#Date;TrdTime;Contract;ContractType;TrdTyp;Currency;TesId;Prc;Qty;TrdInd;Aggressor;Buy;Sell;Exch;InstrumentId;RelatedProdId;PrcDecomp
19.12.2024;12:25:40.697;7PIF SI 20241219 CS;SIMPLE_INSTRUMENT;BLOCK;EUR;72;13.57500000;125;EXCHANGE_LAST;;1;1;XEUR;7029747;48299;
19.12.2024;16:32:40.072;A2SM SI 20261218 CS;SIMPLE_INSTRUMENT;BLOCK;EUR;172;7.90000000;10;EXCHANGE_LAST;;1;1;XEUR;6796961;15;
19.12.2024;16:33:01.377;A2SM SI 20271217 CS;SIMPLE_INSTRUMENT;BLOCK;EUR;173;8.30000000;10;EXCHANGE_LAST;;1;1;XEUR;8369816;15;
19.12.2024;16:33:22.874;A2SM SI 20281215 CS;SIMPLE_INSTRUMENT;BLOCK;EUR;174;8.70000000;10;EXCHANGE_LAST;;1;1;XEUR;9910348;15;
19.12.2024;17:00:30.675;A3BB SI 20250321 CS;SIMPLE_INSTRUMENT;BLOCK;CHF;194;0.00100000;140;EXCHANGE_LAST;;1;1;XEUR;10457883;574519;
19.12.2024;16:36:33.158;ABBG SI 20250321 CS;SIMPLE_INSTRUMENT;BLOCK;CHF;170;48.88000000;1500;EXCHANGE_LAST;;1;1;XEUR;10736154;574520;
19.12.2024;16:54:24.124;ABBG SI 20250321 CS;SIMPLE_INSTRUMENT;BLOCK;CHF;192;48.88000000;2000;EXCHANGE_LAST;;1;1;XEUR;10736154;574520;
19.12.2024;12:50:03.798;ABBN SI 20250117 PS AM P 48.00 0;SIMPLE_INSTRUMENT;BLOCK;CHF;16;0.52000000;1750;EXCHANGE_LAST;;1;1;XEUR;12109186;574517;
19.12.2024;13:47:35.307;ABBN SI 20241220 PS AM P 48.00 0;SIMPLE_INSTRUMENT;BLOCK;CHF;24;0.07000000;1000;EXCHANGE_LAST;;1;1;XEUR;8836250;574517;
19.12.2024;15:12:23.809;ABBN FI 20250115 CS EU C 51.7000 0;FLEXIBLE_INSTRUMENT;BLOCK;CHF;39;0.20000000;2400;EXCHANGE_LAST;;1;1;XEUR;1155389036332853026;574517;
19.12.2024;15:59:30.689;ABBN.O.241219.PDIA.000217;STANDARD_OPTION_STRATEGY;BLOCK;CHF;74;0.38000000;3100;EXCHANGE_LAST;;1;1;XEUR;74525125763936539;574517;
19.12.2024;15:59:30.689;ABBN SI 20250117 PS AM P 49.00 0;SIMPLE_INSTRUMENT;BLOCK;CHF;74;1.14000000;3100;PRC_DECOMP_EXCHANGE;;;;XEUR;12109194;574517;EXCHANGE
19.12.2024;15:59:30.689;ABBN SI 20250221 PS AM P 48.00 0;SIMPLE_INSTRUMENT;BLOCK;CHF;74;1.52000000;3100;PRC_DECOMP_EXCHANGE;;;;XEUR;12279627;574517;EXCHANGE
19.12.2024;10:51:20.883;ACKF SI 20241220 CS;SIMPLE_INSTRUMENT;BLOCK;EUR;46;187.10000000;123;EXCHANGE_LAST;;1;1;XEUR;7030519;37;
19.12.2024;08:28:49.025;ADEN.O.241219.BER.000001;STANDARD_OPTION_STRATEGY;BLOCK;CHF;2;0.96000000;4400;EXCHANGE_LAST;;1;1;XEUR;72057783016514620;44;
19.12.2024;08:28:49.025;ADEN SI 20250117 PS AM P 22.00 0;SIMPLE_INSTRUMENT;BLOCK;CHF;2;0.78000000;4400;PRC_DECOMP_EXCHANGE;;;;XEUR;12067021;44;EXCHANGE
19.12.2024;08:28:49.025;ADEN SI 20250117 PS AM P 23.50 0;SIMPLE_INSTRUMENT;BLOCK;CHF;2;1.74000000;4400;PRC_DECOMP_EXCHANGE;;;;XEUR;12066936;44;EXCHANGE
19.12.2024;08:43:34.765;ADEN SI 20250321 PS AM P 16.00 0;SIMPLE_INSTRUMENT;BLOCK;CHF;3;0.23000000;5000;EXCHANGE_LAST;;1;1;XEUR;10827890;44;
19.12.2024;16:15:58.481;ADSG SI 20250321 CS;SIMPLE_INSTRUMENT;BLOCK;EUR;156;239.00000000;2300;EXCHANGE_LAST;;1;1;XEUR;10692279;48;
19.12.2024;15:22:17.635;ADYF.S.DEC24.MAR25.SPD;FUTURES_SPREAD;BLOCK;EUR;143;-11.75000000;500;EXCHANGE_LAST;;1;1;XEUR;73339680430489658;298509;
19.12.2024;15:22:17.635;ADYF SI 20250321 CS;SIMPLE_INSTRUMENT;BLOCK;EUR;143;1515.01900000;500;PRC_DECOMP_EXCHANGE;;;;XEUR;10728680;298509;EXCHANGE
19.12.2024;15:22:17.635;ADYF SI 20241220 CS;SIMPLE_INSTRUMENT;BLOCK;EUR;143;1503.26900000;500;PRC_DECOMP_EXCHANGE;;;;XEUR;7054833;298509;EXCHANGE
19.12.2024;14:12:26.308;AIR SI 20250620 PS AM P 150.00 0;SIMPLE_INSTRUMENT;BLOCK;EUR;29;6.34000000;300;EXCHANGE_LAST;;1;1;XEUR;11348802;64;
19.12.2024;15:32:29.628;AIR SI 20250221 PS AM P 148.00 0;SIMPLE_INSTRUMENT;BLOCK;EUR;36;2.30000000;500;EXCHANGE_LAST;;1;1;XEUR;12237748;64;
19.12.2024;15:47:21.395;AIR SI 20251219 PS AM P 140.00 0;SIMPLE_INSTRUMENT;BLOCK;EUR;37;6.00000000;600;EXCHANGE_LAST;;1;1;XEUR;11290324;64;
19.12.2024;16:19:01.754;AIR SI 20250221 PS AM P 148.00 0;SIMPLE_INSTRUMENT;BLOCK;EUR;39;2.30000000;500;EXCHANGE_LAST;;1;1;XEUR;12237748;64;
19.12.2024;11:33:56.799;AIXE.O.241219.BRT.000001;STANDARD_OPTION_STRATEGY;BLOCK;EUR;5;-0.19000000;1300;EXCHANGE_LAST;;1;1;XEUR;75170461780017157;724771;
19.12.2024;11:33:56.799;AIXE SI 20250321 PS EU P 24.00 0;SIMPLE_INSTRUMENT;BLOCK;EUR;5;9.41000000;1300;PRC_DECOMP_EXCHANGE;;;;XEUR;10894141;724771;EXCHANGE
19.12.2024;11:33:56.799;AIXE SI 20241220 PS EU P 24.00 0;SIMPLE_INSTRUMENT;BLOCK;EUR;5;9.60000000;1300;PRC_DECOMP_EXCHANGE;;;;XEUR;10051629;724771;EXCHANGE
19.12.2024;15:04:05.076;ALC FI 20250115 CS EU C 78.8500 0;FLEXIBLE_INSTRUMENT;BLOCK;CHF;36;0.41000000;920;EXCHANGE_LAST;;1;1;XEUR;1153480425880954655;130134;
19.12.2024;15:32:56.451;AMGF SI 20250321 CS;SIMPLE_INSTRUMENT;BLOCK;USD;146;258.26430000;120;EXCHANGE_LAST;;1;1;XEUR;10693096;83;
19.12.2024;09:50:10.184;ANN.O.241219.BER.000014;STANDARD_OPTION_STRATEGY;BLOCK;EUR;6;1.35000000;3200;EXCHANGE_LAST;;1;1;XEUR;72251735149668254;45202;
19.12.2024;09:50:10.184;ANN SI 20261218 PS AM P 18.00 0;SIMPLE_INSTRUMENT;BLOCK;EUR;6;0.82000000;3200;PRC_DECOMP_EXCHANGE;;;;XEUR;7983756;45202;EXCHANGE
19.12.2024;09:50:10.184;ANN SI 20261218 PS AM P 23.00 0;SIMPLE_INSTRUMENT;BLOCK;EUR;6;2.17000000;3200;PRC_DECOMP_EXCHANGE;;;;XEUR;12418558;45202;EXCHANGE
19.12.2024;13:52:32.973;ANN.O.241219.RBER.000028;STANDARD_OPTION_STRATEGY;BLOCK;EUR;22;-0.58000000;1000;EXCHANGE_LAST;;1;1;XEUR;72251735149668268;45202;
19.12.2024;13:52:32.973;ANN SI 20250321 PS AM P 28.00 0;SIMPLE_INSTRUMENT;BLOCK;EUR;22;1.20000000;1000;PRC_DECOMP_EXCHANGE;;;;XEUR;10865134;45202;EXCHANGE
19.12.2024;13:52:32.973;ANN SI 20250321 PS AM P 24.00 0;SIMPLE_INSTRUMENT;BLOCK;EUR;22;0.31000000;2000;PRC_DECOMP_EXCHANGE;;;;XEUR;10865121;45202;EXCHANGE
19.12.2024;09:46:28.196;ARC SI 20241220 PS AM C 60.00 0;SIMPLE_INSTRUMENT;BLOCK;EUR;3;0.34000000;1250;EXCHANGE_LAST;;1;1;XEUR;9021370;524979;
19.12.2024;10:56:57.623;ASG5 SI 20250619 PS AM P 24.00 0;SIMPLE_INSTRUMENT;BLOCK;EUR;7;0.84000000;25000;EXCHANGE_LAST;;2;2;XEUR;7889072;109;
19.12.2024;16:33:16.881;ASG5 SI 20241219 PS AM C 27.00 0;SIMPLE_INSTRUMENT;BLOCK;EUR;22;0.04000000;1500;EXCHANGE_LAST;;1;1;XEUR;11862602;109;
19.12.2024;14:37:26.126;ASM.O.241219.CNV.000010;STANDARD_OPTION_STRATEGY;BLOCK;EUR;13;10.40000000;220;EXCHANGE_LAST;;1;1;XEUR;72058053599445236;107;
19.12.2024;14:37:26.126;ASM SI 20241220 PS AM C 680.00 0;SIMPLE_INSTRUMENT;BLOCK;EUR;13;13.98000000;220;PRC_DECOMP_EXCHANGE;;;;XEUR;10395665;107;EXCHANGE
19.12.2024;14:37:26.126;ASM SI 20241220 PS AM P 680.00 0;SIMPLE_INSTRUMENT;BLOCK;EUR;13;3.58000000;220;PRC_DECOMP_EXCHANGE;;;;XEUR;10395669;107;EXCHANGE
19.12.2024;14:08:57.617;ASMH SI 20241220 CS;SIMPLE_INSTRUMENT;BLOCK;EUR;121;695.00000000;88;EXCHANGE_LAST;;1;1;XEUR;7047762;3979;
19.12.2024;13:10:47.147;AXAG SI 20241220 CS;SIMPLE_INSTRUMENT;BLOCK;EUR;99;33.65000000;2500;EXCHANGE_LAST;;1;1;XEUR;7031589;125;
19.12.2024;13:50:51.168;B2MW SI 20250321 CS;SIMPLE_INSTRUMENT;BLOCK;EUR;115;0.00100000;320;EXCHANGE_LAST;;1;1;XEUR;10395737;128;
19.12.2024;16:42:38.371;B2NP SI 20251219 CS;SIMPLE_INSTRUMENT;BLOCK;EUR;186;5.23000000;370;EXCHANGE_LAST;;2;1;XEUR;5914355;131;
19.12.2024;16:40:51.511;B2NP SI 20261218 CS;SIMPLE_INSTRUMENT;BLOCK;EUR;189;4.36000000;119;EXCHANGE_LAST;;1;1;XEUR;6798320;131;
19.12.2024;15:09:25.116;BAEN FI 20250115 CS EU C 59.8000 0;FLEXIBLE_INSTRUMENT;BLOCK;CHF;38;0.32000000;400;EXCHANGE_LAST;;1;1;XEUR;1152922187506659057;159;
19.12.2024;13:55:27.994;BALF SI 20241220 CS;SIMPLE_INSTRUMENT;BLOCK;CHF;120;161.30000000;400;EXCHANGE_LAST;;1;1;XEUR;7031644;146;
19.12.2024;12:48:36.617;BARN SI 20250620 PS AM P 1120.00 0;SIMPLE_INSTRUMENT;BLOCK;CHF;11;42.75000000;100;EXCHANGE_LAST;;1;1;XEUR;9539114;149;
19.12.2024;15:17:02.464;BARN FI 20250115 CS EU C 1260.0000 0;FLEXIBLE_INSTRUMENT;BLOCK;CHF;43;6.30000000;160;EXCHANGE_LAST;;1;1;XEUR;1152922144556980092;149;
19.12.2024;09:41:32.015;BAS SI 20241220 PS AM P 42.00 0;SIMPLE_INSTRUMENT;BLOCK;EUR;2;0.14000000;1000;EXCHANGE_LAST;;1;1;XEUR;7509964;150;
19.12.2024;11:00:48.235;BAS.O.241219.CNV.000009;STANDARD_OPTION_STRATEGY;BLOCK;EUR;4;0.90000000;500;EXCHANGE_LAST;;1;1;XEUR;72058238283090051;150;
19.12.2024;11:00:48.235;BAS SI 20241220 PS AM P 42.00 0;SIMPLE_INSTRUMENT;BLOCK;EUR;4;0.01000000;500;PRC_DECOMP_EXCHANGE;;;;XEUR;7509964;150;EXCHANGE
19.12.2024;11:00:48.235;BAS SI 20241220 PS AM C 42.00 0;SIMPLE_INSTRUMENT;BLOCK;EUR;4;0.91000000;500;PRC_DECOMP_EXCHANGE;;;;XEUR;7509961;150;EXCHANGE
19.12.2024;12:46:26.924;BAS SI 20250221 PS AM C 45.00 0;SIMPLE_INSTRUMENT;BLOCK;EUR;7;0.94000000;2000;EXCHANGE_LAST;;1;1;XEUR;12238987;150;
19.12.2024;15:36:54.554;BAS.N.241219.000015;NON_STANDARD_OPTION_STRATEGY;BLOCK;EUR;10;3.60000000;2000;EXCHANGE_LAST;;2;1;XEUR;72058238283090057;150;
19.12.2024;15:36:54.554;BAS SI 20250919 PS AM C 48.00 0;SIMPLE_INSTRUMENT;BLOCK;EUR;10;1.40000000;2000;PRC_DECOMP_MEMBER;;;;XEUR;11873025;150;MEMBER
19.12.2024;15:36:54.554;BAS SI 20260619 PS AM C 48.00 0;SIMPLE_INSTRUMENT;BLOCK;EUR;10;2.50000000;4000;PRC_DECOMP_MEMBER;;;;XEUR;9539354;150;MEMBER
19.12.2024;16:37:54.862;BAS.O.241219.PDIA.000021;STANDARD_OPTION_STRATEGY;BLOCK;EUR;12;0.51000000;1750;EXCHANGE_LAST;;1;2;XEUR;72058238283090063;150;
19.12.2024;16:37:54.862;BAS SI 20250321 PS AM P 42.00 0;SIMPLE_INSTRUMENT;BLOCK;EUR;12;1.82000000;1750;PRC_DECOMP_EXCHANGE;;;;XEUR;10830938;150;EXCHANGE
19.12.2024;16:37:54.862;BAS SI 20241220 PS AM P 44.00 0;SIMPLE_INSTRUMENT;BLOCK;EUR;12;1.31000000;1750;PRC_DECOMP_EXCHANGE;;;;XEUR;4705204;150;EXCHANGE
19.12.2024;16:36:36.076;BAS SI 20250103 PS AM C 44.00 0;SIMPLE_INSTRUMENT;BLOCK;EUR;13;0.32000000;3000;EXCHANGE_LAST;;1;1;XEUR;12312399;150;
19.12.2024;14:48:15.226;BASG SI 20241220 CS;SIMPLE_INSTRUMENT;BLOCK;EUR;133;42.77000000;827;EXCHANGE_LAST;;1;1;XEUR;7032007;171;
19.12.2024;09:07:25.715;BAY SI 20251219 PS AM P 18.00 0;SIMPLE_INSTRUMENT;BLOCK;EUR;1;2.23000000;1000;EXCHANGE_LAST;;1;1;XEUR;8112351;168;
19.12.2024;10:06:00.394;BAYG SI 20241220 CS;SIMPLE_INSTRUMENT;BLOCK;EUR;30;19.02600000;2000;EXCHANGE_LAST;;1;1;XEUR;7051807;76034;
19.12.2024;13:17:40.327;BAYG SI 20241220 CS;SIMPLE_INSTRUMENT;BLOCK;EUR;98;19.00000000;7500;EXCHANGE_LAST;;1;1;XEUR;7051807;76034;
19.12.2024;13:13:54.917;BBVG SI 20241220 CS;SIMPLE_INSTRUMENT;BLOCK;EUR;103;9.41090000;16000;EXCHANGE_LAST;;1;1;XEUR;7031975;163;
19.12.2024;08:46:31.782;BMW SI 20241220 PS AM P 76.00 0;SIMPLE_INSTRUMENT;BLOCK;EUR;3;0.20000000;400;EXCHANGE_LAST;;1;1;XEUR;4640268;210;
19.12.2024;09:30:40.864;BMW SI 20241220 PS AM P 76.00 0;SIMPLE_INSTRUMENT;BLOCK;EUR;6;0.09000000;1000;EXCHANGE_LAST;;1;1;XEUR;4640268;210;
19.12.2024;14:30:39.856;BMW SI 20250321 PS AM C 80.00 0;SIMPLE_INSTRUMENT;BLOCK;EUR;15;3.78000000;1000;EXCHANGE_LAST;;2;1;XEUR;10832595;210;
19.12.2024;13:50:39.012;BMWF SI 20250321 CS;SIMPLE_INSTRUMENT;BLOCK;EUR;114;78.65000000;4000;EXCHANGE_LAST;;1;1;XEUR;10695616;239;
19.12.2024;16:10:09.640;BNP SI 20241220 PS AM C 58.00 0;SIMPLE_INSTRUMENT;BLOCK;EUR;38;0.34000000;1000;EXCHANGE_LAST;;1;1;XEUR;11874785;237;
19.12.2024;16:41:48.551;BNP SI 20251219 PS AM P 58.00 0;SIMPLE_INSTRUMENT;BLOCK;EUR;42;7.11000000;5000;EXCHANGE_LAST;;1;1;XEUR;12372406;237;
19.12.2024;09:11:19.502;BNPH SI 20241220 CS;SIMPLE_INSTRUMENT;BLOCK;EUR;8;58.00000000;450;EXCHANGE_LAST;;1;1;XEUR;7032636;236;
19.12.2024;10:00:48.709;BNPH SI 20241220 CS;SIMPLE_INSTRUMENT;BLOCK;EUR;29;58.00000000;5000;EXCHANGE_LAST;;1;1;XEUR;7032636;236;
19.12.2024;10:16:00.055;BNPH SI 20241220 CS;SIMPLE_INSTRUMENT;BLOCK;EUR;31;57.75000000;7500;EXCHANGE_LAST;;1;1;XEUR;7032636;236;
19.12.2024;10:23:48.824;BNPH SI 20241220 CS;SIMPLE_INSTRUMENT;BLOCK;EUR;38;57.55000000;4000;EXCHANGE_LAST;;1;1;XEUR;7032636;236;
19.12.2024;10:33:58.132;BNPH SI 20241220 CS;SIMPLE_INSTRUMENT;BLOCK;EUR;42;57.70500000;3300;EXCHANGE_LAST;;1;1;XEUR;7032636;236;
19.12.2024;12:01:09.565;BNPH SI 20241220 CS;SIMPLE_INSTRUMENT;BLOCK;EUR;64;57.69000000;5250;EXCHANGE_LAST;;1;1;XEUR;7032636;236;
19.12.2024;14:53:41.506;BPV SI 20250619 PS AM P 7.20 0;SIMPLE_INSTRUMENT;BLOCK;EUR;18;0.53500000;99409;EXCHANGE_LAST;;1;1;XEUR;9530828;251;
19.12.2024;14:54:28.611;BPV SI 20250619 PS AM P 5.60 0;SIMPLE_INSTRUMENT;BLOCK;EUR;19;0.08500000;99409;EXCHANGE_LAST;;1;1;XEUR;9530886;251;
19.12.2024;11:05:38.151;BSN SI 20241220 PS AM C 64.00 0;SIMPLE_INSTRUMENT;BLOCK;EUR;13;0.54000000;500;EXCHANGE_LAST;;1;1;XEUR;4640743;241;
19.12.2024;10:57:28.463;BSNH SI 20241220 CS;SIMPLE_INSTRUMENT;BLOCK;EUR;48;64.38000000;4000;EXCHANGE_LAST;;1;1;XEUR;7032984;274;
19.12.2024;12:42:44.653;BTAF SI 20241220 CS;SIMPLE_INSTRUMENT;BLOCK;GBX;79;145.55000000;3750;EXCHANGE_LAST;;1;1;XEUR;7032969;272;
19.12.2024;16:37:06.412;C4RI SI 20261218 CS;SIMPLE_INSTRUMENT;BLOCK;EUR;181;2.67000000;100;EXCHANGE_LAST;;1;1;XEUR;6821680;50862;
19.12.2024;09:58:09.996;CAR SI 20250117 PS AM P 13.20 0;SIMPLE_INSTRUMENT;BLOCK;EUR;8;0.15000000;2000;EXCHANGE_LAST;;1;1;XEUR;12070829;265;
19.12.2024;11:30:45.982;CBK SI 20250321 PS AM C 16.00 0;SIMPLE_INSTRUMENT;BLOCK;EUR;3;0.83000000;7000;EXCHANGE_LAST;;1;3;XEUR;10833939;268;
19.12.2024;12:56:59.379;CFR SI 20241220 PS AM P 130.00 0;SIMPLE_INSTRUMENT;BLOCK;CHF;14;0.07000000;750;EXCHANGE_LAST;;1;1;XEUR;10400562;313;
19.12.2024;15:32:22.065;CFR FI 20250115 CS EU C 140.5000 0;FLEXIBLE_INSTRUMENT;BLOCK;CHF;56;1.20000000;444;EXCHANGE_LAST;;1;1;XEUR;1152922848931626652;313;
19.12.2024;15:33:10.766;CFR FI 20250115 CS EU C 140.5000 0;FLEXIBLE_INSTRUMENT;BLOCK;CHF;57;1.27000000;356;EXCHANGE_LAST;;1;1;XEUR;1152922848931626652;313;
19.12.2024;12:18:28.485;CFRL SI 20241220 CS;SIMPLE_INSTRUMENT;BLOCK;CHF;62;134.00000000;3775;EXCHANGE_LAST;;3;1;XEUR;10093261;729453;
19.12.2024;16:14:26.220;CFRL SI 20241220 CS;SIMPLE_INSTRUMENT;BLOCK;CHF;160;134.40000000;1225;EXCHANGE_LAST;;1;1;XEUR;10093261;729453;
19.12.2024;13:27:23.394;CLNG SI 20250321 CS;SIMPLE_INSTRUMENT;BLOCK;CHF;107;9.92980000;10100;EXCHANGE_LAST;;1;1;XEUR;10728523;269161;
19.12.2024;16:26:50.496;CON SI 20241220 PS AM C 64.00 0;SIMPLE_INSTRUMENT;BLOCK;EUR;20;0.55000000;1000;EXCHANGE_LAST;;1;1;XEUR;10454317;414620;
19.12.2024;11:12:42.180;CONI SI 20241220 CS;SIMPLE_INSTRUMENT;BLOCK;EUR;51;64.65000000;1700;EXCHANGE_LAST;;1;1;XEUR;7057399;414627;
19.12.2024;09:06:49.600;CR5J.S.DEC24.MAR25.SPD;FUTURES_SPREAD;BLOCK;EUR;9;-0.28000000;2100;EXCHANGE_LAST;;1;1;XEUR;72276040369569948;50861;
19.12.2024;09:06:49.600;CR5J SI 20241219 CS;SIMPLE_INSTRUMENT;BLOCK;EUR;9;38.72530000;2100;PRC_DECOMP_EXCHANGE;;;;XEUR;7029763;50861;EXCHANGE
19.12.2024;09:06:49.600;CR5J SI 20250320 CS;SIMPLE_INSTRUMENT;BLOCK;EUR;9;39.00530000;2100;PRC_DECOMP_EXCHANGE;;;;XEUR;10689747;50861;EXCHANGE
19.12.2024;12:22:18.879;CR5J SI 20241219 CS;SIMPLE_INSTRUMENT;BLOCK;EUR;70;38.51000000;2100;EXCHANGE_LAST;;1;1;XEUR;7029763;50861;
19.12.2024;16:56:06.315;CRI5.O.241219.BUL.000001;STANDARD_OPTION_STRATEGY;BLOCK;EUR;23;0.92000000;86983;EXCHANGE_LAST;;1;1;XEUR;72058968427474640;320;
19.12.2024;16:56:06.315;CRI5 SI 20250619 PS AM C 40.00 0;SIMPLE_INSTRUMENT;BLOCK;EUR;23;1.85000000;86983;PRC_DECOMP_MEMBER;;;;XEUR;9531009;320;MEMBER
19.12.2024;16:56:06.315;CRI5 SI 20250619 PS AM C 44.00 0;SIMPLE_INSTRUMENT;BLOCK;EUR;23;0.93000000;86983;PRC_DECOMP_MEMBER;;;;XEUR;9543488;320;MEMBER
19.12.2024;14:08:06.848;CSF SI 20250620 PS AM C 150.00 0;SIMPLE_INSTRUMENT;BLOCK;EUR;28;5.20000000;400;EXCHANGE_LAST;;1;1;XEUR;11355079;333;
19.12.2024;12:17:33.819;D3AI SI 20251219 CS;SIMPLE_INSTRUMENT;BLOCK;EUR;66;4.00000000;200;EXCHANGE_LAST;;1;1;XEUR;7144062;443197;
19.12.2024;13:51:31.974;D3AI SI 20250321 CS;SIMPLE_INSTRUMENT;BLOCK;EUR;117;0.00100000;440;EXCHANGE_LAST;;1;1;XEUR;10455192;443197;
19.12.2024;16:42:08.348;D3AI SI 20251219 CS;SIMPLE_INSTRUMENT;BLOCK;EUR;183;4.00000000;100;EXCHANGE_LAST;;1;1;XEUR;7144062;443197;
19.12.2024;09:19:24.521;DAI SI 20250919 PS AM P 46.00 0;SIMPLE_INSTRUMENT;BLOCK;EUR;5;2.60000000;1500;EXCHANGE_LAST;;1;1;XEUR;11925593;443196;
19.12.2024;11:06:09.538;DAI SI 20261218 PS AM P 44.00 0;SIMPLE_INSTRUMENT;BLOCK;EUR;11;4.85000000;750;EXCHANGE_LAST;;1;1;XEUR;7491316;443196;
19.12.2024;11:44:48.259;DAI SI 20250620 PS AM C 60.00 0;SIMPLE_INSTRUMENT;BLOCK;EUR;12;1.51000000;1000;EXCHANGE_LAST;;1;1;XEUR;7934293;443196;
19.12.2024;14:07:24.237;DAI SI 20241220 PS AM C 55.00 0;SIMPLE_INSTRUMENT;BLOCK;EUR;13;0.06000000;750;EXCHANGE_LAST;;1;1;XEUR;11925520;443196;
19.12.2024;14:24:27.700;DAI.O.241219.PDIA.000031;STANDARD_OPTION_STRATEGY;BLOCK;EUR;14;1.00000000;750;EXCHANGE_LAST;;1;1;XEUR;73961106363662432;443196;
19.12.2024;14:24:27.700;DAI SI 20250620 PS AM P 52.00 0;SIMPLE_INSTRUMENT;BLOCK;EUR;14;4.26000000;750;PRC_DECOMP_EXCHANGE;;;;XEUR;7934288;443196;EXCHANGE
19.12.2024;14:24:27.700;DAI SI 20250321 PS AM P 55.00 0;SIMPLE_INSTRUMENT;BLOCK;EUR;14;3.26000000;750;PRC_DECOMP_EXCHANGE;;;;XEUR;12363780;443196;EXCHANGE
19.12.2024;13:51:08.669;DAIG SI 20250321 CS;SIMPLE_INSTRUMENT;BLOCK;EUR;116;54.45000000;5500;EXCHANGE_LAST;;1;1;XEUR;10734482;443203;
19.12.2024;14:14:28.366;DAIG SI 20241220 CS;SIMPLE_INSTRUMENT;BLOCK;EUR;123;54.11000000;250;EXCHANGE_LAST;;1;1;XEUR;7144297;443203;
19.12.2024;11:38:05.591;DPW.O.241219.STG.000017;STANDARD_OPTION_STRATEGY;BLOCK;EUR;13;2.35000000;1500;EXCHANGE_LAST;;1;1;XEUR;72059505298414310;445;
19.12.2024;11:38:05.591;DPW SI 20250321 PS AM C 36.00 0;SIMPLE_INSTRUMENT;BLOCK;EUR;13;0.73000000;1500;PRC_DECOMP_EXCHANGE;;;;XEUR;10836841;445;EXCHANGE
19.12.2024;11:38:05.591;DPW SI 20250321 PS AM P 34.00 0;SIMPLE_INSTRUMENT;BLOCK;EUR;13;1.62000000;1500;PRC_DECOMP_EXCHANGE;;;;XEUR;10836847;445;EXCHANGE
19.12.2024;13:08:48.316;DPW SI 20241220 PS AM P 34.00 0;SIMPLE_INSTRUMENT;BLOCK;EUR;21;0.36000000;1138;EXCHANGE_LAST;;1;1;XEUR;10403041;445;
19.12.2024;09:10:35.245;DTE SI 20241220 PS AM C 29.50 0;SIMPLE_INSTRUMENT;BLOCK;EUR;4;0.12000000;2000;EXCHANGE_LAST;;1;1;XEUR;11878489;424;
19.12.2024;10:02:10.218;DTEF SI 20241220 CS;SIMPLE_INSTRUMENT;BLOCK;EUR;24;29.44000000;5000;EXCHANGE_LAST;;1;1;XEUR;7034388;430;
19.12.2024;16:41:43.777;E2NT SI 20261218 CS;SIMPLE_INSTRUMENT;BLOCK;EUR;185;0.94000000;650;EXCHANGE_LAST;;2;1;XEUR;4632357;470;
19.12.2024;14:43:51.947;EADF SI 20241220 CS;SIMPLE_INSTRUMENT;BLOCK;EUR;131;157.50000000;720;EXCHANGE_LAST;;1;1;XEUR;7034890;464;
19.12.2024;12:39:31.524;ENL5 SI 20261217 PS AM C 7.20 0;SIMPLE_INSTRUMENT;BLOCK;EUR;10;0.32500000;1000;EXCHANGE_LAST;;1;1;XEUR;7147816;500;
19.12.2024;13:06:47.411;ENL5.O.241219.STD.000001;STANDARD_OPTION_STRATEGY;BLOCK;EUR;11;1.08000000;1000;EXCHANGE_LAST;;1;1;XEUR;72059741521585557;500;
19.12.2024;13:06:47.411;ENL5 SI 20251218 PS AM P 7.00 0;SIMPLE_INSTRUMENT;BLOCK;EUR;11;0.75400000;1000;PRC_DECOMP_EXCHANGE;;;;XEUR;6960713;500;EXCHANGE
19.12.2024;13:06:47.411;ENL5 SI 20251218 PS AM C 7.00 0;SIMPLE_INSTRUMENT;BLOCK;EUR;11;0.32600000;1000;PRC_DECOMP_EXCHANGE;;;;XEUR;6960712;500;EXCHANGE
19.12.2024;10:33:42.702;ENLH SI 20241219 CS;SIMPLE_INSTRUMENT;BLOCK;EUR;41;6.80000000;7000;EXCHANGE_LAST;;1;1;XEUR;7935846;524976;
19.12.2024;10:20:03.234;ENR SI 20250919 PS AM C 46.00 0;SIMPLE_INSTRUMENT;BLOCK;EUR;8;11.35000000;800;EXCHANGE_LAST;;1;1;XEUR;11919397;298530;
19.12.2024;14:42:30.478;ENT5.O.241219.STD.000001;STANDARD_OPTION_STRATEGY;BLOCK;EUR;16;3.20000000;1500;EXCHANGE_LAST;;2;1;XEUR;72059728636684195;497;
19.12.2024;14:42:30.478;ENT5 SI 20271216 PS AM P 12.00 0;SIMPLE_INSTRUMENT;BLOCK;EUR;16;1.86550000;1500;PRC_DECOMP_EXCHANGE;;;;XEUR;8765008;497;EXCHANGE
19.12.2024;14:42:30.478;ENT5 SI 20271216 PS AM C 12.00 0;SIMPLE_INSTRUMENT;BLOCK;EUR;16;1.33450000;1500;PRC_DECOMP_EXCHANGE;;;;XEUR;8765007;497;EXCHANGE
19.12.2024;09:06:09.303;EUCO SI 20250110 PS EU C 1.0300 0;SIMPLE_INSTRUMENT;BLOCK;USD;1;0.01430000;1;EXCHANGE_LAST;;1;1;XEUR;11010961;369370;
19.12.2024;16:40:15.956;F3IA SI 20251219 CS;SIMPLE_INSTRUMENT;BLOCK;EUR;187;0.45800000;308;EXCHANGE_LAST;;1;1;XEUR;6633988;390387;
19.12.2024;13:57:38.988;F3TE SI 20271217 CS;SIMPLE_INSTRUMENT;BLOCK;EUR;118;0.62000000;600;EXCHANGE_LAST;;1;1;XEUR;6633916;390379;
19.12.2024;15:12:27.184;FATX SI 20241220 CS;SIMPLE_INSTRUMENT;BLOCK;EUR;15;3580.00000000;413;EXCHANGE_LAST;;1;1;XEUR;10863639;28699;
19.12.2024;17:00:32.703;FATX SI 20241220 CS;SIMPLE_INSTRUMENT;EFP_IDX;EUR;45;3590.00000000;17;EXCHANGE_LAST;;1;1;XEUR;10863639;28699;
19.12.2024;17:00:52.616;FATX SI 20241220 CS;SIMPLE_INSTRUMENT;EFP_IDX;EUR;47;3590.50000000;396;EXCHANGE_LAST;;1;1;XEUR;10863639;28699;
19.12.2024;09:01:57.369;FBTP SI 20250306 PS;SIMPLE_INSTRUMENT;EFP_FIN;EUR;1;120.57000000;571;EXCHANGE_LAST;;1;1;XEUR;11286675;636;
19.12.2024;10:44:21.132;FBTP SI 20250306 PS;SIMPLE_INSTRUMENT;EFP_FIN;EUR;2;120.52000000;278;EXCHANGE_LAST;;1;1;XEUR;11286675;636;
19.12.2024;10:47:04.046;FBTP SI 20250306 PS;SIMPLE_INSTRUMENT;EFP_FIN;EUR;3;120.54000000;952;EXCHANGE_LAST;;1;1;XEUR;11286675;636;
19.12.2024;11:49:14.236;FBTP SI 20250306 PS;SIMPLE_INSTRUMENT;EFP_FIN;EUR;4;120.43000000;92;EXCHANGE_LAST;;1;1;XEUR;11286675;636;
19.12.2024;12:03:46.903;FBTP SI 20250306 PS;SIMPLE_INSTRUMENT;EFP_FIN;EUR;5;120.52000000;1137;EXCHANGE_LAST;;1;1;XEUR;11286675;636;
19.12.2024;13:17:03.983;FBTP SI 20250306 PS;SIMPLE_INSTRUMENT;EFP_FIN;EUR;6;120.61000000;114;EXCHANGE_LAST;;1;1;XEUR;11286675;636;
19.12.2024;13:30:09.340;FBTP SI 20250306 PS;SIMPLE_INSTRUMENT;EFP_FIN;EUR;7;120.57000000;472;EXCHANGE_LAST;;1;1;XEUR;11286675;636;
19.12.2024;13:33:09.349;FBTP SI 20250306 PS;SIMPLE_INSTRUMENT;EFP_FIN;EUR;8;120.57000000;355;EXCHANGE_LAST;;1;1;XEUR;11286675;636;
19.12.2024;13:36:21.360;FBTP SI 20250306 PS;SIMPLE_INSTRUMENT;EFP_FIN;EUR;9;120.57000000;129;EXCHANGE_LAST;;1;1;XEUR;11286675;636;
19.12.2024;13:38:56.369;FBTP SI 20250306 PS;SIMPLE_INSTRUMENT;EFP_FIN;EUR;10;120.57000000;632;EXCHANGE_LAST;;1;1;XEUR;11286675;636;
19.12.2024;13:39:59.872;FBTP SI 20250306 PS;SIMPLE_INSTRUMENT;EFP_FIN;EUR;11;120.57000000;355;EXCHANGE_LAST;;1;1;XEUR;11286675;636;
19.12.2024;13:44:11.885;FBTP SI 20250306 PS;SIMPLE_INSTRUMENT;EFP_FIN;EUR;12;120.57000000;113;EXCHANGE_LAST;;1;1;XEUR;11286675;636;
19.12.2024;13:54:12.697;FBTP SI 20250306 PS;SIMPLE_INSTRUMENT;EFP_FIN;EUR;13;120.50000000;345;EXCHANGE_LAST;;1;1;XEUR;11286675;636;
19.12.2024;15:10:38.245;FBTP SI 20250306 PS;SIMPLE_INSTRUMENT;EFP_FIN;EUR;14;120.40000000;428;EXCHANGE_LAST;;1;1;XEUR;11286675;636;
19.12.2024;16:09:13.966;FBTP SI 20250306 PS;SIMPLE_INSTRUMENT;EFP_FIN;EUR;15;120.37000000;313;EXCHANGE_LAST;;1;1;XEUR;11286675;636;
19.12.2024;16:57:34.302;FBTP SI 20250306 PS;SIMPLE_INSTRUMENT;EFP_FIN;EUR;16;120.46000000;150;EXCHANGE_LAST;;1;1;XEUR;11286675;636;
19.12.2024;15:19:53.432;FBTP SI 20250306 PS;SIMPLE_INSTRUMENT;VOLA;EUR;268435561;120.50000000;7;EXCHANGE_LAST;;1;1;XEUR;11286675;636;
19.12.2024;15:22:11.887;FBTP SI 20250306 PS;SIMPLE_INSTRUMENT;VOLA;EUR;268435569;120.50000000;8;EXCHANGE_LAST;;1;1;XEUR;11286675;636;
19.12.2024;09:24:02.722;FBTS SI 20250306 PS;SIMPLE_INSTRUMENT;BLOCK;EUR;1;107.52000000;1697;EXCHANGE_LAST;;1;1;XEUR;11286677;639;
19.12.2024;09:33:01.238;FBTS SI 20250306 PS;SIMPLE_INSTRUMENT;EFP_FIN;EUR;2;107.53000000;319;EXCHANGE_LAST;;1;1;XEUR;11286677;639;
19.12.2024;09:37:25.756;FBTS SI 20250306 PS;SIMPLE_INSTRUMENT;EFP_FIN;EUR;3;107.49000000;364;EXCHANGE_LAST;;1;1;XEUR;11286677;639;
19.12.2024;12:25:18.048;FBTS SI 20250306 PS;SIMPLE_INSTRUMENT;EFP_FIN;EUR;9;107.54000000;80;EXCHANGE_LAST;;1;1;XEUR;11286677;639;
19.12.2024;14:31:04.666;FBTS SI 20250306 PS;SIMPLE_INSTRUMENT;BLOCK;EUR;11;107.53000000;176;EXCHANGE_LAST;;1;1;XEUR;11286677;639;
19.12.2024;16:10:58.066;FCEU SI 20250317 PS;SIMPLE_INSTRUMENT;BLOCK;USD;1;1.04140000;1917;EXCHANGE_LAST;;1;1;XEUR;9136240;369376;
19.12.2024;10:48:39.663;FD3D SI 20251219 CS;SIMPLE_INSTRUMENT;BLOCK;EUR;14;102.70000000;125;EXCHANGE_LAST;;1;1;XEUR;5914068;588;
19.12.2024;10:48:44.565;FD3D SI 20251219 CS;SIMPLE_INSTRUMENT;BLOCK;EUR;15;102.80000000;125;EXCHANGE_LAST;;1;1;XEUR;5914068;588;
19.12.2024;11:07:53.433;FD3D.S.DEC26.DEC27.SPD;FUTURES_SPREAD;BLOCK;EUR;19;2.50000000;1250;EXCHANGE_LAST;;1;2;XEUR;72060119478700064;588;
19.12.2024;11:07:53.433;FD3D SI 20261218 CS;SIMPLE_INSTRUMENT;BLOCK;EUR;19;99.50000000;1250;PRC_DECOMP_MEMBER;;;;XEUR;7158183;588;MEMBER
19.12.2024;11:07:53.433;FD3D SI 20271217 CS;SIMPLE_INSTRUMENT;BLOCK;EUR;19;97.00000000;1250;PRC_DECOMP_MEMBER;;;;XEUR;8782208;588;MEMBER
19.12.2024;09:53:55.812;FDAX SI 20241220 CS;SIMPLE_INSTRUMENT;BLOCK;EUR;1;20072.00000000;260;EXCHANGE_LAST;;1;1;XEUR;7296065;589;
19.12.2024;09:54:02.905;FDAX SI 20241220 CS;SIMPLE_INSTRUMENT;EFP_IDX;EUR;2;20072.00000000;150;EXCHANGE_LAST;;1;1;XEUR;7296065;589;
19.12.2024;10:05:40.121;FDAX SI 20241220 CS;SIMPLE_INSTRUMENT;EFP_IDX;EUR;3;20050.00000000;200;EXCHANGE_LAST;;1;1;XEUR;7296065;589;
19.12.2024;10:02:03.401;FDAX SI 20241220 CS;SIMPLE_INSTRUMENT;BLOCK;EUR;4;20050.00000000;400;EXCHANGE_LAST;;1;1;XEUR;7296065;589;
19.12.2024;10:06:51.116;FDAX SI 20241220 CS;SIMPLE_INSTRUMENT;EFP_IDX;EUR;5;20050.00000000;100;EXCHANGE_LAST;;1;1;XEUR;7296065;589;
19.12.2024;10:14:15.942;FDAX SI 20241220 CS;SIMPLE_INSTRUMENT;EFP_IDX;EUR;6;20050.00000000;150;EXCHANGE_LAST;;1;1;XEUR;7296065;589;
19.12.2024;11:49:39.478;FDAX SI 20241220 CS;SIMPLE_INSTRUMENT;EFP_IDX;EUR;7;20072.00000000;100;EXCHANGE_LAST;;1;1;XEUR;7296065;589;
19.12.2024;12:28:29.279;FDAX SI 20241220 CS;SIMPLE_INSTRUMENT;EFP_IDX;EUR;8;20032.00000000;200;EXCHANGE_LAST;;1;1;XEUR;7296065;589;
19.12.2024;16:16:49.689;FDAX SI 20241220 CS;SIMPLE_INSTRUMENT;EFP_IDX;EUR;9;19990.00000000;200;EXCHANGE_LAST;;1;1;XEUR;7296065;589;
19.12.2024;16:23:00.206;FDAX SI 20241220 CS;SIMPLE_INSTRUMENT;EFP_IDX;EUR;10;19980.00000000;120;EXCHANGE_LAST;;1;1;XEUR;7296065;589;
19.12.2024;16:47:51.744;FDAX SI 20241220 CS;SIMPLE_INSTRUMENT;EFP_IDX;EUR;11;19990.00000000;150;EXCHANGE_LAST;;1;1;XEUR;7296065;589;
19.12.2024;13:45:39.292;FDAX SI 20250321 CS;SIMPLE_INSTRUMENT;VOLA;EUR;671088654;20264.00000000;37;EXCHANGE_LAST;;1;1;XEUR;7561255;589;
19.12.2024;16:30:17.042;FDAX SI 20250321 CS;SIMPLE_INSTRUMENT;VOLA;EUR;671088662;20170.00000000;40;EXCHANGE_LAST;;1;1;XEUR;7561255;589;
19.12.2024;16:30:28.304;FDAX SI 20250321 CS;SIMPLE_INSTRUMENT;VOLA;EUR;671088663;20170.00000000;25;EXCHANGE_LAST;;1;1;XEUR;7561255;589;
19.12.2024;13:40:24.381;FEBD SI 20251219 CS;SIMPLE_INSTRUMENT;BLOCK;EUR;29;10.30000000;1000;EXCHANGE_LAST;;1;1;XEUR;5914075;597;
19.12.2024;14:07:11.750;FEBD SI 20251219 CS;SIMPLE_INSTRUMENT;BLOCK;EUR;32;10.30000000;500;EXCHANGE_LAST;;1;1;XEUR;5914075;597;
19.12.2024;15:16:11.862;FEBD SI 20251219 CS;SIMPLE_INSTRUMENT;BLOCK;EUR;33;10.29000000;250;EXCHANGE_LAST;;1;1;XEUR;5914075;597;
19.12.2024;11:28:03.228;FEDV SI 20250321 CS;SIMPLE_INSTRUMENT;BLOCK;EUR;20;1607.50000000;126;EXCHANGE_LAST;;1;1;XEUR;11359068;596;
19.12.2024;15:56:45.880;FEDV.S.DEC24.MAR25.SPD;FUTURES_SPREAD;BLOCK;EUR;39;-11.50000000;950;EXCHANGE_LAST;;2;1;XEUR;72060153838436444;596;
19.12.2024;15:56:45.880;FEDV SI 20250321 CS;SIMPLE_INSTRUMENT;BLOCK;EUR;39;1614.50000000;950;PRC_DECOMP_EXCHANGE;;;;XEUR;11359068;596;EXCHANGE
19.12.2024;15:56:45.880;FEDV SI 20241220 CS;SIMPLE_INSTRUMENT;BLOCK;EUR;39;1603.00000000;950;PRC_DECOMP_EXCHANGE;;;;XEUR;10838883;596;EXCHANGE
19.12.2024;15:56:47.525;FEDV.S.DEC24.MAR25.SPD;FUTURES_SPREAD;BLOCK;EUR;40;-11.00000000;950;EXCHANGE_LAST;;2;1;XEUR;72060153838436444;596;
19.12.2024;15:56:47.525;FEDV SI 20241220 CS;SIMPLE_INSTRUMENT;BLOCK;EUR;40;1603.50000000;950;PRC_DECOMP_EXCHANGE;;;;XEUR;10838883;596;EXCHANGE
19.12.2024;15:56:47.525;FEDV SI 20250321 CS;SIMPLE_INSTRUMENT;BLOCK;EUR;40;1614.50000000;950;PRC_DECOMP_EXCHANGE;;;;XEUR;11359068;596;EXCHANGE
19.12.2024;17:13:33.536;FEDV SI 20241220 CS;SIMPLE_INSTRUMENT;EFP_IDX;EUR;121;1603.50000000;500;EXCHANGE_LAST;;1;1;XEUR;10838883;596;
19.12.2024;09:18:56.406;FESB.S.DEC24.MAR25.SPD;FUTURES_SPREAD;BLOCK;EUR;69;-0.62000000;1650;EXCHANGE_LAST;;1;1;XEUR;72060192493142108;605;
19.12.2024;09:18:56.406;FESB SI 20250321 CS;SIMPLE_INSTRUMENT;BLOCK;EUR;69;144.95000000;1650;PRC_DECOMP_EXCHANGE;;;;XEUR;11359072;605;EXCHANGE
19.12.2024;09:18:56.406;FESB SI 20241220 CS;SIMPLE_INSTRUMENT;BLOCK;EUR;69;144.33000000;1650;PRC_DECOMP_EXCHANGE;;;;XEUR;10838895;605;EXCHANGE
19.12.2024;09:18:57.454;FESB.S.DEC24.MAR25.SPD;FUTURES_SPREAD;BLOCK;EUR;70;-0.64000000;1650;EXCHANGE_LAST;;1;1;XEUR;72060192493142108;605;
19.12.2024;09:18:57.454;FESB SI 20250321 CS;SIMPLE_INSTRUMENT;BLOCK;EUR;70;144.95000000;1650;PRC_DECOMP_EXCHANGE;;;;XEUR;11359072;605;EXCHANGE
19.12.2024;09:18:57.454;FESB SI 20241220 CS;SIMPLE_INSTRUMENT;BLOCK;EUR;70;144.31000000;1650;PRC_DECOMP_EXCHANGE;;;;XEUR;10838895;605;EXCHANGE
19.12.2024;10:43:51.766;FESB SI 20241220 CS;SIMPLE_INSTRUMENT;BLOCK;EUR;86;144.00000000;4000;EXCHANGE_LAST;;1;1;XEUR;10838895;605;
19.12.2024;10:42:34.123;FESB SI 20241220 CS;SIMPLE_INSTRUMENT;BLOCK;EUR;87;144.10000000;3599;EXCHANGE_LAST;;1;1;XEUR;10838895;605;
19.12.2024;13:32:19.800;FESB.S.DEC24.MAR25.SPD;FUTURES_SPREAD;BLOCK;EUR;101;-0.66000000;2500;EXCHANGE_LAST;;1;1;XEUR;72060192493142108;605;
19.12.2024;13:32:19.800;FESB SI 20250321 CS;SIMPLE_INSTRUMENT;BLOCK;EUR;101;145.60000000;2500;PRC_DECOMP_EXCHANGE;;;;XEUR;11359072;605;EXCHANGE
19.12.2024;13:32:19.800;FESB SI 20241220 CS;SIMPLE_INSTRUMENT;BLOCK;EUR;101;144.94000000;2500;PRC_DECOMP_EXCHANGE;;;;XEUR;10838895;605;EXCHANGE
19.12.2024;13:32:38.878;FESB.S.DEC24.MAR25.SPD;FUTURES_SPREAD;BLOCK;EUR;102;-0.64000000;2500;EXCHANGE_LAST;;1;1;XEUR;72060192493142108;605;
19.12.2024;13:32:38.878;FESB SI 20241220 CS;SIMPLE_INSTRUMENT;BLOCK;EUR;102;144.96000000;2500;PRC_DECOMP_EXCHANGE;;;;XEUR;10838895;605;EXCHANGE
19.12.2024;13:32:38.878;FESB SI 20250321 CS;SIMPLE_INSTRUMENT;BLOCK;EUR;102;145.60000000;2500;PRC_DECOMP_EXCHANGE;;;;XEUR;11359072;605;EXCHANGE
19.12.2024;13:43:16.666;FESB SI 20241220 CS;SIMPLE_INSTRUMENT;BLOCK;EUR;103;144.80000000;5000;EXCHANGE_LAST;;1;1;XEUR;10838895;605;
19.12.2024;13:52:11.939;FESB.S.DEC24.MAR25.SPD;FUTURES_SPREAD;BLOCK;EUR;104;-0.64000000;3000;EXCHANGE_LAST;;1;1;XEUR;72060192493142108;605;
19.12.2024;13:52:11.939;FESB SI 20241220 CS;SIMPLE_INSTRUMENT;BLOCK;EUR;104;144.90000000;3000;PRC_DECOMP_MEMBER;;;;XEUR;10838895;605;MEMBER
19.12.2024;13:52:11.939;FESB SI 20250321 CS;SIMPLE_INSTRUMENT;BLOCK;EUR;104;145.54000000;3000;PRC_DECOMP_MEMBER;;;;XEUR;11359072;605;MEMBER
19.12.2024;13:52:19.008;FESB.S.DEC24.MAR25.SPD;FUTURES_SPREAD;BLOCK;EUR;105;-0.66000000;3000;EXCHANGE_LAST;;1;1;XEUR;72060192493142108;605;
19.12.2024;13:52:19.008;FESB SI 20250321 CS;SIMPLE_INSTRUMENT;BLOCK;EUR;105;145.56000000;3000;PRC_DECOMP_MEMBER;;;;XEUR;11359072;605;MEMBER
19.12.2024;13:52:19.008;FESB SI 20241220 CS;SIMPLE_INSTRUMENT;BLOCK;EUR;105;144.90000000;3000;PRC_DECOMP_MEMBER;;;;XEUR;10838895;605;MEMBER
19.12.2024;13:51:54.500;FESB SI 20241220 CS;SIMPLE_INSTRUMENT;EFP_IDX;EUR;106;144.80000000;1500;EXCHANGE_LAST;;1;1;XEUR;10838895;605;
19.12.2024;13:52:21.684;FESB SI 20241220 CS;SIMPLE_INSTRUMENT;BLOCK;EUR;107;144.80000000;4500;EXCHANGE_LAST;;1;1;XEUR;10838895;605;
19.12.2024;14:57:02.749;FESB SI 20241220 CS;SIMPLE_INSTRUMENT;BLOCK;EUR;117;144.40000000;5000;EXCHANGE_LAST;;1;1;XEUR;10838895;605;
19.12.2024;15:47:23.579;FESB.S.DEC24.MAR25.SPD;FUTURES_SPREAD;BLOCK;EUR;122;-0.58000000;3000;EXCHANGE_LAST;;1;1;XEUR;72060192493142108;605;
19.12.2024;15:47:23.579;FESB SI 20250321 CS;SIMPLE_INSTRUMENT;BLOCK;EUR;122;144.58000000;3000;PRC_DECOMP_MEMBER;;;;XEUR;11359072;605;MEMBER
19.12.2024;15:47:23.579;FESB SI 20241220 CS;SIMPLE_INSTRUMENT;BLOCK;EUR;122;144.00000000;3000;PRC_DECOMP_MEMBER;;;;XEUR;10838895;605;MEMBER
19.12.2024;15:47:38.478;FESB.S.DEC24.MAR25.SPD;FUTURES_SPREAD;BLOCK;EUR;123;-0.60000000;3000;EXCHANGE_LAST;;1;1;XEUR;72060192493142108;605;
19.12.2024;15:47:38.478;FESB SI 20241220 CS;SIMPLE_INSTRUMENT;BLOCK;EUR;123;144.00000000;3000;PRC_DECOMP_MEMBER;;;;XEUR;10838895;605;MEMBER
19.12.2024;15:47:38.478;FESB SI 20250321 CS;SIMPLE_INSTRUMENT;BLOCK;EUR;123;144.60000000;3000;PRC_DECOMP_MEMBER;;;;XEUR;11359072;605;MEMBER
19.12.2024;15:51:46.298;FESB.S.DEC24.MAR25.SPD;FUTURES_SPREAD;BLOCK;EUR;126;-0.58000000;2500;EXCHANGE_LAST;;1;1;XEUR;72060192493142108;605;
19.12.2024;15:51:46.298;FESB SI 20250321 CS;SIMPLE_INSTRUMENT;BLOCK;EUR;126;144.58000000;2500;PRC_DECOMP_MEMBER;;;;XEUR;11359072;605;MEMBER
19.12.2024;15:51:46.298;FESB SI 20241220 CS;SIMPLE_INSTRUMENT;BLOCK;EUR;126;144.00000000;2500;PRC_DECOMP_MEMBER;;;;XEUR;10838895;605;MEMBER
19.12.2024;15:51:31.882;FESB.S.DEC24.MAR25.SPD;FUTURES_SPREAD;BLOCK;EUR;127;-0.60000000;2500;EXCHANGE_LAST;;1;1;XEUR;72060192493142108;605;
19.12.2024;15:51:31.882;FESB SI 20241220 CS;SIMPLE_INSTRUMENT;BLOCK;EUR;127;144.00000000;2500;PRC_DECOMP_MEMBER;;;;XEUR;10838895;605;MEMBER
19.12.2024;15:51:31.882;FESB SI 20250321 CS;SIMPLE_INSTRUMENT;BLOCK;EUR;127;144.60000000;2500;PRC_DECOMP_MEMBER;;;;XEUR;11359072;605;MEMBER
19.12.2024;16:26:11.630;FESB SI 20250321 CS;SIMPLE_INSTRUMENT;BLOCK;EUR;133;144.80000000;3900;EXCHANGE_LAST;;1;1;XEUR;11359072;605;
19.12.2024;16:55:02.125;FESB.S.DEC24.MAR25.SPD;FUTURES_SPREAD;BLOCK;EUR;137;-0.60000000;3300;EXCHANGE_LAST;;1;1;XEUR;72060192493142108;605;
19.12.2024;16:55:02.125;FESB SI 20241220 CS;SIMPLE_INSTRUMENT;BLOCK;EUR;137;144.40000000;3300;PRC_DECOMP_EXCHANGE;;;;XEUR;10838895;605;EXCHANGE
19.12.2024;16:55:02.125;FESB SI 20250321 CS;SIMPLE_INSTRUMENT;BLOCK;EUR;137;145.00000000;3300;PRC_DECOMP_EXCHANGE;;;;XEUR;11359072;605;EXCHANGE
19.12.2024;17:02:55.799;FESE SI 20241220 CS;SIMPLE_INSTRUMENT;EFP_IDX;EUR;19;332.50000000;369;EXCHANGE_LAST;;1;1;XEUR;10839519;685;
19.12.2024;17:02:48.483;FESE SI 20241220 CS;SIMPLE_INSTRUMENT;EFP_IDX;EUR;20;332.60000000;41;EXCHANGE_LAST;;1;1;XEUR;10839519;685;
19.12.2024;16:57:35.546;FESI SI 20241220 CS;SIMPLE_INSTRUMENT;EFP_IDX;EUR;32;425.40000000;332;EXCHANGE_LAST;;1;1;XEUR;10839433;681;
19.12.2024;16:57:51.543;FESI SI 20241220 CS;SIMPLE_INSTRUMENT;EFP_IDX;EUR;34;425.50000000;2991;EXCHANGE_LAST;;1;1;XEUR;10839433;681;
19.12.2024;17:03:46.504;FESI SI 20241220 CS;SIMPLE_INSTRUMENT;EFP_IDX;EUR;37;425.40000000;11;EXCHANGE_LAST;;1;1;XEUR;10839433;681;
19.12.2024;17:04:02.093;FESI SI 20241220 CS;SIMPLE_INSTRUMENT;EFP_IDX;EUR;39;425.50000000;100;EXCHANGE_LAST;;1;1;XEUR;10839433;681;
19.12.2024;11:59:38.258;FESL SI 20241220 CS;SIMPLE_INSTRUMENT;BLOCK;EUR;10;142.00000000;928;EXCHANGE_LAST;;1;1;XEUR;10839396;680;
19.12.2024;12:04:50.568;FESL SI 20241220 CS;SIMPLE_INSTRUMENT;BLOCK;EUR;11;142.00000000;3800;EXCHANGE_LAST;;1;1;XEUR;10839396;680;
19.12.2024;17:09:48.708;FEST SI 20241220 CS;SIMPLE_INSTRUMENT;EFP_IDX;EUR;53;325.40000000;354;EXCHANGE_LAST;;1;1;XEUR;10839355;678;
19.12.2024;17:09:55.258;FEST SI 20241220 CS;SIMPLE_INSTRUMENT;EFP_IDX;EUR;54;325.50000000;89;EXCHANGE_LAST;;1;1;XEUR;10839355;678;
19.12.2024;08:47:47.970;FESX SI 20241220 CS;SIMPLE_INSTRUMENT;BLOCK;EUR;1;4900.00000000;2080;EXCHANGE_LAST;;1;1;XEUR;7793479;675;
19.12.2024;08:47:40.203;FESX SI 20250321 CS;SIMPLE_INSTRUMENT;BLOCK;EUR;2;4927.00000000;2200;EXCHANGE_LAST;;1;1;XEUR;7793482;675;
19.12.2024;08:45:32.475;FESX.S.DEC24.MAR25.SPD;FUTURES_SPREAD;BLOCK;EUR;3;-26.95000000;2761;EXCHANGE_LAST;;1;1;XEUR;72060493140861185;675;
19.12.2024;08:45:32.475;FESX SI 20250321 CS;SIMPLE_INSTRUMENT;BLOCK;EUR;3;4935.00000000;2761;PRC_DECOMP_EXCHANGE;;;;XEUR;7793482;675;EXCHANGE
19.12.2024;08:45:32.475;FESX SI 20241220 CS;SIMPLE_INSTRUMENT;BLOCK;EUR;3;4908.05000000;2761;PRC_DECOMP_EXCHANGE;;;;XEUR;7793479;675;EXCHANGE
19.12.2024;09:07:32.991;FESX SI 20241220 CS;SIMPLE_INSTRUMENT;BLOCK;EUR;4;4908.00000000;15000;EXCHANGE_LAST;;1;1;XEUR;7793479;675;
19.12.2024;10:05:19.706;FESX SI 20250321 CS;SIMPLE_INSTRUMENT;BLOCK;EUR;5;4920.00000000;2090;EXCHANGE_LAST;;1;1;XEUR;7793482;675;
19.12.2024;11:03:49.555;FESX SI 20241220 CS;SIMPLE_INSTRUMENT;EFP_IDX;EUR;6;4875.00000000;1000;EXCHANGE_LAST;;1;1;XEUR;7793479;675;
19.12.2024;11:19:46.673;FESX SI 20241220 CS;SIMPLE_INSTRUMENT;BLOCK;EUR;7;4875.00000000;2000;EXCHANGE_LAST;;1;1;XEUR;7793479;675;
19.12.2024;11:20:58.057;FESX SI 20241220 CS;SIMPLE_INSTRUMENT;EFP_IDX;EUR;8;4875.00000000;1400;EXCHANGE_LAST;;1;1;XEUR;7793479;675;
19.12.2024;11:49:39.620;FESX SI 20250321 CS;SIMPLE_INSTRUMENT;BLOCK;EUR;9;4904.00000000;2443;EXCHANGE_LAST;;1;1;XEUR;7793482;675;
19.12.2024;11:47:12.303;FESX SI 20250321 CS;SIMPLE_INSTRUMENT;BLOCK;EUR;10;4903.00000000;12500;EXCHANGE_LAST;;1;1;XEUR;7793482;675;
19.12.2024;11:47:34.888;FESX SI 20250321 CS;SIMPLE_INSTRUMENT;BLOCK;EUR;11;4903.00000000;2500;EXCHANGE_LAST;;1;1;XEUR;7793482;675;
19.12.2024;13:41:08.061;FESX SI 20241220 CS;SIMPLE_INSTRUMENT;BLOCK;EUR;12;4895.00000000;3000;EXCHANGE_LAST;;1;1;XEUR;7793479;675;
19.12.2024;13:41:24.076;FESX SI 20241220 CS;SIMPLE_INSTRUMENT;BLOCK;EUR;13;4895.00000000;2000;EXCHANGE_LAST;;1;1;XEUR;7793479;675;
19.12.2024;13:43:21.095;FESX SI 20241220 CS;SIMPLE_INSTRUMENT;BLOCK;EUR;14;4895.00000000;2000;EXCHANGE_LAST;;1;1;XEUR;7793479;675;
19.12.2024;15:40:17.380;FESX SI 20241220 CS;SIMPLE_INSTRUMENT;BLOCK;EUR;15;4880.00000000;2000;EXCHANGE_LAST;;1;1;XEUR;7793479;675;
19.12.2024;15:45:31.184;FESX SI 20241220 CS;SIMPLE_INSTRUMENT;BLOCK;EUR;16;4880.00000000;3000;EXCHANGE_LAST;;1;1;XEUR;7793479;675;
19.12.2024;16:32:54.017;FESX SI 20241220 CS;SIMPLE_INSTRUMENT;BLOCK;EUR;17;4880.00000000;2000;EXCHANGE_LAST;;1;1;XEUR;7793479;675;
19.12.2024;16:33:42.331;FESX SI 20241220 CS;SIMPLE_INSTRUMENT;BLOCK;EUR;18;4880.00000000;2150;EXCHANGE_LAST;;1;1;XEUR;7793479;675;
19.12.2024;16:35:44.260;FESX SI 20241220 CS;SIMPLE_INSTRUMENT;BLOCK;EUR;19;4880.00000000;5000;EXCHANGE_LAST;;1;1;XEUR;7793479;675;
19.12.2024;16:47:52.384;FESX SI 20241220 CS;SIMPLE_INSTRUMENT;EFP_IDX;EUR;20;4880.00000000;500;EXCHANGE_LAST;;1;1;XEUR;7793479;675;
19.12.2024;16:48:11.144;FESX SI 20241220 CS;SIMPLE_INSTRUMENT;EFP_IDX;EUR;21;4879.00000000;500;EXCHANGE_LAST;;1;1;XEUR;7793479;675;
19.12.2024;16:48:52.476;FESX SI 20241220 CS;SIMPLE_INSTRUMENT;EFP_IDX;EUR;22;4879.00000000;277;EXCHANGE_LAST;;1;1;XEUR;7793479;675;
19.12.2024;16:48:44.710;FESX SI 20241220 CS;SIMPLE_INSTRUMENT;EFP_IDX;EUR;23;4880.00000000;833;EXCHANGE_LAST;;1;1;XEUR;7793479;675;
19.12.2024;16:51:29.680;FESX SI 20241220 CS;SIMPLE_INSTRUMENT;EFP_IDX;EUR;24;4879.00000000;419;EXCHANGE_LAST;;1;1;XEUR;7793479;675;
19.12.2024;16:51:43.844;FESX SI 20241220 CS;SIMPLE_INSTRUMENT;EFP_IDX;EUR;25;4880.00000000;140;EXCHANGE_LAST;;1;1;XEUR;7793479;675;
19.12.2024;16:57:07.085;FESX SI 20241220 CS;SIMPLE_INSTRUMENT;EFP_IDX;EUR;26;4879.00000000;750;EXCHANGE_LAST;;1;1;XEUR;7793479;675;
19.12.2024;16:57:13.146;FESX SI 20241220 CS;SIMPLE_INSTRUMENT;EFP_IDX;EUR;27;4880.00000000;750;EXCHANGE_LAST;;1;1;XEUR;7793479;675;
19.12.2024;17:15:39.054;FESX SI 20250321 CS;SIMPLE_INSTRUMENT;EFP_IDX;EUR;29;4906.00000000;488;EXCHANGE_LAST;;1;1;XEUR;7793482;675;
19.12.2024;17:15:52.203;FESX SI 20250321 CS;SIMPLE_INSTRUMENT;EFP_IDX;EUR;30;4907.00000000;162;EXCHANGE_LAST;;1;1;XEUR;7793482;675;
19.12.2024;09:08:48.429;FESX SI 20250321 CS;SIMPLE_INSTRUMENT;VOLA;EUR;637534225;4938.00000000;285;EXCHANGE_LAST;;1;1;XEUR;7793482;675;
19.12.2024;09:14:26.896;FESX SI 20250321 CS;SIMPLE_INSTRUMENT;VOLA;EUR;637534229;4934.00000000;230;EXCHANGE_LAST;;1;1;XEUR;7793482;675;
19.12.2024;11:40:34.605;FESX SI 20250321 CS;SIMPLE_INSTRUMENT;VOLA;EUR;637534273;4904.00000000;1499;EXCHANGE_LAST;;1;1;XEUR;7793482;675;
19.12.2024;13:36:57.225;FESX SI 20250321 CS;SIMPLE_INSTRUMENT;VOLA;EUR;637534309;4930.00000000;1110;EXCHANGE_LAST;;1;1;XEUR;7793482;675;
19.12.2024;14:17:31.866;FESX SI 20250321 CS;SIMPLE_INSTRUMENT;VOLA;EUR;637534324;4930.00000000;38;EXCHANGE_LAST;;1;1;XEUR;7793482;675;
19.12.2024;14:23:08.830;FESX SI 20250321 CS;SIMPLE_INSTRUMENT;VOLA;EUR;637534328;4930.00000000;37;EXCHANGE_LAST;;1;1;XEUR;7793482;675;
19.12.2024;14:24:58.614;FESX SI 20250321 CS;SIMPLE_INSTRUMENT;VOLA;EUR;637534335;4920.00000000;85;EXCHANGE_LAST;;1;1;XEUR;7793482;675;
19.12.2024;14:38:18.266;FESX SI 20250321 CS;SIMPLE_INSTRUMENT;VOLA;EUR;637534339;4920.00000000;190;EXCHANGE_LAST;;1;1;XEUR;7793482;675;
19.12.2024;15:01:38.062;FESX SI 20250321 CS;SIMPLE_INSTRUMENT;VOLA;EUR;637534349;4910.00000000;200;EXCHANGE_LAST;;1;1;XEUR;7793482;675;
19.12.2024;15:06:03.332;FESX SI 20250321 CS;SIMPLE_INSTRUMENT;VOLA;EUR;637534355;4910.00000000;425;EXCHANGE_LAST;;1;1;XEUR;7793482;675;
19.12.2024;15:11:23.273;FESX SI 20250321 CS;SIMPLE_INSTRUMENT;VOLA;EUR;637534363;4910.00000000;580;EXCHANGE_LAST;;1;1;XEUR;7793482;675;
19.12.2024;15:58:13.150;FESX SI 20250321 CS;SIMPLE_INSTRUMENT;VOLA;EUR;637534376;4900.00000000;175;EXCHANGE_LAST;;1;1;XEUR;7793482;675;
19.12.2024;16:55:49.615;FESZ SI 20241220 CS;SIMPLE_INSTRUMENT;EFP_IDX;EUR;30;1342.40000000;7;EXCHANGE_LAST;;1;1;XEUR;10839551;700;
19.12.2024;16:55:51.428;FESZ SI 20241220 CS;SIMPLE_INSTRUMENT;EFP_IDX;EUR;31;1342.50000000;29;EXCHANGE_LAST;;1;1;XEUR;10839551;700;
19.12.2024;08:41:16.273;FEXD SI 20261218 CS;SIMPLE_INSTRUMENT;BLOCK;EUR;1;151.80000000;229;EXCHANGE_LAST;;1;1;XEUR;2163053;693;
19.12.2024;08:43:36.504;FEXD SI 20271217 CS;SIMPLE_INSTRUMENT;BLOCK;EUR;2;146.10000000;350;EXCHANGE_LAST;;1;1;XEUR;2848338;693;
19.12.2024;08:43:43.524;FEXD SI 20281215 CS;SIMPLE_INSTRUMENT;BLOCK;EUR;3;141.30000000;350;EXCHANGE_LAST;;1;1;XEUR;3680985;693;
19.12.2024;09:06:29.003;FEXD.S.DEC26.DEC27.SPD;FUTURES_SPREAD;BLOCK;EUR;6;5.70000000;150;EXCHANGE_LAST;;1;1;XEUR;72060570450264153;693;
19.12.2024;09:06:29.003;FEXD SI 20261218 CS;SIMPLE_INSTRUMENT;BLOCK;EUR;6;152.10000000;150;PRC_DECOMP_EXCHANGE;;;;XEUR;2163053;693;EXCHANGE
19.12.2024;09:06:29.003;FEXD SI 20271217 CS;SIMPLE_INSTRUMENT;BLOCK;EUR;6;146.40000000;150;PRC_DECOMP_EXCHANGE;;;;XEUR;2848338;693;EXCHANGE
19.12.2024;09:31:46.138;FEXD SI 20261218 CS;SIMPLE_INSTRUMENT;BLOCK;EUR;9;151.50000000;229;EXCHANGE_LAST;;1;1;XEUR;2163053;693;
19.12.2024;09:51:34.742;FEXD.S.DEC25.DEC26.SPD;FUTURES_SPREAD;BLOCK;EUR;10;6.20000000;150;EXCHANGE_LAST;;1;1;XEUR;72060570450264144;693;
19.12.2024;09:51:34.742;FEXD SI 20251219 CS;SIMPLE_INSTRUMENT;BLOCK;EUR;10;157.90000000;150;PRC_DECOMP_MEMBER;;;;XEUR;1548120;693;MEMBER
19.12.2024;09:51:34.742;FEXD SI 20261218 CS;SIMPLE_INSTRUMENT;BLOCK;EUR;10;151.70000000;150;PRC_DECOMP_MEMBER;;;;XEUR;2163053;693;MEMBER
19.12.2024;09:57:22.232;FEXD SI 20251219 CS;SIMPLE_INSTRUMENT;BLOCK;EUR;11;157.70000000;100;EXCHANGE_LAST;;1;1;XEUR;1548120;693;
19.12.2024;12:25:41.297;FEXD.S.DEC29.DEC30.SPD;FUTURES_SPREAD;BLOCK;EUR;23;3.80000000;500;EXCHANGE_LAST;;1;1;XEUR;72060570450264203;693;
19.12.2024;12:25:41.297;FEXD SI 20301220 CS;SIMPLE_INSTRUMENT;BLOCK;EUR;23;132.90000000;500;PRC_DECOMP_MEMBER;;;;XEUR;5914108;693;MEMBER
19.12.2024;12:25:41.297;FEXD SI 20291221 CS;SIMPLE_INSTRUMENT;BLOCK;EUR;23;136.70000000;500;PRC_DECOMP_MEMBER;;;;XEUR;4631968;693;MEMBER
19.12.2024;12:34:27.085;FEXD.S.DEC29.DEC30.SPD;FUTURES_SPREAD;BLOCK;EUR;24;3.80000000;500;EXCHANGE_LAST;;1;1;XEUR;72060570450264203;693;
19.12.2024;12:34:27.085;FEXD SI 20291221 CS;SIMPLE_INSTRUMENT;BLOCK;EUR;24;136.70000000;500;PRC_DECOMP_MEMBER;;;;XEUR;4631968;693;MEMBER
19.12.2024;12:34:27.085;FEXD SI 20301220 CS;SIMPLE_INSTRUMENT;BLOCK;EUR;24;132.90000000;500;PRC_DECOMP_MEMBER;;;;XEUR;5914108;693;MEMBER
19.12.2024;13:17:49.031;FEXD SI 20251219 CS;SIMPLE_INSTRUMENT;BLOCK;EUR;26;157.40000000;400;EXCHANGE_LAST;;1;1;XEUR;1548120;693;
19.12.2024;13:59:23.566;FEXD SI 20261218 CS;SIMPLE_INSTRUMENT;BLOCK;EUR;30;151.80000000;600;EXCHANGE_LAST;;1;1;XEUR;2163053;693;
19.12.2024;14:04:25.532;FEXD SI 20261218 CS;SIMPLE_INSTRUMENT;BLOCK;EUR;31;151.80000000;400;EXCHANGE_LAST;;1;1;XEUR;2163053;693;
19.12.2024;15:43:51.942;FEXD SI 20250620 CS;SIMPLE_INSTRUMENT;BLOCK;EUR;34;124.70000000;500;EXCHANGE_LAST;;1;1;XEUR;9548493;693;
19.12.2024;15:48:04.056;FEXD SI 20271217 CS;SIMPLE_INSTRUMENT;BLOCK;EUR;36;145.60000000;300;EXCHANGE_LAST;;1;1;XEUR;2848338;693;
19.12.2024;16:23:56.335;FEXD SI 20251219 CS;SIMPLE_INSTRUMENT;BLOCK;EUR;41;157.60000000;2000;EXCHANGE_LAST;;1;1;XEUR;1548120;693;
19.12.2024;16:26:26.211;FEXD SI 20250620 CS;SIMPLE_INSTRUMENT;BLOCK;EUR;42;124.90000000;500;EXCHANGE_LAST;;1;1;XEUR;9548493;693;
19.12.2024;16:18:29.356;FEXD SI 20251219 CS;SIMPLE_INSTRUMENT;BLOCK;EUR;43;157.60000000;200;EXCHANGE_LAST;;1;1;XEUR;1548120;693;
19.12.2024;16:43:49.197;FEXD.S.DEC25.DEC26.SPD;FUTURES_SPREAD;BLOCK;EUR;46;6.30000000;350;EXCHANGE_LAST;;1;1;XEUR;72060570450264144;693;
19.12.2024;16:43:49.197;FEXD SI 20261218 CS;SIMPLE_INSTRUMENT;BLOCK;EUR;46;151.40000000;350;PRC_DECOMP_MEMBER;;;;XEUR;2163053;693;MEMBER
19.12.2024;16:43:49.197;FEXD SI 20251219 CS;SIMPLE_INSTRUMENT;BLOCK;EUR;46;157.70000000;350;PRC_DECOMP_MEMBER;;;;XEUR;1548120;693;MEMBER
19.12.2024;17:05:50.664;FEXD SI 20251219 CS;SIMPLE_INSTRUMENT;BLOCK;EUR;85;157.60000000;250;EXCHANGE_LAST;;1;1;XEUR;1548120;693;
19.12.2024;16:50:13.369;FEXF SI 20241220 CS;SIMPLE_INSTRUMENT;EFP_IDX;EUR;53;2632.00000000;34;EXCHANGE_LAST;;1;1;XEUR;10839550;694;
19.12.2024;16:50:26.149;FEXF SI 20241220 CS;SIMPLE_INSTRUMENT;EFP_IDX;EUR;54;2632.50000000;76;EXCHANGE_LAST;;1;1;XEUR;10839550;694;
19.12.2024;16:53:18.589;FEXF SI 20241220 CS;SIMPLE_INSTRUMENT;EFP_IDX;EUR;64;2632.00000000;58;EXCHANGE_LAST;;1;1;XEUR;10839550;694;
19.12.2024;16:53:35.605;FEXF SI 20241220 CS;SIMPLE_INSTRUMENT;EFP_IDX;EUR;68;2632.50000000;122;EXCHANGE_LAST;;1;1;XEUR;10839550;694;
19.12.2024;16:53:54.020;FEXF SI 20241220 CS;SIMPLE_INSTRUMENT;EFP_IDX;EUR;71;2632.00000000;234;EXCHANGE_LAST;;1;1;XEUR;10839550;694;
19.12.2024;16:54:16.644;FEXF SI 20241220 CS;SIMPLE_INSTRUMENT;EFP_IDX;EUR;76;2632.50000000;496;EXCHANGE_LAST;;1;1;XEUR;10839550;694;
19.12.2024;10:06:48.650;FFOX.S.DEC24.MAR25.SPD;FUTURES_SPREAD;BLOCK;EUR;4;30.70000000;375;EXCHANGE_LAST;;1;1;XEUR;72060579040198748;695;
19.12.2024;10:06:48.650;FFOX SI 20250321 CS;SIMPLE_INSTRUMENT;BLOCK;EUR;4;4280.40000000;375;PRC_DECOMP_EXCHANGE;;;;XEUR;11338030;695;EXCHANGE
19.12.2024;10:06:48.650;FFOX SI 20241220 CS;SIMPLE_INSTRUMENT;BLOCK;EUR;4;4311.10000000;375;PRC_DECOMP_EXCHANGE;;;;XEUR;10839549;695;EXCHANGE
19.12.2024;11:56:48.132;FFOX.S.DEC24.MAR25.SPD;FUTURES_SPREAD;BLOCK;EUR;9;32.10000000;225;EXCHANGE_LAST;;1;1;XEUR;72060579040198748;695;
19.12.2024;11:56:48.132;FFOX SI 20241220 CS;SIMPLE_INSTRUMENT;BLOCK;EUR;9;4311.80000000;225;PRC_DECOMP_EXCHANGE;;;;XEUR;10839549;695;EXCHANGE
19.12.2024;11:56:48.132;FFOX SI 20250321 CS;SIMPLE_INSTRUMENT;BLOCK;EUR;9;4279.70000000;225;PRC_DECOMP_EXCHANGE;;;;XEUR;11338030;695;EXCHANGE
19.12.2024;07:25:05.964;FGBL SI 20250306 PS;SIMPLE_INSTRUMENT;EFS;EUR;1;133.98000000;406;EXCHANGE_LAST;;1;1;XEUR;11286679;688;
19.12.2024;07:30:10.174;FGBL SI 20250306 PS;SIMPLE_INSTRUMENT;EFS;EUR;2;134.01000000;203;EXCHANGE_LAST;;1;1;XEUR;11286679;688;
19.12.2024;07:44:16.676;FGBL SI 20250306 PS;SIMPLE_INSTRUMENT;EFS;EUR;3;134.04000000;407;EXCHANGE_LAST;;1;1;XEUR;11286679;688;
19.12.2024;08:04:04.025;FGBL SI 20250306 PS;SIMPLE_INSTRUMENT;EFS;EUR;4;134.09000000;407;EXCHANGE_LAST;;1;1;XEUR;11286679;688;
19.12.2024;08:17:46.123;FGBL SI 20250306 PS;SIMPLE_INSTRUMENT;EFS;EUR;5;134.13000000;244;EXCHANGE_LAST;;1;1;XEUR;11286679;688;
19.12.2024;08:20:42.681;FGBL SI 20250306 PS;SIMPLE_INSTRUMENT;EFS;EUR;6;134.09000000;406;EXCHANGE_LAST;;1;1;XEUR;11286679;688;
19.12.2024;08:28:32.205;FGBL SI 20250306 PS;SIMPLE_INSTRUMENT;EFS;EUR;7;134.13000000;406;EXCHANGE_LAST;;1;1;XEUR;11286679;688;
19.12.2024;08:29:04.480;FGBL SI 20250306 PS;SIMPLE_INSTRUMENT;EFS;EUR;8;134.13000000;406;EXCHANGE_LAST;;1;1;XEUR;11286679;688;
19.12.2024;08:34:36.572;FGBL SI 20250306 PS;SIMPLE_INSTRUMENT;EFS;EUR;9;134.10000000;407;EXCHANGE_LAST;;1;1;XEUR;11286679;688;
19.12.2024;08:38:55.494;FGBL SI 20250306 PS;SIMPLE_INSTRUMENT;EFS;EUR;10;134.10000000;407;EXCHANGE_LAST;;1;1;XEUR;11286679;688;
19.12.2024;08:43:16.892;FGBL SI 20250306 PS;SIMPLE_INSTRUMENT;EFS;EUR;11;134.15000000;407;EXCHANGE_LAST;;1;1;XEUR;11286679;688;
19.12.2024;08:45:16.974;FGBL SI 20250306 PS;SIMPLE_INSTRUMENT;EFS;EUR;12;134.14000000;407;EXCHANGE_LAST;;1;1;XEUR;11286679;688;
19.12.2024;08:48:00.386;FGBL SI 20250306 PS;SIMPLE_INSTRUMENT;EFS;EUR;13;134.14000000;200;EXCHANGE_LAST;;1;1;XEUR;11286679;688;
19.12.2024;08:58:08.412;FGBL SI 20250306 PS;SIMPLE_INSTRUMENT;EFS;EUR;14;134.16000000;407;EXCHANGE_LAST;;1;1;XEUR;11286679;688;
19.12.2024;08:58:53.436;FGBL SI 20250306 PS;SIMPLE_INSTRUMENT;EFS;EUR;15;134.15000000;407;EXCHANGE_LAST;;1;1;XEUR;11286679;688;
19.12.2024;09:00:23.479;FGBL SI 20250306 PS;SIMPLE_INSTRUMENT;EFS;EUR;16;134.16000000;407;EXCHANGE_LAST;;1;1;XEUR;11286679;688;
19.12.2024;09:15:07.255;FGBL SI 20250306 PS;SIMPLE_INSTRUMENT;EFP_FIN;EUR;17;134.14000000;117;EXCHANGE_LAST;;1;1;XEUR;11286679;688;
19.12.2024;09:27:35.572;FGBL SI 20250306 PS;SIMPLE_INSTRUMENT;EFS;EUR;18;134.22000000;407;EXCHANGE_LAST;;1;1;XEUR;11286679;688;
19.12.2024;09:27:40.577;FGBL SI 20250306 PS;SIMPLE_INSTRUMENT;EFS;EUR;19;134.22000000;407;EXCHANGE_LAST;;1;1;XEUR;11286679;688;
19.12.2024;09:28:20.607;FGBL SI 20250306 PS;SIMPLE_INSTRUMENT;EFS;EUR;20;134.16000000;407;EXCHANGE_LAST;;1;1;XEUR;11286679;688;
19.12.2024;09:28:50.631;FGBL SI 20250306 PS;SIMPLE_INSTRUMENT;EFS;EUR;21;134.22000000;407;EXCHANGE_LAST;;1;1;XEUR;11286679;688;
19.12.2024;09:36:24.182;FGBL SI 20250306 PS;SIMPLE_INSTRUMENT;EFS;EUR;22;134.13000000;406;EXCHANGE_LAST;;1;1;XEUR;11286679;688;
19.12.2024;09:40:25.836;FGBL SI 20250306 PS;SIMPLE_INSTRUMENT;EFS;EUR;23;134.14000000;455;EXCHANGE_LAST;;1;1;XEUR;11286679;688;
19.12.2024;09:42:59.203;FGBL SI 20250306 PS;SIMPLE_INSTRUMENT;EFS;EUR;24;134.13000000;256;EXCHANGE_LAST;;1;1;XEUR;11286679;688;
19.12.2024;09:53:33.692;FGBL SI 20250306 PS;SIMPLE_INSTRUMENT;EFS;EUR;25;134.17000000;406;EXCHANGE_LAST;;1;1;XEUR;11286679;688;
19.12.2024;09:54:58.617;FGBL SI 20250306 PS;SIMPLE_INSTRUMENT;EFS;EUR;26;134.20000000;407;EXCHANGE_LAST;;1;1;XEUR;11286679;688;
19.12.2024;09:55:33.677;FGBL SI 20250306 PS;SIMPLE_INSTRUMENT;EFS;EUR;27;134.17000000;406;EXCHANGE_LAST;;1;1;XEUR;11286679;688;
19.12.2024;09:56:02.292;FGBL SI 20250306 PS;SIMPLE_INSTRUMENT;EFS;EUR;28;134.17000000;203;EXCHANGE_LAST;;1;1;XEUR;11286679;688;
19.12.2024;09:56:48.701;FGBL SI 20250306 PS;SIMPLE_INSTRUMENT;EFS;EUR;29;134.20000000;407;EXCHANGE_LAST;;1;1;XEUR;11286679;688;
19.12.2024;09:58:13.761;FGBL SI 20250306 PS;SIMPLE_INSTRUMENT;EFS;EUR;30;134.22000000;407;EXCHANGE_LAST;;1;1;XEUR;11286679;688;
19.12.2024;10:07:40.354;FGBL SI 20250306 PS;SIMPLE_INSTRUMENT;EFS;EUR;31;134.19000000;407;EXCHANGE_LAST;;1;1;XEUR;11286679;688;
19.12.2024;10:17:39.799;FGBL SI 20250306 PS;SIMPLE_INSTRUMENT;EFS;EUR;32;134.26000000;406;EXCHANGE_LAST;;1;1;XEUR;11286679;688;
19.12.2024;10:18:02.816;FGBL SI 20250306 PS;SIMPLE_INSTRUMENT;EFS;EUR;33;134.26000000;406;EXCHANGE_LAST;;1;1;XEUR;11286679;688;
19.12.2024;10:23:11.771;FGBL SI 20250306 PS;SIMPLE_INSTRUMENT;EFS;EUR;34;134.22000000;430;EXCHANGE_LAST;;1;1;XEUR;11286679;688;
19.12.2024;10:27:02.012;FGBL SI 20250306 PS;SIMPLE_INSTRUMENT;EFS;EUR;35;134.24000000;407;EXCHANGE_LAST;;1;1;XEUR;11286679;688;
19.12.2024;10:27:10.657;FGBL SI 20250306 PS;SIMPLE_INSTRUMENT;EFS;EUR;36;134.24000000;406;EXCHANGE_LAST;;1;1;XEUR;11286679;688;
19.12.2024;10:28:57.973;FGBL SI 20250306 PS;SIMPLE_INSTRUMENT;EFS;EUR;37;134.24000000;406;EXCHANGE_LAST;;1;1;XEUR;11286679;688;
19.12.2024;10:33:22.247;FGBL SI 20250306 PS;SIMPLE_INSTRUMENT;EFS;EUR;38;134.23000000;407;EXCHANGE_LAST;;1;1;XEUR;11286679;688;
19.12.2024;10:36:17.351;FGBL SI 20250306 PS;SIMPLE_INSTRUMENT;EFS;EUR;39;134.23000000;203;EXCHANGE_LAST;;1;1;XEUR;11286679;688;
19.12.2024;10:40:37.510;FGBL SI 20250306 PS;SIMPLE_INSTRUMENT;EFS;EUR;40;134.20000000;407;EXCHANGE_LAST;;1;1;XEUR;11286679;688;
19.12.2024;10:41:51.195;FGBL SI 20250306 PS;SIMPLE_INSTRUMENT;EFS;EUR;41;134.23000000;312;EXCHANGE_LAST;;1;1;XEUR;11286679;688;
19.12.2024;10:46:07.730;FGBL SI 20250306 PS;SIMPLE_INSTRUMENT;EFS;EUR;42;134.22000000;407;EXCHANGE_LAST;;1;1;XEUR;11286679;688;
19.12.2024;10:47:17.836;FGBL SI 20250306 PS;SIMPLE_INSTRUMENT;EFS;EUR;43;134.21000000;407;EXCHANGE_LAST;;1;1;XEUR;11286679;688;
19.12.2024;10:48:49.933;FGBL SI 20250306 PS;SIMPLE_INSTRUMENT;EFP_FIN;EUR;44;134.24000000;94;EXCHANGE_LAST;;1;1;XEUR;11286679;688;
19.12.2024;11:02:59.582;FGBL SI 20250306 PS;SIMPLE_INSTRUMENT;EFS;EUR;45;134.16000000;463;EXCHANGE_LAST;;1;1;XEUR;11286679;688;
19.12.2024;11:04:41.797;FGBL SI 20250306 PS;SIMPLE_INSTRUMENT;EFS;EUR;46;134.22000000;406;EXCHANGE_LAST;;1;1;XEUR;11286679;688;
19.12.2024;11:04:43.070;FGBL SI 20250306 PS;SIMPLE_INSTRUMENT;EFS;EUR;47;134.11000000;406;EXCHANGE_LAST;;1;1;XEUR;11286679;688;
19.12.2024;11:06:38.046;FGBL SI 20250306 PS;SIMPLE_INSTRUMENT;EFS;EUR;48;134.17000000;179;EXCHANGE_LAST;;1;1;XEUR;11286679;688;
19.12.2024;11:05:45.161;FGBL SI 20250306 PS;SIMPLE_INSTRUMENT;EFS;EUR;49;134.11000000;100;EXCHANGE_LAST;;1;1;XEUR;11286679;688;
19.12.2024;11:16:45.994;FGBL SI 20250306 PS;SIMPLE_INSTRUMENT;EFS;EUR;50;133.99000000;407;EXCHANGE_LAST;;1;1;XEUR;11286679;688;
19.12.2024;11:27:17.416;FGBL SI 20250306 PS;SIMPLE_INSTRUMENT;EFS;EUR;51;134.03000000;407;EXCHANGE_LAST;;1;1;XEUR;11286679;688;
19.12.2024;11:29:26.305;FGBL SI 20250306 PS;SIMPLE_INSTRUMENT;EFP_FIN;EUR;52;134.02000000;743;EXCHANGE_LAST;;1;1;XEUR;11286679;688;
19.12.2024;11:39:13.001;FGBL SI 20250306 PS;SIMPLE_INSTRUMENT;EFP_FIN;EUR;53;133.98000000;742;EXCHANGE_LAST;;1;1;XEUR;11286679;688;
19.12.2024;11:40:36.073;FGBL SI 20250306 PS;SIMPLE_INSTRUMENT;EFP_FIN;EUR;54;133.99000000;647;EXCHANGE_LAST;;1;1;XEUR;11286679;688;
19.12.2024;11:47:39.226;FGBL SI 20250306 PS;SIMPLE_INSTRUMENT;EFS;EUR;55;134.00000000;407;EXCHANGE_LAST;;1;1;XEUR;11286679;688;
19.12.2024;12:00:16.054;FGBL SI 20250306 PS;SIMPLE_INSTRUMENT;EFS;EUR;56;134.08000000;813;EXCHANGE_LAST;;1;1;XEUR;11286679;688;
19.12.2024;12:01:43.242;FGBL SI 20250306 PS;SIMPLE_INSTRUMENT;EFS;EUR;57;134.08000000;406;EXCHANGE_LAST;;1;1;XEUR;11286679;688;
19.12.2024;12:22:21.620;FGBL SI 20250306 PS;SIMPLE_INSTRUMENT;EFS;EUR;58;134.11000000;407;EXCHANGE_LAST;;1;1;XEUR;11286679;688;
19.12.2024;12:23:01.650;FGBL SI 20250306 PS;SIMPLE_INSTRUMENT;EFS;EUR;59;134.11000000;407;EXCHANGE_LAST;;1;1;XEUR;11286679;688;
19.12.2024;12:23:22.658;FGBL SI 20250306 PS;SIMPLE_INSTRUMENT;EFS;EUR;60;134.08000000;435;EXCHANGE_LAST;;1;1;XEUR;11286679;688;
19.12.2024;12:23:32.685;FGBL SI 20250306 PS;SIMPLE_INSTRUMENT;EFS;EUR;61;134.11000000;407;EXCHANGE_LAST;;1;1;XEUR;11286679;688;
19.12.2024;12:26:06.834;FGBL SI 20250306 PS;SIMPLE_INSTRUMENT;EFS;EUR;62;134.13000000;407;EXCHANGE_LAST;;1;1;XEUR;11286679;688;
19.12.2024;12:26:46.864;FGBL SI 20250306 PS;SIMPLE_INSTRUMENT;EFS;EUR;63;134.11000000;204;EXCHANGE_LAST;;1;1;XEUR;11286679;688;
19.12.2024;12:28:37.018;FGBL SI 20250306 PS;SIMPLE_INSTRUMENT;EFP_FIN;EUR;64;134.11000000;743;EXCHANGE_LAST;;1;1;XEUR;11286679;688;
19.12.2024;12:28:52.936;FGBL SI 20250306 PS;SIMPLE_INSTRUMENT;EFS;EUR;65;134.11000000;204;EXCHANGE_LAST;;1;1;XEUR;11286679;688;
19.12.2024;12:30:34.726;FGBL SI 20250306 PS;SIMPLE_INSTRUMENT;EFP_FIN;EUR;66;134.07000000;127;EXCHANGE_LAST;;1;1;XEUR;11286679;688;
19.12.2024;12:31:03.020;FGBL SI 20250306 PS;SIMPLE_INSTRUMENT;EFP_FIN;EUR;67;134.09000000;483;EXCHANGE_LAST;;1;1;XEUR;11286679;688;
19.12.2024;12:35:33.237;FGBL SI 20250306 PS;SIMPLE_INSTRUMENT;EFP_FIN;EUR;68;134.02000000;877;EXCHANGE_LAST;;1;1;XEUR;11286679;688;
19.12.2024;12:43:01.815;FGBL SI 20250306 PS;SIMPLE_INSTRUMENT;EFS;EUR;69;134.11000000;407;EXCHANGE_LAST;;1;1;XEUR;11286679;688;
19.12.2024;12:43:06.503;FGBL SI 20250306 PS;SIMPLE_INSTRUMENT;EFS;EUR;70;134.07000000;929;EXCHANGE_LAST;;1;1;XEUR;11286679;688;
19.12.2024;12:48:25.101;FGBL SI 20250306 PS;SIMPLE_INSTRUMENT;EFS;EUR;71;134.02000000;447;EXCHANGE_LAST;;1;1;XEUR;11286679;688;
19.12.2024;13:00:13.685;FGBL SI 20250306 PS;SIMPLE_INSTRUMENT;EFS;EUR;72;134.09000000;313;EXCHANGE_LAST;;1;1;XEUR;11286679;688;
19.12.2024;13:20:51.480;FGBL SI 20250306 PS;SIMPLE_INSTRUMENT;EFS;EUR;73;134.06000000;244;EXCHANGE_LAST;;1;1;XEUR;11286679;688;
19.12.2024;13:20:02.742;FGBL SI 20250306 PS;SIMPLE_INSTRUMENT;EFS;EUR;74;134.08000000;215;EXCHANGE_LAST;;1;1;XEUR;11286679;688;
19.12.2024;13:32:39.010;FGBL SI 20250306 PS;SIMPLE_INSTRUMENT;EFS;EUR;75;134.09000000;406;EXCHANGE_LAST;;1;1;XEUR;11286679;688;
19.12.2024;13:37:12.514;FGBL SI 20250306 PS;SIMPLE_INSTRUMENT;EFS;EUR;76;134.09000000;406;EXCHANGE_LAST;;1;1;XEUR;11286679;688;
19.12.2024;13:43:21.464;FGBL SI 20250306 PS;SIMPLE_INSTRUMENT;EFS;EUR;77;134.13000000;250;EXCHANGE_LAST;;1;1;XEUR;11286679;688;
19.12.2024;13:46:54.977;FGBL SI 20250306 PS;SIMPLE_INSTRUMENT;EFS;EUR;78;133.98000000;408;EXCHANGE_LAST;;1;1;XEUR;11286679;688;
19.12.2024;13:48:43.457;FGBL SI 20250306 PS;SIMPLE_INSTRUMENT;EFS;EUR;79;134.11000000;892;EXCHANGE_LAST;;1;1;XEUR;11286679;688;
19.12.2024;13:58:41.472;FGBL SI 20250306 PS;SIMPLE_INSTRUMENT;EFS;EUR;80;134.01000000;447;EXCHANGE_LAST;;1;1;XEUR;11286679;688;
19.12.2024;13:58:56.500;FGBL SI 20250306 PS;SIMPLE_INSTRUMENT;EFS;EUR;81;133.89000000;408;EXCHANGE_LAST;;1;1;XEUR;11286679;688;
19.12.2024;14:08:14.646;FGBL SI 20250306 PS;SIMPLE_INSTRUMENT;EFS;EUR;82;133.95000000;385;EXCHANGE_LAST;;1;1;XEUR;11286679;688;
19.12.2024;14:10:16.940;FGBL SI 20250306 PS;SIMPLE_INSTRUMENT;EFS;EUR;83;133.98000000;407;EXCHANGE_LAST;;1;1;XEUR;11286679;688;
19.12.2024;14:11:42.034;FGBL SI 20250306 PS;SIMPLE_INSTRUMENT;EFS;EUR;84;134.00000000;407;EXCHANGE_LAST;;1;1;XEUR;11286679;688;
19.12.2024;14:22:42.359;FGBL SI 20250306 PS;SIMPLE_INSTRUMENT;EFP_FIN;EUR;85;133.92000000;793;EXCHANGE_LAST;;1;1;XEUR;11286679;688;
19.12.2024;14:31:22.579;FGBL SI 20250306 PS;SIMPLE_INSTRUMENT;EFS;EUR;86;133.94000000;268;EXCHANGE_LAST;;1;1;XEUR;11286679;688;
19.12.2024;14:33:17.861;FGBL SI 20250306 PS;SIMPLE_INSTRUMENT;EFS;EUR;87;133.94000000;179;EXCHANGE_LAST;;1;1;XEUR;11286679;688;
19.12.2024;14:38:30.654;FGBL SI 20250306 PS;SIMPLE_INSTRUMENT;EFS;EUR;88;133.86000000;224;EXCHANGE_LAST;;1;1;XEUR;11286679;688;
19.12.2024;14:44:15.406;FGBL SI 20250306 PS;SIMPLE_INSTRUMENT;EFS;EUR;89;133.78000000;408;EXCHANGE_LAST;;1;1;XEUR;11286679;688;
19.12.2024;14:44:30.419;FGBL SI 20250306 PS;SIMPLE_INSTRUMENT;EFS;EUR;90;133.79000000;408;EXCHANGE_LAST;;1;1;XEUR;11286679;688;
19.12.2024;14:45:47.464;FGBL SI 20250306 PS;SIMPLE_INSTRUMENT;EFS;EUR;91;133.88000000;218;EXCHANGE_LAST;;1;1;XEUR;11286679;688;
19.12.2024;14:53:43.707;FGBL SI 20250306 PS;SIMPLE_INSTRUMENT;EFS;EUR;92;133.75000000;407;EXCHANGE_LAST;;1;1;XEUR;11286679;688;
19.12.2024;14:54:05.567;FGBL SI 20250306 PS;SIMPLE_INSTRUMENT;EFS;EUR;93;133.76000000;407;EXCHANGE_LAST;;1;1;XEUR;11286679;688;
19.12.2024;14:59:16.639;FGBL SI 20250306 PS;SIMPLE_INSTRUMENT;EFS;EUR;94;133.75000000;408;EXCHANGE_LAST;;1;1;XEUR;11286679;688;
19.12.2024;15:09:00.240;FGBL SI 20250306 PS;SIMPLE_INSTRUMENT;EFS;EUR;95;133.81000000;233;EXCHANGE_LAST;;1;1;XEUR;11286679;688;
19.12.2024;15:09:55.629;FGBL SI 20250306 PS;SIMPLE_INSTRUMENT;EFS;EUR;96;133.73000000;233;EXCHANGE_LAST;;1;1;XEUR;11286679;688;
19.12.2024;15:11:42.603;FGBL SI 20250306 PS;SIMPLE_INSTRUMENT;EFS;EUR;97;133.75000000;408;EXCHANGE_LAST;;1;1;XEUR;11286679;688;
19.12.2024;15:14:34.639;FGBL SI 20250306 PS;SIMPLE_INSTRUMENT;EFS;EUR;98;133.84000000;306;EXCHANGE_LAST;;1;1;XEUR;11286679;688;
19.12.2024;15:20:38.291;FGBL SI 20250306 PS;SIMPLE_INSTRUMENT;EFS;EUR;99;133.79000000;407;EXCHANGE_LAST;;1;1;XEUR;11286679;688;
19.12.2024;15:24:38.776;FGBL SI 20250306 PS;SIMPLE_INSTRUMENT;EFS;EUR;100;133.80000000;140;EXCHANGE_LAST;;1;1;XEUR;11286679;688;
19.12.2024;15:34:44.275;FGBL SI 20250306 PS;SIMPLE_INSTRUMENT;EFS;EUR;101;133.81000000;199;EXCHANGE_LAST;;1;1;XEUR;11286679;688;
19.12.2024;15:35:24.185;FGBL SI 20250306 PS;SIMPLE_INSTRUMENT;EFS;EUR;102;133.81000000;204;EXCHANGE_LAST;;1;1;XEUR;11286679;688;
19.12.2024;15:39:41.556;FGBL SI 20250306 PS;SIMPLE_INSTRUMENT;EFS;EUR;103;133.84000000;204;EXCHANGE_LAST;;1;1;XEUR;11286679;688;
19.12.2024;15:39:45.560;FGBL SI 20250306 PS;SIMPLE_INSTRUMENT;EFS;EUR;104;133.84000000;204;EXCHANGE_LAST;;1;1;XEUR;11286679;688;
19.12.2024;15:44:53.404;FGBL SI 20250306 PS;SIMPLE_INSTRUMENT;EFS;EUR;105;133.82000000;407;EXCHANGE_LAST;;1;1;XEUR;11286679;688;
19.12.2024;15:46:25.786;FGBL SI 20250306 PS;SIMPLE_INSTRUMENT;EFS;EUR;107;133.84000000;407;EXCHANGE_LAST;;1;1;XEUR;11286679;688;
19.12.2024;15:47:30.076;FGBL SI 20250306 PS;SIMPLE_INSTRUMENT;EFS;EUR;108;133.85000000;407;EXCHANGE_LAST;;1;1;XEUR;11286679;688;
19.12.2024;15:49:07.657;FGBL SI 20250306 PS;SIMPLE_INSTRUMENT;EFS;EUR;109;133.85000000;407;EXCHANGE_LAST;;1;1;XEUR;11286679;688;
19.12.2024;15:51:08.538;FGBL SI 20250306 PS;SIMPLE_INSTRUMENT;EFS;EUR;110;133.86000000;407;EXCHANGE_LAST;;1;1;XEUR;11286679;688;
19.12.2024;15:55:36.786;FGBL SI 20250306 PS;SIMPLE_INSTRUMENT;EFS;EUR;111;133.85000000;325;EXCHANGE_LAST;;1;1;XEUR;11286679;688;
19.12.2024;15:56:00.997;FGBL SI 20250306 PS;SIMPLE_INSTRUMENT;EFS;EUR;112;133.85000000;171;EXCHANGE_LAST;;1;1;XEUR;11286679;688;
19.12.2024;15:58:53.428;FGBL SI 20250306 PS;SIMPLE_INSTRUMENT;EFS;EUR;113;133.86000000;206;EXCHANGE_LAST;;1;1;XEUR;11286679;688;
19.12.2024;15:59:52.357;FGBL SI 20250306 PS;SIMPLE_INSTRUMENT;EFS;EUR;114;133.91000000;408;EXCHANGE_LAST;;1;1;XEUR;11286679;688;
19.12.2024;16:03:21.042;FGBL SI 20250306 PS;SIMPLE_INSTRUMENT;EFS;EUR;115;133.86000000;145;EXCHANGE_LAST;;1;1;XEUR;11286679;688;
19.12.2024;16:07:08.759;FGBL SI 20250306 PS;SIMPLE_INSTRUMENT;EFS;EUR;116;133.88000000;163;EXCHANGE_LAST;;1;1;XEUR;11286679;688;
19.12.2024;16:07:32.871;FGBL SI 20250306 PS;SIMPLE_INSTRUMENT;EFS;EUR;117;133.88000000;203;EXCHANGE_LAST;;1;1;XEUR;11286679;688;
19.12.2024;16:08:14.069;FGBL SI 20250306 PS;SIMPLE_INSTRUMENT;EFS;EUR;118;133.97000000;930;EXCHANGE_LAST;;1;1;XEUR;11286679;688;
19.12.2024;16:09:10.313;FGBL SI 20250306 PS;SIMPLE_INSTRUMENT;EFS;EUR;119;133.88000000;244;EXCHANGE_LAST;;1;1;XEUR;11286679;688;
19.12.2024;16:11:26.110;FGBL SI 20250306 PS;SIMPLE_INSTRUMENT;EFS;EUR;120;133.92000000;407;EXCHANGE_LAST;;1;1;XEUR;11286679;688;
19.12.2024;16:22:25.421;FGBL SI 20250306 PS;SIMPLE_INSTRUMENT;EFS;EUR;121;133.88000000;855;EXCHANGE_LAST;;1;1;XEUR;11286679;688;
19.12.2024;16:24:09.619;FGBL SI 20250306 PS;SIMPLE_INSTRUMENT;EFS;EUR;122;133.88000000;204;EXCHANGE_LAST;;1;1;XEUR;11286679;688;
19.12.2024;16:30:16.826;FGBL SI 20250306 PS;SIMPLE_INSTRUMENT;EFS;EUR;123;133.89000000;204;EXCHANGE_LAST;;1;1;XEUR;11286679;688;
19.12.2024;16:30:25.834;FGBL SI 20250306 PS;SIMPLE_INSTRUMENT;EFS;EUR;124;133.91000000;122;EXCHANGE_LAST;;1;1;XEUR;11286679;688;
19.12.2024;16:33:47.121;FGBL SI 20250306 PS;SIMPLE_INSTRUMENT;EFS;EUR;125;133.91000000;203;EXCHANGE_LAST;;1;1;XEUR;11286679;688;
19.12.2024;16:35:32.068;FGBL SI 20250306 PS;SIMPLE_INSTRUMENT;EFS;EUR;126;133.93000000;81;EXCHANGE_LAST;;1;1;XEUR;11286679;688;
19.12.2024;16:41:33.357;FGBL SI 20250306 PS;SIMPLE_INSTRUMENT;EFS;EUR;127;133.86000000;298;EXCHANGE_LAST;;1;1;XEUR;11286679;688;
19.12.2024;16:43:20.548;FGBL SI 20250306 PS;SIMPLE_INSTRUMENT;EFS;EUR;128;133.93000000;930;EXCHANGE_LAST;;1;1;XEUR;11286679;688;
19.12.2024;16:53:47.781;FGBL SI 20250306 PS;SIMPLE_INSTRUMENT;EFS;EUR;129;133.98000000;408;EXCHANGE_LAST;;1;1;XEUR;11286679;688;
19.12.2024;17:07:04.301;FGBL SI 20250306 PS;SIMPLE_INSTRUMENT;EFS;EUR;130;133.95000000;204;EXCHANGE_LAST;;1;1;XEUR;11286679;688;
19.12.2024;17:08:17.196;FGBL SI 20250306 PS;SIMPLE_INSTRUMENT;EFS;EUR;131;133.92000000;407;EXCHANGE_LAST;;1;1;XEUR;11286679;688;
19.12.2024;17:09:49.086;FGBL SI 20250306 PS;SIMPLE_INSTRUMENT;EFS;EUR;132;133.93000000;432;EXCHANGE_LAST;;1;1;XEUR;11286679;688;
19.12.2024;17:09:29.553;FGBL SI 20250306 PS;SIMPLE_INSTRUMENT;EFS;EUR;133;133.94000000;203;EXCHANGE_LAST;;1;1;XEUR;11286679;688;
19.12.2024;17:15:59.989;FGBL SI 20250306 PS;SIMPLE_INSTRUMENT;EFS;EUR;134;133.99000000;465;EXCHANGE_LAST;;1;1;XEUR;11286679;688;
19.12.2024;17:22:03.785;FGBL SI 20250306 PS;SIMPLE_INSTRUMENT;EFS;EUR;135;133.89000000;407;EXCHANGE_LAST;;1;1;XEUR;11286679;688;
19.12.2024;17:25:58.149;FGBL SI 20250306 PS;SIMPLE_INSTRUMENT;EFS;EUR;136;133.88000000;285;EXCHANGE_LAST;;1;1;XEUR;11286679;688;
19.12.2024;08:39:47.906;FGBL SI 20250306 PS;SIMPLE_INSTRUMENT;VOLA;EUR;268435482;134.10000000;60;EXCHANGE_LAST;;1;1;XEUR;11286679;688;
19.12.2024;09:06:47.602;FGBL SI 20250306 PS;SIMPLE_INSTRUMENT;VOLA;EUR;268435486;134.20000000;8;EXCHANGE_LAST;;1;1;XEUR;11286679;688;
19.12.2024;12:53:01.670;FGBL SI 20250306 PS;SIMPLE_INSTRUMENT;VOLA;EUR;268435501;134.08000000;170;EXCHANGE_LAST;;1;1;XEUR;11286679;688;
19.12.2024;13:33:10.669;FGBL SI 20250306 PS;SIMPLE_INSTRUMENT;VOLA;EUR;268435519;134.18000000;217;EXCHANGE_LAST;;1;1;XEUR;11286679;688;
19.12.2024;13:33:48.673;FGBL SI 20250306 PS;SIMPLE_INSTRUMENT;VOLA;EUR;268435520;134.18000000;218;EXCHANGE_LAST;;1;1;XEUR;11286679;688;
19.12.2024;13:46:40.800;FGBL SI 20250306 PS;SIMPLE_INSTRUMENT;VOLA;EUR;268435524;134.04000000;96;EXCHANGE_LAST;;1;1;XEUR;11286679;688;
19.12.2024;14:43:50.859;FGBL SI 20250306 PS;SIMPLE_INSTRUMENT;VOLA;EUR;268435547;133.95000000;160;EXCHANGE_LAST;;1;1;XEUR;11286679;688;
19.12.2024;14:44:12.866;FGBL SI 20250306 PS;SIMPLE_INSTRUMENT;VOLA;EUR;268435549;133.95000000;160;EXCHANGE_LAST;;1;1;XEUR;11286679;688;
19.12.2024;15:12:31.155;FGBL SI 20250306 PS;SIMPLE_INSTRUMENT;VOLA;EUR;268435562;133.83000000;72;EXCHANGE_LAST;;1;1;XEUR;11286679;688;
19.12.2024;16:15:54.820;FGBL SI 20250306 PS;SIMPLE_INSTRUMENT;VOLA;EUR;268435573;133.89000000;72;EXCHANGE_LAST;;1;1;XEUR;11286679;688;
19.12.2024;16:16:04.821;FGBL SI 20250306 PS;SIMPLE_INSTRUMENT;VOLA;EUR;268435574;133.89000000;73;EXCHANGE_LAST;;1;1;XEUR;11286679;688;
19.12.2024;07:27:40.071;FGBM SI 20250306 PS;SIMPLE_INSTRUMENT;EFS;EUR;1;117.97000000;889;EXCHANGE_LAST;;1;1;XEUR;11286680;689;
19.12.2024;07:34:36.336;FGBM SI 20250306 PS;SIMPLE_INSTRUMENT;EFS;EUR;2;117.99000000;889;EXCHANGE_LAST;;1;1;XEUR;11286680;689;
19.12.2024;07:37:56.446;FGBM SI 20250306 PS;SIMPLE_INSTRUMENT;EFS;EUR;3;118.03000000;889;EXCHANGE_LAST;;1;1;XEUR;11286680;689;
19.12.2024;08:14:24.762;FGBM SI 20250306 PS;SIMPLE_INSTRUMENT;EFS;EUR;4;118.03000000;444;EXCHANGE_LAST;;1;1;XEUR;11286680;689;
19.12.2024;08:27:43.742;FGBM SI 20250306 PS;SIMPLE_INSTRUMENT;EFP_FIN;EUR;5;117.98000000;226;EXCHANGE_LAST;;1;1;XEUR;11286680;689;
19.12.2024;08:42:37.746;FGBM SI 20250306 PS;SIMPLE_INSTRUMENT;EFP_FIN;EUR;6;118.03000000;214;EXCHANGE_LAST;;1;1;XEUR;11286680;689;
19.12.2024;08:47:57.210;FGBM SI 20250306 PS;SIMPLE_INSTRUMENT;EFS;EUR;7;118.03000000;378;EXCHANGE_LAST;;1;1;XEUR;11286680;689;
19.12.2024;08:58:29.907;FGBM SI 20250306 PS;SIMPLE_INSTRUMENT;EFP_FIN;EUR;8;118.03000000;50;EXCHANGE_LAST;;1;1;XEUR;11286680;689;
19.12.2024;08:59:44.065;FGBM SI 20250306 PS;SIMPLE_INSTRUMENT;EFS;EUR;9;118.06000000;753;EXCHANGE_LAST;;1;1;XEUR;11286680;689;
19.12.2024;09:02:30.538;FGBM SI 20250306 PS;SIMPLE_INSTRUMENT;EFS;EUR;10;118.06000000;354;EXCHANGE_LAST;;1;1;XEUR;11286680;689;
19.12.2024;09:34:50.571;FGBM SI 20250306 PS;SIMPLE_INSTRUMENT;EFS;EUR;11;118.06000000;841;EXCHANGE_LAST;;1;1;XEUR;11286680;689;
19.12.2024;09:37:02.092;FGBM SI 20250306 PS;SIMPLE_INSTRUMENT;EFS;EUR;12;118.09000000;700;EXCHANGE_LAST;;1;1;XEUR;11286680;689;
19.12.2024;09:53:39.498;FGBM SI 20250306 PS;SIMPLE_INSTRUMENT;EFS;EUR;13;118.07000000;58;EXCHANGE_LAST;;1;1;XEUR;11286680;689;
19.12.2024;09:55:30.723;FGBM SI 20250306 PS;SIMPLE_INSTRUMENT;EFS;EUR;14;118.08000000;471;EXCHANGE_LAST;;1;1;XEUR;11286680;689;
19.12.2024;10:02:39.971;FGBM SI 20250306 PS;SIMPLE_INSTRUMENT;EFS;EUR;15;118.11000000;888;EXCHANGE_LAST;;1;1;XEUR;11286680;689;
19.12.2024;10:14:40.291;FGBM SI 20250306 PS;SIMPLE_INSTRUMENT;EFS;EUR;16;118.11000000;456;EXCHANGE_LAST;;1;1;XEUR;11286680;689;
19.12.2024;10:21:21.103;FGBM SI 20250306 PS;SIMPLE_INSTRUMENT;EFP_FIN;EUR;17;118.10000000;316;EXCHANGE_LAST;;1;1;XEUR;11286680;689;
19.12.2024;10:22:29.512;FGBM SI 20250306 PS;SIMPLE_INSTRUMENT;EFS;EUR;18;118.13000000;886;EXCHANGE_LAST;;1;1;XEUR;11286680;689;
19.12.2024;10:26:08.330;FGBM SI 20250306 PS;SIMPLE_INSTRUMENT;EFS;EUR;19;118.12000000;1329;EXCHANGE_LAST;;1;1;XEUR;11286680;689;
19.12.2024;10:30:16.631;FGBM SI 20250306 PS;SIMPLE_INSTRUMENT;EFS;EUR;21;118.11000000;886;EXCHANGE_LAST;;1;1;XEUR;11286680;689;
19.12.2024;10:39:44.473;FGBM SI 20250306 PS;SIMPLE_INSTRUMENT;EFP_FIN;EUR;22;118.12000000;677;EXCHANGE_LAST;;1;1;XEUR;11286680;689;
19.12.2024;10:40:14.554;FGBM SI 20250306 PS;SIMPLE_INSTRUMENT;EFS;EUR;23;118.10000000;659;EXCHANGE_LAST;;1;1;XEUR;11286680;689;
19.12.2024;10:44:02.655;FGBM SI 20250306 PS;SIMPLE_INSTRUMENT;EFS;EUR;24;118.10000000;444;EXCHANGE_LAST;;1;1;XEUR;11286680;689;
19.12.2024;10:44:07.652;FGBM SI 20250306 PS;SIMPLE_INSTRUMENT;EFS;EUR;25;118.11000000;444;EXCHANGE_LAST;;1;1;XEUR;11286680;689;
19.12.2024;10:47:17.791;FGBM SI 20250306 PS;SIMPLE_INSTRUMENT;EFS;EUR;26;118.11000000;843;EXCHANGE_LAST;;1;1;XEUR;11286680;689;
19.12.2024;10:53:25.373;FGBM SI 20250306 PS;SIMPLE_INSTRUMENT;EFP_FIN;EUR;27;118.11000000;1113;EXCHANGE_LAST;;1;1;XEUR;11286680;689;
19.12.2024;11:06:43.246;FGBM SI 20250306 PS;SIMPLE_INSTRUMENT;EFP_FIN;EUR;28;118.12000000;280;EXCHANGE_LAST;;1;1;XEUR;11286680;689;
19.12.2024;11:03:58.335;FGBM SI 20250306 PS;SIMPLE_INSTRUMENT;EFS;EUR;29;118.08000000;177;EXCHANGE_LAST;;1;1;XEUR;11286680;689;
19.12.2024;11:05:36.248;FGBM SI 20250306 PS;SIMPLE_INSTRUMENT;EFS;EUR;30;118.08000000;939;EXCHANGE_LAST;;1;1;XEUR;11286680;689;
19.12.2024;11:08:10.640;FGBM SI 20250306 PS;SIMPLE_INSTRUMENT;EFS;EUR;31;118.03000000;1777;EXCHANGE_LAST;;1;1;XEUR;11286680;689;
19.12.2024;11:13:12.052;FGBM SI 20250306 PS;SIMPLE_INSTRUMENT;EFS;EUR;32;118.02000000;1699;EXCHANGE_LAST;;1;1;XEUR;11286680;689;
19.12.2024;11:14:30.895;FGBM SI 20250306 PS;SIMPLE_INSTRUMENT;EFS;EUR;33;118.01000000;889;EXCHANGE_LAST;;1;1;XEUR;11286680;689;
19.12.2024;11:15:16.927;FGBM SI 20250306 PS;SIMPLE_INSTRUMENT;EFS;EUR;34;118.01000000;889;EXCHANGE_LAST;;1;1;XEUR;11286680;689;
19.12.2024;11:28:02.104;FGBM SI 20250306 PS;SIMPLE_INSTRUMENT;EFS;EUR;35;118.00000000;491;EXCHANGE_LAST;;1;1;XEUR;11286680;689;
19.12.2024;11:30:33.241;FGBM SI 20250306 PS;SIMPLE_INSTRUMENT;EFS;EUR;36;118.02000000;944;EXCHANGE_LAST;;1;1;XEUR;11286680;689;
19.12.2024;11:42:16.246;FGBM SI 20250306 PS;SIMPLE_INSTRUMENT;EFS;EUR;37;117.99000000;1474;EXCHANGE_LAST;;1;1;XEUR;11286680;689;
19.12.2024;11:44:41.580;FGBM SI 20250306 PS;SIMPLE_INSTRUMENT;EFS;EUR;38;118.00000000;358;EXCHANGE_LAST;;1;1;XEUR;11286680;689;
19.12.2024;12:43:46.517;FGBM SI 20250306 PS;SIMPLE_INSTRUMENT;EFP_FIN;EUR;39;118.00000000;168;EXCHANGE_LAST;;1;1;XEUR;11286680;689;
19.12.2024;12:44:05.055;FGBM SI 20250306 PS;SIMPLE_INSTRUMENT;EFP_FIN;EUR;40;118.07000000;514;EXCHANGE_LAST;;1;1;XEUR;11286680;689;
19.12.2024;13:01:07.162;FGBM SI 20250306 PS;SIMPLE_INSTRUMENT;EFS;EUR;41;118.09000000;443;EXCHANGE_LAST;;1;1;XEUR;11286680;689;
19.12.2024;13:01:20.775;FGBM SI 20250306 PS;SIMPLE_INSTRUMENT;EFS;EUR;42;118.09000000;887;EXCHANGE_LAST;;1;1;XEUR;11286680;689;
19.12.2024;13:14:26.537;FGBM SI 20250306 PS;SIMPLE_INSTRUMENT;EFS;EUR;43;118.09000000;1473;EXCHANGE_LAST;;1;1;XEUR;11286680;689;
19.12.2024;13:51:24.146;FGBM SI 20250306 PS;SIMPLE_INSTRUMENT;EFP_FIN;EUR;44;118.05000000;858;EXCHANGE_LAST;;1;1;XEUR;11286680;689;
19.12.2024;14:04:07.545;FGBM SI 20250306 PS;SIMPLE_INSTRUMENT;EFP_FIN;EUR;45;118.04000000;199;EXCHANGE_LAST;;1;1;XEUR;11286680;689;
19.12.2024;14:05:56.307;FGBM SI 20250306 PS;SIMPLE_INSTRUMENT;EFP_FIN;EUR;46;118.04000000;234;EXCHANGE_LAST;;1;1;XEUR;11286680;689;
19.12.2024;14:06:10.308;FGBM SI 20250306 PS;SIMPLE_INSTRUMENT;EFP_FIN;EUR;47;118.04000000;262;EXCHANGE_LAST;;1;1;XEUR;11286680;689;
19.12.2024;14:09:10.764;FGBM SI 20250306 PS;SIMPLE_INSTRUMENT;EFP_FIN;EUR;48;118.05000000;864;EXCHANGE_LAST;;1;1;XEUR;11286680;689;
19.12.2024;14:14:02.174;FGBM SI 20250306 PS;SIMPLE_INSTRUMENT;EFP_FIN;EUR;49;118.00000000;863;EXCHANGE_LAST;;1;1;XEUR;11286680;689;
19.12.2024;14:50:15.641;FGBM SI 20250306 PS;SIMPLE_INSTRUMENT;EFS;EUR;50;117.90000000;1779;EXCHANGE_LAST;;1;1;XEUR;11286680;689;
19.12.2024;14:50:20.646;FGBM SI 20250306 PS;SIMPLE_INSTRUMENT;EFS;EUR;51;117.91000000;889;EXCHANGE_LAST;;1;1;XEUR;11286680;689;
19.12.2024;14:53:15.764;FGBM SI 20250306 PS;SIMPLE_INSTRUMENT;EFS;EUR;52;117.91000000;445;EXCHANGE_LAST;;1;1;XEUR;11286680;689;
19.12.2024;15:07:28.376;FGBM SI 20250306 PS;SIMPLE_INSTRUMENT;EFS;EUR;53;117.92000000;444;EXCHANGE_LAST;;1;1;XEUR;11286680;689;
19.12.2024;15:07:51.363;FGBM SI 20250306 PS;SIMPLE_INSTRUMENT;EFS;EUR;54;117.90000000;444;EXCHANGE_LAST;;1;1;XEUR;11286680;689;
19.12.2024;15:09:23.627;FGBM SI 20250306 PS;SIMPLE_INSTRUMENT;EFS;EUR;55;117.88000000;492;EXCHANGE_LAST;;1;1;XEUR;11286680;689;
19.12.2024;15:17:37.515;FGBM SI 20250306 PS;SIMPLE_INSTRUMENT;EFS;EUR;56;117.95000000;841;EXCHANGE_LAST;;1;1;XEUR;11286680;689;
19.12.2024;15:23:08.358;FGBM SI 20250306 PS;SIMPLE_INSTRUMENT;EFS;EUR;57;117.96000000;473;EXCHANGE_LAST;;1;1;XEUR;11286680;689;
19.12.2024;15:24:18.556;FGBM SI 20250306 PS;SIMPLE_INSTRUMENT;EFP_FIN;EUR;58;117.95000000;111;EXCHANGE_LAST;;1;1;XEUR;11286680;689;
19.12.2024;15:43:19.481;FGBM SI 20250306 PS;SIMPLE_INSTRUMENT;EFP_FIN;EUR;59;117.97000000;371;EXCHANGE_LAST;;1;1;XEUR;11286680;689;
19.12.2024;15:45:02.132;FGBM SI 20250306 PS;SIMPLE_INSTRUMENT;EFP_FIN;EUR;60;117.97000000;232;EXCHANGE_LAST;;1;1;XEUR;11286680;689;
19.12.2024;15:44:13.711;FGBM SI 20250306 PS;SIMPLE_INSTRUMENT;EFS;EUR;61;117.98000000;840;EXCHANGE_LAST;;1;1;XEUR;11286680;689;
19.12.2024;15:45:12.031;FGBM SI 20250306 PS;SIMPLE_INSTRUMENT;EFP_FIN;EUR;62;117.97000000;232;EXCHANGE_LAST;;1;1;XEUR;11286680;689;
19.12.2024;15:49:42.147;FGBM SI 20250306 PS;SIMPLE_INSTRUMENT;EFP_FIN;EUR;63;117.96000000;233;EXCHANGE_LAST;;1;1;XEUR;11286680;689;
19.12.2024;15:54:18.693;FGBM SI 20250306 PS;SIMPLE_INSTRUMENT;EFS;EUR;64;118.00000000;362;EXCHANGE_LAST;;1;1;XEUR;11286680;689;
19.12.2024;15:57:40.135;FGBM SI 20250306 PS;SIMPLE_INSTRUMENT;EFS;EUR;65;118.00000000;550;EXCHANGE_LAST;;1;1;XEUR;11286680;689;
19.12.2024;16:00:19.403;FGBM SI 20250306 PS;SIMPLE_INSTRUMENT;EFP_FIN;EUR;66;117.99000000;783;EXCHANGE_LAST;;1;1;XEUR;11286680;689;
19.12.2024;16:03:14.492;FGBM SI 20250306 PS;SIMPLE_INSTRUMENT;EFS;EUR;67;117.96000000;983;EXCHANGE_LAST;;1;1;XEUR;11286680;689;
19.12.2024;16:03:28.769;FGBM SI 20250306 PS;SIMPLE_INSTRUMENT;EFP_FIN;EUR;68;118.01000000;604;EXCHANGE_LAST;;1;1;XEUR;11286680;689;
19.12.2024;16:03:53.584;FGBM SI 20250306 PS;SIMPLE_INSTRUMENT;EFP_FIN;EUR;69;117.96000000;233;EXCHANGE_LAST;;1;1;XEUR;11286680;689;
19.12.2024;16:05:56.277;FGBM SI 20250306 PS;SIMPLE_INSTRUMENT;EFS;EUR;70;118.03000000;444;EXCHANGE_LAST;;1;1;XEUR;11286680;689;
19.12.2024;16:10:15.693;FGBM SI 20250306 PS;SIMPLE_INSTRUMENT;EFS;EUR;71;118.02000000;983;EXCHANGE_LAST;;1;1;XEUR;11286680;689;
19.12.2024;16:18:29.723;FGBM SI 20250306 PS;SIMPLE_INSTRUMENT;EFS;EUR;72;118.05000000;665;EXCHANGE_LAST;;1;1;XEUR;11286680;689;
19.12.2024;16:24:09.573;FGBM SI 20250306 PS;SIMPLE_INSTRUMENT;EFS;EUR;73;118.02000000;421;EXCHANGE_LAST;;1;1;XEUR;11286680;689;
19.12.2024;16:27:05.827;FGBM SI 20250306 PS;SIMPLE_INSTRUMENT;EFP_FIN;EUR;74;118.01000000;431;EXCHANGE_LAST;;1;1;XEUR;11286680;689;
19.12.2024;16:28:16.946;FGBM SI 20250306 PS;SIMPLE_INSTRUMENT;EFP_FIN;EUR;75;118.04000000;777;EXCHANGE_LAST;;1;1;XEUR;11286680;689;
19.12.2024;16:32:55.509;FGBM SI 20250306 PS;SIMPLE_INSTRUMENT;EFS;EUR;76;118.02000000;444;EXCHANGE_LAST;;1;1;XEUR;11286680;689;
19.12.2024;16:34:22.273;FGBM SI 20250306 PS;SIMPLE_INSTRUMENT;EFS;EUR;77;118.03000000;266;EXCHANGE_LAST;;1;1;XEUR;11286680;689;
19.12.2024;16:41:09.472;FGBM SI 20250306 PS;SIMPLE_INSTRUMENT;EFS;EUR;78;118.03000000;738;EXCHANGE_LAST;;1;1;XEUR;11286680;689;
19.12.2024;16:43:20.548;FGBM SI 20250306 PS;SIMPLE_INSTRUMENT;EFS;EUR;79;118.04000000;1965;EXCHANGE_LAST;;1;1;XEUR;11286680;689;
19.12.2024;16:43:42.356;FGBM SI 20250306 PS;SIMPLE_INSTRUMENT;EFS;EUR;80;118.06000000;444;EXCHANGE_LAST;;1;1;XEUR;11286680;689;
19.12.2024;16:45:39.973;FGBM SI 20250306 PS;SIMPLE_INSTRUMENT;EFS;EUR;81;118.06000000;443;EXCHANGE_LAST;;1;1;XEUR;11286680;689;
19.12.2024;16:52:46.353;FGBM SI 20250306 PS;SIMPLE_INSTRUMENT;EFS;EUR;82;118.06000000;3000;EXCHANGE_LAST;;1;1;XEUR;11286680;689;
19.12.2024;16:53:47.736;FGBM SI 20250306 PS;SIMPLE_INSTRUMENT;EFS;EUR;83;118.07000000;842;EXCHANGE_LAST;;1;1;XEUR;11286680;689;
19.12.2024;17:01:33.535;FGBM SI 20250306 PS;SIMPLE_INSTRUMENT;EFS;EUR;84;118.05000000;883;EXCHANGE_LAST;;1;1;XEUR;11286680;689;
19.12.2024;17:07:02.412;FGBM SI 20250306 PS;SIMPLE_INSTRUMENT;EFS;EUR;85;118.05000000;840;EXCHANGE_LAST;;1;1;XEUR;11286680;689;
19.12.2024;17:13:31.981;FGBM SI 20250306 PS;SIMPLE_INSTRUMENT;EFS;EUR;86;118.07000000;982;EXCHANGE_LAST;;1;1;XEUR;11286680;689;
19.12.2024;17:19:51.716;FGBM SI 20250306 PS;SIMPLE_INSTRUMENT;EFS;EUR;87;118.06000000;923;EXCHANGE_LAST;;1;1;XEUR;11286680;689;
19.12.2024;14:50:33.935;FGBM SI 20250306 PS;SIMPLE_INSTRUMENT;VOLA;EUR;268435554;117.97000000;90;EXCHANGE_LAST;;1;1;XEUR;11286680;689;
19.12.2024;14:56:23.589;FGBM SI 20250306 PS;SIMPLE_INSTRUMENT;VOLA;EUR;268435557;117.90000000;753;EXCHANGE_LAST;;1;1;XEUR;11286680;689;
19.12.2024;08:40:12.353;FGBS SI 20250306 PS;SIMPLE_INSTRUMENT;EFS;EUR;1;107.03000000;822;EXCHANGE_LAST;;1;1;XEUR;11286681;690;
19.12.2024;08:41:05.693;FGBS SI 20250306 PS;SIMPLE_INSTRUMENT;EFS;EUR;2;107.03000000;1365;EXCHANGE_LAST;;1;1;XEUR;11286681;690;
19.12.2024;09:04:31.492;FGBS SI 20250306 PS;SIMPLE_INSTRUMENT;EFS;EUR;3;107.05000000;4079;EXCHANGE_LAST;;1;1;XEUR;11286681;690;
19.12.2024;09:05:51.965;FGBS SI 20250306 PS;SIMPLE_INSTRUMENT;EFS;EUR;4;107.04500000;2730;EXCHANGE_LAST;;1;1;XEUR;11286681;690;
19.12.2024;09:40:06.249;FGBS SI 20250306 PS;SIMPLE_INSTRUMENT;EFS;EUR;5;107.06000000;2721;EXCHANGE_LAST;;1;1;XEUR;11286681;690;
19.12.2024;09:41:01.723;FGBS SI 20250306 PS;SIMPLE_INSTRUMENT;EFS;EUR;6;107.06000000;1310;EXCHANGE_LAST;;1;1;XEUR;11286681;690;
19.12.2024;09:49:59.206;FGBS SI 20250306 PS;SIMPLE_INSTRUMENT;EFS;EUR;7;107.05500000;1365;EXCHANGE_LAST;;1;1;XEUR;11286681;690;
19.12.2024;09:50:23.214;FGBS SI 20250306 PS;SIMPLE_INSTRUMENT;EFS;EUR;8;107.05500000;1365;EXCHANGE_LAST;;1;1;XEUR;11286681;690;
19.12.2024;10:03:45.508;FGBS SI 20250306 PS;SIMPLE_INSTRUMENT;EFP_FIN;EUR;9;107.06000000;261;EXCHANGE_LAST;;1;1;XEUR;11286681;690;
19.12.2024;10:05:19.208;FGBS SI 20250306 PS;SIMPLE_INSTRUMENT;EFP_FIN;EUR;10;107.06000000;506;EXCHANGE_LAST;;1;1;XEUR;11286681;690;
19.12.2024;10:56:09.765;FGBS SI 20250306 PS;SIMPLE_INSTRUMENT;EFS;EUR;11;107.05000000;2311;EXCHANGE_LAST;;1;1;XEUR;11286681;690;
19.12.2024;11:21:06.717;FGBS SI 20250306 PS;SIMPLE_INSTRUMENT;EFS;EUR;12;107.05500000;1303;EXCHANGE_LAST;;1;1;XEUR;11286681;690;
19.12.2024;12:17:37.184;FGBS SI 20250306 PS;SIMPLE_INSTRUMENT;EFS;EUR;13;107.05000000;5459;EXCHANGE_LAST;;1;1;XEUR;11286681;690;
19.12.2024;12:41:45.762;FGBS SI 20250306 PS;SIMPLE_INSTRUMENT;EFS;EUR;14;107.04500000;5460;EXCHANGE_LAST;;1;1;XEUR;11286681;690;
19.12.2024;13:05:07.918;FGBS SI 20250306 PS;SIMPLE_INSTRUMENT;EFP_FIN;EUR;15;107.05000000;329;EXCHANGE_LAST;;1;1;XEUR;11286681;690;
19.12.2024;13:05:52.287;FGBS SI 20250306 PS;SIMPLE_INSTRUMENT;EFP_FIN;EUR;16;107.04000000;298;EXCHANGE_LAST;;1;1;XEUR;11286681;690;
19.12.2024;13:14:24.444;FGBS SI 20250306 PS;SIMPLE_INSTRUMENT;EFP_FIN;EUR;17;107.03500000;164;EXCHANGE_LAST;;1;1;XEUR;11286681;690;
19.12.2024;13:39:57.497;FGBS SI 20250306 PS;SIMPLE_INSTRUMENT;EFP_FIN;EUR;18;107.07000000;795;EXCHANGE_LAST;;1;1;XEUR;11286681;690;
19.12.2024;13:49:41.064;FGBS SI 20250306 PS;SIMPLE_INSTRUMENT;EFP_FIN;EUR;19;107.07000000;199;EXCHANGE_LAST;;1;1;XEUR;11286681;690;
19.12.2024;14:07:12.399;FGBS SI 20250306 PS;SIMPLE_INSTRUMENT;EFS;EUR;20;107.03500000;2291;EXCHANGE_LAST;;1;1;XEUR;11286681;690;
19.12.2024;14:26:06.055;FGBS SI 20250306 PS;SIMPLE_INSTRUMENT;EFP_FIN;EUR;21;107.03500000;248;EXCHANGE_LAST;;1;1;XEUR;11286681;690;
19.12.2024;14:57:43.766;FGBS SI 20250306 PS;SIMPLE_INSTRUMENT;EFP_FIN;EUR;22;107.02000000;497;EXCHANGE_LAST;;1;1;XEUR;11286681;690;
19.12.2024;16:04:28.191;FGBS SI 20250306 PS;SIMPLE_INSTRUMENT;EFS;EUR;23;107.06000000;2729;EXCHANGE_LAST;;1;1;XEUR;11286681;690;
19.12.2024;16:08:57.511;FGBS SI 20250306 PS;SIMPLE_INSTRUMENT;EFP_FIN;EUR;24;107.06000000;298;EXCHANGE_LAST;;1;1;XEUR;11286681;690;
19.12.2024;16:21:06.416;FGBS SI 20250306 PS;SIMPLE_INSTRUMENT;EFS;EUR;25;107.05000000;5154;EXCHANGE_LAST;;1;1;XEUR;11286681;690;
19.12.2024;16:21:42.840;FGBS SI 20250306 PS;SIMPLE_INSTRUMENT;EFP_FIN;EUR;26;107.05000000;268;EXCHANGE_LAST;;1;1;XEUR;11286681;690;
19.12.2024;17:02:54.378;FGBS SI 20250306 PS;SIMPLE_INSTRUMENT;EFP_FIN;EUR;27;107.05000000;328;EXCHANGE_LAST;;1;1;XEUR;11286681;690;
19.12.2024;16:39:35.220;FGBS SI 20250306 PS;SIMPLE_INSTRUMENT;EFP_FIN;EUR;28;107.05500000;1297;EXCHANGE_LAST;;1;1;XEUR;11286681;690;
19.12.2024;16:50:22.030;FGBS SI 20250306 PS;SIMPLE_INSTRUMENT;EFP_FIN;EUR;29;107.06000000;648;EXCHANGE_LAST;;1;1;XEUR;11286681;690;
19.12.2024;17:11:37.403;FGBS SI 20250306 PS;SIMPLE_INSTRUMENT;EFP_FIN;EUR;30;107.06000000;648;EXCHANGE_LAST;;1;1;XEUR;11286681;690;
19.12.2024;12:55:28.953;FGBS SI 20250306 PS;SIMPLE_INSTRUMENT;VOLA;EUR;268435504;107.15000000;22;EXCHANGE_LAST;;1;1;XEUR;11286681;690;
19.12.2024;09:59:57.670;FGBX SI 20250306 PS;SIMPLE_INSTRUMENT;EFS;EUR;4;134.62000000;86;EXCHANGE_LAST;;1;1;XEUR;11286682;691;
19.12.2024;10:32:55.842;FGBX SI 20250306 PS;SIMPLE_INSTRUMENT;EFP_FIN;EUR;5;134.88000000;260;EXCHANGE_LAST;;1;1;XEUR;11286682;691;
19.12.2024;10:47:45.073;FGBX SI 20250306 PS;SIMPLE_INSTRUMENT;EFP_FIN;EUR;6;134.88000000;186;EXCHANGE_LAST;;1;1;XEUR;11286682;691;
19.12.2024;12:05:04.469;FGBX SI 20250306 PS;SIMPLE_INSTRUMENT;EFS;EUR;7;134.42000000;35;EXCHANGE_LAST;;1;1;XEUR;11286682;691;
19.12.2024;12:23:22.658;FGBX SI 20250306 PS;SIMPLE_INSTRUMENT;EFS;EUR;8;134.42000000;166;EXCHANGE_LAST;;1;1;XEUR;11286682;691;
19.12.2024;13:11:49.901;FGBX SI 20250306 PS;SIMPLE_INSTRUMENT;EFP_FIN;EUR;10;134.30000000;91;EXCHANGE_LAST;;1;1;XEUR;11286682;691;
19.12.2024;14:32:59.867;FGBX SI 20250306 PS;SIMPLE_INSTRUMENT;EFP_FIN;EUR;12;134.36000000;57;EXCHANGE_LAST;;1;1;XEUR;11286682;691;
19.12.2024;15:52:40.153;FGBX SI 20250306 PS;SIMPLE_INSTRUMENT;EFS;EUR;13;133.68000000;309;EXCHANGE_LAST;;1;1;XEUR;11286682;691;
19.12.2024;15:57:19.492;FGBX SI 20250306 PS;SIMPLE_INSTRUMENT;EFP_FIN;EUR;14;133.66000000;79;EXCHANGE_LAST;;1;1;XEUR;11286682;691;
19.12.2024;16:00:13.041;FGBX SI 20250306 PS;SIMPLE_INSTRUMENT;EFP_FIN;EUR;15;133.66000000;520;EXCHANGE_LAST;;1;1;XEUR;11286682;691;
19.12.2024;16:10:20.122;FGBX SI 20250306 PS;SIMPLE_INSTRUMENT;EFS;EUR;17;134.02000000;362;EXCHANGE_LAST;;1;1;XEUR;11286682;691;
19.12.2024;16:11:04.810;FGBX SI 20250306 PS;SIMPLE_INSTRUMENT;EFS;EUR;18;133.70000000;37;EXCHANGE_LAST;;1;1;XEUR;11286682;691;
19.12.2024;16:32:02.159;FGBX SI 20250306 PS;SIMPLE_INSTRUMENT;EFS;EUR;19;133.76000000;35;EXCHANGE_LAST;;1;1;XEUR;11286682;691;
19.12.2024;16:43:45.124;FGBX SI 20250306 PS;SIMPLE_INSTRUMENT;EFP_FIN;EUR;20;133.80000000;186;EXCHANGE_LAST;;1;1;XEUR;11286682;691;
19.12.2024;16:41:33.357;FGBX SI 20250306 PS;SIMPLE_INSTRUMENT;EFS;EUR;21;133.70000000;115;EXCHANGE_LAST;;1;1;XEUR;11286682;691;
19.12.2024;08:36:51.547;FIAK SI 20241219 CS;SIMPLE_INSTRUMENT;BLOCK;EUR;3;12.50800000;400;EXCHANGE_LAST;;1;1;XEUR;7029937;144766;
19.12.2024;08:37:26.853;FIAK SI 20250320 CS;SIMPLE_INSTRUMENT;BLOCK;EUR;4;12.62700000;400;EXCHANGE_LAST;;1;1;XEUR;10690012;144766;
19.12.2024;15:55:34.913;FIN FI 20250115 CS EU C 71.2000 0;FLEXIBLE_INSTRUMENT;BLOCK;CHF;65;0.41000000;350;EXCHANGE_LAST;;1;1;XEUR;1152924386529905599;671;
19.12.2024;08:14:01.013;FMAE SI 20250321 CS;SIMPLE_INSTRUMENT;EFP_IDX;EUR;52;415.00000000;155;EXCHANGE_LAST;;1;1;XEUR;7590772;48921;
19.12.2024;08:14:49.949;FMAE SI 20250321 CS;SIMPLE_INSTRUMENT;EFP_IDX;EUR;53;415.10000000;245;EXCHANGE_LAST;;1;1;XEUR;7590772;48921;
19.12.2024;04:45:14.263;FMAU SI 20241220 CS;SIMPLE_INSTRUMENT;BLOCK;USD;26;5544.00000000;231;EXCHANGE_LAST;;1;1;XEUR;7192605;45287;
19.12.2024;04:45:16.978;FMAU SI 20250321 CS;SIMPLE_INSTRUMENT;BLOCK;USD;27;5616.62600000;228;EXCHANGE_LAST;;1;1;XEUR;7590511;45287;
19.12.2024;10:01:52.418;FMAU SI 20241220 CS;SIMPLE_INSTRUMENT;BLOCK;USD;79;5560.00000000;925;EXCHANGE_LAST;;1;2;XEUR;7192605;45287;
19.12.2024;10:02:05.824;FMAU SI 20250321 CS;SIMPLE_INSTRUMENT;BLOCK;USD;80;5631.44600000;914;EXCHANGE_LAST;;2;1;XEUR;7590511;45287;
19.12.2024;16:57:16.011;FMCE SI 20241220 CS;SIMPLE_INSTRUMENT;EFP_IDX;EUR;61;499.50000000;123;EXCHANGE_LAST;;1;1;XEUR;9693447;665;
19.12.2024;16:58:28.571;FMCE SI 20241220 CS;SIMPLE_INSTRUMENT;EFP_IDX;EUR;62;499.60000000;14;EXCHANGE_LAST;;1;1;XEUR;9693447;665;
19.12.2024;16:58:16.785;FMCE SI 20241220 CS;SIMPLE_INSTRUMENT;BLOCK;EUR;86;499.60000000;125;EXCHANGE_LAST;;1;1;XEUR;9693447;665;
19.12.2024;16:58:01.991;FMCE SI 20241220 CS;SIMPLE_INSTRUMENT;BLOCK;EUR;87;499.50000000;1127;EXCHANGE_LAST;;1;1;XEUR;9693447;665;
19.12.2024;01:45:36.817;FMCH SI 20241220 CS;SIMPLE_INSTRUMENT;BLOCK;USD;4;502.00000000;75;EXCHANGE_LAST;;1;1;XEUR;7196792;402909;
19.12.2024;01:46:18.769;FMCH SI 20250321 CS;SIMPLE_INSTRUMENT;BLOCK;USD;5;507.71000000;75;EXCHANGE_LAST;;1;1;XEUR;7592069;402909;
19.12.2024;02:01:26.711;FMCH SI 20241220 CS;SIMPLE_INSTRUMENT;BLOCK;USD;6;502.00000000;229;EXCHANGE_LAST;;1;1;XEUR;7196792;402909;
19.12.2024;02:02:07.325;FMCH SI 20250321 CS;SIMPLE_INSTRUMENT;BLOCK;USD;7;507.47200000;229;EXCHANGE_LAST;;1;1;XEUR;7592069;402909;
19.12.2024;02:39:28.803;FMCH SI 20250321 CS;SIMPLE_INSTRUMENT;BLOCK;USD;10;513.18700000;392;EXCHANGE_LAST;;1;1;XEUR;7592069;402909;
19.12.2024;06:50:12.705;FMCH SI 20241220 CS;SIMPLE_INSTRUMENT;BLOCK;USD;32;503.00000000;1012;EXCHANGE_LAST;;1;1;XEUR;7196792;402909;
19.12.2024;06:50:28.906;FMCH SI 20250321 CS;SIMPLE_INSTRUMENT;BLOCK;USD;33;508.33200000;1001;EXCHANGE_LAST;;1;1;XEUR;7592069;402909;
19.12.2024;06:55:52.047;FMCH SI 20241220 CS;SIMPLE_INSTRUMENT;BLOCK;USD;36;504.00000000;1025;EXCHANGE_LAST;;1;1;XEUR;7196792;402909;
19.12.2024;06:55:05.732;FMCH SI 20250321 CS;SIMPLE_INSTRUMENT;BLOCK;USD;37;509.55000000;1025;EXCHANGE_LAST;;1;1;XEUR;7592069;402909;
19.12.2024;08:24:40.600;FMCH SI 20241220 CS;SIMPLE_INSTRUMENT;BLOCK;USD;58;505.40000000;672;EXCHANGE_LAST;;1;1;XEUR;7196792;402909;
19.12.2024;08:24:57.656;FMCH SI 20250321 CS;SIMPLE_INSTRUMENT;BLOCK;USD;59;510.75700000;665;EXCHANGE_LAST;;1;1;XEUR;7592069;402909;
19.12.2024;08:26:11.578;FMCH SI 20241220 CS;SIMPLE_INSTRUMENT;BLOCK;USD;60;505.90000000;2966;EXCHANGE_LAST;;1;1;XEUR;7196792;402909;
19.12.2024;08:27:24.730;FMCH SI 20250321 CS;SIMPLE_INSTRUMENT;BLOCK;USD;61;511.36400000;2934;EXCHANGE_LAST;;1;1;XEUR;7592069;402909;
19.12.2024;08:33:37.410;FMCH SI 20241220 CS;SIMPLE_INSTRUMENT;BLOCK;USD;65;505.90000000;1000;EXCHANGE_LAST;;1;1;XEUR;7196792;402909;
19.12.2024;08:33:47.358;FMCH SI 20250321 CS;SIMPLE_INSTRUMENT;BLOCK;USD;66;511.36400000;990;EXCHANGE_LAST;;1;1;XEUR;7592069;402909;
19.12.2024;18:12:20.732;FMCH SI 20241220 CS;SIMPLE_INSTRUMENT;BLOCK;USD;149;504.00000000;715;EXCHANGE_LAST;;1;1;XEUR;7196792;402909;
19.12.2024;18:12:13.630;FMCH SI 20250321 CS;SIMPLE_INSTRUMENT;BLOCK;USD;150;509.49400000;707;EXCHANGE_LAST;;1;1;XEUR;7592069;402909;
19.12.2024;16:54:28.892;FMCP SI 20241220 CS;SIMPLE_INSTRUMENT;BLOCK;EUR;79;528.80000000;1254;EXCHANGE_LAST;;1;1;XEUR;10838961;662;
19.12.2024;16:54:43.444;FMCP SI 20241220 CS;SIMPLE_INSTRUMENT;BLOCK;EUR;83;528.90000000;313;EXCHANGE_LAST;;1;1;XEUR;10838961;662;
19.12.2024;17:02:59.625;FMCP SI 20250321 CS;SIMPLE_INSTRUMENT;EFP_IDX;EUR;112;533.00000000;190;EXCHANGE_LAST;;1;1;XEUR;11359149;662;
19.12.2024;00:48:42.307;FMEA SI 20250321 CS;SIMPLE_INSTRUMENT;BLOCK;USD;2;706.43500000;1416;EXCHANGE_LAST;;1;1;XEUR;7589834;12395;
19.12.2024;00:48:58.223;FMEA SI 20241220 CS;SIMPLE_INSTRUMENT;BLOCK;USD;3;697.30000000;1434;EXCHANGE_LAST;;1;1;XEUR;7191938;12395;
19.12.2024;04:20:23.902;FMEA SI 20241220 CS;SIMPLE_INSTRUMENT;BLOCK;USD;16;691.00000000;944;EXCHANGE_LAST;;1;1;XEUR;7191938;12395;
19.12.2024;04:20:34.611;FMEA SI 20250321 CS;SIMPLE_INSTRUMENT;BLOCK;USD;17;699.98300000;932;EXCHANGE_LAST;;1;1;XEUR;7589834;12395;
19.12.2024;04:20:45.548;FMEA SI 20241220 CS;SIMPLE_INSTRUMENT;BLOCK;USD;18;691.00000000;870;EXCHANGE_LAST;;1;1;XEUR;7191938;12395;
19.12.2024;04:20:58.502;FMEA SI 20250321 CS;SIMPLE_INSTRUMENT;BLOCK;USD;19;699.87900000;859;EXCHANGE_LAST;;1;1;XEUR;7589834;12395;
19.12.2024;12:24:36.222;FMEA SI 20241220 CS;SIMPLE_INSTRUMENT;BLOCK;USD;97;683.00000000;2564;EXCHANGE_LAST;;1;1;XEUR;7191938;12395;
19.12.2024;12:25:04.003;FMEA SI 20250321 CS;SIMPLE_INSTRUMENT;BLOCK;USD;98;691.46900000;2533;EXCHANGE_LAST;;1;1;XEUR;7589834;12395;
19.12.2024;12:33:12.870;FMEA SI 20241220 CS;SIMPLE_INSTRUMENT;BLOCK;USD;99;684.00000000;3754;EXCHANGE_LAST;;1;1;XEUR;7191938;12395;
19.12.2024;12:33:34.300;FMEA SI 20250321 CS;SIMPLE_INSTRUMENT;BLOCK;USD;100;692.24200000;3709;EXCHANGE_LAST;;1;1;XEUR;7589834;12395;
19.12.2024;14:06:09.504;FMEA SI 20241220 CS;SIMPLE_INSTRUMENT;BLOCK;USD;110;688.00000000;800;EXCHANGE_LAST;;1;1;XEUR;7191938;12395;
19.12.2024;14:06:14.073;FMEA SI 20250321 CS;SIMPLE_INSTRUMENT;BLOCK;USD;111;696.39400000;790;EXCHANGE_LAST;;1;1;XEUR;7589834;12395;
19.12.2024;07:44:55.866;FMED SI 20241220 CS;SIMPLE_INSTRUMENT;BLOCK;USD;45;9347.65000000;1070;EXCHANGE_LAST;;1;1;XEUR;7193401;48144;
19.12.2024;08:29:30.353;FMED SI 20241220 CS;SIMPLE_INSTRUMENT;BLOCK;USD;64;9347.65000000;2140;EXCHANGE_LAST;;2;1;XEUR;7193401;48144;
19.12.2024;14:38:55.038;FMED SI 20241220 CS;SIMPLE_INSTRUMENT;BLOCK;USD;114;9160.00000000;2730;EXCHANGE_LAST;;1;1;XEUR;7193401;48144;
19.12.2024;14:40:25.106;FMED SI 20250321 CS;SIMPLE_INSTRUMENT;BLOCK;USD;115;9280.45400000;2695;EXCHANGE_LAST;;1;1;XEUR;7590729;48144;
19.12.2024;17:18:37.317;FMED SI 20241220 CS;SIMPLE_INSTRUMENT;BLOCK;USD;143;9110.00000000;735;EXCHANGE_LAST;;1;1;XEUR;7193401;48144;
19.12.2024;17:18:42.727;FMED SI 20250321 CS;SIMPLE_INSTRUMENT;BLOCK;USD;144;9231.61900000;725;EXCHANGE_LAST;;1;1;XEUR;7590729;48144;
19.12.2024;07:39:08.547;FMEE SI 20241220 CS;SIMPLE_INSTRUMENT;BLOCK;USD;43;316.17000000;158;EXCHANGE_LAST;;1;1;XEUR;7191941;12396;
19.12.2024;07:37:06.222;FMEL SI 20250321 CS;SIMPLE_INSTRUMENT;BLOCK;USD;42;484.21500000;42;EXCHANGE_LAST;;1;1;XEUR;7589856;12397;
19.12.2024;07:56:06.745;FMES SI 20250321 CS;SIMPLE_INSTRUMENT;BLOCK;EUR;51;562.53100000;5;EXCHANGE_LAST;;1;1;XEUR;7591454;221291;
19.12.2024;10:20:51.870;FMES.S.DEC24.MAR25.SPD;FUTURES_SPREAD;BLOCK;EUR;85;-5.10000000;90;EXCHANGE_LAST;;1;1;XEUR;73008031645827354;221291;
19.12.2024;10:20:51.870;FMES SI 20241220 CS;SIMPLE_INSTRUMENT;BLOCK;EUR;85;558.25000000;90;PRC_DECOMP_EXCHANGE;;;;XEUR;7194760;221291;EXCHANGE
19.12.2024;10:20:51.870;FMES SI 20250321 CS;SIMPLE_INSTRUMENT;BLOCK;EUR;85;563.35000000;90;PRC_DECOMP_EXCHANGE;;;;XEUR;7591454;221291;EXCHANGE
19.12.2024;06:44:31.537;FMEU SI 20250321 CS;SIMPLE_INSTRUMENT;EFP_IDX;EUR;31;343.65000000;84;EXCHANGE_LAST;;1;1;XEUR;7589708;7058;
19.12.2024;14:22:17.977;FMFP SI 20241220 CS;SIMPLE_INSTRUMENT;BLOCK;USD;112;2262.30000000;145;EXCHANGE_LAST;;1;1;XEUR;7193657;51999;
19.12.2024;14:22:20.498;FMFP SI 20250321 CS;SIMPLE_INSTRUMENT;BLOCK;USD;113;2282.95000000;145;EXCHANGE_LAST;;1;1;XEUR;7411195;51999;
19.12.2024;16:02:31.577;FMFP SI 20250321 CS;SIMPLE_INSTRUMENT;BLOCK;USD;128;2275.00000000;68;EXCHANGE_LAST;;1;1;XEUR;7411195;51999;
19.12.2024;07:42:45.775;FMGC SI 20250321 CS;SIMPLE_INSTRUMENT;BLOCK;USD;44;12713.26000000;50;EXCHANGE_LAST;;1;1;XEUR;7590767;48916;
19.12.2024;16:25:03.600;FMGC SI 20241220 CS;SIMPLE_INSTRUMENT;BLOCK;USD;131;12430.00000000;53;EXCHANGE_LAST;;1;1;XEUR;7193447;48916;
19.12.2024;16:25:26.645;FMGC SI 20250321 CS;SIMPLE_INSTRUMENT;BLOCK;USD;132;12618.00000000;52;EXCHANGE_LAST;;1;1;XEUR;7590767;48916;
19.12.2024;14:54:13.410;FMGO SI 20250321 CS;SIMPLE_INSTRUMENT;BLOCK;USD;116;5145.00000000;200;EXCHANGE_LAST;;1;1;XEUR;8609359;583623;
19.12.2024;12:14:31.487;FMGS SI 20241220 CS;SIMPLE_INSTRUMENT;BLOCK;USD;96;26817.99100000;1806;EXCHANGE_LAST;;1;1;XEUR;7193445;48912;
19.12.2024;15:16:39.816;FMGS SI 20241220 CS;SIMPLE_INSTRUMENT;BLOCK;USD;120;26947.00000000;414;EXCHANGE_LAST;;1;1;XEUR;7193445;48912;
19.12.2024;15:17:04.448;FMGS SI 20250321 CS;SIMPLE_INSTRUMENT;BLOCK;USD;121;27337.73100000;408;EXCHANGE_LAST;;1;1;XEUR;7590768;48912;
19.12.2024;15:37:40.945;FMGS SI 20241220 CS;SIMPLE_INSTRUMENT;BLOCK;USD;124;26940.00000000;50;EXCHANGE_LAST;;1;1;XEUR;7193445;48912;
19.12.2024;15:38:38.794;FMGS SI 20250321 CS;SIMPLE_INSTRUMENT;BLOCK;USD;125;27330.63000000;49;EXCHANGE_LAST;;1;1;XEUR;7590768;48912;
19.12.2024;16:02:43.414;FMGS SI 20241220 CS;SIMPLE_INSTRUMENT;BLOCK;USD;129;26940.00000000;557;EXCHANGE_LAST;;1;1;XEUR;7193445;48912;
19.12.2024;16:02:43.414;FMGS SI 20250321 CS;SIMPLE_INSTRUMENT;BLOCK;USD;130;27330.63000000;549;EXCHANGE_LAST;;1;1;XEUR;7590768;48912;
19.12.2024;17:21:13.464;FMGS SI 20241220 CS;SIMPLE_INSTRUMENT;BLOCK;USD;145;27010.00000000;335;EXCHANGE_LAST;;1;1;XEUR;7193445;48912;
19.12.2024;17:21:29.511;FMGS SI 20250321 CS;SIMPLE_INSTRUMENT;BLOCK;USD;146;27398.94400000;330;EXCHANGE_LAST;;1;1;XEUR;7590768;48912;
19.12.2024;17:23:56.783;FMGS SI 20241220 CS;SIMPLE_INSTRUMENT;BLOCK;USD;147;26940.00000000;385;EXCHANGE_LAST;;1;1;XEUR;7193445;48912;
19.12.2024;17:24:25.353;FMGS SI 20250321 CS;SIMPLE_INSTRUMENT;BLOCK;USD;148;27325.24200000;380;EXCHANGE_LAST;;1;1;XEUR;7590768;48912;
19.12.2024;09:43:52.109;FMHK SI 20241220 CS;SIMPLE_INSTRUMENT;BLOCK;USD;76;55690.00000000;144;EXCHANGE_LAST;;1;1;XEUR;7192592;45282;
19.12.2024;09:44:26.145;FMHK SI 20250321 CS;SIMPLE_INSTRUMENT;BLOCK;USD;77;56391.69400000;142;EXCHANGE_LAST;;1;1;XEUR;7590500;45282;
19.12.2024;09:52:25.843;FMHK SI 20241220 CS;SIMPLE_INSTRUMENT;BLOCK;USD;81;55650.00000000;60;EXCHANGE_LAST;;1;1;XEUR;7192592;45282;
19.12.2024;09:52:45.175;FMHK SI 20250321 CS;SIMPLE_INSTRUMENT;BLOCK;USD;82;56351.19000000;60;EXCHANGE_LAST;;1;1;XEUR;7590500;45282;
19.12.2024;02:50:51.442;FMID SI 20250321 CS;SIMPLE_INSTRUMENT;BLOCK;USD;1;1554.70000000;50;EXCHANGE_LAST;;1;1;XEUR;7590528;45289;
19.12.2024;03:24:22.532;FMID SI 20241220 CS;SIMPLE_INSTRUMENT;BLOCK;USD;3;1544.00000000;515;EXCHANGE_LAST;;1;1;XEUR;7192610;45289;
19.12.2024;03:24:24.773;FMID SI 20250321 CS;SIMPLE_INSTRUMENT;BLOCK;USD;4;1562.21900000;509;EXCHANGE_LAST;;1;1;XEUR;7590528;45289;
19.12.2024;03:31:51.744;FMID SI 20250321 CS;SIMPLE_INSTRUMENT;BLOCK;USD;5;1553.30000000;50;EXCHANGE_LAST;;1;1;XEUR;7590528;45289;
19.12.2024;03:45:22.223;FMID SI 20241220 CS;SIMPLE_INSTRUMENT;BLOCK;USD;7;1552.00000000;515;EXCHANGE_LAST;;1;1;XEUR;7192610;45289;
19.12.2024;03:45:27.675;FMID SI 20250321 CS;SIMPLE_INSTRUMENT;BLOCK;USD;8;1570.00300000;509;EXCHANGE_LAST;;1;1;XEUR;7590528;45289;
19.12.2024;05:04:28.624;FMID SI 20250321 CS;SIMPLE_INSTRUMENT;BLOCK;USD;18;1555.00000000;40;EXCHANGE_LAST;;1;1;XEUR;7590528;45289;
19.12.2024;05:23:08.090;FMID SI 20250321 CS;SIMPLE_INSTRUMENT;BLOCK;USD;19;1554.20000000;40;EXCHANGE_LAST;;1;1;XEUR;7590528;45289;
19.12.2024;08:44:41.600;FMID SI 20241220 CS;SIMPLE_INSTRUMENT;BLOCK;USD;31;1550.00000000;170;EXCHANGE_LAST;;1;1;XEUR;7192610;45289;
19.12.2024;08:44:52.537;FMID SI 20250321 CS;SIMPLE_INSTRUMENT;BLOCK;USD;32;1569.90000000;170;EXCHANGE_LAST;;1;1;XEUR;7590528;45289;
19.12.2024;02:29:55.674;FMIN SI 20241220 CS;SIMPLE_INSTRUMENT;BLOCK;USD;8;1293.69100000;1190;EXCHANGE_LAST;;1;1;XEUR;7191968;12404;
19.12.2024;03:05:41.089;FMIN SI 20241220 CS;SIMPLE_INSTRUMENT;BLOCK;USD;11;1294.27500000;100;EXCHANGE_LAST;;1;1;XEUR;7191968;12404;
19.12.2024;03:13:23.922;FMIN SI 20241220 CS;SIMPLE_INSTRUMENT;BLOCK;USD;12;1275.00000000;2800;EXCHANGE_LAST;;1;1;XEUR;7191968;12404;
19.12.2024;03:13:47.735;FMIN SI 20250321 CS;SIMPLE_INSTRUMENT;BLOCK;USD;13;1294.64000000;2800;EXCHANGE_LAST;;1;1;XEUR;7589865;12404;
19.12.2024;04:34:33.134;FMIN SI 20241220 CS;SIMPLE_INSTRUMENT;BLOCK;USD;20;1273.49200000;3143;EXCHANGE_LAST;;1;1;XEUR;7191968;12404;
19.12.2024;04:34:44.454;FMIN SI 20250321 CS;SIMPLE_INSTRUMENT;BLOCK;USD;21;1292.84900000;3095;EXCHANGE_LAST;;1;1;XEUR;7589865;12404;
19.12.2024;04:35:28.127;FMIN SI 20241220 CS;SIMPLE_INSTRUMENT;BLOCK;USD;22;1274.00000000;785;EXCHANGE_LAST;;1;1;XEUR;7191968;12404;
19.12.2024;04:35:39.488;FMIN SI 20250321 CS;SIMPLE_INSTRUMENT;BLOCK;USD;23;1292.85500000;774;EXCHANGE_LAST;;1;1;XEUR;7589865;12404;
19.12.2024;04:35:55.465;FMIN SI 20241220 CS;SIMPLE_INSTRUMENT;BLOCK;USD;24;1275.90000000;588;EXCHANGE_LAST;;1;1;XEUR;7191968;12404;
19.12.2024;04:36:06.488;FMIN SI 20250321 CS;SIMPLE_INSTRUMENT;BLOCK;USD;25;1294.78300000;579;EXCHANGE_LAST;;1;1;XEUR;7589865;12404;
19.12.2024;05:37:20.051;FMIN SI 20250321 CS;SIMPLE_INSTRUMENT;BLOCK;USD;28;1300.00000000;58;EXCHANGE_LAST;;1;1;XEUR;7589865;12404;
19.12.2024;06:32:08.788;FMIN SI 20241220 CS;SIMPLE_INSTRUMENT;BLOCK;USD;29;1324.69700000;40;EXCHANGE_LAST;;1;1;XEUR;7191968;12404;
19.12.2024;06:32:21.774;FMIN SI 20250321 CS;SIMPLE_INSTRUMENT;BLOCK;USD;30;1324.69700000;40;EXCHANGE_LAST;;1;1;XEUR;7589865;12404;
19.12.2024;06:53:47.570;FMIN SI 20241220 CS;SIMPLE_INSTRUMENT;BLOCK;USD;34;1273.00000000;102;EXCHANGE_LAST;;1;1;XEUR;7191968;12404;
19.12.2024;06:54:09.050;FMIN SI 20250321 CS;SIMPLE_INSTRUMENT;BLOCK;USD;35;1292.35000000;100;EXCHANGE_LAST;;1;1;XEUR;7589865;12404;
19.12.2024;07:53:15.646;FMIN SI 20241220 CS;SIMPLE_INSTRUMENT;BLOCK;USD;49;1293.69100000;192;EXCHANGE_LAST;;1;1;XEUR;7191968;12404;
19.12.2024;07:55:12.851;FMIN SI 20241220 CS;SIMPLE_INSTRUMENT;BLOCK;USD;50;1293.69100000;428;EXCHANGE_LAST;;3;1;XEUR;7191968;12404;
19.12.2024;08:24:10.086;FMIN SI 20241220 CS;SIMPLE_INSTRUMENT;BLOCK;USD;56;1282.00000000;247;EXCHANGE_LAST;;1;1;XEUR;7191968;12404;
19.12.2024;08:24:26.502;FMIN SI 20250321 CS;SIMPLE_INSTRUMENT;BLOCK;USD;57;1300.58900000;243;EXCHANGE_LAST;;1;1;XEUR;7589865;12404;
19.12.2024;09:32:16.926;FMIN SI 20241220 CS;SIMPLE_INSTRUMENT;BLOCK;USD;73;1281.00000000;84;EXCHANGE_LAST;;1;1;XEUR;7191968;12404;
19.12.2024;09:32:43.484;FMIN SI 20250321 CS;SIMPLE_INSTRUMENT;BLOCK;USD;74;1299.57500000;83;EXCHANGE_LAST;;1;1;XEUR;7589865;12404;
19.12.2024;00:25:02.685;FMJP SI 20241220 CS;SIMPLE_INSTRUMENT;BLOCK;USD;1;8572.64700000;155;EXCHANGE_LAST;;1;1;XEUR;7190889;661;
19.12.2024;16:52:27.144;FMJP SI 20241220 CS;SIMPLE_INSTRUMENT;BLOCK;USD;135;8430.00000000;660;EXCHANGE_LAST;;1;1;XEUR;7190889;661;
19.12.2024;16:52:42.780;FMJP SI 20250321 CS;SIMPLE_INSTRUMENT;BLOCK;USD;136;8537.90400000;652;EXCHANGE_LAST;;1;1;XEUR;7588794;661;
19.12.2024;12:13:44.337;FMMU SI 20250321 CS;SIMPLE_INSTRUMENT;BLOCK;EUR;95;297.80000000;151;EXCHANGE_LAST;;1;1;XEUR;7590724;48138;
19.12.2024;03:48:04.194;FMMY SI 20241220 CS;SIMPLE_INSTRUMENT;BLOCK;USD;14;379.00000000;285;EXCHANGE_LAST;;1;1;XEUR;7191971;12405;
19.12.2024;03:48:06.771;FMMY SI 20250321 CS;SIMPLE_INSTRUMENT;BLOCK;USD;15;383.62400000;282;EXCHANGE_LAST;;1;1;XEUR;7589866;12405;
19.12.2024;08:23:36.293;FMMY SI 20241220 CS;SIMPLE_INSTRUMENT;BLOCK;USD;54;380.00000000;111;EXCHANGE_LAST;;1;1;XEUR;7191971;12405;
19.12.2024;08:23:50.401;FMMY SI 20250321 CS;SIMPLE_INSTRUMENT;BLOCK;USD;55;384.59800000;110;EXCHANGE_LAST;;1;1;XEUR;7589866;12405;
19.12.2024;06:50:33.909;FMNZ SI 20241220 CS;SIMPLE_INSTRUMENT;BLOCK;USD;22;594.70000000;12;EXCHANGE_LAST;;1;1;XEUR;7192586;45279;
19.12.2024;06:51:05.648;FMNZ SI 20250321 CS;SIMPLE_INSTRUMENT;BLOCK;USD;23;601.95500000;12;EXCHANGE_LAST;;1;1;XEUR;7590495;45279;
19.12.2024;07:42:20.569;FMNZ SI 20241220 CS;SIMPLE_INSTRUMENT;BLOCK;USD;24;594.70000000;17;EXCHANGE_LAST;;1;1;XEUR;7192586;45279;
19.12.2024;07:42:37.763;FMNZ SI 20250321 CS;SIMPLE_INSTRUMENT;BLOCK;USD;25;602.37200000;17;EXCHANGE_LAST;;1;1;XEUR;7590495;45279;
19.12.2024;08:54:51.736;FMPA SI 20241220 CS;SIMPLE_INSTRUMENT;BLOCK;USD;67;8336.00000000;145;EXCHANGE_LAST;;1;1;XEUR;7193399;48143;
19.12.2024;08:55:24.950;FMPA SI 20250321 CS;SIMPLE_INSTRUMENT;BLOCK;USD;68;8445.20200000;143;EXCHANGE_LAST;;1;1;XEUR;7590728;48143;
19.12.2024;10:50:45.798;FMPA SI 20241220 CS;SIMPLE_INSTRUMENT;BLOCK;USD;88;8310.00000000;60;EXCHANGE_LAST;;1;1;XEUR;7193399;48143;
19.12.2024;10:51:14.013;FMPA SI 20250321 CS;SIMPLE_INSTRUMENT;BLOCK;USD;89;8418.86100000;59;EXCHANGE_LAST;;1;1;XEUR;7590728;48143;
19.12.2024;02:51:10.727;FMPH SI 20250321 CS;SIMPLE_INSTRUMENT;BLOCK;USD;2;409.66000000;30;EXCHANGE_LAST;;1;1;XEUR;7589869;12548;
19.12.2024;03:32:15.937;FMPH SI 20250321 CS;SIMPLE_INSTRUMENT;BLOCK;USD;6;408.50000000;30;EXCHANGE_LAST;;1;1;XEUR;7589869;12548;
19.12.2024;07:49:59.002;FMSC SI 20250321 CS;SIMPLE_INSTRUMENT;EFP_IDX;USD;47;719.66800000;31;EXCHANGE_LAST;;1;1;XEUR;7591474;221303;
19.12.2024;10:05:27.349;FMSC.S.DEC24.MAR25.SPD;FUTURES_SPREAD;BLOCK;USD;83;-10.50000000;47;EXCHANGE_LAST;;1;1;XEUR;73008083185434906;221303;
19.12.2024;10:05:27.349;FMSC SI 20241220 CS;SIMPLE_INSTRUMENT;BLOCK;USD;83;730.20000000;47;PRC_DECOMP_EXCHANGE;;;;XEUR;7194781;221303;EXCHANGE
19.12.2024;10:05:27.349;FMSC SI 20250321 CS;SIMPLE_INSTRUMENT;BLOCK;USD;83;740.70000000;47;PRC_DECOMP_EXCHANGE;;;;XEUR;7591474;221303;EXCHANGE
19.12.2024;13:57:31.395;FMSF.S.DEC24.MAR25.SPD;FUTURES_SPREAD;BLOCK;USD;109;-35.00000000;108;EXCHANGE_LAST;;1;1;XEUR;72952407524376861;208340;
19.12.2024;13:57:31.395;FMSF SI 20241220 CS;SIMPLE_INSTRUMENT;BLOCK;USD;109;2409.00000000;108;PRC_DECOMP_MEMBER;;;;XEUR;7194743;208340;MEMBER
19.12.2024;13:57:31.395;FMSF SI 20250321 CS;SIMPLE_INSTRUMENT;BLOCK;USD;109;2444.00000000;108;PRC_DECOMP_MEMBER;;;;XEUR;7591416;208340;MEMBER
19.12.2024;09:33:53.850;FMSI SI 20241220 CS;SIMPLE_INSTRUMENT;BLOCK;USD;33;16900.00000000;240;EXCHANGE_LAST;;1;1;XEUR;7193558;51883;
