#Date;TrdTime;Contract;ContractType;TrdTyp;Currency;TesId;Prc;Qty;TrdInd;Aggressor;Buy;Sell;Exch;InstrumentId;RelatedProdId;PrcDecomp
12.11.2024;16:33:39.667;A2LV SI 20251219 CS;SIMPLE_INSTRUMENT;BLOCK;EUR;76;14.77000000;75;EXCHANGE_LAST;;1;3;XEUR;3681050;12;
12.11.2024;13:23:06.560;A2SG SI 20251219 CS;SIMPLE_INSTRUMENT;BLOCK;EUR;39;1.45500000;350;EXCHANGE_LAST;;1;2;XEUR;5914262;14;
12.11.2024;15:14:50.939;A2SG SI 20281215 CS;SIMPLE_INSTRUMENT;BLOCK;EUR;67;1.32000000;268;EXCHANGE_LAST;;2;1;XEUR;9910346;14;
12.11.2024;13:38:51.525;A2XA SI 20271217 CS;SIMPLE_INSTRUMENT;BLOCK;EUR;46;1.95000000;400;EXCHANGE_LAST;;1;1;XEUR;5914267;17;
12.11.2024;15:47:30.524;ABBN SI 20250919 PS AM P 40.00 0;SIMPLE_INSTRUMENT;BLOCK;CHF;61;1.11000000;1000;EXCHANGE_LAST;;1;1;XEUR;11927934;574517;
12.11.2024;08:40:15.973;ADEN.O.241112.STG.000001;STANDARD_OPTION_STRATEGY;BLOCK;CHF;4;1.76000000;1500;EXCHANGE_LAST;;1;1;XEUR;72057783016513515;44;
12.11.2024;08:40:15.973;ADEN SI 20250620 PS AM P 20.00 0;SIMPLE_INSTRUMENT;BLOCK;CHF;4;0.86000000;1500;PRC_DECOMP_EXCHANGE;;;;XEUR;7956255;44;EXCHANGE
12.11.2024;08:40:15.973;ADEN SI 20250620 PS AM C 26.00 0;SIMPLE_INSTRUMENT;BLOCK;CHF;4;0.90000000;1500;PRC_DECOMP_EXCHANGE;;;;XEUR;11347903;44;EXCHANGE
12.11.2024;09:53:46.196;ADEN SI 20250321 PS AM P 24.00 0;SIMPLE_INSTRUMENT;BLOCK;CHF;20;1.35000000;500;EXCHANGE_LAST;;1;1;XEUR;10827978;44;
12.11.2024;13:06:37.899;ADS.O.241112.STG.000003;STANDARD_OPTION_STRATEGY;BLOCK;EUR;14;35.50000000;500;EXCHANGE_LAST;;1;2;XEUR;72057808786330027;50;
12.11.2024;13:06:37.899;ADS SI 20251219 PS AM C 240.00 0;SIMPLE_INSTRUMENT;BLOCK;EUR;14;19.50000000;500;PRC_DECOMP_MEMBER;;;;XEUR;5919899;50;MEMBER
12.11.2024;13:06:37.899;ADS SI 20251219 PS AM P 200.00 0;SIMPLE_INSTRUMENT;BLOCK;EUR;14;16.00000000;500;PRC_DECOMP_MEMBER;;;;XEUR;5919898;50;MEMBER
12.11.2024;13:15:54.580;ADS SI 20251219 PS AM P 180.00 0;SIMPLE_INSTRUMENT;BLOCK;EUR;16;9.90000000;750;EXCHANGE_LAST;;3;1;XEUR;5919896;50;
12.11.2024;16:50:05.922;AHO SI 20241220 PS AM C 32.50 0;SIMPLE_INSTRUMENT;BLOCK;EUR;28;0.57000000;879;EXCHANGE_LAST;;1;1;XEUR;11871146;68;
12.11.2024;16:50:32.648;AHO SI 20241220 PS AM C 32.50 0;SIMPLE_INSTRUMENT;BLOCK;EUR;29;0.56000000;880;EXCHANGE_LAST;;1;1;XEUR;11871146;68;
12.11.2024;09:59:46.371;AIR.N.241112.000001;NON_STANDARD_OPTION_STRATEGY;BLOCK;EUR;8;5.31000000;100;EXCHANGE_LAST;;1;1;XEUR;72057868915847686;64;
12.11.2024;09:59:46.371;AIR SI 20250620 PS AM P 145.45 1;SIMPLE_INSTRUMENT;BLOCK;EUR;8;3.85000000;300;PRC_DECOMP_EXCHANGE;;;;XEUR;7898013;64;EXCHANGE
12.11.2024;09:59:46.371;AIR SI 20241220 PS AM P 154.55 1;SIMPLE_INSTRUMENT;BLOCK;EUR;8;1.25000000;400;PRC_DECOMP_EXCHANGE;;;;XEUR;10394420;64;EXCHANGE
12.11.2024;09:59:46.371;AIR SI 20241220 PS AM P 154.55 1;SIMPLE_INSTRUMENT;BLOCK;EUR;8;1.24000000;100;PRC_DECOMP_EXCHANGE;;;;XEUR;10394420;64;EXCHANGE
12.11.2024;11:27:55.443;AIR.O.241112.STD.000003;STANDARD_OPTION_STRATEGY;BLOCK;EUR;16;25.70000000;300;EXCHANGE_LAST;;1;1;XEUR;72057868915847688;64;
12.11.2024;11:27:55.443;AIR SI 20251219 PS AM C 160.00 0;SIMPLE_INSTRUMENT;BLOCK;EUR;16;14.88000000;300;PRC_DECOMP_EXCHANGE;;;;XEUR;11290317;64;EXCHANGE
12.11.2024;11:27:55.443;AIR SI 20251219 PS AM P 160.00 0;SIMPLE_INSTRUMENT;BLOCK;EUR;16;10.82000000;300;PRC_DECOMP_EXCHANGE;;;;XEUR;11290318;64;EXCHANGE
12.11.2024;08:39:04.349;AKU SI 20241220 PS AM C 63.00 0;SIMPLE_INSTRUMENT;BLOCK;EUR;1;0.39000000;2413;EXCHANGE_LAST;;1;1;XEUR;11871291;78;
12.11.2024;13:36:12.076;ALC SI 20250919 PS AM P 68.00 0;SIMPLE_INSTRUMENT;BLOCK;CHF;50;2.15000000;750;EXCHANGE_LAST;;1;1;XEUR;11913755;130134;
12.11.2024;15:05:49.688;ALC SI 20250117 PS AM P 80.00 0;SIMPLE_INSTRUMENT;BLOCK;CHF;55;2.55000000;400;EXCHANGE_LAST;;1;1;XEUR;12098728;130134;
12.11.2024;14:01:58.425;ALV SI 20241220 PS AM P 275.00 0;SIMPLE_INSTRUMENT;BLOCK;EUR;3;3.08000000;300;EXCHANGE_LAST;;1;1;XEUR;11871455;74;
12.11.2024;15:36:39.294;AMS.O.241112.BER.000003;STANDARD_OPTION_STRATEGY;BLOCK;CHF;59;1.82000000;350;EXCHANGE_LAST;;1;1;XEUR;72104009749516299;10807;
12.11.2024;15:36:39.294;AMS SI 20250919 PS AM P 12.00 0;SIMPLE_INSTRUMENT;BLOCK;CHF;59;5.87000000;350;PRC_DECOMP_EXCHANGE;;;;XEUR;11997278;10807;EXCHANGE
12.11.2024;15:36:39.294;AMS SI 20250919 PS AM P 10.00 0;SIMPLE_INSTRUMENT;BLOCK;CHF;59;4.05000000;350;PRC_DECOMP_EXCHANGE;;;;XEUR;11997327;10807;EXCHANGE
12.11.2024;15:45:11.286;AMS.O.241112.BER.000002;STANDARD_OPTION_STRATEGY;BLOCK;CHF;60;1.67000000;3000;EXCHANGE_LAST;;1;1;XEUR;72104009749516298;10807;
12.11.2024;15:45:11.286;AMS SI 20250620 PS AM P 9.00 0;SIMPLE_INSTRUMENT;BLOCK;CHF;60;3.09000000;3000;PRC_DECOMP_EXCHANGE;;;;XEUR;11997735;10807;EXCHANGE
12.11.2024;15:45:11.286;AMS SI 20250620 PS AM P 11.00 0;SIMPLE_INSTRUMENT;BLOCK;CHF;60;4.76000000;3000;PRC_DECOMP_EXCHANGE;;;;XEUR;11997758;10807;EXCHANGE
12.11.2024;10:54:32.115;AOM SI 20250321 PS AM P 20.00 0;SIMPLE_INSTRUMENT;BLOCK;EUR;12;1.62000000;500;EXCHANGE_LAST;;1;1;XEUR;11249139;88;
12.11.2024;11:08:35.441;AOM.O.241112.STD.000001;STANDARD_OPTION_STRATEGY;BLOCK;EUR;14;6.47000000;2000;EXCHANGE_LAST;;1;1;XEUR;72057971995058399;88;
12.11.2024;11:08:35.441;AOM SI 20251219 PS AM C 20.00 0;SIMPLE_INSTRUMENT;BLOCK;EUR;14;3.46000000;2000;PRC_DECOMP_EXCHANGE;;;;XEUR;11249191;88;EXCHANGE
12.11.2024;11:08:35.441;AOM SI 20251219 PS AM P 20.00 0;SIMPLE_INSTRUMENT;BLOCK;EUR;14;3.01000000;2000;PRC_DECOMP_EXCHANGE;;;;XEUR;11249181;88;EXCHANGE
12.11.2024;14:49:29.643;AOMJ SI 20241115 CS;SIMPLE_INSTRUMENT;BLOCK;EUR;59;20.05000000;690;EXCHANGE_LAST;;1;1;XEUR;10147826;324379;
12.11.2024;16:24:09.751;ARG SI 20250117 PS AM C 560.00 0;SIMPLE_INSTRUMENT;BLOCK;EUR;11;32.50000000;50;EXCHANGE_LAST;;1;1;XEUR;12104915;355435;
12.11.2024;10:43:51.225;ASG5.O.241112.COMBO.000001;STANDARD_OPTION_STRATEGY;BLOCK;EUR;6;0.16000000;10000;EXCHANGE_LAST;;1;3;XEUR;72058062189367497;109;
12.11.2024;10:43:51.225;ASG5 SI 20250619 PS AM P 22.00 0;SIMPLE_INSTRUMENT;BLOCK;EUR;6;0.57800000;10000;PRC_DECOMP_EXCHANGE;;;;XEUR;11336765;109;EXCHANGE
12.11.2024;10:43:51.225;ASG5 SI 20250619 PS AM C 28.00 0;SIMPLE_INSTRUMENT;BLOCK;EUR;6;0.41800000;10000;PRC_DECOMP_EXCHANGE;;;;XEUR;8191863;109;EXCHANGE
12.11.2024;11:06:53.858;ASM SI 20271217 PS AM P 480.00 0;SIMPLE_INSTRUMENT;BLOCK;EUR;11;63.51000000;75;EXCHANGE_LAST;;1;1;XEUR;8773593;107;
12.11.2024;12:55:51.608;ASM SI 20241220 PS AM P 560.00 0;SIMPLE_INSTRUMENT;BLOCK;EUR;18;5.20000000;200;EXCHANGE_LAST;;1;1;XEUR;5409938;107;
12.11.2024;12:55:56.609;ASM SI 20241220 PS AM C 760.00 0;SIMPLE_INSTRUMENT;BLOCK;EUR;19;2.21000000;200;EXCHANGE_LAST;;1;1;XEUR;10395667;107;
12.11.2024;11:51:42.380;ASMH SI 20241220 CS;SIMPLE_INSTRUMENT;BLOCK;EUR;26;637.51180000;750;EXCHANGE_LAST;;1;1;XEUR;7047762;3979;
12.11.2024;14:47:20.122;ASMH SI 20241115 CS;SIMPLE_INSTRUMENT;BLOCK;EUR;51;634.00000000;50;EXCHANGE_LAST;;1;1;XEUR;10134763;3979;
12.11.2024;13:29:55.373;AXA SI 20250321 PS AM C 36.00 0;SIMPLE_INSTRUMENT;BLOCK;EUR;30;0.66000000;1650;EXCHANGE_LAST;;1;1;XEUR;10830417;127;
12.11.2024;13:30:00.318;AXA SI 20250321 PS AM P 32.00 0;SIMPLE_INSTRUMENT;BLOCK;EUR;31;0.89000000;1650;EXCHANGE_LAST;;1;1;XEUR;10830414;127;
12.11.2024;16:27:36.887;AXA.O.241112.CNV.000008;STANDARD_OPTION_STRATEGY;BLOCK;EUR;47;0.55000000;3500;EXCHANGE_LAST;;1;1;XEUR;72058139498793071;127;
12.11.2024;16:27:36.887;AXA SI 20251219 PS AM P 32.00 0;SIMPLE_INSTRUMENT;BLOCK;EUR;47;2.62000000;3500;PRC_DECOMP_EXCHANGE;;;;XEUR;6158498;127;EXCHANGE
12.11.2024;16:27:36.887;AXA SI 20251219 PS AM C 32.00 0;SIMPLE_INSTRUMENT;BLOCK;EUR;47;3.17000000;3500;PRC_DECOMP_EXCHANGE;;;;XEUR;6158497;127;EXCHANGE
12.11.2024;16:18:48.562;B2AS SI 20251219 CS;SIMPLE_INSTRUMENT;BLOCK;EUR;74;2.22000000;150;EXCHANGE_LAST;;1;1;XEUR;3681119;140;
12.11.2024;14:39:38.730;B2MW SI 20261218 CS;SIMPLE_INSTRUMENT;BLOCK;EUR;50;3.53000000;75;EXCHANGE_LAST;;1;1;XEUR;4632168;128;
12.11.2024;14:49:08.289;B2MW SI 20261218 CS;SIMPLE_INSTRUMENT;BLOCK;EUR;56;3.53000000;50;EXCHANGE_LAST;;1;1;XEUR;4632168;128;
12.11.2024;09:29:19.950;B2NP SI 20261218 CS;SIMPLE_INSTRUMENT;BLOCK;EUR;6;4.35000000;350;EXCHANGE_LAST;;1;1;XEUR;6798320;131;
12.11.2024;09:59:09.315;B2NP SI 20261218 CS;SIMPLE_INSTRUMENT;BLOCK;EUR;12;4.35000000;50;EXCHANGE_LAST;;1;1;XEUR;6798320;131;
12.11.2024;11:15:21.132;B2NP SI 20271217 CS;SIMPLE_INSTRUMENT;BLOCK;EUR;17;3.95000000;150;EXCHANGE_LAST;;1;2;XEUR;7086925;131;
12.11.2024;12:52:40.487;B2NP SI 20251219 CS;SIMPLE_INSTRUMENT;BLOCK;EUR;35;4.79500000;100;EXCHANGE_LAST;;1;1;XEUR;5914355;131;
12.11.2024;15:37:15.374;B3AY SI 20271217 CS;SIMPLE_INSTRUMENT;BLOCK;EUR;68;0.56000000;150;EXCHANGE_LAST;;2;1;XEUR;5914368;76035;
12.11.2024;13:21:21.908;BALN.O.241112.BRT.000003;STANDARD_OPTION_STRATEGY;BLOCK;CHF;46;1.75000000;1000;EXCHANGE_LAST;;1;1;XEUR;72058225398130540;147;
12.11.2024;13:21:21.908;BALN SI 20241115 PS AM P 170.00 0;SIMPLE_INSTRUMENT;BLOCK;CHF;46;3.38000000;1000;PRC_DECOMP_EXCHANGE;;;;XEUR;11699475;147;EXCHANGE
12.11.2024;13:21:21.908;BALN SI 20241220 PS AM P 170.00 0;SIMPLE_INSTRUMENT;BLOCK;CHF;46;5.13000000;1000;PRC_DECOMP_EXCHANGE;;;;XEUR;10396137;147;EXCHANGE
12.11.2024;08:33:46.602;BARN.O.241112.PDIA.000001;STANDARD_OPTION_STRATEGY;BLOCK;CHF;1;-8.80000000;200;EXCHANGE_LAST;;1;1;XEUR;72058233988060105;149;
12.11.2024;08:33:46.602;BARN SI 20260619 PS AM P 1120.00 0;SIMPLE_INSTRUMENT;BLOCK;CHF;1;60.55000000;200;PRC_DECOMP_EXCHANGE;;;;XEUR;11350595;149;EXCHANGE
12.11.2024;08:33:46.602;BARN SI 20241220 PS AM P 1440.00 0;SIMPLE_INSTRUMENT;BLOCK;CHF;1;69.35000000;200;PRC_DECOMP_EXCHANGE;;;;XEUR;8774068;149;EXCHANGE
12.11.2024;08:19:56.867;BAS SI 20241129 PS AM C 47.00 0;SIMPLE_INSTRUMENT;BLOCK;EUR;1;0.16000000;2203;EXCHANGE_LAST;;1;1;XEUR;12068884;150;
12.11.2024;08:20:00.154;BAS SI 20241129 PS AM C 47.00 0;SIMPLE_INSTRUMENT;BLOCK;EUR;2;0.17000000;2203;EXCHANGE_LAST;;1;1;XEUR;12068884;150;
12.11.2024;12:57:48.717;BAS SI 20241220 PS AM C 52.00 0;SIMPLE_INSTRUMENT;BLOCK;EUR;7;0.07000000;500;EXCHANGE_LAST;;1;1;XEUR;4639211;150;
12.11.2024;15:39:17.633;BAS.O.241112.RBUL.000016;STANDARD_OPTION_STRATEGY;BLOCK;EUR;10;-0.36000000;2500;EXCHANGE_LAST;;1;2;XEUR;72058238283088567;150;
12.11.2024;15:39:17.633;BAS SI 20250919 PS AM C 56.00 0;SIMPLE_INSTRUMENT;BLOCK;EUR;10;0.39000000;5000;PRC_DECOMP_EXCHANGE;;;;XEUR;11873004;150;EXCHANGE
12.11.2024;15:39:17.633;BAS SI 20250919 PS AM C 50.00 0;SIMPLE_INSTRUMENT;BLOCK;EUR;10;1.14000000;2500;PRC_DECOMP_EXCHANGE;;;;XEUR;11873029;150;EXCHANGE
12.11.2024;16:28:41.111;BAS SI 20251219 PS AM P 44.00 0;SIMPLE_INSTRUMENT;BLOCK;EUR;12;5.36000000;2500;EXCHANGE_LAST;;2;1;XEUR;5951457;150;
12.11.2024;09:03:32.131;BAY SI 20250321 PS AM P 21.00 0;SIMPLE_INSTRUMENT;BLOCK;EUR;3;1.42000000;2000;EXCHANGE_LAST;;1;1;XEUR;11234148;168;
12.11.2024;14:16:37.154;BAY SI 20250321 PS AM C 28.00 0;SIMPLE_INSTRUMENT;BLOCK;EUR;9;0.30000000;5000;EXCHANGE_LAST;;1;1;XEUR;10831463;168;
12.11.2024;16:46:38.425;BAYG SI 20241220 CS;SIMPLE_INSTRUMENT;BLOCK;EUR;77;21.24790000;10300;EXCHANGE_LAST;;1;1;XEUR;7051807;76034;
12.11.2024;11:30:16.353;BBVD SI 20241115 PS AM P 9.00 0;SIMPLE_INSTRUMENT;BLOCK;EUR;12;0.11000000;6250;EXCHANGE_LAST;;1;1;XEUR;11700115;172;
12.11.2024;11:30:24.079;BBVD SI 20241115 PS AM P 9.00 0;SIMPLE_INSTRUMENT;BLOCK;EUR;13;0.12000000;6250;EXCHANGE_LAST;;1;1;XEUR;11700115;172;
12.11.2024;10:08:30.411;BMW SI 20241220 PS AM P 68.00 0;SIMPLE_INSTRUMENT;BLOCK;EUR;5;2.20000000;1250;EXCHANGE_LAST;;1;1;XEUR;4640266;210;
12.11.2024;12:02:47.773;BMW SI 20251219 PS AM C 68.00 0;SIMPLE_INSTRUMENT;BLOCK;EUR;20;7.10000000;500;EXCHANGE_LAST;;1;1;XEUR;5923229;210;
12.11.2024;12:18:58.529;BMWP FI 20250124 PS;FLEXIBLE_INSTRUMENT;BLOCK;EUR;33;69.16900000;2650;EXCHANGE_LAST;;1;1;XEUR;1153455343271936005;124294;
12.11.2024;11:31:43.688;BNP SI 20241220 PS AM P 54.00 0;SIMPLE_INSTRUMENT;BLOCK;EUR;17;0.27000000;2000;EXCHANGE_LAST;;1;1;XEUR;10221543;237;
12.11.2024;11:31:52.122;BNP SI 20241220 PS AM P 55.00 0;SIMPLE_INSTRUMENT;BLOCK;EUR;19;0.36000000;2500;EXCHANGE_LAST;;1;1;XEUR;9875417;237;
12.11.2024;12:23:38.436;BNP SI 20241220 PS AM P 64.00 0;SIMPLE_INSTRUMENT;BLOCK;EUR;25;4.26000000;1500;EXCHANGE_LAST;;1;1;XEUR;4640398;237;
12.11.2024;13:31:31.454;BNP.O.241112.STG.000005;STANDARD_OPTION_STRATEGY;BLOCK;EUR;32;4.75000000;500;EXCHANGE_LAST;;1;1;XEUR;72058611945197497;237;
12.11.2024;13:31:31.454;BNP SI 20250321 PS AM P 60.00 0;SIMPLE_INSTRUMENT;BLOCK;EUR;32;3.04000000;500;PRC_DECOMP_EXCHANGE;;;;XEUR;10832956;237;EXCHANGE
12.11.2024;13:31:31.454;BNP SI 20250321 PS AM C 64.00 0;SIMPLE_INSTRUMENT;BLOCK;EUR;32;1.71000000;500;PRC_DECOMP_EXCHANGE;;;;XEUR;10832961;237;EXCHANGE
12.11.2024;14:48:49.271;BNP.O.241112.BUL.000008;STANDARD_OPTION_STRATEGY;BLOCK;EUR;33;0.95000000;1200;EXCHANGE_LAST;;1;1;XEUR;72058611945197500;237;
12.11.2024;14:48:49.271;BNP SI 20250321 PS AM C 64.00 0;SIMPLE_INSTRUMENT;BLOCK;EUR;33;1.71000000;1200;PRC_DECOMP_MEMBER;;;;XEUR;10832961;237;MEMBER
12.11.2024;14:48:49.271;BNP SI 20250321 PS AM C 68.00 0;SIMPLE_INSTRUMENT;BLOCK;EUR;33;0.76000000;1200;PRC_DECOMP_MEMBER;;;;XEUR;10832940;237;MEMBER
12.11.2024;12:15:41.708;BOSF SI 20250417 CS;SIMPLE_INSTRUMENT;BLOCK;EUR;32;39.70400000;150;EXCHANGE_LAST;;1;1;XEUR;10832425;231;
12.11.2024;10:54:16.616;BPV.O.241112.STD.000001;STANDARD_OPTION_STRATEGY;BLOCK;EUR;8;1.32000000;1000;EXCHANGE_LAST;;1;1;XEUR;72058672074719300;251;
12.11.2024;10:54:16.616;BPV SI 20250619 PS AM P 6.00 0;SIMPLE_INSTRUMENT;BLOCK;EUR;8;0.47750000;1000;PRC_DECOMP_EXCHANGE;;;;XEUR;11337109;251;EXCHANGE
12.11.2024;10:54:16.616;BPV SI 20250619 PS AM C 6.00 0;SIMPLE_INSTRUMENT;BLOCK;EUR;8;0.84250000;1000;PRC_DECOMP_EXCHANGE;;;;XEUR;11337123;251;EXCHANGE
12.11.2024;13:18:22.786;BPVJ SI 20241219 CS;SIMPLE_INSTRUMENT;BLOCK;EUR;40;6.49100000;9900;EXCHANGE_LAST;;1;1;XEUR;7029761;48715;
12.11.2024;16:18:35.422;BYG.O.241112.STG.000002;STANDARD_OPTION_STRATEGY;BLOCK;EUR;39;6.50000000;2500;EXCHANGE_LAST;;3;2;XEUR;72058796628777062;280;
12.11.2024;16:18:35.422;BYG SI 20271217 PS AM P 28.00 0;SIMPLE_INSTRUMENT;BLOCK;EUR;39;4.42000000;2500;PRC_DECOMP_EXCHANGE;;;;XEUR;8777259;280;EXCHANGE
12.11.2024;16:18:35.422;BYG SI 20271217 PS AM C 32.00 0;SIMPLE_INSTRUMENT;BLOCK;EUR;39;2.08000000;2500;PRC_DECOMP_EXCHANGE;;;;XEUR;8777241;280;EXCHANGE
12.11.2024;15:42:56.256;C2GM SI 20251219 CS;SIMPLE_INSTRUMENT;BLOCK;EUR;69;3.45000000;500;EXCHANGE_LAST;;2;3;XEUR;5914442;151313;
12.11.2024;16:02:12.931;C2GM SI 20251219 CS;SIMPLE_INSTRUMENT;BLOCK;EUR;70;3.45000000;100;EXCHANGE_LAST;;1;1;XEUR;5914442;151313;
12.11.2024;09:06:15.641;CBK SI 20251219 PS AM P 13.00 0;SIMPLE_INSTRUMENT;BLOCK;EUR;4;0.86000000;3000;EXCHANGE_LAST;;1;1;XEUR;11262576;268;
12.11.2024;09:06:16.360;CBK SI 20251219 PS AM P 8.00 0;SIMPLE_INSTRUMENT;BLOCK;EUR;5;0.14000000;3000;EXCHANGE_LAST;;1;1;XEUR;5924458;268;
12.11.2024;13:29:32.026;CBK SI 20250919 PS AM P 10.00 0;SIMPLE_INSTRUMENT;BLOCK;EUR;19;0.23000000;10500;EXCHANGE_LAST;;1;1;XEUR;11875717;268;
12.11.2024;13:29:32.027;CBK SI 20250919 PS AM P 10.00 0;SIMPLE_INSTRUMENT;BLOCK;EUR;20;0.22000000;2000;EXCHANGE_LAST;;1;1;XEUR;11875717;268;
12.11.2024;15:33:30.983;CBK SI 20250321 PS AM P 11.00 0;SIMPLE_INSTRUMENT;BLOCK;EUR;25;0.11000000;7250;EXCHANGE_LAST;;1;1;XEUR;10833891;268;
12.11.2024;15:33:30.986;CBK SI 20250321 PS AM P 11.00 0;SIMPLE_INSTRUMENT;BLOCK;EUR;26;0.12000000;5250;EXCHANGE_LAST;;1;1;XEUR;10833891;268;
12.11.2024;15:33:48.646;CBK SI 20250620 PS AM P 10.00 0;SIMPLE_INSTRUMENT;BLOCK;EUR;27;0.18000000;23400;EXCHANGE_LAST;;1;1;XEUR;7900437;268;
12.11.2024;15:33:48.666;CBK SI 20250620 PS AM P 10.00 0;SIMPLE_INSTRUMENT;BLOCK;EUR;28;0.17000000;2600;EXCHANGE_LAST;;1;1;XEUR;7900437;268;
12.11.2024;16:46:48.927;CBK SI 20241220 PS AM C 17.00 0;SIMPLE_INSTRUMENT;BLOCK;EUR;29;0.18000000;7235;EXCHANGE_LAST;;1;1;XEUR;10399778;268;
12.11.2024;16:46:51.418;CBK SI 20241220 PS AM C 17.00 0;SIMPLE_INSTRUMENT;BLOCK;EUR;30;0.20000000;2765;EXCHANGE_LAST;;1;1;XEUR;10399778;268;
12.11.2024;09:10:25.801;CFR.O.241112.PDIA.000009;STANDARD_OPTION_STRATEGY;BLOCK;CHF;11;-0.38000000;500;EXCHANGE_LAST;;1;1;XEUR;72058938362724902;313;
12.11.2024;09:10:25.801;CFR SI 20250117 PS AM P 110.00 0;SIMPLE_INSTRUMENT;BLOCK;CHF;11;2.25000000;500;PRC_DECOMP_EXCHANGE;;;;XEUR;12071439;313;EXCHANGE
12.11.2024;09:10:25.801;CFR SI 20241115 PS AM P 120.00 0;SIMPLE_INSTRUMENT;BLOCK;CHF;11;2.63000000;500;PRC_DECOMP_EXCHANGE;;;;XEUR;11702464;313;EXCHANGE
12.11.2024;09:22:16.806;CFR.O.241112.STG.000010;STANDARD_OPTION_STRATEGY;BLOCK;CHF;13;7.36000000;1000;EXCHANGE_LAST;;1;1;XEUR;72058938362724903;313;
12.11.2024;09:22:16.806;CFR SI 20250321 PS AM C 130.00 0;SIMPLE_INSTRUMENT;BLOCK;CHF;13;3.36000000;1000;PRC_DECOMP_EXCHANGE;;;;XEUR;10834894;313;EXCHANGE
12.11.2024;09:22:16.806;CFR SI 20250321 PS AM P 110.00 0;SIMPLE_INSTRUMENT;BLOCK;CHF;13;4.00000000;1000;PRC_DECOMP_EXCHANGE;;;;XEUR;10834880;313;EXCHANGE
12.11.2024;09:30:18.883;CFR SI 20250620 PS AM P 120.00 0;SIMPLE_INSTRUMENT;BLOCK;CHF;14;10.45000000;1000;EXCHANGE_LAST;;1;1;XEUR;9996501;313;
12.11.2024;13:08:55.951;CFR SI 20250321 PS AM P 110.00 0;SIMPLE_INSTRUMENT;BLOCK;CHF;41;3.97000000;500;EXCHANGE_LAST;;1;1;XEUR;10834880;313;
12.11.2024;13:08:56.504;CFR SI 20250321 PS AM C 130.00 0;SIMPLE_INSTRUMENT;BLOCK;CHF;42;3.33000000;500;EXCHANGE_LAST;;1;1;XEUR;10834894;313;
12.11.2024;15:26:01.000;CFR SI 20250321 PS AM C 130.00 0;SIMPLE_INSTRUMENT;BLOCK;CHF;56;3.33000000;500;EXCHANGE_LAST;;1;1;XEUR;10834894;313;
12.11.2024;15:26:01.658;CFR SI 20250321 PS AM P 110.00 0;SIMPLE_INSTRUMENT;BLOCK;CHF;57;4.26000000;500;EXCHANGE_LAST;;1;1;XEUR;10834880;313;
12.11.2024;17:05:27.093;CFRL SI 20241220 CS;SIMPLE_INSTRUMENT;BLOCK;CHF;80;116.60000000;3000;EXCHANGE_LAST;;1;1;XEUR;10093261;729453;
12.11.2024;08:49:54.572;CLN SI 20250919 PS AM P 10.00 0;SIMPLE_INSTRUMENT;BLOCK;CHF;6;0.53000000;1000;EXCHANGE_LAST;;1;1;XEUR;11876263;296;
12.11.2024;08:49:54.592;CLN SI 20250919 PS AM C 12.00 0;SIMPLE_INSTRUMENT;BLOCK;CHF;7;0.56000000;2000;EXCHANGE_LAST;;1;1;XEUR;11876276;296;
12.11.2024;08:49:54.592;CLN SI 20250919 PS AM P 10.00 0;SIMPLE_INSTRUMENT;BLOCK;CHF;8;0.52000000;1000;EXCHANGE_LAST;;1;1;XEUR;11876263;296;
12.11.2024;12:33:39.907;CON SI 20241220 PS AM C 70.00 0;SIMPLE_INSTRUMENT;BLOCK;EUR;21;0.41000000;2033;EXCHANGE_LAST;;1;1;XEUR;11999890;414620;
12.11.2024;12:57:56.578;CON SI 20241220 PS AM C 64.00 0;SIMPLE_INSTRUMENT;BLOCK;EUR;23;1.47000000;2000;EXCHANGE_LAST;;2;1;XEUR;10454317;414620;
12.11.2024;13:19:27.613;CR5J SI 20241219 CS;SIMPLE_INSTRUMENT;BLOCK;EUR;42;39.97600000;100000;EXCHANGE_LAST;;1;1;XEUR;7029763;50861;
12.11.2024;11:59:53.431;DAI.O.241112.RBER.000008;STANDARD_OPTION_STRATEGY;BLOCK;EUR;19;-0.23000000;2000;EXCHANGE_LAST;;1;2;XEUR;73961106363660728;443196;
12.11.2024;11:59:53.431;DAI SI 20260619 PS AM P 36.00 0;SIMPLE_INSTRUMENT;BLOCK;EUR;19;1.80000000;4000;PRC_DECOMP_EXCHANGE;;;;XEUR;9598278;443196;EXCHANGE
12.11.2024;11:59:53.431;DAI SI 20260619 PS AM P 44.00 0;SIMPLE_INSTRUMENT;BLOCK;EUR;19;3.83000000;2000;PRC_DECOMP_EXCHANGE;;;;XEUR;9598284;443196;EXCHANGE
12.11.2024;14:01:23.734;DAI SI 20281215 PS AM P 48.00 0;SIMPLE_INSTRUMENT;BLOCK;EUR;28;8.88000000;1100;EXCHANGE_LAST;;1;1;XEUR;10455590;443196;
12.11.2024;16:45:09.411;DAI SI 20260619 PS AM P 36.00 0;SIMPLE_INSTRUMENT;BLOCK;EUR;39;1.86000000;750;EXCHANGE_LAST;;1;1;XEUR;9598278;443196;
12.11.2024;11:16:33.342;DAIE SI 20260619 PS EU P 52.00 0;SIMPLE_INSTRUMENT;BLOCK;EUR;12;6.64000000;1000;EXCHANGE_LAST;;1;1;XEUR;9598225;443202;
12.11.2024;11:16:01.229;DAIE SI 20260619 PS EU C 52.00 0;SIMPLE_INSTRUMENT;BLOCK;EUR;13;5.48000000;1000;EXCHANGE_LAST;;1;1;XEUR;9598228;443202;
12.11.2024;10:35:00.903;DAIG.S.DEC24.MAR25.SPD;FUTURES_SPREAD;BLOCK;EUR;15;-0.40800000;5000;EXCHANGE_LAST;;1;1;XEUR;73961136428417109;443203;
12.11.2024;10:35:00.903;DAIG SI 20241220 CS;SIMPLE_INSTRUMENT;BLOCK;EUR;15;53.04850000;5000;PRC_DECOMP_EXCHANGE;;;;XEUR;7144297;443203;EXCHANGE
12.11.2024;10:35:00.903;DAIG SI 20250321 CS;SIMPLE_INSTRUMENT;BLOCK;EUR;15;53.45650000;5000;PRC_DECOMP_EXCHANGE;;;;XEUR;10734482;443203;EXCHANGE
12.11.2024;10:23:33.993;DHE SI 20241220 PS AM C 46.00 0;SIMPLE_INSTRUMENT;BLOCK;EUR;6;0.67000000;1400;EXCHANGE_LAST;;1;1;XEUR;7377998;57135;
12.11.2024;10:08:33.263;DPW.O.241112.STD.000004;STANDARD_OPTION_STRATEGY;BLOCK;EUR;5;5.70000000;1500;EXCHANGE_LAST;;1;1;XEUR;72059505298412912;445;
12.11.2024;10:08:33.263;DPW SI 20250919 PS AM P 36.00 0;SIMPLE_INSTRUMENT;BLOCK;EUR;5;3.41000000;1500;PRC_DECOMP_EXCHANGE;;;;XEUR;11878789;445;EXCHANGE
12.11.2024;10:08:33.263;DPW SI 20250919 PS AM C 36.00 0;SIMPLE_INSTRUMENT;BLOCK;EUR;5;2.29000000;1500;PRC_DECOMP_EXCHANGE;;;;XEUR;11878890;445;EXCHANGE
12.11.2024;09:46:38.408;DPWE SI 20250620 PS EU P 32.00 0;SIMPLE_INSTRUMENT;BLOCK;EUR;3;1.32000000;1500;EXCHANGE_LAST;;1;1;XEUR;7921505;46224;
12.11.2024;09:46:07.202;DPWE SI 20281215 PS EU P 36.00 0;SIMPLE_INSTRUMENT;BLOCK;EUR;4;6.76000000;2250;EXCHANGE_LAST;;1;1;XEUR;10434181;46224;
12.11.2024;11:52:55.814;DPWF SI 20241220 CS;SIMPLE_INSTRUMENT;BLOCK;EUR;28;35.54000000;6500;EXCHANGE_LAST;;1;1;XEUR;7034453;444;
12.11.2024;12:25:47.284;DTE SI 20241220 PS AM C 28.50 0;SIMPLE_INSTRUMENT;BLOCK;EUR;15;0.54000000;2000;EXCHANGE_LAST;;1;1;XEUR;11878499;424;
12.11.2024;14:20:03.812;DTE SI 20241115 PS AM P 28.00 0;SIMPLE_INSTRUMENT;BLOCK;EUR;17;0.20000000;12185;EXCHANGE_LAST;;1;1;XEUR;11703860;424;
12.11.2024;14:29:26.422;DTE SI 20241115 PS AM P 28.00 0;SIMPLE_INSTRUMENT;BLOCK;EUR;18;0.18000000;10000;EXCHANGE_LAST;;1;2;XEUR;11703860;424;
12.11.2024;15:17:41.570;DTE.O.241112.BER.000029;STANDARD_OPTION_STRATEGY;BLOCK;EUR;21;0.10000000;1770;EXCHANGE_LAST;;1;1;XEUR;72059415104104759;424;
12.11.2024;15:17:41.570;DTE SI 20241129 PS AM P 27.00 0;SIMPLE_INSTRUMENT;BLOCK;EUR;21;0.08000000;1770;PRC_DECOMP_MEMBER;;;;XEUR;12072691;424;MEMBER
12.11.2024;15:17:41.570;DTE SI 20241129 PS AM P 27.50 0;SIMPLE_INSTRUMENT;BLOCK;EUR;21;0.18000000;1770;PRC_DECOMP_MEMBER;;;;XEUR;12072711;424;MEMBER
12.11.2024;15:20:29.125;DTE.O.241112.STD.000024;STANDARD_OPTION_STRATEGY;BLOCK;EUR;23;2.50000000;1500;EXCHANGE_LAST;;1;1;XEUR;72059415104104754;424;
12.11.2024;15:20:29.125;DTE SI 20250321 PS AM P 27.00 0;SIMPLE_INSTRUMENT;BLOCK;EUR;23;0.54000000;1500;PRC_DECOMP_EXCHANGE;;;;XEUR;11523269;424;EXCHANGE
12.11.2024;15:20:29.125;DTE SI 20250321 PS AM C 27.00 0;SIMPLE_INSTRUMENT;BLOCK;EUR;23;1.96000000;1500;PRC_DECOMP_EXCHANGE;;;;XEUR;11523272;424;EXCHANGE
12.11.2024;15:24:00.759;DTE.O.241112.STG.000030;STANDARD_OPTION_STRATEGY;BLOCK;EUR;25;0.30000000;3000;EXCHANGE_LAST;;1;2;XEUR;72059415104104760;424;
12.11.2024;15:24:00.759;DTE SI 20241220 PS AM P 27.00 0;SIMPLE_INSTRUMENT;BLOCK;EUR;25;0.15000000;3000;PRC_DECOMP_MEMBER;;;;XEUR;11813495;424;MEMBER
12.11.2024;15:24:00.759;DTE SI 20241220 PS AM C 30.00 0;SIMPLE_INSTRUMENT;BLOCK;EUR;25;0.15000000;3000;PRC_DECOMP_MEMBER;;;;XEUR;10402204;424;MEMBER
12.11.2024;14:47:40.759;DTEF SI 20241115 CS;SIMPLE_INSTRUMENT;BLOCK;EUR;52;28.40000000;5350;EXCHANGE_LAST;;1;1;XEUR;10114728;430;
12.11.2024;11:59:29.997;DTG SI 20241220 PS AM C 40.00 0;SIMPLE_INSTRUMENT;BLOCK;EUR;18;0.42000000;500;EXCHANGE_LAST;;1;1;XEUR;7280882;455942;
12.11.2024;10:09:23.913;E2NL SI 20251219 CS;SIMPLE_INSTRUMENT;BLOCK;EUR;13;0.46200000;500;EXCHANGE_LAST;;1;1;XEUR;3681293;471;
12.11.2024;10:09:58.465;E2NL SI 20251219 CS;SIMPLE_INSTRUMENT;BLOCK;EUR;14;0.46300000;500;EXCHANGE_LAST;;1;1;XEUR;3681293;471;
12.11.2024;16:50:13.142;E2NL SI 20261218 CS;SIMPLE_INSTRUMENT;BLOCK;EUR;78;0.46000000;2000;EXCHANGE_LAST;;1;1;XEUR;4632356;471;
12.11.2024;16:58:58.354;E2NL SI 20261218 CS;SIMPLE_INSTRUMENT;BLOCK;EUR;79;0.46000000;1000;EXCHANGE_LAST;;1;1;XEUR;4632356;471;
12.11.2024;09:08:08.605;E2NT SI 20241220 CS;SIMPLE_INSTRUMENT;BLOCK;EUR;2;0.97000000;4388;EXCHANGE_LAST;;1;1;XEUR;3629727;470;
12.11.2024;09:29:05.413;E2NT SI 20241220 CS;SIMPLE_INSTRUMENT;BLOCK;EUR;5;0.97000000;6125;EXCHANGE_LAST;;1;1;XEUR;3629727;470;
12.11.2024;13:03:04.400;ELVH SI 20250321 CS;SIMPLE_INSTRUMENT;BLOCK;EUR;36;44.85630000;500;EXCHANGE_LAST;;1;1;XEUR;10720458;47535;
12.11.2024;10:49:33.427;ENL5 SI 20250320 PS AM P 6.80 0;SIMPLE_INSTRUMENT;BLOCK;EUR;7;0.42500000;2500;EXCHANGE_LAST;;1;1;XEUR;10822803;500;
12.11.2024;14:52:40.605;ENLH SI 20241114 CS;SIMPLE_INSTRUMENT;BLOCK;EUR;62;6.67000000;136000;EXCHANGE_LAST;;1;1;XEUR;10107421;524976;
12.11.2024;14:54:26.127;ENLH SI 20241219 CS;SIMPLE_INSTRUMENT;BLOCK;EUR;64;6.67230000;136000;EXCHANGE_LAST;;1;1;XEUR;7935846;524976;
12.11.2024;14:53:17.837;ENLQ SI 20241114 PS;SIMPLE_INSTRUMENT;BLOCK;EUR;63;6.67000000;136000;EXCHANGE_LAST;;1;1;XEUR;10107415;524962;
12.11.2024;14:55:04.868;ENLQ SI 20241219 PS;SIMPLE_INSTRUMENT;BLOCK;EUR;65;6.67200000;136000;EXCHANGE_LAST;;1;1;XEUR;7935620;524962;
12.11.2024;11:06:17.708;ENR SI 20241220 PS AM C 38.00 0;SIMPLE_INSTRUMENT;BLOCK;EUR;8;3.90000000;33250;EXCHANGE_LAST;;1;1;XEUR;11142551;298530;
12.11.2024;11:06:21.876;ENR SI 20241220 PS AM C 38.00 0;SIMPLE_INSTRUMENT;BLOCK;EUR;9;3.90000000;40000;EXCHANGE_LAST;;1;1;XEUR;11142551;298530;
12.11.2024;11:06:26.547;ENR SI 20241220 PS AM C 38.00 0;SIMPLE_INSTRUMENT;BLOCK;EUR;10;3.90000000;33250;EXCHANGE_LAST;;1;1;XEUR;11142551;298530;
12.11.2024;11:07:44.947;ENR SI 20241220 PS AM C 44.00 0;SIMPLE_INSTRUMENT;BLOCK;EUR;11;1.62000000;12433;EXCHANGE_LAST;;1;1;XEUR;5981055;298530;
12.11.2024;11:08:31.019;ENR SI 20241220 PS AM C 44.00 0;SIMPLE_INSTRUMENT;BLOCK;EUR;12;1.63000000;38000;EXCHANGE_LAST;;1;1;XEUR;5981055;298530;
12.11.2024;11:09:01.605;ENR SI 20241220 PS AM C 44.00 0;SIMPLE_INSTRUMENT;BLOCK;EUR;13;1.63000000;36867;EXCHANGE_LAST;;1;1;XEUR;5981055;298530;
12.11.2024;11:09:09.223;ENR SI 20241220 PS AM C 44.00 0;SIMPLE_INSTRUMENT;BLOCK;EUR;14;1.63000000;40000;EXCHANGE_LAST;;1;1;XEUR;5981055;298530;
12.11.2024;14:31:18.446;ENR SI 20241220 PS AM C 38.00 0;SIMPLE_INSTRUMENT;BLOCK;EUR;19;3.80000000;2000;EXCHANGE_LAST;;1;1;XEUR;11142551;298530;
12.11.2024;14:31:18.796;ENR SI 20241220 PS AM C 40.00 0;SIMPLE_INSTRUMENT;BLOCK;EUR;20;2.95000000;2000;EXCHANGE_LAST;;1;1;XEUR;5909219;298530;
12.11.2024;15:49:16.776;ENR SI 20241220 PS AM C 42.00 0;SIMPLE_INSTRUMENT;BLOCK;EUR;26;1.80000000;600;EXCHANGE_LAST;;1;1;XEUR;11160292;298530;
12.11.2024;16:53:57.109;ENR SI 20241220 PS AM P 39.00 0;SIMPLE_INSTRUMENT;BLOCK;EUR;28;2.50000000;1370;EXCHANGE_LAST;;1;1;XEUR;11919295;298530;
12.11.2024;16:54:17.644;ENR SI 20241220 PS AM C 44.00 0;SIMPLE_INSTRUMENT;BLOCK;EUR;29;1.48000000;1370;EXCHANGE_LAST;;1;1;XEUR;5981055;298530;
12.11.2024;13:04:07.102;ENT5.O.241112.PDIA.000001;STANDARD_OPTION_STRATEGY;BLOCK;EUR;20;0.74000000;1500;EXCHANGE_LAST;;1;1;XEUR;72059728636683169;497;
12.11.2024;13:04:07.102;ENT5 SI 20250619 PS AM P 10.00 0;SIMPLE_INSTRUMENT;BLOCK;EUR;20;0.10350000;1500;PRC_DECOMP_EXCHANGE;;;;XEUR;7889858;497;EXCHANGE
12.11.2024;13:04:07.102;ENT5 SI 20260618 PS AM P 12.00 0;SIMPLE_INSTRUMENT;BLOCK;EUR;20;0.84350000;1500;PRC_DECOMP_EXCHANGE;;;;XEUR;9531346;497;EXCHANGE
12.11.2024;15:44:56.043;ENT5 SI 20241219 PS AM P 14.00 0;SIMPLE_INSTRUMENT;BLOCK;EUR;25;0.43000000;1000;EXCHANGE_LAST;;1;1;XEUR;4630526;497;
12.11.2024;09:07:39.219;ENTH SI 20241219 CS;SIMPLE_INSTRUMENT;BLOCK;EUR;1;13.80990000;10000;EXCHANGE_LAST;;1;1;XEUR;7935776;524973;
12.11.2024;09:28:22.258;ENTH SI 20241219 CS;SIMPLE_INSTRUMENT;BLOCK;EUR;4;13.79650000;14000;EXCHANGE_LAST;;1;1;XEUR;7935776;524973;
12.11.2024;13:20:42.244;ENTH SI 20241219 CS;SIMPLE_INSTRUMENT;BLOCK;EUR;43;13.81100000;31000;EXCHANGE_LAST;;1;1;XEUR;7935776;524973;
12.11.2024;13:08:40.201;EOA SI 20241129 PS AM C 12.40 0;SIMPLE_INSTRUMENT;BLOCK;EUR;24;0.11000000;5957;EXCHANGE_LAST;;1;1;XEUR;12094830;49065;
12.11.2024;09:43:07.645;ESL.O.241112.STG.000002;STANDARD_OPTION_STRATEGY;BLOCK;EUR;5;14.80000000;300;EXCHANGE_LAST;;1;1;XEUR;72059659917205264;481;
12.11.2024;09:43:07.645;ESL SI 20250321 PS AM C 240.00 0;SIMPLE_INSTRUMENT;BLOCK;EUR;5;7.51000000;300;PRC_DECOMP_EXCHANGE;;;;XEUR;10838334;481;EXCHANGE
12.11.2024;09:43:07.645;ESL SI 20250321 PS AM P 220.00 0;SIMPLE_INSTRUMENT;BLOCK;EUR;5;7.29000000;300;PRC_DECOMP_EXCHANGE;;;;XEUR;10838338;481;EXCHANGE
12.11.2024;12:26:59.641;ESL.O.241112.STD.000004;STANDARD_OPTION_STRATEGY;BLOCK;EUR;26;32.59000000;250;EXCHANGE_LAST;;1;1;XEUR;72059659917205266;481;
12.11.2024;12:26:59.641;ESL SI 20250620 PS AM P 220.00 0;SIMPLE_INSTRUMENT;BLOCK;EUR;26;11.30000000;250;PRC_DECOMP_EXCHANGE;;;;XEUR;11358171;481;EXCHANGE
12.11.2024;12:26:59.641;ESL SI 20250620 PS AM C 220.00 0;SIMPLE_INSTRUMENT;BLOCK;EUR;26;21.29000000;250;PRC_DECOMP_EXCHANGE;;;;XEUR;11358166;481;EXCHANGE
12.11.2024;11:35:49.925;EVK SI 20250321 PS AM C 18.00 0;SIMPLE_INSTRUMENT;BLOCK;EUR;5;1.18000000;2000;EXCHANGE_LAST;;1;1;XEUR;10862571;10806;
12.11.2024;11:51:18.120;EVK SI 20250321 PS AM C 18.00 0;SIMPLE_INSTRUMENT;BLOCK;EUR;6;1.18000000;5000;EXCHANGE_LAST;;1;1;XEUR;10862571;10806;
12.11.2024;08:33:56.791;FBTP SI 20241206 PS;SIMPLE_INSTRUMENT;EFP_FIN;EUR;1;119.80000000;344;EXCHANGE_LAST;;1;1;XEUR;10804520;636;
12.11.2024;08:51:07.141;FBTP SI 20241206 PS;SIMPLE_INSTRUMENT;BLOCK;EUR;2;119.74000000;947;EXCHANGE_LAST;;1;1;XEUR;10804520;636;
12.11.2024;09:11:20.994;FBTP SI 20241206 PS;SIMPLE_INSTRUMENT;EFP_FIN;EUR;3;119.88000000;392;EXCHANGE_LAST;;1;1;XEUR;10804520;636;
12.11.2024;09:15:45.559;FBTP SI 20241206 PS;SIMPLE_INSTRUMENT;EFP_FIN;EUR;4;119.91000000;1340;EXCHANGE_LAST;;1;1;XEUR;10804520;636;
12.11.2024;09:35:25.117;FBTP SI 20241206 PS;SIMPLE_INSTRUMENT;EFP_FIN;EUR;5;119.90000000;268;EXCHANGE_LAST;;1;1;XEUR;10804520;636;
12.11.2024;09:36:53.110;FBTP SI 20241206 PS;SIMPLE_INSTRUMENT;EFP_FIN;EUR;6;119.80000000;221;EXCHANGE_LAST;;1;1;XEUR;10804520;636;
12.11.2024;10:50:45.489;FBTP SI 20241206 PS;SIMPLE_INSTRUMENT;EFP_FIN;EUR;7;120.04000000;1215;EXCHANGE_LAST;;1;1;XEUR;10804520;636;
12.11.2024;10:52:45.294;FBTP SI 20241206 PS;SIMPLE_INSTRUMENT;EFP_FIN;EUR;8;120.06000000;257;EXCHANGE_LAST;;1;1;XEUR;10804520;636;
12.11.2024;10:52:59.888;FBTP SI 20241206 PS;SIMPLE_INSTRUMENT;EFP_FIN;EUR;9;120.04000000;157;EXCHANGE_LAST;;1;1;XEUR;10804520;636;
12.11.2024;10:53:05.542;FBTP SI 20241206 PS;SIMPLE_INSTRUMENT;EFP_FIN;EUR;10;120.06000000;171;EXCHANGE_LAST;;1;1;XEUR;10804520;636;
12.11.2024;10:54:38.894;FBTP SI 20241206 PS;SIMPLE_INSTRUMENT;EFP_FIN;EUR;11;120.04000000;171;EXCHANGE_LAST;;1;1;XEUR;10804520;636;
12.11.2024;10:55:57.899;FBTP SI 20241206 PS;SIMPLE_INSTRUMENT;EFP_FIN;EUR;12;120.04000000;196;EXCHANGE_LAST;;1;1;XEUR;10804520;636;
12.11.2024;10:57:48.907;FBTP SI 20241206 PS;SIMPLE_INSTRUMENT;EFP_FIN;EUR;13;120.04000000;121;EXCHANGE_LAST;;1;1;XEUR;10804520;636;
12.11.2024;10:57:52.411;FBTP SI 20241206 PS;SIMPLE_INSTRUMENT;EFP_FIN;EUR;14;120.04000000;68;EXCHANGE_LAST;;1;1;XEUR;10804520;636;
12.11.2024;11:14:17.718;FBTP SI 20241206 PS;SIMPLE_INSTRUMENT;EFP_FIN;EUR;15;120.05000000;447;EXCHANGE_LAST;;1;1;XEUR;10804520;636;
12.11.2024;11:17:33.064;FBTP SI 20241206 PS;SIMPLE_INSTRUMENT;EFP_FIN;EUR;16;120.16000000;223;EXCHANGE_LAST;;1;1;XEUR;10804520;636;
12.11.2024;11:31:20.011;FBTP SI 20241206 PS;SIMPLE_INSTRUMENT;EFP_FIN;EUR;17;120.19000000;308;EXCHANGE_LAST;;1;1;XEUR;10804520;636;
12.11.2024;12:01:16.350;FBTP SI 20241206 PS;SIMPLE_INSTRUMENT;BLOCK;EUR;18;120.19000000;1000;EXCHANGE_LAST;;1;1;XEUR;10804520;636;
12.11.2024;12:04:47.681;FBTP SI 20241206 PS;SIMPLE_INSTRUMENT;EFP_FIN;EUR;19;120.19000000;86;EXCHANGE_LAST;;1;1;XEUR;10804520;636;
12.11.2024;12:08:48.739;FBTP SI 20241206 PS;SIMPLE_INSTRUMENT;EFP_FIN;EUR;20;120.19000000;128;EXCHANGE_LAST;;1;1;XEUR;10804520;636;
12.11.2024;12:28:35.173;FBTP SI 20241206 PS;SIMPLE_INSTRUMENT;EFP_FIN;EUR;21;120.18000000;171;EXCHANGE_LAST;;1;1;XEUR;10804520;636;
12.11.2024;12:59:52.794;FBTP SI 20241206 PS;SIMPLE_INSTRUMENT;EFP_FIN;EUR;22;120.25000000;855;EXCHANGE_LAST;;1;1;XEUR;10804520;636;
12.11.2024;13:05:07.419;FBTP SI 20241206 PS;SIMPLE_INSTRUMENT;EFP_FIN;EUR;23;120.11000000;447;EXCHANGE_LAST;;1;1;XEUR;10804520;636;
12.11.2024;13:17:22.804;FBTP SI 20241206 PS;SIMPLE_INSTRUMENT;EFP_FIN;EUR;24;120.16000000;180;EXCHANGE_LAST;;1;1;XEUR;10804520;636;
12.11.2024;13:18:36.808;FBTP SI 20241206 PS;SIMPLE_INSTRUMENT;EFP_FIN;EUR;25;120.16000000;170;EXCHANGE_LAST;;1;1;XEUR;10804520;636;
12.11.2024;13:19:43.812;FBTP SI 20241206 PS;SIMPLE_INSTRUMENT;EFP_FIN;EUR;26;120.16000000;112;EXCHANGE_LAST;;1;1;XEUR;10804520;636;
12.11.2024;13:23:27.503;FBTP SI 20241206 PS;SIMPLE_INSTRUMENT;EFP_FIN;EUR;27;120.15000000;599;EXCHANGE_LAST;;1;1;XEUR;10804520;636;
12.11.2024;13:40:16.133;FBTP SI 20241206 PS;SIMPLE_INSTRUMENT;EFP_FIN;EUR;28;120.12000000;482;EXCHANGE_LAST;;1;1;XEUR;10804520;636;
12.11.2024;13:40:46.144;FBTP SI 20241206 PS;SIMPLE_INSTRUMENT;EFP_FIN;EUR;29;120.12000000;154;EXCHANGE_LAST;;1;1;XEUR;10804520;636;
12.11.2024;14:02:08.109;FBTP SI 20241206 PS;SIMPLE_INSTRUMENT;EFP_FIN;EUR;30;119.94000000;799;EXCHANGE_LAST;;1;1;XEUR;10804520;636;
12.11.2024;14:39:56.684;FBTP SI 20241206 PS;SIMPLE_INSTRUMENT;EFP_FIN;EUR;31;119.91000000;134;EXCHANGE_LAST;;1;1;XEUR;10804520;636;
12.11.2024;14:41:44.382;FBTP SI 20241206 PS;SIMPLE_INSTRUMENT;EFP_FIN;EUR;32;119.87000000;399;EXCHANGE_LAST;;1;1;XEUR;10804520;636;
12.11.2024;14:45:19.393;FBTP SI 20241206 PS;SIMPLE_INSTRUMENT;EFP_FIN;EUR;33;119.92000000;301;EXCHANGE_LAST;;1;1;XEUR;10804520;636;
12.11.2024;15:07:28.237;FBTP SI 20241206 PS;SIMPLE_INSTRUMENT;EFP_FIN;EUR;34;120.01000000;1653;EXCHANGE_LAST;;1;1;XEUR;10804520;636;
12.11.2024;15:09:49.150;FBTP SI 20241206 PS;SIMPLE_INSTRUMENT;EFP_FIN;EUR;35;120.00000000;156;EXCHANGE_LAST;;1;1;XEUR;10804520;636;
12.11.2024;15:10:49.497;FBTP SI 20241206 PS;SIMPLE_INSTRUMENT;EFP_FIN;EUR;36;120.00000000;79;EXCHANGE_LAST;;1;1;XEUR;10804520;636;
12.11.2024;15:11:39.153;FBTP SI 20241206 PS;SIMPLE_INSTRUMENT;EFP_FIN;EUR;37;120.00000000;121;EXCHANGE_LAST;;1;1;XEUR;10804520;636;
12.11.2024;15:14:27.045;FBTP SI 20241206 PS;SIMPLE_INSTRUMENT;EFP_FIN;EUR;38;120.00000000;69;EXCHANGE_LAST;;1;1;XEUR;10804520;636;
12.11.2024;15:46:53.613;FBTP SI 20241206 PS;SIMPLE_INSTRUMENT;EFP_FIN;EUR;39;120.00000000;461;EXCHANGE_LAST;;1;1;XEUR;10804520;636;
12.11.2024;15:47:29.086;FBTP SI 20241206 PS;SIMPLE_INSTRUMENT;EFP_FIN;EUR;40;120.00000000;194;EXCHANGE_LAST;;1;1;XEUR;10804520;636;
12.11.2024;16:04:39.836;FBTP SI 20241206 PS;SIMPLE_INSTRUMENT;EFP_FIN;EUR;41;119.75000000;1340;EXCHANGE_LAST;;1;1;XEUR;10804520;636;
12.11.2024;16:17:42.697;FBTP SI 20241206 PS;SIMPLE_INSTRUMENT;EFP_FIN;EUR;42;119.73000000;575;EXCHANGE_LAST;;1;1;XEUR;10804520;636;
12.11.2024;16:18:21.861;FBTP SI 20241206 PS;SIMPLE_INSTRUMENT;EFP_FIN;EUR;43;119.85000000;855;EXCHANGE_LAST;;1;1;XEUR;10804520;636;
12.11.2024;16:34:06.373;FBTP SI 20241206 PS;SIMPLE_INSTRUMENT;EFP_FIN;EUR;44;119.75000000;184;EXCHANGE_LAST;;1;1;XEUR;10804520;636;
12.11.2024;16:50:44.357;FBTP SI 20241206 PS;SIMPLE_INSTRUMENT;EFP_FIN;EUR;45;119.70000000;152;EXCHANGE_LAST;;1;1;XEUR;10804520;636;
12.11.2024;09:46:21.551;FBTS SI 20241206 PS;SIMPLE_INSTRUMENT;BLOCK;EUR;7;107.14000000;300;EXCHANGE_LAST;;1;1;XEUR;10804522;639;
12.11.2024;11:38:00.142;FBTS SI 20241206 PS;SIMPLE_INSTRUMENT;EFP_FIN;EUR;14;107.26000000;470;EXCHANGE_LAST;;1;1;XEUR;10804522;639;
12.11.2024;12:40:30.430;FBTS SI 20241206 PS;SIMPLE_INSTRUMENT;EFP_FIN;EUR;20;107.27000000;967;EXCHANGE_LAST;;1;1;XEUR;10804522;639;
12.11.2024;12:40:41.515;FBTS SI 20241206 PS;SIMPLE_INSTRUMENT;EFP_FIN;EUR;21;107.27000000;251;EXCHANGE_LAST;;1;1;XEUR;10804522;639;
12.11.2024;12:46:20.326;FBTS SI 20241206 PS;SIMPLE_INSTRUMENT;EFP_FIN;EUR;22;107.26000000;967;EXCHANGE_LAST;;1;1;XEUR;10804522;639;
12.11.2024;12:48:50.339;FBTS SI 20241206 PS;SIMPLE_INSTRUMENT;EFP_FIN;EUR;23;107.26000000;967;EXCHANGE_LAST;;1;1;XEUR;10804522;639;
12.11.2024;13:36:35.447;FBTS SI 20241206 PS;SIMPLE_INSTRUMENT;BLOCK;EUR;27;107.27000000;145;EXCHANGE_LAST;;1;1;XEUR;10804522;639;
12.11.2024;13:37:31.358;FBTS SI 20241206 PS;SIMPLE_INSTRUMENT;EFP_FIN;EUR;28;107.27000000;435;EXCHANGE_LAST;;1;1;XEUR;10804522;639;
12.11.2024;16:32:16.367;FBTS SI 20241206 PS;SIMPLE_INSTRUMENT;EFP_FIN;EUR;35;107.20000000;52;EXCHANGE_LAST;;1;1;XEUR;10804522;639;
12.11.2024;16:35:56.950;FBTS SI 20241206 PS;SIMPLE_INSTRUMENT;EFP_FIN;EUR;36;107.19000000;447;EXCHANGE_LAST;;1;1;XEUR;10804522;639;
12.11.2024;08:43:03.393;FCEU SI 20241216 PS;SIMPLE_INSTRUMENT;BLOCK;USD;1;1.06355000;326;EXCHANGE_LAST;;1;1;XEUR;7140363;369376;
12.11.2024;10:31:14.565;FCEU SI 20241216 PS;SIMPLE_INSTRUMENT;BLOCK;USD;4;1.06296000;90;EXCHANGE_LAST;;1;1;XEUR;7140363;369376;
12.11.2024;08:57:31.350;FCMU SI 20241216 CS;SIMPLE_INSTRUMENT;BLOCK;USD;3;0.04869000;200;EXCHANGE_LAST;;1;1;XEUR;10921066;570874;
12.11.2024;08:58:16.430;FCZU SI 20241216 CS;SIMPLE_INSTRUMENT;BLOCK;USD;2;0.05519000;100;EXCHANGE_LAST;;1;1;XEUR;10921064;570872;
12.11.2024;13:17:47.291;FCZU SI 20241216 CS;SIMPLE_INSTRUMENT;BLOCK;USD;5;0.05535000;100;EXCHANGE_LAST;;1;1;XEUR;10921064;570872;
12.11.2024;11:13:41.726;FD3D SI 20251219 CS;SIMPLE_INSTRUMENT;BLOCK;EUR;16;110.00000000;750;EXCHANGE_LAST;;1;1;XEUR;5914068;588;
12.11.2024;14:46:41.519;FD3D SI 20251219 CS;SIMPLE_INSTRUMENT;BLOCK;EUR;29;110.60000000;250;EXCHANGE_LAST;;1;1;XEUR;5914068;588;
12.11.2024;16:46:20.556;FDAX SI 20241220 CS;SIMPLE_INSTRUMENT;EFP_IDX;EUR;1;19105.00000000;200;EXCHANGE_LAST;;1;1;XEUR;7296065;589;
12.11.2024;16:48:24.373;FDAX SI 20241220 CS;SIMPLE_INSTRUMENT;EFP_IDX;EUR;2;19104.00000000;27;EXCHANGE_LAST;;1;1;XEUR;7296065;589;
12.11.2024;16:48:33.791;FDAX SI 20241220 CS;SIMPLE_INSTRUMENT;EFP_IDX;EUR;3;19105.00000000;48;EXCHANGE_LAST;;1;1;XEUR;7296065;589;
12.11.2024;16:49:13.596;FDAX SI 20241220 CS;SIMPLE_INSTRUMENT;EFP_IDX;EUR;4;19104.00000000;18;EXCHANGE_LAST;;1;1;XEUR;7296065;589;
12.11.2024;16:49:21.526;FDAX SI 20241220 CS;SIMPLE_INSTRUMENT;EFP_IDX;EUR;5;19105.00000000;32;EXCHANGE_LAST;;1;1;XEUR;7296065;589;
12.11.2024;17:02:21.232;FDAX SI 20241220 CS;SIMPLE_INSTRUMENT;EFP_IDX;EUR;6;19105.00000000;80;EXCHANGE_LAST;;1;1;XEUR;7296065;589;
12.11.2024;17:02:39.953;FDAX SI 20241220 CS;SIMPLE_INSTRUMENT;EFP_IDX;EUR;7;19110.00000000;12;EXCHANGE_LAST;;1;1;XEUR;7296065;589;
12.11.2024;08:55:11.113;FDAX SI 20241220 CS;SIMPLE_INSTRUMENT;VOLA;EUR;671088646;19330.00000000;23;EXCHANGE_LAST;;1;1;XEUR;7296065;589;
12.11.2024;08:55:50.239;FDAX SI 20241220 CS;SIMPLE_INSTRUMENT;VOLA;EUR;671088648;19330.00000000;32;EXCHANGE_LAST;;1;1;XEUR;7296065;589;
12.11.2024;15:06:02.156;FDAX SI 20241220 CS;SIMPLE_INSTRUMENT;VOLA;EUR;671088665;19310.00000000;76;EXCHANGE_LAST;;1;1;XEUR;7296065;589;
12.11.2024;15:08:57.333;FDAX SI 20241220 CS;SIMPLE_INSTRUMENT;VOLA;EUR;671088666;19310.00000000;56;EXCHANGE_LAST;;1;1;XEUR;7296065;589;
12.11.2024;15:09:40.022;FDAX SI 20241220 CS;SIMPLE_INSTRUMENT;VOLA;EUR;671088667;19310.00000000;50;EXCHANGE_LAST;;1;1;XEUR;7296065;589;
12.11.2024;14:57:28.538;FEBD.S.DEC27.DEC29.SPD;FUTURES_SPREAD;BLOCK;EUR;31;1.39000000;620;EXCHANGE_LAST;;1;1;XEUR;72060158133406980;597;
12.11.2024;14:57:28.538;FEBD SI 20271217 CS;SIMPLE_INSTRUMENT;BLOCK;EUR;31;8.53000000;620;PRC_DECOMP_EXCHANGE;;;;XEUR;7776307;597;EXCHANGE
12.11.2024;14:57:28.538;FEBD SI 20291221 CS;SIMPLE_INSTRUMENT;BLOCK;EUR;31;7.14000000;620;PRC_DECOMP_EXCHANGE;;;;XEUR;8782283;597;EXCHANGE
12.11.2024;15:53:39.837;FEDV SI 20241220 CS;SIMPLE_INSTRUMENT;BLOCK;EUR;32;1610.00000000;2500;EXCHANGE_LAST;;1;1;XEUR;10838883;596;
12.11.2024;16:23:10.110;FES1 SI 20241220 PS;SIMPLE_INSTRUMENT;BLOCK;EUR;39;9.20000000;230;EXCHANGE_LAST;;1;1;XEUR;10869579;58959;
12.11.2024;15:56:33.483;FESB SI 20241220 CS;SIMPLE_INSTRUMENT;BLOCK;EUR;29;142.50000000;2404;EXCHANGE_LAST;;1;1;XEUR;10838895;605;
12.11.2024;16:36:27.844;FESB SI 20241220 CS;SIMPLE_INSTRUMENT;VOLA;EUR;603979845;141.90000000;4600;EXCHANGE_LAST;;1;1;XEUR;10838895;605;
12.11.2024;16:37:42.553;FESB SI 20241220 CS;SIMPLE_INSTRUMENT;VOLA;EUR;603979846;141.90000000;320;EXCHANGE_LAST;;1;1;XEUR;10838895;605;
12.11.2024;10:31:43.789;FESO SI 20241220 CS;SIMPLE_INSTRUMENT;VOLA;EUR;603979786;458.60000000;80;EXCHANGE_LAST;;1;1;XEUR;10839308;677;
12.11.2024;09:33:49.557;FESX SI 20241220 CS;SIMPLE_INSTRUMENT;BLOCK;EUR;1;4825.00000000;3000;EXCHANGE_LAST;;1;1;XEUR;7793479;675;
12.11.2024;10:50:59.747;FESX.S.DEC24.MAR25.SPD;FUTURES_SPREAD;BLOCK;EUR;2;-23.75000000;6000;EXCHANGE_LAST;;1;1;XEUR;72060493140861185;675;
12.11.2024;10:50:59.747;FESX SI 20241220 CS;SIMPLE_INSTRUMENT;BLOCK;EUR;2;4816.00000000;6000;PRC_DECOMP_MEMBER;;;;XEUR;7793479;675;MEMBER
12.11.2024;10:50:59.747;FESX SI 20250321 CS;SIMPLE_INSTRUMENT;BLOCK;EUR;2;4839.75000000;6000;PRC_DECOMP_MEMBER;;;;XEUR;7793482;675;MEMBER
12.11.2024;12:16:51.828;FESX SI 20241220 CS;SIMPLE_INSTRUMENT;BLOCK;EUR;3;4817.00000000;5000;EXCHANGE_LAST;;1;1;XEUR;7793479;675;
12.11.2024;13:15:37.778;FESX SI 20241220 CS;SIMPLE_INSTRUMENT;BLOCK;EUR;4;4817.00000000;3000;EXCHANGE_LAST;;1;1;XEUR;7793479;675;
12.11.2024;13:17:57.962;FESX SI 20241220 CS;SIMPLE_INSTRUMENT;BLOCK;EUR;5;4817.00000000;2000;EXCHANGE_LAST;;1;1;XEUR;7793479;675;
12.11.2024;13:27:26.961;FESX SI 20241220 CS;SIMPLE_INSTRUMENT;BLOCK;EUR;6;4817.00000000;3000;EXCHANGE_LAST;;1;1;XEUR;7793479;675;
12.11.2024;13:34:18.741;FESX SI 20241220 CS;SIMPLE_INSTRUMENT;BLOCK;EUR;7;4810.00000000;4000;EXCHANGE_LAST;;1;1;XEUR;7793479;675;
12.11.2024;13:47:29.617;FESX SI 20241220 CS;SIMPLE_INSTRUMENT;BLOCK;EUR;8;4808.00000000;2000;EXCHANGE_LAST;;1;1;XEUR;7793479;675;
12.11.2024;14:33:49.201;FESX SI 20241220 CS;SIMPLE_INSTRUMENT;EFP_IDX;EUR;10;4815.00000000;1000;EXCHANGE_LAST;;1;1;XEUR;7793479;675;
12.11.2024;14:37:14.067;FESX SI 20241220 CS;SIMPLE_INSTRUMENT;BLOCK;EUR;11;4817.00000000;2000;EXCHANGE_LAST;;1;1;XEUR;7793479;675;
12.11.2024;14:41:58.581;FESX SI 20241220 CS;SIMPLE_INSTRUMENT;BLOCK;EUR;12;4817.00000000;3000;EXCHANGE_LAST;;1;1;XEUR;7793479;675;
12.11.2024;14:45:16.735;FESX SI 20241220 CS;SIMPLE_INSTRUMENT;BLOCK;EUR;13;4815.00000000;3000;EXCHANGE_LAST;;1;1;XEUR;7793479;675;
12.11.2024;14:47:13.408;FESX SI 20241220 CS;SIMPLE_INSTRUMENT;BLOCK;EUR;14;4820.00000000;2000;EXCHANGE_LAST;;1;1;XEUR;7793479;675;
12.11.2024;15:30:19.489;FESX SI 20241220 CS;SIMPLE_INSTRUMENT;BLOCK;EUR;15;4800.00000000;3000;EXCHANGE_LAST;;1;1;XEUR;7793479;675;
12.11.2024;15:43:40.560;FESX SI 20241220 CS;SIMPLE_INSTRUMENT;BLOCK;EUR;16;4770.00000000;7740;EXCHANGE_LAST;;1;1;XEUR;7793479;675;
12.11.2024;16:42:28.237;FESX SI 20241220 CS;SIMPLE_INSTRUMENT;EFP_IDX;EUR;17;4754.00000000;1128;EXCHANGE_LAST;;1;1;XEUR;7793479;675;
12.11.2024;16:42:50.632;FESX SI 20241220 CS;SIMPLE_INSTRUMENT;EFP_IDX;EUR;18;4753.00000000;72;EXCHANGE_LAST;;1;1;XEUR;7793479;675;
12.11.2024;16:47:43.573;FESX SI 20241220 CS;SIMPLE_INSTRUMENT;BLOCK;EUR;19;4750.00000000;2000;EXCHANGE_LAST;;1;1;XEUR;7793479;675;
12.11.2024;16:49:22.196;FESX SI 20241220 CS;SIMPLE_INSTRUMENT;EFP_IDX;EUR;20;4753.00000000;310;EXCHANGE_LAST;;1;1;XEUR;7793479;675;
12.11.2024;16:49:13.932;FESX SI 20241220 CS;SIMPLE_INSTRUMENT;EFP_IDX;EUR;21;4754.00000000;690;EXCHANGE_LAST;;1;1;XEUR;7793479;675;
12.11.2024;16:49:31.386;FESX SI 20241220 CS;SIMPLE_INSTRUMENT;EFP_IDX;EUR;22;4750.00000000;1000;EXCHANGE_LAST;;1;1;XEUR;7793479;675;
12.11.2024;16:50:11.871;FESX SI 20241220 CS;SIMPLE_INSTRUMENT;EFP_IDX;EUR;23;4753.00000000;185;EXCHANGE_LAST;;1;1;XEUR;7793479;675;
12.11.2024;16:51:49.632;FESX SI 20241220 CS;SIMPLE_INSTRUMENT;EFP_IDX;EUR;24;4754.00000000;815;EXCHANGE_LAST;;1;1;XEUR;7793479;675;
12.11.2024;16:50:26.606;FESX SI 20241220 CS;SIMPLE_INSTRUMENT;EFP_IDX;EUR;25;4753.00000000;185;EXCHANGE_LAST;;1;1;XEUR;7793479;675;
12.11.2024;16:50:40.934;FESX SI 20241220 CS;SIMPLE_INSTRUMENT;EFP_IDX;EUR;26;4754.00000000;815;EXCHANGE_LAST;;1;1;XEUR;7793479;675;
12.11.2024;16:50:47.279;FESX SI 20241220 CS;SIMPLE_INSTRUMENT;EFP_IDX;EUR;27;4753.00000000;30;EXCHANGE_LAST;;1;1;XEUR;7793479;675;
12.11.2024;16:50:47.279;FESX SI 20241220 CS;SIMPLE_INSTRUMENT;EFP_IDX;EUR;28;4754.00000000;470;EXCHANGE_LAST;;1;1;XEUR;7793479;675;
12.11.2024;16:59:38.074;FESX SI 20241220 CS;SIMPLE_INSTRUMENT;EFP_IDX;EUR;31;4754.00000000;525;EXCHANGE_LAST;;1;1;XEUR;7793479;675;
12.11.2024;17:04:52.348;FESX SI 20241220 CS;SIMPLE_INSTRUMENT;BLOCK;EUR;32;4754.00000000;6500;EXCHANGE_LAST;;1;1;XEUR;7793479;675;
12.11.2024;17:10:09.300;FESX SI 20241220 CS;SIMPLE_INSTRUMENT;EFP_IDX;EUR;33;4754.00000000;141;EXCHANGE_LAST;;1;1;XEUR;7793479;675;
12.11.2024;17:10:36.150;FESX SI 20241220 CS;SIMPLE_INSTRUMENT;EFP_IDX;EUR;34;4753.00000000;9;EXCHANGE_LAST;;1;1;XEUR;7793479;675;
12.11.2024;09:08:17.516;FESX SI 20241220 CS;SIMPLE_INSTRUMENT;VOLA;EUR;637534215;4795.00000000;15;EXCHANGE_LAST;;1;1;XEUR;7793479;675;
12.11.2024;09:09:37.372;FESX SI 20241220 CS;SIMPLE_INSTRUMENT;VOLA;EUR;637534218;4830.00000000;675;EXCHANGE_LAST;;1;1;XEUR;7793479;675;
12.11.2024;09:47:49.801;FESX SI 20241220 CS;SIMPLE_INSTRUMENT;VOLA;EUR;637534228;4830.00000000;200;EXCHANGE_LAST;;1;1;XEUR;7793479;675;
12.11.2024;10:04:49.738;FESX SI 20241220 CS;SIMPLE_INSTRUMENT;VOLA;EUR;637534234;4826.00000000;227;EXCHANGE_LAST;;1;1;XEUR;7793479;675;
12.11.2024;10:58:02.361;FESX SI 20241220 CS;SIMPLE_INSTRUMENT;VOLA;EUR;637534254;4815.00000000;270;EXCHANGE_LAST;;1;1;XEUR;7793479;675;
12.11.2024;13:30:18.705;FESX SI 20241220 CS;SIMPLE_INSTRUMENT;VOLA;EUR;637534289;4807.00000000;8;EXCHANGE_LAST;;1;1;XEUR;7793479;675;
12.11.2024;14:15:52.385;FESX SI 20241220 CS;SIMPLE_INSTRUMENT;VOLA;EUR;637534303;4810.00000000;2650;EXCHANGE_LAST;;1;1;XEUR;7793479;675;
12.11.2024;14:12:32.600;FESX SI 20241220 CS;SIMPLE_INSTRUMENT;VOLA;EUR;637534304;4810.00000000;2650;EXCHANGE_LAST;;1;1;XEUR;7793479;675;
12.11.2024;14:13:25.968;FESX SI 20241220 CS;SIMPLE_INSTRUMENT;VOLA;EUR;637534305;4810.00000000;1590;EXCHANGE_LAST;;1;1;XEUR;7793479;675;
12.11.2024;14:14:20.772;FESX SI 20241220 CS;SIMPLE_INSTRUMENT;VOLA;EUR;637534306;4810.00000000;1060;EXCHANGE_LAST;;1;1;XEUR;7793479;675;
12.11.2024;14:43:03.605;FESX SI 20241220 CS;SIMPLE_INSTRUMENT;VOLA;EUR;637534322;4815.00000000;1715;EXCHANGE_LAST;;1;1;XEUR;7793479;675;
12.11.2024;15:26:46.320;FESX SI 20241220 CS;SIMPLE_INSTRUMENT;VOLA;EUR;637534343;4772.00000000;220;EXCHANGE_LAST;;1;1;XEUR;7793479;675;
12.11.2024;15:34:05.763;FESX SI 20241220 CS;SIMPLE_INSTRUMENT;VOLA;EUR;637534351;4770.00000000;160;EXCHANGE_LAST;;1;1;XEUR;7793479;675;
12.11.2024;15:40:01.448;FESX SI 20241220 CS;SIMPLE_INSTRUMENT;VOLA;EUR;637534353;4782.00000000;2520;EXCHANGE_LAST;;1;1;XEUR;7793479;675;
12.11.2024;15:52:12.870;FESX SI 20241220 CS;SIMPLE_INSTRUMENT;VOLA;EUR;637534361;4805.00000000;18;EXCHANGE_LAST;;1;1;XEUR;7793479;675;
12.11.2024;16:02:05.313;FESX SI 20241220 CS;SIMPLE_INSTRUMENT;VOLA;EUR;637534376;4774.00000000;950;EXCHANGE_LAST;;1;1;XEUR;7793479;675;
12.11.2024;16:15:38.004;FESX SI 20241220 CS;SIMPLE_INSTRUMENT;VOLA;EUR;637534386;4770.00000000;220;EXCHANGE_LAST;;1;1;XEUR;7793479;675;
12.11.2024;16:21:32.366;FESX SI 20241220 CS;SIMPLE_INSTRUMENT;VOLA;EUR;637534392;4755.00000000;492;EXCHANGE_LAST;;1;1;XEUR;7793479;675;
12.11.2024;16:49:03.953;FESX SI 20241220 CS;SIMPLE_INSTRUMENT;VOLA;EUR;637534427;4757.00000000;140;EXCHANGE_LAST;;1;1;XEUR;7793479;675;
12.11.2024;09:23:22.841;FEU3 SI 20250915 CS;SIMPLE_INSTRUMENT;EFS;EUR;6;98.08000000;6000;EXCHANGE_LAST;;1;1;XEUR;4396833;702;
12.11.2024;08:42:05.057;FEXD SI 20261218 CS;SIMPLE_INSTRUMENT;BLOCK;EUR;1;153.00000000;140;EXCHANGE_LAST;;1;1;XEUR;2163053;693;
12.11.2024;08:42:22.464;FEXD SI 20291221 CS;SIMPLE_INSTRUMENT;BLOCK;EUR;2;137.10000000;140;EXCHANGE_LAST;;1;1;XEUR;4631968;693;
12.11.2024;08:50:04.976;FEXD SI 20261218 CS;SIMPLE_INSTRUMENT;BLOCK;EUR;3;153.00000000;1000;EXCHANGE_LAST;;1;1;XEUR;2163053;693;
12.11.2024;09:03:43.565;FEXD.S.DEC27.DEC28.SPD;FUTURES_SPREAD;BLOCK;EUR;5;5.20000000;215;EXCHANGE_LAST;;1;1;XEUR;72060570450264162;693;
12.11.2024;09:03:43.565;FEXD SI 20271217 CS;SIMPLE_INSTRUMENT;BLOCK;EUR;5;147.90000000;215;PRC_DECOMP_EXCHANGE;;;;XEUR;2848338;693;EXCHANGE
12.11.2024;09:03:43.565;FEXD SI 20281215 CS;SIMPLE_INSTRUMENT;BLOCK;EUR;5;142.70000000;215;PRC_DECOMP_EXCHANGE;;;;XEUR;3680985;693;EXCHANGE
12.11.2024;09:44:21.506;FEXD SI 20271217 CS;SIMPLE_INSTRUMENT;BLOCK;EUR;12;147.20000000;250;EXCHANGE_LAST;;1;1;XEUR;2848338;693;
12.11.2024;09:50:30.538;FEXD SI 20281215 CS;SIMPLE_INSTRUMENT;BLOCK;EUR;13;142.10000000;100;EXCHANGE_LAST;;1;1;XEUR;3680985;693;
12.11.2024;10:24:29.687;FEXD SI 20281215 CS;SIMPLE_INSTRUMENT;BLOCK;EUR;14;142.10000000;150;EXCHANGE_LAST;;1;1;XEUR;3680985;693;
12.11.2024;13:15:45.533;FEXD SI 20251219 CS;SIMPLE_INSTRUMENT;BLOCK;EUR;21;157.90000000;200;EXCHANGE_LAST;;1;1;XEUR;1548120;693;
12.11.2024;13:20:11.882;FEXD SI 20251219 CS;SIMPLE_INSTRUMENT;BLOCK;EUR;22;158.20000000;1300;EXCHANGE_LAST;;1;1;XEUR;1548120;693;
12.11.2024;13:20:18.420;FEXD SI 20261218 CS;SIMPLE_INSTRUMENT;BLOCK;EUR;23;152.80000000;1300;EXCHANGE_LAST;;1;1;XEUR;2163053;693;
12.11.2024;14:50:39.971;FEXD SI 20261218 CS;SIMPLE_INSTRUMENT;BLOCK;EUR;30;152.70000000;847;EXCHANGE_LAST;;1;1;XEUR;2163053;693;
12.11.2024;15:46:47.495;FEXD SI 20251219 CS;SIMPLE_INSTRUMENT;BLOCK;EUR;34;157.70000000;179;EXCHANGE_LAST;;1;1;XEUR;1548120;693;
12.11.2024;15:47:25.997;FEXD SI 20261218 CS;SIMPLE_INSTRUMENT;BLOCK;EUR;35;151.90000000;186;EXCHANGE_LAST;;1;1;XEUR;2163053;693;
12.11.2024;15:47:51.897;FEXD SI 20271217 CS;SIMPLE_INSTRUMENT;BLOCK;EUR;36;145.40000000;194;EXCHANGE_LAST;;1;1;XEUR;2848338;693;
12.11.2024;15:48:06.727;FEXD SI 20281215 CS;SIMPLE_INSTRUMENT;BLOCK;EUR;37;139.90000000;202;EXCHANGE_LAST;;1;1;XEUR;3680985;693;
12.11.2024;15:48:37.917;FEXD SI 20291221 CS;SIMPLE_INSTRUMENT;BLOCK;EUR;38;134.90000000;210;EXCHANGE_LAST;;1;1;XEUR;4631968;693;
12.11.2024;16:36:58.248;FEXD SI 20251219 CS;SIMPLE_INSTRUMENT;BLOCK;EUR;41;157.80000000;150;EXCHANGE_LAST;;1;1;XEUR;1548120;693;
12.11.2024;16:37:14.608;FEXD SI 20251219 CS;SIMPLE_INSTRUMENT;BLOCK;EUR;42;157.70000000;150;EXCHANGE_LAST;;1;1;XEUR;1548120;693;
12.11.2024;16:46:15.615;FEXD SI 20281215 CS;SIMPLE_INSTRUMENT;BLOCK;EUR;43;140.20000000;200;EXCHANGE_LAST;;1;1;XEUR;3680985;693;
12.11.2024;16:35:38.577;FFOX SI 20241220 CS;SIMPLE_INSTRUMENT;BLOCK;EUR;8;4422.00000000;300;EXCHANGE_LAST;;1;1;XEUR;10839549;695;
12.11.2024;08:17:24.735;FGBL SI 20241206 PS;SIMPLE_INSTRUMENT;EFS;EUR;1;132.29000000;217;EXCHANGE_LAST;;1;1;XEUR;10804524;688;
12.11.2024;08:21:53.750;FGBL SI 20241206 PS;SIMPLE_INSTRUMENT;EFS;EUR;2;132.26000000;176;EXCHANGE_LAST;;1;1;XEUR;10804524;688;
12.11.2024;08:23:40.407;FGBL SI 20241206 PS;SIMPLE_INSTRUMENT;EFS;EUR;3;132.28000000;174;EXCHANGE_LAST;;1;1;XEUR;10804524;688;
12.11.2024;08:24:15.287;FGBL SI 20241206 PS;SIMPLE_INSTRUMENT;EFS;EUR;4;132.30000000;217;EXCHANGE_LAST;;1;1;XEUR;10804524;688;
12.11.2024;08:26:29.426;FGBL SI 20241206 PS;SIMPLE_INSTRUMENT;EFS;EUR;5;132.26000000;434;EXCHANGE_LAST;;1;1;XEUR;10804524;688;
12.11.2024;08:27:07.080;FGBL SI 20241206 PS;SIMPLE_INSTRUMENT;EFS;EUR;6;132.30000000;217;EXCHANGE_LAST;;1;1;XEUR;10804524;688;
12.11.2024;08:29:54.378;FGBL SI 20241206 PS;SIMPLE_INSTRUMENT;EFS;EUR;7;132.27000000;433;EXCHANGE_LAST;;1;1;XEUR;10804524;688;
12.11.2024;08:36:25.047;FGBL SI 20241206 PS;SIMPLE_INSTRUMENT;EFS;EUR;8;132.30000000;1958;EXCHANGE_LAST;;1;1;XEUR;10804524;688;
12.11.2024;08:43:39.069;FGBL SI 20241206 PS;SIMPLE_INSTRUMENT;EFS;EUR;9;132.30000000;433;EXCHANGE_LAST;;1;1;XEUR;10804524;688;
12.11.2024;08:40:31.083;FGBL SI 20241206 PS;SIMPLE_INSTRUMENT;EFS;EUR;10;132.33000000;434;EXCHANGE_LAST;;1;1;XEUR;10804524;688;
12.11.2024;08:42:01.149;FGBL SI 20241206 PS;SIMPLE_INSTRUMENT;EFS;EUR;11;132.33000000;434;EXCHANGE_LAST;;1;1;XEUR;10804524;688;
12.11.2024;08:43:29.407;FGBL SI 20241206 PS;SIMPLE_INSTRUMENT;EFS;EUR;12;132.33000000;866;EXCHANGE_LAST;;1;1;XEUR;10804524;688;
12.11.2024;08:44:01.269;FGBL SI 20241206 PS;SIMPLE_INSTRUMENT;EFS;EUR;13;132.39000000;217;EXCHANGE_LAST;;1;1;XEUR;10804524;688;
12.11.2024;08:44:33.549;FGBL SI 20241206 PS;SIMPLE_INSTRUMENT;EFS;EUR;14;132.37000000;216;EXCHANGE_LAST;;1;1;XEUR;10804524;688;
12.11.2024;08:45:56.459;FGBL SI 20241206 PS;SIMPLE_INSTRUMENT;EFS;EUR;15;132.39000000;49;EXCHANGE_LAST;;1;1;XEUR;10804524;688;
12.11.2024;08:45:54.374;FGBL SI 20241206 PS;SIMPLE_INSTRUMENT;EFS;EUR;16;132.38000000;433;EXCHANGE_LAST;;1;1;XEUR;10804524;688;
12.11.2024;08:48:30.383;FGBL SI 20241206 PS;SIMPLE_INSTRUMENT;EFS;EUR;17;132.37000000;433;EXCHANGE_LAST;;1;1;XEUR;10804524;688;
12.11.2024;08:50:56.692;FGBL SI 20241206 PS;SIMPLE_INSTRUMENT;EFS;EUR;18;132.37000000;693;EXCHANGE_LAST;;1;1;XEUR;10804524;688;
12.11.2024;08:51:05.867;FGBL SI 20241206 PS;SIMPLE_INSTRUMENT;EFP_FIN;EUR;19;132.32000000;808;EXCHANGE_LAST;;1;1;XEUR;10804524;688;
12.11.2024;08:52:38.685;FGBL SI 20241206 PS;SIMPLE_INSTRUMENT;EFS;EUR;20;132.37000000;248;EXCHANGE_LAST;;1;1;XEUR;10804524;688;
12.11.2024;09:02:43.927;FGBL SI 20241206 PS;SIMPLE_INSTRUMENT;EFS;EUR;21;132.44000000;460;EXCHANGE_LAST;;1;1;XEUR;10804524;688;
12.11.2024;09:03:48.585;FGBL SI 20241206 PS;SIMPLE_INSTRUMENT;EFS;EUR;22;132.37000000;216;EXCHANGE_LAST;;1;1;XEUR;10804524;688;
12.11.2024;09:04:23.942;FGBL SI 20241206 PS;SIMPLE_INSTRUMENT;EFS;EUR;23;132.37000000;433;EXCHANGE_LAST;;1;1;XEUR;10804524;688;
12.11.2024;09:06:57.335;FGBL SI 20241206 PS;SIMPLE_INSTRUMENT;EFS;EUR;24;132.42000000;450;EXCHANGE_LAST;;1;1;XEUR;10804524;688;
12.11.2024;09:07:09.430;FGBL SI 20241206 PS;SIMPLE_INSTRUMENT;EFS;EUR;25;132.43000000;400;EXCHANGE_LAST;;1;1;XEUR;10804524;688;
12.11.2024;09:07:56.585;FGBL SI 20241206 PS;SIMPLE_INSTRUMENT;EFS;EUR;26;132.37000000;433;EXCHANGE_LAST;;1;1;XEUR;10804524;688;
12.11.2024;09:08:22.571;FGBL SI 20241206 PS;SIMPLE_INSTRUMENT;EFP_FIN;EUR;27;132.40000000;82;EXCHANGE_LAST;;1;1;XEUR;10804524;688;
12.11.2024;09:10:50.151;FGBL SI 20241206 PS;SIMPLE_INSTRUMENT;EFP_FIN;EUR;28;132.41000000;110;EXCHANGE_LAST;;1;1;XEUR;10804524;688;
12.11.2024;09:12:48.796;FGBL SI 20241206 PS;SIMPLE_INSTRUMENT;EFS;EUR;29;132.40000000;433;EXCHANGE_LAST;;1;1;XEUR;10804524;688;
12.11.2024;09:14:00.481;FGBL SI 20241206 PS;SIMPLE_INSTRUMENT;EFS;EUR;30;132.35000000;230;EXCHANGE_LAST;;1;1;XEUR;10804524;688;
12.11.2024;09:20:06.457;FGBL SI 20241206 PS;SIMPLE_INSTRUMENT;EFS;EUR;31;132.37000000;459;EXCHANGE_LAST;;1;1;XEUR;10804524;688;
12.11.2024;09:22:15.159;FGBL SI 20241206 PS;SIMPLE_INSTRUMENT;EFS;EUR;32;132.34000000;434;EXCHANGE_LAST;;1;1;XEUR;10804524;688;
12.11.2024;09:29:24.435;FGBL SI 20241206 PS;SIMPLE_INSTRUMENT;EFS;EUR;33;132.35000000;529;EXCHANGE_LAST;;1;1;XEUR;10804524;688;
12.11.2024;09:32:32.187;FGBL SI 20241206 PS;SIMPLE_INSTRUMENT;EFS;EUR;35;132.43000000;460;EXCHANGE_LAST;;1;1;XEUR;10804524;688;
12.11.2024;09:41:11.934;FGBL SI 20241206 PS;SIMPLE_INSTRUMENT;EFS;EUR;36;132.34000000;217;EXCHANGE_LAST;;1;1;XEUR;10804524;688;
12.11.2024;09:41:50.332;FGBL SI 20241206 PS;SIMPLE_INSTRUMENT;EFS;EUR;37;132.34000000;217;EXCHANGE_LAST;;1;1;XEUR;10804524;688;
12.11.2024;09:44:02.147;FGBL SI 20241206 PS;SIMPLE_INSTRUMENT;EFS;EUR;38;132.28000000;434;EXCHANGE_LAST;;1;1;XEUR;10804524;688;
12.11.2024;09:44:24.360;FGBL SI 20241206 PS;SIMPLE_INSTRUMENT;EFS;EUR;39;132.29000000;433;EXCHANGE_LAST;;1;1;XEUR;10804524;688;
12.11.2024;09:45:01.502;FGBL SI 20241206 PS;SIMPLE_INSTRUMENT;EFS;EUR;40;132.29000000;433;EXCHANGE_LAST;;1;1;XEUR;10804524;688;
12.11.2024;09:46:33.224;FGBL SI 20241206 PS;SIMPLE_INSTRUMENT;EFP_FIN;EUR;41;132.31000000;225;EXCHANGE_LAST;;1;1;XEUR;10804524;688;
12.11.2024;09:45:12.216;FGBL SI 20241206 PS;SIMPLE_INSTRUMENT;EFS;EUR;42;132.30000000;434;EXCHANGE_LAST;;1;1;XEUR;10804524;688;
12.11.2024;09:45:22.223;FGBL SI 20241206 PS;SIMPLE_INSTRUMENT;EFS;EUR;43;132.34000000;434;EXCHANGE_LAST;;1;1;XEUR;10804524;688;
12.11.2024;09:46:07.253;FGBL SI 20241206 PS;SIMPLE_INSTRUMENT;EFS;EUR;44;132.40000000;434;EXCHANGE_LAST;;1;1;XEUR;10804524;688;
12.11.2024;09:47:07.304;FGBL SI 20241206 PS;SIMPLE_INSTRUMENT;EFS;EUR;45;132.30000000;434;EXCHANGE_LAST;;1;1;XEUR;10804524;688;
12.11.2024;09:50:42.764;FGBL SI 20241206 PS;SIMPLE_INSTRUMENT;EFS;EUR;46;132.32000000;489;EXCHANGE_LAST;;1;1;XEUR;10804524;688;
12.11.2024;09:58:11.617;FGBL SI 20241206 PS;SIMPLE_INSTRUMENT;EFS;EUR;47;132.45000000;293;EXCHANGE_LAST;;1;1;XEUR;10804524;688;
12.11.2024;10:02:00.766;FGBL SI 20241206 PS;SIMPLE_INSTRUMENT;EFP_FIN;EUR;48;132.41000000;245;EXCHANGE_LAST;;1;1;XEUR;10804524;688;
12.11.2024;10:04:58.107;FGBL SI 20241206 PS;SIMPLE_INSTRUMENT;EFP_FIN;EUR;49;132.45000000;287;EXCHANGE_LAST;;1;1;XEUR;10804524;688;
12.11.2024;10:11:40.273;FGBL SI 20241206 PS;SIMPLE_INSTRUMENT;EFP_FIN;EUR;50;132.54000000;568;EXCHANGE_LAST;;1;1;XEUR;10804524;688;
12.11.2024;10:13:14.162;FGBL SI 20241206 PS;SIMPLE_INSTRUMENT;EFP_FIN;EUR;51;132.25000000;204;EXCHANGE_LAST;;1;1;XEUR;10804524;688;
12.11.2024;10:14:50.961;FGBL SI 20241206 PS;SIMPLE_INSTRUMENT;EFS;EUR;52;132.63000000;432;EXCHANGE_LAST;;1;1;XEUR;10804524;688;
12.11.2024;10:15:03.399;FGBL SI 20241206 PS;SIMPLE_INSTRUMENT;EFP_FIN;EUR;53;132.46000000;51;EXCHANGE_LAST;;1;1;XEUR;10804524;688;
12.11.2024;10:15:23.869;FGBL SI 20241206 PS;SIMPLE_INSTRUMENT;EFP_FIN;EUR;54;132.46000000;232;EXCHANGE_LAST;;1;1;XEUR;10804524;688;
12.11.2024;10:15:48.630;FGBL SI 20241206 PS;SIMPLE_INSTRUMENT;EFS;EUR;55;132.60000000;433;EXCHANGE_LAST;;1;1;XEUR;10804524;688;
12.11.2024;10:17:05.476;FGBL SI 20241206 PS;SIMPLE_INSTRUMENT;EFS;EUR;56;132.60000000;433;EXCHANGE_LAST;;1;1;XEUR;10804524;688;
12.11.2024;10:22:53.275;FGBL SI 20241206 PS;SIMPLE_INSTRUMENT;EFS;EUR;57;132.62000000;303;EXCHANGE_LAST;;1;1;XEUR;10804524;688;
12.11.2024;10:23:18.998;FGBL SI 20241206 PS;SIMPLE_INSTRUMENT;EFS;EUR;58;132.62000000;303;EXCHANGE_LAST;;1;1;XEUR;10804524;688;
12.11.2024;10:32:13.961;FGBL SI 20241206 PS;SIMPLE_INSTRUMENT;EFS;EUR;59;132.62000000;1952;EXCHANGE_LAST;;1;1;XEUR;10804524;688;
12.11.2024;10:38:01.572;FGBL SI 20241206 PS;SIMPLE_INSTRUMENT;EFS;EUR;60;132.58000000;433;EXCHANGE_LAST;;1;1;XEUR;10804524;688;
12.11.2024;10:38:11.582;FGBL SI 20241206 PS;SIMPLE_INSTRUMENT;EFS;EUR;61;132.58000000;217;EXCHANGE_LAST;;1;1;XEUR;10804524;688;
12.11.2024;10:42:02.143;FGBL SI 20241206 PS;SIMPLE_INSTRUMENT;EFS;EUR;62;132.60000000;432;EXCHANGE_LAST;;1;1;XEUR;10804524;688;
12.11.2024;10:43:33.385;FGBL SI 20241206 PS;SIMPLE_INSTRUMENT;EFS;EUR;63;132.58000000;432;EXCHANGE_LAST;;1;1;XEUR;10804524;688;
12.11.2024;10:44:31.645;FGBL SI 20241206 PS;SIMPLE_INSTRUMENT;EFS;EUR;64;132.58000000;216;EXCHANGE_LAST;;1;1;XEUR;10804524;688;
12.11.2024;10:51:23.158;FGBL SI 20241206 PS;SIMPLE_INSTRUMENT;EFS;EUR;65;132.62000000;216;EXCHANGE_LAST;;1;1;XEUR;10804524;688;
12.11.2024;10:52:10.720;FGBL SI 20241206 PS;SIMPLE_INSTRUMENT;EFS;EUR;66;132.61000000;293;EXCHANGE_LAST;;1;1;XEUR;10804524;688;
12.11.2024;10:52:47.619;FGBL SI 20241206 PS;SIMPLE_INSTRUMENT;EFS;EUR;67;132.60000000;1954;EXCHANGE_LAST;;1;1;XEUR;10804524;688;
12.11.2024;10:53:57.720;FGBL SI 20241206 PS;SIMPLE_INSTRUMENT;EFS;EUR;68;132.63000000;432;EXCHANGE_LAST;;1;1;XEUR;10804524;688;
12.11.2024;10:55:34.245;FGBL SI 20241206 PS;SIMPLE_INSTRUMENT;EFS;EUR;69;132.63000000;432;EXCHANGE_LAST;;1;1;XEUR;10804524;688;
12.11.2024;10:55:08.329;FGBL SI 20241206 PS;SIMPLE_INSTRUMENT;EFS;EUR;70;132.63000000;346;EXCHANGE_LAST;;1;1;XEUR;10804524;688;
12.11.2024;10:57:43.505;FGBL SI 20241206 PS;SIMPLE_INSTRUMENT;EFS;EUR;71;132.62000000;216;EXCHANGE_LAST;;1;1;XEUR;10804524;688;
12.11.2024;10:58:20.508;FGBL SI 20241206 PS;SIMPLE_INSTRUMENT;EFS;EUR;72;132.63000000;230;EXCHANGE_LAST;;1;1;XEUR;10804524;688;
12.11.2024;11:13:57.202;FGBL SI 20241206 PS;SIMPLE_INSTRUMENT;EFS;EUR;73;132.72000000;432;EXCHANGE_LAST;;1;1;XEUR;10804524;688;
12.11.2024;11:16:25.300;FGBL SI 20241206 PS;SIMPLE_INSTRUMENT;EFS;EUR;74;132.69000000;433;EXCHANGE_LAST;;1;1;XEUR;10804524;688;
12.11.2024;11:33:37.886;FGBL SI 20241206 PS;SIMPLE_INSTRUMENT;EFP_FIN;EUR;75;132.60000000;415;EXCHANGE_LAST;;1;1;XEUR;10804524;688;
12.11.2024;11:35:34.008;FGBL SI 20241206 PS;SIMPLE_INSTRUMENT;EFS;EUR;76;132.68000000;244;EXCHANGE_LAST;;1;1;XEUR;10804524;688;
12.11.2024;11:46:13.462;FGBL SI 20241206 PS;SIMPLE_INSTRUMENT;EFS;EUR;77;132.67000000;194;EXCHANGE_LAST;;1;1;XEUR;10804524;688;
12.11.2024;11:46:17.597;FGBL SI 20241206 PS;SIMPLE_INSTRUMENT;EFS;EUR;78;132.69000000;433;EXCHANGE_LAST;;1;1;XEUR;10804524;688;
12.11.2024;11:52:05.874;FGBL SI 20241206 PS;SIMPLE_INSTRUMENT;EFP_FIN;EUR;79;132.65000000;485;EXCHANGE_LAST;;1;1;XEUR;10804524;688;
12.11.2024;11:55:45.258;FGBL SI 20241206 PS;SIMPLE_INSTRUMENT;EFP_FIN;EUR;80;132.65000000;855;EXCHANGE_LAST;;1;1;XEUR;10804524;688;
12.11.2024;11:57:56.440;FGBL SI 20241206 PS;SIMPLE_INSTRUMENT;EFS;EUR;81;132.66000000;230;EXCHANGE_LAST;;1;1;XEUR;10804524;688;
12.11.2024;12:00:23.761;FGBL SI 20241206 PS;SIMPLE_INSTRUMENT;EFS;EUR;82;132.65000000;500;EXCHANGE_LAST;;1;1;XEUR;10804524;688;
12.11.2024;12:29:12.606;FGBL SI 20241206 PS;SIMPLE_INSTRUMENT;EFS;EUR;83;132.68000000;433;EXCHANGE_LAST;;1;1;XEUR;10804524;688;
12.11.2024;12:29:16.542;FGBL SI 20241206 PS;SIMPLE_INSTRUMENT;EFP_FIN;EUR;84;132.54000000;1095;EXCHANGE_LAST;;1;1;XEUR;10804524;688;
12.11.2024;12:29:32.623;FGBL SI 20241206 PS;SIMPLE_INSTRUMENT;EFS;EUR;85;132.68000000;433;EXCHANGE_LAST;;1;1;XEUR;10804524;688;
12.11.2024;12:33:28.575;FGBL SI 20241206 PS;SIMPLE_INSTRUMENT;EFS;EUR;86;132.69000000;432;EXCHANGE_LAST;;1;1;XEUR;10804524;688;
12.11.2024;12:33:52.366;FGBL SI 20241206 PS;SIMPLE_INSTRUMENT;EFS;EUR;87;132.67000000;460;EXCHANGE_LAST;;1;1;XEUR;10804524;688;
12.11.2024;12:34:59.216;FGBL SI 20241206 PS;SIMPLE_INSTRUMENT;EFS;EUR;88;132.68000000;432;EXCHANGE_LAST;;1;1;XEUR;10804524;688;
12.11.2024;12:51:53.915;FGBL SI 20241206 PS;SIMPLE_INSTRUMENT;EFS;EUR;89;132.66000000;460;EXCHANGE_LAST;;1;1;XEUR;10804524;688;
12.11.2024;12:56:29.831;FGBL SI 20241206 PS;SIMPLE_INSTRUMENT;EFS;EUR;90;132.56000000;433;EXCHANGE_LAST;;1;1;XEUR;10804524;688;
12.11.2024;13:03:12.832;FGBL SI 20241206 PS;SIMPLE_INSTRUMENT;EFS;EUR;91;132.61000000;244;EXCHANGE_LAST;;1;1;XEUR;10804524;688;
12.11.2024;13:31:18.389;FGBL SI 20241206 PS;SIMPLE_INSTRUMENT;EFS;EUR;92;132.42000000;433;EXCHANGE_LAST;;1;1;XEUR;10804524;688;
12.11.2024;13:40:33.195;FGBL SI 20241206 PS;SIMPLE_INSTRUMENT;EFP_FIN;EUR;93;132.55000000;97;EXCHANGE_LAST;;1;1;XEUR;10804524;688;
12.11.2024;13:43:15.022;FGBL SI 20241206 PS;SIMPLE_INSTRUMENT;EFS;EUR;94;132.38000000;434;EXCHANGE_LAST;;1;1;XEUR;10804524;688;
12.11.2024;13:44:05.067;FGBL SI 20241206 PS;SIMPLE_INSTRUMENT;EFS;EUR;95;132.42000000;433;EXCHANGE_LAST;;1;1;XEUR;10804524;688;
12.11.2024;13:46:20.172;FGBL SI 20241206 PS;SIMPLE_INSTRUMENT;EFS;EUR;96;132.42000000;433;EXCHANGE_LAST;;1;1;XEUR;10804524;688;
12.11.2024;13:46:30.182;FGBL SI 20241206 PS;SIMPLE_INSTRUMENT;EFS;EUR;97;132.39000000;260;EXCHANGE_LAST;;1;1;XEUR;10804524;688;
12.11.2024;13:55:15.700;FGBL SI 20241206 PS;SIMPLE_INSTRUMENT;EFS;EUR;99;132.42000000;217;EXCHANGE_LAST;;1;1;XEUR;10804524;688;
12.11.2024;13:57:05.794;FGBL SI 20241206 PS;SIMPLE_INSTRUMENT;EFS;EUR;100;132.42000000;217;EXCHANGE_LAST;;1;1;XEUR;10804524;688;
12.11.2024;14:20:24.162;FGBL SI 20241206 PS;SIMPLE_INSTRUMENT;EFS;EUR;101;132.32000000;217;EXCHANGE_LAST;;1;1;XEUR;10804524;688;
12.11.2024;14:40:20.377;FGBL SI 20241206 PS;SIMPLE_INSTRUMENT;EFS;EUR;102;132.33000000;489;EXCHANGE_LAST;;1;1;XEUR;10804524;688;
12.11.2024;14:47:15.367;FGBL SI 20241206 PS;SIMPLE_INSTRUMENT;EFS;EUR;103;132.38000000;461;EXCHANGE_LAST;;1;1;XEUR;10804524;688;
12.11.2024;14:56:01.828;FGBL SI 20241206 PS;SIMPLE_INSTRUMENT;EFS;EUR;104;132.37000000;463;EXCHANGE_LAST;;1;1;XEUR;10804524;688;
12.11.2024;15:00:34.952;FGBL SI 20241206 PS;SIMPLE_INSTRUMENT;EFS;EUR;105;132.46000000;179;EXCHANGE_LAST;;1;1;XEUR;10804524;688;
12.11.2024;15:00:41.440;FGBL SI 20241206 PS;SIMPLE_INSTRUMENT;EFP_FIN;EUR;106;132.35000000;399;EXCHANGE_LAST;;1;1;XEUR;10804524;688;
12.11.2024;15:07:47.893;FGBL SI 20241206 PS;SIMPLE_INSTRUMENT;EFP_FIN;EUR;107;132.45000000;121;EXCHANGE_LAST;;1;1;XEUR;10804524;688;
12.11.2024;15:09:38.343;FGBL SI 20241206 PS;SIMPLE_INSTRUMENT;EFS;EUR;108;132.49000000;216;EXCHANGE_LAST;;1;1;XEUR;10804524;688;
12.11.2024;15:12:38.498;FGBL SI 20241206 PS;SIMPLE_INSTRUMENT;EFS;EUR;109;132.43000000;217;EXCHANGE_LAST;;1;1;XEUR;10804524;688;
12.11.2024;15:18:38.770;FGBL SI 20241206 PS;SIMPLE_INSTRUMENT;EFS;EUR;110;132.38000000;434;EXCHANGE_LAST;;1;1;XEUR;10804524;688;
12.11.2024;15:19:12.308;FGBL SI 20241206 PS;SIMPLE_INSTRUMENT;EFS;EUR;111;132.39000000;433;EXCHANGE_LAST;;1;1;XEUR;10804524;688;
12.11.2024;15:19:58.427;FGBL SI 20241206 PS;SIMPLE_INSTRUMENT;EFS;EUR;112;132.39000000;433;EXCHANGE_LAST;;1;1;XEUR;10804524;688;
12.11.2024;15:21:14.922;FGBL SI 20241206 PS;SIMPLE_INSTRUMENT;EFS;EUR;113;132.35000000;433;EXCHANGE_LAST;;1;1;XEUR;10804524;688;
12.11.2024;15:22:28.492;FGBL SI 20241206 PS;SIMPLE_INSTRUMENT;EFS;EUR;114;132.36000000;216;EXCHANGE_LAST;;1;1;XEUR;10804524;688;
12.11.2024;15:24:26.723;FGBL SI 20241206 PS;SIMPLE_INSTRUMENT;EFS;EUR;115;132.41000000;221;EXCHANGE_LAST;;1;1;XEUR;10804524;688;
12.11.2024;15:26:34.168;FGBL SI 20241206 PS;SIMPLE_INSTRUMENT;EFS;EUR;116;132.41000000;434;EXCHANGE_LAST;;1;1;XEUR;10804524;688;
12.11.2024;15:26:44.178;FGBL SI 20241206 PS;SIMPLE_INSTRUMENT;EFS;EUR;117;132.41000000;434;EXCHANGE_LAST;;1;1;XEUR;10804524;688;
12.11.2024;15:28:15.064;FGBL SI 20241206 PS;SIMPLE_INSTRUMENT;EFP_FIN;EUR;118;132.41000000;97;EXCHANGE_LAST;;1;1;XEUR;10804524;688;
12.11.2024;15:33:19.425;FGBL SI 20241206 PS;SIMPLE_INSTRUMENT;EFS;EUR;119;132.42000000;304;EXCHANGE_LAST;;1;1;XEUR;10804524;688;
12.11.2024;15:35:05.496;FGBL SI 20241206 PS;SIMPLE_INSTRUMENT;EFS;EUR;120;132.41000000;150;EXCHANGE_LAST;;1;1;XEUR;10804524;688;
12.11.2024;15:36:02.099;FGBL SI 20241206 PS;SIMPLE_INSTRUMENT;EFS;EUR;121;132.40000000;216;EXCHANGE_LAST;;1;1;XEUR;10804524;688;
12.11.2024;15:36:29.229;FGBL SI 20241206 PS;SIMPLE_INSTRUMENT;EFS;EUR;122;132.41000000;216;EXCHANGE_LAST;;1;1;XEUR;10804524;688;
12.11.2024;15:37:47.390;FGBL SI 20241206 PS;SIMPLE_INSTRUMENT;EFS;EUR;123;132.43000000;433;EXCHANGE_LAST;;1;1;XEUR;10804524;688;
12.11.2024;15:40:33.614;FGBL SI 20241206 PS;SIMPLE_INSTRUMENT;EFS;EUR;124;132.44000000;433;EXCHANGE_LAST;;1;1;XEUR;10804524;688;
12.11.2024;15:40:35.799;FGBL SI 20241206 PS;SIMPLE_INSTRUMENT;EFS;EUR;125;132.42000000;217;EXCHANGE_LAST;;1;1;XEUR;10804524;688;
12.11.2024;15:42:05.872;FGBL SI 20241206 PS;SIMPLE_INSTRUMENT;EFS;EUR;126;132.42000000;434;EXCHANGE_LAST;;1;1;XEUR;10804524;688;
12.11.2024;15:43:10.920;FGBL SI 20241206 PS;SIMPLE_INSTRUMENT;EFS;EUR;127;132.42000000;433;EXCHANGE_LAST;;1;1;XEUR;10804524;688;
12.11.2024;15:43:20.928;FGBL SI 20241206 PS;SIMPLE_INSTRUMENT;EFS;EUR;128;132.40000000;434;EXCHANGE_LAST;;1;1;XEUR;10804524;688;
12.11.2024;15:43:55.963;FGBL SI 20241206 PS;SIMPLE_INSTRUMENT;EFS;EUR;129;132.42000000;1300;EXCHANGE_LAST;;1;1;XEUR;10804524;688;
12.11.2024;15:48:51.237;FGBL SI 20241206 PS;SIMPLE_INSTRUMENT;EFP_FIN;EUR;130;132.40000000;557;EXCHANGE_LAST;;1;1;XEUR;10804524;688;
12.11.2024;15:51:54.691;FGBL SI 20241206 PS;SIMPLE_INSTRUMENT;EFS;EUR;131;132.37000000;461;EXCHANGE_LAST;;1;1;XEUR;10804524;688;
12.11.2024;15:55:52.388;FGBL SI 20241206 PS;SIMPLE_INSTRUMENT;EFS;EUR;132;132.40000000;271;EXCHANGE_LAST;;1;1;XEUR;10804524;688;
12.11.2024;16:09:57.061;FGBL SI 20241206 PS;SIMPLE_INSTRUMENT;EFS;EUR;133;132.32000000;923;EXCHANGE_LAST;;1;1;XEUR;10804524;688;
12.11.2024;16:14:48.380;FGBL SI 20241206 PS;SIMPLE_INSTRUMENT;EFS;EUR;134;132.30000000;434;EXCHANGE_LAST;;1;1;XEUR;10804524;688;
12.11.2024;16:18:49.477;FGBL SI 20241206 PS;SIMPLE_INSTRUMENT;EFP_FIN;EUR;135;132.30000000;1162;EXCHANGE_LAST;;1;1;XEUR;10804524;688;
12.11.2024;16:20:29.858;FGBL SI 20241206 PS;SIMPLE_INSTRUMENT;EFP_FIN;EUR;136;132.30000000;388;EXCHANGE_LAST;;1;1;XEUR;10804524;688;
12.11.2024;16:21:46.735;FGBL SI 20241206 PS;SIMPLE_INSTRUMENT;EFS;EUR;137;132.29000000;133;EXCHANGE_LAST;;1;1;XEUR;10804524;688;
12.11.2024;16:28:40.344;FGBL SI 20241206 PS;SIMPLE_INSTRUMENT;EFS;EUR;138;132.18000000;490;EXCHANGE_LAST;;1;1;XEUR;10804524;688;
12.11.2024;16:29:27.193;FGBL SI 20241206 PS;SIMPLE_INSTRUMENT;EFS;EUR;139;132.22000000;1500;EXCHANGE_LAST;;1;1;XEUR;10804524;688;
12.11.2024;16:36:10.729;FGBL SI 20241206 PS;SIMPLE_INSTRUMENT;EFP_FIN;EUR;140;132.35000000;199;EXCHANGE_LAST;;1;1;XEUR;10804524;688;
12.11.2024;16:38:06.379;FGBL SI 20241206 PS;SIMPLE_INSTRUMENT;EFS;EUR;141;132.21000000;217;EXCHANGE_LAST;;1;1;XEUR;10804524;688;
12.11.2024;16:38:51.411;FGBL SI 20241206 PS;SIMPLE_INSTRUMENT;EFS;EUR;142;132.21000000;217;EXCHANGE_LAST;;1;1;XEUR;10804524;688;
12.11.2024;16:48:49.822;FGBL SI 20241206 PS;SIMPLE_INSTRUMENT;EFS;EUR;143;132.13000000;433;EXCHANGE_LAST;;1;1;XEUR;10804524;688;
12.11.2024;16:52:06.243;FGBL SI 20241206 PS;SIMPLE_INSTRUMENT;EFS;EUR;144;132.11000000;260;EXCHANGE_LAST;;1;1;XEUR;10804524;688;
12.11.2024;16:52:52.175;FGBL SI 20241206 PS;SIMPLE_INSTRUMENT;EFS;EUR;145;132.12000000;260;EXCHANGE_LAST;;1;1;XEUR;10804524;688;
12.11.2024;16:58:05.358;FGBL SI 20241206 PS;SIMPLE_INSTRUMENT;EFS;EUR;146;132.10000000;217;EXCHANGE_LAST;;1;1;XEUR;10804524;688;
12.11.2024;17:17:28.083;FGBL SI 20241206 PS;SIMPLE_INSTRUMENT;EFS;EUR;147;132.07000000;230;EXCHANGE_LAST;;1;1;XEUR;10804524;688;
12.11.2024;08:29:05.703;FGBL SI 20241206 PS;SIMPLE_INSTRUMENT;VOLA;EUR;268435465;132.29000000;180;EXCHANGE_LAST;;1;1;XEUR;10804524;688;
12.11.2024;09:49:25.049;FGBL SI 20241206 PS;SIMPLE_INSTRUMENT;VOLA;EUR;268435470;132.29000000;20;EXCHANGE_LAST;;1;1;XEUR;10804524;688;
12.11.2024;13:25:04.055;FGBL SI 20241206 PS;SIMPLE_INSTRUMENT;VOLA;EUR;268435497;132.61000000;80;EXCHANGE_LAST;;1;1;XEUR;10804524;688;
12.11.2024;13:25:32.063;FGBL SI 20241206 PS;SIMPLE_INSTRUMENT;VOLA;EUR;268435498;132.60000000;80;EXCHANGE_LAST;;1;1;XEUR;10804524;688;
12.11.2024;13:37:40.289;FGBL SI 20241206 PS;SIMPLE_INSTRUMENT;VOLA;EUR;268435500;132.50000000;997;EXCHANGE_LAST;;1;1;XEUR;10804524;688;
12.11.2024;14:47:47.394;FGBL SI 20241206 PS;SIMPLE_INSTRUMENT;VOLA;EUR;268435525;132.32000000;30;EXCHANGE_LAST;;1;1;XEUR;10804524;688;
12.11.2024;08:15:25.529;FGBM SI 20241206 PS;SIMPLE_INSTRUMENT;EFS;EUR;1;118.57000000;432;EXCHANGE_LAST;;1;1;XEUR;10804525;689;
12.11.2024;08:16:23.393;FGBM SI 20241206 PS;SIMPLE_INSTRUMENT;EFS;EUR;2;118.59000000;158;EXCHANGE_LAST;;1;1;XEUR;10804525;689;
12.11.2024;08:54:03.600;FGBM SI 20241206 PS;SIMPLE_INSTRUMENT;EFP_FIN;EUR;3;118.61000000;302;EXCHANGE_LAST;;1;1;XEUR;10804525;689;
12.11.2024;08:55:57.959;FGBM SI 20241206 PS;SIMPLE_INSTRUMENT;EFS;EUR;4;118.64000000;432;EXCHANGE_LAST;;1;1;XEUR;10804525;689;
12.11.2024;08:58:48.075;FGBM SI 20241206 PS;SIMPLE_INSTRUMENT;EFS;EUR;5;118.64000000;865;EXCHANGE_LAST;;1;1;XEUR;10804525;689;
12.11.2024;09:04:20.578;FGBM SI 20241206 PS;SIMPLE_INSTRUMENT;EFS;EUR;6;118.64000000;466;EXCHANGE_LAST;;1;1;XEUR;10804525;689;
12.11.2024;09:19:09.972;FGBM SI 20241206 PS;SIMPLE_INSTRUMENT;EFS;EUR;7;118.63000000;864;EXCHANGE_LAST;;1;1;XEUR;10804525;689;
12.11.2024;09:24:56.129;FGBM SI 20241206 PS;SIMPLE_INSTRUMENT;EFS;EUR;8;118.63000000;891;EXCHANGE_LAST;;1;1;XEUR;10804525;689;
12.11.2024;09:30:25.265;FGBM SI 20241206 PS;SIMPLE_INSTRUMENT;EFS;EUR;11;118.67000000;1752;EXCHANGE_LAST;;1;1;XEUR;10804525;689;
12.11.2024;09:34:05.851;FGBM SI 20241206 PS;SIMPLE_INSTRUMENT;EFS;EUR;12;118.62000000;2793;EXCHANGE_LAST;;1;1;XEUR;10804525;689;
12.11.2024;09:38:45.876;FGBM SI 20241206 PS;SIMPLE_INSTRUMENT;EFP_FIN;EUR;13;118.61000000;932;EXCHANGE_LAST;;1;1;XEUR;10804525;689;
12.11.2024;09:40:51.113;FGBM SI 20241206 PS;SIMPLE_INSTRUMENT;EFP_FIN;EUR;14;118.60000000;733;EXCHANGE_LAST;;1;1;XEUR;10804525;689;
12.11.2024;09:50:52.764;FGBM SI 20241206 PS;SIMPLE_INSTRUMENT;EFS;EUR;15;118.60000000;1863;EXCHANGE_LAST;;1;1;XEUR;10804525;689;
12.11.2024;09:50:02.426;FGBM SI 20241206 PS;SIMPLE_INSTRUMENT;EFS;EUR;16;118.67000000;865;EXCHANGE_LAST;;1;1;XEUR;10804525;689;
12.11.2024;09:52:04.672;FGBM SI 20241206 PS;SIMPLE_INSTRUMENT;EFS;EUR;17;118.70000000;432;EXCHANGE_LAST;;1;1;XEUR;10804525;689;
12.11.2024;10:05:05.108;FGBM SI 20241206 PS;SIMPLE_INSTRUMENT;EFP_FIN;EUR;18;118.59000000;224;EXCHANGE_LAST;;1;1;XEUR;10804525;689;
12.11.2024;10:11:25.342;FGBM SI 20241206 PS;SIMPLE_INSTRUMENT;EFP_FIN;EUR;19;118.59000000;268;EXCHANGE_LAST;;1;1;XEUR;10804525;689;
12.11.2024;10:10:52.640;FGBM SI 20241206 PS;SIMPLE_INSTRUMENT;EFS;EUR;20;118.69000000;868;EXCHANGE_LAST;;1;1;XEUR;10804525;689;
12.11.2024;10:20:12.724;FGBM SI 20241206 PS;SIMPLE_INSTRUMENT;EFS;EUR;21;118.79000000;465;EXCHANGE_LAST;;1;1;XEUR;10804525;689;
12.11.2024;10:22:24.844;FGBM SI 20241206 PS;SIMPLE_INSTRUMENT;EFS;EUR;22;118.80000000;864;EXCHANGE_LAST;;1;1;XEUR;10804525;689;
12.11.2024;10:23:34.946;FGBM SI 20241206 PS;SIMPLE_INSTRUMENT;EFS;EUR;23;118.78000000;465;EXCHANGE_LAST;;1;1;XEUR;10804525;689;
12.11.2024;10:24:58.528;FGBM SI 20241206 PS;SIMPLE_INSTRUMENT;EFS;EUR;24;118.79000000;465;EXCHANGE_LAST;;1;1;XEUR;10804525;689;
12.11.2024;10:25:21.305;FGBM SI 20241206 PS;SIMPLE_INSTRUMENT;EFS;EUR;25;118.78000000;465;EXCHANGE_LAST;;1;1;XEUR;10804525;689;
12.11.2024;10:33:07.621;FGBM SI 20241206 PS;SIMPLE_INSTRUMENT;EFP_FIN;EUR;26;118.78000000;158;EXCHANGE_LAST;;1;1;XEUR;10804525;689;
12.11.2024;11:34:17.091;FGBM SI 20241206 PS;SIMPLE_INSTRUMENT;EFP_FIN;EUR;27;118.81000000;428;EXCHANGE_LAST;;1;1;XEUR;10804525;689;
12.11.2024;11:45:46.243;FGBM SI 20241206 PS;SIMPLE_INSTRUMENT;EFP_FIN;EUR;28;118.79000000;848;EXCHANGE_LAST;;1;1;XEUR;10804525;689;
12.11.2024;12:06:05.446;FGBM SI 20241206 PS;SIMPLE_INSTRUMENT;EFS;EUR;29;118.75000000;432;EXCHANGE_LAST;;1;1;XEUR;10804525;689;
12.11.2024;12:15:03.956;FGBM SI 20241206 PS;SIMPLE_INSTRUMENT;EFP_FIN;EUR;30;118.77000000;864;EXCHANGE_LAST;;1;1;XEUR;10804525;689;
12.11.2024;12:16:00.994;FGBM SI 20241206 PS;SIMPLE_INSTRUMENT;EFS;EUR;31;118.76000000;431;EXCHANGE_LAST;;1;1;XEUR;10804525;689;
12.11.2024;12:24:46.584;FGBM SI 20241206 PS;SIMPLE_INSTRUMENT;EFS;EUR;32;118.78000000;341;EXCHANGE_LAST;;1;1;XEUR;10804525;689;
12.11.2024;12:37:24.008;FGBM SI 20241206 PS;SIMPLE_INSTRUMENT;EFS;EUR;33;118.82000000;1859;EXCHANGE_LAST;;1;1;XEUR;10804525;689;
12.11.2024;13:06:38.589;FGBM SI 20241206 PS;SIMPLE_INSTRUMENT;EFS;EUR;34;118.76000000;863;EXCHANGE_LAST;;1;1;XEUR;10804525;689;
12.11.2024;13:38:23.788;FGBM SI 20241206 PS;SIMPLE_INSTRUMENT;EFS;EUR;35;118.70000000;865;EXCHANGE_LAST;;1;1;XEUR;10804525;689;
12.11.2024;13:38:33.799;FGBM SI 20241206 PS;SIMPLE_INSTRUMENT;EFS;EUR;36;118.71000000;865;EXCHANGE_LAST;;1;1;XEUR;10804525;689;
12.11.2024;13:38:49.813;FGBM SI 20241206 PS;SIMPLE_INSTRUMENT;EFS;EUR;37;118.71000000;865;EXCHANGE_LAST;;1;1;XEUR;10804525;689;
12.11.2024;13:45:28.929;FGBM SI 20241206 PS;SIMPLE_INSTRUMENT;EFS;EUR;38;118.72000000;432;EXCHANGE_LAST;;1;1;XEUR;10804525;689;
12.11.2024;13:48:20.283;FGBM SI 20241206 PS;SIMPLE_INSTRUMENT;EFS;EUR;39;118.71000000;865;EXCHANGE_LAST;;1;1;XEUR;10804525;689;
12.11.2024;13:55:11.005;FGBM SI 20241206 PS;SIMPLE_INSTRUMENT;EFP_FIN;EUR;40;118.80000000;825;EXCHANGE_LAST;;1;1;XEUR;10804525;689;
12.11.2024;13:55:15.655;FGBM SI 20241206 PS;SIMPLE_INSTRUMENT;EFS;EUR;41;118.72000000;410;EXCHANGE_LAST;;1;1;XEUR;10804525;689;
12.11.2024;13:57:05.749;FGBM SI 20241206 PS;SIMPLE_INSTRUMENT;EFS;EUR;42;118.72000000;410;EXCHANGE_LAST;;1;1;XEUR;10804525;689;
12.11.2024;13:58:26.041;FGBM SI 20241206 PS;SIMPLE_INSTRUMENT;EFP_FIN;EUR;43;118.76000000;205;EXCHANGE_LAST;;1;1;XEUR;10804525;689;
12.11.2024;14:01:05.919;FGBM SI 20241206 PS;SIMPLE_INSTRUMENT;EFS;EUR;44;118.69000000;865;EXCHANGE_LAST;;1;1;XEUR;10804525;689;
12.11.2024;14:33:45.748;FGBM SI 20241206 PS;SIMPLE_INSTRUMENT;EFS;EUR;45;118.65000000;863;EXCHANGE_LAST;;1;1;XEUR;10804525;689;
12.11.2024;14:54:41.466;FGBM SI 20241206 PS;SIMPLE_INSTRUMENT;EFP_FIN;EUR;46;118.72000000;428;EXCHANGE_LAST;;1;1;XEUR;10804525;689;
12.11.2024;14:58:13.833;FGBM SI 20241206 PS;SIMPLE_INSTRUMENT;EFS;EUR;47;118.72000000;432;EXCHANGE_LAST;;1;1;XEUR;10804525;689;
12.11.2024;14:59:38.680;FGBM SI 20241206 PS;SIMPLE_INSTRUMENT;EFS;EUR;48;118.72000000;432;EXCHANGE_LAST;;1;1;XEUR;10804525;689;
12.11.2024;15:04:51.483;FGBM SI 20241206 PS;SIMPLE_INSTRUMENT;EFP_FIN;EUR;49;118.72000000;190;EXCHANGE_LAST;;1;1;XEUR;10804525;689;
12.11.2024;15:02:10.104;FGBM SI 20241206 PS;SIMPLE_INSTRUMENT;EFS;EUR;50;118.71000000;876;EXCHANGE_LAST;;1;1;XEUR;10804525;689;
12.11.2024;15:14:10.367;FGBM SI 20241206 PS;SIMPLE_INSTRUMENT;EFS;EUR;51;118.72000000;432;EXCHANGE_LAST;;1;1;XEUR;10804525;689;
12.11.2024;15:15:01.813;FGBM SI 20241206 PS;SIMPLE_INSTRUMENT;EFS;EUR;52;118.69000000;483;EXCHANGE_LAST;;1;1;XEUR;10804525;689;
12.11.2024;15:18:25.683;FGBM SI 20241206 PS;SIMPLE_INSTRUMENT;EFS;EUR;53;118.69000000;818;EXCHANGE_LAST;;1;1;XEUR;10804525;689;
12.11.2024;15:22:53.979;FGBM SI 20241206 PS;SIMPLE_INSTRUMENT;EFS;EUR;54;118.71000000;865;EXCHANGE_LAST;;1;1;XEUR;10804525;689;
12.11.2024;15:37:31.033;FGBM SI 20241206 PS;SIMPLE_INSTRUMENT;EFP_FIN;EUR;55;118.73000000;205;EXCHANGE_LAST;;1;1;XEUR;10804525;689;
12.11.2024;15:37:40.134;FGBM SI 20241206 PS;SIMPLE_INSTRUMENT;EFS;EUR;56;118.70000000;2185;EXCHANGE_LAST;;1;1;XEUR;10804525;689;
12.11.2024;15:56:17.546;FGBM SI 20241206 PS;SIMPLE_INSTRUMENT;EFP_FIN;EUR;57;118.72000000;428;EXCHANGE_LAST;;1;1;XEUR;10804525;689;
12.11.2024;15:57:45.404;FGBM SI 20241206 PS;SIMPLE_INSTRUMENT;EFP_FIN;EUR;58;118.68000000;316;EXCHANGE_LAST;;1;1;XEUR;10804525;689;
12.11.2024;16:06:04.637;FGBM SI 20241206 PS;SIMPLE_INSTRUMENT;EFS;EUR;59;118.66000000;434;EXCHANGE_LAST;;1;1;XEUR;10804525;689;
12.11.2024;16:08:24.224;FGBM SI 20241206 PS;SIMPLE_INSTRUMENT;EFP_FIN;EUR;60;118.64000000;354;EXCHANGE_LAST;;1;1;XEUR;10804525;689;
12.11.2024;16:27:32.351;FGBM SI 20241206 PS;SIMPLE_INSTRUMENT;EFP_FIN;EUR;61;118.65000000;110;EXCHANGE_LAST;;1;1;XEUR;10804525;689;
12.11.2024;16:28:26.417;FGBM SI 20241206 PS;SIMPLE_INSTRUMENT;EFS;EUR;62;118.59000000;2700;EXCHANGE_LAST;;1;1;XEUR;10804525;689;
12.11.2024;16:33:44.093;FGBM SI 20241206 PS;SIMPLE_INSTRUMENT;EFP_FIN;EUR;63;118.70000000;1052;EXCHANGE_LAST;;1;1;XEUR;10804525;689;
12.11.2024;16:38:53.002;FGBM SI 20241206 PS;SIMPLE_INSTRUMENT;EFP_FIN;EUR;64;118.60000000;189;EXCHANGE_LAST;;1;1;XEUR;10804525;689;
12.11.2024;16:40:01.159;FGBM SI 20241206 PS;SIMPLE_INSTRUMENT;EFP_FIN;EUR;65;118.60000000;136;EXCHANGE_LAST;;1;1;XEUR;10804525;689;
12.11.2024;16:41:37.509;FGBM SI 20241206 PS;SIMPLE_INSTRUMENT;EFP_FIN;EUR;66;118.60000000;231;EXCHANGE_LAST;;1;1;XEUR;10804525;689;
12.11.2024;08:40:47.128;FGBS SI 20241206 PS;SIMPLE_INSTRUMENT;EFP_FIN;EUR;1;106.76500000;3560;EXCHANGE_LAST;;1;1;XEUR;10804527;690;
12.11.2024;08:54:27.585;FGBS SI 20241206 PS;SIMPLE_INSTRUMENT;EFP_FIN;EUR;2;106.78500000;3420;EXCHANGE_LAST;;1;1;XEUR;10804527;690;
12.11.2024;08:59:38.117;FGBS SI 20241206 PS;SIMPLE_INSTRUMENT;EFP_FIN;EUR;3;106.77500000;177;EXCHANGE_LAST;;1;1;XEUR;10804527;690;
12.11.2024;09:14:28.610;FGBS SI 20241206 PS;SIMPLE_INSTRUMENT;EFP_FIN;EUR;4;106.77500000;2152;EXCHANGE_LAST;;1;1;XEUR;10804527;690;
12.11.2024;09:21:20.006;FGBS SI 20241206 PS;SIMPLE_INSTRUMENT;EFP_FIN;EUR;5;106.77000000;959;EXCHANGE_LAST;;1;1;XEUR;10804527;690;
12.11.2024;09:28:07.647;FGBS SI 20241206 PS;SIMPLE_INSTRUMENT;EFS;EUR;7;106.78000000;2560;EXCHANGE_LAST;;1;1;XEUR;10804527;690;
12.11.2024;09:31:32.538;FGBS SI 20241206 PS;SIMPLE_INSTRUMENT;EFP_FIN;EUR;8;106.76000000;1111;EXCHANGE_LAST;;1;1;XEUR;10804527;690;
12.11.2024;09:44:47.540;FGBS SI 20241206 PS;SIMPLE_INSTRUMENT;EFP_FIN;EUR;9;106.77000000;1575;EXCHANGE_LAST;;1;1;XEUR;10804527;690;
12.11.2024;09:51:04.765;FGBS SI 20241206 PS;SIMPLE_INSTRUMENT;EFS;EUR;10;106.76000000;2721;EXCHANGE_LAST;;1;1;XEUR;10804527;690;
12.11.2024;09:54:17.346;FGBS SI 20241206 PS;SIMPLE_INSTRUMENT;EFP_FIN;EUR;11;106.77000000;525;EXCHANGE_LAST;;1;1;XEUR;10804527;690;
12.11.2024;10:09:46.412;FGBS SI 20241206 PS;SIMPLE_INSTRUMENT;EFP_FIN;EUR;12;106.77000000;1050;EXCHANGE_LAST;;1;1;XEUR;10804527;690;
12.11.2024;10:30:57.093;FGBS SI 20241206 PS;SIMPLE_INSTRUMENT;EFP_FIN;EUR;13;106.84000000;2101;EXCHANGE_LAST;;1;1;XEUR;10804527;690;
12.11.2024;10:35:08.192;FGBS SI 20241206 PS;SIMPLE_INSTRUMENT;EFP_FIN;EUR;14;106.84000000;525;EXCHANGE_LAST;;1;1;XEUR;10804527;690;
12.11.2024;10:36:28.731;FGBS SI 20241206 PS;SIMPLE_INSTRUMENT;EFP_FIN;EUR;15;106.84000000;434;EXCHANGE_LAST;;1;1;XEUR;10804527;690;
12.11.2024;10:56:44.741;FGBS SI 20241206 PS;SIMPLE_INSTRUMENT;EFP_FIN;EUR;16;106.82000000;630;EXCHANGE_LAST;;1;1;XEUR;10804527;690;
12.11.2024;10:59:24.760;FGBS SI 20241206 PS;SIMPLE_INSTRUMENT;EFP_FIN;EUR;17;106.82000000;180;EXCHANGE_LAST;;1;1;XEUR;10804527;690;
12.11.2024;11:01:40.756;FGBS SI 20241206 PS;SIMPLE_INSTRUMENT;EFP_FIN;EUR;18;106.82000000;1575;EXCHANGE_LAST;;1;1;XEUR;10804527;690;
12.11.2024;11:01:30.211;FGBS SI 20241206 PS;SIMPLE_INSTRUMENT;EFP_FIN;EUR;19;106.82000000;108;EXCHANGE_LAST;;1;1;XEUR;10804527;690;
12.11.2024;11:17:37.887;FGBS SI 20241206 PS;SIMPLE_INSTRUMENT;EFP_FIN;EUR;20;106.77000000;1050;EXCHANGE_LAST;;1;1;XEUR;10804527;690;
12.11.2024;11:22:24.162;FGBS SI 20241206 PS;SIMPLE_INSTRUMENT;EFP_FIN;EUR;21;106.82000000;434;EXCHANGE_LAST;;1;1;XEUR;10804527;690;
12.11.2024;11:26:31.041;FGBS SI 20241206 PS;SIMPLE_INSTRUMENT;EFP_FIN;EUR;22;106.83000000;951;EXCHANGE_LAST;;1;1;XEUR;10804527;690;
12.11.2024;11:41:58.252;FGBS SI 20241206 PS;SIMPLE_INSTRUMENT;EFP_FIN;EUR;23;106.83000000;319;EXCHANGE_LAST;;1;1;XEUR;10804527;690;
12.11.2024;11:59:00.515;FGBS SI 20241206 PS;SIMPLE_INSTRUMENT;EFP_FIN;EUR;24;106.85000000;334;EXCHANGE_LAST;;1;1;XEUR;10804527;690;
12.11.2024;12:02:00.943;FGBS SI 20241206 PS;SIMPLE_INSTRUMENT;EFP_FIN;EUR;25;106.85000000;473;EXCHANGE_LAST;;1;1;XEUR;10804527;690;
12.11.2024;12:07:42.773;FGBS SI 20241206 PS;SIMPLE_INSTRUMENT;EFP_FIN;EUR;26;106.82000000;2100;EXCHANGE_LAST;;1;1;XEUR;10804527;690;
12.11.2024;12:16:23.875;FGBS SI 20241206 PS;SIMPLE_INSTRUMENT;EFP_FIN;EUR;27;106.84000000;821;EXCHANGE_LAST;;1;1;XEUR;10804527;690;
12.11.2024;12:36:25.004;FGBS SI 20241206 PS;SIMPLE_INSTRUMENT;EFS;EUR;28;106.85000000;5436;EXCHANGE_LAST;;1;1;XEUR;10804527;690;
12.11.2024;12:39:01.014;FGBS SI 20241206 PS;SIMPLE_INSTRUMENT;EFS;EUR;29;106.86000000;2717;EXCHANGE_LAST;;1;1;XEUR;10804527;690;
12.11.2024;12:47:54.823;FGBS SI 20241206 PS;SIMPLE_INSTRUMENT;EFP_FIN;EUR;30;106.82000000;525;EXCHANGE_LAST;;1;1;XEUR;10804527;690;
12.11.2024;13:20:51.349;FGBS SI 20241206 PS;SIMPLE_INSTRUMENT;EFS;EUR;31;106.86000000;5435;EXCHANGE_LAST;;1;1;XEUR;10804527;690;
12.11.2024;13:25:10.716;FGBS SI 20241206 PS;SIMPLE_INSTRUMENT;EFP_FIN;EUR;32;106.84000000;1383;EXCHANGE_LAST;;1;1;XEUR;10804527;690;
12.11.2024;13:27:20.935;FGBS SI 20241206 PS;SIMPLE_INSTRUMENT;EFP_FIN;EUR;33;106.86500000;639;EXCHANGE_LAST;;1;1;XEUR;10804527;690;
12.11.2024;13:35:16.206;FGBS SI 20241206 PS;SIMPLE_INSTRUMENT;EFP_FIN;EUR;34;106.86000000;701;EXCHANGE_LAST;;1;1;XEUR;10804527;690;
12.11.2024;13:40:59.766;FGBS SI 20241206 PS;SIMPLE_INSTRUMENT;EFP_FIN;EUR;35;106.83500000;946;EXCHANGE_LAST;;1;1;XEUR;10804527;690;
12.11.2024;13:46:35.912;FGBS SI 20241206 PS;SIMPLE_INSTRUMENT;EFS;EUR;36;106.83000000;1361;EXCHANGE_LAST;;1;1;XEUR;10804527;690;
12.11.2024;13:50:35.350;FGBS SI 20241206 PS;SIMPLE_INSTRUMENT;EFP_FIN;EUR;37;106.83000000;716;EXCHANGE_LAST;;1;1;XEUR;10804527;690;
12.11.2024;14:00:06.939;FGBS SI 20241206 PS;SIMPLE_INSTRUMENT;EFP_FIN;EUR;38;106.77000000;1050;EXCHANGE_LAST;;1;1;XEUR;10804527;690;
12.11.2024;14:23:55.031;FGBS SI 20241206 PS;SIMPLE_INSTRUMENT;EFS;EUR;39;106.81500000;1587;EXCHANGE_LAST;;1;1;XEUR;10804527;690;
12.11.2024;14:29:06.309;FGBS SI 20241206 PS;SIMPLE_INSTRUMENT;EFP_FIN;EUR;40;106.81000000;1575;EXCHANGE_LAST;;1;1;XEUR;10804527;690;
12.11.2024;14:43:37.504;FGBS SI 20241206 PS;SIMPLE_INSTRUMENT;EFP_FIN;EUR;41;106.81000000;1074;EXCHANGE_LAST;;1;1;XEUR;10804527;690;
12.11.2024;14:59:49.014;FGBS SI 20241206 PS;SIMPLE_INSTRUMENT;EFS;EUR;42;106.83000000;2560;EXCHANGE_LAST;;1;1;XEUR;10804527;690;
12.11.2024;15:06:00.211;FGBS SI 20241206 PS;SIMPLE_INSTRUMENT;EFP_FIN;EUR;43;106.82000000;416;EXCHANGE_LAST;;1;1;XEUR;10804527;690;
12.11.2024;15:03:59.183;FGBS SI 20241206 PS;SIMPLE_INSTRUMENT;EFP_FIN;EUR;44;106.82000000;525;EXCHANGE_LAST;;1;1;XEUR;10804527;690;
12.11.2024;15:45:43.546;FGBS SI 20241206 PS;SIMPLE_INSTRUMENT;EFS;EUR;45;106.83500000;2718;EXCHANGE_LAST;;1;1;XEUR;10804527;690;
12.11.2024;15:47:25.900;FGBS SI 20241206 PS;SIMPLE_INSTRUMENT;EFP_FIN;EUR;46;106.84000000;1433;EXCHANGE_LAST;;1;1;XEUR;10804527;690;
12.11.2024;16:23:11.618;FGBS SI 20241206 PS;SIMPLE_INSTRUMENT;EFS;EUR;48;106.83000000;5124;EXCHANGE_LAST;;1;1;XEUR;10804527;690;
12.11.2024;16:27:20.058;FGBS SI 20241206 PS;SIMPLE_INSTRUMENT;EFS;EUR;49;106.81500000;2200;EXCHANGE_LAST;;1;1;XEUR;10804527;690;
12.11.2024;16:41:39.720;FGBS SI 20241206 PS;SIMPLE_INSTRUMENT;EFP_FIN;EUR;50;106.81500000;142;EXCHANGE_LAST;;1;1;XEUR;10804527;690;
12.11.2024;08:10:02.882;FGBX SI 20241206 PS;SIMPLE_INSTRUMENT;EFS;EUR;1;133.12000000;24;EXCHANGE_LAST;;1;1;XEUR;10804526;691;
12.11.2024;08:56:24.279;FGBX SI 20241206 PS;SIMPLE_INSTRUMENT;BLOCK;EUR;2;133.34000000;180;EXCHANGE_LAST;;1;1;XEUR;10804526;691;
12.11.2024;09:19:57.564;FGBX SI 20241206 PS;SIMPLE_INSTRUMENT;EFP_FIN;EUR;3;133.54000000;148;EXCHANGE_LAST;;1;1;XEUR;10804526;691;
12.11.2024;09:37:27.627;FGBX SI 20241206 PS;SIMPLE_INSTRUMENT;EFP_FIN;EUR;4;133.38000000;302;EXCHANGE_LAST;;1;1;XEUR;10804526;691;
12.11.2024;09:39:16.337;FGBX SI 20250306 PS;SIMPLE_INSTRUMENT;EFP_FIN;EUR;5;133.50000000;668;EXCHANGE_LAST;;1;1;XEUR;11286682;691;
12.11.2024;09:45:47.639;FGBX SI 20241206 PS;SIMPLE_INSTRUMENT;EFP_FIN;EUR;6;133.40000000;137;EXCHANGE_LAST;;1;1;XEUR;10804526;691;
12.11.2024;10:47:35.442;FGBX SI 20241206 PS;SIMPLE_INSTRUMENT;EFP_FIN;EUR;8;133.96000000;192;EXCHANGE_LAST;;1;1;XEUR;10804526;691;
12.11.2024;10:53:33.981;FGBX SI 20241206 PS;SIMPLE_INSTRUMENT;EFS;EUR;9;134.06000000;109;EXCHANGE_LAST;;1;1;XEUR;10804526;691;
12.11.2024;10:55:13.820;FGBX SI 20241206 PS;SIMPLE_INSTRUMENT;BLOCK;EUR;10;133.98000000;297;EXCHANGE_LAST;;1;1;XEUR;10804526;691;
12.11.2024;11:10:54.987;FGBX SI 20241206 PS;SIMPLE_INSTRUMENT;EFP_FIN;EUR;11;133.94000000;85;EXCHANGE_LAST;;1;1;XEUR;10804526;691;
12.11.2024;11:26:44.877;FGBX SI 20241206 PS;SIMPLE_INSTRUMENT;EFP_FIN;EUR;13;134.28000000;85;EXCHANGE_LAST;;1;1;XEUR;10804526;691;
12.11.2024;11:35:14.013;FGBX SI 20241206 PS;SIMPLE_INSTRUMENT;EFS;EUR;15;134.26000000;5;EXCHANGE_LAST;;1;1;XEUR;10804526;691;
12.11.2024;11:48:50.526;FGBX SI 20241206 PS;SIMPLE_INSTRUMENT;EFS;EUR;16;134.16000000;68;EXCHANGE_LAST;;1;1;XEUR;10804526;691;
12.11.2024;11:58:53.525;FGBX SI 20241206 PS;SIMPLE_INSTRUMENT;EFS;EUR;17;134.10000000;84;EXCHANGE_LAST;;1;1;XEUR;10804526;691;
12.11.2024;12:29:30.716;FGBX SI 20241206 PS;SIMPLE_INSTRUMENT;EFS;EUR;18;134.26000000;90;EXCHANGE_LAST;;1;1;XEUR;10804526;691;
12.11.2024;12:31:34.557;FGBX SI 20241206 PS;SIMPLE_INSTRUMENT;EFS;EUR;19;134.26000000;90;EXCHANGE_LAST;;1;1;XEUR;10804526;691;
12.11.2024;13:17:57.340;FGBX SI 20241206 PS;SIMPLE_INSTRUMENT;EFS;EUR;24;134.06000000;169;EXCHANGE_LAST;;1;1;XEUR;10804526;691;
12.11.2024;13:17:17.582;FGBX SI 20241206 PS;SIMPLE_INSTRUMENT;BLOCK;EUR;25;134.06000000;209;EXCHANGE_LAST;;1;1;XEUR;10804526;691;
12.11.2024;13:19:34.602;FGBX SI 20241206 PS;SIMPLE_INSTRUMENT;EFS;EUR;26;133.98000000;54;EXCHANGE_LAST;;1;1;XEUR;10804526;691;
12.11.2024;14:19:37.390;FGBX SI 20241206 PS;SIMPLE_INSTRUMENT;BLOCK;EUR;29;133.36000000;170;EXCHANGE_LAST;;1;1;XEUR;10804526;691;
12.11.2024;14:24:09.483;FGBX SI 20241206 PS;SIMPLE_INSTRUMENT;EFP_FIN;EUR;30;133.60000000;204;EXCHANGE_LAST;;1;1;XEUR;10804526;691;
12.11.2024;14:34:37.220;FGBX SI 20241206 PS;SIMPLE_INSTRUMENT;EFP_FIN;EUR;31;133.42000000;890;EXCHANGE_LAST;;1;1;XEUR;10804526;691;
12.11.2024;14:40:58.837;FGBX SI 20241206 PS;SIMPLE_INSTRUMENT;BLOCK;EUR;32;133.48000000;297;EXCHANGE_LAST;;1;1;XEUR;10804526;691;
12.11.2024;15:36:20.002;FGBX SI 20241206 PS;SIMPLE_INSTRUMENT;BLOCK;EUR;33;133.70000000;185;EXCHANGE_LAST;;1;1;XEUR;10804526;691;
12.11.2024;15:39:00.831;FGBX SI 20241206 PS;SIMPLE_INSTRUMENT;EFS;EUR;34;133.68000000;430;EXCHANGE_LAST;;1;1;XEUR;10804526;691;
12.11.2024;16:46:52.458;FGBX SI 20241206 PS;SIMPLE_INSTRUMENT;EFP_FIN;EUR;38;133.42000000;509;EXCHANGE_LAST;;1;1;XEUR;10804526;691;
12.11.2024;16:44:26.079;FIA5 SI 20241219 PS AM C 13.20 0;SIMPLE_INSTRUMENT;BLOCK;EUR;26;0.25350000;569;EXCHANGE_LAST;;1;1;XEUR;11865789;48227;
12.11.2024;16:44:32.402;FIA5 SI 20241219 PS AM C 13.20 0;SIMPLE_INSTRUMENT;BLOCK;EUR;27;0.25500000;339;EXCHANGE_LAST;;1;1;XEUR;11865789;48227;
12.11.2024;13:20:12.380;FIN SI 20241220 PS AM P 60.00 0;SIMPLE_INSTRUMENT;BLOCK;CHF;47;0.95000000;400;EXCHANGE_LAST;;1;1;XEUR;8782709;671;
12.11.2024;08:37:33.987;FMAE SI 20241220 CS;SIMPLE_INSTRUMENT;BLOCK;EUR;20;413.37500000;200;EXCHANGE_LAST;;1;1;XEUR;7193451;48921;
12.11.2024;07:29:28.189;FMBZ SI 20241220 CS;SIMPLE_INSTRUMENT;BLOCK;USD;8;523.53700000;526;EXCHANGE_LAST;;1;1;XEUR;7196794;402910;
12.11.2024;08:15:36.583;FMCH SI 20241220 CS;SIMPLE_INSTRUMENT;BLOCK;USD;16;515.09000000;188;EXCHANGE_LAST;;1;1;XEUR;7196792;402909;
12.11.2024;16:39:34.154;FMCP SI 20241220 CS;SIMPLE_INSTRUMENT;EFP_IDX;EUR;45;531.40000000;179;EXCHANGE_LAST;;1;1;XEUR;10838961;662;
12.11.2024;16:39:55.217;FMCP SI 20241220 CS;SIMPLE_INSTRUMENT;EFP_IDX;EUR;46;531.50000000;120;EXCHANGE_LAST;;1;1;XEUR;10838961;662;
12.11.2024;03:54:59.123;FMEA SI 20241220 CS;SIMPLE_INSTRUMENT;BLOCK;USD;3;716.63100000;84;EXCHANGE_LAST;;1;1;XEUR;7191938;12395;
12.11.2024;08:31:06.399;FMEA SI 20241220 CS;SIMPLE_INSTRUMENT;BLOCK;USD;19;716.63100000;84;EXCHANGE_LAST;;1;1;XEUR;7191938;12395;
12.11.2024;08:47:05.006;FMEE SI 20241220 CS;SIMPLE_INSTRUMENT;BLOCK;USD;21;321.43200000;600;EXCHANGE_LAST;;1;2;XEUR;7191941;12396;
12.11.2024;08:47:11.007;FMEE SI 20241220 CS;SIMPLE_INSTRUMENT;BLOCK;USD;22;321.43300000;130;EXCHANGE_LAST;;1;1;XEUR;7191941;12396;
12.11.2024;11:28:45.456;FMEE SI 20241220 CS;SIMPLE_INSTRUMENT;BLOCK;USD;23;321.49600000;160;EXCHANGE_LAST;;1;1;XEUR;7191941;12396;
12.11.2024;08:00:30.207;FMEN SI 20241220 CS;SIMPLE_INSTRUMENT;BLOCK;EUR;14;531.04600000;64;EXCHANGE_LAST;;1;1;XEUR;7192297;30652;
12.11.2024;08:01:38.981;FMEN SI 20241220 CS;SIMPLE_INSTRUMENT;BLOCK;EUR;15;527.66300000;251;EXCHANGE_LAST;;1;1;XEUR;7192297;30652;
12.11.2024;08:19:23.264;FMGC SI 20241220 CS;SIMPLE_INSTRUMENT;BLOCK;USD;17;12974.25000000;14;EXCHANGE_LAST;;1;1;XEUR;7193447;48916;
12.11.2024;15:08:22.618;FMGO SI 20241220 CS;SIMPLE_INSTRUMENT;BLOCK;USD;26;5297.25100000;78;EXCHANGE_LAST;;1;1;XEUR;8609363;583623;
12.11.2024;18:05:16.673;FMGS SI 20241220 CS;SIMPLE_INSTRUMENT;BLOCK;USD;32;27410.00000000;365;EXCHANGE_LAST;;1;1;XEUR;7193445;48912;
12.11.2024;18:05:16.693;FMGS SI 20250321 CS;SIMPLE_INSTRUMENT;BLOCK;USD;33;27798.53700000;360;EXCHANGE_LAST;;1;1;XEUR;7590768;48912;
12.11.2024;01:33:42.130;FMHK SI 20241220 CS;SIMPLE_INSTRUMENT;BLOCK;USD;1;59300.00000000;46;EXCHANGE_LAST;;1;1;XEUR;7192592;45282;
12.11.2024;01:42:29.270;FMHK SI 20241220 CS;SIMPLE_INSTRUMENT;BLOCK;USD;2;59553.00000000;46;EXCHANGE_LAST;;1;1;XEUR;7192592;45282;
12.11.2024;07:32:01.051;FMJP SI 20241220 CS;SIMPLE_INSTRUMENT;BLOCK;USD;6;8706.85000000;573;EXCHANGE_LAST;;2;1;XEUR;7190889;661;
12.11.2024;07:45:42.619;FMSA SI 20241220 CS;SIMPLE_INSTRUMENT;BLOCK;USD;11;1803.64000000;304;EXCHANGE_LAST;;1;1;XEUR;7194630;134861;
12.11.2024;08:19:43.242;FMSA SI 20241220 CS;SIMPLE_INSTRUMENT;BLOCK;USD;18;1802.01900000;116;EXCHANGE_LAST;;1;1;XEUR;7194630;134861;
12.11.2024;07:28:25.510;FMSU SI 20241220 CS;SIMPLE_INSTRUMENT;BLOCK;USD;7;5729.92000000;337;EXCHANGE_LAST;;1;1;XEUR;7194749;208344;
12.11.2024;07:31:14.353;FMSU SI 20241220 CS;SIMPLE_INSTRUMENT;EFP_IDX;USD;9;5729.92000000;4;EXCHANGE_LAST;;1;1;XEUR;7194749;208344;
12.11.2024;07:17:46.551;FMWB SI 20241220 CS;SIMPLE_INSTRUMENT;EFP_IDX;GBP;4;22480.00000000;3;EXCHANGE_LAST;;1;1;XEUR;7194561;124305;
12.11.2024;07:53:23.686;FMWN SI 20241220 CS;SIMPLE_INSTRUMENT;BLOCK;EUR;13;578.87000000;550;EXCHANGE_LAST;;1;1;XEUR;7192300;30654;
12.11.2024;07:44:08.041;FMWO SI 20241220 CS;SIMPLE_INSTRUMENT;EFP_IDX;USD;10;12056.66000000;123;EXCHANGE_LAST;;1;1;XEUR;7191849;7059;
12.11.2024;07:49:05.786;FMWO SI 20241220 CS;SIMPLE_INSTRUMENT;EFP_IDX;USD;12;12055.91000000;125;EXCHANGE_LAST;;1;1;XEUR;7191849;7059;
12.11.2024;14:39:22.685;FMWP SI 20241220 CS;SIMPLE_INSTRUMENT;BLOCK;USD;25;3805.50000000;4660;EXCHANGE_LAST;;1;1;XEUR;7192302;30656;
12.11.2024;15:49:47.482;FMWP SI 20241220 CS;SIMPLE_INSTRUMENT;BLOCK;USD;27;3805.50000000;4660;EXCHANGE_LAST;;1;1;XEUR;7192302;30656;
12.11.2024;07:22:34.036;FMXG SI 20241220 CS;SIMPLE_INSTRUMENT;BLOCK;EUR;5;358.95800000;432;EXCHANGE_LAST;;1;1;XEUR;7194562;124306;
12.11.2024;14:20:27.950;FMXT SI 20241220 CS;SIMPLE_INSTRUMENT;BLOCK;USD;24;1267.90200000;10;EXCHANGE_LAST;;1;1;XEUR;7193557;51882;
12.11.2024;08:47:45.441;FOAT SI 20241206 PS;SIMPLE_INSTRUMENT;EFS;EUR;1;125.00000000;264;EXCHANGE_LAST;;1;1;XEUR;10804528;749;
12.11.2024;09:40:46.545;FOAT SI 20241206 PS;SIMPLE_INSTRUMENT;EFP_FIN;EUR;2;124.92000000;415;EXCHANGE_LAST;;1;1;XEUR;10804528;749;
12.11.2024;09:42:14.065;FOAT SI 20241206 PS;SIMPLE_INSTRUMENT;EFP_FIN;EUR;3;124.91000000;781;EXCHANGE_LAST;;1;1;XEUR;10804528;749;
12.11.2024;09:42:30.992;FOAT SI 20241206 PS;SIMPLE_INSTRUMENT;EFP_FIN;EUR;4;124.96000000;364;EXCHANGE_LAST;;1;1;XEUR;10804528;749;
12.11.2024;10:19:31.347;FOAT SI 20241206 PS;SIMPLE_INSTRUMENT;EFP_FIN;EUR;5;125.05000000;141;EXCHANGE_LAST;;1;1;XEUR;10804528;749;
12.11.2024;10:23:06.793;FOAT SI 20241206 PS;SIMPLE_INSTRUMENT;EFP_FIN;EUR;6;125.17000000;415;EXCHANGE_LAST;;1;1;XEUR;10804528;749;
12.11.2024;10:33:34.198;FOAT SI 20241206 PS;SIMPLE_INSTRUMENT;BLOCK;EUR;7;125.20000000;1246;EXCHANGE_LAST;;1;1;XEUR;10804528;749;
12.11.2024;10:38:43.252;FOAT SI 20241206 PS;SIMPLE_INSTRUMENT;EFP_FIN;EUR;8;125.16000000;779;EXCHANGE_LAST;;1;1;XEUR;10804528;749;
12.11.2024;10:47:26.869;FOAT SI 20241206 PS;SIMPLE_INSTRUMENT;EFP_FIN;EUR;9;125.16000000;210;EXCHANGE_LAST;;1;1;XEUR;10804528;749;
12.11.2024;10:50:44.884;FOAT SI 20241206 PS;SIMPLE_INSTRUMENT;EFP_FIN;EUR;10;125.16000000;132;EXCHANGE_LAST;;1;1;XEUR;10804528;749;
12.11.2024;10:51:22.383;FOAT SI 20241206 PS;SIMPLE_INSTRUMENT;EFP_FIN;EUR;11;125.16000000;142;EXCHANGE_LAST;;1;1;XEUR;10804528;749;
12.11.2024;10:53:14.389;FOAT SI 20241206 PS;SIMPLE_INSTRUMENT;EFP_FIN;EUR;12;125.16000000;81;EXCHANGE_LAST;;1;1;XEUR;10804528;749;
12.11.2024;10:55:15.398;FOAT SI 20241206 PS;SIMPLE_INSTRUMENT;EFP_FIN;EUR;13;125.16000000;271;EXCHANGE_LAST;;1;1;XEUR;10804528;749;
12.11.2024;10:56:24.404;FOAT SI 20241206 PS;SIMPLE_INSTRUMENT;EFP_FIN;EUR;14;125.16000000;140;EXCHANGE_LAST;;1;1;XEUR;10804528;749;
12.11.2024;11:18:23.474;FOAT SI 20241206 PS;SIMPLE_INSTRUMENT;EFP_FIN;EUR;15;125.22000000;3737;EXCHANGE_LAST;;1;1;XEUR;10804528;749;
12.11.2024;11:36:51.289;FOAT SI 20241206 PS;SIMPLE_INSTRUMENT;EFP_FIN;EUR;16;125.26000000;1245;EXCHANGE_LAST;;1;1;XEUR;10804528;749;
12.11.2024;11:41:02.783;FOAT SI 20241206 PS;SIMPLE_INSTRUMENT;EFP_FIN;EUR;17;125.18000000;830;EXCHANGE_LAST;;1;1;XEUR;10804528;749;
12.11.2024;11:42:34.076;FOAT SI 20241206 PS;SIMPLE_INSTRUMENT;EFP_FIN;EUR;18;125.25000000;783;EXCHANGE_LAST;;1;1;XEUR;10804528;749;
12.11.2024;13:29:11.353;FOAT SI 20241206 PS;SIMPLE_INSTRUMENT;EFP_FIN;EUR;19;125.14000000;830;EXCHANGE_LAST;;1;1;XEUR;10804528;749;
12.11.2024;13:43:56.177;FOAT SI 20241206 PS;SIMPLE_INSTRUMENT;EFP_FIN;EUR;20;125.15000000;623;EXCHANGE_LAST;;1;1;XEUR;10804528;749;
12.11.2024;13:45:02.904;FOAT SI 20241206 PS;SIMPLE_INSTRUMENT;EFP_FIN;EUR;21;125.11000000;523;EXCHANGE_LAST;;1;1;XEUR;10804528;749;
12.11.2024;14:34:01.484;FOAT SI 20241206 PS;SIMPLE_INSTRUMENT;EFP_FIN;EUR;22;124.95000000;260;EXCHANGE_LAST;;1;1;XEUR;10804528;749;
12.11.2024;14:36:20.421;FOAT SI 20241206 PS;SIMPLE_INSTRUMENT;EFP_FIN;EUR;23;124.84000000;266;EXCHANGE_LAST;;1;1;XEUR;10804528;749;
12.11.2024;14:47:16.304;FOAT SI 20241206 PS;SIMPLE_INSTRUMENT;EFP_FIN;EUR;24;124.88000000;602;EXCHANGE_LAST;;1;1;XEUR;10804528;749;
12.11.2024;15:08:55.465;FOAT SI 20241206 PS;SIMPLE_INSTRUMENT;EFP_FIN;EUR;25;125.00000000;831;EXCHANGE_LAST;;1;1;XEUR;10804528;749;
12.11.2024;15:11:10.826;FOAT SI 20241206 PS;SIMPLE_INSTRUMENT;EFP_FIN;EUR;26;124.85000000;309;EXCHANGE_LAST;;1;1;XEUR;10804528;749;
12.11.2024;15:11:55.167;FOAT SI 20241206 PS;SIMPLE_INSTRUMENT;EFP_FIN;EUR;27;125.01000000;836;EXCHANGE_LAST;;1;1;XEUR;10804528;749;
12.11.2024;15:16:42.704;FOAT SI 20241206 PS;SIMPLE_INSTRUMENT;EFP_FIN;EUR;28;124.85000000;219;EXCHANGE_LAST;;1;1;XEUR;10804528;749;
12.11.2024;15:19:12.724;FOAT SI 20241206 PS;SIMPLE_INSTRUMENT;EFP_FIN;EUR;29;125.00000000;416;EXCHANGE_LAST;;1;1;XEUR;10804528;749;
12.11.2024;15:23:05.586;FOAT SI 20241206 PS;SIMPLE_INSTRUMENT;EFP_FIN;EUR;30;125.27000000;416;EXCHANGE_LAST;;1;1;XEUR;10804528;749;
12.11.2024;15:26:41.211;FOAT SI 20241206 PS;SIMPLE_INSTRUMENT;EFP_FIN;EUR;31;124.96000000;294;EXCHANGE_LAST;;1;1;XEUR;10804528;749;
12.11.2024;15:29:57.929;FOAT SI 20241206 PS;SIMPLE_INSTRUMENT;EFP_FIN;EUR;32;124.86000000;88;EXCHANGE_LAST;;1;1;XEUR;10804528;749;
12.11.2024;15:37:35.631;FOAT SI 20241206 PS;SIMPLE_INSTRUMENT;EFP_FIN;EUR;33;124.94000000;415;EXCHANGE_LAST;;1;1;XEUR;10804528;749;
12.11.2024;15:56:13.681;FOAT SI 20241206 PS;SIMPLE_INSTRUMENT;EFP_FIN;EUR;34;125.01000000;664;EXCHANGE_LAST;;1;1;XEUR;10804528;749;
12.11.2024;15:46:50.378;FOAT SI 20241206 PS;SIMPLE_INSTRUMENT;EFP_FIN;EUR;35;124.84000000;416;EXCHANGE_LAST;;1;1;XEUR;10804528;749;
12.11.2024;15:50:48.020;FOAT SI 20241206 PS;SIMPLE_INSTRUMENT;EFP_FIN;EUR;36;124.93000000;573;EXCHANGE_LAST;;1;1;XEUR;10804528;749;
12.11.2024;15:51:04.501;FOAT SI 20241206 PS;SIMPLE_INSTRUMENT;EFP_FIN;EUR;37;124.93000000;415;EXCHANGE_LAST;;1;1;XEUR;10804528;749;
12.11.2024;15:51:27.829;FOAT SI 20241206 PS;SIMPLE_INSTRUMENT;EFP_FIN;EUR;38;124.93000000;258;EXCHANGE_LAST;;1;1;XEUR;10804528;749;
12.11.2024;16:00:51.547;FOAT SI 20241206 PS;SIMPLE_INSTRUMENT;EFP_FIN;EUR;39;124.97000000;174;EXCHANGE_LAST;;1;1;XEUR;10804528;749;
12.11.2024;16:03:13.794;FOAT SI 20241206 PS;SIMPLE_INSTRUMENT;EFP_FIN;EUR;40;124.93000000;291;EXCHANGE_LAST;;1;1;XEUR;10804528;749;
12.11.2024;16:04:26.553;FOAT SI 20241206 PS;SIMPLE_INSTRUMENT;EFP_FIN;EUR;41;124.90000000;260;EXCHANGE_LAST;;1;1;XEUR;10804528;749;
12.11.2024;16:04:53.095;FOAT SI 20241206 PS;SIMPLE_INSTRUMENT;EFP_FIN;EUR;42;124.93000000;457;EXCHANGE_LAST;;1;1;XEUR;10804528;749;
12.11.2024;16:05:55.091;FOAT SI 20241206 PS;SIMPLE_INSTRUMENT;EFP_FIN;EUR;43;124.91000000;177;EXCHANGE_LAST;;1;1;XEUR;10804528;749;
12.11.2024;16:18:26.574;FOAT SI 20241206 PS;SIMPLE_INSTRUMENT;EFP_FIN;EUR;44;124.92000000;955;EXCHANGE_LAST;;1;1;XEUR;10804528;749;
12.11.2024;16:26:12.630;FOAT SI 20241206 PS;SIMPLE_INSTRUMENT;EFP_FIN;EUR;45;124.74000000;349;EXCHANGE_LAST;;1;1;XEUR;10804528;749;
12.11.2024;16:29:29.358;FOAT SI 20241206 PS;SIMPLE_INSTRUMENT;EFP_FIN;EUR;46;124.75000000;248;EXCHANGE_LAST;;1;1;XEUR;10804528;749;
12.11.2024;10:11:34.261;FRE.O.241112.COMBO.000002;STANDARD_OPTION_STRATEGY;BLOCK;EUR;1;0.62000000;1000;EXCHANGE_LAST;;1;1;XEUR;72060858213104516;760;
12.11.2024;10:11:34.261;FRE SI 20250321 PS AM P 32.00 0;SIMPLE_INSTRUMENT;BLOCK;EUR;1;1.09000000;1000;PRC_DECOMP_EXCHANGE;;;;XEUR;10840443;760;EXCHANGE
12.11.2024;10:11:34.261;FRE SI 20250321 PS AM C 38.00 0;SIMPLE_INSTRUMENT;BLOCK;EUR;1;0.47000000;1000;PRC_DECOMP_EXCHANGE;;;;XEUR;10840434;760;EXCHANGE
12.11.2024;16:47:32.747;FSCP SI 20241220 CS;SIMPLE_INSTRUMENT;EFP_IDX;EUR;49;333.50000000;84;EXCHANGE_LAST;;1;1;XEUR;10840104;764;
12.11.2024;16:47:17.901;FSCP SI 20241220 CS;SIMPLE_INSTRUMENT;EFP_IDX;EUR;50;333.40000000;336;EXCHANGE_LAST;;1;1;XEUR;10840104;764;
12.11.2024;16:46:54.628;FSCP SI 20241220 CS;SIMPLE_INSTRUMENT;BLOCK;EUR;52;333.50000000;120;EXCHANGE_LAST;;1;1;XEUR;10840104;764;
12.11.2024;16:47:14.355;FSCP SI 20241220 CS;SIMPLE_INSTRUMENT;EFP_IDX;EUR;54;333.60000000;80;EXCHANGE_LAST;;1;1;XEUR;10840104;764;
12.11.2024;13:14:59.331;FSED SI 20261218 CS;SIMPLE_INSTRUMENT;BLOCK;EUR;1;16.30000000;100;EXCHANGE_LAST;;1;1;XEUR;7158982;766;
12.11.2024;13:25:21.225;FSED SI 20271217 CS;SIMPLE_INSTRUMENT;BLOCK;EUR;2;15.50000000;75;EXCHANGE_LAST;;1;2;XEUR;8783526;766;
12.11.2024;16:46:49.775;FSEG SI 20241220 CS;SIMPLE_INSTRUMENT;EFP_IDX;EUR;51;186.90000000;10;EXCHANGE_LAST;;1;1;XEUR;10871764;109977;
12.11.2024;16:47:06.334;FSEG SI 20241220 CS;SIMPLE_INSTRUMENT;EFP_IDX;EUR;53;186.80000000;13;EXCHANGE_LAST;;1;1;XEUR;10871764;109977;
12.11.2024;16:48:00.393;FSEG SI 20241220 CS;SIMPLE_INSTRUMENT;EFP_IDX;EUR;56;186.90000000;10;EXCHANGE_LAST;;1;1;XEUR;10871764;109977;
12.11.2024;16:48:24.342;FSEG SI 20241220 CS;SIMPLE_INSTRUMENT;EFP_IDX;EUR;58;186.80000000;36;EXCHANGE_LAST;;1;1;XEUR;10871764;109977;
12.11.2024;16:35:28.029;FSMI SI 20241220 CS;SIMPLE_INSTRUMENT;EFP_IDX;CHF;1;11726.00000000;198;EXCHANGE_LAST;;1;1;XEUR;7793735;757;
12.11.2024;16:35:36.810;FSMI SI 20241220 CS;SIMPLE_INSTRUMENT;EFP_IDX;CHF;2;11727.00000000;102;EXCHANGE_LAST;;1;1;XEUR;7793735;757;
12.11.2024;16:35:47.379;FSMI SI 20241220 CS;SIMPLE_INSTRUMENT;EFP_IDX;CHF;3;11726.00000000;61;EXCHANGE_LAST;;1;1;XEUR;7793735;757;
12.11.2024;16:35:56.200;FSMI SI 20241220 CS;SIMPLE_INSTRUMENT;EFP_IDX;CHF;4;11727.00000000;32;EXCHANGE_LAST;;1;1;XEUR;7793735;757;
12.11.2024;16:48:34.731;FSMI SI 20241220 CS;SIMPLE_INSTRUMENT;EFP_IDX;CHF;5;11727.00000000;56;EXCHANGE_LAST;;1;1;XEUR;7793735;757;
12.11.2024;16:49:40.089;FSMI SI 20241220 CS;SIMPLE_INSTRUMENT;EFP_IDX;CHF;6;11728.00000000;81;EXCHANGE_LAST;;1;1;XEUR;7793735;757;
