#Date;TrdTime;Contract;ContractType;TrdTyp;Currency;TesId;Prc;Qty;TrdInd;Aggressor;Buy;Sell;Exch;InstrumentId;RelatedProdId;PrcDecomp
15.04.2025;12:34:28.458;A2NA SI 20250620 CS;SIMPLE_INSTRUMENT;BLOCK;EUR;134;9.76000000;441;EXCHANGE_LAST;;1;1;XEUR;10872538;151298;
15.04.2025;12:37:10.640;A2NA SI 20250620 CS;SIMPLE_INSTRUMENT;BLOCK;EUR;138;9.76000000;440;EXCHANGE_LAST;;1;1;XEUR;10872538;151298;
15.04.2025;13:46:09.203;A2SG SI 20251219 CS;SIMPLE_INSTRUMENT;BLOCK;EUR;156;1.45500000;450;EXCHANGE_LAST;;1;2;XEUR;5914262;14;
15.04.2025;14:00:53.307;A2SM SI 20251219 CS;SIMPLE_INSTRUMENT;BLOCK;EUR;162;6.72000000;25;EXCHANGE_LAST;;1;1;XEUR;5914264;15;
15.04.2025;14:02:43.573;A2SM SI 20251219 CS;SIMPLE_INSTRUMENT;BLOCK;EUR;163;6.75000000;75;EXCHANGE_LAST;;1;1;XEUR;5914264;15;
15.04.2025;14:31:14.091;A2SM SI 20251219 CS;SIMPLE_INSTRUMENT;BLOCK;EUR;187;6.72000000;50;EXCHANGE_LAST;;1;1;XEUR;5914264;15;
15.04.2025;15:08:35.202;A2SM SI 20251219 CS;SIMPLE_INSTRUMENT;BLOCK;EUR;197;6.72000000;50;EXCHANGE_LAST;;1;1;XEUR;5914264;15;
15.04.2025;14:13:59.310;A2XA SI 20271217 CS;SIMPLE_INSTRUMENT;BLOCK;EUR;171;2.08000000;1600;EXCHANGE_LAST;;1;3;XEUR;5914267;17;
15.04.2025;09:53:23.945;ABBG SI 20250620 CS;SIMPLE_INSTRUMENT;BLOCK;CHF;40;41.85500000;3000;EXCHANGE_LAST;;1;1;XEUR;11209548;574520;
15.04.2025;10:03:09.202;ABBG SI 20250417 CS;SIMPLE_INSTRUMENT;BLOCK;CHF;48;41.70000000;3500;EXCHANGE_LAST;;1;1;XEUR;10886807;574520;
15.04.2025;09:48:18.851;ABBN SI 20261218 PS AM P 30.00 0;SIMPLE_INSTRUMENT;BLOCK;CHF;23;1.68000000;1250;EXCHANGE_LAST;;1;1;XEUR;9388675;574517;
15.04.2025;11:46:19.578;ABBN SI 20250417 PS AM C 44.00 0;SIMPLE_INSTRUMENT;BLOCK;CHF;46;0.27000000;3000;EXCHANGE_LAST;;2;1;XEUR;12656755;574517;
15.04.2025;14:24:14.362;ABBN SI 20250417 PS AM C 53.00 0;SIMPLE_INSTRUMENT;BLOCK;CHF;67;0.03000000;1500;EXCHANGE_LAST;;1;1;XEUR;12656879;574517;
15.04.2025;10:28:26.674;ABNF SI 20250417 CS;SIMPLE_INSTRUMENT;BLOCK;EUR;73;17.94840000;5000;EXCHANGE_LAST;;1;1;XEUR;10870198;74942;
15.04.2025;07:01:45.722;ADEF SI 20250516 CS;SIMPLE_INSTRUMENT;BLOCK;CHF;1;21.30290000;2000;EXCHANGE_LAST;;1;1;XEUR;11029030;47;
15.04.2025;08:08:45.900;ADEN.O.250415.BUL.000002;STANDARD_OPTION_STRATEGY;BLOCK;CHF;2;0.49000000;3600;EXCHANGE_LAST;;1;1;XEUR;72057783016515899;44;
15.04.2025;08:08:45.900;ADEN SI 20250516 PS AM C 27.00 0;SIMPLE_INSTRUMENT;BLOCK;CHF;2;0.10000000;3600;PRC_DECOMP_MEMBER;;;;XEUR;12811798;44;MEMBER
15.04.2025;08:08:45.900;ADEN SI 20250516 PS AM C 24.00 0;SIMPLE_INSTRUMENT;BLOCK;CHF;2;0.59000000;3600;PRC_DECOMP_MEMBER;;;;XEUR;12811851;44;MEMBER
15.04.2025;11:55:39.454;ADS.O.250415.STD.000008;STANDARD_OPTION_STRATEGY;BLOCK;EUR;14;24.75000000;600;EXCHANGE_LAST;;2;2;XEUR;72057808786332783;50;
15.04.2025;11:55:39.454;ADS SI 20250620 PS AM P 200.00 0;SIMPLE_INSTRUMENT;BLOCK;EUR;14;13.18000000;600;PRC_DECOMP_EXCHANGE;;;;XEUR;7897594;50;EXCHANGE
15.04.2025;11:55:39.454;ADS SI 20250620 PS AM C 200.00 0;SIMPLE_INSTRUMENT;BLOCK;EUR;14;11.57000000;600;PRC_DECOMP_EXCHANGE;;;;XEUR;7897596;50;EXCHANGE
15.04.2025;14:07:16.197;ADS SI 20271217 PS AM P 180.00 0;SIMPLE_INSTRUMENT;BLOCK;EUR;17;27.90000000;250;EXCHANGE_LAST;;1;1;XEUR;8771599;50;
15.04.2025;12:34:32.962;AEAF SI 20250620 CS;SIMPLE_INSTRUMENT;BLOCK;EUR;135;205.54200000;5000;EXCHANGE_LAST;;1;1;XEUR;11202228;298511;
15.04.2025;12:34:37.850;AEAF SI 20250620 CS;SIMPLE_INSTRUMENT;BLOCK;EUR;136;205.46860000;5000;EXCHANGE_LAST;;1;1;XEUR;11202228;298511;
15.04.2025;12:36:40.830;AEAF SI 20250620 CS;SIMPLE_INSTRUMENT;BLOCK;EUR;137;205.49370000;5000;EXCHANGE_LAST;;1;1;XEUR;11202228;298511;
15.04.2025;15:40:10.217;AFX SI 20250620 PS AM C 60.00 0;SIMPLE_INSTRUMENT;BLOCK;EUR;17;3.81000000;986;EXCHANGE_LAST;;1;1;XEUR;8108863;56;
15.04.2025;15:40:12.523;AFX SI 20250620 PS AM C 60.00 0;SIMPLE_INSTRUMENT;BLOCK;EUR;18;3.80000000;276;EXCHANGE_LAST;;1;1;XEUR;8108863;56;
15.04.2025;09:19:29.229;ALC SI 20250919 PS AM P 68.00 0;SIMPLE_INSTRUMENT;BLOCK;CHF;14;2.61000000;500;EXCHANGE_LAST;;1;1;XEUR;11913755;130134;
15.04.2025;08:07:26.865;ALV SI 20251219 PS AM C 300.00 0;SIMPLE_INSTRUMENT;BLOCK;EUR;1;45.40000000;300;EXCHANGE_LAST;;1;1;XEUR;11786629;74;
15.04.2025;08:21:14.937;ALV SI 20260619 PS AM P 300.00 0;SIMPLE_INSTRUMENT;BLOCK;EUR;4;19.30000000;750;EXCHANGE_LAST;;1;1;XEUR;12604563;74;
15.04.2025;08:21:15.898;ALV SI 20260619 PS AM C 300.00 0;SIMPLE_INSTRUMENT;BLOCK;EUR;5;49.90000000;750;EXCHANGE_LAST;;1;1;XEUR;12604562;74;
15.04.2025;08:54:55.630;ALV SI 20260619 PS AM C 300.00 0;SIMPLE_INSTRUMENT;BLOCK;EUR;6;50.80000000;425;EXCHANGE_LAST;;1;1;XEUR;12604562;74;
15.04.2025;09:00:08.086;ALV SI 20261218 PS AM C 240.00 0;SIMPLE_INSTRUMENT;BLOCK;EUR;7;104.20000000;500;EXCHANGE_LAST;;1;1;XEUR;7152580;74;
15.04.2025;09:29:19.120;ALV SI 20250919 PS AM P 320.00 0;SIMPLE_INSTRUMENT;BLOCK;EUR;8;13.44000000;1000;EXCHANGE_LAST;;1;1;XEUR;11871545;74;
15.04.2025;10:28:31.932;ALVG SI 20250417 CS;SIMPLE_INSTRUMENT;BLOCK;EUR;68;338.94290000;24500;EXCHANGE_LAST;;1;1;XEUR;10829113;85;
15.04.2025;10:26:37.481;ALVG SI 20250417 CS;SIMPLE_INSTRUMENT;BLOCK;EUR;69;343.24300000;600;EXCHANGE_LAST;;1;1;XEUR;10829113;85;
15.04.2025;10:28:45.412;ALVP SI 20250417 PS;SIMPLE_INSTRUMENT;BLOCK;EUR;71;338.93720000;24500;EXCHANGE_LAST;;1;1;XEUR;10872407;124300;
15.04.2025;10:15:07.605;AMS SI 20251219 PS AM P 7.00 0;SIMPLE_INSTRUMENT;BLOCK;CHF;36;1.90000000;500;EXCHANGE_LAST;;1;1;XEUR;12134930;10807;
15.04.2025;08:32:00.039;ANN SI 20250620 PS AM C 29.00 0;SIMPLE_INSTRUMENT;BLOCK;EUR;2;1.07000000;4000;EXCHANGE_LAST;;1;1;XEUR;11780333;45202;
15.04.2025;08:32:00.464;ANN SI 20250620 PS AM C 26.00 0;SIMPLE_INSTRUMENT;BLOCK;EUR;3;2.77000000;2000;EXCHANGE_LAST;;1;1;XEUR;11386657;45202;
15.04.2025;10:42:28.707;ANN.O.250415.BLT.000022;STANDARD_OPTION_STRATEGY;BLOCK;EUR;18;0.77000000;2000;EXCHANGE_LAST;;1;1;XEUR;72251735149670241;45202;
15.04.2025;10:42:28.707;ANN SI 20250516 PS AM C 28.00 0;SIMPLE_INSTRUMENT;BLOCK;EUR;18;1.16000000;2000;PRC_DECOMP_EXCHANGE;;;;XEUR;12838441;45202;EXCHANGE
15.04.2025;10:42:28.707;ANN SI 20250417 PS AM C 28.00 0;SIMPLE_INSTRUMENT;BLOCK;EUR;18;0.39000000;2000;PRC_DECOMP_EXCHANGE;;;;XEUR;12640782;45202;EXCHANGE
15.04.2025;10:53:46.225;ASB SI 20250417 PS AM C 280.00 0;SIMPLE_INSTRUMENT;BLOCK;SEK;14;5.20000000;2141;EXCHANGE_LAST;;1;1;XEUR;12659158;720133;
15.04.2025;10:53:53.615;ASB SI 20250417 PS AM C 290.00 0;SIMPLE_INSTRUMENT;BLOCK;SEK;15;1.00000000;2141;EXCHANGE_LAST;;1;1;XEUR;12659168;720133;
15.04.2025;11:30:42.967;ASG5 FI 20250620 CS EU P 24.0000 0;FLEXIBLE_INSTRUMENT;BLOCK;EUR;19;0.24000000;10000;EXCHANGE_LAST;;1;1;XEUR;1152921972758286315;109;
15.04.2025;11:53:06.120;ASG5 SI 20251218 PS AM P 28.00 0;SIMPLE_INSTRUMENT;BLOCK;EUR;20;1.57000000;2000;EXCHANGE_LAST;;1;1;XEUR;6267905;109;
15.04.2025;08:19:10.855;ASM SI 20250620 PS AM P 480.00 0;SIMPLE_INSTRUMENT;BLOCK;EUR;5;10.00000000;250;EXCHANGE_LAST;;1;1;XEUR;7898578;107;
15.04.2025;10:12:41.936;ASM SI 20250919 PS AM C 640.00 0;SIMPLE_INSTRUMENT;BLOCK;EUR;12;51.75000000;200;EXCHANGE_LAST;;1;1;XEUR;11872161;107;
15.04.2025;10:07:02.785;ASM SI 20250620 PS AM P 570.00 0;SIMPLE_INSTRUMENT;BLOCK;EUR;13;30.20000000;250;EXCHANGE_LAST;;1;1;XEUR;12996071;107;
15.04.2025;13:00:24.061;ASM.O.250415.BRT12.000012;STANDARD_OPTION_STRATEGY;BLOCK;EUR;21;27.30000000;75;EXCHANGE_LAST;;1;1;XEUR;72058053599446757;107;
15.04.2025;13:00:24.061;ASM SI 20271217 PS AM P 640.00 0;SIMPLE_INSTRUMENT;BLOCK;EUR;21;150.58000000;75;PRC_DECOMP_EXCHANGE;;;;XEUR;8773603;107;EXCHANGE
15.04.2025;13:00:24.061;ASM SI 20250620 PS AM P 640.00 0;SIMPLE_INSTRUMENT;BLOCK;EUR;21;61.64000000;150;PRC_DECOMP_EXCHANGE;;;;XEUR;7898589;107;EXCHANGE
15.04.2025;14:04:41.557;ASM SI 20250620 PS AM C 670.00 0;SIMPLE_INSTRUMENT;BLOCK;EUR;23;19.50000000;150;EXCHANGE_LAST;;1;1;XEUR;12996056;107;
15.04.2025;10:38:13.178;ASMH SI 20250417 CS;SIMPLE_INSTRUMENT;BLOCK;EUR;82;606.68300000;1750;EXCHANGE_LAST;;1;1;XEUR;10861706;3979;
15.04.2025;14:34:26.064;ASMH SI 20250417 CS;SIMPLE_INSTRUMENT;BLOCK;EUR;185;590.13260000;1200;EXCHANGE_LAST;;1;1;XEUR;10861706;3979;
15.04.2025;14:34:05.968;ASMH SI 20250620 CS;SIMPLE_INSTRUMENT;BLOCK;EUR;186;591.23260000;1200;EXCHANGE_LAST;;1;1;XEUR;11191365;3979;
15.04.2025;15:41:42.676;AT1F SI 20251219 CS;SIMPLE_INSTRUMENT;BLOCK;EUR;216;2.76260000;6500;EXCHANGE_LAST;;1;1;XEUR;8699503;108041;
15.04.2025;09:23:25.988;AXA SI 20261218 PS AM P 40.00 0;SIMPLE_INSTRUMENT;BLOCK;EUR;3;6.45000000;2533;EXCHANGE_LAST;;1;1;XEUR;7227100;127;
15.04.2025;09:46:35.446;AXAG SI 20250417 CS;SIMPLE_INSTRUMENT;BLOCK;EUR;39;38.35000000;10500;EXCHANGE_LAST;;1;1;XEUR;10829924;125;
15.04.2025;11:22:11.334;AXAG SI 20250417 CS;SIMPLE_INSTRUMENT;BLOCK;EUR;99;38.65000000;3000;EXCHANGE_LAST;;1;1;XEUR;10829924;125;
15.04.2025;10:31:29.915;B2AS SI 20271217 CS;SIMPLE_INSTRUMENT;BLOCK;EUR;76;1.85000000;200;EXCHANGE_LAST;;1;1;XEUR;5914347;140;
15.04.2025;14:10:13.662;B2AS SI 20261218 CS;SIMPLE_INSTRUMENT;BLOCK;EUR;168;1.99000000;221;EXCHANGE_LAST;;1;2;XEUR;4632165;140;
15.04.2025;15:31:07.798;B2MP SI 20261218 CS;SIMPLE_INSTRUMENT;BLOCK;EUR;213;0.82000000;700;EXCHANGE_LAST;;2;1;XEUR;12906402;1052253;
15.04.2025;08:33:37.576;B2NP SI 20261218 CS;SIMPLE_INSTRUMENT;BLOCK;EUR;15;4.55000000;150;EXCHANGE_LAST;;1;1;XEUR;6798320;131;
15.04.2025;10:30:43.936;B2NP SI 20271217 CS;SIMPLE_INSTRUMENT;BLOCK;EUR;75;4.08000000;200;EXCHANGE_LAST;;1;1;XEUR;7086925;131;
15.04.2025;12:03:34.198;B2NP SI 20261218 CS;SIMPLE_INSTRUMENT;BLOCK;EUR;123;4.55000000;200;EXCHANGE_LAST;;1;1;XEUR;6798320;131;
15.04.2025;13:01:46.208;B2NP SI 20261218 CS;SIMPLE_INSTRUMENT;BLOCK;EUR;147;4.60000000;75;EXCHANGE_LAST;;1;1;XEUR;6798320;131;
15.04.2025;13:32:23.955;B2NP SI 20261218 CS;SIMPLE_INSTRUMENT;BLOCK;EUR;150;4.63000000;300;EXCHANGE_LAST;;2;1;XEUR;6798320;131;
15.04.2025;15:23:04.490;B3AY SI 20250620 CS;SIMPLE_INSTRUMENT;BLOCK;EUR;205;0.11000000;395;EXCHANGE_LAST;;1;1;XEUR;10870513;76035;
15.04.2025;12:01:03.787;B3BV SI 20250620 CS;SIMPLE_INSTRUMENT;BLOCK;EUR;119;0.41000000;12900;EXCHANGE_LAST;;1;1;XEUR;10830255;135;
15.04.2025;13:49:31.154;B3BV SI 20250620 CS;SIMPLE_INSTRUMENT;BLOCK;EUR;157;0.41000000;22062;EXCHANGE_LAST;;1;1;XEUR;10830255;135;
15.04.2025;12:17:51.625;BAEN SI 20261218 PS AM P 40.00 0;SIMPLE_INSTRUMENT;BLOCK;CHF;52;3.93000000;400;EXCHANGE_LAST;;1;1;XEUR;7356403;159;
15.04.2025;13:20:06.879;BAEN SI 20260619 PS AM C 68.00 0;SIMPLE_INSTRUMENT;BLOCK;CHF;59;1.28000000;2000;EXCHANGE_LAST;;1;1;XEUR;9539244;159;
15.04.2025;13:40:29.793;BAEN SI 20250620 PS AM P 48.00 0;SIMPLE_INSTRUMENT;BLOCK;CHF;63;2.46000000;600;EXCHANGE_LAST;;1;1;XEUR;7899034;159;
15.04.2025;11:02:36.549;BAS SI 20260619 PS AM P 44.00 0;SIMPLE_INSTRUMENT;BLOCK;EUR;2;7.46000000;1500;EXCHANGE_LAST;;1;1;XEUR;9539350;150;
15.04.2025;11:05:52.439;BAS.O.250415.STG.000011;STANDARD_OPTION_STRATEGY;BLOCK;EUR;3;8.12000000;2000;EXCHANGE_LAST;;2;1;XEUR;72058238283093131;150;
15.04.2025;11:05:52.439;BAS SI 20251219 PS AM P 44.00 0;SIMPLE_INSTRUMENT;BLOCK;EUR;3;5.82000000;2000;PRC_DECOMP_EXCHANGE;;;;XEUR;5951457;150;EXCHANGE
15.04.2025;11:05:52.439;BAS SI 20251219 PS AM C 46.00 0;SIMPLE_INSTRUMENT;BLOCK;EUR;3;2.30000000;2000;PRC_DECOMP_EXCHANGE;;;;XEUR;7509816;150;EXCHANGE
15.04.2025;14:25:16.322;BAS.O.250415.COMBO.000019;STANDARD_OPTION_STRATEGY;BLOCK;EUR;5;2.73000000;2500;EXCHANGE_LAST;;1;2;XEUR;72058238283093139;150;
15.04.2025;14:25:16.322;BAS SI 20251219 PS AM P 40.00 0;SIMPLE_INSTRUMENT;BLOCK;EUR;5;3.88000000;2500;PRC_DECOMP_EXCHANGE;;;;XEUR;7115425;150;EXCHANGE
15.04.2025;14:25:16.322;BAS SI 20251219 PS AM C 50.00 0;SIMPLE_INSTRUMENT;BLOCK;EUR;5;1.15000000;2500;PRC_DECOMP_EXCHANGE;;;;XEUR;7509829;150;EXCHANGE
15.04.2025;15:39:16.047;BAS SI 20250620 PS AM C 50.00 0;SIMPLE_INSTRUMENT;BLOCK;EUR;8;0.15000000;3893;EXCHANGE_LAST;;1;1;XEUR;10779749;150;
15.04.2025;15:39:17.372;BAS SI 20250620 PS AM C 56.00 0;SIMPLE_INSTRUMENT;BLOCK;EUR;9;0.05000000;7493;EXCHANGE_LAST;;1;1;XEUR;10779757;150;
15.04.2025;15:39:20.369;BAS SI 20250620 PS AM C 64.00 0;SIMPLE_INSTRUMENT;BLOCK;EUR;10;0.01000000;3604;EXCHANGE_LAST;;1;1;XEUR;10957753;150;
15.04.2025;15:39:20.742;BAS SI 20250620 PS AM C 64.00 0;SIMPLE_INSTRUMENT;BLOCK;EUR;11;0.02000000;3889;EXCHANGE_LAST;;1;1;XEUR;10957753;150;
15.04.2025;14:29:43.840;BAY SI 20250620 PS AM C 19.00 0;SIMPLE_INSTRUMENT;BLOCK;EUR;6;2.60000000;3000;EXCHANGE_LAST;;2;1;XEUR;11351497;168;
15.04.2025;15:10:18.686;BAY.O.250415.BU23.000022;STANDARD_OPTION_STRATEGY;BLOCK;EUR;7;-0.72000000;500;EXCHANGE_LAST;;1;1;XEUR;72058315592509863;168;
15.04.2025;15:10:18.686;BAY SI 20250620 PS AM C 26.00 0;SIMPLE_INSTRUMENT;BLOCK;EUR;7;0.30000000;1500;PRC_DECOMP_MEMBER;;;;XEUR;10324700;168;MEMBER
15.04.2025;15:10:18.686;BAY SI 20250620 PS AM C 23.00 0;SIMPLE_INSTRUMENT;BLOCK;EUR;7;0.81000000;1000;PRC_DECOMP_MEMBER;;;;XEUR;11234139;168;MEMBER
15.04.2025;14:28:56.542;BAYG SI 20250417 CS;SIMPLE_INSTRUMENT;BLOCK;EUR;182;20.89450000;30000;EXCHANGE_LAST;;1;1;XEUR;10870515;76034;
15.04.2025;14:28:43.588;BAYG SI 20250620 CS;SIMPLE_INSTRUMENT;BLOCK;EUR;183;20.89550000;30000;EXCHANGE_LAST;;1;1;XEUR;11197544;76034;
15.04.2025;15:24:13.083;BAYG SI 20250620 CS;SIMPLE_INSTRUMENT;BLOCK;EUR;203;20.70750000;5000;EXCHANGE_LAST;;1;1;XEUR;11197544;76034;
15.04.2025;10:26:32.624;BBVG SI 20250516 CS;SIMPLE_INSTRUMENT;BLOCK;EUR;61;11.80510000;382000;EXCHANGE_LAST;;1;1;XEUR;11031062;163;
15.04.2025;12:00:16.375;BBVG SI 20250620 CS;SIMPLE_INSTRUMENT;BLOCK;EUR;118;11.85390000;150000;EXCHANGE_LAST;;1;1;XEUR;11169418;163;
15.04.2025;13:49:35.594;BBVG SI 20250620 CS;SIMPLE_INSTRUMENT;BLOCK;EUR;158;11.74340000;250000;EXCHANGE_LAST;;1;1;XEUR;11169418;163;
15.04.2025;10:26:46.654;BBVP SI 20250516 PS;SIMPLE_INSTRUMENT;BLOCK;EUR;62;11.80400000;382000;EXCHANGE_LAST;;1;1;XEUR;11031034;162;
15.04.2025;09:08:30.023;BMW SI 20250919 PS AM P 72.00 0;SIMPLE_INSTRUMENT;BLOCK;EUR;5;8.42000000;1000;EXCHANGE_LAST;;1;1;XEUR;11874392;210;
15.04.2025;09:40:33.169;BMW SI 20261218 PS AM P 68.00 0;SIMPLE_INSTRUMENT;BLOCK;EUR;6;11.20000000;2725;EXCHANGE_LAST;;1;1;XEUR;7154238;210;
15.04.2025;09:46:53.145;BMW SI 20261218 PS AM P 68.00 0;SIMPLE_INSTRUMENT;BLOCK;EUR;7;11.20000000;2532;EXCHANGE_LAST;;1;1;XEUR;7154238;210;
15.04.2025;10:42:16.419;BNP.O.250415.STD.000007;STANDARD_OPTION_STRATEGY;BLOCK;EUR;5;18.55000000;750;EXCHANGE_LAST;;1;1;XEUR;72058611945200301;237;
15.04.2025;10:42:16.419;BNP SI 20261218 PS AM P 66.00 0;SIMPLE_INSTRUMENT;BLOCK;EUR;5;10.90000000;750;PRC_DECOMP_EXCHANGE;;;;XEUR;12372361;237;EXCHANGE
15.04.2025;10:42:16.419;BNP SI 20261218 PS AM C 66.00 0;SIMPLE_INSTRUMENT;BLOCK;EUR;5;7.65000000;750;PRC_DECOMP_EXCHANGE;;;;XEUR;12372364;237;EXCHANGE
15.04.2025;12:12:33.289;BNPH.S.APR25.MAY25.SPD;FUTURES_SPREAD;BLOCK;EUR;121;-0.12750000;5000;EXCHANGE_LAST;;1;1;XEUR;72058607650212070;236;
15.04.2025;12:12:33.289;BNPH SI 20250516 CS;SIMPLE_INSTRUMENT;BLOCK;EUR;121;68.65290000;5000;PRC_DECOMP_EXCHANGE;;;;XEUR;11032339;236;EXCHANGE
15.04.2025;12:12:33.289;BNPH SI 20250417 CS;SIMPLE_INSTRUMENT;BLOCK;EUR;121;68.52540000;5000;PRC_DECOMP_EXCHANGE;;;;XEUR;10832545;236;EXCHANGE
15.04.2025;10:09:37.495;C4RI SI 20250620 CS;SIMPLE_INSTRUMENT;BLOCK;EUR;46;1.47600000;2106;EXCHANGE_LAST;;1;1;XEUR;10868044;50862;
15.04.2025;10:09:37.680;C4RI SI 20250620 CS;SIMPLE_INSTRUMENT;BLOCK;EUR;47;1.47700000;1404;EXCHANGE_LAST;;1;1;XEUR;10868044;50862;
15.04.2025;14:42:26.063;C4RI SI 20250620 CS;SIMPLE_INSTRUMENT;BLOCK;EUR;192;1.47600000;2188;EXCHANGE_LAST;;1;1;XEUR;10868044;50862;
15.04.2025;15:11:56.711;C4RI SI 20261218 CS;SIMPLE_INSTRUMENT;BLOCK;EUR;200;2.72000000;250;EXCHANGE_LAST;;1;1;XEUR;6821680;50862;
15.04.2025;15:28:47.639;C4RI SI 20250620 CS;SIMPLE_INSTRUMENT;BLOCK;EUR;209;1.47600000;211;EXCHANGE_LAST;;1;1;XEUR;10868044;50862;
15.04.2025;15:29:05.105;C4RI SI 20250620 CS;SIMPLE_INSTRUMENT;BLOCK;EUR;210;1.47700000;141;EXCHANGE_LAST;;1;1;XEUR;10868044;50862;
15.04.2025;10:23:09.331;CBK SI 20261218 PS AM P 17.00 0;SIMPLE_INSTRUMENT;BLOCK;EUR;8;3.08000000;45000;EXCHANGE_LAST;;1;6;XEUR;12673325;268;
15.04.2025;10:38:17.121;CBK SI 20261218 PS AM P 17.00 0;SIMPLE_INSTRUMENT;BLOCK;EUR;12;3.08000000;5000;EXCHANGE_LAST;;1;1;XEUR;12673325;268;
15.04.2025;12:39:26.847;CBK FI 20261218 PS EU P 17.0000 0;FLEXIBLE_INSTRUMENT;BLOCK;EUR;15;3.01000000;30000;EXCHANGE_LAST;;1;1;XEUR;1152922655658096400;268;
15.04.2025;12:39:15.677;CBK FI 20261218 PS EU P 13.0000 0;FLEXIBLE_INSTRUMENT;BLOCK;EUR;16;1.60000000;39000;EXCHANGE_LAST;;1;1;XEUR;1152922655658096401;268;
15.04.2025;10:39:15.518;CFRL SI 20250620 CS;SIMPLE_INSTRUMENT;BLOCK;CHF;83;136.68290000;1400;EXCHANGE_LAST;;1;1;XEUR;11215225;729453;
15.04.2025;14:40:07.178;CR5J SI 20250619 CS;SIMPLE_INSTRUMENT;BLOCK;EUR;191;47.14730000;2500;EXCHANGE_LAST;;1;1;XEUR;11164005;50861;
15.04.2025;15:28:24.476;CR5J SI 20250619 CS;SIMPLE_INSTRUMENT;BLOCK;EUR;208;48.39000000;4000;EXCHANGE_LAST;;1;1;XEUR;11164005;50861;
15.04.2025;15:45:07.976;CR5J SI 20250619 CS;SIMPLE_INSTRUMENT;BLOCK;EUR;219;48.52900000;59400;EXCHANGE_LAST;;1;1;XEUR;11164005;50861;
15.04.2025;08:10:34.085;D3AI SI 20261218 CS;SIMPLE_INSTRUMENT;BLOCK;EUR;13;2.65000000;200;EXCHANGE_LAST;;1;1;XEUR;7144051;443197;
15.04.2025;10:11:14.295;DAI SI 20251219 PS AM P 44.00 0;SIMPLE_INSTRUMENT;BLOCK;EUR;9;3.63000000;900;EXCHANGE_LAST;;1;1;XEUR;7491310;443196;
15.04.2025;10:11:16.618;DAI SI 20251219 PS AM C 54.00 0;SIMPLE_INSTRUMENT;BLOCK;EUR;10;2.57000000;900;EXCHANGE_LAST;;1;1;XEUR;7349885;443196;
15.04.2025;10:55:43.952;DAI SI 20250620 PS AM P 50.00 0;SIMPLE_INSTRUMENT;BLOCK;EUR;12;4.58000000;1500;EXCHANGE_LAST;;1;1;XEUR;11407736;443196;
15.04.2025;11:13:49.894;DAI.O.250415.STD.000012;STANDARD_OPTION_STRATEGY;BLOCK;EUR;13;10.10000000;2250;EXCHANGE_LAST;;2;1;XEUR;73961106363665123;443196;
15.04.2025;11:13:49.894;DAI SI 20251219 PS AM C 50.00 0;SIMPLE_INSTRUMENT;BLOCK;EUR;13;3.75000000;2250;PRC_DECOMP_EXCHANGE;;;;XEUR;12490179;443196;EXCHANGE
15.04.2025;11:13:49.894;DAI SI 20251219 PS AM P 50.00 0;SIMPLE_INSTRUMENT;BLOCK;EUR;13;6.35000000;2250;PRC_DECOMP_EXCHANGE;;;;XEUR;12490173;443196;EXCHANGE
15.04.2025;15:57:21.629;DAI.O.250415.COMBO.000022;STANDARD_OPTION_STRATEGY;BLOCK;EUR;30;3.60000000;3250;EXCHANGE_LAST;;2;1;XEUR;73961106363665133;443196;
15.04.2025;15:57:21.629;DAI SI 20261218 PS AM C 60.00 0;SIMPLE_INSTRUMENT;BLOCK;EUR;30;2.51000000;3250;PRC_DECOMP_EXCHANGE;;;;XEUR;7190187;443196;EXCHANGE
15.04.2025;15:57:21.629;DAI SI 20261218 PS AM P 44.00 0;SIMPLE_INSTRUMENT;BLOCK;EUR;30;6.11000000;3250;PRC_DECOMP_EXCHANGE;;;;XEUR;7491316;443196;EXCHANGE
15.04.2025;13:59:55.051;DAIG SI 20250417 CS;SIMPLE_INSTRUMENT;BLOCK;EUR;160;50.25000000;3800;EXCHANGE_LAST;;2;1;XEUR;10884414;443203;
15.04.2025;13:04:36.831;DB1 SI 20250919 PS AM P 240.00 0;SIMPLE_INSTRUMENT;BLOCK;EUR;29;8.00000000;250;EXCHANGE_LAST;;1;1;XEUR;11877067;361;
15.04.2025;07:36:53.337;DB1H.S.APR25.MAY25.SPD;FUTURES_SPREAD;BLOCK;EUR;3;-0.51410000;23485;EXCHANGE_LAST;;1;1;XEUR;72059153111057550;363;
15.04.2025;07:36:53.337;DB1H SI 20250516 CS;SIMPLE_INSTRUMENT;BLOCK;EUR;3;266.96600000;23485;PRC_DECOMP_EXCHANGE;;;;XEUR;11034166;363;EXCHANGE
15.04.2025;07:36:53.337;DB1H SI 20250417 CS;SIMPLE_INSTRUMENT;BLOCK;EUR;3;266.45190000;23485;PRC_DECOMP_EXCHANGE;;;;XEUR;10835129;363;EXCHANGE
15.04.2025;07:35:53.059;DB1P.S.APR25.MAY25.SPD;FUTURES_SPREAD;BLOCK;EUR;2;-0.49380000;23485;EXCHANGE_LAST;;1;1;XEUR;74495469014745118;567612;
15.04.2025;07:35:53.059;DB1P SI 20250516 PS;SIMPLE_INSTRUMENT;BLOCK;EUR;2;266.95580000;23485;PRC_DECOMP_EXCHANGE;;;;XEUR;11070957;567612;EXCHANGE
15.04.2025;07:35:53.059;DB1P SI 20250417 PS;SIMPLE_INSTRUMENT;BLOCK;EUR;2;266.46200000;23485;PRC_DECOMP_EXCHANGE;;;;XEUR;10886019;567612;EXCHANGE
15.04.2025;08:32:43.033;DBK.O.250415.STD.000008;STANDARD_OPTION_STRATEGY;BLOCK;EUR;2;3.39000000;3000;EXCHANGE_LAST;;1;1;XEUR;72059148816161555;362;
15.04.2025;08:32:43.033;DBK SI 20250620 PS AM P 18.60 0;SIMPLE_INSTRUMENT;BLOCK;EUR;2;0.85000000;3000;PRC_DECOMP_EXCHANGE;;;;XEUR;11094088;362;EXCHANGE
15.04.2025;08:32:43.033;DBK SI 20250620 PS AM C 18.60 0;SIMPLE_INSTRUMENT;BLOCK;EUR;2;2.54000000;3000;PRC_DECOMP_EXCHANGE;;;;XEUR;11094087;362;EXCHANGE
15.04.2025;09:55:06.583;DBK SI 20260320 PS AM C 20.00 0;SIMPLE_INSTRUMENT;BLOCK;EUR;5;3.07000000;2500;EXCHANGE_LAST;;1;1;XEUR;13001287;362;
15.04.2025;10:27:58.966;DBK SI 20251219 PS AM C 23.50 0;SIMPLE_INSTRUMENT;BLOCK;EUR;11;1.33000000;3000;EXCHANGE_LAST;;1;1;XEUR;11094181;362;
15.04.2025;09:00:55.756;DHE SI 20251219 PS AM C 22.00 0;SIMPLE_INSTRUMENT;BLOCK;EUR;6;5.76000000;1000;EXCHANGE_LAST;;1;1;XEUR;7427777;57135;
15.04.2025;09:00:58.178;DHE SI 20251219 PS AM C 26.00 0;SIMPLE_INSTRUMENT;BLOCK;EUR;7;4.01000000;1000;EXCHANGE_LAST;;1;1;XEUR;12474048;57135;
15.04.2025;09:01:31.425;DHE SI 20250620 PS AM C 26.00 0;SIMPLE_INSTRUMENT;BLOCK;EUR;8;1.80000000;658;EXCHANGE_LAST;;1;1;XEUR;11390989;57135;
15.04.2025;09:01:31.923;DHE SI 20250620 PS AM C 22.00 0;SIMPLE_INSTRUMENT;BLOCK;EUR;9;3.65000000;658;EXCHANGE_LAST;;1;1;XEUR;11390926;57135;
15.04.2025;11:34:59.874;DPW SI 20250516 PS AM C 38.00 0;SIMPLE_INSTRUMENT;BLOCK;EUR;26;0.58000000;2500;EXCHANGE_LAST;;2;2;XEUR;12817745;445;
15.04.2025;09:15:48.193;DTE SI 20250620 PS AM P 30.00 0;SIMPLE_INSTRUMENT;BLOCK;EUR;10;0.80000000;1500;EXCHANGE_LAST;;1;1;XEUR;11356792;424;
15.04.2025;09:16:45.009;DTE SI 20250919 PS AM P 29.00 0;SIMPLE_INSTRUMENT;BLOCK;EUR;11;1.01000000;1500;EXCHANGE_LAST;;1;1;XEUR;12754127;424;
15.04.2025;09:16:54.949;DTE SI 20250919 PS AM P 29.00 0;SIMPLE_INSTRUMENT;BLOCK;EUR;12;1.02000000;1500;EXCHANGE_LAST;;1;1;XEUR;12754127;424;
15.04.2025;10:55:00.931;DTE SI 20260619 PS AM C 30.00 0;SIMPLE_INSTRUMENT;BLOCK;EUR;21;4.10000000;3000;EXCHANGE_LAST;;1;1;XEUR;12893865;424;
15.04.2025;11:08:32.135;DTE SI 20260619 PS AM C 30.00 0;SIMPLE_INSTRUMENT;BLOCK;EUR;22;4.10000000;7000;EXCHANGE_LAST;;1;1;XEUR;12893865;424;
15.04.2025;11:37:26.931;DTE SI 20250417 PS AM P 32.00 0;SIMPLE_INSTRUMENT;BLOCK;EUR;28;0.63000000;1500;EXCHANGE_LAST;;1;1;XEUR;12619447;424;
15.04.2025;13:10:30.021;DTE SI 20251219 PS AM P 28.00 0;SIMPLE_INSTRUMENT;BLOCK;EUR;30;1.01000000;2000;EXCHANGE_LAST;;1;1;XEUR;6268407;424;
15.04.2025;13:53:03.315;DTE SI 20251219 PS AM C 32.00 0;SIMPLE_INSTRUMENT;BLOCK;EUR;31;2.46000000;5500;EXCHANGE_LAST;;1;2;XEUR;7834488;424;
15.04.2025;10:40:17.784;DTEF SI 20250620 CS;SIMPLE_INSTRUMENT;BLOCK;EUR;85;31.70430000;7500;EXCHANGE_LAST;;1;1;XEUR;11173145;430;
15.04.2025;12:21:29.963;DTG SI 20251219 PS AM P 36.00 0;SIMPLE_INSTRUMENT;BLOCK;EUR;20;5.60000000;2250;EXCHANGE_LAST;;1;2;XEUR;7280869;455942;
15.04.2025;15:27:21.386;E2NL SI 20271217 CS;SIMPLE_INSTRUMENT;BLOCK;EUR;206;0.42200000;325;EXCHANGE_LAST;;1;1;XEUR;5914571;471;
15.04.2025;15:27:13.887;E2NL SI 20271217 CS;SIMPLE_INSTRUMENT;BLOCK;EUR;207;0.42300000;325;EXCHANGE_LAST;;1;1;XEUR;5914571;471;
15.04.2025;07:55:27.018;E2NT SI 20261218 CS;SIMPLE_INSTRUMENT;BLOCK;EUR;10;0.93000000;1000;EXCHANGE_LAST;;1;1;XEUR;4632357;470;
15.04.2025;10:59:39.469;E2NT SI 20271217 CS;SIMPLE_INSTRUMENT;BLOCK;EUR;92;0.84000000;500;EXCHANGE_LAST;;1;1;XEUR;5914575;470;
15.04.2025;14:20:27.015;E2NT SI 20250620 CS;SIMPLE_INSTRUMENT;BLOCK;EUR;176;0.50000000;7040;EXCHANGE_LAST;;1;2;XEUR;10837409;470;
15.04.2025;14:27:01.773;E2NT SI 20251219 CS;SIMPLE_INSTRUMENT;BLOCK;EUR;184;1.00000000;500;EXCHANGE_LAST;;1;1;XEUR;3681294;470;
15.04.2025;12:36:19.960;EAD SI 20250620 PS AM P 130.00 0;SIMPLE_INSTRUMENT;BLOCK;EUR;15;5.30000000;300;EXCHANGE_LAST;;1;1;XEUR;11358084;465;
15.04.2025;09:14:24.571;ENL5 SI 20251218 PS AM C 7.00 0;SIMPLE_INSTRUMENT;BLOCK;EUR;6;0.46000000;2006;EXCHANGE_LAST;;1;1;XEUR;6960712;500;
15.04.2025;09:14:30.526;ENL5 SI 20251218 PS AM P 7.00 0;SIMPLE_INSTRUMENT;BLOCK;EUR;7;0.50500000;2006;EXCHANGE_LAST;;1;1;XEUR;6960713;500;
15.04.2025;09:55:57.224;ENL5 SI 20260618 PS AM P 7.20 0;SIMPLE_INSTRUMENT;BLOCK;EUR;9;0.76100000;1550;EXCHANGE_LAST;;1;1;XEUR;9531372;500;
15.04.2025;09:56:04.265;ENL5 SI 20260618 PS AM C 7.20 0;SIMPLE_INSTRUMENT;BLOCK;EUR;10;0.46100000;1550;EXCHANGE_LAST;;1;1;XEUR;9531370;500;
15.04.2025;13:20:03.621;ENL5 SI 20250430 PS AM C 7.40 0;SIMPLE_INSTRUMENT;BLOCK;EUR;22;0.05400000;3300;EXCHANGE_LAST;;1;1;XEUR;13004229;500;
15.04.2025;10:25:18.407;ENR SI 20250417 PS AM C 60.00 0;SIMPLE_INSTRUMENT;BLOCK;EUR;17;0.60000000;1500;EXCHANGE_LAST;;1;1;XEUR;12650613;298530;
15.04.2025;14:29:15.882;ENR.O.250415.BUL.000013;STANDARD_OPTION_STRATEGY;BLOCK;EUR;32;0.49000000;1500;EXCHANGE_LAST;;1;2;XEUR;73339770624818632;298530;
15.04.2025;14:29:15.882;ENR SI 20250417 PS AM C 60.00 0;SIMPLE_INSTRUMENT;BLOCK;EUR;32;0.61000000;1500;PRC_DECOMP_EXCHANGE;;;;XEUR;12650613;298530;EXCHANGE
15.04.2025;14:29:15.882;ENR SI 20250417 PS AM C 62.00 0;SIMPLE_INSTRUMENT;BLOCK;EUR;32;0.12000000;1500;PRC_DECOMP_EXCHANGE;;;;XEUR;12650617;298530;EXCHANGE
15.04.2025;15:30:00.411;ENR.O.250415.BUL.000013;STANDARD_OPTION_STRATEGY;BLOCK;EUR;33;0.49000000;2000;EXCHANGE_LAST;;1;1;XEUR;73339770624818632;298530;
15.04.2025;15:30:00.411;ENR SI 20250417 PS AM C 62.00 0;SIMPLE_INSTRUMENT;BLOCK;EUR;33;0.12000000;2000;PRC_DECOMP_MEMBER;;;;XEUR;12650617;298530;MEMBER
15.04.2025;15:30:00.411;ENR SI 20250417 PS AM C 60.00 0;SIMPLE_INSTRUMENT;BLOCK;EUR;33;0.61000000;2000;PRC_DECOMP_MEMBER;;;;XEUR;12650613;298530;MEMBER
15.04.2025;08:07:46.687;ENT5 SI 20250619 PS AM P 11.00 0;SIMPLE_INSTRUMENT;BLOCK;EUR;4;0.36000000;1000;EXCHANGE_LAST;;1;1;XEUR;11337811;497;
15.04.2025;10:05:46.950;ENT5.O.250415.STD.000001;STANDARD_OPTION_STRATEGY;BLOCK;EUR;11;2.91000000;600;EXCHANGE_LAST;;1;2;XEUR;72059728636684256;497;
15.04.2025;10:05:46.950;ENT5 SI 20261217 PS AM C 12.00 0;SIMPLE_INSTRUMENT;BLOCK;EUR;11;0.91950000;600;PRC_DECOMP_EXCHANGE;;;;XEUR;7147819;497;EXCHANGE
15.04.2025;10:05:46.950;ENT5 SI 20261217 PS AM P 12.00 0;SIMPLE_INSTRUMENT;BLOCK;EUR;11;1.99050000;600;PRC_DECOMP_EXCHANGE;;;;XEUR;7147798;497;EXCHANGE
15.04.2025;14:18:56.334;ENT5 SI 20260618 PS AM P 11.00 0;SIMPLE_INSTRUMENT;BLOCK;EUR;27;1.05000000;2500;EXCHANGE_LAST;;3;1;XEUR;12934389;497;
15.04.2025;14:18:37.336;ENTH SI 20250619 CS;SIMPLE_INSTRUMENT;BLOCK;EUR;174;11.74650000;16000;EXCHANGE_LAST;;1;2;XEUR;11165310;524973;
15.04.2025;09:35:52.284;F3IA SI 20261218 CS;SIMPLE_INSTRUMENT;BLOCK;EUR;27;0.36000000;1500;EXCHANGE_LAST;;1;1;XEUR;6830373;390387;
15.04.2025;09:56:55.840;F3IA SI 20261218 CS;SIMPLE_INSTRUMENT;BLOCK;EUR;45;0.36000000;500;EXCHANGE_LAST;;1;1;XEUR;6830373;390387;
15.04.2025;10:18:37.070;F3TE SI 20251219 CS;SIMPLE_INSTRUMENT;BLOCK;EUR;58;0.74200000;750;EXCHANGE_LAST;;1;1;XEUR;6633903;390379;
15.04.2025;10:19:09.978;F3TE SI 20251219 CS;SIMPLE_INSTRUMENT;BLOCK;EUR;59;0.74300000;750;EXCHANGE_LAST;;1;1;XEUR;6633903;390379;
15.04.2025;10:55:26.004;F3TE SI 20281215 CS;SIMPLE_INSTRUMENT;BLOCK;EUR;90;0.64000000;900;EXCHANGE_LAST;;1;1;XEUR;6830366;390379;
15.04.2025;15:49:08.037;F3TE SI 20281215 CS;SIMPLE_INSTRUMENT;BLOCK;EUR;223;0.64000000;500;EXCHANGE_LAST;;1;1;XEUR;6830366;390379;
15.04.2025;07:18:51.861;FBTP SI 20250606 PS;SIMPLE_INSTRUMENT;EFP_FIN;EUR;1;119.27000000;143;EXCHANGE_LAST;;1;1;XEUR;11820365;636;
15.04.2025;07:45:40.077;FBTP SI 20250606 PS;SIMPLE_INSTRUMENT;EFP_FIN;EUR;2;119.19000000;144;EXCHANGE_LAST;;1;1;XEUR;11820365;636;
15.04.2025;08:28:11.742;FBTP SI 20250606 PS;SIMPLE_INSTRUMENT;EFP_FIN;EUR;3;119.18000000;142;EXCHANGE_LAST;;1;1;XEUR;11820365;636;
15.04.2025;08:32:07.924;FBTP SI 20250606 PS;SIMPLE_INSTRUMENT;EFP_FIN;EUR;4;119.28000000;354;EXCHANGE_LAST;;1;1;XEUR;11820365;636;
15.04.2025;09:05:35.125;FBTP SI 20250606 PS;SIMPLE_INSTRUMENT;EFP_FIN;EUR;5;119.27000000;556;EXCHANGE_LAST;;1;1;XEUR;11820365;636;
15.04.2025;09:16:15.206;FBTP SI 20250606 PS;SIMPLE_INSTRUMENT;BLOCK;EUR;6;119.30000000;287;EXCHANGE_LAST;;1;1;XEUR;11820365;636;
15.04.2025;09:25:12.807;FBTP SI 20250606 PS;SIMPLE_INSTRUMENT;EFP_FIN;EUR;7;119.27000000;164;EXCHANGE_LAST;;1;1;XEUR;11820365;636;
15.04.2025;09:28:23.704;FBTP SI 20250606 PS;SIMPLE_INSTRUMENT;EFP_FIN;EUR;8;119.22000000;714;EXCHANGE_LAST;;1;1;XEUR;11820365;636;
15.04.2025;09:32:45.758;FBTP SI 20250606 PS;SIMPLE_INSTRUMENT;EFP_FIN;EUR;9;119.28000000;144;EXCHANGE_LAST;;1;1;XEUR;11820365;636;
15.04.2025;09:46:25.402;FBTP SI 20250606 PS;SIMPLE_INSTRUMENT;EFP_FIN;EUR;10;119.23000000;82;EXCHANGE_LAST;;1;1;XEUR;11820365;636;
15.04.2025;09:53:02.666;FBTP SI 20250606 PS;SIMPLE_INSTRUMENT;EFP_FIN;EUR;11;119.23000000;66;EXCHANGE_LAST;;1;1;XEUR;11820365;636;
15.04.2025;10:25:09.921;FBTP SI 20250606 PS;SIMPLE_INSTRUMENT;EFP_FIN;EUR;12;118.91000000;442;EXCHANGE_LAST;;1;1;XEUR;11820365;636;
15.04.2025;10:31:39.939;FBTP SI 20250606 PS;SIMPLE_INSTRUMENT;EFP_FIN;EUR;13;118.90000000;328;EXCHANGE_LAST;;1;1;XEUR;11820365;636;
15.04.2025;10:31:16.548;FBTP SI 20250606 PS;SIMPLE_INSTRUMENT;EFP_FIN;EUR;14;118.92000000;265;EXCHANGE_LAST;;1;1;XEUR;11820365;636;
15.04.2025;12:22:27.149;FBTP SI 20250606 PS;SIMPLE_INSTRUMENT;EFP_FIN;EUR;15;118.88000000;175;EXCHANGE_LAST;;1;1;XEUR;11820365;636;
15.04.2025;12:55:17.350;FBTP SI 20250606 PS;SIMPLE_INSTRUMENT;EFP_FIN;EUR;16;118.85000000;187;EXCHANGE_LAST;;1;1;XEUR;11820365;636;
15.04.2025;13:09:02.506;FBTP SI 20250606 PS;SIMPLE_INSTRUMENT;BLOCK;EUR;17;118.85000000;428;EXCHANGE_LAST;;1;1;XEUR;11820365;636;
15.04.2025;13:10:19.414;FBTP SI 20250606 PS;SIMPLE_INSTRUMENT;EFP_FIN;EUR;18;118.83000000;255;EXCHANGE_LAST;;1;1;XEUR;11820365;636;
15.04.2025;13:52:55.335;FBTP SI 20250606 PS;SIMPLE_INSTRUMENT;EFP_FIN;EUR;19;118.99000000;885;EXCHANGE_LAST;;1;1;XEUR;11820365;636;
15.04.2025;14:02:22.326;FBTP SI 20250606 PS;SIMPLE_INSTRUMENT;EFP_FIN;EUR;20;118.97000000;442;EXCHANGE_LAST;;1;1;XEUR;11820365;636;
15.04.2025;14:09:12.094;FBTP SI 20250606 PS;SIMPLE_INSTRUMENT;BLOCK;EUR;21;118.91000000;299;EXCHANGE_LAST;;1;1;XEUR;11820365;636;
15.04.2025;07:45:18.707;FBTS SI 20250606 PS;SIMPLE_INSTRUMENT;EFP_FIN;EUR;5;107.93000000;2165;EXCHANGE_LAST;;1;1;XEUR;11820367;639;
15.04.2025;08:02:55.260;FBTS SI 20250606 PS;SIMPLE_INSTRUMENT;EFP_FIN;EUR;8;107.93000000;504;EXCHANGE_LAST;;1;1;XEUR;11820367;639;
15.04.2025;08:05:45.023;FBTS SI 20250606 PS;SIMPLE_INSTRUMENT;EFP_FIN;EUR;9;107.93000000;581;EXCHANGE_LAST;;1;1;XEUR;11820367;639;
15.04.2025;08:06:18.190;FBTS SI 20250606 PS;SIMPLE_INSTRUMENT;EFP_FIN;EUR;10;107.92000000;476;EXCHANGE_LAST;;1;1;XEUR;11820367;639;
15.04.2025;08:13:39.349;FBTS SI 20250606 PS;SIMPLE_INSTRUMENT;EFP_FIN;EUR;12;107.93000000;476;EXCHANGE_LAST;;1;1;XEUR;11820367;639;
15.04.2025;08:38:57.434;FBTS SI 20250606 PS;SIMPLE_INSTRUMENT;EFP_FIN;EUR;14;107.96000000;286;EXCHANGE_LAST;;1;1;XEUR;11820367;639;
15.04.2025;08:39:50.093;FBTS SI 20250606 PS;SIMPLE_INSTRUMENT;EFS;EUR;15;107.96000000;2324;EXCHANGE_LAST;;1;1;XEUR;11820367;639;
15.04.2025;08:51:47.617;FBTS SI 20250606 PS;SIMPLE_INSTRUMENT;EFP_FIN;EUR;16;107.96000000;190;EXCHANGE_LAST;;1;1;XEUR;11820367;639;
15.04.2025;08:58:26.696;FBTS SI 20250606 PS;SIMPLE_INSTRUMENT;EFP_FIN;EUR;17;107.95000000;622;EXCHANGE_LAST;;1;1;XEUR;11820367;639;
15.04.2025;09:04:54.072;FBTS SI 20250606 PS;SIMPLE_INSTRUMENT;EFP_FIN;EUR;19;107.95000000;933;EXCHANGE_LAST;;1;1;XEUR;11820367;639;
15.04.2025;09:09:46.506;FBTS SI 20250606 PS;SIMPLE_INSTRUMENT;EFP_FIN;EUR;20;107.96000000;143;EXCHANGE_LAST;;1;1;XEUR;11820367;639;
15.04.2025;09:19:50.380;FBTS SI 20250606 PS;SIMPLE_INSTRUMENT;EFP_FIN;EUR;21;107.95000000;933;EXCHANGE_LAST;;1;1;XEUR;11820367;639;
15.04.2025;09:39:47.535;FBTS SI 20250606 PS;SIMPLE_INSTRUMENT;EFP_FIN;EUR;23;107.95000000;862;EXCHANGE_LAST;;1;1;XEUR;11820367;639;
15.04.2025;10:07:45.616;FBTS SI 20250606 PS;SIMPLE_INSTRUMENT;BLOCK;EUR;26;107.93000000;1428;EXCHANGE_LAST;;1;1;XEUR;11820367;639;
15.04.2025;10:22:21.720;FBTS SI 20250606 PS;SIMPLE_INSTRUMENT;BLOCK;EUR;28;107.93000000;8092;EXCHANGE_LAST;;1;1;XEUR;11820367;639;
15.04.2025;10:23:32.063;FBTS SI 20250606 PS;SIMPLE_INSTRUMENT;BLOCK;EUR;29;107.96000000;310;EXCHANGE_LAST;;1;1;XEUR;11820367;639;
15.04.2025;10:23:57.255;FBTS SI 20250606 PS;SIMPLE_INSTRUMENT;EFP_FIN;EUR;30;107.91000000;652;EXCHANGE_LAST;;1;1;XEUR;11820367;639;
15.04.2025;10:26:58.574;FBTS SI 20250606 PS;SIMPLE_INSTRUMENT;EFP_FIN;EUR;31;107.90000000;622;EXCHANGE_LAST;;1;1;XEUR;11820367;639;
15.04.2025;10:37:06.955;FBTS SI 20250606 PS;SIMPLE_INSTRUMENT;EFP_FIN;EUR;32;107.90000000;362;EXCHANGE_LAST;;1;1;XEUR;11820367;639;
15.04.2025;11:03:08.029;FBTS SI 20250606 PS;SIMPLE_INSTRUMENT;EFP_FIN;EUR;34;107.90000000;622;EXCHANGE_LAST;;1;1;XEUR;11820367;639;
15.04.2025;10:57:07.924;FBTS SI 20250606 PS;SIMPLE_INSTRUMENT;EFP_FIN;EUR;35;107.90000000;2380;EXCHANGE_LAST;;1;1;XEUR;11820367;639;
15.04.2025;11:03:17.649;FBTS SI 20250606 PS;SIMPLE_INSTRUMENT;EFP_FIN;EUR;36;107.89000000;972;EXCHANGE_LAST;;1;1;XEUR;11820367;639;
15.04.2025;11:05:33.244;FBTS SI 20250606 PS;SIMPLE_INSTRUMENT;EFP_FIN;EUR;38;107.89000000;286;EXCHANGE_LAST;;1;1;XEUR;11820367;639;
15.04.2025;11:08:58.415;FBTS SI 20250606 PS;SIMPLE_INSTRUMENT;EFP_FIN;EUR;39;107.90000000;714;EXCHANGE_LAST;;1;1;XEUR;11820367;639;
15.04.2025;11:18:06.291;FBTS SI 20250606 PS;SIMPLE_INSTRUMENT;EFP_FIN;EUR;41;107.89000000;524;EXCHANGE_LAST;;1;1;XEUR;11820367;639;
15.04.2025;11:20:36.474;FBTS SI 20250606 PS;SIMPLE_INSTRUMENT;EFP_FIN;EUR;42;107.90000000;714;EXCHANGE_LAST;;1;1;XEUR;11820367;639;
15.04.2025;11:26:01.472;FBTS SI 20250606 PS;SIMPLE_INSTRUMENT;EFP_FIN;EUR;43;107.91000000;714;EXCHANGE_LAST;;1;1;XEUR;11820367;639;
15.04.2025;11:33:33.692;FBTS SI 20250606 PS;SIMPLE_INSTRUMENT;EFP_FIN;EUR;44;107.90000000;952;EXCHANGE_LAST;;1;1;XEUR;11820367;639;
15.04.2025;11:57:01.114;FBTS SI 20250606 PS;SIMPLE_INSTRUMENT;BLOCK;EUR;48;107.95000000;557;EXCHANGE_LAST;;1;1;XEUR;11820367;639;
15.04.2025;12:01:21.129;FBTS SI 20250606 PS;SIMPLE_INSTRUMENT;EFP_FIN;EUR;50;107.92000000;714;EXCHANGE_LAST;;1;1;XEUR;11820367;639;
15.04.2025;12:14:51.500;FBTS SI 20250606 PS;SIMPLE_INSTRUMENT;BLOCK;EUR;51;107.90000000;714;EXCHANGE_LAST;;1;1;XEUR;11820367;639;
15.04.2025;12:18:55.065;FBTS SI 20250606 PS;SIMPLE_INSTRUMENT;EFP_FIN;EUR;52;107.91000000;238;EXCHANGE_LAST;;1;1;XEUR;11820367;639;
15.04.2025;12:29:07.530;FBTS SI 20250606 PS;SIMPLE_INSTRUMENT;EFP_FIN;EUR;54;107.94000000;115;EXCHANGE_LAST;;1;1;XEUR;11820367;639;
15.04.2025;12:53:05.850;FBTS SI 20250606 PS;SIMPLE_INSTRUMENT;EFP_FIN;EUR;60;107.94000000;360;EXCHANGE_LAST;;1;1;XEUR;11820367;639;
15.04.2025;14:00:34.563;FBTS SI 20250606 PS;SIMPLE_INSTRUMENT;BLOCK;EUR;62;107.95000000;476;EXCHANGE_LAST;;1;1;XEUR;11820367;639;
15.04.2025;14:04:07.239;FBTS SI 20250606 PS;SIMPLE_INSTRUMENT;BLOCK;EUR;63;107.95000000;857;EXCHANGE_LAST;;1;1;XEUR;11820367;639;
15.04.2025;14:11:32.417;FBTS SI 20250606 PS;SIMPLE_INSTRUMENT;EFP_FIN;EUR;64;107.94000000;1190;EXCHANGE_LAST;;1;1;XEUR;11820367;639;
15.04.2025;15:16:15.388;FBTS SI 20250606 PS;SIMPLE_INSTRUMENT;EFP_FIN;EUR;70;107.93000000;138;EXCHANGE_LAST;;1;1;XEUR;11820367;639;
15.04.2025;10:13:59.127;FCEU SI 20250616 PS;SIMPLE_INSTRUMENT;BLOCK;USD;2;1.13850000;110;EXCHANGE_LAST;;1;1;XEUR;7879022;369376;
15.04.2025;11:38:49.366;FCEU SI 20250616 PS;SIMPLE_INSTRUMENT;BLOCK;USD;3;1.13595000;295;EXCHANGE_LAST;;1;1;XEUR;7879022;369376;
15.04.2025;07:32:28.778;FCMU SI 20250616 CS;SIMPLE_INSTRUMENT;BLOCK;USD;1;0.04940000;130;EXCHANGE_LAST;;1;1;XEUR;11855448;570874;
15.04.2025;10:13:42.994;FD3D SI 20271217 CS;SIMPLE_INSTRUMENT;BLOCK;EUR;28;103.00000000;350;EXCHANGE_LAST;;3;2;XEUR;8782208;588;
15.04.2025;12:04:27.256;FDAX SI 20250620 CS;SIMPLE_INSTRUMENT;EFP_IDX;EUR;1;21315.00000000;100;EXCHANGE_LAST;;1;1;XEUR;7903800;589;
15.04.2025;13:43:25.146;FDAX SI 20250620 CS;SIMPLE_INSTRUMENT;EFP_IDX;EUR;2;21350.00000000;100;EXCHANGE_LAST;;1;1;XEUR;7903800;589;
15.04.2025;13:43:23.853;FDAX SI 20250620 CS;SIMPLE_INSTRUMENT;EFP_IDX;EUR;3;21350.00000000;215;EXCHANGE_LAST;;1;1;XEUR;7903800;589;
15.04.2025;13:45:21.667;FDAX SI 20250620 CS;SIMPLE_INSTRUMENT;EFP_IDX;EUR;4;21350.00000000;85;EXCHANGE_LAST;;1;1;XEUR;7903800;589;
15.04.2025;15:44:13.376;FDAX SI 20250620 CS;SIMPLE_INSTRUMENT;EFP_IDX;EUR;5;21426.00000000;24;EXCHANGE_LAST;;1;1;XEUR;7903800;589;
15.04.2025;15:44:19.654;FDAX SI 20250620 CS;SIMPLE_INSTRUMENT;EFP_IDX;EUR;6;21427.00000000;57;EXCHANGE_LAST;;1;1;XEUR;7903800;589;
15.04.2025;15:45:43.126;FDAX SI 20250620 CS;SIMPLE_INSTRUMENT;EFP_IDX;EUR;7;21426.00000000;25;EXCHANGE_LAST;;1;1;XEUR;7903800;589;
15.04.2025;15:46:15.791;FDAX SI 20250620 CS;SIMPLE_INSTRUMENT;EFP_IDX;EUR;8;21425.00000000;11;EXCHANGE_LAST;;1;1;XEUR;7903800;589;
15.04.2025;15:56:45.943;FDAX SI 20250620 CS;SIMPLE_INSTRUMENT;EFP_IDX;EUR;9;21420.00000000;200;EXCHANGE_LAST;;1;1;XEUR;7903800;589;
15.04.2025;15:58:05.143;FDAX SI 20250620 CS;SIMPLE_INSTRUMENT;EFP_IDX;EUR;10;21428.00000000;200;EXCHANGE_LAST;;1;1;XEUR;7903800;589;
15.04.2025;08:09:28.896;FDAX SI 20250620 CS;SIMPLE_INSTRUMENT;VOLA;EUR;671088644;21380.00000000;17;EXCHANGE_LAST;;1;1;XEUR;7903800;589;
15.04.2025;08:16:53.458;FDAX SI 20250620 CS;SIMPLE_INSTRUMENT;VOLA;EUR;671088646;21390.00000000;50;EXCHANGE_LAST;;1;1;XEUR;7903800;589;
15.04.2025;10:31:09.683;FDAX SI 20250620 CS;SIMPLE_INSTRUMENT;VOLA;EUR;671088659;21400.00000000;3;EXCHANGE_LAST;;1;1;XEUR;7903800;589;
15.04.2025;11:00:39.021;FDAX SI 20250620 CS;SIMPLE_INSTRUMENT;VOLA;EUR;671088661;21330.00000000;14;EXCHANGE_LAST;;1;1;XEUR;7903800;589;
15.04.2025;12:05:27.502;FDAX SI 20250620 CS;SIMPLE_INSTRUMENT;VOLA;EUR;671088664;21305.00000000;17;EXCHANGE_LAST;;1;1;XEUR;7903800;589;
15.04.2025;12:09:38.438;FDAX SI 20250620 CS;SIMPLE_INSTRUMENT;VOLA;EUR;671088665;21305.00000000;17;EXCHANGE_LAST;;1;1;XEUR;7903800;589;
15.04.2025;15:03:17.229;FDAX SI 20250620 CS;SIMPLE_INSTRUMENT;VOLA;EUR;671088680;21382.00000000;15;EXCHANGE_LAST;;1;1;XEUR;7903800;589;
15.04.2025;08:16:20.185;FEBD SI 20261218 CS;SIMPLE_INSTRUMENT;BLOCK;EUR;9;10.00000000;750;EXCHANGE_LAST;;2;1;XEUR;7158212;597;
15.04.2025;08:35:43.782;FEBD SI 20261218 CS;SIMPLE_INSTRUMENT;BLOCK;EUR;11;10.04000000;475;EXCHANGE_LAST;;1;2;XEUR;7158212;597;
15.04.2025;08:50:17.724;FEBD SI 20271217 CS;SIMPLE_INSTRUMENT;BLOCK;EUR;13;9.05000000;250;EXCHANGE_LAST;;1;1;XEUR;7776307;597;
15.04.2025;09:01:12.049;FEBD SI 20251219 CS;SIMPLE_INSTRUMENT;BLOCK;EUR;15;11.12000000;250;EXCHANGE_LAST;;1;1;XEUR;5914075;597;
15.04.2025;09:13:00.704;FEBD SI 20251219 CS;SIMPLE_INSTRUMENT;BLOCK;EUR;18;11.14000000;750;EXCHANGE_LAST;;2;2;XEUR;5914075;597;
15.04.2025;09:32:04.275;FEBD SI 20261218 CS;SIMPLE_INSTRUMENT;BLOCK;EUR;23;10.08000000;300;EXCHANGE_LAST;;1;1;XEUR;7158212;597;
15.04.2025;09:34:32.281;FEBD SI 20261218 CS;SIMPLE_INSTRUMENT;BLOCK;EUR;24;10.10000000;100;EXCHANGE_LAST;;1;1;XEUR;7158212;597;
15.04.2025;09:56:40.525;FEBD SI 20271217 CS;SIMPLE_INSTRUMENT;BLOCK;EUR;27;9.07000000;1500;EXCHANGE_LAST;;1;1;XEUR;7776307;597;
15.04.2025;10:21:56.172;FEBD SI 20271217 CS;SIMPLE_INSTRUMENT;BLOCK;EUR;30;9.12000000;300;EXCHANGE_LAST;;2;1;XEUR;7776307;597;
15.04.2025;11:03:53.330;FEBD SI 20261218 CS;SIMPLE_INSTRUMENT;BLOCK;EUR;38;10.04000000;300;EXCHANGE_LAST;;1;1;XEUR;7158212;597;
15.04.2025;12:36:30.781;FEBD SI 20261218 CS;SIMPLE_INSTRUMENT;BLOCK;EUR;45;10.03000000;800;EXCHANGE_LAST;;2;1;XEUR;7158212;597;
15.04.2025;13:19:44.143;FEBD SI 20261218 CS;SIMPLE_INSTRUMENT;BLOCK;EUR;51;10.06000000;260;EXCHANGE_LAST;;1;1;XEUR;7158212;597;
15.04.2025;10:55:28.166;FECX SI 20250620 CS;SIMPLE_INSTRUMENT;BLOCK;EUR;37;166.10000000;247;EXCHANGE_LAST;;1;1;XEUR;11949125;410158;
15.04.2025;08:12:44.463;FEDV SI 20250620 CS;SIMPLE_INSTRUMENT;VOLA;EUR;603979788;1760.00000000;950;EXCHANGE_LAST;;1;1;XEUR;11880642;596;
15.04.2025;08:11:10.301;FEHY SI 20250620 CS;SIMPLE_INSTRUMENT;BLOCK;EUR;8;293.26000000;245;EXCHANGE_LAST;;1;1;XEUR;11949378;574047;
15.04.2025;15:22:55.381;FES1 SI 20250620 PS;SIMPLE_INSTRUMENT;BLOCK;EUR;66;-60.90000000;140;EXCHANGE_LAST;;1;1;XEUR;11910814;58959;
15.04.2025;08:23:44.830;FESB SI 20250620 CS;SIMPLE_INSTRUMENT;BLOCK;EUR;22;170.50000000;2320;EXCHANGE_LAST;;1;1;XEUR;11880665;605;
15.04.2025;14:41:27.905;FESB SI 20250620 CS;SIMPLE_INSTRUMENT;BLOCK;EUR;28;172.35000000;3480;EXCHANGE_LAST;;1;1;XEUR;11880665;605;
15.04.2025;15:47:24.512;FESB SI 20250620 CS;SIMPLE_INSTRUMENT;EFP_IDX;EUR;31;172.95000000;286;EXCHANGE_LAST;;1;1;XEUR;11880665;605;
15.04.2025;15:47:37.328;FESB SI 20250620 CS;SIMPLE_INSTRUMENT;EFP_IDX;EUR;32;173.20000000;264;EXCHANGE_LAST;;1;1;XEUR;11880665;605;
15.04.2025;15:56:46.248;FESB SI 20250620 CS;SIMPLE_INSTRUMENT;EFP_IDX;EUR;33;173.05000000;120;EXCHANGE_LAST;;1;1;XEUR;11880665;605;
15.04.2025;15:57:13.103;FESB SI 20250620 CS;SIMPLE_INSTRUMENT;EFP_IDX;EUR;34;173.00000000;30;EXCHANGE_LAST;;1;1;XEUR;11880665;605;
15.04.2025;09:46:26.313;FESB SI 20250620 CS;SIMPLE_INSTRUMENT;VOLA;EUR;603979803;171.50000000;600;EXCHANGE_LAST;;1;1;XEUR;11880665;605;
15.04.2025;12:22:33.000;FESX SI 20250620 CS;SIMPLE_INSTRUMENT;BLOCK;EUR;1;4900.00000000;5750;EXCHANGE_LAST;;1;1;XEUR;7904020;675;
15.04.2025;13:41:20.769;FESX SI 20250620 CS;SIMPLE_INSTRUMENT;BLOCK;EUR;2;4890.00000000;3000;EXCHANGE_LAST;;1;1;XEUR;7904020;675;
15.04.2025;15:16:04.243;FESX SI 20250620 CS;SIMPLE_INSTRUMENT;BLOCK;EUR;3;4910.00000000;7500;EXCHANGE_LAST;;1;1;XEUR;7904020;675;
15.04.2025;15:44:35.390;FESX SI 20250620 CS;SIMPLE_INSTRUMENT;EFP_IDX;EUR;4;4909.00000000;410;EXCHANGE_LAST;;1;1;XEUR;7904020;675;
15.04.2025;15:44:43.384;FESX SI 20250620 CS;SIMPLE_INSTRUMENT;EFP_IDX;EUR;5;4910.00000000;310;EXCHANGE_LAST;;1;1;XEUR;7904020;675;
15.04.2025;15:44:50.998;FESX SI 20250620 CS;SIMPLE_INSTRUMENT;EFP_IDX;EUR;6;4909.00000000;42;EXCHANGE_LAST;;1;1;XEUR;7904020;675;
15.04.2025;15:44:58.503;FESX SI 20250620 CS;SIMPLE_INSTRUMENT;EFP_IDX;EUR;7;4910.00000000;558;EXCHANGE_LAST;;1;1;XEUR;7904020;675;
15.04.2025;15:44:15.482;FESX SI 20250620 CS;SIMPLE_INSTRUMENT;EFP_IDX;EUR;8;4909.00000000;42;EXCHANGE_LAST;;1;1;XEUR;7904020;675;
15.04.2025;15:44:38.006;FESX SI 20250620 CS;SIMPLE_INSTRUMENT;EFP_IDX;EUR;9;4910.00000000;558;EXCHANGE_LAST;;1;1;XEUR;7904020;675;
15.04.2025;15:50:32.421;FESX SI 20250620 CS;SIMPLE_INSTRUMENT;EFP_IDX;EUR;10;4909.00000000;1710;EXCHANGE_LAST;;1;1;XEUR;7904020;675;
15.04.2025;15:50:44.637;FESX SI 20250620 CS;SIMPLE_INSTRUMENT;EFP_IDX;EUR;11;4910.00000000;55;EXCHANGE_LAST;;1;1;XEUR;7904020;675;
15.04.2025;15:50:44.764;FESX SI 20250620 CS;SIMPLE_INSTRUMENT;EFP_IDX;EUR;12;4910.00000000;1290;EXCHANGE_LAST;;1;1;XEUR;7904020;675;
15.04.2025;15:50:56.247;FESX SI 20250620 CS;SIMPLE_INSTRUMENT;EFP_IDX;EUR;13;4909.00000000;71;EXCHANGE_LAST;;1;1;XEUR;7904020;675;
15.04.2025;15:52:11.980;FESX SI 20250620 CS;SIMPLE_INSTRUMENT;EFP_IDX;EUR;14;4909.00000000;340;EXCHANGE_LAST;;1;1;XEUR;7904020;675;
15.04.2025;15:52:23.954;FESX SI 20250620 CS;SIMPLE_INSTRUMENT;EFP_IDX;EUR;15;4910.00000000;258;EXCHANGE_LAST;;1;1;XEUR;7904020;675;
15.04.2025;15:53:21.798;FESX SI 20250620 CS;SIMPLE_INSTRUMENT;EFP_IDX;EUR;16;4910.00000000;107;EXCHANGE_LAST;;1;1;XEUR;7904020;675;
15.04.2025;15:57:41.244;FESX SI 20250620 CS;SIMPLE_INSTRUMENT;EFP_IDX;EUR;18;4909.00000000;140;EXCHANGE_LAST;;1;1;XEUR;7904020;675;
15.04.2025;07:47:29.869;FESX SI 20250620 CS;SIMPLE_INSTRUMENT;VOLA;EUR;637534226;4865.00000000;5;EXCHANGE_LAST;;1;1;XEUR;7904020;675;
15.04.2025;07:52:04.402;FESX SI 20250620 CS;SIMPLE_INSTRUMENT;VOLA;EUR;637534232;4875.00000000;750;EXCHANGE_LAST;;1;1;XEUR;7904020;675;
15.04.2025;08:22:25.744;FESX SI 20250620 CS;SIMPLE_INSTRUMENT;VOLA;EUR;637534249;4870.00000000;612;EXCHANGE_LAST;;1;1;XEUR;7904020;675;
15.04.2025;08:23:19.385;FESX SI 20250620 CS;SIMPLE_INSTRUMENT;VOLA;EUR;637534250;4870.00000000;613;EXCHANGE_LAST;;1;1;XEUR;7904020;675;
15.04.2025;08:45:48.900;FESX SI 20250620 CS;SIMPLE_INSTRUMENT;VOLA;EUR;637534261;4884.00000000;1130;EXCHANGE_LAST;;1;1;XEUR;7904020;675;
15.04.2025;08:46:20.343;FESX SI 20250620 CS;SIMPLE_INSTRUMENT;VOLA;EUR;637534262;4884.00000000;330;EXCHANGE_LAST;;1;1;XEUR;7904020;675;
15.04.2025;10:07:04.010;FESX SI 20250620 CS;SIMPLE_INSTRUMENT;VOLA;EUR;637534303;4900.00000000;50;EXCHANGE_LAST;;1;1;XEUR;7904020;675;
15.04.2025;10:11:15.752;FESX SI 20250620 CS;SIMPLE_INSTRUMENT;VOLA;EUR;637534308;4888.00000000;412;EXCHANGE_LAST;;1;1;XEUR;7904020;675;
15.04.2025;10:17:28.026;FESX SI 20250620 CS;SIMPLE_INSTRUMENT;VOLA;EUR;637534312;4895.00000000;17;EXCHANGE_LAST;;1;1;XEUR;7904020;675;
15.04.2025;10:41:00.299;FESX SI 20250620 CS;SIMPLE_INSTRUMENT;VOLA;EUR;637534323;4890.00000000;74;EXCHANGE_LAST;;1;1;XEUR;7904020;675;
15.04.2025;11:13:41.247;FESX SI 20250620 CS;SIMPLE_INSTRUMENT;VOLA;EUR;637534339;4885.00000000;500;EXCHANGE_LAST;;1;1;XEUR;7904020;675;
15.04.2025;12:42:00.590;FESX SI 20250620 CS;SIMPLE_INSTRUMENT;VOLA;EUR;637534362;4867.00000000;960;EXCHANGE_LAST;;1;1;XEUR;7904020;675;
15.04.2025;12:48:26.646;FESX SI 20250620 CS;SIMPLE_INSTRUMENT;VOLA;EUR;637534366;4873.00000000;652;EXCHANGE_LAST;;1;1;XEUR;7904020;675;
15.04.2025;13:38:10.656;FESX SI 20250620 CS;SIMPLE_INSTRUMENT;VOLA;EUR;637534389;4892.00000000;936;EXCHANGE_LAST;;1;1;XEUR;7904020;675;
15.04.2025;14:37:43.040;FESX SI 20250620 CS;SIMPLE_INSTRUMENT;VOLA;EUR;637534415;4885.00000000;1851;EXCHANGE_LAST;;1;1;XEUR;7904020;675;
15.04.2025;14:42:35.629;FESX SI 20250620 CS;SIMPLE_INSTRUMENT;VOLA;EUR;637534423;4900.00000000;240;EXCHANGE_LAST;;1;1;XEUR;7904020;675;
15.04.2025;14:57:47.546;FESX SI 20250620 CS;SIMPLE_INSTRUMENT;VOLA;EUR;637534436;4900.00000000;632;EXCHANGE_LAST;;1;1;XEUR;7904020;675;
15.04.2025;15:06:28.332;FESX SI 20250620 CS;SIMPLE_INSTRUMENT;VOLA;EUR;637534443;4912.00000000;514;EXCHANGE_LAST;;1;1;XEUR;7904020;675;
15.04.2025;15:40:55.799;FESX SI 20250620 CS;SIMPLE_INSTRUMENT;VOLA;EUR;637534484;4911.00000000;822;EXCHANGE_LAST;;1;1;XEUR;7904020;675;
15.04.2025;14:56:29.207;FESY SI 20250620 CS;SIMPLE_INSTRUMENT;VOLA;EUR;603979881;978.30000000;17;EXCHANGE_LAST;;1;1;XEUR;11881027;674;
15.04.2025;07:30:29.191;FEXD SI 20261218 CS;SIMPLE_INSTRUMENT;BLOCK;EUR;1;147.60000000;250;EXCHANGE_LAST;;1;1;XEUR;2163053;693;
15.04.2025;07:58:00.618;FEXD.S.DEC28.DEC29.SPD;FUTURES_SPREAD;BLOCK;EUR;2;3.70000000;300;EXCHANGE_LAST;;1;1;XEUR;72060570450264171;693;
15.04.2025;07:58:00.618;FEXD SI 20281215 CS;SIMPLE_INSTRUMENT;BLOCK;EUR;2;138.70000000;300;PRC_DECOMP_EXCHANGE;;;;XEUR;3680985;693;EXCHANGE
15.04.2025;07:58:00.618;FEXD SI 20291221 CS;SIMPLE_INSTRUMENT;BLOCK;EUR;2;135.00000000;300;PRC_DECOMP_EXCHANGE;;;;XEUR;4631968;693;EXCHANGE
15.04.2025;08:00:32.060;FEXD SI 20261218 CS;SIMPLE_INSTRUMENT;BLOCK;EUR;3;149.00000000;250;EXCHANGE_LAST;;1;1;XEUR;2163053;693;
15.04.2025;08:00:20.060;FEXD SI 20261218 CS;SIMPLE_INSTRUMENT;BLOCK;EUR;4;149.10000000;250;EXCHANGE_LAST;;1;1;XEUR;2163053;693;
15.04.2025;08:02:19.065;FEXD SI 20261218 CS;SIMPLE_INSTRUMENT;BLOCK;EUR;5;149.50000000;200;EXCHANGE_LAST;;1;1;XEUR;2163053;693;
15.04.2025;08:06:57.545;FEXD.S.DEC26.DEC28.SPD;FUTURES_SPREAD;BLOCK;EUR;6;9.80000000;1500;EXCHANGE_LAST;;1;1;XEUR;72060570450264161;693;
15.04.2025;08:06:57.545;FEXD SI 20281215 CS;SIMPLE_INSTRUMENT;BLOCK;EUR;6;139.30000000;1500;PRC_DECOMP_EXCHANGE;;;;XEUR;3680985;693;EXCHANGE
15.04.2025;08:06:57.545;FEXD SI 20261218 CS;SIMPLE_INSTRUMENT;BLOCK;EUR;6;149.10000000;1500;PRC_DECOMP_EXCHANGE;;;;XEUR;2163053;693;EXCHANGE
15.04.2025;08:27:33.289;FEXD SI 20261218 CS;SIMPLE_INSTRUMENT;BLOCK;EUR;10;147.50000000;660;EXCHANGE_LAST;;1;1;XEUR;2163053;693;
15.04.2025;08:38:24.152;FEXD SI 20261218 CS;SIMPLE_INSTRUMENT;BLOCK;EUR;12;149.30000000;550;EXCHANGE_LAST;;1;1;XEUR;2163053;693;
15.04.2025;09:00:30.095;FEXD SI 20271217 CS;SIMPLE_INSTRUMENT;BLOCK;EUR;14;143.90000000;400;EXCHANGE_LAST;;1;1;XEUR;2848338;693;
15.04.2025;09:00:43.203;FEXD SI 20281215 CS;SIMPLE_INSTRUMENT;BLOCK;EUR;16;140.30000000;400;EXCHANGE_LAST;;1;1;XEUR;3680985;693;
15.04.2025;09:02:14.421;FEXD SI 20261218 CS;SIMPLE_INSTRUMENT;BLOCK;EUR;17;149.40000000;540;EXCHANGE_LAST;;1;1;XEUR;2163053;693;
15.04.2025;09:05:37.024;FEXD SI 20271217 CS;SIMPLE_INSTRUMENT;BLOCK;EUR;19;143.80000000;200;EXCHANGE_LAST;;1;1;XEUR;2848338;693;
15.04.2025;09:21:58.522;FEXD SI 20261218 CS;SIMPLE_INSTRUMENT;BLOCK;EUR;21;149.20000000;250;EXCHANGE_LAST;;1;1;XEUR;2163053;693;
15.04.2025;09:32:34.043;FEXD SI 20271217 CS;SIMPLE_INSTRUMENT;BLOCK;EUR;22;143.30000000;1050;EXCHANGE_LAST;;1;1;XEUR;2848338;693;
15.04.2025;09:41:51.821;FEXD SI 20261218 CS;SIMPLE_INSTRUMENT;BLOCK;EUR;25;149.10000000;1050;EXCHANGE_LAST;;1;1;XEUR;2163053;693;
15.04.2025;09:44:25.303;FEXD SI 20271217 CS;SIMPLE_INSTRUMENT;BLOCK;EUR;26;143.60000000;500;EXCHANGE_LAST;;1;1;XEUR;2848338;693;
15.04.2025;10:34:15.163;FEXD SI 20271217 CS;SIMPLE_INSTRUMENT;BLOCK;EUR;31;143.80000000;250;EXCHANGE_LAST;;1;1;XEUR;2848338;693;
15.04.2025;11:11:46.632;FEXD SI 20261218 CS;SIMPLE_INSTRUMENT;BLOCK;EUR;39;149.20000000;300;EXCHANGE_LAST;;1;1;XEUR;2163053;693;
15.04.2025;12:39:59.859;FEXD.S.DEC26.DEC27.SPD;FUTURES_SPREAD;BLOCK;EUR;43;5.50000000;500;EXCHANGE_LAST;;1;1;XEUR;72060570450264153;693;
15.04.2025;12:39:59.859;FEXD SI 20261218 CS;SIMPLE_INSTRUMENT;BLOCK;EUR;43;148.90000000;500;PRC_DECOMP_MEMBER;;;;XEUR;2163053;693;MEMBER
15.04.2025;12:39:59.859;FEXD SI 20271217 CS;SIMPLE_INSTRUMENT;BLOCK;EUR;43;143.40000000;500;PRC_DECOMP_MEMBER;;;;XEUR;2848338;693;MEMBER
15.04.2025;12:34:05.797;FEXD SI 20251219 CS;SIMPLE_INSTRUMENT;BLOCK;EUR;44;164.80000000;500;EXCHANGE_LAST;;1;1;XEUR;1548120;693;
15.04.2025;12:54:34.504;FEXD SI 20261218 CS;SIMPLE_INSTRUMENT;BLOCK;EUR;46;148.90000000;500;EXCHANGE_LAST;;2;1;XEUR;2163053;693;
15.04.2025;12:55:47.734;FEXD SI 20251219 CS;SIMPLE_INSTRUMENT;BLOCK;EUR;47;164.50000000;1750;EXCHANGE_LAST;;1;1;XEUR;1548120;693;
15.04.2025;12:55:56.735;FEXD SI 20251219 CS;SIMPLE_INSTRUMENT;BLOCK;EUR;48;164.60000000;1750;EXCHANGE_LAST;;1;1;XEUR;1548120;693;
15.04.2025;13:11:34.746;FEXD.S.DEC25.DEC26.SPD;FUTURES_SPREAD;BLOCK;EUR;49;15.20000000;500;EXCHANGE_LAST;;2;1;XEUR;72060570450264144;693;
15.04.2025;13:11:34.746;FEXD SI 20251219 CS;SIMPLE_INSTRUMENT;BLOCK;EUR;49;164.50000000;500;PRC_DECOMP_MEMBER;;;;XEUR;1548120;693;MEMBER
15.04.2025;13:11:34.746;FEXD SI 20261218 CS;SIMPLE_INSTRUMENT;BLOCK;EUR;49;149.30000000;500;PRC_DECOMP_MEMBER;;;;XEUR;2163053;693;MEMBER
15.04.2025;13:20:11.953;FEXD SI 20251219 CS;SIMPLE_INSTRUMENT;BLOCK;EUR;50;164.40000000;200;EXCHANGE_LAST;;1;1;XEUR;1548120;693;
15.04.2025;13:36:09.209;FEXD.S.DEC26.DEC28.SPD;FUTURES_SPREAD;BLOCK;EUR;52;9.80000000;1000;EXCHANGE_LAST;;1;2;XEUR;72060570450264161;693;
15.04.2025;13:36:09.209;FEXD SI 20281215 CS;SIMPLE_INSTRUMENT;BLOCK;EUR;52;139.20000000;1000;PRC_DECOMP_EXCHANGE;;;;XEUR;3680985;693;EXCHANGE
15.04.2025;13:36:09.209;FEXD SI 20261218 CS;SIMPLE_INSTRUMENT;BLOCK;EUR;52;149.00000000;1000;PRC_DECOMP_EXCHANGE;;;;XEUR;2163053;693;EXCHANGE
15.04.2025;13:50:08.718;FEXD.S.DEC27.DEC28.SPD;FUTURES_SPREAD;BLOCK;EUR;54;4.30000000;250;EXCHANGE_LAST;;1;1;XEUR;72060570450264162;693;
15.04.2025;13:50:08.718;FEXD SI 20281215 CS;SIMPLE_INSTRUMENT;BLOCK;EUR;54;139.30000000;250;PRC_DECOMP_EXCHANGE;;;;XEUR;3680985;693;EXCHANGE
15.04.2025;13:50:08.718;FEXD SI 20271217 CS;SIMPLE_INSTRUMENT;BLOCK;EUR;54;143.60000000;250;PRC_DECOMP_EXCHANGE;;;;XEUR;2848338;693;EXCHANGE
15.04.2025;14:11:45.156;FEXD SI 20261218 CS;SIMPLE_INSTRUMENT;BLOCK;EUR;55;149.10000000;300;EXCHANGE_LAST;;1;1;XEUR;2163053;693;
15.04.2025;14:23:49.963;FEXD SI 20261218 CS;SIMPLE_INSTRUMENT;BLOCK;EUR;56;149.00000000;380;EXCHANGE_LAST;;1;1;XEUR;2163053;693;
15.04.2025;15:03:48.529;FEXD SI 20251219 CS;SIMPLE_INSTRUMENT;BLOCK;EUR;62;164.30000000;1000;EXCHANGE_LAST;;1;1;XEUR;1548120;693;
15.04.2025;15:06:52.537;FEXD SI 20261218 CS;SIMPLE_INSTRUMENT;BLOCK;EUR;63;149.30000000;250;EXCHANGE_LAST;;1;1;XEUR;2163053;693;
15.04.2025;09:10:38.791;FEXD SI 20261218 CS;SIMPLE_INSTRUMENT;VOLA;EUR;301989894;149.30000000;225;EXCHANGE_LAST;;1;1;XEUR;2163053;693;
15.04.2025;09:10:49.499;FEXD SI 20261218 CS;SIMPLE_INSTRUMENT;VOLA;EUR;301989895;149.40000000;224;EXCHANGE_LAST;;1;1;XEUR;2163053;693;
15.04.2025;06:42:31.963;FGBL SI 20250606 PS;SIMPLE_INSTRUMENT;EFS;EUR;1;131.25000000;428;EXCHANGE_LAST;;1;1;XEUR;11820389;688;
15.04.2025;06:45:51.414;FGBL SI 20250606 PS;SIMPLE_INSTRUMENT;EFS;EUR;2;131.27000000;244;EXCHANGE_LAST;;1;1;XEUR;11820389;688;
15.04.2025;07:05:48.813;FGBL SI 20250606 PS;SIMPLE_INSTRUMENT;EFS;EUR;3;131.29000000;431;EXCHANGE_LAST;;1;1;XEUR;11820389;688;
15.04.2025;07:09:08.354;FGBL SI 20250606 PS;SIMPLE_INSTRUMENT;EFS;EUR;4;131.25000000;428;EXCHANGE_LAST;;1;1;XEUR;11820389;688;
15.04.2025;07:09:18.413;FGBL SI 20250606 PS;SIMPLE_INSTRUMENT;EFS;EUR;5;131.27000000;428;EXCHANGE_LAST;;1;1;XEUR;11820389;688;
15.04.2025;07:11:03.431;FGBL SI 20250606 PS;SIMPLE_INSTRUMENT;EFS;EUR;6;131.23000000;428;EXCHANGE_LAST;;1;1;XEUR;11820389;688;
15.04.2025;07:11:09.009;FGBL SI 20250606 PS;SIMPLE_INSTRUMENT;EFS;EUR;7;131.26000000;215;EXCHANGE_LAST;;1;1;XEUR;11820389;688;
15.04.2025;07:12:08.477;FGBL SI 20250606 PS;SIMPLE_INSTRUMENT;EFS;EUR;8;131.26000000;1284;EXCHANGE_LAST;;1;1;XEUR;11820389;688;
15.04.2025;07:12:43.506;FGBL SI 20250606 PS;SIMPLE_INSTRUMENT;EFS;EUR;9;131.24000000;1712;EXCHANGE_LAST;;1;1;XEUR;11820389;688;
15.04.2025;07:13:23.534;FGBL SI 20250606 PS;SIMPLE_INSTRUMENT;EFS;EUR;10;131.24000000;428;EXCHANGE_LAST;;1;1;XEUR;11820389;688;
15.04.2025;07:25:38.577;FGBL SI 20250606 PS;SIMPLE_INSTRUMENT;EFS;EUR;11;131.24000000;2000;EXCHANGE_LAST;;1;1;XEUR;11820389;688;
15.04.2025;07:15:33.870;FGBL SI 20250606 PS;SIMPLE_INSTRUMENT;EFS;EUR;12;131.26000000;214;EXCHANGE_LAST;;1;1;XEUR;11820389;688;
15.04.2025;07:17:17.886;FGBL SI 20250606 PS;SIMPLE_INSTRUMENT;EFS;EUR;13;131.26000000;215;EXCHANGE_LAST;;1;1;XEUR;11820389;688;
15.04.2025;07:17:50.858;FGBL SI 20250606 PS;SIMPLE_INSTRUMENT;EFP_FIN;EUR;14;131.27000000;120;EXCHANGE_LAST;;1;1;XEUR;11820389;688;
15.04.2025;07:19:23.820;FGBL SI 20250606 PS;SIMPLE_INSTRUMENT;EFS;EUR;15;131.24000000;300;EXCHANGE_LAST;;1;1;XEUR;11820389;688;
15.04.2025;07:25:55.172;FGBL SI 20250606 PS;SIMPLE_INSTRUMENT;EFS;EUR;16;131.21000000;428;EXCHANGE_LAST;;1;1;XEUR;11820389;688;
15.04.2025;07:32:34.659;FGBL SI 20250606 PS;SIMPLE_INSTRUMENT;EFS;EUR;17;131.19000000;342;EXCHANGE_LAST;;1;1;XEUR;11820389;688;
15.04.2025;07:34:21.662;FGBL SI 20250606 PS;SIMPLE_INSTRUMENT;EFS;EUR;18;131.24000000;258;EXCHANGE_LAST;;1;1;XEUR;11820389;688;
15.04.2025;07:36:50.646;FGBL SI 20250606 PS;SIMPLE_INSTRUMENT;EFS;EUR;19;131.22000000;428;EXCHANGE_LAST;;1;1;XEUR;11820389;688;
15.04.2025;07:37:25.643;FGBL SI 20250606 PS;SIMPLE_INSTRUMENT;EFS;EUR;20;131.23000000;146;EXCHANGE_LAST;;1;1;XEUR;11820389;688;
15.04.2025;07:45:58.383;FGBL SI 20250606 PS;SIMPLE_INSTRUMENT;EFP_FIN;EUR;21;131.21000000;120;EXCHANGE_LAST;;1;1;XEUR;11820389;688;
15.04.2025;07:48:11.151;FGBL SI 20250606 PS;SIMPLE_INSTRUMENT;EFS;EUR;22;131.23000000;428;EXCHANGE_LAST;;1;1;XEUR;11820389;688;
15.04.2025;07:48:12.736;FGBL SI 20250606 PS;SIMPLE_INSTRUMENT;EFS;EUR;23;131.22000000;977;EXCHANGE_LAST;;1;1;XEUR;11820389;688;
15.04.2025;07:49:16.194;FGBL SI 20250606 PS;SIMPLE_INSTRUMENT;EFS;EUR;24;131.23000000;214;EXCHANGE_LAST;;1;1;XEUR;11820389;688;
15.04.2025;07:49:41.212;FGBL SI 20250606 PS;SIMPLE_INSTRUMENT;EFS;EUR;25;131.23000000;428;EXCHANGE_LAST;;1;1;XEUR;11820389;688;
15.04.2025;07:55:44.950;FGBL SI 20250606 PS;SIMPLE_INSTRUMENT;EFS;EUR;26;131.24000000;218;EXCHANGE_LAST;;1;1;XEUR;11820389;688;
15.04.2025;07:56:15.894;FGBL SI 20250606 PS;SIMPLE_INSTRUMENT;EFS;EUR;27;131.22000000;860;EXCHANGE_LAST;;1;1;XEUR;11820389;688;
15.04.2025;08:09:38.767;FGBL SI 20250606 PS;SIMPLE_INSTRUMENT;EFS;EUR;28;131.35000000;430;EXCHANGE_LAST;;1;1;XEUR;11820389;688;
15.04.2025;08:09:46.769;FGBL SI 20250606 PS;SIMPLE_INSTRUMENT;EFS;EUR;29;131.35000000;430;EXCHANGE_LAST;;1;1;XEUR;11820389;688;
15.04.2025;08:10:13.010;FGBL SI 20250606 PS;SIMPLE_INSTRUMENT;EFS;EUR;30;131.24000000;215;EXCHANGE_LAST;;1;1;XEUR;11820389;688;
15.04.2025;08:10:35.011;FGBL SI 20250606 PS;SIMPLE_INSTRUMENT;EFS;EUR;31;131.25000000;214;EXCHANGE_LAST;;1;1;XEUR;11820389;688;
15.04.2025;08:12:13.017;FGBL SI 20250606 PS;SIMPLE_INSTRUMENT;EFS;EUR;32;131.31000000;976;EXCHANGE_LAST;;1;1;XEUR;11820389;688;
15.04.2025;08:13:28.186;FGBL SI 20250606 PS;SIMPLE_INSTRUMENT;EFS;EUR;33;131.32000000;243;EXCHANGE_LAST;;1;1;XEUR;11820389;688;
15.04.2025;08:16:32.604;FGBL SI 20250606 PS;SIMPLE_INSTRUMENT;EFS;EUR;34;131.30000000;214;EXCHANGE_LAST;;1;1;XEUR;11820389;688;
15.04.2025;08:23:34.513;FGBL SI 20250606 PS;SIMPLE_INSTRUMENT;EFS;EUR;35;131.29000000;214;EXCHANGE_LAST;;1;1;XEUR;11820389;688;
15.04.2025;08:25:18.080;FGBL SI 20250606 PS;SIMPLE_INSTRUMENT;EFS;EUR;36;131.31000000;488;EXCHANGE_LAST;;1;1;XEUR;11820389;688;
15.04.2025;08:27:14.742;FGBL SI 20250606 PS;SIMPLE_INSTRUMENT;EFP_FIN;EUR;37;131.31000000;249;EXCHANGE_LAST;;1;1;XEUR;11820389;688;
15.04.2025;08:27:15.828;FGBL SI 20250606 PS;SIMPLE_INSTRUMENT;EFS;EUR;38;131.35000000;428;EXCHANGE_LAST;;1;1;XEUR;11820389;688;
15.04.2025;08:29:28.304;FGBL SI 20250606 PS;SIMPLE_INSTRUMENT;EFS;EUR;39;131.35000000;429;EXCHANGE_LAST;;1;1;XEUR;11820389;688;
15.04.2025;08:30:40.005;FGBL SI 20250606 PS;SIMPLE_INSTRUMENT;EFS;EUR;40;131.33000000;377;EXCHANGE_LAST;;1;1;XEUR;11820389;688;
15.04.2025;08:31:07.098;FGBL SI 20250606 PS;SIMPLE_INSTRUMENT;EFS;EUR;41;131.34000000;658;EXCHANGE_LAST;;1;1;XEUR;11820389;688;
15.04.2025;08:37:33.020;FGBL SI 20250606 PS;SIMPLE_INSTRUMENT;EFS;EUR;42;131.35000000;299;EXCHANGE_LAST;;1;1;XEUR;11820389;688;
15.04.2025;08:38:37.827;FGBL SI 20250606 PS;SIMPLE_INSTRUMENT;EFS;EUR;43;131.34000000;214;EXCHANGE_LAST;;1;1;XEUR;11820389;688;
15.04.2025;08:41:04.126;FGBL SI 20250606 PS;SIMPLE_INSTRUMENT;EFS;EUR;44;131.32000000;215;EXCHANGE_LAST;;1;1;XEUR;11820389;688;
15.04.2025;08:47:20.008;FGBL SI 20250606 PS;SIMPLE_INSTRUMENT;EFS;EUR;45;131.33000000;488;EXCHANGE_LAST;;1;1;XEUR;11820389;688;
15.04.2025;08:48:21.769;FGBL SI 20250606 PS;SIMPLE_INSTRUMENT;EFS;EUR;46;131.31000000;428;EXCHANGE_LAST;;1;1;XEUR;11820389;688;
15.04.2025;08:48:25.855;FGBL SI 20250606 PS;SIMPLE_INSTRUMENT;EFS;EUR;47;131.29000000;214;EXCHANGE_LAST;;1;1;XEUR;11820389;688;
15.04.2025;08:52:37.960;FGBL SI 20250606 PS;SIMPLE_INSTRUMENT;EFS;EUR;48;131.33000000;428;EXCHANGE_LAST;;1;1;XEUR;11820389;688;
15.04.2025;08:55:08.398;FGBL SI 20250606 PS;SIMPLE_INSTRUMENT;EFS;EUR;49;131.27000000;34;EXCHANGE_LAST;;1;1;XEUR;11820389;688;
15.04.2025;08:56:09.170;FGBL SI 20250606 PS;SIMPLE_INSTRUMENT;EFS;EUR;50;131.11000000;733;EXCHANGE_LAST;;1;1;XEUR;11820389;688;
15.04.2025;09:05:46.300;FGBL SI 20250606 PS;SIMPLE_INSTRUMENT;EFP_FIN;EUR;51;131.32000000;116;EXCHANGE_LAST;;1;1;XEUR;11820389;688;
15.04.2025;09:12:08.236;FGBL SI 20250606 PS;SIMPLE_INSTRUMENT;EFP_FIN;EUR;52;131.33000000;212;EXCHANGE_LAST;;1;1;XEUR;11820389;688;
15.04.2025;09:14:16.200;FGBL SI 20250606 PS;SIMPLE_INSTRUMENT;EFS;EUR;53;131.31000000;1464;EXCHANGE_LAST;;1;1;XEUR;11820389;688;
15.04.2025;09:15:19.638;FGBL SI 20250606 PS;SIMPLE_INSTRUMENT;EFP_FIN;EUR;54;131.32000000;270;EXCHANGE_LAST;;1;1;XEUR;11820389;688;
15.04.2025;09:17:55.212;FGBL SI 20250606 PS;SIMPLE_INSTRUMENT;EFP_FIN;EUR;55;131.33000000;240;EXCHANGE_LAST;;1;1;XEUR;11820389;688;
15.04.2025;09:19:55.219;FGBL SI 20250606 PS;SIMPLE_INSTRUMENT;EFP_FIN;EUR;56;131.33000000;121;EXCHANGE_LAST;;1;1;XEUR;11820389;688;
15.04.2025;09:35:59.970;FGBL SI 20250606 PS;SIMPLE_INSTRUMENT;EFS;EUR;57;131.26000000;200;EXCHANGE_LAST;;1;1;XEUR;11820389;688;
15.04.2025;09:39:12.666;FGBL SI 20250606 PS;SIMPLE_INSTRUMENT;EFP_FIN;EUR;58;131.31000000;176;EXCHANGE_LAST;;1;1;XEUR;11820389;688;
15.04.2025;09:42:22.081;FGBL SI 20250606 PS;SIMPLE_INSTRUMENT;EFS;EUR;59;131.15000000;428;EXCHANGE_LAST;;1;1;XEUR;11820389;688;
15.04.2025;09:42:24.582;FGBL SI 20250606 PS;SIMPLE_INSTRUMENT;EFS;EUR;60;131.14000000;428;EXCHANGE_LAST;;1;1;XEUR;11820389;688;
15.04.2025;09:44:47.044;FGBL SI 20250606 PS;SIMPLE_INSTRUMENT;EFS;EUR;61;131.21000000;390;EXCHANGE_LAST;;1;1;XEUR;11820389;688;
15.04.2025;09:46:17.245;FGBL SI 20250606 PS;SIMPLE_INSTRUMENT;EFS;EUR;62;131.04000000;428;EXCHANGE_LAST;;1;1;XEUR;11820389;688;
15.04.2025;09:47:27.298;FGBL SI 20250606 PS;SIMPLE_INSTRUMENT;EFS;EUR;63;131.22000000;428;EXCHANGE_LAST;;1;1;XEUR;11820389;688;
15.04.2025;09:48:17.807;FGBL SI 20250606 PS;SIMPLE_INSTRUMENT;EFS;EUR;64;131.15000000;1463;EXCHANGE_LAST;;1;1;XEUR;11820389;688;
15.04.2025;09:49:18.375;FGBL SI 20250606 PS;SIMPLE_INSTRUMENT;EFS;EUR;65;131.03000000;428;EXCHANGE_LAST;;1;1;XEUR;11820389;688;
15.04.2025;09:49:22.761;FGBL SI 20250606 PS;SIMPLE_INSTRUMENT;EFS;EUR;66;131.22000000;215;EXCHANGE_LAST;;1;1;XEUR;11820389;688;
15.04.2025;09:49:38.392;FGBL SI 20250606 PS;SIMPLE_INSTRUMENT;EFS;EUR;67;131.10000000;428;EXCHANGE_LAST;;1;1;XEUR;11820389;688;
15.04.2025;09:49:48.401;FGBL SI 20250606 PS;SIMPLE_INSTRUMENT;EFS;EUR;68;131.01000000;428;EXCHANGE_LAST;;1;1;XEUR;11820389;688;
15.04.2025;09:52:03.512;FGBL SI 20250606 PS;SIMPLE_INSTRUMENT;EFS;EUR;69;131.22000000;428;EXCHANGE_LAST;;1;1;XEUR;11820389;688;
15.04.2025;09:52:38.547;FGBL SI 20250606 PS;SIMPLE_INSTRUMENT;EFS;EUR;70;131.22000000;214;EXCHANGE_LAST;;1;1;XEUR;11820389;688;
15.04.2025;09:56:36.833;FGBL SI 20250606 PS;SIMPLE_INSTRUMENT;EFP_FIN;EUR;71;130.97000000;154;EXCHANGE_LAST;;1;1;XEUR;11820389;688;
15.04.2025;10:00:36.249;FGBL SI 20250606 PS;SIMPLE_INSTRUMENT;EFS;EUR;72;130.99000000;428;EXCHANGE_LAST;;1;1;XEUR;11820389;688;
15.04.2025;10:01:28.930;FGBL SI 20250606 PS;SIMPLE_INSTRUMENT;EFS;EUR;73;130.95000000;429;EXCHANGE_LAST;;1;1;XEUR;11820389;688;
15.04.2025;10:02:09.146;FGBL SI 20250606 PS;SIMPLE_INSTRUMENT;EFS;EUR;74;130.96000000;480;EXCHANGE_LAST;;1;1;XEUR;11820389;688;
15.04.2025;10:02:55.426;FGBL SI 20250606 PS;SIMPLE_INSTRUMENT;EFS;EUR;75;130.98000000;214;EXCHANGE_LAST;;1;1;XEUR;11820389;688;
15.04.2025;10:04:46.580;FGBL SI 20250606 PS;SIMPLE_INSTRUMENT;EFS;EUR;76;130.98000000;171;EXCHANGE_LAST;;1;1;XEUR;11820389;688;
15.04.2025;10:06:35.985;FGBL SI 20250606 PS;SIMPLE_INSTRUMENT;EFS;EUR;77;130.94000000;428;EXCHANGE_LAST;;1;1;XEUR;11820389;688;
15.04.2025;10:07:33.289;FGBL SI 20250606 PS;SIMPLE_INSTRUMENT;EFS;EUR;78;130.90000000;428;EXCHANGE_LAST;;1;1;XEUR;11820389;688;
15.04.2025;10:09:16.755;FGBL SI 20250606 PS;SIMPLE_INSTRUMENT;EFS;EUR;79;130.91000000;480;EXCHANGE_LAST;;1;1;XEUR;11820389;688;
15.04.2025;10:10:53.989;FGBL SI 20250606 PS;SIMPLE_INSTRUMENT;EFS;EUR;80;130.87000000;214;EXCHANGE_LAST;;1;1;XEUR;11820389;688;
15.04.2025;10:11:53.080;FGBL SI 20250606 PS;SIMPLE_INSTRUMENT;EFS;EUR;81;130.89000000;857;EXCHANGE_LAST;;1;1;XEUR;11820389;688;
15.04.2025;10:12:46.043;FGBL SI 20250606 PS;SIMPLE_INSTRUMENT;EFS;EUR;82;131.27000000;431;EXCHANGE_LAST;;1;1;XEUR;11820389;688;
15.04.2025;10:13:22.611;FGBL SI 20250606 PS;SIMPLE_INSTRUMENT;EFS;EUR;83;130.88000000;428;EXCHANGE_LAST;;1;1;XEUR;11820389;688;
15.04.2025;10:15:22.888;FGBL SI 20250606 PS;SIMPLE_INSTRUMENT;EFS;EUR;84;130.91000000;1468;EXCHANGE_LAST;;1;1;XEUR;11820389;688;
15.04.2025;10:16:10.780;FGBL SI 20250606 PS;SIMPLE_INSTRUMENT;EFP_FIN;EUR;85;131.23000000;238;EXCHANGE_LAST;;1;1;XEUR;11820389;688;
15.04.2025;10:19:40.135;FGBL SI 20250606 PS;SIMPLE_INSTRUMENT;EFS;EUR;86;130.90000000;480;EXCHANGE_LAST;;1;1;XEUR;11820389;688;
15.04.2025;10:20:45.999;FGBL SI 20250606 PS;SIMPLE_INSTRUMENT;EFS;EUR;87;130.92000000;428;EXCHANGE_LAST;;1;1;XEUR;11820389;688;
15.04.2025;10:21:20.748;FGBL SI 20250606 PS;SIMPLE_INSTRUMENT;EFS;EUR;88;130.92000000;214;EXCHANGE_LAST;;1;1;XEUR;11820389;688;
15.04.2025;10:22:04.863;FGBL SI 20250606 PS;SIMPLE_INSTRUMENT;EFS;EUR;89;130.91000000;428;EXCHANGE_LAST;;1;1;XEUR;11820389;688;
15.04.2025;10:23:19.292;FGBL SI 20250606 PS;SIMPLE_INSTRUMENT;EFS;EUR;90;130.92000000;480;EXCHANGE_LAST;;1;1;XEUR;11820389;688;
15.04.2025;10:26:10.389;FGBL SI 20250606 PS;SIMPLE_INSTRUMENT;EFS;EUR;91;130.92000000;214;EXCHANGE_LAST;;1;1;XEUR;11820389;688;
15.04.2025;10:29:40.315;FGBL SI 20250606 PS;SIMPLE_INSTRUMENT;EFP_FIN;EUR;92;130.93000000;296;EXCHANGE_LAST;;1;1;XEUR;11820389;688;
15.04.2025;10:28:14.443;FGBL SI 20250606 PS;SIMPLE_INSTRUMENT;EFP_FIN;EUR;93;130.93000000;283;EXCHANGE_LAST;;1;1;XEUR;11820389;688;
15.04.2025;10:31:51.939;FGBL SI 20250606 PS;SIMPLE_INSTRUMENT;EFS;EUR;94;130.93000000;345;EXCHANGE_LAST;;1;1;XEUR;11820389;688;
15.04.2025;10:32:08.174;FGBL SI 20250606 PS;SIMPLE_INSTRUMENT;EFS;EUR;95;130.92000000;734;EXCHANGE_LAST;;1;1;XEUR;11820389;688;
15.04.2025;10:35:23.001;FGBL SI 20250606 PS;SIMPLE_INSTRUMENT;EFS;EUR;96;130.93000000;216;EXCHANGE_LAST;;1;1;XEUR;11820389;688;
15.04.2025;10:37:53.997;FGBL SI 20250606 PS;SIMPLE_INSTRUMENT;EFS;EUR;97;130.87000000;429;EXCHANGE_LAST;;1;1;XEUR;11820389;688;
15.04.2025;10:41:33.575;FGBL SI 20250606 PS;SIMPLE_INSTRUMENT;EFS;EUR;98;130.86000000;429;EXCHANGE_LAST;;1;1;XEUR;11820389;688;
15.04.2025;10:49:00.224;FGBL SI 20250606 PS;SIMPLE_INSTRUMENT;EFS;EUR;99;130.86000000;432;EXCHANGE_LAST;;1;1;XEUR;11820389;688;
15.04.2025;10:58:33.585;FGBL SI 20250606 PS;SIMPLE_INSTRUMENT;EFS;EUR;100;130.78000000;429;EXCHANGE_LAST;;1;1;XEUR;11820389;688;
15.04.2025;10:59:16.757;FGBL SI 20250606 PS;SIMPLE_INSTRUMENT;EFS;EUR;101;130.78000000;429;EXCHANGE_LAST;;1;1;XEUR;11820389;688;
15.04.2025;10:59:57.262;FGBL SI 20250606 PS;SIMPLE_INSTRUMENT;EFS;EUR;102;130.79000000;214;EXCHANGE_LAST;;1;1;XEUR;11820389;688;
15.04.2025;11:00:12.162;FGBL SI 20250606 PS;SIMPLE_INSTRUMENT;EFS;EUR;103;130.79000000;214;EXCHANGE_LAST;;1;1;XEUR;11820389;688;
15.04.2025;11:02:21.585;FGBL SI 20250606 PS;SIMPLE_INSTRUMENT;EFP_FIN;EUR;104;130.87000000;124;EXCHANGE_LAST;;1;1;XEUR;11820389;688;
15.04.2025;11:02:27.414;FGBL SI 20250606 PS;SIMPLE_INSTRUMENT;EFP_FIN;EUR;105;130.80000000;193;EXCHANGE_LAST;;1;1;XEUR;11820389;688;
15.04.2025;11:13:53.540;FGBL SI 20250606 PS;SIMPLE_INSTRUMENT;EFS;EUR;106;130.82000000;439;EXCHANGE_LAST;;1;1;XEUR;11820389;688;
15.04.2025;11:27:49.469;FGBL SI 20250606 PS;SIMPLE_INSTRUMENT;EFS;EUR;107;130.85000000;429;EXCHANGE_LAST;;1;1;XEUR;11820389;688;
15.04.2025;11:28:14.490;FGBL SI 20250606 PS;SIMPLE_INSTRUMENT;EFS;EUR;108;130.88000000;429;EXCHANGE_LAST;;1;1;XEUR;11820389;688;
15.04.2025;11:35:25.799;FGBL SI 20250606 PS;SIMPLE_INSTRUMENT;EFS;EUR;109;130.83000000;429;EXCHANGE_LAST;;1;1;XEUR;11820389;688;
15.04.2025;11:38:25.935;FGBL SI 20250606 PS;SIMPLE_INSTRUMENT;EFS;EUR;110;130.84000000;429;EXCHANGE_LAST;;1;1;XEUR;11820389;688;
15.04.2025;11:38:47.174;FGBL SI 20250606 PS;SIMPLE_INSTRUMENT;EFS;EUR;111;130.90000000;489;EXCHANGE_LAST;;1;1;XEUR;11820389;688;
15.04.2025;11:39:38.365;FGBL SI 20250606 PS;SIMPLE_INSTRUMENT;EFS;EUR;112;130.86000000;851;EXCHANGE_LAST;;1;1;XEUR;11820389;688;
15.04.2025;11:42:10.339;FGBL SI 20250606 PS;SIMPLE_INSTRUMENT;EFS;EUR;113;130.82000000;344;EXCHANGE_LAST;;1;1;XEUR;11820389;688;
15.04.2025;11:43:30.151;FGBL SI 20250606 PS;SIMPLE_INSTRUMENT;EFS;EUR;114;130.83000000;1468;EXCHANGE_LAST;;1;1;XEUR;11820389;688;
15.04.2025;11:48:09.965;FGBL SI 20250606 PS;SIMPLE_INSTRUMENT;EFS;EUR;115;130.85000000;429;EXCHANGE_LAST;;1;1;XEUR;11820389;688;
15.04.2025;11:48:44.297;FGBL SI 20250606 PS;SIMPLE_INSTRUMENT;EFS;EUR;116;130.84000000;429;EXCHANGE_LAST;;1;1;XEUR;11820389;688;
15.04.2025;11:50:58.073;FGBL SI 20250606 PS;SIMPLE_INSTRUMENT;EFS;EUR;117;130.87000000;866;EXCHANGE_LAST;;1;1;XEUR;11820389;688;
15.04.2025;11:51:04.159;FGBL SI 20250606 PS;SIMPLE_INSTRUMENT;EFS;EUR;118;130.85000000;340;EXCHANGE_LAST;;1;1;XEUR;11820389;688;
15.04.2025;11:53:53.608;FGBL SI 20250606 PS;SIMPLE_INSTRUMENT;EFP_FIN;EUR;119;130.91000000;145;EXCHANGE_LAST;;1;1;XEUR;11820389;688;
15.04.2025;11:54:46.879;FGBL SI 20250606 PS;SIMPLE_INSTRUMENT;EFS;EUR;120;130.91000000;865;EXCHANGE_LAST;;1;1;XEUR;11820389;688;
15.04.2025;11:56:00.751;FGBL SI 20250606 PS;SIMPLE_INSTRUMENT;EFS;EUR;121;130.85000000;216;EXCHANGE_LAST;;1;1;XEUR;11820389;688;
15.04.2025;11:56:20.103;FGBL SI 20250606 PS;SIMPLE_INSTRUMENT;EFP_FIN;EUR;122;130.84000000;50;EXCHANGE_LAST;;1;1;XEUR;11820389;688;
15.04.2025;12:02:04.896;FGBL SI 20250606 PS;SIMPLE_INSTRUMENT;EFS;EUR;123;130.95000000;429;EXCHANGE_LAST;;1;1;XEUR;11820389;688;
15.04.2025;12:06:15.060;FGBL SI 20250606 PS;SIMPLE_INSTRUMENT;EFS;EUR;124;130.95000000;429;EXCHANGE_LAST;;1;1;XEUR;11820389;688;
15.04.2025;12:14:28.242;FGBL SI 20250606 PS;SIMPLE_INSTRUMENT;EFS;EUR;125;130.94000000;735;EXCHANGE_LAST;;1;1;XEUR;11820389;688;
15.04.2025;12:30:22.244;FGBL SI 20250606 PS;SIMPLE_INSTRUMENT;EFS;EUR;126;130.93000000;428;EXCHANGE_LAST;;1;1;XEUR;11820389;688;
15.04.2025;12:30:47.071;FGBL SI 20250606 PS;SIMPLE_INSTRUMENT;EFS;EUR;127;130.94000000;428;EXCHANGE_LAST;;1;1;XEUR;11820389;688;
15.04.2025;12:33:16.350;FGBL SI 20250606 PS;SIMPLE_INSTRUMENT;EFS;EUR;128;130.99000000;214;EXCHANGE_LAST;;1;1;XEUR;11820389;688;
15.04.2025;12:34:38.199;FGBL SI 20250606 PS;SIMPLE_INSTRUMENT;EFS;EUR;129;130.99000000;428;EXCHANGE_LAST;;1;1;XEUR;11820389;688;
15.04.2025;12:35:44.717;FGBL SI 20250606 PS;SIMPLE_INSTRUMENT;EFS;EUR;130;130.99000000;428;EXCHANGE_LAST;;1;1;XEUR;11820389;688;
15.04.2025;12:38:54.133;FGBL SI 20250606 PS;SIMPLE_INSTRUMENT;EFP_FIN;EUR;131;130.88000000;851;EXCHANGE_LAST;;1;1;XEUR;11820389;688;
15.04.2025;12:40:15.318;FGBL SI 20250606 PS;SIMPLE_INSTRUMENT;EFS;EUR;132;130.98000000;216;EXCHANGE_LAST;;1;1;XEUR;11820389;688;
15.04.2025;12:41:20.433;FGBL SI 20250606 PS;SIMPLE_INSTRUMENT;EFS;EUR;133;131.00000000;1467;EXCHANGE_LAST;;1;1;XEUR;11820389;688;
15.04.2025;12:41:54.523;FGBL SI 20250606 PS;SIMPLE_INSTRUMENT;EFS;EUR;134;131.00000000;128;EXCHANGE_LAST;;1;1;XEUR;11820389;688;
15.04.2025;12:49:27.022;FGBL SI 20250606 PS;SIMPLE_INSTRUMENT;EFP_FIN;EUR;135;130.96000000;77;EXCHANGE_LAST;;1;1;XEUR;11820389;688;
15.04.2025;12:54:32.118;FGBL SI 20250606 PS;SIMPLE_INSTRUMENT;EFP_FIN;EUR;136;130.95000000;138;EXCHANGE_LAST;;1;1;XEUR;11820389;688;
15.04.2025;12:55:59.370;FGBL SI 20250606 PS;SIMPLE_INSTRUMENT;EFS;EUR;137;130.88000000;1209;EXCHANGE_LAST;;1;1;XEUR;11820389;688;
15.04.2025;13:03:03.213;FGBL SI 20250606 PS;SIMPLE_INSTRUMENT;EFS;EUR;138;130.99000000;679;EXCHANGE_LAST;;1;1;XEUR;11820389;688;
15.04.2025;13:07:00.126;FGBL SI 20250606 PS;SIMPLE_INSTRUMENT;EFP_FIN;EUR;139;131.33000000;188;EXCHANGE_LAST;;1;1;XEUR;11820389;688;
15.04.2025;13:08:40.630;FGBL SI 20250606 PS;SIMPLE_INSTRUMENT;EFS;EUR;140;130.80000000;215;EXCHANGE_LAST;;1;1;XEUR;11820389;688;
15.04.2025;13:09:26.039;FGBL SI 20250606 PS;SIMPLE_INSTRUMENT;EFP_FIN;EUR;141;131.00000000;340;EXCHANGE_LAST;;1;1;XEUR;11820389;688;
15.04.2025;13:11:47.950;FGBL SI 20250606 PS;SIMPLE_INSTRUMENT;EFP_FIN;EUR;142;131.29000000;53;EXCHANGE_LAST;;1;1;XEUR;11820389;688;
15.04.2025;13:13:11.785;FGBL SI 20250606 PS;SIMPLE_INSTRUMENT;EFS;EUR;143;130.81000000;429;EXCHANGE_LAST;;1;1;XEUR;11820389;688;
15.04.2025;13:14:54.864;FGBL SI 20250606 PS;SIMPLE_INSTRUMENT;EFP_FIN;EUR;144;130.78000000;216;EXCHANGE_LAST;;1;1;XEUR;11820389;688;
15.04.2025;13:25:08.318;FGBL SI 20250606 PS;SIMPLE_INSTRUMENT;EFS;EUR;145;130.90000000;429;EXCHANGE_LAST;;1;1;XEUR;11820389;688;
15.04.2025;13:25:43.346;FGBL SI 20250606 PS;SIMPLE_INSTRUMENT;EFS;EUR;146;130.90000000;429;EXCHANGE_LAST;;1;1;XEUR;11820389;688;
15.04.2025;13:28:29.217;FGBL SI 20250606 PS;SIMPLE_INSTRUMENT;EFS;EUR;147;130.80000000;429;EXCHANGE_LAST;;1;1;XEUR;11820389;688;
15.04.2025;13:29:39.582;FGBL SI 20250606 PS;SIMPLE_INSTRUMENT;EFS;EUR;148;130.80000000;429;EXCHANGE_LAST;;1;1;XEUR;11820389;688;
15.04.2025;13:32:10.567;FGBL SI 20250606 PS;SIMPLE_INSTRUMENT;EFS;EUR;150;130.81000000;429;EXCHANGE_LAST;;1;1;XEUR;11820389;688;
15.04.2025;13:33:23.684;FGBL SI 20250606 PS;SIMPLE_INSTRUMENT;EFS;EUR;151;130.95000000;429;EXCHANGE_LAST;;1;1;XEUR;11820389;688;
15.04.2025;13:36:35.637;FGBL SI 20250606 PS;SIMPLE_INSTRUMENT;EFS;EUR;152;130.90000000;193;EXCHANGE_LAST;;1;1;XEUR;11820389;688;
15.04.2025;13:38:30.080;FGBL SI 20250606 PS;SIMPLE_INSTRUMENT;EFS;EUR;153;130.95000000;428;EXCHANGE_LAST;;1;1;XEUR;11820389;688;
15.04.2025;13:41:40.072;FGBL SI 20250606 PS;SIMPLE_INSTRUMENT;EFS;EUR;154;130.96000000;429;EXCHANGE_LAST;;1;1;XEUR;11820389;688;
15.04.2025;13:41:42.498;FGBL SI 20250606 PS;SIMPLE_INSTRUMENT;EFS;EUR;155;130.97000000;214;EXCHANGE_LAST;;1;1;XEUR;11820389;688;
15.04.2025;13:42:23.130;FGBL SI 20250606 PS;SIMPLE_INSTRUMENT;EFS;EUR;156;130.97000000;214;EXCHANGE_LAST;;1;1;XEUR;11820389;688;
15.04.2025;13:43:05.139;FGBL SI 20250606 PS;SIMPLE_INSTRUMENT;EFS;EUR;157;130.98000000;214;EXCHANGE_LAST;;1;1;XEUR;11820389;688;
15.04.2025;13:48:09.025;FGBL SI 20250606 PS;SIMPLE_INSTRUMENT;EFS;EUR;158;130.90000000;231;EXCHANGE_LAST;;1;1;XEUR;11820389;688;
15.04.2025;13:48:30.519;FGBL SI 20250606 PS;SIMPLE_INSTRUMENT;EFS;EUR;159;130.91000000;231;EXCHANGE_LAST;;1;1;XEUR;11820389;688;
15.04.2025;13:49:51.833;FGBL SI 20250606 PS;SIMPLE_INSTRUMENT;EFS;EUR;160;130.96000000;428;EXCHANGE_LAST;;1;1;XEUR;11820389;688;
15.04.2025;13:55:04.886;FGBL SI 20250606 PS;SIMPLE_INSTRUMENT;EFS;EUR;161;130.98000000;428;EXCHANGE_LAST;;1;1;XEUR;11820389;688;
15.04.2025;13:57:26.262;FGBL SI 20250606 PS;SIMPLE_INSTRUMENT;EFS;EUR;162;131.00000000;1957;EXCHANGE_LAST;;1;1;XEUR;11820389;688;
15.04.2025;13:57:55.177;FGBL SI 20250606 PS;SIMPLE_INSTRUMENT;EFP_FIN;EUR;163;130.93000000;215;EXCHANGE_LAST;;1;1;XEUR;11820389;688;
15.04.2025;13:59:36.097;FGBL SI 20250606 PS;SIMPLE_INSTRUMENT;EFS;EUR;164;130.93000000;147;EXCHANGE_LAST;;1;1;XEUR;11820389;688;
15.04.2025;14:03:23.818;FGBL SI 20250606 PS;SIMPLE_INSTRUMENT;EFS;EUR;165;130.89000000;433;EXCHANGE_LAST;;1;1;XEUR;11820389;688;
15.04.2025;14:07:02.884;FGBL SI 20250606 PS;SIMPLE_INSTRUMENT;EFS;EUR;166;130.88000000;429;EXCHANGE_LAST;;1;1;XEUR;11820389;688;
15.04.2025;14:08:58.078;FGBL SI 20250606 PS;SIMPLE_INSTRUMENT;EFS;EUR;167;130.87000000;214;EXCHANGE_LAST;;1;1;XEUR;11820389;688;
15.04.2025;14:09:33.117;FGBL SI 20250606 PS;SIMPLE_INSTRUMENT;EFS;EUR;168;130.87000000;214;EXCHANGE_LAST;;1;1;XEUR;11820389;688;
15.04.2025;14:15:15.314;FGBL SI 20250606 PS;SIMPLE_INSTRUMENT;EFS;EUR;169;130.83000000;1960;EXCHANGE_LAST;;1;1;XEUR;11820389;688;
15.04.2025;14:15:34.612;FGBL SI 20250606 PS;SIMPLE_INSTRUMENT;EFS;EUR;170;130.83000000;215;EXCHANGE_LAST;;1;1;XEUR;11820389;688;
15.04.2025;14:22:13.500;FGBL SI 20250606 PS;SIMPLE_INSTRUMENT;EFS;EUR;171;130.82000000;858;EXCHANGE_LAST;;1;1;XEUR;11820389;688;
15.04.2025;14:26:33.648;FGBL SI 20250606 PS;SIMPLE_INSTRUMENT;EFS;EUR;172;130.78000000;1470;EXCHANGE_LAST;;1;1;XEUR;11820389;688;
15.04.2025;14:27:24.201;FGBL SI 20250606 PS;SIMPLE_INSTRUMENT;EFS;EUR;173;130.97000000;428;EXCHANGE_LAST;;1;1;XEUR;11820389;688;
15.04.2025;14:28:24.614;FGBL SI 20250606 PS;SIMPLE_INSTRUMENT;EFS;EUR;174;130.97000000;428;EXCHANGE_LAST;;1;1;XEUR;11820389;688;
15.04.2025;14:29:15.601;FGBL SI 20250606 PS;SIMPLE_INSTRUMENT;EFS;EUR;175;130.93000000;147;EXCHANGE_LAST;;1;1;XEUR;11820389;688;
15.04.2025;14:31:26.464;FGBL SI 20250606 PS;SIMPLE_INSTRUMENT;EFS;EUR;176;130.88000000;245;EXCHANGE_LAST;;1;1;XEUR;11820389;688;
15.04.2025;14:34:31.976;FGBL SI 20250606 PS;SIMPLE_INSTRUMENT;EFS;EUR;177;130.95000000;218;EXCHANGE_LAST;;1;1;XEUR;11820389;688;
15.04.2025;14:44:40.827;FGBL SI 20250606 PS;SIMPLE_INSTRUMENT;EFS;EUR;178;130.90000000;429;EXCHANGE_LAST;;1;1;XEUR;11820389;688;
15.04.2025;14:55:14.806;FGBL SI 20250606 PS;SIMPLE_INSTRUMENT;EFS;EUR;179;130.92000000;520;EXCHANGE_LAST;;1;1;XEUR;11820389;688;
15.04.2025;15:15:18.219;FGBL SI 20250606 PS;SIMPLE_INSTRUMENT;EFS;EUR;180;130.83000000;429;EXCHANGE_LAST;;1;1;XEUR;11820389;688;
15.04.2025;15:15:57.021;FGBL SI 20250606 PS;SIMPLE_INSTRUMENT;EFS;EUR;181;130.85000000;433;EXCHANGE_LAST;;1;1;XEUR;11820389;688;
15.04.2025;15:18:21.783;FGBL SI 20250606 PS;SIMPLE_INSTRUMENT;EFS;EUR;182;130.88000000;858;EXCHANGE_LAST;;1;1;XEUR;11820389;688;
15.04.2025;15:19:43.936;FGBL SI 20250606 PS;SIMPLE_INSTRUMENT;EFS;EUR;183;130.84000000;429;EXCHANGE_LAST;;1;1;XEUR;11820389;688;
15.04.2025;15:20:06.577;FGBL SI 20250606 PS;SIMPLE_INSTRUMENT;EFS;EUR;184;130.83000000;230;EXCHANGE_LAST;;1;1;XEUR;11820389;688;
15.04.2025;15:20:38.348;FGBL SI 20250606 PS;SIMPLE_INSTRUMENT;EFS;EUR;185;130.87000000;429;EXCHANGE_LAST;;1;1;XEUR;11820389;688;
15.04.2025;15:21:28.847;FGBL SI 20250606 PS;SIMPLE_INSTRUMENT;EFS;EUR;186;130.86000000;215;EXCHANGE_LAST;;1;1;XEUR;11820389;688;
15.04.2025;15:22:17.453;FGBL SI 20250606 PS;SIMPLE_INSTRUMENT;EFS;EUR;187;130.84000000;429;EXCHANGE_LAST;;1;1;XEUR;11820389;688;
15.04.2025;15:24:15.024;FGBL SI 20250606 PS;SIMPLE_INSTRUMENT;EFS;EUR;188;130.87000000;257;EXCHANGE_LAST;;1;1;XEUR;11820389;688;
15.04.2025;15:26:34.051;FGBL SI 20250606 PS;SIMPLE_INSTRUMENT;EFS;EUR;189;130.89000000;1500;EXCHANGE_LAST;;1;1;XEUR;11820389;688;
15.04.2025;15:27:40.963;FGBL SI 20250606 PS;SIMPLE_INSTRUMENT;EFS;EUR;190;130.85000000;171;EXCHANGE_LAST;;1;1;XEUR;11820389;688;
15.04.2025;15:31:13.650;FGBL SI 20250606 PS;SIMPLE_INSTRUMENT;EFS;EUR;191;130.85000000;429;EXCHANGE_LAST;;1;1;XEUR;11820389;688;
15.04.2025;15:32:29.848;FGBL SI 20250606 PS;SIMPLE_INSTRUMENT;EFS;EUR;192;130.84000000;1959;EXCHANGE_LAST;;1;1;XEUR;11820389;688;
15.04.2025;15:34:38.442;FGBL SI 20250606 PS;SIMPLE_INSTRUMENT;EFS;EUR;193;130.85000000;429;EXCHANGE_LAST;;1;1;XEUR;11820389;688;
15.04.2025;15:42:23.804;FGBL SI 20250606 PS;SIMPLE_INSTRUMENT;EFP_FIN;EUR;194;130.86000000;159;EXCHANGE_LAST;;1;1;XEUR;11820389;688;
15.04.2025;15:44:26.751;FGBL SI 20250606 PS;SIMPLE_INSTRUMENT;EFS;EUR;195;130.85000000;429;EXCHANGE_LAST;;1;1;XEUR;11820389;688;
15.04.2025;15:45:07.633;FGBL SI 20250606 PS;SIMPLE_INSTRUMENT;EFS;EUR;196;130.85000000;858;EXCHANGE_LAST;;1;1;XEUR;11820389;688;
15.04.2025;16:02:10.888;FGBL SI 20250606 PS;SIMPLE_INSTRUMENT;EFS;EUR;197;130.94000000;428;EXCHANGE_LAST;;1;1;XEUR;11820389;688;
15.04.2025;16:19:17.116;FGBL SI 20250606 PS;SIMPLE_INSTRUMENT;EFS;EUR;198;130.94000000;400;EXCHANGE_LAST;;1;1;XEUR;11820389;688;
15.04.2025;17:15:51.131;FGBL SI 20250606 PS;SIMPLE_INSTRUMENT;EFS;EUR;199;130.78000000;1;EXCHANGE_LAST;;1;1;XEUR;11820389;688;
15.04.2025;06:12:08.335;FGBL SI 20250606 PS;SIMPLE_INSTRUMENT;VOLA;EUR;268435461;131.08000000;390;EXCHANGE_LAST;;1;1;XEUR;11820389;688;
15.04.2025;06:12:41.075;FGBL SI 20250606 PS;SIMPLE_INSTRUMENT;VOLA;EUR;268435462;131.08000000;130;EXCHANGE_LAST;;1;1;XEUR;11820389;688;
15.04.2025;07:57:39.306;FGBL SI 20250606 PS;SIMPLE_INSTRUMENT;VOLA;EUR;268435474;131.25000000;110;EXCHANGE_LAST;;1;1;XEUR;11820389;688;
15.04.2025;08:08:58.404;FGBL SI 20250606 PS;SIMPLE_INSTRUMENT;VOLA;EUR;268435478;131.20000000;138;EXCHANGE_LAST;;1;1;XEUR;11820389;688;
15.04.2025;08:12:26.435;FGBL SI 20250606 PS;SIMPLE_INSTRUMENT;VOLA;EUR;268435486;131.20000000;20;EXCHANGE_LAST;;1;1;XEUR;11820389;688;
15.04.2025;08:13:30.444;FGBL SI 20250606 PS;SIMPLE_INSTRUMENT;VOLA;EUR;268435487;131.20000000;18;EXCHANGE_LAST;;1;1;XEUR;11820389;688;
15.04.2025;08:16:23.467;FGBL SI 20250606 PS;SIMPLE_INSTRUMENT;VOLA;EUR;268435490;131.20000000;35;EXCHANGE_LAST;;1;1;XEUR;11820389;688;
15.04.2025;08:30:01.142;FGBL SI 20250606 PS;SIMPLE_INSTRUMENT;VOLA;EUR;268435495;131.29000000;26;EXCHANGE_LAST;;1;1;XEUR;11820389;688;
15.04.2025;09:30:47.354;FGBL SI 20250606 PS;SIMPLE_INSTRUMENT;VOLA;EUR;268435510;131.24000000;35;EXCHANGE_LAST;;1;1;XEUR;11820389;688;
15.04.2025;10:47:54.931;FGBL SI 20250606 PS;SIMPLE_INSTRUMENT;VOLA;EUR;268435531;130.88000000;15;EXCHANGE_LAST;;1;1;XEUR;11820389;688;
15.04.2025;10:49:08.942;FGBL SI 20250606 PS;SIMPLE_INSTRUMENT;VOLA;EUR;268435532;131.20000000;18;EXCHANGE_LAST;;1;1;XEUR;11820389;688;
15.04.2025;11:38:43.906;FGBL SI 20250606 PS;SIMPLE_INSTRUMENT;VOLA;EUR;268435541;130.79000000;33;EXCHANGE_LAST;;1;1;XEUR;11820389;688;
15.04.2025;11:39:17.916;FGBL SI 20250606 PS;SIMPLE_INSTRUMENT;VOLA;EUR;268435542;130.79000000;32;EXCHANGE_LAST;;1;1;XEUR;11820389;688;
15.04.2025;11:49:14.046;FGBL SI 20250606 PS;SIMPLE_INSTRUMENT;VOLA;EUR;268435546;130.86000000;145;EXCHANGE_LAST;;1;1;XEUR;11820389;688;
15.04.2025;12:25:14.001;FGBL SI 20250606 PS;SIMPLE_INSTRUMENT;VOLA;EUR;268435555;130.90000000;1430;EXCHANGE_LAST;;1;1;XEUR;11820389;688;
15.04.2025;12:25:27.002;FGBL SI 20250606 PS;SIMPLE_INSTRUMENT;VOLA;EUR;268435556;130.90000000;90;EXCHANGE_LAST;;1;1;XEUR;11820389;688;
15.04.2025;14:01:33.253;FGBL SI 20250606 PS;SIMPLE_INSTRUMENT;VOLA;EUR;268435573;130.92000000;30;EXCHANGE_LAST;;1;1;XEUR;11820389;688;
15.04.2025;14:04:11.282;FGBL SI 20250606 PS;SIMPLE_INSTRUMENT;VOLA;EUR;268435575;130.92000000;30;EXCHANGE_LAST;;1;1;XEUR;11820389;688;
15.04.2025;14:13:44.408;FGBL SI 20250606 PS;SIMPLE_INSTRUMENT;VOLA;EUR;268435581;130.90000000;58;EXCHANGE_LAST;;1;1;XEUR;11820389;688;
15.04.2025;14:14:22.414;FGBL SI 20250606 PS;SIMPLE_INSTRUMENT;VOLA;EUR;268435582;130.90000000;57;EXCHANGE_LAST;;1;1;XEUR;11820389;688;
15.04.2025;15:12:21.562;FGBL SI 20250606 PS;SIMPLE_INSTRUMENT;VOLA;EUR;268435589;130.88000000;20;EXCHANGE_LAST;;1;1;XEUR;11820389;688;
15.04.2025;06:40:08.430;FGBM SI 20250606 PS;SIMPLE_INSTRUMENT;EFS;EUR;1;119.22000000;796;EXCHANGE_LAST;;1;1;XEUR;11820390;689;
15.04.2025;06:42:09.018;FGBM SI 20250606 PS;SIMPLE_INSTRUMENT;EFS;EUR;2;119.24000000;460;EXCHANGE_LAST;;1;1;XEUR;11820390;689;
15.04.2025;07:00:34.369;FGBM SI 20250606 PS;SIMPLE_INSTRUMENT;EFS;EUR;3;119.24000000;406;EXCHANGE_LAST;;1;1;XEUR;11820390;689;
15.04.2025;07:01:24.323;FGBM SI 20250606 PS;SIMPLE_INSTRUMENT;EFP_FIN;EUR;4;119.24000000;213;EXCHANGE_LAST;;1;1;XEUR;11820390;689;
15.04.2025;07:14:26.505;FGBM SI 20250606 PS;SIMPLE_INSTRUMENT;EFS;EUR;5;119.21000000;422;EXCHANGE_LAST;;1;1;XEUR;11820390;689;
15.04.2025;07:15:50.839;FGBM SI 20250606 PS;SIMPLE_INSTRUMENT;EFS;EUR;6;119.21000000;422;EXCHANGE_LAST;;1;1;XEUR;11820390;689;
15.04.2025;07:23:01.633;FGBM SI 20250606 PS;SIMPLE_INSTRUMENT;EFS;EUR;7;119.25000000;813;EXCHANGE_LAST;;1;1;XEUR;11820390;689;
15.04.2025;07:23:09.228;FGBM SI 20250606 PS;SIMPLE_INSTRUMENT;EFP_FIN;EUR;8;119.21000000;1065;EXCHANGE_LAST;;1;1;XEUR;11820390;689;
15.04.2025;07:27:17.627;FGBM SI 20250606 PS;SIMPLE_INSTRUMENT;EFP_FIN;EUR;9;119.24000000;341;EXCHANGE_LAST;;1;1;XEUR;11820390;689;
15.04.2025;07:37:20.540;FGBM SI 20250606 PS;SIMPLE_INSTRUMENT;EFP_FIN;EUR;10;119.20000000;852;EXCHANGE_LAST;;1;1;XEUR;11820390;689;
15.04.2025;07:38:41.442;FGBM SI 20250606 PS;SIMPLE_INSTRUMENT;EFS;EUR;11;119.21000000;1381;EXCHANGE_LAST;;1;1;XEUR;11820390;689;
15.04.2025;07:41:12.006;FGBM SI 20250606 PS;SIMPLE_INSTRUMENT;EFP_FIN;EUR;12;119.18000000;213;EXCHANGE_LAST;;1;1;XEUR;11820390;689;
15.04.2025;07:45:19.424;FGBM SI 20250606 PS;SIMPLE_INSTRUMENT;EFP_FIN;EUR;13;119.18000000;273;EXCHANGE_LAST;;1;1;XEUR;11820390;689;
15.04.2025;08:09:38.767;FGBM SI 20250606 PS;SIMPLE_INSTRUMENT;EFS;EUR;14;119.24000000;811;EXCHANGE_LAST;;1;1;XEUR;11820390;689;
15.04.2025;08:10:10.770;FGBM SI 20250606 PS;SIMPLE_INSTRUMENT;EFS;EUR;15;119.24000000;811;EXCHANGE_LAST;;1;1;XEUR;11820390;689;
15.04.2025;08:15:55.510;FGBM SI 20250606 PS;SIMPLE_INSTRUMENT;EFS;EUR;16;119.25000000;405;EXCHANGE_LAST;;1;1;XEUR;11820390;689;
15.04.2025;08:19:02.567;FGBM SI 20250606 PS;SIMPLE_INSTRUMENT;EFP_FIN;EUR;17;119.25000000;852;EXCHANGE_LAST;;1;1;XEUR;11820390;689;
15.04.2025;08:25:02.611;FGBM SI 20250606 PS;SIMPLE_INSTRUMENT;EFP_FIN;EUR;18;119.22000000;682;EXCHANGE_LAST;;1;1;XEUR;11820390;689;
15.04.2025;08:30:36.202;FGBM SI 20250606 PS;SIMPLE_INSTRUMENT;EFP_FIN;EUR;19;119.25000000;126;EXCHANGE_LAST;;1;1;XEUR;11820390;689;
15.04.2025;08:31:11.956;FGBM SI 20250606 PS;SIMPLE_INSTRUMENT;EFS;EUR;20;119.27000000;1215;EXCHANGE_LAST;;1;1;XEUR;11820390;689;
15.04.2025;08:35:51.617;FGBM SI 20250606 PS;SIMPLE_INSTRUMENT;EFP_FIN;EUR;22;119.27000000;59;EXCHANGE_LAST;;1;1;XEUR;11820390;689;
15.04.2025;08:36:25.969;FGBM SI 20250606 PS;SIMPLE_INSTRUMENT;EFP_FIN;EUR;23;119.27000000;77;EXCHANGE_LAST;;1;1;XEUR;11820390;689;
15.04.2025;08:42:08.859;FGBM SI 20250606 PS;SIMPLE_INSTRUMENT;EFS;EUR;24;119.25000000;460;EXCHANGE_LAST;;1;1;XEUR;11820390;689;
15.04.2025;08:45:21.639;FGBM SI 20250606 PS;SIMPLE_INSTRUMENT;EFS;EUR;25;119.23000000;846;EXCHANGE_LAST;;1;1;XEUR;11820390;689;
15.04.2025;08:46:38.849;FGBM SI 20250606 PS;SIMPLE_INSTRUMENT;EFS;EUR;26;119.26000000;405;EXCHANGE_LAST;;1;1;XEUR;11820390;689;
15.04.2025;08:53:29.031;FGBM SI 20250606 PS;SIMPLE_INSTRUMENT;EFP_FIN;EUR;27;119.24000000;419;EXCHANGE_LAST;;1;1;XEUR;11820390;689;
15.04.2025;08:53:38.016;FGBM SI 20250606 PS;SIMPLE_INSTRUMENT;EFS;EUR;28;119.27000000;846;EXCHANGE_LAST;;1;1;XEUR;11820390;689;
15.04.2025;08:53:38.061;FGBM SI 20250606 PS;SIMPLE_INSTRUMENT;EFS;EUR;29;119.27000000;846;EXCHANGE_LAST;;1;1;XEUR;11820390;689;
15.04.2025;08:54:22.365;FGBM SI 20250606 PS;SIMPLE_INSTRUMENT;EFP_FIN;EUR;30;119.23000000;905;EXCHANGE_LAST;;1;1;XEUR;11820390;689;
15.04.2025;08:55:51.363;FGBM SI 20250606 PS;SIMPLE_INSTRUMENT;EFP_FIN;EUR;31;119.23000000;452;EXCHANGE_LAST;;1;1;XEUR;11820390;689;
15.04.2025;08:57:47.704;FGBM SI 20250606 PS;SIMPLE_INSTRUMENT;EFP_FIN;EUR;32;119.25000000;91;EXCHANGE_LAST;;1;1;XEUR;11820390;689;
15.04.2025;09:01:16.588;FGBM SI 20250606 PS;SIMPLE_INSTRUMENT;EFP_FIN;EUR;33;119.25000000;272;EXCHANGE_LAST;;1;1;XEUR;11820390;689;
15.04.2025;09:06:36.622;FGBM SI 20250606 PS;SIMPLE_INSTRUMENT;EFP_FIN;EUR;34;119.23000000;796;EXCHANGE_LAST;;1;1;XEUR;11820390;689;
15.04.2025;09:19:49.477;FGBM SI 20250606 PS;SIMPLE_INSTRUMENT;EFS;EUR;35;119.27000000;891;EXCHANGE_LAST;;1;1;XEUR;11820390;689;
15.04.2025;09:23:25.292;FGBM SI 20250606 PS;SIMPLE_INSTRUMENT;EFS;EUR;36;119.26000000;846;EXCHANGE_LAST;;1;1;XEUR;11820390;689;
15.04.2025;09:26:25.992;FGBM SI 20250606 PS;SIMPLE_INSTRUMENT;EFP_FIN;EUR;37;119.27000000;814;EXCHANGE_LAST;;1;1;XEUR;11820390;689;
15.04.2025;09:27:51.896;FGBM SI 20250606 PS;SIMPLE_INSTRUMENT;EFP_FIN;EUR;38;119.27000000;244;EXCHANGE_LAST;;1;1;XEUR;11820390;689;
15.04.2025;09:30:24.358;FGBM SI 20250606 PS;SIMPLE_INSTRUMENT;EFS;EUR;39;119.28000000;589;EXCHANGE_LAST;;1;1;XEUR;11820390;689;
15.04.2025;09:33:53.830;FGBM SI 20250606 PS;SIMPLE_INSTRUMENT;EFP_FIN;EUR;40;119.25000000;426;EXCHANGE_LAST;;1;1;XEUR;11820390;689;
15.04.2025;09:36:21.844;FGBM SI 20250606 PS;SIMPLE_INSTRUMENT;EFS;EUR;41;119.24000000;908;EXCHANGE_LAST;;1;1;XEUR;11820390;689;
15.04.2025;09:39:27.503;FGBM SI 20250606 PS;SIMPLE_INSTRUMENT;EFS;EUR;42;119.18000000;796;EXCHANGE_LAST;;1;1;XEUR;11820390;689;
15.04.2025;09:43:59.351;FGBM SI 20250606 PS;SIMPLE_INSTRUMENT;EFS;EUR;43;119.19000000;254;EXCHANGE_LAST;;1;1;XEUR;11820390;689;
15.04.2025;09:55:13.663;FGBM SI 20250606 PS;SIMPLE_INSTRUMENT;EFS;EUR;44;119.15000000;423;EXCHANGE_LAST;;1;1;XEUR;11820390;689;
15.04.2025;09:55:26.237;FGBM SI 20250606 PS;SIMPLE_INSTRUMENT;EFP_FIN;EUR;45;119.19000000;1573;EXCHANGE_LAST;;1;1;XEUR;11820390;689;
15.04.2025;09:59:08.990;FGBM SI 20250606 PS;SIMPLE_INSTRUMENT;EFS;EUR;46;119.14000000;423;EXCHANGE_LAST;;1;1;XEUR;11820390;689;
15.04.2025;10:01:33.935;FGBM SI 20250606 PS;SIMPLE_INSTRUMENT;EFS;EUR;47;119.09000000;847;EXCHANGE_LAST;;1;1;XEUR;11820390;689;
15.04.2025;10:04:53.306;FGBM SI 20250606 PS;SIMPLE_INSTRUMENT;EFS;EUR;49;119.13000000;1251;EXCHANGE_LAST;;1;1;XEUR;11820390;689;
15.04.2025;10:11:53.719;FGBM SI 20250606 PS;SIMPLE_INSTRUMENT;EFS;EUR;50;119.11000000;813;EXCHANGE_LAST;;1;1;XEUR;11820390;689;
15.04.2025;10:14:49.510;FGBM SI 20250606 PS;SIMPLE_INSTRUMENT;EFS;EUR;51;119.10000000;846;EXCHANGE_LAST;;1;1;XEUR;11820390;689;
15.04.2025;10:15:57.491;FGBM SI 20250606 PS;SIMPLE_INSTRUMENT;EFS;EUR;52;119.10000000;423;EXCHANGE_LAST;;1;1;XEUR;11820390;689;
15.04.2025;10:19:29.460;FGBM SI 20250606 PS;SIMPLE_INSTRUMENT;EFP_FIN;EUR;53;119.14000000;1384;EXCHANGE_LAST;;1;1;XEUR;11820390;689;
15.04.2025;10:21:31.409;FGBM SI 20250606 PS;SIMPLE_INSTRUMENT;EFS;EUR;54;119.18000000;921;EXCHANGE_LAST;;1;1;XEUR;11820390;689;
15.04.2025;10:28:54.516;FGBM SI 20250606 PS;SIMPLE_INSTRUMENT;EFP_FIN;EUR;55;119.11000000;400;EXCHANGE_LAST;;1;1;XEUR;11820390;689;
15.04.2025;10:30:45.300;FGBM SI 20250606 PS;SIMPLE_INSTRUMENT;EFS;EUR;56;119.12000000;846;EXCHANGE_LAST;;1;1;XEUR;11820390;689;
15.04.2025;10:31:37.884;FGBM SI 20250606 PS;SIMPLE_INSTRUMENT;EFS;EUR;57;119.13000000;100;EXCHANGE_LAST;;1;1;XEUR;11820390;689;
15.04.2025;10:38:25.960;FGBM SI 20250606 PS;SIMPLE_INSTRUMENT;EFS;EUR;58;119.10000000;922;EXCHANGE_LAST;;1;1;XEUR;11820390;689;
15.04.2025;10:41:46.292;FGBM SI 20250606 PS;SIMPLE_INSTRUMENT;EFP_FIN;EUR;59;119.12000000;225;EXCHANGE_LAST;;1;1;XEUR;11820390;689;
15.04.2025;10:44:09.668;FGBM SI 20250606 PS;SIMPLE_INSTRUMENT;EFS;EUR;60;119.10000000;423;EXCHANGE_LAST;;1;1;XEUR;11820390;689;
15.04.2025;10:48:10.221;FGBM SI 20250606 PS;SIMPLE_INSTRUMENT;EFS;EUR;62;119.09000000;1626;EXCHANGE_LAST;;1;1;XEUR;11820390;689;
15.04.2025;10:48:28.861;FGBM SI 20250606 PS;SIMPLE_INSTRUMENT;EFS;EUR;63;119.06000000;424;EXCHANGE_LAST;;1;1;XEUR;11820390;689;
15.04.2025;10:53:19.488;FGBM SI 20250606 PS;SIMPLE_INSTRUMENT;EFS;EUR;64;119.09000000;592;EXCHANGE_LAST;;1;1;XEUR;11820390;689;
15.04.2025;10:53:43.758;FGBM SI 20250606 PS;SIMPLE_INSTRUMENT;EFS;EUR;65;119.09000000;1692;EXCHANGE_LAST;;1;1;XEUR;11820390;689;
15.04.2025;10:53:47.081;FGBM SI 20250606 PS;SIMPLE_INSTRUMENT;EFP_FIN;EUR;66;119.07000000;630;EXCHANGE_LAST;;1;1;XEUR;11820390;689;
15.04.2025;10:55:25.888;FGBM SI 20250606 PS;SIMPLE_INSTRUMENT;EFS;EUR;67;119.09000000;423;EXCHANGE_LAST;;1;1;XEUR;11820390;689;
15.04.2025;10:55:54.048;FGBM SI 20250606 PS;SIMPLE_INSTRUMENT;EFS;EUR;68;119.09000000;3806;EXCHANGE_LAST;;1;1;XEUR;11820390;689;
15.04.2025;11:01:16.938;FGBM SI 20250606 PS;SIMPLE_INSTRUMENT;EFS;EUR;69;119.07000000;846;EXCHANGE_LAST;;1;1;XEUR;11820390;689;
15.04.2025;11:05:20.398;FGBM SI 20250606 PS;SIMPLE_INSTRUMENT;EFS;EUR;70;119.08000000;406;EXCHANGE_LAST;;1;1;XEUR;11820390;689;
15.04.2025;11:14:29.693;FGBM SI 20250606 PS;SIMPLE_INSTRUMENT;EFP_FIN;EUR;71;119.09000000;81;EXCHANGE_LAST;;1;1;XEUR;11820390;689;
15.04.2025;11:12:43.324;FGBM SI 20250606 PS;SIMPLE_INSTRUMENT;EFP_FIN;EUR;72;119.08000000;1942;EXCHANGE_LAST;;1;1;XEUR;11820390;689;
15.04.2025;11:21:57.874;FGBM SI 20250606 PS;SIMPLE_INSTRUMENT;EFP_FIN;EUR;73;119.09000000;60;EXCHANGE_LAST;;1;1;XEUR;11820390;689;
15.04.2025;11:34:00.737;FGBM SI 20250606 PS;SIMPLE_INSTRUMENT;EFS;EUR;74;119.07000000;847;EXCHANGE_LAST;;1;1;XEUR;11820390;689;
15.04.2025;11:39:35.364;FGBM SI 20250606 PS;SIMPLE_INSTRUMENT;EFS;EUR;75;119.09000000;1582;EXCHANGE_LAST;;1;1;XEUR;11820390;689;
15.04.2025;11:48:24.347;FGBM SI 20250606 PS;SIMPLE_INSTRUMENT;EFS;EUR;76;119.10000000;635;EXCHANGE_LAST;;1;1;XEUR;11820390;689;
15.04.2025;11:50:11.121;FGBM SI 20250606 PS;SIMPLE_INSTRUMENT;EFS;EUR;77;119.09000000;846;EXCHANGE_LAST;;1;1;XEUR;11820390;689;
15.04.2025;11:50:35.042;FGBM SI 20250606 PS;SIMPLE_INSTRUMENT;EFS;EUR;78;119.08000000;631;EXCHANGE_LAST;;1;1;XEUR;11820390;689;
15.04.2025;11:55:57.247;FGBM SI 20250606 PS;SIMPLE_INSTRUMENT;EFS;EUR;79;119.09000000;846;EXCHANGE_LAST;;1;1;XEUR;11820390;689;
15.04.2025;11:56:55.931;FGBM SI 20250606 PS;SIMPLE_INSTRUMENT;EFS;EUR;80;119.09000000;846;EXCHANGE_LAST;;1;1;XEUR;11820390;689;
15.04.2025;12:08:42.453;FGBM SI 20250606 PS;SIMPLE_INSTRUMENT;EFS;EUR;81;119.11000000;461;EXCHANGE_LAST;;1;1;XEUR;11820390;689;
15.04.2025;12:17:19.546;FGBM SI 20250606 PS;SIMPLE_INSTRUMENT;EFP_FIN;EUR;82;119.06000000;213;EXCHANGE_LAST;;1;1;XEUR;11820390;689;
15.04.2025;12:17:44.222;FGBM SI 20250606 PS;SIMPLE_INSTRUMENT;EFP_FIN;EUR;83;119.10000000;82;EXCHANGE_LAST;;1;1;XEUR;11820390;689;
15.04.2025;12:23:33.165;FGBM SI 20250606 PS;SIMPLE_INSTRUMENT;EFS;EUR;84;119.14000000;461;EXCHANGE_LAST;;1;1;XEUR;11820390;689;
15.04.2025;12:25:59.265;FGBM SI 20250606 PS;SIMPLE_INSTRUMENT;EFP_FIN;EUR;85;119.14000000;683;EXCHANGE_LAST;;1;1;XEUR;11820390;689;
15.04.2025;12:28:25.078;FGBM SI 20250606 PS;SIMPLE_INSTRUMENT;EFP_FIN;EUR;86;119.16000000;1576;EXCHANGE_LAST;;1;1;XEUR;11820390;689;
15.04.2025;12:32:20.959;FGBM SI 20250606 PS;SIMPLE_INSTRUMENT;EFP_FIN;EUR;87;119.15000000;407;EXCHANGE_LAST;;1;1;XEUR;11820390;689;
15.04.2025;12:39:25.931;FGBM SI 20250606 PS;SIMPLE_INSTRUMENT;EFS;EUR;88;119.18000000;339;EXCHANGE_LAST;;1;1;XEUR;11820390;689;
15.04.2025;12:36:43.629;FGBM SI 20250606 PS;SIMPLE_INSTRUMENT;EFP_FIN;EUR;89;119.15000000;163;EXCHANGE_LAST;;1;1;XEUR;11820390;689;
15.04.2025;12:37:41.910;FGBM SI 20250606 PS;SIMPLE_INSTRUMENT;EFS;EUR;90;119.07000000;1844;EXCHANGE_LAST;;1;1;XEUR;11820390;689;
15.04.2025;12:39:57.845;FGBM SI 20250606 PS;SIMPLE_INSTRUMENT;EFS;EUR;91;119.17000000;1382;EXCHANGE_LAST;;1;1;XEUR;11820390;689;
15.04.2025;12:50:49.934;FGBM SI 20250606 PS;SIMPLE_INSTRUMENT;EFS;EUR;92;119.10000000;847;EXCHANGE_LAST;;1;1;XEUR;11820390;689;
15.04.2025;12:54:05.040;FGBM SI 20250606 PS;SIMPLE_INSTRUMENT;EFS;EUR;93;119.11000000;423;EXCHANGE_LAST;;1;1;XEUR;11820390;689;
15.04.2025;12:54:40.061;FGBM SI 20250606 PS;SIMPLE_INSTRUMENT;EFS;EUR;94;119.11000000;423;EXCHANGE_LAST;;1;1;XEUR;11820390;689;
15.04.2025;12:59:27.826;FGBM SI 20250606 PS;SIMPLE_INSTRUMENT;EFP_FIN;EUR;95;119.17000000;346;EXCHANGE_LAST;;1;1;XEUR;11820390;689;
15.04.2025;13:00:04.821;FGBM SI 20250606 PS;SIMPLE_INSTRUMENT;EFP_FIN;EUR;96;119.16000000;408;EXCHANGE_LAST;;1;1;XEUR;11820390;689;
15.04.2025;13:00:56.498;FGBM SI 20250606 PS;SIMPLE_INSTRUMENT;EFP_FIN;EUR;97;119.16000000;211;EXCHANGE_LAST;;1;1;XEUR;11820390;689;
15.04.2025;13:11:20.395;FGBM SI 20250606 PS;SIMPLE_INSTRUMENT;EFP_FIN;EUR;98;119.10000000;660;EXCHANGE_LAST;;1;1;XEUR;11820390;689;
15.04.2025;13:11:14.635;FGBM SI 20250606 PS;SIMPLE_INSTRUMENT;EFP_FIN;EUR;99;119.10000000;279;EXCHANGE_LAST;;1;1;XEUR;11820390;689;
15.04.2025;13:13:05.626;FGBM SI 20250606 PS;SIMPLE_INSTRUMENT;EFP_FIN;EUR;100;119.15000000;586;EXCHANGE_LAST;;1;1;XEUR;11820390;689;
15.04.2025;13:13:21.794;FGBM SI 20250606 PS;SIMPLE_INSTRUMENT;EFS;EUR;101;119.09000000;847;EXCHANGE_LAST;;1;1;XEUR;11820390;689;
15.04.2025;13:16:38.992;FGBM SI 20250606 PS;SIMPLE_INSTRUMENT;EFS;EUR;102;119.07000000;3384;EXCHANGE_LAST;;1;1;XEUR;11820390;689;
15.04.2025;13:21:03.139;FGBM SI 20250606 PS;SIMPLE_INSTRUMENT;EFS;EUR;103;119.12000000;847;EXCHANGE_LAST;;1;1;XEUR;11820390;689;
15.04.2025;13:22:12.793;FGBM SI 20250606 PS;SIMPLE_INSTRUMENT;EFS;EUR;104;119.08000000;359;EXCHANGE_LAST;;1;1;XEUR;11820390;689;
15.04.2025;13:26:25.721;FGBM SI 20250606 PS;SIMPLE_INSTRUMENT;EFP_FIN;EUR;105;119.12000000;175;EXCHANGE_LAST;;1;1;XEUR;11820390;689;
15.04.2025;13:30:38.533;FGBM SI 20250606 PS;SIMPLE_INSTRUMENT;EFS;EUR;106;119.12000000;847;EXCHANGE_LAST;;1;1;XEUR;11820390;689;
15.04.2025;13:32:42.582;FGBM SI 20250606 PS;SIMPLE_INSTRUMENT;EFP_FIN;EUR;107;119.08000000;483;EXCHANGE_LAST;;1;1;XEUR;11820390;689;
15.04.2025;13:34:49.716;FGBM SI 20250606 PS;SIMPLE_INSTRUMENT;EFS;EUR;108;119.10000000;2961;EXCHANGE_LAST;;1;1;XEUR;11820390;689;
15.04.2025;13:40:29.433;FGBM SI 20250606 PS;SIMPLE_INSTRUMENT;EFP_FIN;EUR;109;119.11000000;332;EXCHANGE_LAST;;1;1;XEUR;11820390;689;
15.04.2025;13:41:24.127;FGBM SI 20250606 PS;SIMPLE_INSTRUMENT;EFP_FIN;EUR;110;119.12000000;792;EXCHANGE_LAST;;1;1;XEUR;11820390;689;
15.04.2025;13:44:40.224;FGBM SI 20250606 PS;SIMPLE_INSTRUMENT;EFS;EUR;111;119.14000000;847;EXCHANGE_LAST;;1;1;XEUR;11820390;689;
15.04.2025;13:45:55.287;FGBM SI 20250606 PS;SIMPLE_INSTRUMENT;EFS;EUR;112;119.14000000;1694;EXCHANGE_LAST;;1;1;XEUR;11820390;689;
15.04.2025;13:47:02.352;FGBM SI 20250606 PS;SIMPLE_INSTRUMENT;EFP_FIN;EUR;113;119.08000000;209;EXCHANGE_LAST;;1;1;XEUR;11820390;689;
15.04.2025;13:47:55.407;FGBM SI 20250606 PS;SIMPLE_INSTRUMENT;EFS;EUR;114;119.12000000;424;EXCHANGE_LAST;;1;1;XEUR;11820390;689;
15.04.2025;13:49:49.846;FGBM SI 20250606 PS;SIMPLE_INSTRUMENT;EFP_FIN;EUR;115;119.12000000;412;EXCHANGE_LAST;;1;1;XEUR;11820390;689;
15.04.2025;13:52:10.655;FGBM SI 20250606 PS;SIMPLE_INSTRUMENT;EFS;EUR;116;119.14000000;847;EXCHANGE_LAST;;1;1;XEUR;11820390;689;
15.04.2025;13:52:15.658;FGBM SI 20250606 PS;SIMPLE_INSTRUMENT;EFS;EUR;117;119.14000000;423;EXCHANGE_LAST;;1;1;XEUR;11820390;689;
15.04.2025;13:54:10.736;FGBM SI 20250606 PS;SIMPLE_INSTRUMENT;EFS;EUR;118;119.12000000;847;EXCHANGE_LAST;;1;1;XEUR;11820390;689;
15.04.2025;13:55:10.795;FGBM SI 20250606 PS;SIMPLE_INSTRUMENT;EFS;EUR;119;119.12000000;847;EXCHANGE_LAST;;1;1;XEUR;11820390;689;
15.04.2025;14:02:04.609;FGBM SI 20250606 PS;SIMPLE_INSTRUMENT;EFS;EUR;120;119.12000000;815;EXCHANGE_LAST;;1;1;XEUR;11820390;689;
15.04.2025;14:03:01.149;FGBM SI 20250606 PS;SIMPLE_INSTRUMENT;EFS;EUR;121;119.10000000;847;EXCHANGE_LAST;;1;1;XEUR;11820390;689;
15.04.2025;14:03:32.179;FGBM SI 20250606 PS;SIMPLE_INSTRUMENT;EFS;EUR;122;119.08000000;847;EXCHANGE_LAST;;1;1;XEUR;11820390;689;
15.04.2025;14:04:18.150;FGBM SI 20250606 PS;SIMPLE_INSTRUMENT;EFS;EUR;123;119.10000000;460;EXCHANGE_LAST;;1;1;XEUR;11820390;689;
15.04.2025;14:04:36.832;FGBM SI 20250606 PS;SIMPLE_INSTRUMENT;EFP_FIN;EUR;124;119.13000000;213;EXCHANGE_LAST;;1;1;XEUR;11820390;689;
15.04.2025;14:08:06.788;FGBM SI 20250606 PS;SIMPLE_INSTRUMENT;EFP_FIN;EUR;125;119.13000000;341;EXCHANGE_LAST;;1;1;XEUR;11820390;689;
15.04.2025;14:08:39.467;FGBM SI 20250606 PS;SIMPLE_INSTRUMENT;EFS;EUR;126;119.09000000;489;EXCHANGE_LAST;;1;1;XEUR;11820390;689;
15.04.2025;14:12:26.821;FGBM SI 20250606 PS;SIMPLE_INSTRUMENT;EFP_FIN;EUR;127;119.12000000;715;EXCHANGE_LAST;;1;1;XEUR;11820390;689;
15.04.2025;14:12:57.106;FGBM SI 20250606 PS;SIMPLE_INSTRUMENT;EFP_FIN;EUR;128;119.08000000;415;EXCHANGE_LAST;;1;1;XEUR;11820390;689;
15.04.2025;14:17:07.617;FGBM SI 20250606 PS;SIMPLE_INSTRUMENT;EFS;EUR;129;119.07000000;811;EXCHANGE_LAST;;1;1;XEUR;11820390;689;
15.04.2025;14:21:08.744;FGBM SI 20250606 PS;SIMPLE_INSTRUMENT;EFS;EUR;130;119.08000000;922;EXCHANGE_LAST;;1;1;XEUR;11820390;689;
15.04.2025;14:21:40.126;FGBM SI 20250606 PS;SIMPLE_INSTRUMENT;EFS;EUR;131;119.08000000;1383;EXCHANGE_LAST;;1;1;XEUR;11820390;689;
15.04.2025;14:42:19.466;FGBM SI 20250606 PS;SIMPLE_INSTRUMENT;EFP_FIN;EUR;132;119.20000000;213;EXCHANGE_LAST;;1;1;XEUR;11820390;689;
15.04.2025;14:45:32.477;FGBM SI 20250606 PS;SIMPLE_INSTRUMENT;EFS;EUR;133;119.10000000;368;EXCHANGE_LAST;;1;1;XEUR;11820390;689;
15.04.2025;14:51:58.164;FGBM SI 20250606 PS;SIMPLE_INSTRUMENT;EFP_FIN;EUR;134;119.10000000;408;EXCHANGE_LAST;;1;1;XEUR;11820390;689;
15.04.2025;14:52:57.521;FGBM SI 20250606 PS;SIMPLE_INSTRUMENT;EFS;EUR;135;119.12000000;326;EXCHANGE_LAST;;1;1;XEUR;11820390;689;
15.04.2025;14:54:20.245;FGBM SI 20250606 PS;SIMPLE_INSTRUMENT;EFP_FIN;EUR;136;119.10000000;852;EXCHANGE_LAST;;1;1;XEUR;11820390;689;
15.04.2025;15:01:42.384;FGBM SI 20250606 PS;SIMPLE_INSTRUMENT;EFP_FIN;EUR;137;119.10000000;76;EXCHANGE_LAST;;1;1;XEUR;11820390;689;
15.04.2025;15:09:23.641;FGBM SI 20250606 PS;SIMPLE_INSTRUMENT;EFP_FIN;EUR;138;119.07000000;1491;EXCHANGE_LAST;;1;1;XEUR;11820390;689;
15.04.2025;15:10:38.627;FGBM SI 20250606 PS;SIMPLE_INSTRUMENT;EFP_FIN;EUR;139;119.10000000;213;EXCHANGE_LAST;;1;1;XEUR;11820390;689;
15.04.2025;15:12:49.028;FGBM SI 20250606 PS;SIMPLE_INSTRUMENT;EFP_FIN;EUR;140;119.20000000;255;EXCHANGE_LAST;;1;1;XEUR;11820390;689;
15.04.2025;15:18:40.848;FGBM SI 20250606 PS;SIMPLE_INSTRUMENT;EFP_FIN;EUR;141;119.07000000;85;EXCHANGE_LAST;;1;1;XEUR;11820390;689;
15.04.2025;15:18:19.738;FGBM SI 20250606 PS;SIMPLE_INSTRUMENT;EFP_FIN;EUR;142;119.09000000;639;EXCHANGE_LAST;;1;1;XEUR;11820390;689;
15.04.2025;15:19:39.355;FGBM SI 20250606 PS;SIMPLE_INSTRUMENT;EFS;EUR;143;119.07000000;796;EXCHANGE_LAST;;1;1;XEUR;11820390;689;
15.04.2025;15:25:38.300;FGBM SI 20250606 PS;SIMPLE_INSTRUMENT;EFS;EUR;144;119.09000000;4000;EXCHANGE_LAST;;1;1;XEUR;11820390;689;
15.04.2025;15:26:02.948;FGBM SI 20250606 PS;SIMPLE_INSTRUMENT;EFP_FIN;EUR;145;119.15000000;793;EXCHANGE_LAST;;1;1;XEUR;11820390;689;
15.04.2025;15:28:18.644;FGBM SI 20250606 PS;SIMPLE_INSTRUMENT;EFP_FIN;EUR;146;119.08000000;426;EXCHANGE_LAST;;1;1;XEUR;11820390;689;
15.04.2025;15:33:18.113;FGBM SI 20250606 PS;SIMPLE_INSTRUMENT;EFP_FIN;EUR;147;119.06000000;426;EXCHANGE_LAST;;1;1;XEUR;11820390;689;
15.04.2025;15:40:13.825;FGBM SI 20250606 PS;SIMPLE_INSTRUMENT;EFS;EUR;148;119.06000000;1383;EXCHANGE_LAST;;1;1;XEUR;11820390;689;
15.04.2025;15:55:26.923;FGBM SI 20250606 PS;SIMPLE_INSTRUMENT;EFP_FIN;EUR;149;119.13000000;554;EXCHANGE_LAST;;1;1;XEUR;11820390;689;
15.04.2025;15:56:05.219;FGBM SI 20250606 PS;SIMPLE_INSTRUMENT;EFS;EUR;150;119.11000000;1622;EXCHANGE_LAST;;1;1;XEUR;11820390;689;
15.04.2025;06:59:30.729;FGBS SI 20250606 PS;SIMPLE_INSTRUMENT;EFS;EUR;1;107.45000000;1199;EXCHANGE_LAST;;1;1;XEUR;11820391;690;
15.04.2025;07:07:36.839;FGBS SI 20250606 PS;SIMPLE_INSTRUMENT;EFS;EUR;2;107.46000000;1256;EXCHANGE_LAST;;1;1;XEUR;11820391;690;
15.04.2025;07:08:55.542;FGBS SI 20250606 PS;SIMPLE_INSTRUMENT;EFS;EUR;3;107.45000000;1632;EXCHANGE_LAST;;1;1;XEUR;11820391;690;
15.04.2025;07:23:45.637;FGBS SI 20250606 PS;SIMPLE_INSTRUMENT;EFS;EUR;5;107.45000000;983;EXCHANGE_LAST;;1;1;XEUR;11820391;690;
15.04.2025;07:28:30.891;FGBS SI 20250606 PS;SIMPLE_INSTRUMENT;EFS;EUR;6;107.44000000;2350;EXCHANGE_LAST;;1;1;XEUR;11820391;690;
15.04.2025;07:29:17.894;FGBS SI 20250606 PS;SIMPLE_INSTRUMENT;EFS;EUR;7;107.44000000;1745;EXCHANGE_LAST;;1;1;XEUR;11820391;690;
15.04.2025;07:36:17.887;FGBS SI 20250606 PS;SIMPLE_INSTRUMENT;EFS;EUR;8;107.43500000;4080;EXCHANGE_LAST;;1;1;XEUR;11820391;690;
15.04.2025;07:52:47.449;FGBS SI 20250606 PS;SIMPLE_INSTRUMENT;EFS;EUR;9;107.43000000;480;EXCHANGE_LAST;;1;1;XEUR;11820391;690;
15.04.2025;07:55:23.278;FGBS SI 20250606 PS;SIMPLE_INSTRUMENT;EFS;EUR;10;107.44000000;4795;EXCHANGE_LAST;;1;1;XEUR;11820391;690;
15.04.2025;08:03:17.102;FGBS SI 20250606 PS;SIMPLE_INSTRUMENT;EFS;EUR;11;107.44000000;1000;EXCHANGE_LAST;;1;1;XEUR;11820391;690;
15.04.2025;08:11:23.014;FGBS SI 20250606 PS;SIMPLE_INSTRUMENT;EFS;EUR;12;107.46000000;5438;EXCHANGE_LAST;;1;1;XEUR;11820391;690;
