#Date;TrdTime;Contract;ContractType;TrdTyp;Currency;TesId;Prc;Qty;TrdInd;Aggressor;Buy;Sell;Exch;InstrumentId;RelatedProdId;PrcDecomp
23.12.2024;15:24:04.028;1COV SI 20251219 PS AM P 52.00 0;SIMPLE_INSTRUMENT;BLOCK;EUR;1;2.80000000;350;EXCHANGE_LAST;;1;1;XEUR;5919358;48055;
23.12.2024;11:47:20.638;A2SI SI 20251219 CS;SIMPLE_INSTRUMENT;BLOCK;EUR;17;2.62000000;20;EXCHANGE_LAST;;1;1;XEUR;6307888;360353;
23.12.2024;11:47:29.788;A2SI SI 20261218 CS;SIMPLE_INSTRUMENT;BLOCK;EUR;18;2.55000000;20;EXCHANGE_LAST;;1;1;XEUR;6829677;360353;
23.12.2024;10:27:34.100;ABBN SI 20251219 PS AM P 47.00 0;SIMPLE_INSTRUMENT;BLOCK;CHF;11;3.62000000;1250;EXCHANGE_LAST;;1;1;XEUR;11848990;574517;
23.12.2024;13:06:33.310;ALC.O.241223.STG.000004;STANDARD_OPTION_STRATEGY;BLOCK;CHF;18;12.30000000;700;EXCHANGE_LAST;;1;2;XEUR;72616515312039879;130134;
23.12.2024;13:06:33.310;ALC SI 20261218 PS AM P 68.00 0;SIMPLE_INSTRUMENT;BLOCK;CHF;18;6.07000000;700;PRC_DECOMP_EXCHANGE;;;;XEUR;7181826;130134;EXCHANGE
23.12.2024;13:06:33.310;ALC SI 20261218 PS AM C 84.00 0;SIMPLE_INSTRUMENT;BLOCK;CHF;18;6.23000000;700;PRC_DECOMP_EXCHANGE;;;;XEUR;7181804;130134;EXCHANGE
23.12.2024;13:34:09.469;ASI SI 20250321 PS AM C 700.00 0;SIMPLE_INSTRUMENT;BLOCK;EUR;4;10.78000000;223;EXCHANGE_LAST;;1;1;XEUR;12475790;76318;
23.12.2024;10:33:11.992;B2NP SI 20261218 CS;SIMPLE_INSTRUMENT;BLOCK;EUR;10;4.40000000;777;EXCHANGE_LAST;;1;1;XEUR;6798320;131;
23.12.2024;15:24:41.556;B2NP SI 20271217 CS;SIMPLE_INSTRUMENT;BLOCK;EUR;39;3.80000000;526;EXCHANGE_LAST;;1;1;XEUR;7086925;131;
23.12.2024;08:37:24.241;BAN SI 20250620 PS AM P 52.00 0;SIMPLE_INSTRUMENT;BLOCK;CHF;1;2.78000000;500;EXCHANGE_LAST;;1;1;XEUR;9591553;298535;
23.12.2024;15:56:38.213;BAN SI 20250117 PS AM C 61.00 0;SIMPLE_INSTRUMENT;BLOCK;CHF;32;0.86000000;500;EXCHANGE_LAST;;1;1;XEUR;12484287;298535;
23.12.2024;15:35:33.157;BOSF SI 20250417 CS;SIMPLE_INSTRUMENT;BLOCK;EUR;42;44.45380000;200;EXCHANGE_LAST;;1;1;XEUR;10832425;231;
23.12.2024;10:05:39.312;BPV FI 20251218 PS AM P 7.9000 0;FLEXIBLE_INSTRUMENT;BLOCK;EUR;1;1.21000000;10000;EXCHANGE_LAST;;1;1;XEUR;1152922582643638279;251;
23.12.2024;16:39:00.374;BSI.O.241223.BUL.000001;STANDARD_OPTION_STRATEGY;BLOCK;EUR;5;5.35000000;250;EXCHANGE_LAST;;1;1;XEUR;72385373057061351;76317;
23.12.2024;16:39:00.374;BSI SI 20250221 PS AM C 140.00 0;SIMPLE_INSTRUMENT;BLOCK;EUR;5;8.22000000;250;PRC_DECOMP_EXCHANGE;;;;XEUR;12267737;76317;EXCHANGE
23.12.2024;16:39:00.374;BSI SI 20250221 PS AM C 160.00 0;SIMPLE_INSTRUMENT;BLOCK;EUR;5;2.87000000;250;PRC_DECOMP_EXCHANGE;;;;XEUR;12363135;76317;EXCHANGE
23.12.2024;16:39:44.171;BSI.O.241223.BUL.000001;STANDARD_OPTION_STRATEGY;BLOCK;EUR;6;5.35000000;250;EXCHANGE_LAST;;1;1;XEUR;72385373057061351;76317;
23.12.2024;16:39:44.171;BSI SI 20250221 PS AM C 140.00 0;SIMPLE_INSTRUMENT;BLOCK;EUR;6;8.22000000;250;PRC_DECOMP_MEMBER;;;;XEUR;12267737;76317;MEMBER
23.12.2024;16:39:44.171;BSI SI 20250221 PS AM C 160.00 0;SIMPLE_INSTRUMENT;BLOCK;EUR;6;2.87000000;250;PRC_DECOMP_MEMBER;;;;XEUR;12363135;76317;MEMBER
23.12.2024;12:55:36.487;C4RI SI 20261218 CS;SIMPLE_INSTRUMENT;BLOCK;EUR;29;2.69000000;126;EXCHANGE_LAST;;1;1;XEUR;6821680;50862;
23.12.2024;15:15:17.969;CBK SI 20251219 PS AM P 13.00 0;SIMPLE_INSTRUMENT;BLOCK;EUR;1;1.16000000;1250;EXCHANGE_LAST;;1;1;XEUR;11262576;268;
23.12.2024;14:08:26.868;CFR SI 20250117 PS AM C 140.00 0;SIMPLE_INSTRUMENT;BLOCK;CHF;24;2.30000000;600;EXCHANGE_LAST;;2;1;XEUR;12071497;313;
23.12.2024;12:23:19.482;CLN SI 20251219 PS AM P 9.00 0;SIMPLE_INSTRUMENT;BLOCK;CHF;15;0.65000000;2500;EXCHANGE_LAST;;1;1;XEUR;10619826;296;
23.12.2024;15:09:00.388;CLN SI 20251219 PS AM P 8.00 0;SIMPLE_INSTRUMENT;BLOCK;CHF;27;0.30000000;1500;EXCHANGE_LAST;;1;1;XEUR;7510295;296;
23.12.2024;11:25:44.381;D3AI SI 20261218 CS;SIMPLE_INSTRUMENT;BLOCK;EUR;15;4.12000000;699;EXCHANGE_LAST;;1;1;XEUR;7144051;443197;
23.12.2024;12:54:42.968;DAI SI 20250221 PS AM P 50.00 0;SIMPLE_INSTRUMENT;BLOCK;EUR;2;1.34000000;1400;EXCHANGE_LAST;;1;1;XEUR;12277960;443196;
23.12.2024;14:19:03.924;DBKI SI 20250321 CS;SIMPLE_INSTRUMENT;BLOCK;EUR;35;16.53500000;1600;EXCHANGE_LAST;;1;1;XEUR;10722007;51566;
23.12.2024;10:02:06.110;DIEG SI 20250117 CS;SIMPLE_INSTRUMENT;BLOCK;EUR;5;162.47880000;315;EXCHANGE_LAST;;1;1;XEUR;10458216;626571;
23.12.2024;13:52:46.941;DIEG SI 20250117 CS;SIMPLE_INSTRUMENT;BLOCK;EUR;33;162.64010000;186;EXCHANGE_LAST;;1;1;XEUR;10458216;626571;
23.12.2024;11:24:54.630;DPW SI 20250620 PS AM P 30.00 0;SIMPLE_INSTRUMENT;BLOCK;EUR;3;1.10000000;1250;EXCHANGE_LAST;;1;1;XEUR;11357258;445;
23.12.2024;12:01:32.994;DPW SI 20250321 PS AM P 34.00 0;SIMPLE_INSTRUMENT;BLOCK;EUR;4;1.63000000;2000;EXCHANGE_LAST;;1;1;XEUR;10836847;445;
23.12.2024;15:54:49.417;DTE.O.241223.STG.000002;STANDARD_OPTION_STRATEGY;BLOCK;EUR;14;0.64000000;2000;EXCHANGE_LAST;;1;1;XEUR;72059415104107239;424;
23.12.2024;15:54:49.417;DTE SI 20250321 PS AM P 28.00 0;SIMPLE_INSTRUMENT;BLOCK;EUR;14;0.49000000;2000;PRC_DECOMP_EXCHANGE;;;;XEUR;10836587;424;EXCHANGE
23.12.2024;15:54:49.417;DTE SI 20250321 PS AM C 32.00 0;SIMPLE_INSTRUMENT;BLOCK;EUR;14;0.15000000;2000;PRC_DECOMP_EXCHANGE;;;;XEUR;10836640;424;EXCHANGE
23.12.2024;10:55:04.328;E2NL SI 20261218 CS;SIMPLE_INSTRUMENT;BLOCK;EUR;13;0.43000000;2325;EXCHANGE_LAST;;1;1;XEUR;4632356;471;
23.12.2024;12:45:20.257;E2NT SI 20251219 CS;SIMPLE_INSTRUMENT;BLOCK;EUR;21;1.00000000;328;EXCHANGE_LAST;;1;1;XEUR;3681294;470;
23.12.2024;12:45:37.063;E2NT SI 20261218 CS;SIMPLE_INSTRUMENT;BLOCK;EUR;22;0.96000000;419;EXCHANGE_LAST;;1;1;XEUR;4632357;470;
23.12.2024;12:46:02.926;E2NT SI 20271217 CS;SIMPLE_INSTRUMENT;BLOCK;EUR;23;0.86000000;261;EXCHANGE_LAST;;1;1;XEUR;5914575;470;
23.12.2024;16:16:41.808;ESL SI 20250321 PS AM P 200.00 0;SIMPLE_INSTRUMENT;BLOCK;EUR;18;1.75000000;250;EXCHANGE_LAST;;1;1;XEUR;10838315;481;
23.12.2024;15:04:18.517;F3TE SI 20281215 CS;SIMPLE_INSTRUMENT;BLOCK;EUR;36;0.56500000;650;EXCHANGE_LAST;;1;1;XEUR;6830366;390379;
23.12.2024;15:21:43.896;F3TE SI 20271217 CS;SIMPLE_INSTRUMENT;BLOCK;EUR;37;0.60000000;3846;EXCHANGE_LAST;;1;1;XEUR;6633916;390379;
23.12.2024;08:15:35.825;FBTP SI 20250306 PS;SIMPLE_INSTRUMENT;BLOCK;EUR;1;120.25000000;1520;EXCHANGE_LAST;;1;1;XEUR;11286675;636;
23.12.2024;09:29:45.423;FBTP SI 20250306 PS;SIMPLE_INSTRUMENT;EFS;EUR;2;120.33000000;583;EXCHANGE_LAST;;1;1;XEUR;11286675;636;
23.12.2024;10:24:22.333;FBTP SI 20250306 PS;SIMPLE_INSTRUMENT;EFP_FIN;EUR;3;120.66000000;143;EXCHANGE_LAST;;1;1;XEUR;11286675;636;
23.12.2024;11:25:19.531;FBTP SI 20250306 PS;SIMPLE_INSTRUMENT;BLOCK;EUR;4;120.45000000;285;EXCHANGE_LAST;;1;1;XEUR;11286675;636;
23.12.2024;14:16:15.322;FBTP SI 20250306 PS;SIMPLE_INSTRUMENT;EFP_FIN;EUR;5;120.20000000;372;EXCHANGE_LAST;;1;1;XEUR;11286675;636;
23.12.2024;16:24:22.698;FBTP SI 20250306 PS;SIMPLE_INSTRUMENT;EFP_FIN;EUR;6;120.21000000;448;EXCHANGE_LAST;;1;1;XEUR;11286675;636;
23.12.2024;16:25:58.634;FBTP SI 20250306 PS;SIMPLE_INSTRUMENT;EFP_FIN;EUR;7;120.21000000;107;EXCHANGE_LAST;;1;1;XEUR;11286675;636;
23.12.2024;08:56:19.051;FBTS SI 20250306 PS;SIMPLE_INSTRUMENT;EFP_FIN;EUR;1;107.48000000;480;EXCHANGE_LAST;;1;1;XEUR;11286677;639;
23.12.2024;10:36:06.023;FBTS SI 20250306 PS;SIMPLE_INSTRUMENT;EFP_FIN;EUR;3;107.49000000;245;EXCHANGE_LAST;;1;1;XEUR;11286677;639;
23.12.2024;12:26:35.351;FBTS SI 20250306 PS;SIMPLE_INSTRUMENT;EFP_FIN;EUR;5;107.50000000;206;EXCHANGE_LAST;;1;1;XEUR;11286677;639;
23.12.2024;12:30:34.710;FBTS SI 20250306 PS;SIMPLE_INSTRUMENT;EFP_FIN;EUR;6;107.51000000;206;EXCHANGE_LAST;;1;1;XEUR;11286677;639;
23.12.2024;12:34:23.133;FBTS SI 20250306 PS;SIMPLE_INSTRUMENT;EFP_FIN;EUR;7;107.52000000;192;EXCHANGE_LAST;;1;1;XEUR;11286677;639;
23.12.2024;13:43:53.597;FBTS SI 20250306 PS;SIMPLE_INSTRUMENT;EFP_FIN;EUR;9;107.47000000;323;EXCHANGE_LAST;;1;1;XEUR;11286677;639;
23.12.2024;14:13:32.424;FBTS SI 20250306 PS;SIMPLE_INSTRUMENT;EFP_FIN;EUR;10;107.45000000;616;EXCHANGE_LAST;;1;1;XEUR;11286677;639;
23.12.2024;14:27:03.802;FBTS SI 20250306 PS;SIMPLE_INSTRUMENT;EFP_FIN;EUR;11;107.47000000;1706;EXCHANGE_LAST;;1;1;XEUR;11286677;639;
23.12.2024;16:25:18.630;FBTS SI 20250306 PS;SIMPLE_INSTRUMENT;EFP_FIN;EUR;13;107.45000000;132;EXCHANGE_LAST;;1;1;XEUR;11286677;639;
23.12.2024;15:55:29.146;FCBU SI 20250103 CS;SIMPLE_INSTRUMENT;BLOCK;USD;3;0.16195000;380;EXCHANGE_LAST;;1;1;XEUR;10519769;570870;
23.12.2024;15:57:20.629;FCBU SI 20250204 CS;SIMPLE_INSTRUMENT;BLOCK;USD;4;0.16135000;380;EXCHANGE_LAST;;1;1;XEUR;10653727;570870;
23.12.2024;13:03:33.409;FCNS SI 20250317 PS;SIMPLE_INSTRUMENT;EFP_IDX;SEK;1;0.96967000;70;EXCHANGE_LAST;;1;1;XEUR;9136391;402911;
23.12.2024;13:03:33.879;FCNS SI 20250317 PS;SIMPLE_INSTRUMENT;EFP_IDX;SEK;2;0.96968000;63;EXCHANGE_LAST;;1;1;XEUR;9136391;402911;
23.12.2024;16:25:27.732;FCNS SI 20250317 PS;SIMPLE_INSTRUMENT;EFP_IDX;SEK;5;0.96854000;286;EXCHANGE_LAST;;1;1;XEUR;9136391;402911;
23.12.2024;16:25:28.171;FCNS SI 20250317 PS;SIMPLE_INSTRUMENT;EFP_IDX;SEK;6;0.96855000;28;EXCHANGE_LAST;;1;1;XEUR;9136391;402911;
23.12.2024;20:02:18.481;FCNS SI 20250317 PS;SIMPLE_INSTRUMENT;EFP_IDX;SEK;7;0.96797000;26;EXCHANGE_LAST;;1;1;XEUR;9136391;402911;
23.12.2024;20:02:18.963;FCNS SI 20250317 PS;SIMPLE_INSTRUMENT;EFP_IDX;SEK;8;0.96798000;33;EXCHANGE_LAST;;1;1;XEUR;9136391;402911;
23.12.2024;11:28:26.937;FEBD SI 20261218 CS;SIMPLE_INSTRUMENT;BLOCK;EUR;10;8.40000000;1500;EXCHANGE_LAST;;1;1;XEUR;7158212;597;
23.12.2024;12:44:28.951;FEBD SI 20261218 CS;SIMPLE_INSTRUMENT;BLOCK;EUR;11;9.48000000;439;EXCHANGE_LAST;;1;1;XEUR;7158212;597;
23.12.2024;12:44:49.578;FEBD SI 20251219 CS;SIMPLE_INSTRUMENT;BLOCK;EUR;12;10.32000000;386;EXCHANGE_LAST;;1;1;XEUR;5914075;597;
23.12.2024;14:03:15.891;FES1 SI 20250321 PS;SIMPLE_INSTRUMENT;BLOCK;EUR;16;23.70000000;1163;EXCHANGE_LAST;;1;1;XEUR;11391470;58959;
23.12.2024;14:04:33.535;FES1 SI 20250321 PS;SIMPLE_INSTRUMENT;BLOCK;EUR;17;23.80000000;1163;EXCHANGE_LAST;;1;1;XEUR;11391470;58959;
23.12.2024;16:08:03.252;FES1 SI 20250321 PS;SIMPLE_INSTRUMENT;BLOCK;EUR;18;22.50000000;750;EXCHANGE_LAST;;1;1;XEUR;11391470;58959;
23.12.2024;09:38:16.130;FESX SI 20250321 CS;SIMPLE_INSTRUMENT;BLOCK;EUR;1;4876.00000000;2057;EXCHANGE_LAST;;1;1;XEUR;7793482;675;
23.12.2024;16:14:15.677;FESX SI 20250321 CS;SIMPLE_INSTRUMENT;BLOCK;EUR;2;4866.00000000;3000;EXCHANGE_LAST;;1;1;XEUR;7793482;675;
23.12.2024;16:45:32.382;FESX SI 20250321 CS;SIMPLE_INSTRUMENT;EFP_IDX;EUR;3;4876.00000000;795;EXCHANGE_LAST;;1;1;XEUR;7793482;675;
23.12.2024;16:45:44.306;FESX SI 20250321 CS;SIMPLE_INSTRUMENT;EFP_IDX;EUR;4;4877.00000000;175;EXCHANGE_LAST;;1;1;XEUR;7793482;675;
23.12.2024;16:46:53.168;FESX SI 20250321 CS;SIMPLE_INSTRUMENT;EFP_IDX;EUR;5;4876.00000000;150;EXCHANGE_LAST;;1;1;XEUR;7793482;675;
23.12.2024;16:47:15.516;FESX SI 20250321 CS;SIMPLE_INSTRUMENT;EFP_IDX;EUR;6;4877.00000000;113;EXCHANGE_LAST;;1;1;XEUR;7793482;675;
23.12.2024;10:19:09.012;FESX SI 20250321 CS;SIMPLE_INSTRUMENT;VOLA;EUR;637534224;4878.00000000;159;EXCHANGE_LAST;;1;1;XEUR;7793482;675;
23.12.2024;10:19:14.052;FESX SI 20250321 CS;SIMPLE_INSTRUMENT;VOLA;EUR;637534225;4878.00000000;20;EXCHANGE_LAST;;1;1;XEUR;7793482;675;
23.12.2024;11:50:53.608;FESX SI 20250321 CS;SIMPLE_INSTRUMENT;VOLA;EUR;637534237;4876.00000000;585;EXCHANGE_LAST;;1;1;XEUR;7793482;675;
23.12.2024;15:13:09.432;FESX SI 20250321 CS;SIMPLE_INSTRUMENT;VOLA;EUR;637534263;4880.00000000;175;EXCHANGE_LAST;;1;1;XEUR;7793482;675;
23.12.2024;08:18:43.429;FEXD SI 20261218 CS;SIMPLE_INSTRUMENT;BLOCK;EUR;1;151.20000000;178;EXCHANGE_LAST;;1;1;XEUR;2163053;693;
23.12.2024;10:34:24.317;FEXD.S.DEC27.DEC29.SPD;FUTURES_SPREAD;BLOCK;EUR;4;9.60000000;100;EXCHANGE_LAST;;1;1;XEUR;72060570450264170;693;
23.12.2024;10:34:24.317;FEXD SI 20271217 CS;SIMPLE_INSTRUMENT;BLOCK;EUR;4;145.50000000;100;PRC_DECOMP_EXCHANGE;;;;XEUR;2848338;693;EXCHANGE
23.12.2024;10:34:24.317;FEXD SI 20291221 CS;SIMPLE_INSTRUMENT;BLOCK;EUR;4;135.90000000;100;PRC_DECOMP_EXCHANGE;;;;XEUR;4631968;693;EXCHANGE
23.12.2024;10:34:42.009;FEXD.S.DEC27.DEC28.SPD;FUTURES_SPREAD;BLOCK;EUR;5;5.00000000;275;EXCHANGE_LAST;;1;1;XEUR;72060570450264162;693;
23.12.2024;10:34:42.009;FEXD SI 20281215 CS;SIMPLE_INSTRUMENT;BLOCK;EUR;5;140.50000000;275;PRC_DECOMP_EXCHANGE;;;;XEUR;3680985;693;EXCHANGE
23.12.2024;10:34:42.009;FEXD SI 20271217 CS;SIMPLE_INSTRUMENT;BLOCK;EUR;5;145.50000000;275;PRC_DECOMP_EXCHANGE;;;;XEUR;2848338;693;EXCHANGE
23.12.2024;13:08:59.209;FEXD SI 20261218 CS;SIMPLE_INSTRUMENT;BLOCK;EUR;13;151.50000000;150;EXCHANGE_LAST;;1;1;XEUR;2163053;693;
23.12.2024;13:09:27.264;FEXD SI 20271217 CS;SIMPLE_INSTRUMENT;BLOCK;EUR;14;145.20000000;150;EXCHANGE_LAST;;1;1;XEUR;2848338;693;
23.12.2024;13:18:52.494;FEXD SI 20261218 CS;SIMPLE_INSTRUMENT;BLOCK;EUR;15;151.50000000;675;EXCHANGE_LAST;;1;1;XEUR;2163053;693;
23.12.2024;08:14:21.355;FGBL SI 20250306 PS;SIMPLE_INSTRUMENT;EFS;EUR;1;133.77000000;179;EXCHANGE_LAST;;1;1;XEUR;11286679;688;
23.12.2024;08:17:05.342;FGBL SI 20250306 PS;SIMPLE_INSTRUMENT;EFP_FIN;EUR;2;133.80000000;1221;EXCHANGE_LAST;;1;1;XEUR;11286679;688;
23.12.2024;08:35:40.172;FGBL SI 20250306 PS;SIMPLE_INSTRUMENT;EFP_FIN;EUR;3;133.87000000;159;EXCHANGE_LAST;;1;1;XEUR;11286679;688;
23.12.2024;08:48:50.371;FGBL SI 20250306 PS;SIMPLE_INSTRUMENT;EFS;EUR;4;133.77000000;466;EXCHANGE_LAST;;1;1;XEUR;11286679;688;
23.12.2024;08:49:16.137;FGBL SI 20250306 PS;SIMPLE_INSTRUMENT;EFS;EUR;5;133.85000000;465;EXCHANGE_LAST;;1;1;XEUR;11286679;688;
23.12.2024;08:49:56.645;FGBL SI 20250306 PS;SIMPLE_INSTRUMENT;EFS;EUR;6;133.82000000;407;EXCHANGE_LAST;;1;1;XEUR;11286679;688;
23.12.2024;09:12:55.272;FGBL SI 20250306 PS;SIMPLE_INSTRUMENT;EFS;EUR;7;133.80000000;932;EXCHANGE_LAST;;1;1;XEUR;11286679;688;
23.12.2024;09:17:48.622;FGBL SI 20250306 PS;SIMPLE_INSTRUMENT;EFS;EUR;8;133.79000000;407;EXCHANGE_LAST;;1;1;XEUR;11286679;688;
23.12.2024;09:23:52.562;FGBL SI 20250306 PS;SIMPLE_INSTRUMENT;EFS;EUR;9;133.75000000;204;EXCHANGE_LAST;;1;1;XEUR;11286679;688;
23.12.2024;09:28:14.036;FGBL SI 20250306 PS;SIMPLE_INSTRUMENT;EFS;EUR;10;133.75000000;408;EXCHANGE_LAST;;1;1;XEUR;11286679;688;
23.12.2024;09:29:52.629;FGBL SI 20250306 PS;SIMPLE_INSTRUMENT;EFS;EUR;11;133.80000000;445;EXCHANGE_LAST;;1;1;XEUR;11286679;688;
23.12.2024;09:40:06.387;FGBL SI 20250306 PS;SIMPLE_INSTRUMENT;EFS;EUR;12;133.76000000;204;EXCHANGE_LAST;;1;1;XEUR;11286679;688;
23.12.2024;09:41:43.817;FGBL SI 20250306 PS;SIMPLE_INSTRUMENT;EFS;EUR;13;133.82000000;466;EXCHANGE_LAST;;1;1;XEUR;11286679;688;
23.12.2024;09:49:37.018;FGBL SI 20250306 PS;SIMPLE_INSTRUMENT;EFS;EUR;14;133.78000000;408;EXCHANGE_LAST;;1;1;XEUR;11286679;688;
23.12.2024;09:54:07.485;FGBL SI 20250306 PS;SIMPLE_INSTRUMENT;EFS;EUR;15;133.74000000;223;EXCHANGE_LAST;;1;1;XEUR;11286679;688;
23.12.2024;10:09:19.595;FGBL SI 20250306 PS;SIMPLE_INSTRUMENT;EFS;EUR;16;133.77000000;466;EXCHANGE_LAST;;1;1;XEUR;11286679;688;
23.12.2024;10:10:48.816;FGBL SI 20250306 PS;SIMPLE_INSTRUMENT;EFS;EUR;17;133.93000000;365;EXCHANGE_LAST;;1;1;XEUR;11286679;688;
23.12.2024;10:12:53.909;FGBL SI 20250306 PS;SIMPLE_INSTRUMENT;EFS;EUR;18;133.93000000;219;EXCHANGE_LAST;;1;1;XEUR;11286679;688;
23.12.2024;10:13:38.940;FGBL SI 20250306 PS;SIMPLE_INSTRUMENT;EFS;EUR;19;133.93000000;146;EXCHANGE_LAST;;1;1;XEUR;11286679;688;
23.12.2024;10:15:44.226;FGBL SI 20250306 PS;SIMPLE_INSTRUMENT;EFS;EUR;20;133.92000000;203;EXCHANGE_LAST;;1;1;XEUR;11286679;688;
23.12.2024;10:19:03.755;FGBL SI 20250306 PS;SIMPLE_INSTRUMENT;EFS;EUR;21;133.93000000;285;EXCHANGE_LAST;;1;1;XEUR;11286679;688;
23.12.2024;10:38:04.671;FGBL SI 20250306 PS;SIMPLE_INSTRUMENT;EFS;EUR;22;133.75000000;224;EXCHANGE_LAST;;1;1;XEUR;11286679;688;
23.12.2024;10:45:07.424;FGBL SI 20250306 PS;SIMPLE_INSTRUMENT;EFS;EUR;23;133.96000000;407;EXCHANGE_LAST;;1;1;XEUR;11286679;688;
23.12.2024;10:56:05.471;FGBL SI 20250306 PS;SIMPLE_INSTRUMENT;EFS;EUR;24;133.99000000;203;EXCHANGE_LAST;;1;1;XEUR;11286679;688;
23.12.2024;10:55:45.360;FGBL SI 20250306 PS;SIMPLE_INSTRUMENT;EFS;EUR;25;134.00000000;407;EXCHANGE_LAST;;1;1;XEUR;11286679;688;
23.12.2024;11:07:02.710;FGBL SI 20250306 PS;SIMPLE_INSTRUMENT;EFS;EUR;26;134.00000000;464;EXCHANGE_LAST;;1;1;XEUR;11286679;688;
23.12.2024;11:08:09.113;FGBL SI 20250306 PS;SIMPLE_INSTRUMENT;EFS;EUR;27;133.94000000;408;EXCHANGE_LAST;;1;1;XEUR;11286679;688;
23.12.2024;11:22:04.471;FGBL SI 20250306 PS;SIMPLE_INSTRUMENT;EFS;EUR;28;133.95000000;407;EXCHANGE_LAST;;1;1;XEUR;11286679;688;
23.12.2024;11:22:31.050;FGBL SI 20250306 PS;SIMPLE_INSTRUMENT;EFS;EUR;29;133.95000000;203;EXCHANGE_LAST;;1;1;XEUR;11286679;688;
23.12.2024;11:25:25.234;FGBL SI 20250306 PS;SIMPLE_INSTRUMENT;EFS;EUR;30;133.95000000;407;EXCHANGE_LAST;;1;1;XEUR;11286679;688;
23.12.2024;11:30:08.037;FGBL SI 20250306 PS;SIMPLE_INSTRUMENT;EFS;EUR;31;133.95000000;407;EXCHANGE_LAST;;1;1;XEUR;11286679;688;
23.12.2024;11:40:04.880;FGBL SI 20250306 PS;SIMPLE_INSTRUMENT;EFS;EUR;32;133.99000000;407;EXCHANGE_LAST;;1;1;XEUR;11286679;688;
23.12.2024;11:41:17.212;FGBL SI 20250306 PS;SIMPLE_INSTRUMENT;EFS;EUR;33;133.99000000;203;EXCHANGE_LAST;;1;1;XEUR;11286679;688;
23.12.2024;11:48:25.902;FGBL SI 20250306 PS;SIMPLE_INSTRUMENT;EFS;EUR;34;133.99000000;500;EXCHANGE_LAST;;1;1;XEUR;11286679;688;
23.12.2024;12:21:28.450;FGBL SI 20250306 PS;SIMPLE_INSTRUMENT;EFS;EUR;35;133.97000000;418;EXCHANGE_LAST;;1;1;XEUR;11286679;688;
23.12.2024;12:31:57.546;FGBL SI 20250306 PS;SIMPLE_INSTRUMENT;EFS;EUR;36;133.90000000;408;EXCHANGE_LAST;;1;1;XEUR;11286679;688;
23.12.2024;12:39:03.920;FGBL SI 20250306 PS;SIMPLE_INSTRUMENT;EFS;EUR;37;133.92000000;465;EXCHANGE_LAST;;1;1;XEUR;11286679;688;
23.12.2024;12:48:54.220;FGBL SI 20250306 PS;SIMPLE_INSTRUMENT;EFS;EUR;38;133.87000000;408;EXCHANGE_LAST;;1;1;XEUR;11286679;688;
23.12.2024;13:08:40.976;FGBL SI 20250306 PS;SIMPLE_INSTRUMENT;EFS;EUR;39;133.85000000;408;EXCHANGE_LAST;;1;1;XEUR;11286679;688;
23.12.2024;13:09:21.007;FGBL SI 20250306 PS;SIMPLE_INSTRUMENT;EFS;EUR;40;133.81000000;408;EXCHANGE_LAST;;1;1;XEUR;11286679;688;
23.12.2024;13:40:39.198;FGBL SI 20250306 PS;SIMPLE_INSTRUMENT;EFS;EUR;41;133.83000000;204;EXCHANGE_LAST;;1;1;XEUR;11286679;688;
23.12.2024;13:41:03.247;FGBL SI 20250306 PS;SIMPLE_INSTRUMENT;EFS;EUR;42;133.83000000;204;EXCHANGE_LAST;;1;1;XEUR;11286679;688;
23.12.2024;13:44:26.413;FGBL SI 20250306 PS;SIMPLE_INSTRUMENT;EFS;EUR;43;133.82000000;407;EXCHANGE_LAST;;1;1;XEUR;11286679;688;
23.12.2024;13:47:04.912;FGBL SI 20250306 PS;SIMPLE_INSTRUMENT;EFS;EUR;44;133.84000000;93;EXCHANGE_LAST;;1;1;XEUR;11286679;688;
23.12.2024;13:50:37.836;FGBL SI 20250306 PS;SIMPLE_INSTRUMENT;EFS;EUR;45;133.78000000;408;EXCHANGE_LAST;;1;1;XEUR;11286679;688;
23.12.2024;14:02:15.101;FGBL SI 20250306 PS;SIMPLE_INSTRUMENT;EFS;EUR;46;133.72000000;408;EXCHANGE_LAST;;1;1;XEUR;11286679;688;
23.12.2024;14:04:00.170;FGBL SI 20250306 PS;SIMPLE_INSTRUMENT;EFS;EUR;47;133.72000000;408;EXCHANGE_LAST;;1;1;XEUR;11286679;688;
23.12.2024;14:20:35.863;FGBL SI 20250306 PS;SIMPLE_INSTRUMENT;EFS;EUR;48;133.82000000;407;EXCHANGE_LAST;;1;1;XEUR;11286679;688;
23.12.2024;14:58:42.382;FGBL SI 20250306 PS;SIMPLE_INSTRUMENT;EFS;EUR;49;133.78000000;408;EXCHANGE_LAST;;1;1;XEUR;11286679;688;
23.12.2024;15:02:22.519;FGBL SI 20250306 PS;SIMPLE_INSTRUMENT;EFS;EUR;50;133.84000000;408;EXCHANGE_LAST;;1;1;XEUR;11286679;688;
23.12.2024;15:10:13.828;FGBL SI 20250306 PS;SIMPLE_INSTRUMENT;EFS;EUR;51;133.80000000;204;EXCHANGE_LAST;;1;1;XEUR;11286679;688;
23.12.2024;15:19:00.707;FGBL SI 20250306 PS;SIMPLE_INSTRUMENT;EFS;EUR;52;133.80000000;448;EXCHANGE_LAST;;1;1;XEUR;11286679;688;
23.12.2024;15:36:30.889;FGBL SI 20250306 PS;SIMPLE_INSTRUMENT;EFS;EUR;53;133.78000000;408;EXCHANGE_LAST;;1;1;XEUR;11286679;688;
23.12.2024;15:37:05.056;FGBL SI 20250306 PS;SIMPLE_INSTRUMENT;EFS;EUR;54;133.80000000;204;EXCHANGE_LAST;;1;1;XEUR;11286679;688;
23.12.2024;15:37:26.839;FGBL SI 20250306 PS;SIMPLE_INSTRUMENT;EFS;EUR;55;133.80000000;204;EXCHANGE_LAST;;1;1;XEUR;11286679;688;
23.12.2024;15:41:50.369;FGBL SI 20250306 PS;SIMPLE_INSTRUMENT;EFS;EUR;56;133.80000000;204;EXCHANGE_LAST;;1;1;XEUR;11286679;688;
23.12.2024;15:43:02.718;FGBL SI 20250306 PS;SIMPLE_INSTRUMENT;EFS;EUR;57;133.80000000;204;EXCHANGE_LAST;;1;1;XEUR;11286679;688;
23.12.2024;15:53:32.939;FGBL SI 20250306 PS;SIMPLE_INSTRUMENT;EFS;EUR;58;133.81000000;204;EXCHANGE_LAST;;1;1;XEUR;11286679;688;
23.12.2024;15:55:38.230;FGBL SI 20250306 PS;SIMPLE_INSTRUMENT;EFS;EUR;59;133.77000000;279;EXCHANGE_LAST;;1;1;XEUR;11286679;688;
23.12.2024;15:56:46.083;FGBL SI 20250306 PS;SIMPLE_INSTRUMENT;EFS;EUR;60;133.78000000;407;EXCHANGE_LAST;;1;1;XEUR;11286679;688;
23.12.2024;16:09:02.021;FGBL SI 20250306 PS;SIMPLE_INSTRUMENT;EFS;EUR;61;133.81000000;407;EXCHANGE_LAST;;1;1;XEUR;11286679;688;
23.12.2024;16:09:16.019;FGBL SI 20250306 PS;SIMPLE_INSTRUMENT;EFS;EUR;62;133.81000000;407;EXCHANGE_LAST;;1;1;XEUR;11286679;688;
23.12.2024;16:24:32.066;FGBL SI 20250306 PS;SIMPLE_INSTRUMENT;EFS;EUR;63;133.76000000;224;EXCHANGE_LAST;;1;1;XEUR;11286679;688;
23.12.2024;16:50:11.717;FGBL SI 20250306 PS;SIMPLE_INSTRUMENT;EFS;EUR;64;133.70000000;204;EXCHANGE_LAST;;1;1;XEUR;11286679;688;
23.12.2024;11:05:14.688;FGBL SI 20250306 PS;SIMPLE_INSTRUMENT;VOLA;EUR;268435469;133.96000000;88;EXCHANGE_LAST;;1;1;XEUR;11286679;688;
23.12.2024;07:58:16.360;FGBM SI 20250306 PS;SIMPLE_INSTRUMENT;EFS;EUR;1;117.99000000;890;EXCHANGE_LAST;;1;1;XEUR;11286680;689;
23.12.2024;08:38:59.395;FGBM SI 20250306 PS;SIMPLE_INSTRUMENT;EFS;EUR;2;117.99000000;983;EXCHANGE_LAST;;1;1;XEUR;11286680;689;
23.12.2024;09:29:56.981;FGBM SI 20250306 PS;SIMPLE_INSTRUMENT;EFS;EUR;4;118.01000000;939;EXCHANGE_LAST;;1;1;XEUR;11286680;689;
23.12.2024;09:29:00.172;FGBM SI 20250306 PS;SIMPLE_INSTRUMENT;EFS;EUR;5;117.98000000;846;EXCHANGE_LAST;;1;1;XEUR;11286680;689;
23.12.2024;09:36:34.700;FGBM SI 20250306 PS;SIMPLE_INSTRUMENT;EFS;EUR;6;117.97000000;888;EXCHANGE_LAST;;1;1;XEUR;11286680;689;
23.12.2024;09:43:53.743;FGBM SI 20250306 PS;SIMPLE_INSTRUMENT;EFP_FIN;EUR;7;117.98000000;71;EXCHANGE_LAST;;1;1;XEUR;11286680;689;
23.12.2024;09:49:36.972;FGBM SI 20250306 PS;SIMPLE_INSTRUMENT;EFS;EUR;8;117.99000000;843;EXCHANGE_LAST;;1;1;XEUR;11286680;689;
23.12.2024;09:54:19.233;FGBM SI 20250306 PS;SIMPLE_INSTRUMENT;EFP_FIN;EUR;9;117.98000000;178;EXCHANGE_LAST;;1;1;XEUR;11286680;689;
23.12.2024;10:00:12.377;FGBM SI 20250306 PS;SIMPLE_INSTRUMENT;EFS;EUR;10;117.99000000;445;EXCHANGE_LAST;;1;1;XEUR;11286680;689;
23.12.2024;10:04:06.464;FGBM SI 20250306 PS;SIMPLE_INSTRUMENT;EFP_FIN;EUR;11;117.96000000;216;EXCHANGE_LAST;;1;1;XEUR;11286680;689;
23.12.2024;10:17:40.028;FGBM SI 20250306 PS;SIMPLE_INSTRUMENT;EFP_FIN;EUR;12;117.96000000;216;EXCHANGE_LAST;;1;1;XEUR;11286680;689;
23.12.2024;10:22:53.057;FGBM SI 20250306 PS;SIMPLE_INSTRUMENT;EFS;EUR;13;118.06000000;470;EXCHANGE_LAST;;1;1;XEUR;11286680;689;
23.12.2024;10:37:46.669;FGBM SI 20250306 PS;SIMPLE_INSTRUMENT;EFS;EUR;14;117.98000000;473;EXCHANGE_LAST;;1;1;XEUR;11286680;689;
23.12.2024;10:47:22.235;FGBM SI 20250306 PS;SIMPLE_INSTRUMENT;EFS;EUR;15;118.08000000;890;EXCHANGE_LAST;;1;1;XEUR;11286680;689;
23.12.2024;11:05:43.981;FGBM SI 20250306 PS;SIMPLE_INSTRUMENT;EFS;EUR;16;118.06000000;445;EXCHANGE_LAST;;1;1;XEUR;11286680;689;
23.12.2024;11:05:53.992;FGBM SI 20250306 PS;SIMPLE_INSTRUMENT;EFS;EUR;17;118.06000000;445;EXCHANGE_LAST;;1;1;XEUR;11286680;689;
23.12.2024;11:11:03.067;FGBM SI 20250306 PS;SIMPLE_INSTRUMENT;EFS;EUR;18;118.06000000;888;EXCHANGE_LAST;;1;1;XEUR;11286680;689;
23.12.2024;11:12:16.146;FGBM SI 20250306 PS;SIMPLE_INSTRUMENT;EFP_FIN;EUR;19;118.06000000;385;EXCHANGE_LAST;;1;1;XEUR;11286680;689;
23.12.2024;11:17:04.042;FGBM SI 20250306 PS;SIMPLE_INSTRUMENT;EFP_FIN;EUR;20;118.04000000;385;EXCHANGE_LAST;;1;1;XEUR;11286680;689;
23.12.2024;11:29:31.115;FGBM SI 20250306 PS;SIMPLE_INSTRUMENT;EFS;EUR;21;118.07000000;445;EXCHANGE_LAST;;1;1;XEUR;11286680;689;
23.12.2024;11:40:45.675;FGBM SI 20250306 PS;SIMPLE_INSTRUMENT;EFS;EUR;22;118.06000000;1964;EXCHANGE_LAST;;1;1;XEUR;11286680;689;
23.12.2024;12:20:51.116;FGBM SI 20250306 PS;SIMPLE_INSTRUMENT;EFS;EUR;23;118.08000000;623;EXCHANGE_LAST;;1;1;XEUR;11286680;689;
23.12.2024;12:39:00.700;FGBM SI 20250306 PS;SIMPLE_INSTRUMENT;EFS;EUR;24;118.03000000;500;EXCHANGE_LAST;;1;1;XEUR;11286680;689;
23.12.2024;12:42:02.960;FGBM SI 20250306 PS;SIMPLE_INSTRUMENT;EFS;EUR;25;118.02000000;890;EXCHANGE_LAST;;1;1;XEUR;11286680;689;
23.12.2024;12:53:44.847;FGBM SI 20250306 PS;SIMPLE_INSTRUMENT;EFS;EUR;26;118.01000000;983;EXCHANGE_LAST;;1;1;XEUR;11286680;689;
23.12.2024;12:56:23.684;FGBM SI 20250306 PS;SIMPLE_INSTRUMENT;EFS;EUR;27;118.01000000;984;EXCHANGE_LAST;;1;1;XEUR;11286680;689;
23.12.2024;13:05:55.868;FGBM SI 20250306 PS;SIMPLE_INSTRUMENT;EFS;EUR;28;118.02000000;890;EXCHANGE_LAST;;1;1;XEUR;11286680;689;
23.12.2024;13:42:41.110;FGBM SI 20250306 PS;SIMPLE_INSTRUMENT;EFS;EUR;29;118.00000000;842;EXCHANGE_LAST;;1;1;XEUR;11286680;689;
23.12.2024;13:45:58.749;FGBM SI 20250306 PS;SIMPLE_INSTRUMENT;EFS;EUR;30;118.01000000;195;EXCHANGE_LAST;;1;1;XEUR;11286680;689;
23.12.2024;13:46:56.211;FGBM SI 20250306 PS;SIMPLE_INSTRUMENT;EFP_FIN;EUR;31;118.00000000;1337;EXCHANGE_LAST;;1;1;XEUR;11286680;689;
23.12.2024;14:05:51.885;FGBM SI 20250306 PS;SIMPLE_INSTRUMENT;EFS;EUR;32;118.02000000;492;EXCHANGE_LAST;;1;1;XEUR;11286680;689;
23.12.2024;14:19:02.403;FGBM SI 20250306 PS;SIMPLE_INSTRUMENT;EFS;EUR;33;118.01000000;842;EXCHANGE_LAST;;1;1;XEUR;11286680;689;
23.12.2024;15:27:25.796;FGBM SI 20250306 PS;SIMPLE_INSTRUMENT;EFS;EUR;34;118.01000000;444;EXCHANGE_LAST;;1;1;XEUR;11286680;689;
23.12.2024;15:28:46.416;FGBM SI 20250306 PS;SIMPLE_INSTRUMENT;EFS;EUR;35;118.01000000;421;EXCHANGE_LAST;;1;1;XEUR;11286680;689;
23.12.2024;15:36:30.844;FGBM SI 20250306 PS;SIMPLE_INSTRUMENT;EFS;EUR;36;117.98000000;843;EXCHANGE_LAST;;1;1;XEUR;11286680;689;
23.12.2024;15:42:40.043;FGBM SI 20250306 PS;SIMPLE_INSTRUMENT;EFP_FIN;EUR;37;118.00000000;932;EXCHANGE_LAST;;1;1;XEUR;11286680;689;
23.12.2024;15:53:05.506;FGBM SI 20250306 PS;SIMPLE_INSTRUMENT;EFS;EUR;38;117.99000000;421;EXCHANGE_LAST;;1;1;XEUR;11286680;689;
23.12.2024;16:26:20.673;FGBM SI 20250306 PS;SIMPLE_INSTRUMENT;EFS;EUR;39;117.93000000;445;EXCHANGE_LAST;;1;1;XEUR;11286680;689;
23.12.2024;16:34:46.999;FGBM SI 20250306 PS;SIMPLE_INSTRUMENT;EFS;EUR;40;117.91000000;445;EXCHANGE_LAST;;1;1;XEUR;11286680;689;
23.12.2024;08:03:38.134;FGBS SI 20250306 PS;SIMPLE_INSTRUMENT;EFS;EUR;1;107.04000000;2730;EXCHANGE_LAST;;1;1;XEUR;11286681;690;
23.12.2024;08:39:19.987;FGBS SI 20250306 PS;SIMPLE_INSTRUMENT;EFS;EUR;2;107.05000000;422;EXCHANGE_LAST;;1;1;XEUR;11286681;690;
23.12.2024;08:48:22.369;FGBS SI 20250306 PS;SIMPLE_INSTRUMENT;EFS;EUR;3;107.05000000;2730;EXCHANGE_LAST;;1;1;XEUR;11286681;690;
23.12.2024;08:58:25.800;FGBS SI 20250306 PS;SIMPLE_INSTRUMENT;EFS;EUR;4;107.06000000;2729;EXCHANGE_LAST;;1;1;XEUR;11286681;690;
23.12.2024;09:01:33.253;FGBS SI 20250306 PS;SIMPLE_INSTRUMENT;EFS;EUR;5;107.05500000;2663;EXCHANGE_LAST;;1;1;XEUR;11286681;690;
23.12.2024;09:17:29.119;FGBS SI 20250306 PS;SIMPLE_INSTRUMENT;EFS;EUR;6;107.05500000;2730;EXCHANGE_LAST;;1;1;XEUR;11286681;690;
23.12.2024;09:27:18.286;FGBS SI 20250306 PS;SIMPLE_INSTRUMENT;EFP_FIN;EUR;7;107.05500000;935;EXCHANGE_LAST;;1;1;XEUR;11286681;690;
23.12.2024;09:33:33.908;FGBS SI 20250306 PS;SIMPLE_INSTRUMENT;EFP_FIN;EUR;8;107.04000000;935;EXCHANGE_LAST;;1;1;XEUR;11286681;690;
23.12.2024;09:37:51.628;FGBS SI 20250306 PS;SIMPLE_INSTRUMENT;EFS;EUR;9;107.04000000;2730;EXCHANGE_LAST;;1;1;XEUR;11286681;690;
23.12.2024;09:42:48.627;FGBS SI 20250306 PS;SIMPLE_INSTRUMENT;EFS;EUR;10;107.06000000;2730;EXCHANGE_LAST;;1;1;XEUR;11286681;690;
23.12.2024;10:03:34.704;FGBS SI 20250306 PS;SIMPLE_INSTRUMENT;EFS;EUR;11;107.04000000;2730;EXCHANGE_LAST;;1;1;XEUR;11286681;690;
23.12.2024;10:06:25.283;FGBS SI 20250306 PS;SIMPLE_INSTRUMENT;EFS;EUR;12;107.03500000;2730;EXCHANGE_LAST;;1;1;XEUR;11286681;690;
23.12.2024;10:09:07.594;FGBS SI 20250306 PS;SIMPLE_INSTRUMENT;EFS;EUR;13;107.05000000;2730;EXCHANGE_LAST;;1;1;XEUR;11286681;690;
23.12.2024;10:20:39.625;FGBS SI 20250306 PS;SIMPLE_INSTRUMENT;EFS;EUR;14;107.03500000;2730;EXCHANGE_LAST;;1;1;XEUR;11286681;690;
23.12.2024;10:25:26.566;FGBS SI 20250306 PS;SIMPLE_INSTRUMENT;EFS;EUR;15;107.06000000;1306;EXCHANGE_LAST;;1;1;XEUR;11286681;690;
23.12.2024;10:26:45.980;FGBS SI 20250306 PS;SIMPLE_INSTRUMENT;EFS;EUR;16;107.04500000;2730;EXCHANGE_LAST;;1;1;XEUR;11286681;690;
23.12.2024;10:36:53.412;FGBS SI 20250306 PS;SIMPLE_INSTRUMENT;EFS;EUR;17;107.04500000;2730;EXCHANGE_LAST;;1;1;XEUR;11286681;690;
23.12.2024;10:59:06.050;FGBS SI 20250306 PS;SIMPLE_INSTRUMENT;EFP_FIN;EUR;18;107.08000000;1841;EXCHANGE_LAST;;1;1;XEUR;11286681;690;
23.12.2024;11:06:02.555;FGBS SI 20250306 PS;SIMPLE_INSTRUMENT;EFS;EUR;19;107.07500000;2729;EXCHANGE_LAST;;1;1;XEUR;11286681;690;
23.12.2024;12:23:04.220;FGBS SI 20250306 PS;SIMPLE_INSTRUMENT;EFS;EUR;20;107.07000000;2456;EXCHANGE_LAST;;1;1;XEUR;11286681;690;
23.12.2024;12:50:41.361;FGBS SI 20250306 PS;SIMPLE_INSTRUMENT;EFS;EUR;21;107.06500000;2729;EXCHANGE_LAST;;1;1;XEUR;11286681;690;
23.12.2024;12:51:52.496;FGBS SI 20250306 PS;SIMPLE_INSTRUMENT;EFS;EUR;22;107.06000000;2729;EXCHANGE_LAST;;1;1;XEUR;11286681;690;
23.12.2024;16:11:28.507;FGBS SI 20250306 PS;SIMPLE_INSTRUMENT;EFP_FIN;EUR;23;107.03000000;248;EXCHANGE_LAST;;1;1;XEUR;11286681;690;
23.12.2024;09:55:35.161;FGBX SI 20250306 PS;SIMPLE_INSTRUMENT;EFS;EUR;2;133.52000000;87;EXCHANGE_LAST;;1;1;XEUR;11286682;691;
23.12.2024;12:18:29.911;FGBX SI 20250306 PS;SIMPLE_INSTRUMENT;EFS;EUR;4;134.14000000;87;EXCHANGE_LAST;;1;1;XEUR;11286682;691;
23.12.2024;13:21:28.835;FGBX SI 20250306 PS;SIMPLE_INSTRUMENT;EFS;EUR;8;133.70000000;100;EXCHANGE_LAST;;1;1;XEUR;11286682;691;
23.12.2024;05:09:09.885;FMAU SI 20250321 CS;SIMPLE_INSTRUMENT;BLOCK;USD;10;5568.69700000;145;EXCHANGE_LAST;;1;1;XEUR;7590511;45287;
23.12.2024;08:19:49.243;FMAW SI 20250321 CS;SIMPLE_INSTRUMENT;BLOCK;USD;4;854.73000000;130;EXCHANGE_LAST;;1;1;XEUR;7591463;221295;
23.12.2024;00:47:12.816;FMCH SI 20250321 CS;SIMPLE_INSTRUMENT;BLOCK;USD;1;509.57200000;980;EXCHANGE_LAST;;1;1;XEUR;7592069;402909;
23.12.2024;02:26:33.023;FMEA SI 20250321 CS;SIMPLE_INSTRUMENT;BLOCK;USD;6;695.52000000;500;EXCHANGE_LAST;;1;1;XEUR;7589834;12395;
23.12.2024;08:53:52.837;FMEL SI 20250321 CS;SIMPLE_INSTRUMENT;BLOCK;USD;22;488.89000000;45;EXCHANGE_LAST;;1;1;XEUR;7589856;12397;
23.12.2024;07:34:36.000;FMEM SI 20250321 CS;SIMPLE_INSTRUMENT;BLOCK;USD;12;579.09200000;1025;EXCHANGE_LAST;;1;1;XEUR;7589821;12394;
23.12.2024;10:12:31.459;FMGC SI 20250321 CS;SIMPLE_INSTRUMENT;BLOCK;USD;26;12681.63000000;81;EXCHANGE_LAST;;1;1;XEUR;7590767;48916;
23.12.2024;15:26:15.585;FMGO SI 20250321 CS;SIMPLE_INSTRUMENT;BLOCK;USD;27;5145.00000000;74;EXCHANGE_LAST;;1;1;XEUR;8609359;583623;
23.12.2024;01:47:35.527;FMHK SI 20250321 CS;SIMPLE_INSTRUMENT;BLOCK;USD;3;56580.00000000;56;EXCHANGE_LAST;;1;1;XEUR;7590500;45282;
23.12.2024;06:40:00.408;FMID SI 20250321 CS;SIMPLE_INSTRUMENT;BLOCK;USD;2;1581.00000000;106;EXCHANGE_LAST;;1;1;XEUR;7590528;45289;
23.12.2024;08:26:24.075;FMID SI 20250321 CS;SIMPLE_INSTRUMENT;BLOCK;USD;5;1563.74000000;590;EXCHANGE_LAST;;1;1;XEUR;7590528;45289;
23.12.2024;00:50:08.787;FMIN SI 20250321 CS;SIMPLE_INSTRUMENT;BLOCK;USD;2;1274.73500000;76;EXCHANGE_LAST;;1;1;XEUR;7589865;12404;
23.12.2024;02:09:36.280;FMIN SI 20250321 CS;SIMPLE_INSTRUMENT;BLOCK;USD;4;1273.60100000;55;EXCHANGE_LAST;;1;1;XEUR;7589865;12404;
23.12.2024;02:16:57.311;FMIN SI 20250321 CS;SIMPLE_INSTRUMENT;BLOCK;USD;5;1273.98100000;60;EXCHANGE_LAST;;1;1;XEUR;7589865;12404;
23.12.2024;02:40:05.508;FMIN SI 20250321 CS;SIMPLE_INSTRUMENT;BLOCK;USD;7;1274.22900000;430;EXCHANGE_LAST;;2;2;XEUR;7589865;12404;
23.12.2024;02:45:04.315;FMIN SI 20250321 CS;SIMPLE_INSTRUMENT;BLOCK;USD;9;1273.60100000;40;EXCHANGE_LAST;;1;1;XEUR;7589865;12404;
23.12.2024;08:21:07.677;FMIN SI 20250321 CS;SIMPLE_INSTRUMENT;BLOCK;USD;20;1273.85200000;40;EXCHANGE_LAST;;1;1;XEUR;7589865;12404;
23.12.2024;09:04:16.377;FMJP SI 20250321 CS;SIMPLE_INSTRUMENT;EFP_IDX;USD;23;8476.51400000;272;EXCHANGE_LAST;;1;1;XEUR;7588794;661;
23.12.2024;08:00:05.230;FMMI SI 20250321 CS;SIMPLE_INSTRUMENT;BLOCK;USD;3;371.23100000;1730;EXCHANGE_LAST;;1;1;XEUR;7591214;124328;
23.12.2024;08:41:18.715;FMOV SI 20250321 CS;SIMPLE_INSTRUMENT;EFP_IDX;USD;21;13875.91000000;495;EXCHANGE_LAST;;1;1;XEUR;7590876;51878;
23.12.2024;02:42:39.083;FMSI SI 20250321 CS;SIMPLE_INSTRUMENT;BLOCK;USD;1;17006.57200000;663;EXCHANGE_LAST;;1;2;XEUR;7590881;51883;
23.12.2024;08:18:30.903;FMWN SI 20250321 CS;SIMPLE_INSTRUMENT;EFP_IDX;EUR;19;585.31000000;28;EXCHANGE_LAST;;1;1;XEUR;7590222;30654;
23.12.2024;07:31:56.656;FMWO SI 20250321 CS;SIMPLE_INSTRUMENT;EFP_IDX;USD;11;11931.71000000;219;EXCHANGE_LAST;;1;1;XEUR;7589707;7059;
23.12.2024;07:52:15.085;FMWO SI 20250321 CS;SIMPLE_INSTRUMENT;EFP_IDX;USD;14;11933.05000000;14;EXCHANGE_LAST;;1;1;XEUR;7589707;7059;
23.12.2024;07:54:35.761;FMWO SI 20250321 CS;SIMPLE_INSTRUMENT;EFP_IDX;USD;15;11933.01000000;815;EXCHANGE_LAST;;1;1;XEUR;7589707;7059;
23.12.2024;07:59:26.248;FMWO SI 20250321 CS;SIMPLE_INSTRUMENT;EFP_IDX;USD;16;11934.46000000;52;EXCHANGE_LAST;;1;1;XEUR;7589707;7059;
23.12.2024;09:19:35.517;FMWO SI 20250321 CS;SIMPLE_INSTRUMENT;BLOCK;USD;24;11927.71000000;120;EXCHANGE_LAST;;1;1;XEUR;7589707;7059;
23.12.2024;09:19:44.097;FMWO SI 20250321 CS;SIMPLE_INSTRUMENT;BLOCK;USD;25;11921.96000000;200;EXCHANGE_LAST;;1;1;XEUR;7589707;7059;
23.12.2024;08:22:39.794;FMWP SI 20250321 CS;SIMPLE_INSTRUMENT;BLOCK;USD;18;3763.22000000;135;EXCHANGE_LAST;;1;1;XEUR;7408973;30656;
23.12.2024;08:17:36.742;FMWZ SI 20250321 CS;SIMPLE_INSTRUMENT;EFP_IDX;USD;17;1273.79200000;3075;EXCHANGE_LAST;;1;1;XEUR;9508166;674556;
23.12.2024;09:08:35.655;FOAT SI 20250306 PS;SIMPLE_INSTRUMENT;EFS;EUR;1;123.95000000;271;EXCHANGE_LAST;;1;1;XEUR;11286683;749;
23.12.2024;12:20:50.881;FOAT SI 20250306 PS;SIMPLE_INSTRUMENT;EFP_FIN;EUR;2;124.08000000;89;EXCHANGE_LAST;;1;1;XEUR;11286683;749;
23.12.2024;12:52:47.979;FOAT SI 20250306 PS;SIMPLE_INSTRUMENT;EFP_FIN;EUR;3;123.98000000;398;EXCHANGE_LAST;;1;1;XEUR;11286683;749;
23.12.2024;13:34:29.795;FOAT SI 20250306 PS;SIMPLE_INSTRUMENT;EFP_FIN;EUR;4;124.08000000;222;EXCHANGE_LAST;;1;1;XEUR;11286683;749;
23.12.2024;13:57:02.651;FOAT SI 20250306 PS;SIMPLE_INSTRUMENT;EFP_FIN;EUR;5;123.90000000;125;EXCHANGE_LAST;;1;1;XEUR;11286683;749;
23.12.2024;15:02:44.745;FOAT SI 20250306 PS;SIMPLE_INSTRUMENT;EFP_FIN;EUR;6;123.83000000;228;EXCHANGE_LAST;;1;1;XEUR;11286683;749;
23.12.2024;16:46:01.525;FSCP SI 20250321 CS;SIMPLE_INSTRUMENT;EFP_IDX;EUR;24;332.00000000;12;EXCHANGE_LAST;;1;1;XEUR;11360241;764;
23.12.2024;16:46:37.765;FSCP SI 20250321 CS;SIMPLE_INSTRUMENT;EFP_IDX;EUR;25;331.90000000;108;EXCHANGE_LAST;;1;1;XEUR;11360241;764;
23.12.2024;16:49:57.565;FSEG SI 20250321 CS;SIMPLE_INSTRUMENT;EFP_IDX;EUR;26;187.40000000;2;EXCHANGE_LAST;;1;1;XEUR;11393888;109977;
23.12.2024;16:50:43.014;FSEG SI 20250321 CS;SIMPLE_INSTRUMENT;EFP_IDX;EUR;27;187.30000000;15;EXCHANGE_LAST;;1;1;XEUR;11393888;109977;
23.12.2024;16:05:02.790;FSMI SI 20250321 CS;SIMPLE_INSTRUMENT;BLOCK;CHF;2;11448.00000000;1000;EXCHANGE_LAST;;1;1;XEUR;7793721;757;
23.12.2024;16:33:15.697;FSSX SI 20250321 CS;SIMPLE_INSTRUMENT;BLOCK;EUR;19;206.00000000;887;EXCHANGE_LAST;;1;1;XEUR;11401329;300496;
23.12.2024;12:36:53.053;FSTA SI 20250321 CS;SIMPLE_INSTRUMENT;EFP_IDX;EUR;1;548.10000000;242;EXCHANGE_LAST;;1;1;XEUR;11359808;715;
23.12.2024;12:37:07.371;FSTA SI 20250321 CS;SIMPLE_INSTRUMENT;EFP_IDX;EUR;2;548.20000000;162;EXCHANGE_LAST;;1;1;XEUR;11359808;715;
23.12.2024;16:39:17.447;FSTB SI 20250321 CS;SIMPLE_INSTRUMENT;EFP_IDX;EUR;20;207.80000000;52;EXCHANGE_LAST;;1;1;XEUR;11359807;714;
23.12.2024;16:39:36.054;FSTB SI 20250321 CS;SIMPLE_INSTRUMENT;EFP_IDX;EUR;21;207.70000000;470;EXCHANGE_LAST;;1;1;XEUR;11359807;714;
23.12.2024;16:42:29.593;FSTE SI 20250321 CS;SIMPLE_INSTRUMENT;EFP_IDX;EUR;3;325.70000000;245;EXCHANGE_LAST;;1;1;XEUR;11359812;719;
23.12.2024;16:43:02.091;FSTL SI 20250321 CS;SIMPLE_INSTRUMENT;EFP_IDX;EUR;22;125.10000000;243;EXCHANGE_LAST;;1;1;XEUR;11359767;706;
23.12.2024;16:43:09.107;FSTL SI 20250321 CS;SIMPLE_INSTRUMENT;EFP_IDX;EUR;23;125.20000000;243;EXCHANGE_LAST;;1;1;XEUR;11359767;706;
23.12.2024;12:51:24.426;G2OB SI 20251219 CS;SIMPLE_INSTRUMENT;BLOCK;EUR;28;2.23000000;65;EXCHANGE_LAST;;1;1;XEUR;5914673;805;
23.12.2024;10:54:36.143;G3ZF SI 20261218 CS;SIMPLE_INSTRUMENT;BLOCK;EUR;14;1.11500000;2913;EXCHANGE_LAST;;1;1;XEUR;6825108;144760;
23.12.2024;15:55:27.478;GAD SI 20250117 PS AM P 95.00 0;SIMPLE_INSTRUMENT;BLOCK;CHF;31;1.15000000;250;EXCHANGE_LAST;;1;1;XEUR;12506704;834185;
23.12.2024;15:16:35.307;GEBN SI 20261218 PS AM P 400.00 0;SIMPLE_INSTRUMENT;BLOCK;CHF;28;22.10000000;750;EXCHANGE_LAST;;1;1;XEUR;12444249;882;
23.12.2024;10:08:11.788;GOB SI 20250117 PS AM C 88.00 0;SIMPLE_INSTRUMENT;BLOCK;EUR;4;0.98000000;500;EXCHANGE_LAST;;1;1;XEUR;12076687;874;
23.12.2024;14:20:10.440;GOBG SI 20250321 CS;SIMPLE_INSTRUMENT;BLOCK;EUR;34;86.30000000;510;EXCHANGE_LAST;;1;1;XEUR;10701890;873;
23.12.2024;15:43:44.197;HFG SI 20250117 PS AM C 13.00 0;SIMPLE_INSTRUMENT;BLOCK;EUR;2;0.38000000;821;EXCHANGE_LAST;;1;1;XEUR;12137676;174740;
23.12.2024;14:42:48.021;HMI SI 20250321 PS AM C 2600.00 0;SIMPLE_INSTRUMENT;BLOCK;EUR;17;30.78000000;69;EXCHANGE_LAST;;1;1;XEUR;11125310;950;
23.12.2024;09:41:30.085;ISPI SI 20250117 CS;SIMPLE_INSTRUMENT;BLOCK;EUR;4;22.30000000;4500;EXCHANGE_LAST;;1;1;XEUR;10437370;57112;
23.12.2024;08:50:28.075;ITK SI 20251219 PS AM P 44.00 0;SIMPLE_INSTRUMENT;BLOCK;EUR;1;2.61000000;550;EXCHANGE_LAST;;1;1;XEUR;6635609;999;
23.12.2024;11:47:09.574;K3BC SI 20261218 CS;SIMPLE_INSTRUMENT;BLOCK;EUR;16;3.75000000;50;EXCHANGE_LAST;;1;1;XEUR;7853695;518109;
23.12.2024;11:47:40.177;K3BC SI 20271217 CS;SIMPLE_INSTRUMENT;BLOCK;EUR;20;3.50000000;75;EXCHANGE_LAST;;1;1;XEUR;8426127;518109;
23.12.2024;11:09:05.284;KGX SI 20281215 PS AM P 28.00 0;SIMPLE_INSTRUMENT;BLOCK;EUR;2;6.45000000;500;EXCHANGE_LAST;;1;1;XEUR;10431722;14929;
23.12.2024;15:54:30.593;LHA SI 20250919 PS AM P 5.60 0;SIMPLE_INSTRUMENT;BLOCK;EUR;12;0.40000000;1500;EXCHANGE_LAST;;1;1;XEUR;11887533;1126;
23.12.2024;15:54:36.562;LHA SI 20250919 PS AM P 5.60 0;SIMPLE_INSTRUMENT;BLOCK;EUR;13;0.39000000;1500;EXCHANGE_LAST;;1;1;XEUR;11887533;1126;
23.12.2024;13:21:37.165;LOGN SI 20250221 PS AM P 70.00 0;SIMPLE_INSTRUMENT;BLOCK;CHF;20;2.12000000;400;EXCHANGE_LAST;;1;1;XEUR;12249690;1143;
23.12.2024;12:42:47.354;LONN SI 20250221 PS AM P 510.00 0;SIMPLE_INSTRUMENT;BLOCK;CHF;16;13.51000000;1000;EXCHANGE_LAST;;1;1;XEUR;12249315;1141;
23.12.2024;10:31:17.007;MOH SI 20250919 PS AM P 560.00 0;SIMPLE_INSTRUMENT;BLOCK;EUR;5;27.85000000;150;EXCHANGE_LAST;;1;1;XEUR;11886601;1074;
23.12.2024;15:44:07.924;MRK SI 20250117 PS AM C 144.00 0;SIMPLE_INSTRUMENT;BLOCK;EUR;2;1.05000000;400;EXCHANGE_LAST;;1;1;XEUR;12081436;1223;
23.12.2024;10:29:11.371;MUV2 SI 20250919 PS AM P 480.00 0;SIMPLE_INSTRUMENT;BLOCK;EUR;1;29.10000000;200;EXCHANGE_LAST;;1;1;XEUR;11890748;1234;
23.12.2024;09:34:54.763;NESN.O.241223.STG.000008;STANDARD_OPTION_STRATEGY;BLOCK;CHF;4;6.65000000;750;EXCHANGE_LAST;;1;1;XEUR;72063018581704159;1263;
23.12.2024;09:34:54.763;NESN SI 20250620 PS AM P 76.00 0;SIMPLE_INSTRUMENT;BLOCK;CHF;4;5.66000000;750;PRC_DECOMP_EXCHANGE;;;;XEUR;7911178;1263;EXCHANGE
23.12.2024;09:34:54.763;NESN SI 20250620 PS AM C 80.00 0;SIMPLE_INSTRUMENT;BLOCK;CHF;4;0.99000000;750;PRC_DECOMP_EXCHANGE;;;;XEUR;11370067;1263;EXCHANGE
23.12.2024;09:52:43.837;NESN.O.241223.STD.000010;STANDARD_OPTION_STRATEGY;BLOCK;CHF;9;5.01000000;750;EXCHANGE_LAST;;1;1;XEUR;72063018581704161;1263;
23.12.2024;09:52:43.837;NESN SI 20250321 PS AM C 76.00 0;SIMPLE_INSTRUMENT;BLOCK;CHF;9;1.52000000;750;PRC_DECOMP_EXCHANGE;;;;XEUR;10849712;1263;EXCHANGE
23.12.2024;09:52:43.837;NESN SI 20250321 PS AM P 76.00 0;SIMPLE_INSTRUMENT;BLOCK;CHF;9;3.49000000;750;PRC_DECOMP_EXCHANGE;;;;XEUR;10849732;1263;EXCHANGE
23.12.2024;10:37:54.159;ODAX.V.241223.PUT+U.000165;OPTION_VOLATILITY_STRATEGY;BLOCK;EUR;671088641;489.80000000;4;EXCHANGE_LAST;;1;1;XEUR;72062644920397890;1176;
23.12.2024;10:37:54.159;FDAX SI 20250321 CS;SIMPLE_INSTRUMENT;BLOCK;EUR;671088641;20070.00000000;44;PRC_DECOMP_EXCHANGE;;;;XEUR;7561255;1176;EXCHANGE
23.12.2024;10:37:54.159;ODAX SI 20250321 CS EU P 19900 0;SIMPLE_INSTRUMENT;BLOCK;EUR;671088641;489.80000000;500;PRC_DECOMP_EXCHANGE;;;;XEUR;11864451;1176;EXCHANGE
23.12.2024;14:26:06.427;ODAX.V.241223.BER+U.000211;OPTION_VOLATILITY_STRATEGY;BLOCK;EUR;671088642;744.00000000;8;EXCHANGE_LAST;;1;1;XEUR;72062644920397936;1176;
23.12.2024;14:26:06.427;ODAX SI 20251219 CS EU P 20600 0;SIMPLE_INSTRUMENT;BLOCK;EUR;671088642;1264.00000000;1000;PRC_DECOMP_MEMBER;;;;XEUR;10977216;1176;MEMBER
23.12.2024;14:26:06.427;FDAX SI 20250321 CS;SIMPLE_INSTRUMENT;BLOCK;EUR;671088642;20020.00000000;56;PRC_DECOMP_MEMBER;;;;XEUR;7561255;1176;MEMBER
23.12.2024;14:26:06.427;ODAX SI 20251219 CS EU P 18000 0;SIMPLE_INSTRUMENT;BLOCK;EUR;671088642;520.00000000;1000;PRC_DECOMP_MEMBER;;;;XEUR;9641107;1176;MEMBER
23.12.2024;15:39:45.912;ODAX.V.241223.STG-U.000228;OPTION_VOLATILITY_STRATEGY;BLOCK;EUR;671088643;223.00000000;4;EXCHANGE_LAST;;1;1;XEUR;72062644920397953;1176;
23.12.2024;15:39:45.912;ODAX SI 20250117 CS EU P 19250 0;SIMPLE_INSTRUMENT;BLOCK;EUR;671088643;92.90000000;500;PRC_DECOMP_EXCHANGE;;;;XEUR;12080546;1176;EXCHANGE
23.12.2024;15:39:45.912;ODAX SI 20250117 CS EU C 20200 0;SIMPLE_INSTRUMENT;BLOCK;EUR;671088643;130.10000000;500;PRC_DECOMP_EXCHANGE;;;;XEUR;12080635;1176;EXCHANGE
23.12.2024;15:39:45.912;FDAX SI 20250321 CS;SIMPLE_INSTRUMENT;BLOCK;EUR;671088643;20020.00000000;12;PRC_DECOMP_EXCHANGE;;;;XEUR;7561255;1176;EXCHANGE
23.12.2024;15:39:06.198;ODAX.V.241223.BUL-U.000227;OPTION_VOLATILITY_STRATEGY;BLOCK;EUR;671088644;342.30000000;2;EXCHANGE_LAST;;1;1;XEUR;72062644920397952;1176;
23.12.2024;15:39:06.198;ODAX SI 20250321 CS EU C 21200 0;SIMPLE_INSTRUMENT;BLOCK;EUR;671088644;113.50000000;750;PRC_DECOMP_EXCHANGE;;;;XEUR;10342424;1176;EXCHANGE
23.12.2024;15:39:06.198;FDAX SI 20250321 CS;SIMPLE_INSTRUMENT;BLOCK;EUR;671088644;20015.00000000;44;PRC_DECOMP_EXCHANGE;;;;XEUR;7561255;1176;EXCHANGE
23.12.2024;15:39:06.198;ODAX SI 20250321 CS EU C 20200 0;SIMPLE_INSTRUMENT;BLOCK;EUR;671088644;455.80000000;750;PRC_DECOMP_EXCHANGE;;;;XEUR;10382400;1176;EXCHANGE
23.12.2024;09:15:39.384;OESX SI 20250117 CS EU P 4800 0;SIMPLE_INSTRUMENT;BLOCK;EUR;5;47.00000000;1265;EXCHANGE_LAST;;1;1;XEUR;10416562;1210;
23.12.2024;09:15:44.564;OESX SI 20250221 CS EU P 4700 0;SIMPLE_INSTRUMENT;BLOCK;EUR;6;62.80000000;1265;EXCHANGE_LAST;;1;1;XEUR;10575925;1210;
23.12.2024;09:39:12.144;OESX SI 20250117 CS EU P 4975 0;SIMPLE_INSTRUMENT;BLOCK;EUR;8;135.00000000;2793;EXCHANGE_LAST;;1;1;XEUR;11282772;1210;
23.12.2024;09:38:00.722;OESX SI 20250221 CS EU P 4175 0;SIMPLE_INSTRUMENT;BLOCK;EUR;9;14.90000000;2450;EXCHANGE_LAST;;1;1;XEUR;11284175;1210;
23.12.2024;10:16:29.913;OESX SI 20250321 CS EU P 4100 0;SIMPLE_INSTRUMENT;BLOCK;EUR;12;20.00000000;1540;EXCHANGE_LAST;;1;1;XEUR;7798171;1210;
23.12.2024;10:16:35.437;OESX SI 20260619 CS EU C 6000 0;SIMPLE_INSTRUMENT;BLOCK;EUR;13;30.00000000;1100;EXCHANGE_LAST;;1;1;XEUR;9671843;1210;
23.12.2024;10:21:51.090;OESX SI 20251219 CS EU P 4850 0;SIMPLE_INSTRUMENT;BLOCK;EUR;14;305.40000000;1450;EXCHANGE_LAST;;1;1;XEUR;10755092;1210;
23.12.2024;10:21:42.102;OESX SI 20251219 CS EU P 4850 0;SIMPLE_INSTRUMENT;BLOCK;EUR;15;305.50000000;5827;EXCHANGE_LAST;;1;1;XEUR;10755092;1210;
23.12.2024;10:19:46.477;OESX.O.241223.BOX.000145;STANDARD_OPTION_STRATEGY;BLOCK;EUR;18;4966.00000000;2500;EXCHANGE_LAST;;1;2;XEUR;72062790950183968;1210;
23.12.2024;10:19:46.477;OESX SI 20250321 CS EU C 6000 0;SIMPLE_INSTRUMENT;BLOCK;EUR;18;0.20000000;2500;PRC_DECOMP_EXCHANGE;;;;XEUR;7798839;1210;EXCHANGE
23.12.2024;10:19:46.477;OESX SI 20250321 CS EU C 1000 0;SIMPLE_INSTRUMENT;BLOCK;EUR;18;3855.30000000;2500;PRC_DECOMP_EXCHANGE;;;;XEUR;7798844;1210;EXCHANGE
23.12.2024;10:19:46.477;OESX SI 20250321 CS EU P 6000 0;SIMPLE_INSTRUMENT;BLOCK;EUR;18;1111.00000000;2500;PRC_DECOMP_EXCHANGE;;;;XEUR;7798828;1210;EXCHANGE
23.12.2024;10:19:46.477;OESX SI 20250321 CS EU P 1000 0;SIMPLE_INSTRUMENT;BLOCK;EUR;18;0.10000000;2500;PRC_DECOMP_EXCHANGE;;;;XEUR;7798834;1210;EXCHANGE
23.12.2024;10:53:33.151;OESX SI 20250103 CS EU P 4775 0;SIMPLE_INSTRUMENT;BLOCK;EUR;19;14.00000000;4000;EXCHANGE_LAST;;1;1;XEUR;12141538;1210;
23.12.2024;11:11:13.264;OESX.O.241223.BOX.000145;STANDARD_OPTION_STRATEGY;BLOCK;EUR;22;4966.00000000;1000;EXCHANGE_LAST;;1;1;XEUR;72062790950183968;1210;
23.12.2024;11:11:13.264;OESX SI 20250321 CS EU P 6000 0;SIMPLE_INSTRUMENT;BLOCK;EUR;22;1117.10000000;1000;PRC_DECOMP_EXCHANGE;;;;XEUR;7798828;1210;EXCHANGE
23.12.2024;11:11:13.264;OESX SI 20250321 CS EU C 6000 0;SIMPLE_INSTRUMENT;BLOCK;EUR;22;0.30000000;1000;PRC_DECOMP_EXCHANGE;;;;XEUR;7798839;1210;EXCHANGE
23.12.2024;11:11:13.264;OESX SI 20250321 CS EU P 1000 0;SIMPLE_INSTRUMENT;BLOCK;EUR;22;0.20000000;1000;PRC_DECOMP_EXCHANGE;;;;XEUR;7798834;1210;EXCHANGE
23.12.2024;11:11:13.264;OESX SI 20250321 CS EU C 1000 0;SIMPLE_INSTRUMENT;BLOCK;EUR;22;3849.40000000;1000;PRC_DECOMP_EXCHANGE;;;;XEUR;7798844;1210;EXCHANGE
23.12.2024;11:07:06.484;OESX SI 20250321 CS EU P 4000 0;SIMPLE_INSTRUMENT;BLOCK;EUR;23;16.80000000;1445;EXCHANGE_LAST;;1;1;XEUR;7798178;1210;
23.12.2024;11:07:06.463;OESX SI 20250321 CS EU P 4600 0;SIMPLE_INSTRUMENT;BLOCK;EUR;24;66.00000000;1445;EXCHANGE_LAST;;1;1;XEUR;7798482;1210;
23.12.2024;11:07:06.484;OESX SI 20250321 CS EU P 4700 0;SIMPLE_INSTRUMENT;BLOCK;EUR;25;85.50000000;1445;EXCHANGE_LAST;;1;1;XEUR;7798474;1210;
23.12.2024;11:07:06.524;OESX SI 20250321 CS EU P 4850 0;SIMPLE_INSTRUMENT;BLOCK;EUR;26;132.60000000;1445;EXCHANGE_LAST;;1;1;XEUR;10849705;1210;
23.12.2024;11:50:53.545;OESX SI 20250321 CS EU P 4400 0;SIMPLE_INSTRUMENT;BLOCK;EUR;28;38.30000000;4500;EXCHANGE_LAST;;1;1;XEUR;7798498;1210;
23.12.2024;14:18:00.502;OESX.O.241223.BUL.000310;STANDARD_OPTION_STRATEGY;BLOCK;EUR;50;6.30000000;1000;EXCHANGE_LAST;;1;1;XEUR;72062790950184133;1210;
23.12.2024;14:18:00.502;OESX SI 20250221 CS EU C 5300 0;SIMPLE_INSTRUMENT;BLOCK;EUR;50;3.90000000;1000;PRC_DECOMP_EXCHANGE;;;;XEUR;10575929;1210;EXCHANGE
23.12.2024;14:18:00.502;OESX SI 20250221 CS EU C 5200 0;SIMPLE_INSTRUMENT;BLOCK;EUR;50;10.20000000;1000;PRC_DECOMP_EXCHANGE;;;;XEUR;10575931;1210;EXCHANGE
23.12.2024;15:04:19.931;OESX.O.241223.BOX.000145;STANDARD_OPTION_STRATEGY;BLOCK;EUR;52;4965.80000000;1000;EXCHANGE_LAST;;1;1;XEUR;72062790950183968;1210;
23.12.2024;15:04:19.931;OESX SI 20250321 CS EU C 1000 0;SIMPLE_INSTRUMENT;BLOCK;EUR;52;3848.40000000;1000;PRC_DECOMP_EXCHANGE;;;;XEUR;7798844;1210;EXCHANGE
23.12.2024;15:04:19.931;OESX SI 20250321 CS EU P 1000 0;SIMPLE_INSTRUMENT;BLOCK;EUR;52;0.30000000;1000;PRC_DECOMP_EXCHANGE;;;;XEUR;7798834;1210;EXCHANGE
23.12.2024;15:04:19.931;OESX SI 20250321 CS EU P 6000 0;SIMPLE_INSTRUMENT;BLOCK;EUR;52;1118.00000000;1000;PRC_DECOMP_EXCHANGE;;;;XEUR;7798828;1210;EXCHANGE
23.12.2024;15:04:19.931;OESX SI 20250321 CS EU C 6000 0;SIMPLE_INSTRUMENT;BLOCK;EUR;52;0.30000000;1000;PRC_DECOMP_EXCHANGE;;;;XEUR;7798839;1210;EXCHANGE
23.12.2024;15:10:16.084;OESX.O.241223.STD.000358;STANDARD_OPTION_STRATEGY;BLOCK;EUR;54;225.60000000;2500;EXCHANGE_LAST;;1;1;XEUR;72062790950184181;1210;
23.12.2024;15:10:16.084;OESX SI 20250221 CS EU C 4900 0;SIMPLE_INSTRUMENT;BLOCK;EUR;54;94.00000000;2500;PRC_DECOMP_EXCHANGE;;;;XEUR;10575921;1210;EXCHANGE
23.12.2024;15:10:16.084;OESX SI 20250221 CS EU P 4900 0;SIMPLE_INSTRUMENT;BLOCK;EUR;54;131.60000000;2500;PRC_DECOMP_EXCHANGE;;;;XEUR;10575919;1210;EXCHANGE
23.12.2024;15:43:09.474;OESX SI 20250117 CS EU P 4250 0;SIMPLE_INSTRUMENT;BLOCK;EUR;57;5.00000000;4000;EXCHANGE_LAST;;1;1;XEUR;10575797;1210;
23.12.2024;16:20:12.175;OESX SI 20241227 CS EU C 4870 0;SIMPLE_INSTRUMENT;BLOCK;EUR;60;9.30000000;1000;EXCHANGE_LAST;;1;1;XEUR;12414479;1210;
23.12.2024;16:27:28.109;OESX.O.241223.PLAD.000413;STANDARD_OPTION_STRATEGY;BLOCK;EUR;61;7.70000000;2800;EXCHANGE_LAST;;1;1;XEUR;72062790950184236;1210;
23.12.2024;16:27:28.109;OESX SI 20250221 CS EU P 4800 0;SIMPLE_INSTRUMENT;BLOCK;EUR;61;90.40000000;2800;PRC_DECOMP_EXCHANGE;;;;XEUR;10575923;1210;EXCHANGE
23.12.2024;16:27:28.109;OESX SI 20250221 CS EU P 4650 0;SIMPLE_INSTRUMENT;BLOCK;EUR;61;51.70000000;2800;PRC_DECOMP_EXCHANGE;;;;XEUR;10641501;1210;EXCHANGE
23.12.2024;16:27:28.109;OESX SI 20250221 CS EU P 4500 0;SIMPLE_INSTRUMENT;BLOCK;EUR;61;31.00000000;2800;PRC_DECOMP_EXCHANGE;;;;XEUR;10575898;1210;EXCHANGE
23.12.2024;16:41:57.323;OESX.O.241223.BOX.000085;STANDARD_OPTION_STRATEGY;BLOCK;EUR;62;4892.00000000;1000;EXCHANGE_LAST;;1;1;XEUR;72062790950183908;1210;
23.12.2024;16:41:57.323;OESX SI 20251219 CS EU P 1000 0;SIMPLE_INSTRUMENT;BLOCK;EUR;62;2.40000000;1000;PRC_DECOMP_EXCHANGE;;;;XEUR;1820001;1210;EXCHANGE
23.12.2024;16:41:57.323;OESX SI 20251219 CS EU P 6000 0;SIMPLE_INSTRUMENT;BLOCK;EUR;62;1149.60000000;1000;PRC_DECOMP_EXCHANGE;;;;XEUR;3323329;1210;EXCHANGE
23.12.2024;16:41:57.323;OESX SI 20251219 CS EU C 6000 0;SIMPLE_INSTRUMENT;BLOCK;EUR;62;14.70000000;1000;PRC_DECOMP_EXCHANGE;;;;XEUR;3323327;1210;EXCHANGE
23.12.2024;16:41:57.323;OESX SI 20251219 CS EU C 1000 0;SIMPLE_INSTRUMENT;BLOCK;EUR;62;3759.50000000;1000;PRC_DECOMP_EXCHANGE;;;;XEUR;1819998;1210;EXCHANGE
23.12.2024;08:21:05.770;OESX.V.241223.PUT+U.000063;OPTION_VOLATILITY_STRATEGY;BLOCK;EUR;637534209;92.60000000;10;EXCHANGE_LAST;;1;1;XEUR;72062790950183886;1210;
23.12.2024;08:21:05.770;OESX SI 20250221 CS EU P 4800 0;SIMPLE_INSTRUMENT;BLOCK;EUR;637534209;92.60000000;1000;PRC_DECOMP_EXCHANGE;;;;XEUR;10575923;1210;EXCHANGE
23.12.2024;08:21:05.770;FESX SI 20250321 CS;SIMPLE_INSTRUMENT;BLOCK;EUR;637534209;4870.00000000;400;PRC_DECOMP_EXCHANGE;;;;XEUR;7793482;1210;EXCHANGE
23.12.2024;09:14:29.810;OESX.V.241223.COMBO+U.000117;OPTION_VOLATILITY_STRATEGY;BLOCK;EUR;637534211;18.80000000;3;EXCHANGE_LAST;;1;1;XEUR;72062790950183940;1210;
23.12.2024;09:14:29.810;OESX SI 20250321 CS EU C 5100 0;SIMPLE_INSTRUMENT;BLOCK;EUR;637534211;48.10000000;1056;PRC_DECOMP_EXCHANGE;;;;XEUR;8903915;1210;EXCHANGE
23.12.2024;09:14:29.810;FESX SI 20250321 CS;SIMPLE_INSTRUMENT;BLOCK;EUR;637534211;4876.00000000;501;PRC_DECOMP_EXCHANGE;;;;XEUR;7793482;1210;EXCHANGE
23.12.2024;09:14:29.810;OESX SI 20250321 CS EU P 4600 0;SIMPLE_INSTRUMENT;BLOCK;EUR;637534211;66.90000000;1056;PRC_DECOMP_EXCHANGE;;;;XEUR;7798482;1210;EXCHANGE
23.12.2024;09:11:35.707;OESX.V.241223.PUT+U.000118;OPTION_VOLATILITY_STRATEGY;BLOCK;EUR;637534212;8.00000000;15;EXCHANGE_LAST;;1;1;XEUR;72062790950183941;1210;
23.12.2024;09:11:35.707;OESX SI 20241227 CS EU P 4825 0;SIMPLE_INSTRUMENT;BLOCK;EUR;637534212;8.00000000;1500;PRC_DECOMP_EXCHANGE;;;;XEUR;12082015;1210;EXCHANGE
23.12.2024;09:11:35.707;FESX SI 20250321 CS;SIMPLE_INSTRUMENT;BLOCK;EUR;637534212;4880.00000000;390;PRC_DECOMP_EXCHANGE;;;;XEUR;7793482;1210;EXCHANGE
23.12.2024;09:35:47.174;OESX.V.241223.CDIA-U.000129;OPTION_VOLATILITY_STRATEGY;BLOCK;EUR;637534215;66.00000000;25;EXCHANGE_LAST;;1;2;XEUR;72062790950183952;1210;
23.12.2024;09:35:47.174;FESX SI 20250321 CS;SIMPLE_INSTRUMENT;BLOCK;EUR;637534215;4860.00000000;300;PRC_DECOMP_MEMBER;;;;XEUR;7793482;1210;MEMBER
23.12.2024;09:35:47.174;OESX SI 20250321 CS EU C 5100 0;SIMPLE_INSTRUMENT;BLOCK;EUR;637534215;41.80000000;2500;PRC_DECOMP_MEMBER;;;;XEUR;8903915;1210;MEMBER
23.12.2024;09:35:47.174;OESX SI 20250620 CS EU C 5000 0;SIMPLE_INSTRUMENT;BLOCK;EUR;637534215;107.80000000;2500;PRC_DECOMP_MEMBER;;;;XEUR;8719758;1210;MEMBER
23.12.2024;09:53:13.020;OESX.V.241223.CALL-U.000138;OPTION_VOLATILITY_STRATEGY;BLOCK;EUR;637534218;179.70000000;18;EXCHANGE_LAST;;1;1;XEUR;72062790950183961;1210;
23.12.2024;09:53:13.020;OESX SI 20250417 CS EU C 4850 0;SIMPLE_INSTRUMENT;BLOCK;EUR;637534218;179.70000000;1800;PRC_DECOMP_EXCHANGE;;;;XEUR;11044477;1210;EXCHANGE
23.12.2024;09:53:13.020;FESX SI 20250321 CS;SIMPLE_INSTRUMENT;BLOCK;EUR;637534218;4880.00000000;972;PRC_DECOMP_EXCHANGE;;;;XEUR;7793482;1210;EXCHANGE
23.12.2024;10:05:41.828;OESX.V.241223.BER+U.000147;OPTION_VOLATILITY_STRATEGY;BLOCK;EUR;637534219;16.90000000;20;EXCHANGE_LAST;;1;1;XEUR;72062790950183970;1210;
23.12.2024;10:05:41.828;OESX SI 20250321 CS EU P 4150 0;SIMPLE_INSTRUMENT;BLOCK;EUR;637534219;23.60000000;2000;PRC_DECOMP_EXCHANGE;;;;XEUR;10849700;1210;EXCHANGE
23.12.2024;10:05:41.828;OESX SI 20250321 CS EU P 4400 0;SIMPLE_INSTRUMENT;BLOCK;EUR;637534219;40.50000000;2000;PRC_DECOMP_EXCHANGE;;;;XEUR;7798498;1210;EXCHANGE
23.12.2024;10:05:41.828;FESX SI 20250321 CS;SIMPLE_INSTRUMENT;BLOCK;EUR;637534219;4876.00000000;140;PRC_DECOMP_EXCHANGE;;;;XEUR;7793482;1210;EXCHANGE
23.12.2024;10:59:03.406;OESX.V.241223.CALL-U.000191;OPTION_VOLATILITY_STRATEGY;BLOCK;EUR;637534228;20.30000000;10;EXCHANGE_LAST;;1;1;XEUR;72062790950184014;1210;
23.12.2024;10:59:03.406;FESX SI 20250321 CS;SIMPLE_INSTRUMENT;BLOCK;EUR;637534228;4878.00000000;730;PRC_DECOMP_EXCHANGE;;;;XEUR;7793482;1210;EXCHANGE
23.12.2024;10:59:03.406;OESX SI 20250103 CS EU C 4900 0;SIMPLE_INSTRUMENT;BLOCK;EUR;637534228;20.30000000;1000;PRC_DECOMP_EXCHANGE;;;;XEUR;12141661;1210;EXCHANGE
23.12.2024;10:59:23.107;OESX.V.241223.CALL-U.000191;OPTION_VOLATILITY_STRATEGY;BLOCK;EUR;637534229;20.40000000;10;EXCHANGE_LAST;;1;1;XEUR;72062790950184014;1210;
23.12.2024;10:59:23.107;OESX SI 20250103 CS EU C 4900 0;SIMPLE_INSTRUMENT;BLOCK;EUR;637534229;20.40000000;1000;PRC_DECOMP_EXCHANGE;;;;XEUR;12141661;1210;EXCHANGE
23.12.2024;10:59:23.107;FESX SI 20250321 CS;SIMPLE_INSTRUMENT;BLOCK;EUR;637534229;4878.00000000;730;PRC_DECOMP_EXCHANGE;;;;XEUR;7793482;1210;EXCHANGE
23.12.2024;11:19:44.203;OESX.V.241223.RBUL+U.000202;OPTION_VOLATILITY_STRATEGY;BLOCK;EUR;637534235;-68.30000000;16;EXCHANGE_LAST;;1;1;XEUR;72062790950184025;1210;
23.12.2024;11:19:44.203;OESX SI 20250117 CS EU C 5100 0;SIMPLE_INSTRUMENT;BLOCK;EUR;637534235;3.50000000;3200;PRC_DECOMP_MEMBER;;;;XEUR;10415908;1210;MEMBER
23.12.2024;11:19:44.203;OESX SI 20250117 CS EU C 4850 0;SIMPLE_INSTRUMENT;BLOCK;EUR;637534235;75.30000000;1600;PRC_DECOMP_MEMBER;;;;XEUR;10575812;1210;MEMBER
23.12.2024;11:19:44.203;FESX SI 20250321 CS;SIMPLE_INSTRUMENT;BLOCK;EUR;637534235;4874.00000000;720;PRC_DECOMP_MEMBER;;;;XEUR;7793482;1210;MEMBER
23.12.2024;12:02:36.982;OESX.V.241223.PUT+U.000223;OPTION_VOLATILITY_STRATEGY;BLOCK;EUR;637534238;64.80000000;25;EXCHANGE_LAST;;1;1;XEUR;72062790950184046;1210;
23.12.2024;12:02:36.982;OESX SI 20250321 CS EU P 4600 0;SIMPLE_INSTRUMENT;BLOCK;EUR;637534238;64.80000000;2500;PRC_DECOMP_EXCHANGE;;;;XEUR;7798482;1210;EXCHANGE
23.12.2024;12:02:36.982;FESX SI 20250321 CS;SIMPLE_INSTRUMENT;BLOCK;EUR;637534238;4875.00000000;575;PRC_DECOMP_EXCHANGE;;;;XEUR;7793482;1210;EXCHANGE
23.12.2024;12:07:21.757;OESX.V.241223.PUT+U.000227;OPTION_VOLATILITY_STRATEGY;BLOCK;EUR;637534239;17.00000000;20;EXCHANGE_LAST;;1;1;XEUR;72062790950184050;1210;
23.12.2024;12:07:21.757;OESX SI 20250321 CS EU P 4000 0;SIMPLE_INSTRUMENT;BLOCK;EUR;637534239;17.00000000;2000;PRC_DECOMP_EXCHANGE;;;;XEUR;7798178;1210;EXCHANGE
23.12.2024;12:07:21.757;FESX SI 20250321 CS;SIMPLE_INSTRUMENT;BLOCK;EUR;637534239;4870.00000000;100;PRC_DECOMP_EXCHANGE;;;;XEUR;7793482;1210;EXCHANGE
23.12.2024;12:18:19.672;OESX.V.241223.BER+U.000229;OPTION_VOLATILITY_STRATEGY;BLOCK;EUR;637534240;16.50000000;30;EXCHANGE_LAST;;1;2;XEUR;72062790950184052;1210;
23.12.2024;12:18:19.672;FESX SI 20250321 CS;SIMPLE_INSTRUMENT;BLOCK;EUR;637534240;4870.00000000;420;PRC_DECOMP_MEMBER;;;;XEUR;7793482;1210;MEMBER
23.12.2024;12:18:19.672;OESX SI 20250117 CS EU P 4500 0;SIMPLE_INSTRUMENT;BLOCK;EUR;637534240;9.00000000;3000;PRC_DECOMP_MEMBER;;;;XEUR;10416551;1210;MEMBER
23.12.2024;12:18:19.672;OESX SI 20250117 CS EU P 4700 0;SIMPLE_INSTRUMENT;BLOCK;EUR;637534240;25.50000000;3000;PRC_DECOMP_MEMBER;;;;XEUR;10416568;1210;MEMBER
23.12.2024;12:34:38.371;OESX.V.241223.CALL-U.000238;OPTION_VOLATILITY_STRATEGY;BLOCK;EUR;637534242;153.10000000;15;EXCHANGE_LAST;;1;1;XEUR;72062790950184061;1210;
23.12.2024;12:34:38.371;FESX SI 20250321 CS;SIMPLE_INSTRUMENT;BLOCK;EUR;637534242;4885.00000000;750;PRC_DECOMP_EXCHANGE;;;;XEUR;7793482;1210;EXCHANGE
23.12.2024;12:34:38.371;OESX SI 20250417 CS EU C 4900 0;SIMPLE_INSTRUMENT;BLOCK;EUR;637534242;153.10000000;1500;PRC_DECOMP_EXCHANGE;;;;XEUR;10848779;1210;EXCHANGE
23.12.2024;12:42:54.999;OESX.V.241223.PUT+U.000241;OPTION_VOLATILITY_STRATEGY;BLOCK;EUR;637534243;96.50000000;20;EXCHANGE_LAST;;1;1;XEUR;72062790950184064;1210;
23.12.2024;12:42:54.999;OESX SI 20260619 CS EU P 3700 0;SIMPLE_INSTRUMENT;BLOCK;EUR;637534243;96.50000000;2000;PRC_DECOMP_EXCHANGE;;;;XEUR;9435403;1210;EXCHANGE
23.12.2024;12:42:54.999;FESX SI 20250321 CS;SIMPLE_INSTRUMENT;BLOCK;EUR;637534243;4890.00000000;280;PRC_DECOMP_EXCHANGE;;;;XEUR;7793482;1210;EXCHANGE
23.12.2024;12:41:15.891;OESX.V.241223.PUT+U.000237;OPTION_VOLATILITY_STRATEGY;BLOCK;EUR;637534245;197.00000000;10;EXCHANGE_LAST;;1;1;XEUR;72062790950184060;1210;
23.12.2024;12:41:15.891;OESX SI 20250620 CS EU P 4800 0;SIMPLE_INSTRUMENT;BLOCK;EUR;637534245;197.00000000;1000;PRC_DECOMP_EXCHANGE;;;;XEUR;7834895;1210;EXCHANGE
23.12.2024;12:41:15.891;FESX SI 20250321 CS;SIMPLE_INSTRUMENT;BLOCK;EUR;637534245;4880.00000000;460;PRC_DECOMP_EXCHANGE;;;;XEUR;7793482;1210;EXCHANGE
23.12.2024;12:42:31.125;OESX.V.241223.BER+U.000245;OPTION_VOLATILITY_STRATEGY;BLOCK;EUR;637534246;69.50000000;10;EXCHANGE_LAST;;1;1;XEUR;72062790950184068;1210;
23.12.2024;12:42:31.125;OESX SI 20251219 CS EU P 4400 0;SIMPLE_INSTRUMENT;BLOCK;EUR;637534246;162.00000000;1000;PRC_DECOMP_EXCHANGE;;;;XEUR;2413964;1210;EXCHANGE
23.12.2024;12:42:31.125;OESX SI 20251219 CS EU P 4000 0;SIMPLE_INSTRUMENT;BLOCK;EUR;637534246;92.50000000;1000;PRC_DECOMP_EXCHANGE;;;;XEUR;2165700;1210;EXCHANGE
23.12.2024;12:42:31.125;FESX SI 20250321 CS;SIMPLE_INSTRUMENT;BLOCK;EUR;637534246;4870.00000000;110;PRC_DECOMP_EXCHANGE;;;;XEUR;7793482;1210;EXCHANGE
23.12.2024;12:49:05.487;OESX.V.241223.PUT+U.000243;OPTION_VOLATILITY_STRATEGY;BLOCK;EUR;637534247;81.80000000;20;EXCHANGE_LAST;;1;1;XEUR;72062790950184066;1210;
23.12.2024;12:49:05.487;FESX SI 20250321 CS;SIMPLE_INSTRUMENT;BLOCK;EUR;637534247;4884.00000000;600;PRC_DECOMP_EXCHANGE;;;;XEUR;7793482;1210;EXCHANGE
23.12.2024;12:49:05.487;OESX SI 20250321 CS EU P 4700 0;SIMPLE_INSTRUMENT;BLOCK;EUR;637534247;81.80000000;2000;PRC_DECOMP_EXCHANGE;;;;XEUR;7798474;1210;EXCHANGE
23.12.2024;12:50:01.124;OESX.V.241223.BER+U.000229;OPTION_VOLATILITY_STRATEGY;BLOCK;EUR;637534248;16.50000000;20;EXCHANGE_LAST;;1;1;XEUR;72062790950184052;1210;
23.12.2024;12:50:01.124;OESX SI 20250117 CS EU P 4700 0;SIMPLE_INSTRUMENT;BLOCK;EUR;637534248;25.50000000;2000;PRC_DECOMP_MEMBER;;;;XEUR;10416568;1210;MEMBER
23.12.2024;12:50:01.124;FESX SI 20250321 CS;SIMPLE_INSTRUMENT;BLOCK;EUR;637534248;4870.00000000;280;PRC_DECOMP_MEMBER;;;;XEUR;7793482;1210;MEMBER
23.12.2024;12:50:01.124;OESX SI 20250117 CS EU P 4500 0;SIMPLE_INSTRUMENT;BLOCK;EUR;637534248;9.00000000;2000;PRC_DECOMP_MEMBER;;;;XEUR;10416551;1210;MEMBER
23.12.2024;13:27:19.168;OESX.V.241223.PUT+U.000266;OPTION_VOLATILITY_STRATEGY;BLOCK;EUR;637534250;48.40000000;30;EXCHANGE_LAST;;1;1;XEUR;72062790950184089;1210;
23.12.2024;13:27:19.168;FESX SI 20250321 CS;SIMPLE_INSTRUMENT;BLOCK;EUR;637534250;4880.00000000;540;PRC_DECOMP_MEMBER;;;;XEUR;7793482;1210;MEMBER
23.12.2024;13:27:19.168;OESX SI 20250321 CS EU P 4500 0;SIMPLE_INSTRUMENT;BLOCK;EUR;637534250;48.40000000;3000;PRC_DECOMP_MEMBER;;;;XEUR;7798492;1210;MEMBER
23.12.2024;13:32:47.611;OESX.V.241223.PUT+U.000265;OPTION_VOLATILITY_STRATEGY;BLOCK;EUR;637534251;178.50000000;15;EXCHANGE_LAST;;1;1;XEUR;72062790950184088;1210;
23.12.2024;13:32:47.611;FESX SI 20250321 CS;SIMPLE_INSTRUMENT;BLOCK;EUR;637534251;4880.00000000;270;PRC_DECOMP_EXCHANGE;;;;XEUR;7793482;1210;EXCHANGE
23.12.2024;13:32:47.611;OESX SI 20261218 CS EU P 4000 0;SIMPLE_INSTRUMENT;BLOCK;EUR;637534251;178.50000000;1500;PRC_DECOMP_EXCHANGE;;;;XEUR;2228266;1210;EXCHANGE
23.12.2024;13:51:51.184;OESX.V.241223.BUL-U.000279;OPTION_VOLATILITY_STRATEGY;BLOCK;EUR;637534253;156.50000000;10;EXCHANGE_LAST;;1;1;XEUR;72062790950184102;1210;
23.12.2024;13:51:51.184;OESX SI 20251219 CS EU C 5500 0;SIMPLE_INSTRUMENT;BLOCK;EUR;637534253;63.00000000;1000;PRC_DECOMP_MEMBER;;;;XEUR;9746613;1210;MEMBER
23.12.2024;13:51:51.184;FESX SI 20250321 CS;SIMPLE_INSTRUMENT;BLOCK;EUR;637534253;4880.00000000;280;PRC_DECOMP_MEMBER;;;;XEUR;7793482;1210;MEMBER
23.12.2024;13:51:51.184;OESX SI 20251219 CS EU C 5000 0;SIMPLE_INSTRUMENT;BLOCK;EUR;637534253;219.50000000;1000;PRC_DECOMP_MEMBER;;;;XEUR;2926964;1210;MEMBER
23.12.2024;14:06:36.785;OESX.V.241223.PUT+U.000284;OPTION_VOLATILITY_STRATEGY;BLOCK;EUR;637534254;36.50000000;44;EXCHANGE_LAST;;1;1;XEUR;72062790950184107;1210;
23.12.2024;14:06:36.785;FESX SI 20250321 CS;SIMPLE_INSTRUMENT;BLOCK;EUR;637534254;4881.00000000;572;PRC_DECOMP_EXCHANGE;;;;XEUR;7793482;1210;EXCHANGE
23.12.2024;14:06:36.785;OESX SI 20250321 CS EU P 4400 0;SIMPLE_INSTRUMENT;BLOCK;EUR;637534254;36.50000000;4400;PRC_DECOMP_EXCHANGE;;;;XEUR;7798498;1210;EXCHANGE
23.12.2024;14:01:56.226;OESX.V.241223.CALL-U.000268;OPTION_VOLATILITY_STRATEGY;BLOCK;EUR;637534255;5.40000000;25;EXCHANGE_LAST;;1;1;XEUR;72062790950184091;1210;
23.12.2024;14:01:56.226;FESX SI 20250321 CS;SIMPLE_INSTRUMENT;BLOCK;EUR;637534255;4880.00000000;175;PRC_DECOMP_EXCHANGE;;;;XEUR;7793482;1210;EXCHANGE
23.12.2024;14:01:56.226;OESX SI 20250117 CS EU C 5075 0;SIMPLE_INSTRUMENT;BLOCK;EUR;637534255;5.40000000;2500;PRC_DECOMP_EXCHANGE;;;;XEUR;11282763;1210;EXCHANGE
23.12.2024;14:12:06.157;OESX.V.241223.CALL-U.000286;OPTION_VOLATILITY_STRATEGY;BLOCK;EUR;637534256;440.80000000;15;EXCHANGE_LAST;;1;1;XEUR;72062790950184109;1210;
23.12.2024;14:12:06.157;FESX SI 20250321 CS;SIMPLE_INSTRUMENT;BLOCK;EUR;637534256;4866.00000000;960;PRC_DECOMP_EXCHANGE;;;;XEUR;7793482;1210;EXCHANGE
23.12.2024;14:12:06.157;OESX SI 20251219 CS EU C 4600 0;SIMPLE_INSTRUMENT;BLOCK;EUR;637534256;440.80000000;1500;PRC_DECOMP_EXCHANGE;;;;XEUR;2926970;1210;EXCHANGE
23.12.2024;14:34:03.208;OESX.V.241223.CALL-U.000320;OPTION_VOLATILITY_STRATEGY;BLOCK;EUR;637534259;27.70000000;30;EXCHANGE_LAST;;1;1;XEUR;72062790950184143;1210;
23.12.2024;14:34:03.208;FESX SI 20250321 CS;SIMPLE_INSTRUMENT;BLOCK;EUR;637534259;4870.00000000;840;PRC_DECOMP_EXCHANGE;;;;XEUR;7793482;1210;EXCHANGE
23.12.2024;14:34:03.208;OESX SI 20250117 CS EU C 4950 0;SIMPLE_INSTRUMENT;BLOCK;EUR;637534259;27.70000000;3000;PRC_DECOMP_EXCHANGE;;;;XEUR;10575807;1210;EXCHANGE
23.12.2024;15:08:08.211;OESX.V.241223.COMBO+U.000348;OPTION_VOLATILITY_STRATEGY;BLOCK;EUR;637534261;-0.40000000;20;EXCHANGE_LAST;;1;1;XEUR;72062790950184171;1210;
23.12.2024;15:08:08.211;FESX SI 20250321 CS;SIMPLE_INSTRUMENT;BLOCK;EUR;637534261;4876.00000000;40;PRC_DECOMP_MEMBER;;;;XEUR;7793482;1210;MEMBER
23.12.2024;15:08:08.211;OESX SI 20241227 CS EU C 4950 0;SIMPLE_INSTRUMENT;BLOCK;EUR;637534261;0.50000000;2000;PRC_DECOMP_MEMBER;;;;XEUR;12081996;1210;MEMBER
23.12.2024;15:08:08.211;OESX SI 20241227 CS EU P 4650 0;SIMPLE_INSTRUMENT;BLOCK;EUR;637534261;0.10000000;2000;PRC_DECOMP_MEMBER;;;;XEUR;12081987;1210;MEMBER
23.12.2024;15:35:58.493;OESX.V.241223.BR23-U.000376;OPTION_VOLATILITY_STRATEGY;BLOCK;EUR;637534264;-27.00000000;10;EXCHANGE_LAST;;1;1;XEUR;72062790950184199;1210;
23.12.2024;15:35:58.493;OESX SI 20250321 CS EU P 4200 0;SIMPLE_INSTRUMENT;BLOCK;EUR;637534264;25.00000000;3000;PRC_DECOMP_MEMBER;;;;XEUR;7798162;1210;MEMBER
23.12.2024;15:35:58.493;FESX SI 20250321 CS;SIMPLE_INSTRUMENT;BLOCK;EUR;637534264;4870.00000000;120;PRC_DECOMP_MEMBER;;;;XEUR;7793482;1210;MEMBER
23.12.2024;15:35:58.493;OESX SI 20250321 CS EU P 4500 0;SIMPLE_INSTRUMENT;BLOCK;EUR;637534264;51.00000000;2000;PRC_DECOMP_MEMBER;;;;XEUR;7798492;1210;MEMBER
23.12.2024;15:43:52.508;OESX.V.241223.PUT+U.000380;OPTION_VOLATILITY_STRATEGY;BLOCK;EUR;637534266;67.10000000;10;EXCHANGE_LAST;;1;1;XEUR;72062790950184203;1210;
23.12.2024;15:43:52.508;FESX SI 20250321 CS;SIMPLE_INSTRUMENT;BLOCK;EUR;637534266;4870.00000000;370;PRC_DECOMP_EXCHANGE;;;;XEUR;7793482;1210;EXCHANGE
23.12.2024;15:43:52.508;OESX SI 20250117 CS EU P 4850 0;SIMPLE_INSTRUMENT;BLOCK;EUR;637534266;67.10000000;1000;PRC_DECOMP_EXCHANGE;;;;XEUR;10575810;1210;EXCHANGE
23.12.2024;16:11:46.039;OESX.V.241223.RBUL+U.000407;OPTION_VOLATILITY_STRATEGY;BLOCK;EUR;637534267;-8.60000000;10;EXCHANGE_LAST;;1;1;XEUR;72062790950184230;1210;
23.12.2024;16:11:46.039;OESX SI 20250117 CS EU C 5000 0;SIMPLE_INSTRUMENT;BLOCK;EUR;637534267;14.40000000;1000;PRC_DECOMP_EXCHANGE;;;;XEUR;10415904;1210;EXCHANGE
23.12.2024;16:11:46.039;OESX SI 20250117 CS EU C 5100 0;SIMPLE_INSTRUMENT;BLOCK;EUR;637534267;2.90000000;2000;PRC_DECOMP_EXCHANGE;;;;XEUR;10415908;1210;EXCHANGE
23.12.2024;16:11:46.039;FESX SI 20250321 CS;SIMPLE_INSTRUMENT;BLOCK;EUR;637534267;4870.00000000;80;PRC_DECOMP_EXCHANGE;;;;XEUR;7793482;1210;EXCHANGE
23.12.2024;12:00:36.130;OEXD.O.241223.RBUL.000003;STANDARD_OPTION_STRATEGY;BLOCK;EUR;4;-3.10000000;3500;EXCHANGE_LAST;;2;3;XEUR;72063495323013125;1374;
23.12.2024;12:00:36.130;OEXD SI 20261218 CS EU C 155 0;SIMPLE_INSTRUMENT;BLOCK;EUR;4;6.82000000;3500;PRC_DECOMP_EXCHANGE;;;;XEUR;7366311;1374;EXCHANGE
23.12.2024;12:00:36.130;OEXD SI 20261218 CS EU C 165 0;SIMPLE_INSTRUMENT;BLOCK;EUR;4;1.86000000;7000;PRC_DECOMP_EXCHANGE;;;;XEUR;9667175;1374;EXCHANGE
23.12.2024;12:33:19.969;OEXD.V.241223.RBUL-U.000002;OPTION_VOLATILITY_STRATEGY;BLOCK;EUR;318767110;0.75000000;25;EXCHANGE_LAST;;1;1;XEUR;72063495323013124;1374;
23.12.2024;12:33:19.969;OEXD SI 20261218 CS EU C 160 0;SIMPLE_INSTRUMENT;BLOCK;EUR;318767110;4.02000000;5000;PRC_DECOMP_MEMBER;;;;XEUR;7366325;1374;MEMBER
23.12.2024;12:33:19.969;FEXD SI 20261218 CS;SIMPLE_INSTRUMENT;BLOCK;EUR;318767110;151.40000000;600;PRC_DECOMP_MEMBER;;;;XEUR;2163053;1374;MEMBER
23.12.2024;12:33:19.969;OEXD SI 20261218 CS EU C 155 0;SIMPLE_INSTRUMENT;BLOCK;EUR;318767110;7.29000000;2500;PRC_DECOMP_MEMBER;;;;XEUR;7366311;1374;MEMBER
23.12.2024;13:16:39.596;OEXD.V.241223.RBUL-U.000005;OPTION_VOLATILITY_STRATEGY;BLOCK;EUR;318767111;0.85000000;20;EXCHANGE_LAST;;1;1;XEUR;72063495323013127;1374;
23.12.2024;13:16:39.596;OEXD SI 20261218 CS EU C 155 0;SIMPLE_INSTRUMENT;BLOCK;EUR;318767111;6.99000000;2000;PRC_DECOMP_EXCHANGE;;;;XEUR;7366311;1374;EXCHANGE
23.12.2024;13:16:39.596;OEXD SI 20261218 CS EU C 160 0;SIMPLE_INSTRUMENT;BLOCK;EUR;318767111;3.92000000;4000;PRC_DECOMP_EXCHANGE;;;;XEUR;7366325;1374;EXCHANGE
23.12.2024;13:16:39.596;FEXD SI 20261218 CS;SIMPLE_INSTRUMENT;BLOCK;EUR;318767111;151.40000000;460;PRC_DECOMP_EXCHANGE;;;;XEUR;2163053;1374;EXCHANGE
23.12.2024;13:18:35.814;OEXD.V.241223.BLT-U.000007;OPTION_VOLATILITY_STRATEGY;BLOCK;EUR;318767112;1.25000000;2;EXCHANGE_LAST;;1;1;XEUR;72063495323013129;1374;
23.12.2024;13:18:35.814;OEXD SI 20271217 CS EU C 150 0;SIMPLE_INSTRUMENT;BLOCK;EUR;318767112;11.20000000;1250;PRC_DECOMP_EXCHANGE;;;;XEUR;6694034;1374;EXCHANGE
23.12.2024;13:18:35.814;FEXD SI 20271217 CS;SIMPLE_INSTRUMENT;BLOCK;EUR;318767112;145.20000000;588;PRC_DECOMP_EXCHANGE;;;;XEUR;2848338;1374;EXCHANGE
23.12.2024;13:18:35.814;OEXD SI 20261218 CS EU C 150 0;SIMPLE_INSTRUMENT;BLOCK;EUR;318767112;9.95000000;1250;PRC_DECOMP_EXCHANGE;;;;XEUR;6496924;1374;EXCHANGE
23.12.2024;15:50:04.261;OEXD.V.241223.BR23-U.000009;OPTION_VOLATILITY_STRATEGY;BLOCK;EUR;318767113;-1.40000000;10;EXCHANGE_LAST;;1;1;XEUR;72063495323013131;1374;
23.12.2024;15:50:04.261;OEXD SI 20251219 CS EU P 120 0;SIMPLE_INSTRUMENT;BLOCK;EUR;318767113;0.34000000;3000;PRC_DECOMP_EXCHANGE;;;;XEUR;1549360;1374;EXCHANGE
23.12.2024;15:50:04.261;OEXD SI 20251219 CS EU P 145 0;SIMPLE_INSTRUMENT;BLOCK;EUR;318767113;1.21000000;2000;PRC_DECOMP_EXCHANGE;;;;XEUR;7278104;1374;EXCHANGE
23.12.2024;15:50:04.261;FEXD SI 20251219 CS;SIMPLE_INSTRUMENT;BLOCK;EUR;318767113;157.50000000;260;PRC_DECOMP_EXCHANGE;;;;XEUR;1548120;1374;EXCHANGE
23.12.2024;16:56:57.977;OEXD.V.241223.CALL-U.000010;OPTION_VOLATILITY_STRATEGY;BLOCK;EUR;318767114;1.87000000;5;EXCHANGE_LAST;;1;1;XEUR;72063495323013132;1374;
23.12.2024;16:56:57.977;FEXD SI 20261218 CS;SIMPLE_INSTRUMENT;BLOCK;EUR;318767114;151.40000000;100;PRC_DECOMP_EXCHANGE;;;;XEUR;2163053;1374;EXCHANGE
23.12.2024;16:56:57.977;OEXD SI 20261218 CS EU C 165 0;SIMPLE_INSTRUMENT;BLOCK;EUR;318767114;1.87000000;500;PRC_DECOMP_EXCHANGE;;;;XEUR;9667175;1374;EXCHANGE
23.12.2024;16:57:05.471;OEXD.V.241223.CALL-U.000010;OPTION_VOLATILITY_STRATEGY;BLOCK;EUR;318767115;1.88000000;5;EXCHANGE_LAST;;1;1;XEUR;72063495323013132;1374;
23.12.2024;16:57:05.471;FEXD SI 20261218 CS;SIMPLE_INSTRUMENT;BLOCK;EUR;318767115;151.40000000;100;PRC_DECOMP_EXCHANGE;;;;XEUR;2163053;1374;EXCHANGE
23.12.2024;16:57:05.471;OEXD SI 20261218 CS EU C 165 0;SIMPLE_INSTRUMENT;BLOCK;EUR;318767115;1.88000000;500;PRC_DECOMP_EXCHANGE;;;;XEUR;9667175;1374;EXCHANGE
23.12.2024;17:31:33.696;OEXD.V.241223.CALL-U.000011;OPTION_VOLATILITY_STRATEGY;BLOCK;EUR;318767116;4.05000000;39;EXCHANGE_LAST;;1;1;XEUR;72063495323013133;1374;
23.12.2024;17:31:33.696;OEXD SI 20261218 CS EU C 160 0;SIMPLE_INSTRUMENT;BLOCK;EUR;318767116;4.05000000;3900;PRC_DECOMP_EXCHANGE;;;;XEUR;7366325;1374;EXCHANGE
23.12.2024;17:31:33.696;FEXD SI 20261218 CS;SIMPLE_INSTRUMENT;BLOCK;EUR;318767116;151.40000000;1365;PRC_DECOMP_EXCHANGE;;;;XEUR;2163053;1374;EXCHANGE
23.12.2024;17:32:21.333;OEXD.V.241223.CALL-U.000012;OPTION_VOLATILITY_STRATEGY;BLOCK;EUR;318767117;1.50000000;39;EXCHANGE_LAST;;1;1;XEUR;72063495323013134;1374;
23.12.2024;17:32:21.333;FEXD SI 20251219 CS;SIMPLE_INSTRUMENT;BLOCK;EUR;318767117;157.80000000;1404;PRC_DECOMP_EXCHANGE;;;;XEUR;1548120;1374;EXCHANGE
23.12.2024;17:32:21.333;OEXD SI 20251219 CS EU C 160 0;SIMPLE_INSTRUMENT;BLOCK;EUR;318767117;1.50000000;3900;PRC_DECOMP_EXCHANGE;;;;XEUR;9398626;1374;EXCHANGE
23.12.2024;08:59:09.600;OEXP SI 20241223 CS EU C 4865 0;SIMPLE_INSTRUMENT;BLOCK;EUR;2;4.60000000;1045;EXCHANGE_LAST;;1;1;XEUR;12411043;705791;
23.12.2024;09:22:07.200;OGBL SI 20250110 PS AM C 135.50 0;SIMPLE_INSTRUMENT;BLOCK;EUR;5;0.11000000;250;EXCHANGE_LAST;;1;1;XEUR;12315194;1373;
23.12.2024;09:22:07.201;OGBL SI 20250110 PS AM C 135.50 0;SIMPLE_INSTRUMENT;BLOCK;EUR;6;0.12000000;250;EXCHANGE_LAST;;1;1;XEUR;12315194;1373;
23.12.2024;09:22:35.238;OGBL SI 20250110 PS AM C 135.50 0;SIMPLE_INSTRUMENT;BLOCK;EUR;7;0.11000000;1000;EXCHANGE_LAST;;1;1;XEUR;12315194;1373;
23.12.2024;09:22:35.259;OGBL SI 20250110 PS AM C 135.50 0;SIMPLE_INSTRUMENT;BLOCK;EUR;8;0.12000000;1000;EXCHANGE_LAST;;1;1;XEUR;12315194;1373;
23.12.2024;10:26:33.070;OGBL.O.241223.BUL.000017;STANDARD_OPTION_STRATEGY;BLOCK;EUR;10;0.11000000;4550;EXCHANGE_LAST;;1;1;XEUR;72063491028572514;1373;
23.12.2024;10:26:33.070;OGBL SI 20250124 PS AM C 136.00 0;SIMPLE_INSTRUMENT;BLOCK;EUR;10;0.21000000;4550;PRC_DECOMP_EXCHANGE;;;;XEUR;12141998;1373;EXCHANGE
23.12.2024;10:26:33.070;OGBL SI 20250124 PS AM C 137.00 0;SIMPLE_INSTRUMENT;BLOCK;EUR;10;0.10000000;4550;PRC_DECOMP_EXCHANGE;;;;XEUR;12141985;1373;EXCHANGE
23.12.2024;11:01:15.937;OGBL.O.241223.BUL.000023;STANDARD_OPTION_STRATEGY;BLOCK;EUR;12;0.45000000;400;EXCHANGE_LAST;;1;1;XEUR;72063491028572520;1373;
23.12.2024;11:01:15.937;OGBL SI 20250221 PS AM C 140.00 0;SIMPLE_INSTRUMENT;BLOCK;EUR;12;0.08000000;400;PRC_DECOMP_EXCHANGE;;;;XEUR;11771309;1373;EXCHANGE
23.12.2024;11:01:15.937;OGBL SI 20250221 PS AM C 136.00 0;SIMPLE_INSTRUMENT;BLOCK;EUR;12;0.53000000;400;PRC_DECOMP_EXCHANGE;;;;XEUR;11771240;1373;EXCHANGE
23.12.2024;12:10:01.881;OGBL.O.241223.RBUL.000027;STANDARD_OPTION_STRATEGY;BLOCK;EUR;15;-0.10000000;250;EXCHANGE_LAST;;1;1;XEUR;72063491028572524;1373;
23.12.2024;12:10:01.881;OGBL SI 20250124 PS AM C 135.50 0;SIMPLE_INSTRUMENT;BLOCK;EUR;15;0.30000000;250;PRC_DECOMP_EXCHANGE;;;;XEUR;12142001;1373;EXCHANGE
23.12.2024;12:10:01.881;OGBL SI 20250124 PS AM C 137.00 0;SIMPLE_INSTRUMENT;BLOCK;EUR;15;0.10000000;500;PRC_DECOMP_EXCHANGE;;;;XEUR;12141985;1373;EXCHANGE
23.12.2024;12:16:00.623;OGBL.O.241223.BUL-C.000028;STANDARD_OPTION_STRATEGY;BLOCK;EUR;16;0.18000000;150;EXCHANGE_LAST;;1;1;XEUR;72063491028572525;1373;
23.12.2024;12:16:00.623;OGBL SI 20250124 PS AM C 137.50 0;SIMPLE_INSTRUMENT;BLOCK;EUR;16;0.07000000;150;PRC_DECOMP_EXCHANGE;;;;XEUR;12141991;1373;EXCHANGE
23.12.2024;12:16:00.623;OGBL SI 20250124 PS AM C 135.50 0;SIMPLE_INSTRUMENT;BLOCK;EUR;16;0.30000000;150;PRC_DECOMP_EXCHANGE;;;;XEUR;12142001;1373;EXCHANGE
23.12.2024;12:16:00.623;OGBL SI 20250124 PS AM C 138.00 0;SIMPLE_INSTRUMENT;BLOCK;EUR;16;0.05000000;150;PRC_DECOMP_EXCHANGE;;;;XEUR;12141989;1373;EXCHANGE
23.12.2024;13:39:12.415;OGBL.O.241223.STD.000029;STANDARD_OPTION_STRATEGY;BLOCK;EUR;17;1.68000000;300;EXCHANGE_LAST;;1;1;XEUR;72063491028572526;1373;
23.12.2024;13:39:12.415;OGBL SI 20250124 PS AM P 134.00 0;SIMPLE_INSTRUMENT;BLOCK;EUR;17;0.93000000;300;PRC_DECOMP_EXCHANGE;;;;XEUR;12141996;1373;EXCHANGE
23.12.2024;13:39:12.415;OGBL SI 20250124 PS AM C 134.00 0;SIMPLE_INSTRUMENT;BLOCK;EUR;17;0.75000000;300;PRC_DECOMP_EXCHANGE;;;;XEUR;12141973;1373;EXCHANGE
23.12.2024;14:19:43.962;OGBL.O.241223.BER-P.000032;STANDARD_OPTION_STRATEGY;BLOCK;EUR;18;-0.05000000;250;EXCHANGE_LAST;;1;1;XEUR;72063491028572529;1373;
23.12.2024;14:19:43.962;OGBL SI 20250124 PS AM P 133.00 0;SIMPLE_INSTRUMENT;BLOCK;EUR;18;0.49000000;250;PRC_DECOMP_EXCHANGE;;;;XEUR;12141976;1373;EXCHANGE
23.12.2024;14:19:43.962;OGBL SI 20250124 PS AM P 132.00 0;SIMPLE_INSTRUMENT;BLOCK;EUR;18;0.25000000;250;PRC_DECOMP_EXCHANGE;;;;XEUR;12141972;1373;EXCHANGE
23.12.2024;14:19:43.962;OGBL SI 20250124 PS AM P 133.50 0;SIMPLE_INSTRUMENT;BLOCK;EUR;18;0.69000000;250;PRC_DECOMP_EXCHANGE;;;;XEUR;12141974;1373;EXCHANGE
23.12.2024;14:35:19.003;OGBL.O.241223.BER-P.000032;STANDARD_OPTION_STRATEGY;BLOCK;EUR;19;-0.04000000;125;EXCHANGE_LAST;;1;1;XEUR;72063491028572529;1373;
23.12.2024;14:35:19.003;OGBL SI 20250124 PS AM P 133.00 0;SIMPLE_INSTRUMENT;BLOCK;EUR;19;0.46000000;125;PRC_DECOMP_EXCHANGE;;;;XEUR;12141976;1373;EXCHANGE
23.12.2024;14:35:19.003;OGBL SI 20250124 PS AM P 133.50 0;SIMPLE_INSTRUMENT;BLOCK;EUR;19;0.66000000;125;PRC_DECOMP_EXCHANGE;;;;XEUR;12141974;1373;EXCHANGE
23.12.2024;14:35:19.003;OGBL SI 20250124 PS AM P 132.00 0;SIMPLE_INSTRUMENT;BLOCK;EUR;19;0.24000000;125;PRC_DECOMP_EXCHANGE;;;;XEUR;12141972;1373;EXCHANGE
23.12.2024;14:35:36.004;OGBL.O.241223.BER-P.000032;STANDARD_OPTION_STRATEGY;BLOCK;EUR;20;-0.05000000;125;EXCHANGE_LAST;;1;1;XEUR;72063491028572529;1373;
23.12.2024;14:35:36.004;OGBL SI 20250124 PS AM P 132.00 0;SIMPLE_INSTRUMENT;BLOCK;EUR;20;0.24000000;125;PRC_DECOMP_EXCHANGE;;;;XEUR;12141972;1373;EXCHANGE
23.12.2024;14:35:36.004;OGBL SI 20250124 PS AM P 133.50 0;SIMPLE_INSTRUMENT;BLOCK;EUR;20;0.66000000;125;PRC_DECOMP_EXCHANGE;;;;XEUR;12141974;1373;EXCHANGE
23.12.2024;14:35:36.004;OGBL SI 20250124 PS AM P 133.00 0;SIMPLE_INSTRUMENT;BLOCK;EUR;20;0.47000000;125;PRC_DECOMP_EXCHANGE;;;;XEUR;12141976;1373;EXCHANGE
23.12.2024;15:14:11.615;OGBL.O.241223.STG.000036;STANDARD_OPTION_STRATEGY;BLOCK;EUR;25;0.25000000;101;EXCHANGE_LAST;;1;1;XEUR;72063491028572533;1373;
23.12.2024;15:14:11.615;OGBL SI 20250124 PS AM P 131.00 0;SIMPLE_INSTRUMENT;BLOCK;EUR;25;0.12000000;101;PRC_DECOMP_EXCHANGE;;;;XEUR;12141984;1373;EXCHANGE
23.12.2024;15:14:11.615;OGBL SI 20250124 PS AM C 136.50 0;SIMPLE_INSTRUMENT;BLOCK;EUR;25;0.13000000;101;PRC_DECOMP_EXCHANGE;;;;XEUR;12141987;1373;EXCHANGE
23.12.2024;15:14:24.141;OGBL.O.241223.STG.000036;STANDARD_OPTION_STRATEGY;BLOCK;EUR;26;0.24000000;100;EXCHANGE_LAST;;1;1;XEUR;72063491028572533;1373;
23.12.2024;15:14:24.141;OGBL SI 20250124 PS AM P 131.00 0;SIMPLE_INSTRUMENT;BLOCK;EUR;26;0.12000000;100;PRC_DECOMP_EXCHANGE;;;;XEUR;12141984;1373;EXCHANGE
23.12.2024;15:14:24.141;OGBL SI 20250124 PS AM C 136.50 0;SIMPLE_INSTRUMENT;BLOCK;EUR;26;0.12000000;100;PRC_DECOMP_EXCHANGE;;;;XEUR;12141987;1373;EXCHANGE
23.12.2024;15:56:27.666;OGBL SI 20250103 PS AM P 134.00 0;SIMPLE_INSTRUMENT;BLOCK;EUR;27;0.50000000;100;EXCHANGE_LAST;;1;1;XEUR;12253511;1373;
23.12.2024;15:56:48.171;OGBL SI 20250103 PS AM C 134.00 0;SIMPLE_INSTRUMENT;BLOCK;EUR;28;0.26000000;100;EXCHANGE_LAST;;1;1;XEUR;12253515;1373;
23.12.2024;16:31:17.212;OGBL.O.241223.STD.000030;STANDARD_OPTION_STRATEGY;BLOCK;EUR;29;2.51000000;150;EXCHANGE_LAST;;1;1;XEUR;72063491028572527;1373;
23.12.2024;16:31:17.212;OGBL SI 20250221 PS AM C 134.00 0;SIMPLE_INSTRUMENT;BLOCK;EUR;29;1.09000000;150;PRC_DECOMP_EXCHANGE;;;;XEUR;11771232;1373;EXCHANGE
23.12.2024;16:31:17.212;OGBL SI 20250221 PS AM P 134.00 0;SIMPLE_INSTRUMENT;BLOCK;EUR;29;1.42000000;150;PRC_DECOMP_EXCHANGE;;;;XEUR;11771241;1373;EXCHANGE
23.12.2024;16:39:38.230;OGBL SI 20250110 PS AM P 124.00 0;SIMPLE_INSTRUMENT;BLOCK;EUR;30;0.01000000;250;EXCHANGE_LAST;;1;1;XEUR;12422611;1373;
23.12.2024;09:49:25.765;OGBL.V.241223.STD-U.000013;OPTION_VOLATILITY_STRATEGY;BLOCK;EUR;268435465;1.72000000;1;EXCHANGE_LAST;;1;1;XEUR;72063491028572510;1373;
23.12.2024;09:49:25.765;FGBL SI 20250306 PS;SIMPLE_INSTRUMENT;BLOCK;EUR;268435465;133.74000000;25;PRC_DECOMP_EXCHANGE;;;;XEUR;11286679;1373;EXCHANGE
23.12.2024;09:49:25.765;OGBL SI 20250124 PS AM P 133.50 0;SIMPLE_INSTRUMENT;BLOCK;EUR;268435465;0.73000000;250;PRC_DECOMP_EXCHANGE;;;;XEUR;12141974;1373;EXCHANGE
23.12.2024;09:49:25.765;OGBL SI 20250124 PS AM C 133.50 0;SIMPLE_INSTRUMENT;BLOCK;EUR;268435465;0.99000000;250;PRC_DECOMP_EXCHANGE;;;;XEUR;12141975;1373;EXCHANGE
23.12.2024;14:55:40.457;OGBM SI 20250124 PS AM P 117.50 0;SIMPLE_INSTRUMENT;BLOCK;EUR;22;0.22000000;1000;EXCHANGE_LAST;;1;1;XEUR;12141754;1362;
23.12.2024;15:01:53.620;OGBM SI 20250124 PS AM P 117.50 0;SIMPLE_INSTRUMENT;BLOCK;EUR;23;0.22000000;500;EXCHANGE_LAST;;1;1;XEUR;12141754;1362;
23.12.2024;12:14:55.215;OGBM.V.241223.RBER+U.000006;OPTION_VOLATILITY_STRATEGY;BLOCK;EUR;268435470;0.01000000;10;EXCHANGE_LAST;;1;1;XEUR;72063443783515621;1362;
23.12.2024;12:14:55.215;OGBM SI 20250221 PS AM P 117.75 0;SIMPLE_INSTRUMENT;BLOCK;EUR;268435470;0.49000000;1000;PRC_DECOMP_EXCHANGE;;;;XEUR;11770990;1362;EXCHANGE
23.12.2024;12:14:55.215;FGBM SI 20250306 PS;SIMPLE_INSTRUMENT;BLOCK;EUR;268435470;118.00000000;60;PRC_DECOMP_EXCHANGE;;;;XEUR;11286680;1362;EXCHANGE
23.12.2024;12:14:55.215;OGBM SI 20250221 PS AM P 117.00 0;SIMPLE_INSTRUMENT;BLOCK;EUR;268435470;0.25000000;2000;PRC_DECOMP_EXCHANGE;;;;XEUR;11771067;1362;EXCHANGE
23.12.2024;07:09:27.568;OGBS.O.241223.CBUT.000002;STANDARD_OPTION_STRATEGY;BLOCK;EUR;1;0.03000000;2000;EXCHANGE_LAST;;1;1;XEUR;72063448078474204;1363;
23.12.2024;07:09:27.568;OGBS SI 20250124 PS AM C 107.60 0;SIMPLE_INSTRUMENT;BLOCK;EUR;1;0.03000000;2000;PRC_DECOMP_EXCHANGE;;;;XEUR;12141800;1363;EXCHANGE
23.12.2024;07:09:27.568;OGBS SI 20250124 PS AM C 107.20 0;SIMPLE_INSTRUMENT;BLOCK;EUR;1;0.10000000;2000;PRC_DECOMP_EXCHANGE;;;;XEUR;12141785;1363;EXCHANGE
23.12.2024;07:09:27.568;OGBS SI 20250124 PS AM C 107.40 0;SIMPLE_INSTRUMENT;BLOCK;EUR;1;0.05000000;4000;PRC_DECOMP_EXCHANGE;;;;XEUR;12141777;1363;EXCHANGE
23.12.2024;07:09:40.315;OGBS.O.241223.CBUT.000002;STANDARD_OPTION_STRATEGY;BLOCK;EUR;2;0.02500000;2000;EXCHANGE_LAST;;1;1;XEUR;72063448078474204;1363;
23.12.2024;07:09:40.315;OGBS SI 20250124 PS AM C 107.60 0;SIMPLE_INSTRUMENT;BLOCK;EUR;2;0.03000000;2000;PRC_DECOMP_MEMBER;;;;XEUR;12141800;1363;MEMBER
23.12.2024;07:09:40.315;OGBS SI 20250124 PS AM C 107.40 0;SIMPLE_INSTRUMENT;BLOCK;EUR;2;0.05000000;4000;PRC_DECOMP_MEMBER;;;;XEUR;12141777;1363;MEMBER
23.12.2024;07:09:40.315;OGBS SI 20250124 PS AM C 107.20 0;SIMPLE_INSTRUMENT;BLOCK;EUR;2;0.09500000;2000;PRC_DECOMP_MEMBER;;;;XEUR;12141785;1363;MEMBER
23.12.2024;07:55:21.923;OGBS.O.241223.CBUT.000003;STANDARD_OPTION_STRATEGY;BLOCK;EUR;3;0.03000000;750;EXCHANGE_LAST;;1;1;XEUR;72063448078474205;1363;
23.12.2024;07:55:21.923;OGBS SI 20250124 PS AM C 107.30 0;SIMPLE_INSTRUMENT;BLOCK;EUR;3;0.07500000;1500;PRC_DECOMP_EXCHANGE;;;;XEUR;12141773;1363;EXCHANGE
23.12.2024;07:55:21.923;OGBS SI 20250124 PS AM C 107.50 0;SIMPLE_INSTRUMENT;BLOCK;EUR;3;0.04000000;750;PRC_DECOMP_EXCHANGE;;;;XEUR;12141796;1363;EXCHANGE
23.12.2024;07:55:21.923;OGBS SI 20250124 PS AM C 107.10 0;SIMPLE_INSTRUMENT;BLOCK;EUR;3;0.14000000;750;PRC_DECOMP_EXCHANGE;;;;XEUR;12141781;1363;EXCHANGE
23.12.2024;07:55:30.924;OGBS.O.241223.CBUT.000003;STANDARD_OPTION_STRATEGY;BLOCK;EUR;4;0.03500000;750;EXCHANGE_LAST;;1;1;XEUR;72063448078474205;1363;
23.12.2024;07:55:30.924;OGBS SI 20250124 PS AM C 107.30 0;SIMPLE_INSTRUMENT;BLOCK;EUR;4;0.07500000;1500;PRC_DECOMP_EXCHANGE;;;;XEUR;12141773;1363;EXCHANGE
23.12.2024;07:55:30.924;OGBS SI 20250124 PS AM C 107.10 0;SIMPLE_INSTRUMENT;BLOCK;EUR;4;0.14500000;750;PRC_DECOMP_EXCHANGE;;;;XEUR;12141781;1363;EXCHANGE
23.12.2024;07:55:30.924;OGBS SI 20250124 PS AM C 107.50 0;SIMPLE_INSTRUMENT;BLOCK;EUR;4;0.04000000;750;PRC_DECOMP_EXCHANGE;;;;XEUR;12141796;1363;EXCHANGE
23.12.2024;14:55:33.588;OGBS SI 20250124 PS AM P 106.90 0;SIMPLE_INSTRUMENT;BLOCK;EUR;21;0.08500000;2000;EXCHANGE_LAST;;1;1;XEUR;12141826;1363;
23.12.2024;15:02:01.677;OGBS SI 20250124 PS AM P 106.90 0;SIMPLE_INSTRUMENT;BLOCK;EUR;24;0.08500000;1000;EXCHANGE_LAST;;1;1;XEUR;12141826;1363;
23.12.2024;10:56:34.183;OGBS.V.241223.PBUT+U.000012;OPTION_VOLATILITY_STRATEGY;BLOCK;EUR;268435467;0.03500000;15;EXCHANGE_LAST;;1;1;XEUR;72063448078474214;1363;
23.12.2024;10:56:34.183;OGBS SI 20250221 PS AM P 106.70 0;SIMPLE_INSTRUMENT;BLOCK;EUR;268435467;0.09500000;1500;PRC_DECOMP_EXCHANGE;;;;XEUR;11770993;1363;EXCHANGE
23.12.2024;10:56:34.183;OGBS SI 20250221 PS AM P 107.10 0;SIMPLE_INSTRUMENT;BLOCK;EUR;268435467;0.25500000;3000;PRC_DECOMP_EXCHANGE;;;;XEUR;11771020;1363;EXCHANGE
23.12.2024;10:56:34.183;FGBS SI 20250306 PS;SIMPLE_INSTRUMENT;BLOCK;EUR;268435467;107.06000000;135;PRC_DECOMP_EXCHANGE;;;;XEUR;11286681;1363;EXCHANGE
23.12.2024;10:56:34.183;OGBS SI 20250221 PS AM P 107.40 0;SIMPLE_INSTRUMENT;BLOCK;EUR;268435467;0.45000000;1500;PRC_DECOMP_EXCHANGE;;;;XEUR;11771027;1363;EXCHANGE
23.12.2024;15:22:18.917;OMWP SI 20250117 CS EU P 3450 0;SIMPLE_INSTRUMENT;BLOCK;USD;2;6.50000000;320;EXCHANGE_LAST;;1;1;XEUR;12126963;30935;
23.12.2024;13:52:10.922;OSMI SI 20250117 CS EU C 11650 0;SIMPLE_INSTRUMENT;BLOCK;CHF;1;56.10000000;390;EXCHANGE_LAST;;1;1;XEUR;12084361;1402;
23.12.2024;09:40:54.960;PGHN FI 20250114 CS EU C 1265.0000 0;FLEXIBLE_INSTRUMENT;BLOCK;CHF;5;9.75000000;450;EXCHANGE_LAST;;1;1;XEUR;1152927010754932462;1282;
23.12.2024;10:49:15.192;PPX SI 20251219 PS AM P 200.00 0;SIMPLE_INSTRUMENT;BLOCK;EUR;6;17.40000000;150;EXCHANGE_LAST;;1;1;XEUR;8149293;12613;
23.12.2024;12:49:16.570;R2OG SI 20251219 CS;SIMPLE_INSTRUMENT;BLOCK;CHF;25;9.99000000;51;EXCHANGE_LAST;;1;1;XEUR;5915057;1484;
23.12.2024;09:45:13.720;RNL SI 20281215 PS AM P 36.00 0;SIMPLE_INSTRUMENT;BLOCK;EUR;1;7.20000000;5000;EXCHANGE_LAST;;1;1;XEUR;10420630;1438;
23.12.2024;14:05:59.523;RNL SI 20250321 PS AM C 48.00 0;SIMPLE_INSTRUMENT;BLOCK;EUR;15;2.70000000;2800;EXCHANGE_LAST;;1;2;XEUR;10853148;1438;
23.12.2024;11:03:53.625;ROG SI 20251219 PS AM C 260.00 0;SIMPLE_INSTRUMENT;BLOCK;CHF;13;11.75000000;1000;EXCHANGE_LAST;;1;3;XEUR;9894573;1435;
23.12.2024;12:04:04.354;ROG.O.241223.BER.000003;STANDARD_OPTION_STRATEGY;BLOCK;CHF;14;11.65000000;350;EXCHANGE_LAST;;1;1;XEUR;72063757316070019;1435;
23.12.2024;12:04:04.354;ROG SI 20250117 PS AM P 235.00 0;SIMPLE_INSTRUMENT;BLOCK;CHF;14;0.12000000;350;PRC_DECOMP_EXCHANGE;;;;XEUR;12084955;1435;EXCHANGE
23.12.2024;12:04:04.354;ROG SI 20250117 PS AM P 260.00 0;SIMPLE_INSTRUMENT;BLOCK;CHF;14;11.77000000;350;PRC_DECOMP_EXCHANGE;;;;XEUR;12084976;1435;EXCHANGE
23.12.2024;14:22:52.675;ROG.O.241223.STG.000012;STANDARD_OPTION_STRATEGY;BLOCK;CHF;25;12.40000000;250;EXCHANGE_LAST;;1;1;XEUR;72063757316070028;1435;
23.12.2024;14:22:52.675;ROG SI 20250321 PS AM P 240.00 0;SIMPLE_INSTRUMENT;BLOCK;CHF;25;4.95000000;250;PRC_DECOMP_EXCHANGE;;;;XEUR;10853038;1435;EXCHANGE
23.12.2024;14:22:52.675;ROG SI 20250321 PS AM C 255.00 0;SIMPLE_INSTRUMENT;BLOCK;CHF;25;7.45000000;250;PRC_DECOMP_EXCHANGE;;;;XEUR;11789766;1435;EXCHANGE
23.12.2024;16:39:27.936;ROGE SI 20251219 PS EU C 280.00 0;SIMPLE_INSTRUMENT;BLOCK;CHF;33;6.95000000;1523;EXCHANGE_LAST;;1;1;XEUR;5941200;18854;
23.12.2024;16:39:27.940;ROGE SI 20251219 PS EU C 280.00 0;SIMPLE_INSTRUMENT;BLOCK;CHF;34;6.96000000;227;EXCHANGE_LAST;;1;1;XEUR;5941200;18854;
23.12.2024;15:25:11.500;S3QU SI 20271217 CS;SIMPLE_INSTRUMENT;BLOCK;EUR;40;4.23000000;473;EXCHANGE_LAST;;1;1;XEUR;8407457;48710;
23.12.2024;10:53:37.646;SGM SI 20250919 PS AM P 20.00 0;SIMPLE_INSTRUMENT;BLOCK;EUR;9;1.33000000;1500;EXCHANGE_LAST;;1;1;XEUR;11897958;1606;
23.12.2024;13:14:42.001;SGM SI 20250221 PS AM P 22.00 0;SIMPLE_INSTRUMENT;BLOCK;EUR;13;0.80000000;2500;EXCHANGE_LAST;;1;1;XEUR;12257301;1606;
23.12.2024;10:15:10.034;SIE SI 20251219 PS AM C 220.00 0;SIMPLE_INSTRUMENT;BLOCK;EUR;1;8.60000000;400;EXCHANGE_LAST;;1;1;XEUR;10984154;293830;
23.12.2024;13:29:32.122;SIE SI 20250321 PS AM C 200.00 0;SIMPLE_INSTRUMENT;BLOCK;EUR;5;4.85000000;500;EXCHANGE_LAST;;1;1;XEUR;10877091;293830;
23.12.2024;14:05:12.089;SIE SI 20250117 PS AM P 188.00 0;SIMPLE_INSTRUMENT;BLOCK;EUR;6;3.01000000;500;EXCHANGE_LAST;;1;1;XEUR;12102216;293830;
23.12.2024;15:15:28.862;SIE SI 20251219 PS AM P 160.00 0;SIMPLE_INSTRUMENT;BLOCK;EUR;8;7.56000000;400;EXCHANGE_LAST;;1;1;XEUR;5943311;293830;
23.12.2024;15:44:07.634;SIE SI 20250321 PS AM P 168.00 0;SIMPLE_INSTRUMENT;BLOCK;EUR;9;2.82000000;819;EXCHANGE_LAST;;1;1;XEUR;12482597;293830;
23.12.2024;09:47:34.587;SIK SI 20250620 PS AM P 190.0 0;SIMPLE_INSTRUMENT;BLOCK;CHF;8;5.78000000;400;EXCHANGE_LAST;;1;1;XEUR;11377774;1625;
23.12.2024;10:05:29.036;SIK SI 20250919 PS AM P 190.0 0;SIMPLE_INSTRUMENT;BLOCK;CHF;10;8.03000000;200;EXCHANGE_LAST;;1;1;XEUR;11898194;1625;
23.12.2024;13:39:13.811;SIK SI 20261218 PS AM P 180.0 0;SIMPLE_INSTRUMENT;BLOCK;CHF;22;14.32000000;200;EXCHANGE_LAST;;1;1;XEUR;12460741;1625;
23.12.2024;15:49:45.208;SIK.O.241223.STG.000009;STANDARD_OPTION_STRATEGY;BLOCK;CHF;30;7.75000000;300;EXCHANGE_LAST;;1;1;XEUR;72064573359803155;1625;
23.12.2024;15:49:45.208;SIK SI 20250321 PS AM P 200.0 0;SIMPLE_INSTRUMENT;BLOCK;CHF;30;3.81000000;300;PRC_DECOMP_EXCHANGE;;;;XEUR;10856336;1625;EXCHANGE
23.12.2024;15:49:45.208;SIK SI 20250321 PS AM C 230.0 0;SIMPLE_INSTRUMENT;BLOCK;CHF;30;3.94000000;300;PRC_DECOMP_EXCHANGE;;;;XEUR;11692340;1625;EXCHANGE
23.12.2024;13:10:38.328;SJ7P SI 20250321 PS;SIMPLE_INSTRUMENT;BLOCK;EUR;31;78.50310000;1000;EXCHANGE_LAST;;1;1;XEUR;10732759;377907;
23.12.2024;14:02:46.341;SND SI 20250321 PS AM P 215.00 0;SIMPLE_INSTRUMENT;BLOCK;EUR;14;3.87000000;647;EXCHANGE_LAST;;1;1;XEUR;12460013;1572;
23.12.2024;10:24:46.926;SNWG SI 20250321 CS;SIMPLE_INSTRUMENT;BLOCK;EUR;7;92.50000000;1500;EXCHANGE_LAST;;1;1;XEUR;10735085;509762;
23.12.2024;11:21:13.901;SQU SI 20261218 PS AM P 80.00 0;SIMPLE_INSTRUMENT;BLOCK;EUR;10;5.21000000;250;EXCHANGE_LAST;;1;1;XEUR;7169479;1545;
23.12.2024;09:19:40.374;STMN SI 20251219 PS AM P 96.00 0;SIMPLE_INSTRUMENT;BLOCK;CHF;2;5.92000000;400;EXCHANGE_LAST;;1;1;XEUR;12459001;1540;
23.12.2024;14:34:57.446;STMN SI 20261218 PS AM P 92.00 0;SIMPLE_INSTRUMENT;BLOCK;CHF;26;8.76000000;350;EXCHANGE_LAST;;1;1;XEUR;12459233;1540;
23.12.2024;08:52:49.511;TESX SI 20251219 CS;SIMPLE_INSTRUMENT;BLOCK_TAM;EUR;2;90.00000000;500;EXCHANGE_LAST;;1;1;XEUR;2537075;49368;
23.12.2024;08:53:22.772;TESX SI 20281215 CS;SIMPLE_INSTRUMENT;BLOCK_TAM;EUR;3;91.00000000;500;EXCHANGE_LAST;;1;1;XEUR;3681035;49368;
23.12.2024;10:51:40.727;TESX SI 20251219 CS;SIMPLE_INSTRUMENT;DELTA_TAM;EUR;6;;2000;EXCHANGE_LAST;;1;1;XEUR;2537075;49368;
23.12.2024;10:59:24.661;TESX SI 20251219 CS;SIMPLE_INSTRUMENT;DELTA_TAM;EUR;7;;1000;EXCHANGE_LAST;;1;1;XEUR;2537075;49368;
23.12.2024;11:13:47.017;TESX SI 20251219 CS;SIMPLE_INSTRUMENT;DELTA_TAM;EUR;9;;6000;EXCHANGE_LAST;;1;2;XEUR;2537075;49368;
23.12.2024;11:09:21.864;UBL SI 20250620 PS AM P 64.00 0;SIMPLE_INSTRUMENT;BLOCK;EUR;3;3.17000000;3500;EXCHANGE_LAST;;1;3;XEUR;7916961;1707;
23.12.2024;09:42:17.735;UBSN FI 20250115 CS EU C 28.0500 0;FLEXIBLE_INSTRUMENT;BLOCK;CHF;6;0.14000000;2385;EXCHANGE_LAST;;1;1;XEUR;1152928857590875775;1712;
23.12.2024;09:42:31.801;UBSN FI 20250115 CS EU C 28.0500 0;FLEXIBLE_INSTRUMENT;BLOCK;CHF;7;0.15000000;2385;EXCHANGE_LAST;;1;1;XEUR;1152928857590875775;1712;
23.12.2024;13:33:38.632;UNC SI 20250321 PS AM P 180.00 0;SIMPLE_INSTRUMENT;BLOCK;EUR;3;9.40000000;300;EXCHANGE_LAST;;1;1;XEUR;10858644;1725;
23.12.2024;12:42:21.374;V3VD SI 20261218 CS;SIMPLE_INSTRUMENT;BLOCK;EUR;27;1.38000000;725;EXCHANGE_LAST;;1;1;XEUR;6866209;414624;
23.12.2024;08:44:07.370;V3W3 SI 20251219 CS;SIMPLE_INSTRUMENT;BLOCK;EUR;1;4.65000000;30;EXCHANGE_LAST;;1;1;XEUR;8978261;623926;
23.12.2024;09:09:58.003;V3W3 SI 20251219 CS;SIMPLE_INSTRUMENT;BLOCK;EUR;2;4.95000000;350;EXCHANGE_LAST;;1;2;XEUR;8978261;623926;
23.12.2024;09:11:49.866;V3W3 SI 20251219 CS;SIMPLE_INSTRUMENT;BLOCK;EUR;3;5.05000000;20;EXCHANGE_LAST;;1;1;XEUR;8978261;623926;
23.12.2024;10:26:51.917;V3W3 SI 20251219 CS;SIMPLE_INSTRUMENT;BLOCK;EUR;6;5.05000000;150;EXCHANGE_LAST;;1;1;XEUR;8978261;623926;
23.12.2024;10:25:12.602;V3W3 SI 20251219 CS;SIMPLE_INSTRUMENT;BLOCK;EUR;8;5.10000000;45;EXCHANGE_LAST;;2;1;XEUR;8978261;623926;
23.12.2024;15:23:18.501;V3W3 SI 20251219 CS;SIMPLE_INSTRUMENT;BLOCK;EUR;38;5.10000000;20;EXCHANGE_LAST;;1;1;XEUR;8978261;623926;
23.12.2024;15:45:44.679;V3W3 SI 20251219 CS;SIMPLE_INSTRUMENT;BLOCK;EUR;44;5.10000000;30;EXCHANGE_LAST;;1;1;XEUR;8978261;623926;
23.12.2024;09:36:19.211;VAGN FI 20250115 CS EU C 359.3000 0;FLEXIBLE_INSTRUMENT;BLOCK;CHF;3;3.87000000;50;EXCHANGE_LAST;;1;1;XEUR;1153166910448216838;57138;
23.12.2024;09:10:05.616;VO3.O.241223.BRT.000009;STANDARD_OPTION_STRATEGY;BLOCK;EUR;1;6.20000000;300;EXCHANGE_LAST;;1;1;XEUR;72065634216775832;1872;
23.12.2024;09:10:05.616;VO3 SI 20250620 PS AM P 90.00 0;SIMPLE_INSTRUMENT;BLOCK;EUR;1;9.80000000;300;PRC_DECOMP_EXCHANGE;;;;XEUR;11845887;1872;EXCHANGE
23.12.2024;09:10:05.616;VO3 SI 20250117 PS AM P 90.00 0;SIMPLE_INSTRUMENT;BLOCK;EUR;1;3.60000000;300;PRC_DECOMP_EXCHANGE;;;;XEUR;12091254;1872;EXCHANGE
23.12.2024;16:31:33.214;VO3 SI 20250620 PS AM C 100.00 0;SIMPLE_INSTRUMENT;BLOCK;EUR;3;2.21000000;1000;EXCHANGE_LAST;;1;2;XEUR;8807878;1872;
23.12.2024;13:15:49.077;VVUJ SI 20250321 CS;SIMPLE_INSTRUMENT;BLOCK;EUR;30;8.10000000;3250;EXCHANGE_LAST;;1;1;XEUR;10732810;412284;
23.12.2024;12:49:54.692;X2CA SI 20271217 CS;SIMPLE_INSTRUMENT;BLOCK;EUR;26;0.82000000;112;EXCHANGE_LAST;;1;1;XEUR;8400397;1820;
23.12.2024;13:01:09.406;XCA SI 20250919 PS AM P 11.00 0;SIMPLE_INSTRUMENT;BLOCK;EUR;11;0.48000000;1500;EXCHANGE_LAST;;1;1;XEUR;11902031;1819;
