#Date;TrdTime;Contract;ContractType;TrdTyp;Currency;TesId;Prc;Qty;TrdInd;Aggressor;Buy;Sell;Exch;InstrumentId;RelatedProdId;PrcDecomp
08.01.2025;11:53:40.825;A2SG SI 20250321 CS;SIMPLE_INSTRUMENT;BLOCK;EUR;32;0.00100000;870;EXCHANGE_LAST;;1;1;XEUR;10393038;14;
08.01.2025;12:08:42.258;A2SG SI 20251219 CS;SIMPLE_INSTRUMENT;BLOCK;EUR;33;1.50000000;500;EXCHANGE_LAST;;1;2;XEUR;5914262;14;
08.01.2025;09:57:30.062;A2XA SI 20261218 CS;SIMPLE_INSTRUMENT;BLOCK;EUR;6;2.15000000;350;EXCHANGE_LAST;;1;1;XEUR;4632093;17;
08.01.2025;10:37:29.461;A2XA SI 20250620 CS;SIMPLE_INSTRUMENT;BLOCK;EUR;15;2.12500000;1000;EXCHANGE_LAST;;1;1;XEUR;10827630;17;
08.01.2025;11:16:58.075;A2XA SI 20250620 CS;SIMPLE_INSTRUMENT;BLOCK;EUR;21;2.12500000;500;EXCHANGE_LAST;;1;1;XEUR;10827630;17;
08.01.2025;16:36:55.656;A2XA SI 20271217 CS;SIMPLE_INSTRUMENT;BLOCK;EUR;80;1.99000000;275;EXCHANGE_LAST;;2;1;XEUR;5914267;17;
08.01.2025;12:30:32.426;A3NN SI 20251219 CS;SIMPLE_INSTRUMENT;BLOCK;EUR;34;1.10000000;150;EXCHANGE_LAST;;1;1;XEUR;7365514;464375;
08.01.2025;10:18:19.680;ABBN SI 20251219 PS AM P 44.00 0;SIMPLE_INSTRUMENT;BLOCK;CHF;12;2.30000000;1000;EXCHANGE_LAST;;1;1;XEUR;8536823;574517;
08.01.2025;11:00:41.436;ABBN SI 20250620 PS AM P 48.00 0;SIMPLE_INSTRUMENT;BLOCK;CHF;20;2.48000000;2000;EXCHANGE_LAST;;2;1;XEUR;8902740;574517;
08.01.2025;15:52:03.915;ABBN FI 20250205 CS EU C 52.0500 0;FLEXIBLE_INSTRUMENT;BLOCK;CHF;59;0.55000000;1100;EXCHANGE_LAST;;1;1;XEUR;1155389036332854027;574517;
08.01.2025;11:22:34.727;ADEN SI 20251219 PS AM C 22.00 0;SIMPLE_INSTRUMENT;BLOCK;CHF;22;1.95000000;2000;EXCHANGE_LAST;;1;1;XEUR;12430560;44;
08.01.2025;15:39:46.697;ADS SI 20250321 PS AM C 240.00 0;SIMPLE_INSTRUMENT;BLOCK;EUR;13;16.25000000;500;EXCHANGE_LAST;;2;1;XEUR;10828524;50;
08.01.2025;11:21:07.809;ADSG SI 20250417 CS;SIMPLE_INSTRUMENT;BLOCK;EUR;23;248.72550000;35;EXCHANGE_LAST;;1;1;XEUR;10827869;48;
08.01.2025;10:57:48.723;AFX SI 20250919 PS AM P 42.00 0;SIMPLE_INSTRUMENT;BLOCK;EUR;12;3.90000000;250;EXCHANGE_LAST;;1;1;XEUR;11870718;56;
08.01.2025;09:09:27.185;ALV SI 20250620 PS AM P 275.00 0;SIMPLE_INSTRUMENT;BLOCK;EUR;2;7.37000000;300;EXCHANGE_LAST;;1;1;XEUR;12394559;74;
08.01.2025;09:09:53.242;ALV SI 20251219 PS AM P 200.00 0;SIMPLE_INSTRUMENT;BLOCK;EUR;3;2.55000000;9200;EXCHANGE_LAST;;1;1;XEUR;5920780;74;
08.01.2025;09:09:58.337;ALV SI 20251219 PS AM P 250.00 0;SIMPLE_INSTRUMENT;BLOCK;EUR;4;7.15000000;4500;EXCHANGE_LAST;;1;1;XEUR;11151281;74;
08.01.2025;13:22:35.504;ANN SI 20260619 PS AM P 24.00 0;SIMPLE_INSTRUMENT;BLOCK;EUR;6;2.38000000;1000;EXCHANGE_LAST;;1;1;XEUR;9576332;45202;
08.01.2025;16:10:35.425;AOMH SI 20251219 CS;SIMPLE_INSTRUMENT;BLOCK;EUR;74;20.61380000;700;EXCHANGE_LAST;;1;1;XEUR;11420303;840006;
08.01.2025;11:53:27.936;ASGP SI 20250320 PS;SIMPLE_INSTRUMENT;BLOCK;EUR;31;28.40000000;10000;EXCHANGE_LAST;;1;1;XEUR;10690213;243405;
08.01.2025;16:32:25.214;ASM SI 20250321 PS AM C 800.00 0;SIMPLE_INSTRUMENT;BLOCK;EUR;22;23.25000000;300;EXCHANGE_LAST;;1;1;XEUR;10830167;107;
08.01.2025;11:00:31.946;AXA.O.250108.IRTSP.000002;STANDARD_OPTION_STRATEGY;BLOCK;EUR;9;-0.01000000;1500;EXCHANGE_LAST;;1;1;XEUR;72058139498795186;127;
08.01.2025;11:00:31.946;AXA SI 20250117 PS AM C 35.00 0;SIMPLE_INSTRUMENT;BLOCK;EUR;9;0.39000000;1500;PRC_DECOMP_EXCHANGE;;;;XEUR;12068566;127;EXCHANGE
08.01.2025;11:00:31.946;AXA SI 20250321 PS AM P 32.00 0;SIMPLE_INSTRUMENT;BLOCK;EUR;9;0.40000000;1500;PRC_DECOMP_EXCHANGE;;;;XEUR;10830414;127;EXCHANGE
08.01.2025;11:35:48.492;AXA.O.250108.BRT.000003;STANDARD_OPTION_STRATEGY;BLOCK;EUR;14;0.37000000;3000;EXCHANGE_LAST;;2;1;XEUR;72058139498795187;127;
08.01.2025;11:35:48.492;AXA SI 20250221 PS AM P 34.00 0;SIMPLE_INSTRUMENT;BLOCK;EUR;14;0.62000000;3000;PRC_DECOMP_EXCHANGE;;;;XEUR;12238906;127;EXCHANGE
08.01.2025;11:35:48.492;AXA SI 20250117 PS AM P 34.00 0;SIMPLE_INSTRUMENT;BLOCK;EUR;14;0.25000000;3000;PRC_DECOMP_EXCHANGE;;;;XEUR;12068570;127;EXCHANGE
08.01.2025;13:26:34.394;AZA SI 20250117 PS AM P 10600 0;SIMPLE_INSTRUMENT;BLOCK;GBX;3;124.00000000;100;EXCHANGE_LAST;;1;1;XEUR;12068198;120;
08.01.2025;14:47:13.966;B2NP SI 20251219 CS;SIMPLE_INSTRUMENT;BLOCK;EUR;53;5.21000000;350;EXCHANGE_LAST;;2;1;XEUR;5914355;131;
08.01.2025;11:34:57.729;B2YG SI 20250620 CS;SIMPLE_INSTRUMENT;BLOCK;EUR;27;1.90000000;720;EXCHANGE_LAST;;1;1;XEUR;10865361;45713;
08.01.2025;16:25:07.919;BARN SI 20250919 PS AM P 1200.00 0;SIMPLE_INSTRUMENT;BLOCK;CHF;67;130.75000000;300;EXCHANGE_LAST;;1;1;XEUR;11872588;149;
08.01.2025;10:56:40.451;BAS SI 20250321 PS AM C 46.00 0;SIMPLE_INSTRUMENT;BLOCK;EUR;1;0.83000000;3000;EXCHANGE_LAST;;2;1;XEUR;10831043;150;
08.01.2025;11:17:55.614;BAS SI 20251219 PS AM P 40.00 0;SIMPLE_INSTRUMENT;BLOCK;EUR;2;3.26000000;2000;EXCHANGE_LAST;;2;1;XEUR;7115425;150;
08.01.2025;15:01:03.076;BAS FI 20250620 CS EU C 44.0000 0;FLEXIBLE_INSTRUMENT;BLOCK;EUR;12;1.66000000;4450;EXCHANGE_LAST;;1;1;XEUR;1152922148851954475;150;
08.01.2025;15:01:30.160;BAS FI 20250620 CS EU C 44.0000 0;FLEXIBLE_INSTRUMENT;BLOCK;EUR;13;1.65000000;4450;EXCHANGE_LAST;;1;1;XEUR;1152922148851954475;150;
08.01.2025;15:01:43.260;BAS FI 20250620 CS EU C 46.0000 0;FLEXIBLE_INSTRUMENT;BLOCK;EUR;14;1.10000000;8900;EXCHANGE_LAST;;1;1;XEUR;1152922148851954476;150;
08.01.2025;15:26:51.591;BAY SI 20250321 PS AM C 23.00 0;SIMPLE_INSTRUMENT;BLOCK;EUR;17;0.36000000;5500;EXCHANGE_LAST;;1;2;XEUR;11234147;168;
08.01.2025;10:23:12.385;BMW SI 20250321 PS AM P 72.00 0;SIMPLE_INSTRUMENT;BLOCK;EUR;4;1.62000000;1000;EXCHANGE_LAST;;1;1;XEUR;10832605;210;
08.01.2025;10:19:03.021;BMW.O.250108.STG.000004;STANDARD_OPTION_STRATEGY;BLOCK;EUR;5;2.78000000;400;EXCHANGE_LAST;;1;1;XEUR;72058495981109020;210;
08.01.2025;10:19:03.021;BMW SI 20250321 PS AM C 84.00 0;SIMPLE_INSTRUMENT;BLOCK;EUR;5;2.13000000;400;PRC_DECOMP_EXCHANGE;;;;XEUR;10832542;210;EXCHANGE
08.01.2025;10:19:03.021;BMW SI 20250321 PS AM P 64.00 0;SIMPLE_INSTRUMENT;BLOCK;EUR;5;0.65000000;400;PRC_DECOMP_EXCHANGE;;;;XEUR;10832577;210;EXCHANGE
08.01.2025;10:17:04.928;BMW SI 20250321 PS AM C 88.00 0;SIMPLE_INSTRUMENT;BLOCK;EUR;6;1.18000000;1000;EXCHANGE_LAST;;1;1;XEUR;10832547;210;
08.01.2025;13:09:49.524;BMW SI 20261218 PS AM P 60.00 0;SIMPLE_INSTRUMENT;BLOCK;EUR;10;5.00000000;975;EXCHANGE_LAST;;1;1;XEUR;7154298;210;
08.01.2025;13:09:49.633;BMW SI 20261218 PS AM P 68.00 0;SIMPLE_INSTRUMENT;BLOCK;EUR;11;7.90000000;1450;EXCHANGE_LAST;;1;1;XEUR;7154238;210;
08.01.2025;13:09:50.236;BMW SI 20261218 PS AM P 60.00 0;SIMPLE_INSTRUMENT;BLOCK;EUR;12;5.02000000;1175;EXCHANGE_LAST;;1;1;XEUR;7154298;210;
08.01.2025;16:45:09.799;BMW SI 20250321 PS AM P 72.00 0;SIMPLE_INSTRUMENT;BLOCK;EUR;21;2.15000000;1000;EXCHANGE_LAST;;1;1;XEUR;10832605;210;
08.01.2025;10:08:21.958;BNP.O.250108.CNV.000002;STANDARD_OPTION_STRATEGY;BLOCK;EUR;2;9.25000000;4000;EXCHANGE_LAST;;1;1;XEUR;72058611945199759;237;
08.01.2025;10:08:21.958;BNP SI 20251219 PS AM C 50.00 0;SIMPLE_INSTRUMENT;BLOCK;EUR;2;11.92000000;4000;PRC_DECOMP_EXCHANGE;;;;XEUR;6292395;237;EXCHANGE
08.01.2025;10:08:21.958;BNP SI 20251219 PS AM P 50.00 0;SIMPLE_INSTRUMENT;BLOCK;EUR;2;2.67000000;4000;PRC_DECOMP_EXCHANGE;;;;XEUR;6292396;237;EXCHANGE
08.01.2025;12:52:51.690;BNR SI 20251219 PS AM C 64.00 0;SIMPLE_INSTRUMENT;BLOCK;EUR;9;2.90000000;600;EXCHANGE_LAST;;1;1;XEUR;12435288;235;
08.01.2025;16:49:36.209;BNRG SI 20250117 CS;SIMPLE_INSTRUMENT;BLOCK;EUR;89;57.03000000;150;EXCHANGE_LAST;;1;1;XEUR;10433168;44360;
08.01.2025;09:26:07.469;BSI SI 20251219 PS AM P 130.00 0;SIMPLE_INSTRUMENT;BLOCK;EUR;6;15.25000000;250;EXCHANGE_LAST;;1;1;XEUR;12475649;76317;
08.01.2025;10:29:28.919;BSI.O.250108.STD.000001;STANDARD_OPTION_STRATEGY;BLOCK;EUR;12;51.47000000;250;EXCHANGE_LAST;;1;1;XEUR;72385373057061362;76317;
08.01.2025;10:29:28.919;BSI SI 20251219 PS AM C 160.00 0;SIMPLE_INSTRUMENT;BLOCK;EUR;12;20.61000000;250;PRC_DECOMP_EXCHANGE;;;;XEUR;10439639;76317;EXCHANGE
08.01.2025;10:29:28.919;BSI SI 20251219 PS AM P 160.00 0;SIMPLE_INSTRUMENT;BLOCK;EUR;12;30.86000000;250;PRC_DECOMP_EXCHANGE;;;;XEUR;10439640;76317;EXCHANGE
08.01.2025;11:33:40.240;BYGG SI 20250620 CS;SIMPLE_INSTRUMENT;BLOCK;EUR;25;27.34500000;5000;EXCHANGE_LAST;;1;1;XEUR;11171272;281;
08.01.2025;11:33:52.904;BYGG.S.APR25.JUN25.SPD;FUTURES_SPREAD;BLOCK;EUR;26;1.60000000;3000;EXCHANGE_LAST;;1;1;XEUR;72058800923738290;281;
08.01.2025;11:33:52.904;BYGG SI 20250620 CS;SIMPLE_INSTRUMENT;BLOCK;EUR;26;27.53350000;3000;PRC_DECOMP_EXCHANGE;;;;XEUR;11171272;281;EXCHANGE
08.01.2025;11:33:52.904;BYGG SI 20250417 CS;SIMPLE_INSTRUMENT;BLOCK;EUR;26;29.13350000;3000;PRC_DECOMP_EXCHANGE;;;;XEUR;10833692;281;EXCHANGE
08.01.2025;09:58:17.463;C4RI SI 20261218 CS;SIMPLE_INSTRUMENT;BLOCK;EUR;7;2.81500000;300;EXCHANGE_LAST;;1;1;XEUR;6821680;50862;
08.01.2025;10:41:17.504;C4RI SI 20261218 CS;SIMPLE_INSTRUMENT;BLOCK;EUR;14;2.81500000;950;EXCHANGE_LAST;;3;3;XEUR;6821680;50862;
08.01.2025;10:07:18.826;CBK SI 20250919 PS AM C 19.00 0;SIMPLE_INSTRUMENT;BLOCK;EUR;3;0.65000000;15000;EXCHANGE_LAST;;1;1;XEUR;11875664;268;
08.01.2025;10:07:18.726;CBK SI 20250919 PS AM C 17.00 0;SIMPLE_INSTRUMENT;BLOCK;EUR;4;1.35000000;15000;EXCHANGE_LAST;;1;1;XEUR;11875653;268;
08.01.2025;10:12:00.928;CBK FI 20250919 PS AM P 13.2000 0;FLEXIBLE_INSTRUMENT;BLOCK;EUR;5;0.70000000;15000;EXCHANGE_LAST;;1;1;XEUR;1152922655658096367;268;
08.01.2025;10:14:42.132;CFR SI 20250620 PS AM P 140.00 0;SIMPLE_INSTRUMENT;BLOCK;CHF;11;10.57000000;350;EXCHANGE_LAST;;1;1;XEUR;9996499;313;
08.01.2025;12:28:08.586;CFR SI 20250221 PS AM C 160.00 0;SIMPLE_INSTRUMENT;BLOCK;CHF;31;0.88000000;526;EXCHANGE_LAST;;1;1;XEUR;12571789;313;
08.01.2025;09:40:23.670;CON SI 20250117 PS AM C 67.00 0;SIMPLE_INSTRUMENT;BLOCK;EUR;3;1.01000000;240;EXCHANGE_LAST;;1;1;XEUR;12106618;414620;
08.01.2025;16:44:59.124;CONI SI 20250117 CS;SIMPLE_INSTRUMENT;BLOCK;EUR;84;65.19840000;50;EXCHANGE_LAST;;1;1;XEUR;10453622;414627;
08.01.2025;10:20:27.808;COT SI 20250919 PS AM C 280.00 0;SIMPLE_INSTRUMENT;BLOCK;CHF;13;27.50000000;65;EXCHANGE_LAST;;1;1;XEUR;11916440;199899;
08.01.2025;15:49:08.197;COT SI 20250919 PS AM P 240.00 0;SIMPLE_INSTRUMENT;BLOCK;CHF;60;17.20000000;100;EXCHANGE_LAST;;1;1;XEUR;11916403;199899;
08.01.2025;16:41:47.156;CR5J SI 20250320 CS;SIMPLE_INSTRUMENT;BLOCK;EUR;82;40.83500000;500;EXCHANGE_LAST;;1;1;XEUR;10689747;50861;
08.01.2025;11:09:20.292;CSF.O.250108.BULBR.000002;STANDARD_OPTION_STRATEGY;BLOCK;EUR;11;2.15000000;1400;EXCHANGE_LAST;;1;1;XEUR;72059024262041456;333;
08.01.2025;11:09:20.292;CSF SI 20250321 PS AM C 165.00 0;SIMPLE_INSTRUMENT;BLOCK;EUR;11;0.65000000;1400;PRC_DECOMP_EXCHANGE;;;;XEUR;12437401;333;EXCHANGE
08.01.2025;11:09:20.292;CSF SI 20250321 PS AM P 120.00 0;SIMPLE_INSTRUMENT;BLOCK;EUR;11;0.73000000;1400;PRC_DECOMP_EXCHANGE;;;;XEUR;10834940;333;EXCHANGE
08.01.2025;11:09:20.292;CSF SI 20250321 PS AM P 130.00 0;SIMPLE_INSTRUMENT;BLOCK;EUR;11;1.72000000;1400;PRC_DECOMP_EXCHANGE;;;;XEUR;10834943;333;EXCHANGE
08.01.2025;11:09:20.292;CSF SI 20250321 PS AM C 150.00 0;SIMPLE_INSTRUMENT;BLOCK;EUR;11;3.79000000;1400;PRC_DECOMP_EXCHANGE;;;;XEUR;10834951;333;EXCHANGE
08.01.2025;10:07:42.482;D3AI.S.DEC25.DEC26.SPD;FUTURES_SPREAD;BLOCK;EUR;9;1.10000000;50;EXCHANGE_LAST;;1;1;XEUR;73961110658613277;443197;
08.01.2025;10:07:42.482;D3AI SI 20261218 CS;SIMPLE_INSTRUMENT;BLOCK;EUR;9;3.00000000;50;PRC_DECOMP_MEMBER;;;;XEUR;7144051;443197;MEMBER
08.01.2025;10:07:42.482;D3AI SI 20251219 CS;SIMPLE_INSTRUMENT;BLOCK;EUR;9;4.10000000;50;PRC_DECOMP_MEMBER;;;;XEUR;7144062;443197;MEMBER
08.01.2025;13:04:44.860;D3AI SI 20261218 CS;SIMPLE_INSTRUMENT;BLOCK;EUR;39;3.00000000;100;EXCHANGE_LAST;;1;1;XEUR;7144051;443197;
08.01.2025;13:37:28.903;D3AI SI 20261218 CS;SIMPLE_INSTRUMENT;BLOCK;EUR;40;3.00000000;200;EXCHANGE_LAST;;2;1;XEUR;7144051;443197;
08.01.2025;14:34:03.948;D3AI SI 20251219 CS;SIMPLE_INSTRUMENT;BLOCK;EUR;50;4.12000000;150;EXCHANGE_LAST;;1;1;XEUR;7144062;443197;
08.01.2025;14:39:10.559;D3AI SI 20261218 CS;SIMPLE_INSTRUMENT;BLOCK;EUR;51;2.99000000;100;EXCHANGE_LAST;;1;1;XEUR;7144051;443197;
08.01.2025;15:20:09.896;D3AI SI 20251219 CS;SIMPLE_INSTRUMENT;BLOCK;EUR;59;4.12000000;300;EXCHANGE_LAST;;1;2;XEUR;7144062;443197;
08.01.2025;15:49:23.795;D3AI SI 20261218 CS;SIMPLE_INSTRUMENT;BLOCK;EUR;66;2.98000000;50;EXCHANGE_LAST;;1;1;XEUR;7144051;443197;
08.01.2025;16:07:27.888;D3AI SI 20251219 CS;SIMPLE_INSTRUMENT;BLOCK;EUR;76;4.08000000;50;EXCHANGE_LAST;;1;1;XEUR;7144062;443197;
08.01.2025;16:33:44.352;D3AI SI 20261218 CS;SIMPLE_INSTRUMENT;BLOCK;EUR;79;2.95000000;100;EXCHANGE_LAST;;1;1;XEUR;7144051;443197;
08.01.2025;09:20:34.706;DAI.O.250108.IRTSP.000005;STANDARD_OPTION_STRATEGY;BLOCK;EUR;2;-6.90000000;1750;EXCHANGE_LAST;;2;1;XEUR;73961106363663556;443196;
08.01.2025;09:20:34.706;DAI SI 20250321 PS AM C 60.00 0;SIMPLE_INSTRUMENT;BLOCK;EUR;2;0.73000000;1750;PRC_DECOMP_EXCHANGE;;;;XEUR;10884520;443196;EXCHANGE
08.01.2025;09:20:34.706;DAI SI 20251219 PS AM P 56.00 0;SIMPLE_INSTRUMENT;BLOCK;EUR;2;7.63000000;1750;PRC_DECOMP_EXCHANGE;;;;XEUR;7349881;443196;EXCHANGE
08.01.2025;12:48:56.040;DAI.O.250108.STDT.000006;STANDARD_OPTION_STRATEGY;BLOCK;EUR;9;5.55000000;1000;EXCHANGE_LAST;;1;1;XEUR;73961106363663557;443196;
08.01.2025;12:48:56.040;DAI SI 20250321 PS AM C 54.00 0;SIMPLE_INSTRUMENT;BLOCK;EUR;9;2.62000000;1000;PRC_DECOMP_EXCHANGE;;;;XEUR;12203204;443196;EXCHANGE
08.01.2025;12:48:56.040;DAI SI 20250321 PS AM P 54.00 0;SIMPLE_INSTRUMENT;BLOCK;EUR;9;2.91000000;1000;PRC_DECOMP_EXCHANGE;;;;XEUR;12203205;443196;EXCHANGE
08.01.2025;12:48:56.040;DAI SI 20251219 PS AM P 54.00 0;SIMPLE_INSTRUMENT;BLOCK;EUR;9;6.70000000;1000;PRC_DECOMP_EXCHANGE;;;;XEUR;7349882;443196;EXCHANGE
08.01.2025;12:48:56.040;DAI SI 20251219 PS AM C 54.00 0;SIMPLE_INSTRUMENT;BLOCK;EUR;9;4.38000000;1000;PRC_DECOMP_EXCHANGE;;;;XEUR;7349885;443196;EXCHANGE
08.01.2025;14:54:24.887;DAI.O.250108.STDT.000006;STANDARD_OPTION_STRATEGY;BLOCK;EUR;18;5.55000000;1000;EXCHANGE_LAST;;1;1;XEUR;73961106363663557;443196;
08.01.2025;14:54:24.887;DAI SI 20251219 PS AM P 54.00 0;SIMPLE_INSTRUMENT;BLOCK;EUR;18;6.70000000;1000;PRC_DECOMP_MEMBER;;;;XEUR;7349882;443196;MEMBER
08.01.2025;14:54:24.887;DAI SI 20250321 PS AM C 54.00 0;SIMPLE_INSTRUMENT;BLOCK;EUR;18;2.62000000;1000;PRC_DECOMP_MEMBER;;;;XEUR;12203204;443196;MEMBER
08.01.2025;14:54:24.887;DAI SI 20250321 PS AM P 54.00 0;SIMPLE_INSTRUMENT;BLOCK;EUR;18;2.91000000;1000;PRC_DECOMP_MEMBER;;;;XEUR;12203205;443196;MEMBER
08.01.2025;14:54:24.887;DAI SI 20251219 PS AM C 54.00 0;SIMPLE_INSTRUMENT;BLOCK;EUR;18;4.38000000;1000;PRC_DECOMP_MEMBER;;;;XEUR;7349885;443196;MEMBER
08.01.2025;16:09:19.399;DAI.O.250108.STD.000008;STANDARD_OPTION_STRATEGY;BLOCK;EUR;19;17.65000000;1000;EXCHANGE_LAST;;1;1;XEUR;73961106363663559;443196;
08.01.2025;16:09:19.399;DAI SI 20271217 PS AM C 52.00 0;SIMPLE_INSTRUMENT;BLOCK;EUR;19;7.60000000;1000;PRC_DECOMP_EXCHANGE;;;;XEUR;8833346;443196;EXCHANGE
08.01.2025;16:09:19.399;DAI SI 20271217 PS AM P 52.00 0;SIMPLE_INSTRUMENT;BLOCK;EUR;19;10.05000000;1000;PRC_DECOMP_EXCHANGE;;;;XEUR;8833342;443196;EXCHANGE
08.01.2025;16:21:58.205;DAI SI 20250620 PS AM C 60.00 0;SIMPLE_INSTRUMENT;BLOCK;EUR;20;1.13000000;2000;EXCHANGE_LAST;;1;1;XEUR;7934293;443196;
08.01.2025;10:34:13.274;DB1H SI 20250117 CS;SIMPLE_INSTRUMENT;BLOCK;EUR;12;225.00720000;14561;EXCHANGE_LAST;;1;1;XEUR;10400981;363;
08.01.2025;10:34:29.635;DB1P SI 20250117 PS;SIMPLE_INSTRUMENT;BLOCK;EUR;13;225.00040000;14561;EXCHANGE_LAST;;1;1;XEUR;10457146;567612;
08.01.2025;08:34:34.637;DBK.O.250108.STD.000002;STANDARD_OPTION_STRATEGY;BLOCK;EUR;1;1.93000000;2500;EXCHANGE_LAST;;1;1;XEUR;72059148816160149;362;
08.01.2025;08:34:34.637;DBK SI 20250321 PS AM P 16.00 0;SIMPLE_INSTRUMENT;BLOCK;EUR;1;0.45000000;2500;PRC_DECOMP_EXCHANGE;;;;XEUR;10835584;362;EXCHANGE
08.01.2025;08:34:34.637;DBK SI 20250321 PS AM C 16.00 0;SIMPLE_INSTRUMENT;BLOCK;EUR;1;1.48000000;2500;PRC_DECOMP_EXCHANGE;;;;XEUR;10835694;362;EXCHANGE
08.01.2025;11:12:56.439;DHE SI 20250221 PS AM P 30.00 0;SIMPLE_INSTRUMENT;BLOCK;EUR;1;2.81000000;1000;EXCHANGE_LAST;;1;1;XEUR;12266608;57135;
08.01.2025;11:42:00.473;DPW SI 20250919 PS AM P 30.00 0;SIMPLE_INSTRUMENT;BLOCK;EUR;2;1.23000000;1000;EXCHANGE_LAST;;1;1;XEUR;11878853;445;
08.01.2025;11:42:17.702;DPW SI 20251219 PS AM P 32.00 0;SIMPLE_INSTRUMENT;BLOCK;EUR;3;2.19000000;1500;EXCHANGE_LAST;;2;1;XEUR;5926786;445;
08.01.2025;11:56:36.258;DTE.O.250108.STG.000006;STANDARD_OPTION_STRATEGY;BLOCK;EUR;4;2.73000000;1500;EXCHANGE_LAST;;1;1;XEUR;72059415104107295;424;
08.01.2025;11:56:36.258;DTE SI 20251219 PS AM P 28.00 0;SIMPLE_INSTRUMENT;BLOCK;EUR;4;1.45000000;1500;PRC_DECOMP_EXCHANGE;;;;XEUR;6268407;424;EXCHANGE
08.01.2025;11:56:36.258;DTE SI 20251219 PS AM C 30.00 0;SIMPLE_INSTRUMENT;BLOCK;EUR;4;1.28000000;1500;PRC_DECOMP_EXCHANGE;;;;XEUR;12052900;424;EXCHANGE
08.01.2025;15:46:05.566;DTE SI 20250117 PS AM C 29.00 0;SIMPLE_INSTRUMENT;BLOCK;EUR;20;0.27000000;1500;EXCHANGE_LAST;;1;1;XEUR;12072872;424;
08.01.2025;15:45:51.968;DTE SI 20250117 PS AM C 29.00 0;SIMPLE_INSTRUMENT;BLOCK;EUR;21;0.28000000;1500;EXCHANGE_LAST;;1;1;XEUR;12072872;424;
08.01.2025;09:44:12.356;E2NT SI 20261218 CS;SIMPLE_INSTRUMENT;BLOCK;EUR;4;0.98200000;625;EXCHANGE_LAST;;1;1;XEUR;4632357;470;
08.01.2025;09:44:14.481;E2NT SI 20261218 CS;SIMPLE_INSTRUMENT;BLOCK;EUR;5;0.98500000;125;EXCHANGE_LAST;;1;1;XEUR;4632357;470;
08.01.2025;12:56:09.512;E3AS SI 20250321 CS;SIMPLE_INSTRUMENT;BLOCK;EUR;38;0.00100000;16;EXCHANGE_LAST;;1;1;XEUR;11420323;840007;
08.01.2025;11:16:08.860;E3OA SI 20271217 CS;SIMPLE_INSTRUMENT;BLOCK;EUR;20;0.53500000;600;EXCHANGE_LAST;;1;1;XEUR;8407468;49063;
08.01.2025;12:56:27.754;EADG SI 20250321 CS;SIMPLE_INSTRUMENT;BLOCK;EUR;37;160.35000000;190;EXCHANGE_LAST;;1;1;XEUR;11420362;840008;
08.01.2025;09:23:37.514;ENL5 SI 20250320 PS AM P 7.00 0;SIMPLE_INSTRUMENT;BLOCK;EUR;4;0.30250000;1000;EXCHANGE_LAST;;1;1;XEUR;11837021;500;
08.01.2025;09:23:45.497;ENL5 SI 20250320 PS AM C 7.00 0;SIMPLE_INSTRUMENT;BLOCK;EUR;5;0.15000000;1500;EXCHANGE_LAST;;1;1;XEUR;11837023;500;
08.01.2025;12:50:26.527;ENL5.O.250108.STD.000001;STANDARD_OPTION_STRATEGY;BLOCK;EUR;14;0.43500000;1000;EXCHANGE_LAST;;1;1;XEUR;72059741521586569;500;
08.01.2025;12:50:26.527;ENL5 SI 20250320 PS AM C 6.90 0;SIMPLE_INSTRUMENT;BLOCK;EUR;14;0.16500000;1000;PRC_DECOMP_EXCHANGE;;;;XEUR;12421503;500;EXCHANGE
08.01.2025;12:50:26.527;ENL5 SI 20250320 PS AM P 6.90 0;SIMPLE_INSTRUMENT;BLOCK;EUR;14;0.27000000;1000;PRC_DECOMP_EXCHANGE;;;;XEUR;12421504;500;EXCHANGE
08.01.2025;13:25:01.866;ENR SI 20250221 PS AM C 50.00 0;SIMPLE_INSTRUMENT;BLOCK;EUR;7;4.00000000;800;EXCHANGE_LAST;;1;1;XEUR;12273377;298530;
08.01.2025;13:26:29.780;ENR SI 20250221 PS AM P 42.00 0;SIMPLE_INSTRUMENT;BLOCK;EUR;8;0.80000000;1000;EXCHANGE_LAST;;1;1;XEUR;12273399;298530;
08.01.2025;13:26:32.332;ENR SI 20250117 PS AM P 48.00 0;SIMPLE_INSTRUMENT;BLOCK;EUR;9;0.80000000;1000;EXCHANGE_LAST;;1;1;XEUR;12193185;298530;
08.01.2025;13:26:32.468;ENR SI 20250221 PS AM P 48.00 0;SIMPLE_INSTRUMENT;BLOCK;EUR;10;2.90000000;1000;EXCHANGE_LAST;;1;1;XEUR;12273374;298530;
08.01.2025;13:26:32.778;ENR SI 20250117 PS AM P 42.00 0;SIMPLE_INSTRUMENT;BLOCK;EUR;11;0.15000000;1000;EXCHANGE_LAST;;1;1;XEUR;12103167;298530;
08.01.2025;13:46:16.810;ENR SI 20250221 PS AM C 50.00 0;SIMPLE_INSTRUMENT;BLOCK;EUR;12;4.75000000;200;EXCHANGE_LAST;;1;1;XEUR;12273377;298530;
08.01.2025;14:32:18.770;ENR SI 20250221 PS AM C 57.00 0;SIMPLE_INSTRUMENT;BLOCK;EUR;13;1.85000000;417;EXCHANGE_LAST;;1;1;XEUR;12573840;298530;
08.01.2025;14:32:30.322;ENR SI 20250221 PS AM C 57.00 0;SIMPLE_INSTRUMENT;BLOCK;EUR;14;1.86000000;1257;EXCHANGE_LAST;;1;1;XEUR;12573840;298530;
08.01.2025;14:33:05.116;ENR SI 20250221 PS AM C 56.00 0;SIMPLE_INSTRUMENT;BLOCK;EUR;15;2.07000000;1674;EXCHANGE_LAST;;1;1;XEUR;12273415;298530;
08.01.2025;14:48:18.752;ENR SI 20250321 PS AM C 56.00 0;SIMPLE_INSTRUMENT;BLOCK;EUR;16;3.30000000;2000;EXCHANGE_LAST;;1;1;XEUR;12137781;298530;
08.01.2025;14:48:33.173;ENR SI 20250321 PS AM C 64.00 0;SIMPLE_INSTRUMENT;BLOCK;EUR;17;1.35000000;4000;EXCHANGE_LAST;;1;1;XEUR;12229450;298530;
08.01.2025;15:20:54.600;ENR SI 20260619 PS AM P 14.00 0;SIMPLE_INSTRUMENT;BLOCK;EUR;19;0.46000000;1000;EXCHANGE_LAST;;1;1;XEUR;9591205;298530;
08.01.2025;10:10:48.219;ERF SI 20250321 PS AM P 46.00 0;SIMPLE_INSTRUMENT;BLOCK;EUR;5;1.55000000;500;EXCHANGE_LAST;;2;1;XEUR;10871335;108032;
08.01.2025;14:24:14.688;EVK SI 20261218 PS AM C 18.00 0;SIMPLE_INSTRUMENT;BLOCK;EUR;10;0.99000000;5000;EXCHANGE_LAST;;1;1;XEUR;7174708;10806;
08.01.2025;15:13:17.256;EVK SI 20250321 PS AM C 17.00 0;SIMPLE_INSTRUMENT;BLOCK;EUR;16;0.50000000;3000;EXCHANGE_LAST;;1;1;XEUR;10862584;10806;
08.01.2025;10:46:36.188;F3TE SI 20281215 CS;SIMPLE_INSTRUMENT;BLOCK;EUR;19;0.58500000;1000;EXCHANGE_LAST;;1;1;XEUR;6830366;390379;
08.01.2025;14:24:53.715;F3TE SI 20271217 CS;SIMPLE_INSTRUMENT;BLOCK;EUR;43;0.63200000;275;EXCHANGE_LAST;;2;2;XEUR;6633916;390379;
08.01.2025;14:24:30.621;F3TE SI 20271217 CS;SIMPLE_INSTRUMENT;BLOCK;EUR;44;0.63300000;275;EXCHANGE_LAST;;2;2;XEUR;6633916;390379;
08.01.2025;15:00:06.286;F3TE SI 20250321 CS;SIMPLE_INSTRUMENT;BLOCK;EUR;56;0.00100000;1740;EXCHANGE_LAST;;1;1;XEUR;10452739;390379;
08.01.2025;08:40:53.631;FBTP SI 20250306 PS;SIMPLE_INSTRUMENT;EFP_FIN;EUR;1;119.15000000;242;EXCHANGE_LAST;;1;1;XEUR;11286675;636;
08.01.2025;08:42:38.606;FBTP SI 20250306 PS;SIMPLE_INSTRUMENT;EFP_FIN;EUR;2;119.15000000;968;EXCHANGE_LAST;;1;1;XEUR;11286675;636;
08.01.2025;08:44:23.665;FBTP SI 20250306 PS;SIMPLE_INSTRUMENT;EFP_FIN;EUR;3;119.15000000;484;EXCHANGE_LAST;;1;1;XEUR;11286675;636;
08.01.2025;08:47:23.263;FBTP SI 20250306 PS;SIMPLE_INSTRUMENT;EFP_FIN;EUR;4;119.15000000;484;EXCHANGE_LAST;;1;1;XEUR;11286675;636;
08.01.2025;08:49:35.387;FBTP SI 20250306 PS;SIMPLE_INSTRUMENT;EFP_FIN;EUR;5;119.14000000;2517;EXCHANGE_LAST;;1;1;XEUR;11286675;636;
08.01.2025;10:04:38.078;FBTP SI 20250306 PS;SIMPLE_INSTRUMENT;EFP_FIN;EUR;6;119.15000000;151;EXCHANGE_LAST;;1;1;XEUR;11286675;636;
08.01.2025;10:07:55.435;FBTP SI 20250306 PS;SIMPLE_INSTRUMENT;EFP_FIN;EUR;7;119.18000000;580;EXCHANGE_LAST;;1;1;XEUR;11286675;636;
08.01.2025;10:13:11.480;FBTP SI 20250306 PS;SIMPLE_INSTRUMENT;EFP_FIN;EUR;8;119.15000000;151;EXCHANGE_LAST;;1;1;XEUR;11286675;636;
08.01.2025;10:18:19.497;FBTP SI 20250306 PS;SIMPLE_INSTRUMENT;EFP_FIN;EUR;9;119.17000000;192;EXCHANGE_LAST;;1;1;XEUR;11286675;636;
08.01.2025;10:27:56.526;FBTP SI 20250306 PS;SIMPLE_INSTRUMENT;EFP_FIN;EUR;10;119.21000000;167;EXCHANGE_LAST;;1;1;XEUR;11286675;636;
08.01.2025;10:29:34.081;FBTP SI 20250306 PS;SIMPLE_INSTRUMENT;EFP_FIN;EUR;11;119.19000000;1741;EXCHANGE_LAST;;1;1;XEUR;11286675;636;
08.01.2025;10:30:18.274;FBTP SI 20250306 PS;SIMPLE_INSTRUMENT;EFP_FIN;EUR;12;119.22000000;224;EXCHANGE_LAST;;1;1;XEUR;11286675;636;
08.01.2025;10:33:07.009;FBTP SI 20250306 PS;SIMPLE_INSTRUMENT;BLOCK;EUR;13;119.19000000;527;EXCHANGE_LAST;;1;1;XEUR;11286675;636;
08.01.2025;10:43:06.025;FBTP SI 20250306 PS;SIMPLE_INSTRUMENT;EFP_FIN;EUR;14;119.21000000;636;EXCHANGE_LAST;;1;1;XEUR;11286675;636;
08.01.2025;10:45:05.802;FBTP SI 20250306 PS;SIMPLE_INSTRUMENT;EFP_FIN;EUR;15;119.18000000;468;EXCHANGE_LAST;;1;1;XEUR;11286675;636;
08.01.2025;11:24:56.975;FBTP SI 20250306 PS;SIMPLE_INSTRUMENT;EFP_FIN;EUR;16;119.18000000;637;EXCHANGE_LAST;;1;1;XEUR;11286675;636;
08.01.2025;12:03:05.663;FBTP SI 20250306 PS;SIMPLE_INSTRUMENT;BLOCK;EUR;17;118.88000000;1668;EXCHANGE_LAST;;1;1;XEUR;11286675;636;
08.01.2025;12:06:46.242;FBTP SI 20250306 PS;SIMPLE_INSTRUMENT;EFP_FIN;EUR;18;119.09000000;1263;EXCHANGE_LAST;;1;1;XEUR;11286675;636;
08.01.2025;12:08:55.388;FBTP SI 20250306 PS;SIMPLE_INSTRUMENT;EFP_FIN;EUR;19;119.00000000;94;EXCHANGE_LAST;;1;1;XEUR;11286675;636;
08.01.2025;12:19:51.488;FBTP SI 20250306 PS;SIMPLE_INSTRUMENT;EFP_FIN;EUR;20;118.78000000;958;EXCHANGE_LAST;;1;1;XEUR;11286675;636;
08.01.2025;12:58:57.228;FBTP SI 20250306 PS;SIMPLE_INSTRUMENT;EFP_FIN;EUR;21;118.69000000;208;EXCHANGE_LAST;;1;1;XEUR;11286675;636;
08.01.2025;13:28:38.358;FBTP SI 20250306 PS;SIMPLE_INSTRUMENT;EFP_FIN;EUR;22;118.80000000;512;EXCHANGE_LAST;;1;1;XEUR;11286675;636;
08.01.2025;13:41:58.766;FBTP SI 20250306 PS;SIMPLE_INSTRUMENT;EFP_FIN;EUR;23;118.81000000;116;EXCHANGE_LAST;;1;1;XEUR;11286675;636;
08.01.2025;13:54:24.802;FBTP SI 20250306 PS;SIMPLE_INSTRUMENT;EFP_FIN;EUR;24;118.82000000;225;EXCHANGE_LAST;;1;1;XEUR;11286675;636;
08.01.2025;13:54:56.973;FBTP SI 20250306 PS;SIMPLE_INSTRUMENT;EFP_FIN;EUR;25;118.82000000;112;EXCHANGE_LAST;;1;1;XEUR;11286675;636;
08.01.2025;13:53:06.672;FBTP SI 20250306 PS;SIMPLE_INSTRUMENT;EFP_FIN;EUR;26;118.73000000;694;EXCHANGE_LAST;;1;1;XEUR;11286675;636;
08.01.2025;13:59:01.224;FBTP SI 20250306 PS;SIMPLE_INSTRUMENT;EFP_FIN;EUR;27;118.72000000;408;EXCHANGE_LAST;;1;1;XEUR;11286675;636;
08.01.2025;14:18:07.740;FBTP SI 20250306 PS;SIMPLE_INSTRUMENT;EFP_FIN;EUR;28;118.82000000;485;EXCHANGE_LAST;;1;1;XEUR;11286675;636;
08.01.2025;14:24:59.763;FBTP SI 20250306 PS;SIMPLE_INSTRUMENT;EFP_FIN;EUR;29;118.79000000;244;EXCHANGE_LAST;;1;1;XEUR;11286675;636;
08.01.2025;14:35:58.261;FBTP SI 20250306 PS;SIMPLE_INSTRUMENT;EFP_FIN;EUR;30;118.71000000;484;EXCHANGE_LAST;;1;1;XEUR;11286675;636;
08.01.2025;14:50:56.925;FBTP SI 20250306 PS;SIMPLE_INSTRUMENT;EFP_FIN;EUR;31;118.76000000;485;EXCHANGE_LAST;;1;1;XEUR;11286675;636;
08.01.2025;14:50:09.762;FBTP SI 20250306 PS;SIMPLE_INSTRUMENT;EFP_FIN;EUR;32;118.67000000;327;EXCHANGE_LAST;;1;1;XEUR;11286675;636;
08.01.2025;15:14:40.498;FBTP SI 20250306 PS;SIMPLE_INSTRUMENT;EFP_FIN;EUR;33;118.82000000;484;EXCHANGE_LAST;;1;1;XEUR;11286675;636;
08.01.2025;15:20:03.506;FBTP SI 20250306 PS;SIMPLE_INSTRUMENT;EFP_FIN;EUR;34;118.85000000;448;EXCHANGE_LAST;;1;1;XEUR;11286675;636;
08.01.2025;15:21:38.652;FBTP SI 20250306 PS;SIMPLE_INSTRUMENT;EFP_FIN;EUR;35;118.85000000;1285;EXCHANGE_LAST;;1;1;XEUR;11286675;636;
08.01.2025;15:42:58.409;FBTP SI 20250306 PS;SIMPLE_INSTRUMENT;EFP_FIN;EUR;36;118.85000000;385;EXCHANGE_LAST;;1;1;XEUR;11286675;636;
08.01.2025;16:24:28.107;FBTP SI 20250306 PS;SIMPLE_INSTRUMENT;EFP_FIN;EUR;37;118.77000000;1164;EXCHANGE_LAST;;1;1;XEUR;11286675;636;
08.01.2025;16:29:41.561;FBTP SI 20250306 PS;SIMPLE_INSTRUMENT;EFP_FIN;EUR;38;118.81000000;179;EXCHANGE_LAST;;1;1;XEUR;11286675;636;
08.01.2025;16:32:30.774;FBTP SI 20250306 PS;SIMPLE_INSTRUMENT;EFP_FIN;EUR;39;118.81000000;70;EXCHANGE_LAST;;1;1;XEUR;11286675;636;
08.01.2025;16:38:19.647;FBTP SI 20250306 PS;SIMPLE_INSTRUMENT;BLOCK;EUR;40;118.66000000;493;EXCHANGE_LAST;;1;1;XEUR;11286675;636;
08.01.2025;16:47:55.328;FBTP SI 20250306 PS;SIMPLE_INSTRUMENT;BLOCK;EUR;41;118.80000000;392;EXCHANGE_LAST;;1;1;XEUR;11286675;636;
08.01.2025;16:56:06.380;FBTP SI 20250306 PS;SIMPLE_INSTRUMENT;BLOCK;EUR;42;118.79000000;275;EXCHANGE_LAST;;1;1;XEUR;11286675;636;
08.01.2025;16:56:29.698;FBTP SI 20250306 PS;SIMPLE_INSTRUMENT;EFP_FIN;EUR;43;118.77000000;1164;EXCHANGE_LAST;;1;1;XEUR;11286675;636;
08.01.2025;17:29:47.326;FBTP SI 20250306 PS;SIMPLE_INSTRUMENT;EFP_FIN;EUR;44;118.74000000;577;EXCHANGE_LAST;;1;1;XEUR;11286675;636;
08.01.2025;09:07:29.940;FBTS SI 20250306 PS;SIMPLE_INSTRUMENT;BLOCK;EUR;2;107.23000000;1710;EXCHANGE_LAST;;1;1;XEUR;11286677;639;
08.01.2025;10:07:50.540;FBTS SI 20250306 PS;SIMPLE_INSTRUMENT;EFP_FIN;EUR;6;107.22000000;1481;EXCHANGE_LAST;;1;1;XEUR;11286677;639;
08.01.2025;10:17:12.345;FBTS SI 20250306 PS;SIMPLE_INSTRUMENT;EFP_FIN;EUR;7;107.22000000;1543;EXCHANGE_LAST;;1;1;XEUR;11286677;639;
08.01.2025;10:19:57.852;FBTS SI 20250306 PS;SIMPLE_INSTRUMENT;EFP_FIN;EUR;8;107.22000000;558;EXCHANGE_LAST;;1;1;XEUR;11286677;639;
08.01.2025;12:41:17.086;FBTS SI 20250306 PS;SIMPLE_INSTRUMENT;EFP_FIN;EUR;12;107.12000000;1425;EXCHANGE_LAST;;1;1;XEUR;11286677;639;
08.01.2025;13:29:29.171;FBTS SI 20250306 PS;SIMPLE_INSTRUMENT;EFP_FIN;EUR;17;107.12000000;570;EXCHANGE_LAST;;1;1;XEUR;11286677;639;
08.01.2025;13:30:04.673;FBTS SI 20250306 PS;SIMPLE_INSTRUMENT;EFP_FIN;EUR;18;107.12000000;570;EXCHANGE_LAST;;1;1;XEUR;11286677;639;
08.01.2025;13:31:50.161;FBTS SI 20250306 PS;SIMPLE_INSTRUMENT;EFP_FIN;EUR;19;107.16000000;2279;EXCHANGE_LAST;;1;1;XEUR;11286677;639;
08.01.2025;14:41:02.821;FBTS SI 20250306 PS;SIMPLE_INSTRUMENT;EFP_FIN;EUR;24;107.18000000;1054;EXCHANGE_LAST;;1;1;XEUR;11286677;639;
08.01.2025;16:37:46.614;FBTS SI 20250306 PS;SIMPLE_INSTRUMENT;EFP_FIN;EUR;30;107.17000000;84;EXCHANGE_LAST;;1;1;XEUR;11286677;639;
08.01.2025;17:20:35.768;FBTS SI 20250306 PS;SIMPLE_INSTRUMENT;EFP_FIN;EUR;32;107.12000000;4353;EXCHANGE_LAST;;1;1;XEUR;11286677;639;
08.01.2025;12:50:34.410;FCMU SI 20250317 CS;SIMPLE_INSTRUMENT;BLOCK;USD;4;0.04835000;195;EXCHANGE_LAST;;1;1;XEUR;11329545;570874;
08.01.2025;10:57:54.843;FCZU SI 20250317 CS;SIMPLE_INSTRUMENT;BLOCK;USD;2;0.05290000;100;EXCHANGE_LAST;;1;1;XEUR;11329546;570872;
08.01.2025;11:48:21.775;FCZU SI 20250317 CS;SIMPLE_INSTRUMENT;BLOCK;USD;3;0.05286000;25;EXCHANGE_LAST;;1;1;XEUR;11329546;570872;
08.01.2025;12:51:07.099;FDAX SI 20250321 CS;SIMPLE_INSTRUMENT;BLOCK;EUR;1;20460.00000000;250;EXCHANGE_LAST;;1;1;XEUR;7561255;589;
08.01.2025;16:43:47.513;FDAX SI 20250321 CS;SIMPLE_INSTRUMENT;EFP_IDX;EUR;2;20468.00000000;3;EXCHANGE_LAST;;1;1;XEUR;7561255;589;
08.01.2025;16:43:22.099;FDAX SI 20250321 CS;SIMPLE_INSTRUMENT;EFP_IDX;EUR;3;20469.00000000;47;EXCHANGE_LAST;;1;1;XEUR;7561255;589;
08.01.2025;08:38:49.832;FDAX SI 20250321 CS;SIMPLE_INSTRUMENT;VOLA;EUR;671088642;20500.00000000;37;EXCHANGE_LAST;;1;1;XEUR;7561255;589;
08.01.2025;10:08:47.696;FDAX SI 20250321 CS;SIMPLE_INSTRUMENT;VOLA;EUR;671088645;20540.00000000;2;EXCHANGE_LAST;;1;1;XEUR;7561255;589;
08.01.2025;12:24:42.360;FDAX SI 20250321 CS;SIMPLE_INSTRUMENT;VOLA;EUR;671088647;20465.00000000;45;EXCHANGE_LAST;;1;1;XEUR;7561255;589;
08.01.2025;11:39:25.104;FEBD SI 20261218 CS;SIMPLE_INSTRUMENT;BLOCK;EUR;15;9.75000000;400;EXCHANGE_LAST;;1;1;XEUR;7158212;597;
08.01.2025;12:10:16.218;FEBD SI 20271217 CS;SIMPLE_INSTRUMENT;BLOCK;EUR;19;8.73000000;500;EXCHANGE_LAST;;1;1;XEUR;7776307;597;
08.01.2025;12:12:39.737;FEBD SI 20251219 CS;SIMPLE_INSTRUMENT;BLOCK;EUR;21;10.36000000;500;EXCHANGE_LAST;;1;1;XEUR;5914075;597;
08.01.2025;15:45:04.504;FEBD SI 20251219 CS;SIMPLE_INSTRUMENT;BLOCK;EUR;35;10.37000000;1000;EXCHANGE_LAST;;1;3;XEUR;5914075;597;
08.01.2025;16:22:42.167;FEBD SI 20261218 CS;SIMPLE_INSTRUMENT;BLOCK;EUR;38;9.71000000;1000;EXCHANGE_LAST;;1;1;XEUR;7158212;597;
08.01.2025;16:23:02.007;FEBD SI 20251219 CS;SIMPLE_INSTRUMENT;BLOCK;EUR;39;10.35000000;1000;EXCHANGE_LAST;;1;1;XEUR;5914075;597;
08.01.2025;10:44:01.779;FECX SI 20250321 CS;SIMPLE_INSTRUMENT;BLOCK;EUR;12;161.18000000;61;EXCHANGE_LAST;;1;1;XEUR;11427948;410158;
08.01.2025;09:44:31.519;FEDV SI 20250321 CS;SIMPLE_INSTRUMENT;BLOCK;EUR;4;1650.00000000;4000;EXCHANGE_LAST;;1;1;XEUR;11359068;596;
08.01.2025;10:08:22.808;FEDV SI 20250321 CS;SIMPLE_INSTRUMENT;BLOCK;EUR;5;1650.00000000;800;EXCHANGE_LAST;;1;1;XEUR;11359068;596;
08.01.2025;10:24:59.150;FEDV SI 20250321 CS;SIMPLE_INSTRUMENT;BLOCK;EUR;9;1650.00000000;8200;EXCHANGE_LAST;;1;1;XEUR;11359068;596;
08.01.2025;16:52:27.546;FEDV SI 20250321 CS;SIMPLE_INSTRUMENT;EFP_IDX;EUR;60;1645.00000000;5280;EXCHANGE_LAST;;1;1;XEUR;11359068;596;
08.01.2025;16:52:41.439;FEDV SI 20250321 CS;SIMPLE_INSTRUMENT;EFP_IDX;EUR;61;1645.50000000;720;EXCHANGE_LAST;;1;1;XEUR;11359068;596;
08.01.2025;12:13:03.775;FESB SI 20250321 CS;SIMPLE_INSTRUMENT;EFP_IDX;EUR;31;150.45000000;416;EXCHANGE_LAST;;1;1;XEUR;11359072;605;
08.01.2025;12:13:12.929;FESB SI 20250321 CS;SIMPLE_INSTRUMENT;EFP_IDX;EUR;32;150.40000000;1664;EXCHANGE_LAST;;1;1;XEUR;11359072;605;
08.01.2025;13:30:17.941;FESB SI 20250321 CS;SIMPLE_INSTRUMENT;BLOCK;EUR;34;148.80000000;6589;EXCHANGE_LAST;;1;1;XEUR;11359072;605;
08.01.2025;08:52:14.733;FESB SI 20250321 CS;SIMPLE_INSTRUMENT;VOLA;EUR;603979778;150.50000000;300;EXCHANGE_LAST;;1;1;XEUR;11359072;605;
08.01.2025;11:37:04.279;FESB SI 20250321 CS;SIMPLE_INSTRUMENT;VOLA;EUR;603979818;150.50000000;120;EXCHANGE_LAST;;1;1;XEUR;11359072;605;
08.01.2025;11:40:16.903;FESB SI 20250321 CS;SIMPLE_INSTRUMENT;VOLA;EUR;603979822;150.60000000;300;EXCHANGE_LAST;;1;1;XEUR;11359072;605;
08.01.2025;16:32:58.219;FESB SI 20250321 CS;SIMPLE_INSTRUMENT;VOLA;EUR;603979844;149.40000000;1930;EXCHANGE_LAST;;1;1;XEUR;11359072;605;
08.01.2025;09:30:02.482;FESX SI 20250321 CS;SIMPLE_INSTRUMENT;BLOCK;EUR;1;5034.00000000;2525;EXCHANGE_LAST;;1;1;XEUR;7793482;675;
08.01.2025;10:42:41.070;FESX SI 20250321 CS;SIMPLE_INSTRUMENT;BLOCK;EUR;2;5037.00000000;2539;EXCHANGE_LAST;;1;1;XEUR;7793482;675;
08.01.2025;13:41:15.406;FESX SI 20250321 CS;SIMPLE_INSTRUMENT;EFP_IDX;EUR;3;4995.00000000;1000;EXCHANGE_LAST;;1;1;XEUR;7793482;675;
08.01.2025;13:52:36.226;FESX SI 20250321 CS;SIMPLE_INSTRUMENT;BLOCK;EUR;4;4995.00000000;5000;EXCHANGE_LAST;;1;1;XEUR;7793482;675;
08.01.2025;16:50:28.819;FESX SI 20250321 CS;SIMPLE_INSTRUMENT;EFP_IDX;EUR;5;5014.00000000;14;EXCHANGE_LAST;;1;1;XEUR;7793482;675;
08.01.2025;16:50:47.918;FESX SI 20250321 CS;SIMPLE_INSTRUMENT;EFP_IDX;EUR;6;5013.00000000;140;EXCHANGE_LAST;;1;1;XEUR;7793482;675;
08.01.2025;16:55:29.732;FESX SI 20250321 CS;SIMPLE_INSTRUMENT;EFP_IDX;EUR;7;5013.00000000;492;EXCHANGE_LAST;;1;1;XEUR;7793482;675;
08.01.2025;16:54:38.261;FESX SI 20250321 CS;SIMPLE_INSTRUMENT;EFP_IDX;EUR;8;5014.00000000;8;EXCHANGE_LAST;;1;1;XEUR;7793482;675;
08.01.2025;16:54:46.408;FESX SI 20250321 CS;SIMPLE_INSTRUMENT;BLOCK;EUR;9;5015.00000000;2000;EXCHANGE_LAST;;1;1;XEUR;7793482;675;
08.01.2025;16:56:15.703;FESX SI 20250321 CS;SIMPLE_INSTRUMENT;EFP_IDX;EUR;10;5013.00000000;148;EXCHANGE_LAST;;1;1;XEUR;7793482;675;
08.01.2025;16:56:21.890;FESX SI 20250321 CS;SIMPLE_INSTRUMENT;EFP_IDX;EUR;11;5014.00000000;2;EXCHANGE_LAST;;1;1;XEUR;7793482;675;
08.01.2025;08:56:58.073;FESX SI 20250321 CS;SIMPLE_INSTRUMENT;VOLA;EUR;637534218;5040.00000000;1020;EXCHANGE_LAST;;1;1;XEUR;7793482;675;
08.01.2025;09:20:47.377;FESX SI 20250321 CS;SIMPLE_INSTRUMENT;VOLA;EUR;637534228;5035.00000000;150;EXCHANGE_LAST;;1;1;XEUR;7793482;675;
08.01.2025;09:21:50.042;FESX SI 20250321 CS;SIMPLE_INSTRUMENT;VOLA;EUR;637534229;5034.00000000;300;EXCHANGE_LAST;;1;1;XEUR;7793482;675;
08.01.2025;09:31:34.162;FESX SI 20250321 CS;SIMPLE_INSTRUMENT;VOLA;EUR;637534237;5035.00000000;1925;EXCHANGE_LAST;;1;1;XEUR;7793482;675;
08.01.2025;09:38:19.306;FESX SI 20250321 CS;SIMPLE_INSTRUMENT;VOLA;EUR;637534243;5035.00000000;1669;EXCHANGE_LAST;;1;1;XEUR;7793482;675;
08.01.2025;09:54:37.324;FESX SI 20250321 CS;SIMPLE_INSTRUMENT;VOLA;EUR;637534249;5041.00000000;1202;EXCHANGE_LAST;;1;1;XEUR;7793482;675;
08.01.2025;09:56:23.507;FESX SI 20250321 CS;SIMPLE_INSTRUMENT;VOLA;EUR;637534251;5005.00000000;15;EXCHANGE_LAST;;1;1;XEUR;7793482;675;
08.01.2025;10:15:17.410;FESX SI 20250321 CS;SIMPLE_INSTRUMENT;VOLA;EUR;637534264;5038.00000000;160;EXCHANGE_LAST;;1;1;XEUR;7793482;675;
08.01.2025;10:41:04.676;FESX SI 20250321 CS;SIMPLE_INSTRUMENT;VOLA;EUR;637534281;5042.00000000;66;EXCHANGE_LAST;;1;1;XEUR;7793482;675;
08.01.2025;12:00:04.200;FESX SI 20250321 CS;SIMPLE_INSTRUMENT;VOLA;EUR;637534304;5075.00000000;10;EXCHANGE_LAST;;1;1;XEUR;7793482;675;
08.01.2025;12:01:05.775;FESX SI 20250321 CS;SIMPLE_INSTRUMENT;VOLA;EUR;637534307;5006.00000000;200;EXCHANGE_LAST;;1;1;XEUR;7793482;675;
08.01.2025;12:02:09.539;FESX SI 20250321 CS;SIMPLE_INSTRUMENT;VOLA;EUR;637534308;5006.00000000;138;EXCHANGE_LAST;;1;1;XEUR;7793482;675;
08.01.2025;12:03:07.761;FESX SI 20250321 CS;SIMPLE_INSTRUMENT;VOLA;EUR;637534309;5006.00000000;100;EXCHANGE_LAST;;1;1;XEUR;7793482;675;
08.01.2025;12:13:34.251;FESX SI 20250321 CS;SIMPLE_INSTRUMENT;VOLA;EUR;637534314;5015.00000000;270;EXCHANGE_LAST;;1;1;XEUR;7793482;675;
08.01.2025;13:44:32.679;FESX SI 20250321 CS;SIMPLE_INSTRUMENT;VOLA;EUR;637534331;4995.00000000;4600;EXCHANGE_LAST;;1;1;XEUR;7793482;675;
08.01.2025;14:24:41.020;FESX SI 20250321 CS;SIMPLE_INSTRUMENT;VOLA;EUR;637534345;5000.00000000;587;EXCHANGE_LAST;;1;1;XEUR;7793482;675;
08.01.2025;15:13:15.181;FESX SI 20250321 CS;SIMPLE_INSTRUMENT;VOLA;EUR;637534363;4991.00000000;450;EXCHANGE_LAST;;1;1;XEUR;7793482;675;
08.01.2025;15:14:29.852;FESX SI 20250321 CS;SIMPLE_INSTRUMENT;VOLA;EUR;637534365;4991.00000000;130;EXCHANGE_LAST;;1;1;XEUR;7793482;675;
08.01.2025;15:27:11.584;FESX SI 20250321 CS;SIMPLE_INSTRUMENT;VOLA;EUR;637534375;5000.00000000;37;EXCHANGE_LAST;;1;1;XEUR;7793482;675;
08.01.2025;16:26:32.884;FESX SI 20250321 CS;SIMPLE_INSTRUMENT;VOLA;EUR;637534392;5008.00000000;300;EXCHANGE_LAST;;1;1;XEUR;7793482;675;
08.01.2025;16:26:35.125;FESX SI 20250321 CS;SIMPLE_INSTRUMENT;VOLA;EUR;637534393;5008.00000000;170;EXCHANGE_LAST;;1;1;XEUR;7793482;675;
08.01.2025;09:42:51.005;FEXD.S.DEC27.DEC28.SPD;FUTURES_SPREAD;BLOCK;EUR;3;4.60000000;150;EXCHANGE_LAST;;1;1;XEUR;72060570450264162;693;
08.01.2025;09:42:51.005;FEXD SI 20281215 CS;SIMPLE_INSTRUMENT;BLOCK;EUR;3;146.10000000;150;PRC_DECOMP_EXCHANGE;;;;XEUR;3680985;693;EXCHANGE
08.01.2025;09:42:51.005;FEXD SI 20271217 CS;SIMPLE_INSTRUMENT;BLOCK;EUR;3;150.70000000;150;PRC_DECOMP_EXCHANGE;;;;XEUR;2848338;693;EXCHANGE
08.01.2025;10:39:57.014;FEXD SI 20291221 CS;SIMPLE_INSTRUMENT;BLOCK;EUR;11;142.30000000;140;EXCHANGE_LAST;;1;1;XEUR;4631968;693;
08.01.2025;11:17:40.738;FEXD SI 20261218 CS;SIMPLE_INSTRUMENT;BLOCK;EUR;13;156.20000000;1000;EXCHANGE_LAST;;1;1;XEUR;2163053;693;
08.01.2025;11:21:12.097;FEXD.S.DEC27.DEC28.SPD;FUTURES_SPREAD;BLOCK;EUR;14;4.50000000;130;EXCHANGE_LAST;;1;1;XEUR;72060570450264162;693;
08.01.2025;11:21:12.097;FEXD SI 20281215 CS;SIMPLE_INSTRUMENT;BLOCK;EUR;14;146.30000000;130;PRC_DECOMP_EXCHANGE;;;;XEUR;3680985;693;EXCHANGE
08.01.2025;11:21:12.097;FEXD SI 20271217 CS;SIMPLE_INSTRUMENT;BLOCK;EUR;14;150.80000000;130;PRC_DECOMP_EXCHANGE;;;;XEUR;2848338;693;EXCHANGE
08.01.2025;12:18:28.057;FEXD.S.DEC26.DEC27.SPD;FUTURES_SPREAD;BLOCK;EUR;20;5.30000000;100;EXCHANGE_LAST;;1;1;XEUR;72060570450264153;693;
08.01.2025;12:18:28.057;FEXD SI 20261218 CS;SIMPLE_INSTRUMENT;BLOCK;EUR;20;154.60000000;100;PRC_DECOMP_EXCHANGE;;;;XEUR;2163053;693;EXCHANGE
08.01.2025;12:18:28.057;FEXD SI 20271217 CS;SIMPLE_INSTRUMENT;BLOCK;EUR;20;149.30000000;100;PRC_DECOMP_EXCHANGE;;;;XEUR;2848338;693;EXCHANGE
08.01.2025;12:22:15.737;FEXD SI 20251219 CS;SIMPLE_INSTRUMENT;BLOCK;EUR;22;158.70000000;500;EXCHANGE_LAST;;1;1;XEUR;1548120;693;
08.01.2025;12:40:56.691;FEXD.S.DEC26.DEC27.SPD;FUTURES_SPREAD;BLOCK;EUR;23;5.60000000;250;EXCHANGE_LAST;;1;1;XEUR;72060570450264153;693;
08.01.2025;12:40:56.691;FEXD SI 20261218 CS;SIMPLE_INSTRUMENT;BLOCK;EUR;23;154.70000000;250;PRC_DECOMP_EXCHANGE;;;;XEUR;2163053;693;EXCHANGE
08.01.2025;12:40:56.691;FEXD SI 20271217 CS;SIMPLE_INSTRUMENT;BLOCK;EUR;23;149.10000000;250;PRC_DECOMP_EXCHANGE;;;;XEUR;2848338;693;EXCHANGE
08.01.2025;13:41:10.796;FEXD SI 20261218 CS;SIMPLE_INSTRUMENT;BLOCK;EUR;24;154.70000000;500;EXCHANGE_LAST;;1;1;XEUR;2163053;693;
08.01.2025;13:49:24.341;FEXD SI 20261218 CS;SIMPLE_INSTRUMENT;BLOCK;EUR;25;154.50000000;500;EXCHANGE_LAST;;1;1;XEUR;2163053;693;
08.01.2025;14:36:52.070;FEXD SI 20251219 CS;SIMPLE_INSTRUMENT;BLOCK;EUR;27;158.60000000;600;EXCHANGE_LAST;;1;1;XEUR;1548120;693;
08.01.2025;15:03:58.700;FEXD SI 20251219 CS;SIMPLE_INSTRUMENT;BLOCK;EUR;28;158.50000000;100;EXCHANGE_LAST;;1;1;XEUR;1548120;693;
08.01.2025;15:04:04.241;FEXD SI 20261218 CS;SIMPLE_INSTRUMENT;BLOCK;EUR;29;154.50000000;100;EXCHANGE_LAST;;1;1;XEUR;2163053;693;
08.01.2025;15:04:10.710;FEXD SI 20271217 CS;SIMPLE_INSTRUMENT;BLOCK;EUR;30;149.00000000;100;EXCHANGE_LAST;;1;1;XEUR;2848338;693;
08.01.2025;15:04:16.254;FEXD SI 20281215 CS;SIMPLE_INSTRUMENT;BLOCK;EUR;31;145.50000000;100;EXCHANGE_LAST;;1;1;XEUR;3680985;693;
08.01.2025;16:03:29.513;FEXD SI 20261218 CS;SIMPLE_INSTRUMENT;BLOCK;EUR;36;154.50000000;500;EXCHANGE_LAST;;2;1;XEUR;2163053;693;
08.01.2025;16:40:12.388;FEXD SI 20261218 CS;SIMPLE_INSTRUMENT;BLOCK;EUR;42;155.10000000;118;EXCHANGE_LAST;;1;1;XEUR;2163053;693;
08.01.2025;16:40:17.910;FEXD SI 20251219 CS;SIMPLE_INSTRUMENT;BLOCK;EUR;43;159.10000000;1253;EXCHANGE_LAST;;1;1;XEUR;1548120;693;
08.01.2025;16:48:17.333;FEXD SI 20261218 CS;SIMPLE_INSTRUMENT;BLOCK;EUR;51;154.90000000;200;EXCHANGE_LAST;;1;1;XEUR;2163053;693;
08.01.2025;15:50:28.862;FEXD SI 20251219 CS;SIMPLE_INSTRUMENT;VOLA;EUR;301989905;158.90000000;98;EXCHANGE_LAST;;1;1;XEUR;1548120;693;
08.01.2025;13:58:55.861;FEXF SI 20250321 CS;SIMPLE_INSTRUMENT;BLOCK;EUR;26;2695.50000000;410;EXCHANGE_LAST;;1;1;XEUR;11359735;694;
08.01.2025;08:13:59.033;FGBL SI 20250306 PS;SIMPLE_INSTRUMENT;EFS;EUR;1;131.98000000;618;EXCHANGE_LAST;;1;1;XEUR;11286679;688;
08.01.2025;08:14:47.870;FGBL SI 20250306 PS;SIMPLE_INSTRUMENT;EFS;EUR;2;131.97000000;206;EXCHANGE_LAST;;1;1;XEUR;11286679;688;
08.01.2025;08:16:03.886;FGBL SI 20250306 PS;SIMPLE_INSTRUMENT;EFS;EUR;3;132.02000000;412;EXCHANGE_LAST;;1;1;XEUR;11286679;688;
08.01.2025;08:18:09.365;FGBL SI 20250306 PS;SIMPLE_INSTRUMENT;EFS;EUR;4;132.04000000;1200;EXCHANGE_LAST;;1;1;XEUR;11286679;688;
08.01.2025;08:18:14.586;FGBL SI 20250306 PS;SIMPLE_INSTRUMENT;EFS;EUR;5;132.05000000;412;EXCHANGE_LAST;;1;1;XEUR;11286679;688;
08.01.2025;08:19:01.026;FGBL SI 20250306 PS;SIMPLE_INSTRUMENT;EFS;EUR;6;132.05000000;412;EXCHANGE_LAST;;1;1;XEUR;11286679;688;
08.01.2025;08:28:20.396;FGBL SI 20250306 PS;SIMPLE_INSTRUMENT;EFS;EUR;7;132.02000000;206;EXCHANGE_LAST;;1;1;XEUR;11286679;688;
08.01.2025;08:32:40.517;FGBL SI 20250306 PS;SIMPLE_INSTRUMENT;EFS;EUR;8;131.98000000;413;EXCHANGE_LAST;;1;1;XEUR;11286679;688;
08.01.2025;08:36:24.910;FGBL SI 20250306 PS;SIMPLE_INSTRUMENT;EFS;EUR;9;131.99000000;800;EXCHANGE_LAST;;1;1;XEUR;11286679;688;
08.01.2025;08:44:06.847;FGBL SI 20250306 PS;SIMPLE_INSTRUMENT;EFS;EUR;10;131.97000000;946;EXCHANGE_LAST;;1;1;XEUR;11286679;688;
08.01.2025;08:44:58.159;FGBL SI 20250306 PS;SIMPLE_INSTRUMENT;EFS;EUR;11;131.95000000;412;EXCHANGE_LAST;;1;1;XEUR;11286679;688;
08.01.2025;08:57:30.246;FGBL SI 20250306 PS;SIMPLE_INSTRUMENT;EFS;EUR;12;132.01000000;412;EXCHANGE_LAST;;1;1;XEUR;11286679;688;
08.01.2025;08:57:46.413;FGBL SI 20250306 PS;SIMPLE_INSTRUMENT;EFS;EUR;13;132.00000000;412;EXCHANGE_LAST;;1;1;XEUR;11286679;688;
08.01.2025;09:04:54.385;FGBL SI 20250306 PS;SIMPLE_INSTRUMENT;EFS;EUR;14;131.96000000;1000;EXCHANGE_LAST;;1;1;XEUR;11286679;688;
08.01.2025;09:04:55.033;FGBL SI 20250306 PS;SIMPLE_INSTRUMENT;EFS;EUR;15;131.97000000;634;EXCHANGE_LAST;;1;1;XEUR;11286679;688;
08.01.2025;09:06:28.586;FGBL SI 20250306 PS;SIMPLE_INSTRUMENT;EFS;EUR;16;131.99000000;1000;EXCHANGE_LAST;;1;1;XEUR;11286679;688;
08.01.2025;09:08:03.120;FGBL SI 20250306 PS;SIMPLE_INSTRUMENT;EFS;EUR;17;132.00000000;946;EXCHANGE_LAST;;1;1;XEUR;11286679;688;
08.01.2025;09:08:48.727;FGBL SI 20250306 PS;SIMPLE_INSTRUMENT;EFS;EUR;18;131.95000000;312;EXCHANGE_LAST;;1;1;XEUR;11286679;688;
08.01.2025;09:18:54.471;FGBL SI 20250306 PS;SIMPLE_INSTRUMENT;EFS;EUR;19;131.94000000;947;EXCHANGE_LAST;;1;1;XEUR;11286679;688;
08.01.2025;09:19:23.246;FGBL SI 20250306 PS;SIMPLE_INSTRUMENT;EFP_FIN;EUR;20;131.98000000;171;EXCHANGE_LAST;;1;1;XEUR;11286679;688;
08.01.2025;09:22:48.179;FGBL SI 20250306 PS;SIMPLE_INSTRUMENT;EFS;EUR;21;131.96000000;412;EXCHANGE_LAST;;1;1;XEUR;11286679;688;
08.01.2025;09:23:46.670;FGBL SI 20250306 PS;SIMPLE_INSTRUMENT;EFS;EUR;22;131.94000000;412;EXCHANGE_LAST;;1;1;XEUR;11286679;688;
08.01.2025;09:26:13.816;FGBL SI 20250306 PS;SIMPLE_INSTRUMENT;EFS;EUR;23;131.96000000;412;EXCHANGE_LAST;;1;1;XEUR;11286679;688;
08.01.2025;09:26:52.834;FGBL SI 20250306 PS;SIMPLE_INSTRUMENT;EFS;EUR;24;131.94000000;412;EXCHANGE_LAST;;1;1;XEUR;11286679;688;
08.01.2025;09:30:09.482;FGBL SI 20250306 PS;SIMPLE_INSTRUMENT;EFS;EUR;25;131.97000000;687;EXCHANGE_LAST;;1;1;XEUR;11286679;688;
08.01.2025;09:34:01.745;FGBL SI 20250306 PS;SIMPLE_INSTRUMENT;EFS;EUR;26;131.93000000;412;EXCHANGE_LAST;;1;1;XEUR;11286679;688;
08.01.2025;09:34:56.404;FGBL SI 20250306 PS;SIMPLE_INSTRUMENT;EFS;EUR;27;131.93000000;412;EXCHANGE_LAST;;1;1;XEUR;11286679;688;
08.01.2025;09:42:55.022;FGBL SI 20250306 PS;SIMPLE_INSTRUMENT;EFP_FIN;EUR;28;131.98000000;198;EXCHANGE_LAST;;1;1;XEUR;11286679;688;
08.01.2025;09:50:40.091;FGBL SI 20250306 PS;SIMPLE_INSTRUMENT;EFP_FIN;EUR;29;131.99000000;390;EXCHANGE_LAST;;1;1;XEUR;11286679;688;
08.01.2025;09:56:04.580;FGBL SI 20250306 PS;SIMPLE_INSTRUMENT;EFS;EUR;30;131.94000000;236;EXCHANGE_LAST;;1;1;XEUR;11286679;688;
08.01.2025;09:57:53.417;FGBL SI 20250306 PS;SIMPLE_INSTRUMENT;EFP_FIN;EUR;31;131.96000000;929;EXCHANGE_LAST;;1;1;XEUR;11286679;688;
08.01.2025;10:00:17.440;FGBL SI 20250306 PS;SIMPLE_INSTRUMENT;EFS;EUR;32;131.97000000;237;EXCHANGE_LAST;;1;1;XEUR;11286679;688;
08.01.2025;10:02:53.894;FGBL SI 20250306 PS;SIMPLE_INSTRUMENT;EFS;EUR;33;131.98000000;206;EXCHANGE_LAST;;1;1;XEUR;11286679;688;
08.01.2025;10:04:24.446;FGBL SI 20250306 PS;SIMPLE_INSTRUMENT;EFP_FIN;EUR;34;131.98000000;171;EXCHANGE_LAST;;1;1;XEUR;11286679;688;
08.01.2025;10:07:32.308;FGBL SI 20250306 PS;SIMPLE_INSTRUMENT;EFP_FIN;EUR;35;131.96000000;466;EXCHANGE_LAST;;1;1;XEUR;11286679;688;
08.01.2025;10:09:59.443;FGBL SI 20250306 PS;SIMPLE_INSTRUMENT;EFP_FIN;EUR;36;131.98000000;334;EXCHANGE_LAST;;1;1;XEUR;11286679;688;
08.01.2025;10:13:04.332;FGBL SI 20250306 PS;SIMPLE_INSTRUMENT;EFS;EUR;37;131.99000000;229;EXCHANGE_LAST;;1;1;XEUR;11286679;688;
08.01.2025;10:15:14.974;FGBL SI 20250306 PS;SIMPLE_INSTRUMENT;EFS;EUR;38;131.99000000;413;EXCHANGE_LAST;;1;1;XEUR;11286679;688;
08.01.2025;10:17:16.299;FGBL SI 20250306 PS;SIMPLE_INSTRUMENT;EFS;EUR;39;132.00000000;550;EXCHANGE_LAST;;1;1;XEUR;11286679;688;
08.01.2025;10:24:06.605;FGBL SI 20250306 PS;SIMPLE_INSTRUMENT;EFP_FIN;EUR;40;132.00000000;469;EXCHANGE_LAST;;1;1;XEUR;11286679;688;
08.01.2025;10:24:50.718;FGBL SI 20250306 PS;SIMPLE_INSTRUMENT;EFS;EUR;41;131.94000000;289;EXCHANGE_LAST;;1;1;XEUR;11286679;688;
08.01.2025;10:27:34.192;FGBL SI 20250306 PS;SIMPLE_INSTRUMENT;EFP_FIN;EUR;42;131.96000000;1581;EXCHANGE_LAST;;1;1;XEUR;11286679;688;
08.01.2025;10:29:56.885;FGBL SI 20250306 PS;SIMPLE_INSTRUMENT;EFS;EUR;43;131.96000000;364;EXCHANGE_LAST;;1;1;XEUR;11286679;688;
08.01.2025;10:42:24.262;FGBL SI 20250306 PS;SIMPLE_INSTRUMENT;EFS;EUR;44;131.94000000;367;EXCHANGE_LAST;;1;1;XEUR;11286679;688;
08.01.2025;10:44:04.524;FGBL SI 20250306 PS;SIMPLE_INSTRUMENT;EFP_FIN;EUR;45;131.96000000;188;EXCHANGE_LAST;;1;1;XEUR;11286679;688;
08.01.2025;10:45:23.507;FGBL SI 20250306 PS;SIMPLE_INSTRUMENT;EFS;EUR;46;131.90000000;289;EXCHANGE_LAST;;1;1;XEUR;11286679;688;
08.01.2025;10:45:28.512;FGBL SI 20250306 PS;SIMPLE_INSTRUMENT;EFS;EUR;47;131.90000000;124;EXCHANGE_LAST;;1;1;XEUR;11286679;688;
08.01.2025;10:46:14.415;FGBL SI 20250306 PS;SIMPLE_INSTRUMENT;EFS;EUR;48;131.95000000;730;EXCHANGE_LAST;;1;1;XEUR;11286679;688;
08.01.2025;11:02:44.170;FGBL SI 20250306 PS;SIMPLE_INSTRUMENT;EFP_FIN;EUR;49;131.84000000;100;EXCHANGE_LAST;;1;1;XEUR;11286679;688;
08.01.2025;11:13:41.783;FGBL SI 20250306 PS;SIMPLE_INSTRUMENT;EFS;EUR;50;131.80000000;300;EXCHANGE_LAST;;1;1;XEUR;11286679;688;
08.01.2025;11:13:40.657;FGBL SI 20250306 PS;SIMPLE_INSTRUMENT;EFS;EUR;51;131.79000000;413;EXCHANGE_LAST;;1;1;XEUR;11286679;688;
08.01.2025;11:18:38.123;FGBL SI 20250306 PS;SIMPLE_INSTRUMENT;EFS;EUR;52;131.76000000;206;EXCHANGE_LAST;;1;1;XEUR;11286679;688;
08.01.2025;11:19:00.844;FGBL SI 20250306 PS;SIMPLE_INSTRUMENT;EFS;EUR;53;131.81000000;207;EXCHANGE_LAST;;1;1;XEUR;11286679;688;
08.01.2025;11:19:25.686;FGBL SI 20250306 PS;SIMPLE_INSTRUMENT;EFS;EUR;54;131.85000000;474;EXCHANGE_LAST;;1;1;XEUR;11286679;688;
08.01.2025;11:21:18.876;FGBL SI 20250306 PS;SIMPLE_INSTRUMENT;EFS;EUR;55;131.79000000;300;EXCHANGE_LAST;;1;1;XEUR;11286679;688;
08.01.2025;11:21:36.357;FGBL SI 20250306 PS;SIMPLE_INSTRUMENT;EFS;EUR;56;131.80000000;948;EXCHANGE_LAST;;1;1;XEUR;11286679;688;
08.01.2025;11:28:56.697;FGBL SI 20250306 PS;SIMPLE_INSTRUMENT;EFS;EUR;57;131.81000000;206;EXCHANGE_LAST;;1;1;XEUR;11286679;688;
08.01.2025;11:29:22.248;FGBL SI 20250306 PS;SIMPLE_INSTRUMENT;EFS;EUR;58;131.80000000;206;EXCHANGE_LAST;;1;1;XEUR;11286679;688;
08.01.2025;11:32:09.041;FGBL SI 20250306 PS;SIMPLE_INSTRUMENT;EFS;EUR;59;131.81000000;206;EXCHANGE_LAST;;1;1;XEUR;11286679;688;
08.01.2025;11:33:48.060;FGBL SI 20250306 PS;SIMPLE_INSTRUMENT;EFS;EUR;60;131.81000000;412;EXCHANGE_LAST;;1;1;XEUR;11286679;688;
08.01.2025;11:38:32.082;FGBL SI 20250306 PS;SIMPLE_INSTRUMENT;EFS;EUR;61;131.74000000;500;EXCHANGE_LAST;;1;1;XEUR;11286679;688;
08.01.2025;11:39:02.053;FGBL SI 20250306 PS;SIMPLE_INSTRUMENT;EFS;EUR;62;131.77000000;413;EXCHANGE_LAST;;1;1;XEUR;11286679;688;
08.01.2025;11:50:48.892;FGBL SI 20250306 PS;SIMPLE_INSTRUMENT;EFP_FIN;EUR;63;131.73000000;932;EXCHANGE_LAST;;1;1;XEUR;11286679;688;
08.01.2025;11:53:44.176;FGBL SI 20250306 PS;SIMPLE_INSTRUMENT;EFS;EUR;64;131.72000000;413;EXCHANGE_LAST;;1;1;XEUR;11286679;688;
08.01.2025;11:56:19.454;FGBL SI 20250306 PS;SIMPLE_INSTRUMENT;EFP_FIN;EUR;65;131.74000000;233;EXCHANGE_LAST;;1;1;XEUR;11286679;688;
08.01.2025;11:58:06.428;FGBL SI 20250306 PS;SIMPLE_INSTRUMENT;EFP_FIN;EUR;66;131.75000000;446;EXCHANGE_LAST;;1;1;XEUR;11286679;688;
08.01.2025;11:58:30.501;FGBL SI 20250306 PS;SIMPLE_INSTRUMENT;EFS;EUR;67;131.78000000;190;EXCHANGE_LAST;;1;1;XEUR;11286679;688;
08.01.2025;12:02:52.828;FGBL SI 20250306 PS;SIMPLE_INSTRUMENT;EFS;EUR;68;131.72000000;165;EXCHANGE_LAST;;1;1;XEUR;11286679;688;
08.01.2025;12:03:05.413;FGBL SI 20250306 PS;SIMPLE_INSTRUMENT;EFS;EUR;69;131.74000000;1000;EXCHANGE_LAST;;1;1;XEUR;11286679;688;
08.01.2025;12:03:24.988;FGBL SI 20250306 PS;SIMPLE_INSTRUMENT;EFP_FIN;EUR;70;131.75000000;1347;EXCHANGE_LAST;;1;1;XEUR;11286679;688;
08.01.2025;12:17:57.485;FGBL SI 20250306 PS;SIMPLE_INSTRUMENT;EFP_FIN;EUR;71;131.60000000;78;EXCHANGE_LAST;;1;1;XEUR;11286679;688;
08.01.2025;12:18:21.027;FGBL SI 20250306 PS;SIMPLE_INSTRUMENT;EFS;EUR;72;131.53000000;248;EXCHANGE_LAST;;1;1;XEUR;11286679;688;
08.01.2025;12:24:59.905;FGBL SI 20250306 PS;SIMPLE_INSTRUMENT;EFP_FIN;EUR;73;131.55000000;465;EXCHANGE_LAST;;1;1;XEUR;11286679;688;
08.01.2025;12:25:06.288;FGBL SI 20250306 PS;SIMPLE_INSTRUMENT;EFS;EUR;74;131.55000000;414;EXCHANGE_LAST;;1;1;XEUR;11286679;688;
08.01.2025;12:25:32.118;FGBL SI 20250306 PS;SIMPLE_INSTRUMENT;EFS;EUR;75;131.54000000;1154;EXCHANGE_LAST;;1;1;XEUR;11286679;688;
08.01.2025;12:27:30.852;FGBL SI 20250306 PS;SIMPLE_INSTRUMENT;EFS;EUR;76;131.57000000;100;EXCHANGE_LAST;;1;1;XEUR;11286679;688;
08.01.2025;12:29:41.428;FGBL SI 20250306 PS;SIMPLE_INSTRUMENT;EFS;EUR;77;131.58000000;475;EXCHANGE_LAST;;1;1;XEUR;11286679;688;
08.01.2025;12:34:47.723;FGBL SI 20250306 PS;SIMPLE_INSTRUMENT;EFS;EUR;78;131.51000000;414;EXCHANGE_LAST;;1;1;XEUR;11286679;688;
08.01.2025;12:35:35.196;FGBL SI 20250306 PS;SIMPLE_INSTRUMENT;EFS;EUR;79;131.55000000;414;EXCHANGE_LAST;;1;1;XEUR;11286679;688;
08.01.2025;12:43:54.469;FGBL SI 20250306 PS;SIMPLE_INSTRUMENT;EFP_FIN;EUR;80;131.48000000;702;EXCHANGE_LAST;;1;1;XEUR;11286679;688;
08.01.2025;12:45:04.785;FGBL SI 20250306 PS;SIMPLE_INSTRUMENT;EFP_FIN;EUR;81;131.50000000;935;EXCHANGE_LAST;;1;1;XEUR;11286679;688;
08.01.2025;12:46:32.793;FGBL SI 20250306 PS;SIMPLE_INSTRUMENT;EFS;EUR;82;131.55000000;427;EXCHANGE_LAST;;1;1;XEUR;11286679;688;
08.01.2025;12:51:10.131;FGBL SI 20250306 PS;SIMPLE_INSTRUMENT;EFS;EUR;83;131.56000000;378;EXCHANGE_LAST;;1;1;XEUR;11286679;688;
08.01.2025;12:51:26.139;FGBL SI 20250306 PS;SIMPLE_INSTRUMENT;EFS;EUR;84;131.58000000;414;EXCHANGE_LAST;;1;1;XEUR;11286679;688;
08.01.2025;12:57:11.462;FGBL SI 20250306 PS;SIMPLE_INSTRUMENT;EFS;EUR;85;131.59000000;231;EXCHANGE_LAST;;1;1;XEUR;11286679;688;
08.01.2025;13:05:31.141;FGBL SI 20250306 PS;SIMPLE_INSTRUMENT;EFS;EUR;86;131.65000000;413;EXCHANGE_LAST;;1;1;XEUR;11286679;688;
08.01.2025;13:05:51.204;FGBL SI 20250306 PS;SIMPLE_INSTRUMENT;EFS;EUR;87;131.65000000;1654;EXCHANGE_LAST;;1;1;XEUR;11286679;688;
08.01.2025;13:05:51.294;FGBL SI 20250306 PS;SIMPLE_INSTRUMENT;EFS;EUR;88;131.65000000;827;EXCHANGE_LAST;;1;1;XEUR;11286679;688;
08.01.2025;13:07:24.837;FGBL SI 20250306 PS;SIMPLE_INSTRUMENT;EFS;EUR;89;131.50000000;228;EXCHANGE_LAST;;1;1;XEUR;11286679;688;
08.01.2025;13:08:06.255;FGBL SI 20250306 PS;SIMPLE_INSTRUMENT;EFS;EUR;90;131.65000000;413;EXCHANGE_LAST;;1;1;XEUR;11286679;688;
08.01.2025;13:13:42.638;FGBL SI 20250306 PS;SIMPLE_INSTRUMENT;EFS;EUR;91;131.58000000;359;EXCHANGE_LAST;;1;1;XEUR;11286679;688;
08.01.2025;13:18:06.554;FGBL SI 20250306 PS;SIMPLE_INSTRUMENT;EFS;EUR;92;131.68000000;413;EXCHANGE_LAST;;1;1;XEUR;11286679;688;
08.01.2025;13:18:16.562;FGBL SI 20250306 PS;SIMPLE_INSTRUMENT;EFS;EUR;93;131.70000000;413;EXCHANGE_LAST;;1;1;XEUR;11286679;688;
08.01.2025;13:24:28.693;FGBL SI 20250306 PS;SIMPLE_INSTRUMENT;EFS;EUR;94;131.68000000;949;EXCHANGE_LAST;;1;1;XEUR;11286679;688;
08.01.2025;13:24:42.863;FGBL SI 20250306 PS;SIMPLE_INSTRUMENT;EFS;EUR;95;131.66000000;413;EXCHANGE_LAST;;1;1;XEUR;11286679;688;
08.01.2025;13:27:43.537;FGBL SI 20250306 PS;SIMPLE_INSTRUMENT;EFS;EUR;96;131.66000000;206;EXCHANGE_LAST;;1;1;XEUR;11286679;688;
08.01.2025;13:29:38.819;FGBL SI 20250306 PS;SIMPLE_INSTRUMENT;EFS;EUR;97;131.66000000;206;EXCHANGE_LAST;;1;1;XEUR;11286679;688;
08.01.2025;13:30:11.485;FGBL SI 20250306 PS;SIMPLE_INSTRUMENT;EFS;EUR;98;131.49000000;250;EXCHANGE_LAST;;1;1;XEUR;11286679;688;
08.01.2025;13:31:44.673;FGBL SI 20250306 PS;SIMPLE_INSTRUMENT;EFS;EUR;99;131.65000000;206;EXCHANGE_LAST;;1;1;XEUR;11286679;688;
08.01.2025;13:37:33.497;FGBL SI 20250306 PS;SIMPLE_INSTRUMENT;EFS;EUR;100;131.56000000;414;EXCHANGE_LAST;;1;1;XEUR;11286679;688;
08.01.2025;13:38:38.518;FGBL SI 20250306 PS;SIMPLE_INSTRUMENT;EFS;EUR;101;131.53000000;413;EXCHANGE_LAST;;1;1;XEUR;11286679;688;
08.01.2025;13:40:05.433;FGBL SI 20250306 PS;SIMPLE_INSTRUMENT;EFP_FIN;EUR;102;131.64000000;354;EXCHANGE_LAST;;1;1;XEUR;11286679;688;
08.01.2025;13:40:42.392;FGBL SI 20250306 PS;SIMPLE_INSTRUMENT;EFS;EUR;103;131.57000000;413;EXCHANGE_LAST;;1;1;XEUR;11286679;688;
08.01.2025;13:43:08.690;FGBL SI 20250306 PS;SIMPLE_INSTRUMENT;EFS;EUR;104;131.51000000;414;EXCHANGE_LAST;;1;1;XEUR;11286679;688;
08.01.2025;13:44:04.724;FGBL SI 20250306 PS;SIMPLE_INSTRUMENT;EFS;EUR;105;131.51000000;414;EXCHANGE_LAST;;1;1;XEUR;11286679;688;
08.01.2025;13:45:42.044;FGBL SI 20250306 PS;SIMPLE_INSTRUMENT;EFP_FIN;EUR;106;131.67000000;541;EXCHANGE_LAST;;1;1;XEUR;11286679;688;
08.01.2025;13:45:36.342;FGBL SI 20250306 PS;SIMPLE_INSTRUMENT;EFS;EUR;107;131.67000000;667;EXCHANGE_LAST;;1;1;XEUR;11286679;688;
08.01.2025;13:48:42.146;FGBL SI 20250306 PS;SIMPLE_INSTRUMENT;EFS;EUR;108;131.59000000;413;EXCHANGE_LAST;;1;1;XEUR;11286679;688;
08.01.2025;13:49:19.616;FGBL SI 20250306 PS;SIMPLE_INSTRUMENT;EFP_FIN;EUR;109;131.58000000;177;EXCHANGE_LAST;;1;1;XEUR;11286679;688;
08.01.2025;13:54:55.134;FGBL SI 20250306 PS;SIMPLE_INSTRUMENT;EFS;EUR;110;131.55000000;414;EXCHANGE_LAST;;1;1;XEUR;11286679;688;
08.01.2025;13:56:55.244;FGBL SI 20250306 PS;SIMPLE_INSTRUMENT;EFS;EUR;111;131.58000000;460;EXCHANGE_LAST;;1;1;XEUR;11286679;688;
08.01.2025;14:00:49.077;FGBL SI 20250306 PS;SIMPLE_INSTRUMENT;EFS;EUR;112;131.61000000;201;EXCHANGE_LAST;;1;1;XEUR;11286679;688;
08.01.2025;14:06:07.936;FGBL SI 20250306 PS;SIMPLE_INSTRUMENT;EFS;EUR;113;131.60000000;206;EXCHANGE_LAST;;1;1;XEUR;11286679;688;
08.01.2025;14:07:24.985;FGBL SI 20250306 PS;SIMPLE_INSTRUMENT;EFS;EUR;114;131.66000000;413;EXCHANGE_LAST;;1;1;XEUR;11286679;688;
08.01.2025;14:11:46.838;FGBL SI 20250306 PS;SIMPLE_INSTRUMENT;EFS;EUR;115;131.64000000;827;EXCHANGE_LAST;;1;1;XEUR;11286679;688;
08.01.2025;14:12:01.802;FGBL SI 20250306 PS;SIMPLE_INSTRUMENT;EFS;EUR;116;131.64000000;413;EXCHANGE_LAST;;1;1;XEUR;11286679;688;
08.01.2025;14:14:32.728;FGBL SI 20250306 PS;SIMPLE_INSTRUMENT;EFS;EUR;117;131.55000000;950;EXCHANGE_LAST;;1;1;XEUR;11286679;688;
08.01.2025;14:17:23.002;FGBL SI 20250306 PS;SIMPLE_INSTRUMENT;EFS;EUR;118;131.66000000;413;EXCHANGE_LAST;;1;1;XEUR;11286679;688;
08.01.2025;14:18:34.411;FGBL SI 20250306 PS;SIMPLE_INSTRUMENT;EFS;EUR;119;131.65000000;949;EXCHANGE_LAST;;1;1;XEUR;11286679;688;
08.01.2025;14:19:14.630;FGBL SI 20250306 PS;SIMPLE_INSTRUMENT;EFS;EUR;120;131.64000000;206;EXCHANGE_LAST;;1;1;XEUR;11286679;688;
08.01.2025;14:24:41.880;FGBL SI 20250306 PS;SIMPLE_INSTRUMENT;EFS;EUR;121;131.65000000;236;EXCHANGE_LAST;;1;1;XEUR;11286679;688;
08.01.2025;14:29:52.823;FGBL SI 20250306 PS;SIMPLE_INSTRUMENT;EFS;EUR;122;131.53000000;414;EXCHANGE_LAST;;1;1;XEUR;11286679;688;
08.01.2025;14:30:12.845;FGBL SI 20250306 PS;SIMPLE_INSTRUMENT;EFS;EUR;123;131.57000000;414;EXCHANGE_LAST;;1;1;XEUR;11286679;688;
08.01.2025;14:35:27.657;FGBL SI 20250306 PS;SIMPLE_INSTRUMENT;EFP_FIN;EUR;124;131.63000000;1082;EXCHANGE_LAST;;1;1;XEUR;11286679;688;
08.01.2025;14:43:25.617;FGBL SI 20250306 PS;SIMPLE_INSTRUMENT;EFS;EUR;125;131.53000000;413;EXCHANGE_LAST;;1;1;XEUR;11286679;688;
08.01.2025;14:44:23.676;FGBL SI 20250306 PS;SIMPLE_INSTRUMENT;EFS;EUR;126;131.53000000;413;EXCHANGE_LAST;;1;1;XEUR;11286679;688;
08.01.2025;14:47:50.901;FGBL SI 20250306 PS;SIMPLE_INSTRUMENT;EFS;EUR;127;131.50000000;207;EXCHANGE_LAST;;1;1;XEUR;11286679;688;
08.01.2025;14:51:40.248;FGBL SI 20250306 PS;SIMPLE_INSTRUMENT;EFS;EUR;128;131.56000000;414;EXCHANGE_LAST;;1;1;XEUR;11286679;688;
08.01.2025;14:54:27.850;FGBL SI 20250306 PS;SIMPLE_INSTRUMENT;EFS;EUR;129;131.54000000;1385;EXCHANGE_LAST;;1;1;XEUR;11286679;688;
08.01.2025;14:57:10.508;FGBL SI 20250306 PS;SIMPLE_INSTRUMENT;EFS;EUR;130;131.61000000;413;EXCHANGE_LAST;;1;1;XEUR;11286679;688;
08.01.2025;14:57:15.513;FGBL SI 20250306 PS;SIMPLE_INSTRUMENT;EFS;EUR;131;131.61000000;165;EXCHANGE_LAST;;1;1;XEUR;11286679;688;
08.01.2025;14:59:10.954;FGBL SI 20250306 PS;SIMPLE_INSTRUMENT;EFS;EUR;132;131.51000000;1385;EXCHANGE_LAST;;1;1;XEUR;11286679;688;
08.01.2025;15:04:01.450;FGBL SI 20250306 PS;SIMPLE_INSTRUMENT;EFS;EUR;133;131.61000000;854;EXCHANGE_LAST;;1;1;XEUR;11286679;688;
08.01.2025;15:04:32.148;FGBL SI 20250306 PS;SIMPLE_INSTRUMENT;EFP_FIN;EUR;134;131.57000000;743;EXCHANGE_LAST;;1;1;XEUR;11286679;688;
08.01.2025;15:08:14.021;FGBL SI 20250306 PS;SIMPLE_INSTRUMENT;EFS;EUR;135;131.68000000;413;EXCHANGE_LAST;;1;1;XEUR;11286679;688;
08.01.2025;15:08:19.714;FGBL SI 20250306 PS;SIMPLE_INSTRUMENT;EFP_FIN;EUR;136;131.52000000;371;EXCHANGE_LAST;;1;1;XEUR;11286679;688;
08.01.2025;15:10:05.736;FGBL SI 20250306 PS;SIMPLE_INSTRUMENT;EFS;EUR;137;131.63000000;1000;EXCHANGE_LAST;;1;1;XEUR;11286679;688;
08.01.2025;15:11:30.190;FGBL SI 20250306 PS;SIMPLE_INSTRUMENT;EFS;EUR;138;131.72000000;413;EXCHANGE_LAST;;1;1;XEUR;11286679;688;
08.01.2025;15:11:58.641;FGBL SI 20250306 PS;SIMPLE_INSTRUMENT;EFP_FIN;EUR;139;131.57000000;1114;EXCHANGE_LAST;;1;1;XEUR;11286679;688;
08.01.2025;15:22:10.345;FGBL SI 20250306 PS;SIMPLE_INSTRUMENT;EFS;EUR;140;131.76000000;206;EXCHANGE_LAST;;1;1;XEUR;11286679;688;
08.01.2025;15:22:56.985;FGBL SI 20250306 PS;SIMPLE_INSTRUMENT;EFS;EUR;141;131.76000000;206;EXCHANGE_LAST;;1;1;XEUR;11286679;688;
08.01.2025;15:27:11.152;FGBL SI 20250306 PS;SIMPLE_INSTRUMENT;EFS;EUR;142;131.77000000;230;EXCHANGE_LAST;;1;1;XEUR;11286679;688;
08.01.2025;15:27:23.187;FGBL SI 20250306 PS;SIMPLE_INSTRUMENT;EFS;EUR;143;131.77000000;230;EXCHANGE_LAST;;1;1;XEUR;11286679;688;
08.01.2025;15:29:43.924;FGBL SI 20250306 PS;SIMPLE_INSTRUMENT;EFS;EUR;144;131.76000000;460;EXCHANGE_LAST;;1;1;XEUR;11286679;688;
08.01.2025;15:30:37.188;FGBL SI 20250306 PS;SIMPLE_INSTRUMENT;EFS;EUR;145;131.73000000;437;EXCHANGE_LAST;;1;1;XEUR;11286679;688;
08.01.2025;15:33:31.271;FGBL SI 20250306 PS;SIMPLE_INSTRUMENT;EFS;EUR;146;131.73000000;92;EXCHANGE_LAST;;1;1;XEUR;11286679;688;
08.01.2025;15:40:05.145;FGBL SI 20250306 PS;SIMPLE_INSTRUMENT;EFS;EUR;147;131.79000000;413;EXCHANGE_LAST;;1;1;XEUR;11286679;688;
08.01.2025;15:42:46.569;FGBL SI 20250306 PS;SIMPLE_INSTRUMENT;EFS;EUR;148;131.80000000;412;EXCHANGE_LAST;;1;1;XEUR;11286679;688;
08.01.2025;15:47:58.643;FGBL SI 20250306 PS;SIMPLE_INSTRUMENT;EFS;EUR;149;131.75000000;1000;EXCHANGE_LAST;;1;1;XEUR;11286679;688;
08.01.2025;15:49:27.665;FGBL SI 20250306 PS;SIMPLE_INSTRUMENT;EFS;EUR;150;131.82000000;413;EXCHANGE_LAST;;1;1;XEUR;11286679;688;
08.01.2025;15:49:50.687;FGBL SI 20250306 PS;SIMPLE_INSTRUMENT;EFS;EUR;151;131.83000000;413;EXCHANGE_LAST;;1;1;XEUR;11286679;688;
08.01.2025;15:50:10.703;FGBL SI 20250306 PS;SIMPLE_INSTRUMENT;EFS;EUR;152;131.83000000;413;EXCHANGE_LAST;;1;1;XEUR;11286679;688;
08.01.2025;15:54:24.408;FGBL SI 20250306 PS;SIMPLE_INSTRUMENT;EFS;EUR;153;131.83000000;413;EXCHANGE_LAST;;1;1;XEUR;11286679;688;
08.01.2025;15:55:34.858;FGBL SI 20250306 PS;SIMPLE_INSTRUMENT;EFS;EUR;154;131.81000000;141;EXCHANGE_LAST;;1;1;XEUR;11286679;688;
08.01.2025;15:57:49.104;FGBL SI 20250306 PS;SIMPLE_INSTRUMENT;EFS;EUR;155;131.83000000;413;EXCHANGE_LAST;;1;1;XEUR;11286679;688;
08.01.2025;16:00:02.090;FGBL SI 20250306 PS;SIMPLE_INSTRUMENT;EFS;EUR;156;131.78000000;413;EXCHANGE_LAST;;1;1;XEUR;11286679;688;
08.01.2025;16:00:50.697;FGBL SI 20250306 PS;SIMPLE_INSTRUMENT;EFS;EUR;157;131.75000000;413;EXCHANGE_LAST;;1;1;XEUR;11286679;688;
08.01.2025;16:02:47.233;FGBL SI 20250306 PS;SIMPLE_INSTRUMENT;EFS;EUR;158;131.78000000;413;EXCHANGE_LAST;;1;1;XEUR;11286679;688;
08.01.2025;16:05:50.734;FGBL SI 20250306 PS;SIMPLE_INSTRUMENT;EFS;EUR;159;131.74000000;1000;EXCHANGE_LAST;;1;1;XEUR;11286679;688;
08.01.2025;16:08:52.939;FGBL SI 20250306 PS;SIMPLE_INSTRUMENT;EFP_FIN;EUR;160;131.51000000;371;EXCHANGE_LAST;;1;1;XEUR;11286679;688;
08.01.2025;16:13:22.640;FGBL SI 20250306 PS;SIMPLE_INSTRUMENT;EFS;EUR;161;131.74000000;413;EXCHANGE_LAST;;1;1;XEUR;11286679;688;
08.01.2025;16:16:48.672;FGBL SI 20250306 PS;SIMPLE_INSTRUMENT;EFS;EUR;162;131.73000000;474;EXCHANGE_LAST;;1;1;XEUR;11286679;688;
08.01.2025;16:16:37.771;FGBL SI 20250306 PS;SIMPLE_INSTRUMENT;EFS;EUR;163;131.73000000;413;EXCHANGE_LAST;;1;1;XEUR;11286679;688;
08.01.2025;16:16:47.782;FGBL SI 20250306 PS;SIMPLE_INSTRUMENT;EFS;EUR;164;131.71000000;413;EXCHANGE_LAST;;1;1;XEUR;11286679;688;
08.01.2025;16:19:12.882;FGBL SI 20250306 PS;SIMPLE_INSTRUMENT;EFS;EUR;165;131.72000000;413;EXCHANGE_LAST;;1;1;XEUR;11286679;688;
08.01.2025;16:24:13.977;FGBL SI 20250306 PS;SIMPLE_INSTRUMENT;EFS;EUR;166;131.72000000;413;EXCHANGE_LAST;;1;1;XEUR;11286679;688;
08.01.2025;16:25:01.551;FGBL SI 20250306 PS;SIMPLE_INSTRUMENT;EFS;EUR;167;131.72000000;413;EXCHANGE_LAST;;1;1;XEUR;11286679;688;
08.01.2025;16:26:32.148;FGBL SI 20250306 PS;SIMPLE_INSTRUMENT;EFS;EUR;168;131.72000000;413;EXCHANGE_LAST;;1;1;XEUR;11286679;688;
08.01.2025;16:35:23.646;FGBL SI 20250306 PS;SIMPLE_INSTRUMENT;EFS;EUR;169;131.60000000;946;EXCHANGE_LAST;;1;1;XEUR;11286679;688;
08.01.2025;16:35:40.399;FGBL SI 20250306 PS;SIMPLE_INSTRUMENT;EFS;EUR;170;131.73000000;413;EXCHANGE_LAST;;1;1;XEUR;11286679;688;
08.01.2025;16:36:18.775;FGBL SI 20250306 PS;SIMPLE_INSTRUMENT;EFS;EUR;171;131.58000000;207;EXCHANGE_LAST;;1;1;XEUR;11286679;688;
08.01.2025;16:37:46.614;FGBL SI 20250306 PS;SIMPLE_INSTRUMENT;EFP_FIN;EUR;172;131.72000000;1092;EXCHANGE_LAST;;1;1;XEUR;11286679;688;
08.01.2025;16:37:56.175;FGBL SI 20250306 PS;SIMPLE_INSTRUMENT;EFS;EUR;173;131.56000000;413;EXCHANGE_LAST;;1;1;XEUR;11286679;688;
08.01.2025;16:41:15.979;FGBL SI 20250306 PS;SIMPLE_INSTRUMENT;EFS;EUR;174;131.61000000;207;EXCHANGE_LAST;;1;1;XEUR;11286679;688;
08.01.2025;16:41:25.013;FGBL SI 20250306 PS;SIMPLE_INSTRUMENT;EFS;EUR;175;131.60000000;231;EXCHANGE_LAST;;1;1;XEUR;11286679;688;
08.01.2025;16:42:40.169;FGBL SI 20250306 PS;SIMPLE_INSTRUMENT;EFS;EUR;176;131.60000000;207;EXCHANGE_LAST;;1;1;XEUR;11286679;688;
08.01.2025;16:44:54.410;FGBL SI 20250306 PS;SIMPLE_INSTRUMENT;EFS;EUR;177;131.60000000;206;EXCHANGE_LAST;;1;1;XEUR;11286679;688;
08.01.2025;16:46:10.878;FGBL SI 20250306 PS;SIMPLE_INSTRUMENT;EFS;EUR;178;131.58000000;475;EXCHANGE_LAST;;1;1;XEUR;11286679;688;
08.01.2025;16:47:36.939;FGBL SI 20250306 PS;SIMPLE_INSTRUMENT;EFS;EUR;179;131.60000000;206;EXCHANGE_LAST;;1;1;XEUR;11286679;688;
08.01.2025;16:51:20.564;FGBL SI 20250306 PS;SIMPLE_INSTRUMENT;EFS;EUR;180;131.59000000;2000;EXCHANGE_LAST;;1;1;XEUR;11286679;688;
08.01.2025;16:57:21.427;FGBL SI 20250306 PS;SIMPLE_INSTRUMENT;EFS;EUR;181;131.51000000;207;EXCHANGE_LAST;;1;1;XEUR;11286679;688;
08.01.2025;16:58:19.669;FGBL SI 20250306 PS;SIMPLE_INSTRUMENT;EFS;EUR;182;131.51000000;413;EXCHANGE_LAST;;1;1;XEUR;11286679;688;
08.01.2025;17:02:54.387;FGBL SI 20250306 PS;SIMPLE_INSTRUMENT;EFS;EUR;183;131.57000000;413;EXCHANGE_LAST;;1;1;XEUR;11286679;688;
08.01.2025;17:04:55.661;FGBL SI 20250306 PS;SIMPLE_INSTRUMENT;EFS;EUR;184;131.59000000;206;EXCHANGE_LAST;;1;1;XEUR;11286679;688;
08.01.2025;18:25:48.566;FGBL SI 20250306 PS;SIMPLE_INSTRUMENT;EFP_FIN;EUR;185;131.63000000;234;EXCHANGE_LAST;;1;1;XEUR;11286679;688;
08.01.2025;11:38:46.269;FGBL SI 20250306 PS;SIMPLE_INSTRUMENT;VOLA;EUR;268435493;131.78000000;8;EXCHANGE_LAST;;1;1;XEUR;11286679;688;
08.01.2025;11:39:32.801;FGBL SI 20250306 PS;SIMPLE_INSTRUMENT;VOLA;EUR;268435494;131.74000000;22;EXCHANGE_LAST;;1;1;XEUR;11286679;688;
08.01.2025;11:58:54.501;FGBL SI 20250306 PS;SIMPLE_INSTRUMENT;VOLA;EUR;268435498;131.78000000;10;EXCHANGE_LAST;;1;1;XEUR;11286679;688;
08.01.2025;12:12:47.627;FGBL SI 20250306 PS;SIMPLE_INSTRUMENT;VOLA;EUR;268435505;131.74000000;72;EXCHANGE_LAST;;1;1;XEUR;11286679;688;
08.01.2025;12:22:11.081;FGBL SI 20250306 PS;SIMPLE_INSTRUMENT;VOLA;EUR;268435512;131.55000000;60;EXCHANGE_LAST;;1;1;XEUR;11286679;688;
08.01.2025;12:27:55.776;FGBL SI 20250306 PS;SIMPLE_INSTRUMENT;VOLA;EUR;268435514;132.00000000;508;EXCHANGE_LAST;;1;1;XEUR;11286679;688;
08.01.2025;12:46:26.082;FGBL SI 20250306 PS;SIMPLE_INSTRUMENT;VOLA;EUR;268435524;131.52000000;50;EXCHANGE_LAST;;1;1;XEUR;11286679;688;
08.01.2025;12:46:27.268;FGBL SI 20250306 PS;SIMPLE_INSTRUMENT;VOLA;EUR;268435525;131.52000000;50;EXCHANGE_LAST;;1;1;XEUR;11286679;688;
08.01.2025;12:50:02.286;FGBL SI 20250306 PS;SIMPLE_INSTRUMENT;VOLA;EUR;268435528;131.55000000;20;EXCHANGE_LAST;;1;1;XEUR;11286679;688;
08.01.2025;12:50:03.203;FGBL SI 20250306 PS;SIMPLE_INSTRUMENT;VOLA;EUR;268435529;131.55000000;20;EXCHANGE_LAST;;1;1;XEUR;11286679;688;
08.01.2025;13:11:31.712;FGBL SI 20250306 PS;SIMPLE_INSTRUMENT;VOLA;EUR;268435541;131.64000000;32;EXCHANGE_LAST;;1;1;XEUR;11286679;688;
08.01.2025;13:12:05.716;FGBL SI 20250306 PS;SIMPLE_INSTRUMENT;VOLA;EUR;268435542;131.64000000;33;EXCHANGE_LAST;;1;1;XEUR;11286679;688;
08.01.2025;13:15:48.747;FGBL SI 20250306 PS;SIMPLE_INSTRUMENT;VOLA;EUR;268435545;131.58000000;81;EXCHANGE_LAST;;1;1;XEUR;11286679;688;
08.01.2025;14:50:46.731;FGBL SI 20250306 PS;SIMPLE_INSTRUMENT;VOLA;EUR;268435570;131.55000000;35;EXCHANGE_LAST;;1;1;XEUR;11286679;688;
08.01.2025;15:32:09.888;FGBL SI 20250306 PS;SIMPLE_INSTRUMENT;VOLA;EUR;268435579;131.76000000;78;EXCHANGE_LAST;;1;1;XEUR;11286679;688;
08.01.2025;15:54:39.350;FGBL SI 20250306 PS;SIMPLE_INSTRUMENT;VOLA;EUR;268435586;131.81000000;33;EXCHANGE_LAST;;1;1;XEUR;11286679;688;
08.01.2025;08:09:46.548;FGBM SI 20250306 PS;SIMPLE_INSTRUMENT;EFS;EUR;1;117.18000000;991;EXCHANGE_LAST;;1;1;XEUR;11286680;689;
08.01.2025;08:18:33.982;FGBM SI 20250306 PS;SIMPLE_INSTRUMENT;EFS;EUR;2;117.18000000;901;EXCHANGE_LAST;;1;1;XEUR;11286680;689;
08.01.2025;08:21:03.050;FGBM SI 20250306 PS;SIMPLE_INSTRUMENT;EFS;EUR;3;117.15000000;397;EXCHANGE_LAST;;1;1;XEUR;11286680;689;
08.01.2025;08:28:06.831;FGBM SI 20250306 PS;SIMPLE_INSTRUMENT;EFS;EUR;4;117.16000000;900;EXCHANGE_LAST;;1;1;XEUR;11286680;689;
08.01.2025;08:29:30.719;FGBM SI 20250306 PS;SIMPLE_INSTRUMENT;EFS;EUR;5;117.16000000;900;EXCHANGE_LAST;;1;1;XEUR;11286680;689;
08.01.2025;08:32:05.097;FGBM SI 20250306 PS;SIMPLE_INSTRUMENT;EFS;EUR;6;117.18000000;828;EXCHANGE_LAST;;1;1;XEUR;11286680;689;
08.01.2025;08:56:19.977;FGBM SI 20250306 PS;SIMPLE_INSTRUMENT;EFS;EUR;7;117.16000000;849;EXCHANGE_LAST;;1;1;XEUR;11286680;689;
08.01.2025;09:03:36.565;FGBM SI 20250306 PS;SIMPLE_INSTRUMENT;EFS;EUR;8;117.17000000;902;EXCHANGE_LAST;;1;1;XEUR;11286680;689;
08.01.2025;09:07:41.631;FGBM SI 20250306 PS;SIMPLE_INSTRUMENT;EFS;EUR;9;117.15000000;500;EXCHANGE_LAST;;1;1;XEUR;11286680;689;
08.01.2025;09:24:19.518;FGBM SI 20250306 PS;SIMPLE_INSTRUMENT;EFS;EUR;10;117.15000000;902;EXCHANGE_LAST;;1;1;XEUR;11286680;689;
08.01.2025;09:24:44.534;FGBM SI 20250306 PS;SIMPLE_INSTRUMENT;EFS;EUR;11;117.15000000;902;EXCHANGE_LAST;;1;1;XEUR;11286680;689;
08.01.2025;09:26:32.196;FGBM SI 20250306 PS;SIMPLE_INSTRUMENT;EFS;EUR;12;117.13000000;1984;EXCHANGE_LAST;;1;1;XEUR;11286680;689;
08.01.2025;09:31:59.514;FGBM SI 20250306 PS;SIMPLE_INSTRUMENT;EFS;EUR;13;117.12000000;850;EXCHANGE_LAST;;1;1;XEUR;11286680;689;
08.01.2025;09:33:18.631;FGBM SI 20250306 PS;SIMPLE_INSTRUMENT;EFS;EUR;14;117.13000000;850;EXCHANGE_LAST;;1;1;XEUR;11286680;689;
08.01.2025;09:37:06.986;FGBM SI 20250306 PS;SIMPLE_INSTRUMENT;EFS;EUR;15;117.13000000;451;EXCHANGE_LAST;;1;1;XEUR;11286680;689;
08.01.2025;09:45:12.243;FGBM SI 20250306 PS;SIMPLE_INSTRUMENT;EFP_FIN;EUR;16;117.12000000;599;EXCHANGE_LAST;;1;1;XEUR;11286680;689;
08.01.2025;09:59:21.437;FGBM SI 20250306 PS;SIMPLE_INSTRUMENT;EFS;EUR;17;117.15000000;496;EXCHANGE_LAST;;1;1;XEUR;11286680;689;
08.01.2025;09:59:37.739;FGBM SI 20250306 PS;SIMPLE_INSTRUMENT;EFS;EUR;18;117.14000000;200;EXCHANGE_LAST;;1;1;XEUR;11286680;689;
08.01.2025;10:00:15.039;FGBM SI 20250306 PS;SIMPLE_INSTRUMENT;EFS;EUR;19;117.15000000;769;EXCHANGE_LAST;;1;1;XEUR;11286680;689;
08.01.2025;10:05:54.626;FGBM SI 20250306 PS;SIMPLE_INSTRUMENT;EFP_FIN;EUR;20;117.13000000;455;EXCHANGE_LAST;;1;1;XEUR;11286680;689;
08.01.2025;10:10:20.013;FGBM SI 20250306 PS;SIMPLE_INSTRUMENT;EFS;EUR;21;117.12000000;1922;EXCHANGE_LAST;;1;1;XEUR;11286680;689;
08.01.2025;10:18:51.952;FGBM SI 20250306 PS;SIMPLE_INSTRUMENT;EFS;EUR;22;117.14000000;496;EXCHANGE_LAST;;1;1;XEUR;11286680;689;
08.01.2025;10:31:51.946;FGBM SI 20250306 PS;SIMPLE_INSTRUMENT;EFS;EUR;23;117.13000000;675;EXCHANGE_LAST;;1;1;XEUR;11286680;689;
08.01.2025;10:40:27.358;FGBM SI 20250306 PS;SIMPLE_INSTRUMENT;EFS;EUR;24;117.14000000;486;EXCHANGE_LAST;;1;1;XEUR;11286680;689;
08.01.2025;10:42:24.242;FGBM SI 20250306 PS;SIMPLE_INSTRUMENT;EFS;EUR;25;117.13000000;769;EXCHANGE_LAST;;1;1;XEUR;11286680;689;
08.01.2025;10:44:43.354;FGBM SI 20250306 PS;SIMPLE_INSTRUMENT;EFS;EUR;26;117.12000000;1530;EXCHANGE_LAST;;1;1;XEUR;11286680;689;
08.01.2025;10:53:53.814;FGBM SI 20250306 PS;SIMPLE_INSTRUMENT;EFS;EUR;27;117.08000000;902;EXCHANGE_LAST;;1;1;XEUR;11286680;689;
08.01.2025;10:54:15.084;FGBM SI 20250306 PS;SIMPLE_INSTRUMENT;EFS;EUR;28;117.12000000;3719;EXCHANGE_LAST;;1;1;XEUR;11286680;689;
08.01.2025;10:59:48.787;FGBM SI 20250306 PS;SIMPLE_INSTRUMENT;EFS;EUR;29;117.07000000;450;EXCHANGE_LAST;;1;1;XEUR;11286680;689;
08.01.2025;11:00:40.093;FGBM SI 20250306 PS;SIMPLE_INSTRUMENT;EFS;EUR;30;117.07000000;450;EXCHANGE_LAST;;1;1;XEUR;11286680;689;
08.01.2025;11:05:44.247;FGBM SI 20250306 PS;SIMPLE_INSTRUMENT;EFS;EUR;31;117.06000000;902;EXCHANGE_LAST;;1;1;XEUR;11286680;689;
08.01.2025;11:16:46.979;FGBM SI 20250306 PS;SIMPLE_INSTRUMENT;EFS;EUR;32;117.04000000;425;EXCHANGE_LAST;;1;1;XEUR;11286680;689;
08.01.2025;11:25:01.522;FGBM SI 20250306 PS;SIMPLE_INSTRUMENT;EFP_FIN;EUR;33;117.11000000;225;EXCHANGE_LAST;;1;1;XEUR;11286680;689;
08.01.2025;11:28:02.237;FGBM SI 20250306 PS;SIMPLE_INSTRUMENT;EFP_FIN;EUR;34;117.11000000;452;EXCHANGE_LAST;;1;1;XEUR;11286680;689;
08.01.2025;12:00:34.551;FGBM SI 20250306 PS;SIMPLE_INSTRUMENT;EFS;EUR;35;117.03000000;339;EXCHANGE_LAST;;1;1;XEUR;11286680;689;
08.01.2025;12:34:32.705;FGBM SI 20250306 PS;SIMPLE_INSTRUMENT;EFS;EUR;36;116.92000000;1805;EXCHANGE_LAST;;1;1;XEUR;11286680;689;
08.01.2025;12:52:43.575;FGBM SI 20250306 PS;SIMPLE_INSTRUMENT;EFP_FIN;EUR;37;116.95000000;552;EXCHANGE_LAST;;1;1;XEUR;11286680;689;
08.01.2025;12:52:16.486;FGBM SI 20250306 PS;SIMPLE_INSTRUMENT;EFS;EUR;38;116.95000000;483;EXCHANGE_LAST;;1;1;XEUR;11286680;689;
08.01.2025;12:58:55.828;FGBM SI 20250306 PS;SIMPLE_INSTRUMENT;EFS;EUR;39;116.98000000;903;EXCHANGE_LAST;;1;1;XEUR;11286680;689;
08.01.2025;13:00:32.864;FGBM SI 20250306 PS;SIMPLE_INSTRUMENT;EFP_FIN;EUR;40;116.97000000;522;EXCHANGE_LAST;;1;1;XEUR;11286680;689;
08.01.2025;13:01:50.045;FGBM SI 20250306 PS;SIMPLE_INSTRUMENT;EFP_FIN;EUR;41;116.96000000;1726;EXCHANGE_LAST;;1;1;XEUR;11286680;689;
08.01.2025;13:05:31.096;FGBM SI 20250306 PS;SIMPLE_INSTRUMENT;EFS;EUR;42;117.01000000;851;EXCHANGE_LAST;;1;1;XEUR;11286680;689;
08.01.2025;13:05:37.168;FGBM SI 20250306 PS;SIMPLE_INSTRUMENT;EFP_FIN;EUR;43;116.96000000;863;EXCHANGE_LAST;;1;1;XEUR;11286680;689;
08.01.2025;13:05:51.159;FGBM SI 20250306 PS;SIMPLE_INSTRUMENT;EFS;EUR;44;117.01000000;3403;EXCHANGE_LAST;;1;1;XEUR;11286680;689;
08.01.2025;13:05:51.249;FGBM SI 20250306 PS;SIMPLE_INSTRUMENT;EFS;EUR;45;117.01000000;1702;EXCHANGE_LAST;;1;1;XEUR;11286680;689;
08.01.2025;13:08:06.210;FGBM SI 20250306 PS;SIMPLE_INSTRUMENT;EFS;EUR;46;117.01000000;851;EXCHANGE_LAST;;1;1;XEUR;11286680;689;
08.01.2025;13:12:57.154;FGBM SI 20250306 PS;SIMPLE_INSTRUMENT;EFS;EUR;47;117.00000000;2975;EXCHANGE_LAST;;1;1;XEUR;11286680;689;
08.01.2025;13:48:32.620;FGBM SI 20250306 PS;SIMPLE_INSTRUMENT;EFS;EUR;48;116.96000000;1928;EXCHANGE_LAST;;1;1;XEUR;11286680;689;
08.01.2025;13:51:50.678;FGBM SI 20250306 PS;SIMPLE_INSTRUMENT;EFS;EUR;49;116.94000000;1730;EXCHANGE_LAST;;1;1;XEUR;11286680;689;
08.01.2025;13:54:25.253;FGBM SI 20250306 PS;SIMPLE_INSTRUMENT;EFS;EUR;50;117.00000000;2975;EXCHANGE_LAST;;1;1;XEUR;11286680;689;
08.01.2025;13:55:30.408;FGBM SI 20250306 PS;SIMPLE_INSTRUMENT;EFS;EUR;51;116.97000000;963;EXCHANGE_LAST;;1;1;XEUR;11286680;689;
08.01.2025;13:58:13.336;FGBM SI 20250306 PS;SIMPLE_INSTRUMENT;EFS;EUR;52;116.97000000;901;EXCHANGE_LAST;;1;1;XEUR;11286680;689;
08.01.2025;13:59:29.606;FGBM SI 20250306 PS;SIMPLE_INSTRUMENT;EFS;EUR;53;117.06000000;2885;EXCHANGE_LAST;;1;1;XEUR;11286680;689;
08.01.2025;14:03:15.450;FGBM SI 20250306 PS;SIMPLE_INSTRUMENT;EFS;EUR;54;117.03000000;902;EXCHANGE_LAST;;1;1;XEUR;11286680;689;
08.01.2025;14:04:25.902;FGBM SI 20250306 PS;SIMPLE_INSTRUMENT;EFS;EUR;55;116.98000000;901;EXCHANGE_LAST;;1;1;XEUR;11286680;689;
08.01.2025;14:04:48.093;FGBM SI 20250306 PS;SIMPLE_INSTRUMENT;EFS;EUR;56;116.96000000;1873;EXCHANGE_LAST;;1;1;XEUR;11286680;689;
08.01.2025;14:06:35.575;FGBM SI 20250306 PS;SIMPLE_INSTRUMENT;EFS;EUR;57;117.02000000;902;EXCHANGE_LAST;;1;1;XEUR;11286680;689;
08.01.2025;14:07:51.121;FGBM SI 20250306 PS;SIMPLE_INSTRUMENT;EFS;EUR;58;117.03000000;2975;EXCHANGE_LAST;;1;1;XEUR;11286680;689;
08.01.2025;14:08:32.585;FGBM SI 20250306 PS;SIMPLE_INSTRUMENT;EFP_FIN;EUR;59;116.98000000;356;EXCHANGE_LAST;;1;1;XEUR;11286680;689;
08.01.2025;14:08:35.652;FGBM SI 20250306 PS;SIMPLE_INSTRUMENT;EFS;EUR;60;117.03000000;902;EXCHANGE_LAST;;1;1;XEUR;11286680;689;
08.01.2025;14:10:51.893;FGBM SI 20250306 PS;SIMPLE_INSTRUMENT;EFP_FIN;EUR;61;116.98000000;107;EXCHANGE_LAST;;1;1;XEUR;11286680;689;
08.01.2025;14:11:12.717;FGBM SI 20250306 PS;SIMPLE_INSTRUMENT;EFP_FIN;EUR;62;116.97000000;120;EXCHANGE_LAST;;1;1;XEUR;11286680;689;
08.01.2025;14:11:46.794;FGBM SI 20250306 PS;SIMPLE_INSTRUMENT;EFS;EUR;63;117.03000000;1702;EXCHANGE_LAST;;1;1;XEUR;11286680;689;
08.01.2025;14:12:31.696;FGBM SI 20250306 PS;SIMPLE_INSTRUMENT;EFS;EUR;64;117.02000000;901;EXCHANGE_LAST;;1;1;XEUR;11286680;689;
08.01.2025;14:14:29.631;FGBM SI 20250306 PS;SIMPLE_INSTRUMENT;EFS;EUR;65;117.01000000;901;EXCHANGE_LAST;;1;1;XEUR;11286680;689;
08.01.2025;14:16:09.999;FGBM SI 20250306 PS;SIMPLE_INSTRUMENT;EFS;EUR;66;117.02000000;901;EXCHANGE_LAST;;1;1;XEUR;11286680;689;
08.01.2025;14:27:19.771;FGBM SI 20250306 PS;SIMPLE_INSTRUMENT;EFP_FIN;EUR;67;117.00000000;2887;EXCHANGE_LAST;;1;1;XEUR;11286680;689;
08.01.2025;14:29:22.783;FGBM SI 20250306 PS;SIMPLE_INSTRUMENT;EFS;EUR;68;116.97000000;902;EXCHANGE_LAST;;1;1;XEUR;11286680;689;
08.01.2025;14:35:24.738;FGBM SI 20250306 PS;SIMPLE_INSTRUMENT;EFS;EUR;69;116.98000000;901;EXCHANGE_LAST;;1;1;XEUR;11286680;689;
08.01.2025;14:37:38.871;FGBM SI 20250306 PS;SIMPLE_INSTRUMENT;EFS;EUR;70;116.97000000;450;EXCHANGE_LAST;;1;1;XEUR;11286680;689;
08.01.2025;14:39:10.929;FGBM SI 20250306 PS;SIMPLE_INSTRUMENT;EFS;EUR;71;116.99000000;450;EXCHANGE_LAST;;1;1;XEUR;11286680;689;
08.01.2025;14:48:15.184;FGBM SI 20250306 PS;SIMPLE_INSTRUMENT;EFP_FIN;EUR;72;116.98000000;302;EXCHANGE_LAST;;1;1;XEUR;11286680;689;
08.01.2025;14:49:37.784;FGBM SI 20250306 PS;SIMPLE_INSTRUMENT;EFP_FIN;EUR;73;116.98000000;431;EXCHANGE_LAST;;1;1;XEUR;11286680;689;
08.01.2025;14:52:01.021;FGBM SI 20250306 PS;SIMPLE_INSTRUMENT;EFP_FIN;EUR;74;116.96000000;415;EXCHANGE_LAST;;1;1;XEUR;11286680;689;
08.01.2025;14:52:27.050;FGBM SI 20250306 PS;SIMPLE_INSTRUMENT;EFS;EUR;75;117.03000000;451;EXCHANGE_LAST;;1;1;XEUR;11286680;689;
08.01.2025;14:54:13.452;FGBM SI 20250306 PS;SIMPLE_INSTRUMENT;EFS;EUR;76;117.00000000;2000;EXCHANGE_LAST;;1;1;XEUR;11286680;689;
08.01.2025;14:58:08.415;FGBM SI 20250306 PS;SIMPLE_INSTRUMENT;EFS;EUR;77;117.04000000;504;EXCHANGE_LAST;;1;1;XEUR;11286680;689;
08.01.2025;15:00:26.954;FGBM SI 20250306 PS;SIMPLE_INSTRUMENT;EFS;EUR;79;117.00000000;965;EXCHANGE_LAST;;1;1;XEUR;11286680;689;
08.01.2025;15:03:40.914;FGBM SI 20250306 PS;SIMPLE_INSTRUMENT;EFS;EUR;80;117.03000000;902;EXCHANGE_LAST;;1;1;XEUR;11286680;689;
08.01.2025;15:03:55.934;FGBM SI 20250306 PS;SIMPLE_INSTRUMENT;EFS;EUR;81;117.03000000;902;EXCHANGE_LAST;;1;1;XEUR;11286680;689;
08.01.2025;15:05:49.143;FGBM SI 20250306 PS;SIMPLE_INSTRUMENT;EFP_FIN;EUR;82;117.02000000;555;EXCHANGE_LAST;;1;1;XEUR;11286680;689;
08.01.2025;15:10:02.789;FGBM SI 20250306 PS;SIMPLE_INSTRUMENT;EFS;EUR;83;117.04000000;964;EXCHANGE_LAST;;1;1;XEUR;11286680;689;
08.01.2025;15:24:09.727;FGBM SI 20250306 PS;SIMPLE_INSTRUMENT;EFP_FIN;EUR;84;117.11000000;370;EXCHANGE_LAST;;1;1;XEUR;11286680;689;
08.01.2025;15:25:41.695;FGBM SI 20250306 PS;SIMPLE_INSTRUMENT;EFS;EUR;85;117.10000000;482;EXCHANGE_LAST;;1;1;XEUR;11286680;689;
08.01.2025;15:25:59.110;FGBM SI 20250306 PS;SIMPLE_INSTRUMENT;EFS;EUR;86;117.10000000;482;EXCHANGE_LAST;;1;1;XEUR;11286680;689;
08.01.2025;15:26:09.861;FGBM SI 20250306 PS;SIMPLE_INSTRUMENT;EFS;EUR;87;117.07000000;2000;EXCHANGE_LAST;;1;1;XEUR;11286680;689;
08.01.2025;15:26:18.013;FGBM SI 20250306 PS;SIMPLE_INSTRUMENT;EFS;EUR;88;117.07000000;900;EXCHANGE_LAST;;1;1;XEUR;11286680;689;
08.01.2025;15:28:25.191;FGBM SI 20250306 PS;SIMPLE_INSTRUMENT;EFS;EUR;89;117.09000000;1352;EXCHANGE_LAST;;1;1;XEUR;11286680;689;
08.01.2025;15:28:53.470;FGBM SI 20250306 PS;SIMPLE_INSTRUMENT;EFS;EUR;90;117.08000000;900;EXCHANGE_LAST;;1;1;XEUR;11286680;689;
08.01.2025;15:31:11.038;FGBM SI 20250306 PS;SIMPLE_INSTRUMENT;EFS;EUR;91;117.07000000;451;EXCHANGE_LAST;;1;1;XEUR;11286680;689;
08.01.2025;15:32:29.669;FGBM SI 20250306 PS;SIMPLE_INSTRUMENT;EFS;EUR;92;117.07000000;451;EXCHANGE_LAST;;1;1;XEUR;11286680;689;
08.01.2025;15:33:03.053;FGBM SI 20250306 PS;SIMPLE_INSTRUMENT;EFS;EUR;93;117.09000000;900;EXCHANGE_LAST;;1;1;XEUR;11286680;689;
08.01.2025;15:40:10.152;FGBM SI 20250306 PS;SIMPLE_INSTRUMENT;EFS;EUR;94;117.10000000;902;EXCHANGE_LAST;;1;1;XEUR;11286680;689;
08.01.2025;15:43:01.605;FGBM SI 20250306 PS;SIMPLE_INSTRUMENT;EFS;EUR;95;117.10000000;849;EXCHANGE_LAST;;1;1;XEUR;11286680;689;
08.01.2025;15:43:35.371;FGBM SI 20250306 PS;SIMPLE_INSTRUMENT;EFS;EUR;96;117.14000000;902;EXCHANGE_LAST;;1;1;XEUR;11286680;689;
08.01.2025;15:44:15.409;FGBM SI 20250306 PS;SIMPLE_INSTRUMENT;EFS;EUR;97;117.14000000;902;EXCHANGE_LAST;;1;1;XEUR;11286680;689;
08.01.2025;15:49:37.022;FGBM SI 20250306 PS;SIMPLE_INSTRUMENT;EFS;EUR;98;117.10000000;1984;EXCHANGE_LAST;;1;1;XEUR;11286680;689;
08.01.2025;16:10:12.419;FGBM SI 20250306 PS;SIMPLE_INSTRUMENT;EFP_FIN;EUR;99;117.09000000;261;EXCHANGE_LAST;;1;1;XEUR;11286680;689;
08.01.2025;16:14:57.526;FGBM SI 20250306 PS;SIMPLE_INSTRUMENT;EFS;EUR;100;117.09000000;3733;EXCHANGE_LAST;;1;1;XEUR;11286680;689;
08.01.2025;16:21:09.269;FGBM SI 20250306 PS;SIMPLE_INSTRUMENT;EFS;EUR;101;117.09000000;900;EXCHANGE_LAST;;1;1;XEUR;11286680;689;
08.01.2025;16:22:05.497;FGBM SI 20250306 PS;SIMPLE_INSTRUMENT;EFS;EUR;102;117.10000000;900;EXCHANGE_LAST;;1;1;XEUR;11286680;689;
08.01.2025;16:28:52.474;FGBM SI 20250306 PS;SIMPLE_INSTRUMENT;EFP_FIN;EUR;103;117.09000000;308;EXCHANGE_LAST;;1;1;XEUR;11286680;689;
08.01.2025;16:32:14.430;FGBM SI 20250306 PS;SIMPLE_INSTRUMENT;EFS;EUR;104;117.00000000;451;EXCHANGE_LAST;;1;1;XEUR;11286680;689;
08.01.2025;16:37:46.635;FGBM SI 20250306 PS;SIMPLE_INSTRUMENT;EFP_FIN;EUR;105;117.09000000;1725;EXCHANGE_LAST;;1;1;XEUR;11286680;689;
08.01.2025;16:39:13.129;FGBM SI 20250306 PS;SIMPLE_INSTRUMENT;EFS;EUR;106;117.03000000;901;EXCHANGE_LAST;;1;1;XEUR;11286680;689;
08.01.2025;16:41:14.977;FGBM SI 20250306 PS;SIMPLE_INSTRUMENT;EFS;EUR;107;117.03000000;425;EXCHANGE_LAST;;1;1;XEUR;11286680;689;
08.01.2025;16:49:59.411;FGBM SI 20250306 PS;SIMPLE_INSTRUMENT;EFS;EUR;108;117.04000000;700;EXCHANGE_LAST;;1;1;XEUR;11286680;689;
08.01.2025;16:50:45.479;FGBM SI 20250306 PS;SIMPLE_INSTRUMENT;EFS;EUR;109;117.00000000;450;EXCHANGE_LAST;;1;1;XEUR;11286680;689;
08.01.2025;16:55:10.283;FGBM SI 20250306 PS;SIMPLE_INSTRUMENT;EFS;EUR;111;117.10000000;192;EXCHANGE_LAST;;1;1;XEUR;11286680;689;
08.01.2025;16:54:33.106;FGBM SI 20250306 PS;SIMPLE_INSTRUMENT;EFS;EUR;112;117.00000000;450;EXCHANGE_LAST;;1;1;XEUR;11286680;689;
08.01.2025;16:59:30.476;FGBM SI 20250306 PS;SIMPLE_INSTRUMENT;EFS;EUR;113;117.01000000;849;EXCHANGE_LAST;;1;1;XEUR;11286680;689;
08.01.2025;17:16:11.863;FGBM SI 20250306 PS;SIMPLE_INSTRUMENT;EFS;EUR;114;117.01000000;497;EXCHANGE_LAST;;1;1;XEUR;11286680;689;
08.01.2025;12:58:12.759;FGBM SI 20250306 PS;SIMPLE_INSTRUMENT;VOLA;EUR;268435533;116.94000000;220;EXCHANGE_LAST;;1;1;XEUR;11286680;689;
08.01.2025;14:29:39.539;FGBM SI 20250306 PS;SIMPLE_INSTRUMENT;VOLA;EUR;268435558;116.99000000;32;EXCHANGE_LAST;;1;1;XEUR;11286680;689;
08.01.2025;08:23:27.006;FGBS SI 20250306 PS;SIMPLE_INSTRUMENT;EFP_FIN;EUR;1;106.75500000;833;EXCHANGE_LAST;;1;1;XEUR;11286681;690;
08.01.2025;09:05:36.389;FGBS SI 20250306 PS;SIMPLE_INSTRUMENT;EFP_FIN;EUR;2;106.73000000;6523;EXCHANGE_LAST;;1;1;XEUR;11286681;690;
08.01.2025;09:06:14.248;FGBS SI 20250306 PS;SIMPLE_INSTRUMENT;EFS;EUR;3;106.72500000;3805;EXCHANGE_LAST;;1;1;XEUR;11286681;690;
08.01.2025;09:28:14.512;FGBS SI 20250306 PS;SIMPLE_INSTRUMENT;EFP_FIN;EUR;4;106.73000000;467;EXCHANGE_LAST;;1;1;XEUR;11286681;690;
08.01.2025;10:27:48.799;FGBS SI 20250306 PS;SIMPLE_INSTRUMENT;EFP_FIN;EUR;5;106.73000000;1169;EXCHANGE_LAST;;1;1;XEUR;11286681;690;
08.01.2025;10:42:00.071;FGBS SI 20250306 PS;SIMPLE_INSTRUMENT;EFP_FIN;EUR;6;106.73000000;636;EXCHANGE_LAST;;1;1;XEUR;11286681;690;
08.01.2025;11:10:23.658;FGBS SI 20250306 PS;SIMPLE_INSTRUMENT;EFS;EUR;7;106.71000000;2743;EXCHANGE_LAST;;1;1;XEUR;11286681;690;
08.01.2025;11:11:32.558;FGBS SI 20250306 PS;SIMPLE_INSTRUMENT;EFS;EUR;8;106.71000000;1250;EXCHANGE_LAST;;1;1;XEUR;11286681;690;
08.01.2025;11:30:07.877;FGBS SI 20250306 PS;SIMPLE_INSTRUMENT;EFP_FIN;EUR;9;106.71000000;935;EXCHANGE_LAST;;1;1;XEUR;11286681;690;
08.01.2025;11:36:10.213;FGBS SI 20250306 PS;SIMPLE_INSTRUMENT;EFP_FIN;EUR;10;106.71000000;182;EXCHANGE_LAST;;1;1;XEUR;11286681;690;
08.01.2025;11:56:43.951;FGBS SI 20250306 PS;SIMPLE_INSTRUMENT;EFS;EUR;11;106.70000000;2744;EXCHANGE_LAST;;1;1;XEUR;11286681;690;
08.01.2025;12:29:06.826;FGBS SI 20250306 PS;SIMPLE_INSTRUMENT;EFP_FIN;EUR;12;106.71000000;668;EXCHANGE_LAST;;1;1;XEUR;11286681;690;
08.01.2025;12:40:44.934;FGBS SI 20250306 PS;SIMPLE_INSTRUMENT;EFS;EUR;13;106.67000000;5489;EXCHANGE_LAST;;1;1;XEUR;11286681;690;
08.01.2025;12:53:43.061;FGBS SI 20250306 PS;SIMPLE_INSTRUMENT;EFS;EUR;14;106.68500000;5334;EXCHANGE_LAST;;1;1;XEUR;11286681;690;
08.01.2025;13:15:38.281;FGBS SI 20250306 PS;SIMPLE_INSTRUMENT;EFP_FIN;EUR;15;106.69000000;468;EXCHANGE_LAST;;1;1;XEUR;11286681;690;
08.01.2025;13:28:21.970;FGBS SI 20250306 PS;SIMPLE_INSTRUMENT;EFS;EUR;16;106.70000000;1813;EXCHANGE_LAST;;1;1;XEUR;11286681;690;
08.01.2025;13:48:59.820;FGBS SI 20250306 PS;SIMPLE_INSTRUMENT;EFP_FIN;EUR;18;106.71500000;5047;EXCHANGE_LAST;;1;1;XEUR;11286681;690;
08.01.2025;14:00:58.037;FGBS SI 20250306 PS;SIMPLE_INSTRUMENT;EFP_FIN;EUR;20;106.70500000;833;EXCHANGE_LAST;;1;1;XEUR;11286681;690;
08.01.2025;14:02:59.758;FGBS SI 20250306 PS;SIMPLE_INSTRUMENT;EFS;EUR;21;106.70500000;1372;EXCHANGE_LAST;;1;1;XEUR;11286681;690;
08.01.2025;14:08:07.707;FGBS SI 20250306 PS;SIMPLE_INSTRUMENT;EFS;EUR;22;106.72000000;2742;EXCHANGE_LAST;;1;1;XEUR;11286681;690;
08.01.2025;14:10:34.152;FGBS SI 20250306 PS;SIMPLE_INSTRUMENT;EFP_FIN;EUR;23;106.70000000;834;EXCHANGE_LAST;;1;1;XEUR;11286681;690;
08.01.2025;14:42:25.447;FGBS SI 20250306 PS;SIMPLE_INSTRUMENT;EFS;EUR;24;106.70500000;2328;EXCHANGE_LAST;;1;1;XEUR;11286681;690;
08.01.2025;14:59:03.953;FGBS SI 20250306 PS;SIMPLE_INSTRUMENT;EFS;EUR;25;106.70000000;7999;EXCHANGE_LAST;;1;1;XEUR;11286681;690;
08.01.2025;14:52:59.845;FGBS SI 20250306 PS;SIMPLE_INSTRUMENT;EFS;EUR;26;106.71000000;7995;EXCHANGE_LAST;;1;1;XEUR;11286681;690;
08.01.2025;14:58:51.096;FGBS SI 20250306 PS;SIMPLE_INSTRUMENT;EFP_FIN;EUR;27;106.71000000;393;EXCHANGE_LAST;;1;1;XEUR;11286681;690;
08.01.2025;15:07:49.532;FGBS SI 20250306 PS;SIMPLE_INSTRUMENT;EFS;EUR;28;106.73000000;1371;EXCHANGE_LAST;;1;1;XEUR;11286681;690;
08.01.2025;15:10:02.810;FGBS SI 20250306 PS;SIMPLE_INSTRUMENT;EFS;EUR;29;106.72000000;2664;EXCHANGE_LAST;;1;1;XEUR;11286681;690;
08.01.2025;15:17:45.895;FGBS SI 20250306 PS;SIMPLE_INSTRUMENT;EFP_FIN;EUR;30;106.73000000;500;EXCHANGE_LAST;;1;1;XEUR;11286681;690;
08.01.2025;15:18:52.511;FGBS SI 20250306 PS;SIMPLE_INSTRUMENT;EFS;EUR;31;106.73000000;3977;EXCHANGE_LAST;;1;1;XEUR;11286681;690;
08.01.2025;15:27:37.980;FGBS SI 20250306 PS;SIMPLE_INSTRUMENT;EFS;EUR;32;106.73500000;2000;EXCHANGE_LAST;;1;1;XEUR;11286681;690;
08.01.2025;15:44:07.580;FGBS SI 20250306 PS;SIMPLE_INSTRUMENT;EFS;EUR;33;106.72000000;2633;EXCHANGE_LAST;;1;1;XEUR;11286681;690;
08.01.2025;15:45:10.593;FGBS SI 20250306 PS;SIMPLE_INSTRUMENT;EFP_FIN;EUR;34;106.73500000;639;EXCHANGE_LAST;;1;1;XEUR;11286681;690;
08.01.2025;16:10:27.429;FGBS SI 20250306 PS;SIMPLE_INSTRUMENT;EFP_FIN;EUR;35;106.73000000;334;EXCHANGE_LAST;;1;1;XEUR;11286681;690;
08.01.2025;16:18:41.187;FGBS SI 20250306 PS;SIMPLE_INSTRUMENT;EFP_FIN;EUR;36;106.73000000;418;EXCHANGE_LAST;;1;1;XEUR;11286681;690;
08.01.2025;16:19:02.992;FGBS SI 20250306 PS;SIMPLE_INSTRUMENT;EFP_FIN;EUR;37;106.73500000;1513;EXCHANGE_LAST;;1;1;XEUR;11286681;690;
08.01.2025;16:27:53.685;FGBS SI 20250306 PS;SIMPLE_INSTRUMENT;EFP_FIN;EUR;38;106.72500000;100;EXCHANGE_LAST;;1;1;XEUR;11286681;690;
08.01.2025;16:37:46.593;FGBS SI 20250306 PS;SIMPLE_INSTRUMENT;EFP_FIN;EUR;39;106.73000000;219;EXCHANGE_LAST;;1;1;XEUR;11286681;690;
08.01.2025;16:50:31.645;FGBS SI 20250306 PS;SIMPLE_INSTRUMENT;EFS;EUR;40;106.71000000;2743;EXCHANGE_LAST;;1;1;XEUR;11286681;690;
08.01.2025;12:36:24.222;FGBS SI 20250306 PS;SIMPLE_INSTRUMENT;VOLA;EUR;268435517;106.70000000;120;EXCHANGE_LAST;;1;1;XEUR;11286681;690;
08.01.2025;08:06:54.245;FGBX SI 20250306 PS;SIMPLE_INSTRUMENT;EFS;EUR;1;128.76000000;158;EXCHANGE_LAST;;1;1;XEUR;11286682;691;
08.01.2025;10:17:08.731;FGBX SI 20250306 PS;SIMPLE_INSTRUMENT;EFP_FIN;EUR;4;128.74000000;267;EXCHANGE_LAST;;1;1;XEUR;11286682;691;
08.01.2025;10:03:17.665;FGBX SI 20250306 PS;SIMPLE_INSTRUMENT;EFP_FIN;EUR;5;128.68000000;74;EXCHANGE_LAST;;1;1;XEUR;11286682;691;
08.01.2025;11:14:34.177;FGBX SI 20250306 PS;SIMPLE_INSTRUMENT;EFS;EUR;9;128.30000000;74;EXCHANGE_LAST;;1;1;XEUR;11286682;691;
08.01.2025;11:47:58.883;FGBX SI 20250306 PS;SIMPLE_INSTRUMENT;EFS;EUR;10;128.26000000;85;EXCHANGE_LAST;;1;1;XEUR;11286682;691;
08.01.2025;12:26:34.717;FGBX SI 20250306 PS;SIMPLE_INSTRUMENT;EFS;EUR;11;127.70000000;467;EXCHANGE_LAST;;1;1;XEUR;11286682;691;
08.01.2025;13:17:00.397;FGBX SI 20250306 PS;SIMPLE_INSTRUMENT;EFP_FIN;EUR;14;127.82000000;381;EXCHANGE_LAST;;1;1;XEUR;11286682;691;
08.01.2025;13:22:38.450;FGBX SI 20250306 PS;SIMPLE_INSTRUMENT;EFP_FIN;EUR;15;128.00000000;267;EXCHANGE_LAST;;1;1;XEUR;11286682;691;
08.01.2025;13:25:44.319;FGBX SI 20250306 PS;SIMPLE_INSTRUMENT;EFP_FIN;EUR;16;127.86000000;115;EXCHANGE_LAST;;1;1;XEUR;11286682;691;
08.01.2025;13:40:18.459;FGBX SI 20250306 PS;SIMPLE_INSTRUMENT;EFS;EUR;20;127.58000000;48;EXCHANGE_LAST;;1;1;XEUR;11286682;691;
08.01.2025;13:59:11.602;FGBX SI 20250306 PS;SIMPLE_INSTRUMENT;EFS;EUR;21;128.30000000;559;EXCHANGE_LAST;;1;1;XEUR;11286682;691;
08.01.2025;14:21:14.240;FGBX SI 20250306 PS;SIMPLE_INSTRUMENT;EFP_FIN;EUR;22;127.74000000;64;EXCHANGE_LAST;;1;1;XEUR;11286682;691;
08.01.2025;14:26:41.312;FGBX SI 20250306 PS;SIMPLE_INSTRUMENT;EFS;EUR;23;127.80000000;89;EXCHANGE_LAST;;1;1;XEUR;11286682;691;
08.01.2025;14:44:54.075;FGBX SI 20250306 PS;SIMPLE_INSTRUMENT;BLOCK;EUR;25;127.48000000;325;EXCHANGE_LAST;;1;1;XEUR;11286682;691;
08.01.2025;15:01:56.402;FGBX SI 20250306 PS;SIMPLE_INSTRUMENT;EFP_FIN;EUR;26;127.32000000;371;EXCHANGE_LAST;;1;1;XEUR;11286682;691;
08.01.2025;15:08:51.247;FGBX SI 20250306 PS;SIMPLE_INSTRUMENT;EFS;EUR;27;127.56000000;187;EXCHANGE_LAST;;1;1;XEUR;11286682;691;
08.01.2025;15:34:27.517;FGBX SI 20250306 PS;SIMPLE_INSTRUMENT;EFS;EUR;28;128.00000000;37;EXCHANGE_LAST;;1;1;XEUR;11286682;691;
08.01.2025;16:02:51.236;FGBX SI 20250306 PS;SIMPLE_INSTRUMENT;BLOCK;EUR;29;128.20000000;1114;EXCHANGE_LAST;;1;1;XEUR;11286682;691;
08.01.2025;16:52:48.401;FGBX SI 20250306 PS;SIMPLE_INSTRUMENT;EFS;EUR;31;127.56000000;150;EXCHANGE_LAST;;1;1;XEUR;11286682;691;
08.01.2025;10:20:12.888;FMAS SI 20250321 CS;SIMPLE_INSTRUMENT;BLOCK;USD;30;617.00000000;80;EXCHANGE_LAST;;1;1;XEUR;7589709;7061;
08.01.2025;02:20:16.192;FMAU SI 20250321 CS;SIMPLE_INSTRUMENT;BLOCK;USD;8;5704.11600000;15;EXCHANGE_LAST;;1;1;XEUR;7590511;45287;
08.01.2025;01:45:29.428;FMCH SI 20250321 CS;SIMPLE_INSTRUMENT;EFP_IDX;USD;5;491.94800000;202;EXCHANGE_LAST;;1;1;XEUR;7592069;402909;
08.01.2025;07:31:20.860;FMCH SI 20250321 CS;SIMPLE_INSTRUMENT;BLOCK;USD;15;491.94800000;1640;EXCHANGE_LAST;;1;3;XEUR;7592069;402909;
08.01.2025;10:49:17.114;FME SI 20251219 PS AM P 44.00 0;SIMPLE_INSTRUMENT;BLOCK;EUR;9;5.10000000;1400;EXCHANGE_LAST;;1;1;XEUR;6080102;663;
08.01.2025;10:49:17.670;FME SI 20251219 PS AM C 48.00 0;SIMPLE_INSTRUMENT;BLOCK;EUR;10;3.20000000;1400;EXCHANGE_LAST;;1;1;XEUR;5930250;663;
08.01.2025;00:34:26.730;FMEA SI 20250321 CS;SIMPLE_INSTRUMENT;BLOCK;USD;1;690.27500000;500;EXCHANGE_LAST;;1;1;XEUR;7589834;12395;
08.01.2025;02:54:53.259;FMEA SI 20250321 CS;SIMPLE_INSTRUMENT;BLOCK;USD;9;690.27500000;4907;EXCHANGE_LAST;;1;1;XEUR;7589834;12395;
08.01.2025;15:30:54.762;FMEF SI 20250620 CS;SIMPLE_INSTRUMENT;BLOCK;USD;36;1077.00000000;390;EXCHANGE_LAST;;1;1;XEUR;7408968;30657;
08.01.2025;15:30:50.546;FMEF SI 20251219 CS;SIMPLE_INSTRUMENT;BLOCK;USD;37;1088.00000000;225;EXCHANGE_LAST;;1;1;XEUR;7408963;30657;
08.01.2025;16:57:51.748;FMEF SI 20250321 CS;SIMPLE_INSTRUMENT;BLOCK;USD;44;1070.24000000;405;EXCHANGE_LAST;;1;1;XEUR;7408970;30657;
08.01.2025;16:57:55.128;FMEF SI 20250321 CS;SIMPLE_INSTRUMENT;BLOCK;USD;45;1070.25000000;278;EXCHANGE_LAST;;1;1;XEUR;7408970;30657;
08.01.2025;07:35:00.235;FMEL SI 20250321 CS;SIMPLE_INSTRUMENT;BLOCK;USD;17;488.77300000;31;EXCHANGE_LAST;;1;1;XEUR;7589856;12397;
08.01.2025;07:55:19.063;FMES SI 20250321 CS;SIMPLE_INSTRUMENT;EFP_IDX;EUR;21;561.60000000;1;EXCHANGE_LAST;;1;1;XEUR;7591454;221291;
08.01.2025;07:55:32.288;FMES SI 20250321 CS;SIMPLE_INSTRUMENT;EFP_IDX;EUR;22;561.60000000;10;EXCHANGE_LAST;;1;1;XEUR;7591454;221291;
08.01.2025;08:05:21.088;FMGC SI 20250321 CS;SIMPLE_INSTRUMENT;BLOCK;USD;24;12818.13000000;1132;EXCHANGE_LAST;;1;1;XEUR;7590767;48916;
08.01.2025;07:41:20.676;FMGM SI 20250321 CS;SIMPLE_INSTRUMENT;EFP_IDX;USD;19;4763.30000000;75;EXCHANGE_LAST;;1;1;XEUR;8609374;583626;
08.01.2025;08:32:34.780;FMGO SI 20250321 CS;SIMPLE_INSTRUMENT;BLOCK;USD;29;5112.76000000;884;EXCHANGE_LAST;;1;1;XEUR;8609359;583623;
08.01.2025;14:52:13.310;FMGO SI 20250321 CS;SIMPLE_INSTRUMENT;BLOCK;USD;35;5070.00000000;70;EXCHANGE_LAST;;1;1;XEUR;8609359;583623;
08.01.2025;01:41:09.205;FMHK SI 20250321 CS;SIMPLE_INSTRUMENT;BLOCK;USD;2;55387.00000000;146;EXCHANGE_LAST;;1;1;XEUR;7590500;45282;
08.01.2025;01:43:47.212;FMHK SI 20250321 CS;SIMPLE_INSTRUMENT;BLOCK;USD;3;55450.00000000;145;EXCHANGE_LAST;;1;1;XEUR;7590500;45282;
08.01.2025;02:08:24.388;FMHK SI 20250321 CS;SIMPLE_INSTRUMENT;BLOCK;USD;6;55665.60200000;36;EXCHANGE_LAST;;1;1;XEUR;7590500;45282;
08.01.2025;03:15:09.742;FMID SI 20250321 CS;SIMPLE_INSTRUMENT;BLOCK;USD;3;1562.50000000;20;EXCHANGE_LAST;;1;1;XEUR;7590528;45289;
08.01.2025;03:20:11.087;FMID SI 20250321 CS;SIMPLE_INSTRUMENT;BLOCK;USD;4;1564.40000000;20;EXCHANGE_LAST;;1;1;XEUR;7590528;45289;
08.01.2025;09:04:15.521;FMID SI 20250321 CS;SIMPLE_INSTRUMENT;BLOCK;USD;7;1575.73100000;50;EXCHANGE_LAST;;1;1;XEUR;7590528;45289;
08.01.2025;01:43:35.865;FMIN SI 20250321 CS;SIMPLE_INSTRUMENT;EFP_IDX;USD;4;1257.97400000;199;EXCHANGE_LAST;;1;1;XEUR;7589865;12404;
08.01.2025;03:12:14.946;FMIN SI 20250321 CS;SIMPLE_INSTRUMENT;BLOCK;USD;12;1258.34400000;24;EXCHANGE_LAST;;1;1;XEUR;7589865;12404;
08.01.2025;06:48:25.576;FMIN SI 20250321 CS;SIMPLE_INSTRUMENT;BLOCK;USD;13;1258.09000000;130;EXCHANGE_LAST;;1;1;XEUR;7589865;12404;
08.01.2025;08:30:42.996;FMIN SI 20250321 CS;SIMPLE_INSTRUMENT;BLOCK;USD;28;1258.43000000;440;EXCHANGE_LAST;;1;1;XEUR;7589865;12404;
08.01.2025;12:33:31.452;FMIN SI 20250321 CS;SIMPLE_INSTRUMENT;BLOCK;USD;33;1245.00000000;115;EXCHANGE_LAST;;1;1;XEUR;7589865;12404;
08.01.2025;02:56:20.072;FMJP SI 20250321 CS;SIMPLE_INSTRUMENT;EFP_IDX;USD;10;8690.32200000;30;EXCHANGE_LAST;;1;1;XEUR;7588794;661;
08.01.2025;07:49:25.049;FMMX SI 20250321 CS;SIMPLE_INSTRUMENT;BLOCK;USD;16;601.19000000;46;EXCHANGE_LAST;;1;1;XEUR;7589867;12545;
08.01.2025;02:46:56.004;FMPH SI 20250321 CS;SIMPLE_INSTRUMENT;BLOCK;USD;1;420.92000000;20;EXCHANGE_LAST;;1;1;XEUR;7589869;12548;
08.01.2025;02:57:43.228;FMPH SI 20250321 CS;SIMPLE_INSTRUMENT;BLOCK;USD;2;419.50000000;20;EXCHANGE_LAST;;1;1;XEUR;7589869;12548;
08.01.2025;07:02:59.121;FMSA SI 20250321 CS;SIMPLE_INSTRUMENT;BLOCK;USD;14;1803.86000000;180;EXCHANGE_LAST;;1;1;XEUR;7591259;134861;
08.01.2025;08:11:42.258;FMSA SI 20250321 CS;SIMPLE_INSTRUMENT;BLOCK;USD;25;1801.53100000;104;EXCHANGE_LAST;;1;1;XEUR;7591259;134861;
08.01.2025;08:33:29.999;FMTW SI 20250321 CS;SIMPLE_INSTRUMENT;BLOCK;USD;5;865.46900000;70;EXCHANGE_LAST;;1;1;XEUR;7590882;51884;
08.01.2025;08:49:02.994;FMTW SI 20250321 CS;SIMPLE_INSTRUMENT;BLOCK;USD;6;849.97000000;40;EXCHANGE_LAST;;1;1;XEUR;7590882;51884;
08.01.2025;09:18:27.315;FMTW SI 20250321 CS;SIMPLE_INSTRUMENT;BLOCK;USD;8;852.30000000;40;EXCHANGE_LAST;;1;1;XEUR;7590882;51884;
08.01.2025;09:38:20.103;FMTW SI 20250321 CS;SIMPLE_INSTRUMENT;BLOCK;USD;9;851.71000000;40;EXCHANGE_LAST;;1;1;XEUR;7590882;51884;
08.01.2025;07:38:32.580;FMWN SI 20250321 CS;SIMPLE_INSTRUMENT;EFP_IDX;EUR;18;587.03000000;265;EXCHANGE_LAST;;1;1;XEUR;7590222;30654;
08.01.2025;07:50:25.712;FMWO SI 20250321 CS;SIMPLE_INSTRUMENT;EFP_IDX;USD;20;11930.95000000;10;EXCHANGE_LAST;;1;1;XEUR;7589707;7059;
08.01.2025;07:56:41.190;FMWO SI 20250321 CS;SIMPLE_INSTRUMENT;EFP_IDX;USD;23;11928.15000000;168;EXCHANGE_LAST;;1;1;XEUR;7589707;7059;
08.01.2025;08:15:18.953;FMWO SI 20250321 CS;SIMPLE_INSTRUMENT;EFP_IDX;USD;26;11930.05000000;456;EXCHANGE_LAST;;1;1;XEUR;7589707;7059;
08.01.2025;08:24:45.635;FMWO SI 20250321 CS;SIMPLE_INSTRUMENT;EFP_IDX;USD;27;11930.22000000;107;EXCHANGE_LAST;;1;1;XEUR;7589707;7059;
08.01.2025;09:10:14.217;FOAT SI 20250306 PS;SIMPLE_INSTRUMENT;EFP_FIN;EUR;1;122.41000000;176;EXCHANGE_LAST;;1;1;XEUR;11286683;749;
08.01.2025;09:32:32.916;FOAT SI 20250306 PS;SIMPLE_INSTRUMENT;EFP_FIN;EUR;2;122.39000000;459;EXCHANGE_LAST;;1;1;XEUR;11286683;749;
08.01.2025;09:44:00.338;FOAT SI 20250306 PS;SIMPLE_INSTRUMENT;EFP_FIN;EUR;3;122.32000000;208;EXCHANGE_LAST;;1;1;XEUR;11286683;749;
08.01.2025;09:52:19.809;FOAT SI 20250306 PS;SIMPLE_INSTRUMENT;EFP_FIN;EUR;4;122.33000000;1668;EXCHANGE_LAST;;1;1;XEUR;11286683;749;
08.01.2025;09:54:11.749;FOAT SI 20250306 PS;SIMPLE_INSTRUMENT;EFP_FIN;EUR;5;122.39000000;834;EXCHANGE_LAST;;1;1;XEUR;11286683;749;
08.01.2025;09:59:13.221;FOAT SI 20250306 PS;SIMPLE_INSTRUMENT;EFP_FIN;EUR;6;122.36000000;834;EXCHANGE_LAST;;1;1;XEUR;11286683;749;
08.01.2025;10:00:10.207;FOAT SI 20250306 PS;SIMPLE_INSTRUMENT;EFP_FIN;EUR;7;122.37000000;334;EXCHANGE_LAST;;1;1;XEUR;11286683;749;
08.01.2025;10:07:04.612;FOAT SI 20250306 PS;SIMPLE_INSTRUMENT;EFP_FIN;EUR;8;122.36000000;2085;EXCHANGE_LAST;;1;1;XEUR;11286683;749;
08.01.2025;10:15:21.356;FOAT SI 20250306 PS;SIMPLE_INSTRUMENT;EFP_FIN;EUR;9;122.39000000;1042;EXCHANGE_LAST;;1;1;XEUR;11286683;749;
08.01.2025;10:29:01.560;FOAT SI 20250306 PS;SIMPLE_INSTRUMENT;EFP_FIN;EUR;11;122.34000000;158;EXCHANGE_LAST;;1;1;XEUR;11286683;749;
08.01.2025;10:23:36.705;FOAT SI 20250306 PS;SIMPLE_INSTRUMENT;EFP_FIN;EUR;12;122.30000000;834;EXCHANGE_LAST;;1;1;XEUR;11286683;749;
08.01.2025;10:24:40.502;FOAT SI 20250306 PS;SIMPLE_INSTRUMENT;EFP_FIN;EUR;13;122.34000000;1668;EXCHANGE_LAST;;1;1;XEUR;11286683;749;
08.01.2025;10:28:03.000;FOAT SI 20250306 PS;SIMPLE_INSTRUMENT;EFP_FIN;EUR;14;122.34000000;490;EXCHANGE_LAST;;1;1;XEUR;11286683;749;
08.01.2025;10:36:43.888;FOAT SI 20250306 PS;SIMPLE_INSTRUMENT;EFP_FIN;EUR;15;122.33000000;250;EXCHANGE_LAST;;1;1;XEUR;11286683;749;
08.01.2025;10:34:04.725;FOAT SI 20250306 PS;SIMPLE_INSTRUMENT;EFP_FIN;EUR;16;122.33000000;2502;EXCHANGE_LAST;;1;1;XEUR;11286683;749;
08.01.2025;10:34:38.503;FOAT SI 20250306 PS;SIMPLE_INSTRUMENT;EFP_FIN;EUR;17;122.33000000;129;EXCHANGE_LAST;;1;1;XEUR;11286683;749;
08.01.2025;10:37:49.936;FOAT SI 20250306 PS;SIMPLE_INSTRUMENT;EFP_FIN;EUR;18;122.30000000;4168;EXCHANGE_LAST;;1;1;XEUR;11286683;749;
08.01.2025;10:40:23.861;FOAT SI 20250306 PS;SIMPLE_INSTRUMENT;EFP_FIN;EUR;19;122.35000000;1251;EXCHANGE_LAST;;1;1;XEUR;11286683;749;
08.01.2025;10:41:36.680;FOAT SI 20250306 PS;SIMPLE_INSTRUMENT;EFP_FIN;EUR;20;122.36000000;1668;EXCHANGE_LAST;;1;1;XEUR;11286683;749;
08.01.2025;10:44:20.796;FOAT SI 20250306 PS;SIMPLE_INSTRUMENT;EFP_FIN;EUR;21;122.31000000;1251;EXCHANGE_LAST;;1;1;XEUR;11286683;749;
08.01.2025;10:51:46.547;FOAT SI 20250306 PS;SIMPLE_INSTRUMENT;BLOCK;EUR;22;122.33000000;1000;EXCHANGE_LAST;;1;1;XEUR;11286683;749;
08.01.2025;10:54:52.648;FOAT SI 20250306 PS;SIMPLE_INSTRUMENT;EFP_FIN;EUR;23;122.36000000;417;EXCHANGE_LAST;;1;1;XEUR;11286683;749;
08.01.2025;11:09:29.424;FOAT SI 20250306 PS;SIMPLE_INSTRUMENT;EFP_FIN;EUR;24;122.32000000;670;EXCHANGE_LAST;;1;1;XEUR;11286683;749;
08.01.2025;11:23:44.526;FOAT SI 20250306 PS;SIMPLE_INSTRUMENT;EFP_FIN;EUR;25;122.24000000;964;EXCHANGE_LAST;;1;1;XEUR;11286683;749;
08.01.2025;11:35:00.002;FOAT SI 20250306 PS;SIMPLE_INSTRUMENT;EFP_FIN;EUR;26;122.22000000;322;EXCHANGE_LAST;;1;1;XEUR;11286683;749;
08.01.2025;11:43:27.640;FOAT SI 20250306 PS;SIMPLE_INSTRUMENT;EFP_FIN;EUR;27;122.22000000;670;EXCHANGE_LAST;;1;1;XEUR;11286683;749;
08.01.2025;11:51:26.709;FOAT SI 20250306 PS;SIMPLE_INSTRUMENT;EFS;EUR;28;122.15000000;110;EXCHANGE_LAST;;1;1;XEUR;11286683;749;
08.01.2025;11:58:38.630;FOAT SI 20250306 PS;SIMPLE_INSTRUMENT;EFS;EUR;29;122.11000000;535;EXCHANGE_LAST;;1;1;XEUR;11286683;749;
08.01.2025;11:59:53.937;FOAT SI 20250306 PS;SIMPLE_INSTRUMENT;EFP_FIN;EUR;30;122.07000000;416;EXCHANGE_LAST;;1;1;XEUR;11286683;749;
08.01.2025;12:00:51.819;FOAT SI 20250306 PS;SIMPLE_INSTRUMENT;EFP_FIN;EUR;31;122.09000000;417;EXCHANGE_LAST;;1;1;XEUR;11286683;749;
08.01.2025;12:19:40.800;FOAT SI 20250306 PS;SIMPLE_INSTRUMENT;EFP_FIN;EUR;32;122.34000000;50;EXCHANGE_LAST;;1;1;XEUR;11286683;749;
08.01.2025;12:24:54.545;FOAT SI 20250306 PS;SIMPLE_INSTRUMENT;BLOCK;EUR;33;121.88000000;540;EXCHANGE_LAST;;1;1;XEUR;11286683;749;
08.01.2025;12:47:03.508;FOAT SI 20250306 PS;SIMPLE_INSTRUMENT;EFP_FIN;EUR;34;121.98000000;339;EXCHANGE_LAST;;1;1;XEUR;11286683;749;
08.01.2025;12:49:07.432;FOAT SI 20250306 PS;SIMPLE_INSTRUMENT;EFP_FIN;EUR;35;121.85000000;586;EXCHANGE_LAST;;1;1;XEUR;11286683;749;
08.01.2025;12:50:54.234;FOAT SI 20250306 PS;SIMPLE_INSTRUMENT;EFP_FIN;EUR;36;122.34000000;170;EXCHANGE_LAST;;1;1;XEUR;11286683;749;
08.01.2025;12:58:22.635;FOAT SI 20250306 PS;SIMPLE_INSTRUMENT;EFP_FIN;EUR;37;122.34000000;85;EXCHANGE_LAST;;1;1;XEUR;11286683;749;
08.01.2025;13:00:26.542;FOAT SI 20250306 PS;SIMPLE_INSTRUMENT;EFP_FIN;EUR;38;121.87000000;677;EXCHANGE_LAST;;1;1;XEUR;11286683;749;
08.01.2025;13:04:04.958;FOAT SI 20250306 PS;SIMPLE_INSTRUMENT;EFP_FIN;EUR;39;122.35000000;417;EXCHANGE_LAST;;1;1;XEUR;11286683;749;
08.01.2025;13:04:59.493;FOAT SI 20250306 PS;SIMPLE_INSTRUMENT;EFP_FIN;EUR;40;121.90000000;488;EXCHANGE_LAST;;1;1;XEUR;11286683;749;
08.01.2025;13:10:45.021;FOAT SI 20250306 PS;SIMPLE_INSTRUMENT;EFP_FIN;EUR;41;121.94000000;120;EXCHANGE_LAST;;1;1;XEUR;11286683;749;
08.01.2025;13:12:37.037;FOAT SI 20250306 PS;SIMPLE_INSTRUMENT;EFP_FIN;EUR;42;121.92000000;120;EXCHANGE_LAST;;1;1;XEUR;11286683;749;
08.01.2025;13:33:00.428;FOAT SI 20250306 PS;SIMPLE_INSTRUMENT;EFP_FIN;EUR;43;121.92000000;669;EXCHANGE_LAST;;1;1;XEUR;11286683;749;
08.01.2025;13:39:27.474;FOAT SI 20250306 PS;SIMPLE_INSTRUMENT;EFP_FIN;EUR;44;121.97000000;834;EXCHANGE_LAST;;1;1;XEUR;11286683;749;
08.01.2025;13:43:18.290;FOAT SI 20250306 PS;SIMPLE_INSTRUMENT;EFP_FIN;EUR;45;122.00000000;134;EXCHANGE_LAST;;1;1;XEUR;11286683;749;
