#Date;TrdTime;Contract;ContractType;TrdTyp;Currency;TesId;Prc;Qty;TrdInd;Aggressor;Buy;Sell;Exch;InstrumentId;RelatedProdId;PrcDecomp
25.10.2024;09:44:43.649;1COV SI 20251219 PS AM P 52.00 0;SIMPLE_INSTRUMENT;BLOCK;EUR;1;2.06000000;1000;EXCHANGE_LAST;;1;1;XEUR;5919358;48055;
25.10.2024;13:00:45.588;1COV SI 20241220 PS AM C 59.00 0;SIMPLE_INSTRUMENT;BLOCK;EUR;10;0.31000000;1250;EXCHANGE_LAST;;1;1;XEUR;10495172;48055;
25.10.2024;13:00:45.472;1COV SI 20241220 PS AM C 59.00 0;SIMPLE_INSTRUMENT;BLOCK;EUR;11;0.33000000;3750;EXCHANGE_LAST;;1;1;XEUR;10495172;48055;
25.10.2024;11:08:31.727;AAR SI 20241220 PS AM P 14.00 0;SIMPLE_INSTRUMENT;BLOCK;EUR;13;0.23000000;2250;EXCHANGE_LAST;;1;1;XEUR;4636924;48150;
25.10.2024;11:08:45.927;AAR SI 20241220 PS AM P 14.00 0;SIMPLE_INSTRUMENT;BLOCK;EUR;14;0.24000000;2250;EXCHANGE_LAST;;1;1;XEUR;4636924;48150;
25.10.2024;08:55:19.181;ABBN.O.241025.BER.000004;STANDARD_OPTION_STRATEGY;BLOCK;CHF;5;4.30000000;3000;EXCHANGE_LAST;;1;1;XEUR;74525125763933336;574517;
25.10.2024;08:55:19.181;ABBN SI 20250620 PS AM P 53.00 0;SIMPLE_INSTRUMENT;BLOCK;CHF;5;6.34000000;3000;PRC_DECOMP_EXCHANGE;;;;XEUR;11849029;574517;EXCHANGE
25.10.2024;08:55:19.181;ABBN SI 20250620 PS AM P 45.00 0;SIMPLE_INSTRUMENT;BLOCK;CHF;5;2.04000000;3000;PRC_DECOMP_EXCHANGE;;;;XEUR;11849021;574517;EXCHANGE
25.10.2024;08:55:51.169;ABBN SI 20241115 PS AM C 50.00 0;SIMPLE_INSTRUMENT;BLOCK;CHF;6;0.47000000;1250;EXCHANGE_LAST;;1;1;XEUR;11740457;574517;
25.10.2024;09:07:33.149;ABBN.O.241025.BER.000004;STANDARD_OPTION_STRATEGY;BLOCK;CHF;7;4.30000000;2000;EXCHANGE_LAST;;1;1;XEUR;74525125763933336;574517;
25.10.2024;09:07:33.149;ABBN SI 20250620 PS AM P 45.00 0;SIMPLE_INSTRUMENT;BLOCK;CHF;7;2.04000000;2000;PRC_DECOMP_MEMBER;;;;XEUR;11849021;574517;MEMBER
25.10.2024;09:07:33.149;ABBN SI 20250620 PS AM P 53.00 0;SIMPLE_INSTRUMENT;BLOCK;CHF;7;6.34000000;2000;PRC_DECOMP_MEMBER;;;;XEUR;11849029;574517;MEMBER
25.10.2024;10:17:39.022;ADS SI 20241115 PS AM C 225.00 0;SIMPLE_INSTRUMENT;BLOCK;EUR;6;3.15000000;750;EXCHANGE_LAST;;2;1;XEUR;11698198;50;
25.10.2024;11:33:53.737;ADS SI 20261218 PS AM P 200.00 0;SIMPLE_INSTRUMENT;BLOCK;EUR;10;25.50000000;250;EXCHANGE_LAST;;1;1;XEUR;7152075;50;
25.10.2024;11:38:20.812;ADS.O.241025.BUL.000008;STANDARD_OPTION_STRATEGY;BLOCK;EUR;11;1.59000000;350;EXCHANGE_LAST;;1;1;XEUR;72057808786329930;50;
25.10.2024;11:38:20.812;ADS SI 20241220 PS AM C 230.00 0;SIMPLE_INSTRUMENT;BLOCK;EUR;11;4.32000000;350;PRC_DECOMP_MEMBER;;;;XEUR;11021853;50;MEMBER
25.10.2024;11:38:20.812;ADS SI 20241220 PS AM C 225.00 0;SIMPLE_INSTRUMENT;BLOCK;EUR;11;5.91000000;350;PRC_DECOMP_MEMBER;;;;XEUR;11870437;50;MEMBER
25.10.2024;12:30:19.484;AOM.O.241025.STG.000001;STANDARD_OPTION_STRATEGY;BLOCK;EUR;22;5.20000000;1000;EXCHANGE_LAST;;1;1;XEUR;72057971995058396;88;
25.10.2024;12:30:19.484;AOM SI 20251219 PS AM C 22.00 0;SIMPLE_INSTRUMENT;BLOCK;EUR;22;2.32000000;1000;PRC_DECOMP_EXCHANGE;;;;XEUR;11249180;88;EXCHANGE
25.10.2024;12:30:19.484;AOM SI 20251219 PS AM P 20.00 0;SIMPLE_INSTRUMENT;BLOCK;EUR;22;2.88000000;1000;PRC_DECOMP_EXCHANGE;;;;XEUR;11249181;88;EXCHANGE
25.10.2024;12:55:11.115;ASG5 SI 20261217 PS AM P 24.00 0;SIMPLE_INSTRUMENT;BLOCK;EUR;18;2.29000000;2500;EXCHANGE_LAST;;1;1;XEUR;7147287;109;
25.10.2024;14:26:03.400;ASM SI 20241220 PS AM P 620.00 0;SIMPLE_INSTRUMENT;BLOCK;EUR;19;19.75000000;150;EXCHANGE_LAST;;1;1;XEUR;11872096;107;
25.10.2024;08:03:10.971;AXA SI 20241220 PS AM P 33.00 0;SIMPLE_INSTRUMENT;BLOCK;EUR;6;0.49000000;1250;EXCHANGE_LAST;;1;1;XEUR;11872323;127;
25.10.2024;15:38:51.288;B2AS SI 20271217 CS;SIMPLE_INSTRUMENT;BLOCK;EUR;49;2.15000000;250;EXCHANGE_LAST;;1;1;XEUR;5914347;140;
25.10.2024;12:41:31.691;B2NP SI 20271217 CS;SIMPLE_INSTRUMENT;BLOCK;EUR;19;4.10000000;175;EXCHANGE_LAST;;1;2;XEUR;7086925;131;
25.10.2024;12:49:25.983;B2NP SI 20261218 CS;SIMPLE_INSTRUMENT;BLOCK;EUR;20;4.57000000;100;EXCHANGE_LAST;;1;1;XEUR;6798320;131;
25.10.2024;12:53:58.922;B2NP SI 20251219 CS;SIMPLE_INSTRUMENT;BLOCK;EUR;21;4.90000000;1000;EXCHANGE_LAST;;1;1;XEUR;5914355;131;
25.10.2024;12:53:22.920;B2NP SI 20251219 CS;SIMPLE_INSTRUMENT;BLOCK;EUR;22;4.88000000;200;EXCHANGE_LAST;;1;1;XEUR;5914355;131;
25.10.2024;13:15:05.432;B2NP SI 20251219 CS;SIMPLE_INSTRUMENT;BLOCK;EUR;23;4.85000000;250;EXCHANGE_LAST;;2;1;XEUR;5914355;131;
25.10.2024;13:45:14.028;B2NP SI 20251219 CS;SIMPLE_INSTRUMENT;BLOCK;EUR;25;4.88000000;400;EXCHANGE_LAST;;1;2;XEUR;5914355;131;
25.10.2024;13:50:19.316;B2NP SI 20251219 CS;SIMPLE_INSTRUMENT;BLOCK;EUR;26;4.88000000;400;EXCHANGE_LAST;;2;3;XEUR;5914355;131;
25.10.2024;14:21:21.052;B2NP SI 20251219 CS;SIMPLE_INSTRUMENT;BLOCK;EUR;32;4.89000000;1000;EXCHANGE_LAST;;1;2;XEUR;5914355;131;
25.10.2024;14:37:07.178;B2NP SI 20251219 CS;SIMPLE_INSTRUMENT;BLOCK;EUR;35;4.88000000;100;EXCHANGE_LAST;;1;1;XEUR;5914355;131;
25.10.2024;10:14:11.061;BAS.O.241025.BLT.000006;STANDARD_OPTION_STRATEGY;BLOCK;EUR;2;2.41000000;4000;EXCHANGE_LAST;;1;1;XEUR;72058238283088384;150;
25.10.2024;10:14:11.061;BAS SI 20241115 PS AM C 48.00 0;SIMPLE_INSTRUMENT;BLOCK;EUR;2;0.63000000;4000;PRC_DECOMP_EXCHANGE;;;;XEUR;11754659;150;EXCHANGE
25.10.2024;10:14:11.061;BAS SI 20250919 PS AM C 48.00 0;SIMPLE_INSTRUMENT;BLOCK;EUR;2;3.04000000;4000;PRC_DECOMP_EXCHANGE;;;;XEUR;11873025;150;EXCHANGE
25.10.2024;10:19:18.803;BAS SI 20250919 PS AM P 42.00 0;SIMPLE_INSTRUMENT;BLOCK;EUR;3;2.62000000;1500;EXCHANGE_LAST;;1;1;XEUR;11872869;150;
25.10.2024;11:03:56.408;BAS.O.241025.PDIA.000007;STANDARD_OPTION_STRATEGY;BLOCK;EUR;9;0.05000000;4000;EXCHANGE_LAST;;1;2;XEUR;72058238283088385;150;
25.10.2024;11:03:56.408;BAS SI 20241115 PS AM P 43.00 0;SIMPLE_INSTRUMENT;BLOCK;EUR;9;0.37000000;4000;PRC_DECOMP_EXCHANGE;;;;XEUR;11699801;150;EXCHANGE
25.10.2024;11:03:56.408;BAS SI 20241220 PS AM P 41.00 0;SIMPLE_INSTRUMENT;BLOCK;EUR;9;0.42000000;4000;PRC_DECOMP_EXCHANGE;;;;XEUR;7509962;150;EXCHANGE
25.10.2024;09:42:08.333;BNP SI 20250620 PS AM P 64.00 0;SIMPLE_INSTRUMENT;BLOCK;EUR;13;5.52000000;500;EXCHANGE_LAST;;1;1;XEUR;8114380;237;
25.10.2024;15:42:07.054;BNP SI 20261218 PS AM C 64.00 0;SIMPLE_INSTRUMENT;BLOCK;EUR;31;7.75000000;554;EXCHANGE_LAST;;1;1;XEUR;7154480;237;
25.10.2024;15:42:25.055;BNP SI 20261218 PS AM C 64.00 0;SIMPLE_INSTRUMENT;BLOCK;EUR;32;7.85000000;706;EXCHANGE_LAST;;1;1;XEUR;7154480;237;
25.10.2024;10:06:32.704;BPT SI 20241220 PS AM P 400 0;SIMPLE_INSTRUMENT;BLOCK;GBX;1;16.00000000;1400;EXCHANGE_LAST;;1;1;XEUR;8776674;250;
25.10.2024;10:07:49.671;BPT SI 20250321 PS AM P 360 0;SIMPLE_INSTRUMENT;BLOCK;GBX;2;10.25000000;1120;EXCHANGE_LAST;;1;1;XEUR;10833307;250;
25.10.2024;10:07:56.151;BPT SI 20250321 PS AM P 360 0;SIMPLE_INSTRUMENT;BLOCK;GBX;3;11.00000000;280;EXCHANGE_LAST;;1;1;XEUR;10833307;250;
25.10.2024;08:23:54.637;BPV SI 20250619 PS AM P 5.20 0;SIMPLE_INSTRUMENT;BLOCK;EUR;4;0.38000000;1500;EXCHANGE_LAST;;1;1;XEUR;11337121;251;
25.10.2024;14:51:37.204;C4RI SI 20251219 CS;SIMPLE_INSTRUMENT;BLOCK;EUR;38;2.83000000;300;EXCHANGE_LAST;;1;2;XEUR;5914459;50862;
25.10.2024;08:34:22.304;CAR SI 20241220 PS AM P 14.00 0;SIMPLE_INSTRUMENT;BLOCK;EUR;8;0.26000000;1500;EXCHANGE_LAST;;1;1;XEUR;4641174;265;
25.10.2024;08:29:43.341;CBK SI 20241220 PS AM P 16.80 0;SIMPLE_INSTRUMENT;BLOCK;EUR;2;1.05000000;3500;EXCHANGE_LAST;;1;1;XEUR;11621484;268;
25.10.2024;08:29:45.808;CBK SI 20241220 PS AM C 16.80 0;SIMPLE_INSTRUMENT;BLOCK;EUR;3;0.65000000;3500;EXCHANGE_LAST;;1;1;XEUR;11621479;268;
25.10.2024;12:17:26.134;CFR.O.241025.BER.000006;STANDARD_OPTION_STRATEGY;BLOCK;CHF;28;4.40000000;1000;EXCHANGE_LAST;;2;1;XEUR;72058938362724784;313;
25.10.2024;12:17:26.134;CFR SI 20250321 PS AM P 120.00 0;SIMPLE_INSTRUMENT;BLOCK;CHF;28;5.63000000;1000;PRC_DECOMP_EXCHANGE;;;;XEUR;10834886;313;EXCHANGE
25.10.2024;12:17:26.134;CFR SI 20250321 PS AM P 130.00 0;SIMPLE_INSTRUMENT;BLOCK;CHF;28;10.03000000;1000;PRC_DECOMP_EXCHANGE;;;;XEUR;10834892;313;EXCHANGE
25.10.2024;12:27:55.286;CFR.O.241025.BER.000006;STANDARD_OPTION_STRATEGY;BLOCK;CHF;32;4.40000000;500;EXCHANGE_LAST;;1;1;XEUR;72058938362724784;313;
25.10.2024;12:27:55.286;CFR SI 20250321 PS AM P 130.00 0;SIMPLE_INSTRUMENT;BLOCK;CHF;32;10.03000000;500;PRC_DECOMP_MEMBER;;;;XEUR;10834892;313;MEMBER
25.10.2024;12:27:55.286;CFR SI 20250321 PS AM P 120.00 0;SIMPLE_INSTRUMENT;BLOCK;CHF;32;5.63000000;500;PRC_DECOMP_MEMBER;;;;XEUR;10834886;313;MEMBER
25.10.2024;13:16:27.111;CGM.O.241025.PDIA.000007;STANDARD_OPTION_STRATEGY;BLOCK;EUR;25;-7.90000000;200;EXCHANGE_LAST;;1;1;XEUR;72058955542570337;317;
25.10.2024;13:16:27.111;CGM SI 20250919 PS AM P 140.00 0;SIMPLE_INSTRUMENT;BLOCK;EUR;25;5.67000000;200;PRC_DECOMP_EXCHANGE;;;;XEUR;11876429;317;EXCHANGE
25.10.2024;13:16:27.111;CGM SI 20250321 PS AM P 180.00 0;SIMPLE_INSTRUMENT;BLOCK;EUR;25;13.57000000;200;PRC_DECOMP_EXCHANGE;;;;XEUR;10834779;317;EXCHANGE
25.10.2024;14:39:41.547;CNYA SI 20241220 PS AM C 5.50 0;SIMPLE_INSTRUMENT;BLOCK;USD;1;0.12000000;1241;EXCHANGE_LAST;;1;1;XEUR;10459526;666868;
25.10.2024;09:13:47.890;CRI5.O.241025.STD.000001;STANDARD_OPTION_STRATEGY;BLOCK;EUR;9;10.10000000;3500;EXCHANGE_LAST;;3;2;XEUR;72058968427473559;320;
25.10.2024;09:13:47.890;CRI5 SI 20251218 PS AM C 40.00 0;SIMPLE_INSTRUMENT;BLOCK;EUR;9;4.39250000;3500;PRC_DECOMP_EXCHANGE;;;;XEUR;9675503;320;EXCHANGE
25.10.2024;09:13:47.890;CRI5 SI 20251218 PS AM P 40.00 0;SIMPLE_INSTRUMENT;BLOCK;EUR;9;5.70750000;3500;PRC_DECOMP_EXCHANGE;;;;XEUR;9675496;320;EXCHANGE
25.10.2024;10:25:57.010;D3AI SI 20251219 CS;SIMPLE_INSTRUMENT;BLOCK;EUR;9;3.94000000;300;EXCHANGE_LAST;;3;1;XEUR;7144062;443197;
25.10.2024;10:50:22.272;D3AI SI 20251219 CS;SIMPLE_INSTRUMENT;BLOCK;EUR;14;3.94000000;100;EXCHANGE_LAST;;1;2;XEUR;7144062;443197;
25.10.2024;13:47:41.523;D3AI SI 20251219 CS;SIMPLE_INSTRUMENT;BLOCK;EUR;24;3.94000000;250;EXCHANGE_LAST;;2;1;XEUR;7144062;443197;
25.10.2024;07:43:51.864;D4BK SI 20261218 CS;SIMPLE_INSTRUMENT;BLOCK;EUR;1;0.87000000;440;EXCHANGE_LAST;;1;1;XEUR;4632322;51565;
25.10.2024;09:23:25.302;DAI SI 20241115 PS AM C 58.00 0;SIMPLE_INSTRUMENT;BLOCK;EUR;8;1.22000000;1500;EXCHANGE_LAST;;1;2;XEUR;11738648;443196;
25.10.2024;09:58:36.847;DAI.O.241025.BRT.000022;STANDARD_OPTION_STRATEGY;BLOCK;EUR;9;0.81000000;750;EXCHANGE_LAST;;1;1;XEUR;73961106363660438;443196;
25.10.2024;09:58:36.847;DAI SI 20241115 PS AM P 56.00 0;SIMPLE_INSTRUMENT;BLOCK;EUR;9;0.84000000;750;PRC_DECOMP_EXCHANGE;;;;XEUR;11738658;443196;EXCHANGE
25.10.2024;09:58:36.847;DAI SI 20250117 PS AM P 56.00 0;SIMPLE_INSTRUMENT;BLOCK;EUR;9;1.65000000;750;PRC_DECOMP_EXCHANGE;;;;XEUR;12107434;443196;EXCHANGE
25.10.2024;15:50:55.319;DAI SI 20250620 PS AM P 26.00 0;SIMPLE_INSTRUMENT;BLOCK;EUR;24;0.06000000;20000;EXCHANGE_LAST;;1;1;XEUR;11407676;443196;
25.10.2024;15:07:46.617;DAIE.O.241025.CNV.000001;STANDARD_OPTION_STRATEGY;BLOCK;EUR;19;-0.20000000;5000;EXCHANGE_LAST;;1;1;XEUR;73961132133453195;443202;
25.10.2024;15:07:46.617;DAIE SI 20241220 PS EU P 58.00 0;SIMPLE_INSTRUMENT;BLOCK;EUR;19;2.23000000;5000;PRC_DECOMP_EXCHANGE;;;;XEUR;11925634;443202;EXCHANGE
25.10.2024;15:07:46.617;DAIE SI 20241220 PS EU C 58.00 0;SIMPLE_INSTRUMENT;BLOCK;EUR;19;2.03000000;5000;PRC_DECOMP_EXCHANGE;;;;XEUR;11925633;443202;EXCHANGE
25.10.2024;08:29:55.350;DPW.O.241025.COMBO.000001;STANDARD_OPTION_STRATEGY;BLOCK;EUR;4;0.66000000;2000;EXCHANGE_LAST;;1;1;XEUR;72059505298412682;445;
25.10.2024;08:29:55.350;DPW SI 20241220 PS AM P 36.00 0;SIMPLE_INSTRUMENT;BLOCK;EUR;4;0.88000000;2000;PRC_DECOMP_EXCHANGE;;;;XEUR;4643148;445;EXCHANGE
25.10.2024;08:29:55.350;DPW SI 20241220 PS AM C 42.00 0;SIMPLE_INSTRUMENT;BLOCK;EUR;4;0.22000000;2000;PRC_DECOMP_EXCHANGE;;;;XEUR;10403022;445;EXCHANGE
25.10.2024;13:31:44.052;DPW SI 20250321 PS AM P 38.00 0;SIMPLE_INSTRUMENT;BLOCK;EUR;16;2.22000000;1000;EXCHANGE_LAST;;1;1;XEUR;10836858;445;
25.10.2024;13:31:55.352;DPW SI 20241220 PS AM P 28.00 0;SIMPLE_INSTRUMENT;BLOCK;EUR;17;0.10000000;1000;EXCHANGE_LAST;;1;1;XEUR;4643144;445;
25.10.2024;07:44:06.519;DTE SI 20241220 PS AM C 30.00 0;SIMPLE_INSTRUMENT;BLOCK;EUR;1;0.14000000;2550;EXCHANGE_LAST;;1;1;XEUR;10402204;424;
25.10.2024;07:44:07.675;DTE SI 20241220 PS AM C 30.00 0;SIMPLE_INSTRUMENT;BLOCK;EUR;2;0.16000000;1700;EXCHANGE_LAST;;1;1;XEUR;10402204;424;
25.10.2024;08:52:29.736;DTE SI 20250321 PS AM P 27.00 0;SIMPLE_INSTRUMENT;BLOCK;EUR;5;0.47000000;2500;EXCHANGE_LAST;;1;1;XEUR;11523269;424;
25.10.2024;09:22:21.925;DTE SI 20250321 PS AM C 30.00 0;SIMPLE_INSTRUMENT;BLOCK;EUR;6;0.48000000;2500;EXCHANGE_LAST;;1;1;XEUR;10836585;424;
25.10.2024;09:22:22.528;DTE SI 20250321 PS AM P 27.00 0;SIMPLE_INSTRUMENT;BLOCK;EUR;7;0.50000000;2500;EXCHANGE_LAST;;1;1;XEUR;11523269;424;
25.10.2024;10:47:43.662;DTG SI 20250919 PS AM P 34.00 0;SIMPLE_INSTRUMENT;BLOCK;EUR;10;2.14000000;500;EXCHANGE_LAST;;1;1;XEUR;11925621;455942;
25.10.2024;10:55:19.723;DTG SI 20241220 PS AM P 38.00 0;SIMPLE_INSTRUMENT;BLOCK;EUR;11;1.36000000;1000;EXCHANGE_LAST;;1;1;XEUR;10455606;455942;
25.10.2024;15:15:08.392;DTG SI 20241220 PS AM P 39.00 0;SIMPLE_INSTRUMENT;BLOCK;EUR;22;1.67000000;500;EXCHANGE_LAST;;1;1;XEUR;11925777;455942;
25.10.2024;10:25:47.471;E2IA SI 20241220 CS;SIMPLE_INSTRUMENT;BLOCK;EUR;11;2.25000000;429;EXCHANGE_LAST;;1;1;XEUR;4632355;57105;
25.10.2024;10:25:23.577;EIAG SI 20241220 CS;SIMPLE_INSTRUMENT;BLOCK;EUR;10;44.08600000;5000;EXCHANGE_LAST;;1;1;XEUR;7035478;509;
25.10.2024;13:17:42.046;ENR SI 20241115 PS AM C 40.00 0;SIMPLE_INSTRUMENT;BLOCK;EUR;15;1.40000000;1500;EXCHANGE_LAST;;1;1;XEUR;11866499;298530;
25.10.2024;12:38:46.708;EOA SI 20241220 PS AM P 11.00 0;SIMPLE_INSTRUMENT;BLOCK;EUR;14;0.06000000;1500;EXCHANGE_LAST;;1;1;XEUR;10241561;49065;
25.10.2024;13:54:51.121;EOA SI 20251219 PS AM P 11.00 0;SIMPLE_INSTRUMENT;BLOCK;EUR;16;0.45000000;2000;EXCHANGE_LAST;;1;1;XEUR;12137399;49065;
25.10.2024;13:57:11.695;EOA SI 20241220 PS AM P 11.00 0;SIMPLE_INSTRUMENT;BLOCK;EUR;17;0.06000000;1500;EXCHANGE_LAST;;1;1;XEUR;10241561;49065;
25.10.2024;10:37:48.233;EVK.O.241025.STG.000001;STANDARD_OPTION_STRATEGY;BLOCK;EUR;4;0.65000000;1000;EXCHANGE_LAST;;1;1;XEUR;72104005454537280;10806;
25.10.2024;10:37:48.233;EVK SI 20241115 PS AM C 21.00 0;SIMPLE_INSTRUMENT;BLOCK;EUR;4;0.33000000;1000;PRC_DECOMP_EXCHANGE;;;;XEUR;11722393;10806;EXCHANGE
25.10.2024;10:37:48.233;EVK SI 20241115 PS AM P 20.00 0;SIMPLE_INSTRUMENT;BLOCK;EUR;4;0.32000000;1000;PRC_DECOMP_EXCHANGE;;;;XEUR;11722498;10806;EXCHANGE
25.10.2024;13:57:54.124;F3IA SI 20281215 CS;SIMPLE_INSTRUMENT;BLOCK;EUR;27;0.46000000;200;EXCHANGE_LAST;;1;1;XEUR;9964653;390387;
25.10.2024;14:19:26.036;F3IA SI 20271217 CS;SIMPLE_INSTRUMENT;BLOCK;EUR;31;0.47000000;100;EXCHANGE_LAST;;1;1;XEUR;8422837;390387;
25.10.2024;07:23:10.135;FBTP SI 20241206 PS;SIMPLE_INSTRUMENT;EFP_FIN;EUR;1;121.30000000;1892;EXCHANGE_LAST;;1;1;XEUR;10804520;636;
25.10.2024;07:25:56.121;FBTP SI 20241206 PS;SIMPLE_INSTRUMENT;EFP_FIN;EUR;2;121.28000000;339;EXCHANGE_LAST;;1;1;XEUR;10804520;636;
25.10.2024;07:29:31.607;FBTP SI 20241206 PS;SIMPLE_INSTRUMENT;EFP_FIN;EUR;3;121.34000000;932;EXCHANGE_LAST;;1;1;XEUR;10804520;636;
25.10.2024;07:43:57.882;FBTP SI 20241206 PS;SIMPLE_INSTRUMENT;EFP_FIN;EUR;4;121.29000000;1161;EXCHANGE_LAST;;1;1;XEUR;10804520;636;
25.10.2024;08:38:36.180;FBTP SI 20241206 PS;SIMPLE_INSTRUMENT;EFP_FIN;EUR;5;121.21000000;69;EXCHANGE_LAST;;1;1;XEUR;10804520;636;
25.10.2024;09:35:07.891;FBTP SI 20241206 PS;SIMPLE_INSTRUMENT;EFP_FIN;EUR;6;121.14000000;76;EXCHANGE_LAST;;1;1;XEUR;10804520;636;
25.10.2024;09:40:56.512;FBTP SI 20241206 PS;SIMPLE_INSTRUMENT;EFP_FIN;EUR;7;121.15000000;95;EXCHANGE_LAST;;1;1;XEUR;10804520;636;
25.10.2024;09:47:02.494;FBTP SI 20241206 PS;SIMPLE_INSTRUMENT;BLOCK;EUR;8;121.16000000;1064;EXCHANGE_LAST;;1;1;XEUR;10804520;636;
25.10.2024;10:36:50.184;FBTP SI 20241206 PS;SIMPLE_INSTRUMENT;EFP_FIN;EUR;9;121.22000000;551;EXCHANGE_LAST;;1;1;XEUR;10804520;636;
25.10.2024;10:37:33.436;FBTP SI 20241206 PS;SIMPLE_INSTRUMENT;EFP_FIN;EUR;10;121.12000000;446;EXCHANGE_LAST;;1;1;XEUR;10804520;636;
25.10.2024;10:44:31.366;FBTP SI 20241206 PS;SIMPLE_INSTRUMENT;EFP_FIN;EUR;11;121.12000000;387;EXCHANGE_LAST;;1;1;XEUR;10804520;636;
25.10.2024;10:46:02.738;FBTP SI 20241206 PS;SIMPLE_INSTRUMENT;EFP_FIN;EUR;12;121.14000000;173;EXCHANGE_LAST;;1;1;XEUR;10804520;636;
25.10.2024;12:46:07.934;FBTP SI 20241206 PS;SIMPLE_INSTRUMENT;EFP_FIN;EUR;13;121.12000000;116;EXCHANGE_LAST;;1;1;XEUR;10804520;636;
25.10.2024;12:53:15.399;FBTP SI 20241206 PS;SIMPLE_INSTRUMENT;EFP_FIN;EUR;14;121.09000000;83;EXCHANGE_LAST;;1;1;XEUR;10804520;636;
25.10.2024;12:55:09.378;FBTP SI 20241206 PS;SIMPLE_INSTRUMENT;EFP_FIN;EUR;15;121.10000000;445;EXCHANGE_LAST;;1;1;XEUR;10804520;636;
25.10.2024;12:56:57.563;FBTP SI 20241206 PS;SIMPLE_INSTRUMENT;EFP_FIN;EUR;16;121.12000000;304;EXCHANGE_LAST;;1;1;XEUR;10804520;636;
25.10.2024;13:09:54.285;FBTP SI 20241206 PS;SIMPLE_INSTRUMENT;EFP_FIN;EUR;17;121.13000000;204;EXCHANGE_LAST;;1;1;XEUR;10804520;636;
25.10.2024;13:29:38.195;FBTP SI 20241206 PS;SIMPLE_INSTRUMENT;EFP_FIN;EUR;18;121.15000000;91;EXCHANGE_LAST;;1;1;XEUR;10804520;636;
25.10.2024;13:46:08.879;FBTP SI 20241206 PS;SIMPLE_INSTRUMENT;EFP_FIN;EUR;19;121.18000000;227;EXCHANGE_LAST;;1;1;XEUR;10804520;636;
25.10.2024;13:46:14.703;FBTP SI 20241206 PS;SIMPLE_INSTRUMENT;EFP_FIN;EUR;20;121.12000000;858;EXCHANGE_LAST;;1;1;XEUR;10804520;636;
25.10.2024;13:54:48.117;FBTP SI 20241206 PS;SIMPLE_INSTRUMENT;EFP_FIN;EUR;21;121.08000000;227;EXCHANGE_LAST;;1;1;XEUR;10804520;636;
25.10.2024;13:55:08.612;FBTP SI 20241206 PS;SIMPLE_INSTRUMENT;EFP_FIN;EUR;22;121.11000000;453;EXCHANGE_LAST;;1;1;XEUR;10804520;636;
25.10.2024;13:55:07.017;FBTP SI 20241206 PS;SIMPLE_INSTRUMENT;EFP_FIN;EUR;23;121.14000000;671;EXCHANGE_LAST;;1;1;XEUR;10804520;636;
25.10.2024;14:03:50.282;FBTP SI 20241206 PS;SIMPLE_INSTRUMENT;EFP_FIN;EUR;24;121.09000000;1106;EXCHANGE_LAST;;1;1;XEUR;10804520;636;
25.10.2024;14:07:03.871;FBTP SI 20241206 PS;SIMPLE_INSTRUMENT;EFP_FIN;EUR;25;121.06000000;145;EXCHANGE_LAST;;1;1;XEUR;10804520;636;
25.10.2024;14:07:27.438;FBTP SI 20241206 PS;SIMPLE_INSTRUMENT;EFP_FIN;EUR;26;121.14000000;224;EXCHANGE_LAST;;1;1;XEUR;10804520;636;
25.10.2024;14:18:47.238;FBTP SI 20241206 PS;SIMPLE_INSTRUMENT;EFP_FIN;EUR;27;121.07000000;269;EXCHANGE_LAST;;1;1;XEUR;10804520;636;
25.10.2024;14:28:20.811;FBTP SI 20241206 PS;SIMPLE_INSTRUMENT;EFP_FIN;EUR;28;121.07000000;168;EXCHANGE_LAST;;1;1;XEUR;10804520;636;
25.10.2024;14:42:39.699;FBTP SI 20241206 PS;SIMPLE_INSTRUMENT;EFP_FIN;EUR;29;121.07000000;227;EXCHANGE_LAST;;1;1;XEUR;10804520;636;
25.10.2024;14:43:46.830;FBTP SI 20241206 PS;SIMPLE_INSTRUMENT;EFP_FIN;EUR;30;121.14000000;547;EXCHANGE_LAST;;1;1;XEUR;10804520;636;
25.10.2024;15:11:14.581;FBTP SI 20241206 PS;SIMPLE_INSTRUMENT;EFP_FIN;EUR;31;121.13000000;89;EXCHANGE_LAST;;1;1;XEUR;10804520;636;
25.10.2024;15:36:23.704;FBTP SI 20241206 PS;SIMPLE_INSTRUMENT;EFP_FIN;EUR;32;121.03000000;139;EXCHANGE_LAST;;1;1;XEUR;10804520;636;
25.10.2024;15:37:57.709;FBTP SI 20241206 PS;SIMPLE_INSTRUMENT;EFP_FIN;EUR;33;121.03000000;222;EXCHANGE_LAST;;1;1;XEUR;10804520;636;
25.10.2024;08:13:24.120;FBTS SI 20241206 PS;SIMPLE_INSTRUMENT;EFP_FIN;EUR;6;107.44000000;391;EXCHANGE_LAST;;1;1;XEUR;10804522;639;
25.10.2024;08:17:13.959;FBTS SI 20241206 PS;SIMPLE_INSTRUMENT;EFP_FIN;EUR;7;107.48000000;192;EXCHANGE_LAST;;1;1;XEUR;10804522;639;
25.10.2024;08:33:11.281;FBTS SI 20241206 PS;SIMPLE_INSTRUMENT;EFP_FIN;EUR;8;107.48000000;192;EXCHANGE_LAST;;1;1;XEUR;10804522;639;
25.10.2024;08:39:25.338;FBTS SI 20241206 PS;SIMPLE_INSTRUMENT;EFP_FIN;EUR;9;107.43000000;189;EXCHANGE_LAST;;1;1;XEUR;10804522;639;
25.10.2024;08:40:06.849;FBTS SI 20241206 PS;SIMPLE_INSTRUMENT;EFP_FIN;EUR;10;107.43000000;189;EXCHANGE_LAST;;1;1;XEUR;10804522;639;
25.10.2024;08:59:01.663;FBTS SI 20241206 PS;SIMPLE_INSTRUMENT;BLOCK;EUR;11;107.44000000;1705;EXCHANGE_LAST;;1;1;XEUR;10804522;639;
25.10.2024;09:11:55.855;FBTS SI 20241206 PS;SIMPLE_INSTRUMENT;EFP_FIN;EUR;13;107.43000000;221;EXCHANGE_LAST;;1;1;XEUR;10804522;639;
25.10.2024;09:11:58.051;FBTS SI 20241206 PS;SIMPLE_INSTRUMENT;EFP_FIN;EUR;14;107.43000000;221;EXCHANGE_LAST;;1;1;XEUR;10804522;639;
25.10.2024;09:24:08.312;FBTS SI 20241206 PS;SIMPLE_INSTRUMENT;EFP_FIN;EUR;15;107.44000000;226;EXCHANGE_LAST;;1;1;XEUR;10804522;639;
25.10.2024;09:24:18.429;FBTS SI 20241206 PS;SIMPLE_INSTRUMENT;EFP_FIN;EUR;16;107.44000000;566;EXCHANGE_LAST;;1;1;XEUR;10804522;639;
25.10.2024;09:24:03.699;FBTS SI 20241206 PS;SIMPLE_INSTRUMENT;EFP_FIN;EUR;17;107.44000000;748;EXCHANGE_LAST;;1;1;XEUR;10804522;639;
25.10.2024;09:48:13.046;FBTS SI 20241206 PS;SIMPLE_INSTRUMENT;EFP_FIN;EUR;18;107.43000000;399;EXCHANGE_LAST;;1;1;XEUR;10804522;639;
25.10.2024;09:59:05.062;FBTS SI 20241206 PS;SIMPLE_INSTRUMENT;EFP_FIN;EUR;20;107.45000000;1132;EXCHANGE_LAST;;1;1;XEUR;10804522;639;
25.10.2024;10:30:41.634;FBTS SI 20241206 PS;SIMPLE_INSTRUMENT;EFP_FIN;EUR;23;107.44000000;189;EXCHANGE_LAST;;1;1;XEUR;10804522;639;
25.10.2024;10:30:46.250;FBTS SI 20241206 PS;SIMPLE_INSTRUMENT;EFP_FIN;EUR;24;107.44000000;221;EXCHANGE_LAST;;1;1;XEUR;10804522;639;
25.10.2024;10:34:13.196;FBTS SI 20241206 PS;SIMPLE_INSTRUMENT;EFP_FIN;EUR;25;107.44000000;770;EXCHANGE_LAST;;1;1;XEUR;10804522;639;
25.10.2024;10:37:00.606;FBTS SI 20241206 PS;SIMPLE_INSTRUMENT;EFP_FIN;EUR;26;107.44000000;302;EXCHANGE_LAST;;1;1;XEUR;10804522;639;
25.10.2024;11:33:15.464;FBTS SI 20241206 PS;SIMPLE_INSTRUMENT;EFP_FIN;EUR;28;107.40000000;555;EXCHANGE_LAST;;1;1;XEUR;10804522;639;
25.10.2024;11:52:08.288;FBTS SI 20241206 PS;SIMPLE_INSTRUMENT;EFP_FIN;EUR;30;107.44000000;2350;EXCHANGE_LAST;;1;1;XEUR;10804522;639;
25.10.2024;12:17:13.453;FBTS SI 20241206 PS;SIMPLE_INSTRUMENT;EFP_FIN;EUR;31;107.41000000;676;EXCHANGE_LAST;;1;1;XEUR;10804522;639;
25.10.2024;12:18:17.489;FBTS SI 20241206 PS;SIMPLE_INSTRUMENT;EFP_FIN;EUR;32;107.41000000;555;EXCHANGE_LAST;;1;1;XEUR;10804522;639;
25.10.2024;12:22:12.050;FBTS SI 20241206 PS;SIMPLE_INSTRUMENT;EFP_FIN;EUR;34;107.43000000;1325;EXCHANGE_LAST;;1;1;XEUR;10804522;639;
25.10.2024;12:25:07.085;FBTS SI 20241206 PS;SIMPLE_INSTRUMENT;EFP_FIN;EUR;35;107.41000000;1670;EXCHANGE_LAST;;1;1;XEUR;10804522;639;
25.10.2024;12:27:27.771;FBTS SI 20241206 PS;SIMPLE_INSTRUMENT;EFP_FIN;EUR;36;107.40000000;568;EXCHANGE_LAST;;1;1;XEUR;10804522;639;
25.10.2024;13:11:26.044;FBTS SI 20241206 PS;SIMPLE_INSTRUMENT;EFP_FIN;EUR;37;107.43000000;445;EXCHANGE_LAST;;1;1;XEUR;10804522;639;
25.10.2024;13:43:44.810;FBTS SI 20241206 PS;SIMPLE_INSTRUMENT;EFP_FIN;EUR;38;107.42000000;2536;EXCHANGE_LAST;;1;1;XEUR;10804522;639;
25.10.2024;13:47:33.617;FBTS SI 20241206 PS;SIMPLE_INSTRUMENT;EFP_FIN;EUR;39;107.56000000;603;EXCHANGE_LAST;;1;1;XEUR;10804522;639;
25.10.2024;14:25:55.536;FBTS SI 20241206 PS;SIMPLE_INSTRUMENT;BLOCK;EUR;42;107.40000000;1391;EXCHANGE_LAST;;1;1;XEUR;10804522;639;
25.10.2024;14:39:39.494;FBTS SI 20241206 PS;SIMPLE_INSTRUMENT;EFP_FIN;EUR;43;107.39000000;377;EXCHANGE_LAST;;1;1;XEUR;10804522;639;
25.10.2024;14:51:53.184;FBTS SI 20241206 PS;SIMPLE_INSTRUMENT;EFP_FIN;EUR;44;107.38000000;483;EXCHANGE_LAST;;1;1;XEUR;10804522;639;
25.10.2024;14:58:49.384;FBTS SI 20241206 PS;SIMPLE_INSTRUMENT;EFP_FIN;EUR;45;107.38000000;668;EXCHANGE_LAST;;1;1;XEUR;10804522;639;
25.10.2024;15:05:31.029;FBTS SI 20241206 PS;SIMPLE_INSTRUMENT;BLOCK;EUR;46;107.37000000;451;EXCHANGE_LAST;;1;1;XEUR;10804522;639;
25.10.2024;15:05:37.852;FBTS SI 20241206 PS;SIMPLE_INSTRUMENT;EFP_FIN;EUR;47;107.38000000;242;EXCHANGE_LAST;;1;1;XEUR;10804522;639;
25.10.2024;15:06:00.043;FBTS SI 20241206 PS;SIMPLE_INSTRUMENT;BLOCK;EUR;48;107.37000000;225;EXCHANGE_LAST;;1;1;XEUR;10804522;639;
25.10.2024;15:21:10.073;FBTS SI 20241206 PS;SIMPLE_INSTRUMENT;EFP_FIN;EUR;49;107.39000000;940;EXCHANGE_LAST;;1;1;XEUR;10804522;639;
25.10.2024;15:23:04.776;FBTS SI 20241206 PS;SIMPLE_INSTRUMENT;EFP_FIN;EUR;50;107.38000000;1153;EXCHANGE_LAST;;1;1;XEUR;10804522;639;
25.10.2024;15:32:52.806;FBTS SI 20241206 PS;SIMPLE_INSTRUMENT;EFP_FIN;EUR;52;107.38000000;1042;EXCHANGE_LAST;;1;1;XEUR;10804522;639;
25.10.2024;15:45:30.843;FBTS SI 20241206 PS;SIMPLE_INSTRUMENT;EFP_FIN;EUR;53;107.37000000;1870;EXCHANGE_LAST;;1;1;XEUR;10804522;639;
25.10.2024;13:25:32.465;FCBU SI 20241203 CS;SIMPLE_INSTRUMENT;BLOCK;USD;4;0.17497000;600;EXCHANGE_LAST;;1;1;XEUR;10350809;570870;
25.10.2024;13:27:10.718;FCBU SI 20241104 CS;SIMPLE_INSTRUMENT;BLOCK;USD;5;0.17550000;600;EXCHANGE_LAST;;1;1;XEUR;10201115;570870;
25.10.2024;09:59:40.151;FCPU SI 20241216 PS;SIMPLE_INSTRUMENT;BLOCK;USD;1;1.29800000;114;EXCHANGE_LAST;;1;1;XEUR;7140366;369379;
25.10.2024;08:47:35.774;FD3D SI 20251219 CS;SIMPLE_INSTRUMENT;BLOCK;EUR;4;107.50000000;500;EXCHANGE_LAST;;1;1;XEUR;5914068;588;
25.10.2024;08:53:10.943;FD3D SI 20261218 CS;SIMPLE_INSTRUMENT;BLOCK;EUR;6;108.40000000;500;EXCHANGE_LAST;;1;1;XEUR;7158183;588;
25.10.2024;14:53:10.899;FDAX SI 20241220 CS;SIMPLE_INSTRUMENT;EFP_IDX;EUR;1;19608.00000000;350;EXCHANGE_LAST;;1;1;XEUR;7296065;589;
25.10.2024;15:11:11.816;FDAX SI 20241220 CS;SIMPLE_INSTRUMENT;EFP_IDX;EUR;2;19608.00000000;150;EXCHANGE_LAST;;1;1;XEUR;7296065;589;
25.10.2024;15:50:03.880;FDAX SI 20241220 CS;SIMPLE_INSTRUMENT;EFP_IDX;EUR;3;19570.00000000;4;EXCHANGE_LAST;;1;1;XEUR;7296065;589;
25.10.2024;15:50:29.363;FDAX SI 20241220 CS;SIMPLE_INSTRUMENT;EFP_IDX;EUR;4;19569.00000000;41;EXCHANGE_LAST;;1;1;XEUR;7296065;589;
25.10.2024;15:57:23.265;FDAX SI 20241220 CS;SIMPLE_INSTRUMENT;EFP_IDX;EUR;5;19567.00000000;29;EXCHANGE_LAST;;1;1;XEUR;7296065;589;
25.10.2024;15:57:37.657;FDAX SI 20241220 CS;SIMPLE_INSTRUMENT;EFP_IDX;EUR;6;19568.00000000;3;EXCHANGE_LAST;;1;1;XEUR;7296065;589;
25.10.2024;15:58:27.947;FDAX SI 20241220 CS;SIMPLE_INSTRUMENT;EFP_IDX;EUR;7;19566.00000000;13;EXCHANGE_LAST;;1;1;XEUR;7296065;589;
25.10.2024;15:58:49.061;FDAX SI 20241220 CS;SIMPLE_INSTRUMENT;EFP_IDX;EUR;8;19567.00000000;19;EXCHANGE_LAST;;1;1;XEUR;7296065;589;
25.10.2024;10:50:50.796;FEBD SI 20261218 CS;SIMPLE_INSTRUMENT;BLOCK;EUR;21;9.35000000;1500;EXCHANGE_LAST;;1;1;XEUR;7158212;597;
25.10.2024;11:07:28.051;FEBD SI 20261218 CS;SIMPLE_INSTRUMENT;BLOCK;EUR;22;9.34000000;750;EXCHANGE_LAST;;1;2;XEUR;7158212;597;
25.10.2024;11:07:18.163;FEBD SI 20271217 CS;SIMPLE_INSTRUMENT;BLOCK;EUR;23;8.47000000;250;EXCHANGE_LAST;;1;1;XEUR;7776307;597;
25.10.2024;14:18:07.029;FEBD SI 20261218 CS;SIMPLE_INSTRUMENT;BLOCK;EUR;31;9.34000000;750;EXCHANGE_LAST;;1;1;XEUR;7158212;597;
25.10.2024;14:28:10.206;FEBD SI 20271217 CS;SIMPLE_INSTRUMENT;BLOCK;EUR;35;8.46000000;150;EXCHANGE_LAST;;1;1;XEUR;7776307;597;
25.10.2024;09:12:46.210;FECX SI 20241220 CS;SIMPLE_INSTRUMENT;BLOCK;EUR;8;164.86000000;286;EXCHANGE_LAST;;1;1;XEUR;10920731;410158;
25.10.2024;09:14:22.139;FECX SI 20241220 CS;SIMPLE_INSTRUMENT;BLOCK;EUR;9;164.83000000;285;EXCHANGE_LAST;;1;1;XEUR;10920731;410158;
25.10.2024;09:13:24.474;FEHY SI 20241220 CS;SIMPLE_INSTRUMENT;BLOCK;EUR;7;291.38000000;735;EXCHANGE_LAST;;1;1;XEUR;10921067;574047;
25.10.2024;09:42:07.118;FEHY SI 20241220 CS;SIMPLE_INSTRUMENT;BLOCK;EUR;15;291.64000000;367;EXCHANGE_LAST;;1;1;XEUR;10921067;574047;
25.10.2024;10:18:57.248;FEHY SI 20241220 CS;SIMPLE_INSTRUMENT;BLOCK;EUR;19;291.56000000;367;EXCHANGE_LAST;;1;1;XEUR;10921067;574047;
25.10.2024;15:42:39.977;FESB SI 20241220 CS;SIMPLE_INSTRUMENT;EFP_IDX;EUR;38;144.00000000;800;EXCHANGE_LAST;;1;1;XEUR;10838895;605;
25.10.2024;15:43:19.004;FESB SI 20241220 CS;SIMPLE_INSTRUMENT;EFP_IDX;EUR;39;144.10000000;1200;EXCHANGE_LAST;;1;1;XEUR;10838895;605;
25.10.2024;11:08:41.546;FESG SI 20241220 CS;SIMPLE_INSTRUMENT;VOLA;EUR;603979800;1310.50000000;11;EXCHANGE_LAST;;1;1;XEUR;10839536;687;
25.10.2024;11:23:49.786;FESG SI 20241220 CS;SIMPLE_INSTRUMENT;VOLA;EUR;603979801;1310.50000000;12;EXCHANGE_LAST;;1;1;XEUR;10839536;687;
25.10.2024;13:09:48.473;FESU SI 20241220 CS;SIMPLE_INSTRUMENT;BLOCK;EUR;1;400.00000000;1000;EXCHANGE_LAST;;1;1;XEUR;10839076;673;
25.10.2024;09:38:11.614;FESX SI 20241220 CS;SIMPLE_INSTRUMENT;EFP_IDX;EUR;2;4965.00000000;1000;EXCHANGE_LAST;;1;1;XEUR;7793479;675;
25.10.2024;09:38:20.770;FESX SI 20241220 CS;SIMPLE_INSTRUMENT;EFP_IDX;EUR;3;4966.00000000;1000;EXCHANGE_LAST;;1;1;XEUR;7793479;675;
25.10.2024;11:12:01.273;FESX SI 20241220 CS;SIMPLE_INSTRUMENT;EFP_IDX;EUR;4;4954.00000000;1000;EXCHANGE_LAST;;1;1;XEUR;7793479;675;
25.10.2024;11:11:54.957;FESX SI 20241220 CS;SIMPLE_INSTRUMENT;BLOCK;EUR;5;4955.00000000;2000;EXCHANGE_LAST;;1;1;XEUR;7793479;675;
25.10.2024;15:44:09.518;FESX SI 20241220 CS;SIMPLE_INSTRUMENT;EFP_IDX;EUR;8;4957.00000000;78;EXCHANGE_LAST;;1;1;XEUR;7793479;675;
25.10.2024;15:44:50.520;FESX SI 20241220 CS;SIMPLE_INSTRUMENT;EFP_IDX;EUR;9;4958.00000000;74;EXCHANGE_LAST;;1;1;XEUR;7793479;675;
25.10.2024;15:50:42.539;FESX SI 20241220 CS;SIMPLE_INSTRUMENT;EFP_IDX;EUR;10;4957.00000000;1108;EXCHANGE_LAST;;1;1;XEUR;7793479;675;
25.10.2024;15:50:52.540;FESX SI 20241220 CS;SIMPLE_INSTRUMENT;EFP_IDX;EUR;11;4958.00000000;1177;EXCHANGE_LAST;;1;1;XEUR;7793479;675;
25.10.2024;15:52:01.663;FESX SI 20241220 CS;SIMPLE_INSTRUMENT;EFP_IDX;EUR;12;4957.00000000;77;EXCHANGE_LAST;;1;1;XEUR;7793479;675;
25.10.2024;15:52:04.862;FESX SI 20241220 CS;SIMPLE_INSTRUMENT;EFP_IDX;EUR;13;4958.00000000;110;EXCHANGE_LAST;;1;1;XEUR;7793479;675;
25.10.2024;15:57:59.570;FESX SI 20241220 CS;SIMPLE_INSTRUMENT;EFP_IDX;EUR;14;4957.00000000;99;EXCHANGE_LAST;;1;1;XEUR;7793479;675;
25.10.2024;15:57:49.438;FESX SI 20241220 CS;SIMPLE_INSTRUMENT;EFP_IDX;EUR;15;4958.00000000;251;EXCHANGE_LAST;;1;1;XEUR;7793479;675;
25.10.2024;15:54:49.792;FESX SI 20241220 CS;SIMPLE_INSTRUMENT;EFP_IDX;EUR;16;4957.00000000;97;EXCHANGE_LAST;;1;1;XEUR;7793479;675;
25.10.2024;15:55:04.859;FESX SI 20241220 CS;SIMPLE_INSTRUMENT;EFP_IDX;EUR;17;4958.00000000;243;EXCHANGE_LAST;;1;1;XEUR;7793479;675;
25.10.2024;16:12:01.662;FESX SI 20241220 CS;SIMPLE_INSTRUMENT;EFP_IDX;EUR;18;4958.00000000;119;EXCHANGE_LAST;;1;1;XEUR;7793479;675;
25.10.2024;16:12:36.397;FESX SI 20241220 CS;SIMPLE_INSTRUMENT;EFP_IDX;EUR;19;4957.00000000;47;EXCHANGE_LAST;;1;1;XEUR;7793479;675;
25.10.2024;07:57:54.092;FESX SI 20241220 CS;SIMPLE_INSTRUMENT;VOLA;EUR;637534215;4930.00000000;1656;EXCHANGE_LAST;;1;1;XEUR;7793479;675;
25.10.2024;08:05:36.220;FESX SI 20241220 CS;SIMPLE_INSTRUMENT;VOLA;EUR;637534217;4935.00000000;36;EXCHANGE_LAST;;1;1;XEUR;7793479;675;
25.10.2024;11:21:51.136;FESX SI 20241220 CS;SIMPLE_INSTRUMENT;VOLA;EUR;637534266;4945.00000000;580;EXCHANGE_LAST;;1;1;XEUR;7793479;675;
25.10.2024;13:45:15.344;FESX SI 20241220 CS;SIMPLE_INSTRUMENT;VOLA;EUR;637534294;4960.00000000;77;EXCHANGE_LAST;;1;1;XEUR;7793479;675;
25.10.2024;15:11:53.791;FESX SI 20241220 CS;SIMPLE_INSTRUMENT;VOLA;EUR;637534309;4960.00000000;982;EXCHANGE_LAST;;1;1;XEUR;7793479;675;
25.10.2024;15:21:02.533;FESX SI 20241220 CS;SIMPLE_INSTRUMENT;VOLA;EUR;637534313;4960.00000000;470;EXCHANGE_LAST;;1;1;XEUR;7793479;675;
25.10.2024;15:21:05.952;FESX SI 20241220 CS;SIMPLE_INSTRUMENT;VOLA;EUR;637534314;4960.00000000;478;EXCHANGE_LAST;;1;1;XEUR;7793479;675;
25.10.2024;10:31:45.071;FEXD SI 20261218 CS;SIMPLE_INSTRUMENT;BLOCK;EUR;20;154.00000000;300;EXCHANGE_LAST;;1;1;XEUR;2163053;693;
25.10.2024;14:28:31.048;FEXD SI 20271217 CS;SIMPLE_INSTRUMENT;BLOCK;EUR;32;148.40000000;750;EXCHANGE_LAST;;1;1;XEUR;2848338;693;
25.10.2024;14:28:43.702;FEXD SI 20291221 CS;SIMPLE_INSTRUMENT;BLOCK;EUR;33;138.30000000;375;EXCHANGE_LAST;;1;1;XEUR;4631968;693;
25.10.2024;14:28:54.529;FEXD SI 20291221 CS;SIMPLE_INSTRUMENT;BLOCK;EUR;34;138.40000000;375;EXCHANGE_LAST;;1;1;XEUR;4631968;693;
25.10.2024;14:55:41.991;FEXD SI 20261218 CS;SIMPLE_INSTRUMENT;BLOCK;EUR;37;154.70000000;215;EXCHANGE_LAST;;1;1;XEUR;2163053;693;
25.10.2024;14:56:03.095;FEXD SI 20261218 CS;SIMPLE_INSTRUMENT;BLOCK;EUR;38;154.80000000;215;EXCHANGE_LAST;;1;1;XEUR;2163053;693;
25.10.2024;14:58:45.721;FEXD SI 20251219 CS;SIMPLE_INSTRUMENT;BLOCK;EUR;39;159.00000000;300;EXCHANGE_LAST;;1;1;XEUR;1548120;693;
25.10.2024;06:50:10.601;FGBL SI 20241206 PS;SIMPLE_INSTRUMENT;EFS;EUR;1;133.35000000;214;EXCHANGE_LAST;;1;1;XEUR;10804524;688;
25.10.2024;06:52:08.144;FGBL SI 20241206 PS;SIMPLE_INSTRUMENT;EFS;EUR;2;133.30000000;213;EXCHANGE_LAST;;1;1;XEUR;10804524;688;
25.10.2024;06:52:57.052;FGBL SI 20241206 PS;SIMPLE_INSTRUMENT;EFS;EUR;3;133.32000000;298;EXCHANGE_LAST;;1;1;XEUR;10804524;688;
25.10.2024;06:54:14.861;FGBL SI 20241206 PS;SIMPLE_INSTRUMENT;EFS;EUR;4;133.33000000;213;EXCHANGE_LAST;;1;1;XEUR;10804524;688;
25.10.2024;07:13:52.663;FGBL SI 20241206 PS;SIMPLE_INSTRUMENT;EFS;EUR;5;133.40000000;427;EXCHANGE_LAST;;1;1;XEUR;10804524;688;
25.10.2024;07:15:41.319;FGBL SI 20241206 PS;SIMPLE_INSTRUMENT;EFS;EUR;6;133.34000000;390;EXCHANGE_LAST;;1;1;XEUR;10804524;688;
25.10.2024;07:24:05.022;FGBL SI 20241206 PS;SIMPLE_INSTRUMENT;EFS;EUR;7;133.41000000;213;EXCHANGE_LAST;;1;1;XEUR;10804524;688;
25.10.2024;07:24:30.238;FGBL SI 20241206 PS;SIMPLE_INSTRUMENT;EFS;EUR;8;133.41000000;213;EXCHANGE_LAST;;1;1;XEUR;10804524;688;
25.10.2024;07:31:35.881;FGBL SI 20241206 PS;SIMPLE_INSTRUMENT;EFS;EUR;9;133.46000000;426;EXCHANGE_LAST;;1;1;XEUR;10804524;688;
25.10.2024;07:44:11.042;FGBL SI 20241206 PS;SIMPLE_INSTRUMENT;EFS;EUR;10;133.39000000;427;EXCHANGE_LAST;;1;1;XEUR;10804524;688;
25.10.2024;08:13:21.887;FGBL SI 20241206 PS;SIMPLE_INSTRUMENT;EFP_FIN;EUR;11;133.28000000;1590;EXCHANGE_LAST;;1;1;XEUR;10804524;688;
25.10.2024;08:17:41.791;FGBL SI 20241206 PS;SIMPLE_INSTRUMENT;EFS;EUR;12;133.21000000;426;EXCHANGE_LAST;;1;1;XEUR;10804524;688;
25.10.2024;08:18:24.170;FGBL SI 20241206 PS;SIMPLE_INSTRUMENT;EFS;EUR;13;133.22000000;426;EXCHANGE_LAST;;1;1;XEUR;10804524;688;
25.10.2024;08:24:42.579;FGBL SI 20241206 PS;SIMPLE_INSTRUMENT;EFP_FIN;EUR;14;133.25000000;122;EXCHANGE_LAST;;1;1;XEUR;10804524;688;
25.10.2024;08:26:30.683;FGBL SI 20241206 PS;SIMPLE_INSTRUMENT;EFP_FIN;EUR;15;133.25000000;86;EXCHANGE_LAST;;1;1;XEUR;10804524;688;
25.10.2024;08:28:28.295;FGBL SI 20241206 PS;SIMPLE_INSTRUMENT;EFS;EUR;16;133.25000000;705;EXCHANGE_LAST;;1;1;XEUR;10804524;688;
25.10.2024;08:31:25.150;FGBL SI 20241206 PS;SIMPLE_INSTRUMENT;EFS;EUR;17;133.21000000;427;EXCHANGE_LAST;;1;1;XEUR;10804524;688;
25.10.2024;08:36:15.656;FGBL SI 20241206 PS;SIMPLE_INSTRUMENT;EFP_FIN;EUR;18;133.18000000;363;EXCHANGE_LAST;;1;1;XEUR;10804524;688;
25.10.2024;08:49:58.422;FGBL SI 20241206 PS;SIMPLE_INSTRUMENT;EFS;EUR;19;133.20000000;728;EXCHANGE_LAST;;1;1;XEUR;10804524;688;
25.10.2024;08:53:12.238;FGBL SI 20241206 PS;SIMPLE_INSTRUMENT;EFS;EUR;20;133.19000000;214;EXCHANGE_LAST;;1;1;XEUR;10804524;688;
25.10.2024;08:54:08.575;FGBL SI 20241206 PS;SIMPLE_INSTRUMENT;EFP_FIN;EUR;21;133.25000000;216;EXCHANGE_LAST;;1;1;XEUR;10804524;688;
25.10.2024;08:54:27.288;FGBL SI 20241206 PS;SIMPLE_INSTRUMENT;EFS;EUR;22;133.18000000;427;EXCHANGE_LAST;;1;1;XEUR;10804524;688;
25.10.2024;09:00:09.264;FGBL SI 20241206 PS;SIMPLE_INSTRUMENT;EFS;EUR;23;133.18000000;1943;EXCHANGE_LAST;;1;1;XEUR;10804524;688;
25.10.2024;09:05:07.317;FGBL SI 20241206 PS;SIMPLE_INSTRUMENT;EFS;EUR;24;133.18000000;1441;EXCHANGE_LAST;;1;1;XEUR;10804524;688;
25.10.2024;09:07:07.894;FGBL SI 20241206 PS;SIMPLE_INSTRUMENT;EFS;EUR;25;133.12000000;428;EXCHANGE_LAST;;1;1;XEUR;10804524;688;
25.10.2024;09:09:09.084;FGBL SI 20241206 PS;SIMPLE_INSTRUMENT;EFS;EUR;26;133.14000000;213;EXCHANGE_LAST;;1;1;XEUR;10804524;688;
25.10.2024;09:10:03.340;FGBL SI 20241206 PS;SIMPLE_INSTRUMENT;EFS;EUR;27;133.10000000;299;EXCHANGE_LAST;;1;1;XEUR;10804524;688;
25.10.2024;09:11:20.960;FGBL SI 20241206 PS;SIMPLE_INSTRUMENT;EFS;EUR;28;133.13000000;427;EXCHANGE_LAST;;1;1;XEUR;10804524;688;
25.10.2024;09:12:07.102;FGBL SI 20241206 PS;SIMPLE_INSTRUMENT;EFS;EUR;29;133.13000000;213;EXCHANGE_LAST;;1;1;XEUR;10804524;688;
25.10.2024;09:17:04.432;FGBL SI 20241206 PS;SIMPLE_INSTRUMENT;EFS;EUR;30;133.08000000;428;EXCHANGE_LAST;;1;1;XEUR;10804524;688;
25.10.2024;09:18:14.521;FGBL SI 20241206 PS;SIMPLE_INSTRUMENT;EFS;EUR;31;133.08000000;513;EXCHANGE_LAST;;1;1;XEUR;10804524;688;
25.10.2024;09:20:02.355;FGBL SI 20241206 PS;SIMPLE_INSTRUMENT;EFS;EUR;32;133.14000000;640;EXCHANGE_LAST;;1;1;XEUR;10804524;688;
25.10.2024;09:20:30.094;FGBL SI 20241206 PS;SIMPLE_INSTRUMENT;EFS;EUR;33;133.14000000;640;EXCHANGE_LAST;;1;1;XEUR;10804524;688;
25.10.2024;09:27:35.081;FGBL SI 20241206 PS;SIMPLE_INSTRUMENT;EFS;EUR;34;133.07000000;513;EXCHANGE_LAST;;1;1;XEUR;10804524;688;
25.10.2024;09:34:45.557;FGBL SI 20241206 PS;SIMPLE_INSTRUMENT;EFS;EUR;35;133.09000000;427;EXCHANGE_LAST;;1;1;XEUR;10804524;688;
25.10.2024;09:37:06.542;FGBL SI 20241206 PS;SIMPLE_INSTRUMENT;EFS;EUR;36;133.13000000;513;EXCHANGE_LAST;;1;1;XEUR;10804524;688;
25.10.2024;09:38:26.644;FGBL SI 20241206 PS;SIMPLE_INSTRUMENT;EFS;EUR;37;133.13000000;513;EXCHANGE_LAST;;1;1;XEUR;10804524;688;
25.10.2024;09:41:21.824;FGBL SI 20241206 PS;SIMPLE_INSTRUMENT;EFS;EUR;38;133.10000000;1026;EXCHANGE_LAST;;1;1;XEUR;10804524;688;
25.10.2024;09:47:32.163;FGBL SI 20241206 PS;SIMPLE_INSTRUMENT;EFS;EUR;39;133.10000000;428;EXCHANGE_LAST;;1;1;XEUR;10804524;688;
25.10.2024;09:52:42.292;FGBL SI 20241206 PS;SIMPLE_INSTRUMENT;EFP_FIN;EUR;40;133.12000000;1217;EXCHANGE_LAST;;1;1;XEUR;10804524;688;
25.10.2024;09:53:46.533;FGBL SI 20241206 PS;SIMPLE_INSTRUMENT;EFS;EUR;41;133.10000000;428;EXCHANGE_LAST;;1;1;XEUR;10804524;688;
25.10.2024;09:54:54.036;FGBL SI 20241206 PS;SIMPLE_INSTRUMENT;EFS;EUR;42;133.11000000;486;EXCHANGE_LAST;;1;1;XEUR;10804524;688;
25.10.2024;09:55:12.461;FGBL SI 20241206 PS;SIMPLE_INSTRUMENT;EFS;EUR;43;133.15000000;513;EXCHANGE_LAST;;1;1;XEUR;10804524;688;
25.10.2024;09:58:37.592;FGBL SI 20241206 PS;SIMPLE_INSTRUMENT;EFS;EUR;44;133.17000000;428;EXCHANGE_LAST;;1;1;XEUR;10804524;688;
25.10.2024;09:59:52.664;FGBL SI 20241206 PS;SIMPLE_INSTRUMENT;EFS;EUR;45;133.10000000;428;EXCHANGE_LAST;;1;1;XEUR;10804524;688;
25.10.2024;10:00:47.018;FGBL SI 20241206 PS;SIMPLE_INSTRUMENT;EFS;EUR;46;133.11000000;972;EXCHANGE_LAST;;1;1;XEUR;10804524;688;
25.10.2024;10:02:34.507;FGBL SI 20241206 PS;SIMPLE_INSTRUMENT;EFS;EUR;47;133.10000000;428;EXCHANGE_LAST;;1;1;XEUR;10804524;688;
25.10.2024;10:10:59.554;FGBL SI 20241206 PS;SIMPLE_INSTRUMENT;EFP_FIN;EUR;48;133.19000000;412;EXCHANGE_LAST;;1;1;XEUR;10804524;688;
25.10.2024;10:11:57.820;FGBL SI 20241206 PS;SIMPLE_INSTRUMENT;EFS;EUR;49;133.18000000;285;EXCHANGE_LAST;;1;1;XEUR;10804524;688;
25.10.2024;10:19:53.487;FGBL SI 20241206 PS;SIMPLE_INSTRUMENT;EFP_FIN;EUR;50;133.17000000;850;EXCHANGE_LAST;;1;1;XEUR;10804524;688;
25.10.2024;10:26:07.094;FGBL SI 20241206 PS;SIMPLE_INSTRUMENT;EFS;EUR;51;133.08000000;640;EXCHANGE_LAST;;1;1;XEUR;10804524;688;
25.10.2024;10:31:56.775;FGBL SI 20241206 PS;SIMPLE_INSTRUMENT;EFS;EUR;52;133.09000000;489;EXCHANGE_LAST;;1;1;XEUR;10804524;688;
25.10.2024;10:48:57.044;FGBL SI 20241206 PS;SIMPLE_INSTRUMENT;EFS;EUR;53;133.12000000;513;EXCHANGE_LAST;;1;1;XEUR;10804524;688;
25.10.2024;10:49:42.188;FGBL SI 20241206 PS;SIMPLE_INSTRUMENT;EFP_FIN;EUR;54;133.10000000;286;EXCHANGE_LAST;;1;1;XEUR;10804524;688;
25.10.2024;10:52:28.282;FGBL SI 20241206 PS;SIMPLE_INSTRUMENT;EFS;EUR;55;133.14000000;513;EXCHANGE_LAST;;1;1;XEUR;10804524;688;
25.10.2024;11:06:59.243;FGBL SI 20241206 PS;SIMPLE_INSTRUMENT;EFS;EUR;56;133.12000000;205;EXCHANGE_LAST;;1;1;XEUR;10804524;688;
25.10.2024;11:28:36.465;FGBL SI 20241206 PS;SIMPLE_INSTRUMENT;EFS;EUR;57;133.13000000;428;EXCHANGE_LAST;;1;1;XEUR;10804524;688;
25.10.2024;11:37:02.319;FGBL SI 20241206 PS;SIMPLE_INSTRUMENT;EFP_FIN;EUR;58;133.12000000;192;EXCHANGE_LAST;;1;1;XEUR;10804524;688;
25.10.2024;11:38:57.449;FGBL SI 20241206 PS;SIMPLE_INSTRUMENT;EFS;EUR;59;133.18000000;307;EXCHANGE_LAST;;1;1;XEUR;10804524;688;
25.10.2024;11:44:32.151;FGBL SI 20241206 PS;SIMPLE_INSTRUMENT;EFS;EUR;60;133.19000000;428;EXCHANGE_LAST;;1;1;XEUR;10804524;688;
25.10.2024;11:50:13.032;FGBL SI 20241206 PS;SIMPLE_INSTRUMENT;EFS;EUR;61;133.19000000;1311;EXCHANGE_LAST;;1;1;XEUR;10804524;688;
25.10.2024;11:50:48.524;FGBL SI 20241206 PS;SIMPLE_INSTRUMENT;EFS;EUR;62;133.23000000;428;EXCHANGE_LAST;;1;1;XEUR;10804524;688;
25.10.2024;11:51:34.050;FGBL SI 20241206 PS;SIMPLE_INSTRUMENT;EFS;EUR;63;133.20000000;213;EXCHANGE_LAST;;1;1;XEUR;10804524;688;
25.10.2024;11:52:18.629;FGBL SI 20241206 PS;SIMPLE_INSTRUMENT;EFS;EUR;64;133.23000000;214;EXCHANGE_LAST;;1;1;XEUR;10804524;688;
25.10.2024;11:53:57.237;FGBL SI 20241206 PS;SIMPLE_INSTRUMENT;EFS;EUR;65;133.18000000;450;EXCHANGE_LAST;;1;1;XEUR;10804524;688;
25.10.2024;12:06:54.535;FGBL SI 20241206 PS;SIMPLE_INSTRUMENT;EFS;EUR;66;133.11000000;428;EXCHANGE_LAST;;1;1;XEUR;10804524;688;
25.10.2024;12:16:36.987;FGBL SI 20241206 PS;SIMPLE_INSTRUMENT;EFS;EUR;67;133.15000000;307;EXCHANGE_LAST;;1;1;XEUR;10804524;688;
25.10.2024;12:19:44.293;FGBL SI 20241206 PS;SIMPLE_INSTRUMENT;EFS;EUR;69;133.14000000;427;EXCHANGE_LAST;;1;1;XEUR;10804524;688;
25.10.2024;12:19:57.733;FGBL SI 20241206 PS;SIMPLE_INSTRUMENT;EFP_FIN;EUR;70;133.17000000;124;EXCHANGE_LAST;;1;1;XEUR;10804524;688;
25.10.2024;12:21:10.737;FGBL SI 20241206 PS;SIMPLE_INSTRUMENT;EFP_FIN;EUR;71;133.17000000;124;EXCHANGE_LAST;;1;1;XEUR;10804524;688;
25.10.2024;12:21:25.822;FGBL SI 20241206 PS;SIMPLE_INSTRUMENT;EFS;EUR;72;133.06000000;213;EXCHANGE_LAST;;1;1;XEUR;10804524;688;
25.10.2024;12:24:48.718;FGBL SI 20241206 PS;SIMPLE_INSTRUMENT;EFS;EUR;73;133.01000000;214;EXCHANGE_LAST;;1;1;XEUR;10804524;688;
25.10.2024;12:32:46.840;FGBL SI 20241206 PS;SIMPLE_INSTRUMENT;EFS;EUR;74;133.00000000;428;EXCHANGE_LAST;;1;1;XEUR;10804524;688;
25.10.2024;12:42:24.945;FGBL SI 20241206 PS;SIMPLE_INSTRUMENT;EFS;EUR;75;133.05000000;730;EXCHANGE_LAST;;1;1;XEUR;10804524;688;
25.10.2024;12:43:33.500;FGBL SI 20241206 PS;SIMPLE_INSTRUMENT;EFS;EUR;76;133.13000000;243;EXCHANGE_LAST;;1;1;XEUR;10804524;688;
25.10.2024;12:44:38.655;FGBL SI 20241206 PS;SIMPLE_INSTRUMENT;EFP_FIN;EUR;77;133.06000000;115;EXCHANGE_LAST;;1;1;XEUR;10804524;688;
25.10.2024;12:45:26.750;FGBL SI 20241206 PS;SIMPLE_INSTRUMENT;EFS;EUR;78;133.10000000;214;EXCHANGE_LAST;;1;1;XEUR;10804524;688;
25.10.2024;12:45:57.302;FGBL SI 20241206 PS;SIMPLE_INSTRUMENT;EFS;EUR;79;133.01000000;450;EXCHANGE_LAST;;1;1;XEUR;10804524;688;
25.10.2024;12:46:57.862;FGBL SI 20241206 PS;SIMPLE_INSTRUMENT;EFS;EUR;80;133.10000000;214;EXCHANGE_LAST;;1;1;XEUR;10804524;688;
25.10.2024;12:48:28.990;FGBL SI 20241206 PS;SIMPLE_INSTRUMENT;EFS;EUR;81;133.14000000;428;EXCHANGE_LAST;;1;1;XEUR;10804524;688;
25.10.2024;12:54:38.853;FGBL SI 20241206 PS;SIMPLE_INSTRUMENT;EFS;EUR;82;133.07000000;250;EXCHANGE_LAST;;1;1;XEUR;10804524;688;
25.10.2024;13:08:04.582;FGBL SI 20241206 PS;SIMPLE_INSTRUMENT;EFP_FIN;EUR;83;133.10000000;218;EXCHANGE_LAST;;1;1;XEUR;10804524;688;
25.10.2024;13:22:27.097;FGBL SI 20241206 PS;SIMPLE_INSTRUMENT;EFS;EUR;84;133.10000000;428;EXCHANGE_LAST;;1;1;XEUR;10804524;688;
25.10.2024;13:24:51.425;FGBL SI 20241206 PS;SIMPLE_INSTRUMENT;EFS;EUR;85;133.10000000;214;EXCHANGE_LAST;;1;1;XEUR;10804524;688;
25.10.2024;13:25:06.619;FGBL SI 20241206 PS;SIMPLE_INSTRUMENT;EFS;EUR;86;133.09000000;1462;EXCHANGE_LAST;;1;1;XEUR;10804524;688;
25.10.2024;13:27:55.496;FGBL SI 20241206 PS;SIMPLE_INSTRUMENT;EFP_FIN;EUR;87;133.15000000;194;EXCHANGE_LAST;;1;1;XEUR;10804524;688;
25.10.2024;13:28:16.123;FGBL SI 20241206 PS;SIMPLE_INSTRUMENT;EFS;EUR;88;133.10000000;214;EXCHANGE_LAST;;1;1;XEUR;10804524;688;
25.10.2024;13:28:18.011;FGBL SI 20241206 PS;SIMPLE_INSTRUMENT;EFP_FIN;EUR;89;133.15000000;777;EXCHANGE_LAST;;1;1;XEUR;10804524;688;
25.10.2024;13:28:33.415;FGBL SI 20241206 PS;SIMPLE_INSTRUMENT;EFP_FIN;EUR;90;133.15000000;155;EXCHANGE_LAST;;1;1;XEUR;10804524;688;
25.10.2024;13:29:02.503;FGBL SI 20241206 PS;SIMPLE_INSTRUMENT;EFS;EUR;91;133.16000000;428;EXCHANGE_LAST;;1;1;XEUR;10804524;688;
25.10.2024;13:30:46.376;FGBL SI 20241206 PS;SIMPLE_INSTRUMENT;EFS;EUR;92;133.18000000;427;EXCHANGE_LAST;;1;1;XEUR;10804524;688;
25.10.2024;13:52:34.878;FGBL SI 20241206 PS;SIMPLE_INSTRUMENT;EFS;EUR;93;133.14000000;214;EXCHANGE_LAST;;1;1;XEUR;10804524;688;
25.10.2024;13:53:10.991;FGBL SI 20241206 PS;SIMPLE_INSTRUMENT;EFS;EUR;94;133.12000000;214;EXCHANGE_LAST;;1;1;XEUR;10804524;688;
25.10.2024;13:53:31.011;FGBL SI 20241206 PS;SIMPLE_INSTRUMENT;EFS;EUR;95;133.16000000;250;EXCHANGE_LAST;;1;1;XEUR;10804524;688;
25.10.2024;14:06:21.523;FGBL SI 20241206 PS;SIMPLE_INSTRUMENT;EFS;EUR;96;133.04000000;214;EXCHANGE_LAST;;1;1;XEUR;10804524;688;
25.10.2024;14:12:08.145;FGBL SI 20241206 PS;SIMPLE_INSTRUMENT;EFS;EUR;97;133.03000000;898;EXCHANGE_LAST;;1;1;XEUR;10804524;688;
25.10.2024;14:15:27.059;FGBL SI 20241206 PS;SIMPLE_INSTRUMENT;EFS;EUR;98;133.01000000;428;EXCHANGE_LAST;;1;1;XEUR;10804524;688;
25.10.2024;14:15:58.586;FGBL SI 20241206 PS;SIMPLE_INSTRUMENT;EFS;EUR;99;133.05000000;972;EXCHANGE_LAST;;1;1;XEUR;10804524;688;
25.10.2024;14:22:09.524;FGBL SI 20241206 PS;SIMPLE_INSTRUMENT;EFS;EUR;100;133.11000000;453;EXCHANGE_LAST;;1;1;XEUR;10804524;688;
25.10.2024;14:33:53.468;FGBL SI 20241206 PS;SIMPLE_INSTRUMENT;EFP_FIN;EUR;101;133.05000000;451;EXCHANGE_LAST;;1;1;XEUR;10804524;688;
25.10.2024;14:39:00.771;FGBL SI 20241206 PS;SIMPLE_INSTRUMENT;EFS;EUR;102;133.04000000;194;EXCHANGE_LAST;;1;1;XEUR;10804524;688;
25.10.2024;15:02:24.093;FGBL SI 20241206 PS;SIMPLE_INSTRUMENT;EFS;EUR;103;132.96000000;730;EXCHANGE_LAST;;1;1;XEUR;10804524;688;
25.10.2024;15:15:09.903;FGBL SI 20241206 PS;SIMPLE_INSTRUMENT;EFP_FIN;EUR;104;133.04000000;257;EXCHANGE_LAST;;1;1;XEUR;10804524;688;
25.10.2024;15:17:36.173;FGBL SI 20241206 PS;SIMPLE_INSTRUMENT;EFS;EUR;105;133.09000000;213;EXCHANGE_LAST;;1;1;XEUR;10804524;688;
25.10.2024;15:18:14.440;FGBL SI 20241206 PS;SIMPLE_INSTRUMENT;EFP_FIN;EUR;106;133.03000000;205;EXCHANGE_LAST;;1;1;XEUR;10804524;688;
25.10.2024;15:18:43.324;FGBL SI 20241206 PS;SIMPLE_INSTRUMENT;EFS;EUR;107;133.06000000;428;EXCHANGE_LAST;;1;1;XEUR;10804524;688;
25.10.2024;15:34:59.191;FGBL SI 20241206 PS;SIMPLE_INSTRUMENT;EFS;EUR;108;132.99000000;428;EXCHANGE_LAST;;1;1;XEUR;10804524;688;
25.10.2024;15:36:34.249;FGBL SI 20241206 PS;SIMPLE_INSTRUMENT;EFS;EUR;109;132.98000000;300;EXCHANGE_LAST;;1;1;XEUR;10804524;688;
25.10.2024;15:38:05.333;FGBL SI 20241206 PS;SIMPLE_INSTRUMENT;EFS;EUR;110;132.98000000;214;EXCHANGE_LAST;;1;1;XEUR;10804524;688;
25.10.2024;15:47:02.109;FGBL SI 20241206 PS;SIMPLE_INSTRUMENT;EFS;EUR;111;133.00000000;427;EXCHANGE_LAST;;1;1;XEUR;10804524;688;
25.10.2024;15:47:53.726;FGBL SI 20241206 PS;SIMPLE_INSTRUMENT;EFP_FIN;EUR;112;133.04000000;257;EXCHANGE_LAST;;1;1;XEUR;10804524;688;
25.10.2024;15:51:16.042;FGBL SI 20241206 PS;SIMPLE_INSTRUMENT;EFS;EUR;113;133.00000000;243;EXCHANGE_LAST;;1;1;XEUR;10804524;688;
25.10.2024;15:53:43.998;FGBL SI 20241206 PS;SIMPLE_INSTRUMENT;EFP_FIN;EUR;114;133.06000000;82;EXCHANGE_LAST;;1;1;XEUR;10804524;688;
25.10.2024;15:55:46.536;FGBL SI 20241206 PS;SIMPLE_INSTRUMENT;EFS;EUR;115;133.00000000;112;EXCHANGE_LAST;;1;1;XEUR;10804524;688;
25.10.2024;16:10:12.651;FGBL SI 20241206 PS;SIMPLE_INSTRUMENT;EFS;EUR;116;133.03000000;428;EXCHANGE_LAST;;1;1;XEUR;10804524;688;
25.10.2024;16:13:42.005;FGBL SI 20241206 PS;SIMPLE_INSTRUMENT;EFS;EUR;117;132.97000000;730;EXCHANGE_LAST;;1;1;XEUR;10804524;688;
25.10.2024;16:13:51.299;FGBL SI 20241206 PS;SIMPLE_INSTRUMENT;EFS;EUR;118;133.01000000;427;EXCHANGE_LAST;;1;1;XEUR;10804524;688;
25.10.2024;16:18:27.478;FGBL SI 20241206 PS;SIMPLE_INSTRUMENT;EFS;EUR;119;133.12000000;291;EXCHANGE_LAST;;1;1;XEUR;10804524;688;
25.10.2024;16:20:20.163;FGBL SI 20241206 PS;SIMPLE_INSTRUMENT;EFS;EUR;120;133.00000000;267;EXCHANGE_LAST;;1;1;XEUR;10804524;688;
25.10.2024;09:11:26.992;FGBL SI 20241206 PS;SIMPLE_INSTRUMENT;VOLA;EUR;268435471;133.12000000;60;EXCHANGE_LAST;;1;1;XEUR;10804524;688;
25.10.2024;11:59:24.344;FGBL SI 20241206 PS;SIMPLE_INSTRUMENT;VOLA;EUR;268435499;133.20000000;220;EXCHANGE_LAST;;1;1;XEUR;10804524;688;
25.10.2024;11:59:19.343;FGBL SI 20241206 PS;SIMPLE_INSTRUMENT;VOLA;EUR;268435500;133.20000000;220;EXCHANGE_LAST;;1;1;XEUR;10804524;688;
25.10.2024;12:02:35.357;FGBL SI 20241206 PS;SIMPLE_INSTRUMENT;VOLA;EUR;268435506;133.20000000;110;EXCHANGE_LAST;;1;1;XEUR;10804524;688;
25.10.2024;12:02:17.081;FGBL SI 20241206 PS;SIMPLE_INSTRUMENT;VOLA;EUR;268435507;133.10000000;60;EXCHANGE_LAST;;1;1;XEUR;10804524;688;
25.10.2024;12:02:42.358;FGBL SI 20241206 PS;SIMPLE_INSTRUMENT;VOLA;EUR;268435508;133.20000000;110;EXCHANGE_LAST;;1;1;XEUR;10804524;688;
25.10.2024;12:07:56.119;FGBL SI 20241206 PS;SIMPLE_INSTRUMENT;VOLA;EUR;268435511;133.14000000;45;EXCHANGE_LAST;;1;1;XEUR;10804524;688;
25.10.2024;13:38:38.771;FGBL SI 20241206 PS;SIMPLE_INSTRUMENT;VOLA;EUR;268435525;133.15000000;476;EXCHANGE_LAST;;1;1;XEUR;10804524;688;
25.10.2024;14:25:46.225;FGBL SI 20241206 PS;SIMPLE_INSTRUMENT;VOLA;EUR;268435536;133.00000000;158;EXCHANGE_LAST;;1;1;XEUR;10804524;688;
25.10.2024;14:25:47.211;FGBL SI 20241206 PS;SIMPLE_INSTRUMENT;VOLA;EUR;268435537;133.00000000;159;EXCHANGE_LAST;;1;1;XEUR;10804524;688;
25.10.2024;15:19:48.390;FGBL SI 20241206 PS;SIMPLE_INSTRUMENT;VOLA;EUR;268435571;133.00000000;385;EXCHANGE_LAST;;1;1;XEUR;10804524;688;
25.10.2024;15:20:52.397;FGBL SI 20241206 PS;SIMPLE_INSTRUMENT;VOLA;EUR;268435574;133.00000000;120;EXCHANGE_LAST;;1;1;XEUR;10804524;688;
25.10.2024;15:22:23.602;FGBL SI 20241206 PS;SIMPLE_INSTRUMENT;VOLA;EUR;268435575;133.00000000;193;EXCHANGE_LAST;;1;1;XEUR;10804524;688;
25.10.2024;15:23:02.060;FGBL SI 20241206 PS;SIMPLE_INSTRUMENT;VOLA;EUR;268435576;133.00000000;192;EXCHANGE_LAST;;1;1;XEUR;10804524;688;
25.10.2024;15:25:28.440;FGBL SI 20241206 PS;SIMPLE_INSTRUMENT;VOLA;EUR;268435577;133.00000000;155;EXCHANGE_LAST;;1;1;XEUR;10804524;688;
25.10.2024;15:26:25.832;FGBL SI 20241206 PS;SIMPLE_INSTRUMENT;VOLA;EUR;268435579;133.00000000;96;EXCHANGE_LAST;;1;1;XEUR;10804524;688;
25.10.2024;15:27:03.318;FGBL SI 20241206 PS;SIMPLE_INSTRUMENT;VOLA;EUR;268435581;133.00000000;96;EXCHANGE_LAST;;1;1;XEUR;10804524;688;
25.10.2024;06:58:50.266;FGBM SI 20241206 PS;SIMPLE_INSTRUMENT;EFS;EUR;1;119.19000000;875;EXCHANGE_LAST;;1;1;XEUR;10804525;689;
25.10.2024;07:24:36.869;FGBM SI 20241206 PS;SIMPLE_INSTRUMENT;EFS;EUR;2;119.26000000;570;EXCHANGE_LAST;;1;1;XEUR;10804525;689;
25.10.2024;07:46:08.240;FGBM SI 20241206 PS;SIMPLE_INSTRUMENT;EFS;EUR;3;119.24000000;925;EXCHANGE_LAST;;1;1;XEUR;10804525;689;
25.10.2024;07:56:07.766;FGBM SI 20241206 PS;SIMPLE_INSTRUMENT;EFS;EUR;4;119.22000000;425;EXCHANGE_LAST;;1;1;XEUR;10804525;689;
25.10.2024;07:56:36.975;FGBM SI 20241206 PS;SIMPLE_INSTRUMENT;EFS;EUR;5;119.23000000;850;EXCHANGE_LAST;;1;1;XEUR;10804525;689;
25.10.2024;08:00:46.384;FGBM SI 20241206 PS;SIMPLE_INSTRUMENT;EFP_FIN;EUR;6;119.20000000;1712;EXCHANGE_LAST;;1;1;XEUR;10804525;689;
25.10.2024;08:13:39.294;FGBM SI 20241206 PS;SIMPLE_INSTRUMENT;EFP_FIN;EUR;7;119.18000000;214;EXCHANGE_LAST;;1;1;XEUR;10804525;689;
25.10.2024;08:11:44.058;FGBM SI 20241206 PS;SIMPLE_INSTRUMENT;EFS;EUR;8;119.19000000;1389;EXCHANGE_LAST;;1;1;XEUR;10804525;689;
25.10.2024;08:20:13.733;FGBM SI 20241206 PS;SIMPLE_INSTRUMENT;EFS;EUR;9;119.12000000;853;EXCHANGE_LAST;;1;1;XEUR;10804525;689;
25.10.2024;08:20:18.738;FGBM SI 20241206 PS;SIMPLE_INSTRUMENT;EFS;EUR;10;119.12000000;427;EXCHANGE_LAST;;1;1;XEUR;10804525;689;
25.10.2024;08:41:35.627;FGBM SI 20241206 PS;SIMPLE_INSTRUMENT;EFS;EUR;11;119.10000000;851;EXCHANGE_LAST;;1;1;XEUR;10804525;689;
25.10.2024;08:51:39.953;FGBM SI 20241206 PS;SIMPLE_INSTRUMENT;EFP_FIN;EUR;12;119.11000000;557;EXCHANGE_LAST;;1;1;XEUR;10804525;689;
25.10.2024;09:00:26.031;FGBM SI 20241206 PS;SIMPLE_INSTRUMENT;EFP_FIN;EUR;13;119.11000000;69;EXCHANGE_LAST;;1;1;XEUR;10804525;689;
25.10.2024;09:02:27.968;FGBM SI 20241206 PS;SIMPLE_INSTRUMENT;EFP_FIN;EUR;14;119.10000000;766;EXCHANGE_LAST;;1;1;XEUR;10804525;689;
25.10.2024;09:21:42.263;FGBM SI 20241206 PS;SIMPLE_INSTRUMENT;EFP_FIN;EUR;15;119.09000000;428;EXCHANGE_LAST;;1;1;XEUR;10804525;689;
25.10.2024;09:31:27.018;FGBM SI 20241206 PS;SIMPLE_INSTRUMENT;EFP_FIN;EUR;16;119.05000000;668;EXCHANGE_LAST;;1;1;XEUR;10804525;689;
25.10.2024;09:33:35.838;FGBM SI 20241206 PS;SIMPLE_INSTRUMENT;EFP_FIN;EUR;17;119.05000000;856;EXCHANGE_LAST;;1;1;XEUR;10804525;689;
25.10.2024;09:35:44.968;FGBM SI 20241206 PS;SIMPLE_INSTRUMENT;EFP_FIN;EUR;18;119.05000000;766;EXCHANGE_LAST;;1;1;XEUR;10804525;689;
25.10.2024;09:36:31.508;FGBM SI 20241206 PS;SIMPLE_INSTRUMENT;EFS;EUR;19;119.07000000;427;EXCHANGE_LAST;;1;1;XEUR;10804525;689;
25.10.2024;09:53:23.904;FGBM SI 20241206 PS;SIMPLE_INSTRUMENT;EFP_FIN;EUR;20;119.06000000;428;EXCHANGE_LAST;;1;1;XEUR;10804525;689;
25.10.2024;09:57:00.150;FGBM SI 20241206 PS;SIMPLE_INSTRUMENT;EFP_FIN;EUR;21;119.08000000;1149;EXCHANGE_LAST;;1;1;XEUR;10804525;689;
25.10.2024;10:09:24.578;FGBM SI 20241206 PS;SIMPLE_INSTRUMENT;EFP_FIN;EUR;22;119.11000000;81;EXCHANGE_LAST;;1;1;XEUR;10804525;689;
25.10.2024;10:09:21.437;FGBM SI 20241206 PS;SIMPLE_INSTRUMENT;EFP_FIN;EUR;23;119.12000000;1187;EXCHANGE_LAST;;1;1;XEUR;10804525;689;
25.10.2024;10:11:19.146;FGBM SI 20241206 PS;SIMPLE_INSTRUMENT;EFS;EUR;24;119.11000000;853;EXCHANGE_LAST;;1;1;XEUR;10804525;689;
25.10.2024;10:13:37.381;FGBM SI 20241206 PS;SIMPLE_INSTRUMENT;EFP_FIN;EUR;25;119.09000000;515;EXCHANGE_LAST;;1;1;XEUR;10804525;689;
25.10.2024;10:22:07.909;FGBM SI 20241206 PS;SIMPLE_INSTRUMENT;BLOCK;EUR;26;119.09000000;3424;EXCHANGE_LAST;;1;1;XEUR;10804525;689;
25.10.2024;10:24:47.420;FGBM SI 20241206 PS;SIMPLE_INSTRUMENT;EFP_FIN;EUR;27;119.10000000;728;EXCHANGE_LAST;;1;1;XEUR;10804525;689;
25.10.2024;10:39:13.364;FGBM SI 20241206 PS;SIMPLE_INSTRUMENT;EFS;EUR;28;119.07000000;345;EXCHANGE_LAST;;1;1;XEUR;10804525;689;
25.10.2024;10:43:11.195;FGBM SI 20241206 PS;SIMPLE_INSTRUMENT;EFS;EUR;29;119.05000000;852;EXCHANGE_LAST;;1;1;XEUR;10804525;689;
25.10.2024;10:50:04.319;FGBM SI 20241206 PS;SIMPLE_INSTRUMENT;EFP_FIN;EUR;30;119.04000000;134;EXCHANGE_LAST;;1;1;XEUR;10804525;689;
25.10.2024;11:03:15.214;FGBM SI 20241206 PS;SIMPLE_INSTRUMENT;BLOCK;EUR;31;119.09000000;3910;EXCHANGE_LAST;;1;1;XEUR;10804525;689;
25.10.2024;11:27:33.592;FGBM SI 20241206 PS;SIMPLE_INSTRUMENT;EFS;EUR;32;119.06000000;1285;EXCHANGE_LAST;;1;1;XEUR;10804525;689;
25.10.2024;11:37:17.718;FGBM SI 20241206 PS;SIMPLE_INSTRUMENT;EFS;EUR;33;119.06000000;856;EXCHANGE_LAST;;1;1;XEUR;10804525;689;
25.10.2024;11:39:56.168;FGBM SI 20241206 PS;SIMPLE_INSTRUMENT;EFS;EUR;34;119.09000000;426;EXCHANGE_LAST;;1;1;XEUR;10804525;689;
25.10.2024;11:40:47.471;FGBM SI 20241206 PS;SIMPLE_INSTRUMENT;EFS;EUR;35;119.08000000;426;EXCHANGE_LAST;;1;1;XEUR;10804525;689;
25.10.2024;11:44:27.147;FGBM SI 20241206 PS;SIMPLE_INSTRUMENT;EFS;EUR;36;119.08000000;853;EXCHANGE_LAST;;1;1;XEUR;10804525;689;
25.10.2024;11:44:42.161;FGBM SI 20241206 PS;SIMPLE_INSTRUMENT;EFS;EUR;37;119.08000000;427;EXCHANGE_LAST;;1;1;XEUR;10804525;689;
25.10.2024;11:45:09.321;FGBM SI 20241206 PS;SIMPLE_INSTRUMENT;EFS;EUR;38;119.10000000;426;EXCHANGE_LAST;;1;1;XEUR;10804525;689;
25.10.2024;11:47:24.069;FGBM SI 20241206 PS;SIMPLE_INSTRUMENT;EFS;EUR;39;119.09000000;2502;EXCHANGE_LAST;;1;1;XEUR;10804525;689;
25.10.2024;11:56:16.977;FGBM SI 20241206 PS;SIMPLE_INSTRUMENT;EFS;EUR;40;119.09000000;855;EXCHANGE_LAST;;1;1;XEUR;10804525;689;
25.10.2024;11:58:53.286;FGBM SI 20241206 PS;SIMPLE_INSTRUMENT;EFS;EUR;41;119.09000000;927;EXCHANGE_LAST;;1;1;XEUR;10804525;689;
25.10.2024;11:59:19.100;FGBM SI 20241206 PS;SIMPLE_INSTRUMENT;EFS;EUR;42;119.10000000;356;EXCHANGE_LAST;;1;1;XEUR;10804525;689;
25.10.2024;12:02:42.306;FGBM SI 20241206 PS;SIMPLE_INSTRUMENT;EFP_FIN;EUR;43;119.09000000;514;EXCHANGE_LAST;;1;1;XEUR;10804525;689;
25.10.2024;12:06:51.270;FGBM SI 20241206 PS;SIMPLE_INSTRUMENT;EFP_FIN;EUR;44;119.09000000;389;EXCHANGE_LAST;;1;1;XEUR;10804525;689;
25.10.2024;12:13:30.277;FGBM SI 20241206 PS;SIMPLE_INSTRUMENT;EFS;EUR;45;119.09000000;856;EXCHANGE_LAST;;1;1;XEUR;10804525;689;
25.10.2024;12:18:17.327;FGBM SI 20241206 PS;SIMPLE_INSTRUMENT;EFS;EUR;46;119.06000000;806;EXCHANGE_LAST;;1;1;XEUR;10804525;689;
25.10.2024;12:25:00.538;FGBM SI 20241206 PS;SIMPLE_INSTRUMENT;EFS;EUR;47;119.01000000;426;EXCHANGE_LAST;;1;1;XEUR;10804525;689;
25.10.2024;12:41:43.193;FGBM SI 20241206 PS;SIMPLE_INSTRUMENT;EFS;EUR;48;118.98000000;514;EXCHANGE_LAST;;1;1;XEUR;10804525;689;
25.10.2024;13:04:02.305;FGBM SI 20241206 PS;SIMPLE_INSTRUMENT;EFS;EUR;49;119.05000000;927;EXCHANGE_LAST;;1;1;XEUR;10804525;689;
25.10.2024;13:05:30.070;FGBM SI 20241206 PS;SIMPLE_INSTRUMENT;EFS;EUR;50;119.07000000;854;EXCHANGE_LAST;;1;1;XEUR;10804525;689;
25.10.2024;13:05:40.081;FGBM SI 20241206 PS;SIMPLE_INSTRUMENT;EFS;EUR;51;119.07000000;427;EXCHANGE_LAST;;1;1;XEUR;10804525;689;
25.10.2024;13:05:41.084;FGBM SI 20241206 PS;SIMPLE_INSTRUMENT;EFS;EUR;52;119.07000000;854;EXCHANGE_LAST;;1;1;XEUR;10804525;689;
25.10.2024;13:09:42.978;FGBM SI 20241206 PS;SIMPLE_INSTRUMENT;EFS;EUR;53;119.07000000;851;EXCHANGE_LAST;;1;1;XEUR;10804525;689;
25.10.2024;13:11:31.123;FGBM SI 20241206 PS;SIMPLE_INSTRUMENT;EFP_FIN;EUR;54;119.07000000;428;EXCHANGE_LAST;;1;1;XEUR;10804525;689;
25.10.2024;13:13:56.741;FGBM SI 20241206 PS;SIMPLE_INSTRUMENT;EFS;EUR;55;119.08000000;927;EXCHANGE_LAST;;1;1;XEUR;10804525;689;
25.10.2024;13:28:19.924;FGBM SI 20241206 PS;SIMPLE_INSTRUMENT;EFS;EUR;56;119.06000000;852;EXCHANGE_LAST;;1;1;XEUR;10804525;689;
25.10.2024;13:29:04.341;FGBM SI 20241206 PS;SIMPLE_INSTRUMENT;EFP_FIN;EUR;57;119.05000000;448;EXCHANGE_LAST;;1;1;XEUR;10804525;689;
25.10.2024;13:29:34.654;FGBM SI 20241206 PS;SIMPLE_INSTRUMENT;EFS;EUR;58;119.05000000;1231;EXCHANGE_LAST;;1;1;XEUR;10804525;689;
25.10.2024;13:33:26.643;FGBM SI 20241206 PS;SIMPLE_INSTRUMENT;EFS;EUR;59;119.05000000;1298;EXCHANGE_LAST;;1;1;XEUR;10804525;689;
25.10.2024;13:50:34.720;FGBM SI 20241206 PS;SIMPLE_INSTRUMENT;EFS;EUR;60;119.07000000;427;EXCHANGE_LAST;;1;1;XEUR;10804525;689;
25.10.2024;13:51:06.226;FGBM SI 20241206 PS;SIMPLE_INSTRUMENT;EFS;EUR;61;119.04000000;927;EXCHANGE_LAST;;1;1;XEUR;10804525;689;
25.10.2024;13:58:15.134;FGBM SI 20241206 PS;SIMPLE_INSTRUMENT;EFS;EUR;62;119.05000000;854;EXCHANGE_LAST;;1;1;XEUR;10804525;689;
25.10.2024;13:58:20.141;FGBM SI 20241206 PS;SIMPLE_INSTRUMENT;EFS;EUR;63;119.05000000;854;EXCHANGE_LAST;;1;1;XEUR;10804525;689;
25.10.2024;14:11:59.608;FGBM SI 20241206 PS;SIMPLE_INSTRUMENT;EFP_FIN;EUR;64;119.06000000;153;EXCHANGE_LAST;;1;1;XEUR;10804525;689;
25.10.2024;14:11:08.463;FGBM SI 20241206 PS;SIMPLE_INSTRUMENT;EFP_FIN;EUR;65;119.02000000;223;EXCHANGE_LAST;;1;1;XEUR;10804525;689;
25.10.2024;14:12:24.467;FGBM SI 20241206 PS;SIMPLE_INSTRUMENT;EFP_FIN;EUR;66;119.02000000;448;EXCHANGE_LAST;;1;1;XEUR;10804525;689;
25.10.2024;14:16:02.100;FGBM SI 20241206 PS;SIMPLE_INSTRUMENT;EFS;EUR;67;119.00000000;854;EXCHANGE_LAST;;1;1;XEUR;10804525;689;
25.10.2024;14:20:55.818;FGBM SI 20241206 PS;SIMPLE_INSTRUMENT;EFP_FIN;EUR;68;119.06000000;428;EXCHANGE_LAST;;1;1;XEUR;10804525;689;
25.10.2024;14:18:38.758;FGBM SI 20241206 PS;SIMPLE_INSTRUMENT;EFP_FIN;EUR;69;119.09000000;1028;EXCHANGE_LAST;;1;1;XEUR;10804525;689;
25.10.2024;14:20:55.189;FGBM SI 20241206 PS;SIMPLE_INSTRUMENT;EFS;EUR;70;119.06000000;859;EXCHANGE_LAST;;1;1;XEUR;10804525;689;
25.10.2024;14:28:58.687;FGBM SI 20241206 PS;SIMPLE_INSTRUMENT;EFP_FIN;EUR;71;119.02000000;193;EXCHANGE_LAST;;1;1;XEUR;10804525;689;
25.10.2024;14:31:57.089;FGBM SI 20241206 PS;SIMPLE_INSTRUMENT;EFS;EUR;72;119.01000000;1391;EXCHANGE_LAST;;1;1;XEUR;10804525;689;
25.10.2024;14:38:38.599;FGBM SI 20241206 PS;SIMPLE_INSTRUMENT;EFP_FIN;EUR;73;118.99000000;428;EXCHANGE_LAST;;1;1;XEUR;10804525;689;
25.10.2024;14:42:36.826;FGBM SI 20241206 PS;SIMPLE_INSTRUMENT;EFS;EUR;74;119.01000000;1391;EXCHANGE_LAST;;1;1;XEUR;10804525;689;
25.10.2024;14:44:48.499;FGBM SI 20241206 PS;SIMPLE_INSTRUMENT;EFP_FIN;EUR;75;119.00000000;1233;EXCHANGE_LAST;;1;1;XEUR;10804525;689;
25.10.2024;14:47:23.623;FGBM SI 20241206 PS;SIMPLE_INSTRUMENT;EFS;EUR;76;118.98000000;426;EXCHANGE_LAST;;1;1;XEUR;10804525;689;
25.10.2024;14:47:56.989;FGBM SI 20241206 PS;SIMPLE_INSTRUMENT;EFS;EUR;77;118.98000000;426;EXCHANGE_LAST;;1;1;XEUR;10804525;689;
25.10.2024;15:07:17.648;FGBM SI 20241206 PS;SIMPLE_INSTRUMENT;EFS;EUR;78;119.00000000;835;EXCHANGE_LAST;;1;1;XEUR;10804525;689;
25.10.2024;15:13:30.638;FGBM SI 20241206 PS;SIMPLE_INSTRUMENT;EFP_FIN;EUR;79;118.98000000;90;EXCHANGE_LAST;;1;1;XEUR;10804525;689;
25.10.2024;15:20:16.698;FGBM SI 20241206 PS;SIMPLE_INSTRUMENT;EFP_FIN;EUR;80;119.00000000;642;EXCHANGE_LAST;;1;1;XEUR;10804525;689;
25.10.2024;15:36:59.273;FGBM SI 20241206 PS;SIMPLE_INSTRUMENT;EFS;EUR;82;118.98000000;427;EXCHANGE_LAST;;1;1;XEUR;10804525;689;
25.10.2024;15:38:20.367;FGBM SI 20241206 PS;SIMPLE_INSTRUMENT;EFS;EUR;83;119.00000000;427;EXCHANGE_LAST;;1;1;XEUR;10804525;689;
25.10.2024;15:38:41.335;FGBM SI 20241206 PS;SIMPLE_INSTRUMENT;EFS;EUR;84;119.01000000;700;EXCHANGE_LAST;;1;1;XEUR;10804525;689;
25.10.2024;15:40:10.457;FGBM SI 20241206 PS;SIMPLE_INSTRUMENT;EFS;EUR;85;119.00000000;427;EXCHANGE_LAST;;1;1;XEUR;10804525;689;
25.10.2024;16:50:34.204;FGBM SI 20241206 PS;SIMPLE_INSTRUMENT;EFS;EUR;86;118.99000000;519;EXCHANGE_LAST;;1;1;XEUR;10804525;689;
25.10.2024;14:42:26.961;FGBM SI 20241206 PS;SIMPLE_INSTRUMENT;VOLA;EUR;268435554;118.99000000;200;EXCHANGE_LAST;;1;1;XEUR;10804525;689;
25.10.2024;14:42:27.857;FGBM SI 20241206 PS;SIMPLE_INSTRUMENT;VOLA;EUR;268435555;119.00000000;200;EXCHANGE_LAST;;1;1;XEUR;10804525;689;
25.10.2024;08:09:59.159;FGBS SI 20241206 PS;SIMPLE_INSTRUMENT;EFS;EUR;1;106.93500000;4071;EXCHANGE_LAST;;1;1;XEUR;10804527;690;
25.10.2024;08:22:06.272;FGBS SI 20241206 PS;SIMPLE_INSTRUMENT;EFP_FIN;EUR;2;106.96500000;194;EXCHANGE_LAST;;1;1;XEUR;10804527;690;
25.10.2024;08:28:13.294;FGBS SI 20241206 PS;SIMPLE_INSTRUMENT;EFS;EUR;4;106.91500000;3953;EXCHANGE_LAST;;1;1;XEUR;10804527;690;
25.10.2024;08:30:28.391;FGBS SI 20241206 PS;SIMPLE_INSTRUMENT;EFP_FIN;EUR;5;106.96000000;1048;EXCHANGE_LAST;;1;1;XEUR;10804527;690;
25.10.2024;08:34:09.648;FGBS SI 20241206 PS;SIMPLE_INSTRUMENT;EFS;EUR;6;106.91000000;2716;EXCHANGE_LAST;;1;1;XEUR;10804527;690;
25.10.2024;08:38:57.355;FGBS SI 20241206 PS;SIMPLE_INSTRUMENT;EFS;EUR;7;106.91000000;3761;EXCHANGE_LAST;;1;1;XEUR;10804527;690;
25.10.2024;08:40:10.516;FGBS SI 20241206 PS;SIMPLE_INSTRUMENT;EFP_FIN;EUR;8;106.93500000;236;EXCHANGE_LAST;;1;1;XEUR;10804527;690;
25.10.2024;08:41:54.333;FGBS SI 20241206 PS;SIMPLE_INSTRUMENT;EFS;EUR;9;106.90000000;3759;EXCHANGE_LAST;;1;1;XEUR;10804527;690;
25.10.2024;08:42:42.930;FGBS SI 20241206 PS;SIMPLE_INSTRUMENT;EFS;EUR;10;106.90500000;2509;EXCHANGE_LAST;;1;1;XEUR;10804527;690;
25.10.2024;08:47:51.269;FGBS SI 20241206 PS;SIMPLE_INSTRUMENT;EFP_FIN;EUR;11;106.92000000;236;EXCHANGE_LAST;;1;1;XEUR;10804527;690;
25.10.2024;08:48:48.770;FGBS SI 20241206 PS;SIMPLE_INSTRUMENT;EFP_FIN;EUR;12;106.92000000;1656;EXCHANGE_LAST;;1;1;XEUR;10804527;690;
25.10.2024;09:03:27.596;FGBS SI 20241206 PS;SIMPLE_INSTRUMENT;EFP_FIN;EUR;13;106.91500000;71;EXCHANGE_LAST;;1;1;XEUR;10804527;690;
25.10.2024;09:28:18.436;FGBS SI 20241206 PS;SIMPLE_INSTRUMENT;EFP_FIN;EUR;14;106.90000000;524;EXCHANGE_LAST;;1;1;XEUR;10804527;690;
25.10.2024;09:25:15.018;FGBS SI 20241206 PS;SIMPLE_INSTRUMENT;EFP_FIN;EUR;15;106.91000000;473;EXCHANGE_LAST;;1;1;XEUR;10804527;690;
25.10.2024;09:43:41.562;FGBS SI 20241206 PS;SIMPLE_INSTRUMENT;EFS;EUR;16;106.90000000;2716;EXCHANGE_LAST;;1;1;XEUR;10804527;690;
25.10.2024;09:55:49.418;FGBS SI 20241206 PS;SIMPLE_INSTRUMENT;EFP_FIN;EUR;17;106.90000000;2602;EXCHANGE_LAST;;1;1;XEUR;10804527;690;
25.10.2024;09:56:44.174;FGBS SI 20241206 PS;SIMPLE_INSTRUMENT;EFP_FIN;EUR;18;106.90000000;191;EXCHANGE_LAST;;1;1;XEUR;10804527;690;
25.10.2024;10:00:25.899;FGBS SI 20241206 PS;SIMPLE_INSTRUMENT;EFS;EUR;19;106.90500000;2716;EXCHANGE_LAST;;1;1;XEUR;10804527;690;
25.10.2024;10:15:14.642;FGBS SI 20241206 PS;SIMPLE_INSTRUMENT;EFP_FIN;EUR;20;106.90000000;434;EXCHANGE_LAST;;1;1;XEUR;10804527;690;
25.10.2024;10:24:54.160;FGBS SI 20241206 PS;SIMPLE_INSTRUMENT;EFP_FIN;EUR;21;106.91000000;524;EXCHANGE_LAST;;1;1;XEUR;10804527;690;
25.10.2024;10:52:36.660;FGBS SI 20241206 PS;SIMPLE_INSTRUMENT;EFS;EUR;22;106.90000000;2508;EXCHANGE_LAST;;1;1;XEUR;10804527;690;
25.10.2024;11:32:36.709;FGBS SI 20241206 PS;SIMPLE_INSTRUMENT;EFS;EUR;23;106.89500000;1358;EXCHANGE_LAST;;1;1;XEUR;10804527;690;
25.10.2024;11:52:31.064;FGBS SI 20241206 PS;SIMPLE_INSTRUMENT;EFP_FIN;EUR;24;106.90000000;473;EXCHANGE_LAST;;1;1;XEUR;10804527;690;
25.10.2024;11:57:41.079;FGBS SI 20241206 PS;SIMPLE_INSTRUMENT;EFS;EUR;25;106.91000000;1086;EXCHANGE_LAST;;1;1;XEUR;10804527;690;
25.10.2024;12:03:39.098;FGBS SI 20241206 PS;SIMPLE_INSTRUMENT;EFP_FIN;EUR;26;106.90000000;524;EXCHANGE_LAST;;1;1;XEUR;10804527;690;
25.10.2024;12:07:41.331;FGBS SI 20241206 PS;SIMPLE_INSTRUMENT;EFS;EUR;28;106.91000000;5431;EXCHANGE_LAST;;1;1;XEUR;10804527;690;
25.10.2024;12:24:34.836;FGBS SI 20241206 PS;SIMPLE_INSTRUMENT;EFS;EUR;29;106.90000000;2509;EXCHANGE_LAST;;1;1;XEUR;10804527;690;
25.10.2024;12:48:18.959;FGBS SI 20241206 PS;SIMPLE_INSTRUMENT;EFS;EUR;30;106.87500000;1249;EXCHANGE_LAST;;1;1;XEUR;10804527;690;
25.10.2024;12:58:29.848;FGBS SI 20241206 PS;SIMPLE_INSTRUMENT;EFS;EUR;31;106.89000000;1000;EXCHANGE_LAST;;1;1;XEUR;10804527;690;
25.10.2024;12:59:08.037;FGBS SI 20241206 PS;SIMPLE_INSTRUMENT;EFS;EUR;32;106.91000000;2515;EXCHANGE_LAST;;1;1;XEUR;10804527;690;
25.10.2024;13:01:21.259;FGBS SI 20241206 PS;SIMPLE_INSTRUMENT;EFP_FIN;EUR;33;106.90000000;568;EXCHANGE_LAST;;1;1;XEUR;10804527;690;
25.10.2024;13:02:22.968;FGBS SI 20241206 PS;SIMPLE_INSTRUMENT;EFP_FIN;EUR;34;106.89000000;356;EXCHANGE_LAST;;1;1;XEUR;10804527;690;
25.10.2024;13:08:44.683;FGBS SI 20241206 PS;SIMPLE_INSTRUMENT;EFP_FIN;EUR;35;106.89500000;851;EXCHANGE_LAST;;1;1;XEUR;10804527;690;
25.10.2024;13:08:52.471;FGBS SI 20241206 PS;SIMPLE_INSTRUMENT;EFP_FIN;EUR;36;106.90000000;867;EXCHANGE_LAST;;1;1;XEUR;10804527;690;
25.10.2024;13:13:10.845;FGBS SI 20241206 PS;SIMPLE_INSTRUMENT;EFS;EUR;37;106.91000000;1250;EXCHANGE_LAST;;1;1;XEUR;10804527;690;
25.10.2024;13:13:32.296;FGBS SI 20241206 PS;SIMPLE_INSTRUMENT;EFP_FIN;EUR;38;106.90000000;851;EXCHANGE_LAST;;1;1;XEUR;10804527;690;
25.10.2024;13:20:46.181;FGBS SI 20241206 PS;SIMPLE_INSTRUMENT;EFS;EUR;39;106.91500000;1250;EXCHANGE_LAST;;1;1;XEUR;10804527;690;
25.10.2024;13:35:18.358;FGBS SI 20241206 PS;SIMPLE_INSTRUMENT;EFP_FIN;EUR;40;106.90000000;356;EXCHANGE_LAST;;1;1;XEUR;10804527;690;
25.10.2024;13:42:48.656;FGBS SI 20241206 PS;SIMPLE_INSTRUMENT;EFP_FIN;EUR;41;106.90500000;3043;EXCHANGE_LAST;;1;1;XEUR;10804527;690;
25.10.2024;13:45:37.084;FGBS SI 20241206 PS;SIMPLE_INSTRUMENT;EFP_FIN;EUR;42;106.91000000;356;EXCHANGE_LAST;;1;1;XEUR;10804527;690;
25.10.2024;13:45:57.901;FGBS SI 20241206 PS;SIMPLE_INSTRUMENT;EFP_FIN;EUR;43;106.91000000;356;EXCHANGE_LAST;;1;1;XEUR;10804527;690;
25.10.2024;13:46:15.213;FGBS SI 20241206 PS;SIMPLE_INSTRUMENT;EFP_FIN;EUR;44;106.91000000;356;EXCHANGE_LAST;;1;1;XEUR;10804527;690;
25.10.2024;13:46:33.230;FGBS SI 20241206 PS;SIMPLE_INSTRUMENT;EFP_FIN;EUR;45;106.91000000;1280;EXCHANGE_LAST;;1;1;XEUR;10804527;690;
25.10.2024;13:50:21.402;FGBS SI 20241206 PS;SIMPLE_INSTRUMENT;EFP_FIN;EUR;46;106.91000000;120;EXCHANGE_LAST;;1;1;XEUR;10804527;690;
25.10.2024;13:56:33.011;FGBS SI 20241206 PS;SIMPLE_INSTRUMENT;EFP_FIN;EUR;47;106.92000000;524;EXCHANGE_LAST;;1;1;XEUR;10804527;690;
25.10.2024;14:10:06.459;FGBS SI 20241206 PS;SIMPLE_INSTRUMENT;EFP_FIN;EUR;48;106.90000000;236;EXCHANGE_LAST;;1;1;XEUR;10804527;690;
25.10.2024;14:23:54.656;FGBS SI 20241206 PS;SIMPLE_INSTRUMENT;EFS;EUR;49;106.90500000;4074;EXCHANGE_LAST;;1;1;XEUR;10804527;690;
25.10.2024;15:05:18.668;FGBS SI 20241206 PS;SIMPLE_INSTRUMENT;EFP_FIN;EUR;50;106.91000000;498;EXCHANGE_LAST;;1;1;XEUR;10804527;690;
25.10.2024;15:06:38.491;FGBS SI 20241206 PS;SIMPLE_INSTRUMENT;EFP_FIN;EUR;51;106.91000000;356;EXCHANGE_LAST;;1;1;XEUR;10804527;690;
25.10.2024;15:37:42.462;FGBS SI 20241206 PS;SIMPLE_INSTRUMENT;EFS;EUR;52;106.88000000;2500;EXCHANGE_LAST;;1;1;XEUR;10804527;690;
25.10.2024;15:40:25.746;FGBS SI 20241206 PS;SIMPLE_INSTRUMENT;EFS;EUR;53;106.87500000;2511;EXCHANGE_LAST;;1;1;XEUR;10804527;690;
25.10.2024;16:13:45.467;FGBS SI 20241206 PS;SIMPLE_INSTRUMENT;EFS;EUR;54;106.88000000;2000;EXCHANGE_LAST;;1;1;XEUR;10804527;690;
25.10.2024;10:22:46.653;FGBS SI 20241206 PS;SIMPLE_INSTRUMENT;VOLA;EUR;268435484;106.92000000;150;EXCHANGE_LAST;;1;1;XEUR;10804527;690;
25.10.2024;07:28:21.129;FGBX SI 20241206 PS;SIMPLE_INSTRUMENT;EFS;EUR;1;133.32000000;63;EXCHANGE_LAST;;1;1;XEUR;10804526;691;
25.10.2024;07:54:13.286;FGBX SI 20241206 PS;SIMPLE_INSTRUMENT;EFP_FIN;EUR;2;133.10000000;75;EXCHANGE_LAST;;1;1;XEUR;10804526;691;
25.10.2024;08:01:24.626;FGBX SI 20241206 PS;SIMPLE_INSTRUMENT;EFP_FIN;EUR;3;133.18000000;65;EXCHANGE_LAST;;1;1;XEUR;10804526;691;
25.10.2024;08:12:24.816;FGBX SI 20241206 PS;SIMPLE_INSTRUMENT;EFP_FIN;EUR;5;133.00000000;853;EXCHANGE_LAST;;1;1;XEUR;10804526;691;
25.10.2024;08:59:35.331;FGBX SI 20241206 PS;SIMPLE_INSTRUMENT;EFP_FIN;EUR;12;132.70000000;148;EXCHANGE_LAST;;1;1;XEUR;10804526;691;
25.10.2024;09:57:45.371;FGBX SI 20241206 PS;SIMPLE_INSTRUMENT;EFP_FIN;EUR;19;132.58000000;138;EXCHANGE_LAST;;1;1;XEUR;10804526;691;
25.10.2024;10:01:25.157;FGBX SI 20241206 PS;SIMPLE_INSTRUMENT;BLOCK;EUR;21;132.46000000;251;EXCHANGE_LAST;;1;1;XEUR;10804526;691;
25.10.2024;10:29:38.933;FGBX SI 20241206 PS;SIMPLE_INSTRUMENT;BLOCK;EUR;22;132.50000000;167;EXCHANGE_LAST;;1;1;XEUR;10804526;691;
25.10.2024;10:53:13.813;FGBX SI 20241206 PS;SIMPLE_INSTRUMENT;EFP_FIN;EUR;27;132.46000000;597;EXCHANGE_LAST;;1;1;XEUR;10804526;691;
25.10.2024;11:33:26.367;FGBX SI 20241206 PS;SIMPLE_INSTRUMENT;EFP_FIN;EUR;29;132.58000000;75;EXCHANGE_LAST;;1;1;XEUR;10804526;691;
25.10.2024;12:18:43.672;FGBX SI 20241206 PS;SIMPLE_INSTRUMENT;EFS;EUR;33;132.44000000;120;EXCHANGE_LAST;;1;1;XEUR;10804526;691;
25.10.2024;14:05:09.169;FGBX SI 20241206 PS;SIMPLE_INSTRUMENT;EFP_FIN;EUR;40;132.52000000;182;EXCHANGE_LAST;;1;1;XEUR;10804526;691;
25.10.2024;14:07:13.147;FGBX SI 20241206 PS;SIMPLE_INSTRUMENT;EFP_FIN;EUR;41;132.38000000;88;EXCHANGE_LAST;;1;1;XEUR;10804526;691;
25.10.2024;15:28:50.821;FGBX SI 20241206 PS;SIMPLE_INSTRUMENT;EFS;EUR;51;132.38000000;25;EXCHANGE_LAST;;1;1;XEUR;10804526;691;
25.10.2024;16:22:16.765;FGBX SI 20241206 PS;SIMPLE_INSTRUMENT;EFS;EUR;54;132.38000000;101;EXCHANGE_LAST;;1;1;XEUR;10804526;691;
25.10.2024;06:59:41.754;FMAE SI 20241220 CS;SIMPLE_INSTRUMENT;EFP_IDX;EUR;18;400.12500000;500;EXCHANGE_LAST;;1;1;XEUR;7193451;48921;
25.10.2024;02:23:47.818;FMCH SI 20241220 CS;SIMPLE_INSTRUMENT;BLOCK;USD;9;528.62700000;2071;EXCHANGE_LAST;;1;1;XEUR;7196792;402909;
25.10.2024;07:23:33.783;FMCH SI 20241220 CS;SIMPLE_INSTRUMENT;EFP_IDX;USD;30;528.68800000;22;EXCHANGE_LAST;;1;1;XEUR;7196792;402909;
25.10.2024;07:24:28.753;FMCH SI 20241220 CS;SIMPLE_INSTRUMENT;EFP_IDX;USD;31;529.18800000;22;EXCHANGE_LAST;;1;1;XEUR;7196792;402909;
25.10.2024;06:58:33.347;FMEM SI 20241220 CS;SIMPLE_INSTRUMENT;EFP_IDX;USD;17;609.49000000;240;EXCHANGE_LAST;;1;1;XEUR;7191937;12394;
25.10.2024;07:05:54.781;FMEN SI 20241220 CS;SIMPLE_INSTRUMENT;BLOCK;EUR;22;528.61900000;550;EXCHANGE_LAST;;1;1;XEUR;7192297;30652;
25.10.2024;07:13:15.871;FMEN SI 20241220 CS;SIMPLE_INSTRUMENT;BLOCK;EUR;25;528.73000000;329;EXCHANGE_LAST;;1;1;XEUR;7192297;30652;
25.10.2024;06:28:22.081;FMES SI 20241220 CS;SIMPLE_INSTRUMENT;EFP_IDX;EUR;15;567.85800000;349;EXCHANGE_LAST;;1;1;XEUR;7194760;221291;
25.10.2024;07:02:21.528;FMES SI 20241220 CS;SIMPLE_INSTRUMENT;BLOCK;EUR;19;568.60800000;14;EXCHANGE_LAST;;1;1;XEUR;7194760;221291;
25.10.2024;07:07:29.356;FMES SI 20241220 CS;SIMPLE_INSTRUMENT;EFP_IDX;EUR;23;568.60800000;2;EXCHANGE_LAST;;1;1;XEUR;7194760;221291;
25.10.2024;06:38:42.248;FMEU SI 20241220 CS;SIMPLE_INSTRUMENT;BLOCK;EUR;16;345.02000000;287;EXCHANGE_LAST;;1;1;XEUR;7191848;7058;
25.10.2024;07:08:44.314;FMGC SI 20241220 CS;SIMPLE_INSTRUMENT;BLOCK;USD;24;12872.73700000;14;EXCHANGE_LAST;;1;1;XEUR;7193447;48916;
25.10.2024;14:11:01.434;FMGO SI 20241220 CS;SIMPLE_INSTRUMENT;BLOCK;USD;36;5314.00000000;15;EXCHANGE_LAST;;1;1;XEUR;8609363;583623;
25.10.2024;07:20:54.362;FMGQ SI 20241220 CS;SIMPLE_INSTRUMENT;EFP_IDX;USD;28;5099.92000000;47;EXCHANGE_LAST;;1;1;XEUR;8609380;583625;
25.10.2024;07:21:55.419;FMGQ SI 20241220 CS;SIMPLE_INSTRUMENT;EFP_IDX;USD;29;5101.92000000;47;EXCHANGE_LAST;;1;1;XEUR;8609380;583625;
25.10.2024;07:59:25.899;FMHK SI 20241220 CS;SIMPLE_INSTRUMENT;BLOCK;USD;32;60130.00000000;27;EXCHANGE_LAST;;1;1;XEUR;7192592;45282;
25.10.2024;01:54:21.562;FMIN SI 20241220 CS;SIMPLE_INSTRUMENT;EFP_IDX;USD;3;1321.82200000;43;EXCHANGE_LAST;;1;1;XEUR;7191968;12404;
25.10.2024;02:17:14.265;FMIN SI 20241220 CS;SIMPLE_INSTRUMENT;BLOCK;USD;5;1321.16200000;53;EXCHANGE_LAST;;1;1;XEUR;7191968;12404;
25.10.2024;02:24:35.287;FMIN SI 20241220 CS;SIMPLE_INSTRUMENT;BLOCK;USD;10;1320.89900000;569;EXCHANGE_LAST;;1;1;XEUR;7191968;12404;
25.10.2024;07:05:30.723;FMIN SI 20241220 CS;SIMPLE_INSTRUMENT;BLOCK;USD;21;1320.90200000;379;EXCHANGE_LAST;;1;1;XEUR;7191968;12404;
25.10.2024;01:30:49.005;FMJP SI 20241220 CS;SIMPLE_INSTRUMENT;EFP_IDX;USD;2;8498.55700000;40;EXCHANGE_LAST;;1;1;XEUR;7190889;661;
25.10.2024;06:08:48.851;FMMU SI 20241220 CS;SIMPLE_INSTRUMENT;EFP_IDX;EUR;13;299.84000000;9;EXCHANGE_LAST;;1;1;XEUR;7193396;48138;
25.10.2024;15:03:09.155;FMMX SI 20241220 CS;SIMPLE_INSTRUMENT;EFP_IDX;USD;37;641.37400000;87;EXCHANGE_LAST;;1;1;XEUR;7191984;12545;
25.10.2024;02:21:43.801;FMMY SI 20241220 CS;SIMPLE_INSTRUMENT;BLOCK;USD;7;401.97400000;108;EXCHANGE_LAST;;1;1;XEUR;7191971;12405;
25.10.2024;02:22:50.324;FMMY SI 20241220 CS;SIMPLE_INSTRUMENT;BLOCK;USD;8;401.65400000;175;EXCHANGE_LAST;;1;1;XEUR;7191971;12405;
25.10.2024;02:55:54.571;FMOG SI 20241220 CS;SIMPLE_INSTRUMENT;EFP_IDX;USD;11;11516.40600000;2;EXCHANGE_LAST;;1;1;XEUR;7193554;51877;
25.10.2024;07:17:14.655;FMSA SI 20241220 CS;SIMPLE_INSTRUMENT;EFP_IDX;USD;27;1782.41200000;75;EXCHANGE_LAST;;1;1;XEUR;7194630;134861;
25.10.2024;10:21:50.865;FMSA SI 20241220 CS;SIMPLE_INSTRUMENT;BLOCK;USD;35;1780.00000000;67;EXCHANGE_LAST;;1;1;XEUR;7194630;134861;
25.10.2024;02:20:48.285;FMTH SI 20241220 CS;SIMPLE_INSTRUMENT;BLOCK;USD;6;1260.12000000;206;EXCHANGE_LAST;;1;1;XEUR;7192052;12681;
25.10.2024;00:48:17.390;FMTW SI 20241220 CS;SIMPLE_INSTRUMENT;BLOCK;USD;1;850.81400000;58;EXCHANGE_LAST;;1;1;XEUR;7193559;51884;
25.10.2024;02:20:13.348;FMTW SI 20241220 CS;SIMPLE_INSTRUMENT;BLOCK;USD;2;850.81400000;377;EXCHANGE_LAST;;1;1;XEUR;7193559;51884;
25.10.2024;07:04:11.231;FMUQ SI 20241220 CS;SIMPLE_INSTRUMENT;EFP_IDX;USD;20;6041.72000000;116;EXCHANGE_LAST;;1;1;XEUR;7193400;48146;
25.10.2024;00:34:07.399;FMWO SI 20241220 CS;SIMPLE_INSTRUMENT;EFP_IDX;USD;1;11800.39000000;380;EXCHANGE_LAST;;1;1;XEUR;7191849;7059;
25.10.2024;05:57:31.102;FMWO SI 20241220 CS;SIMPLE_INSTRUMENT;EFP_IDX;USD;12;11802.99000000;96;EXCHANGE_LAST;;1;1;XEUR;7191849;7059;
25.10.2024;06:22:08.386;FMWO SI 20241220 CS;SIMPLE_INSTRUMENT;EFP_IDX;USD;14;11802.89000000;67;EXCHANGE_LAST;;1;1;XEUR;7191849;7059;
25.10.2024;07:15:13.972;FMWO SI 20241220 CS;SIMPLE_INSTRUMENT;EFP_IDX;USD;26;11802.89000000;89;EXCHANGE_LAST;;1;1;XEUR;7191849;7059;
25.10.2024;08:18:35.452;FMWO SI 20241220 CS;SIMPLE_INSTRUMENT;BLOCK;USD;33;11802.39000000;850;EXCHANGE_LAST;;1;1;XEUR;7191849;7059;
25.10.2024;08:57:58.023;FMXG SI 20241220 CS;SIMPLE_INSTRUMENT;BLOCK;EUR;34;364.70000000;596;EXCHANGE_LAST;;1;1;XEUR;7194562;124306;
25.10.2024;08:21:40.288;FOAT SI 20241206 PS;SIMPLE_INSTRUMENT;EFP_FIN;EUR;1;125.92000000;830;EXCHANGE_LAST;;1;1;XEUR;10804528;749;
25.10.2024;10:30:04.044;FOAT SI 20241206 PS;SIMPLE_INSTRUMENT;EFP_FIN;EUR;2;125.88000000;830;EXCHANGE_LAST;;1;1;XEUR;10804528;749;
25.10.2024;10:34:10.349;FOAT SI 20241206 PS;SIMPLE_INSTRUMENT;EFP_FIN;EUR;3;125.84000000;440;EXCHANGE_LAST;;1;1;XEUR;10804528;749;
25.10.2024;10:55:19.559;FOAT SI 20241206 PS;SIMPLE_INSTRUMENT;BLOCK;EUR;4;125.83000000;288;EXCHANGE_LAST;;1;1;XEUR;10804528;749;
25.10.2024;11:38:41.613;FOAT SI 20241206 PS;SIMPLE_INSTRUMENT;EFS;EUR;5;125.85000000;734;EXCHANGE_LAST;;1;1;XEUR;10804528;749;
25.10.2024;11:48:52.283;FOAT SI 20241206 PS;SIMPLE_INSTRUMENT;EFP_FIN;EUR;6;125.86000000;54;EXCHANGE_LAST;;1;1;XEUR;10804528;749;
25.10.2024;13:07:49.278;FOAT SI 20241206 PS;SIMPLE_INSTRUMENT;EFP_FIN;EUR;7;125.82000000;91;EXCHANGE_LAST;;1;1;XEUR;10804528;749;
25.10.2024;13:27:30.583;FOAT SI 20241206 PS;SIMPLE_INSTRUMENT;EFP_FIN;EUR;8;125.81000000;831;EXCHANGE_LAST;;1;1;XEUR;10804528;749;
25.10.2024;13:37:12.076;FOAT SI 20241206 PS;SIMPLE_INSTRUMENT;EFP_FIN;EUR;9;125.88000000;1247;EXCHANGE_LAST;;1;1;XEUR;10804528;749;
25.10.2024;13:55:28.417;FOAT SI 20241206 PS;SIMPLE_INSTRUMENT;EFP_FIN;EUR;10;125.85000000;415;EXCHANGE_LAST;;1;1;XEUR;10804528;749;
25.10.2024;14:03:13.162;FOAT SI 20241206 PS;SIMPLE_INSTRUMENT;EFP_FIN;EUR;11;125.80000000;1028;EXCHANGE_LAST;;1;1;XEUR;10804528;749;
25.10.2024;14:21:19.950;FOAT SI 20241206 PS;SIMPLE_INSTRUMENT;EFP_FIN;EUR;12;125.68000000;831;EXCHANGE_LAST;;1;1;XEUR;10804528;749;
25.10.2024;15:31:49.689;FOAT SI 20241206 PS;SIMPLE_INSTRUMENT;EFP_FIN;EUR;13;125.60000000;283;EXCHANGE_LAST;;1;1;XEUR;10804528;749;
25.10.2024;15:33:24.624;FOAT SI 20241206 PS;SIMPLE_INSTRUMENT;EFP_FIN;EUR;14;125.60000000;830;EXCHANGE_LAST;;1;1;XEUR;10804528;749;
25.10.2024;15:33:40.695;FOAT SI 20241206 PS;SIMPLE_INSTRUMENT;EFP_FIN;EUR;15;125.60000000;538;EXCHANGE_LAST;;1;1;XEUR;10804528;749;
25.10.2024;15:42:50.840;FOAT SI 20241206 PS;SIMPLE_INSTRUMENT;EFP_FIN;EUR;16;125.62000000;87;EXCHANGE_LAST;;1;1;XEUR;10804528;749;
25.10.2024;15:55:20.686;FOAT SI 20241206 PS;SIMPLE_INSTRUMENT;EFP_FIN;EUR;17;125.54000000;218;EXCHANGE_LAST;;1;1;XEUR;10804528;749;
25.10.2024;15:42:30.750;FSCP SI 20241220 CS;SIMPLE_INSTRUMENT;EFP_IDX;EUR;45;342.30000000;75;EXCHANGE_LAST;;1;1;XEUR;10840104;764;
25.10.2024;15:42:48.727;FSCP SI 20241220 CS;SIMPLE_INSTRUMENT;EFP_IDX;EUR;46;342.40000000;299;EXCHANGE_LAST;;1;1;XEUR;10840104;764;
25.10.2024;15:53:50.994;FSEG SI 20241220 CS;SIMPLE_INSTRUMENT;EFP_IDX;EUR;47;193.40000000;5;EXCHANGE_LAST;;1;1;XEUR;10871764;109977;
25.10.2024;15:53:50.924;FSEG SI 20241220 CS;SIMPLE_INSTRUMENT;EFP_IDX;EUR;48;193.50000000;13;EXCHANGE_LAST;;1;1;XEUR;10871764;109977;
25.10.2024;11:22:45.021;FSMI SI 20241220 CS;SIMPLE_INSTRUMENT;EFP_IDX;CHF;1;12170.00000000;450;EXCHANGE_LAST;;1;1;XEUR;7793735;757;
25.10.2024;11:44:11.418;FSMI SI 20241220 CS;SIMPLE_INSTRUMENT;EFP_IDX;CHF;2;12170.00000000;400;EXCHANGE_LAST;;1;1;XEUR;7793735;757;
25.10.2024;12:03:57.510;FSMI SI 20241220 CS;SIMPLE_INSTRUMENT;BLOCK;CHF;3;12170.00000000;1000;EXCHANGE_LAST;;1;1;XEUR;7793735;757;
25.10.2024;14:31:43.353;FSMI SI 20241220 CS;SIMPLE_INSTRUMENT;EFP_IDX;CHF;4;12200.00000000;325;EXCHANGE_LAST;;1;1;XEUR;7793735;757;
25.10.2024;10:04:24.164;FSMI SI 20241220 CS;SIMPLE_INSTRUMENT;VOLA;CHF;603979788;12220.00000000;14;EXCHANGE_LAST;;1;1;XEUR;7793735;757;
25.10.2024;14:26:29.293;FSTA SI 20241220 CS;SIMPLE_INSTRUMENT;VOLA;EUR;603979824;570.00000000;130;EXCHANGE_LAST;;1;1;XEUR;10839562;715;
25.10.2024;16:01:17.435;FSTN SI 20241220 CS;SIMPLE_INSTRUMENT;EFP_IDX;EUR;49;700.60000000;1984;EXCHANGE_LAST;;1;1;XEUR;10839552;704;
25.10.2024;16:02:53.909;FSTN SI 20241220 CS;SIMPLE_INSTRUMENT;EFP_IDX;EUR;50;700.70000000;1985;EXCHANGE_LAST;;1;1;XEUR;10839552;704;
25.10.2024;11:23:45.332;FSTV SI 20241220 CS;SIMPLE_INSTRUMENT;VOLA;EUR;603979802;264.10000000;50;EXCHANGE_LAST;;1;1;XEUR;10839571;731;
25.10.2024;11:25:34.901;FSTV SI 20241220 CS;SIMPLE_INSTRUMENT;VOLA;EUR;603979803;264.10000000;15;EXCHANGE_LAST;;1;1;XEUR;10839571;731;
25.10.2024;13:12:29.615;FTE.O.241025.PDIA.000002;STANDARD_OPTION_STRATEGY;BLOCK;EUR;24;0.55000000;2500;EXCHANGE_LAST;;1;1;XEUR;72060703594261223;724;
25.10.2024;13:12:29.615;FTE SI 20251219 PS AM P 9.80 0;SIMPLE_INSTRUMENT;BLOCK;EUR;24;0.82000000;2500;PRC_DECOMP_EXCHANGE;;;;XEUR;8074715;724;EXCHANGE
25.10.2024;13:12:29.615;FTE SI 20261218 PS AM P 10.00 0;SIMPLE_INSTRUMENT;BLOCK;EUR;24;1.37000000;2500;PRC_DECOMP_EXCHANGE;;;;XEUR;7158668;724;EXCHANGE
25.10.2024;13:15:34.738;FTE.O.241025.PDIA.000002;STANDARD_OPTION_STRATEGY;BLOCK;EUR;26;0.55000000;7500;EXCHANGE_LAST;;1;1;XEUR;72060703594261223;724;
25.10.2024;13:15:34.738;FTE SI 20251219 PS AM P 9.80 0;SIMPLE_INSTRUMENT;BLOCK;EUR;26;0.82000000;7500;PRC_DECOMP_MEMBER;;;;XEUR;8074715;724;MEMBER
25.10.2024;13:15:34.738;FTE SI 20261218 PS AM P 10.00 0;SIMPLE_INSTRUMENT;BLOCK;EUR;26;1.37000000;7500;PRC_DECOMP_MEMBER;;;;XEUR;7158668;724;MEMBER
25.10.2024;08:37:25.360;FTUK SI 20241220 CS;SIMPLE_INSTRUMENT;BLOCK;GBP;1;8292.00000000;3000;EXCHANGE_LAST;;1;1;XEUR;10450717;346692;
25.10.2024;15:44:59.724;FXXP SI 20241220 CS;SIMPLE_INSTRUMENT;BLOCK;EUR;40;520.30000000;2733;EXCHANGE_LAST;;1;1;XEUR;7793976;816;
25.10.2024;15:44:59.748;FXXP SI 20241220 CS;SIMPLE_INSTRUMENT;BLOCK;EUR;41;520.40000000;304;EXCHANGE_LAST;;1;1;XEUR;7793976;816;
25.10.2024;15:54:54.951;FXXP SI 20241220 CS;SIMPLE_INSTRUMENT;EFP_IDX;EUR;42;520.30000000;48;EXCHANGE_LAST;;1;1;XEUR;7793976;816;
25.10.2024;15:56:07.936;FXXP SI 20241220 CS;SIMPLE_INSTRUMENT;EFP_IDX;EUR;43;520.20000000;21;EXCHANGE_LAST;;1;1;XEUR;7793976;816;
25.10.2024;11:01:21.608;FXXP SI 20241220 CS;SIMPLE_INSTRUMENT;VOLA;EUR;603979799;520.90000000;91;EXCHANGE_LAST;;1;1;XEUR;7793976;816;
25.10.2024;12:34:47.566;GAD.N.241025.000001;NON_STANDARD_OPTION_STRATEGY;BLOCK;CHF;33;1.75000000;225;EXCHANGE_LAST;;1;1;XEUR;75640391331741716;834185;
25.10.2024;12:34:47.566;GAD SI 20241115 PS AM C 83.00 0;SIMPLE_INSTRUMENT;BLOCK;CHF;33;0.69000000;225;PRC_DECOMP_EXCHANGE;;;;XEUR;12118770;834185;EXCHANGE
25.10.2024;12:34:47.566;GAD SI 20241115 PS AM C 82.00 0;SIMPLE_INSTRUMENT;BLOCK;CHF;33;1.06000000;225;PRC_DECOMP_EXCHANGE;;;;XEUR;11749683;834185;EXCHANGE
25.10.2024;12:49:20.007;GIVN SI 20241115 PS AM P 4200.0 0;SIMPLE_INSTRUMENT;BLOCK;CHF;37;96.60000000;168;EXCHANGE_LAST;;1;1;XEUR;11707437;892;
25.10.2024;08:23:38.185;HOLN SI 20250919 PS AM P 72.00 0;SIMPLE_INSTRUMENT;BLOCK;CHF;1;2.72000000;500;EXCHANGE_LAST;;1;1;XEUR;11884502;943;
25.10.2024;09:33:42.817;HOLN SI 20250321 PS AM P 76.00 0;SIMPLE_INSTRUMENT;BLOCK;CHF;12;1.46000000;500;EXCHANGE_LAST;;1;1;XEUR;10842762;943;
25.10.2024;15:22:47.491;HOLN.O.241025.STG.000001;STANDARD_OPTION_STRATEGY;BLOCK;CHF;51;5.10000000;500;EXCHANGE_LAST;;1;1;XEUR;72061644192119450;943;
25.10.2024;15:22:47.491;HOLN SI 20250321 PS AM C 88.00 0;SIMPLE_INSTRUMENT;BLOCK;CHF;51;2.27000000;500;PRC_DECOMP_EXCHANGE;;;;XEUR;10842835;943;EXCHANGE
25.10.2024;15:22:47.491;HOLN SI 20250321 PS AM P 80.00 0;SIMPLE_INSTRUMENT;BLOCK;CHF;51;2.83000000;500;PRC_DECOMP_EXCHANGE;;;;XEUR;10842838;943;EXCHANGE
25.10.2024;15:44:34.107;I3ES SI 20241220 CS;SIMPLE_INSTRUMENT;BLOCK;EUR;52;0.32000000;3480;EXCHANGE_LAST;;1;1;XEUR;4632515;913;
25.10.2024;08:21:27.575;I4NN SI 20251219 CS;SIMPLE_INSTRUMENT;BLOCK;EUR;3;1.04000000;250;EXCHANGE_LAST;;1;1;XEUR;9488383;669776;
25.10.2024;10:03:23.857;IBE.O.241025.STG.000001;STANDARD_OPTION_STRATEGY;BLOCK;EUR;12;1.74000000;1500;EXCHANGE_LAST;;1;1;XEUR;72061493868236392;908;
25.10.2024;10:03:23.857;IBE SI 20251219 PS AM P 13.50 0;SIMPLE_INSTRUMENT;BLOCK;EUR;12;0.93000000;1500;PRC_DECOMP_EXCHANGE;;;;XEUR;5986419;908;EXCHANGE
25.10.2024;10:03:23.857;IBE SI 20251219 PS AM C 14.50 0;SIMPLE_INSTRUMENT;BLOCK;EUR;12;0.81000000;1500;PRC_DECOMP_EXCHANGE;;;;XEUR;5986424;908;EXCHANGE
25.10.2024;14:02:37.777;IDI SI 20241220 PS AM P 2.00 0;SIMPLE_INSTRUMENT;BLOCK;CHF;44;1.19000000;438;EXCHANGE_LAST;;1;1;XEUR;9368475;57132;
25.10.2024;15:43:48.430;IESI SI 20241219 CS;SIMPLE_INSTRUMENT;BLOCK;EUR;51;3.75150000;4000;EXCHANGE_LAST;;1;1;XEUR;7028775;901;
25.10.2024;08:53:24.783;IFX.O.241025.STG.000007;STANDARD_OPTION_STRATEGY;BLOCK;EUR;5;2.14000000;2500;EXCHANGE_LAST;;1;1;XEUR;72061468098466418;902;
25.10.2024;08:53:24.783;IFX SI 20250321 PS AM C 40.00 0;SIMPLE_INSTRUMENT;BLOCK;EUR;5;0.41000000;2500;PRC_DECOMP_EXCHANGE;;;;XEUR;10842336;902;EXCHANGE
25.10.2024;08:53:24.783;IFX SI 20250321 PS AM P 28.00 0;SIMPLE_INSTRUMENT;BLOCK;EUR;5;1.73000000;2500;PRC_DECOMP_EXCHANGE;;;;XEUR;10842328;902;EXCHANGE
25.10.2024;08:38:39.332;INN SI 20250321 PS AM P 14.50 0;SIMPLE_INSTRUMENT;BLOCK;EUR;5;0.51000000;6000;EXCHANGE_LAST;;1;1;XEUR;11255952;1014;
25.10.2024;08:51:53.483;ISPA SI 20241220 PS AM P 20.00 0;SIMPLE_INSTRUMENT;BLOCK;EUR;7;0.41000000;3000;EXCHANGE_LAST;;1;2;XEUR;4649104;1004;
25.10.2024;09:25:30.719;ISPA SI 20241220 PS AM C 24.00 0;SIMPLE_INSTRUMENT;BLOCK;EUR;10;0.34000000;2000;EXCHANGE_LAST;;1;1;XEUR;5890154;1004;
25.10.2024;07:54:14.095;KEKG SI 20241115 CS;SIMPLE_INSTRUMENT;BLOCK;EUR;2;17.82940000;3300;EXCHANGE_LAST;;1;1;XEUR;10121568;1096;
25.10.2024;14:32:08.027;LHA SI 20250620 PS AM C 8.00 0;SIMPLE_INSTRUMENT;BLOCK;EUR;21;0.21000000;2500;EXCHANGE_LAST;;1;2;XEUR;7907936;1126;
25.10.2024;12:50:56.780;LOGN SI 20250321 PS AM P 68.00 0;SIMPLE_INSTRUMENT;BLOCK;CHF;35;3.89000000;400;EXCHANGE_LAST;;1;1;XEUR;10846056;1143;
25.10.2024;13:32:04.260;LOGN.N.241025.000005;NON_STANDARD_OPTION_STRATEGY;BLOCK;CHF;41;3.26000000;400;EXCHANGE_LAST;;1;1;XEUR;72062503185566678;1143;
25.10.2024;13:32:04.260;LOGN SI 20250117 PS AM P 66.00 0;SIMPLE_INSTRUMENT;BLOCK;CHF;41;1.84000000;800;PRC_DECOMP_EXCHANGE;;;;XEUR;12079691;1143;EXCHANGE
25.10.2024;13:32:04.260;LOGN SI 20241220 PS AM P 60.00 0;SIMPLE_INSTRUMENT;BLOCK;CHF;41;0.42000000;400;PRC_DECOMP_EXCHANGE;;;;XEUR;7299531;1143;EXCHANGE
25.10.2024;14:49:04.772;LOR SI 20250117 PS AM C 395.00 0;SIMPLE_INSTRUMENT;BLOCK;EUR;29;3.64000000;183;EXCHANGE_LAST;;1;1;XEUR;12079701;1140;
25.10.2024;14:49:04.815;LOR SI 20250117 PS AM C 395.00 0;SIMPLE_INSTRUMENT;BLOCK;EUR;30;3.63000000;242;EXCHANGE_LAST;;1;1;XEUR;12079701;1140;
25.10.2024;13:58:18.155;LXS SI 20281215 PS AM P 20.00 0;SIMPLE_INSTRUMENT;BLOCK;EUR;12;3.49000000;500;EXCHANGE_LAST;;1;1;XEUR;10410407;1024;
25.10.2024;09:56:06.624;M2UV SI 20251219 CS;SIMPLE_INSTRUMENT;BLOCK;EUR;4;17.65000000;20;EXCHANGE_LAST;;1;1;XEUR;5914887;1055;
25.10.2024;15:41:25.844;M3OH SI 20251219 CS;SIMPLE_INSTRUMENT;BLOCK;EUR;50;13.00000000;40;EXCHANGE_LAST;;1;2;XEUR;5914889;45419;
25.10.2024;10:29:18.520;MCH.O.241025.BULBR.000003;STANDARD_OPTION_STRATEGY;BLOCK;EUR;20;0.10000000;4700;EXCHANGE_LAST;;1;1;XEUR;72062073688824283;1043;
25.10.2024;10:29:18.520;MCH SI 20241220 PS AM C 33.00 0;SIMPLE_INSTRUMENT;BLOCK;EUR;20;0.43000000;4700;PRC_DECOMP_EXCHANGE;;;;XEUR;11885992;1043;EXCHANGE
25.10.2024;10:29:18.520;MCH SI 20241220 PS AM P 29.00 0;SIMPLE_INSTRUMENT;BLOCK;EUR;20;0.43000000;4700;PRC_DECOMP_EXCHANGE;;;;XEUR;11885998;1043;EXCHANGE
25.10.2024;10:29:18.520;MCH SI 20241220 PS AM P 26.00 0;SIMPLE_INSTRUMENT;BLOCK;EUR;20;0.15000000;4700;PRC_DECOMP_EXCHANGE;;;;XEUR;10410772;1043;EXCHANGE
25.10.2024;10:29:18.520;MCH SI 20241220 PS AM C 36.00 0;SIMPLE_INSTRUMENT;BLOCK;EUR;20;0.05000000;4700;PRC_DECOMP_EXCHANGE;;;;XEUR;7887447;1043;EXCHANGE
25.10.2024;08:03:22.241;MOH SI 20250321 PS AM C 680.00 0;SIMPLE_INSTRUMENT;BLOCK;EUR;4;21.60000000;300;EXCHANGE_LAST;;1;3;XEUR;10844468;1074;
25.10.2024;09:36:55.694;MUV2 SI 20250620 PS AM P 500.00 0;SIMPLE_INSTRUMENT;BLOCK;EUR;1;50.85000000;500;EXCHANGE_LAST;;1;1;XEUR;11755121;1234;
25.10.2024;11:05:42.825;N2ES SI 20250620 CS;SIMPLE_INSTRUMENT;BLOCK;CHF;15;3.07000000;50;EXCHANGE_LAST;;1;1;XEUR;10848664;1240;
25.10.2024;15:02:44.298;N4OV SI 20250620 CS;SIMPLE_INSTRUMENT;BLOCK;CHF;45;3.49000000;476;EXCHANGE_LAST;;1;1;XEUR;10891333;724743;
25.10.2024;15:34:21.843;N4OV SI 20251219 CS;SIMPLE_INSTRUMENT;BLOCK;CHF;48;3.50000000;200;EXCHANGE_LAST;;1;1;XEUR;10036553;724743;
25.10.2024;11:17:52.299;NEF SI 20241115 PS AM P 14.50 0;SIMPLE_INSTRUMENT;BLOCK;EUR;15;0.56000000;2000;EXCHANGE_LAST;;1;1;XEUR;11837148;1252;
25.10.2024;10:14:55.374;NESE.O.241025.COMBO.000007;STANDARD_OPTION_STRATEGY;BLOCK;CHF;16;7.00000000;750;EXCHANGE_LAST;;1;1;XEUR;72062992811833476;1257;
25.10.2024;10:14:55.374;NESE SI 20261218 PS EU C 100.00 0;SIMPLE_INSTRUMENT;BLOCK;CHF;16;1.84000000;750;PRC_DECOMP_EXCHANGE;;;;XEUR;7165503;1257;EXCHANGE
25.10.2024;10:14:55.374;NESE SI 20261218 PS EU P 84.00 0;SIMPLE_INSTRUMENT;BLOCK;CHF;16;8.84000000;750;PRC_DECOMP_EXCHANGE;;;;XEUR;7165494;1257;EXCHANGE
25.10.2024;12:07:51.221;NESN.O.241025.BER.000020;STANDARD_OPTION_STRATEGY;BLOCK;CHF;27;4.77000000;750;EXCHANGE_LAST;;1;1;XEUR;72063018581698503;1263;
25.10.2024;12:07:51.221;NESN SI 20250919 PS AM P 84.00 0;SIMPLE_INSTRUMENT;BLOCK;CHF;27;5.49000000;750;PRC_DECOMP_EXCHANGE;;;;XEUR;11891520;1263;EXCHANGE
25.10.2024;12:07:51.221;NESN SI 20250919 PS AM P 68.00 0;SIMPLE_INSTRUMENT;BLOCK;CHF;27;0.72000000;750;PRC_DECOMP_EXCHANGE;;;;XEUR;11891505;1263;EXCHANGE
25.10.2024;07:47:13.116;NOA3.O.241025.BUL.000001;STANDARD_OPTION_STRATEGY;BLOCK;EUR;1;0.27000000;5000;EXCHANGE_LAST;;1;1;XEUR;72063070121248715;1275;
25.10.2024;07:47:13.116;NOA3 SI 20241220 PS AM C 4.00 0;SIMPLE_INSTRUMENT;BLOCK;EUR;1;0.49000000;5000;PRC_DECOMP_EXCHANGE;;;;XEUR;4652905;1275;EXCHANGE
25.10.2024;07:47:13.116;NOA3 SI 20241220 PS AM C 4.40 0;SIMPLE_INSTRUMENT;BLOCK;EUR;1;0.22000000;5000;PRC_DECOMP_EXCHANGE;;;;XEUR;10417048;1275;EXCHANGE
25.10.2024;07:48:34.125;NOA3 SI 20241220 PS AM C 4.80 0;SIMPLE_INSTRUMENT;BLOCK;EUR;2;0.06000000;5000;EXCHANGE_LAST;;1;1;XEUR;4652907;1275;
25.10.2024;07:48:44.125;NOA3 SI 20241220 PS AM C 4.80 0;SIMPLE_INSTRUMENT;BLOCK;EUR;3;0.07000000;5000;EXCHANGE_LAST;;1;1;XEUR;4652907;1275;
25.10.2024;14:57:22.843;NOVH.S.FEB25.JUN25.SPD;FUTURES_SPREAD;BLOCK;CHF;42;2.18000000;7000;EXCHANGE_LAST;;1;1;XEUR;75170337225965624;724742;
25.10.2024;14:57:22.843;NOVH SI 20250221 CS;SIMPLE_INSTRUMENT;BLOCK;CHF;42;98.61690000;7000;PRC_DECOMP_EXCHANGE;;;;XEUR;10606951;724742;EXCHANGE
25.10.2024;14:57:22.843;NOVH SI 20250620 CS;SIMPLE_INSTRUMENT;BLOCK;CHF;42;96.43690000;7000;PRC_DECOMP_EXCHANGE;;;;XEUR;11213038;724742;EXCHANGE
25.10.2024;15:27:41.004;NOVH SI 20250221 CS;SIMPLE_INSTRUMENT;BLOCK;CHF;47;99.13500000;2600;EXCHANGE_LAST;;1;2;XEUR;10606951;724742;
25.10.2024;09:50:45.388;NOVN.O.241025.IRTSP.000003;STANDARD_OPTION_STRATEGY;BLOCK;CHF;15;-0.18000000;750;EXCHANGE_LAST;;1;1;XEUR;75170350110873205;724745;
25.10.2024;09:50:45.388;NOVN SI 20250117 PS AM P 94.00 0;SIMPLE_INSTRUMENT;BLOCK;CHF;15;1.50000000;750;PRC_DECOMP_EXCHANGE;;;;XEUR;12113109;724745;EXCHANGE
25.10.2024;09:50:45.388;NOVN SI 20241115 PS AM C 100.00 0;SIMPLE_INSTRUMENT;BLOCK;CHF;15;1.32000000;750;PRC_DECOMP_EXCHANGE;;;;XEUR;11744397;724745;EXCHANGE
25.10.2024;12:22:02.633;NOVN SI 20241115 PS AM P 87.00 0;SIMPLE_INSTRUMENT;BLOCK;CHF;30;0.12000000;1000;EXCHANGE_LAST;;1;1;XEUR;11744143;724745;
25.10.2024;13:28:44.400;NOVN.O.241025.PDIA.000004;STANDARD_OPTION_STRATEGY;BLOCK;CHF;40;6.97000000;1500;EXCHANGE_LAST;;1;1;XEUR;75170350110873206;724745;
25.10.2024;13:28:44.400;NOVN SI 20251219 PS AM P 100.00 0;SIMPLE_INSTRUMENT;BLOCK;CHF;40;8.87000000;1500;PRC_DECOMP_EXCHANGE;;;;XEUR;10037420;724745;EXCHANGE
25.10.2024;13:28:44.400;NOVN SI 20250919 PS AM P 84.00 0;SIMPLE_INSTRUMENT;BLOCK;CHF;40;1.90000000;1500;PRC_DECOMP_EXCHANGE;;;;XEUR;11933157;724745;EXCHANGE
25.10.2024;15:29:25.608;NOVN.O.241025.BR23.000007;STANDARD_OPTION_STRATEGY;BLOCK;CHF;52;-9.74000000;250;EXCHANGE_LAST;;1;1;XEUR;75170350110873209;724745;
25.10.2024;15:29:25.608;NOVN SI 20250919 PS AM P 80.00 0;SIMPLE_INSTRUMENT;BLOCK;CHF;52;1.26000000;750;PRC_DECOMP_EXCHANGE;;;;XEUR;11933147;724745;EXCHANGE
25.10.2024;15:29:25.608;NOVN SI 20250919 PS AM P 98.00 0;SIMPLE_INSTRUMENT;BLOCK;CHF;52;6.76000000;500;PRC_DECOMP_EXCHANGE;;;;XEUR;11949772;724745;EXCHANGE
25.10.2024;09:40:58.272;OBTP.O.241025.BER.000003;STANDARD_OPTION_STRATEGY;BLOCK;EUR;21;0.42000000;250;EXCHANGE_LAST;;1;1;XEUR;72310189654561501;58812;
25.10.2024;09:40:58.272;OBTP SI 20241122 PS AM P 120.00 0;SIMPLE_INSTRUMENT;BLOCK;EUR;21;0.56000000;250;PRC_DECOMP_EXCHANGE;;;;XEUR;11242882;58812;EXCHANGE
25.10.2024;09:40:58.272;OBTP SI 20241122 PS AM P 118.00 0;SIMPLE_INSTRUMENT;BLOCK;EUR;21;0.14000000;250;PRC_DECOMP_EXCHANGE;;;;XEUR;11242890;58812;EXCHANGE
25.10.2024;09:44:37.282;OBTP.O.241025.BER.000003;STANDARD_OPTION_STRATEGY;BLOCK;EUR;22;0.41000000;250;EXCHANGE_LAST;;1;1;XEUR;72310189654561501;58812;
25.10.2024;09:44:37.282;OBTP SI 20241122 PS AM P 118.00 0;SIMPLE_INSTRUMENT;BLOCK;EUR;22;0.15000000;250;PRC_DECOMP_EXCHANGE;;;;XEUR;11242890;58812;EXCHANGE
25.10.2024;09:44:37.282;OBTP SI 20241122 PS AM P 120.00 0;SIMPLE_INSTRUMENT;BLOCK;EUR;22;0.56000000;250;PRC_DECOMP_EXCHANGE;;;;XEUR;11242882;58812;EXCHANGE
25.10.2024;10:42:01.047;OBTP.V.241025.BUL-U.000004;OPTION_VOLATILITY_STRATEGY;BLOCK;EUR;268435488;0.19000000;1;EXCHANGE_LAST;;1;1;XEUR;72310189654561502;58812;
25.10.2024;10:42:01.047;FBTP SI 20241206 PS;SIMPLE_INSTRUMENT;BLOCK;EUR;268435488;121.12000000;52;PRC_DECOMP_EXCHANGE;;;;XEUR;10804520;58812;EXCHANGE
25.10.2024;10:42:01.047;OBTP SI 20241025 PS AM C 121.50 0;SIMPLE_INSTRUMENT;BLOCK;EUR;268435488;0.09000000;100;PRC_DECOMP_EXCHANGE;;;;XEUR;11609422;58812;EXCHANGE
25.10.2024;10:42:01.047;OBTP SI 20241025 PS AM C 121.00 0;SIMPLE_INSTRUMENT;BLOCK;EUR;268435488;0.28000000;100;PRC_DECOMP_EXCHANGE;;;;XEUR;11609424;58812;EXCHANGE
25.10.2024;09:00:23.444;ODAX.O.241025.BER.000172;STANDARD_OPTION_STRATEGY;BLOCK;EUR;2;153.00000000;960;EXCHANGE_LAST;;1;1;XEUR;72062644920382882;1176;
25.10.2024;09:00:23.444;ODAX SI 20241220 CS EU P 18000 0;SIMPLE_INSTRUMENT;BLOCK;EUR;2;113.90000000;960;PRC_DECOMP_EXCHANGE;;;;XEUR;9516377;1176;EXCHANGE
25.10.2024;09:00:23.444;ODAX SI 20241220 CS EU P 19000 0;SIMPLE_INSTRUMENT;BLOCK;EUR;2;266.90000000;960;PRC_DECOMP_EXCHANGE;;;;XEUR;9516388;1176;EXCHANGE
25.10.2024;14:14:23.655;ODAX.O.241025.CDIA.000270;STANDARD_OPTION_STRATEGY;BLOCK;EUR;8;325.60000000;750;EXCHANGE_LAST;;1;1;XEUR;72062644920382980;1176;
25.10.2024;14:14:23.655;ODAX SI 20241115 CS EU C 19600 0;SIMPLE_INSTRUMENT;BLOCK;EUR;8;223.50000000;750;PRC_DECOMP_MEMBER;;;;XEUR;11755029;1176;MEMBER
25.10.2024;14:14:23.655;ODAX SI 20250321 CS EU C 20000 0;SIMPLE_INSTRUMENT;BLOCK;EUR;8;549.10000000;750;PRC_DECOMP_MEMBER;;;;XEUR;10382394;1176;MEMBER
25.10.2024;07:59:06.413;ODAX.V.241025.COMBO+U.000142;OPTION_VOLATILITY_STRATEGY;BLOCK;EUR;671088641;286.10000000;2;EXCHANGE_LAST;;1;1;XEUR;72062644920382852;1176;
25.10.2024;07:59:06.413;FDAX SI 20241220 CS;SIMPLE_INSTRUMENT;BLOCK;EUR;671088641;19523.00000000;46;PRC_DECOMP_MEMBER;;;;XEUR;7296065;1176;MEMBER
25.10.2024;07:59:06.413;ODAX SI 20241115 CS EU C 20400 0;SIMPLE_INSTRUMENT;BLOCK;EUR;671088641;15.70000000;400;PRC_DECOMP_MEMBER;;;;XEUR;11960359;1176;MEMBER
25.10.2024;07:59:06.413;ODAX SI 20241115 CS EU P 19500 0;SIMPLE_INSTRUMENT;BLOCK;EUR;671088641;301.80000000;400;PRC_DECOMP_MEMBER;;;;XEUR;11711620;1176;MEMBER
25.10.2024;09:01:34.637;ODAX.V.241025.PUT+U.000169;OPTION_VOLATILITY_STRATEGY;BLOCK;EUR;671088643;565.50000000;5;EXCHANGE_LAST;;1;1;XEUR;72062644920382879;1176;
25.10.2024;09:01:34.637;ODAX SI 20250321 CS EU P 19300 0;SIMPLE_INSTRUMENT;BLOCK;EUR;671088643;565.50000000;500;PRC_DECOMP_EXCHANGE;;;;XEUR;10958121;1176;EXCHANGE
25.10.2024;09:01:34.637;FDAX SI 20241220 CS;SIMPLE_INSTRUMENT;BLOCK;EUR;671088643;19520.00000000;40;PRC_DECOMP_EXCHANGE;;;;XEUR;7296065;1176;EXCHANGE
25.10.2024;09:36:22.631;ODAX.V.241025.CNV-U.000148;OPTION_VOLATILITY_STRATEGY;BLOCK;EUR;671088644;-104.00000000;5;EXCHANGE_LAST;;1;1;XEUR;72062644920382858;1176;
25.10.2024;09:36:22.631;ODAX SI 20241025 CS EU P 19500 0;SIMPLE_INSTRUMENT;BLOCK;EUR;671088644;104.10000000;625;PRC_DECOMP_MEMBER;;;;XEUR;11844091;1176;MEMBER
25.10.2024;09:36:22.631;ODAX SI 20241025 CS EU C 19500 0;SIMPLE_INSTRUMENT;BLOCK;EUR;671088644;0.10000000;625;PRC_DECOMP_MEMBER;;;;XEUR;11844097;1176;MEMBER
25.10.2024;09:36:22.631;FDAX SI 20241220 CS;SIMPLE_INSTRUMENT;BLOCK;EUR;671088644;19500.00000000;125;PRC_DECOMP_MEMBER;;;;XEUR;7296065;1176;MEMBER
25.10.2024;09:55:39.364;ODAX.V.241025.BRT+U.000203;OPTION_VOLATILITY_STRATEGY;BLOCK;EUR;671088645;133.50000000;4;EXCHANGE_LAST;;1;1;XEUR;72062644920382913;1176;
25.10.2024;09:55:39.364;FDAX SI 20241220 CS;SIMPLE_INSTRUMENT;BLOCK;EUR;671088645;19620.00000000;4;PRC_DECOMP_MEMBER;;;;XEUR;7296065;1176;MEMBER
25.10.2024;09:55:39.364;ODAX SI 20241115 CS EU P 19300 0;SIMPLE_INSTRUMENT;BLOCK;EUR;671088645;188.00000000;1000;PRC_DECOMP_MEMBER;;;;XEUR;11711604;1176;MEMBER
25.10.2024;09:55:39.364;ODAX SI 20241220 CS EU P 19300 0;SIMPLE_INSTRUMENT;BLOCK;EUR;671088645;321.50000000;1000;PRC_DECOMP_MEMBER;;;;XEUR;10958117;1176;MEMBER
25.10.2024;10:09:51.512;ODAX.V.241025.CNV-U.000151;OPTION_VOLATILITY_STRATEGY;BLOCK;EUR;671088646;-104.00000000;2;EXCHANGE_LAST;;1;1;XEUR;72062644920382861;1176;
25.10.2024;10:09:51.512;ODAX SI 20241025 CS EU P 19500 0;SIMPLE_INSTRUMENT;BLOCK;EUR;671088646;104.10000000;350;PRC_DECOMP_EXCHANGE;;;;XEUR;11844091;1176;EXCHANGE
25.10.2024;10:09:51.512;FDAX SI 20241220 CS;SIMPLE_INSTRUMENT;BLOCK;EUR;671088646;19500.00000000;70;PRC_DECOMP_EXCHANGE;;;;XEUR;7296065;1176;EXCHANGE
25.10.2024;10:09:51.512;ODAX SI 20241025 CS EU C 19500 0;SIMPLE_INSTRUMENT;BLOCK;EUR;671088646;0.10000000;350;PRC_DECOMP_EXCHANGE;;;;XEUR;11844097;1176;EXCHANGE
25.10.2024;12:50:37.111;ODAX.V.241025.BER+U.000248;OPTION_VOLATILITY_STRATEGY;BLOCK;EUR;671088647;60.70000000;1;EXCHANGE_LAST;;1;1;XEUR;72062644920382958;1176;
25.10.2024;12:50:37.111;ODAX SI 20241101 CS EU P 18700 0;SIMPLE_INSTRUMENT;BLOCK;EUR;671088647;9.50000000;733;PRC_DECOMP_MEMBER;;;;XEUR;11888802;1176;MEMBER
25.10.2024;12:50:37.111;ODAX SI 20241101 CS EU P 19300 0;SIMPLE_INSTRUMENT;BLOCK;EUR;671088647;70.20000000;733;PRC_DECOMP_MEMBER;;;;XEUR;11888754;1176;MEMBER
25.10.2024;12:50:37.111;FDAX SI 20241220 CS;SIMPLE_INSTRUMENT;BLOCK;EUR;671088647;19550.00000000;40;PRC_DECOMP_MEMBER;;;;XEUR;7296065;1176;MEMBER
25.10.2024;14:57:14.370;ODAX.V.241025.PUT+U.000287;OPTION_VOLATILITY_STRATEGY;BLOCK;EUR;671088649;54.50000000;6;EXCHANGE_LAST;;1;1;XEUR;72062644920382997;1176;
25.10.2024;14:57:14.370;ODAX SI 20241115 CS EU P 18500 0;SIMPLE_INSTRUMENT;BLOCK;EUR;671088649;54.50000000;750;PRC_DECOMP_EXCHANGE;;;;XEUR;11711371;1176;EXCHANGE
25.10.2024;14:57:14.370;FDAX SI 20241220 CS;SIMPLE_INSTRUMENT;BLOCK;EUR;671088649;19615.00000000;18;PRC_DECOMP_EXCHANGE;;;;XEUR;7296065;1176;EXCHANGE
25.10.2024;15:11:44.881;ODAX.V.241025.PDIA-U.000289;OPTION_VOLATILITY_STRATEGY;BLOCK;EUR;671088650;34.40000000;10;EXCHANGE_LAST;;1;1;XEUR;72062644920382999;1176;
25.10.2024;15:11:44.881;FDAX SI 20241220 CS;SIMPLE_INSTRUMENT;BLOCK;EUR;671088650;19590.00000000;10;PRC_DECOMP_MEMBER;;;;XEUR;7296065;1176;MEMBER
25.10.2024;15:11:44.881;ODAX SI 20241115 CS EU P 19000 0;SIMPLE_INSTRUMENT;BLOCK;EUR;671088650;124.10000000;1000;PRC_DECOMP_MEMBER;;;;XEUR;11711596;1176;MEMBER
25.10.2024;15:11:44.881;ODAX SI 20241220 CS EU P 18500 0;SIMPLE_INSTRUMENT;BLOCK;EUR;671088650;158.50000000;1000;PRC_DECOMP_MEMBER;;;;XEUR;10772754;1176;MEMBER
25.10.2024;15:40:12.625;OESB SI 20241115 CS EU P 120.0 0;SIMPLE_INSTRUMENT;BLOCK;EUR;54;0.20000000;6400;EXCHANGE_LAST;;1;1;XEUR;11711661;1195;
25.10.2024;15:40:24.842;OESB SI 20241115 CS EU P 120.0 0;SIMPLE_INSTRUMENT;BLOCK;EUR;55;0.15000000;9600;EXCHANGE_LAST;;1;1;XEUR;11711661;1195;
25.10.2024;09:40:21.993;OESB.V.241025.RBER-U.000022;OPTION_VOLATILITY_STRATEGY;BLOCK;EUR;603979782;-1.50000000;120;EXCHANGE_LAST;;2;2;XEUR;72062726523970063;1195;
25.10.2024;09:40:21.993;OESB SI 20250321 CS EU P 145.0 0;SIMPLE_INSTRUMENT;BLOCK;EUR;603979782;7.10000000;12000;PRC_DECOMP_EXCHANGE;;;;XEUR;10414008;1195;EXCHANGE
25.10.2024;09:40:21.993;FESB SI 20241220 CS;SIMPLE_INSTRUMENT;BLOCK;EUR;603979782;144.30000000;480;PRC_DECOMP_EXCHANGE;;;;XEUR;10838895;1195;EXCHANGE
25.10.2024;09:40:21.993;OESB SI 20250321 CS EU P 130.0 0;SIMPLE_INSTRUMENT;BLOCK;EUR;603979782;2.80000000;24000;PRC_DECOMP_EXCHANGE;;;;XEUR;10414015;1195;EXCHANGE
25.10.2024;14:42:33.404;OESB.V.241025.PUT+U.000057;OPTION_VOLATILITY_STRATEGY;BLOCK;EUR;603979825;0.20000000;120;EXCHANGE_LAST;;1;1;XEUR;72062726523970098;1195;
25.10.2024;14:42:33.404;OESB SI 20241220 CS EU P 105.0 0;SIMPLE_INSTRUMENT;BLOCK;EUR;603979825;0.20000000;12000;PRC_DECOMP_EXCHANGE;;;;XEUR;6899807;1195;EXCHANGE
25.10.2024;14:42:33.404;FESB SI 20241220 CS;SIMPLE_INSTRUMENT;BLOCK;EUR;603979825;143.85000000;240;PRC_DECOMP_EXCHANGE;;;;XEUR;10838895;1195;EXCHANGE
25.10.2024;10:57:29.805;OESG SI 20250321 CS EU P 1140 0;SIMPLE_INSTRUMENT;BLOCK;EUR;18;11.10000000;100;EXCHANGE_LAST;;1;1;XEUR;11454581;1206;
25.10.2024;10:57:38.239;OESG SI 20250321 CS EU P 1140 0;SIMPLE_INSTRUMENT;BLOCK;EUR;19;11.20000000;100;EXCHANGE_LAST;;1;1;XEUR;11454581;1206;
25.10.2024;10:57:47.107;OEST.V.241025.PUT+U.000001;OPTION_VOLATILITY_STRATEGY;BLOCK;EUR;603979796;1.70000000;2;EXCHANGE_LAST;;1;1;XEUR;72062812423192720;1215;
25.10.2024;10:57:47.107;OEST SI 20250321 CS EU P 290 0;SIMPLE_INSTRUMENT;BLOCK;EUR;603979796;1.70000000;430;PRC_DECOMP_MEMBER;;;;XEUR;10848254;1215;MEMBER
25.10.2024;10:57:47.107;FEST SI 20241220 CS;SIMPLE_INSTRUMENT;BLOCK;EUR;603979796;332.80000000;34;PRC_DECOMP_MEMBER;;;;XEUR;10839355;1215;MEMBER
25.10.2024;13:09:35.592;OESU SI 20271217 CS EU P 400 0;SIMPLE_INSTRUMENT;BLOCK;EUR;38;51.00000000;1000;EXCHANGE_LAST;;1;1;XEUR;8791748;1212;
25.10.2024;13:09:39.172;OESU SI 20271217 CS EU C 400 0;SIMPLE_INSTRUMENT;BLOCK;EUR;39;30.30000000;500;EXCHANGE_LAST;;1;1;XEUR;8791744;1212;
25.10.2024;13:09:44.017;OESU SI 20271217 CS EU C 400 0;SIMPLE_INSTRUMENT;BLOCK;EUR;40;30.40000000;500;EXCHANGE_LAST;;1;1;XEUR;8791744;1212;
25.10.2024;07:56:13.140;OESX SI 20250321 CS EU P 4500 0;SIMPLE_INSTRUMENT;BLOCK;EUR;4;74.00000000;10350;EXCHANGE_LAST;;1;1;XEUR;7798492;1210;
