#Date;TrdTime;Contract;ContractType;TrdTyp;Currency;TesId;Prc;Qty;TrdInd;Aggressor;Buy;Sell;Exch;InstrumentId;RelatedProdId;PrcDecomp
05.05.2025;10:35:29.786;ABBN.O.250505.PDIA.000002;STANDARD_OPTION_STRATEGY;BLOCK;CHF;6;2.31000000;1000;EXCHANGE_LAST;;1;1;XEUR;74525125763938053;574517;
05.05.2025;10:35:29.786;ABBN SI 20251219 PS AM P 43.00 0;SIMPLE_INSTRUMENT;BLOCK;CHF;6;2.86000000;1000;PRC_DECOMP_MEMBER;;;;XEUR;11848980;574517;MEMBER
05.05.2025;10:35:29.786;ABBN SI 20250620 PS AM P 41.50 0;SIMPLE_INSTRUMENT;BLOCK;CHF;6;0.55000000;1000;PRC_DECOMP_MEMBER;;;;XEUR;13090716;574517;MEMBER
05.05.2025;11:22:21.800;ABBN.O.250505.PDIA.000003;STANDARD_OPTION_STRATEGY;BLOCK;CHF;9;-0.23000000;1250;EXCHANGE_LAST;;1;1;XEUR;74525125763938054;574517;
05.05.2025;11:22:21.800;ABBN SI 20260320 PS AM P 38.00 0;SIMPLE_INSTRUMENT;BLOCK;CHF;9;1.77000000;1250;PRC_DECOMP_MEMBER;;;;XEUR;13051983;574517;MEMBER
05.05.2025;11:22:21.800;ABBN SI 20250919 PS AM P 43.00 0;SIMPLE_INSTRUMENT;BLOCK;CHF;9;2.00000000;1250;PRC_DECOMP_MEMBER;;;;XEUR;12393074;574517;MEMBER
05.05.2025;12:17:50.135;ACC SI 20250919 PS AM C 44.00 0;SIMPLE_INSTRUMENT;BLOCK;CHF;21;2.90000000;1000;EXCHANGE_LAST;;1;1;XEUR;11929023;626616;
05.05.2025;14:05:25.464;ADS.O.250505.BUL.000005;STANDARD_OPTION_STRATEGY;BLOCK;EUR;10;2.80000000;250;EXCHANGE_LAST;;1;1;XEUR;72057808786332841;50;
05.05.2025;14:05:25.464;ADS SI 20250620 PS AM C 240.00 0;SIMPLE_INSTRUMENT;BLOCK;EUR;10;0.64000000;250;PRC_DECOMP_EXCHANGE;;;;XEUR;7897600;50;EXCHANGE
05.05.2025;14:05:25.464;ADS SI 20250620 PS AM C 220.00 0;SIMPLE_INSTRUMENT;BLOCK;EUR;10;3.44000000;250;PRC_DECOMP_EXCHANGE;;;;XEUR;11297078;50;EXCHANGE
05.05.2025;08:15:04.119;AIR SI 20251219 PS AM C 190.00 0;SIMPLE_INSTRUMENT;BLOCK;EUR;4;8.35000000;300;EXCHANGE_LAST;;1;1;XEUR;12431440;64;
05.05.2025;11:12:45.252;AIR.O.250505.STG.000004;STANDARD_OPTION_STRATEGY;BLOCK;EUR;5;17.30000000;300;EXCHANGE_LAST;;1;1;XEUR;72057868915849918;64;
05.05.2025;11:12:45.252;AIR SI 20251219 PS AM P 180.00 0;SIMPLE_INSTRUMENT;BLOCK;EUR;5;9.50000000;300;PRC_DECOMP_MEMBER;;;;XEUR;11290320;64;MEMBER
05.05.2025;11:12:45.252;AIR SI 20251219 PS AM C 190.00 0;SIMPLE_INSTRUMENT;BLOCK;EUR;5;7.80000000;300;PRC_DECOMP_MEMBER;;;;XEUR;12431440;64;MEMBER
05.05.2025;10:23:44.395;ANN.O.250505.RTSP.000014;STANDARD_OPTION_STRATEGY;BLOCK;EUR;10;0.69000000;1400;EXCHANGE_LAST;;1;1;XEUR;72251735149670402;45202;
05.05.2025;10:23:44.395;ANN SI 20250516 PS AM P 28.00 0;SIMPLE_INSTRUMENT;BLOCK;EUR;10;0.27000000;1400;PRC_DECOMP_EXCHANGE;;;;XEUR;12838443;45202;EXCHANGE
05.05.2025;10:23:44.395;ANN SI 20250718 PS AM C 30.00 0;SIMPLE_INSTRUMENT;BLOCK;EUR;10;0.96000000;1400;PRC_DECOMP_EXCHANGE;;;;XEUR;13261887;45202;EXCHANGE
05.05.2025;10:32:26.946;ANN SI 20250620 PS AM C 28.00 0;SIMPLE_INSTRUMENT;BLOCK;EUR;11;1.92000000;1500;EXCHANGE_LAST;;1;1;XEUR;7921071;45202;
05.05.2025;16:29:03.264;ASG5 FI 20250507 CS EU P 34.0000 0;FLEXIBLE_INSTRUMENT;BLOCK;EUR;11;0.58000000;5000;EXCHANGE_LAST;;1;1;XEUR;1152921972758286320;109;
05.05.2025;16:29:33.363;ASG5 FI 20250507 CS EU C 34.0000 0;FLEXIBLE_INSTRUMENT;BLOCK;EUR;12;0.22000000;9000;EXCHANGE_LAST;;1;1;XEUR;1152921972758286321;109;
05.05.2025;15:14:37.053;ASGF SI 20250619 CS;SIMPLE_INSTRUMENT;BLOCK;EUR;28;32.10000000;4500;EXCHANGE_LAST;;1;1;XEUR;12186943;949862;
05.05.2025;14:57:08.858;ASM SI 20250919 PS AM C 680.00 0;SIMPLE_INSTRUMENT;BLOCK;EUR;10;26.90000000;150;EXCHANGE_LAST;;1;1;XEUR;11872159;107;
05.05.2025;13:46:41.619;ASMP SI 20250620 PS;SIMPLE_INSTRUMENT;BLOCK;EUR;21;605.00000000;650;EXCHANGE_LAST;;1;1;XEUR;11198940;124298;
05.05.2025;15:32:03.064;AXA SI 20251219 PS AM P 41.00 0;SIMPLE_INSTRUMENT;BLOCK;EUR;24;2.60000000;3000;EXCHANGE_LAST;;1;1;XEUR;12767455;127;
05.05.2025;14:01:57.117;B2NP SI 20261218 CS;SIMPLE_INSTRUMENT;BLOCK;EUR;22;4.87000000;200;EXCHANGE_LAST;;1;3;XEUR;6798320;131;
05.05.2025;07:11:36.726;BAS SI 20250516 PS AM C 45.00 0;SIMPLE_INSTRUMENT;BLOCK;EUR;1;0.21000000;2000;EXCHANGE_LAST;;1;1;XEUR;12813667;150;
05.05.2025;07:11:49.727;BAS SI 20250516 PS AM C 45.00 0;SIMPLE_INSTRUMENT;BLOCK;EUR;2;0.22000000;2000;EXCHANGE_LAST;;1;1;XEUR;12813667;150;
05.05.2025;09:22:01.631;BAS SI 20260320 PS AM P 36.00 0;SIMPLE_INSTRUMENT;BLOCK;EUR;3;1.90000000;500;EXCHANGE_LAST;;1;1;XEUR;12996579;150;
05.05.2025;09:27:24.330;BAS SI 20250516 PS AM C 45.00 0;SIMPLE_INSTRUMENT;BLOCK;EUR;4;0.19000000;440;EXCHANGE_LAST;;1;1;XEUR;12813667;150;
05.05.2025;14:59:35.746;BAS SI 20271217 PS AM P 44.00 0;SIMPLE_INSTRUMENT;BLOCK;EUR;6;8.22000000;1000;EXCHANGE_LAST;;1;1;XEUR;8774156;150;
05.05.2025;15:29:31.854;BAS SI 20260619 PS AM P 40.00 0;SIMPLE_INSTRUMENT;BLOCK;EUR;11;3.95000000;1500;EXCHANGE_LAST;;2;1;XEUR;9539321;150;
05.05.2025;12:53:54.418;BG1 SI 20250620 PS AM C 96.00 0;SIMPLE_INSTRUMENT;BLOCK;EUR;2;4.80000000;470;EXCHANGE_LAST;;2;1;XEUR;11477967;74940;
05.05.2025;14:49:03.886;BMW SI 20260619 PS AM C 76.00 0;SIMPLE_INSTRUMENT;BLOCK;EUR;23;7.20000000;2000;EXCHANGE_LAST;;3;2;XEUR;9541177;210;
05.05.2025;15:13:56.486;BMW SI 20250620 PS AM C 78.00 0;SIMPLE_INSTRUMENT;BLOCK;EUR;25;1.48000000;1250;EXCHANGE_LAST;;1;1;XEUR;12998478;210;
05.05.2025;15:42:37.516;BMW.O.250505.STD.000021;STANDARD_OPTION_STRATEGY;BLOCK;EUR;28;35.40000000;650;EXCHANGE_LAST;;1;2;XEUR;72058495981110233;210;
05.05.2025;15:42:37.516;BMW SI 20291221 PS AM C 84.00 0;SIMPLE_INSTRUMENT;BLOCK;EUR;28;11.24000000;650;PRC_DECOMP_EXCHANGE;;;;XEUR;12435101;210;EXCHANGE
05.05.2025;15:42:37.516;BMW SI 20291221 PS AM P 84.00 0;SIMPLE_INSTRUMENT;BLOCK;EUR;28;24.16000000;650;PRC_DECOMP_EXCHANGE;;;;XEUR;12435116;210;EXCHANGE
05.05.2025;12:38:32.623;BNP SI 20260619 PS AM P 72.00 0;SIMPLE_INSTRUMENT;BLOCK;EUR;9;9.10000000;1000;EXCHANGE_LAST;;1;1;XEUR;9541664;237;
05.05.2025;12:38:45.012;BNP SI 20260619 PS AM C 80.00 0;SIMPLE_INSTRUMENT;BLOCK;EUR;10;4.04000000;1000;EXCHANGE_LAST;;1;1;XEUR;9541674;237;
05.05.2025;13:11:38.923;CAR.O.250505.BR23.000003;STANDARD_OPTION_STRATEGY;BLOCK;EUR;13;-2.44000000;6250;EXCHANGE_LAST;;1;2;XEUR;72058732204276694;265;
05.05.2025;13:11:38.923;CAR SI 20291221 PS AM P 8.00 0;SIMPLE_INSTRUMENT;BLOCK;EUR;13;0.98000000;18750;PRC_DECOMP_MEMBER;;;;XEUR;12436414;265;MEMBER
05.05.2025;13:11:38.923;CAR SI 20291221 PS AM P 12.00 0;SIMPLE_INSTRUMENT;BLOCK;EUR;13;2.69000000;12500;PRC_DECOMP_MEMBER;;;;XEUR;12436040;265;MEMBER
05.05.2025;10:39:25.222;D3AI SI 20250620 CS;SIMPLE_INSTRUMENT;BLOCK;EUR;13;4.30000000;336;EXCHANGE_LAST;;3;1;XEUR;10884356;443197;
05.05.2025;12:22:38.798;DAI SI 20291221 PS AM P 52.00 0;SIMPLE_INSTRUMENT;BLOCK;EUR;15;12.80000000;3550;EXCHANGE_LAST;;2;3;XEUR;12490280;443196;
05.05.2025;13:02:10.333;DAI.O.250505.BUL.000019;STANDARD_OPTION_STRATEGY;BLOCK;EUR;19;0.56000000;2500;EXCHANGE_LAST;;2;1;XEUR;73961106363665412;443196;
05.05.2025;13:02:10.333;DAI SI 20250620 PS AM C 58.00 0;SIMPLE_INSTRUMENT;BLOCK;EUR;19;0.32000000;2500;PRC_DECOMP_EXCHANGE;;;;XEUR;10374217;443196;EXCHANGE
05.05.2025;13:02:10.333;DAI SI 20250620 PS AM C 54.00 0;SIMPLE_INSTRUMENT;BLOCK;EUR;19;0.88000000;2500;PRC_DECOMP_EXCHANGE;;;;XEUR;13049932;443196;EXCHANGE
05.05.2025;10:38:53.454;DAIG SI 20250620 CS;SIMPLE_INSTRUMENT;BLOCK;EUR;12;50.12000000;4000;EXCHANGE_LAST;;3;1;XEUR;11207841;443203;
05.05.2025;08:28:14.285;DTE SI 20251219 PS AM P 24.00 0;SIMPLE_INSTRUMENT;BLOCK;EUR;1;0.29000000;2500;EXCHANGE_LAST;;1;1;XEUR;5927134;424;
05.05.2025;10:00:18.856;E2NL SI 20261218 CS;SIMPLE_INSTRUMENT;BLOCK;EUR;7;0.46200000;1000;EXCHANGE_LAST;;1;1;XEUR;4632356;471;
05.05.2025;10:00:35.719;E2NL SI 20261218 CS;SIMPLE_INSTRUMENT;BLOCK;EUR;8;0.46300000;1000;EXCHANGE_LAST;;1;1;XEUR;4632356;471;
05.05.2025;10:30:34.255;E2NT SI 20251219 CS;SIMPLE_INSTRUMENT;BLOCK;EUR;9;1.01000000;350;EXCHANGE_LAST;;1;1;XEUR;3681294;470;
05.05.2025;10:30:50.267;E2NT SI 20261218 CS;SIMPLE_INSTRUMENT;BLOCK;EUR;11;0.96000000;200;EXCHANGE_LAST;;1;1;XEUR;4632357;470;
05.05.2025;13:04:11.684;EAD.O.250505.BUL.000008;STANDARD_OPTION_STRATEGY;BLOCK;EUR;15;4.83000000;300;EXCHANGE_LAST;;1;1;XEUR;72059591197748029;465;
05.05.2025;13:04:11.684;EAD SI 20250516 PS AM C 160.00 0;SIMPLE_INSTRUMENT;BLOCK;EUR;15;2.64000000;300;PRC_DECOMP_EXCHANGE;;;;XEUR;13241839;465;EXCHANGE
05.05.2025;13:04:11.684;EAD SI 20250516 PS AM C 152.00 0;SIMPLE_INSTRUMENT;BLOCK;EUR;15;7.47000000;300;PRC_DECOMP_EXCHANGE;;;;XEUR;13241878;465;EXCHANGE
05.05.2025;13:19:21.230;EAD SI 20260619 PS AM P 160.00 0;SIMPLE_INSTRUMENT;BLOCK;EUR;17;19.30000000;300;EXCHANGE_LAST;;1;1;XEUR;13242421;465;
05.05.2025;13:19:34.132;EAD SI 20260619 PS AM C 160.00 0;SIMPLE_INSTRUMENT;BLOCK;EUR;18;18.30000000;300;EXCHANGE_LAST;;1;1;XEUR;13242423;465;
05.05.2025;13:44:22.005;EAD.O.250505.IRTRY.000009;STANDARD_OPTION_STRATEGY;BLOCK;EUR;19;-0.20000000;500;EXCHANGE_LAST;;1;1;XEUR;72059591197748030;465;
05.05.2025;13:44:22.005;EAD SI 20251219 PS AM C 173.70 1;SIMPLE_INSTRUMENT;BLOCK;EUR;19;8.66000000;500;PRC_DECOMP_EXCHANGE;;;;XEUR;12602583;465;EXCHANGE
05.05.2025;13:44:22.005;EAD SI 20251219 PS AM P 129.03 1;SIMPLE_INSTRUMENT;BLOCK;EUR;19;4.43000000;1000;PRC_DECOMP_EXCHANGE;;;;XEUR;12440384;465;EXCHANGE
05.05.2025;08:40:33.069;ENR.N.250505.000008;NON_STANDARD_OPTION_STRATEGY;BLOCK;EUR;5;32.52000000;500;EXCHANGE_LAST;;1;1;XEUR;73339770624818862;298530;
05.05.2025;08:40:33.069;ENR SI 20260619 PS AM P 40.00 0;SIMPLE_INSTRUMENT;BLOCK;EUR;5;2.94000000;1000;PRC_DECOMP_EXCHANGE;;;;XEUR;9591178;298530;EXCHANGE
05.05.2025;08:40:33.069;ENR SI 20260619 PS AM P 68.00 0;SIMPLE_INSTRUMENT;BLOCK;EUR;5;12.80000000;1500;PRC_DECOMP_EXCHANGE;;;;XEUR;12021153;298530;EXCHANGE
05.05.2025;13:11:34.662;ENR SI 20250516 PS AM P 70.00 0;SIMPLE_INSTRUMENT;BLOCK;EUR;14;1.71000000;1000;EXCHANGE_LAST;;1;1;XEUR;12848134;298530;
05.05.2025;15:42:32.580;ENRP SI 20250620 PS;SIMPLE_INSTRUMENT;BLOCK;EUR;37;73.53250000;4000;EXCHANGE_LAST;;1;1;XEUR;11206158;377912;
05.05.2025;15:38:55.608;F3IA SI 20261218 CS;SIMPLE_INSTRUMENT;BLOCK;EUR;34;0.37500000;650;EXCHANGE_LAST;;1;1;XEUR;6830373;390387;
05.05.2025;07:54:20.215;FBTP SI 20250606 PS;SIMPLE_INSTRUMENT;EFP_FIN;EUR;1;119.92000000;181;EXCHANGE_LAST;;1;1;XEUR;11820365;636;
05.05.2025;09:01:54.119;FBTP SI 20250606 PS;SIMPLE_INSTRUMENT;EFP_FIN;EUR;2;120.01000000;702;EXCHANGE_LAST;;1;1;XEUR;11820365;636;
05.05.2025;09:12:50.870;FBTP SI 20250606 PS;SIMPLE_INSTRUMENT;EFP_FIN;EUR;3;119.97000000;2239;EXCHANGE_LAST;;1;1;XEUR;11820365;636;
05.05.2025;09:13:28.203;FBTP SI 20250606 PS;SIMPLE_INSTRUMENT;EFS;EUR;4;120.00000000;578;EXCHANGE_LAST;;1;1;XEUR;11820365;636;
05.05.2025;09:21:29.291;FBTP SI 20250606 PS;SIMPLE_INSTRUMENT;EFS;EUR;5;120.00000000;578;EXCHANGE_LAST;;1;1;XEUR;11820365;636;
05.05.2025;09:42:25.149;FBTP SI 20250606 PS;SIMPLE_INSTRUMENT;EFP_FIN;EUR;6;119.99000000;86;EXCHANGE_LAST;;1;1;XEUR;11820365;636;
05.05.2025;10:40:22.225;FBTP SI 20250606 PS;SIMPLE_INSTRUMENT;EFP_FIN;EUR;7;120.05000000;87;EXCHANGE_LAST;;1;1;XEUR;11820365;636;
05.05.2025;11:11:56.477;FBTP SI 20250606 PS;SIMPLE_INSTRUMENT;EFP_FIN;EUR;8;120.06000000;442;EXCHANGE_LAST;;1;1;XEUR;11820365;636;
05.05.2025;11:21:03.906;FBTP SI 20250606 PS;SIMPLE_INSTRUMENT;EFP_FIN;EUR;9;120.06000000;1327;EXCHANGE_LAST;;1;1;XEUR;11820365;636;
05.05.2025;11:33:22.540;FBTP SI 20250606 PS;SIMPLE_INSTRUMENT;EFP_FIN;EUR;10;120.06000000;784;EXCHANGE_LAST;;1;1;XEUR;11820365;636;
05.05.2025;11:52:15.525;FBTP SI 20250606 PS;SIMPLE_INSTRUMENT;EFP_FIN;EUR;11;119.97000000;274;EXCHANGE_LAST;;1;1;XEUR;11820365;636;
05.05.2025;12:48:14.373;FBTP SI 20250606 PS;SIMPLE_INSTRUMENT;BLOCK;EUR;12;120.10000000;896;EXCHANGE_LAST;;1;1;XEUR;11820365;636;
05.05.2025;13:03:37.176;FBTP SI 20250606 PS;SIMPLE_INSTRUMENT;BLOCK;EUR;13;120.09000000;442;EXCHANGE_LAST;;1;1;XEUR;11820365;636;
05.05.2025;13:10:37.460;FBTP SI 20250606 PS;SIMPLE_INSTRUMENT;EFP_FIN;EUR;14;120.10000000;448;EXCHANGE_LAST;;1;1;XEUR;11820365;636;
05.05.2025;13:12:26.162;FBTP SI 20250606 PS;SIMPLE_INSTRUMENT;BLOCK;EUR;15;120.10000000;388;EXCHANGE_LAST;;1;1;XEUR;11820365;636;
05.05.2025;13:47:46.549;FBTP SI 20250606 PS;SIMPLE_INSTRUMENT;BLOCK;EUR;16;120.06000000;2211;EXCHANGE_LAST;;1;1;XEUR;11820365;636;
05.05.2025;14:27:28.187;FBTP SI 20250606 PS;SIMPLE_INSTRUMENT;EFP_FIN;EUR;17;119.97000000;147;EXCHANGE_LAST;;1;1;XEUR;11820365;636;
05.05.2025;14:29:36.968;FBTP SI 20250606 PS;SIMPLE_INSTRUMENT;EFP_FIN;EUR;18;119.95000000;998;EXCHANGE_LAST;;1;1;XEUR;11820365;636;
05.05.2025;14:46:39.218;FBTP SI 20250606 PS;SIMPLE_INSTRUMENT;EFP_FIN;EUR;19;119.96000000;124;EXCHANGE_LAST;;1;1;XEUR;11820365;636;
05.05.2025;14:49:44.775;FBTP SI 20250606 PS;SIMPLE_INSTRUMENT;BLOCK;EUR;20;119.97000000;522;EXCHANGE_LAST;;1;1;XEUR;11820365;636;
05.05.2025;15:15:47.937;FBTP SI 20250606 PS;SIMPLE_INSTRUMENT;EFP_FIN;EUR;21;120.00000000;89;EXCHANGE_LAST;;1;1;XEUR;11820365;636;
05.05.2025;11:07:56.876;FBTS SI 20250606 PS;SIMPLE_INSTRUMENT;EFP_FIN;EUR;6;108.10000000;523;EXCHANGE_LAST;;1;1;XEUR;11820367;639;
05.05.2025;11:19:55.203;FBTS SI 20250606 PS;SIMPLE_INSTRUMENT;BLOCK;EUR;8;108.10000000;314;EXCHANGE_LAST;;1;1;XEUR;11820367;639;
05.05.2025;11:36:20.292;FBTS SI 20250606 PS;SIMPLE_INSTRUMENT;EFP_FIN;EUR;9;108.10000000;1046;EXCHANGE_LAST;;1;1;XEUR;11820367;639;
05.05.2025;12:04:23.025;FBTS SI 20250606 PS;SIMPLE_INSTRUMENT;EFP_FIN;EUR;10;108.11000000;1047;EXCHANGE_LAST;;1;1;XEUR;11820367;639;
05.05.2025;13:23:42.811;FBTS SI 20250606 PS;SIMPLE_INSTRUMENT;BLOCK;EUR;11;108.12000000;389;EXCHANGE_LAST;;1;1;XEUR;11820367;639;
05.05.2025;13:30:09.797;FBTS SI 20250606 PS;SIMPLE_INSTRUMENT;EFP_FIN;EUR;12;108.13000000;1046;EXCHANGE_LAST;;1;1;XEUR;11820367;639;
05.05.2025;13:32:03.264;FBTS SI 20250606 PS;SIMPLE_INSTRUMENT;EFP_FIN;EUR;13;108.14000000;701;EXCHANGE_LAST;;1;1;XEUR;11820367;639;
05.05.2025;13:36:57.344;FBTS SI 20250606 PS;SIMPLE_INSTRUMENT;EFP_FIN;EUR;14;108.12000000;389;EXCHANGE_LAST;;1;1;XEUR;11820367;639;
05.05.2025;13:40:02.469;FBTS SI 20250606 PS;SIMPLE_INSTRUMENT;EFP_FIN;EUR;15;108.12000000;151;EXCHANGE_LAST;;1;1;XEUR;11820367;639;
05.05.2025;14:00:08.236;FBTS SI 20250606 PS;SIMPLE_INSTRUMENT;BLOCK;EUR;16;108.16000000;625;EXCHANGE_LAST;;1;1;XEUR;11820367;639;
05.05.2025;14:22:55.735;FBTS SI 20250606 PS;SIMPLE_INSTRUMENT;BLOCK;EUR;18;108.11000000;685;EXCHANGE_LAST;;1;1;XEUR;11820367;639;
05.05.2025;07:03:53.162;FCIN SI 20250627 CS;SIMPLE_INSTRUMENT;BLOCK;USD;2;141.09000000;11;EXCHANGE_LAST;;1;1;XEUR;7967544;580;
05.05.2025;11:05:51.397;FCPU SI 20250616 PS;SIMPLE_INSTRUMENT;BLOCK;USD;1;1.33160000;199;EXCHANGE_LAST;;1;1;XEUR;7879040;369379;
05.05.2025;11:06:23.626;FCPU SI 20250616 PS;SIMPLE_INSTRUMENT;BLOCK;USD;2;1.33165000;525;EXCHANGE_LAST;;1;1;XEUR;7879040;369379;
05.05.2025;07:03:01.577;FCXB SI 20250627 CS;SIMPLE_INSTRUMENT;BLOCK;USD;1;122.39000000;10;EXCHANGE_LAST;;1;1;XEUR;7968456;23778;
05.05.2025;12:54:15.964;FDAX SI 20250620 CS;SIMPLE_INSTRUMENT;BLOCK;EUR;1;23400.00000000;250;EXCHANGE_LAST;;1;1;XEUR;7903800;589;
05.05.2025;15:37:28.819;FDAX SI 20250620 CS;SIMPLE_INSTRUMENT;EFP_IDX;EUR;2;23458.00000000;83;EXCHANGE_LAST;;1;1;XEUR;7903800;589;
05.05.2025;16:00:49.357;FDAX SI 20250620 CS;SIMPLE_INSTRUMENT;EFP_IDX;EUR;3;23469.00000000;4;EXCHANGE_LAST;;1;1;XEUR;7903800;589;
05.05.2025;16:01:08.220;FDAX SI 20250620 CS;SIMPLE_INSTRUMENT;EFP_IDX;EUR;4;23468.00000000;96;EXCHANGE_LAST;;1;1;XEUR;7903800;589;
05.05.2025;16:01:19.623;FDAX SI 20250620 CS;SIMPLE_INSTRUMENT;EFP_IDX;EUR;5;23469.00000000;1;EXCHANGE_LAST;;1;1;XEUR;7903800;589;
05.05.2025;16:01:29.199;FDAX SI 20250620 CS;SIMPLE_INSTRUMENT;EFP_IDX;EUR;6;23468.00000000;24;EXCHANGE_LAST;;1;1;XEUR;7903800;589;
05.05.2025;16:02:14.087;FDAX SI 20250620 CS;SIMPLE_INSTRUMENT;EFP_IDX;EUR;7;23458.00000000;100;EXCHANGE_LAST;;1;1;XEUR;7903800;589;
05.05.2025;10:22:48.946;FDAX SI 20250620 CS;SIMPLE_INSTRUMENT;VOLA;EUR;671088643;23320.00000000;31;EXCHANGE_LAST;;1;1;XEUR;7903800;589;
05.05.2025;11:43:15.674;FDAX SI 20250620 CS;SIMPLE_INSTRUMENT;VOLA;EUR;671088646;23295.00000000;4;EXCHANGE_LAST;;1;1;XEUR;7903800;589;
05.05.2025;14:09:28.451;FDAX SI 20250620 CS;SIMPLE_INSTRUMENT;VOLA;EUR;671088650;23400.00000000;15;EXCHANGE_LAST;;1;1;XEUR;7903800;589;
05.05.2025;14:44:07.353;FDAX SI 20250620 CS;SIMPLE_INSTRUMENT;VOLA;EUR;671088657;23440.00000000;1;EXCHANGE_LAST;;1;1;XEUR;7903800;589;
05.05.2025;07:35:54.614;FEBD SI 20261218 CS;SIMPLE_INSTRUMENT;BLOCK;EUR;1;10.33000000;1000;EXCHANGE_LAST;;1;1;XEUR;7158212;597;
05.05.2025;08:37:57.392;FEBD SI 20261218 CS;SIMPLE_INSTRUMENT;BLOCK;EUR;5;10.33000000;600;EXCHANGE_LAST;;1;1;XEUR;7158212;597;
05.05.2025;13:17:12.967;FEBD SI 20291221 CS;SIMPLE_INSTRUMENT;BLOCK;EUR;15;8.47000000;600;EXCHANGE_LAST;;1;1;XEUR;8782283;597;
05.05.2025;13:30:02.435;FEBD SI 20291221 CS;SIMPLE_INSTRUMENT;BLOCK;EUR;16;8.47000000;500;EXCHANGE_LAST;;1;1;XEUR;8782283;597;
05.05.2025;15:51:26.252;FESB SI 20250620 CS;SIMPLE_INSTRUMENT;EFP_IDX;EUR;30;187.50000000;122;EXCHANGE_LAST;;1;1;XEUR;11880665;605;
05.05.2025;12:18:07.472;FESX SI 20250620 CS;SIMPLE_INSTRUMENT;BLOCK;EUR;1;5238.00000000;2075;EXCHANGE_LAST;;1;1;XEUR;7904020;675;
05.05.2025;15:41:10.520;FESX SI 20250620 CS;SIMPLE_INSTRUMENT;EFP_IDX;EUR;2;5250.00000000;190;EXCHANGE_LAST;;1;1;XEUR;7904020;675;
05.05.2025;15:41:24.905;FESX SI 20250620 CS;SIMPLE_INSTRUMENT;EFP_IDX;EUR;3;5251.00000000;10;EXCHANGE_LAST;;1;1;XEUR;7904020;675;
05.05.2025;15:51:30.989;FESX SI 20250620 CS;SIMPLE_INSTRUMENT;EFP_IDX;EUR;4;5250.00000000;124;EXCHANGE_LAST;;1;1;XEUR;7904020;675;
05.05.2025;15:51:41.908;FESX SI 20250620 CS;SIMPLE_INSTRUMENT;EFP_IDX;EUR;5;5251.00000000;7;EXCHANGE_LAST;;1;1;XEUR;7904020;675;
05.05.2025;15:51:46.580;FESX SI 20250620 CS;SIMPLE_INSTRUMENT;EFP_IDX;EUR;6;5251.00000000;45;EXCHANGE_LAST;;1;1;XEUR;7904020;675;
05.05.2025;15:52:06.269;FESX SI 20250620 CS;SIMPLE_INSTRUMENT;EFP_IDX;EUR;7;5250.00000000;134;EXCHANGE_LAST;;1;1;XEUR;7904020;675;
05.05.2025;15:53:43.807;FESX SI 20250620 CS;SIMPLE_INSTRUMENT;EFP_IDX;EUR;8;5250.00000000;111;EXCHANGE_LAST;;1;1;XEUR;7904020;675;
05.05.2025;09:00:55.316;FESX SI 20250620 CS;SIMPLE_INSTRUMENT;VOLA;EUR;637534226;5238.00000000;834;EXCHANGE_LAST;;1;1;XEUR;7904020;675;
05.05.2025;09:01:49.406;FESX SI 20250620 CS;SIMPLE_INSTRUMENT;VOLA;EUR;637534227;5239.00000000;834;EXCHANGE_LAST;;1;1;XEUR;7904020;675;
05.05.2025;10:38:59.923;FESX SI 20250620 CS;SIMPLE_INSTRUMENT;VOLA;EUR;637534243;5230.00000000;140;EXCHANGE_LAST;;1;1;XEUR;7904020;675;
05.05.2025;12:26:35.956;FESX SI 20250620 CS;SIMPLE_INSTRUMENT;VOLA;EUR;637534269;5240.00000000;320;EXCHANGE_LAST;;1;1;XEUR;7904020;675;
05.05.2025;12:40:55.938;FESX SI 20250620 CS;SIMPLE_INSTRUMENT;VOLA;EUR;637534274;5240.00000000;260;EXCHANGE_LAST;;1;1;XEUR;7904020;675;
05.05.2025;13:30:06.302;FESX SI 20250620 CS;SIMPLE_INSTRUMENT;VOLA;EUR;637534292;5235.00000000;240;EXCHANGE_LAST;;1;1;XEUR;7904020;675;
05.05.2025;15:29:36.698;FESX SI 20250620 CS;SIMPLE_INSTRUMENT;VOLA;EUR;637534335;5255.00000000;963;EXCHANGE_LAST;;1;1;XEUR;7904020;675;
05.05.2025;15:42:16.599;FESX SI 20250620 CS;SIMPLE_INSTRUMENT;VOLA;EUR;637534336;5250.00000000;320;EXCHANGE_LAST;;1;1;XEUR;7904020;675;
05.05.2025;07:25:47.465;FEXD SI 20271217 CS;SIMPLE_INSTRUMENT;BLOCK;EUR;2;148.90000000;200;EXCHANGE_LAST;;1;1;XEUR;2848338;693;
05.05.2025;07:43:39.784;FEXD SI 20301220 CS;SIMPLE_INSTRUMENT;BLOCK;EUR;3;139.00000000;285;EXCHANGE_LAST;;1;1;XEUR;5914108;693;
05.05.2025;07:44:17.895;FEXD SI 20291221 CS;SIMPLE_INSTRUMENT;BLOCK;EUR;4;141.50000000;285;EXCHANGE_LAST;;1;1;XEUR;4631968;693;
05.05.2025;13:12:27.978;FEXD SI 20261218 CS;SIMPLE_INSTRUMENT;BLOCK;EUR;13;153.70000000;125;EXCHANGE_LAST;;1;1;XEUR;2163053;693;
05.05.2025;13:12:38.435;FEXD SI 20261218 CS;SIMPLE_INSTRUMENT;BLOCK;EUR;14;153.80000000;125;EXCHANGE_LAST;;1;1;XEUR;2163053;693;
05.05.2025;15:19:23.406;FEXD SI 20261218 CS;SIMPLE_INSTRUMENT;BLOCK;EUR;23;153.70000000;800;EXCHANGE_LAST;;1;1;XEUR;2163053;693;
05.05.2025;15:31:25.791;FFOX SI 20250619 CS;SIMPLE_INSTRUMENT;BLOCK;EUR;4;4556.30000000;200;EXCHANGE_LAST;;1;1;XEUR;11881292;695;
05.05.2025;06:42:29.725;FGBL SI 20250606 PS;SIMPLE_INSTRUMENT;EFS;EUR;1;131.01000000;216;EXCHANGE_LAST;;1;1;XEUR;11820389;688;
05.05.2025;07:29:17.919;FGBL SI 20250606 PS;SIMPLE_INSTRUMENT;EFS;EUR;2;130.98000000;489;EXCHANGE_LAST;;1;1;XEUR;11820389;688;
05.05.2025;07:32:09.399;FGBL SI 20250606 PS;SIMPLE_INSTRUMENT;EFS;EUR;3;130.98000000;489;EXCHANGE_LAST;;1;1;XEUR;11820389;688;
05.05.2025;07:47:18.072;FGBL SI 20250606 PS;SIMPLE_INSTRUMENT;EFS;EUR;4;131.02000000;489;EXCHANGE_LAST;;1;1;XEUR;11820389;688;
05.05.2025;07:51:22.916;FGBL SI 20250606 PS;SIMPLE_INSTRUMENT;EFS;EUR;5;131.04000000;216;EXCHANGE_LAST;;1;1;XEUR;11820389;688;
05.05.2025;07:55:17.339;FGBL SI 20250606 PS;SIMPLE_INSTRUMENT;EFS;EUR;6;131.09000000;431;EXCHANGE_LAST;;1;1;XEUR;11820389;688;
05.05.2025;08:17:44.147;FGBL SI 20250606 PS;SIMPLE_INSTRUMENT;EFS;EUR;7;131.04000000;144;EXCHANGE_LAST;;1;1;XEUR;11820389;688;
05.05.2025;08:30:21.026;FGBL SI 20250606 PS;SIMPLE_INSTRUMENT;EFS;EUR;8;131.09000000;863;EXCHANGE_LAST;;1;1;XEUR;11820389;688;
05.05.2025;08:32:50.871;FGBL SI 20250606 PS;SIMPLE_INSTRUMENT;EFS;EUR;9;131.03000000;978;EXCHANGE_LAST;;1;1;XEUR;11820389;688;
05.05.2025;08:42:43.463;FGBL SI 20250606 PS;SIMPLE_INSTRUMENT;EFS;EUR;10;131.13000000;431;EXCHANGE_LAST;;1;1;XEUR;11820389;688;
05.05.2025;09:03:01.504;FGBL SI 20250606 PS;SIMPLE_INSTRUMENT;EFS;EUR;11;131.12000000;229;EXCHANGE_LAST;;1;1;XEUR;11820389;688;
05.05.2025;09:21:31.079;FGBL SI 20250606 PS;SIMPLE_INSTRUMENT;EFS;EUR;12;131.10000000;432;EXCHANGE_LAST;;1;1;XEUR;11820389;688;
05.05.2025;09:23:21.164;FGBL SI 20250606 PS;SIMPLE_INSTRUMENT;EFS;EUR;13;131.10000000;432;EXCHANGE_LAST;;1;1;XEUR;11820389;688;
05.05.2025;09:37:10.220;FGBL SI 20250606 PS;SIMPLE_INSTRUMENT;EFP_FIN;EUR;14;131.09000000;267;EXCHANGE_LAST;;1;1;XEUR;11820389;688;
05.05.2025;09:47:56.474;FGBL SI 20250606 PS;SIMPLE_INSTRUMENT;EFP_FIN;EUR;15;131.10000000;149;EXCHANGE_LAST;;1;1;XEUR;11820389;688;
05.05.2025;10:11:04.519;FGBL SI 20250606 PS;SIMPLE_INSTRUMENT;EFP_FIN;EUR;16;131.11000000;1272;EXCHANGE_LAST;;1;1;XEUR;11820389;688;
05.05.2025;10:31:20.144;FGBL SI 20250606 PS;SIMPLE_INSTRUMENT;EFP_FIN;EUR;17;131.12000000;340;EXCHANGE_LAST;;1;1;XEUR;11820389;688;
05.05.2025;10:35:17.429;FGBL SI 20250606 PS;SIMPLE_INSTRUMENT;EFP_FIN;EUR;18;131.15000000;1360;EXCHANGE_LAST;;1;1;XEUR;11820389;688;
05.05.2025;11:18:34.788;FGBL SI 20250606 PS;SIMPLE_INSTRUMENT;EFS;EUR;19;131.15000000;100;EXCHANGE_LAST;;1;1;XEUR;11820389;688;
05.05.2025;11:25:07.957;FGBL SI 20250606 PS;SIMPLE_INSTRUMENT;EFP_FIN;EUR;20;131.16000000;935;EXCHANGE_LAST;;1;1;XEUR;11820389;688;
05.05.2025;11:31:43.547;FGBL SI 20250606 PS;SIMPLE_INSTRUMENT;EFP_FIN;EUR;21;131.16000000;680;EXCHANGE_LAST;;1;1;XEUR;11820389;688;
05.05.2025;11:33:48.716;FGBL SI 20250606 PS;SIMPLE_INSTRUMENT;EFS;EUR;22;131.17000000;293;EXCHANGE_LAST;;1;1;XEUR;11820389;688;
05.05.2025;11:48:10.913;FGBL SI 20250606 PS;SIMPLE_INSTRUMENT;EFS;EUR;23;131.21000000;108;EXCHANGE_LAST;;1;1;XEUR;11820389;688;
05.05.2025;12:08:16.731;FGBL SI 20250606 PS;SIMPLE_INSTRUMENT;EFS;EUR;24;131.13000000;432;EXCHANGE_LAST;;1;1;XEUR;11820389;688;
05.05.2025;12:20:05.258;FGBL SI 20250606 PS;SIMPLE_INSTRUMENT;EFP_FIN;EUR;25;131.18000000;291;EXCHANGE_LAST;;1;1;XEUR;11820389;688;
05.05.2025;12:34:03.982;FGBL SI 20250606 PS;SIMPLE_INSTRUMENT;EFS;EUR;26;131.19000000;323;EXCHANGE_LAST;;1;1;XEUR;11820389;688;
05.05.2025;12:46:50.095;FGBL SI 20250606 PS;SIMPLE_INSTRUMENT;EFS;EUR;27;131.07000000;431;EXCHANGE_LAST;;1;1;XEUR;11820389;688;
05.05.2025;12:51:47.883;FGBL SI 20250606 PS;SIMPLE_INSTRUMENT;EFP_FIN;EUR;28;131.14000000;208;EXCHANGE_LAST;;1;1;XEUR;11820389;688;
05.05.2025;12:55:40.544;FGBL SI 20250606 PS;SIMPLE_INSTRUMENT;EFS;EUR;29;131.13000000;216;EXCHANGE_LAST;;1;1;XEUR;11820389;688;
05.05.2025;13:00:35.884;FGBL SI 20250606 PS;SIMPLE_INSTRUMENT;EFP_FIN;EUR;30;131.18000000;830;EXCHANGE_LAST;;1;1;XEUR;11820389;688;
05.05.2025;13:33:44.939;FGBL SI 20250606 PS;SIMPLE_INSTRUMENT;EFP_FIN;EUR;31;131.04000000;1268;EXCHANGE_LAST;;1;1;XEUR;11820389;688;
05.05.2025;13:58:35.475;FGBL SI 20250606 PS;SIMPLE_INSTRUMENT;EFP_FIN;EUR;32;131.12000000;374;EXCHANGE_LAST;;1;1;XEUR;11820389;688;
05.05.2025;13:58:58.251;FGBL SI 20250606 PS;SIMPLE_INSTRUMENT;EFS;EUR;33;131.10000000;479;EXCHANGE_LAST;;1;1;XEUR;11820389;688;
05.05.2025;14:10:50.587;FGBL SI 20250606 PS;SIMPLE_INSTRUMENT;EFP_FIN;EUR;34;130.97000000;1245;EXCHANGE_LAST;;1;1;XEUR;11820389;688;
05.05.2025;14:14:51.071;FGBL SI 20250606 PS;SIMPLE_INSTRUMENT;EFS;EUR;35;130.96000000;500;EXCHANGE_LAST;;1;1;XEUR;11820389;688;
05.05.2025;14:23:07.451;FGBL SI 20250606 PS;SIMPLE_INSTRUMENT;BLOCK;EUR;36;130.95000000;2450;EXCHANGE_LAST;;1;1;XEUR;11820389;688;
05.05.2025;14:24:16.606;FGBL SI 20250606 PS;SIMPLE_INSTRUMENT;EFS;EUR;37;130.95000000;86;EXCHANGE_LAST;;1;1;XEUR;11820389;688;
05.05.2025;14:25:35.067;FGBL SI 20250606 PS;SIMPLE_INSTRUMENT;EFS;EUR;38;130.96000000;215;EXCHANGE_LAST;;1;1;XEUR;11820389;688;
05.05.2025;14:44:45.601;FGBL SI 20250606 PS;SIMPLE_INSTRUMENT;EFS;EUR;39;130.96000000;345;EXCHANGE_LAST;;1;1;XEUR;11820389;688;
05.05.2025;14:47:11.506;FGBL SI 20250606 PS;SIMPLE_INSTRUMENT;EFS;EUR;40;130.95000000;432;EXCHANGE_LAST;;1;1;XEUR;11820389;688;
05.05.2025;14:52:29.022;FGBL SI 20250606 PS;SIMPLE_INSTRUMENT;EFS;EUR;41;130.96000000;432;EXCHANGE_LAST;;1;1;XEUR;11820389;688;
05.05.2025;15:06:03.729;FGBL SI 20250606 PS;SIMPLE_INSTRUMENT;EFS;EUR;42;131.01000000;86;EXCHANGE_LAST;;1;1;XEUR;11820389;688;
05.05.2025;15:20:41.263;FGBL SI 20250606 PS;SIMPLE_INSTRUMENT;EFS;EUR;43;131.07000000;216;EXCHANGE_LAST;;1;1;XEUR;11820389;688;
05.05.2025;15:35:44.911;FGBL SI 20250606 PS;SIMPLE_INSTRUMENT;EFS;EUR;44;130.98000000;245;EXCHANGE_LAST;;1;1;XEUR;11820389;688;
05.05.2025;12:43:24.106;FGBL SI 20250606 PS;SIMPLE_INSTRUMENT;VOLA;EUR;268435478;131.13000000;58;EXCHANGE_LAST;;1;1;XEUR;11820389;688;
05.05.2025;14:46:00.048;FGBL SI 20250606 PS;SIMPLE_INSTRUMENT;VOLA;EUR;268435494;130.94000000;20;EXCHANGE_LAST;;1;1;XEUR;11820389;688;
05.05.2025;14:50:14.858;FGBL SI 20250606 PS;SIMPLE_INSTRUMENT;VOLA;EUR;268435497;130.96000000;13;EXCHANGE_LAST;;1;1;XEUR;11820389;688;
05.05.2025;14:51:05.718;FGBL SI 20250606 PS;SIMPLE_INSTRUMENT;VOLA;EUR;268435499;130.96000000;13;EXCHANGE_LAST;;1;1;XEUR;11820389;688;
05.05.2025;14:53:25.141;FGBL SI 20250606 PS;SIMPLE_INSTRUMENT;VOLA;EUR;268435500;130.96000000;26;EXCHANGE_LAST;;1;1;XEUR;11820389;688;
05.05.2025;07:18:30.912;FGBM SI 20250606 PS;SIMPLE_INSTRUMENT;EFS;EUR;1;119.19000000;428;EXCHANGE_LAST;;1;1;XEUR;11820390;689;
05.05.2025;07:21:15.046;FGBM SI 20250606 PS;SIMPLE_INSTRUMENT;EFS;EUR;2;119.19000000;428;EXCHANGE_LAST;;1;1;XEUR;11820390;689;
05.05.2025;07:21:20.053;FGBM SI 20250606 PS;SIMPLE_INSTRUMENT;EFS;EUR;3;119.19000000;428;EXCHANGE_LAST;;1;1;XEUR;11820390;689;
05.05.2025;07:54:47.543;FGBM SI 20250606 PS;SIMPLE_INSTRUMENT;EFS;EUR;4;119.21000000;920;EXCHANGE_LAST;;1;1;XEUR;11820390;689;
05.05.2025;08:30:20.980;FGBM SI 20250606 PS;SIMPLE_INSTRUMENT;EFS;EUR;5;119.21000000;1612;EXCHANGE_LAST;;1;1;XEUR;11820390;689;
05.05.2025;08:46:45.642;FGBM SI 20250606 PS;SIMPLE_INSTRUMENT;EFP_FIN;EUR;6;119.22000000;426;EXCHANGE_LAST;;1;1;XEUR;11820390;689;
05.05.2025;08:43:38.859;FGBM SI 20250606 PS;SIMPLE_INSTRUMENT;EFP_FIN;EUR;7;119.23000000;1279;EXCHANGE_LAST;;1;1;XEUR;11820390;689;
05.05.2025;08:47:24.979;FGBM SI 20250606 PS;SIMPLE_INSTRUMENT;EFP_FIN;EUR;8;119.22000000;1627;EXCHANGE_LAST;;1;1;XEUR;11820390;689;
05.05.2025;09:02:19.271;FGBM SI 20250606 PS;SIMPLE_INSTRUMENT;EFS;EUR;9;119.23000000;427;EXCHANGE_LAST;;1;1;XEUR;11820390;689;
05.05.2025;09:11:20.642;FGBM SI 20250606 PS;SIMPLE_INSTRUMENT;EFS;EUR;10;119.22000000;856;EXCHANGE_LAST;;1;1;XEUR;11820390;689;
05.05.2025;09:11:41.964;FGBM SI 20250606 PS;SIMPLE_INSTRUMENT;EFS;EUR;11;119.22000000;428;EXCHANGE_LAST;;1;1;XEUR;11820390;689;
05.05.2025;09:15:08.410;FGBM SI 20250606 PS;SIMPLE_INSTRUMENT;EFS;EUR;12;119.22000000;428;EXCHANGE_LAST;;1;1;XEUR;11820390;689;
05.05.2025;09:19:37.473;FGBM SI 20250606 PS;SIMPLE_INSTRUMENT;EFS;EUR;13;119.21000000;81;EXCHANGE_LAST;;1;1;XEUR;11820390;689;
05.05.2025;09:19:51.690;FGBM SI 20250606 PS;SIMPLE_INSTRUMENT;EFS;EUR;14;119.21000000;81;EXCHANGE_LAST;;1;1;XEUR;11820390;689;
05.05.2025;09:30:16.363;FGBM SI 20250606 PS;SIMPLE_INSTRUMENT;EFS;EUR;15;119.22000000;407;EXCHANGE_LAST;;1;1;XEUR;11820390;689;
05.05.2025;09:46:51.207;FGBM SI 20250606 PS;SIMPLE_INSTRUMENT;EFP_FIN;EUR;16;119.23000000;96;EXCHANGE_LAST;;1;1;XEUR;11820390;689;
05.05.2025;10:02:39.315;FGBM SI 20250606 PS;SIMPLE_INSTRUMENT;EFP_FIN;EUR;17;119.24000000;347;EXCHANGE_LAST;;1;1;XEUR;11820390;689;
05.05.2025;10:14:16.230;FGBM SI 20250606 PS;SIMPLE_INSTRUMENT;EFS;EUR;18;119.24000000;856;EXCHANGE_LAST;;1;1;XEUR;11820390;689;
05.05.2025;10:55:30.251;FGBM SI 20250606 PS;SIMPLE_INSTRUMENT;EFP_FIN;EUR;19;119.27000000;213;EXCHANGE_LAST;;1;1;XEUR;11820390;689;
05.05.2025;11:14:54.751;FGBM SI 20250606 PS;SIMPLE_INSTRUMENT;EFS;EUR;20;119.26000000;406;EXCHANGE_LAST;;1;1;XEUR;11820390;689;
05.05.2025;11:30:01.413;FGBM SI 20250606 PS;SIMPLE_INSTRUMENT;EFP_FIN;EUR;21;119.24000000;286;EXCHANGE_LAST;;1;1;XEUR;11820390;689;
05.05.2025;11:45:19.816;FGBM SI 20250606 PS;SIMPLE_INSTRUMENT;EFS;EUR;22;119.30000000;855;EXCHANGE_LAST;;1;1;XEUR;11820390;689;
05.05.2025;12:01:27.115;FGBM SI 20250606 PS;SIMPLE_INSTRUMENT;EFS;EUR;23;119.30000000;405;EXCHANGE_LAST;;1;1;XEUR;11820390;689;
05.05.2025;12:38:18.589;FGBM SI 20250606 PS;SIMPLE_INSTRUMENT;EFP_FIN;EUR;24;119.30000000;426;EXCHANGE_LAST;;1;1;XEUR;11820390;689;
05.05.2025;12:45:54.811;FGBM SI 20250606 PS;SIMPLE_INSTRUMENT;EFS;EUR;25;119.28000000;805;EXCHANGE_LAST;;1;1;XEUR;11820390;689;
05.05.2025;12:55:04.342;FGBM SI 20250606 PS;SIMPLE_INSTRUMENT;EFS;EUR;26;119.30000000;403;EXCHANGE_LAST;;1;1;XEUR;11820390;689;
05.05.2025;13:23:25.593;FGBM SI 20250606 PS;SIMPLE_INSTRUMENT;EFP_FIN;EUR;27;119.22000000;852;EXCHANGE_LAST;;1;1;XEUR;11820390;689;
05.05.2025;13:46:44.240;FGBM SI 20250606 PS;SIMPLE_INSTRUMENT;EFS;EUR;28;119.27000000;405;EXCHANGE_LAST;;1;1;XEUR;11820390;689;
05.05.2025;14:25:03.065;FGBM SI 20250606 PS;SIMPLE_INSTRUMENT;EFS;EUR;29;119.20000000;405;EXCHANGE_LAST;;1;1;XEUR;11820390;689;
05.05.2025;14:37:11.584;FGBM SI 20250606 PS;SIMPLE_INSTRUMENT;EFS;EUR;30;119.20000000;921;EXCHANGE_LAST;;1;1;XEUR;11820390;689;
05.05.2025;14:53:08.174;FGBM SI 20250606 PS;SIMPLE_INSTRUMENT;EFS;EUR;31;119.21000000;788;EXCHANGE_LAST;;1;1;XEUR;11820390;689;
05.05.2025;15:02:56.335;FGBM SI 20250606 PS;SIMPLE_INSTRUMENT;EFS;EUR;32;119.20000000;812;EXCHANGE_LAST;;1;1;XEUR;11820390;689;
05.05.2025;15:05:00.819;FGBM SI 20250606 PS;SIMPLE_INSTRUMENT;EFS;EUR;33;119.20000000;921;EXCHANGE_LAST;;1;1;XEUR;11820390;689;
05.05.2025;07:28:49.785;FGBS SI 20250606 PS;SIMPLE_INSTRUMENT;EFS;EUR;1;107.41500000;506;EXCHANGE_LAST;;1;1;XEUR;11820391;690;
05.05.2025;08:25:21.891;FGBS SI 20250606 PS;SIMPLE_INSTRUMENT;EFP_FIN;EUR;2;107.44000000;301;EXCHANGE_LAST;;1;1;XEUR;11820391;690;
05.05.2025;08:25:46.252;FGBS SI 20250606 PS;SIMPLE_INSTRUMENT;EFP_FIN;EUR;3;107.44000000;602;EXCHANGE_LAST;;1;1;XEUR;11820391;690;
05.05.2025;08:34:11.783;FGBS SI 20250606 PS;SIMPLE_INSTRUMENT;EFS;EUR;4;107.42500000;5442;EXCHANGE_LAST;;1;1;XEUR;11820391;690;
05.05.2025;12:02:32.789;FGBS SI 20250606 PS;SIMPLE_INSTRUMENT;EFS;EUR;6;107.46000000;1198;EXCHANGE_LAST;;1;1;XEUR;11820391;690;
05.05.2025;13:05:36.871;FGBS SI 20250606 PS;SIMPLE_INSTRUMENT;EFP_FIN;EUR;7;107.47000000;602;EXCHANGE_LAST;;1;1;XEUR;11820391;690;
05.05.2025;14:36:10.648;FGBS SI 20250606 PS;SIMPLE_INSTRUMENT;EFS;EUR;8;107.43500000;2720;EXCHANGE_LAST;;1;1;XEUR;11820391;690;
05.05.2025;15:20:04.924;FGBS SI 20250606 PS;SIMPLE_INSTRUMENT;EFP_FIN;EUR;9;107.43000000;701;EXCHANGE_LAST;;1;1;XEUR;11820391;690;
05.05.2025;15:35:39.318;FGBS SI 20250606 PS;SIMPLE_INSTRUMENT;EFP_FIN;EUR;10;107.44000000;602;EXCHANGE_LAST;;1;1;XEUR;11820391;690;
05.05.2025;06:05:24.311;FGBS SI 20250606 PS;SIMPLE_INSTRUMENT;VOLA;EUR;268435458;107.44000000;54;EXCHANGE_LAST;;1;1;XEUR;11820391;690;
05.05.2025;08:16:58.290;FGBS SI 20250606 PS;SIMPLE_INSTRUMENT;VOLA;EUR;268435468;107.42000000;90;EXCHANGE_LAST;;1;1;XEUR;11820391;690;
05.05.2025;08:17:47.535;FGBS SI 20250606 PS;SIMPLE_INSTRUMENT;VOLA;EUR;268435469;107.42000000;45;EXCHANGE_LAST;;1;1;XEUR;11820391;690;
05.05.2025;07:52:50.060;FGBX SI 20250606 PS;SIMPLE_INSTRUMENT;EFS;EUR;1;122.46000000;90;EXCHANGE_LAST;;1;1;XEUR;11820392;691;
05.05.2025;08:16:53.423;FGBX SI 20250606 PS;SIMPLE_INSTRUMENT;EFS;EUR;2;122.40000000;60;EXCHANGE_LAST;;1;1;XEUR;11820392;691;
05.05.2025;08:26:33.599;FGBX SI 20250606 PS;SIMPLE_INSTRUMENT;EFP_FIN;EUR;3;122.50000000;372;EXCHANGE_LAST;;1;1;XEUR;11820392;691;
05.05.2025;10:46:51.756;FGBX SI 20250606 PS;SIMPLE_INSTRUMENT;EFP_FIN;EUR;4;122.52000000;83;EXCHANGE_LAST;;1;1;XEUR;11820392;691;
05.05.2025;10:51:36.684;FGBX SI 20250606 PS;SIMPLE_INSTRUMENT;EFP_FIN;EUR;5;122.62000000;402;EXCHANGE_LAST;;1;1;XEUR;11820392;691;
05.05.2025;11:14:59.223;FGBX SI 20250606 PS;SIMPLE_INSTRUMENT;EFS;EUR;7;122.48000000;91;EXCHANGE_LAST;;1;1;XEUR;11820392;691;
05.05.2025;14:18:57.735;FGBX SI 20250606 PS;SIMPLE_INSTRUMENT;BLOCK;EUR;17;121.68000000;330;EXCHANGE_LAST;;1;1;XEUR;11820392;691;
05.05.2025;15:39:16.921;FGBX SI 20250606 PS;SIMPLE_INSTRUMENT;EFS;EUR;19;121.84000000;103;EXCHANGE_LAST;;1;1;XEUR;11820392;691;
05.05.2025;06:44:31.020;FMAE SI 20250620 CS;SIMPLE_INSTRUMENT;EFP_IDX;EUR;12;383.03500000;214;EXCHANGE_LAST;;1;1;XEUR;7939684;48921;
05.05.2025;15:38:59.751;FMEF SI 20250620 CS;SIMPLE_INSTRUMENT;BLOCK;USD;25;1153.53000000;467;EXCHANGE_LAST;;1;1;XEUR;7408968;30657;
05.05.2025;15:39:24.205;FMEF SI 20250620 CS;SIMPLE_INSTRUMENT;BLOCK;USD;26;1153.52600000;465;EXCHANGE_LAST;;1;1;XEUR;7408968;30657;
05.05.2025;15:51:05.342;FMEF SI 20250620 CS;SIMPLE_INSTRUMENT;BLOCK;USD;29;1154.00000000;191;EXCHANGE_LAST;;1;1;XEUR;7408968;30657;
05.05.2025;06:39:51.919;FMEL SI 20250620 CS;SIMPLE_INSTRUMENT;BLOCK;USD;10;571.40600000;79;EXCHANGE_LAST;;1;1;XEUR;7938814;12397;
05.05.2025;14:13:20.017;FMGO SI 20250620 CS;SIMPLE_INSTRUMENT;BLOCK;USD;24;5560.00000000;881;EXCHANGE_LAST;;1;1;XEUR;8609371;583623;
05.05.2025;06:46:22.161;FMID SI 20250620 CS;SIMPLE_INSTRUMENT;EFP_IDX;USD;4;1491.76000000;230;EXCHANGE_LAST;;1;1;XEUR;7939464;45289;
05.05.2025;01:41:09.866;FMIN SI 20250620 CS;SIMPLE_INSTRUMENT;BLOCK;USD;2;1272.58200000;50;EXCHANGE_LAST;;1;1;XEUR;7938852;12404;
05.05.2025;05:52:30.530;FMIN SI 20250620 CS;SIMPLE_INSTRUMENT;BLOCK;USD;9;1272.45900000;11;EXCHANGE_LAST;;1;1;XEUR;7938852;12404;
05.05.2025;07:08:58.044;FMIN SI 20250620 CS;SIMPLE_INSTRUMENT;BLOCK;USD;17;1272.45900000;240;EXCHANGE_LAST;;2;1;XEUR;7938852;12404;
05.05.2025;07:10:46.724;FMIN SI 20250620 CS;SIMPLE_INSTRUMENT;BLOCK;USD;18;1272.45900000;103;EXCHANGE_LAST;;1;1;XEUR;7938852;12404;
05.05.2025;01:26:31.437;FMJP SI 20250620 CS;SIMPLE_INSTRUMENT;BLOCK;USD;1;9165.95100000;697;EXCHANGE_LAST;;1;2;XEUR;7937445;661;
05.05.2025;06:40:31.955;FMOV SI 20250620 CS;SIMPLE_INSTRUMENT;BLOCK;USD;11;14428.19000000;247;EXCHANGE_LAST;;1;1;XEUR;7939784;51878;
05.05.2025;03:17:38.939;FMTW SI 20250620 CS;SIMPLE_INSTRUMENT;BLOCK;USD;2;788.98300000;90;EXCHANGE_LAST;;1;1;XEUR;7939790;51884;
05.05.2025;03:19:33.010;FMTW SI 20250620 CS;SIMPLE_INSTRUMENT;BLOCK;USD;3;788.98300000;640;EXCHANGE_LAST;;1;1;XEUR;7939790;51884;
05.05.2025;07:33:54.606;FMWB SI 20250620 CS;SIMPLE_INSTRUMENT;EFP_IDX;GBP;19;21446.19000000;9;EXCHANGE_LAST;;1;1;XEUR;7940142;124305;
05.05.2025;06:48:15.015;FMWN SI 20250620 CS;SIMPLE_INSTRUMENT;EFP_IDX;EUR;14;536.02000000;660;EXCHANGE_LAST;;1;1;XEUR;7939177;30654;
05.05.2025;05:50:32.779;FMWO SI 20250620 CS;SIMPLE_INSTRUMENT;EFP_IDX;USD;6;11911.18000000;10;EXCHANGE_LAST;;1;1;XEUR;7938711;7059;
05.05.2025;05:51:06.559;FMWO SI 20250620 CS;SIMPLE_INSTRUMENT;EFP_IDX;USD;7;11912.18000000;10;EXCHANGE_LAST;;1;1;XEUR;7938711;7059;
05.05.2025;05:51:42.075;FMWO SI 20250620 CS;SIMPLE_INSTRUMENT;EFP_IDX;USD;8;11908.18000000;10;EXCHANGE_LAST;;1;1;XEUR;7938711;7059;
05.05.2025;06:47:57.555;FMWO SI 20250620 CS;SIMPLE_INSTRUMENT;BLOCK;USD;13;11910.18000000;1182;EXCHANGE_LAST;;1;1;XEUR;7938711;7059;
05.05.2025;06:55:00.826;FMWO SI 20250620 CS;SIMPLE_INSTRUMENT;EFP_IDX;USD;16;11909.18000000;50;EXCHANGE_LAST;;1;1;XEUR;7938711;7059;
05.05.2025;08:20:16.178;FMWO SI 20250620 CS;SIMPLE_INSTRUMENT;BLOCK;USD;21;11910.68000000;575;EXCHANGE_LAST;;1;1;XEUR;7938711;7059;
05.05.2025;10:08:24.741;FMWO SI 20250620 CS;SIMPLE_INSTRUMENT;BLOCK;USD;23;11910.68000000;116;EXCHANGE_LAST;;1;1;XEUR;7938711;7059;
05.05.2025;07:52:39.039;FMWZ SI 20250620 CS;SIMPLE_INSTRUMENT;EFP_IDX;USD;20;1340.33700000;808;EXCHANGE_LAST;;1;1;XEUR;9508168;674556;
05.05.2025;06:56:49.508;FMXG SI 20250620 CS;SIMPLE_INSTRUMENT;BLOCK;EUR;15;381.67300000;3960;EXCHANGE_LAST;;1;1;XEUR;7940141;124306;
05.05.2025;09:13:53.548;FMXG SI 20250620 CS;SIMPLE_INSTRUMENT;EFP_IDX;EUR;22;381.58300000;2069;EXCHANGE_LAST;;1;1;XEUR;7940141;124306;
05.05.2025;05:13:58.544;FMXJ SI 20250620 CS;SIMPLE_INSTRUMENT;BLOCK;USD;3;618.00000000;5;EXCHANGE_LAST;;1;1;XEUR;7939774;51660;
05.05.2025;07:28:42.201;FOAT SI 20250606 PS;SIMPLE_INSTRUMENT;BLOCK;EUR;1;124.97000000;434;EXCHANGE_LAST;;1;1;XEUR;11820393;749;
05.05.2025;08:20:18.828;FOAT SI 20250606 PS;SIMPLE_INSTRUMENT;EFP_FIN;EUR;2;125.05000000;128;EXCHANGE_LAST;;1;1;XEUR;11820393;749;
05.05.2025;09:24:05.547;FOAT SI 20250606 PS;SIMPLE_INSTRUMENT;EFP_FIN;EUR;3;125.10000000;197;EXCHANGE_LAST;;1;1;XEUR;11820393;749;
05.05.2025;09:24:59.232;FOAT SI 20250606 PS;SIMPLE_INSTRUMENT;EFP_FIN;EUR;4;125.10000000;1182;EXCHANGE_LAST;;1;1;XEUR;11820393;749;
05.05.2025;09:35:28.496;FOAT SI 20250606 PS;SIMPLE_INSTRUMENT;EFP_FIN;EUR;5;125.10000000;394;EXCHANGE_LAST;;1;1;XEUR;11820393;749;
05.05.2025;09:54:18.228;FOAT SI 20250606 PS;SIMPLE_INSTRUMENT;EFP_FIN;EUR;6;125.10000000;670;EXCHANGE_LAST;;1;1;XEUR;11820393;749;
05.05.2025;09:57:36.190;FOAT SI 20250606 PS;SIMPLE_INSTRUMENT;BLOCK;EUR;7;125.14000000;788;EXCHANGE_LAST;;1;1;XEUR;11820393;749;
05.05.2025;09:59:13.917;FOAT SI 20250606 PS;SIMPLE_INSTRUMENT;EFP_FIN;EUR;8;125.15000000;1182;EXCHANGE_LAST;;1;1;XEUR;11820393;749;
05.05.2025;10:12:48.251;FOAT SI 20250606 PS;SIMPLE_INSTRUMENT;EFP_FIN;EUR;9;125.15000000;788;EXCHANGE_LAST;;1;1;XEUR;11820393;749;
05.05.2025;11:01:56.320;FOAT SI 20250606 PS;SIMPLE_INSTRUMENT;EFP_FIN;EUR;10;125.15000000;350;EXCHANGE_LAST;;1;1;XEUR;11820393;749;
05.05.2025;10:56:05.480;FOAT SI 20250606 PS;SIMPLE_INSTRUMENT;EFP_FIN;EUR;11;125.15000000;350;EXCHANGE_LAST;;1;1;XEUR;11820393;749;
05.05.2025;12:58:32.452;FOAT SI 20250606 PS;SIMPLE_INSTRUMENT;BLOCK;EUR;12;125.14000000;259;EXCHANGE_LAST;;1;1;XEUR;11820393;749;
05.05.2025;13:41:45.800;FOAT SI 20250606 PS;SIMPLE_INSTRUMENT;EFP_FIN;EUR;13;125.14000000;432;EXCHANGE_LAST;;1;1;XEUR;11820393;749;
05.05.2025;14:47:43.786;FOAT SI 20250606 PS;SIMPLE_INSTRUMENT;EFP_FIN;EUR;14;125.14000000;135;EXCHANGE_LAST;;1;1;XEUR;11820393;749;
05.05.2025;15:15:03.007;FOAT SI 20250606 PS;SIMPLE_INSTRUMENT;EFP_FIN;EUR;15;125.00000000;50;EXCHANGE_LAST;;1;1;XEUR;11820393;749;
05.05.2025;15:15:10.246;FOAT SI 20250606 PS;SIMPLE_INSTRUMENT;EFP_FIN;EUR;16;125.01000000;788;EXCHANGE_LAST;;1;1;XEUR;11820393;749;
05.05.2025;14:37:15.085;FRE.O.250505.BER.000011;STANDARD_OPTION_STRATEGY;BLOCK;EUR;1;0.24000000;750;EXCHANGE_LAST;;1;1;XEUR;72060858213108013;760;
05.05.2025;14:37:15.085;FRE SI 20250516 PS AM P 40.00 0;SIMPLE_INSTRUMENT;BLOCK;EUR;1;0.33000000;750;PRC_DECOMP_EXCHANGE;;;;XEUR;12820235;760;EXCHANGE
05.05.2025;14:37:15.085;FRE SI 20250516 PS AM P 38.00 0;SIMPLE_INSTRUMENT;BLOCK;EUR;1;0.09000000;750;PRC_DECOMP_EXCHANGE;;;;XEUR;12820259;760;EXCHANGE
05.05.2025;15:47:41.801;FSEG SI 20250620 CS;SIMPLE_INSTRUMENT;EFP_IDX;EUR;24;197.50000000;47;EXCHANGE_LAST;;1;1;XEUR;11913120;109977;
05.05.2025;15:47:58.163;FSEG SI 20250620 CS;SIMPLE_INSTRUMENT;EFP_IDX;EUR;25;197.60000000;186;EXCHANGE_LAST;;1;1;XEUR;11913120;109977;
05.05.2025;15:49:13.136;FSEG SI 20250620 CS;SIMPLE_INSTRUMENT;EFP_IDX;EUR;26;197.60000000;109;EXCHANGE_LAST;;1;1;XEUR;11913120;109977;
05.05.2025;15:49:32.671;FSEG SI 20250620 CS;SIMPLE_INSTRUMENT;EFP_IDX;EUR;27;197.50000000;27;EXCHANGE_LAST;;1;1;XEUR;11913120;109977;
05.05.2025;12:09:35.662;FSMI SI 20250620 CS;SIMPLE_INSTRUMENT;BLOCK;CHF;1;12240.00000000;500;EXCHANGE_LAST;;1;1;XEUR;7904351;757;
05.05.2025;14:30:27.165;FSMI SI 20250620 CS;SIMPLE_INSTRUMENT;EFP_IDX;CHF;2;12235.00000000;300;EXCHANGE_LAST;;1;1;XEUR;7904351;757;
05.05.2025;15:42:19.927;FSMI SI 20250620 CS;SIMPLE_INSTRUMENT;EFP_IDX;CHF;3;12200.00000000;170;EXCHANGE_LAST;;1;1;XEUR;7904351;757;
05.05.2025;15:43:15.629;FSMI SI 20250620 CS;SIMPLE_INSTRUMENT;EFP_IDX;CHF;4;12199.00000000;48;EXCHANGE_LAST;;1;1;XEUR;7904351;757;
05.05.2025;15:45:24.285;FSTE SI 20250620 CS;SIMPLE_INSTRUMENT;EFP_IDX;EUR;5;326.80000000;5;EXCHANGE_LAST;;1;1;XEUR;11881330;719;
05.05.2025;15:45:45.498;FSTE SI 20250620 CS;SIMPLE_INSTRUMENT;EFP_IDX;EUR;6;326.90000000;22;EXCHANGE_LAST;;1;1;XEUR;11881330;719;
05.05.2025;11:32:35.554;FSTH SI 20250620 CS;SIMPLE_INSTRUMENT;VOLA;EUR;603979789;1072.00000000;53;EXCHANGE_LAST;;1;1;XEUR;11881327;716;
05.05.2025;15:17:27.608;FSTI SI 20250620 CS;SIMPLE_INSTRUMENT;BLOCK;EUR;22;484.50000000;321;EXCHANGE_LAST;;1;1;XEUR;11881319;707;
05.05.2025;14:14:06.160;FUEM SI 20250620 CS;SIMPLE_INSTRUMENT;BLOCK;USD;17;116.60000000;115;EXCHANGE_LAST;;1;1;XEUR;11949864;772680;
05.05.2025;14:14:37.290;FUIG SI 20250620 CS;SIMPLE_INSTRUMENT;BLOCK;USD;18;3345.10000000;180;EXCHANGE_LAST;;1;1;XEUR;11950091;909659;
05.05.2025;15:45:46.557;FXXP SI 20250620 CS;SIMPLE_INSTRUMENT;BLOCK;EUR;27;535.00000000;1731;EXCHANGE_LAST;;1;1;XEUR;7904812;816;
05.05.2025;15:45:46.577;FXXP SI 20250620 CS;SIMPLE_INSTRUMENT;BLOCK;EUR;28;534.90000000;1154;EXCHANGE_LAST;;1;1;XEUR;7904812;816;
05.05.2025;12:17:16.309;GEBN FI 20250528 CS EU C 607.0000 0;FLEXIBLE_INSTRUMENT;BLOCK;CHF;20;6.99000000;1060;EXCHANGE_LAST;;1;1;XEUR;1152925292768014071;882;
05.05.2025;12:07:51.998;GIVN FI 20250528 CS EU C 4160.0000 0;FLEXIBLE_INSTRUMENT;BLOCK;CHF;14;30.10000000;160;EXCHANGE_LAST;;1;1;XEUR;1152925335717689034;892;
05.05.2025;15:57:43.909;GZFH SI 20250620 CS;SIMPLE_INSTRUMENT;BLOCK;EUR;38;18.23750000;5000;EXCHANGE_LAST;;1;1;XEUR;11199260;144768;
05.05.2025;14:58:07.342;HEN3 SI 20260619 PS AM C 75.00 0;SIMPLE_INSTRUMENT;BLOCK;EUR;13;3.90000000;800;EXCHANGE_LAST;;1;1;XEUR;13344962;841;
05.05.2025;12:18:07.190;HOLN SI 20270618 PS AM P 76.00 0;SIMPLE_INSTRUMENT;BLOCK;CHF;12;7.22000000;350;EXCHANGE_LAST;;1;1;XEUR;11363056;943;
05.05.2025;12:46:16.251;HOLN SI 20250919 PS AM C 92.00 0;SIMPLE_INSTRUMENT;BLOCK;CHF;28;4.70000000;1250;EXCHANGE_LAST;;1;1;XEUR;11884479;943;
05.05.2025;09:26:18.446;HYQF SI 20250718 CS;SIMPLE_INSTRUMENT;BLOCK;EUR;4;210.42730000;20;EXCHANGE_LAST;;1;1;XEUR;11408051;481921;
05.05.2025;09:14:12.373;I2TK SI 20250620 CS;SIMPLE_INSTRUMENT;BLOCK;EUR;2;1.00000000;118;EXCHANGE_LAST;;1;1;XEUR;10842378;919;
05.05.2025;14:28:51.226;I3ES SI 20250620 CS;SIMPLE_INSTRUMENT;BLOCK;EUR;26;0.17100000;13350;EXCHANGE_LAST;;1;1;XEUR;10842363;913;
05.05.2025;14:28:41.894;IESI SI 20250619 CS;SIMPLE_INSTRUMENT;BLOCK;EUR;25;4.63100000;15000;EXCHANGE_LAST;;1;1;XEUR;11162717;901;
05.05.2025;13:46:27.694;IFX SI 20250516 PS AM P 27.50 0;SIMPLE_INSTRUMENT;BLOCK;EUR;8;0.27000000;2000;EXCHANGE_LAST;;1;1;XEUR;12894699;902;
05.05.2025;13:46:38.450;IFX SI 20250516 PS AM P 28.50 0;SIMPLE_INSTRUMENT;BLOCK;EUR;9;0.46000000;2000;EXCHANGE_LAST;;1;1;XEUR;12888881;902;
05.05.2025;14:44:08.585;IFX SI 20291221 PS AM P 18.00 0;SIMPLE_INSTRUMENT;BLOCK;EUR;11;2.76000000;5000;EXCHANGE_LAST;;1;1;XEUR;12445161;902;
05.05.2025;14:44:22.392;IFX SI 20291221 PS AM P 24.00 0;SIMPLE_INSTRUMENT;BLOCK;EUR;12;5.08000000;7500;EXCHANGE_LAST;;1;1;XEUR;12445170;902;
05.05.2025;13:02:27.042;IMC SI 20250620 PS AM P 125.00 0;SIMPLE_INSTRUMENT;BLOCK;EUR;6;7.89000000;350;EXCHANGE_LAST;;1;1;XEUR;12986889;626612;
05.05.2025;08:05:08.739;INN SI 20260619 PS AM P 17.00 0;SIMPLE_INSTRUMENT;BLOCK;EUR;2;1.68000000;12000;EXCHANGE_LAST;;1;1;XEUR;12745801;1014;
05.05.2025;13:54:31.978;INN.N.250505.000005;NON_STANDARD_OPTION_STRATEGY;BLOCK;EUR;7;3.83000000;3000;EXCHANGE_LAST;;1;1;XEUR;72061949134785433;1014;
05.05.2025;13:54:31.978;INN SI 20260320 PS AM P 15.00 0;SIMPLE_INSTRUMENT;BLOCK;EUR;7;0.67000000;9000;PRC_DECOMP_EXCHANGE;;;;XEUR;13009789;1014;EXCHANGE
05.05.2025;13:54:31.978;INN SI 20260320 PS AM C 18.00 0;SIMPLE_INSTRUMENT;BLOCK;EUR;7;1.82000000;3000;PRC_DECOMP_EXCHANGE;;;;XEUR;13009795;1014;EXCHANGE
05.05.2025;08:03:39.819;ISPA SI 20250620 PS AM C 32.00 0;SIMPLE_INSTRUMENT;BLOCK;EUR;1;0.14000000;25000;EXCHANGE_LAST;;1;1;XEUR;7906918;1004;
05.05.2025;09:13:18.788;ITKG SI 20250620 CS;SIMPLE_INSTRUMENT;BLOCK;EUR;1;57.76000000;1410;EXCHANGE_LAST;;1;1;XEUR;11178098;996;
05.05.2025;12:08:48.038;ITKG SI 20250620 CS;SIMPLE_INSTRUMENT;BLOCK;EUR;14;58.00000000;4500;EXCHANGE_LAST;;1;1;XEUR;11178098;996;
05.05.2025;15:30:35.517;ITKG SI 20250620 CS;SIMPLE_INSTRUMENT;BLOCK;EUR;33;57.65000000;3850;EXCHANGE_LAST;;1;2;XEUR;11178098;996;
05.05.2025;14:42:38.700;IXD SI 20250718 PS AM P 43.00 0;SIMPLE_INSTRUMENT;BLOCK;EUR;8;0.50000000;610;EXCHANGE_LAST;;1;1;XEUR;13245780;989;
05.05.2025;14:43:01.682;IXD SI 20250718 PS AM P 43.00 0;SIMPLE_INSTRUMENT;BLOCK;EUR;9;0.60000000;2571;EXCHANGE_LAST;;1;1;XEUR;13245780;989;
05.05.2025;10:16:36.986;KDBI SI 20250620 CS;SIMPLE_INSTRUMENT;BLOCK;EUR;10;80.02900000;5000;EXCHANGE_LAST;;1;1;XEUR;11420377;840012;
05.05.2025;13:12:01.444;KDBI SI 20250620 CS;SIMPLE_INSTRUMENT;BLOCK;EUR;18;80.19970000;10000;EXCHANGE_LAST;;1;1;XEUR;11420377;840012;
05.05.2025;14:15:30.595;KNII SI 20250620 CS;SIMPLE_INSTRUMENT;BLOCK;CHF;23;186.50000000;700;EXCHANGE_LAST;;1;1;XEUR;11193410;39117;
05.05.2025;14:11:51.785;KNII SI 20250620 CS;SIMPLE_INSTRUMENT;BLOCK;CHF;24;186.35000000;350;EXCHANGE_LAST;;1;1;XEUR;11193410;39117;
05.05.2025;13:36:01.966;L3HA SI 20250620 CS;SIMPLE_INSTRUMENT;BLOCK;EUR;20;0.30000000;864;EXCHANGE_LAST;;1;1;XEUR;10882823;414625;
05.05.2025;15:21:33.452;L3HA SI 20250620 CS;SIMPLE_INSTRUMENT;BLOCK;EUR;30;0.30000000;546;EXCHANGE_LAST;;1;1;XEUR;10882823;414625;
05.05.2025;15:40:23.542;L3HA SI 20250620 CS;SIMPLE_INSTRUMENT;BLOCK;EUR;36;0.30000000;582;EXCHANGE_LAST;;1;1;XEUR;10882823;414625;
05.05.2025;12:58:57.560;LHAG SI 20250620 CS;SIMPLE_INSTRUMENT;BLOCK;EUR;15;6.29000000;9000;EXCHANGE_LAST;;1;1;XEUR;11206746;414626;
05.05.2025;15:39:46.642;LHAG SI 20250620 CS;SIMPLE_INSTRUMENT;BLOCK;EUR;35;6.36000000;6000;EXCHANGE_LAST;;1;1;XEUR;11206746;414626;
05.05.2025;15:18:54.712;LHAP SI 20250620 PS;SIMPLE_INSTRUMENT;BLOCK;EUR;29;6.37700000;6000;EXCHANGE_LAST;;1;1;XEUR;11206164;377915;
05.05.2025;12:04:47.883;LONN FI 20250528 CS EU C 622.0000 0;FLEXIBLE_INSTRUMENT;BLOCK;CHF;13;6.77000000;1550;EXCHANGE_LAST;;1;1;XEUR;1152926405164547744;1141;
05.05.2025;08:32:14.700;MTX SI 20261218 PS AM C 280.00 0;SIMPLE_INSTRUMENT;BLOCK;EUR;2;73.46000000;200;EXCHANGE_LAST;;1;1;XEUR;7207606;1228;
05.05.2025;08:33:00.204;MTX SI 20261218 PS AM C 360.00 0;SIMPLE_INSTRUMENT;BLOCK;EUR;3;35.92000000;250;EXCHANGE_LAST;;1;1;XEUR;8198730;1228;
05.05.2025;10:33:09.014;NESN FI 20250528 CS EU C 90.5000 0;FLEXIBLE_INSTRUMENT;BLOCK;CHF;4;0.37000000;2375;EXCHANGE_LAST;;1;1;XEUR;1152926929150560900;1263;
05.05.2025;12:06:59.922;NOVN FI 20250528 CS EU C 98.5000 0;FLEXIBLE_INSTRUMENT;BLOCK;CHF;17;0.27000000;1762;EXCHANGE_LAST;;1;1;XEUR;1156034260679793536;724745;
05.05.2025;12:16:59.885;NOVN.O.250505.BRT.000011;STANDARD_OPTION_STRATEGY;BLOCK;CHF;18;0.95000000;800;EXCHANGE_LAST;;1;1;XEUR;75170350110879698;724745;
05.05.2025;12:16:59.885;NOVN SI 20250919 PS AM P 84.00 0;SIMPLE_INSTRUMENT;BLOCK;CHF;18;1.26000000;800;PRC_DECOMP_EXCHANGE;;;;XEUR;11933157;724745;EXCHANGE
05.05.2025;12:16:59.885;NOVN SI 20250620 PS AM P 84.00 0;SIMPLE_INSTRUMENT;BLOCK;CHF;18;0.31000000;800;PRC_DECOMP_EXCHANGE;;;;XEUR;10037715;724745;EXCHANGE
05.05.2025;13:18:56.193;NOVN.O.250505.BRT.000013;STANDARD_OPTION_STRATEGY;BLOCK;CHF;32;3.18000000;500;EXCHANGE_LAST;;1;1;XEUR;75170350110879700;724745;
05.05.2025;13:18:56.193;NOVN SI 20250620 PS AM P 94.00 0;SIMPLE_INSTRUMENT;BLOCK;CHF;32;2.55000000;500;PRC_DECOMP_EXCHANGE;;;;XEUR;11444360;724745;EXCHANGE
05.05.2025;13:18:56.193;NOVN SI 20251219 PS AM P 94.00 0;SIMPLE_INSTRUMENT;BLOCK;CHF;32;5.73000000;500;PRC_DECOMP_EXCHANGE;;;;XEUR;12310752;724745;EXCHANGE
05.05.2025;10:21:57.270;ODAX SI 20250620 CS EU C 22750 0;SIMPLE_INSTRUMENT;BLOCK;EUR;1;970.20000000;350;EXCHANGE_LAST;;1;1;XEUR;13013184;1176;
05.05.2025;10:22:02.870;ODAX SI 20250620 CS EU C 24250 0;SIMPLE_INSTRUMENT;BLOCK;EUR;2;206.70000000;350;EXCHANGE_LAST;;1;1;XEUR;13013096;1176;
05.05.2025;11:41:25.021;ODAX SI 20250919 CS EU C 27000 0;SIMPLE_INSTRUMENT;BLOCK;EUR;5;62.20000000;545;EXCHANGE_LAST;;1;1;XEUR;12396931;1176;
05.05.2025;14:08:36.636;ODAX SI 20250620 CS EU P 21500 0;SIMPLE_INSTRUMENT;BLOCK;EUR;9;170.80000000;500;EXCHANGE_LAST;;1;1;XEUR;12579468;1176;
05.05.2025;14:33:01.805;ODAX SI 20250620 CS EU P 19100 0;SIMPLE_INSTRUMENT;BLOCK;EUR;11;45.50000000;15000;EXCHANGE_LAST;;1;1;XEUR;10958113;1176;
05.05.2025;14:33:02.103;ODAX SI 20250620 CS EU P 18800 0;SIMPLE_INSTRUMENT;BLOCK;EUR;12;39.50000000;15000;EXCHANGE_LAST;;1;1;XEUR;9645203;1176;
05.05.2025;14:42:50.460;ODAX SI 20250620 CS EU P 20250 0;SIMPLE_INSTRUMENT;BLOCK;EUR;14;79.50000000;7500;EXCHANGE_LAST;;1;1;XEUR;13097319;1176;
05.05.2025;14:42:53.185;ODAX SI 20250620 CS EU P 19950 0;SIMPLE_INSTRUMENT;BLOCK;EUR;15;67.90000000;1875;EXCHANGE_LAST;;1;1;XEUR;13104507;1176;
05.05.2025;14:42:53.203;ODAX SI 20250620 CS EU P 19950 0;SIMPLE_INSTRUMENT;BLOCK;EUR;16;67.70000000;5625;EXCHANGE_LAST;;1;1;XEUR;13104507;1176;
05.05.2025;11:34:46.958;ODAX.V.250505.PUT+U.000326;OPTION_VOLATILITY_STRATEGY;BLOCK;EUR;671088644;1457.70000000;2;EXCHANGE_LAST;;1;1;XEUR;72062644920433327;1176;
05.05.2025;11:34:46.958;FDAX SI 20250620 CS;SIMPLE_INSTRUMENT;BLOCK;EUR;671088644;23336.00000000;28;PRC_DECOMP_EXCHANGE;;;;XEUR;7903800;1176;EXCHANGE
05.05.2025;11:34:46.958;ODAX SI 20260619 CS EU P 23200 0;SIMPLE_INSTRUMENT;BLOCK;EUR;671088644;1457.70000000;350;PRC_DECOMP_EXCHANGE;;;;XEUR;12373140;1176;EXCHANGE
05.05.2025;12:30:40.165;ODAX.V.250505.COMBO+U.000357;OPTION_VOLATILITY_STRATEGY;BLOCK;EUR;671088647;-43.30000000;6;EXCHANGE_LAST;;1;1;XEUR;72062644920433358;1176;
05.05.2025;12:30:40.165;ODAX SI 20250516 CS EU P 22000 0;SIMPLE_INSTRUMENT;BLOCK;EUR;671088647;47.00000000;600;PRC_DECOMP_EXCHANGE;;;;XEUR;12825292;1176;EXCHANGE
05.05.2025;12:30:40.165;ODAX SI 20250516 CS EU C 23900 0;SIMPLE_INSTRUMENT;BLOCK;EUR;671088647;90.30000000;600;PRC_DECOMP_EXCHANGE;;;;XEUR;12870911;1176;EXCHANGE
05.05.2025;12:30:40.165;FDAX SI 20250620 CS;SIMPLE_INSTRUMENT;BLOCK;EUR;671088647;23400.00000000;36;PRC_DECOMP_EXCHANGE;;;;XEUR;7903800;1176;EXCHANGE
05.05.2025;13:42:24.176;ODAX.D.250505.000383;NON_STANDARD_OVS;BLOCK;EUR;671088648;105840.00000000;1;EXCHANGE_LAST;;1;1;XEUR;72062644920433384;1176;
05.05.2025;13:42:24.176;ODAX SI 20250919 CS EU P 20400 0;SIMPLE_INSTRUMENT;BLOCK;EUR;671088648;320.00000000;400;PRC_DECOMP_MEMBER;;;;XEUR;11100566;1176;MEMBER
05.05.2025;13:42:24.176;FDAX SI 20250620 CS;SIMPLE_INSTRUMENT;BLOCK;EUR;671088648;23410.00000000;10;PRC_DECOMP_MEMBER;;;;XEUR;7903800;1176;MEMBER
05.05.2025;13:42:24.176;ODAX SI 20250919 CS EU P 22000 0;SIMPLE_INSTRUMENT;BLOCK;EUR;671088648;576.40000000;600;PRC_DECOMP_MEMBER;;;;XEUR;11761481;1176;MEMBER
05.05.2025;13:42:24.176;ODAX SI 20250919 CS EU P 20000 0;SIMPLE_INSTRUMENT;BLOCK;EUR;671088648;280.00000000;400;PRC_DECOMP_MEMBER;;;;XEUR;9641101;1176;MEMBER
05.05.2025;14:41:43.467;ODAX.V.250505.COMBO+U.000417;OPTION_VOLATILITY_STRATEGY;BLOCK;EUR;671088653;93.10000000;4;EXCHANGE_LAST;;1;1;XEUR;72062644920433418;1176;
05.05.2025;14:41:43.467;ODAX SI 20250718 CS EU P 21500 0;SIMPLE_INSTRUMENT;BLOCK;EUR;671088653;273.60000000;500;PRC_DECOMP_EXCHANGE;;;;XEUR;13249425;1176;EXCHANGE
05.05.2025;14:41:43.467;ODAX SI 20250718 CS EU C 25000 0;SIMPLE_INSTRUMENT;BLOCK;EUR;671088653;180.50000000;500;PRC_DECOMP_EXCHANGE;;;;XEUR;13297463;1176;EXCHANGE
05.05.2025;14:41:43.467;FDAX SI 20250620 CS;SIMPLE_INSTRUMENT;BLOCK;EUR;671088653;23440.00000000;36;PRC_DECOMP_EXCHANGE;;;;XEUR;7903800;1176;EXCHANGE
05.05.2025;13:34:33.722;OED1.V.250505.CALL-U.000001;OPTION_VOLATILITY_STRATEGY;BLOCK;EUR;301989896;2.05000000;10;EXCHANGE_LAST;;1;1;XEUR;75376268022906937;772689;
05.05.2025;13:34:33.722;FEXD SI 20261218 CS;SIMPLE_INSTRUMENT;BLOCK;EUR;301989896;153.60000000;450;PRC_DECOMP_EXCHANGE;;;;XEUR;2163053;772689;EXCHANGE
05.05.2025;13:34:33.722;OED1 SI 20250620 PS EU C 155 0;SIMPLE_INSTRUMENT;BLOCK;EUR;301989896;2.05000000;1000;PRC_DECOMP_EXCHANGE;;;;XEUR;13330417;772689;EXCHANGE
05.05.2025;12:30:41.714;OEDV.O.250505.STD.000001;STANDARD_OPTION_STRATEGY;BLOCK;EUR;15;75.50000000;1750;EXCHANGE_LAST;;1;2;XEUR;72062696459082253;1188;
05.05.2025;12:30:41.714;OEDV SI 20250620 CS EU P 1900 0;SIMPLE_INSTRUMENT;BLOCK;EUR;15;38.40000000;1750;PRC_DECOMP_EXCHANGE;;;;XEUR;7908673;1188;EXCHANGE
05.05.2025;12:30:41.714;OEDV SI 20250620 CS EU C 1900 0;SIMPLE_INSTRUMENT;BLOCK;EUR;15;37.10000000;1750;PRC_DECOMP_EXCHANGE;;;;XEUR;7908670;1188;EXCHANGE
05.05.2025;10:54:12.322;OESB.V.250505.PBUT+U.000024;OPTION_VOLATILITY_STRATEGY;BLOCK;EUR;603979787;0.20000000;60;EXCHANGE_LAST;;1;1;XEUR;72062726523984210;1195;
05.05.2025;10:54:12.322;OESB SI 20250919 CS EU P 155.0 0;SIMPLE_INSTRUMENT;BLOCK;EUR;603979787;3.30000000;12000;PRC_DECOMP_EXCHANGE;;;;XEUR;11368614;1195;EXCHANGE
05.05.2025;10:54:12.322;OESB SI 20250919 CS EU P 150.0 0;SIMPLE_INSTRUMENT;BLOCK;EUR;603979787;2.75000000;6000;PRC_DECOMP_EXCHANGE;;;;XEUR;11368623;1195;EXCHANGE
05.05.2025;10:54:12.322;OESB SI 20250919 CS EU P 160.0 0;SIMPLE_INSTRUMENT;BLOCK;EUR;603979787;4.05000000;6000;PRC_DECOMP_EXCHANGE;;;;XEUR;11368617;1195;EXCHANGE
05.05.2025;10:54:12.322;FESB SI 20250620 CS;SIMPLE_INSTRUMENT;BLOCK;EUR;603979787;185.70000000;120;PRC_DECOMP_EXCHANGE;;;;XEUR;11880665;1195;EXCHANGE
05.05.2025;07:59:43.122;OESX SI 20250509 CS EU P 5225 0;SIMPLE_INSTRUMENT;BLOCK;EUR;2;29.00000000;2515;EXCHANGE_LAST;;1;1;XEUR;12896484;1210;
05.05.2025;08:00:01.727;OESX SI 20250509 CS EU P 5150 0;SIMPLE_INSTRUMENT;BLOCK;EUR;3;12.00000000;1691;EXCHANGE_LAST;;1;1;XEUR;12896470;1210;
05.05.2025;08:00:47.170;OESX SI 20250509 CS EU P 5100 0;SIMPLE_INSTRUMENT;BLOCK;EUR;4;7.10000000;1525;EXCHANGE_LAST;;1;1;XEUR;12896497;1210;
05.05.2025;08:00:47.052;OESX SI 20250509 CS EU P 5100 0;SIMPLE_INSTRUMENT;BLOCK;EUR;5;7.00000000;1021;EXCHANGE_LAST;;1;1;XEUR;12896497;1210;
05.05.2025;08:09:28.256;OESX SI 20250718 CS EU P 4800 0;SIMPLE_INSTRUMENT;BLOCK;EUR;6;55.70000000;1050;EXCHANGE_LAST;;1;1;XEUR;11369591;1210;
05.05.2025;08:09:31.108;OESX SI 20250718 CS EU P 4400 0;SIMPLE_INSTRUMENT;BLOCK;EUR;7;24.70000000;1050;EXCHANGE_LAST;;1;1;XEUR;11369465;1210;
05.05.2025;08:19:18.033;OESX SI 20260619 CS EU P 5000 0;SIMPLE_INSTRUMENT;BLOCK;EUR;9;295.00000000;1000;EXCHANGE_LAST;;1;1;XEUR;9435349;1210;
05.05.2025;08:25:06.519;OESX SI 20260619 CS EU P 5000 0;SIMPLE_INSTRUMENT;BLOCK;EUR;11;295.00000000;2000;EXCHANGE_LAST;;2;1;XEUR;9435349;1210;
05.05.2025;08:58:41.997;OESX SI 20250620 CS EU C 5250 0;SIMPLE_INSTRUMENT;BLOCK;EUR;15;121.20000000;2780;EXCHANGE_LAST;;1;1;XEUR;11283762;1210;
05.05.2025;08:58:57.047;OESX SI 20250718 CS EU P 4375 0;SIMPLE_INSTRUMENT;BLOCK;EUR;16;23.80000000;2224;EXCHANGE_LAST;;1;1;XEUR;12630018;1210;
05.05.2025;08:59:04.193;OESX SI 20250718 CS EU P 4375 0;SIMPLE_INSTRUMENT;BLOCK;EUR;17;23.60000000;2363;EXCHANGE_LAST;;1;1;XEUR;12630018;1210;
05.05.2025;09:41:40.510;OESX SI 20250516 CS EU P 5325 0;SIMPLE_INSTRUMENT;BLOCK;EUR;22;78.60000000;1000;EXCHANGE_LAST;;1;1;XEUR;11283364;1210;
05.05.2025;10:21:44.668;OESX SI 20250620 CS EU P 5250 0;SIMPLE_INSTRUMENT;BLOCK;EUR;28;134.50000000;1300;EXCHANGE_LAST;;1;1;XEUR;11283763;1210;
05.05.2025;10:32:46.671;OESX SI 20291221 CS EU P 4000 0;SIMPLE_INSTRUMENT;BLOCK;EUR;30;304.00000000;1500;EXCHANGE_LAST;;1;1;XEUR;4709284;1210;
05.05.2025;10:33:35.378;OESX.O.250505.BRT.000196;STANDARD_OPTION_STRATEGY;BLOCK;EUR;32;70.00000000;1000;EXCHANGE_LAST;;1;1;XEUR;72062790950249087;1210;
05.05.2025;10:33:35.378;OESX SI 20250620 CS EU P 5250 0;SIMPLE_INSTRUMENT;BLOCK;EUR;32;132.00000000;1000;PRC_DECOMP_MEMBER;;;;XEUR;11283763;1210;MEMBER
05.05.2025;10:33:35.378;OESX SI 20250516 CS EU P 5250 0;SIMPLE_INSTRUMENT;BLOCK;EUR;32;62.00000000;1000;PRC_DECOMP_MEMBER;;;;XEUR;11182806;1210;MEMBER
05.05.2025;10:37:20.945;OESX.O.250505.BER.000270;STANDARD_OPTION_STRATEGY;BLOCK;EUR;33;36.40000000;1750;EXCHANGE_LAST;;1;1;XEUR;72062790950249161;1210;
05.05.2025;10:37:20.945;OESX SI 20261218 CS EU P 4400 0;SIMPLE_INSTRUMENT;BLOCK;EUR;33;197.10000000;1750;PRC_DECOMP_EXCHANGE;;;;XEUR;2413966;1210;EXCHANGE
05.05.2025;10:37:20.945;OESX SI 20261218 CS EU P 4200 0;SIMPLE_INSTRUMENT;BLOCK;EUR;33;160.70000000;1750;PRC_DECOMP_EXCHANGE;;;;XEUR;2340992;1210;EXCHANGE
05.05.2025;10:37:32.570;OESX.O.250505.BER.000270;STANDARD_OPTION_STRATEGY;BLOCK;EUR;34;36.50000000;1750;EXCHANGE_LAST;;1;1;XEUR;72062790950249161;1210;
05.05.2025;10:37:32.570;OESX SI 20261218 CS EU P 4400 0;SIMPLE_INSTRUMENT;BLOCK;EUR;34;197.10000000;1750;PRC_DECOMP_EXCHANGE;;;;XEUR;2413966;1210;EXCHANGE
05.05.2025;10:37:32.570;OESX SI 20261218 CS EU P 4200 0;SIMPLE_INSTRUMENT;BLOCK;EUR;34;160.60000000;1750;PRC_DECOMP_EXCHANGE;;;;XEUR;2340992;1210;EXCHANGE
05.05.2025;11:44:39.292;OESX.O.250505.CBUT.000312;STANDARD_OPTION_STRATEGY;BLOCK;EUR;44;120.50000000;2000;EXCHANGE_LAST;;1;2;XEUR;72062790950249203;1210;
05.05.2025;11:44:39.292;OESX SI 20250620 CS EU C 5300 0;SIMPLE_INSTRUMENT;BLOCK;EUR;44;91.00000000;4000;PRC_DECOMP_MEMBER;;;;XEUR;9019679;1210;MEMBER
05.05.2025;11:44:39.292;OESX SI 20250620 CS EU C 5000 0;SIMPLE_INSTRUMENT;BLOCK;EUR;44;290.50000000;2000;PRC_DECOMP_MEMBER;;;;XEUR;8719758;1210;MEMBER
05.05.2025;11:44:39.292;OESX SI 20250620 CS EU C 5600 0;SIMPLE_INSTRUMENT;BLOCK;EUR;44;12.00000000;2000;PRC_DECOMP_MEMBER;;;;XEUR;10620500;1210;MEMBER
05.05.2025;12:10:58.872;OESX SI 20250516 CS EU C 5400 0;SIMPLE_INSTRUMENT;BLOCK;EUR;50;10.00000000;3750;EXCHANGE_LAST;;2;1;XEUR;11044574;1210;
05.05.2025;12:16:49.260;OESX SI 20250620 CS EU C 5600 0;SIMPLE_INSTRUMENT;BLOCK;EUR;53;13.00000000;4000;EXCHANGE_LAST;;1;1;XEUR;10620500;1210;
05.05.2025;12:17:00.124;OESX SI 20250718 CS EU P 4800 0;SIMPLE_INSTRUMENT;BLOCK;EUR;54;55.90000000;3000;EXCHANGE_LAST;;1;1;XEUR;11369591;1210;
05.05.2025;12:17:10.185;OESX SI 20250919 CS EU P 4700 0;SIMPLE_INSTRUMENT;BLOCK;EUR;55;82.50000000;4000;EXCHANGE_LAST;;1;1;XEUR;8238237;1210;
05.05.2025;12:17:22.402;OESX SI 20251219 CS EU P 5200 0;SIMPLE_INSTRUMENT;BLOCK;EUR;56;263.00000000;2500;EXCHANGE_LAST;;1;1;XEUR;6849947;1210;
05.05.2025;12:17:52.039;OESX SI 20251219 CS EU C 5200 0;SIMPLE_INSTRUMENT;BLOCK;EUR;57;326.20000000;1000;EXCHANGE_LAST;;1;1;XEUR;6849948;1210;
05.05.2025;12:18:02.665;OESX SI 20251219 CS EU C 5200 0;SIMPLE_INSTRUMENT;BLOCK;EUR;58;326.00000000;3000;EXCHANGE_LAST;;1;1;XEUR;6849948;1210;
05.05.2025;12:25:48.280;OESX SI 20250620 CS EU P 5250 0;SIMPLE_INSTRUMENT;BLOCK;EUR;59;131.70000000;1000;EXCHANGE_LAST;;1;1;XEUR;11283763;1210;
05.05.2025;12:25:54.101;OESX SI 20250620 CS EU P 4925 0;SIMPLE_INSTRUMENT;BLOCK;EUR;60;46.60000000;1000;EXCHANGE_LAST;;1;1;XEUR;11283691;1210;
05.05.2025;12:38:28.610;OESX SI 20251219 CS EU P 4700 0;SIMPLE_INSTRUMENT;BLOCK;EUR;64;127.80000000;2000;EXCHANGE_LAST;;1;1;XEUR;2926973;1210;
05.05.2025;12:38:35.862;OESX SI 20250718 CS EU P 4925 0;SIMPLE_INSTRUMENT;BLOCK;EUR;65;73.80000000;3000;EXCHANGE_LAST;;1;1;XEUR;12629943;1210;
05.05.2025;12:50:02.708;OESX.O.250505.RTSP.000381;STANDARD_OPTION_STRATEGY;BLOCK;EUR;68;202.20000000;2450;EXCHANGE_LAST;;1;1;XEUR;72062790950249272;1210;
05.05.2025;12:50:02.708;OESX SI 20250919 CS EU P 4700 0;SIMPLE_INSTRUMENT;BLOCK;EUR;68;82.40000000;2450;PRC_DECOMP_MEMBER;;;;XEUR;8238237;1210;MEMBER
05.05.2025;12:50:02.708;OESX SI 20260619 CS EU C 5400 0;SIMPLE_INSTRUMENT;BLOCK;EUR;68;284.60000000;2450;PRC_DECOMP_MEMBER;;;;XEUR;9435299;1210;MEMBER
05.05.2025;13:02:05.168;OESX.O.250505.BUL.000083;STANDARD_OPTION_STRATEGY;BLOCK;EUR;69;39.50000000;1500;EXCHANGE_LAST;;1;1;XEUR;72062790950248974;1210;
05.05.2025;13:02:05.168;OESX SI 20250516 CS EU C 5350 0;SIMPLE_INSTRUMENT;BLOCK;EUR;69;21.70000000;1500;PRC_DECOMP_EXCHANGE;;;;XEUR;11182804;1210;EXCHANGE
05.05.2025;13:02:05.168;OESX SI 20250516 CS EU C 5250 0;SIMPLE_INSTRUMENT;BLOCK;EUR;69;61.20000000;1500;PRC_DECOMP_EXCHANGE;;;;XEUR;11182802;1210;EXCHANGE
05.05.2025;13:02:16.513;OESX SI 20250516 CS EU P 4850 0;SIMPLE_INSTRUMENT;BLOCK;EUR;70;5.20000000;1500;EXCHANGE_LAST;;1;1;XEUR;11182766;1210;
05.05.2025;13:02:28.071;OESX SI 20250516 CS EU P 4950 0;SIMPLE_INSTRUMENT;BLOCK;EUR;73;8.00000000;1125;EXCHANGE_LAST;;1;1;XEUR;11094621;1210;
05.05.2025;13:02:36.143;OESX SI 20250516 CS EU P 4950 0;SIMPLE_INSTRUMENT;BLOCK;EUR;74;8.20000000;1875;EXCHANGE_LAST;;1;1;XEUR;11094621;1210;
05.05.2025;13:35:02.701;OESX SI 20261218 CS EU C 6000 0;SIMPLE_INSTRUMENT;BLOCK;EUR;77;152.00000000;1250;EXCHANGE_LAST;;1;1;XEUR;3323324;1210;
05.05.2025;13:23:42.392;OESX SI 20250620 CS EU P 4675 0;SIMPLE_INSTRUMENT;BLOCK;EUR;78;23.00000000;1025;EXCHANGE_LAST;;1;1;XEUR;11283697;1210;
05.05.2025;13:23:43.232;OESX SI 20250620 CS EU P 4950 0;SIMPLE_INSTRUMENT;BLOCK;EUR;79;49.80000000;1025;EXCHANGE_LAST;;1;1;XEUR;10933310;1210;
05.05.2025;13:23:44.112;OESX SI 20250718 CS EU P 4750 0;SIMPLE_INSTRUMENT;BLOCK;EUR;80;49.50000000;1239;EXCHANGE_LAST;;1;1;XEUR;11543636;1210;
05.05.2025;13:23:44.904;OESX SI 20250718 CS EU P 5100 0;SIMPLE_INSTRUMENT;BLOCK;EUR;81;113.30000000;1239;EXCHANGE_LAST;;1;1;XEUR;11369564;1210;
05.05.2025;13:29:25.042;OESX SI 20250919 CS EU P 3700 0;SIMPLE_INSTRUMENT;BLOCK;EUR;82;19.50000000;6000;EXCHANGE_LAST;;1;1;XEUR;8238392;1210;
05.05.2025;14:21:26.484;OESX SI 20250919 CS EU P 4900 0;SIMPLE_INSTRUMENT;BLOCK;EUR;100;113.20000000;1000;EXCHANGE_LAST;;1;1;XEUR;8653357;1210;
05.05.2025;14:52:28.525;OESX SI 20250919 CS EU P 5000 0;SIMPLE_INSTRUMENT;BLOCK;EUR;104;135.80000000;2963;EXCHANGE_LAST;;1;1;XEUR;8719755;1210;
05.05.2025;14:52:28.504;OESX SI 20250919 CS EU P 5000 0;SIMPLE_INSTRUMENT;BLOCK;EUR;105;135.60000000;1975;EXCHANGE_LAST;;1;1;XEUR;8719755;1210;
05.05.2025;14:52:28.525;OESX SI 20250919 CS EU P 4750 0;SIMPLE_INSTRUMENT;BLOCK;EUR;106;87.80000000;4938;EXCHANGE_LAST;;1;1;XEUR;11695874;1210;
05.05.2025;15:00:01.576;OESX SI 20250516 CS EU P 4100 0;SIMPLE_INSTRUMENT;BLOCK;EUR;109;0.70000000;5000;EXCHANGE_LAST;;2;1;XEUR;11044516;1210;
05.05.2025;15:05:45.657;OESX SI 20250516 CS EU P 4100 0;SIMPLE_INSTRUMENT;BLOCK;EUR;111;0.70000000;1000;EXCHANGE_LAST;;1;1;XEUR;11044516;1210;
05.05.2025;15:17:16.299;OESX SI 20250620 CS EU P 4350 0;SIMPLE_INSTRUMENT;BLOCK;EUR;114;10.10000000;50000;EXCHANGE_LAST;;1;1;XEUR;10263923;1210;
05.05.2025;15:17:18.135;OESX SI 20250620 CS EU P 4300 0;SIMPLE_INSTRUMENT;BLOCK;EUR;115;9.10000000;50000;EXCHANGE_LAST;;1;1;XEUR;7798350;1210;
05.05.2025;15:23:09.709;OESX SI 20250509 CS EU C 5200 0;SIMPLE_INSTRUMENT;BLOCK;EUR;117;88.50000000;2600;EXCHANGE_LAST;;1;1;XEUR;12896473;1210;
05.05.2025;15:23:46.829;OESX SI 20250516 CS EU C 5250 0;SIMPLE_INSTRUMENT;BLOCK;EUR;120;66.40000000;1750;EXCHANGE_LAST;;1;1;XEUR;11182802;1210;
05.05.2025;15:23:36.862;OESX SI 20250620 CS EU P 4550 0;SIMPLE_INSTRUMENT;BLOCK;EUR;121;15.90000000;7500;EXCHANGE_LAST;;1;1;XEUR;10940235;1210;
05.05.2025;15:23:38.244;OESX SI 20250620 CS EU P 4600 0;SIMPLE_INSTRUMENT;BLOCK;EUR;122;18.00000000;25000;EXCHANGE_LAST;;1;1;XEUR;7798338;1210;
05.05.2025;15:23:40.541;OESX SI 20250620 CS EU P 4550 0;SIMPLE_INSTRUMENT;BLOCK;EUR;123;16.00000000;17500;EXCHANGE_LAST;;1;1;XEUR;10940235;1210;
05.05.2025;15:39:00.933;OESX SI 20250620 CS EU P 5100 0;SIMPLE_INSTRUMENT;BLOCK;EUR;126;75.10000000;1000;EXCHANGE_LAST;;1;1;XEUR;8903910;1210;
05.05.2025;07:37:25.747;OESX.V.250505.RBER-U.000120;OPTION_VOLATILITY_STRATEGY;BLOCK;EUR;637534209;-33.50000000;10;EXCHANGE_LAST;;1;1;XEUR;72062790950249011;1210;
05.05.2025;07:37:25.747;OESX SI 20250919 CS EU P 4400 0;SIMPLE_INSTRUMENT;BLOCK;EUR;637534209;51.30000000;1000;PRC_DECOMP_MEMBER;;;;XEUR;8238255;1210;MEMBER
05.05.2025;07:37:25.747;FESX SI 20250620 CS;SIMPLE_INSTRUMENT;BLOCK;EUR;637534209;5240.00000000;90;PRC_DECOMP_MEMBER;;;;XEUR;7904020;1210;MEMBER
05.05.2025;07:37:25.747;OESX SI 20250919 CS EU P 3000 0;SIMPLE_INSTRUMENT;BLOCK;EUR;637534209;8.90000000;2000;PRC_DECOMP_MEMBER;;;;XEUR;8238352;1210;MEMBER
05.05.2025;08:18:55.521;OESX.V.250505.PUT+U.000153;OPTION_VOLATILITY_STRATEGY;BLOCK;EUR;637534216;196.00000000;10;EXCHANGE_LAST;;1;1;XEUR;72062790950249044;1210;
05.05.2025;08:18:55.521;OESX SI 20251219 CS EU P 5000 0;SIMPLE_INSTRUMENT;BLOCK;EUR;637534216;196.00000000;1250;PRC_DECOMP_MEMBER;;;;XEUR;2926966;1210;MEMBER
05.05.2025;08:18:55.521;FESX SI 20250620 CS;SIMPLE_INSTRUMENT;BLOCK;EUR;637534216;5240.00000000;50;PRC_DECOMP_MEMBER;;;;XEUR;7904020;1210;MEMBER
05.05.2025;08:24:59.063;OESX.V.250505.PUT+U.000153;OPTION_VOLATILITY_STRATEGY;BLOCK;EUR;637534218;196.00000000;20;EXCHANGE_LAST;;1;2;XEUR;72062790950249044;1210;
05.05.2025;08:24:59.063;OESX SI 20251219 CS EU P 5000 0;SIMPLE_INSTRUMENT;BLOCK;EUR;637534218;196.00000000;2500;PRC_DECOMP_MEMBER;;;;XEUR;2926966;1210;MEMBER
05.05.2025;08:24:59.063;FESX SI 20250620 CS;SIMPLE_INSTRUMENT;BLOCK;EUR;637534218;5240.00000000;100;PRC_DECOMP_MEMBER;;;;XEUR;7904020;1210;MEMBER
05.05.2025;08:29:35.363;OESX.V.250505.CALL-U.000123;OPTION_VOLATILITY_STRATEGY;BLOCK;EUR;637534220;4.20000000;10;EXCHANGE_LAST;;1;1;XEUR;72062790950249014;1210;
05.05.2025;08:29:35.363;FESX SI 20250620 CS;SIMPLE_INSTRUMENT;BLOCK;EUR;637534220;5240.00000000;30;PRC_DECOMP_MEMBER;;;;XEUR;7904020;1210;MEMBER
05.05.2025;08:29:35.363;OESX SI 20250620 CS EU C 5750 0;SIMPLE_INSTRUMENT;BLOCK;EUR;637534220;4.20000000;1000;PRC_DECOMP_MEMBER;;;;XEUR;11369487;1210;MEMBER
05.05.2025;08:28:23.942;OESX.V.250505.PUT+U.000165;OPTION_VOLATILITY_STRATEGY;BLOCK;EUR;637534221;18.60000000;15;EXCHANGE_LAST;;1;1;XEUR;72062790950249056;1210;
05.05.2025;08:28:23.942;FESX SI 20250620 CS;SIMPLE_INSTRUMENT;BLOCK;EUR;637534221;5240.00000000;240;PRC_DECOMP_EXCHANGE;;;;XEUR;7904020;1210;EXCHANGE
05.05.2025;08:28:23.942;OESX SI 20250516 CS EU P 5075 0;SIMPLE_INSTRUMENT;BLOCK;EUR;637534221;18.60000000;1500;PRC_DECOMP_EXCHANGE;;;;XEUR;11283379;1210;EXCHANGE
05.05.2025;08:57:32.339;OESX.V.250505.CALL-U.000191;OPTION_VOLATILITY_STRATEGY;BLOCK;EUR;637534222;34.50000000;15;EXCHANGE_LAST;;1;1;XEUR;72062790950249082;1210;
05.05.2025;08:57:32.339;FESX SI 20250620 CS;SIMPLE_INSTRUMENT;BLOCK;EUR;637534222;5230.00000000;495;PRC_DECOMP_MEMBER;;;;XEUR;7904020;1210;MEMBER
05.05.2025;08:57:32.339;OESX SI 20250516 CS EU C 5300 0;SIMPLE_INSTRUMENT;BLOCK;EUR;637534222;34.50000000;1500;PRC_DECOMP_MEMBER;;;;XEUR;11044578;1210;MEMBER
05.05.2025;09:12:33.177;OESX.V.250505.CALL-U.000123;OPTION_VOLATILITY_STRATEGY;BLOCK;EUR;637534228;4.20000000;10;EXCHANGE_LAST;;1;1;XEUR;72062790950249014;1210;
05.05.2025;09:12:33.177;OESX SI 20250620 CS EU C 5750 0;SIMPLE_INSTRUMENT;BLOCK;EUR;637534228;4.20000000;1000;PRC_DECOMP_MEMBER;;;;XEUR;11369487;1210;MEMBER
05.05.2025;09:12:33.177;FESX SI 20250620 CS;SIMPLE_INSTRUMENT;BLOCK;EUR;637534228;5240.00000000;30;PRC_DECOMP_MEMBER;;;;XEUR;7904020;1210;MEMBER
05.05.2025;09:41:30.306;OESX.V.250505.CALL-U.000243;OPTION_VOLATILITY_STRATEGY;BLOCK;EUR;637534229;200.00000000;2;EXCHANGE_LAST;;1;1;XEUR;72062790950249134;1210;
05.05.2025;09:41:30.306;OESX SI 20250620 CS EU C 5150 0;SIMPLE_INSTRUMENT;BLOCK;EUR;637534229;200.00000000;1462;PRC_DECOMP_EXCHANGE;;;;XEUR;11283764;1210;EXCHANGE
05.05.2025;09:41:30.306;FESX SI 20250620 CS;SIMPLE_INSTRUMENT;BLOCK;EUR;637534229;5234.00000000;190;PRC_DECOMP_EXCHANGE;;;;XEUR;7904020;1210;EXCHANGE
05.05.2025;09:42:47.956;OESX.V.250505.BU23+U.000244;OPTION_VOLATILITY_STRATEGY;BLOCK;EUR;637534231;-22.00000000;5;EXCHANGE_LAST;;1;1;XEUR;72062790950249135;1210;
05.05.2025;09:42:47.956;FESX SI 20250620 CS;SIMPLE_INSTRUMENT;BLOCK;EUR;637534231;5240.00000000;90;PRC_DECOMP_MEMBER;;;;XEUR;7904020;1210;MEMBER
05.05.2025;09:42:47.956;OESX SI 20250516 CS EU C 5325 0;SIMPLE_INSTRUMENT;BLOCK;EUR;637534231;29.00000000;1000;PRC_DECOMP_MEMBER;;;;XEUR;11283362;1210;MEMBER
05.05.2025;09:42:47.956;OESX SI 20250516 CS EU C 5400 0;SIMPLE_INSTRUMENT;BLOCK;EUR;637534231;12.00000000;1500;PRC_DECOMP_MEMBER;;;;XEUR;11044574;1210;MEMBER
05.05.2025;10:07:23.080;OESX.V.250505.BER+U.000241;OPTION_VOLATILITY_STRATEGY;BLOCK;EUR;637534233;54.00000000;10;EXCHANGE_LAST;;1;1;XEUR;72062790950249132;1210;
05.05.2025;10:07:23.080;OESX SI 20250516 CS EU P 4900 0;SIMPLE_INSTRUMENT;BLOCK;EUR;637534233;7.50000000;1000;PRC_DECOMP_MEMBER;;;;XEUR;11044570;1210;MEMBER
05.05.2025;10:07:23.080;FESX SI 20250620 CS;SIMPLE_INSTRUMENT;BLOCK;EUR;637534233;5240.00000000;420;PRC_DECOMP_MEMBER;;;;XEUR;7904020;1210;MEMBER
05.05.2025;10:07:23.080;OESX SI 20250516 CS EU P 5250 0;SIMPLE_INSTRUMENT;BLOCK;EUR;637534233;61.50000000;1000;PRC_DECOMP_MEMBER;;;;XEUR;11182806;1210;MEMBER
05.05.2025;10:21:50.975;OESX.V.250505.STD-U.000265;OPTION_VOLATILITY_STRATEGY;BLOCK;EUR;637534235;572.00000000;4;EXCHANGE_LAST;;1;1;XEUR;72062790950249156;1210;
05.05.2025;10:21:50.975;OESX SI 20251219 CS EU C 5300 0;SIMPLE_INSTRUMENT;BLOCK;EUR;637534235;264.00000000;1500;PRC_DECOMP_EXCHANGE;;;;XEUR;6981623;1210;EXCHANGE
05.05.2025;10:21:50.975;FESX SI 20250620 CS;SIMPLE_INSTRUMENT;BLOCK;EUR;637534235;5235.00000000;676;PRC_DECOMP_EXCHANGE;;;;XEUR;7904020;1210;EXCHANGE
05.05.2025;10:21:50.975;OESX SI 20251219 CS EU P 5300 0;SIMPLE_INSTRUMENT;BLOCK;EUR;637534235;308.00000000;1500;PRC_DECOMP_EXCHANGE;;;;XEUR;6981616;1210;EXCHANGE
05.05.2025;10:32:40.785;OESX.V.250505.PUT+U.000267;OPTION_VOLATILITY_STRATEGY;BLOCK;EUR;637534237;591.50000000;10;EXCHANGE_LAST;;1;1;XEUR;72062790950249158;1210;
05.05.2025;10:32:40.785;OESX SI 20291221 CS EU P 5000 0;SIMPLE_INSTRUMENT;BLOCK;EUR;637534237;591.50000000;1000;PRC_DECOMP_MEMBER;;;;XEUR;6809829;1210;MEMBER
05.05.2025;10:32:40.785;FESX SI 20250620 CS;SIMPLE_INSTRUMENT;BLOCK;EUR;637534237;5240.00000000;70;PRC_DECOMP_MEMBER;;;;XEUR;7904020;1210;MEMBER
05.05.2025;10:59:02.380;OESX.V.250505.COMBO+U.000268;OPTION_VOLATILITY_STRATEGY;BLOCK;EUR;637534245;38.50000000;20;EXCHANGE_LAST;;1;2;XEUR;72062790950249159;1210;
05.05.2025;10:59:02.380;FESX SI 20250620 CS;SIMPLE_INSTRUMENT;BLOCK;EUR;637534245;5230.00000000;1040;PRC_DECOMP_MEMBER;;;;XEUR;7904020;1210;MEMBER
05.05.2025;10:59:02.380;OESX SI 20250718 CS EU C 5500 0;SIMPLE_INSTRUMENT;BLOCK;EUR;637534245;52.90000000;2000;PRC_DECOMP_MEMBER;;;;XEUR;11369548;1210;MEMBER
05.05.2025;10:59:02.380;OESX SI 20250718 CS EU P 5000 0;SIMPLE_INSTRUMENT;BLOCK;EUR;637534245;91.40000000;2000;PRC_DECOMP_MEMBER;;;;XEUR;11369580;1210;MEMBER
05.05.2025;11:03:44.235;OESX.V.250505.BR23-U.000281;OPTION_VOLATILITY_STRATEGY;BLOCK;EUR;637534246;-6.00000000;5;EXCHANGE_LAST;;1;1;XEUR;72062790950249172;1210;
05.05.2025;11:03:44.235;OESX SI 20250620 CS EU P 4500 0;SIMPLE_INSTRUMENT;BLOCK;EUR;637534246;15.60000000;1000;PRC_DECOMP_EXCHANGE;;;;XEUR;7798342;1210;EXCHANGE
05.05.2025;11:03:44.235;FESX SI 20250620 CS;SIMPLE_INSTRUMENT;BLOCK;EUR;637534246;5235.00000000;20;PRC_DECOMP_EXCHANGE;;;;XEUR;7904020;1210;EXCHANGE
05.05.2025;11:03:44.235;OESX SI 20250620 CS EU P 4200 0;SIMPLE_INSTRUMENT;BLOCK;EUR;637534246;8.40000000;1500;PRC_DECOMP_EXCHANGE;;;;XEUR;7798353;1210;EXCHANGE
05.05.2025;11:12:39.003;OESX.V.250505.BER+U.000263;OPTION_VOLATILITY_STRATEGY;BLOCK;EUR;637534247;22.00000000;10;EXCHANGE_LAST;;1;1;XEUR;72062790950249154;1210;
05.05.2025;11:12:39.003;FESX SI 20250620 CS;SIMPLE_INSTRUMENT;BLOCK;EUR;637534247;5240.00000000;40;PRC_DECOMP_MEMBER;;;;XEUR;7904020;1210;MEMBER
05.05.2025;11:12:39.003;OESX SI 20251219 CS EU P 3100 0;SIMPLE_INSTRUMENT;BLOCK;EUR;637534247;19.00000000;1000;PRC_DECOMP_MEMBER;;;;XEUR;1596370;1210;MEMBER
05.05.2025;11:12:39.003;OESX SI 20251219 CS EU P 3800 0;SIMPLE_INSTRUMENT;BLOCK;EUR;637534247;41.00000000;1000;PRC_DECOMP_MEMBER;;;;XEUR;1861505;1210;MEMBER
05.05.2025;11:02:52.268;OESX.V.250505.RBER-U.000285;OPTION_VOLATILITY_STRATEGY;BLOCK;EUR;637534248;-19.50000000;20;EXCHANGE_LAST;;1;1;XEUR;72062790950249176;1210;
05.05.2025;11:02:52.268;OESX SI 20250620 CS EU P 5000 0;SIMPLE_INSTRUMENT;BLOCK;EUR;637534248;58.10000000;2000;PRC_DECOMP_MEMBER;;;;XEUR;8719757;1210;MEMBER
05.05.2025;11:02:52.268;OESX SI 20250620 CS EU P 4600 0;SIMPLE_INSTRUMENT;BLOCK;EUR;637534248;19.30000000;4000;PRC_DECOMP_MEMBER;;;;XEUR;7798338;1210;MEMBER
05.05.2025;11:02:52.268;FESX SI 20250620 CS;SIMPLE_INSTRUMENT;BLOCK;EUR;637534248;5240.00000000;160;PRC_DECOMP_MEMBER;;;;XEUR;7904020;1210;MEMBER
05.05.2025;11:09:14.071;OESX.V.250505.STG+U.000287;OPTION_VOLATILITY_STRATEGY;BLOCK;EUR;637534249;69.70000000;10;EXCHANGE_LAST;;1;1;XEUR;72062790950249178;1210;
05.05.2025;11:09:14.071;FESX SI 20250620 CS;SIMPLE_INSTRUMENT;BLOCK;EUR;637534249;5240.00000000;20;PRC_DECOMP_MEMBER;;;;XEUR;7904020;1210;MEMBER
05.05.2025;11:09:14.071;OESX SI 20251219 CS EU C 6200 0;SIMPLE_INSTRUMENT;BLOCK;EUR;637534249;17.70000000;1000;PRC_DECOMP_MEMBER;;;;XEUR;11114716;1210;MEMBER
05.05.2025;11:09:14.071;OESX SI 20251219 CS EU P 4000 0;SIMPLE_INSTRUMENT;BLOCK;EUR;637534249;52.00000000;1000;PRC_DECOMP_MEMBER;;;;XEUR;2165700;1210;MEMBER
05.05.2025;12:10:32.476;OESX.V.250505.BER+U.000310;OPTION_VOLATILITY_STRATEGY;BLOCK;EUR;637534250;49.50000000;10;EXCHANGE_LAST;;1;1;XEUR;72062790950249201;1210;
05.05.2025;12:10:32.476;OESX SI 20251219 CS EU P 5000 0;SIMPLE_INSTRUMENT;BLOCK;EUR;637534250;199.20000000;1000;PRC_DECOMP_MEMBER;;;;XEUR;2926966;1210;MEMBER
05.05.2025;12:10:32.476;OESX SI 20251219 CS EU P 4800 0;SIMPLE_INSTRUMENT;BLOCK;EUR;637534250;149.70000000;1000;PRC_DECOMP_MEMBER;;;;XEUR;2926965;1210;MEMBER
05.05.2025;12:10:32.476;FESX SI 20250620 CS;SIMPLE_INSTRUMENT;BLOCK;EUR;637534250;5230.00000000;80;PRC_DECOMP_MEMBER;;;;XEUR;7904020;1210;MEMBER
05.05.2025;12:10:39.429;OESX.V.250505.BER+U.000310;OPTION_VOLATILITY_STRATEGY;BLOCK;EUR;637534251;49.60000000;10;EXCHANGE_LAST;;1;1;XEUR;72062790950249201;1210;
05.05.2025;12:10:39.429;OESX SI 20251219 CS EU P 5000 0;SIMPLE_INSTRUMENT;BLOCK;EUR;637534251;199.30000000;1000;PRC_DECOMP_MEMBER;;;;XEUR;2926966;1210;MEMBER
05.05.2025;12:10:39.429;OESX SI 20251219 CS EU P 4800 0;SIMPLE_INSTRUMENT;BLOCK;EUR;637534251;149.70000000;1000;PRC_DECOMP_MEMBER;;;;XEUR;2926965;1210;MEMBER
05.05.2025;12:10:39.429;FESX SI 20250620 CS;SIMPLE_INSTRUMENT;BLOCK;EUR;637534251;5230.00000000;80;PRC_DECOMP_MEMBER;;;;XEUR;7904020;1210;MEMBER
05.05.2025;12:10:42.408;OESX.V.250505.CALL-U.000350;OPTION_VOLATILITY_STRATEGY;BLOCK;EUR;637534257;34.00000000;25;EXCHANGE_LAST;;1;2;XEUR;72062790950249241;1210;
05.05.2025;12:10:42.408;OESX SI 20250516 CS EU C 5300 0;SIMPLE_INSTRUMENT;BLOCK;EUR;637534257;34.00000000;2500;PRC_DECOMP_MEMBER;;;;XEUR;11044578;1210;MEMBER
05.05.2025;12:10:42.408;FESX SI 20250620 CS;SIMPLE_INSTRUMENT;BLOCK;EUR;637534257;5230.00000000;400;PRC_DECOMP_MEMBER;;;;XEUR;7904020;1210;MEMBER
05.05.2025;12:11:31.164;OESX.V.250505.STD-U.000354;OPTION_VOLATILITY_STRATEGY;BLOCK;EUR;637534259;503.50000000;10;EXCHANGE_LAST;;1;1;XEUR;72062790950249245;1210;
05.05.2025;12:11:31.164;OESX SI 20251017 CS EU C 5200 0;SIMPLE_INSTRUMENT;BLOCK;EUR;637534259;276.50000000;1000;PRC_DECOMP_MEMBER;;;;XEUR;11890884;1210;MEMBER
05.05.2025;12:11:31.164;FESX SI 20250620 CS;SIMPLE_INSTRUMENT;BLOCK;EUR;637534259;5230.00000000;110;PRC_DECOMP_MEMBER;;;;XEUR;7904020;1210;MEMBER
05.05.2025;12:11:31.164;OESX SI 20251017 CS EU P 5200 0;SIMPLE_INSTRUMENT;BLOCK;EUR;637534259;227.00000000;1000;PRC_DECOMP_MEMBER;;;;XEUR;11890883;1210;MEMBER
05.05.2025;12:34:41.524;OESX.V.250505.PUT+U.000368;OPTION_VOLATILITY_STRATEGY;BLOCK;EUR;637534270;116.20000000;15;EXCHANGE_LAST;;1;1;XEUR;72062790950249259;1210;
05.05.2025;12:34:41.524;OESX SI 20250919 CS EU P 4900 0;SIMPLE_INSTRUMENT;BLOCK;EUR;637534270;116.20000000;1500;PRC_DECOMP_EXCHANGE;;;;XEUR;8653357;1210;EXCHANGE
05.05.2025;12:34:41.524;FESX SI 20250620 CS;SIMPLE_INSTRUMENT;BLOCK;EUR;637534270;5240.00000000;405;PRC_DECOMP_EXCHANGE;;;;XEUR;7904020;1210;EXCHANGE
05.05.2025;12:34:59.312;OESX.V.250505.CALL-U.000369;OPTION_VOLATILITY_STRATEGY;BLOCK;EUR;637534271;325.40000000;50;EXCHANGE_LAST;;1;1;XEUR;72062790950249260;1210;
05.05.2025;12:34:59.312;FESX SI 20250620 CS;SIMPLE_INSTRUMENT;BLOCK;EUR;637534271;5240.00000000;3150;PRC_DECOMP_EXCHANGE;;;;XEUR;7904020;1210;EXCHANGE
05.05.2025;12:34:59.312;OESX SI 20250919 CS EU C 5100 0;SIMPLE_INSTRUMENT;BLOCK;EUR;637534271;325.40000000;5000;PRC_DECOMP_EXCHANGE;;;;XEUR;8903911;1210;EXCHANGE
05.05.2025;12:47:59.940;OESX.V.250505.PUT+U.000380;OPTION_VOLATILITY_STRATEGY;BLOCK;EUR;637534275;40.00000000;49;EXCHANGE_LAST;;1;1;XEUR;72062790950249271;1210;
05.05.2025;12:47:59.940;FESX SI 20250620 CS;SIMPLE_INSTRUMENT;BLOCK;EUR;637534275;5238.00000000;2254;PRC_DECOMP_EXCHANGE;;;;XEUR;7904020;1210;EXCHANGE
05.05.2025;12:47:59.940;OESX SI 20250718 CS EU P 4650 0;SIMPLE_INSTRUMENT;BLOCK;EUR;637534275;40.00000000;5194;PRC_DECOMP_EXCHANGE;;;;XEUR;11543630;1210;EXCHANGE
05.05.2025;13:02:22.065;OESX.V.250505.PUT+U.000383;OPTION_VOLATILITY_STRATEGY;BLOCK;EUR;637534279;15.10000000;15;EXCHANGE_LAST;;1;1;XEUR;72062790950249274;1210;
05.05.2025;13:02:22.065;OESX SI 20250516 CS EU P 5050 0;SIMPLE_INSTRUMENT;BLOCK;EUR;637534279;15.10000000;1500;PRC_DECOMP_EXCHANGE;;;;XEUR;11182769;1210;EXCHANGE
05.05.2025;13:02:22.065;FESX SI 20250620 CS;SIMPLE_INSTRUMENT;BLOCK;EUR;637534279;5237.00000000;450;PRC_DECOMP_EXCHANGE;;;;XEUR;7904020;1210;EXCHANGE
05.05.2025;13:03:09.735;OESX.D.250505.000346;NON_STANDARD_OVS;BLOCK;EUR;637534283;32010.00000000;10;EXCHANGE_LAST;;1;1;XEUR;72062790950249237;1210;
05.05.2025;13:03:09.735;OESX SI 20251219 CS EU P 4500 0;SIMPLE_INSTRUMENT;BLOCK;EUR;637534283;98.00000000;1000;PRC_DECOMP_MEMBER;;;;XEUR;2926972;1210;MEMBER
05.05.2025;13:03:09.735;OESX SI 20251219 CS EU P 4900 0;SIMPLE_INSTRUMENT;BLOCK;EUR;637534283;170.20000000;1000;PRC_DECOMP_MEMBER;;;;XEUR;2926971;1210;MEMBER
05.05.2025;13:03:09.735;FESX SI 20250620 CS;SIMPLE_INSTRUMENT;BLOCK;EUR;637534283;5240.00000000;560;PRC_DECOMP_MEMBER;;;;XEUR;7904020;1210;MEMBER
05.05.2025;13:03:09.735;OESX SI 20251219 CS EU P 4000 0;SIMPLE_INSTRUMENT;BLOCK;EUR;637534283;51.90000000;1000;PRC_DECOMP_MEMBER;;;;XEUR;2165700;1210;MEMBER
05.05.2025;13:34:46.883;OESX.V.250505.CALL-U.000408;OPTION_VOLATILITY_STRATEGY;BLOCK;EUR;637534284;591.00000000;10;EXCHANGE_LAST;;1;1;XEUR;72062790950249299;1210;
05.05.2025;13:34:46.883;FESX SI 20250620 CS;SIMPLE_INSTRUMENT;BLOCK;EUR;637534284;5240.00000000;280;PRC_DECOMP_MEMBER;;;;XEUR;7904020;1210;MEMBER
05.05.2025;13:34:46.883;OESX SI 20261218 CS EU C 5000 0;SIMPLE_INSTRUMENT;BLOCK;EUR;637534284;591.00000000;1000;PRC_DECOMP_MEMBER;;;;XEUR;3156687;1210;MEMBER
05.05.2025;13:36:54.068;OESX.V.250505.CALL-U.000418;OPTION_VOLATILITY_STRATEGY;BLOCK;EUR;637534291;66.00000000;45;EXCHANGE_LAST;;3;2;XEUR;72062790950249309;1210;
05.05.2025;13:36:54.068;OESX SI 20250516 CS EU C 5250 0;SIMPLE_INSTRUMENT;BLOCK;EUR;637534291;66.00000000;4500;PRC_DECOMP_MEMBER;;;;XEUR;11182802;1210;MEMBER
05.05.2025;13:36:54.068;FESX SI 20250620 CS;SIMPLE_INSTRUMENT;BLOCK;EUR;637534291;5250.00000000;4455;PRC_DECOMP_MEMBER;;;;XEUR;7904020;1210;MEMBER
05.05.2025;13:37:04.763;OESX.V.250505.PUT+U.000419;OPTION_VOLATILITY_STRATEGY;BLOCK;EUR;637534293;56.30000000;45;EXCHANGE_LAST;;2;3;XEUR;72062790950249310;1210;
05.05.2025;13:37:04.763;FESX SI 20250620 CS;SIMPLE_INSTRUMENT;BLOCK;EUR;637534293;5245.00000000;45;PRC_DECOMP_MEMBER;;;;XEUR;7904020;1210;MEMBER
05.05.2025;13:37:04.763;OESX SI 20250516 CS EU P 5250 0;SIMPLE_INSTRUMENT;BLOCK;EUR;637534293;56.30000000;4500;PRC_DECOMP_MEMBER;;;;XEUR;11182806;1210;MEMBER
05.05.2025;14:04:18.355;OESX.V.250505.PUT+U.000450;OPTION_VOLATILITY_STRATEGY;BLOCK;EUR;637534302;8.80000000;10;EXCHANGE_LAST;;1;1;XEUR;72062790950249341;1210;
05.05.2025;14:04:18.355;OESX SI 20250516 CS EU P 4950 0;SIMPLE_INSTRUMENT;BLOCK;EUR;637534302;8.80000000;1000;PRC_DECOMP_EXCHANGE;;;;XEUR;11094621;1210;EXCHANGE
05.05.2025;14:04:18.355;FESX SI 20250620 CS;SIMPLE_INSTRUMENT;BLOCK;EUR;637534302;5240.00000000;80;PRC_DECOMP_EXCHANGE;;;;XEUR;7904020;1210;EXCHANGE
05.05.2025;14:18:06.037;OESX.V.250505.BER+U.000454;OPTION_VOLATILITY_STRATEGY;BLOCK;EUR;637534307;31.50000000;20;EXCHANGE_LAST;;1;2;XEUR;72062790950249345;1210;
05.05.2025;14:18:06.037;OESX SI 20271217 CS EU P 3000 0;SIMPLE_INSTRUMENT;BLOCK;EUR;637534307;87.60000000;2000;PRC_DECOMP_MEMBER;;;;XEUR;2932494;1210;MEMBER
05.05.2025;14:18:06.037;OESX SI 20271217 CS EU P 2500 0;SIMPLE_INSTRUMENT;BLOCK;EUR;637534307;56.10000000;2000;PRC_DECOMP_MEMBER;;;;XEUR;2953308;1210;MEMBER
05.05.2025;14:18:06.037;FESX SI 20250620 CS;SIMPLE_INSTRUMENT;BLOCK;EUR;637534307;5230.00000000;40;PRC_DECOMP_MEMBER;;;;XEUR;7904020;1210;MEMBER
05.05.2025;14:40:12.781;OESX.V.250505.CDIA+U.000481;OPTION_VOLATILITY_STRATEGY;BLOCK;EUR;637534309;-69.00000000;6;EXCHANGE_LAST;;1;1;XEUR;72062790950249372;1210;
05.05.2025;14:40:12.781;OESX SI 20250516 CS EU C 5200 0;SIMPLE_INSTRUMENT;BLOCK;EUR;637534309;99.70000000;1050;PRC_DECOMP_EXCHANGE;;;;XEUR;11044580;1210;EXCHANGE
05.05.2025;14:40:12.781;OESX SI 20250620 CS EU C 5500 0;SIMPLE_INSTRUMENT;BLOCK;EUR;637534309;30.70000000;1050;PRC_DECOMP_EXCHANGE;;;;XEUR;9746591;1210;EXCHANGE
05.05.2025;14:40:12.781;FESX SI 20250620 CS;SIMPLE_INSTRUMENT;BLOCK;EUR;637534309;5251.00000000;528;PRC_DECOMP_EXCHANGE;;;;XEUR;7904020;1210;EXCHANGE
05.05.2025;14:54:09.639;OESX.V.250505.PUT+U.000509;OPTION_VOLATILITY_STRATEGY;BLOCK;EUR;637534311;161.00000000;10;EXCHANGE_LAST;;1;1;XEUR;72062790950249400;1210;
05.05.2025;14:54:09.639;FESX SI 20250620 CS;SIMPLE_INSTRUMENT;BLOCK;EUR;637534311;5250.00000000;240;PRC_DECOMP_MEMBER;;;;XEUR;7904020;1210;MEMBER
05.05.2025;14:54:09.639;OESX SI 20260320 CS EU P 4700 0;SIMPLE_INSTRUMENT;BLOCK;EUR;637534311;161.00000000;1000;PRC_DECOMP_MEMBER;;;;XEUR;9057324;1210;MEMBER
05.05.2025;14:54:44.413;OESX.V.250505.CALL-U.000506;OPTION_VOLATILITY_STRATEGY;BLOCK;EUR;637534315;211.00000000;15;EXCHANGE_LAST;;1;1;XEUR;72062790950249397;1210;
05.05.2025;14:54:44.413;FESX SI 20250620 CS;SIMPLE_INSTRUMENT;BLOCK;EUR;637534315;5240.00000000;510;PRC_DECOMP_MEMBER;;;;XEUR;7904020;1210;MEMBER
05.05.2025;14:54:44.413;OESX SI 20261218 CS EU C 5800 0;SIMPLE_INSTRUMENT;BLOCK;EUR;637534315;211.00000000;1500;PRC_DECOMP_MEMBER;;;;XEUR;10708036;1210;MEMBER
05.05.2025;14:54:57.755;OESX.V.250505.CALL-U.000514;OPTION_VOLATILITY_STRATEGY;BLOCK;EUR;637534316;429.50000000;20;EXCHANGE_LAST;;1;1;XEUR;72062790950249405;1210;
05.05.2025;14:54:57.755;FESX SI 20250620 CS;SIMPLE_INSTRUMENT;BLOCK;EUR;637534316;5250.00000000;1040;PRC_DECOMP_EXCHANGE;;;;XEUR;7904020;1210;EXCHANGE
05.05.2025;14:54:57.755;OESX SI 20261218 CS EU C 5300 0;SIMPLE_INSTRUMENT;BLOCK;EUR;637534316;429.50000000;2000;PRC_DECOMP_EXCHANGE;;;;XEUR;6981617;1210;EXCHANGE
05.05.2025;15:01:24.673;OESX.V.250505.CALL-U.000523;OPTION_VOLATILITY_STRATEGY;BLOCK;EUR;637534318;29.60000000;10;EXCHANGE_LAST;;1;1;XEUR;72062790950249414;1210;
05.05.2025;15:01:24.673;OESX SI 20250620 CS EU C 5500 0;SIMPLE_INSTRUMENT;BLOCK;EUR;637534318;29.60000000;1000;PRC_DECOMP_EXCHANGE;;;;XEUR;9746591;1210;EXCHANGE
05.05.2025;15:01:24.673;FESX SI 20250620 CS;SIMPLE_INSTRUMENT;BLOCK;EUR;637534318;5255.00000000;200;PRC_DECOMP_EXCHANGE;;;;XEUR;7904020;1210;EXCHANGE
05.05.2025;15:18:44.273;OESX.V.250505.PUT+U.000536;OPTION_VOLATILITY_STRATEGY;BLOCK;EUR;637534320;469.00000000;20;EXCHANGE_LAST;;1;2;XEUR;72062790950249427;1210;
05.05.2025;15:18:44.273;OESX SI 20271217 CS EU P 5000 0;SIMPLE_INSTRUMENT;BLOCK;EUR;637534320;469.00000000;2000;PRC_DECOMP_MEMBER;;;;XEUR;4396981;1210;MEMBER
05.05.2025;15:18:44.273;FESX SI 20250620 CS;SIMPLE_INSTRUMENT;BLOCK;EUR;637534320;5240.00000000;740;PRC_DECOMP_MEMBER;;;;XEUR;7904020;1210;MEMBER
05.05.2025;15:14:16.794;OESX.V.250505.STD-U.000537;OPTION_VOLATILITY_STRATEGY;BLOCK;EUR;637534321;795.60000000;16;EXCHANGE_LAST;;1;1;XEUR;72062790950249428;1210;
05.05.2025;15:14:16.794;OESX SI 20260320 CS EU C 4900 0;SIMPLE_INSTRUMENT;BLOCK;EUR;637534321;595.60000000;1600;PRC_DECOMP_MEMBER;;;;XEUR;9057318;1210;MEMBER
05.05.2025;15:14:16.794;FESX SI 20250620 CS;SIMPLE_INSTRUMENT;BLOCK;EUR;637534321;5255.00000000;624;PRC_DECOMP_MEMBER;;;;XEUR;7904020;1210;MEMBER
05.05.2025;15:14:16.794;OESX SI 20260320 CS EU P 4900 0;SIMPLE_INSTRUMENT;BLOCK;EUR;637534321;200.00000000;1600;PRC_DECOMP_MEMBER;;;;XEUR;9057317;1210;MEMBER
05.05.2025;15:22:45.006;OESX.V.250505.PDIA+U.000544;OPTION_VOLATILITY_STRATEGY;BLOCK;EUR;637534326;190.40000000;15;EXCHANGE_LAST;;1;1;XEUR;72062790950249435;1210;
05.05.2025;15:22:45.006;FESX SI 20250620 CS;SIMPLE_INSTRUMENT;BLOCK;EUR;637534326;5250.00000000;420;PRC_DECOMP_EXCHANGE;;;;XEUR;7904020;1210;EXCHANGE
05.05.2025;15:22:45.006;OESX SI 20251219 CS EU P 5200 0;SIMPLE_INSTRUMENT;BLOCK;EUR;637534326;255.50000000;1500;PRC_DECOMP_EXCHANGE;;;;XEUR;6849947;1210;EXCHANGE
05.05.2025;15:22:45.006;OESX SI 20250919 CS EU P 4600 0;SIMPLE_INSTRUMENT;BLOCK;EUR;637534326;65.10000000;1500;PRC_DECOMP_EXCHANGE;;;;XEUR;8238242;1210;EXCHANGE
05.05.2025;15:23:24.482;OESX.V.250505.COMBO+U.000545;OPTION_VOLATILITY_STRATEGY;BLOCK;EUR;637534327;24.00000000;15;EXCHANGE_LAST;;1;1;XEUR;72062790950249436;1210;
05.05.2025;15:23:24.482;OESX SI 20250718 CS EU C 5450 0;SIMPLE_INSTRUMENT;BLOCK;EUR;637534327;71.40000000;1500;PRC_DECOMP_MEMBER;;;;XEUR;11543520;1210;MEMBER
05.05.2025;15:23:24.482;OESX SI 20250718 CS EU P 5050 0;SIMPLE_INSTRUMENT;BLOCK;EUR;637534327;95.40000000;1500;PRC_DECOMP_MEMBER;;;;XEUR;11543499;1210;MEMBER
05.05.2025;15:23:24.482;FESX SI 20250620 CS;SIMPLE_INSTRUMENT;BLOCK;EUR;637534327;5250.00000000;930;PRC_DECOMP_MEMBER;;;;XEUR;7904020;1210;MEMBER
05.05.2025;15:28:09.125;OESX.V.250505.PUT+U.000509;OPTION_VOLATILITY_STRATEGY;BLOCK;EUR;637534332;161.00000000;10;EXCHANGE_LAST;;1;1;XEUR;72062790950249400;1210;
05.05.2025;15:28:09.125;OESX SI 20260320 CS EU P 4700 0;SIMPLE_INSTRUMENT;BLOCK;EUR;637534332;161.00000000;1000;PRC_DECOMP_MEMBER;;;;XEUR;9057324;1210;MEMBER
05.05.2025;15:28:09.125;FESX SI 20250620 CS;SIMPLE_INSTRUMENT;BLOCK;EUR;637534332;5250.00000000;240;PRC_DECOMP_MEMBER;;;;XEUR;7904020;1210;MEMBER
05.05.2025;15:25:23.187;OESX.V.250505.COMBO+U.000357;OPTION_VOLATILITY_STRATEGY;BLOCK;EUR;637534333;70.00000000;20;EXCHANGE_LAST;;1;1;XEUR;72062790950249248;1210;
05.05.2025;15:25:23.187;FESX SI 20250620 CS;SIMPLE_INSTRUMENT;BLOCK;EUR;637534333;5230.00000000;1320;PRC_DECOMP_MEMBER;;;;XEUR;7904020;1210;MEMBER
05.05.2025;15:25:23.187;OESX SI 20251219 CS EU P 5000 0;SIMPLE_INSTRUMENT;BLOCK;EUR;637534333;200.00000000;2000;PRC_DECOMP_MEMBER;;;;XEUR;2926966;1210;MEMBER
05.05.2025;15:25:23.187;OESX SI 20251219 CS EU C 5600 0;SIMPLE_INSTRUMENT;BLOCK;EUR;637534333;130.00000000;2000;PRC_DECOMP_MEMBER;;;;XEUR;6744212;1210;MEMBER
05.05.2025;13:34:15.992;OEXD.O.250505.BU23.000003;STANDARD_OPTION_STRATEGY;BLOCK;EUR;6;-2.55000000;250;EXCHANGE_LAST;;1;1;XEUR;72063495323013831;1374;
05.05.2025;13:34:15.992;OEXD SI 20261218 CS EU C 160 0;SIMPLE_INSTRUMENT;BLOCK;EUR;6;4.53000000;500;PRC_DECOMP_EXCHANGE;;;;XEUR;7366325;1374;EXCHANGE
05.05.2025;13:34:15.992;OEXD SI 20261218 CS EU C 165 0;SIMPLE_INSTRUMENT;BLOCK;EUR;6;2.17000000;750;PRC_DECOMP_EXCHANGE;;;;XEUR;9667175;1374;EXCHANGE
05.05.2025;14:15:07.223;OEXP SI 20250506 CS EU C 5250 0;SIMPLE_INSTRUMENT;BLOCK;EUR;95;34.00000000;1800;EXCHANGE_LAST;;1;1;XEUR;13335751;705791;
05.05.2025;14:15:19.276;OEXP SI 20250508 CS EU C 5350 0;SIMPLE_INSTRUMENT;BLOCK;EUR;97;7.30000000;2250;EXCHANGE_LAST;;1;1;XEUR;13340249;705791;
05.05.2025;14:15:24.301;OEXP SI 20250508 CS EU C 5350 0;SIMPLE_INSTRUMENT;BLOCK;EUR;98;7.50000000;2750;EXCHANGE_LAST;;1;1;XEUR;13340249;705791;
05.05.2025;14:15:14.133;OEXP.V.250505.CALL-U.000030;OPTION_VOLATILITY_STRATEGY;BLOCK;EUR;637534304;33.00000000;50;EXCHANGE_LAST;;1;1;XEUR;75088943300758503;705791;
05.05.2025;14:15:14.133;FESX SI 20250620 CS;SIMPLE_INSTRUMENT;BLOCK;EUR;637534304;5240.00000000;450;PRC_DECOMP_EXCHANGE;;;;XEUR;7904020;705791;EXCHANGE
05.05.2025;14:15:14.133;OEXP SI 20250508 CS EU C 5270 0;SIMPLE_INSTRUMENT;BLOCK;EUR;637534304;33.00000000;5000;PRC_DECOMP_EXCHANGE;;;;XEUR;13340214;705791;EXCHANGE
05.05.2025;15:23:04.099;OEXP.V.250505.CALL-U.000039;OPTION_VOLATILITY_STRATEGY;BLOCK;EUR;637534324;91.20000000;26;EXCHANGE_LAST;;1;1;XEUR;75088943300758512;705791;
05.05.2025;15:23:04.099;OEXP SI 20250508 CS EU C 5200 0;SIMPLE_INSTRUMENT;BLOCK;EUR;637534324;91.20000000;2600;PRC_DECOMP_EXCHANGE;;;;XEUR;13340339;705791;EXCHANGE
05.05.2025;15:23:04.099;FESX SI 20250620 CS;SIMPLE_INSTRUMENT;BLOCK;EUR;637534324;5250.00000000;78;PRC_DECOMP_EXCHANGE;;;;XEUR;7904020;705791;EXCHANGE
05.05.2025;06:14:23.850;OGBL.O.250505.BUL.000015;STANDARD_OPTION_STRATEGY;BLOCK;EUR;3;0.02000000;200;EXCHANGE_LAST;;1;1;XEUR;72063491028592364;1373;
05.05.2025;06:14:23.850;OGBL SI 20250509 PS AM C 133.00 0;SIMPLE_INSTRUMENT;BLOCK;EUR;3;0.03000000;200;PRC_DECOMP_MEMBER;;;;XEUR;13105575;1373;MEMBER
05.05.2025;06:14:23.850;OGBL SI 20250509 PS AM C 133.50 0;SIMPLE_INSTRUMENT;BLOCK;EUR;3;0.01000000;200;PRC_DECOMP_MEMBER;;;;XEUR;13105569;1373;MEMBER
05.05.2025;06:37:33.360;OGBL.O.250505.BER.000014;STANDARD_OPTION_STRATEGY;BLOCK;EUR;6;0.20000000;500;EXCHANGE_LAST;;1;1;XEUR;72063491028592363;1373;
05.05.2025;06:37:33.360;OGBL SI 20250509 PS AM P 130.50 0;SIMPLE_INSTRUMENT;BLOCK;EUR;6;0.25000000;500;PRC_DECOMP_EXCHANGE;;;;XEUR;13105580;1373;EXCHANGE
05.05.2025;06:37:33.360;OGBL SI 20250509 PS AM P 129.50 0;SIMPLE_INSTRUMENT;BLOCK;EUR;6;0.05000000;500;PRC_DECOMP_EXCHANGE;;;;XEUR;13105462;1373;EXCHANGE
05.05.2025;07:34:14.519;OGBL SI 20250516 PS AM C 131.50 0;SIMPLE_INSTRUMENT;BLOCK;EUR;7;0.40000000;100;EXCHANGE_LAST;;1;1;XEUR;13151289;1373;
05.05.2025;08:22:09.181;OGBL.O.250505.CCOND.000010;STANDARD_OPTION_STRATEGY;BLOCK;EUR;14;0.24000000;2500;EXCHANGE_LAST;;1;1;XEUR;72063491028592359;1373;
05.05.2025;08:22:09.181;OGBL SI 20250523 PS AM C 132.00 0;SIMPLE_INSTRUMENT;BLOCK;EUR;14;0.39000000;2500;PRC_DECOMP_MEMBER;;;;XEUR;12315252;1373;MEMBER
05.05.2025;08:22:09.181;OGBL SI 20250523 PS AM C 136.50 0;SIMPLE_INSTRUMENT;BLOCK;EUR;14;0.01000000;2500;PRC_DECOMP_MEMBER;;;;XEUR;12315353;1373;MEMBER
05.05.2025;08:22:09.181;OGBL SI 20250523 PS AM C 133.50 0;SIMPLE_INSTRUMENT;BLOCK;EUR;14;0.12000000;2500;PRC_DECOMP_MEMBER;;;;XEUR;12315384;1373;MEMBER
05.05.2025;08:22:09.181;OGBL SI 20250523 PS AM C 135.00 0;SIMPLE_INSTRUMENT;BLOCK;EUR;14;0.04000000;2500;PRC_DECOMP_MEMBER;;;;XEUR;12315366;1373;MEMBER
05.05.2025;08:22:30.270;OGBL.O.250505.CCOND.000010;STANDARD_OPTION_STRATEGY;BLOCK;EUR;15;0.25000000;2500;EXCHANGE_LAST;;1;1;XEUR;72063491028592359;1373;
05.05.2025;08:22:30.270;OGBL SI 20250523 PS AM C 133.50 0;SIMPLE_INSTRUMENT;BLOCK;EUR;15;0.12000000;2500;PRC_DECOMP_MEMBER;;;;XEUR;12315384;1373;MEMBER
05.05.2025;08:22:30.270;OGBL SI 20250523 PS AM C 132.00 0;SIMPLE_INSTRUMENT;BLOCK;EUR;15;0.39000000;2500;PRC_DECOMP_MEMBER;;;;XEUR;12315252;1373;MEMBER
05.05.2025;08:22:30.270;OGBL SI 20250523 PS AM C 136.50 0;SIMPLE_INSTRUMENT;BLOCK;EUR;15;0.02000000;2500;PRC_DECOMP_MEMBER;;;;XEUR;12315353;1373;MEMBER
05.05.2025;08:22:30.270;OGBL SI 20250523 PS AM C 135.00 0;SIMPLE_INSTRUMENT;BLOCK;EUR;15;0.04000000;2500;PRC_DECOMP_MEMBER;;;;XEUR;12315366;1373;MEMBER
05.05.2025;08:20:25.263;OGBL.O.250505.CCOND.000010;STANDARD_OPTION_STRATEGY;BLOCK;EUR;16;0.25000000;2500;EXCHANGE_LAST;;1;1;XEUR;72063491028592359;1373;
05.05.2025;08:20:25.263;OGBL SI 20250523 PS AM C 136.50 0;SIMPLE_INSTRUMENT;BLOCK;EUR;16;0.02000000;2500;PRC_DECOMP_MEMBER;;;;XEUR;12315353;1373;MEMBER
05.05.2025;08:20:25.263;OGBL SI 20250523 PS AM C 133.50 0;SIMPLE_INSTRUMENT;BLOCK;EUR;16;0.12000000;2500;PRC_DECOMP_MEMBER;;;;XEUR;12315384;1373;MEMBER
05.05.2025;08:20:25.263;OGBL SI 20250523 PS AM C 135.00 0;SIMPLE_INSTRUMENT;BLOCK;EUR;16;0.04000000;2500;PRC_DECOMP_MEMBER;;;;XEUR;12315366;1373;MEMBER
05.05.2025;08:20:25.263;OGBL SI 20250523 PS AM C 132.00 0;SIMPLE_INSTRUMENT;BLOCK;EUR;16;0.39000000;2500;PRC_DECOMP_MEMBER;;;;XEUR;12315252;1373;MEMBER
05.05.2025;08:20:14.385;OGBL.O.250505.CCOND.000010;STANDARD_OPTION_STRATEGY;BLOCK;EUR;17;0.24000000;2500;EXCHANGE_LAST;;1;1;XEUR;72063491028592359;1373;
05.05.2025;08:20:14.385;OGBL SI 20250523 PS AM C 133.50 0;SIMPLE_INSTRUMENT;BLOCK;EUR;17;0.12000000;2500;PRC_DECOMP_MEMBER;;;;XEUR;12315384;1373;MEMBER
05.05.2025;08:20:14.385;OGBL SI 20250523 PS AM C 136.50 0;SIMPLE_INSTRUMENT;BLOCK;EUR;17;0.01000000;2500;PRC_DECOMP_MEMBER;;;;XEUR;12315353;1373;MEMBER
05.05.2025;08:20:14.385;OGBL SI 20250523 PS AM C 132.00 0;SIMPLE_INSTRUMENT;BLOCK;EUR;17;0.39000000;2500;PRC_DECOMP_MEMBER;;;;XEUR;12315252;1373;MEMBER
05.05.2025;08:20:14.385;OGBL SI 20250523 PS AM C 135.00 0;SIMPLE_INSTRUMENT;BLOCK;EUR;17;0.04000000;2500;PRC_DECOMP_MEMBER;;;;XEUR;12315366;1373;MEMBER
05.05.2025;12:39:20.072;OGBL.O.250505.BER.000051;STANDARD_OPTION_STRATEGY;BLOCK;EUR;21;0.35000000;250;EXCHANGE_LAST;;1;1;XEUR;72063491028592400;1373;
05.05.2025;12:39:20.072;OGBL SI 20250523 PS AM P 129.00 0;SIMPLE_INSTRUMENT;BLOCK;EUR;21;0.15000000;250;PRC_DECOMP_EXCHANGE;;;;XEUR;12315233;1373;EXCHANGE
05.05.2025;12:39:20.072;OGBL SI 20250523 PS AM P 130.50 0;SIMPLE_INSTRUMENT;BLOCK;EUR;21;0.50000000;250;PRC_DECOMP_EXCHANGE;;;;XEUR;12315262;1373;EXCHANGE
05.05.2025;12:49:16.031;OGBL.O.250505.BER.000051;STANDARD_OPTION_STRATEGY;BLOCK;EUR;23;0.36000000;1000;EXCHANGE_LAST;;1;1;XEUR;72063491028592400;1373;
05.05.2025;12:49:16.031;OGBL SI 20250523 PS AM P 130.50 0;SIMPLE_INSTRUMENT;BLOCK;EUR;23;0.50000000;1000;PRC_DECOMP_EXCHANGE;;;;XEUR;12315262;1373;EXCHANGE
05.05.2025;12:49:16.031;OGBL SI 20250523 PS AM P 129.00 0;SIMPLE_INSTRUMENT;BLOCK;EUR;23;0.14000000;1000;PRC_DECOMP_EXCHANGE;;;;XEUR;12315233;1373;EXCHANGE
05.05.2025;12:50:28.544;OGBL.O.250505.BUL.000097;STANDARD_OPTION_STRATEGY;BLOCK;EUR;24;1.03000000;200;EXCHANGE_LAST;;1;1;XEUR;72063491028592446;1373;
05.05.2025;12:50:28.544;OGBL SI 20250523 PS AM C 130.00 0;SIMPLE_INSTRUMENT;BLOCK;EUR;24;1.46000000;200;PRC_DECOMP_EXCHANGE;;;;XEUR;12315264;1373;EXCHANGE
05.05.2025;12:50:28.544;OGBL SI 20250523 PS AM C 132.00 0;SIMPLE_INSTRUMENT;BLOCK;EUR;24;0.43000000;200;PRC_DECOMP_EXCHANGE;;;;XEUR;12315252;1373;EXCHANGE
05.05.2025;13:08:45.661;OGBL.O.250505.RBER.000090;STANDARD_OPTION_STRATEGY;BLOCK;EUR;25;0.00000000;1000;EXCHANGE_LAST;;1;1;XEUR;72063491028592439;1373;
05.05.2025;13:08:45.661;OGBL SI 20250509 PS AM P 130.50 0;SIMPLE_INSTRUMENT;BLOCK;EUR;25;0.21000000;2000;PRC_DECOMP_EXCHANGE;;;;XEUR;13105580;1373;EXCHANGE
05.05.2025;13:08:45.661;OGBL SI 20250509 PS AM P 131.00 0;SIMPLE_INSTRUMENT;BLOCK;EUR;25;0.42000000;1000;PRC_DECOMP_EXCHANGE;;;;XEUR;13105582;1373;EXCHANGE
05.05.2025;13:51:07.130;OGBL SI 20250509 PS AM P 128.00 0;SIMPLE_INSTRUMENT;BLOCK;EUR;26;0.01000000;3000;EXCHANGE_LAST;;1;1;XEUR;13105472;1373;
05.05.2025;13:51:21.131;OGBL SI 20250509 PS AM P 128.00 0;SIMPLE_INSTRUMENT;BLOCK;EUR;27;0.02000000;1000;EXCHANGE_LAST;;1;1;XEUR;13105472;1373;
05.05.2025;14:12:20.359;OGBL.O.250505.BER.000116;STANDARD_OPTION_STRATEGY;BLOCK;EUR;31;0.27000000;100;EXCHANGE_LAST;;1;1;XEUR;72063491028592465;1373;
05.05.2025;14:12:20.359;OGBL SI 20250523 PS AM P 128.50 0;SIMPLE_INSTRUMENT;BLOCK;EUR;31;0.10000000;100;PRC_DECOMP_EXCHANGE;;;;XEUR;12315235;1373;EXCHANGE
05.05.2025;14:12:20.359;OGBL SI 20250523 PS AM P 130.00 0;SIMPLE_INSTRUMENT;BLOCK;EUR;31;0.37000000;100;PRC_DECOMP_EXCHANGE;;;;XEUR;12315266;1373;EXCHANGE
05.05.2025;14:12:29.783;OGBL.O.250505.BER.000116;STANDARD_OPTION_STRATEGY;BLOCK;EUR;32;0.28000000;100;EXCHANGE_LAST;;1;1;XEUR;72063491028592465;1373;
05.05.2025;14:12:29.783;OGBL SI 20250523 PS AM P 128.50 0;SIMPLE_INSTRUMENT;BLOCK;EUR;32;0.10000000;100;PRC_DECOMP_EXCHANGE;;;;XEUR;12315235;1373;EXCHANGE
05.05.2025;14:12:29.783;OGBL SI 20250523 PS AM P 130.00 0;SIMPLE_INSTRUMENT;BLOCK;EUR;32;0.38000000;100;PRC_DECOMP_EXCHANGE;;;;XEUR;12315266;1373;EXCHANGE
05.05.2025;14:41:50.210;OGBL.O.250505.BUL.000125;STANDARD_OPTION_STRATEGY;BLOCK;EUR;34;0.28000000;125;EXCHANGE_LAST;;1;1;XEUR;72063491028592474;1373;
05.05.2025;14:41:50.210;OGBL SI 20250523 PS AM C 134.00 0;SIMPLE_INSTRUMENT;BLOCK;EUR;34;0.08000000;125;PRC_DECOMP_EXCHANGE;;;;XEUR;12315377;1373;EXCHANGE
05.05.2025;14:41:50.210;OGBL SI 20250523 PS AM C 132.00 0;SIMPLE_INSTRUMENT;BLOCK;EUR;34;0.36000000;125;PRC_DECOMP_EXCHANGE;;;;XEUR;12315252;1373;EXCHANGE
05.05.2025;14:42:00.861;OGBL.O.250505.BUL.000125;STANDARD_OPTION_STRATEGY;BLOCK;EUR;35;0.29000000;125;EXCHANGE_LAST;;1;1;XEUR;72063491028592474;1373;
05.05.2025;14:42:00.861;OGBL SI 20250523 PS AM C 132.00 0;SIMPLE_INSTRUMENT;BLOCK;EUR;35;0.37000000;125;PRC_DECOMP_EXCHANGE;;;;XEUR;12315252;1373;EXCHANGE
05.05.2025;14:42:00.861;OGBL SI 20250523 PS AM C 134.00 0;SIMPLE_INSTRUMENT;BLOCK;EUR;35;0.08000000;125;PRC_DECOMP_EXCHANGE;;;;XEUR;12315377;1373;EXCHANGE
05.05.2025;14:42:14.434;OGBL.O.250505.BUL.000120;STANDARD_OPTION_STRATEGY;BLOCK;EUR;36;0.09000000;125;EXCHANGE_LAST;;1;1;XEUR;72063491028592469;1373;
05.05.2025;14:42:14.434;OGBL SI 20250523 PS AM C 133.50 0;SIMPLE_INSTRUMENT;BLOCK;EUR;36;0.11000000;125;PRC_DECOMP_EXCHANGE;;;;XEUR;12315384;1373;EXCHANGE
05.05.2025;14:42:14.434;OGBL SI 20250523 PS AM C 136.50 0;SIMPLE_INSTRUMENT;BLOCK;EUR;36;0.02000000;125;PRC_DECOMP_EXCHANGE;;;;XEUR;12315353;1373;EXCHANGE
05.05.2025;14:42:13.454;OGBL.O.250505.BUL.000120;STANDARD_OPTION_STRATEGY;BLOCK;EUR;37;0.10000000;125;EXCHANGE_LAST;;1;1;XEUR;72063491028592469;1373;
05.05.2025;14:42:13.454;OGBL SI 20250523 PS AM C 133.50 0;SIMPLE_INSTRUMENT;BLOCK;EUR;37;0.12000000;125;PRC_DECOMP_EXCHANGE;;;;XEUR;12315384;1373;EXCHANGE
05.05.2025;14:42:13.454;OGBL SI 20250523 PS AM C 136.50 0;SIMPLE_INSTRUMENT;BLOCK;EUR;37;0.02000000;125;PRC_DECOMP_EXCHANGE;;;;XEUR;12315353;1373;EXCHANGE
05.05.2025;14:55:23.576;OGBL SI 20250523 PS AM P 129.00 0;SIMPLE_INSTRUMENT;BLOCK;EUR;45;0.13000000;625;EXCHANGE_LAST;;1;1;XEUR;12315233;1373;
05.05.2025;14:55:37.535;OGBL SI 20250523 PS AM P 129.00 0;SIMPLE_INSTRUMENT;BLOCK;EUR;46;0.14000000;625;EXCHANGE_LAST;;1;1;XEUR;12315233;1373;
05.05.2025;14:56:40.199;OGBL SI 20250523 PS AM P 129.00 0;SIMPLE_INSTRUMENT;BLOCK;EUR;47;0.13000000;500;EXCHANGE_LAST;;1;1;XEUR;12315233;1373;
05.05.2025;14:56:49.847;OGBL SI 20250523 PS AM P 129.00 0;SIMPLE_INSTRUMENT;BLOCK;EUR;48;0.14000000;500;EXCHANGE_LAST;;1;1;XEUR;12315233;1373;
05.05.2025;14:57:36.764;OGBL SI 20250523 PS AM P 129.00 0;SIMPLE_INSTRUMENT;BLOCK;EUR;49;0.13000000;250;EXCHANGE_LAST;;1;1;XEUR;12315233;1373;
05.05.2025;14:57:49.282;OGBL SI 20250523 PS AM P 129.00 0;SIMPLE_INSTRUMENT;BLOCK;EUR;50;0.14000000;250;EXCHANGE_LAST;;1;1;XEUR;12315233;1373;
05.05.2025;15:01:20.884;OGBL.O.250505.CBUT.000130;STANDARD_OPTION_STRATEGY;BLOCK;EUR;51;0.42000000;500;EXCHANGE_LAST;;1;1;XEUR;72063491028592479;1373;
05.05.2025;15:01:20.884;OGBL SI 20250523 PS AM C 128.50 0;SIMPLE_INSTRUMENT;BLOCK;EUR;51;2.57000000;500;PRC_DECOMP_EXCHANGE;;;;XEUR;12315234;1373;EXCHANGE
05.05.2025;15:01:20.884;OGBL SI 20250523 PS AM C 130.00 0;SIMPLE_INSTRUMENT;BLOCK;EUR;51;1.34000000;1000;PRC_DECOMP_EXCHANGE;;;;XEUR;12315264;1373;EXCHANGE
05.05.2025;15:01:20.884;OGBL SI 20250523 PS AM C 131.50 0;SIMPLE_INSTRUMENT;BLOCK;EUR;51;0.53000000;500;PRC_DECOMP_EXCHANGE;;;;XEUR;12315255;1373;EXCHANGE
05.05.2025;15:05:45.214;OGBL SI 20250523 PS AM P 129.00 0;SIMPLE_INSTRUMENT;BLOCK;EUR;52;0.13000000;500;EXCHANGE_LAST;;1;1;XEUR;12315233;1373;
05.05.2025;15:05:57.896;OGBL SI 20250523 PS AM P 129.00 0;SIMPLE_INSTRUMENT;BLOCK;EUR;53;0.14000000;500;EXCHANGE_LAST;;1;1;XEUR;12315233;1373;
05.05.2025;15:16:36.195;OGBL.O.250505.BER-C.000133;STANDARD_OPTION_STRATEGY;BLOCK;EUR;54;0.16000000;150;EXCHANGE_LAST;;1;1;XEUR;72063491028592482;1373;
05.05.2025;15:16:36.195;OGBL SI 20250523 PS AM P 131.00 0;SIMPLE_INSTRUMENT;BLOCK;EUR;54;0.74000000;150;PRC_DECOMP_EXCHANGE;;;;XEUR;12315259;1373;EXCHANGE
05.05.2025;15:16:36.195;OGBL SI 20250523 PS AM P 129.50 0;SIMPLE_INSTRUMENT;BLOCK;EUR;54;0.20000000;150;PRC_DECOMP_EXCHANGE;;;;XEUR;12315269;1373;EXCHANGE
05.05.2025;15:16:36.195;OGBL SI 20250523 PS AM C 132.00 0;SIMPLE_INSTRUMENT;BLOCK;EUR;54;0.38000000;150;PRC_DECOMP_EXCHANGE;;;;XEUR;12315252;1373;EXCHANGE
05.05.2025;15:42:10.236;OGBL.O.250505.BER.000116;STANDARD_OPTION_STRATEGY;BLOCK;EUR;56;0.29000000;400;EXCHANGE_LAST;;1;1;XEUR;72063491028592465;1373;
05.05.2025;15:42:10.236;OGBL SI 20250523 PS AM P 130.00 0;SIMPLE_INSTRUMENT;BLOCK;EUR;56;0.36000000;400;PRC_DECOMP_EXCHANGE;;;;XEUR;12315266;1373;EXCHANGE
05.05.2025;15:42:10.236;OGBL SI 20250523 PS AM P 128.50 0;SIMPLE_INSTRUMENT;BLOCK;EUR;56;0.07000000;400;PRC_DECOMP_EXCHANGE;;;;XEUR;12315235;1373;EXCHANGE
05.05.2025;12:14:04.821;OGBL.V.250505.BER+U.000087;OPTION_VOLATILITY_STRATEGY;BLOCK;EUR;268435475;0.61000000;5;EXCHANGE_LAST;;1;1;XEUR;72063491028592436;1373;
05.05.2025;12:14:04.821;OGBL SI 20250620 PS AM P 129.50 0;SIMPLE_INSTRUMENT;BLOCK;EUR;268435475;0.61000000;500;PRC_DECOMP_EXCHANGE;;;;XEUR;13017757;1373;EXCHANGE
