#Date;TrdTime;Contract;ContractType;TrdTyp;Currency;TesId;Prc;Qty;TrdInd;Aggressor;Buy;Sell;Exch;InstrumentId;RelatedProdId;PrcDecomp
24.04.2025;11:51:19.631;A2NA SI 20250620 CS;SIMPLE_INSTRUMENT;BLOCK;EUR;36;9.76000000;441;EXCHANGE_LAST;;1;1;XEUR;10872538;151298;
24.04.2025;14:29:42.761;A2NA SI 20250620 CS;SIMPLE_INSTRUMENT;BLOCK;EUR;82;9.76000000;299;EXCHANGE_LAST;;1;1;XEUR;10872538;151298;
24.04.2025;15:07:25.435;A2NA SI 20250620 CS;SIMPLE_INSTRUMENT;BLOCK;EUR;102;9.76000000;537;EXCHANGE_LAST;;1;1;XEUR;10872538;151298;
24.04.2025;08:43:34.813;A2SG SI 20250620 CS;SIMPLE_INSTRUMENT;BLOCK;EUR;2;1.43000000;438;EXCHANGE_LAST;;1;1;XEUR;10827627;14;
24.04.2025;08:59:15.117;AAR SI 20260619 PS AM P 9.60 0;SIMPLE_INSTRUMENT;BLOCK;EUR;5;0.28000000;1500;EXCHANGE_LAST;;1;1;XEUR;9578018;48150;
24.04.2025;08:37:07.702;ABBN FI 20250521 CS EU C 44.3000 0;FLEXIBLE_INSTRUMENT;BLOCK;CHF;7;0.53000000;1600;EXCHANGE_LAST;;1;1;XEUR;1155389036332854042;574517;
24.04.2025;11:10:21.664;ABBN SI 20260320 PS AM P 34.00 0;SIMPLE_INSTRUMENT;BLOCK;CHF;27;1.52000000;2000;EXCHANGE_LAST;;1;1;XEUR;13051987;574517;
24.04.2025;13:31:34.448;ABBN SI 20250620 PS AM C 46.00 0;SIMPLE_INSTRUMENT;BLOCK;CHF;50;0.58000000;1500;EXCHANGE_LAST;;1;1;XEUR;11409726;574517;
24.04.2025;08:57:54.499;ADS SI 20250620 PS AM P 180.00 0;SIMPLE_INSTRUMENT;BLOCK;EUR;2;1.87000000;250;EXCHANGE_LAST;;1;1;XEUR;7897590;50;
24.04.2025;09:49:35.304;ADS SI 20250620 PS AM P 200.00 0;SIMPLE_INSTRUMENT;BLOCK;EUR;5;5.30000000;1250;EXCHANGE_LAST;;2;2;XEUR;7897594;50;
24.04.2025;09:58:39.137;ADS.O.250424.STD.000003;STANDARD_OPTION_STRATEGY;BLOCK;EUR;7;44.00000000;300;EXCHANGE_LAST;;1;1;XEUR;72057808786332807;50;
24.04.2025;09:58:39.137;ADS SI 20251219 PS AM P 220.00 0;SIMPLE_INSTRUMENT;BLOCK;EUR;7;23.00000000;300;PRC_DECOMP_MEMBER;;;;XEUR;12430785;50;MEMBER
24.04.2025;09:58:39.137;ADS SI 20251219 PS AM C 220.00 0;SIMPLE_INSTRUMENT;BLOCK;EUR;7;21.00000000;300;PRC_DECOMP_MEMBER;;;;XEUR;12430850;50;MEMBER
24.04.2025;14:51:58.419;ADS.O.250424.BER.000004;STANDARD_OPTION_STRATEGY;BLOCK;EUR;34;6.80000000;400;EXCHANGE_LAST;;1;1;XEUR;72057808786332808;50;
24.04.2025;14:51:58.419;ADS SI 20260619 PS AM P 200.00 0;SIMPLE_INSTRUMENT;BLOCK;EUR;34;19.04000000;400;PRC_DECOMP_EXCHANGE;;;;XEUR;9536502;50;EXCHANGE
24.04.2025;14:51:58.419;ADS SI 20260619 PS AM P 180.00 0;SIMPLE_INSTRUMENT;BLOCK;EUR;34;12.24000000;400;PRC_DECOMP_EXCHANGE;;;;XEUR;9536537;50;EXCHANGE
24.04.2025;15:10:26.630;ADS.O.250424.BER.000005;STANDARD_OPTION_STRATEGY;BLOCK;EUR;39;20.85000000;350;EXCHANGE_LAST;;1;1;XEUR;72057808786332809;50;
24.04.2025;15:10:26.630;ADS SI 20260619 PS AM P 240.00 0;SIMPLE_INSTRUMENT;BLOCK;EUR;39;39.81000000;350;PRC_DECOMP_EXCHANGE;;;;XEUR;9536500;50;EXCHANGE
24.04.2025;15:10:26.630;ADS SI 20260619 PS AM P 200.00 0;SIMPLE_INSTRUMENT;BLOCK;EUR;39;18.96000000;350;PRC_DECOMP_EXCHANGE;;;;XEUR;9536502;50;EXCHANGE
24.04.2025;09:30:11.255;ADY SI 20251219 PS AM P 880.00 0;SIMPLE_INSTRUMENT;BLOCK;EUR;6;28.27000000;250;EXCHANGE_LAST;;1;1;XEUR;10439793;76315;
24.04.2025;09:38:53.148;ADY SI 20250718 PS AM P 1400.00 0;SIMPLE_INSTRUMENT;BLOCK;EUR;7;91.65000000;500;EXCHANGE_LAST;;1;1;XEUR;13266128;76315;
24.04.2025;11:51:24.014;AEAF SI 20250620 CS;SIMPLE_INSTRUMENT;BLOCK;EUR;37;212.58300000;5000;EXCHANGE_LAST;;1;1;XEUR;11202228;298511;
24.04.2025;14:28:24.619;AEAF SI 20250620 CS;SIMPLE_INSTRUMENT;BLOCK;EUR;81;212.58270000;3400;EXCHANGE_LAST;;1;1;XEUR;11202228;298511;
24.04.2025;15:06:06.449;AEAF SI 20250620 CS;SIMPLE_INSTRUMENT;BLOCK;EUR;101;212.58270000;6100;EXCHANGE_LAST;;1;1;XEUR;11202228;298511;
24.04.2025;09:41:17.279;AEN SI 20250620 CS AM P 3.60 0;SIMPLE_INSTRUMENT;BLOCK;EUR;10;0.02000000;3000;EXCHANGE_LAST;;1;1;XEUR;7897671;53;
24.04.2025;09:41:30.774;AEN SI 20250620 CS AM P 3.60 0;SIMPLE_INSTRUMENT;BLOCK;EUR;11;0.03000000;3000;EXCHANGE_LAST;;1;1;XEUR;7897671;53;
24.04.2025;09:39:01.786;AIR SI 20250620 PS AM P 140.00 0;SIMPLE_INSTRUMENT;BLOCK;EUR;8;0.44000000;300;EXCHANGE_LAST;;1;1;XEUR;11290292;64;
24.04.2025;10:01:59.418;ASG5.O.250424.BRT.000001;STANDARD_OPTION_STRATEGY;BLOCK;EUR;12;0.74250000;1500;EXCHANGE_LAST;;1;1;XEUR;72058062189369562;109;
24.04.2025;10:01:59.418;ASG5 SI 20260618 PS AM P 24.00 0;SIMPLE_INSTRUMENT;BLOCK;EUR;12;0.94550000;1500;PRC_DECOMP_EXCHANGE;;;;XEUR;9530629;109;EXCHANGE
24.04.2025;10:01:59.418;ASG5 SI 20250619 PS AM P 24.00 0;SIMPLE_INSTRUMENT;BLOCK;EUR;12;0.20300000;1500;PRC_DECOMP_EXCHANGE;;;;XEUR;7889072;109;EXCHANGE
24.04.2025;15:38:27.397;ASG5 SI 20271216 PS AM P 20.00 0;SIMPLE_INSTRUMENT;BLOCK;EUR;47;0.98000000;1500;EXCHANGE_LAST;;1;1;XEUR;8764155;109;
24.04.2025;08:47:43.424;ASGF SI 20250619 CS;SIMPLE_INSTRUMENT;BLOCK;EUR;1;30.15000000;5000;EXCHANGE_LAST;;1;1;XEUR;12186943;949862;
24.04.2025;11:25:36.446;ASM SI 20250919 PS AM C 640.00 0;SIMPLE_INSTRUMENT;BLOCK;EUR;16;31.90000000;500;EXCHANGE_LAST;;2;1;XEUR;11872161;107;
24.04.2025;07:55:47.856;AXA.O.250424.STG.000001;STANDARD_OPTION_STRATEGY;BLOCK;EUR;1;1.89000000;1700;EXCHANGE_LAST;;1;1;XEUR;72058139498795512;127;
24.04.2025;07:55:47.856;AXA SI 20250620 PS AM C 40.00 0;SIMPLE_INSTRUMENT;BLOCK;EUR;1;0.98000000;1700;PRC_DECOMP_EXCHANGE;;;;XEUR;8111500;127;EXCHANGE
24.04.2025;07:55:47.856;AXA SI 20250620 PS AM P 37.50 0;SIMPLE_INSTRUMENT;BLOCK;EUR;1;0.91000000;1700;PRC_DECOMP_EXCHANGE;;;;XEUR;12996353;127;EXCHANGE
24.04.2025;10:20:31.620;AXA SI 20250620 PS AM P 32.00 0;SIMPLE_INSTRUMENT;BLOCK;EUR;11;0.18000000;1250;EXCHANGE_LAST;;1;1;XEUR;7898739;127;
24.04.2025;12:45:56.824;B2AS SI 20261218 CS;SIMPLE_INSTRUMENT;BLOCK;EUR;50;2.04000000;300;EXCHANGE_LAST;;2;2;XEUR;4632165;140;
24.04.2025;12:57:04.312;B2AS SI 20261218 CS;SIMPLE_INSTRUMENT;BLOCK;EUR;53;2.04000000;100;EXCHANGE_LAST;;1;1;XEUR;4632165;140;
24.04.2025;13:17:51.740;B2AS SI 20250620 CS;SIMPLE_INSTRUMENT;BLOCK;EUR;61;2.25000000;638;EXCHANGE_LAST;;1;1;XEUR;10830335;140;
24.04.2025;14:34:38.746;B2AS SI 20271217 CS;SIMPLE_INSTRUMENT;BLOCK;EUR;77;1.96000000;100;EXCHANGE_LAST;;2;1;XEUR;5914347;140;
24.04.2025;08:50:52.250;B2MW SI 20261218 CS;SIMPLE_INSTRUMENT;BLOCK;EUR;4;3.10000000;300;EXCHANGE_LAST;;1;1;XEUR;4632168;128;
24.04.2025;08:51:56.462;B2NP SI 20261218 CS;SIMPLE_INSTRUMENT;BLOCK;EUR;8;4.80000000;150;EXCHANGE_LAST;;1;1;XEUR;6798320;131;
24.04.2025;08:53:19.884;B2NP SI 20261218 CS;SIMPLE_INSTRUMENT;BLOCK;EUR;9;4.80000000;100;EXCHANGE_LAST;;1;1;XEUR;6798320;131;
24.04.2025;09:07:06.162;B2NP SI 20261218 CS;SIMPLE_INSTRUMENT;BLOCK;EUR;10;4.80000000;150;EXCHANGE_LAST;;2;1;XEUR;6798320;131;
24.04.2025;09:54:59.644;B2NP SI 20261218 CS;SIMPLE_INSTRUMENT;BLOCK;EUR;17;4.80000000;100;EXCHANGE_LAST;;1;1;XEUR;6798320;131;
24.04.2025;13:36:04.416;B2NP SI 20261218 CS;SIMPLE_INSTRUMENT;BLOCK;EUR;72;4.80000000;100;EXCHANGE_LAST;;1;1;XEUR;6798320;131;
24.04.2025;15:38:46.271;B2NP SI 20261218 CS;SIMPLE_INSTRUMENT;BLOCK;EUR;109;4.82000000;100;EXCHANGE_LAST;;2;1;XEUR;6798320;131;
24.04.2025;12:05:37.937;B3AY SI 20250620 CS;SIMPLE_INSTRUMENT;BLOCK;EUR;46;0.11000000;2800;EXCHANGE_LAST;;1;1;XEUR;10870513;76035;
24.04.2025;12:05:49.552;B3AY SI 20250620 CS;SIMPLE_INSTRUMENT;BLOCK;EUR;47;0.11000000;480;EXCHANGE_LAST;;1;1;XEUR;10870513;76035;
24.04.2025;10:20:39.754;BALN SI 20251219 PS AM P 140.00 0;SIMPLE_INSTRUMENT;BLOCK;CHF;23;1.61000000;400;EXCHANGE_LAST;;1;1;XEUR;5922050;147;
24.04.2025;11:54:59.312;BAS.O.250424.STD.000004;STANDARD_OPTION_STRATEGY;BLOCK;EUR;4;15.38000000;500;EXCHANGE_LAST;;1;1;XEUR;72058238283093200;150;
24.04.2025;11:54:59.312;BAS SI 20271217 PS AM C 44.00 0;SIMPLE_INSTRUMENT;BLOCK;EUR;4;6.46000000;500;PRC_DECOMP_EXCHANGE;;;;XEUR;8774153;150;EXCHANGE
24.04.2025;11:54:59.312;BAS SI 20271217 PS AM P 44.00 0;SIMPLE_INSTRUMENT;BLOCK;EUR;4;8.92000000;500;PRC_DECOMP_EXCHANGE;;;;XEUR;8774156;150;EXCHANGE
24.04.2025;13:17:43.601;BASG SI 20250620 CS;SIMPLE_INSTRUMENT;BLOCK;EUR;60;42.22000000;7500;EXCHANGE_LAST;;1;1;XEUR;11169531;171;
24.04.2025;09:44:43.989;BAY SI 20250516 PS AM C 24.00 0;SIMPLE_INSTRUMENT;BLOCK;EUR;1;0.35000000;2500;EXCHANGE_LAST;;1;1;XEUR;12814228;168;
24.04.2025;11:47:40.385;BAY SI 20250620 PS AM C 24.00 0;SIMPLE_INSTRUMENT;BLOCK;EUR;5;0.88000000;5000;EXCHANGE_LAST;;1;2;XEUR;8112550;168;
24.04.2025;12:05:15.809;BAYG SI 20250620 CS;SIMPLE_INSTRUMENT;BLOCK;EUR;44;22.33700000;35000;EXCHANGE_LAST;;1;1;XEUR;11197544;76034;
24.04.2025;12:05:26.530;BAYG SI 20250620 CS;SIMPLE_INSTRUMENT;BLOCK;EUR;45;22.33700000;6000;EXCHANGE_LAST;;1;1;XEUR;11197544;76034;
24.04.2025;10:14:53.461;BBVD SI 20260320 PS AM P 11.00 0;SIMPLE_INSTRUMENT;BLOCK;EUR;15;1.01000000;5000;EXCHANGE_LAST;;1;1;XEUR;11873255;172;
24.04.2025;14:53:08.060;BEI.O.250424.STG.000001;STANDARD_OPTION_STRATEGY;BLOCK;EUR;35;12.00000000;500;EXCHANGE_LAST;;1;1;XEUR;72058349952190439;176;
24.04.2025;14:53:08.060;BEI SI 20250919 PS AM P 120.00 0;SIMPLE_INSTRUMENT;BLOCK;EUR;35;5.99000000;500;PRC_DECOMP_EXCHANGE;;;;XEUR;11873596;176;EXCHANGE
24.04.2025;14:53:08.060;BEI SI 20250919 PS AM C 124.00 0;SIMPLE_INSTRUMENT;BLOCK;EUR;35;6.01000000;500;PRC_DECOMP_EXCHANGE;;;;XEUR;13089105;176;EXCHANGE
24.04.2025;10:22:22.328;BMW SI 20250620 PS AM C 80.00 0;SIMPLE_INSTRUMENT;BLOCK;EUR;5;0.89000000;3000;EXCHANGE_LAST;;2;1;XEUR;11332529;210;
24.04.2025;10:47:27.171;BMW SI 20250516 PS AM C 75.00 0;SIMPLE_INSTRUMENT;BLOCK;EUR;6;1.98000000;1750;EXCHANGE_LAST;;1;2;XEUR;12814758;210;
24.04.2025;15:18:59.943;BMW.O.250424.BUL-P.000005;STANDARD_OPTION_STRATEGY;BLOCK;EUR;22;2.10000000;1500;EXCHANGE_LAST;;1;1;XEUR;72058495981110170;210;
24.04.2025;15:18:59.943;BMW SI 20250620 PS AM C 74.00 0;SIMPLE_INSTRUMENT;BLOCK;EUR;22;3.73000000;1500;PRC_DECOMP_EXCHANGE;;;;XEUR;12998483;210;EXCHANGE
24.04.2025;15:18:59.943;BMW SI 20250620 PS AM P 62.00 0;SIMPLE_INSTRUMENT;BLOCK;EUR;22;1.06000000;1500;PRC_DECOMP_EXCHANGE;;;;XEUR;13096958;210;EXCHANGE
24.04.2025;15:18:59.943;BMW SI 20250620 PS AM C 84.00 0;SIMPLE_INSTRUMENT;BLOCK;EUR;22;0.57000000;1500;PRC_DECOMP_EXCHANGE;;;;XEUR;7899911;210;EXCHANGE
24.04.2025;15:23:43.496;BMW SI 20250620 PS AM P 64.00 0;SIMPLE_INSTRUMENT;BLOCK;EUR;23;1.48000000;1000;EXCHANGE_LAST;;1;1;XEUR;11352603;210;
24.04.2025;15:26:39.199;BMW SI 20271217 PS AM P 68.00 0;SIMPLE_INSTRUMENT;BLOCK;EUR;24;11.60000000;700;EXCHANGE_LAST;;2;1;XEUR;8775900;210;
24.04.2025;08:20:50.790;BNP SI 20250516 PS AM C 75.00 0;SIMPLE_INSTRUMENT;BLOCK;EUR;2;1.11000000;818;EXCHANGE_LAST;;1;1;XEUR;12815241;237;
24.04.2025;12:20:23.627;BNP SI 20291221 PS AM P 44.00 0;SIMPLE_INSTRUMENT;BLOCK;EUR;16;5.90000000;390;EXCHANGE_LAST;;1;1;XEUR;12435593;237;
24.04.2025;15:31:03.114;BNP SI 20260320 PS AM C 76.00 0;SIMPLE_INSTRUMENT;BLOCK;EUR;29;3.76000000;1500;EXCHANGE_LAST;;1;1;XEUR;12999079;237;
24.04.2025;09:51:13.847;BNR SI 20250919 PS AM P 46.00 0;SIMPLE_INSTRUMENT;BLOCK;EUR;2;1.37000000;500;EXCHANGE_LAST;;1;1;XEUR;11874723;235;
24.04.2025;10:17:43.928;BX7G SI 20250620 CS;SIMPLE_INSTRUMENT;BLOCK;EUR;21;6.63440000;5000;EXCHANGE_LAST;;1;1;XEUR;11191402;3980;
24.04.2025;14:03:33.159;BX7G SI 20250620 CS;SIMPLE_INSTRUMENT;BLOCK;EUR;74;6.63440000;5000;EXCHANGE_LAST;;1;1;XEUR;11191402;3980;
24.04.2025;10:34:10.991;BYG SI 20250620 PS AM P 28.00 0;SIMPLE_INSTRUMENT;BLOCK;EUR;12;0.14000000;1750;EXCHANGE_LAST;;1;1;XEUR;7900624;280;
24.04.2025;11:41:28.954;BYG.O.250424.STD.000002;STANDARD_OPTION_STRATEGY;BLOCK;EUR;15;9.90000000;460;EXCHANGE_LAST;;1;1;XEUR;72058796628777165;280;
24.04.2025;11:41:28.954;BYG SI 20271217 PS AM P 36.00 0;SIMPLE_INSTRUMENT;BLOCK;EUR;15;5.65000000;460;PRC_DECOMP_EXCHANGE;;;;XEUR;8777159;280;EXCHANGE
24.04.2025;11:41:28.954;BYG SI 20271217 PS AM C 36.00 0;SIMPLE_INSTRUMENT;BLOCK;EUR;15;4.25000000;460;PRC_DECOMP_EXCHANGE;;;;XEUR;8777250;280;EXCHANGE
24.04.2025;10:58:34.216;C2BK SI 20250620 CS;SIMPLE_INSTRUMENT;BLOCK;EUR;28;0.65000000;460;EXCHANGE_LAST;;1;1;XEUR;12178564;949832;
24.04.2025;13:18:00.816;C2BK SI 20250620 CS;SIMPLE_INSTRUMENT;BLOCK;EUR;58;0.65000000;106;EXCHANGE_LAST;;1;1;XEUR;12178564;949832;
24.04.2025;10:50:51.494;CBK SI 20250919 PS AM P 13.00 0;SIMPLE_INSTRUMENT;BLOCK;EUR;10;0.21000000;2500;EXCHANGE_LAST;;1;1;XEUR;11875749;268;
24.04.2025;11:44:44.513;CBK SI 20271217 PS AM P 22.00 0;SIMPLE_INSTRUMENT;BLOCK;EUR;21;5.69000000;950;EXCHANGE_LAST;;1;1;XEUR;12801112;268;
24.04.2025;10:58:02.109;CBKH SI 20250620 CS;SIMPLE_INSTRUMENT;BLOCK;EUR;27;23.13500000;5000;EXCHANGE_LAST;;1;1;XEUR;11192082;10390;
24.04.2025;13:18:07.764;CBKH SI 20250620 CS;SIMPLE_INSTRUMENT;BLOCK;EUR;59;22.97500000;1150;EXCHANGE_LAST;;1;1;XEUR;11192082;10390;
24.04.2025;08:29:51.323;CFR FI 20250521 CS EU C 150.2000 0;FLEXIBLE_INSTRUMENT;BLOCK;CHF;6;3.16000000;450;EXCHANGE_LAST;;1;1;XEUR;1152922848931627667;313;
24.04.2025;12:47:50.125;CFR SI 20260619 PS AM P 140.00 0;SIMPLE_INSTRUMENT;BLOCK;CHF;43;18.10000000;600;EXCHANGE_LAST;;1;1;XEUR;9996431;313;
24.04.2025;14:46:56.593;CFR SI 20250620 PS AM C 172.00 0;SIMPLE_INSTRUMENT;BLOCK;CHF;56;1.01000000;653;EXCHANGE_LAST;;1;1;XEUR;12955452;313;
24.04.2025;15:47:27.672;CFR SI 20250919 PS AM C 170.00 0;SIMPLE_INSTRUMENT;BLOCK;CHF;68;3.75000000;1000;EXCHANGE_LAST;;1;1;XEUR;11876552;313;
24.04.2025;13:24:23.610;CLN SI 20250620 PS AM P 10.00 0;SIMPLE_INSTRUMENT;BLOCK;CHF;49;1.75000000;2500;EXCHANGE_LAST;;1;1;XEUR;8030200;296;
24.04.2025;15:37:45.067;CRI5.O.250424.STD.000001;STANDARD_OPTION_STRATEGY;BLOCK;EUR;50;11.60000000;1000;EXCHANGE_LAST;;1;1;XEUR;72058968427474862;320;
24.04.2025;15:37:45.067;CRI5 SI 20251218 PS AM P 52.00 0;SIMPLE_INSTRUMENT;BLOCK;EUR;50;7.01350000;1000;PRC_DECOMP_EXCHANGE;;;;XEUR;10556001;320;EXCHANGE
24.04.2025;15:37:45.067;CRI5 SI 20251218 PS AM C 52.00 0;SIMPLE_INSTRUMENT;BLOCK;EUR;50;4.58650000;1000;PRC_DECOMP_EXCHANGE;;;;XEUR;10556004;320;EXCHANGE
24.04.2025;14:58:13.512;D2PW SI 20250620 CS;SIMPLE_INSTRUMENT;BLOCK;EUR;95;1.85000000;351;EXCHANGE_LAST;;2;1;XEUR;10862485;9702;
24.04.2025;15:29:07.683;D3AI SI 20271217 CS;SIMPLE_INSTRUMENT;BLOCK;EUR;105;2.65000000;50;EXCHANGE_LAST;;1;1;XEUR;7144067;443197;
24.04.2025;15:41:17.270;D3AI SI 20271217 CS;SIMPLE_INSTRUMENT;BLOCK;EUR;113;2.65000000;50;EXCHANGE_LAST;;1;1;XEUR;7144067;443197;
24.04.2025;15:45:25.785;D3AI SI 20271217 CS;SIMPLE_INSTRUMENT;BLOCK;EUR;114;2.65000000;100;EXCHANGE_LAST;;1;1;XEUR;7144067;443197;
24.04.2025;11:30:31.337;DAI SI 20250620 PS AM C 58.00 0;SIMPLE_INSTRUMENT;BLOCK;EUR;12;0.43000000;2000;EXCHANGE_LAST;;1;1;XEUR;10374217;443196;
24.04.2025;11:48:45.497;DAI SI 20250620 PS AM C 58.00 0;SIMPLE_INSTRUMENT;BLOCK;EUR;14;0.37000000;2000;EXCHANGE_LAST;;1;1;XEUR;10374217;443196;
24.04.2025;15:36:27.567;DAI SI 20250516 PS AM C 58.00 0;SIMPLE_INSTRUMENT;BLOCK;EUR;27;0.21000000;750;EXCHANGE_LAST;;1;1;XEUR;12852485;443196;
24.04.2025;08:30:56.573;DAIE SI 20260320 PS EU C 52.00 0;SIMPLE_INSTRUMENT;BLOCK;EUR;1;4.72000000;750;EXCHANGE_LAST;;1;1;XEUR;13049812;443202;
24.04.2025;08:31:21.422;DAIE SI 20250620 PS EU C 52.00 0;SIMPLE_INSTRUMENT;BLOCK;EUR;2;1.56000000;1125;EXCHANGE_LAST;;1;1;XEUR;7934611;443202;
24.04.2025;11:16:23.072;DBK SI 20250516 PS AM C 22.00 0;SIMPLE_INSTRUMENT;BLOCK;EUR;17;0.93000000;2500;EXCHANGE_LAST;;1;1;XEUR;12817117;362;
24.04.2025;11:16:15.478;DBK SI 20250620 PS AM P 18.00 0;SIMPLE_INSTRUMENT;BLOCK;EUR;18;0.40000000;2500;EXCHANGE_LAST;;1;1;XEUR;8208310;362;
24.04.2025;11:19:52.661;DBK SI 20250620 PS AM P 18.00 0;SIMPLE_INSTRUMENT;BLOCK;EUR;19;0.39000000;2500;EXCHANGE_LAST;;1;1;XEUR;8208310;362;
24.04.2025;11:23:30.802;DBK SI 20250516 PS AM C 22.00 0;SIMPLE_INSTRUMENT;BLOCK;EUR;20;0.93000000;2500;EXCHANGE_LAST;;1;1;XEUR;12817117;362;
24.04.2025;12:42:24.720;DBK.O.250424.STD.000012;STANDARD_OPTION_STRATEGY;BLOCK;EUR;22;4.05000000;2500;EXCHANGE_LAST;;1;1;XEUR;72059148816161659;362;
24.04.2025;12:42:24.720;DBK SI 20250620 PS AM C 18.60 0;SIMPLE_INSTRUMENT;BLOCK;EUR;22;3.56000000;2500;PRC_DECOMP_EXCHANGE;;;;XEUR;11094087;362;EXCHANGE
24.04.2025;12:42:24.720;DBK SI 20250620 PS AM P 18.60 0;SIMPLE_INSTRUMENT;BLOCK;EUR;22;0.49000000;2500;PRC_DECOMP_EXCHANGE;;;;XEUR;11094088;362;EXCHANGE
24.04.2025;13:08:48.918;DBK SI 20250620 PS AM P 19.00 0;SIMPLE_INSTRUMENT;BLOCK;EUR;23;0.57000000;2500;EXCHANGE_LAST;;1;1;XEUR;11094150;362;
24.04.2025;13:08:30.731;DBK SI 20250620 PS AM C 19.00 0;SIMPLE_INSTRUMENT;BLOCK;EUR;24;3.22000000;2500;EXCHANGE_LAST;;1;1;XEUR;11094149;362;
24.04.2025;13:37:36.329;DBK SI 20250620 PS AM C 19.00 0;SIMPLE_INSTRUMENT;BLOCK;EUR;25;3.22000000;15000;EXCHANGE_LAST;;1;1;XEUR;11094149;362;
24.04.2025;07:36:56.517;DHE SI 20250919 PS AM C 46.00 0;SIMPLE_INSTRUMENT;BLOCK;EUR;1;0.20000000;300;EXCHANGE_LAST;;1;1;XEUR;11910434;57135;
24.04.2025;07:48:07.763;DHE SI 20251219 PS AM C 26.00 0;SIMPLE_INSTRUMENT;BLOCK;EUR;2;3.07000000;500;EXCHANGE_LAST;;1;1;XEUR;12474048;57135;
24.04.2025;07:48:07.816;DHE SI 20250620 PS AM C 26.00 0;SIMPLE_INSTRUMENT;BLOCK;EUR;3;0.80000000;500;EXCHANGE_LAST;;1;1;XEUR;11390989;57135;
24.04.2025;07:49:34.253;DHE SI 20250620 PS AM C 24.00 0;SIMPLE_INSTRUMENT;BLOCK;EUR;4;1.65000000;1000;EXCHANGE_LAST;;1;1;XEUR;7924120;57135;
24.04.2025;07:49:36.082;DHE SI 20250620 PS AM C 26.00 0;SIMPLE_INSTRUMENT;BLOCK;EUR;5;0.90000000;1000;EXCHANGE_LAST;;1;1;XEUR;11390989;57135;
24.04.2025;13:56:54.850;DPW SI 20251219 PS AM C 40.00 0;SIMPLE_INSTRUMENT;BLOCK;EUR;14;1.68000000;4056;EXCHANGE_LAST;;1;1;XEUR;5926789;445;
24.04.2025;11:57:55.487;DPWF SI 20250516 CS;SIMPLE_INSTRUMENT;BLOCK;EUR;42;35.52320000;5000;EXCHANGE_LAST;;1;1;XEUR;11034987;444;
24.04.2025;11:58:46.731;DPWF SI 20250516 CS;SIMPLE_INSTRUMENT;BLOCK;EUR;43;35.52780000;5000;EXCHANGE_LAST;;1;1;XEUR;11034987;444;
24.04.2025;14:53:29.209;DPWF SI 20250620 CS;SIMPLE_INSTRUMENT;BLOCK;EUR;94;35.74000000;4500;EXCHANGE_LAST;;2;1;XEUR;11173216;444;
24.04.2025;07:57:07.977;DSM.O.250424.STG.000001;STANDARD_OPTION_STRATEGY;BLOCK;EUR;4;5.87000000;616;EXCHANGE_LAST;;1;1;XEUR;72059466643674155;436;
24.04.2025;07:57:07.977;DSM SI 20250620 PS AM P 92.00 0;SIMPLE_INSTRUMENT;BLOCK;EUR;4;4.78000000;616;PRC_DECOMP_EXCHANGE;;;;XEUR;11356787;436;EXCHANGE
24.04.2025;07:57:07.977;DSM SI 20250620 PS AM C 100.00 0;SIMPLE_INSTRUMENT;BLOCK;EUR;4;1.09000000;616;PRC_DECOMP_EXCHANGE;;;;XEUR;7902233;436;EXCHANGE
24.04.2025;13:16:48.275;DTE.O.250424.BU23.000010;STANDARD_OPTION_STRATEGY;BLOCK;EUR;13;-3.36000000;5000;EXCHANGE_LAST;;1;2;XEUR;72059415104108408;424;
24.04.2025;13:16:48.275;DTE SI 20250919 PS AM C 32.00 0;SIMPLE_INSTRUMENT;BLOCK;EUR;13;2.55000000;10000;PRC_DECOMP_EXCHANGE;;;;XEUR;11878534;424;EXCHANGE
24.04.2025;13:16:48.275;DTE SI 20250919 PS AM C 38.00 0;SIMPLE_INSTRUMENT;BLOCK;EUR;13;0.58000000;15000;PRC_DECOMP_EXCHANGE;;;;XEUR;11878524;424;EXCHANGE
24.04.2025;14:46:39.171;DTE SI 20250919 PS AM C 34.00 0;SIMPLE_INSTRUMENT;BLOCK;EUR;15;1.58000000;8500;EXCHANGE_LAST;;1;3;XEUR;11878532;424;
24.04.2025;15:48:16.856;DTE SI 20251219 PS AM C 34.00 0;SIMPLE_INSTRUMENT;BLOCK;EUR;22;2.03000000;1500;EXCHANGE_LAST;;1;1;XEUR;12409336;424;
24.04.2025;08:46:31.988;E2NT SI 20261218 CS;SIMPLE_INSTRUMENT;BLOCK;EUR;7;0.96500000;1000;EXCHANGE_LAST;;1;1;XEUR;4632357;470;
24.04.2025;09:18:44.370;E2NT SI 20261218 CS;SIMPLE_INSTRUMENT;BLOCK;EUR;13;0.97000000;500;EXCHANGE_LAST;;1;1;XEUR;4632357;470;
24.04.2025;15:58:50.104;E2NT SI 20281215 CS;SIMPLE_INSTRUMENT;BLOCK;EUR;118;0.81000000;1300;EXCHANGE_LAST;;2;2;XEUR;6802271;470;
24.04.2025;14:59:40.810;EAD.O.250424.PDIA.000003;STANDARD_OPTION_STRATEGY;BLOCK;EUR;24;4.75000000;400;EXCHANGE_LAST;;1;1;XEUR;72059591197747966;465;
24.04.2025;14:59:40.810;EAD SI 20261218 PS AM P 100.00 0;SIMPLE_INSTRUMENT;BLOCK;EUR;24;5.86000000;400;PRC_DECOMP_EXCHANGE;;;;XEUR;13242395;465;EXCHANGE
24.04.2025;14:59:40.810;EAD SI 20250620 PS AM P 110.00 0;SIMPLE_INSTRUMENT;BLOCK;EUR;24;1.11000000;400;PRC_DECOMP_EXCHANGE;;;;XEUR;13242239;465;EXCHANGE
24.04.2025;15:10:30.861;EAD SI 20261218 PS AM P 138.96 1;SIMPLE_INSTRUMENT;BLOCK;EUR;25;19.56000000;500;EXCHANGE_LAST;;1;1;XEUR;11013963;465;
24.04.2025;07:55:49.083;ENL5 SI 20250619 PS AM C 7.60 0;SIMPLE_INSTRUMENT;BLOCK;EUR;2;0.18600000;2000;EXCHANGE_LAST;;1;1;XEUR;11337929;500;
24.04.2025;07:55:49.615;ENL5 SI 20250619 PS AM P 7.10 0;SIMPLE_INSTRUMENT;BLOCK;EUR;3;0.10900000;2000;EXCHANGE_LAST;;1;1;XEUR;12988458;500;
24.04.2025;12:34:23.203;ENL5 SI 20251218 PS AM P 7.20 0;SIMPLE_INSTRUMENT;BLOCK;EUR;23;0.42500000;750;EXCHANGE_LAST;;1;1;XEUR;5911831;500;
24.04.2025;08:39:48.503;ENR.O.250424.STG.000009;STANDARD_OPTION_STRATEGY;BLOCK;EUR;6;21.25000000;1000;EXCHANGE_LAST;;1;1;XEUR;73339770624818742;298530;
24.04.2025;08:39:48.503;ENR SI 20251219 PS AM P 64.00 0;SIMPLE_INSTRUMENT;BLOCK;EUR;6;11.00000000;1000;PRC_DECOMP_MEMBER;;;;XEUR;12484005;298530;MEMBER
24.04.2025;08:39:48.503;ENR SI 20251219 PS AM C 68.00 0;SIMPLE_INSTRUMENT;BLOCK;EUR;6;10.25000000;1000;PRC_DECOMP_MEMBER;;;;XEUR;12021160;298530;MEMBER
24.04.2025;11:34:11.608;ENR.O.250424.STD.000003;STANDARD_OPTION_STRATEGY;BLOCK;EUR;11;10.75000000;1000;EXCHANGE_LAST;;2;1;XEUR;73339770624818736;298530;
24.04.2025;11:34:11.608;ENR SI 20250620 PS AM P 65.00 0;SIMPLE_INSTRUMENT;BLOCK;EUR;11;5.50000000;1000;PRC_DECOMP_EXCHANGE;;;;XEUR;12886454;298530;EXCHANGE
24.04.2025;11:34:11.608;ENR SI 20250620 PS AM C 65.00 0;SIMPLE_INSTRUMENT;BLOCK;EUR;11;5.25000000;1000;PRC_DECOMP_EXCHANGE;;;;XEUR;12886453;298530;EXCHANGE
24.04.2025;11:53:48.516;ENR SI 20271217 PS AM P 60.00 0;SIMPLE_INSTRUMENT;BLOCK;EUR;12;16.90000000;230;EXCHANGE_LAST;;1;1;XEUR;12144237;298530;
24.04.2025;13:58:25.119;ENT5 SI 20250717 PS AM C 13.80 0;SIMPLE_INSTRUMENT;BLOCK;EUR;40;0.20000000;1207;EXCHANGE_LAST;;1;1;XEUR;13241594;497;
24.04.2025;13:58:46.112;ENT5 SI 20250717 PS AM C 13.80 0;SIMPLE_INSTRUMENT;BLOCK;EUR;41;0.10000000;1127;EXCHANGE_LAST;;1;1;XEUR;13241594;497;
24.04.2025;15:44:29.971;ENT5 SI 20271216 PS AM P 10.00 0;SIMPLE_INSTRUMENT;BLOCK;EUR;48;1.00000000;1800;EXCHANGE_LAST;;2;2;XEUR;8765092;497;
24.04.2025;15:44:23.855;ENUR SI 20250516 PS AM C 8.00 0;SIMPLE_INSTRUMENT;BLOCK;EUR;51;0.26000000;2939;EXCHANGE_LAST;;1;1;XEUR;12919609;498;
24.04.2025;15:47:11.873;ENUR SI 20250619 PS AM C 8.50 0;SIMPLE_INSTRUMENT;BLOCK;EUR;52;0.20000000;2939;EXCHANGE_LAST;;1;1;XEUR;13003850;498;
24.04.2025;10:53:56.274;EOA SI 20251219 PS AM P 10.00 0;SIMPLE_INSTRUMENT;BLOCK;EUR;9;0.11000000;2000;EXCHANGE_LAST;;1;1;XEUR;5928468;49065;
24.04.2025;12:26:01.418;ESL SI 20250620 PS AM P 180.00 0;SIMPLE_INSTRUMENT;BLOCK;EUR;17;0.69000000;250;EXCHANGE_LAST;;1;1;XEUR;7903006;481;
24.04.2025;08:43:21.889;ESSG SI 20250516 CS;SIMPLE_INSTRUMENT;BLOCK;EUR;6;53.19450000;76;EXCHANGE_LAST;;1;1;XEUR;11065661;324377;
24.04.2025;11:57:37.700;F3IA SI 20281215 CS;SIMPLE_INSTRUMENT;BLOCK;EUR;41;0.37500000;1100;EXCHANGE_LAST;;2;2;XEUR;9964653;390387;
24.04.2025;07:54:43.683;FBTP SI 20250606 PS;SIMPLE_INSTRUMENT;EFP_FIN;EUR;1;119.92000000;781;EXCHANGE_LAST;;1;1;XEUR;11820365;636;
24.04.2025;08:20:07.380;FBTP SI 20250606 PS;SIMPLE_INSTRUMENT;EFP_FIN;EUR;2;119.90000000;198;EXCHANGE_LAST;;1;1;XEUR;11820365;636;
24.04.2025;08:27:54.582;FBTP SI 20250606 PS;SIMPLE_INSTRUMENT;BLOCK;EUR;3;119.92000000;1479;EXCHANGE_LAST;;1;1;XEUR;11820365;636;
24.04.2025;08:43:34.072;FBTP SI 20250606 PS;SIMPLE_INSTRUMENT;BLOCK;EUR;4;119.94000000;884;EXCHANGE_LAST;;1;1;XEUR;11820365;636;
24.04.2025;09:01:42.607;FBTP SI 20250606 PS;SIMPLE_INSTRUMENT;EFP_FIN;EUR;5;119.94000000;152;EXCHANGE_LAST;;1;1;XEUR;11820365;636;
24.04.2025;09:03:04.239;FBTP SI 20250606 PS;SIMPLE_INSTRUMENT;EFP_FIN;EUR;6;119.93000000;164;EXCHANGE_LAST;;1;1;XEUR;11820365;636;
24.04.2025;09:39:54.145;FBTP SI 20250606 PS;SIMPLE_INSTRUMENT;BLOCK;EUR;7;120.15000000;663;EXCHANGE_LAST;;1;1;XEUR;11820365;636;
24.04.2025;09:41:53.006;FBTP SI 20250606 PS;SIMPLE_INSTRUMENT;EFP_FIN;EUR;8;120.18000000;885;EXCHANGE_LAST;;1;1;XEUR;11820365;636;
24.04.2025;09:48:06.766;FBTP SI 20250606 PS;SIMPLE_INSTRUMENT;EFP_FIN;EUR;9;120.18000000;220;EXCHANGE_LAST;;1;1;XEUR;11820365;636;
24.04.2025;09:51:51.018;FBTP SI 20250606 PS;SIMPLE_INSTRUMENT;EFP_FIN;EUR;10;120.18000000;1678;EXCHANGE_LAST;;1;1;XEUR;11820365;636;
24.04.2025;10:52:01.626;FBTP SI 20250606 PS;SIMPLE_INSTRUMENT;EFP_FIN;EUR;11;120.15000000;235;EXCHANGE_LAST;;1;1;XEUR;11820365;636;
24.04.2025;10:52:35.448;FBTP SI 20250606 PS;SIMPLE_INSTRUMENT;EFS;EUR;12;120.13000000;1133;EXCHANGE_LAST;;1;1;XEUR;11820365;636;
24.04.2025;10:53:12.540;FBTP SI 20250606 PS;SIMPLE_INSTRUMENT;EFP_FIN;EUR;13;120.11000000;146;EXCHANGE_LAST;;1;1;XEUR;11820365;636;
24.04.2025;13:17:46.304;FBTP SI 20250606 PS;SIMPLE_INSTRUMENT;EFP_FIN;EUR;14;120.30000000;462;EXCHANGE_LAST;;1;1;XEUR;11820365;636;
24.04.2025;13:20:19.144;FBTP SI 20250606 PS;SIMPLE_INSTRUMENT;EFP_FIN;EUR;15;120.20000000;285;EXCHANGE_LAST;;1;1;XEUR;11820365;636;
24.04.2025;14:38:55.879;FBTP SI 20250606 PS;SIMPLE_INSTRUMENT;BLOCK;EUR;16;120.41000000;506;EXCHANGE_LAST;;1;1;XEUR;11820365;636;
24.04.2025;15:41:19.667;FBTP SI 20250606 PS;SIMPLE_INSTRUMENT;EFP_FIN;EUR;17;120.51000000;355;EXCHANGE_LAST;;1;1;XEUR;11820365;636;
24.04.2025;08:03:33.649;FBTS SI 20250606 PS;SIMPLE_INSTRUMENT;BLOCK;EUR;4;108.14000000;195;EXCHANGE_LAST;;1;1;XEUR;11820367;639;
24.04.2025;08:19:19.573;FBTS SI 20250606 PS;SIMPLE_INSTRUMENT;EFP_FIN;EUR;7;108.12000000;195;EXCHANGE_LAST;;1;1;XEUR;11820367;639;
24.04.2025;08:23:43.992;FBTS SI 20250606 PS;SIMPLE_INSTRUMENT;EFP_FIN;EUR;8;108.13000000;234;EXCHANGE_LAST;;1;1;XEUR;11820367;639;
24.04.2025;08:28:56.559;FBTS SI 20250606 PS;SIMPLE_INSTRUMENT;EFS;EUR;9;108.13000000;1014;EXCHANGE_LAST;;1;1;XEUR;11820367;639;
24.04.2025;08:42:11.788;FBTS SI 20250606 PS;SIMPLE_INSTRUMENT;EFP_FIN;EUR;10;108.13000000;584;EXCHANGE_LAST;;1;1;XEUR;11820367;639;
24.04.2025;09:43:08.733;FBTS SI 20250606 PS;SIMPLE_INSTRUMENT;EFP_FIN;EUR;17;108.19000000;779;EXCHANGE_LAST;;1;1;XEUR;11820367;639;
24.04.2025;11:18:27.781;FBTS SI 20250606 PS;SIMPLE_INSTRUMENT;EFP_FIN;EUR;23;108.18000000;755;EXCHANGE_LAST;;1;1;XEUR;11820367;639;
24.04.2025;12:53:12.063;FBTS SI 20250606 PS;SIMPLE_INSTRUMENT;EFP_FIN;EUR;27;108.23000000;1092;EXCHANGE_LAST;;1;1;XEUR;11820367;639;
24.04.2025;13:44:15.705;FBTS SI 20250606 PS;SIMPLE_INSTRUMENT;EFP_FIN;EUR;30;108.23000000;360;EXCHANGE_LAST;;1;1;XEUR;11820367;639;
24.04.2025;16:01:23.016;FBTS SI 20250606 PS;SIMPLE_INSTRUMENT;EFS;EUR;40;108.27000000;1850;EXCHANGE_LAST;;1;1;XEUR;11820367;639;
24.04.2025;16:07:17.050;FBTS SI 20250606 PS;SIMPLE_INSTRUMENT;EFS;EUR;41;108.27000000;1614;EXCHANGE_LAST;;1;1;XEUR;11820367;639;
24.04.2025;15:48:56.759;FCEU SI 20250616 PS;SIMPLE_INSTRUMENT;BLOCK;USD;2;1.14090000;1125;EXCHANGE_LAST;;1;1;XEUR;7879022;369376;
24.04.2025;07:01:34.254;FCIN SI 20250627 CS;SIMPLE_INSTRUMENT;BLOCK;USD;2;144.35000000;18;EXCHANGE_LAST;;1;1;XEUR;7967544;580;
24.04.2025;12:21:09.611;FCZU SI 20250616 CS;SIMPLE_INSTRUMENT;BLOCK;USD;1;0.05324000;100;EXCHANGE_LAST;;1;1;XEUR;11855446;570872;
24.04.2025;12:07:38.383;FD3D SI 20251219 CS;SIMPLE_INSTRUMENT;BLOCK;EUR;36;114.80000000;200;EXCHANGE_LAST;;1;1;XEUR;5914068;588;
24.04.2025;12:07:22.095;FD3D SI 20251219 CS;SIMPLE_INSTRUMENT;BLOCK;EUR;39;114.80000000;500;EXCHANGE_LAST;;1;1;XEUR;5914068;588;
24.04.2025;12:08:35.010;FD3D SI 20251219 CS;SIMPLE_INSTRUMENT;BLOCK;EUR;40;114.70000000;200;EXCHANGE_LAST;;1;1;XEUR;5914068;588;
24.04.2025;12:43:33.223;FD3D SI 20251219 CS;SIMPLE_INSTRUMENT;BLOCK;EUR;46;114.80000000;400;EXCHANGE_LAST;;2;2;XEUR;5914068;588;
24.04.2025;13:39:41.382;FD3D SI 20251219 CS;SIMPLE_INSTRUMENT;BLOCK;EUR;60;114.60000000;400;EXCHANGE_LAST;;1;2;XEUR;5914068;588;
24.04.2025;13:45:39.762;FD3D SI 20251219 CS;SIMPLE_INSTRUMENT;BLOCK;EUR;61;114.60000000;400;EXCHANGE_LAST;;1;1;XEUR;5914068;588;
24.04.2025;15:09:32.254;FDAX SI 20250620 CS;SIMPLE_INSTRUMENT;EFP_IDX;EUR;1;22175.00000000;130;EXCHANGE_LAST;;1;1;XEUR;7903800;589;
24.04.2025;15:22:13.823;FDAX SI 20250620 CS;SIMPLE_INSTRUMENT;EFP_IDX;EUR;2;22192.00000000;150;EXCHANGE_LAST;;1;1;XEUR;7903800;589;
24.04.2025;15:22:15.665;FDAX SI 20250620 CS;SIMPLE_INSTRUMENT;EFP_IDX;EUR;3;22192.00000000;150;EXCHANGE_LAST;;1;1;XEUR;7903800;589;
24.04.2025;15:46:46.112;FDAX SI 20250620 CS;SIMPLE_INSTRUMENT;EFP_IDX;EUR;4;22221.00000000;149;EXCHANGE_LAST;;1;1;XEUR;7903800;589;
24.04.2025;15:46:57.318;FDAX SI 20250620 CS;SIMPLE_INSTRUMENT;EFP_IDX;EUR;5;22222.00000000;1;EXCHANGE_LAST;;1;1;XEUR;7903800;589;
24.04.2025;15:50:14.182;FDAX SI 20250620 CS;SIMPLE_INSTRUMENT;EFP_IDX;EUR;6;22221.00000000;80;EXCHANGE_LAST;;1;1;XEUR;7903800;589;
24.04.2025;15:49:19.928;FDAX SI 20250620 CS;SIMPLE_INSTRUMENT;EFP_IDX;EUR;7;22221.00000000;95;EXCHANGE_LAST;;1;1;XEUR;7903800;589;
24.04.2025;07:47:35.706;FDAX SI 20250620 CS;SIMPLE_INSTRUMENT;VOLA;EUR;671088643;21978.00000000;25;EXCHANGE_LAST;;1;1;XEUR;7903800;589;
24.04.2025;08:54:54.249;FDAX SI 20250620 CS;SIMPLE_INSTRUMENT;VOLA;EUR;671088647;21910.00000000;23;EXCHANGE_LAST;;1;1;XEUR;7903800;589;
24.04.2025;08:54:56.846;FDAX SI 20250620 CS;SIMPLE_INSTRUMENT;VOLA;EUR;671088648;21910.00000000;23;EXCHANGE_LAST;;1;1;XEUR;7903800;589;
24.04.2025;14:46:40.559;FDAX SI 20250620 CS;SIMPLE_INSTRUMENT;VOLA;EUR;671088655;22175.00000000;30;EXCHANGE_LAST;;1;1;XEUR;7903800;589;
24.04.2025;07:56:03.026;FEBD SI 20271217 CS;SIMPLE_INSTRUMENT;BLOCK;EUR;7;9.52000000;250;EXCHANGE_LAST;;1;1;XEUR;7776307;597;
24.04.2025;08:45:37.543;FEBD.S.DEC26.DEC27.SPD;FUTURES_SPREAD;BLOCK;EUR;12;0.80000000;250;EXCHANGE_LAST;;1;1;XEUR;72060158133407028;597;
24.04.2025;08:45:37.543;FEBD SI 20261218 CS;SIMPLE_INSTRUMENT;BLOCK;EUR;12;10.30000000;250;PRC_DECOMP_EXCHANGE;;;;XEUR;7158212;597;EXCHANGE
24.04.2025;08:45:37.543;FEBD SI 20271217 CS;SIMPLE_INSTRUMENT;BLOCK;EUR;12;9.50000000;250;PRC_DECOMP_EXCHANGE;;;;XEUR;7776307;597;EXCHANGE
24.04.2025;10:42:45.683;FEBD SI 20261218 CS;SIMPLE_INSTRUMENT;BLOCK;EUR;26;10.30000000;500;EXCHANGE_LAST;;1;1;XEUR;7158212;597;
24.04.2025;10:45:34.323;FEBD.S.DEC26.DEC27.SPD;FUTURES_SPREAD;BLOCK;EUR;27;0.79000000;250;EXCHANGE_LAST;;1;1;XEUR;72060158133407028;597;
24.04.2025;10:45:34.323;FEBD SI 20271217 CS;SIMPLE_INSTRUMENT;BLOCK;EUR;27;9.51000000;250;PRC_DECOMP_MEMBER;;;;XEUR;7776307;597;MEMBER
24.04.2025;10:45:34.323;FEBD SI 20261218 CS;SIMPLE_INSTRUMENT;BLOCK;EUR;27;10.30000000;250;PRC_DECOMP_MEMBER;;;;XEUR;7158212;597;MEMBER
24.04.2025;10:48:55.322;FEBD SI 20271217 CS;SIMPLE_INSTRUMENT;BLOCK;EUR;28;9.53000000;250;EXCHANGE_LAST;;1;1;XEUR;7776307;597;
24.04.2025;11:17:05.849;FEBD SI 20271217 CS;SIMPLE_INSTRUMENT;BLOCK;EUR;31;9.53000000;250;EXCHANGE_LAST;;1;1;XEUR;7776307;597;
24.04.2025;13:34:46.723;FEBD.S.DEC26.DEC27.SPD;FUTURES_SPREAD;BLOCK;EUR;59;0.77000000;500;EXCHANGE_LAST;;1;1;XEUR;72060158133407028;597;
24.04.2025;13:34:46.723;FEBD SI 20261218 CS;SIMPLE_INSTRUMENT;BLOCK;EUR;59;10.28000000;500;PRC_DECOMP_EXCHANGE;;;;XEUR;7158212;597;EXCHANGE
24.04.2025;13:34:46.723;FEBD SI 20271217 CS;SIMPLE_INSTRUMENT;BLOCK;EUR;59;9.51000000;500;PRC_DECOMP_EXCHANGE;;;;XEUR;7776307;597;EXCHANGE
24.04.2025;14:11:20.183;FEBD.S.DEC26.DEC27.SPD;FUTURES_SPREAD;BLOCK;EUR;64;0.78000000;150;EXCHANGE_LAST;;1;1;XEUR;72060158133407028;597;
24.04.2025;14:11:20.183;FEBD SI 20261218 CS;SIMPLE_INSTRUMENT;BLOCK;EUR;64;10.26000000;150;PRC_DECOMP_MEMBER;;;;XEUR;7158212;597;MEMBER
24.04.2025;14:11:20.183;FEBD SI 20271217 CS;SIMPLE_INSTRUMENT;BLOCK;EUR;64;9.48000000;150;PRC_DECOMP_MEMBER;;;;XEUR;7776307;597;MEMBER
24.04.2025;14:34:20.423;FEBD.S.DEC26.DEC27.SPD;FUTURES_SPREAD;BLOCK;EUR;68;0.79000000;250;EXCHANGE_LAST;;2;1;XEUR;72060158133407028;597;
24.04.2025;14:34:20.423;FEBD SI 20261218 CS;SIMPLE_INSTRUMENT;BLOCK;EUR;68;10.29000000;250;PRC_DECOMP_EXCHANGE;;;;XEUR;7158212;597;EXCHANGE
24.04.2025;14:34:20.423;FEBD SI 20271217 CS;SIMPLE_INSTRUMENT;BLOCK;EUR;68;9.50000000;250;PRC_DECOMP_EXCHANGE;;;;XEUR;7776307;597;EXCHANGE
24.04.2025;07:25:58.865;FECX SI 20250620 CS;SIMPLE_INSTRUMENT;BLOCK;EUR;1;167.28000000;35;EXCHANGE_LAST;;1;1;XEUR;11949125;410158;
24.04.2025;07:49:14.072;FECX SI 20250620 CS;SIMPLE_INSTRUMENT;BLOCK;EUR;4;167.28000000;351;EXCHANGE_LAST;;1;1;XEUR;11949125;410158;
24.04.2025;10:01:29.488;FECX SI 20250620 CS;SIMPLE_INSTRUMENT;BLOCK;EUR;24;167.27000000;57;EXCHANGE_LAST;;1;1;XEUR;11949125;410158;
24.04.2025;12:36:59.016;FEDV SI 20250620 CS;SIMPLE_INSTRUMENT;BLOCK;EUR;45;1838.00000000;2000;EXCHANGE_LAST;;1;1;XEUR;11880642;596;
24.04.2025;12:40:19.339;FEDV SI 20250620 CS;SIMPLE_INSTRUMENT;BLOCK;EUR;47;1838.00000000;2000;EXCHANGE_LAST;;1;1;XEUR;11880642;596;
24.04.2025;12:43:49.139;FEDV SI 20250620 CS;SIMPLE_INSTRUMENT;BLOCK;EUR;48;1838.00000000;2000;EXCHANGE_LAST;;1;1;XEUR;11880642;596;
24.04.2025;12:55:10.482;FEDV SI 20250620 CS;SIMPLE_INSTRUMENT;BLOCK;EUR;50;1838.00000000;1000;EXCHANGE_LAST;;1;1;XEUR;11880642;596;
24.04.2025;13:14:59.268;FEDV SI 20250620 CS;SIMPLE_INSTRUMENT;BLOCK;EUR;52;1838.00000000;1500;EXCHANGE_LAST;;1;1;XEUR;11880642;596;
24.04.2025;14:49:51.388;FEDV SI 20250620 CS;SIMPLE_INSTRUMENT;BLOCK;EUR;71;1840.00000000;1000;EXCHANGE_LAST;;1;1;XEUR;11880642;596;
24.04.2025;16:13:58.646;FEDV SI 20250620 CS;SIMPLE_INSTRUMENT;EFP_IDX;EUR;93;1842.50000000;83;EXCHANGE_LAST;;1;1;XEUR;11880642;596;
24.04.2025;16:14:00.315;FEDV SI 20250620 CS;SIMPLE_INSTRUMENT;EFP_IDX;EUR;94;1843.50000000;70;EXCHANGE_LAST;;1;1;XEUR;11880642;596;
24.04.2025;12:30:31.910;FES1 SI 20250620 PS;SIMPLE_INSTRUMENT;BLOCK;EUR;43;-50.30000000;139;EXCHANGE_LAST;;1;1;XEUR;11910814;58959;
24.04.2025;15:12:02.855;FES1 SI 20250620 PS;SIMPLE_INSTRUMENT;BLOCK;EUR;73;-50.20000000;100;EXCHANGE_LAST;;1;1;XEUR;11910814;58959;
24.04.2025;15:55:38.388;FESB SI 20250620 CS;SIMPLE_INSTRUMENT;EFP_IDX;EUR;57;178.45000000;588;EXCHANGE_LAST;;1;1;XEUR;11880665;605;
24.04.2025;15:55:19.814;FESB SI 20250620 CS;SIMPLE_INSTRUMENT;EFP_IDX;EUR;58;178.50000000;882;EXCHANGE_LAST;;1;1;XEUR;11880665;605;
24.04.2025;14:45:31.333;FESB SI 20250620 CS;SIMPLE_INSTRUMENT;VOLA;EUR;603979819;178.25000000;308;EXCHANGE_LAST;;1;1;XEUR;11880665;605;
24.04.2025;14:53:46.131;FESB SI 20250620 CS;SIMPLE_INSTRUMENT;VOLA;EUR;603979820;178.25000000;70;EXCHANGE_LAST;;1;1;XEUR;11880665;605;
24.04.2025;14:53:56.740;FESB SI 20250620 CS;SIMPLE_INSTRUMENT;VOLA;EUR;603979821;178.15000000;702;EXCHANGE_LAST;;1;1;XEUR;11880665;605;
24.04.2025;15:48:01.277;FESB SI 20250620 CS;SIMPLE_INSTRUMENT;VOLA;EUR;603979837;177.50000000;300;EXCHANGE_LAST;;1;1;XEUR;11880665;605;
24.04.2025;14:31:13.569;FESX SI 20250620 CS;SIMPLE_INSTRUMENT;BLOCK;EUR;1;5043.00000000;3000;EXCHANGE_LAST;;1;1;XEUR;7904020;675;
24.04.2025;15:44:46.443;FESX SI 20250620 CS;SIMPLE_INSTRUMENT;EFP_IDX;EUR;2;5064.00000000;127;EXCHANGE_LAST;;1;1;XEUR;7904020;675;
24.04.2025;15:45:21.728;FESX SI 20250620 CS;SIMPLE_INSTRUMENT;BLOCK;EUR;3;5067.00000000;2439;EXCHANGE_LAST;;1;1;XEUR;7904020;675;
24.04.2025;15:45:23.689;FESX SI 20250620 CS;SIMPLE_INSTRUMENT;BLOCK;EUR;4;5062.00000000;2028;EXCHANGE_LAST;;1;1;XEUR;7904020;675;
24.04.2025;15:45:43.041;FESX SI 20250620 CS;SIMPLE_INSTRUMENT;EFP_IDX;EUR;5;5065.00000000;751;EXCHANGE_LAST;;1;1;XEUR;7904020;675;
24.04.2025;15:54:07.879;FESX SI 20250620 CS;SIMPLE_INSTRUMENT;EFP_IDX;EUR;6;5064.00000000;10;EXCHANGE_LAST;;1;1;XEUR;7904020;675;
24.04.2025;15:54:22.343;FESX SI 20250620 CS;SIMPLE_INSTRUMENT;EFP_IDX;EUR;7;5065.00000000;490;EXCHANGE_LAST;;1;1;XEUR;7904020;675;
24.04.2025;15:53:56.375;FESX SI 20250620 CS;SIMPLE_INSTRUMENT;EFP_IDX;EUR;8;5064.00000000;33;EXCHANGE_LAST;;1;1;XEUR;7904020;675;
24.04.2025;15:54:54.047;FESX SI 20250620 CS;SIMPLE_INSTRUMENT;EFP_IDX;EUR;9;5065.00000000;1647;EXCHANGE_LAST;;1;1;XEUR;7904020;675;
24.04.2025;07:56:24.019;FESX SI 20250620 CS;SIMPLE_INSTRUMENT;VOLA;EUR;637534219;5020.00000000;280;EXCHANGE_LAST;;1;1;XEUR;7904020;675;
24.04.2025;07:57:19.428;FESX SI 20250620 CS;SIMPLE_INSTRUMENT;VOLA;EUR;637534220;5020.00000000;280;EXCHANGE_LAST;;1;1;XEUR;7904020;675;
24.04.2025;08:13:55.308;FESX SI 20250620 CS;SIMPLE_INSTRUMENT;VOLA;EUR;637534230;5000.00000000;300;EXCHANGE_LAST;;1;1;XEUR;7904020;675;
24.04.2025;08:48:28.796;FESX SI 20250620 CS;SIMPLE_INSTRUMENT;VOLA;EUR;637534251;5005.00000000;470;EXCHANGE_LAST;;1;1;XEUR;7904020;675;
24.04.2025;08:54:42.003;FESX SI 20250620 CS;SIMPLE_INSTRUMENT;VOLA;EUR;637534257;4998.00000000;1400;EXCHANGE_LAST;;1;1;XEUR;7904020;675;
24.04.2025;09:01:41.794;FESX SI 20250620 CS;SIMPLE_INSTRUMENT;VOLA;EUR;637534259;5000.00000000;524;EXCHANGE_LAST;;1;1;XEUR;7904020;675;
24.04.2025;09:48:16.262;FESX SI 20250620 CS;SIMPLE_INSTRUMENT;VOLA;EUR;637534276;4995.00000000;10;EXCHANGE_LAST;;1;1;XEUR;7904020;675;
24.04.2025;10:14:51.842;FESX SI 20250620 CS;SIMPLE_INSTRUMENT;VOLA;EUR;637534293;5021.00000000;1379;EXCHANGE_LAST;;1;1;XEUR;7904020;675;
24.04.2025;10:38:49.664;FESX SI 20250620 CS;SIMPLE_INSTRUMENT;VOLA;EUR;637534301;5030.00000000;110;EXCHANGE_LAST;;1;1;XEUR;7904020;675;
24.04.2025;11:05:20.667;FESX SI 20250620 CS;SIMPLE_INSTRUMENT;VOLA;EUR;637534307;5033.00000000;390;EXCHANGE_LAST;;1;1;XEUR;7904020;675;
24.04.2025;12:26:13.810;FESX SI 20250620 CS;SIMPLE_INSTRUMENT;VOLA;EUR;637534331;4995.00000000;12;EXCHANGE_LAST;;1;1;XEUR;7904020;675;
24.04.2025;13:48:58.575;FESX SI 20250620 CS;SIMPLE_INSTRUMENT;VOLA;EUR;637534353;4991.00000000;10;EXCHANGE_LAST;;1;1;XEUR;7904020;675;
24.04.2025;13:52:06.224;FESX SI 20250620 CS;SIMPLE_INSTRUMENT;VOLA;EUR;637534355;5040.00000000;390;EXCHANGE_LAST;;1;1;XEUR;7904020;675;
24.04.2025;14:27:37.691;FESX SI 20250620 CS;SIMPLE_INSTRUMENT;VOLA;EUR;637534367;5030.00000000;390;EXCHANGE_LAST;;1;1;XEUR;7904020;675;
24.04.2025;14:36:04.123;FESX SI 20250620 CS;SIMPLE_INSTRUMENT;VOLA;EUR;637534375;5030.00000000;20;EXCHANGE_LAST;;1;1;XEUR;7904020;675;
24.04.2025;07:49:38.908;FEXD SI 20250620 CS;SIMPLE_INSTRUMENT;BLOCK;EUR;5;129.60000000;500;EXCHANGE_LAST;;1;1;XEUR;9548493;693;
24.04.2025;07:49:39.083;FEXD SI 20250620 CS;SIMPLE_INSTRUMENT;BLOCK;EUR;6;129.70000000;500;EXCHANGE_LAST;;1;1;XEUR;9548493;693;
24.04.2025;08:18:26.786;FEXD SI 20261218 CS;SIMPLE_INSTRUMENT;BLOCK;EUR;9;151.10000000;500;EXCHANGE_LAST;;1;1;XEUR;2163053;693;
24.04.2025;08:29:53.274;FEXD SI 20281215 CS;SIMPLE_INSTRUMENT;BLOCK;EUR;10;140.70000000;700;EXCHANGE_LAST;;2;1;XEUR;3680985;693;
24.04.2025;08:35:54.337;FEXD SI 20261218 CS;SIMPLE_INSTRUMENT;BLOCK;EUR;11;151.00000000;300;EXCHANGE_LAST;;1;1;XEUR;2163053;693;
24.04.2025;08:49:24.611;FEXD SI 20281215 CS;SIMPLE_INSTRUMENT;BLOCK;EUR;13;141.20000000;1355;EXCHANGE_LAST;;1;1;XEUR;3680985;693;
24.04.2025;08:50:14.850;FEXD SI 20261218 CS;SIMPLE_INSTRUMENT;BLOCK;EUR;14;150.80000000;1267;EXCHANGE_LAST;;1;1;XEUR;2163053;693;
24.04.2025;09:02:53.076;FEXD.S.DEC27.DEC29.SPD;FUTURES_SPREAD;BLOCK;EUR;15;8.40000000;500;EXCHANGE_LAST;;1;1;XEUR;72060570450264170;693;
24.04.2025;09:02:53.076;FEXD SI 20271217 CS;SIMPLE_INSTRUMENT;BLOCK;EUR;15;145.90000000;500;PRC_DECOMP_MEMBER;;;;XEUR;2848338;693;MEMBER
24.04.2025;09:02:53.076;FEXD SI 20291221 CS;SIMPLE_INSTRUMENT;BLOCK;EUR;15;137.50000000;500;PRC_DECOMP_MEMBER;;;;XEUR;4631968;693;MEMBER
24.04.2025;09:04:06.372;FEXD SI 20281215 CS;SIMPLE_INSTRUMENT;BLOCK;EUR;16;140.90000000;300;EXCHANGE_LAST;;1;1;XEUR;3680985;693;
24.04.2025;09:13:16.905;FEXD.S.DEC29.DEC30.SPD;FUTURES_SPREAD;BLOCK;EUR;17;2.90000000;500;EXCHANGE_LAST;;1;1;XEUR;72060570450264203;693;
24.04.2025;09:13:16.905;FEXD SI 20291221 CS;SIMPLE_INSTRUMENT;BLOCK;EUR;17;137.90000000;500;PRC_DECOMP_MEMBER;;;;XEUR;4631968;693;MEMBER
24.04.2025;09:13:16.905;FEXD SI 20301220 CS;SIMPLE_INSTRUMENT;BLOCK;EUR;17;135.00000000;500;PRC_DECOMP_MEMBER;;;;XEUR;5914108;693;MEMBER
24.04.2025;09:28:15.165;FEXD.S.DEC28.DEC30.SPD;FUTURES_SPREAD;BLOCK;EUR;18;6.30000000;250;EXCHANGE_LAST;;1;1;XEUR;72060570450264202;693;
24.04.2025;09:28:15.165;FEXD SI 20301220 CS;SIMPLE_INSTRUMENT;BLOCK;EUR;18;134.90000000;250;PRC_DECOMP_MEMBER;;;;XEUR;5914108;693;MEMBER
24.04.2025;09:28:15.165;FEXD SI 20281215 CS;SIMPLE_INSTRUMENT;BLOCK;EUR;18;141.20000000;250;PRC_DECOMP_MEMBER;;;;XEUR;3680985;693;MEMBER
24.04.2025;09:31:21.647;FEXD.S.DEC26.DEC28.SPD;FUTURES_SPREAD;BLOCK;EUR;19;10.00000000;750;EXCHANGE_LAST;;1;1;XEUR;72060570450264161;693;
24.04.2025;09:31:21.647;FEXD SI 20261218 CS;SIMPLE_INSTRUMENT;BLOCK;EUR;19;151.30000000;750;PRC_DECOMP_EXCHANGE;;;;XEUR;2163053;693;EXCHANGE
24.04.2025;09:31:21.647;FEXD SI 20281215 CS;SIMPLE_INSTRUMENT;BLOCK;EUR;19;141.30000000;750;PRC_DECOMP_EXCHANGE;;;;XEUR;3680985;693;EXCHANGE
24.04.2025;09:32:40.704;FEXD SI 20251219 CS;SIMPLE_INSTRUMENT;BLOCK;EUR;20;164.60000000;1000;EXCHANGE_LAST;;1;1;XEUR;1548120;693;
24.04.2025;09:45:16.402;FEXD.S.DEC26.DEC28.SPD;FUTURES_SPREAD;BLOCK;EUR;22;10.00000000;200;EXCHANGE_LAST;;1;1;XEUR;72060570450264161;693;
24.04.2025;09:45:16.402;FEXD SI 20261218 CS;SIMPLE_INSTRUMENT;BLOCK;EUR;22;151.20000000;200;PRC_DECOMP_MEMBER;;;;XEUR;2163053;693;MEMBER
24.04.2025;09:45:16.402;FEXD SI 20281215 CS;SIMPLE_INSTRUMENT;BLOCK;EUR;22;141.20000000;200;PRC_DECOMP_MEMBER;;;;XEUR;3680985;693;MEMBER
24.04.2025;10:38:31.381;FEXD SI 20301220 CS;SIMPLE_INSTRUMENT;BLOCK;EUR;25;135.70000000;500;EXCHANGE_LAST;;1;1;XEUR;5914108;693;
24.04.2025;10:51:00.672;FEXD SI 20261218 CS;SIMPLE_INSTRUMENT;BLOCK;EUR;29;151.50000000;2000;EXCHANGE_LAST;;1;1;XEUR;2163053;693;
24.04.2025;11:50:10.284;FEXD SI 20281215 CS;SIMPLE_INSTRUMENT;BLOCK;EUR;34;141.60000000;700;EXCHANGE_LAST;;2;1;XEUR;3680985;693;
24.04.2025;11:51:52.636;FEXD SI 20271217 CS;SIMPLE_INSTRUMENT;BLOCK;EUR;35;146.00000000;1000;EXCHANGE_LAST;;1;1;XEUR;2848338;693;
24.04.2025;12:07:28.794;FEXD SI 20281215 CS;SIMPLE_INSTRUMENT;BLOCK;EUR;37;141.60000000;100;EXCHANGE_LAST;;1;1;XEUR;3680985;693;
24.04.2025;12:12:13.224;FEXD SI 20281215 CS;SIMPLE_INSTRUMENT;BLOCK;EUR;38;141.60000000;200;EXCHANGE_LAST;;1;1;XEUR;3680985;693;
24.04.2025;12:34:12.332;FEXD SI 20281215 CS;SIMPLE_INSTRUMENT;BLOCK;EUR;44;141.20000000;500;EXCHANGE_LAST;;1;1;XEUR;3680985;693;
24.04.2025;12:57:28.967;FEXD.S.DEC27.DEC28.SPD;FUTURES_SPREAD;BLOCK;EUR;49;4.60000000;300;EXCHANGE_LAST;;1;1;XEUR;72060570450264162;693;
24.04.2025;12:57:28.967;FEXD SI 20281215 CS;SIMPLE_INSTRUMENT;BLOCK;EUR;49;141.70000000;300;PRC_DECOMP_MEMBER;;;;XEUR;3680985;693;MEMBER
24.04.2025;12:57:28.967;FEXD SI 20271217 CS;SIMPLE_INSTRUMENT;BLOCK;EUR;49;146.30000000;300;PRC_DECOMP_MEMBER;;;;XEUR;2848338;693;MEMBER
24.04.2025;13:23:46.319;FEXD SI 20261218 CS;SIMPLE_INSTRUMENT;BLOCK;EUR;51;151.60000000;1000;EXCHANGE_LAST;;1;1;XEUR;2163053;693;
24.04.2025;13:25:38.707;FEXD SI 20251219 CS;SIMPLE_INSTRUMENT;BLOCK;EUR;56;164.70000000;135;EXCHANGE_LAST;;1;1;XEUR;1548120;693;
24.04.2025;13:25:49.284;FEXD SI 20251219 CS;SIMPLE_INSTRUMENT;BLOCK;EUR;57;164.80000000;135;EXCHANGE_LAST;;1;1;XEUR;1548120;693;
24.04.2025;13:35:34.483;FEXD SI 20261218 CS;SIMPLE_INSTRUMENT;BLOCK;EUR;58;151.40000000;1000;EXCHANGE_LAST;;1;1;XEUR;2163053;693;
24.04.2025;14:22:53.331;FEXD SI 20251219 CS;SIMPLE_INSTRUMENT;BLOCK;EUR;65;164.70000000;180;EXCHANGE_LAST;;1;1;XEUR;1548120;693;
24.04.2025;14:25:15.226;FEXD SI 20250620 CS;SIMPLE_INSTRUMENT;BLOCK;EUR;66;129.60000000;950;EXCHANGE_LAST;;1;1;XEUR;9548493;693;
24.04.2025;14:25:29.544;FEXD SI 20250620 CS;SIMPLE_INSTRUMENT;BLOCK;EUR;67;129.70000000;950;EXCHANGE_LAST;;1;1;XEUR;9548493;693;
24.04.2025;14:44:19.811;FEXD SI 20250620 CS;SIMPLE_INSTRUMENT;BLOCK;EUR;69;129.60000000;1000;EXCHANGE_LAST;;1;2;XEUR;9548493;693;
24.04.2025;14:44:19.996;FEXD SI 20250620 CS;SIMPLE_INSTRUMENT;BLOCK;EUR;70;129.70000000;1000;EXCHANGE_LAST;;1;2;XEUR;9548493;693;
24.04.2025;15:28:03.741;FEXD SI 20261218 CS;SIMPLE_INSTRUMENT;BLOCK;EUR;74;151.20000000;242;EXCHANGE_LAST;;1;1;XEUR;2163053;693;
24.04.2025;15:31:51.532;FEXD SI 20250620 CS;SIMPLE_INSTRUMENT;BLOCK;EUR;75;129.60000000;500;EXCHANGE_LAST;;1;1;XEUR;9548493;693;
24.04.2025;15:31:52.610;FEXD SI 20250620 CS;SIMPLE_INSTRUMENT;BLOCK;EUR;76;129.70000000;500;EXCHANGE_LAST;;1;1;XEUR;9548493;693;
24.04.2025;15:45:13.536;FEXD SI 20250620 CS;SIMPLE_INSTRUMENT;BLOCK;EUR;78;129.60000000;1000;EXCHANGE_LAST;;1;1;XEUR;9548493;693;
24.04.2025;15:45:13.745;FEXD SI 20250620 CS;SIMPLE_INSTRUMENT;BLOCK;EUR;79;129.70000000;1000;EXCHANGE_LAST;;1;1;XEUR;9548493;693;
24.04.2025;08:21:32.826;FEXD SI 20261218 CS;SIMPLE_INSTRUMENT;VOLA;EUR;301989892;151.50000000;65;EXCHANGE_LAST;;1;1;XEUR;2163053;693;
24.04.2025;15:41:55.549;FFOX SI 20250619 CS;SIMPLE_INSTRUMENT;BLOCK;EUR;5;4369.70000000;150;EXCHANGE_LAST;;1;1;XEUR;11881292;695;
24.04.2025;06:43:13.995;FGBL SI 20250606 PS;SIMPLE_INSTRUMENT;EFS;EUR;1;131.40000000;243;EXCHANGE_LAST;;1;1;XEUR;11820389;688;
24.04.2025;07:05:21.060;FGBL SI 20250606 PS;SIMPLE_INSTRUMENT;EFS;EUR;2;131.39000000;386;EXCHANGE_LAST;;1;1;XEUR;11820389;688;
24.04.2025;07:27:36.032;FGBL SI 20250606 PS;SIMPLE_INSTRUMENT;EFS;EUR;3;131.52000000;100;EXCHANGE_LAST;;1;1;XEUR;11820389;688;
24.04.2025;07:33:42.724;FGBL SI 20250606 PS;SIMPLE_INSTRUMENT;EFS;EUR;4;131.33000000;195;EXCHANGE_LAST;;1;1;XEUR;11820389;688;
24.04.2025;07:35:02.140;FGBL SI 20250606 PS;SIMPLE_INSTRUMENT;EFS;EUR;5;131.56000000;429;EXCHANGE_LAST;;1;1;XEUR;11820389;688;
24.04.2025;07:38:22.286;FGBL SI 20250606 PS;SIMPLE_INSTRUMENT;EFS;EUR;6;131.55000000;215;EXCHANGE_LAST;;1;1;XEUR;11820389;688;
24.04.2025;07:44:42.591;FGBL SI 20250606 PS;SIMPLE_INSTRUMENT;EFS;EUR;7;131.56000000;429;EXCHANGE_LAST;;1;1;XEUR;11820389;688;
24.04.2025;07:50:22.897;FGBL SI 20250606 PS;SIMPLE_INSTRUMENT;EFS;EUR;8;131.54000000;429;EXCHANGE_LAST;;1;1;XEUR;11820389;688;
24.04.2025;07:51:53.970;FGBL SI 20250606 PS;SIMPLE_INSTRUMENT;EFS;EUR;9;131.54000000;215;EXCHANGE_LAST;;1;1;XEUR;11820389;688;
24.04.2025;07:54:42.785;FGBL SI 20250606 PS;SIMPLE_INSTRUMENT;EFS;EUR;10;131.57000000;214;EXCHANGE_LAST;;1;1;XEUR;11820389;688;
24.04.2025;07:59:09.995;FGBL SI 20250606 PS;SIMPLE_INSTRUMENT;EFS;EUR;11;131.54000000;487;EXCHANGE_LAST;;1;1;XEUR;11820389;688;
24.04.2025;08:02:49.906;FGBL SI 20250606 PS;SIMPLE_INSTRUMENT;EFS;EUR;12;131.54000000;379;EXCHANGE_LAST;;1;1;XEUR;11820389;688;
24.04.2025;08:12:48.818;FGBL SI 20250606 PS;SIMPLE_INSTRUMENT;EFS;EUR;13;131.55000000;409;EXCHANGE_LAST;;1;1;XEUR;11820389;688;
24.04.2025;08:09:02.712;FGBL SI 20250606 PS;SIMPLE_INSTRUMENT;EFS;EUR;14;131.54000000;487;EXCHANGE_LAST;;1;1;XEUR;11820389;688;
24.04.2025;08:09:05.625;FGBL SI 20250606 PS;SIMPLE_INSTRUMENT;EFS;EUR;15;131.49000000;215;EXCHANGE_LAST;;1;1;XEUR;11820389;688;
24.04.2025;08:20:57.206;FGBL SI 20250606 PS;SIMPLE_INSTRUMENT;EFS;EUR;16;131.55000000;859;EXCHANGE_LAST;;1;1;XEUR;11820389;688;
24.04.2025;08:24:23.350;FGBL SI 20250606 PS;SIMPLE_INSTRUMENT;EFS;EUR;17;131.57000000;488;EXCHANGE_LAST;;1;1;XEUR;11820389;688;
24.04.2025;08:25:17.826;FGBL SI 20250606 PS;SIMPLE_INSTRUMENT;EFS;EUR;18;131.54000000;429;EXCHANGE_LAST;;1;1;XEUR;11820389;688;
24.04.2025;08:29:12.501;FGBL SI 20250606 PS;SIMPLE_INSTRUMENT;EFS;EUR;19;131.57000000;429;EXCHANGE_LAST;;1;1;XEUR;11820389;688;
24.04.2025;08:35:09.476;FGBL SI 20250606 PS;SIMPLE_INSTRUMENT;EFP_FIN;EUR;20;131.62000000;1345;EXCHANGE_LAST;;1;1;XEUR;11820389;688;
24.04.2025;08:39:36.039;FGBL SI 20250606 PS;SIMPLE_INSTRUMENT;EFS;EUR;21;131.56000000;430;EXCHANGE_LAST;;1;1;XEUR;11820389;688;
24.04.2025;08:40:54.059;FGBL SI 20250606 PS;SIMPLE_INSTRUMENT;EFP_FIN;EUR;22;131.54000000;63;EXCHANGE_LAST;;1;1;XEUR;11820389;688;
24.04.2025;08:41:24.026;FGBL SI 20250606 PS;SIMPLE_INSTRUMENT;EFS;EUR;23;131.57000000;429;EXCHANGE_LAST;;1;1;XEUR;11820389;688;
24.04.2025;08:41:50.315;FGBL SI 20250606 PS;SIMPLE_INSTRUMENT;EFP_FIN;EUR;24;131.54000000;1596;EXCHANGE_LAST;;1;1;XEUR;11820389;688;
24.04.2025;08:43:04.994;FGBL SI 20250606 PS;SIMPLE_INSTRUMENT;EFP_FIN;EUR;25;131.57000000;477;EXCHANGE_LAST;;1;1;XEUR;11820389;688;
24.04.2025;08:54:27.786;FGBL SI 20250606 PS;SIMPLE_INSTRUMENT;EFS;EUR;26;131.68000000;486;EXCHANGE_LAST;;1;1;XEUR;11820389;688;
24.04.2025;08:57:16.403;FGBL SI 20250606 PS;SIMPLE_INSTRUMENT;EFS;EUR;27;131.68000000;214;EXCHANGE_LAST;;1;1;XEUR;11820389;688;
24.04.2025;08:57:31.192;FGBL SI 20250606 PS;SIMPLE_INSTRUMENT;EFS;EUR;28;131.66000000;185;EXCHANGE_LAST;;1;1;XEUR;11820389;688;
24.04.2025;08:58:17.687;FGBL SI 20250606 PS;SIMPLE_INSTRUMENT;EFS;EUR;29;131.68000000;214;EXCHANGE_LAST;;1;1;XEUR;11820389;688;
24.04.2025;09:00:24.352;FGBL SI 20250606 PS;SIMPLE_INSTRUMENT;EFS;EUR;30;131.65000000;428;EXCHANGE_LAST;;1;1;XEUR;11820389;688;
24.04.2025;09:02:36.880;FGBL SI 20250606 PS;SIMPLE_INSTRUMENT;EFS;EUR;31;131.67000000;486;EXCHANGE_LAST;;1;1;XEUR;11820389;688;
24.04.2025;09:04:42.048;FGBL SI 20250606 PS;SIMPLE_INSTRUMENT;EFS;EUR;32;131.68000000;214;EXCHANGE_LAST;;1;1;XEUR;11820389;688;
24.04.2025;09:06:16.073;FGBL SI 20250606 PS;SIMPLE_INSTRUMENT;EFS;EUR;34;131.71000000;643;EXCHANGE_LAST;;1;1;XEUR;11820389;688;
24.04.2025;09:09:38.260;FGBL SI 20250606 PS;SIMPLE_INSTRUMENT;EFS;EUR;35;131.71000000;429;EXCHANGE_LAST;;1;1;XEUR;11820389;688;
24.04.2025;09:10:42.405;FGBL SI 20250606 PS;SIMPLE_INSTRUMENT;EFP_FIN;EUR;36;131.65000000;170;EXCHANGE_LAST;;1;1;XEUR;11820389;688;
24.04.2025;09:14:35.791;FGBL SI 20250606 PS;SIMPLE_INSTRUMENT;EFP_FIN;EUR;38;131.70000000;250;EXCHANGE_LAST;;1;1;XEUR;11820389;688;
24.04.2025;09:14:18.569;FGBL SI 20250606 PS;SIMPLE_INSTRUMENT;EFS;EUR;39;131.72000000;214;EXCHANGE_LAST;;1;1;XEUR;11820389;688;
24.04.2025;09:15:06.748;FGBL SI 20250606 PS;SIMPLE_INSTRUMENT;EFP_FIN;EUR;40;131.65000000;249;EXCHANGE_LAST;;1;1;XEUR;11820389;688;
24.04.2025;09:16:21.511;FGBL SI 20250606 PS;SIMPLE_INSTRUMENT;EFS;EUR;41;131.71000000;343;EXCHANGE_LAST;;1;1;XEUR;11820389;688;
24.04.2025;09:22:11.182;FGBL SI 20250606 PS;SIMPLE_INSTRUMENT;EFS;EUR;42;131.73000000;429;EXCHANGE_LAST;;1;1;XEUR;11820389;688;
24.04.2025;09:23:11.719;FGBL SI 20250606 PS;SIMPLE_INSTRUMENT;EFS;EUR;43;131.73000000;206;EXCHANGE_LAST;;1;1;XEUR;11820389;688;
24.04.2025;09:24:05.856;FGBL SI 20250606 PS;SIMPLE_INSTRUMENT;EFS;EUR;44;131.73000000;429;EXCHANGE_LAST;;1;1;XEUR;11820389;688;
24.04.2025;09:25:12.832;FGBL SI 20250606 PS;SIMPLE_INSTRUMENT;EFS;EUR;45;131.71000000;429;EXCHANGE_LAST;;1;1;XEUR;11820389;688;
24.04.2025;09:25:22.294;FGBL SI 20250606 PS;SIMPLE_INSTRUMENT;EFS;EUR;46;131.75000000;200;EXCHANGE_LAST;;1;1;XEUR;11820389;688;
24.04.2025;09:26:57.923;FGBL SI 20250606 PS;SIMPLE_INSTRUMENT;EFS;EUR;47;131.71000000;214;EXCHANGE_LAST;;1;1;XEUR;11820389;688;
24.04.2025;09:28:22.988;FGBL SI 20250606 PS;SIMPLE_INSTRUMENT;EFS;EUR;48;131.69000000;429;EXCHANGE_LAST;;1;1;XEUR;11820389;688;
24.04.2025;09:29:00.780;FGBL SI 20250606 PS;SIMPLE_INSTRUMENT;EFP_FIN;EUR;49;131.72000000;77;EXCHANGE_LAST;;1;1;XEUR;11820389;688;
24.04.2025;09:29:23.037;FGBL SI 20250606 PS;SIMPLE_INSTRUMENT;EFS;EUR;50;131.69000000;429;EXCHANGE_LAST;;1;1;XEUR;11820389;688;
24.04.2025;09:31:20.599;FGBL SI 20250606 PS;SIMPLE_INSTRUMENT;EFS;EUR;51;131.70000000;250;EXCHANGE_LAST;;1;1;XEUR;11820389;688;
24.04.2025;09:32:23.607;FGBL SI 20250606 PS;SIMPLE_INSTRUMENT;EFS;EUR;52;131.69000000;257;EXCHANGE_LAST;;1;1;XEUR;11820389;688;
24.04.2025;09:37:19.375;FGBL SI 20250606 PS;SIMPLE_INSTRUMENT;EFS;EUR;53;131.67000000;429;EXCHANGE_LAST;;1;1;XEUR;11820389;688;
24.04.2025;09:38:01.753;FGBL SI 20250606 PS;SIMPLE_INSTRUMENT;EFS;EUR;54;131.70000000;85;EXCHANGE_LAST;;1;1;XEUR;11820389;688;
24.04.2025;09:38:04.406;FGBL SI 20250606 PS;SIMPLE_INSTRUMENT;EFS;EUR;55;131.68000000;214;EXCHANGE_LAST;;1;1;XEUR;11820389;688;
24.04.2025;09:42:16.010;FGBL SI 20250606 PS;SIMPLE_INSTRUMENT;EFP_FIN;EUR;56;131.65000000;166;EXCHANGE_LAST;;1;1;XEUR;11820389;688;
24.04.2025;09:44:45.679;FGBL SI 20250606 PS;SIMPLE_INSTRUMENT;EFS;EUR;57;131.60000000;429;EXCHANGE_LAST;;1;1;XEUR;11820389;688;
24.04.2025;09:46:17.068;FGBL SI 20250606 PS;SIMPLE_INSTRUMENT;EFP_FIN;EUR;58;131.71000000;1020;EXCHANGE_LAST;;1;1;XEUR;11820389;688;
24.04.2025;09:50:40.943;FGBL SI 20250606 PS;SIMPLE_INSTRUMENT;EFS;EUR;59;131.60000000;429;EXCHANGE_LAST;;1;1;XEUR;11820389;688;
24.04.2025;09:57:11.205;FGBL SI 20250606 PS;SIMPLE_INSTRUMENT;EFS;EUR;60;131.63000000;429;EXCHANGE_LAST;;1;1;XEUR;11820389;688;
24.04.2025;10:00:45.876;FGBL SI 20250606 PS;SIMPLE_INSTRUMENT;EFS;EUR;61;131.63000000;243;EXCHANGE_LAST;;1;1;XEUR;11820389;688;
24.04.2025;10:05:06.074;FGBL SI 20250606 PS;SIMPLE_INSTRUMENT;EFS;EUR;62;131.62000000;257;EXCHANGE_LAST;;1;1;XEUR;11820389;688;
24.04.2025;10:07:16.919;FGBL SI 20250606 PS;SIMPLE_INSTRUMENT;EFS;EUR;63;131.60000000;429;EXCHANGE_LAST;;1;1;XEUR;11820389;688;
24.04.2025;10:11:25.291;FGBL SI 20250606 PS;SIMPLE_INSTRUMENT;EFS;EUR;64;131.56000000;429;EXCHANGE_LAST;;1;1;XEUR;11820389;688;
24.04.2025;10:12:56.336;FGBL SI 20250606 PS;SIMPLE_INSTRUMENT;EFS;EUR;65;131.57000000;429;EXCHANGE_LAST;;1;1;XEUR;11820389;688;
24.04.2025;10:15:47.334;FGBL SI 20250606 PS;SIMPLE_INSTRUMENT;EFP_FIN;EUR;66;131.63000000;666;EXCHANGE_LAST;;1;1;XEUR;11820389;688;
24.04.2025;10:20:19.953;FGBL SI 20250606 PS;SIMPLE_INSTRUMENT;EFS;EUR;67;131.59000000;100;EXCHANGE_LAST;;1;1;XEUR;11820389;688;
24.04.2025;10:24:38.329;FGBL SI 20250606 PS;SIMPLE_INSTRUMENT;EFS;EUR;68;131.61000000;429;EXCHANGE_LAST;;1;1;XEUR;11820389;688;
24.04.2025;10:30:33.581;FGBL SI 20250606 PS;SIMPLE_INSTRUMENT;EFS;EUR;69;131.60000000;429;EXCHANGE_LAST;;1;1;XEUR;11820389;688;
24.04.2025;10:32:33.684;FGBL SI 20250606 PS;SIMPLE_INSTRUMENT;EFS;EUR;70;131.60000000;215;EXCHANGE_LAST;;1;1;XEUR;11820389;688;
24.04.2025;10:33:37.015;FGBL SI 20250606 PS;SIMPLE_INSTRUMENT;EFS;EUR;71;131.57000000;292;EXCHANGE_LAST;;1;1;XEUR;11820389;688;
24.04.2025;10:37:48.905;FGBL SI 20250606 PS;SIMPLE_INSTRUMENT;EFS;EUR;72;131.60000000;215;EXCHANGE_LAST;;1;1;XEUR;11820389;688;
24.04.2025;10:38:03.918;FGBL SI 20250606 PS;SIMPLE_INSTRUMENT;EFS;EUR;73;131.59000000;429;EXCHANGE_LAST;;1;1;XEUR;11820389;688;
24.04.2025;10:39:29.979;FGBL SI 20250606 PS;SIMPLE_INSTRUMENT;EFS;EUR;74;131.60000000;429;EXCHANGE_LAST;;1;1;XEUR;11820389;688;
24.04.2025;10:39:34.984;FGBL SI 20250606 PS;SIMPLE_INSTRUMENT;EFS;EUR;75;131.60000000;429;EXCHANGE_LAST;;1;1;XEUR;11820389;688;
24.04.2025;10:41:10.070;FGBL SI 20250606 PS;SIMPLE_INSTRUMENT;EFS;EUR;76;131.59000000;603;EXCHANGE_LAST;;1;1;XEUR;11820389;688;
24.04.2025;10:42:30.137;FGBL SI 20250606 PS;SIMPLE_INSTRUMENT;EFS;EUR;77;131.60000000;858;EXCHANGE_LAST;;1;1;XEUR;11820389;688;
24.04.2025;10:42:44.152;FGBL SI 20250606 PS;SIMPLE_INSTRUMENT;EFS;EUR;78;131.60000000;429;EXCHANGE_LAST;;1;1;XEUR;11820389;688;
24.04.2025;10:46:16.341;FGBL SI 20250606 PS;SIMPLE_INSTRUMENT;EFS;EUR;79;131.55000000;429;EXCHANGE_LAST;;1;1;XEUR;11820389;688;
24.04.2025;10:47:26.398;FGBL SI 20250606 PS;SIMPLE_INSTRUMENT;EFS;EUR;80;131.51000000;429;EXCHANGE_LAST;;1;1;XEUR;11820389;688;
24.04.2025;10:51:21.566;FGBL SI 20250606 PS;SIMPLE_INSTRUMENT;EFS;EUR;81;131.50000000;86;EXCHANGE_LAST;;1;1;XEUR;11820389;688;
24.04.2025;10:56:46.793;FGBL SI 20250606 PS;SIMPLE_INSTRUMENT;EFS;EUR;82;131.49000000;215;EXCHANGE_LAST;;1;1;XEUR;11820389;688;
24.04.2025;10:56:51.799;FGBL SI 20250606 PS;SIMPLE_INSTRUMENT;EFS;EUR;83;131.49000000;429;EXCHANGE_LAST;;1;1;XEUR;11820389;688;
24.04.2025;10:56:58.502;FGBL SI 20250606 PS;SIMPLE_INSTRUMENT;EFS;EUR;84;131.51000000;500;EXCHANGE_LAST;;1;1;XEUR;11820389;688;
24.04.2025;10:58:01.442;FGBL SI 20250606 PS;SIMPLE_INSTRUMENT;EFP_FIN;EUR;85;131.52000000;151;EXCHANGE_LAST;;1;1;XEUR;11820389;688;
24.04.2025;10:58:36.883;FGBL SI 20250606 PS;SIMPLE_INSTRUMENT;EFS;EUR;86;131.54000000;429;EXCHANGE_LAST;;1;1;XEUR;11820389;688;
24.04.2025;10:59:06.498;FGBL SI 20250606 PS;SIMPLE_INSTRUMENT;EFS;EUR;87;131.51000000;429;EXCHANGE_LAST;;1;1;XEUR;11820389;688;
24.04.2025;11:15:50.753;FGBL SI 20250606 PS;SIMPLE_INSTRUMENT;EFP_FIN;EUR;88;131.51000000;193;EXCHANGE_LAST;;1;1;XEUR;11820389;688;
24.04.2025;11:06:54.242;FGBL SI 20250606 PS;SIMPLE_INSTRUMENT;EFS;EUR;89;131.59000000;429;EXCHANGE_LAST;;1;1;XEUR;11820389;688;
24.04.2025;11:07:51.201;FGBL SI 20250606 PS;SIMPLE_INSTRUMENT;EFS;EUR;90;131.59000000;214;EXCHANGE_LAST;;1;1;XEUR;11820389;688;
24.04.2025;11:17:50.192;FGBL SI 20250606 PS;SIMPLE_INSTRUMENT;EFS;EUR;91;131.57000000;429;EXCHANGE_LAST;;1;1;XEUR;11820389;688;
24.04.2025;11:18:12.544;FGBL SI 20250606 PS;SIMPLE_INSTRUMENT;EFS;EUR;92;131.56000000;429;EXCHANGE_LAST;;1;1;XEUR;11820389;688;
24.04.2025;11:37:08.720;FGBL SI 20250606 PS;SIMPLE_INSTRUMENT;EFP_FIN;EUR;93;131.61000000;199;EXCHANGE_LAST;;1;1;XEUR;11820389;688;
24.04.2025;11:46:50.664;FGBL SI 20250606 PS;SIMPLE_INSTRUMENT;EFS;EUR;94;131.56000000;299;EXCHANGE_LAST;;1;1;XEUR;11820389;688;
24.04.2025;11:52:59.374;FGBL SI 20250606 PS;SIMPLE_INSTRUMENT;EFP_FIN;EUR;95;131.61000000;215;EXCHANGE_LAST;;1;1;XEUR;11820389;688;
24.04.2025;11:53:30.487;FGBL SI 20250606 PS;SIMPLE_INSTRUMENT;EFS;EUR;96;131.64000000;214;EXCHANGE_LAST;;1;1;XEUR;11820389;688;
24.04.2025;11:57:31.568;FGBL SI 20250606 PS;SIMPLE_INSTRUMENT;EFS;EUR;97;131.66000000;429;EXCHANGE_LAST;;1;1;XEUR;11820389;688;
24.04.2025;12:02:31.205;FGBL SI 20250606 PS;SIMPLE_INSTRUMENT;EFP_FIN;EUR;98;131.57000000;786;EXCHANGE_LAST;;1;1;XEUR;11820389;688;
24.04.2025;12:07:42.107;FGBL SI 20250606 PS;SIMPLE_INSTRUMENT;EFP_FIN;EUR;99;131.65000000;481;EXCHANGE_LAST;;1;1;XEUR;11820389;688;
24.04.2025;12:23:34.539;FGBL SI 20250606 PS;SIMPLE_INSTRUMENT;EFS;EUR;100;131.77000000;429;EXCHANGE_LAST;;1;1;XEUR;11820389;688;
24.04.2025;12:23:49.561;FGBL SI 20250606 PS;SIMPLE_INSTRUMENT;EFS;EUR;101;131.77000000;507;EXCHANGE_LAST;;1;1;XEUR;11820389;688;
24.04.2025;12:24:19.588;FGBL SI 20250606 PS;SIMPLE_INSTRUMENT;EFS;EUR;102;131.77000000;429;EXCHANGE_LAST;;1;1;XEUR;11820389;688;
24.04.2025;12:26:54.706;FGBL SI 20250606 PS;SIMPLE_INSTRUMENT;EFS;EUR;103;131.80000000;507;EXCHANGE_LAST;;1;1;XEUR;11820389;688;
24.04.2025;12:28:09.772;FGBL SI 20250606 PS;SIMPLE_INSTRUMENT;EFS;EUR;104;131.84000000;429;EXCHANGE_LAST;;1;1;XEUR;11820389;688;
24.04.2025;12:28:55.593;FGBL SI 20250606 PS;SIMPLE_INSTRUMENT;EFS;EUR;105;131.78000000;50;EXCHANGE_LAST;;1;1;XEUR;11820389;688;
24.04.2025;12:29:54.863;FGBL SI 20250606 PS;SIMPLE_INSTRUMENT;EFS;EUR;106;131.85000000;429;EXCHANGE_LAST;;1;1;XEUR;11820389;688;
24.04.2025;12:30:29.895;FGBL SI 20250606 PS;SIMPLE_INSTRUMENT;EFS;EUR;107;131.85000000;857;EXCHANGE_LAST;;1;1;XEUR;11820389;688;
24.04.2025;12:30:36.157;FGBL SI 20250606 PS;SIMPLE_INSTRUMENT;EFS;EUR;108;131.72000000;486;EXCHANGE_LAST;;1;1;XEUR;11820389;688;
24.04.2025;12:32:11.138;FGBL SI 20250606 PS;SIMPLE_INSTRUMENT;EFP_FIN;EUR;109;131.63000000;1596;EXCHANGE_LAST;;1;1;XEUR;11820389;688;
24.04.2025;12:33:07.907;FGBL SI 20250606 PS;SIMPLE_INSTRUMENT;EFS;EUR;110;131.77000000;429;EXCHANGE_LAST;;1;1;XEUR;11820389;688;
24.04.2025;12:34:29.777;FGBL SI 20250606 PS;SIMPLE_INSTRUMENT;EFS;EUR;111;131.86000000;227;EXCHANGE_LAST;;1;1;XEUR;11820389;688;
24.04.2025;12:35:55.155;FGBL SI 20250606 PS;SIMPLE_INSTRUMENT;EFS;EUR;112;131.82000000;429;EXCHANGE_LAST;;1;1;XEUR;11820389;688;
24.04.2025;12:36:29.031;FGBL SI 20250606 PS;SIMPLE_INSTRUMENT;EFS;EUR;113;131.74000000;427;EXCHANGE_LAST;;1;1;XEUR;11820389;688;
24.04.2025;12:36:30.594;FGBL SI 20250606 PS;SIMPLE_INSTRUMENT;EFP_FIN;EUR;114;131.82000000;77;EXCHANGE_LAST;;1;1;XEUR;11820389;688;
24.04.2025;12:36:45.204;FGBL SI 20250606 PS;SIMPLE_INSTRUMENT;EFS;EUR;115;131.81000000;507;EXCHANGE_LAST;;1;1;XEUR;11820389;688;
24.04.2025;12:37:35.240;FGBL SI 20250606 PS;SIMPLE_INSTRUMENT;EFS;EUR;116;131.81000000;429;EXCHANGE_LAST;;1;1;XEUR;11820389;688;
24.04.2025;12:41:34.293;FGBL SI 20250606 PS;SIMPLE_INSTRUMENT;EFP_FIN;EUR;117;131.82000000;262;EXCHANGE_LAST;;1;1;XEUR;11820389;688;
24.04.2025;12:46:14.556;FGBL SI 20250606 PS;SIMPLE_INSTRUMENT;EFP_FIN;EUR;119;131.80000000;325;EXCHANGE_LAST;;1;1;XEUR;11820389;688;
24.04.2025;12:45:52.619;FGBL SI 20250606 PS;SIMPLE_INSTRUMENT;EFS;EUR;120;131.81000000;214;EXCHANGE_LAST;;1;1;XEUR;11820389;688;
24.04.2025;12:52:10.007;FGBL SI 20250606 PS;SIMPLE_INSTRUMENT;EFS;EUR;121;131.82000000;189;EXCHANGE_LAST;;1;1;XEUR;11820389;688;
24.04.2025;12:56:18.058;FGBL SI 20250606 PS;SIMPLE_INSTRUMENT;EFS;EUR;122;131.82000000;429;EXCHANGE_LAST;;1;1;XEUR;11820389;688;
24.04.2025;12:56:38.075;FGBL SI 20250606 PS;SIMPLE_INSTRUMENT;EFS;EUR;123;131.82000000;429;EXCHANGE_LAST;;1;1;XEUR;11820389;688;
24.04.2025;12:58:15.465;FGBL SI 20250606 PS;SIMPLE_INSTRUMENT;EFS;EUR;124;131.81000000;468;EXCHANGE_LAST;;1;1;XEUR;11820389;688;
24.04.2025;12:58:44.263;FGBL SI 20250606 PS;SIMPLE_INSTRUMENT;EFS;EUR;125;131.81000000;468;EXCHANGE_LAST;;1;1;XEUR;11820389;688;
24.04.2025;13:00:28.239;FGBL SI 20250606 PS;SIMPLE_INSTRUMENT;EFS;EUR;126;131.80000000;429;EXCHANGE_LAST;;1;1;XEUR;11820389;688;
24.04.2025;13:00:58.264;FGBL SI 20250606 PS;SIMPLE_INSTRUMENT;EFS;EUR;127;131.82000000;429;EXCHANGE_LAST;;1;1;XEUR;11820389;688;
24.04.2025;13:02:35.089;FGBL SI 20250606 PS;SIMPLE_INSTRUMENT;EFS;EUR;128;131.80000000;428;EXCHANGE_LAST;;1;1;XEUR;11820389;688;
24.04.2025;13:03:27.746;FGBL SI 20250606 PS;SIMPLE_INSTRUMENT;EFS;EUR;129;131.80000000;214;EXCHANGE_LAST;;1;1;XEUR;11820389;688;
24.04.2025;13:03:34.378;FGBL SI 20250606 PS;SIMPLE_INSTRUMENT;EFS;EUR;130;131.82000000;214;EXCHANGE_LAST;;1;1;XEUR;11820389;688;
24.04.2025;13:04:03.840;FGBL SI 20250606 PS;SIMPLE_INSTRUMENT;EFS;EUR;131;131.80000000;214;EXCHANGE_LAST;;1;1;XEUR;11820389;688;
24.04.2025;13:06:48.515;FGBL SI 20250606 PS;SIMPLE_INSTRUMENT;EFS;EUR;132;131.85000000;429;EXCHANGE_LAST;;1;1;XEUR;11820389;688;
24.04.2025;13:10:31.179;FGBL SI 20250606 PS;SIMPLE_INSTRUMENT;EFS;EUR;133;131.81000000;428;EXCHANGE_LAST;;1;1;XEUR;11820389;688;
24.04.2025;13:10:55.956;FGBL SI 20250606 PS;SIMPLE_INSTRUMENT;EFS;EUR;134;131.82000000;214;EXCHANGE_LAST;;1;1;XEUR;11820389;688;
24.04.2025;13:11:38.661;FGBL SI 20250606 PS;SIMPLE_INSTRUMENT;EFS;EUR;135;131.81000000;428;EXCHANGE_LAST;;1;1;XEUR;11820389;688;
24.04.2025;13:15:16.833;FGBL SI 20250606 PS;SIMPLE_INSTRUMENT;EFS;EUR;136;131.82000000;214;EXCHANGE_LAST;;1;1;XEUR;11820389;688;
24.04.2025;13:15:45.939;FGBL SI 20250606 PS;SIMPLE_INSTRUMENT;EFS;EUR;137;131.80000000;214;EXCHANGE_LAST;;1;1;XEUR;11820389;688;
24.04.2025;13:25:35.325;FGBL SI 20250606 PS;SIMPLE_INSTRUMENT;EFS;EUR;138;131.81000000;214;EXCHANGE_LAST;;1;1;XEUR;11820389;688;
24.04.2025;13:36:34.313;FGBL SI 20250606 PS;SIMPLE_INSTRUMENT;EFS;EUR;139;131.80000000;429;EXCHANGE_LAST;;1;1;XEUR;11820389;688;
24.04.2025;13:37:24.507;FGBL SI 20250606 PS;SIMPLE_INSTRUMENT;EFS;EUR;140;131.83000000;243;EXCHANGE_LAST;;1;1;XEUR;11820389;688;
24.04.2025;13:39:47.488;FGBL SI 20250606 PS;SIMPLE_INSTRUMENT;EFS;EUR;141;131.84000000;428;EXCHANGE_LAST;;1;1;XEUR;11820389;688;
24.04.2025;13:40:11.800;FGBL SI 20250606 PS;SIMPLE_INSTRUMENT;EFS;EUR;142;131.86000000;428;EXCHANGE_LAST;;1;1;XEUR;11820389;688;
24.04.2025;13:41:08.931;FGBL SI 20250606 PS;SIMPLE_INSTRUMENT;EFS;EUR;143;131.82000000;214;EXCHANGE_LAST;;1;1;XEUR;11820389;688;
24.04.2025;13:46:05.332;FGBL SI 20250606 PS;SIMPLE_INSTRUMENT;EFS;EUR;144;131.80000000;429;EXCHANGE_LAST;;1;1;XEUR;11820389;688;
24.04.2025;13:56:01.244;FGBL SI 20250606 PS;SIMPLE_INSTRUMENT;EFS;EUR;145;131.85000000;728;EXCHANGE_LAST;;1;1;XEUR;11820389;688;
24.04.2025;13:58:40.503;FGBL SI 20250606 PS;SIMPLE_INSTRUMENT;EFS;EUR;146;131.85000000;857;EXCHANGE_LAST;;1;1;XEUR;11820389;688;
24.04.2025;13:59:02.435;FGBL SI 20250606 PS;SIMPLE_INSTRUMENT;EFS;EUR;147;131.85000000;428;EXCHANGE_LAST;;1;1;XEUR;11820389;688;
24.04.2025;14:00:44.268;FGBL SI 20250606 PS;SIMPLE_INSTRUMENT;EFS;EUR;148;131.83000000;428;EXCHANGE_LAST;;1;1;XEUR;11820389;688;
24.04.2025;14:01:01.075;FGBL SI 20250606 PS;SIMPLE_INSTRUMENT;EFS;EUR;149;131.83000000;428;EXCHANGE_LAST;;1;1;XEUR;11820389;688;
24.04.2025;14:02:10.803;FGBL SI 20250606 PS;SIMPLE_INSTRUMENT;EFS;EUR;150;131.83000000;428;EXCHANGE_LAST;;1;1;XEUR;11820389;688;
24.04.2025;14:04:30.020;FGBL SI 20250606 PS;SIMPLE_INSTRUMENT;EFS;EUR;151;131.82000000;214;EXCHANGE_LAST;;1;1;XEUR;11820389;688;
24.04.2025;14:05:06.859;FGBL SI 20250606 PS;SIMPLE_INSTRUMENT;EFS;EUR;152;131.82000000;428;EXCHANGE_LAST;;1;1;XEUR;11820389;688;
24.04.2025;14:05:52.611;FGBL SI 20250606 PS;SIMPLE_INSTRUMENT;EFS;EUR;153;131.82000000;428;EXCHANGE_LAST;;1;1;XEUR;11820389;688;
24.04.2025;14:07:04.307;FGBL SI 20250606 PS;SIMPLE_INSTRUMENT;EFS;EUR;154;131.82000000;214;EXCHANGE_LAST;;1;1;XEUR;11820389;688;
24.04.2025;14:19:11.399;FGBL SI 20250606 PS;SIMPLE_INSTRUMENT;EFS;EUR;155;131.79000000;857;EXCHANGE_LAST;;1;1;XEUR;11820389;688;
24.04.2025;14:21:32.825;FGBL SI 20250606 PS;SIMPLE_INSTRUMENT;EFS;EUR;156;131.77000000;486;EXCHANGE_LAST;;1;1;XEUR;11820389;688;
24.04.2025;14:21:50.757;FGBL SI 20250606 PS;SIMPLE_INSTRUMENT;EFS;EUR;157;131.78000000;429;EXCHANGE_LAST;;1;1;XEUR;11820389;688;
24.04.2025;14:24:35.348;FGBL SI 20250606 PS;SIMPLE_INSTRUMENT;EFS;EUR;158;131.79000000;429;EXCHANGE_LAST;;1;1;XEUR;11820389;688;
24.04.2025;14:25:25.924;FGBL SI 20250606 PS;SIMPLE_INSTRUMENT;EFS;EUR;159;131.78000000;257;EXCHANGE_LAST;;1;1;XEUR;11820389;688;
24.04.2025;14:27:13.945;FGBL SI 20250606 PS;SIMPLE_INSTRUMENT;EFS;EUR;160;131.78000000;229;EXCHANGE_LAST;;1;1;XEUR;11820389;688;
24.04.2025;14:29:32.455;FGBL SI 20250606 PS;SIMPLE_INSTRUMENT;EFS;EUR;161;131.78000000;429;EXCHANGE_LAST;;1;1;XEUR;11820389;688;
24.04.2025;14:29:59.041;FGBL SI 20250606 PS;SIMPLE_INSTRUMENT;EFS;EUR;162;131.83000000;1506;EXCHANGE_LAST;;1;1;XEUR;11820389;688;
24.04.2025;14:31:51.947;FGBL SI 20250606 PS;SIMPLE_INSTRUMENT;EFS;EUR;163;131.79000000;454;EXCHANGE_LAST;;1;1;XEUR;11820389;688;
24.04.2025;14:32:19.994;FGBL SI 20250606 PS;SIMPLE_INSTRUMENT;EFS;EUR;164;131.79000000;429;EXCHANGE_LAST;;1;1;XEUR;11820389;688;
24.04.2025;14:40:33.885;FGBL SI 20250606 PS;SIMPLE_INSTRUMENT;EFP_FIN;EUR;165;131.81000000;426;EXCHANGE_LAST;;1;1;XEUR;11820389;688;
24.04.2025;14:53:18.872;FGBL SI 20250606 PS;SIMPLE_INSTRUMENT;EFS;EUR;166;131.80000000;971;EXCHANGE_LAST;;1;1;XEUR;11820389;688;
24.04.2025;14:53:24.073;FGBL SI 20250606 PS;SIMPLE_INSTRUMENT;EFS;EUR;167;131.80000000;429;EXCHANGE_LAST;;1;1;XEUR;11820389;688;
24.04.2025;15:09:27.971;FGBL SI 20250606 PS;SIMPLE_INSTRUMENT;EFS;EUR;169;131.77000000;213;EXCHANGE_LAST;;1;1;XEUR;11820389;688;
24.04.2025;15:10:25.723;FGBL SI 20250606 PS;SIMPLE_INSTRUMENT;EFS;EUR;170;131.80000000;429;EXCHANGE_LAST;;1;1;XEUR;11820389;688;
24.04.2025;15:12:22.147;FGBL SI 20250606 PS;SIMPLE_INSTRUMENT;EFS;EUR;171;131.82000000;429;EXCHANGE_LAST;;1;1;XEUR;11820389;688;
24.04.2025;15:14:56.771;FGBL SI 20250606 PS;SIMPLE_INSTRUMENT;BLOCK;EUR;172;131.88000000;2000;EXCHANGE_LAST;;1;1;XEUR;11820389;688;
24.04.2025;15:20:12.741;FGBL SI 20250606 PS;SIMPLE_INSTRUMENT;EFS;EUR;173;131.83000000;250;EXCHANGE_LAST;;1;1;XEUR;11820389;688;
24.04.2025;15:31:19.150;FGBL SI 20250606 PS;SIMPLE_INSTRUMENT;EFS;EUR;174;131.90000000;214;EXCHANGE_LAST;;1;1;XEUR;11820389;688;
24.04.2025;15:32:18.144;FGBL SI 20250606 PS;SIMPLE_INSTRUMENT;EFS;EUR;175;131.90000000;214;EXCHANGE_LAST;;1;1;XEUR;11820389;688;
24.04.2025;15:35:15.024;FGBL SI 20250606 PS;SIMPLE_INSTRUMENT;EFS;EUR;176;131.91000000;129;EXCHANGE_LAST;;1;1;XEUR;11820389;688;
24.04.2025;15:38:08.718;FGBL SI 20250606 PS;SIMPLE_INSTRUMENT;EFS;EUR;177;131.92000000;300;EXCHANGE_LAST;;1;1;XEUR;11820389;688;
24.04.2025;15:44:46.821;FGBL SI 20250606 PS;SIMPLE_INSTRUMENT;EFS;EUR;178;131.81000000;2000;EXCHANGE_LAST;;1;1;XEUR;11820389;688;
24.04.2025;15:49:58.636;FGBL SI 20250606 PS;SIMPLE_INSTRUMENT;EFS;EUR;179;131.92000000;256;EXCHANGE_LAST;;1;1;XEUR;11820389;688;
24.04.2025;16:01:23.537;FGBL SI 20250606 PS;SIMPLE_INSTRUMENT;EFS;EUR;180;131.88000000;428;EXCHANGE_LAST;;1;1;XEUR;11820389;688;
24.04.2025;16:11:41.418;FGBL SI 20250606 PS;SIMPLE_INSTRUMENT;EFS;EUR;181;131.87000000;429;EXCHANGE_LAST;;1;1;XEUR;11820389;688;
24.04.2025;16:28:01.634;FGBL SI 20250606 PS;SIMPLE_INSTRUMENT;EFS;EUR;182;131.88000000;243;EXCHANGE_LAST;;1;1;XEUR;11820389;688;
24.04.2025;16:29:42.279;FGBL SI 20250606 PS;SIMPLE_INSTRUMENT;EFS;EUR;183;131.88000000;68;EXCHANGE_LAST;;1;1;XEUR;11820389;688;
24.04.2025;06:51:07.113;FGBL SI 20250606 PS;SIMPLE_INSTRUMENT;VOLA;EUR;268435459;131.36000000;55;EXCHANGE_LAST;;1;1;XEUR;11820389;688;
24.04.2025;08:08:28.861;FGBL SI 20250606 PS;SIMPLE_INSTRUMENT;VOLA;EUR;268435474;131.54000000;126;EXCHANGE_LAST;;1;1;XEUR;11820389;688;
24.04.2025;09:11:17.269;FGBL SI 20250606 PS;SIMPLE_INSTRUMENT;VOLA;EUR;268435498;131.72000000;232;EXCHANGE_LAST;;1;1;XEUR;11820389;688;
24.04.2025;10:25:14.530;FGBL SI 20250606 PS;SIMPLE_INSTRUMENT;VOLA;EUR;268435512;131.60000000;20;EXCHANGE_LAST;;1;1;XEUR;11820389;688;
24.04.2025;10:36:52.516;FGBL SI 20250606 PS;SIMPLE_INSTRUMENT;VOLA;EUR;268435517;131.64000000;30;EXCHANGE_LAST;;1;1;XEUR;11820389;688;
24.04.2025;11:30:36.493;FGBL SI 20250606 PS;SIMPLE_INSTRUMENT;VOLA;EUR;268435529;131.65000000;100;EXCHANGE_LAST;;1;1;XEUR;11820389;688;
24.04.2025;11:30:37.199;FGBL SI 20250606 PS;SIMPLE_INSTRUMENT;VOLA;EUR;268435530;131.65000000;100;EXCHANGE_LAST;;1;1;XEUR;11820389;688;
24.04.2025;11:38:06.620;FGBL SI 20250606 PS;SIMPLE_INSTRUMENT;VOLA;EUR;268435533;131.52000000;53;EXCHANGE_LAST;;1;1;XEUR;11820389;688;
24.04.2025;11:41:56.659;FGBL SI 20250606 PS;SIMPLE_INSTRUMENT;VOLA;EUR;268435539;131.53000000;60;EXCHANGE_LAST;;1;1;XEUR;11820389;688;
24.04.2025;13:11:51.094;FGBL SI 20250606 PS;SIMPLE_INSTRUMENT;VOLA;EUR;268435550;131.84000000;230;EXCHANGE_LAST;;1;1;XEUR;11820389;688;
24.04.2025;13:12:19.096;FGBL SI 20250606 PS;SIMPLE_INSTRUMENT;VOLA;EUR;268435551;131.84000000;115;EXCHANGE_LAST;;1;1;XEUR;11820389;688;
24.04.2025;13:14:12.104;FGBL SI 20250606 PS;SIMPLE_INSTRUMENT;VOLA;EUR;268435552;131.84000000;115;EXCHANGE_LAST;;1;1;XEUR;11820389;688;
24.04.2025;14:58:18.479;FGBL SI 20250606 PS;SIMPLE_INSTRUMENT;VOLA;EUR;268435572;131.88000000;40;EXCHANGE_LAST;;1;1;XEUR;11820389;688;
24.04.2025;15:48:10.704;FGBL SI 20250606 PS;SIMPLE_INSTRUMENT;VOLA;EUR;268435583;131.97000000;11;EXCHANGE_LAST;;1;1;XEUR;11820389;688;
24.04.2025;07:03:08.872;FGBM SI 20250606 PS;SIMPLE_INSTRUMENT;EFS;EUR;1;119.39000000;155;EXCHANGE_LAST;;1;1;XEUR;11820390;689;
24.04.2025;07:15:47.588;FGBM SI 20250606 PS;SIMPLE_INSTRUMENT;EFS;EUR;2;119.45000000;425;EXCHANGE_LAST;;1;1;XEUR;11820390;689;
24.04.2025;07:30:43.783;FGBM SI 20250606 PS;SIMPLE_INSTRUMENT;EFS;EUR;3;119.45000000;642;EXCHANGE_LAST;;1;1;XEUR;11820390;689;
24.04.2025;07:43:52.547;FGBM SI 20250606 PS;SIMPLE_INSTRUMENT;EFS;EUR;4;119.48000000;851;EXCHANGE_LAST;;1;1;XEUR;11820390;689;
24.04.2025;07:44:27.576;FGBM SI 20250606 PS;SIMPLE_INSTRUMENT;EFS;EUR;5;119.48000000;425;EXCHANGE_LAST;;1;1;XEUR;11820390;689;
24.04.2025;07:44:37.586;FGBM SI 20250606 PS;SIMPLE_INSTRUMENT;EFS;EUR;6;119.48000000;425;EXCHANGE_LAST;;1;1;XEUR;11820390;689;
24.04.2025;07:50:13.837;FGBM SI 20250606 PS;SIMPLE_INSTRUMENT;EFS;EUR;7;119.46000000;851;EXCHANGE_LAST;;1;1;XEUR;11820390;689;
24.04.2025;07:50:22.851;FGBM SI 20250606 PS;SIMPLE_INSTRUMENT;EFS;EUR;8;119.46000000;801;EXCHANGE_LAST;;1;1;XEUR;11820390;689;
24.04.2025;07:51:53.925;FGBM SI 20250606 PS;SIMPLE_INSTRUMENT;EFS;EUR;9;119.46000000;401;EXCHANGE_LAST;;1;1;XEUR;11820390;689;
24.04.2025;07:56:26.506;FGBM SI 20250606 PS;SIMPLE_INSTRUMENT;EFS;EUR;10;119.47000000;425;EXCHANGE_LAST;;1;1;XEUR;11820390;689;
24.04.2025;07:57:08.655;FGBM SI 20250606 PS;SIMPLE_INSTRUMENT;EFS;EUR;11;119.47000000;850;EXCHANGE_LAST;;1;1;XEUR;11820390;689;
24.04.2025;07:57:53.729;FGBM SI 20250606 PS;SIMPLE_INSTRUMENT;EFS;EUR;12;119.46000000;850;EXCHANGE_LAST;;1;1;XEUR;11820390;689;
24.04.2025;08:05:36.034;FGBM SI 20250606 PS;SIMPLE_INSTRUMENT;EFP_FIN;EUR;13;119.46000000;426;EXCHANGE_LAST;;1;1;XEUR;11820390;689;
24.04.2025;08:06:45.521;FGBM SI 20250606 PS;SIMPLE_INSTRUMENT;EFS;EUR;14;119.45000000;425;EXCHANGE_LAST;;1;1;XEUR;11820390;689;
24.04.2025;08:06:45.566;FGBM SI 20250606 PS;SIMPLE_INSTRUMENT;EFS;EUR;15;119.45000000;425;EXCHANGE_LAST;;1;1;XEUR;11820390;689;
24.04.2025;08:12:04.348;FGBM SI 20250606 PS;SIMPLE_INSTRUMENT;EFS;EUR;16;119.46000000;850;EXCHANGE_LAST;;1;1;XEUR;11820390;689;
24.04.2025;08:15:50.266;FGBM SI 20250606 PS;SIMPLE_INSTRUMENT;EFS;EUR;17;119.47000000;850;EXCHANGE_LAST;;1;1;XEUR;11820390;689;
24.04.2025;08:18:52.041;FGBM SI 20250606 PS;SIMPLE_INSTRUMENT;EFS;EUR;18;119.47000000;851;EXCHANGE_LAST;;1;1;XEUR;11820390;689;
24.04.2025;08:20:57.161;FGBM SI 20250606 PS;SIMPLE_INSTRUMENT;EFS;EUR;19;119.47000000;1603;EXCHANGE_LAST;;1;1;XEUR;11820390;689;
24.04.2025;08:23:57.068;FGBM SI 20250606 PS;SIMPLE_INSTRUMENT;EFS;EUR;20;119.47000000;800;EXCHANGE_LAST;;1;1;XEUR;11820390;689;
24.04.2025;08:26:45.358;FGBM SI 20250606 PS;SIMPLE_INSTRUMENT;EFS;EUR;21;119.46000000;1836;EXCHANGE_LAST;;1;1;XEUR;11820390;689;
24.04.2025;08:39:17.940;FGBM SI 20250606 PS;SIMPLE_INSTRUMENT;EFS;EUR;22;119.47000000;851;EXCHANGE_LAST;;1;1;XEUR;11820390;689;
24.04.2025;08:42:34.084;FGBM SI 20250606 PS;SIMPLE_INSTRUMENT;EFS;EUR;23;119.47000000;851;EXCHANGE_LAST;;1;1;XEUR;11820390;689;
24.04.2025;08:43:24.121;FGBM SI 20250606 PS;SIMPLE_INSTRUMENT;EFS;EUR;24;119.54000000;851;EXCHANGE_LAST;;1;1;XEUR;11820390;689;
24.04.2025;08:48:33.367;FGBM SI 20250606 PS;SIMPLE_INSTRUMENT;EFS;EUR;25;119.46000000;1694;EXCHANGE_LAST;;1;1;XEUR;11820390;689;
24.04.2025;08:53:24.241;FGBM SI 20250606 PS;SIMPLE_INSTRUMENT;EFS;EUR;26;119.50000000;1694;EXCHANGE_LAST;;1;1;XEUR;11820390;689;
24.04.2025;08:56:33.635;FGBM SI 20250606 PS;SIMPLE_INSTRUMENT;EFS;EUR;27;119.55000000;425;EXCHANGE_LAST;;1;1;XEUR;11820390;689;
24.04.2025;08:58:27.104;FGBM SI 20250606 PS;SIMPLE_INSTRUMENT;EFS;EUR;28;119.54000000;354;EXCHANGE_LAST;;1;1;XEUR;11820390;689;
24.04.2025;08:59:16.611;FGBM SI 20250606 PS;SIMPLE_INSTRUMENT;EFS;EUR;29;119.54000000;849;EXCHANGE_LAST;;1;1;XEUR;11820390;689;
24.04.2025;09:01:38.792;FGBM SI 20250606 PS;SIMPLE_INSTRUMENT;EFP_FIN;EUR;30;119.53000000;88;EXCHANGE_LAST;;1;1;XEUR;11820390;689;
24.04.2025;09:05:29.454;FGBM SI 20250606 PS;SIMPLE_INSTRUMENT;BLOCK;EUR;31;119.55000000;4588;EXCHANGE_LAST;;1;1;XEUR;11820390;689;
24.04.2025;09:16:21.466;FGBM SI 20250606 PS;SIMPLE_INSTRUMENT;EFS;EUR;32;119.56000000;641;EXCHANGE_LAST;;1;1;XEUR;11820390;689;
24.04.2025;09:28:05.102;FGBM SI 20250606 PS;SIMPLE_INSTRUMENT;EFP_FIN;EUR;33;119.57000000;327;EXCHANGE_LAST;;1;1;XEUR;11820390;689;
24.04.2025;09:31:21.907;FGBM SI 20250606 PS;SIMPLE_INSTRUMENT;EFP_FIN;EUR;34;119.57000000;94;EXCHANGE_LAST;;1;1;XEUR;11820390;689;
24.04.2025;09:59:45.996;FGBM SI 20250606 PS;SIMPLE_INSTRUMENT;EFP_FIN;EUR;35;119.55000000;59;EXCHANGE_LAST;;1;1;XEUR;11820390;689;
24.04.2025;09:57:49.531;FGBM SI 20250606 PS;SIMPLE_INSTRUMENT;EFP_FIN;EUR;36;119.55000000;59;EXCHANGE_LAST;;1;1;XEUR;11820390;689;
24.04.2025;10:07:40.562;FGBM SI 20250606 PS;SIMPLE_INSTRUMENT;EFP_FIN;EUR;37;119.51000000;426;EXCHANGE_LAST;;1;1;XEUR;11820390;689;
24.04.2025;10:09:11.690;FGBM SI 20250606 PS;SIMPLE_INSTRUMENT;EFS;EUR;38;119.49000000;425;EXCHANGE_LAST;;1;1;XEUR;11820390;689;
24.04.2025;10:09:23.605;FGBM SI 20250606 PS;SIMPLE_INSTRUMENT;EFS;EUR;39;119.49000000;425;EXCHANGE_LAST;;1;1;XEUR;11820390;689;
24.04.2025;10:11:16.584;FGBM SI 20250606 PS;SIMPLE_INSTRUMENT;EFS;EUR;40;119.54000000;350;EXCHANGE_LAST;;1;1;XEUR;11820390;689;
24.04.2025;10:14:33.966;FGBM SI 20250606 PS;SIMPLE_INSTRUMENT;EFP_FIN;EUR;41;119.49000000;540;EXCHANGE_LAST;;1;1;XEUR;11820390;689;
24.04.2025;10:16:09.958;FGBM SI 20250606 PS;SIMPLE_INSTRUMENT;EFS;EUR;42;119.48000000;850;EXCHANGE_LAST;;1;1;XEUR;11820390;689;
24.04.2025;10:37:34.141;FGBM SI 20250606 PS;SIMPLE_INSTRUMENT;EFP_FIN;EUR;43;119.51000000;117;EXCHANGE_LAST;;1;1;XEUR;11820390;689;
24.04.2025;10:44:10.231;FGBM SI 20250606 PS;SIMPLE_INSTRUMENT;EFS;EUR;44;119.51000000;850;EXCHANGE_LAST;;1;1;XEUR;11820390;689;
24.04.2025;10:49:02.188;FGBM SI 20250606 PS;SIMPLE_INSTRUMENT;EFP_FIN;EUR;45;119.51000000;1599;EXCHANGE_LAST;;1;1;XEUR;11820390;689;
24.04.2025;11:12:52.233;FGBM SI 20250606 PS;SIMPLE_INSTRUMENT;EFS;EUR;46;119.51000000;564;EXCHANGE_LAST;;1;1;XEUR;11820390;689;
24.04.2025;11:19:11.158;FGBM SI 20250606 PS;SIMPLE_INSTRUMENT;EFP_FIN;EUR;47;119.54000000;1795;EXCHANGE_LAST;;1;1;XEUR;11820390;689;
24.04.2025;11:20:04.832;FGBM SI 20250606 PS;SIMPLE_INSTRUMENT;EFP_FIN;EUR;48;119.51000000;898;EXCHANGE_LAST;;1;1;XEUR;11820390;689;
24.04.2025;11:22:53.770;FGBM SI 20250606 PS;SIMPLE_INSTRUMENT;EFS;EUR;49;119.51000000;734;EXCHANGE_LAST;;1;1;XEUR;11820390;689;
24.04.2025;11:24:11.280;FGBM SI 20250606 PS;SIMPLE_INSTRUMENT;EFP_FIN;EUR;50;119.53000000;448;EXCHANGE_LAST;;1;1;XEUR;11820390;689;
24.04.2025;11:52:23.201;FGBM SI 20250606 PS;SIMPLE_INSTRUMENT;EFS;EUR;51;119.56000000;400;EXCHANGE_LAST;;1;1;XEUR;11820390;689;
24.04.2025;12:16:42.960;FGBM SI 20250606 PS;SIMPLE_INSTRUMENT;EFS;EUR;52;119.61000000;849;EXCHANGE_LAST;;1;1;XEUR;11820390;689;
24.04.2025;12:27:33.447;FGBM SI 20250606 PS;SIMPLE_INSTRUMENT;EFS;EUR;53;119.56000000;1376;EXCHANGE_LAST;;1;1;XEUR;11820390;689;
24.04.2025;12:32:59.549;FGBM SI 20250606 PS;SIMPLE_INSTRUMENT;EFS;EUR;54;119.69000000;424;EXCHANGE_LAST;;1;1;XEUR;11820390;689;
24.04.2025;12:33:23.784;FGBM SI 20250606 PS;SIMPLE_INSTRUMENT;EFS;EUR;55;119.64000000;917;EXCHANGE_LAST;;1;1;XEUR;11820390;689;
24.04.2025;12:37:45.252;FGBM SI 20250606 PS;SIMPLE_INSTRUMENT;EFS;EUR;56;119.66000000;850;EXCHANGE_LAST;;1;1;XEUR;11820390;689;
24.04.2025;13:03:48.069;FGBM SI 20250606 PS;SIMPLE_INSTRUMENT;EFS;EUR;57;119.68000000;483;EXCHANGE_LAST;;1;1;XEUR;11820390;689;
24.04.2025;13:07:46.409;FGBM SI 20250606 PS;SIMPLE_INSTRUMENT;EFP_FIN;EUR;58;119.67000000;204;EXCHANGE_LAST;;1;1;XEUR;11820390;689;
24.04.2025;13:10:49.711;FGBM SI 20250606 PS;SIMPLE_INSTRUMENT;EFS;EUR;59;119.67000000;850;EXCHANGE_LAST;;1;1;XEUR;11820390;689;
24.04.2025;13:13:54.224;FGBM SI 20250606 PS;SIMPLE_INSTRUMENT;EFS;EUR;60;119.68000000;848;EXCHANGE_LAST;;1;1;XEUR;11820390;689;
24.04.2025;13:24:20.273;FGBM SI 20250606 PS;SIMPLE_INSTRUMENT;EFS;EUR;61;119.65000000;850;EXCHANGE_LAST;;1;1;XEUR;11820390;689;
24.04.2025;13:36:31.804;FGBM SI 20250606 PS;SIMPLE_INSTRUMENT;EFS;EUR;62;119.66000000;425;EXCHANGE_LAST;;1;1;XEUR;11820390;689;
24.04.2025;13:37:16.847;FGBM SI 20250606 PS;SIMPLE_INSTRUMENT;EFS;EUR;63;119.66000000;850;EXCHANGE_LAST;;1;1;XEUR;11820390;689;
24.04.2025;14:08:25.551;FGBM SI 20250606 PS;SIMPLE_INSTRUMENT;EFS;EUR;64;119.65000000;255;EXCHANGE_LAST;;1;1;XEUR;11820390;689;
24.04.2025;14:09:13.185;FGBM SI 20250606 PS;SIMPLE_INSTRUMENT;EFS;EUR;65;119.65000000;849;EXCHANGE_LAST;;1;1;XEUR;11820390;689;
24.04.2025;14:15:06.081;FGBM SI 20250606 PS;SIMPLE_INSTRUMENT;EFS;EUR;66;119.63000000;424;EXCHANGE_LAST;;1;1;XEUR;11820390;689;
24.04.2025;14:22:06.288;FGBM SI 20250606 PS;SIMPLE_INSTRUMENT;EFS;EUR;67;119.64000000;424;EXCHANGE_LAST;;1;1;XEUR;11820390;689;
24.04.2025;14:23:15.933;FGBM SI 20250606 PS;SIMPLE_INSTRUMENT;EFS;EUR;68;119.64000000;403;EXCHANGE_LAST;;1;1;XEUR;11820390;689;
24.04.2025;14:23:16.737;FGBM SI 20250606 PS;SIMPLE_INSTRUMENT;EFP_FIN;EUR;69;119.65000000;193;EXCHANGE_LAST;;1;1;XEUR;11820390;689;
24.04.2025;14:23:42.480;FGBM SI 20250606 PS;SIMPLE_INSTRUMENT;EFS;EUR;70;119.64000000;800;EXCHANGE_LAST;;1;1;XEUR;11820390;689;
24.04.2025;14:24:35.877;FGBM SI 20250606 PS;SIMPLE_INSTRUMENT;EFS;EUR;71;119.64000000;850;EXCHANGE_LAST;;1;1;XEUR;11820390;689;
24.04.2025;14:29:01.047;FGBM SI 20250606 PS;SIMPLE_INSTRUMENT;EFS;EUR;72;119.63000000;800;EXCHANGE_LAST;;1;1;XEUR;11820390;689;
24.04.2025;14:30:11.802;FGBM SI 20250606 PS;SIMPLE_INSTRUMENT;EFS;EUR;73;119.63000000;424;EXCHANGE_LAST;;1;1;XEUR;11820390;689;
24.04.2025;14:30:45.285;FGBM SI 20250606 PS;SIMPLE_INSTRUMENT;EFS;EUR;74;119.63000000;424;EXCHANGE_LAST;;1;1;XEUR;11820390;689;
24.04.2025;14:33:23.861;FGBM SI 20250606 PS;SIMPLE_INSTRUMENT;EFP_FIN;EUR;75;119.64000000;370;EXCHANGE_LAST;;1;1;XEUR;11820390;689;
24.04.2025;14:34:30.505;FGBM SI 20250606 PS;SIMPLE_INSTRUMENT;EFS;EUR;76;119.65000000;1697;EXCHANGE_LAST;;1;1;XEUR;11820390;689;
24.04.2025;14:38:34.541;FGBM SI 20250606 PS;SIMPLE_INSTRUMENT;EFS;EUR;77;119.67000000;403;EXCHANGE_LAST;;1;1;XEUR;11820390;689;
24.04.2025;14:40:50.486;FGBM SI 20250606 PS;SIMPLE_INSTRUMENT;EFP_FIN;EUR;78;119.64000000;408;EXCHANGE_LAST;;1;1;XEUR;11820390;689;
24.04.2025;14:43:08.381;FGBM SI 20250606 PS;SIMPLE_INSTRUMENT;EFS;EUR;79;119.66000000;403;EXCHANGE_LAST;;1;1;XEUR;11820390;689;
24.04.2025;14:50:28.748;FGBM SI 20250606 PS;SIMPLE_INSTRUMENT;EFP_FIN;EUR;80;119.67000000;1022;EXCHANGE_LAST;;1;1;XEUR;11820390;689;
24.04.2025;14:51:51.867;FGBM SI 20250606 PS;SIMPLE_INSTRUMENT;EFS;EUR;81;119.63000000;1833;EXCHANGE_LAST;;1;1;XEUR;11820390;689;
24.04.2025;15:07:30.758;FGBM SI 20250606 PS;SIMPLE_INSTRUMENT;EFS;EUR;82;119.64000000;802;EXCHANGE_LAST;;1;1;XEUR;11820390;689;
24.04.2025;15:11:30.116;FGBM SI 20250606 PS;SIMPLE_INSTRUMENT;EFS;EUR;83;119.65000000;802;EXCHANGE_LAST;;1;1;XEUR;11820390;689;
24.04.2025;15:20:17.398;FGBM SI 20250606 PS;SIMPLE_INSTRUMENT;EFS;EUR;86;119.66000000;2000;EXCHANGE_LAST;;1;1;XEUR;11820390;689;
24.04.2025;15:20:48.069;FGBM SI 20250606 PS;SIMPLE_INSTRUMENT;EFP_FIN;EUR;87;119.66000000;249;EXCHANGE_LAST;;1;1;XEUR;11820390;689;
24.04.2025;15:49:23.024;FGBM SI 20250606 PS;SIMPLE_INSTRUMENT;EFP_FIN;EUR;88;119.70000000;854;EXCHANGE_LAST;;1;1;XEUR;11820390;689;
24.04.2025;16:12:28.793;FGBM SI 20250606 PS;SIMPLE_INSTRUMENT;EFS;EUR;89;119.67000000;849;EXCHANGE_LAST;;1;1;XEUR;11820390;689;
24.04.2025;16:16:03.175;FGBM SI 20250606 PS;SIMPLE_INSTRUMENT;EFP_FIN;EUR;90;119.70000000;853;EXCHANGE_LAST;;1;1;XEUR;11820390;689;
24.04.2025;08:41:04.834;FGBM SI 20250606 PS;SIMPLE_INSTRUMENT;VOLA;EUR;268435489;119.45000000;100;EXCHANGE_LAST;;1;1;XEUR;11820390;689;
24.04.2025;07:16:59.313;FGBS SI 20250606 PS;SIMPLE_INSTRUMENT;EFS;EUR;1;107.48500000;9576;EXCHANGE_LAST;;1;1;XEUR;11820391;690;
24.04.2025;07:23:51.620;FGBS SI 20250606 PS;SIMPLE_INSTRUMENT;EFS;EUR;2;107.53000000;2773;EXCHANGE_LAST;;1;1;XEUR;11820391;690;
24.04.2025;07:50:33.067;FGBS SI 20250606 PS;SIMPLE_INSTRUMENT;EFS;EUR;3;107.53500000;2716;EXCHANGE_LAST;;1;1;XEUR;11820391;690;
24.04.2025;08:19:36.799;FGBS SI 20250606 PS;SIMPLE_INSTRUMENT;EFP_FIN;EUR;4;107.53000000;849;EXCHANGE_LAST;;1;1;XEUR;11820391;690;
24.04.2025;07:57:37.564;FGBS SI 20250606 PS;SIMPLE_INSTRUMENT;EFS;EUR;5;107.54000000;2716;EXCHANGE_LAST;;1;1;XEUR;11820391;690;
24.04.2025;08:00:01.903;FGBS SI 20250606 PS;SIMPLE_INSTRUMENT;EFS;EUR;6;107.53000000;2717;EXCHANGE_LAST;;1;1;XEUR;11820391;690;
24.04.2025;08:01:20.625;FGBS SI 20250606 PS;SIMPLE_INSTRUMENT;EFS;EUR;7;107.53000000;2388;EXCHANGE_LAST;;1;1;XEUR;11820391;690;
24.04.2025;08:07:55.776;FGBS SI 20250606 PS;SIMPLE_INSTRUMENT;EFS;EUR;8;107.52500000;2716;EXCHANGE_LAST;;1;1;XEUR;11820391;690;
24.04.2025;08:09:39.782;FGBS SI 20250606 PS;SIMPLE_INSTRUMENT;EFP_FIN;EUR;9;107.53500000;1021;EXCHANGE_LAST;;1;1;XEUR;11820391;690;
24.04.2025;08:24:34.352;FGBS SI 20250606 PS;SIMPLE_INSTRUMENT;EFS;EUR;10;107.54000000;2717;EXCHANGE_LAST;;1;1;XEUR;11820391;690;
24.04.2025;08:34:07.792;FGBS SI 20250606 PS;SIMPLE_INSTRUMENT;EFS;EUR;11;107.52500000;1358;EXCHANGE_LAST;;1;1;XEUR;11820391;690;
24.04.2025;08:40:04.522;FGBS SI 20250606 PS;SIMPLE_INSTRUMENT;EFP_FIN;EUR;12;107.53000000;352;EXCHANGE_LAST;;1;1;XEUR;11820391;690;
24.04.2025;08:57:02.796;FGBS SI 20250606 PS;SIMPLE_INSTRUMENT;EFS;EUR;13;107.56000000;2715;EXCHANGE_LAST;;1;1;XEUR;11820391;690;
24.04.2025;08:59:45.870;FGBS SI 20250606 PS;SIMPLE_INSTRUMENT;EFS;EUR;14;107.56000000;2714;EXCHANGE_LAST;;1;1;XEUR;11820391;690;
24.04.2025;09:02:22.298;FGBS SI 20250606 PS;SIMPLE_INSTRUMENT;EFP_FIN;EUR;15;107.56000000;462;EXCHANGE_LAST;;1;1;XEUR;11820391;690;
24.04.2025;09:09:11.173;FGBS SI 20250606 PS;SIMPLE_INSTRUMENT;EFP_FIN;EUR;16;107.53000000;200;EXCHANGE_LAST;;1;1;XEUR;11820391;690;
24.04.2025;09:29:36.484;FGBS SI 20250606 PS;SIMPLE_INSTRUMENT;EFP_FIN;EUR;18;107.57000000;84;EXCHANGE_LAST;;1;1;XEUR;11820391;690;
24.04.2025;09:48:17.516;FGBS SI 20250606 PS;SIMPLE_INSTRUMENT;EFP_FIN;EUR;19;107.57000000;1298;EXCHANGE_LAST;;1;1;XEUR;11820391;690;
24.04.2025;10:15:30.597;FGBS SI 20250606 PS;SIMPLE_INSTRUMENT;EFS;EUR;20;107.55000000;1522;EXCHANGE_LAST;;1;1;XEUR;11820391;690;
24.04.2025;10:33:28.837;FGBS SI 20250606 PS;SIMPLE_INSTRUMENT;EFS;EUR;21;107.55000000;9536;EXCHANGE_LAST;;1;1;XEUR;11820391;690;
24.04.2025;10:40:57.720;FGBS SI 20250606 PS;SIMPLE_INSTRUMENT;EFP_FIN;EUR;22;107.55000000;101;EXCHANGE_LAST;;1;1;XEUR;11820391;690;
24.04.2025;10:42:20.675;FGBS SI 20250606 PS;SIMPLE_INSTRUMENT;EFP_FIN;EUR;23;107.55000000;709;EXCHANGE_LAST;;1;1;XEUR;11820391;690;
24.04.2025;10:56:35.834;FGBS SI 20250606 PS;SIMPLE_INSTRUMENT;EFP_FIN;EUR;24;107.55000000;600;EXCHANGE_LAST;;1;1;XEUR;11820391;690;
24.04.2025;10:58:12.811;FGBS SI 20250606 PS;SIMPLE_INSTRUMENT;EFP_FIN;EUR;25;107.55000000;253;EXCHANGE_LAST;;1;1;XEUR;11820391;690;
24.04.2025;11:38:40.087;FGBS SI 20250606 PS;SIMPLE_INSTRUMENT;EFS;EUR;26;107.57000000;5000;EXCHANGE_LAST;;1;1;XEUR;11820391;690;
24.04.2025;11:45:54.920;FGBS SI 20250606 PS;SIMPLE_INSTRUMENT;EFP_FIN;EUR;27;107.57000000;935;EXCHANGE_LAST;;1;1;XEUR;11820391;690;
24.04.2025;11:48:20.247;FGBS SI 20250606 PS;SIMPLE_INSTRUMENT;EFS;EUR;28;107.57000000;2386;EXCHANGE_LAST;;1;1;XEUR;11820391;690;
24.04.2025;11:51:36.857;FGBS SI 20250606 PS;SIMPLE_INSTRUMENT;EFS;EUR;29;107.57000000;1096;EXCHANGE_LAST;;1;1;XEUR;11820391;690;
24.04.2025;11:56:55.011;FGBS SI 20250606 PS;SIMPLE_INSTRUMENT;EFP_FIN;EUR;30;107.57000000;352;EXCHANGE_LAST;;1;1;XEUR;11820391;690;
24.04.2025;12:08:42.685;FGBS SI 20250606 PS;SIMPLE_INSTRUMENT;EFS;EUR;31;107.57000000;2387;EXCHANGE_LAST;;1;1;XEUR;11820391;690;
24.04.2025;12:09:59.283;FGBS SI 20250606 PS;SIMPLE_INSTRUMENT;EFS;EUR;32;107.57000000;2000;EXCHANGE_LAST;;1;1;XEUR;11820391;690;
24.04.2025;12:18:31.891;FGBS SI 20250606 PS;SIMPLE_INSTRUMENT;EFP_FIN;EUR;33;107.59500000;1354;EXCHANGE_LAST;;1;1;XEUR;11820391;690;
24.04.2025;12:21:43.419;FGBS SI 20250606 PS;SIMPLE_INSTRUMENT;EFS;EUR;34;107.59000000;4771;EXCHANGE_LAST;;1;1;XEUR;11820391;690;
24.04.2025;12:23:13.269;FGBS SI 20250606 PS;SIMPLE_INSTRUMENT;EFS;EUR;35;107.59000000;5000;EXCHANGE_LAST;;1;1;XEUR;11820391;690;
24.04.2025;12:29:37.643;FGBS SI 20250606 PS;SIMPLE_INSTRUMENT;EFS;EUR;36;107.59500000;2714;EXCHANGE_LAST;;1;1;XEUR;11820391;690;
24.04.2025;12:38:30.175;FGBS SI 20250606 PS;SIMPLE_INSTRUMENT;EFP_FIN;EUR;37;107.60000000;731;EXCHANGE_LAST;;1;1;XEUR;11820391;690;
24.04.2025;12:39:15.280;FGBS SI 20250606 PS;SIMPLE_INSTRUMENT;EFS;EUR;38;107.57000000;1628;EXCHANGE_LAST;;1;1;XEUR;11820391;690;
24.04.2025;12:50:22.355;FGBS SI 20250606 PS;SIMPLE_INSTRUMENT;EFS;EUR;39;107.59000000;1000;EXCHANGE_LAST;;1;1;XEUR;11820391;690;
24.04.2025;13:13:31.408;FGBS SI 20250606 PS;SIMPLE_INSTRUMENT;EFP_FIN;EUR;40;107.60500000;174;EXCHANGE_LAST;;1;1;XEUR;11820391;690;
24.04.2025;13:10:05.044;FGBS SI 20250606 PS;SIMPLE_INSTRUMENT;EFP_FIN;EUR;41;107.60500000;172;EXCHANGE_LAST;;1;1;XEUR;11820391;690;
24.04.2025;13:21:30.495;FGBS SI 20250606 PS;SIMPLE_INSTRUMENT;EFP_FIN;EUR;42;107.55000000;86;EXCHANGE_LAST;;1;1;XEUR;11820391;690;
24.04.2025;13:25:18.147;FGBS SI 20250606 PS;SIMPLE_INSTRUMENT;EFS;EUR;43;107.60000000;2386;EXCHANGE_LAST;;1;1;XEUR;11820391;690;
24.04.2025;13:30:06.621;FGBS SI 20250606 PS;SIMPLE_INSTRUMENT;EFP_FIN;EUR;44;107.61000000;366;EXCHANGE_LAST;;1;1;XEUR;11820391;690;
24.04.2025;13:30:06.621;FGBS SI 20250606 PS;SIMPLE_INSTRUMENT;EFP_FIN;EUR;45;107.61000000;2194;EXCHANGE_LAST;;1;1;XEUR;11820391;690;
24.04.2025;13:30:06.621;FGBS SI 20250606 PS;SIMPLE_INSTRUMENT;EFP_FIN;EUR;46;107.61000000;366;EXCHANGE_LAST;;1;1;XEUR;11820391;690;
24.04.2025;13:37:56.287;FGBS SI 20250606 PS;SIMPLE_INSTRUMENT;EFS;EUR;47;107.59500000;3582;EXCHANGE_LAST;;1;1;XEUR;11820391;690;
24.04.2025;13:46:38.174;FGBS SI 20250606 PS;SIMPLE_INSTRUMENT;EFS;EUR;48;107.60000000;1628;EXCHANGE_LAST;;1;1;XEUR;11820391;690;
24.04.2025;14:08:43.944;FGBS SI 20250606 PS;SIMPLE_INSTRUMENT;EFP_FIN;EUR;49;107.59000000;769;EXCHANGE_LAST;;1;1;XEUR;11820391;690;
24.04.2025;14:11:33.958;FGBS SI 20250606 PS;SIMPLE_INSTRUMENT;EFS;EUR;50;107.60000000;2000;EXCHANGE_LAST;;1;1;XEUR;11820391;690;
24.04.2025;14:13:19.854;FGBS SI 20250606 PS;SIMPLE_INSTRUMENT;EFP_FIN;EUR;52;107.59000000;938;EXCHANGE_LAST;;1;1;XEUR;11820391;690;
24.04.2025;14:14:48.049;FGBS SI 20250606 PS;SIMPLE_INSTRUMENT;EFP_FIN;EUR;53;107.58000000;2346;EXCHANGE_LAST;;1;1;XEUR;11820391;690;
24.04.2025;14:16:04.183;FGBS SI 20250606 PS;SIMPLE_INSTRUMENT;EFP_FIN;EUR;54;107.58000000;678;EXCHANGE_LAST;;1;1;XEUR;11820391;690;
24.04.2025;14:22:24.556;FGBS SI 20250606 PS;SIMPLE_INSTRUMENT;EFS;EUR;55;107.58000000;1192;EXCHANGE_LAST;;1;1;XEUR;11820391;690;
24.04.2025;14:26:50.295;FGBS SI 20250606 PS;SIMPLE_INSTRUMENT;EFP_FIN;EUR;56;107.60000000;241;EXCHANGE_LAST;;1;1;XEUR;11820391;690;
24.04.2025;14:47:34.257;FGBS SI 20250606 PS;SIMPLE_INSTRUMENT;EFP_FIN;EUR;57;107.58000000;2925;EXCHANGE_LAST;;1;1;XEUR;11820391;690;
24.04.2025;14:47:53.668;FGBS SI 20250606 PS;SIMPLE_INSTRUMENT;EFP_FIN;EUR;58;107.58000000;731;EXCHANGE_LAST;;1;1;XEUR;11820391;690;
24.04.2025;15:08:44.978;FGBS SI 20250606 PS;SIMPLE_INSTRUMENT;EFP_FIN;EUR;59;107.58500000;1580;EXCHANGE_LAST;;1;1;XEUR;11820391;690;
24.04.2025;15:12:43.240;FGBS SI 20250606 PS;SIMPLE_INSTRUMENT;EFP_FIN;EUR;60;107.59500000;1020;EXCHANGE_LAST;;1;1;XEUR;11820391;690;
24.04.2025;15:24:52.018;FGBS SI 20250606 PS;SIMPLE_INSTRUMENT;EFS;EUR;61;107.58500000;10;EXCHANGE_LAST;;1;1;XEUR;11820391;690;
24.04.2025;15:37:56.523;FGBS SI 20250606 PS;SIMPLE_INSTRUMENT;EFS;EUR;62;107.61500000;1338;EXCHANGE_LAST;;1;1;XEUR;11820391;690;
24.04.2025;15:40:19.838;FGBS SI 20250606 PS;SIMPLE_INSTRUMENT;EFP_FIN;EUR;63;107.58000000;2104;EXCHANGE_LAST;;1;1;XEUR;11820391;690;
24.04.2025;15:41:00.015;FGBS SI 20250606 PS;SIMPLE_INSTRUMENT;EFP_FIN;EUR;64;107.58000000;886;EXCHANGE_LAST;;1;1;XEUR;11820391;690;
24.04.2025;15:41:47.869;FGBS SI 20250606 PS;SIMPLE_INSTRUMENT;EFP_FIN;EUR;65;107.59000000;355;EXCHANGE_LAST;;1;1;XEUR;11820391;690;
24.04.2025;15:42:07.590;FGBS SI 20250606 PS;SIMPLE_INSTRUMENT;EFP_FIN;EUR;66;107.58000000;1016;EXCHANGE_LAST;;1;1;XEUR;11820391;690;
24.04.2025;15:42:27.084;FGBS SI 20250606 PS;SIMPLE_INSTRUMENT;EFP_FIN;EUR;67;107.58000000;339;EXCHANGE_LAST;;1;1;XEUR;11820391;690;
24.04.2025;15:42:49.034;FGBS SI 20250606 PS;SIMPLE_INSTRUMENT;EFP_FIN;EUR;68;107.58000000;177;EXCHANGE_LAST;;1;1;XEUR;11820391;690;
24.04.2025;15:50:55.367;FGBS SI 20250606 PS;SIMPLE_INSTRUMENT;EFS;EUR;69;107.60500000;1195;EXCHANGE_LAST;;1;1;XEUR;11820391;690;
24.04.2025;15:51:07.323;FGBS SI 20250606 PS;SIMPLE_INSTRUMENT;EFS;EUR;70;107.60500000;1195;EXCHANGE_LAST;;1;1;XEUR;11820391;690;
24.04.2025;15:54:15.126;FGBS SI 20250606 PS;SIMPLE_INSTRUMENT;EFP_FIN;EUR;71;107.61500000;339;EXCHANGE_LAST;;1;1;XEUR;11820391;690;
24.04.2025;16:00:41.147;FGBS SI 20250606 PS;SIMPLE_INSTRUMENT;EFP_FIN;EUR;72;107.61500000;62;EXCHANGE_LAST;;1;1;XEUR;11820391;690;
24.04.2025;15:58:32.744;FGBS SI 20250606 PS;SIMPLE_INSTRUMENT;EFP_FIN;EUR;73;107.61500000;312;EXCHANGE_LAST;;1;1;XEUR;11820391;690;
24.04.2025;16:01:03.798;FGBS SI 20250606 PS;SIMPLE_INSTRUMENT;EFS;EUR;74;107.59500000;2390;EXCHANGE_LAST;;1;1;XEUR;11820391;690;
24.04.2025;09:45:59.201;FGBS SI 20250606 PS;SIMPLE_INSTRUMENT;VOLA;EUR;268435504;107.58000000;1000;EXCHANGE_LAST;;1;1;XEUR;11820391;690;
24.04.2025;09:46:25.193;FGBS SI 20250606 PS;SIMPLE_INSTRUMENT;VOLA;EUR;268435505;107.58000000;250;EXCHANGE_LAST;;1;1;XEUR;11820391;690;
24.04.2025;07:03:46.418;FGBX SI 20250606 PS;SIMPLE_INSTRUMENT;EFP_FIN;EUR;1;123.72000000;600;EXCHANGE_LAST;;1;1;XEUR;11820392;691;
24.04.2025;07:26:01.439;FGBX SI 20250606 PS;SIMPLE_INSTRUMENT;EFS;EUR;2;123.38000000;50;EXCHANGE_LAST;;1;1;XEUR;11820392;691;
24.04.2025;08:01:45.792;FGBX SI 20250606 PS;SIMPLE_INSTRUMENT;EFP_FIN;EUR;3;123.66000000;119;EXCHANGE_LAST;;1;1;XEUR;11820392;691;
24.04.2025;08:06:15.151;FGBX SI 20250606 PS;SIMPLE_INSTRUMENT;EFP_FIN;EUR;5;123.56000000;372;EXCHANGE_LAST;;1;1;XEUR;11820392;691;
24.04.2025;08:09:10.845;FGBX SI 20250606 PS;SIMPLE_INSTRUMENT;EFP_FIN;EUR;6;123.66000000;186;EXCHANGE_LAST;;1;1;XEUR;11820392;691;
24.04.2025;08:41:58.540;FGBX SI 20250606 PS;SIMPLE_INSTRUMENT;EFS;EUR;11;123.80000000;177;EXCHANGE_LAST;;1;1;XEUR;11820392;691;
24.04.2025;08:55:07.789;FGBX SI 20250606 PS;SIMPLE_INSTRUMENT;EFP_FIN;EUR;12;123.90000000;202;EXCHANGE_LAST;;1;1;XEUR;11820392;691;
24.04.2025;09:04:56.697;FGBX SI 20250606 PS;SIMPLE_INSTRUMENT;EFP_FIN;EUR;13;124.06000000;298;EXCHANGE_LAST;;1;1;XEUR;11820392;691;
24.04.2025;09:17:33.092;FGBX SI 20250606 PS;SIMPLE_INSTRUMENT;EFP_FIN;EUR;14;124.06000000;224;EXCHANGE_LAST;;1;1;XEUR;11820392;691;
24.04.2025;09:23:59.603;FGBX SI 20250606 PS;SIMPLE_INSTRUMENT;EFP_FIN;EUR;15;124.08000000;71;EXCHANGE_LAST;;1;1;XEUR;11820392;691;
24.04.2025;09:39:36.004;FGBX SI 20250606 PS;SIMPLE_INSTRUMENT;EFP_FIN;EUR;16;124.12000000;135;EXCHANGE_LAST;;1;1;XEUR;11820392;691;
24.04.2025;09:51:30.993;FGBX SI 20250606 PS;SIMPLE_INSTRUMENT;BLOCK;EUR;18;124.08000000;176;EXCHANGE_LAST;;1;1;XEUR;11820392;691;
24.04.2025;10:05:07.104;FGBX SI 20250606 PS;SIMPLE_INSTRUMENT;EFP_FIN;EUR;19;123.88000000;74;EXCHANGE_LAST;;1;1;XEUR;11820392;691;
24.04.2025;10:07:58.412;FGBX SI 20250606 PS;SIMPLE_INSTRUMENT;EFP_FIN;EUR;20;123.90000000;90;EXCHANGE_LAST;;1;1;XEUR;11820392;691;
24.04.2025;10:29:51.949;FGBX SI 20250606 PS;SIMPLE_INSTRUMENT;EFP_FIN;EUR;21;123.86000000;372;EXCHANGE_LAST;;1;1;XEUR;11820392;691;
24.04.2025;10:36:17.704;FGBX SI 20250606 PS;SIMPLE_INSTRUMENT;EFP_FIN;EUR;22;123.94000000;253;EXCHANGE_LAST;;1;1;XEUR;11820392;691;
24.04.2025;11:34:22.994;FGBX SI 20250606 PS;SIMPLE_INSTRUMENT;EFS;EUR;24;123.78000000;402;EXCHANGE_LAST;;1;1;XEUR;11820392;691;
24.04.2025;11:41:11.018;FGBX SI 20250606 PS;SIMPLE_INSTRUMENT;EFP_FIN;EUR;25;123.76000000;88;EXCHANGE_LAST;;1;1;XEUR;11820392;691;
24.04.2025;12:51:39.488;FGBX SI 20250606 PS;SIMPLE_INSTRUMENT;EFP_FIN;EUR;26;124.40000000;348;EXCHANGE_LAST;;1;1;XEUR;11820392;691;
24.04.2025;13:04:45.917;FGBX SI 20250606 PS;SIMPLE_INSTRUMENT;EFS;EUR;28;124.16000000;106;EXCHANGE_LAST;;1;1;XEUR;11820392;691;
24.04.2025;13:24:23.408;FGBX SI 20250606 PS;SIMPLE_INSTRUMENT;EFP_FIN;EUR;29;124.26000000;104;EXCHANGE_LAST;;1;1;XEUR;11820392;691;
24.04.2025;13:57:44.628;FGBX SI 20250606 PS;SIMPLE_INSTRUMENT;BLOCK;EUR;31;124.32000000;260;EXCHANGE_LAST;;1;1;XEUR;11820392;691;
24.04.2025;14:03:11.458;FGBX SI 20250606 PS;SIMPLE_INSTRUMENT;BLOCK;EUR;32;124.32000000;188;EXCHANGE_LAST;;1;1;XEUR;11820392;691;
24.04.2025;14:17:40.813;FGBX SI 20250606 PS;SIMPLE_INSTRUMENT;EFP_FIN;EUR;33;124.38000000;184;EXCHANGE_LAST;;1;1;XEUR;11820392;691;
24.04.2025;15:05:46.066;FGBX SI 20250606 PS;SIMPLE_INSTRUMENT;EFP_FIN;EUR;34;124.44000000;86;EXCHANGE_LAST;;1;1;XEUR;11820392;691;
24.04.2025;15:13:36.747;FGBX SI 20250606 PS;SIMPLE_INSTRUMENT;BLOCK;EUR;35;124.40000000;798;EXCHANGE_LAST;;1;1;XEUR;11820392;691;
24.04.2025;15:14:57.986;FGBX SI 20250606 PS;SIMPLE_INSTRUMENT;EFP_FIN;EUR;36;124.32000000;585;EXCHANGE_LAST;;1;1;XEUR;11820392;691;
24.04.2025;15:15:41.549;FGBX SI 20250606 PS;SIMPLE_INSTRUMENT;EFP_FIN;EUR;37;124.32000000;139;EXCHANGE_LAST;;1;1;XEUR;11820392;691;
24.04.2025;15:16:29.365;FGBX SI 20250606 PS;SIMPLE_INSTRUMENT;EFP_FIN;EUR;38;124.32000000;647;EXCHANGE_LAST;;1;1;XEUR;11820392;691;
24.04.2025;15:19:44.806;FGBX SI 20250606 PS;SIMPLE_INSTRUMENT;EFP_FIN;EUR;39;124.26000000;112;EXCHANGE_LAST;;1;1;XEUR;11820392;691;
24.04.2025;12:09:13.422;FIA5 SI 20250619 PS AM C 8.60 0;SIMPLE_INSTRUMENT;BLOCK;EUR;19;0.37000000;3750;EXCHANGE_LAST;;3;3;XEUR;12989928;48227;
24.04.2025;12:24:04.845;FIA5.O.250424.STG.000001;STANDARD_OPTION_STRATEGY;BLOCK;EUR;21;1.99000000;2000;EXCHANGE_LAST;;2;1;XEUR;72264727425720297;48227;
24.04.2025;12:24:04.845;FIA5 SI 20251218 PS AM P 8.00 0;SIMPLE_INSTRUMENT;BLOCK;EUR;21;1.14550000;2000;PRC_DECOMP_EXCHANGE;;;;XEUR;10385073;48227;EXCHANGE
24.04.2025;12:24:04.845;FIA5 SI 20251218 PS AM C 9.00 0;SIMPLE_INSTRUMENT;BLOCK;EUR;21;0.84450000;2000;PRC_DECOMP_EXCHANGE;;;;XEUR;12423821;48227;EXCHANGE
24.04.2025;12:41:03.816;FIA5 SI 20260618 PS AM C 10.00 0;SIMPLE_INSTRUMENT;BLOCK;EUR;22;0.76000000;1000;EXCHANGE_LAST;;2;1;XEUR;11340155;48227;
24.04.2025;13:40:58.787;FIA5.O.250424.BER.000003;STANDARD_OPTION_STRATEGY;BLOCK;EUR;31;4.00000000;1000;EXCHANGE_LAST;;1;1;XEUR;72264727425720299;48227;
24.04.2025;13:40:58.787;FIA5 SI 20250619 PS AM P 16.00 0;SIMPLE_INSTRUMENT;BLOCK;EUR;31;7.95000000;1000;PRC_DECOMP_MEMBER;;;;XEUR;9533230;48227;MEMBER
24.04.2025;13:40:58.787;FIA5 SI 20250619 PS AM P 20.00 0;SIMPLE_INSTRUMENT;BLOCK;EUR;31;11.95000000;1000;PRC_DECOMP_MEMBER;;;;XEUR;9533234;48227;MEMBER
24.04.2025;01:42:53.431;FMAU SI 20250620 CS;SIMPLE_INSTRUMENT;BLOCK;USD;3;5643.68100000;103;EXCHANGE_LAST;;1;1;XEUR;7939462;45287;
24.04.2025;03:31:29.914;FMCH SI 20250620 CS;SIMPLE_INSTRUMENT;BLOCK;USD;11;559.83400000;2395;EXCHANGE_LAST;;1;1;XEUR;7940815;402909;
24.04.2025;15:28:51.992;FMCH SI 20250620 CS;SIMPLE_INSTRUMENT;BLOCK;USD;49;562.30000000;159;EXCHANGE_LAST;;1;1;XEUR;7940815;402909;
24.04.2025;07:00:56.659;FMCL SI 20250620 CS;SIMPLE_INSTRUMENT;EFP_IDX;USD;6;346.10000000;3;EXCHANGE_LAST;;1;1;XEUR;7938829;12398;
24.04.2025;15:55:41.421;FMCP SI 20250620 CS;SIMPLE_INSTRUMENT;EFP_IDX;EUR;84;545.20000000;94;EXCHANGE_LAST;;1;1;XEUR;11880750;662;
24.04.2025;15:55:43.746;FMCP SI 20250620 CS;SIMPLE_INSTRUMENT;EFP_IDX;EUR;85;544.80000000;103;EXCHANGE_LAST;;1;1;XEUR;11880750;662;
24.04.2025;00:55:45.797;FMEA SI 20250620 CS;SIMPLE_INSTRUMENT;BLOCK;USD;1;691.17100000;50;EXCHANGE_LAST;;1;1;XEUR;7938804;12395;
24.04.2025;01:46:52.206;FMEA SI 20250620 CS;SIMPLE_INSTRUMENT;EFP_IDX;USD;5;691.85800000;22;EXCHANGE_LAST;;1;1;XEUR;7938804;12395;
24.04.2025;03:19:04.575;FMEA SI 20250620 CS;SIMPLE_INSTRUMENT;EFP_IDX;USD;10;691.85800000;34;EXCHANGE_LAST;;1;1;XEUR;7938804;12395;
24.04.2025;06:36:05.255;FMEA SI 20250620 CS;SIMPLE_INSTRUMENT;BLOCK;USD;18;691.68000000;812;EXCHANGE_LAST;;1;1;XEUR;7938804;12395;
24.04.2025;07:21:43.105;FMEM SI 20250620 CS;SIMPLE_INSTRUMENT;BLOCK;USD;37;592.32900000;1733;EXCHANGE_LAST;;1;1;XEUR;7938803;12394;
24.04.2025;06:38:50.045;FMEN SI 20250620 CS;SIMPLE_INSTRUMENT;EFP_IDX;EUR;20;490.15300000;332;EXCHANGE_LAST;;1;1;XEUR;7939172;30652;
24.04.2025;07:17:21.769;FMEN SI 20250620 CS;SIMPLE_INSTRUMENT;EFP_IDX;EUR;36;488.83800000;2;EXCHANGE_LAST;;1;1;XEUR;7939172;30652;
24.04.2025;06:58:55.563;FMES SI 20250620 CS;SIMPLE_INSTRUMENT;EFP_IDX;EUR;27;558.25800000;72;EXCHANGE_LAST;;1;1;XEUR;7940344;221291;
24.04.2025;13:47:00.802;FMFP SI 20250620 CS;SIMPLE_INSTRUMENT;BLOCK;USD;42;2447.00000000;615;EXCHANGE_LAST;;1;1;XEUR;7411194;51999;
24.04.2025;13:47:07.623;FMFP SI 20281215 CS;SIMPLE_INSTRUMENT;BLOCK;USD;43;2598.71400000;615;EXCHANGE_LAST;;1;1;XEUR;10469571;51999;
24.04.2025;14:48:59.622;FMFP SI 20250620 CS;SIMPLE_INSTRUMENT;BLOCK;USD;45;2446.50000000;245;EXCHANGE_LAST;;1;1;XEUR;7411194;51999;
24.04.2025;14:49:02.614;FMFP SI 20281215 CS;SIMPLE_INSTRUMENT;BLOCK;USD;46;2598.18300000;218;EXCHANGE_LAST;;1;1;XEUR;10469571;51999;
24.04.2025;14:56:41.197;FMFP SI 20250620 CS;SIMPLE_INSTRUMENT;BLOCK;USD;47;2446.50000000;138;EXCHANGE_LAST;;1;1;XEUR;7411194;51999;
24.04.2025;14:56:44.465;FMFP SI 20281215 CS;SIMPLE_INSTRUMENT;BLOCK;USD;48;2598.18300000;138;EXCHANGE_LAST;;1;1;XEUR;10469571;51999;
24.04.2025;15:28:57.576;FMFP.S.JUN25.DEC28.SPD;FUTURES_SPREAD;BLOCK;USD;50;-151.68300000;26;EXCHANGE_LAST;;1;1;XEUR;72280928042353247;51999;
24.04.2025;15:28:57.576;FMFP SI 20250620 CS;SIMPLE_INSTRUMENT;BLOCK;USD;50;2446.50000000;26;PRC_DECOMP_MEMBER;;;;XEUR;7411194;51999;MEMBER
24.04.2025;15:28:57.576;FMFP SI 20281215 CS;SIMPLE_INSTRUMENT;BLOCK;USD;50;2598.18300000;26;PRC_DECOMP_MEMBER;;;;XEUR;10469571;51999;MEMBER
24.04.2025;07:02:11.618;FMGC SI 20250620 CS;SIMPLE_INSTRUMENT;BLOCK;USD;29;13133.67000000;82;EXCHANGE_LAST;;1;1;XEUR;7939680;48916;
24.04.2025;07:12:16.901;FMGC SI 20250620 CS;SIMPLE_INSTRUMENT;BLOCK;USD;33;13133.67000000;229;EXCHANGE_LAST;;1;2;XEUR;7939680;48916;
24.04.2025;13:54:33.068;FMGO SI 20250620 CS;SIMPLE_INSTRUMENT;BLOCK;USD;44;5469.00000000;124;EXCHANGE_LAST;;1;1;XEUR;8609371;583623;
24.04.2025;06:58:16.869;FMGS SI 20250620 CS;SIMPLE_INSTRUMENT;BLOCK;USD;26;24784.94600000;1197;EXCHANGE_LAST;;1;1;XEUR;7939679;48912;
24.04.2025;07:05:56.536;FMGS SI 20250620 CS;SIMPLE_INSTRUMENT;BLOCK;USD;30;24783.71700000;800;EXCHANGE_LAST;;1;1;XEUR;7939679;48912;
24.04.2025;07:07:42.726;FMHK SI 20250620 CS;SIMPLE_INSTRUMENT;BLOCK;USD;31;57984.59100000;45;EXCHANGE_LAST;;1;1;XEUR;7939458;45282;
24.04.2025;07:07:59.044;FMHK SI 20250620 CS;SIMPLE_INSTRUMENT;BLOCK;USD;32;57996.10700000;52;EXCHANGE_LAST;;1;1;XEUR;7939458;45282;
24.04.2025;04:48:01.366;FMID SI 20250620 CS;SIMPLE_INSTRUMENT;BLOCK;USD;4;1418.30900000;529;EXCHANGE_LAST;;1;1;XEUR;7939464;45289;
24.04.2025;06:26:25.591;FMID SI 20250620 CS;SIMPLE_INSTRUMENT;BLOCK;USD;5;1416.85000000;303;EXCHANGE_LAST;;1;1;XEUR;7939464;45289;
24.04.2025;01:41:22.598;FMIN SI 20250620 CS;SIMPLE_INSTRUMENT;BLOCK;USD;2;1269.79500000;118;EXCHANGE_LAST;;1;1;XEUR;7938852;12404;
24.04.2025;02:39:42.865;FMIN SI 20250620 CS;SIMPLE_INSTRUMENT;BLOCK;USD;9;1269.79500000;40;EXCHANGE_LAST;;1;1;XEUR;7938852;12404;
24.04.2025;03:45:05.606;FMIN SI 20250620 CS;SIMPLE_INSTRUMENT;BLOCK;USD;12;1269.79500000;215;EXCHANGE_LAST;;1;1;XEUR;7938852;12404;
24.04.2025;06:30:00.724;FMIN SI 20250620 CS;SIMPLE_INSTRUMENT;BLOCK;USD;17;1270.17400000;240;EXCHANGE_LAST;;1;1;XEUR;7938852;12404;
24.04.2025;07:16:32.509;FMIN SI 20250620 CS;SIMPLE_INSTRUMENT;BLOCK;USD;35;1270.17400000;167;EXCHANGE_LAST;;1;1;XEUR;7938852;12404;
24.04.2025;07:24:46.866;FMIN SI 20250620 CS;SIMPLE_INSTRUMENT;BLOCK;USD;38;1270.29800000;198;EXCHANGE_LAST;;1;1;XEUR;7938852;12404;
24.04.2025;07:53:36.000;FMIN SI 20250620 CS;SIMPLE_INSTRUMENT;BLOCK;USD;40;1270.29800000;160;EXCHANGE_LAST;;1;1;XEUR;7938852;12404;
