#Date;TrdTime;Contract;ContractType;TrdTyp;Currency;TesId;Prc;Qty;TrdInd;Aggressor;Buy;Sell;Exch;InstrumentId;RelatedProdId;PrcDecomp
06.03.2025;09:02:04.875;A2XA SI 20271217 CS;SIMPLE_INSTRUMENT;BLOCK;EUR;4;2.15000000;500;EXCHANGE_LAST;;1;1;XEUR;5914267;17;
06.03.2025;09:09:30.990;A2XA SI 20271217 CS;SIMPLE_INSTRUMENT;BLOCK;EUR;6;2.16000000;1000;EXCHANGE_LAST;;2;1;XEUR;5914267;17;
06.03.2025;09:35:55.514;A2XA SI 20261218 CS;SIMPLE_INSTRUMENT;BLOCK;EUR;12;2.25000000;300;EXCHANGE_LAST;;1;2;XEUR;4632093;17;
06.03.2025;09:35:12.953;A2XA SI 20271217 CS;SIMPLE_INSTRUMENT;BLOCK;EUR;15;2.16000000;300;EXCHANGE_LAST;;1;2;XEUR;5914267;17;
06.03.2025;09:39:08.980;A2XA SI 20271217 CS;SIMPLE_INSTRUMENT;BLOCK;EUR;18;2.15500000;300;EXCHANGE_LAST;;1;1;XEUR;5914267;17;
06.03.2025;11:17:58.603;A2XA SI 20281215 CS;SIMPLE_INSTRUMENT;BLOCK;EUR;35;1.98000000;110;EXCHANGE_LAST;;1;1;XEUR;6796967;17;
06.03.2025;11:49:31.712;A2XA SI 20281215 CS;SIMPLE_INSTRUMENT;BLOCK;EUR;43;2.00000000;300;EXCHANGE_LAST;;1;1;XEUR;6796967;17;
06.03.2025;13:32:52.191;A2XA SI 20271217 CS;SIMPLE_INSTRUMENT;BLOCK;EUR;67;2.14500000;500;EXCHANGE_LAST;;1;1;XEUR;5914267;17;
06.03.2025;16:29:03.562;A2XA SI 20251219 CS;SIMPLE_INSTRUMENT;BLOCK;EUR;107;2.17000000;500;EXCHANGE_LAST;;1;1;XEUR;3681055;17;
06.03.2025;12:50:53.515;ABBN FI 20250402 CS EU C 51.3000 0;FLEXIBLE_INSTRUMENT;BLOCK;CHF;51;0.41000000;1400;EXCHANGE_LAST;;1;1;XEUR;1155389036332854035;574517;
06.03.2025;08:39:34.625;ADEN SI 20250321 PS AM C 26.00 0;SIMPLE_INSTRUMENT;BLOCK;CHF;1;1.21000000;1200;EXCHANGE_LAST;;1;1;XEUR;10828055;44;
06.03.2025;09:40:53.843;ADEN SI 20250321 PS AM C 26.00 0;SIMPLE_INSTRUMENT;BLOCK;CHF;8;1.10000000;960;EXCHANGE_LAST;;1;1;XEUR;10828055;44;
06.03.2025;11:46:00.035;ADEN SI 20250321 PS AM C 26.00 0;SIMPLE_INSTRUMENT;BLOCK;CHF;37;1.42000000;960;EXCHANGE_LAST;;1;1;XEUR;10828055;44;
06.03.2025;13:30:47.013;ADEN SI 20250321 PS AM C 26.00 0;SIMPLE_INSTRUMENT;BLOCK;CHF;63;1.86000000;1440;EXCHANGE_LAST;;1;1;XEUR;10828055;44;
06.03.2025;13:44:06.453;ADEN SI 20250417 PS AM C 30.00 0;SIMPLE_INSTRUMENT;BLOCK;CHF;64;0.67000000;2662;EXCHANGE_LAST;;1;1;XEUR;12883646;44;
06.03.2025;13:44:13.746;ADEN SI 20250417 PS AM C 28.00 0;SIMPLE_INSTRUMENT;BLOCK;CHF;65;1.16000000;5324;EXCHANGE_LAST;;1;1;XEUR;12811771;44;
06.03.2025;14:07:59.189;ADEN SI 20250321 PS AM C 26.00 0;SIMPLE_INSTRUMENT;BLOCK;CHF;69;2.03000000;720;EXCHANGE_LAST;;1;1;XEUR;10828055;44;
06.03.2025;14:15:31.686;ADEN SI 20250321 PS AM C 26.00 0;SIMPLE_INSTRUMENT;BLOCK;CHF;71;2.18000000;720;EXCHANGE_LAST;;1;1;XEUR;10828055;44;
06.03.2025;14:21:34.676;ADEN SI 20250620 PS AM C 32.00 0;SIMPLE_INSTRUMENT;BLOCK;CHF;75;0.85000000;5000;EXCHANGE_LAST;;1;1;XEUR;7897414;44;
06.03.2025;14:25:56.292;ADEN SI 20250321 PS AM P 28.00 0;SIMPLE_INSTRUMENT;BLOCK;CHF;76;1.08000000;1750;EXCHANGE_LAST;;1;1;XEUR;10828083;44;
06.03.2025;14:48:21.884;ADEN SI 20250321 PS AM C 27.50 0;SIMPLE_INSTRUMENT;BLOCK;CHF;86;1.20000000;1925;EXCHANGE_LAST;;1;1;XEUR;12546207;44;
06.03.2025;15:07:10.794;ADEN SI 20250321 PS AM C 27.50 0;SIMPLE_INSTRUMENT;BLOCK;CHF;89;1.20000000;1155;EXCHANGE_LAST;;1;1;XEUR;12546207;44;
06.03.2025;15:27:58.512;ADEN SI 20250321 PS AM C 27.50 0;SIMPLE_INSTRUMENT;BLOCK;CHF;95;1.30000000;924;EXCHANGE_LAST;;1;1;XEUR;12546207;44;
06.03.2025;16:01:07.870;ADEN SI 20250321 PS AM C 27.50 0;SIMPLE_INSTRUMENT;BLOCK;CHF;105;1.25000000;1109;EXCHANGE_LAST;;1;1;XEUR;12546207;44;
06.03.2025;10:57:03.489;ADS SI 20261218 PS AM C 280.00 0;SIMPLE_INSTRUMENT;BLOCK;EUR;13;23.05000000;250;EXCHANGE_LAST;;1;1;XEUR;7152077;50;
06.03.2025;11:31:49.834;ADS SI 20251219 PS AM C 300.00 0;SIMPLE_INSTRUMENT;BLOCK;EUR;18;7.11000000;250;EXCHANGE_LAST;;1;1;XEUR;12430784;50;
06.03.2025;15:03:10.000;ADS SI 20260619 PS AM P 240.00 0;SIMPLE_INSTRUMENT;BLOCK;EUR;36;31.40000000;250;EXCHANGE_LAST;;1;1;XEUR;9536500;50;
06.03.2025;08:56:26.403;ADY SI 20250321 PS AM P 1680.00 0;SIMPLE_INSTRUMENT;BLOCK;EUR;6;28.50000000;600;EXCHANGE_LAST;;2;2;XEUR;10870724;76315;
06.03.2025;11:32:15.836;AIR SI 20251219 PS AM P 160.00 0;SIMPLE_INSTRUMENT;BLOCK;EUR;23;5.20000000;300;EXCHANGE_LAST;;1;1;XEUR;11290318;64;
06.03.2025;08:50:39.928;AKE SI 20250321 PS AM C 84.00 0;SIMPLE_INSTRUMENT;BLOCK;EUR;6;2.40000000;320;EXCHANGE_LAST;;1;1;XEUR;10829366;77;
06.03.2025;09:45:53.856;AKE SI 20250321 PS AM C 84.00 0;SIMPLE_INSTRUMENT;BLOCK;EUR;7;2.12000000;256;EXCHANGE_LAST;;1;1;XEUR;10829366;77;
06.03.2025;13:40:32.452;AKE SI 20250321 PS AM C 84.00 0;SIMPLE_INSTRUMENT;BLOCK;EUR;37;2.27000000;307;EXCHANGE_LAST;;1;1;XEUR;10829366;77;
06.03.2025;14:05:29.773;AKE SI 20250321 PS AM C 84.00 0;SIMPLE_INSTRUMENT;BLOCK;EUR;41;2.42000000;179;EXCHANGE_LAST;;1;1;XEUR;10829366;77;
06.03.2025;14:47:11.401;AKE SI 20250321 PS AM C 84.00 0;SIMPLE_INSTRUMENT;BLOCK;EUR;46;3.10000000;538;EXCHANGE_LAST;;1;1;XEUR;10829366;77;
06.03.2025;08:43:04.982;AKU SI 20250321 PS AM C 62.00 0;SIMPLE_INSTRUMENT;BLOCK;EUR;2;1.49000000;524;EXCHANGE_LAST;;1;1;XEUR;12431646;78;
06.03.2025;09:45:12.068;AKU SI 20250321 PS AM C 62.00 0;SIMPLE_INSTRUMENT;BLOCK;EUR;10;1.34000000;629;EXCHANGE_LAST;;1;1;XEUR;12431646;78;
06.03.2025;14:01:57.596;AKU SI 20250321 PS AM C 62.00 0;SIMPLE_INSTRUMENT;BLOCK;EUR;30;1.42000000;367;EXCHANGE_LAST;;1;1;XEUR;12431646;78;
06.03.2025;15:08:09.329;AKU SI 20250321 PS AM C 62.00 0;SIMPLE_INSTRUMENT;BLOCK;EUR;34;1.75000000;827;EXCHANGE_LAST;;1;1;XEUR;12431646;78;
06.03.2025;11:35:05.108;ALC SI 20251219 PS AM P 72.00 0;SIMPLE_INSTRUMENT;BLOCK;CHF;31;2.68000000;600;EXCHANGE_LAST;;1;1;XEUR;12477633;130134;
06.03.2025;16:28:06.930;ALC.O.250306.BLT.000001;STANDARD_OPTION_STRATEGY;BLOCK;CHF;117;2.45000000;500;EXCHANGE_LAST;;1;1;XEUR;72616515312039957;130134;
06.03.2025;16:28:06.930;ALC SI 20250620 PS AM C 84.00 0;SIMPLE_INSTRUMENT;BLOCK;CHF;117;3.07000000;500;PRC_DECOMP_EXCHANGE;;;;XEUR;7926501;130134;EXCHANGE
06.03.2025;16:28:06.930;ALC SI 20250321 PS AM C 84.00 0;SIMPLE_INSTRUMENT;BLOCK;CHF;117;0.62000000;500;PRC_DECOMP_EXCHANGE;;;;XEUR;10872448;130134;EXCHANGE
06.03.2025;09:59:53.112;ALV FI 20260619 PS AM C 330.0000 0;FLEXIBLE_INSTRUMENT;BLOCK;EUR;6;30.00000000;400;EXCHANGE_LAST;;1;1;XEUR;1152921822434445983;74;
06.03.2025;10:22:40.068;ALV FI 20260619 PS AM P 330.0000 0;FLEXIBLE_INSTRUMENT;BLOCK;EUR;10;29.85000000;400;EXCHANGE_LAST;;1;1;XEUR;1152921822434445984;74;
06.03.2025;10:23:23.235;ALV.O.250306.STD.000011;STANDARD_OPTION_STRATEGY;BLOCK;EUR;11;65.50000000;400;EXCHANGE_LAST;;1;1;XEUR;72057911865569603;74;
06.03.2025;10:23:23.235;ALV SI 20251219 PS AM C 290.00 0;SIMPLE_INSTRUMENT;BLOCK;EUR;11;58.71000000;400;PRC_DECOMP_MEMBER;;;;XEUR;12056997;74;MEMBER
06.03.2025;10:23:23.235;ALV SI 20251219 PS AM P 290.00 0;SIMPLE_INSTRUMENT;BLOCK;EUR;11;6.79000000;400;PRC_DECOMP_MEMBER;;;;XEUR;12056991;74;MEMBER
06.03.2025;13:06:27.489;AMS.O.250306.BRT.000002;STANDARD_OPTION_STRATEGY;ENLIGHT;CHF;54;1.84000000;1000;EXCHANGE_LAST;;1;1;XEUR;72104009749518438;10807;
06.03.2025;13:06:27.489;AMS SI 20250321 PS AM P 10.00 0;SIMPLE_INSTRUMENT;ENLIGHT;CHF;54;0.84000000;1000;PRC_DECOMP_EXCHANGE;;;;XEUR;11997774;10807;EXCHANGE
06.03.2025;13:06:27.489;AMS SI 20251219 PS AM P 10.00 0;SIMPLE_INSTRUMENT;ENLIGHT;CHF;54;2.68000000;1000;PRC_DECOMP_EXCHANGE;;;;XEUR;11997393;10807;EXCHANGE
06.03.2025;11:05:40.097;ANN SI 20291221 PS AM P 18.00 0;SIMPLE_INSTRUMENT;BLOCK;EUR;11;2.91000000;1000;EXCHANGE_LAST;;1;1;XEUR;12469680;45202;
06.03.2025;11:56:37.940;ANN SI 20260619 PS AM C 28.00 0;SIMPLE_INSTRUMENT;BLOCK;EUR;20;2.60000000;13000;EXCHANGE_LAST;;4;2;XEUR;9576339;45202;
06.03.2025;12:32:09.710;ANN SI 20260619 PS AM C 28.00 0;SIMPLE_INSTRUMENT;BLOCK;EUR;24;2.60000000;2000;EXCHANGE_LAST;;1;1;XEUR;9576339;45202;
06.03.2025;14:11:41.519;ANN SI 20270618 PS AM P 24.00 0;SIMPLE_INSTRUMENT;BLOCK;EUR;35;4.25000000;4000;EXCHANGE_LAST;;3;1;XEUR;11386690;45202;
06.03.2025;14:37:16.275;ANN.O.250306.PDIA.000029;STANDARD_OPTION_STRATEGY;BLOCK;EUR;44;-0.28000000;1250;EXCHANGE_LAST;;1;1;XEUR;72251735149669722;45202;
06.03.2025;14:37:16.275;ANN SI 20250321 PS AM P 24.00 0;SIMPLE_INSTRUMENT;BLOCK;EUR;44;0.56000000;1250;PRC_DECOMP_EXCHANGE;;;;XEUR;10865121;45202;EXCHANGE
06.03.2025;14:37:16.275;ANN SI 20250516 PS AM P 20.00 0;SIMPLE_INSTRUMENT;BLOCK;EUR;44;0.28000000;1250;PRC_DECOMP_EXCHANGE;;;;XEUR;12838365;45202;EXCHANGE
06.03.2025;15:38:29.023;ANN SI 20270618 PS AM P 24.00 0;SIMPLE_INSTRUMENT;BLOCK;EUR;60;4.25000000;4500;EXCHANGE_LAST;;2;2;XEUR;11386690;45202;
06.03.2025;16:31:55.773;ANN SI 20251219 PS AM P 24.00 0;SIMPLE_INSTRUMENT;BLOCK;EUR;68;2.53000000;3000;EXCHANGE_LAST;;1;1;XEUR;7733120;45202;
06.03.2025;13:35:25.323;ASM.O.250306.COMBO.000004;STANDARD_OPTION_STRATEGY;BLOCK;EUR;26;1.50000000;300;EXCHANGE_LAST;;1;2;XEUR;72058053599446509;107;
06.03.2025;13:35:25.323;ASM SI 20250620 PS AM P 560.00 0;SIMPLE_INSTRUMENT;BLOCK;EUR;26;17.97000000;300;PRC_DECOMP_EXCHANGE;;;;XEUR;7898584;107;EXCHANGE
06.03.2025;13:35:25.323;ASM SI 20250620 PS AM C 800.00 0;SIMPLE_INSTRUMENT;BLOCK;EUR;26;16.47000000;300;PRC_DECOMP_EXCHANGE;;;;XEUR;8077174;107;EXCHANGE
06.03.2025;14:41:21.237;ASM SI 20250321 PS AM P 640.00 0;SIMPLE_INSTRUMENT;BLOCK;EUR;33;14.00000000;250;EXCHANGE_LAST;;1;1;XEUR;10830146;107;
06.03.2025;15:45:06.037;ASMH SI 20250321 CS;SIMPLE_INSTRUMENT;BLOCK;EUR;101;664.52000000;450;EXCHANGE_LAST;;1;1;XEUR;10717245;3979;
06.03.2025;10:05:27.404;AXA SI 20250620 PS AM C 40.00 0;SIMPLE_INSTRUMENT;BLOCK;EUR;11;0.71000000;1700;EXCHANGE_LAST;;1;1;XEUR;8111500;127;
06.03.2025;10:05:49.573;AXA SI 20250620 PS AM P 35.00 0;SIMPLE_INSTRUMENT;BLOCK;EUR;12;1.03000000;1700;EXCHANGE_LAST;;1;1;XEUR;12767491;127;
06.03.2025;11:32:20.904;AXAG.S.MAR25.APR25.SPD;FUTURES_SPREAD;BLOCK;EUR;37;-0.08000000;5000;EXCHANGE_LAST;;1;1;XEUR;72058130908840258;125;
06.03.2025;11:32:20.904;AXAG SI 20250321 CS;SIMPLE_INSTRUMENT;BLOCK;EUR;37;38.37500000;5000;PRC_DECOMP_EXCHANGE;;;;XEUR;10693637;125;EXCHANGE
06.03.2025;11:32:20.904;AXAG SI 20250417 CS;SIMPLE_INSTRUMENT;BLOCK;EUR;37;38.45500000;5000;PRC_DECOMP_EXCHANGE;;;;XEUR;10829924;125;EXCHANGE
06.03.2025;11:55:09.915;B2MW SI 20250620 CS;SIMPLE_INSTRUMENT;BLOCK;EUR;46;4.50000000;332;EXCHANGE_LAST;;2;1;XEUR;10830088;128;
06.03.2025;14:08:42.129;B2MW SI 20251219 CS;SIMPLE_INSTRUMENT;BLOCK;EUR;78;4.39000000;100;EXCHANGE_LAST;;1;1;XEUR;3681121;128;
06.03.2025;08:52:10.031;B2NP SI 20271217 CS;SIMPLE_INSTRUMENT;BLOCK;EUR;2;4.54000000;100;EXCHANGE_LAST;;1;1;XEUR;7086925;131;
06.03.2025;08:53:05.913;B2NP SI 20281215 CS;SIMPLE_INSTRUMENT;BLOCK;EUR;3;4.12000000;200;EXCHANGE_LAST;;1;1;XEUR;7086921;131;
06.03.2025;09:16:09.535;B2NP SI 20281215 CS;SIMPLE_INSTRUMENT;BLOCK;EUR;7;4.12000000;75;EXCHANGE_LAST;;1;1;XEUR;7086921;131;
06.03.2025;09:35:11.311;B2NP SI 20281215 CS;SIMPLE_INSTRUMENT;BLOCK;EUR;14;4.12000000;50;EXCHANGE_LAST;;1;1;XEUR;7086921;131;
06.03.2025;10:13:31.115;B2NP SI 20261218 CS;SIMPLE_INSTRUMENT;BLOCK;EUR;25;4.88000000;270;EXCHANGE_LAST;;1;1;XEUR;6798320;131;
06.03.2025;10:21:47.088;B2NP SI 20281215 CS;SIMPLE_INSTRUMENT;BLOCK;EUR;27;4.12000000;75;EXCHANGE_LAST;;1;1;XEUR;7086921;131;
06.03.2025;12:17:41.417;B2NP SI 20261218 CS;SIMPLE_INSTRUMENT;BLOCK;EUR;53;4.90000000;135;EXCHANGE_LAST;;1;2;XEUR;6798320;131;
06.03.2025;12:31:43.677;BARN FI 20250402 CS EU C 1185.0000 0;FLEXIBLE_INSTRUMENT;BLOCK;CHF;48;15.25000000;140;EXCHANGE_LAST;;1;1;XEUR;1152922144556981095;149;
06.03.2025;09:48:42.386;BAS SI 20250620 PS AM C 56.00 0;SIMPLE_INSTRUMENT;BLOCK;EUR;6;3.10000000;2000;EXCHANGE_LAST;;1;1;XEUR;10779757;150;
06.03.2025;09:57:50.139;BAS.O.250306.BER.000018;STANDARD_OPTION_STRATEGY;BLOCK;EUR;7;0.66000000;2800;EXCHANGE_LAST;;1;1;XEUR;72058238283092304;150;
06.03.2025;09:57:50.139;BAS SI 20250417 PS AM P 50.00 0;SIMPLE_INSTRUMENT;BLOCK;EUR;7;1.39000000;2800;PRC_DECOMP_EXCHANGE;;;;XEUR;12673178;150;EXCHANGE
06.03.2025;09:57:50.139;BAS SI 20250417 PS AM P 47.00 0;SIMPLE_INSTRUMENT;BLOCK;EUR;7;0.73000000;2800;PRC_DECOMP_EXCHANGE;;;;XEUR;12615340;150;EXCHANGE
06.03.2025;09:58:00.377;BAS.O.250306.BER.000018;STANDARD_OPTION_STRATEGY;BLOCK;EUR;8;0.67000000;700;EXCHANGE_LAST;;1;1;XEUR;72058238283092304;150;
06.03.2025;09:58:00.377;BAS SI 20250417 PS AM P 50.00 0;SIMPLE_INSTRUMENT;BLOCK;EUR;8;1.38000000;700;PRC_DECOMP_EXCHANGE;;;;XEUR;12673178;150;EXCHANGE
06.03.2025;09:58:00.377;BAS SI 20250417 PS AM P 47.00 0;SIMPLE_INSTRUMENT;BLOCK;EUR;8;0.71000000;700;PRC_DECOMP_EXCHANGE;;;;XEUR;12615340;150;EXCHANGE
06.03.2025;09:58:09.629;BAS.O.250306.BER.000019;STANDARD_OPTION_STRATEGY;BLOCK;EUR;9;0.52000000;2560;EXCHANGE_LAST;;1;1;XEUR;72058238283092305;150;
06.03.2025;09:58:09.629;BAS SI 20250417 PS AM P 48.00 0;SIMPLE_INSTRUMENT;BLOCK;EUR;9;0.81000000;2560;PRC_DECOMP_EXCHANGE;;;;XEUR;12615306;150;EXCHANGE
06.03.2025;09:58:09.629;BAS SI 20250417 PS AM P 43.00 0;SIMPLE_INSTRUMENT;BLOCK;EUR;9;0.29000000;2560;PRC_DECOMP_EXCHANGE;;;;XEUR;12615368;150;EXCHANGE
06.03.2025;10:07:11.986;BAS.O.250306.STG.000020;STANDARD_OPTION_STRATEGY;BLOCK;EUR;11;2.93000000;5000;EXCHANGE_LAST;;4;1;XEUR;72058238283092306;150;
06.03.2025;10:07:11.986;BAS SI 20250321 PS AM P 51.00 0;SIMPLE_INSTRUMENT;BLOCK;EUR;11;1.21000000;5000;PRC_DECOMP_EXCHANGE;;;;XEUR;12693212;150;EXCHANGE
06.03.2025;10:07:11.986;BAS SI 20250321 PS AM C 54.00 0;SIMPLE_INSTRUMENT;BLOCK;EUR;11;1.72000000;5000;PRC_DECOMP_EXCHANGE;;;;XEUR;12604647;150;EXCHANGE
06.03.2025;10:12:47.009;BAS SI 20251219 PS AM P 38.00 0;SIMPLE_INSTRUMENT;BLOCK;EUR;12;1.03000000;500;EXCHANGE_LAST;;1;1;XEUR;12433429;150;
06.03.2025;10:25:10.432;BAS SI 20271217 PS AM P 36.00 0;SIMPLE_INSTRUMENT;BLOCK;EUR;14;2.95000000;750;EXCHANGE_LAST;;1;1;XEUR;8774171;150;
06.03.2025;10:44:09.820;BAS SI 20250417 PS AM C 52.00 0;SIMPLE_INSTRUMENT;BLOCK;EUR;17;3.55000000;2757;EXCHANGE_LAST;;1;1;XEUR;12693218;150;
06.03.2025;10:44:18.656;BAS SI 20250417 PS AM C 52.00 0;SIMPLE_INSTRUMENT;BLOCK;EUR;18;3.58000000;13643;EXCHANGE_LAST;;1;1;XEUR;12693218;150;
06.03.2025;10:47:20.716;BAS.O.250306.STG.000029;STANDARD_OPTION_STRATEGY;BLOCK;EUR;19;3.98000000;1200;EXCHANGE_LAST;;1;1;XEUR;72058238283092315;150;
06.03.2025;10:47:20.716;BAS SI 20250620 PS AM C 58.00 0;SIMPLE_INSTRUMENT;BLOCK;EUR;19;1.76000000;1200;PRC_DECOMP_EXCHANGE;;;;XEUR;10779753;150;EXCHANGE
06.03.2025;10:47:20.716;BAS SI 20250620 PS AM P 48.00 0;SIMPLE_INSTRUMENT;BLOCK;EUR;19;2.22000000;1200;PRC_DECOMP_EXCHANGE;;;;XEUR;7898976;150;EXCHANGE
06.03.2025;11:13:41.913;BAS.O.250306.BER.000031;STANDARD_OPTION_STRATEGY;BLOCK;EUR;20;2.96000000;6500;EXCHANGE_LAST;;2;2;XEUR;72058238283092317;150;
06.03.2025;11:13:41.913;BAS SI 20250620 PS AM P 54.00 0;SIMPLE_INSTRUMENT;BLOCK;EUR;20;5.01000000;6500;PRC_DECOMP_EXCHANGE;;;;XEUR;10779755;150;EXCHANGE
06.03.2025;11:13:41.913;BAS SI 20250620 PS AM P 48.00 0;SIMPLE_INSTRUMENT;BLOCK;EUR;20;2.05000000;6500;PRC_DECOMP_EXCHANGE;;;;XEUR;7898976;150;EXCHANGE
06.03.2025;11:45:59.668;BAS.O.250306.RBUL.000032;STANDARD_OPTION_STRATEGY;BLOCK;EUR;21;0.19000000;400;EXCHANGE_LAST;;1;1;XEUR;72058238283092318;150;
06.03.2025;11:45:59.668;BAS SI 20251219 PS AM C 60.00 0;SIMPLE_INSTRUMENT;BLOCK;EUR;21;3.05000000;400;PRC_DECOMP_EXCHANGE;;;;XEUR;5922207;150;EXCHANGE
06.03.2025;11:45:59.668;BAS SI 20251219 PS AM C 66.00 0;SIMPLE_INSTRUMENT;BLOCK;EUR;21;1.62000000;800;PRC_DECOMP_EXCHANGE;;;;XEUR;12749017;150;EXCHANGE
06.03.2025;12:29:22.305;BAS SI 20251219 PS AM C 56.00 0;SIMPLE_INSTRUMENT;BLOCK;EUR;24;4.27000000;1000;EXCHANGE_LAST;;1;1;XEUR;6584721;150;
06.03.2025;12:32:50.886;BAS SI 20250620 PS AM C 50.00 0;SIMPLE_INSTRUMENT;BLOCK;EUR;25;5.75000000;7700;EXCHANGE_LAST;;1;1;XEUR;10779749;150;
06.03.2025;12:32:53.501;BAS SI 20250620 PS AM C 58.00 0;SIMPLE_INSTRUMENT;BLOCK;EUR;26;2.02000000;4950;EXCHANGE_LAST;;1;1;XEUR;10779753;150;
06.03.2025;12:32:53.650;BAS SI 20250620 PS AM C 58.00 0;SIMPLE_INSTRUMENT;BLOCK;EUR;27;2.00000000;6050;EXCHANGE_LAST;;1;1;XEUR;10779753;150;
06.03.2025;12:35:37.187;BAS SI 20261218 PS AM P 54.00 0;SIMPLE_INSTRUMENT;BLOCK;EUR;28;8.38000000;500;EXCHANGE_LAST;;1;1;XEUR;12749060;150;
06.03.2025;12:35:40.409;BAS SI 20261218 PS AM C 56.00 0;SIMPLE_INSTRUMENT;BLOCK;EUR;29;5.89000000;500;EXCHANGE_LAST;;1;1;XEUR;12749077;150;
06.03.2025;13:03:38.068;BAS SI 20251219 PS AM P 48.00 0;SIMPLE_INSTRUMENT;BLOCK;EUR;32;3.40000000;3000;EXCHANGE_LAST;;1;1;XEUR;5922204;150;
06.03.2025;13:13:11.573;BAS.O.250306.STG.000034;STANDARD_OPTION_STRATEGY;BLOCK;EUR;34;14.27000000;400;EXCHANGE_LAST;;1;1;XEUR;72058238283092320;150;
06.03.2025;13:13:11.573;BAS SI 20261218 PS AM P 54.00 0;SIMPLE_INSTRUMENT;BLOCK;EUR;34;8.38000000;400;PRC_DECOMP_MEMBER;;;;XEUR;12749060;150;MEMBER
06.03.2025;13:13:11.573;BAS SI 20261218 PS AM C 56.00 0;SIMPLE_INSTRUMENT;BLOCK;EUR;34;5.89000000;400;PRC_DECOMP_MEMBER;;;;XEUR;12749077;150;MEMBER
06.03.2025;13:21:32.966;BAS SI 20250620 PS AM C 55.00 0;SIMPLE_INSTRUMENT;BLOCK;EUR;35;3.09000000;2000;EXCHANGE_LAST;;1;1;XEUR;12795232;150;
06.03.2025;13:21:39.281;BAS SI 20250620 PS AM P 52.00 0;SIMPLE_INSTRUMENT;BLOCK;EUR;37;3.58000000;2250;EXCHANGE_LAST;;2;2;XEUR;7898981;150;
06.03.2025;13:33:14.139;BAS SI 20250321 PS AM C 56.00 0;SIMPLE_INSTRUMENT;BLOCK;EUR;38;1.24000000;1000;EXCHANGE_LAST;;2;1;XEUR;10831047;150;
06.03.2025;15:29:37.218;BAS SI 20250417 PS AM P 50.00 0;SIMPLE_INSTRUMENT;BLOCK;EUR;39;1.10000000;3400;EXCHANGE_LAST;;1;1;XEUR;12673178;150;
06.03.2025;15:29:39.848;BAS SI 20250417 PS AM P 47.00 0;SIMPLE_INSTRUMENT;BLOCK;EUR;40;0.49000000;3400;EXCHANGE_LAST;;1;1;XEUR;12615340;150;
06.03.2025;15:29:39.978;BAS SI 20250417 PS AM C 60.00 0;SIMPLE_INSTRUMENT;BLOCK;EUR;41;1.06000000;1700;EXCHANGE_LAST;;1;1;XEUR;12774501;150;
06.03.2025;15:44:55.416;BAS SI 20250620 PS AM C 50.00 0;SIMPLE_INSTRUMENT;BLOCK;EUR;42;6.13000000;443;EXCHANGE_LAST;;1;1;XEUR;10779749;150;
06.03.2025;15:44:55.484;BAS SI 20250620 PS AM C 50.00 0;SIMPLE_INSTRUMENT;BLOCK;EUR;43;6.12000000;442;EXCHANGE_LAST;;1;1;XEUR;10779749;150;
06.03.2025;15:46:23.436;BAS SI 20250321 PS AM C 56.00 0;SIMPLE_INSTRUMENT;BLOCK;EUR;44;1.18000000;400;EXCHANGE_LAST;;1;1;XEUR;10831047;150;
06.03.2025;15:46:25.770;BAS SI 20250321 PS AM C 52.00 0;SIMPLE_INSTRUMENT;BLOCK;EUR;45;3.21000000;400;EXCHANGE_LAST;;1;1;XEUR;10831049;150;
06.03.2025;16:16:27.309;BAS SI 20251219 PS AM C 60.00 0;SIMPLE_INSTRUMENT;BLOCK;EUR;48;3.09000000;3000;EXCHANGE_LAST;;1;1;XEUR;5922207;150;
06.03.2025;16:18:58.272;BAS SI 20251219 PS AM P 48.00 0;SIMPLE_INSTRUMENT;BLOCK;EUR;50;3.03000000;2000;EXCHANGE_LAST;;1;1;XEUR;5922204;150;
06.03.2025;16:20:27.059;BAS SI 20251219 PS AM C 60.00 0;SIMPLE_INSTRUMENT;BLOCK;EUR;51;3.09000000;500;EXCHANGE_LAST;;1;1;XEUR;5922207;150;
06.03.2025;16:30:40.253;BASG SI 20250321 CS;SIMPLE_INSTRUMENT;BLOCK;EUR;108;54.61840000;2000;EXCHANGE_LAST;;1;1;XEUR;10694474;171;
06.03.2025;09:16:18.910;BAY SI 20250620 PS AM C 27.00 0;SIMPLE_INSTRUMENT;BLOCK;EUR;3;1.60000000;12000;EXCHANGE_LAST;;1;3;XEUR;11992379;168;
06.03.2025;09:35:54.632;BAY SI 20250321 PS AM P 22.00 0;SIMPLE_INSTRUMENT;BLOCK;EUR;5;0.12000000;1000;EXCHANGE_LAST;;1;1;XEUR;10831467;168;
06.03.2025;12:26:35.437;BAY SI 20250417 PS AM C 26.00 0;SIMPLE_INSTRUMENT;BLOCK;EUR;23;0.82000000;900;EXCHANGE_LAST;;1;1;XEUR;12615434;168;
06.03.2025;16:21:23.770;BAY SI 20250417 PS AM C 27.00 0;SIMPLE_INSTRUMENT;BLOCK;EUR;49;0.66000000;10000;EXCHANGE_LAST;;2;3;XEUR;12719194;168;
06.03.2025;16:33:07.912;BAY SI 20250417 PS AM C 27.00 0;SIMPLE_INSTRUMENT;BLOCK;EUR;52;0.66000000;2500;EXCHANGE_LAST;;1;1;XEUR;12719194;168;
06.03.2025;16:35:01.314;BAY SI 20250417 PS AM C 26.00 0;SIMPLE_INSTRUMENT;BLOCK;EUR;53;0.94000000;600;EXCHANGE_LAST;;1;1;XEUR;12615434;168;
06.03.2025;16:35:05.490;BAY SI 20250417 PS AM C 26.00 0;SIMPLE_INSTRUMENT;BLOCK;EUR;54;0.95000000;600;EXCHANGE_LAST;;1;1;XEUR;12615434;168;
06.03.2025;16:44:27.364;BAY SI 20250417 PS AM C 26.00 0;SIMPLE_INSTRUMENT;BLOCK;EUR;55;1.04000000;9440;EXCHANGE_LAST;;1;1;XEUR;12615434;168;
06.03.2025;16:44:32.765;BAY SI 20250417 PS AM C 26.00 0;SIMPLE_INSTRUMENT;BLOCK;EUR;56;1.03000000;2360;EXCHANGE_LAST;;1;1;XEUR;12615434;168;
06.03.2025;09:18:04.398;BMW SI 20250321 PS AM P 85.00 0;SIMPLE_INSTRUMENT;BLOCK;EUR;6;3.19000000;1000;EXCHANGE_LAST;;1;1;XEUR;11862784;210;
06.03.2025;11:50:29.867;BMW SI 20250321 PS AM P 88.00 0;SIMPLE_INSTRUMENT;BLOCK;EUR;26;5.00000000;400;EXCHANGE_LAST;;1;1;XEUR;10832549;210;
06.03.2025;11:50:29.928;BMW SI 20250919 PS AM C 100.00 0;SIMPLE_INSTRUMENT;BLOCK;EUR;27;2.82000000;400;EXCHANGE_LAST;;1;1;XEUR;11874377;210;
06.03.2025;13:05:47.237;BMW.O.250306.RBUL.000006;STANDARD_OPTION_STRATEGY;BLOCK;EUR;34;-1.15000000;2500;EXCHANGE_LAST;;1;1;XEUR;72058495981109561;210;
06.03.2025;13:05:47.237;BMW SI 20250620 PS AM C 95.00 0;SIMPLE_INSTRUMENT;BLOCK;EUR;34;3.20000000;5000;PRC_DECOMP_MEMBER;;;;XEUR;10683603;210;MEMBER
06.03.2025;13:05:47.237;BMW SI 20250620 PS AM C 84.00 0;SIMPLE_INSTRUMENT;BLOCK;EUR;34;7.55000000;2500;PRC_DECOMP_MEMBER;;;;XEUR;7899911;210;MEMBER
06.03.2025;13:31:52.436;BMW SI 20251219 PS AM C 88.00 0;SIMPLE_INSTRUMENT;BLOCK;EUR;37;7.90000000;1000;EXCHANGE_LAST;;1;1;XEUR;12435178;210;
06.03.2025;14:17:29.051;BMW.O.250306.BRT.000008;STANDARD_OPTION_STRATEGY;BLOCK;EUR;42;2.53000000;1500;EXCHANGE_LAST;;1;1;XEUR;72058495981109563;210;
06.03.2025;14:17:29.051;BMW SI 20250620 PS AM P 80.00 0;SIMPLE_INSTRUMENT;BLOCK;EUR;42;5.10000000;1500;PRC_DECOMP_EXCHANGE;;;;XEUR;11332526;210;EXCHANGE
06.03.2025;14:17:29.051;BMW SI 20251219 PS AM P 80.00 0;SIMPLE_INSTRUMENT;BLOCK;EUR;42;7.63000000;1500;PRC_DECOMP_EXCHANGE;;;;XEUR;7126198;210;EXCHANGE
06.03.2025;15:07:42.012;BMW SI 20250919 PS AM C 92.00 0;SIMPLE_INSTRUMENT;BLOCK;EUR;47;5.40000000;1000;EXCHANGE_LAST;;1;1;XEUR;11874417;210;
06.03.2025;16:14:14.704;BMW.O.250306.STD.000012;STANDARD_OPTION_STRATEGY;BLOCK;EUR;49;7.93000000;450;EXCHANGE_LAST;;1;1;XEUR;72058495981109567;210;
06.03.2025;16:14:14.704;BMW SI 20250321 PS AM C 88.00 0;SIMPLE_INSTRUMENT;BLOCK;EUR;49;3.73000000;450;PRC_DECOMP_EXCHANGE;;;;XEUR;10832547;210;EXCHANGE
06.03.2025;16:14:14.704;BMW SI 20250321 PS AM P 88.00 0;SIMPLE_INSTRUMENT;BLOCK;EUR;49;4.20000000;450;PRC_DECOMP_EXCHANGE;;;;XEUR;10832549;210;EXCHANGE
06.03.2025;16:31:03.062;BMW SI 20250620 PS AM P 80.00 0;SIMPLE_INSTRUMENT;BLOCK;EUR;50;4.92000000;500;EXCHANGE_LAST;;1;1;XEUR;11332526;210;
06.03.2025;11:54:08.633;BMWF SI 20250620 CS;SIMPLE_INSTRUMENT;BLOCK;EUR;45;82.63500000;4000;EXCHANGE_LAST;;2;1;XEUR;11170639;239;
06.03.2025;11:50:41.091;BNP.O.250306.CNV.000008;STANDARD_OPTION_STRATEGY;BLOCK;EUR;24;12.82000000;3900;EXCHANGE_LAST;;1;1;XEUR;72058611945200057;237;
06.03.2025;11:50:41.091;BNP SI 20260619 PS AM P 60.00 0;SIMPLE_INSTRUMENT;BLOCK;EUR;24;4.14000000;3900;PRC_DECOMP_MEMBER;;;;XEUR;9541702;237;MEMBER
06.03.2025;11:50:41.091;BNP SI 20260619 PS AM C 60.00 0;SIMPLE_INSTRUMENT;BLOCK;EUR;24;16.96000000;3900;PRC_DECOMP_MEMBER;;;;XEUR;9541706;237;MEMBER
06.03.2025;12:49:51.479;BNP SI 20251219 PS AM C 88.00 0;SIMPLE_INSTRUMENT;BLOCK;EUR;30;1.71000000;500;EXCHANGE_LAST;;1;1;XEUR;7245862;237;
06.03.2025;09:36:40.427;BOSS SI 20250919 PS AM P 42.00 0;SIMPLE_INSTRUMENT;BLOCK;EUR;3;4.30000000;1750;EXCHANGE_LAST;;1;2;XEUR;11874587;230;
06.03.2025;14:42:34.865;BOSS SI 20251219 PS AM P 36.00 0;SIMPLE_INSTRUMENT;BLOCK;EUR;35;2.76000000;500;EXCHANGE_LAST;;1;1;XEUR;5923552;230;
06.03.2025;11:53:58.941;BSI SI 20261218 PS AM C 160.00 0;SIMPLE_INSTRUMENT;BLOCK;EUR;17;10.65000000;250;EXCHANGE_LAST;;1;1;XEUR;12475900;76317;
06.03.2025;10:19:56.323;BVI SI 20250321 PS AM C 28.00 0;SIMPLE_INSTRUMENT;BLOCK;EUR;14;0.85000000;1585;EXCHANGE_LAST;;1;1;XEUR;10833985;276;
06.03.2025;16:08:58.492;BYG SI 20250620 PS AM C 38.00 0;SIMPLE_INSTRUMENT;BLOCK;EUR;48;0.85000000;4000;EXCHANGE_LAST;;1;1;XEUR;11354347;280;
06.03.2025;16:09:01.796;BYG SI 20250620 PS AM P 32.00 0;SIMPLE_INSTRUMENT;BLOCK;EUR;49;0.63000000;4000;EXCHANGE_LAST;;1;1;XEUR;7900631;280;
06.03.2025;16:09:04.806;BYG SI 20250620 PS AM P 32.00 0;SIMPLE_INSTRUMENT;BLOCK;EUR;50;0.64000000;2000;EXCHANGE_LAST;;1;1;XEUR;7900631;280;
06.03.2025;11:10:04.628;C4RI SI 20261218 CS;SIMPLE_INSTRUMENT;BLOCK;EUR;34;2.93000000;306;EXCHANGE_LAST;;1;1;XEUR;6821680;50862;
06.03.2025;14:36:05.386;C4RI SI 20261218 CS;SIMPLE_INSTRUMENT;BLOCK;EUR;87;2.95000000;1000;EXCHANGE_LAST;;1;1;XEUR;6821680;50862;
06.03.2025;11:26:48.752;CAR SI 20250516 PS AM C 14.60 0;SIMPLE_INSTRUMENT;BLOCK;EUR;21;0.10000000;10000;EXCHANGE_LAST;;1;1;XEUR;12815602;265;
06.03.2025;13:13:49.482;CAR.O.250306.STD.000002;STANDARD_OPTION_STRATEGY;BLOCK;EUR;34;2.86000000;5000;EXCHANGE_LAST;;3;1;XEUR;72058732204276647;265;
06.03.2025;13:13:49.482;CAR SI 20260619 PS AM P 13.00 0;SIMPLE_INSTRUMENT;BLOCK;EUR;34;1.88000000;5000;PRC_DECOMP_EXCHANGE;;;;XEUR;12052858;265;EXCHANGE
06.03.2025;13:13:49.482;CAR SI 20260619 PS AM C 13.00 0;SIMPLE_INSTRUMENT;BLOCK;EUR;34;0.98000000;5000;PRC_DECOMP_EXCHANGE;;;;XEUR;12052857;265;EXCHANGE
06.03.2025;16:53:53.125;CAR.O.250306.BR23.000003;STANDARD_OPTION_STRATEGY;BLOCK;EUR;52;-1.60000000;13000;EXCHANGE_LAST;;2;3;XEUR;72058732204276648;265;
06.03.2025;16:53:53.125;CAR SI 20281215 PS AM P 6.40 0;SIMPLE_INSTRUMENT;BLOCK;EUR;52;0.46000000;39000;PRC_DECOMP_MEMBER;;;;XEUR;10399654;265;MEMBER
06.03.2025;16:53:53.125;CAR SI 20281215 PS AM P 10.00 0;SIMPLE_INSTRUMENT;BLOCK;EUR;52;1.49000000;26000;PRC_DECOMP_MEMBER;;;;XEUR;10399692;265;MEMBER
06.03.2025;09:29:42.390;CBK SI 20281215 PS AM P 8.00 0;SIMPLE_INSTRUMENT;BLOCK;EUR;2;0.50000000;4000;EXCHANGE_LAST;;1;1;XEUR;10399845;268;
06.03.2025;10:09:29.852;CBK.O.250306.STD.000010;STANDARD_OPTION_STRATEGY;BLOCK;EUR;6;7.81000000;10000;EXCHANGE_LAST;;1;1;XEUR;72058745089203847;268;
06.03.2025;10:09:29.852;CBK SI 20261218 PS AM P 24.00 0;SIMPLE_INSTRUMENT;BLOCK;EUR;6;4.51000000;10000;PRC_DECOMP_EXCHANGE;;;;XEUR;10982472;268;EXCHANGE
06.03.2025;10:09:29.852;CBK SI 20261218 PS AM C 24.00 0;SIMPLE_INSTRUMENT;BLOCK;EUR;6;3.30000000;10000;PRC_DECOMP_EXCHANGE;;;;XEUR;10982475;268;EXCHANGE
06.03.2025;10:35:34.368;CBK.O.250306.BER.000012;STANDARD_OPTION_STRATEGY;BLOCK;EUR;8;3.28000000;45000;EXCHANGE_LAST;;3;1;XEUR;72058745089203849;268;
06.03.2025;10:35:34.368;CBK SI 20261218 PS AM P 16.00 0;SIMPLE_INSTRUMENT;BLOCK;EUR;8;1.33000000;45000;PRC_DECOMP_EXCHANGE;;;;XEUR;7372793;268;EXCHANGE
06.03.2025;10:35:34.368;CBK SI 20261218 PS AM P 24.00 0;SIMPLE_INSTRUMENT;BLOCK;EUR;8;4.61000000;45000;PRC_DECOMP_EXCHANGE;;;;XEUR;10982472;268;EXCHANGE
06.03.2025;11:27:50.349;CBK SI 20260619 PS AM P 18.00 0;SIMPLE_INSTRUMENT;BLOCK;EUR;15;1.50000000;7500;EXCHANGE_LAST;;1;2;XEUR;9542141;268;
06.03.2025;12:08:32.780;CBK SI 20251219 PS AM C 30.00 0;SIMPLE_INSTRUMENT;BLOCK;EUR;20;0.74000000;1250;EXCHANGE_LAST;;1;1;XEUR;12436567;268;
06.03.2025;12:21:20.889;CBK.O.250306.STG.000017;STANDARD_OPTION_STRATEGY;BLOCK;EUR;21;7.52000000;2000;EXCHANGE_LAST;;1;1;XEUR;72058745089203854;268;
06.03.2025;12:21:20.889;CBK SI 20271217 PS AM C 24.00 0;SIMPLE_INSTRUMENT;BLOCK;EUR;21;4.09000000;2000;PRC_DECOMP_EXCHANGE;;;;XEUR;10982473;268;EXCHANGE
06.03.2025;12:21:20.889;CBK SI 20271217 PS AM P 20.00 0;SIMPLE_INSTRUMENT;BLOCK;EUR;21;3.43000000;2000;PRC_DECOMP_EXCHANGE;;;;XEUR;9040225;268;EXCHANGE
06.03.2025;13:34:11.257;CBK.O.250306.BER.000024;STANDARD_OPTION_STRATEGY;BLOCK;EUR;27;0.53000000;30000;EXCHANGE_LAST;;4;1;XEUR;72058745089203861;268;
06.03.2025;13:34:11.257;CBK SI 20260619 PS AM P 12.00 0;SIMPLE_INSTRUMENT;BLOCK;EUR;27;0.47000000;30000;PRC_DECOMP_MEMBER;;;;XEUR;9542175;268;MEMBER
06.03.2025;13:34:11.257;CBK SI 20260619 PS AM P 16.00 0;SIMPLE_INSTRUMENT;BLOCK;EUR;27;1.00000000;30000;PRC_DECOMP_MEMBER;;;;XEUR;9542135;268;MEMBER
06.03.2025;14:03:49.041;CBK.O.250306.STD.000028;STANDARD_OPTION_STRATEGY;BLOCK;EUR;31;5.28000000;5000;EXCHANGE_LAST;;1;1;XEUR;72058745089203865;268;
06.03.2025;14:03:49.041;CBK SI 20251219 PS AM P 23.00 0;SIMPLE_INSTRUMENT;BLOCK;EUR;31;2.60000000;5000;PRC_DECOMP_MEMBER;;;;XEUR;11854120;268;MEMBER
06.03.2025;14:03:49.041;CBK SI 20251219 PS AM C 23.00 0;SIMPLE_INSTRUMENT;BLOCK;EUR;31;2.68000000;5000;PRC_DECOMP_MEMBER;;;;XEUR;11854123;268;MEMBER
06.03.2025;16:27:48.291;CBK SI 20250620 PS AM C 16.00 0;SIMPLE_INSTRUMENT;BLOCK;EUR;40;7.61000000;5000;EXCHANGE_LAST;;1;1;XEUR;8356724;268;
06.03.2025;16:01:26.317;CFR SI 20250417 PS AM C 198.00 0;SIMPLE_INSTRUMENT;BLOCK;CHF;106;0.66000000;499;EXCHANGE_LAST;;1;1;XEUR;12719269;313;
06.03.2025;16:06:17.426;CFR SI 20250321 PS AM P 160.00 0;SIMPLE_INSTRUMENT;BLOCK;CHF;107;0.50000000;1000;EXCHANGE_LAST;;1;1;XEUR;10834861;313;
06.03.2025;10:00:31.821;CGM.O.250306.STG.000002;STANDARD_OPTION_STRATEGY;BLOCK;EUR;10;15.00000000;350;EXCHANGE_LAST;;1;1;XEUR;72058955542572500;317;
06.03.2025;10:00:31.821;CGM SI 20250620 PS AM P 150.00 0;SIMPLE_INSTRUMENT;BLOCK;EUR;10;8.87000000;350;PRC_DECOMP_EXCHANGE;;;;XEUR;11354892;317;EXCHANGE
06.03.2025;10:00:31.821;CGM SI 20250620 PS AM C 160.00 0;SIMPLE_INSTRUMENT;BLOCK;EUR;10;6.13000000;350;PRC_DECOMP_EXCHANGE;;;;XEUR;7900818;317;EXCHANGE
06.03.2025;12:21:27.857;CLN FI 20250402 CS EU C 11.2000 0;FLEXIBLE_INSTRUMENT;BLOCK;CHF;44;0.18000000;1600;EXCHANGE_LAST;;1;1;XEUR;1152922775917177613;296;
06.03.2025;16:22:22.561;CLN SI 20260619 PS AM P 10.00 0;SIMPLE_INSTRUMENT;BLOCK;CHF;113;1.13000000;4000;EXCHANGE_LAST;;1;1;XEUR;9542925;296;
06.03.2025;10:36:44.553;COT SI 20260619 PS AM P 200.00 0;SIMPLE_INSTRUMENT;BLOCK;CHF;19;24.57000000;150;EXCHANGE_LAST;;1;1;XEUR;11398041;199899;
06.03.2025;14:20:22.945;COT SI 20251219 PS AM P 200.00 0;SIMPLE_INSTRUMENT;BLOCK;CHF;70;17.01000000;85;EXCHANGE_LAST;;1;1;XEUR;10445203;199899;
06.03.2025;09:15:26.005;D2PW SI 20261218 CS;SIMPLE_INSTRUMENT;BLOCK;EUR;9;1.78000000;450;EXCHANGE_LAST;;2;2;XEUR;4632317;9702;
06.03.2025;09:57:35.242;D2PW SI 20261218 CS;SIMPLE_INSTRUMENT;BLOCK;EUR;19;1.76000000;100;EXCHANGE_LAST;;1;1;XEUR;4632317;9702;
06.03.2025;09:47:26.833;D2PW SI 20261218 CS;SIMPLE_INSTRUMENT;BLOCK;EUR;20;1.76000000;150;EXCHANGE_LAST;;1;1;XEUR;4632317;9702;
06.03.2025;09:51:28.019;D2PW SI 20291221 CS;SIMPLE_INSTRUMENT;BLOCK;EUR;21;1.55000000;125;EXCHANGE_LAST;;1;1;XEUR;8402777;9702;
06.03.2025;09:51:21.865;D2PW SI 20281215 CS;SIMPLE_INSTRUMENT;BLOCK;EUR;22;1.62000000;125;EXCHANGE_LAST;;1;1;XEUR;6818646;9702;
06.03.2025;09:51:36.250;D2PW SI 20271217 CS;SIMPLE_INSTRUMENT;BLOCK;EUR;23;1.68500000;150;EXCHANGE_LAST;;1;1;XEUR;5914516;9702;
06.03.2025;10:15:38.384;D2PW SI 20261218 CS;SIMPLE_INSTRUMENT;BLOCK;EUR;26;1.77000000;150;EXCHANGE_LAST;;1;1;XEUR;4632317;9702;
06.03.2025;10:24:04.764;D2PW SI 20261218 CS;SIMPLE_INSTRUMENT;BLOCK;EUR;28;1.76000000;135;EXCHANGE_LAST;;1;1;XEUR;4632317;9702;
06.03.2025;10:25:29.396;D2PW SI 20261218 CS;SIMPLE_INSTRUMENT;BLOCK;EUR;29;1.78000000;350;EXCHANGE_LAST;;1;1;XEUR;4632317;9702;
06.03.2025;11:32:11.209;D2PW SI 20271217 CS;SIMPLE_INSTRUMENT;BLOCK;EUR;36;1.68000000;450;EXCHANGE_LAST;;2;2;XEUR;5914516;9702;
06.03.2025;13:30:48.381;D3AI SI 20250620 CS;SIMPLE_INSTRUMENT;BLOCK;EUR;66;4.30000000;332;EXCHANGE_LAST;;1;1;XEUR;10884356;443197;
06.03.2025;08:36:40.412;DAI.O.250306.STG.000012;STANDARD_OPTION_STRATEGY;BLOCK;EUR;1;10.72000000;750;EXCHANGE_LAST;;1;1;XEUR;73961106363664358;443196;
06.03.2025;08:36:40.412;DAI SI 20261218 PS AM C 64.00 0;SIMPLE_INSTRUMENT;BLOCK;EUR;1;6.28000000;750;PRC_DECOMP_EXCHANGE;;;;XEUR;10076369;443196;EXCHANGE
06.03.2025;08:36:40.412;DAI SI 20261218 PS AM P 48.00 0;SIMPLE_INSTRUMENT;BLOCK;EUR;1;4.44000000;750;PRC_DECOMP_EXCHANGE;;;;XEUR;7190105;443196;EXCHANGE
06.03.2025;08:52:33.219;DAI SI 20250417 PS AM C 66.00 0;SIMPLE_INSTRUMENT;BLOCK;EUR;2;1.79000000;1500;EXCHANGE_LAST;;1;1;XEUR;12676620;443196;
06.03.2025;10:15:48.199;DAI.O.250306.BRT.000017;STANDARD_OPTION_STRATEGY;BLOCK;EUR;13;4.39000000;750;EXCHANGE_LAST;;1;1;XEUR;73961106363664363;443196;
06.03.2025;10:15:48.199;DAI SI 20250620 PS AM P 52.00 0;SIMPLE_INSTRUMENT;BLOCK;EUR;13;1.85000000;750;PRC_DECOMP_EXCHANGE;;;;XEUR;7934288;443196;EXCHANGE
06.03.2025;10:15:48.199;DAI SI 20261218 PS AM P 52.00 0;SIMPLE_INSTRUMENT;BLOCK;EUR;13;6.24000000;750;PRC_DECOMP_EXCHANGE;;;;XEUR;7190097;443196;EXCHANGE
06.03.2025;12:17:05.244;DAI SI 20260619 PS AM P 56.00 0;SIMPLE_INSTRUMENT;BLOCK;EUR;30;6.51000000;750;EXCHANGE_LAST;;1;1;XEUR;10074135;443196;
06.03.2025;13:38:24.650;DAI SI 20250620 PS AM C 64.00 0;SIMPLE_INSTRUMENT;BLOCK;EUR;38;3.05000000;3000;EXCHANGE_LAST;;2;2;XEUR;11407737;443196;
06.03.2025;16:25:12.762;DAI.O.250306.IRTSP.000023;STANDARD_OPTION_STRATEGY;BLOCK;EUR;51;-3.00000000;750;EXCHANGE_LAST;;1;1;XEUR;73961106363664369;443196;
06.03.2025;16:25:12.762;DAI SI 20250321 PS AM C 64.00 0;SIMPLE_INSTRUMENT;BLOCK;EUR;51;1.56000000;750;PRC_DECOMP_EXCHANGE;;;;XEUR;10884524;443196;EXCHANGE
06.03.2025;16:25:12.762;DAI SI 20250620 PS AM P 60.00 0;SIMPLE_INSTRUMENT;BLOCK;EUR;51;4.56000000;750;PRC_DECOMP_EXCHANGE;;;;XEUR;7934298;443196;EXCHANGE
06.03.2025;13:30:40.688;DAIG.S.MAR25.JUN25.SPD;FUTURES_SPREAD;BLOCK;EUR;65;3.20000000;4000;EXCHANGE_LAST;;1;1;XEUR;73961136428417122;443203;
06.03.2025;13:30:40.688;DAIG SI 20250620 CS;SIMPLE_INSTRUMENT;BLOCK;EUR;65;56.52890000;4000;PRC_DECOMP_EXCHANGE;;;;XEUR;11207841;443203;EXCHANGE
06.03.2025;13:30:40.688;DAIG SI 20250321 CS;SIMPLE_INSTRUMENT;BLOCK;EUR;65;59.72890000;4000;PRC_DECOMP_EXCHANGE;;;;XEUR;10734482;443203;EXCHANGE
06.03.2025;11:41:10.600;DBK SI 20271217 PS AM P 9.00 0;SIMPLE_INSTRUMENT;BLOCK;EUR;19;0.49000000;4000;EXCHANGE_LAST;;1;1;XEUR;9027617;362;
06.03.2025;12:27:43.154;DBK SI 20251219 PS AM C 28.00 0;SIMPLE_INSTRUMENT;BLOCK;EUR;22;0.87000000;2500;EXCHANGE_LAST;;1;1;XEUR;10401620;362;
06.03.2025;13:58:49.159;DBK SI 20251219 PS AM P 13.50 0;SIMPLE_INSTRUMENT;BLOCK;EUR;28;0.37000000;41900;EXCHANGE_LAST;;1;1;XEUR;12059334;362;
06.03.2025;13:58:52.859;DBK SI 20251219 PS AM P 16.00 0;SIMPLE_INSTRUMENT;BLOCK;EUR;29;0.69000000;16315;EXCHANGE_LAST;;1;1;XEUR;5926092;362;
06.03.2025;13:58:56.612;DBK SI 20251219 PS AM P 16.00 0;SIMPLE_INSTRUMENT;BLOCK;EUR;30;0.70000000;19085;EXCHANGE_LAST;;1;1;XEUR;5926092;362;
06.03.2025;16:43:27.643;DBK.O.250306.BLT.000035;STANDARD_OPTION_STRATEGY;BLOCK;EUR;45;1.08000000;3000;EXCHANGE_LAST;;1;1;XEUR;72059148816160981;362;
06.03.2025;16:43:27.643;DBK SI 20261218 PS AM C 24.00 0;SIMPLE_INSTRUMENT;BLOCK;EUR;45;3.15000000;3000;PRC_DECOMP_EXCHANGE;;;;XEUR;7543435;362;EXCHANGE
06.03.2025;16:43:27.643;DBK SI 20251219 PS AM C 24.00 0;SIMPLE_INSTRUMENT;BLOCK;EUR;45;2.07000000;3000;PRC_DECOMP_EXCHANGE;;;;XEUR;7543442;362;EXCHANGE
06.03.2025;11:10:44.643;DHE SI 20250321 PS AM C 30.50 0;SIMPLE_INSTRUMENT;BLOCK;EUR;12;1.10000000;1500;EXCHANGE_LAST;;1;1;XEUR;12841260;57135;
06.03.2025;08:46:46.110;DPW SI 20250321 PS AM C 42.00 0;SIMPLE_INSTRUMENT;BLOCK;EUR;1;2.10000000;4928;EXCHANGE_LAST;;1;1;XEUR;10836806;445;
06.03.2025;08:47:35.586;DPW SI 20281215 PS AM P 32.00 0;SIMPLE_INSTRUMENT;BLOCK;EUR;2;3.29000000;1750;EXCHANGE_LAST;;1;1;XEUR;10403173;445;
06.03.2025;08:48:57.694;DPW FI 20250417 PS AM C 46.0000 0;FLEXIBLE_INSTRUMENT;BLOCK;EUR;3;0.89000000;2464;EXCHANGE_LAST;;1;1;XEUR;1152923415867306759;445;
06.03.2025;09:35:10.071;DPW SI 20251219 PS AM C 40.00 0;SIMPLE_INSTRUMENT;BLOCK;EUR;5;5.25000000;3000;EXCHANGE_LAST;;2;2;XEUR;5926789;445;
06.03.2025;09:52:34.559;DPW SI 20260619 PS AM C 40.00 0;SIMPLE_INSTRUMENT;BLOCK;EUR;6;5.88000000;3402;EXCHANGE_LAST;;1;1;XEUR;9545242;445;
06.03.2025;11:18:12.412;DPW.O.250306.BUL.000021;STANDARD_OPTION_STRATEGY;BLOCK;EUR;13;0.80000000;1050;EXCHANGE_LAST;;1;1;XEUR;72059505298415902;445;
06.03.2025;11:18:12.412;DPW SI 20250321 PS AM C 42.00 0;SIMPLE_INSTRUMENT;BLOCK;EUR;13;1.80000000;1050;PRC_DECOMP_MEMBER;;;;XEUR;10836806;445;MEMBER
06.03.2025;11:18:12.412;DPW SI 20250321 PS AM C 44.00 0;SIMPLE_INSTRUMENT;BLOCK;EUR;13;1.00000000;1050;PRC_DECOMP_MEMBER;;;;XEUR;10836814;445;MEMBER
06.03.2025;11:28:29.185;DPW SI 20250620 PS AM C 52.00 0;SIMPLE_INSTRUMENT;BLOCK;EUR;14;0.23000000;10000;EXCHANGE_LAST;;2;1;XEUR;8074653;445;
06.03.2025;13:53:05.103;DPW SI 20250620 PS AM C 38.00 0;SIMPLE_INSTRUMENT;BLOCK;EUR;30;5.82000000;3600;EXCHANGE_LAST;;1;1;XEUR;11357241;445;
06.03.2025;13:55:25.975;DPW SI 20250620 PS AM C 46.00 0;SIMPLE_INSTRUMENT;BLOCK;EUR;32;1.26000000;4000;EXCHANGE_LAST;;1;1;XEUR;11357233;445;
06.03.2025;13:55:06.399;DPW SI 20250620 PS AM C 46.00 0;SIMPLE_INSTRUMENT;BLOCK;EUR;34;1.28000000;4500;EXCHANGE_LAST;;1;1;XEUR;11357233;445;
06.03.2025;14:19:04.261;DPW SI 20281215 PS AM P 36.00 0;SIMPLE_INSTRUMENT;BLOCK;EUR;40;4.70000000;4000;EXCHANGE_LAST;;2;4;XEUR;10403162;445;
06.03.2025;14:41:58.417;DPW SI 20251219 PS AM C 44.00 0;SIMPLE_INSTRUMENT;BLOCK;EUR;48;3.30000000;1500;EXCHANGE_LAST;;1;2;XEUR;5926791;445;
06.03.2025;14:42:04.982;DPW SI 20250620 PS AM P 42.00 0;SIMPLE_INSTRUMENT;BLOCK;EUR;50;2.50000000;1500;EXCHANGE_LAST;;2;1;XEUR;11357235;445;
06.03.2025;14:43:39.211;DPW SI 20251219 PS AM C 44.00 0;SIMPLE_INSTRUMENT;BLOCK;EUR;51;3.30000000;1000;EXCHANGE_LAST;;1;1;XEUR;5926791;445;
06.03.2025;15:16:36.026;DPW SI 20250321 PS AM C 44.00 0;SIMPLE_INSTRUMENT;BLOCK;EUR;58;1.24000000;1000;EXCHANGE_LAST;;1;1;XEUR;10836814;445;
06.03.2025;15:42:55.671;DPWF SI 20250321 CS;SIMPLE_INSTRUMENT;BLOCK;EUR;100;43.82650000;8300;EXCHANGE_LAST;;1;2;XEUR;10698111;444;
06.03.2025;10:12:05.076;DSM.O.250306.STG.000001;STANDARD_OPTION_STRATEGY;BLOCK;EUR;11;7.82000000;600;EXCHANGE_LAST;;1;1;XEUR;72059466643674138;436;
06.03.2025;10:12:05.076;DSM SI 20250620 PS AM C 100.00 0;SIMPLE_INSTRUMENT;BLOCK;EUR;11;3.44000000;600;PRC_DECOMP_EXCHANGE;;;;XEUR;7902233;436;EXCHANGE
06.03.2025;10:12:05.076;DSM SI 20250620 PS AM P 92.00 0;SIMPLE_INSTRUMENT;BLOCK;EUR;11;4.38000000;600;PRC_DECOMP_EXCHANGE;;;;XEUR;11356787;436;EXCHANGE
06.03.2025;09:14:43.753;DSYH SI 20250516 CS;SIMPLE_INSTRUMENT;BLOCK;EUR;10;39.71760000;200;EXCHANGE_LAST;;1;1;XEUR;11068662;414630;
06.03.2025;13:41:52.808;DTE SI 20250620 PS AM P 30.00 0;SIMPLE_INSTRUMENT;BLOCK;EUR;27;0.70000000;4000;EXCHANGE_LAST;;2;1;XEUR;11356792;424;
06.03.2025;15:10:08.167;DTE SI 20250620 PS AM C 36.00 0;SIMPLE_INSTRUMENT;BLOCK;EUR;53;0.55000000;7000;EXCHANGE_LAST;;3;1;XEUR;8215290;424;
06.03.2025;15:21:15.216;DTE.O.250306.RBUL.000022;STANDARD_OPTION_STRATEGY;BLOCK;EUR;59;-0.72000000;5000;EXCHANGE_LAST;;1;1;XEUR;72059415104107959;424;
06.03.2025;15:21:15.216;DTE SI 20250417 PS AM C 36.50 0;SIMPLE_INSTRUMENT;BLOCK;EUR;59;0.21000000;10000;PRC_DECOMP_EXCHANGE;;;;XEUR;12716085;424;EXCHANGE
06.03.2025;15:21:15.216;DTE SI 20250417 PS AM C 33.00 0;SIMPLE_INSTRUMENT;BLOCK;EUR;59;1.14000000;5000;PRC_DECOMP_EXCHANGE;;;;XEUR;12619482;424;EXCHANGE
06.03.2025;09:16:58.853;E2NT SI 20261218 CS;SIMPLE_INSTRUMENT;BLOCK;EUR;11;0.99000000;300;EXCHANGE_LAST;;1;1;XEUR;4632357;470;
06.03.2025;12:00:58.112;E2NT SI 20261218 CS;SIMPLE_INSTRUMENT;BLOCK;EUR;51;0.99000000;1300;EXCHANGE_LAST;;1;1;XEUR;4632357;470;
06.03.2025;12:16:52.467;E2NT SI 20261218 CS;SIMPLE_INSTRUMENT;BLOCK;EUR;52;0.99000000;500;EXCHANGE_LAST;;1;1;XEUR;4632357;470;
06.03.2025;12:18:58.993;E2NT SI 20261218 CS;SIMPLE_INSTRUMENT;BLOCK;EUR;56;0.99000000;500;EXCHANGE_LAST;;1;1;XEUR;4632357;470;
06.03.2025;12:37:27.053;E2NT SI 20261218 CS;SIMPLE_INSTRUMENT;BLOCK;EUR;59;0.99000000;500;EXCHANGE_LAST;;1;1;XEUR;4632357;470;
06.03.2025;14:48:34.077;E2NT SI 20261218 CS;SIMPLE_INSTRUMENT;BLOCK;EUR;92;0.99000000;300;EXCHANGE_LAST;;1;1;XEUR;4632357;470;
06.03.2025;15:31:13.481;E2SL SI 20261218 CS;SIMPLE_INSTRUMENT;BLOCK;EUR;98;4.26000000;40;EXCHANGE_LAST;;1;1;XEUR;6802260;468;
06.03.2025;10:52:17.457;EAD SI 20250321 PS AM C 175.00 0;SIMPLE_INSTRUMENT;BLOCK;EUR;15;2.76000000;350;EXCHANGE_LAST;;1;1;XEUR;12440456;465;
06.03.2025;13:05:01.326;EAD SI 20261218 PS AM P 160.00 0;SIMPLE_INSTRUMENT;BLOCK;EUR;33;17.90000000;500;EXCHANGE_LAST;;1;1;XEUR;11013961;465;
06.03.2025;13:48:03.731;EAD SI 20261218 PS AM C 160.00 0;SIMPLE_INSTRUMENT;BLOCK;EUR;39;30.65000000;850;EXCHANGE_LAST;;1;1;XEUR;11013962;465;
06.03.2025;13:48:07.572;EAD SI 20260619 PS AM C 160.00 0;SIMPLE_INSTRUMENT;BLOCK;EUR;40;27.00000000;1168;EXCHANGE_LAST;;1;1;XEUR;11013912;465;
06.03.2025;10:41:56.426;ENL5 SI 20250619 PS AM C 7.00 0;SIMPLE_INSTRUMENT;BLOCK;EUR;12;0.13000000;2000;EXCHANGE_LAST;;1;1;XEUR;12604801;500;
06.03.2025;10:42:05.255;ENL5 SI 20250619 PS AM P 6.40 0;SIMPLE_INSTRUMENT;BLOCK;EUR;13;0.17500000;2000;EXCHANGE_LAST;;1;1;XEUR;7889837;500;
06.03.2025;08:51:25.463;ENR.O.250306.COMBO.000008;STANDARD_OPTION_STRATEGY;BLOCK;EUR;4;-0.40000000;300;EXCHANGE_LAST;;1;1;XEUR;73339770624818165;298530;
06.03.2025;08:51:25.463;ENR SI 20250321 PS AM C 62.00 0;SIMPLE_INSTRUMENT;BLOCK;EUR;4;2.74000000;300;PRC_DECOMP_EXCHANGE;;;;XEUR;12484035;298530;EXCHANGE
06.03.2025;08:51:25.463;ENR SI 20250321 PS AM P 54.00 0;SIMPLE_INSTRUMENT;BLOCK;EUR;4;2.34000000;300;PRC_DECOMP_EXCHANGE;;;;XEUR;12484033;298530;EXCHANGE
06.03.2025;13:14:55.280;ENR SI 20251219 PS AM P 40.00 0;SIMPLE_INSTRUMENT;BLOCK;EUR;25;4.02000000;500;EXCHANGE_LAST;;1;1;XEUR;10971081;298530;
06.03.2025;13:50:37.290;ENR SI 20250417 PS AM C 62.00 0;SIMPLE_INSTRUMENT;BLOCK;EUR;31;4.33000000;2438;EXCHANGE_LAST;;1;1;XEUR;12650617;298530;
06.03.2025;14:21:02.495;ENR SI 20250620 PS AM C 64.00 0;SIMPLE_INSTRUMENT;BLOCK;EUR;36;5.61000000;3000;EXCHANGE_LAST;;1;1;XEUR;12229449;298530;
06.03.2025;14:58:17.204;ENR SI 20250321 PS AM C 62.00 0;SIMPLE_INSTRUMENT;BLOCK;EUR;52;2.42000000;2250;EXCHANGE_LAST;;1;1;XEUR;12484035;298530;
06.03.2025;15:44:36.440;ENR SI 20250321 PS AM C 65.00 0;SIMPLE_INSTRUMENT;BLOCK;EUR;62;1.20000000;16500;EXCHANGE_LAST;;1;1;XEUR;12848007;298530;
06.03.2025;16:15:53.737;ENR SI 20250417 PS AM P 56.00 0;SIMPLE_INSTRUMENT;BLOCK;EUR;64;4.30000000;1500;EXCHANGE_LAST;;2;1;XEUR;12650600;298530;
06.03.2025;11:26:08.298;ENT5 SI 20250619 PS AM C 13.00 0;SIMPLE_INSTRUMENT;BLOCK;EUR;14;0.52000000;880;EXCHANGE_LAST;;1;1;XEUR;10742896;497;
06.03.2025;11:26:14.939;ENT5 SI 20250619 PS AM P 13.00 0;SIMPLE_INSTRUMENT;BLOCK;EUR;15;0.66000000;880;EXCHANGE_LAST;;1;1;XEUR;10742895;497;
06.03.2025;12:51:43.725;EVK SI 20250321 PS AM C 17.50 0;SIMPLE_INSTRUMENT;BLOCK;EUR;31;4.25000000;500;EXCHANGE_LAST;;1;1;XEUR;12467338;10806;
06.03.2025;13:03:08.718;F3IA SI 20281215 CS;SIMPLE_INSTRUMENT;BLOCK;EUR;61;0.51500000;4525;EXCHANGE_LAST;;5;4;XEUR;9964653;390387;
06.03.2025;13:21:44.489;F3IA SI 20281215 CS;SIMPLE_INSTRUMENT;BLOCK;EUR;64;0.51500000;250;EXCHANGE_LAST;;1;1;XEUR;9964653;390387;
06.03.2025;13:46:05.479;F3IA SI 20261218 CS;SIMPLE_INSTRUMENT;BLOCK;EUR;71;0.54500000;200;EXCHANGE_LAST;;1;1;XEUR;6830373;390387;
06.03.2025;13:53:45.603;F3IA SI 20261218 CS;SIMPLE_INSTRUMENT;BLOCK;EUR;72;0.54500000;100;EXCHANGE_LAST;;1;1;XEUR;6830373;390387;
06.03.2025;14:10:30.744;F3IA SI 20261218 CS;SIMPLE_INSTRUMENT;BLOCK;EUR;75;0.54500000;800;EXCHANGE_LAST;;1;2;XEUR;6830373;390387;
06.03.2025;14:34:18.171;F3IA.S.DEC26.DEC27.SPD;FUTURES_SPREAD;BLOCK;EUR;84;0.02000000;250;EXCHANGE_LAST;;1;1;XEUR;73734293435711517;390387;
06.03.2025;14:34:18.171;F3IA SI 20261218 CS;SIMPLE_INSTRUMENT;BLOCK;EUR;84;0.55000000;250;PRC_DECOMP_MEMBER;;;;XEUR;6830373;390387;MEMBER
06.03.2025;14:34:18.171;F3IA SI 20271217 CS;SIMPLE_INSTRUMENT;BLOCK;EUR;84;0.53000000;250;PRC_DECOMP_MEMBER;;;;XEUR;8422837;390387;MEMBER
06.03.2025;09:37:39.061;F3TE SI 20281215 CS;SIMPLE_INSTRUMENT;BLOCK;EUR;16;0.65200000;750;EXCHANGE_LAST;;1;1;XEUR;6830366;390379;
06.03.2025;09:37:53.773;F3TE SI 20281215 CS;SIMPLE_INSTRUMENT;BLOCK;EUR;17;0.65300000;750;EXCHANGE_LAST;;1;1;XEUR;6830366;390379;
06.03.2025;12:17:44.975;F3TE SI 20271217 CS;SIMPLE_INSTRUMENT;BLOCK;EUR;54;0.70700000;150;EXCHANGE_LAST;;1;1;XEUR;6633916;390379;
06.03.2025;12:17:55.135;F3TE SI 20271217 CS;SIMPLE_INSTRUMENT;BLOCK;EUR;55;0.70800000;150;EXCHANGE_LAST;;1;1;XEUR;6633916;390379;
06.03.2025;07:02:26.870;FBTP SI 20250306 PS;SIMPLE_INSTRUMENT;BLOCK;EUR;1;116.90000000;1910;EXCHANGE_LAST;;1;1;XEUR;11286675;636;
06.03.2025;08:06:48.527;FBTP SI 20250606 PS;SIMPLE_INSTRUMENT;BLOCK;EUR;2;116.00000000;707;EXCHANGE_LAST;;1;1;XEUR;11820365;636;
06.03.2025;08:12:11.408;FBTP SI 20250606 PS;SIMPLE_INSTRUMENT;EFP_FIN;EUR;3;116.06000000;1327;EXCHANGE_LAST;;1;1;XEUR;11820365;636;
06.03.2025;08:19:53.081;FBTP SI 20250606 PS;SIMPLE_INSTRUMENT;EFP_FIN;EUR;4;116.26000000;884;EXCHANGE_LAST;;1;1;XEUR;11820365;636;
06.03.2025;08:22:10.906;FBTP SI 20250606 PS;SIMPLE_INSTRUMENT;EFP_FIN;EUR;5;116.26000000;1902;EXCHANGE_LAST;;1;1;XEUR;11820365;636;
06.03.2025;08:24:15.857;FBTP SI 20250606 PS;SIMPLE_INSTRUMENT;EFP_FIN;EUR;6;116.23000000;1106;EXCHANGE_LAST;;1;1;XEUR;11820365;636;
06.03.2025;08:26:44.250;FBTP SI 20250606 PS;SIMPLE_INSTRUMENT;EFP_FIN;EUR;7;116.18000000;1106;EXCHANGE_LAST;;1;1;XEUR;11820365;636;
06.03.2025;08:27:58.232;FBTP SI 20250606 PS;SIMPLE_INSTRUMENT;EFP_FIN;EUR;8;116.27000000;1238;EXCHANGE_LAST;;1;1;XEUR;11820365;636;
06.03.2025;08:38:31.205;FBTP SI 20250606 PS;SIMPLE_INSTRUMENT;EFP_FIN;EUR;9;116.30000000;442;EXCHANGE_LAST;;1;1;XEUR;11820365;636;
06.03.2025;08:41:49.409;FBTP SI 20250606 PS;SIMPLE_INSTRUMENT;EFP_FIN;EUR;10;116.31000000;354;EXCHANGE_LAST;;1;1;XEUR;11820365;636;
06.03.2025;08:45:15.085;FBTP SI 20250606 PS;SIMPLE_INSTRUMENT;EFP_FIN;EUR;11;116.28000000;442;EXCHANGE_LAST;;1;1;XEUR;11820365;636;
06.03.2025;08:46:20.647;FBTP SI 20250606 PS;SIMPLE_INSTRUMENT;BLOCK;EUR;12;116.28000000;884;EXCHANGE_LAST;;1;1;XEUR;11820365;636;
06.03.2025;09:04:29.104;FBTP SI 20250606 PS;SIMPLE_INSTRUMENT;BLOCK;EUR;13;116.04000000;748;EXCHANGE_LAST;;1;1;XEUR;11820365;636;
06.03.2025;09:12:50.915;FBTP SI 20250606 PS;SIMPLE_INSTRUMENT;BLOCK;EUR;14;116.18000000;884;EXCHANGE_LAST;;1;1;XEUR;11820365;636;
06.03.2025;09:27:41.794;FBTP SI 20250606 PS;SIMPLE_INSTRUMENT;BLOCK;EUR;15;116.01000000;479;EXCHANGE_LAST;;1;1;XEUR;11820365;636;
06.03.2025;09:35:15.611;FBTP SI 20250606 PS;SIMPLE_INSTRUMENT;BLOCK;EUR;16;116.10000000;1753;EXCHANGE_LAST;;1;1;XEUR;11820365;636;
06.03.2025;09:39:29.675;FBTP SI 20250606 PS;SIMPLE_INSTRUMENT;EFP_FIN;EUR;17;116.17000000;219;EXCHANGE_LAST;;1;1;XEUR;11820365;636;
06.03.2025;09:41:59.420;FBTP SI 20250606 PS;SIMPLE_INSTRUMENT;BLOCK;EUR;18;116.26000000;3000;EXCHANGE_LAST;;1;1;XEUR;11820365;636;
06.03.2025;09:42:16.255;FBTP SI 20250606 PS;SIMPLE_INSTRUMENT;EFP_FIN;EUR;19;116.21000000;257;EXCHANGE_LAST;;1;1;XEUR;11820365;636;
06.03.2025;10:03:58.779;FBTP SI 20250606 PS;SIMPLE_INSTRUMENT;EFP_FIN;EUR;20;116.32000000;663;EXCHANGE_LAST;;1;1;XEUR;11820365;636;
06.03.2025;10:06:00.082;FBTP SI 20250606 PS;SIMPLE_INSTRUMENT;EFP_FIN;EUR;21;116.33000000;440;EXCHANGE_LAST;;1;1;XEUR;11820365;636;
06.03.2025;10:13:52.284;FBTP SI 20250606 PS;SIMPLE_INSTRUMENT;EFP_FIN;EUR;22;116.32000000;305;EXCHANGE_LAST;;1;1;XEUR;11820365;636;
06.03.2025;10:27:59.559;FBTP SI 20250606 PS;SIMPLE_INSTRUMENT;EFP_FIN;EUR;23;116.30000000;884;EXCHANGE_LAST;;1;1;XEUR;11820365;636;
06.03.2025;10:35:31.701;FBTP SI 20250606 PS;SIMPLE_INSTRUMENT;EFP_FIN;EUR;24;116.30000000;1106;EXCHANGE_LAST;;1;1;XEUR;11820365;636;
06.03.2025;10:44:23.948;FBTP SI 20250606 PS;SIMPLE_INSTRUMENT;EFP_FIN;EUR;25;116.26000000;682;EXCHANGE_LAST;;1;1;XEUR;11820365;636;
06.03.2025;10:47:31.124;FBTP SI 20250606 PS;SIMPLE_INSTRUMENT;EFP_FIN;EUR;26;116.15000000;752;EXCHANGE_LAST;;1;1;XEUR;11820365;636;
06.03.2025;11:03:08.266;FBTP SI 20250606 PS;SIMPLE_INSTRUMENT;EFP_FIN;EUR;27;116.15000000;752;EXCHANGE_LAST;;1;1;XEUR;11820365;636;
06.03.2025;11:02:44.852;FBTP SI 20250606 PS;SIMPLE_INSTRUMENT;EFP_FIN;EUR;28;116.37000000;176;EXCHANGE_LAST;;1;1;XEUR;11820365;636;
06.03.2025;11:03:54.856;FBTP SI 20250606 PS;SIMPLE_INSTRUMENT;BLOCK;EUR;29;116.37000000;1753;EXCHANGE_LAST;;1;1;XEUR;11820365;636;
06.03.2025;11:18:55.921;FBTP SI 20250606 PS;SIMPLE_INSTRUMENT;EFP_FIN;EUR;30;116.31000000;1915;EXCHANGE_LAST;;1;1;XEUR;11820365;636;
06.03.2025;11:47:51.341;FBTP SI 20250606 PS;SIMPLE_INSTRUMENT;EFP_FIN;EUR;31;116.42000000;310;EXCHANGE_LAST;;1;1;XEUR;11820365;636;
06.03.2025;11:49:41.369;FBTP SI 20250606 PS;SIMPLE_INSTRUMENT;EFP_FIN;EUR;32;116.40000000;106;EXCHANGE_LAST;;1;1;XEUR;11820365;636;
06.03.2025;11:55:25.262;FBTP SI 20250606 PS;SIMPLE_INSTRUMENT;EFP_FIN;EUR;33;116.36000000;541;EXCHANGE_LAST;;1;1;XEUR;11820365;636;
06.03.2025;11:57:34.700;FBTP SI 20250606 PS;SIMPLE_INSTRUMENT;EFP_FIN;EUR;34;116.36000000;671;EXCHANGE_LAST;;1;1;XEUR;11820365;636;
06.03.2025;12:08:36.535;FBTP SI 20250606 PS;SIMPLE_INSTRUMENT;EFP_FIN;EUR;35;116.31000000;92;EXCHANGE_LAST;;1;1;XEUR;11820365;636;
06.03.2025;12:11:35.169;FBTP SI 20250606 PS;SIMPLE_INSTRUMENT;EFP_FIN;EUR;36;116.34000000;182;EXCHANGE_LAST;;1;1;XEUR;11820365;636;
06.03.2025;12:12:35.739;FBTP SI 20250606 PS;SIMPLE_INSTRUMENT;EFP_FIN;EUR;37;116.35000000;229;EXCHANGE_LAST;;1;1;XEUR;11820365;636;
06.03.2025;12:13:45.014;FBTP SI 20250606 PS;SIMPLE_INSTRUMENT;EFP_FIN;EUR;38;116.31000000;271;EXCHANGE_LAST;;1;1;XEUR;11820365;636;
06.03.2025;12:18:19.114;FBTP SI 20250606 PS;SIMPLE_INSTRUMENT;BLOCK;EUR;39;116.25000000;884;EXCHANGE_LAST;;1;1;XEUR;11820365;636;
06.03.2025;12:36:43.318;FBTP SI 20250606 PS;SIMPLE_INSTRUMENT;EFP_FIN;EUR;40;116.29000000;132;EXCHANGE_LAST;;1;1;XEUR;11820365;636;
06.03.2025;12:36:54.111;FBTP SI 20250606 PS;SIMPLE_INSTRUMENT;EFP_FIN;EUR;41;116.29000000;310;EXCHANGE_LAST;;1;1;XEUR;11820365;636;
06.03.2025;12:38:13.066;FBTP SI 20250606 PS;SIMPLE_INSTRUMENT;EFP_FIN;EUR;42;116.28000000;542;EXCHANGE_LAST;;1;1;XEUR;11820365;636;
06.03.2025;12:48:28.983;FBTP SI 20250606 PS;SIMPLE_INSTRUMENT;BLOCK;EUR;43;116.41000000;585;EXCHANGE_LAST;;1;1;XEUR;11820365;636;
06.03.2025;13:07:20.739;FBTP SI 20250606 PS;SIMPLE_INSTRUMENT;EFP_FIN;EUR;44;116.41000000;187;EXCHANGE_LAST;;1;1;XEUR;11820365;636;
06.03.2025;13:18:49.909;FBTP SI 20250606 PS;SIMPLE_INSTRUMENT;EFP_FIN;EUR;45;116.41000000;264;EXCHANGE_LAST;;1;1;XEUR;11820365;636;
06.03.2025;13:20:12.290;FBTP SI 20250606 PS;SIMPLE_INSTRUMENT;EFP_FIN;EUR;46;116.41000000;442;EXCHANGE_LAST;;1;1;XEUR;11820365;636;
06.03.2025;13:22:05.389;FBTP SI 20250606 PS;SIMPLE_INSTRUMENT;EFP_FIN;EUR;47;116.41000000;203;EXCHANGE_LAST;;1;1;XEUR;11820365;636;
06.03.2025;13:24:00.579;FBTP SI 20250606 PS;SIMPLE_INSTRUMENT;EFP_FIN;EUR;48;116.40000000;3856;EXCHANGE_LAST;;1;1;XEUR;11820365;636;
06.03.2025;14:13:17.437;FBTP SI 20250606 PS;SIMPLE_INSTRUMENT;EFP_FIN;EUR;49;116.42000000;3549;EXCHANGE_LAST;;1;1;XEUR;11820365;636;
06.03.2025;15:12:47.483;FBTP SI 20250606 PS;SIMPLE_INSTRUMENT;EFP_FIN;EUR;50;116.04000000;278;EXCHANGE_LAST;;1;1;XEUR;11820365;636;
06.03.2025;15:30:19.293;FBTP SI 20250606 PS;SIMPLE_INSTRUMENT;EFP_FIN;EUR;51;115.96000000;650;EXCHANGE_LAST;;1;1;XEUR;11820365;636;
06.03.2025;15:43:02.354;FBTP SI 20250606 PS;SIMPLE_INSTRUMENT;BLOCK;EUR;52;115.94000000;451;EXCHANGE_LAST;;1;1;XEUR;11820365;636;
06.03.2025;16:04:44.585;FBTP SI 20250606 PS;SIMPLE_INSTRUMENT;BLOCK;EUR;53;116.09000000;498;EXCHANGE_LAST;;1;1;XEUR;11820365;636;
06.03.2025;16:21:30.420;FBTP SI 20250606 PS;SIMPLE_INSTRUMENT;EFP_FIN;EUR;54;116.11000000;172;EXCHANGE_LAST;;1;1;XEUR;11820365;636;
06.03.2025;16:14:03.736;FBTP SI 20250606 PS;SIMPLE_INSTRUMENT;EFS;EUR;55;116.13000000;603;EXCHANGE_LAST;;1;1;XEUR;11820365;636;
06.03.2025;16:27:07.713;FBTP SI 20250606 PS;SIMPLE_INSTRUMENT;EFP_FIN;EUR;56;115.98000000;442;EXCHANGE_LAST;;1;1;XEUR;11820365;636;
06.03.2025;16:32:09.663;FBTP SI 20250606 PS;SIMPLE_INSTRUMENT;EFP_FIN;EUR;57;116.07000000;1150;EXCHANGE_LAST;;1;1;XEUR;11820365;636;
06.03.2025;16:41:27.288;FBTP SI 20250606 PS;SIMPLE_INSTRUMENT;BLOCK;EUR;58;115.94000000;875;EXCHANGE_LAST;;1;1;XEUR;11820365;636;
06.03.2025;16:43:04.349;FBTP SI 20250606 PS;SIMPLE_INSTRUMENT;EFS;EUR;59;116.12000000;602;EXCHANGE_LAST;;1;1;XEUR;11820365;636;
06.03.2025;16:50:14.912;FBTP SI 20250606 PS;SIMPLE_INSTRUMENT;EFP_FIN;EUR;60;116.19000000;1327;EXCHANGE_LAST;;1;1;XEUR;11820365;636;
06.03.2025;16:55:50.325;FBTP SI 20250606 PS;SIMPLE_INSTRUMENT;EFP_FIN;EUR;61;116.29000000;442;EXCHANGE_LAST;;1;1;XEUR;11820365;636;
06.03.2025;09:13:18.159;FBTS SI 20250606 PS;SIMPLE_INSTRUMENT;EFP_FIN;EUR;9;106.88000000;777;EXCHANGE_LAST;;1;1;XEUR;11820367;639;
06.03.2025;09:20:59.539;FBTS SI 20250606 PS;SIMPLE_INSTRUMENT;BLOCK;EUR;12;106.84000000;777;EXCHANGE_LAST;;1;1;XEUR;11820367;639;
06.03.2025;09:29:57.252;FBTS SI 20250306 PS;SIMPLE_INSTRUMENT;BLOCK;EUR;14;107.11000000;1474;EXCHANGE_LAST;;1;1;XEUR;11286677;639;
06.03.2025;09:30:12.880;FBTS SI 20250306 PS;SIMPLE_INSTRUMENT;BLOCK;EUR;15;107.11000000;1474;EXCHANGE_LAST;;1;1;XEUR;11286677;639;
06.03.2025;10:38:56.959;FBTS SI 20250606 PS;SIMPLE_INSTRUMENT;EFP_FIN;EUR;24;106.95000000;705;EXCHANGE_LAST;;1;1;XEUR;11820367;639;
06.03.2025;11:27:02.590;FBTS SI 20250606 PS;SIMPLE_INSTRUMENT;EFP_FIN;EUR;29;106.94000000;518;EXCHANGE_LAST;;1;1;XEUR;11820367;639;
06.03.2025;11:47:59.610;FBTS SI 20250606 PS;SIMPLE_INSTRUMENT;EFP_FIN;EUR;34;106.96000000;1422;EXCHANGE_LAST;;1;1;XEUR;11820367;639;
06.03.2025;12:56:26.612;FBTS SI 20250606 PS;SIMPLE_INSTRUMENT;BLOCK;EUR;45;106.96000000;414;EXCHANGE_LAST;;1;1;XEUR;11820367;639;
06.03.2025;13:09:20.657;FBTS SI 20250606 PS;SIMPLE_INSTRUMENT;EFP_FIN;EUR;50;106.98000000;549;EXCHANGE_LAST;;1;1;XEUR;11820367;639;
06.03.2025;15:14:04.274;FBTS SI 20250606 PS;SIMPLE_INSTRUMENT;EFP_FIN;EUR;65;106.83000000;1007;EXCHANGE_LAST;;1;1;XEUR;11820367;639;
06.03.2025;15:43:54.214;FBTS SI 20250606 PS;SIMPLE_INSTRUMENT;BLOCK;EUR;67;106.81000000;495;EXCHANGE_LAST;;1;1;XEUR;11820367;639;
06.03.2025;16:17:02.094;FBTS SI 20250606 PS;SIMPLE_INSTRUMENT;EFP_FIN;EUR;73;106.88000000;1245;EXCHANGE_LAST;;1;1;XEUR;11820367;639;
06.03.2025;16:44:19.336;FBTS SI 20250606 PS;SIMPLE_INSTRUMENT;EFP_FIN;EUR;75;106.85000000;1627;EXCHANGE_LAST;;1;1;XEUR;11820367;639;
06.03.2025;16:51:20.027;FBTS SI 20250606 PS;SIMPLE_INSTRUMENT;EFP_FIN;EUR;76;106.88000000;1628;EXCHANGE_LAST;;1;1;XEUR;11820367;639;
06.03.2025;12:43:59.942;FCBU SI 20250402 CS;SIMPLE_INSTRUMENT;BLOCK;USD;1;0.17255000;200;EXCHANGE_LAST;;1;1;XEUR;10984561;570870;
06.03.2025;14:25:20.930;FCBU SI 20250402 CS;SIMPLE_INSTRUMENT;BLOCK;USD;2;0.17330000;200;EXCHANGE_LAST;;1;1;XEUR;10984561;570870;
06.03.2025;16:16:32.434;FCEU SI 20250317 PS;SIMPLE_INSTRUMENT;BLOCK;USD;3;1.08224000;392;EXCHANGE_LAST;;1;1;XEUR;9136240;369376;
06.03.2025;16:50:10.858;FCNS SI 20250616 PS;SIMPLE_INSTRUMENT;EFP_IDX;SEK;4;0.93263000;26;EXCHANGE_LAST;;1;1;XEUR;7879240;402911;
06.03.2025;16:50:11.417;FCNS SI 20250616 PS;SIMPLE_INSTRUMENT;EFP_IDX;SEK;5;0.93264000;15;EXCHANGE_LAST;;1;1;XEUR;7879240;402911;
06.03.2025;13:46:37.964;FDAX SI 20250321 CS;SIMPLE_INSTRUMENT;BLOCK;EUR;1;23176.00000000;300;EXCHANGE_LAST;;1;1;XEUR;7561255;589;
06.03.2025;13:47:42.411;FDAX SI 20250321 CS;SIMPLE_INSTRUMENT;EFP_IDX;EUR;2;23176.00000000;200;EXCHANGE_LAST;;1;1;XEUR;7561255;589;
06.03.2025;16:44:44.382;FDAX SI 20250321 CS;SIMPLE_INSTRUMENT;EFP_IDX;EUR;3;23444.00000000;50;EXCHANGE_LAST;;1;1;XEUR;7561255;589;
06.03.2025;16:44:55.156;FDAX SI 20250321 CS;SIMPLE_INSTRUMENT;EFP_IDX;EUR;4;23445.00000000;47;EXCHANGE_LAST;;1;1;XEUR;7561255;589;
06.03.2025;16:47:12.699;FDAX SI 20250321 CS;SIMPLE_INSTRUMENT;EFP_IDX;EUR;5;23370.00000000;100;EXCHANGE_LAST;;1;1;XEUR;7561255;589;
06.03.2025;16:51:53.758;FDAX SI 20250321 CS;SIMPLE_INSTRUMENT;EFP_IDX;EUR;6;23350.00000000;110;EXCHANGE_LAST;;1;1;XEUR;7561255;589;
06.03.2025;17:26:08.511;FDAX SI 20250321 CS;SIMPLE_INSTRUMENT;EFP_IDX;EUR;7;23360.00000000;150;EXCHANGE_LAST;;1;1;XEUR;7561255;589;
06.03.2025;09:09:54.216;FDAX SI 20250321 CS;SIMPLE_INSTRUMENT;VOLA;EUR;671088646;23310.00000000;176;EXCHANGE_LAST;;1;1;XEUR;7561255;589;
06.03.2025;09:41:27.953;FDAX SI 20250321 CS;SIMPLE_INSTRUMENT;VOLA;EUR;671088649;23275.00000000;20;EXCHANGE_LAST;;1;1;XEUR;7561255;589;
06.03.2025;09:43:31.013;FDAX SI 20250321 CS;SIMPLE_INSTRUMENT;VOLA;EUR;671088650;23275.00000000;14;EXCHANGE_LAST;;1;1;XEUR;7561255;589;
06.03.2025;10:06:20.586;FDAX SI 20250321 CS;SIMPLE_INSTRUMENT;VOLA;EUR;671088660;23178.00000000;12;EXCHANGE_LAST;;1;1;XEUR;7561255;589;
06.03.2025;10:25:55.298;FDAX SI 20250321 CS;SIMPLE_INSTRUMENT;VOLA;EUR;671088665;23280.00000000;28;EXCHANGE_LAST;;1;1;XEUR;7561255;589;
06.03.2025;12:01:39.382;FDAX SI 20250321 CS;SIMPLE_INSTRUMENT;VOLA;EUR;671088671;23270.00000000;6;EXCHANGE_LAST;;1;1;XEUR;7561255;589;
06.03.2025;12:33:21.449;FDAX SI 20250321 CS;SIMPLE_INSTRUMENT;VOLA;EUR;671088675;23186.00000000;53;EXCHANGE_LAST;;1;1;XEUR;7561255;589;
06.03.2025;15:58:28.957;FDAX SI 20250321 CS;SIMPLE_INSTRUMENT;VOLA;EUR;671088689;23420.00000000;27;EXCHANGE_LAST;;1;1;XEUR;7561255;589;
06.03.2025;09:50:30.090;FEBD.S.DEC26.DEC27.SPD;FUTURES_SPREAD;BLOCK;EUR;15;0.60000000;750;EXCHANGE_LAST;;1;1;XEUR;72060158133407011;597;
06.03.2025;09:50:30.090;FEBD SI 20271217 CS;SIMPLE_INSTRUMENT;BLOCK;EUR;15;9.94000000;750;PRC_DECOMP_EXCHANGE;;;;XEUR;7776307;597;EXCHANGE
06.03.2025;09:50:30.090;FEBD SI 20261218 CS;SIMPLE_INSTRUMENT;BLOCK;EUR;15;10.54000000;750;PRC_DECOMP_EXCHANGE;;;;XEUR;7158212;597;EXCHANGE
06.03.2025;12:12:30.047;FEBD SI 20271217 CS;SIMPLE_INSTRUMENT;BLOCK;EUR;34;9.85000000;250;EXCHANGE_LAST;;1;1;XEUR;7776307;597;
06.03.2025;13:34:55.955;FEBD SI 20261218 CS;SIMPLE_INSTRUMENT;BLOCK;EUR;39;10.52000000;260;EXCHANGE_LAST;;1;1;XEUR;7158212;597;
06.03.2025;15:29:47.630;FEBD SI 20261218 CS;SIMPLE_INSTRUMENT;BLOCK;EUR;56;10.55000000;1150;EXCHANGE_LAST;;2;2;XEUR;7158212;597;
06.03.2025;08:36:22.264;FECX SI 20250321 CS;SIMPLE_INSTRUMENT;BLOCK;EUR;1;164.61000000;790;EXCHANGE_LAST;;1;1;XEUR;11427948;410158;
06.03.2025;14:12:40.956;FECX SI 20250321 CS;SIMPLE_INSTRUMENT;BLOCK;EUR;47;164.65000000;186;EXCHANGE_LAST;;1;1;XEUR;11427948;410158;
06.03.2025;16:49:47.667;FEDV SI 20250321 CS;SIMPLE_INSTRUMENT;EFP_IDX;EUR;93;1897.50000000;105;EXCHANGE_LAST;;1;1;XEUR;11359068;596;
06.03.2025;16:50:13.804;FEDV SI 20250321 CS;SIMPLE_INSTRUMENT;EFP_IDX;EUR;97;1896.50000000;1395;EXCHANGE_LAST;;1;1;XEUR;11359068;596;
06.03.2025;14:10:28.943;FEHY SI 20250321 CS;SIMPLE_INSTRUMENT;BLOCK;EUR;44;297.02000000;140;EXCHANGE_LAST;;1;1;XEUR;11428365;574047;
06.03.2025;14:10:48.945;FEHY SI 20250321 CS;SIMPLE_INSTRUMENT;BLOCK;EUR;45;297.04000000;141;EXCHANGE_LAST;;1;1;XEUR;11428365;574047;
06.03.2025;16:16:27.216;FES1 SI 20250321 PS;SIMPLE_INSTRUMENT;BLOCK;EUR;68;2.60000000;375;EXCHANGE_LAST;;1;1;XEUR;11391470;58959;
06.03.2025;16:16:34.534;FES1 SI 20250321 PS;SIMPLE_INSTRUMENT;BLOCK;EUR;69;2.70000000;125;EXCHANGE_LAST;;1;1;XEUR;11391470;58959;
06.03.2025;09:59:13.691;FESB SI 20250321 CS;SIMPLE_INSTRUMENT;BLOCK;EUR;74;190.50000000;10000;EXCHANGE_LAST;;1;1;XEUR;11359072;605;
06.03.2025;14:49:58.441;FESB SI 20250321 CS;SIMPLE_INSTRUMENT;BLOCK;EUR;90;192.20000000;10000;EXCHANGE_LAST;;1;1;XEUR;11359072;605;
06.03.2025;15:10:30.374;FESB SI 20250321 CS;SIMPLE_INSTRUMENT;BLOCK;EUR;92;192.00000000;2250;EXCHANGE_LAST;;1;1;XEUR;11359072;605;
06.03.2025;16:04:00.588;FESB SI 20250321 CS;SIMPLE_INSTRUMENT;BLOCK;EUR;98;193.40000000;5000;EXCHANGE_LAST;;1;1;XEUR;11359072;605;
06.03.2025;09:55:16.649;FESB SI 20250321 CS;SIMPLE_INSTRUMENT;VOLA;EUR;603979788;190.70000000;1560;EXCHANGE_LAST;;1;1;XEUR;11359072;605;
06.03.2025;10:16:55.487;FESB SI 20250321 CS;SIMPLE_INSTRUMENT;VOLA;EUR;603979791;193.95000000;480;EXCHANGE_LAST;;1;1;XEUR;11359072;605;
06.03.2025;12:02:09.548;FESB SI 20250321 CS;SIMPLE_INSTRUMENT;VOLA;EUR;603979808;192.90000000;493;EXCHANGE_LAST;;1;1;XEUR;11359072;605;
06.03.2025;12:07:53.422;FESB SI 20250321 CS;SIMPLE_INSTRUMENT;VOLA;EUR;603979809;192.80000000;159;EXCHANGE_LAST;;1;1;XEUR;11359072;605;
06.03.2025;12:20:59.902;FESB SI 20250321 CS;SIMPLE_INSTRUMENT;VOLA;EUR;603979814;190.65000000;600;EXCHANGE_LAST;;1;1;XEUR;11359072;605;
06.03.2025;13:33:47.586;FESB SI 20250321 CS;SIMPLE_INSTRUMENT;VOLA;EUR;603979822;190.65000000;900;EXCHANGE_LAST;;1;1;XEUR;11359072;605;
06.03.2025;15:39:45.994;FESB SI 20250321 CS;SIMPLE_INSTRUMENT;VOLA;EUR;603979848;192.60000000;180;EXCHANGE_LAST;;1;1;XEUR;11359072;605;
06.03.2025;16:39:31.144;FESB SI 20250321 CS;SIMPLE_INSTRUMENT;VOLA;EUR;603979866;193.45000000;1560;EXCHANGE_LAST;;1;1;XEUR;11359072;605;
06.03.2025;09:42:57.576;FESX SI 20250321 CS;SIMPLE_INSTRUMENT;BLOCK;EUR;1;5498.00000000;10000;EXCHANGE_LAST;;1;1;XEUR;7793482;675;
06.03.2025;10:09:48.418;FESX SI 20250321 CS;SIMPLE_INSTRUMENT;BLOCK;EUR;2;5479.00000000;2000;EXCHANGE_LAST;;1;1;XEUR;7793482;675;
06.03.2025;10:42:55.780;FESX SI 20250321 CS;SIMPLE_INSTRUMENT;BLOCK;EUR;3;5478.00000000;2100;EXCHANGE_LAST;;1;1;XEUR;7793482;675;
06.03.2025;13:06:29.442;FESX SI 20250321 CS;SIMPLE_INSTRUMENT;BLOCK;EUR;4;5481.00000000;3000;EXCHANGE_LAST;;1;1;XEUR;7793482;675;
06.03.2025;14:19:34.650;FESX SI 20250321 CS;SIMPLE_INSTRUMENT;EFP_IDX;EUR;6;5481.00000000;1000;EXCHANGE_LAST;;1;1;XEUR;7793482;675;
06.03.2025;14:53:22.807;FESX SI 20250321 CS;SIMPLE_INSTRUMENT;BLOCK;EUR;7;5489.00000000;3540;EXCHANGE_LAST;;1;1;XEUR;7793482;675;
06.03.2025;15:10:18.567;FESX SI 20250321 CS;SIMPLE_INSTRUMENT;BLOCK;EUR;8;5502.00000000;3000;EXCHANGE_LAST;;1;1;XEUR;7793482;675;
06.03.2025;16:28:06.880;FESX SI 20250321 CS;SIMPLE_INSTRUMENT;BLOCK;EUR;9;5540.00000000;3000;EXCHANGE_LAST;;1;1;XEUR;7793482;675;
06.03.2025;16:31:34.559;FESX SI 20250321 CS;SIMPLE_INSTRUMENT;EFP_IDX;EUR;10;5540.00000000;1000;EXCHANGE_LAST;;1;1;XEUR;7793482;675;
06.03.2025;16:47:11.537;FESX SI 20250321 CS;SIMPLE_INSTRUMENT;EFP_IDX;EUR;11;5523.00000000;815;EXCHANGE_LAST;;1;1;XEUR;7793482;675;
06.03.2025;16:46:54.137;FESX SI 20250321 CS;SIMPLE_INSTRUMENT;EFP_IDX;EUR;12;5524.00000000;85;EXCHANGE_LAST;;1;1;XEUR;7793482;675;
06.03.2025;16:43:39.485;FESX SI 20250321 CS;SIMPLE_INSTRUMENT;EFP_IDX;EUR;13;5522.00000000;134;EXCHANGE_LAST;;1;1;XEUR;7793482;675;
06.03.2025;16:44:28.470;FESX SI 20250321 CS;SIMPLE_INSTRUMENT;EFP_IDX;EUR;14;5523.00000000;452;EXCHANGE_LAST;;1;1;XEUR;7793482;675;
06.03.2025;16:43:54.486;FESX SI 20250321 CS;SIMPLE_INSTRUMENT;EFP_IDX;EUR;15;5524.00000000;170;EXCHANGE_LAST;;1;1;XEUR;7793482;675;
06.03.2025;16:44:04.519;FESX SI 20250321 CS;SIMPLE_INSTRUMENT;EFP_IDX;EUR;16;5524.00000000;48;EXCHANGE_LAST;;1;1;XEUR;7793482;675;
06.03.2025;16:44:33.646;FESX SI 20250321 CS;SIMPLE_INSTRUMENT;EFP_IDX;EUR;17;5523.00000000;1068;EXCHANGE_LAST;;1;1;XEUR;7793482;675;
06.03.2025;16:45:00.960;FESX SI 20250321 CS;SIMPLE_INSTRUMENT;EFP_IDX;EUR;18;5524.00000000;112;EXCHANGE_LAST;;1;1;XEUR;7793482;675;
06.03.2025;16:46:21.093;FESX SI 20250321 CS;SIMPLE_INSTRUMENT;EFP_IDX;EUR;19;5523.00000000;483;EXCHANGE_LAST;;1;1;XEUR;7793482;675;
06.03.2025;16:46:38.445;FESX SI 20250321 CS;SIMPLE_INSTRUMENT;EFP_IDX;EUR;20;5524.00000000;51;EXCHANGE_LAST;;1;1;XEUR;7793482;675;
06.03.2025;16:53:17.147;FESX SI 20250321 CS;SIMPLE_INSTRUMENT;EFP_IDX;EUR;21;5524.00000000;1500;EXCHANGE_LAST;;1;1;XEUR;7793482;675;
06.03.2025;17:03:24.970;FESX SI 20250321 CS;SIMPLE_INSTRUMENT;EFP_IDX;EUR;22;5540.00000000;1000;EXCHANGE_LAST;;1;1;XEUR;7793482;675;
06.03.2025;17:13:16.998;FESX SI 20250321 CS;SIMPLE_INSTRUMENT;EFP_IDX;EUR;23;5524.00000000;1500;EXCHANGE_LAST;;1;1;XEUR;7793482;675;
06.03.2025;17:20:43.561;FESX SI 20250321 CS;SIMPLE_INSTRUMENT;BLOCK;EUR;24;5500.00000000;2000;EXCHANGE_LAST;;1;1;XEUR;7793482;675;
06.03.2025;17:17:08.705;FESX SI 20250321 CS;SIMPLE_INSTRUMENT;EFP_IDX;EUR;25;5500.00000000;1000;EXCHANGE_LAST;;1;1;XEUR;7793482;675;
06.03.2025;17:15:54.255;FESX SI 20250321 CS;SIMPLE_INSTRUMENT;EFP_IDX;EUR;26;5500.00000000;1000;EXCHANGE_LAST;;1;1;XEUR;7793482;675;
06.03.2025;17:18:02.016;FESX SI 20250321 CS;SIMPLE_INSTRUMENT;EFP_IDX;EUR;27;5539.00000000;125;EXCHANGE_LAST;;1;1;XEUR;7793482;675;
06.03.2025;17:18:18.848;FESX SI 20250321 CS;SIMPLE_INSTRUMENT;EFP_IDX;EUR;28;5540.00000000;875;EXCHANGE_LAST;;1;1;XEUR;7793482;675;
06.03.2025;08:18:26.325;FESX SI 20250321 CS;SIMPLE_INSTRUMENT;VOLA;EUR;637534213;5535.00000000;156;EXCHANGE_LAST;;1;1;XEUR;7793482;675;
06.03.2025;09:34:09.368;FESX SI 20250321 CS;SIMPLE_INSTRUMENT;VOLA;EUR;637534234;5520.00000000;190;EXCHANGE_LAST;;1;1;XEUR;7793482;675;
06.03.2025;11:35:11.007;FESX SI 20250321 CS;SIMPLE_INSTRUMENT;VOLA;EUR;637534275;5470.00000000;265;EXCHANGE_LAST;;1;1;XEUR;7793482;675;
06.03.2025;12:24:50.264;FESX SI 20250321 CS;SIMPLE_INSTRUMENT;VOLA;EUR;637534291;5455.00000000;50;EXCHANGE_LAST;;1;1;XEUR;7793482;675;
06.03.2025;13:04:13.358;FESX SI 20250321 CS;SIMPLE_INSTRUMENT;VOLA;EUR;637534303;5477.00000000;461;EXCHANGE_LAST;;1;1;XEUR;7793482;675;
06.03.2025;13:04:28.359;FESX SI 20250321 CS;SIMPLE_INSTRUMENT;VOLA;EUR;637534304;5477.00000000;461;EXCHANGE_LAST;;1;1;XEUR;7793482;675;
06.03.2025;13:07:23.507;FESX SI 20250321 CS;SIMPLE_INSTRUMENT;VOLA;EUR;637534305;5472.00000000;662;EXCHANGE_LAST;;1;1;XEUR;7793482;675;
06.03.2025;14:39:12.482;FESX SI 20250321 CS;SIMPLE_INSTRUMENT;VOLA;EUR;637534329;5480.00000000;340;EXCHANGE_LAST;;1;1;XEUR;7793482;675;
06.03.2025;14:56:20.533;FESX SI 20250321 CS;SIMPLE_INSTRUMENT;VOLA;EUR;637534333;5475.00000000;613;EXCHANGE_LAST;;1;1;XEUR;7793482;675;
06.03.2025;16:07:21.234;FESX SI 20250321 CS;SIMPLE_INSTRUMENT;VOLA;EUR;637534359;5510.00000000;400;EXCHANGE_LAST;;1;1;XEUR;7793482;675;
06.03.2025;16:12:15.238;FESX SI 20250321 CS;SIMPLE_INSTRUMENT;VOLA;EUR;637534363;5510.00000000;190;EXCHANGE_LAST;;1;1;XEUR;7793482;675;
06.03.2025;09:10:58.274;FEXD SI 20261218 CS;SIMPLE_INSTRUMENT;BLOCK;EUR;8;158.00000000;100;EXCHANGE_LAST;;1;1;XEUR;2163053;693;
06.03.2025;09:11:03.407;FEXD SI 20291221 CS;SIMPLE_INSTRUMENT;BLOCK;EUR;9;146.00000000;100;EXCHANGE_LAST;;1;1;XEUR;4631968;693;
06.03.2025;09:15:00.113;FEXD.S.DEC27.DEC29.SPD;FUTURES_SPREAD;BLOCK;EUR;10;7.00000000;150;EXCHANGE_LAST;;1;1;XEUR;72060570450264170;693;
06.03.2025;09:15:00.113;FEXD SI 20271217 CS;SIMPLE_INSTRUMENT;BLOCK;EUR;10;153.30000000;150;PRC_DECOMP_EXCHANGE;;;;XEUR;2848338;693;EXCHANGE
06.03.2025;09:15:00.113;FEXD SI 20291221 CS;SIMPLE_INSTRUMENT;BLOCK;EUR;10;146.30000000;150;PRC_DECOMP_EXCHANGE;;;;XEUR;4631968;693;EXCHANGE
06.03.2025;09:41:46.529;FEXD.S.DEC26.DEC27.SPD;FUTURES_SPREAD;BLOCK;EUR;12;5.20000000;500;EXCHANGE_LAST;;1;1;XEUR;72060570450264153;693;
06.03.2025;09:41:46.529;FEXD SI 20261218 CS;SIMPLE_INSTRUMENT;BLOCK;EUR;12;158.30000000;500;PRC_DECOMP_MEMBER;;;;XEUR;2163053;693;MEMBER
06.03.2025;09:41:46.529;FEXD SI 20271217 CS;SIMPLE_INSTRUMENT;BLOCK;EUR;12;153.10000000;500;PRC_DECOMP_MEMBER;;;;XEUR;2848338;693;MEMBER
06.03.2025;10:29:13.692;FEXD.S.DEC26.DEC27.SPD;FUTURES_SPREAD;BLOCK;EUR;26;5.20000000;500;EXCHANGE_LAST;;1;1;XEUR;72060570450264153;693;
06.03.2025;10:29:13.692;FEXD SI 20261218 CS;SIMPLE_INSTRUMENT;BLOCK;EUR;26;158.10000000;500;PRC_DECOMP_MEMBER;;;;XEUR;2163053;693;MEMBER
06.03.2025;10:29:13.692;FEXD SI 20271217 CS;SIMPLE_INSTRUMENT;BLOCK;EUR;26;152.90000000;500;PRC_DECOMP_MEMBER;;;;XEUR;2848338;693;MEMBER
06.03.2025;11:32:07.841;FEXD SI 20261218 CS;SIMPLE_INSTRUMENT;BLOCK;EUR;32;157.70000000;1000;EXCHANGE_LAST;;2;1;XEUR;2163053;693;
06.03.2025;14:56:58.958;FEXD SI 20261218 CS;SIMPLE_INSTRUMENT;BLOCK;EUR;53;158.10000000;116;EXCHANGE_LAST;;1;1;XEUR;2163053;693;
06.03.2025;15:28:39.742;FEXD SI 20261218 CS;SIMPLE_INSTRUMENT;BLOCK;EUR;59;158.40000000;150;EXCHANGE_LAST;;1;1;XEUR;2163053;693;
06.03.2025;16:03:42.831;FEXD SI 20261218 CS;SIMPLE_INSTRUMENT;BLOCK;EUR;65;158.40000000;350;EXCHANGE_LAST;;1;1;XEUR;2163053;693;
06.03.2025;16:08:08.281;FEXD SI 20271217 CS;SIMPLE_INSTRUMENT;BLOCK;EUR;66;153.40000000;500;EXCHANGE_LAST;;1;2;XEUR;2848338;693;
06.03.2025;16:32:30.499;FEXD SI 20261218 CS;SIMPLE_INSTRUMENT;BLOCK;EUR;74;158.50000000;500;EXCHANGE_LAST;;1;1;XEUR;2163053;693;
06.03.2025;16:43:19.346;FEXD SI 20271217 CS;SIMPLE_INSTRUMENT;BLOCK;EUR;79;153.40000000;500;EXCHANGE_LAST;;1;1;XEUR;2848338;693;
06.03.2025;16:53:17.239;FEXD SI 20281215 CS;SIMPLE_INSTRUMENT;VOLA;EUR;301989912;150.00000000;663;EXCHANGE_LAST;;1;1;XEUR;3680985;693;
06.03.2025;15:07:19.349;FFOX SI 20250619 CS;SIMPLE_INSTRUMENT;BLOCK;EUR;4;4665.70000000;134;EXCHANGE_LAST;;1;1;XEUR;11881292;695;
06.03.2025;07:40:02.047;FGBL SI 20250606 PS;SIMPLE_INSTRUMENT;EFS;EUR;1;127.28000000;1011;EXCHANGE_LAST;;1;1;XEUR;11820389;688;
06.03.2025;07:42:05.358;FGBL SI 20250606 PS;SIMPLE_INSTRUMENT;EFS;EUR;2;127.25000000;432;EXCHANGE_LAST;;1;1;XEUR;11820389;688;
06.03.2025;07:43:52.490;FGBL SI 20250606 PS;SIMPLE_INSTRUMENT;EFS;EUR;3;127.23000000;866;EXCHANGE_LAST;;1;1;XEUR;11820389;688;
06.03.2025;07:44:06.501;FGBL SI 20250606 PS;SIMPLE_INSTRUMENT;EFS;EUR;4;127.15000000;217;EXCHANGE_LAST;;1;1;XEUR;11820389;688;
06.03.2025;07:48:08.898;FGBL SI 20250606 PS;SIMPLE_INSTRUMENT;EFS;EUR;5;126.93000000;434;EXCHANGE_LAST;;1;1;XEUR;11820389;688;
06.03.2025;07:52:11.370;FGBL SI 20250606 PS;SIMPLE_INSTRUMENT;EFS;EUR;6;127.07000000;434;EXCHANGE_LAST;;1;1;XEUR;11820389;688;
06.03.2025;07:52:12.939;FGBL SI 20250606 PS;SIMPLE_INSTRUMENT;EFS;EUR;7;127.09000000;235;EXCHANGE_LAST;;1;1;XEUR;11820389;688;
06.03.2025;07:57:03.775;FGBL SI 20250606 PS;SIMPLE_INSTRUMENT;EFS;EUR;8;126.71000000;869;EXCHANGE_LAST;;1;1;XEUR;11820389;688;
06.03.2025;07:58:59.959;FGBL SI 20250606 PS;SIMPLE_INSTRUMENT;EFS;EUR;9;126.65000000;508;EXCHANGE_LAST;;1;1;XEUR;11820389;688;
06.03.2025;08:09:30.580;FGBL SI 20250606 PS;SIMPLE_INSTRUMENT;EFP_FIN;EUR;10;126.97000000;595;EXCHANGE_LAST;;1;1;XEUR;11820389;688;
06.03.2025;08:10:56.506;FGBL SI 20250606 PS;SIMPLE_INSTRUMENT;EFS;EUR;11;127.14000000;469;EXCHANGE_LAST;;1;1;XEUR;11820389;688;
06.03.2025;08:12:14.981;FGBL SI 20250606 PS;SIMPLE_INSTRUMENT;EFS;EUR;12;127.18000000;433;EXCHANGE_LAST;;1;1;XEUR;11820389;688;
06.03.2025;08:17:56.106;FGBL SI 20250606 PS;SIMPLE_INSTRUMENT;EFS;EUR;13;127.15000000;433;EXCHANGE_LAST;;1;1;XEUR;11820389;688;
06.03.2025;08:17:57.266;FGBL SI 20250606 PS;SIMPLE_INSTRUMENT;EFS;EUR;14;126.91000000;470;EXCHANGE_LAST;;1;1;XEUR;11820389;688;
06.03.2025;08:20:53.661;FGBL SI 20250606 PS;SIMPLE_INSTRUMENT;EFP_FIN;EUR;15;127.14000000;728;EXCHANGE_LAST;;1;1;XEUR;11820389;688;
06.03.2025;08:21:11.120;FGBL SI 20250606 PS;SIMPLE_INSTRUMENT;EFP_FIN;EUR;16;127.14000000;364;EXCHANGE_LAST;;1;1;XEUR;11820389;688;
06.03.2025;08:21:55.108;FGBL SI 20250606 PS;SIMPLE_INSTRUMENT;EFS;EUR;17;127.15000000;469;EXCHANGE_LAST;;1;1;XEUR;11820389;688;
06.03.2025;08:22:47.243;FGBL SI 20250606 PS;SIMPLE_INSTRUMENT;EFS;EUR;18;127.20000000;1013;EXCHANGE_LAST;;1;1;XEUR;11820389;688;
06.03.2025;08:22:48.388;FGBL SI 20250606 PS;SIMPLE_INSTRUMENT;EFS;EUR;19;127.19000000;217;EXCHANGE_LAST;;1;1;XEUR;11820389;688;
06.03.2025;08:29:42.196;FGBL SI 20250606 PS;SIMPLE_INSTRUMENT;EFS;EUR;20;127.30000000;150;EXCHANGE_LAST;;1;1;XEUR;11820389;688;
06.03.2025;08:32:13.370;FGBL SI 20250606 PS;SIMPLE_INSTRUMENT;EFS;EUR;21;127.21000000;1013;EXCHANGE_LAST;;1;1;XEUR;11820389;688;
06.03.2025;08:33:37.080;FGBL SI 20250606 PS;SIMPLE_INSTRUMENT;EFP_FIN;EUR;22;127.33000000;2245;EXCHANGE_LAST;;1;1;XEUR;11820389;688;
06.03.2025;08:33:57.355;FGBL SI 20250606 PS;SIMPLE_INSTRUMENT;EFS;EUR;23;127.25000000;253;EXCHANGE_LAST;;1;1;XEUR;11820389;688;
06.03.2025;08:34:37.535;FGBL SI 20250606 PS;SIMPLE_INSTRUMENT;EFS;EUR;24;127.15000000;469;EXCHANGE_LAST;;1;1;XEUR;11820389;688;
06.03.2025;08:36:16.581;FGBL SI 20250606 PS;SIMPLE_INSTRUMENT;EFS;EUR;25;127.11000000;316;EXCHANGE_LAST;;1;1;XEUR;11820389;688;
06.03.2025;08:36:46.326;FGBL SI 20250606 PS;SIMPLE_INSTRUMENT;EFS;EUR;26;127.23000000;1407;EXCHANGE_LAST;;1;1;XEUR;11820389;688;
06.03.2025;08:38:09.294;FGBL SI 20250606 PS;SIMPLE_INSTRUMENT;EFS;EUR;27;127.17000000;507;EXCHANGE_LAST;;1;1;XEUR;11820389;688;
06.03.2025;08:38:10.081;FGBL SI 20250606 PS;SIMPLE_INSTRUMENT;EFS;EUR;28;127.24000000;495;EXCHANGE_LAST;;1;1;XEUR;11820389;688;
06.03.2025;08:38:28.083;FGBL SI 20250606 PS;SIMPLE_INSTRUMENT;EFS;EUR;29;127.24000000;495;EXCHANGE_LAST;;1;1;XEUR;11820389;688;
06.03.2025;08:41:47.581;FGBL SI 20250606 PS;SIMPLE_INSTRUMENT;EFS;EUR;30;127.26000000;469;EXCHANGE_LAST;;1;1;XEUR;11820389;688;
06.03.2025;08:42:18.092;FGBL SI 20250606 PS;SIMPLE_INSTRUMENT;EFS;EUR;31;127.41000000;432;EXCHANGE_LAST;;1;1;XEUR;11820389;688;
06.03.2025;08:46:08.729;FGBL SI 20250606 PS;SIMPLE_INSTRUMENT;EFS;EUR;32;127.24000000;130;EXCHANGE_LAST;;1;1;XEUR;11820389;688;
06.03.2025;08:46:30.488;FGBL SI 20250606 PS;SIMPLE_INSTRUMENT;EFS;EUR;33;127.19000000;500;EXCHANGE_LAST;;1;1;XEUR;11820389;688;
06.03.2025;08:46:53.170;FGBL SI 20250606 PS;SIMPLE_INSTRUMENT;EFS;EUR;34;127.24000000;433;EXCHANGE_LAST;;1;1;XEUR;11820389;688;
06.03.2025;08:47:07.700;FGBL SI 20250606 PS;SIMPLE_INSTRUMENT;EFS;EUR;35;127.02000000;500;EXCHANGE_LAST;;1;1;XEUR;11820389;688;
06.03.2025;08:47:33.065;FGBL SI 20250606 PS;SIMPLE_INSTRUMENT;EFS;EUR;36;126.86000000;500;EXCHANGE_LAST;;1;1;XEUR;11820389;688;
06.03.2025;08:48:15.650;FGBL SI 20250606 PS;SIMPLE_INSTRUMENT;EFS;EUR;37;127.27000000;433;EXCHANGE_LAST;;1;1;XEUR;11820389;688;
06.03.2025;08:49:38.270;FGBL SI 20250606 PS;SIMPLE_INSTRUMENT;EFS;EUR;38;127.26000000;433;EXCHANGE_LAST;;1;1;XEUR;11820389;688;
06.03.2025;08:49:48.934;FGBL SI 20250606 PS;SIMPLE_INSTRUMENT;EFS;EUR;39;127.35000000;866;EXCHANGE_LAST;;1;1;XEUR;11820389;688;
06.03.2025;08:49:58.294;FGBL SI 20250606 PS;SIMPLE_INSTRUMENT;EFS;EUR;40;127.17000000;433;EXCHANGE_LAST;;1;1;XEUR;11820389;688;
06.03.2025;08:50:03.302;FGBL SI 20250606 PS;SIMPLE_INSTRUMENT;EFS;EUR;41;127.22000000;433;EXCHANGE_LAST;;1;1;XEUR;11820389;688;
06.03.2025;08:50:46.362;FGBL SI 20250606 PS;SIMPLE_INSTRUMENT;EFS;EUR;42;127.35000000;866;EXCHANGE_LAST;;1;1;XEUR;11820389;688;
06.03.2025;08:51:32.781;FGBL SI 20250606 PS;SIMPLE_INSTRUMENT;EFS;EUR;43;127.26000000;235;EXCHANGE_LAST;;1;1;XEUR;11820389;688;
06.03.2025;08:53:58.500;FGBL SI 20250606 PS;SIMPLE_INSTRUMENT;EFS;EUR;44;127.06000000;1016;EXCHANGE_LAST;;1;1;XEUR;11820389;688;
06.03.2025;08:55:43.576;FGBL SI 20250606 PS;SIMPLE_INSTRUMENT;EFS;EUR;45;127.06000000;1016;EXCHANGE_LAST;;1;1;XEUR;11820389;688;
06.03.2025;08:57:15.643;FGBL SI 20250606 PS;SIMPLE_INSTRUMENT;EFS;EUR;46;127.06000000;508;EXCHANGE_LAST;;1;1;XEUR;11820389;688;
06.03.2025;08:57:16.173;FGBL SI 20250606 PS;SIMPLE_INSTRUMENT;EFS;EUR;47;127.06000000;938;EXCHANGE_LAST;;1;1;XEUR;11820389;688;
06.03.2025;08:58:48.705;FGBL SI 20250606 PS;SIMPLE_INSTRUMENT;EFS;EUR;48;127.06000000;508;EXCHANGE_LAST;;1;1;XEUR;11820389;688;
06.03.2025;08:59:33.745;FGBL SI 20250606 PS;SIMPLE_INSTRUMENT;EFS;EUR;49;127.06000000;508;EXCHANGE_LAST;;1;1;XEUR;11820389;688;
06.03.2025;09:00:07.067;FGBL SI 20250606 PS;SIMPLE_INSTRUMENT;EFP_FIN;EUR;50;127.04000000;75;EXCHANGE_LAST;;1;1;XEUR;11820389;688;
06.03.2025;09:00:44.801;FGBL SI 20250606 PS;SIMPLE_INSTRUMENT;EFS;EUR;51;127.06000000;203;EXCHANGE_LAST;;1;1;XEUR;11820389;688;
06.03.2025;09:03:03.889;FGBL SI 20250606 PS;SIMPLE_INSTRUMENT;EFS;EUR;52;127.14000000;217;EXCHANGE_LAST;;1;1;XEUR;11820389;688;
06.03.2025;09:04:18.941;FGBL SI 20250606 PS;SIMPLE_INSTRUMENT;EFS;EUR;53;127.14000000;217;EXCHANGE_LAST;;1;1;XEUR;11820389;688;
06.03.2025;09:04:41.657;FGBL SI 20250606 PS;SIMPLE_INSTRUMENT;EFS;EUR;54;127.21000000;506;EXCHANGE_LAST;;1;1;XEUR;11820389;688;
06.03.2025;09:04:51.674;FGBL SI 20250606 PS;SIMPLE_INSTRUMENT;EFP_FIN;EUR;55;127.34000000;150;EXCHANGE_LAST;;1;1;XEUR;11820389;688;
06.03.2025;09:08:37.674;FGBL SI 20250606 PS;SIMPLE_INSTRUMENT;EFS;EUR;56;127.02000000;1300;EXCHANGE_LAST;;1;1;XEUR;11820389;688;
06.03.2025;09:09:38.952;FGBL SI 20250606 PS;SIMPLE_INSTRUMENT;EFS;EUR;57;127.02000000;1300;EXCHANGE_LAST;;1;1;XEUR;11820389;688;
06.03.2025;09:11:03.501;FGBL SI 20250606 PS;SIMPLE_INSTRUMENT;EFS;EUR;59;127.01000000;1407;EXCHANGE_LAST;;1;1;XEUR;11820389;688;
06.03.2025;09:12:10.774;FGBL SI 20250606 PS;SIMPLE_INSTRUMENT;EFS;EUR;60;127.20000000;938;EXCHANGE_LAST;;1;1;XEUR;11820389;688;
06.03.2025;09:13:04.268;FGBL SI 20250606 PS;SIMPLE_INSTRUMENT;EFS;EUR;61;127.22000000;506;EXCHANGE_LAST;;1;1;XEUR;11820389;688;
06.03.2025;09:17:50.463;FGBL SI 20250606 PS;SIMPLE_INSTRUMENT;EFS;EUR;62;127.38000000;433;EXCHANGE_LAST;;1;1;XEUR;11820389;688;
06.03.2025;09:18:57.833;FGBL SI 20250606 PS;SIMPLE_INSTRUMENT;EFS;EUR;63;127.38000000;216;EXCHANGE_LAST;;1;1;XEUR;11820389;688;
06.03.2025;09:19:44.653;FGBL SI 20250606 PS;SIMPLE_INSTRUMENT;EFS;EUR;64;127.43000000;468;EXCHANGE_LAST;;1;1;XEUR;11820389;688;
06.03.2025;09:20:46.571;FGBL SI 20250606 PS;SIMPLE_INSTRUMENT;EFS;EUR;65;127.39000000;433;EXCHANGE_LAST;;1;1;XEUR;11820389;688;
06.03.2025;09:22:00.620;FGBL SI 20250606 PS;SIMPLE_INSTRUMENT;EFS;EUR;66;127.38000000;433;EXCHANGE_LAST;;1;1;XEUR;11820389;688;
06.03.2025;09:23:39.601;FGBL SI 20250606 PS;SIMPLE_INSTRUMENT;EFS;EUR;67;127.41000000;505;EXCHANGE_LAST;;1;1;XEUR;11820389;688;
06.03.2025;09:25:45.101;FGBL SI 20250606 PS;SIMPLE_INSTRUMENT;EFP_FIN;EUR;68;127.27000000;512;EXCHANGE_LAST;;1;1;XEUR;11820389;688;
06.03.2025;09:26:13.670;FGBL SI 20250606 PS;SIMPLE_INSTRUMENT;EFS;EUR;69;127.36000000;693;EXCHANGE_LAST;;1;1;XEUR;11820389;688;
06.03.2025;09:27:31.923;FGBL SI 20250606 PS;SIMPLE_INSTRUMENT;EFS;EUR;70;127.15000000;533;EXCHANGE_LAST;;1;1;XEUR;11820389;688;
06.03.2025;09:28:46.590;FGBL SI 20250606 PS;SIMPLE_INSTRUMENT;EFS;EUR;71;127.29000000;95;EXCHANGE_LAST;;1;1;XEUR;11820389;688;
06.03.2025;09:29:13.205;FGBL SI 20250606 PS;SIMPLE_INSTRUMENT;EFS;EUR;72;127.15000000;866;EXCHANGE_LAST;;1;1;XEUR;11820389;688;
06.03.2025;09:29:42.492;FGBL SI 20250606 PS;SIMPLE_INSTRUMENT;EFS;EUR;73;127.36000000;940;EXCHANGE_LAST;;1;1;XEUR;11820389;688;
06.03.2025;09:30:55.970;FGBL SI 20250606 PS;SIMPLE_INSTRUMENT;EFP_FIN;EUR;74;127.14000000;512;EXCHANGE_LAST;;1;1;XEUR;11820389;688;
06.03.2025;09:31:00.254;FGBL SI 20250606 PS;SIMPLE_INSTRUMENT;EFS;EUR;75;127.15000000;760;EXCHANGE_LAST;;1;1;XEUR;11820389;688;
06.03.2025;09:32:04.225;FGBL SI 20250606 PS;SIMPLE_INSTRUMENT;EFS;EUR;76;127.35000000;300;EXCHANGE_LAST;;1;1;XEUR;11820389;688;
06.03.2025;09:33:58.134;FGBL SI 20250606 PS;SIMPLE_INSTRUMENT;EFS;EUR;77;127.38000000;433;EXCHANGE_LAST;;1;1;XEUR;11820389;688;
06.03.2025;09:34:14.779;FGBL SI 20250606 PS;SIMPLE_INSTRUMENT;EFS;EUR;78;127.32000000;469;EXCHANGE_LAST;;1;1;XEUR;11820389;688;
06.03.2025;09:34:21.109;FGBL SI 20250606 PS;SIMPLE_INSTRUMENT;EFS;EUR;79;127.36000000;468;EXCHANGE_LAST;;1;1;XEUR;11820389;688;
06.03.2025;09:34:53.468;FGBL SI 20250606 PS;SIMPLE_INSTRUMENT;EFS;EUR;80;127.10000000;496;EXCHANGE_LAST;;1;1;XEUR;11820389;688;
06.03.2025;09:35:28.198;FGBL SI 20250606 PS;SIMPLE_INSTRUMENT;EFS;EUR;81;127.31000000;1693;EXCHANGE_LAST;;1;1;XEUR;11820389;688;
06.03.2025;09:39:46.329;FGBL SI 20250606 PS;SIMPLE_INSTRUMENT;EFS;EUR;82;127.37000000;500;EXCHANGE_LAST;;1;1;XEUR;11820389;688;
06.03.2025;09:39:38.359;FGBL SI 20250606 PS;SIMPLE_INSTRUMENT;EFS;EUR;83;127.38000000;432;EXCHANGE_LAST;;1;1;XEUR;11820389;688;
06.03.2025;09:40:03.381;FGBL SI 20250606 PS;SIMPLE_INSTRUMENT;EFS;EUR;84;127.36000000;433;EXCHANGE_LAST;;1;1;XEUR;11820389;688;
06.03.2025;09:41:29.458;FGBL SI 20250606 PS;SIMPLE_INSTRUMENT;EFS;EUR;85;127.39000000;865;EXCHANGE_LAST;;1;1;XEUR;11820389;688;
06.03.2025;09:41:32.285;FGBL SI 20250606 PS;SIMPLE_INSTRUMENT;EFS;EUR;86;127.31000000;250;EXCHANGE_LAST;;1;1;XEUR;11820389;688;
06.03.2025;09:42:22.191;FGBL SI 20250606 PS;SIMPLE_INSTRUMENT;EFS;EUR;87;127.31000000;250;EXCHANGE_LAST;;1;1;XEUR;11820389;688;
06.03.2025;09:43:10.291;FGBL SI 20250606 PS;SIMPLE_INSTRUMENT;BLOCK;EUR;88;127.38000000;2518;EXCHANGE_LAST;;1;1;XEUR;11820389;688;
06.03.2025;09:47:32.541;FGBL SI 20250606 PS;SIMPLE_INSTRUMENT;BLOCK;EUR;89;127.39000000;2022;EXCHANGE_LAST;;1;1;XEUR;11820389;688;
06.03.2025;09:48:27.323;FGBL SI 20250606 PS;SIMPLE_INSTRUMENT;EFS;EUR;90;127.42000000;303;EXCHANGE_LAST;;1;1;XEUR;11820389;688;
06.03.2025;09:50:44.828;FGBL SI 20250606 PS;SIMPLE_INSTRUMENT;EFS;EUR;91;127.38000000;432;EXCHANGE_LAST;;1;1;XEUR;11820389;688;
06.03.2025;09:53:33.985;FGBL SI 20250606 PS;SIMPLE_INSTRUMENT;EFS;EUR;92;127.40000000;500;EXCHANGE_LAST;;1;1;XEUR;11820389;688;
06.03.2025;09:52:44.701;FGBL SI 20250606 PS;SIMPLE_INSTRUMENT;EFS;EUR;93;127.41000000;1406;EXCHANGE_LAST;;1;1;XEUR;11820389;688;
06.03.2025;09:53:07.183;FGBL SI 20250606 PS;SIMPLE_INSTRUMENT;EFP_FIN;EUR;94;127.38000000;193;EXCHANGE_LAST;;1;1;XEUR;11820389;688;
06.03.2025;09:55:36.196;FGBL SI 20250606 PS;SIMPLE_INSTRUMENT;EFS;EUR;95;127.38000000;432;EXCHANGE_LAST;;1;1;XEUR;11820389;688;
06.03.2025;09:58:02.824;FGBL SI 20250606 PS;SIMPLE_INSTRUMENT;EFS;EUR;96;127.30000000;1012;EXCHANGE_LAST;;1;1;XEUR;11820389;688;
06.03.2025;09:58:49.756;FGBL SI 20250606 PS;SIMPLE_INSTRUMENT;EFS;EUR;97;127.41000000;216;EXCHANGE_LAST;;1;1;XEUR;11820389;688;
06.03.2025;09:59:13.653;FGBL SI 20250606 PS;SIMPLE_INSTRUMENT;EFS;EUR;98;127.35000000;222;EXCHANGE_LAST;;1;1;XEUR;11820389;688;
06.03.2025;10:01:21.347;FGBL SI 20250606 PS;SIMPLE_INSTRUMENT;EFP_FIN;EUR;99;127.36000000;246;EXCHANGE_LAST;;1;1;XEUR;11820389;688;
06.03.2025;10:05:25.574;FGBL SI 20250606 PS;SIMPLE_INSTRUMENT;EFS;EUR;100;127.41000000;259;EXCHANGE_LAST;;1;1;XEUR;11820389;688;
06.03.2025;10:05:26.270;FGBL SI 20250606 PS;SIMPLE_INSTRUMENT;EFS;EUR;101;127.37000000;157;EXCHANGE_LAST;;1;1;XEUR;11820389;688;
06.03.2025;10:06:03.657;FGBL SI 20250606 PS;SIMPLE_INSTRUMENT;EFS;EUR;102;127.41000000;216;EXCHANGE_LAST;;1;1;XEUR;11820389;688;
06.03.2025;10:06:46.844;FGBL SI 20250606 PS;SIMPLE_INSTRUMENT;EFS;EUR;103;127.41000000;500;EXCHANGE_LAST;;1;1;XEUR;11820389;688;
06.03.2025;10:07:26.797;FGBL SI 20250606 PS;SIMPLE_INSTRUMENT;EFS;EUR;104;127.41000000;233;EXCHANGE_LAST;;1;1;XEUR;11820389;688;
06.03.2025;10:08:02.208;FGBL SI 20250606 PS;SIMPLE_INSTRUMENT;EFS;EUR;105;127.46000000;432;EXCHANGE_LAST;;1;1;XEUR;11820389;688;
06.03.2025;10:08:23.974;FGBL SI 20250606 PS;SIMPLE_INSTRUMENT;EFS;EUR;106;127.42000000;468;EXCHANGE_LAST;;1;1;XEUR;11820389;688;
06.03.2025;10:08:47.884;FGBL SI 20250606 PS;SIMPLE_INSTRUMENT;EFS;EUR;107;127.41000000;216;EXCHANGE_LAST;;1;1;XEUR;11820389;688;
06.03.2025;10:10:48.165;FGBL SI 20250606 PS;SIMPLE_INSTRUMENT;EFS;EUR;108;127.49000000;432;EXCHANGE_LAST;;1;1;XEUR;11820389;688;
06.03.2025;10:11:00.643;FGBL SI 20250606 PS;SIMPLE_INSTRUMENT;EFS;EUR;109;127.31000000;379;EXCHANGE_LAST;;1;1;XEUR;11820389;688;
06.03.2025;10:13:25.746;FGBL SI 20250606 PS;SIMPLE_INSTRUMENT;EFS;EUR;110;127.27000000;197;EXCHANGE_LAST;;1;1;XEUR;11820389;688;
06.03.2025;10:14:46.867;FGBL SI 20250606 PS;SIMPLE_INSTRUMENT;EFS;EUR;111;127.40000000;190;EXCHANGE_LAST;;1;1;XEUR;11820389;688;
06.03.2025;10:14:31.764;FGBL SI 20250606 PS;SIMPLE_INSTRUMENT;EFS;EUR;112;127.43000000;649;EXCHANGE_LAST;;1;1;XEUR;11820389;688;
06.03.2025;10:14:54.949;FGBL SI 20250606 PS;SIMPLE_INSTRUMENT;EFS;EUR;113;127.29000000;433;EXCHANGE_LAST;;1;1;XEUR;11820389;688;
06.03.2025;10:16:53.653;FGBL SI 20250606 PS;SIMPLE_INSTRUMENT;EFS;EUR;114;127.48000000;758;EXCHANGE_LAST;;1;1;XEUR;11820389;688;
06.03.2025;10:17:33.394;FGBL SI 20250606 PS;SIMPLE_INSTRUMENT;EFS;EUR;115;127.41000000;777;EXCHANGE_LAST;;1;1;XEUR;11820389;688;
06.03.2025;10:18:08.776;FGBL SI 20250606 PS;SIMPLE_INSTRUMENT;EFS;EUR;116;127.53000000;1010;EXCHANGE_LAST;;1;1;XEUR;11820389;688;
06.03.2025;10:19:05.779;FGBL SI 20250606 PS;SIMPLE_INSTRUMENT;EFS;EUR;117;127.36000000;253;EXCHANGE_LAST;;1;1;XEUR;11820389;688;
06.03.2025;10:19:09.419;FGBL SI 20250606 PS;SIMPLE_INSTRUMENT;EFS;EUR;118;127.28000000;373;EXCHANGE_LAST;;1;1;XEUR;11820389;688;
06.03.2025;10:21:26.188;FGBL SI 20250606 PS;SIMPLE_INSTRUMENT;EFS;EUR;119;127.34000000;216;EXCHANGE_LAST;;1;1;XEUR;11820389;688;
06.03.2025;10:21:58.744;FGBL SI 20250606 PS;SIMPLE_INSTRUMENT;EFS;EUR;120;127.36000000;216;EXCHANGE_LAST;;1;1;XEUR;11820389;688;
06.03.2025;10:23:47.298;FGBL SI 20250606 PS;SIMPLE_INSTRUMENT;EFS;EUR;121;127.37000000;432;EXCHANGE_LAST;;1;1;XEUR;11820389;688;
06.03.2025;10:23:49.596;FGBL SI 20250606 PS;SIMPLE_INSTRUMENT;EFS;EUR;122;127.33000000;216;EXCHANGE_LAST;;1;1;XEUR;11820389;688;
06.03.2025;10:24:25.096;FGBL SI 20250606 PS;SIMPLE_INSTRUMENT;EFS;EUR;123;127.32000000;433;EXCHANGE_LAST;;1;1;XEUR;11820389;688;
06.03.2025;10:25:32.663;FGBL SI 20250606 PS;SIMPLE_INSTRUMENT;EFS;EUR;124;127.32000000;216;EXCHANGE_LAST;;1;1;XEUR;11820389;688;
06.03.2025;10:26:07.734;FGBL SI 20250606 PS;SIMPLE_INSTRUMENT;EFP_FIN;EUR;125;127.31000000;603;EXCHANGE_LAST;;1;1;XEUR;11820389;688;
06.03.2025;10:27:28.858;FGBL SI 20250606 PS;SIMPLE_INSTRUMENT;EFS;EUR;126;127.35000000;216;EXCHANGE_LAST;;1;1;XEUR;11820389;688;
06.03.2025;10:28:04.925;FGBL SI 20250606 PS;SIMPLE_INSTRUMENT;EFS;EUR;127;127.35000000;216;EXCHANGE_LAST;;1;1;XEUR;11820389;688;
06.03.2025;10:29:05.756;FGBL SI 20250606 PS;SIMPLE_INSTRUMENT;EFP_FIN;EUR;128;127.38000000;155;EXCHANGE_LAST;;1;1;XEUR;11820389;688;
06.03.2025;10:29:13.703;FGBL SI 20250606 PS;SIMPLE_INSTRUMENT;EFS;EUR;129;127.36000000;216;EXCHANGE_LAST;;1;1;XEUR;11820389;688;
06.03.2025;10:31:00.213;FGBL SI 20250606 PS;SIMPLE_INSTRUMENT;EFS;EUR;130;127.38000000;433;EXCHANGE_LAST;;1;1;XEUR;11820389;688;
06.03.2025;10:32:25.938;FGBL SI 20250606 PS;SIMPLE_INSTRUMENT;EFS;EUR;131;127.44000000;432;EXCHANGE_LAST;;1;1;XEUR;11820389;688;
06.03.2025;10:33:39.913;FGBL SI 20250606 PS;SIMPLE_INSTRUMENT;EFP_FIN;EUR;132;127.40000000;989;EXCHANGE_LAST;;1;1;XEUR;11820389;688;
06.03.2025;10:34:22.042;FGBL SI 20250606 PS;SIMPLE_INSTRUMENT;EFS;EUR;133;127.44000000;432;EXCHANGE_LAST;;1;1;XEUR;11820389;688;
06.03.2025;10:36:08.661;FGBL SI 20250606 PS;SIMPLE_INSTRUMENT;EFS;EUR;134;127.46000000;253;EXCHANGE_LAST;;1;1;XEUR;11820389;688;
06.03.2025;10:36:18.671;FGBL SI 20250606 PS;SIMPLE_INSTRUMENT;EFS;EUR;135;127.41000000;506;EXCHANGE_LAST;;1;1;XEUR;11820389;688;
06.03.2025;10:37:08.708;FGBL SI 20250606 PS;SIMPLE_INSTRUMENT;EFS;EUR;136;127.45000000;253;EXCHANGE_LAST;;1;1;XEUR;11820389;688;
06.03.2025;10:37:27.847;FGBL SI 20250606 PS;SIMPLE_INSTRUMENT;EFS;EUR;137;127.44000000;468;EXCHANGE_LAST;;1;1;XEUR;11820389;688;
06.03.2025;10:39:31.769;FGBL SI 20250606 PS;SIMPLE_INSTRUMENT;EFS;EUR;138;127.36000000;506;EXCHANGE_LAST;;1;1;XEUR;11820389;688;
06.03.2025;10:42:32.375;FGBL SI 20250606 PS;SIMPLE_INSTRUMENT;EFS;EUR;139;127.36000000;506;EXCHANGE_LAST;;1;1;XEUR;11820389;688;
06.03.2025;10:45:25.101;FGBL SI 20250606 PS;SIMPLE_INSTRUMENT;EFS;EUR;140;127.35000000;216;EXCHANGE_LAST;;1;1;XEUR;11820389;688;
06.03.2025;10:45:31.629;FGBL SI 20250606 PS;SIMPLE_INSTRUMENT;EFS;EUR;141;127.31000000;234;EXCHANGE_LAST;;1;1;XEUR;11820389;688;
06.03.2025;10:49:35.305;FGBL SI 20250606 PS;SIMPLE_INSTRUMENT;EFS;EUR;142;127.34000000;260;EXCHANGE_LAST;;1;1;XEUR;11820389;688;
06.03.2025;10:50:09.555;FGBL SI 20250606 PS;SIMPLE_INSTRUMENT;EFS;EUR;143;127.35000000;1011;EXCHANGE_LAST;;1;1;XEUR;11820389;688;
06.03.2025;10:50:27.564;FGBL SI 20250606 PS;SIMPLE_INSTRUMENT;EFP_FIN;EUR;144;127.35000000;387;EXCHANGE_LAST;;1;1;XEUR;11820389;688;
06.03.2025;10:54:28.891;FGBL SI 20250606 PS;SIMPLE_INSTRUMENT;EFS;EUR;145;127.33000000;300;EXCHANGE_LAST;;1;1;XEUR;11820389;688;
06.03.2025;10:54:55.481;FGBL SI 20250606 PS;SIMPLE_INSTRUMENT;EFS;EUR;146;127.11000000;204;EXCHANGE_LAST;;1;1;XEUR;11820389;688;
06.03.2025;10:58:37.492;FGBL SI 20250606 PS;SIMPLE_INSTRUMENT;EFS;EUR;147;127.36000000;506;EXCHANGE_LAST;;1;1;XEUR;11820389;688;
06.03.2025;10:59:45.094;FGBL SI 20250606 PS;SIMPLE_INSTRUMENT;EFP_FIN;EUR;148;127.50000000;171;EXCHANGE_LAST;;1;1;XEUR;11820389;688;
06.03.2025;11:01:49.809;FGBL SI 20250606 PS;SIMPLE_INSTRUMENT;EFS;EUR;149;127.50000000;432;EXCHANGE_LAST;;1;1;XEUR;11820389;688;
06.03.2025;11:02:15.829;FGBL SI 20250606 PS;SIMPLE_INSTRUMENT;EFS;EUR;150;127.47000000;432;EXCHANGE_LAST;;1;1;XEUR;11820389;688;
06.03.2025;11:04:42.750;FGBL SI 20250606 PS;SIMPLE_INSTRUMENT;EFS;EUR;151;127.47000000;582;EXCHANGE_LAST;;1;1;XEUR;11820389;688;
06.03.2025;11:05:13.842;FGBL SI 20250606 PS;SIMPLE_INSTRUMENT;EFS;EUR;152;127.47000000;1445;EXCHANGE_LAST;;1;1;XEUR;11820389;688;
06.03.2025;11:05:57.785;FGBL SI 20250606 PS;SIMPLE_INSTRUMENT;EFS;EUR;153;127.48000000;234;EXCHANGE_LAST;;1;1;XEUR;11820389;688;
06.03.2025;11:05:59.782;FGBL SI 20250606 PS;SIMPLE_INSTRUMENT;EFS;EUR;154;127.34000000;507;EXCHANGE_LAST;;1;1;XEUR;11820389;688;
06.03.2025;11:06:30.498;FGBL SI 20250606 PS;SIMPLE_INSTRUMENT;EFS;EUR;155;127.49000000;1869;EXCHANGE_LAST;;1;1;XEUR;11820389;688;
06.03.2025;11:06:51.517;FGBL SI 20250606 PS;SIMPLE_INSTRUMENT;EFP_FIN;EUR;156;127.35000000;441;EXCHANGE_LAST;;1;1;XEUR;11820389;688;
06.03.2025;11:12:30.297;FGBL SI 20250606 PS;SIMPLE_INSTRUMENT;EFS;EUR;157;127.46000000;505;EXCHANGE_LAST;;1;1;XEUR;11820389;688;
06.03.2025;11:14:19.594;FGBL SI 20250606 PS;SIMPLE_INSTRUMENT;EFS;EUR;158;127.54000000;216;EXCHANGE_LAST;;1;1;XEUR;11820389;688;
06.03.2025;11:17:04.546;FGBL SI 20250606 PS;SIMPLE_INSTRUMENT;EFS;EUR;159;127.50000000;234;EXCHANGE_LAST;;1;1;XEUR;11820389;688;
06.03.2025;11:17:52.445;FGBL SI 20250606 PS;SIMPLE_INSTRUMENT;EFS;EUR;160;127.47000000;432;EXCHANGE_LAST;;1;1;XEUR;11820389;688;
06.03.2025;11:18:09.926;FGBL SI 20250606 PS;SIMPLE_INSTRUMENT;EFS;EUR;161;126.79000000;508;EXCHANGE_LAST;;1;1;XEUR;11820389;688;
06.03.2025;11:20:07.541;FGBL SI 20250606 PS;SIMPLE_INSTRUMENT;EFS;EUR;162;127.47000000;216;EXCHANGE_LAST;;1;1;XEUR;11820389;688;
06.03.2025;11:20:27.559;FGBL SI 20250606 PS;SIMPLE_INSTRUMENT;EFS;EUR;163;127.51000000;432;EXCHANGE_LAST;;1;1;XEUR;11820389;688;
06.03.2025;11:25:15.877;FGBL SI 20250606 PS;SIMPLE_INSTRUMENT;EFS;EUR;164;127.49000000;101;EXCHANGE_LAST;;1;1;XEUR;11820389;688;
06.03.2025;11:26:35.639;FGBL SI 20250606 PS;SIMPLE_INSTRUMENT;EFS;EUR;165;127.47000000;505;EXCHANGE_LAST;;1;1;XEUR;11820389;688;
06.03.2025;11:27:07.226;FGBL SI 20250606 PS;SIMPLE_INSTRUMENT;EFP_FIN;EUR;166;127.31000000;374;EXCHANGE_LAST;;1;1;XEUR;11820389;688;
06.03.2025;11:31:07.970;FGBL SI 20250606 PS;SIMPLE_INSTRUMENT;EFS;EUR;167;127.48000000;600;EXCHANGE_LAST;;1;1;XEUR;11820389;688;
06.03.2025;11:33:39.084;FGBL SI 20250606 PS;SIMPLE_INSTRUMENT;EFS;EUR;168;127.62000000;302;EXCHANGE_LAST;;1;1;XEUR;11820389;688;
06.03.2025;11:33:48.089;FGBL SI 20250606 PS;SIMPLE_INSTRUMENT;EFS;EUR;169;127.62000000;562;EXCHANGE_LAST;;1;1;XEUR;11820389;688;
06.03.2025;11:35:08.277;FGBL SI 20250606 PS;SIMPLE_INSTRUMENT;EFS;EUR;170;127.54000000;93;EXCHANGE_LAST;;1;1;XEUR;11820389;688;
06.03.2025;11:38:37.233;FGBL SI 20250606 PS;SIMPLE_INSTRUMENT;EFS;EUR;171;127.49000000;234;EXCHANGE_LAST;;1;1;XEUR;11820389;688;
06.03.2025;11:40:11.685;FGBL SI 20250606 PS;SIMPLE_INSTRUMENT;EFS;EUR;172;127.49000000;1949;EXCHANGE_LAST;;1;1;XEUR;11820389;688;
06.03.2025;11:42:40.085;FGBL SI 20250606 PS;SIMPLE_INSTRUMENT;EFS;EUR;173;127.60000000;252;EXCHANGE_LAST;;1;1;XEUR;11820389;688;
06.03.2025;11:45:12.357;FGBL SI 20250606 PS;SIMPLE_INSTRUMENT;EFS;EUR;174;127.48000000;468;EXCHANGE_LAST;;1;1;XEUR;11820389;688;
06.03.2025;11:48:19.619;FGBL SI 20250606 PS;SIMPLE_INSTRUMENT;EFS;EUR;175;127.47000000;216;EXCHANGE_LAST;;1;1;XEUR;11820389;688;
06.03.2025;11:49:35.674;FGBL SI 20250606 PS;SIMPLE_INSTRUMENT;EFS;EUR;176;127.46000000;432;EXCHANGE_LAST;;1;1;XEUR;11820389;688;
06.03.2025;11:56:10.973;FGBL SI 20250606 PS;SIMPLE_INSTRUMENT;EFS;EUR;177;127.48000000;233;EXCHANGE_LAST;;1;1;XEUR;11820389;688;
06.03.2025;11:56:30.576;FGBL SI 20250606 PS;SIMPLE_INSTRUMENT;EFS;EUR;178;127.45000000;233;EXCHANGE_LAST;;1;1;XEUR;11820389;688;
06.03.2025;11:59:11.069;FGBL SI 20250606 PS;SIMPLE_INSTRUMENT;EFS;EUR;179;127.49000000;300;EXCHANGE_LAST;;1;1;XEUR;11820389;688;
06.03.2025;12:10:51.726;FGBL SI 20250606 PS;SIMPLE_INSTRUMENT;EFP_FIN;EUR;180;127.46000000;263;EXCHANGE_LAST;;1;1;XEUR;11820389;688;
06.03.2025;12:08:11.340;FGBL SI 20250606 PS;SIMPLE_INSTRUMENT;EFP_FIN;EUR;181;127.50000000;135;EXCHANGE_LAST;;1;1;XEUR;11820389;688;
06.03.2025;12:12:37.347;FGBL SI 20250606 PS;SIMPLE_INSTRUMENT;EFP_FIN;EUR;182;127.57000000;141;EXCHANGE_LAST;;1;1;XEUR;11820389;688;
06.03.2025;12:16:08.381;FGBL SI 20250606 PS;SIMPLE_INSTRUMENT;EFS;EUR;183;127.49000000;50;EXCHANGE_LAST;;1;1;XEUR;11820389;688;
06.03.2025;12:16:36.197;FGBL SI 20250606 PS;SIMPLE_INSTRUMENT;EFS;EUR;184;127.47000000;506;EXCHANGE_LAST;;1;1;XEUR;11820389;688;
06.03.2025;12:25:36.342;FGBL SI 20250606 PS;SIMPLE_INSTRUMENT;EFS;EUR;185;127.50000000;649;EXCHANGE_LAST;;1;1;XEUR;11820389;688;
06.03.2025;12:28:02.744;FGBL SI 20250606 PS;SIMPLE_INSTRUMENT;EFP_FIN;EUR;186;127.47000000;569;EXCHANGE_LAST;;1;1;XEUR;11820389;688;
06.03.2025;12:33:04.421;FGBL SI 20250606 PS;SIMPLE_INSTRUMENT;EFS;EUR;187;127.52000000;432;EXCHANGE_LAST;;1;1;XEUR;11820389;688;
06.03.2025;12:34:16.216;FGBL SI 20250606 PS;SIMPLE_INSTRUMENT;EFS;EUR;188;127.47000000;200;EXCHANGE_LAST;;1;1;XEUR;11820389;688;
06.03.2025;12:34:34.808;FGBL SI 20250606 PS;SIMPLE_INSTRUMENT;EFS;EUR;189;127.50000000;200;EXCHANGE_LAST;;1;1;XEUR;11820389;688;
06.03.2025;12:38:24.637;FGBL SI 20250606 PS;SIMPLE_INSTRUMENT;EFS;EUR;190;127.57000000;250;EXCHANGE_LAST;;1;1;XEUR;11820389;688;
06.03.2025;12:42:40.405;FGBL SI 20250606 PS;SIMPLE_INSTRUMENT;EFS;EUR;191;127.44000000;433;EXCHANGE_LAST;;1;1;XEUR;11820389;688;
06.03.2025;12:44:40.087;FGBL SI 20250606 PS;SIMPLE_INSTRUMENT;EFP_FIN;EUR;192;127.47000000;414;EXCHANGE_LAST;;1;1;XEUR;11820389;688;
06.03.2025;12:48:52.690;FGBL SI 20250606 PS;SIMPLE_INSTRUMENT;EFP_FIN;EUR;193;127.47000000;414;EXCHANGE_LAST;;1;1;XEUR;11820389;688;
06.03.2025;12:48:46.142;FGBL SI 20250606 PS;SIMPLE_INSTRUMENT;EFS;EUR;194;127.42000000;506;EXCHANGE_LAST;;1;1;XEUR;11820389;688;
06.03.2025;12:51:40.655;FGBL SI 20250606 PS;SIMPLE_INSTRUMENT;EFS;EUR;195;127.55000000;505;EXCHANGE_LAST;;1;1;XEUR;11820389;688;
06.03.2025;12:53:51.237;FGBL SI 20250606 PS;SIMPLE_INSTRUMENT;EFS;EUR;196;127.64000000;432;EXCHANGE_LAST;;1;1;XEUR;11820389;688;
06.03.2025;12:54:50.272;FGBL SI 20250606 PS;SIMPLE_INSTRUMENT;EFS;EUR;197;127.60000000;467;EXCHANGE_LAST;;1;1;XEUR;11820389;688;
06.03.2025;12:55:26.306;FGBL SI 20250606 PS;SIMPLE_INSTRUMENT;EFS;EUR;198;127.66000000;216;EXCHANGE_LAST;;1;1;XEUR;11820389;688;
06.03.2025;12:57:09.684;FGBL SI 20250606 PS;SIMPLE_INSTRUMENT;EFS;EUR;199;127.62000000;234;EXCHANGE_LAST;;1;1;XEUR;11820389;688;
06.03.2025;13:01:35.638;FGBL SI 20250606 PS;SIMPLE_INSTRUMENT;EFP_FIN;EUR;200;127.62000000;135;EXCHANGE_LAST;;1;1;XEUR;11820389;688;
06.03.2025;13:01:58.259;FGBL SI 20250606 PS;SIMPLE_INSTRUMENT;EFS;EUR;201;127.60000000;432;EXCHANGE_LAST;;1;1;XEUR;11820389;688;
06.03.2025;13:05:54.019;FGBL SI 20250606 PS;SIMPLE_INSTRUMENT;EFP_FIN;EUR;202;127.57000000;414;EXCHANGE_LAST;;1;1;XEUR;11820389;688;
06.03.2025;13:08:32.250;FGBL SI 20250606 PS;SIMPLE_INSTRUMENT;EFP_FIN;EUR;203;127.57000000;516;EXCHANGE_LAST;;1;1;XEUR;11820389;688;
06.03.2025;13:08:10.363;FGBL SI 20250606 PS;SIMPLE_INSTRUMENT;EFP_FIN;EUR;204;127.66000000;728;EXCHANGE_LAST;;1;1;XEUR;11820389;688;
06.03.2025;13:13:57.310;FGBL SI 20250606 PS;SIMPLE_INSTRUMENT;EFS;EUR;205;127.63000000;467;EXCHANGE_LAST;;1;1;XEUR;11820389;688;
06.03.2025;13:14:10.771;FGBL SI 20250606 PS;SIMPLE_INSTRUMENT;EFS;EUR;206;127.63000000;202;EXCHANGE_LAST;;1;1;XEUR;11820389;688;
06.03.2025;13:32:31.261;FGBL SI 20250606 PS;SIMPLE_INSTRUMENT;EFS;EUR;207;127.64000000;504;EXCHANGE_LAST;;1;1;XEUR;11820389;688;
06.03.2025;13:34:13.835;FGBL SI 20250606 PS;SIMPLE_INSTRUMENT;EFS;EUR;208;127.68000000;496;EXCHANGE_LAST;;1;1;XEUR;11820389;688;
06.03.2025;13:35:35.015;FGBL SI 20250606 PS;SIMPLE_INSTRUMENT;EFS;EUR;209;127.52000000;432;EXCHANGE_LAST;;1;1;XEUR;11820389;688;
06.03.2025;13:35:56.474;FGBL SI 20250606 PS;SIMPLE_INSTRUMENT;EFS;EUR;210;127.59000000;1009;EXCHANGE_LAST;;1;1;XEUR;11820389;688;
06.03.2025;13:37:07.529;FGBL SI 20250606 PS;SIMPLE_INSTRUMENT;EFS;EUR;211;127.63000000;250;EXCHANGE_LAST;;1;1;XEUR;11820389;688;
06.03.2025;13:39:06.560;FGBL SI 20250606 PS;SIMPLE_INSTRUMENT;EFS;EUR;212;127.51000000;216;EXCHANGE_LAST;;1;1;XEUR;11820389;688;
06.03.2025;13:40:19.551;FGBL SI 20250606 PS;SIMPLE_INSTRUMENT;EFS;EUR;213;127.50000000;101;EXCHANGE_LAST;;1;1;XEUR;11820389;688;
06.03.2025;13:44:00.917;FGBL SI 20250606 PS;SIMPLE_INSTRUMENT;BLOCK;EUR;214;127.59000000;2000;EXCHANGE_LAST;;1;1;XEUR;11820389;688;
06.03.2025;13:55:47.199;FGBL SI 20250606 PS;SIMPLE_INSTRUMENT;EFS;EUR;215;127.34000000;1011;EXCHANGE_LAST;;1;1;XEUR;11820389;688;
06.03.2025;14:01:37.654;FGBL SI 20250606 PS;SIMPLE_INSTRUMENT;EFS;EUR;216;127.41000000;1892;EXCHANGE_LAST;;1;1;XEUR;11820389;688;
06.03.2025;14:01:39.233;FGBL SI 20250606 PS;SIMPLE_INSTRUMENT;EFS;EUR;217;127.35000000;1011;EXCHANGE_LAST;;1;1;XEUR;11820389;688;
06.03.2025;14:09:40.636;FGBL SI 20250606 PS;SIMPLE_INSTRUMENT;EFS;EUR;218;127.54000000;216;EXCHANGE_LAST;;1;1;XEUR;11820389;688;
06.03.2025;14:11:49.583;FGBL SI 20250606 PS;SIMPLE_INSTRUMENT;EFS;EUR;219;127.46000000;216;EXCHANGE_LAST;;1;1;XEUR;11820389;688;
06.03.2025;14:16:41.025;FGBL SI 20250606 PS;SIMPLE_INSTRUMENT;EFS;EUR;220;127.39000000;252;EXCHANGE_LAST;;1;1;XEUR;11820389;688;
06.03.2025;14:17:13.668;FGBL SI 20250606 PS;SIMPLE_INSTRUMENT;EFS;EUR;221;127.41000000;865;EXCHANGE_LAST;;1;1;XEUR;11820389;688;
06.03.2025;14:21:13.833;FGBL SI 20250606 PS;SIMPLE_INSTRUMENT;EFS;EUR;222;127.42000000;432;EXCHANGE_LAST;;1;1;XEUR;11820389;688;
06.03.2025;14:23:18.917;FGBL SI 20250606 PS;SIMPLE_INSTRUMENT;EFS;EUR;223;127.27000000;216;EXCHANGE_LAST;;1;1;XEUR;11820389;688;
06.03.2025;14:23:23.923;FGBL SI 20250606 PS;SIMPLE_INSTRUMENT;EFS;EUR;224;127.27000000;216;EXCHANGE_LAST;;1;1;XEUR;11820389;688;
06.03.2025;14:25:43.754;FGBL SI 20250606 PS;SIMPLE_INSTRUMENT;EFS;EUR;225;127.40000000;432;EXCHANGE_LAST;;1;1;XEUR;11820389;688;
06.03.2025;14:29:12.590;FGBL SI 20250606 PS;SIMPLE_INSTRUMENT;EFP_FIN;EUR;226;127.42000000;316;EXCHANGE_LAST;;1;1;XEUR;11820389;688;
06.03.2025;14:31:18.754;FGBL SI 20250606 PS;SIMPLE_INSTRUMENT;EFS;EUR;227;127.14000000;250;EXCHANGE_LAST;;1;1;XEUR;11820389;688;
06.03.2025;14:34:19.681;FGBL SI 20250606 PS;SIMPLE_INSTRUMENT;EFS;EUR;228;127.08000000;468;EXCHANGE_LAST;;1;1;XEUR;11820389;688;
06.03.2025;14:34:25.527;FGBL SI 20250606 PS;SIMPLE_INSTRUMENT;EFS;EUR;229;127.23000000;433;EXCHANGE_LAST;;1;1;XEUR;11820389;688;
06.03.2025;14:36:51.457;FGBL SI 20250606 PS;SIMPLE_INSTRUMENT;EFS;EUR;230;127.26000000;216;EXCHANGE_LAST;;1;1;XEUR;11820389;688;
06.03.2025;14:40:36.305;FGBL SI 20250606 PS;SIMPLE_INSTRUMENT;BLOCK;EUR;231;127.12000000;2027;EXCHANGE_LAST;;1;1;XEUR;11820389;688;
06.03.2025;14:44:31.321;FGBL SI 20250606 PS;SIMPLE_INSTRUMENT;EFS;EUR;232;127.42000000;467;EXCHANGE_LAST;;1;1;XEUR;11820389;688;
06.03.2025;14:44:59.674;FGBL SI 20250606 PS;SIMPLE_INSTRUMENT;EFS;EUR;233;127.42000000;140;EXCHANGE_LAST;;1;1;XEUR;11820389;688;
06.03.2025;14:46:10.491;FGBL SI 20250606 PS;SIMPLE_INSTRUMENT;EFS;EUR;234;127.13000000;234;EXCHANGE_LAST;;1;1;XEUR;11820389;688;
06.03.2025;14:48:32.354;FGBL SI 20250606 PS;SIMPLE_INSTRUMENT;EFS;EUR;235;127.41000000;649;EXCHANGE_LAST;;1;1;XEUR;11820389;688;
06.03.2025;14:52:03.041;FGBL SI 20250606 PS;SIMPLE_INSTRUMENT;EFS;EUR;236;127.32000000;433;EXCHANGE_LAST;;1;1;XEUR;11820389;688;
06.03.2025;14:55:43.166;FGBL SI 20250606 PS;SIMPLE_INSTRUMENT;EFS;EUR;237;127.20000000;865;EXCHANGE_LAST;;1;1;XEUR;11820389;688;
06.03.2025;14:57:16.180;FGBL SI 20250606 PS;SIMPLE_INSTRUMENT;EFP_FIN;EUR;238;127.24000000;748;EXCHANGE_LAST;;1;1;XEUR;11820389;688;
06.03.2025;14:57:18.234;FGBL SI 20250606 PS;SIMPLE_INSTRUMENT;EFS;EUR;239;127.18000000;433;EXCHANGE_LAST;;1;1;XEUR;11820389;688;
06.03.2025;15:14:36.302;FGBL SI 20250606 PS;SIMPLE_INSTRUMENT;BLOCK;EUR;240;127.42000000;2614;EXCHANGE_LAST;;1;1;XEUR;11820389;688;
06.03.2025;15:16:06.900;FGBL SI 20250606 PS;SIMPLE_INSTRUMENT;EFS;EUR;241;127.11000000;468;EXCHANGE_LAST;;1;1;XEUR;11820389;688;
06.03.2025;15:16:19.947;FGBL SI 20250606 PS;SIMPLE_INSTRUMENT;EFS;EUR;242;127.00000000;433;EXCHANGE_LAST;;1;1;XEUR;11820389;688;
06.03.2025;15:18:06.066;FGBL SI 20250606 PS;SIMPLE_INSTRUMENT;EFS;EUR;243;126.98000000;2030;EXCHANGE_LAST;;1;1;XEUR;11820389;688;
06.03.2025;15:20:25.659;FGBL SI 20250606 PS;SIMPLE_INSTRUMENT;EFP_FIN;EUR;244;127.03000000;652;EXCHANGE_LAST;;1;1;XEUR;11820389;688;
06.03.2025;15:21:02.487;FGBL SI 20250606 PS;SIMPLE_INSTRUMENT;EFS;EUR;245;127.02000000;433;EXCHANGE_LAST;;1;1;XEUR;11820389;688;
06.03.2025;15:22:35.041;FGBL SI 20250606 PS;SIMPLE_INSTRUMENT;EFS;EUR;246;127.04000000;217;EXCHANGE_LAST;;1;1;XEUR;11820389;688;
06.03.2025;15:23:25.232;FGBL SI 20250606 PS;SIMPLE_INSTRUMENT;EFS;EUR;247;126.97000000;433;EXCHANGE_LAST;;1;1;XEUR;11820389;688;
06.03.2025;15:23:35.242;FGBL SI 20250606 PS;SIMPLE_INSTRUMENT;EFS;EUR;248;126.97000000;433;EXCHANGE_LAST;;1;1;XEUR;11820389;688;
06.03.2025;15:24:33.598;FGBL SI 20250606 PS;SIMPLE_INSTRUMENT;EFS;EUR;249;127.05000000;217;EXCHANGE_LAST;;1;1;XEUR;11820389;688;
06.03.2025;15:26:34.741;FGBL SI 20250606 PS;SIMPLE_INSTRUMENT;EFS;EUR;250;127.00000000;351;EXCHANGE_LAST;;1;1;XEUR;11820389;688;
06.03.2025;15:30:20.518;FGBL SI 20250606 PS;SIMPLE_INSTRUMENT;EFS;EUR;251;126.99000000;650;EXCHANGE_LAST;;1;1;XEUR;11820389;688;
06.03.2025;15:31:25.562;FGBL SI 20250606 PS;SIMPLE_INSTRUMENT;EFS;EUR;252;126.99000000;217;EXCHANGE_LAST;;1;1;XEUR;11820389;688;
06.03.2025;15:35:42.789;FGBL SI 20250606 PS;SIMPLE_INSTRUMENT;EFS;EUR;253;127.00000000;761;EXCHANGE_LAST;;1;1;XEUR;11820389;688;
06.03.2025;15:36:41.160;FGBL SI 20250606 PS;SIMPLE_INSTRUMENT;EFP_FIN;EUR;254;127.03000000;163;EXCHANGE_LAST;;1;1;XEUR;11820389;688;
06.03.2025;15:49:03.732;FGBL SI 20250606 PS;SIMPLE_INSTRUMENT;EFS;EUR;255;126.97000000;937;EXCHANGE_LAST;;1;1;XEUR;11820389;688;
06.03.2025;15:49:13.237;FGBL SI 20250606 PS;SIMPLE_INSTRUMENT;EFS;EUR;256;127.13000000;433;EXCHANGE_LAST;;1;1;XEUR;11820389;688;
06.03.2025;15:50:08.532;FGBL SI 20250606 PS;SIMPLE_INSTRUMENT;EFS;EUR;257;127.10000000;253;EXCHANGE_LAST;;1;1;XEUR;11820389;688;
06.03.2025;15:50:03.276;FGBL SI 20250606 PS;SIMPLE_INSTRUMENT;EFS;EUR;258;127.13000000;433;EXCHANGE_LAST;;1;1;XEUR;11820389;688;
