#Date;TrdTime;Contract;ContractType;TrdTyp;Currency;TesId;Prc;Qty;TrdInd;Aggressor;Buy;Sell;Exch;InstrumentId;RelatedProdId;PrcDecomp
30.04.2025;12:46:12.175;A2LV SI 20261218 CS;SIMPLE_INSTRUMENT;BLOCK;EUR;69;15.95000000;190;EXCHANGE_LAST;;2;1;XEUR;4632085;12;
30.04.2025;13:38:51.146;A2LV SI 20250620 CS;SIMPLE_INSTRUMENT;BLOCK;EUR;78;15.40000000;16;EXCHANGE_LAST;;1;1;XEUR;10827629;12;
30.04.2025;09:43:51.925;A2XA SI 20261218 CS;SIMPLE_INSTRUMENT;BLOCK;EUR;9;2.26500000;300;EXCHANGE_LAST;;1;1;XEUR;4632093;17;
30.04.2025;10:06:36.713;A2XA SI 20261218 CS;SIMPLE_INSTRUMENT;BLOCK;EUR;27;2.26500000;650;EXCHANGE_LAST;;3;2;XEUR;4632093;17;
30.04.2025;10:25:46.174;A2XA SI 20261218 CS;SIMPLE_INSTRUMENT;BLOCK;EUR;31;2.26500000;350;EXCHANGE_LAST;;1;1;XEUR;4632093;17;
30.04.2025;10:41:23.095;A2XA SI 20250620 CS;SIMPLE_INSTRUMENT;BLOCK;EUR;35;2.15000000;2640;EXCHANGE_LAST;;1;1;XEUR;10827630;17;
30.04.2025;15:42:23.141;A2XA SI 20250620 CS;SIMPLE_INSTRUMENT;BLOCK;EUR;112;2.15000000;131;EXCHANGE_LAST;;1;1;XEUR;10827630;17;
30.04.2025;07:27:44.252;ABBN SI 20270618 PS AM P 32.00 0;SIMPLE_INSTRUMENT;BLOCK;CHF;1;2.32000000;1250;EXCHANGE_LAST;;1;1;XEUR;11409906;574517;
30.04.2025;09:40:40.028;ABBN.O.250430.STG.000001;STANDARD_OPTION_STRATEGY;BLOCK;CHF;16;2.71000000;1000;EXCHANGE_LAST;;1;1;XEUR;74525125763938044;574517;
30.04.2025;09:40:40.028;ABBN SI 20250919 PS AM C 52.00 0;SIMPLE_INSTRUMENT;BLOCK;CHF;16;0.41000000;1000;PRC_DECOMP_EXCHANGE;;;;XEUR;11927835;574517;EXCHANGE
30.04.2025;09:40:40.028;ABBN SI 20250919 PS AM P 42.00 0;SIMPLE_INSTRUMENT;BLOCK;CHF;16;2.30000000;1000;PRC_DECOMP_EXCHANGE;;;;XEUR;11927938;574517;EXCHANGE
30.04.2025;12:39:40.105;ABBN.O.250430.PDIA.000002;STANDARD_OPTION_STRATEGY;BLOCK;CHF;25;2.06000000;1250;EXCHANGE_LAST;;1;1;XEUR;74525125763938045;574517;
30.04.2025;12:39:40.105;ABBN SI 20251219 PS AM P 41.00 0;SIMPLE_INSTRUMENT;BLOCK;CHF;25;2.67000000;1250;PRC_DECOMP_MEMBER;;;;XEUR;11848982;574517;MEMBER
30.04.2025;12:39:40.105;ABBN SI 20250620 PS AM P 40.00 0;SIMPLE_INSTRUMENT;BLOCK;CHF;25;0.61000000;1250;PRC_DECOMP_MEMBER;;;;XEUR;8509479;574517;MEMBER
30.04.2025;08:55:32.921;ADEN.O.250430.RBER.000001;STANDARD_OPTION_STRATEGY;BLOCK;CHF;9;-1.77000000;1000;EXCHANGE_LAST;;1;1;XEUR;72057783016515934;44;
30.04.2025;08:55:32.921;ADEN SI 20251219 PS AM P 18.00 0;SIMPLE_INSTRUMENT;BLOCK;CHF;9;1.09000000;2000;PRC_DECOMP_EXCHANGE;;;;XEUR;8107751;44;EXCHANGE
30.04.2025;08:55:32.921;ADEN SI 20251219 PS AM P 24.00 0;SIMPLE_INSTRUMENT;BLOCK;CHF;9;3.95000000;1000;PRC_DECOMP_EXCHANGE;;;;XEUR;7509272;44;EXCHANGE
30.04.2025;09:07:58.396;ADEN.O.250430.STG.000003;STANDARD_OPTION_STRATEGY;BLOCK;CHF;10;4.01000000;2000;EXCHANGE_LAST;;1;1;XEUR;72057783016515936;44;
30.04.2025;09:07:58.396;ADEN SI 20250919 PS AM P 24.00 0;SIMPLE_INSTRUMENT;BLOCK;CHF;10;3.50000000;2000;PRC_DECOMP_MEMBER;;;;XEUR;11870200;44;MEMBER
30.04.2025;09:07:58.396;ADEN SI 20250919 PS AM C 26.00 0;SIMPLE_INSTRUMENT;BLOCK;CHF;10;0.51000000;2000;PRC_DECOMP_MEMBER;;;;XEUR;11870197;44;MEMBER
30.04.2025;08:36:52.917;ADS SI 20250516 PS AM C 220.00 0;SIMPLE_INSTRUMENT;BLOCK;EUR;1;1.00000000;750;EXCHANGE_LAST;;1;2;XEUR;12812016;50;
30.04.2025;14:09:12.074;ADS SI 20250620 PS AM P 200.00 0;SIMPLE_INSTRUMENT;BLOCK;EUR;11;8.60000000;250;EXCHANGE_LAST;;1;1;XEUR;7897594;50;
30.04.2025;13:59:34.246;AHA SI 20250516 PS AM C 2200 0;SIMPLE_INSTRUMENT;BLOCK;GBX;20;20.00000000;600;EXCHANGE_LAST;;1;1;XEUR;12853140;509905;
30.04.2025;14:00:11.564;AHA SI 20250516 PS AM C 2300 0;SIMPLE_INSTRUMENT;BLOCK;GBX;21;7.50000000;600;EXCHANGE_LAST;;1;1;XEUR;12853145;509905;
30.04.2025;13:23:40.612;AI3F SI 20250620 CS;SIMPLE_INSTRUMENT;BLOCK;EUR;76;67.63500000;165;EXCHANGE_LAST;;1;1;XEUR;11168121;70;
30.04.2025;13:58:02.533;AIR.O.250430.BRT.000003;STANDARD_OPTION_STRATEGY;BLOCK;EUR;21;5.00000000;300;EXCHANGE_LAST;;1;1;XEUR;72057868915849910;64;
30.04.2025;13:58:02.533;AIR SI 20251219 PS AM P 170.00 0;SIMPLE_INSTRUMENT;BLOCK;EUR;21;7.61000000;300;PRC_DECOMP_EXCHANGE;;;;XEUR;12431444;64;EXCHANGE
30.04.2025;13:58:02.533;AIR SI 20250620 PS AM P 170.00 0;SIMPLE_INSTRUMENT;BLOCK;EUR;21;2.61000000;300;PRC_DECOMP_EXCHANGE;;;;XEUR;11348796;64;EXCHANGE
30.04.2025;10:54:22.936;ALV SI 20250516 PS AM P 360.00 0;SIMPLE_INSTRUMENT;BLOCK;EUR;1;11.05000000;300;EXCHANGE_LAST;;1;1;XEUR;12812717;74;
30.04.2025;14:29:17.628;ALV SI 20260619 PS AM P 280.00 0;SIMPLE_INSTRUMENT;BLOCK;EUR;5;9.79000000;1000;EXCHANGE_LAST;;1;1;XEUR;9537500;74;
30.04.2025;13:38:16.863;ALVG SI 20250620 CS;SIMPLE_INSTRUMENT;BLOCK;EUR;77;352.07500000;200;EXCHANGE_LAST;;1;1;XEUR;11168195;85;
30.04.2025;08:49:39.741;ANN SI 20250516 PS AM C 29.00 0;SIMPLE_INSTRUMENT;BLOCK;EUR;3;0.76000000;5000;EXCHANGE_LAST;;1;1;XEUR;12838445;45202;
30.04.2025;13:59:23.044;ASG5 SI 20250717 PS AM P 28.00 0;SIMPLE_INSTRUMENT;BLOCK;EUR;26;0.56000000;11000;EXCHANGE_LAST;;2;2;XEUR;13235384;109;
30.04.2025;10:16:06.864;ASM SI 20250919 PS AM P 560.00 0;SIMPLE_INSTRUMENT;BLOCK;EUR;13;39.75000000;150;EXCHANGE_LAST;;1;1;XEUR;11872147;107;
30.04.2025;10:40:42.544;AXAG SI 20250620 CS;SIMPLE_INSTRUMENT;BLOCK;EUR;34;39.61710000;30000;EXCHANGE_LAST;;1;1;XEUR;11168731;125;
30.04.2025;15:22:04.047;AXAG SI 20250620 CS;SIMPLE_INSTRUMENT;BLOCK;EUR;103;39.99270000;5500;EXCHANGE_LAST;;1;1;XEUR;11168731;125;
30.04.2025;15:42:13.922;AXAG SI 20250620 CS;SIMPLE_INSTRUMENT;BLOCK;EUR;111;39.91000000;1500;EXCHANGE_LAST;;1;1;XEUR;11168731;125;
30.04.2025;13:14:42.629;B2AS SI 20261218 CS;SIMPLE_INSTRUMENT;BLOCK;EUR;74;2.03000000;175;EXCHANGE_LAST;;1;1;XEUR;4632165;140;
30.04.2025;15:41:12.630;B2AS SI 20250620 CS;SIMPLE_INSTRUMENT;BLOCK;EUR;114;2.25000000;196;EXCHANGE_LAST;;1;1;XEUR;10830335;140;
30.04.2025;14:04:19.651;B2MW SI 20261218 CS;SIMPLE_INSTRUMENT;BLOCK;EUR;81;2.97000000;200;EXCHANGE_LAST;;1;2;XEUR;4632168;128;
30.04.2025;14:34:21.520;B2MW SI 20250620 CS;SIMPLE_INSTRUMENT;BLOCK;EUR;84;4.30000000;67;EXCHANGE_LAST;;1;1;XEUR;10830088;128;
30.04.2025;13:59:52.662;B2NP SI 20271217 CS;SIMPLE_INSTRUMENT;BLOCK;EUR;80;4.45000000;350;EXCHANGE_LAST;;1;3;XEUR;7086925;131;
30.04.2025;15:23:27.513;B2NP SI 20250620 CS;SIMPLE_INSTRUMENT;BLOCK;EUR;105;4.79000000;284;EXCHANGE_LAST;;1;1;XEUR;10830225;131;
30.04.2025;14:46:59.912;B2YG SI 20250620 CS;SIMPLE_INSTRUMENT;BLOCK;EUR;90;2.00000000;69;EXCHANGE_LAST;;1;1;XEUR;10865361;45713;
30.04.2025;15:03:59.725;B2YG SI 20250620 CS;SIMPLE_INSTRUMENT;BLOCK;EUR;94;2.00000000;344;EXCHANGE_LAST;;1;1;XEUR;10865361;45713;
30.04.2025;08:53:25.028;BAEN.O.250430.STG.000001;STANDARD_OPTION_STRATEGY;BLOCK;CHF;8;8.30000000;400;EXCHANGE_LAST;;1;1;XEUR;72058276937746820;159;
30.04.2025;08:53:25.028;BAEN SI 20260320 PS AM P 52.00 0;SIMPLE_INSTRUMENT;BLOCK;CHF;8;5.13000000;400;PRC_DECOMP_EXCHANGE;;;;XEUR;12996737;159;EXCHANGE
30.04.2025;08:53:25.028;BAEN SI 20260320 PS AM C 60.00 0;SIMPLE_INSTRUMENT;BLOCK;CHF;8;3.17000000;400;PRC_DECOMP_EXCHANGE;;;;XEUR;12996728;159;EXCHANGE
30.04.2025;15:00:17.228;BAS SI 20250620 PS AM C 46.00 0;SIMPLE_INSTRUMENT;BLOCK;EUR;12;0.93000000;2000;EXCHANGE_LAST;;1;1;XEUR;9516113;150;
30.04.2025;15:41:07.115;BASG SI 20250620 CS;SIMPLE_INSTRUMENT;BLOCK;EUR;113;42.57000000;2300;EXCHANGE_LAST;;1;1;XEUR;11169531;171;
30.04.2025;10:04:45.965;BAY SI 20251219 PS AM P 23.00 0;SIMPLE_INSTRUMENT;BLOCK;EUR;2;2.82000000;3000;EXCHANGE_LAST;;1;1;XEUR;12224659;168;
30.04.2025;10:47:41.113;BAY SI 20250620 PS AM C 25.00 0;SIMPLE_INSTRUMENT;BLOCK;EUR;4;1.16000000;52500;EXCHANGE_LAST;;4;7;XEUR;11992382;168;
30.04.2025;11:56:35.137;BAY SI 20251219 PS AM C 32.00 0;SIMPLE_INSTRUMENT;BLOCK;EUR;9;0.95000000;11000;EXCHANGE_LAST;;5;2;XEUR;6068399;168;
30.04.2025;14:40:24.260;BAY SI 20250620 PS AM C 28.00 0;SIMPLE_INSTRUMENT;BLOCK;EUR;10;0.39000000;1500;EXCHANGE_LAST;;1;1;XEUR;8112566;168;
30.04.2025;15:36:37.304;BAY.O.250430.BU23.000038;STANDARD_OPTION_STRATEGY;BLOCK;EUR;13;-0.34000000;750;EXCHANGE_LAST;;1;1;XEUR;72058315592510099;168;
30.04.2025;15:36:37.304;BAY SI 20250620 PS AM C 25.00 0;SIMPLE_INSTRUMENT;BLOCK;EUR;13;0.95000000;1500;PRC_DECOMP_EXCHANGE;;;;XEUR;11992382;168;EXCHANGE
30.04.2025;15:36:37.304;BAY SI 20250620 PS AM C 27.00 0;SIMPLE_INSTRUMENT;BLOCK;EUR;13;0.52000000;2250;PRC_DECOMP_EXCHANGE;;;;XEUR;11992379;168;EXCHANGE
30.04.2025;11:22:23.314;BMW SI 20250718 PS AM P 70.00 0;SIMPLE_INSTRUMENT;BLOCK;EUR;14;3.60000000;1000;EXCHANGE_LAST;;1;1;XEUR;13237116;210;
30.04.2025;12:20:44.579;BMW SI 20250620 PS AM P 74.00 0;SIMPLE_INSTRUMENT;BLOCK;EUR;20;5.06000000;1305;EXCHANGE_LAST;;1;1;XEUR;12998486;210;
30.04.2025;14:23:59.659;BMW.O.250430.BER.000008;STANDARD_OPTION_STRATEGY;BLOCK;EUR;23;0.61000000;1305;EXCHANGE_LAST;;1;1;XEUR;72058495981110204;210;
30.04.2025;14:23:59.659;BMW SI 20250620 PS AM P 74.00 0;SIMPLE_INSTRUMENT;BLOCK;EUR;23;6.17000000;1305;PRC_DECOMP_MEMBER;;;;XEUR;12998486;210;MEMBER
30.04.2025;14:23:59.659;BMW SI 20250620 PS AM P 73.00 0;SIMPLE_INSTRUMENT;BLOCK;EUR;23;5.56000000;1305;PRC_DECOMP_MEMBER;;;;XEUR;12998480;210;MEMBER
30.04.2025;14:47:21.578;BMW.O.250430.BUL-P.000009;STANDARD_OPTION_STRATEGY;BLOCK;EUR;24;0.74000000;1500;EXCHANGE_LAST;;1;1;XEUR;72058495981110205;210;
30.04.2025;14:47:21.578;BMW SI 20250620 PS AM P 62.00 0;SIMPLE_INSTRUMENT;BLOCK;EUR;24;0.46000000;1500;PRC_DECOMP_MEMBER;;;;XEUR;13096958;210;MEMBER
30.04.2025;14:47:21.578;BMW SI 20250620 PS AM C 84.00 0;SIMPLE_INSTRUMENT;BLOCK;EUR;24;1.30000000;1500;PRC_DECOMP_MEMBER;;;;XEUR;7899911;210;MEMBER
30.04.2025;14:47:21.578;BMW SI 20250620 PS AM C 74.00 0;SIMPLE_INSTRUMENT;BLOCK;EUR;24;2.50000000;1500;PRC_DECOMP_MEMBER;;;;XEUR;12998483;210;MEMBER
30.04.2025;14:33:55.362;BMWF SI 20250620 CS;SIMPLE_INSTRUMENT;BLOCK;EUR;83;71.93000000;900;EXCHANGE_LAST;;2;1;XEUR;11170639;239;
30.04.2025;07:42:48.196;BNP SI 20260619 PS AM P 60.00 0;SIMPLE_INSTRUMENT;BLOCK;EUR;1;4.43000000;5500;EXCHANGE_LAST;;1;1;XEUR;9541702;237;
30.04.2025;08:22:14.508;BNP.O.250430.COMBO.000003;STANDARD_OPTION_STRATEGY;BLOCK;EUR;2;0.48000000;3000;EXCHANGE_LAST;;2;1;XEUR;72058611945200359;237;
30.04.2025;08:22:14.508;BNP SI 20251219 PS AM C 80.00 0;SIMPLE_INSTRUMENT;BLOCK;EUR;2;2.20000000;3000;PRC_DECOMP_EXCHANGE;;;;XEUR;6952041;237;EXCHANGE
30.04.2025;08:22:14.508;BNP SI 20251219 PS AM P 60.00 0;SIMPLE_INSTRUMENT;BLOCK;EUR;2;2.68000000;3000;PRC_DECOMP_EXCHANGE;;;;XEUR;5995681;237;EXCHANGE
30.04.2025;08:47:55.012;BNP SI 20250516 PS AM C 75.00 0;SIMPLE_INSTRUMENT;BLOCK;EUR;3;1.48000000;800;EXCHANGE_LAST;;1;1;XEUR;12815241;237;
30.04.2025;14:15:31.861;BNP.O.250430.COMBO.000008;STANDARD_OPTION_STRATEGY;BLOCK;EUR;22;5.55000000;1500;EXCHANGE_LAST;;1;1;XEUR;72058611945200364;237;
30.04.2025;14:15:31.861;BNP SI 20251219 PS AM C 82.00 0;SIMPLE_INSTRUMENT;BLOCK;EUR;22;1.48000000;1500;PRC_DECOMP_EXCHANGE;;;;XEUR;12761983;237;EXCHANGE
30.04.2025;14:15:31.861;BNP SI 20251219 PS AM P 70.00 0;SIMPLE_INSTRUMENT;BLOCK;EUR;22;7.03000000;1500;PRC_DECOMP_EXCHANGE;;;;XEUR;12372400;237;EXCHANGE
30.04.2025;14:21:43.033;BNP SI 20250718 PS AM P 62.00 0;SIMPLE_INSTRUMENT;BLOCK;EUR;23;1.29000000;1225;EXCHANGE_LAST;;1;1;XEUR;13237415;237;
30.04.2025;14:22:00.353;BNP SI 20250718 PS AM P 62.00 0;SIMPLE_INSTRUMENT;BLOCK;EUR;24;1.30000000;816;EXCHANGE_LAST;;1;1;XEUR;13237415;237;
30.04.2025;15:23:15.708;BNPH SI 20250620 CS;SIMPLE_INSTRUMENT;BLOCK;EUR;104;69.63000000;3300;EXCHANGE_LAST;;1;1;XEUR;11170600;236;
30.04.2025;14:46:27.488;BYGG SI 20250620 CS;SIMPLE_INSTRUMENT;BLOCK;EUR;88;36.97500000;800;EXCHANGE_LAST;;1;1;XEUR;11171272;281;
30.04.2025;15:01:42.869;BYGG SI 20250620 CS;SIMPLE_INSTRUMENT;BLOCK;EUR;95;36.99500000;4000;EXCHANGE_LAST;;1;1;XEUR;11171272;281;
30.04.2025;15:42:09.258;C4RI SI 20271217 CS;SIMPLE_INSTRUMENT;BLOCK;EUR;109;2.63000000;250;EXCHANGE_LAST;;1;2;XEUR;8408414;50862;
30.04.2025;12:39:14.636;CBK.O.250430.BER.000008;STANDARD_OPTION_STRATEGY;BLOCK;EUR;5;0.38000000;2000;EXCHANGE_LAST;;1;1;XEUR;72058745089204480;268;
30.04.2025;12:39:14.636;CBK SI 20261218 PS AM P 10.00 0;SIMPLE_INSTRUMENT;BLOCK;EUR;5;0.92000000;2000;PRC_DECOMP_MEMBER;;;;XEUR;7154955;268;MEMBER
30.04.2025;12:39:14.636;CBK SI 20261218 PS AM P 12.00 0;SIMPLE_INSTRUMENT;BLOCK;EUR;5;1.30000000;2000;PRC_DECOMP_MEMBER;;;;XEUR;7231778;268;MEMBER
30.04.2025;12:41:11.279;CBK.O.250430.BER.000010;STANDARD_OPTION_STRATEGY;BLOCK;EUR;6;0.85000000;7500;EXCHANGE_LAST;;1;1;XEUR;72058745089204482;268;
30.04.2025;12:41:11.279;CBK SI 20260619 PS AM P 16.00 0;SIMPLE_INSTRUMENT;BLOCK;EUR;6;1.55000000;7500;PRC_DECOMP_MEMBER;;;;XEUR;9542135;268;MEMBER
30.04.2025;12:41:11.279;CBK SI 20260619 PS AM P 12.00 0;SIMPLE_INSTRUMENT;BLOCK;EUR;6;0.70000000;7500;PRC_DECOMP_MEMBER;;;;XEUR;9542175;268;MEMBER
30.04.2025;13:59:47.161;CBK SI 20251219 PS AM P 12.00 0;SIMPLE_INSTRUMENT;BLOCK;EUR;9;0.30000000;11500;EXCHANGE_LAST;;1;2;XEUR;6472277;268;
30.04.2025;15:01:53.559;CBK SI 20251219 PS AM P 14.00 0;SIMPLE_INSTRUMENT;BLOCK;EUR;15;0.50000000;4000;EXCHANGE_LAST;;1;2;XEUR;7259085;268;
30.04.2025;15:01:26.727;CBK SI 20251219 PS AM P 13.00 0;SIMPLE_INSTRUMENT;BLOCK;EUR;16;0.37000000;4000;EXCHANGE_LAST;;2;1;XEUR;11262576;268;
30.04.2025;11:01:52.190;CFR.O.250430.STG.000004;STANDARD_OPTION_STRATEGY;BLOCK;CHF;21;28.40000000;300;EXCHANGE_LAST;;1;1;XEUR;72058938362728927;313;
30.04.2025;11:01:52.190;CFR SI 20260320 PS AM C 150.00 0;SIMPLE_INSTRUMENT;BLOCK;CHF;21;13.49000000;300;PRC_DECOMP_EXCHANGE;;;;XEUR;13000413;313;EXCHANGE
30.04.2025;11:01:52.190;CFR SI 20260320 PS AM P 140.00 0;SIMPLE_INSTRUMENT;BLOCK;CHF;21;14.91000000;300;PRC_DECOMP_EXCHANGE;;;;XEUR;13000408;313;EXCHANGE
30.04.2025;09:03:18.805;CLX SI 20250919 PS AM C 36.00 0;SIMPLE_INSTRUMENT;BLOCK;EUR;3;2.21000000;14000;EXCHANGE_LAST;;1;1;XEUR;9207076;626615;
30.04.2025;09:03:19.055;CLX SI 20250919 PS AM C 39.00 0;SIMPLE_INSTRUMENT;BLOCK;EUR;4;1.15000000;22400;EXCHANGE_LAST;;1;1;XEUR;11928663;626615;
30.04.2025;16:56:04.144;CR5J SI 20250515 CS;SIMPLE_INSTRUMENT;BLOCK;EUR;123;50.04920000;25000;EXCHANGE_LAST;;1;1;XEUR;11025870;50861;
30.04.2025;11:06:03.215;D2PW SI 20261218 CS;SIMPLE_INSTRUMENT;BLOCK;EUR;44;1.72000000;200;EXCHANGE_LAST;;1;1;XEUR;4632317;9702;
30.04.2025;10:03:25.068;D3AI SI 20261218 CS;SIMPLE_INSTRUMENT;BLOCK;EUR;25;2.55000000;100;EXCHANGE_LAST;;1;1;XEUR;7144051;443197;
30.04.2025;09:21:18.853;DAI.O.250430.STG.000003;STANDARD_OPTION_STRATEGY;BLOCK;EUR;4;8.13000000;1000;EXCHANGE_LAST;;1;1;XEUR;73961106363665367;443196;
30.04.2025;09:21:18.853;DAI SI 20260320 PS AM P 50.00 0;SIMPLE_INSTRUMENT;BLOCK;EUR;4;5.10000000;1000;PRC_DECOMP_MEMBER;;;;XEUR;13049845;443196;MEMBER
30.04.2025;09:21:18.853;DAI SI 20260320 PS AM C 56.00 0;SIMPLE_INSTRUMENT;BLOCK;EUR;4;3.03000000;1000;PRC_DECOMP_MEMBER;;;;XEUR;13049836;443196;MEMBER
30.04.2025;09:30:26.853;DAI.O.250430.BUL.000004;STANDARD_OPTION_STRATEGY;BLOCK;EUR;7;1.88000000;5000;EXCHANGE_LAST;;1;3;XEUR;73961106363665368;443196;
30.04.2025;09:30:26.853;DAI SI 20251219 PS AM C 68.00 0;SIMPLE_INSTRUMENT;BLOCK;EUR;7;0.46000000;5000;PRC_DECOMP_EXCHANGE;;;;XEUR;7144534;443196;EXCHANGE
30.04.2025;09:30:26.853;DAI SI 20251219 PS AM C 56.00 0;SIMPLE_INSTRUMENT;BLOCK;EUR;7;2.34000000;5000;PRC_DECOMP_EXCHANGE;;;;XEUR;7349883;443196;EXCHANGE
30.04.2025;11:21:39.338;DAI SI 20250516 PS AM C 54.00 0;SIMPLE_INSTRUMENT;BLOCK;EUR;16;0.41000000;1000;EXCHANGE_LAST;;1;1;XEUR;12852494;443196;
30.04.2025;11:58:03.394;DAI SI 20251219 PS AM P 52.00 0;SIMPLE_INSTRUMENT;BLOCK;EUR;18;5.40000000;750;EXCHANGE_LAST;;1;1;XEUR;7144530;443196;
30.04.2025;13:08:13.928;DAI.O.250430.STG.000008;STANDARD_OPTION_STRATEGY;BLOCK;EUR;22;5.21000000;750;EXCHANGE_LAST;;1;1;XEUR;73961106363665372;443196;
30.04.2025;13:08:13.928;DAI SI 20251219 PS AM C 54.00 0;SIMPLE_INSTRUMENT;BLOCK;EUR;22;2.73000000;750;PRC_DECOMP_EXCHANGE;;;;XEUR;7349885;443196;EXCHANGE
30.04.2025;13:08:13.928;DAI SI 20251219 PS AM P 44.00 0;SIMPLE_INSTRUMENT;BLOCK;EUR;22;2.48000000;750;PRC_DECOMP_EXCHANGE;;;;XEUR;7491310;443196;EXCHANGE
30.04.2025;12:52:25.664;DAIE.O.250430.BLT.000001;STANDARD_OPTION_STRATEGY;BLOCK;EUR;21;1.48000000;1000;EXCHANGE_LAST;;1;1;XEUR;73961132133454286;443202;
30.04.2025;12:52:25.664;DAIE SI 20250919 PS EU C 52.00 0;SIMPLE_INSTRUMENT;BLOCK;EUR;21;2.68000000;1000;PRC_DECOMP_MEMBER;;;;XEUR;11925677;443202;MEMBER
30.04.2025;12:52:25.664;DAIE SI 20250620 PS EU C 52.00 0;SIMPLE_INSTRUMENT;BLOCK;EUR;21;1.20000000;1000;PRC_DECOMP_MEMBER;;;;XEUR;7934611;443202;MEMBER
30.04.2025;09:23:52.564;DBK SI 20250919 PS AM P 22.00 0;SIMPLE_INSTRUMENT;BLOCK;EUR;2;1.71000000;2500;EXCHANGE_LAST;;1;1;XEUR;11877353;362;
30.04.2025;12:37:22.756;DHE SI 20250516 PS AM C 30.00 0;SIMPLE_INSTRUMENT;BLOCK;EUR;17;0.08000000;270;EXCHANGE_LAST;;1;1;XEUR;12841013;57135;
30.04.2025;12:37:14.867;DHE SI 20250516 PS AM C 30.00 0;SIMPLE_INSTRUMENT;BLOCK;EUR;18;0.09000000;480;EXCHANGE_LAST;;1;1;XEUR;12841013;57135;
30.04.2025;15:40:36.434;DHE SI 20260320 PS AM P 22.00 0;SIMPLE_INSTRUMENT;BLOCK;EUR;22;3.55000000;750;EXCHANGE_LAST;;1;1;XEUR;13035033;57135;
30.04.2025;09:36:17.112;DPW.O.250430.STD.000012;STANDARD_OPTION_STRATEGY;BLOCK;EUR;10;2.12000000;1250;EXCHANGE_LAST;;2;1;XEUR;72059505298416498;445;
30.04.2025;09:36:17.112;DPW SI 20250516 PS AM C 38.00 0;SIMPLE_INSTRUMENT;BLOCK;EUR;10;0.60000000;1250;PRC_DECOMP_EXCHANGE;;;;XEUR;12817745;445;EXCHANGE
30.04.2025;09:36:17.112;DPW SI 20250516 PS AM P 38.00 0;SIMPLE_INSTRUMENT;BLOCK;EUR;10;1.52000000;1250;PRC_DECOMP_EXCHANGE;;;;XEUR;12817742;445;EXCHANGE
30.04.2025;11:58:14.481;DPW SI 20250620 PS AM P 37.00 0;SIMPLE_INSTRUMENT;BLOCK;EUR;16;1.63000000;2000;EXCHANGE_LAST;;1;2;XEUR;12361759;445;
30.04.2025;09:17:48.688;DTE.O.250430.BUL.000005;STANDARD_OPTION_STRATEGY;BLOCK;EUR;6;2.30000000;3000;EXCHANGE_LAST;;2;1;XEUR;72059415104108457;424;
30.04.2025;09:17:48.688;DTE SI 20250919 PS AM C 30.00 0;SIMPLE_INSTRUMENT;BLOCK;EUR;6;2.92000000;3000;PRC_DECOMP_EXCHANGE;;;;XEUR;11878505;424;EXCHANGE
30.04.2025;09:17:48.688;DTE SI 20250919 PS AM C 36.00 0;SIMPLE_INSTRUMENT;BLOCK;EUR;6;0.62000000;3000;PRC_DECOMP_EXCHANGE;;;;XEUR;11878528;424;EXCHANGE
30.04.2025;10:57:36.580;DTE SI 20250718 PS AM P 29.00 0;SIMPLE_INSTRUMENT;BLOCK;EUR;11;0.40000000;2226;EXCHANGE_LAST;;1;1;XEUR;13240065;424;
30.04.2025;10:57:49.171;DTE SI 20250718 PS AM P 29.00 0;SIMPLE_INSTRUMENT;BLOCK;EUR;12;0.50000000;2510;EXCHANGE_LAST;;1;1;XEUR;13240065;424;
30.04.2025;08:19:01.646;E2NL SI 20271217 CS;SIMPLE_INSTRUMENT;BLOCK;EUR;4;0.45000000;1950;EXCHANGE_LAST;;1;1;XEUR;5914571;471;
30.04.2025;12:38:59.854;E2NL SI 20261218 CS;SIMPLE_INSTRUMENT;BLOCK;EUR;65;0.45700000;750;EXCHANGE_LAST;;1;1;XEUR;4632356;471;
30.04.2025;12:39:36.368;E2NL SI 20261218 CS;SIMPLE_INSTRUMENT;BLOCK;EUR;67;0.45800000;750;EXCHANGE_LAST;;1;1;XEUR;4632356;471;
30.04.2025;13:12:08.605;E2NL SI 20261218 CS;SIMPLE_INSTRUMENT;BLOCK;EUR;73;0.46000000;1000;EXCHANGE_LAST;;1;1;XEUR;4632356;471;
30.04.2025;08:13:41.578;E2NT SI 20261218 CS;SIMPLE_INSTRUMENT;BLOCK;EUR;3;0.97500000;750;EXCHANGE_LAST;;1;1;XEUR;4632357;470;
30.04.2025;12:35:19.826;E2NT SI 20261218 CS;SIMPLE_INSTRUMENT;BLOCK;EUR;63;0.97000000;400;EXCHANGE_LAST;;1;1;XEUR;4632357;470;
30.04.2025;11:16:10.343;EAD SI 20271217 PS AM P 120.00 0;SIMPLE_INSTRUMENT;BLOCK;EUR;14;12.70000000;500;EXCHANGE_LAST;;1;1;XEUR;13241215;465;
30.04.2025;11:42:19.738;EAD SI 20271217 PS AM P 120.00 0;SIMPLE_INSTRUMENT;BLOCK;EUR;16;12.70000000;250;EXCHANGE_LAST;;1;1;XEUR;13241215;465;
30.04.2025;13:24:35.885;EAD SI 20251219 PS AM P 163.77 1;SIMPLE_INSTRUMENT;BLOCK;EUR;17;24.08000000;500;EXCHANGE_LAST;;1;1;XEUR;12602582;465;
30.04.2025;13:58:58.988;EAD.O.250430.BER.000006;STANDARD_OPTION_STRATEGY;BLOCK;EUR;20;3.95000000;350;EXCHANGE_LAST;;1;1;XEUR;72059591197747995;465;
30.04.2025;13:58:58.988;EAD SI 20250620 PS AM P 140.00 0;SIMPLE_INSTRUMENT;BLOCK;EUR;20;5.09000000;350;PRC_DECOMP_EXCHANGE;;;;XEUR;13242227;465;EXCHANGE
30.04.2025;13:58:58.988;EAD SI 20250620 PS AM P 120.00 0;SIMPLE_INSTRUMENT;BLOCK;EUR;20;1.14000000;350;PRC_DECOMP_EXCHANGE;;;;XEUR;13242235;465;EXCHANGE
30.04.2025;11:28:30.012;ENL5 SI 20260319 PS AM C 8.00 0;SIMPLE_INSTRUMENT;BLOCK;EUR;15;0.30650000;1040;EXCHANGE_LAST;;1;1;XEUR;12988343;500;
30.04.2025;12:09:49.209;ENL5.O.250430.STD.000001;STANDARD_OPTION_STRATEGY;BLOCK;EUR;19;0.44500000;1500;EXCHANGE_LAST;;1;1;XEUR;72059741521586634;500;
30.04.2025;12:09:49.209;ENL5 SI 20250619 PS AM P 7.60 0;SIMPLE_INSTRUMENT;BLOCK;EUR;19;0.18750000;1500;PRC_DECOMP_EXCHANGE;;;;XEUR;11337930;500;EXCHANGE
30.04.2025;12:09:49.209;ENL5 SI 20250619 PS AM C 7.60 0;SIMPLE_INSTRUMENT;BLOCK;EUR;19;0.25750000;1500;PRC_DECOMP_EXCHANGE;;;;XEUR;11337929;500;EXCHANGE
30.04.2025;14:48:53.058;ENL5 SI 20250619 PS AM C 7.60 0;SIMPLE_INSTRUMENT;BLOCK;EUR;27;0.26000000;800;EXCHANGE_LAST;;1;1;XEUR;11337929;500;
30.04.2025;09:15:03.036;ENR SI 20250516 PS AM P 50.00 0;SIMPLE_INSTRUMENT;BLOCK;EUR;7;0.08000000;995;EXCHANGE_LAST;;1;1;XEUR;12847977;298530;
30.04.2025;13:10:53.629;ENR.O.250430.BUL.000016;STANDARD_OPTION_STRATEGY;BLOCK;EUR;19;1.70000000;4400;EXCHANGE_LAST;;1;1;XEUR;73339770624818829;298530;
30.04.2025;13:10:53.629;ENR SI 20250620 PS AM C 74.00 0;SIMPLE_INSTRUMENT;BLOCK;EUR;19;2.18000000;4400;PRC_DECOMP_EXCHANGE;;;;XEUR;13044608;298530;EXCHANGE
30.04.2025;13:10:53.629;ENR SI 20250620 PS AM C 86.00 0;SIMPLE_INSTRUMENT;BLOCK;EUR;19;0.48000000;4400;PRC_DECOMP_EXCHANGE;;;;XEUR;13335294;298530;EXCHANGE
30.04.2025;10:46:50.462;ENRF SI 20250620 CS;SIMPLE_INSTRUMENT;BLOCK;EUR;36;68.70000000;2350;EXCHANGE_LAST;;1;1;XEUR;11202226;298508;
30.04.2025;09:54:50.273;ENT5.O.250430.STD.000001;STANDARD_OPTION_STRATEGY;BLOCK;EUR;10;2.26000000;1250;EXCHANGE_LAST;;2;1;XEUR;72059728636684260;497;
30.04.2025;09:54:50.273;ENT5 SI 20260618 PS AM C 12.00 0;SIMPLE_INSTRUMENT;BLOCK;EUR;10;1.12700000;1250;PRC_DECOMP_EXCHANGE;;;;XEUR;9531345;497;EXCHANGE
30.04.2025;09:54:50.273;ENT5 SI 20260618 PS AM P 12.00 0;SIMPLE_INSTRUMENT;BLOCK;EUR;10;1.13300000;1250;PRC_DECOMP_EXCHANGE;;;;XEUR;9531346;497;EXCHANGE
30.04.2025;10:27:58.584;F3IA SI 20261218 CS;SIMPLE_INSTRUMENT;BLOCK;EUR;32;0.34000000;1500;EXCHANGE_LAST;;1;1;XEUR;6830373;390387;
30.04.2025;15:27:59.861;F3TE.S.DEC26.DEC27.SPD;FUTURES_SPREAD;BLOCK;EUR;108;0.04000000;500;EXCHANGE_LAST;;1;1;XEUR;73734259075973143;390379;
30.04.2025;15:27:59.861;F3TE SI 20271217 CS;SIMPLE_INSTRUMENT;BLOCK;EUR;108;0.69500000;500;PRC_DECOMP_MEMBER;;;;XEUR;6633916;390379;MEMBER
30.04.2025;15:27:59.861;F3TE SI 20261218 CS;SIMPLE_INSTRUMENT;BLOCK;EUR;108;0.73500000;500;PRC_DECOMP_MEMBER;;;;XEUR;6633899;390379;MEMBER
30.04.2025;15:42:50.049;F3TE SI 20261218 CS;SIMPLE_INSTRUMENT;BLOCK;EUR;115;0.73500000;1500;EXCHANGE_LAST;;2;1;XEUR;6633899;390379;
30.04.2025;08:35:31.339;FBTP SI 20250606 PS;SIMPLE_INSTRUMENT;EFP_FIN;EUR;1;120.33000000;297;EXCHANGE_LAST;;1;1;XEUR;11820365;636;
30.04.2025;08:43:06.796;FBTP SI 20250606 PS;SIMPLE_INSTRUMENT;EFP_FIN;EUR;2;120.34000000;435;EXCHANGE_LAST;;1;1;XEUR;11820365;636;
30.04.2025;09:07:56.056;FBTP SI 20250606 PS;SIMPLE_INSTRUMENT;EFP_FIN;EUR;3;120.32000000;1133;EXCHANGE_LAST;;1;1;XEUR;11820365;636;
30.04.2025;09:09:20.950;FBTP SI 20250606 PS;SIMPLE_INSTRUMENT;EFP_FIN;EUR;4;120.28000000;281;EXCHANGE_LAST;;1;1;XEUR;11820365;636;
30.04.2025;09:34:47.207;FBTP SI 20250606 PS;SIMPLE_INSTRUMENT;EFP_FIN;EUR;5;120.31000000;531;EXCHANGE_LAST;;1;1;XEUR;11820365;636;
30.04.2025;09:39:39.903;FBTP SI 20250606 PS;SIMPLE_INSTRUMENT;EFP_FIN;EUR;6;120.32000000;442;EXCHANGE_LAST;;1;1;XEUR;11820365;636;
30.04.2025;09:41:43.920;FBTP SI 20250606 PS;SIMPLE_INSTRUMENT;EFP_FIN;EUR;7;120.32000000;88;EXCHANGE_LAST;;1;1;XEUR;11820365;636;
30.04.2025;09:50:31.364;FBTP SI 20250606 PS;SIMPLE_INSTRUMENT;EFP_FIN;EUR;8;120.34000000;242;EXCHANGE_LAST;;1;1;XEUR;11820365;636;
30.04.2025;10:13:18.967;FBTP SI 20250606 PS;SIMPLE_INSTRUMENT;EFP_FIN;EUR;9;120.28000000;187;EXCHANGE_LAST;;1;1;XEUR;11820365;636;
30.04.2025;10:42:52.093;FBTP SI 20250606 PS;SIMPLE_INSTRUMENT;EFP_FIN;EUR;10;120.35000000;884;EXCHANGE_LAST;;1;1;XEUR;11820365;636;
30.04.2025;10:42:17.234;FBTP SI 20250606 PS;SIMPLE_INSTRUMENT;EFP_FIN;EUR;11;120.36000000;94;EXCHANGE_LAST;;1;1;XEUR;11820365;636;
30.04.2025;10:46:03.725;FBTP SI 20250606 PS;SIMPLE_INSTRUMENT;EFP_FIN;EUR;12;120.32000000;179;EXCHANGE_LAST;;1;1;XEUR;11820365;636;
30.04.2025;10:54:24.801;FBTP SI 20250606 PS;SIMPLE_INSTRUMENT;EFP_FIN;EUR;13;120.32000000;460;EXCHANGE_LAST;;1;1;XEUR;11820365;636;
30.04.2025;10:59:10.811;FBTP SI 20250606 PS;SIMPLE_INSTRUMENT;EFP_FIN;EUR;14;120.34000000;259;EXCHANGE_LAST;;1;1;XEUR;11820365;636;
30.04.2025;11:59:40.976;FBTP SI 20250606 PS;SIMPLE_INSTRUMENT;EFP_FIN;EUR;15;120.27000000;136;EXCHANGE_LAST;;1;1;XEUR;11820365;636;
30.04.2025;12:17:15.420;FBTP SI 20250606 PS;SIMPLE_INSTRUMENT;EFP_FIN;EUR;16;120.23000000;196;EXCHANGE_LAST;;1;1;XEUR;11820365;636;
30.04.2025;12:18:01.244;FBTP SI 20250606 PS;SIMPLE_INSTRUMENT;EFP_FIN;EUR;17;120.23000000;123;EXCHANGE_LAST;;1;1;XEUR;11820365;636;
30.04.2025;13:13:14.740;FBTP SI 20250606 PS;SIMPLE_INSTRUMENT;EFP_FIN;EUR;18;120.26000000;488;EXCHANGE_LAST;;1;1;XEUR;11820365;636;
30.04.2025;13:18:32.392;FBTP SI 20250606 PS;SIMPLE_INSTRUMENT;EFP_FIN;EUR;19;120.30000000;181;EXCHANGE_LAST;;1;1;XEUR;11820365;636;
30.04.2025;13:20:55.075;FBTP SI 20250606 PS;SIMPLE_INSTRUMENT;EFP_FIN;EUR;20;120.30000000;272;EXCHANGE_LAST;;1;1;XEUR;11820365;636;
30.04.2025;13:56:59.264;FBTP SI 20250606 PS;SIMPLE_INSTRUMENT;EFP_FIN;EUR;21;120.30000000;240;EXCHANGE_LAST;;1;1;XEUR;11820365;636;
30.04.2025;13:57:42.521;FBTP SI 20250606 PS;SIMPLE_INSTRUMENT;BLOCK;EUR;22;120.29000000;581;EXCHANGE_LAST;;1;1;XEUR;11820365;636;
30.04.2025;14:09:27.827;FBTP SI 20250606 PS;SIMPLE_INSTRUMENT;EFP_FIN;EUR;23;120.24000000;190;EXCHANGE_LAST;;1;1;XEUR;11820365;636;
30.04.2025;14:25:35.215;FBTP SI 20250606 PS;SIMPLE_INSTRUMENT;EFP_FIN;EUR;24;120.26000000;735;EXCHANGE_LAST;;1;1;XEUR;11820365;636;
30.04.2025;14:31:58.236;FBTP SI 20250606 PS;SIMPLE_INSTRUMENT;EFP_FIN;EUR;25;120.26000000;144;EXCHANGE_LAST;;1;1;XEUR;11820365;636;
30.04.2025;14:36:18.885;FBTP SI 20250606 PS;SIMPLE_INSTRUMENT;BLOCK;EUR;26;120.31000000;457;EXCHANGE_LAST;;1;1;XEUR;11820365;636;
30.04.2025;10:10:30.257;FBTS SI 20250606 PS;SIMPLE_INSTRUMENT;EFP_FIN;EUR;9;108.18000000;1904;EXCHANGE_LAST;;1;1;XEUR;11820367;639;
30.04.2025;10:12:10.795;FBTS SI 20250606 PS;SIMPLE_INSTRUMENT;BLOCK;EUR;10;108.18000000;5587;EXCHANGE_LAST;;1;1;XEUR;11820367;639;
30.04.2025;10:25:56.943;FBTS SI 20250606 PS;SIMPLE_INSTRUMENT;EFP_FIN;EUR;11;108.19000000;1046;EXCHANGE_LAST;;1;1;XEUR;11820367;639;
30.04.2025;11:06:01.042;FBTS SI 20250606 PS;SIMPLE_INSTRUMENT;EFP_FIN;EUR;13;108.19000000;1099;EXCHANGE_LAST;;1;1;XEUR;11820367;639;
30.04.2025;11:20:50.803;FBTS SI 20250606 PS;SIMPLE_INSTRUMENT;EFP_FIN;EUR;15;108.20000000;664;EXCHANGE_LAST;;1;1;XEUR;11820367;639;
30.04.2025;11:59:46.392;FBTS SI 20250606 PS;SIMPLE_INSTRUMENT;BLOCK;EUR;18;108.19000000;1046;EXCHANGE_LAST;;1;1;XEUR;11820367;639;
30.04.2025;12:09:41.453;FBTS SI 20250606 PS;SIMPLE_INSTRUMENT;EFP_FIN;EUR;19;108.18000000;476;EXCHANGE_LAST;;1;1;XEUR;11820367;639;
30.04.2025;12:09:56.213;FBTS SI 20250606 PS;SIMPLE_INSTRUMENT;EFP_FIN;EUR;20;108.18000000;476;EXCHANGE_LAST;;1;1;XEUR;11820367;639;
30.04.2025;12:11:52.713;FBTS SI 20250606 PS;SIMPLE_INSTRUMENT;BLOCK;EUR;21;108.18000000;476;EXCHANGE_LAST;;1;1;XEUR;11820367;639;
30.04.2025;12:14:02.619;FBTS SI 20250606 PS;SIMPLE_INSTRUMENT;BLOCK;EUR;22;108.18000000;476;EXCHANGE_LAST;;1;1;XEUR;11820367;639;
30.04.2025;13:56:27.111;FBTS SI 20250606 PS;SIMPLE_INSTRUMENT;BLOCK;EUR;25;108.20000000;308;EXCHANGE_LAST;;1;1;XEUR;11820367;639;
30.04.2025;14:32:14.131;FBTS SI 20250606 PS;SIMPLE_INSTRUMENT;EFP_FIN;EUR;28;108.22000000;571;EXCHANGE_LAST;;1;1;XEUR;11820367;639;
30.04.2025;14:35:25.779;FBTS SI 20250606 PS;SIMPLE_INSTRUMENT;EFP_FIN;EUR;29;108.21000000;616;EXCHANGE_LAST;;1;1;XEUR;11820367;639;
30.04.2025;14:35:50.285;FBTS SI 20250606 PS;SIMPLE_INSTRUMENT;EFP_FIN;EUR;30;108.22000000;355;EXCHANGE_LAST;;1;1;XEUR;11820367;639;
30.04.2025;14:35:58.175;FBTS SI 20250606 PS;SIMPLE_INSTRUMENT;EFP_FIN;EUR;31;108.20000000;476;EXCHANGE_LAST;;1;1;XEUR;11820367;639;
30.04.2025;14:40:31.783;FBTS SI 20250606 PS;SIMPLE_INSTRUMENT;EFP_FIN;EUR;32;108.21000000;819;EXCHANGE_LAST;;1;1;XEUR;11820367;639;
30.04.2025;14:48:10.060;FBTS SI 20250606 PS;SIMPLE_INSTRUMENT;EFP_FIN;EUR;33;108.21000000;381;EXCHANGE_LAST;;1;1;XEUR;11820367;639;
30.04.2025;15:02:38.155;FBTS SI 20250606 PS;SIMPLE_INSTRUMENT;EFP_FIN;EUR;37;108.22000000;238;EXCHANGE_LAST;;1;1;XEUR;11820367;639;
30.04.2025;14:42:56.554;FCEU SI 20250616 PS;SIMPLE_INSTRUMENT;BLOCK;USD;1;1.13930000;70;EXCHANGE_LAST;;1;1;XEUR;7879022;369376;
30.04.2025;09:56:51.709;FD3D SI 20251219 CS;SIMPLE_INSTRUMENT;BLOCK;EUR;21;114.20000000;400;EXCHANGE_LAST;;1;1;XEUR;5914068;588;
30.04.2025;10:25:08.618;FD3D SI 20251219 CS;SIMPLE_INSTRUMENT;BLOCK;EUR;32;114.70000000;500;EXCHANGE_LAST;;1;1;XEUR;5914068;588;
30.04.2025;15:43:43.756;FDAX SI 20250620 CS;SIMPLE_INSTRUMENT;EFP_IDX;EUR;1;22638.00000000;2;EXCHANGE_LAST;;1;1;XEUR;7903800;589;
30.04.2025;15:43:20.708;FDAX SI 20250620 CS;SIMPLE_INSTRUMENT;EFP_IDX;EUR;2;22639.00000000;83;EXCHANGE_LAST;;1;1;XEUR;7903800;589;
30.04.2025;08:47:10.101;FDAX SI 20250620 CS;SIMPLE_INSTRUMENT;VOLA;EUR;671088652;22670.00000000;46;EXCHANGE_LAST;;1;1;XEUR;7903800;589;
30.04.2025;13:05:14.793;FDAX SI 20250620 CS;SIMPLE_INSTRUMENT;VOLA;EUR;671088665;22501.00000000;12;EXCHANGE_LAST;;1;1;XEUR;7903800;589;
30.04.2025;13:19:09.550;FDAX SI 20250620 CS;SIMPLE_INSTRUMENT;VOLA;EUR;671088670;22500.00000000;45;EXCHANGE_LAST;;1;1;XEUR;7903800;589;
30.04.2025;13:20:11.521;FDAX SI 20250620 CS;SIMPLE_INSTRUMENT;VOLA;EUR;671088671;22500.00000000;3;EXCHANGE_LAST;;1;1;XEUR;7903800;589;
30.04.2025;14:55:16.923;FDAX SI 20250620 CS;SIMPLE_INSTRUMENT;VOLA;EUR;671088676;22500.00000000;8;EXCHANGE_LAST;;1;1;XEUR;7903800;589;
30.04.2025;07:58:34.037;FEBD SI 20261218 CS;SIMPLE_INSTRUMENT;BLOCK;EUR;3;10.35000000;1000;EXCHANGE_LAST;;2;2;XEUR;7158212;597;
30.04.2025;10:25:38.525;FEBD SI 20261218 CS;SIMPLE_INSTRUMENT;BLOCK;EUR;30;10.33000000;125;EXCHANGE_LAST;;1;1;XEUR;7158212;597;
30.04.2025;10:25:54.759;FEBD SI 20261218 CS;SIMPLE_INSTRUMENT;BLOCK;EUR;31;10.34000000;125;EXCHANGE_LAST;;1;1;XEUR;7158212;597;
30.04.2025;10:28:47.726;FEBD SI 20261218 CS;SIMPLE_INSTRUMENT;BLOCK;EUR;33;10.32000000;300;EXCHANGE_LAST;;1;1;XEUR;7158212;597;
30.04.2025;10:46:50.912;FEBD SI 20261218 CS;SIMPLE_INSTRUMENT;BLOCK;EUR;35;10.31000000;500;EXCHANGE_LAST;;1;1;XEUR;7158212;597;
30.04.2025;11:08:48.728;FEBD SI 20251219 CS;SIMPLE_INSTRUMENT;BLOCK;EUR;39;11.22000000;200;EXCHANGE_LAST;;2;1;XEUR;5914075;597;
30.04.2025;11:13:09.616;FEBD SI 20251219 CS;SIMPLE_INSTRUMENT;BLOCK;EUR;43;11.25000000;200;EXCHANGE_LAST;;1;1;XEUR;5914075;597;
30.04.2025;12:58:11.004;FEBD.S.DEC26.DEC27.SPD;FUTURES_SPREAD;BLOCK;EUR;46;0.88000000;500;EXCHANGE_LAST;;1;1;XEUR;72060158133407032;597;
30.04.2025;12:58:11.004;FEBD SI 20271217 CS;SIMPLE_INSTRUMENT;BLOCK;EUR;46;9.38000000;500;PRC_DECOMP_EXCHANGE;;;;XEUR;7776307;597;EXCHANGE
30.04.2025;12:58:11.004;FEBD SI 20261218 CS;SIMPLE_INSTRUMENT;BLOCK;EUR;46;10.26000000;500;PRC_DECOMP_EXCHANGE;;;;XEUR;7158212;597;EXCHANGE
30.04.2025;15:14:10.516;FEBD SI 20271217 CS;SIMPLE_INSTRUMENT;BLOCK;EUR;61;9.49000000;400;EXCHANGE_LAST;;1;1;XEUR;7776307;597;
30.04.2025;15:14:32.752;FEBD SI 20261218 CS;SIMPLE_INSTRUMENT;BLOCK;EUR;62;10.33000000;400;EXCHANGE_LAST;;1;1;XEUR;7158212;597;
30.04.2025;15:17:26.628;FEBD SI 20261218 CS;SIMPLE_INSTRUMENT;BLOCK;EUR;63;10.34000000;250;EXCHANGE_LAST;;1;1;XEUR;7158212;597;
30.04.2025;07:43:27.624;FECX SI 20250620 CS;SIMPLE_INSTRUMENT;BLOCK;EUR;1;166.98000000;58;EXCHANGE_LAST;;1;1;XEUR;11949125;410158;
30.04.2025;09:45:47.239;FECX SI 20250620 CS;SIMPLE_INSTRUMENT;BLOCK;EUR;19;166.94000000;250;EXCHANGE_LAST;;1;1;XEUR;11949125;410158;
30.04.2025;12:59:06.912;FECX SI 20250620 CS;SIMPLE_INSTRUMENT;BLOCK;EUR;47;166.81000000;400;EXCHANGE_LAST;;1;1;XEUR;11949125;410158;
30.04.2025;13:16:54.865;FECX SI 20250620 CS;SIMPLE_INSTRUMENT;BLOCK;EUR;50;166.77000000;150;EXCHANGE_LAST;;1;1;XEUR;11949125;410158;
30.04.2025;15:32:53.959;FEHY SI 20250620 CS;SIMPLE_INSTRUMENT;BLOCK;EUR;65;296.78000000;100;EXCHANGE_LAST;;1;1;XEUR;11949378;574047;
30.04.2025;15:54:41.953;FEHY SI 20250620 CS;SIMPLE_INSTRUMENT;BLOCK;EUR;72;296.44000000;100;EXCHANGE_LAST;;1;1;XEUR;11949378;574047;
30.04.2025;15:22:21.993;FES1 SI 20250620 PS;SIMPLE_INSTRUMENT;BLOCK;EUR;64;-50.10000000;200;EXCHANGE_LAST;;1;1;XEUR;11910814;58959;
30.04.2025;15:52:50.755;FESB SI 20250620 CS;SIMPLE_INSTRUMENT;EFP_IDX;EUR;39;182.00000000;130;EXCHANGE_LAST;;1;1;XEUR;11880665;605;
30.04.2025;08:35:30.188;FESB SI 20250620 CS;SIMPLE_INSTRUMENT;VOLA;EUR;603979786;183.50000000;1560;EXCHANGE_LAST;;1;1;XEUR;11880665;605;
30.04.2025;09:08:27.407;FESB SI 20250620 CS;SIMPLE_INSTRUMENT;VOLA;EUR;603979789;182.30000000;600;EXCHANGE_LAST;;1;1;XEUR;11880665;605;
30.04.2025;10:53:32.659;FESB SI 20250620 CS;SIMPLE_INSTRUMENT;VOLA;EUR;603979824;181.75000000;600;EXCHANGE_LAST;;1;1;XEUR;11880665;605;
30.04.2025;10:38:21.128;FESX SI 20250620 CS;SIMPLE_INSTRUMENT;EFP_IDX;EUR;1;5125.00000000;1000;EXCHANGE_LAST;;1;1;XEUR;7904020;675;
30.04.2025;11:16:39.264;FESX SI 20250620 CS;SIMPLE_INSTRUMENT;BLOCK;EUR;2;5125.00000000;2000;EXCHANGE_LAST;;1;1;XEUR;7904020;675;
30.04.2025;11:18:31.325;FESX SI 20250620 CS;SIMPLE_INSTRUMENT;EFP_IDX;EUR;3;5125.00000000;1480;EXCHANGE_LAST;;1;1;XEUR;7904020;675;
30.04.2025;14:38:42.831;FESX SI 20250620 CS;SIMPLE_INSTRUMENT;BLOCK;EUR;4;5085.00000000;2000;EXCHANGE_LAST;;1;1;XEUR;7904020;675;
30.04.2025;15:05:31.448;FESX SI 20250620 CS;SIMPLE_INSTRUMENT;EFP_IDX;EUR;5;5080.00000000;1000;EXCHANGE_LAST;;1;1;XEUR;7904020;675;
30.04.2025;15:10:28.611;FESX SI 20250620 CS;SIMPLE_INSTRUMENT;BLOCK;EUR;6;5080.00000000;2040;EXCHANGE_LAST;;1;1;XEUR;7904020;675;
30.04.2025;15:26:29.060;FESX SI 20250620 CS;SIMPLE_INSTRUMENT;EFP_IDX;EUR;7;5080.00000000;1000;EXCHANGE_LAST;;1;1;XEUR;7904020;675;
30.04.2025;15:22:48.435;FESX SI 20250620 CS;SIMPLE_INSTRUMENT;BLOCK;EUR;8;5080.00000000;2000;EXCHANGE_LAST;;1;1;XEUR;7904020;675;
30.04.2025;15:42:34.050;FESX SI 20250620 CS;SIMPLE_INSTRUMENT;EFP_IDX;EUR;9;5110.00000000;212;EXCHANGE_LAST;;1;1;XEUR;7904020;675;
30.04.2025;15:42:24.555;FESX SI 20250620 CS;SIMPLE_INSTRUMENT;EFP_IDX;EUR;10;5111.00000000;188;EXCHANGE_LAST;;1;1;XEUR;7904020;675;
30.04.2025;15:52:14.254;FESX SI 20250620 CS;SIMPLE_INSTRUMENT;EFP_IDX;EUR;11;5110.00000000;98;EXCHANGE_LAST;;1;1;XEUR;7904020;675;
30.04.2025;15:52:19.090;FESX SI 20250620 CS;SIMPLE_INSTRUMENT;EFP_IDX;EUR;12;5111.00000000;252;EXCHANGE_LAST;;1;1;XEUR;7904020;675;
30.04.2025;15:55:18.970;FESX SI 20250620 CS;SIMPLE_INSTRUMENT;EFP_IDX;EUR;13;5110.00000000;209;EXCHANGE_LAST;;1;1;XEUR;7904020;675;
30.04.2025;15:44:44.205;FESX SI 20250620 CS;SIMPLE_INSTRUMENT;EFP_IDX;EUR;14;5110.00000000;10;EXCHANGE_LAST;;1;1;XEUR;7904020;675;
30.04.2025;15:55:31.416;FESX SI 20250620 CS;SIMPLE_INSTRUMENT;EFP_IDX;EUR;15;5111.00000000;186;EXCHANGE_LAST;;1;1;XEUR;7904020;675;
30.04.2025;15:44:51.631;FESX SI 20250620 CS;SIMPLE_INSTRUMENT;EFP_IDX;EUR;16;5111.00000000;330;EXCHANGE_LAST;;1;1;XEUR;7904020;675;
30.04.2025;15:58:10.507;FESX SI 20250620 CS;SIMPLE_INSTRUMENT;EFP_IDX;EUR;17;5110.00000000;15;EXCHANGE_LAST;;1;1;XEUR;7904020;675;
30.04.2025;15:58:29.324;FESX SI 20250620 CS;SIMPLE_INSTRUMENT;EFP_IDX;EUR;18;5111.00000000;485;EXCHANGE_LAST;;1;1;XEUR;7904020;675;
30.04.2025;15:50:39.649;FESX SI 20250620 CS;SIMPLE_INSTRUMENT;EFP_IDX;EUR;19;5109.00000000;45;EXCHANGE_LAST;;1;1;XEUR;7904020;675;
30.04.2025;15:52:59.010;FESX SI 20250620 CS;SIMPLE_INSTRUMENT;EFP_IDX;EUR;20;5111.00000000;905;EXCHANGE_LAST;;1;1;XEUR;7904020;675;
30.04.2025;15:50:53.261;FESX SI 20250620 CS;SIMPLE_INSTRUMENT;EFP_IDX;EUR;21;5110.00000000;1455;EXCHANGE_LAST;;1;1;XEUR;7904020;675;
30.04.2025;15:53:05.424;FESX SI 20250620 CS;SIMPLE_INSTRUMENT;EFP_IDX;EUR;22;5112.00000000;95;EXCHANGE_LAST;;1;1;XEUR;7904020;675;
30.04.2025;15:49:17.856;FESX SI 20250620 CS;SIMPLE_INSTRUMENT;BLOCK;EUR;23;5111.00000000;7240;EXCHANGE_LAST;;1;1;XEUR;7904020;675;
30.04.2025;15:47:05.985;FESX SI 20250620 CS;SIMPLE_INSTRUMENT;EFP_IDX;EUR;24;5109.00000000;9;EXCHANGE_LAST;;1;1;XEUR;7904020;675;
30.04.2025;15:47:14.654;FESX SI 20250620 CS;SIMPLE_INSTRUMENT;EFP_IDX;EUR;25;5110.00000000;291;EXCHANGE_LAST;;1;1;XEUR;7904020;675;
30.04.2025;15:48:50.543;FESX SI 20250620 CS;SIMPLE_INSTRUMENT;EFP_IDX;EUR;26;5112.00000000;95;EXCHANGE_LAST;;1;1;XEUR;7904020;675;
30.04.2025;15:49:25.807;FESX SI 20250620 CS;SIMPLE_INSTRUMENT;EFP_IDX;EUR;27;5112.00000000;760;EXCHANGE_LAST;;1;1;XEUR;7904020;675;
30.04.2025;15:48:57.936;FESX SI 20250620 CS;SIMPLE_INSTRUMENT;EFP_IDX;EUR;28;5111.00000000;905;EXCHANGE_LAST;;1;1;XEUR;7904020;675;
30.04.2025;15:48:14.612;FESX SI 20250620 CS;SIMPLE_INSTRUMENT;EFP_IDX;EUR;29;5111.00000000;995;EXCHANGE_LAST;;1;1;XEUR;7904020;675;
30.04.2025;15:48:27.933;FESX SI 20250620 CS;SIMPLE_INSTRUMENT;EFP_IDX;EUR;30;5112.00000000;105;EXCHANGE_LAST;;1;1;XEUR;7904020;675;
30.04.2025;15:54:16.618;FESX SI 20250620 CS;SIMPLE_INSTRUMENT;EFP_IDX;EUR;31;5111.00000000;905;EXCHANGE_LAST;;1;1;XEUR;7904020;675;
30.04.2025;15:54:24.538;FESX SI 20250620 CS;SIMPLE_INSTRUMENT;EFP_IDX;EUR;32;5112.00000000;95;EXCHANGE_LAST;;1;1;XEUR;7904020;675;
30.04.2025;15:58:38.970;FESX SI 20250620 CS;SIMPLE_INSTRUMENT;EFP_IDX;EUR;33;5110.00000000;140;EXCHANGE_LAST;;1;1;XEUR;7904020;675;
30.04.2025;15:58:49.648;FESX SI 20250620 CS;SIMPLE_INSTRUMENT;EFP_IDX;EUR;34;5111.00000000;360;EXCHANGE_LAST;;1;1;XEUR;7904020;675;
30.04.2025;15:56:17.910;FESX SI 20250620 CS;SIMPLE_INSTRUMENT;EFP_IDX;EUR;35;5110.00000000;280;EXCHANGE_LAST;;1;1;XEUR;7904020;675;
30.04.2025;15:52:01.456;FESX SI 20250620 CS;SIMPLE_INSTRUMENT;BLOCK;EUR;36;5111.00000000;2362;EXCHANGE_LAST;;1;1;XEUR;7904020;675;
30.04.2025;15:56:31.510;FESX SI 20250620 CS;SIMPLE_INSTRUMENT;EFP_IDX;EUR;37;5111.00000000;720;EXCHANGE_LAST;;1;1;XEUR;7904020;675;
30.04.2025;15:51:50.455;FESX SI 20250620 CS;SIMPLE_INSTRUMENT;BLOCK;EUR;38;5112.00000000;6074;EXCHANGE_LAST;;1;1;XEUR;7904020;675;
30.04.2025;15:53:02.036;FESX SI 20250620 CS;SIMPLE_INSTRUMENT;EFP_IDX;EUR;39;5111.00000000;452;EXCHANGE_LAST;;1;1;XEUR;7904020;675;
30.04.2025;15:52:32.667;FESX SI 20250620 CS;SIMPLE_INSTRUMENT;EFP_IDX;EUR;40;5110.00000000;280;EXCHANGE_LAST;;1;1;XEUR;7904020;675;
30.04.2025;15:53:11.894;FESX SI 20250620 CS;SIMPLE_INSTRUMENT;EFP_IDX;EUR;41;5111.00000000;720;EXCHANGE_LAST;;1;1;XEUR;7904020;675;
30.04.2025;15:54:35.577;FESX SI 20250620 CS;SIMPLE_INSTRUMENT;EFP_IDX;EUR;42;5112.00000000;48;EXCHANGE_LAST;;1;1;XEUR;7904020;675;
30.04.2025;15:56:18.602;FESX SI 20250620 CS;SIMPLE_INSTRUMENT;EFP_IDX;EUR;43;5111.00000000;110;EXCHANGE_LAST;;1;1;XEUR;7904020;675;
30.04.2025;15:56:04.786;FESX SI 20250620 CS;SIMPLE_INSTRUMENT;EFP_IDX;EUR;44;5110.00000000;390;EXCHANGE_LAST;;1;1;XEUR;7904020;675;
30.04.2025;15:57:14.592;FESX SI 20250620 CS;SIMPLE_INSTRUMENT;EFP_IDX;EUR;45;5111.00000000;676;EXCHANGE_LAST;;1;1;XEUR;7904020;675;
30.04.2025;15:57:21.574;FESX SI 20250620 CS;SIMPLE_INSTRUMENT;EFP_IDX;EUR;46;5111.00000000;423;EXCHANGE_LAST;;1;1;XEUR;7904020;675;
30.04.2025;15:57:28.433;FESX SI 20250620 CS;SIMPLE_INSTRUMENT;EFP_IDX;EUR;47;5110.00000000;124;EXCHANGE_LAST;;1;1;XEUR;7904020;675;
30.04.2025;15:57:35.223;FESX SI 20250620 CS;SIMPLE_INSTRUMENT;EFP_IDX;EUR;48;5110.00000000;77;EXCHANGE_LAST;;1;1;XEUR;7904020;675;
30.04.2025;15:58:10.477;FESX SI 20250620 CS;SIMPLE_INSTRUMENT;EFP_IDX;EUR;49;5112.00000000;536;EXCHANGE_LAST;;1;1;XEUR;7904020;675;
30.04.2025;16:01:13.842;FESX SI 20250620 CS;SIMPLE_INSTRUMENT;EFP_IDX;EUR;50;5110.00000000;679;EXCHANGE_LAST;;1;1;XEUR;7904020;675;
30.04.2025;16:04:36.161;FESX SI 20250620 CS;SIMPLE_INSTRUMENT;EFP_IDX;EUR;51;5109.00000000;21;EXCHANGE_LAST;;1;1;XEUR;7904020;675;
30.04.2025;16:04:07.977;FESX SI 20250620 CS;SIMPLE_INSTRUMENT;EFP_IDX;EUR;52;5110.00000000;776;EXCHANGE_LAST;;1;1;XEUR;7904020;675;
30.04.2025;16:04:22.696;FESX SI 20250620 CS;SIMPLE_INSTRUMENT;EFP_IDX;EUR;53;5109.00000000;24;EXCHANGE_LAST;;1;1;XEUR;7904020;675;
30.04.2025;15:59:14.481;FESX SI 20250620 CS;SIMPLE_INSTRUMENT;EFP_IDX;EUR;54;5111.00000000;3931;EXCHANGE_LAST;;1;1;XEUR;7904020;675;
30.04.2025;16:00:23.560;FESX SI 20250620 CS;SIMPLE_INSTRUMENT;EFP_IDX;EUR;55;5111.00000000;845;EXCHANGE_LAST;;1;1;XEUR;7904020;675;
30.04.2025;16:00:44.712;FESX SI 20250620 CS;SIMPLE_INSTRUMENT;EFP_IDX;EUR;56;5110.00000000;155;EXCHANGE_LAST;;1;1;XEUR;7904020;675;
30.04.2025;16:07:38.962;FESX SI 20250620 CS;SIMPLE_INSTRUMENT;BLOCK;EUR;57;5105.00000000;3000;EXCHANGE_LAST;;1;1;XEUR;7904020;675;
30.04.2025;16:09:41.901;FESX SI 20250620 CS;SIMPLE_INSTRUMENT;BLOCK;EUR;58;5105.00000000;2000;EXCHANGE_LAST;;1;1;XEUR;7904020;675;
30.04.2025;16:16:06.282;FESX SI 20250620 CS;SIMPLE_INSTRUMENT;BLOCK;EUR;59;5110.00000000;15000;EXCHANGE_LAST;;1;1;XEUR;7904020;675;
30.04.2025;08:50:10.531;FESX SI 20250620 CS;SIMPLE_INSTRUMENT;VOLA;EUR;637534233;5114.00000000;176;EXCHANGE_LAST;;1;1;XEUR;7904020;675;
30.04.2025;08:54:01.034;FESX SI 20250620 CS;SIMPLE_INSTRUMENT;VOLA;EUR;637534237;5116.00000000;600;EXCHANGE_LAST;;1;1;XEUR;7904020;675;
30.04.2025;08:54:33.158;FESX SI 20250620 CS;SIMPLE_INSTRUMENT;VOLA;EUR;637534238;5116.00000000;458;EXCHANGE_LAST;;1;1;XEUR;7904020;675;
30.04.2025;08:55:22.933;FESX SI 20250620 CS;SIMPLE_INSTRUMENT;VOLA;EUR;637534240;5116.00000000;458;EXCHANGE_LAST;;1;1;XEUR;7904020;675;
30.04.2025;09:41:24.919;FESX SI 20250620 CS;SIMPLE_INSTRUMENT;VOLA;EUR;637534260;5120.00000000;290;EXCHANGE_LAST;;1;1;XEUR;7904020;675;
30.04.2025;10:16:15.585;FESX SI 20250620 CS;SIMPLE_INSTRUMENT;VOLA;EUR;637534272;5120.00000000;686;EXCHANGE_LAST;;1;1;XEUR;7904020;675;
30.04.2025;10:45:05.393;FESX SI 20250620 CS;SIMPLE_INSTRUMENT;VOLA;EUR;637534282;5120.00000000;574;EXCHANGE_LAST;;1;1;XEUR;7904020;675;
30.04.2025;12:08:39.766;FESX SI 20250620 CS;SIMPLE_INSTRUMENT;VOLA;EUR;637534304;5124.00000000;20;EXCHANGE_LAST;;1;1;XEUR;7904020;675;
30.04.2025;14:57:02.949;FESX SI 20250620 CS;SIMPLE_INSTRUMENT;VOLA;EUR;637534360;5086.00000000;185;EXCHANGE_LAST;;1;1;XEUR;7904020;675;
30.04.2025;14:59:39.452;FESX SI 20250620 CS;SIMPLE_INSTRUMENT;VOLA;EUR;637534361;5074.00000000;240;EXCHANGE_LAST;;1;1;XEUR;7904020;675;
30.04.2025;15:06:38.017;FESX SI 20250620 CS;SIMPLE_INSTRUMENT;VOLA;EUR;637534366;5085.00000000;135;EXCHANGE_LAST;;1;1;XEUR;7904020;675;
30.04.2025;15:18:39.108;FESX SI 20250620 CS;SIMPLE_INSTRUMENT;VOLA;EUR;637534373;5087.00000000;350;EXCHANGE_LAST;;1;1;XEUR;7904020;675;
30.04.2025;15:18:48.061;FESX SI 20250620 CS;SIMPLE_INSTRUMENT;VOLA;EUR;637534374;5087.00000000;350;EXCHANGE_LAST;;1;1;XEUR;7904020;675;
30.04.2025;15:28:24.417;FESX SI 20250620 CS;SIMPLE_INSTRUMENT;VOLA;EUR;637534375;5079.00000000;50;EXCHANGE_LAST;;1;1;XEUR;7904020;675;
30.04.2025;08:32:12.590;FEXD.S.DEC26.DEC28.SPD;FUTURES_SPREAD;BLOCK;EUR;6;9.70000000;300;EXCHANGE_LAST;;1;1;XEUR;72060570450264161;693;
30.04.2025;08:32:12.590;FEXD SI 20281215 CS;SIMPLE_INSTRUMENT;BLOCK;EUR;6;142.50000000;300;PRC_DECOMP_MEMBER;;;;XEUR;3680985;693;MEMBER
30.04.2025;08:32:12.590;FEXD SI 20261218 CS;SIMPLE_INSTRUMENT;BLOCK;EUR;6;152.20000000;300;PRC_DECOMP_MEMBER;;;;XEUR;2163053;693;MEMBER
30.04.2025;08:32:46.768;FEXD.S.DEC26.DEC28.SPD;FUTURES_SPREAD;BLOCK;EUR;7;9.60000000;300;EXCHANGE_LAST;;1;1;XEUR;72060570450264161;693;
30.04.2025;08:32:46.768;FEXD SI 20281215 CS;SIMPLE_INSTRUMENT;BLOCK;EUR;7;142.60000000;300;PRC_DECOMP_MEMBER;;;;XEUR;3680985;693;MEMBER
30.04.2025;08:32:46.768;FEXD SI 20261218 CS;SIMPLE_INSTRUMENT;BLOCK;EUR;7;152.20000000;300;PRC_DECOMP_MEMBER;;;;XEUR;2163053;693;MEMBER
30.04.2025;08:52:40.688;FEXD.S.DEC26.DEC28.SPD;FUTURES_SPREAD;BLOCK;EUR;9;9.60000000;450;EXCHANGE_LAST;;1;1;XEUR;72060570450264161;693;
30.04.2025;08:52:40.688;FEXD SI 20281215 CS;SIMPLE_INSTRUMENT;BLOCK;EUR;9;142.60000000;450;PRC_DECOMP_MEMBER;;;;XEUR;3680985;693;MEMBER
30.04.2025;08:52:40.688;FEXD SI 20261218 CS;SIMPLE_INSTRUMENT;BLOCK;EUR;9;152.20000000;450;PRC_DECOMP_MEMBER;;;;XEUR;2163053;693;MEMBER
30.04.2025;08:53:52.982;FEXD.S.DEC26.DEC28.SPD;FUTURES_SPREAD;BLOCK;EUR;10;9.70000000;450;EXCHANGE_LAST;;1;1;XEUR;72060570450264161;693;
30.04.2025;08:53:52.982;FEXD SI 20281215 CS;SIMPLE_INSTRUMENT;BLOCK;EUR;10;142.50000000;450;PRC_DECOMP_MEMBER;;;;XEUR;3680985;693;MEMBER
30.04.2025;08:53:52.982;FEXD SI 20261218 CS;SIMPLE_INSTRUMENT;BLOCK;EUR;10;152.20000000;450;PRC_DECOMP_MEMBER;;;;XEUR;2163053;693;MEMBER
30.04.2025;08:52:23.103;FEXD SI 20261218 CS;SIMPLE_INSTRUMENT;BLOCK;EUR;11;152.00000000;100;EXCHANGE_LAST;;1;1;XEUR;2163053;693;
30.04.2025;10:21:03.407;FEXD SI 20261218 CS;SIMPLE_INSTRUMENT;BLOCK;EUR;29;152.10000000;350;EXCHANGE_LAST;;1;1;XEUR;2163053;693;
30.04.2025;10:56:38.626;FEXD SI 20281215 CS;SIMPLE_INSTRUMENT;BLOCK;EUR;38;142.20000000;1000;EXCHANGE_LAST;;1;1;XEUR;3680985;693;
30.04.2025;11:08:25.788;FEXD SI 20261218 CS;SIMPLE_INSTRUMENT;BLOCK;EUR;41;152.10000000;150;EXCHANGE_LAST;;1;1;XEUR;2163053;693;
30.04.2025;11:35:28.207;FEXD.S.DEC26.DEC28.SPD;FUTURES_SPREAD;BLOCK;EUR;44;9.70000000;119;EXCHANGE_LAST;;1;1;XEUR;72060570450264161;693;
30.04.2025;11:35:28.207;FEXD SI 20281215 CS;SIMPLE_INSTRUMENT;BLOCK;EUR;44;142.30000000;119;PRC_DECOMP_MEMBER;;;;XEUR;3680985;693;MEMBER
30.04.2025;11:35:28.207;FEXD SI 20261218 CS;SIMPLE_INSTRUMENT;BLOCK;EUR;44;152.00000000;119;PRC_DECOMP_MEMBER;;;;XEUR;2163053;693;MEMBER
30.04.2025;14:28:13.018;FEXD SI 20261218 CS;SIMPLE_INSTRUMENT;BLOCK;EUR;56;151.40000000;300;EXCHANGE_LAST;;1;1;XEUR;2163053;693;
30.04.2025;14:30:06.385;FEXD SI 20261218 CS;SIMPLE_INSTRUMENT;BLOCK;EUR;57;151.40000000;200;EXCHANGE_LAST;;1;1;XEUR;2163053;693;
30.04.2025;15:09:15.835;FEXD SI 20250620 CS;SIMPLE_INSTRUMENT;BLOCK;EUR;59;129.70000000;500;EXCHANGE_LAST;;1;1;XEUR;9548493;693;
30.04.2025;15:09:00.141;FEXD SI 20250620 CS;SIMPLE_INSTRUMENT;BLOCK;EUR;60;129.80000000;500;EXCHANGE_LAST;;1;1;XEUR;9548493;693;
30.04.2025;15:41:11.405;FEXD SI 20261218 CS;SIMPLE_INSTRUMENT;BLOCK;EUR;70;151.00000000;2000;EXCHANGE_LAST;;1;1;XEUR;2163053;693;
30.04.2025;13:04:20.810;FEXF SI 20250620 CS;SIMPLE_INSTRUMENT;BLOCK;EUR;48;2636.50000000;300;EXCHANGE_LAST;;1;1;XEUR;11881290;694;
30.04.2025;15:16:15.108;FFOX SI 20250619 CS;SIMPLE_INSTRUMENT;BLOCK;EUR;1;4476.10000000;600;EXCHANGE_LAST;;1;1;XEUR;11881292;695;
30.04.2025;06:36:48.722;FGBL SI 20250606 PS;SIMPLE_INSTRUMENT;EFS;EUR;1;131.42000000;100;EXCHANGE_LAST;;1;1;XEUR;11820389;688;
30.04.2025;06:48:16.915;FGBL SI 20250606 PS;SIMPLE_INSTRUMENT;EFS;EUR;2;131.43000000;645;EXCHANGE_LAST;;1;1;XEUR;11820389;688;
30.04.2025;07:00:06.955;FGBL SI 20250606 PS;SIMPLE_INSTRUMENT;EFS;EUR;3;131.41000000;487;EXCHANGE_LAST;;1;1;XEUR;11820389;688;
30.04.2025;07:29:28.336;FGBL SI 20250606 PS;SIMPLE_INSTRUMENT;EFS;EUR;4;131.41000000;244;EXCHANGE_LAST;;1;1;XEUR;11820389;688;
30.04.2025;07:34:31.411;FGBL SI 20250606 PS;SIMPLE_INSTRUMENT;EFS;EUR;5;131.59000000;430;EXCHANGE_LAST;;1;1;XEUR;11820389;688;
30.04.2025;07:35:13.856;FGBL SI 20250606 PS;SIMPLE_INSTRUMENT;EFP_FIN;EUR;6;131.56000000;229;EXCHANGE_LAST;;1;1;XEUR;11820389;688;
30.04.2025;07:35:24.329;FGBL SI 20250606 PS;SIMPLE_INSTRUMENT;EFS;EUR;7;131.58000000;430;EXCHANGE_LAST;;1;1;XEUR;11820389;688;
30.04.2025;07:38:57.594;FGBL SI 20250606 PS;SIMPLE_INSTRUMENT;EFS;EUR;8;131.59000000;214;EXCHANGE_LAST;;1;1;XEUR;11820389;688;
30.04.2025;07:38:16.232;FGBL SI 20250606 PS;SIMPLE_INSTRUMENT;EFS;EUR;9;131.38000000;195;EXCHANGE_LAST;;1;1;XEUR;11820389;688;
30.04.2025;07:39:20.748;FGBL SI 20250606 PS;SIMPLE_INSTRUMENT;EFS;EUR;10;131.66000000;430;EXCHANGE_LAST;;1;1;XEUR;11820389;688;
30.04.2025;07:42:18.603;FGBL SI 20250606 PS;SIMPLE_INSTRUMENT;EFP_FIN;EUR;11;131.56000000;963;EXCHANGE_LAST;;1;1;XEUR;11820389;688;
30.04.2025;07:50:09.199;FGBL SI 20250606 PS;SIMPLE_INSTRUMENT;EFS;EUR;12;131.67000000;737;EXCHANGE_LAST;;1;1;XEUR;11820389;688;
30.04.2025;07:56:51.644;FGBL SI 20250606 PS;SIMPLE_INSTRUMENT;EFP_FIN;EUR;13;131.68000000;462;EXCHANGE_LAST;;1;1;XEUR;11820389;688;
30.04.2025;07:58:50.502;FGBL SI 20250606 PS;SIMPLE_INSTRUMENT;EFP_FIN;EUR;14;131.65000000;242;EXCHANGE_LAST;;1;1;XEUR;11820389;688;
30.04.2025;08:02:57.794;FGBL SI 20250606 PS;SIMPLE_INSTRUMENT;EFS;EUR;15;131.70000000;430;EXCHANGE_LAST;;1;1;XEUR;11820389;688;
30.04.2025;08:05:07.891;FGBL SI 20250606 PS;SIMPLE_INSTRUMENT;EFS;EUR;16;131.70000000;430;EXCHANGE_LAST;;1;1;XEUR;11820389;688;
30.04.2025;08:10:30.749;FGBL SI 20250606 PS;SIMPLE_INSTRUMENT;EFS;EUR;17;131.70000000;430;EXCHANGE_LAST;;1;1;XEUR;11820389;688;
30.04.2025;08:12:58.463;FGBL SI 20250606 PS;SIMPLE_INSTRUMENT;EFS;EUR;18;131.67000000;430;EXCHANGE_LAST;;1;1;XEUR;11820389;688;
30.04.2025;08:13:26.317;FGBL SI 20250606 PS;SIMPLE_INSTRUMENT;EFS;EUR;19;131.67000000;430;EXCHANGE_LAST;;1;1;XEUR;11820389;688;
30.04.2025;08:15:35.102;FGBL SI 20250606 PS;SIMPLE_INSTRUMENT;EFS;EUR;20;131.64000000;215;EXCHANGE_LAST;;1;1;XEUR;11820389;688;
30.04.2025;08:16:48.882;FGBL SI 20250606 PS;SIMPLE_INSTRUMENT;EFS;EUR;21;131.65000000;214;EXCHANGE_LAST;;1;1;XEUR;11820389;688;
30.04.2025;08:20:44.347;FGBL SI 20250606 PS;SIMPLE_INSTRUMENT;EFS;EUR;22;131.67000000;430;EXCHANGE_LAST;;1;1;XEUR;11820389;688;
30.04.2025;08:22:14.670;FGBL SI 20250606 PS;SIMPLE_INSTRUMENT;EFS;EUR;23;131.69000000;204;EXCHANGE_LAST;;1;1;XEUR;11820389;688;
30.04.2025;08:22:19.677;FGBL SI 20250606 PS;SIMPLE_INSTRUMENT;EFS;EUR;24;131.66000000;430;EXCHANGE_LAST;;1;1;XEUR;11820389;688;
30.04.2025;08:27:44.267;FGBL SI 20250606 PS;SIMPLE_INSTRUMENT;EFS;EUR;25;131.69000000;430;EXCHANGE_LAST;;1;1;XEUR;11820389;688;
30.04.2025;08:29:14.229;FGBL SI 20250606 PS;SIMPLE_INSTRUMENT;EFS;EUR;26;131.67000000;488;EXCHANGE_LAST;;1;1;XEUR;11820389;688;
30.04.2025;08:31:16.110;FGBL SI 20250606 PS;SIMPLE_INSTRUMENT;EFS;EUR;27;131.70000000;1775;EXCHANGE_LAST;;1;1;XEUR;11820389;688;
30.04.2025;08:31:41.131;FGBL SI 20250606 PS;SIMPLE_INSTRUMENT;EFS;EUR;28;131.70000000;430;EXCHANGE_LAST;;1;1;XEUR;11820389;688;
30.04.2025;08:32:41.601;FGBL SI 20250606 PS;SIMPLE_INSTRUMENT;EFS;EUR;29;131.68000000;430;EXCHANGE_LAST;;1;1;XEUR;11820389;688;
30.04.2025;08:33:30.221;FGBL SI 20250606 PS;SIMPLE_INSTRUMENT;EFS;EUR;30;131.69000000;430;EXCHANGE_LAST;;1;1;XEUR;11820389;688;
30.04.2025;08:34:09.696;FGBL SI 20250606 PS;SIMPLE_INSTRUMENT;EFS;EUR;31;131.69000000;430;EXCHANGE_LAST;;1;1;XEUR;11820389;688;
30.04.2025;08:36:07.174;FGBL SI 20250606 PS;SIMPLE_INSTRUMENT;EFS;EUR;32;131.72000000;377;EXCHANGE_LAST;;1;1;XEUR;11820389;688;
30.04.2025;08:36:08.874;FGBL SI 20250606 PS;SIMPLE_INSTRUMENT;EFS;EUR;33;131.72000000;377;EXCHANGE_LAST;;1;1;XEUR;11820389;688;
30.04.2025;08:37:40.047;FGBL SI 20250606 PS;SIMPLE_INSTRUMENT;EFS;EUR;34;131.66000000;488;EXCHANGE_LAST;;1;1;XEUR;11820389;688;
30.04.2025;08:38:16.467;FGBL SI 20250606 PS;SIMPLE_INSTRUMENT;EFS;EUR;35;131.71000000;430;EXCHANGE_LAST;;1;1;XEUR;11820389;688;
30.04.2025;08:38:18.417;FGBL SI 20250606 PS;SIMPLE_INSTRUMENT;EFS;EUR;36;131.70000000;215;EXCHANGE_LAST;;1;1;XEUR;11820389;688;
30.04.2025;08:39:10.625;FGBL SI 20250606 PS;SIMPLE_INSTRUMENT;EFP_FIN;EUR;37;131.70000000;254;EXCHANGE_LAST;;1;1;XEUR;11820389;688;
30.04.2025;08:40:56.602;FGBL SI 20250606 PS;SIMPLE_INSTRUMENT;EFS;EUR;38;131.71000000;430;EXCHANGE_LAST;;1;1;XEUR;11820389;688;
30.04.2025;08:41:16.623;FGBL SI 20250606 PS;SIMPLE_INSTRUMENT;EFS;EUR;39;131.71000000;215;EXCHANGE_LAST;;1;1;XEUR;11820389;688;
30.04.2025;08:41:43.564;FGBL SI 20250606 PS;SIMPLE_INSTRUMENT;EFS;EUR;40;131.71000000;486;EXCHANGE_LAST;;1;1;XEUR;11820389;688;
30.04.2025;08:43:55.807;FGBL SI 20250606 PS;SIMPLE_INSTRUMENT;EFS;EUR;41;131.69000000;214;EXCHANGE_LAST;;1;1;XEUR;11820389;688;
30.04.2025;08:55:33.878;FGBL SI 20250606 PS;SIMPLE_INSTRUMENT;EFS;EUR;42;131.64000000;215;EXCHANGE_LAST;;1;1;XEUR;11820389;688;
30.04.2025;09:02:24.423;FGBL SI 20250606 PS;SIMPLE_INSTRUMENT;EFS;EUR;43;131.65000000;215;EXCHANGE_LAST;;1;1;XEUR;11820389;688;
30.04.2025;09:05:52.714;FGBL SI 20250606 PS;SIMPLE_INSTRUMENT;EFS;EUR;44;131.67000000;430;EXCHANGE_LAST;;1;1;XEUR;11820389;688;
30.04.2025;09:08:04.513;FGBL SI 20250606 PS;SIMPLE_INSTRUMENT;EFP_FIN;EUR;45;131.62000000;239;EXCHANGE_LAST;;1;1;XEUR;11820389;688;
30.04.2025;09:08:46.232;FGBL SI 20250606 PS;SIMPLE_INSTRUMENT;EFS;EUR;46;131.66000000;100;EXCHANGE_LAST;;1;1;XEUR;11820389;688;
30.04.2025;09:10:09.928;FGBL SI 20250606 PS;SIMPLE_INSTRUMENT;EFS;EUR;47;131.64000000;430;EXCHANGE_LAST;;1;1;XEUR;11820389;688;
30.04.2025;09:12:30.060;FGBL SI 20250606 PS;SIMPLE_INSTRUMENT;EFS;EUR;48;131.60000000;430;EXCHANGE_LAST;;1;1;XEUR;11820389;688;
30.04.2025;09:12:53.654;FGBL SI 20250606 PS;SIMPLE_INSTRUMENT;EFP_FIN;EUR;49;131.66000000;935;EXCHANGE_LAST;;1;1;XEUR;11820389;688;
30.04.2025;09:14:20.149;FGBL SI 20250606 PS;SIMPLE_INSTRUMENT;EFS;EUR;50;131.63000000;215;EXCHANGE_LAST;;1;1;XEUR;11820389;688;
30.04.2025;09:14:40.166;FGBL SI 20250606 PS;SIMPLE_INSTRUMENT;EFS;EUR;51;131.63000000;215;EXCHANGE_LAST;;1;1;XEUR;11820389;688;
30.04.2025;09:18:30.354;FGBL SI 20250606 PS;SIMPLE_INSTRUMENT;EFS;EUR;52;131.68000000;430;EXCHANGE_LAST;;1;1;XEUR;11820389;688;
30.04.2025;09:19:14.129;FGBL SI 20250606 PS;SIMPLE_INSTRUMENT;EFP_FIN;EUR;53;131.66000000;208;EXCHANGE_LAST;;1;1;XEUR;11820389;688;
30.04.2025;09:23:20.261;FGBL SI 20250606 PS;SIMPLE_INSTRUMENT;EFS;EUR;54;131.64000000;214;EXCHANGE_LAST;;1;1;XEUR;11820389;688;
30.04.2025;09:25:59.619;FGBL SI 20250606 PS;SIMPLE_INSTRUMENT;EFS;EUR;55;131.68000000;215;EXCHANGE_LAST;;1;1;XEUR;11820389;688;
30.04.2025;09:26:29.905;FGBL SI 20250606 PS;SIMPLE_INSTRUMENT;EFS;EUR;56;131.68000000;427;EXCHANGE_LAST;;1;1;XEUR;11820389;688;
30.04.2025;09:26:43.907;FGBL SI 20250606 PS;SIMPLE_INSTRUMENT;EFS;EUR;57;131.68000000;427;EXCHANGE_LAST;;1;1;XEUR;11820389;688;
30.04.2025;09:26:42.294;FGBL SI 20250606 PS;SIMPLE_INSTRUMENT;EFS;EUR;58;131.68000000;430;EXCHANGE_LAST;;1;1;XEUR;11820389;688;
30.04.2025;09:27:57.404;FGBL SI 20250606 PS;SIMPLE_INSTRUMENT;EFS;EUR;59;131.68000000;215;EXCHANGE_LAST;;1;1;XEUR;11820389;688;
30.04.2025;09:30:02.125;FGBL SI 20250606 PS;SIMPLE_INSTRUMENT;EFS;EUR;60;131.68000000;645;EXCHANGE_LAST;;1;1;XEUR;11820389;688;
30.04.2025;09:33:03.903;FGBL SI 20250606 PS;SIMPLE_INSTRUMENT;EFS;EUR;61;131.66000000;215;EXCHANGE_LAST;;1;1;XEUR;11820389;688;
30.04.2025;09:40:40.335;FGBL SI 20250606 PS;SIMPLE_INSTRUMENT;EFS;EUR;62;131.71000000;215;EXCHANGE_LAST;;1;1;XEUR;11820389;688;
30.04.2025;09:46:37.893;FGBL SI 20250606 PS;SIMPLE_INSTRUMENT;EFS;EUR;63;131.70000000;486;EXCHANGE_LAST;;1;1;XEUR;11820389;688;
30.04.2025;10:00:16.514;FGBL SI 20250606 PS;SIMPLE_INSTRUMENT;EFS;EUR;64;131.66000000;430;EXCHANGE_LAST;;1;1;XEUR;11820389;688;
30.04.2025;10:19:14.497;FGBL SI 20250606 PS;SIMPLE_INSTRUMENT;EFS;EUR;65;131.63000000;396;EXCHANGE_LAST;;1;1;XEUR;11820389;688;
30.04.2025;10:37:59.850;FGBL SI 20250606 PS;SIMPLE_INSTRUMENT;EFS;EUR;66;131.67000000;428;EXCHANGE_LAST;;1;1;XEUR;11820389;688;
30.04.2025;10:38:02.718;FGBL SI 20250606 PS;SIMPLE_INSTRUMENT;EFS;EUR;67;131.67000000;428;EXCHANGE_LAST;;1;1;XEUR;11820389;688;
30.04.2025;10:38:49.826;FGBL SI 20250606 PS;SIMPLE_INSTRUMENT;EFP_FIN;EUR;68;131.63000000;78;EXCHANGE_LAST;;1;1;XEUR;11820389;688;
30.04.2025;10:40:17.434;FGBL SI 20250606 PS;SIMPLE_INSTRUMENT;EFS;EUR;69;131.68000000;228;EXCHANGE_LAST;;1;1;XEUR;11820389;688;
30.04.2025;10:51:24.831;FGBL SI 20250606 PS;SIMPLE_INSTRUMENT;EFS;EUR;70;131.65000000;194;EXCHANGE_LAST;;1;1;XEUR;11820389;688;
30.04.2025;10:54:55.128;FGBL SI 20250606 PS;SIMPLE_INSTRUMENT;EFS;EUR;71;131.65000000;661;EXCHANGE_LAST;;1;1;XEUR;11820389;688;
30.04.2025;11:13:13.900;FGBL SI 20250606 PS;SIMPLE_INSTRUMENT;EFS;EUR;72;131.68000000;300;EXCHANGE_LAST;;1;1;XEUR;11820389;688;
30.04.2025;11:18:44.888;FGBL SI 20250606 PS;SIMPLE_INSTRUMENT;EFS;EUR;73;131.68000000;146;EXCHANGE_LAST;;1;1;XEUR;11820389;688;
30.04.2025;11:19:20.692;FGBL SI 20250606 PS;SIMPLE_INSTRUMENT;EFS;EUR;74;131.69000000;284;EXCHANGE_LAST;;1;1;XEUR;11820389;688;
30.04.2025;11:21:25.563;FGBL SI 20250606 PS;SIMPLE_INSTRUMENT;EFS;EUR;75;131.66000000;662;EXCHANGE_LAST;;1;1;XEUR;11820389;688;
30.04.2025;11:22:24.003;FGBL SI 20250606 PS;SIMPLE_INSTRUMENT;EFS;EUR;76;131.68000000;430;EXCHANGE_LAST;;1;1;XEUR;11820389;688;
30.04.2025;11:23:48.033;FGBL SI 20250606 PS;SIMPLE_INSTRUMENT;EFS;EUR;77;131.68000000;430;EXCHANGE_LAST;;1;1;XEUR;11820389;688;
30.04.2025;11:38:20.329;FGBL SI 20250606 PS;SIMPLE_INSTRUMENT;EFS;EUR;78;131.65000000;257;EXCHANGE_LAST;;1;1;XEUR;11820389;688;
30.04.2025;11:39:19.364;FGBL SI 20250606 PS;SIMPLE_INSTRUMENT;EFP_FIN;EUR;79;131.64000000;121;EXCHANGE_LAST;;1;1;XEUR;11820389;688;
30.04.2025;11:43:25.983;FGBL SI 20250606 PS;SIMPLE_INSTRUMENT;EFS;EUR;80;131.65000000;654;EXCHANGE_LAST;;1;1;XEUR;11820389;688;
30.04.2025;11:46:15.906;FGBL SI 20250606 PS;SIMPLE_INSTRUMENT;EFS;EUR;81;131.64000000;254;EXCHANGE_LAST;;1;1;XEUR;11820389;688;
30.04.2025;11:49:15.658;FGBL SI 20250606 PS;SIMPLE_INSTRUMENT;EFP_FIN;EUR;82;131.64000000;85;EXCHANGE_LAST;;1;1;XEUR;11820389;688;
30.04.2025;11:58:46.517;FGBL SI 20250606 PS;SIMPLE_INSTRUMENT;EFS;EUR;83;131.67000000;430;EXCHANGE_LAST;;1;1;XEUR;11820389;688;
30.04.2025;12:03:49.969;FGBL SI 20250606 PS;SIMPLE_INSTRUMENT;EFP_FIN;EUR;84;131.63000000;255;EXCHANGE_LAST;;1;1;XEUR;11820389;688;
30.04.2025;12:09:52.737;FGBL SI 20250606 PS;SIMPLE_INSTRUMENT;EFP_FIN;EUR;85;131.62000000;207;EXCHANGE_LAST;;1;1;XEUR;11820389;688;
30.04.2025;12:11:45.387;FGBL SI 20250606 PS;SIMPLE_INSTRUMENT;EFP_FIN;EUR;86;131.62000000;207;EXCHANGE_LAST;;1;1;XEUR;11820389;688;
30.04.2025;12:15:27.061;FGBL SI 20250606 PS;SIMPLE_INSTRUMENT;EFP_FIN;EUR;87;131.62000000;664;EXCHANGE_LAST;;1;1;XEUR;11820389;688;
30.04.2025;12:40:15.379;FGBL SI 20250606 PS;SIMPLE_INSTRUMENT;EFS;EUR;88;131.61000000;215;EXCHANGE_LAST;;1;1;XEUR;11820389;688;
30.04.2025;12:43:46.309;FGBL SI 20250606 PS;SIMPLE_INSTRUMENT;EFS;EUR;89;131.58000000;215;EXCHANGE_LAST;;1;1;XEUR;11820389;688;
30.04.2025;12:45:18.382;FGBL SI 20250606 PS;SIMPLE_INSTRUMENT;EFS;EUR;90;131.57000000;244;EXCHANGE_LAST;;1;1;XEUR;11820389;688;
30.04.2025;12:45:34.475;FGBL SI 20250606 PS;SIMPLE_INSTRUMENT;EFS;EUR;91;131.57000000;430;EXCHANGE_LAST;;1;1;XEUR;11820389;688;
30.04.2025;12:51:10.930;FGBL SI 20250606 PS;SIMPLE_INSTRUMENT;EFS;EUR;92;131.58000000;486;EXCHANGE_LAST;;1;1;XEUR;11820389;688;
30.04.2025;12:54:08.740;FGBL SI 20250606 PS;SIMPLE_INSTRUMENT;EFS;EUR;93;131.61000000;243;EXCHANGE_LAST;;1;1;XEUR;11820389;688;
30.04.2025;12:55:37.102;FGBL SI 20250606 PS;SIMPLE_INSTRUMENT;EFS;EUR;94;131.62000000;430;EXCHANGE_LAST;;1;1;XEUR;11820389;688;
30.04.2025;12:58:47.259;FGBL SI 20250606 PS;SIMPLE_INSTRUMENT;EFS;EUR;95;131.69000000;430;EXCHANGE_LAST;;1;1;XEUR;11820389;688;
30.04.2025;12:59:40.202;FGBL SI 20250606 PS;SIMPLE_INSTRUMENT;EFS;EUR;96;131.64000000;215;EXCHANGE_LAST;;1;1;XEUR;11820389;688;
30.04.2025;13:00:16.054;FGBL SI 20250606 PS;SIMPLE_INSTRUMENT;EFS;EUR;97;131.62000000;215;EXCHANGE_LAST;;1;1;XEUR;11820389;688;
30.04.2025;13:01:30.792;FGBL SI 20250606 PS;SIMPLE_INSTRUMENT;EFS;EUR;98;131.66000000;430;EXCHANGE_LAST;;1;1;XEUR;11820389;688;
30.04.2025;13:02:12.854;FGBL SI 20250606 PS;SIMPLE_INSTRUMENT;EFS;EUR;99;131.66000000;215;EXCHANGE_LAST;;1;1;XEUR;11820389;688;
30.04.2025;13:02:34.469;FGBL SI 20250606 PS;SIMPLE_INSTRUMENT;EFS;EUR;100;131.66000000;215;EXCHANGE_LAST;;1;1;XEUR;11820389;688;
30.04.2025;13:07:15.528;FGBL SI 20250606 PS;SIMPLE_INSTRUMENT;EFS;EUR;101;131.69000000;215;EXCHANGE_LAST;;1;1;XEUR;11820389;688;
30.04.2025;13:08:24.527;FGBL SI 20250606 PS;SIMPLE_INSTRUMENT;EFS;EUR;102;131.67000000;146;EXCHANGE_LAST;;1;1;XEUR;11820389;688;
30.04.2025;13:09:10.239;FGBL SI 20250606 PS;SIMPLE_INSTRUMENT;EFS;EUR;103;131.70000000;128;EXCHANGE_LAST;;1;1;XEUR;11820389;688;
30.04.2025;13:09:47.190;FGBL SI 20250606 PS;SIMPLE_INSTRUMENT;EFS;EUR;104;131.67000000;215;EXCHANGE_LAST;;1;1;XEUR;11820389;688;
30.04.2025;13:18:25.767;FGBL SI 20250606 PS;SIMPLE_INSTRUMENT;EFP_FIN;EUR;105;131.78000000;93;EXCHANGE_LAST;;1;1;XEUR;11820389;688;
30.04.2025;13:23:06.429;FGBL SI 20250606 PS;SIMPLE_INSTRUMENT;EFP_FIN;EUR;106;131.80000000;156;EXCHANGE_LAST;;1;1;XEUR;11820389;688;
30.04.2025;13:28:18.214;FGBL SI 20250606 PS;SIMPLE_INSTRUMENT;EFS;EUR;107;131.72000000;342;EXCHANGE_LAST;;1;1;XEUR;11820389;688;
30.04.2025;13:29:06.205;FGBL SI 20250606 PS;SIMPLE_INSTRUMENT;EFS;EUR;108;131.76000000;645;EXCHANGE_LAST;;1;1;XEUR;11820389;688;
30.04.2025;13:30:03.823;FGBL SI 20250606 PS;SIMPLE_INSTRUMENT;EFS;EUR;109;131.74000000;215;EXCHANGE_LAST;;1;1;XEUR;11820389;688;
30.04.2025;13:31:38.057;FGBL SI 20250606 PS;SIMPLE_INSTRUMENT;EFS;EUR;110;131.72000000;215;EXCHANGE_LAST;;1;1;XEUR;11820389;688;
30.04.2025;13:32:57.672;FGBL SI 20250606 PS;SIMPLE_INSTRUMENT;EFS;EUR;111;131.74000000;215;EXCHANGE_LAST;;1;1;XEUR;11820389;688;
30.04.2025;13:33:09.328;FGBL SI 20250606 PS;SIMPLE_INSTRUMENT;EFS;EUR;112;131.73000000;171;EXCHANGE_LAST;;1;1;XEUR;11820389;688;
30.04.2025;13:38:32.797;FGBL SI 20250606 PS;SIMPLE_INSTRUMENT;EFP_FIN;EUR;113;131.63000000;1030;EXCHANGE_LAST;;1;1;XEUR;11820389;688;
30.04.2025;13:45:18.202;FGBL SI 20250606 PS;SIMPLE_INSTRUMENT;EFS;EUR;115;131.78000000;245;EXCHANGE_LAST;;1;1;XEUR;11820389;688;
30.04.2025;13:49:15.814;FGBL SI 20250606 PS;SIMPLE_INSTRUMENT;EFS;EUR;116;131.84000000;854;EXCHANGE_LAST;;1;1;XEUR;11820389;688;
30.04.2025;13:49:52.123;FGBL SI 20250606 PS;SIMPLE_INSTRUMENT;EFP_FIN;EUR;117;131.75000000;680;EXCHANGE_LAST;;1;1;XEUR;11820389;688;
30.04.2025;13:50:52.255;FGBL SI 20250606 PS;SIMPLE_INSTRUMENT;EFS;EUR;118;131.82000000;258;EXCHANGE_LAST;;1;1;XEUR;11820389;688;
30.04.2025;14:01:49.258;FGBL SI 20250606 PS;SIMPLE_INSTRUMENT;EFS;EUR;119;131.78000000;855;EXCHANGE_LAST;;1;1;XEUR;11820389;688;
30.04.2025;14:09:15.290;FGBL SI 20250606 PS;SIMPLE_INSTRUMENT;EFS;EUR;120;131.73000000;855;EXCHANGE_LAST;;1;1;XEUR;11820389;688;
30.04.2025;14:09:54.494;FGBL SI 20250606 PS;SIMPLE_INSTRUMENT;EFS;EUR;121;131.79000000;858;EXCHANGE_LAST;;1;1;XEUR;11820389;688;
30.04.2025;14:10:17.725;FGBL SI 20250606 PS;SIMPLE_INSTRUMENT;EFS;EUR;122;131.81000000;854;EXCHANGE_LAST;;1;1;XEUR;11820389;688;
30.04.2025;14:11:43.889;FGBL SI 20250606 PS;SIMPLE_INSTRUMENT;EFS;EUR;123;131.74000000;1197;EXCHANGE_LAST;;1;1;XEUR;11820389;688;
30.04.2025;14:12:49.794;FGBL SI 20250606 PS;SIMPLE_INSTRUMENT;EFS;EUR;124;131.73000000;430;EXCHANGE_LAST;;1;1;XEUR;11820389;688;
30.04.2025;14:14:18.100;FGBL SI 20250606 PS;SIMPLE_INSTRUMENT;EFS;EUR;125;131.78000000;215;EXCHANGE_LAST;;1;1;XEUR;11820389;688;
30.04.2025;14:20:13.844;FGBL SI 20250606 PS;SIMPLE_INSTRUMENT;EFS;EUR;126;131.75000000;429;EXCHANGE_LAST;;1;1;XEUR;11820389;688;
30.04.2025;14:20:47.704;FGBL SI 20250606 PS;SIMPLE_INSTRUMENT;EFS;EUR;127;131.78000000;1608;EXCHANGE_LAST;;1;1;XEUR;11820389;688;
30.04.2025;14:21:34.364;FGBL SI 20250606 PS;SIMPLE_INSTRUMENT;EFS;EUR;128;131.76000000;429;EXCHANGE_LAST;;1;1;XEUR;11820389;688;
30.04.2025;14:23:19.207;FGBL SI 20250606 PS;SIMPLE_INSTRUMENT;EFS;EUR;129;131.74000000;914;EXCHANGE_LAST;;1;1;XEUR;11820389;688;
30.04.2025;14:23:49.179;FGBL SI 20250606 PS;SIMPLE_INSTRUMENT;EFS;EUR;130;131.73000000;1283;EXCHANGE_LAST;;1;1;XEUR;11820389;688;
30.04.2025;14:26:36.219;FGBL SI 20250606 PS;SIMPLE_INSTRUMENT;EFS;EUR;131;131.78000000;855;EXCHANGE_LAST;;1;1;XEUR;11820389;688;
30.04.2025;14:27:53.822;FGBL SI 20250606 PS;SIMPLE_INSTRUMENT;EFS;EUR;132;131.81000000;301;EXCHANGE_LAST;;1;1;XEUR;11820389;688;
30.04.2025;14:31:38.234;FGBL SI 20250606 PS;SIMPLE_INSTRUMENT;EFP_FIN;EUR;133;131.78000000;121;EXCHANGE_LAST;;1;1;XEUR;11820389;688;
30.04.2025;14:42:27.289;FGBL SI 20250606 PS;SIMPLE_INSTRUMENT;EFS;EUR;134;131.74000000;243;EXCHANGE_LAST;;1;1;XEUR;11820389;688;
30.04.2025;14:50:43.684;FGBL SI 20250606 PS;SIMPLE_INSTRUMENT;EFP_FIN;EUR;135;131.79000000;453;EXCHANGE_LAST;;1;1;XEUR;11820389;688;
30.04.2025;14:52:36.170;FGBL SI 20250606 PS;SIMPLE_INSTRUMENT;EFP_FIN;EUR;136;131.80000000;452;EXCHANGE_LAST;;1;1;XEUR;11820389;688;
30.04.2025;14:52:52.606;FGBL SI 20250606 PS;SIMPLE_INSTRUMENT;EFS;EUR;137;131.81000000;215;EXCHANGE_LAST;;1;1;XEUR;11820389;688;
30.04.2025;14:53:02.618;FGBL SI 20250606 PS;SIMPLE_INSTRUMENT;EFS;EUR;138;131.81000000;215;EXCHANGE_LAST;;1;1;XEUR;11820389;688;
30.04.2025;14:56:57.800;FGBL SI 20250606 PS;SIMPLE_INSTRUMENT;EFS;EUR;139;131.81000000;215;EXCHANGE_LAST;;1;1;XEUR;11820389;688;
30.04.2025;14:56:59.979;FGBL SI 20250606 PS;SIMPLE_INSTRUMENT;EFS;EUR;140;131.78000000;215;EXCHANGE_LAST;;1;1;XEUR;11820389;688;
30.04.2025;14:57:36.139;FGBL SI 20250606 PS;SIMPLE_INSTRUMENT;EFS;EUR;141;131.78000000;215;EXCHANGE_LAST;;1;1;XEUR;11820389;688;
30.04.2025;15:01:26.159;FGBL SI 20250606 PS;SIMPLE_INSTRUMENT;EFS;EUR;142;131.82000000;215;EXCHANGE_LAST;;1;1;XEUR;11820389;688;
30.04.2025;15:04:20.594;FGBL SI 20250606 PS;SIMPLE_INSTRUMENT;EFP_FIN;EUR;143;131.81000000;486;EXCHANGE_LAST;;1;1;XEUR;11820389;688;
30.04.2025;15:17:15.373;FGBL SI 20250606 PS;SIMPLE_INSTRUMENT;EFP_FIN;EUR;144;131.76000000;794;EXCHANGE_LAST;;1;1;XEUR;11820389;688;
30.04.2025;15:18:14.799;FGBL SI 20250606 PS;SIMPLE_INSTRUMENT;EFS;EUR;145;131.75000000;215;EXCHANGE_LAST;;1;1;XEUR;11820389;688;
30.04.2025;15:21:57.490;FGBL SI 20250606 PS;SIMPLE_INSTRUMENT;EFS;EUR;146;131.77000000;853;EXCHANGE_LAST;;1;1;XEUR;11820389;688;
30.04.2025;15:29:01.198;FGBL SI 20250606 PS;SIMPLE_INSTRUMENT;EFS;EUR;147;131.86000000;468;EXCHANGE_LAST;;1;1;XEUR;11820389;688;
30.04.2025;15:29:06.205;FGBL SI 20250606 PS;SIMPLE_INSTRUMENT;EFS;EUR;148;131.86000000;468;EXCHANGE_LAST;;1;1;XEUR;11820389;688;
30.04.2025;15:34:01.414;FGBL SI 20250606 PS;SIMPLE_INSTRUMENT;EFS;EUR;149;131.87000000;503;EXCHANGE_LAST;;1;1;XEUR;11820389;688;
30.04.2025;15:36:38.432;FGBL SI 20250606 PS;SIMPLE_INSTRUMENT;EFP_FIN;EUR;150;131.88000000;406;EXCHANGE_LAST;;1;1;XEUR;11820389;688;
30.04.2025;15:41:55.627;FGBL SI 20250606 PS;SIMPLE_INSTRUMENT;EFS;EUR;151;131.86000000;429;EXCHANGE_LAST;;1;1;XEUR;11820389;688;
30.04.2025;15:43:06.395;FGBL SI 20250606 PS;SIMPLE_INSTRUMENT;EFS;EUR;152;131.86000000;215;EXCHANGE_LAST;;1;1;XEUR;11820389;688;
30.04.2025;15:43:50.108;FGBL SI 20250606 PS;SIMPLE_INSTRUMENT;EFS;EUR;153;131.79000000;2000;EXCHANGE_LAST;;1;1;XEUR;11820389;688;
30.04.2025;15:53:47.438;FGBL SI 20250606 PS;SIMPLE_INSTRUMENT;EFS;EUR;154;131.85000000;215;EXCHANGE_LAST;;1;1;XEUR;11820389;688;
30.04.2025;15:57:20.631;FGBL SI 20250606 PS;SIMPLE_INSTRUMENT;EFS;EUR;155;131.87000000;215;EXCHANGE_LAST;;1;1;XEUR;11820389;688;
30.04.2025;15:57:34.056;FGBL SI 20250606 PS;SIMPLE_INSTRUMENT;EFS;EUR;156;131.86000000;455;EXCHANGE_LAST;;1;1;XEUR;11820389;688;
30.04.2025;15:58:08.650;FGBL SI 20250606 PS;SIMPLE_INSTRUMENT;EFS;EUR;157;131.82000000;486;EXCHANGE_LAST;;1;1;XEUR;11820389;688;
30.04.2025;15:58:36.777;FGBL SI 20250606 PS;SIMPLE_INSTRUMENT;EFS;EUR;158;131.82000000;971;EXCHANGE_LAST;;1;1;XEUR;11820389;688;
30.04.2025;15:59:19.403;FGBL SI 20250606 PS;SIMPLE_INSTRUMENT;EFS;EUR;159;131.84000000;429;EXCHANGE_LAST;;1;1;XEUR;11820389;688;
30.04.2025;16:04:11.322;FGBL SI 20250606 PS;SIMPLE_INSTRUMENT;EFS;EUR;160;131.86000000;215;EXCHANGE_LAST;;1;1;XEUR;11820389;688;
30.04.2025;16:04:13.634;FGBL SI 20250606 PS;SIMPLE_INSTRUMENT;EFS;EUR;161;131.85000000;86;EXCHANGE_LAST;;1;1;XEUR;11820389;688;
30.04.2025;16:04:35.574;FGBL SI 20250606 PS;SIMPLE_INSTRUMENT;EFS;EUR;162;131.86000000;215;EXCHANGE_LAST;;1;1;XEUR;11820389;688;
30.04.2025;16:07:02.031;FGBL SI 20250606 PS;SIMPLE_INSTRUMENT;EFS;EUR;163;131.86000000;215;EXCHANGE_LAST;;1;1;XEUR;11820389;688;
30.04.2025;16:07:40.600;FGBL SI 20250606 PS;SIMPLE_INSTRUMENT;EFS;EUR;164;131.85000000;97;EXCHANGE_LAST;;1;1;XEUR;11820389;688;
30.04.2025;08:51:19.726;FGBL SI 20250606 PS;SIMPLE_INSTRUMENT;VOLA;EUR;268435483;131.68000000;125;EXCHANGE_LAST;;1;1;XEUR;11820389;688;
30.04.2025;08:51:40.772;FGBL SI 20250606 PS;SIMPLE_INSTRUMENT;VOLA;EUR;268435484;131.68000000;25;EXCHANGE_LAST;;1;1;XEUR;11820389;688;
30.04.2025;10:50:21.548;FGBL SI 20250606 PS;SIMPLE_INSTRUMENT;VOLA;EUR;268435504;131.67000000;97;EXCHANGE_LAST;;1;1;XEUR;11820389;688;
30.04.2025;11:17:48.618;FGBL SI 20250606 PS;SIMPLE_INSTRUMENT;VOLA;EUR;268435507;131.71000000;60;EXCHANGE_LAST;;1;1;XEUR;11820389;688;
30.04.2025;11:53:21.285;FGBL SI 20250606 PS;SIMPLE_INSTRUMENT;VOLA;EUR;268435513;131.65000000;1080;EXCHANGE_LAST;;1;1;XEUR;11820389;688;
30.04.2025;12:14:23.529;FGBL SI 20250606 PS;SIMPLE_INSTRUMENT;VOLA;EUR;268435516;131.68000000;30;EXCHANGE_LAST;;1;1;XEUR;11820389;688;
30.04.2025;12:15:12.459;FGBL SI 20250606 PS;SIMPLE_INSTRUMENT;VOLA;EUR;268435517;131.68000000;30;EXCHANGE_LAST;;1;1;XEUR;11820389;688;
30.04.2025;12:16:01.725;FGBL SI 20250606 PS;SIMPLE_INSTRUMENT;VOLA;EUR;268435518;131.68000000;30;EXCHANGE_LAST;;1;1;XEUR;11820389;688;
30.04.2025;12:16:47.951;FGBL SI 20250606 PS;SIMPLE_INSTRUMENT;VOLA;EUR;268435519;131.68000000;30;EXCHANGE_LAST;;1;1;XEUR;11820389;688;
30.04.2025;12:58:24.405;FGBL SI 20250606 PS;SIMPLE_INSTRUMENT;VOLA;EUR;268435525;131.62000000;20;EXCHANGE_LAST;;1;1;XEUR;11820389;688;
30.04.2025;13:06:08.625;FGBL SI 20250606 PS;SIMPLE_INSTRUMENT;VOLA;EUR;268435529;131.67000000;37;EXCHANGE_LAST;;1;1;XEUR;11820389;688;
30.04.2025;13:19:25.799;FGBL SI 20250606 PS;SIMPLE_INSTRUMENT;VOLA;EUR;268435532;131.71000000;70;EXCHANGE_LAST;;1;1;XEUR;11820389;688;
30.04.2025;14:23:05.806;FGBL SI 20250606 PS;SIMPLE_INSTRUMENT;VOLA;EUR;268435542;131.79000000;13;EXCHANGE_LAST;;1;1;XEUR;11820389;688;
30.04.2025;14:31:43.395;FGBL SI 20250606 PS;SIMPLE_INSTRUMENT;VOLA;EUR;268435545;131.73000000;80;EXCHANGE_LAST;;1;1;XEUR;11820389;688;
30.04.2025;14:31:55.396;FGBL SI 20250606 PS;SIMPLE_INSTRUMENT;VOLA;EUR;268435546;131.82000000;80;EXCHANGE_LAST;;1;1;XEUR;11820389;688;
30.04.2025;15:46:52.224;FGBL SI 20250606 PS;SIMPLE_INSTRUMENT;VOLA;EUR;268435572;131.84000000;135;EXCHANGE_LAST;;1;1;XEUR;11820389;688;
30.04.2025;15:47:31.233;FGBL SI 20250606 PS;SIMPLE_INSTRUMENT;VOLA;EUR;268435574;131.84000000;40;EXCHANGE_LAST;;1;1;XEUR;11820389;688;
30.04.2025;15:47:59.237;FGBL SI 20250606 PS;SIMPLE_INSTRUMENT;VOLA;EUR;268435575;131.84000000;40;EXCHANGE_LAST;;1;1;XEUR;11820389;688;
30.04.2025;15:48:45.242;FGBL SI 20250606 PS;SIMPLE_INSTRUMENT;VOLA;EUR;268435576;131.84000000;40;EXCHANGE_LAST;;1;1;XEUR;11820389;688;
30.04.2025;07:05:48.423;FGBM SI 20250606 PS;SIMPLE_INSTRUMENT;EFS;EUR;1;119.35000000;375;EXCHANGE_LAST;;1;1;XEUR;11820390;689;
30.04.2025;07:15:39.371;FGBM SI 20250606 PS;SIMPLE_INSTRUMENT;EFS;EUR;2;119.40000000;854;EXCHANGE_LAST;;1;1;XEUR;11820390;689;
30.04.2025;07:18:55.259;FGBM SI 20250606 PS;SIMPLE_INSTRUMENT;EFS;EUR;3;119.40000000;854;EXCHANGE_LAST;;1;1;XEUR;11820390;689;
30.04.2025;08:18:17.343;FGBM SI 20250606 PS;SIMPLE_INSTRUMENT;EFS;EUR;4;119.49000000;395;EXCHANGE_LAST;;1;1;XEUR;11820390;689;
30.04.2025;08:36:40.252;FGBM SI 20250606 PS;SIMPLE_INSTRUMENT;EFP_FIN;EUR;5;119.50000000;117;EXCHANGE_LAST;;1;1;XEUR;11820390;689;
30.04.2025;08:36:54.492;FGBM SI 20250606 PS;SIMPLE_INSTRUMENT;EFP_FIN;EUR;6;119.50000000;72;EXCHANGE_LAST;;1;1;XEUR;11820390;689;
30.04.2025;08:37:50.180;FGBM SI 20250606 PS;SIMPLE_INSTRUMENT;EFP_FIN;EUR;7;119.50000000;176;EXCHANGE_LAST;;1;1;XEUR;11820390;689;
30.04.2025;08:38:16.422;FGBM SI 20250606 PS;SIMPLE_INSTRUMENT;EFS;EUR;8;119.52000000;805;EXCHANGE_LAST;;1;1;XEUR;11820390;689;
30.04.2025;08:38:39.180;FGBM SI 20250606 PS;SIMPLE_INSTRUMENT;EFP_FIN;EUR;9;119.50000000;82;EXCHANGE_LAST;;1;1;XEUR;11820390;689;
30.04.2025;08:40:56.557;FGBM SI 20250606 PS;SIMPLE_INSTRUMENT;EFS;EUR;10;119.52000000;805;EXCHANGE_LAST;;1;1;XEUR;11820390;689;
30.04.2025;08:41:16.578;FGBM SI 20250606 PS;SIMPLE_INSTRUMENT;EFS;EUR;11;119.52000000;402;EXCHANGE_LAST;;1;1;XEUR;11820390;689;
30.04.2025;09:03:57.834;FGBM SI 20250606 PS;SIMPLE_INSTRUMENT;EFP_FIN;EUR;12;119.51000000;61;EXCHANGE_LAST;;1;1;XEUR;11820390;689;
30.04.2025;09:31:44.786;FGBM SI 20250606 PS;SIMPLE_INSTRUMENT;EFP_FIN;EUR;13;119.52000000;237;EXCHANGE_LAST;;1;1;XEUR;11820390;689;
30.04.2025;10:00:38.150;FGBM SI 20250606 PS;SIMPLE_INSTRUMENT;EFP_FIN;EUR;14;119.54000000;577;EXCHANGE_LAST;;1;1;XEUR;11820390;689;
30.04.2025;10:06:51.874;FGBM SI 20250606 PS;SIMPLE_INSTRUMENT;EFP_FIN;EUR;15;119.54000000;84;EXCHANGE_LAST;;1;1;XEUR;11820390;689;
30.04.2025;10:20:58.105;FGBM SI 20250606 PS;SIMPLE_INSTRUMENT;EFS;EUR;16;119.50000000;854;EXCHANGE_LAST;;1;1;XEUR;11820390;689;
30.04.2025;10:28:26.209;FGBM SI 20250606 PS;SIMPLE_INSTRUMENT;EFS;EUR;17;119.50000000;808;EXCHANGE_LAST;;1;1;XEUR;11820390;689;
30.04.2025;10:36:04.108;FGBM SI 20250606 PS;SIMPLE_INSTRUMENT;EFP_FIN;EUR;18;119.52000000;176;EXCHANGE_LAST;;1;1;XEUR;11820390;689;
30.04.2025;10:33:25.972;FGBM SI 20250606 PS;SIMPLE_INSTRUMENT;EFP_FIN;EUR;19;119.52000000;117;EXCHANGE_LAST;;1;1;XEUR;11820390;689;
30.04.2025;10:36:13.109;FGBM SI 20250606 PS;SIMPLE_INSTRUMENT;EFP_FIN;EUR;20;119.52000000;59;EXCHANGE_LAST;;1;1;XEUR;11820390;689;
30.04.2025;10:34:11.899;FGBM SI 20250606 PS;SIMPLE_INSTRUMENT;EFP_FIN;EUR;21;119.52000000;287;EXCHANGE_LAST;;1;1;XEUR;11820390;689;
30.04.2025;10:39:31.625;FGBM SI 20250606 PS;SIMPLE_INSTRUMENT;EFS;EUR;22;119.52000000;426;EXCHANGE_LAST;;1;1;XEUR;11820390;689;
30.04.2025;10:51:27.788;FGBM SI 20250606 PS;SIMPLE_INSTRUMENT;EFS;EUR;23;119.51000000;853;EXCHANGE_LAST;;1;1;XEUR;11820390;689;
30.04.2025;10:52:51.966;FGBM SI 20250606 PS;SIMPLE_INSTRUMENT;EFS;EUR;24;119.52000000;256;EXCHANGE_LAST;;1;1;XEUR;11820390;689;
30.04.2025;11:03:07.614;FGBM SI 20250606 PS;SIMPLE_INSTRUMENT;EFS;EUR;25;119.52000000;918;EXCHANGE_LAST;;1;1;XEUR;11820390;689;
30.04.2025;11:03:45.995;FGBM SI 20250606 PS;SIMPLE_INSTRUMENT;EFS;EUR;26;119.52000000;854;EXCHANGE_LAST;;1;1;XEUR;11820390;689;
30.04.2025;11:06:06.098;FGBM SI 20250606 PS;SIMPLE_INSTRUMENT;EFS;EUR;27;119.53000000;854;EXCHANGE_LAST;;1;1;XEUR;11820390;689;
30.04.2025;11:19:55.412;FGBM SI 20250606 PS;SIMPLE_INSTRUMENT;EFS;EUR;28;119.52000000;818;EXCHANGE_LAST;;1;1;XEUR;11820390;689;
30.04.2025;11:21:47.791;FGBM SI 20250606 PS;SIMPLE_INSTRUMENT;EFS;EUR;29;119.52000000;854;EXCHANGE_LAST;;1;1;XEUR;11820390;689;
30.04.2025;11:28:14.662;FGBM SI 20250606 PS;SIMPLE_INSTRUMENT;EFS;EUR;30;119.52000000;818;EXCHANGE_LAST;;1;1;XEUR;11820390;689;
30.04.2025;11:29:30.757;FGBM SI 20250606 PS;SIMPLE_INSTRUMENT;EFP_FIN;EUR;31;119.52000000;1281;EXCHANGE_LAST;;1;1;XEUR;11820390;689;
30.04.2025;11:33:36.913;FGBM SI 20250606 PS;SIMPLE_INSTRUMENT;EFS;EUR;32;119.52000000;404;EXCHANGE_LAST;;1;1;XEUR;11820390;689;
30.04.2025;11:36:50.743;FGBM SI 20250606 PS;SIMPLE_INSTRUMENT;EFP_FIN;EUR;33;119.52000000;1651;EXCHANGE_LAST;;1;1;XEUR;11820390;689;
30.04.2025;11:38:35.748;FGBM SI 20250606 PS;SIMPLE_INSTRUMENT;EFP_FIN;EUR;34;119.52000000;291;EXCHANGE_LAST;;1;1;XEUR;11820390;689;
30.04.2025;11:46:22.296;FGBM SI 20250606 PS;SIMPLE_INSTRUMENT;EFS;EUR;35;119.51000000;275;EXCHANGE_LAST;;1;1;XEUR;11820390;689;
30.04.2025;11:49:00.256;FGBM SI 20250606 PS;SIMPLE_INSTRUMENT;EFP_FIN;EUR;36;119.51000000;1280;EXCHANGE_LAST;;1;1;XEUR;11820390;689;
30.04.2025;11:51:56.230;FGBM SI 20250606 PS;SIMPLE_INSTRUMENT;EFS;EUR;37;119.51000000;683;EXCHANGE_LAST;;1;1;XEUR;11820390;689;
30.04.2025;11:57:41.459;FGBM SI 20250606 PS;SIMPLE_INSTRUMENT;EFS;EUR;38;119.52000000;854;EXCHANGE_LAST;;1;1;XEUR;11820390;689;
30.04.2025;11:57:46.466;FGBM SI 20250606 PS;SIMPLE_INSTRUMENT;EFS;EUR;39;119.52000000;854;EXCHANGE_LAST;;1;1;XEUR;11820390;689;
30.04.2025;11:59:06.005;FGBM SI 20250606 PS;SIMPLE_INSTRUMENT;EFS;EUR;40;119.51000000;807;EXCHANGE_LAST;;1;1;XEUR;11820390;689;
30.04.2025;12:18:50.582;FGBM SI 20250606 PS;SIMPLE_INSTRUMENT;EFS;EUR;41;119.50000000;426;EXCHANGE_LAST;;1;1;XEUR;11820390;689;
30.04.2025;12:20:06.091;FGBM SI 20250606 PS;SIMPLE_INSTRUMENT;EFS;EUR;42;119.50000000;426;EXCHANGE_LAST;;1;1;XEUR;11820390;689;
30.04.2025;12:27:55.305;FGBM SI 20250606 PS;SIMPLE_INSTRUMENT;EFP_FIN;EUR;44;119.52000000;852;EXCHANGE_LAST;;1;1;XEUR;11820390;689;
30.04.2025;12:48:32.600;FGBM SI 20250606 PS;SIMPLE_INSTRUMENT;EFS;EUR;45;119.49000000;807;EXCHANGE_LAST;;1;1;XEUR;11820390;689;
30.04.2025;13:00:17.168;FGBM SI 20250606 PS;SIMPLE_INSTRUMENT;EFP_FIN;EUR;46;119.53000000;1272;EXCHANGE_LAST;;1;1;XEUR;11820390;689;
30.04.2025;13:01:09.961;FGBM SI 20250606 PS;SIMPLE_INSTRUMENT;EFS;EUR;47;119.55000000;459;EXCHANGE_LAST;;1;1;XEUR;11820390;689;
30.04.2025;13:04:55.234;FGBM SI 20250606 PS;SIMPLE_INSTRUMENT;EFS;EUR;48;119.55000000;184;EXCHANGE_LAST;;1;1;XEUR;11820390;689;
30.04.2025;13:09:18.569;FGBM SI 20250606 PS;SIMPLE_INSTRUMENT;EFS;EUR;49;119.56000000;323;EXCHANGE_LAST;;1;1;XEUR;11820390;689;
30.04.2025;13:11:52.635;FGBM SI 20250606 PS;SIMPLE_INSTRUMENT;EFS;EUR;50;119.56000000;807;EXCHANGE_LAST;;1;1;XEUR;11820390;689;
30.04.2025;13:15:51.023;FGBM SI 20250606 PS;SIMPLE_INSTRUMENT;EFS;EUR;51;119.63000000;367;EXCHANGE_LAST;;1;1;XEUR;11820390;689;
30.04.2025;13:23:05.119;FGBM SI 20250606 PS;SIMPLE_INSTRUMENT;EFP_FIN;EUR;52;119.61000000;327;EXCHANGE_LAST;;1;1;XEUR;11820390;689;
30.04.2025;13:25:01.339;FGBM SI 20250606 PS;SIMPLE_INSTRUMENT;EFP_FIN;EUR;53;119.55000000;490;EXCHANGE_LAST;;1;1;XEUR;11820390;689;
30.04.2025;13:28:01.587;FGBM SI 20250606 PS;SIMPLE_INSTRUMENT;EFP_FIN;EUR;54;119.59000000;408;EXCHANGE_LAST;;1;1;XEUR;11820390;689;
30.04.2025;13:30:52.638;FGBM SI 20250606 PS;SIMPLE_INSTRUMENT;EFP_FIN;EUR;55;119.59000000;85;EXCHANGE_LAST;;1;1;XEUR;11820390;689;
30.04.2025;13:30:16.354;FGBM SI 20250606 PS;SIMPLE_INSTRUMENT;EFP_FIN;EUR;56;119.59000000;127;EXCHANGE_LAST;;1;1;XEUR;11820390;689;
30.04.2025;13:31:09.414;FGBM SI 20250606 PS;SIMPLE_INSTRUMENT;EFP_FIN;EUR;57;119.59000000;204;EXCHANGE_LAST;;1;1;XEUR;11820390;689;
30.04.2025;13:31:46.409;FGBM SI 20250606 PS;SIMPLE_INSTRUMENT;EFP_FIN;EUR;58;119.59000000;164;EXCHANGE_LAST;;1;1;XEUR;11820390;689;
30.04.2025;13:40:43.923;FGBM SI 20250606 PS;SIMPLE_INSTRUMENT;EFP_FIN;EUR;60;119.62000000;572;EXCHANGE_LAST;;1;1;XEUR;11820390;689;
30.04.2025;13:52:10.625;FGBM SI 20250606 PS;SIMPLE_INSTRUMENT;EFS;EUR;61;119.66000000;851;EXCHANGE_LAST;;1;1;XEUR;11820390;689;
30.04.2025;13:55:24.973;FGBM SI 20250606 PS;SIMPLE_INSTRUMENT;EFS;EUR;62;119.61000000;4584;EXCHANGE_LAST;;1;1;XEUR;11820390;689;
30.04.2025;13:57:08.031;FGBM SI 20250606 PS;SIMPLE_INSTRUMENT;EFS;EUR;63;119.63000000;1050;EXCHANGE_LAST;;1;1;XEUR;11820390;689;
30.04.2025;14:01:00.224;FGBM SI 20250606 PS;SIMPLE_INSTRUMENT;EFS;EUR;64;119.64000000;1612;EXCHANGE_LAST;;1;1;XEUR;11820390;689;
30.04.2025;14:04:59.840;FGBM SI 20250606 PS;SIMPLE_INSTRUMENT;EFS;EUR;65;119.63000000;806;EXCHANGE_LAST;;1;1;XEUR;11820390;689;
30.04.2025;14:05:55.336;FGBM SI 20250606 PS;SIMPLE_INSTRUMENT;EFP_FIN;EUR;66;119.63000000;408;EXCHANGE_LAST;;1;1;XEUR;11820390;689;
30.04.2025;14:08:28.324;FGBM SI 20250606 PS;SIMPLE_INSTRUMENT;EFS;EUR;67;119.63000000;1613;EXCHANGE_LAST;;1;1;XEUR;11820390;689;
30.04.2025;14:11:35.055;FGBM SI 20250606 PS;SIMPLE_INSTRUMENT;EFS;EUR;68;119.63000000;1600;EXCHANGE_LAST;;1;1;XEUR;11820390;689;
30.04.2025;14:19:16.419;FGBM SI 20250606 PS;SIMPLE_INSTRUMENT;EFP_FIN;EUR;69;119.62000000;136;EXCHANGE_LAST;;1;1;XEUR;11820390;689;
30.04.2025;14:19:37.296;FGBM SI 20250606 PS;SIMPLE_INSTRUMENT;EFP_FIN;EUR;70;119.64000000;293;EXCHANGE_LAST;;1;1;XEUR;11820390;689;
30.04.2025;14:19:30.239;FGBM SI 20250606 PS;SIMPLE_INSTRUMENT;EFS;EUR;71;119.64000000;1833;EXCHANGE_LAST;;1;1;XEUR;11820390;689;
30.04.2025;14:19:31.497;FGBM SI 20250606 PS;SIMPLE_INSTRUMENT;EFP_FIN;EUR;72;119.64000000;293;EXCHANGE_LAST;;1;1;XEUR;11820390;689;
30.04.2025;14:21:15.884;FGBM SI 20250606 PS;SIMPLE_INSTRUMENT;EFP_FIN;EUR;73;119.62000000;426;EXCHANGE_LAST;;1;1;XEUR;11820390;689;
30.04.2025;14:22:44.147;FGBM SI 20250606 PS;SIMPLE_INSTRUMENT;EFS;EUR;74;119.64000000;2421;EXCHANGE_LAST;;1;1;XEUR;11820390;689;
30.04.2025;14:23:40.270;FGBM SI 20250606 PS;SIMPLE_INSTRUMENT;EFS;EUR;75;119.68000000;853;EXCHANGE_LAST;;1;1;XEUR;11820390;689;
30.04.2025;14:23:53.001;FGBM SI 20250606 PS;SIMPLE_INSTRUMENT;EFS;EUR;76;119.65000000;852;EXCHANGE_LAST;;1;1;XEUR;11820390;689;
30.04.2025;14:27:25.434;FGBM SI 20250606 PS;SIMPLE_INSTRUMENT;EFS;EUR;77;119.68000000;426;EXCHANGE_LAST;;1;1;XEUR;11820390;689;
30.04.2025;14:29:02.711;FGBM SI 20250606 PS;SIMPLE_INSTRUMENT;EFP_FIN;EUR;78;119.67000000;1281;EXCHANGE_LAST;;1;1;XEUR;11820390;689;
30.04.2025;14:29:40.535;FGBM SI 20250606 PS;SIMPLE_INSTRUMENT;EFS;EUR;79;119.67000000;853;EXCHANGE_LAST;;1;1;XEUR;11820390;689;
30.04.2025;14:29:55.549;FGBM SI 20250606 PS;SIMPLE_INSTRUMENT;EFS;EUR;80;119.67000000;853;EXCHANGE_LAST;;1;1;XEUR;11820390;689;
30.04.2025;14:30:10.564;FGBM SI 20250606 PS;SIMPLE_INSTRUMENT;EFS;EUR;81;119.67000000;426;EXCHANGE_LAST;;1;1;XEUR;11820390;689;
30.04.2025;14:30:15.571;FGBM SI 20250606 PS;SIMPLE_INSTRUMENT;EFS;EUR;82;119.67000000;426;EXCHANGE_LAST;;1;1;XEUR;11820390;689;
30.04.2025;14:30:16.423;FGBM SI 20250606 PS;SIMPLE_INSTRUMENT;EFS;EUR;83;119.63000000;566;EXCHANGE_LAST;;1;1;XEUR;11820390;689;
30.04.2025;14:34:30.783;FGBM SI 20250606 PS;SIMPLE_INSTRUMENT;EFS;EUR;84;119.66000000;426;EXCHANGE_LAST;;1;1;XEUR;11820390;689;
30.04.2025;14:35:28.427;FGBM SI 20250606 PS;SIMPLE_INSTRUMENT;EFP_FIN;EUR;85;119.65000000;1192;EXCHANGE_LAST;;1;1;XEUR;11820390;689;
30.04.2025;14:39:28.109;FGBM SI 20250606 PS;SIMPLE_INSTRUMENT;EFS;EUR;86;119.67000000;853;EXCHANGE_LAST;;1;1;XEUR;11820390;689;
30.04.2025;14:39:44.432;FGBM SI 20250606 PS;SIMPLE_INSTRUMENT;EFS;EUR;87;119.67000000;853;EXCHANGE_LAST;;1;1;XEUR;11820390;689;
30.04.2025;14:39:56.424;FGBM SI 20250606 PS;SIMPLE_INSTRUMENT;EFS;EUR;88;119.67000000;853;EXCHANGE_LAST;;1;1;XEUR;11820390;689;
30.04.2025;14:40:10.485;FGBM SI 20250606 PS;SIMPLE_INSTRUMENT;EFS;EUR;89;119.67000000;853;EXCHANGE_LAST;;1;1;XEUR;11820390;689;
30.04.2025;14:41:27.105;FGBM SI 20250606 PS;SIMPLE_INSTRUMENT;EFS;EUR;90;119.69000000;853;EXCHANGE_LAST;;1;1;XEUR;11820390;689;
30.04.2025;14:41:27.150;FGBM SI 20250606 PS;SIMPLE_INSTRUMENT;EFS;EUR;91;119.69000000;853;EXCHANGE_LAST;;1;1;XEUR;11820390;689;
30.04.2025;14:45:07.628;FGBM SI 20250606 PS;SIMPLE_INSTRUMENT;EFS;EUR;92;119.68000000;852;EXCHANGE_LAST;;1;1;XEUR;11820390;689;
30.04.2025;14:47:02.216;FGBM SI 20250606 PS;SIMPLE_INSTRUMENT;EFS;EUR;93;119.68000000;852;EXCHANGE_LAST;;1;1;XEUR;11820390;689;
30.04.2025;14:56:00.874;FGBM SI 20250606 PS;SIMPLE_INSTRUMENT;EFS;EUR;94;119.65000000;401;EXCHANGE_LAST;;1;1;XEUR;11820390;689;
30.04.2025;15:00:16.829;FGBM SI 20250606 PS;SIMPLE_INSTRUMENT;EFP_FIN;EUR;95;119.66000000;315;EXCHANGE_LAST;;1;1;XEUR;11820390;689;
30.04.2025;15:02:04.610;FGBM SI 20250606 PS;SIMPLE_INSTRUMENT;EFS;EUR;96;119.67000000;916;EXCHANGE_LAST;;1;1;XEUR;11820390;689;
30.04.2025;15:08:04.329;FGBM SI 20250606 PS;SIMPLE_INSTRUMENT;EFP_FIN;EUR;97;119.67000000;852;EXCHANGE_LAST;;1;1;XEUR;11820390;689;
30.04.2025;15:12:25.684;FGBM SI 20250606 PS;SIMPLE_INSTRUMENT;EFP_FIN;EUR;98;119.66000000;1272;EXCHANGE_LAST;;1;1;XEUR;11820390;689;
30.04.2025;15:14:40.364;FGBM SI 20250606 PS;SIMPLE_INSTRUMENT;EFS;EUR;99;119.67000000;916;EXCHANGE_LAST;;1;1;XEUR;11820390;689;
30.04.2025;15:23:12.982;FGBM SI 20250606 PS;SIMPLE_INSTRUMENT;EFP_FIN;EUR;100;119.67000000;852;EXCHANGE_LAST;;1;1;XEUR;11820390;689;
30.04.2025;15:31:23.318;FGBM SI 20250606 PS;SIMPLE_INSTRUMENT;EFP_FIN;EUR;101;119.65000000;243;EXCHANGE_LAST;;1;1;XEUR;11820390;689;
30.04.2025;15:28:46.184;FGBM SI 20250606 PS;SIMPLE_INSTRUMENT;EFS;EUR;102;119.66000000;1012;EXCHANGE_LAST;;1;1;XEUR;11820390;689;
30.04.2025;15:39:32.027;FGBM SI 20250606 PS;SIMPLE_INSTRUMENT;EFS;EUR;103;119.64000000;2400;EXCHANGE_LAST;;1;1;XEUR;11820390;689;
30.04.2025;15:44:57.380;FGBM SI 20250606 PS;SIMPLE_INSTRUMENT;EFS;EUR;104;119.68000000;549;EXCHANGE_LAST;;1;1;XEUR;11820390;689;
30.04.2025;15:55:40.729;FGBM SI 20250606 PS;SIMPLE_INSTRUMENT;EFS;EUR;105;119.69000000;852;EXCHANGE_LAST;;1;1;XEUR;11820390;689;
30.04.2025;15:56:35.655;FGBM SI 20250606 PS;SIMPLE_INSTRUMENT;EFS;EUR;106;119.69000000;852;EXCHANGE_LAST;;1;1;XEUR;11820390;689;
30.04.2025;07:01:28.462;FGBS SI 20250606 PS;SIMPLE_INSTRUMENT;EFS;EUR;1;107.48000000;2718;EXCHANGE_LAST;;1;1;XEUR;11820391;690;
30.04.2025;07:05:21.677;FGBS SI 20250606 PS;SIMPLE_INSTRUMENT;EFS;EUR;2;107.48000000;745;EXCHANGE_LAST;;1;1;XEUR;11820391;690;
30.04.2025;07:18:12.461;FGBS SI 20250606 PS;SIMPLE_INSTRUMENT;EFP_FIN;EUR;3;107.48000000;587;EXCHANGE_LAST;;1;1;XEUR;11820391;690;
30.04.2025;07:31:14.814;FGBS SI 20250606 PS;SIMPLE_INSTRUMENT;EFP_FIN;EUR;4;107.50000000;491;EXCHANGE_LAST;;1;1;XEUR;11820391;690;
30.04.2025;07:59:52.925;FGBS SI 20250606 PS;SIMPLE_INSTRUMENT;EFP_FIN;EUR;5;107.51000000;1211;EXCHANGE_LAST;;1;1;XEUR;11820391;690;
30.04.2025;08:26:09.982;FGBS SI 20250606 PS;SIMPLE_INSTRUMENT;EFS;EUR;6;107.51000000;1025;EXCHANGE_LAST;;1;1;XEUR;11820391;690;
30.04.2025;08:37:09.253;FGBS SI 20250606 PS;SIMPLE_INSTRUMENT;EFP_FIN;EUR;7;107.51000000;120;EXCHANGE_LAST;;1;1;XEUR;11820391;690;
30.04.2025;08:35:56.556;FGBS SI 20250606 PS;SIMPLE_INSTRUMENT;EFS;EUR;8;107.52000000;2000;EXCHANGE_LAST;;1;1;XEUR;11820391;690;
30.04.2025;08:36:01.831;FGBS SI 20250606 PS;SIMPLE_INSTRUMENT;EFS;EUR;9;107.52000000;2000;EXCHANGE_LAST;;1;1;XEUR;11820391;690;
30.04.2025;09:12:08.912;FGBS SI 20250606 PS;SIMPLE_INSTRUMENT;EFP_FIN;EUR;11;107.53000000;938;EXCHANGE_LAST;;1;1;XEUR;11820391;690;
30.04.2025;09:24:31.896;FGBS SI 20250606 PS;SIMPLE_INSTRUMENT;EFS;EUR;12;107.54000000;2388;EXCHANGE_LAST;;1;1;XEUR;11820391;690;
30.04.2025;09:24:45.898;FGBS SI 20250606 PS;SIMPLE_INSTRUMENT;EFS;EUR;13;107.54000000;2388;EXCHANGE_LAST;;1;1;XEUR;11820391;690;
30.04.2025;09:25:38.077;FGBS SI 20250606 PS;SIMPLE_INSTRUMENT;EFP_FIN;EUR;14;107.50000000;679;EXCHANGE_LAST;;1;1;XEUR;11820391;690;
30.04.2025;09:35:21.854;FGBS SI 20250606 PS;SIMPLE_INSTRUMENT;EFP_FIN;EUR;15;107.53000000;1466;EXCHANGE_LAST;;1;1;XEUR;11820391;690;
30.04.2025;09:56:54.226;FGBS SI 20250606 PS;SIMPLE_INSTRUMENT;EFP_FIN;EUR;16;107.52500000;1465;EXCHANGE_LAST;;1;1;XEUR;11820391;690;
30.04.2025;09:58:05.549;FGBS SI 20250606 PS;SIMPLE_INSTRUMENT;EFS;EUR;17;107.53500000;2390;EXCHANGE_LAST;;1;1;XEUR;11820391;690;
30.04.2025;10:13:21.121;FGBS SI 20250606 PS;SIMPLE_INSTRUMENT;EFS;EUR;18;107.53500000;4240;EXCHANGE_LAST;;1;1;XEUR;11820391;690;
30.04.2025;10:17:22.321;FGBS SI 20250606 PS;SIMPLE_INSTRUMENT;EFS;EUR;19;107.53500000;2716;EXCHANGE_LAST;;1;1;XEUR;11820391;690;
30.04.2025;10:31:19.218;FGBS SI 20250606 PS;SIMPLE_INSTRUMENT;EFS;EUR;20;107.52500000;2390;EXCHANGE_LAST;;1;1;XEUR;11820391;690;
30.04.2025;10:31:39.134;FGBS SI 20250606 PS;SIMPLE_INSTRUMENT;EFP_FIN;EUR;21;107.53000000;1642;EXCHANGE_LAST;;1;1;XEUR;11820391;690;
30.04.2025;10:36:56.645;FGBS SI 20250606 PS;SIMPLE_INSTRUMENT;EFS;EUR;22;107.53500000;2390;EXCHANGE_LAST;;1;1;XEUR;11820391;690;
30.04.2025;10:37:00.660;FGBS SI 20250606 PS;SIMPLE_INSTRUMENT;EFS;EUR;23;107.53500000;2390;EXCHANGE_LAST;;1;1;XEUR;11820391;690;
30.04.2025;11:00:07.094;FGBS SI 20250606 PS;SIMPLE_INSTRUMENT;EFS;EUR;24;107.51000000;2717;EXCHANGE_LAST;;1;1;XEUR;11820391;690;
30.04.2025;11:00:31.735;FGBS SI 20250606 PS;SIMPLE_INSTRUMENT;EFS;EUR;25;107.52000000;1358;EXCHANGE_LAST;;1;1;XEUR;11820391;690;
30.04.2025;11:30:05.394;FGBS SI 20250606 PS;SIMPLE_INSTRUMENT;EFP_FIN;EUR;26;107.53500000;2213;EXCHANGE_LAST;;1;1;XEUR;11820391;690;
30.04.2025;11:42:19.133;FGBS SI 20250606 PS;SIMPLE_INSTRUMENT;EFS;EUR;27;107.53000000;3552;EXCHANGE_LAST;;1;1;XEUR;11820391;690;
30.04.2025;11:45:31.227;FGBS SI 20250606 PS;SIMPLE_INSTRUMENT;EFS;EUR;28;107.53000000;815;EXCHANGE_LAST;;1;1;XEUR;11820391;690;
30.04.2025;11:59:05.985;FGBS SI 20250606 PS;SIMPLE_INSTRUMENT;EFS;EUR;29;107.53500000;2388;EXCHANGE_LAST;;1;1;XEUR;11820391;690;
30.04.2025;13:30:09.046;FGBS SI 20250606 PS;SIMPLE_INSTRUMENT;EFP_FIN;EUR;30;107.55500000;2266;EXCHANGE_LAST;;1;1;XEUR;11820391;690;
30.04.2025;13:32:14.009;FGBS SI 20250606 PS;SIMPLE_INSTRUMENT;EFP_FIN;EUR;31;107.56500000;1360;EXCHANGE_LAST;;1;1;XEUR;11820391;690;
30.04.2025;13:42:37.861;FGBS SI 20250606 PS;SIMPLE_INSTRUMENT;EFS;EUR;32;107.56500000;5000;EXCHANGE_LAST;;1;1;XEUR;11820391;690;
30.04.2025;13:48:51.200;FGBS SI 20250606 PS;SIMPLE_INSTRUMENT;EFS;EUR;33;107.55500000;4777;EXCHANGE_LAST;;1;1;XEUR;11820391;690;
30.04.2025;13:55:01.948;FGBS SI 20250606 PS;SIMPLE_INSTRUMENT;EFS;EUR;34;107.57500000;1357;EXCHANGE_LAST;;1;1;XEUR;11820391;690;
30.04.2025;14:00:59.653;FGBS SI 20250606 PS;SIMPLE_INSTRUMENT;EFS;EUR;35;107.57000000;4075;EXCHANGE_LAST;;1;1;XEUR;11820391;690;
30.04.2025;14:05:24.519;FGBS SI 20250606 PS;SIMPLE_INSTRUMENT;EFS;EUR;36;107.57500000;4775;EXCHANGE_LAST;;1;1;XEUR;11820391;690;
30.04.2025;14:10:17.844;FGBS SI 20250606 PS;SIMPLE_INSTRUMENT;EFS;EUR;37;107.56500000;6690;EXCHANGE_LAST;;1;1;XEUR;11820391;690;
30.04.2025;14:14:30.528;FGBS SI 20250606 PS;SIMPLE_INSTRUMENT;EFS;EUR;38;107.57000000;1300;EXCHANGE_LAST;;1;1;XEUR;11820391;690;
30.04.2025;14:15:30.890;FGBS SI 20250606 PS;SIMPLE_INSTRUMENT;EFS;EUR;39;107.57500000;5735;EXCHANGE_LAST;;1;1;XEUR;11820391;690;
30.04.2025;14:29:02.402;FGBS SI 20250606 PS;SIMPLE_INSTRUMENT;EFS;EUR;40;107.59000000;2714;EXCHANGE_LAST;;1;1;XEUR;11820391;690;
30.04.2025;14:37:02.853;FGBS SI 20250606 PS;SIMPLE_INSTRUMENT;EFP_FIN;EUR;42;107.58000000;527;EXCHANGE_LAST;;1;1;XEUR;11820391;690;
30.04.2025;14:37:01.397;FGBS SI 20250606 PS;SIMPLE_INSTRUMENT;EFS;EUR;43;107.58000000;1624;EXCHANGE_LAST;;1;1;XEUR;11820391;690;
30.04.2025;14:53:20.433;FGBS SI 20250606 PS;SIMPLE_INSTRUMENT;EFS;EUR;44;107.59000000;2714;EXCHANGE_LAST;;1;1;XEUR;11820391;690;
30.04.2025;14:53:26.905;FGBS SI 20250606 PS;SIMPLE_INSTRUMENT;EFP_FIN;EUR;45;107.58000000;527;EXCHANGE_LAST;;1;1;XEUR;11820391;690;
30.04.2025;15:09:05.211;FGBS SI 20250606 PS;SIMPLE_INSTRUMENT;EFP_FIN;EUR;46;107.57000000;618;EXCHANGE_LAST;;1;1;XEUR;11820391;690;
30.04.2025;15:20:55.141;FGBS SI 20250606 PS;SIMPLE_INSTRUMENT;EFS;EUR;47;107.57000000;4769;EXCHANGE_LAST;;1;1;XEUR;11820391;690;
30.04.2025;15:21:00.874;FGBS SI 20250606 PS;SIMPLE_INSTRUMENT;EFP_FIN;EUR;48;107.59000000;602;EXCHANGE_LAST;;1;1;XEUR;11820391;690;
30.04.2025;15:27:17.908;FGBS SI 20250606 PS;SIMPLE_INSTRUMENT;EFS;EUR;49;107.57500000;975;EXCHANGE_LAST;;1;1;XEUR;11820391;690;
30.04.2025;15:27:31.274;FGBS SI 20250606 PS;SIMPLE_INSTRUMENT;EFP_FIN;EUR;50;107.57500000;762;EXCHANGE_LAST;;1;1;XEUR;11820391;690;
30.04.2025;15:38:28.578;FGBS SI 20250606 PS;SIMPLE_INSTRUMENT;EFS;EUR;51;107.57500000;4000;EXCHANGE_LAST;;1;1;XEUR;11820391;690;
30.04.2025;15:40:31.734;FGBS SI 20250606 PS;SIMPLE_INSTRUMENT;EFP_FIN;EUR;52;107.57000000;337;EXCHANGE_LAST;;1;1;XEUR;11820391;690;
30.04.2025;15:28:50.239;FGBS SI 20250606 PS;SIMPLE_INSTRUMENT;VOLA;EUR;268435557;107.55000000;42;EXCHANGE_LAST;;1;1;XEUR;11820391;690;
30.04.2025;08:01:19.688;FGBX SI 20250606 PS;SIMPLE_INSTRUMENT;EFP_FIN;EUR;1;124.06000000;186;EXCHANGE_LAST;;1;1;XEUR;11820392;691;
30.04.2025;08:27:33.579;FGBX SI 20250606 PS;SIMPLE_INSTRUMENT;EFP_FIN;EUR;3;124.06000000;91;EXCHANGE_LAST;;1;1;XEUR;11820392;691;
30.04.2025;08:28:22.355;FGBX SI 20250606 PS;SIMPLE_INSTRUMENT;EFP_FIN;EUR;4;124.06000000;51;EXCHANGE_LAST;;1;1;XEUR;11820392;691;
30.04.2025;08:34:07.742;FGBX SI 20250606 PS;SIMPLE_INSTRUMENT;EFS;EUR;5;124.10000000;401;EXCHANGE_LAST;;1;1;XEUR;11820392;691;
30.04.2025;09:12:19.922;FGBX SI 20250606 PS;SIMPLE_INSTRUMENT;EFP_FIN;EUR;6;124.00000000;165;EXCHANGE_LAST;;1;1;XEUR;11820392;691;
30.04.2025;09:17:08.986;FGBX SI 20250606 PS;SIMPLE_INSTRUMENT;EFP_FIN;EUR;7;124.02000000;449;EXCHANGE_LAST;;1;1;XEUR;11820392;691;
30.04.2025;09:29:32.988;FGBX SI 20250606 PS;SIMPLE_INSTRUMENT;EFS;EUR;8;124.08000000;100;EXCHANGE_LAST;;1;1;XEUR;11820392;691;
30.04.2025;10:42:06.552;FGBX SI 20250606 PS;SIMPLE_INSTRUMENT;EFS;EUR;12;124.00000000;172;EXCHANGE_LAST;;1;1;XEUR;11820392;691;
30.04.2025;11:20:25.369;FGBX SI 20250606 PS;SIMPLE_INSTRUMENT;EFP_FIN;EUR;14;124.06000000;57;EXCHANGE_LAST;;1;1;XEUR;11820392;691;
30.04.2025;11:21:07.049;FGBX SI 20250606 PS;SIMPLE_INSTRUMENT;EFP_FIN;EUR;16;124.06000000;57;EXCHANGE_LAST;;1;1;XEUR;11820392;691;
30.04.2025;11:47:57.278;FGBX SI 20250606 PS;SIMPLE_INSTRUMENT;EFS;EUR;17;123.90000000;106;EXCHANGE_LAST;;1;1;XEUR;11820392;691;
30.04.2025;13:16:49.878;FGBX SI 20250606 PS;SIMPLE_INSTRUMENT;EFS;EUR;23;124.08000000;35;EXCHANGE_LAST;;1;1;XEUR;11820392;691;
30.04.2025;13:53:40.585;FGBX SI 20250606 PS;SIMPLE_INSTRUMENT;EFP_FIN;EUR;24;124.14000000;744;EXCHANGE_LAST;;1;1;XEUR;11820392;691;
30.04.2025;13:59:15.648;FGBX SI 20250606 PS;SIMPLE_INSTRUMENT;EFP_FIN;EUR;26;123.98000000;203;EXCHANGE_LAST;;1;1;XEUR;11820392;691;
30.04.2025;14:24:34.083;FGBX SI 20250606 PS;SIMPLE_INSTRUMENT;EFP_FIN;EUR;27;124.04000000;177;EXCHANGE_LAST;;1;1;XEUR;11820392;691;
30.04.2025;14:56:23.494;FGBX SI 20250606 PS;SIMPLE_INSTRUMENT;EFP_FIN;EUR;34;124.10000000;192;EXCHANGE_LAST;;1;1;XEUR;11820392;691;
30.04.2025;15:03:09.194;FGBX SI 20250606 PS;SIMPLE_INSTRUMENT;EFP_FIN;EUR;35;124.08000000;177;EXCHANGE_LAST;;1;1;XEUR;11820392;691;
30.04.2025;15:15:46.357;FGBX SI 20250606 PS;SIMPLE_INSTRUMENT;EFP_FIN;EUR;38;124.28000000;96;EXCHANGE_LAST;;1;1;XEUR;11820392;691;
30.04.2025;15:24:29.662;FGBX SI 20250606 PS;SIMPLE_INSTRUMENT;EFP_FIN;EUR;39;124.32000000;354;EXCHANGE_LAST;;1;1;XEUR;11820392;691;
30.04.2025;15:32:52.538;FGBX SI 20250606 PS;SIMPLE_INSTRUMENT;EFS;EUR;40;124.20000000;44;EXCHANGE_LAST;;1;1;XEUR;11820392;691;
30.04.2025;15:32:48.537;FGBX SI 20250606 PS;SIMPLE_INSTRUMENT;EFS;EUR;41;124.22000000;44;EXCHANGE_LAST;;1;1;XEUR;11820392;691;
30.04.2025;15:50:25.751;FGBX SI 20250606 PS;SIMPLE_INSTRUMENT;EFP_FIN;EUR;42;124.16000000;368;EXCHANGE_LAST;;1;1;XEUR;11820392;691;
30.04.2025;15:48:39.207;FGBX SI 20250606 PS;SIMPLE_INSTRUMENT;EFP_FIN;EUR;43;124.16000000;632;EXCHANGE_LAST;;1;1;XEUR;11820392;691;
30.04.2025;15:55:59.582;FGBX SI 20250606 PS;SIMPLE_INSTRUMENT;EFS;EUR;44;124.24000000;200;EXCHANGE_LAST;;1;1;XEUR;11820392;691;
30.04.2025;15:56:36.057;FGBX SI 20250606 PS;SIMPLE_INSTRUMENT;EFS;EUR;45;124.26000000;400;EXCHANGE_LAST;;1;1;XEUR;11820392;691;
30.04.2025;15:59:50.975;FGBX SI 20250606 PS;SIMPLE_INSTRUMENT;EFP_FIN;EUR;46;124.26000000;372;EXCHANGE_LAST;;1;1;XEUR;11820392;691;
30.04.2025;13:11:55.289;FIA5.O.250430.BER.000004;STANDARD_OPTION_STRATEGY;BLOCK;EUR;24;4.00000000;1000;EXCHANGE_LAST;;1;1;XEUR;72264727425720316;48227;
30.04.2025;13:11:55.289;FIA5 SI 20250619 PS AM P 18.00 0;SIMPLE_INSTRUMENT;BLOCK;EUR;24;9.84950000;1000;PRC_DECOMP_EXCHANGE;;;;XEUR;9533232;48227;EXCHANGE
30.04.2025;13:11:55.289;FIA5 SI 20250619 PS AM P 14.00 0;SIMPLE_INSTRUMENT;BLOCK;EUR;24;5.84950000;1000;PRC_DECOMP_EXCHANGE;;;;XEUR;9533228;48227;EXCHANGE
30.04.2025;16:04:00.207;FMCE SI 20250620 CS;SIMPLE_INSTRUMENT;EFP_IDX;EUR;76;539.00000000;85;EXCHANGE_LAST;;1;1;XEUR;9693466;665;
30.04.2025;16:04:00.241;FMCE SI 20250620 CS;SIMPLE_INSTRUMENT;EFP_IDX;EUR;77;538.90000000;85;EXCHANGE_LAST;;1;1;XEUR;9693466;665;
30.04.2025;00:52:42.496;FMCH SI 20250620 CS;SIMPLE_INSTRUMENT;BLOCK;USD;2;559.15000000;180;EXCHANGE_LAST;;1;1;XEUR;7940815;402909;
30.04.2025;08:19:06.289;FMCH SI 20250620 CS;SIMPLE_INSTRUMENT;BLOCK;USD;17;562.13800000;684;EXCHANGE_LAST;;1;1;XEUR;7940815;402909;
30.04.2025;08:28:58.860;FMCH SI 20250620 CS;SIMPLE_INSTRUMENT;BLOCK;USD;18;562.00000000;179;EXCHANGE_LAST;;1;1;XEUR;7940815;402909;
30.04.2025;11:45:15.709;FMCH SI 20250620 CS;SIMPLE_INSTRUMENT;BLOCK;USD;24;563.00000000;179;EXCHANGE_LAST;;1;1;XEUR;7940815;402909;
30.04.2025;15:48:34.122;FMCP SI 20250620 CS;SIMPLE_INSTRUMENT;EFP_IDX;EUR;73;556.60000000;211;EXCHANGE_LAST;;1;1;XEUR;11880750;662;
30.04.2025;15:48:51.090;FMCP SI 20250620 CS;SIMPLE_INSTRUMENT;EFP_IDX;EUR;74;556.70000000;140;EXCHANGE_LAST;;1;1;XEUR;11880750;662;
30.04.2025;15:56:09.325;FMEF SI 20250620 CS;SIMPLE_INSTRUMENT;BLOCK;USD;40;1103.00000000;240;EXCHANGE_LAST;;1;1;XEUR;7408968;30657;
30.04.2025;13:30:58.639;FMEM SI 20250620 CS;SIMPLE_INSTRUMENT;BLOCK;USD;29;596.13000000;69;EXCHANGE_LAST;;1;1;XEUR;7938803;12394;
30.04.2025;07:08:19.522;FMEN SI 20250620 CS;SIMPLE_INSTRUMENT;EFP_IDX;EUR;13;491.32000000;4;EXCHANGE_LAST;;1;1;XEUR;7939172;30652;
30.04.2025;07:09:24.429;FMEN SI 20250620 CS;SIMPLE_INSTRUMENT;EFP_IDX;EUR;14;491.32000000;3;EXCHANGE_LAST;;1;1;XEUR;7939172;30652;
30.04.2025;06:39:46.946;FMES SI 20250620 CS;SIMPLE_INSTRUMENT;BLOCK;EUR;11;570.10800000;10;EXCHANGE_LAST;;1;1;XEUR;7940344;221291;
30.04.2025;06:10:16.572;FMEU SI 20250620 CS;SIMPLE_INSTRUMENT;EFP_IDX;EUR;8;351.98500000;45;EXCHANGE_LAST;;1;1;XEUR;7938710;7058;
30.04.2025;07:35:42.752;FMEU SI 20250620 CS;SIMPLE_INSTRUMENT;EFP_IDX;EUR;16;351.99000000;192;EXCHANGE_LAST;;1;1;XEUR;7938710;7058;
30.04.2025;07:30:59.335;FMGC SI 20250620 CS;SIMPLE_INSTRUMENT;BLOCK;USD;15;13356.88000000;200;EXCHANGE_LAST;;1;1;XEUR;7939680;48916;
30.04.2025;13:41:07.855;FMGO SI 20250620 CS;SIMPLE_INSTRUMENT;BLOCK;USD;30;5520.00000000;3;EXCHANGE_LAST;;1;1;XEUR;8609371;583623;
30.04.2025;02:42:28.931;FMHK SI 20250620 CS;SIMPLE_INSTRUMENT;BLOCK;USD;3;57901.47900000;29;EXCHANGE_LAST;;1;1;XEUR;7939458;45282;
30.04.2025;04:29:56.173;FMID SI 20250620 CS;SIMPLE_INSTRUMENT;BLOCK;USD;2;1450.60000000;10;EXCHANGE_LAST;;1;1;XEUR;7939464;45289;
30.04.2025;00:34:55.847;FMIN SI 20250620 CS;SIMPLE_INSTRUMENT;EFP_IDX;USD;1;1265.48200000;16;EXCHANGE_LAST;;1;1;XEUR;7938852;12404;
30.04.2025;04:12:27.561;FMIN SI 20250620 CS;SIMPLE_INSTRUMENT;BLOCK;USD;4;1266.36200000;49;EXCHANGE_LAST;;1;1;XEUR;7938852;12404;
30.04.2025;06:39:09.026;FMIN SI 20250620 CS;SIMPLE_INSTRUMENT;BLOCK;USD;10;1266.44000000;1080;EXCHANGE_LAST;;1;1;XEUR;7938852;12404;
30.04.2025;10:14:47.571;FMIN SI 20250620 CS;SIMPLE_INSTRUMENT;BLOCK;USD;20;1272.27500000;87;EXCHANGE_LAST;;1;1;XEUR;7938852;12404;
30.04.2025;10:19:19.516;FMIN SI 20250620 CS;SIMPLE_INSTRUMENT;BLOCK;USD;21;1273.16300000;64;EXCHANGE_LAST;;1;1;XEUR;7938852;12404;
30.04.2025;11:43:08.884;FMJP SI 20250620 CS;SIMPLE_INSTRUMENT;BLOCK;USD;23;9109.00000000;120;EXCHANGE_LAST;;1;1;XEUR;7937445;661;
30.04.2025;05:59:20.572;FMPH SI 20250620 CS;SIMPLE_INSTRUMENT;BLOCK;USD;3;437.55000000;10;EXCHANGE_LAST;;1;1;XEUR;7938856;12548;
30.04.2025;12:16:41.506;FMSA SI 20250620 CS;SIMPLE_INSTRUMENT;BLOCK;USD;25;1781.82200000;19;EXCHANGE_LAST;;1;1;XEUR;7940199;134861;
30.04.2025;12:16:56.600;FMSA SI 20250620 CS;SIMPLE_INSTRUMENT;BLOCK;USD;26;1781.82300000;172;EXCHANGE_LAST;;1;1;XEUR;7940199;134861;
30.04.2025;00:34:37.207;FMTW SI 20250620 CS;SIMPLE_INSTRUMENT;BLOCK;USD;1;737.21500000;20;EXCHANGE_LAST;;1;1;XEUR;7939790;51884;
30.04.2025;11:16:23.843;FMUA SI 20250620 CS;SIMPLE_INSTRUMENT;BLOCK;USD;4;961.04000000;82;EXCHANGE_LAST;;1;1;XEUR;7939459;45284;
30.04.2025;06:05:28.111;FMWN SI 20250620 CS;SIMPLE_INSTRUMENT;EFP_IDX;EUR;7;523.41000000;30;EXCHANGE_LAST;;1;1;XEUR;7939177;30654;
30.04.2025;15:29:42.406;FMWN SI 20250620 CS;SIMPLE_INSTRUMENT;BLOCK;EUR;31;521.30000000;554;EXCHANGE_LAST;;1;1;XEUR;7939177;30654;
30.04.2025;05:52:44.447;FMWO SI 20250620 CS;SIMPLE_INSTRUMENT;EFP_IDX;USD;6;11669.94000000;56;EXCHANGE_LAST;;1;1;XEUR;7938711;7059;
30.04.2025;06:58:45.942;FMWO SI 20250620 CS;SIMPLE_INSTRUMENT;EFP_IDX;USD;12;11666.19000000;79;EXCHANGE_LAST;;1;1;XEUR;7938711;7059;
30.04.2025;04:19:17.265;FMXJ SI 20250620 CS;SIMPLE_INSTRUMENT;BLOCK;USD;5;593.80000000;4;EXCHANGE_LAST;;1;1;XEUR;7939774;51660;
30.04.2025;07:24:35.149;FOAT SI 20250606 PS;SIMPLE_INSTRUMENT;BLOCK;EUR;1;125.34000000;984;EXCHANGE_LAST;;1;1;XEUR;11820393;749;
30.04.2025;07:40:38.303;FOAT SI 20250606 PS;SIMPLE_INSTRUMENT;EFP_FIN;EUR;2;125.49000000;1261;EXCHANGE_LAST;;1;1;XEUR;11820393;749;
30.04.2025;07:44:50.777;FOAT SI 20250606 PS;SIMPLE_INSTRUMENT;EFS;EUR;3;125.47000000;398;EXCHANGE_LAST;;1;1;XEUR;11820393;749;
30.04.2025;07:45:38.678;FOAT SI 20250606 PS;SIMPLE_INSTRUMENT;EFP_FIN;EUR;4;125.44000000;843;EXCHANGE_LAST;;1;1;XEUR;11820393;749;
30.04.2025;07:55:31.497;FOAT SI 20250606 PS;SIMPLE_INSTRUMENT;EFP_FIN;EUR;5;125.42000000;1549;EXCHANGE_LAST;;1;1;XEUR;11820393;749;
30.04.2025;07:57:05.230;FOAT SI 20250606 PS;SIMPLE_INSTRUMENT;EFP_FIN;EUR;6;125.49000000;1261;EXCHANGE_LAST;;1;1;XEUR;11820393;749;
30.04.2025;07:57:55.073;FOAT SI 20250606 PS;SIMPLE_INSTRUMENT;EFP_FIN;EUR;7;125.51000000;79;EXCHANGE_LAST;;1;1;XEUR;11820393;749;
30.04.2025;08:00:07.997;FOAT SI 20250606 PS;SIMPLE_INSTRUMENT;EFP_FIN;EUR;8;125.49000000;425;EXCHANGE_LAST;;1;1;XEUR;11820393;749;
30.04.2025;08:03:10.256;FOAT SI 20250606 PS;SIMPLE_INSTRUMENT;BLOCK;EUR;9;125.53000000;909;EXCHANGE_LAST;;1;1;XEUR;11820393;749;
30.04.2025;08:04:21.840;FOAT SI 20250606 PS;SIMPLE_INSTRUMENT;EFP_FIN;EUR;10;125.51000000;288;EXCHANGE_LAST;;1;1;XEUR;11820393;749;
30.04.2025;08:06:28.711;FOAT SI 20250606 PS;SIMPLE_INSTRUMENT;EFP_FIN;EUR;11;125.50000000;3152;EXCHANGE_LAST;;1;1;XEUR;11820393;749;
30.04.2025;08:08:46.249;FOAT SI 20250606 PS;SIMPLE_INSTRUMENT;EFP_FIN;EUR;12;125.50000000;1182;EXCHANGE_LAST;;1;1;XEUR;11820393;749;
30.04.2025;08:08:03.820;FOAT SI 20250606 PS;SIMPLE_INSTRUMENT;EFP_FIN;EUR;13;125.51000000;788;EXCHANGE_LAST;;1;1;XEUR;11820393;749;
30.04.2025;08:09:25.166;FOAT SI 20250606 PS;SIMPLE_INSTRUMENT;EFP_FIN;EUR;14;125.50000000;871;EXCHANGE_LAST;;1;1;XEUR;11820393;749;
30.04.2025;08:15:38.184;FOAT SI 20250606 PS;SIMPLE_INSTRUMENT;EFP_FIN;EUR;15;125.54000000;788;EXCHANGE_LAST;;1;1;XEUR;11820393;749;
30.04.2025;08:15:59.106;FOAT SI 20250606 PS;SIMPLE_INSTRUMENT;EFP_FIN;EUR;16;125.54000000;473;EXCHANGE_LAST;;1;1;XEUR;11820393;749;
