#Date;TrdTime;Contract;ContractType;TrdTyp;Currency;TesId;Prc;Qty;TrdInd;Aggressor;Buy;Sell;Exch;InstrumentId;RelatedProdId;PrcDecomp
28.10.2024;16:07:49.007;A2XA SI 20251219 CS;SIMPLE_INSTRUMENT;BLOCK;EUR;40;2.09500000;250;EXCHANGE_LAST;;1;1;XEUR;3681055;17;
28.10.2024;16:27:33.884;A2XA SI 20251219 CS;SIMPLE_INSTRUMENT;BLOCK;EUR;42;2.09500000;250;EXCHANGE_LAST;;1;1;XEUR;3681055;17;
28.10.2024;16:29:17.537;A2XA SI 20261218 CS;SIMPLE_INSTRUMENT;BLOCK;EUR;43;2.09500000;200;EXCHANGE_LAST;;1;1;XEUR;4632093;17;
28.10.2024;14:22:34.992;ABBN.O.241028.PDIA.000004;STANDARD_OPTION_STRATEGY;BLOCK;CHF;31;1.02000000;1250;EXCHANGE_LAST;;1;1;XEUR;74525125763933341;574517;
28.10.2024;14:22:34.992;ABBN SI 20250919 PS AM P 40.00 0;SIMPLE_INSTRUMENT;BLOCK;CHF;31;1.26000000;1250;PRC_DECOMP_EXCHANGE;;;;XEUR;11927934;574517;EXCHANGE
28.10.2024;14:22:34.992;ABBN SI 20250321 PS AM P 36.00 0;SIMPLE_INSTRUMENT;BLOCK;CHF;31;0.24000000;1250;PRC_DECOMP_EXCHANGE;;;;XEUR;10886875;574517;EXCHANGE
28.10.2024;15:23:20.560;ABBN.O.241028.BER.000006;STANDARD_OPTION_STRATEGY;BLOCK;CHF;39;5.98000000;7000;EXCHANGE_LAST;;1;2;XEUR;74525125763933343;574517;
28.10.2024;15:23:20.560;ABBN SI 20250620 PS AM P 44.00 0;SIMPLE_INSTRUMENT;BLOCK;CHF;39;1.55000000;7000;PRC_DECOMP_EXCHANGE;;;;XEUR;8536819;574517;EXCHANGE
28.10.2024;15:23:20.560;ABBN SI 20250620 PS AM P 55.00 0;SIMPLE_INSTRUMENT;BLOCK;CHF;39;7.53000000;7000;PRC_DECOMP_EXCHANGE;;;;XEUR;11848984;574517;EXCHANGE
28.10.2024;14:05:02.558;ADS.O.241028.BRT.000009;STANDARD_OPTION_STRATEGY;BLOCK;EUR;5;5.72000000;250;EXCHANGE_LAST;;1;1;XEUR;72057808786329940;50;
28.10.2024;14:05:02.558;ADS SI 20241220 PS AM P 180.00 0;SIMPLE_INSTRUMENT;BLOCK;EUR;5;1.30000000;250;PRC_DECOMP_EXCHANGE;;;;XEUR;4637206;50;EXCHANGE
28.10.2024;14:05:02.558;ADS SI 20250620 PS AM P 180.00 0;SIMPLE_INSTRUMENT;BLOCK;EUR;5;7.02000000;250;PRC_DECOMP_EXCHANGE;;;;XEUR;7897590;50;EXCHANGE
28.10.2024;15:45:47.148;ADS SI 20241220 PS AM C 220.00 0;SIMPLE_INSTRUMENT;BLOCK;EUR;7;7.20000000;250;EXCHANGE_LAST;;1;1;XEUR;10394188;50;
28.10.2024;14:06:32.508;AIR SI 20241220 PS AM P 160.00 0;SIMPLE_INSTRUMENT;BLOCK;EUR;17;1.55000000;379;EXCHANGE_LAST;;1;1;XEUR;11291021;64;
28.10.2024;09:25:58.903;ALV SI 20241115 PS AM P 290.00 0;SIMPLE_INSTRUMENT;BLOCK;EUR;1;2.90000000;400;EXCHANGE_LAST;;1;1;XEUR;11698960;74;
28.10.2024;11:27:25.312;ALV SI 20250620 PS AM C 310.00 0;SIMPLE_INSTRUMENT;BLOCK;EUR;2;9.85000000;300;EXCHANGE_LAST;;1;1;XEUR;12056983;74;
28.10.2024;15:30:00.908;ANN SI 20241115 PS AM C 32.00 0;SIMPLE_INSTRUMENT;BLOCK;EUR;30;0.55000000;4000;EXCHANGE_LAST;;3;1;XEUR;11724236;45202;
28.10.2024;12:28:57.692;ASG5 SI 20261217 PS AM P 22.00 0;SIMPLE_INSTRUMENT;BLOCK;EUR;14;1.49000000;6000;EXCHANGE_LAST;;1;2;XEUR;10819252;109;
28.10.2024;16:38:29.738;ASI SI 20250620 PS AM C 560.00 0;SIMPLE_INSTRUMENT;BLOCK;EUR;29;51.10000000;250;EXCHANGE_LAST;;1;1;XEUR;9582556;76318;
28.10.2024;11:00:40.123;ASM SI 20281215 PS AM P 550.00 0;SIMPLE_INSTRUMENT;BLOCK;EUR;5;104.25000000;125;EXCHANGE_LAST;;1;1;XEUR;11828648;107;
28.10.2024;14:47:11.861;ASM.O.241028.CNV.000011;STANDARD_OPTION_STRATEGY;BLOCK;EUR;20;-50.55000000;300;EXCHANGE_LAST;;1;1;XEUR;72058053599443907;107;
28.10.2024;14:47:11.861;ASM SI 20241220 PS AM P 710.00 0;SIMPLE_INSTRUMENT;BLOCK;EUR;20;70.06000000;300;PRC_DECOMP_EXCHANGE;;;;XEUR;11872104;107;EXCHANGE
28.10.2024;14:47:11.861;ASM SI 20241220 PS AM C 710.00 0;SIMPLE_INSTRUMENT;BLOCK;EUR;20;19.51000000;300;PRC_DECOMP_EXCHANGE;;;;XEUR;11872105;107;EXCHANGE
28.10.2024;14:50:46.643;ASM SI 20250117 PS AM P 600.00 0;SIMPLE_INSTRUMENT;BLOCK;EUR;21;20.70000000;150;EXCHANGE_LAST;;1;1;XEUR;12068324;107;
28.10.2024;10:10:51.654;ASMP SI 20241220 PS;SIMPLE_INSTRUMENT;BLOCK;EUR;4;663.25000000;750;EXCHANGE_LAST;;1;1;XEUR;7052670;124298;
28.10.2024;09:14:57.153;AXA.O.241028.PDIA.000005;STANDARD_OPTION_STRATEGY;BLOCK;EUR;3;0.60000000;1250;EXCHANGE_LAST;;1;1;XEUR;72058139498792989;127;
28.10.2024;09:14:57.153;AXA SI 20241115 PS AM P 32.00 0;SIMPLE_INSTRUMENT;BLOCK;EUR;3;0.15000000;1250;PRC_DECOMP_EXCHANGE;;;;XEUR;11699426;127;EXCHANGE
28.10.2024;09:14:57.153;AXA SI 20250117 PS AM P 34.00 0;SIMPLE_INSTRUMENT;BLOCK;EUR;3;0.75000000;1250;PRC_DECOMP_EXCHANGE;;;;XEUR;12068570;127;EXCHANGE
28.10.2024;09:15:04.918;AXA.O.241028.PDIA.000005;STANDARD_OPTION_STRATEGY;BLOCK;EUR;4;0.61000000;1250;EXCHANGE_LAST;;1;1;XEUR;72058139498792989;127;
28.10.2024;09:15:04.918;AXA SI 20250117 PS AM P 34.00 0;SIMPLE_INSTRUMENT;BLOCK;EUR;4;0.75000000;1250;PRC_DECOMP_EXCHANGE;;;;XEUR;12068570;127;EXCHANGE
28.10.2024;09:15:04.918;AXA SI 20241115 PS AM P 32.00 0;SIMPLE_INSTRUMENT;BLOCK;EUR;4;0.14000000;1250;PRC_DECOMP_EXCHANGE;;;;XEUR;11699426;127;EXCHANGE
28.10.2024;12:47:06.130;B2YG SI 20251219 CS;SIMPLE_INSTRUMENT;BLOCK;EUR;25;1.82500000;200;EXCHANGE_LAST;;1;1;XEUR;5914365;45713;
28.10.2024;15:30:02.134;B3BV SI 20251219 CS;SIMPLE_INSTRUMENT;BLOCK;EUR;34;0.73500000;1000;EXCHANGE_LAST;;1;1;XEUR;5914370;135;
28.10.2024;10:16:44.421;BAS.O.241028.BLT.000001;STANDARD_OPTION_STRATEGY;BLOCK;EUR;1;2.38000000;1000;EXCHANGE_LAST;;1;1;XEUR;72058238283088390;150;
28.10.2024;10:16:44.421;BAS SI 20241115 PS AM C 48.00 0;SIMPLE_INSTRUMENT;BLOCK;EUR;1;0.47000000;1000;PRC_DECOMP_EXCHANGE;;;;XEUR;11754659;150;EXCHANGE
28.10.2024;10:16:44.421;BAS SI 20250919 PS AM C 48.00 0;SIMPLE_INSTRUMENT;BLOCK;EUR;1;2.85000000;1000;PRC_DECOMP_EXCHANGE;;;;XEUR;11873025;150;EXCHANGE
28.10.2024;13:35:30.511;BAS.O.241028.COMBO.000003;STANDARD_OPTION_STRATEGY;BLOCK;EUR;2;0.08000000;2000;EXCHANGE_LAST;;2;1;XEUR;72058238283088392;150;
28.10.2024;13:35:30.511;BAS SI 20241115 PS AM P 44.00 0;SIMPLE_INSTRUMENT;BLOCK;EUR;2;0.59000000;2000;PRC_DECOMP_EXCHANGE;;;;XEUR;11699814;150;EXCHANGE
28.10.2024;13:35:30.511;BAS SI 20241115 PS AM C 48.00 0;SIMPLE_INSTRUMENT;BLOCK;EUR;2;0.51000000;2000;PRC_DECOMP_EXCHANGE;;;;XEUR;11754659;150;EXCHANGE
28.10.2024;15:44:20.877;BAS.O.241028.STG.000005;STANDARD_OPTION_STRATEGY;BLOCK;EUR;5;0.55000000;1000;EXCHANGE_LAST;;1;1;XEUR;72058238283088394;150;
28.10.2024;15:44:20.877;BAS SI 20241220 PS AM C 52.00 0;SIMPLE_INSTRUMENT;BLOCK;EUR;5;0.26000000;1000;PRC_DECOMP_EXCHANGE;;;;XEUR;4639211;150;EXCHANGE
28.10.2024;15:44:20.877;BAS SI 20241220 PS AM P 40.00 0;SIMPLE_INSTRUMENT;BLOCK;EUR;5;0.29000000;1000;PRC_DECOMP_EXCHANGE;;;;XEUR;4705206;150;EXCHANGE
28.10.2024;13:59:53.892;BAY SI 20260619 PS AM P 24.00 0;SIMPLE_INSTRUMENT;BLOCK;EUR;3;2.97000000;1500;EXCHANGE_LAST;;1;1;XEUR;9539699;168;
28.10.2024;11:25:49.988;BMW.O.241028.STD.000006;STANDARD_OPTION_STRATEGY;BLOCK;EUR;6;21.25000000;500;EXCHANGE_LAST;;1;1;XEUR;72058495981106210;210;
28.10.2024;11:25:49.988;BMW SI 20261218 PS AM C 76.00 0;SIMPLE_INSTRUMENT;BLOCK;EUR;6;9.16000000;500;PRC_DECOMP_EXCHANGE;;;;XEUR;7154240;210;EXCHANGE
28.10.2024;11:25:49.988;BMW SI 20261218 PS AM P 76.00 0;SIMPLE_INSTRUMENT;BLOCK;EUR;6;12.09000000;500;PRC_DECOMP_EXCHANGE;;;;XEUR;7154241;210;EXCHANGE
28.10.2024;09:15:40.898;BNP.O.241028.PDIA.000003;STANDARD_OPTION_STRATEGY;BLOCK;EUR;5;1.66000000;1000;EXCHANGE_LAST;;1;1;XEUR;72058611945197423;237;
28.10.2024;09:15:40.898;BNP SI 20250117 PS AM P 64.00 0;SIMPLE_INSTRUMENT;BLOCK;EUR;5;1.95000000;1000;PRC_DECOMP_EXCHANGE;;;;XEUR;12070466;237;EXCHANGE
28.10.2024;09:15:40.898;BNP SI 20241115 PS AM P 60.00 0;SIMPLE_INSTRUMENT;BLOCK;EUR;5;0.29000000;1000;PRC_DECOMP_EXCHANGE;;;;XEUR;11701312;237;EXCHANGE
28.10.2024;08:52:25.128;BPV SI 20241114 PS AM C 6.00 0;SIMPLE_INSTRUMENT;BLOCK;EUR;1;0.30700000;1000;EXCHANGE_LAST;;1;1;XEUR;11691288;251;
28.10.2024;10:00:50.512;CFR SI 20241115 PS AM P 114.00 0;SIMPLE_INSTRUMENT;BLOCK;CHF;6;0.75000000;850;EXCHANGE_LAST;;2;1;XEUR;11702434;313;
28.10.2024;10:42:26.574;CFR SI 20250321 PS AM P 130.00 0;SIMPLE_INSTRUMENT;BLOCK;CHF;11;9.45000000;500;EXCHANGE_LAST;;1;1;XEUR;10834892;313;
28.10.2024;11:30:06.477;CFR SI 20250117 PS AM C 136.00 0;SIMPLE_INSTRUMENT;BLOCK;CHF;13;4.65000000;500;EXCHANGE_LAST;;1;1;XEUR;12071544;313;
28.10.2024;10:27:53.093;CGMF SI 20241115 CS;SIMPLE_INSTRUMENT;BLOCK;EUR;5;177.16820000;50;EXCHANGE_LAST;;1;1;XEUR;10113313;318;
28.10.2024;13:19:14.403;D3AI SI 20251219 CS;SIMPLE_INSTRUMENT;BLOCK;EUR;28;3.91500000;100;EXCHANGE_LAST;;1;1;XEUR;7144062;443197;
28.10.2024;10:23:39.875;DAI SI 20241115 PS AM C 58.00 0;SIMPLE_INSTRUMENT;BLOCK;EUR;2;1.48000000;2600;EXCHANGE_LAST;;2;2;XEUR;11738648;443196;
28.10.2024;11:02:27.972;DAI SI 20250620 PS AM C 62.00 0;SIMPLE_INSTRUMENT;BLOCK;EUR;5;2.44000000;2500;EXCHANGE_LAST;;1;2;XEUR;11848644;443196;
28.10.2024;12:29:57.490;DAI SI 20250321 PS AM P 60.00 0;SIMPLE_INSTRUMENT;BLOCK;EUR;8;4.63000000;2000;EXCHANGE_LAST;;1;1;XEUR;10884522;443196;
28.10.2024;14:33:09.451;DAI.O.241028.BER.000013;STANDARD_OPTION_STRATEGY;BLOCK;EUR;12;6.00000000;4000;EXCHANGE_LAST;;1;1;XEUR;73961106363660464;443196;
28.10.2024;14:33:09.451;DAI SI 20241220 PS AM P 76.00 0;SIMPLE_INSTRUMENT;BLOCK;EUR;12;18.86000000;4000;PRC_DECOMP_EXCHANGE;;;;XEUR;7144575;443196;EXCHANGE
28.10.2024;14:33:09.451;DAI SI 20241220 PS AM P 70.00 0;SIMPLE_INSTRUMENT;BLOCK;EUR;12;12.86000000;4000;PRC_DECOMP_EXCHANGE;;;;XEUR;7423847;443196;EXCHANGE
28.10.2024;11:33:03.931;DB1 SI 20250321 PS AM P 200.00 0;SIMPLE_INSTRUMENT;BLOCK;EUR;16;3.94000000;300;EXCHANGE_LAST;;1;1;XEUR;10835307;361;
28.10.2024;11:33:06.029;DB1 SI 20250321 PS AM P 200.00 0;SIMPLE_INSTRUMENT;BLOCK;EUR;17;3.91000000;300;EXCHANGE_LAST;;1;1;XEUR;10835307;361;
28.10.2024;10:53:42.079;DPW.O.241028.STD.000002;STANDARD_OPTION_STRATEGY;BLOCK;EUR;6;6.40000000;750;EXCHANGE_LAST;;1;1;XEUR;72059505298412687;445;
28.10.2024;10:53:42.079;DPW SI 20250919 PS AM C 38.00 0;SIMPLE_INSTRUMENT;BLOCK;EUR;6;2.99000000;750;PRC_DECOMP_EXCHANGE;;;;XEUR;11878800;445;EXCHANGE
28.10.2024;10:53:42.079;DPW SI 20250919 PS AM P 38.00 0;SIMPLE_INSTRUMENT;BLOCK;EUR;6;3.41000000;750;PRC_DECOMP_EXCHANGE;;;;XEUR;11878805;445;EXCHANGE
28.10.2024;11:19:04.034;DPW SI 20241220 PS AM P 38.00 0;SIMPLE_INSTRUMENT;BLOCK;EUR;7;1.40000000;700;EXCHANGE_LAST;;1;1;XEUR;10311168;445;
28.10.2024;11:19:07.746;DPW SI 20241220 PS AM C 43.00 0;SIMPLE_INSTRUMENT;BLOCK;EUR;8;0.20000000;1050;EXCHANGE_LAST;;1;1;XEUR;11480067;445;
28.10.2024;11:19:11.451;DPW SI 20241220 PS AM C 46.00 0;SIMPLE_INSTRUMENT;BLOCK;EUR;9;0.05000000;1050;EXCHANGE_LAST;;1;1;XEUR;10313807;445;
28.10.2024;11:19:14.988;DPW SI 20250321 PS AM P 38.00 0;SIMPLE_INSTRUMENT;BLOCK;EUR;10;2.00000000;700;EXCHANGE_LAST;;1;1;XEUR;10836858;445;
28.10.2024;11:19:18.338;DPW SI 20250321 PS AM C 42.00 0;SIMPLE_INSTRUMENT;BLOCK;EUR;11;0.85000000;1050;EXCHANGE_LAST;;1;1;XEUR;10836806;445;
28.10.2024;11:19:22.340;DPW SI 20250321 PS AM C 44.00 0;SIMPLE_INSTRUMENT;BLOCK;EUR;12;0.30000000;1050;EXCHANGE_LAST;;1;1;XEUR;10836814;445;
28.10.2024;14:59:10.290;DPW SI 20250321 PS AM P 34.00 0;SIMPLE_INSTRUMENT;BLOCK;EUR;27;0.80000000;500;EXCHANGE_LAST;;1;1;XEUR;10836847;445;
28.10.2024;14:59:19.165;DPW SI 20250321 PS AM P 34.00 0;SIMPLE_INSTRUMENT;BLOCK;EUR;28;0.81000000;500;EXCHANGE_LAST;;1;1;XEUR;10836847;445;
28.10.2024;11:32:27.186;DTE SI 20250321 PS AM C 28.00 0;SIMPLE_INSTRUMENT;BLOCK;EUR;15;1.34000000;5000;EXCHANGE_LAST;;1;2;XEUR;10836589;424;
28.10.2024;14:16:22.447;DTE SI 20250321 PS AM P 29.00 0;SIMPLE_INSTRUMENT;BLOCK;EUR;25;1.32000000;2000;EXCHANGE_LAST;;1;1;XEUR;11523275;424;
28.10.2024;10:43:29.619;DTG.O.241028.BUL.000001;STANDARD_OPTION_STRATEGY;BLOCK;EUR;4;3.74000000;2500;EXCHANGE_LAST;;1;1;XEUR;74015850016804818;455942;
28.10.2024;10:43:29.619;DTG SI 20250620 PS AM C 36.00 0;SIMPLE_INSTRUMENT;BLOCK;EUR;4;5.48000000;2500;PRC_DECOMP_EXCHANGE;;;;XEUR;7934548;455942;EXCHANGE
28.10.2024;10:43:29.619;DTG SI 20250620 PS AM C 44.00 0;SIMPLE_INSTRUMENT;BLOCK;EUR;4;1.74000000;2500;PRC_DECOMP_EXCHANGE;;;;XEUR;8174158;455942;EXCHANGE
28.10.2024;14:53:22.276;DTG SI 20241115 PS AM P 34.00 0;SIMPLE_INSTRUMENT;BLOCK;EUR;13;0.33000000;1639;EXCHANGE_LAST;;1;1;XEUR;11738737;455942;
28.10.2024;14:53:23.054;DTG SI 20241115 PS AM P 34.00 0;SIMPLE_INSTRUMENT;BLOCK;EUR;14;0.34000000;1638;EXCHANGE_LAST;;1;1;XEUR;11738737;455942;
28.10.2024;14:34:58.297;DUFN SI 20250620 PS AM C 36.00 0;SIMPLE_INSTRUMENT;BLOCK;CHF;33;2.50000000;750;EXCHANGE_LAST;;1;1;XEUR;9544828;418;
28.10.2024;10:32:26.014;E2NL SI 20251219 CS;SIMPLE_INSTRUMENT;BLOCK;EUR;11;0.47000000;1000;EXCHANGE_LAST;;1;1;XEUR;3681293;471;
28.10.2024;13:00:19.930;E2NL SI 20261218 CS;SIMPLE_INSTRUMENT;BLOCK;EUR;26;0.46000000;1000;EXCHANGE_LAST;;1;1;XEUR;4632356;471;
28.10.2024;13:48:59.202;E2NT SI 20261218 CS;SIMPLE_INSTRUMENT;BLOCK;EUR;30;0.95500000;1500;EXCHANGE_LAST;;1;3;XEUR;4632357;470;
28.10.2024;16:55:52.224;E2NT SI 20251219 CS;SIMPLE_INSTRUMENT;BLOCK;EUR;45;1.00500000;250;EXCHANGE_LAST;;1;1;XEUR;3681294;470;
28.10.2024;16:59:23.881;E2NT SI 20251219 CS;SIMPLE_INSTRUMENT;BLOCK;EUR;46;1.00500000;250;EXCHANGE_LAST;;1;1;XEUR;3681294;470;
28.10.2024;12:45:30.978;EAD SI 20241220 PS AM C 140.00 0;SIMPLE_INSTRUMENT;BLOCK;EUR;8;6.40000000;300;EXCHANGE_LAST;;1;1;XEUR;11013841;465;
28.10.2024;13:17:01.385;EAD.O.241028.BUL.000003;STANDARD_OPTION_STRATEGY;BLOCK;EUR;13;4.85000000;450;EXCHANGE_LAST;;1;1;XEUR;72059591197744903;465;
28.10.2024;13:17:01.385;EAD SI 20250321 PS AM C 150.00 0;SIMPLE_INSTRUMENT;BLOCK;EUR;13;5.49000000;450;PRC_DECOMP_EXCHANGE;;;;XEUR;11013888;465;EXCHANGE
28.10.2024;13:17:01.385;EAD SI 20250321 PS AM C 180.00 0;SIMPLE_INSTRUMENT;BLOCK;EUR;13;0.64000000;450;PRC_DECOMP_EXCHANGE;;;;XEUR;11013898;465;EXCHANGE
28.10.2024;11:31:38.030;ENT5 SI 20250320 PS AM P 13.50 0;SIMPLE_INSTRUMENT;BLOCK;EUR;6;0.48000000;1000;EXCHANGE_LAST;;1;1;XEUR;11980885;497;
28.10.2024;11:31:38.045;ENT5 SI 20250320 PS AM C 15.00 0;SIMPLE_INSTRUMENT;BLOCK;EUR;7;0.30000000;1000;EXCHANGE_LAST;;1;1;XEUR;10822834;497;
28.10.2024;15:03:19.275;EUCO SI 20241213 PS EU P 1.0600 0;SIMPLE_INSTRUMENT;BLOCK;USD;1;0.00385000;60;EXCHANGE_LAST;;1;1;XEUR;10366073;369370;
28.10.2024;15:57:24.602;F3TE SI 20251219 CS;SIMPLE_INSTRUMENT;BLOCK;EUR;36;0.72500000;750;EXCHANGE_LAST;;2;1;XEUR;6633903;390379;
28.10.2024;15:56:51.445;F3TE SI 20261218 CS;SIMPLE_INSTRUMENT;BLOCK;EUR;37;0.68500000;750;EXCHANGE_LAST;;2;1;XEUR;6633899;390379;
28.10.2024;15:56:32.882;F3TE SI 20251219 CS;SIMPLE_INSTRUMENT;BLOCK;EUR;38;0.73000000;1300;EXCHANGE_LAST;;2;2;XEUR;6633903;390379;
28.10.2024;09:36:28.046;FBTP SI 20241206 PS;SIMPLE_INSTRUMENT;EFP_FIN;EUR;1;120.89000000;856;EXCHANGE_LAST;;1;1;XEUR;10804520;636;
28.10.2024;10:24:14.575;FBTP SI 20241206 PS;SIMPLE_INSTRUMENT;EFP_FIN;EUR;2;120.98000000;130;EXCHANGE_LAST;;1;1;XEUR;10804520;636;
28.10.2024;10:33:32.396;FBTP SI 20241206 PS;SIMPLE_INSTRUMENT;EFP_FIN;EUR;3;121.06000000;176;EXCHANGE_LAST;;1;1;XEUR;10804520;636;
28.10.2024;10:48:23.962;FBTP SI 20241206 PS;SIMPLE_INSTRUMENT;EFP_FIN;EUR;4;121.07000000;95;EXCHANGE_LAST;;1;1;XEUR;10804520;636;
28.10.2024;11:04:29.591;FBTP SI 20241206 PS;SIMPLE_INSTRUMENT;EFP_FIN;EUR;5;121.07000000;98;EXCHANGE_LAST;;1;1;XEUR;10804520;636;
28.10.2024;11:15:08.456;FBTP SI 20241206 PS;SIMPLE_INSTRUMENT;EFP_FIN;EUR;6;121.08000000;211;EXCHANGE_LAST;;1;1;XEUR;10804520;636;
28.10.2024;11:23:57.876;FBTP SI 20241206 PS;SIMPLE_INSTRUMENT;EFP_FIN;EUR;7;121.07000000;237;EXCHANGE_LAST;;1;1;XEUR;10804520;636;
28.10.2024;11:33:27.470;FBTP SI 20241206 PS;SIMPLE_INSTRUMENT;EFP_FIN;EUR;8;121.05000000;893;EXCHANGE_LAST;;1;1;XEUR;10804520;636;
28.10.2024;11:54:20.645;FBTP SI 20241206 PS;SIMPLE_INSTRUMENT;EFP_FIN;EUR;9;121.07000000;259;EXCHANGE_LAST;;1;1;XEUR;10804520;636;
28.10.2024;12:04:17.638;FBTP SI 20241206 PS;SIMPLE_INSTRUMENT;EFP_FIN;EUR;10;121.09000000;175;EXCHANGE_LAST;;1;1;XEUR;10804520;636;
28.10.2024;12:24:58.271;FBTP SI 20241206 PS;SIMPLE_INSTRUMENT;EFP_FIN;EUR;11;121.08000000;175;EXCHANGE_LAST;;1;1;XEUR;10804520;636;
28.10.2024;12:53:37.542;FBTP SI 20241206 PS;SIMPLE_INSTRUMENT;EFP_FIN;EUR;12;121.28000000;855;EXCHANGE_LAST;;1;1;XEUR;10804520;636;
28.10.2024;12:59:26.199;FBTP SI 20241206 PS;SIMPLE_INSTRUMENT;EFP_FIN;EUR;13;121.18000000;771;EXCHANGE_LAST;;1;1;XEUR;10804520;636;
28.10.2024;14:20:02.546;FBTP SI 20241206 PS;SIMPLE_INSTRUMENT;EFP_FIN;EUR;14;121.22000000;137;EXCHANGE_LAST;;1;1;XEUR;10804520;636;
28.10.2024;14:17:53.189;FBTP SI 20241206 PS;SIMPLE_INSTRUMENT;EFP_FIN;EUR;15;121.35000000;90;EXCHANGE_LAST;;1;1;XEUR;10804520;636;
28.10.2024;15:20:06.784;FBTP SI 20241206 PS;SIMPLE_INSTRUMENT;EFP_FIN;EUR;16;121.30000000;340;EXCHANGE_LAST;;1;1;XEUR;10804520;636;
28.10.2024;15:16:33.175;FBTP SI 20241206 PS;SIMPLE_INSTRUMENT;EFP_FIN;EUR;17;121.28000000;489;EXCHANGE_LAST;;1;1;XEUR;10804520;636;
28.10.2024;15:21:47.180;FBTP SI 20241206 PS;SIMPLE_INSTRUMENT;EFP_FIN;EUR;18;121.28000000;266;EXCHANGE_LAST;;1;1;XEUR;10804520;636;
28.10.2024;15:32:06.542;FBTP SI 20241206 PS;SIMPLE_INSTRUMENT;EFP_FIN;EUR;19;121.27000000;279;EXCHANGE_LAST;;1;1;XEUR;10804520;636;
28.10.2024;16:31:53.895;FBTP SI 20241206 PS;SIMPLE_INSTRUMENT;EFP_FIN;EUR;20;121.19000000;223;EXCHANGE_LAST;;1;1;XEUR;10804520;636;
28.10.2024;08:45:18.550;FBTS SI 20241206 PS;SIMPLE_INSTRUMENT;EFP_FIN;EUR;3;107.35000000;1670;EXCHANGE_LAST;;1;1;XEUR;10804522;639;
28.10.2024;09:38:57.908;FBTS SI 20241206 PS;SIMPLE_INSTRUMENT;EFP_FIN;EUR;5;107.38000000;754;EXCHANGE_LAST;;1;1;XEUR;10804522;639;
28.10.2024;09:44:19.446;FBTS SI 20241206 PS;SIMPLE_INSTRUMENT;BLOCK;EUR;7;107.39000000;1449;EXCHANGE_LAST;;1;1;XEUR;10804522;639;
28.10.2024;10:14:34.132;FBTS SI 20241206 PS;SIMPLE_INSTRUMENT;EFP_FIN;EUR;9;107.38000000;167;EXCHANGE_LAST;;1;1;XEUR;10804522;639;
28.10.2024;10:14:34.112;FBTS SI 20241206 PS;SIMPLE_INSTRUMENT;EFP_FIN;EUR;10;107.38000000;1113;EXCHANGE_LAST;;1;1;XEUR;10804522;639;
28.10.2024;10:43:07.207;FBTS SI 20241206 PS;SIMPLE_INSTRUMENT;EFP_FIN;EUR;13;107.39000000;752;EXCHANGE_LAST;;1;1;XEUR;10804522;639;
28.10.2024;10:48:12.186;FBTS SI 20241206 PS;SIMPLE_INSTRUMENT;EFP_FIN;EUR;14;107.42000000;436;EXCHANGE_LAST;;1;1;XEUR;10804522;639;
28.10.2024;10:49:23.542;FBTS SI 20241206 PS;SIMPLE_INSTRUMENT;EFP_FIN;EUR;15;107.42000000;1113;EXCHANGE_LAST;;1;1;XEUR;10804522;639;
28.10.2024;10:56:37.073;FBTS SI 20241206 PS;SIMPLE_INSTRUMENT;EFP_FIN;EUR;17;107.43000000;235;EXCHANGE_LAST;;1;1;XEUR;10804522;639;
28.10.2024;11:25:51.620;FBTS SI 20241206 PS;SIMPLE_INSTRUMENT;EFP_FIN;EUR;19;107.42000000;1051;EXCHANGE_LAST;;1;1;XEUR;10804522;639;
28.10.2024;12:02:08.548;FBTS SI 20241206 PS;SIMPLE_INSTRUMENT;EFP_FIN;EUR;22;107.42000000;1280;EXCHANGE_LAST;;1;1;XEUR;10804522;639;
28.10.2024;12:22:08.690;FBTS SI 20241206 PS;SIMPLE_INSTRUMENT;EFP_FIN;EUR;23;107.42000000;1401;EXCHANGE_LAST;;1;1;XEUR;10804522;639;
28.10.2024;12:46:04.498;FBTS SI 20241206 PS;SIMPLE_INSTRUMENT;BLOCK;EUR;26;107.45000000;1691;EXCHANGE_LAST;;1;1;XEUR;10804522;639;
28.10.2024;13:00:11.503;FBTS SI 20241206 PS;SIMPLE_INSTRUMENT;EFP_FIN;EUR;29;107.47000000;1115;EXCHANGE_LAST;;1;1;XEUR;10804522;639;
28.10.2024;13:17:08.203;FBTS SI 20241206 PS;SIMPLE_INSTRUMENT;EFP_FIN;EUR;30;107.47000000;1494;EXCHANGE_LAST;;1;1;XEUR;10804522;639;
28.10.2024;14:35:17.095;FBTS SI 20241206 PS;SIMPLE_INSTRUMENT;EFP_FIN;EUR;32;107.44000000;1256;EXCHANGE_LAST;;1;1;XEUR;10804522;639;
28.10.2024;14:35:18.250;FBTS SI 20241206 PS;SIMPLE_INSTRUMENT;EFP_FIN;EUR;33;107.44000000;493;EXCHANGE_LAST;;1;1;XEUR;10804522;639;
28.10.2024;15:34:56.346;FBTS SI 20241206 PS;SIMPLE_INSTRUMENT;BLOCK;EUR;34;107.44000000;1932;EXCHANGE_LAST;;1;1;XEUR;10804522;639;
28.10.2024;10:36:22.283;FCEU SI 20241216 PS;SIMPLE_INSTRUMENT;BLOCK;USD;1;1.08360000;129;EXCHANGE_LAST;;1;1;XEUR;7140363;369376;
28.10.2024;12:39:08.747;FCZU SI 20241216 CS;SIMPLE_INSTRUMENT;BLOCK;USD;2;0.05610000;100;EXCHANGE_LAST;;1;1;XEUR;10921064;570872;
28.10.2024;14:25:06.194;FD3D SI 20251219 CS;SIMPLE_INSTRUMENT;BLOCK;EUR;12;107.20000000;550;EXCHANGE_LAST;;2;1;XEUR;5914068;588;
28.10.2024;14:25:25.196;FD3D SI 20251219 CS;SIMPLE_INSTRUMENT;BLOCK;EUR;13;107.30000000;550;EXCHANGE_LAST;;2;1;XEUR;5914068;588;
28.10.2024;14:13:53.681;FDAX SI 20241220 CS;SIMPLE_INSTRUMENT;EFP_IDX;EUR;1;19567.00000000;200;EXCHANGE_LAST;;1;1;XEUR;7296065;589;
28.10.2024;16:56:15.784;FDAX SI 20241220 CS;SIMPLE_INSTRUMENT;EFP_IDX;EUR;2;19632.00000000;10;EXCHANGE_LAST;;1;1;XEUR;7296065;589;
28.10.2024;16:56:23.561;FDAX SI 20241220 CS;SIMPLE_INSTRUMENT;EFP_IDX;EUR;3;19633.00000000;15;EXCHANGE_LAST;;1;1;XEUR;7296065;589;
28.10.2024;11:29:06.568;FEBD SI 20261218 CS;SIMPLE_INSTRUMENT;BLOCK;EUR;7;9.37000000;250;EXCHANGE_LAST;;1;1;XEUR;7158212;597;
28.10.2024;12:30:55.451;FEBD SI 20251219 CS;SIMPLE_INSTRUMENT;BLOCK;EUR;8;10.06000000;370;EXCHANGE_LAST;;1;1;XEUR;5914075;597;
28.10.2024;12:31:26.923;FEBD SI 20261218 CS;SIMPLE_INSTRUMENT;BLOCK;EUR;9;9.36000000;200;EXCHANGE_LAST;;1;1;XEUR;7158212;597;
28.10.2024;16:08:54.581;FEBD.S.DEC25.DEC26.SPD;FUTURES_SPREAD;BLOCK;EUR;20;0.66000000;1000;EXCHANGE_LAST;;1;1;XEUR;72060158133406975;597;
28.10.2024;16:08:54.581;FEBD SI 20251219 CS;SIMPLE_INSTRUMENT;BLOCK;EUR;20;10.06000000;1000;PRC_DECOMP_EXCHANGE;;;;XEUR;5914075;597;EXCHANGE
28.10.2024;16:08:54.581;FEBD SI 20261218 CS;SIMPLE_INSTRUMENT;BLOCK;EUR;20;9.40000000;1000;PRC_DECOMP_EXCHANGE;;;;XEUR;7158212;597;EXCHANGE
28.10.2024;16:33:00.642;FEBD.S.DEC25.DEC26.SPD;FUTURES_SPREAD;BLOCK;EUR;29;0.66000000;1450;EXCHANGE_LAST;;2;2;XEUR;72060158133406975;597;
28.10.2024;16:33:00.642;FEBD SI 20251219 CS;SIMPLE_INSTRUMENT;BLOCK;EUR;29;10.06000000;1450;PRC_DECOMP_MEMBER;;;;XEUR;5914075;597;MEMBER
28.10.2024;16:33:00.642;FEBD SI 20261218 CS;SIMPLE_INSTRUMENT;BLOCK;EUR;29;9.40000000;1450;PRC_DECOMP_MEMBER;;;;XEUR;7158212;597;MEMBER
28.10.2024;16:33:22.715;FEBD SI 20251219 CS;SIMPLE_INSTRUMENT;BLOCK;EUR;30;10.08000000;250;EXCHANGE_LAST;;1;1;XEUR;5914075;597;
28.10.2024;09:45:09.014;FECX SI 20241220 CS;SIMPLE_INSTRUMENT;BLOCK;EUR;4;164.75000000;60;EXCHANGE_LAST;;1;1;XEUR;10920731;410158;
28.10.2024;13:11:40.730;FECX SI 20241220 CS;SIMPLE_INSTRUMENT;BLOCK;EUR;11;164.96000000;70;EXCHANGE_LAST;;1;1;XEUR;10920731;410158;
28.10.2024;16:42:29.252;FEDV SI 20241220 CS;SIMPLE_INSTRUMENT;EFP_IDX;EUR;35;1667.50000000;138;EXCHANGE_LAST;;1;1;XEUR;10838883;596;
28.10.2024;16:42:47.978;FEDV SI 20241220 CS;SIMPLE_INSTRUMENT;EFP_IDX;EUR;36;1667.00000000;55;EXCHANGE_LAST;;1;1;XEUR;10838883;596;
28.10.2024;10:46:18.605;FESB SI 20241220 CS;SIMPLE_INSTRUMENT;BLOCK;EUR;28;144.50000000;5850;EXCHANGE_LAST;;1;1;XEUR;10838895;605;
28.10.2024;16:52:43.062;FESB SI 20241220 CS;SIMPLE_INSTRUMENT;EFP_IDX;EUR;37;145.45000000;629;EXCHANGE_LAST;;1;1;XEUR;10838895;605;
28.10.2024;16:52:56.371;FESB SI 20241220 CS;SIMPLE_INSTRUMENT;EFP_IDX;EUR;38;145.50000000;944;EXCHANGE_LAST;;1;1;XEUR;10838895;605;
28.10.2024;13:07:04.942;FESB SI 20241220 CS;SIMPLE_INSTRUMENT;VOLA;EUR;603979796;144.80000000;80;EXCHANGE_LAST;;1;1;XEUR;10838895;605;
28.10.2024;16:39:31.415;FESB SI 20241220 CS;SIMPLE_INSTRUMENT;VOLA;EUR;603979808;144.40000000;400;EXCHANGE_LAST;;1;1;XEUR;10838895;605;
28.10.2024;16:42:44.217;FESB SI 20241220 CS;SIMPLE_INSTRUMENT;VOLA;EUR;603979809;144.40000000;300;EXCHANGE_LAST;;1;1;XEUR;10838895;605;
28.10.2024;14:14:54.963;FESK SI 20241220 CS;SIMPLE_INSTRUMENT;BLOCK;EUR;4;445.30000000;543;EXCHANGE_LAST;;1;1;XEUR;10876226;285660;
28.10.2024;14:15:37.705;FESK SI 20241220 CS;SIMPLE_INSTRUMENT;BLOCK;EUR;5;445.40000000;297;EXCHANGE_LAST;;1;1;XEUR;10876226;285660;
28.10.2024;12:45:00.967;FESX SI 20241220 CS;SIMPLE_INSTRUMENT;EFP_IDX;EUR;1;4950.00000000;1000;EXCHANGE_LAST;;1;1;XEUR;7793479;675;
28.10.2024;16:44:43.544;FESX SI 20241220 CS;SIMPLE_INSTRUMENT;EFP_IDX;EUR;2;4983.00000000;411;EXCHANGE_LAST;;1;1;XEUR;7793479;675;
28.10.2024;16:45:04.545;FESX SI 20241220 CS;SIMPLE_INSTRUMENT;EFP_IDX;EUR;3;4985.00000000;622;EXCHANGE_LAST;;1;1;XEUR;7793479;675;
28.10.2024;16:46:37.434;FESX SI 20241220 CS;SIMPLE_INSTRUMENT;EFP_IDX;EUR;4;4985.00000000;92;EXCHANGE_LAST;;1;1;XEUR;7793479;675;
28.10.2024;16:47:11.231;FESX SI 20241220 CS;SIMPLE_INSTRUMENT;EFP_IDX;EUR;5;4984.00000000;108;EXCHANGE_LAST;;1;1;XEUR;7793479;675;
28.10.2024;16:48:29.182;FESX SI 20241220 CS;SIMPLE_INSTRUMENT;BLOCK;EUR;6;4985.00000000;7000;EXCHANGE_LAST;;1;1;XEUR;7793479;675;
28.10.2024;16:48:37.448;FESX SI 20241220 CS;SIMPLE_INSTRUMENT;EFP_IDX;EUR;7;4984.00000000;106;EXCHANGE_LAST;;1;1;XEUR;7793479;675;
28.10.2024;16:49:04.326;FESX SI 20241220 CS;SIMPLE_INSTRUMENT;EFP_IDX;EUR;8;4983.00000000;8;EXCHANGE_LAST;;1;1;XEUR;7793479;675;
28.10.2024;16:49:30.629;FESX SI 20241220 CS;SIMPLE_INSTRUMENT;EFP_IDX;EUR;9;4983.00000000;8;EXCHANGE_LAST;;1;1;XEUR;7793479;675;
28.10.2024;16:49:57.491;FESX SI 20241220 CS;SIMPLE_INSTRUMENT;EFP_IDX;EUR;10;4984.00000000;111;EXCHANGE_LAST;;1;1;XEUR;7793479;675;
28.10.2024;16:51:11.536;FESX SI 20241220 CS;SIMPLE_INSTRUMENT;EFP_IDX;EUR;11;4984.00000000;368;EXCHANGE_LAST;;1;1;XEUR;7793479;675;
28.10.2024;16:51:25.223;FESX SI 20241220 CS;SIMPLE_INSTRUMENT;EFP_IDX;EUR;12;4985.00000000;32;EXCHANGE_LAST;;1;1;XEUR;7793479;675;
28.10.2024;16:54:40.832;FESX SI 20241220 CS;SIMPLE_INSTRUMENT;EFP_IDX;EUR;13;4985.00000000;245;EXCHANGE_LAST;;1;1;XEUR;7793479;675;
28.10.2024;16:54:54.724;FESX SI 20241220 CS;SIMPLE_INSTRUMENT;EFP_IDX;EUR;14;4983.00000000;65;EXCHANGE_LAST;;1;1;XEUR;7793479;675;
28.10.2024;16:54:55.753;FESX SI 20241220 CS;SIMPLE_INSTRUMENT;EFP_IDX;EUR;15;4984.00000000;496;EXCHANGE_LAST;;1;1;XEUR;7793479;675;
28.10.2024;16:55:12.573;FESX SI 20241220 CS;SIMPLE_INSTRUMENT;EFP_IDX;EUR;16;4984.00000000;315;EXCHANGE_LAST;;1;1;XEUR;7793479;675;
28.10.2024;08:47:46.951;FESX SI 20241220 CS;SIMPLE_INSTRUMENT;VOLA;EUR;637534216;4985.00000000;150;EXCHANGE_LAST;;1;1;XEUR;7793479;675;
28.10.2024;09:49:21.580;FESX SI 20241220 CS;SIMPLE_INSTRUMENT;VOLA;EUR;637534229;4974.00000000;856;EXCHANGE_LAST;;1;1;XEUR;7793479;675;
28.10.2024;09:50:19.620;FESX SI 20241220 CS;SIMPLE_INSTRUMENT;VOLA;EUR;637534231;4978.00000000;97;EXCHANGE_LAST;;1;1;XEUR;7793479;675;
28.10.2024;10:11:46.998;FESX SI 20241220 CS;SIMPLE_INSTRUMENT;VOLA;EUR;637534235;4980.00000000;2565;EXCHANGE_LAST;;1;1;XEUR;7793479;675;
28.10.2024;10:24:08.214;FESX SI 20241220 CS;SIMPLE_INSTRUMENT;VOLA;EUR;637534242;4968.00000000;168;EXCHANGE_LAST;;1;1;XEUR;7793479;675;
28.10.2024;10:35:03.369;FESX SI 20241220 CS;SIMPLE_INSTRUMENT;VOLA;EUR;637534244;4971.00000000;990;EXCHANGE_LAST;;1;1;XEUR;7793479;675;
28.10.2024;12:06:57.137;FESX SI 20241220 CS;SIMPLE_INSTRUMENT;VOLA;EUR;637534257;4952.00000000;88;EXCHANGE_LAST;;1;1;XEUR;7793479;675;
28.10.2024;13:20:53.802;FESX SI 20241220 CS;SIMPLE_INSTRUMENT;VOLA;EUR;637534267;4950.00000000;700;EXCHANGE_LAST;;1;1;XEUR;7793479;675;
28.10.2024;13:38:00.003;FESX SI 20241220 CS;SIMPLE_INSTRUMENT;VOLA;EUR;637534272;4967.00000000;7718;EXCHANGE_LAST;;1;1;XEUR;7793479;675;
28.10.2024;13:42:48.598;FESX SI 20241220 CS;SIMPLE_INSTRUMENT;VOLA;EUR;637534278;4965.00000000;900;EXCHANGE_LAST;;1;1;XEUR;7793479;675;
28.10.2024;14:18:26.147;FESX SI 20241220 CS;SIMPLE_INSTRUMENT;VOLA;EUR;637534283;4960.00000000;630;EXCHANGE_LAST;;1;1;XEUR;7793479;675;
28.10.2024;15:38:10.507;FESX SI 20241220 CS;SIMPLE_INSTRUMENT;VOLA;EUR;637534299;4990.00000000;800;EXCHANGE_LAST;;1;1;XEUR;7793479;675;
28.10.2024;15:48:31.270;FESX SI 20241220 CS;SIMPLE_INSTRUMENT;VOLA;EUR;637534305;4990.00000000;360;EXCHANGE_LAST;;1;1;XEUR;7793479;675;
28.10.2024;15:56:23.192;FESX SI 20241220 CS;SIMPLE_INSTRUMENT;VOLA;EUR;637534311;4992.00000000;300;EXCHANGE_LAST;;1;1;XEUR;7793479;675;
28.10.2024;16:32:08.930;FESX SI 20241220 CS;SIMPLE_INSTRUMENT;VOLA;EUR;637534323;4985.00000000;599;EXCHANGE_LAST;;1;1;XEUR;7793479;675;
28.10.2024;16:33:44.010;FESX SI 20241220 CS;SIMPLE_INSTRUMENT;VOLA;EUR;637534325;4985.00000000;210;EXCHANGE_LAST;;1;1;XEUR;7793479;675;
28.10.2024;09:14:11.445;FEXD.S.DEC25.DEC26.SPD;FUTURES_SPREAD;BLOCK;EUR;1;4.00000000;750;EXCHANGE_LAST;;1;1;XEUR;72060570450264144;693;
28.10.2024;09:14:11.445;FEXD SI 20261218 CS;SIMPLE_INSTRUMENT;BLOCK;EUR;1;155.20000000;750;PRC_DECOMP_EXCHANGE;;;;XEUR;2163053;693;EXCHANGE
28.10.2024;09:14:11.445;FEXD SI 20251219 CS;SIMPLE_INSTRUMENT;BLOCK;EUR;1;159.20000000;750;PRC_DECOMP_EXCHANGE;;;;XEUR;1548120;693;EXCHANGE
28.10.2024;09:14:21.367;FEXD.S.DEC25.DEC26.SPD;FUTURES_SPREAD;BLOCK;EUR;2;4.10000000;750;EXCHANGE_LAST;;1;1;XEUR;72060570450264144;693;
28.10.2024;09:14:21.367;FEXD SI 20261218 CS;SIMPLE_INSTRUMENT;BLOCK;EUR;2;155.20000000;750;PRC_DECOMP_EXCHANGE;;;;XEUR;2163053;693;EXCHANGE
28.10.2024;09:14:21.367;FEXD SI 20251219 CS;SIMPLE_INSTRUMENT;BLOCK;EUR;2;159.30000000;750;PRC_DECOMP_EXCHANGE;;;;XEUR;1548120;693;EXCHANGE
28.10.2024;09:26:57.265;FEXD.S.DEC27.DEC28.SPD;FUTURES_SPREAD;BLOCK;EUR;3;5.10000000;250;EXCHANGE_LAST;;1;1;XEUR;72060570450264162;693;
28.10.2024;09:26:57.265;FEXD SI 20281215 CS;SIMPLE_INSTRUMENT;BLOCK;EUR;3;144.20000000;250;PRC_DECOMP_MEMBER;;;;XEUR;3680985;693;MEMBER
28.10.2024;09:26:57.265;FEXD SI 20271217 CS;SIMPLE_INSTRUMENT;BLOCK;EUR;3;149.30000000;250;PRC_DECOMP_MEMBER;;;;XEUR;2848338;693;MEMBER
28.10.2024;12:42:13.602;FEXD.S.DEC25.DEC26.SPD;FUTURES_SPREAD;BLOCK;EUR;10;4.40000000;500;EXCHANGE_LAST;;1;1;XEUR;72060570450264144;693;
28.10.2024;12:42:13.602;FEXD SI 20251219 CS;SIMPLE_INSTRUMENT;BLOCK;EUR;10;158.80000000;500;PRC_DECOMP_MEMBER;;;;XEUR;1548120;693;MEMBER
28.10.2024;12:42:13.602;FEXD SI 20261218 CS;SIMPLE_INSTRUMENT;BLOCK;EUR;10;154.40000000;500;PRC_DECOMP_MEMBER;;;;XEUR;2163053;693;MEMBER
28.10.2024;15:11:30.226;FEXD SI 20251219 CS;SIMPLE_INSTRUMENT;BLOCK;EUR;17;158.80000000;200;EXCHANGE_LAST;;2;1;XEUR;1548120;693;
28.10.2024;15:11:37.391;FEXD SI 20261218 CS;SIMPLE_INSTRUMENT;BLOCK;EUR;18;154.70000000;200;EXCHANGE_LAST;;2;1;XEUR;2163053;693;
28.10.2024;16:05:01.343;FEXD.S.DEC25.DEC26.SPD;FUTURES_SPREAD;BLOCK;EUR;21;4.10000000;1000;EXCHANGE_LAST;;1;1;XEUR;72060570450264144;693;
28.10.2024;16:05:01.343;FEXD SI 20251219 CS;SIMPLE_INSTRUMENT;BLOCK;EUR;21;158.90000000;1000;PRC_DECOMP_MEMBER;;;;XEUR;1548120;693;MEMBER
28.10.2024;16:05:01.343;FEXD SI 20261218 CS;SIMPLE_INSTRUMENT;BLOCK;EUR;21;154.80000000;1000;PRC_DECOMP_MEMBER;;;;XEUR;2163053;693;MEMBER
28.10.2024;16:05:24.805;FEXD SI 20261218 CS;SIMPLE_INSTRUMENT;BLOCK;EUR;23;154.80000000;300;EXCHANGE_LAST;;1;1;XEUR;2163053;693;
28.10.2024;16:13:48.963;FEXD SI 20261218 CS;SIMPLE_INSTRUMENT;BLOCK;EUR;24;154.80000000;150;EXCHANGE_LAST;;1;1;XEUR;2163053;693;
28.10.2024;16:31:59.114;FEXD SI 20261218 CS;SIMPLE_INSTRUMENT;BLOCK;EUR;28;154.80000000;150;EXCHANGE_LAST;;1;1;XEUR;2163053;693;
28.10.2024;16:17:44.185;FFOX SI 20241220 CS;SIMPLE_INSTRUMENT;BLOCK;EUR;7;4643.80000000;300;EXCHANGE_LAST;;1;1;XEUR;10839549;695;
28.10.2024;07:34:33.035;FGBL SI 20241206 PS;SIMPLE_INSTRUMENT;EFS;EUR;1;132.49000000;244;EXCHANGE_LAST;;1;1;XEUR;10804524;688;
28.10.2024;07:44:49.480;FGBL SI 20241206 PS;SIMPLE_INSTRUMENT;EFS;EUR;2;132.53000000;489;EXCHANGE_LAST;;1;1;XEUR;10804524;688;
28.10.2024;07:50:23.361;FGBL SI 20241206 PS;SIMPLE_INSTRUMENT;EFS;EUR;3;132.56000000;147;EXCHANGE_LAST;;1;1;XEUR;10804524;688;
28.10.2024;07:51:05.391;FGBL SI 20241206 PS;SIMPLE_INSTRUMENT;EFS;EUR;4;132.56000000;977;EXCHANGE_LAST;;1;1;XEUR;10804524;688;
28.10.2024;07:58:58.795;FGBL SI 20241206 PS;SIMPLE_INSTRUMENT;EFS;EUR;5;132.54000000;487;EXCHANGE_LAST;;1;1;XEUR;10804524;688;
28.10.2024;08:15:19.271;FGBL SI 20241206 PS;SIMPLE_INSTRUMENT;EFS;EUR;6;132.54000000;500;EXCHANGE_LAST;;1;1;XEUR;10804524;688;
28.10.2024;08:18:05.133;FGBL SI 20241206 PS;SIMPLE_INSTRUMENT;EFS;EUR;7;132.59000000;215;EXCHANGE_LAST;;1;1;XEUR;10804524;688;
28.10.2024;08:34:36.156;FGBL SI 20241206 PS;SIMPLE_INSTRUMENT;EFS;EUR;8;132.58000000;195;EXCHANGE_LAST;;1;1;XEUR;10804524;688;
28.10.2024;08:36:59.698;FGBL SI 20241206 PS;SIMPLE_INSTRUMENT;EFS;EUR;9;132.57000000;244;EXCHANGE_LAST;;1;1;XEUR;10804524;688;
28.10.2024;09:01:54.789;FGBL SI 20241206 PS;SIMPLE_INSTRUMENT;EFS;EUR;10;132.77000000;214;EXCHANGE_LAST;;1;1;XEUR;10804524;688;
28.10.2024;09:06:32.135;FGBL SI 20241206 PS;SIMPLE_INSTRUMENT;EFS;EUR;11;132.78000000;299;EXCHANGE_LAST;;1;1;XEUR;10804524;688;
28.10.2024;09:33:24.051;FGBL SI 20241206 PS;SIMPLE_INSTRUMENT;EFS;EUR;12;132.83000000;428;EXCHANGE_LAST;;1;1;XEUR;10804524;688;
28.10.2024;09:35:45.835;FGBL SI 20241206 PS;SIMPLE_INSTRUMENT;EFS;EUR;13;132.79000000;225;EXCHANGE_LAST;;1;1;XEUR;10804524;688;
28.10.2024;09:36:02.270;FGBL SI 20241206 PS;SIMPLE_INSTRUMENT;EFS;EUR;14;132.88000000;429;EXCHANGE_LAST;;1;1;XEUR;10804524;688;
28.10.2024;09:37:07.287;FGBL SI 20241206 PS;SIMPLE_INSTRUMENT;EFS;EUR;15;132.88000000;487;EXCHANGE_LAST;;1;1;XEUR;10804524;688;
28.10.2024;09:50:10.725;FGBL SI 20241206 PS;SIMPLE_INSTRUMENT;EFS;EUR;16;132.90000000;487;EXCHANGE_LAST;;1;1;XEUR;10804524;688;
28.10.2024;09:53:36.034;FGBL SI 20241206 PS;SIMPLE_INSTRUMENT;EFS;EUR;17;132.91000000;4900;EXCHANGE_LAST;;1;1;XEUR;10804524;688;
28.10.2024;09:53:33.815;FGBL SI 20241206 PS;SIMPLE_INSTRUMENT;EFP_FIN;EUR;18;132.82000000;814;EXCHANGE_LAST;;1;1;XEUR;10804524;688;
28.10.2024;09:53:59.209;FGBL SI 20241206 PS;SIMPLE_INSTRUMENT;EFS;EUR;19;132.96000000;214;EXCHANGE_LAST;;1;1;XEUR;10804524;688;
28.10.2024;09:59:09.438;FGBL SI 20241206 PS;SIMPLE_INSTRUMENT;EFS;EUR;20;132.98000000;428;EXCHANGE_LAST;;1;1;XEUR;10804524;688;
28.10.2024;09:59:39.460;FGBL SI 20241206 PS;SIMPLE_INSTRUMENT;EFS;EUR;21;132.99000000;428;EXCHANGE_LAST;;1;1;XEUR;10804524;688;
28.10.2024;10:03:42.555;FGBL SI 20241206 PS;SIMPLE_INSTRUMENT;EFS;EUR;22;132.96000000;428;EXCHANGE_LAST;;1;1;XEUR;10804524;688;
28.10.2024;10:06:56.626;FGBL SI 20241206 PS;SIMPLE_INSTRUMENT;EFS;EUR;23;132.99000000;490;EXCHANGE_LAST;;1;1;XEUR;10804524;688;
28.10.2024;10:09:04.815;FGBL SI 20241206 PS;SIMPLE_INSTRUMENT;EFS;EUR;24;132.98000000;428;EXCHANGE_LAST;;1;1;XEUR;10804524;688;
28.10.2024;10:12:56.433;FGBL SI 20241206 PS;SIMPLE_INSTRUMENT;EFS;EUR;25;132.97000000;730;EXCHANGE_LAST;;1;1;XEUR;10804524;688;
28.10.2024;10:16:04.937;FGBL SI 20241206 PS;SIMPLE_INSTRUMENT;EFS;EUR;26;132.98000000;730;EXCHANGE_LAST;;1;1;XEUR;10804524;688;
28.10.2024;10:22:06.270;FGBL SI 20241206 PS;SIMPLE_INSTRUMENT;EFS;EUR;27;133.03000000;428;EXCHANGE_LAST;;1;1;XEUR;10804524;688;
28.10.2024;10:28:10.433;FGBL SI 20241206 PS;SIMPLE_INSTRUMENT;EFP_FIN;EUR;28;132.99000000;850;EXCHANGE_LAST;;1;1;XEUR;10804524;688;
28.10.2024;10:28:11.511;FGBL SI 20241206 PS;SIMPLE_INSTRUMENT;EFS;EUR;29;133.11000000;214;EXCHANGE_LAST;;1;1;XEUR;10804524;688;
28.10.2024;10:41:12.888;FGBL SI 20241206 PS;SIMPLE_INSTRUMENT;EFS;EUR;30;133.00000000;730;EXCHANGE_LAST;;1;1;XEUR;10804524;688;
28.10.2024;10:41:18.115;FGBL SI 20241206 PS;SIMPLE_INSTRUMENT;EFS;EUR;31;133.06000000;428;EXCHANGE_LAST;;1;1;XEUR;10804524;688;
28.10.2024;10:45:04.315;FGBL SI 20241206 PS;SIMPLE_INSTRUMENT;EFS;EUR;32;133.09000000;428;EXCHANGE_LAST;;1;1;XEUR;10804524;688;
28.10.2024;10:50:17.480;FGBL SI 20241206 PS;SIMPLE_INSTRUMENT;EFS;EUR;33;133.09000000;427;EXCHANGE_LAST;;1;1;XEUR;10804524;688;
28.10.2024;10:54:14.657;FGBL SI 20241206 PS;SIMPLE_INSTRUMENT;EFS;EUR;34;133.10000000;428;EXCHANGE_LAST;;1;1;XEUR;10804524;688;
28.10.2024;10:54:37.902;FGBL SI 20241206 PS;SIMPLE_INSTRUMENT;EFP_FIN;EUR;35;133.07000000;798;EXCHANGE_LAST;;1;1;XEUR;10804524;688;
28.10.2024;11:10:27.937;FGBL SI 20241206 PS;SIMPLE_INSTRUMENT;EFS;EUR;36;133.13000000;427;EXCHANGE_LAST;;1;1;XEUR;10804524;688;
28.10.2024;11:11:14.792;FGBL SI 20241206 PS;SIMPLE_INSTRUMENT;EFS;EUR;37;133.13000000;427;EXCHANGE_LAST;;1;1;XEUR;10804524;688;
28.10.2024;11:13:41.975;FGBL SI 20241206 PS;SIMPLE_INSTRUMENT;EFS;EUR;38;132.99000000;225;EXCHANGE_LAST;;1;1;XEUR;10804524;688;
28.10.2024;11:25:52.625;FGBL SI 20241206 PS;SIMPLE_INSTRUMENT;EFS;EUR;39;133.10000000;243;EXCHANGE_LAST;;1;1;XEUR;10804524;688;
28.10.2024;11:27:31.029;FGBL SI 20241206 PS;SIMPLE_INSTRUMENT;EFS;EUR;40;133.07000000;427;EXCHANGE_LAST;;1;1;XEUR;10804524;688;
28.10.2024;11:29:13.513;FGBL SI 20241206 PS;SIMPLE_INSTRUMENT;EFS;EUR;41;133.07000000;214;EXCHANGE_LAST;;1;1;XEUR;10804524;688;
28.10.2024;11:33:49.720;FGBL SI 20241206 PS;SIMPLE_INSTRUMENT;EFP_FIN;EUR;42;133.12000000;727;EXCHANGE_LAST;;1;1;XEUR;10804524;688;
28.10.2024;11:36:43.218;FGBL SI 20241206 PS;SIMPLE_INSTRUMENT;EFS;EUR;43;133.11000000;428;EXCHANGE_LAST;;1;1;XEUR;10804524;688;
28.10.2024;11:56:21.786;FGBL SI 20241206 PS;SIMPLE_INSTRUMENT;EFP_FIN;EUR;44;133.01000000;195;EXCHANGE_LAST;;1;1;XEUR;10804524;688;
28.10.2024;11:56:00.875;FGBL SI 20241206 PS;SIMPLE_INSTRUMENT;EFS;EUR;45;133.14000000;428;EXCHANGE_LAST;;1;1;XEUR;10804524;688;
28.10.2024;11:56:14.604;FGBL SI 20241206 PS;SIMPLE_INSTRUMENT;EFS;EUR;46;133.13000000;308;EXCHANGE_LAST;;1;1;XEUR;10804524;688;
28.10.2024;12:03:03.223;FGBL SI 20241206 PS;SIMPLE_INSTRUMENT;EFP_FIN;EUR;47;133.01000000;1197;EXCHANGE_LAST;;1;1;XEUR;10804524;688;
28.10.2024;12:12:36.068;FGBL SI 20241206 PS;SIMPLE_INSTRUMENT;EFP_FIN;EUR;48;133.01000000;140;EXCHANGE_LAST;;1;1;XEUR;10804524;688;
28.10.2024;12:14:49.302;FGBL SI 20241206 PS;SIMPLE_INSTRUMENT;EFS;EUR;49;133.14000000;77;EXCHANGE_LAST;;1;1;XEUR;10804524;688;
28.10.2024;12:21:45.519;FGBL SI 20241206 PS;SIMPLE_INSTRUMENT;BLOCK;EUR;50;133.13000000;2043;EXCHANGE_LAST;;1;1;XEUR;10804524;688;
28.10.2024;12:24:22.830;FGBL SI 20241206 PS;SIMPLE_INSTRUMENT;EFS;EUR;51;133.17000000;427;EXCHANGE_LAST;;1;1;XEUR;10804524;688;
28.10.2024;12:25:51.370;FGBL SI 20241206 PS;SIMPLE_INSTRUMENT;EFS;EUR;52;133.13000000;486;EXCHANGE_LAST;;1;1;XEUR;10804524;688;
28.10.2024;12:25:53.444;FGBL SI 20241206 PS;SIMPLE_INSTRUMENT;EFS;EUR;53;133.19000000;427;EXCHANGE_LAST;;1;1;XEUR;10804524;688;
28.10.2024;12:39:31.523;FGBL SI 20241206 PS;SIMPLE_INSTRUMENT;EFS;EUR;54;133.24000000;427;EXCHANGE_LAST;;1;1;XEUR;10804524;688;
28.10.2024;12:58:08.969;FGBL SI 20241206 PS;SIMPLE_INSTRUMENT;EFP_FIN;EUR;55;133.20000000;631;EXCHANGE_LAST;;1;1;XEUR;10804524;688;
28.10.2024;13:08:07.463;FGBL SI 20241206 PS;SIMPLE_INSTRUMENT;EFS;EUR;56;133.29000000;291;EXCHANGE_LAST;;1;1;XEUR;10804524;688;
28.10.2024;13:08:57.445;FGBL SI 20241206 PS;SIMPLE_INSTRUMENT;EFS;EUR;57;133.32000000;428;EXCHANGE_LAST;;1;1;XEUR;10804524;688;
28.10.2024;13:19:07.812;FGBL SI 20241206 PS;SIMPLE_INSTRUMENT;EFS;EUR;58;133.39000000;855;EXCHANGE_LAST;;1;1;XEUR;10804524;688;
28.10.2024;13:31:26.392;FGBL SI 20241206 PS;SIMPLE_INSTRUMENT;EFP_FIN;EUR;59;133.39000000;387;EXCHANGE_LAST;;1;1;XEUR;10804524;688;
28.10.2024;13:36:19.448;FGBL SI 20241206 PS;SIMPLE_INSTRUMENT;EFS;EUR;60;133.29000000;428;EXCHANGE_LAST;;1;1;XEUR;10804524;688;
28.10.2024;13:42:57.302;FGBL SI 20241206 PS;SIMPLE_INSTRUMENT;EFS;EUR;61;133.31000000;427;EXCHANGE_LAST;;1;1;XEUR;10804524;688;
28.10.2024;13:43:41.869;FGBL SI 20241206 PS;SIMPLE_INSTRUMENT;EFS;EUR;62;133.30000000;427;EXCHANGE_LAST;;1;1;XEUR;10804524;688;
28.10.2024;13:44:27.624;FGBL SI 20241206 PS;SIMPLE_INSTRUMENT;EFS;EUR;63;133.30000000;427;EXCHANGE_LAST;;1;1;XEUR;10804524;688;
28.10.2024;13:55:26.244;FGBL SI 20241206 PS;SIMPLE_INSTRUMENT;EFS;EUR;64;133.31000000;428;EXCHANGE_LAST;;1;1;XEUR;10804524;688;
28.10.2024;14:10:21.530;FGBL SI 20241206 PS;SIMPLE_INSTRUMENT;EFP_FIN;EUR;65;133.39000000;78;EXCHANGE_LAST;;1;1;XEUR;10804524;688;
28.10.2024;14:18:01.633;FGBL SI 20241206 PS;SIMPLE_INSTRUMENT;EFS;EUR;66;133.37000000;484;EXCHANGE_LAST;;1;1;XEUR;10804524;688;
28.10.2024;14:21:33.018;FGBL SI 20241206 PS;SIMPLE_INSTRUMENT;EFP_FIN;EUR;67;133.24000000;84;EXCHANGE_LAST;;1;1;XEUR;10804524;688;
28.10.2024;14:25:14.196;FGBL SI 20241206 PS;SIMPLE_INSTRUMENT;EFS;EUR;68;133.26000000;428;EXCHANGE_LAST;;1;1;XEUR;10804524;688;
28.10.2024;14:27:40.378;FGBL SI 20241206 PS;SIMPLE_INSTRUMENT;EFP_FIN;EUR;69;133.10000000;1014;EXCHANGE_LAST;;1;1;XEUR;10804524;688;
28.10.2024;14:29:59.854;FGBL SI 20241206 PS;SIMPLE_INSTRUMENT;EFS;EUR;70;133.26000000;854;EXCHANGE_LAST;;1;1;XEUR;10804524;688;
28.10.2024;14:49:39.975;FGBL SI 20241206 PS;SIMPLE_INSTRUMENT;EFP_FIN;EUR;71;133.24000000;850;EXCHANGE_LAST;;1;1;XEUR;10804524;688;
28.10.2024;14:52:59.666;FGBL SI 20241206 PS;SIMPLE_INSTRUMENT;EFS;EUR;72;133.25000000;427;EXCHANGE_LAST;;1;1;XEUR;10804524;688;
28.10.2024;15:02:07.535;FGBL SI 20241206 PS;SIMPLE_INSTRUMENT;EFS;EUR;73;133.25000000;300;EXCHANGE_LAST;;1;1;XEUR;10804524;688;
28.10.2024;15:09:47.259;FGBL SI 20241206 PS;SIMPLE_INSTRUMENT;EFS;EUR;74;133.26000000;194;EXCHANGE_LAST;;1;1;XEUR;10804524;688;
28.10.2024;15:16:14.072;FGBL SI 20241206 PS;SIMPLE_INSTRUMENT;EFS;EUR;75;133.24000000;214;EXCHANGE_LAST;;1;1;XEUR;10804524;688;
28.10.2024;15:16:49.094;FGBL SI 20241206 PS;SIMPLE_INSTRUMENT;EFS;EUR;76;133.20000000;428;EXCHANGE_LAST;;1;1;XEUR;10804524;688;
28.10.2024;15:17:58.200;FGBL SI 20241206 PS;SIMPLE_INSTRUMENT;EFS;EUR;77;133.21000000;427;EXCHANGE_LAST;;1;1;XEUR;10804524;688;
28.10.2024;15:18:14.149;FGBL SI 20241206 PS;SIMPLE_INSTRUMENT;EFS;EUR;78;133.20000000;428;EXCHANGE_LAST;;1;1;XEUR;10804524;688;
28.10.2024;15:18:47.104;FGBL SI 20241206 PS;SIMPLE_INSTRUMENT;EFS;EUR;79;133.21000000;427;EXCHANGE_LAST;;1;1;XEUR;10804524;688;
28.10.2024;15:19:22.760;FGBL SI 20241206 PS;SIMPLE_INSTRUMENT;EFS;EUR;80;133.21000000;214;EXCHANGE_LAST;;1;1;XEUR;10804524;688;
28.10.2024;15:21:04.862;FGBL SI 20241206 PS;SIMPLE_INSTRUMENT;EFS;EUR;81;133.21000000;214;EXCHANGE_LAST;;1;1;XEUR;10804524;688;
28.10.2024;15:28:45.238;FGBL SI 20241206 PS;SIMPLE_INSTRUMENT;EFS;EUR;82;133.20000000;898;EXCHANGE_LAST;;1;1;XEUR;10804524;688;
28.10.2024;15:31:54.676;FGBL SI 20241206 PS;SIMPLE_INSTRUMENT;EFS;EUR;83;133.20000000;428;EXCHANGE_LAST;;1;1;XEUR;10804524;688;
28.10.2024;15:31:59.680;FGBL SI 20241206 PS;SIMPLE_INSTRUMENT;EFS;EUR;84;133.20000000;428;EXCHANGE_LAST;;1;1;XEUR;10804524;688;
28.10.2024;15:37:45.911;FGBL SI 20241206 PS;SIMPLE_INSTRUMENT;EFS;EUR;85;133.20000000;428;EXCHANGE_LAST;;1;1;XEUR;10804524;688;
28.10.2024;15:37:55.922;FGBL SI 20241206 PS;SIMPLE_INSTRUMENT;EFS;EUR;86;133.20000000;428;EXCHANGE_LAST;;1;1;XEUR;10804524;688;
28.10.2024;15:52:04.976;FGBL SI 20241206 PS;SIMPLE_INSTRUMENT;EFS;EUR;87;133.17000000;292;EXCHANGE_LAST;;1;1;XEUR;10804524;688;
28.10.2024;15:56:50.137;FGBL SI 20241206 PS;SIMPLE_INSTRUMENT;EFS;EUR;88;133.14000000;854;EXCHANGE_LAST;;1;1;XEUR;10804524;688;
28.10.2024;15:57:14.553;FGBL SI 20241206 PS;SIMPLE_INSTRUMENT;EFS;EUR;89;133.14000000;428;EXCHANGE_LAST;;1;1;XEUR;10804524;688;
28.10.2024;16:08:22.261;FGBL SI 20241206 PS;SIMPLE_INSTRUMENT;EFS;EUR;90;133.02000000;427;EXCHANGE_LAST;;1;1;XEUR;10804524;688;
28.10.2024;16:10:30.526;FGBL SI 20241206 PS;SIMPLE_INSTRUMENT;EFS;EUR;91;133.04000000;427;EXCHANGE_LAST;;1;1;XEUR;10804524;688;
28.10.2024;16:27:01.805;FGBL SI 20241206 PS;SIMPLE_INSTRUMENT;EFS;EUR;92;133.06000000;428;EXCHANGE_LAST;;1;1;XEUR;10804524;688;
28.10.2024;16:28:41.877;FGBL SI 20241206 PS;SIMPLE_INSTRUMENT;EFS;EUR;93;133.07000000;428;EXCHANGE_LAST;;1;1;XEUR;10804524;688;
28.10.2024;16:40:33.289;FGBL SI 20241206 PS;SIMPLE_INSTRUMENT;EFS;EUR;94;133.02000000;428;EXCHANGE_LAST;;1;1;XEUR;10804524;688;
28.10.2024;16:42:00.534;FGBL SI 20241206 PS;SIMPLE_INSTRUMENT;EFS;EUR;95;133.08000000;729;EXCHANGE_LAST;;1;1;XEUR;10804524;688;
28.10.2024;16:44:01.438;FGBL SI 20241206 PS;SIMPLE_INSTRUMENT;EFS;EUR;96;133.03000000;214;EXCHANGE_LAST;;1;1;XEUR;10804524;688;
28.10.2024;16:45:49.246;FGBL SI 20241206 PS;SIMPLE_INSTRUMENT;EFP_FIN;EUR;97;133.26000000;549;EXCHANGE_LAST;;1;1;XEUR;10804524;688;
28.10.2024;16:58:07.315;FGBL SI 20241206 PS;SIMPLE_INSTRUMENT;EFS;EUR;98;133.04000000;427;EXCHANGE_LAST;;1;1;XEUR;10804524;688;
28.10.2024;17:00:32.112;FGBL SI 20241206 PS;SIMPLE_INSTRUMENT;EFS;EUR;99;133.07000000;3500;EXCHANGE_LAST;;1;1;XEUR;10804524;688;
28.10.2024;17:02:32.393;FGBL SI 20241206 PS;SIMPLE_INSTRUMENT;EFS;EUR;100;133.04000000;214;EXCHANGE_LAST;;1;1;XEUR;10804524;688;
28.10.2024;12:01:00.421;FGBL SI 20241206 PS;SIMPLE_INSTRUMENT;VOLA;EUR;268435471;133.09000000;15;EXCHANGE_LAST;;1;1;XEUR;10804524;688;
28.10.2024;12:51:31.437;FGBL SI 20241206 PS;SIMPLE_INSTRUMENT;VOLA;EUR;268435478;133.08000000;10;EXCHANGE_LAST;;1;1;XEUR;10804524;688;
28.10.2024;13:42:24.682;FGBL SI 20241206 PS;SIMPLE_INSTRUMENT;VOLA;EUR;268435486;133.31000000;34;EXCHANGE_LAST;;1;1;XEUR;10804524;688;
28.10.2024;14:29:09.600;FGBL SI 20241206 PS;SIMPLE_INSTRUMENT;VOLA;EUR;268435492;133.23000000;17;EXCHANGE_LAST;;1;1;XEUR;10804524;688;
28.10.2024;14:29:50.543;FGBL SI 20241206 PS;SIMPLE_INSTRUMENT;VOLA;EUR;268435493;133.23000000;18;EXCHANGE_LAST;;1;1;XEUR;10804524;688;
28.10.2024;15:02:59.837;FGBL SI 20241206 PS;SIMPLE_INSTRUMENT;VOLA;EUR;268435500;133.23000000;43;EXCHANGE_LAST;;1;1;XEUR;10804524;688;
28.10.2024;15:03:32.869;FGBL SI 20241206 PS;SIMPLE_INSTRUMENT;VOLA;EUR;268435501;133.23000000;42;EXCHANGE_LAST;;1;1;XEUR;10804524;688;
28.10.2024;15:08:43.440;FGBL SI 20241206 PS;SIMPLE_INSTRUMENT;VOLA;EUR;268435503;133.29000000;8;EXCHANGE_LAST;;1;1;XEUR;10804524;688;
28.10.2024;16:25:16.374;FGBL SI 20241206 PS;SIMPLE_INSTRUMENT;VOLA;EUR;268435510;133.15000000;167;EXCHANGE_LAST;;1;1;XEUR;10804524;688;
28.10.2024;16:25:37.786;FGBL SI 20241206 PS;SIMPLE_INSTRUMENT;VOLA;EUR;268435511;133.15000000;100;EXCHANGE_LAST;;1;1;XEUR;10804524;688;
28.10.2024;16:27:51.793;FGBL SI 20241206 PS;SIMPLE_INSTRUMENT;VOLA;EUR;268435513;133.15000000;230;EXCHANGE_LAST;;1;1;XEUR;10804524;688;
28.10.2024;16:27:35.341;FGBL SI 20241206 PS;SIMPLE_INSTRUMENT;VOLA;EUR;268435515;133.15000000;138;EXCHANGE_LAST;;1;1;XEUR;10804524;688;
28.10.2024;16:23:31.782;FGBL SI 20241206 PS;SIMPLE_INSTRUMENT;VOLA;EUR;268435516;133.17000000;100;EXCHANGE_LAST;;1;1;XEUR;10804524;688;
28.10.2024;16:24:00.787;FGBL SI 20241206 PS;SIMPLE_INSTRUMENT;VOLA;EUR;268435517;133.17000000;50;EXCHANGE_LAST;;1;1;XEUR;10804524;688;
28.10.2024;16:25:41.781;FGBL SI 20241206 PS;SIMPLE_INSTRUMENT;VOLA;EUR;268435518;133.15000000;231;EXCHANGE_LAST;;1;1;XEUR;10804524;688;
28.10.2024;16:26:08.435;FGBL SI 20241206 PS;SIMPLE_INSTRUMENT;VOLA;EUR;268435519;133.15000000;139;EXCHANGE_LAST;;1;1;XEUR;10804524;688;
28.10.2024;07:41:30.551;FGBM SI 20241206 PS;SIMPLE_INSTRUMENT;EFS;EUR;1;118.81000000;427;EXCHANGE_LAST;;1;1;XEUR;10804525;689;
28.10.2024;07:42:21.007;FGBM SI 20241206 PS;SIMPLE_INSTRUMENT;EFS;EUR;2;118.75000000;2606;EXCHANGE_LAST;;1;1;XEUR;10804525;689;
28.10.2024;08:23:53.986;FGBM SI 20241206 PS;SIMPLE_INSTRUMENT;EFS;EUR;3;118.78000000;930;EXCHANGE_LAST;;1;1;XEUR;10804525;689;
28.10.2024;08:33:11.514;FGBM SI 20241206 PS;SIMPLE_INSTRUMENT;EFS;EUR;4;118.84000000;1394;EXCHANGE_LAST;;1;1;XEUR;10804525;689;
28.10.2024;08:34:20.694;FGBM SI 20241206 PS;SIMPLE_INSTRUMENT;EFS;EUR;5;118.84000000;428;EXCHANGE_LAST;;1;1;XEUR;10804525;689;
28.10.2024;08:44:06.474;FGBM SI 20241206 PS;SIMPLE_INSTRUMENT;EFS;EUR;6;118.87000000;1172;EXCHANGE_LAST;;1;1;XEUR;10804525;689;
28.10.2024;08:45:10.828;FGBM SI 20241206 PS;SIMPLE_INSTRUMENT;EFS;EUR;7;118.83000000;430;EXCHANGE_LAST;;1;1;XEUR;10804525;689;
28.10.2024;09:04:49.088;FGBM SI 20241206 PS;SIMPLE_INSTRUMENT;EFS;EUR;8;118.90000000;427;EXCHANGE_LAST;;1;1;XEUR;10804525;689;
28.10.2024;09:12:57.192;FGBM SI 20241206 PS;SIMPLE_INSTRUMENT;BLOCK;EUR;9;118.91000000;3433;EXCHANGE_LAST;;1;1;XEUR;10804525;689;
28.10.2024;09:29:05.931;FGBM SI 20241206 PS;SIMPLE_INSTRUMENT;EFP_FIN;EUR;10;118.91000000;421;EXCHANGE_LAST;;1;1;XEUR;10804525;689;
28.10.2024;09:46:15.618;FGBM SI 20241206 PS;SIMPLE_INSTRUMENT;EFS;EUR;11;118.78000000;929;EXCHANGE_LAST;;1;1;XEUR;10804525;689;
28.10.2024;09:52:05.634;FGBM SI 20241206 PS;SIMPLE_INSTRUMENT;EFP_FIN;EUR;12;118.97000000;76;EXCHANGE_LAST;;1;1;XEUR;10804525;689;
28.10.2024;09:52:21.467;FGBM SI 20241206 PS;SIMPLE_INSTRUMENT;EFP_FIN;EUR;13;118.97000000;114;EXCHANGE_LAST;;1;1;XEUR;10804525;689;
28.10.2024;10:04:42.408;FGBM SI 20241206 PS;SIMPLE_INSTRUMENT;EFP_FIN;EUR;14;118.98000000;447;EXCHANGE_LAST;;1;1;XEUR;10804525;689;
28.10.2024;10:06:27.114;FGBM SI 20241206 PS;SIMPLE_INSTRUMENT;EFP_FIN;EUR;15;119.02000000;210;EXCHANGE_LAST;;1;1;XEUR;10804525;689;
28.10.2024;10:11:38.804;FGBM SI 20241206 PS;SIMPLE_INSTRUMENT;EFS;EUR;16;119.02000000;426;EXCHANGE_LAST;;1;1;XEUR;10804525;689;
28.10.2024;10:12:49.447;FGBM SI 20241206 PS;SIMPLE_INSTRUMENT;EFP_FIN;EUR;17;119.03000000;148;EXCHANGE_LAST;;1;1;XEUR;10804525;689;
28.10.2024;10:13:29.965;FGBM SI 20241206 PS;SIMPLE_INSTRUMENT;EFS;EUR;18;119.04000000;641;EXCHANGE_LAST;;1;1;XEUR;10804525;689;
28.10.2024;10:13:59.748;FGBM SI 20241206 PS;SIMPLE_INSTRUMENT;EFS;EUR;19;119.04000000;641;EXCHANGE_LAST;;1;1;XEUR;10804525;689;
28.10.2024;10:16:11.063;FGBM SI 20241206 PS;SIMPLE_INSTRUMENT;EFS;EUR;20;119.03000000;855;EXCHANGE_LAST;;1;1;XEUR;10804525;689;
28.10.2024;10:18:09.237;FGBM SI 20241206 PS;SIMPLE_INSTRUMENT;EFP_FIN;EUR;21;118.97000000;582;EXCHANGE_LAST;;1;1;XEUR;10804525;689;
28.10.2024;10:31:37.412;FGBM SI 20241206 PS;SIMPLE_INSTRUMENT;EFS;EUR;22;119.09000000;853;EXCHANGE_LAST;;1;1;XEUR;10804525;689;
28.10.2024;11:08:09.786;FGBM SI 20241206 PS;SIMPLE_INSTRUMENT;EFP_FIN;EUR;23;119.09000000;739;EXCHANGE_LAST;;1;1;XEUR;10804525;689;
28.10.2024;11:19:39.546;FGBM SI 20241206 PS;SIMPLE_INSTRUMENT;EFS;EUR;24;119.12000000;853;EXCHANGE_LAST;;1;1;XEUR;10804525;689;
28.10.2024;11:23:19.350;FGBM SI 20241206 PS;SIMPLE_INSTRUMENT;EFP_FIN;EUR;25;119.09000000;148;EXCHANGE_LAST;;1;1;XEUR;10804525;689;
28.10.2024;11:37:32.135;FGBM SI 20241206 PS;SIMPLE_INSTRUMENT;EFP_FIN;EUR;26;119.10000000;856;EXCHANGE_LAST;;1;1;XEUR;10804525;689;
28.10.2024;11:39:00.777;FGBM SI 20241206 PS;SIMPLE_INSTRUMENT;EFP_FIN;EUR;27;119.10000000;499;EXCHANGE_LAST;;1;1;XEUR;10804525;689;
28.10.2024;11:58:29.973;FGBM SI 20241206 PS;SIMPLE_INSTRUMENT;EFS;EUR;28;119.10000000;852;EXCHANGE_LAST;;1;1;XEUR;10804525;689;
28.10.2024;11:59:15.970;FGBM SI 20241206 PS;SIMPLE_INSTRUMENT;EFP_FIN;EUR;29;119.09000000;1713;EXCHANGE_LAST;;1;1;XEUR;10804525;689;
28.10.2024;12:25:08.472;FGBM SI 20241206 PS;SIMPLE_INSTRUMENT;EFS;EUR;30;119.14000000;426;EXCHANGE_LAST;;1;1;XEUR;10804525;689;
28.10.2024;12:31:11.273;FGBM SI 20241206 PS;SIMPLE_INSTRUMENT;EFP_FIN;EUR;31;119.08000000;428;EXCHANGE_LAST;;1;1;XEUR;10804525;689;
28.10.2024;12:31:13.208;FGBM SI 20241206 PS;SIMPLE_INSTRUMENT;EFP_FIN;EUR;32;119.08000000;428;EXCHANGE_LAST;;1;1;XEUR;10804525;689;
28.10.2024;12:44:14.635;FGBM SI 20241206 PS;SIMPLE_INSTRUMENT;EFS;EUR;33;119.17000000;1852;EXCHANGE_LAST;;1;1;XEUR;10804525;689;
28.10.2024;12:52:36.576;FGBM SI 20241206 PS;SIMPLE_INSTRUMENT;EFP_FIN;EUR;34;119.10000000;1285;EXCHANGE_LAST;;1;1;XEUR;10804525;689;
28.10.2024;12:53:18.521;FGBM SI 20241206 PS;SIMPLE_INSTRUMENT;EFP_FIN;EUR;35;119.12000000;428;EXCHANGE_LAST;;1;1;XEUR;10804525;689;
28.10.2024;13:02:56.778;FGBM SI 20241206 PS;SIMPLE_INSTRUMENT;EFP_FIN;EUR;36;119.19000000;800;EXCHANGE_LAST;;1;1;XEUR;10804525;689;
28.10.2024;13:37:50.790;FGBM SI 20241206 PS;SIMPLE_INSTRUMENT;EFS;EUR;37;119.22000000;852;EXCHANGE_LAST;;1;1;XEUR;10804525;689;
28.10.2024;13:38:54.111;FGBM SI 20241206 PS;SIMPLE_INSTRUMENT;EFS;EUR;38;119.23000000;852;EXCHANGE_LAST;;1;1;XEUR;10804525;689;
28.10.2024;13:40:20.885;FGBM SI 20241206 PS;SIMPLE_INSTRUMENT;EFS;EUR;39;119.22000000;426;EXCHANGE_LAST;;1;1;XEUR;10804525;689;
28.10.2024;13:41:32.618;FGBM SI 20241206 PS;SIMPLE_INSTRUMENT;EFS;EUR;40;119.22000000;426;EXCHANGE_LAST;;1;1;XEUR;10804525;689;
28.10.2024;13:48:00.575;FGBM SI 20241206 PS;SIMPLE_INSTRUMENT;EFS;EUR;41;119.16000000;689;EXCHANGE_LAST;;1;1;XEUR;10804525;689;
28.10.2024;13:48:56.135;FGBM SI 20241206 PS;SIMPLE_INSTRUMENT;EFS;EUR;42;119.17000000;852;EXCHANGE_LAST;;1;1;XEUR;10804525;689;
28.10.2024;14:06:10.995;FGBM SI 20241206 PS;SIMPLE_INSTRUMENT;EFS;EUR;43;119.19000000;6848;EXCHANGE_LAST;;1;1;XEUR;10804525;689;
28.10.2024;14:18:20.691;FGBM SI 20241206 PS;SIMPLE_INSTRUMENT;EFS;EUR;44;119.15000000;426;EXCHANGE_LAST;;1;1;XEUR;10804525;689;
28.10.2024;14:27:32.723;FGBM SI 20241206 PS;SIMPLE_INSTRUMENT;EFS;EUR;45;119.16000000;200;EXCHANGE_LAST;;1;1;XEUR;10804525;689;
28.10.2024;14:30:37.791;FGBM SI 20241206 PS;SIMPLE_INSTRUMENT;EFP_FIN;EUR;46;119.18000000;110;EXCHANGE_LAST;;1;1;XEUR;10804525;689;
28.10.2024;14:34:16.591;FGBM SI 20241206 PS;SIMPLE_INSTRUMENT;EFP_FIN;EUR;47;119.18000000;90;EXCHANGE_LAST;;1;1;XEUR;10804525;689;
28.10.2024;14:34:05.934;FGBM SI 20241206 PS;SIMPLE_INSTRUMENT;EFP_FIN;EUR;48;119.18000000;518;EXCHANGE_LAST;;1;1;XEUR;10804525;689;
28.10.2024;14:34:37.167;FGBM SI 20241206 PS;SIMPLE_INSTRUMENT;EFP_FIN;EUR;49;119.16000000;161;EXCHANGE_LAST;;1;1;XEUR;10804525;689;
28.10.2024;14:44:03.607;FGBM SI 20241206 PS;SIMPLE_INSTRUMENT;EFP_FIN;EUR;50;119.15000000;92;EXCHANGE_LAST;;1;1;XEUR;10804525;689;
28.10.2024;14:55:13.451;FGBM SI 20241206 PS;SIMPLE_INSTRUMENT;EFP_FIN;EUR;51;119.16000000;214;EXCHANGE_LAST;;1;1;XEUR;10804525;689;
28.10.2024;15:01:29.750;FGBM SI 20241206 PS;SIMPLE_INSTRUMENT;EFP_FIN;EUR;52;119.16000000;218;EXCHANGE_LAST;;1;1;XEUR;10804525;689;
28.10.2024;15:01:32.505;FGBM SI 20241206 PS;SIMPLE_INSTRUMENT;EFS;EUR;53;119.16000000;200;EXCHANGE_LAST;;1;1;XEUR;10804525;689;
28.10.2024;15:01:37.511;FGBM SI 20241206 PS;SIMPLE_INSTRUMENT;EFS;EUR;54;119.16000000;367;EXCHANGE_LAST;;1;1;XEUR;10804525;689;
28.10.2024;15:09:04.546;FGBM SI 20241206 PS;SIMPLE_INSTRUMENT;EFP_FIN;EUR;55;119.15000000;218;EXCHANGE_LAST;;1;1;XEUR;10804525;689;
28.10.2024;15:14:59.023;FGBM SI 20241206 PS;SIMPLE_INSTRUMENT;EFS;EUR;56;119.16000000;854;EXCHANGE_LAST;;1;1;XEUR;10804525;689;
28.10.2024;15:15:59.061;FGBM SI 20241206 PS;SIMPLE_INSTRUMENT;EFS;EUR;57;119.14000000;427;EXCHANGE_LAST;;1;1;XEUR;10804525;689;
28.10.2024;15:22:05.371;FGBM SI 20241206 PS;SIMPLE_INSTRUMENT;EFP_FIN;EUR;58;119.14000000;224;EXCHANGE_LAST;;1;1;XEUR;10804525;689;
28.10.2024;15:27:44.234;FGBM SI 20241206 PS;SIMPLE_INSTRUMENT;EFS;EUR;59;119.14000000;1712;EXCHANGE_LAST;;1;1;XEUR;10804525;689;
28.10.2024;15:29:36.333;FGBM SI 20241206 PS;SIMPLE_INSTRUMENT;EFS;EUR;60;119.13000000;852;EXCHANGE_LAST;;1;1;XEUR;10804525;689;
28.10.2024;15:34:44.792;FGBM SI 20241206 PS;SIMPLE_INSTRUMENT;EFS;EUR;61;119.13000000;854;EXCHANGE_LAST;;1;1;XEUR;10804525;689;
28.10.2024;15:47:19.443;FGBM SI 20241206 PS;SIMPLE_INSTRUMENT;EFS;EUR;62;119.12000000;463;EXCHANGE_LAST;;1;1;XEUR;10804525;689;
28.10.2024;15:50:35.554;FGBM SI 20241206 PS;SIMPLE_INSTRUMENT;EFS;EUR;63;119.13000000;852;EXCHANGE_LAST;;1;1;XEUR;10804525;689;
28.10.2024;15:55:02.994;FGBM SI 20241206 PS;SIMPLE_INSTRUMENT;EFS;EUR;64;119.11000000;1611;EXCHANGE_LAST;;1;1;XEUR;10804525;689;
28.10.2024;15:57:52.709;FGBM SI 20241206 PS;SIMPLE_INSTRUMENT;EFS;EUR;65;119.09000000;691;EXCHANGE_LAST;;1;1;XEUR;10804525;689;
28.10.2024;16:06:43.241;FGBM SI 20241206 PS;SIMPLE_INSTRUMENT;EFS;EUR;66;119.07000000;1392;EXCHANGE_LAST;;1;1;XEUR;10804525;689;
28.10.2024;16:09:32.999;FGBM SI 20241206 PS;SIMPLE_INSTRUMENT;EFS;EUR;67;119.06000000;806;EXCHANGE_LAST;;1;1;XEUR;10804525;689;
28.10.2024;16:35:07.283;FGBM SI 20241206 PS;SIMPLE_INSTRUMENT;EFP_FIN;EUR;68;119.05000000;119;EXCHANGE_LAST;;1;1;XEUR;10804525;689;
28.10.2024;16:47:17.031;FGBM SI 20241206 PS;SIMPLE_INSTRUMENT;EFS;EUR;69;119.06000000;426;EXCHANGE_LAST;;1;1;XEUR;10804525;689;
28.10.2024;16:59:28.726;FGBM SI 20241206 PS;SIMPLE_INSTRUMENT;EFS;EUR;70;119.07000000;2000;EXCHANGE_LAST;;1;1;XEUR;10804525;689;
28.10.2024;08:03:31.464;FGBS SI 20241206 PS;SIMPLE_INSTRUMENT;EFS;EUR;1;106.83500000;6298;EXCHANGE_LAST;;1;1;XEUR;10804527;690;
28.10.2024;08:18:46.463;FGBS SI 20241206 PS;SIMPLE_INSTRUMENT;EFS;EUR;2;106.82500000;1359;EXCHANGE_LAST;;1;1;XEUR;10804527;690;
28.10.2024;08:27:30.271;FGBS SI 20241206 PS;SIMPLE_INSTRUMENT;EFS;EUR;3;106.82500000;1246;EXCHANGE_LAST;;1;1;XEUR;10804527;690;
28.10.2024;09:12:30.737;FGBS SI 20241206 PS;SIMPLE_INSTRUMENT;BLOCK;EUR;5;106.87000000;10045;EXCHANGE_LAST;;1;1;XEUR;10804527;690;
28.10.2024;09:55:27.234;FGBS SI 20241206 PS;SIMPLE_INSTRUMENT;EFS;EUR;6;106.89000000;5432;EXCHANGE_LAST;;1;1;XEUR;10804527;690;
28.10.2024;10:08:26.370;FGBS SI 20241206 PS;SIMPLE_INSTRUMENT;EFS;EUR;7;106.91000000;2512;EXCHANGE_LAST;;1;1;XEUR;10804527;690;
28.10.2024;10:10:33.171;FGBS SI 20241206 PS;SIMPLE_INSTRUMENT;EFS;EUR;8;106.91000000;2511;EXCHANGE_LAST;;1;1;XEUR;10804527;690;
28.10.2024;10:12:32.432;FGBS SI 20241206 PS;SIMPLE_INSTRUMENT;EFS;EUR;9;106.91000000;4073;EXCHANGE_LAST;;1;1;XEUR;10804527;690;
28.10.2024;10:14:40.905;FGBS SI 20241206 PS;SIMPLE_INSTRUMENT;EFS;EUR;10;106.91000000;4073;EXCHANGE_LAST;;1;1;XEUR;10804527;690;
28.10.2024;10:31:23.501;FGBS SI 20241206 PS;SIMPLE_INSTRUMENT;EFP_FIN;EUR;11;106.91000000;378;EXCHANGE_LAST;;1;1;XEUR;10804527;690;
28.10.2024;10:39:00.881;FGBS SI 20241206 PS;SIMPLE_INSTRUMENT;EFS;EUR;12;106.91000000;2510;EXCHANGE_LAST;;1;1;XEUR;10804527;690;
28.10.2024;10:39:39.963;FGBS SI 20241206 PS;SIMPLE_INSTRUMENT;EFP_FIN;EUR;13;106.94000000;671;EXCHANGE_LAST;;1;1;XEUR;10804527;690;
28.10.2024;10:39:42.883;FGBS SI 20241206 PS;SIMPLE_INSTRUMENT;EFS;EUR;14;106.91500000;4073;EXCHANGE_LAST;;1;1;XEUR;10804527;690;
28.10.2024;10:48:00.909;FGBS SI 20241206 PS;SIMPLE_INSTRUMENT;EFS;EUR;15;106.93000000;2715;EXCHANGE_LAST;;1;1;XEUR;10804527;690;
28.10.2024;10:51:38.038;FGBS SI 20241206 PS;SIMPLE_INSTRUMENT;EFS;EUR;16;106.92000000;1341;EXCHANGE_LAST;;1;1;XEUR;10804527;690;
28.10.2024;11:01:14.984;FGBS SI 20241206 PS;SIMPLE_INSTRUMENT;EFS;EUR;17;106.86500000;1255;EXCHANGE_LAST;;1;1;XEUR;10804527;690;
28.10.2024;11:10:05.609;FGBS SI 20241206 PS;SIMPLE_INSTRUMENT;EFS;EUR;18;106.91000000;2515;EXCHANGE_LAST;;1;1;XEUR;10804527;690;
28.10.2024;11:15:01.538;FGBS SI 20241206 PS;SIMPLE_INSTRUMENT;EFP_FIN;EUR;20;106.91000000;361;EXCHANGE_LAST;;1;1;XEUR;10804527;690;
28.10.2024;11:20:50.335;FGBS SI 20241206 PS;SIMPLE_INSTRUMENT;EFS;EUR;21;106.93000000;2714;EXCHANGE_LAST;;1;1;XEUR;10804527;690;
28.10.2024;12:12:07.642;FGBS SI 20241206 PS;SIMPLE_INSTRUMENT;EFP_FIN;EUR;22;106.93000000;938;EXCHANGE_LAST;;1;1;XEUR;10804527;690;
28.10.2024;12:23:47.174;FGBS SI 20241206 PS;SIMPLE_INSTRUMENT;EFP_FIN;EUR;24;106.92000000;524;EXCHANGE_LAST;;1;1;XEUR;10804527;690;
28.10.2024;12:26:47.002;FGBS SI 20241206 PS;SIMPLE_INSTRUMENT;EFS;EUR;25;106.93000000;2715;EXCHANGE_LAST;;1;1;XEUR;10804527;690;
28.10.2024;12:32:02.725;FGBS SI 20241206 PS;SIMPLE_INSTRUMENT;EFS;EUR;26;106.92500000;1206;EXCHANGE_LAST;;1;1;XEUR;10804527;690;
28.10.2024;12:36:38.650;FGBS SI 20241206 PS;SIMPLE_INSTRUMENT;EFP_FIN;EUR;27;106.92000000;262;EXCHANGE_LAST;;1;1;XEUR;10804527;690;
28.10.2024;12:42:43.097;FGBS SI 20241206 PS;SIMPLE_INSTRUMENT;EFS;EUR;28;106.96000000;5427;EXCHANGE_LAST;;1;1;XEUR;10804527;690;
28.10.2024;13:50:46.947;FGBS SI 20241206 PS;SIMPLE_INSTRUMENT;EFS;EUR;29;106.96000000;5006;EXCHANGE_LAST;;1;1;XEUR;10804527;690;
28.10.2024;13:51:18.950;FGBS SI 20241206 PS;SIMPLE_INSTRUMENT;EFS;EUR;30;106.96000000;1520;EXCHANGE_LAST;;1;1;XEUR;10804527;690;
28.10.2024;14:05:10.991;FGBS SI 20241206 PS;SIMPLE_INSTRUMENT;EFS;EUR;31;106.95000000;20072;EXCHANGE_LAST;;1;1;XEUR;10804527;690;
28.10.2024;14:10:33.164;FGBS SI 20241206 PS;SIMPLE_INSTRUMENT;EFS;EUR;32;106.94500000;4340;EXCHANGE_LAST;;1;1;XEUR;10804527;690;
28.10.2024;14:41:44.242;FGBS SI 20241206 PS;SIMPLE_INSTRUMENT;EFS;EUR;33;106.96000000;2937;EXCHANGE_LAST;;1;1;XEUR;10804527;690;
28.10.2024;14:52:46.524;FGBS SI 20241206 PS;SIMPLE_INSTRUMENT;EFP_FIN;EUR;34;106.94000000;473;EXCHANGE_LAST;;1;1;XEUR;10804527;690;
28.10.2024;15:25:25.171;FGBS SI 20241206 PS;SIMPLE_INSTRUMENT;EFS;EUR;35;106.94000000;2715;EXCHANGE_LAST;;1;1;XEUR;10804527;690;
28.10.2024;15:36:18.074;FGBS SI 20241206 PS;SIMPLE_INSTRUMENT;EFP_FIN;EUR;36;106.93500000;350;EXCHANGE_LAST;;1;1;XEUR;10804527;690;
28.10.2024;15:36:58.707;FGBS SI 20241206 PS;SIMPLE_INSTRUMENT;EFP_FIN;EUR;37;106.94000000;1230;EXCHANGE_LAST;;1;1;XEUR;10804527;690;
28.10.2024;16:32:55.553;FGBS SI 20241206 PS;SIMPLE_INSTRUMENT;EFP_FIN;EUR;38;106.92000000;1120;EXCHANGE_LAST;;1;1;XEUR;10804527;690;
28.10.2024;16:41:48.533;FGBS SI 20241206 PS;SIMPLE_INSTRUMENT;EFS;EUR;39;106.91000000;4073;EXCHANGE_LAST;;1;1;XEUR;10804527;690;
28.10.2024;16:58:22.810;FGBS SI 20241206 PS;SIMPLE_INSTRUMENT;EFS;EUR;40;106.91000000;4000;EXCHANGE_LAST;;1;1;XEUR;10804527;690;
28.10.2024;17:44:40.016;FGBS SI 20241206 PS;SIMPLE_INSTRUMENT;EFP_FIN;EUR;41;106.94000000;1894;EXCHANGE_LAST;;1;1;XEUR;10804527;690;
28.10.2024;10:24:10.818;FGBS SI 20241206 PS;SIMPLE_INSTRUMENT;VOLA;EUR;268435466;106.89000000;375;EXCHANGE_LAST;;1;1;XEUR;10804527;690;
28.10.2024;08:20:41.120;FGBX SI 20241206 PS;SIMPLE_INSTRUMENT;EFS;EUR;1;131.26000000;34;EXCHANGE_LAST;;1;1;XEUR;10804526;691;
28.10.2024;08:30:50.423;FGBX SI 20241206 PS;SIMPLE_INSTRUMENT;EFS;EUR;2;131.38000000;184;EXCHANGE_LAST;;1;1;XEUR;10804526;691;
28.10.2024;08:47:27.559;FGBX SI 20241206 PS;SIMPLE_INSTRUMENT;EFS;EUR;4;131.56000000;360;EXCHANGE_LAST;;1;1;XEUR;10804526;691;
28.10.2024;09:42:00.801;FGBX SI 20241206 PS;SIMPLE_INSTRUMENT;EFP_FIN;EUR;6;131.72000000;371;EXCHANGE_LAST;;1;1;XEUR;10804526;691;
28.10.2024;09:53:36.127;FGBX SI 20241206 PS;SIMPLE_INSTRUMENT;EFP_FIN;EUR;8;131.98000000;150;EXCHANGE_LAST;;1;1;XEUR;10804526;691;
28.10.2024;10:37:57.513;FGBX SI 20241206 PS;SIMPLE_INSTRUMENT;EFP_FIN;EUR;12;132.24000000;60;EXCHANGE_LAST;;1;1;XEUR;10804526;691;
28.10.2024;10:49:41.918;FGBX SI 20241206 PS;SIMPLE_INSTRUMENT;EFP_FIN;EUR;16;132.34000000;519;EXCHANGE_LAST;;1;1;XEUR;10804526;691;
28.10.2024;11:03:55.466;FGBX SI 20241206 PS;SIMPLE_INSTRUMENT;EFP_FIN;EUR;18;132.28000000;80;EXCHANGE_LAST;;1;1;XEUR;10804526;691;
28.10.2024;11:32:04.888;FGBX SI 20241206 PS;SIMPLE_INSTRUMENT;EFP_FIN;EUR;20;132.30000000;168;EXCHANGE_LAST;;1;1;XEUR;10804526;691;
28.10.2024;11:50:30.932;FGBX SI 20241206 PS;SIMPLE_INSTRUMENT;EFP_FIN;EUR;21;132.38000000;82;EXCHANGE_LAST;;1;1;XEUR;10804526;691;
28.10.2024;12:25:54.308;FGBX SI 20241206 PS;SIMPLE_INSTRUMENT;EFP_FIN;EUR;24;132.54000000;359;EXCHANGE_LAST;;1;1;XEUR;10804526;691;
28.10.2024;12:28:48.418;FGBX SI 20241206 PS;SIMPLE_INSTRUMENT;EFP_FIN;EUR;25;132.60000000;117;EXCHANGE_LAST;;1;1;XEUR;10804526;691;
28.10.2024;12:51:39.836;FGBX SI 20241206 PS;SIMPLE_INSTRUMENT;EFP_FIN;EUR;27;132.84000000;84;EXCHANGE_LAST;;1;1;XEUR;10804526;691;
28.10.2024;12:54:26.049;FGBX SI 20241206 PS;SIMPLE_INSTRUMENT;EFP_FIN;EUR;28;132.64000000;60;EXCHANGE_LAST;;1;1;XEUR;10804526;691;
28.10.2024;14:29:00.074;FGBX SI 20241206 PS;SIMPLE_INSTRUMENT;EFP_FIN;EUR;31;132.80000000;105;EXCHANGE_LAST;;1;1;XEUR;10804526;691;
28.10.2024;15:32:05.935;FGBX SI 20241206 PS;SIMPLE_INSTRUMENT;BLOCK;EUR;35;132.74000000;700;EXCHANGE_LAST;;1;1;XEUR;10804526;691;
28.10.2024;16:19:17.471;FGBX SI 20241206 PS;SIMPLE_INSTRUMENT;EFS;EUR;36;132.24000000;249;EXCHANGE_LAST;;1;1;XEUR;10804526;691;
28.10.2024;17:02:06.066;FGBX SI 20241206 PS;SIMPLE_INSTRUMENT;EFS;EUR;37;132.36000000;400;EXCHANGE_LAST;;1;1;XEUR;10804526;691;
28.10.2024;10:16:53.932;FIA5.O.241028.STD.000002;STANDARD_OPTION_STRATEGY;BLOCK;EUR;2;3.18000000;1000;EXCHANGE_LAST;;2;1;XEUR;72264727425717752;48227;
28.10.2024;10:16:53.932;FIA5 SI 20251218 PS AM P 12.00 0;SIMPLE_INSTRUMENT;BLOCK;EUR;2;1.23950000;1000;PRC_DECOMP_EXCHANGE;;;;XEUR;10385156;48227;EXCHANGE
28.10.2024;10:16:53.932;FIA5 SI 20251218 PS AM C 12.00 0;SIMPLE_INSTRUMENT;BLOCK;EUR;2;1.94050000;1000;PRC_DECOMP_EXCHANGE;;;;XEUR;10385152;48227;EXCHANGE
28.10.2024;10:34:01.810;FIA5 SI 20250619 PS AM P 18.00 0;SIMPLE_INSTRUMENT;BLOCK;EUR;4;5.51000000;800;EXCHANGE_LAST;;1;1;XEUR;9533232;48227;
28.10.2024;14:06:04.206;FIA5 SI 20250619 PS AM P 13.00 0;SIMPLE_INSTRUMENT;BLOCK;EUR;16;1.51500000;400;EXCHANGE_LAST;;1;1;XEUR;11340117;48227;
28.10.2024;01:38:13.112;FMEA SI 20241220 CS;SIMPLE_INSTRUMENT;BLOCK;USD;1;724.60700000;54;EXCHANGE_LAST;;1;1;XEUR;7191938;12395;
28.10.2024;03:05:39.351;FMEA SI 20241220 CS;SIMPLE_INSTRUMENT;BLOCK;USD;6;724.82300000;634;EXCHANGE_LAST;;1;1;XEUR;7191938;12395;
28.10.2024;09:09:40.888;FMEA SI 20241220 CS;SIMPLE_INSTRUMENT;BLOCK;USD;24;724.99000000;137;EXCHANGE_LAST;;1;1;XEUR;7191938;12395;
28.10.2024;08:22:08.581;FMEE SI 20241220 CS;SIMPLE_INSTRUMENT;BLOCK;USD;20;317.01800000;140;EXCHANGE_LAST;;1;1;XEUR;7191941;12396;
28.10.2024;08:28:01.019;FMEE SI 20241220 CS;SIMPLE_INSTRUMENT;BLOCK;USD;22;316.76700000;150;EXCHANGE_LAST;;1;1;XEUR;7191941;12396;
28.10.2024;07:42:43.471;FMEL SI 20241220 CS;SIMPLE_INSTRUMENT;EFP_IDX;USD;13;546.62000000;68;EXCHANGE_LAST;;1;1;XEUR;7191942;12397;
28.10.2024;09:15:55.850;FMEL SI 20241220 CS;SIMPLE_INSTRUMENT;BLOCK;USD;25;546.62000000;40;EXCHANGE_LAST;;1;1;XEUR;7191942;12397;
28.10.2024;08:16:06.784;FMES SI 20241220 CS;SIMPLE_INSTRUMENT;BLOCK;EUR;18;567.45100000;424;EXCHANGE_LAST;;1;1;XEUR;7194760;221291;
28.10.2024;08:39:53.679;FMGC SI 20241220 CS;SIMPLE_INSTRUMENT;BLOCK;USD;23;12803.22000000;77;EXCHANGE_LAST;;1;1;XEUR;7193447;48916;
28.10.2024;07:54:40.402;FMHK SI 20241220 CS;SIMPLE_INSTRUMENT;BLOCK;USD;16;60150.00000000;13;EXCHANGE_LAST;;1;1;XEUR;7192592;45282;
28.10.2024;01:52:25.405;FMIN SI 20241220 CS;SIMPLE_INSTRUMENT;BLOCK;USD;2;1307.22200000;20;EXCHANGE_LAST;;1;1;XEUR;7191968;12404;
28.10.2024;02:29:30.282;FMIN SI 20241220 CS;SIMPLE_INSTRUMENT;BLOCK;USD;4;1306.96200000;246;EXCHANGE_LAST;;2;2;XEUR;7191968;12404;
28.10.2024;02:30:55.788;FMIN SI 20241220 CS;SIMPLE_INSTRUMENT;BLOCK;USD;5;1306.96200000;20;EXCHANGE_LAST;;1;1;XEUR;7191968;12404;
28.10.2024;03:41:02.926;FMIN SI 20241220 CS;SIMPLE_INSTRUMENT;BLOCK;USD;7;1307.22300000;252;EXCHANGE_LAST;;1;1;XEUR;7191968;12404;
28.10.2024;03:46:50.875;FMIN SI 20241220 CS;SIMPLE_INSTRUMENT;BLOCK;USD;8;1306.96200000;298;EXCHANGE_LAST;;1;1;XEUR;7191968;12404;
28.10.2024;03:56:50.442;FMIN SI 20241220 CS;SIMPLE_INSTRUMENT;BLOCK;USD;9;1306.83200000;231;EXCHANGE_LAST;;1;1;XEUR;7191968;12404;
28.10.2024;07:51:35.565;FMIN SI 20241220 CS;SIMPLE_INSTRUMENT;BLOCK;USD;14;1306.96200000;386;EXCHANGE_LAST;;1;1;XEUR;7191968;12404;
28.10.2024;08:07:06.626;FMIN SI 20241220 CS;SIMPLE_INSTRUMENT;BLOCK;USD;17;1306.96200000;130;EXCHANGE_LAST;;1;1;XEUR;7191968;12404;
28.10.2024;15:07:34.558;FMMX SI 20241220 CS;SIMPLE_INSTRUMENT;BLOCK;USD;33;634.03000000;86;EXCHANGE_LAST;;1;1;XEUR;7191984;12545;
28.10.2024;08:20:48.891;FMMY SI 20241220 CS;SIMPLE_INSTRUMENT;BLOCK;USD;19;399.10700000;25;EXCHANGE_LAST;;1;1;XEUR;7191971;12405;
28.10.2024;07:53:42.185;FMWF SI 20241220 CS;SIMPLE_INSTRUMENT;BLOCK;USD;15;332.52700000;347;EXCHANGE_LAST;;1;1;XEUR;7194568;124313;
28.10.2024;07:15:29.290;FMWO SI 20241220 CS;SIMPLE_INSTRUMENT;BLOCK;USD;10;11792.89000000;450;EXCHANGE_LAST;;1;1;XEUR;7191849;7059;
28.10.2024;07:15:49.915;FMWO SI 20241220 CS;SIMPLE_INSTRUMENT;BLOCK;USD;11;11792.89000000;842;EXCHANGE_LAST;;1;1;XEUR;7191849;7059;
28.10.2024;07:34:36.340;FMWO SI 20241220 CS;SIMPLE_INSTRUMENT;BLOCK;USD;12;11792.89000000;207;EXCHANGE_LAST;;1;1;XEUR;7191849;7059;
28.10.2024;08:24:28.468;FMWO SI 20241220 CS;SIMPLE_INSTRUMENT;EFP_IDX;USD;21;11793.39000000;75;EXCHANGE_LAST;;1;1;XEUR;7191849;7059;
28.10.2024;10:36:44.081;FMWO SI 20241220 CS;SIMPLE_INSTRUMENT;BLOCK;USD;26;11792.89000000;358;EXCHANGE_LAST;;1;1;XEUR;7191849;7059;
28.10.2024;10:37:10.180;FMWO SI 20241220 CS;SIMPLE_INSTRUMENT;BLOCK;USD;27;11793.14000000;200;EXCHANGE_LAST;;1;1;XEUR;7191849;7059;
28.10.2024;11:44:26.942;FMWO SI 20241220 CS;SIMPLE_INSTRUMENT;BLOCK;USD;29;11792.89000000;1000;EXCHANGE_LAST;;1;1;XEUR;7191849;7059;
28.10.2024;12:42:55.554;FMWO SI 20241220 CS;SIMPLE_INSTRUMENT;BLOCK;USD;31;11792.89000000;300;EXCHANGE_LAST;;1;1;XEUR;7191849;7059;
28.10.2024;08:57:36.227;FOAT SI 20241206 PS;SIMPLE_INSTRUMENT;EFP_FIN;EUR;1;125.35000000;220;EXCHANGE_LAST;;1;1;XEUR;10804528;749;
28.10.2024;08:58:12.733;FOAT SI 20241206 PS;SIMPLE_INSTRUMENT;EFP_FIN;EUR;2;125.35000000;440;EXCHANGE_LAST;;1;1;XEUR;10804528;749;
28.10.2024;09:42:27.827;FOAT SI 20241206 PS;SIMPLE_INSTRUMENT;EFP_FIN;EUR;3;125.43000000;415;EXCHANGE_LAST;;1;1;XEUR;10804528;749;
28.10.2024;09:56:04.450;FOAT SI 20241206 PS;SIMPLE_INSTRUMENT;EFP_FIN;EUR;4;125.44000000;830;EXCHANGE_LAST;;1;1;XEUR;10804528;749;
28.10.2024;09:54:11.010;FOAT SI 20241206 PS;SIMPLE_INSTRUMENT;EFP_FIN;EUR;5;125.52000000;220;EXCHANGE_LAST;;1;1;XEUR;10804528;749;
28.10.2024;10:00:47.795;FOAT SI 20241206 PS;SIMPLE_INSTRUMENT;EFP_FIN;EUR;6;125.52000000;220;EXCHANGE_LAST;;1;1;XEUR;10804528;749;
28.10.2024;10:17:27.202;FOAT SI 20241206 PS;SIMPLE_INSTRUMENT;EFP_FIN;EUR;7;125.59000000;249;EXCHANGE_LAST;;1;1;XEUR;10804528;749;
28.10.2024;10:25:28.008;FOAT SI 20241206 PS;SIMPLE_INSTRUMENT;EFP_FIN;EUR;8;125.60000000;125;EXCHANGE_LAST;;1;1;XEUR;10804528;749;
28.10.2024;10:57:38.569;FOAT SI 20241206 PS;SIMPLE_INSTRUMENT;EFP_FIN;EUR;9;125.70000000;353;EXCHANGE_LAST;;1;1;XEUR;10804528;749;
28.10.2024;11:18:22.409;FOAT SI 20241206 PS;SIMPLE_INSTRUMENT;EFP_FIN;EUR;10;125.70000000;1072;EXCHANGE_LAST;;1;1;XEUR;10804528;749;
28.10.2024;11:30:15.403;FOAT SI 20241206 PS;SIMPLE_INSTRUMENT;EFP_FIN;EUR;11;125.70000000;1661;EXCHANGE_LAST;;1;1;XEUR;10804528;749;
28.10.2024;12:55:44.384;FOAT SI 20241206 PS;SIMPLE_INSTRUMENT;EFP_FIN;EUR;12;125.96000000;623;EXCHANGE_LAST;;1;1;XEUR;10804528;749;
28.10.2024;13:41:44.818;FOAT SI 20241206 PS;SIMPLE_INSTRUMENT;EFP_FIN;EUR;13;126.06000000;291;EXCHANGE_LAST;;1;1;XEUR;10804528;749;
28.10.2024;13:43:52.400;FOAT SI 20241206 PS;SIMPLE_INSTRUMENT;EFP_FIN;EUR;14;126.09000000;225;EXCHANGE_LAST;;1;1;XEUR;10804528;749;
28.10.2024;13:59:57.203;FOAT SI 20241206 PS;SIMPLE_INSTRUMENT;EFP_FIN;EUR;15;126.10000000;402;EXCHANGE_LAST;;1;1;XEUR;10804528;749;
28.10.2024;14:08:21.449;FOAT SI 20241206 PS;SIMPLE_INSTRUMENT;EFP_FIN;EUR;16;126.02000000;1037;EXCHANGE_LAST;;1;1;XEUR;10804528;749;
28.10.2024;14:15:26.180;FOAT SI 20241206 PS;SIMPLE_INSTRUMENT;EFP_FIN;EUR;18;126.03000000;346;EXCHANGE_LAST;;1;1;XEUR;10804528;749;
28.10.2024;14:16:28.184;FOAT SI 20241206 PS;SIMPLE_INSTRUMENT;EFP_FIN;EUR;19;126.03000000;139;EXCHANGE_LAST;;1;1;XEUR;10804528;749;
28.10.2024;14:36:09.741;FOAT SI 20241206 PS;SIMPLE_INSTRUMENT;EFP_FIN;EUR;20;126.03000000;78;EXCHANGE_LAST;;1;1;XEUR;10804528;749;
28.10.2024;14:47:11.946;FOAT SI 20241206 PS;SIMPLE_INSTRUMENT;EFP_FIN;EUR;21;126.00000000;623;EXCHANGE_LAST;;1;1;XEUR;10804528;749;
28.10.2024;14:58:06.768;FOAT SI 20241206 PS;SIMPLE_INSTRUMENT;EFP_FIN;EUR;22;125.97000000;830;EXCHANGE_LAST;;1;1;XEUR;10804528;749;
28.10.2024;15:17:25.176;FOAT SI 20241206 PS;SIMPLE_INSTRUMENT;EFP_FIN;EUR;23;126.00000000;415;EXCHANGE_LAST;;1;1;XEUR;10804528;749;
28.10.2024;16:31:52.585;FOAT SI 20241206 PS;SIMPLE_INSTRUMENT;EFP_FIN;EUR;24;125.82000000;1660;EXCHANGE_LAST;;1;1;XEUR;10804528;749;
28.10.2024;12:35:00.941;FOT SI 20241220 PS AM P 14.00 0;SIMPLE_INSTRUMENT;BLOCK;EUR;15;0.41000000;3000;EXCHANGE_LAST;;1;1;XEUR;10406020;751;
28.10.2024;16:05:19.318;FOT SI 20241115 PS AM P 13.00 0;SIMPLE_INSTRUMENT;BLOCK;EUR;28;0.05000000;5000;EXCHANGE_LAST;;1;1;XEUR;11706158;751;
28.10.2024;14:58:31.456;FREH SI 20241115 CS;SIMPLE_INSTRUMENT;BLOCK;EUR;33;34.44540000;500;EXCHANGE_LAST;;1;1;XEUR;10136938;44367;
28.10.2024;16:40:56.547;FSEG SI 20241220 CS;SIMPLE_INSTRUMENT;EFP_IDX;EUR;31;194.20000000;111;EXCHANGE_LAST;;1;1;XEUR;10871764;109977;
28.10.2024;16:41:12.245;FSEG SI 20241220 CS;SIMPLE_INSTRUMENT;EFP_IDX;EUR;32;194.30000000;107;EXCHANGE_LAST;;1;1;XEUR;10871764;109977;
28.10.2024;16:48:25.363;FSEG SI 20241220 CS;SIMPLE_INSTRUMENT;EFP_IDX;EUR;39;194.20000000;8;EXCHANGE_LAST;;1;1;XEUR;10871764;109977;
28.10.2024;16:48:15.362;FSEG SI 20241220 CS;SIMPLE_INSTRUMENT;EFP_IDX;EUR;40;194.30000000;5;EXCHANGE_LAST;;1;1;XEUR;10871764;109977;
28.10.2024;10:10:16.369;FSMI.S.DEC24.MAR25.SPD;FUTURES_SPREAD;BLOCK;CHF;1;12.00000000;1000;EXCHANGE_LAST;;1;1;XEUR;72060845328171104;757;
28.10.2024;10:10:16.369;FSMI SI 20241220 CS;SIMPLE_INSTRUMENT;BLOCK;CHF;1;12238.00000000;1000;PRC_DECOMP_EXCHANGE;;;;XEUR;7793735;757;EXCHANGE
28.10.2024;10:10:16.369;FSMI SI 20250321 CS;SIMPLE_INSTRUMENT;BLOCK;CHF;1;12226.00000000;1000;PRC_DECOMP_EXCHANGE;;;;XEUR;7793721;757;EXCHANGE
28.10.2024;12:55:37.777;FSMI.S.DEC24.MAR25.SPD;FUTURES_SPREAD;BLOCK;CHF;2;11.00000000;500;EXCHANGE_LAST;;1;1;XEUR;72060845328171104;757;
28.10.2024;12:55:37.777;FSMI SI 20241220 CS;SIMPLE_INSTRUMENT;BLOCK;CHF;2;12209.00000000;500;PRC_DECOMP_EXCHANGE;;;;XEUR;7793735;757;EXCHANGE
28.10.2024;12:55:37.777;FSMI SI 20250321 CS;SIMPLE_INSTRUMENT;BLOCK;CHF;2;12198.00000000;500;PRC_DECOMP_EXCHANGE;;;;XEUR;7793721;757;EXCHANGE
28.10.2024;15:26:04.369;FSMI SI 20241220 CS;SIMPLE_INSTRUMENT;EFP_IDX;CHF;3;12261.00000000;375;EXCHANGE_LAST;;1;1;XEUR;7793735;757;
28.10.2024;15:26:19.966;FSMI SI 20241220 CS;SIMPLE_INSTRUMENT;EFP_IDX;CHF;4;12261.00000000;375;EXCHANGE_LAST;;1;1;XEUR;7793735;757;
28.10.2024;16:33:25.981;FSMI SI 20241220 CS;SIMPLE_INSTRUMENT;EFP_IDX;CHF;5;12259.00000000;44;EXCHANGE_LAST;;1;1;XEUR;7793735;757;
28.10.2024;16:33:35.849;FSMI SI 20241220 CS;SIMPLE_INSTRUMENT;EFP_IDX;CHF;6;12260.00000000;39;EXCHANGE_LAST;;1;1;XEUR;7793735;757;
28.10.2024;16:44:18.414;FSMI SI 20241220 CS;SIMPLE_INSTRUMENT;EFP_IDX;CHF;7;12260.00000000;344;EXCHANGE_LAST;;1;1;XEUR;7793735;757;
28.10.2024;16:44:34.825;FSMI SI 20241220 CS;SIMPLE_INSTRUMENT;EFP_IDX;CHF;8;12259.00000000;11;EXCHANGE_LAST;;1;1;XEUR;7793735;757;
28.10.2024;16:44:27.795;FSMI SI 20241220 CS;SIMPLE_INSTRUMENT;EFP_IDX;CHF;9;12260.00000000;369;EXCHANGE_LAST;;1;1;XEUR;7793735;757;
28.10.2024;16:44:40.759;FSMI SI 20241220 CS;SIMPLE_INSTRUMENT;EFP_IDX;CHF;10;12259.00000000;11;EXCHANGE_LAST;;1;1;XEUR;7793735;757;
28.10.2024;11:11:42.096;FSMI SI 20241220 CS;SIMPLE_INSTRUMENT;VOLA;CHF;603979790;12200.00000000;157;EXCHANGE_LAST;;1;1;XEUR;7793735;757;
28.10.2024;09:51:07.693;FSTE SI 20241220 CS;SIMPLE_INSTRUMENT;BLOCK;EUR;1;337.80000000;271;EXCHANGE_LAST;;1;1;XEUR;10839564;719;
28.10.2024;09:51:22.983;FSTE SI 20241220 CS;SIMPLE_INSTRUMENT;BLOCK;EUR;2;337.90000000;319;EXCHANGE_LAST;;1;1;XEUR;10839564;719;
28.10.2024;16:46:09.436;FSTE SI 20241220 CS;SIMPLE_INSTRUMENT;EFP_IDX;EUR;10;339.70000000;150;EXCHANGE_LAST;;1;1;XEUR;10839564;719;
28.10.2024;16:46:28.850;FSTE SI 20241220 CS;SIMPLE_INSTRUMENT;EFP_IDX;EUR;11;339.80000000;150;EXCHANGE_LAST;;1;1;XEUR;10839564;719;
28.10.2024;16:48:53.717;FSTE SI 20241220 CS;SIMPLE_INSTRUMENT;BLOCK;EUR;12;339.70000000;765;EXCHANGE_LAST;;1;2;XEUR;10839564;719;
28.10.2024;16:49:14.774;FSTE SI 20241220 CS;SIMPLE_INSTRUMENT;BLOCK;EUR;13;339.80000000;765;EXCHANGE_LAST;;1;2;XEUR;10839564;719;
28.10.2024;14:21:16.564;FSTH SI 20241220 CS;SIMPLE_INSTRUMENT;BLOCK;EUR;6;1200.90000000;310;EXCHANGE_LAST;;1;1;XEUR;10839563;716;
28.10.2024;15:03:34.757;FSTS SI 20241220 CS;SIMPLE_INSTRUMENT;VOLA;EUR;603979801;557.00000000;39;EXCHANGE_LAST;;1;1;XEUR;10839557;709;
28.10.2024;16:50:17.302;FSTT SI 20241220 CS;SIMPLE_INSTRUMENT;EFP_IDX;EUR;8;235.90000000;130;EXCHANGE_LAST;;1;1;XEUR;10839556;708;
28.10.2024;16:50:30.267;FSTT SI 20241220 CS;SIMPLE_INSTRUMENT;EFP_IDX;EUR;9;236.00000000;302;EXCHANGE_LAST;;1;1;XEUR;10839556;708;
28.10.2024;16:43:39.826;FSTU SI 20241220 CS;SIMPLE_INSTRUMENT;EFP_IDX;EUR;33;409.10000000;380;EXCHANGE_LAST;;1;1;XEUR;10839570;730;
28.10.2024;16:43:22.068;FSTU SI 20241220 CS;SIMPLE_INSTRUMENT;EFP_IDX;EUR;34;409.20000000;95;EXCHANGE_LAST;;1;1;XEUR;10839570;730;
28.10.2024;16:43:51.684;FSTU SI 20241220 CS;SIMPLE_INSTRUMENT;EFP_IDX;EUR;37;410.00000000;206;EXCHANGE_LAST;;1;1;XEUR;10839570;730;
28.10.2024;16:44:03.206;FSTU SI 20241220 CS;SIMPLE_INSTRUMENT;EFP_IDX;EUR;38;409.00000000;440;EXCHANGE_LAST;;1;1;XEUR;10839570;730;
28.10.2024;17:01:17.149;FSTU SI 20241220 CS;SIMPLE_INSTRUMENT;EFP_IDX;EUR;41;409.20000000;21;EXCHANGE_LAST;;1;1;XEUR;10839570;730;
28.10.2024;17:01:27.821;FSTU SI 20241220 CS;SIMPLE_INSTRUMENT;EFP_IDX;EUR;42;409.10000000;31;EXCHANGE_LAST;;1;1;XEUR;10839570;730;
28.10.2024;11:56:33.449;FSTV SI 20241220 CS;SIMPLE_INSTRUMENT;BLOCK;EUR;3;263.90000000;380;EXCHANGE_LAST;;1;1;XEUR;10839571;731;
28.10.2024;16:57:57.589;FSTV SI 20241220 CS;SIMPLE_INSTRUMENT;BLOCK;EUR;14;263.50000000;307;EXCHANGE_LAST;;1;1;XEUR;10839571;731;
28.10.2024;16:58:23.900;FSTV SI 20241220 CS;SIMPLE_INSTRUMENT;BLOCK;EUR;15;263.60000000;1224;EXCHANGE_LAST;;1;1;XEUR;10839571;731;
28.10.2024;14:36:00.763;FTE.O.241028.BER.000002;STANDARD_OPTION_STRATEGY;BLOCK;EUR;20;0.89000000;10000;EXCHANGE_LAST;;1;1;XEUR;72060703594261225;724;
28.10.2024;14:36:00.763;FTE SI 20261218 PS AM P 8.00 0;SIMPLE_INSTRUMENT;BLOCK;EUR;20;0.53000000;10000;PRC_DECOMP_EXCHANGE;;;;XEUR;7158721;724;EXCHANGE
28.10.2024;14:36:00.763;FTE SI 20261218 PS AM P 10.00 0;SIMPLE_INSTRUMENT;BLOCK;EUR;20;1.42000000;10000;PRC_DECOMP_EXCHANGE;;;;XEUR;7158668;724;EXCHANGE
28.10.2024;14:36:17.367;FTE.O.241028.BER.000002;STANDARD_OPTION_STRATEGY;BLOCK;EUR;21;0.89000000;1500;EXCHANGE_LAST;;1;1;XEUR;72060703594261225;724;
28.10.2024;14:36:17.367;FTE SI 20261218 PS AM P 8.00 0;SIMPLE_INSTRUMENT;BLOCK;EUR;21;0.53000000;1500;PRC_DECOMP_EXCHANGE;;;;XEUR;7158721;724;EXCHANGE
28.10.2024;14:36:17.367;FTE SI 20261218 PS AM P 10.00 0;SIMPLE_INSTRUMENT;BLOCK;EUR;21;1.42000000;1500;PRC_DECOMP_EXCHANGE;;;;XEUR;7158668;724;EXCHANGE
28.10.2024;14:33:53.225;FUEM SI 20241220 CS;SIMPLE_INSTRUMENT;BLOCK;USD;14;114.76000000;150;EXCHANGE_LAST;;1;1;XEUR;10921824;772680;
28.10.2024;16:02:03.917;FUEM SI 20241220 CS;SIMPLE_INSTRUMENT;BLOCK;USD;22;114.61000000;397;EXCHANGE_LAST;;1;1;XEUR;10921824;772680;
28.10.2024;12:25:12.471;FVS.S.DEC24.JAN25.SPD;FUTURES_SPREAD;BLOCK;EUR;30;-1.05000000;1000;EXCHANGE_LAST;;1;1;XEUR;72061120206078917;821;
28.10.2024;12:25:12.471;FVS SI 20250122 CS;SIMPLE_INSTRUMENT;BLOCK;EUR;30;18.60000000;1000;PRC_DECOMP_EXCHANGE;;;;XEUR;11231184;821;EXCHANGE
28.10.2024;12:25:12.471;FVS SI 20241218 CS;SIMPLE_INSTRUMENT;BLOCK;EUR;30;17.55000000;1000;PRC_DECOMP_EXCHANGE;;;;XEUR;11022006;821;EXCHANGE
28.10.2024;13:40:16.995;FXXP SI 20241220 CS;SIMPLE_INSTRUMENT;BLOCK;EUR;32;520.90000000;1800;EXCHANGE_LAST;;1;1;XEUR;7793976;816;
28.10.2024;15:12:15.212;FXXP SI 20241220 CS;SIMPLE_INSTRUMENT;BLOCK;EUR;34;522.50000000;428;EXCHANGE_LAST;;1;1;XEUR;7793976;816;
28.10.2024;16:49:34.506;FXXP SI 20241220 CS;SIMPLE_INSTRUMENT;EFP_IDX;EUR;35;522.40000000;1631;EXCHANGE_LAST;;1;1;XEUR;7793976;816;
28.10.2024;16:50:32.125;FXXP SI 20241220 CS;SIMPLE_INSTRUMENT;EFP_IDX;EUR;36;522.70000000;251;EXCHANGE_LAST;;1;1;XEUR;7793976;816;
28.10.2024;16:52:46.393;FXXP SI 20241220 CS;SIMPLE_INSTRUMENT;EFP_IDX;EUR;39;522.40000000;500;EXCHANGE_LAST;;1;1;XEUR;7793976;816;
28.10.2024;16:52:56.446;FXXP SI 20241220 CS;SIMPLE_INSTRUMENT;EFP_IDX;EUR;40;522.50000000;750;EXCHANGE_LAST;;1;1;XEUR;7793976;816;
28.10.2024;17:00:04.891;FXXP SI 20241220 CS;SIMPLE_INSTRUMENT;EFP_IDX;EUR;41;522.40000000;500;EXCHANGE_LAST;;1;1;XEUR;7793976;816;
28.10.2024;16:59:50.404;FXXP SI 20241220 CS;SIMPLE_INSTRUMENT;EFP_IDX;EUR;42;522.50000000;750;EXCHANGE_LAST;;1;1;XEUR;7793976;816;
28.10.2024;10:32:18.654;G3ZF SI 20251219 CS;SIMPLE_INSTRUMENT;BLOCK;EUR;8;1.40000000;200;EXCHANGE_LAST;;1;1;XEUR;5914677;144760;
28.10.2024;13:24:09.830;GEBN.O.241028.PDIA.000001;STANDARD_OPTION_STRATEGY;BLOCK;CHF;25;5.03000000;750;EXCHANGE_LAST;;1;1;XEUR;72061382199097252;882;
28.10.2024;13:24:09.830;GEBN SI 20250620 PS AM P 360.00 0;SIMPLE_INSTRUMENT;BLOCK;CHF;25;3.26000000;750;PRC_DECOMP_EXCHANGE;;;;XEUR;9550610;882;EXCHANGE
28.10.2024;13:24:09.830;GEBN SI 20250919 PS AM P 400.00 0;SIMPLE_INSTRUMENT;BLOCK;CHF;25;8.29000000;750;PRC_DECOMP_EXCHANGE;;;;XEUR;11883548;882;EXCHANGE
28.10.2024;14:19:07.854;GIVN SI 20241220 PS AM P 4100.0 0;SIMPLE_INSTRUMENT;BLOCK;CHF;30;82.00000000;641;EXCHANGE_LAST;;1;1;XEUR;11883501;892;
28.10.2024;13:49:45.292;HOLN SI 20241220 PS AM P 84.00 0;SIMPLE_INSTRUMENT;BLOCK;CHF;28;1.99000000;1000;EXCHANGE_LAST;;1;1;XEUR;6272404;943;
28.10.2024;10:10:23.995;HSB SI 20241220 PS AM C 720 0;SIMPLE_INSTRUMENT;BLOCK;GBX;1;11.00000000;250;EXCHANGE_LAST;;1;1;XEUR;11141282;937;
28.10.2024;14:08:38.536;IBE SI 20260320 PS AM C 14.00 0;SIMPLE_INSTRUMENT;BLOCK;EUR;17;1.08000000;6676;EXCHANGE_LAST;;1;1;XEUR;9925065;908;
28.10.2024;14:08:39.268;IBE SI 20251219 PS AM C 13.00 0;SIMPLE_INSTRUMENT;BLOCK;EUR;18;1.60000000;10550;EXCHANGE_LAST;;1;1;XEUR;5986418;908;
28.10.2024;14:08:41.512;IBE SI 20260320 PS AM C 14.00 0;SIMPLE_INSTRUMENT;BLOCK;EUR;19;1.07000000;5824;EXCHANGE_LAST;;1;1;XEUR;9925065;908;
28.10.2024;10:16:28.241;IES5.O.241028.STG.000001;STANDARD_OPTION_STRATEGY;BLOCK;EUR;3;0.26300000;1500;EXCHANGE_LAST;;1;1;XEUR;72061459508501743;900;
28.10.2024;10:16:28.241;IES5 SI 20250320 PS AM C 4.00 0;SIMPLE_INSTRUMENT;BLOCK;EUR;3;0.12000000;1500;PRC_DECOMP_EXCHANGE;;;;XEUR;10823196;900;EXCHANGE
28.10.2024;10:16:28.241;IES5 SI 20250320 PS AM P 3.60 0;SIMPLE_INSTRUMENT;BLOCK;EUR;3;0.14300000;1500;PRC_DECOMP_EXCHANGE;;;;XEUR;10823199;900;EXCHANGE
28.10.2024;15:31:37.853;IES5 SI 20250116 PS AM P 3.40 0;SIMPLE_INSTRUMENT;BLOCK;EUR;24;0.04650000;2327;EXCHANGE_LAST;;1;1;XEUR;12062368;900;
28.10.2024;15:31:37.873;IES5 SI 20250116 PS AM P 3.40 0;SIMPLE_INSTRUMENT;BLOCK;EUR;25;0.04600000;1551;EXCHANGE_LAST;;1;1;XEUR;12062368;900;
28.10.2024;10:52:11.118;IFX.O.241028.BER.000007;STANDARD_OPTION_STRATEGY;BLOCK;EUR;4;0.65000000;3000;EXCHANGE_LAST;;2;1;XEUR;72061468098466433;902;
28.10.2024;10:52:11.118;IFX SI 20241220 PS AM P 30.00 0;SIMPLE_INSTRUMENT;BLOCK;EUR;4;1.47000000;3000;PRC_DECOMP_EXCHANGE;;;;XEUR;10408521;902;EXCHANGE
28.10.2024;10:52:11.118;IFX SI 20241220 PS AM P 28.00 0;SIMPLE_INSTRUMENT;BLOCK;EUR;4;0.82000000;3000;PRC_DECOMP_EXCHANGE;;;;XEUR;4648442;902;EXCHANGE
28.10.2024;14:04:18.795;IFX SI 20241220 PS AM P 30.00 0;SIMPLE_INSTRUMENT;BLOCK;EUR;6;1.52000000;3093;EXCHANGE_LAST;;1;2;XEUR;10408521;902;
28.10.2024;13:18:25.970;KNIN.O.241028.STD.000003;STANDARD_OPTION_STRATEGY;BLOCK;CHF;24;25.05000000;150;EXCHANGE_LAST;;1;1;XEUR;72062279847256539;1091;
28.10.2024;13:18:25.970;KNIN SI 20250321 PS AM P 220.00 0;SIMPLE_INSTRUMENT;BLOCK;CHF;24;12.52000000;150;PRC_DECOMP_EXCHANGE;;;;XEUR;10844848;1091;EXCHANGE
28.10.2024;13:18:25.970;KNIN SI 20250321 PS AM C 220.00 0;SIMPLE_INSTRUMENT;BLOCK;CHF;24;12.53000000;150;PRC_DECOMP_EXCHANGE;;;;XEUR;10844845;1091;EXCHANGE
28.10.2024;09:19:49.496;LHA SI 20241115 PS AM C 7.00 0;SIMPLE_INSTRUMENT;BLOCK;EUR;1;0.20000000;10330;EXCHANGE_LAST;;1;1;XEUR;11858963;1126;
28.10.2024;09:19:50.052;LHA SI 20241220 PS AM C 7.20 0;SIMPLE_INSTRUMENT;BLOCK;EUR;2;0.20000000;1894;EXCHANGE_LAST;;1;1;XEUR;6846995;1126;
28.10.2024;09:19:50.663;LHA SI 20241220 PS AM C 7.20 0;SIMPLE_INSTRUMENT;BLOCK;EUR;3;0.23000000;8436;EXCHANGE_LAST;;1;1;XEUR;6846995;1126;
28.10.2024;13:29:48.758;LHA.O.241028.BRT.000012;STANDARD_OPTION_STRATEGY;BLOCK;EUR;19;0.16000000;5000;EXCHANGE_LAST;;2;1;XEUR;72062430171142290;1126;
28.10.2024;13:29:48.758;LHA SI 20251219 PS AM P 6.40 0;SIMPLE_INSTRUMENT;BLOCK;EUR;19;0.64000000;5000;PRC_DECOMP_EXCHANGE;;;;XEUR;6847034;1126;EXCHANGE
28.10.2024;13:29:48.758;LHA SI 20250620 PS AM P 6.40 0;SIMPLE_INSTRUMENT;BLOCK;EUR;19;0.48000000;5000;PRC_DECOMP_EXCHANGE;;;;XEUR;7907919;1126;EXCHANGE
28.10.2024;13:29:56.152;LHA.O.241028.BRT.000012;STANDARD_OPTION_STRATEGY;BLOCK;EUR;20;0.17000000;5000;EXCHANGE_LAST;;2;1;XEUR;72062430171142290;1126;
28.10.2024;13:29:56.152;LHA SI 20251219 PS AM P 6.40 0;SIMPLE_INSTRUMENT;BLOCK;EUR;20;0.64000000;5000;PRC_DECOMP_EXCHANGE;;;;XEUR;6847034;1126;EXCHANGE
28.10.2024;13:29:56.152;LHA SI 20250620 PS AM P 6.40 0;SIMPLE_INSTRUMENT;BLOCK;EUR;20;0.47000000;5000;PRC_DECOMP_EXCHANGE;;;;XEUR;7907919;1126;EXCHANGE
28.10.2024;13:31:28.949;LHA SI 20251219 PS AM P 7.14 1;SIMPLE_INSTRUMENT;BLOCK;EUR;21;1.04000000;2500;EXCHANGE_LAST;;1;1;XEUR;5935725;1126;
28.10.2024;13:31:10.342;LHA SI 20251219 PS AM P 7.14 1;SIMPLE_INSTRUMENT;BLOCK;EUR;22;1.05000000;2500;EXCHANGE_LAST;;1;1;XEUR;5935725;1126;
28.10.2024;13:35:12.833;LHA SI 20250321 PS AM C 7.60 0;SIMPLE_INSTRUMENT;BLOCK;EUR;23;0.26000000;5000;EXCHANGE_LAST;;1;1;XEUR;10845976;1126;
28.10.2024;13:42:18.527;LHA SI 20261218 PS AM C 8.00 0;SIMPLE_INSTRUMENT;BLOCK;EUR;24;0.72000000;6000;EXCHANGE_LAST;;2;3;XEUR;7162531;1126;
28.10.2024;16:17:30.283;LHA SI 20251219 PS AM P 7.14 1;SIMPLE_INSTRUMENT;BLOCK;EUR;33;1.04000000;1000;EXCHANGE_LAST;;1;1;XEUR;5935725;1126;
28.10.2024;16:19:58.613;LHA SI 20250321 PS AM C 7.60 0;SIMPLE_INSTRUMENT;BLOCK;EUR;35;0.26000000;5000;EXCHANGE_LAST;;1;2;XEUR;10845976;1126;
28.10.2024;08:49:07.019;LOGN SI 20260619 PS AM P 52.00 0;SIMPLE_INSTRUMENT;BLOCK;CHF;3;3.04000000;600;EXCHANGE_LAST;;1;1;XEUR;9555434;1143;
28.10.2024;14:46:40.636;LOR SI 20251219 PS AM P 280.00 0;SIMPLE_INSTRUMENT;BLOCK;EUR;22;6.75000000;150;EXCHANGE_LAST;;1;1;XEUR;5936381;1140;
28.10.2024;13:47:28.385;MOH SI 20250919 PS AM P 600.00 0;SIMPLE_INSTRUMENT;BLOCK;EUR;15;45.50000000;100;EXCHANGE_LAST;;1;1;XEUR;11886627;1074;
28.10.2024;17:00:33.249;MOH SI 20251219 PS AM P 560.00 0;SIMPLE_INSTRUMENT;BLOCK;EUR;24;38.00000000;100;EXCHANGE_LAST;;1;1;XEUR;5937053;1074;
28.10.2024;08:48:30.128;N4OV SI 20250321 CS;SIMPLE_INSTRUMENT;BLOCK;CHF;1;3.28000000;500;EXCHANGE_LAST;;1;1;XEUR;10462863;724743;
28.10.2024;09:47:43.915;N4OV SI 20250321 CS;SIMPLE_INSTRUMENT;BLOCK;CHF;2;3.35000000;250;EXCHANGE_LAST;;1;1;XEUR;10462863;724743;
28.10.2024;16:42:35.715;N4OV SI 20250321 CS;SIMPLE_INSTRUMENT;BLOCK;CHF;44;3.29000000;175;EXCHANGE_LAST;;2;2;XEUR;10462863;724743;
28.10.2024;15:20:03.975;NEF SI 20241115 PS AM C 15.40 0;SIMPLE_INSTRUMENT;BLOCK;EUR;23;0.36000000;4000;EXCHANGE_LAST;;2;2;XEUR;12081687;1252;
28.10.2024;16:22:24.594;NESG SI 20241220 CS;SIMPLE_INSTRUMENT;BLOCK;CHF;41;84.73500000;2500;EXCHANGE_LAST;;1;1;XEUR;7041289;1256;
28.10.2024;08:48:49.555;NESN SI 20241220 PS AM P 84.00 0;SIMPLE_INSTRUMENT;BLOCK;CHF;1;1.76000000;1500;EXCHANGE_LAST;;1;1;XEUR;4652628;1263;
28.10.2024;08:48:49.596;NESN SI 20250919 PS AM P 72.00 0;SIMPLE_INSTRUMENT;BLOCK;CHF;2;1.30000000;1500;EXCHANGE_LAST;;1;1;XEUR;11891497;1263;
28.10.2024;10:31:44.378;NESN SI 20250620 PS AM C 80.00 0;SIMPLE_INSTRUMENT;BLOCK;CHF;10;6.63000000;1000;EXCHANGE_LAST;;1;1;XEUR;11370067;1263;
28.10.2024;12:54:58.498;NESN SI 20241220 PS AM P 83.00 0;SIMPLE_INSTRUMENT;BLOCK;CHF;23;1.34000000;1500;EXCHANGE_LAST;;2;1;XEUR;10620414;1263;
28.10.2024;14:45:43.457;NESN SI 20251219 PS AM C 110.00 0;SIMPLE_INSTRUMENT;BLOCK;CHF;34;0.46000000;2000;EXCHANGE_LAST;;1;1;XEUR;8343510;1263;
28.10.2024;16:04:55.177;NESN SI 20251219 PS AM P 84.00 0;SIMPLE_INSTRUMENT;BLOCK;CHF;43;6.05000000;1000;EXCHANGE_LAST;;1;1;XEUR;5937991;1263;
28.10.2024;16:28:52.795;NESN SI 20241220 PS AM C 90.00 0;SIMPLE_INSTRUMENT;BLOCK;CHF;44;0.45000000;1250;EXCHANGE_LAST;;1;1;XEUR;8854493;1263;
28.10.2024;16:30:12.720;NESN SI 20241220 PS AM C 90.00 0;SIMPLE_INSTRUMENT;BLOCK;CHF;45;0.45000000;750;EXCHANGE_LAST;;1;1;XEUR;8854493;1263;
28.10.2024;10:08:03.370;NOVN SI 20250321 PS AM C 100.00 0;SIMPLE_INSTRUMENT;BLOCK;CHF;7;3.57000000;1500;EXCHANGE_LAST;;1;1;XEUR;10891553;724745;
28.10.2024;12:51:34.209;NOVN SI 20241115 PS AM C 100.00 0;SIMPLE_INSTRUMENT;BLOCK;CHF;22;1.22000000;1000;EXCHANGE_LAST;;1;1;XEUR;11744397;724745;
28.10.2024;10:31:51.625;O2NG SI 20241220 CS;SIMPLE_INSTRUMENT;BLOCK;EUR;10;1.62000000;316;EXCHANGE_LAST;;1;1;XEUR;6858140;412276;
28.10.2024;09:07:38.425;OBTP.V.241028.CDIA+U.000003;OPTION_VOLATILITY_STRATEGY;BLOCK;EUR;268435464;-0.08000000;1;EXCHANGE_LAST;;1;1;XEUR;72310189654561507;58812;
28.10.2024;09:07:38.425;OBTP SI 20241220 PS AM C 122.00 0;SIMPLE_INSTRUMENT;BLOCK;EUR;268435464;0.61000000;100;PRC_DECOMP_MEMBER;;;;XEUR;11910748;58812;MEMBER
28.10.2024;09:07:38.425;OBTP SI 20241122 PS AM C 121.50 0;SIMPLE_INSTRUMENT;BLOCK;EUR;268435464;0.69000000;100;PRC_DECOMP_MEMBER;;;;XEUR;11242877;58812;MEMBER
28.10.2024;09:07:38.425;FBTP SI 20241206 PS;SIMPLE_INSTRUMENT;BLOCK;EUR;268435464;120.84000000;10;PRC_DECOMP_MEMBER;;;;XEUR;10804520;58812;MEMBER
28.10.2024;08:35:53.643;ODAX SI 20241101 CS EU P 19300 0;SIMPLE_INSTRUMENT;BLOCK;EUR;1;43.00000000;657;EXCHANGE_LAST;;1;1;XEUR;11888754;1176;
28.10.2024;08:36:35.602;ODAX SI 20241101 CS EU P 18700 0;SIMPLE_INSTRUMENT;BLOCK;EUR;2;5.70000000;657;EXCHANGE_LAST;;1;1;XEUR;11888802;1176;
28.10.2024;11:37:09.409;ODAX.O.241028.BRT.000182;STANDARD_OPTION_STRATEGY;BLOCK;EUR;3;96.50000000;800;EXCHANGE_LAST;;1;1;XEUR;72062644920383184;1176;
28.10.2024;11:37:09.409;ODAX SI 20241108 CS EU P 19200 0;SIMPLE_INSTRUMENT;BLOCK;EUR;3;140.30000000;800;PRC_DECOMP_EXCHANGE;;;;XEUR;11994761;1176;EXCHANGE
28.10.2024;11:37:09.409;ODAX SI 20241101 CS EU P 19200 0;SIMPLE_INSTRUMENT;BLOCK;EUR;3;43.80000000;800;PRC_DECOMP_EXCHANGE;;;;XEUR;11888735;1176;EXCHANGE
28.10.2024;11:44:48.156;ODAX.O.241028.CDIA.000184;STANDARD_OPTION_STRATEGY;BLOCK;EUR;4;69.60000000;600;EXCHANGE_LAST;;1;1;XEUR;72062644920383186;1176;
28.10.2024;11:44:48.156;ODAX SI 20241108 CS EU C 19800 0;SIMPLE_INSTRUMENT;BLOCK;EUR;4;76.00000000;600;PRC_DECOMP_EXCHANGE;;;;XEUR;11994805;1176;EXCHANGE
28.10.2024;11:44:48.156;ODAX SI 20241101 CS EU C 19900 0;SIMPLE_INSTRUMENT;BLOCK;EUR;4;6.40000000;600;PRC_DECOMP_EXCHANGE;;;;XEUR;11888868;1176;EXCHANGE
28.10.2024;12:38:40.339;ODAX SI 20241115 CS EU C 20150 0;SIMPLE_INSTRUMENT;BLOCK;EUR;6;35.00000000;900;EXCHANGE_LAST;;1;1;XEUR;11789262;1176;
28.10.2024;14:47:33.966;ODAX SI 20241220 CS EU P 16500 0;SIMPLE_INSTRUMENT;BLOCK;EUR;7;38.00000000;5000;EXCHANGE_LAST;;1;1;XEUR;9929696;1176;
28.10.2024;14:59:07.576;ODAX SI 20241115 CS EU P 19000 0;SIMPLE_INSTRUMENT;BLOCK;EUR;8;106.80000000;350;EXCHANGE_LAST;;1;1;XEUR;11711596;1176;
28.10.2024;14:59:57.579;ODAX SI 20241115 CS EU P 18000 0;SIMPLE_INSTRUMENT;BLOCK;EUR;9;26.30000000;350;EXCHANGE_LAST;;1;1;XEUR;11711582;1176;
28.10.2024;12:38:49.244;ODAX.V.241028.CALL-U.000194;OPTION_VOLATILITY_STRATEGY;BLOCK;EUR;671088645;243.00000000;2;EXCHANGE_LAST;;1;1;XEUR;72062644920383196;1176;
28.10.2024;12:38:49.244;FDAX SI 20241220 CS;SIMPLE_INSTRUMENT;BLOCK;EUR;671088645;19510.00000000;38;PRC_DECOMP_EXCHANGE;;;;XEUR;7296065;1176;EXCHANGE
28.10.2024;12:38:49.244;ODAX SI 20241115 CS EU C 19500 0;SIMPLE_INSTRUMENT;BLOCK;EUR;671088645;243.00000000;600;PRC_DECOMP_EXCHANGE;;;;XEUR;11711618;1176;EXCHANGE
28.10.2024;12:45:58.664;OEDV.V.241028.CALL-U.000001;OPTION_VOLATILITY_STRATEGY;BLOCK;EUR;603979794;21.00000000;15;EXCHANGE_LAST;;1;1;XEUR;72062696459082038;1188;
28.10.2024;12:45:58.664;OEDV SI 20241220 CS EU C 1700 0;SIMPLE_INSTRUMENT;BLOCK;EUR;603979794;21.00000000;1500;PRC_DECOMP_EXCHANGE;;;;XEUR;4634079;1188;EXCHANGE
28.10.2024;12:45:58.664;FEDV SI 20241220 CS;SIMPLE_INSTRUMENT;BLOCK;EUR;603979794;1668.00000000;525;PRC_DECOMP_EXCHANGE;;;;XEUR;10838883;1188;EXCHANGE
28.10.2024;10:45:42.226;OESB SI 20241220 CS EU P 142.0 0;SIMPLE_INSTRUMENT;BLOCK;EUR;10;3.55000000;15000;EXCHANGE_LAST;;1;1;XEUR;11889262;1195;
28.10.2024;13:03:45.329;OESB.V.241028.PUT+U.000044;OPTION_VOLATILITY_STRATEGY;BLOCK;EUR;603979795;0.50000000;80;EXCHANGE_LAST;;1;1;XEUR;72062726523970143;1195;
28.10.2024;13:03:45.329;FESB SI 20241220 CS;SIMPLE_INSTRUMENT;BLOCK;EUR;603979795;143.80000000;400;PRC_DECOMP_EXCHANGE;;;;XEUR;10838895;1195;EXCHANGE
28.10.2024;13:03:45.329;OESB SI 20241220 CS EU P 120.0 0;SIMPLE_INSTRUMENT;BLOCK;EUR;603979795;0.50000000;8000;PRC_DECOMP_EXCHANGE;;;;XEUR;4634168;1195;EXCHANGE
28.10.2024;16:36:35.040;OESB.V.241028.PUT+U.000056;OPTION_VOLATILITY_STRATEGY;BLOCK;EUR;603979806;8.90000000;140;EXCHANGE_LAST;;2;2;XEUR;72062726523970155;1195;
28.10.2024;16:36:35.040;OESB SI 20251219 CS EU P 130.0 0;SIMPLE_INSTRUMENT;BLOCK;EUR;603979806;8.90000000;14000;PRC_DECOMP_EXCHANGE;;;;XEUR;6911873;1195;EXCHANGE
28.10.2024;16:36:35.040;FESB SI 20241220 CS;SIMPLE_INSTRUMENT;BLOCK;EUR;603979806;144.90000000;4060;PRC_DECOMP_EXCHANGE;;;;XEUR;10838895;1195;EXCHANGE
28.10.2024;08:31:14.345;OESX.O.241028.RBER.000125;STANDARD_OPTION_STRATEGY;BLOCK;EUR;2;-0.90000000;1000;EXCHANGE_LAST;;1;1;XEUR;72062790950155878;1210;
28.10.2024;08:31:14.345;OESX SI 20241220 CS EU P 4400 0;SIMPLE_INSTRUMENT;BLOCK;EUR;2;18.80000000;2000;PRC_DECOMP_MEMBER;;;;XEUR;2413844;1210;MEMBER
28.10.2024;08:31:14.345;OESX SI 20241220 CS EU P 4650 0;SIMPLE_INSTRUMENT;BLOCK;EUR;2;38.50000000;1000;PRC_DECOMP_MEMBER;;;;XEUR;10416387;1210;MEMBER
28.10.2024;08:45:31.738;OESX SI 20241101 CS EU C 4950 0;SIMPLE_INSTRUMENT;BLOCK;EUR;5;43.40000000;1000;EXCHANGE_LAST;;1;1;XEUR;11771092;1210;
28.10.2024;08:46:03.413;OESX SI 20241115 CS EU C 5000 0;SIMPLE_INSTRUMENT;BLOCK;EUR;6;61.60000000;1000;EXCHANGE_LAST;;1;1;XEUR;10124632;1210;
28.10.2024;08:48:23.374;OESX SI 20241101 CS EU P 4850 0;SIMPLE_INSTRUMENT;BLOCK;EUR;7;3.00000000;1578;EXCHANGE_LAST;;1;1;XEUR;11771028;1210;
28.10.2024;09:46:08.154;OESX SI 20241220 CS EU C 5300 0;SIMPLE_INSTRUMENT;BLOCK;EUR;18;13.00000000;1000;EXCHANGE_LAST;;1;1;XEUR;6981621;1210;
28.10.2024;09:47:35.669;OESX SI 20241115 CS EU C 4950 0;SIMPLE_INSTRUMENT;BLOCK;EUR;19;83.70000000;1500;EXCHANGE_LAST;;1;1;XEUR;10264122;1210;
28.10.2024;09:49:10.298;OESX SI 20250321 CS EU C 5500 0;SIMPLE_INSTRUMENT;BLOCK;EUR;20;21.80000000;1027;EXCHANGE_LAST;;1;1;XEUR;9746601;1210;
28.10.2024;10:08:49.607;OESX SI 20250321 CS EU C 5500 0;SIMPLE_INSTRUMENT;BLOCK;EUR;24;18.70000000;26505;EXCHANGE_LAST;;1;1;XEUR;9746601;1210;
28.10.2024;10:09:09.814;OESX SI 20250321 CS EU C 5500 0;SIMPLE_INSTRUMENT;BLOCK;EUR;25;18.80000000;1995;EXCHANGE_LAST;;1;1;XEUR;9746601;1210;
28.10.2024;10:09:39.896;OESX SI 20250321 CS EU P 4500 0;SIMPLE_INSTRUMENT;BLOCK;EUR;26;63.80000000;33500;EXCHANGE_LAST;;1;1;XEUR;7798492;1210;
28.10.2024;10:31:39.970;OESX.O.241028.CDIA.000255;STANDARD_OPTION_STRATEGY;BLOCK;EUR;30;-2.00000000;15000;EXCHANGE_LAST;;1;1;XEUR;72062790950156008;1210;
28.10.2024;10:31:39.970;OESX SI 20261218 CS EU C 5800 0;SIMPLE_INSTRUMENT;BLOCK;EUR;30;127.40000000;15000;PRC_DECOMP_EXCHANGE;;;;XEUR;10708036;1210;EXCHANGE
28.10.2024;10:31:39.970;OESX SI 20251219 CS EU C 5400 0;SIMPLE_INSTRUMENT;BLOCK;EUR;30;129.40000000;15000;PRC_DECOMP_EXCHANGE;;;;XEUR;7001167;1210;EXCHANGE
28.10.2024;10:22:06.833;OESX SI 20241115 CS EU C 5050 0;SIMPLE_INSTRUMENT;BLOCK;EUR;32;32.60000000;1200;EXCHANGE_LAST;;1;1;XEUR;10264120;1210;
28.10.2024;10:22:10.374;OESX SI 20241115 CS EU C 5150 0;SIMPLE_INSTRUMENT;BLOCK;EUR;33;9.00000000;1600;EXCHANGE_LAST;;1;1;XEUR;10264118;1210;
28.10.2024;11:25:13.339;OESX SI 20250117 CS EU P 4200 0;SIMPLE_INSTRUMENT;BLOCK;EUR;44;19.70000000;2000;EXCHANGE_LAST;;1;1;XEUR;10416510;1210;
28.10.2024;12:06:56.765;OESX SI 20241220 CS EU P 4500 0;SIMPLE_INSTRUMENT;BLOCK;EUR;48;26.00000000;1090;EXCHANGE_LAST;;1;1;XEUR;4624485;1210;
28.10.2024;12:08:30.185;OESX SI 20241220 CS EU P 4500 0;SIMPLE_INSTRUMENT;BLOCK;EUR;50;25.80000000;1110;EXCHANGE_LAST;;1;1;XEUR;4624485;1210;
28.10.2024;12:09:21.734;OESX SI 20241220 CS EU P 4350 0;SIMPLE_INSTRUMENT;BLOCK;EUR;51;17.40000000;1000;EXCHANGE_LAST;;1;1;XEUR;9768606;1210;
28.10.2024;12:09:24.092;OESX SI 20241220 CS EU P 4350 0;SIMPLE_INSTRUMENT;BLOCK;EUR;52;17.60000000;1200;EXCHANGE_LAST;;1;1;XEUR;9768606;1210;
28.10.2024;13:17:28.896;OESX.N.241028.000391;NON_STANDARD_OPTION_STRATEGY;BLOCK;EUR;58;-48.80000000;10000;EXCHANGE_LAST;;1;1;XEUR;72062790950156144;1210;
28.10.2024;13:17:28.896;OESX SI 20241220 CS EU P 4700 0;SIMPLE_INSTRUMENT;BLOCK;EUR;58;48.40000000;10000;PRC_DECOMP_MEMBER;;;;XEUR;4559477;1210;MEMBER
28.10.2024;13:17:28.896;OESX SI 20250321 CS EU P 4500 0;SIMPLE_INSTRUMENT;BLOCK;EUR;58;66.90000000;10000;PRC_DECOMP_MEMBER;;;;XEUR;7798492;1210;MEMBER
28.10.2024;13:17:28.896;OESX SI 20250620 CS EU P 4700 0;SIMPLE_INSTRUMENT;BLOCK;EUR;58;164.10000000;10000;PRC_DECOMP_MEMBER;;;;XEUR;7798336;1210;MEMBER
28.10.2024;13:34:48.531;OESX.N.241028.000406;NON_STANDARD_OPTION_STRATEGY;BLOCK;EUR;63;-328.40000000;12250;EXCHANGE_LAST;;1;1;XEUR;72062790950156159;1210;
28.10.2024;13:34:48.531;OESX SI 20250321 CS EU P 4500 0;SIMPLE_INSTRUMENT;BLOCK;EUR;63;64.20000000;12250;PRC_DECOMP_MEMBER;;;;XEUR;7798492;1210;MEMBER
28.10.2024;13:34:48.531;OESX SI 20261218 CS EU C 5000 0;SIMPLE_INSTRUMENT;BLOCK;EUR;63;404.40000000;12250;PRC_DECOMP_MEMBER;;;;XEUR;3156687;1210;MEMBER
28.10.2024;13:34:48.531;OESX SI 20250321 CS EU C 5600 0;SIMPLE_INSTRUMENT;BLOCK;EUR;63;11.80000000;12250;PRC_DECOMP_MEMBER;;;;XEUR;10620504;1210;MEMBER
28.10.2024;13:41:13.858;OESX SI 20250919 CS EU P 4750 0;SIMPLE_INSTRUMENT;BLOCK;EUR;68;211.80000000;2500;EXCHANGE_LAST;;1;1;XEUR;11695874;1210;
28.10.2024;14:17:37.627;OESX SI 20241220 CS EU P 4700 0;SIMPLE_INSTRUMENT;BLOCK;EUR;74;45.60000000;3000;EXCHANGE_LAST;;1;1;XEUR;4559477;1210;
28.10.2024;15:20:55.936;OESX SI 20241220 CS EU P 4100 0;SIMPLE_INSTRUMENT;BLOCK;EUR;87;9.30000000;1165;EXCHANGE_LAST;;1;1;XEUR;2297517;1210;
28.10.2024;15:35:38.794;OESX SI 20250620 CS EU P 4700 0;SIMPLE_INSTRUMENT;BLOCK;EUR;89;150.70000000;8000;EXCHANGE_LAST;;1;1;XEUR;7798336;1210;
28.10.2024;15:36:09.739;OESX SI 20250321 CS EU P 4500 0;SIMPLE_INSTRUMENT;BLOCK;EUR;90;60.40000000;10000;EXCHANGE_LAST;;1;1;XEUR;7798492;1210;
28.10.2024;15:51:09.896;OESX SI 20241108 CS EU P 4400 0;SIMPLE_INSTRUMENT;BLOCK;EUR;93;1.70000000;1386;EXCHANGE_LAST;;1;1;XEUR;11795200;1210;
28.10.2024;15:47:41.089;OESX SI 20250321 CS EU P 4700 0;SIMPLE_INSTRUMENT;BLOCK;EUR;94;90.70000000;1500;EXCHANGE_LAST;;1;1;XEUR;7798474;1210;
28.10.2024;15:52:16.973;OESX SI 20241108 CS EU P 4600 0;SIMPLE_INSTRUMENT;BLOCK;EUR;95;3.40000000;1268;EXCHANGE_LAST;;1;1;XEUR;11795227;1210;
28.10.2024;15:53:07.492;OESX SI 20241108 CS EU P 4800 0;SIMPLE_INSTRUMENT;BLOCK;EUR;96;14.00000000;1165;EXCHANGE_LAST;;1;1;XEUR;11795134;1210;
28.10.2024;15:53:51.533;OESX SI 20241108 CS EU C 5000 0;SIMPLE_INSTRUMENT;BLOCK;EUR;98;48.30000000;1073;EXCHANGE_LAST;;1;1;XEUR;11795165;1210;
28.10.2024;15:54:37.698;OESX SI 20241108 CS EU C 5200 0;SIMPLE_INSTRUMENT;BLOCK;EUR;99;2.80000000;1000;EXCHANGE_LAST;;1;1;XEUR;11795257;1210;
28.10.2024;15:53:01.047;OESX SI 20241220 CS EU P 4500 0;SIMPLE_INSTRUMENT;BLOCK;EUR;100;23.00000000;5000;EXCHANGE_LAST;;1;1;XEUR;4624485;1210;
28.10.2024;16:25:22.016;OESX.O.241028.BUL.000582;STANDARD_OPTION_STRATEGY;BLOCK;EUR;111;126.40000000;1500;EXCHANGE_LAST;;1;1;XEUR;72062790950156335;1210;
28.10.2024;16:25:22.016;OESX SI 20250321 CS EU C 5100 0;SIMPLE_INSTRUMENT;BLOCK;EUR;111;133.70000000;1500;PRC_DECOMP_EXCHANGE;;;;XEUR;8903915;1210;EXCHANGE
28.10.2024;16:25:22.016;OESX SI 20250321 CS EU C 5700 0;SIMPLE_INSTRUMENT;BLOCK;EUR;111;7.30000000;1500;PRC_DECOMP_EXCHANGE;;;;XEUR;10641453;1210;EXCHANGE
28.10.2024;16:31:07.069;OESX.O.241028.STG.000511;STANDARD_OPTION_STRATEGY;BLOCK;EUR;113;106.80000000;1000;EXCHANGE_LAST;;1;1;XEUR;72062790950156264;1210;
28.10.2024;16:31:07.069;OESX SI 20241115 CS EU P 4850 0;SIMPLE_INSTRUMENT;BLOCK;EUR;113;33.10000000;1000;PRC_DECOMP_MEMBER;;;;XEUR;10264123;1210;MEMBER
28.10.2024;16:31:07.069;OESX SI 20241115 CS EU C 4975 0;SIMPLE_INSTRUMENT;BLOCK;EUR;113;73.70000000;1000;PRC_DECOMP_MEMBER;;;;XEUR;11182643;1210;MEMBER
28.10.2024;16:32:39.352;OESX SI 20241115 CS EU C 5250 0;SIMPLE_INSTRUMENT;BLOCK;EUR;114;2.30000000;1000;EXCHANGE_LAST;;1;1;XEUR;10264116;1210;
28.10.2024;08:16:17.401;OESX.V.241028.CALL-U.000108;OPTION_VOLATILITY_STRATEGY;BLOCK;EUR;637534209;16.90000000;10;EXCHANGE_LAST;;1;1;XEUR;72062790950155861;1210;
28.10.2024;08:16:17.401;FESX SI 20241220 CS;SIMPLE_INSTRUMENT;BLOCK;EUR;637534209;4980.00000000;330;PRC_DECOMP_EXCHANGE;;;;XEUR;7793479;1210;EXCHANGE
28.10.2024;08:16:17.401;OESX SI 20241101 CS EU C 5000 0;SIMPLE_INSTRUMENT;BLOCK;EUR;637534209;16.90000000;1000;PRC_DECOMP_EXCHANGE;;;;XEUR;11771074;1210;EXCHANGE
28.10.2024;08:25:41.550;OESX.V.241028.BRT+U.000138;OPTION_VOLATILITY_STRATEGY;BLOCK;EUR;637534211;38.30000000;10;EXCHANGE_LAST;;1;1;XEUR;72062790950155891;1210;
28.10.2024;08:25:41.550;OESX SI 20241220 CS EU P 4900 0;SIMPLE_INSTRUMENT;BLOCK;EUR;637534211;88.30000000;1000;PRC_DECOMP_MEMBER;;;;XEUR;4559473;1210;MEMBER
28.10.2024;08:25:41.550;OESX SI 20241115 CS EU P 4900 0;SIMPLE_INSTRUMENT;BLOCK;EUR;637534211;50.00000000;1000;PRC_DECOMP_MEMBER;;;;XEUR;10124631;1210;MEMBER
28.10.2024;08:25:41.550;FESX SI 20241220 CS;SIMPLE_INSTRUMENT;BLOCK;EUR;637534211;4980.00000000;30;PRC_DECOMP_MEMBER;;;;XEUR;7793479;1210;MEMBER
28.10.2024;08:41:59.759;OESX.V.241028.CBUS-U.000152;OPTION_VOLATILITY_STRATEGY;BLOCK;EUR;637534212;66.70000000;10;EXCHANGE_LAST;;1;1;XEUR;72062790950155905;1210;
28.10.2024;08:41:59.759;OESX SI 20241220 CS EU C 5400 0;SIMPLE_INSTRUMENT;BLOCK;EUR;637534212;4.50000000;1000;PRC_DECOMP_EXCHANGE;;;;XEUR;7001165;1210;EXCHANGE
28.10.2024;08:41:59.759;FESX SI 20241220 CS;SIMPLE_INSTRUMENT;BLOCK;EUR;637534212;4983.00000000;180;PRC_DECOMP_EXCHANGE;;;;XEUR;7793479;1210;EXCHANGE
28.10.2024;08:41:59.759;OESX SI 20241220 CS EU C 4900 0;SIMPLE_INSTRUMENT;BLOCK;EUR;637534212;176.20000000;1000;PRC_DECOMP_EXCHANGE;;;;XEUR;4559471;1210;EXCHANGE
28.10.2024;08:41:59.759;OESX SI 20241220 CS EU C 5000 0;SIMPLE_INSTRUMENT;BLOCK;EUR;637534212;114.00000000;1000;PRC_DECOMP_EXCHANGE;;;;XEUR;1893939;1210;EXCHANGE
28.10.2024;08:55:23.023;OESX.V.241028.BRT+U.000181;OPTION_VOLATILITY_STRATEGY;BLOCK;EUR;637534217;31.80000000;30;EXCHANGE_LAST;;1;1;XEUR;72062790950155934;1210;
28.10.2024;08:55:23.023;OESX SI 20241108 CS EU P 4950 0;SIMPLE_INSTRUMENT;BLOCK;EUR;637534217;56.20000000;3000;PRC_DECOMP_MEMBER;;;;XEUR;11795180;1210;MEMBER
28.10.2024;08:55:23.023;OESX SI 20241101 CS EU P 4950 0;SIMPLE_INSTRUMENT;BLOCK;EUR;637534217;24.40000000;3000;PRC_DECOMP_MEMBER;;;;XEUR;11771062;1210;MEMBER
28.10.2024;08:55:23.023;FESX SI 20241220 CS;SIMPLE_INSTRUMENT;BLOCK;EUR;637534217;4980.00000000;60;PRC_DECOMP_MEMBER;;;;XEUR;7793479;1210;MEMBER
28.10.2024;09:02:27.915;OESX.V.241028.BUL-U.000188;OPTION_VOLATILITY_STRATEGY;BLOCK;EUR;637534219;27.80000000;15;EXCHANGE_LAST;;1;1;XEUR;72062790950155941;1210;
28.10.2024;09:02:27.915;OESX SI 20241220 CS EU C 5400 0;SIMPLE_INSTRUMENT;BLOCK;EUR;637534219;4.80000000;1500;PRC_DECOMP_EXCHANGE;;;;XEUR;7001165;1210;EXCHANGE
