#Date;TrdTime;Contract;ContractType;TrdTyp;Currency;TesId;Prc;Qty;TrdInd;Aggressor;Buy;Sell;Exch;InstrumentId;RelatedProdId;PrcDecomp
23.01.2025;11:09:24.648;1BMW SI 20250321 CS;SIMPLE_INSTRUMENT;BLOCK;EUR;24;78.57000000;4000;EXCHANGE_LAST;;1;1;XEUR;10725787;153633;
23.01.2025;14:28:24.162;2FE SI 20250918 PS AM P 360.00 0;SIMPLE_INSTRUMENT;BLOCK;EUR;18;13.10000000;200;EXCHANGE_LAST;;1;1;XEUR;11866049;57129;
23.01.2025;14:34:49.839;A2XA SI 20251219 CS;SIMPLE_INSTRUMENT;BLOCK;EUR;58;2.17500000;600;EXCHANGE_LAST;;2;1;XEUR;3681055;17;
23.01.2025;16:17:26.006;A3BB SI 20251219 CS;SIMPLE_INSTRUMENT;BLOCK;CHF;91;0.90000000;204;EXCHANGE_LAST;;2;1;XEUR;8508552;574519;
23.01.2025;16:18:24.295;A3BB SI 20261218 CS;SIMPLE_INSTRUMENT;BLOCK;CHF;92;0.90000000;204;EXCHANGE_LAST;;2;1;XEUR;8508549;574519;
23.01.2025;16:18:40.705;A3BB SI 20271217 CS;SIMPLE_INSTRUMENT;BLOCK;CHF;93;0.90000000;204;EXCHANGE_LAST;;2;1;XEUR;8508546;574519;
23.01.2025;16:18:58.140;A3BB SI 20281215 CS;SIMPLE_INSTRUMENT;BLOCK;CHF;95;0.90000000;204;EXCHANGE_LAST;;2;1;XEUR;9969388;574519;
23.01.2025;15:55:46.912;AAR SI 20251219 PS AM P 14.00 0;SIMPLE_INSTRUMENT;BLOCK;EUR;21;0.94000000;3000;EXCHANGE_LAST;;1;1;XEUR;6123392;48150;
23.01.2025;10:56:43.759;ABBE SI 20250620 PS EU C 53.00 0;SIMPLE_INSTRUMENT;BLOCK;CHF;22;2.95000000;1000;EXCHANGE_LAST;;1;1;XEUR;12158214;574516;
23.01.2025;16:16:54.086;ABBE.O.250123.CNV.000002;STANDARD_OPTION_STRATEGY;BLOCK;CHF;64;-8.00000000;3000;EXCHANGE_LAST;;2;1;XEUR;74525121468962287;574516;
23.01.2025;16:16:54.086;ABBE SI 20281215 PS EU P 60.00 0;SIMPLE_INSTRUMENT;BLOCK;CHF;64;14.03000000;3000;PRC_DECOMP_EXCHANGE;;;;XEUR;10667546;574516;EXCHANGE
23.01.2025;16:16:54.086;ABBE SI 20281215 PS EU C 60.00 0;SIMPLE_INSTRUMENT;BLOCK;CHF;64;6.03000000;3000;PRC_DECOMP_EXCHANGE;;;;XEUR;10667545;574516;EXCHANGE
23.01.2025;13:44:14.862;ABBN SI 20250620 PS AM C 59.00 0;SIMPLE_INSTRUMENT;BLOCK;CHF;45;0.96000000;2000;EXCHANGE_LAST;;1;1;XEUR;12393109;574517;
23.01.2025;09:00:37.480;ADS SI 20250321 PS AM P 240.00 0;SIMPLE_INSTRUMENT;BLOCK;EUR;1;3.60000000;1000;EXCHANGE_LAST;;2;2;XEUR;10828529;50;
23.01.2025;15:51:10.114;ADS SI 20250221 PS AM C 260.00 0;SIMPLE_INSTRUMENT;BLOCK;EUR;11;5.50000000;800;EXCHANGE_LAST;;1;1;XEUR;12237411;50;
23.01.2025;16:27:19.062;ALV SI 20271217 PS AM P 280.00 0;SIMPLE_INSTRUMENT;BLOCK;EUR;4;28.00000000;150;EXCHANGE_LAST;;1;1;XEUR;8772895;74;
23.01.2025;16:37:12.995;ALV SI 20271217 PS AM P 280.00 0;SIMPLE_INSTRUMENT;BLOCK;EUR;5;28.00000000;150;EXCHANGE_LAST;;1;1;XEUR;8772895;74;
23.01.2025;13:06:42.482;ANN SI 20251219 PS AM C 36.00 0;SIMPLE_INSTRUMENT;BLOCK;EUR;16;0.75000000;1000;EXCHANGE_LAST;;1;1;XEUR;7065390;45202;
23.01.2025;13:06:57.780;ANN SI 20251219 PS AM C 36.00 0;SIMPLE_INSTRUMENT;BLOCK;EUR;17;0.74000000;1000;EXCHANGE_LAST;;1;1;XEUR;7065390;45202;
23.01.2025;11:33:24.625;ASM SI 20260619 PS AM P 720.00 0;SIMPLE_INSTRUMENT;BLOCK;EUR;10;112.30000000;150;EXCHANGE_LAST;;1;1;XEUR;9538548;107;
23.01.2025;14:17:15.991;ASM SI 20250417 PS AM C 850.00 0;SIMPLE_INSTRUMENT;BLOCK;EUR;16;16.55000000;224;EXCHANGE_LAST;;1;1;XEUR;12673148;107;
23.01.2025;15:14:43.970;ASM SI 20250221 PS AM C 750.00 0;SIMPLE_INSTRUMENT;BLOCK;EUR;19;20.50000000;250;EXCHANGE_LAST;;1;1;XEUR;12324466;107;
23.01.2025;12:10:43.905;AXA.O.250123.BER.000003;STANDARD_OPTION_STRATEGY;BLOCK;EUR;8;2.38000000;3250;EXCHANGE_LAST;;2;1;XEUR;72058139498795244;127;
23.01.2025;12:10:43.905;AXA SI 20250919 PS AM P 36.00 0;SIMPLE_INSTRUMENT;BLOCK;EUR;8;2.93000000;3250;PRC_DECOMP_EXCHANGE;;;;XEUR;11872539;127;EXCHANGE
23.01.2025;12:10:43.905;AXA SI 20250919 PS AM P 28.00 0;SIMPLE_INSTRUMENT;BLOCK;EUR;8;0.55000000;3250;PRC_DECOMP_EXCHANGE;;;;XEUR;11872447;127;EXCHANGE
23.01.2025;16:44:23.347;B2AS SI 20251219 CS;SIMPLE_INSTRUMENT;BLOCK;EUR;102;2.22000000;200;EXCHANGE_LAST;;1;1;XEUR;3681119;140;
23.01.2025;11:48:32.497;B2NP SI 20251219 CS;SIMPLE_INSTRUMENT;BLOCK;EUR;27;5.34000000;200;EXCHANGE_LAST;;2;2;XEUR;5914355;131;
23.01.2025;12:01:45.916;B2NP SI 20251219 CS;SIMPLE_INSTRUMENT;BLOCK;EUR;29;5.33000000;1000;EXCHANGE_LAST;;1;1;XEUR;5914355;131;
23.01.2025;13:07:03.086;B2NP SI 20251219 CS;SIMPLE_INSTRUMENT;BLOCK;EUR;45;5.33000000;230;EXCHANGE_LAST;;1;1;XEUR;5914355;131;
23.01.2025;13:28:46.827;B2NP SI 20261218 CS;SIMPLE_INSTRUMENT;BLOCK;EUR;46;4.74000000;100;EXCHANGE_LAST;;1;1;XEUR;6798320;131;
23.01.2025;13:55:43.496;B2NP SI 20261218 CS;SIMPLE_INSTRUMENT;BLOCK;EUR;52;4.72000000;100;EXCHANGE_LAST;;1;1;XEUR;6798320;131;
23.01.2025;13:56:11.878;B2NP SI 20271217 CS;SIMPLE_INSTRUMENT;BLOCK;EUR;53;4.07000000;100;EXCHANGE_LAST;;1;1;XEUR;7086925;131;
23.01.2025;14:23:13.590;B2NP SI 20271217 CS;SIMPLE_INSTRUMENT;BLOCK;EUR;55;4.08000000;180;EXCHANGE_LAST;;1;2;XEUR;7086925;131;
23.01.2025;14:28:10.036;B2NP SI 20271217 CS;SIMPLE_INSTRUMENT;BLOCK;EUR;57;4.07500000;75;EXCHANGE_LAST;;1;1;XEUR;7086925;131;
23.01.2025;15:34:00.498;B2NP SI 20251219 CS;SIMPLE_INSTRUMENT;BLOCK;EUR;83;5.34000000;500;EXCHANGE_LAST;;1;1;XEUR;5914355;131;
23.01.2025;15:48:55.898;B2NP SI 20251219 CS;SIMPLE_INSTRUMENT;BLOCK;EUR;87;5.33000000;150;EXCHANGE_LAST;;1;1;XEUR;5914355;131;
23.01.2025;15:45:07.534;B3BV SI 20251219 CS;SIMPLE_INSTRUMENT;BLOCK;EUR;85;0.78000000;2500;EXCHANGE_LAST;;1;1;XEUR;5914370;135;
23.01.2025;15:49:03.227;B3BV SI 20251219 CS;SIMPLE_INSTRUMENT;BLOCK;EUR;88;0.78000000;2500;EXCHANGE_LAST;;1;1;XEUR;5914370;135;
23.01.2025;16:32:53.961;B3BV SI 20261218 CS;SIMPLE_INSTRUMENT;BLOCK;EUR;101;0.71500000;1500;EXCHANGE_LAST;;1;1;XEUR;6798345;135;
23.01.2025;16:47:48.362;B3BV SI 20251219 CS;SIMPLE_INSTRUMENT;BLOCK;EUR;103;0.78000000;500;EXCHANGE_LAST;;1;1;XEUR;5914370;135;
23.01.2025;12:32:13.094;BAEN SI 20250620 PS AM C 60.00 0;SIMPLE_INSTRUMENT;BLOCK;CHF;31;4.70000000;400;EXCHANGE_LAST;;1;1;XEUR;7899037;159;
23.01.2025;12:59:44.346;BAS.O.250123.BUL.000007;STANDARD_OPTION_STRATEGY;BLOCK;EUR;4;0.33000000;1500;EXCHANGE_LAST;;1;2;XEUR;72058238283091435;150;
23.01.2025;12:59:44.346;BAS SI 20250221 PS AM C 50.00 0;SIMPLE_INSTRUMENT;BLOCK;EUR;4;0.18000000;1500;PRC_DECOMP_EXCHANGE;;;;XEUR;12339041;150;EXCHANGE
23.01.2025;12:59:44.346;BAS SI 20250221 PS AM C 48.00 0;SIMPLE_INSTRUMENT;BLOCK;EUR;4;0.51000000;1500;PRC_DECOMP_EXCHANGE;;;;XEUR;12238967;150;EXCHANGE
23.01.2025;13:24:13.382;BAS SI 20250321 PS AM C 48.00 0;SIMPLE_INSTRUMENT;BLOCK;EUR;5;1.16000000;2000;EXCHANGE_LAST;;1;2;XEUR;10831045;150;
23.01.2025;09:21:13.687;BAY SI 20251219 PS AM C 32.00 0;SIMPLE_INSTRUMENT;BLOCK;EUR;1;0.76000000;5000;EXCHANGE_LAST;;1;1;XEUR;6068399;168;
23.01.2025;15:24:24.040;BAY SI 20250620 PS AM C 26.00 0;SIMPLE_INSTRUMENT;BLOCK;EUR;10;0.68000000;1000;EXCHANGE_LAST;;1;1;XEUR;10324700;168;
23.01.2025;10:21:35.183;BMW.O.250123.STG.000005;STANDARD_OPTION_STRATEGY;BLOCK;EUR;2;4.00000000;500;EXCHANGE_LAST;;1;1;XEUR;72058495981109195;210;
23.01.2025;10:21:35.183;BMW SI 20250620 PS AM P 64.00 0;SIMPLE_INSTRUMENT;BLOCK;EUR;2;2.00000000;500;PRC_DECOMP_MEMBER;;;;XEUR;11352603;210;MEMBER
23.01.2025;10:21:35.183;BMW SI 20250620 PS AM C 88.00 0;SIMPLE_INSTRUMENT;BLOCK;EUR;2;2.00000000;500;PRC_DECOMP_MEMBER;;;;XEUR;11352605;210;MEMBER
23.01.2025;12:46:08.776;BMWF SI 20250321 CS;SIMPLE_INSTRUMENT;BLOCK;EUR;40;78.56000000;400;EXCHANGE_LAST;;1;1;XEUR;10695616;239;
23.01.2025;14:43:56.346;BMWF SI 20250321 CS;SIMPLE_INSTRUMENT;BLOCK;EUR;66;78.52000000;300;EXCHANGE_LAST;;1;1;XEUR;10695616;239;
23.01.2025;08:57:03.289;BNP SI 20251219 PS AM P 50.00 0;SIMPLE_INSTRUMENT;BLOCK;EUR;1;2.25000000;8000;EXCHANGE_LAST;;1;1;XEUR;6292396;237;
23.01.2025;08:57:15.917;BNP SI 20260619 PS AM P 58.00 0;SIMPLE_INSTRUMENT;BLOCK;EUR;2;7.27000000;3500;EXCHANGE_LAST;;1;1;XEUR;12372398;237;
23.01.2025;08:57:30.624;BNP SI 20260619 PS AM C 58.00 0;SIMPLE_INSTRUMENT;BLOCK;EUR;3;7.87000000;3500;EXCHANGE_LAST;;1;1;XEUR;12372399;237;
23.01.2025;13:42:43.219;BNR SI 20250221 PS AM C 61.00 0;SIMPLE_INSTRUMENT;BLOCK;EUR;6;0.44000000;1961;EXCHANGE_LAST;;1;1;XEUR;12616578;235;
23.01.2025;16:29:16.539;BRNT SI 20250321 PS EU C 64.00 0;SIMPLE_INSTRUMENT;BLOCK;USD;1;0.40000000;10606;EXCHANGE_LAST;;1;1;XEUR;7605830;367244;
23.01.2025;12:48:38.760;BSI SI 20250620 PS AM P 160.00 0;SIMPLE_INSTRUMENT;BLOCK;EUR;14;28.02000000;250;EXCHANGE_LAST;;1;1;XEUR;9582627;76317;
23.01.2025;10:54:32.637;BYG SI 20250620 PS AM C 32.00 0;SIMPLE_INSTRUMENT;BLOCK;EUR;5;0.75000000;950;EXCHANGE_LAST;;1;1;XEUR;7900628;280;
23.01.2025;10:54:32.637;BYG SI 20250620 PS AM C 32.00 0;SIMPLE_INSTRUMENT;BLOCK;EUR;6;0.76000000;950;EXCHANGE_LAST;;1;1;XEUR;7900628;280;
23.01.2025;12:06:49.228;CAR SI 20271217 PS AM P 9.60 0;SIMPLE_INSTRUMENT;BLOCK;EUR;7;0.93000000;5000;EXCHANGE_LAST;;1;2;XEUR;8776837;265;
23.01.2025;13:27:16.473;CAR SI 20261218 PS AM P 12.00 0;SIMPLE_INSTRUMENT;BLOCK;EUR;12;1.43000000;3000;EXCHANGE_LAST;;1;1;XEUR;7154840;265;
23.01.2025;14:09:50.532;CAR.O.250123.PDIA.000001;STANDARD_OPTION_STRATEGY;BLOCK;EUR;14;0.20000000;1500;EXCHANGE_LAST;;1;1;XEUR;72058732204276602;265;
23.01.2025;14:09:50.532;CAR SI 20250321 PS AM P 14.00 0;SIMPLE_INSTRUMENT;BLOCK;EUR;14;1.06000000;1500;PRC_DECOMP_EXCHANGE;;;;XEUR;10833796;265;EXCHANGE
23.01.2025;14:09:50.532;CAR SI 20260619 PS AM P 12.00 0;SIMPLE_INSTRUMENT;BLOCK;EUR;14;1.26000000;1500;PRC_DECOMP_EXCHANGE;;;;XEUR;9542223;265;EXCHANGE
23.01.2025;10:39:54.700;CFR SI 20250321 PS AM C 180.00 0;SIMPLE_INSTRUMENT;BLOCK;CHF;16;3.10000000;500;EXCHANGE_LAST;;1;1;XEUR;10834875;313;
23.01.2025;10:43:51.426;CLN SI 20250919 PS AM P 9.00 0;SIMPLE_INSTRUMENT;BLOCK;CHF;18;0.50000000;2000;EXCHANGE_LAST;;1;1;XEUR;11876256;296;
23.01.2025;10:51:13.317;CRI5 SI 20281214 PS AM P 40.00 0;SIMPLE_INSTRUMENT;BLOCK;EUR;6;9.45000000;2000;EXCHANGE_LAST;;1;1;XEUR;10380741;320;
23.01.2025;14:41:38.873;D2PW SI 20251219 CS;SIMPLE_INSTRUMENT;BLOCK;EUR;59;1.84000000;400;EXCHANGE_LAST;;1;3;XEUR;3681256;9702;
23.01.2025;12:28:59.514;D3AI SI 20261218 CS;SIMPLE_INSTRUMENT;BLOCK;EUR;35;3.50000000;125;EXCHANGE_LAST;;1;2;XEUR;7144051;443197;
23.01.2025;11:04:28.117;DAI SI 20250620 PS AM P 48.00 0;SIMPLE_INSTRUMENT;BLOCK;EUR;4;1.80000000;2500;EXCHANGE_LAST;;1;1;XEUR;7934260;443196;
23.01.2025;11:03:17.105;DAI SI 20250620 PS AM C 70.00 0;SIMPLE_INSTRUMENT;BLOCK;EUR;5;0.20000000;1500;EXCHANGE_LAST;;1;1;XEUR;11011731;443196;
23.01.2025;11:02:14.869;DAI SI 20250620 PS AM P 70.00 0;SIMPLE_INSTRUMENT;BLOCK;EUR;6;16.98000000;1500;EXCHANGE_LAST;;1;1;XEUR;11011730;443196;
23.01.2025;11:03:26.534;DAI SI 20251219 PS AM C 60.00 0;SIMPLE_INSTRUMENT;BLOCK;EUR;7;2.85000000;2500;EXCHANGE_LAST;;1;1;XEUR;7144524;443196;
23.01.2025;13:50:09.266;DAI.O.250123.COMBO.000012;STANDARD_OPTION_STRATEGY;BLOCK;EUR;15;6.14000000;1000;EXCHANGE_LAST;;1;1;XEUR;73961106363663790;443196;
23.01.2025;13:50:09.266;DAI SI 20261218 PS AM P 54.00 0;SIMPLE_INSTRUMENT;BLOCK;EUR;15;8.54000000;1000;PRC_DECOMP_EXCHANGE;;;;XEUR;7362234;443196;EXCHANGE
23.01.2025;13:50:09.266;DAI SI 20261218 PS AM C 68.00 0;SIMPLE_INSTRUMENT;BLOCK;EUR;15;2.40000000;1000;PRC_DECOMP_EXCHANGE;;;;XEUR;7190185;443196;EXCHANGE
23.01.2025;09:41:39.392;DB1 SI 20251219 PS AM P 240.00 0;SIMPLE_INSTRUMENT;BLOCK;EUR;5;17.40000000;500;EXCHANGE_LAST;;2;1;XEUR;6706803;361;
23.01.2025;10:58:53.776;DB1 SI 20251219 PS AM P 220.00 0;SIMPLE_INSTRUMENT;BLOCK;EUR;11;9.25000000;486;EXCHANGE_LAST;;1;1;XEUR;12437945;361;
23.01.2025;10:59:13.681;DB1 SI 20251219 PS AM P 220.00 0;SIMPLE_INSTRUMENT;BLOCK;EUR;12;9.20000000;514;EXCHANGE_LAST;;1;1;XEUR;12437945;361;
23.01.2025;15:33:58.656;DPW SI 20250321 PS AM P 30.00 0;SIMPLE_INSTRUMENT;BLOCK;EUR;31;0.18000000;1000;EXCHANGE_LAST;;1;1;XEUR;10836775;445;
23.01.2025;14:27:10.303;DRW3 SI 20250620 PS AM P 44.00 0;SIMPLE_INSTRUMENT;BLOCK;EUR;24;0.55000000;200;EXCHANGE_LAST;;1;1;XEUR;7902159;432;
23.01.2025;11:05:10.900;DTE.O.250123.COMBO.000004;STANDARD_OPTION_STRATEGY;BLOCK;EUR;13;0.35000000;2000;EXCHANGE_LAST;;1;1;XEUR;72059415104107395;424;
23.01.2025;11:05:10.900;DTE SI 20250620 PS AM C 33.00 0;SIMPLE_INSTRUMENT;BLOCK;EUR;13;0.38000000;2000;PRC_DECOMP_EXCHANGE;;;;XEUR;12038060;424;EXCHANGE
23.01.2025;11:05:10.900;DTE SI 20250620 PS AM P 28.00 0;SIMPLE_INSTRUMENT;BLOCK;EUR;13;0.73000000;2000;PRC_DECOMP_EXCHANGE;;;;XEUR;7902018;424;EXCHANGE
23.01.2025;14:46:53.482;DTEF SI 20250321 CS;SIMPLE_INSTRUMENT;BLOCK;EUR;70;30.27200000;7500;EXCHANGE_LAST;;1;1;XEUR;10698021;430;
23.01.2025;14:47:17.415;DTG SI 20250221 PS AM P 33.00 0;SIMPLE_INSTRUMENT;BLOCK;EUR;18;0.11000000;700;EXCHANGE_LAST;;1;1;XEUR;12278007;455942;
23.01.2025;13:15:52.854;DUFN.O.250123.CDIA.000002;STANDARD_OPTION_STRATEGY;BLOCK;CHF;38;-2.05000000;975;EXCHANGE_LAST;;1;1;XEUR;72059389334272897;418;
23.01.2025;13:15:52.854;DUFN SI 20250620 PS AM C 40.00 0;SIMPLE_INSTRUMENT;BLOCK;CHF;38;2.97000000;975;PRC_DECOMP_EXCHANGE;;;;XEUR;9544831;418;EXCHANGE
23.01.2025;13:15:52.854;DUFN SI 20251219 PS AM C 50.00 0;SIMPLE_INSTRUMENT;BLOCK;CHF;38;0.92000000;975;PRC_DECOMP_EXCHANGE;;;;XEUR;12438799;418;EXCHANGE
23.01.2025;13:59:09.870;DUFN.O.250123.STD.000004;STANDARD_OPTION_STRATEGY;BLOCK;CHF;49;5.95000000;300;EXCHANGE_LAST;;1;1;XEUR;72059389334272899;418;
23.01.2025;13:59:09.870;DUFN SI 20250620 PS AM P 40.00 0;SIMPLE_INSTRUMENT;BLOCK;CHF;49;2.87000000;300;PRC_DECOMP_EXCHANGE;;;;XEUR;9544836;418;EXCHANGE
23.01.2025;13:59:09.870;DUFN SI 20250620 PS AM C 40.00 0;SIMPLE_INSTRUMENT;BLOCK;CHF;49;3.08000000;300;PRC_DECOMP_EXCHANGE;;;;XEUR;9544831;418;EXCHANGE
23.01.2025;10:57:30.645;E2NL SI 20281215 CS;SIMPLE_INSTRUMENT;BLOCK;EUR;17;0.40000000;3000;EXCHANGE_LAST;;1;3;XEUR;6802276;471;
23.01.2025;13:12:49.408;E2NL SI 20261218 CS;SIMPLE_INSTRUMENT;BLOCK;EUR;41;0.45200000;875;EXCHANGE_LAST;;2;1;XEUR;4632356;471;
23.01.2025;13:12:35.812;E2NL SI 20261218 CS;SIMPLE_INSTRUMENT;BLOCK;EUR;42;0.45300000;875;EXCHANGE_LAST;;2;1;XEUR;4632356;471;
23.01.2025;13:40:46.490;E2NL SI 20250321 CS;SIMPLE_INSTRUMENT;BLOCK;EUR;48;0.21500000;4363;EXCHANGE_LAST;;1;1;XEUR;10403435;471;
23.01.2025;16:17:19.656;E2NT SI 20271217 CS;SIMPLE_INSTRUMENT;BLOCK;EUR;98;0.92000000;500;EXCHANGE_LAST;;1;2;XEUR;5914575;470;
23.01.2025;16:25:55.292;E2NT SI 20281215 CS;SIMPLE_INSTRUMENT;BLOCK;EUR;100;0.84000000;500;EXCHANGE_LAST;;1;2;XEUR;6802271;470;
23.01.2025;13:40:45.115;ENLH SI 20250320 CS;SIMPLE_INSTRUMENT;BLOCK;EUR;47;6.72040000;10000;EXCHANGE_LAST;;1;1;XEUR;10690796;524976;
23.01.2025;13:05:18.733;ENR SI 20250221 PS AM C 54.00 0;SIMPLE_INSTRUMENT;BLOCK;EUR;18;5.10000000;3400;EXCHANGE_LAST;;1;1;XEUR;12273411;298530;
23.01.2025;13:05:22.315;ENR SI 20250221 PS AM C 62.00 0;SIMPLE_INSTRUMENT;BLOCK;EUR;19;1.99000000;2800;EXCHANGE_LAST;;1;1;XEUR;12327356;298530;
23.01.2025;13:05:26.202;ENR SI 20250221 PS AM C 62.00 0;SIMPLE_INSTRUMENT;BLOCK;EUR;20;2.00000000;2450;EXCHANGE_LAST;;1;1;XEUR;12327356;298530;
23.01.2025;14:25:59.144;ENR SI 20250221 PS AM P 54.00 0;SIMPLE_INSTRUMENT;BLOCK;EUR;23;2.90000000;3500;EXCHANGE_LAST;;2;3;XEUR;12273417;298530;
23.01.2025;14:27:58.091;ENR SI 20250221 PS AM C 56.00 0;SIMPLE_INSTRUMENT;BLOCK;EUR;25;4.39000000;2250;EXCHANGE_LAST;;1;1;XEUR;12273415;298530;
23.01.2025;14:28:01.017;ENR SI 20250321 PS AM C 57.00 0;SIMPLE_INSTRUMENT;BLOCK;EUR;26;4.59000000;2250;EXCHANGE_LAST;;1;1;XEUR;12193262;298530;
23.01.2025;14:47:53.928;ENR SI 20250221 PS AM P 48.00 0;SIMPLE_INSTRUMENT;BLOCK;EUR;27;1.00000000;390;EXCHANGE_LAST;;1;1;XEUR;12273374;298530;
23.01.2025;15:59:30.616;ENR.O.250123.BU23.000018;STANDARD_OPTION_STRATEGY;BLOCK;EUR;32;-7.60000000;500;EXCHANGE_LAST;;1;1;XEUR;73339770624817753;298530;
23.01.2025;15:59:30.616;ENR SI 20250321 PS AM C 60.00 0;SIMPLE_INSTRUMENT;BLOCK;EUR;32;4.73000000;1000;PRC_DECOMP_EXCHANGE;;;;XEUR;12193252;298530;EXCHANGE
23.01.2025;15:59:30.616;ENR SI 20250321 PS AM C 80.00 0;SIMPLE_INSTRUMENT;BLOCK;EUR;32;0.62000000;1500;PRC_DECOMP_EXCHANGE;;;;XEUR;12327352;298530;EXCHANGE
23.01.2025;16:36:11.047;ENR SI 20250321 PS AM C 68.00 0;SIMPLE_INSTRUMENT;BLOCK;EUR;33;2.30000000;2765;EXCHANGE_LAST;;1;1;XEUR;12229452;298530;
23.01.2025;16:36:18.622;ENR SI 20250321 PS AM C 76.00 0;SIMPLE_INSTRUMENT;BLOCK;EUR;34;1.03000000;2765;EXCHANGE_LAST;;1;1;XEUR;12309976;298530;
23.01.2025;08:39:35.102;ENUR SI 20250221 PS AM C 11.00 0;SIMPLE_INSTRUMENT;BLOCK;EUR;3;0.11000000;8700;EXCHANGE_LAST;;1;1;XEUR;12244040;498;
23.01.2025;09:07:23.127;ENUR SI 20250321 PS AM C 10.00 0;SIMPLE_INSTRUMENT;BLOCK;EUR;4;0.51000000;1000;EXCHANGE_LAST;;1;1;XEUR;10838193;498;
23.01.2025;11:57:30.045;EOA SI 20250919 PS AM P 10.00 0;SIMPLE_INSTRUMENT;BLOCK;EUR;12;0.44000000;5000;EXCHANGE_LAST;;1;1;XEUR;11908969;49065;
23.01.2025;08:43:22.738;FBTP SI 20250306 PS;SIMPLE_INSTRUMENT;BLOCK;EUR;1;119.34000000;1719;EXCHANGE_LAST;;1;1;XEUR;11286675;636;
23.01.2025;09:09:17.814;FBTP SI 20250306 PS;SIMPLE_INSTRUMENT;BLOCK;EUR;2;119.23000000;1757;EXCHANGE_LAST;;1;1;XEUR;11286675;636;
23.01.2025;09:30:02.819;FBTP SI 20250306 PS;SIMPLE_INSTRUMENT;EFP_FIN;EUR;3;119.16000000;320;EXCHANGE_LAST;;1;1;XEUR;11286675;636;
23.01.2025;09:33:17.369;FBTP SI 20250306 PS;SIMPLE_INSTRUMENT;EFP_FIN;EUR;4;119.17000000;756;EXCHANGE_LAST;;1;1;XEUR;11286675;636;
23.01.2025;10:02:48.971;FBTP SI 20250306 PS;SIMPLE_INSTRUMENT;EFP_FIN;EUR;5;119.20000000;625;EXCHANGE_LAST;;1;1;XEUR;11286675;636;
23.01.2025;10:25:25.418;FBTP SI 20250306 PS;SIMPLE_INSTRUMENT;BLOCK;EUR;6;119.23000000;259;EXCHANGE_LAST;;1;1;XEUR;11286675;636;
23.01.2025;10:28:39.713;FBTP SI 20250306 PS;SIMPLE_INSTRUMENT;EFP_FIN;EUR;7;119.32000000;150;EXCHANGE_LAST;;1;1;XEUR;11286675;636;
23.01.2025;10:46:54.273;FBTP SI 20250306 PS;SIMPLE_INSTRUMENT;EFP_FIN;EUR;8;119.23000000;92;EXCHANGE_LAST;;1;1;XEUR;11286675;636;
23.01.2025;10:50:05.611;FBTP SI 20250306 PS;SIMPLE_INSTRUMENT;EFP_FIN;EUR;9;119.17000000;368;EXCHANGE_LAST;;1;1;XEUR;11286675;636;
23.01.2025;11:11:13.268;FBTP SI 20250306 PS;SIMPLE_INSTRUMENT;EFP_FIN;EUR;10;119.24000000;161;EXCHANGE_LAST;;1;1;XEUR;11286675;636;
23.01.2025;11:11:33.002;FBTP SI 20250306 PS;SIMPLE_INSTRUMENT;EFP_FIN;EUR;11;119.24000000;71;EXCHANGE_LAST;;1;1;XEUR;11286675;636;
23.01.2025;11:54:38.259;FBTP SI 20250306 PS;SIMPLE_INSTRUMENT;EFS;EUR;12;119.15000000;250;EXCHANGE_LAST;;1;1;XEUR;11286675;636;
23.01.2025;12:22:30.155;FBTP SI 20250306 PS;SIMPLE_INSTRUMENT;EFP_FIN;EUR;13;119.09000000;895;EXCHANGE_LAST;;1;1;XEUR;11286675;636;
23.01.2025;13:09:55.437;FBTP SI 20250306 PS;SIMPLE_INSTRUMENT;EFP_FIN;EUR;14;119.10000000;1343;EXCHANGE_LAST;;1;1;XEUR;11286675;636;
23.01.2025;13:11:11.638;FBTP SI 20250306 PS;SIMPLE_INSTRUMENT;EFP_FIN;EUR;15;119.08000000;100;EXCHANGE_LAST;;1;1;XEUR;11286675;636;
23.01.2025;13:32:20.257;FBTP SI 20250306 PS;SIMPLE_INSTRUMENT;EFP_FIN;EUR;16;119.05000000;689;EXCHANGE_LAST;;1;1;XEUR;11286675;636;
23.01.2025;14:28:03.241;FBTP SI 20250306 PS;SIMPLE_INSTRUMENT;BLOCK;EUR;17;118.98000000;1719;EXCHANGE_LAST;;1;1;XEUR;11286675;636;
23.01.2025;15:13:35.078;FBTP SI 20250306 PS;SIMPLE_INSTRUMENT;EFP_FIN;EUR;18;118.95000000;428;EXCHANGE_LAST;;1;1;XEUR;11286675;636;
23.01.2025;15:44:10.274;FBTP SI 20250306 PS;SIMPLE_INSTRUMENT;EFP_FIN;EUR;19;118.92000000;349;EXCHANGE_LAST;;1;1;XEUR;11286675;636;
23.01.2025;16:31:22.504;FBTP SI 20250306 PS;SIMPLE_INSTRUMENT;EFP_FIN;EUR;20;118.91000000;277;EXCHANGE_LAST;;1;1;XEUR;11286675;636;
23.01.2025;16:39:03.484;FBTP SI 20250306 PS;SIMPLE_INSTRUMENT;EFP_FIN;EUR;21;118.91000000;114;EXCHANGE_LAST;;1;1;XEUR;11286675;636;
23.01.2025;13:45:24.577;FBTP SI 20250306 PS;SIMPLE_INSTRUMENT;VOLA;EUR;268435551;119.10000000;104;EXCHANGE_LAST;;1;1;XEUR;11286675;636;
23.01.2025;09:29:02.355;FBTS SI 20250306 PS;SIMPLE_INSTRUMENT;EFP_FIN;EUR;5;107.13000000;240;EXCHANGE_LAST;;1;1;XEUR;11286677;639;
23.01.2025;10:24:44.660;FBTS SI 20250306 PS;SIMPLE_INSTRUMENT;EFP_FIN;EUR;8;107.14000000;454;EXCHANGE_LAST;;1;1;XEUR;11286677;639;
23.01.2025;10:29:06.662;FBTS SI 20250306 PS;SIMPLE_INSTRUMENT;EFP_FIN;EUR;9;107.14000000;106;EXCHANGE_LAST;;1;1;XEUR;11286677;639;
23.01.2025;10:34:02.035;FBTS SI 20250306 PS;SIMPLE_INSTRUMENT;EFP_FIN;EUR;10;107.14000000;211;EXCHANGE_LAST;;1;1;XEUR;11286677;639;
23.01.2025;10:59:56.079;FBTS SI 20250306 PS;SIMPLE_INSTRUMENT;EFP_FIN;EUR;12;107.09000000;106;EXCHANGE_LAST;;1;1;XEUR;11286677;639;
23.01.2025;11:04:58.914;FBTS SI 20250306 PS;SIMPLE_INSTRUMENT;EFP_FIN;EUR;14;107.10000000;454;EXCHANGE_LAST;;1;1;XEUR;11286677;639;
23.01.2025;11:08:31.170;FBTS SI 20250306 PS;SIMPLE_INSTRUMENT;EFP_FIN;EUR;15;107.09000000;454;EXCHANGE_LAST;;1;1;XEUR;11286677;639;
23.01.2025;11:13:48.423;FBTS SI 20250306 PS;SIMPLE_INSTRUMENT;EFP_FIN;EUR;16;107.09000000;422;EXCHANGE_LAST;;1;1;XEUR;11286677;639;
23.01.2025;11:32:18.827;FBTS SI 20250306 PS;SIMPLE_INSTRUMENT;EFP_FIN;EUR;17;107.10000000;1316;EXCHANGE_LAST;;1;1;XEUR;11286677;639;
23.01.2025;11:42:34.035;FBTS SI 20250306 PS;SIMPLE_INSTRUMENT;EFP_FIN;EUR;19;107.08000000;1584;EXCHANGE_LAST;;1;1;XEUR;11286677;639;
23.01.2025;13:01:58.265;FBTS SI 20250306 PS;SIMPLE_INSTRUMENT;EFP_FIN;EUR;20;107.09000000;227;EXCHANGE_LAST;;1;1;XEUR;11286677;639;
23.01.2025;13:47:55.407;FBTS SI 20250306 PS;SIMPLE_INSTRUMENT;EFP_FIN;EUR;23;107.09000000;1828;EXCHANGE_LAST;;1;1;XEUR;11286677;639;
23.01.2025;14:32:44.486;FBTS SI 20250306 PS;SIMPLE_INSTRUMENT;EFP_FIN;EUR;27;107.06000000;1144;EXCHANGE_LAST;;1;1;XEUR;11286677;639;
23.01.2025;14:36:01.974;FBTS SI 20250306 PS;SIMPLE_INSTRUMENT;EFP_FIN;EUR;28;107.09000000;1143;EXCHANGE_LAST;;1;1;XEUR;11286677;639;
23.01.2025;14:43:54.849;FBTS SI 20250306 PS;SIMPLE_INSTRUMENT;EFP_FIN;EUR;29;107.09000000;103;EXCHANGE_LAST;;1;1;XEUR;11286677;639;
23.01.2025;14:46:33.297;FBTS SI 20250306 PS;SIMPLE_INSTRUMENT;EFP_FIN;EUR;30;107.02000000;1284;EXCHANGE_LAST;;1;1;XEUR;11286677;639;
23.01.2025;15:03:42.249;FBTS SI 20250306 PS;SIMPLE_INSTRUMENT;EFP_FIN;EUR;31;107.03000000;370;EXCHANGE_LAST;;1;1;XEUR;11286677;639;
23.01.2025;15:04:46.150;FBTS SI 20250306 PS;SIMPLE_INSTRUMENT;EFP_FIN;EUR;32;107.03000000;129;EXCHANGE_LAST;;1;1;XEUR;11286677;639;
23.01.2025;15:18:41.712;FBTS SI 20250306 PS;SIMPLE_INSTRUMENT;EFP_FIN;EUR;33;107.05000000;892;EXCHANGE_LAST;;1;1;XEUR;11286677;639;
23.01.2025;16:24:01.267;FBTS SI 20250306 PS;SIMPLE_INSTRUMENT;EFP_FIN;EUR;41;107.06000000;439;EXCHANGE_LAST;;1;1;XEUR;11286677;639;
23.01.2025;16:24:56.892;FBTS SI 20250306 PS;SIMPLE_INSTRUMENT;EFP_FIN;EUR;42;107.06000000;343;EXCHANGE_LAST;;1;1;XEUR;11286677;639;
23.01.2025;16:26:10.526;FBTS SI 20250306 PS;SIMPLE_INSTRUMENT;BLOCK;EUR;44;107.03000000;264;EXCHANGE_LAST;;1;1;XEUR;11286677;639;
23.01.2025;16:27:32.767;FBTS SI 20250306 PS;SIMPLE_INSTRUMENT;BLOCK;EUR;45;107.06000000;528;EXCHANGE_LAST;;1;1;XEUR;11286677;639;
23.01.2025;16:31:01.534;FBTS SI 20250306 PS;SIMPLE_INSTRUMENT;EFP_FIN;EUR;46;107.06000000;401;EXCHANGE_LAST;;1;1;XEUR;11286677;639;
23.01.2025;16:38:21.261;FBTS SI 20250306 PS;SIMPLE_INSTRUMENT;EFP_FIN;EUR;47;107.06000000;571;EXCHANGE_LAST;;1;1;XEUR;11286677;639;
23.01.2025;17:11:56.816;FBTS SI 20250306 PS;SIMPLE_INSTRUMENT;EFP_FIN;EUR;49;107.04000000;877;EXCHANGE_LAST;;1;1;XEUR;11286677;639;
23.01.2025;17:12:05.817;FBTS SI 20250306 PS;SIMPLE_INSTRUMENT;EFP_FIN;EUR;50;107.04000000;1056;EXCHANGE_LAST;;1;1;XEUR;11286677;639;
23.01.2025;16:12:04.552;FCEU SI 20250317 PS;SIMPLE_INSTRUMENT;BLOCK;USD;1;1.04200000;212;EXCHANGE_LAST;;1;1;XEUR;9136240;369376;
23.01.2025;16:14:05.559;FCEU SI 20250317 PS;SIMPLE_INSTRUMENT;BLOCK;USD;2;1.04210000;129;EXCHANGE_LAST;;1;1;XEUR;9136240;369376;
23.01.2025;16:48:33.672;FDAX SI 20250321 CS;SIMPLE_INSTRUMENT;EFP_IDX;EUR;1;21526.00000000;28;EXCHANGE_LAST;;1;1;XEUR;7561255;589;
23.01.2025;16:48:39.077;FDAX SI 20250321 CS;SIMPLE_INSTRUMENT;BLOCK;EUR;2;21525.00000000;250;EXCHANGE_LAST;;1;1;XEUR;7561255;589;
23.01.2025;16:48:42.888;FDAX SI 20250321 CS;SIMPLE_INSTRUMENT;EFP_IDX;EUR;3;21527.00000000;32;EXCHANGE_LAST;;1;1;XEUR;7561255;589;
23.01.2025;15:09:51.220;FDAX SI 20250321 CS;SIMPLE_INSTRUMENT;VOLA;EUR;671088653;21440.00000000;6;EXCHANGE_LAST;;1;1;XEUR;7561255;589;
23.01.2025;12:36:15.948;FEBD SI 20251219 CS;SIMPLE_INSTRUMENT;BLOCK;EUR;18;10.38000000;1500;EXCHANGE_LAST;;1;1;XEUR;5914075;597;
23.01.2025;15:10:27.229;FEBD SI 20281215 CS;SIMPLE_INSTRUMENT;BLOCK;EUR;32;8.51000000;150;EXCHANGE_LAST;;1;1;XEUR;7776305;597;
23.01.2025;15:59:07.866;FEBD.S.DEC27.DEC28.SPD;FUTURES_SPREAD;BLOCK;EUR;39;0.75000000;750;EXCHANGE_LAST;;1;1;XEUR;72060158133407000;597;
23.01.2025;15:59:07.866;FEBD SI 20271217 CS;SIMPLE_INSTRUMENT;BLOCK;EUR;39;9.21000000;750;PRC_DECOMP_EXCHANGE;;;;XEUR;7776307;597;EXCHANGE
23.01.2025;15:59:07.866;FEBD SI 20281215 CS;SIMPLE_INSTRUMENT;BLOCK;EUR;39;8.46000000;750;PRC_DECOMP_EXCHANGE;;;;XEUR;7776305;597;EXCHANGE
23.01.2025;11:02:53.364;FEHY SI 20250321 CS;SIMPLE_INSTRUMENT;BLOCK;EUR;16;295.20000000;100;EXCHANGE_LAST;;1;1;XEUR;11428365;574047;
23.01.2025;13:14:14.658;FESB SI 20250321 CS;SIMPLE_INSTRUMENT;BLOCK;EUR;46;157.80000000;2100;EXCHANGE_LAST;;1;1;XEUR;11359072;605;
23.01.2025;16:43:29.752;FESB SI 20250321 CS;SIMPLE_INSTRUMENT;BLOCK;EUR;50;159.50000000;2160;EXCHANGE_LAST;;1;1;XEUR;11359072;605;
23.01.2025;17:01:02.647;FESB SI 20250321 CS;SIMPLE_INSTRUMENT;EFP_IDX;EUR;51;159.65000000;1000;EXCHANGE_LAST;;1;1;XEUR;11359072;605;
23.01.2025;17:01:19.004;FESB SI 20250321 CS;SIMPLE_INSTRUMENT;EFP_IDX;EUR;52;159.70000000;1500;EXCHANGE_LAST;;1;1;XEUR;11359072;605;
23.01.2025;10:34:50.929;FESB SI 20250321 CS;SIMPLE_INSTRUMENT;VOLA;EUR;603979790;157.85000000;840;EXCHANGE_LAST;;1;1;XEUR;11359072;605;
23.01.2025;10:59:41.798;FESB SI 20250321 CS;SIMPLE_INSTRUMENT;VOLA;EUR;603979793;157.00000000;300;EXCHANGE_LAST;;1;1;XEUR;11359072;605;
23.01.2025;13:06:02.437;FESG SI 20250321 CS;SIMPLE_INSTRUMENT;VOLA;EUR;603979801;1415.20000000;11;EXCHANGE_LAST;;1;1;XEUR;11359719;687;
23.01.2025;09:28:58.948;FESX SI 20250321 CS;SIMPLE_INSTRUMENT;BLOCK;EUR;1;5200.00000000;2000;EXCHANGE_LAST;;1;1;XEUR;7793482;675;
23.01.2025;13:04:59.809;FESX SI 20250321 CS;SIMPLE_INSTRUMENT;EFP_IDX;EUR;2;5219.00000000;1000;EXCHANGE_LAST;;1;1;XEUR;7793482;675;
23.01.2025;14:20:36.417;FESX SI 20250321 CS;SIMPLE_INSTRUMENT;BLOCK;EUR;3;5220.00000000;6193;EXCHANGE_LAST;;1;1;XEUR;7793482;675;
23.01.2025;14:54:45.013;FESX SI 20250321 CS;SIMPLE_INSTRUMENT;BLOCK;EUR;4;5220.00000000;2000;EXCHANGE_LAST;;1;1;XEUR;7793482;675;
23.01.2025;16:07:55.511;FESX SI 20250321 CS;SIMPLE_INSTRUMENT;BLOCK;EUR;5;5227.00000000;2462;EXCHANGE_LAST;;1;1;XEUR;7793482;675;
23.01.2025;16:29:47.985;FESX SI 20250321 CS;SIMPLE_INSTRUMENT;EFP_IDX;EUR;6;5228.00000000;1000;EXCHANGE_LAST;;1;1;XEUR;7793482;675;
23.01.2025;16:46:17.744;FESX SI 20250321 CS;SIMPLE_INSTRUMENT;EFP_IDX;EUR;7;5232.00000000;289;EXCHANGE_LAST;;1;1;XEUR;7793482;675;
23.01.2025;16:46:53.729;FESX SI 20250321 CS;SIMPLE_INSTRUMENT;EFP_IDX;EUR;8;5233.00000000;290;EXCHANGE_LAST;;1;1;XEUR;7793482;675;
23.01.2025;09:53:54.552;FESX SI 20250321 CS;SIMPLE_INSTRUMENT;VOLA;EUR;637534234;5208.00000000;47;EXCHANGE_LAST;;1;1;XEUR;7793482;675;
23.01.2025;09:55:50.090;FESX SI 20250321 CS;SIMPLE_INSTRUMENT;VOLA;EUR;637534240;5207.00000000;750;EXCHANGE_LAST;;1;1;XEUR;7793482;675;
23.01.2025;09:56:48.596;FESX SI 20250321 CS;SIMPLE_INSTRUMENT;VOLA;EUR;637534241;5207.00000000;25;EXCHANGE_LAST;;1;1;XEUR;7793482;675;
23.01.2025;10:57:36.431;FESX SI 20250321 CS;SIMPLE_INSTRUMENT;VOLA;EUR;637534258;5216.00000000;600;EXCHANGE_LAST;;1;1;XEUR;7793482;675;
23.01.2025;10:58:52.790;FESX SI 20250321 CS;SIMPLE_INSTRUMENT;VOLA;EUR;637534259;5216.00000000;300;EXCHANGE_LAST;;1;1;XEUR;7793482;675;
23.01.2025;12:18:56.964;FESX SI 20250321 CS;SIMPLE_INSTRUMENT;VOLA;EUR;637534288;5220.00000000;25;EXCHANGE_LAST;;1;1;XEUR;7793482;675;
23.01.2025;12:43:36.808;FESX SI 20250321 CS;SIMPLE_INSTRUMENT;VOLA;EUR;637534292;5205.00000000;10;EXCHANGE_LAST;;1;1;XEUR;7793482;675;
23.01.2025;13:50:59.999;FESX SI 20250321 CS;SIMPLE_INSTRUMENT;VOLA;EUR;637534317;5219.00000000;619;EXCHANGE_LAST;;1;1;XEUR;7793482;675;
23.01.2025;14:29:34.082;FESX SI 20250321 CS;SIMPLE_INSTRUMENT;VOLA;EUR;637534325;5220.00000000;868;EXCHANGE_LAST;;1;1;XEUR;7793482;675;
23.01.2025;14:33:36.937;FESX SI 20250321 CS;SIMPLE_INSTRUMENT;VOLA;EUR;637534328;5223.00000000;250;EXCHANGE_LAST;;1;1;XEUR;7793482;675;
23.01.2025;14:44:56.544;FESX SI 20250321 CS;SIMPLE_INSTRUMENT;VOLA;EUR;637534336;5220.00000000;270;EXCHANGE_LAST;;1;1;XEUR;7793482;675;
23.01.2025;15:04:20.551;FESX SI 20250321 CS;SIMPLE_INSTRUMENT;VOLA;EUR;637534342;5210.00000000;350;EXCHANGE_LAST;;1;1;XEUR;7793482;675;
23.01.2025;15:09:35.190;FESX SI 20250321 CS;SIMPLE_INSTRUMENT;VOLA;EUR;637534345;5210.00000000;700;EXCHANGE_LAST;;1;1;XEUR;7793482;675;
23.01.2025;15:13:10.164;FESX SI 20250321 CS;SIMPLE_INSTRUMENT;VOLA;EUR;637534346;5210.00000000;615;EXCHANGE_LAST;;1;1;XEUR;7793482;675;
23.01.2025;16:08:20.319;FESX SI 20250321 CS;SIMPLE_INSTRUMENT;VOLA;EUR;637534380;5220.00000000;1000;EXCHANGE_LAST;;1;1;XEUR;7793482;675;
23.01.2025;16:08:50.117;FESX SI 20250321 CS;SIMPLE_INSTRUMENT;VOLA;EUR;637534381;5220.00000000;299;EXCHANGE_LAST;;1;1;XEUR;7793482;675;
23.01.2025;16:13:22.719;FESX SI 20250321 CS;SIMPLE_INSTRUMENT;VOLA;EUR;637534386;5220.00000000;360;EXCHANGE_LAST;;1;1;XEUR;7793482;675;
23.01.2025;16:15:26.325;FESX SI 20250321 CS;SIMPLE_INSTRUMENT;VOLA;EUR;637534390;5228.00000000;435;EXCHANGE_LAST;;1;1;XEUR;7793482;675;
23.01.2025;16:26:50.881;FESX SI 20250321 CS;SIMPLE_INSTRUMENT;VOLA;EUR;637534407;5229.00000000;1560;EXCHANGE_LAST;;1;1;XEUR;7793482;675;
23.01.2025;16:47:25.080;FESX SI 20250321 CS;SIMPLE_INSTRUMENT;VOLA;EUR;637534416;5225.00000000;450;EXCHANGE_LAST;;1;1;XEUR;7793482;675;
23.01.2025;16:34:10.800;FEU3 SI 20260615 CS;SIMPLE_INSTRUMENT;EFS;EUR;63;97.83000000;2000;EXCHANGE_LAST;;1;1;XEUR;5330262;702;
23.01.2025;08:44:32.418;FEXD SI 20261218 CS;SIMPLE_INSTRUMENT;BLOCK;EUR;3;157.70000000;250;EXCHANGE_LAST;;1;1;XEUR;2163053;693;
23.01.2025;10:02:27.411;FEXD SI 20261218 CS;SIMPLE_INSTRUMENT;BLOCK;EUR;7;158.20000000;250;EXCHANGE_LAST;;1;1;XEUR;2163053;693;
23.01.2025;10:02:33.343;FEXD SI 20281215 CS;SIMPLE_INSTRUMENT;BLOCK;EUR;8;148.10000000;250;EXCHANGE_LAST;;1;1;XEUR;3680985;693;
23.01.2025;10:13:36.310;FEXD SI 20261218 CS;SIMPLE_INSTRUMENT;BLOCK;EUR;10;157.70000000;535;EXCHANGE_LAST;;1;1;XEUR;2163053;693;
23.01.2025;10:13:44.311;FEXD SI 20261218 CS;SIMPLE_INSTRUMENT;BLOCK;EUR;11;157.80000000;534;EXCHANGE_LAST;;1;1;XEUR;2163053;693;
23.01.2025;11:33:34.745;FEXD.S.DEC26.DEC28.SPD;FUTURES_SPREAD;BLOCK;EUR;17;10.10000000;1000;EXCHANGE_LAST;;3;2;XEUR;72060570450264161;693;
23.01.2025;11:33:34.745;FEXD SI 20281215 CS;SIMPLE_INSTRUMENT;BLOCK;EUR;17;147.80000000;1000;PRC_DECOMP_EXCHANGE;;;;XEUR;3680985;693;EXCHANGE
23.01.2025;11:33:34.745;FEXD SI 20261218 CS;SIMPLE_INSTRUMENT;BLOCK;EUR;17;157.90000000;1000;PRC_DECOMP_EXCHANGE;;;;XEUR;2163053;693;EXCHANGE
23.01.2025;13:14:52.590;FEXD SI 20251219 CS;SIMPLE_INSTRUMENT;BLOCK;EUR;21;160.50000000;375;EXCHANGE_LAST;;1;1;XEUR;1548120;693;
23.01.2025;13:14:55.228;FEXD SI 20251219 CS;SIMPLE_INSTRUMENT;BLOCK;EUR;22;160.60000000;375;EXCHANGE_LAST;;1;1;XEUR;1548120;693;
23.01.2025;13:26:15.530;FEXD SI 20291221 CS;SIMPLE_INSTRUMENT;BLOCK;EUR;23;144.10000000;500;EXCHANGE_LAST;;1;1;XEUR;4631968;693;
23.01.2025;14:24:00.293;FEXD SI 20261218 CS;SIMPLE_INSTRUMENT;BLOCK;EUR;26;158.00000000;512;EXCHANGE_LAST;;1;1;XEUR;2163053;693;
23.01.2025;14:24:29.600;FEXD SI 20251219 CS;SIMPLE_INSTRUMENT;BLOCK;EUR;27;160.80000000;545;EXCHANGE_LAST;;1;1;XEUR;1548120;693;
23.01.2025;14:34:09.514;FEXD.S.DEC25.DEC26.SPD;FUTURES_SPREAD;BLOCK;EUR;28;2.40000000;500;EXCHANGE_LAST;;1;1;XEUR;72060570450264144;693;
23.01.2025;14:34:09.514;FEXD SI 20261218 CS;SIMPLE_INSTRUMENT;BLOCK;EUR;28;158.20000000;500;PRC_DECOMP_MEMBER;;;;XEUR;2163053;693;MEMBER
23.01.2025;14:34:09.514;FEXD SI 20251219 CS;SIMPLE_INSTRUMENT;BLOCK;EUR;28;160.60000000;500;PRC_DECOMP_MEMBER;;;;XEUR;1548120;693;MEMBER
23.01.2025;14:40:41.761;FEXD.S.DEC25.DEC26.SPD;FUTURES_SPREAD;BLOCK;EUR;29;2.40000000;700;EXCHANGE_LAST;;2;1;XEUR;72060570450264144;693;
23.01.2025;14:40:41.761;FEXD SI 20251219 CS;SIMPLE_INSTRUMENT;BLOCK;EUR;29;160.60000000;700;PRC_DECOMP_MEMBER;;;;XEUR;1548120;693;MEMBER
23.01.2025;14:40:41.761;FEXD SI 20261218 CS;SIMPLE_INSTRUMENT;BLOCK;EUR;29;158.20000000;700;PRC_DECOMP_MEMBER;;;;XEUR;2163053;693;MEMBER
23.01.2025;15:00:33.398;FEXD SI 20261218 CS;SIMPLE_INSTRUMENT;BLOCK;EUR;31;158.10000000;250;EXCHANGE_LAST;;1;1;XEUR;2163053;693;
23.01.2025;15:29:58.516;FEXD SI 20261218 CS;SIMPLE_INSTRUMENT;BLOCK;EUR;33;158.10000000;250;EXCHANGE_LAST;;1;1;XEUR;2163053;693;
23.01.2025;15:29:35.514;FEXD SI 20251219 CS;SIMPLE_INSTRUMENT;BLOCK;EUR;34;160.50000000;400;EXCHANGE_LAST;;1;1;XEUR;1548120;693;
23.01.2025;16:42:41.870;FEXD SI 20261218 CS;SIMPLE_INSTRUMENT;BLOCK;EUR;45;158.00000000;1000;EXCHANGE_LAST;;1;1;XEUR;2163053;693;
23.01.2025;16:47:19.450;FEXD SI 20261218 CS;SIMPLE_INSTRUMENT;BLOCK;EUR;47;158.20000000;500;EXCHANGE_LAST;;1;1;XEUR;2163053;693;
23.01.2025;17:02:02.313;FEXD SI 20261218 CS;SIMPLE_INSTRUMENT;BLOCK;EUR;55;158.00000000;100;EXCHANGE_LAST;;1;1;XEUR;2163053;693;
23.01.2025;17:06:58.039;FEXD SI 20261218 CS;SIMPLE_INSTRUMENT;BLOCK;EUR;59;158.50000000;100;EXCHANGE_LAST;;1;1;XEUR;2163053;693;
23.01.2025;17:10:48.369;FEXD SI 20261218 CS;SIMPLE_INSTRUMENT;BLOCK;EUR;60;158.00000000;100;EXCHANGE_LAST;;1;1;XEUR;2163053;693;
23.01.2025;07:58:40.731;FGBL SI 20250306 PS;SIMPLE_INSTRUMENT;EFS;EUR;1;131.84000000;415;EXCHANGE_LAST;;1;1;XEUR;11286679;688;
23.01.2025;08:00:05.784;FGBL SI 20250306 PS;SIMPLE_INSTRUMENT;EFS;EUR;2;131.82000000;415;EXCHANGE_LAST;;1;1;XEUR;11286679;688;
23.01.2025;08:01:38.049;FGBL SI 20250306 PS;SIMPLE_INSTRUMENT;EFS;EUR;3;131.81000000;415;EXCHANGE_LAST;;1;1;XEUR;11286679;688;
23.01.2025;08:17:16.189;FGBL SI 20250306 PS;SIMPLE_INSTRUMENT;EFS;EUR;4;131.81000000;207;EXCHANGE_LAST;;1;1;XEUR;11286679;688;
23.01.2025;08:18:52.506;FGBL SI 20250306 PS;SIMPLE_INSTRUMENT;EFS;EUR;5;131.84000000;456;EXCHANGE_LAST;;1;1;XEUR;11286679;688;
23.01.2025;08:43:15.414;FGBL SI 20250306 PS;SIMPLE_INSTRUMENT;EFS;EUR;6;131.80000000;415;EXCHANGE_LAST;;1;1;XEUR;11286679;688;
23.01.2025;08:44:04.550;FGBL SI 20250306 PS;SIMPLE_INSTRUMENT;EFP_FIN;EUR;7;131.81000000;936;EXCHANGE_LAST;;1;1;XEUR;11286679;688;
23.01.2025;08:47:41.752;FGBL SI 20250306 PS;SIMPLE_INSTRUMENT;EFP_FIN;EUR;8;131.80000000;1396;EXCHANGE_LAST;;1;1;XEUR;11286679;688;
23.01.2025;08:51:49.031;FGBL SI 20250306 PS;SIMPLE_INSTRUMENT;EFS;EUR;9;131.81000000;415;EXCHANGE_LAST;;1;1;XEUR;11286679;688;
23.01.2025;08:53:23.198;FGBL SI 20250306 PS;SIMPLE_INSTRUMENT;EFS;EUR;10;131.81000000;415;EXCHANGE_LAST;;1;1;XEUR;11286679;688;
23.01.2025;09:00:11.879;FGBL SI 20250306 PS;SIMPLE_INSTRUMENT;EFP_FIN;EUR;11;131.81000000;450;EXCHANGE_LAST;;1;1;XEUR;11286679;688;
23.01.2025;09:00:06.540;FGBL SI 20250306 PS;SIMPLE_INSTRUMENT;EFS;EUR;12;131.80000000;440;EXCHANGE_LAST;;1;1;XEUR;11286679;688;
23.01.2025;09:06:57.298;FGBL SI 20250306 PS;SIMPLE_INSTRUMENT;EFS;EUR;13;131.77000000;499;EXCHANGE_LAST;;1;1;XEUR;11286679;688;
23.01.2025;09:08:01.422;FGBL SI 20250306 PS;SIMPLE_INSTRUMENT;EFS;EUR;14;131.80000000;237;EXCHANGE_LAST;;1;1;XEUR;11286679;688;
23.01.2025;09:13:29.395;FGBL SI 20250306 PS;SIMPLE_INSTRUMENT;EFS;EUR;15;131.73000000;415;EXCHANGE_LAST;;1;1;XEUR;11286679;688;
23.01.2025;09:15:12.641;FGBL SI 20250306 PS;SIMPLE_INSTRUMENT;EFS;EUR;16;131.71000000;416;EXCHANGE_LAST;;1;1;XEUR;11286679;688;
23.01.2025;09:19:05.043;FGBL SI 20250306 PS;SIMPLE_INSTRUMENT;EFS;EUR;17;131.74000000;336;EXCHANGE_LAST;;1;1;XEUR;11286679;688;
23.01.2025;09:24:49.223;FGBL SI 20250306 PS;SIMPLE_INSTRUMENT;EFS;EUR;18;131.73000000;228;EXCHANGE_LAST;;1;1;XEUR;11286679;688;
23.01.2025;09:27:14.389;FGBL SI 20250306 PS;SIMPLE_INSTRUMENT;EFS;EUR;19;131.70000000;38;EXCHANGE_LAST;;1;1;XEUR;11286679;688;
23.01.2025;09:28:40.289;FGBL SI 20250306 PS;SIMPLE_INSTRUMENT;EFP_FIN;EUR;20;131.74000000;122;EXCHANGE_LAST;;1;1;XEUR;11286679;688;
23.01.2025;09:32:25.871;FGBL SI 20250306 PS;SIMPLE_INSTRUMENT;EFP_FIN;EUR;21;131.73000000;316;EXCHANGE_LAST;;1;1;XEUR;11286679;688;
23.01.2025;09:34:39.093;FGBL SI 20250306 PS;SIMPLE_INSTRUMENT;EFS;EUR;22;131.70000000;474;EXCHANGE_LAST;;1;1;XEUR;11286679;688;
23.01.2025;09:36:20.986;FGBL SI 20250306 PS;SIMPLE_INSTRUMENT;EFP_FIN;EUR;23;131.69000000;94;EXCHANGE_LAST;;1;1;XEUR;11286679;688;
23.01.2025;09:38:01.103;FGBL SI 20250306 PS;SIMPLE_INSTRUMENT;EFP_FIN;EUR;24;131.74000000;371;EXCHANGE_LAST;;1;1;XEUR;11286679;688;
23.01.2025;09:38:34.859;FGBL SI 20250306 PS;SIMPLE_INSTRUMENT;EFP_FIN;EUR;25;131.74000000;4085;EXCHANGE_LAST;;1;1;XEUR;11286679;688;
23.01.2025;09:41:40.912;FGBL SI 20250306 PS;SIMPLE_INSTRUMENT;EFP_FIN;EUR;26;131.67000000;178;EXCHANGE_LAST;;1;1;XEUR;11286679;688;
23.01.2025;09:45:30.222;FGBL SI 20250306 PS;SIMPLE_INSTRUMENT;EFS;EUR;27;131.73000000;229;EXCHANGE_LAST;;1;1;XEUR;11286679;688;
23.01.2025;09:46:12.573;FGBL SI 20250306 PS;SIMPLE_INSTRUMENT;EFS;EUR;28;131.67000000;460;EXCHANGE_LAST;;1;1;XEUR;11286679;688;
23.01.2025;09:53:45.835;FGBL SI 20250306 PS;SIMPLE_INSTRUMENT;EFS;EUR;29;131.66000000;415;EXCHANGE_LAST;;1;1;XEUR;11286679;688;
23.01.2025;09:54:30.046;FGBL SI 20250306 PS;SIMPLE_INSTRUMENT;EFS;EUR;30;131.67000000;415;EXCHANGE_LAST;;1;1;XEUR;11286679;688;
23.01.2025;09:57:37.109;FGBL SI 20250306 PS;SIMPLE_INSTRUMENT;EFS;EUR;31;131.64000000;174;EXCHANGE_LAST;;1;1;XEUR;11286679;688;
23.01.2025;10:01:05.077;FGBL SI 20250306 PS;SIMPLE_INSTRUMENT;EFS;EUR;32;131.68000000;1451;EXCHANGE_LAST;;1;1;XEUR;11286679;688;
23.01.2025;10:07:04.102;FGBL SI 20250306 PS;SIMPLE_INSTRUMENT;EFS;EUR;33;131.64000000;570;EXCHANGE_LAST;;1;1;XEUR;11286679;688;
23.01.2025;10:27:31.382;FGBL SI 20250306 PS;SIMPLE_INSTRUMENT;EFS;EUR;34;131.70000000;415;EXCHANGE_LAST;;1;1;XEUR;11286679;688;
23.01.2025;10:28:06.194;FGBL SI 20250306 PS;SIMPLE_INSTRUMENT;EFS;EUR;35;131.71000000;415;EXCHANGE_LAST;;1;1;XEUR;11286679;688;
23.01.2025;10:48:00.080;FGBL SI 20250306 PS;SIMPLE_INSTRUMENT;EFP_FIN;EUR;36;131.71000000;371;EXCHANGE_LAST;;1;1;XEUR;11286679;688;
23.01.2025;10:55:18.842;FGBL SI 20250306 PS;SIMPLE_INSTRUMENT;EFP_FIN;EUR;37;131.60000000;394;EXCHANGE_LAST;;1;1;XEUR;11286679;688;
23.01.2025;10:58:10.660;FGBL SI 20250306 PS;SIMPLE_INSTRUMENT;EFP_FIN;EUR;38;131.59000000;191;EXCHANGE_LAST;;1;1;XEUR;11286679;688;
23.01.2025;10:58:53.185;FGBL SI 20250306 PS;SIMPLE_INSTRUMENT;EFP_FIN;EUR;39;131.59000000;174;EXCHANGE_LAST;;1;1;XEUR;11286679;688;
23.01.2025;11:10:00.352;FGBL SI 20250306 PS;SIMPLE_INSTRUMENT;EFP_FIN;EUR;40;131.61000000;1857;EXCHANGE_LAST;;1;1;XEUR;11286679;688;
23.01.2025;11:12:48.791;FGBL SI 20250306 PS;SIMPLE_INSTRUMENT;EFS;EUR;41;131.64000000;415;EXCHANGE_LAST;;1;1;XEUR;11286679;688;
23.01.2025;11:13:44.942;FGBL SI 20250306 PS;SIMPLE_INSTRUMENT;EFS;EUR;42;131.64000000;130;EXCHANGE_LAST;;1;1;XEUR;11286679;688;
23.01.2025;11:14:40.857;FGBL SI 20250306 PS;SIMPLE_INSTRUMENT;EFS;EUR;43;131.63000000;208;EXCHANGE_LAST;;1;1;XEUR;11286679;688;
23.01.2025;11:15:00.776;FGBL SI 20250306 PS;SIMPLE_INSTRUMENT;EFS;EUR;44;131.66000000;228;EXCHANGE_LAST;;1;1;XEUR;11286679;688;
23.01.2025;11:15:38.931;FGBL SI 20250306 PS;SIMPLE_INSTRUMENT;EFP_FIN;EUR;45;131.64000000;222;EXCHANGE_LAST;;1;1;XEUR;11286679;688;
23.01.2025;11:34:14.009;FGBL SI 20250306 PS;SIMPLE_INSTRUMENT;EFS;EUR;46;131.65000000;1824;EXCHANGE_LAST;;1;1;XEUR;11286679;688;
23.01.2025;11:34:15.183;FGBL SI 20250306 PS;SIMPLE_INSTRUMENT;EFS;EUR;47;131.57000000;208;EXCHANGE_LAST;;1;1;XEUR;11286679;688;
23.01.2025;12:07:01.987;FGBL SI 20250306 PS;SIMPLE_INSTRUMENT;EFS;EUR;48;131.63000000;452;EXCHANGE_LAST;;1;1;XEUR;11286679;688;
23.01.2025;12:32:33.151;FGBL SI 20250306 PS;SIMPLE_INSTRUMENT;EFS;EUR;49;131.58000000;498;EXCHANGE_LAST;;1;1;XEUR;11286679;688;
23.01.2025;12:38:55.581;FGBL SI 20250306 PS;SIMPLE_INSTRUMENT;EFS;EUR;50;131.60000000;1000;EXCHANGE_LAST;;1;1;XEUR;11286679;688;
23.01.2025;12:42:10.705;FGBL SI 20250306 PS;SIMPLE_INSTRUMENT;EFS;EUR;51;131.59000000;415;EXCHANGE_LAST;;1;1;XEUR;11286679;688;
23.01.2025;12:54:43.437;FGBL SI 20250306 PS;SIMPLE_INSTRUMENT;EFS;EUR;52;131.58000000;416;EXCHANGE_LAST;;1;1;XEUR;11286679;688;
23.01.2025;13:03:14.908;FGBL SI 20250306 PS;SIMPLE_INSTRUMENT;EFS;EUR;53;131.59000000;415;EXCHANGE_LAST;;1;1;XEUR;11286679;688;
23.01.2025;13:04:13.270;FGBL SI 20250306 PS;SIMPLE_INSTRUMENT;EFS;EUR;54;131.60000000;208;EXCHANGE_LAST;;1;1;XEUR;11286679;688;
23.01.2025;13:09:57.497;FGBL SI 20250306 PS;SIMPLE_INSTRUMENT;EFP_FIN;EUR;55;131.59000000;935;EXCHANGE_LAST;;1;1;XEUR;11286679;688;
23.01.2025;13:16:25.269;FGBL SI 20250306 PS;SIMPLE_INSTRUMENT;EFS;EUR;56;131.55000000;416;EXCHANGE_LAST;;1;1;XEUR;11286679;688;
23.01.2025;13:16:45.285;FGBL SI 20250306 PS;SIMPLE_INSTRUMENT;EFS;EUR;57;131.55000000;832;EXCHANGE_LAST;;1;1;XEUR;11286679;688;
23.01.2025;13:19:40.399;FGBL SI 20250306 PS;SIMPLE_INSTRUMENT;EFS;EUR;58;131.59000000;416;EXCHANGE_LAST;;1;1;XEUR;11286679;688;
23.01.2025;13:19:49.839;FGBL SI 20250306 PS;SIMPLE_INSTRUMENT;EFS;EUR;59;131.54000000;456;EXCHANGE_LAST;;1;1;XEUR;11286679;688;
23.01.2025;13:19:50.408;FGBL SI 20250306 PS;SIMPLE_INSTRUMENT;EFS;EUR;60;131.59000000;416;EXCHANGE_LAST;;1;1;XEUR;11286679;688;
23.01.2025;13:20:59.979;FGBL SI 20250306 PS;SIMPLE_INSTRUMENT;EFP_FIN;EUR;61;131.59000000;195;EXCHANGE_LAST;;1;1;XEUR;11286679;688;
23.01.2025;13:22:45.521;FGBL SI 20250306 PS;SIMPLE_INSTRUMENT;EFS;EUR;62;131.57000000;416;EXCHANGE_LAST;;1;1;XEUR;11286679;688;
23.01.2025;13:36:03.066;FGBL SI 20250306 PS;SIMPLE_INSTRUMENT;EFS;EUR;63;131.68000000;416;EXCHANGE_LAST;;1;1;XEUR;11286679;688;
23.01.2025;13:47:33.354;FGBL SI 20250306 PS;SIMPLE_INSTRUMENT;EFP_FIN;EUR;64;131.65000000;79;EXCHANGE_LAST;;1;1;XEUR;11286679;688;
23.01.2025;13:47:58.748;FGBL SI 20250306 PS;SIMPLE_INSTRUMENT;EFS;EUR;65;131.61000000;416;EXCHANGE_LAST;;1;1;XEUR;11286679;688;
23.01.2025;13:56:35.102;FGBL SI 20250306 PS;SIMPLE_INSTRUMENT;EFS;EUR;66;131.60000000;498;EXCHANGE_LAST;;1;1;XEUR;11286679;688;
23.01.2025;13:57:17.498;FGBL SI 20250306 PS;SIMPLE_INSTRUMENT;EFS;EUR;67;131.60000000;300;EXCHANGE_LAST;;1;1;XEUR;11286679;688;
23.01.2025;13:59:44.961;FGBL SI 20250306 PS;SIMPLE_INSTRUMENT;EFS;EUR;68;131.62000000;913;EXCHANGE_LAST;;1;1;XEUR;11286679;688;
23.01.2025;14:06:20.473;FGBL SI 20250306 PS;SIMPLE_INSTRUMENT;EFS;EUR;69;131.60000000;416;EXCHANGE_LAST;;1;1;XEUR;11286679;688;
23.01.2025;14:06:45.492;FGBL SI 20250306 PS;SIMPLE_INSTRUMENT;EFS;EUR;70;131.60000000;416;EXCHANGE_LAST;;1;1;XEUR;11286679;688;
23.01.2025;14:07:22.392;FGBL SI 20250306 PS;SIMPLE_INSTRUMENT;EFS;EUR;71;131.61000000;456;EXCHANGE_LAST;;1;1;XEUR;11286679;688;
23.01.2025;14:08:30.564;FGBL SI 20250306 PS;SIMPLE_INSTRUMENT;EFS;EUR;72;131.60000000;416;EXCHANGE_LAST;;1;1;XEUR;11286679;688;
23.01.2025;14:09:45.618;FGBL SI 20250306 PS;SIMPLE_INSTRUMENT;EFS;EUR;73;131.60000000;416;EXCHANGE_LAST;;1;1;XEUR;11286679;688;
23.01.2025;14:12:00.451;FGBL SI 20250306 PS;SIMPLE_INSTRUMENT;EFS;EUR;74;131.58000000;456;EXCHANGE_LAST;;1;1;XEUR;11286679;688;
23.01.2025;14:17:50.936;FGBL SI 20250306 PS;SIMPLE_INSTRUMENT;EFS;EUR;75;131.54000000;416;EXCHANGE_LAST;;1;1;XEUR;11286679;688;
23.01.2025;14:23:38.663;FGBL SI 20250306 PS;SIMPLE_INSTRUMENT;EFS;EUR;76;131.53000000;415;EXCHANGE_LAST;;1;1;XEUR;11286679;688;
23.01.2025;14:25:57.259;FGBL SI 20250306 PS;SIMPLE_INSTRUMENT;EFS;EUR;77;131.52000000;415;EXCHANGE_LAST;;1;1;XEUR;11286679;688;
23.01.2025;14:29:15.246;FGBL SI 20250306 PS;SIMPLE_INSTRUMENT;EFP_FIN;EUR;78;131.53000000;1395;EXCHANGE_LAST;;1;1;XEUR;11286679;688;
23.01.2025;14:29:36.520;FGBL SI 20250306 PS;SIMPLE_INSTRUMENT;EFS;EUR;79;131.46000000;1000;EXCHANGE_LAST;;1;1;XEUR;11286679;688;
23.01.2025;14:33:47.286;FGBL SI 20250306 PS;SIMPLE_INSTRUMENT;EFS;EUR;80;131.43000000;326;EXCHANGE_LAST;;1;1;XEUR;11286679;688;
23.01.2025;14:39:28.868;FGBL SI 20250306 PS;SIMPLE_INSTRUMENT;EFS;EUR;81;131.42000000;416;EXCHANGE_LAST;;1;1;XEUR;11286679;688;
23.01.2025;14:39:28.913;FGBL SI 20250306 PS;SIMPLE_INSTRUMENT;EFS;EUR;82;131.42000000;416;EXCHANGE_LAST;;1;1;XEUR;11286679;688;
23.01.2025;14:46:15.260;FGBL SI 20250306 PS;SIMPLE_INSTRUMENT;EFP_FIN;EUR;83;131.36000000;1056;EXCHANGE_LAST;;1;1;XEUR;11286679;688;
23.01.2025;14:46:39.292;FGBL SI 20250306 PS;SIMPLE_INSTRUMENT;EFS;EUR;84;131.47000000;416;EXCHANGE_LAST;;1;1;XEUR;11286679;688;
23.01.2025;14:47:14.329;FGBL SI 20250306 PS;SIMPLE_INSTRUMENT;EFS;EUR;85;131.48000000;416;EXCHANGE_LAST;;1;1;XEUR;11286679;688;
23.01.2025;14:55:41.920;FGBL SI 20250306 PS;SIMPLE_INSTRUMENT;EFP_FIN;EUR;86;131.41000000;259;EXCHANGE_LAST;;1;1;XEUR;11286679;688;
23.01.2025;14:50:16.183;FGBL SI 20250306 PS;SIMPLE_INSTRUMENT;EFP_FIN;EUR;87;131.51000000;815;EXCHANGE_LAST;;1;1;XEUR;11286679;688;
23.01.2025;14:53:33.134;FGBL SI 20250306 PS;SIMPLE_INSTRUMENT;EFS;EUR;88;131.50000000;713;EXCHANGE_LAST;;1;1;XEUR;11286679;688;
23.01.2025;14:57:54.917;FGBL SI 20250306 PS;SIMPLE_INSTRUMENT;EFS;EUR;89;131.45000000;416;EXCHANGE_LAST;;1;1;XEUR;11286679;688;
23.01.2025;14:59:05.072;FGBL SI 20250306 PS;SIMPLE_INSTRUMENT;EFP_FIN;EUR;90;131.43000000;361;EXCHANGE_LAST;;1;1;XEUR;11286679;688;
23.01.2025;15:05:55.279;FGBL SI 20250306 PS;SIMPLE_INSTRUMENT;EFS;EUR;91;131.57000000;499;EXCHANGE_LAST;;1;1;XEUR;11286679;688;
23.01.2025;15:12:16.248;FGBL SI 20250306 PS;SIMPLE_INSTRUMENT;EFP_FIN;EUR;92;131.50000000;299;EXCHANGE_LAST;;1;1;XEUR;11286679;688;
23.01.2025;15:16:26.746;FGBL SI 20250306 PS;SIMPLE_INSTRUMENT;EFS;EUR;93;131.64000000;499;EXCHANGE_LAST;;1;1;XEUR;11286679;688;
23.01.2025;15:25:47.770;FGBL SI 20250306 PS;SIMPLE_INSTRUMENT;EFP_FIN;EUR;94;131.55000000;450;EXCHANGE_LAST;;1;1;XEUR;11286679;688;
23.01.2025;15:28:56.466;FGBL SI 20250306 PS;SIMPLE_INSTRUMENT;EFP_FIN;EUR;95;131.64000000;180;EXCHANGE_LAST;;1;1;XEUR;11286679;688;
23.01.2025;15:30:28.519;FGBL SI 20250306 PS;SIMPLE_INSTRUMENT;EFS;EUR;96;131.52000000;160;EXCHANGE_LAST;;1;1;XEUR;11286679;688;
23.01.2025;15:32:56.755;FGBL SI 20250306 PS;SIMPLE_INSTRUMENT;EFS;EUR;97;131.51000000;416;EXCHANGE_LAST;;1;1;XEUR;11286679;688;
23.01.2025;15:39:45.398;FGBL SI 20250306 PS;SIMPLE_INSTRUMENT;EFS;EUR;98;131.56000000;415;EXCHANGE_LAST;;1;1;XEUR;11286679;688;
23.01.2025;15:44:51.885;FGBL SI 20250306 PS;SIMPLE_INSTRUMENT;EFP_FIN;EUR;99;131.47000000;244;EXCHANGE_LAST;;1;1;XEUR;11286679;688;
23.01.2025;15:53:50.320;FGBL SI 20250306 PS;SIMPLE_INSTRUMENT;EFS;EUR;100;131.59000000;142;EXCHANGE_LAST;;1;1;XEUR;11286679;688;
23.01.2025;15:55:47.582;FGBL SI 20250306 PS;SIMPLE_INSTRUMENT;EFP_FIN;EUR;101;131.59000000;1114;EXCHANGE_LAST;;1;1;XEUR;11286679;688;
23.01.2025;15:55:48.377;FGBL SI 20250306 PS;SIMPLE_INSTRUMENT;EFS;EUR;102;131.55000000;230;EXCHANGE_LAST;;1;1;XEUR;11286679;688;
23.01.2025;15:56:22.100;FGBL SI 20250306 PS;SIMPLE_INSTRUMENT;EFS;EUR;103;131.54000000;460;EXCHANGE_LAST;;1;1;XEUR;11286679;688;
23.01.2025;15:58:10.827;FGBL SI 20250306 PS;SIMPLE_INSTRUMENT;EFS;EUR;104;131.55000000;623;EXCHANGE_LAST;;1;1;XEUR;11286679;688;
23.01.2025;15:58:44.670;FGBL SI 20250306 PS;SIMPLE_INSTRUMENT;EFS;EUR;105;131.55000000;208;EXCHANGE_LAST;;1;1;XEUR;11286679;688;
23.01.2025;16:11:57.296;FGBL SI 20250306 PS;SIMPLE_INSTRUMENT;EFS;EUR;106;131.49000000;416;EXCHANGE_LAST;;1;1;XEUR;11286679;688;
23.01.2025;16:13:19.963;FGBL SI 20250306 PS;SIMPLE_INSTRUMENT;EFP_FIN;EUR;107;131.56000000;176;EXCHANGE_LAST;;1;1;XEUR;11286679;688;
23.01.2025;16:20:54.569;FGBL SI 20250306 PS;SIMPLE_INSTRUMENT;EFS;EUR;108;131.48000000;678;EXCHANGE_LAST;;1;1;XEUR;11286679;688;
23.01.2025;16:21:03.817;FGBL SI 20250306 PS;SIMPLE_INSTRUMENT;EFS;EUR;109;131.53000000;416;EXCHANGE_LAST;;1;1;XEUR;11286679;688;
23.01.2025;16:24:15.336;FGBL SI 20250306 PS;SIMPLE_INSTRUMENT;EFS;EUR;110;131.54000000;332;EXCHANGE_LAST;;1;1;XEUR;11286679;688;
23.01.2025;16:24:48.302;FGBL SI 20250306 PS;SIMPLE_INSTRUMENT;EFS;EUR;111;131.49000000;950;EXCHANGE_LAST;;1;1;XEUR;11286679;688;
23.01.2025;16:25:19.031;FGBL SI 20250306 PS;SIMPLE_INSTRUMENT;EFS;EUR;112;131.56000000;624;EXCHANGE_LAST;;1;1;XEUR;11286679;688;
23.01.2025;16:27:11.536;FGBL SI 20250306 PS;SIMPLE_INSTRUMENT;EFS;EUR;113;131.52000000;495;EXCHANGE_LAST;;1;1;XEUR;11286679;688;
23.01.2025;16:28:23.502;FGBL SI 20250306 PS;SIMPLE_INSTRUMENT;EFS;EUR;114;131.62000000;700;EXCHANGE_LAST;;1;1;XEUR;11286679;688;
23.01.2025;16:29:36.718;FGBL SI 20250306 PS;SIMPLE_INSTRUMENT;EFP_FIN;EUR;115;131.55000000;395;EXCHANGE_LAST;;1;1;XEUR;11286679;688;
23.01.2025;16:32:05.754;FGBL SI 20250306 PS;SIMPLE_INSTRUMENT;EFS;EUR;116;131.57000000;456;EXCHANGE_LAST;;1;1;XEUR;11286679;688;
23.01.2025;16:36:08.850;FGBL SI 20250306 PS;SIMPLE_INSTRUMENT;EFS;EUR;117;131.58000000;686;EXCHANGE_LAST;;1;1;XEUR;11286679;688;
23.01.2025;16:36:48.772;FGBL SI 20250306 PS;SIMPLE_INSTRUMENT;EFS;EUR;118;131.59000000;415;EXCHANGE_LAST;;1;1;XEUR;11286679;688;
23.01.2025;16:37:39.535;FGBL SI 20250306 PS;SIMPLE_INSTRUMENT;EFS;EUR;119;131.60000000;416;EXCHANGE_LAST;;1;1;XEUR;11286679;688;
23.01.2025;16:39:50.622;FGBL SI 20250306 PS;SIMPLE_INSTRUMENT;EFS;EUR;120;131.62000000;208;EXCHANGE_LAST;;1;1;XEUR;11286679;688;
23.01.2025;16:40:20.645;FGBL SI 20250306 PS;SIMPLE_INSTRUMENT;EFS;EUR;121;131.62000000;208;EXCHANGE_LAST;;1;1;XEUR;11286679;688;
23.01.2025;16:42:06.307;FGBL SI 20250306 PS;SIMPLE_INSTRUMENT;EFS;EUR;122;131.61000000;415;EXCHANGE_LAST;;1;1;XEUR;11286679;688;
23.01.2025;16:49:39.998;FGBL SI 20250306 PS;SIMPLE_INSTRUMENT;EFP_FIN;EUR;123;131.56000000;652;EXCHANGE_LAST;;1;1;XEUR;11286679;688;
23.01.2025;16:52:02.673;FGBL SI 20250306 PS;SIMPLE_INSTRUMENT;EFS;EUR;124;131.61000000;415;EXCHANGE_LAST;;1;1;XEUR;11286679;688;
23.01.2025;16:53:14.843;FGBL SI 20250306 PS;SIMPLE_INSTRUMENT;EFS;EUR;125;131.61000000;415;EXCHANGE_LAST;;1;1;XEUR;11286679;688;
23.01.2025;16:54:07.962;FGBL SI 20250306 PS;SIMPLE_INSTRUMENT;EFS;EUR;126;131.61000000;166;EXCHANGE_LAST;;1;1;XEUR;11286679;688;
23.01.2025;17:11:29.633;FGBL SI 20250306 PS;SIMPLE_INSTRUMENT;EFS;EUR;127;131.47000000;166;EXCHANGE_LAST;;1;1;XEUR;11286679;688;
23.01.2025;17:15:42.657;FGBL SI 20250306 PS;SIMPLE_INSTRUMENT;EFP_FIN;EUR;128;131.46000000;80;EXCHANGE_LAST;;1;1;XEUR;11286679;688;
23.01.2025;17:28:51.897;FGBL SI 20250306 PS;SIMPLE_INSTRUMENT;EFS;EUR;129;131.48000000;623;EXCHANGE_LAST;;1;1;XEUR;11286679;688;
23.01.2025;09:07:05.121;FGBL SI 20250306 PS;SIMPLE_INSTRUMENT;VOLA;EUR;268435473;131.85000000;70;EXCHANGE_LAST;;1;1;XEUR;11286679;688;
23.01.2025;09:19:48.614;FGBL SI 20250306 PS;SIMPLE_INSTRUMENT;VOLA;EUR;268435476;131.82000000;45;EXCHANGE_LAST;;1;1;XEUR;11286679;688;
23.01.2025;09:38:49.670;FGBL SI 20250306 PS;SIMPLE_INSTRUMENT;VOLA;EUR;268435482;131.65000000;25;EXCHANGE_LAST;;1;1;XEUR;11286679;688;
23.01.2025;09:40:45.459;FGBL SI 20250306 PS;SIMPLE_INSTRUMENT;VOLA;EUR;268435486;131.70000000;500;EXCHANGE_LAST;;1;1;XEUR;11286679;688;
23.01.2025;09:46:23.207;FGBL SI 20250306 PS;SIMPLE_INSTRUMENT;VOLA;EUR;268435494;131.69000000;280;EXCHANGE_LAST;;1;1;XEUR;11286679;688;
23.01.2025;09:46:14.507;FGBL SI 20250306 PS;SIMPLE_INSTRUMENT;VOLA;EUR;268435495;131.70000000;125;EXCHANGE_LAST;;1;1;XEUR;11286679;688;
23.01.2025;09:47:21.823;FGBL SI 20250306 PS;SIMPLE_INSTRUMENT;VOLA;EUR;268435496;131.69000000;875;EXCHANGE_LAST;;1;1;XEUR;11286679;688;
23.01.2025;09:56:56.061;FGBL SI 20250306 PS;SIMPLE_INSTRUMENT;VOLA;EUR;268435501;131.69000000;26;EXCHANGE_LAST;;1;1;XEUR;11286679;688;
23.01.2025;10:05:14.740;FGBL SI 20250306 PS;SIMPLE_INSTRUMENT;VOLA;EUR;268435504;131.70000000;140;EXCHANGE_LAST;;1;1;XEUR;11286679;688;
23.01.2025;10:06:17.753;FGBL SI 20250306 PS;SIMPLE_INSTRUMENT;VOLA;EUR;268435505;131.72000000;175;EXCHANGE_LAST;;1;1;XEUR;11286679;688;
23.01.2025;10:57:50.900;FGBL SI 20250306 PS;SIMPLE_INSTRUMENT;VOLA;EUR;268435514;131.60000000;100;EXCHANGE_LAST;;1;1;XEUR;11286679;688;
23.01.2025;14:14:06.813;FGBL SI 20250306 PS;SIMPLE_INSTRUMENT;VOLA;EUR;268435564;131.50000000;500;EXCHANGE_LAST;;1;1;XEUR;11286679;688;
23.01.2025;15:00:18.351;FGBL SI 20250306 PS;SIMPLE_INSTRUMENT;VOLA;EUR;268435577;131.45000000;50;EXCHANGE_LAST;;1;1;XEUR;11286679;688;
23.01.2025;16:48:51.370;FGBL SI 20250606 PS;SIMPLE_INSTRUMENT;VOLA;EUR;268435603;130.69000000;15;EXCHANGE_LAST;;1;1;XEUR;11820389;688;
23.01.2025;08:10:32.114;FGBM SI 20250306 PS;SIMPLE_INSTRUMENT;EFP_FIN;EUR;1;117.01000000;863;EXCHANGE_LAST;;1;1;XEUR;11286680;689;
23.01.2025;08:18:52.547;FGBM SI 20250306 PS;SIMPLE_INSTRUMENT;EFS;EUR;2;117.01000000;956;EXCHANGE_LAST;;1;1;XEUR;11286680;689;
23.01.2025;08:20:13.363;FGBM SI 20250306 PS;SIMPLE_INSTRUMENT;EFS;EUR;3;116.97000000;2981;EXCHANGE_LAST;;1;1;XEUR;11286680;689;
23.01.2025;08:28:04.152;FGBM SI 20250306 PS;SIMPLE_INSTRUMENT;EFP_FIN;EUR;4;117.00000000;863;EXCHANGE_LAST;;1;1;XEUR;11286680;689;
23.01.2025;08:29:49.300;FGBM SI 20250306 PS;SIMPLE_INSTRUMENT;EFS;EUR;5;116.98000000;2981;EXCHANGE_LAST;;1;1;XEUR;11286680;689;
23.01.2025;08:34:09.296;FGBM SI 20250306 PS;SIMPLE_INSTRUMENT;EFS;EUR;6;116.98000000;860;EXCHANGE_LAST;;1;1;XEUR;11286680;689;
23.01.2025;08:37:00.172;FGBM SI 20250306 PS;SIMPLE_INSTRUMENT;EFS;EUR;7;116.97000000;911;EXCHANGE_LAST;;1;1;XEUR;11286680;689;
23.01.2025;08:41:52.973;FGBM SI 20250306 PS;SIMPLE_INSTRUMENT;EFS;EUR;8;116.98000000;561;EXCHANGE_LAST;;1;1;XEUR;11286680;689;
23.01.2025;08:43:00.401;FGBM SI 20250306 PS;SIMPLE_INSTRUMENT;EFS;EUR;9;116.97000000;911;EXCHANGE_LAST;;1;1;XEUR;11286680;689;
23.01.2025;08:46:23.495;FGBM SI 20250306 PS;SIMPLE_INSTRUMENT;EFP_FIN;EUR;10;116.99000000;1553;EXCHANGE_LAST;;1;1;XEUR;11286680;689;
23.01.2025;08:58:30.534;FGBM SI 20250306 PS;SIMPLE_INSTRUMENT;EFS;EUR;11;116.97000000;1866;EXCHANGE_LAST;;1;1;XEUR;11286680;689;
23.01.2025;09:01:58.880;FGBM SI 20250306 PS;SIMPLE_INSTRUMENT;EFS;EUR;12;116.97000000;150;EXCHANGE_LAST;;1;1;XEUR;11286680;689;
23.01.2025;09:12:44.759;FGBM SI 20250306 PS;SIMPLE_INSTRUMENT;EFS;EUR;13;116.94000000;859;EXCHANGE_LAST;;1;1;XEUR;11286680;689;
23.01.2025;09:17:18.036;FGBM SI 20250306 PS;SIMPLE_INSTRUMENT;EFS;EUR;14;116.93000000;704;EXCHANGE_LAST;;1;1;XEUR;11286680;689;
23.01.2025;09:33:42.090;FGBM SI 20250306 PS;SIMPLE_INSTRUMENT;EFS;EUR;15;116.93000000;994;EXCHANGE_LAST;;1;1;XEUR;11286680;689;
23.01.2025;09:54:11.073;FGBM SI 20250306 PS;SIMPLE_INSTRUMENT;EFS;EUR;16;116.88000000;456;EXCHANGE_LAST;;1;1;XEUR;11286680;689;
23.01.2025;09:59:13.834;FGBM SI 20250306 PS;SIMPLE_INSTRUMENT;EFS;EUR;17;116.88000000;910;EXCHANGE_LAST;;1;1;XEUR;11286680;689;
23.01.2025;10:00:09.730;FGBM SI 20250306 PS;SIMPLE_INSTRUMENT;EFS;EUR;18;116.88000000;1591;EXCHANGE_LAST;;1;1;XEUR;11286680;689;
23.01.2025;10:00:42.353;FGBM SI 20250306 PS;SIMPLE_INSTRUMENT;EFS;EUR;19;116.88000000;1368;EXCHANGE_LAST;;1;1;XEUR;11286680;689;
23.01.2025;10:01:56.407;FGBM SI 20250306 PS;SIMPLE_INSTRUMENT;EFS;EUR;20;116.90000000;911;EXCHANGE_LAST;;1;1;XEUR;11286680;689;
23.01.2025;10:06:23.576;FGBM SI 20250306 PS;SIMPLE_INSTRUMENT;EFS;EUR;21;116.90000000;456;EXCHANGE_LAST;;1;1;XEUR;11286680;689;
23.01.2025;10:07:13.609;FGBM SI 20250306 PS;SIMPLE_INSTRUMENT;EFS;EUR;22;116.94000000;911;EXCHANGE_LAST;;1;1;XEUR;11286680;689;
23.01.2025;10:07:18.615;FGBM SI 20250306 PS;SIMPLE_INSTRUMENT;EFS;EUR;23;116.94000000;456;EXCHANGE_LAST;;1;1;XEUR;11286680;689;
23.01.2025;10:07:33.628;FGBM SI 20250306 PS;SIMPLE_INSTRUMENT;EFS;EUR;24;116.95000000;911;EXCHANGE_LAST;;1;1;XEUR;11286680;689;
23.01.2025;10:09:18.718;FGBM SI 20250306 PS;SIMPLE_INSTRUMENT;EFS;EUR;25;116.87000000;955;EXCHANGE_LAST;;1;1;XEUR;11286680;689;
23.01.2025;10:10:04.215;FGBM SI 20250306 PS;SIMPLE_INSTRUMENT;EFP_FIN;EUR;26;116.98000000;160;EXCHANGE_LAST;;1;1;XEUR;11286680;689;
23.01.2025;10:12:13.559;FGBM SI 20250306 PS;SIMPLE_INSTRUMENT;EFS;EUR;27;116.97000000;100;EXCHANGE_LAST;;1;1;XEUR;11286680;689;
23.01.2025;10:19:34.116;FGBM SI 20250306 PS;SIMPLE_INSTRUMENT;EFS;EUR;28;116.92000000;911;EXCHANGE_LAST;;1;1;XEUR;11286680;689;
23.01.2025;10:24:34.316;FGBM SI 20250306 PS;SIMPLE_INSTRUMENT;EFS;EUR;29;116.93000000;911;EXCHANGE_LAST;;1;1;XEUR;11286680;689;
23.01.2025;10:33:09.153;FGBM SI 20250306 PS;SIMPLE_INSTRUMENT;EFP_FIN;EUR;30;116.95000000;1939;EXCHANGE_LAST;;1;1;XEUR;11286680;689;
23.01.2025;10:35:09.075;FGBM SI 20250306 PS;SIMPLE_INSTRUMENT;EFP_FIN;EUR;31;116.92000000;144;EXCHANGE_LAST;;1;1;XEUR;11286680;689;
23.01.2025;10:58:20.467;FGBM SI 20250306 PS;SIMPLE_INSTRUMENT;EFP_FIN;EUR;32;116.85000000;284;EXCHANGE_LAST;;1;1;XEUR;11286680;689;
23.01.2025;11:06:37.577;FGBM SI 20250306 PS;SIMPLE_INSTRUMENT;EFS;EUR;33;116.89000000;1365;EXCHANGE_LAST;;1;1;XEUR;11286680;689;
23.01.2025;11:08:54.530;FGBM SI 20250306 PS;SIMPLE_INSTRUMENT;EFS;EUR;34;116.89000000;1366;EXCHANGE_LAST;;1;1;XEUR;11286680;689;
23.01.2025;11:53:02.961;FGBM SI 20250306 PS;SIMPLE_INSTRUMENT;EFS;EUR;35;116.92000000;912;EXCHANGE_LAST;;1;1;XEUR;11286680;689;
23.01.2025;11:53:07.967;FGBM SI 20250306 PS;SIMPLE_INSTRUMENT;EFS;EUR;36;116.92000000;912;EXCHANGE_LAST;;1;1;XEUR;11286680;689;
23.01.2025;11:55:47.629;FGBM SI 20250306 PS;SIMPLE_INSTRUMENT;EFP_FIN;EUR;37;116.89000000;530;EXCHANGE_LAST;;1;1;XEUR;11286680;689;
23.01.2025;12:13:09.751;FGBM SI 20250306 PS;SIMPLE_INSTRUMENT;EFP_FIN;EUR;38;116.92000000;371;EXCHANGE_LAST;;1;1;XEUR;11286680;689;
23.01.2025;12:13:09.751;FGBM SI 20250306 PS;SIMPLE_INSTRUMENT;EFP_FIN;EUR;39;116.92000000;371;EXCHANGE_LAST;;1;1;XEUR;11286680;689;
23.01.2025;12:20:26.997;FGBM SI 20250306 PS;SIMPLE_INSTRUMENT;EFP_FIN;EUR;40;116.92000000;1725;EXCHANGE_LAST;;1;1;XEUR;11286680;689;
23.01.2025;12:31:55.613;FGBM SI 20250306 PS;SIMPLE_INSTRUMENT;EFS;EUR;41;116.88000000;200;EXCHANGE_LAST;;1;1;XEUR;11286680;689;
23.01.2025;12:34:23.687;FGBM SI 20250306 PS;SIMPLE_INSTRUMENT;EFS;EUR;42;116.90000000;861;EXCHANGE_LAST;;1;1;XEUR;11286680;689;
23.01.2025;12:37:53.066;FGBM SI 20250306 PS;SIMPLE_INSTRUMENT;EFS;EUR;44;116.88000000;859;EXCHANGE_LAST;;1;1;XEUR;11286680;689;
23.01.2025;13:01:35.881;FGBM SI 20250306 PS;SIMPLE_INSTRUMENT;EFP_FIN;EUR;47;116.88000000;185;EXCHANGE_LAST;;1;1;XEUR;11286680;689;
23.01.2025;13:07:24.958;FGBM SI 20250306 PS;SIMPLE_INSTRUMENT;EFS;EUR;48;116.89000000;910;EXCHANGE_LAST;;1;1;XEUR;11286680;689;
23.01.2025;13:12:15.402;FGBM SI 20250306 PS;SIMPLE_INSTRUMENT;EFS;EUR;49;116.89000000;910;EXCHANGE_LAST;;1;1;XEUR;11286680;689;
23.01.2025;13:14:24.261;FGBM SI 20250306 PS;SIMPLE_INSTRUMENT;EFS;EUR;50;116.88000000;455;EXCHANGE_LAST;;1;1;XEUR;11286680;689;
23.01.2025;13:16:21.738;FGBM SI 20250306 PS;SIMPLE_INSTRUMENT;EFS;EUR;51;116.89000000;910;EXCHANGE_LAST;;1;1;XEUR;11286680;689;
23.01.2025;13:18:46.835;FGBM SI 20250306 PS;SIMPLE_INSTRUMENT;EFS;EUR;52;116.85000000;955;EXCHANGE_LAST;;1;1;XEUR;11286680;689;
23.01.2025;13:25:54.428;FGBM SI 20250306 PS;SIMPLE_INSTRUMENT;EFS;EUR;53;116.89000000;497;EXCHANGE_LAST;;1;1;XEUR;11286680;689;
23.01.2025;13:29:45.169;FGBM SI 20250306 PS;SIMPLE_INSTRUMENT;EFS;EUR;54;116.87000000;1989;EXCHANGE_LAST;;1;1;XEUR;11286680;689;
23.01.2025;13:38:21.334;FGBM SI 20250306 PS;SIMPLE_INSTRUMENT;EFP_FIN;EUR;55;116.86000000;226;EXCHANGE_LAST;;1;1;XEUR;11286680;689;
23.01.2025;13:47:30.235;FGBM SI 20250306 PS;SIMPLE_INSTRUMENT;EFP_FIN;EUR;56;116.85000000;898;EXCHANGE_LAST;;1;1;XEUR;11286680;689;
23.01.2025;13:53:38.984;FGBM SI 20250306 PS;SIMPLE_INSTRUMENT;EFS;EUR;57;116.90000000;912;EXCHANGE_LAST;;1;1;XEUR;11286680;689;
23.01.2025;14:06:25.152;FGBM SI 20250306 PS;SIMPLE_INSTRUMENT;EFP_FIN;EUR;58;116.88000000;431;EXCHANGE_LAST;;1;1;XEUR;11286680;689;
23.01.2025;14:22:31.071;FGBM SI 20250306 PS;SIMPLE_INSTRUMENT;EFS;EUR;59;116.85000000;860;EXCHANGE_LAST;;1;1;XEUR;11286680;689;
23.01.2025;14:23:35.908;FGBM SI 20250306 PS;SIMPLE_INSTRUMENT;EFS;EUR;60;116.85000000;2985;EXCHANGE_LAST;;1;1;XEUR;11286680;689;
23.01.2025;14:25:02.279;FGBM SI 20250306 PS;SIMPLE_INSTRUMENT;EFS;EUR;61;116.86000000;860;EXCHANGE_LAST;;1;1;XEUR;11286680;689;
23.01.2025;14:37:35.846;FGBM SI 20250306 PS;SIMPLE_INSTRUMENT;EFP_FIN;EUR;62;116.82000000;897;EXCHANGE_LAST;;1;1;XEUR;11286680;689;
23.01.2025;14:40:52.126;FGBM SI 20250306 PS;SIMPLE_INSTRUMENT;EFS;EUR;63;116.80000000;911;EXCHANGE_LAST;;1;1;XEUR;11286680;689;
23.01.2025;14:43:08.005;FGBM SI 20250306 PS;SIMPLE_INSTRUMENT;EFS;EUR;64;116.85000000;2985;EXCHANGE_LAST;;1;1;XEUR;11286680;689;
23.01.2025;14:45:01.381;FGBM SI 20250306 PS;SIMPLE_INSTRUMENT;EFP_FIN;EUR;65;116.82000000;1049;EXCHANGE_LAST;;1;1;XEUR;11286680;689;
23.01.2025;14:55:17.900;FGBM SI 20250306 PS;SIMPLE_INSTRUMENT;EFP_FIN;EUR;66;116.82000000;104;EXCHANGE_LAST;;1;1;XEUR;11286680;689;
23.01.2025;15:02:34.067;FGBM SI 20250306 PS;SIMPLE_INSTRUMENT;EFS;EUR;67;116.84000000;911;EXCHANGE_LAST;;1;1;XEUR;11286680;689;
23.01.2025;15:03:20.159;FGBM SI 20250306 PS;SIMPLE_INSTRUMENT;EFS;EUR;68;116.83000000;912;EXCHANGE_LAST;;1;1;XEUR;11286680;689;
23.01.2025;15:05:12.070;FGBM SI 20250306 PS;SIMPLE_INSTRUMENT;EFS;EUR;69;116.81000000;765;EXCHANGE_LAST;;1;1;XEUR;11286680;689;
23.01.2025;15:05:50.275;FGBM SI 20250306 PS;SIMPLE_INSTRUMENT;EFS;EUR;70;116.85000000;912;EXCHANGE_LAST;;1;1;XEUR;11286680;689;
23.01.2025;15:07:02.352;FGBM SI 20250306 PS;SIMPLE_INSTRUMENT;EFS;EUR;71;116.84000000;911;EXCHANGE_LAST;;1;1;XEUR;11286680;689;
23.01.2025;15:07:10.336;FGBM SI 20250306 PS;SIMPLE_INSTRUMENT;EFS;EUR;72;116.85000000;912;EXCHANGE_LAST;;1;1;XEUR;11286680;689;
23.01.2025;15:07:41.362;FGBM SI 20250306 PS;SIMPLE_INSTRUMENT;EFS;EUR;73;116.85000000;912;EXCHANGE_LAST;;1;1;XEUR;11286680;689;
23.01.2025;15:07:47.520;FGBM SI 20250306 PS;SIMPLE_INSTRUMENT;EFS;EUR;74;116.86000000;1821;EXCHANGE_LAST;;1;1;XEUR;11286680;689;
23.01.2025;15:07:57.377;FGBM SI 20250306 PS;SIMPLE_INSTRUMENT;EFS;EUR;75;116.85000000;912;EXCHANGE_LAST;;1;1;XEUR;11286680;689;
23.01.2025;15:10:50.298;FGBM SI 20250306 PS;SIMPLE_INSTRUMENT;EFS;EUR;76;116.82000000;1991;EXCHANGE_LAST;;1;1;XEUR;11286680;689;
23.01.2025;15:13:06.607;FGBM SI 20250306 PS;SIMPLE_INSTRUMENT;EFS;EUR;77;116.88000000;1823;EXCHANGE_LAST;;1;1;XEUR;11286680;689;
23.01.2025;15:13:36.222;FGBM SI 20250306 PS;SIMPLE_INSTRUMENT;EFP_FIN;EUR;78;116.81000000;185;EXCHANGE_LAST;;1;1;XEUR;11286680;689;
23.01.2025;15:13:56.141;FGBM SI 20250306 PS;SIMPLE_INSTRUMENT;EFP_FIN;EUR;79;116.81000000;742;EXCHANGE_LAST;;1;1;XEUR;11286680;689;
23.01.2025;15:17:32.067;FGBM SI 20250306 PS;SIMPLE_INSTRUMENT;EFS;EUR;80;116.89000000;455;EXCHANGE_LAST;;1;1;XEUR;11286680;689;
23.01.2025;15:19:40.630;FGBM SI 20250306 PS;SIMPLE_INSTRUMENT;EFS;EUR;81;116.88000000;455;EXCHANGE_LAST;;1;1;XEUR;11286680;689;
23.01.2025;15:24:48.983;FGBM SI 20250306 PS;SIMPLE_INSTRUMENT;EFS;EUR;82;116.89000000;910;EXCHANGE_LAST;;1;1;XEUR;11286680;689;
23.01.2025;15:53:31.318;FGBM SI 20250306 PS;SIMPLE_INSTRUMENT;EFS;EUR;83;116.89000000;298;EXCHANGE_LAST;;1;1;XEUR;11286680;689;
23.01.2025;15:56:42.410;FGBM SI 20250306 PS;SIMPLE_INSTRUMENT;EFS;EUR;84;116.87000000;912;EXCHANGE_LAST;;1;1;XEUR;11286680;689;
23.01.2025;16:27:01.308;FGBM SI 20250306 PS;SIMPLE_INSTRUMENT;EFS;EUR;85;116.83000000;1990;EXCHANGE_LAST;;1;1;XEUR;11286680;689;
23.01.2025;16:28:45.150;FGBM SI 20250306 PS;SIMPLE_INSTRUMENT;EFS;EUR;86;116.83000000;1000;EXCHANGE_LAST;;1;1;XEUR;11286680;689;
23.01.2025;16:35:00.350;FGBM SI 20250306 PS;SIMPLE_INSTRUMENT;EFS;EUR;87;116.88000000;860;EXCHANGE_LAST;;1;1;XEUR;11286680;689;
23.01.2025;16:50:55.583;FGBM SI 20250306 PS;SIMPLE_INSTRUMENT;EFS;EUR;88;116.91000000;859;EXCHANGE_LAST;;1;1;XEUR;11286680;689;
23.01.2025;16:53:01.540;FGBM SI 20250306 PS;SIMPLE_INSTRUMENT;EFS;EUR;89;116.83000000;1197;EXCHANGE_LAST;;1;1;XEUR;11286680;689;
23.01.2025;16:54:16.546;FGBM SI 20250306 PS;SIMPLE_INSTRUMENT;EFP_FIN;EUR;90;116.90000000;431;EXCHANGE_LAST;;1;1;XEUR;11286680;689;
23.01.2025;08:27:47.201;FGBM SI 20250306 PS;SIMPLE_INSTRUMENT;VOLA;EUR;268435459;117.00000000;310;EXCHANGE_LAST;;1;1;XEUR;11286680;689;
23.01.2025;09:47:41.460;FGBM SI 20250306 PS;SIMPLE_INSTRUMENT;VOLA;EUR;268435497;116.97000000;143;EXCHANGE_LAST;;1;1;XEUR;11286680;689;
23.01.2025;12:26:18.138;FGBM SI 20250306 PS;SIMPLE_INSTRUMENT;VOLA;EUR;268435530;116.90000000;560;EXCHANGE_LAST;;1;1;XEUR;11286680;689;
23.01.2025;12:29:10.766;FGBM SI 20250306 PS;SIMPLE_INSTRUMENT;VOLA;EUR;268435532;116.91000000;1120;EXCHANGE_LAST;;1;1;XEUR;11286680;689;
23.01.2025;12:32:38.338;FGBM SI 20250306 PS;SIMPLE_INSTRUMENT;VOLA;EUR;268435534;116.90000000;420;EXCHANGE_LAST;;1;1;XEUR;11286680;689;
23.01.2025;13:10:47.315;FGBM SI 20250306 PS;SIMPLE_INSTRUMENT;VOLA;EUR;268435539;116.88000000;126;EXCHANGE_LAST;;1;1;XEUR;11286680;689;
23.01.2025;14:01:19.792;FGBM SI 20250306 PS;SIMPLE_INSTRUMENT;VOLA;EUR;268435554;116.92000000;700;EXCHANGE_LAST;;1;1;XEUR;11286680;689;
23.01.2025;08:14:38.927;FGBS SI 20250306 PS;SIMPLE_INSTRUMENT;EFP_FIN;EUR;1;106.62500000;999;EXCHANGE_LAST;;1;1;XEUR;11286681;690;
23.01.2025;08:48:42.191;FGBS SI 20250306 PS;SIMPLE_INSTRUMENT;BLOCK;EUR;2;106.61500000;12607;EXCHANGE_LAST;;1;1;XEUR;11286681;690;
23.01.2025;08:55:38.139;FGBS SI 20250306 PS;SIMPLE_INSTRUMENT;EFP_FIN;EUR;3;106.62000000;1315;EXCHANGE_LAST;;1;1;XEUR;11286681;690;
23.01.2025;08:57:29.531;FGBS SI 20250306 PS;SIMPLE_INSTRUMENT;EFS;EUR;4;106.62000000;2601;EXCHANGE_LAST;;1;1;XEUR;11286681;690;
23.01.2025;09:03:25.212;FGBS SI 20250306 PS;SIMPLE_INSTRUMENT;EFS;EUR;5;106.62000000;1374;EXCHANGE_LAST;;1;1;XEUR;11286681;690;
23.01.2025;09:04:24.084;FGBS SI 20250306 PS;SIMPLE_INSTRUMENT;EFS;EUR;6;106.62000000;2747;EXCHANGE_LAST;;1;1;XEUR;11286681;690;
23.01.2025;09:25:35.453;FGBS SI 20250306 PS;SIMPLE_INSTRUMENT;EFP_FIN;EUR;7;106.60000000;3005;EXCHANGE_LAST;;1;1;XEUR;11286681;690;
23.01.2025;09:29:50.369;FGBS SI 20250306 PS;SIMPLE_INSTRUMENT;EFP_FIN;EUR;8;106.61000000;526;EXCHANGE_LAST;;1;1;XEUR;11286681;690;
23.01.2025;09:37:51.540;FGBS SI 20250306 PS;SIMPLE_INSTRUMENT;EFS;EUR;9;106.60500000;2748;EXCHANGE_LAST;;1;1;XEUR;11286681;690;
23.01.2025;09:40:51.684;FGBS SI 20250306 PS;SIMPLE_INSTRUMENT;EFP_FIN;EUR;10;106.61000000;329;EXCHANGE_LAST;;1;1;XEUR;11286681;690;
23.01.2025;09:41:16.601;FGBS SI 20250306 PS;SIMPLE_INSTRUMENT;EFP_FIN;EUR;11;106.61000000;1315;EXCHANGE_LAST;;1;1;XEUR;11286681;690;
23.01.2025;09:43:01.007;FGBS SI 20250306 PS;SIMPLE_INSTRUMENT;EFS;EUR;12;106.60000000;2748;EXCHANGE_LAST;;1;1;XEUR;11286681;690;
23.01.2025;09:41:35.042;FGBS SI 20250306 PS;SIMPLE_INSTRUMENT;EFP_FIN;EUR;13;106.61000000;657;EXCHANGE_LAST;;1;1;XEUR;11286681;690;
23.01.2025;09:41:51.370;FGBS SI 20250306 PS;SIMPLE_INSTRUMENT;EFS;EUR;14;106.61000000;1376;EXCHANGE_LAST;;1;1;XEUR;11286681;690;
23.01.2025;09:42:39.582;FGBS SI 20250306 PS;SIMPLE_INSTRUMENT;EFP_FIN;EUR;15;106.61000000;1644;EXCHANGE_LAST;;1;1;XEUR;11286681;690;
23.01.2025;09:43:22.412;FGBS SI 20250306 PS;SIMPLE_INSTRUMENT;EFP_FIN;EUR;16;106.60000000;583;EXCHANGE_LAST;;1;1;XEUR;11286681;690;
23.01.2025;09:44:06.272;FGBS SI 20250306 PS;SIMPLE_INSTRUMENT;EFP_FIN;EUR;17;106.60000000;291;EXCHANGE_LAST;;1;1;XEUR;11286681;690;
23.01.2025;09:46:46.064;FGBS SI 20250306 PS;SIMPLE_INSTRUMENT;EFS;EUR;18;106.60500000;1374;EXCHANGE_LAST;;1;1;XEUR;11286681;690;
23.01.2025;09:53:05.372;FGBS SI 20250306 PS;SIMPLE_INSTRUMENT;EFP_FIN;EUR;19;106.60000000;329;EXCHANGE_LAST;;1;1;XEUR;11286681;690;
23.01.2025;09:53:05.393;FGBS SI 20250306 PS;SIMPLE_INSTRUMENT;EFP_FIN;EUR;20;106.60000000;657;EXCHANGE_LAST;;1;1;XEUR;11286681;690;
23.01.2025;10:03:07.120;FGBS SI 20250306 PS;SIMPLE_INSTRUMENT;EFP_FIN;EUR;21;106.62000000;9483;EXCHANGE_LAST;;1;1;XEUR;11286681;690;
23.01.2025;10:04:14.591;FGBS SI 20250306 PS;SIMPLE_INSTRUMENT;EFS;EUR;22;106.59000000;1099;EXCHANGE_LAST;;1;1;XEUR;11286681;690;
23.01.2025;10:07:47.974;FGBS SI 20250306 PS;SIMPLE_INSTRUMENT;EFP_FIN;EUR;23;106.61000000;2959;EXCHANGE_LAST;;1;1;XEUR;11286681;690;
23.01.2025;10:15:20.069;FGBS SI 20250306 PS;SIMPLE_INSTRUMENT;EFP_FIN;EUR;24;106.60000000;1314;EXCHANGE_LAST;;1;1;XEUR;11286681;690;
23.01.2025;10:42:09.200;FGBS SI 20250306 PS;SIMPLE_INSTRUMENT;EFP_FIN;EUR;25;106.60000000;512;EXCHANGE_LAST;;1;1;XEUR;11286681;690;
23.01.2025;10:42:23.774;FGBS SI 20250306 PS;SIMPLE_INSTRUMENT;EFS;EUR;26;106.58000000;1787;EXCHANGE_LAST;;1;1;XEUR;11286681;690;
23.01.2025;10:44:06.406;FGBS SI 20250306 PS;SIMPLE_INSTRUMENT;EFP_FIN;EUR;27;106.58000000;3547;EXCHANGE_LAST;;1;1;XEUR;11286681;690;
23.01.2025;11:18:04.661;FGBS SI 20250306 PS;SIMPLE_INSTRUMENT;EFP_FIN;EUR;28;106.59500000;58;EXCHANGE_LAST;;1;1;XEUR;11286681;690;
23.01.2025;11:33:05.005;FGBS SI 20250306 PS;SIMPLE_INSTRUMENT;EFS;EUR;29;106.59000000;10560;EXCHANGE_LAST;;1;1;XEUR;11286681;690;
23.01.2025;11:51:53.273;FGBS SI 20250306 PS;SIMPLE_INSTRUMENT;EFP_FIN;EUR;30;106.59000000;935;EXCHANGE_LAST;;1;1;XEUR;11286681;690;
23.01.2025;11:53:55.320;FGBS SI 20250306 PS;SIMPLE_INSTRUMENT;EFP_FIN;EUR;31;106.59000000;327;EXCHANGE_LAST;;1;1;XEUR;11286681;690;
23.01.2025;11:57:45.425;FGBS SI 20250306 PS;SIMPLE_INSTRUMENT;EFP_FIN;EUR;32;106.59000000;1870;EXCHANGE_LAST;;1;1;XEUR;11286681;690;
23.01.2025;12:01:06.345;FGBS SI 20250306 PS;SIMPLE_INSTRUMENT;EFP_FIN;EUR;33;106.59000000;468;EXCHANGE_LAST;;1;1;XEUR;11286681;690;
23.01.2025;12:03:11.037;FGBS SI 20250306 PS;SIMPLE_INSTRUMENT;EFP_FIN;EUR;34;106.59000000;468;EXCHANGE_LAST;;1;1;XEUR;11286681;690;
23.01.2025;12:09:14.402;FGBS SI 20250306 PS;SIMPLE_INSTRUMENT;EFP_FIN;EUR;35;106.59000000;513;EXCHANGE_LAST;;1;1;XEUR;11286681;690;
23.01.2025;12:10:40.102;FGBS SI 20250306 PS;SIMPLE_INSTRUMENT;EFS;EUR;36;106.58500000;825;EXCHANGE_LAST;;1;1;XEUR;11286681;690;
23.01.2025;12:12:34.129;FGBS SI 20250306 PS;SIMPLE_INSTRUMENT;EFS;EUR;37;106.58000000;2377;EXCHANGE_LAST;;1;1;XEUR;11286681;690;
23.01.2025;12:42:19.720;FGBS SI 20250306 PS;SIMPLE_INSTRUMENT;EFP_FIN;EUR;38;106.59000000;1745;EXCHANGE_LAST;;1;1;XEUR;11286681;690;
23.01.2025;12:53:03.681;FGBS SI 20250306 PS;SIMPLE_INSTRUMENT;EFP_FIN;EUR;39;106.60000000;935;EXCHANGE_LAST;;1;1;XEUR;11286681;690;
23.01.2025;12:52:53.145;FGBS SI 20250306 PS;SIMPLE_INSTRUMENT;EFP_FIN;EUR;40;106.60000000;701;EXCHANGE_LAST;;1;1;XEUR;11286681;690;
23.01.2025;13:01:12.641;FGBS SI 20250306 PS;SIMPLE_INSTRUMENT;EFP_FIN;EUR;42;106.59000000;332;EXCHANGE_LAST;;1;1;XEUR;11286681;690;
23.01.2025;13:08:19.976;FGBS SI 20250306 PS;SIMPLE_INSTRUMENT;EFP_FIN;EUR;43;106.59000000;664;EXCHANGE_LAST;;1;1;XEUR;11286681;690;
23.01.2025;13:29:34.168;FGBS SI 20250306 PS;SIMPLE_INSTRUMENT;EFS;EUR;45;106.58500000;5497;EXCHANGE_LAST;;1;1;XEUR;11286681;690;
23.01.2025;13:32:01.418;FGBS SI 20250306 PS;SIMPLE_INSTRUMENT;EFP_FIN;EUR;46;106.60000000;346;EXCHANGE_LAST;;1;1;XEUR;11286681;690;
23.01.2025;13:35:05.185;FGBS SI 20250306 PS;SIMPLE_INSTRUMENT;EFS;EUR;47;106.58000000;5285;EXCHANGE_LAST;;1;1;XEUR;11286681;690;
23.01.2025;13:36:17.189;FGBS SI 20250306 PS;SIMPLE_INSTRUMENT;EFS;EUR;48;106.58000000;2642;EXCHANGE_LAST;;1;1;XEUR;11286681;690;
23.01.2025;13:54:39.830;FGBS SI 20250306 PS;SIMPLE_INSTRUMENT;EFS;EUR;49;106.58000000;5497;EXCHANGE_LAST;;1;1;XEUR;11286681;690;
23.01.2025;13:57:44.954;FGBS SI 20250306 PS;SIMPLE_INSTRUMENT;EFS;EUR;50;106.59000000;5285;EXCHANGE_LAST;;1;1;XEUR;11286681;690;
23.01.2025;14:06:28.044;FGBS SI 20250306 PS;SIMPLE_INSTRUMENT;EFS;EUR;51;106.58500000;2640;EXCHANGE_LAST;;1;1;XEUR;11286681;690;
23.01.2025;14:11:00.390;FGBS SI 20250306 PS;SIMPLE_INSTRUMENT;EFS;EUR;52;106.58500000;2639;EXCHANGE_LAST;;1;1;XEUR;11286681;690;
23.01.2025;14:52:40.130;FGBS SI 20250306 PS;SIMPLE_INSTRUMENT;EFS;EUR;53;106.58000000;4123;EXCHANGE_LAST;;1;1;XEUR;11286681;690;
23.01.2025;15:00:50.079;FGBS SI 20250306 PS;SIMPLE_INSTRUMENT;EFP_FIN;EUR;54;106.57000000;688;EXCHANGE_LAST;;1;1;XEUR;11286681;690;
23.01.2025;15:08:59.708;FGBS SI 20250306 PS;SIMPLE_INSTRUMENT;EFP_FIN;EUR;55;106.57000000;1247;EXCHANGE_LAST;;1;1;XEUR;11286681;690;
23.01.2025;15:11:47.694;FGBS SI 20250306 PS;SIMPLE_INSTRUMENT;EFS;EUR;56;106.56500000;5498;EXCHANGE_LAST;;1;1;XEUR;11286681;690;
23.01.2025;16:10:20.546;FGBS SI 20250306 PS;SIMPLE_INSTRUMENT;EFS;EUR;58;106.58000000;6495;EXCHANGE_LAST;;1;1;XEUR;11286681;690;
23.01.2025;16:19:30.602;FGBS SI 20250306 PS;SIMPLE_INSTRUMENT;EFS;EUR;59;106.57000000;2749;EXCHANGE_LAST;;1;1;XEUR;11286681;690;
23.01.2025;16:19:52.995;FGBS SI 20250306 PS;SIMPLE_INSTRUMENT;EFP_FIN;EUR;60;106.58500000;415;EXCHANGE_LAST;;1;1;XEUR;11286681;690;
23.01.2025;16:30:47.793;FGBS SI 20250306 PS;SIMPLE_INSTRUMENT;EFS;EUR;62;106.58500000;2642;EXCHANGE_LAST;;1;1;XEUR;11286681;690;
23.01.2025;16:33:57.934;FGBS SI 20250306 PS;SIMPLE_INSTRUMENT;EFS;EUR;64;106.58000000;3969;EXCHANGE_LAST;;1;1;XEUR;11286681;690;
23.01.2025;16:39:08.952;FGBS SI 20250306 PS;SIMPLE_INSTRUMENT;EFS;EUR;65;106.59000000;2748;EXCHANGE_LAST;;1;1;XEUR;11286681;690;
23.01.2025;16:47:15.569;FGBS SI 20250306 PS;SIMPLE_INSTRUMENT;EFS;EUR;66;106.59500000;2748;EXCHANGE_LAST;;1;1;XEUR;11286681;690;
23.01.2025;14:05:51.982;FGBS SI 20250306 PS;SIMPLE_INSTRUMENT;VOLA;EUR;268435560;106.58500000;225;EXCHANGE_LAST;;1;1;XEUR;11286681;690;
23.01.2025;14:06:49.986;FGBS SI 20250306 PS;SIMPLE_INSTRUMENT;VOLA;EUR;268435561;106.58500000;225;EXCHANGE_LAST;;1;1;XEUR;11286681;690;
23.01.2025;09:03:09.955;FGBX SI 20250306 PS;SIMPLE_INSTRUMENT;EFS;EUR;1;128.00000000;166;EXCHANGE_LAST;;1;1;XEUR;11286682;691;
23.01.2025;09:03:56.610;FGBX SI 20250306 PS;SIMPLE_INSTRUMENT;EFS;EUR;2;127.96000000;92;EXCHANGE_LAST;;1;1;XEUR;11286682;691;
23.01.2025;09:18:06.636;FGBX SI 20250306 PS;SIMPLE_INSTRUMENT;EFS;EUR;3;127.86000000;383;EXCHANGE_LAST;;1;1;XEUR;11286682;691;
23.01.2025;09:27:49.404;FGBX SI 20250306 PS;SIMPLE_INSTRUMENT;EFP_FIN;EUR;4;128.00000000;191;EXCHANGE_LAST;;1;1;XEUR;11286682;691;
23.01.2025;09:46:24.355;FGBX SI 20250306 PS;SIMPLE_INSTRUMENT;EFS;EUR;6;127.84000000;93;EXCHANGE_LAST;;1;1;XEUR;11286682;691;
23.01.2025;10:11:03.727;FGBX SI 20250306 PS;SIMPLE_INSTRUMENT;EFS;EUR;7;127.78000000;192;EXCHANGE_LAST;;1;1;XEUR;11286682;691;
23.01.2025;11:01:12.735;FGBX SI 20250306 PS;SIMPLE_INSTRUMENT;EFP_FIN;EUR;11;127.52000000;1114;EXCHANGE_LAST;;1;1;XEUR;11286682;691;
23.01.2025;11:02:43.819;FGBX SI 20250306 PS;SIMPLE_INSTRUMENT;EFP_FIN;EUR;13;127.54000000;112;EXCHANGE_LAST;;1;1;XEUR;11286682;691;
23.01.2025;11:35:15.435;FGBX SI 20250306 PS;SIMPLE_INSTRUMENT;BLOCK;EUR;18;127.36000000;385;EXCHANGE_LAST;;1;1;XEUR;11286682;691;
23.01.2025;13:16:23.337;FGBX SI 20250306 PS;SIMPLE_INSTRUMENT;EFP_FIN;EUR;22;127.44000000;743;EXCHANGE_LAST;;1;1;XEUR;11286682;691;
23.01.2025;14:19:04.812;FGBX SI 20250306 PS;SIMPLE_INSTRUMENT;EFP_FIN;EUR;24;127.42000000;1114;EXCHANGE_LAST;;1;1;XEUR;11286682;691;
23.01.2025;14:25:51.508;FGBX SI 20250306 PS;SIMPLE_INSTRUMENT;BLOCK;EUR;25;127.22000000;193;EXCHANGE_LAST;;1;1;XEUR;11286682;691;
23.01.2025;14:31:46.781;FGBX SI 20250306 PS;SIMPLE_INSTRUMENT;EFP_FIN;EUR;26;127.44000000;742;EXCHANGE_LAST;;1;1;XEUR;11286682;691;
23.01.2025;15:22:46.225;FGBX SI 20250306 PS;SIMPLE_INSTRUMENT;EFS;EUR;34;127.42000000;77;EXCHANGE_LAST;;1;1;XEUR;11286682;691;
23.01.2025;15:23:16.161;FGBX SI 20250306 PS;SIMPLE_INSTRUMENT;BLOCK;EUR;35;127.30000000;772;EXCHANGE_LAST;;1;1;XEUR;11286682;691;
23.01.2025;15:46:47.031;FGBX SI 20250306 PS;SIMPLE_INSTRUMENT;BLOCK;EUR;36;127.42000000;385;EXCHANGE_LAST;;1;1;XEUR;11286682;691;
23.01.2025;16:13:33.597;FGBX SI 20250306 PS;SIMPLE_INSTRUMENT;EFS;EUR;37;127.28000000;185;EXCHANGE_LAST;;1;1;XEUR;11286682;691;
23.01.2025;16:15:38.154;FGBX SI 20250306 PS;SIMPLE_INSTRUMENT;BLOCK;EUR;38;127.28000000;772;EXCHANGE_LAST;;1;1;XEUR;11286682;691;
23.01.2025;16:19:48.490;FGBX SI 20250306 PS;SIMPLE_INSTRUMENT;EFP_FIN;EUR;39;127.36000000;370;EXCHANGE_LAST;;1;1;XEUR;11286682;691;
23.01.2025;16:22:27.866;FGBX SI 20250306 PS;SIMPLE_INSTRUMENT;EFS;EUR;40;127.32000000;193;EXCHANGE_LAST;;1;1;XEUR;11286682;691;
23.01.2025;16:25:00.823;FGBX SI 20250306 PS;SIMPLE_INSTRUMENT;EFP_FIN;EUR;43;127.34000000;89;EXCHANGE_LAST;;1;1;XEUR;11286682;691;
23.01.2025;16:43:36.500;FGBX SI 20250306 PS;SIMPLE_INSTRUMENT;EFP_FIN;EUR;48;127.44000000;223;EXCHANGE_LAST;;1;1;XEUR;11286682;691;
23.01.2025;17:33:12.340;FGBX SI 20250306 PS;SIMPLE_INSTRUMENT;BLOCK;EUR;51;127.06000000;772;EXCHANGE_LAST;;1;1;XEUR;11286682;691;
23.01.2025;16:12:52.119;FIA5 SI 20250417 PS AM P 11.00 0;SIMPLE_INSTRUMENT;BLOCK;EUR;22;0.30000000;1000;EXCHANGE_LAST;;1;1;XEUR;12609687;48227;
23.01.2025;10:39:18.731;FIN SI 20251219 PS AM P 60.00 0;SIMPLE_INSTRUMENT;BLOCK;CHF;15;3.22000000;300;EXCHANGE_LAST;;1;1;XEUR;10405616;671;
23.01.2025;01:45:52.775;FMCH SI 20250321 CS;SIMPLE_INSTRUMENT;BLOCK;USD;4;498.94900000;1493;EXCHANGE_LAST;;1;1;XEUR;7592069;402909;
23.01.2025;02:42:34.132;FMCH SI 20250321 CS;SIMPLE_INSTRUMENT;BLOCK;USD;5;502.20000000;57;EXCHANGE_LAST;;1;1;XEUR;7592069;402909;
23.01.2025;05:32:13.604;FMCH SI 20250321 CS;SIMPLE_INSTRUMENT;BLOCK;USD;10;498.94900000;1002;EXCHANGE_LAST;;1;1;XEUR;7592069;402909;
23.01.2025;04:18:40.984;FMEA SI 20250321 CS;SIMPLE_INSTRUMENT;BLOCK;USD;6;687.43300000;212;EXCHANGE_LAST;;1;1;XEUR;7589834;12395;
23.01.2025;05:04:31.651;FMEA SI 20250321 CS;SIMPLE_INSTRUMENT;BLOCK;USD;9;687.43300000;805;EXCHANGE_LAST;;1;1;XEUR;7589834;12395;
23.01.2025;08:44:11.909;FMEA SI 20250321 CS;SIMPLE_INSTRUMENT;BLOCK;USD;30;687.43300000;920;EXCHANGE_LAST;;1;1;XEUR;7589834;12395;
23.01.2025;10:51:12.300;FMEA SI 20250321 CS;SIMPLE_INSTRUMENT;BLOCK;USD;38;686.90000000;4368;EXCHANGE_LAST;;1;1;XEUR;7589834;12395;
23.01.2025;10:51:29.246;FMEA SI 20251219 CS;SIMPLE_INSTRUMENT;BLOCK;USD;39;711.21600000;4219;EXCHANGE_LAST;;1;1;XEUR;8837826;12395;
23.01.2025;11:02:28.663;FMEA SI 20250321 CS;SIMPLE_INSTRUMENT;BLOCK;USD;40;686.60000000;10200;EXCHANGE_LAST;;1;1;XEUR;7589834;12395;
23.01.2025;11:03:40.430;FMEA SI 20251219 CS;SIMPLE_INSTRUMENT;BLOCK;USD;41;710.97400000;9850;EXCHANGE_LAST;;1;1;XEUR;8837826;12395;
23.01.2025;07:39:41.688;FMED SI 20250321 CS;SIMPLE_INSTRUMENT;BLOCK;USD;15;9631.50000000;2500;EXCHANGE_LAST;;1;1;XEUR;7590729;48144;
23.01.2025;08:13:28.313;FMEE SI 20250321 CS;SIMPLE_INSTRUMENT;BLOCK;USD;24;324.32000000;310;EXCHANGE_LAST;;1;1;XEUR;7589846;12396;
23.01.2025;08:13:41.820;FMEE SI 20250321 CS;SIMPLE_INSTRUMENT;BLOCK;USD;25;324.41700000;280;EXCHANGE_LAST;;1;1;XEUR;7589846;12396;
23.01.2025;08:39:07.654;FMEE SI 20250321 CS;SIMPLE_INSTRUMENT;BLOCK;USD;27;324.32000000;220;EXCHANGE_LAST;;1;1;XEUR;7589846;12396;
23.01.2025;09:03:27.093;FMEE SI 20250321 CS;SIMPLE_INSTRUMENT;BLOCK;USD;34;324.32000000;400;EXCHANGE_LAST;;1;1;XEUR;7589846;12396;
23.01.2025;11:26:53.135;FMEE SI 20250321 CS;SIMPLE_INSTRUMENT;BLOCK;USD;43;324.32000000;215;EXCHANGE_LAST;;1;1;XEUR;7589846;12396;
23.01.2025;07:44:53.968;FMEL SI 20250321 CS;SIMPLE_INSTRUMENT;BLOCK;USD;18;502.37400000;470;EXCHANGE_LAST;;1;1;XEUR;7589856;12397;
23.01.2025;09:02:41.462;FMEL SI 20250321 CS;SIMPLE_INSTRUMENT;BLOCK;USD;33;502.37400000;40;EXCHANGE_LAST;;1;1;XEUR;7589856;12397;
23.01.2025;11:26:29.190;FMEL SI 20250321 CS;SIMPLE_INSTRUMENT;BLOCK;USD;42;502.37400000;20;EXCHANGE_LAST;;1;1;XEUR;7589856;12397;
23.01.2025;08:25:49.131;FMEN SI 20250321 CS;SIMPLE_INSTRUMENT;BLOCK;EUR;26;522.45500000;344;EXCHANGE_LAST;;1;1;XEUR;7590212;30652;
23.01.2025;07:51:48.902;FMEU SI 20250321 CS;SIMPLE_INSTRUMENT;BLOCK;EUR;22;351.79000000;500;EXCHANGE_LAST;;1;1;XEUR;7589708;7058;
23.01.2025;08:48:03.059;FMEU SI 20250321 CS;SIMPLE_INSTRUMENT;BLOCK;EUR;32;351.79000000;1415;EXCHANGE_LAST;;1;1;XEUR;7589708;7058;
23.01.2025;09:04:02.571;FMEU SI 20250321 CS;SIMPLE_INSTRUMENT;BLOCK;EUR;35;351.77000000;1400;EXCHANGE_LAST;;1;1;XEUR;7589708;7058;
23.01.2025;07:44:26.033;FMGC SI 20250321 CS;SIMPLE_INSTRUMENT;BLOCK;USD;17;12966.60000000;270;EXCHANGE_LAST;;1;1;XEUR;7590767;48916;
23.01.2025;14:46:52.565;FMGO SI 20250321 CS;SIMPLE_INSTRUMENT;BLOCK;USD;47;5175.00000000;53;EXCHANGE_LAST;;1;1;XEUR;8609359;583623;
23.01.2025;07:02:35.270;FMGQ SI 20250321 CS;SIMPLE_INSTRUMENT;BLOCK;USD;11;5157.02000000;140;EXCHANGE_LAST;;1;1;XEUR;8609376;583625;
23.01.2025;20:38:43.874;FMGS SI 20250321 CS;SIMPLE_INSTRUMENT;BLOCK;USD;55;28135.00000000;711;EXCHANGE_LAST;;1;1;XEUR;7590768;48912;
23.01.2025;20:39:01.320;FMGS SI 20250620 CS;SIMPLE_INSTRUMENT;BLOCK;USD;56;28495.12800000;702;EXCHANGE_LAST;;1;1;XEUR;7939679;48912;
23.01.2025;00:34:28.215;FMID SI 20250321 CS;SIMPLE_INSTRUMENT;BLOCK;USD;1;1605.82200000;95;EXCHANGE_LAST;;1;1;XEUR;7590528;45289;
23.01.2025;04:10:50.622;FMID SI 20250321 CS;SIMPLE_INSTRUMENT;BLOCK;USD;3;1605.82200000;58;EXCHANGE_LAST;;1;1;XEUR;7590528;45289;
23.01.2025;04:20:52.568;FMID SI 20250321 CS;SIMPLE_INSTRUMENT;BLOCK;USD;4;1611.50000000;10;EXCHANGE_LAST;;1;1;XEUR;7590528;45289;
23.01.2025;01:30:24.166;FMIN SI 20250321 CS;SIMPLE_INSTRUMENT;BLOCK;USD;2;1200.92800000;42;EXCHANGE_LAST;;1;1;XEUR;7589865;12404;
23.01.2025;01:41:17.034;FMIN SI 20250321 CS;SIMPLE_INSTRUMENT;BLOCK;USD;3;1200.92900000;300;EXCHANGE_LAST;;1;1;XEUR;7589865;12404;
23.01.2025;05:00:53.492;FMIN SI 20250321 CS;SIMPLE_INSTRUMENT;BLOCK;USD;8;1200.69100000;303;EXCHANGE_LAST;;1;1;XEUR;7589865;12404;
23.01.2025;07:39:11.964;FMIN SI 20250321 CS;SIMPLE_INSTRUMENT;BLOCK;USD;14;1200.92900000;127;EXCHANGE_LAST;;1;1;XEUR;7589865;12404;
23.01.2025;08:45:19.557;FMIN SI 20250321 CS;SIMPLE_INSTRUMENT;BLOCK;USD;31;1200.69100000;143;EXCHANGE_LAST;;1;1;XEUR;7589865;12404;
23.01.2025;10:24:13.054;FMIN SI 20250321 CS;SIMPLE_INSTRUMENT;BLOCK;USD;36;1207.20000000;415;EXCHANGE_LAST;;1;1;XEUR;7589865;12404;
23.01.2025;10:24:47.503;FMIN SI 20251219 CS;SIMPLE_INSTRUMENT;BLOCK;USD;37;1257.29900000;398;EXCHANGE_LAST;;1;1;XEUR;8837859;12404;
23.01.2025;00:57:42.778;FMMY SI 20250321 CS;SIMPLE_INSTRUMENT;BLOCK;USD;1;387.69200000;24;EXCHANGE_LAST;;1;1;XEUR;7589866;12405;
23.01.2025;07:47:56.498;FMPA SI 20250321 CS;SIMPLE_INSTRUMENT;BLOCK;USD;21;8486.09500000;250;EXCHANGE_LAST;;1;1;XEUR;7590728;48143;
23.01.2025;11:43:33.994;FMPA SI 20250321 CS;SIMPLE_INSTRUMENT;EFP_IDX;USD;44;8486.09500000;88;EXCHANGE_LAST;;1;1;XEUR;7590728;48143;
23.01.2025;11:51:06.739;FMPA SI 20250321 CS;SIMPLE_INSTRUMENT;EFP_IDX;USD;45;8486.09500000;162;EXCHANGE_LAST;;1;1;XEUR;7590728;48143;
23.01.2025;04:02:05.027;FMPH SI 20250321 CS;SIMPLE_INSTRUMENT;BLOCK;USD;2;407.60000000;10;EXCHANGE_LAST;;1;1;XEUR;7589869;12548;
23.01.2025;04:37:16.443;FMTH SI 20250321 CS;SIMPLE_INSTRUMENT;BLOCK;USD;7;1173.33200000;1253;EXCHANGE_LAST;;1;1;XEUR;7589913;12681;
23.01.2025;07:39:55.870;FMTW SI 20250321 CS;SIMPLE_INSTRUMENT;BLOCK;USD;5;860.48200000;30;EXCHANGE_LAST;;1;1;XEUR;7590882;51884;
23.01.2025;10:37:16.803;FMTW SI 20250321 CS;SIMPLE_INSTRUMENT;BLOCK;USD;6;864.94000000;51;EXCHANGE_LAST;;1;1;XEUR;7590882;51884;
23.01.2025;08:43:09.913;FMWN SI 20250321 CS;SIMPLE_INSTRUMENT;EFP_IDX;EUR;28;599.86000000;80;EXCHANGE_LAST;;1;1;XEUR;7590222;30654;
23.01.2025;08:47:49.307;FMWN SI 20250321 CS;SIMPLE_INSTRUMENT;BLOCK;EUR;29;599.86000000;480;EXCHANGE_LAST;;1;1;XEUR;7590222;30654;
23.01.2025;07:29:02.957;FMWO SI 20250321 CS;SIMPLE_INSTRUMENT;BLOCK;USD;12;12240.85000000;268;EXCHANGE_LAST;;1;1;XEUR;7589707;7059;
23.01.2025;07:38:54.325;FMWO SI 20250321 CS;SIMPLE_INSTRUMENT;BLOCK;USD;13;12239.11000000;559;EXCHANGE_LAST;;1;1;XEUR;7589707;7059;
23.01.2025;07:46:05.575;FMWO SI 20250321 CS;SIMPLE_INSTRUMENT;BLOCK;USD;19;12240.60000000;233;EXCHANGE_LAST;;1;1;XEUR;7589707;7059;
23.01.2025;07:46:32.463;FMWO SI 20250321 CS;SIMPLE_INSTRUMENT;EFP_IDX;USD;20;12240.60000000;18;EXCHANGE_LAST;;1;1;XEUR;7589707;7059;
23.01.2025;08:00:23.622;FMWO SI 20250321 CS;SIMPLE_INSTRUMENT;BLOCK;USD;23;12244.57400000;654;EXCHANGE_LAST;;1;1;XEUR;7589707;7059;
23.01.2025;07:42:32.279;FMXG SI 20250321 CS;SIMPLE_INSTRUMENT;EFP_IDX;EUR;16;371.70200000;356;EXCHANGE_LAST;;1;1;XEUR;7591194;124306;
23.01.2025;08:39:19.318;FOAT SI 20250306 PS;SIMPLE_INSTRUMENT;EFS;EUR;1;122.74000000;521;EXCHANGE_LAST;;1;1;XEUR;11286683;749;
23.01.2025;08:48:43.112;FOAT SI 20250306 PS;SIMPLE_INSTRUMENT;EFP_FIN;EUR;2;122.71000000;380;EXCHANGE_LAST;;1;1;XEUR;11286683;749;
23.01.2025;08:56:00.984;FOAT SI 20250306 PS;SIMPLE_INSTRUMENT;EFP_FIN;EUR;3;122.66000000;617;EXCHANGE_LAST;;1;1;XEUR;11286683;749;
23.01.2025;09:03:53.890;FOAT SI 20250306 PS;SIMPLE_INSTRUMENT;EFS;EUR;4;122.65000000;164;EXCHANGE_LAST;;1;1;XEUR;11286683;749;
23.01.2025;09:07:05.001;FOAT SI 20250306 PS;SIMPLE_INSTRUMENT;EFS;EUR;5;122.62000000;548;EXCHANGE_LAST;;1;1;XEUR;11286683;749;
23.01.2025;09:15:45.683;FOAT SI 20250306 PS;SIMPLE_INSTRUMENT;EFP_FIN;EUR;6;122.60000000;412;EXCHANGE_LAST;;1;1;XEUR;11286683;749;
23.01.2025;09:23:40.858;FOAT SI 20250306 PS;SIMPLE_INSTRUMENT;EFP_FIN;EUR;8;122.59000000;1084;EXCHANGE_LAST;;1;1;XEUR;11286683;749;
23.01.2025;09:27:43.775;FOAT SI 20250306 PS;SIMPLE_INSTRUMENT;EFP_FIN;EUR;9;122.52000000;2084;EXCHANGE_LAST;;1;1;XEUR;11286683;749;
23.01.2025;09:33:38.887;FOAT SI 20250306 PS;SIMPLE_INSTRUMENT;EFP_FIN;EUR;10;122.52000000;1084;EXCHANGE_LAST;;1;1;XEUR;11286683;749;
23.01.2025;09:48:19.012;FOAT SI 20250306 PS;SIMPLE_INSTRUMENT;BLOCK;EUR;11;122.54000000;1097;EXCHANGE_LAST;;1;1;XEUR;11286683;749;
23.01.2025;10:09:51.363;FOAT SI 20250306 PS;SIMPLE_INSTRUMENT;BLOCK;EUR;12;122.55000000;706;EXCHANGE_LAST;;1;1;XEUR;11286683;749;
23.01.2025;10:11:06.762;FOAT SI 20250306 PS;SIMPLE_INSTRUMENT;EFS;EUR;13;122.56000000;1582;EXCHANGE_LAST;;1;1;XEUR;11286683;749;
23.01.2025;10:12:05.428;FOAT SI 20250306 PS;SIMPLE_INSTRUMENT;EFP_FIN;EUR;14;122.56000000;4170;EXCHANGE_LAST;;1;1;XEUR;11286683;749;
23.01.2025;10:22:49.324;FOAT SI 20250306 PS;SIMPLE_INSTRUMENT;EFP_FIN;EUR;15;122.70000000;279;EXCHANGE_LAST;;1;1;XEUR;11286683;749;
23.01.2025;10:22:52.025;FOAT SI 20250306 PS;SIMPLE_INSTRUMENT;EFP_FIN;EUR;16;122.54000000;2502;EXCHANGE_LAST;;1;1;XEUR;11286683;749;
23.01.2025;10:23:06.921;FOAT SI 20250306 PS;SIMPLE_INSTRUMENT;EFP_FIN;EUR;17;122.56000000;310;EXCHANGE_LAST;;1;1;XEUR;11286683;749;
23.01.2025;10:29:18.263;FOAT SI 20250306 PS;SIMPLE_INSTRUMENT;EFP_FIN;EUR;18;122.69000000;489;EXCHANGE_LAST;;1;1;XEUR;11286683;749;
23.01.2025;10:35:32.779;FOAT SI 20250306 PS;SIMPLE_INSTRUMENT;EFP_FIN;EUR;19;122.72000000;141;EXCHANGE_LAST;;1;1;XEUR;11286683;749;
23.01.2025;10:36:14.040;FOAT SI 20250306 PS;SIMPLE_INSTRUMENT;EFP_FIN;EUR;20;122.57000000;417;EXCHANGE_LAST;;1;1;XEUR;11286683;749;
23.01.2025;10:41:46.466;FOAT SI 20250306 PS;SIMPLE_INSTRUMENT;EFP_FIN;EUR;21;122.64000000;620;EXCHANGE_LAST;;1;1;XEUR;11286683;749;
23.01.2025;10:51:59.832;FOAT SI 20250306 PS;SIMPLE_INSTRUMENT;EFS;EUR;22;122.53000000;552;EXCHANGE_LAST;;1;1;XEUR;11286683;749;
23.01.2025;10:59:34.905;FOAT SI 20250306 PS;SIMPLE_INSTRUMENT;EFS;EUR;23;122.56000000;527;EXCHANGE_LAST;;1;1;XEUR;11286683;749;
23.01.2025;11:04:23.825;FOAT SI 20250306 PS;SIMPLE_INSTRUMENT;EFP_FIN;EUR;24;122.56000000;2085;EXCHANGE_LAST;;1;1;XEUR;11286683;749;
23.01.2025;11:05:46.971;FOAT SI 20250306 PS;SIMPLE_INSTRUMENT;EFP_FIN;EUR;25;122.63000000;564;EXCHANGE_LAST;;1;1;XEUR;11286683;749;
23.01.2025;11:08:36.751;FOAT SI 20250306 PS;SIMPLE_INSTRUMENT;EFP_FIN;EUR;26;122.58000000;253;EXCHANGE_LAST;;1;1;XEUR;11286683;749;
23.01.2025;11:13:26.733;FOAT SI 20250306 PS;SIMPLE_INSTRUMENT;EFP_FIN;EUR;27;122.55000000;221;EXCHANGE_LAST;;1;1;XEUR;11286683;749;
23.01.2025;11:17:00.738;FOAT SI 20250306 PS;SIMPLE_INSTRUMENT;EFP_FIN;EUR;28;122.52000000;665;EXCHANGE_LAST;;1;1;XEUR;11286683;749;
23.01.2025;11:31:20.823;FOAT SI 20250306 PS;SIMPLE_INSTRUMENT;EFP_FIN;EUR;29;122.57000000;1089;EXCHANGE_LAST;;1;1;XEUR;11286683;749;
23.01.2025;11:36:31.878;FOAT SI 20250306 PS;SIMPLE_INSTRUMENT;EFP_FIN;EUR;30;122.50000000;417;EXCHANGE_LAST;;1;1;XEUR;11286683;749;
23.01.2025;11:41:32.251;FOAT SI 20250306 PS;SIMPLE_INSTRUMENT;BLOCK;EUR;31;122.49000000;664;EXCHANGE_LAST;;1;1;XEUR;11286683;749;
23.01.2025;11:52:15.734;FOAT SI 20250306 PS;SIMPLE_INSTRUMENT;EFP_FIN;EUR;32;122.60000000;1251;EXCHANGE_LAST;;1;1;XEUR;11286683;749;
23.01.2025;11:52:34.085;FOAT SI 20250306 PS;SIMPLE_INSTRUMENT;EFP_FIN;EUR;33;122.70000000;1459;EXCHANGE_LAST;;1;1;XEUR;11286683;749;
23.01.2025;11:52:51.098;FOAT SI 20250306 PS;SIMPLE_INSTRUMENT;EFP_FIN;EUR;34;122.72000000;1459;EXCHANGE_LAST;;1;1;XEUR;11286683;749;
23.01.2025;12:04:03.327;FOAT SI 20250306 PS;SIMPLE_INSTRUMENT;EFP_FIN;EUR;35;122.54000000;252;EXCHANGE_LAST;;1;1;XEUR;11286683;749;
23.01.2025;12:11:51.731;FOAT SI 20250306 PS;SIMPLE_INSTRUMENT;EFP_FIN;EUR;36;122.55000000;560;EXCHANGE_LAST;;1;1;XEUR;11286683;749;
23.01.2025;12:13:09.730;FOAT SI 20250306 PS;SIMPLE_INSTRUMENT;EFP_FIN;EUR;37;122.50000000;1043;EXCHANGE_LAST;;1;1;XEUR;11286683;749;
23.01.2025;12:13:09.730;FOAT SI 20250306 PS;SIMPLE_INSTRUMENT;EFP_FIN;EUR;38;122.50000000;834;EXCHANGE_LAST;;1;1;XEUR;11286683;749;
23.01.2025;12:15:15.906;FOAT SI 20250306 PS;SIMPLE_INSTRUMENT;EFP_FIN;EUR;39;122.53000000;389;EXCHANGE_LAST;;1;1;XEUR;11286683;749;
23.01.2025;12:20:50.742;FOAT SI 20250306 PS;SIMPLE_INSTRUMENT;EFP_FIN;EUR;40;122.52000000;1250;EXCHANGE_LAST;;1;1;XEUR;11286683;749;
23.01.2025;12:53:40.835;FOAT SI 20250306 PS;SIMPLE_INSTRUMENT;EFP_FIN;EUR;41;122.54000000;334;EXCHANGE_LAST;;1;1;XEUR;11286683;749;
23.01.2025;12:52:05.842;FOAT SI 20250306 PS;SIMPLE_INSTRUMENT;EFP_FIN;EUR;42;122.46000000;683;EXCHANGE_LAST;;1;1;XEUR;11286683;749;
23.01.2025;12:56:15.323;FOAT SI 20250306 PS;SIMPLE_INSTRUMENT;EFP_FIN;EUR;43;122.46000000;417;EXCHANGE_LAST;;1;1;XEUR;11286683;749;
23.01.2025;12:59:02.439;FOAT SI 20250306 PS;SIMPLE_INSTRUMENT;EFP_FIN;EUR;44;122.54000000;834;EXCHANGE_LAST;;1;1;XEUR;11286683;749;
23.01.2025;13:00:18.219;FOAT SI 20250306 PS;SIMPLE_INSTRUMENT;EFP_FIN;EUR;45;122.46000000;834;EXCHANGE_LAST;;1;1;XEUR;11286683;749;
23.01.2025;13:01:12.976;FOAT SI 20250306 PS;SIMPLE_INSTRUMENT;EFP_FIN;EUR;46;122.55000000;200;EXCHANGE_LAST;;1;1;XEUR;11286683;749;
23.01.2025;13:08:57.573;FOAT SI 20250306 PS;SIMPLE_INSTRUMENT;EFP_FIN;EUR;47;122.46000000;1250;EXCHANGE_LAST;;1;1;XEUR;11286683;749;
23.01.2025;13:12:54.859;FOAT SI 20250306 PS;SIMPLE_INSTRUMENT;EFP_FIN;EUR;48;122.47000000;1042;EXCHANGE_LAST;;1;1;XEUR;11286683;749;
23.01.2025;13:13:24.257;FOAT SI 20250306 PS;SIMPLE_INSTRUMENT;EFP_FIN;EUR;49;122.47000000;1251;EXCHANGE_LAST;;1;1;XEUR;11286683;749;
23.01.2025;13:21:38.810;FOAT SI 20250306 PS;SIMPLE_INSTRUMENT;EFP_FIN;EUR;50;122.45000000;2085;EXCHANGE_LAST;;1;1;XEUR;11286683;749;
23.01.2025;13:42:45.970;FOAT SI 20250306 PS;SIMPLE_INSTRUMENT;EFP_FIN;EUR;51;122.43000000;352;EXCHANGE_LAST;;1;1;XEUR;11286683;749;
23.01.2025;13:44:14.659;FOAT SI 20250306 PS;SIMPLE_INSTRUMENT;EFP_FIN;EUR;52;122.46000000;221;EXCHANGE_LAST;;1;1;XEUR;11286683;749;
23.01.2025;13:49:53.853;FOAT SI 20250306 PS;SIMPLE_INSTRUMENT;EFP_FIN;EUR;53;122.53000000;1027;EXCHANGE_LAST;;1;1;XEUR;11286683;749;
23.01.2025;13:54:30.998;FOAT SI 20250306 PS;SIMPLE_INSTRUMENT;EFP_FIN;EUR;54;122.50000000;191;EXCHANGE_LAST;;1;1;XEUR;11286683;749;
23.01.2025;13:56:43.703;FOAT SI 20250306 PS;SIMPLE_INSTRUMENT;EFP_FIN;EUR;55;122.48000000;625;EXCHANGE_LAST;;1;1;XEUR;11286683;749;
23.01.2025;13:58:23.193;FOAT SI 20250306 PS;SIMPLE_INSTRUMENT;EFP_FIN;EUR;56;122.50000000;493;EXCHANGE_LAST;;1;1;XEUR;11286683;749;
23.01.2025;14:18:12.994;FOAT SI 20250306 PS;SIMPLE_INSTRUMENT;EFP_FIN;EUR;57;122.50000000;160;EXCHANGE_LAST;;1;1;XEUR;11286683;749;
23.01.2025;14:21:40.968;FOAT SI 20250306 PS;SIMPLE_INSTRUMENT;EFP_FIN;EUR;58;122.45000000;459;EXCHANGE_LAST;;1;1;XEUR;11286683;749;
23.01.2025;14:39:59.628;FOAT SI 20250306 PS;SIMPLE_INSTRUMENT;EFP_FIN;EUR;59;122.39000000;487;EXCHANGE_LAST;;1;1;XEUR;11286683;749;
23.01.2025;14:50:16.183;FOAT SI 20250306 PS;SIMPLE_INSTRUMENT;EFP_FIN;EUR;60;122.38000000;943;EXCHANGE_LAST;;1;1;XEUR;11286683;749;
23.01.2025;14:55:33.919;FOAT SI 20250306 PS;SIMPLE_INSTRUMENT;BLOCK;EUR;61;122.32000000;300;EXCHANGE_LAST;;1;1;XEUR;11286683;749;
23.01.2025;15:03:14.858;FOAT SI 20250306 PS;SIMPLE_INSTRUMENT;EFP_FIN;EUR;62;122.34000000;306;EXCHANGE_LAST;;1;1;XEUR;11286683;749;
23.01.2025;15:09:49.749;FOAT SI 20250306 PS;SIMPLE_INSTRUMENT;BLOCK;EUR;63;122.38000000;345;EXCHANGE_LAST;;1;1;XEUR;11286683;749;
23.01.2025;15:11:06.056;FOAT SI 20250306 PS;SIMPLE_INSTRUMENT;EFP_FIN;EUR;64;122.35000000;479;EXCHANGE_LAST;;1;1;XEUR;11286683;749;
23.01.2025;15:12:40.174;FOAT SI 20250306 PS;SIMPLE_INSTRUMENT;EFP_FIN;EUR;65;122.28000000;834;EXCHANGE_LAST;;1;1;XEUR;11286683;749;
23.01.2025;15:13:04.168;FOAT SI 20250306 PS;SIMPLE_INSTRUMENT;EFP_FIN;EUR;66;122.28000000;167;EXCHANGE_LAST;;1;1;XEUR;11286683;749;
23.01.2025;15:13:19.144;FOAT SI 20250306 PS;SIMPLE_INSTRUMENT;EFP_FIN;EUR;67;122.28000000;417;EXCHANGE_LAST;;1;1;XEUR;11286683;749;
23.01.2025;15:25:09.063;FOAT SI 20250306 PS;SIMPLE_INSTRUMENT;EFP_FIN;EUR;68;122.46000000;426;EXCHANGE_LAST;;1;1;XEUR;11286683;749;
23.01.2025;15:28:34.953;FOAT SI 20250306 PS;SIMPLE_INSTRUMENT;EFS;EUR;69;122.34000000;792;EXCHANGE_LAST;;1;1;XEUR;11286683;749;
23.01.2025;15:36:40.037;FOAT SI 20250306 PS;SIMPLE_INSTRUMENT;EFP_FIN;EUR;70;122.40000000;333;EXCHANGE_LAST;;1;1;XEUR;11286683;749;
23.01.2025;16:01:59.974;FOAT SI 20250306 PS;SIMPLE_INSTRUMENT;EFP_FIN;EUR;71;122.37000000;83;EXCHANGE_LAST;;1;1;XEUR;11286683;749;
23.01.2025;16:11:45.887;FOAT SI 20250306 PS;SIMPLE_INSTRUMENT;EFP_FIN;EUR;72;122.44000000;447;EXCHANGE_LAST;;1;1;XEUR;11286683;749;
23.01.2025;16:32:00.133;FOAT SI 20250306 PS;SIMPLE_INSTRUMENT;EFP_FIN;EUR;73;122.37000000;417;EXCHANGE_LAST;;1;1;XEUR;11286683;749;
23.01.2025;16:33:34.956;FOAT SI 20250306 PS;SIMPLE_INSTRUMENT;EFP_FIN;EUR;74;122.52000000;417;EXCHANGE_LAST;;1;1;XEUR;11286683;749;
23.01.2025;16:54:07.052;FOAT SI 20250306 PS;SIMPLE_INSTRUMENT;BLOCK;EUR;75;122.46000000;754;EXCHANGE_LAST;;1;1;XEUR;11286683;749;
23.01.2025;17:28:59.593;FOAT SI 20250306 PS;SIMPLE_INSTRUMENT;EFP_FIN;EUR;76;122.49000000;123;EXCHANGE_LAST;;1;1;XEUR;11286683;749;
23.01.2025;15:31:01.548;FRA SI 20251219 PS AM C 60.00 0;SIMPLE_INSTRUMENT;BLOCK;EUR;29;3.80000000;2500;EXCHANGE_LAST;;2;2;XEUR;5930582;740;
23.01.2025;08:24:44.763;FRE SI 20250620 PS AM P 36.00 0;SIMPLE_INSTRUMENT;BLOCK;EUR;1;2.21000000;1200;EXCHANGE_LAST;;1;1;XEUR;7904607;760;
23.01.2025;17:06:45.305;FSCE SI 20250321 CS;SIMPLE_INSTRUMENT;BLOCK;EUR;57;320.50000000;162;EXCHANGE_LAST;;1;1;XEUR;11360229;763;
23.01.2025;17:06:29.929;FSCE SI 20250321 CS;SIMPLE_INSTRUMENT;BLOCK;EUR;58;320.00000000;286;EXCHANGE_LAST;;1;1;XEUR;11360229;763;
23.01.2025;17:01:40.848;FSEG SI 20250321 CS;SIMPLE_INSTRUMENT;EFP_IDX;EUR;54;196.60000000;97;EXCHANGE_LAST;;1;1;XEUR;11393888;109977;
23.01.2025;17:02:08.375;FSEG SI 20250321 CS;SIMPLE_INSTRUMENT;EFP_IDX;EUR;56;196.70000000;291;EXCHANGE_LAST;;1;1;XEUR;11393888;109977;
23.01.2025;16:36:09.167;FSMI SI 20250321 CS;SIMPLE_INSTRUMENT;EFP_IDX;CHF;3;12234.00000000;72;EXCHANGE_LAST;;1;1;XEUR;7793721;757;
23.01.2025;16:36:16.805;FSMI SI 20250321 CS;SIMPLE_INSTRUMENT;EFP_IDX;CHF;4;12235.00000000;48;EXCHANGE_LAST;;1;1;XEUR;7793721;757;
23.01.2025;16:19:32.506;FSMI SI 20250321 CS;SIMPLE_INSTRUMENT;VOLA;CHF;603979824;12209.00000000;390;EXCHANGE_LAST;;1;1;XEUR;7793721;757;
23.01.2025;16:41:12.522;FSMX SI 20250321 CS;SIMPLE_INSTRUMENT;BLOCK;EUR;43;26076.00000000;475;EXCHANGE_LAST;;1;1;XEUR;11405203;396422;
23.01.2025;12:44:41.213;FSTA SI 20250321 CS;SIMPLE_INSTRUMENT;BLOCK;EUR;4;564.90000000;293;EXCHANGE_LAST;;1;1;XEUR;11359808;715;
23.01.2025;13:04:35.573;FSTA SI 20250321 CS;SIMPLE_INSTRUMENT;EFP_IDX;EUR;5;565.10000000;145;EXCHANGE_LAST;;1;1;XEUR;11359808;715;
23.01.2025;16:59:35.603;FSTG SI 20250321 CS;SIMPLE_INSTRUMENT;EFP_IDX;EUR;52;945.90000000;80;EXCHANGE_LAST;;1;1;XEUR;11359809;717;
23.01.2025;16:59:57.529;FSTG SI 20250321 CS;SIMPLE_INSTRUMENT;EFP_IDX;EUR;53;945.80000000;320;EXCHANGE_LAST;;1;1;XEUR;11359809;717;
23.01.2025;16:41:38.152;FSTH SI 20250321 CS;SIMPLE_INSTRUMENT;BLOCK;EUR;6;1118.40000000;479;EXCHANGE_LAST;;1;1;XEUR;11359811;716;
23.01.2025;12:01:18.911;FSTS SI 20250321 CS;SIMPLE_INSTRUMENT;EFP_IDX;EUR;2;531.50000000;191;EXCHANGE_LAST;;1;1;XEUR;11359775;709;
23.01.2025;12:01:09.910;FSTS SI 20250321 CS;SIMPLE_INSTRUMENT;EFP_IDX;EUR;3;531.30000000;213;EXCHANGE_LAST;;1;1;XEUR;11359775;709;
23.01.2025;16:48:29.906;FSTS SI 20250321 CS;SIMPLE_INSTRUMENT;EFP_IDX;EUR;7;535.20000000;400;EXCHANGE_LAST;;1;1;XEUR;11359775;709;
23.01.2025;16:48:44.537;FSTS SI 20250321 CS;SIMPLE_INSTRUMENT;EFP_IDX;EUR;8;535.30000000;600;EXCHANGE_LAST;;1;1;XEUR;11359775;709;
23.01.2025;16:52:50.967;FSTU SI 20250321 CS;SIMPLE_INSTRUMENT;BLOCK;EUR;50;378.70000000;338;EXCHANGE_LAST;;1;1;XEUR;11359815;730;
23.01.2025;16:52:50.244;FSTU SI 20250321 CS;SIMPLE_INSTRUMENT;BLOCK;EUR;51;378.30000000;412;EXCHANGE_LAST;;1;1;XEUR;11359815;730;
23.01.2025;15:10:46.769;FTEG SI 20250321 CS;SIMPLE_INSTRUMENT;BLOCK;EUR;76;10.28850000;20000;EXCHANGE_LAST;;1;1;XEUR;10732787;390378;
23.01.2025;15:50:07.250;FVS.S.FEB25.APR25.SPD;FUTURES_SPREAD;BLOCK;EUR;48;-0.85000000;1250;EXCHANGE_LAST;;1;1;XEUR;72061120206078937;821;
23.01.2025;15:50:07.250;FVS SI 20250219 CS;SIMPLE_INSTRUMENT;BLOCK;EUR;48;16.40000000;1250;PRC_DECOMP_EXCHANGE;;;;XEUR;11334509;821;EXCHANGE
23.01.2025;15:50:07.250;FVS SI 20250416 CS;SIMPLE_INSTRUMENT;BLOCK;EUR;48;17.25000000;1250;PRC_DECOMP_EXCHANGE;;;;XEUR;11763481;821;EXCHANGE
23.01.2025;15:50:21.861;FVS.S.FEB25.APR25.SPD;FUTURES_SPREAD;BLOCK;EUR;49;-0.80000000;1250;EXCHANGE_LAST;;1;1;XEUR;72061120206078937;821;
23.01.2025;15:50:21.861;FVS SI 20250416 CS;SIMPLE_INSTRUMENT;BLOCK;EUR;49;17.25000000;1250;PRC_DECOMP_EXCHANGE;;;;XEUR;11763481;821;EXCHANGE
23.01.2025;15:50:21.861;FVS SI 20250219 CS;SIMPLE_INSTRUMENT;BLOCK;EUR;49;16.45000000;1250;PRC_DECOMP_EXCHANGE;;;;XEUR;11334509;821;EXCHANGE
23.01.2025;09:18:14.934;FXXP SI 20250321 CS;SIMPLE_INSTRUMENT;VOLA;EUR;603979781;529.00000000;8;EXCHANGE_LAST;;1;1;XEUR;7793972;816;
23.01.2025;15:53:32.099;G3ZF SI 20261218 CS;SIMPLE_INSTRUMENT;BLOCK;EUR;89;1.19000000;300;EXCHANGE_LAST;;1;1;XEUR;6825108;144760;
23.01.2025;09:45:08.366;GEBN SI 20251219 PS AM P 440.00 0;SIMPLE_INSTRUMENT;BLOCK;CHF;7;18.85000000;750;EXCHANGE_LAST;;1;1;XEUR;12444420;882;
23.01.2025;15:05:46.970;GIVN SI 20250221 PS AM C 4000.0 0;SIMPLE_INSTRUMENT;BLOCK;CHF;57;84.00000000;100;EXCHANGE_LAST;;1;1;XEUR;12246684;892;
23.01.2025;16:07:13.728;GOB SI 20251219 PS AM C 88.00 0;SIMPLE_INSTRUMENT;BLOCK;EUR;21;9.03000000;300;EXCHANGE_LAST;;1;1;XEUR;6673139;874;
23.01.2025;13:04:05.662;GXI SI 20250221 PS AM C 70.00 0;SIMPLE_INSTRUMENT;BLOCK;EUR;3;1.10000000;350;EXCHANGE_LAST;;1;1;XEUR;12246164;852;
23.01.2025;08:49:10.445;I3ES SI 20251219 CS;SIMPLE_INSTRUMENT;BLOCK;EUR;3;0.35000000;3000;EXCHANGE_LAST;;2;2;XEUR;5914756;913;
23.01.2025;09:42:10.014;IBE SI 20251219 PS AM P 13.00 0;SIMPLE_INSTRUMENT;BLOCK;EUR;5;0.80000000;10000;EXCHANGE_LAST;;1;1;XEUR;5986420;908;
23.01.2025;11:02:42.066;IBEG SI 20250321 CS;SIMPLE_INSTRUMENT;BLOCK;EUR;19;13.25900000;15000;EXCHANGE_LAST;;1;1;XEUR;10702451;909;
23.01.2025;11:22:45.583;IES5 SI 20250619 PS AM P 3.80 0;SIMPLE_INSTRUMENT;BLOCK;EUR;8;0.14200000;3000;EXCHANGE_LAST;;2;2;XEUR;11338295;900;
23.01.2025;11:28:08.057;IES5 SI 20250619 PS AM P 3.80 0;SIMPLE_INSTRUMENT;BLOCK;EUR;9;0.14200000;1500;EXCHANGE_LAST;;1;1;XEUR;11338295;900;
23.01.2025;09:46:59.544;IFX SI 20250321 PS AM C 36.00 0;SIMPLE_INSTRUMENT;BLOCK;EUR;2;1.27000000;3000;EXCHANGE_LAST;;1;3;XEUR;10842346;902;
23.01.2025;10:51:08.349;IFX SI 20250321 PS AM C 36.00 0;SIMPLE_INSTRUMENT;BLOCK;EUR;5;1.27000000;2000;EXCHANGE_LAST;;1;1;XEUR;10842346;902;
23.01.2025;08:19:11.260;ISPA SI 20250221 PS AM C 24.00 0;SIMPLE_INSTRUMENT;BLOCK;EUR;1;0.30000000;3005;EXCHANGE_LAST;;1;1;XEUR;12247999;1004;
23.01.2025;09:45:03.934;ITK SI 20250221 PS AM P 46.00 0;SIMPLE_INSTRUMENT;BLOCK;EUR;1;0.87000000;15000;EXCHANGE_LAST;;2;1;XEUR;12247884;999;
23.01.2025;14:54:00.447;ITK SI 20250417 PS AM C 51.00 0;SIMPLE_INSTRUMENT;BLOCK;EUR;2;0.52000000;995;EXCHANGE_LAST;;1;1;XEUR;12624475;999;
23.01.2025;14:54:04.631;ITK SI 20250417 PS AM C 51.00 0;SIMPLE_INSTRUMENT;BLOCK;EUR;3;0.53000000;2439;EXCHANGE_LAST;;1;1;XEUR;12624475;999;
23.01.2025;16:12:29.051;ITK SI 20250417 PS AM C 49.00 0;SIMPLE_INSTRUMENT;BLOCK;EUR;5;1.03000000;500;EXCHANGE_LAST;;1;1;XEUR;12624460;999;
23.01.2025;10:58:22.037;KC4 SI 20250221 PS AM P 46.00 0;SIMPLE_INSTRUMENT;BLOCK;EUR;7;0.62000000;1000;EXCHANGE_LAST;;1;1;XEUR;12272366;298518;
23.01.2025;11:01:44.590;KNII SI 20250321 CS;SIMPLE_INSTRUMENT;BLOCK;CHF;18;207.28500000;500;EXCHANGE_LAST;;1;1;XEUR;10719608;39117;
23.01.2025;09:40:13.821;KNIN SI 20251219 PS AM P 220.00 0;SIMPLE_INSTRUMENT;BLOCK;CHF;3;28.06000000;150;EXCHANGE_LAST;;1;1;XEUR;10786463;1091;
23.01.2025;09:40:41.782;KNIN SI 20251219 PS AM P 170.00 0;SIMPLE_INSTRUMENT;BLOCK;CHF;4;4.96000000;150;EXCHANGE_LAST;;1;1;XEUR;12448096;1091;
23.01.2025;09:44:53.176;KNIN SI 20250919 PS AM P 170.00 0;SIMPLE_INSTRUMENT;BLOCK;CHF;5;3.75000000;150;EXCHANGE_LAST;;1;1;XEUR;11886774;1091;
23.01.2025;09:45:01.024;KNIN SI 20250919 PS AM P 220.00 0;SIMPLE_INSTRUMENT;BLOCK;CHF;6;26.37000000;150;EXCHANGE_LAST;;1;1;XEUR;11886795;1091;
23.01.2025;10:16:19.412;LHA SI 20261218 PS AM P 6.00 0;SIMPLE_INSTRUMENT;BLOCK;EUR;6;0.99000000;6000;EXCHANGE_LAST;;1;1;XEUR;11786921;1126;
23.01.2025;12:09:32.986;LOGN.O.250123.STG.000005;STANDARD_OPTION_STRATEGY;BLOCK;CHF;29;7.40000000;500;EXCHANGE_LAST;;1;1;XEUR;72062503185570879;1143;
23.01.2025;12:09:32.986;LOGN SI 20250321 PS AM P 76.00 0;SIMPLE_INSTRUMENT;BLOCK;CHF;29;2.16000000;500;PRC_DECOMP_EXCHANGE;;;;XEUR;10846024;1143;EXCHANGE
23.01.2025;12:09:32.986;LOGN SI 20250321 PS AM C 80.00 0;SIMPLE_INSTRUMENT;BLOCK;CHF;29;5.24000000;500;PRC_DECOMP_EXCHANGE;;;;XEUR;10846025;1143;EXCHANGE
23.01.2025;15:49:55.908;LOGN SI 20250321 PS AM C 88.00 0;SIMPLE_INSTRUMENT;BLOCK;CHF;61;1.83000000;400;EXCHANGE_LAST;;1;1;XEUR;10846020;1143;
23.01.2025;13:21:22.672;LONN.O.250123.PDIA.000007;STANDARD_OPTION_STRATEGY;BLOCK;CHF;41;6.75000000;1000;EXCHANGE_LAST;;1;1;XEUR;72062494595638133;1141;
