#Date;TrdTime;Contract;ContractType;TrdTyp;Currency;TesId;Prc;Qty;TrdInd;Aggressor;Buy;Sell;Exch;InstrumentId;RelatedProdId;PrcDecomp
20.01.2025;10:51:11.256;A2XA SI 20271217 CS;SIMPLE_INSTRUMENT;BLOCK;EUR;6;2.02000000;500;EXCHANGE_LAST;;1;1;XEUR;5914267;17;
20.01.2025;10:58:32.188;A2XA SI 20271217 CS;SIMPLE_INSTRUMENT;BLOCK;EUR;7;2.04000000;400;EXCHANGE_LAST;;1;2;XEUR;5914267;17;
20.01.2025;14:33:57.132;A2XA SI 20261218 CS;SIMPLE_INSTRUMENT;BLOCK;EUR;29;2.16500000;775;EXCHANGE_LAST;;2;2;XEUR;4632093;17;
20.01.2025;15:00:32.333;A2XA SI 20261218 CS;SIMPLE_INSTRUMENT;BLOCK;EUR;32;2.16500000;150;EXCHANGE_LAST;;1;1;XEUR;4632093;17;
20.01.2025;15:25:48.543;A2XA SI 20271217 CS;SIMPLE_INSTRUMENT;BLOCK;EUR;41;2.03000000;300;EXCHANGE_LAST;;1;1;XEUR;5914267;17;
20.01.2025;15:26:25.914;A2XA SI 20271217 CS;SIMPLE_INSTRUMENT;BLOCK;EUR;44;2.04000000;200;EXCHANGE_LAST;;1;1;XEUR;5914267;17;
20.01.2025;15:56:23.575;A2XA SI 20271217 CS;SIMPLE_INSTRUMENT;BLOCK;EUR;53;2.03000000;200;EXCHANGE_LAST;;1;1;XEUR;5914267;17;
20.01.2025;14:06:42.252;ABBE SI 20251219 PS EU C 49.00 0;SIMPLE_INSTRUMENT;BLOCK;CHF;72;5.02000000;1500;EXCHANGE_LAST;;1;1;XEUR;12393045;574516;
20.01.2025;11:01:42.099;ABBN.O.250120.RBER.000002;STANDARD_OPTION_STRATEGY;BLOCK;CHF;28;-0.37000000;1000;EXCHANGE_LAST;;1;1;XEUR;74525125763937600;574517;
20.01.2025;11:01:42.099;ABBN SI 20251219 PS AM P 40.00 0;SIMPLE_INSTRUMENT;BLOCK;CHF;28;1.25000000;1000;PRC_DECOMP_EXCHANGE;;;;XEUR;8509432;574517;EXCHANGE
20.01.2025;11:01:42.099;ABBN SI 20251219 PS AM P 32.00 0;SIMPLE_INSTRUMENT;BLOCK;CHF;28;0.44000000;2000;PRC_DECOMP_EXCHANGE;;;;XEUR;8509409;574517;EXCHANGE
20.01.2025;13:27:06.484;ABBN SI 20250620 PS AM P 47.00 0;SIMPLE_INSTRUMENT;BLOCK;CHF;64;1.73000000;2500;EXCHANGE_LAST;;2;1;XEUR;11849038;574517;
20.01.2025;08:41:35.005;ADEN SI 20250321 PS AM P 16.00 0;SIMPLE_INSTRUMENT;BLOCK;CHF;4;0.10000000;3000;EXCHANGE_LAST;;1;1;XEUR;10827890;44;
20.01.2025;08:41:37.572;ADEN SI 20250321 PS AM P 20.00 0;SIMPLE_INSTRUMENT;BLOCK;CHF;5;0.55000000;3000;EXCHANGE_LAST;;1;1;XEUR;10827964;44;
20.01.2025;11:04:02.876;ADS SI 20250321 PS AM P 225.00 0;SIMPLE_INSTRUMENT;BLOCK;EUR;9;4.80000000;300;EXCHANGE_LAST;;1;1;XEUR;12430868;50;
20.01.2025;10:05:05.507;ALC.O.250120.PDIA.000001;STANDARD_OPTION_STRATEGY;BLOCK;CHF;15;-0.39000000;600;EXCHANGE_LAST;;1;1;XEUR;72616515312039894;130134;
20.01.2025;10:05:05.507;ALC SI 20250321 PS AM P 72.00 0;SIMPLE_INSTRUMENT;BLOCK;CHF;15;1.07000000;600;PRC_DECOMP_EXCHANGE;;;;XEUR;10872515;130134;EXCHANGE
20.01.2025;10:05:05.507;ALC SI 20250417 PS AM P 68.00 0;SIMPLE_INSTRUMENT;BLOCK;CHF;15;0.68000000;600;PRC_DECOMP_EXCHANGE;;;;XEUR;12646337;130134;EXCHANGE
20.01.2025;11:49:37.050;AOM SI 20250620 PS AM P 16.00 0;SIMPLE_INSTRUMENT;BLOCK;EUR;13;0.46000000;1000;EXCHANGE_LAST;;1;1;XEUR;11249167;88;
20.01.2025;15:37:41.680;AOM.O.250120.STG.000003;STANDARD_OPTION_STRATEGY;BLOCK;EUR;37;2.50000000;700;EXCHANGE_LAST;;1;2;XEUR;72057971995059434;88;
20.01.2025;15:37:41.680;AOM SI 20250321 PS AM P 19.00 0;SIMPLE_INSTRUMENT;BLOCK;EUR;37;0.71000000;700;PRC_DECOMP_EXCHANGE;;;;XEUR;11249142;88;EXCHANGE
20.01.2025;15:37:41.680;AOM SI 20250321 PS AM C 20.00 0;SIMPLE_INSTRUMENT;BLOCK;EUR;37;1.79000000;700;PRC_DECOMP_EXCHANGE;;;;XEUR;11249140;88;EXCHANGE
20.01.2025;14:03:47.533;ASG5 SI 20251218 PS AM P 24.00 0;SIMPLE_INSTRUMENT;BLOCK;EUR;6;0.70000000;16000;EXCHANGE_LAST;;2;2;XEUR;6084278;109;
20.01.2025;15:10:22.516;ASGF SI 20250320 CS;SIMPLE_INSTRUMENT;BLOCK;EUR;35;29.76250000;10000;EXCHANGE_LAST;;1;1;XEUR;12186973;949862;
20.01.2025;12:51:55.116;ASIF SI 20250417 CS;SIMPLE_INSTRUMENT;BLOCK;EUR;11;621.72520000;10;EXCHANGE_LAST;;1;1;XEUR;10865387;46864;
20.01.2025;12:52:01.984;AXA SI 20250321 PS AM C 37.00 0;SIMPLE_INSTRUMENT;BLOCK;EUR;14;0.66000000;6250;EXCHANGE_LAST;;1;2;XEUR;12432844;127;
20.01.2025;12:56:53.935;AXA.O.250120.BRT12.000004;STANDARD_OPTION_STRATEGY;BLOCK;EUR;18;0.26000000;1250;EXCHANGE_LAST;;1;1;XEUR;72058139498795229;127;
20.01.2025;12:56:53.935;AXA SI 20261218 PS AM P 28.00 0;SIMPLE_INSTRUMENT;BLOCK;EUR;18;1.92000000;1250;PRC_DECOMP_EXCHANGE;;;;XEUR;7153226;127;EXCHANGE
20.01.2025;12:56:53.935;AXA SI 20260619 PS AM P 24.00 0;SIMPLE_INSTRUMENT;BLOCK;EUR;18;0.83000000;2500;PRC_DECOMP_EXCHANGE;;;;XEUR;9538755;127;EXCHANGE
20.01.2025;13:14:54.181;AXA SI 20250321 PS AM C 37.00 0;SIMPLE_INSTRUMENT;BLOCK;EUR;19;0.66000000;1750;EXCHANGE_LAST;;1;1;XEUR;12432844;127;
20.01.2025;13:34:39.849;AXA SI 20250919 PS AM P 34.00 0;SIMPLE_INSTRUMENT;BLOCK;EUR;22;2.26000000;2500;EXCHANGE_LAST;;1;1;XEUR;11872462;127;
20.01.2025;13:40:28.594;AXA SI 20251219 PS AM C 30.00 0;SIMPLE_INSTRUMENT;BLOCK;EUR;23;6.00000000;13000;EXCHANGE_LAST;;1;1;XEUR;11479913;127;
20.01.2025;13:40:50.941;AXA SI 20251219 PS AM C 34.00 0;SIMPLE_INSTRUMENT;BLOCK;EUR;24;3.18000000;11000;EXCHANGE_LAST;;1;1;XEUR;11960007;127;
20.01.2025;13:41:01.542;AXA SI 20251219 PS AM P 34.00 0;SIMPLE_INSTRUMENT;BLOCK;EUR;25;2.65000000;11000;EXCHANGE_LAST;;1;1;XEUR;11960008;127;
20.01.2025;13:43:02.440;AXA SI 20251219 PS AM P 30.00 0;SIMPLE_INSTRUMENT;BLOCK;EUR;26;1.50000000;13000;EXCHANGE_LAST;;1;1;XEUR;11479914;127;
20.01.2025;09:32:36.937;B2MW SI 20251219 CS;SIMPLE_INSTRUMENT;BLOCK;EUR;1;4.34000000;175;EXCHANGE_LAST;;2;1;XEUR;3681121;128;
20.01.2025;10:33:59.551;B2MW SI 20251219 CS;SIMPLE_INSTRUMENT;BLOCK;EUR;4;4.36000000;100;EXCHANGE_LAST;;1;1;XEUR;3681121;128;
20.01.2025;11:21:36.627;B2MW SI 20251219 CS;SIMPLE_INSTRUMENT;BLOCK;EUR;8;4.36000000;100;EXCHANGE_LAST;;1;1;XEUR;3681121;128;
20.01.2025;12:26:15.931;B2MW SI 20251219 CS;SIMPLE_INSTRUMENT;BLOCK;EUR;10;4.35000000;50;EXCHANGE_LAST;;1;1;XEUR;3681121;128;
20.01.2025;15:22:35.298;B2MW SI 20251219 CS;SIMPLE_INSTRUMENT;BLOCK;EUR;37;4.44000000;100;EXCHANGE_LAST;;1;1;XEUR;3681121;128;
20.01.2025;15:23:48.620;B2MW SI 20251219 CS;SIMPLE_INSTRUMENT;BLOCK;EUR;43;4.45000000;1000;EXCHANGE_LAST;;1;1;XEUR;3681121;128;
20.01.2025;15:31:46.918;B2MW SI 20251219 CS;SIMPLE_INSTRUMENT;BLOCK;EUR;46;4.45000000;300;EXCHANGE_LAST;;1;1;XEUR;3681121;128;
20.01.2025;16:28:31.172;B2MW SI 20251219 CS;SIMPLE_INSTRUMENT;BLOCK;EUR;62;4.45000000;15;EXCHANGE_LAST;;1;1;XEUR;3681121;128;
20.01.2025;15:45:09.989;B2NP SI 20261218 CS;SIMPLE_INSTRUMENT;BLOCK;EUR;49;4.69500000;200;EXCHANGE_LAST;;2;1;XEUR;6798320;131;
20.01.2025;15:30:34.030;BAEN SI 20250321 PS AM P 58.00 0;SIMPLE_INSTRUMENT;BLOCK;CHF;84;1.36000000;800;EXCHANGE_LAST;;1;1;XEUR;12433304;159;
20.01.2025;15:30:35.080;BAEN SI 20250321 PS AM P 42.00 0;SIMPLE_INSTRUMENT;BLOCK;CHF;85;0.11000000;800;EXCHANGE_LAST;;1;1;XEUR;10830908;159;
20.01.2025;10:29:42.996;BALN SI 20261218 PS AM P 120.00 0;SIMPLE_INSTRUMENT;BLOCK;CHF;22;3.60000000;200;EXCHANGE_LAST;;1;1;XEUR;7153284;147;
20.01.2025;11:52:54.993;BALN.O.250120.COMBO.000001;STANDARD_OPTION_STRATEGY;BLOCK;CHF;44;5.10000000;300;EXCHANGE_LAST;;1;1;XEUR;72058225398132582;147;
20.01.2025;11:52:54.993;BALN SI 20250620 PS AM C 180.00 0;SIMPLE_INSTRUMENT;BLOCK;CHF;44;1.30000000;300;PRC_DECOMP_EXCHANGE;;;;XEUR;7898933;147;EXCHANGE
20.01.2025;11:52:54.993;BALN SI 20250620 PS AM P 160.00 0;SIMPLE_INSTRUMENT;BLOCK;CHF;44;6.40000000;300;PRC_DECOMP_EXCHANGE;;;;XEUR;7898927;147;EXCHANGE
20.01.2025;09:34:06.339;BAS.O.250120.STG.000004;STANDARD_OPTION_STRATEGY;BLOCK;EUR;1;5.77000000;400;EXCHANGE_LAST;;1;1;XEUR;72058238283091381;150;
20.01.2025;09:34:06.339;BAS SI 20250919 PS AM C 48.00 0;SIMPLE_INSTRUMENT;BLOCK;EUR;1;1.90000000;400;PRC_DECOMP_MEMBER;;;;XEUR;11873025;150;MEMBER
20.01.2025;09:34:06.339;BAS SI 20250919 PS AM P 44.00 0;SIMPLE_INSTRUMENT;BLOCK;EUR;1;3.87000000;400;PRC_DECOMP_MEMBER;;;;XEUR;11872879;150;MEMBER
20.01.2025;10:11:48.298;BAS SI 20250919 PS AM P 36.00 0;SIMPLE_INSTRUMENT;BLOCK;EUR;2;1.12000000;1000;EXCHANGE_LAST;;1;1;XEUR;11872915;150;
20.01.2025;10:11:49.205;BAS SI 20250620 PS AM P 44.00 0;SIMPLE_INSTRUMENT;BLOCK;EUR;3;3.32000000;500;EXCHANGE_LAST;;1;1;XEUR;7898970;150;
20.01.2025;11:02:23.602;BAS SI 20260619 PS AM P 44.00 0;SIMPLE_INSTRUMENT;BLOCK;EUR;4;5.59000000;500;EXCHANGE_LAST;;1;1;XEUR;9539350;150;
20.01.2025;14:06:44.039;BAS SI 20250131 PS AM C 48.00 0;SIMPLE_INSTRUMENT;BLOCK;EUR;6;0.25000000;3846;EXCHANGE_LAST;;1;1;XEUR;12604624;150;
20.01.2025;14:26:20.875;BAS SI 20250221 PS AM C 48.00 0;SIMPLE_INSTRUMENT;BLOCK;EUR;7;0.53000000;400;EXCHANGE_LAST;;1;1;XEUR;12238967;150;
20.01.2025;15:14:49.577;BAYG SI 20250321 CS;SIMPLE_INSTRUMENT;BLOCK;EUR;36;21.56870000;900;EXCHANGE_LAST;;1;1;XEUR;10723979;76034;
20.01.2025;13:39:40.610;BEI SI 20250221 PS AM C 130.00 0;SIMPLE_INSTRUMENT;BLOCK;EUR;13;1.30000000;800;EXCHANGE_LAST;;1;1;XEUR;12239435;176;
20.01.2025;10:33:33.751;BMW.O.250120.BLT.000004;STANDARD_OPTION_STRATEGY;BLOCK;EUR;5;3.15000000;500;EXCHANGE_LAST;;1;1;XEUR;72058495981109147;210;
20.01.2025;10:33:33.751;BMW SI 20250620 PS AM C 76.00 0;SIMPLE_INSTRUMENT;BLOCK;EUR;5;5.83000000;500;PRC_DECOMP_EXCHANGE;;;;XEUR;7899906;210;EXCHANGE
20.01.2025;10:33:33.751;BMW SI 20260619 PS AM C 76.00 0;SIMPLE_INSTRUMENT;BLOCK;EUR;5;8.98000000;500;PRC_DECOMP_EXCHANGE;;;;XEUR;9541177;210;EXCHANGE
20.01.2025;10:44:07.214;BMW SI 20250620 PS AM P 72.00 0;SIMPLE_INSTRUMENT;BLOCK;EUR;7;4.78000000;1000;EXCHANGE_LAST;;1;1;XEUR;11332528;210;
20.01.2025;10:59:33.931;BMW.O.250120.BER.000006;STANDARD_OPTION_STRATEGY;BLOCK;EUR;8;1.78000000;400;EXCHANGE_LAST;;1;1;XEUR;72058495981109149;210;
20.01.2025;10:59:33.931;BMW SI 20250620 PS AM P 68.00 0;SIMPLE_INSTRUMENT;BLOCK;EUR;8;3.26000000;400;PRC_DECOMP_EXCHANGE;;;;XEUR;7899896;210;EXCHANGE
20.01.2025;10:59:33.931;BMW SI 20250620 PS AM P 60.00 0;SIMPLE_INSTRUMENT;BLOCK;EUR;8;1.48000000;400;PRC_DECOMP_EXCHANGE;;;;XEUR;7899890;210;EXCHANGE
20.01.2025;13:36:28.564;BMW SI 20250221 PS AM C 82.00 0;SIMPLE_INSTRUMENT;BLOCK;EUR;18;1.30000000;1500;EXCHANGE_LAST;;1;1;XEUR;12339270;210;
20.01.2025;14:44:03.439;BMW SI 20250620 PS AM P 72.00 0;SIMPLE_INSTRUMENT;BLOCK;EUR;22;3.80000000;1000;EXCHANGE_LAST;;1;1;XEUR;11332528;210;
20.01.2025;14:44:03.354;BMW SI 20250620 PS AM C 88.00 0;SIMPLE_INSTRUMENT;BLOCK;EUR;23;2.60000000;1000;EXCHANGE_LAST;;1;1;XEUR;11352605;210;
20.01.2025;15:30:12.151;BMW SI 20250321 PS AM C 95.00 0;SIMPLE_INSTRUMENT;BLOCK;EUR;25;0.60000000;700;EXCHANGE_LAST;;1;1;XEUR;11862790;210;
20.01.2025;15:30:19.809;BMW SI 20250321 PS AM C 90.00 0;SIMPLE_INSTRUMENT;BLOCK;EUR;26;1.28000000;700;EXCHANGE_LAST;;1;1;XEUR;12571673;210;
20.01.2025;15:59:12.736;BMW.O.250120.STD.000022;STANDARD_OPTION_STRATEGY;BLOCK;EUR;30;6.17000000;1000;EXCHANGE_LAST;;1;2;XEUR;72058495981109165;210;
20.01.2025;15:59:12.736;BMW SI 20250221 PS AM C 80.00 0;SIMPLE_INSTRUMENT;BLOCK;EUR;30;2.95000000;1000;PRC_DECOMP_EXCHANGE;;;;XEUR;12339210;210;EXCHANGE
20.01.2025;15:59:12.736;BMW SI 20250221 PS AM P 80.00 0;SIMPLE_INSTRUMENT;BLOCK;EUR;30;3.22000000;1000;PRC_DECOMP_EXCHANGE;;;;XEUR;12339209;210;EXCHANGE
20.01.2025;11:43:19.747;BNP.O.250120.STG.000001;STANDARD_OPTION_STRATEGY;BLOCK;EUR;10;5.00000000;1300;EXCHANGE_LAST;;1;1;XEUR;72058611945199804;237;
20.01.2025;11:43:19.747;BNP SI 20250321 PS AM P 56.00 0;SIMPLE_INSTRUMENT;BLOCK;EUR;10;0.59000000;1300;PRC_DECOMP_EXCHANGE;;;;XEUR;10832950;237;EXCHANGE
20.01.2025;11:43:19.747;BNP SI 20250321 PS AM C 60.00 0;SIMPLE_INSTRUMENT;BLOCK;EUR;10;4.41000000;1300;PRC_DECOMP_EXCHANGE;;;;XEUR;10832953;237;EXCHANGE
20.01.2025;11:46:38.236;BNP.O.250120.STG.000002;STANDARD_OPTION_STRATEGY;BLOCK;EUR;11;3.41000000;500;EXCHANGE_LAST;;1;1;XEUR;72058611945199805;237;
20.01.2025;11:46:38.236;BNP SI 20250321 PS AM C 72.00 0;SIMPLE_INSTRUMENT;BLOCK;EUR;11;0.29000000;500;PRC_DECOMP_EXCHANGE;;;;XEUR;10832946;237;EXCHANGE
20.01.2025;11:46:38.236;BNP SI 20250321 PS AM P 64.00 0;SIMPLE_INSTRUMENT;BLOCK;EUR;11;3.12000000;500;PRC_DECOMP_EXCHANGE;;;;XEUR;10832936;237;EXCHANGE
20.01.2025;11:46:52.812;BNP.O.250120.STG.000002;STANDARD_OPTION_STRATEGY;BLOCK;EUR;12;3.42000000;500;EXCHANGE_LAST;;1;1;XEUR;72058611945199805;237;
20.01.2025;11:46:52.812;BNP SI 20250321 PS AM C 72.00 0;SIMPLE_INSTRUMENT;BLOCK;EUR;12;0.30000000;500;PRC_DECOMP_EXCHANGE;;;;XEUR;10832946;237;EXCHANGE
20.01.2025;11:46:52.812;BNP SI 20250321 PS AM P 64.00 0;SIMPLE_INSTRUMENT;BLOCK;EUR;12;3.12000000;500;PRC_DECOMP_EXCHANGE;;;;XEUR;10832936;237;EXCHANGE
20.01.2025;09:12:33.773;BYG.O.250120.STG.000001;STANDARD_OPTION_STRATEGY;BLOCK;EUR;1;4.35000000;750;EXCHANGE_LAST;;1;1;XEUR;72058796628777093;280;
20.01.2025;09:12:33.773;BYG SI 20260619 PS AM P 28.00 0;SIMPLE_INSTRUMENT;BLOCK;EUR;1;2.86000000;750;PRC_DECOMP_EXCHANGE;;;;XEUR;9542671;280;EXCHANGE
20.01.2025;09:12:33.773;BYG SI 20260619 PS AM C 32.00 0;SIMPLE_INSTRUMENT;BLOCK;EUR;1;1.49000000;750;PRC_DECOMP_EXCHANGE;;;;XEUR;9542675;280;EXCHANGE
20.01.2025;14:55:28.058;CBK SI 20250620 PS AM C 18.00 0;SIMPLE_INSTRUMENT;BLOCK;EUR;17;1.51000000;12500;EXCHANGE_LAST;;1;1;XEUR;8883154;268;
20.01.2025;10:19:48.729;CFR SI 20250221 PS AM C 168.00 0;SIMPLE_INSTRUMENT;BLOCK;CHF;21;4.31000000;500;EXCHANGE_LAST;;1;1;XEUR;12607535;313;
20.01.2025;12:41:29.982;CFR SI 20251219 PS AM P 150.00 0;SIMPLE_INSTRUMENT;BLOCK;CHF;52;12.85000000;300;EXCHANGE_LAST;;1;1;XEUR;12437081;313;
20.01.2025;12:42:24.985;CFR SI 20250620 PS AM P 120.00 0;SIMPLE_INSTRUMENT;BLOCK;CHF;53;1.50000000;600;EXCHANGE_LAST;;1;1;XEUR;9996501;313;
20.01.2025;14:03:21.371;CFR SI 20250620 PS AM P 130.00 0;SIMPLE_INSTRUMENT;BLOCK;CHF;70;2.10000000;300;EXCHANGE_LAST;;1;1;XEUR;11273453;313;
20.01.2025;16:04:02.271;CLN SI 20250620 PS AM P 9.20 0;SIMPLE_INSTRUMENT;BLOCK;CHF;94;0.36000000;4250;EXCHANGE_LAST;;1;1;XEUR;10619808;296;
20.01.2025;16:03:36.089;CLN SI 20250620 PS AM P 9.20 0;SIMPLE_INSTRUMENT;BLOCK;CHF;95;0.35000000;4250;EXCHANGE_LAST;;1;1;XEUR;10619808;296;
20.01.2025;16:39:11.279;CR5J SI 20250320 CS;SIMPLE_INSTRUMENT;BLOCK;EUR;64;43.31000000;500;EXCHANGE_LAST;;1;1;XEUR;10689747;50861;
20.01.2025;10:51:46.565;CRI5 SI 20250619 PS AM C 44.00 0;SIMPLE_INSTRUMENT;BLOCK;EUR;2;2.53000000;1500;EXCHANGE_LAST;;1;1;XEUR;9543488;320;
20.01.2025;12:00:25.188;CRI5 SI 20250619 PS AM C 44.00 0;SIMPLE_INSTRUMENT;BLOCK;EUR;3;2.53000000;1500;EXCHANGE_LAST;;1;1;XEUR;9543488;320;
20.01.2025;13:09:47.850;CRI5 SI 20250320 PS AM C 45.00 0;SIMPLE_INSTRUMENT;BLOCK;EUR;4;1.26000000;3000;EXCHANGE_LAST;;1;2;XEUR;12582823;320;
20.01.2025;11:49:12.789;D3AI SI 20251219 CS;SIMPLE_INSTRUMENT;BLOCK;EUR;9;4.18000000;200;EXCHANGE_LAST;;2;2;XEUR;7144062;443197;
20.01.2025;13:00:51.548;D3AI SI 20261218 CS;SIMPLE_INSTRUMENT;BLOCK;EUR;12;3.30000000;80;EXCHANGE_LAST;;1;1;XEUR;7144051;443197;
20.01.2025;13:14:04.073;D3AI SI 20261218 CS;SIMPLE_INSTRUMENT;BLOCK;EUR;17;3.30000000;225;EXCHANGE_LAST;;2;1;XEUR;7144051;443197;
20.01.2025;13:17:15.970;D3AI SI 20251219 CS;SIMPLE_INSTRUMENT;BLOCK;EUR;20;4.19000000;150;EXCHANGE_LAST;;1;2;XEUR;7144062;443197;
20.01.2025;13:16:47.632;D3AI SI 20251219 CS;SIMPLE_INSTRUMENT;BLOCK;EUR;21;4.19000000;100;EXCHANGE_LAST;;1;1;XEUR;7144062;443197;
20.01.2025;13:48:51.926;D3AI SI 20271217 CS;SIMPLE_INSTRUMENT;BLOCK;EUR;24;2.95000000;280;EXCHANGE_LAST;;1;2;XEUR;7144067;443197;
20.01.2025;09:34:04.094;DAI.O.250120.STG.000005;STANDARD_OPTION_STRATEGY;BLOCK;EUR;2;14.90000000;800;EXCHANGE_LAST;;1;1;XEUR;73961106363663721;443196;
20.01.2025;09:34:04.094;DAI SI 20261218 PS AM C 56.00 0;SIMPLE_INSTRUMENT;BLOCK;EUR;2;5.83000000;800;PRC_DECOMP_EXCHANGE;;;;XEUR;7362235;443196;EXCHANGE
20.01.2025;09:34:04.094;DAI SI 20261218 PS AM P 54.00 0;SIMPLE_INSTRUMENT;BLOCK;EUR;2;9.07000000;800;PRC_DECOMP_EXCHANGE;;;;XEUR;7362234;443196;EXCHANGE
20.01.2025;11:07:34.396;DAI SI 20250620 PS AM C 56.00 0;SIMPLE_INSTRUMENT;BLOCK;EUR;9;3.05000000;1250;EXCHANGE_LAST;;1;1;XEUR;8006363;443196;
20.01.2025;11:43:53.091;DAI SI 20250620 PS AM C 60.00 0;SIMPLE_INSTRUMENT;BLOCK;EUR;10;1.55000000;1250;EXCHANGE_LAST;;1;1;XEUR;7934293;443196;
20.01.2025;11:44:23.362;DAI SI 20250620 PS AM P 50.00 0;SIMPLE_INSTRUMENT;BLOCK;EUR;11;2.90000000;1250;EXCHANGE_LAST;;1;1;XEUR;11407736;443196;
20.01.2025;13:49:03.474;DAI.O.250120.RBER.000013;STANDARD_OPTION_STRATEGY;BLOCK;EUR;20;-0.05000000;750;EXCHANGE_LAST;;1;1;XEUR;73961106363663729;443196;
20.01.2025;13:49:03.474;DAI SI 20250620 PS AM P 40.00 0;SIMPLE_INSTRUMENT;BLOCK;EUR;20;0.72000000;1500;PRC_DECOMP_EXCHANGE;;;;XEUR;7990844;443196;EXCHANGE
20.01.2025;13:49:03.474;DAI SI 20250620 PS AM P 46.00 0;SIMPLE_INSTRUMENT;BLOCK;EUR;20;1.49000000;750;PRC_DECOMP_EXCHANGE;;;;XEUR;11407738;443196;EXCHANGE
20.01.2025;15:59:32.588;DAI SI 20260619 PS AM P 40.00 0;SIMPLE_INSTRUMENT;BLOCK;EUR;31;2.60000000;2000;EXCHANGE_LAST;;1;1;XEUR;9598282;443196;
20.01.2025;12:40:52.290;DBKE.O.250120.BUL.000001;STANDARD_OPTION_STRATEGY;BLOCK;EUR;10;0.49000000;8000;EXCHANGE_LAST;;1;1;XEUR;72059359269488983;411;
20.01.2025;12:40:52.290;DBKE SI 20250620 PS EU C 18.00 0;SIMPLE_INSTRUMENT;BLOCK;EUR;10;1.58000000;8000;PRC_DECOMP_EXCHANGE;;;;XEUR;8208340;411;EXCHANGE
20.01.2025;12:40:52.290;DBKE SI 20250620 PS EU C 19.00 0;SIMPLE_INSTRUMENT;BLOCK;EUR;10;1.09000000;8000;PRC_DECOMP_EXCHANGE;;;;XEUR;11356142;411;EXCHANGE
20.01.2025;12:40:59.511;DBKE.O.250120.BUL.000001;STANDARD_OPTION_STRATEGY;BLOCK;EUR;11;0.50000000;8000;EXCHANGE_LAST;;1;1;XEUR;72059359269488983;411;
20.01.2025;12:40:59.511;DBKE SI 20250620 PS EU C 18.00 0;SIMPLE_INSTRUMENT;BLOCK;EUR;11;1.58000000;8000;PRC_DECOMP_EXCHANGE;;;;XEUR;8208340;411;EXCHANGE
20.01.2025;12:40:59.511;DBKE SI 20250620 PS EU C 19.00 0;SIMPLE_INSTRUMENT;BLOCK;EUR;11;1.08000000;8000;PRC_DECOMP_EXCHANGE;;;;XEUR;11356142;411;EXCHANGE
20.01.2025;12:05:54.333;DTE.O.250120.STD.000004;STANDARD_OPTION_STRATEGY;BLOCK;EUR;3;3.52000000;2500;EXCHANGE_LAST;;1;1;XEUR;72059415104107359;424;
20.01.2025;12:05:54.333;DTE SI 20250919 PS AM C 30.00 0;SIMPLE_INSTRUMENT;BLOCK;EUR;3;1.78000000;2500;PRC_DECOMP_EXCHANGE;;;;XEUR;11878505;424;EXCHANGE
20.01.2025;12:05:54.333;DTE SI 20250919 PS AM P 30.00 0;SIMPLE_INSTRUMENT;BLOCK;EUR;3;1.74000000;2500;PRC_DECOMP_EXCHANGE;;;;XEUR;11878508;424;EXCHANGE
20.01.2025;16:14:45.674;DTE SI 20250321 PS AM C 32.00 0;SIMPLE_INSTRUMENT;BLOCK;EUR;12;0.42000000;4500;EXCHANGE_LAST;;1;2;XEUR;10836640;424;
20.01.2025;09:21:53.961;DTG SI 20250221 PS AM P 39.00 0;SIMPLE_INSTRUMENT;BLOCK;EUR;1;1.50000000;1000;EXCHANGE_LAST;;1;1;XEUR;12277995;455942;
20.01.2025;10:48:56.423;E2NL SI 20271217 CS;SIMPLE_INSTRUMENT;BLOCK;EUR;5;0.42000000;1000;EXCHANGE_LAST;;1;1;XEUR;5914571;471;
20.01.2025;16:10:50.723;E2NL SI 20261218 CS;SIMPLE_INSTRUMENT;BLOCK;EUR;58;0.45500000;1000;EXCHANGE_LAST;;1;2;XEUR;4632356;471;
20.01.2025;14:24:38.495;EAD SI 20250919 PS AM C 195.00 0;SIMPLE_INSTRUMENT;BLOCK;EUR;30;3.77000000;500;EXCHANGE_LAST;;1;1;XEUR;12602599;465;
20.01.2025;15:27:04.938;EAD SI 20261218 PS AM P 140.00 0;SIMPLE_INSTRUMENT;BLOCK;EUR;36;11.05000000;500;EXCHANGE_LAST;;1;1;XEUR;11013963;465;
20.01.2025;13:11:59.005;ENL5.O.250120.PDIA.000001;STANDARD_OPTION_STRATEGY;BLOCK;EUR;5;0.69500000;3000;EXCHANGE_LAST;;1;1;XEUR;72059741521586577;500;
20.01.2025;13:11:59.005;ENL5 SI 20250320 PS AM P 6.20 0;SIMPLE_INSTRUMENT;BLOCK;EUR;5;0.03950000;3000;PRC_DECOMP_EXCHANGE;;;;XEUR;12421494;500;EXCHANGE
20.01.2025;13:11:59.005;ENL5 SI 20251218 PS AM P 7.20 0;SIMPLE_INSTRUMENT;BLOCK;EUR;5;0.73450000;3000;PRC_DECOMP_EXCHANGE;;;;XEUR;5911831;500;EXCHANGE
20.01.2025;13:51:17.299;ENR SI 20250221 PS AM C 54.00 0;SIMPLE_INSTRUMENT;BLOCK;EUR;4;2.10000000;1100;EXCHANGE_LAST;;1;1;XEUR;12273411;298530;
20.01.2025;13:51:31.115;ENR SI 20250221 PS AM C 62.00 0;SIMPLE_INSTRUMENT;BLOCK;EUR;5;0.50000000;450;EXCHANGE_LAST;;1;1;XEUR;12327356;298530;
20.01.2025;13:51:31.770;ENR SI 20250221 PS AM C 62.00 0;SIMPLE_INSTRUMENT;BLOCK;EUR;6;0.51000000;1350;EXCHANGE_LAST;;1;1;XEUR;12327356;298530;
20.01.2025;14:20:04.060;ENR SI 20250221 PS AM C 54.00 0;SIMPLE_INSTRUMENT;BLOCK;EUR;7;2.09000000;1100;EXCHANGE_LAST;;1;1;XEUR;12273411;298530;
20.01.2025;14:20:06.593;ENR SI 20250221 PS AM C 62.00 0;SIMPLE_INSTRUMENT;BLOCK;EUR;8;0.54000000;1650;EXCHANGE_LAST;;1;1;XEUR;12327356;298530;
20.01.2025;15:45:09.124;ENR SI 20250919 PS AM P 44.00 0;SIMPLE_INSTRUMENT;BLOCK;EUR;10;4.68000000;500;EXCHANGE_LAST;;1;1;XEUR;11919400;298530;
20.01.2025;10:02:03.037;ENT5 SI 20250320 PS AM C 14.00 0;SIMPLE_INSTRUMENT;BLOCK;EUR;1;0.50000000;1500;EXCHANGE_LAST;;2;2;XEUR;10822837;497;
20.01.2025;14:42:07.256;EVD SI 20250620 PS AM P 76.00 0;SIMPLE_INSTRUMENT;BLOCK;EUR;9;2.25000000;250;EXCHANGE_LAST;;1;1;XEUR;7922214;48052;
20.01.2025;16:20:22.746;F3IA SI 20261218 CS;SIMPLE_INSTRUMENT;BLOCK;EUR;61;0.63000000;400;EXCHANGE_LAST;;1;1;XEUR;6830373;390387;
20.01.2025;16:36:42.989;F3IA SI 20261218 CS;SIMPLE_INSTRUMENT;BLOCK;EUR;63;0.63000000;1000;EXCHANGE_LAST;;1;1;XEUR;6830373;390387;
20.01.2025;16:53:45.592;F3IA SI 20261218 CS;SIMPLE_INSTRUMENT;BLOCK;EUR;66;0.63000000;500;EXCHANGE_LAST;;1;1;XEUR;6830373;390387;
20.01.2025;09:53:36.849;FBTP SI 20250306 PS;SIMPLE_INSTRUMENT;EFP_FIN;EUR;1;118.99000000;260;EXCHANGE_LAST;;1;1;XEUR;11286675;636;
20.01.2025;09:54:04.445;FBTP SI 20250306 PS;SIMPLE_INSTRUMENT;EFP_FIN;EUR;2;118.99000000;56;EXCHANGE_LAST;;1;1;XEUR;11286675;636;
20.01.2025;10:06:28.002;FBTP SI 20250306 PS;SIMPLE_INSTRUMENT;EFP_FIN;EUR;3;118.99000000;104;EXCHANGE_LAST;;1;1;XEUR;11286675;636;
20.01.2025;10:16:42.169;FBTP SI 20250306 PS;SIMPLE_INSTRUMENT;EFP_FIN;EUR;4;119.20000000;224;EXCHANGE_LAST;;1;1;XEUR;11286675;636;
20.01.2025;10:54:16.837;FBTP SI 20250306 PS;SIMPLE_INSTRUMENT;EFP_FIN;EUR;5;118.88000000;229;EXCHANGE_LAST;;1;1;XEUR;11286675;636;
20.01.2025;11:40:22.858;FBTP SI 20250306 PS;SIMPLE_INSTRUMENT;EFP_FIN;EUR;6;118.89000000;496;EXCHANGE_LAST;;1;1;XEUR;11286675;636;
20.01.2025;11:55:33.508;FBTP SI 20250306 PS;SIMPLE_INSTRUMENT;EFP_FIN;EUR;7;118.85000000;876;EXCHANGE_LAST;;1;1;XEUR;11286675;636;
20.01.2025;14:13:27.354;FBTP SI 20250306 PS;SIMPLE_INSTRUMENT;EFP_FIN;EUR;8;119.08000000;875;EXCHANGE_LAST;;1;1;XEUR;11286675;636;
20.01.2025;14:16:36.388;FBTP SI 20250306 PS;SIMPLE_INSTRUMENT;EFP_FIN;EUR;9;119.08000000;139;EXCHANGE_LAST;;1;1;XEUR;11286675;636;
20.01.2025;14:41:12.693;FBTP SI 20250306 PS;SIMPLE_INSTRUMENT;EFP_FIN;EUR;10;118.99000000;170;EXCHANGE_LAST;;1;1;XEUR;11286675;636;
20.01.2025;15:41:06.426;FBTP SI 20250306 PS;SIMPLE_INSTRUMENT;EFP_FIN;EUR;11;119.21000000;137;EXCHANGE_LAST;;1;1;XEUR;11286675;636;
20.01.2025;15:41:30.683;FBTP SI 20250306 PS;SIMPLE_INSTRUMENT;EFP_FIN;EUR;12;119.21000000;137;EXCHANGE_LAST;;1;1;XEUR;11286675;636;
20.01.2025;10:09:35.894;FBTS SI 20250306 PS;SIMPLE_INSTRUMENT;EFP_FIN;EUR;4;107.13000000;227;EXCHANGE_LAST;;1;1;XEUR;11286677;639;
20.01.2025;10:11:40.359;FBTS SI 20250306 PS;SIMPLE_INSTRUMENT;EFP_FIN;EUR;5;107.13000000;1089;EXCHANGE_LAST;;1;1;XEUR;11286677;639;
20.01.2025;11:09:23.087;FBTS SI 20250306 PS;SIMPLE_INSTRUMENT;EFP_FIN;EUR;8;107.10000000;528;EXCHANGE_LAST;;1;1;XEUR;11286677;639;
20.01.2025;11:26:16.382;FBTS SI 20250306 PS;SIMPLE_INSTRUMENT;EFP_FIN;EUR;9;107.10000000;527;EXCHANGE_LAST;;1;1;XEUR;11286677;639;
20.01.2025;11:36:19.454;FBTS SI 20250306 PS;SIMPLE_INSTRUMENT;EFP_FIN;EUR;10;107.12000000;1044;EXCHANGE_LAST;;1;1;XEUR;11286677;639;
20.01.2025;11:49:09.371;FBTS SI 20250306 PS;SIMPLE_INSTRUMENT;EFP_FIN;EUR;11;107.10000000;227;EXCHANGE_LAST;;1;1;XEUR;11286677;639;
20.01.2025;11:53:32.355;FBTS SI 20250306 PS;SIMPLE_INSTRUMENT;EFP_FIN;EUR;12;107.10000000;1816;EXCHANGE_LAST;;1;1;XEUR;11286677;639;
20.01.2025;13:13:26.565;FBTS SI 20250306 PS;SIMPLE_INSTRUMENT;EFP_FIN;EUR;15;107.10000000;318;EXCHANGE_LAST;;1;1;XEUR;11286677;639;
20.01.2025;13:39:20.772;FBTS SI 20250306 PS;SIMPLE_INSTRUMENT;EFP_FIN;EUR;17;107.11000000;908;EXCHANGE_LAST;;1;1;XEUR;11286677;639;
20.01.2025;13:38:29.346;FBTS SI 20250306 PS;SIMPLE_INSTRUMENT;EFP_FIN;EUR;18;107.10000000;232;EXCHANGE_LAST;;1;1;XEUR;11286677;639;
20.01.2025;13:39:07.048;FBTS SI 20250306 PS;SIMPLE_INSTRUMENT;BLOCK;EUR;19;107.08000000;1244;EXCHANGE_LAST;;1;1;XEUR;11286677;639;
20.01.2025;14:10:43.223;FBTS SI 20250306 PS;SIMPLE_INSTRUMENT;BLOCK;EUR;20;107.10000000;264;EXCHANGE_LAST;;1;1;XEUR;11286677;639;
20.01.2025;14:11:35.956;FBTS SI 20250306 PS;SIMPLE_INSTRUMENT;BLOCK;EUR;21;107.10000000;264;EXCHANGE_LAST;;1;1;XEUR;11286677;639;
20.01.2025;15:17:38.141;FBTS SI 20250306 PS;SIMPLE_INSTRUMENT;EFP_FIN;EUR;22;107.14000000;527;EXCHANGE_LAST;;1;1;XEUR;11286677;639;
20.01.2025;16:00:18.672;FBTS SI 20250306 PS;SIMPLE_INSTRUMENT;BLOCK;EUR;23;107.14000000;250;EXCHANGE_LAST;;1;1;XEUR;11286677;639;
20.01.2025;16:24:56.250;FBTS SI 20250306 PS;SIMPLE_INSTRUMENT;EFP_FIN;EUR;24;107.17000000;351;EXCHANGE_LAST;;1;1;XEUR;11286677;639;
20.01.2025;15:09:30.055;FCEU SI 20250317 PS;SIMPLE_INSTRUMENT;BLOCK;USD;4;1.04410000;61;EXCHANGE_LAST;;1;1;XEUR;9136240;369376;
20.01.2025;13:05:48.072;FCMU SI 20250317 CS;SIMPLE_INSTRUMENT;BLOCK;USD;2;0.04747000;60;EXCHANGE_LAST;;1;1;XEUR;11329545;570874;
20.01.2025;15:03:13.584;FCMU SI 20250317 CS;SIMPLE_INSTRUMENT;BLOCK;USD;3;0.04839000;260;EXCHANGE_LAST;;1;1;XEUR;11329545;570874;
20.01.2025;13:04:09.262;FCZU SI 20250317 CS;SIMPLE_INSTRUMENT;BLOCK;USD;1;0.05301000;50;EXCHANGE_LAST;;1;1;XEUR;11329546;570872;
20.01.2025;12:21:46.895;FDAX SI 20250321 CS;SIMPLE_INSTRUMENT;VOLA;EUR;671088648;21024.00000000;4;EXCHANGE_LAST;;1;1;XEUR;7561255;589;
20.01.2025;14:38:20.324;FDAX SI 20250321 CS;SIMPLE_INSTRUMENT;VOLA;EUR;671088655;21150.00000000;8;EXCHANGE_LAST;;1;1;XEUR;7561255;589;
20.01.2025;16:04:23.367;FDAX SI 20250321 CS;SIMPLE_INSTRUMENT;VOLA;EUR;671088664;21150.00000000;21;EXCHANGE_LAST;;1;1;XEUR;7561255;589;
20.01.2025;10:12:14.510;FEBD SI 20251219 CS;SIMPLE_INSTRUMENT;BLOCK;EUR;21;10.40000000;900;EXCHANGE_LAST;;1;1;XEUR;5914075;597;
20.01.2025;10:12:38.600;FEBD SI 20261218 CS;SIMPLE_INSTRUMENT;BLOCK;EUR;22;9.95000000;900;EXCHANGE_LAST;;1;1;XEUR;7158212;597;
20.01.2025;10:12:54.441;FEBD SI 20271217 CS;SIMPLE_INSTRUMENT;BLOCK;EUR;23;9.15000000;900;EXCHANGE_LAST;;1;1;XEUR;7776307;597;
20.01.2025;10:13:07.675;FEBD SI 20281215 CS;SIMPLE_INSTRUMENT;BLOCK;EUR;24;8.40000000;900;EXCHANGE_LAST;;1;1;XEUR;7776305;597;
20.01.2025;10:13:23.272;FEBD SI 20291221 CS;SIMPLE_INSTRUMENT;BLOCK;EUR;25;7.85000000;900;EXCHANGE_LAST;;1;1;XEUR;8782283;597;
20.01.2025;11:23:50.409;FEBD SI 20251219 CS;SIMPLE_INSTRUMENT;BLOCK;EUR;36;10.37000000;932;EXCHANGE_LAST;;1;1;XEUR;5914075;597;
20.01.2025;15:21:26.763;FEBD SI 20261218 CS;SIMPLE_INSTRUMENT;BLOCK;EUR;52;10.02000000;350;EXCHANGE_LAST;;1;1;XEUR;7158212;597;
20.01.2025;16:45:44.578;FEDV SI 20250321 CS;SIMPLE_INSTRUMENT;EFP_IDX;EUR;65;1703.00000000;793;EXCHANGE_LAST;;1;1;XEUR;11359068;596;
20.01.2025;16:45:53.663;FEDV SI 20250321 CS;SIMPLE_INSTRUMENT;EFP_IDX;EUR;66;1703.50000000;507;EXCHANGE_LAST;;1;1;XEUR;11359068;596;
20.01.2025;15:27:39.204;FESB SI 20250321 CS;SIMPLE_INSTRUMENT;BLOCK;EUR;33;158.70000000;3000;EXCHANGE_LAST;;1;1;XEUR;11359072;605;
20.01.2025;15:48:04.225;FESB SI 20250321 CS;SIMPLE_INSTRUMENT;BLOCK;EUR;34;158.70000000;5000;EXCHANGE_LAST;;1;1;XEUR;11359072;605;
20.01.2025;15:58:03.015;FESB SI 20250321 CS;SIMPLE_INSTRUMENT;BLOCK;EUR;35;158.70000000;6000;EXCHANGE_LAST;;1;1;XEUR;11359072;605;
20.01.2025;15:56:58.519;FESB SI 20250321 CS;SIMPLE_INSTRUMENT;BLOCK;EUR;36;158.70000000;15000;EXCHANGE_LAST;;1;1;XEUR;11359072;605;
20.01.2025;16:00:00.420;FESB SI 20250321 CS;SIMPLE_INSTRUMENT;BLOCK;EUR;37;158.70000000;5000;EXCHANGE_LAST;;1;1;XEUR;11359072;605;
20.01.2025;16:16:46.796;FESB SI 20250321 CS;SIMPLE_INSTRUMENT;BLOCK;EUR;38;158.30000000;7500;EXCHANGE_LAST;;1;1;XEUR;11359072;605;
20.01.2025;16:49:04.751;FESB SI 20250321 CS;SIMPLE_INSTRUMENT;EFP_IDX;EUR;44;158.30000000;1200;EXCHANGE_LAST;;1;1;XEUR;11359072;605;
20.01.2025;16:49:14.338;FESB SI 20250321 CS;SIMPLE_INSTRUMENT;EFP_IDX;EUR;45;158.35000000;800;EXCHANGE_LAST;;1;1;XEUR;11359072;605;
20.01.2025;10:18:40.555;FESB SI 20250321 CS;SIMPLE_INSTRUMENT;VOLA;EUR;603979789;158.60000000;1280;EXCHANGE_LAST;;1;1;XEUR;11359072;605;
20.01.2025;13:38:42.485;FESE SI 20250321 CS;SIMPLE_INSTRUMENT;VOLA;EUR;603979803;360.80000000;65;EXCHANGE_LAST;;1;1;XEUR;11359705;685;
20.01.2025;09:04:54.579;FESX SI 20250321 CS;SIMPLE_INSTRUMENT;BLOCK;EUR;1;5174.00000000;3400;EXCHANGE_LAST;;1;1;XEUR;7793482;675;
20.01.2025;09:10:25.710;FESX SI 20250321 CS;SIMPLE_INSTRUMENT;BLOCK;EUR;2;5170.00000000;2000;EXCHANGE_LAST;;1;1;XEUR;7793482;675;
20.01.2025;09:35:58.035;FESX SI 20250321 CS;SIMPLE_INSTRUMENT;BLOCK;EUR;3;5180.00000000;3000;EXCHANGE_LAST;;1;1;XEUR;7793482;675;
20.01.2025;09:29:55.158;FESX SI 20250321 CS;SIMPLE_INSTRUMENT;BLOCK;EUR;4;5177.00000000;3941;EXCHANGE_LAST;;1;1;XEUR;7793482;675;
20.01.2025;10:01:37.306;FESX SI 20250321 CS;SIMPLE_INSTRUMENT;EFP_IDX;EUR;5;5175.00000000;1000;EXCHANGE_LAST;;1;1;XEUR;7793482;675;
20.01.2025;10:05:11.554;FESX SI 20250321 CS;SIMPLE_INSTRUMENT;BLOCK;EUR;6;5177.00000000;2541;EXCHANGE_LAST;;1;1;XEUR;7793482;675;
20.01.2025;10:39:25.991;FESX SI 20250321 CS;SIMPLE_INSTRUMENT;EFP_IDX;EUR;7;5167.00000000;1500;EXCHANGE_LAST;;1;1;XEUR;7793482;675;
20.01.2025;10:49:20.851;FESX SI 20250321 CS;SIMPLE_INSTRUMENT;EFP_IDX;EUR;8;5170.00000000;500;EXCHANGE_LAST;;1;1;XEUR;7793482;675;
20.01.2025;12:20:49.009;FESX SI 20250321 CS;SIMPLE_INSTRUMENT;EFP_IDX;EUR;9;5165.00000000;1000;EXCHANGE_LAST;;1;1;XEUR;7793482;675;
20.01.2025;12:21:23.737;FESX SI 20250321 CS;SIMPLE_INSTRUMENT;EFP_IDX;EUR;10;5165.00000000;1000;EXCHANGE_LAST;;1;1;XEUR;7793482;675;
20.01.2025;12:52:34.218;FESX SI 20250321 CS;SIMPLE_INSTRUMENT;BLOCK;EUR;11;5165.00000000;2000;EXCHANGE_LAST;;1;1;XEUR;7793482;675;
20.01.2025;13:36:42.620;FESX SI 20250321 CS;SIMPLE_INSTRUMENT;EFP_IDX;EUR;12;5163.00000000;1000;EXCHANGE_LAST;;1;1;XEUR;7793482;675;
20.01.2025;13:46:41.546;FESX SI 20250321 CS;SIMPLE_INSTRUMENT;EFP_IDX;EUR;14;5163.00000000;1000;EXCHANGE_LAST;;1;1;XEUR;7793482;675;
20.01.2025;15:08:33.048;FESX SI 20250321 CS;SIMPLE_INSTRUMENT;BLOCK;EUR;15;5195.00000000;5000;EXCHANGE_LAST;;1;1;XEUR;7793482;675;
20.01.2025;15:24:48.891;FESX SI 20250321 CS;SIMPLE_INSTRUMENT;BLOCK;EUR;16;5195.00000000;2000;EXCHANGE_LAST;;1;1;XEUR;7793482;675;
20.01.2025;16:08:40.257;FESX SI 20250321 CS;SIMPLE_INSTRUMENT;BLOCK;EUR;17;5184.00000000;8000;EXCHANGE_LAST;;1;1;XEUR;7793482;675;
20.01.2025;16:30:18.828;FESX SI 20250321 CS;SIMPLE_INSTRUMENT;EFP_IDX;EUR;18;5180.00000000;1000;EXCHANGE_LAST;;1;1;XEUR;7793482;675;
20.01.2025;16:44:51.808;FESX SI 20250321 CS;SIMPLE_INSTRUMENT;EFP_IDX;EUR;19;5181.00000000;143;EXCHANGE_LAST;;1;1;XEUR;7793482;675;
20.01.2025;16:44:43.807;FESX SI 20250321 CS;SIMPLE_INSTRUMENT;EFP_IDX;EUR;20;5182.00000000;207;EXCHANGE_LAST;;1;1;XEUR;7793482;675;
20.01.2025;16:48:45.969;FESX SI 20250321 CS;SIMPLE_INSTRUMENT;EFP_IDX;EUR;21;5181.00000000;113;EXCHANGE_LAST;;1;1;XEUR;7793482;675;
20.01.2025;16:49:14.943;FESX SI 20250321 CS;SIMPLE_INSTRUMENT;EFP_IDX;EUR;22;5182.00000000;89;EXCHANGE_LAST;;1;1;XEUR;7793482;675;
20.01.2025;16:53:14.227;FESX SI 20250321 CS;SIMPLE_INSTRUMENT;EFP_IDX;EUR;23;5181.00000000;62;EXCHANGE_LAST;;1;1;XEUR;7793482;675;
20.01.2025;16:52:57.885;FESX SI 20250321 CS;SIMPLE_INSTRUMENT;EFP_IDX;EUR;24;5182.00000000;138;EXCHANGE_LAST;;1;1;XEUR;7793482;675;
20.01.2025;16:54:06.428;FESX SI 20250321 CS;SIMPLE_INSTRUMENT;BLOCK;EUR;25;5185.00000000;5000;EXCHANGE_LAST;;1;1;XEUR;7793482;675;
20.01.2025;16:58:58.217;FESX SI 20250321 CS;SIMPLE_INSTRUMENT;EFP_IDX;EUR;26;5182.00000000;108;EXCHANGE_LAST;;1;1;XEUR;7793482;675;
20.01.2025;16:59:07.646;FESX SI 20250321 CS;SIMPLE_INSTRUMENT;EFP_IDX;EUR;27;5181.00000000;1560;EXCHANGE_LAST;;1;1;XEUR;7793482;675;
20.01.2025;17:03:06.984;FESX SI 20250321 CS;SIMPLE_INSTRUMENT;EFP_IDX;EUR;28;5182.00000000;649;EXCHANGE_LAST;;1;1;XEUR;7793482;675;
20.01.2025;17:03:18.745;FESX SI 20250321 CS;SIMPLE_INSTRUMENT;EFP_IDX;EUR;29;5181.00000000;291;EXCHANGE_LAST;;1;1;XEUR;7793482;675;
20.01.2025;17:03:37.450;FESX SI 20250321 CS;SIMPLE_INSTRUMENT;EFP_IDX;EUR;30;5182.00000000;276;EXCHANGE_LAST;;1;1;XEUR;7793482;675;
20.01.2025;17:03:45.987;FESX SI 20250321 CS;SIMPLE_INSTRUMENT;EFP_IDX;EUR;31;5181.00000000;124;EXCHANGE_LAST;;1;1;XEUR;7793482;675;
20.01.2025;08:54:20.557;FESX SI 20250321 CS;SIMPLE_INSTRUMENT;VOLA;EUR;637534218;5180.00000000;200;EXCHANGE_LAST;;1;1;XEUR;7793482;675;
20.01.2025;08:57:41.444;FESX SI 20250321 CS;SIMPLE_INSTRUMENT;VOLA;EUR;637534219;5180.00000000;40;EXCHANGE_LAST;;1;1;XEUR;7793482;675;
20.01.2025;09:02:52.187;FESX SI 20250321 CS;SIMPLE_INSTRUMENT;VOLA;EUR;637534221;5172.00000000;1280;EXCHANGE_LAST;;1;1;XEUR;7793482;675;
20.01.2025;11:08:32.626;FESX SI 20250321 CS;SIMPLE_INSTRUMENT;VOLA;EUR;637534274;5180.00000000;300;EXCHANGE_LAST;;1;1;XEUR;7793482;675;
20.01.2025;11:25:33.091;FESX SI 20250321 CS;SIMPLE_INSTRUMENT;VOLA;EUR;637534282;5169.00000000;1840;EXCHANGE_LAST;;1;1;XEUR;7793482;675;
20.01.2025;11:42:04.608;FESX SI 20250321 CS;SIMPLE_INSTRUMENT;VOLA;EUR;637534289;5180.00000000;525;EXCHANGE_LAST;;1;1;XEUR;7793482;675;
20.01.2025;12:51:57.493;FESX SI 20250321 CS;SIMPLE_INSTRUMENT;VOLA;EUR;637534309;5180.00000000;300;EXCHANGE_LAST;;1;1;XEUR;7793482;675;
20.01.2025;13:03:22.004;FESX SI 20250321 CS;SIMPLE_INSTRUMENT;VOLA;EUR;637534313;5165.00000000;620;EXCHANGE_LAST;;1;1;XEUR;7793482;675;
20.01.2025;13:14:41.899;FESX SI 20250321 CS;SIMPLE_INSTRUMENT;VOLA;EUR;637534317;5165.00000000;600;EXCHANGE_LAST;;1;1;XEUR;7793482;675;
20.01.2025;13:18:13.819;FESX SI 20250321 CS;SIMPLE_INSTRUMENT;VOLA;EUR;637534318;5170.00000000;220;EXCHANGE_LAST;;1;1;XEUR;7793482;675;
20.01.2025;14:14:17.471;FESX SI 20250321 CS;SIMPLE_INSTRUMENT;VOLA;EUR;637534332;5180.00000000;150;EXCHANGE_LAST;;1;1;XEUR;7793482;675;
20.01.2025;14:29:48.501;FESX SI 20250321 CS;SIMPLE_INSTRUMENT;VOLA;EUR;637534342;5190.00000000;544;EXCHANGE_LAST;;1;1;XEUR;7793482;675;
20.01.2025;15:10:58.267;FESX SI 20250321 CS;SIMPLE_INSTRUMENT;VOLA;EUR;637534359;5180.00000000;750;EXCHANGE_LAST;;1;1;XEUR;7793482;675;
20.01.2025;15:12:28.441;FESX SI 20250321 CS;SIMPLE_INSTRUMENT;VOLA;EUR;637534362;5198.00000000;50;EXCHANGE_LAST;;1;1;XEUR;7793482;675;
20.01.2025;15:23:53.438;FESX SI 20250321 CS;SIMPLE_INSTRUMENT;VOLA;EUR;637534368;5194.00000000;1110;EXCHANGE_LAST;;1;1;XEUR;7793482;675;
20.01.2025;15:24:24.250;FESX SI 20250321 CS;SIMPLE_INSTRUMENT;VOLA;EUR;637534371;5194.00000000;1110;EXCHANGE_LAST;;1;1;XEUR;7793482;675;
20.01.2025;15:26:02.238;FESX SI 20250321 CS;SIMPLE_INSTRUMENT;VOLA;EUR;637534373;5194.00000000;66;EXCHANGE_LAST;;1;1;XEUR;7793482;675;
20.01.2025;15:36:30.884;FESX SI 20250321 CS;SIMPLE_INSTRUMENT;VOLA;EUR;637534375;5180.00000000;150;EXCHANGE_LAST;;1;1;XEUR;7793482;675;
20.01.2025;15:51:16.984;FESX SI 20250321 CS;SIMPLE_INSTRUMENT;VOLA;EUR;637534382;5190.00000000;475;EXCHANGE_LAST;;1;1;XEUR;7793482;675;
20.01.2025;16:12:06.079;FESX SI 20250321 CS;SIMPLE_INSTRUMENT;VOLA;EUR;637534387;5184.00000000;300;EXCHANGE_LAST;;1;1;XEUR;7793482;675;
20.01.2025;09:19:02.010;FEXD SI 20281215 CS;SIMPLE_INSTRUMENT;BLOCK;EUR;9;147.40000000;100;EXCHANGE_LAST;;1;1;XEUR;3680985;693;
20.01.2025;09:20:23.591;FEXD.S.DEC27.DEC28.SPD;FUTURES_SPREAD;BLOCK;EUR;10;4.40000000;100;EXCHANGE_LAST;;1;1;XEUR;72060570450264162;693;
20.01.2025;09:20:23.591;FEXD SI 20271217 CS;SIMPLE_INSTRUMENT;BLOCK;EUR;10;151.50000000;100;PRC_DECOMP_EXCHANGE;;;;XEUR;2848338;693;EXCHANGE
20.01.2025;09:20:23.591;FEXD SI 20281215 CS;SIMPLE_INSTRUMENT;BLOCK;EUR;10;147.10000000;100;PRC_DECOMP_EXCHANGE;;;;XEUR;3680985;693;EXCHANGE
20.01.2025;09:19:17.564;FEXD SI 20291221 CS;SIMPLE_INSTRUMENT;BLOCK;EUR;12;143.40000000;250;EXCHANGE_LAST;;1;1;XEUR;4631968;693;
20.01.2025;09:19:20.150;FEXD SI 20281215 CS;SIMPLE_INSTRUMENT;BLOCK;EUR;13;147.40000000;250;EXCHANGE_LAST;;1;1;XEUR;3680985;693;
20.01.2025;10:16:34.233;FEXD SI 20271217 CS;SIMPLE_INSTRUMENT;BLOCK;EUR;20;151.50000000;500;EXCHANGE_LAST;;1;1;XEUR;2848338;693;
20.01.2025;10:26:22.235;FEXD.S.DEC28.DEC29.SPD;FUTURES_SPREAD;BLOCK;EUR;26;4.00000000;1000;EXCHANGE_LAST;;2;1;XEUR;72060570450264171;693;
20.01.2025;10:26:22.235;FEXD SI 20291221 CS;SIMPLE_INSTRUMENT;BLOCK;EUR;26;143.20000000;1000;PRC_DECOMP_MEMBER;;;;XEUR;4631968;693;MEMBER
20.01.2025;10:26:22.235;FEXD SI 20281215 CS;SIMPLE_INSTRUMENT;BLOCK;EUR;26;147.20000000;1000;PRC_DECOMP_MEMBER;;;;XEUR;3680985;693;MEMBER
20.01.2025;10:41:02.897;FEXD SI 20261218 CS;SIMPLE_INSTRUMENT;BLOCK;EUR;27;156.40000000;379;EXCHANGE_LAST;;1;1;XEUR;2163053;693;
20.01.2025;10:40:39.400;FEXD SI 20271217 CS;SIMPLE_INSTRUMENT;BLOCK;EUR;28;151.50000000;749;EXCHANGE_LAST;;1;1;XEUR;2848338;693;
20.01.2025;10:45:20.890;FEXD SI 20251219 CS;SIMPLE_INSTRUMENT;BLOCK;EUR;30;159.60000000;300;EXCHANGE_LAST;;1;1;XEUR;1548120;693;
20.01.2025;11:23:49.480;FEXD SI 20251219 CS;SIMPLE_INSTRUMENT;BLOCK;EUR;35;159.60000000;303;EXCHANGE_LAST;;1;1;XEUR;1548120;693;
20.01.2025;12:19:40.323;FEXD.S.DEC25.DEC26.SPD;FUTURES_SPREAD;BLOCK;EUR;39;3.10000000;250;EXCHANGE_LAST;;1;1;XEUR;72060570450264144;693;
20.01.2025;12:19:40.323;FEXD SI 20261218 CS;SIMPLE_INSTRUMENT;BLOCK;EUR;39;156.60000000;250;PRC_DECOMP_EXCHANGE;;;;XEUR;2163053;693;EXCHANGE
20.01.2025;12:19:40.323;FEXD SI 20251219 CS;SIMPLE_INSTRUMENT;BLOCK;EUR;39;159.70000000;250;PRC_DECOMP_EXCHANGE;;;;XEUR;1548120;693;EXCHANGE
20.01.2025;16:14:57.596;FEXD SI 20251219 CS;SIMPLE_INSTRUMENT;BLOCK;EUR;58;159.80000000;350;EXCHANGE_LAST;;1;1;XEUR;1548120;693;
20.01.2025;08:03:05.029;FGBL SI 20250306 PS;SIMPLE_INSTRUMENT;EFS;EUR;1;131.85000000;100;EXCHANGE_LAST;;1;1;XEUR;11286679;688;
20.01.2025;08:38:00.022;FGBL SI 20250306 PS;SIMPLE_INSTRUMENT;EFS;EUR;2;131.72000000;415;EXCHANGE_LAST;;1;1;XEUR;11286679;688;
20.01.2025;08:40:50.139;FGBL SI 20250306 PS;SIMPLE_INSTRUMENT;EFS;EUR;3;131.80000000;415;EXCHANGE_LAST;;1;1;XEUR;11286679;688;
20.01.2025;08:43:57.386;FGBL SI 20250306 PS;SIMPLE_INSTRUMENT;EFS;EUR;4;131.72000000;570;EXCHANGE_LAST;;1;1;XEUR;11286679;688;
20.01.2025;08:49:44.943;FGBL SI 20250306 PS;SIMPLE_INSTRUMENT;EFS;EUR;5;131.79000000;474;EXCHANGE_LAST;;1;1;XEUR;11286679;688;
20.01.2025;08:52:33.854;FGBL SI 20250306 PS;SIMPLE_INSTRUMENT;EFS;EUR;6;131.73000000;474;EXCHANGE_LAST;;1;1;XEUR;11286679;688;
20.01.2025;09:01:10.516;FGBL SI 20250306 PS;SIMPLE_INSTRUMENT;EFP_FIN;EUR;7;131.70000000;315;EXCHANGE_LAST;;1;1;XEUR;11286679;688;
20.01.2025;09:05:12.228;FGBL SI 20250306 PS;SIMPLE_INSTRUMENT;EFS;EUR;8;131.72000000;415;EXCHANGE_LAST;;1;1;XEUR;11286679;688;
20.01.2025;09:18:26.670;FGBL SI 20250306 PS;SIMPLE_INSTRUMENT;EFS;EUR;9;131.69000000;207;EXCHANGE_LAST;;1;1;XEUR;11286679;688;
20.01.2025;09:23:30.501;FGBL SI 20250306 PS;SIMPLE_INSTRUMENT;EFS;EUR;10;131.67000000;207;EXCHANGE_LAST;;1;1;XEUR;11286679;688;
20.01.2025;09:36:57.340;FGBL SI 20250306 PS;SIMPLE_INSTRUMENT;EFS;EUR;11;131.67000000;414;EXCHANGE_LAST;;1;1;XEUR;11286679;688;
20.01.2025;09:44:48.790;FGBL SI 20250306 PS;SIMPLE_INSTRUMENT;EFS;EUR;12;131.72000000;1840;EXCHANGE_LAST;;1;1;XEUR;11286679;688;
20.01.2025;09:46:17.162;FGBL SI 20250306 PS;SIMPLE_INSTRUMENT;BLOCK;EUR;13;131.67000000;2173;EXCHANGE_LAST;;1;1;XEUR;11286679;688;
20.01.2025;09:46:17.263;FGBL SI 20250306 PS;SIMPLE_INSTRUMENT;EFS;EUR;14;131.68000000;188;EXCHANGE_LAST;;1;1;XEUR;11286679;688;
20.01.2025;09:52:26.618;FGBL SI 20250306 PS;SIMPLE_INSTRUMENT;EFS;EUR;15;131.69000000;200;EXCHANGE_LAST;;1;1;XEUR;11286679;688;
20.01.2025;09:58:51.474;FGBL SI 20250306 PS;SIMPLE_INSTRUMENT;EFS;EUR;16;131.67000000;415;EXCHANGE_LAST;;1;1;XEUR;11286679;688;
20.01.2025;10:00:44.543;FGBL SI 20250306 PS;SIMPLE_INSTRUMENT;EFP_FIN;EUR;17;131.67000000;259;EXCHANGE_LAST;;1;1;XEUR;11286679;688;
20.01.2025;10:00:50.494;FGBL SI 20250306 PS;SIMPLE_INSTRUMENT;EFS;EUR;18;131.67000000;474;EXCHANGE_LAST;;1;1;XEUR;11286679;688;
20.01.2025;10:01:03.306;FGBL SI 20250306 PS;SIMPLE_INSTRUMENT;EFS;EUR;19;131.68000000;474;EXCHANGE_LAST;;1;1;XEUR;11286679;688;
20.01.2025;10:02:02.610;FGBL SI 20250306 PS;SIMPLE_INSTRUMENT;EFS;EUR;20;131.68000000;415;EXCHANGE_LAST;;1;1;XEUR;11286679;688;
20.01.2025;10:07:22.828;FGBL SI 20250306 PS;SIMPLE_INSTRUMENT;EFS;EUR;21;131.66000000;415;EXCHANGE_LAST;;1;1;XEUR;11286679;688;
20.01.2025;10:14:39.481;FGBL SI 20250306 PS;SIMPLE_INSTRUMENT;EFS;EUR;22;131.62000000;290;EXCHANGE_LAST;;1;1;XEUR;11286679;688;
20.01.2025;10:15:15.956;FGBL SI 20250306 PS;SIMPLE_INSTRUMENT;EFS;EUR;23;131.64000000;1000;EXCHANGE_LAST;;1;1;XEUR;11286679;688;
20.01.2025;10:23:09.544;FGBL SI 20250306 PS;SIMPLE_INSTRUMENT;EFS;EUR;24;131.63000000;415;EXCHANGE_LAST;;1;1;XEUR;11286679;688;
20.01.2025;10:24:12.741;FGBL SI 20250306 PS;SIMPLE_INSTRUMENT;EFS;EUR;25;131.63000000;414;EXCHANGE_LAST;;1;1;XEUR;11286679;688;
20.01.2025;10:24:39.635;FGBL SI 20250306 PS;SIMPLE_INSTRUMENT;EFS;EUR;26;131.63000000;415;EXCHANGE_LAST;;1;1;XEUR;11286679;688;
20.01.2025;10:25:12.492;FGBL SI 20250306 PS;SIMPLE_INSTRUMENT;EFP_FIN;EUR;27;131.59000000;668;EXCHANGE_LAST;;1;1;XEUR;11286679;688;
20.01.2025;10:29:45.596;FGBL SI 20250306 PS;SIMPLE_INSTRUMENT;EFP_FIN;EUR;29;131.63000000;305;EXCHANGE_LAST;;1;1;XEUR;11286679;688;
20.01.2025;10:39:59.672;FGBL SI 20250306 PS;SIMPLE_INSTRUMENT;EFS;EUR;30;131.61000000;300;EXCHANGE_LAST;;1;1;XEUR;11286679;688;
20.01.2025;10:40:13.915;FGBL SI 20250306 PS;SIMPLE_INSTRUMENT;EFP_FIN;EUR;31;131.59000000;123;EXCHANGE_LAST;;1;1;XEUR;11286679;688;
20.01.2025;10:53:46.971;FGBL SI 20250306 PS;SIMPLE_INSTRUMENT;EFS;EUR;32;131.56000000;415;EXCHANGE_LAST;;1;1;XEUR;11286679;688;
20.01.2025;10:55:14.945;FGBL SI 20250306 PS;SIMPLE_INSTRUMENT;EFS;EUR;33;131.57000000;475;EXCHANGE_LAST;;1;1;XEUR;11286679;688;
20.01.2025;10:56:29.175;FGBL SI 20250306 PS;SIMPLE_INSTRUMENT;EFS;EUR;34;131.57000000;475;EXCHANGE_LAST;;1;1;XEUR;11286679;688;
20.01.2025;10:59:03.042;FGBL SI 20250306 PS;SIMPLE_INSTRUMENT;EFS;EUR;35;131.57000000;415;EXCHANGE_LAST;;1;1;XEUR;11286679;688;
20.01.2025;11:00:13.520;FGBL SI 20250306 PS;SIMPLE_INSTRUMENT;EFS;EUR;36;131.57000000;829;EXCHANGE_LAST;;1;1;XEUR;11286679;688;
20.01.2025;11:00:49.692;FGBL SI 20250306 PS;SIMPLE_INSTRUMENT;EFS;EUR;37;131.56000000;948;EXCHANGE_LAST;;1;1;XEUR;11286679;688;
20.01.2025;11:00:53.622;FGBL SI 20250306 PS;SIMPLE_INSTRUMENT;EFS;EUR;38;131.57000000;415;EXCHANGE_LAST;;1;1;XEUR;11286679;688;
20.01.2025;11:13:03.345;FGBL SI 20250306 PS;SIMPLE_INSTRUMENT;EFS;EUR;39;131.57000000;232;EXCHANGE_LAST;;1;1;XEUR;11286679;688;
20.01.2025;11:19:09.695;FGBL SI 20250306 PS;SIMPLE_INSTRUMENT;EFP_FIN;EUR;40;131.60000000;1906;EXCHANGE_LAST;;1;1;XEUR;11286679;688;
20.01.2025;11:22:50.737;FGBL SI 20250306 PS;SIMPLE_INSTRUMENT;EFP_FIN;EUR;41;131.60000000;268;EXCHANGE_LAST;;1;1;XEUR;11286679;688;
20.01.2025;11:31:09.423;FGBL SI 20250306 PS;SIMPLE_INSTRUMENT;EFP_FIN;EUR;42;131.60000000;245;EXCHANGE_LAST;;1;1;XEUR;11286679;688;
20.01.2025;11:45:00.743;FGBL SI 20250306 PS;SIMPLE_INSTRUMENT;EFP_FIN;EUR;43;131.60000000;1463;EXCHANGE_LAST;;1;1;XEUR;11286679;688;
20.01.2025;11:52:47.169;FGBL SI 20250306 PS;SIMPLE_INSTRUMENT;EFP_FIN;EUR;44;131.62000000;315;EXCHANGE_LAST;;1;1;XEUR;11286679;688;
20.01.2025;12:06:41.290;FGBL SI 20250306 PS;SIMPLE_INSTRUMENT;EFP_FIN;EUR;45;131.58000000;819;EXCHANGE_LAST;;1;1;XEUR;11286679;688;
20.01.2025;12:09:54.230;FGBL SI 20250306 PS;SIMPLE_INSTRUMENT;EFS;EUR;46;131.55000000;415;EXCHANGE_LAST;;1;1;XEUR;11286679;688;
20.01.2025;12:17:34.974;FGBL SI 20250306 PS;SIMPLE_INSTRUMENT;EFP_FIN;EUR;47;131.57000000;166;EXCHANGE_LAST;;1;1;XEUR;11286679;688;
20.01.2025;12:18:20.613;FGBL SI 20250306 PS;SIMPLE_INSTRUMENT;EFS;EUR;48;131.54000000;497;EXCHANGE_LAST;;1;1;XEUR;11286679;688;
20.01.2025;12:27:25.613;FGBL SI 20250306 PS;SIMPLE_INSTRUMENT;EFS;EUR;49;131.52000000;415;EXCHANGE_LAST;;1;1;XEUR;11286679;688;
20.01.2025;12:28:02.711;FGBL SI 20250306 PS;SIMPLE_INSTRUMENT;EFS;EUR;50;131.52000000;207;EXCHANGE_LAST;;1;1;XEUR;11286679;688;
20.01.2025;12:38:59.611;FGBL SI 20250306 PS;SIMPLE_INSTRUMENT;EFS;EUR;51;131.54000000;432;EXCHANGE_LAST;;1;1;XEUR;11286679;688;
20.01.2025;12:45:40.106;FGBL SI 20250306 PS;SIMPLE_INSTRUMENT;EFS;EUR;52;131.57000000;232;EXCHANGE_LAST;;1;1;XEUR;11286679;688;
20.01.2025;12:59:00.713;FGBL SI 20250306 PS;SIMPLE_INSTRUMENT;EFS;EUR;53;131.55000000;750;EXCHANGE_LAST;;1;1;XEUR;11286679;688;
20.01.2025;13:08:38.575;FGBL SI 20250306 PS;SIMPLE_INSTRUMENT;EFS;EUR;54;131.57000000;415;EXCHANGE_LAST;;1;1;XEUR;11286679;688;
20.01.2025;13:09:35.716;FGBL SI 20250306 PS;SIMPLE_INSTRUMENT;EFS;EUR;55;131.59000000;415;EXCHANGE_LAST;;1;1;XEUR;11286679;688;
20.01.2025;13:12:54.154;FGBL SI 20250306 PS;SIMPLE_INSTRUMENT;EFP_FIN;EUR;56;131.70000000;76;EXCHANGE_LAST;;1;1;XEUR;11286679;688;
20.01.2025;13:26:40.246;FGBL SI 20250306 PS;SIMPLE_INSTRUMENT;EFP_FIN;EUR;57;131.72000000;209;EXCHANGE_LAST;;1;1;XEUR;11286679;688;
20.01.2025;13:30:22.640;FGBL SI 20250306 PS;SIMPLE_INSTRUMENT;EFP_FIN;EUR;58;131.67000000;76;EXCHANGE_LAST;;1;1;XEUR;11286679;688;
20.01.2025;13:34:39.302;FGBL SI 20250306 PS;SIMPLE_INSTRUMENT;EFS;EUR;59;131.61000000;415;EXCHANGE_LAST;;1;1;XEUR;11286679;688;
20.01.2025;13:51:10.210;FGBL SI 20250306 PS;SIMPLE_INSTRUMENT;EFS;EUR;60;131.57000000;914;EXCHANGE_LAST;;1;1;XEUR;11286679;688;
20.01.2025;13:52:54.410;FGBL SI 20250306 PS;SIMPLE_INSTRUMENT;EFS;EUR;61;131.58000000;290;EXCHANGE_LAST;;1;1;XEUR;11286679;688;
20.01.2025;13:53:40.793;FGBL SI 20250306 PS;SIMPLE_INSTRUMENT;EFS;EUR;62;131.60000000;415;EXCHANGE_LAST;;1;1;XEUR;11286679;688;
20.01.2025;14:01:04.598;FGBL SI 20250306 PS;SIMPLE_INSTRUMENT;EFS;EUR;63;131.61000000;231;EXCHANGE_LAST;;1;1;XEUR;11286679;688;
20.01.2025;14:02:55.247;FGBL SI 20250306 PS;SIMPLE_INSTRUMENT;EFS;EUR;64;131.69000000;415;EXCHANGE_LAST;;1;1;XEUR;11286679;688;
20.01.2025;14:15:00.846;FGBL SI 20250306 PS;SIMPLE_INSTRUMENT;EFP_FIN;EUR;65;131.60000000;1839;EXCHANGE_LAST;;1;1;XEUR;11286679;688;
20.01.2025;14:31:06.290;FGBL SI 20250306 PS;SIMPLE_INSTRUMENT;EFS;EUR;66;131.74000000;569;EXCHANGE_LAST;;1;1;XEUR;11286679;688;
20.01.2025;14:31:32.856;FGBL SI 20250306 PS;SIMPLE_INSTRUMENT;EFS;EUR;67;131.68000000;829;EXCHANGE_LAST;;1;1;XEUR;11286679;688;
20.01.2025;14:31:58.410;FGBL SI 20250306 PS;SIMPLE_INSTRUMENT;EFS;EUR;68;131.65000000;852;EXCHANGE_LAST;;1;1;XEUR;11286679;688;
20.01.2025;14:32:11.679;FGBL SI 20250306 PS;SIMPLE_INSTRUMENT;EFS;EUR;69;131.68000000;414;EXCHANGE_LAST;;1;1;XEUR;11286679;688;
20.01.2025;14:32:33.549;FGBL SI 20250306 PS;SIMPLE_INSTRUMENT;EFS;EUR;70;131.74000000;415;EXCHANGE_LAST;;1;1;XEUR;11286679;688;
20.01.2025;14:32:43.567;FGBL SI 20250306 PS;SIMPLE_INSTRUMENT;EFS;EUR;71;131.68000000;290;EXCHANGE_LAST;;1;1;XEUR;11286679;688;
20.01.2025;14:42:46.235;FGBL SI 20250306 PS;SIMPLE_INSTRUMENT;EFP_FIN;EUR;72;131.69000000;252;EXCHANGE_LAST;;1;1;XEUR;11286679;688;
20.01.2025;14:45:05.480;FGBL SI 20250306 PS;SIMPLE_INSTRUMENT;EFP_FIN;EUR;73;131.72000000;76;EXCHANGE_LAST;;1;1;XEUR;11286679;688;
20.01.2025;14:54:37.029;FGBL SI 20250306 PS;SIMPLE_INSTRUMENT;EFS;EUR;74;131.82000000;414;EXCHANGE_LAST;;1;1;XEUR;11286679;688;
20.01.2025;15:03:18.374;FGBL SI 20250306 PS;SIMPLE_INSTRUMENT;EFS;EUR;75;131.82000000;474;EXCHANGE_LAST;;1;1;XEUR;11286679;688;
20.01.2025;15:04:37.096;FGBL SI 20250306 PS;SIMPLE_INSTRUMENT;EFS;EUR;76;131.74000000;220;EXCHANGE_LAST;;1;1;XEUR;11286679;688;
20.01.2025;15:05:49.122;FGBL SI 20250306 PS;SIMPLE_INSTRUMENT;EFP_FIN;EUR;77;131.80000000;198;EXCHANGE_LAST;;1;1;XEUR;11286679;688;
20.01.2025;15:08:58.859;FGBL SI 20250306 PS;SIMPLE_INSTRUMENT;EFS;EUR;78;131.77000000;609;EXCHANGE_LAST;;1;1;XEUR;11286679;688;
20.01.2025;15:14:14.654;FGBL SI 20250306 PS;SIMPLE_INSTRUMENT;EFP_FIN;EUR;79;131.74000000;173;EXCHANGE_LAST;;1;1;XEUR;11286679;688;
20.01.2025;15:21:48.034;FGBL SI 20250306 PS;SIMPLE_INSTRUMENT;EFP_FIN;EUR;80;131.74000000;279;EXCHANGE_LAST;;1;1;XEUR;11286679;688;
20.01.2025;15:26:33.114;FGBL SI 20250306 PS;SIMPLE_INSTRUMENT;EFS;EUR;81;131.73000000;274;EXCHANGE_LAST;;1;1;XEUR;11286679;688;
20.01.2025;15:32:03.966;FGBL SI 20250306 PS;SIMPLE_INSTRUMENT;EFS;EUR;82;131.74000000;414;EXCHANGE_LAST;;1;1;XEUR;11286679;688;
20.01.2025;15:32:46.336;FGBL SI 20250306 PS;SIMPLE_INSTRUMENT;EFS;EUR;83;131.74000000;414;EXCHANGE_LAST;;1;1;XEUR;11286679;688;
20.01.2025;15:38:20.311;FGBL SI 20250306 PS;SIMPLE_INSTRUMENT;EFS;EUR;84;131.76000000;622;EXCHANGE_LAST;;1;1;XEUR;11286679;688;
20.01.2025;15:43:20.634;FGBL SI 20250306 PS;SIMPLE_INSTRUMENT;EFS;EUR;85;131.76000000;622;EXCHANGE_LAST;;1;1;XEUR;11286679;688;
20.01.2025;15:46:10.645;FGBL SI 20250306 PS;SIMPLE_INSTRUMENT;EFS;EUR;86;131.77000000;415;EXCHANGE_LAST;;1;1;XEUR;11286679;688;
20.01.2025;15:51:15.851;FGBL SI 20250306 PS;SIMPLE_INSTRUMENT;EFS;EUR;87;131.78000000;319;EXCHANGE_LAST;;1;1;XEUR;11286679;688;
20.01.2025;15:52:45.934;FGBL SI 20250306 PS;SIMPLE_INSTRUMENT;EFS;EUR;88;131.77000000;736;EXCHANGE_LAST;;1;1;XEUR;11286679;688;
20.01.2025;15:55:00.351;FGBL SI 20250306 PS;SIMPLE_INSTRUMENT;EFS;EUR;89;131.77000000;415;EXCHANGE_LAST;;1;1;XEUR;11286679;688;
20.01.2025;15:54:42.568;FGBL SI 20250306 PS;SIMPLE_INSTRUMENT;EFP_FIN;EUR;90;131.83000000;371;EXCHANGE_LAST;;1;1;XEUR;11286679;688;
20.01.2025;15:57:02.516;FGBL SI 20250306 PS;SIMPLE_INSTRUMENT;EFP_FIN;EUR;91;131.77000000;115;EXCHANGE_LAST;;1;1;XEUR;11286679;688;
20.01.2025;15:57:49.935;FGBL SI 20250306 PS;SIMPLE_INSTRUMENT;EFS;EUR;92;131.84000000;1518;EXCHANGE_LAST;;1;1;XEUR;11286679;688;
20.01.2025;16:01:24.925;FGBL SI 20250306 PS;SIMPLE_INSTRUMENT;EFS;EUR;93;131.82000000;414;EXCHANGE_LAST;;1;1;XEUR;11286679;688;
20.01.2025;16:05:32.480;FGBL SI 20250306 PS;SIMPLE_INSTRUMENT;EFS;EUR;94;131.84000000;3317;EXCHANGE_LAST;;1;1;XEUR;11286679;688;
20.01.2025;16:05:37.485;FGBL SI 20250306 PS;SIMPLE_INSTRUMENT;EFS;EUR;95;131.84000000;3317;EXCHANGE_LAST;;1;1;XEUR;11286679;688;
20.01.2025;16:14:54.858;FGBL SI 20250306 PS;SIMPLE_INSTRUMENT;EFP_FIN;EUR;96;131.86000000;206;EXCHANGE_LAST;;1;1;XEUR;11286679;688;
20.01.2025;16:15:45.820;FGBL SI 20250306 PS;SIMPLE_INSTRUMENT;EFS;EUR;97;131.86000000;414;EXCHANGE_LAST;;1;1;XEUR;11286679;688;
20.01.2025;16:16:29.783;FGBL SI 20250306 PS;SIMPLE_INSTRUMENT;EFS;EUR;98;131.86000000;414;EXCHANGE_LAST;;1;1;XEUR;11286679;688;
20.01.2025;16:22:15.490;FGBL SI 20250306 PS;SIMPLE_INSTRUMENT;EFS;EUR;99;131.85000000;414;EXCHANGE_LAST;;1;1;XEUR;11286679;688;
20.01.2025;16:24:07.397;FGBL SI 20250306 PS;SIMPLE_INSTRUMENT;EFS;EUR;100;131.85000000;414;EXCHANGE_LAST;;1;1;XEUR;11286679;688;
20.01.2025;16:25:19.385;FGBL SI 20250306 PS;SIMPLE_INSTRUMENT;EFS;EUR;101;131.85000000;828;EXCHANGE_LAST;;1;1;XEUR;11286679;688;
20.01.2025;16:29:16.433;FGBL SI 20250306 PS;SIMPLE_INSTRUMENT;EFS;EUR;102;131.86000000;2100;EXCHANGE_LAST;;1;1;XEUR;11286679;688;
20.01.2025;16:35:53.356;FGBL SI 20250306 PS;SIMPLE_INSTRUMENT;EFS;EUR;103;131.84000000;468;EXCHANGE_LAST;;1;1;XEUR;11286679;688;
20.01.2025;16:41:16.797;FGBL SI 20250306 PS;SIMPLE_INSTRUMENT;EFP_FIN;EUR;104;131.68000000;196;EXCHANGE_LAST;;1;1;XEUR;11286679;688;
20.01.2025;16:58:39.972;FGBL SI 20250306 PS;SIMPLE_INSTRUMENT;EFS;EUR;105;131.71000000;439;EXCHANGE_LAST;;1;1;XEUR;11286679;688;
20.01.2025;17:02:37.164;FGBL SI 20250306 PS;SIMPLE_INSTRUMENT;EFS;EUR;106;131.73000000;207;EXCHANGE_LAST;;1;1;XEUR;11286679;688;
20.01.2025;09:20:46.408;FGBL SI 20250306 PS;SIMPLE_INSTRUMENT;VOLA;EUR;268435464;131.69000000;75;EXCHANGE_LAST;;1;1;XEUR;11286679;688;
20.01.2025;10:10:00.817;FGBL SI 20250306 PS;SIMPLE_INSTRUMENT;VOLA;EUR;268435476;131.69000000;200;EXCHANGE_LAST;;1;1;XEUR;11286679;688;
20.01.2025;10:10:47.822;FGBL SI 20250306 PS;SIMPLE_INSTRUMENT;VOLA;EUR;268435477;131.69000000;200;EXCHANGE_LAST;;1;1;XEUR;11286679;688;
20.01.2025;13:16:39.547;FGBL SI 20250306 PS;SIMPLE_INSTRUMENT;VOLA;EUR;268435513;131.61000000;405;EXCHANGE_LAST;;1;1;XEUR;11286679;688;
20.01.2025;13:22:15.358;FGBL SI 20250306 PS;SIMPLE_INSTRUMENT;VOLA;EUR;268435516;131.61000000;30;EXCHANGE_LAST;;1;1;XEUR;11286679;688;
20.01.2025;14:52:46.660;FGBL SI 20250306 PS;SIMPLE_INSTRUMENT;VOLA;EUR;268435524;131.69000000;668;EXCHANGE_LAST;;1;1;XEUR;11286679;688;
20.01.2025;15:17:43.890;FGBL SI 20250606 PS;SIMPLE_INSTRUMENT;VOLA;EUR;268435527;130.70000000;12;EXCHANGE_LAST;;1;1;XEUR;11820389;688;
20.01.2025;15:18:56.904;FGBL SI 20250606 PS;SIMPLE_INSTRUMENT;VOLA;EUR;268435528;130.90000000;13;EXCHANGE_LAST;;1;1;XEUR;11820389;688;
20.01.2025;15:19:40.909;FGBL SI 20250606 PS;SIMPLE_INSTRUMENT;VOLA;EUR;268435529;130.70000000;50;EXCHANGE_LAST;;1;1;XEUR;11820389;688;
20.01.2025;15:39:04.082;FGBL SI 20250306 PS;SIMPLE_INSTRUMENT;VOLA;EUR;268435535;131.62000000;240;EXCHANGE_LAST;;1;1;XEUR;11286679;688;
20.01.2025;15:59:55.258;FGBL SI 20250306 PS;SIMPLE_INSTRUMENT;VOLA;EUR;268435540;131.75000000;115;EXCHANGE_LAST;;1;1;XEUR;11286679;688;
20.01.2025;16:01:54.289;FGBL SI 20250306 PS;SIMPLE_INSTRUMENT;VOLA;EUR;268435541;131.76000000;265;EXCHANGE_LAST;;1;1;XEUR;11286679;688;
20.01.2025;16:26:12.478;FGBL SI 20250306 PS;SIMPLE_INSTRUMENT;VOLA;EUR;268435550;131.85000000;120;EXCHANGE_LAST;;1;1;XEUR;11286679;688;
20.01.2025;08:06:22.798;FGBM SI 20250306 PS;SIMPLE_INSTRUMENT;EFS;EUR;1;117.03000000;200;EXCHANGE_LAST;;1;1;XEUR;11286680;689;
20.01.2025;08:40:45.135;FGBM SI 20250306 PS;SIMPLE_INSTRUMENT;EFS;EUR;2;117.03000000;908;EXCHANGE_LAST;;1;1;XEUR;11286680;689;
20.01.2025;08:42:06.715;FGBM SI 20250306 PS;SIMPLE_INSTRUMENT;EFS;EUR;3;117.02000000;390;EXCHANGE_LAST;;1;1;XEUR;11286680;689;
20.01.2025;08:46:24.328;FGBM SI 20250306 PS;SIMPLE_INSTRUMENT;EFS;EUR;4;117.03000000;993;EXCHANGE_LAST;;1;1;XEUR;11286680;689;
20.01.2025;08:46:50.332;FGBM SI 20250306 PS;SIMPLE_INSTRUMENT;EFS;EUR;5;117.02000000;453;EXCHANGE_LAST;;1;1;XEUR;11286680;689;
20.01.2025;08:53:55.384;FGBM SI 20250306 PS;SIMPLE_INSTRUMENT;EFP_FIN;EUR;6;116.96000000;237;EXCHANGE_LAST;;1;1;XEUR;11286680;689;
20.01.2025;09:12:01.523;FGBM SI 20250306 PS;SIMPLE_INSTRUMENT;EFP_FIN;EUR;7;116.98000000;452;EXCHANGE_LAST;;1;1;XEUR;11286680;689;
20.01.2025;09:12:25.526;FGBM SI 20250306 PS;SIMPLE_INSTRUMENT;EFP_FIN;EUR;8;116.98000000;452;EXCHANGE_LAST;;1;1;XEUR;11286680;689;
20.01.2025;09:12:30.526;FGBM SI 20250306 PS;SIMPLE_INSTRUMENT;EFP_FIN;EUR;9;116.98000000;452;EXCHANGE_LAST;;1;1;XEUR;11286680;689;
20.01.2025;09:14:21.186;FGBM SI 20250306 PS;SIMPLE_INSTRUMENT;EFP_FIN;EUR;10;117.01000000;1895;EXCHANGE_LAST;;1;1;XEUR;11286680;689;
20.01.2025;09:24:38.325;FGBM SI 20250306 PS;SIMPLE_INSTRUMENT;EFS;EUR;11;116.98000000;454;EXCHANGE_LAST;;1;1;XEUR;11286680;689;
20.01.2025;09:27:00.236;FGBM SI 20250306 PS;SIMPLE_INSTRUMENT;EFS;EUR;12;116.97000000;907;EXCHANGE_LAST;;1;1;XEUR;11286680;689;
20.01.2025;09:27:51.919;FGBM SI 20250306 PS;SIMPLE_INSTRUMENT;EFS;EUR;13;116.97000000;454;EXCHANGE_LAST;;1;1;XEUR;11286680;689;
20.01.2025;09:29:26.488;FGBM SI 20250306 PS;SIMPLE_INSTRUMENT;EFP_FIN;EUR;14;116.95000000;259;EXCHANGE_LAST;;1;1;XEUR;11286680;689;
20.01.2025;09:29:17.775;FGBM SI 20250306 PS;SIMPLE_INSTRUMENT;EFS;EUR;15;116.97000000;907;EXCHANGE_LAST;;1;1;XEUR;11286680;689;
20.01.2025;09:53:14.612;FGBM SI 20250306 PS;SIMPLE_INSTRUMENT;EFP_FIN;EUR;16;116.96000000;63;EXCHANGE_LAST;;1;1;XEUR;11286680;689;
20.01.2025;09:56:54.503;FGBM SI 20250306 PS;SIMPLE_INSTRUMENT;EFP_FIN;EUR;17;116.96000000;267;EXCHANGE_LAST;;1;1;XEUR;11286680;689;
20.01.2025;09:57:05.503;FGBM SI 20250306 PS;SIMPLE_INSTRUMENT;EFP_FIN;EUR;19;116.96000000;107;EXCHANGE_LAST;;1;1;XEUR;11286680;689;
20.01.2025;09:59:14.502;FGBM SI 20250306 PS;SIMPLE_INSTRUMENT;EFP_FIN;EUR;20;116.96000000;947;EXCHANGE_LAST;;1;1;XEUR;11286680;689;
20.01.2025;10:04:42.710;FGBM SI 20250306 PS;SIMPLE_INSTRUMENT;EFS;EUR;21;116.94000000;454;EXCHANGE_LAST;;1;1;XEUR;11286680;689;
20.01.2025;10:26:22.646;FGBM SI 20250306 PS;SIMPLE_INSTRUMENT;EFP_FIN;EUR;22;116.93000000;211;EXCHANGE_LAST;;1;1;XEUR;11286680;689;
20.01.2025;10:45:35.796;FGBM SI 20250306 PS;SIMPLE_INSTRUMENT;EFP_FIN;EUR;23;116.93000000;971;EXCHANGE_LAST;;1;1;XEUR;11286680;689;
20.01.2025;11:17:11.312;FGBM SI 20250306 PS;SIMPLE_INSTRUMENT;EFP_FIN;EUR;24;116.93000000;647;EXCHANGE_LAST;;1;1;XEUR;11286680;689;
20.01.2025;11:16:20.529;FGBM SI 20250306 PS;SIMPLE_INSTRUMENT;EFP_FIN;EUR;25;116.93000000;293;EXCHANGE_LAST;;1;1;XEUR;11286680;689;
20.01.2025;11:11:57.341;FGBM SI 20250306 PS;SIMPLE_INSTRUMENT;EFS;EUR;26;116.91000000;971;EXCHANGE_LAST;;1;1;XEUR;11286680;689;
20.01.2025;11:23:20.246;FGBM SI 20250306 PS;SIMPLE_INSTRUMENT;EFS;EUR;27;116.93000000;909;EXCHANGE_LAST;;1;1;XEUR;11286680;689;
20.01.2025;11:26:35.359;FGBM SI 20250306 PS;SIMPLE_INSTRUMENT;EFS;EUR;28;116.93000000;454;EXCHANGE_LAST;;1;1;XEUR;11286680;689;
20.01.2025;11:26:35.404;FGBM SI 20250306 PS;SIMPLE_INSTRUMENT;EFS;EUR;29;116.93000000;454;EXCHANGE_LAST;;1;1;XEUR;11286680;689;
20.01.2025;11:39:16.890;FGBM SI 20250306 PS;SIMPLE_INSTRUMENT;EFS;EUR;30;116.93000000;454;EXCHANGE_LAST;;1;1;XEUR;11286680;689;
20.01.2025;11:45:45.258;FGBM SI 20250306 PS;SIMPLE_INSTRUMENT;EFP_FIN;EUR;31;116.92000000;199;EXCHANGE_LAST;;1;1;XEUR;11286680;689;
20.01.2025;12:09:54.185;FGBM SI 20250306 PS;SIMPLE_INSTRUMENT;EFS;EUR;32;116.90000000;858;EXCHANGE_LAST;;1;1;XEUR;11286680;689;
20.01.2025;12:21:23.577;FGBM SI 20250306 PS;SIMPLE_INSTRUMENT;EFP_FIN;EUR;33;116.90000000;267;EXCHANGE_LAST;;1;1;XEUR;11286680;689;
20.01.2025;12:32:32.130;FGBM SI 20250306 PS;SIMPLE_INSTRUMENT;EFS;EUR;34;116.91000000;909;EXCHANGE_LAST;;1;1;XEUR;11286680;689;
20.01.2025;12:40:35.580;FGBM SI 20250306 PS;SIMPLE_INSTRUMENT;EFP_FIN;EUR;35;116.89000000;710;EXCHANGE_LAST;;1;1;XEUR;11286680;689;
20.01.2025;12:45:44.668;FGBM SI 20250306 PS;SIMPLE_INSTRUMENT;EFS;EUR;36;116.91000000;500;EXCHANGE_LAST;;1;1;XEUR;11286680;689;
20.01.2025;12:43:25.099;FGBM SI 20250306 PS;SIMPLE_INSTRUMENT;EFS;EUR;37;116.91000000;971;EXCHANGE_LAST;;1;1;XEUR;11286680;689;
20.01.2025;12:49:42.815;FGBM SI 20250306 PS;SIMPLE_INSTRUMENT;EFS;EUR;38;116.91000000;909;EXCHANGE_LAST;;1;1;XEUR;11286680;689;
20.01.2025;13:00:35.308;FGBM SI 20250306 PS;SIMPLE_INSTRUMENT;EFS;EUR;39;116.92000000;454;EXCHANGE_LAST;;1;1;XEUR;11286680;689;
20.01.2025;13:01:25.368;FGBM SI 20250306 PS;SIMPLE_INSTRUMENT;EFS;EUR;40;116.92000000;909;EXCHANGE_LAST;;1;1;XEUR;11286680;689;
20.01.2025;13:03:29.003;FGBM SI 20250306 PS;SIMPLE_INSTRUMENT;EFS;EUR;41;116.93000000;857;EXCHANGE_LAST;;1;1;XEUR;11286680;689;
20.01.2025;13:04:55.049;FGBM SI 20250306 PS;SIMPLE_INSTRUMENT;EFS;EUR;42;116.92000000;442;EXCHANGE_LAST;;1;1;XEUR;11286680;689;
20.01.2025;13:09:51.839;FGBM SI 20250306 PS;SIMPLE_INSTRUMENT;EFS;EUR;43;116.92000000;907;EXCHANGE_LAST;;1;1;XEUR;11286680;689;
20.01.2025;13:10:51.109;FGBM SI 20250306 PS;SIMPLE_INSTRUMENT;EFS;EUR;44;116.92000000;907;EXCHANGE_LAST;;1;1;XEUR;11286680;689;
20.01.2025;13:14:56.215;FGBM SI 20250306 PS;SIMPLE_INSTRUMENT;EFP_FIN;EUR;45;116.91000000;313;EXCHANGE_LAST;;1;1;XEUR;11286680;689;
20.01.2025;13:36:14.021;FGBM SI 20250306 PS;SIMPLE_INSTRUMENT;EFP_FIN;EUR;46;116.94000000;2223;EXCHANGE_LAST;;1;1;XEUR;11286680;689;
20.01.2025;14:05:25.240;FGBM SI 20250306 PS;SIMPLE_INSTRUMENT;EFS;EUR;47;116.97000000;964;EXCHANGE_LAST;;1;1;XEUR;11286680;689;
20.01.2025;14:07:49.858;FGBM SI 20250306 PS;SIMPLE_INSTRUMENT;EFP_FIN;EUR;48;116.98000000;194;EXCHANGE_LAST;;1;1;XEUR;11286680;689;
20.01.2025;14:10:30.867;FGBM SI 20250306 PS;SIMPLE_INSTRUMENT;EFS;EUR;49;116.96000000;956;EXCHANGE_LAST;;1;1;XEUR;11286680;689;
20.01.2025;14:11:34.525;FGBM SI 20250306 PS;SIMPLE_INSTRUMENT;EFS;EUR;50;116.97000000;956;EXCHANGE_LAST;;1;1;XEUR;11286680;689;
20.01.2025;14:21:17.032;FGBM SI 20250306 PS;SIMPLE_INSTRUMENT;EFS;EUR;51;116.97000000;908;EXCHANGE_LAST;;1;1;XEUR;11286680;689;
20.01.2025;14:32:03.927;FGBM SI 20250306 PS;SIMPLE_INSTRUMENT;EFP_FIN;EUR;52;116.97000000;355;EXCHANGE_LAST;;1;1;XEUR;11286680;689;
20.01.2025;14:32:09.713;FGBM SI 20250306 PS;SIMPLE_INSTRUMENT;EFP_FIN;EUR;53;116.90000000;196;EXCHANGE_LAST;;1;1;XEUR;11286680;689;
20.01.2025;14:32:32.532;FGBM SI 20250306 PS;SIMPLE_INSTRUMENT;EFP_FIN;EUR;54;116.99000000;196;EXCHANGE_LAST;;1;1;XEUR;11286680;689;
20.01.2025;14:44:14.810;FGBM SI 20250306 PS;SIMPLE_INSTRUMENT;EFP_FIN;EUR;55;116.96000000;259;EXCHANGE_LAST;;1;1;XEUR;11286680;689;
20.01.2025;14:59:09.636;FGBM SI 20250306 PS;SIMPLE_INSTRUMENT;EFP_FIN;EUR;56;116.99000000;449;EXCHANGE_LAST;;1;1;XEUR;11286680;689;
20.01.2025;15:01:13.996;FGBM SI 20250306 PS;SIMPLE_INSTRUMENT;EFP_FIN;EUR;57;117.00000000;147;EXCHANGE_LAST;;1;1;XEUR;11286680;689;
20.01.2025;15:03:11.928;FGBM SI 20250306 PS;SIMPLE_INSTRUMENT;EFS;EUR;58;117.00000000;453;EXCHANGE_LAST;;1;1;XEUR;11286680;689;
20.01.2025;15:06:41.796;FGBM SI 20250306 PS;SIMPLE_INSTRUMENT;EFS;EUR;59;117.00000000;1259;EXCHANGE_LAST;;1;1;XEUR;11286680;689;
20.01.2025;15:12:27.173;FGBM SI 20250306 PS;SIMPLE_INSTRUMENT;EFS;EUR;60;117.00000000;497;EXCHANGE_LAST;;1;1;XEUR;11286680;689;
20.01.2025;15:17:37.090;FGBM SI 20250306 PS;SIMPLE_INSTRUMENT;EFP_FIN;EUR;61;116.99000000;678;EXCHANGE_LAST;;1;1;XEUR;11286680;689;
20.01.2025;15:25:49.411;FGBM SI 20250306 PS;SIMPLE_INSTRUMENT;EFS;EUR;62;116.99000000;726;EXCHANGE_LAST;;1;1;XEUR;11286680;689;
20.01.2025;15:28:18.454;FGBM SI 20250306 PS;SIMPLE_INSTRUMENT;EFP_FIN;EUR;63;116.94000000;651;EXCHANGE_LAST;;1;1;XEUR;11286680;689;
20.01.2025;15:39:35.359;FGBM SI 20250306 PS;SIMPLE_INSTRUMENT;EFS;EUR;64;116.99000000;454;EXCHANGE_LAST;;1;1;XEUR;11286680;689;
20.01.2025;15:55:50.646;FGBM SI 20250306 PS;SIMPLE_INSTRUMENT;EFS;EUR;65;117.03000000;453;EXCHANGE_LAST;;1;1;XEUR;11286680;689;
20.01.2025;16:00:26.036;FGBM SI 20250306 PS;SIMPLE_INSTRUMENT;EFS;EUR;66;117.01000000;453;EXCHANGE_LAST;;1;1;XEUR;11286680;689;
20.01.2025;16:13:14.115;FGBM SI 20250306 PS;SIMPLE_INSTRUMENT;EFS;EUR;67;117.04000000;856;EXCHANGE_LAST;;1;1;XEUR;11286680;689;
20.01.2025;16:13:53.408;FGBM SI 20250306 PS;SIMPLE_INSTRUMENT;EFS;EUR;68;117.04000000;856;EXCHANGE_LAST;;1;1;XEUR;11286680;689;
20.01.2025;16:18:14.736;FGBM SI 20250306 PS;SIMPLE_INSTRUMENT;EFS;EUR;69;117.03000000;1813;EXCHANGE_LAST;;1;1;XEUR;11286680;689;
20.01.2025;16:28:07.762;FGBM SI 20250306 PS;SIMPLE_INSTRUMENT;EFS;EUR;70;117.03000000;3200;EXCHANGE_LAST;;1;1;XEUR;11286680;689;
20.01.2025;16:31:15.052;FGBM SI 20250306 PS;SIMPLE_INSTRUMENT;EFP_FIN;EUR;71;117.03000000;678;EXCHANGE_LAST;;1;1;XEUR;11286680;689;
20.01.2025;16:39:44.757;FGBM SI 20250306 PS;SIMPLE_INSTRUMENT;EFP_FIN;EUR;73;117.03000000;361;EXCHANGE_LAST;;1;1;XEUR;11286680;689;
20.01.2025;16:41:28.212;FGBM SI 20250306 PS;SIMPLE_INSTRUMENT;EFP_FIN;EUR;74;117.03000000;316;EXCHANGE_LAST;;1;1;XEUR;11286680;689;
20.01.2025;16:44:36.428;FGBM SI 20250306 PS;SIMPLE_INSTRUMENT;EFP_FIN;EUR;75;117.01000000;428;EXCHANGE_LAST;;1;1;XEUR;11286680;689;
20.01.2025;16:57:45.354;FGBM SI 20250306 PS;SIMPLE_INSTRUMENT;EFS;EUR;76;116.98000000;907;EXCHANGE_LAST;;1;1;XEUR;11286680;689;
20.01.2025;17:09:39.195;FGBM SI 20250306 PS;SIMPLE_INSTRUMENT;EFS;EUR;77;116.99000000;907;EXCHANGE_LAST;;1;1;XEUR;11286680;689;
20.01.2025;08:23:28.899;FGBS SI 20250306 PS;SIMPLE_INSTRUMENT;EFS;EUR;1;106.64000000;1098;EXCHANGE_LAST;;1;1;XEUR;11286681;690;
20.01.2025;08:34:38.900;FGBS SI 20250306 PS;SIMPLE_INSTRUMENT;EFS;EUR;2;106.64000000;10650;EXCHANGE_LAST;;1;1;XEUR;11286681;690;
20.01.2025;08:42:58.444;FGBS SI 20250306 PS;SIMPLE_INSTRUMENT;EFS;EUR;3;106.64500000;3292;EXCHANGE_LAST;;1;1;XEUR;11286681;690;
20.01.2025;09:03:14.494;FGBS SI 20250306 PS;SIMPLE_INSTRUMENT;EFP_FIN;EUR;4;106.65500000;209;EXCHANGE_LAST;;1;1;XEUR;11286681;690;
20.01.2025;09:43:00.635;FGBS SI 20250306 PS;SIMPLE_INSTRUMENT;EFS;EUR;5;106.63500000;1097;EXCHANGE_LAST;;1;1;XEUR;11286681;690;
20.01.2025;09:53:14.976;FGBS SI 20250306 PS;SIMPLE_INSTRUMENT;EFP_FIN;EUR;6;106.63000000;249;EXCHANGE_LAST;;1;1;XEUR;11286681;690;
20.01.2025;10:02:27.520;FGBS SI 20250306 PS;SIMPLE_INSTRUMENT;EFP_FIN;EUR;7;106.63000000;133;EXCHANGE_LAST;;1;1;XEUR;11286681;690;
20.01.2025;10:26:38.802;FGBS SI 20250306 PS;SIMPLE_INSTRUMENT;EFP_FIN;EUR;9;106.61500000;358;EXCHANGE_LAST;;1;1;XEUR;11286681;690;
20.01.2025;10:25:27.059;FGBS SI 20250306 PS;SIMPLE_INSTRUMENT;EFS;EUR;10;106.61500000;2747;EXCHANGE_LAST;;1;1;XEUR;11286681;690;
20.01.2025;10:25:55.131;FGBS SI 20250306 PS;SIMPLE_INSTRUMENT;EFP_FIN;EUR;11;106.61500000;238;EXCHANGE_LAST;;1;1;XEUR;11286681;690;
20.01.2025;11:08:24.210;FGBS SI 20250306 PS;SIMPLE_INSTRUMENT;EFP_FIN;EUR;12;106.62000000;209;EXCHANGE_LAST;;1;1;XEUR;11286681;690;
20.01.2025;11:09:05.332;FGBS SI 20250306 PS;SIMPLE_INSTRUMENT;EFS;EUR;13;106.61500000;1334;EXCHANGE_LAST;;1;1;XEUR;11286681;690;
20.01.2025;11:13:39.175;FGBS SI 20250306 PS;SIMPLE_INSTRUMENT;EFP_FIN;EUR;14;106.62000000;249;EXCHANGE_LAST;;1;1;XEUR;11286681;690;
20.01.2025;11:19:50.899;FGBS SI 20250306 PS;SIMPLE_INSTRUMENT;EFP_FIN;EUR;15;106.61500000;1284;EXCHANGE_LAST;;1;1;XEUR;11286681;690;
20.01.2025;11:43:55.316;FGBS SI 20250306 PS;SIMPLE_INSTRUMENT;EFP_FIN;EUR;16;106.62500000;331;EXCHANGE_LAST;;1;1;XEUR;11286681;690;
20.01.2025;11:44:00.143;FGBS SI 20250306 PS;SIMPLE_INSTRUMENT;EFP_FIN;EUR;17;106.62500000;331;EXCHANGE_LAST;;1;1;XEUR;11286681;690;
20.01.2025;12:15:10.310;FGBS SI 20250306 PS;SIMPLE_INSTRUMENT;EFP_FIN;EUR;18;106.62000000;209;EXCHANGE_LAST;;1;1;XEUR;11286681;690;
20.01.2025;12:20:10.016;FGBS SI 20250306 PS;SIMPLE_INSTRUMENT;EFP_FIN;EUR;19;106.61000000;250;EXCHANGE_LAST;;1;1;XEUR;11286681;690;
20.01.2025;12:35:14.895;FGBS SI 20250306 PS;SIMPLE_INSTRUMENT;EFP_FIN;EUR;20;106.61000000;726;EXCHANGE_LAST;;1;1;XEUR;11286681;690;
20.01.2025;12:38:39.461;FGBS SI 20250306 PS;SIMPLE_INSTRUMENT;EFS;EUR;21;106.61000000;1374;EXCHANGE_LAST;;1;1;XEUR;11286681;690;
20.01.2025;12:38:39.461;FGBS SI 20250306 PS;SIMPLE_INSTRUMENT;EFS;EUR;22;106.61000000;1374;EXCHANGE_LAST;;1;1;XEUR;11286681;690;
20.01.2025;12:40:40.090;FGBS SI 20250306 PS;SIMPLE_INSTRUMENT;EFS;EUR;23;106.61500000;1334;EXCHANGE_LAST;;1;1;XEUR;11286681;690;
20.01.2025;14:13:39.370;FGBS SI 20250306 PS;SIMPLE_INSTRUMENT;EFS;EUR;24;106.63000000;551;EXCHANGE_LAST;;1;1;XEUR;11286681;690;
20.01.2025;14:30:54.406;FGBS SI 20250306 PS;SIMPLE_INSTRUMENT;EFS;EUR;25;106.63000000;5129;EXCHANGE_LAST;;1;1;XEUR;11286681;690;
20.01.2025;14:37:43.965;FGBS SI 20250306 PS;SIMPLE_INSTRUMENT;EFS;EUR;26;106.63000000;2747;EXCHANGE_LAST;;1;1;XEUR;11286681;690;
20.01.2025;14:57:21.574;FGBS SI 20250306 PS;SIMPLE_INSTRUMENT;EFP_FIN;EUR;27;106.64000000;421;EXCHANGE_LAST;;1;1;XEUR;11286681;690;
20.01.2025;15:12:30.700;FGBS SI 20250306 PS;SIMPLE_INSTRUMENT;EFS;EUR;28;106.63500000;1373;EXCHANGE_LAST;;1;1;XEUR;11286681;690;
20.01.2025;15:20:38.834;FGBS SI 20250306 PS;SIMPLE_INSTRUMENT;EFS;EUR;29;106.63000000;2746;EXCHANGE_LAST;;1;1;XEUR;11286681;690;
20.01.2025;15:44:07.771;FGBS SI 20250306 PS;SIMPLE_INSTRUMENT;EFP_FIN;EUR;30;106.63500000;119;EXCHANGE_LAST;;1;1;XEUR;11286681;690;
20.01.2025;15:58:49.235;FGBS SI 20250306 PS;SIMPLE_INSTRUMENT;EFP_FIN;EUR;31;106.63000000;468;EXCHANGE_LAST;;1;1;XEUR;11286681;690;
20.01.2025;16:53:17.821;FGBS SI 20250306 PS;SIMPLE_INSTRUMENT;EFP_FIN;EUR;32;106.65000000;468;EXCHANGE_LAST;;1;1;XEUR;11286681;690;
20.01.2025;08:54:00.003;FGBX SI 20250306 PS;SIMPLE_INSTRUMENT;EFP_FIN;EUR;1;127.64000000;149;EXCHANGE_LAST;;1;1;XEUR;11286682;691;
20.01.2025;09:38:10.750;FGBX SI 20250306 PS;SIMPLE_INSTRUMENT;EFP_FIN;EUR;2;127.44000000;149;EXCHANGE_LAST;;1;1;XEUR;11286682;691;
20.01.2025;09:53:35.150;FGBX SI 20250306 PS;SIMPLE_INSTRUMENT;EFS;EUR;3;127.56000000;28;EXCHANGE_LAST;;1;1;XEUR;11286682;691;
20.01.2025;10:27:25.746;FGBX SI 20250306 PS;SIMPLE_INSTRUMENT;EFS;EUR;6;127.44000000;267;EXCHANGE_LAST;;1;1;XEUR;11286682;691;
20.01.2025;10:50:07.831;FGBX SI 20250306 PS;SIMPLE_INSTRUMENT;EFP_FIN;EUR;7;127.30000000;201;EXCHANGE_LAST;;1;1;XEUR;11286682;691;
20.01.2025;12:27:52.820;FGBX SI 20250306 PS;SIMPLE_INSTRUMENT;BLOCK;EUR;13;127.30000000;193;EXCHANGE_LAST;;1;1;XEUR;11286682;691;
20.01.2025;12:51:56.909;FGBX SI 20250306 PS;SIMPLE_INSTRUMENT;EFP_FIN;EUR;14;127.30000000;93;EXCHANGE_LAST;;1;1;XEUR;11286682;691;
20.01.2025;13:30:04.229;FGBX SI 20250306 PS;SIMPLE_INSTRUMENT;BLOCK;EUR;16;127.40000000;116;EXCHANGE_LAST;;1;1;XEUR;11286682;691;
20.01.2025;08:09:51.277;FGDV SI 20250324 CS;SIMPLE_INSTRUMENT;EFP_IDX;EUR;1;3084.50000000;44;EXCHANGE_LAST;;1;1;XEUR;11426062;47603;
20.01.2025;08:10:14.742;FGDV SI 20250324 CS;SIMPLE_INSTRUMENT;EFP_IDX;EUR;2;3085.00000000;26;EXCHANGE_LAST;;1;1;XEUR;11426062;47603;
20.01.2025;16:47:01.176;FIA5 SI 20250417 PS AM C 14.00 0;SIMPLE_INSTRUMENT;BLOCK;EUR;12;0.51300000;1357;EXCHANGE_LAST;;1;1;XEUR;12609611;48227;
20.01.2025;16:47:01.133;FIA5 SI 20250417 PS AM C 14.00 0;SIMPLE_INSTRUMENT;BLOCK;EUR;13;0.51400000;983;EXCHANGE_LAST;;1;1;XEUR;12609611;48227;
20.01.2025;03:13:59.231;FMAU SI 20250321 CS;SIMPLE_INSTRUMENT;BLOCK;USD;6;5672.85300000;580;EXCHANGE_LAST;;1;1;XEUR;7590511;45287;
20.01.2025;07:55:27.091;FMCH SI 20250321 CS;SIMPLE_INSTRUMENT;BLOCK;USD;18;494.29700000;175;EXCHANGE_LAST;;1;1;XEUR;7592069;402909;
20.01.2025;00:50:31.239;FMEA SI 20250321 CS;SIMPLE_INSTRUMENT;BLOCK;USD;1;680.22300000;444;EXCHANGE_LAST;;1;1;XEUR;7589834;12395;
20.01.2025;02:50:28.145;FMEA SI 20250321 CS;SIMPLE_INSTRUMENT;BLOCK;USD;4;680.22300000;254;EXCHANGE_LAST;;1;1;XEUR;7589834;12395;
20.01.2025;03:01:18.136;FMEA SI 20250321 CS;SIMPLE_INSTRUMENT;BLOCK;USD;5;680.22300000;1723;EXCHANGE_LAST;;1;1;XEUR;7589834;12395;
20.01.2025;07:37:42.301;FMED SI 20250321 CS;SIMPLE_INSTRUMENT;BLOCK;USD;15;9445.98000000;440;EXCHANGE_LAST;;1;1;XEUR;7590729;48144;
20.01.2025;07:56:29.395;FMED SI 20250321 CS;SIMPLE_INSTRUMENT;BLOCK;USD;19;9446.23000000;800;EXCHANGE_LAST;;1;1;XEUR;7590729;48144;
20.01.2025;14:13:14.616;FMED SI 20250321 CS;SIMPLE_INSTRUMENT;BLOCK;USD;30;9446.48000000;800;EXCHANGE_LAST;;1;1;XEUR;7590729;48144;
20.01.2025;08:22:56.807;FMEL SI 20250321 CS;SIMPLE_INSTRUMENT;BLOCK;USD;21;491.60600000;85;EXCHANGE_LAST;;1;1;XEUR;7589856;12397;
20.01.2025;11:41:07.094;FMEL SI 20250321 CS;SIMPLE_INSTRUMENT;BLOCK;USD;26;491.48400000;40;EXCHANGE_LAST;;1;1;XEUR;7589856;12397;
20.01.2025;07:15:49.342;FMEN SI 20250321 CS;SIMPLE_INSTRUMENT;BLOCK;EUR;10;522.92800000;43;EXCHANGE_LAST;;1;1;XEUR;7590212;30652;
20.01.2025;07:28:05.979;FMES SI 20250321 CS;SIMPLE_INSTRUMENT;EFP_IDX;EUR;13;564.12400000;1;EXCHANGE_LAST;;1;1;XEUR;7591454;221291;
20.01.2025;10:50:04.809;FMES SI 20250321 CS;SIMPLE_INSTRUMENT;BLOCK;EUR;24;559.00000000;611;EXCHANGE_LAST;;1;1;XEUR;7591454;221291;
20.01.2025;11:40:45.574;FMGC SI 20250321 CS;SIMPLE_INSTRUMENT;BLOCK;USD;25;12828.89000000;450;EXCHANGE_LAST;;1;1;XEUR;7590767;48916;
20.01.2025;04:35:22.740;FMHK SI 20250321 CS;SIMPLE_INSTRUMENT;BLOCK;USD;8;55301.24100000;152;EXCHANGE_LAST;;1;1;XEUR;7590500;45282;
20.01.2025;00:50:10.057;FMIN SI 20250321 CS;SIMPLE_INSTRUMENT;BLOCK;USD;2;1211.87500000;83;EXCHANGE_LAST;;1;1;XEUR;7589865;12404;
20.01.2025;01:09:45.816;FMIN SI 20250321 CS;SIMPLE_INSTRUMENT;BLOCK;USD;3;1211.75000000;17;EXCHANGE_LAST;;1;1;XEUR;7589865;12404;
20.01.2025;05:04:31.546;FMIN SI 20250321 CS;SIMPLE_INSTRUMENT;BLOCK;USD;9;1211.87500000;970;EXCHANGE_LAST;;1;1;XEUR;7589865;12404;
20.01.2025;07:46:45.984;FMIN SI 20250321 CS;SIMPLE_INSTRUMENT;BLOCK;USD;16;1211.87500000;208;EXCHANGE_LAST;;1;1;XEUR;7589865;12404;
20.01.2025;10:13:41.100;FMIN SI 20250321 CS;SIMPLE_INSTRUMENT;BLOCK;USD;22;1218.80300000;51;EXCHANGE_LAST;;1;1;XEUR;7589865;12404;
20.01.2025;12:13:27.683;FMSA SI 20250321 CS;SIMPLE_INSTRUMENT;BLOCK;USD;27;1842.82000000;16;EXCHANGE_LAST;;1;1;XEUR;7591259;134861;
20.01.2025;03:28:34.153;FMTH SI 20250321 CS;SIMPLE_INSTRUMENT;BLOCK;USD;7;1136.96600000;1551;EXCHANGE_LAST;;1;1;XEUR;7589913;12681;
20.01.2025;07:28:05.979;FMUE SI 20250321 CS;SIMPLE_INSTRUMENT;EFP_IDX;USD;12;8435.85000000;20;EXCHANGE_LAST;;1;1;XEUR;7590733;48149;
20.01.2025;07:23:40.334;FMWO SI 20250321 CS;SIMPLE_INSTRUMENT;EFP_IDX;USD;11;12050.57000000;30;EXCHANGE_LAST;;1;1;XEUR;7589707;7059;
20.01.2025;07:32:07.243;FMWO SI 20250321 CS;SIMPLE_INSTRUMENT;BLOCK;USD;14;12055.17000000;128;EXCHANGE_LAST;;1;1;XEUR;7589707;7059;
20.01.2025;07:56:51.250;FMWO SI 20250321 CS;SIMPLE_INSTRUMENT;BLOCK;USD;20;12051.06000000;246;EXCHANGE_LAST;;1;1;XEUR;7589707;7059;
20.01.2025;07:52:36.704;FMWZ SI 20250321 CS;SIMPLE_INSTRUMENT;BLOCK;USD;17;1286.91900000;2609;EXCHANGE_LAST;;1;1;XEUR;9508166;674556;
20.01.2025;09:15:56.538;FOAT SI 20250306 PS;SIMPLE_INSTRUMENT;EFP_FIN;EUR;1;122.29000000;624;EXCHANGE_LAST;;1;1;XEUR;11286683;749;
20.01.2025;09:40:53.666;FOAT SI 20250306 PS;SIMPLE_INSTRUMENT;EFP_FIN;EUR;2;122.28000000;417;EXCHANGE_LAST;;1;1;XEUR;11286683;749;
20.01.2025;09:49:54.937;FOAT SI 20250306 PS;SIMPLE_INSTRUMENT;EFP_FIN;EUR;3;122.28000000;417;EXCHANGE_LAST;;1;1;XEUR;11286683;749;
20.01.2025;10:34:15.706;FOAT SI 20250306 PS;SIMPLE_INSTRUMENT;EFP_FIN;EUR;4;122.24000000;486;EXCHANGE_LAST;;1;1;XEUR;11286683;749;
20.01.2025;11:04:03.859;FOAT SI 20250306 PS;SIMPLE_INSTRUMENT;EFP_FIN;EUR;5;122.17000000;1030;EXCHANGE_LAST;;1;1;XEUR;11286683;749;
20.01.2025;11:04:19.912;FOAT SI 20250306 PS;SIMPLE_INSTRUMENT;EFP_FIN;EUR;6;122.17000000;486;EXCHANGE_LAST;;1;1;XEUR;11286683;749;
20.01.2025;11:18:42.906;FOAT SI 20250306 PS;SIMPLE_INSTRUMENT;EFP_FIN;EUR;7;122.16000000;622;EXCHANGE_LAST;;1;1;XEUR;11286683;749;
20.01.2025;11:46:51.010;FOAT SI 20250306 PS;SIMPLE_INSTRUMENT;EFP_FIN;EUR;8;122.18000000;834;EXCHANGE_LAST;;1;1;XEUR;11286683;749;
20.01.2025;12:02:41.760;FOAT SI 20250306 PS;SIMPLE_INSTRUMENT;EFP_FIN;EUR;9;122.15000000;541;EXCHANGE_LAST;;1;1;XEUR;11286683;749;
20.01.2025;12:04:07.874;FOAT SI 20250306 PS;SIMPLE_INSTRUMENT;EFP_FIN;EUR;10;122.10000000;2171;EXCHANGE_LAST;;1;1;XEUR;11286683;749;
20.01.2025;12:20:07.332;FOAT SI 20250306 PS;SIMPLE_INSTRUMENT;EFP_FIN;EUR;11;122.12000000;208;EXCHANGE_LAST;;1;1;XEUR;11286683;749;
20.01.2025;12:43:14.644;FOAT SI 20250306 PS;SIMPLE_INSTRUMENT;EFP_FIN;EUR;12;122.11000000;129;EXCHANGE_LAST;;1;1;XEUR;11286683;749;
20.01.2025;12:49:56.254;FOAT SI 20250306 PS;SIMPLE_INSTRUMENT;EFP_FIN;EUR;13;122.11000000;129;EXCHANGE_LAST;;1;1;XEUR;11286683;749;
20.01.2025;13:05:14.420;FOAT SI 20250306 PS;SIMPLE_INSTRUMENT;EFP_FIN;EUR;14;122.13000000;257;EXCHANGE_LAST;;1;1;XEUR;11286683;749;
20.01.2025;13:17:52.675;FOAT SI 20250306 PS;SIMPLE_INSTRUMENT;EFP_FIN;EUR;15;122.14000000;663;EXCHANGE_LAST;;1;1;XEUR;11286683;749;
20.01.2025;13:45:41.493;FOAT SI 20250306 PS;SIMPLE_INSTRUMENT;EFP_FIN;EUR;16;122.12000000;1018;EXCHANGE_LAST;;1;1;XEUR;11286683;749;
20.01.2025;14:12:43.096;FOAT SI 20250306 PS;SIMPLE_INSTRUMENT;EFP_FIN;EUR;17;122.18000000;258;EXCHANGE_LAST;;1;1;XEUR;11286683;749;
20.01.2025;14:14:25.428;FOAT SI 20250306 PS;SIMPLE_INSTRUMENT;EFP_FIN;EUR;18;122.11000000;416;EXCHANGE_LAST;;1;1;XEUR;11286683;749;
20.01.2025;14:28:30.527;FOAT SI 20250306 PS;SIMPLE_INSTRUMENT;EFP_FIN;EUR;19;122.13000000;1087;EXCHANGE_LAST;;1;1;XEUR;11286683;749;
20.01.2025;14:42:10.291;FOAT SI 20250306 PS;SIMPLE_INSTRUMENT;EFP_FIN;EUR;20;122.14000000;874;EXCHANGE_LAST;;1;1;XEUR;11286683;749;
20.01.2025;14:42:46.796;FOAT SI 20250306 PS;SIMPLE_INSTRUMENT;EFP_FIN;EUR;21;122.39000000;208;EXCHANGE_LAST;;1;1;XEUR;11286683;749;
20.01.2025;14:49:43.535;FOAT SI 20250306 PS;SIMPLE_INSTRUMENT;EFP_FIN;EUR;22;122.36000000;331;EXCHANGE_LAST;;1;1;XEUR;11286683;749;
20.01.2025;14:57:21.554;FOAT SI 20250306 PS;SIMPLE_INSTRUMENT;EFP_FIN;EUR;23;122.10000000;625;EXCHANGE_LAST;;1;1;XEUR;11286683;749;
20.01.2025;14:57:21.554;FOAT SI 20250306 PS;SIMPLE_INSTRUMENT;EFP_FIN;EUR;24;122.10000000;417;EXCHANGE_LAST;;1;1;XEUR;11286683;749;
20.01.2025;15:05:32.191;FOAT SI 20250306 PS;SIMPLE_INSTRUMENT;EFP_FIN;EUR;25;122.15000000;417;EXCHANGE_LAST;;1;1;XEUR;11286683;749;
20.01.2025;15:55:49.787;FOAT SI 20250306 PS;SIMPLE_INSTRUMENT;EFP_FIN;EUR;26;122.40000000;1132;EXCHANGE_LAST;;1;1;XEUR;11286683;749;
20.01.2025;16:12:21.496;FOAT SI 20250306 PS;SIMPLE_INSTRUMENT;EFP_FIN;EUR;27;122.44000000;546;EXCHANGE_LAST;;1;1;XEUR;11286683;749;
20.01.2025;16:12:36.253;FOAT SI 20250306 PS;SIMPLE_INSTRUMENT;EFP_FIN;EUR;28;122.42000000;208;EXCHANGE_LAST;;1;1;XEUR;11286683;749;
20.01.2025;16:28:41.439;FOAT SI 20250306 PS;SIMPLE_INSTRUMENT;EFP_FIN;EUR;29;122.40000000;226;EXCHANGE_LAST;;1;1;XEUR;11286683;749;
20.01.2025;16:42:24.205;FSCP SI 20250321 CS;SIMPLE_INSTRUMENT;EFP_IDX;EUR;64;339.20000000;125;EXCHANGE_LAST;;1;1;XEUR;11360241;764;
20.01.2025;16:43:03.173;FSCP SI 20250321 CS;SIMPLE_INSTRUMENT;EFP_IDX;EUR;67;339.30000000;292;EXCHANGE_LAST;;1;1;XEUR;11360241;764;
20.01.2025;16:41:53.881;FSEG SI 20250321 CS;SIMPLE_INSTRUMENT;EFP_IDX;EUR;62;194.40000000;328;EXCHANGE_LAST;;1;1;XEUR;11393888;109977;
20.01.2025;16:42:12.943;FSEG SI 20250321 CS;SIMPLE_INSTRUMENT;EFP_IDX;EUR;63;194.50000000;78;EXCHANGE_LAST;;1;1;XEUR;11393888;109977;
20.01.2025;16:49:25.069;FSEG SI 20250321 CS;SIMPLE_INSTRUMENT;EFP_IDX;EUR;73;194.30000000;50;EXCHANGE_LAST;;1;1;XEUR;11393888;109977;
20.01.2025;16:49:34.979;FSEG SI 20250321 CS;SIMPLE_INSTRUMENT;EFP_IDX;EUR;74;194.50000000;68;EXCHANGE_LAST;;1;1;XEUR;11393888;109977;
20.01.2025;16:52:15.116;FSEG SI 20250321 CS;SIMPLE_INSTRUMENT;EFP_IDX;EUR;75;194.50000000;3;EXCHANGE_LAST;;1;1;XEUR;11393888;109977;
20.01.2025;16:52:29.728;FSEG SI 20250321 CS;SIMPLE_INSTRUMENT;EFP_IDX;EUR;76;194.40000000;26;EXCHANGE_LAST;;1;1;XEUR;11393888;109977;
20.01.2025;17:06:20.352;FSEG SI 20250321 CS;SIMPLE_INSTRUMENT;EFP_IDX;EUR;77;194.00000000;47;EXCHANGE_LAST;;1;1;XEUR;11393888;109977;
20.01.2025;17:06:34.309;FSEG SI 20250321 CS;SIMPLE_INSTRUMENT;EFP_IDX;EUR;78;195.00000000;33;EXCHANGE_LAST;;1;1;XEUR;11393888;109977;
20.01.2025;16:48:04.961;FSMI SI 20250321 CS;SIMPLE_INSTRUMENT;EFP_IDX;CHF;1;12009.00000000;139;EXCHANGE_LAST;;1;1;XEUR;7793721;757;
20.01.2025;16:48:13.811;FSMI SI 20250321 CS;SIMPLE_INSTRUMENT;EFP_IDX;CHF;2;12008.00000000;4;EXCHANGE_LAST;;1;1;XEUR;7793721;757;
20.01.2025;16:48:24.334;FSSX SI 20250321 CS;SIMPLE_INSTRUMENT;EFP_IDX;EUR;72;218.95000000;232;EXCHANGE_LAST;;1;1;XEUR;11401329;300496;
20.01.2025;16:40:21.293;FSTA SI 20250321 CS;SIMPLE_INSTRUMENT;BLOCK;EUR;1;573.30000000;407;EXCHANGE_LAST;;1;1;XEUR;11359808;715;
20.01.2025;16:44:01.927;FSTC SI 20250321 CS;SIMPLE_INSTRUMENT;EFP_IDX;EUR;4;1223.80000000;288;EXCHANGE_LAST;;1;1;XEUR;11359806;713;
20.01.2025;16:44:22.933;FSTC SI 20250321 CS;SIMPLE_INSTRUMENT;EFP_IDX;EUR;7;1223.90000000;673;EXCHANGE_LAST;;1;1;XEUR;11359806;713;
20.01.2025;16:53:19.429;FSTC SI 20250321 CS;SIMPLE_INSTRUMENT;EFP_IDX;EUR;10;1223.80000000;310;EXCHANGE_LAST;;1;1;XEUR;11359806;713;
20.01.2025;16:53:31.225;FSTC SI 20250321 CS;SIMPLE_INSTRUMENT;EFP_IDX;EUR;11;1223.90000000;206;EXCHANGE_LAST;;1;1;XEUR;11359806;713;
20.01.2025;17:07:56.877;FSTE SI 20250321 CS;SIMPLE_INSTRUMENT;BLOCK;EUR;12;353.90000000;260;EXCHANGE_LAST;;1;1;XEUR;11359812;719;
20.01.2025;17:08:18.873;FSTE SI 20250321 CS;SIMPLE_INSTRUMENT;BLOCK;EUR;13;354.00000000;390;EXCHANGE_LAST;;1;1;XEUR;11359812;719;
20.01.2025;17:08:49.479;FSTE SI 20250321 CS;SIMPLE_INSTRUMENT;BLOCK;EUR;14;354.00000000;480;EXCHANGE_LAST;;1;1;XEUR;11359812;719;
20.01.2025;17:09:35.917;FSTE SI 20250321 CS;SIMPLE_INSTRUMENT;BLOCK;EUR;15;353.90000000;320;EXCHANGE_LAST;;1;1;XEUR;11359812;719;
20.01.2025;13:31:27.797;FSTF SI 20250321 CS;SIMPLE_INSTRUMENT;VOLA;EUR;603979800;873.30000000;12;EXCHANGE_LAST;;1;1;XEUR;11359810;718;
20.01.2025;16:45:27.281;FSTI SI 20250321 CS;SIMPLE_INSTRUMENT;EFP_IDX;EUR;69;421.20000000;300;EXCHANGE_LAST;;1;1;XEUR;11359770;707;
20.01.2025;16:46:46.166;FSTI SI 20250321 CS;SIMPLE_INSTRUMENT;EFP_IDX;EUR;70;421.00000000;857;EXCHANGE_LAST;;1;1;XEUR;11359770;707;
20.01.2025;16:46:54.383;FSTI SI 20250321 CS;SIMPLE_INSTRUMENT;EFP_IDX;EUR;71;420.90000000;95;EXCHANGE_LAST;;1;1;XEUR;11359770;707;
20.01.2025;16:43:34.960;FSTO SI 20250321 CS;SIMPLE_INSTRUMENT;EFP_IDX;EUR;2;625.70000000;65;EXCHANGE_LAST;;1;1;XEUR;11359792;711;
20.01.2025;16:44:03.231;FSTO SI 20250321 CS;SIMPLE_INSTRUMENT;EFP_IDX;EUR;5;625.80000000;260;EXCHANGE_LAST;;1;1;XEUR;11359792;711;
20.01.2025;16:46:02.151;FSTT SI 20250321 CS;SIMPLE_INSTRUMENT;EFP_IDX;EUR;3;237.60000000;1707;EXCHANGE_LAST;;1;1;XEUR;11359772;708;
20.01.2025;16:46:10.409;FSTT SI 20250321 CS;SIMPLE_INSTRUMENT;EFP_IDX;EUR;6;237.50000000;426;EXCHANGE_LAST;;1;1;XEUR;11359772;708;
20.01.2025;15:27:58.813;FSTU SI 20250321 CS;SIMPLE_INSTRUMENT;EFP_IDX;EUR;53;383.00000000;312;EXCHANGE_LAST;;1;1;XEUR;11359815;730;
20.01.2025;15:28:07.212;FSTU SI 20250321 CS;SIMPLE_INSTRUMENT;EFP_IDX;EUR;54;383.10000000;208;EXCHANGE_LAST;;1;1;XEUR;11359815;730;
20.01.2025;16:47:47.107;FSTZ SI 20250321 CS;SIMPLE_INSTRUMENT;EFP_IDX;EUR;8;1081.20000000;126;EXCHANGE_LAST;;1;1;XEUR;11359819;734;
20.01.2025;16:47:57.425;FSTZ SI 20250321 CS;SIMPLE_INSTRUMENT;EFP_IDX;EUR;9;1081.10000000;126;EXCHANGE_LAST;;1;1;XEUR;11359819;734;
20.01.2025;10:02:48.080;FTE SI 20250919 PS AM P 10.00 0;SIMPLE_INSTRUMENT;BLOCK;EUR;6;0.51000000;4000;EXCHANGE_LAST;;1;1;XEUR;11881730;724;
20.01.2025;10:02:59.630;FTE SI 20250919 PS AM C 11.00 0;SIMPLE_INSTRUMENT;BLOCK;EUR;7;0.21000000;4000;EXCHANGE_LAST;;1;1;XEUR;11881726;724;
20.01.2025;14:35:57.946;FTE.O.250120.BR23.000003;STANDARD_OPTION_STRATEGY;BLOCK;EUR;33;-1.76000000;5000;EXCHANGE_LAST;;1;2;XEUR;72060703594263373;724;
20.01.2025;14:35:57.946;FTE SI 20281215 PS AM P 6.40 0;SIMPLE_INSTRUMENT;BLOCK;EUR;33;0.36000000;15000;PRC_DECOMP_MEMBER;;;;XEUR;10406286;724;MEMBER
20.01.2025;14:35:57.946;FTE SI 20281215 PS AM P 9.60 0;SIMPLE_INSTRUMENT;BLOCK;EUR;33;1.42000000;10000;PRC_DECOMP_MEMBER;;;;XEUR;10406323;724;MEMBER
20.01.2025;10:47:24.130;FVS.S.JAN25.FEB25.SPD;FUTURES_SPREAD;BLOCK;EUR;23;-0.35000000;1000;EXCHANGE_LAST;;1;1;XEUR;72061120206078924;821;
20.01.2025;10:47:24.130;FVS SI 20250122 CS;SIMPLE_INSTRUMENT;BLOCK;EUR;23;16.75000000;1000;PRC_DECOMP_EXCHANGE;;;;XEUR;11231184;821;EXCHANGE
20.01.2025;10:47:24.130;FVS SI 20250219 CS;SIMPLE_INSTRUMENT;BLOCK;EUR;23;17.10000000;1000;PRC_DECOMP_EXCHANGE;;;;XEUR;11334509;821;EXCHANGE
20.01.2025;12:51:20.174;FVS.S.JAN25.FEB25.SPD;FUTURES_SPREAD;BLOCK;EUR;28;-0.35000000;1000;EXCHANGE_LAST;;1;1;XEUR;72061120206078924;821;
20.01.2025;12:51:20.174;FVS SI 20250122 CS;SIMPLE_INSTRUMENT;BLOCK;EUR;28;16.75000000;1000;PRC_DECOMP_MEMBER;;;;XEUR;11231184;821;MEMBER
20.01.2025;12:51:20.174;FVS SI 20250219 CS;SIMPLE_INSTRUMENT;BLOCK;EUR;28;17.10000000;1000;PRC_DECOMP_MEMBER;;;;XEUR;11334509;821;MEMBER
20.01.2025;13:42:31.115;FVS.S.JAN25.FEB25.SPD;FUTURES_SPREAD;BLOCK;EUR;29;-0.30000000;1000;EXCHANGE_LAST;;1;1;XEUR;72061120206078924;821;
20.01.2025;13:42:31.115;FVS SI 20250219 CS;SIMPLE_INSTRUMENT;BLOCK;EUR;29;17.20000000;1000;PRC_DECOMP_EXCHANGE;;;;XEUR;11334509;821;EXCHANGE
20.01.2025;13:42:31.115;FVS SI 20250122 CS;SIMPLE_INSTRUMENT;BLOCK;EUR;29;16.90000000;1000;PRC_DECOMP_EXCHANGE;;;;XEUR;11231184;821;EXCHANGE
20.01.2025;14:50:31.516;FVS SI 20250122 CS;SIMPLE_INSTRUMENT;BLOCK;EUR;31;16.60000000;1686;EXCHANGE_LAST;;1;1;XEUR;11231184;821;
20.01.2025;14:51:33.359;FVS SI 20250219 CS;SIMPLE_INSTRUMENT;BLOCK;EUR;32;16.90000000;1686;EXCHANGE_LAST;;1;1;XEUR;11334509;821;
20.01.2025;16:19:38.802;FVS.S.JAN25.FEB25.SPD;FUTURES_SPREAD;BLOCK;EUR;39;-0.25000000;1000;EXCHANGE_LAST;;1;1;XEUR;72061120206078924;821;
20.01.2025;16:19:38.802;FVS SI 20250122 CS;SIMPLE_INSTRUMENT;BLOCK;EUR;39;16.70000000;1000;PRC_DECOMP_EXCHANGE;;;;XEUR;11231184;821;EXCHANGE
20.01.2025;16:19:38.802;FVS SI 20250219 CS;SIMPLE_INSTRUMENT;BLOCK;EUR;39;16.95000000;1000;PRC_DECOMP_EXCHANGE;;;;XEUR;11334509;821;EXCHANGE
20.01.2025;16:40:49.063;FXXP SI 20250321 CS;SIMPLE_INSTRUMENT;EFP_IDX;EUR;40;524.80000000;78;EXCHANGE_LAST;;1;1;XEUR;7793972;816;
20.01.2025;16:41:20.876;FXXP SI 20250321 CS;SIMPLE_INSTRUMENT;EFP_IDX;EUR;41;524.90000000;19;EXCHANGE_LAST;;1;1;XEUR;7793972;816;
20.01.2025;16:46:48.815;FXXP SI 20250321 CS;SIMPLE_INSTRUMENT;EFP_IDX;EUR;42;524.70000000;131;EXCHANGE_LAST;;1;1;XEUR;7793972;816;
20.01.2025;16:46:55.816;FXXP SI 20250321 CS;SIMPLE_INSTRUMENT;EFP_IDX;EUR;43;524.80000000;1182;EXCHANGE_LAST;;1;1;XEUR;7793972;816;
20.01.2025;09:21:25.742;FXXP SI 20250321 CS;SIMPLE_INSTRUMENT;VOLA;EUR;603979781;523.70000000;13;EXCHANGE_LAST;;1;1;XEUR;7793972;816;
20.01.2025;15:57:50.316;FXXP SI 20250321 CS;SIMPLE_INSTRUMENT;VOLA;EUR;603979821;526.00000000;108;EXCHANGE_LAST;;1;1;XEUR;7793972;816;
20.01.2025;15:13:32.373;G3ZF SI 20251219 CS;SIMPLE_INSTRUMENT;BLOCK;EUR;34;1.48000000;150;EXCHANGE_LAST;;1;1;XEUR;5914677;144760;
20.01.2025;12:28:56.818;GIVN SI 20250321 PS AM P 3800.0 0;SIMPLE_INSTRUMENT;BLOCK;CHF;50;87.03000000;100;EXCHANGE_LAST;;1;1;XEUR;10841901;892;
20.01.2025;12:29:18.202;GIVN SI 20261218 PS AM P 3200.0 0;SIMPLE_INSTRUMENT;BLOCK;CHF;51;175.03000000;100;EXCHANGE_LAST;;1;1;XEUR;12444610;892;
20.01.2025;13:12:55.368;GIVN SI 20250321 PS AM P 3900.0 0;SIMPLE_INSTRUMENT;BLOCK;CHF;61;123.50000000;150;EXCHANGE_LAST;;1;1;XEUR;12444739;892;
20.01.2025;14:39:20.002;GOB SI 20250131 PS AM C 90.00 0;SIMPLE_INSTRUMENT;BLOCK;EUR;34;0.78000000;1158;EXCHANGE_LAST;;1;1;XEUR;12444300;874;
20.01.2025;15:47:45.271;GXI SI 20251219 PS AM C 80.00 0;SIMPLE_INSTRUMENT;BLOCK;EUR;4;5.76000000;357;EXCHANGE_LAST;;1;1;XEUR;12443848;852;
20.01.2025;15:47:47.562;GXI SI 20251219 PS AM C 85.00 0;SIMPLE_INSTRUMENT;BLOCK;EUR;5;4.39000000;357;EXCHANGE_LAST;;1;1;XEUR;12602692;852;
20.01.2025;15:52:12.538;GXI SI 20251219 PS AM C 80.00 0;SIMPLE_INSTRUMENT;BLOCK;EUR;6;5.75000000;357;EXCHANGE_LAST;;1;1;XEUR;12443848;852;
20.01.2025;15:52:12.895;GXI SI 20251219 PS AM C 85.00 0;SIMPLE_INSTRUMENT;BLOCK;EUR;7;4.40000000;357;EXCHANGE_LAST;;1;1;XEUR;12602692;852;
20.01.2025;09:14:57.521;GZF.O.250120.STG.000001;STANDARD_OPTION_STRATEGY;BLOCK;EUR;2;1.59000000;2500;EXCHANGE_LAST;;1;1;XEUR;72061266234980979;855;
20.01.2025;09:14:57.521;GZF SI 20250919 PS AM P 15.00 0;SIMPLE_INSTRUMENT;BLOCK;EUR;2;1.00000000;2500;PRC_DECOMP_EXCHANGE;;;;XEUR;11883170;855;EXCHANGE
20.01.2025;09:14:57.521;GZF SI 20250919 PS AM C 16.00 0;SIMPLE_INSTRUMENT;BLOCK;EUR;2;0.59000000;2500;PRC_DECOMP_EXCHANGE;;;;XEUR;11883168;855;EXCHANGE
20.01.2025;09:15:27.948;GZF.O.250120.STG.000001;STANDARD_OPTION_STRATEGY;BLOCK;EUR;3;1.58000000;2500;EXCHANGE_LAST;;1;1;XEUR;72061266234980979;855;
20.01.2025;09:15:27.948;GZF SI 20250919 PS AM C 16.00 0;SIMPLE_INSTRUMENT;BLOCK;EUR;3;0.58000000;2500;PRC_DECOMP_EXCHANGE;;;;XEUR;11883168;855;EXCHANGE
20.01.2025;09:15:27.948;GZF SI 20250919 PS AM P 15.00 0;SIMPLE_INSTRUMENT;BLOCK;EUR;3;1.00000000;2500;PRC_DECOMP_EXCHANGE;;;;XEUR;11883170;855;EXCHANGE
20.01.2025;13:27:38.336;GZF.O.250120.BRT12.000002;STANDARD_OPTION_STRATEGY;BLOCK;EUR;20;0.59000000;2000;EXCHANGE_LAST;;1;1;XEUR;72061266234980980;855;
20.01.2025;13:27:38.336;GZF SI 20250919 PS AM P 15.00 0;SIMPLE_INSTRUMENT;BLOCK;EUR;20;0.99000000;2000;PRC_DECOMP_EXCHANGE;;;;XEUR;11883170;855;EXCHANGE
20.01.2025;13:27:38.336;GZF SI 20250321 PS AM P 15.00 0;SIMPLE_INSTRUMENT;BLOCK;EUR;20;0.20000000;4000;PRC_DECOMP_EXCHANGE;;;;XEUR;10841446;855;EXCHANGE
20.01.2025;13:27:55.264;GZF.O.250120.BRT12.000002;STANDARD_OPTION_STRATEGY;BLOCK;EUR;21;0.60000000;2000;EXCHANGE_LAST;;1;1;XEUR;72061266234980980;855;
20.01.2025;13:27:55.264;GZF SI 20250919 PS AM P 15.00 0;SIMPLE_INSTRUMENT;BLOCK;EUR;21;1.00000000;2000;PRC_DECOMP_EXCHANGE;;;;XEUR;11883170;855;EXCHANGE
20.01.2025;13:27:55.264;GZF SI 20250321 PS AM P 15.00 0;SIMPLE_INSTRUMENT;BLOCK;EUR;21;0.20000000;4000;PRC_DECOMP_EXCHANGE;;;;XEUR;10841446;855;EXCHANGE
20.01.2025;13:49:29.267;GZF SI 20250919 PS AM P 17.00 0;SIMPLE_INSTRUMENT;BLOCK;EUR;28;2.45000000;7969;EXCHANGE_LAST;;1;1;XEUR;11883176;855;
20.01.2025;13:49:04.404;GZF SI 20250919 PS AM C 17.00 0;SIMPLE_INSTRUMENT;BLOCK;EUR;29;0.25000000;7969;EXCHANGE_LAST;;1;1;XEUR;11883165;855;
20.01.2025;16:14:14.057;HMI.O.250120.BRT.000003;STANDARD_OPTION_STRATEGY;BLOCK;EUR;39;163.00000000;50;EXCHANGE_LAST;;1;1;XEUR;72061674256867232;950;
20.01.2025;16:14:14.057;HMI SI 20250321 PS AM P 2480.00 0;SIMPLE_INSTRUMENT;BLOCK;EUR;39;108.24000000;50;PRC_DECOMP_EXCHANGE;;;;XEUR;11114276;950;EXCHANGE
20.01.2025;16:14:14.057;HMI SI 20260619 PS AM P 2480.00 0;SIMPLE_INSTRUMENT;BLOCK;EUR;39;271.24000000;50;PRC_DECOMP_EXCHANGE;;;;XEUR;11114383;950;EXCHANGE
20.01.2025;14:47:30.631;I3ES SI 20250620 CS;SIMPLE_INSTRUMENT;BLOCK;EUR;30;0.17900000;12025;EXCHANGE_LAST;;1;1;XEUR;10842363;913;
20.01.2025;14:47:45.090;I3ES SI 20250620 CS;SIMPLE_INSTRUMENT;BLOCK;EUR;31;0.18000000;16900;EXCHANGE_LAST;;1;1;XEUR;10842363;913;
20.01.2025;15:39:31.137;I3ES SI 20251219 CS;SIMPLE_INSTRUMENT;BLOCK;EUR;48;0.35300000;2000;EXCHANGE_LAST;;1;1;XEUR;5914756;913;
20.01.2025;15:58:35.464;I3ES SI 20261218 CS;SIMPLE_INSTRUMENT;BLOCK;EUR;55;0.33500000;4000;EXCHANGE_LAST;;2;1;XEUR;6805357;913;
20.01.2025;16:11:54.280;I3ES SI 20251219 CS;SIMPLE_INSTRUMENT;BLOCK;EUR;59;0.35300000;1100;EXCHANGE_LAST;;1;1;XEUR;5914756;913;
20.01.2025;14:28:02.127;IESI.S.MAR25.JUN25.SPD;FUTURES_SPREAD;BLOCK;EUR;27;0.13300000;32500;EXCHANGE_LAST;;1;1;XEUR;72061463803462916;901;
20.01.2025;14:28:02.127;IESI SI 20250619 CS;SIMPLE_INSTRUMENT;BLOCK;EUR;27;4.03520000;32500;PRC_DECOMP_EXCHANGE;;;;XEUR;11162717;901;EXCHANGE
20.01.2025;14:28:02.127;IESI SI 20250320 CS;SIMPLE_INSTRUMENT;BLOCK;EUR;27;4.16820000;32500;PRC_DECOMP_EXCHANGE;;;;XEUR;10688352;901;EXCHANGE
20.01.2025;17:03:10.659;IESI SI 20250320 CS;SIMPLE_INSTRUMENT;BLOCK;EUR;67;4.19070000;3000;EXCHANGE_LAST;;1;1;XEUR;10688352;901;
20.01.2025;10:16:53.269;IFX SI 20250321 PS AM C 40.00 0;SIMPLE_INSTRUMENT;BLOCK;EUR;7;0.39000000;2067;EXCHANGE_LAST;;1;1;XEUR;10842336;902;
20.01.2025;10:18:48.091;IFX SI 20250321 PS AM C 40.00 0;SIMPLE_INSTRUMENT;BLOCK;EUR;8;0.39000000;1045;EXCHANGE_LAST;;1;1;XEUR;10842336;902;
20.01.2025;14:17:06.078;IFX SI 20250131 PS AM C 35.00 0;SIMPLE_INSTRUMENT;BLOCK;EUR;14;0.65000000;1616;EXCHANGE_LAST;;1;1;XEUR;12444838;902;
20.01.2025;09:17:38.273;IFXE.O.250120.BUL.000003;STANDARD_OPTION_STRATEGY;BLOCK;EUR;1;0.26000000;2250;EXCHANGE_LAST;;1;1;XEUR;72061472393401128;903;
20.01.2025;09:17:38.273;IFXE SI 20250221 PS EU C 36.00 0;SIMPLE_INSTRUMENT;BLOCK;EUR;1;0.83000000;2250;PRC_DECOMP_MEMBER;;;;XEUR;12340496;903;MEMBER
20.01.2025;09:17:38.273;IFXE SI 20250221 PS EU C 37.00 0;SIMPLE_INSTRUMENT;BLOCK;EUR;1;0.57000000;2250;PRC_DECOMP_MEMBER;;;;XEUR;12358593;903;MEMBER
20.01.2025;16:08:36.791;IGLN SI 20250221 PS AM P 51.00 0;SIMPLE_INSTRUMENT;BLOCK;USD;2;0.27000000;18000;EXCHANGE_LAST;;1;1;XEUR;12267605;75966;
20.01.2025;16:08:36.791;IGLN SI 20250221 PS AM P 51.00 0;SIMPLE_INSTRUMENT;BLOCK;USD;3;0.26000000;2000;EXCHANGE_LAST;;1;1;XEUR;12267605;75966;
20.01.2025;12:19:41.410;ITK.O.250120.STG.000001;STANDARD_OPTION_STRATEGY;BLOCK;EUR;1;8.45000000;400;EXCHANGE_LAST;;1;1;XEUR;72061884710275161;999;
20.01.2025;12:19:41.410;ITK SI 20260619 PS AM P 44.00 0;SIMPLE_INSTRUMENT;BLOCK;EUR;1;3.97000000;400;PRC_DECOMP_EXCHANGE;;;;XEUR;9552677;999;EXCHANGE
20.01.2025;12:19:41.410;ITK SI 20260619 PS AM C 48.00 0;SIMPLE_INSTRUMENT;BLOCK;EUR;1;4.48000000;400;PRC_DECOMP_EXCHANGE;;;;XEUR;9552678;999;EXCHANGE
20.01.2025;10:29:57.228;KNIN SI 20250321 PS AM P 190.00 0;SIMPLE_INSTRUMENT;BLOCK;CHF;23;2.90000000;400;EXCHANGE_LAST;;1;1;XEUR;10844805;1091;
20.01.2025;10:49:02.367;LOGN SI 20250620 PS AM P 56.00 0;SIMPLE_INSTRUMENT;BLOCK;CHF;25;0.63000000;800;EXCHANGE_LAST;;1;1;XEUR;11366644;1143;
20.01.2025;10:49:02.468;LOGN SI 20261218 PS AM P 52.00 0;SIMPLE_INSTRUMENT;BLOCK;CHF;26;2.92000000;400;EXCHANGE_LAST;;1;1;XEUR;7299568;1143;
20.01.2025;11:18:23.232;LOGN SI 20250221 PS AM P 80.00 0;SIMPLE_INSTRUMENT;BLOCK;CHF;34;3.62000000;400;EXCHANGE_LAST;;1;1;XEUR;12249680;1143;
20.01.2025;09:01:20.208;LONN SI 20250221 PS AM C 570.00 0;SIMPLE_INSTRUMENT;BLOCK;CHF;11;16.50000000;3000;EXCHANGE_LAST;;1;2;XEUR;12249349;1141;
20.01.2025;09:32:47.964;LONN SI 20250221 PS AM C 570.00 0;SIMPLE_INSTRUMENT;BLOCK;CHF;12;16.50000000;1000;EXCHANGE_LAST;;1;1;XEUR;12249349;1141;
20.01.2025;14:04:43.636;LONN SI 20250221 PS AM P 520.00 0;SIMPLE_INSTRUMENT;BLOCK;CHF;71;7.90000000;570;EXCHANGE_LAST;;1;1;XEUR;12249302;1141;
20.01.2025;14:01:09.651;LXS SI 20251219 PS AM P 20.00 0;SIMPLE_INSTRUMENT;BLOCK;EUR;5;1.30000000;1000;EXCHANGE_LAST;;1;1;XEUR;7999719;1024;
20.01.2025;13:23:36.260;M2UV SI 20261218 CS;SIMPLE_INSTRUMENT;BLOCK;EUR;22;19.00000000;45;EXCHANGE_LAST;;2;1;XEUR;6806511;1055;
20.01.2025;13:36:58.906;M2UV SI 20261218 CS;SIMPLE_INSTRUMENT;BLOCK;EUR;23;19.05000000;50;EXCHANGE_LAST;;1;1;XEUR;6806511;1055;
20.01.2025;15:49:17.321;MLXG SI 20250321 CS;SIMPLE_INSTRUMENT;BLOCK;EUR;54;33.35160000;300;EXCHANGE_LAST;;1;1;XEUR;10735532;553017;
20.01.2025;12:47:08.132;MOH SI 20250131 PS AM C 760.00 0;SIMPLE_INSTRUMENT;BLOCK;EUR;15;4.24000000;169;EXCHANGE_LAST;;1;1;XEUR;12608485;1074;
20.01.2025;12:47:23.137;MOH SI 20250221 PS AM C 800.00 0;SIMPLE_INSTRUMENT;BLOCK;EUR;16;3.02000000;320;EXCHANGE_LAST;;1;1;XEUR;12608439;1074;
20.01.2025;12:49:28.799;MOH SI 20250321 PS AM P 700.00 0;SIMPLE_INSTRUMENT;BLOCK;EUR;17;42.90000000;100;EXCHANGE_LAST;;1;1;XEUR;12059480;1074;
20.01.2025;14:06:44.481;MOH SI 20251219 PS AM P 680.00 0;SIMPLE_INSTRUMENT;BLOCK;EUR;32;67.25000000;300;EXCHANGE_LAST;;1;3;XEUR;12036225;1074;
20.01.2025;13:58:10.858;MOHG SI 20250516 CS;SIMPLE_INSTRUMENT;BLOCK;EUR;26;689.34860000;25;EXCHANGE_LAST;;1;1;XEUR;11055586;45418;
20.01.2025;14:40:08.204;MRK SI 20250321 PS AM C 150.00 0;SIMPLE_INSTRUMENT;BLOCK;EUR;2;3.10000000;300;EXCHANGE_LAST;;1;1;XEUR;10848579;1223;
20.01.2025;14:45:12.781;MRK SI 20250321 PS AM C 150.00 0;SIMPLE_INSTRUMENT;BLOCK;EUR;3;3.10000000;300;EXCHANGE_LAST;;1;1;XEUR;10848579;1223;
20.01.2025;08:49:42.661;MUV2 SI 20250221 PS AM C 520.00 0;SIMPLE_INSTRUMENT;BLOCK;EUR;1;4.95000000;250;EXCHANGE_LAST;;1;1;XEUR;12251844;1234;
20.01.2025;13:12:35.965;N2DB SI 20261218 CS;SIMPLE_INSTRUMENT;BLOCK;EUR;16;0.90000000;300;EXCHANGE_LAST;;1;1;XEUR;6822151;57102;
20.01.2025;15:22:42.198;N2DB SI 20251219 CS;SIMPLE_INSTRUMENT;BLOCK;EUR;40;0.99000000;250;EXCHANGE_LAST;;1;1;XEUR;5914924;57102;
20.01.2025;15:47:50.377;N2DB SI 20251219 CS;SIMPLE_INSTRUMENT;BLOCK;EUR;51;0.99000000;1500;EXCHANGE_LAST;;1;2;XEUR;5914924;57102;
20.01.2025;15:38:12.499;N2ES SI 20250620 CS;SIMPLE_INSTRUMENT;BLOCK;CHF;47;3.10000000;544;EXCHANGE_LAST;;2;3;XEUR;10848664;1240;
20.01.2025;16:49:22.342;N2ES SI 20251219 CS;SIMPLE_INSTRUMENT;BLOCK;CHF;65;3.10000000;50;EXCHANGE_LAST;;1;1;XEUR;5914928;1240;
20.01.2025;15:41:08.902;N3EF SI 20251219 CS;SIMPLE_INSTRUMENT;BLOCK;EUR;45;0.20000000;750;EXCHANGE_LAST;;1;1;XEUR;9488403;669775;
20.01.2025;15:03:04.139;N4OV SI 20251219 CS;SIMPLE_INSTRUMENT;BLOCK;CHF;33;3.48000000;50;EXCHANGE_LAST;;1;1;XEUR;10036553;724743;
20.01.2025;16:19:11.598;N4OV SI 20250620 CS;SIMPLE_INSTRUMENT;BLOCK;CHF;60;3.40000000;345;EXCHANGE_LAST;;2;4;XEUR;10891333;724743;
20.01.2025;15:27:11.728;NESE.O.250120.CNV.000006;STANDARD_OPTION_STRATEGY;BLOCK;CHF;83;-7.49000000;8000;EXCHANGE_LAST;;2;3;XEUR;72062992811836973;1257;
20.01.2025;15:27:11.728;NESE SI 20250620 PS EU C 80.00 0;SIMPLE_INSTRUMENT;BLOCK;CHF;83;0.66000000;8000;PRC_DECOMP_EXCHANGE;;;;XEUR;11369894;1257;EXCHANGE
20.01.2025;15:27:11.728;NESE SI 20250620 PS EU P 80.00 0;SIMPLE_INSTRUMENT;BLOCK;CHF;83;8.15000000;8000;PRC_DECOMP_EXCHANGE;;;;XEUR;11369900;1257;EXCHANGE
20.01.2025;10:08:23.463;NESN SI 20260619 PS AM P 64.00 0;SIMPLE_INSTRUMENT;BLOCK;CHF;16;2.59000000;1000;EXCHANGE_LAST;;1;1;XEUR;12331695;1263;
20.01.2025;10:35:38.583;NESN SI 20250321 PS AM P 80.00 0;SIMPLE_INSTRUMENT;BLOCK;CHF;24;5.87000000;1250;EXCHANGE_LAST;;1;1;XEUR;10849738;1263;
20.01.2025;11:09:12.983;NESN.O.250120.BRT.000006;STANDARD_OPTION_STRATEGY;BLOCK;CHF;30;3.20000000;1500;EXCHANGE_LAST;;1;1;XEUR;72063018581704383;1263;
20.01.2025;11:09:12.983;NESN SI 20250221 PS AM P 75.00 0;SIMPLE_INSTRUMENT;BLOCK;CHF;30;1.90000000;1500;PRC_DECOMP_EXCHANGE;;;;XEUR;12252371;1263;EXCHANGE
20.01.2025;11:09:12.983;NESN SI 20250919 PS AM P 75.00 0;SIMPLE_INSTRUMENT;BLOCK;CHF;30;5.10000000;1500;PRC_DECOMP_EXCHANGE;;;;XEUR;12331563;1263;EXCHANGE
20.01.2025;11:14:38.958;NESN SI 20250919 PS AM C 74.00 0;SIMPLE_INSTRUMENT;BLOCK;CHF;31;3.27000000;1500;EXCHANGE_LAST;;1;1;XEUR;12331565;1263;
20.01.2025;11:24:39.516;NESN SI 20251219 PS AM P 65.00 0;SIMPLE_INSTRUMENT;BLOCK;CHF;39;1.57000000;3000;EXCHANGE_LAST;;1;1;XEUR;12331712;1263;
20.01.2025;13:14:52.120;NESN SI 20250321 PS AM P 72.00 0;SIMPLE_INSTRUMENT;BLOCK;CHF;63;1.07000000;3000;EXCHANGE_LAST;;1;1;XEUR;10849709;1263;
20.01.2025;13:27:10.561;NESN SI 20250321 PS AM P 72.00 0;SIMPLE_INSTRUMENT;BLOCK;CHF;65;1.07000000;1000;EXCHANGE_LAST;;1;1;XEUR;10849709;1263;
20.01.2025;16:22:26.642;NESN SI 20250221 PS AM C 77.00 0;SIMPLE_INSTRUMENT;BLOCK;CHF;99;0.71000000;5000;EXCHANGE_LAST;;2;1;XEUR;12252619;1263;
20.01.2025;16:48:35.417;NESN.O.250120.COMBO.000016;STANDARD_OPTION_STRATEGY;BLOCK;CHF;103;1.33000000;750;EXCHANGE_LAST;;1;1;XEUR;72063018581704393;1263;
20.01.2025;16:48:35.417;NESN SI 20251219 PS AM P 68.00 0;SIMPLE_INSTRUMENT;BLOCK;CHF;103;2.42000000;750;PRC_DECOMP_EXCHANGE;;;;XEUR;6166164;1263;EXCHANGE
20.01.2025;16:48:35.417;NESN SI 20251219 PS AM C 84.00 0;SIMPLE_INSTRUMENT;BLOCK;CHF;103;1.09000000;750;PRC_DECOMP_EXCHANGE;;;;XEUR;5937990;1263;EXCHANGE
20.01.2025;14:36:42.343;NET SI 20250321 PS AM P 90.00 0;SIMPLE_INSTRUMENT;BLOCK;EUR;15;2.16000000;300;EXCHANGE_LAST;;1;1;XEUR;12469059;31638;
20.01.2025;16:20:23.325;NNG SI 20250321 PS AM P 39.50 0;SIMPLE_INSTRUMENT;BLOCK;EUR;8;0.28000000;2500;EXCHANGE_LAST;;1;1;XEUR;12470787;47577;
20.01.2025;16:17:43.490;NOVE.O.250120.CNV.000016;STANDARD_OPTION_STRATEGY;BLOCK;CHF;96;-12.98000000;5000;EXCHANGE_LAST;;2;4;XEUR;75170345815905594;724744;
20.01.2025;16:17:43.490;NOVE SI 20250620 PS EU C 100.00 0;SIMPLE_INSTRUMENT;BLOCK;CHF;96;0.54000000;5000;PRC_DECOMP_EXCHANGE;;;;XEUR;10038268;724744;EXCHANGE
20.01.2025;16:17:43.490;NOVE SI 20250620 PS EU P 100.00 0;SIMPLE_INSTRUMENT;BLOCK;CHF;96;13.52000000;5000;PRC_DECOMP_EXCHANGE;;;;XEUR;10038260;724744;EXCHANGE
20.01.2025;10:10:39.506;NOVN SI 20250620 PS AM P 85.00 0;SIMPLE_INSTRUMENT;BLOCK;CHF;17;3.04000000;1000;EXCHANGE_LAST;;1;1;XEUR;12310700;724745;
20.01.2025;11:20:12.873;NOVN SI 20250321 PS AM C 92.00 0;SIMPLE_INSTRUMENT;BLOCK;CHF;32;1.44000000;6500;EXCHANGE_LAST;;6;1;XEUR;10891565;724745;
20.01.2025;11:20:18.628;NOVN.O.250120.BER.000010;STANDARD_OPTION_STRATEGY;BLOCK;CHF;35;3.02000000;1000;EXCHANGE_LAST;;1;1;XEUR;75170350110878436;724745;
20.01.2025;11:20:18.628;NOVN SI 20250321 PS AM P 90.00 0;SIMPLE_INSTRUMENT;BLOCK;CHF;35;4.53000000;1000;PRC_DECOMP_EXCHANGE;;;;XEUR;11818951;724745;EXCHANGE
20.01.2025;11:20:18.628;NOVN SI 20250321 PS AM P 84.00 0;SIMPLE_INSTRUMENT;BLOCK;CHF;35;1.51000000;1000;PRC_DECOMP_EXCHANGE;;;;XEUR;10892100;724745;EXCHANGE
20.01.2025;11:39:12.430;NOVN SI 20250919 PS AM C 98.00 0;SIMPLE_INSTRUMENT;BLOCK;CHF;42;1.50000000;1300;EXCHANGE_LAST;;1;1;XEUR;11949774;724745;
20.01.2025;12:04:36.369;NOVN SI 20250919 PS AM C 100.00 0;SIMPLE_INSTRUMENT;BLOCK;CHF;48;1.18000000;2000;EXCHANGE_LAST;;2;2;XEUR;11933263;724745;
20.01.2025;12:08:06.308;NOVN SI 20250321 PS AM P 83.00 0;SIMPLE_INSTRUMENT;BLOCK;CHF;49;1.18000000;1000;EXCHANGE_LAST;;1;1;XEUR;12498199;724745;
20.01.2025;13:07:15.504;NOVN SI 20260619 PS AM P 68.00 0;SIMPLE_INSTRUMENT;BLOCK;CHF;56;1.70000000;300;EXCHANGE_LAST;;1;1;XEUR;10037313;724745;
20.01.2025;13:07:28.098;NOVN SI 20260619 PS AM P 84.00 0;SIMPLE_INSTRUMENT;BLOCK;CHF;57;6.80000000;300;EXCHANGE_LAST;;1;1;XEUR;10037221;724745;
20.01.2025;13:07:46.024;NOVN.O.250120.BER.000013;STANDARD_OPTION_STRATEGY;BLOCK;CHF;58;10.27000000;300;EXCHANGE_LAST;;1;1;XEUR;75170350110878439;724745;
20.01.2025;13:07:46.024;NOVN SI 20261218 PS AM P 92.00 0;SIMPLE_INSTRUMENT;BLOCK;CHF;58;12.66000000;300;PRC_DECOMP_EXCHANGE;;;;XEUR;10036975;724745;EXCHANGE
20.01.2025;13:07:46.024;NOVN SI 20261218 PS AM P 68.00 0;SIMPLE_INSTRUMENT;BLOCK;CHF;58;2.39000000;300;PRC_DECOMP_EXCHANGE;;;;XEUR;10037085;724745;EXCHANGE
20.01.2025;13:12:07.995;NOVN.O.250120.BER.000014;STANDARD_OPTION_STRATEGY;BLOCK;CHF;62;4.24000000;3400;EXCHANGE_LAST;;2;1;XEUR;75170350110878440;724745;
20.01.2025;13:12:07.995;NOVN SI 20250620 PS AM P 90.00 0;SIMPLE_INSTRUMENT;BLOCK;CHF;62;5.72000000;3400;PRC_DECOMP_EXCHANGE;;;;XEUR;10239711;724745;EXCHANGE
20.01.2025;13:12:07.995;NOVN SI 20250620 PS AM P 80.00 0;SIMPLE_INSTRUMENT;BLOCK;CHF;62;1.48000000;3400;PRC_DECOMP_EXCHANGE;;;;XEUR;11412331;724745;EXCHANGE
20.01.2025;14:24:37.498;NOVN SI 20250321 PS AM P 88.00 0;SIMPLE_INSTRUMENT;BLOCK;CHF;73;3.21000000;300;EXCHANGE_LAST;;1;1;XEUR;10891568;724745;
20.01.2025;14:29:01.277;NOVN.O.250120.COMBO.000016;STANDARD_OPTION_STRATEGY;BLOCK;CHF;74;2.26000000;500;EXCHANGE_LAST;;1;1;XEUR;75170350110878442;724745;
20.01.2025;14:29:01.277;NOVN SI 20250919 PS AM C 98.00 0;SIMPLE_INSTRUMENT;BLOCK;CHF;74;1.39000000;500;PRC_DECOMP_EXCHANGE;;;;XEUR;11949774;724745;EXCHANGE
20.01.2025;14:29:01.277;NOVN SI 20250919 PS AM P 84.00 0;SIMPLE_INSTRUMENT;BLOCK;CHF;74;3.65000000;500;PRC_DECOMP_EXCHANGE;;;;XEUR;11933157;724745;EXCHANGE
20.01.2025;14:38:50.746;NOVN.O.250120.STG.000017;STANDARD_OPTION_STRATEGY;BLOCK;CHF;76;16.82000000;300;EXCHANGE_LAST;;1;1;XEUR;75170350110878443;724745;
20.01.2025;14:38:50.746;NOVN SI 20271217 PS AM P 84.00 0;SIMPLE_INSTRUMENT;BLOCK;CHF;76;10.60000000;300;PRC_DECOMP_EXCHANGE;;;;XEUR;10036820;724745;EXCHANGE
20.01.2025;14:38:50.746;NOVN SI 20271217 PS AM C 92.00 0;SIMPLE_INSTRUMENT;BLOCK;CHF;76;6.22000000;300;PRC_DECOMP_EXCHANGE;;;;XEUR;10036813;724745;EXCHANGE
20.01.2025;09:27:15.921;ODAX SI 20250221 CS EU P 18600 0;SIMPLE_INSTRUMENT;BLOCK;EUR;2;23.00000000;700;EXCHANGE_LAST;;1;1;XEUR;12250400;1176;
20.01.2025;11:33:50.938;ODAX SI 20250620 CS EU P 20500 0;SIMPLE_INSTRUMENT;BLOCK;EUR;4;480.70000000;484;EXCHANGE_LAST;;1;1;XEUR;9786184;1176;
