#Date;TrdTime;Contract;ContractType;TrdTyp;Currency;TesId;Prc;Qty;TrdInd;Aggressor;Buy;Sell;Exch;InstrumentId;RelatedProdId;PrcDecomp
30.12.2024;12:06:48.781;ANN.O.241230.BER.000003;STANDARD_OPTION_STRATEGY;BLOCK;EUR;5;1.27000000;6467;EXCHANGE_LAST;;1;1;XEUR;72251735149669312;45202;
30.12.2024;12:06:48.781;ANN SI 20261218 PS AM P 23.00 0;SIMPLE_INSTRUMENT;BLOCK;EUR;5;2.03000000;6467;PRC_DECOMP_EXCHANGE;;;;XEUR;12418558;45202;EXCHANGE
30.12.2024;12:06:48.781;ANN SI 20261218 PS AM P 18.00 0;SIMPLE_INSTRUMENT;BLOCK;EUR;5;0.76000000;6467;PRC_DECOMP_EXCHANGE;;;;XEUR;7983756;45202;EXCHANGE
30.12.2024;09:03:39.458;BAN.N.241230.000003;NON_STANDARD_OPTION_STRATEGY;BLOCK;CHF;2;0.85000000;250;EXCHANGE_LAST;;1;1;XEUR;73339792099641605;298535;
30.12.2024;09:03:39.458;BAN SI 20250620 PS AM P 52.00 0;SIMPLE_INSTRUMENT;BLOCK;CHF;2;2.74000000;750;PRC_DECOMP_EXCHANGE;;;;XEUR;9591553;298535;EXCHANGE
30.12.2024;09:03:39.458;BAN SI 20250321 PS AM P 64.00 0;SIMPLE_INSTRUMENT;BLOCK;CHF;2;7.37000000;250;PRC_DECOMP_EXCHANGE;;;;XEUR;10878533;298535;EXCHANGE
30.12.2024;11:11:46.217;BOSF SI 20250417 CS;SIMPLE_INSTRUMENT;BLOCK;EUR;2;45.36200000;160;EXCHANGE_LAST;;1;1;XEUR;10832425;231;
30.12.2024;13:23:49.320;CBK.O.241230.COMBO.000007;STANDARD_OPTION_STRATEGY;BLOCK;EUR;1;1.34000000;8750;EXCHANGE_LAST;;1;2;XEUR;72058745089203082;268;
30.12.2024;13:23:49.320;CBK SI 20260619 PS AM P 13.50 0;SIMPLE_INSTRUMENT;BLOCK;EUR;1;1.65000000;8750;PRC_DECOMP_EXCHANGE;;;;XEUR;11523122;268;EXCHANGE
30.12.2024;13:23:49.320;CBK SI 20260619 PS AM C 24.00 0;SIMPLE_INSTRUMENT;BLOCK;EUR;1;0.31000000;8750;PRC_DECOMP_EXCHANGE;;;;XEUR;10982477;268;EXCHANGE
30.12.2024;15:07:43.769;CGM SI 20250620 PS AM C 160.00 0;SIMPLE_INSTRUMENT;BLOCK;EUR;4;11.79000000;750;EXCHANGE_LAST;;1;2;XEUR;7900818;317;
30.12.2024;10:38:15.719;ENR SI 20250620 PS AM C 28.00 0;SIMPLE_INSTRUMENT;BLOCK;EUR;3;22.57000000;1000;EXCHANGE_LAST;;1;1;XEUR;8167145;298530;
30.12.2024;11:02:31.183;ENR SI 20271217 PS AM C 10.00 0;SIMPLE_INSTRUMENT;BLOCK;EUR;4;40.63000000;1000;EXCHANGE_LAST;;1;1;XEUR;8826450;298530;
30.12.2024;08:55:15.176;FBTP SI 20250306 PS;SIMPLE_INSTRUMENT;EFP_FIN;EUR;1;119.79000000;2238;EXCHANGE_LAST;;1;1;XEUR;11286675;636;
30.12.2024;09:06:45.239;FBTP SI 20250306 PS;SIMPLE_INSTRUMENT;EFP_FIN;EUR;2;119.82000000;928;EXCHANGE_LAST;;1;1;XEUR;11286675;636;
30.12.2024;09:19:54.988;FBTP SI 20250306 PS;SIMPLE_INSTRUMENT;EFP_FIN;EUR;3;119.84000000;970;EXCHANGE_LAST;;1;1;XEUR;11286675;636;
30.12.2024;09:25:42.104;FBTP SI 20250306 PS;SIMPLE_INSTRUMENT;EFP_FIN;EUR;4;119.83000000;150;EXCHANGE_LAST;;1;1;XEUR;11286675;636;
30.12.2024;09:37:37.956;FBTP SI 20250306 PS;SIMPLE_INSTRUMENT;BLOCK;EUR;5;119.86000000;1119;EXCHANGE_LAST;;1;1;XEUR;11286675;636;
30.12.2024;09:40:38.639;FBTP SI 20250306 PS;SIMPLE_INSTRUMENT;EFP_FIN;EUR;6;119.85000000;269;EXCHANGE_LAST;;1;1;XEUR;11286675;636;
30.12.2024;09:42:16.673;FBTP SI 20250306 PS;SIMPLE_INSTRUMENT;EFP_FIN;EUR;8;119.85000000;90;EXCHANGE_LAST;;1;1;XEUR;11286675;636;
30.12.2024;09:47:39.804;FBTP SI 20250306 PS;SIMPLE_INSTRUMENT;EFP_FIN;EUR;9;119.84000000;970;EXCHANGE_LAST;;1;1;XEUR;11286675;636;
30.12.2024;09:56:00.113;FBTP SI 20250306 PS;SIMPLE_INSTRUMENT;EFP_FIN;EUR;10;119.82000000;171;EXCHANGE_LAST;;1;1;XEUR;11286675;636;
30.12.2024;09:59:46.269;FBTP SI 20250306 PS;SIMPLE_INSTRUMENT;EFP_FIN;EUR;11;119.86000000;264;EXCHANGE_LAST;;1;1;XEUR;11286675;636;
30.12.2024;10:02:14.433;FBTP SI 20250306 PS;SIMPLE_INSTRUMENT;EFP_FIN;EUR;12;119.77000000;671;EXCHANGE_LAST;;1;1;XEUR;11286675;636;
30.12.2024;10:14:08.629;FBTP SI 20250306 PS;SIMPLE_INSTRUMENT;EFP_FIN;EUR;13;119.79000000;1151;EXCHANGE_LAST;;1;1;XEUR;11286675;636;
30.12.2024;10:22:40.478;FBTP SI 20250306 PS;SIMPLE_INSTRUMENT;EFP_FIN;EUR;14;119.80000000;860;EXCHANGE_LAST;;1;1;XEUR;11286675;636;
30.12.2024;10:24:28.839;FBTP SI 20250306 PS;SIMPLE_INSTRUMENT;EFP_FIN;EUR;15;119.86000000;62;EXCHANGE_LAST;;1;1;XEUR;11286675;636;
30.12.2024;10:46:09.027;FBTP SI 20250306 PS;SIMPLE_INSTRUMENT;EFP_FIN;EUR;16;119.88000000;113;EXCHANGE_LAST;;1;1;XEUR;11286675;636;
30.12.2024;11:05:24.958;FBTP SI 20250306 PS;SIMPLE_INSTRUMENT;EFP_FIN;EUR;17;119.81000000;448;EXCHANGE_LAST;;1;1;XEUR;11286675;636;
30.12.2024;11:30:06.633;FBTP SI 20250306 PS;SIMPLE_INSTRUMENT;EFP_FIN;EUR;18;119.81000000;895;EXCHANGE_LAST;;1;1;XEUR;11286675;636;
30.12.2024;11:31:07.993;FBTP SI 20250306 PS;SIMPLE_INSTRUMENT;EFP_FIN;EUR;19;119.90000000;448;EXCHANGE_LAST;;1;1;XEUR;11286675;636;
30.12.2024;11:34:10.993;FBTP SI 20250306 PS;SIMPLE_INSTRUMENT;EFP_FIN;EUR;20;119.90000000;251;EXCHANGE_LAST;;1;1;XEUR;11286675;636;
30.12.2024;11:42:50.670;FBTP SI 20250306 PS;SIMPLE_INSTRUMENT;EFP_FIN;EUR;22;119.80000000;921;EXCHANGE_LAST;;1;1;XEUR;11286675;636;
30.12.2024;13:30:59.470;FBTP SI 20250306 PS;SIMPLE_INSTRUMENT;EFP_FIN;EUR;23;119.98000000;288;EXCHANGE_LAST;;1;1;XEUR;11286675;636;
30.12.2024;13:56:35.753;FBTP SI 20250306 PS;SIMPLE_INSTRUMENT;BLOCK;EUR;24;119.98000000;250;EXCHANGE_LAST;;1;1;XEUR;11286675;636;
30.12.2024;14:22:20.632;FBTP SI 20250306 PS;SIMPLE_INSTRUMENT;EFP_FIN;EUR;25;119.82000000;166;EXCHANGE_LAST;;1;1;XEUR;11286675;636;
30.12.2024;14:43:06.163;FBTP SI 20250306 PS;SIMPLE_INSTRUMENT;EFP_FIN;EUR;26;119.87000000;54;EXCHANGE_LAST;;1;1;XEUR;11286675;636;
30.12.2024;15:07:15.232;FBTP SI 20250306 PS;SIMPLE_INSTRUMENT;EFP_FIN;EUR;27;119.89000000;1600;EXCHANGE_LAST;;1;1;XEUR;11286675;636;
30.12.2024;15:29:50.292;FBTP SI 20250306 PS;SIMPLE_INSTRUMENT;EFP_FIN;EUR;28;119.91000000;895;EXCHANGE_LAST;;1;1;XEUR;11286675;636;
30.12.2024;15:50:40.902;FBTP SI 20250306 PS;SIMPLE_INSTRUMENT;EFP_FIN;EUR;29;119.93000000;75;EXCHANGE_LAST;;1;1;XEUR;11286675;636;
30.12.2024;09:21:23.280;FBTS SI 20250306 PS;SIMPLE_INSTRUMENT;EFP_FIN;EUR;2;107.42000000;413;EXCHANGE_LAST;;1;1;XEUR;11286677;639;
30.12.2024;13:31:47.925;FBTS SI 20250306 PS;SIMPLE_INSTRUMENT;EFP_FIN;EUR;9;107.40000000;1080;EXCHANGE_LAST;;1;1;XEUR;11286677;639;
30.12.2024;13:51:42.691;FBTS SI 20250306 PS;SIMPLE_INSTRUMENT;EFP_FIN;EUR;10;107.40000000;978;EXCHANGE_LAST;;1;1;XEUR;11286677;639;
30.12.2024;08:04:32.852;FCIN SI 20250328 CS;SIMPLE_INSTRUMENT;BLOCK;USD;1;142.20000000;12;EXCHANGE_LAST;;1;1;XEUR;10945396;580;
30.12.2024;13:04:07.552;FCNS SI 20250317 PS;SIMPLE_INSTRUMENT;EFP_IDX;SEK;1;0.96552000;158;EXCHANGE_LAST;;1;1;XEUR;9136391;402911;
30.12.2024;13:04:08.084;FCNS SI 20250317 PS;SIMPLE_INSTRUMENT;EFP_IDX;SEK;2;0.96553000;269;EXCHANGE_LAST;;1;1;XEUR;9136391;402911;
30.12.2024;16:16:27.835;FCNS SI 20250317 PS;SIMPLE_INSTRUMENT;EFP_IDX;SEK;3;0.96715000;735;EXCHANGE_LAST;;1;1;XEUR;9136391;402911;
30.12.2024;16:16:28.403;FCNS SI 20250317 PS;SIMPLE_INSTRUMENT;EFP_IDX;SEK;4;0.96716000;120;EXCHANGE_LAST;;1;1;XEUR;9136391;402911;
30.12.2024;18:40:35.104;FCNS SI 20250317 PS;SIMPLE_INSTRUMENT;EFP_IDX;SEK;5;0.96759000;493;EXCHANGE_LAST;;1;1;XEUR;9136391;402911;
30.12.2024;18:40:35.637;FCNS SI 20250317 PS;SIMPLE_INSTRUMENT;EFP_IDX;SEK;6;0.96760000;94;EXCHANGE_LAST;;1;1;XEUR;9136391;402911;
30.12.2024;14:46:20.227;FCXB SI 20250328 CS;SIMPLE_INSTRUMENT;BLOCK;USD;2;120.61000000;101;EXCHANGE_LAST;;1;1;XEUR;10948696;23778;
30.12.2024;12:57:03.250;FDAX SI 20250321 CS;SIMPLE_INSTRUMENT;EFP_IDX;EUR;1;20055.00000000;120;EXCHANGE_LAST;;1;1;XEUR;7561255;589;
30.12.2024;12:31:34.597;FECX SI 20250321 CS;SIMPLE_INSTRUMENT;BLOCK;EUR;5;166.03000000;106;EXCHANGE_LAST;;1;1;XEUR;11427948;410158;
30.12.2024;12:07:35.379;FESX SI 20250321 CS;SIMPLE_INSTRUMENT;EFP_IDX;EUR;1;4920.00000000;1000;EXCHANGE_LAST;;1;1;XEUR;7793482;675;
30.12.2024;12:13:23.871;FESX SI 20250321 CS;SIMPLE_INSTRUMENT;EFP_IDX;EUR;2;4920.00000000;1000;EXCHANGE_LAST;;1;1;XEUR;7793482;675;
30.12.2024;12:12:31.576;FESX SI 20250321 CS;SIMPLE_INSTRUMENT;BLOCK;EUR;3;4917.00000000;6000;EXCHANGE_LAST;;1;1;XEUR;7793482;675;
30.12.2024;12:32:36.053;FESX SI 20250321 CS;SIMPLE_INSTRUMENT;EFP_IDX;EUR;6;4917.00000000;900;EXCHANGE_LAST;;1;1;XEUR;7793482;675;
30.12.2024;13:11:16.216;FESX SI 20250321 CS;SIMPLE_INSTRUMENT;BLOCK;EUR;7;4900.00000000;2000;EXCHANGE_LAST;;1;1;XEUR;7793482;675;
30.12.2024;08:40:02.417;FESX SI 20250321 CS;SIMPLE_INSTRUMENT;VOLA;EUR;637534214;4898.00000000;480;EXCHANGE_LAST;;1;1;XEUR;7793482;675;
30.12.2024;09:32:16.629;FESX SI 20250321 CS;SIMPLE_INSTRUMENT;VOLA;EUR;637534231;4900.00000000;248;EXCHANGE_LAST;;1;1;XEUR;7793482;675;
30.12.2024;09:32:13.590;FESX SI 20250321 CS;SIMPLE_INSTRUMENT;VOLA;EUR;637534232;4907.00000000;2610;EXCHANGE_LAST;;1;1;XEUR;7793482;675;
30.12.2024;09:44:19.618;FESX SI 20250321 CS;SIMPLE_INSTRUMENT;VOLA;EUR;637534237;4914.00000000;794;EXCHANGE_LAST;;1;1;XEUR;7793482;675;
30.12.2024;12:04:47.359;FESX SI 20250321 CS;SIMPLE_INSTRUMENT;VOLA;EUR;637534256;4919.00000000;392;EXCHANGE_LAST;;1;1;XEUR;7793482;675;
30.12.2024;15:03:12.473;FESX SI 20250321 CS;SIMPLE_INSTRUMENT;VOLA;EUR;637534269;4875.00000000;333;EXCHANGE_LAST;;1;1;XEUR;7793482;675;
30.12.2024;15:06:00.372;FESX SI 20250321 CS;SIMPLE_INSTRUMENT;VOLA;EUR;637534271;4878.00000000;400;EXCHANGE_LAST;;1;1;XEUR;7793482;675;
30.12.2024;15:35:37.603;FESX SI 20250321 CS;SIMPLE_INSTRUMENT;VOLA;EUR;637534275;4873.00000000;30;EXCHANGE_LAST;;1;1;XEUR;7793482;675;
30.12.2024;16:02:17.432;FESX SI 20250321 CS;SIMPLE_INSTRUMENT;VOLA;EUR;637534283;4875.00000000;1172;EXCHANGE_LAST;;1;1;XEUR;7793482;675;
30.12.2024;13:47:24.953;FEU3 SI 20250113 CS;SIMPLE_INSTRUMENT;EFS;EUR;11;97.36000000;1500;EXCHANGE_LAST;;1;1;XEUR;11514126;702;
30.12.2024;15:36:04.377;FEU3 SI 20250113 CS;SIMPLE_INSTRUMENT;EFS;EUR;18;97.36000000;3000;EXCHANGE_LAST;;1;1;XEUR;11514126;702;
30.12.2024;08:13:19.930;FEXD SI 20261218 CS;SIMPLE_INSTRUMENT;BLOCK;EUR;1;151.80000000;195;EXCHANGE_LAST;;1;1;XEUR;2163053;693;
30.12.2024;15:43:22.266;FEXD SI 20291221 CS;SIMPLE_INSTRUMENT;BLOCK;EUR;6;136.90000000;647;EXCHANGE_LAST;;1;1;XEUR;4631968;693;
30.12.2024;15:58:41.613;FEXD SI 20251219 CS;SIMPLE_INSTRUMENT;BLOCK;EUR;7;157.80000000;626;EXCHANGE_LAST;;1;1;XEUR;1548120;693;
30.12.2024;15:58:50.035;FEXD SI 20261218 CS;SIMPLE_INSTRUMENT;BLOCK;EUR;8;152.00000000;598;EXCHANGE_LAST;;1;1;XEUR;2163053;693;
30.12.2024;08:32:19.901;FGBL SI 20250306 PS;SIMPLE_INSTRUMENT;EFS;EUR;1;133.01000000;410;EXCHANGE_LAST;;1;1;XEUR;11286679;688;
30.12.2024;08:41:00.151;FGBL SI 20250306 PS;SIMPLE_INSTRUMENT;EFS;EUR;2;132.95000000;410;EXCHANGE_LAST;;1;1;XEUR;11286679;688;
30.12.2024;08:50:31.479;FGBL SI 20250306 PS;SIMPLE_INSTRUMENT;EFS;EUR;3;132.95000000;410;EXCHANGE_LAST;;1;1;XEUR;11286679;688;
30.12.2024;08:52:41.168;FGBL SI 20250306 PS;SIMPLE_INSTRUMENT;EFS;EUR;4;132.94000000;902;EXCHANGE_LAST;;1;1;XEUR;11286679;688;
30.12.2024;08:53:22.242;FGBL SI 20250306 PS;SIMPLE_INSTRUMENT;EFS;EUR;5;132.95000000;900;EXCHANGE_LAST;;1;1;XEUR;11286679;688;
30.12.2024;08:53:59.902;FGBL SI 20250306 PS;SIMPLE_INSTRUMENT;EFS;EUR;6;132.94000000;901;EXCHANGE_LAST;;1;1;XEUR;11286679;688;
30.12.2024;08:58:32.796;FGBL SI 20250306 PS;SIMPLE_INSTRUMENT;EFS;EUR;7;132.98000000;141;EXCHANGE_LAST;;1;1;XEUR;11286679;688;
30.12.2024;09:01:22.630;FGBL SI 20250306 PS;SIMPLE_INSTRUMENT;EFP_FIN;EUR;8;132.94000000;922;EXCHANGE_LAST;;1;1;XEUR;11286679;688;
30.12.2024;09:05:17.025;FGBL SI 20250306 PS;SIMPLE_INSTRUMENT;EFS;EUR;9;133.00000000;410;EXCHANGE_LAST;;1;1;XEUR;11286679;688;
30.12.2024;09:22:21.517;FGBL SI 20250306 PS;SIMPLE_INSTRUMENT;EFS;EUR;10;132.97000000;123;EXCHANGE_LAST;;1;1;XEUR;11286679;688;
30.12.2024;09:26:30.236;FGBL SI 20250306 PS;SIMPLE_INSTRUMENT;EFS;EUR;11;132.93000000;410;EXCHANGE_LAST;;1;1;XEUR;11286679;688;
30.12.2024;09:23:23.707;FGBL SI 20250306 PS;SIMPLE_INSTRUMENT;EFS;EUR;12;132.93000000;410;EXCHANGE_LAST;;1;1;XEUR;11286679;688;
30.12.2024;09:28:07.308;FGBL SI 20250306 PS;SIMPLE_INSTRUMENT;EFS;EUR;13;132.97000000;225;EXCHANGE_LAST;;1;1;XEUR;11286679;688;
30.12.2024;09:39:43.985;FGBL SI 20250306 PS;SIMPLE_INSTRUMENT;EFS;EUR;15;132.94000000;938;EXCHANGE_LAST;;1;1;XEUR;11286679;688;
30.12.2024;09:40:00.307;FGBL SI 20250306 PS;SIMPLE_INSTRUMENT;EFS;EUR;16;133.00000000;1790;EXCHANGE_LAST;;1;1;XEUR;11286679;688;
30.12.2024;09:47:59.073;FGBL SI 20250306 PS;SIMPLE_INSTRUMENT;EFS;EUR;17;132.94000000;900;EXCHANGE_LAST;;1;1;XEUR;11286679;688;
30.12.2024;09:58:55.360;FGBL SI 20250306 PS;SIMPLE_INSTRUMENT;EFS;EUR;18;132.94000000;1804;EXCHANGE_LAST;;1;1;XEUR;11286679;688;
30.12.2024;10:07:02.483;FGBL SI 20250306 PS;SIMPLE_INSTRUMENT;EFS;EUR;19;132.86000000;411;EXCHANGE_LAST;;1;1;XEUR;11286679;688;
30.12.2024;10:22:09.947;FGBL SI 20250306 PS;SIMPLE_INSTRUMENT;EFS;EUR;20;132.96000000;819;EXCHANGE_LAST;;1;1;XEUR;11286679;688;
30.12.2024;10:26:35.138;FGBL SI 20250306 PS;SIMPLE_INSTRUMENT;EFS;EUR;21;132.98000000;410;EXCHANGE_LAST;;1;1;XEUR;11286679;688;
30.12.2024;10:27:12.643;FGBL SI 20250306 PS;SIMPLE_INSTRUMENT;EFS;EUR;22;132.99000000;410;EXCHANGE_LAST;;1;1;XEUR;11286679;688;
30.12.2024;10:35:19.268;FGBL SI 20250306 PS;SIMPLE_INSTRUMENT;EFS;EUR;23;132.95000000;316;EXCHANGE_LAST;;1;1;XEUR;11286679;688;
30.12.2024;10:40:52.983;FGBL SI 20250306 PS;SIMPLE_INSTRUMENT;EFS;EUR;24;132.99000000;2253;EXCHANGE_LAST;;1;1;XEUR;11286679;688;
30.12.2024;10:46:00.818;FGBL SI 20250306 PS;SIMPLE_INSTRUMENT;EFS;EUR;25;132.87000000;410;EXCHANGE_LAST;;1;1;XEUR;11286679;688;
30.12.2024;11:02:50.829;FGBL SI 20250306 PS;SIMPLE_INSTRUMENT;EFS;EUR;26;132.83000000;450;EXCHANGE_LAST;;1;1;XEUR;11286679;688;
30.12.2024;11:06:12.056;FGBL SI 20250306 PS;SIMPLE_INSTRUMENT;EFS;EUR;27;132.86000000;1408;EXCHANGE_LAST;;1;1;XEUR;11286679;688;
30.12.2024;11:06:19.848;FGBL SI 20250306 PS;SIMPLE_INSTRUMENT;EFS;EUR;28;132.88000000;150;EXCHANGE_LAST;;1;1;XEUR;11286679;688;
30.12.2024;11:21:30.297;FGBL SI 20250306 PS;SIMPLE_INSTRUMENT;EFS;EUR;29;132.94000000;205;EXCHANGE_LAST;;1;1;XEUR;11286679;688;
30.12.2024;11:21:59.380;FGBL SI 20250306 PS;SIMPLE_INSTRUMENT;EFS;EUR;30;132.94000000;205;EXCHANGE_LAST;;1;1;XEUR;11286679;688;
30.12.2024;11:22:35.342;FGBL SI 20250306 PS;SIMPLE_INSTRUMENT;EFS;EUR;31;132.94000000;205;EXCHANGE_LAST;;1;1;XEUR;11286679;688;
30.12.2024;11:54:08.393;FGBL SI 20250306 PS;SIMPLE_INSTRUMENT;EFS;EUR;33;132.94000000;897;EXCHANGE_LAST;;1;1;XEUR;11286679;688;
30.12.2024;12:10:46.235;FGBL SI 20250306 PS;SIMPLE_INSTRUMENT;EFS;EUR;34;133.02000000;234;EXCHANGE_LAST;;1;1;XEUR;11286679;688;
30.12.2024;12:15:16.765;FGBL SI 20250306 PS;SIMPLE_INSTRUMENT;EFS;EUR;35;132.88000000;1878;EXCHANGE_LAST;;1;1;XEUR;11286679;688;
30.12.2024;12:37:53.195;FGBL SI 20250306 PS;SIMPLE_INSTRUMENT;EFP_FIN;EUR;36;132.98000000;157;EXCHANGE_LAST;;1;1;XEUR;11286679;688;
30.12.2024;13:00:52.033;FGBL SI 20250306 PS;SIMPLE_INSTRUMENT;EFS;EUR;37;133.03000000;718;EXCHANGE_LAST;;1;1;XEUR;11286679;688;
30.12.2024;13:08:52.162;FGBL SI 20250306 PS;SIMPLE_INSTRUMENT;EFP_FIN;EUR;38;132.86000000;67;EXCHANGE_LAST;;1;1;XEUR;11286679;688;
30.12.2024;13:21:26.569;FGBL SI 20250306 PS;SIMPLE_INSTRUMENT;EFS;EUR;39;133.13000000;409;EXCHANGE_LAST;;1;1;XEUR;11286679;688;
30.12.2024;13:21:57.590;FGBL SI 20250306 PS;SIMPLE_INSTRUMENT;EFS;EUR;40;133.13000000;205;EXCHANGE_LAST;;1;1;XEUR;11286679;688;
30.12.2024;13:24:22.636;FGBL SI 20250306 PS;SIMPLE_INSTRUMENT;EFS;EUR;41;133.14000000;465;EXCHANGE_LAST;;1;1;XEUR;11286679;688;
30.12.2024;13:29:02.873;FGBL SI 20250306 PS;SIMPLE_INSTRUMENT;EFS;EUR;42;133.14000000;410;EXCHANGE_LAST;;1;1;XEUR;11286679;688;
30.12.2024;13:41:15.393;FGBL SI 20250306 PS;SIMPLE_INSTRUMENT;EFS;EUR;43;133.15000000;409;EXCHANGE_LAST;;1;1;XEUR;11286679;688;
30.12.2024;14:15:22.586;FGBL SI 20250306 PS;SIMPLE_INSTRUMENT;EFS;EUR;44;133.14000000;410;EXCHANGE_LAST;;1;1;XEUR;11286679;688;
30.12.2024;14:17:51.664;FGBL SI 20250306 PS;SIMPLE_INSTRUMENT;EFS;EUR;45;133.16000000;205;EXCHANGE_LAST;;1;1;XEUR;11286679;688;
30.12.2024;14:19:03.327;FGBL SI 20250306 PS;SIMPLE_INSTRUMENT;EFS;EUR;46;133.19000000;205;EXCHANGE_LAST;;1;1;XEUR;11286679;688;
30.12.2024;14:19:42.005;FGBL SI 20250306 PS;SIMPLE_INSTRUMENT;EFS;EUR;47;133.19000000;409;EXCHANGE_LAST;;1;1;XEUR;11286679;688;
30.12.2024;14:34:46.049;FGBL SI 20250306 PS;SIMPLE_INSTRUMENT;EFS;EUR;48;133.16000000;205;EXCHANGE_LAST;;1;1;XEUR;11286679;688;
30.12.2024;14:35:32.382;FGBL SI 20250306 PS;SIMPLE_INSTRUMENT;EFS;EUR;49;133.18000000;205;EXCHANGE_LAST;;1;1;XEUR;11286679;688;
30.12.2024;14:38:44.920;FGBL SI 20250306 PS;SIMPLE_INSTRUMENT;EFS;EUR;50;133.19000000;468;EXCHANGE_LAST;;1;1;XEUR;11286679;688;
30.12.2024;14:40:39.492;FGBL SI 20250306 PS;SIMPLE_INSTRUMENT;EFS;EUR;51;133.17000000;205;EXCHANGE_LAST;;1;1;XEUR;11286679;688;
30.12.2024;14:41:17.364;FGBL SI 20250306 PS;SIMPLE_INSTRUMENT;EFS;EUR;52;133.18000000;409;EXCHANGE_LAST;;1;1;XEUR;11286679;688;
30.12.2024;14:41:55.433;FGBL SI 20250306 PS;SIMPLE_INSTRUMENT;EFS;EUR;53;133.17000000;205;EXCHANGE_LAST;;1;1;XEUR;11286679;688;
30.12.2024;14:42:29.558;FGBL SI 20250306 PS;SIMPLE_INSTRUMENT;EFS;EUR;54;133.17000000;164;EXCHANGE_LAST;;1;1;XEUR;11286679;688;
30.12.2024;14:43:53.359;FGBL SI 20250306 PS;SIMPLE_INSTRUMENT;EFS;EUR;55;133.18000000;468;EXCHANGE_LAST;;1;1;XEUR;11286679;688;
30.12.2024;14:49:57.171;FGBL SI 20250306 PS;SIMPLE_INSTRUMENT;EFS;EUR;56;133.20000000;468;EXCHANGE_LAST;;1;1;XEUR;11286679;688;
30.12.2024;14:51:50.689;FGBL SI 20250306 PS;SIMPLE_INSTRUMENT;EFS;EUR;57;133.19000000;468;EXCHANGE_LAST;;1;1;XEUR;11286679;688;
30.12.2024;15:03:28.823;FGBL SI 20250306 PS;SIMPLE_INSTRUMENT;EFS;EUR;58;133.25000000;225;EXCHANGE_LAST;;1;1;XEUR;11286679;688;
30.12.2024;15:15:34.042;FGBL SI 20250306 PS;SIMPLE_INSTRUMENT;EFS;EUR;59;133.26000000;702;EXCHANGE_LAST;;1;1;XEUR;11286679;688;
30.12.2024;15:19:02.844;FGBL SI 20250306 PS;SIMPLE_INSTRUMENT;EFS;EUR;60;133.25000000;409;EXCHANGE_LAST;;1;1;XEUR;11286679;688;
30.12.2024;15:36:36.121;FGBL SI 20250306 PS;SIMPLE_INSTRUMENT;EFS;EUR;61;133.23000000;1872;EXCHANGE_LAST;;1;1;XEUR;11286679;688;
30.12.2024;15:40:59.351;FGBL SI 20250306 PS;SIMPLE_INSTRUMENT;EFS;EUR;62;133.35000000;225;EXCHANGE_LAST;;1;1;XEUR;11286679;688;
30.12.2024;15:41:18.147;FGBL SI 20250306 PS;SIMPLE_INSTRUMENT;EFS;EUR;63;133.35000000;225;EXCHANGE_LAST;;1;1;XEUR;11286679;688;
30.12.2024;15:42:12.595;FGBL SI 20250306 PS;SIMPLE_INSTRUMENT;EFS;EUR;64;133.35000000;818;EXCHANGE_LAST;;1;1;XEUR;11286679;688;
30.12.2024;15:42:24.656;FGBL SI 20250306 PS;SIMPLE_INSTRUMENT;EFS;EUR;65;133.31000000;820;EXCHANGE_LAST;;1;1;XEUR;11286679;688;
30.12.2024;15:42:47.544;FGBL SI 20250306 PS;SIMPLE_INSTRUMENT;EFS;EUR;66;133.35000000;409;EXCHANGE_LAST;;1;1;XEUR;11286679;688;
30.12.2024;15:43:33.861;FGBL SI 20250306 PS;SIMPLE_INSTRUMENT;EFS;EUR;67;133.29000000;1872;EXCHANGE_LAST;;1;1;XEUR;11286679;688;
30.12.2024;15:49:22.318;FGBL SI 20250306 PS;SIMPLE_INSTRUMENT;EFS;EUR;68;133.30000000;1402;EXCHANGE_LAST;;1;1;XEUR;11286679;688;
30.12.2024;15:54:48.125;FGBL SI 20250306 PS;SIMPLE_INSTRUMENT;EFS;EUR;69;133.36000000;1872;EXCHANGE_LAST;;1;1;XEUR;11286679;688;
30.12.2024;16:08:34.728;FGBL SI 20250306 PS;SIMPLE_INSTRUMENT;EFS;EUR;70;133.46000000;409;EXCHANGE_LAST;;1;1;XEUR;11286679;688;
30.12.2024;16:09:16.789;FGBL SI 20250306 PS;SIMPLE_INSTRUMENT;EFS;EUR;71;133.46000000;204;EXCHANGE_LAST;;1;1;XEUR;11286679;688;
30.12.2024;16:10:33.413;FGBL SI 20250306 PS;SIMPLE_INSTRUMENT;EFS;EUR;72;133.38000000;467;EXCHANGE_LAST;;1;1;XEUR;11286679;688;
30.12.2024;16:12:21.003;FGBL SI 20250306 PS;SIMPLE_INSTRUMENT;EFS;EUR;73;133.45000000;409;EXCHANGE_LAST;;1;1;XEUR;11286679;688;
30.12.2024;16:22:39.626;FGBL SI 20250306 PS;SIMPLE_INSTRUMENT;EFS;EUR;74;133.39000000;467;EXCHANGE_LAST;;1;1;XEUR;11286679;688;
30.12.2024;16:24:01.245;FGBL SI 20250306 PS;SIMPLE_INSTRUMENT;EFS;EUR;75;133.34000000;409;EXCHANGE_LAST;;1;1;XEUR;11286679;688;
30.12.2024;16:27:30.764;FGBL SI 20250306 PS;SIMPLE_INSTRUMENT;EFS;EUR;76;133.34000000;409;EXCHANGE_LAST;;1;1;XEUR;11286679;688;
30.12.2024;16:27:33.927;FGBL SI 20250306 PS;SIMPLE_INSTRUMENT;EFS;EUR;77;133.34000000;1872;EXCHANGE_LAST;;1;1;XEUR;11286679;688;
30.12.2024;16:33:36.341;FGBL SI 20250306 PS;SIMPLE_INSTRUMENT;EFS;EUR;78;133.34000000;468;EXCHANGE_LAST;;1;1;XEUR;11286679;688;
30.12.2024;16:36:51.513;FGBL SI 20250306 PS;SIMPLE_INSTRUMENT;EFS;EUR;79;133.29000000;409;EXCHANGE_LAST;;1;1;XEUR;11286679;688;
30.12.2024;16:38:48.104;FGBL SI 20250306 PS;SIMPLE_INSTRUMENT;EFS;EUR;80;133.30000000;409;EXCHANGE_LAST;;1;1;XEUR;11286679;688;
30.12.2024;16:41:18.375;FGBL SI 20250306 PS;SIMPLE_INSTRUMENT;EFS;EUR;81;133.28000000;205;EXCHANGE_LAST;;1;1;XEUR;11286679;688;
30.12.2024;12:43:19.361;FGBL SI 20250306 PS;SIMPLE_INSTRUMENT;VOLA;EUR;268435470;132.99000000;130;EXCHANGE_LAST;;1;1;XEUR;11286679;688;
30.12.2024;16:31:27.488;FGBL SI 20250306 PS;SIMPLE_INSTRUMENT;VOLA;EUR;268435514;133.53000000;45;EXCHANGE_LAST;;1;1;XEUR;11286679;688;
30.12.2024;16:38:23.534;FGBL SI 20250306 PS;SIMPLE_INSTRUMENT;VOLA;EUR;268435516;133.45000000;9;EXCHANGE_LAST;;1;1;XEUR;11286679;688;
30.12.2024;16:51:50.637;FGBL SI 20250306 PS;SIMPLE_INSTRUMENT;VOLA;EUR;268435521;133.37000000;3;EXCHANGE_LAST;;1;1;XEUR;11286679;688;
30.12.2024;08:31:32.117;FGBM SI 20250306 PS;SIMPLE_INSTRUMENT;EFS;EUR;1;117.62000000;390;EXCHANGE_LAST;;1;1;XEUR;11286680;689;
30.12.2024;08:32:19.855;FGBM SI 20250306 PS;SIMPLE_INSTRUMENT;EFS;EUR;2;117.65000000;847;EXCHANGE_LAST;;1;1;XEUR;11286680;689;
30.12.2024;08:36:40.631;FGBM SI 20250306 PS;SIMPLE_INSTRUMENT;EFS;EUR;3;117.62000000;895;EXCHANGE_LAST;;1;1;XEUR;11286680;689;
30.12.2024;08:42:31.138;FGBM SI 20250306 PS;SIMPLE_INSTRUMENT;EFS;EUR;4;117.63000000;947;EXCHANGE_LAST;;1;1;XEUR;11286680;689;
30.12.2024;08:49:12.187;FGBM SI 20250306 PS;SIMPLE_INSTRUMENT;EFS;EUR;5;117.61000000;947;EXCHANGE_LAST;;1;1;XEUR;11286680;689;
30.12.2024;09:01:47.682;FGBM SI 20250306 PS;SIMPLE_INSTRUMENT;EFS;EUR;6;117.60000000;895;EXCHANGE_LAST;;1;1;XEUR;11286680;689;
30.12.2024;08:57:18.900;FGBM SI 20250306 PS;SIMPLE_INSTRUMENT;EFS;EUR;7;117.64000000;893;EXCHANGE_LAST;;1;1;XEUR;11286680;689;
30.12.2024;08:59:43.318;FGBM SI 20250306 PS;SIMPLE_INSTRUMENT;EFS;EUR;8;117.64000000;893;EXCHANGE_LAST;;1;1;XEUR;11286680;689;
30.12.2024;09:26:16.284;FGBM SI 20250306 PS;SIMPLE_INSTRUMENT;EFS;EUR;9;117.62000000;986;EXCHANGE_LAST;;1;1;XEUR;11286680;689;
30.12.2024;09:28:51.381;FGBM SI 20250306 PS;SIMPLE_INSTRUMENT;EFP_FIN;EUR;10;117.60000000;431;EXCHANGE_LAST;;1;1;XEUR;11286680;689;
30.12.2024;09:36:58.335;FGBM SI 20250306 PS;SIMPLE_INSTRUMENT;EFS;EUR;11;117.62000000;987;EXCHANGE_LAST;;1;1;XEUR;11286680;689;
30.12.2024;09:37:11.862;FGBM SI 20250306 PS;SIMPLE_INSTRUMENT;EFS;EUR;12;117.61000000;888;EXCHANGE_LAST;;1;1;XEUR;11286680;689;
30.12.2024;09:37:09.720;FGBM SI 20250306 PS;SIMPLE_INSTRUMENT;EFP_FIN;EUR;13;117.60000000;863;EXCHANGE_LAST;;1;1;XEUR;11286680;689;
30.12.2024;10:20:14.863;FGBM SI 20250306 PS;SIMPLE_INSTRUMENT;EFS;EUR;14;117.64000000;896;EXCHANGE_LAST;;1;1;XEUR;11286680;689;
30.12.2024;10:28:57.995;FGBM SI 20250306 PS;SIMPLE_INSTRUMENT;EFS;EUR;15;117.64000000;2960;EXCHANGE_LAST;;1;1;XEUR;11286680;689;
30.12.2024;10:37:24.514;FGBM SI 20250306 PS;SIMPLE_INSTRUMENT;EFS;EUR;16;117.63000000;1418;EXCHANGE_LAST;;1;1;XEUR;11286680;689;
30.12.2024;10:42:48.536;FGBM SI 20250306 PS;SIMPLE_INSTRUMENT;EFS;EUR;17;117.58000000;894;EXCHANGE_LAST;;1;1;XEUR;11286680;689;
30.12.2024;10:53:17.695;FGBM SI 20250306 PS;SIMPLE_INSTRUMENT;EFP_FIN;EUR;18;117.57000000;107;EXCHANGE_LAST;;1;1;XEUR;11286680;689;
30.12.2024;10:59:47.425;FGBM SI 20250306 PS;SIMPLE_INSTRUMENT;EFP_FIN;EUR;19;117.57000000;150;EXCHANGE_LAST;;1;1;XEUR;11286680;689;
30.12.2024;11:06:31.058;FGBM SI 20250306 PS;SIMPLE_INSTRUMENT;EFS;EUR;20;117.58000000;2961;EXCHANGE_LAST;;1;1;XEUR;11286680;689;
30.12.2024;11:37:16.884;FGBM SI 20250306 PS;SIMPLE_INSTRUMENT;EFS;EUR;21;117.63000000;895;EXCHANGE_LAST;;1;1;XEUR;11286680;689;
30.12.2024;11:38:31.765;FGBM SI 20250306 PS;SIMPLE_INSTRUMENT;EFS;EUR;22;117.63000000;737;EXCHANGE_LAST;;1;1;XEUR;11286680;689;
30.12.2024;11:39:11.954;FGBM SI 20250306 PS;SIMPLE_INSTRUMENT;EFS;EUR;23;117.62000000;895;EXCHANGE_LAST;;1;1;XEUR;11286680;689;
30.12.2024;11:50:39.586;FGBM SI 20250306 PS;SIMPLE_INSTRUMENT;EFS;EUR;24;117.63000000;284;EXCHANGE_LAST;;1;1;XEUR;11286680;689;
30.12.2024;11:57:35.708;FGBM SI 20250306 PS;SIMPLE_INSTRUMENT;EFS;EUR;25;117.65000000;592;EXCHANGE_LAST;;1;1;XEUR;11286680;689;
30.12.2024;12:13:40.760;FGBM SI 20250306 PS;SIMPLE_INSTRUMENT;EFS;EUR;26;117.59000000;3948;EXCHANGE_LAST;;1;1;XEUR;11286680;689;
30.12.2024;12:23:41.244;FGBM SI 20250306 PS;SIMPLE_INSTRUMENT;EFS;EUR;27;117.63000000;472;EXCHANGE_LAST;;1;1;XEUR;11286680;689;
30.12.2024;12:31:37.125;FGBM SI 20250306 PS;SIMPLE_INSTRUMENT;EFS;EUR;28;117.63000000;493;EXCHANGE_LAST;;1;1;XEUR;11286680;689;
30.12.2024;13:10:44.907;FGBM SI 20250306 PS;SIMPLE_INSTRUMENT;EFP_FIN;EUR;29;117.66000000;80;EXCHANGE_LAST;;1;1;XEUR;11286680;689;
30.12.2024;13:06:51.824;FGBM SI 20250306 PS;SIMPLE_INSTRUMENT;EFP_FIN;EUR;30;117.66000000;120;EXCHANGE_LAST;;1;1;XEUR;11286680;689;
30.12.2024;13:08:33.402;FGBM SI 20250306 PS;SIMPLE_INSTRUMENT;EFS;EUR;31;117.64000000;376;EXCHANGE_LAST;;1;1;XEUR;11286680;689;
30.12.2024;13:17:58.429;FGBM SI 20250306 PS;SIMPLE_INSTRUMENT;EFP_FIN;EUR;32;117.68000000;183;EXCHANGE_LAST;;1;1;XEUR;11286680;689;
30.12.2024;13:33:05.145;FGBM SI 20250306 PS;SIMPLE_INSTRUMENT;EFS;EUR;33;117.70000000;944;EXCHANGE_LAST;;1;1;XEUR;11286680;689;
30.12.2024;13:52:16.472;FGBM SI 20250306 PS;SIMPLE_INSTRUMENT;EFS;EUR;34;117.71000000;945;EXCHANGE_LAST;;1;1;XEUR;11286680;689;
30.12.2024;13:57:24.529;FGBM SI 20250306 PS;SIMPLE_INSTRUMENT;EFS;EUR;35;117.58000000;920;EXCHANGE_LAST;;1;1;XEUR;11286680;689;
30.12.2024;14:16:47.641;FGBM SI 20250306 PS;SIMPLE_INSTRUMENT;EFS;EUR;36;117.69000000;895;EXCHANGE_LAST;;1;1;XEUR;11286680;689;
30.12.2024;14:25:45.644;FGBM SI 20250306 PS;SIMPLE_INSTRUMENT;EFS;EUR;37;117.70000000;901;EXCHANGE_LAST;;1;1;XEUR;11286680;689;
30.12.2024;14:43:59.616;FGBM SI 20250306 PS;SIMPLE_INSTRUMENT;EFS;EUR;38;117.73000000;358;EXCHANGE_LAST;;1;1;XEUR;11286680;689;
30.12.2024;15:13:46.582;FGBM SI 20250306 PS;SIMPLE_INSTRUMENT;EFP_FIN;EUR;39;117.74000000;1294;EXCHANGE_LAST;;1;1;XEUR;11286680;689;
30.12.2024;15:13:55.904;FGBM SI 20250306 PS;SIMPLE_INSTRUMENT;EFS;EUR;40;117.76000000;1478;EXCHANGE_LAST;;1;1;XEUR;11286680;689;
30.12.2024;15:32:09.289;FGBM SI 20250306 PS;SIMPLE_INSTRUMENT;EFS;EUR;42;117.80000000;894;EXCHANGE_LAST;;1;1;XEUR;11286680;689;
30.12.2024;15:36:39.313;FGBM SI 20250306 PS;SIMPLE_INSTRUMENT;EFS;EUR;43;117.75000000;946;EXCHANGE_LAST;;1;1;XEUR;11286680;689;
30.12.2024;15:37:20.769;FGBM SI 20250306 PS;SIMPLE_INSTRUMENT;EFS;EUR;44;117.80000000;892;EXCHANGE_LAST;;1;1;XEUR;11286680;689;
30.12.2024;15:38:08.946;FGBM SI 20250306 PS;SIMPLE_INSTRUMENT;EFS;EUR;45;117.80000000;892;EXCHANGE_LAST;;1;1;XEUR;11286680;689;
30.12.2024;15:39:04.621;FGBM SI 20250306 PS;SIMPLE_INSTRUMENT;EFS;EUR;46;117.80000000;1785;EXCHANGE_LAST;;1;1;XEUR;11286680;689;
30.12.2024;15:40:25.631;FGBM SI 20250306 PS;SIMPLE_INSTRUMENT;EFS;EUR;47;117.80000000;892;EXCHANGE_LAST;;1;1;XEUR;11286680;689;
30.12.2024;15:44:18.196;FGBM SI 20250306 PS;SIMPLE_INSTRUMENT;EFS;EUR;48;117.77000000;949;EXCHANGE_LAST;;1;1;XEUR;11286680;689;
30.12.2024;15:51:46.133;FGBM SI 20250306 PS;SIMPLE_INSTRUMENT;EFP_FIN;EUR;49;117.78000000;154;EXCHANGE_LAST;;1;1;XEUR;11286680;689;
30.12.2024;15:52:24.953;FGBM SI 20250306 PS;SIMPLE_INSTRUMENT;EFS;EUR;50;117.83000000;984;EXCHANGE_LAST;;1;1;XEUR;11286680;689;
30.12.2024;15:59:06.148;FGBM SI 20250306 PS;SIMPLE_INSTRUMENT;EFP_FIN;EUR;51;117.85000000;431;EXCHANGE_LAST;;1;1;XEUR;11286680;689;
30.12.2024;16:01:24.246;FGBM SI 20250306 PS;SIMPLE_INSTRUMENT;EFS;EUR;52;117.83000000;986;EXCHANGE_LAST;;1;1;XEUR;11286680;689;
30.12.2024;16:11:11.642;FGBM SI 20250306 PS;SIMPLE_INSTRUMENT;EFS;EUR;53;117.88000000;845;EXCHANGE_LAST;;1;1;XEUR;11286680;689;
30.12.2024;16:11:15.810;FGBM SI 20250306 PS;SIMPLE_INSTRUMENT;EFP_FIN;EUR;54;117.85000000;69;EXCHANGE_LAST;;1;1;XEUR;11286680;689;
30.12.2024;16:18:19.039;FGBM SI 20250306 PS;SIMPLE_INSTRUMENT;EFS;EUR;55;117.84000000;894;EXCHANGE_LAST;;1;1;XEUR;11286680;689;
30.12.2024;16:40:16.252;FGBM SI 20250306 PS;SIMPLE_INSTRUMENT;EFS;EUR;56;117.79000000;893;EXCHANGE_LAST;;1;1;XEUR;11286680;689;
30.12.2024;09:24:58.653;FGBS SI 20250306 PS;SIMPLE_INSTRUMENT;EFS;EUR;1;106.93000000;2734;EXCHANGE_LAST;;1;1;XEUR;11286681;690;
30.12.2024;09:31:10.596;FGBS SI 20250306 PS;SIMPLE_INSTRUMENT;EFS;EUR;2;106.93000000;1838;EXCHANGE_LAST;;1;1;XEUR;11286681;690;
30.12.2024;09:35:29.330;FGBS SI 20250306 PS;SIMPLE_INSTRUMENT;EFS;EUR;3;106.94000000;2734;EXCHANGE_LAST;;1;1;XEUR;11286681;690;
30.12.2024;10:09:11.219;FGBS SI 20250306 PS;SIMPLE_INSTRUMENT;EFS;EUR;4;106.93500000;2707;EXCHANGE_LAST;;1;1;XEUR;11286681;690;
30.12.2024;10:33:45.962;FGBS SI 20250306 PS;SIMPLE_INSTRUMENT;EFS;EUR;5;106.93500000;1367;EXCHANGE_LAST;;1;1;XEUR;11286681;690;
30.12.2024;10:48:15.407;FGBS SI 20250306 PS;SIMPLE_INSTRUMENT;EFP_FIN;EUR;6;106.94000000;498;EXCHANGE_LAST;;1;1;XEUR;11286681;690;
30.12.2024;10:48:15.427;FGBS SI 20250306 PS;SIMPLE_INSTRUMENT;EFP_FIN;EUR;7;106.94000000;249;EXCHANGE_LAST;;1;1;XEUR;11286681;690;
30.12.2024;10:49:30.189;FGBS SI 20250306 PS;SIMPLE_INSTRUMENT;EFP_FIN;EUR;8;106.93000000;417;EXCHANGE_LAST;;1;1;XEUR;11286681;690;
30.12.2024;11:03:11.100;FGBS SI 20250306 PS;SIMPLE_INSTRUMENT;EFP_FIN;EUR;9;106.94000000;319;EXCHANGE_LAST;;1;1;XEUR;11286681;690;
30.12.2024;13:46:50.020;FGBS SI 20250306 PS;SIMPLE_INSTRUMENT;EFS;EUR;12;106.94000000;4101;EXCHANGE_LAST;;1;1;XEUR;11286681;690;
30.12.2024;14:24:59.727;FGBS SI 20250306 PS;SIMPLE_INSTRUMENT;EFS;EUR;13;106.93500000;2734;EXCHANGE_LAST;;1;1;XEUR;11286681;690;
30.12.2024;14:35:51.717;FGBS SI 20250306 PS;SIMPLE_INSTRUMENT;EFS;EUR;14;106.94000000;2734;EXCHANGE_LAST;;1;1;XEUR;11286681;690;
30.12.2024;14:47:58.835;FGBS SI 20250306 PS;SIMPLE_INSTRUMENT;EFS;EUR;15;106.95000000;2734;EXCHANGE_LAST;;1;1;XEUR;11286681;690;
30.12.2024;14:48:37.680;FGBS SI 20250306 PS;SIMPLE_INSTRUMENT;EFS;EUR;16;106.93000000;2734;EXCHANGE_LAST;;1;1;XEUR;11286681;690;
30.12.2024;15:06:08.528;FGBS SI 20250306 PS;SIMPLE_INSTRUMENT;EFP_FIN;EUR;17;106.94000000;329;EXCHANGE_LAST;;1;1;XEUR;11286681;690;
30.12.2024;14:34:45.070;FGBS SI 20250306 PS;SIMPLE_INSTRUMENT;VOLA;EUR;268435482;106.95000000;2550;EXCHANGE_LAST;;1;1;XEUR;11286681;690;
30.12.2024;16:15:19.332;FGBS SI 20250306 PS;SIMPLE_INSTRUMENT;VOLA;EUR;268435502;107.01000000;37;EXCHANGE_LAST;;1;1;XEUR;11286681;690;
30.12.2024;08:48:31.749;FGBX SI 20250306 PS;SIMPLE_INSTRUMENT;EFS;EUR;1;131.36000000;185;EXCHANGE_LAST;;1;1;XEUR;11286682;691;
30.12.2024;09:55:00.372;FGBX SI 20250306 PS;SIMPLE_INSTRUMENT;EFS;EUR;3;131.32000000;93;EXCHANGE_LAST;;1;1;XEUR;11286682;691;
30.12.2024;10:18:56.856;FGBX SI 20250306 PS;SIMPLE_INSTRUMENT;BLOCK;EUR;4;131.62000000;385;EXCHANGE_LAST;;1;1;XEUR;11286682;691;
30.12.2024;11:49:32.782;FGBX SI 20250306 PS;SIMPLE_INSTRUMENT;EFP_FIN;EUR;5;131.40000000;119;EXCHANGE_LAST;;1;1;XEUR;11286682;691;
30.12.2024;11:52:08.750;FGBX SI 20250306 PS;SIMPLE_INSTRUMENT;EFS;EUR;6;131.30000000;354;EXCHANGE_LAST;;1;1;XEUR;11286682;691;
30.12.2024;12:07:07.874;FGBX SI 20250306 PS;SIMPLE_INSTRUMENT;EFS;EUR;7;131.50000000;185;EXCHANGE_LAST;;1;1;XEUR;11286682;691;
30.12.2024;12:10:44.020;FGBX SI 20250306 PS;SIMPLE_INSTRUMENT;EFS;EUR;8;131.50000000;93;EXCHANGE_LAST;;1;1;XEUR;11286682;691;
30.12.2024;14:50:26.574;FGBX SI 20250306 PS;SIMPLE_INSTRUMENT;EFP_FIN;EUR;11;132.02000000;120;EXCHANGE_LAST;;1;1;XEUR;11286682;691;
30.12.2024;15:35:40.576;FGBX SI 20250306 PS;SIMPLE_INSTRUMENT;EFS;EUR;12;132.56000000;55;EXCHANGE_LAST;;1;1;XEUR;11286682;691;
30.12.2024;09:05:38.535;FIA5.O.241230.STG.000003;STANDARD_OPTION_STRATEGY;BLOCK;EUR;1;2.13500000;1000;EXCHANGE_LAST;;1;1;XEUR;72264727425719909;48227;
30.12.2024;09:05:38.535;FIA5 SI 20250918 PS AM P 12.00 0;SIMPLE_INSTRUMENT;BLOCK;EUR;1;1.07250000;1000;PRC_DECOMP_EXCHANGE;;;;XEUR;11865834;48227;EXCHANGE
30.12.2024;09:05:38.535;FIA5 SI 20250918 PS AM C 13.00 0;SIMPLE_INSTRUMENT;BLOCK;EUR;1;1.06250000;1000;PRC_DECOMP_EXCHANGE;;;;XEUR;11865831;48227;EXCHANGE
30.12.2024;10:07:35.317;FIA5.O.241230.STG.000004;STANDARD_OPTION_STRATEGY;BLOCK;EUR;4;1.79500000;1000;EXCHANGE_LAST;;1;1;XEUR;72264727425719910;48227;
30.12.2024;10:07:35.317;FIA5 SI 20250918 PS AM C 14.00 0;SIMPLE_INSTRUMENT;BLOCK;EUR;4;0.74650000;1000;PRC_DECOMP_EXCHANGE;;;;XEUR;11865799;48227;EXCHANGE
30.12.2024;10:07:35.317;FIA5 SI 20250918 PS AM P 12.00 0;SIMPLE_INSTRUMENT;BLOCK;EUR;4;1.04850000;1000;PRC_DECOMP_EXCHANGE;;;;XEUR;11865834;48227;EXCHANGE
30.12.2024;15:11:30.682;FMAC SI 20250321 CS;SIMPLE_INSTRUMENT;BLOCK;USD;24;460.00000000;282;EXCHANGE_LAST;;1;1;XEUR;7590499;45281;
30.12.2024;16:57:31.036;FMCE SI 20250321 CS;SIMPLE_INSTRUMENT;EFP_IDX;EUR;21;506.60000000;20;EXCHANGE_LAST;;1;1;XEUR;9693463;665;
30.12.2024;16:57:51.027;FMCE SI 20250321 CS;SIMPLE_INSTRUMENT;EFP_IDX;EUR;22;506.50000000;47;EXCHANGE_LAST;;1;1;XEUR;9693463;665;
30.12.2024;16:48:56.957;FMCP SI 20250321 CS;SIMPLE_INSTRUMENT;BLOCK;EUR;17;533.30000000;239;EXCHANGE_LAST;;1;1;XEUR;11359149;662;
30.12.2024;16:48:56.980;FMCP SI 20250321 CS;SIMPLE_INSTRUMENT;BLOCK;EUR;18;533.20000000;103;EXCHANGE_LAST;;1;1;XEUR;11359149;662;
30.12.2024;00:49:01.384;FMEA SI 20250321 CS;SIMPLE_INSTRUMENT;BLOCK;USD;1;696.17400000;432;EXCHANGE_LAST;;1;1;XEUR;7589834;12395;
30.12.2024;00:54:47.726;FMEA SI 20250321 CS;SIMPLE_INSTRUMENT;BLOCK;USD;2;697.20700000;72;EXCHANGE_LAST;;1;1;XEUR;7589834;12395;
30.12.2024;02:18:53.909;FMEA SI 20250321 CS;SIMPLE_INSTRUMENT;BLOCK;USD;3;696.51800000;273;EXCHANGE_LAST;;1;1;XEUR;7589834;12395;
30.12.2024;02:26:49.787;FMEA SI 20250321 CS;SIMPLE_INSTRUMENT;BLOCK;USD;5;697.00100000;144;EXCHANGE_LAST;;1;1;XEUR;7589834;12395;
30.12.2024;03:17:43.130;FMEA SI 20250321 CS;SIMPLE_INSTRUMENT;BLOCK;USD;10;696.17400000;374;EXCHANGE_LAST;;1;1;XEUR;7589834;12395;
30.12.2024;03:19:28.368;FMEA SI 20250321 CS;SIMPLE_INSTRUMENT;BLOCK;USD;11;696.17400000;610;EXCHANGE_LAST;;1;1;XEUR;7589834;12395;
30.12.2024;11:33:09.791;FMEF SI 20250321 CS;SIMPLE_INSTRUMENT;VOLA;USD;603979786;1083.50000000;18;EXCHANGE_LAST;;1;1;XEUR;7408970;30657;
30.12.2024;09:26:53.093;FMEL SI 20250321 CS;SIMPLE_INSTRUMENT;BLOCK;USD;23;477.93900000;75;EXCHANGE_LAST;;1;1;XEUR;7589856;12397;
30.12.2024;07:49:53.631;FMEU SI 20250321 CS;SIMPLE_INSTRUMENT;EFP_IDX;EUR;21;338.24000000;104;EXCHANGE_LAST;;1;1;XEUR;7589708;7058;
30.12.2024;17:14:49.480;FMFP SI 20250321 CS;SIMPLE_INSTRUMENT;BLOCK;USD;29;2266.00000000;815;EXCHANGE_LAST;;1;1;XEUR;7411195;51999;
30.12.2024;15:33:07.811;FMGO SI 20250321 CS;SIMPLE_INSTRUMENT;BLOCK;USD;25;5100.30000000;32;EXCHANGE_LAST;;1;1;XEUR;8609359;583623;
30.12.2024;03:45:37.687;FMHK SI 20250321 CS;SIMPLE_INSTRUMENT;BLOCK;USD;13;57325.68400000;53;EXCHANGE_LAST;;1;1;XEUR;7590500;45282;
30.12.2024;07:28:45.889;FMID SI 20250321 CS;SIMPLE_INSTRUMENT;EFP_IDX;USD;1;1587.00000000;25;EXCHANGE_LAST;;1;1;XEUR;7590528;45289;
30.12.2024;07:28:46.618;FMID SI 20250321 CS;SIMPLE_INSTRUMENT;EFP_IDX;USD;2;1586.50000000;4;EXCHANGE_LAST;;1;1;XEUR;7590528;45289;
30.12.2024;03:14:14.873;FMIN SI 20250321 CS;SIMPLE_INSTRUMENT;BLOCK;USD;9;1270.48700000;230;EXCHANGE_LAST;;1;1;XEUR;7589865;12404;
30.12.2024;04:36:45.007;FMIN SI 20250321 CS;SIMPLE_INSTRUMENT;BLOCK;USD;15;1270.98900000;32;EXCHANGE_LAST;;1;1;XEUR;7589865;12404;
30.12.2024;07:21:07.392;FMIN SI 20250321 CS;SIMPLE_INSTRUMENT;BLOCK;USD;16;1270.73800000;11;EXCHANGE_LAST;;1;1;XEUR;7589865;12404;
30.12.2024;02:26:23.235;FMJP SI 20250321 CS;SIMPLE_INSTRUMENT;BLOCK;USD;4;8763.60900000;50;EXCHANGE_LAST;;1;1;XEUR;7588794;661;
30.12.2024;02:32:33.729;FMJP SI 20250321 CS;SIMPLE_INSTRUMENT;BLOCK;USD;7;8757.54900000;300;EXCHANGE_LAST;;1;1;XEUR;7588794;661;
30.12.2024;03:26:21.487;FMJP SI 20250321 CS;SIMPLE_INSTRUMENT;EFP_IDX;USD;12;8759.28000000;24;EXCHANGE_LAST;;1;1;XEUR;7588794;661;
30.12.2024;07:24:52.691;FMMX SI 20250321 CS;SIMPLE_INSTRUMENT;BLOCK;USD;17;597.08000000;20;EXCHANGE_LAST;;1;1;XEUR;7589867;12545;
30.12.2024;02:55:57.698;FMTH SI 20250321 CS;SIMPLE_INSTRUMENT;BLOCK;USD;8;1183.51800000;848;EXCHANGE_LAST;;1;1;XEUR;7589913;12681;
30.12.2024;07:25:00.745;FMWO SI 20250321 CS;SIMPLE_INSTRUMENT;EFP_IDX;USD;18;12015.99000000;138;EXCHANGE_LAST;;1;1;XEUR;7589707;7059;
30.12.2024;07:34:02.435;FMWO SI 20250321 CS;SIMPLE_INSTRUMENT;EFP_IDX;USD;19;12020.99000000;76;EXCHANGE_LAST;;1;1;XEUR;7589707;7059;
30.12.2024;07:41:47.861;FMWO SI 20250321 CS;SIMPLE_INSTRUMENT;BLOCK;USD;20;12019.99000000;3343;EXCHANGE_LAST;;1;1;XEUR;7589707;7059;
30.12.2024;07:57:55.884;FMWO SI 20250321 CS;SIMPLE_INSTRUMENT;EFP_IDX;USD;22;12014.49000000;102;EXCHANGE_LAST;;1;1;XEUR;7589707;7059;
30.12.2024;10:01:48.559;FOAT SI 20250306 PS;SIMPLE_INSTRUMENT;EFP_FIN;EUR;1;123.20000000;1084;EXCHANGE_LAST;;1;1;XEUR;11286683;749;
30.12.2024;10:42:48.016;FOAT SI 20250306 PS;SIMPLE_INSTRUMENT;EFP_FIN;EUR;2;123.21000000;69;EXCHANGE_LAST;;1;1;XEUR;11286683;749;
30.12.2024;10:44:26.021;FOAT SI 20250306 PS;SIMPLE_INSTRUMENT;EFP_FIN;EUR;3;123.21000000;64;EXCHANGE_LAST;;1;1;XEUR;11286683;749;
30.12.2024;10:48:15.509;FOAT SI 20250306 PS;SIMPLE_INSTRUMENT;EFP_FIN;EUR;4;123.20000000;650;EXCHANGE_LAST;;1;1;XEUR;11286683;749;
30.12.2024;11:00:24.367;FOAT SI 20250306 PS;SIMPLE_INSTRUMENT;EFP_FIN;EUR;5;123.13000000;437;EXCHANGE_LAST;;1;1;XEUR;11286683;749;
30.12.2024;12:31:13.293;FOAT SI 20250306 PS;SIMPLE_INSTRUMENT;EFP_FIN;EUR;6;123.25000000;439;EXCHANGE_LAST;;1;1;XEUR;11286683;749;
30.12.2024;12:46:42.525;FOAT SI 20250306 PS;SIMPLE_INSTRUMENT;EFP_FIN;EUR;7;123.19000000;85;EXCHANGE_LAST;;1;1;XEUR;11286683;749;
30.12.2024;13:56:56.378;FOAT SI 20250306 PS;SIMPLE_INSTRUMENT;EFS;EUR;8;123.25000000;251;EXCHANGE_LAST;;1;1;XEUR;11286683;749;
30.12.2024;14:19:20.330;FOAT SI 20250306 PS;SIMPLE_INSTRUMENT;EFS;EUR;9;123.25000000;259;EXCHANGE_LAST;;1;1;XEUR;11286683;749;
30.12.2024;15:47:42.147;FOAT SI 20250306 PS;SIMPLE_INSTRUMENT;EFP_FIN;EUR;10;123.34000000;592;EXCHANGE_LAST;;1;1;XEUR;11286683;749;
30.12.2024;15:53:07.854;FOAT SI 20250306 PS;SIMPLE_INSTRUMENT;EFP_FIN;EUR;11;123.32000000;133;EXCHANGE_LAST;;1;1;XEUR;11286683;749;
30.12.2024;15:59:47.208;FOAT SI 20250306 PS;SIMPLE_INSTRUMENT;EFP_FIN;EUR;12;123.34000000;355;EXCHANGE_LAST;;1;1;XEUR;11286683;749;
30.12.2024;16:00:19.264;FOAT SI 20250306 PS;SIMPLE_INSTRUMENT;BLOCK;EUR;13;123.35000000;272;EXCHANGE_LAST;;1;1;XEUR;11286683;749;
30.12.2024;16:06:06.230;FOAT SI 20250306 PS;SIMPLE_INSTRUMENT;EFP_FIN;EUR;14;123.33000000;355;EXCHANGE_LAST;;1;1;XEUR;11286683;749;
30.12.2024;16:45:09.055;FSEG SI 20250321 CS;SIMPLE_INSTRUMENT;EFP_IDX;EUR;13;188.00000000;3;EXCHANGE_LAST;;1;1;XEUR;11393888;109977;
30.12.2024;16:45:29.599;FSEG SI 20250321 CS;SIMPLE_INSTRUMENT;EFP_IDX;EUR;14;187.90000000;27;EXCHANGE_LAST;;1;1;XEUR;11393888;109977;
30.12.2024;16:55:49.432;FSEG SI 20250321 CS;SIMPLE_INSTRUMENT;EFP_IDX;EUR;19;188.00000000;61;EXCHANGE_LAST;;1;1;XEUR;11393888;109977;
30.12.2024;16:56:13.055;FSEG SI 20250321 CS;SIMPLE_INSTRUMENT;EFP_IDX;EUR;20;187.80000000;91;EXCHANGE_LAST;;1;1;XEUR;11393888;109977;
30.12.2024;10:22:16.666;FSMI SI 20250321 CS;SIMPLE_INSTRUMENT;BLOCK;CHF;1;11575.00000000;1500;EXCHANGE_LAST;;1;1;XEUR;7793721;757;
30.12.2024;13:19:59.933;FSMI SI 20250321 CS;SIMPLE_INSTRUMENT;EFP_IDX;CHF;2;11594.00000000;300;EXCHANGE_LAST;;1;1;XEUR;7793721;757;
30.12.2024;13:21:02.963;FSMI SI 20250321 CS;SIMPLE_INSTRUMENT;EFP_IDX;CHF;3;11585.00000000;250;EXCHANGE_LAST;;1;1;XEUR;7793721;757;
30.12.2024;13:31:29.047;FSMI SI 20250321 CS;SIMPLE_INSTRUMENT;BLOCK;CHF;4;11594.00000000;700;EXCHANGE_LAST;;1;1;XEUR;7793721;757;
30.12.2024;15:28:34.611;FSMI SI 20250321 CS;SIMPLE_INSTRUMENT;EFP_IDX;CHF;5;11545.00000000;200;EXCHANGE_LAST;;1;1;XEUR;7793721;757;
30.12.2024;15:28:57.099;FSMI SI 20250321 CS;SIMPLE_INSTRUMENT;EFP_IDX;CHF;6;11545.00000000;200;EXCHANGE_LAST;;1;1;XEUR;7793721;757;
30.12.2024;16:40:31.235;FXXE SI 20250321 CS;SIMPLE_INSTRUMENT;EFP_IDX;EUR;11;504.50000000;103;EXCHANGE_LAST;;1;1;XEUR;11360753;819;
30.12.2024;16:41:01.678;FXXE SI 20250321 CS;SIMPLE_INSTRUMENT;EFP_IDX;EUR;12;505.00000000;131;EXCHANGE_LAST;;1;1;XEUR;11360753;819;
30.12.2024;16:56:22.436;FXXP SI 20250321 CS;SIMPLE_INSTRUMENT;BLOCK;EUR;26;506.50000000;500;EXCHANGE_LAST;;1;1;XEUR;7793972;816;
30.12.2024;17:02:14.366;FXXP SI 20250321 CS;SIMPLE_INSTRUMENT;BLOCK;EUR;27;506.30000000;1365;EXCHANGE_LAST;;1;1;XEUR;7793972;816;
30.12.2024;17:02:07.354;FXXP SI 20250321 CS;SIMPLE_INSTRUMENT;BLOCK;EUR;28;506.40000000;1366;EXCHANGE_LAST;;1;1;XEUR;7793972;816;
30.12.2024;09:11:44.787;HNK SI 20250620 PS AM C 76.00 0;SIMPLE_INSTRUMENT;BLOCK;EUR;2;1.50000000;650;EXCHANGE_LAST;;1;1;XEUR;11363302;947;
30.12.2024;09:12:11.344;HNK SI 20250620 PS AM P 68.00 0;SIMPLE_INSTRUMENT;BLOCK;EUR;3;3.66000000;650;EXCHANGE_LAST;;1;1;XEUR;11363293;947;
30.12.2024;12:07:39.005;LEG.O.241230.BER.000001;STANDARD_OPTION_STRATEGY;BLOCK;EUR;6;2.58000000;2425;EXCHANGE_LAST;;1;1;XEUR;72087053218618564;6859;
30.12.2024;12:07:39.005;LEG SI 20261218 PS AM P 50.00 0;SIMPLE_INSTRUMENT;BLOCK;EUR;6;1.87000000;2425;PRC_DECOMP_EXCHANGE;;;;XEUR;12418477;6859;EXCHANGE
30.12.2024;12:07:39.005;LEG SI 20261218 PS AM P 63.00 0;SIMPLE_INSTRUMENT;BLOCK;EUR;6;4.45000000;2425;PRC_DECOMP_EXCHANGE;;;;XEUR;12418479;6859;EXCHANGE
30.12.2024;15:01:19.939;MOH.O.241230.BR23.000005;STANDARD_OPTION_STRATEGY;BLOCK;EUR;3;-89.00000000;125;EXCHANGE_LAST;;1;1;XEUR;72062206832831978;1074;
30.12.2024;15:01:19.939;MOH SI 20251219 PS AM P 480.00 0;SIMPLE_INSTRUMENT;BLOCK;EUR;3;15.24000000;375;PRC_DECOMP_EXCHANGE;;;;XEUR;5937051;1074;EXCHANGE
30.12.2024;15:01:19.939;MOH SI 20251219 PS AM P 640.00 0;SIMPLE_INSTRUMENT;BLOCK;EUR;3;67.36000000;250;PRC_DECOMP_EXCHANGE;;;;XEUR;5937055;1074;EXCHANGE
30.12.2024;12:10:29.307;MUV2 SI 20250117 PS AM C 520.00 0;SIMPLE_INSTRUMENT;BLOCK;EUR;1;1.02000000;405;EXCHANGE_LAST;;1;1;XEUR;12081856;1234;
30.12.2024;10:45:19.108;NESN SI 20250321 PS AM P 76.00 0;SIMPLE_INSTRUMENT;BLOCK;CHF;4;2.86000000;1000;EXCHANGE_LAST;;1;1;XEUR;10849732;1263;
30.12.2024;16:09:00.296;OBTP.O.241230.BER.000002;STANDARD_OPTION_STRATEGY;BLOCK;EUR;41;0.08000000;125;EXCHANGE_LAST;;1;1;XEUR;72310189654565724;58812;
30.12.2024;16:09:00.296;OBTP SI 20250124 PS AM P 115.00 0;SIMPLE_INSTRUMENT;BLOCK;EUR;41;0.04000000;125;PRC_DECOMP_EXCHANGE;;;;XEUR;12143773;58812;EXCHANGE
30.12.2024;16:09:00.296;OBTP SI 20250124 PS AM P 117.00 0;SIMPLE_INSTRUMENT;BLOCK;EUR;41;0.12000000;125;PRC_DECOMP_EXCHANGE;;;;XEUR;12143797;58812;EXCHANGE
30.12.2024;16:09:13.299;OBTP.O.241230.BER.000002;STANDARD_OPTION_STRATEGY;BLOCK;EUR;42;0.09000000;125;EXCHANGE_LAST;;1;1;XEUR;72310189654565724;58812;
30.12.2024;16:09:13.299;OBTP SI 20250124 PS AM P 115.00 0;SIMPLE_INSTRUMENT;BLOCK;EUR;42;0.04000000;125;PRC_DECOMP_EXCHANGE;;;;XEUR;12143773;58812;EXCHANGE
30.12.2024;16:09:13.299;OBTP SI 20250124 PS AM P 117.00 0;SIMPLE_INSTRUMENT;BLOCK;EUR;42;0.13000000;125;PRC_DECOMP_EXCHANGE;;;;XEUR;12143797;58812;EXCHANGE
30.12.2024;11:03:43.859;OCD SI 20250620 PS AM P 240 0;SIMPLE_INSTRUMENT;BLOCK;GBX;1;25.25000000;550;EXCHANGE_LAST;;1;1;XEUR;9583257;108034;
30.12.2024;10:36:34.961;ODAX SI 20250117 CS EU C 21050 0;SIMPLE_INSTRUMENT;BLOCK;EUR;4;3.50000000;1034;EXCHANGE_LAST;;1;1;XEUR;12353010;1176;
30.12.2024;10:36:20.251;ODAX SI 20250221 CS EU C 21150 0;SIMPLE_INSTRUMENT;BLOCK;EUR;5;44.80000000;1037;EXCHANGE_LAST;;1;1;XEUR;12353037;1176;
30.12.2024;09:38:36.675;ODAX.V.241230.PUT+U.000121;OPTION_VOLATILITY_STRATEGY;BLOCK;EUR;671088641;340.80000000;2;EXCHANGE_LAST;;1;1;XEUR;72062644920398325;1176;
30.12.2024;09:38:36.675;ODAX SI 20250117 CS EU P 20200 0;SIMPLE_INSTRUMENT;BLOCK;EUR;671088641;340.80000000;1000;PRC_DECOMP_EXCHANGE;;;;XEUR;12080623;1176;EXCHANGE
30.12.2024;09:38:36.675;FDAX SI 20250321 CS;SIMPLE_INSTRUMENT;BLOCK;EUR;671088641;20090.00000000;134;PRC_DECOMP_EXCHANGE;;;;XEUR;7561255;1176;EXCHANGE
30.12.2024;16:21:25.703;OESB.O.241230.RBUL.000016;STANDARD_OPTION_STRATEGY;BLOCK;EUR;14;-0.95000000;7250;EXCHANGE_LAST;;1;1;XEUR;72062726523976682;1195;
30.12.2024;16:21:25.703;OESB SI 20250221 CS EU C 159.0 0;SIMPLE_INSTRUMENT;BLOCK;EUR;14;0.50000000;14500;PRC_DECOMP_EXCHANGE;;;;XEUR;12250831;1195;EXCHANGE
30.12.2024;16:21:25.703;OESB SI 20250221 CS EU C 152.0 0;SIMPLE_INSTRUMENT;BLOCK;EUR;14;1.95000000;7250;PRC_DECOMP_EXCHANGE;;;;XEUR;12250743;1195;EXCHANGE
30.12.2024;08:30:41.743;OESX.O.241230.RBER.000077;STANDARD_OPTION_STRATEGY;BLOCK;EUR;1;4.00000000;2500;EXCHANGE_LAST;;1;1;XEUR;72062790950184794;1210;
30.12.2024;08:30:41.743;OESX SI 20250221 CS EU P 4300 0;SIMPLE_INSTRUMENT;BLOCK;EUR;1;12.40000000;2500;PRC_DECOMP_MEMBER;;;;XEUR;10575907;1210;MEMBER
30.12.2024;08:30:41.743;OESX SI 20250221 CS EU P 4100 0;SIMPLE_INSTRUMENT;BLOCK;EUR;1;8.20000000;5000;PRC_DECOMP_MEMBER;;;;XEUR;10575879;1210;MEMBER
30.12.2024;08:39:55.683;OESX.O.241230.RBER.000077;STANDARD_OPTION_STRATEGY;BLOCK;EUR;2;3.90000000;2500;EXCHANGE_LAST;;1;1;XEUR;72062790950184794;1210;
30.12.2024;08:39:55.683;OESX SI 20250221 CS EU P 4300 0;SIMPLE_INSTRUMENT;BLOCK;EUR;2;12.50000000;2500;PRC_DECOMP_MEMBER;;;;XEUR;10575907;1210;MEMBER
30.12.2024;08:39:55.683;OESX SI 20250221 CS EU P 4100 0;SIMPLE_INSTRUMENT;BLOCK;EUR;2;8.20000000;5000;PRC_DECOMP_MEMBER;;;;XEUR;10575879;1210;MEMBER
30.12.2024;08:35:06.302;OESX SI 20250117 CS EU C 4975 0;SIMPLE_INSTRUMENT;BLOCK;EUR;4;21.60000000;2000;EXCHANGE_LAST;;1;1;XEUR;11282770;1210;
30.12.2024;09:12:41.329;OESX SI 20250321 CS EU C 4900 0;SIMPLE_INSTRUMENT;BLOCK;EUR;8;133.80000000;2000;EXCHANGE_LAST;;1;1;XEUR;8653348;1210;
30.12.2024;09:11:06.224;OESX SI 20250620 CS EU P 4200 0;SIMPLE_INSTRUMENT;BLOCK;EUR;9;55.60000000;1000;EXCHANGE_LAST;;1;1;XEUR;7798353;1210;
30.12.2024;09:10:55.223;OESX SI 20250620 CS EU P 4000 0;SIMPLE_INSTRUMENT;BLOCK;EUR;10;38.40000000;1000;EXCHANGE_LAST;;1;1;XEUR;7798360;1210;
30.12.2024;09:10:45.222;OESX SI 20250620 CS EU P 3600 0;SIMPLE_INSTRUMENT;BLOCK;EUR;11;20.40000000;1000;EXCHANGE_LAST;;1;1;XEUR;7798382;1210;
30.12.2024;09:26:37.631;OESX SI 20250221 CS EU P 4175 0;SIMPLE_INSTRUMENT;BLOCK;EUR;17;9.50000000;5724;EXCHANGE_LAST;;1;1;XEUR;11284175;1210;
30.12.2024;09:27:42.974;OESX SI 20250117 CS EU P 4900 0;SIMPLE_INSTRUMENT;BLOCK;EUR;19;62.20000000;1060;EXCHANGE_LAST;;1;1;XEUR;10415898;1210;
30.12.2024;09:29:45.581;OESX.O.241230.STDT.000112;STANDARD_OPTION_STRATEGY;BLOCK;EUR;20;159.80000000;2750;EXCHANGE_LAST;;1;1;XEUR;72062790950184829;1210;
30.12.2024;09:29:45.581;OESX SI 20250919 CS EU C 5000 0;SIMPLE_INSTRUMENT;BLOCK;EUR;20;183.50000000;2750;PRC_DECOMP_EXCHANGE;;;;XEUR;8719756;1210;EXCHANGE
30.12.2024;09:29:45.581;OESX SI 20250919 CS EU P 5000 0;SIMPLE_INSTRUMENT;BLOCK;EUR;20;310.70000000;2750;PRC_DECOMP_EXCHANGE;;;;XEUR;8719755;1210;EXCHANGE
30.12.2024;09:29:45.581;OESX SI 20260320 CS EU C 5000 0;SIMPLE_INSTRUMENT;BLOCK;EUR;20;272.60000000;2750;PRC_DECOMP_EXCHANGE;;;;XEUR;9057313;1210;EXCHANGE
30.12.2024;09:29:45.581;OESX SI 20260320 CS EU P 5000 0;SIMPLE_INSTRUMENT;BLOCK;EUR;20;381.40000000;2750;PRC_DECOMP_EXCHANGE;;;;XEUR;9057309;1210;EXCHANGE
30.12.2024;09:29:26.287;OESX SI 20250117 CS EU P 4900 0;SIMPLE_INSTRUMENT;BLOCK;EUR;22;61.90000000;4240;EXCHANGE_LAST;;1;1;XEUR;10415898;1210;
30.12.2024;09:41:45.946;OESX SI 20250620 CS EU P 4550 0;SIMPLE_INSTRUMENT;BLOCK;EUR;27;107.30000000;3688;EXCHANGE_LAST;;1;1;XEUR;10940235;1210;
30.12.2024;09:42:00.727;OESX SI 20250321 CS EU P 4100 0;SIMPLE_INSTRUMENT;BLOCK;EUR;28;16.00000000;4610;EXCHANGE_LAST;;1;1;XEUR;7798171;1210;
30.12.2024;10:00:03.766;OESX.O.241230.JR.000124;STANDARD_OPTION_STRATEGY;BLOCK;EUR;30;-384.30000000;1000;EXCHANGE_LAST;;1;1;XEUR;72062790950184841;1210;
30.12.2024;10:00:03.766;OESX SI 20250321 CS EU P 5100 0;SIMPLE_INSTRUMENT;BLOCK;EUR;30;237.60000000;1000;PRC_DECOMP_EXCHANGE;;;;XEUR;8903916;1210;EXCHANGE
30.12.2024;10:00:03.766;OESX SI 20250117 CS EU C 4700 0;SIMPLE_INSTRUMENT;BLOCK;EUR;30;212.70000000;1000;PRC_DECOMP_EXCHANGE;;;;XEUR;10416547;1210;EXCHANGE
30.12.2024;10:00:03.766;OESX SI 20250321 CS EU C 5100 0;SIMPLE_INSTRUMENT;BLOCK;EUR;30;52.00000000;1000;PRC_DECOMP_EXCHANGE;;;;XEUR;8903915;1210;EXCHANGE
30.12.2024;10:00:03.766;OESX SI 20250117 CS EU P 4700 0;SIMPLE_INSTRUMENT;BLOCK;EUR;30;14.00000000;1000;PRC_DECOMP_EXCHANGE;;;;XEUR;10416568;1210;EXCHANGE
30.12.2024;10:51:57.567;OESX SI 20250117 CS EU C 5175 0;SIMPLE_INSTRUMENT;BLOCK;EUR;39;1.20000000;2207;EXCHANGE_LAST;;1;1;XEUR;11282759;1210;
30.12.2024;10:51:57.575;OESX SI 20250221 CS EU C 5200 0;SIMPLE_INSTRUMENT;BLOCK;EUR;40;12.20000000;1194;EXCHANGE_LAST;;1;1;XEUR;10575931;1210;
30.12.2024;10:51:58.087;OESX SI 20250221 CS EU C 5200 0;SIMPLE_INSTRUMENT;BLOCK;EUR;41;12.40000000;1010;EXCHANGE_LAST;;1;1;XEUR;10575931;1210;
30.12.2024;11:22:13.118;OESX SI 20250221 CS EU C 5100 0;SIMPLE_INSTRUMENT;BLOCK;EUR;43;30.80000000;1000;EXCHANGE_LAST;;1;1;XEUR;10575909;1210;
30.12.2024;11:22:18.276;OESX SI 20250221 CS EU C 5100 0;SIMPLE_INSTRUMENT;BLOCK;EUR;44;30.40000000;1075;EXCHANGE_LAST;;1;1;XEUR;10575909;1210;
30.12.2024;11:37:40.548;OESX.O.241230.RBER.000055;STANDARD_OPTION_STRATEGY;BLOCK;EUR;45;-0.10000000;1100;EXCHANGE_LAST;;1;1;XEUR;72062790950184772;1210;
30.12.2024;11:37:40.548;OESX SI 20250117 CS EU P 4400 0;SIMPLE_INSTRUMENT;BLOCK;EUR;45;3.60000000;2200;PRC_DECOMP_EXCHANGE;;;;XEUR;10416531;1210;EXCHANGE
30.12.2024;11:37:40.548;OESX SI 20250117 CS EU P 4600 0;SIMPLE_INSTRUMENT;BLOCK;EUR;45;7.30000000;1100;PRC_DECOMP_EXCHANGE;;;;XEUR;10416542;1210;EXCHANGE
30.12.2024;12:04:07.258;OESX SI 20250110 CS EU P 4800 0;SIMPLE_INSTRUMENT;BLOCK;EUR;47;14.00000000;2000;EXCHANGE_LAST;;1;1;XEUR;12173123;1210;
30.12.2024;12:24:31.014;OESX SI 20250117 CS EU C 1000 0;SIMPLE_INSTRUMENT;BLOCK;EUR;49;3901.60000000;1000;EXCHANGE_LAST;;1;1;XEUR;10415719;1210;
30.12.2024;15:02:31.853;OESX SI 20250620 CS EU P 4025 0;SIMPLE_INSTRUMENT;BLOCK;EUR;59;42.70000000;1750;EXCHANGE_LAST;;1;1;XEUR;11283657;1210;
30.12.2024;15:03:11.110;OESX SI 20250620 CS EU C 5375 0;SIMPLE_INSTRUMENT;BLOCK;EUR;60;23.00000000;1750;EXCHANGE_LAST;;1;1;XEUR;11283748;1210;
30.12.2024;15:05:59.989;OESX SI 20250221 CS EU P 4750 0;SIMPLE_INSTRUMENT;BLOCK;EUR;62;68.00000000;2000;EXCHANGE_LAST;;1;1;XEUR;10641503;1210;
30.12.2024;15:06:12.939;OESX SI 20250221 CS EU P 4500 0;SIMPLE_INSTRUMENT;BLOCK;EUR;64;25.80000000;2000;EXCHANGE_LAST;;1;1;XEUR;10575898;1210;
30.12.2024;15:32:37.385;OESX SI 20271217 CS EU P 5000 0;SIMPLE_INSTRUMENT;BLOCK;EUR;65;597.70000000;1000;EXCHANGE_LAST;;1;1;XEUR;4396981;1210;
30.12.2024;15:33:10.307;OESX SI 20271217 CS EU C 5000 0;SIMPLE_INSTRUMENT;BLOCK;EUR;66;417.30000000;1000;EXCHANGE_LAST;;1;1;XEUR;4396980;1210;
30.12.2024;15:55:41.113;OESX SI 20250321 CS EU C 5100 0;SIMPLE_INSTRUMENT;BLOCK;EUR;71;42.20000000;1090;EXCHANGE_LAST;;1;1;XEUR;8903915;1210;
30.12.2024;15:57:07.044;OESX SI 20250110 CS EU C 5100 0;SIMPLE_INSTRUMENT;BLOCK;EUR;72;0.70000000;1000;EXCHANGE_LAST;;1;1;XEUR;12173288;1210;
30.12.2024;16:00:25.057;OESX SI 20250620 CS EU P 4750 0;SIMPLE_INSTRUMENT;BLOCK;EUR;73;175.70000000;2750;EXCHANGE_LAST;;1;1;XEUR;10940256;1210;
30.12.2024;08:37:58.770;OESX.V.241230.PUT+U.000080;OPTION_VOLATILITY_STRATEGY;BLOCK;EUR;637534211;4.50000000;15;EXCHANGE_LAST;;1;1;XEUR;72062790950184797;1210;
30.12.2024;08:37:58.770;OESX SI 20250117 CS EU P 4400 0;SIMPLE_INSTRUMENT;BLOCK;EUR;637534211;4.50000000;1500;PRC_DECOMP_EXCHANGE;;;;XEUR;10416531;1210;EXCHANGE
30.12.2024;08:37:58.770;FESX SI 20250321 CS;SIMPLE_INSTRUMENT;BLOCK;EUR;637534211;4893.00000000;60;PRC_DECOMP_EXCHANGE;;;;XEUR;7793482;1210;EXCHANGE
30.12.2024;08:40:20.972;OESX.V.241230.COMBO+U.000082;OPTION_VOLATILITY_STRATEGY;BLOCK;EUR;637534213;46.60000000;30;EXCHANGE_LAST;;1;1;XEUR;72062790950184799;1210;
30.12.2024;08:40:20.972;OESX SI 20250620 CS EU C 5300 0;SIMPLE_INSTRUMENT;BLOCK;EUR;637534213;34.50000000;3000;PRC_DECOMP_MEMBER;;;;XEUR;9019679;1210;MEMBER
30.12.2024;08:40:20.972;FESX SI 20250321 CS;SIMPLE_INSTRUMENT;BLOCK;EUR;637534213;4900.00000000;1050;PRC_DECOMP_MEMBER;;;;XEUR;7793482;1210;MEMBER
30.12.2024;08:40:20.972;OESX SI 20250620 CS EU P 4400 0;SIMPLE_INSTRUMENT;BLOCK;EUR;637534213;81.10000000;3000;PRC_DECOMP_MEMBER;;;;XEUR;7798347;1210;MEMBER
30.12.2024;09:12:34.440;OESX.V.241230.CALL-U.000094;OPTION_VOLATILITY_STRATEGY;BLOCK;EUR;637534215;52.50000000;40;EXCHANGE_LAST;;1;1;XEUR;72062790950184811;1210;
30.12.2024;09:12:34.440;OESX SI 20250117 CS EU C 4900 0;SIMPLE_INSTRUMENT;BLOCK;EUR;637534215;52.50000000;4000;PRC_DECOMP_EXCHANGE;;;;XEUR;10416566;1210;EXCHANGE
30.12.2024;09:12:34.440;FESX SI 20250321 CS;SIMPLE_INSTRUMENT;BLOCK;EUR;637534215;4900.00000000;840;PRC_DECOMP_EXCHANGE;;;;XEUR;7793482;1210;EXCHANGE
30.12.2024;09:13:00.228;OESX.V.241230.PUT+U.000099;OPTION_VOLATILITY_STRATEGY;BLOCK;EUR;637534220;70.10000000;20;EXCHANGE_LAST;;1;1;XEUR;72062790950184816;1210;
30.12.2024;09:13:00.228;FESX SI 20250321 CS;SIMPLE_INSTRUMENT;BLOCK;EUR;637534220;4907.00000000;700;PRC_DECOMP_EXCHANGE;;;;XEUR;7793482;1210;EXCHANGE
30.12.2024;09:13:00.228;OESX SI 20250221 CS EU P 4800 0;SIMPLE_INSTRUMENT;BLOCK;EUR;637534220;70.10000000;2000;PRC_DECOMP_EXCHANGE;;;;XEUR;10575923;1210;EXCHANGE
30.12.2024;09:19:52.417;OESX.V.241230.CNV-U.000097;OPTION_VOLATILITY_STRATEGY;BLOCK;EUR;637534221;-19.50000000;16;EXCHANGE_LAST;;1;1;XEUR;72062790950184814;1210;
30.12.2024;09:19:52.417;OESX SI 20241230 CS EU P 4900 0;SIMPLE_INSTRUMENT;BLOCK;EUR;637534221;19.60000000;1600;PRC_DECOMP_EXCHANGE;;;;XEUR;12007927;1210;EXCHANGE
30.12.2024;09:19:52.417;FESX SI 20250321 CS;SIMPLE_INSTRUMENT;BLOCK;EUR;637534221;4900.00000000;1600;PRC_DECOMP_EXCHANGE;;;;XEUR;7793482;1210;EXCHANGE
30.12.2024;09:19:52.417;OESX SI 20241230 CS EU C 4900 0;SIMPLE_INSTRUMENT;BLOCK;EUR;637534221;0.10000000;1600;PRC_DECOMP_EXCHANGE;;;;XEUR;12007928;1210;EXCHANGE
30.12.2024;09:27:09.675;OESX.V.241230.CNV-U.000097;OPTION_VOLATILITY_STRATEGY;BLOCK;EUR;637534224;-19.50000000;20;EXCHANGE_LAST;;2;1;XEUR;72062790950184814;1210;
30.12.2024;09:27:09.675;OESX SI 20241230 CS EU C 4900 0;SIMPLE_INSTRUMENT;BLOCK;EUR;637534224;0.10000000;2000;PRC_DECOMP_MEMBER;;;;XEUR;12007928;1210;MEMBER
30.12.2024;09:27:09.675;OESX SI 20241230 CS EU P 4900 0;SIMPLE_INSTRUMENT;BLOCK;EUR;637534224;19.60000000;2000;PRC_DECOMP_MEMBER;;;;XEUR;12007927;1210;MEMBER
30.12.2024;09:27:09.675;FESX SI 20250321 CS;SIMPLE_INSTRUMENT;BLOCK;EUR;637534224;4900.00000000;2000;PRC_DECOMP_MEMBER;;;;XEUR;7793482;1210;MEMBER
30.12.2024;09:31:52.465;OESX.V.241230.CNV-U.000097;OPTION_VOLATILITY_STRATEGY;BLOCK;EUR;637534229;-19.50000000;45;EXCHANGE_LAST;;2;2;XEUR;72062790950184814;1210;
30.12.2024;09:31:52.465;OESX SI 20241230 CS EU C 4900 0;SIMPLE_INSTRUMENT;BLOCK;EUR;637534229;0.10000000;4500;PRC_DECOMP_EXCHANGE;;;;XEUR;12007928;1210;EXCHANGE
30.12.2024;09:31:52.465;FESX SI 20250321 CS;SIMPLE_INSTRUMENT;BLOCK;EUR;637534229;4900.00000000;4500;PRC_DECOMP_EXCHANGE;;;;XEUR;7793482;1210;EXCHANGE
30.12.2024;09:31:52.465;OESX SI 20241230 CS EU P 4900 0;SIMPLE_INSTRUMENT;BLOCK;EUR;637534229;19.60000000;4500;PRC_DECOMP_EXCHANGE;;;;XEUR;12007927;1210;EXCHANGE
30.12.2024;09:38:27.371;OESX.V.241230.CALL-U.000117;OPTION_VOLATILITY_STRATEGY;BLOCK;EUR;637534233;337.50000000;20;EXCHANGE_LAST;;1;1;XEUR;72062790950184834;1210;
30.12.2024;09:38:27.371;OESX SI 20251219 CS EU C 4800 0;SIMPLE_INSTRUMENT;BLOCK;EUR;637534233;337.50000000;2000;PRC_DECOMP_EXCHANGE;;;;XEUR;2926963;1210;EXCHANGE
30.12.2024;09:38:27.371;FESX SI 20250321 CS;SIMPLE_INSTRUMENT;BLOCK;EUR;637534233;4908.00000000;1140;PRC_DECOMP_EXCHANGE;;;;XEUR;7793482;1210;EXCHANGE
30.12.2024;09:48:48.013;OESX.V.241230.RBER-U.000121;OPTION_VOLATILITY_STRATEGY;BLOCK;EUR;637534234;-31.00000000;15;EXCHANGE_LAST;;1;1;XEUR;72062790950184838;1210;
30.12.2024;09:48:48.013;OESX SI 20250620 CS EU P 3500 0;SIMPLE_INSTRUMENT;BLOCK;EUR;637534234;17.30000000;3000;PRC_DECOMP_EXCHANGE;;;;XEUR;7798389;1210;EXCHANGE
30.12.2024;09:48:48.013;OESX SI 20250620 CS EU P 4300 0;SIMPLE_INSTRUMENT;BLOCK;EUR;637534234;65.60000000;1500;PRC_DECOMP_EXCHANGE;;;;XEUR;7798350;1210;EXCHANGE
30.12.2024;09:48:48.013;FESX SI 20250321 CS;SIMPLE_INSTRUMENT;BLOCK;EUR;637534234;4910.00000000;150;PRC_DECOMP_EXCHANGE;;;;XEUR;7793482;1210;EXCHANGE
30.12.2024;09:55:44.817;OESX.V.241230.BRT+U.000125;OPTION_VOLATILITY_STRATEGY;BLOCK;EUR;637534239;7.30000000;10;EXCHANGE_LAST;;1;1;XEUR;72062790950184842;1210;
30.12.2024;09:55:44.817;FESX SI 20250321 CS;SIMPLE_INSTRUMENT;BLOCK;EUR;637534239;4910.00000000;70;PRC_DECOMP_EXCHANGE;;;;XEUR;7793482;1210;EXCHANGE
30.12.2024;09:55:44.817;OESX SI 20250103 CS EU P 4600 0;SIMPLE_INSTRUMENT;BLOCK;EUR;637534239;0.40000000;1000;PRC_DECOMP_EXCHANGE;;;;XEUR;12141580;1210;EXCHANGE
30.12.2024;09:55:44.817;OESX SI 20250117 CS EU P 4600 0;SIMPLE_INSTRUMENT;BLOCK;EUR;637534239;7.70000000;1000;PRC_DECOMP_EXCHANGE;;;;XEUR;10416542;1210;EXCHANGE
30.12.2024;09:56:00.672;OESX.V.241230.BRT+U.000125;OPTION_VOLATILITY_STRATEGY;BLOCK;EUR;637534240;7.40000000;10;EXCHANGE_LAST;;1;1;XEUR;72062790950184842;1210;
30.12.2024;09:56:00.672;OESX SI 20250117 CS EU P 4600 0;SIMPLE_INSTRUMENT;BLOCK;EUR;637534240;7.70000000;1000;PRC_DECOMP_EXCHANGE;;;;XEUR;10416542;1210;EXCHANGE
30.12.2024;09:56:00.672;FESX SI 20250321 CS;SIMPLE_INSTRUMENT;BLOCK;EUR;637534240;4910.00000000;70;PRC_DECOMP_EXCHANGE;;;;XEUR;7793482;1210;EXCHANGE
30.12.2024;09:56:00.672;OESX SI 20250103 CS EU P 4600 0;SIMPLE_INSTRUMENT;BLOCK;EUR;637534240;0.30000000;1000;PRC_DECOMP_EXCHANGE;;;;XEUR;12141580;1210;EXCHANGE
30.12.2024;10:09:49.707;OESX.V.241230.CNV-U.000097;OPTION_VOLATILITY_STRATEGY;BLOCK;EUR;637534243;-19.00000000;16;EXCHANGE_LAST;;1;1;XEUR;72062790950184814;1210;
30.12.2024;10:09:49.707;FESX SI 20250321 CS;SIMPLE_INSTRUMENT;BLOCK;EUR;637534243;4900.00000000;1600;PRC_DECOMP_EXCHANGE;;;;XEUR;7793482;1210;EXCHANGE
30.12.2024;10:09:49.707;OESX SI 20241230 CS EU C 4900 0;SIMPLE_INSTRUMENT;BLOCK;EUR;637534243;0.10000000;1600;PRC_DECOMP_EXCHANGE;;;;XEUR;12007928;1210;EXCHANGE
30.12.2024;10:09:49.707;OESX SI 20241230 CS EU P 4900 0;SIMPLE_INSTRUMENT;BLOCK;EUR;637534243;19.10000000;1600;PRC_DECOMP_EXCHANGE;;;;XEUR;12007927;1210;EXCHANGE
30.12.2024;10:15:51.784;OESX.D.241230.000140;NON_STANDARD_OVS;BLOCK;EUR;637534244;2540.00000000;10;EXCHANGE_LAST;;1;1;XEUR;72062790950184857;1210;
30.12.2024;10:15:51.784;OESX SI 20250117 CS EU P 4700 0;SIMPLE_INSTRUMENT;BLOCK;EUR;637534244;13.20000000;1500;PRC_DECOMP_EXCHANGE;;;;XEUR;10416568;1210;EXCHANGE
30.12.2024;10:15:51.784;OESX SI 20250221 CS EU P 4850 0;SIMPLE_INSTRUMENT;BLOCK;EUR;637534244;82.70000000;1000;PRC_DECOMP_EXCHANGE;;;;XEUR;10641486;1210;EXCHANGE
30.12.2024;10:15:51.784;OESX SI 20250117 CS EU P 4500 0;SIMPLE_INSTRUMENT;BLOCK;EUR;637534244;5.00000000;1500;PRC_DECOMP_EXCHANGE;;;;XEUR;10416551;1210;EXCHANGE
30.12.2024;10:15:51.784;OESX SI 20250221 CS EU P 4700 0;SIMPLE_INSTRUMENT;BLOCK;EUR;637534244;45.00000000;1000;PRC_DECOMP_EXCHANGE;;;;XEUR;10575925;1210;EXCHANGE
30.12.2024;10:15:51.784;FESX SI 20250321 CS;SIMPLE_INSTRUMENT;BLOCK;EUR;637534244;4910.00000000;30;PRC_DECOMP_EXCHANGE;;;;XEUR;7793482;1210;EXCHANGE
30.12.2024;10:33:05.675;OESX.V.241230.PUT+U.000146;OPTION_VOLATILITY_STRATEGY;BLOCK;EUR;637534245;137.60000000;15;EXCHANGE_LAST;;1;1;XEUR;72062790950184863;1210;
30.12.2024;10:33:05.675;OESX SI 20250620 CS EU P 4675 0;SIMPLE_INSTRUMENT;BLOCK;EUR;637534245;137.60000000;1500;PRC_DECOMP_EXCHANGE;;;;XEUR;11283697;1210;EXCHANGE
30.12.2024;10:33:05.675;FESX SI 20250321 CS;SIMPLE_INSTRUMENT;BLOCK;EUR;637534245;4910.00000000;525;PRC_DECOMP_EXCHANGE;;;;XEUR;7793482;1210;EXCHANGE
30.12.2024;10:22:20.158;OESX.V.241230.PBUT+U.000162;OPTION_VOLATILITY_STRATEGY;BLOCK;EUR;637534246;17.30000000;30;EXCHANGE_LAST;;1;1;XEUR;72062790950184879;1210;
30.12.2024;10:22:20.158;OESX SI 20250117 CS EU P 4700 0;SIMPLE_INSTRUMENT;BLOCK;EUR;637534246;14.00000000;3000;PRC_DECOMP_MEMBER;;;;XEUR;10416568;1210;MEMBER
30.12.2024;10:22:20.158;FESX SI 20250321 CS;SIMPLE_INSTRUMENT;BLOCK;EUR;637534246;4910.00000000;270;PRC_DECOMP_MEMBER;;;;XEUR;7793482;1210;MEMBER
30.12.2024;10:22:20.158;OESX SI 20250117 CS EU P 4900 0;SIMPLE_INSTRUMENT;BLOCK;EUR;637534246;60.70000000;3000;PRC_DECOMP_MEMBER;;;;XEUR;10415898;1210;MEMBER
30.12.2024;10:22:20.158;OESX SI 20250117 CS EU P 4800 0;SIMPLE_INSTRUMENT;BLOCK;EUR;637534246;28.70000000;6000;PRC_DECOMP_MEMBER;;;;XEUR;10416562;1210;MEMBER
30.12.2024;11:18:55.675;OESX.V.241230.RBER-U.000182;OPTION_VOLATILITY_STRATEGY;BLOCK;EUR;637534250;-32.40000000;10;EXCHANGE_LAST;;1;1;XEUR;72062790950184899;1210;
30.12.2024;11:18:55.675;OESX SI 20250321 CS EU P 4650 0;SIMPLE_INSTRUMENT;BLOCK;EUR;637534250;57.80000000;2000;PRC_DECOMP_EXCHANGE;;;;XEUR;10849721;1210;EXCHANGE
30.12.2024;11:18:55.675;FESX SI 20250321 CS;SIMPLE_INSTRUMENT;BLOCK;EUR;637534250;4915.00000000;60;PRC_DECOMP_EXCHANGE;;;;XEUR;7793482;1210;EXCHANGE
30.12.2024;11:18:55.675;OESX SI 20250321 CS EU P 4950 0;SIMPLE_INSTRUMENT;BLOCK;EUR;637534250;148.00000000;1000;PRC_DECOMP_EXCHANGE;;;;XEUR;10794062;1210;EXCHANGE
30.12.2024;13:05:58.550;OESX.V.241230.COMBO+U.000214;OPTION_VOLATILITY_STRATEGY;BLOCK;EUR;637534260;-4.50000000;15;EXCHANGE_LAST;;1;1;XEUR;72062790950184931;1210;
30.12.2024;13:05:58.550;FESX SI 20250321 CS;SIMPLE_INSTRUMENT;BLOCK;EUR;637534260;4900.00000000;855;PRC_DECOMP_EXCHANGE;;;;XEUR;7793482;1210;EXCHANGE
30.12.2024;13:05:58.550;OESX SI 20250117 CS EU P 4775 0;SIMPLE_INSTRUMENT;BLOCK;EUR;637534260;26.50000000;1500;PRC_DECOMP_EXCHANGE;;;;XEUR;11282702;1210;EXCHANGE
30.12.2024;13:05:58.550;OESX SI 20250117 CS EU C 4950 0;SIMPLE_INSTRUMENT;BLOCK;EUR;637534260;31.00000000;1500;PRC_DECOMP_EXCHANGE;;;;XEUR;10575807;1210;EXCHANGE
30.12.2024;13:32:37.228;OESX.V.241230.COMBO+U.000223;OPTION_VOLATILITY_STRATEGY;BLOCK;EUR;637534261;36.30000000;30;EXCHANGE_LAST;;1;1;XEUR;72062790950184940;1210;
30.12.2024;13:32:37.228;FESX SI 20250321 CS;SIMPLE_INSTRUMENT;BLOCK;EUR;637534261;4895.00000000;600;PRC_DECOMP_EXCHANGE;;;;XEUR;7793482;1210;EXCHANGE
30.12.2024;13:32:37.228;OESX SI 20250321 CS EU P 4500 0;SIMPLE_INSTRUMENT;BLOCK;EUR;637534261;41.90000000;3000;PRC_DECOMP_EXCHANGE;;;;XEUR;7798492;1210;EXCHANGE
30.12.2024;13:32:37.228;OESX SI 20250321 CS EU C 5400 0;SIMPLE_INSTRUMENT;BLOCK;EUR;637534261;5.60000000;3000;PRC_DECOMP_EXCHANGE;;;;XEUR;9298229;1210;EXCHANGE
30.12.2024;14:08:21.190;OESX.V.241230.IRTRY-U.000255;OPTION_VOLATILITY_STRATEGY;BLOCK;EUR;637534262;5.30000000;10;EXCHANGE_LAST;;1;1;XEUR;72062790950184972;1210;
30.12.2024;14:08:21.190;OESX SI 20250417 CS EU C 5000 0;SIMPLE_INSTRUMENT;BLOCK;EUR;637534262;99.30000000;1000;PRC_DECOMP_EXCHANGE;;;;XEUR;10848770;1210;EXCHANGE
30.12.2024;14:08:21.190;OESX SI 20250417 CS EU P 4400 0;SIMPLE_INSTRUMENT;BLOCK;EUR;637534262;47.00000000;2000;PRC_DECOMP_EXCHANGE;;;;XEUR;10849773;1210;EXCHANGE
30.12.2024;14:08:21.190;FESX SI 20250321 CS;SIMPLE_INSTRUMENT;BLOCK;EUR;637534262;4884.00000000;700;PRC_DECOMP_EXCHANGE;;;;XEUR;7793482;1210;EXCHANGE
30.12.2024;14:44:27.563;OESX.V.241230.PDIA+U.000282;OPTION_VOLATILITY_STRATEGY;BLOCK;EUR;637534263;17.50000000;20;EXCHANGE_LAST;;1;2;XEUR;72062790950184999;1210;
30.12.2024;14:44:27.563;OESX SI 20250103 CS EU P 4775 0;SIMPLE_INSTRUMENT;BLOCK;EUR;637534263;2.50000000;2000;PRC_DECOMP_MEMBER;;;;XEUR;12141538;1210;MEMBER
30.12.2024;14:44:27.563;OESX SI 20250110 CS EU P 4800 0;SIMPLE_INSTRUMENT;BLOCK;EUR;637534263;20.00000000;2000;PRC_DECOMP_MEMBER;;;;XEUR;12173123;1210;MEMBER
30.12.2024;14:44:27.563;FESX SI 20250321 CS;SIMPLE_INSTRUMENT;BLOCK;EUR;637534263;4890.00000000;340;PRC_DECOMP_MEMBER;;;;XEUR;7793482;1210;MEMBER
30.12.2024;14:39:19.932;OESX.V.241230.CALL-U.000283;OPTION_VOLATILITY_STRATEGY;BLOCK;EUR;637534264;10.00000000;10;EXCHANGE_LAST;;1;1;XEUR;72062790950185000;1210;
30.12.2024;14:39:19.932;FESX SI 20250321 CS;SIMPLE_INSTRUMENT;BLOCK;EUR;637534264;4890.00000000;70;PRC_DECOMP_EXCHANGE;;;;XEUR;7793482;1210;EXCHANGE
30.12.2024;14:39:19.932;OESX SI 20250221 CS EU C 5200 0;SIMPLE_INSTRUMENT;BLOCK;EUR;637534264;10.00000000;1000;PRC_DECOMP_EXCHANGE;;;;XEUR;10575931;1210;EXCHANGE
30.12.2024;14:39:25.876;OESX.V.241230.CALL-U.000284;OPTION_VOLATILITY_STRATEGY;BLOCK;EUR;637534265;10.10000000;10;EXCHANGE_LAST;;1;1;XEUR;72062790950185001;1210;
30.12.2024;14:39:25.876;FESX SI 20250321 CS;SIMPLE_INSTRUMENT;BLOCK;EUR;637534265;4890.00000000;80;PRC_DECOMP_EXCHANGE;;;;XEUR;7793482;1210;EXCHANGE
30.12.2024;14:39:25.876;OESX SI 20250221 CS EU C 5200 0;SIMPLE_INSTRUMENT;BLOCK;EUR;637534265;10.10000000;1000;PRC_DECOMP_EXCHANGE;;;;XEUR;10575931;1210;EXCHANGE
30.12.2024;14:54:08.401;OESX.V.241230.PUT+U.000288;OPTION_VOLATILITY_STRATEGY;BLOCK;EUR;637534266;156.50000000;30;EXCHANGE_LAST;;1;2;XEUR;72062790950185005;1210;
30.12.2024;14:54:08.401;OESX SI 20251219 CS EU P 4400 0;SIMPLE_INSTRUMENT;BLOCK;EUR;637534266;156.50000000;3000;PRC_DECOMP_EXCHANGE;;;;XEUR;2413964;1210;EXCHANGE
30.12.2024;14:54:08.401;FESX SI 20250321 CS;SIMPLE_INSTRUMENT;BLOCK;EUR;637534266;4890.00000000;780;PRC_DECOMP_EXCHANGE;;;;XEUR;7793482;1210;EXCHANGE
30.12.2024;15:41:50.186;OESX.V.241230.CNV-U.000318;OPTION_VOLATILITY_STRATEGY;BLOCK;EUR;637534277;0.00000000;10;EXCHANGE_LAST;;1;1;XEUR;72062790950185035;1210;
30.12.2024;15:41:50.186;OESX SI 20250321 CS EU P 4900 0;SIMPLE_INSTRUMENT;BLOCK;EUR;637534277;135.30000000;1000;PRC_DECOMP_EXCHANGE;;;;XEUR;8653351;1210;EXCHANGE
30.12.2024;15:41:50.186;FESX SI 20250321 CS;SIMPLE_INSTRUMENT;BLOCK;EUR;637534277;4900.00000000;1000;PRC_DECOMP_EXCHANGE;;;;XEUR;7793482;1210;EXCHANGE
30.12.2024;15:41:50.186;OESX SI 20250321 CS EU C 4900 0;SIMPLE_INSTRUMENT;BLOCK;EUR;637534277;135.30000000;1000;PRC_DECOMP_EXCHANGE;;;;XEUR;8653348;1210;EXCHANGE
30.12.2024;16:09:33.625;OESX.V.241230.PUT+U.000332;OPTION_VOLATILITY_STRATEGY;BLOCK;EUR;637534284;162.00000000;45;EXCHANGE_LAST;;1;2;XEUR;72062790950185049;1210;
30.12.2024;16:09:33.625;FESX SI 20250321 CS;SIMPLE_INSTRUMENT;BLOCK;EUR;637534284;4870.00000000;1170;PRC_DECOMP_EXCHANGE;;;;XEUR;7793482;1210;EXCHANGE
30.12.2024;16:09:33.625;OESX SI 20251219 CS EU P 4400 0;SIMPLE_INSTRUMENT;BLOCK;EUR;637534284;162.00000000;4500;PRC_DECOMP_EXCHANGE;;;;XEUR;2413964;1210;EXCHANGE
30.12.2024;16:09:56.135;OESX.V.241230.PUT+U.000332;OPTION_VOLATILITY_STRATEGY;BLOCK;EUR;637534286;162.00000000;10;EXCHANGE_LAST;;1;1;XEUR;72062790950185049;1210;
30.12.2024;16:09:56.135;FESX SI 20250321 CS;SIMPLE_INSTRUMENT;BLOCK;EUR;637534286;4870.00000000;260;PRC_DECOMP_EXCHANGE;;;;XEUR;7793482;1210;EXCHANGE
30.12.2024;16:09:56.135;OESX SI 20251219 CS EU P 4400 0;SIMPLE_INSTRUMENT;BLOCK;EUR;637534286;162.00000000;1000;PRC_DECOMP_EXCHANGE;;;;XEUR;2413964;1210;EXCHANGE
30.12.2024;16:17:59.822;OESX.V.241230.PUT+U.000332;OPTION_VOLATILITY_STRATEGY;BLOCK;EUR;637534287;162.00000000;20;EXCHANGE_LAST;;1;1;XEUR;72062790950185049;1210;
30.12.2024;16:17:59.822;FESX SI 20250321 CS;SIMPLE_INSTRUMENT;BLOCK;EUR;637534287;4870.00000000;520;PRC_DECOMP_EXCHANGE;;;;XEUR;7793482;1210;EXCHANGE
30.12.2024;16:17:59.822;OESX SI 20251219 CS EU P 4400 0;SIMPLE_INSTRUMENT;BLOCK;EUR;637534287;162.00000000;2000;PRC_DECOMP_EXCHANGE;;;;XEUR;2413964;1210;EXCHANGE
30.12.2024;16:22:24.412;OESX.V.241230.CALL-U.000345;OPTION_VOLATILITY_STRATEGY;BLOCK;EUR;637534288;223.00000000;10;EXCHANGE_LAST;;1;1;XEUR;72062790950185062;1210;
30.12.2024;16:22:24.412;FESX SI 20250321 CS;SIMPLE_INSTRUMENT;BLOCK;EUR;637534288;4890.00000000;450;PRC_DECOMP_EXCHANGE;;;;XEUR;7793482;1210;EXCHANGE
30.12.2024;16:22:24.412;OESX SI 20251219 CS EU C 5000 0;SIMPLE_INSTRUMENT;BLOCK;EUR;637534288;223.00000000;1000;PRC_DECOMP_EXCHANGE;;;;XEUR;2926964;1210;EXCHANGE
30.12.2024;16:31:53.027;OESX.V.241230.PUT+U.000332;OPTION_VOLATILITY_STRATEGY;BLOCK;EUR;637534289;162.00000000;45;EXCHANGE_LAST;;1;2;XEUR;72062790950185049;1210;
30.12.2024;16:31:53.027;OESX SI 20251219 CS EU P 4400 0;SIMPLE_INSTRUMENT;BLOCK;EUR;637534289;162.00000000;4500;PRC_DECOMP_EXCHANGE;;;;XEUR;2413964;1210;EXCHANGE
30.12.2024;16:31:53.027;FESX SI 20250321 CS;SIMPLE_INSTRUMENT;BLOCK;EUR;637534289;4870.00000000;1170;PRC_DECOMP_EXCHANGE;;;;XEUR;7793482;1210;EXCHANGE
30.12.2024;16:37:09.290;OESX.V.241230.CALL-U.000354;OPTION_VOLATILITY_STRATEGY;BLOCK;EUR;637534290;267.00000000;10;EXCHANGE_LAST;;1;1;XEUR;72062790950185071;1210;
30.12.2024;16:37:09.290;FESX SI 20250321 CS;SIMPLE_INSTRUMENT;BLOCK;EUR;637534290;4880.00000000;500;PRC_DECOMP_EXCHANGE;;;;XEUR;7793482;1210;EXCHANGE
30.12.2024;16:37:09.290;OESX SI 20251219 CS EU C 4900 0;SIMPLE_INSTRUMENT;BLOCK;EUR;637534290;267.00000000;1000;PRC_DECOMP_EXCHANGE;;;;XEUR;2926967;1210;EXCHANGE
30.12.2024;10:42:10.903;OEXD.V.241230.CALL-U.000002;OPTION_VOLATILITY_STRATEGY;BLOCK;EUR;318767105;2.05000000;1;EXCHANGE_LAST;;1;1;XEUR;72063495323013138;1374;
30.12.2024;10:42:10.903;OEXD SI 20261218 CS EU C 165 0;SIMPLE_INSTRUMENT;BLOCK;EUR;318767105;2.05000000;350;PRC_DECOMP_EXCHANGE;;;;XEUR;9667175;1374;EXCHANGE
30.12.2024;10:42:10.903;FEXD SI 20261218 CS;SIMPLE_INSTRUMENT;BLOCK;EUR;318767105;152.00000000;81;PRC_DECOMP_EXCHANGE;;;;XEUR;2163053;1374;EXCHANGE
30.12.2024;10:40:01.143;OEXD.V.241230.CALL-U.000003;OPTION_VOLATILITY_STRATEGY;BLOCK;EUR;318767106;2.05000000;15;EXCHANGE_LAST;;1;1;XEUR;72063495323013139;1374;
30.12.2024;10:40:01.143;FEXD SI 20261218 CS;SIMPLE_INSTRUMENT;BLOCK;EUR;318767106;152.00000000;345;PRC_DECOMP_EXCHANGE;;;;XEUR;2163053;1374;EXCHANGE
30.12.2024;10:40:01.143;OEXD SI 20261218 CS EU C 165 0;SIMPLE_INSTRUMENT;BLOCK;EUR;318767106;2.05000000;1500;PRC_DECOMP_EXCHANGE;;;;XEUR;9667175;1374;EXCHANGE
30.12.2024;10:42:24.286;OEXD.V.241230.CALL-U.000003;OPTION_VOLATILITY_STRATEGY;BLOCK;EUR;318767107;2.05000000;20;EXCHANGE_LAST;;2;2;XEUR;72063495323013139;1374;
30.12.2024;10:42:24.286;OEXD SI 20261218 CS EU C 165 0;SIMPLE_INSTRUMENT;BLOCK;EUR;318767107;2.05000000;2000;PRC_DECOMP_EXCHANGE;;;;XEUR;9667175;1374;EXCHANGE
30.12.2024;10:42:24.286;FEXD SI 20261218 CS;SIMPLE_INSTRUMENT;BLOCK;EUR;318767107;152.00000000;460;PRC_DECOMP_EXCHANGE;;;;XEUR;2163053;1374;EXCHANGE
30.12.2024;15:37:50.443;OEXD.V.241230.CALL-U.000003;OPTION_VOLATILITY_STRATEGY;BLOCK;EUR;318767108;2.10000000;5;EXCHANGE_LAST;;1;1;XEUR;72063495323013139;1374;
30.12.2024;15:37:50.443;OEXD SI 20261218 CS EU C 165 0;SIMPLE_INSTRUMENT;BLOCK;EUR;318767108;2.10000000;500;PRC_DECOMP_EXCHANGE;;;;XEUR;9667175;1374;EXCHANGE
30.12.2024;15:37:50.443;FEXD SI 20261218 CS;SIMPLE_INSTRUMENT;BLOCK;EUR;318767108;152.00000000;115;PRC_DECOMP_EXCHANGE;;;;XEUR;2163053;1374;EXCHANGE
30.12.2024;12:38:10.077;OEXP.V.241230.PUT+U.000018;OPTION_VOLATILITY_STRATEGY;BLOCK;EUR;637534258;12.60000000;13;EXCHANGE_LAST;;1;1;XEUR;75088943300754595;705791;
30.12.2024;12:38:10.077;OEXP SI 20241230 CS EU P 4910 0;SIMPLE_INSTRUMENT;BLOCK;EUR;637534258;12.60000000;1300;PRC_DECOMP_EXCHANGE;;;;XEUR;12419927;705791;EXCHANGE
30.12.2024;12:38:10.077;FESX SI 20250321 CS;SIMPLE_INSTRUMENT;BLOCK;EUR;637534258;4920.00000000;858;PRC_DECOMP_EXCHANGE;;;;XEUR;7793482;705791;EXCHANGE
30.12.2024;07:20:56.962;OGBL SI 20250124 PS AM P 133.00 0;SIMPLE_INSTRUMENT;BLOCK;EUR;1;0.84000000;250;EXCHANGE_LAST;;1;1;XEUR;12141976;1373;
30.12.2024;08:17:39.114;OGBL SI 20250124 PS AM P 133.00 0;SIMPLE_INSTRUMENT;BLOCK;EUR;2;0.85000000;250;EXCHANGE_LAST;;1;1;XEUR;12141976;1373;
30.12.2024;09:06:00.246;OGBL.O.241230.BUL.000031;STANDARD_OPTION_STRATEGY;BLOCK;EUR;4;0.33000000;100;EXCHANGE_LAST;;1;1;XEUR;72063491028572668;1373;
30.12.2024;09:06:00.246;OGBL SI 20250221 PS AM C 136.00 0;SIMPLE_INSTRUMENT;BLOCK;EUR;4;0.29000000;100;PRC_DECOMP_EXCHANGE;;;;XEUR;11771240;1373;EXCHANGE
30.12.2024;09:06:00.246;OGBL SI 20250221 PS AM C 134.50 0;SIMPLE_INSTRUMENT;BLOCK;EUR;4;0.62000000;100;PRC_DECOMP_EXCHANGE;;;;XEUR;11771242;1373;EXCHANGE
30.12.2024;09:08:26.253;OGBL.O.241230.BUL.000033;STANDARD_OPTION_STRATEGY;BLOCK;EUR;5;0.25000000;100;EXCHANGE_LAST;;1;1;XEUR;72063491028572670;1373;
30.12.2024;09:08:26.253;OGBL SI 20250221 PS AM C 135.50 0;SIMPLE_INSTRUMENT;BLOCK;EUR;5;0.38000000;100;PRC_DECOMP_EXCHANGE;;;;XEUR;11771238;1373;EXCHANGE
30.12.2024;09:08:26.253;OGBL SI 20250221 PS AM C 134.50 0;SIMPLE_INSTRUMENT;BLOCK;EUR;5;0.63000000;100;PRC_DECOMP_EXCHANGE;;;;XEUR;11771242;1373;EXCHANGE
30.12.2024;09:46:04.897;OGBL.N.241230.000040;NON_STANDARD_OPTION_STRATEGY;BLOCK;EUR;6;0.09000000;250;EXCHANGE_LAST;;1;1;XEUR;72063491028572677;1373;
30.12.2024;09:46:04.897;OGBL SI 20250124 PS AM P 131.00 0;SIMPLE_INSTRUMENT;BLOCK;EUR;6;0.22000000;250;PRC_DECOMP_EXCHANGE;;;;XEUR;12141984;1373;EXCHANGE
30.12.2024;09:46:04.897;OGBL SI 20250124 PS AM P 132.00 0;SIMPLE_INSTRUMENT;BLOCK;EUR;6;0.43000000;250;PRC_DECOMP_EXCHANGE;;;;XEUR;12141972;1373;EXCHANGE
30.12.2024;09:46:04.897;OGBL SI 20250124 PS AM P 129.00 0;SIMPLE_INSTRUMENT;BLOCK;EUR;6;0.07000000;250;PRC_DECOMP_EXCHANGE;;;;XEUR;12142028;1373;EXCHANGE
30.12.2024;09:46:04.897;OGBL SI 20250124 PS AM P 123.50 0;SIMPLE_INSTRUMENT;BLOCK;EUR;6;0.03000000;250;PRC_DECOMP_EXCHANGE;;;;XEUR;12161309;1373;EXCHANGE
30.12.2024;09:46:04.897;OGBL SI 20250124 PS AM P 130.00 0;SIMPLE_INSTRUMENT;BLOCK;EUR;6;0.12000000;250;PRC_DECOMP_EXCHANGE;;;;XEUR;12141980;1373;EXCHANGE
30.12.2024;09:46:04.897;OGBL SI 20250124 PS AM P 127.00 0;SIMPLE_INSTRUMENT;BLOCK;EUR;6;0.04000000;250;PRC_DECOMP_EXCHANGE;;;;XEUR;12142044;1373;EXCHANGE
30.12.2024;10:14:54.366;OGBL.O.241230.BER-C.000044;STANDARD_OPTION_STRATEGY;BLOCK;EUR;7;0.03000000;600;EXCHANGE_LAST;;1;1;XEUR;72063491028572681;1373;
30.12.2024;10:14:54.366;OGBL SI 20250124 PS AM P 133.00 0;SIMPLE_INSTRUMENT;BLOCK;EUR;7;0.84000000;600;PRC_DECOMP_EXCHANGE;;;;XEUR;12141976;1373;EXCHANGE
30.12.2024;10:14:54.366;OGBL SI 20250124 PS AM C 134.00 0;SIMPLE_INSTRUMENT;BLOCK;EUR;7;0.39000000;600;PRC_DECOMP_EXCHANGE;;;;XEUR;12141973;1373;EXCHANGE
30.12.2024;10:14:54.366;OGBL SI 20250124 PS AM P 132.00 0;SIMPLE_INSTRUMENT;BLOCK;EUR;7;0.42000000;600;PRC_DECOMP_EXCHANGE;;;;XEUR;12141972;1373;EXCHANGE
30.12.2024;12:00:52.785;OGBL SI 20250110 PS AM P 131.50 0;SIMPLE_INSTRUMENT;BLOCK;EUR;11;0.13000000;500;EXCHANGE_LAST;;1;1;XEUR;12315165;1373;
30.12.2024;12:41:53.982;OGBL.O.241230.PBUT.000005;STANDARD_OPTION_STRATEGY;BLOCK;EUR;12;0.43000000;500;EXCHANGE_LAST;;1;1;XEUR;72063491028572642;1373;
30.12.2024;12:41:53.982;OGBL SI 20250110 PS AM P 132.50 0;SIMPLE_INSTRUMENT;BLOCK;EUR;12;0.34000000;500;PRC_DECOMP_EXCHANGE;;;;XEUR;12315157;1373;EXCHANGE
30.12.2024;12:41:53.982;OGBL SI 20250110 PS AM P 133.00 0;SIMPLE_INSTRUMENT;BLOCK;EUR;12;0.54000000;1000;PRC_DECOMP_EXCHANGE;;;;XEUR;12315152;1373;EXCHANGE
30.12.2024;12:41:53.982;OGBL SI 20250110 PS AM P 134.00 0;SIMPLE_INSTRUMENT;BLOCK;EUR;12;1.17000000;500;PRC_DECOMP_EXCHANGE;;;;XEUR;12315140;1373;EXCHANGE
30.12.2024;12:42:02.710;OGBL.O.241230.PBUT.000005;STANDARD_OPTION_STRATEGY;BLOCK;EUR;13;0.42000000;500;EXCHANGE_LAST;;1;1;XEUR;72063491028572642;1373;
30.12.2024;12:42:02.710;OGBL SI 20250110 PS AM P 133.00 0;SIMPLE_INSTRUMENT;BLOCK;EUR;13;0.54000000;1000;PRC_DECOMP_EXCHANGE;;;;XEUR;12315152;1373;EXCHANGE
30.12.2024;12:42:02.710;OGBL SI 20250110 PS AM P 132.50 0;SIMPLE_INSTRUMENT;BLOCK;EUR;13;0.33000000;500;PRC_DECOMP_EXCHANGE;;;;XEUR;12315157;1373;EXCHANGE
30.12.2024;12:42:02.710;OGBL SI 20250110 PS AM P 134.00 0;SIMPLE_INSTRUMENT;BLOCK;EUR;13;1.17000000;500;PRC_DECOMP_EXCHANGE;;;;XEUR;12315140;1373;EXCHANGE
30.12.2024;13:02:06.631;OGBL SI 20250110 PS AM P 131.50 0;SIMPLE_INSTRUMENT;BLOCK;EUR;15;0.13000000;500;EXCHANGE_LAST;;1;1;XEUR;12315165;1373;
30.12.2024;13:18:52.973;OGBL.O.241230.BER.000012;STANDARD_OPTION_STRATEGY;BLOCK;EUR;16;1.34000000;500;EXCHANGE_LAST;;1;1;XEUR;72063491028572649;1373;
30.12.2024;13:18:52.973;OGBL SI 20250103 PS AM P 133.50 0;SIMPLE_INSTRUMENT;BLOCK;EUR;16;0.53000000;500;PRC_DECOMP_EXCHANGE;;;;XEUR;12253503;1373;EXCHANGE
30.12.2024;13:18:52.973;OGBL SI 20250103 PS AM P 135.00 0;SIMPLE_INSTRUMENT;BLOCK;EUR;16;1.87000000;500;PRC_DECOMP_EXCHANGE;;;;XEUR;12253495;1373;EXCHANGE
30.12.2024;14:01:52.551;OGBL SI 20250221 PS AM C 137.00 0;SIMPLE_INSTRUMENT;BLOCK;EUR;18;0.20000000;650;EXCHANGE_LAST;;1;1;XEUR;11771305;1373;
30.12.2024;14:02:02.551;OGBL SI 20250221 PS AM C 136.00 0;SIMPLE_INSTRUMENT;BLOCK;EUR;19;0.33000000;375;EXCHANGE_LAST;;1;1;XEUR;11771240;1373;
30.12.2024;14:02:12.552;OGBL SI 20250221 PS AM C 136.00 0;SIMPLE_INSTRUMENT;BLOCK;EUR;20;0.34000000;125;EXCHANGE_LAST;;1;1;XEUR;11771240;1373;
30.12.2024;14:24:11.612;OGBL SI 20250124 PS AM C 134.50 0;SIMPLE_INSTRUMENT;BLOCK;EUR;22;0.31000000;150;EXCHANGE_LAST;;1;1;XEUR;12141995;1373;
30.12.2024;14:25:36.617;OGBL.O.241230.BER.000048;STANDARD_OPTION_STRATEGY;BLOCK;EUR;23;0.29000000;500;EXCHANGE_LAST;;1;1;XEUR;72063491028572685;1373;
30.12.2024;14:25:36.617;OGBL SI 20250221 PS AM P 131.00 0;SIMPLE_INSTRUMENT;BLOCK;EUR;23;0.46000000;500;PRC_DECOMP_EXCHANGE;;;;XEUR;11771221;1373;EXCHANGE
30.12.2024;14:25:36.617;OGBL SI 20250221 PS AM P 132.00 0;SIMPLE_INSTRUMENT;BLOCK;EUR;23;0.75000000;500;PRC_DECOMP_EXCHANGE;;;;XEUR;11771233;1373;EXCHANGE
30.12.2024;14:26:51.621;OGBL.O.241230.IBUT.000071;STANDARD_OPTION_STRATEGY;BLOCK;EUR;24;1.35000000;100;EXCHANGE_LAST;;1;1;XEUR;72063491028572708;1373;
30.12.2024;14:26:51.621;OGBL SI 20250124 PS AM C 135.50 0;SIMPLE_INSTRUMENT;BLOCK;EUR;24;0.15000000;100;PRC_DECOMP_EXCHANGE;;;;XEUR;12142001;1373;EXCHANGE
30.12.2024;14:26:51.621;OGBL SI 20250124 PS AM P 133.00 0;SIMPLE_INSTRUMENT;BLOCK;EUR;24;0.74000000;100;PRC_DECOMP_EXCHANGE;;;;XEUR;12141976;1373;EXCHANGE
30.12.2024;14:26:51.621;OGBL SI 20250124 PS AM P 130.50 0;SIMPLE_INSTRUMENT;BLOCK;EUR;24;0.14000000;100;PRC_DECOMP_EXCHANGE;;;;XEUR;12141978;1373;EXCHANGE
30.12.2024;14:26:51.621;OGBL SI 20250124 PS AM C 133.00 0;SIMPLE_INSTRUMENT;BLOCK;EUR;24;0.90000000;100;PRC_DECOMP_EXCHANGE;;;;XEUR;12141969;1373;EXCHANGE
30.12.2024;15:22:45.379;OGBL.O.241230.PLAD.000074;STANDARD_OPTION_STRATEGY;BLOCK;EUR;40;0.00000000;250;EXCHANGE_LAST;;1;1;XEUR;72063491028572711;1373;
30.12.2024;15:22:45.379;OGBL SI 20250124 PS AM P 128.50 0;SIMPLE_INSTRUMENT;BLOCK;EUR;40;0.05000000;250;PRC_DECOMP_EXCHANGE;;;;XEUR;12142020;1373;EXCHANGE
30.12.2024;15:22:45.379;OGBL SI 20250124 PS AM P 127.00 0;SIMPLE_INSTRUMENT;BLOCK;EUR;40;0.03000000;250;PRC_DECOMP_EXCHANGE;;;;XEUR;12142044;1373;EXCHANGE
30.12.2024;15:22:45.379;OGBL SI 20250124 PS AM P 124.50 0;SIMPLE_INSTRUMENT;BLOCK;EUR;40;0.02000000;250;PRC_DECOMP_EXCHANGE;;;;XEUR;12397575;1373;EXCHANGE
30.12.2024;16:17:32.921;OGBL.O.241230.BER-C.000084;STANDARD_OPTION_STRATEGY;BLOCK;EUR;47;0.03000000;150;EXCHANGE_LAST;;1;1;XEUR;72063491028572721;1373;
30.12.2024;16:17:32.921;OGBL SI 20250221 PS AM P 130.00 0;SIMPLE_INSTRUMENT;BLOCK;EUR;47;0.28000000;150;PRC_DECOMP_EXCHANGE;;;;XEUR;11771225;1373;EXCHANGE
30.12.2024;16:17:32.921;OGBL SI 20250221 PS AM P 132.00 0;SIMPLE_INSTRUMENT;BLOCK;EUR;47;0.67000000;150;PRC_DECOMP_EXCHANGE;;;;XEUR;11771233;1373;EXCHANGE
30.12.2024;16:17:32.921;OGBL SI 20250221 PS AM C 136.00 0;SIMPLE_INSTRUMENT;BLOCK;EUR;47;0.36000000;150;PRC_DECOMP_EXCHANGE;;;;XEUR;11771240;1373;EXCHANGE
30.12.2024;16:28:18.450;OGBL.O.241230.BR23.000089;STANDARD_OPTION_STRATEGY;BLOCK;EUR;57;-0.16000000;250;EXCHANGE_LAST;;1;1;XEUR;72063491028572726;1373;
30.12.2024;16:28:18.450;OGBL SI 20250124 PS AM P 131.50 0;SIMPLE_INSTRUMENT;BLOCK;EUR;57;0.26000000;500;PRC_DECOMP_EXCHANGE;;;;XEUR;12141982;1373;EXCHANGE
30.12.2024;16:28:18.450;OGBL SI 20250124 PS AM P 130.00 0;SIMPLE_INSTRUMENT;BLOCK;EUR;57;0.12000000;750;PRC_DECOMP_EXCHANGE;;;;XEUR;12141980;1373;EXCHANGE
30.12.2024;16:36:21.521;OGBL SI 20250124 PS AM P 129.50 0;SIMPLE_INSTRUMENT;BLOCK;EUR;59;0.08000000;229;EXCHANGE_LAST;;1;1;XEUR;12142024;1373;
30.12.2024;16:40:23.736;OGBL.O.241230.PCOND.000051;STANDARD_OPTION_STRATEGY;BLOCK;EUR;61;0.06000000;150;EXCHANGE_LAST;;1;1;XEUR;72063491028572688;1373;
30.12.2024;16:40:23.736;OGBL SI 20250124 PS AM P 132.50 0;SIMPLE_INSTRUMENT;BLOCK;EUR;61;0.50000000;150;PRC_DECOMP_EXCHANGE;;;;XEUR;12141970;1373;EXCHANGE
30.12.2024;16:40:23.736;OGBL SI 20250124 PS AM P 131.50 0;SIMPLE_INSTRUMENT;BLOCK;EUR;61;0.26000000;150;PRC_DECOMP_EXCHANGE;;;;XEUR;12141982;1373;EXCHANGE
30.12.2024;16:40:23.736;OGBL SI 20250124 PS AM P 132.00 0;SIMPLE_INSTRUMENT;BLOCK;EUR;61;0.36000000;150;PRC_DECOMP_EXCHANGE;;;;XEUR;12141972;1373;EXCHANGE
30.12.2024;16:40:23.736;OGBL SI 20250124 PS AM P 131.00 0;SIMPLE_INSTRUMENT;BLOCK;EUR;61;0.18000000;150;PRC_DECOMP_EXCHANGE;;;;XEUR;12141984;1373;EXCHANGE
30.12.2024;16:42:26.454;OGBL SI 20250124 PS AM P 124.00 0;SIMPLE_INSTRUMENT;BLOCK;EUR;62;0.02000000;2000;EXCHANGE_LAST;;1;1;XEUR;12422601;1373;
30.12.2024;16:49:41.622;OGBL SI 20250124 PS AM P 129.00 0;SIMPLE_INSTRUMENT;BLOCK;EUR;64;0.07000000;103;EXCHANGE_LAST;;1;1;XEUR;12142028;1373;
30.12.2024;08:38:49.991;OGBL.V.241230.CALL-U.000029;OPTION_VOLATILITY_STRATEGY;BLOCK;EUR;268435459;0.19000000;2;EXCHANGE_LAST;;1;1;XEUR;72063491028572666;1373;
30.12.2024;08:38:49.991;FGBL SI 20250306 PS;SIMPLE_INSTRUMENT;BLOCK;EUR;268435459;132.97000000;28;PRC_DECOMP_EXCHANGE;;;;XEUR;11286679;1373;EXCHANGE
30.12.2024;08:38:49.991;OGBL SI 20250124 PS AM C 135.00 0;SIMPLE_INSTRUMENT;BLOCK;EUR;268435459;0.19000000;200;PRC_DECOMP_EXCHANGE;;;;XEUR;12141993;1373;EXCHANGE
30.12.2024;11:06:39.004;OGBL.V.241230.RBER-U.000060;OPTION_VOLATILITY_STRATEGY;BLOCK;EUR;268435465;-0.01000000;18;EXCHANGE_LAST;;1;1;XEUR;72063491028572697;1373;
30.12.2024;11:06:39.004;OGBL SI 20250103 PS AM P 131.00 0;SIMPLE_INSTRUMENT;BLOCK;EUR;268435465;0.03000000;3600;PRC_DECOMP_EXCHANGE;;;;XEUR;12253436;1373;EXCHANGE
30.12.2024;11:06:39.004;OGBL SI 20250103 PS AM P 132.00 0;SIMPLE_INSTRUMENT;BLOCK;EUR;268435465;0.07000000;1800;PRC_DECOMP_EXCHANGE;;;;XEUR;12253427;1373;EXCHANGE
30.12.2024;11:06:39.004;FGBL SI 20250306 PS;SIMPLE_INSTRUMENT;BLOCK;EUR;268435465;132.90000000;90;PRC_DECOMP_EXCHANGE;;;;XEUR;11286679;1373;EXCHANGE
30.12.2024;11:08:09.014;OGBL.V.241230.RBER-U.000061;OPTION_VOLATILITY_STRATEGY;BLOCK;EUR;268435466;-0.01000000;2;EXCHANGE_LAST;;1;1;XEUR;72063491028572698;1373;
30.12.2024;11:08:09.014;OGBL SI 20250103 PS AM P 132.00 0;SIMPLE_INSTRUMENT;BLOCK;EUR;268435466;0.07000000;200;PRC_DECOMP_EXCHANGE;;;;XEUR;12253427;1373;EXCHANGE
30.12.2024;11:08:09.014;FGBL SI 20250306 PS;SIMPLE_INSTRUMENT;BLOCK;EUR;268435466;132.83000000;10;PRC_DECOMP_EXCHANGE;;;;XEUR;11286679;1373;EXCHANGE
30.12.2024;11:08:09.014;OGBL SI 20250103 PS AM P 131.00 0;SIMPLE_INSTRUMENT;BLOCK;EUR;268435466;0.03000000;400;PRC_DECOMP_EXCHANGE;;;;XEUR;12253436;1373;EXCHANGE
30.12.2024;16:12:36.666;OGBL.V.241230.BER+U.000080;OPTION_VOLATILITY_STRATEGY;BLOCK;EUR;268435499;0.26000000;1;EXCHANGE_LAST;;1;1;XEUR;72063491028572717;1373;
30.12.2024;16:12:36.666;OGBL SI 20250124 PS AM P 132.00 0;SIMPLE_INSTRUMENT;BLOCK;EUR;268435499;0.33000000;188;PRC_DECOMP_MEMBER;;;;XEUR;12141972;1373;MEMBER
30.12.2024;16:12:36.666;OGBL SI 20250124 PS AM P 130.00 0;SIMPLE_INSTRUMENT;BLOCK;EUR;268435499;0.07000000;188;PRC_DECOMP_MEMBER;;;;XEUR;12141980;1373;MEMBER
30.12.2024;16:12:36.666;FGBL SI 20250306 PS;SIMPLE_INSTRUMENT;BLOCK;EUR;268435499;133.23000000;38;PRC_DECOMP_MEMBER;;;;XEUR;11286679;1373;MEMBER
30.12.2024;16:13:11.403;OGBL.V.241230.BER+U.000086;OPTION_VOLATILITY_STRATEGY;BLOCK;EUR;268435500;0.27000000;1;EXCHANGE_LAST;;1;1;XEUR;72063491028572723;1373;
30.12.2024;16:13:11.403;FGBL SI 20250306 PS;SIMPLE_INSTRUMENT;BLOCK;EUR;268435500;133.23000000;37;PRC_DECOMP_EXCHANGE;;;;XEUR;11286679;1373;EXCHANGE
30.12.2024;16:13:11.403;OGBL SI 20250124 PS AM P 130.00 0;SIMPLE_INSTRUMENT;BLOCK;EUR;268435500;0.08000000;187;PRC_DECOMP_EXCHANGE;;;;XEUR;12141980;1373;EXCHANGE
30.12.2024;16:13:11.403;OGBL SI 20250124 PS AM P 132.00 0;SIMPLE_INSTRUMENT;BLOCK;EUR;268435500;0.35000000;187;PRC_DECOMP_EXCHANGE;;;;XEUR;12141972;1373;EXCHANGE
30.12.2024;16:31:39.341;OGBL.V.241230.BER+U.000088;OPTION_VOLATILITY_STRATEGY;BLOCK;EUR;268435511;0.26000000;1;EXCHANGE_LAST;;1;1;XEUR;72063491028572725;1373;
30.12.2024;16:31:39.341;OGBL SI 20250124 PS AM P 132.00 0;SIMPLE_INSTRUMENT;BLOCK;EUR;268435511;0.37000000;100;PRC_DECOMP_EXCHANGE;;;;XEUR;12141972;1373;EXCHANGE
30.12.2024;16:31:39.341;FGBL SI 20250306 PS;SIMPLE_INSTRUMENT;BLOCK;EUR;268435511;133.23000000;20;PRC_DECOMP_EXCHANGE;;;;XEUR;11286679;1373;EXCHANGE
30.12.2024;16:31:39.341;OGBL SI 20250124 PS AM P 130.00 0;SIMPLE_INSTRUMENT;BLOCK;EUR;268435511;0.11000000;100;PRC_DECOMP_EXCHANGE;;;;XEUR;12141980;1373;EXCHANGE
30.12.2024;16:31:13.435;OGBL.V.241230.BER+U.000088;OPTION_VOLATILITY_STRATEGY;BLOCK;EUR;268435512;0.27000000;1;EXCHANGE_LAST;;1;1;XEUR;72063491028572725;1373;
30.12.2024;16:31:13.435;OGBL SI 20250124 PS AM P 132.00 0;SIMPLE_INSTRUMENT;BLOCK;EUR;268435512;0.37000000;100;PRC_DECOMP_EXCHANGE;;;;XEUR;12141972;1373;EXCHANGE
30.12.2024;16:31:13.435;FGBL SI 20250306 PS;SIMPLE_INSTRUMENT;BLOCK;EUR;268435512;133.23000000;20;PRC_DECOMP_EXCHANGE;;;;XEUR;11286679;1373;EXCHANGE
30.12.2024;16:31:13.435;OGBL SI 20250124 PS AM P 130.00 0;SIMPLE_INSTRUMENT;BLOCK;EUR;268435512;0.10000000;100;PRC_DECOMP_EXCHANGE;;;;XEUR;12141980;1373;EXCHANGE
30.12.2024;16:44:57.590;OGBL.V.241230.BER+U.000092;OPTION_VOLATILITY_STRATEGY;BLOCK;EUR;268435519;0.40000000;5;EXCHANGE_LAST;;1;1;XEUR;72063491028572729;1373;
30.12.2024;16:44:57.590;FGBL SI 20250306 PS;SIMPLE_INSTRUMENT;BLOCK;EUR;268435519;133.44000000;115;PRC_DECOMP_EXCHANGE;;;;XEUR;11286679;1373;EXCHANGE
30.12.2024;16:44:57.590;OGBL SI 20250124 PS AM P 133.00 0;SIMPLE_INSTRUMENT;BLOCK;EUR;268435519;0.67000000;500;PRC_DECOMP_EXCHANGE;;;;XEUR;12141976;1373;EXCHANGE
30.12.2024;16:44:57.590;OGBL SI 20250124 PS AM P 131.50 0;SIMPLE_INSTRUMENT;BLOCK;EUR;268435519;0.27000000;500;PRC_DECOMP_EXCHANGE;;;;XEUR;12141982;1373;EXCHANGE
30.12.2024;14:23:23.978;OGBS.O.241230.BU23.000024;STANDARD_OPTION_STRATEGY;BLOCK;EUR;21;-0.14000000;7500;EXCHANGE_LAST;;1;1;XEUR;72063448078474263;1363;
30.12.2024;14:23:23.978;OGBS SI 20250221 PS AM C 107.70 0;SIMPLE_INSTRUMENT;BLOCK;EUR;21;0.04000000;22500;PRC_DECOMP_EXCHANGE;;;;XEUR;11770960;1363;EXCHANGE
30.12.2024;14:23:23.978;OGBS SI 20250221 PS AM C 107.20 0;SIMPLE_INSTRUMENT;BLOCK;EUR;21;0.13000000;15000;PRC_DECOMP_EXCHANGE;;;;XEUR;11771008;1363;EXCHANGE
30.12.2024;15:11:25.151;OGBS SI 20250221 PS AM C 107.50 0;SIMPLE_INSTRUMENT;BLOCK;EUR;27;0.07500000;1000;EXCHANGE_LAST;;1;1;XEUR;11770948;1363;
30.12.2024;15:15:11.210;OGBS SI 20250124 PS AM C 107.70 0;SIMPLE_INSTRUMENT;BLOCK;EUR;29;0.01500000;1000;EXCHANGE_LAST;;1;1;XEUR;12141789;1363;
30.12.2024;15:15:36.729;OGBS SI 20250124 PS AM C 107.80 0;SIMPLE_INSTRUMENT;BLOCK;EUR;30;0.01000000;1000;EXCHANGE_LAST;;1;1;XEUR;12141792;1363;
30.12.2024;15:16:29.682;OGBS SI 20250221 PS AM C 107.50 0;SIMPLE_INSTRUMENT;BLOCK;EUR;31;0.07500000;800;EXCHANGE_LAST;;1;1;XEUR;11770948;1363;
30.12.2024;15:16:59.176;OGBS SI 20250124 PS AM C 107.80 0;SIMPLE_INSTRUMENT;BLOCK;EUR;32;0.01000000;800;EXCHANGE_LAST;;1;1;XEUR;12141792;1363;
30.12.2024;15:17:28.340;OGBS SI 20250124 PS AM C 107.70 0;SIMPLE_INSTRUMENT;BLOCK;EUR;33;0.01000000;800;EXCHANGE_LAST;;1;1;XEUR;12141789;1363;
30.12.2024;15:17:50.139;OGBS SI 20250221 PS AM C 107.50 0;SIMPLE_INSTRUMENT;BLOCK;EUR;34;0.07500000;1000;EXCHANGE_LAST;;1;1;XEUR;11770948;1363;
30.12.2024;15:18:20.242;OGBS SI 20250124 PS AM C 107.80 0;SIMPLE_INSTRUMENT;BLOCK;EUR;35;0.01000000;1000;EXCHANGE_LAST;;1;1;XEUR;12141792;1363;
30.12.2024;15:18:42.033;OGBS SI 20250124 PS AM C 107.70 0;SIMPLE_INSTRUMENT;BLOCK;EUR;36;0.01000000;1000;EXCHANGE_LAST;;1;1;XEUR;12141789;1363;
30.12.2024;15:19:05.848;OGBS SI 20250221 PS AM C 107.50 0;SIMPLE_INSTRUMENT;BLOCK;EUR;37;0.07500000;1200;EXCHANGE_LAST;;1;1;XEUR;11770948;1363;
30.12.2024;15:19:23.093;OGBS SI 20250124 PS AM C 107.80 0;SIMPLE_INSTRUMENT;BLOCK;EUR;38;0.01000000;1200;EXCHANGE_LAST;;1;1;XEUR;12141792;1363;
30.12.2024;15:19:45.171;OGBS SI 20250124 PS AM C 107.70 0;SIMPLE_INSTRUMENT;BLOCK;EUR;39;0.01000000;1200;EXCHANGE_LAST;;1;1;XEUR;12141789;1363;
30.12.2024;16:14:07.494;OGBS.O.241230.PLAD.000018;STANDARD_OPTION_STRATEGY;BLOCK;EUR;45;0.01000000;750;EXCHANGE_LAST;;1;1;XEUR;72063448078474257;1363;
30.12.2024;16:14:07.494;OGBS SI 20250124 PS AM P 106.50 0;SIMPLE_INSTRUMENT;BLOCK;EUR;45;0.02500000;750;PRC_DECOMP_EXCHANGE;;;;XEUR;12141810;1363;EXCHANGE
30.12.2024;16:14:07.494;OGBS SI 20250124 PS AM P 106.00 0;SIMPLE_INSTRUMENT;BLOCK;EUR;45;0.00500000;750;PRC_DECOMP_EXCHANGE;;;;XEUR;12141745;1363;EXCHANGE
30.12.2024;16:14:07.494;OGBS SI 20250124 PS AM P 106.20 0;SIMPLE_INSTRUMENT;BLOCK;EUR;45;0.01000000;750;PRC_DECOMP_EXCHANGE;;;;XEUR;12141814;1363;EXCHANGE
30.12.2024;16:18:49.125;OGBS SI 20250221 PS AM C 107.50 0;SIMPLE_INSTRUMENT;BLOCK;EUR;48;0.07500000;2000;EXCHANGE_LAST;;1;1;XEUR;11770948;1363;
30.12.2024;16:19:16.300;OGBS SI 20250124 PS AM C 107.60 0;SIMPLE_INSTRUMENT;BLOCK;EUR;49;0.01500000;4000;EXCHANGE_LAST;;1;1;XEUR;12141800;1363;
30.12.2024;16:20:51.483;OGBS SI 20250124 PS AM C 107.60 0;SIMPLE_INSTRUMENT;BLOCK;EUR;50;0.01500000;2400;EXCHANGE_LAST;;1;1;XEUR;12141800;1363;
30.12.2024;16:21:24.860;OGBS SI 20250221 PS AM C 107.50 0;SIMPLE_INSTRUMENT;BLOCK;EUR;51;0.08000000;600;EXCHANGE_LAST;;1;1;XEUR;11770948;1363;
30.12.2024;16:21:24.880;OGBS SI 20250221 PS AM C 107.50 0;SIMPLE_INSTRUMENT;BLOCK;EUR;52;0.07500000;600;EXCHANGE_LAST;;1;1;XEUR;11770948;1363;
30.12.2024;16:22:44.062;OGBS SI 20250221 PS AM C 107.50 0;SIMPLE_INSTRUMENT;BLOCK;EUR;53;0.08000000;800;EXCHANGE_LAST;;1;1;XEUR;11770948;1363;
30.12.2024;16:22:59.309;OGBS SI 20250124 PS AM C 107.60 0;SIMPLE_INSTRUMENT;BLOCK;EUR;54;0.01500000;1600;EXCHANGE_LAST;;1;1;XEUR;12141800;1363;
30.12.2024;14:30:24.026;OGBS.V.241230.BU23+U.000028;OPTION_VOLATILITY_STRATEGY;BLOCK;EUR;268435481;-0.14000000;56;EXCHANGE_LAST;;1;1;XEUR;72063448078474267;1363;
30.12.2024;14:30:24.026;FGBS SI 20250306 PS;SIMPLE_INSTRUMENT;BLOCK;EUR;268435481;106.95000000;1792;PRC_DECOMP_EXCHANGE;;;;XEUR;11286681;1363;EXCHANGE
30.12.2024;14:30:24.026;OGBS SI 20250221 PS AM C 107.20 0;SIMPLE_INSTRUMENT;BLOCK;EUR;268435481;0.13000000;11200;PRC_DECOMP_EXCHANGE;;;;XEUR;11771008;1363;EXCHANGE
30.12.2024;14:30:24.026;OGBS SI 20250221 PS AM C 107.70 0;SIMPLE_INSTRUMENT;BLOCK;EUR;268435481;0.04000000;16800;PRC_DECOMP_EXCHANGE;;;;XEUR;11770960;1363;EXCHANGE
30.12.2024;11:28:31.363;OMEF SI 20250117 CS EU P 970 0;SIMPLE_INSTRUMENT;BLOCK;USD;8;0.95000000;360;EXCHANGE_LAST;;1;1;XEUR;12233481;30931;
30.12.2024;11:28:56.309;OMEF SI 20250117 CS EU P 970 0;SIMPLE_INSTRUMENT;BLOCK;USD;9;1.10000000;1440;EXCHANGE_LAST;;1;1;XEUR;12233481;30931;
30.12.2024;10:39:18.978;OSMI SI 20250117 CS EU C 12250 0;SIMPLE_INSTRUMENT;BLOCK;CHF;5;1.50000000;300;EXCHANGE_LAST;;1;1;XEUR;12084387;1402;
30.12.2024;10:39:11.978;OSMI SI 20250117 CS EU C 12250 0;SIMPLE_INSTRUMENT;BLOCK;CHF;6;1.60000000;596;EXCHANGE_LAST;;1;1;XEUR;12084387;1402;
30.12.2024;10:39:04.977;OSMI SI 20250221 CS EU C 12100 0;SIMPLE_INSTRUMENT;BLOCK;CHF;7;35.00000000;898;EXCHANGE_LAST;;1;1;XEUR;12254371;1402;
30.12.2024;09:19:36.571;OSMI.V.241230.PUT+U.000004;OPTION_VOLATILITY_STRATEGY;BLOCK;CHF;603979777;77.30000000;5;EXCHANGE_LAST;;1;1;XEUR;72063615582355652;1402;
30.12.2024;09:19:36.571;FSMI SI 20250321 CS;SIMPLE_INSTRUMENT;BLOCK;CHF;603979777;11550.00000000;80;PRC_DECOMP_EXCHANGE;;;;XEUR;7793721;1402;EXCHANGE
30.12.2024;09:19:36.571;OSMI SI 20250321 CS EU P 10800 0;SIMPLE_INSTRUMENT;BLOCK;CHF;603979777;77.30000000;500;PRC_DECOMP_EXCHANGE;;;;XEUR;7800528;1402;EXCHANGE
30.12.2024;12:02:48.386;OSMI.V.241230.CALL-U.000012;OPTION_VOLATILITY_STRATEGY;BLOCK;CHF;603979787;99.70000000;3;EXCHANGE_LAST;;1;1;XEUR;72063615582355660;1402;
30.12.2024;12:02:48.386;FSMI SI 20250321 CS;SIMPLE_INSTRUMENT;BLOCK;CHF;603979787;11590.00000000;96;PRC_DECOMP_EXCHANGE;;;;XEUR;7793721;1402;EXCHANGE
30.12.2024;12:02:48.386;OSMI SI 20250221 CS EU C 11850 0;SIMPLE_INSTRUMENT;BLOCK;CHF;603979787;99.70000000;300;PRC_DECOMP_EXCHANGE;;;;XEUR;12254383;1402;EXCHANGE
30.12.2024;12:44:50.741;OSMI.V.241230.PUT+U.000015;OPTION_VOLATILITY_STRATEGY;BLOCK;CHF;603979788;65.00000000;3;EXCHANGE_LAST;;1;1;XEUR;72063615582355663;1402;
30.12.2024;12:44:50.741;OSMI SI 20250117 CS EU P 11500 0;SIMPLE_INSTRUMENT;BLOCK;CHF;603979788;65.00000000;300;PRC_DECOMP_EXCHANGE;;;;XEUR;12084345;1402;EXCHANGE
30.12.2024;12:44:50.741;FSMI SI 20250321 CS;SIMPLE_INSTRUMENT;BLOCK;CHF;603979788;11610.00000000;99;PRC_DECOMP_EXCHANGE;;;;XEUR;7793721;1402;EXCHANGE
30.12.2024;15:53:45.580;OSMI.V.241230.COMBO+U.000021;OPTION_VOLATILITY_STRATEGY;BLOCK;CHF;603979789;32.40000000;3;EXCHANGE_LAST;;1;1;XEUR;72063615582355669;1402;
30.12.2024;15:53:45.580;OSMI SI 20250117 CS EU P 11300 0;SIMPLE_INSTRUMENT;BLOCK;CHF;603979789;42.90000000;450;PRC_DECOMP_EXCHANGE;;;;XEUR;12084492;1402;EXCHANGE
30.12.2024;15:53:45.580;OSMI SI 20250117 CS EU C 11900 0;SIMPLE_INSTRUMENT;BLOCK;CHF;603979789;10.50000000;450;PRC_DECOMP_EXCHANGE;;;;XEUR;12084407;1402;EXCHANGE
30.12.2024;15:53:45.580;FSMI SI 20250321 CS;SIMPLE_INSTRUMENT;BLOCK;CHF;603979789;11526.00000000;144;PRC_DECOMP_EXCHANGE;;;;XEUR;7793721;1402;EXCHANGE
30.12.2024;16:34:01.351;OVS2.V.241230.CALL-U.000002;OPTION_VOLATILITY_STRATEGY;BLOCK;EUR;301989889;0.35000000;20;EXCHANGE_LAST;;1;1;XEUR;72274189238701900;50430;
30.12.2024;16:34:01.351;OVS2 SI 20250122 PS AM C 30.00 0;SIMPLE_INSTRUMENT;BLOCK;EUR;301989889;0.35000000;2000;PRC_DECOMP_EXCHANGE;;;;XEUR;11231969;50430;EXCHANGE
30.12.2024;16:34:01.351;FVS SI 20250122 CS;SIMPLE_INSTRUMENT;BLOCK;EUR;301989889;17.10000000;200;PRC_DECOMP_EXCHANGE;;;;XEUR;11231184;50430;EXCHANGE
30.12.2024;10:20:07.126;OXXP SI 20250117 CS EU C 537.5 0;SIMPLE_INSTRUMENT;BLOCK;EUR;2;0.10000000;2134;EXCHANGE_LAST;;1;1;XEUR;12083737;1383;
30.12.2024;10:20:12.688;OXXP SI 20250221 CS EU C 535.0 0;SIMPLE_INSTRUMENT;BLOCK;EUR;3;0.90000000;749;EXCHANGE_LAST;;1;1;XEUR;12253546;1383;
30.12.2024;10:20:16.351;OXXP SI 20250221 CS EU C 535.0 0;SIMPLE_INSTRUMENT;BLOCK;EUR;4;0.80000000;1486;EXCHANGE_LAST;;1;1;XEUR;12253546;1383;
30.12.2024;16:55:57.915;OXXP.O.241230.CLAD.000002;STANDARD_OPTION_STRATEGY;BLOCK;EUR;15;0.10000000;1200;EXCHANGE_LAST;;1;1;XEUR;72063533977717617;1383;
30.12.2024;16:55:57.915;OXXP SI 20250117 CS EU C 530.0 0;SIMPLE_INSTRUMENT;BLOCK;EUR;15;0.10000000;1200;PRC_DECOMP_EXCHANGE;;;;XEUR;12083728;1383;EXCHANGE
30.12.2024;16:55:57.915;OXXP SI 20250117 CS EU C 525.0 0;SIMPLE_INSTRUMENT;BLOCK;EUR;15;0.20000000;1200;PRC_DECOMP_EXCHANGE;;;;XEUR;12083760;1383;EXCHANGE
30.12.2024;16:55:57.915;OXXP SI 20250117 CS EU C 520.0 0;SIMPLE_INSTRUMENT;BLOCK;EUR;15;0.40000000;1200;PRC_DECOMP_EXCHANGE;;;;XEUR;12083752;1383;EXCHANGE
30.12.2024;16:56:07.216;OXXP.O.241230.CLAD.000002;STANDARD_OPTION_STRATEGY;BLOCK;EUR;16;0.20000000;1800;EXCHANGE_LAST;;1;1;XEUR;72063533977717617;1383;
30.12.2024;16:56:07.216;OXXP SI 20250117 CS EU C 520.0 0;SIMPLE_INSTRUMENT;BLOCK;EUR;16;0.50000000;1800;PRC_DECOMP_EXCHANGE;;;;XEUR;12083752;1383;EXCHANGE
30.12.2024;16:56:07.216;OXXP SI 20250117 CS EU C 525.0 0;SIMPLE_INSTRUMENT;BLOCK;EUR;16;0.20000000;1800;PRC_DECOMP_EXCHANGE;;;;XEUR;12083760;1383;EXCHANGE
30.12.2024;16:56:07.216;OXXP SI 20250117 CS EU C 530.0 0;SIMPLE_INSTRUMENT;BLOCK;EUR;16;0.10000000;1800;PRC_DECOMP_EXCHANGE;;;;XEUR;12083728;1383;EXCHANGE
30.12.2024;10:15:56.892;POR3 SI 20250620 PS AM P 34.00 0;SIMPLE_INSTRUMENT;BLOCK;EUR;1;2.06000000;1500;EXCHANGE_LAST;;1;1;XEUR;11370810;1327;
30.12.2024;09:47:40.510;SIE SI 20250117 PS AM C 200.00 0;SIMPLE_INSTRUMENT;BLOCK;EUR;1;0.70000000;3750;EXCHANGE_LAST;;1;1;XEUR;12102266;293830;
30.12.2024;09:48:06.780;SIE SI 20250117 PS AM C 205.00 0;SIMPLE_INSTRUMENT;BLOCK;EUR;2;0.26000000;3750;EXCHANGE_LAST;;1;1;XEUR;12102294;293830;
30.12.2024;13:23:33.440;SIEH SI 20250321 CS;SIMPLE_INSTRUMENT;BLOCK;EUR;3;186.33900000;904;EXCHANGE_LAST;;1;1;XEUR;10728676;293836;
30.12.2024;09:18:25.209;SIK SI 20250117 PS AM C 220.0 0;SIMPLE_INSTRUMENT;BLOCK;CHF;3;2.79000000;325;EXCHANGE_LAST;;1;1;XEUR;12087449;1625;
30.12.2024;13:54:53.317;T3OT SI 20250321 CS;SIMPLE_INSTRUMENT;BLOCK;EUR;5;0.79000000;720;EXCHANGE_LAST;;1;1;XEUR;10458152;623925;
30.12.2024;08:59:16.595;TESX SI 20251219 CS;SIMPLE_INSTRUMENT;BLOCK_TAM;EUR;2;83.00000000;900;EXCHANGE_LAST;;1;1;XEUR;2537075;49368;
30.12.2024;09:02:06.899;TESX SI 20261218 CS;SIMPLE_INSTRUMENT;BLOCK_TAM;EUR;4;84.00000000;900;EXCHANGE_LAST;;1;1;XEUR;2537076;49368;
30.12.2024;13:53:56.177;TOTH SI 20250321 CS;SIMPLE_INSTRUMENT;BLOCK;EUR;4;52.22500000;8000;EXCHANGE_LAST;;1;1;XEUR;10736349;623929;
30.12.2024;16:03:18.711;TTUK SI 20251219 CS;SIMPLE_INSTRUMENT;DELTA_TAM;GBP;9;;1000;EXCHANGE_LAST;;1;1;XEUR;6198523;346691;
30.12.2024;16:33:08.744;TTUK SI 20251219 CS;SIMPLE_INSTRUMENT;DELTA_TAM;GBP;10;;1000;EXCHANGE_LAST;;1;1;XEUR;6198523;346691;
30.12.2024;09:04:53.278;VSA SI 20250321 PS AM C 10.20 0;SIMPLE_INSTRUMENT;BLOCK;EUR;1;0.37000000;1227;EXCHANGE_LAST;;1;1;XEUR;12540532;1858;
30.12.2024;09:04:45.601;VSA SI 20250321 PS AM C 10.20 0;SIMPLE_INSTRUMENT;BLOCK;EUR;2;0.36000000;1226;EXCHANGE_LAST;;1;1;XEUR;12540532;1858;
