#Date;TrdTime;Contract;ContractType;TrdTyp;Currency;TesId;Prc;Qty;TrdInd;Aggressor;Buy;Sell;Exch;InstrumentId;RelatedProdId;PrcDecomp
13.05.2025;10:06:49.249;A2SG SI 20251219 CS;SIMPLE_INSTRUMENT;BLOCK;EUR;19;1.47000000;400;EXCHANGE_LAST;;1;2;XEUR;5914262;14;
13.05.2025;10:16:07.861;A2SG SI 20251219 CS;SIMPLE_INSTRUMENT;BLOCK;EUR;21;1.47000000;150;EXCHANGE_LAST;;1;1;XEUR;5914262;14;
13.05.2025;15:48:12.191;A2SM SI 20251219 CS;SIMPLE_INSTRUMENT;BLOCK;EUR;138;6.72500000;300;EXCHANGE_LAST;;1;1;XEUR;5914264;15;
13.05.2025;15:53:41.950;A2SM SI 20251219 CS;SIMPLE_INSTRUMENT;BLOCK;EUR;141;6.72500000;200;EXCHANGE_LAST;;1;1;XEUR;5914264;15;
13.05.2025;15:14:18.148;A2XA SI 20281215 CS;SIMPLE_INSTRUMENT;BLOCK;EUR;106;2.06000000;250;EXCHANGE_LAST;;1;2;XEUR;6796967;17;
13.05.2025;15:25:49.193;A2XA SI 20261218 CS;SIMPLE_INSTRUMENT;BLOCK;EUR;115;2.30500000;500;EXCHANGE_LAST;;1;2;XEUR;4632093;17;
13.05.2025;16:02:55.748;A2XA SI 20261218 CS;SIMPLE_INSTRUMENT;BLOCK;EUR;148;2.30500000;195;EXCHANGE_LAST;;1;1;XEUR;4632093;17;
13.05.2025;13:19:41.041;ABBN.O.250513.BRT.000008;STANDARD_OPTION_STRATEGY;BLOCK;CHF;66;2.15000000;1000;EXCHANGE_LAST;;1;1;XEUR;74525125763938072;574517;
13.05.2025;13:19:41.041;ABBN SI 20261218 PS AM P 44.00 0;SIMPLE_INSTRUMENT;BLOCK;CHF;66;4.59000000;1000;PRC_DECOMP_EXCHANGE;;;;XEUR;8536831;574517;EXCHANGE
13.05.2025;13:19:41.041;ABBN SI 20251219 PS AM P 44.00 0;SIMPLE_INSTRUMENT;BLOCK;CHF;66;2.44000000;1000;PRC_DECOMP_EXCHANGE;;;;XEUR;8536823;574517;EXCHANGE
13.05.2025;11:13:11.898;ADEN.O.250513.BUL.000001;STANDARD_OPTION_STRATEGY;BLOCK;CHF;44;0.70000000;630;EXCHANGE_LAST;;1;1;XEUR;72057783016515947;44;
13.05.2025;11:13:11.898;ADEN SI 20250516 PS AM C 24.00 0;SIMPLE_INSTRUMENT;BLOCK;CHF;44;0.80000000;630;PRC_DECOMP_MEMBER;;;;XEUR;12811851;44;MEMBER
13.05.2025;11:13:11.898;ADEN SI 20250516 PS AM C 27.00 0;SIMPLE_INSTRUMENT;BLOCK;CHF;44;0.10000000;630;PRC_DECOMP_MEMBER;;;;XEUR;12811798;44;MEMBER
13.05.2025;10:30:29.346;ADS SI 20250620 PS AM P 240.00 0;SIMPLE_INSTRUMENT;BLOCK;EUR;16;24.60000000;250;EXCHANGE_LAST;;1;1;XEUR;7897598;50;
13.05.2025;15:33:45.231;ADS SI 20250620 PS AM C 220.00 0;SIMPLE_INSTRUMENT;BLOCK;EUR;32;8.71000000;575;EXCHANGE_LAST;;1;1;XEUR;11297078;50;
13.05.2025;15:48:01.049;ADS.O.250513.STG.000013;STANDARD_OPTION_STRATEGY;BLOCK;EUR;33;25.00000000;250;EXCHANGE_LAST;;1;1;XEUR;72057808786332884;50;
13.05.2025;15:48:01.049;ADS SI 20260619 PS AM C 280.00 0;SIMPLE_INSTRUMENT;BLOCK;EUR;33;9.05000000;250;PRC_DECOMP_EXCHANGE;;;;XEUR;9536504;50;EXCHANGE
13.05.2025;15:48:01.049;ADS SI 20260619 PS AM P 200.00 0;SIMPLE_INSTRUMENT;BLOCK;EUR;33;15.95000000;250;PRC_DECOMP_EXCHANGE;;;;XEUR;9536502;50;EXCHANGE
13.05.2025;15:22:10.450;ADY SI 20250620 PS AM P 1480.00 0;SIMPLE_INSTRUMENT;BLOCK;EUR;25;11.70000000;250;EXCHANGE_LAST;;1;1;XEUR;11696085;76315;
13.05.2025;08:09:22.224;AHA SI 20250516 PS AM C 2200 0;SIMPLE_INSTRUMENT;BLOCK;GBX;3;40.00000000;210;EXCHANGE_LAST;;1;1;XEUR;12853140;509905;
13.05.2025;08:09:58.108;AHA SI 20250516 PS AM C 2300 0;SIMPLE_INSTRUMENT;BLOCK;GBX;4;12.00000000;210;EXCHANGE_LAST;;1;1;XEUR;12853145;509905;
13.05.2025;15:18:49.357;AHA SI 20250516 PS AM C 2300 0;SIMPLE_INSTRUMENT;BLOCK;GBX;36;18.00000000;105;EXCHANGE_LAST;;1;1;XEUR;12853145;509905;
13.05.2025;15:19:38.525;AHA SI 20250516 PS AM C 2200 0;SIMPLE_INSTRUMENT;BLOCK;GBX;37;53.00000000;105;EXCHANGE_LAST;;1;1;XEUR;12853140;509905;
13.05.2025;13:13:20.254;ALC SI 20260320 PS AM P 72.00 0;SIMPLE_INSTRUMENT;BLOCK;CHF;62;3.36000000;600;EXCHANGE_LAST;;1;1;XEUR;13038314;130134;
13.05.2025;09:11:26.996;ALV.O.250513.STG.000012;STANDARD_OPTION_STRATEGY;BLOCK;EUR;2;42.20000000;300;EXCHANGE_LAST;;1;1;XEUR;72057911865570656;74;
13.05.2025;09:11:26.996;ALV SI 20260320 PS AM C 380.00 0;SIMPLE_INSTRUMENT;BLOCK;EUR;2;15.60000000;300;PRC_DECOMP_EXCHANGE;;;;XEUR;12995528;74;EXCHANGE
13.05.2025;09:11:26.996;ALV SI 20260320 PS AM P 360.00 0;SIMPLE_INSTRUMENT;BLOCK;EUR;2;26.60000000;300;PRC_DECOMP_EXCHANGE;;;;XEUR;12995530;74;EXCHANGE
13.05.2025;13:55:32.259;ALV.O.250513.BER.000015;STANDARD_OPTION_STRATEGY;BLOCK;EUR;5;3.00000000;300;EXCHANGE_LAST;;1;1;XEUR;72057911865570659;74;
13.05.2025;13:55:32.259;ALV SI 20250516 PS AM P 330.00 0;SIMPLE_INSTRUMENT;BLOCK;EUR;5;0.75000000;300;PRC_DECOMP_EXCHANGE;;;;XEUR;12812732;74;EXCHANGE
13.05.2025;13:55:32.259;ALV SI 20250516 PS AM P 350.00 0;SIMPLE_INSTRUMENT;BLOCK;EUR;5;3.75000000;300;PRC_DECOMP_EXCHANGE;;;;XEUR;12812701;74;EXCHANGE
13.05.2025;07:52:34.018;ANN SI 20261218 PS AM C 36.00 0;SIMPLE_INSTRUMENT;BLOCK;EUR;1;1.15000000;2000;EXCHANGE_LAST;;1;1;XEUR;7175860;45202;
13.05.2025;08:08:57.082;ANN SI 20261218 PS AM C 36.00 0;SIMPLE_INSTRUMENT;BLOCK;EUR;2;1.15000000;1250;EXCHANGE_LAST;;1;1;XEUR;7175860;45202;
13.05.2025;10:15:25.794;ANN SI 20251219 PS AM P 28.00 0;SIMPLE_INSTRUMENT;BLOCK;EUR;12;2.90000000;3000;EXCHANGE_LAST;;1;1;XEUR;7644476;45202;
13.05.2025;15:32:24.284;ASGF SI 20250619 CS;SIMPLE_INSTRUMENT;BLOCK;EUR;127;33.07760000;4000;EXCHANGE_LAST;;1;1;XEUR;12186943;949862;
13.05.2025;11:01:54.909;ASM.O.250513.STG.000009;STANDARD_OPTION_STRATEGY;BLOCK;EUR;11;142.00000000;150;EXCHANGE_LAST;;1;1;XEUR;72058053599446879;107;
13.05.2025;11:01:54.909;ASM SI 20260619 PS AM C 720.00 0;SIMPLE_INSTRUMENT;BLOCK;EUR;11;79.26000000;150;PRC_DECOMP_EXCHANGE;;;;XEUR;9538544;107;EXCHANGE
13.05.2025;11:01:54.909;ASM SI 20260619 PS AM P 600.00 0;SIMPLE_INSTRUMENT;BLOCK;EUR;11;62.74000000;150;PRC_DECOMP_EXCHANGE;;;;XEUR;13367675;107;EXCHANGE
13.05.2025;14:02:14.166;ASM SI 20250620 PS AM P 600.00 0;SIMPLE_INSTRUMENT;BLOCK;EUR;16;6.70000000;300;EXCHANGE_LAST;;1;2;XEUR;11349935;107;
13.05.2025;13:57:17.548;ASM SI 20250620 PS AM P 640.00 0;SIMPLE_INSTRUMENT;BLOCK;EUR;19;14.35000000;150;EXCHANGE_LAST;;1;1;XEUR;7898589;107;
13.05.2025;15:34:54.620;ASMP SI 20250620 PS;SIMPLE_INSTRUMENT;BLOCK;EUR;126;683.65500000;800;EXCHANGE_LAST;;1;1;XEUR;11198940;124298;
13.05.2025;07:42:14.131;AXA.O.250513.STD.000001;STANDARD_OPTION_STRATEGY;BLOCK;EUR;3;8.89000000;3000;EXCHANGE_LAST;;1;1;XEUR;72058139498795564;127;
13.05.2025;07:42:14.131;AXA SI 20261218 PS AM C 40.00 0;SIMPLE_INSTRUMENT;BLOCK;EUR;3;4.51000000;3000;PRC_DECOMP_MEMBER;;;;XEUR;7227098;127;MEMBER
13.05.2025;07:42:14.131;AXA SI 20261218 PS AM P 40.00 0;SIMPLE_INSTRUMENT;BLOCK;EUR;3;4.38000000;3000;PRC_DECOMP_MEMBER;;;;XEUR;7227100;127;MEMBER
13.05.2025;09:07:02.785;AXA SI 20251219 PS AM P 34.00 0;SIMPLE_INSTRUMENT;BLOCK;EUR;11;0.74000000;4000;EXCHANGE_LAST;;1;1;XEUR;11960008;127;
13.05.2025;12:30:19.244;AXA.O.250513.BER.000002;STANDARD_OPTION_STRATEGY;BLOCK;EUR;26;3.00000000;4500;EXCHANGE_LAST;;2;2;XEUR;72058139498795565;127;
13.05.2025;12:30:19.244;AXA SI 20260619 PS AM P 41.00 0;SIMPLE_INSTRUMENT;BLOCK;EUR;26;4.18000000;4500;PRC_DECOMP_EXCHANGE;;;;XEUR;12767506;127;EXCHANGE
13.05.2025;12:30:19.244;AXA SI 20260619 PS AM P 32.00 0;SIMPLE_INSTRUMENT;BLOCK;EUR;26;1.18000000;4500;PRC_DECOMP_EXCHANGE;;;;XEUR;9538765;127;EXCHANGE
13.05.2025;15:04:14.582;AXA SI 20251219 PS AM P 34.00 0;SIMPLE_INSTRUMENT;BLOCK;EUR;43;0.71000000;2000;EXCHANGE_LAST;;1;1;XEUR;11960008;127;
13.05.2025;14:32:58.335;B2NP SI 20251219 CS;SIMPLE_INSTRUMENT;BLOCK;EUR;88;7.31000000;200;EXCHANGE_LAST;;1;1;XEUR;5914355;131;
13.05.2025;15:23:36.902;B2NP SI 20281215 CS;SIMPLE_INSTRUMENT;BLOCK;EUR;111;4.30000000;200;EXCHANGE_LAST;;1;2;XEUR;7086921;131;
13.05.2025;13:41:54.381;B2OS SI 20250620 CS;SIMPLE_INSTRUMENT;BLOCK;EUR;72;1.40000000;144;EXCHANGE_LAST;;1;1;XEUR;10878673;300512;
13.05.2025;14:10:46.747;B2OS SI 20250620 CS;SIMPLE_INSTRUMENT;BLOCK;EUR;84;1.40000000;1081;EXCHANGE_LAST;;2;3;XEUR;10878673;300512;
13.05.2025;15:58:40.347;B2PE SI 20250620 CS;SIMPLE_INSTRUMENT;BLOCK;EUR;143;0.60000000;450;EXCHANGE_LAST;;1;1;XEUR;12178633;949835;
13.05.2025;12:06:05.336;B2SN SI 20250620 CS;SIMPLE_INSTRUMENT;BLOCK;EUR;41;2.15000000;865;EXCHANGE_LAST;;1;1;XEUR;10830251;133;
13.05.2025;11:51:03.772;B2YG SI 20261218 CS;SIMPLE_INSTRUMENT;BLOCK;EUR;37;2.05000000;412;EXCHANGE_LAST;;2;1;XEUR;6820081;45713;
13.05.2025;11:08:14.396;B3BV SI 20261218 CS;SIMPLE_INSTRUMENT;BLOCK;EUR;26;0.68200000;400;EXCHANGE_LAST;;1;2;XEUR;6798345;135;
13.05.2025;11:08:27.714;B3BV SI 20261218 CS;SIMPLE_INSTRUMENT;BLOCK;EUR;27;0.68300000;400;EXCHANGE_LAST;;1;2;XEUR;6798345;135;
13.05.2025;10:30:50.923;BAEN SI 20250620 PS AM P 46.00 0;SIMPLE_INSTRUMENT;BLOCK;CHF;34;0.24000000;600;EXCHANGE_LAST;;1;1;XEUR;11350889;159;
13.05.2025;15:19:49.522;BAEN SI 20250620 PS AM C 55.00 0;SIMPLE_INSTRUMENT;BLOCK;CHF;84;4.82000000;400;EXCHANGE_LAST;;1;1;XEUR;12996826;159;
13.05.2025;07:28:43.157;BAS SI 20250523 PS AM C 47.00 0;SIMPLE_INSTRUMENT;BLOCK;EUR;1;0.27000000;2727;EXCHANGE_LAST;;1;1;XEUR;13222204;150;
13.05.2025;08:53:24.062;BAS SI 20250620 PS AM P 42.00 0;SIMPLE_INSTRUMENT;BLOCK;EUR;6;0.49000000;1200;EXCHANGE_LAST;;1;1;XEUR;11350808;150;
13.05.2025;09:26:38.756;BAS SI 20260619 PS AM P 40.00 0;SIMPLE_INSTRUMENT;BLOCK;EUR;7;2.92000000;500;EXCHANGE_LAST;;1;1;XEUR;9539321;150;
13.05.2025;09:56:44.643;BAS SI 20250620 PS AM P 44.00 0;SIMPLE_INSTRUMENT;BLOCK;EUR;10;1.08000000;6500;EXCHANGE_LAST;;2;1;XEUR;7898970;150;
13.05.2025;11:10:07.510;BAS SI 20250516 PS AM C 46.00 0;SIMPLE_INSTRUMENT;BLOCK;EUR;19;0.36000000;400;EXCHANGE_LAST;;1;1;XEUR;12813680;150;
13.05.2025;15:40:54.178;BAS SI 20250516 PS AM C 46.00 0;SIMPLE_INSTRUMENT;BLOCK;EUR;31;0.37000000;585;EXCHANGE_LAST;;1;1;XEUR;12813680;150;
13.05.2025;15:41:24.609;BAS SI 20250516 PS AM C 46.00 0;SIMPLE_INSTRUMENT;BLOCK;EUR;32;0.36000000;584;EXCHANGE_LAST;;1;1;XEUR;12813680;150;
13.05.2025;08:22:34.057;BAY SI 20260619 PS AM C 36.00 0;SIMPLE_INSTRUMENT;BLOCK;EUR;4;1.72000000;6000;EXCHANGE_LAST;;1;1;XEUR;9539732;168;
13.05.2025;08:40:12.226;BAY SI 20251219 PS AM P 24.00 0;SIMPLE_INSTRUMENT;BLOCK;EUR;5;2.26000000;1000;EXCHANGE_LAST;;1;1;XEUR;8112387;168;
13.05.2025;09:56:35.073;BAY.O.250513.RBUL.000037;STANDARD_OPTION_STRATEGY;BLOCK;EUR;9;-2.12000000;2500;EXCHANGE_LAST;;2;1;XEUR;72058315592510369;168;
13.05.2025;09:56:35.073;BAY SI 20261218 PS AM C 40.00 0;SIMPLE_INSTRUMENT;BLOCK;EUR;9;1.54000000;5000;PRC_DECOMP_EXCHANGE;;;;XEUR;7153609;168;EXCHANGE
13.05.2025;09:56:35.073;BAY SI 20261218 PS AM C 26.00 0;SIMPLE_INSTRUMENT;BLOCK;EUR;9;5.20000000;2500;PRC_DECOMP_EXCHANGE;;;;XEUR;10316894;168;EXCHANGE
13.05.2025;10:02:57.492;BAY SI 20251219 PS AM C 28.00 0;SIMPLE_INSTRUMENT;BLOCK;EUR;11;2.70000000;2758;EXCHANGE_LAST;;1;1;XEUR;6068398;168;
13.05.2025;10:03:07.621;BAY SI 20251219 PS AM P 28.00 0;SIMPLE_INSTRUMENT;BLOCK;EUR;12;4.45000000;2758;EXCHANGE_LAST;;1;1;XEUR;6068400;168;
13.05.2025;10:04:03.151;BAY SI 20250620 PS AM C 27.00 0;SIMPLE_INSTRUMENT;BLOCK;EUR;13;0.94000000;500;EXCHANGE_LAST;;1;1;XEUR;11992379;168;
13.05.2025;10:04:14.152;BAY SI 20250620 PS AM C 27.00 0;SIMPLE_INSTRUMENT;BLOCK;EUR;14;0.95000000;500;EXCHANGE_LAST;;1;1;XEUR;11992379;168;
13.05.2025;10:43:36.190;BAY SI 20250620 PS AM C 27.00 0;SIMPLE_INSTRUMENT;BLOCK;EUR;17;0.90000000;20000;EXCHANGE_LAST;;2;1;XEUR;11992379;168;
13.05.2025;10:43:45.578;BAY SI 20250919 PS AM P 26.00 0;SIMPLE_INSTRUMENT;BLOCK;EUR;18;2.44000000;20000;EXCHANGE_LAST;;1;2;XEUR;11873104;168;
13.05.2025;12:24:20.723;BAY SI 20250718 PS AM C 28.50 0;SIMPLE_INSTRUMENT;BLOCK;EUR;20;0.73000000;679;EXCHANGE_LAST;;1;1;XEUR;13343364;168;
13.05.2025;12:24:22.972;BAY SI 20250718 PS AM C 28.50 0;SIMPLE_INSTRUMENT;BLOCK;EUR;21;0.70000000;949;EXCHANGE_LAST;;1;1;XEUR;13343364;168;
13.05.2025;13:50:57.596;BAY SI 20250919 PS AM C 25.50 0;SIMPLE_INSTRUMENT;BLOCK;EUR;22;2.17000000;64500;EXCHANGE_LAST;;1;1;XEUR;12224646;168;
13.05.2025;13:51:38.093;BAY SI 20250620 PS AM C 28.00 0;SIMPLE_INSTRUMENT;BLOCK;EUR;24;0.37000000;46475;EXCHANGE_LAST;;1;1;XEUR;8112566;168;
13.05.2025;13:51:40.066;BAY SI 20250919 PS AM C 29.00 0;SIMPLE_INSTRUMENT;BLOCK;EUR;25;1.05000000;82000;EXCHANGE_LAST;;1;1;XEUR;11992369;168;
13.05.2025;13:51:40.662;BAY SI 20250620 PS AM C 28.00 0;SIMPLE_INSTRUMENT;BLOCK;EUR;26;0.35000000;44525;EXCHANGE_LAST;;1;1;XEUR;8112566;168;
13.05.2025;13:51:41.684;BAY SI 20250919 PS AM C 29.00 0;SIMPLE_INSTRUMENT;BLOCK;EUR;27;1.05000000;80000;EXCHANGE_LAST;;1;1;XEUR;11992369;168;
13.05.2025;14:10:08.842;BAY SI 20250620 PS AM C 30.00 0;SIMPLE_INSTRUMENT;BLOCK;EUR;28;0.16000000;600;EXCHANGE_LAST;;1;1;XEUR;10324702;168;
13.05.2025;14:11:02.239;BAY SI 20250620 PS AM C 30.00 0;SIMPLE_INSTRUMENT;BLOCK;EUR;29;0.17000000;600;EXCHANGE_LAST;;1;1;XEUR;10324702;168;
13.05.2025;14:35:22.915;BAY SI 20250620 PS AM C 27.00 0;SIMPLE_INSTRUMENT;BLOCK;EUR;30;0.57000000;500;EXCHANGE_LAST;;1;1;XEUR;11992379;168;
13.05.2025;11:38:56.975;BAYG SI 20250620 CS;SIMPLE_INSTRUMENT;BLOCK;EUR;36;25.81440000;1800;EXCHANGE_LAST;;1;1;XEUR;11197544;76034;
13.05.2025;14:53:05.114;BBVD.O.250513.STG.000001;STANDARD_OPTION_STRATEGY;BLOCK;EUR;22;1.67000000;5000;EXCHANGE_LAST;;1;1;XEUR;72058332772305752;172;
13.05.2025;14:53:05.114;BBVD SI 20251219 PS AM P 12.00 0;SIMPLE_INSTRUMENT;BLOCK;EUR;22;0.78000000;5000;PRC_DECOMP_EXCHANGE;;;;XEUR;9006309;172;EXCHANGE
13.05.2025;14:53:05.114;BBVD SI 20251219 PS AM C 14.00 0;SIMPLE_INSTRUMENT;BLOCK;EUR;22;0.89000000;5000;PRC_DECOMP_EXCHANGE;;;;XEUR;10026285;172;EXCHANGE
13.05.2025;08:36:15.929;BMW.O.250513.CDIA.000003;STANDARD_OPTION_STRATEGY;BLOCK;EUR;6;-0.83000000;400;EXCHANGE_LAST;;1;1;XEUR;72058495981110323;210;
13.05.2025;08:36:15.929;BMW SI 20260619 PS AM C 100.00 0;SIMPLE_INSTRUMENT;BLOCK;EUR;6;2.78000000;400;PRC_DECOMP_EXCHANGE;;;;XEUR;9541186;210;EXCHANGE
13.05.2025;08:36:15.929;BMW SI 20250919 PS AM C 84.00 0;SIMPLE_INSTRUMENT;BLOCK;EUR;6;3.61000000;400;PRC_DECOMP_EXCHANGE;;;;XEUR;11874427;210;EXCHANGE
13.05.2025;08:51:57.400;BMW SI 20250620 PS AM P 76.00 0;SIMPLE_INSTRUMENT;BLOCK;EUR;8;2.07000000;500;EXCHANGE_LAST;;1;1;XEUR;7899903;210;
13.05.2025;12:24:20.258;BMW.O.250513.COMBO.000010;STANDARD_OPTION_STRATEGY;BLOCK;EUR;30;-0.14000000;1500;EXCHANGE_LAST;;2;1;XEUR;72058495981110330;210;
13.05.2025;12:24:20.258;BMW SI 20250620 PS AM C 88.00 0;SIMPLE_INSTRUMENT;BLOCK;EUR;30;0.59000000;1500;PRC_DECOMP_EXCHANGE;;;;XEUR;11352605;210;EXCHANGE
13.05.2025;12:24:20.258;BMW SI 20250620 PS AM P 68.00 0;SIMPLE_INSTRUMENT;BLOCK;EUR;30;0.45000000;1500;PRC_DECOMP_EXCHANGE;;;;XEUR;7899896;210;EXCHANGE
13.05.2025;10:27:38.891;BNP SI 20251219 PS AM P 70.00 0;SIMPLE_INSTRUMENT;BLOCK;EUR;15;4.35000000;2000;EXCHANGE_LAST;;2;1;XEUR;12372400;237;
13.05.2025;10:41:21.608;BNP SI 20251219 PS AM P 70.00 0;SIMPLE_INSTRUMENT;BLOCK;EUR;18;4.35000000;1000;EXCHANGE_LAST;;1;1;XEUR;12372400;237;
13.05.2025;14:58:33.824;BNP SI 20251219 PS AM P 60.00 0;SIMPLE_INSTRUMENT;BLOCK;EUR;42;1.73000000;750;EXCHANGE_LAST;;1;1;XEUR;5995681;237;
13.05.2025;13:41:43.585;BOSF SI 20250620 CS;SIMPLE_INSTRUMENT;BLOCK;EUR;71;40.62000000;1500;EXCHANGE_LAST;;1;1;XEUR;11170511;231;
13.05.2025;14:10:26.130;BOSF SI 20250620 CS;SIMPLE_INSTRUMENT;BLOCK;EUR;83;40.65000000;11500;EXCHANGE_LAST;;2;3;XEUR;11170511;231;
13.05.2025;15:06:02.187;BOSF SI 20250620 CS;SIMPLE_INSTRUMENT;BLOCK;EUR;102;40.98000000;12500;EXCHANGE_LAST;;1;1;XEUR;11170511;231;
13.05.2025;15:26:28.385;BPEF SI 20250619 CS;SIMPLE_INSTRUMENT;BLOCK;EUR;119;7.41030000;3200;EXCHANGE_LAST;;1;1;XEUR;11161772;226;
13.05.2025;15:57:22.588;BPEF SI 20250619 CS;SIMPLE_INSTRUMENT;BLOCK;EUR;142;7.40000000;500;EXCHANGE_LAST;;1;1;XEUR;11161772;226;
13.05.2025;12:56:19.807;BPV SI 20250918 PS AM P 9.00 0;SIMPLE_INSTRUMENT;BLOCK;EUR;14;0.49000000;1000;EXCHANGE_LAST;;1;1;XEUR;11863006;251;
13.05.2025;15:51:02.553;BPV SI 20250619 PS AM P 7.20 0;SIMPLE_INSTRUMENT;BLOCK;EUR;26;0.02000000;61771;EXCHANGE_LAST;;1;1;XEUR;9530828;251;
13.05.2025;15:51:40.954;BPV SI 20250619 PS AM P 5.60 0;SIMPLE_INSTRUMENT;BLOCK;EUR;27;0.01800000;61771;EXCHANGE_LAST;;1;1;XEUR;9530886;251;
13.05.2025;15:56:24.436;BPV FI 20250717 PS EU P 8.2000 0;FLEXIBLE_INSTRUMENT;BLOCK;EUR;28;0.26300000;61771;EXCHANGE_LAST;;1;1;XEUR;1152922582643638295;251;
13.05.2025;15:59:35.042;BPV FI 20250717 PS EU P 6.6000 0;FLEXIBLE_INSTRUMENT;BLOCK;EUR;29;0.01900000;61771;EXCHANGE_LAST;;1;1;XEUR;1152922582643638296;251;
13.05.2025;08:27:05.225;BSI.O.250513.STG.000002;STANDARD_OPTION_STRATEGY;BLOCK;EUR;5;28.15000000;500;EXCHANGE_LAST;;1;1;XEUR;72385373057061442;76317;
13.05.2025;08:27:05.225;BSI SI 20251219 PS AM C 120.00 0;SIMPLE_INSTRUMENT;BLOCK;EUR;5;14.97000000;500;PRC_DECOMP_MEMBER;;;;XEUR;10439649;76317;MEMBER
13.05.2025;08:27:05.225;BSI SI 20251219 PS AM P 110.00 0;SIMPLE_INSTRUMENT;BLOCK;EUR;5;13.18000000;500;PRC_DECOMP_MEMBER;;;;XEUR;12475624;76317;MEMBER
13.05.2025;12:05:35.818;BSNH SI 20250620 CS;SIMPLE_INSTRUMENT;BLOCK;EUR;40;72.37460000;10000;EXCHANGE_LAST;;1;1;XEUR;11171247;274;
13.05.2025;08:19:59.293;C2RT SI 20250620 CS;SIMPLE_INSTRUMENT;BLOCK;EUR;2;0.28700000;2100;EXCHANGE_LAST;;1;1;XEUR;10872536;151297;
13.05.2025;08:20:03.396;C2RT SI 20250620 CS;SIMPLE_INSTRUMENT;BLOCK;EUR;3;0.28600000;3150;EXCHANGE_LAST;;1;1;XEUR;10872536;151297;
13.05.2025;10:17:46.919;C2RT SI 20250620 CS;SIMPLE_INSTRUMENT;BLOCK;EUR;22;0.28700000;3168;EXCHANGE_LAST;;1;1;XEUR;10872536;151297;
13.05.2025;10:17:52.170;C2RT SI 20250620 CS;SIMPLE_INSTRUMENT;BLOCK;EUR;23;0.28600000;4752;EXCHANGE_LAST;;1;1;XEUR;10872536;151297;
13.05.2025;15:06:32.909;C3AR SI 20281215 CS;SIMPLE_INSTRUMENT;BLOCK;EUR;104;0.84000000;50;EXCHANGE_LAST;;1;1;XEUR;9916187;256;
13.05.2025;14:29:46.854;C4RI SI 20271217 CS;SIMPLE_INSTRUMENT;BLOCK;EUR;87;2.79500000;352;EXCHANGE_LAST;;3;2;XEUR;8408414;50862;
13.05.2025;14:39:58.924;C4RI SI 20261218 CS;SIMPLE_INSTRUMENT;BLOCK;EUR;92;3.00000000;250;EXCHANGE_LAST;;2;1;XEUR;6821680;50862;
13.05.2025;15:02:32.403;C4RI SI 20271217 CS;SIMPLE_INSTRUMENT;BLOCK;EUR;96;2.79500000;100;EXCHANGE_LAST;;1;1;XEUR;8408414;50862;
13.05.2025;09:55:52.542;CBK SI 20250620 PS AM P 22.00 0;SIMPLE_INSTRUMENT;BLOCK;EUR;13;0.26000000;5000;EXCHANGE_LAST;;1;1;XEUR;11353949;268;
13.05.2025;10:12:40.699;CBK.O.250513.CDIA.000014;STANDARD_OPTION_STRATEGY;BLOCK;EUR;15;-0.67000000;1250;EXCHANGE_LAST;;1;1;XEUR;72058745089204629;268;
13.05.2025;10:12:40.699;CBK SI 20251219 PS AM C 30.00 0;SIMPLE_INSTRUMENT;BLOCK;EUR;15;1.45000000;1250;PRC_DECOMP_EXCHANGE;;;;XEUR;12436567;268;EXCHANGE
13.05.2025;10:12:40.699;CBK SI 20260320 PS AM C 36.00 0;SIMPLE_INSTRUMENT;BLOCK;EUR;15;0.78000000;1250;PRC_DECOMP_EXCHANGE;;;;XEUR;12999779;268;EXCHANGE
13.05.2025;13:16:08.736;CBK SI 20281215 PS AM P 14.00 0;SIMPLE_INSTRUMENT;BLOCK;EUR;24;2.28000000;1500;EXCHANGE_LAST;;1;1;XEUR;10399882;268;
13.05.2025;13:16:26.612;CBK SI 20281215 PS AM P 6.40 0;SIMPLE_INSTRUMENT;BLOCK;EUR;25;0.54000000;4500;EXCHANGE_LAST;;1;1;XEUR;10399849;268;
13.05.2025;08:06:31.735;CFR SI 20250620 PS AM P 170.00 0;SIMPLE_INSTRUMENT;BLOCK;CHF;3;16.52000000;500;EXCHANGE_LAST;;1;1;XEUR;11354564;313;
13.05.2025;08:33:07.354;CFR.O.250513.BUL.000005;STANDARD_OPTION_STRATEGY;BLOCK;CHF;5;3.10000000;475;EXCHANGE_LAST;;1;1;XEUR;72058938362728963;313;
13.05.2025;08:33:07.354;CFR SI 20250516 PS AM C 162.00 0;SIMPLE_INSTRUMENT;BLOCK;CHF;5;3.30000000;475;PRC_DECOMP_MEMBER;;;;XEUR;12816364;313;MEMBER
13.05.2025;08:33:07.354;CFR SI 20250516 PS AM C 180.00 0;SIMPLE_INSTRUMENT;BLOCK;CHF;5;0.20000000;475;PRC_DECOMP_MEMBER;;;;XEUR;12816355;313;MEMBER
13.05.2025;08:55:22.362;CFR.N.250513.000007;NON_STANDARD_OPTION_STRATEGY;BLOCK;CHF;11;3.90000000;750;EXCHANGE_LAST;;1;1;XEUR;72058938362728965;313;
13.05.2025;08:55:22.362;CFR SI 20250620 PS AM C 180.00 0;SIMPLE_INSTRUMENT;BLOCK;CHF;11;1.21000000;750;PRC_DECOMP_EXCHANGE;;;;XEUR;9996502;313;EXCHANGE
13.05.2025;08:55:22.362;CFR SI 20250620 PS AM C 170.00 0;SIMPLE_INSTRUMENT;BLOCK;CHF;11;2.69000000;750;PRC_DECOMP_EXCHANGE;;;;XEUR;11354567;313;EXCHANGE
13.05.2025;10:39:36.730;CFR SI 20250718 PS AM C 160.00 0;SIMPLE_INSTRUMENT;BLOCK;CHF;35;7.70000000;500;EXCHANGE_LAST;;1;1;XEUR;13296577;313;
13.05.2025;12:23:19.706;CFR SI 20251219 PS AM C 170.00 0;SIMPLE_INSTRUMENT;BLOCK;CHF;55;8.50000000;300;EXCHANGE_LAST;;1;1;XEUR;12437084;313;
13.05.2025;12:14:29.529;CFR.O.250513.BER.000003;STANDARD_OPTION_STRATEGY;BLOCK;CHF;57;7.60000000;400;EXCHANGE_LAST;;1;1;XEUR;72058938362728961;313;
13.05.2025;12:14:29.529;CFR SI 20250620 PS AM P 160.00 0;SIMPLE_INSTRUMENT;BLOCK;CHF;57;9.50000000;400;PRC_DECOMP_EXCHANGE;;;;XEUR;9996509;313;EXCHANGE
13.05.2025;12:14:29.529;CFR SI 20250620 PS AM P 140.00 0;SIMPLE_INSTRUMENT;BLOCK;CHF;57;1.90000000;400;PRC_DECOMP_EXCHANGE;;;;XEUR;9996499;313;EXCHANGE
13.05.2025;15:55:44.534;CFR SI 20251219 PS AM P 140.00 0;SIMPLE_INSTRUMENT;BLOCK;CHF;91;8.30000000;500;EXCHANGE_LAST;;1;1;XEUR;9996465;313;
13.05.2025;12:20:46.389;CLNG SI 20250516 CS;SIMPLE_INSTRUMENT;BLOCK;CHF;45;9.51000000;20000;EXCHANGE_LAST;;1;1;XEUR;11063924;269161;
13.05.2025;16:01:59.070;CONI SI 20250516 CS;SIMPLE_INSTRUMENT;BLOCK;EUR;147;75.00000000;500;EXCHANGE_LAST;;1;1;XEUR;11068570;414627;
13.05.2025;15:34:23.590;CR5J SI 20250619 CS;SIMPLE_INSTRUMENT;BLOCK;EUR;133;55.35190000;59400;EXCHANGE_LAST;;1;1;XEUR;11164005;50861;
13.05.2025;07:38:50.039;CRI5.O.250513.STG.000001;STANDARD_OPTION_STRATEGY;BLOCK;EUR;1;5.20000000;1500;EXCHANGE_LAST;;1;1;XEUR;72058968427474875;320;
13.05.2025;07:38:50.039;CRI5 SI 20250717 PS AM C 58.00 0;SIMPLE_INSTRUMENT;BLOCK;EUR;1;2.24350000;1500;PRC_DECOMP_EXCHANGE;;;;XEUR;13238954;320;EXCHANGE
13.05.2025;07:38:50.039;CRI5 SI 20250717 PS AM P 56.00 0;SIMPLE_INSTRUMENT;BLOCK;EUR;1;2.95650000;1500;PRC_DECOMP_EXCHANGE;;;;XEUR;13238963;320;EXCHANGE
13.05.2025;07:50:59.101;CRI5.O.250513.STG.000001;STANDARD_OPTION_STRATEGY;BLOCK;EUR;2;5.20000000;1500;EXCHANGE_LAST;;1;1;XEUR;72058968427474875;320;
13.05.2025;07:50:59.101;CRI5 SI 20250717 PS AM P 56.00 0;SIMPLE_INSTRUMENT;BLOCK;EUR;2;2.95650000;1500;PRC_DECOMP_MEMBER;;;;XEUR;13238963;320;MEMBER
13.05.2025;07:50:59.101;CRI5 SI 20250717 PS AM C 58.00 0;SIMPLE_INSTRUMENT;BLOCK;EUR;2;2.24350000;1500;PRC_DECOMP_MEMBER;;;;XEUR;13238954;320;MEMBER
13.05.2025;08:00:59.876;CRI5.O.250513.STG.000001;STANDARD_OPTION_STRATEGY;BLOCK;EUR;3;5.20000000;750;EXCHANGE_LAST;;1;1;XEUR;72058968427474875;320;
13.05.2025;08:00:59.876;CRI5 SI 20250717 PS AM P 56.00 0;SIMPLE_INSTRUMENT;BLOCK;EUR;3;2.95650000;750;PRC_DECOMP_MEMBER;;;;XEUR;13238963;320;MEMBER
13.05.2025;08:00:59.876;CRI5 SI 20250717 PS AM C 58.00 0;SIMPLE_INSTRUMENT;BLOCK;EUR;3;2.24350000;750;PRC_DECOMP_MEMBER;;;;XEUR;13238954;320;MEMBER
13.05.2025;15:13:11.105;CRI5.O.250513.STG.000001;STANDARD_OPTION_STRATEGY;BLOCK;EUR;23;5.17000000;2250;EXCHANGE_LAST;;1;2;XEUR;72058968427474875;320;
13.05.2025;15:13:11.105;CRI5 SI 20250717 PS AM C 58.00 0;SIMPLE_INSTRUMENT;BLOCK;EUR;23;1.88050000;2250;PRC_DECOMP_EXCHANGE;;;;XEUR;13238954;320;EXCHANGE
13.05.2025;15:13:11.105;CRI5 SI 20250717 PS AM P 56.00 0;SIMPLE_INSTRUMENT;BLOCK;EUR;23;3.28950000;2250;PRC_DECOMP_EXCHANGE;;;;XEUR;13238963;320;EXCHANGE
13.05.2025;08:20:09.414;CRTG SI 20250620 CS;SIMPLE_INSTRUMENT;BLOCK;EUR;4;7.37630000;60000;EXCHANGE_LAST;;1;1;XEUR;11172236;335;
13.05.2025;10:17:56.698;CRTG SI 20250620 CS;SIMPLE_INSTRUMENT;BLOCK;EUR;24;7.37630000;90000;EXCHANGE_LAST;;1;1;XEUR;11172236;335;
13.05.2025;13:18:30.617;D2PW SI 20281215 CS;SIMPLE_INSTRUMENT;BLOCK;EUR;59;1.63000000;600;EXCHANGE_LAST;;2;1;XEUR;6818646;9702;
13.05.2025;15:24:47.568;D2TE.S.DEC26.DEC27.SPD;FUTURES_SPREAD;BLOCK;EUR;114;-0.15000000;900;EXCHANGE_LAST;;2;1;XEUR;72059135931187241;359;
13.05.2025;15:24:47.568;D2TE SI 20271217 CS;SIMPLE_INSTRUMENT;BLOCK;EUR;114;1.13000000;900;PRC_DECOMP_MEMBER;;;;XEUR;8376884;359;MEMBER
13.05.2025;15:24:47.568;D2TE SI 20261218 CS;SIMPLE_INSTRUMENT;BLOCK;EUR;114;0.98000000;900;PRC_DECOMP_MEMBER;;;;XEUR;6800755;359;MEMBER
13.05.2025;08:34:11.714;DAI.O.250513.PDIA.000004;STANDARD_OPTION_STRATEGY;BLOCK;EUR;5;1.62000000;1000;EXCHANGE_LAST;;1;1;XEUR;73961106363665571;443196;
13.05.2025;08:34:11.714;DAI SI 20260320 PS AM P 44.00 0;SIMPLE_INSTRUMENT;BLOCK;EUR;5;1.93000000;1000;PRC_DECOMP_EXCHANGE;;;;XEUR;13049862;443196;EXCHANGE
13.05.2025;08:34:11.714;DAI SI 20250620 PS AM P 46.00 0;SIMPLE_INSTRUMENT;BLOCK;EUR;5;0.31000000;1000;PRC_DECOMP_EXCHANGE;;;;XEUR;11407738;443196;EXCHANGE
13.05.2025;09:22:17.944;DAI.O.250513.COMBO.000008;STANDARD_OPTION_STRATEGY;BLOCK;EUR;12;1.09000000;800;EXCHANGE_LAST;;1;1;XEUR;73961106363665575;443196;
13.05.2025;09:22:17.944;DAI SI 20251219 PS AM P 48.00 0;SIMPLE_INSTRUMENT;BLOCK;EUR;12;2.23000000;800;PRC_DECOMP_EXCHANGE;;;;XEUR;7144518;443196;EXCHANGE
13.05.2025;09:22:17.944;DAI SI 20251219 PS AM C 64.00 0;SIMPLE_INSTRUMENT;BLOCK;EUR;12;1.14000000;800;PRC_DECOMP_EXCHANGE;;;;XEUR;7423844;443196;EXCHANGE
13.05.2025;09:31:50.182;DAI.O.250513.COMBO.000010;STANDARD_OPTION_STRATEGY;BLOCK;EUR;13;5.04000000;750;EXCHANGE_LAST;;1;1;XEUR;73961106363665577;443196;
13.05.2025;09:31:50.182;DAI SI 20260619 PS AM P 54.00 0;SIMPLE_INSTRUMENT;BLOCK;EUR;13;6.51000000;750;PRC_DECOMP_EXCHANGE;;;;XEUR;10193327;443196;EXCHANGE
13.05.2025;09:31:50.182;DAI SI 20260619 PS AM C 68.00 0;SIMPLE_INSTRUMENT;BLOCK;EUR;13;1.47000000;750;PRC_DECOMP_EXCHANGE;;;;XEUR;9598268;443196;EXCHANGE
13.05.2025;10:02:13.163;DAI SI 20251219 PS AM P 48.00 0;SIMPLE_INSTRUMENT;BLOCK;EUR;15;2.20000000;1750;EXCHANGE_LAST;;2;1;XEUR;7144518;443196;
13.05.2025;11:49:06.194;DAI.O.250513.BRT.000017;STANDARD_OPTION_STRATEGY;BLOCK;EUR;25;2.20000000;1000;EXCHANGE_LAST;;1;1;XEUR;73961106363665584;443196;
13.05.2025;11:49:06.194;DAI SI 20250620 PS AM P 56.00 0;SIMPLE_INSTRUMENT;BLOCK;EUR;25;3.10000000;1000;PRC_DECOMP_EXCHANGE;;;;XEUR;8006365;443196;EXCHANGE
13.05.2025;11:49:06.194;DAI SI 20251219 PS AM P 56.00 0;SIMPLE_INSTRUMENT;BLOCK;EUR;25;5.30000000;1000;PRC_DECOMP_EXCHANGE;;;;XEUR;7349881;443196;EXCHANGE
13.05.2025;11:46:29.903;DAI.O.250513.BRT.000017;STANDARD_OPTION_STRATEGY;BLOCK;EUR;26;2.20000000;1000;EXCHANGE_LAST;;1;1;XEUR;73961106363665584;443196;
13.05.2025;11:46:29.903;DAI SI 20250620 PS AM P 56.00 0;SIMPLE_INSTRUMENT;BLOCK;EUR;26;3.10000000;1000;PRC_DECOMP_EXCHANGE;;;;XEUR;8006365;443196;EXCHANGE
13.05.2025;11:46:29.903;DAI SI 20251219 PS AM P 56.00 0;SIMPLE_INSTRUMENT;BLOCK;EUR;26;5.30000000;1000;PRC_DECOMP_EXCHANGE;;;;XEUR;7349881;443196;EXCHANGE
13.05.2025;13:32:46.982;DAI.O.250513.BRT.000020;STANDARD_OPTION_STRATEGY;BLOCK;EUR;35;0.60000000;2500;EXCHANGE_LAST;;1;1;XEUR;73961106363665587;443196;
13.05.2025;13:32:46.982;DAI SI 20260320 PS AM P 50.00 0;SIMPLE_INSTRUMENT;BLOCK;EUR;35;3.46000000;2500;PRC_DECOMP_EXCHANGE;;;;XEUR;13049845;443196;EXCHANGE
13.05.2025;13:32:46.982;DAI SI 20251219 PS AM P 50.00 0;SIMPLE_INSTRUMENT;BLOCK;EUR;35;2.86000000;2500;PRC_DECOMP_EXCHANGE;;;;XEUR;12490173;443196;EXCHANGE
13.05.2025;14:53:33.556;DAI SI 20251219 PS AM P 48.00 0;SIMPLE_INSTRUMENT;BLOCK;EUR;43;2.21000000;1650;EXCHANGE_LAST;;1;1;XEUR;7144518;443196;
13.05.2025;15:30:48.184;DAI.O.250513.BRT.000020;STANDARD_OPTION_STRATEGY;BLOCK;EUR;44;0.63000000;3500;EXCHANGE_LAST;;2;1;XEUR;73961106363665587;443196;
13.05.2025;15:30:48.184;DAI SI 20260320 PS AM P 50.00 0;SIMPLE_INSTRUMENT;BLOCK;EUR;44;3.37000000;3500;PRC_DECOMP_EXCHANGE;;;;XEUR;13049845;443196;EXCHANGE
13.05.2025;15:30:48.184;DAI SI 20251219 PS AM P 50.00 0;SIMPLE_INSTRUMENT;BLOCK;EUR;44;2.74000000;3500;PRC_DECOMP_EXCHANGE;;;;XEUR;12490173;443196;EXCHANGE
13.05.2025;15:41:00.579;DAI SI 20251219 PS AM C 60.00 0;SIMPLE_INSTRUMENT;BLOCK;EUR;45;2.35000000;1500;EXCHANGE_LAST;;1;1;XEUR;7144524;443196;
13.05.2025;10:34:17.027;DB1 SI 20261218 PS AM P 240.00 0;SIMPLE_INSTRUMENT;BLOCK;EUR;15;15.10000000;250;EXCHANGE_LAST;;1;1;XEUR;7267261;361;
13.05.2025;08:49:23.687;DBK SI 20251219 PS AM P 17.40 0;SIMPLE_INSTRUMENT;BLOCK;EUR;6;0.55000000;5000;EXCHANGE_LAST;;1;1;XEUR;11094116;362;
13.05.2025;08:49:32.206;DBK SI 20251219 PS AM P 14.00 0;SIMPLE_INSTRUMENT;BLOCK;EUR;7;0.24000000;5000;EXCHANGE_LAST;;1;1;XEUR;5926090;362;
13.05.2025;09:26:27.111;DBK SI 20260320 PS AM P 20.00 0;SIMPLE_INSTRUMENT;BLOCK;EUR;10;1.41000000;2500;EXCHANGE_LAST;;1;1;XEUR;13001294;362;
13.05.2025;09:49:18.247;DBK SI 20251219 PS AM C 28.00 0;SIMPLE_INSTRUMENT;BLOCK;EUR;11;1.32000000;2500;EXCHANGE_LAST;;1;1;XEUR;10401620;362;
13.05.2025;09:49:18.307;DBK SI 20260320 PS AM C 34.00 0;SIMPLE_INSTRUMENT;BLOCK;EUR;12;0.66000000;2500;EXCHANGE_LAST;;1;1;XEUR;13001522;362;
13.05.2025;11:57:04.726;DBK SI 20260320 PS AM P 23.00 0;SIMPLE_INSTRUMENT;BLOCK;EUR;20;2.33000000;2500;EXCHANGE_LAST;;1;1;XEUR;13309951;362;
13.05.2025;13:00:30.658;DBK SI 20251219 PS AM P 20.00 0;SIMPLE_INSTRUMENT;BLOCK;EUR;23;1.02000000;5000;EXCHANGE_LAST;;1;2;XEUR;7356551;362;
13.05.2025;15:35:50.227;DBK SI 20251219 PS AM P 24.00 0;SIMPLE_INSTRUMENT;BLOCK;EUR;30;2.41000000;3000;EXCHANGE_LAST;;1;1;XEUR;7543445;362;
13.05.2025;09:50:49.963;DPW SI 20291221 PS AM P 32.00 0;SIMPLE_INSTRUMENT;BLOCK;EUR;8;4.57000000;450;EXCHANGE_LAST;;1;1;XEUR;12439590;445;
13.05.2025;11:51:20.238;DPW.O.250513.BUL.000006;STANDARD_OPTION_STRATEGY;BLOCK;EUR;19;0.66000000;1500;EXCHANGE_LAST;;1;2;XEUR;72059505298416612;445;
13.05.2025;11:51:20.238;DPW SI 20250620 PS AM C 40.50 0;SIMPLE_INSTRUMENT;BLOCK;EUR;19;0.65000000;1500;PRC_DECOMP_EXCHANGE;;;;XEUR;13002682;445;EXCHANGE
13.05.2025;11:51:20.238;DPW SI 20250620 PS AM C 39.00 0;SIMPLE_INSTRUMENT;BLOCK;EUR;19;1.31000000;1500;PRC_DECOMP_EXCHANGE;;;;XEUR;13002670;445;EXCHANGE
13.05.2025;15:00:13.636;DPW SI 20250620 PS AM C 41.00 0;SIMPLE_INSTRUMENT;BLOCK;EUR;33;0.50000000;938;EXCHANGE_LAST;;1;1;XEUR;12982898;445;
13.05.2025;15:41:14.098;DPW SI 20251219 PS AM C 40.00 0;SIMPLE_INSTRUMENT;BLOCK;EUR;38;3.00000000;1980;EXCHANGE_LAST;;1;1;XEUR;5926789;445;
13.05.2025;10:15:04.266;DTE.O.250513.STD.000007;STANDARD_OPTION_STRATEGY;BLOCK;EUR;10;2.04000000;2000;EXCHANGE_LAST;;1;1;XEUR;72059415104108532;424;
13.05.2025;10:15:04.266;DTE SI 20250620 PS AM C 32.00 0;SIMPLE_INSTRUMENT;BLOCK;EUR;10;1.02000000;2000;PRC_DECOMP_EXCHANGE;;;;XEUR;7976636;424;EXCHANGE
13.05.2025;10:15:04.266;DTE SI 20250620 PS AM P 32.00 0;SIMPLE_INSTRUMENT;BLOCK;EUR;10;1.02000000;2000;PRC_DECOMP_EXCHANGE;;;;XEUR;7976637;424;EXCHANGE
13.05.2025;13:17:25.690;DTE SI 20250919 PS AM P 25.00 0;SIMPLE_INSTRUMENT;BLOCK;EUR;25;0.16000000;3500;EXCHANGE_LAST;;2;1;XEUR;11986401;424;
13.05.2025;13:53:36.141;DTG SI 20250620 PS AM C 45.00 0;SIMPLE_INSTRUMENT;BLOCK;EUR;38;0.16000000;345;EXCHANGE_LAST;;1;1;XEUR;13049971;455942;
13.05.2025;13:53:43.930;DTG SI 20250620 PS AM C 45.00 0;SIMPLE_INSTRUMENT;BLOCK;EUR;39;0.17000000;345;EXCHANGE_LAST;;1;1;XEUR;13049971;455942;
13.05.2025;13:48:49.463;E2NL SI 20261218 CS;SIMPLE_INSTRUMENT;BLOCK;EUR;76;0.46400000;2500;EXCHANGE_LAST;;1;1;XEUR;4632356;471;
13.05.2025;16:07:01.508;E2NL SI 20271217 CS;SIMPLE_INSTRUMENT;BLOCK;EUR;146;0.44500000;2000;EXCHANGE_LAST;;1;2;XEUR;5914571;471;
13.05.2025;11:08:25.408;E2NT SI 20261218 CS;SIMPLE_INSTRUMENT;BLOCK;EUR;30;0.99000000;1169;EXCHANGE_LAST;;1;2;XEUR;4632357;470;
13.05.2025;13:08:10.471;E2NT SI 20261218 CS;SIMPLE_INSTRUMENT;BLOCK;EUR;57;0.99000000;1200;EXCHANGE_LAST;;1;2;XEUR;4632357;470;
13.05.2025;13:27:51.829;E2NT SI 20250620 CS;SIMPLE_INSTRUMENT;BLOCK;EUR;66;0.50000000;900;EXCHANGE_LAST;;1;1;XEUR;10837409;470;
13.05.2025;08:18:08.741;E3AS SI 20281215 CS;SIMPLE_INSTRUMENT;BLOCK;EUR;1;2.75000000;20;EXCHANGE_LAST;;1;1;XEUR;11420317;840007;
13.05.2025;15:05:16.112;E3OA SI 20271217 CS;SIMPLE_INSTRUMENT;BLOCK;EUR;101;0.57000000;800;EXCHANGE_LAST;;2;1;XEUR;8407468;49063;
13.05.2025;08:17:03.275;EAD SI 20250516 PS AM C 160.00 0;SIMPLE_INSTRUMENT;BLOCK;EUR;5;1.70000000;327;EXCHANGE_LAST;;1;1;XEUR;13241839;465;
13.05.2025;08:17:19.160;EAD SI 20250516 PS AM C 152.00 0;SIMPLE_INSTRUMENT;BLOCK;EUR;6;7.83000000;330;EXCHANGE_LAST;;1;1;XEUR;13241878;465;
13.05.2025;12:36:07.530;EAD SI 20250620 PS AM C 180.00 0;SIMPLE_INSTRUMENT;BLOCK;EUR;29;0.57000000;1666;EXCHANGE_LAST;;1;1;XEUR;13242212;465;
13.05.2025;12:37:37.535;EAD SI 20250620 PS AM C 180.00 0;SIMPLE_INSTRUMENT;BLOCK;EUR;30;0.65000000;1429;EXCHANGE_LAST;;1;1;XEUR;13242212;465;
13.05.2025;15:31:07.730;EAMG SI 20250619 CS;SIMPLE_INSTRUMENT;BLOCK;EUR;125;2.13720000;6800;EXCHANGE_LAST;;1;1;XEUR;11162294;461;
13.05.2025;13:50:04.704;EF3G SI 20250516 CS;SIMPLE_INSTRUMENT;BLOCK;EUR;73;121.40000000;125;EXCHANGE_LAST;;1;1;XEUR;11035460;455;
13.05.2025;13:50:46.234;EF3G SI 20251121 CS;SIMPLE_INSTRUMENT;BLOCK;EUR;74;118.87920000;125;EXCHANGE_LAST;;1;1;XEUR;12073246;455;
13.05.2025;08:15:29.564;ENL5 SI 20251218 PS AM P 7.60 0;SIMPLE_INSTRUMENT;BLOCK;EUR;4;0.46500000;4000;EXCHANGE_LAST;;1;1;XEUR;12421455;500;
13.05.2025;11:44:22.391;ENL5 SI 20250717 PS AM P 7.20 0;SIMPLE_INSTRUMENT;BLOCK;EUR;12;0.06900000;4033;EXCHANGE_LAST;;1;1;XEUR;13241730;500;
13.05.2025;09:35:20.365;ENR SI 20250718 PS AM P 76.00 0;SIMPLE_INSTRUMENT;BLOCK;EUR;7;6.25000000;2000;EXCHANGE_LAST;;2;1;XEUR;13272270;298530;
13.05.2025;09:53:00.794;ENR SI 20250620 PS AM C 68.00 0;SIMPLE_INSTRUMENT;BLOCK;EUR;9;8.80000000;250;EXCHANGE_LAST;;1;1;XEUR;12229466;298530;
13.05.2025;13:38:35.605;ENR SI 20250718 PS AM C 90.00 0;SIMPLE_INSTRUMENT;BLOCK;EUR;27;1.52000000;2000;EXCHANGE_LAST;;2;1;XEUR;13335300;298530;
13.05.2025;14:12:11.770;ENR SI 20250718 PS AM C 76.00 0;SIMPLE_INSTRUMENT;BLOCK;EUR;28;5.50000000;1500;EXCHANGE_LAST;;1;1;XEUR;13272274;298530;
13.05.2025;14:12:22.878;ENR SI 20250718 PS AM P 68.00 0;SIMPLE_INSTRUMENT;BLOCK;EUR;29;3.05000000;2000;EXCHANGE_LAST;;1;1;XEUR;13272296;298530;
13.05.2025;08:33:33.840;ENT5 SI 20260618 PS AM P 12.00 0;SIMPLE_INSTRUMENT;BLOCK;EUR;6;0.88000000;500;EXCHANGE_LAST;;1;1;XEUR;9531346;497;
13.05.2025;13:28:05.039;ENTH SI 20250619 CS;SIMPLE_INSTRUMENT;BLOCK;EUR;67;13.16850000;2000;EXCHANGE_LAST;;1;1;XEUR;11165310;524973;
13.05.2025;15:25:24.014;ENTH SI 20250619 CS;SIMPLE_INSTRUMENT;BLOCK;EUR;116;12.81220000;33600;EXCHANGE_LAST;;1;1;XEUR;11165310;524973;
13.05.2025;13:02:47.238;EOA SI 20250516 PS AM C 14.60 0;SIMPLE_INSTRUMENT;BLOCK;EUR;31;0.43000000;3000;EXCHANGE_LAST;;1;1;XEUR;12937270;49065;
13.05.2025;13:02:58.269;EOA SI 20250516 PS AM P 13.00 0;SIMPLE_INSTRUMENT;BLOCK;EUR;32;0.03000000;3000;EXCHANGE_LAST;;1;1;XEUR;12839793;49065;
13.05.2025;13:52:35.636;ESSG SI 20250516 CS;SIMPLE_INSTRUMENT;BLOCK;EUR;79;55.90000000;260;EXCHANGE_LAST;;1;1;XEUR;11065661;324377;
13.05.2025;13:52:58.603;ESSG SI 20251121 CS;SIMPLE_INSTRUMENT;BLOCK;EUR;80;56.55310000;260;EXCHANGE_LAST;;1;1;XEUR;12103557;324377;
13.05.2025;15:55:58.910;FATX SI 20250620 CS;SIMPLE_INSTRUMENT;EFP_IDX;EUR;13;4312.50000000;22;EXCHANGE_LAST;;1;1;XEUR;11905432;28699;
13.05.2025;15:56:22.127;FATX SI 20250620 CS;SIMPLE_INSTRUMENT;EFP_IDX;EUR;14;4313.00000000;23;EXCHANGE_LAST;;1;1;XEUR;11905432;28699;
13.05.2025;16:03:28.586;FATX SI 20250620 CS;SIMPLE_INSTRUMENT;EFP_IDX;EUR;15;4328.00000000;18;EXCHANGE_LAST;;1;1;XEUR;11905432;28699;
13.05.2025;08:21:59.647;FBTP SI 20250606 PS;SIMPLE_INSTRUMENT;EFP_FIN;EUR;1;119.30000000;354;EXCHANGE_LAST;;1;1;XEUR;11820365;636;
13.05.2025;08:35:01.529;FBTP SI 20250606 PS;SIMPLE_INSTRUMENT;EFP_FIN;EUR;2;119.28000000;181;EXCHANGE_LAST;;1;1;XEUR;11820365;636;
13.05.2025;08:35:57.484;FBTP SI 20250606 PS;SIMPLE_INSTRUMENT;EFP_FIN;EUR;3;119.24000000;629;EXCHANGE_LAST;;1;1;XEUR;11820365;636;
13.05.2025;08:37:38.519;FBTP SI 20250606 PS;SIMPLE_INSTRUMENT;EFP_FIN;EUR;4;119.27000000;266;EXCHANGE_LAST;;1;1;XEUR;11820365;636;
13.05.2025;08:43:58.005;FBTP SI 20250606 PS;SIMPLE_INSTRUMENT;BLOCK;EUR;5;119.27000000;2514;EXCHANGE_LAST;;1;1;XEUR;11820365;636;
13.05.2025;08:46:26.926;FBTP SI 20250606 PS;SIMPLE_INSTRUMENT;EFP_FIN;EUR;6;119.34000000;292;EXCHANGE_LAST;;1;1;XEUR;11820365;636;
13.05.2025;08:52:26.683;FBTP SI 20250606 PS;SIMPLE_INSTRUMENT;EFP_FIN;EUR;7;119.31000000;500;EXCHANGE_LAST;;1;1;XEUR;11820365;636;
13.05.2025;09:18:56.647;FBTP SI 20250606 PS;SIMPLE_INSTRUMENT;BLOCK;EUR;8;119.26000000;448;EXCHANGE_LAST;;1;1;XEUR;11820365;636;
13.05.2025;09:19:35.201;FBTP SI 20250606 PS;SIMPLE_INSTRUMENT;BLOCK;EUR;9;119.26000000;361;EXCHANGE_LAST;;1;1;XEUR;11820365;636;
13.05.2025;09:22:05.352;FBTP SI 20250606 PS;SIMPLE_INSTRUMENT;BLOCK;EUR;10;119.24000000;307;EXCHANGE_LAST;;1;1;XEUR;11820365;636;
13.05.2025;09:24:38.283;FBTP SI 20250606 PS;SIMPLE_INSTRUMENT;EFP_FIN;EUR;11;119.22000000;145;EXCHANGE_LAST;;1;1;XEUR;11820365;636;
13.05.2025;09:32:31.911;FBTP SI 20250606 PS;SIMPLE_INSTRUMENT;EFP_FIN;EUR;12;119.26000000;137;EXCHANGE_LAST;;1;1;XEUR;11820365;636;
13.05.2025;09:34:43.196;FBTP SI 20250606 PS;SIMPLE_INSTRUMENT;EFP_FIN;EUR;13;119.22000000;533;EXCHANGE_LAST;;1;1;XEUR;11820365;636;
13.05.2025;09:37:08.363;FBTP SI 20250606 PS;SIMPLE_INSTRUMENT;EFP_FIN;EUR;14;119.21000000;375;EXCHANGE_LAST;;1;1;XEUR;11820365;636;
13.05.2025;09:48:15.726;FBTP SI 20250606 PS;SIMPLE_INSTRUMENT;EFP_FIN;EUR;15;119.21000000;187;EXCHANGE_LAST;;1;1;XEUR;11820365;636;
13.05.2025;09:50:43.564;FBTP SI 20250606 PS;SIMPLE_INSTRUMENT;EFP_FIN;EUR;16;119.19000000;375;EXCHANGE_LAST;;1;1;XEUR;11820365;636;
13.05.2025;10:03:30.153;FBTP SI 20250606 PS;SIMPLE_INSTRUMENT;BLOCK;EUR;17;119.20000000;354;EXCHANGE_LAST;;1;1;XEUR;11820365;636;
13.05.2025;10:26:41.107;FBTP SI 20250606 PS;SIMPLE_INSTRUMENT;EFP_FIN;EUR;18;119.23000000;181;EXCHANGE_LAST;;1;1;XEUR;11820365;636;
13.05.2025;10:29:03.924;FBTP SI 20250606 PS;SIMPLE_INSTRUMENT;EFP_FIN;EUR;19;119.31000000;335;EXCHANGE_LAST;;1;1;XEUR;11820365;636;
13.05.2025;10:33:35.502;FBTP SI 20250606 PS;SIMPLE_INSTRUMENT;EFP_FIN;EUR;20;119.31000000;335;EXCHANGE_LAST;;1;1;XEUR;11820365;636;
13.05.2025;11:01:00.913;FBTP SI 20250606 PS;SIMPLE_INSTRUMENT;EFP_FIN;EUR;21;119.32000000;533;EXCHANGE_LAST;;1;1;XEUR;11820365;636;
13.05.2025;11:38:10.612;FBTP SI 20250606 PS;SIMPLE_INSTRUMENT;EFP_FIN;EUR;22;119.31000000;178;EXCHANGE_LAST;;1;1;XEUR;11820365;636;
13.05.2025;12:49:03.470;FBTP SI 20250606 PS;SIMPLE_INSTRUMENT;BLOCK;EUR;23;119.30000000;469;EXCHANGE_LAST;;1;1;XEUR;11820365;636;
13.05.2025;12:54:30.370;FBTP SI 20250606 PS;SIMPLE_INSTRUMENT;BLOCK;EUR;25;119.23000000;300;EXCHANGE_LAST;;1;1;XEUR;11820365;636;
13.05.2025;12:58:35.972;FBTP SI 20250606 PS;SIMPLE_INSTRUMENT;EFP_FIN;EUR;26;119.34000000;1769;EXCHANGE_LAST;;1;1;XEUR;11820365;636;
13.05.2025;13:07:54.956;FBTP SI 20250606 PS;SIMPLE_INSTRUMENT;EFP_FIN;EUR;27;119.38000000;339;EXCHANGE_LAST;;1;1;XEUR;11820365;636;
13.05.2025;13:13:26.255;FBTP SI 20250606 PS;SIMPLE_INSTRUMENT;EFP_FIN;EUR;28;119.38000000;506;EXCHANGE_LAST;;1;1;XEUR;11820365;636;
13.05.2025;13:55:21.328;FBTP SI 20250606 PS;SIMPLE_INSTRUMENT;EFP_FIN;EUR;29;119.39000000;463;EXCHANGE_LAST;;1;1;XEUR;11820365;636;
13.05.2025;13:57:13.108;FBTP SI 20250606 PS;SIMPLE_INSTRUMENT;EFP_FIN;EUR;30;119.38000000;2420;EXCHANGE_LAST;;1;1;XEUR;11820365;636;
13.05.2025;14:08:12.953;FBTP SI 20250606 PS;SIMPLE_INSTRUMENT;BLOCK;EUR;31;119.38000000;461;EXCHANGE_LAST;;1;1;XEUR;11820365;636;
13.05.2025;14:18:58.857;FBTP SI 20250606 PS;SIMPLE_INSTRUMENT;EFP_FIN;EUR;32;119.34000000;53;EXCHANGE_LAST;;1;1;XEUR;11820365;636;
13.05.2025;14:32:24.947;FBTP SI 20250606 PS;SIMPLE_INSTRUMENT;EFP_FIN;EUR;33;119.28000000;450;EXCHANGE_LAST;;1;1;XEUR;11820365;636;
13.05.2025;14:52:21.735;FBTP SI 20250606 PS;SIMPLE_INSTRUMENT;BLOCK;EUR;34;119.26000000;503;EXCHANGE_LAST;;1;1;XEUR;11820365;636;
13.05.2025;15:14:34.001;FBTP SI 20250606 PS;SIMPLE_INSTRUMENT;EFP_FIN;EUR;36;119.39000000;463;EXCHANGE_LAST;;1;1;XEUR;11820365;636;
13.05.2025;15:14:41.857;FBTP SI 20250606 PS;SIMPLE_INSTRUMENT;EFP_FIN;EUR;37;119.35000000;96;EXCHANGE_LAST;;1;1;XEUR;11820365;636;
13.05.2025;15:16:14.732;FBTP SI 20250606 PS;SIMPLE_INSTRUMENT;EFP_FIN;EUR;38;119.35000000;93;EXCHANGE_LAST;;1;1;XEUR;11820365;636;
13.05.2025;15:17:31.002;FBTP SI 20250606 PS;SIMPLE_INSTRUMENT;EFP_FIN;EUR;39;119.35000000;72;EXCHANGE_LAST;;1;1;XEUR;11820365;636;
13.05.2025;15:18:34.054;FBTP SI 20250606 PS;SIMPLE_INSTRUMENT;EFP_FIN;EUR;40;119.35000000;86;EXCHANGE_LAST;;1;1;XEUR;11820365;636;
13.05.2025;15:19:00.128;FBTP SI 20250606 PS;SIMPLE_INSTRUMENT;EFP_FIN;EUR;41;119.35000000;86;EXCHANGE_LAST;;1;1;XEUR;11820365;636;
13.05.2025;15:29:18.690;FBTP SI 20250606 PS;SIMPLE_INSTRUMENT;EFP_FIN;EUR;42;119.35000000;726;EXCHANGE_LAST;;1;1;XEUR;11820365;636;
13.05.2025;15:39:14.808;FBTP SI 20250606 PS;SIMPLE_INSTRUMENT;EFP_FIN;EUR;43;119.28000000;288;EXCHANGE_LAST;;1;1;XEUR;11820365;636;
13.05.2025;15:47:32.645;FBTP SI 20250606 PS;SIMPLE_INSTRUMENT;EFP_FIN;EUR;44;119.32000000;265;EXCHANGE_LAST;;1;1;XEUR;11820365;636;
13.05.2025;16:01:31.823;FBTP SI 20250606 PS;SIMPLE_INSTRUMENT;EFP_FIN;EUR;45;119.40000000;1769;EXCHANGE_LAST;;1;1;XEUR;11820365;636;
13.05.2025;08:00:26.581;FBTS SI 20250606 PS;SIMPLE_INSTRUMENT;EFP_FIN;EUR;7;107.79000000;378;EXCHANGE_LAST;;1;1;XEUR;11820367;639;
13.05.2025;08:06:47.186;FBTS SI 20250606 PS;SIMPLE_INSTRUMENT;EFP_FIN;EUR;8;107.78000000;1047;EXCHANGE_LAST;;1;1;XEUR;11820367;639;
13.05.2025;08:15:36.095;FBTS SI 20250606 PS;SIMPLE_INSTRUMENT;EFP_FIN;EUR;9;107.80000000;1153;EXCHANGE_LAST;;1;1;XEUR;11820367;639;
13.05.2025;08:26:43.363;FBTS SI 20250606 PS;SIMPLE_INSTRUMENT;EFP_FIN;EUR;11;107.78000000;1047;EXCHANGE_LAST;;1;1;XEUR;11820367;639;
13.05.2025;09:07:29.060;FBTS SI 20250606 PS;SIMPLE_INSTRUMENT;BLOCK;EUR;14;107.79000000;501;EXCHANGE_LAST;;1;1;XEUR;11820367;639;
13.05.2025;09:10:44.731;FBTS SI 20250606 PS;SIMPLE_INSTRUMENT;EFP_FIN;EUR;15;107.78000000;1186;EXCHANGE_LAST;;1;1;XEUR;11820367;639;
13.05.2025;09:23:58.838;FBTS SI 20250606 PS;SIMPLE_INSTRUMENT;BLOCK;EUR;18;107.78000000;264;EXCHANGE_LAST;;1;1;XEUR;11820367;639;
13.05.2025;09:25:52.376;FBTS SI 20250606 PS;SIMPLE_INSTRUMENT;BLOCK;EUR;19;107.78000000;329;EXCHANGE_LAST;;1;1;XEUR;11820367;639;
13.05.2025;09:40:54.094;FBTS SI 20250606 PS;SIMPLE_INSTRUMENT;EFP_FIN;EUR;20;107.78000000;659;EXCHANGE_LAST;;1;1;XEUR;11820367;639;
13.05.2025;10:32:56.921;FBTS SI 20250606 PS;SIMPLE_INSTRUMENT;EFP_FIN;EUR;22;107.76000000;1741;EXCHANGE_LAST;;1;1;XEUR;11820367;639;
13.05.2025;10:43:11.266;FBTS SI 20250606 PS;SIMPLE_INSTRUMENT;EFP_FIN;EUR;23;107.76000000;1449;EXCHANGE_LAST;;1;1;XEUR;11820367;639;
13.05.2025;10:48:58.240;FBTS SI 20250606 PS;SIMPLE_INSTRUMENT;EFP_FIN;EUR;25;107.79000000;461;EXCHANGE_LAST;;1;1;XEUR;11820367;639;
13.05.2025;11:08:32.976;FBTS SI 20250606 PS;SIMPLE_INSTRUMENT;EFP_FIN;EUR;29;107.78000000;1318;EXCHANGE_LAST;;1;1;XEUR;11820367;639;
13.05.2025;11:10:19.542;FBTS SI 20250606 PS;SIMPLE_INSTRUMENT;BLOCK;EUR;30;107.79000000;971;EXCHANGE_LAST;;1;1;XEUR;11820367;639;
13.05.2025;12:12:19.071;FBTS SI 20250606 PS;SIMPLE_INSTRUMENT;EFP_FIN;EUR;35;107.79000000;2338;EXCHANGE_LAST;;1;1;XEUR;11820367;639;
13.05.2025;12:14:37.473;FBTS SI 20250606 PS;SIMPLE_INSTRUMENT;EFP_FIN;EUR;36;107.79000000;1161;EXCHANGE_LAST;;1;1;XEUR;11820367;639;
13.05.2025;14:07:47.564;FBTS SI 20250606 PS;SIMPLE_INSTRUMENT;EFP_FIN;EUR;39;107.79000000;1169;EXCHANGE_LAST;;1;1;XEUR;11820367;639;
13.05.2025;14:08:07.611;FBTS SI 20250606 PS;SIMPLE_INSTRUMENT;EFP_FIN;EUR;40;107.80000000;1160;EXCHANGE_LAST;;1;1;XEUR;11820367;639;
13.05.2025;14:16:13.854;FBTS SI 20250606 PS;SIMPLE_INSTRUMENT;BLOCK;EUR;41;107.80000000;194;EXCHANGE_LAST;;1;1;XEUR;11820367;639;
13.05.2025;15:20:14.228;FBTS SI 20250606 PS;SIMPLE_INSTRUMENT;EFP_FIN;EUR;46;107.80000000;171;EXCHANGE_LAST;;1;1;XEUR;11820367;639;
13.05.2025;11:03:59.358;FCEU SI 20250616 PS;SIMPLE_INSTRUMENT;BLOCK;USD;1;1.11270000;100;EXCHANGE_LAST;;1;1;XEUR;7879022;369376;
13.05.2025;15:13:43.766;FCEU SI 20250616 PS;SIMPLE_INSTRUMENT;BLOCK;USD;5;1.11867000;413;EXCHANGE_LAST;;1;1;XEUR;7879022;369376;
13.05.2025;12:56:19.054;FCNS SI 20250616 PS;SIMPLE_INSTRUMENT;EFP_IDX;SEK;2;0.93352000;22;EXCHANGE_LAST;;1;1;XEUR;7879240;402911;
13.05.2025;12:56:19.464;FCNS SI 20250616 PS;SIMPLE_INSTRUMENT;EFP_IDX;SEK;3;0.93353000;38;EXCHANGE_LAST;;1;1;XEUR;7879240;402911;
13.05.2025;15:32:11.263;FCPU SI 20250616 PS;SIMPLE_INSTRUMENT;BLOCK;USD;6;1.32790000;155;EXCHANGE_LAST;;1;1;XEUR;7879040;369379;
13.05.2025;15:33:19.267;FCPU SI 20250616 PS;SIMPLE_INSTRUMENT;BLOCK;USD;7;1.32780000;93;EXCHANGE_LAST;;1;1;XEUR;7879040;369379;
13.05.2025;13:34:55.090;FCZU SI 20250616 CS;SIMPLE_INSTRUMENT;BLOCK;USD;4;0.05414000;100;EXCHANGE_LAST;;1;1;XEUR;11855446;570872;
13.05.2025;12:29:48.241;FDAX SI 20250620 CS;SIMPLE_INSTRUMENT;EFP_IDX;EUR;1;23700.00000000;100;EXCHANGE_LAST;;1;1;XEUR;7903800;589;
13.05.2025;12:49:05.131;FDAX SI 20250620 CS;SIMPLE_INSTRUMENT;EFP_IDX;EUR;2;23700.00000000;200;EXCHANGE_LAST;;1;1;XEUR;7903800;589;
13.05.2025;14:39:17.551;FDAX SI 20250620 CS;SIMPLE_INSTRUMENT;EFP_IDX;EUR;3;23700.00000000;90;EXCHANGE_LAST;;1;1;XEUR;7903800;589;
13.05.2025;15:41:40.147;FDAX SI 20250620 CS;SIMPLE_INSTRUMENT;EFP_IDX;EUR;4;23725.00000000;11;EXCHANGE_LAST;;1;1;XEUR;7903800;589;
13.05.2025;15:42:22.812;FDAX SI 20250620 CS;SIMPLE_INSTRUMENT;EFP_IDX;EUR;5;23726.00000000;14;EXCHANGE_LAST;;1;1;XEUR;7903800;589;
13.05.2025;09:57:22.868;FDAX SI 20250620 CS;SIMPLE_INSTRUMENT;VOLA;EUR;671088647;23650.00000000;36;EXCHANGE_LAST;;1;1;XEUR;7903800;589;
13.05.2025;14:48:39.857;FDAX SI 20250620 CS;SIMPLE_INSTRUMENT;VOLA;EUR;671088655;23695.00000000;22;EXCHANGE_LAST;;1;1;XEUR;7903800;589;
13.05.2025;14:26:25.131;FDJ.O.250513.COMBO.000003;STANDARD_OPTION_STRATEGY;BLOCK;EUR;37;3.40000000;1000;EXCHANGE_LAST;;1;1;XEUR;72916188065170672;199907;
13.05.2025;14:26:25.131;FDJ SI 20260619 PS AM C 36.00 0;SIMPLE_INSTRUMENT;BLOCK;EUR;37;0.99000000;1000;PRC_DECOMP_EXCHANGE;;;;XEUR;11398558;199907;EXCHANGE
13.05.2025;14:26:25.131;FDJ SI 20260619 PS AM P 32.00 0;SIMPLE_INSTRUMENT;BLOCK;EUR;37;4.39000000;1000;PRC_DECOMP_EXCHANGE;;;;XEUR;11398556;199907;EXCHANGE
13.05.2025;12:32:56.192;FEBD SI 20251219 CS;SIMPLE_INSTRUMENT;BLOCK;EUR;26;11.28000000;250;EXCHANGE_LAST;;1;2;XEUR;5914075;597;
13.05.2025;13:58:22.970;FEBD SI 20261218 CS;SIMPLE_INSTRUMENT;BLOCK;EUR;34;10.49000000;425;EXCHANGE_LAST;;1;2;XEUR;7158212;597;
13.05.2025;13:58:42.269;FEBD SI 20261218 CS;SIMPLE_INSTRUMENT;BLOCK;EUR;35;10.50000000;425;EXCHANGE_LAST;;1;2;XEUR;7158212;597;
13.05.2025;14:33:15.395;FEBD SI 20271217 CS;SIMPLE_INSTRUMENT;BLOCK;EUR;41;9.84000000;500;EXCHANGE_LAST;;1;1;XEUR;7776307;597;
13.05.2025;14:55:07.459;FEBD.S.DEC26.DEC27.SPD;FUTURES_SPREAD;BLOCK;EUR;44;0.67000000;750;EXCHANGE_LAST;;1;1;XEUR;72060158133407037;597;
13.05.2025;14:55:07.459;FEBD SI 20271217 CS;SIMPLE_INSTRUMENT;BLOCK;EUR;44;9.83000000;750;PRC_DECOMP_MEMBER;;;;XEUR;7776307;597;MEMBER
13.05.2025;14:55:07.459;FEBD SI 20261218 CS;SIMPLE_INSTRUMENT;BLOCK;EUR;44;10.50000000;750;PRC_DECOMP_MEMBER;;;;XEUR;7158212;597;MEMBER
13.05.2025;09:34:53.710;FECX SI 20250620 CS;SIMPLE_INSTRUMENT;BLOCK;EUR;13;166.54000000;61;EXCHANGE_LAST;;1;1;XEUR;11949125;410158;
13.05.2025;14:04:35.803;FECX SI 20250620 CS;SIMPLE_INSTRUMENT;BLOCK;EUR;37;166.62000000;60;EXCHANGE_LAST;;1;1;XEUR;11949125;410158;
13.05.2025;10:55:24.425;FEDV SI 20250620 CS;SIMPLE_INSTRUMENT;BLOCK;EUR;20;1943.50000000;175;EXCHANGE_LAST;;1;1;XEUR;11880642;596;
13.05.2025;14:42:00.448;FEDV SI 20250620 CS;SIMPLE_INSTRUMENT;BLOCK;EUR;42;1941.00000000;1500;EXCHANGE_LAST;;1;1;XEUR;11880642;596;
13.05.2025;15:44:22.897;FEDV SI 20250620 CS;SIMPLE_INSTRUMENT;EFP_IDX;EUR;51;1942.00000000;22;EXCHANGE_LAST;;1;1;XEUR;11880642;596;
13.05.2025;15:44:39.982;FEDV SI 20250620 CS;SIMPLE_INSTRUMENT;EFP_IDX;EUR;52;1942.50000000;1078;EXCHANGE_LAST;;1;1;XEUR;11880642;596;
13.05.2025;15:56:16.798;FEDV SI 20250620 CS;SIMPLE_INSTRUMENT;EFP_IDX;EUR;59;1942.00000000;114;EXCHANGE_LAST;;1;1;XEUR;11880642;596;
13.05.2025;15:56:26.801;FEDV SI 20250620 CS;SIMPLE_INSTRUMENT;EFP_IDX;EUR;61;1943.00000000;109;EXCHANGE_LAST;;1;1;XEUR;11880642;596;
13.05.2025;11:41:28.999;FESB SI 20250620 CS;SIMPLE_INSTRUMENT;BLOCK;EUR;32;196.00000000;3000;EXCHANGE_LAST;;1;1;XEUR;11880665;605;
13.05.2025;13:55:56.919;FESB SI 20250620 CS;SIMPLE_INSTRUMENT;BLOCK;EUR;34;196.50000000;5000;EXCHANGE_LAST;;1;1;XEUR;11880665;605;
13.05.2025;13:58:26.606;FESB SI 20250620 CS;SIMPLE_INSTRUMENT;BLOCK;EUR;35;196.50000000;5000;EXCHANGE_LAST;;1;1;XEUR;11880665;605;
13.05.2025;15:44:02.348;FESB SI 20250620 CS;SIMPLE_INSTRUMENT;BLOCK;EUR;36;196.30000000;2000;EXCHANGE_LAST;;1;1;XEUR;11880665;605;
13.05.2025;15:44:11.767;FESB SI 20250620 CS;SIMPLE_INSTRUMENT;BLOCK;EUR;37;196.40000000;3000;EXCHANGE_LAST;;1;1;XEUR;11880665;605;
13.05.2025;15:48:57.772;FESB SI 20250620 CS;SIMPLE_INSTRUMENT;BLOCK;EUR;44;196.30000000;2000;EXCHANGE_LAST;;1;1;XEUR;11880665;605;
13.05.2025;15:49:06.471;FESB SI 20250620 CS;SIMPLE_INSTRUMENT;BLOCK;EUR;45;196.40000000;3000;EXCHANGE_LAST;;1;1;XEUR;11880665;605;
13.05.2025;08:32:43.499;FESB SI 20250620 CS;SIMPLE_INSTRUMENT;VOLA;EUR;603979790;196.40000000;560;EXCHANGE_LAST;;1;1;XEUR;11880665;605;
13.05.2025;08:33:53.312;FESB SI 20250620 CS;SIMPLE_INSTRUMENT;VOLA;EUR;603979791;196.35000000;1300;EXCHANGE_LAST;;1;1;XEUR;11880665;605;
13.05.2025;08:52:05.591;FESB SI 20250620 CS;SIMPLE_INSTRUMENT;VOLA;EUR;603979797;196.15000000;600;EXCHANGE_LAST;;1;1;XEUR;11880665;605;
13.05.2025;11:16:31.266;FESB SI 20250620 CS;SIMPLE_INSTRUMENT;VOLA;EUR;603979816;196.00000000;141;EXCHANGE_LAST;;1;1;XEUR;11880665;605;
13.05.2025;08:50:55.912;FESX SI 20250620 CS;SIMPLE_INSTRUMENT;BLOCK;EUR;1;5385.00000000;2000;EXCHANGE_LAST;;1;1;XEUR;7904020;675;
13.05.2025;15:45:26.563;FESX SI 20250620 CS;SIMPLE_INSTRUMENT;EFP_IDX;EUR;2;5405.00000000;55;EXCHANGE_LAST;;1;1;XEUR;7904020;675;
13.05.2025;15:45:17.503;FESX SI 20250620 CS;SIMPLE_INSTRUMENT;EFP_IDX;EUR;3;5404.00000000;595;EXCHANGE_LAST;;1;1;XEUR;7904020;675;
13.05.2025;15:44:00.857;FESX SI 20250620 CS;SIMPLE_INSTRUMENT;EFP_IDX;EUR;4;5404.00000000;915;EXCHANGE_LAST;;1;1;XEUR;7904020;675;
13.05.2025;15:43:53.368;FESX SI 20250620 CS;SIMPLE_INSTRUMENT;EFP_IDX;EUR;5;5405.00000000;85;EXCHANGE_LAST;;1;1;XEUR;7904020;675;
13.05.2025;15:42:43.273;FESX SI 20250620 CS;SIMPLE_INSTRUMENT;EFP_IDX;EUR;6;5403.00000000;10;EXCHANGE_LAST;;1;1;XEUR;7904020;675;
13.05.2025;15:42:56.364;FESX SI 20250620 CS;SIMPLE_INSTRUMENT;EFP_IDX;EUR;7;5404.00000000;240;EXCHANGE_LAST;;1;1;XEUR;7904020;675;
13.05.2025;15:44:00.096;FESX SI 20250620 CS;SIMPLE_INSTRUMENT;EFP_IDX;EUR;8;5404.00000000;432;EXCHANGE_LAST;;1;1;XEUR;7904020;675;
13.05.2025;15:43:39.831;FESX SI 20250620 CS;SIMPLE_INSTRUMENT;EFP_IDX;EUR;9;5404.00000000;320;EXCHANGE_LAST;;1;1;XEUR;7904020;675;
13.05.2025;15:44:20.338;FESX SI 20250620 CS;SIMPLE_INSTRUMENT;EFP_IDX;EUR;10;5403.00000000;18;EXCHANGE_LAST;;1;1;XEUR;7904020;675;
13.05.2025;15:44:08.602;FESX SI 20250620 CS;SIMPLE_INSTRUMENT;EFP_IDX;EUR;11;5405.00000000;30;EXCHANGE_LAST;;1;1;XEUR;7904020;675;
13.05.2025;15:49:28.937;FESX SI 20250620 CS;SIMPLE_INSTRUMENT;EFP_IDX;EUR;12;5402.00000000;110;EXCHANGE_LAST;;1;1;XEUR;7904020;675;
13.05.2025;15:49:28.937;FESX SI 20250620 CS;SIMPLE_INSTRUMENT;EFP_IDX;EUR;13;5406.00000000;111;EXCHANGE_LAST;;1;1;XEUR;7904020;675;
13.05.2025;15:49:28.937;FESX SI 20250620 CS;SIMPLE_INSTRUMENT;EFP_IDX;EUR;14;5402.00000000;220;EXCHANGE_LAST;;1;1;XEUR;7904020;675;
13.05.2025;15:49:28.937;FESX SI 20250620 CS;SIMPLE_INSTRUMENT;EFP_IDX;EUR;15;5406.00000000;191;EXCHANGE_LAST;;1;1;XEUR;7904020;675;
13.05.2025;07:36:19.186;FESX SI 20250620 CS;SIMPLE_INSTRUMENT;VOLA;EUR;637534219;5378.00000000;176;EXCHANGE_LAST;;1;1;XEUR;7904020;675;
13.05.2025;07:36:10.185;FESX SI 20250620 CS;SIMPLE_INSTRUMENT;VOLA;EUR;637534220;5378.00000000;176;EXCHANGE_LAST;;1;1;XEUR;7904020;675;
13.05.2025;08:25:08.396;FESX SI 20250620 CS;SIMPLE_INSTRUMENT;VOLA;EUR;637534242;5374.00000000;21;EXCHANGE_LAST;;1;1;XEUR;7904020;675;
13.05.2025;08:28:13.125;FESX SI 20250620 CS;SIMPLE_INSTRUMENT;VOLA;EUR;637534250;5373.00000000;600;EXCHANGE_LAST;;1;1;XEUR;7904020;675;
13.05.2025;08:28:09.597;FESX SI 20250620 CS;SIMPLE_INSTRUMENT;VOLA;EUR;637534251;5373.00000000;414;EXCHANGE_LAST;;1;1;XEUR;7904020;675;
13.05.2025;08:38:50.681;FESX SI 20250620 CS;SIMPLE_INSTRUMENT;VOLA;EUR;637534258;5390.00000000;13;EXCHANGE_LAST;;1;1;XEUR;7904020;675;
13.05.2025;08:42:46.441;FESX SI 20250620 CS;SIMPLE_INSTRUMENT;VOLA;EUR;637534261;5380.00000000;870;EXCHANGE_LAST;;1;1;XEUR;7904020;675;
13.05.2025;08:53:56.325;FESX SI 20250620 CS;SIMPLE_INSTRUMENT;VOLA;EUR;637534267;5355.00000000;30;EXCHANGE_LAST;;1;1;XEUR;7904020;675;
13.05.2025;09:04:29.442;FESX SI 20250620 CS;SIMPLE_INSTRUMENT;VOLA;EUR;637534279;5385.00000000;800;EXCHANGE_LAST;;1;1;XEUR;7904020;675;
13.05.2025;09:04:31.651;FESX SI 20250620 CS;SIMPLE_INSTRUMENT;VOLA;EUR;637534280;5385.00000000;200;EXCHANGE_LAST;;1;1;XEUR;7904020;675;
13.05.2025;09:14:58.142;FESX SI 20250620 CS;SIMPLE_INSTRUMENT;VOLA;EUR;637534284;5384.00000000;1002;EXCHANGE_LAST;;1;1;XEUR;7904020;675;
13.05.2025;09:17:46.911;FESX SI 20250620 CS;SIMPLE_INSTRUMENT;VOLA;EUR;637534289;5383.00000000;200;EXCHANGE_LAST;;1;1;XEUR;7904020;675;
13.05.2025;10:17:52.859;FESX SI 20250620 CS;SIMPLE_INSTRUMENT;VOLA;EUR;637534320;5380.00000000;140;EXCHANGE_LAST;;1;1;XEUR;7904020;675;
13.05.2025;11:38:23.305;FESX SI 20250620 CS;SIMPLE_INSTRUMENT;VOLA;EUR;637534342;5384.00000000;242;EXCHANGE_LAST;;1;1;XEUR;7904020;675;
13.05.2025;14:10:14.323;FESX SI 20250620 CS;SIMPLE_INSTRUMENT;VOLA;EUR;637534391;5387.00000000;60;EXCHANGE_LAST;;1;1;XEUR;7904020;675;
13.05.2025;14:39:37.706;FESX SI 20250620 CS;SIMPLE_INSTRUMENT;VOLA;EUR;637534405;5395.00000000;550;EXCHANGE_LAST;;1;1;XEUR;7904020;675;
13.05.2025;14:50:13.624;FESX SI 20250620 CS;SIMPLE_INSTRUMENT;VOLA;EUR;637534417;5400.00000000;962;EXCHANGE_LAST;;1;1;XEUR;7904020;675;
13.05.2025;09:50:11.227;FEU3 SI 20260914 CS;SIMPLE_INSTRUMENT;BLOCK;EUR;21;98.05000000;20000;EXCHANGE_LAST;;1;1;XEUR;5587984;702;
13.05.2025;08:59:29.983;FEXD SI 20281215 CS;SIMPLE_INSTRUMENT;BLOCK;EUR;6;148.00000000;200;EXCHANGE_LAST;;1;1;XEUR;3680985;693;
13.05.2025;09:08:40.971;FEXD SI 20261218 CS;SIMPLE_INSTRUMENT;BLOCK;EUR;11;155.90000000;500;EXCHANGE_LAST;;1;1;XEUR;2163053;693;
13.05.2025;09:57:09.171;FEXD SI 20261218 CS;SIMPLE_INSTRUMENT;BLOCK;EUR;17;155.90000000;500;EXCHANGE_LAST;;1;1;XEUR;2163053;693;
13.05.2025;10:13:59.331;FEXD SI 20261218 CS;SIMPLE_INSTRUMENT;BLOCK;EUR;18;156.00000000;320;EXCHANGE_LAST;;1;1;XEUR;2163053;693;
13.05.2025;11:59:11.094;FEXD SI 20281215 CS;SIMPLE_INSTRUMENT;BLOCK;EUR;25;149.00000000;100;EXCHANGE_LAST;;1;1;XEUR;3680985;693;
13.05.2025;15:52:13.341;FEXD.S.DEC26.DEC28.SPD;FUTURES_SPREAD;BLOCK;EUR;58;8.30000000;750;EXCHANGE_LAST;;1;1;XEUR;72060570450264161;693;
13.05.2025;15:52:13.341;FEXD SI 20261218 CS;SIMPLE_INSTRUMENT;BLOCK;EUR;58;156.30000000;750;PRC_DECOMP_MEMBER;;;;XEUR;2163053;693;MEMBER
13.05.2025;15:52:13.341;FEXD SI 20281215 CS;SIMPLE_INSTRUMENT;BLOCK;EUR;58;148.00000000;750;PRC_DECOMP_MEMBER;;;;XEUR;3680985;693;MEMBER
13.05.2025;11:05:06.614;FEXD SI 20261218 CS;SIMPLE_INSTRUMENT;VOLA;EUR;301989897;156.00000000;750;EXCHANGE_LAST;;1;1;XEUR;2163053;693;
13.05.2025;15:38:13.284;FFOX SI 20250619 CS;SIMPLE_INSTRUMENT;BLOCK;EUR;6;4702.30000000;100;EXCHANGE_LAST;;1;1;XEUR;11881292;695;
13.05.2025;14:08:28.399;FGBC SI 20250620 CS;SIMPLE_INSTRUMENT;BLOCK;GBP;38;142.29000000;100;EXCHANGE_LAST;;1;1;XEUR;11949863;772679;
13.05.2025;06:37:37.145;FGBL SI 20250606 PS;SIMPLE_INSTRUMENT;EFS;EUR;1;129.65000000;223;EXCHANGE_LAST;;1;1;XEUR;11820389;688;
13.05.2025;06:53:51.900;FGBL SI 20250606 PS;SIMPLE_INSTRUMENT;EFS;EUR;2;129.63000000;245;EXCHANGE_LAST;;1;1;XEUR;11820389;688;
13.05.2025;07:05:09.560;FGBL SI 20250606 PS;SIMPLE_INSTRUMENT;EFS;EUR;3;129.66000000;100;EXCHANGE_LAST;;1;1;XEUR;11820389;688;
13.05.2025;07:08:43.955;FGBL SI 20250606 PS;SIMPLE_INSTRUMENT;EFS;EUR;4;129.66000000;220;EXCHANGE_LAST;;1;1;XEUR;11820389;688;
13.05.2025;07:12:17.146;FGBL SI 20250606 PS;SIMPLE_INSTRUMENT;EFS;EUR;5;129.67000000;134;EXCHANGE_LAST;;1;1;XEUR;11820389;688;
13.05.2025;07:14:24.080;FGBL SI 20250606 PS;SIMPLE_INSTRUMENT;EFS;EUR;6;129.64000000;435;EXCHANGE_LAST;;1;1;XEUR;11820389;688;
13.05.2025;07:24:27.384;FGBL SI 20250606 PS;SIMPLE_INSTRUMENT;EFS;EUR;7;129.64000000;134;EXCHANGE_LAST;;1;1;XEUR;11820389;688;
13.05.2025;07:24:37.902;FGBL SI 20250606 PS;SIMPLE_INSTRUMENT;EFS;EUR;8;129.58000000;495;EXCHANGE_LAST;;1;1;XEUR;11820389;688;
13.05.2025;07:35:30.896;FGBL SI 20250606 PS;SIMPLE_INSTRUMENT;EFP_FIN;EUR;9;129.55000000;621;EXCHANGE_LAST;;1;1;XEUR;11820389;688;
13.05.2025;07:37:30.116;FGBL SI 20250606 PS;SIMPLE_INSTRUMENT;EFS;EUR;10;129.47000000;218;EXCHANGE_LAST;;1;1;XEUR;11820389;688;
13.05.2025;07:41:23.312;FGBL SI 20250606 PS;SIMPLE_INSTRUMENT;EFS;EUR;11;129.47000000;248;EXCHANGE_LAST;;1;1;XEUR;11820389;688;
13.05.2025;07:50:22.358;FGBL SI 20250606 PS;SIMPLE_INSTRUMENT;EFS;EUR;12;129.44000000;261;EXCHANGE_LAST;;1;1;XEUR;11820389;688;
13.05.2025;07:52:37.881;FGBL SI 20250606 PS;SIMPLE_INSTRUMENT;EFS;EUR;13;129.47000000;436;EXCHANGE_LAST;;1;1;XEUR;11820389;688;
13.05.2025;07:52:45.557;FGBL SI 20250606 PS;SIMPLE_INSTRUMENT;EFS;EUR;14;129.50000000;218;EXCHANGE_LAST;;1;1;XEUR;11820389;688;
13.05.2025;07:53:06.894;FGBL SI 20250606 PS;SIMPLE_INSTRUMENT;EFS;EUR;15;129.50000000;218;EXCHANGE_LAST;;1;1;XEUR;11820389;688;
13.05.2025;07:56:50.027;FGBL SI 20250606 PS;SIMPLE_INSTRUMENT;EFP_FIN;EUR;16;129.45000000;61;EXCHANGE_LAST;;1;1;XEUR;11820389;688;
13.05.2025;08:00:36.359;FGBL SI 20250606 PS;SIMPLE_INSTRUMENT;EFS;EUR;17;129.49000000;195;EXCHANGE_LAST;;1;1;XEUR;11820389;688;
13.05.2025;07:59:12.148;FGBL SI 20250606 PS;SIMPLE_INSTRUMENT;EFS;EUR;18;129.48000000;496;EXCHANGE_LAST;;1;1;XEUR;11820389;688;
13.05.2025;07:59:58.076;FGBL SI 20250606 PS;SIMPLE_INSTRUMENT;EFS;EUR;19;129.46000000;436;EXCHANGE_LAST;;1;1;XEUR;11820389;688;
13.05.2025;08:00:15.904;FGBL SI 20250606 PS;SIMPLE_INSTRUMENT;EFS;EUR;20;129.49000000;991;EXCHANGE_LAST;;1;1;XEUR;11820389;688;
13.05.2025;08:00:19.028;FGBL SI 20250606 PS;SIMPLE_INSTRUMENT;EFS;EUR;21;129.51000000;875;EXCHANGE_LAST;;1;1;XEUR;11820389;688;
13.05.2025;08:00:23.764;FGBL SI 20250606 PS;SIMPLE_INSTRUMENT;BLOCK;EUR;22;129.47000000;2827;EXCHANGE_LAST;;1;1;XEUR;11820389;688;
13.05.2025;08:00:33.597;FGBL SI 20250606 PS;SIMPLE_INSTRUMENT;EFS;EUR;23;129.46000000;871;EXCHANGE_LAST;;1;1;XEUR;11820389;688;
13.05.2025;08:01:04.632;FGBL SI 20250606 PS;SIMPLE_INSTRUMENT;EFP_FIN;EUR;24;129.45000000;374;EXCHANGE_LAST;;1;1;XEUR;11820389;688;
13.05.2025;08:01:13.149;FGBL SI 20250606 PS;SIMPLE_INSTRUMENT;EFS;EUR;25;129.48000000;436;EXCHANGE_LAST;;1;1;XEUR;11820389;688;
13.05.2025;08:04:45.267;FGBL SI 20250606 PS;SIMPLE_INSTRUMENT;EFS;EUR;26;129.46000000;109;EXCHANGE_LAST;;1;1;XEUR;11820389;688;
13.05.2025;08:04:38.390;FGBL SI 20250606 PS;SIMPLE_INSTRUMENT;EFS;EUR;27;129.46000000;110;EXCHANGE_LAST;;1;1;XEUR;11820389;688;
13.05.2025;08:05:28.131;FGBL SI 20250606 PS;SIMPLE_INSTRUMENT;EFS;EUR;28;129.46000000;436;EXCHANGE_LAST;;1;1;XEUR;11820389;688;
13.05.2025;08:06:31.003;FGBL SI 20250606 PS;SIMPLE_INSTRUMENT;EFS;EUR;29;129.46000000;871;EXCHANGE_LAST;;1;1;XEUR;11820389;688;
13.05.2025;08:10:00.295;FGBL SI 20250606 PS;SIMPLE_INSTRUMENT;EFS;EUR;30;129.47000000;436;EXCHANGE_LAST;;1;1;XEUR;11820389;688;
13.05.2025;08:14:03.918;FGBL SI 20250606 PS;SIMPLE_INSTRUMENT;EFS;EUR;31;129.53000000;218;EXCHANGE_LAST;;1;1;XEUR;11820389;688;
13.05.2025;08:16:11.337;FGBL SI 20250606 PS;SIMPLE_INSTRUMENT;EFS;EUR;33;129.52000000;491;EXCHANGE_LAST;;1;1;XEUR;11820389;688;
13.05.2025;08:18:31.962;FGBL SI 20250606 PS;SIMPLE_INSTRUMENT;EFS;EUR;34;129.47000000;871;EXCHANGE_LAST;;1;1;XEUR;11820389;688;
13.05.2025;08:19:08.687;FGBL SI 20250606 PS;SIMPLE_INSTRUMENT;EFS;EUR;35;129.51000000;436;EXCHANGE_LAST;;1;1;XEUR;11820389;688;
13.05.2025;08:19:25.503;FGBL SI 20250606 PS;SIMPLE_INSTRUMENT;EFS;EUR;36;129.47000000;871;EXCHANGE_LAST;;1;1;XEUR;11820389;688;
13.05.2025;08:24:02.006;FGBL SI 20250606 PS;SIMPLE_INSTRUMENT;EFS;EUR;37;129.49000000;218;EXCHANGE_LAST;;1;1;XEUR;11820389;688;
13.05.2025;08:25:27.947;FGBL SI 20250606 PS;SIMPLE_INSTRUMENT;EFS;EUR;38;129.54000000;218;EXCHANGE_LAST;;1;1;XEUR;11820389;688;
13.05.2025;08:26:24.557;FGBL SI 20250606 PS;SIMPLE_INSTRUMENT;EFP_FIN;EUR;39;129.56000000;146;EXCHANGE_LAST;;1;1;XEUR;11820389;688;
13.05.2025;08:32:48.250;FGBL SI 20250606 PS;SIMPLE_INSTRUMENT;EFP_FIN;EUR;40;129.56000000;210;EXCHANGE_LAST;;1;1;XEUR;11820389;688;
13.05.2025;08:30:14.879;FGBL SI 20250606 PS;SIMPLE_INSTRUMENT;EFS;EUR;41;129.55000000;87;EXCHANGE_LAST;;1;1;XEUR;11820389;688;
13.05.2025;08:31:04.586;FGBL SI 20250606 PS;SIMPLE_INSTRUMENT;EFP_FIN;EUR;43;129.78000000;84;EXCHANGE_LAST;;1;1;XEUR;11820389;688;
13.05.2025;08:33:31.895;FGBL SI 20250606 PS;SIMPLE_INSTRUMENT;EFS;EUR;44;129.54000000;435;EXCHANGE_LAST;;1;1;XEUR;11820389;688;
13.05.2025;08:41:19.702;FGBL SI 20250606 PS;SIMPLE_INSTRUMENT;EFS;EUR;45;129.59000000;479;EXCHANGE_LAST;;1;1;XEUR;11820389;688;
13.05.2025;08:42:14.747;FGBL SI 20250606 PS;SIMPLE_INSTRUMENT;EFS;EUR;46;129.59000000;435;EXCHANGE_LAST;;1;1;XEUR;11820389;688;
13.05.2025;08:42:29.695;FGBL SI 20250606 PS;SIMPLE_INSTRUMENT;EFS;EUR;47;129.55000000;214;EXCHANGE_LAST;;1;1;XEUR;11820389;688;
13.05.2025;08:46:33.031;FGBL SI 20250606 PS;SIMPLE_INSTRUMENT;EFS;EUR;48;129.60000000;218;EXCHANGE_LAST;;1;1;XEUR;11820389;688;
13.05.2025;08:52:23.944;FGBL SI 20250606 PS;SIMPLE_INSTRUMENT;EFS;EUR;49;129.47000000;890;EXCHANGE_LAST;;1;1;XEUR;11820389;688;
13.05.2025;09:00:08.424;FGBL SI 20250606 PS;SIMPLE_INSTRUMENT;EFS;EUR;50;129.54000000;192;EXCHANGE_LAST;;1;1;XEUR;11820389;688;
13.05.2025;09:01:37.430;FGBL SI 20250606 PS;SIMPLE_INSTRUMENT;EFS;EUR;51;129.54000000;219;EXCHANGE_LAST;;1;1;XEUR;11820389;688;
13.05.2025;09:06:29.937;FGBL SI 20250606 PS;SIMPLE_INSTRUMENT;EFS;EUR;52;129.54000000;125;EXCHANGE_LAST;;1;1;XEUR;11820389;688;
13.05.2025;09:10:46.998;FGBL SI 20250606 PS;SIMPLE_INSTRUMENT;EFP_FIN;EUR;53;129.48000000;897;EXCHANGE_LAST;;1;1;XEUR;11820389;688;
13.05.2025;09:13:08.447;FGBL SI 20250606 PS;SIMPLE_INSTRUMENT;EFS;EUR;54;129.48000000;357;EXCHANGE_LAST;;1;1;XEUR;11820389;688;
13.05.2025;09:14:31.401;FGBL SI 20250606 PS;SIMPLE_INSTRUMENT;EFP_FIN;EUR;55;129.52000000;1243;EXCHANGE_LAST;;1;1;XEUR;11820389;688;
13.05.2025;09:23:23.241;FGBL SI 20250606 PS;SIMPLE_INSTRUMENT;EFS;EUR;57;129.49000000;436;EXCHANGE_LAST;;1;1;XEUR;11820389;688;
13.05.2025;09:22:41.148;FGBL SI 20250606 PS;SIMPLE_INSTRUMENT;EFP_FIN;EUR;58;129.48000000;1792;EXCHANGE_LAST;;1;1;XEUR;11820389;688;
13.05.2025;09:28:11.843;FGBL SI 20250606 PS;SIMPLE_INSTRUMENT;EFS;EUR;59;129.47000000;436;EXCHANGE_LAST;;1;1;XEUR;11820389;688;
13.05.2025;09:40:54.403;FGBL SI 20250606 PS;SIMPLE_INSTRUMENT;EFS;EUR;60;129.46000000;218;EXCHANGE_LAST;;1;1;XEUR;11820389;688;
13.05.2025;09:43:36.526;FGBL SI 20250606 PS;SIMPLE_INSTRUMENT;EFS;EUR;61;129.49000000;436;EXCHANGE_LAST;;1;1;XEUR;11820389;688;
13.05.2025;09:44:10.656;FGBL SI 20250606 PS;SIMPLE_INSTRUMENT;EFP_FIN;EUR;62;129.48000000;95;EXCHANGE_LAST;;1;1;XEUR;11820389;688;
13.05.2025;09:44:17.081;FGBL SI 20250606 PS;SIMPLE_INSTRUMENT;EFS;EUR;63;129.49000000;436;EXCHANGE_LAST;;1;1;XEUR;11820389;688;
13.05.2025;09:46:52.249;FGBL SI 20250606 PS;SIMPLE_INSTRUMENT;EFS;EUR;64;129.49000000;436;EXCHANGE_LAST;;1;1;XEUR;11820389;688;
13.05.2025;10:00:20.074;FGBL SI 20250606 PS;SIMPLE_INSTRUMENT;EFP_FIN;EUR;65;129.49000000;77;EXCHANGE_LAST;;1;1;XEUR;11820389;688;
13.05.2025;10:01:10.078;FGBL SI 20250606 PS;SIMPLE_INSTRUMENT;EFS;EUR;66;129.49000000;305;EXCHANGE_LAST;;1;1;XEUR;11820389;688;
13.05.2025;10:02:23.601;FGBL SI 20250606 PS;SIMPLE_INSTRUMENT;EFS;EUR;67;129.49000000;436;EXCHANGE_LAST;;1;1;XEUR;11820389;688;
13.05.2025;10:03:02.153;FGBL SI 20250606 PS;SIMPLE_INSTRUMENT;EFS;EUR;68;129.49000000;131;EXCHANGE_LAST;;1;1;XEUR;11820389;688;
13.05.2025;10:04:14.131;FGBL SI 20250606 PS;SIMPLE_INSTRUMENT;EFS;EUR;69;129.47000000;436;EXCHANGE_LAST;;1;1;XEUR;11820389;688;
13.05.2025;10:04:58.902;FGBL SI 20250606 PS;SIMPLE_INSTRUMENT;EFP_FIN;EUR;70;129.47000000;136;EXCHANGE_LAST;;1;1;XEUR;11820389;688;
13.05.2025;10:13:28.129;FGBL SI 20250606 PS;SIMPLE_INSTRUMENT;EFP_FIN;EUR;71;129.48000000;1361;EXCHANGE_LAST;;1;1;XEUR;11820389;688;
13.05.2025;10:16:09.189;FGBL SI 20250606 PS;SIMPLE_INSTRUMENT;EFS;EUR;72;129.55000000;218;EXCHANGE_LAST;;1;1;XEUR;11820389;688;
13.05.2025;10:34:19.406;FGBL SI 20250606 PS;SIMPLE_INSTRUMENT;EFS;EUR;73;129.59000000;223;EXCHANGE_LAST;;1;1;XEUR;11820389;688;
13.05.2025;10:53:10.234;FGBL SI 20250606 PS;SIMPLE_INSTRUMENT;EFS;EUR;74;129.57000000;445;EXCHANGE_LAST;;1;1;XEUR;11820389;688;
13.05.2025;10:56:01.246;FGBL SI 20250606 PS;SIMPLE_INSTRUMENT;EFS;EUR;75;129.58000000;146;EXCHANGE_LAST;;1;1;XEUR;11820389;688;
13.05.2025;10:58:40.806;FGBL SI 20250606 PS;SIMPLE_INSTRUMENT;EFS;EUR;76;129.58000000;436;EXCHANGE_LAST;;1;1;XEUR;11820389;688;
13.05.2025;11:01:51.001;FGBL SI 20250606 PS;SIMPLE_INSTRUMENT;EFS;EUR;77;129.55000000;146;EXCHANGE_LAST;;1;1;XEUR;11820389;688;
13.05.2025;11:03:34.552;FGBL SI 20250606 PS;SIMPLE_INSTRUMENT;EFP_FIN;EUR;78;129.60000000;85;EXCHANGE_LAST;;1;1;XEUR;11820389;688;
13.05.2025;11:06:00.253;FGBL SI 20250606 PS;SIMPLE_INSTRUMENT;EFP_FIN;EUR;79;129.59000000;1016;EXCHANGE_LAST;;1;1;XEUR;11820389;688;
13.05.2025;11:07:31.766;FGBL SI 20250606 PS;SIMPLE_INSTRUMENT;EFP_FIN;EUR;80;129.57000000;108;EXCHANGE_LAST;;1;1;XEUR;11820389;688;
13.05.2025;11:10:14.807;FGBL SI 20250606 PS;SIMPLE_INSTRUMENT;EFP_FIN;EUR;81;129.59000000;92;EXCHANGE_LAST;;1;1;XEUR;11820389;688;
13.05.2025;11:15:50.182;FGBL SI 20250606 PS;SIMPLE_INSTRUMENT;EFS;EUR;82;129.57000000;174;EXCHANGE_LAST;;1;1;XEUR;11820389;688;
13.05.2025;11:18:00.155;FGBL SI 20250606 PS;SIMPLE_INSTRUMENT;EFP_FIN;EUR;83;129.59000000;370;EXCHANGE_LAST;;1;1;XEUR;11820389;688;
13.05.2025;11:21:44.981;FGBL SI 20250606 PS;SIMPLE_INSTRUMENT;EFS;EUR;84;129.55000000;87;EXCHANGE_LAST;;1;1;XEUR;11820389;688;
13.05.2025;11:28:43.118;FGBL SI 20250606 PS;SIMPLE_INSTRUMENT;EFS;EUR;85;129.54000000;248;EXCHANGE_LAST;;1;1;XEUR;11820389;688;
13.05.2025;11:34:04.828;FGBL SI 20250606 PS;SIMPLE_INSTRUMENT;EFS;EUR;86;129.56000000;435;EXCHANGE_LAST;;1;1;XEUR;11820389;688;
13.05.2025;11:34:24.152;FGBL SI 20250606 PS;SIMPLE_INSTRUMENT;EFS;EUR;87;129.56000000;435;EXCHANGE_LAST;;1;1;XEUR;11820389;688;
13.05.2025;11:36:37.681;FGBL SI 20250606 PS;SIMPLE_INSTRUMENT;EFS;EUR;88;129.57000000;435;EXCHANGE_LAST;;1;1;XEUR;11820389;688;
13.05.2025;11:37:20.065;FGBL SI 20250606 PS;SIMPLE_INSTRUMENT;EFS;EUR;90;129.56000000;435;EXCHANGE_LAST;;1;1;XEUR;11820389;688;
13.05.2025;11:37:47.019;FGBL SI 20250606 PS;SIMPLE_INSTRUMENT;EFS;EUR;91;129.56000000;435;EXCHANGE_LAST;;1;1;XEUR;11820389;688;
13.05.2025;11:38:50.705;FGBL SI 20250606 PS;SIMPLE_INSTRUMENT;EFS;EUR;92;129.54000000;218;EXCHANGE_LAST;;1;1;XEUR;11820389;688;
13.05.2025;11:39:08.886;FGBL SI 20250606 PS;SIMPLE_INSTRUMENT;EFS;EUR;93;129.57000000;446;EXCHANGE_LAST;;1;1;XEUR;11820389;688;
13.05.2025;11:42:52.781;FGBL SI 20250606 PS;SIMPLE_INSTRUMENT;EFS;EUR;94;129.58000000;509;EXCHANGE_LAST;;1;1;XEUR;11820389;688;
13.05.2025;11:51:00.395;FGBL SI 20250606 PS;SIMPLE_INSTRUMENT;EFP_FIN;EUR;96;129.59000000;100;EXCHANGE_LAST;;1;1;XEUR;11820389;688;
13.05.2025;11:50:28.951;FGBL SI 20250606 PS;SIMPLE_INSTRUMENT;EFP_FIN;EUR;97;129.56000000;109;EXCHANGE_LAST;;1;1;XEUR;11820389;688;
13.05.2025;12:01:40.722;FGBL SI 20250606 PS;SIMPLE_INSTRUMENT;EFS;EUR;98;129.56000000;435;EXCHANGE_LAST;;1;1;XEUR;11820389;688;
13.05.2025;12:03:35.871;FGBL SI 20250606 PS;SIMPLE_INSTRUMENT;EFS;EUR;99;129.61000000;435;EXCHANGE_LAST;;1;1;XEUR;11820389;688;
13.05.2025;12:20:35.503;FGBL SI 20250606 PS;SIMPLE_INSTRUMENT;EFP_FIN;EUR;100;129.55000000;408;EXCHANGE_LAST;;1;1;XEUR;11820389;688;
13.05.2025;12:21:36.721;FGBL SI 20250606 PS;SIMPLE_INSTRUMENT;EFP_FIN;EUR;101;129.55000000;203;EXCHANGE_LAST;;1;1;XEUR;11820389;688;
13.05.2025;12:27:30.097;FGBL SI 20250606 PS;SIMPLE_INSTRUMENT;EFS;EUR;102;129.56000000;305;EXCHANGE_LAST;;1;1;XEUR;11820389;688;
13.05.2025;12:33:12.110;FGBL SI 20250606 PS;SIMPLE_INSTRUMENT;EFP_FIN;EUR;103;129.57000000;213;EXCHANGE_LAST;;1;1;XEUR;11820389;688;
13.05.2025;12:37:29.781;FGBL SI 20250606 PS;SIMPLE_INSTRUMENT;EFP_FIN;EUR;104;129.56000000;74;EXCHANGE_LAST;;1;1;XEUR;11820389;688;
13.05.2025;12:40:25.157;FGBL SI 20250606 PS;SIMPLE_INSTRUMENT;EFS;EUR;105;129.54000000;250;EXCHANGE_LAST;;1;1;XEUR;11820389;688;
13.05.2025;12:42:33.438;FGBL SI 20250606 PS;SIMPLE_INSTRUMENT;EFS;EUR;106;129.63000000;435;EXCHANGE_LAST;;1;1;XEUR;11820389;688;
13.05.2025;12:45:48.437;FGBL SI 20250606 PS;SIMPLE_INSTRUMENT;EFS;EUR;107;129.53000000;204;EXCHANGE_LAST;;1;1;XEUR;11820389;688;
13.05.2025;12:47:13.945;FGBL SI 20250606 PS;SIMPLE_INSTRUMENT;EFS;EUR;108;129.62000000;435;EXCHANGE_LAST;;1;1;XEUR;11820389;688;
13.05.2025;12:47:59.230;FGBL SI 20250606 PS;SIMPLE_INSTRUMENT;EFS;EUR;109;129.63000000;218;EXCHANGE_LAST;;1;1;XEUR;11820389;688;
13.05.2025;12:48:57.466;FGBL SI 20250606 PS;SIMPLE_INSTRUMENT;EFS;EUR;110;129.62000000;435;EXCHANGE_LAST;;1;1;XEUR;11820389;688;
13.05.2025;12:50:45.827;FGBL SI 20250606 PS;SIMPLE_INSTRUMENT;EFS;EUR;111;129.63000000;435;EXCHANGE_LAST;;1;1;XEUR;11820389;688;
13.05.2025;12:51:40.854;FGBL SI 20250606 PS;SIMPLE_INSTRUMENT;EFS;EUR;112;129.64000000;435;EXCHANGE_LAST;;1;1;XEUR;11820389;688;
13.05.2025;12:55:04.095;FGBL SI 20250606 PS;SIMPLE_INSTRUMENT;EFS;EUR;113;129.63000000;218;EXCHANGE_LAST;;1;1;XEUR;11820389;688;
13.05.2025;13:00:35.300;FGBL SI 20250606 PS;SIMPLE_INSTRUMENT;EFS;EUR;114;129.60000000;509;EXCHANGE_LAST;;1;1;XEUR;11820389;688;
13.05.2025;13:01:39.348;FGBL SI 20250606 PS;SIMPLE_INSTRUMENT;EFS;EUR;115;129.62000000;509;EXCHANGE_LAST;;1;1;XEUR;11820389;688;
13.05.2025;13:06:33.646;FGBL SI 20250606 PS;SIMPLE_INSTRUMENT;EFS;EUR;116;129.54000000;244;EXCHANGE_LAST;;1;1;XEUR;11820389;688;
13.05.2025;13:10:04.019;FGBL SI 20250606 PS;SIMPLE_INSTRUMENT;EFS;EUR;117;129.61000000;223;EXCHANGE_LAST;;1;1;XEUR;11820389;688;
13.05.2025;13:12:41.363;FGBL SI 20250606 PS;SIMPLE_INSTRUMENT;EFS;EUR;118;129.58000000;496;EXCHANGE_LAST;;1;1;XEUR;11820389;688;
13.05.2025;13:14:10.939;FGBL SI 20250606 PS;SIMPLE_INSTRUMENT;EFS;EUR;119;129.64000000;204;EXCHANGE_LAST;;1;1;XEUR;11820389;688;
13.05.2025;13:15:41.024;FGBL SI 20250606 PS;SIMPLE_INSTRUMENT;EFS;EUR;120;129.65000000;509;EXCHANGE_LAST;;1;1;XEUR;11820389;688;
13.05.2025;13:15:41.069;FGBL SI 20250606 PS;SIMPLE_INSTRUMENT;EFS;EUR;121;129.63000000;1306;EXCHANGE_LAST;;1;1;XEUR;11820389;688;
13.05.2025;13:17:52.196;FGBL SI 20250606 PS;SIMPLE_INSTRUMENT;EFS;EUR;122;129.65000000;218;EXCHANGE_LAST;;1;1;XEUR;11820389;688;
13.05.2025;13:18:42.081;FGBL SI 20250606 PS;SIMPLE_INSTRUMENT;EFS;EUR;123;129.65000000;232;EXCHANGE_LAST;;1;1;XEUR;11820389;688;
13.05.2025;13:20:36.246;FGBL SI 20250606 PS;SIMPLE_INSTRUMENT;EFS;EUR;124;129.61000000;509;EXCHANGE_LAST;;1;1;XEUR;11820389;688;
13.05.2025;13:21:26.282;FGBL SI 20250606 PS;SIMPLE_INSTRUMENT;EFS;EUR;125;129.64000000;509;EXCHANGE_LAST;;1;1;XEUR;11820389;688;
13.05.2025;13:28:20.754;FGBL SI 20250606 PS;SIMPLE_INSTRUMENT;EFS;EUR;126;129.62000000;991;EXCHANGE_LAST;;1;1;XEUR;11820389;688;
13.05.2025;13:31:26.721;FGBL SI 20250606 PS;SIMPLE_INSTRUMENT;EFS;EUR;127;129.64000000;435;EXCHANGE_LAST;;1;1;XEUR;11820389;688;
13.05.2025;13:36:21.950;FGBL SI 20250606 PS;SIMPLE_INSTRUMENT;EFS;EUR;128;129.66000000;435;EXCHANGE_LAST;;1;1;XEUR;11820389;688;
13.05.2025;13:39:56.037;FGBL SI 20250606 PS;SIMPLE_INSTRUMENT;EFS;EUR;129;129.63000000;495;EXCHANGE_LAST;;1;1;XEUR;11820389;688;
13.05.2025;13:41:44.191;FGBL SI 20250606 PS;SIMPLE_INSTRUMENT;EFS;EUR;130;129.65000000;435;EXCHANGE_LAST;;1;1;XEUR;11820389;688;
13.05.2025;13:45:12.335;FGBL SI 20250606 PS;SIMPLE_INSTRUMENT;EFP_FIN;EUR;131;129.62000000;130;EXCHANGE_LAST;;1;1;XEUR;11820389;688;
13.05.2025;14:02:36.621;FGBL SI 20250606 PS;SIMPLE_INSTRUMENT;EFS;EUR;132;129.62000000;435;EXCHANGE_LAST;;1;1;XEUR;11820389;688;
13.05.2025;14:01:59.873;FGBL SI 20250606 PS;SIMPLE_INSTRUMENT;EFS;EUR;133;129.62000000;150;EXCHANGE_LAST;;1;1;XEUR;11820389;688;
13.05.2025;14:02:50.821;FGBL SI 20250606 PS;SIMPLE_INSTRUMENT;EFS;EUR;134;129.62000000;217;EXCHANGE_LAST;;1;1;XEUR;11820389;688;
13.05.2025;14:03:16.861;FGBL SI 20250606 PS;SIMPLE_INSTRUMENT;EFS;EUR;135;129.63000000;1779;EXCHANGE_LAST;;1;1;XEUR;11820389;688;
13.05.2025;14:05:10.561;FGBL SI 20250606 PS;SIMPLE_INSTRUMENT;EFS;EUR;136;129.67000000;435;EXCHANGE_LAST;;1;1;XEUR;11820389;688;
13.05.2025;14:05:27.459;FGBL SI 20250606 PS;SIMPLE_INSTRUMENT;EFS;EUR;137;129.67000000;435;EXCHANGE_LAST;;1;1;XEUR;11820389;688;
13.05.2025;14:15:29.744;FGBL SI 20250606 PS;SIMPLE_INSTRUMENT;EFS;EUR;138;129.63000000;435;EXCHANGE_LAST;;1;1;XEUR;11820389;688;
13.05.2025;14:18:26.917;FGBL SI 20250606 PS;SIMPLE_INSTRUMENT;EFS;EUR;139;129.63000000;653;EXCHANGE_LAST;;1;1;XEUR;11820389;688;
13.05.2025;14:19:17.502;FGBL SI 20250606 PS;SIMPLE_INSTRUMENT;EFS;EUR;140;129.58000000;461;EXCHANGE_LAST;;1;1;XEUR;11820389;688;
13.05.2025;14:20:50.574;FGBL SI 20250606 PS;SIMPLE_INSTRUMENT;EFS;EUR;141;129.60000000;461;EXCHANGE_LAST;;1;1;XEUR;11820389;688;
13.05.2025;14:21:18.572;FGBL SI 20250606 PS;SIMPLE_INSTRUMENT;EFP_FIN;EUR;142;129.66000000;1527;EXCHANGE_LAST;;1;1;XEUR;11820389;688;
13.05.2025;14:24:23.717;FGBL SI 20250606 PS;SIMPLE_INSTRUMENT;EFP_FIN;EUR;143;129.62000000;492;EXCHANGE_LAST;;1;1;XEUR;11820389;688;
13.05.2025;14:24:27.267;FGBL SI 20250606 PS;SIMPLE_INSTRUMENT;EFS;EUR;144;129.56000000;871;EXCHANGE_LAST;;1;1;XEUR;11820389;688;
13.05.2025;14:25:06.883;FGBL SI 20250606 PS;SIMPLE_INSTRUMENT;EFS;EUR;145;129.56000000;218;EXCHANGE_LAST;;1;1;XEUR;11820389;688;
13.05.2025;14:26:45.316;FGBL SI 20250606 PS;SIMPLE_INSTRUMENT;EFS;EUR;146;129.55000000;435;EXCHANGE_LAST;;1;1;XEUR;11820389;688;
13.05.2025;14:27:39.581;FGBL SI 20250606 PS;SIMPLE_INSTRUMENT;EFS;EUR;147;129.55000000;435;EXCHANGE_LAST;;1;1;XEUR;11820389;688;
13.05.2025;14:28:42.467;FGBL SI 20250606 PS;SIMPLE_INSTRUMENT;EFS;EUR;148;129.54000000;436;EXCHANGE_LAST;;1;1;XEUR;11820389;688;
13.05.2025;14:38:00.564;FGBL SI 20250606 PS;SIMPLE_INSTRUMENT;EFS;EUR;149;129.58000000;435;EXCHANGE_LAST;;1;1;XEUR;11820389;688;
13.05.2025;14:38:17.937;FGBL SI 20250606 PS;SIMPLE_INSTRUMENT;EFS;EUR;150;129.57000000;435;EXCHANGE_LAST;;1;1;XEUR;11820389;688;
13.05.2025;14:41:03.011;FGBL SI 20250606 PS;SIMPLE_INSTRUMENT;EFS;EUR;151;129.57000000;653;EXCHANGE_LAST;;1;1;XEUR;11820389;688;
13.05.2025;14:43:09.669;FGBL SI 20250606 PS;SIMPLE_INSTRUMENT;EFS;EUR;152;129.56000000;223;EXCHANGE_LAST;;1;1;XEUR;11820389;688;
13.05.2025;14:45:50.224;FGBL SI 20250606 PS;SIMPLE_INSTRUMENT;EFS;EUR;153;129.58000000;509;EXCHANGE_LAST;;1;1;XEUR;11820389;688;
13.05.2025;14:47:44.005;FGBL SI 20250606 PS;SIMPLE_INSTRUMENT;EFS;EUR;154;129.57000000;245;EXCHANGE_LAST;;1;1;XEUR;11820389;688;
13.05.2025;14:50:03.866;FGBL SI 20250606 PS;SIMPLE_INSTRUMENT;EFS;EUR;155;129.60000000;435;EXCHANGE_LAST;;1;1;XEUR;11820389;688;
13.05.2025;14:54:55.073;FGBL SI 20250606 PS;SIMPLE_INSTRUMENT;EFS;EUR;156;129.59000000;218;EXCHANGE_LAST;;1;1;XEUR;11820389;688;
13.05.2025;14:56:59.727;FGBL SI 20250606 PS;SIMPLE_INSTRUMENT;EFP_FIN;EUR;157;129.55000000;629;EXCHANGE_LAST;;1;1;XEUR;11820389;688;
13.05.2025;15:05:52.831;FGBL SI 20250606 PS;SIMPLE_INSTRUMENT;EFS;EUR;158;129.63000000;461;EXCHANGE_LAST;;1;1;XEUR;11820389;688;
13.05.2025;15:06:36.157;FGBL SI 20250606 PS;SIMPLE_INSTRUMENT;EFS;EUR;159;129.61000000;218;EXCHANGE_LAST;;1;1;XEUR;11820389;688;
13.05.2025;15:07:49.930;FGBL SI 20250606 PS;SIMPLE_INSTRUMENT;EFS;EUR;160;129.63000000;218;EXCHANGE_LAST;;1;1;XEUR;11820389;688;
13.05.2025;15:11:08.516;FGBL SI 20250606 PS;SIMPLE_INSTRUMENT;EFS;EUR;162;129.59000000;222;EXCHANGE_LAST;;1;1;XEUR;11820389;688;
13.05.2025;15:11:31.362;FGBL SI 20250606 PS;SIMPLE_INSTRUMENT;EFS;EUR;163;129.58000000;435;EXCHANGE_LAST;;1;1;XEUR;11820389;688;
13.05.2025;15:14:12.840;FGBL SI 20250606 PS;SIMPLE_INSTRUMENT;EFP_FIN;EUR;164;129.62000000;85;EXCHANGE_LAST;;1;1;XEUR;11820389;688;
13.05.2025;15:13:40.716;FGBL SI 20250606 PS;SIMPLE_INSTRUMENT;EFP_FIN;EUR;165;129.62000000;102;EXCHANGE_LAST;;1;1;XEUR;11820389;688;
13.05.2025;15:16:11.006;FGBL SI 20250606 PS;SIMPLE_INSTRUMENT;EFS;EUR;167;129.63000000;900;EXCHANGE_LAST;;1;1;XEUR;11820389;688;
13.05.2025;15:19:18.449;FGBL SI 20250606 PS;SIMPLE_INSTRUMENT;EFP_FIN;EUR;168;129.56000000;718;EXCHANGE_LAST;;1;1;XEUR;11820389;688;
13.05.2025;15:21:51.593;FGBL SI 20250606 PS;SIMPLE_INSTRUMENT;EFS;EUR;169;129.56000000;435;EXCHANGE_LAST;;1;1;XEUR;11820389;688;
13.05.2025;15:23:06.499;FGBL SI 20250606 PS;SIMPLE_INSTRUMENT;EFP_FIN;EUR;170;129.56000000;97;EXCHANGE_LAST;;1;1;XEUR;11820389;688;
13.05.2025;15:24:10.511;FGBL SI 20250606 PS;SIMPLE_INSTRUMENT;EFS;EUR;171;129.55000000;218;EXCHANGE_LAST;;1;1;XEUR;11820389;688;
13.05.2025;15:24:57.197;FGBL SI 20250606 PS;SIMPLE_INSTRUMENT;EFS;EUR;172;129.56000000;218;EXCHANGE_LAST;;1;1;XEUR;11820389;688;
13.05.2025;15:25:20.816;FGBL SI 20250606 PS;SIMPLE_INSTRUMENT;EFS;EUR;173;129.51000000;496;EXCHANGE_LAST;;1;1;XEUR;11820389;688;
13.05.2025;15:25:42.064;FGBL SI 20250606 PS;SIMPLE_INSTRUMENT;EFS;EUR;174;129.47000000;436;EXCHANGE_LAST;;1;1;XEUR;11820389;688;
13.05.2025;15:25:55.107;FGBL SI 20250606 PS;SIMPLE_INSTRUMENT;EFP_FIN;EUR;175;129.57000000;2309;EXCHANGE_LAST;;1;1;XEUR;11820389;688;
13.05.2025;15:27:27.615;FGBL SI 20250606 PS;SIMPLE_INSTRUMENT;EFS;EUR;176;129.51000000;509;EXCHANGE_LAST;;1;1;XEUR;11820389;688;
13.05.2025;15:27:33.179;FGBL SI 20250606 PS;SIMPLE_INSTRUMENT;EFP_FIN;EUR;177;129.59000000;420;EXCHANGE_LAST;;1;1;XEUR;11820389;688;
13.05.2025;15:31:09.312;FGBL SI 20250606 PS;SIMPLE_INSTRUMENT;EFS;EUR;178;129.47000000;218;EXCHANGE_LAST;;1;1;XEUR;11820389;688;
13.05.2025;15:31:34.336;FGBL SI 20250606 PS;SIMPLE_INSTRUMENT;EFS;EUR;179;129.47000000;218;EXCHANGE_LAST;;1;1;XEUR;11820389;688;
13.05.2025;15:40:42.058;FGBL SI 20250606 PS;SIMPLE_INSTRUMENT;EFP_FIN;EUR;180;129.58000000;174;EXCHANGE_LAST;;1;1;XEUR;11820389;688;
13.05.2025;15:45:04.961;FGBL SI 20250606 PS;SIMPLE_INSTRUMENT;EFS;EUR;181;129.46000000;654;EXCHANGE_LAST;;1;1;XEUR;11820389;688;
13.05.2025;15:46:14.159;FGBL SI 20250606 PS;SIMPLE_INSTRUMENT;EFP_FIN;EUR;182;129.60000000;1880;EXCHANGE_LAST;;1;1;XEUR;11820389;688;
13.05.2025;15:48:36.146;FGBL SI 20250606 PS;SIMPLE_INSTRUMENT;EFS;EUR;183;129.49000000;1743;EXCHANGE_LAST;;1;1;XEUR;11820389;688;
13.05.2025;15:48:36.191;FGBL SI 20250606 PS;SIMPLE_INSTRUMENT;EFS;EUR;184;129.49000000;872;EXCHANGE_LAST;;1;1;XEUR;11820389;688;
13.05.2025;15:48:50.157;FGBL SI 20250606 PS;SIMPLE_INSTRUMENT;EFS;EUR;185;129.49000000;436;EXCHANGE_LAST;;1;1;XEUR;11820389;688;
13.05.2025;15:48:55.166;FGBL SI 20250606 PS;SIMPLE_INSTRUMENT;EFS;EUR;186;129.49000000;436;EXCHANGE_LAST;;1;1;XEUR;11820389;688;
13.05.2025;15:49:50.222;FGBL SI 20250606 PS;SIMPLE_INSTRUMENT;EFS;EUR;187;129.49000000;218;EXCHANGE_LAST;;1;1;XEUR;11820389;688;
13.05.2025;15:55:01.450;FGBL SI 20250606 PS;SIMPLE_INSTRUMENT;EFS;EUR;188;129.45000000;436;EXCHANGE_LAST;;1;1;XEUR;11820389;688;
13.05.2025;15:55:16.465;FGBL SI 20250606 PS;SIMPLE_INSTRUMENT;EFS;EUR;189;129.45000000;436;EXCHANGE_LAST;;1;1;XEUR;11820389;688;
13.05.2025;15:57:26.564;FGBL SI 20250606 PS;SIMPLE_INSTRUMENT;EFS;EUR;190;129.45000000;436;EXCHANGE_LAST;;1;1;XEUR;11820389;688;
13.05.2025;15:59:16.648;FGBL SI 20250606 PS;SIMPLE_INSTRUMENT;EFS;EUR;191;129.45000000;436;EXCHANGE_LAST;;1;1;XEUR;11820389;688;
13.05.2025;16:10:17.153;FGBL SI 20250606 PS;SIMPLE_INSTRUMENT;EFS;EUR;192;129.43000000;872;EXCHANGE_LAST;;1;1;XEUR;11820389;688;
13.05.2025;16:11:33.531;FGBL SI 20250606 PS;SIMPLE_INSTRUMENT;EFS;EUR;193;129.45000000;218;EXCHANGE_LAST;;1;1;XEUR;11820389;688;
13.05.2025;16:12:32.310;FGBL SI 20250606 PS;SIMPLE_INSTRUMENT;EFS;EUR;194;129.43000000;436;EXCHANGE_LAST;;1;1;XEUR;11820389;688;
13.05.2025;16:39:27.023;FGBL SI 20250606 PS;SIMPLE_INSTRUMENT;EFS;EUR;195;129.58000000;198;EXCHANGE_LAST;;1;1;XEUR;11820389;688;
13.05.2025;17:02:12.886;FGBL SI 20250606 PS;SIMPLE_INSTRUMENT;EFS;EUR;196;129.46000000;218;EXCHANGE_LAST;;1;1;XEUR;11820389;688;
13.05.2025;17:03:18.283;FGBL SI 20250606 PS;SIMPLE_INSTRUMENT;EFS;EUR;197;129.47000000;290;EXCHANGE_LAST;;1;1;XEUR;11820389;688;
13.05.2025;17:04:07.123;FGBL SI 20250606 PS;SIMPLE_INSTRUMENT;EFS;EUR;198;129.48000000;218;EXCHANGE_LAST;;1;1;XEUR;11820389;688;
13.05.2025;06:32:33.024;FGBL SI 20250606 PS;SIMPLE_INSTRUMENT;VOLA;EUR;268435465;129.68000000;105;EXCHANGE_LAST;;1;1;XEUR;11820389;688;
13.05.2025;06:37:55.233;FGBL SI 20250606 PS;SIMPLE_INSTRUMENT;VOLA;EUR;268435468;129.72000000;17;EXCHANGE_LAST;;1;1;XEUR;11820389;688;
13.05.2025;07:13:54.550;FGBL SI 20250606 PS;SIMPLE_INSTRUMENT;VOLA;EUR;268435478;129.62000000;222;EXCHANGE_LAST;;1;1;XEUR;11820389;688;
13.05.2025;08:18:02.709;FGBL SI 20250606 PS;SIMPLE_INSTRUMENT;VOLA;EUR;268435496;129.46000000;150;EXCHANGE_LAST;;1;1;XEUR;11820389;688;
13.05.2025;09:48:41.912;FGBL SI 20250606 PS;SIMPLE_INSTRUMENT;VOLA;EUR;268435509;129.48000000;473;EXCHANGE_LAST;;1;1;XEUR;11820389;688;
13.05.2025;10:57:06.008;FGBL SI 20250606 PS;SIMPLE_INSTRUMENT;VOLA;EUR;268435519;129.50000000;210;EXCHANGE_LAST;;1;1;XEUR;11820389;688;
13.05.2025;12:43:59.463;FGBL SI 20250606 PS;SIMPLE_INSTRUMENT;VOLA;EUR;268435542;129.61000000;248;EXCHANGE_LAST;;1;1;XEUR;11820389;688;
13.05.2025;14:05:06.895;FGBL SI 20250908 PS;SIMPLE_INSTRUMENT;VOLA;EUR;268435561;129.37000000;51;EXCHANGE_LAST;;1;1;XEUR;12372482;688;
13.05.2025;14:25:14.896;FGBL SI 20250606 PS;SIMPLE_INSTRUMENT;VOLA;EUR;268435570;129.60000000;112;EXCHANGE_LAST;;1;1;XEUR;11820389;688;
13.05.2025;14:25:50.901;FGBL SI 20250606 PS;SIMPLE_INSTRUMENT;VOLA;EUR;268435572;129.60000000;113;EXCHANGE_LAST;;1;1;XEUR;11820389;688;
13.05.2025;14:34:25.003;FGBL SI 20250606 PS;SIMPLE_INSTRUMENT;VOLA;EUR;268435576;129.61000000;82;EXCHANGE_LAST;;1;1;XEUR;11820389;688;
13.05.2025;14:34:57.008;FGBL SI 20250606 PS;SIMPLE_INSTRUMENT;VOLA;EUR;268435577;129.61000000;83;EXCHANGE_LAST;;1;1;XEUR;11820389;688;
13.05.2025;15:41:13.914;FGBL SI 20250606 PS;SIMPLE_INSTRUMENT;VOLA;EUR;268435595;129.42000000;8;EXCHANGE_LAST;;1;1;XEUR;11820389;688;
13.05.2025;15:41:15.090;FGBL SI 20250606 PS;SIMPLE_INSTRUMENT;VOLA;EUR;268435596;129.42000000;8;EXCHANGE_LAST;;1;1;XEUR;11820389;688;
13.05.2025;06:59:31.342;FGBM SI 20250606 PS;SIMPLE_INSTRUMENT;EFS;EUR;1;118.31000000;1115;EXCHANGE_LAST;;1;1;XEUR;11820390;689;
13.05.2025;07:17:16.857;FGBM SI 20250606 PS;SIMPLE_INSTRUMENT;EFS;EUR;2;118.33000000;864;EXCHANGE_LAST;;1;1;XEUR;11820390;689;
13.05.2025;07:23:31.823;FGBM SI 20250606 PS;SIMPLE_INSTRUMENT;EFS;EUR;3;118.28000000;1859;EXCHANGE_LAST;;1;1;XEUR;11820390;689;
13.05.2025;07:29:31.779;FGBM SI 20250606 PS;SIMPLE_INSTRUMENT;EFS;EUR;4;118.30000000;1115;EXCHANGE_LAST;;1;1;XEUR;11820390;689;
13.05.2025;07:30:19.922;FGBM SI 20250606 PS;SIMPLE_INSTRUMENT;EFS;EUR;5;118.25000000;210;EXCHANGE_LAST;;1;1;XEUR;11820390;689;
13.05.2025;07:58:19.288;FGBM SI 20250606 PS;SIMPLE_INSTRUMENT;EFS;EUR;7;118.26000000;1860;EXCHANGE_LAST;;1;1;XEUR;11820390;689;
13.05.2025;08:00:10.236;FGBM SI 20250606 PS;SIMPLE_INSTRUMENT;EFP_FIN;EUR;8;118.23000000;630;EXCHANGE_LAST;;1;1;XEUR;11820390;689;
13.05.2025;08:04:56.017;FGBM SI 20250606 PS;SIMPLE_INSTRUMENT;EFS;EUR;9;118.25000000;864;EXCHANGE_LAST;;1;1;XEUR;11820390;689;
13.05.2025;08:06:31.183;FGBM SI 20250606 PS;SIMPLE_INSTRUMENT;EFS;EUR;10;118.28000000;431;EXCHANGE_LAST;;1;1;XEUR;11820390;689;
13.05.2025;08:09:51.664;FGBM SI 20250606 PS;SIMPLE_INSTRUMENT;EFS;EUR;11;118.26000000;1395;EXCHANGE_LAST;;1;1;XEUR;11820390;689;
13.05.2025;08:12:26.348;FGBM SI 20250606 PS;SIMPLE_INSTRUMENT;EFS;EUR;12;118.30000000;864;EXCHANGE_LAST;;1;1;XEUR;11820390;689;
13.05.2025;08:14:57.264;FGBM SI 20250606 PS;SIMPLE_INSTRUMENT;EFP_FIN;EUR;13;118.32000000;213;EXCHANGE_LAST;;1;1;XEUR;11820390;689;
13.05.2025;08:15:15.509;FGBM SI 20250606 PS;SIMPLE_INSTRUMENT;EFS;EUR;14;118.27000000;1845;EXCHANGE_LAST;;1;1;XEUR;11820390;689;
13.05.2025;08:19:39.224;FGBM SI 20250606 PS;SIMPLE_INSTRUMENT;EFS;EUR;15;118.26000000;482;EXCHANGE_LAST;;1;1;XEUR;11820390;689;
13.05.2025;08:21:00.105;FGBM SI 20250606 PS;SIMPLE_INSTRUMENT;EFS;EUR;16;118.27000000;812;EXCHANGE_LAST;;1;1;XEUR;11820390;689;
13.05.2025;08:21:45.119;FGBM SI 20250606 PS;SIMPLE_INSTRUMENT;EFS;EUR;17;118.27000000;74;EXCHANGE_LAST;;1;1;XEUR;11820390;689;
13.05.2025;08:30:11.617;FGBM SI 20250606 PS;SIMPLE_INSTRUMENT;EFP_FIN;EUR;18;118.31000000;81;EXCHANGE_LAST;;1;1;XEUR;11820390;689;
13.05.2025;08:43:46.350;FGBM SI 20250606 PS;SIMPLE_INSTRUMENT;EFS;EUR;19;118.31000000;465;EXCHANGE_LAST;;1;1;XEUR;11820390;689;
13.05.2025;09:00:07.540;FGBM SI 20250606 PS;SIMPLE_INSTRUMENT;EFS;EUR;20;118.31000000;600;EXCHANGE_LAST;;1;1;XEUR;11820390;689;
13.05.2025;09:05:02.691;FGBM SI 20250606 PS;SIMPLE_INSTRUMENT;EFS;EUR;21;118.29000000;468;EXCHANGE_LAST;;1;1;XEUR;11820390;689;
13.05.2025;09:07:48.052;FGBM SI 20250606 PS;SIMPLE_INSTRUMENT;EFP_FIN;EUR;22;118.29000000;89;EXCHANGE_LAST;;1;1;XEUR;11820390;689;
13.05.2025;09:10:53.470;FGBM SI 20250606 PS;SIMPLE_INSTRUMENT;EFP_FIN;EUR;23;118.25000000;639;EXCHANGE_LAST;;1;1;XEUR;11820390;689;
13.05.2025;09:14:17.243;FGBM SI 20250606 PS;SIMPLE_INSTRUMENT;EFP_FIN;EUR;24;118.29000000;89;EXCHANGE_LAST;;1;1;XEUR;11820390;689;
13.05.2025;09:22:33.099;FGBM SI 20250606 PS;SIMPLE_INSTRUMENT;EFP_FIN;EUR;25;118.32000000;852;EXCHANGE_LAST;;1;1;XEUR;11820390;689;
13.05.2025;09:34:39.947;FGBM SI 20250606 PS;SIMPLE_INSTRUMENT;EFS;EUR;26;118.30000000;930;EXCHANGE_LAST;;1;1;XEUR;11820390;689;
13.05.2025;09:34:48.285;FGBM SI 20250606 PS;SIMPLE_INSTRUMENT;EFS;EUR;27;118.27000000;931;EXCHANGE_LAST;;1;1;XEUR;11820390;689;
13.05.2025;09:40:33.386;FGBM SI 20250606 PS;SIMPLE_INSTRUMENT;EFS;EUR;28;118.25000000;864;EXCHANGE_LAST;;1;1;XEUR;11820390;689;
13.05.2025;09:54:59.182;FGBM SI 20250606 PS;SIMPLE_INSTRUMENT;EFP_FIN;EUR;29;118.25000000;170;EXCHANGE_LAST;;1;1;XEUR;11820390;689;
13.05.2025;09:51:10.171;FGBM SI 20250606 PS;SIMPLE_INSTRUMENT;EFP_FIN;EUR;30;118.25000000;227;EXCHANGE_LAST;;1;1;XEUR;11820390;689;
13.05.2025;09:59:48.887;FGBM SI 20250606 PS;SIMPLE_INSTRUMENT;EFS;EUR;31;118.26000000;279;EXCHANGE_LAST;;1;1;XEUR;11820390;689;
13.05.2025;10:02:00.316;FGBM SI 20250606 PS;SIMPLE_INSTRUMENT;EFS;EUR;32;118.27000000;864;EXCHANGE_LAST;;1;1;XEUR;11820390;689;
13.05.2025;10:05:35.479;FGBM SI 20250606 PS;SIMPLE_INSTRUMENT;EFS;EUR;33;118.27000000;864;EXCHANGE_LAST;;1;1;XEUR;11820390;689;
13.05.2025;10:09:25.630;FGBM SI 20250606 PS;SIMPLE_INSTRUMENT;EFS;EUR;34;118.27000000;864;EXCHANGE_LAST;;1;1;XEUR;11820390;689;
13.05.2025;10:16:20.131;FGBM SI 20250606 PS;SIMPLE_INSTRUMENT;EFS;EUR;35;118.29000000;930;EXCHANGE_LAST;;1;1;XEUR;11820390;689;
13.05.2025;10:22:44.561;FGBM SI 20250606 PS;SIMPLE_INSTRUMENT;EFS;EUR;36;118.26000000;930;EXCHANGE_LAST;;1;1;XEUR;11820390;689;
13.05.2025;10:31:13.416;FGBM SI 20250606 PS;SIMPLE_INSTRUMENT;EFP_FIN;EUR;37;118.30000000;483;EXCHANGE_LAST;;1;1;XEUR;11820390;689;
13.05.2025;10:36:42.246;FGBM SI 20250606 PS;SIMPLE_INSTRUMENT;EFS;EUR;38;118.31000000;5000;EXCHANGE_LAST;;1;1;XEUR;11820390;689;
13.05.2025;10:40:19.226;FGBM SI 20250606 PS;SIMPLE_INSTRUMENT;EFP_FIN;EUR;39;118.31000000;409;EXCHANGE_LAST;;1;1;XEUR;11820390;689;
13.05.2025;11:06:32.253;FGBM SI 20250606 PS;SIMPLE_INSTRUMENT;EFP_FIN;EUR;40;118.32000000;84;EXCHANGE_LAST;;1;1;XEUR;11820390;689;
13.05.2025;11:07:10.279;FGBM SI 20250606 PS;SIMPLE_INSTRUMENT;EFS;EUR;41;118.30000000;555;EXCHANGE_LAST;;1;1;XEUR;11820390;689;
13.05.2025;11:09:09.690;FGBM SI 20250606 PS;SIMPLE_INSTRUMENT;EFP_FIN;EUR;42;118.32000000;69;EXCHANGE_LAST;;1;1;XEUR;11820390;689;
13.05.2025;11:11:45.699;FGBM SI 20250606 PS;SIMPLE_INSTRUMENT;EFP_FIN;EUR;43;118.30000000;396;EXCHANGE_LAST;;1;1;XEUR;11820390;689;
13.05.2025;11:12:24.739;FGBM SI 20250606 PS;SIMPLE_INSTRUMENT;EFP_FIN;EUR;44;118.28000000;681;EXCHANGE_LAST;;1;1;XEUR;11820390;689;
13.05.2025;11:16:28.939;FGBM SI 20250606 PS;SIMPLE_INSTRUMENT;EFS;EUR;45;118.29000000;864;EXCHANGE_LAST;;1;1;XEUR;11820390;689;
13.05.2025;11:22:46.728;FGBM SI 20250606 PS;SIMPLE_INSTRUMENT;EFS;EUR;46;118.30000000;431;EXCHANGE_LAST;;1;1;XEUR;11820390;689;
13.05.2025;11:22:58.585;FGBM SI 20250606 PS;SIMPLE_INSTRUMENT;EFS;EUR;47;118.29000000;864;EXCHANGE_LAST;;1;1;XEUR;11820390;689;
13.05.2025;11:27:47.978;FGBM SI 20250606 PS;SIMPLE_INSTRUMENT;EFS;EUR;48;118.29000000;465;EXCHANGE_LAST;;1;1;XEUR;11820390;689;
13.05.2025;12:05:29.753;FGBM SI 20250606 PS;SIMPLE_INSTRUMENT;EFS;EUR;49;118.31000000;864;EXCHANGE_LAST;;1;1;XEUR;11820390;689;
13.05.2025;12:08:15.197;FGBM SI 20250606 PS;SIMPLE_INSTRUMENT;EFP_FIN;EUR;50;118.30000000;338;EXCHANGE_LAST;;1;1;XEUR;11820390;689;
13.05.2025;12:09:26.956;FGBM SI 20250606 PS;SIMPLE_INSTRUMENT;EFS;EUR;51;118.32000000;929;EXCHANGE_LAST;;1;1;XEUR;11820390;689;
13.05.2025;12:10:50.709;FGBM SI 20250606 PS;SIMPLE_INSTRUMENT;EFP_FIN;EUR;52;118.30000000;968;EXCHANGE_LAST;;1;1;XEUR;11820390;689;
13.05.2025;12:17:42.987;FGBM SI 20250606 PS;SIMPLE_INSTRUMENT;EFS;EUR;53;118.30000000;5000;EXCHANGE_LAST;;1;1;XEUR;11820390;689;
13.05.2025;12:29:04.146;FGBM SI 20250606 PS;SIMPLE_INSTRUMENT;EFS;EUR;54;118.29000000;864;EXCHANGE_LAST;;1;1;XEUR;11820390;689;
13.05.2025;12:30:48.673;FGBM SI 20250606 PS;SIMPLE_INSTRUMENT;EFS;EUR;55;118.32000000;930;EXCHANGE_LAST;;1;1;XEUR;11820390;689;
13.05.2025;12:34:14.653;FGBM SI 20250606 PS;SIMPLE_INSTRUMENT;EFS;EUR;56;118.27000000;864;EXCHANGE_LAST;;1;1;XEUR;11820390;689;
13.05.2025;12:36:17.438;FGBM SI 20250606 PS;SIMPLE_INSTRUMENT;EFP_FIN;EUR;57;118.30000000;1160;EXCHANGE_LAST;;1;1;XEUR;11820390;689;
13.05.2025;12:36:36.467;FGBM SI 20250606 PS;SIMPLE_INSTRUMENT;EFP_FIN;EUR;58;118.30000000;71;EXCHANGE_LAST;;1;1;XEUR;11820390;689;
13.05.2025;12:36:56.443;FGBM SI 20250606 PS;SIMPLE_INSTRUMENT;EFP_FIN;EUR;59;118.30000000;114;EXCHANGE_LAST;;1;1;XEUR;11820390;689;
13.05.2025;12:37:30.327;FGBM SI 20250606 PS;SIMPLE_INSTRUMENT;EFS;EUR;60;118.28000000;864;EXCHANGE_LAST;;1;1;XEUR;11820390;689;
13.05.2025;12:37:52.440;FGBM SI 20250606 PS;SIMPLE_INSTRUMENT;EFS;EUR;61;118.28000000;864;EXCHANGE_LAST;;1;1;XEUR;11820390;689;
13.05.2025;12:39:14.084;FGBM SI 20250606 PS;SIMPLE_INSTRUMENT;EFS;EUR;62;118.28000000;864;EXCHANGE_LAST;;1;1;XEUR;11820390;689;
13.05.2025;12:40:53.390;FGBM SI 20250606 PS;SIMPLE_INSTRUMENT;EFS;EUR;63;118.37000000;864;EXCHANGE_LAST;;1;1;XEUR;11820390;689;
13.05.2025;12:49:03.766;FGBM SI 20250606 PS;SIMPLE_INSTRUMENT;EFS;EUR;64;118.35000000;864;EXCHANGE_LAST;;1;1;XEUR;11820390;689;
13.05.2025;12:49:38.795;FGBM SI 20250606 PS;SIMPLE_INSTRUMENT;EFS;EUR;65;118.35000000;864;EXCHANGE_LAST;;1;1;XEUR;11820390;689;
13.05.2025;12:51:03.874;FGBM SI 20250606 PS;SIMPLE_INSTRUMENT;EFS;EUR;66;118.35000000;864;EXCHANGE_LAST;;1;1;XEUR;11820390;689;
13.05.2025;13:03:52.394;FGBM SI 20250606 PS;SIMPLE_INSTRUMENT;EFS;EUR;67;118.33000000;863;EXCHANGE_LAST;;1;1;XEUR;11820390;689;
13.05.2025;13:04:18.043;FGBM SI 20250606 PS;SIMPLE_INSTRUMENT;EFS;EUR;68;118.28000000;919;EXCHANGE_LAST;;1;1;XEUR;11820390;689;
13.05.2025;13:05:01.058;FGBM SI 20250606 PS;SIMPLE_INSTRUMENT;EFS;EUR;69;118.33000000;432;EXCHANGE_LAST;;1;1;XEUR;11820390;689;
13.05.2025;13:09:38.838;FGBM SI 20250606 PS;SIMPLE_INSTRUMENT;EFS;EUR;70;118.35000000;864;EXCHANGE_LAST;;1;1;XEUR;11820390;689;
13.05.2025;13:16:56.664;FGBM SI 20250606 PS;SIMPLE_INSTRUMENT;EFS;EUR;71;118.34000000;432;EXCHANGE_LAST;;1;1;XEUR;11820390;689;
13.05.2025;13:21:59.418;FGBM SI 20250606 PS;SIMPLE_INSTRUMENT;EFS;EUR;73;118.35000000;500;EXCHANGE_LAST;;1;1;XEUR;11820390;689;
13.05.2025;13:21:22.865;FGBM SI 20250606 PS;SIMPLE_INSTRUMENT;EFS;EUR;74;118.35000000;432;EXCHANGE_LAST;;1;1;XEUR;11820390;689;
13.05.2025;13:22:03.418;FGBM SI 20250606 PS;SIMPLE_INSTRUMENT;EFS;EUR;75;118.35000000;500;EXCHANGE_LAST;;1;1;XEUR;11820390;689;
13.05.2025;13:25:39.766;FGBM SI 20250606 PS;SIMPLE_INSTRUMENT;EFS;EUR;76;118.34000000;929;EXCHANGE_LAST;;1;1;XEUR;11820390;689;
13.05.2025;13:27:42.904;FGBM SI 20250606 PS;SIMPLE_INSTRUMENT;EFS;EUR;77;118.35000000;929;EXCHANGE_LAST;;1;1;XEUR;11820390;689;
13.05.2025;13:35:45.915;FGBM SI 20250606 PS;SIMPLE_INSTRUMENT;EFP_FIN;EUR;78;118.35000000;84;EXCHANGE_LAST;;1;1;XEUR;11820390;689;
13.05.2025;13:44:25.107;FGBM SI 20250606 PS;SIMPLE_INSTRUMENT;EFP_FIN;EUR;79;118.34000000;450;EXCHANGE_LAST;;1;1;XEUR;11820390;689;
13.05.2025;13:56:59.915;FGBM SI 20250606 PS;SIMPLE_INSTRUMENT;EFS;EUR;80;118.34000000;864;EXCHANGE_LAST;;1;1;XEUR;11820390;689;
13.05.2025;14:00:37.117;FGBM SI 20250606 PS;SIMPLE_INSTRUMENT;EFS;EUR;81;118.34000000;600;EXCHANGE_LAST;;1;1;XEUR;11820390;689;
13.05.2025;14:01:49.556;FGBM SI 20250606 PS;SIMPLE_INSTRUMENT;EFS;EUR;82;118.35000000;863;EXCHANGE_LAST;;1;1;XEUR;11820390;689;
13.05.2025;14:04:10.653;FGBM SI 20250606 PS;SIMPLE_INSTRUMENT;EFS;EUR;83;118.35000000;811;EXCHANGE_LAST;;1;1;XEUR;11820390;689;
13.05.2025;14:04:25.321;FGBM SI 20250606 PS;SIMPLE_INSTRUMENT;EFS;EUR;84;118.35000000;864;EXCHANGE_LAST;;1;1;XEUR;11820390;689;
13.05.2025;14:04:26.411;FGBM SI 20250606 PS;SIMPLE_INSTRUMENT;EFS;EUR;85;118.35000000;811;EXCHANGE_LAST;;1;1;XEUR;11820390;689;
13.05.2025;14:04:30.326;FGBM SI 20250606 PS;SIMPLE_INSTRUMENT;EFS;EUR;86;118.35000000;1728;EXCHANGE_LAST;;1;1;XEUR;11820390;689;
13.05.2025;14:05:50.385;FGBM SI 20250606 PS;SIMPLE_INSTRUMENT;EFS;EUR;87;118.35000000;864;EXCHANGE_LAST;;1;1;XEUR;11820390;689;
13.05.2025;14:06:40.421;FGBM SI 20250606 PS;SIMPLE_INSTRUMENT;EFS;EUR;88;118.35000000;864;EXCHANGE_LAST;;1;1;XEUR;11820390;689;
13.05.2025;14:13:32.597;FGBM SI 20250606 PS;SIMPLE_INSTRUMENT;EFP_FIN;EUR;90;118.35000000;907;EXCHANGE_LAST;;1;1;XEUR;11820390;689;
13.05.2025;14:14:40.890;FGBM SI 20250606 PS;SIMPLE_INSTRUMENT;EFS;EUR;91;118.35000000;500;EXCHANGE_LAST;;1;1;XEUR;11820390;689;
13.05.2025;14:16:08.960;FGBM SI 20250606 PS;SIMPLE_INSTRUMENT;EFS;EUR;92;118.34000000;1216;EXCHANGE_LAST;;1;1;XEUR;11820390;689;
13.05.2025;14:17:03.035;FGBM SI 20250606 PS;SIMPLE_INSTRUMENT;EFP_FIN;EUR;93;118.35000000;453;EXCHANGE_LAST;;1;1;XEUR;11820390;689;
13.05.2025;14:18:52.620;FGBM SI 20250606 PS;SIMPLE_INSTRUMENT;EFS;EUR;94;118.34000000;863;EXCHANGE_LAST;;1;1;XEUR;11820390;689;
13.05.2025;14:20:05.149;FGBM SI 20250606 PS;SIMPLE_INSTRUMENT;EFS;EUR;95;118.32000000;863;EXCHANGE_LAST;;1;1;XEUR;11820390;689;
13.05.2025;14:22:12.706;FGBM SI 20250606 PS;SIMPLE_INSTRUMENT;EFS;EUR;96;118.35000000;405;EXCHANGE_LAST;;1;1;XEUR;11820390;689;
13.05.2025;14:24:47.286;FGBM SI 20250606 PS;SIMPLE_INSTRUMENT;EFS;EUR;97;118.30000000;432;EXCHANGE_LAST;;1;1;XEUR;11820390;689;
13.05.2025;14:25:12.925;FGBM SI 20250606 PS;SIMPLE_INSTRUMENT;EFS;EUR;98;118.35000000;1168;EXCHANGE_LAST;;1;1;XEUR;11820390;689;
13.05.2025;14:31:09.432;FGBM SI 20250606 PS;SIMPLE_INSTRUMENT;EFS;EUR;99;118.35000000;864;EXCHANGE_LAST;;1;1;XEUR;11820390;689;
13.05.2025;14:30:50.455;FGBM SI 20250606 PS;SIMPLE_INSTRUMENT;EFS;EUR;100;118.35000000;864;EXCHANGE_LAST;;1;1;XEUR;11820390;689;
13.05.2025;14:38:17.892;FGBM SI 20250606 PS;SIMPLE_INSTRUMENT;EFS;EUR;101;118.29000000;812;EXCHANGE_LAST;;1;1;XEUR;11820390;689;
13.05.2025;14:43:37.447;FGBM SI 20250606 PS;SIMPLE_INSTRUMENT;EFP_FIN;EUR;102;118.28000000;146;EXCHANGE_LAST;;1;1;XEUR;11820390;689;
13.05.2025;14:43:59.468;FGBM SI 20250606 PS;SIMPLE_INSTRUMENT;EFP_FIN;EUR;103;118.28000000;182;EXCHANGE_LAST;;1;1;XEUR;11820390;689;
13.05.2025;14:46:48.057;FGBM SI 20250606 PS;SIMPLE_INSTRUMENT;EFP_FIN;EUR;104;118.34000000;471;EXCHANGE_LAST;;1;1;XEUR;11820390;689;
13.05.2025;14:57:47.335;FGBM SI 20250606 PS;SIMPLE_INSTRUMENT;EFS;EUR;105;118.32000000;863;EXCHANGE_LAST;;1;1;XEUR;11820390;689;
13.05.2025;15:00:22.142;FGBM SI 20250606 PS;SIMPLE_INSTRUMENT;EFS;EUR;106;118.31000000;432;EXCHANGE_LAST;;1;1;XEUR;11820390;689;
13.05.2025;15:02:16.958;FGBM SI 20250606 PS;SIMPLE_INSTRUMENT;EFS;EUR;107;118.31000000;259;EXCHANGE_LAST;;1;1;XEUR;11820390;689;
13.05.2025;15:08:40.109;FGBM SI 20250606 PS;SIMPLE_INSTRUMENT;EFS;EUR;109;118.33000000;863;EXCHANGE_LAST;;1;1;XEUR;11820390;689;
13.05.2025;15:11:19.856;FGBM SI 20250606 PS;SIMPLE_INSTRUMENT;EFS;EUR;110;118.32000000;2000;EXCHANGE_LAST;;1;1;XEUR;11820390;689;
13.05.2025;15:23:22.053;FGBM SI 20250606 PS;SIMPLE_INSTRUMENT;EFP_FIN;EUR;111;118.27000000;202;EXCHANGE_LAST;;1;1;XEUR;11820390;689;
13.05.2025;15:27:23.893;FGBM SI 20250606 PS;SIMPLE_INSTRUMENT;EFS;EUR;112;118.26000000;864;EXCHANGE_LAST;;1;1;XEUR;11820390;689;
13.05.2025;15:29:00.871;FGBM SI 20250606 PS;SIMPLE_INSTRUMENT;EFP_FIN;EUR;113;118.25000000;426;EXCHANGE_LAST;;1;1;XEUR;11820390;689;
13.05.2025;15:29:20.414;FGBM SI 20250606 PS;SIMPLE_INSTRUMENT;EFP_FIN;EUR;114;118.26000000;426;EXCHANGE_LAST;;1;1;XEUR;11820390;689;
13.05.2025;15:31:02.247;FGBM SI 20250606 PS;SIMPLE_INSTRUMENT;EFP_FIN;EUR;115;118.25000000;852;EXCHANGE_LAST;;1;1;XEUR;11820390;689;
13.05.2025;15:32:55.793;FGBM SI 20250606 PS;SIMPLE_INSTRUMENT;EFS;EUR;116;118.35000000;863;EXCHANGE_LAST;;1;1;XEUR;11820390;689;
13.05.2025;15:33:39.027;FGBM SI 20250606 PS;SIMPLE_INSTRUMENT;EFS;EUR;117;118.25000000;864;EXCHANGE_LAST;;1;1;XEUR;11820390;689;
13.05.2025;15:39:04.051;FGBM SI 20250606 PS;SIMPLE_INSTRUMENT;EFP_FIN;EUR;118;118.29000000;324;EXCHANGE_LAST;;1;1;XEUR;11820390;689;
13.05.2025;15:45:45.021;FGBM SI 20250606 PS;SIMPLE_INSTRUMENT;EFS;EUR;119;118.24000000;432;EXCHANGE_LAST;;1;1;XEUR;11820390;689;
13.05.2025;15:48:52.073;FGBM SI 20250606 PS;SIMPLE_INSTRUMENT;EFS;EUR;120;118.26000000;930;EXCHANGE_LAST;;1;1;XEUR;11820390;689;
13.05.2025;15:53:59.716;FGBM SI 20250606 PS;SIMPLE_INSTRUMENT;EFS;EUR;121;118.31000000;864;EXCHANGE_LAST;;1;1;XEUR;11820390;689;
13.05.2025;16:36:57.967;FGBM SI 20250606 PS;SIMPLE_INSTRUMENT;EFS;EUR;122;118.21000000;864;EXCHANGE_LAST;;1;1;XEUR;11820390;689;
13.05.2025;07:16:43.657;FGBS SI 20250606 PS;SIMPLE_INSTRUMENT;EFS;EUR;1;107.13000000;500;EXCHANGE_LAST;;1;1;XEUR;11820391;690;
13.05.2025;07:22:38.200;FGBS SI 20250606 PS;SIMPLE_INSTRUMENT;EFS;EUR;2;107.10000000;2733;EXCHANGE_LAST;;1;1;XEUR;11820391;690;
13.05.2025;07:32:40.565;FGBS SI 20250606 PS;SIMPLE_INSTRUMENT;EFP_FIN;EUR;3;107.10000000;1877;EXCHANGE_LAST;;1;1;XEUR;11820391;690;
13.05.2025;07:40:21.426;FGBS SI 20250606 PS;SIMPLE_INSTRUMENT;EFP_FIN;EUR;4;107.10000000;2110;EXCHANGE_LAST;;1;1;XEUR;11820391;690;
13.05.2025;07:43:22.167;FGBS SI 20250606 PS;SIMPLE_INSTRUMENT;EFP_FIN;EUR;5;107.10000000;2110;EXCHANGE_LAST;;1;1;XEUR;11820391;690;
13.05.2025;07:47:19.218;FGBS SI 20250606 PS;SIMPLE_INSTRUMENT;EFS;EUR;6;107.10000000;1093;EXCHANGE_LAST;;1;1;XEUR;11820391;690;
13.05.2025;07:54:20.213;FGBS SI 20250606 PS;SIMPLE_INSTRUMENT;EFP_FIN;EUR;7;107.12000000;1055;EXCHANGE_LAST;;1;1;XEUR;11820391;690;
13.05.2025;07:57:07.382;FGBS SI 20250606 PS;SIMPLE_INSTRUMENT;EFS;EUR;8;107.11000000;2733;EXCHANGE_LAST;;1;1;XEUR;11820391;690;
13.05.2025;08:00:13.555;FGBS SI 20250606 PS;SIMPLE_INSTRUMENT;BLOCK;EUR;9;107.11000000;15875;EXCHANGE_LAST;;1;1;XEUR;11820391;690;
13.05.2025;08:14:13.916;FGBS SI 20250606 PS;SIMPLE_INSTRUMENT;EFS;EUR;10;107.11000000;2723;EXCHANGE_LAST;;1;1;XEUR;11820391;690;
13.05.2025;08:42:56.362;FGBS SI 20250606 PS;SIMPLE_INSTRUMENT;EFS;EUR;11;107.12000000;1366;EXCHANGE_LAST;;1;1;XEUR;11820391;690;
13.05.2025;09:04:16.129;FGBS SI 20250606 PS;SIMPLE_INSTRUMENT;EFS;EUR;12;107.12000000;689;EXCHANGE_LAST;;1;1;XEUR;11820391;690;
13.05.2025;09:06:15.697;FGBS SI 20250606 PS;SIMPLE_INSTRUMENT;EFP_FIN;EUR;13;107.10000000;527;EXCHANGE_LAST;;1;1;XEUR;11820391;690;
13.05.2025;09:13:24.486;FGBS SI 20250606 PS;SIMPLE_INSTRUMENT;EFP_FIN;EUR;14;107.11500000;1407;EXCHANGE_LAST;;1;1;XEUR;11820391;690;
13.05.2025;09:32:11.298;FGBS SI 20250606 PS;SIMPLE_INSTRUMENT;EFP_FIN;EUR;15;107.11000000;882;EXCHANGE_LAST;;1;1;XEUR;11820391;690;
13.05.2025;09:32:28.852;FGBS SI 20250606 PS;SIMPLE_INSTRUMENT;EFS;EUR;16;107.10500000;1913;EXCHANGE_LAST;;1;1;XEUR;11820391;690;
13.05.2025;09:32:58.630;FGBS SI 20250606 PS;SIMPLE_INSTRUMENT;EFS;EUR;17;107.11500000;3280;EXCHANGE_LAST;;1;1;XEUR;11820391;690;
13.05.2025;09:33:30.141;FGBS SI 20250606 PS;SIMPLE_INSTRUMENT;EFS;EUR;18;107.11000000;2733;EXCHANGE_LAST;;1;1;XEUR;11820391;690;
13.05.2025;09:33:52.639;FGBS SI 20250606 PS;SIMPLE_INSTRUMENT;EFP_FIN;EUR;19;107.10500000;2174;EXCHANGE_LAST;;1;1;XEUR;11820391;690;
13.05.2025;09:39:12.375;FGBS SI 20250606 PS;SIMPLE_INSTRUMENT;EFP_FIN;EUR;20;107.10000000;1055;EXCHANGE_LAST;;1;1;XEUR;11820391;690;
13.05.2025;10:07:37.457;FGBS SI 20250606 PS;SIMPLE_INSTRUMENT;EFP_FIN;EUR;22;107.10000000;527;EXCHANGE_LAST;;1;1;XEUR;11820391;690;
13.05.2025;10:04:58.611;FGBS SI 20250606 PS;SIMPLE_INSTRUMENT;EFP_FIN;EUR;23;107.10000000;938;EXCHANGE_LAST;;1;1;XEUR;11820391;690;
13.05.2025;10:06:17.318;FGBS SI 20250606 PS;SIMPLE_INSTRUMENT;EFP_FIN;EUR;24;107.10000000;312;EXCHANGE_LAST;;1;1;XEUR;11820391;690;
13.05.2025;10:20:19.384;FGBS SI 20250606 PS;SIMPLE_INSTRUMENT;EFP_FIN;EUR;27;107.10000000;527;EXCHANGE_LAST;;1;1;XEUR;11820391;690;
13.05.2025;10:20:27.959;FGBS SI 20250606 PS;SIMPLE_INSTRUMENT;EFP_FIN;EUR;28;107.10000000;264;EXCHANGE_LAST;;1;1;XEUR;11820391;690;
13.05.2025;10:09:10.944;FGBS SI 20250606 PS;SIMPLE_INSTRUMENT;EFP_FIN;EUR;29;107.10000000;111;EXCHANGE_LAST;;1;1;XEUR;11820391;690;
13.05.2025;10:20:42.094;FGBS SI 20250606 PS;SIMPLE_INSTRUMENT;EFS;EUR;30;107.09500000;1914;EXCHANGE_LAST;;1;1;XEUR;11820391;690;
13.05.2025;10:25:34.601;FGBS SI 20250606 PS;SIMPLE_INSTRUMENT;EFP_FIN;EUR;31;107.11000000;2214;EXCHANGE_LAST;;1;1;XEUR;11820391;690;
13.05.2025;10:25:43.573;FGBS SI 20250606 PS;SIMPLE_INSTRUMENT;EFP_FIN;EUR;32;107.10000000;2110;EXCHANGE_LAST;;1;1;XEUR;11820391;690;
13.05.2025;10:33:28.170;FGBS SI 20250606 PS;SIMPLE_INSTRUMENT;EFS;EUR;33;107.12500000;1230;EXCHANGE_LAST;;1;1;XEUR;11820391;690;
13.05.2025;10:40:24.078;FGBS SI 20250606 PS;SIMPLE_INSTRUMENT;EFP_FIN;EUR;34;107.10000000;527;EXCHANGE_LAST;;1;1;XEUR;11820391;690;
