#Date;TrdTime;Contract;ContractType;TrdTyp;Currency;TesId;Prc;Qty;TrdInd;Aggressor;Buy;Sell;Exch;InstrumentId;RelatedProdId;PrcDecomp
03.12.2024;10:31:38.852;A2XA SI 20271217 CS;SIMPLE_INSTRUMENT;BLOCK;EUR;26;1.86000000;450;EXCHANGE_LAST;;3;1;XEUR;5914267;17;
03.12.2024;12:39:00.473;A2XA SI 20261218 CS;SIMPLE_INSTRUMENT;BLOCK;EUR;44;1.99000000;300;EXCHANGE_LAST;;1;1;XEUR;4632093;17;
03.12.2024;16:17:26.617;A2XA SI 20271217 CS;SIMPLE_INSTRUMENT;BLOCK;EUR;77;1.86000000;100;EXCHANGE_LAST;;1;1;XEUR;5914267;17;
03.12.2024;16:35:08.662;A2XA SI 20261218 CS;SIMPLE_INSTRUMENT;BLOCK;EUR;81;1.98500000;500;EXCHANGE_LAST;;3;1;XEUR;4632093;17;
03.12.2024;16:46:30.192;A2XA SI 20271217 CS;SIMPLE_INSTRUMENT;BLOCK;EUR;84;1.86000000;200;EXCHANGE_LAST;;1;1;XEUR;5914267;17;
03.12.2024;10:10:43.346;ABBN SI 20241220 PS AM C 52.00 0;SIMPLE_INSTRUMENT;BLOCK;CHF;14;0.50000000;2000;EXCHANGE_LAST;;1;1;XEUR;8836244;574517;
03.12.2024;14:18:12.457;ABBN SI 20260619 PS AM P 36.00 0;SIMPLE_INSTRUMENT;BLOCK;CHF;50;1.16000000;1250;EXCHANGE_LAST;;1;1;XEUR;9600920;574517;
03.12.2024;09:30:53.101;ADS.O.241203.STG.000004;STANDARD_OPTION_STRATEGY;BLOCK;EUR;1;25.15000000;250;EXCHANGE_LAST;;1;1;XEUR;72057808786331127;50;
03.12.2024;09:30:53.101;ADS SI 20250620 PS AM P 220.00 0;SIMPLE_INSTRUMENT;BLOCK;EUR;1;12.40000000;250;PRC_DECOMP_EXCHANGE;;;;XEUR;11297076;50;EXCHANGE
03.12.2024;09:30:53.101;ADS SI 20250620 PS AM C 250.00 0;SIMPLE_INSTRUMENT;BLOCK;EUR;1;12.75000000;250;PRC_DECOMP_EXCHANGE;;;;XEUR;12330807;50;EXCHANGE
03.12.2024;09:45:30.297;ADS SI 20250221 PS AM C 240.00 0;SIMPLE_INSTRUMENT;BLOCK;EUR;3;8.90000000;1000;EXCHANGE_LAST;;1;1;XEUR;12237466;50;
03.12.2024;10:23:29.072;ADSG.S.DEC24.MAR25.SPD;FUTURES_SPREAD;BLOCK;EUR;24;-1.81870000;1650;EXCHANGE_LAST;;1;1;XEUR;72057800196358356;48;
03.12.2024;10:23:29.072;ADSG SI 20241220 CS;SIMPLE_INSTRUMENT;BLOCK;EUR;24;233.13840000;1650;PRC_DECOMP_MEMBER;;;;XEUR;7030793;48;MEMBER
03.12.2024;10:23:29.072;ADSG SI 20250321 CS;SIMPLE_INSTRUMENT;BLOCK;EUR;24;234.95710000;1650;PRC_DECOMP_MEMBER;;;;XEUR;10692279;48;MEMBER
03.12.2024;11:25:15.228;ADY SI 20250117 PS AM C 1360.00 0;SIMPLE_INSTRUMENT;BLOCK;EUR;5;79.00000000;282;EXCHANGE_LAST;;1;1;XEUR;12097466;76315;
03.12.2024;09:32:42.477;AIR SI 20241220 PS AM C 162.00 0;SIMPLE_INSTRUMENT;BLOCK;EUR;4;1.79000000;300;EXCHANGE_LAST;;1;1;XEUR;11784491;64;
03.12.2024;14:39:35.566;AKE SI 20250117 PS AM C 82.00 0;SIMPLE_INSTRUMENT;BLOCK;EUR;23;0.60000000;1767;EXCHANGE_LAST;;1;1;XEUR;12067737;77;
03.12.2024;12:14:19.301;ALV.O.241203.BRT.000012;STANDARD_OPTION_STRATEGY;BLOCK;EUR;1;3.50000000;300;EXCHANGE_LAST;;1;1;XEUR;72057911865566625;74;
03.12.2024;12:14:19.301;ALV SI 20250321 PS AM P 280.00 0;SIMPLE_INSTRUMENT;BLOCK;EUR;1;4.64000000;300;PRC_DECOMP_EXCHANGE;;;;XEUR;10829572;74;EXCHANGE
03.12.2024;12:14:19.301;ALV SI 20241220 PS AM P 280.00 0;SIMPLE_INSTRUMENT;BLOCK;EUR;1;1.14000000;300;PRC_DECOMP_EXCHANGE;;;;XEUR;4638032;74;EXCHANGE
03.12.2024;10:21:03.338;ALVG.S.DEC24.MAR25.SPD;FUTURES_SPREAD;BLOCK;EUR;19;-2.33360000;800;EXCHANGE_LAST;;1;1;XEUR;72057959110148363;85;
03.12.2024;10:21:03.338;ALVG SI 20250321 CS;SIMPLE_INSTRUMENT;BLOCK;EUR;19;301.49620000;800;PRC_DECOMP_MEMBER;;;;XEUR;10693113;85;MEMBER
03.12.2024;10:21:03.338;ALVG SI 20241220 CS;SIMPLE_INSTRUMENT;BLOCK;EUR;19;299.16260000;800;PRC_DECOMP_MEMBER;;;;XEUR;7031281;85;MEMBER
03.12.2024;16:36:21.075;ARG SI 20241220 PS AM P 560.00 0;SIMPLE_INSTRUMENT;BLOCK;EUR;5;7.20000000;150;EXCHANGE_LAST;;1;1;XEUR;7966092;355435;
03.12.2024;10:52:06.080;ASG5 SI 20250320 PS AM P 24.00 0;SIMPLE_INSTRUMENT;BLOCK;EUR;4;0.32000000;51000;EXCHANGE_LAST;;2;8;XEUR;10822094;109;
03.12.2024;15:07:58.978;AXA SI 20281215 PS AM P 28.00 0;SIMPLE_INSTRUMENT;BLOCK;EUR;29;4.25000000;2000;EXCHANGE_LAST;;1;1;XEUR;10396096;127;
03.12.2024;16:16:55.980;AXA.O.241203.STG.000005;STANDARD_OPTION_STRATEGY;BLOCK;EUR;33;5.00000000;1500;EXCHANGE_LAST;;1;1;XEUR;72058139498794119;127;
03.12.2024;16:16:55.980;AXA SI 20260619 PS AM P 28.00 0;SIMPLE_INSTRUMENT;BLOCK;EUR;33;2.31000000;1500;PRC_DECOMP_EXCHANGE;;;;XEUR;9538750;127;EXCHANGE
03.12.2024;16:16:55.980;AXA SI 20260619 PS AM C 32.00 0;SIMPLE_INSTRUMENT;BLOCK;EUR;33;2.69000000;1500;PRC_DECOMP_EXCHANGE;;;;XEUR;9538762;127;EXCHANGE
03.12.2024;10:01:55.750;B2MW SI 20251219 CS;SIMPLE_INSTRUMENT;BLOCK;EUR;10;3.87000000;300;EXCHANGE_LAST;;1;1;XEUR;3681121;128;
03.12.2024;12:07:10.293;B2YG SI 20261218 CS;SIMPLE_INSTRUMENT;BLOCK;EUR;38;1.67000000;365;EXCHANGE_LAST;;1;2;XEUR;6820081;45713;
03.12.2024;08:29:02.956;BAS SI 20241206 PS AM C 43.50 0;SIMPLE_INSTRUMENT;BLOCK;EUR;1;0.78000000;505;EXCHANGE_LAST;;1;1;XEUR;12139113;150;
03.12.2024;09:10:54.969;BAS SI 20241206 PS AM C 43.50 0;SIMPLE_INSTRUMENT;BLOCK;EUR;2;0.71000000;404;EXCHANGE_LAST;;1;1;XEUR;12139113;150;
03.12.2024;12:17:11.555;BAS.O.241203.BLT.000009;STANDARD_OPTION_STRATEGY;BLOCK;EUR;3;0.44000000;1000;EXCHANGE_LAST;;1;1;XEUR;72058238283089834;150;
03.12.2024;12:17:11.555;BAS SI 20250117 PS AM C 46.00 0;SIMPLE_INSTRUMENT;BLOCK;EUR;3;0.67000000;1000;PRC_DECOMP_EXCHANGE;;;;XEUR;12068829;150;EXCHANGE
03.12.2024;12:17:11.555;BAS SI 20241220 PS AM C 46.00 0;SIMPLE_INSTRUMENT;BLOCK;EUR;3;0.23000000;1000;PRC_DECOMP_EXCHANGE;;;;XEUR;7509951;150;EXCHANGE
03.12.2024;12:13:54.508;BAS SI 20241220 PS AM P 46.00 0;SIMPLE_INSTRUMENT;BLOCK;EUR;4;2.30000000;3000;EXCHANGE_LAST;;1;1;XEUR;7509954;150;
03.12.2024;16:07:36.747;BAS SI 20241220 PS AM C 45.00 0;SIMPLE_INSTRUMENT;BLOCK;EUR;7;0.48000000;750;EXCHANGE_LAST;;1;1;XEUR;7509965;150;
03.12.2024;16:44:51.676;BASG SI 20241220 CS;SIMPLE_INSTRUMENT;BLOCK;EUR;83;43.98680000;2100;EXCHANGE_LAST;;1;1;XEUR;7032007;171;
03.12.2024;08:52:35.242;BMW SI 20251219 PS AM P 72.00 0;SIMPLE_INSTRUMENT;BLOCK;EUR;3;7.84000000;2000;EXCHANGE_LAST;;1;1;XEUR;11992512;210;
03.12.2024;08:52:37.307;BMW SI 20251219 PS AM P 68.00 0;SIMPLE_INSTRUMENT;BLOCK;EUR;4;5.96000000;2500;EXCHANGE_LAST;;1;1;XEUR;5923230;210;
03.12.2024;12:50:41.920;BMW.O.241203.STG.000022;STANDARD_OPTION_STRATEGY;BLOCK;EUR;19;4.33000000;450;EXCHANGE_LAST;;1;1;XEUR;72058495981107732;210;
03.12.2024;12:50:41.920;BMW SI 20250321 PS AM P 64.00 0;SIMPLE_INSTRUMENT;BLOCK;EUR;19;1.36000000;450;PRC_DECOMP_EXCHANGE;;;;XEUR;10832577;210;EXCHANGE
03.12.2024;12:50:41.920;BMW SI 20250321 PS AM C 76.00 0;SIMPLE_INSTRUMENT;BLOCK;EUR;19;2.97000000;450;PRC_DECOMP_EXCHANGE;;;;XEUR;10832590;210;EXCHANGE
03.12.2024;14:09:06.062;BMW SI 20241220 PS AM P 68.00 0;SIMPLE_INSTRUMENT;BLOCK;EUR;23;0.49000000;1300;EXCHANGE_LAST;;1;1;XEUR;4640266;210;
03.12.2024;14:18:32.158;BMW SI 20241220 PS AM C 72.00 0;SIMPLE_INSTRUMENT;BLOCK;EUR;25;2.05000000;864;EXCHANGE_LAST;;1;1;XEUR;10398284;210;
03.12.2024;08:49:48.857;BNP SI 20250321 PS AM P 60.00 0;SIMPLE_INSTRUMENT;BLOCK;EUR;2;4.60000000;1300;EXCHANGE_LAST;;1;1;XEUR;10832956;237;
03.12.2024;08:49:49.003;BNP SI 20250321 PS AM C 64.00 0;SIMPLE_INSTRUMENT;BLOCK;EUR;3;0.70000000;1300;EXCHANGE_LAST;;1;1;XEUR;10832961;237;
03.12.2024;14:49:38.767;BNP.N.241203.000006;NON_STANDARD_OPTION_STRATEGY;BLOCK;EUR;24;0.99000000;750;EXCHANGE_LAST;;1;1;XEUR;72058611945198644;237;
03.12.2024;14:49:38.767;BNP SI 20241220 PS AM C 60.00 0;SIMPLE_INSTRUMENT;BLOCK;EUR;24;0.19000000;1500;PRC_DECOMP_MEMBER;;;;XEUR;4640395;237;MEMBER
03.12.2024;14:49:38.767;BNP SI 20250117 PS AM P 55.00 0;SIMPLE_INSTRUMENT;BLOCK;EUR;24;1.37000000;750;PRC_DECOMP_MEMBER;;;;XEUR;12070389;237;MEMBER
03.12.2024;15:06:53.420;BNP SI 20241220 PS AM P 56.00 0;SIMPLE_INSTRUMENT;BLOCK;EUR;27;1.42000000;1000;EXCHANGE_LAST;;1;1;XEUR;4640394;237;
03.12.2024;10:22:40.095;BNPH.S.DEC24.MAR25.SPD;FUTURES_SPREAD;BLOCK;EUR;21;-0.44030000;7500;EXCHANGE_LAST;;1;1;XEUR;72058607650211062;236;
03.12.2024;10:22:40.095;BNPH SI 20250321 CS;SIMPLE_INSTRUMENT;BLOCK;EUR;21;56.87640000;7500;PRC_DECOMP_MEMBER;;;;XEUR;10695531;236;MEMBER
03.12.2024;10:22:40.095;BNPH SI 20241220 CS;SIMPLE_INSTRUMENT;BLOCK;EUR;21;56.43610000;7500;PRC_DECOMP_MEMBER;;;;XEUR;7032636;236;MEMBER
03.12.2024;14:00:48.449;BNPH SI 20241220 CS;SIMPLE_INSTRUMENT;BLOCK;EUR;62;55.95900000;10450;EXCHANGE_LAST;;1;1;XEUR;7032636;236;
03.12.2024;11:03:33.700;BYG.O.241203.STG.000001;STANDARD_OPTION_STRATEGY;BLOCK;EUR;11;2.93000000;2000;EXCHANGE_LAST;;1;1;XEUR;72058796628777075;280;
03.12.2024;11:03:33.700;BYG SI 20251219 PS AM C 30.00 0;SIMPLE_INSTRUMENT;BLOCK;EUR;11;1.06000000;2000;PRC_DECOMP_EXCHANGE;;;;XEUR;11675709;280;EXCHANGE
03.12.2024;11:03:33.700;BYG SI 20251219 PS AM P 26.00 0;SIMPLE_INSTRUMENT;BLOCK;EUR;11;1.87000000;2000;PRC_DECOMP_EXCHANGE;;;;XEUR;11675710;280;EXCHANGE
03.12.2024;11:37:42.208;BYG.O.241203.BR23.000002;STANDARD_OPTION_STRATEGY;BLOCK;EUR;15;-2.68000000;2500;EXCHANGE_LAST;;1;2;XEUR;72058796628777076;280;
03.12.2024;11:37:42.208;BYG SI 20271217 PS AM P 24.00 0;SIMPLE_INSTRUMENT;BLOCK;EUR;15;2.93000000;5000;PRC_DECOMP_EXCHANGE;;;;XEUR;8777269;280;EXCHANGE
03.12.2024;11:37:42.208;BYG SI 20271217 PS AM P 18.00 0;SIMPLE_INSTRUMENT;BLOCK;EUR;15;1.06000000;7500;PRC_DECOMP_EXCHANGE;;;;XEUR;8777175;280;EXCHANGE
03.12.2024;13:43:58.127;BYG.O.241203.BER.000003;STANDARD_OPTION_STRATEGY;BLOCK;EUR;20;1.09000000;2500;EXCHANGE_LAST;;2;1;XEUR;72058796628777077;280;
03.12.2024;13:43:58.127;BYG SI 20260619 PS AM P 20.00 0;SIMPLE_INSTRUMENT;BLOCK;EUR;20;0.70000000;2500;PRC_DECOMP_MEMBER;;;;XEUR;9542721;280;MEMBER
03.12.2024;13:43:58.127;BYG SI 20260619 PS AM P 24.00 0;SIMPLE_INSTRUMENT;BLOCK;EUR;20;1.79000000;2500;PRC_DECOMP_MEMBER;;;;XEUR;9542697;280;MEMBER
03.12.2024;13:58:49.929;BYGG SI 20241220 CS;SIMPLE_INSTRUMENT;BLOCK;EUR;60;27.85800000;2300;EXCHANGE_LAST;;1;1;XEUR;7033067;281;
03.12.2024;08:19:19.610;CFR SI 20241220 PS AM C 130.00 0;SIMPLE_INSTRUMENT;BLOCK;CHF;1;2.07000000;314;EXCHANGE_LAST;;1;1;XEUR;10400575;313;
03.12.2024;08:47:38.146;CFR SI 20241220 PS AM C 130.00 0;SIMPLE_INSTRUMENT;BLOCK;CHF;3;2.38000000;300;EXCHANGE_LAST;;1;1;XEUR;10400575;313;
03.12.2024;09:34:18.994;CFR SI 20241220 PS AM C 130.00 0;SIMPLE_INSTRUMENT;BLOCK;CHF;12;2.08000000;300;EXCHANGE_LAST;;1;1;XEUR;10400575;313;
03.12.2024;13:48:15.238;CFR.O.241203.BER.000015;STANDARD_OPTION_STRATEGY;BLOCK;CHF;43;19.15000000;1000;EXCHANGE_LAST;;1;2;XEUR;72058938362726066;313;
03.12.2024;13:48:15.238;CFR SI 20251219 PS AM P 140.00 0;SIMPLE_INSTRUMENT;BLOCK;CHF;43;22.20000000;1000;PRC_DECOMP_EXCHANGE;;;;XEUR;9996465;313;EXCHANGE
03.12.2024;13:48:15.238;CFR SI 20251219 PS AM P 92.00 0;SIMPLE_INSTRUMENT;BLOCK;CHF;43;3.05000000;1000;PRC_DECOMP_EXCHANGE;;;;XEUR;9996462;313;EXCHANGE
03.12.2024;14:04:22.200;CFR SI 20241220 PS AM C 130.00 0;SIMPLE_INSTRUMENT;BLOCK;CHF;48;2.23000000;300;EXCHANGE_LAST;;1;1;XEUR;10400575;313;
03.12.2024;14:26:51.083;CFR SI 20241220 PS AM C 130.00 0;SIMPLE_INSTRUMENT;BLOCK;CHF;55;2.12000000;576;EXCHANGE_LAST;;1;1;XEUR;10400575;313;
03.12.2024;14:51:15.117;CFR SI 20241220 PS AM C 130.00 0;SIMPLE_INSTRUMENT;BLOCK;CHF;57;2.35000000;700;EXCHANGE_LAST;;1;1;XEUR;10400575;313;
03.12.2024;15:28:14.531;CFRE SI 20251219 PS EU C 120.00 0;SIMPLE_INSTRUMENT;BLOCK;CHF;62;17.10000000;1500;EXCHANGE_LAST;;1;1;XEUR;9998118;156129;
03.12.2024;13:50:36.491;CFRL SI 20241220 CS;SIMPLE_INSTRUMENT;BLOCK;CHF;54;128.10000000;1500;EXCHANGE_LAST;;1;1;XEUR;10093261;729453;
03.12.2024;13:51:01.535;CFRL SI 20250321 CS;SIMPLE_INSTRUMENT;BLOCK;CHF;55;128.39400000;1500;EXCHANGE_LAST;;1;1;XEUR;10741903;729453;
03.12.2024;11:26:59.674;CLN SI 20251219 PS AM P 9.80 0;SIMPLE_INSTRUMENT;BLOCK;CHF;22;0.74000000;5000;EXCHANGE_LAST;;1;1;XEUR;10619818;296;
03.12.2024;10:27:36.517;CLNP.S.DEC24.MAR25.SPD;FUTURES_SPREAD;BLOCK;EUR;27;-0.24600000;750;EXCHANGE_LAST;;1;1;XEUR;72310632036171864;58915;
03.12.2024;10:27:36.517;CLNP SI 20241220 PS;SIMPLE_INSTRUMENT;BLOCK;EUR;27;33.97800000;750;PRC_DECOMP_EXCHANGE;;;;XEUR;7051440;58915;EXCHANGE
03.12.2024;10:27:36.517;CLNP SI 20250321 PS;SIMPLE_INSTRUMENT;BLOCK;EUR;27;34.22400000;750;PRC_DECOMP_EXCHANGE;;;;XEUR;10723266;58915;EXCHANGE
03.12.2024;16:08:19.766;D3AI SI 20261218 CS;SIMPLE_INSTRUMENT;BLOCK;EUR;69;2.70000000;50;EXCHANGE_LAST;;1;1;XEUR;7144051;443197;
03.12.2024;09:11:57.495;D4BK SI 20251219 CS;SIMPLE_INSTRUMENT;BLOCK;EUR;1;0.65700000;300;EXCHANGE_LAST;;2;1;XEUR;3681261;51565;
03.12.2024;08:41:08.363;DAI SI 20241220 PS AM C 54.00 0;SIMPLE_INSTRUMENT;BLOCK;EUR;2;0.64000000;1558;EXCHANGE_LAST;;1;1;XEUR;7349880;443196;
03.12.2024;10:37:42.800;DAI SI 20261218 PS AM P 50.00 0;SIMPLE_INSTRUMENT;BLOCK;EUR;10;7.12000000;2250;EXCHANGE_LAST;;1;1;XEUR;7722758;443196;
03.12.2024;10:37:56.800;DAI SI 20261218 PS AM C 50.00 0;SIMPLE_INSTRUMENT;BLOCK;EUR;11;7.02000000;2250;EXCHANGE_LAST;;1;1;XEUR;7722759;443196;
03.12.2024;10:56:27.758;DAI SI 20271217 PS AM P 36.00 0;SIMPLE_INSTRUMENT;BLOCK;EUR;12;3.45000000;4000;EXCHANGE_LAST;;2;2;XEUR;8833436;443196;
03.12.2024;13:11:47.326;DAI SI 20241220 PS AM C 54.00 0;SIMPLE_INSTRUMENT;BLOCK;EUR;20;0.69000000;756;EXCHANGE_LAST;;1;1;XEUR;7349880;443196;
03.12.2024;14:16:53.953;DAI.O.241203.BUL.000010;STANDARD_OPTION_STRATEGY;BLOCK;EUR;24;0.61000000;750;EXCHANGE_LAST;;1;1;XEUR;73961106363662047;443196;
03.12.2024;14:16:53.953;DAI SI 20250117 PS AM C 55.00 0;SIMPLE_INSTRUMENT;BLOCK;EUR;24;0.86000000;750;PRC_DECOMP_EXCHANGE;;;;XEUR;12107419;443196;EXCHANGE
03.12.2024;14:16:53.953;DAI SI 20250117 PS AM C 58.00 0;SIMPLE_INSTRUMENT;BLOCK;EUR;24;0.25000000;750;PRC_DECOMP_EXCHANGE;;;;XEUR;12107393;443196;EXCHANGE
03.12.2024;14:35:54.162;DAI SI 20250321 PS AM C 56.00 0;SIMPLE_INSTRUMENT;BLOCK;EUR;26;1.70000000;2500;EXCHANGE_LAST;;1;1;XEUR;10884531;443196;
03.12.2024;12:11:47.072;DAIE SI 20281215 PS EU P 36.00 0;SIMPLE_INSTRUMENT;BLOCK;EUR;14;4.23000000;3000;EXCHANGE_LAST;;1;1;XEUR;10455482;443202;
03.12.2024;12:11:33.280;DAIE SI 20281215 PS EU P 48.00 0;SIMPLE_INSTRUMENT;BLOCK;EUR;15;8.84000000;4500;EXCHANGE_LAST;;1;1;XEUR;10455486;443202;
03.12.2024;12:12:17.655;DAIE SI 20261218 PS EU C 52.00 0;SIMPLE_INSTRUMENT;BLOCK;EUR;16;5.75000000;1100;EXCHANGE_LAST;;1;1;XEUR;7190277;443202;
03.12.2024;12:12:03.563;DAIE SI 20261218 PS EU P 52.00 0;SIMPLE_INSTRUMENT;BLOCK;EUR;17;8.15000000;1100;EXCHANGE_LAST;;1;1;XEUR;7190211;443202;
03.12.2024;10:23:07.925;DAIG.S.DEC24.MAR25.SPD;FUTURES_SPREAD;BLOCK;EUR;23;-0.40790000;3650;EXCHANGE_LAST;;1;1;XEUR;73961136428417114;443203;
03.12.2024;10:23:07.925;DAIG SI 20241220 CS;SIMPLE_INSTRUMENT;BLOCK;EUR;23;52.28830000;3650;PRC_DECOMP_MEMBER;;;;XEUR;7144297;443203;MEMBER
03.12.2024;10:23:07.925;DAIG SI 20250321 CS;SIMPLE_INSTRUMENT;BLOCK;EUR;23;52.69620000;3650;PRC_DECOMP_MEMBER;;;;XEUR;10734482;443203;MEMBER
03.12.2024;16:47:53.443;DHE.O.241203.COMBO.000015;STANDARD_OPTION_STRATEGY;BLOCK;EUR;31;0.26000000;1685;EXCHANGE_LAST;;1;1;XEUR;72302986994399119;57135;
03.12.2024;16:47:53.443;DHE SI 20241220 PS AM C 40.00 0;SIMPLE_INSTRUMENT;BLOCK;EUR;31;0.16000000;1685;PRC_DECOMP_MEMBER;;;;XEUR;4999862;57135;MEMBER
03.12.2024;16:47:53.443;DHE SI 20241220 PS AM P 26.00 0;SIMPLE_INSTRUMENT;BLOCK;EUR;31;0.42000000;1685;PRC_DECOMP_MEMBER;;;;XEUR;10438016;57135;MEMBER
03.12.2024;16:47:58.553;DHE.O.241203.COMBO.000015;STANDARD_OPTION_STRATEGY;BLOCK;EUR;32;0.27000000;2526;EXCHANGE_LAST;;1;1;XEUR;72302986994399119;57135;
03.12.2024;16:47:58.553;DHE SI 20241220 PS AM P 26.00 0;SIMPLE_INSTRUMENT;BLOCK;EUR;32;0.42000000;2526;PRC_DECOMP_MEMBER;;;;XEUR;10438016;57135;MEMBER
03.12.2024;16:47:58.553;DHE SI 20241220 PS AM C 40.00 0;SIMPLE_INSTRUMENT;BLOCK;EUR;32;0.15000000;2526;PRC_DECOMP_MEMBER;;;;XEUR;4999862;57135;MEMBER
03.12.2024;12:25:30.896;DPW SI 20241220 PS AM P 36.00 0;SIMPLE_INSTRUMENT;BLOCK;EUR;20;1.03000000;7500;EXCHANGE_LAST;;1;1;XEUR;4643148;445;
03.12.2024;13:26:57.130;DPW SI 20251219 PS AM P 32.00 0;SIMPLE_INSTRUMENT;BLOCK;EUR;23;1.97000000;6000;EXCHANGE_LAST;;1;4;XEUR;5926786;445;
03.12.2024;14:17:08.559;DPW.O.241203.COMBO.000010;STANDARD_OPTION_STRATEGY;BLOCK;EUR;27;0.83000000;3500;EXCHANGE_LAST;;2;2;XEUR;72059505298414097;445;
03.12.2024;14:17:08.559;DPW SI 20251219 PS AM C 40.00 0;SIMPLE_INSTRUMENT;BLOCK;EUR;27;1.14000000;3500;PRC_DECOMP_EXCHANGE;;;;XEUR;5926789;445;EXCHANGE
03.12.2024;14:17:08.559;DPW SI 20251219 PS AM P 32.00 0;SIMPLE_INSTRUMENT;BLOCK;EUR;27;1.97000000;3500;PRC_DECOMP_EXCHANGE;;;;XEUR;5926786;445;EXCHANGE
03.12.2024;09:31:55.866;DPWE.O.241203.BUL.000001;STANDARD_OPTION_STRATEGY;BLOCK;EUR;4;0.51000000;4250;EXCHANGE_LAST;;1;2;XEUR;72256124606221595;46224;
03.12.2024;09:31:55.866;DPWE SI 20250620 PS EU C 34.00 0;SIMPLE_INSTRUMENT;BLOCK;EUR;4;2.31000000;4250;PRC_DECOMP_EXCHANGE;;;;XEUR;11387137;46224;EXCHANGE
03.12.2024;09:31:55.866;DPWE SI 20250620 PS EU C 35.00 0;SIMPLE_INSTRUMENT;BLOCK;EUR;4;1.80000000;4250;PRC_DECOMP_EXCHANGE;;;;XEUR;12353518;46224;EXCHANGE
03.12.2024;08:56:31.326;DTE SI 20250117 PS AM C 30.00 0;SIMPLE_INSTRUMENT;BLOCK;EUR;1;0.89000000;2000;EXCHANGE_LAST;;1;1;XEUR;12072903;424;
03.12.2024;08:56:32.013;DTE SI 20241220 PS AM C 28.50 0;SIMPLE_INSTRUMENT;BLOCK;EUR;2;1.97000000;2000;EXCHANGE_LAST;;1;1;XEUR;11878499;424;
03.12.2024;10:08:07.706;DTE.O.241203.BUL.000012;STANDARD_OPTION_STRATEGY;BLOCK;EUR;7;0.70000000;3843;EXCHANGE_LAST;;1;1;XEUR;72059415104106023;424;
03.12.2024;10:08:07.706;DTE SI 20250321 PS AM C 29.00 0;SIMPLE_INSTRUMENT;BLOCK;EUR;7;2.15000000;3843;PRC_DECOMP_EXCHANGE;;;;XEUR;11523278;424;EXCHANGE
03.12.2024;10:08:07.706;DTE SI 20250321 PS AM C 30.00 0;SIMPLE_INSTRUMENT;BLOCK;EUR;7;1.45000000;3843;PRC_DECOMP_EXCHANGE;;;;XEUR;10836585;424;EXCHANGE
03.12.2024;10:07:32.912;DTE.O.241203.BUL.000012;STANDARD_OPTION_STRATEGY;BLOCK;EUR;8;0.69000000;2257;EXCHANGE_LAST;;1;1;XEUR;72059415104106023;424;
03.12.2024;10:07:32.912;DTE SI 20250321 PS AM C 30.00 0;SIMPLE_INSTRUMENT;BLOCK;EUR;8;1.46000000;2257;PRC_DECOMP_EXCHANGE;;;;XEUR;10836585;424;EXCHANGE
03.12.2024;10:07:32.912;DTE SI 20250321 PS AM C 29.00 0;SIMPLE_INSTRUMENT;BLOCK;EUR;8;2.15000000;2257;PRC_DECOMP_EXCHANGE;;;;XEUR;11523278;424;EXCHANGE
03.12.2024;10:09:40.388;DTE.O.241203.BUL.000015;STANDARD_OPTION_STRATEGY;BLOCK;EUR;10;1.83000000;7000;EXCHANGE_LAST;;1;2;XEUR;72059415104106026;424;
03.12.2024;10:09:40.388;DTE SI 20250321 PS AM C 30.50 0;SIMPLE_INSTRUMENT;BLOCK;EUR;10;1.15000000;7000;PRC_DECOMP_EXCHANGE;;;;XEUR;12352710;424;EXCHANGE
03.12.2024;10:09:40.388;DTE SI 20250321 PS AM C 28.00 0;SIMPLE_INSTRUMENT;BLOCK;EUR;10;2.98000000;7000;PRC_DECOMP_EXCHANGE;;;;XEUR;10836589;424;EXCHANGE
03.12.2024;10:53:21.071;DTE SI 20241220 PS AM C 30.00 0;SIMPLE_INSTRUMENT;BLOCK;EUR;13;0.68000000;4250;EXCHANGE_LAST;;1;1;XEUR;10402204;424;
03.12.2024;13:59:03.552;DTE SI 20250321 PS AM P 28.00 0;SIMPLE_INSTRUMENT;BLOCK;EUR;24;0.24000000;1500;EXCHANGE_LAST;;1;1;XEUR;10836587;424;
03.12.2024;14:13:36.321;DTE SI 20241220 PS AM C 31.00 0;SIMPLE_INSTRUMENT;BLOCK;EUR;26;0.21000000;1500;EXCHANGE_LAST;;1;1;XEUR;11878299;424;
03.12.2024;10:52:43.613;ENR SI 20250117 PS AM C 56.00 0;SIMPLE_INSTRUMENT;BLOCK;EUR;11;1.47000000;2000;EXCHANGE_LAST;;1;2;XEUR;12193236;298530;
03.12.2024;11:47:07.548;ENR SI 20250117 PS AM C 56.00 0;SIMPLE_INSTRUMENT;BLOCK;EUR;15;1.47000000;1000;EXCHANGE_LAST;;1;1;XEUR;12193236;298530;
03.12.2024;14:20:52.533;ENR SI 20241220 PS AM C 50.00 0;SIMPLE_INSTRUMENT;BLOCK;EUR;28;2.40000000;500;EXCHANGE_LAST;;1;1;XEUR;12193178;298530;
03.12.2024;14:47:27.492;ENR SI 20241220 PS AM C 50.00 0;SIMPLE_INSTRUMENT;BLOCK;EUR;29;2.53000000;500;EXCHANGE_LAST;;1;1;XEUR;12193178;298530;
03.12.2024;13:01:10.879;F3IA SI 20251219 CS;SIMPLE_INSTRUMENT;BLOCK;EUR;45;0.39000000;500;EXCHANGE_LAST;;2;2;XEUR;6633988;390387;
03.12.2024;14:02:48.070;F3IA SI 20251219 CS;SIMPLE_INSTRUMENT;BLOCK;EUR;58;0.43000000;1100;EXCHANGE_LAST;;2;3;XEUR;6633988;390387;
03.12.2024;14:38:57.546;F3IA SI 20251219 CS;SIMPLE_INSTRUMENT;BLOCK;EUR;65;0.41000000;200;EXCHANGE_LAST;;1;1;XEUR;6633988;390387;
03.12.2024;12:31:27.880;F3TE SI 20251219 CS;SIMPLE_INSTRUMENT;BLOCK;EUR;42;0.72200000;250;EXCHANGE_LAST;;1;1;XEUR;6633903;390379;
03.12.2024;12:31:48.975;F3TE SI 20251219 CS;SIMPLE_INSTRUMENT;BLOCK;EUR;43;0.72300000;250;EXCHANGE_LAST;;1;1;XEUR;6633903;390379;
03.12.2024;14:03:12.074;F3TE SI 20251219 CS;SIMPLE_INSTRUMENT;BLOCK;EUR;61;0.72000000;500;EXCHANGE_LAST;;1;1;XEUR;6633903;390379;
03.12.2024;08:19:30.335;FBTP.S.DEC24.MAR25.SPD;FUTURES_SPREAD;BLOCK;EUR;1;0.59000000;550;EXCHANGE_LAST;;1;1;XEUR;72060325637128282;636;
03.12.2024;08:19:30.335;FBTP SI 20250306 PS;SIMPLE_INSTRUMENT;BLOCK;EUR;1;122.58000000;550;PRC_DECOMP_EXCHANGE;;;;XEUR;11286675;636;EXCHANGE
03.12.2024;08:19:30.335;FBTP SI 20241206 PS;SIMPLE_INSTRUMENT;BLOCK;EUR;1;123.17000000;550;PRC_DECOMP_EXCHANGE;;;;XEUR;10804520;636;EXCHANGE
03.12.2024;08:19:37.574;FBTP.S.DEC24.MAR25.SPD;FUTURES_SPREAD;BLOCK;EUR;2;0.60000000;549;EXCHANGE_LAST;;1;1;XEUR;72060325637128282;636;
03.12.2024;08:19:37.574;FBTP SI 20250306 PS;SIMPLE_INSTRUMENT;BLOCK;EUR;2;122.58000000;549;PRC_DECOMP_EXCHANGE;;;;XEUR;11286675;636;EXCHANGE
03.12.2024;08:19:37.574;FBTP SI 20241206 PS;SIMPLE_INSTRUMENT;BLOCK;EUR;2;123.18000000;549;PRC_DECOMP_EXCHANGE;;;;XEUR;10804520;636;EXCHANGE
03.12.2024;08:22:54.792;FBTP.S.DEC24.MAR25.SPD;FUTURES_SPREAD;BLOCK;EUR;3;0.60000000;713;EXCHANGE_LAST;;1;1;XEUR;72060325637128282;636;
03.12.2024;08:22:54.792;FBTP SI 20250306 PS;SIMPLE_INSTRUMENT;BLOCK;EUR;3;122.58000000;713;PRC_DECOMP_MEMBER;;;;XEUR;11286675;636;MEMBER
03.12.2024;08:22:54.792;FBTP SI 20241206 PS;SIMPLE_INSTRUMENT;BLOCK;EUR;3;123.18000000;713;PRC_DECOMP_MEMBER;;;;XEUR;10804520;636;MEMBER
03.12.2024;08:23:14.859;FBTP SI 20241206 PS;SIMPLE_INSTRUMENT;BLOCK;EUR;4;123.18000000;1698;EXCHANGE_LAST;;1;1;XEUR;10804520;636;
03.12.2024;08:23:07.929;FBTP.S.DEC24.MAR25.SPD;FUTURES_SPREAD;BLOCK;EUR;5;0.59000000;713;EXCHANGE_LAST;;1;1;XEUR;72060325637128282;636;
03.12.2024;08:23:07.929;FBTP SI 20241206 PS;SIMPLE_INSTRUMENT;BLOCK;EUR;5;123.17000000;713;PRC_DECOMP_MEMBER;;;;XEUR;10804520;636;MEMBER
03.12.2024;08:23:07.929;FBTP SI 20250306 PS;SIMPLE_INSTRUMENT;BLOCK;EUR;5;122.58000000;713;PRC_DECOMP_MEMBER;;;;XEUR;11286675;636;MEMBER
03.12.2024;08:23:21.239;FBTP SI 20241206 PS;SIMPLE_INSTRUMENT;BLOCK;EUR;6;123.17000000;1698;EXCHANGE_LAST;;1;1;XEUR;10804520;636;
03.12.2024;08:23:27.377;FBTP SI 20250306 PS;SIMPLE_INSTRUMENT;BLOCK;EUR;7;122.58000000;3396;EXCHANGE_LAST;;1;1;XEUR;11286675;636;
03.12.2024;08:31:35.394;FBTP.S.DEC24.MAR25.SPD;FUTURES_SPREAD;BLOCK;EUR;8;0.60000000;900;EXCHANGE_LAST;;1;1;XEUR;72060325637128282;636;
03.12.2024;08:31:35.394;FBTP SI 20250306 PS;SIMPLE_INSTRUMENT;BLOCK;EUR;8;122.60000000;900;PRC_DECOMP_EXCHANGE;;;;XEUR;11286675;636;EXCHANGE
03.12.2024;08:31:35.394;FBTP SI 20241206 PS;SIMPLE_INSTRUMENT;BLOCK;EUR;8;123.20000000;900;PRC_DECOMP_EXCHANGE;;;;XEUR;10804520;636;EXCHANGE
03.12.2024;08:31:44.395;FBTP.S.DEC24.MAR25.SPD;FUTURES_SPREAD;BLOCK;EUR;9;0.59000000;899;EXCHANGE_LAST;;1;1;XEUR;72060325637128282;636;
03.12.2024;08:31:44.395;FBTP SI 20250306 PS;SIMPLE_INSTRUMENT;BLOCK;EUR;9;122.59000000;899;PRC_DECOMP_EXCHANGE;;;;XEUR;11286675;636;EXCHANGE
03.12.2024;08:31:44.395;FBTP SI 20241206 PS;SIMPLE_INSTRUMENT;BLOCK;EUR;9;123.18000000;899;PRC_DECOMP_EXCHANGE;;;;XEUR;10804520;636;EXCHANGE
03.12.2024;08:49:45.407;FBTP SI 20241206 PS;SIMPLE_INSTRUMENT;BLOCK;EUR;10;123.08000000;3621;EXCHANGE_LAST;;1;1;XEUR;10804520;636;
03.12.2024;08:51:56.166;FBTP SI 20250306 PS;SIMPLE_INSTRUMENT;BLOCK;EUR;11;122.49000000;1811;EXCHANGE_LAST;;1;1;XEUR;11286675;636;
03.12.2024;08:52:09.380;FBTP SI 20250306 PS;SIMPLE_INSTRUMENT;BLOCK;EUR;12;122.48000000;1810;EXCHANGE_LAST;;1;1;XEUR;11286675;636;
03.12.2024;09:30:03.567;FBTP SI 20250306 PS;SIMPLE_INSTRUMENT;EFP_FIN;EUR;13;122.42000000;611;EXCHANGE_LAST;;1;1;XEUR;11286675;636;
03.12.2024;09:51:16.870;FBTP SI 20241206 PS;SIMPLE_INSTRUMENT;BLOCK;EUR;14;123.03000000;1000;EXCHANGE_LAST;;1;1;XEUR;10804520;636;
03.12.2024;09:52:02.869;FBTP SI 20250306 PS;SIMPLE_INSTRUMENT;BLOCK;EUR;15;122.43000000;1000;EXCHANGE_LAST;;1;1;XEUR;11286675;636;
03.12.2024;09:52:22.665;FBTP SI 20250306 PS;SIMPLE_INSTRUMENT;BLOCK;EUR;16;122.44000000;1000;EXCHANGE_LAST;;1;1;XEUR;11286675;636;
03.12.2024;09:53:22.995;FBTP SI 20241206 PS;SIMPLE_INSTRUMENT;BLOCK;EUR;17;123.03000000;1000;EXCHANGE_LAST;;1;1;XEUR;10804520;636;
03.12.2024;10:02:22.742;FBTP.S.DEC24.MAR25.SPD;FUTURES_SPREAD;BLOCK;EUR;18;0.59000000;350;EXCHANGE_LAST;;1;1;XEUR;72060325637128282;636;
03.12.2024;10:02:22.742;FBTP SI 20250306 PS;SIMPLE_INSTRUMENT;BLOCK;EUR;18;122.50000000;350;PRC_DECOMP_EXCHANGE;;;;XEUR;11286675;636;EXCHANGE
03.12.2024;10:02:22.742;FBTP SI 20241206 PS;SIMPLE_INSTRUMENT;BLOCK;EUR;18;123.09000000;350;PRC_DECOMP_EXCHANGE;;;;XEUR;10804520;636;EXCHANGE
03.12.2024;10:02:30.532;FBTP SI 20241206 PS;SIMPLE_INSTRUMENT;BLOCK;EUR;19;123.04000000;485;EXCHANGE_LAST;;1;1;XEUR;10804520;636;
03.12.2024;10:02:31.786;FBTP.S.DEC24.MAR25.SPD;FUTURES_SPREAD;BLOCK;EUR;20;0.60000000;350;EXCHANGE_LAST;;1;1;XEUR;72060325637128282;636;
03.12.2024;10:02:31.786;FBTP SI 20250306 PS;SIMPLE_INSTRUMENT;BLOCK;EUR;20;122.49000000;350;PRC_DECOMP_EXCHANGE;;;;XEUR;11286675;636;EXCHANGE
03.12.2024;10:02:31.786;FBTP SI 20241206 PS;SIMPLE_INSTRUMENT;BLOCK;EUR;20;123.09000000;350;PRC_DECOMP_EXCHANGE;;;;XEUR;10804520;636;EXCHANGE
03.12.2024;10:03:11.948;FBTP SI 20241206 PS;SIMPLE_INSTRUMENT;BLOCK;EUR;21;123.05000000;485;EXCHANGE_LAST;;1;1;XEUR;10804520;636;
03.12.2024;10:04:42.499;FBTP SI 20250306 PS;SIMPLE_INSTRUMENT;BLOCK;EUR;22;122.45000000;970;EXCHANGE_LAST;;1;1;XEUR;11286675;636;
03.12.2024;10:09:32.504;FBTP SI 20241206 PS;SIMPLE_INSTRUMENT;BLOCK;EUR;23;123.09000000;3099;EXCHANGE_LAST;;1;1;XEUR;10804520;636;
03.12.2024;10:19:19.883;FBTP SI 20241206 PS;SIMPLE_INSTRUMENT;EFP_FIN;EUR;24;123.10000000;256;EXCHANGE_LAST;;1;1;XEUR;10804520;636;
03.12.2024;10:30:37.280;FBTP SI 20241206 PS;SIMPLE_INSTRUMENT;EFP_FIN;EUR;25;123.02000000;265;EXCHANGE_LAST;;1;1;XEUR;10804520;636;
03.12.2024;10:30:37.560;FBTP.S.DEC24.MAR25.SPD;FUTURES_SPREAD;BLOCK;EUR;26;0.60000000;673;EXCHANGE_LAST;;1;1;XEUR;72060325637128282;636;
03.12.2024;10:30:37.560;FBTP SI 20241206 PS;SIMPLE_INSTRUMENT;BLOCK;EUR;26;123.08000000;673;PRC_DECOMP_MEMBER;;;;XEUR;10804520;636;MEMBER
03.12.2024;10:30:37.560;FBTP SI 20250306 PS;SIMPLE_INSTRUMENT;BLOCK;EUR;26;122.48000000;673;PRC_DECOMP_MEMBER;;;;XEUR;11286675;636;MEMBER
03.12.2024;10:30:50.622;FBTP.S.DEC24.MAR25.SPD;FUTURES_SPREAD;BLOCK;EUR;27;0.59000000;673;EXCHANGE_LAST;;1;1;XEUR;72060325637128282;636;
03.12.2024;10:30:50.622;FBTP SI 20250306 PS;SIMPLE_INSTRUMENT;BLOCK;EUR;27;122.49000000;673;PRC_DECOMP_MEMBER;;;;XEUR;11286675;636;MEMBER
03.12.2024;10:30:50.622;FBTP SI 20241206 PS;SIMPLE_INSTRUMENT;BLOCK;EUR;27;123.08000000;673;PRC_DECOMP_MEMBER;;;;XEUR;10804520;636;MEMBER
03.12.2024;10:35:05.974;FBTP SI 20241206 PS;SIMPLE_INSTRUMENT;EFP_FIN;EUR;28;123.09000000;71;EXCHANGE_LAST;;1;1;XEUR;10804520;636;
03.12.2024;10:35:47.477;FBTP SI 20241206 PS;SIMPLE_INSTRUMENT;EFP_FIN;EUR;29;123.09000000;140;EXCHANGE_LAST;;1;1;XEUR;10804520;636;
03.12.2024;10:38:53.382;FBTP SI 20250306 PS;SIMPLE_INSTRUMENT;EFP_FIN;EUR;30;122.50000000;428;EXCHANGE_LAST;;1;1;XEUR;11286675;636;
03.12.2024;10:37:25.753;FBTP SI 20241206 PS;SIMPLE_INSTRUMENT;BLOCK;EUR;31;123.08000000;822;EXCHANGE_LAST;;1;1;XEUR;10804520;636;
03.12.2024;10:39:45.761;FBTP SI 20250306 PS;SIMPLE_INSTRUMENT;BLOCK;EUR;32;122.49000000;411;EXCHANGE_LAST;;1;1;XEUR;11286675;636;
03.12.2024;10:40:01.763;FBTP SI 20250306 PS;SIMPLE_INSTRUMENT;BLOCK;EUR;33;122.48000000;411;EXCHANGE_LAST;;1;1;XEUR;11286675;636;
03.12.2024;10:41:46.391;FBTP SI 20250306 PS;SIMPLE_INSTRUMENT;EFP_FIN;EUR;34;122.50000000;458;EXCHANGE_LAST;;1;1;XEUR;11286675;636;
03.12.2024;10:41:52.964;FBTP SI 20241206 PS;SIMPLE_INSTRUMENT;EFP_FIN;EUR;35;123.07000000;134;EXCHANGE_LAST;;1;1;XEUR;10804520;636;
03.12.2024;10:57:34.819;FBTP SI 20241206 PS;SIMPLE_INSTRUMENT;BLOCK;EUR;36;123.04000000;2366;EXCHANGE_LAST;;1;1;XEUR;10804520;636;
03.12.2024;10:59:30.826;FBTP SI 20250306 PS;SIMPLE_INSTRUMENT;BLOCK;EUR;37;122.45000000;1183;EXCHANGE_LAST;;1;1;XEUR;11286675;636;
03.12.2024;10:59:59.828;FBTP SI 20250306 PS;SIMPLE_INSTRUMENT;BLOCK;EUR;38;122.44000000;1183;EXCHANGE_LAST;;1;1;XEUR;11286675;636;
03.12.2024;11:23:10.402;FBTP SI 20241206 PS;SIMPLE_INSTRUMENT;BLOCK;EUR;39;123.00000000;1356;EXCHANGE_LAST;;1;1;XEUR;10804520;636;
03.12.2024;11:23:54.494;FBTP SI 20250306 PS;SIMPLE_INSTRUMENT;BLOCK;EUR;40;122.40000000;678;EXCHANGE_LAST;;1;1;XEUR;11286675;636;
03.12.2024;11:23:54.514;FBTP SI 20250306 PS;SIMPLE_INSTRUMENT;BLOCK;EUR;41;122.41000000;678;EXCHANGE_LAST;;1;1;XEUR;11286675;636;
03.12.2024;11:45:12.590;FBTP SI 20241206 PS;SIMPLE_INSTRUMENT;BLOCK;EUR;42;123.05000000;981;EXCHANGE_LAST;;1;1;XEUR;10804520;636;
03.12.2024;11:45:46.723;FBTP SI 20250306 PS;SIMPLE_INSTRUMENT;BLOCK;EUR;43;122.46000000;490;EXCHANGE_LAST;;1;1;XEUR;11286675;636;
03.12.2024;11:46:08.824;FBTP SI 20250306 PS;SIMPLE_INSTRUMENT;BLOCK;EUR;44;122.45000000;491;EXCHANGE_LAST;;1;1;XEUR;11286675;636;
03.12.2024;12:01:38.260;FBTP.S.DEC24.MAR25.SPD;FUTURES_SPREAD;BLOCK;EUR;46;0.60000000;1557;EXCHANGE_LAST;;1;1;XEUR;72060325637128282;636;
03.12.2024;12:01:38.260;FBTP SI 20241206 PS;SIMPLE_INSTRUMENT;BLOCK;EUR;46;123.22000000;1557;PRC_DECOMP_EXCHANGE;;;;XEUR;10804520;636;EXCHANGE
03.12.2024;12:01:38.260;FBTP SI 20250306 PS;SIMPLE_INSTRUMENT;BLOCK;EUR;46;122.62000000;1557;PRC_DECOMP_EXCHANGE;;;;XEUR;11286675;636;EXCHANGE
03.12.2024;12:01:38.893;FBTP.S.DEC24.MAR25.SPD;FUTURES_SPREAD;BLOCK;EUR;47;0.59000000;1558;EXCHANGE_LAST;;1;1;XEUR;72060325637128282;636;
03.12.2024;12:01:38.893;FBTP SI 20241206 PS;SIMPLE_INSTRUMENT;BLOCK;EUR;47;123.21000000;1558;PRC_DECOMP_EXCHANGE;;;;XEUR;10804520;636;EXCHANGE
03.12.2024;12:01:38.893;FBTP SI 20250306 PS;SIMPLE_INSTRUMENT;BLOCK;EUR;47;122.62000000;1558;PRC_DECOMP_EXCHANGE;;;;XEUR;11286675;636;EXCHANGE
03.12.2024;12:08:03.609;FBTP.S.DEC24.MAR25.SPD;FUTURES_SPREAD;BLOCK;EUR;48;0.60000000;300;EXCHANGE_LAST;;1;1;XEUR;72060325637128282;636;
03.12.2024;12:08:03.609;FBTP SI 20250306 PS;SIMPLE_INSTRUMENT;BLOCK;EUR;48;122.64000000;300;PRC_DECOMP_EXCHANGE;;;;XEUR;11286675;636;EXCHANGE
03.12.2024;12:08:03.609;FBTP SI 20241206 PS;SIMPLE_INSTRUMENT;BLOCK;EUR;48;123.24000000;300;PRC_DECOMP_EXCHANGE;;;;XEUR;10804520;636;EXCHANGE
03.12.2024;12:08:04.417;FBTP.S.DEC24.MAR25.SPD;FUTURES_SPREAD;BLOCK;EUR;49;0.59000000;300;EXCHANGE_LAST;;1;1;XEUR;72060325637128282;636;
03.12.2024;12:08:04.417;FBTP SI 20241206 PS;SIMPLE_INSTRUMENT;BLOCK;EUR;49;123.23000000;300;PRC_DECOMP_EXCHANGE;;;;XEUR;10804520;636;EXCHANGE
03.12.2024;12:08:04.417;FBTP SI 20250306 PS;SIMPLE_INSTRUMENT;BLOCK;EUR;49;122.64000000;300;PRC_DECOMP_EXCHANGE;;;;XEUR;11286675;636;EXCHANGE
03.12.2024;12:10:18.460;FBTP.S.DEC24.MAR25.SPD;FUTURES_SPREAD;BLOCK;EUR;50;0.60000000;692;EXCHANGE_LAST;;1;1;XEUR;72060325637128282;636;
03.12.2024;12:10:18.460;FBTP SI 20250306 PS;SIMPLE_INSTRUMENT;BLOCK;EUR;50;122.66000000;692;PRC_DECOMP_EXCHANGE;;;;XEUR;11286675;636;EXCHANGE
03.12.2024;12:10:18.460;FBTP SI 20241206 PS;SIMPLE_INSTRUMENT;BLOCK;EUR;50;123.26000000;692;PRC_DECOMP_EXCHANGE;;;;XEUR;10804520;636;EXCHANGE
03.12.2024;12:10:19.060;FBTP.S.DEC24.MAR25.SPD;FUTURES_SPREAD;BLOCK;EUR;51;0.59000000;693;EXCHANGE_LAST;;1;1;XEUR;72060325637128282;636;
03.12.2024;12:10:19.060;FBTP SI 20250306 PS;SIMPLE_INSTRUMENT;BLOCK;EUR;51;122.66000000;693;PRC_DECOMP_EXCHANGE;;;;XEUR;11286675;636;EXCHANGE
03.12.2024;12:10:19.060;FBTP SI 20241206 PS;SIMPLE_INSTRUMENT;BLOCK;EUR;51;123.25000000;693;PRC_DECOMP_EXCHANGE;;;;XEUR;10804520;636;EXCHANGE
03.12.2024;12:17:55.060;FBTP.S.DEC24.MAR25.SPD;FUTURES_SPREAD;BLOCK;EUR;52;0.60000000;559;EXCHANGE_LAST;;1;1;XEUR;72060325637128282;636;
03.12.2024;12:17:55.060;FBTP SI 20241206 PS;SIMPLE_INSTRUMENT;BLOCK;EUR;52;123.19000000;559;PRC_DECOMP_EXCHANGE;;;;XEUR;10804520;636;EXCHANGE
03.12.2024;12:17:55.060;FBTP SI 20250306 PS;SIMPLE_INSTRUMENT;BLOCK;EUR;52;122.59000000;559;PRC_DECOMP_EXCHANGE;;;;XEUR;11286675;636;EXCHANGE
03.12.2024;12:31:16.561;FBTP.S.DEC24.MAR25.SPD;FUTURES_SPREAD;BLOCK;EUR;53;0.59000000;267;EXCHANGE_LAST;;1;1;XEUR;72060325637128282;636;
03.12.2024;12:31:16.561;FBTP SI 20241206 PS;SIMPLE_INSTRUMENT;BLOCK;EUR;53;123.15000000;267;PRC_DECOMP_EXCHANGE;;;;XEUR;10804520;636;EXCHANGE
03.12.2024;12:31:16.561;FBTP SI 20250306 PS;SIMPLE_INSTRUMENT;BLOCK;EUR;53;122.56000000;267;PRC_DECOMP_EXCHANGE;;;;XEUR;11286675;636;EXCHANGE
03.12.2024;12:29:06.446;FBTP SI 20241206 PS;SIMPLE_INSTRUMENT;EFP_FIN;EUR;54;123.22000000;829;EXCHANGE_LAST;;1;1;XEUR;10804520;636;
03.12.2024;12:31:08.684;FBTP.S.DEC24.MAR25.SPD;FUTURES_SPREAD;BLOCK;EUR;55;0.60000000;267;EXCHANGE_LAST;;1;1;XEUR;72060325637128282;636;
03.12.2024;12:31:08.684;FBTP SI 20241206 PS;SIMPLE_INSTRUMENT;BLOCK;EUR;55;123.16000000;267;PRC_DECOMP_EXCHANGE;;;;XEUR;10804520;636;EXCHANGE
03.12.2024;12:31:08.684;FBTP SI 20250306 PS;SIMPLE_INSTRUMENT;BLOCK;EUR;55;122.56000000;267;PRC_DECOMP_EXCHANGE;;;;XEUR;11286675;636;EXCHANGE
03.12.2024;12:38:23.944;FBTP SI 20241206 PS;SIMPLE_INSTRUMENT;EFP_FIN;EUR;56;123.16000000;290;EXCHANGE_LAST;;1;1;XEUR;10804520;636;
03.12.2024;12:40:59.327;FBTP SI 20241206 PS;SIMPLE_INSTRUMENT;BLOCK;EUR;57;123.12000000;1756;EXCHANGE_LAST;;1;1;XEUR;10804520;636;
03.12.2024;12:41:10.327;FBTP SI 20250306 PS;SIMPLE_INSTRUMENT;BLOCK;EUR;58;122.52000000;1760;EXCHANGE_LAST;;1;1;XEUR;11286675;636;
03.12.2024;12:41:06.100;FBTP SI 20241206 PS;SIMPLE_INSTRUMENT;BLOCK;EUR;59;123.12000000;1257;EXCHANGE_LAST;;1;1;XEUR;10804520;636;
03.12.2024;12:41:32.059;FBTP SI 20250306 PS;SIMPLE_INSTRUMENT;BLOCK;EUR;60;122.52000000;628;EXCHANGE_LAST;;1;1;XEUR;11286675;636;
03.12.2024;12:41:40.545;FBTP SI 20241206 PS;SIMPLE_INSTRUMENT;BLOCK;EUR;61;123.14000000;500;EXCHANGE_LAST;;1;1;XEUR;10804520;636;
03.12.2024;12:41:43.465;FBTP SI 20250306 PS;SIMPLE_INSTRUMENT;BLOCK;EUR;62;122.53000000;629;EXCHANGE_LAST;;1;1;XEUR;11286675;636;
03.12.2024;12:42:22.385;FBTP SI 20250306 PS;SIMPLE_INSTRUMENT;BLOCK;EUR;63;122.55000000;250;EXCHANGE_LAST;;1;1;XEUR;11286675;636;
03.12.2024;12:42:33.235;FBTP SI 20250306 PS;SIMPLE_INSTRUMENT;BLOCK;EUR;64;122.54000000;250;EXCHANGE_LAST;;1;1;XEUR;11286675;636;
03.12.2024;12:44:06.004;FBTP.S.DEC24.MAR25.SPD;FUTURES_SPREAD;BLOCK;EUR;65;0.59000000;1132;EXCHANGE_LAST;;1;1;XEUR;72060325637128282;636;
03.12.2024;12:44:06.004;FBTP SI 20241206 PS;SIMPLE_INSTRUMENT;BLOCK;EUR;65;123.14000000;1132;PRC_DECOMP_MEMBER;;;;XEUR;10804520;636;MEMBER
03.12.2024;12:44:06.004;FBTP SI 20250306 PS;SIMPLE_INSTRUMENT;BLOCK;EUR;65;122.55000000;1132;PRC_DECOMP_MEMBER;;;;XEUR;11286675;636;MEMBER
03.12.2024;13:09:27.170;FBTP SI 20241206 PS;SIMPLE_INSTRUMENT;BLOCK;EUR;66;123.12000000;1200;EXCHANGE_LAST;;1;1;XEUR;10804520;636;
03.12.2024;13:09:47.013;FBTP SI 20250306 PS;SIMPLE_INSTRUMENT;BLOCK;EUR;67;122.53000000;600;EXCHANGE_LAST;;1;1;XEUR;11286675;636;
03.12.2024;13:10:04.480;FBTP SI 20250306 PS;SIMPLE_INSTRUMENT;BLOCK;EUR;68;122.52000000;600;EXCHANGE_LAST;;1;1;XEUR;11286675;636;
03.12.2024;13:12:47.317;FBTP SI 20241206 PS;SIMPLE_INSTRUMENT;EFP_FIN;EUR;69;122.97000000;223;EXCHANGE_LAST;;1;1;XEUR;10804520;636;
03.12.2024;13:20:44.759;FBTP.S.DEC24.MAR25.SPD;FUTURES_SPREAD;BLOCK;EUR;70;0.59000000;496;EXCHANGE_LAST;;1;1;XEUR;72060325637128282;636;
03.12.2024;13:20:44.759;FBTP SI 20241206 PS;SIMPLE_INSTRUMENT;BLOCK;EUR;70;123.23000000;496;PRC_DECOMP_EXCHANGE;;;;XEUR;10804520;636;EXCHANGE
03.12.2024;13:20:44.759;FBTP SI 20250306 PS;SIMPLE_INSTRUMENT;BLOCK;EUR;70;122.64000000;496;PRC_DECOMP_EXCHANGE;;;;XEUR;11286675;636;EXCHANGE
03.12.2024;13:20:57.760;FBTP.S.DEC24.MAR25.SPD;FUTURES_SPREAD;BLOCK;EUR;71;0.60000000;496;EXCHANGE_LAST;;1;1;XEUR;72060325637128282;636;
03.12.2024;13:20:57.760;FBTP SI 20241206 PS;SIMPLE_INSTRUMENT;BLOCK;EUR;71;123.24000000;496;PRC_DECOMP_EXCHANGE;;;;XEUR;10804520;636;EXCHANGE
03.12.2024;13:20:57.760;FBTP SI 20250306 PS;SIMPLE_INSTRUMENT;BLOCK;EUR;71;122.64000000;496;PRC_DECOMP_EXCHANGE;;;;XEUR;11286675;636;EXCHANGE
03.12.2024;13:24:28.650;FBTP.S.DEC24.MAR25.SPD;FUTURES_SPREAD;BLOCK;EUR;72;0.60000000;1770;EXCHANGE_LAST;;1;1;XEUR;72060325637128282;636;
03.12.2024;13:24:28.650;FBTP SI 20241206 PS;SIMPLE_INSTRUMENT;BLOCK;EUR;72;123.24000000;1770;PRC_DECOMP_EXCHANGE;;;;XEUR;10804520;636;EXCHANGE
03.12.2024;13:24:28.650;FBTP SI 20250306 PS;SIMPLE_INSTRUMENT;BLOCK;EUR;72;122.64000000;1770;PRC_DECOMP_EXCHANGE;;;;XEUR;11286675;636;EXCHANGE
03.12.2024;13:34:21.801;FBTP SI 20241206 PS;SIMPLE_INSTRUMENT;BLOCK;EUR;73;123.23000000;500;EXCHANGE_LAST;;1;1;XEUR;10804520;636;
03.12.2024;13:34:56.957;FBTP SI 20250306 PS;SIMPLE_INSTRUMENT;BLOCK;EUR;74;122.63000000;250;EXCHANGE_LAST;;1;1;XEUR;11286675;636;
03.12.2024;13:35:02.966;FBTP SI 20250306 PS;SIMPLE_INSTRUMENT;BLOCK;EUR;75;122.64000000;250;EXCHANGE_LAST;;1;1;XEUR;11286675;636;
03.12.2024;13:38:15.923;FBTP SI 20250306 PS;SIMPLE_INSTRUMENT;EFP_FIN;EUR;76;122.52000000;611;EXCHANGE_LAST;;1;1;XEUR;11286675;636;
03.12.2024;13:45:55.890;FBTP.S.DEC24.MAR25.SPD;FUTURES_SPREAD;BLOCK;EUR;77;0.60000000;460;EXCHANGE_LAST;;1;1;XEUR;72060325637128282;636;
03.12.2024;13:45:55.890;FBTP SI 20241206 PS;SIMPLE_INSTRUMENT;BLOCK;EUR;77;123.26000000;460;PRC_DECOMP_MEMBER;;;;XEUR;10804520;636;MEMBER
03.12.2024;13:45:55.890;FBTP SI 20250306 PS;SIMPLE_INSTRUMENT;BLOCK;EUR;77;122.66000000;460;PRC_DECOMP_MEMBER;;;;XEUR;11286675;636;MEMBER
03.12.2024;13:52:34.191;FBTP SI 20241206 PS;SIMPLE_INSTRUMENT;BLOCK;EUR;78;123.27000000;2305;EXCHANGE_LAST;;1;1;XEUR;10804520;636;
03.12.2024;13:53:14.779;FBTP SI 20250306 PS;SIMPLE_INSTRUMENT;BLOCK;EUR;79;122.67000000;1153;EXCHANGE_LAST;;1;1;XEUR;11286675;636;
03.12.2024;13:53:31.216;FBTP SI 20250306 PS;SIMPLE_INSTRUMENT;BLOCK;EUR;80;122.68000000;1152;EXCHANGE_LAST;;1;1;XEUR;11286675;636;
03.12.2024;13:54:22.358;FBTP.S.DEC24.MAR25.SPD;FUTURES_SPREAD;BLOCK;EUR;81;0.59000000;623;EXCHANGE_LAST;;1;1;XEUR;72060325637128282;636;
03.12.2024;13:54:22.358;FBTP SI 20241206 PS;SIMPLE_INSTRUMENT;BLOCK;EUR;81;123.28000000;623;PRC_DECOMP_EXCHANGE;;;;XEUR;10804520;636;EXCHANGE
03.12.2024;13:54:22.358;FBTP SI 20250306 PS;SIMPLE_INSTRUMENT;BLOCK;EUR;81;122.69000000;623;PRC_DECOMP_EXCHANGE;;;;XEUR;11286675;636;EXCHANGE
03.12.2024;13:54:34.359;FBTP.S.DEC24.MAR25.SPD;FUTURES_SPREAD;BLOCK;EUR;82;0.60000000;623;EXCHANGE_LAST;;1;1;XEUR;72060325637128282;636;
03.12.2024;13:54:34.359;FBTP SI 20250306 PS;SIMPLE_INSTRUMENT;BLOCK;EUR;82;122.70000000;623;PRC_DECOMP_EXCHANGE;;;;XEUR;11286675;636;EXCHANGE
03.12.2024;13:54:34.359;FBTP SI 20241206 PS;SIMPLE_INSTRUMENT;BLOCK;EUR;82;123.30000000;623;PRC_DECOMP_EXCHANGE;;;;XEUR;10804520;636;EXCHANGE
03.12.2024;14:21:29.930;FBTP.S.DEC24.MAR25.SPD;FUTURES_SPREAD;BLOCK;EUR;83;0.59000000;250;EXCHANGE_LAST;;1;1;XEUR;72060325637128282;636;
03.12.2024;14:21:29.930;FBTP SI 20250306 PS;SIMPLE_INSTRUMENT;BLOCK;EUR;83;122.54000000;250;PRC_DECOMP_EXCHANGE;;;;XEUR;11286675;636;EXCHANGE
03.12.2024;14:21:29.930;FBTP SI 20241206 PS;SIMPLE_INSTRUMENT;BLOCK;EUR;83;123.13000000;250;PRC_DECOMP_EXCHANGE;;;;XEUR;10804520;636;EXCHANGE
03.12.2024;14:21:37.255;FBTP.S.DEC24.MAR25.SPD;FUTURES_SPREAD;BLOCK;EUR;84;0.60000000;250;EXCHANGE_LAST;;1;1;XEUR;72060325637128282;636;
03.12.2024;14:21:37.255;FBTP SI 20241206 PS;SIMPLE_INSTRUMENT;BLOCK;EUR;84;123.14000000;250;PRC_DECOMP_EXCHANGE;;;;XEUR;10804520;636;EXCHANGE
03.12.2024;14:21:37.255;FBTP SI 20250306 PS;SIMPLE_INSTRUMENT;BLOCK;EUR;84;122.54000000;250;PRC_DECOMP_EXCHANGE;;;;XEUR;11286675;636;EXCHANGE
03.12.2024;14:32:36.667;FBTP SI 20241206 PS;SIMPLE_INSTRUMENT;EFP_FIN;EUR;85;123.14000000;227;EXCHANGE_LAST;;1;1;XEUR;10804520;636;
03.12.2024;14:37:20.878;FBTP SI 20241206 PS;SIMPLE_INSTRUMENT;BLOCK;EUR;86;123.18000000;667;EXCHANGE_LAST;;1;1;XEUR;10804520;636;
03.12.2024;14:38:49.070;FBTP SI 20250306 PS;SIMPLE_INSTRUMENT;EFP_FIN;EUR;88;122.57000000;803;EXCHANGE_LAST;;1;1;XEUR;11286675;636;
03.12.2024;14:41:14.974;FBTP SI 20250306 PS;SIMPLE_INSTRUMENT;BLOCK;EUR;90;122.58000000;1338;EXCHANGE_LAST;;1;1;XEUR;11286675;636;
03.12.2024;14:42:50.283;FBTP SI 20241206 PS;SIMPLE_INSTRUMENT;EFP_FIN;EUR;91;123.21000000;679;EXCHANGE_LAST;;1;1;XEUR;10804520;636;
03.12.2024;14:44:48.749;FBTP SI 20250306 PS;SIMPLE_INSTRUMENT;BLOCK;EUR;92;122.63000000;1596;EXCHANGE_LAST;;1;1;XEUR;11286675;636;
03.12.2024;14:46:36.708;FBTP SI 20241206 PS;SIMPLE_INSTRUMENT;BLOCK;EUR;93;123.17000000;668;EXCHANGE_LAST;;1;1;XEUR;10804520;636;
03.12.2024;14:58:56.208;FBTP.S.DEC24.MAR25.SPD;FUTURES_SPREAD;BLOCK;EUR;94;0.59000000;415;EXCHANGE_LAST;;1;1;XEUR;72060325637128282;636;
03.12.2024;14:58:56.208;FBTP SI 20250306 PS;SIMPLE_INSTRUMENT;BLOCK;EUR;94;122.59000000;415;PRC_DECOMP_EXCHANGE;;;;XEUR;11286675;636;EXCHANGE
03.12.2024;14:58:56.208;FBTP SI 20241206 PS;SIMPLE_INSTRUMENT;BLOCK;EUR;94;123.18000000;415;PRC_DECOMP_EXCHANGE;;;;XEUR;10804520;636;EXCHANGE
03.12.2024;15:09:56.283;FBTP.S.DEC24.MAR25.SPD;FUTURES_SPREAD;BLOCK;EUR;95;0.59000000;839;EXCHANGE_LAST;;1;1;XEUR;72060325637128282;636;
03.12.2024;15:09:56.283;FBTP SI 20250306 PS;SIMPLE_INSTRUMENT;BLOCK;EUR;95;122.60000000;839;PRC_DECOMP_EXCHANGE;;;;XEUR;11286675;636;EXCHANGE
03.12.2024;15:09:56.283;FBTP SI 20241206 PS;SIMPLE_INSTRUMENT;BLOCK;EUR;95;123.19000000;839;PRC_DECOMP_EXCHANGE;;;;XEUR;10804520;636;EXCHANGE
03.12.2024;15:20:13.107;FBTP SI 20241206 PS;SIMPLE_INSTRUMENT;EFP_FIN;EUR;96;123.20000000;521;EXCHANGE_LAST;;1;1;XEUR;10804520;636;
03.12.2024;15:33:08.453;FBTP.S.DEC24.MAR25.SPD;FUTURES_SPREAD;BLOCK;EUR;97;0.59000000;363;EXCHANGE_LAST;;1;1;XEUR;72060325637128282;636;
03.12.2024;15:33:08.453;FBTP SI 20250306 PS;SIMPLE_INSTRUMENT;BLOCK;EUR;97;122.62000000;363;PRC_DECOMP_EXCHANGE;;;;XEUR;11286675;636;EXCHANGE
03.12.2024;15:33:08.453;FBTP SI 20241206 PS;SIMPLE_INSTRUMENT;BLOCK;EUR;97;123.21000000;363;PRC_DECOMP_EXCHANGE;;;;XEUR;10804520;636;EXCHANGE
03.12.2024;15:33:22.887;FBTP.S.DEC24.MAR25.SPD;FUTURES_SPREAD;BLOCK;EUR;98;0.58000000;364;EXCHANGE_LAST;;1;1;XEUR;72060325637128282;636;
03.12.2024;15:33:22.887;FBTP SI 20250306 PS;SIMPLE_INSTRUMENT;BLOCK;EUR;98;122.62000000;364;PRC_DECOMP_EXCHANGE;;;;XEUR;11286675;636;EXCHANGE
03.12.2024;15:33:22.887;FBTP SI 20241206 PS;SIMPLE_INSTRUMENT;BLOCK;EUR;98;123.20000000;364;PRC_DECOMP_EXCHANGE;;;;XEUR;10804520;636;EXCHANGE
03.12.2024;15:45:35.263;FBTP SI 20241206 PS;SIMPLE_INSTRUMENT;EFP_FIN;EUR;99;123.24000000;750;EXCHANGE_LAST;;1;1;XEUR;10804520;636;
03.12.2024;16:27:49.768;FBTP SI 20241206 PS;SIMPLE_INSTRUMENT;BLOCK;EUR;100;123.24000000;1224;EXCHANGE_LAST;;1;1;XEUR;10804520;636;
03.12.2024;16:28:29.609;FBTP SI 20250306 PS;SIMPLE_INSTRUMENT;BLOCK;EUR;101;122.66000000;612;EXCHANGE_LAST;;1;1;XEUR;11286675;636;
03.12.2024;16:28:38.570;FBTP SI 20250306 PS;SIMPLE_INSTRUMENT;BLOCK;EUR;102;122.65000000;612;EXCHANGE_LAST;;1;1;XEUR;11286675;636;
03.12.2024;16:39:23.222;FBTP SI 20250306 PS;SIMPLE_INSTRUMENT;EFP_FIN;EUR;103;122.67000000;412;EXCHANGE_LAST;;1;1;XEUR;11286675;636;
03.12.2024;16:57:41.949;FBTP SI 20241206 PS;SIMPLE_INSTRUMENT;EFP_FIN;EUR;104;123.26000000;130;EXCHANGE_LAST;;1;1;XEUR;10804520;636;
03.12.2024;17:05:08.578;FBTP SI 20241206 PS;SIMPLE_INSTRUMENT;EFP_FIN;EUR;105;123.22000000;145;EXCHANGE_LAST;;1;1;XEUR;10804520;636;
03.12.2024;13:33:40.798;FBTP SI 20250306 PS;SIMPLE_INSTRUMENT;VOLA;EUR;268435521;122.65000000;33;EXCHANGE_LAST;;1;1;XEUR;11286675;636;
03.12.2024;07:33:41.809;FBTS SI 20241206 PS;SIMPLE_INSTRUMENT;BLOCK;EUR;1;107.89000000;4613;EXCHANGE_LAST;;1;1;XEUR;10804522;639;
03.12.2024;07:34:26.419;FBTS SI 20250306 PS;SIMPLE_INSTRUMENT;BLOCK;EUR;2;107.90000000;2306;EXCHANGE_LAST;;1;1;XEUR;11286677;639;
03.12.2024;07:34:47.750;FBTS SI 20250306 PS;SIMPLE_INSTRUMENT;BLOCK;EUR;3;107.91000000;2307;EXCHANGE_LAST;;1;1;XEUR;11286677;639;
03.12.2024;07:48:42.708;FBTS SI 20241206 PS;SIMPLE_INSTRUMENT;BLOCK;EUR;4;107.89000000;940;EXCHANGE_LAST;;1;1;XEUR;10804522;639;
03.12.2024;08:07:09.738;FBTS SI 20241206 PS;SIMPLE_INSTRUMENT;EFP_FIN;EUR;5;107.89000000;4700;EXCHANGE_LAST;;1;1;XEUR;10804522;639;
03.12.2024;08:16:15.237;FBTS SI 20241206 PS;SIMPLE_INSTRUMENT;BLOCK;EUR;11;107.90000000;610;EXCHANGE_LAST;;1;1;XEUR;10804522;639;
03.12.2024;08:19:24.326;FBTS SI 20250306 PS;SIMPLE_INSTRUMENT;BLOCK;EUR;13;107.91000000;305;EXCHANGE_LAST;;1;1;XEUR;11286677;639;
03.12.2024;08:19:31.393;FBTS SI 20250306 PS;SIMPLE_INSTRUMENT;BLOCK;EUR;14;107.92000000;305;EXCHANGE_LAST;;1;1;XEUR;11286677;639;
03.12.2024;08:26:10.875;FBTS SI 20241206 PS;SIMPLE_INSTRUMENT;BLOCK;EUR;16;107.90000000;2521;EXCHANGE_LAST;;1;1;XEUR;10804522;639;
03.12.2024;08:26:21.876;FBTS SI 20250306 PS;SIMPLE_INSTRUMENT;BLOCK;EUR;17;107.91000000;1260;EXCHANGE_LAST;;1;1;XEUR;11286677;639;
03.12.2024;08:26:31.877;FBTS SI 20250306 PS;SIMPLE_INSTRUMENT;BLOCK;EUR;18;107.92000000;1261;EXCHANGE_LAST;;1;1;XEUR;11286677;639;
03.12.2024;08:34:51.030;FBTS SI 20241206 PS;SIMPLE_INSTRUMENT;EFP_FIN;EUR;22;107.89000000;358;EXCHANGE_LAST;;1;1;XEUR;10804522;639;
03.12.2024;08:35:33.468;FBTS SI 20241206 PS;SIMPLE_INSTRUMENT;EFP_FIN;EUR;23;107.89000000;172;EXCHANGE_LAST;;1;1;XEUR;10804522;639;
03.12.2024;08:35:49.116;FBTS.S.DEC24.MAR25.SPD;FUTURES_SPREAD;BLOCK;EUR;24;-0.02000000;125;EXCHANGE_LAST;;1;1;XEUR;72060338522030170;639;
03.12.2024;08:35:49.116;FBTS SI 20241206 PS;SIMPLE_INSTRUMENT;BLOCK;EUR;24;107.88000000;125;PRC_DECOMP_EXCHANGE;;;;XEUR;10804522;639;EXCHANGE
03.12.2024;08:35:49.116;FBTS SI 20250306 PS;SIMPLE_INSTRUMENT;BLOCK;EUR;24;107.90000000;125;PRC_DECOMP_EXCHANGE;;;;XEUR;11286677;639;EXCHANGE
03.12.2024;08:36:43.525;FBTS.S.DEC24.MAR25.SPD;FUTURES_SPREAD;BLOCK;EUR;25;-0.01000000;125;EXCHANGE_LAST;;1;1;XEUR;72060338522030170;639;
03.12.2024;08:36:43.525;FBTS SI 20241206 PS;SIMPLE_INSTRUMENT;BLOCK;EUR;25;107.88000000;125;PRC_DECOMP_MEMBER;;;;XEUR;10804522;639;MEMBER
03.12.2024;08:36:43.525;FBTS SI 20250306 PS;SIMPLE_INSTRUMENT;BLOCK;EUR;25;107.89000000;125;PRC_DECOMP_MEMBER;;;;XEUR;11286677;639;MEMBER
03.12.2024;08:45:13.319;FBTS.S.DEC24.MAR25.SPD;FUTURES_SPREAD;BLOCK;EUR;26;-0.01000000;2559;EXCHANGE_LAST;;1;1;XEUR;72060338522030170;639;
03.12.2024;08:45:13.319;FBTS SI 20241206 PS;SIMPLE_INSTRUMENT;BLOCK;EUR;26;107.88000000;2559;PRC_DECOMP_MEMBER;;;;XEUR;10804522;639;MEMBER
03.12.2024;08:45:13.319;FBTS SI 20250306 PS;SIMPLE_INSTRUMENT;BLOCK;EUR;26;107.89000000;2559;PRC_DECOMP_MEMBER;;;;XEUR;11286677;639;MEMBER
03.12.2024;08:45:28.985;FBTS.S.DEC24.MAR25.SPD;FUTURES_SPREAD;BLOCK;EUR;27;-0.02000000;2559;EXCHANGE_LAST;;1;1;XEUR;72060338522030170;639;
03.12.2024;08:45:28.985;FBTS SI 20241206 PS;SIMPLE_INSTRUMENT;BLOCK;EUR;27;107.88000000;2559;PRC_DECOMP_MEMBER;;;;XEUR;10804522;639;MEMBER
03.12.2024;08:45:28.985;FBTS SI 20250306 PS;SIMPLE_INSTRUMENT;BLOCK;EUR;27;107.90000000;2559;PRC_DECOMP_MEMBER;;;;XEUR;11286677;639;MEMBER
03.12.2024;08:52:43.216;FBTS SI 20241206 PS;SIMPLE_INSTRUMENT;EFP_FIN;EUR;28;107.88000000;376;EXCHANGE_LAST;;1;1;XEUR;10804522;639;
03.12.2024;08:54:41.439;FBTS SI 20241206 PS;SIMPLE_INSTRUMENT;EFP_FIN;EUR;29;107.88000000;1175;EXCHANGE_LAST;;1;1;XEUR;10804522;639;
03.12.2024;09:11:48.215;FBTS SI 20241206 PS;SIMPLE_INSTRUMENT;BLOCK;EUR;35;107.89000000;940;EXCHANGE_LAST;;1;1;XEUR;10804522;639;
03.12.2024;09:11:55.412;FBTS SI 20241206 PS;SIMPLE_INSTRUMENT;BLOCK;EUR;36;107.89000000;821;EXCHANGE_LAST;;1;1;XEUR;10804522;639;
03.12.2024;09:14:02.917;FBTS SI 20250306 PS;SIMPLE_INSTRUMENT;BLOCK;EUR;37;107.88000000;385;EXCHANGE_LAST;;1;1;XEUR;11286677;639;
03.12.2024;09:14:22.079;FBTS SI 20250306 PS;SIMPLE_INSTRUMENT;BLOCK;EUR;38;107.89000000;385;EXCHANGE_LAST;;1;1;XEUR;11286677;639;
03.12.2024;09:15:17.801;FBTS SI 20241206 PS;SIMPLE_INSTRUMENT;BLOCK;EUR;39;107.90000000;291;EXCHANGE_LAST;;1;1;XEUR;10804522;639;
03.12.2024;09:17:21.972;FBTS SI 20241206 PS;SIMPLE_INSTRUMENT;EFP_FIN;EUR;42;107.88000000;235;EXCHANGE_LAST;;1;1;XEUR;10804522;639;
03.12.2024;09:18:48.803;FBTS SI 20241206 PS;SIMPLE_INSTRUMENT;EFP_FIN;EUR;44;107.89000000;940;EXCHANGE_LAST;;1;1;XEUR;10804522;639;
03.12.2024;09:27:13.453;FBTS SI 20241206 PS;SIMPLE_INSTRUMENT;EFP_FIN;EUR;47;107.89000000;247;EXCHANGE_LAST;;1;1;XEUR;10804522;639;
03.12.2024;09:32:17.729;FBTS SI 20241206 PS;SIMPLE_INSTRUMENT;EFP_FIN;EUR;51;107.89000000;940;EXCHANGE_LAST;;1;1;XEUR;10804522;639;
03.12.2024;09:31:25.841;FBTS SI 20241206 PS;SIMPLE_INSTRUMENT;BLOCK;EUR;54;107.89000000;1017;EXCHANGE_LAST;;1;1;XEUR;10804522;639;
03.12.2024;09:32:48.018;FBTS SI 20250306 PS;SIMPLE_INSTRUMENT;BLOCK;EUR;55;107.88000000;508;EXCHANGE_LAST;;1;1;XEUR;11286677;639;
03.12.2024;09:34:31.729;FBTS SI 20250306 PS;SIMPLE_INSTRUMENT;BLOCK;EUR;56;107.89000000;509;EXCHANGE_LAST;;1;1;XEUR;11286677;639;
03.12.2024;09:37:13.458;FBTS SI 20241206 PS;SIMPLE_INSTRUMENT;EFP_FIN;EUR;57;107.88000000;1682;EXCHANGE_LAST;;1;1;XEUR;10804522;639;
03.12.2024;09:39:13.719;FBTS SI 20241206 PS;SIMPLE_INSTRUMENT;EFP_FIN;EUR;62;107.88000000;4700;EXCHANGE_LAST;;1;1;XEUR;10804522;639;
03.12.2024;09:41:15.652;FBTS SI 20241206 PS;SIMPLE_INSTRUMENT;EFP_FIN;EUR;63;107.89000000;235;EXCHANGE_LAST;;1;1;XEUR;10804522;639;
03.12.2024;09:41:20.903;FBTS SI 20241206 PS;SIMPLE_INSTRUMENT;BLOCK;EUR;64;107.89000000;1454;EXCHANGE_LAST;;1;1;XEUR;10804522;639;
03.12.2024;10:29:05.346;FBTS SI 20241206 PS;SIMPLE_INSTRUMENT;BLOCK;EUR;73;107.85000000;705;EXCHANGE_LAST;;1;1;XEUR;10804522;639;
03.12.2024;10:29:17.503;FBTS SI 20241206 PS;SIMPLE_INSTRUMENT;BLOCK;EUR;74;107.86000000;705;EXCHANGE_LAST;;1;1;XEUR;10804522;639;
03.12.2024;10:42:20.137;FBTS SI 20241206 PS;SIMPLE_INSTRUMENT;EFP_FIN;EUR;83;107.85000000;1121;EXCHANGE_LAST;;1;1;XEUR;10804522;639;
03.12.2024;10:46:05.879;FBTS SI 20241206 PS;SIMPLE_INSTRUMENT;EFP_FIN;EUR;85;107.86000000;329;EXCHANGE_LAST;;1;1;XEUR;10804522;639;
03.12.2024;10:52:21.321;FBTS SI 20241206 PS;SIMPLE_INSTRUMENT;EFP_FIN;EUR;86;107.85000000;1121;EXCHANGE_LAST;;1;1;XEUR;10804522;639;
03.12.2024;10:58:16.949;FBTS SI 20241206 PS;SIMPLE_INSTRUMENT;BLOCK;EUR;89;107.85000000;1121;EXCHANGE_LAST;;1;1;XEUR;10804522;639;
03.12.2024;10:58:45.613;FBTS SI 20241206 PS;SIMPLE_INSTRUMENT;EFP_FIN;EUR;90;107.88000000;470;EXCHANGE_LAST;;1;1;XEUR;10804522;639;
03.12.2024;11:08:38.469;FBTS SI 20241206 PS;SIMPLE_INSTRUMENT;EFP_FIN;EUR;91;107.87000000;1410;EXCHANGE_LAST;;1;1;XEUR;10804522;639;
03.12.2024;11:11:26.375;FBTS SI 20241206 PS;SIMPLE_INSTRUMENT;BLOCK;EUR;94;107.86000000;1825;EXCHANGE_LAST;;1;1;XEUR;10804522;639;
03.12.2024;11:11:40.375;FBTS SI 20250306 PS;SIMPLE_INSTRUMENT;BLOCK;EUR;95;107.85000000;850;EXCHANGE_LAST;;1;1;XEUR;11286677;639;
03.12.2024;11:11:50.376;FBTS SI 20250306 PS;SIMPLE_INSTRUMENT;BLOCK;EUR;96;107.86000000;850;EXCHANGE_LAST;;1;1;XEUR;11286677;639;
03.12.2024;11:15:08.642;FBTS SI 20241206 PS;SIMPLE_INSTRUMENT;BLOCK;EUR;98;107.86000000;1211;EXCHANGE_LAST;;1;1;XEUR;10804522;639;
03.12.2024;11:15:00.844;FBTS SI 20241206 PS;SIMPLE_INSTRUMENT;EFP_FIN;EUR;99;107.85000000;1121;EXCHANGE_LAST;;1;1;XEUR;10804522;639;
03.12.2024;11:19:33.691;FBTS SI 20241206 PS;SIMPLE_INSTRUMENT;BLOCK;EUR;100;107.88000000;235;EXCHANGE_LAST;;1;1;XEUR;10804522;639;
03.12.2024;11:21:07.053;FBTS SI 20241206 PS;SIMPLE_INSTRUMENT;EFP_FIN;EUR;101;107.86000000;235;EXCHANGE_LAST;;1;1;XEUR;10804522;639;
03.12.2024;11:28:27.585;FBTS SI 20241206 PS;SIMPLE_INSTRUMENT;BLOCK;EUR;103;107.85000000;1614;EXCHANGE_LAST;;1;1;XEUR;10804522;639;
03.12.2024;11:37:26.518;FBTS SI 20241206 PS;SIMPLE_INSTRUMENT;EFP_FIN;EUR;105;107.85000000;893;EXCHANGE_LAST;;1;1;XEUR;10804522;639;
03.12.2024;11:40:53.933;FBTS SI 20250306 PS;SIMPLE_INSTRUMENT;BLOCK;EUR;107;107.86000000;444;EXCHANGE_LAST;;1;1;XEUR;11286677;639;
03.12.2024;11:48:58.481;FBTS SI 20241206 PS;SIMPLE_INSTRUMENT;EFP_FIN;EUR;108;107.86000000;235;EXCHANGE_LAST;;1;1;XEUR;10804522;639;
03.12.2024;11:53:21.438;FBTS SI 20241206 PS;SIMPLE_INSTRUMENT;BLOCK;EUR;112;107.86000000;1500;EXCHANGE_LAST;;1;1;XEUR;10804522;639;
03.12.2024;11:53:29.760;FBTS SI 20250306 PS;SIMPLE_INSTRUMENT;BLOCK;EUR;113;107.86000000;750;EXCHANGE_LAST;;1;1;XEUR;11286677;639;
03.12.2024;11:53:36.622;FBTS SI 20250306 PS;SIMPLE_INSTRUMENT;BLOCK;EUR;114;107.85000000;750;EXCHANGE_LAST;;1;1;XEUR;11286677;639;
03.12.2024;11:57:13.829;FBTS.S.DEC24.MAR25.SPD;FUTURES_SPREAD;BLOCK;EUR;115;0.01000000;704;EXCHANGE_LAST;;1;1;XEUR;72060338522030170;639;
03.12.2024;11:57:13.829;FBTS SI 20241206 PS;SIMPLE_INSTRUMENT;BLOCK;EUR;115;107.87000000;704;PRC_DECOMP_EXCHANGE;;;;XEUR;10804522;639;EXCHANGE
03.12.2024;11:57:13.829;FBTS SI 20250306 PS;SIMPLE_INSTRUMENT;BLOCK;EUR;115;107.86000000;704;PRC_DECOMP_EXCHANGE;;;;XEUR;11286677;639;EXCHANGE
03.12.2024;11:57:23.068;FBTS.S.DEC24.MAR25.SPD;FUTURES_SPREAD;BLOCK;EUR;116;0.00000000;704;EXCHANGE_LAST;;1;1;XEUR;72060338522030170;639;
03.12.2024;11:57:23.068;FBTS SI 20250306 PS;SIMPLE_INSTRUMENT;BLOCK;EUR;116;107.86000000;704;PRC_DECOMP_EXCHANGE;;;;XEUR;11286677;639;EXCHANGE
03.12.2024;11:57:23.068;FBTS SI 20241206 PS;SIMPLE_INSTRUMENT;BLOCK;EUR;116;107.86000000;704;PRC_DECOMP_EXCHANGE;;;;XEUR;10804522;639;EXCHANGE
03.12.2024;11:58:48.795;FBTS SI 20241206 PS;SIMPLE_INSTRUMENT;EFP_FIN;EUR;117;107.86000000;561;EXCHANGE_LAST;;1;1;XEUR;10804522;639;
03.12.2024;12:00:52.473;FBTS SI 20241206 PS;SIMPLE_INSTRUMENT;BLOCK;EUR;118;107.86000000;768;EXCHANGE_LAST;;1;1;XEUR;10804522;639;
03.12.2024;12:01:29.008;FBTS SI 20250306 PS;SIMPLE_INSTRUMENT;BLOCK;EUR;119;107.86000000;384;EXCHANGE_LAST;;1;1;XEUR;11286677;639;
03.12.2024;12:01:41.232;FBTS SI 20250306 PS;SIMPLE_INSTRUMENT;BLOCK;EUR;120;107.85000000;384;EXCHANGE_LAST;;1;1;XEUR;11286677;639;
03.12.2024;12:10:52.437;FBTS SI 20250306 PS;SIMPLE_INSTRUMENT;BLOCK;EUR;124;107.87000000;1426;EXCHANGE_LAST;;1;1;XEUR;11286677;639;
03.12.2024;12:28:34.989;FBTS SI 20250306 PS;SIMPLE_INSTRUMENT;EFP_FIN;EUR;125;107.87000000;1362;EXCHANGE_LAST;;1;1;XEUR;11286677;639;
03.12.2024;12:46:18.442;FBTS SI 20241206 PS;SIMPLE_INSTRUMENT;EFP_FIN;EUR;130;107.88000000;1121;EXCHANGE_LAST;;1;1;XEUR;10804522;639;
03.12.2024;12:52:36.676;FBTS SI 20241206 PS;SIMPLE_INSTRUMENT;EFP_FIN;EUR;132;107.86000000;441;EXCHANGE_LAST;;1;1;XEUR;10804522;639;
03.12.2024;12:53:48.268;FBTS SI 20241206 PS;SIMPLE_INSTRUMENT;EFP_FIN;EUR;133;107.87000000;2243;EXCHANGE_LAST;;1;1;XEUR;10804522;639;
03.12.2024;13:16:56.762;FBTS SI 20250306 PS;SIMPLE_INSTRUMENT;EFP_FIN;EUR;134;107.85000000;4540;EXCHANGE_LAST;;1;1;XEUR;11286677;639;
03.12.2024;13:18:20.233;FBTS SI 20241206 PS;SIMPLE_INSTRUMENT;BLOCK;EUR;135;107.85000000;1682;EXCHANGE_LAST;;1;1;XEUR;10804522;639;
03.12.2024;13:20:00.720;FBTS SI 20250306 PS;SIMPLE_INSTRUMENT;EFP_FIN;EUR;136;107.85000000;247;EXCHANGE_LAST;;1;1;XEUR;11286677;639;
03.12.2024;13:23:45.126;FBTS SI 20241206 PS;SIMPLE_INSTRUMENT;BLOCK;EUR;137;107.88000000;2227;EXCHANGE_LAST;;1;1;XEUR;10804522;639;
03.12.2024;13:24:24.032;FBTS SI 20241206 PS;SIMPLE_INSTRUMENT;EFP_FIN;EUR;138;107.87000000;242;EXCHANGE_LAST;;1;1;XEUR;10804522;639;
03.12.2024;13:25:26.606;FBTS SI 20241206 PS;SIMPLE_INSTRUMENT;BLOCK;EUR;139;107.89000000;940;EXCHANGE_LAST;;1;1;XEUR;10804522;639;
03.12.2024;13:25:29.084;FBTS.S.DEC24.MAR25.SPD;FUTURES_SPREAD;BLOCK;EUR;140;0.00000000;2092;EXCHANGE_LAST;;1;1;XEUR;72060338522030170;639;
03.12.2024;13:25:29.084;FBTS SI 20241206 PS;SIMPLE_INSTRUMENT;BLOCK;EUR;140;107.89000000;2092;PRC_DECOMP_MEMBER;;;;XEUR;10804522;639;MEMBER
03.12.2024;13:25:29.084;FBTS SI 20250306 PS;SIMPLE_INSTRUMENT;BLOCK;EUR;140;107.89000000;2092;PRC_DECOMP_MEMBER;;;;XEUR;11286677;639;MEMBER
03.12.2024;13:25:29.818;FBTS SI 20250306 PS;SIMPLE_INSTRUMENT;BLOCK;EUR;141;107.85000000;272;EXCHANGE_LAST;;1;1;XEUR;11286677;639;
03.12.2024;13:25:43.535;FBTS SI 20250306 PS;SIMPLE_INSTRUMENT;EFP_FIN;EUR;142;107.86000000;227;EXCHANGE_LAST;;1;1;XEUR;11286677;639;
03.12.2024;13:27:08.991;FBTS SI 20250306 PS;SIMPLE_INSTRUMENT;EFP_FIN;EUR;143;107.88000000;454;EXCHANGE_LAST;;1;1;XEUR;11286677;639;
03.12.2024;13:28:20.236;FBTS SI 20241206 PS;SIMPLE_INSTRUMENT;BLOCK;EUR;146;107.87000000;940;EXCHANGE_LAST;;1;1;XEUR;10804522;639;
03.12.2024;13:29:14.087;FBTS SI 20241206 PS;SIMPLE_INSTRUMENT;BLOCK;EUR;147;107.86000000;1121;EXCHANGE_LAST;;1;1;XEUR;10804522;639;
03.12.2024;13:34:20.134;FBTS SI 20241206 PS;SIMPLE_INSTRUMENT;EFP_FIN;EUR;148;107.87000000;130;EXCHANGE_LAST;;1;1;XEUR;10804522;639;
03.12.2024;13:35:30.232;FBTS SI 20241206 PS;SIMPLE_INSTRUMENT;BLOCK;EUR;149;107.86000000;678;EXCHANGE_LAST;;1;1;XEUR;10804522;639;
03.12.2024;13:36:26.928;FBTS SI 20241206 PS;SIMPLE_INSTRUMENT;BLOCK;EUR;150;107.87000000;561;EXCHANGE_LAST;;1;1;XEUR;10804522;639;
03.12.2024;13:39:01.308;FBTS SI 20250306 PS;SIMPLE_INSTRUMENT;BLOCK;EUR;151;107.88000000;1049;EXCHANGE_LAST;;1;1;XEUR;11286677;639;
03.12.2024;13:39:32.930;FBTS SI 20241206 PS;SIMPLE_INSTRUMENT;BLOCK;EUR;152;107.88000000;1121;EXCHANGE_LAST;;1;1;XEUR;10804522;639;
03.12.2024;13:44:56.371;FBTS SI 20241206 PS;SIMPLE_INSTRUMENT;EFP_FIN;EUR;154;107.87000000;762;EXCHANGE_LAST;;1;1;XEUR;10804522;639;
03.12.2024;13:41:58.065;FBTS SI 20250306 PS;SIMPLE_INSTRUMENT;EFP_FIN;EUR;155;107.87000000;1362;EXCHANGE_LAST;;1;1;XEUR;11286677;639;
03.12.2024;13:48:12.977;FBTS.S.DEC24.MAR25.SPD;FUTURES_SPREAD;BLOCK;EUR;157;-0.01000000;1112;EXCHANGE_LAST;;1;1;XEUR;72060338522030170;639;
03.12.2024;13:48:12.977;FBTS SI 20250306 PS;SIMPLE_INSTRUMENT;BLOCK;EUR;157;107.91000000;1112;PRC_DECOMP_MEMBER;;;;XEUR;11286677;639;MEMBER
03.12.2024;13:48:12.977;FBTS SI 20241206 PS;SIMPLE_INSTRUMENT;BLOCK;EUR;157;107.90000000;1112;PRC_DECOMP_MEMBER;;;;XEUR;10804522;639;MEMBER
03.12.2024;13:47:53.253;FBTS.S.DEC24.MAR25.SPD;FUTURES_SPREAD;BLOCK;EUR;158;0.00000000;1113;EXCHANGE_LAST;;1;1;XEUR;72060338522030170;639;
03.12.2024;13:47:53.253;FBTS SI 20250306 PS;SIMPLE_INSTRUMENT;BLOCK;EUR;158;107.90000000;1113;PRC_DECOMP_MEMBER;;;;XEUR;11286677;639;MEMBER
03.12.2024;13:47:53.253;FBTS SI 20241206 PS;SIMPLE_INSTRUMENT;BLOCK;EUR;158;107.90000000;1113;PRC_DECOMP_MEMBER;;;;XEUR;10804522;639;MEMBER
03.12.2024;13:43:31.371;FBTS SI 20250306 PS;SIMPLE_INSTRUMENT;BLOCK;EUR;159;107.87000000;1048;EXCHANGE_LAST;;1;1;XEUR;11286677;639;
03.12.2024;13:55:50.122;FBTS SI 20241206 PS;SIMPLE_INSTRUMENT;BLOCK;EUR;163;107.87000000;940;EXCHANGE_LAST;;1;1;XEUR;10804522;639;
03.12.2024;13:56:34.557;FBTS SI 20241206 PS;SIMPLE_INSTRUMENT;BLOCK;EUR;164;107.90000000;1813;EXCHANGE_LAST;;1;1;XEUR;10804522;639;
03.12.2024;14:17:29.577;FBTS SI 20241206 PS;SIMPLE_INSTRUMENT;EFP_FIN;EUR;167;107.90000000;348;EXCHANGE_LAST;;1;1;XEUR;10804522;639;
03.12.2024;14:23:39.114;FBTS SI 20250306 PS;SIMPLE_INSTRUMENT;EFP_FIN;EUR;168;107.89000000;454;EXCHANGE_LAST;;1;1;XEUR;11286677;639;
03.12.2024;14:31:51.674;FBTS SI 20250306 PS;SIMPLE_INSTRUMENT;EFP_FIN;EUR;171;107.88000000;908;EXCHANGE_LAST;;1;1;XEUR;11286677;639;
03.12.2024;14:38:29.477;FBTS SI 20250306 PS;SIMPLE_INSTRUMENT;EFP_FIN;EUR;172;107.88000000;8624;EXCHANGE_LAST;;1;1;XEUR;11286677;639;
03.12.2024;14:38:30.108;FBTS SI 20241206 PS;SIMPLE_INSTRUMENT;BLOCK;EUR;173;107.90000000;561;EXCHANGE_LAST;;1;1;XEUR;10804522;639;
03.12.2024;14:49:09.325;FBTS SI 20250306 PS;SIMPLE_INSTRUMENT;EFP_FIN;EUR;174;107.88000000;228;EXCHANGE_LAST;;1;1;XEUR;11286677;639;
03.12.2024;14:55:02.703;FBTS SI 20241206 PS;SIMPLE_INSTRUMENT;EFP_FIN;EUR;176;107.87000000;1814;EXCHANGE_LAST;;1;1;XEUR;10804522;639;
03.12.2024;14:58:49.803;FBTS SI 20250306 PS;SIMPLE_INSTRUMENT;EFP_FIN;EUR;178;107.89000000;91;EXCHANGE_LAST;;1;1;XEUR;11286677;639;
03.12.2024;14:59:25.355;FBTS SI 20241206 PS;SIMPLE_INSTRUMENT;EFP_FIN;EUR;181;107.89000000;2209;EXCHANGE_LAST;;1;1;XEUR;10804522;639;
03.12.2024;15:21:44.655;FBTS.S.DEC24.MAR25.SPD;FUTURES_SPREAD;BLOCK;EUR;192;-0.01000000;556;EXCHANGE_LAST;;1;1;XEUR;72060338522030170;639;
03.12.2024;15:21:44.655;FBTS SI 20250306 PS;SIMPLE_INSTRUMENT;BLOCK;EUR;192;107.88000000;556;PRC_DECOMP_MEMBER;;;;XEUR;11286677;639;MEMBER
03.12.2024;15:21:44.655;FBTS SI 20241206 PS;SIMPLE_INSTRUMENT;BLOCK;EUR;192;107.87000000;556;PRC_DECOMP_MEMBER;;;;XEUR;10804522;639;MEMBER
03.12.2024;15:38:08.802;FBTS SI 20241206 PS;SIMPLE_INSTRUMENT;EFP_FIN;EUR;194;107.90000000;940;EXCHANGE_LAST;;1;1;XEUR;10804522;639;
03.12.2024;15:51:18.018;FBTS SI 20241206 PS;SIMPLE_INSTRUMENT;EFP_FIN;EUR;195;107.87000000;940;EXCHANGE_LAST;;1;1;XEUR;10804522;639;
03.12.2024;15:56:18.995;FBTS SI 20241206 PS;SIMPLE_INSTRUMENT;EFP_FIN;EUR;196;107.86000000;913;EXCHANGE_LAST;;1;1;XEUR;10804522;639;
03.12.2024;16:19:06.663;FBTS SI 20241206 PS;SIMPLE_INSTRUMENT;EFP_FIN;EUR;206;107.85000000;263;EXCHANGE_LAST;;1;1;XEUR;10804522;639;
03.12.2024;16:24:48.171;FBTS SI 20241206 PS;SIMPLE_INSTRUMENT;BLOCK;EUR;210;107.86000000;596;EXCHANGE_LAST;;1;1;XEUR;10804522;639;
03.12.2024;16:25:32.555;FBTS SI 20250306 PS;SIMPLE_INSTRUMENT;BLOCK;EUR;211;107.87000000;298;EXCHANGE_LAST;;1;1;XEUR;11286677;639;
03.12.2024;16:25:48.407;FBTS SI 20250306 PS;SIMPLE_INSTRUMENT;BLOCK;EUR;212;107.86000000;298;EXCHANGE_LAST;;1;1;XEUR;11286677;639;
03.12.2024;16:42:00.347;FBTS SI 20241206 PS;SIMPLE_INSTRUMENT;EFP_FIN;EUR;216;107.88000000;235;EXCHANGE_LAST;;1;1;XEUR;10804522;639;
03.12.2024;09:57:40.765;FCEU SI 20241216 PS;SIMPLE_INSTRUMENT;BLOCK;USD;2;1.05250000;306;EXCHANGE_LAST;;1;1;XEUR;7140363;369376;
03.12.2024;10:34:55.870;FCEU SI 20241216 PS;SIMPLE_INSTRUMENT;BLOCK;USD;3;1.05310000;107;EXCHANGE_LAST;;1;1;XEUR;7140363;369376;
03.12.2024;09:53:58.846;FCMU SI 20241216 CS;SIMPLE_INSTRUMENT;BLOCK;USD;1;0.04889000;100;EXCHANGE_LAST;;1;1;XEUR;10921066;570874;
03.12.2024;14:53:32.656;FCZU SI 20241216 CS;SIMPLE_INSTRUMENT;BLOCK;USD;4;0.05503000;130;EXCHANGE_LAST;;1;1;XEUR;10921064;570872;
03.12.2024;11:07:51.462;FD3D SI 20251219 CS;SIMPLE_INSTRUMENT;BLOCK;EUR;22;113.30000000;1000;EXCHANGE_LAST;;1;3;XEUR;5914068;588;
03.12.2024;12:37:02.794;FD3D SI 20281215 CS;SIMPLE_INSTRUMENT;BLOCK;EUR;33;105.20000000;750;EXCHANGE_LAST;;1;1;XEUR;10404969;588;
03.12.2024;09:54:51.241;FDAX SI 20241220 CS;SIMPLE_INSTRUMENT;VOLA;EUR;671088643;20010.00000000;14;EXCHANGE_LAST;;1;1;XEUR;7296065;589;
03.12.2024;08:54:00.847;FEBD.S.DEC26.DEC27.SPD;FUTURES_SPREAD;BLOCK;EUR;2;1.02000000;850;EXCHANGE_LAST;;1;1;XEUR;72060158133406985;597;
03.12.2024;08:54:00.847;FEBD SI 20271217 CS;SIMPLE_INSTRUMENT;BLOCK;EUR;2;8.28000000;850;PRC_DECOMP_MEMBER;;;;XEUR;7776307;597;MEMBER
03.12.2024;08:54:00.847;FEBD SI 20261218 CS;SIMPLE_INSTRUMENT;BLOCK;EUR;2;9.30000000;850;PRC_DECOMP_MEMBER;;;;XEUR;7158212;597;MEMBER
03.12.2024;09:31:40.462;FEBD.S.DEC26.DEC27.SPD;FUTURES_SPREAD;BLOCK;EUR;4;1.02000000;1000;EXCHANGE_LAST;;1;1;XEUR;72060158133406985;597;
03.12.2024;09:31:40.462;FEBD SI 20271217 CS;SIMPLE_INSTRUMENT;BLOCK;EUR;4;8.22000000;1000;PRC_DECOMP_EXCHANGE;;;;XEUR;7776307;597;EXCHANGE
03.12.2024;09:31:40.462;FEBD SI 20261218 CS;SIMPLE_INSTRUMENT;BLOCK;EUR;4;9.24000000;1000;PRC_DECOMP_EXCHANGE;;;;XEUR;7158212;597;EXCHANGE
03.12.2024;16:18:56.664;FES1 SI 20241220 PS;SIMPLE_INSTRUMENT;BLOCK;EUR;47;9.90000000;375;EXCHANGE_LAST;;1;1;XEUR;10869579;58959;
03.12.2024;16:19:02.658;FES1 SI 20241220 PS;SIMPLE_INSTRUMENT;BLOCK;EUR;48;9.80000000;125;EXCHANGE_LAST;;1;1;XEUR;10869579;58959;
03.12.2024;16:26:17.456;FES1 SI 20241220 PS;SIMPLE_INSTRUMENT;BLOCK;EUR;49;9.80000000;125;EXCHANGE_LAST;;1;1;XEUR;10869579;58959;
03.12.2024;16:26:23.845;FES1 SI 20241220 PS;SIMPLE_INSTRUMENT;BLOCK;EUR;50;9.90000000;375;EXCHANGE_LAST;;1;1;XEUR;10869579;58959;
03.12.2024;09:04:15.610;FESB SI 20241220 CS;SIMPLE_INSTRUMENT;BLOCK;EUR;29;142.15000000;2100;EXCHANGE_LAST;;1;1;XEUR;10838895;605;
03.12.2024;10:01:34.028;FESB SI 20241220 CS;SIMPLE_INSTRUMENT;BLOCK;EUR;33;141.75000000;5500;EXCHANGE_LAST;;1;1;XEUR;10838895;605;
03.12.2024;11:15:00.820;FESB SI 20241220 CS;SIMPLE_INSTRUMENT;BLOCK;EUR;38;141.00000000;5000;EXCHANGE_LAST;;1;1;XEUR;10838895;605;
03.12.2024;14:21:47.968;FESB SI 20241220 CS;SIMPLE_INSTRUMENT;BLOCK;EUR;42;141.30000000;4320;EXCHANGE_LAST;;1;1;XEUR;10838895;605;
03.12.2024;16:14:31.227;FESB SI 20241220 CS;SIMPLE_INSTRUMENT;BLOCK;EUR;44;141.10000000;4600;EXCHANGE_LAST;;1;1;XEUR;10838895;605;
03.12.2024;09:32:51.740;FESM SI 20241220 CS;SIMPLE_INSTRUMENT;BLOCK;EUR;2;366.30000000;711;EXCHANGE_LAST;;1;1;XEUR;10839468;683;
03.12.2024;09:29:52.704;FESV SI 20241220 CS;SIMPLE_INSTRUMENT;BLOCK;EUR;1;240.30000000;1115;EXCHANGE_LAST;;1;1;XEUR;10839065;672;
03.12.2024;09:12:11.810;FESX SI 20241220 CS;SIMPLE_INSTRUMENT;BLOCK;EUR;1;4900.00000000;2000;EXCHANGE_LAST;;1;1;XEUR;7793479;675;
03.12.2024;10:00:42.828;FESX SI 20241220 CS;SIMPLE_INSTRUMENT;BLOCK;EUR;2;4889.00000000;3223;EXCHANGE_LAST;;1;1;XEUR;7793479;675;
03.12.2024;10:07:30.037;FESX SI 20241220 CS;SIMPLE_INSTRUMENT;BLOCK;EUR;3;4892.00000000;2101;EXCHANGE_LAST;;1;1;XEUR;7793479;675;
03.12.2024;10:44:54.916;FESX.S.DEC24.MAR25.SPD;FUTURES_SPREAD;BLOCK;EUR;4;-25.55000000;4500;EXCHANGE_LAST;;1;1;XEUR;72060493140861185;675;
03.12.2024;10:44:54.916;FESX SI 20250321 CS;SIMPLE_INSTRUMENT;BLOCK;EUR;4;4912.00000000;4500;PRC_DECOMP_EXCHANGE;;;;XEUR;7793482;675;EXCHANGE
03.12.2024;10:44:54.916;FESX SI 20241220 CS;SIMPLE_INSTRUMENT;BLOCK;EUR;4;4886.45000000;4500;PRC_DECOMP_EXCHANGE;;;;XEUR;7793479;675;EXCHANGE
03.12.2024;15:37:10.240;FESX SI 20241220 CS;SIMPLE_INSTRUMENT;BLOCK;EUR;5;4868.00000000;7000;EXCHANGE_LAST;;1;1;XEUR;7793479;675;
03.12.2024;16:41:04.324;FESX SI 20241220 CS;SIMPLE_INSTRUMENT;EFP_IDX;EUR;6;4888.00000000;222;EXCHANGE_LAST;;1;1;XEUR;7793479;675;
03.12.2024;16:40:56.255;FESX SI 20241220 CS;SIMPLE_INSTRUMENT;EFP_IDX;EUR;7;4889.00000000;78;EXCHANGE_LAST;;1;1;XEUR;7793479;675;
03.12.2024;16:46:01.839;FESX SI 20241220 CS;SIMPLE_INSTRUMENT;EFP_IDX;EUR;8;4888.00000000;123;EXCHANGE_LAST;;1;1;XEUR;7793479;675;
03.12.2024;16:45:49.269;FESX SI 20241220 CS;SIMPLE_INSTRUMENT;EFP_IDX;EUR;9;4889.00000000;77;EXCHANGE_LAST;;1;1;XEUR;7793479;675;
03.12.2024;16:49:20.035;FESX SI 20241220 CS;SIMPLE_INSTRUMENT;EFP_IDX;EUR;10;4889.00000000;770;EXCHANGE_LAST;;1;1;XEUR;7793479;675;
03.12.2024;16:49:31.793;FESX SI 20241220 CS;SIMPLE_INSTRUMENT;EFP_IDX;EUR;11;4888.00000000;1230;EXCHANGE_LAST;;1;1;XEUR;7793479;675;
03.12.2024;16:49:49.138;FESX SI 20241220 CS;SIMPLE_INSTRUMENT;EFP_IDX;EUR;12;4888.00000000;1230;EXCHANGE_LAST;;1;1;XEUR;7793479;675;
03.12.2024;16:50:00.599;FESX SI 20241220 CS;SIMPLE_INSTRUMENT;EFP_IDX;EUR;13;4889.00000000;770;EXCHANGE_LAST;;1;1;XEUR;7793479;675;
03.12.2024;16:50:04.412;FESX SI 20241220 CS;SIMPLE_INSTRUMENT;EFP_IDX;EUR;14;4888.00000000;246;EXCHANGE_LAST;;1;1;XEUR;7793479;675;
03.12.2024;16:50:13.014;FESX SI 20241220 CS;SIMPLE_INSTRUMENT;EFP_IDX;EUR;15;4889.00000000;154;EXCHANGE_LAST;;1;1;XEUR;7793479;675;
03.12.2024;16:50:20.369;FESX SI 20241220 CS;SIMPLE_INSTRUMENT;EFP_IDX;EUR;16;4889.00000000;130;EXCHANGE_LAST;;1;1;XEUR;7793479;675;
03.12.2024;16:50:24.123;FESX SI 20241220 CS;SIMPLE_INSTRUMENT;EFP_IDX;EUR;17;4888.00000000;370;EXCHANGE_LAST;;1;1;XEUR;7793479;675;
03.12.2024;16:56:02.686;FESX SI 20241220 CS;SIMPLE_INSTRUMENT;EFP_IDX;EUR;18;4888.00000000;101;EXCHANGE_LAST;;1;1;XEUR;7793479;675;
03.12.2024;16:56:21.367;FESX SI 20241220 CS;SIMPLE_INSTRUMENT;EFP_IDX;EUR;19;4889.00000000;35;EXCHANGE_LAST;;1;1;XEUR;7793479;675;
03.12.2024;08:23:19.079;FESX SI 20241220 CS;SIMPLE_INSTRUMENT;VOLA;EUR;637534213;4890.00000000;150;EXCHANGE_LAST;;1;1;XEUR;7793479;675;
03.12.2024;08:31:36.136;FESX SI 20241220 CS;SIMPLE_INSTRUMENT;VOLA;EUR;637534215;4890.00000000;288;EXCHANGE_LAST;;1;1;XEUR;7793479;675;
03.12.2024;08:59:15.625;FESX SI 20241220 CS;SIMPLE_INSTRUMENT;VOLA;EUR;637534222;4905.00000000;1260;EXCHANGE_LAST;;1;1;XEUR;7793479;675;
03.12.2024;08:55:44.065;FESX SI 20241220 CS;SIMPLE_INSTRUMENT;VOLA;EUR;637534223;4905.00000000;1260;EXCHANGE_LAST;;1;1;XEUR;7793479;675;
03.12.2024;08:51:55.308;FESX SI 20241220 CS;SIMPLE_INSTRUMENT;VOLA;EUR;637534225;4905.00000000;26;EXCHANGE_LAST;;1;1;XEUR;7793479;675;
03.12.2024;09:02:30.682;FESX SI 20241220 CS;SIMPLE_INSTRUMENT;VOLA;EUR;637534232;4910.00000000;195;EXCHANGE_LAST;;1;1;XEUR;7793479;675;
03.12.2024;09:13:38.281;FESX SI 20241220 CS;SIMPLE_INSTRUMENT;VOLA;EUR;637534240;4895.00000000;409;EXCHANGE_LAST;;1;1;XEUR;7793479;675;
03.12.2024;09:32:02.989;FESX SI 20241220 CS;SIMPLE_INSTRUMENT;VOLA;EUR;637534255;4897.00000000;944;EXCHANGE_LAST;;1;1;XEUR;7793479;675;
03.12.2024;09:41:15.532;FESX SI 20241220 CS;SIMPLE_INSTRUMENT;VOLA;EUR;637534263;4895.00000000;233;EXCHANGE_LAST;;1;1;XEUR;7793479;675;
03.12.2024;09:55:50.521;FESX SI 20241220 CS;SIMPLE_INSTRUMENT;VOLA;EUR;637534275;4890.00000000;72;EXCHANGE_LAST;;1;1;XEUR;7793479;675;
03.12.2024;09:56:14.151;FESX SI 20241220 CS;SIMPLE_INSTRUMENT;VOLA;EUR;637534276;4890.00000000;45;EXCHANGE_LAST;;1;1;XEUR;7793479;675;
03.12.2024;10:09:56.186;FESX SI 20241220 CS;SIMPLE_INSTRUMENT;VOLA;EUR;637534293;4895.00000000;1355;EXCHANGE_LAST;;1;1;XEUR;7793479;675;
03.12.2024;10:41:43.642;FESX SI 20241220 CS;SIMPLE_INSTRUMENT;VOLA;EUR;637534304;4888.00000000;493;EXCHANGE_LAST;;1;1;XEUR;7793479;675;
03.12.2024;12:32:11.891;FESX SI 20241220 CS;SIMPLE_INSTRUMENT;VOLA;EUR;637534336;4882.00000000;20;EXCHANGE_LAST;;1;1;XEUR;7793479;675;
03.12.2024;13:12:13.766;FESX SI 20241220 CS;SIMPLE_INSTRUMENT;VOLA;EUR;637534346;4890.00000000;40;EXCHANGE_LAST;;1;1;XEUR;7793479;675;
03.12.2024;14:12:31.338;FESX SI 20241220 CS;SIMPLE_INSTRUMENT;VOLA;EUR;637534372;4882.00000000;200;EXCHANGE_LAST;;1;1;XEUR;7793479;675;
03.12.2024;14:28:56.693;FESX SI 20241220 CS;SIMPLE_INSTRUMENT;VOLA;EUR;637534375;4870.00000000;90;EXCHANGE_LAST;;1;1;XEUR;7793479;675;
03.12.2024;15:04:43.713;FESX SI 20241220 CS;SIMPLE_INSTRUMENT;VOLA;EUR;637534385;4900.00000000;1250;EXCHANGE_LAST;;1;1;XEUR;7793479;675;
03.12.2024;15:34:18.689;FESX SI 20241220 CS;SIMPLE_INSTRUMENT;VOLA;EUR;637534392;4870.00000000;650;EXCHANGE_LAST;;1;1;XEUR;7793479;675;
03.12.2024;16:05:31.450;FESX SI 20241220 CS;SIMPLE_INSTRUMENT;VOLA;EUR;637534407;4882.00000000;280;EXCHANGE_LAST;;1;1;XEUR;7793479;675;
03.12.2024;09:30:53.075;FESY SI 20241220 CS;SIMPLE_INSTRUMENT;BLOCK;EUR;3;1048.50000000;253;EXCHANGE_LAST;;1;1;XEUR;10839149;674;
03.12.2024;08:13:56.340;FEXD SI 20251219 CS;SIMPLE_INSTRUMENT;BLOCK;EUR;1;159.10000000;1000;EXCHANGE_LAST;;1;1;XEUR;1548120;693;
03.12.2024;09:29:26.879;FEXD SI 20261218 CS;SIMPLE_INSTRUMENT;BLOCK;EUR;3;151.60000000;500;EXCHANGE_LAST;;1;1;XEUR;2163053;693;
03.12.2024;09:39:11.169;FEXD SI 20271217 CS;SIMPLE_INSTRUMENT;BLOCK;EUR;5;145.20000000;125;EXCHANGE_LAST;;1;1;XEUR;2848338;693;
03.12.2024;09:39:25.643;FEXD SI 20291221 CS;SIMPLE_INSTRUMENT;BLOCK;EUR;6;135.30000000;125;EXCHANGE_LAST;;1;1;XEUR;4631968;693;
03.12.2024;09:44:16.069;FEXD SI 20261218 CS;SIMPLE_INSTRUMENT;BLOCK;EUR;7;151.20000000;100;EXCHANGE_LAST;;1;1;XEUR;2163053;693;
03.12.2024;09:49:30.556;FEXD SI 20261218 CS;SIMPLE_INSTRUMENT;BLOCK;EUR;9;151.10000000;2500;EXCHANGE_LAST;;1;1;XEUR;2163053;693;
03.12.2024;09:50:10.050;FEXD SI 20261218 CS;SIMPLE_INSTRUMENT;BLOCK;EUR;10;151.10000000;500;EXCHANGE_LAST;;1;1;XEUR;2163053;693;
03.12.2024;09:52:57.451;FEXD SI 20251219 CS;SIMPLE_INSTRUMENT;BLOCK;EUR;11;158.70000000;250;EXCHANGE_LAST;;1;1;XEUR;1548120;693;
03.12.2024;10:15:00.219;FEXD SI 20251219 CS;SIMPLE_INSTRUMENT;BLOCK;EUR;13;158.80000000;250;EXCHANGE_LAST;;1;1;XEUR;1548120;693;
03.12.2024;10:23:14.205;FEXD SI 20261218 CS;SIMPLE_INSTRUMENT;BLOCK;EUR;15;151.10000000;750;EXCHANGE_LAST;;1;1;XEUR;2163053;693;
03.12.2024;11:47:23.535;FEXD SI 20251219 CS;SIMPLE_INSTRUMENT;BLOCK;EUR;29;158.60000000;1750;EXCHANGE_LAST;;1;2;XEUR;1548120;693;
03.12.2024;12:19:08.979;FEXD SI 20261218 CS;SIMPLE_INSTRUMENT;BLOCK;EUR;31;151.00000000;108;EXCHANGE_LAST;;1;1;XEUR;2163053;693;
03.12.2024;12:18:56.115;FEXD SI 20251219 CS;SIMPLE_INSTRUMENT;BLOCK;EUR;32;158.60000000;108;EXCHANGE_LAST;;1;1;XEUR;1548120;693;
03.12.2024;13:11:13.009;FEXD SI 20251219 CS;SIMPLE_INSTRUMENT;BLOCK;EUR;34;158.70000000;500;EXCHANGE_LAST;;1;1;XEUR;1548120;693;
03.12.2024;14:01:06.942;FEXD SI 20251219 CS;SIMPLE_INSTRUMENT;BLOCK;EUR;35;158.70000000;750;EXCHANGE_LAST;;1;2;XEUR;1548120;693;
03.12.2024;15:02:47.040;FEXD SI 20251219 CS;SIMPLE_INSTRUMENT;BLOCK;EUR;37;159.60000000;100;EXCHANGE_LAST;;1;1;XEUR;1548120;693;
03.12.2024;15:47:01.916;FEXD SI 20251219 CS;SIMPLE_INSTRUMENT;BLOCK;EUR;41;158.60000000;300;EXCHANGE_LAST;;1;1;XEUR;1548120;693;
03.12.2024;15:47:24.035;FEXD SI 20251219 CS;SIMPLE_INSTRUMENT;BLOCK;EUR;42;158.70000000;300;EXCHANGE_LAST;;1;1;XEUR;1548120;693;
03.12.2024;16:12:49.377;FFOX SI 20241220 CS;SIMPLE_INSTRUMENT;BLOCK;EUR;6;4403.20000000;200;EXCHANGE_LAST;;1;1;XEUR;10839549;695;
03.12.2024;07:51:55.881;FGBL SI 20241206 PS;SIMPLE_INSTRUMENT;EFS;EUR;1;135.32000000;430;EXCHANGE_LAST;;1;1;XEUR;10804524;688;
03.12.2024;08:16:46.941;FGBL SI 20241206 PS;SIMPLE_INSTRUMENT;EFS;EUR;2;135.27000000;215;EXCHANGE_LAST;;1;1;XEUR;10804524;688;
03.12.2024;08:18:51.938;FGBL SI 20250306 PS;SIMPLE_INSTRUMENT;EFS;EUR;3;136.97000000;91;EXCHANGE_LAST;;1;1;XEUR;11286679;688;
03.12.2024;08:20:53.460;FGBL SI 20241206 PS;SIMPLE_INSTRUMENT;EFS;EUR;4;135.30000000;215;EXCHANGE_LAST;;1;1;XEUR;10804524;688;
03.12.2024;08:21:44.688;FGBL SI 20241206 PS;SIMPLE_INSTRUMENT;EFS;EUR;5;135.27000000;215;EXCHANGE_LAST;;1;1;XEUR;10804524;688;
03.12.2024;08:22:42.271;FGBL SI 20250306 PS;SIMPLE_INSTRUMENT;EFS;EUR;7;136.98000000;172;EXCHANGE_LAST;;1;1;XEUR;11286679;688;
03.12.2024;08:23:03.782;FGBL SI 20250306 PS;SIMPLE_INSTRUMENT;BLOCK;EUR;8;136.95000000;3377;EXCHANGE_LAST;;1;1;XEUR;11286679;688;
03.12.2024;08:23:07.806;FGBL SI 20250306 PS;SIMPLE_INSTRUMENT;BLOCK;EUR;9;136.96000000;3377;EXCHANGE_LAST;;1;1;XEUR;11286679;688;
03.12.2024;08:25:18.372;FGBL SI 20250306 PS;SIMPLE_INSTRUMENT;EFS;EUR;10;136.97000000;862;EXCHANGE_LAST;;1;1;XEUR;11286679;688;
03.12.2024;08:33:26.120;FGBL SI 20241206 PS;SIMPLE_INSTRUMENT;BLOCK;EUR;11;135.24000000;7557;EXCHANGE_LAST;;1;1;XEUR;10804524;688;
03.12.2024;08:34:23.379;FGBL SI 20241206 PS;SIMPLE_INSTRUMENT;EFP_FIN;EUR;12;135.29000000;1937;EXCHANGE_LAST;;1;1;XEUR;10804524;688;
03.12.2024;08:46:43.415;FGBL SI 20241206 PS;SIMPLE_INSTRUMENT;EFS;EUR;13;135.16000000;955;EXCHANGE_LAST;;1;1;XEUR;10804524;688;
03.12.2024;08:46:57.074;FGBL SI 20241206 PS;SIMPLE_INSTRUMENT;BLOCK;EUR;14;135.18000000;7000;EXCHANGE_LAST;;1;1;XEUR;10804524;688;
03.12.2024;08:47:37.342;FGBL SI 20250306 PS;SIMPLE_INSTRUMENT;BLOCK;EUR;15;136.88000000;3500;EXCHANGE_LAST;;1;1;XEUR;11286679;688;
03.12.2024;08:48:04.120;FGBL SI 20250306 PS;SIMPLE_INSTRUMENT;BLOCK;EUR;16;136.89000000;3500;EXCHANGE_LAST;;1;1;XEUR;11286679;688;
03.12.2024;08:57:17.448;FGBL SI 20241206 PS;SIMPLE_INSTRUMENT;EFS;EUR;17;135.19000000;363;EXCHANGE_LAST;;1;1;XEUR;10804524;688;
03.12.2024;08:58:20.451;FGBL SI 20250306 PS;SIMPLE_INSTRUMENT;EFS;EUR;18;136.90000000;363;EXCHANGE_LAST;;1;1;XEUR;11286679;688;
03.12.2024;09:00:10.712;FGBL SI 20241206 PS;SIMPLE_INSTRUMENT;EFP_FIN;EUR;19;135.28000000;612;EXCHANGE_LAST;;1;1;XEUR;10804524;688;
03.12.2024;09:00:43.188;FGBL SI 20250306 PS;SIMPLE_INSTRUMENT;EFS;EUR;20;136.85000000;345;EXCHANGE_LAST;;1;1;XEUR;11286679;688;
03.12.2024;09:06:20.498;FGBL SI 20241206 PS;SIMPLE_INSTRUMENT;EFS;EUR;21;135.25000000;194;EXCHANGE_LAST;;1;1;XEUR;10804524;688;
03.12.2024;09:05:23.743;FGBL SI 20241206 PS;SIMPLE_INSTRUMENT;BLOCK;EUR;22;135.16000000;5135;EXCHANGE_LAST;;1;1;XEUR;10804524;688;
03.12.2024;09:06:30.784;FGBL SI 20250306 PS;SIMPLE_INSTRUMENT;EFS;EUR;23;136.96000000;181;EXCHANGE_LAST;;1;1;XEUR;11286679;688;
03.12.2024;09:06:22.617;FGBL SI 20250306 PS;SIMPLE_INSTRUMENT;BLOCK;EUR;24;136.84000000;2441;EXCHANGE_LAST;;1;1;XEUR;11286679;688;
03.12.2024;09:06:34.770;FGBL SI 20250306 PS;SIMPLE_INSTRUMENT;BLOCK;EUR;25;136.85000000;2441;EXCHANGE_LAST;;1;1;XEUR;11286679;688;
03.12.2024;09:08:53.561;FGBL SI 20250306 PS;SIMPLE_INSTRUMENT;EFS;EUR;26;136.84000000;750;EXCHANGE_LAST;;1;1;XEUR;11286679;688;
03.12.2024;09:09:18.219;FGBL SI 20250306 PS;SIMPLE_INSTRUMENT;EFP_FIN;EUR;27;136.84000000;167;EXCHANGE_LAST;;1;1;XEUR;11286679;688;
03.12.2024;09:14:55.064;FGBL SI 20241206 PS;SIMPLE_INSTRUMENT;EFP_FIN;EUR;28;135.15000000;775;EXCHANGE_LAST;;1;1;XEUR;10804524;688;
03.12.2024;09:15:00.366;FGBL SI 20241206 PS;SIMPLE_INSTRUMENT;EFP_FIN;EUR;29;135.17000000;218;EXCHANGE_LAST;;1;1;XEUR;10804524;688;
03.12.2024;09:19:12.237;FGBL SI 20241206 PS;SIMPLE_INSTRUMENT;EFP_FIN;EUR;30;135.14000000;775;EXCHANGE_LAST;;1;1;XEUR;10804524;688;
03.12.2024;09:22:33.238;FGBL SI 20241206 PS;SIMPLE_INSTRUMENT;EFS;EUR;31;135.20000000;1024;EXCHANGE_LAST;;1;1;XEUR;10804524;688;
03.12.2024;09:22:45.525;FGBL SI 20241206 PS;SIMPLE_INSTRUMENT;EFP_FIN;EUR;32;135.15000000;907;EXCHANGE_LAST;;1;1;XEUR;10804524;688;
03.12.2024;09:27:12.595;FGBL SI 20250306 PS;SIMPLE_INSTRUMENT;EFS;EUR;33;136.96000000;1359;EXCHANGE_LAST;;1;1;XEUR;11286679;688;
03.12.2024;09:30:03.744;FGBL SI 20241206 PS;SIMPLE_INSTRUMENT;EFS;EUR;34;135.15000000;215;EXCHANGE_LAST;;1;1;XEUR;10804524;688;
03.12.2024;09:31:05.686;FGBL SI 20250306 PS;SIMPLE_INSTRUMENT;EFS;EUR;35;136.82000000;1078;EXCHANGE_LAST;;1;1;XEUR;11286679;688;
03.12.2024;09:31:09.551;FGBL SI 20250306 PS;SIMPLE_INSTRUMENT;EFS;EUR;36;136.81000000;454;EXCHANGE_LAST;;1;1;XEUR;11286679;688;
03.12.2024;09:31:35.875;FGBL SI 20241206 PS;SIMPLE_INSTRUMENT;EFS;EUR;37;135.12000000;215;EXCHANGE_LAST;;1;1;XEUR;10804524;688;
03.12.2024;09:34:47.586;FGBL SI 20250306 PS;SIMPLE_INSTRUMENT;EFP_FIN;EUR;38;136.79000000;743;EXCHANGE_LAST;;1;1;XEUR;11286679;688;
03.12.2024;09:33:49.012;FGBL SI 20241206 PS;SIMPLE_INSTRUMENT;EFS;EUR;39;135.06000000;975;EXCHANGE_LAST;;1;1;XEUR;10804524;688;
03.12.2024;09:33:30.910;FGBL SI 20241206 PS;SIMPLE_INSTRUMENT;EFS;EUR;40;135.11000000;215;EXCHANGE_LAST;;1;1;XEUR;10804524;688;
03.12.2024;09:34:45.763;FGBL SI 20250306 PS;SIMPLE_INSTRUMENT;EFS;EUR;41;136.73000000;908;EXCHANGE_LAST;;1;1;XEUR;11286679;688;
03.12.2024;09:35:18.565;FGBL SI 20250306 PS;SIMPLE_INSTRUMENT;EFS;EUR;42;136.83000000;1078;EXCHANGE_LAST;;1;1;XEUR;11286679;688;
03.12.2024;09:37:19.435;FGBL SI 20241206 PS;SIMPLE_INSTRUMENT;EFP_FIN;EUR;43;135.15000000;387;EXCHANGE_LAST;;1;1;XEUR;10804524;688;
03.12.2024;09:38:12.767;FGBL SI 20241206 PS;SIMPLE_INSTRUMENT;EFP_FIN;EUR;44;135.08000000;1162;EXCHANGE_LAST;;1;1;XEUR;10804524;688;
03.12.2024;09:45:13.997;FGBL SI 20241206 PS;SIMPLE_INSTRUMENT;EFS;EUR;45;135.11000000;95;EXCHANGE_LAST;;1;1;XEUR;10804524;688;
03.12.2024;09:45:37.596;FGBL SI 20250306 PS;SIMPLE_INSTRUMENT;EFS;EUR;46;136.77000000;640;EXCHANGE_LAST;;1;1;XEUR;11286679;688;
03.12.2024;09:46:54.991;FGBL SI 20241206 PS;SIMPLE_INSTRUMENT;BLOCK;EUR;47;135.10000000;5655;EXCHANGE_LAST;;1;1;XEUR;10804524;688;
03.12.2024;09:48:05.814;FGBL SI 20241206 PS;SIMPLE_INSTRUMENT;EFS;EUR;48;135.07000000;1215;EXCHANGE_LAST;;1;1;XEUR;10804524;688;
03.12.2024;09:48:20.268;FGBL SI 20250306 PS;SIMPLE_INSTRUMENT;BLOCK;EUR;49;136.78000000;2827;EXCHANGE_LAST;;1;1;XEUR;11286679;688;
03.12.2024;09:48:20.307;FGBL SI 20250306 PS;SIMPLE_INSTRUMENT;BLOCK;EUR;50;136.79000000;2828;EXCHANGE_LAST;;1;1;XEUR;11286679;688;
03.12.2024;09:49:01.319;FGBL SI 20250306 PS;SIMPLE_INSTRUMENT;EFS;EUR;51;136.76000000;1154;EXCHANGE_LAST;;1;1;XEUR;11286679;688;
03.12.2024;09:50:15.925;FGBL SI 20250306 PS;SIMPLE_INSTRUMENT;EFS;EUR;52;136.84000000;1750;EXCHANGE_LAST;;1;1;XEUR;11286679;688;
03.12.2024;09:50:57.975;FGBL SI 20241206 PS;SIMPLE_INSTRUMENT;EFS;EUR;53;135.15000000;1843;EXCHANGE_LAST;;1;1;XEUR;10804524;688;
03.12.2024;09:51:29.899;FGBL SI 20241206 PS;SIMPLE_INSTRUMENT;EFP_FIN;EUR;54;135.07000000;64;EXCHANGE_LAST;;1;1;XEUR;10804524;688;
03.12.2024;09:51:37.223;FGBL SI 20241206 PS;SIMPLE_INSTRUMENT;EFS;EUR;55;135.06000000;215;EXCHANGE_LAST;;1;1;XEUR;10804524;688;
03.12.2024;09:52:32.997;FGBL SI 20241206 PS;SIMPLE_INSTRUMENT;EFS;EUR;56;135.06000000;215;EXCHANGE_LAST;;1;1;XEUR;10804524;688;
03.12.2024;09:54:06.933;FGBL SI 20241206 PS;SIMPLE_INSTRUMENT;EFP_FIN;EUR;57;135.08000000;542;EXCHANGE_LAST;;1;1;XEUR;10804524;688;
03.12.2024;09:54:41.751;FGBL SI 20241206 PS;SIMPLE_INSTRUMENT;EFS;EUR;58;135.07000000;215;EXCHANGE_LAST;;1;1;XEUR;10804524;688;
03.12.2024;09:58:56.954;FGBL SI 20241206 PS;SIMPLE_INSTRUMENT;EFS;EUR;60;135.08000000;215;EXCHANGE_LAST;;1;1;XEUR;10804524;688;
03.12.2024;09:59:13.920;FGBL SI 20241206 PS;SIMPLE_INSTRUMENT;EFP_FIN;EUR;61;135.08000000;335;EXCHANGE_LAST;;1;1;XEUR;10804524;688;
03.12.2024;10:00:07.263;FGBL SI 20241206 PS;SIMPLE_INSTRUMENT;EFS;EUR;62;135.07000000;215;EXCHANGE_LAST;;1;1;XEUR;10804524;688;
03.12.2024;10:08:41.589;FGBL SI 20241206 PS;SIMPLE_INSTRUMENT;EFP_FIN;EUR;63;135.07000000;422;EXCHANGE_LAST;;1;1;XEUR;10804524;688;
03.12.2024;10:04:53.747;FGBL SI 20241206 PS;SIMPLE_INSTRUMENT;EFP_FIN;EUR;64;135.07000000;1240;EXCHANGE_LAST;;1;1;XEUR;10804524;688;
03.12.2024;10:05:23.794;FGBL SI 20241206 PS;SIMPLE_INSTRUMENT;EFP_FIN;EUR;65;135.08000000;670;EXCHANGE_LAST;;1;1;XEUR;10804524;688;
03.12.2024;10:07:10.663;FGBL SI 20241206 PS;SIMPLE_INSTRUMENT;EFP_FIN;EUR;66;135.07000000;797;EXCHANGE_LAST;;1;1;XEUR;10804524;688;
03.12.2024;10:09:13.241;FGBL SI 20241206 PS;SIMPLE_INSTRUMENT;EFS;EUR;67;135.09000000;301;EXCHANGE_LAST;;1;1;XEUR;10804524;688;
03.12.2024;10:09:26.372;FGBL SI 20241206 PS;SIMPLE_INSTRUMENT;EFS;EUR;69;135.09000000;284;EXCHANGE_LAST;;1;1;XEUR;10804524;688;
03.12.2024;10:11:10.243;FGBL SI 20241206 PS;SIMPLE_INSTRUMENT;BLOCK;EUR;70;135.07000000;2152;EXCHANGE_LAST;;1;1;XEUR;10804524;688;
03.12.2024;10:12:16.386;FGBL SI 20250306 PS;SIMPLE_INSTRUMENT;BLOCK;EUR;71;136.75000000;2000;EXCHANGE_LAST;;1;1;XEUR;11286679;688;
03.12.2024;10:12:28.741;FGBL SI 20241206 PS;SIMPLE_INSTRUMENT;EFS;EUR;72;135.06000000;430;EXCHANGE_LAST;;1;1;XEUR;10804524;688;
03.12.2024;10:13:46.803;FGBL SI 20241206 PS;SIMPLE_INSTRUMENT;EFS;EUR;73;135.08000000;430;EXCHANGE_LAST;;1;1;XEUR;10804524;688;
03.12.2024;10:14:03.884;FGBL SI 20241206 PS;SIMPLE_INSTRUMENT;EFS;EUR;74;135.06000000;430;EXCHANGE_LAST;;1;1;XEUR;10804524;688;
03.12.2024;10:14:07.235;FGBL SI 20241206 PS;SIMPLE_INSTRUMENT;EFS;EUR;75;135.07000000;430;EXCHANGE_LAST;;1;1;XEUR;10804524;688;
03.12.2024;10:15:56.527;FGBL SI 20241206 PS;SIMPLE_INSTRUMENT;EFS;EUR;76;135.05000000;215;EXCHANGE_LAST;;1;1;XEUR;10804524;688;
03.12.2024;10:16:50.850;FGBL SI 20241206 PS;SIMPLE_INSTRUMENT;EFS;EUR;77;135.07000000;215;EXCHANGE_LAST;;1;1;XEUR;10804524;688;
03.12.2024;10:17:41.197;FGBL SI 20241206 PS;SIMPLE_INSTRUMENT;EFS;EUR;78;135.07000000;454;EXCHANGE_LAST;;1;1;XEUR;10804524;688;
03.12.2024;10:21:09.254;FGBL SI 20241206 PS;SIMPLE_INSTRUMENT;EFS;EUR;79;135.01000000;215;EXCHANGE_LAST;;1;1;XEUR;10804524;688;
03.12.2024;10:24:20.367;FGBL SI 20241206 PS;SIMPLE_INSTRUMENT;EFP_FIN;EUR;80;135.15000000;387;EXCHANGE_LAST;;1;1;XEUR;10804524;688;
03.12.2024;10:25:35.634;FGBL SI 20241206 PS;SIMPLE_INSTRUMENT;BLOCK;EUR;81;135.01000000;11448;EXCHANGE_LAST;;1;1;XEUR;10804524;688;
03.12.2024;10:25:56.076;FGBL SI 20250306 PS;SIMPLE_INSTRUMENT;BLOCK;EUR;82;136.68000000;5724;EXCHANGE_LAST;;1;1;XEUR;11286679;688;
03.12.2024;10:26:00.687;FGBL SI 20241206 PS;SIMPLE_INSTRUMENT;EFS;EUR;83;135.01000000;227;EXCHANGE_LAST;;1;1;XEUR;10804524;688;
03.12.2024;10:26:02.740;FGBL SI 20250306 PS;SIMPLE_INSTRUMENT;BLOCK;EUR;84;136.69000000;5724;EXCHANGE_LAST;;1;1;XEUR;11286679;688;
03.12.2024;10:26:08.834;FGBL SI 20241206 PS;SIMPLE_INSTRUMENT;EFS;EUR;85;135.00000000;430;EXCHANGE_LAST;;1;1;XEUR;10804524;688;
03.12.2024;10:27:28.664;FGBL SI 20250306 PS;SIMPLE_INSTRUMENT;EFS;EUR;86;136.68000000;216;EXCHANGE_LAST;;1;1;XEUR;11286679;688;
03.12.2024;10:28:28.743;FGBL SI 20241206 PS;SIMPLE_INSTRUMENT;EFS;EUR;87;135.00000000;478;EXCHANGE_LAST;;1;1;XEUR;10804524;688;
03.12.2024;10:28:39.104;FGBL SI 20250306 PS;SIMPLE_INSTRUMENT;EFS;EUR;88;136.76000000;227;EXCHANGE_LAST;;1;1;XEUR;11286679;688;
03.12.2024;10:35:34.476;FGBL SI 20241206 PS;SIMPLE_INSTRUMENT;EFS;EUR;89;135.01000000;287;EXCHANGE_LAST;;1;1;XEUR;10804524;688;
03.12.2024;10:37:25.683;FGBL SI 20241206 PS;SIMPLE_INSTRUMENT;EFS;EUR;90;135.01000000;431;EXCHANGE_LAST;;1;1;XEUR;10804524;688;
03.12.2024;10:37:18.483;FGBL SI 20250306 PS;SIMPLE_INSTRUMENT;EFS;EUR;91;136.69000000;274;EXCHANGE_LAST;;1;1;XEUR;11286679;688;
03.12.2024;10:38:46.368;FGBL SI 20250306 PS;SIMPLE_INSTRUMENT;EFP_FIN;EUR;92;136.81000000;371;EXCHANGE_LAST;;1;1;XEUR;11286679;688;
03.12.2024;10:40:39.894;FGBL SI 20241206 PS;SIMPLE_INSTRUMENT;EFS;EUR;93;134.99000000;1912;EXCHANGE_LAST;;1;1;XEUR;10804524;688;
03.12.2024;10:41:48.099;FGBL SI 20250306 PS;SIMPLE_INSTRUMENT;EFS;EUR;94;136.66000000;1816;EXCHANGE_LAST;;1;1;XEUR;11286679;688;
03.12.2024;10:44:20.501;FGBL SI 20250306 PS;SIMPLE_INSTRUMENT;EFS;EUR;95;136.66000000;454;EXCHANGE_LAST;;1;1;XEUR;11286679;688;
03.12.2024;10:45:27.895;FGBL SI 20241206 PS;SIMPLE_INSTRUMENT;EFS;EUR;96;134.96000000;430;EXCHANGE_LAST;;1;1;XEUR;10804524;688;
03.12.2024;10:50:17.527;FGBL SI 20250306 PS;SIMPLE_INSTRUMENT;EFS;EUR;97;136.69000000;231;EXCHANGE_LAST;;1;1;XEUR;11286679;688;
03.12.2024;10:52:35.585;FGBL SI 20241206 PS;SIMPLE_INSTRUMENT;EFS;EUR;98;134.98000000;430;EXCHANGE_LAST;;1;1;XEUR;10804524;688;
03.12.2024;10:53:25.946;FGBL SI 20241206 PS;SIMPLE_INSTRUMENT;EFS;EUR;99;134.98000000;430;EXCHANGE_LAST;;1;1;XEUR;10804524;688;
03.12.2024;10:54:06.463;FGBL SI 20241206 PS;SIMPLE_INSTRUMENT;EFS;EUR;100;134.98000000;430;EXCHANGE_LAST;;1;1;XEUR;10804524;688;
03.12.2024;10:54:20.202;FGBL SI 20241206 PS;SIMPLE_INSTRUMENT;EFS;EUR;101;134.98000000;430;EXCHANGE_LAST;;1;1;XEUR;10804524;688;
03.12.2024;10:55:29.683;FGBL SI 20241206 PS;SIMPLE_INSTRUMENT;EFP_FIN;EUR;102;135.28000000;1162;EXCHANGE_LAST;;1;1;XEUR;10804524;688;
03.12.2024;10:56:13.591;FGBL SI 20250306 PS;SIMPLE_INSTRUMENT;EFS;EUR;103;136.66000000;172;EXCHANGE_LAST;;1;1;XEUR;11286679;688;
03.12.2024;10:57:39.008;FGBL SI 20241206 PS;SIMPLE_INSTRUMENT;EFS;EUR;104;134.98000000;909;EXCHANGE_LAST;;1;1;XEUR;10804524;688;
03.12.2024;10:58:52.047;FGBL SI 20241206 PS;SIMPLE_INSTRUMENT;BLOCK;EUR;105;134.96000000;4000;EXCHANGE_LAST;;1;1;XEUR;10804524;688;
03.12.2024;10:59:01.048;FGBL SI 20250306 PS;SIMPLE_INSTRUMENT;BLOCK;EUR;106;136.63000000;2000;EXCHANGE_LAST;;1;1;XEUR;11286679;688;
03.12.2024;10:59:09.048;FGBL SI 20250306 PS;SIMPLE_INSTRUMENT;BLOCK;EUR;107;136.64000000;2000;EXCHANGE_LAST;;1;1;XEUR;11286679;688;
03.12.2024;11:01:45.192;FGBL SI 20250306 PS;SIMPLE_INSTRUMENT;EFS;EUR;108;136.62000000;864;EXCHANGE_LAST;;1;1;XEUR;11286679;688;
03.12.2024;11:03:26.235;FGBL SI 20241206 PS;SIMPLE_INSTRUMENT;EFS;EUR;109;135.00000000;2325;EXCHANGE_LAST;;1;1;XEUR;10804524;688;
03.12.2024;11:04:06.840;FGBL SI 20250306 PS;SIMPLE_INSTRUMENT;EFS;EUR;110;136.66000000;432;EXCHANGE_LAST;;1;1;XEUR;11286679;688;
03.12.2024;11:04:26.983;FGBL SI 20250306 PS;SIMPLE_INSTRUMENT;EFS;EUR;111;136.68000000;2207;EXCHANGE_LAST;;1;1;XEUR;11286679;688;
03.12.2024;11:07:07.258;FGBL SI 20241206 PS;SIMPLE_INSTRUMENT;EFS;EUR;112;134.97000000;933;EXCHANGE_LAST;;1;1;XEUR;10804524;688;
03.12.2024;11:17:58.559;FGBL SI 20241206 PS;SIMPLE_INSTRUMENT;EFS;EUR;113;135.02000000;430;EXCHANGE_LAST;;1;1;XEUR;10804524;688;
03.12.2024;11:18:45.124;FGBL SI 20241206 PS;SIMPLE_INSTRUMENT;EFS;EUR;114;134.96000000;183;EXCHANGE_LAST;;1;1;XEUR;10804524;688;
03.12.2024;11:18:46.823;FGBL SI 20241206 PS;SIMPLE_INSTRUMENT;EFS;EUR;115;135.02000000;215;EXCHANGE_LAST;;1;1;XEUR;10804524;688;
03.12.2024;11:19:47.129;FGBL SI 20250306 PS;SIMPLE_INSTRUMENT;EFS;EUR;116;136.66000000;172;EXCHANGE_LAST;;1;1;XEUR;11286679;688;
03.12.2024;11:21:04.790;FGBL SI 20241206 PS;SIMPLE_INSTRUMENT;EFP_FIN;EUR;117;135.04000000;232;EXCHANGE_LAST;;1;1;XEUR;10804524;688;
03.12.2024;11:26:58.120;FGBL SI 20241206 PS;SIMPLE_INSTRUMENT;EFS;EUR;118;135.04000000;430;EXCHANGE_LAST;;1;1;XEUR;10804524;688;
03.12.2024;11:27:13.143;FGBL SI 20241206 PS;SIMPLE_INSTRUMENT;EFS;EUR;119;135.04000000;430;EXCHANGE_LAST;;1;1;XEUR;10804524;688;
03.12.2024;11:26:50.282;FGBL SI 20241206 PS;SIMPLE_INSTRUMENT;EFS;EUR;120;135.00000000;430;EXCHANGE_LAST;;1;1;XEUR;10804524;688;
03.12.2024;11:29:50.227;FGBL SI 20241206 PS;SIMPLE_INSTRUMENT;EFS;EUR;121;135.07000000;430;EXCHANGE_LAST;;1;1;XEUR;10804524;688;
03.12.2024;11:29:50.489;FGBL SI 20241206 PS;SIMPLE_INSTRUMENT;EFS;EUR;122;135.01000000;481;EXCHANGE_LAST;;1;1;XEUR;10804524;688;
03.12.2024;11:30:40.896;FGBL SI 20241206 PS;SIMPLE_INSTRUMENT;EFS;EUR;123;135.07000000;860;EXCHANGE_LAST;;1;1;XEUR;10804524;688;
03.12.2024;11:31:21.309;FGBL SI 20250306 PS;SIMPLE_INSTRUMENT;EFS;EUR;124;136.67000000;457;EXCHANGE_LAST;;1;1;XEUR;11286679;688;
03.12.2024;11:31:32.247;FGBL SI 20241206 PS;SIMPLE_INSTRUMENT;EFS;EUR;125;135.07000000;430;EXCHANGE_LAST;;1;1;XEUR;10804524;688;
03.12.2024;11:31:55.913;FGBL SI 20241206 PS;SIMPLE_INSTRUMENT;EFS;EUR;126;135.07000000;215;EXCHANGE_LAST;;1;1;XEUR;10804524;688;
03.12.2024;11:32:03.568;FGBL SI 20241206 PS;SIMPLE_INSTRUMENT;EFS;EUR;127;135.07000000;454;EXCHANGE_LAST;;1;1;XEUR;10804524;688;
03.12.2024;11:32:17.642;FGBL SI 20241206 PS;SIMPLE_INSTRUMENT;EFS;EUR;128;135.05000000;447;EXCHANGE_LAST;;1;1;XEUR;10804524;688;
03.12.2024;11:33:10.565;FGBL SI 20241206 PS;SIMPLE_INSTRUMENT;BLOCK;EUR;129;135.07000000;4047;EXCHANGE_LAST;;1;1;XEUR;10804524;688;
03.12.2024;11:33:51.083;FGBL SI 20241206 PS;SIMPLE_INSTRUMENT;EFS;EUR;130;135.06000000;1098;EXCHANGE_LAST;;1;1;XEUR;10804524;688;
03.12.2024;11:33:51.567;FGBL SI 20250306 PS;SIMPLE_INSTRUMENT;BLOCK;EUR;131;136.75000000;3745;EXCHANGE_LAST;;1;1;XEUR;11286679;688;
03.12.2024;11:34:40.395;FGBL SI 20250306 PS;SIMPLE_INSTRUMENT;EFS;EUR;132;136.74000000;1020;EXCHANGE_LAST;;1;1;XEUR;11286679;688;
03.12.2024;11:36:25.605;FGBL SI 20241206 PS;SIMPLE_INSTRUMENT;BLOCK;EUR;133;135.07000000;11509;EXCHANGE_LAST;;1;1;XEUR;10804524;688;
03.12.2024;11:37:11.685;FGBL SI 20241206 PS;SIMPLE_INSTRUMENT;EFS;EUR;134;135.07000000;1266;EXCHANGE_LAST;;1;1;XEUR;10804524;688;
03.12.2024;11:39:42.249;FGBL SI 20250306 PS;SIMPLE_INSTRUMENT;EFS;EUR;135;136.76000000;1203;EXCHANGE_LAST;;1;1;XEUR;11286679;688;
03.12.2024;11:40:21.955;FGBL SI 20250306 PS;SIMPLE_INSTRUMENT;EFS;EUR;136;136.74000000;908;EXCHANGE_LAST;;1;1;XEUR;11286679;688;
03.12.2024;11:40:21.529;FGBL SI 20250306 PS;SIMPLE_INSTRUMENT;BLOCK;EUR;137;136.74000000;5326;EXCHANGE_LAST;;1;1;XEUR;11286679;688;
03.12.2024;11:40:28.751;FGBL SI 20250306 PS;SIMPLE_INSTRUMENT;BLOCK;EUR;138;136.75000000;5327;EXCHANGE_LAST;;1;1;XEUR;11286679;688;
03.12.2024;11:43:55.456;FGBL SI 20250306 PS;SIMPLE_INSTRUMENT;EFS;EUR;139;136.78000000;172;EXCHANGE_LAST;;1;1;XEUR;11286679;688;
03.12.2024;11:45:31.669;FGBL SI 20250306 PS;SIMPLE_INSTRUMENT;EFS;EUR;140;136.77000000;454;EXCHANGE_LAST;;1;1;XEUR;11286679;688;
03.12.2024;11:48:34.441;FGBL SI 20250306 PS;SIMPLE_INSTRUMENT;EFS;EUR;141;136.68000000;582;EXCHANGE_LAST;;1;1;XEUR;11286679;688;
03.12.2024;11:49:34.053;FGBL SI 20241206 PS;SIMPLE_INSTRUMENT;EFS;EUR;142;135.00000000;613;EXCHANGE_LAST;;1;1;XEUR;10804524;688;
03.12.2024;11:51:16.694;FGBL SI 20241206 PS;SIMPLE_INSTRUMENT;EFS;EUR;143;135.10000000;430;EXCHANGE_LAST;;1;1;XEUR;10804524;688;
03.12.2024;12:02:39.023;FGBL SI 20250306 PS;SIMPLE_INSTRUMENT;EFS;EUR;144;136.76000000;1815;EXCHANGE_LAST;;1;1;XEUR;11286679;688;
03.12.2024;12:03:54.063;FGBL.S.DEC24.MAR25.SPD;FUTURES_SPREAD;BLOCK;EUR;146;-1.68000000;2249;EXCHANGE_LAST;;1;1;XEUR;72060548975427674;688;
03.12.2024;12:03:54.063;FGBL SI 20250306 PS;SIMPLE_INSTRUMENT;BLOCK;EUR;146;136.84000000;2249;PRC_DECOMP_MEMBER;;;;XEUR;11286679;688;MEMBER
03.12.2024;12:03:54.063;FGBL SI 20241206 PS;SIMPLE_INSTRUMENT;BLOCK;EUR;146;135.16000000;2249;PRC_DECOMP_MEMBER;;;;XEUR;10804524;688;MEMBER
03.12.2024;12:04:18.693;FGBL.S.DEC24.MAR25.SPD;FUTURES_SPREAD;BLOCK;EUR;147;-1.69000000;2249;EXCHANGE_LAST;;1;1;XEUR;72060548975427674;688;
03.12.2024;12:04:18.693;FGBL SI 20250306 PS;SIMPLE_INSTRUMENT;BLOCK;EUR;147;136.85000000;2249;PRC_DECOMP_MEMBER;;;;XEUR;11286679;688;MEMBER
03.12.2024;12:04:18.693;FGBL SI 20241206 PS;SIMPLE_INSTRUMENT;BLOCK;EUR;147;135.16000000;2249;PRC_DECOMP_MEMBER;;;;XEUR;10804524;688;MEMBER
03.12.2024;12:05:23.393;FGBL SI 20241206 PS;SIMPLE_INSTRUMENT;EFS;EUR;148;135.16000000;430;EXCHANGE_LAST;;1;1;XEUR;10804524;688;
03.12.2024;12:06:53.448;FGBL SI 20241206 PS;SIMPLE_INSTRUMENT;EFS;EUR;149;135.15000000;430;EXCHANGE_LAST;;1;1;XEUR;10804524;688;
03.12.2024;12:07:57.819;FGBL SI 20241206 PS;SIMPLE_INSTRUMENT;BLOCK;EUR;150;135.18000000;5376;EXCHANGE_LAST;;1;1;XEUR;10804524;688;
03.12.2024;12:08:49.825;FGBL SI 20250306 PS;SIMPLE_INSTRUMENT;BLOCK;EUR;151;136.87000000;2688;EXCHANGE_LAST;;1;1;XEUR;11286679;688;
03.12.2024;12:09:10.460;FGBL SI 20250306 PS;SIMPLE_INSTRUMENT;BLOCK;EUR;152;136.86000000;2688;EXCHANGE_LAST;;1;1;XEUR;11286679;688;
03.12.2024;12:11:07.772;FGBL SI 20241206 PS;SIMPLE_INSTRUMENT;EFS;EUR;153;135.16000000;430;EXCHANGE_LAST;;1;1;XEUR;10804524;688;
03.12.2024;12:17:44.772;FGBL SI 20250306 PS;SIMPLE_INSTRUMENT;EFS;EUR;154;136.78000000;129;EXCHANGE_LAST;;1;1;XEUR;11286679;688;
03.12.2024;12:22:47.085;FGBL SI 20250306 PS;SIMPLE_INSTRUMENT;EFS;EUR;155;136.74000000;216;EXCHANGE_LAST;;1;1;XEUR;11286679;688;
03.12.2024;12:24:11.840;FGBL SI 20241206 PS;SIMPLE_INSTRUMENT;EFP_FIN;EUR;156;135.04000000;194;EXCHANGE_LAST;;1;1;XEUR;10804524;688;
03.12.2024;12:33:18.726;FGBL SI 20241206 PS;SIMPLE_INSTRUMENT;EFP_FIN;EUR;157;135.03000000;968;EXCHANGE_LAST;;1;1;XEUR;10804524;688;
03.12.2024;12:34:49.069;FGBL SI 20241206 PS;SIMPLE_INSTRUMENT;EFS;EUR;158;135.08000000;430;EXCHANGE_LAST;;1;1;XEUR;10804524;688;
03.12.2024;12:35:09.139;FGBL SI 20241206 PS;SIMPLE_INSTRUMENT;EFS;EUR;159;135.08000000;430;EXCHANGE_LAST;;1;1;XEUR;10804524;688;
03.12.2024;12:35:43.000;FGBL SI 20241206 PS;SIMPLE_INSTRUMENT;EFS;EUR;160;135.08000000;143;EXCHANGE_LAST;;1;1;XEUR;10804524;688;
03.12.2024;12:37:11.272;FGBL SI 20241206 PS;SIMPLE_INSTRUMENT;EFS;EUR;161;135.08000000;430;EXCHANGE_LAST;;1;1;XEUR;10804524;688;
03.12.2024;12:39:43.139;FGBL SI 20250306 PS;SIMPLE_INSTRUMENT;EFS;EUR;162;136.76000000;908;EXCHANGE_LAST;;1;1;XEUR;11286679;688;
03.12.2024;12:39:34.138;FGBL SI 20241206 PS;SIMPLE_INSTRUMENT;EFS;EUR;163;135.08000000;956;EXCHANGE_LAST;;1;1;XEUR;10804524;688;
03.12.2024;12:39:36.893;FGBL SI 20241206 PS;SIMPLE_INSTRUMENT;EFS;EUR;164;135.09000000;430;EXCHANGE_LAST;;1;1;XEUR;10804524;688;
03.12.2024;12:40:10.591;FGBL SI 20241206 PS;SIMPLE_INSTRUMENT;EFS;EUR;165;135.09000000;430;EXCHANGE_LAST;;1;1;XEUR;10804524;688;
03.12.2024;12:41:02.993;FGBL SI 20241206 PS;SIMPLE_INSTRUMENT;EFS;EUR;166;135.09000000;430;EXCHANGE_LAST;;1;1;XEUR;10804524;688;
03.12.2024;12:42:49.856;FGBL SI 20241206 PS;SIMPLE_INSTRUMENT;EFS;EUR;167;135.26000000;477;EXCHANGE_LAST;;1;1;XEUR;10804524;688;
03.12.2024;12:49:23.955;FGBL SI 20241206 PS;SIMPLE_INSTRUMENT;EFS;EUR;168;135.08000000;430;EXCHANGE_LAST;;1;1;XEUR;10804524;688;
03.12.2024;12:56:38.432;FGBL SI 20241206 PS;SIMPLE_INSTRUMENT;EFP_FIN;EUR;169;135.14000000;222;EXCHANGE_LAST;;1;1;XEUR;10804524;688;
03.12.2024;13:02:59.707;FGBL SI 20241206 PS;SIMPLE_INSTRUMENT;EFS;EUR;170;135.10000000;1611;EXCHANGE_LAST;;1;1;XEUR;10804524;688;
03.12.2024;13:02:46.706;FGBL SI 20250306 PS;SIMPLE_INSTRUMENT;EFS;EUR;171;136.78000000;1470;EXCHANGE_LAST;;1;1;XEUR;11286679;688;
03.12.2024;13:04:56.965;FGBL SI 20250306 PS;SIMPLE_INSTRUMENT;EFS;EUR;172;136.76000000;413;EXCHANGE_LAST;;1;1;XEUR;11286679;688;
03.12.2024;13:15:43.988;FGBL SI 20241206 PS;SIMPLE_INSTRUMENT;EFP_FIN;EUR;173;135.08000000;51;EXCHANGE_LAST;;1;1;XEUR;10804524;688;
03.12.2024;13:18:45.379;FGBL SI 20241206 PS;SIMPLE_INSTRUMENT;EFS;EUR;174;135.14000000;215;EXCHANGE_LAST;;1;1;XEUR;10804524;688;
03.12.2024;13:21:25.172;FGBL SI 20241206 PS;SIMPLE_INSTRUMENT;EFS;EUR;175;135.15000000;645;EXCHANGE_LAST;;1;1;XEUR;10804524;688;
03.12.2024;13:23:20.569;FGBL SI 20241206 PS;SIMPLE_INSTRUMENT;EFS;EUR;176;135.22000000;430;EXCHANGE_LAST;;1;1;XEUR;10804524;688;
03.12.2024;13:24:34.778;FGBL SI 20241206 PS;SIMPLE_INSTRUMENT;EFS;EUR;177;135.08000000;287;EXCHANGE_LAST;;1;1;XEUR;10804524;688;
03.12.2024;13:25:29.773;FGBL SI 20241206 PS;SIMPLE_INSTRUMENT;EFS;EUR;178;135.09000000;467;EXCHANGE_LAST;;1;1;XEUR;10804524;688;
03.12.2024;13:26:19.776;FGBL SI 20250306 PS;SIMPLE_INSTRUMENT;EFS;EUR;179;136.78000000;444;EXCHANGE_LAST;;1;1;XEUR;11286679;688;
03.12.2024;13:37:16.174;FGBL SI 20241206 PS;SIMPLE_INSTRUMENT;EFS;EUR;180;135.22000000;430;EXCHANGE_LAST;;1;1;XEUR;10804524;688;
03.12.2024;13:37:59.012;FGBL SI 20241206 PS;SIMPLE_INSTRUMENT;EFS;EUR;181;135.20000000;909;EXCHANGE_LAST;;1;1;XEUR;10804524;688;
03.12.2024;13:39:47.019;FGBL SI 20250306 PS;SIMPLE_INSTRUMENT;EFS;EUR;182;136.88000000;863;EXCHANGE_LAST;;1;1;XEUR;11286679;688;
03.12.2024;13:42:01.320;FGBL SI 20250306 PS;SIMPLE_INSTRUMENT;EFS;EUR;183;136.90000000;465;EXCHANGE_LAST;;1;1;XEUR;11286679;688;
03.12.2024;13:42:28.260;FGBL SI 20241206 PS;SIMPLE_INSTRUMENT;EFS;EUR;184;135.21000000;639;EXCHANGE_LAST;;1;1;XEUR;10804524;688;
03.12.2024;13:45:07.528;FGBL SI 20241206 PS;SIMPLE_INSTRUMENT;EFS;EUR;185;135.25000000;430;EXCHANGE_LAST;;1;1;XEUR;10804524;688;
03.12.2024;13:47:00.924;FGBL SI 20250306 PS;SIMPLE_INSTRUMENT;EFS;EUR;186;136.88000000;862;EXCHANGE_LAST;;1;1;XEUR;11286679;688;
03.12.2024;13:47:21.803;FGBL SI 20241206 PS;SIMPLE_INSTRUMENT;EFS;EUR;187;135.21000000;477;EXCHANGE_LAST;;1;1;XEUR;10804524;688;
03.12.2024;13:47:51.319;FGBL SI 20250306 PS;SIMPLE_INSTRUMENT;EFS;EUR;188;136.87000000;453;EXCHANGE_LAST;;1;1;XEUR;11286679;688;
03.12.2024;13:47:57.659;FGBL SI 20241206 PS;SIMPLE_INSTRUMENT;EFS;EUR;189;135.24000000;430;EXCHANGE_LAST;;1;1;XEUR;10804524;688;
03.12.2024;13:49:19.314;FGBL SI 20250306 PS;SIMPLE_INSTRUMENT;EFS;EUR;190;136.90000000;453;EXCHANGE_LAST;;1;1;XEUR;11286679;688;
03.12.2024;13:52:02.086;FGBL SI 20250306 PS;SIMPLE_INSTRUMENT;EFS;EUR;191;136.88000000;100;EXCHANGE_LAST;;1;1;XEUR;11286679;688;
03.12.2024;13:52:13.690;FGBL SI 20241206 PS;SIMPLE_INSTRUMENT;EFS;EUR;192;135.21000000;1201;EXCHANGE_LAST;;1;1;XEUR;10804524;688;
03.12.2024;13:52:27.349;FGBL SI 20250306 PS;SIMPLE_INSTRUMENT;EFS;EUR;193;136.88000000;100;EXCHANGE_LAST;;1;1;XEUR;11286679;688;
03.12.2024;13:53:45.875;FGBL SI 20250306 PS;SIMPLE_INSTRUMENT;EFS;EUR;194;136.88000000;1138;EXCHANGE_LAST;;1;1;XEUR;11286679;688;
03.12.2024;13:56:18.841;FGBL SI 20241206 PS;SIMPLE_INSTRUMENT;EFS;EUR;195;135.26000000;1297;EXCHANGE_LAST;;1;1;XEUR;10804524;688;
03.12.2024;13:58:09.149;FGBL SI 20241206 PS;SIMPLE_INSTRUMENT;EFS;EUR;196;135.39000000;430;EXCHANGE_LAST;;1;1;XEUR;10804524;688;
03.12.2024;14:00:39.062;FGBL SI 20241206 PS;SIMPLE_INSTRUMENT;EFS;EUR;197;135.16000000;200;EXCHANGE_LAST;;1;1;XEUR;10804524;688;
03.12.2024;14:00:39.263;FGBL SI 20241206 PS;SIMPLE_INSTRUMENT;EFS;EUR;198;135.43000000;430;EXCHANGE_LAST;;1;1;XEUR;10804524;688;
03.12.2024;14:02:34.353;FGBL SI 20241206 PS;SIMPLE_INSTRUMENT;EFS;EUR;199;135.36000000;430;EXCHANGE_LAST;;1;1;XEUR;10804524;688;
03.12.2024;14:02:44.362;FGBL SI 20241206 PS;SIMPLE_INSTRUMENT;EFS;EUR;200;135.34000000;430;EXCHANGE_LAST;;1;1;XEUR;10804524;688;
03.12.2024;14:03:31.094;FGBL.S.DEC24.MAR25.SPD;FUTURES_SPREAD;BLOCK;EUR;201;-1.67000000;4649;EXCHANGE_LAST;;1;1;XEUR;72060548975427674;688;
03.12.2024;14:03:31.094;FGBL SI 20250306 PS;SIMPLE_INSTRUMENT;BLOCK;EUR;201;137.09000000;4649;PRC_DECOMP_MEMBER;;;;XEUR;11286679;688;MEMBER
03.12.2024;14:03:31.094;FGBL SI 20241206 PS;SIMPLE_INSTRUMENT;BLOCK;EUR;201;135.42000000;4649;PRC_DECOMP_MEMBER;;;;XEUR;10804524;688;MEMBER
03.12.2024;14:08:39.983;FGBL SI 20241206 PS;SIMPLE_INSTRUMENT;EFS;EUR;202;135.21000000;93;EXCHANGE_LAST;;1;1;XEUR;10804524;688;
03.12.2024;14:07:30.942;FGBL SI 20241206 PS;SIMPLE_INSTRUMENT;EFS;EUR;203;135.35000000;215;EXCHANGE_LAST;;1;1;XEUR;10804524;688;
03.12.2024;14:08:55.984;FGBL SI 20250306 PS;SIMPLE_INSTRUMENT;EFS;EUR;204;136.88000000;89;EXCHANGE_LAST;;1;1;XEUR;11286679;688;
03.12.2024;14:08:53.583;FGBL SI 20241206 PS;SIMPLE_INSTRUMENT;EFS;EUR;205;135.35000000;215;EXCHANGE_LAST;;1;1;XEUR;10804524;688;
03.12.2024;14:10:21.246;FGBL SI 20241206 PS;SIMPLE_INSTRUMENT;EFS;EUR;206;135.36000000;215;EXCHANGE_LAST;;1;1;XEUR;10804524;688;
03.12.2024;14:10:56.403;FGBL SI 20250306 PS;SIMPLE_INSTRUMENT;EFS;EUR;207;136.95000000;172;EXCHANGE_LAST;;1;1;XEUR;11286679;688;
03.12.2024;14:12:19.812;FGBL SI 20241206 PS;SIMPLE_INSTRUMENT;EFS;EUR;208;135.35000000;215;EXCHANGE_LAST;;1;1;XEUR;10804524;688;
03.12.2024;14:21:51.201;FGBL SI 20241206 PS;SIMPLE_INSTRUMENT;EFS;EUR;209;135.27000000;215;EXCHANGE_LAST;;1;1;XEUR;10804524;688;
03.12.2024;14:24:56.147;FGBL SI 20241206 PS;SIMPLE_INSTRUMENT;EFS;EUR;210;135.27000000;143;EXCHANGE_LAST;;1;1;XEUR;10804524;688;
03.12.2024;14:29:02.443;FGBL SI 20241206 PS;SIMPLE_INSTRUMENT;EFS;EUR;211;135.26000000;215;EXCHANGE_LAST;;1;1;XEUR;10804524;688;
03.12.2024;14:30:04.988;FGBL SI 20241206 PS;SIMPLE_INSTRUMENT;EFS;EUR;212;135.27000000;215;EXCHANGE_LAST;;1;1;XEUR;10804524;688;
03.12.2024;14:35:37.800;FGBL SI 20241206 PS;SIMPLE_INSTRUMENT;EFS;EUR;213;135.31000000;430;EXCHANGE_LAST;;1;1;XEUR;10804524;688;
03.12.2024;14:37:37.942;FGBL SI 20241206 PS;SIMPLE_INSTRUMENT;EFS;EUR;214;135.31000000;430;EXCHANGE_LAST;;1;1;XEUR;10804524;688;
03.12.2024;14:38:42.069;FGBL SI 20250306 PS;SIMPLE_INSTRUMENT;EFP_FIN;EUR;215;136.97000000;643;EXCHANGE_LAST;;1;1;XEUR;11286679;688;
03.12.2024;14:41:52.100;FGBL SI 20250306 PS;SIMPLE_INSTRUMENT;BLOCK;EUR;216;136.96000000;2891;EXCHANGE_LAST;;1;1;XEUR;11286679;688;
03.12.2024;14:43:19.007;FGBL SI 20241206 PS;SIMPLE_INSTRUMENT;EFS;EUR;217;135.30000000;906;EXCHANGE_LAST;;1;1;XEUR;10804524;688;
03.12.2024;14:50:56.946;FGBL SI 20250306 PS;SIMPLE_INSTRUMENT;EFS;EUR;218;136.92000000;175;EXCHANGE_LAST;;1;1;XEUR;11286679;688;
03.12.2024;14:51:58.705;FGBL SI 20241206 PS;SIMPLE_INSTRUMENT;EFS;EUR;219;135.35000000;430;EXCHANGE_LAST;;1;1;XEUR;10804524;688;
