#Date;TrdTime;Contract;ContractType;TrdTyp;Currency;TesId;Prc;Qty;TrdInd;Aggressor;Buy;Sell;Exch;InstrumentId;RelatedProdId;PrcDecomp
14.03.2025;14:48:44.652;A2SM SI 20250620 CS;SIMPLE_INSTRUMENT;BLOCK;EUR;139;3.36000000;39;EXCHANGE_LAST;;1;1;XEUR;10827631;15;
14.03.2025;15:34:34.590;ABBG SI 20250321 CS;SIMPLE_INSTRUMENT;BLOCK;CHF;150;48.95600000;3000;EXCHANGE_LAST;;1;1;XEUR;10736154;574520;
14.03.2025;14:46:12.421;ABBN SI 20250321 PS AM P 50.00 0;SIMPLE_INSTRUMENT;BLOCK;CHF;46;1.47000000;1600;EXCHANGE_LAST;;1;1;XEUR;10886861;574517;
14.03.2025;10:56:41.850;ABNF SI 20250321 CS;SIMPLE_INSTRUMENT;BLOCK;EUR;25;19.16560000;5000;EXCHANGE_LAST;;1;1;XEUR;10723757;74942;
14.03.2025;14:54:46.482;ACR SI 20250321 PS AM P 40.00 0;SIMPLE_INSTRUMENT;BLOCK;EUR;20;0.13000000;2000;EXCHANGE_LAST;;1;3;XEUR;10828076;43;
14.03.2025;16:05:40.843;ADEF SI 20250321 CS;SIMPLE_INSTRUMENT;BLOCK;CHF;158;28.25290000;7500;EXCHANGE_LAST;;1;1;XEUR;10692264;47;
14.03.2025;09:09:01.202;ADEN SI 20250321 PS AM C 27.50 0;SIMPLE_INSTRUMENT;BLOCK;CHF;5;0.74000000;543;EXCHANGE_LAST;;1;1;XEUR;12546207;44;
14.03.2025;11:01:33.420;ADEN SI 20250620 PS AM P 24.00 0;SIMPLE_INSTRUMENT;BLOCK;CHF;26;0.73000000;1750;EXCHANGE_LAST;;1;1;XEUR;7897564;44;
14.03.2025;11:01:33.502;ADEN SI 20250620 PS AM C 30.00 0;SIMPLE_INSTRUMENT;BLOCK;CHF;27;1.05000000;1750;EXCHANGE_LAST;;1;1;XEUR;11347898;44;
14.03.2025;11:49:03.418;ADEN SI 20250321 PS AM C 27.50 0;SIMPLE_INSTRUMENT;BLOCK;CHF;30;1.24000000;380;EXCHANGE_LAST;;1;1;XEUR;12546207;44;
14.03.2025;13:26:48.145;ADEN SI 20250321 PS AM C 27.50 0;SIMPLE_INSTRUMENT;BLOCK;CHF;39;1.18000000;888;EXCHANGE_LAST;;1;1;XEUR;12546207;44;
14.03.2025;14:28:03.393;ADS SI 20250321 PS AM P 200.00 0;SIMPLE_INSTRUMENT;BLOCK;EUR;14;0.11000000;750;EXCHANGE_LAST;;1;1;XEUR;10828480;50;
14.03.2025;16:39:15.802;ADS SI 20250321 PS AM P 220.00 0;SIMPLE_INSTRUMENT;BLOCK;EUR;21;2.85000000;250;EXCHANGE_LAST;;1;1;XEUR;10828519;50;
14.03.2025;10:57:45.251;ADSG SI 20250321 CS;SIMPLE_INSTRUMENT;BLOCK;EUR;28;227.12540000;550;EXCHANGE_LAST;;1;1;XEUR;10692279;48;
14.03.2025;15:46:34.995;AFX SI 20250620 PS AM P 46.00 0;SIMPLE_INSTRUMENT;BLOCK;EUR;9;0.86000000;750;EXCHANGE_LAST;;1;1;XEUR;11348392;56;
14.03.2025;15:46:35.665;AFX SI 20250620 PS AM C 76.00 0;SIMPLE_INSTRUMENT;BLOCK;EUR;10;2.30000000;1321;EXCHANGE_LAST;;1;1;XEUR;7897691;56;
14.03.2025;15:46:37.414;AFX SI 20250620 PS AM C 60.00 0;SIMPLE_INSTRUMENT;BLOCK;EUR;11;7.50000000;450;EXCHANGE_LAST;;1;1;XEUR;8108863;56;
14.03.2025;15:46:39.344;AFX SI 20250620 PS AM C 76.00 0;SIMPLE_INSTRUMENT;BLOCK;EUR;12;2.27000000;1179;EXCHANGE_LAST;;1;1;XEUR;7897691;56;
14.03.2025;11:54:06.976;ALC SI 20251219 PS AM P 64.00 0;SIMPLE_INSTRUMENT;BLOCK;CHF;31;1.71000000;600;EXCHANGE_LAST;;1;1;XEUR;12477631;130134;
14.03.2025;13:45:25.702;ALC SI 20250321 PS AM P 72.00 0;SIMPLE_INSTRUMENT;BLOCK;CHF;42;0.09000000;400;EXCHANGE_LAST;;1;1;XEUR;10872515;130134;
14.03.2025;09:41:35.115;ALV SI 20250919 PS AM P 360.00 0;SIMPLE_INSTRUMENT;BLOCK;EUR;1;30.10000000;300;EXCHANGE_LAST;;1;1;XEUR;11871541;74;
14.03.2025;10:31:41.899;ALV SI 20251219 PS AM P 250.00 0;SIMPLE_INSTRUMENT;BLOCK;EUR;2;3.40000000;2300;EXCHANGE_LAST;;1;1;XEUR;11151281;74;
14.03.2025;10:32:36.197;ALV SI 20260619 PS AM P 300.00 0;SIMPLE_INSTRUMENT;BLOCK;EUR;3;16.10000000;1400;EXCHANGE_LAST;;1;1;XEUR;12604563;74;
14.03.2025;12:37:43.482;ALV SI 20251219 PS AM P 315.00 0;SIMPLE_INSTRUMENT;BLOCK;EUR;7;11.50000000;300;EXCHANGE_LAST;;1;1;XEUR;11813230;74;
14.03.2025;15:27:30.963;ALV.O.250314.PDIA.000014;STANDARD_OPTION_STRATEGY;BLOCK;EUR;8;11.90000000;300;EXCHANGE_LAST;;1;1;XEUR;72057911865569733;74;
14.03.2025;15:27:30.963;ALV SI 20250620 PS AM P 340.00 0;SIMPLE_INSTRUMENT;BLOCK;EUR;8;12.24000000;300;PRC_DECOMP_EXCHANGE;;;;XEUR;11349414;74;EXCHANGE
14.03.2025;15:27:30.963;ALV SI 20250321 PS AM P 335.00 0;SIMPLE_INSTRUMENT;BLOCK;EUR;8;0.34000000;300;PRC_DECOMP_EXCHANGE;;;;XEUR;12431776;74;EXCHANGE
14.03.2025;11:02:15.991;ALVG SI 20250321 CS;SIMPLE_INSTRUMENT;BLOCK;EUR;30;350.29330000;1400;EXCHANGE_LAST;;1;1;XEUR;10693113;85;
14.03.2025;12:50:31.137;ALVG SI 20250321 CS;SIMPLE_INSTRUMENT;BLOCK;EUR;107;348.00000000;129;EXCHANGE_LAST;;1;1;XEUR;10693113;85;
14.03.2025;12:50:31.238;ALVG SI 20250620 CS;SIMPLE_INSTRUMENT;BLOCK;EUR;108;338.65000000;129;EXCHANGE_LAST;;1;1;XEUR;11168195;85;
14.03.2025;14:49:13.983;AMGF SI 20250321 CS;SIMPLE_INSTRUMENT;BLOCK;USD;140;312.74000000;441;EXCHANGE_LAST;;1;1;XEUR;10693096;83;
14.03.2025;14:49:20.719;AMGF SI 20250620 CS;SIMPLE_INSTRUMENT;BLOCK;USD;141;314.27000000;441;EXCHANGE_LAST;;1;1;XEUR;11168188;83;
14.03.2025;10:24:56.454;ANN SI 20250321 PS AM C 28.00 0;SIMPLE_INSTRUMENT;BLOCK;EUR;5;0.25000000;2250;EXCHANGE_LAST;;1;1;XEUR;10865133;45202;
14.03.2025;12:41:56.687;ANN SI 20250620 PS AM C 29.00 0;SIMPLE_INSTRUMENT;BLOCK;EUR;16;0.78000000;2175;EXCHANGE_LAST;;1;1;XEUR;11780333;45202;
14.03.2025;12:41:56.727;ANN SI 20250620 PS AM C 26.00 0;SIMPLE_INSTRUMENT;BLOCK;EUR;17;1.90000000;1450;EXCHANGE_LAST;;1;1;XEUR;11386657;45202;
14.03.2025;12:50:30.994;AOMH SI 20250620 CS;SIMPLE_INSTRUMENT;BLOCK;EUR;105;23.36700000;1137;EXCHANGE_LAST;;1;1;XEUR;11420305;840006;
14.03.2025;12:50:31.137;AOMH SI 20250321 CS;SIMPLE_INSTRUMENT;BLOCK;EUR;106;23.30000000;1137;EXCHANGE_LAST;;1;1;XEUR;11420308;840006;
14.03.2025;16:02:58.439;ASG5.O.250314.BER.000001;STANDARD_OPTION_STRATEGY;BLOCK;EUR;16;0.45000000;1500;EXCHANGE_LAST;;1;1;XEUR;72058062189369544;109;
14.03.2025;16:02:58.439;ASG5 SI 20261217 PS AM P 22.00 0;SIMPLE_INSTRUMENT;BLOCK;EUR;16;0.81050000;1500;PRC_DECOMP_EXCHANGE;;;;XEUR;10819252;109;EXCHANGE
14.03.2025;16:02:58.439;ASG5 SI 20261217 PS AM P 16.00 0;SIMPLE_INSTRUMENT;BLOCK;EUR;16;0.36050000;1500;PRC_DECOMP_EXCHANGE;;;;XEUR;7147309;109;EXCHANGE
14.03.2025;08:50:43.467;ASI SI 20250321 PS AM C 480.00 0;SIMPLE_INSTRUMENT;BLOCK;EUR;1;3.25000000;297;EXCHANGE_LAST;;1;1;XEUR;10870914;76318;
14.03.2025;11:02:45.912;ASMH SI 20250321 CS;SIMPLE_INSTRUMENT;BLOCK;EUR;31;654.05970000;1000;EXCHANGE_LAST;;1;1;XEUR;10717245;3979;
14.03.2025;12:52:18.613;ASMH SI 20250321 CS;SIMPLE_INSTRUMENT;BLOCK;EUR;110;644.90000000;246;EXCHANGE_LAST;;1;1;XEUR;10717245;3979;
14.03.2025;12:52:18.673;ASMH SI 20250620 CS;SIMPLE_INSTRUMENT;BLOCK;EUR;111;649.50000000;246;EXCHANGE_LAST;;1;1;XEUR;11191365;3979;
14.03.2025;14:14:17.845;ASMH.S.MAR25.JUN25.SPD;FUTURES_SPREAD;BLOCK;EUR;135;-2.90000000;450;EXCHANGE_LAST;;1;1;XEUR;72074683712798960;3979;
14.03.2025;14:14:17.845;ASMH SI 20250620 CS;SIMPLE_INSTRUMENT;BLOCK;EUR;135;645.81410000;450;PRC_DECOMP_EXCHANGE;;;;XEUR;11191365;3979;EXCHANGE
14.03.2025;14:14:17.845;ASMH SI 20250321 CS;SIMPLE_INSTRUMENT;BLOCK;EUR;135;642.91410000;450;PRC_DECOMP_EXCHANGE;;;;XEUR;10717245;3979;EXCHANGE
14.03.2025;09:56:45.270;AXNF SI 20250320 CS;SIMPLE_INSTRUMENT;BLOCK;EUR;10;20.15000000;82;EXCHANGE_LAST;;1;1;XEUR;10689362;32917;
14.03.2025;09:56:57.984;AXNF SI 20250619 CS;SIMPLE_INSTRUMENT;BLOCK;EUR;11;19.97600000;82;EXCHANGE_LAST;;1;1;XEUR;11163693;32917;
14.03.2025;11:48:45.570;AZNF.S.MAR25.JUN25.SPD;FUTURES_SPREAD;BLOCK;GBX;52;-159.18000000;9;EXCHANGE_LAST;;1;1;XEUR;72058182448447634;137;
14.03.2025;11:48:45.570;AZNF SI 20250321 CS;SIMPLE_INSTRUMENT;BLOCK;GBX;52;11860.00000000;9;PRC_DECOMP_MEMBER;;;;XEUR;10693911;137;MEMBER
14.03.2025;11:48:45.570;AZNF SI 20250620 CS;SIMPLE_INSTRUMENT;BLOCK;GBX;52;12019.18000000;9;PRC_DECOMP_MEMBER;;;;XEUR;11168961;137;MEMBER
14.03.2025;11:54:33.895;B2DS SI 20250620 CS;SIMPLE_INSTRUMENT;BLOCK;EUR;62;0.12400000;7392;EXCHANGE_LAST;;1;1;XEUR;12178723;949840;
14.03.2025;11:54:42.164;B2DS SI 20250620 CS;SIMPLE_INSTRUMENT;BLOCK;EUR;63;0.12500000;4928;EXCHANGE_LAST;;1;1;XEUR;12178723;949840;
14.03.2025;11:02:18.927;B2MP SI 20261218 CS;SIMPLE_INSTRUMENT;BLOCK;EUR;32;0.84000000;800;EXCHANGE_LAST;;1;2;XEUR;12906402;1052253;
14.03.2025;09:44:37.592;B2MW SI 20250620 CS;SIMPLE_INSTRUMENT;BLOCK;EUR;6;4.30000000;252;EXCHANGE_LAST;;1;1;XEUR;10830088;128;
14.03.2025;12:46:29.636;B2MW SI 20261218 CS;SIMPLE_INSTRUMENT;BLOCK;EUR;86;3.73000000;500;EXCHANGE_LAST;;2;2;XEUR;4632168;128;
14.03.2025;10:52:14.975;B2NP SI 20261218 CS;SIMPLE_INSTRUMENT;BLOCK;EUR;26;4.82000000;100;EXCHANGE_LAST;;1;1;XEUR;6798320;131;
14.03.2025;12:23:49.553;B2NP SI 20261218 CS;SIMPLE_INSTRUMENT;BLOCK;EUR;71;4.82500000;145;EXCHANGE_LAST;;1;1;XEUR;6798320;131;
14.03.2025;15:04:20.918;B2NP SI 20261218 CS;SIMPLE_INSTRUMENT;BLOCK;EUR;145;4.80000000;1000;EXCHANGE_LAST;;1;1;XEUR;6798320;131;
14.03.2025;15:14:13.142;B2NP SI 20261218 CS;SIMPLE_INSTRUMENT;BLOCK;EUR;147;4.82000000;200;EXCHANGE_LAST;;1;1;XEUR;6798320;131;
14.03.2025;15:39:47.392;B2NP SI 20261218 CS;SIMPLE_INSTRUMENT;BLOCK;EUR;154;4.82000000;100;EXCHANGE_LAST;;1;1;XEUR;6798320;131;
14.03.2025;17:01:38.325;B2NP SI 20250620 CS;SIMPLE_INSTRUMENT;BLOCK;EUR;173;4.79000000;645;EXCHANGE_LAST;;1;1;XEUR;10830225;131;
14.03.2025;14:25:08.397;B3BV SI 20251219 CS;SIMPLE_INSTRUMENT;BLOCK;EUR;137;0.68500000;500;EXCHANGE_LAST;;2;1;XEUR;5914370;135;
14.03.2025;08:32:12.167;BAS SI 20250321 PS AM C 55.00 0;SIMPLE_INSTRUMENT;BLOCK;EUR;1;0.45000000;2363;EXCHANGE_LAST;;1;1;XEUR;12749009;150;
14.03.2025;11:08:27.524;BAS SI 20250321 PS AM P 50.00 0;SIMPLE_INSTRUMENT;BLOCK;EUR;2;0.35000000;2000;EXCHANGE_LAST;;1;1;XEUR;10831048;150;
14.03.2025;14:43:38.950;BAS.O.250314.RTSP.000032;STANDARD_OPTION_STRATEGY;BLOCK;EUR;4;-0.90000000;750;EXCHANGE_LAST;;1;1;XEUR;72058238283092523;150;
14.03.2025;14:43:38.950;BAS SI 20250620 PS AM P 52.00 0;SIMPLE_INSTRUMENT;BLOCK;EUR;4;3.85000000;750;PRC_DECOMP_EXCHANGE;;;;XEUR;7898981;150;EXCHANGE
14.03.2025;14:43:38.950;BAS SI 20250919 PS AM C 56.00 0;SIMPLE_INSTRUMENT;BLOCK;EUR;4;2.95000000;750;PRC_DECOMP_EXCHANGE;;;;XEUR;11873004;150;EXCHANGE
14.03.2025;14:35:38.102;BAY SI 20260619 PS AM C 28.00 0;SIMPLE_INSTRUMENT;BLOCK;EUR;3;2.62000000;7500;EXCHANGE_LAST;;2;2;XEUR;9539717;168;
14.03.2025;09:48:17.381;BAYG.S.MAR25.JUN25.SPD;FUTURES_SPREAD;BLOCK;EUR;3;-0.07500000;7200;EXCHANGE_LAST;;1;1;XEUR;72384157581312173;76034;
14.03.2025;09:48:17.381;BAYG SI 20250620 CS;SIMPLE_INSTRUMENT;BLOCK;EUR;3;22.99650000;7200;PRC_DECOMP_EXCHANGE;;;;XEUR;11197544;76034;EXCHANGE
14.03.2025;09:48:17.381;BAYG SI 20250321 CS;SIMPLE_INSTRUMENT;BLOCK;EUR;3;22.92150000;7200;PRC_DECOMP_EXCHANGE;;;;XEUR;10723979;76034;EXCHANGE
14.03.2025;15:32:44.655;BBVD SI 20261218 PS AM P 9.00 0;SIMPLE_INSTRUMENT;BLOCK;EUR;15;0.66000000;5000;EXCHANGE_LAST;;1;1;XEUR;8215221;172;
14.03.2025;10:40:57.122;BBVG SI 20250321 CS;SIMPLE_INSTRUMENT;BLOCK;EUR;22;12.74000000;3023;EXCHANGE_LAST;;1;1;XEUR;10694312;163;
14.03.2025;10:41:20.235;BBVG SI 20250620 CS;SIMPLE_INSTRUMENT;BLOCK;EUR;23;12.48700000;3023;EXCHANGE_LAST;;1;1;XEUR;11169418;163;
14.03.2025;11:52:29.506;BDSG SI 20250620 CS;SIMPLE_INSTRUMENT;BLOCK;EUR;55;2.53720000;140000;EXCHANGE_LAST;;1;1;XEUR;11170012;191;
14.03.2025;13:29:05.508;BEIG SI 20250321 CS;SIMPLE_INSTRUMENT;BLOCK;EUR;127;134.55000000;292;EXCHANGE_LAST;;1;1;XEUR;10694522;177;
14.03.2025;13:29:14.509;BEIG SI 20250620 CS;SIMPLE_INSTRUMENT;BLOCK;EUR;128;134.61000000;292;EXCHANGE_LAST;;1;1;XEUR;11169642;177;
14.03.2025;15:13:56.489;BMW.O.250314.STG.000022;STANDARD_OPTION_STRATEGY;BLOCK;EUR;30;1.12000000;750;EXCHANGE_LAST;;1;1;XEUR;72058495981109680;210;
14.03.2025;15:13:56.489;BMW SI 20250321 PS AM P 80.00 0;SIMPLE_INSTRUMENT;BLOCK;EUR;30;0.94000000;750;PRC_DECOMP_EXCHANGE;;;;XEUR;10832597;210;EXCHANGE
14.03.2025;15:13:56.489;BMW SI 20250321 PS AM C 88.00 0;SIMPLE_INSTRUMENT;BLOCK;EUR;30;0.18000000;750;PRC_DECOMP_EXCHANGE;;;;XEUR;10832547;210;EXCHANGE
14.03.2025;15:49:29.168;BMW SI 20271217 PS AM P 80.00 0;SIMPLE_INSTRUMENT;BLOCK;EUR;33;15.80000000;1000;EXCHANGE_LAST;;2;2;XEUR;12616508;210;
14.03.2025;15:45:47.117;BMW SI 20271217 PS AM P 80.00 0;SIMPLE_INSTRUMENT;BLOCK;EUR;34;15.80000000;500;EXCHANGE_LAST;;1;1;XEUR;12616508;210;
14.03.2025;09:41:46.393;BMWF SI 20250321 CS;SIMPLE_INSTRUMENT;BLOCK;EUR;5;80.74200000;3000;EXCHANGE_LAST;;1;1;XEUR;10695616;239;
14.03.2025;09:44:55.551;BMWF SI 20250620 CS;SIMPLE_INSTRUMENT;BLOCK;EUR;7;77.64950000;3000;EXCHANGE_LAST;;1;1;XEUR;11170639;239;
14.03.2025;13:40:31.609;BMWF SI 20250321 CS;SIMPLE_INSTRUMENT;BLOCK;EUR;129;83.09400000;9550;EXCHANGE_LAST;;2;2;XEUR;10695616;239;
14.03.2025;13:19:39.442;BNP SI 20250620 PS AM P 78.00 0;SIMPLE_INSTRUMENT;BLOCK;EUR;17;7.54000000;2400;EXCHANGE_LAST;;1;1;XEUR;12761988;237;
14.03.2025;11:05:41.865;BNPH SI 20250321 CS;SIMPLE_INSTRUMENT;BLOCK;EUR;33;74.91120000;5500;EXCHANGE_LAST;;1;1;XEUR;10695531;236;
14.03.2025;16:37:59.505;BNPH SI 20250321 CS;SIMPLE_INSTRUMENT;BLOCK;EUR;169;75.58900000;5500;EXCHANGE_LAST;;1;1;XEUR;10695531;236;
14.03.2025;17:01:29.037;BNPH SI 20250620 CS;SIMPLE_INSTRUMENT;BLOCK;EUR;172;72.05000000;7500;EXCHANGE_LAST;;1;1;XEUR;11170600;236;
14.03.2025;10:34:57.134;BPV SI 20251218 PS AM P 4.00 0;SIMPLE_INSTRUMENT;BLOCK;EUR;4;0.08900000;3500;EXCHANGE_LAST;;1;1;XEUR;10380524;251;
14.03.2025;10:43:36.724;BPV SI 20251218 PS AM P 7.60 0;SIMPLE_INSTRUMENT;BLOCK;EUR;6;0.47000000;1350;EXCHANGE_LAST;;1;1;XEUR;12420926;251;
14.03.2025;15:18:03.536;BRBF SI 20251219 CS;SIMPLE_INSTRUMENT;BLOCK;GBX;148;984.75830000;65;EXCHANGE_LAST;;1;1;XEUR;8674444;249;
14.03.2025;14:13:25.952;BRNT SI 20250516 PS EU C 60.00 0;SIMPLE_INSTRUMENT;BLOCK;USD;5;0.27000000;36986;EXCHANGE_LAST;;1;1;XEUR;12890275;367244;
14.03.2025;16:05:34.117;C2BK SI 20261218 CS;SIMPLE_INSTRUMENT;BLOCK;EUR;160;0.80800000;892;EXCHANGE_LAST;;1;1;XEUR;12178551;949832;
14.03.2025;16:05:51.343;C2BK SI 20261218 CS;SIMPLE_INSTRUMENT;BLOCK;EUR;161;0.80900000;893;EXCHANGE_LAST;;1;1;XEUR;12178551;949832;
14.03.2025;15:35:45.169;C4RI SI 20250620 CS;SIMPLE_INSTRUMENT;BLOCK;EUR;152;1.47600000;438;EXCHANGE_LAST;;1;1;XEUR;10868044;50862;
14.03.2025;16:41:47.964;C4RI SI 20251219 CS;SIMPLE_INSTRUMENT;BLOCK;EUR;171;2.81000000;150;EXCHANGE_LAST;;1;1;XEUR;5914459;50862;
14.03.2025;12:52:45.312;CBK SI 20250417 PS AM C 24.00 0;SIMPLE_INSTRUMENT;BLOCK;EUR;6;1.21000000;7641;EXCHANGE_LAST;;1;1;XEUR;12782469;268;
14.03.2025;12:52:45.313;CBK SI 20250417 PS AM C 24.00 0;SIMPLE_INSTRUMENT;BLOCK;EUR;7;1.22000000;1792;EXCHANGE_LAST;;1;1;XEUR;12782469;268;
14.03.2025;12:53:19.029;CBK SI 20250516 PS AM C 26.00 0;SIMPLE_INSTRUMENT;BLOCK;EUR;8;0.82000000;9901;EXCHANGE_LAST;;1;1;XEUR;12911420;268;
14.03.2025;12:53:19.038;CBK SI 20250516 PS AM C 26.00 0;SIMPLE_INSTRUMENT;BLOCK;EUR;9;0.85000000;5569;EXCHANGE_LAST;;1;1;XEUR;12911420;268;
14.03.2025;12:53:50.767;CBK SI 20250417 PS AM C 27.00 0;SIMPLE_INSTRUMENT;BLOCK;EUR;10;0.31000000;9197;EXCHANGE_LAST;;1;1;XEUR;12926741;268;
14.03.2025;12:53:50.777;CBK SI 20250417 PS AM C 27.00 0;SIMPLE_INSTRUMENT;BLOCK;EUR;11;0.30000000;2594;EXCHANGE_LAST;;1;1;XEUR;12926741;268;
14.03.2025;12:54:48.195;CBK SI 20250516 PS AM C 30.00 0;SIMPLE_INSTRUMENT;BLOCK;EUR;12;0.21000000;7155;EXCHANGE_LAST;;1;1;XEUR;12933951;268;
14.03.2025;12:54:48.203;CBK SI 20250516 PS AM C 30.00 0;SIMPLE_INSTRUMENT;BLOCK;EUR;13;0.23000000;12183;EXCHANGE_LAST;;1;1;XEUR;12933951;268;
14.03.2025;16:03:53.362;CBK FI 20261218 PS EU P 15.0000 0;FLEXIBLE_INSTRUMENT;BLOCK;EUR;18;1.03000000;21000;EXCHANGE_LAST;;1;1;XEUR;1152922655658096371;268;
14.03.2025;16:04:55.089;CBK FI 20261218 PS EU C 15.0000 0;FLEXIBLE_INSTRUMENT;BLOCK;EUR;19;9.15000000;21000;EXCHANGE_LAST;;1;1;XEUR;1152922655658096370;268;
14.03.2025;11:25:49.437;CNDX SI 20250919 PS AM C 1300.00 0;SIMPLE_INSTRUMENT;BLOCK;USD;1;16.82000000;896;EXCHANGE_LAST;;1;1;XEUR;11829825;367242;
14.03.2025;11:25:55.437;CNDX SI 20251219 PS AM C 1250.00 0;SIMPLE_INSTRUMENT;BLOCK;USD;2;38.92000000;896;EXCHANGE_LAST;;1;1;XEUR;11121025;367242;
14.03.2025;11:37:12.535;CNDX SI 20251219 PS AM C 1250.00 0;SIMPLE_INSTRUMENT;BLOCK;USD;3;38.92000000;388;EXCHANGE_LAST;;1;1;XEUR;11121025;367242;
14.03.2025;11:38:04.029;CNDX SI 20250919 PS AM C 1300.00 0;SIMPLE_INSTRUMENT;BLOCK;USD;4;16.82000000;388;EXCHANGE_LAST;;1;1;XEUR;11829825;367242;
14.03.2025;15:35:35.259;CR5J.S.MAR25.JUN25.SPD;FUTURES_SPREAD;BLOCK;EUR;151;0.98000000;5000;EXCHANGE_LAST;;1;1;XEUR;72276040369569954;50861;
14.03.2025;15:35:35.259;CR5J SI 20250320 CS;SIMPLE_INSTRUMENT;BLOCK;EUR;151;51.06840000;5000;PRC_DECOMP_EXCHANGE;;;;XEUR;10689747;50861;EXCHANGE
14.03.2025;15:35:35.259;CR5J SI 20250619 CS;SIMPLE_INSTRUMENT;BLOCK;EUR;151;50.08840000;5000;PRC_DECOMP_EXCHANGE;;;;XEUR;11164005;50861;EXCHANGE
14.03.2025;10:36:02.870;CRI5 SI 20261217 PS AM P 24.00 0;SIMPLE_INSTRUMENT;BLOCK;EUR;5;1.13000000;1500;EXCHANGE_LAST;;1;1;XEUR;7356474;320;
14.03.2025;12:19:09.119;CRI5 SI 20250320 PS AM C 56.00 0;SIMPLE_INSTRUMENT;BLOCK;EUR;11;0.08000000;3000;EXCHANGE_LAST;;1;1;XEUR;10917736;320;
14.03.2025;08:49:56.144;CSF SI 20250919 PS AM C 260.00 0;SIMPLE_INSTRUMENT;BLOCK;EUR;2;18.67000000;250;EXCHANGE_LAST;;1;1;XEUR;11876945;333;
14.03.2025;08:49:58.808;CSF SI 20250919 PS AM P 220.00 0;SIMPLE_INSTRUMENT;BLOCK;EUR;3;14.53000000;250;EXCHANGE_LAST;;1;1;XEUR;11876902;333;
14.03.2025;16:35:20.156;D2PW SI 20271217 CS;SIMPLE_INSTRUMENT;BLOCK;EUR;167;1.67000000;300;EXCHANGE_LAST;;3;1;XEUR;5914516;9702;
14.03.2025;09:33:42.978;DAI SI 20250321 PS AM C 60.00 0;SIMPLE_INSTRUMENT;BLOCK;EUR;6;1.22000000;5000;EXCHANGE_LAST;;2;1;XEUR;10884520;443196;
14.03.2025;09:38:01.710;DAI SI 20250620 PS AM C 66.00 0;SIMPLE_INSTRUMENT;BLOCK;EUR;7;0.94000000;3000;EXCHANGE_LAST;;2;1;XEUR;12419550;443196;
14.03.2025;10:49:41.116;DAI SI 20250919 PS AM C 68.00 0;SIMPLE_INSTRUMENT;BLOCK;EUR;12;1.33000000;3000;EXCHANGE_LAST;;3;1;XEUR;11925639;443196;
14.03.2025;10:50:23.835;DAI.O.250314.BUL.000009;STANDARD_OPTION_STRATEGY;BLOCK;EUR;13;1.13000000;3500;EXCHANGE_LAST;;2;1;XEUR;73961106363664495;443196;
14.03.2025;10:50:23.835;DAI SI 20250321 PS AM C 58.00 0;SIMPLE_INSTRUMENT;BLOCK;EUR;13;2.63000000;3500;PRC_DECOMP_EXCHANGE;;;;XEUR;12490194;443196;EXCHANGE
14.03.2025;10:50:23.835;DAI SI 20250321 PS AM C 60.00 0;SIMPLE_INSTRUMENT;BLOCK;EUR;13;1.50000000;3500;PRC_DECOMP_EXCHANGE;;;;XEUR;10884520;443196;EXCHANGE
14.03.2025;12:01:26.497;DAI SI 20250620 PS AM C 66.00 0;SIMPLE_INSTRUMENT;BLOCK;EUR;18;1.30000000;2000;EXCHANGE_LAST;;1;1;XEUR;12419550;443196;
14.03.2025;14:32:45.440;DAI SI 20250321 PS AM P 60.00 0;SIMPLE_INSTRUMENT;BLOCK;EUR;23;1.15000000;1250;EXCHANGE_LAST;;1;1;XEUR;10884522;443196;
14.03.2025;14:59:39.619;DAI.O.250314.BUL.000009;STANDARD_OPTION_STRATEGY;BLOCK;EUR;25;1.13000000;6500;EXCHANGE_LAST;;1;1;XEUR;73961106363664495;443196;
14.03.2025;14:59:39.619;DAI SI 20250321 PS AM C 60.00 0;SIMPLE_INSTRUMENT;BLOCK;EUR;25;1.29000000;6500;PRC_DECOMP_EXCHANGE;;;;XEUR;10884520;443196;EXCHANGE
14.03.2025;14:59:39.619;DAI SI 20250321 PS AM C 58.00 0;SIMPLE_INSTRUMENT;BLOCK;EUR;25;2.42000000;6500;PRC_DECOMP_EXCHANGE;;;;XEUR;12490194;443196;EXCHANGE
14.03.2025;16:05:07.834;DAI SI 20250417 PS AM C 65.00 0;SIMPLE_INSTRUMENT;BLOCK;EUR;37;0.84000000;2000;EXCHANGE_LAST;;2;1;XEUR;12655094;443196;
14.03.2025;11:14:13.461;DAIG SI 20250321 CS;SIMPLE_INSTRUMENT;BLOCK;EUR;38;60.16330000;3650;EXCHANGE_LAST;;1;1;XEUR;10734482;443203;
14.03.2025;10:35:30.919;DB1 SI 20250516 PS AM P 265.00 0;SIMPLE_INSTRUMENT;BLOCK;EUR;6;10.40000000;250;EXCHANGE_LAST;;1;1;XEUR;12816697;361;
14.03.2025;15:24:37.622;DBK.O.250314.BER.000014;STANDARD_OPTION_STRATEGY;BLOCK;EUR;15;1.02000000;2500;EXCHANGE_LAST;;1;1;XEUR;72059148816161084;362;
14.03.2025;15:24:37.622;DBK SI 20261218 PS AM P 16.00 0;SIMPLE_INSTRUMENT;BLOCK;EUR;15;1.41000000;2500;PRC_DECOMP_EXCHANGE;;;;XEUR;7155817;362;EXCHANGE
14.03.2025;15:24:37.622;DBK SI 20261218 PS AM P 10.00 0;SIMPLE_INSTRUMENT;BLOCK;EUR;15;0.39000000;2500;PRC_DECOMP_EXCHANGE;;;;XEUR;7155847;362;EXCHANGE
14.03.2025;13:48:12.223;DPW SI 20250516 PS AM C 42.00 0;SIMPLE_INSTRUMENT;BLOCK;EUR;22;2.47000000;1500;EXCHANGE_LAST;;1;1;XEUR;12817697;445;
14.03.2025;11:35:28.805;DTE SI 20250321 PS AM P 32.00 0;SIMPLE_INSTRUMENT;BLOCK;EUR;13;0.12000000;2500;EXCHANGE_LAST;;1;1;XEUR;10836639;424;
14.03.2025;11:33:51.670;DTE SI 20250321 PS AM P 33.00 0;SIMPLE_INSTRUMENT;BLOCK;EUR;14;0.32000000;3100;EXCHANGE_LAST;;1;1;XEUR;12439182;424;
14.03.2025;16:13:42.792;DTE SI 20260619 PS AM C 36.00 0;SIMPLE_INSTRUMENT;BLOCK;EUR;36;2.01000000;1500;EXCHANGE_LAST;;1;1;XEUR;9545507;424;
14.03.2025;16:51:56.692;DTEE.O.250314.CNV.000001;STANDARD_OPTION_STRATEGY;BLOCK;EUR;38;-0.98000000;2500;EXCHANGE_LAST;;1;1;XEUR;72059436578899269;429;
14.03.2025;16:51:56.692;DTEE SI 20250620 PS EU C 34.00 0;SIMPLE_INSTRUMENT;BLOCK;EUR;38;1.16000000;2500;PRC_DECOMP_EXCHANGE;;;;XEUR;11356574;429;EXCHANGE
14.03.2025;16:51:56.692;DTEE SI 20250620 PS EU P 34.00 0;SIMPLE_INSTRUMENT;BLOCK;EUR;38;2.14000000;2500;PRC_DECOMP_EXCHANGE;;;;XEUR;11356564;429;EXCHANGE
14.03.2025;11:06:16.009;DTEF SI 20250321 CS;SIMPLE_INSTRUMENT;BLOCK;EUR;34;33.76860000;5000;EXCHANGE_LAST;;1;1;XEUR;10698021;430;
14.03.2025;15:15:28.164;DTEF.S.MAR25.JUN25.SPD;FUTURES_SPREAD;BLOCK;EUR;149;0.65500000;7500;EXCHANGE_LAST;;1;1;XEUR;72059440873865440;430;
14.03.2025;15:15:28.164;DTEF SI 20250321 CS;SIMPLE_INSTRUMENT;BLOCK;EUR;149;33.83380000;7500;PRC_DECOMP_EXCHANGE;;;;XEUR;10698021;430;EXCHANGE
14.03.2025;15:15:28.164;DTEF SI 20250620 CS;SIMPLE_INSTRUMENT;BLOCK;EUR;149;33.17880000;7500;PRC_DECOMP_EXCHANGE;;;;XEUR;11173145;430;EXCHANGE
14.03.2025;12:01:44.053;DYS1 SI 20250516 PS AM P 34.50 0;SIMPLE_INSTRUMENT;BLOCK;EUR;16;0.60000000;3946;EXCHANGE_LAST;;1;1;XEUR;12818331;475;
14.03.2025;09:35:01.262;E2NL SI 20261218 CS;SIMPLE_INSTRUMENT;BLOCK;EUR;1;0.46200000;500;EXCHANGE_LAST;;1;2;XEUR;4632356;471;
14.03.2025;09:35:18.484;E2NL SI 20261218 CS;SIMPLE_INSTRUMENT;BLOCK;EUR;2;0.46300000;500;EXCHANGE_LAST;;1;2;XEUR;4632356;471;
14.03.2025;14:04:42.583;E2NL SI 20250919 CS;SIMPLE_INSTRUMENT;BLOCK;EUR;133;0.47000000;9856;EXCHANGE_LAST;;1;2;XEUR;11357671;471;
14.03.2025;15:39:55.072;E2NL SI 20250919 CS;SIMPLE_INSTRUMENT;BLOCK;EUR;155;0.47000000;2640;EXCHANGE_LAST;;1;1;XEUR;11357671;471;
14.03.2025;14:58:01.611;E2NU SI 20250620 CS;SIMPLE_INSTRUMENT;BLOCK;EUR;146;0.13000000;870;EXCHANGE_LAST;;1;1;XEUR;10878671;300507;
14.03.2025;11:01:29.166;EADG SI 20250321 CS;SIMPLE_INSTRUMENT;BLOCK;EUR;29;163.42990000;1350;EXCHANGE_LAST;;1;1;XEUR;11420362;840008;
14.03.2025;14:45:51.886;EADP SI 20250321 PS;SIMPLE_INSTRUMENT;BLOCK;EUR;138;167.59000000;1750;EXCHANGE_LAST;;1;1;XEUR;10725394;124301;
14.03.2025;12:50:30.688;EDPF SI 20250321 CS;SIMPLE_INSTRUMENT;BLOCK;EUR;101;3.09200000;6841;EXCHANGE_LAST;;1;1;XEUR;10698744;457;
14.03.2025;12:50:30.769;EDPF SI 20250620 CS;SIMPLE_INSTRUMENT;BLOCK;EUR;102;2.91200000;6841;EXCHANGE_LAST;;1;1;XEUR;11173783;457;
14.03.2025;14:04:20.324;ENLH.S.MAR25.SEP25.SPD;FUTURES_SPREAD;BLOCK;EUR;132;0.14000000;22400;EXCHANGE_LAST;;2;1;XEUR;74312348789112878;524976;
14.03.2025;14:04:20.324;ENLH SI 20250918 CS;SIMPLE_INSTRUMENT;BLOCK;EUR;132;6.86910000;22400;PRC_DECOMP_EXCHANGE;;;;XEUR;11694243;524976;EXCHANGE
14.03.2025;14:04:20.324;ENLH SI 20250320 CS;SIMPLE_INSTRUMENT;BLOCK;EUR;132;7.00910000;22400;PRC_DECOMP_EXCHANGE;;;;XEUR;10690796;524976;EXCHANGE
14.03.2025;15:38:13.985;ENLH.S.MAR25.SEP25.SPD;FUTURES_SPREAD;BLOCK;EUR;153;0.14000000;6000;EXCHANGE_LAST;;1;1;XEUR;74312348789112878;524976;
14.03.2025;15:38:13.985;ENLH SI 20250918 CS;SIMPLE_INSTRUMENT;BLOCK;EUR;153;6.86910000;6000;PRC_DECOMP_EXCHANGE;;;;XEUR;11694243;524976;EXCHANGE
14.03.2025;15:38:13.985;ENLH SI 20250320 CS;SIMPLE_INSTRUMENT;BLOCK;EUR;153;7.00910000;6000;PRC_DECOMP_EXCHANGE;;;;XEUR;10690796;524976;EXCHANGE
14.03.2025;09:24:14.647;ENR SI 20250321 PS AM P 54.00 0;SIMPLE_INSTRUMENT;BLOCK;EUR;2;1.23000000;4000;EXCHANGE_LAST;;3;3;XEUR;12484033;298530;
14.03.2025;12:23:48.154;ENR SI 20250417 PS AM C 66.00 0;SIMPLE_INSTRUMENT;BLOCK;EUR;15;3.10000000;2000;EXCHANGE_LAST;;1;1;XEUR;12650609;298530;
14.03.2025;12:45:29.253;ENR SI 20250321 PS AM C 62.00 0;SIMPLE_INSTRUMENT;BLOCK;EUR;18;1.70000000;1000;EXCHANGE_LAST;;1;1;XEUR;12484035;298530;
14.03.2025;13:41:31.425;ENR SI 20250417 PS AM C 66.00 0;SIMPLE_INSTRUMENT;BLOCK;EUR;24;3.09000000;15355;EXCHANGE_LAST;;1;1;XEUR;12650609;298530;
14.03.2025;13:41:51.853;ENR SI 20250417 PS AM C 62.00 0;SIMPLE_INSTRUMENT;BLOCK;EUR;25;4.40000000;15325;EXCHANGE_LAST;;1;1;XEUR;12650617;298530;
14.03.2025;13:42:13.090;ENR SI 20250417 PS AM C 80.00 0;SIMPLE_INSTRUMENT;BLOCK;EUR;26;0.81000000;23033;EXCHANGE_LAST;;1;1;XEUR;12797241;298530;
14.03.2025;13:42:30.204;ENR SI 20250417 PS AM C 60.00 0;SIMPLE_INSTRUMENT;BLOCK;EUR;27;5.28000000;3700;EXCHANGE_LAST;;1;1;XEUR;12650613;298530;
14.03.2025;13:43:38.166;ENR SI 20250417 PS AM C 72.00 0;SIMPLE_INSTRUMENT;BLOCK;EUR;28;1.78000000;28538;EXCHANGE_LAST;;1;1;XEUR;12686225;298530;
14.03.2025;14:05:24.339;ENR SI 20250620 PS AM P 60.00 0;SIMPLE_INSTRUMENT;BLOCK;EUR;31;8.10000000;5000;EXCHANGE_LAST;;2;1;XEUR;12193230;298530;
14.03.2025;14:09:56.618;ENR SI 20250620 PS AM C 60.00 0;SIMPLE_INSTRUMENT;BLOCK;EUR;32;7.92000000;2490;EXCHANGE_LAST;;1;1;XEUR;12193229;298530;
14.03.2025;14:10:12.769;ENR SI 20250620 PS AM C 60.00 0;SIMPLE_INSTRUMENT;BLOCK;EUR;33;7.95000000;2510;EXCHANGE_LAST;;1;1;XEUR;12193229;298530;
14.03.2025;14:24:39.366;ENR SI 20250417 PS AM C 62.00 0;SIMPLE_INSTRUMENT;BLOCK;EUR;34;4.05000000;10000;EXCHANGE_LAST;;1;1;XEUR;12650617;298530;
14.03.2025;16:26:51.097;ENT5 SI 20250619 PS AM P 13.00 0;SIMPLE_INSTRUMENT;BLOCK;EUR;22;0.41250000;1760;EXCHANGE_LAST;;1;2;XEUR;10742895;497;
14.03.2025;11:29:47.203;ENUF SI 20250619 CS;SIMPLE_INSTRUMENT;BLOCK;EUR;49;9.72300000;1588;EXCHANGE_LAST;;1;1;XEUR;11174652;499;
14.03.2025;11:30:09.012;ENUF SI 20250321 CS;SIMPLE_INSTRUMENT;BLOCK;EUR;50;9.80000000;1588;EXCHANGE_LAST;;1;1;XEUR;10699583;499;
14.03.2025;14:57:11.716;ENUF SI 20250619 CS;SIMPLE_INSTRUMENT;BLOCK;EUR;144;9.67960000;10000;EXCHANGE_LAST;;1;1;XEUR;11174652;499;
14.03.2025;15:50:48.214;ESSG SI 20250516 CS;SIMPLE_INSTRUMENT;BLOCK;EUR;156;50.07010000;196;EXCHANGE_LAST;;1;1;XEUR;11065661;324377;
14.03.2025;09:53:03.757;FBTP SI 20250606 PS;SIMPLE_INSTRUMENT;EFP_FIN;EUR;1;116.19000000;442;EXCHANGE_LAST;;1;1;XEUR;11820365;636;
14.03.2025;10:37:33.123;FBTP SI 20250606 PS;SIMPLE_INSTRUMENT;EFP_FIN;EUR;2;116.13000000;160;EXCHANGE_LAST;;1;1;XEUR;11820365;636;
14.03.2025;10:58:56.808;FBTP SI 20250606 PS;SIMPLE_INSTRUMENT;EFP_FIN;EUR;3;115.80000000;884;EXCHANGE_LAST;;1;1;XEUR;11820365;636;
14.03.2025;11:02:21.907;FBTP SI 20250606 PS;SIMPLE_INSTRUMENT;BLOCK;EUR;4;115.90000000;1629;EXCHANGE_LAST;;1;1;XEUR;11820365;636;
14.03.2025;11:04:40.373;FBTP SI 20250606 PS;SIMPLE_INSTRUMENT;EFP_FIN;EUR;5;116.12000000;331;EXCHANGE_LAST;;1;1;XEUR;11820365;636;
14.03.2025;11:31:37.510;FBTP SI 20250606 PS;SIMPLE_INSTRUMENT;BLOCK;EUR;6;115.86000000;2000;EXCHANGE_LAST;;1;1;XEUR;11820365;636;
14.03.2025;11:34:17.945;FBTP SI 20250606 PS;SIMPLE_INSTRUMENT;BLOCK;EUR;7;115.96000000;442;EXCHANGE_LAST;;1;1;XEUR;11820365;636;
14.03.2025;11:44:07.560;FBTP SI 20250606 PS;SIMPLE_INSTRUMENT;EFS;EUR;8;115.87000000;604;EXCHANGE_LAST;;1;1;XEUR;11820365;636;
14.03.2025;12:08:10.846;FBTP SI 20250606 PS;SIMPLE_INSTRUMENT;BLOCK;EUR;9;115.82000000;884;EXCHANGE_LAST;;1;1;XEUR;11820365;636;
14.03.2025;13:17:16.579;FBTP SI 20250606 PS;SIMPLE_INSTRUMENT;EFP_FIN;EUR;10;115.87000000;885;EXCHANGE_LAST;;1;1;XEUR;11820365;636;
14.03.2025;13:21:56.294;FBTP SI 20250606 PS;SIMPLE_INSTRUMENT;EFP_FIN;EUR;11;115.90000000;592;EXCHANGE_LAST;;1;1;XEUR;11820365;636;
14.03.2025;13:25:41.301;FBTP SI 20250606 PS;SIMPLE_INSTRUMENT;EFP_FIN;EUR;12;115.87000000;919;EXCHANGE_LAST;;1;1;XEUR;11820365;636;
14.03.2025;13:26:42.005;FBTP SI 20250606 PS;SIMPLE_INSTRUMENT;EFP_FIN;EUR;13;115.91000000;88;EXCHANGE_LAST;;1;1;XEUR;11820365;636;
14.03.2025;13:28:03.684;FBTP SI 20250606 PS;SIMPLE_INSTRUMENT;EFP_FIN;EUR;14;115.91000000;67;EXCHANGE_LAST;;1;1;XEUR;11820365;636;
14.03.2025;13:28:07.154;FBTP SI 20250606 PS;SIMPLE_INSTRUMENT;BLOCK;EUR;15;115.91000000;2790;EXCHANGE_LAST;;1;1;XEUR;11820365;636;
14.03.2025;13:32:43.773;FBTP SI 20250606 PS;SIMPLE_INSTRUMENT;EFP_FIN;EUR;16;115.91000000;53;EXCHANGE_LAST;;1;1;XEUR;11820365;636;
14.03.2025;13:47:39.098;FBTP SI 20250606 PS;SIMPLE_INSTRUMENT;EFP_FIN;EUR;17;115.98000000;402;EXCHANGE_LAST;;1;1;XEUR;11820365;636;
14.03.2025;14:40:44.276;FBTP SI 20250606 PS;SIMPLE_INSTRUMENT;BLOCK;EUR;18;116.00000000;884;EXCHANGE_LAST;;1;1;XEUR;11820365;636;
14.03.2025;14:52:55.356;FBTP SI 20250606 PS;SIMPLE_INSTRUMENT;BLOCK;EUR;19;116.07000000;2211;EXCHANGE_LAST;;1;1;XEUR;11820365;636;
14.03.2025;15:13:33.220;FBTP SI 20250606 PS;SIMPLE_INSTRUMENT;EFP_FIN;EUR;20;116.15000000;467;EXCHANGE_LAST;;1;1;XEUR;11820365;636;
14.03.2025;15:17:51.570;FBTP SI 20250606 PS;SIMPLE_INSTRUMENT;EFP_FIN;EUR;21;116.12000000;447;EXCHANGE_LAST;;1;1;XEUR;11820365;636;
14.03.2025;16:14:47.363;FBTP SI 20250606 PS;SIMPLE_INSTRUMENT;EFP_FIN;EUR;22;116.20000000;67;EXCHANGE_LAST;;1;1;XEUR;11820365;636;
14.03.2025;09:12:36.728;FBTS SI 20250606 PS;SIMPLE_INSTRUMENT;EFP_FIN;EUR;3;107.07000000;82;EXCHANGE_LAST;;1;1;XEUR;11820367;639;
14.03.2025;10:13:44.450;FBTS SI 20250606 PS;SIMPLE_INSTRUMENT;BLOCK;EUR;5;107.08000000;393;EXCHANGE_LAST;;1;1;XEUR;11820367;639;
14.03.2025;10:18:54.792;FBTS SI 20250606 PS;SIMPLE_INSTRUMENT;EFP_FIN;EUR;6;107.09000000;292;EXCHANGE_LAST;;1;1;XEUR;11820367;639;
14.03.2025;15:45:59.090;FBTS SI 20250606 PS;SIMPLE_INSTRUMENT;BLOCK;EUR;25;107.07000000;238;EXCHANGE_LAST;;1;1;XEUR;11820367;639;
14.03.2025;15:57:57.282;FBTS SI 20250606 PS;SIMPLE_INSTRUMENT;EFP_FIN;EUR;26;107.10000000;476;EXCHANGE_LAST;;1;1;XEUR;11820367;639;
14.03.2025;16:05:29.879;FBTS SI 20250606 PS;SIMPLE_INSTRUMENT;EFP_FIN;EUR;29;107.10000000;2209;EXCHANGE_LAST;;1;1;XEUR;11820367;639;
14.03.2025;16:26:15.689;FBTS SI 20250606 PS;SIMPLE_INSTRUMENT;EFP_FIN;EUR;31;107.10000000;238;EXCHANGE_LAST;;1;1;XEUR;11820367;639;
14.03.2025;16:26:59.443;FBTS SI 20250606 PS;SIMPLE_INSTRUMENT;EFP_FIN;EUR;33;107.10000000;714;EXCHANGE_LAST;;1;1;XEUR;11820367;639;
14.03.2025;16:33:03.571;FBTS SI 20250606 PS;SIMPLE_INSTRUMENT;EFP_FIN;EUR;34;107.10000000;238;EXCHANGE_LAST;;1;1;XEUR;11820367;639;
14.03.2025;16:33:03.271;FBTS SI 20250606 PS;SIMPLE_INSTRUMENT;EFP_FIN;EUR;35;107.09000000;952;EXCHANGE_LAST;;1;1;XEUR;11820367;639;
14.03.2025;09:59:48.720;FCEU.S.MAR25.JUN25.SPD;FUTURES_SPREAD;BLOCK;USD;1;-0.00538000;730;EXCHANGE_LAST;;1;1;XEUR;73644051877855636;369376;
14.03.2025;09:59:48.720;FCEU SI 20250616 PS;SIMPLE_INSTRUMENT;BLOCK;USD;1;1.09038000;730;PRC_DECOMP_MEMBER;;;;XEUR;7879022;369376;MEMBER
14.03.2025;09:59:48.720;FCEU SI 20250317 PS;SIMPLE_INSTRUMENT;BLOCK;USD;1;1.08500000;730;PRC_DECOMP_MEMBER;;;;XEUR;9136240;369376;MEMBER
14.03.2025;11:31:32.778;FCEU SI 20250616 PS;SIMPLE_INSTRUMENT;BLOCK;USD;4;1.09510000;246;EXCHANGE_LAST;;1;1;XEUR;7879022;369376;
14.03.2025;10:41:25.085;FCMU SI 20250616 CS;SIMPLE_INSTRUMENT;BLOCK;USD;2;0.04923000;100;EXCHANGE_LAST;;1;1;XEUR;11855448;570874;
14.03.2025;16:11:47.974;FCMU SI 20250616 CS;SIMPLE_INSTRUMENT;BLOCK;USD;6;0.04968000;100;EXCHANGE_LAST;;1;1;XEUR;11855448;570874;
14.03.2025;11:07:03.878;FCPU SI 20250616 PS;SIMPLE_INSTRUMENT;BLOCK;USD;3;1.29390000;195;EXCHANGE_LAST;;1;1;XEUR;7879040;369379;
14.03.2025;14:01:58.870;FCZU SI 20250616 CS;SIMPLE_INSTRUMENT;BLOCK;USD;5;0.05453000;100;EXCHANGE_LAST;;1;1;XEUR;11855446;570872;
14.03.2025;10:07:16.326;FD3D SI 20261218 CS;SIMPLE_INSTRUMENT;BLOCK;EUR;17;110.20000000;400;EXCHANGE_LAST;;1;1;XEUR;7158183;588;
14.03.2025;10:34:54.408;FD3D SI 20261218 CS;SIMPLE_INSTRUMENT;BLOCK;EUR;19;110.40000000;400;EXCHANGE_LAST;;1;2;XEUR;7158183;588;
14.03.2025;10:54:26.850;FD3D SI 20261218 CS;SIMPLE_INSTRUMENT;BLOCK;EUR;28;110.40000000;200;EXCHANGE_LAST;;1;1;XEUR;7158183;588;
14.03.2025;13:57:34.763;FD3D SI 20261218 CS;SIMPLE_INSTRUMENT;BLOCK;EUR;77;110.50000000;250;EXCHANGE_LAST;;1;1;XEUR;7158183;588;
14.03.2025;16:42:06.626;FDAX SI 20250321 CS;SIMPLE_INSTRUMENT;EFP_IDX;EUR;1;22995.00000000;8;EXCHANGE_LAST;;1;1;XEUR;7561255;589;
14.03.2025;16:42:22.438;FDAX SI 20250321 CS;SIMPLE_INSTRUMENT;EFP_IDX;EUR;2;22996.00000000;34;EXCHANGE_LAST;;1;1;XEUR;7561255;589;
14.03.2025;16:56:03.728;FDAX SI 20250321 CS;SIMPLE_INSTRUMENT;EFP_IDX;EUR;3;23010.00000000;150;EXCHANGE_LAST;;1;1;XEUR;7561255;589;
14.03.2025;12:18:13.922;FDAX SI 20250321 CS;SIMPLE_INSTRUMENT;VOLA;EUR;671088650;23040.00000000;12;EXCHANGE_LAST;;1;1;XEUR;7561255;589;
14.03.2025;13:28:08.372;FDAX SI 20250321 CS;SIMPLE_INSTRUMENT;VOLA;EUR;671088655;22960.00000000;59;EXCHANGE_LAST;;1;1;XEUR;7561255;589;
14.03.2025;14:12:02.238;FDAX SI 20250321 CS;SIMPLE_INSTRUMENT;VOLA;EUR;671088659;22680.00000000;90;EXCHANGE_LAST;;1;1;XEUR;7561255;589;
14.03.2025;15:34:06.704;FDAX SI 20250321 CS;SIMPLE_INSTRUMENT;VOLA;EUR;671088669;22980.00000000;37;EXCHANGE_LAST;;1;1;XEUR;7561255;589;
14.03.2025;15:38:08.928;FEBD SI 20261218 CS;SIMPLE_INSTRUMENT;BLOCK;EUR;102;10.46000000;1500;EXCHANGE_LAST;;1;1;XEUR;7158212;597;
14.03.2025;15:39:03.528;FEBD SI 20261218 CS;SIMPLE_INSTRUMENT;BLOCK;EUR;103;10.47000000;315;EXCHANGE_LAST;;1;1;XEUR;7158212;597;
14.03.2025;16:35:40.666;FEBD SI 20271217 CS;SIMPLE_INSTRUMENT;BLOCK;EUR;117;9.80000000;400;EXCHANGE_LAST;;2;1;XEUR;7776307;597;
14.03.2025;08:56:42.795;FECX.S.MAR25.JUN25.SPD;FUTURES_SPREAD;BLOCK;EUR;5;-1.45000000;97;EXCHANGE_LAST;;1;1;XEUR;73819209234120730;410158;
14.03.2025;08:56:42.795;FECX SI 20250620 CS;SIMPLE_INSTRUMENT;BLOCK;EUR;5;165.33000000;97;PRC_DECOMP_EXCHANGE;;;;XEUR;11949125;410158;EXCHANGE
14.03.2025;08:56:42.795;FECX SI 20250321 CS;SIMPLE_INSTRUMENT;BLOCK;EUR;5;163.88000000;97;PRC_DECOMP_EXCHANGE;;;;XEUR;11427948;410158;EXCHANGE
14.03.2025;09:36:38.418;FECX SI 20250321 CS;SIMPLE_INSTRUMENT;BLOCK;EUR;8;164.00000000;2497;EXCHANGE_LAST;;1;1;XEUR;11427948;410158;
14.03.2025;09:37:09.111;FECX SI 20250620 CS;SIMPLE_INSTRUMENT;BLOCK;EUR;9;165.50000000;2497;EXCHANGE_LAST;;1;1;XEUR;11949125;410158;
14.03.2025;09:37:45.513;FECX SI 20250620 CS;SIMPLE_INSTRUMENT;BLOCK;EUR;10;165.50000000;2497;EXCHANGE_LAST;;1;1;XEUR;11949125;410158;
14.03.2025;09:42:32.326;FECX SI 20250321 CS;SIMPLE_INSTRUMENT;BLOCK;EUR;11;164.00000000;2497;EXCHANGE_LAST;;1;1;XEUR;11427948;410158;
14.03.2025;10:24:39.827;FECX.S.MAR25.JUN25.SPD;FUTURES_SPREAD;BLOCK;EUR;18;-1.29000000;849;EXCHANGE_LAST;;1;1;XEUR;73819209234120730;410158;
14.03.2025;10:24:39.827;FECX SI 20250620 CS;SIMPLE_INSTRUMENT;BLOCK;EUR;18;165.27000000;849;PRC_DECOMP_EXCHANGE;;;;XEUR;11949125;410158;EXCHANGE
14.03.2025;10:24:39.827;FECX SI 20250321 CS;SIMPLE_INSTRUMENT;BLOCK;EUR;18;163.98000000;849;PRC_DECOMP_EXCHANGE;;;;XEUR;11427948;410158;EXCHANGE
14.03.2025;10:35:50.516;FECX SI 20250321 CS;SIMPLE_INSTRUMENT;BLOCK;EUR;20;163.98000000;100;EXCHANGE_LAST;;1;1;XEUR;11427948;410158;
14.03.2025;10:42:59.061;FECX.S.MAR25.JUN25.SPD;FUTURES_SPREAD;BLOCK;EUR;21;-1.29000000;1757;EXCHANGE_LAST;;1;1;XEUR;73819209234120730;410158;
14.03.2025;10:42:59.061;FECX SI 20250321 CS;SIMPLE_INSTRUMENT;BLOCK;EUR;21;164.04000000;1757;PRC_DECOMP_MEMBER;;;;XEUR;11427948;410158;MEMBER
14.03.2025;10:42:59.061;FECX SI 20250620 CS;SIMPLE_INSTRUMENT;BLOCK;EUR;21;165.33000000;1757;PRC_DECOMP_MEMBER;;;;XEUR;11949125;410158;MEMBER
14.03.2025;10:42:55.805;FECX SI 20250321 CS;SIMPLE_INSTRUMENT;BLOCK;EUR;23;164.00000000;656;EXCHANGE_LAST;;1;1;XEUR;11427948;410158;
14.03.2025;10:44:06.679;FECX SI 20250620 CS;SIMPLE_INSTRUMENT;BLOCK;EUR;24;165.29000000;656;EXCHANGE_LAST;;1;1;XEUR;11949125;410158;
14.03.2025;10:45:05.210;FECX.S.MAR25.JUN25.SPD;FUTURES_SPREAD;BLOCK;EUR;25;-1.29000000;110;EXCHANGE_LAST;;1;1;XEUR;73819209234120730;410158;
14.03.2025;10:45:05.210;FECX SI 20250620 CS;SIMPLE_INSTRUMENT;BLOCK;EUR;25;165.29000000;110;PRC_DECOMP_MEMBER;;;;XEUR;11949125;410158;MEMBER
14.03.2025;10:45:05.210;FECX SI 20250321 CS;SIMPLE_INSTRUMENT;BLOCK;EUR;25;164.00000000;110;PRC_DECOMP_MEMBER;;;;XEUR;11427948;410158;MEMBER
14.03.2025;13:56:27.411;FECX SI 20250321 CS;SIMPLE_INSTRUMENT;BLOCK;EUR;78;164.10000000;121;EXCHANGE_LAST;;1;1;XEUR;11427948;410158;
14.03.2025;13:57:09.229;FECX SI 20250620 CS;SIMPLE_INSTRUMENT;BLOCK;EUR;79;165.36000000;120;EXCHANGE_LAST;;1;1;XEUR;11949125;410158;
14.03.2025;15:49:06.137;FECX SI 20250321 CS;SIMPLE_INSTRUMENT;BLOCK;EUR;104;164.20000000;85;EXCHANGE_LAST;;1;1;XEUR;11427948;410158;
14.03.2025;16:11:39.174;FECX.S.MAR25.JUN25.SPD;FUTURES_SPREAD;BLOCK;EUR;109;-1.14000000;500;EXCHANGE_LAST;;1;1;XEUR;73819209234120730;410158;
14.03.2025;16:11:39.174;FECX SI 20250321 CS;SIMPLE_INSTRUMENT;BLOCK;EUR;109;164.20000000;500;PRC_DECOMP_MEMBER;;;;XEUR;11427948;410158;MEMBER
14.03.2025;16:11:39.174;FECX SI 20250620 CS;SIMPLE_INSTRUMENT;BLOCK;EUR;109;165.34000000;500;PRC_DECOMP_MEMBER;;;;XEUR;11949125;410158;MEMBER
14.03.2025;11:27:04.335;FEDV.S.MAR25.JUN25.SPD;FUTURES_SPREAD;BLOCK;EUR;35;52.70000000;500;EXCHANGE_LAST;;1;1;XEUR;72060153838436446;596;
14.03.2025;11:27:04.335;FEDV SI 20250321 CS;SIMPLE_INSTRUMENT;BLOCK;EUR;35;1905.00000000;500;PRC_DECOMP_MEMBER;;;;XEUR;11359068;596;MEMBER
14.03.2025;11:27:04.335;FEDV SI 20250620 CS;SIMPLE_INSTRUMENT;BLOCK;EUR;35;1852.30000000;500;PRC_DECOMP_MEMBER;;;;XEUR;11880642;596;MEMBER
14.03.2025;11:27:09.673;FEDV.S.MAR25.JUN25.SPD;FUTURES_SPREAD;BLOCK;EUR;38;52.80000000;500;EXCHANGE_LAST;;1;1;XEUR;72060153838436446;596;
14.03.2025;11:27:09.673;FEDV SI 20250321 CS;SIMPLE_INSTRUMENT;BLOCK;EUR;38;1905.00000000;500;PRC_DECOMP_MEMBER;;;;XEUR;11359068;596;MEMBER
14.03.2025;11:27:09.673;FEDV SI 20250620 CS;SIMPLE_INSTRUMENT;BLOCK;EUR;38;1852.20000000;500;PRC_DECOMP_MEMBER;;;;XEUR;11880642;596;MEMBER
14.03.2025;11:27:17.312;FEDV SI 20250321 CS;SIMPLE_INSTRUMENT;BLOCK;EUR;39;1895.00000000;1000;EXCHANGE_LAST;;1;1;XEUR;11359068;596;
14.03.2025;11:56:46.765;FEDV SI 20250321 CS;SIMPLE_INSTRUMENT;BLOCK;EUR;49;1895.00000000;3000;EXCHANGE_LAST;;1;1;XEUR;11359068;596;
14.03.2025;12:13:05.262;FEDV.S.MAR25.JUN25.SPD;FUTURES_SPREAD;BLOCK;EUR;50;53.00000000;2000;EXCHANGE_LAST;;2;1;XEUR;72060153838436446;596;
14.03.2025;12:13:05.262;FEDV SI 20250620 CS;SIMPLE_INSTRUMENT;BLOCK;EUR;50;1852.00000000;2000;PRC_DECOMP_EXCHANGE;;;;XEUR;11880642;596;EXCHANGE
14.03.2025;12:13:05.262;FEDV SI 20250321 CS;SIMPLE_INSTRUMENT;BLOCK;EUR;50;1905.00000000;2000;PRC_DECOMP_EXCHANGE;;;;XEUR;11359068;596;EXCHANGE
14.03.2025;12:41:19.438;FEDV SI 20250321 CS;SIMPLE_INSTRUMENT;BLOCK;EUR;57;1905.00000000;2000;EXCHANGE_LAST;;1;1;XEUR;11359068;596;
14.03.2025;12:41:12.192;FEDV SI 20250620 CS;SIMPLE_INSTRUMENT;BLOCK;EUR;58;1851.50000000;1000;EXCHANGE_LAST;;1;1;XEUR;11880642;596;
14.03.2025;12:41:24.205;FEDV SI 20250620 CS;SIMPLE_INSTRUMENT;BLOCK;EUR;59;1852.00000000;1000;EXCHANGE_LAST;;1;1;XEUR;11880642;596;
14.03.2025;12:43:20.478;FEDV.S.MAR25.JUN25.SPD;FUTURES_SPREAD;BLOCK;EUR;60;53.20000000;1500;EXCHANGE_LAST;;1;1;XEUR;72060153838436446;596;
14.03.2025;12:43:20.478;FEDV SI 20250620 CS;SIMPLE_INSTRUMENT;BLOCK;EUR;60;1851.50000000;1500;PRC_DECOMP_EXCHANGE;;;;XEUR;11880642;596;EXCHANGE
14.03.2025;12:43:20.478;FEDV SI 20250321 CS;SIMPLE_INSTRUMENT;BLOCK;EUR;60;1904.70000000;1500;PRC_DECOMP_EXCHANGE;;;;XEUR;11359068;596;EXCHANGE
14.03.2025;12:43:32.374;FEDV.S.MAR25.JUN25.SPD;FUTURES_SPREAD;BLOCK;EUR;61;53.30000000;1500;EXCHANGE_LAST;;1;1;XEUR;72060153838436446;596;
14.03.2025;12:43:32.374;FEDV SI 20250620 CS;SIMPLE_INSTRUMENT;BLOCK;EUR;61;1851.50000000;1500;PRC_DECOMP_EXCHANGE;;;;XEUR;11880642;596;EXCHANGE
14.03.2025;12:43:32.374;FEDV SI 20250321 CS;SIMPLE_INSTRUMENT;BLOCK;EUR;61;1904.80000000;1500;PRC_DECOMP_EXCHANGE;;;;XEUR;11359068;596;EXCHANGE
14.03.2025;12:45:46.555;FEDV.S.MAR25.JUN25.SPD;FUTURES_SPREAD;BLOCK;EUR;64;53.20000000;1000;EXCHANGE_LAST;;1;2;XEUR;72060153838436446;596;
14.03.2025;12:45:46.555;FEDV SI 20250620 CS;SIMPLE_INSTRUMENT;BLOCK;EUR;64;1851.50000000;1000;PRC_DECOMP_EXCHANGE;;;;XEUR;11880642;596;EXCHANGE
14.03.2025;12:45:46.555;FEDV SI 20250321 CS;SIMPLE_INSTRUMENT;BLOCK;EUR;64;1904.70000000;1000;PRC_DECOMP_EXCHANGE;;;;XEUR;11359068;596;EXCHANGE
14.03.2025;12:45:52.882;FEDV.S.MAR25.JUN25.SPD;FUTURES_SPREAD;BLOCK;EUR;65;53.30000000;1000;EXCHANGE_LAST;;1;2;XEUR;72060153838436446;596;
14.03.2025;12:45:52.882;FEDV SI 20250321 CS;SIMPLE_INSTRUMENT;BLOCK;EUR;65;1904.80000000;1000;PRC_DECOMP_EXCHANGE;;;;XEUR;11359068;596;EXCHANGE
14.03.2025;12:45:52.882;FEDV SI 20250620 CS;SIMPLE_INSTRUMENT;BLOCK;EUR;65;1851.50000000;1000;PRC_DECOMP_EXCHANGE;;;;XEUR;11880642;596;EXCHANGE
14.03.2025;12:49:44.822;FEDV SI 20250321 CS;SIMPLE_INSTRUMENT;BLOCK;EUR;67;1895.00000000;2000;EXCHANGE_LAST;;1;1;XEUR;11359068;596;
14.03.2025;13:06:37.952;FEDV SI 20250321 CS;SIMPLE_INSTRUMENT;BLOCK;EUR;70;1904.50000000;1500;EXCHANGE_LAST;;1;1;XEUR;11359068;596;
14.03.2025;13:06:49.430;FEDV SI 20250321 CS;SIMPLE_INSTRUMENT;BLOCK;EUR;71;1905.00000000;1500;EXCHANGE_LAST;;1;1;XEUR;11359068;596;
14.03.2025;13:07:09.457;FEDV SI 20250620 CS;SIMPLE_INSTRUMENT;BLOCK;EUR;72;1851.50000000;3000;EXCHANGE_LAST;;1;1;XEUR;11880642;596;
14.03.2025;13:27:30.341;FEDV SI 20250321 CS;SIMPLE_INSTRUMENT;BLOCK;EUR;73;1900.00000000;1302;EXCHANGE_LAST;;1;1;XEUR;11359068;596;
14.03.2025;13:27:36.391;FEDV SI 20250620 CS;SIMPLE_INSTRUMENT;BLOCK;EUR;74;1846.50000000;651;EXCHANGE_LAST;;1;1;XEUR;11880642;596;
14.03.2025;13:27:41.322;FEDV SI 20250620 CS;SIMPLE_INSTRUMENT;BLOCK;EUR;75;1847.00000000;651;EXCHANGE_LAST;;1;1;XEUR;11880642;596;
14.03.2025;16:45:53.841;FEDV SI 20250321 CS;SIMPLE_INSTRUMENT;EFP_IDX;EUR;124;1900.00000000;271;EXCHANGE_LAST;;1;1;XEUR;11359068;596;
14.03.2025;16:46:11.383;FEDV SI 20250321 CS;SIMPLE_INSTRUMENT;EFP_IDX;EUR;127;1899.00000000;59;EXCHANGE_LAST;;1;1;XEUR;11359068;596;
14.03.2025;11:01:23.105;FEHY.S.MAR25.JUN25.SPD;FUTURES_SPREAD;BLOCK;EUR;30;-2.32000000;405;EXCHANGE_LAST;;1;1;XEUR;74523107129294866;574047;
14.03.2025;11:01:23.105;FEHY SI 20250321 CS;SIMPLE_INSTRUMENT;BLOCK;EUR;30;295.00000000;405;PRC_DECOMP_MEMBER;;;;XEUR;11428365;574047;MEMBER
14.03.2025;11:01:23.105;FEHY SI 20250620 CS;SIMPLE_INSTRUMENT;BLOCK;EUR;30;297.32000000;405;PRC_DECOMP_MEMBER;;;;XEUR;11949378;574047;MEMBER
14.03.2025;11:04:54.199;FEHY.S.MAR25.JUN25.SPD;FUTURES_SPREAD;BLOCK;EUR;31;-2.32000000;405;EXCHANGE_LAST;;1;1;XEUR;74523107129294866;574047;
14.03.2025;11:04:54.199;FEHY SI 20250620 CS;SIMPLE_INSTRUMENT;BLOCK;EUR;31;297.32000000;405;PRC_DECOMP_MEMBER;;;;XEUR;11949378;574047;MEMBER
14.03.2025;11:04:54.199;FEHY SI 20250321 CS;SIMPLE_INSTRUMENT;BLOCK;EUR;31;295.00000000;405;PRC_DECOMP_MEMBER;;;;XEUR;11428365;574047;MEMBER
14.03.2025;11:16:43.071;FEHY.S.MAR25.JUN25.SPD;FUTURES_SPREAD;BLOCK;EUR;34;-2.30000000;250;EXCHANGE_LAST;;1;1;XEUR;74523107129294866;574047;
14.03.2025;11:16:43.071;FEHY SI 20250321 CS;SIMPLE_INSTRUMENT;BLOCK;EUR;34;294.92000000;250;PRC_DECOMP_EXCHANGE;;;;XEUR;11428365;574047;EXCHANGE
14.03.2025;11:16:43.071;FEHY SI 20250620 CS;SIMPLE_INSTRUMENT;BLOCK;EUR;34;297.22000000;250;PRC_DECOMP_EXCHANGE;;;;XEUR;11949378;574047;EXCHANGE
14.03.2025;11:17:17.273;FEHY.S.MAR25.JUN25.SPD;FUTURES_SPREAD;BLOCK;EUR;36;-2.28000000;250;EXCHANGE_LAST;;1;1;XEUR;74523107129294866;574047;
14.03.2025;11:17:17.273;FEHY SI 20250321 CS;SIMPLE_INSTRUMENT;BLOCK;EUR;36;294.92000000;250;PRC_DECOMP_EXCHANGE;;;;XEUR;11428365;574047;EXCHANGE
14.03.2025;11:17:17.273;FEHY SI 20250620 CS;SIMPLE_INSTRUMENT;BLOCK;EUR;36;297.20000000;250;PRC_DECOMP_EXCHANGE;;;;XEUR;11949378;574047;EXCHANGE
14.03.2025;11:31:49.839;FEHY SI 20250321 CS;SIMPLE_INSTRUMENT;BLOCK;EUR;40;295.00000000;2700;EXCHANGE_LAST;;1;1;XEUR;11428365;574047;
14.03.2025;11:28:23.826;FEHY.S.MAR25.JUN25.SPD;FUTURES_SPREAD;BLOCK;EUR;41;-2.28000000;614;EXCHANGE_LAST;;1;1;XEUR;74523107129294866;574047;
14.03.2025;11:28:23.826;FEHY SI 20250321 CS;SIMPLE_INSTRUMENT;BLOCK;EUR;41;295.00000000;614;PRC_DECOMP_MEMBER;;;;XEUR;11428365;574047;MEMBER
14.03.2025;11:28:23.826;FEHY SI 20250620 CS;SIMPLE_INSTRUMENT;BLOCK;EUR;41;297.28000000;614;PRC_DECOMP_MEMBER;;;;XEUR;11949378;574047;MEMBER
14.03.2025;11:32:26.061;FEHY SI 20250620 CS;SIMPLE_INSTRUMENT;BLOCK;EUR;42;297.30000000;1350;EXCHANGE_LAST;;1;1;XEUR;11949378;574047;
14.03.2025;11:32:16.672;FEHY SI 20250620 CS;SIMPLE_INSTRUMENT;BLOCK;EUR;43;297.28000000;1350;EXCHANGE_LAST;;1;1;XEUR;11949378;574047;
14.03.2025;11:35:52.719;FEHY.S.MAR25.JUN25.SPD;FUTURES_SPREAD;BLOCK;EUR;44;-2.30000000;150;EXCHANGE_LAST;;1;1;XEUR;74523107129294866;574047;
14.03.2025;11:35:52.719;FEHY SI 20250620 CS;SIMPLE_INSTRUMENT;BLOCK;EUR;44;297.22000000;150;PRC_DECOMP_EXCHANGE;;;;XEUR;11949378;574047;EXCHANGE
14.03.2025;11:35:52.719;FEHY SI 20250321 CS;SIMPLE_INSTRUMENT;BLOCK;EUR;44;294.92000000;150;PRC_DECOMP_EXCHANGE;;;;XEUR;11428365;574047;EXCHANGE
14.03.2025;11:36:10.133;FEHY.S.MAR25.JUN25.SPD;FUTURES_SPREAD;BLOCK;EUR;45;-2.28000000;150;EXCHANGE_LAST;;1;1;XEUR;74523107129294866;574047;
14.03.2025;11:36:10.133;FEHY SI 20250321 CS;SIMPLE_INSTRUMENT;BLOCK;EUR;45;294.92000000;150;PRC_DECOMP_EXCHANGE;;;;XEUR;11428365;574047;EXCHANGE
14.03.2025;11:36:10.133;FEHY SI 20250620 CS;SIMPLE_INSTRUMENT;BLOCK;EUR;45;297.20000000;150;PRC_DECOMP_EXCHANGE;;;;XEUR;11949378;574047;EXCHANGE
14.03.2025;12:24:28.739;FEHY SI 20250620 CS;SIMPLE_INSTRUMENT;BLOCK;EUR;56;297.28000000;225;EXCHANGE_LAST;;1;1;XEUR;11949378;574047;
14.03.2025;14:31:44.721;FEHY.S.MAR25.JUN25.SPD;FUTURES_SPREAD;BLOCK;EUR;83;-2.12000000;205;EXCHANGE_LAST;;1;1;XEUR;74523107129294866;574047;
14.03.2025;14:31:44.721;FEHY SI 20250620 CS;SIMPLE_INSTRUMENT;BLOCK;EUR;83;297.12000000;205;PRC_DECOMP_EXCHANGE;;;;XEUR;11949378;574047;EXCHANGE
14.03.2025;14:31:44.721;FEHY SI 20250321 CS;SIMPLE_INSTRUMENT;BLOCK;EUR;83;295.00000000;205;PRC_DECOMP_EXCHANGE;;;;XEUR;11428365;574047;EXCHANGE
14.03.2025;14:33:27.249;FEHY.S.MAR25.JUN25.SPD;FUTURES_SPREAD;BLOCK;EUR;84;-2.12000000;2197;EXCHANGE_LAST;;1;1;XEUR;74523107129294866;574047;
14.03.2025;14:33:27.249;FEHY SI 20250321 CS;SIMPLE_INSTRUMENT;BLOCK;EUR;84;295.14000000;2197;PRC_DECOMP_MEMBER;;;;XEUR;11428365;574047;MEMBER
14.03.2025;14:33:27.249;FEHY SI 20250620 CS;SIMPLE_INSTRUMENT;BLOCK;EUR;84;297.26000000;2197;PRC_DECOMP_MEMBER;;;;XEUR;11949378;574047;MEMBER
14.03.2025;15:03:20.018;FEHY.S.MAR25.JUN25.SPD;FUTURES_SPREAD;BLOCK;EUR;90;-2.02000000;675;EXCHANGE_LAST;;1;1;XEUR;74523107129294866;574047;
14.03.2025;15:03:20.018;FEHY SI 20250620 CS;SIMPLE_INSTRUMENT;BLOCK;EUR;90;297.16000000;675;PRC_DECOMP_MEMBER;;;;XEUR;11949378;574047;MEMBER
14.03.2025;15:03:20.018;FEHY SI 20250321 CS;SIMPLE_INSTRUMENT;BLOCK;EUR;90;295.14000000;675;PRC_DECOMP_MEMBER;;;;XEUR;11428365;574047;MEMBER
14.03.2025;16:15:13.067;FES1 SI 20250321 PS;SIMPLE_INSTRUMENT;BLOCK;EUR;112;-2.00000000;226;EXCHANGE_LAST;;1;1;XEUR;11391470;58959;
14.03.2025;16:19:58.012;FES1 SI 20250321 PS;SIMPLE_INSTRUMENT;BLOCK;EUR;113;-2.10000000;1400;EXCHANGE_LAST;;1;1;XEUR;11391470;58959;
14.03.2025;10:47:54.211;FESB.S.MAR25.JUN25.SPD;FUTURES_SPREAD;BLOCK;EUR;99;4.60000000;5231;EXCHANGE_LAST;;2;1;XEUR;72060192493142110;605;
14.03.2025;10:47:54.211;FESB SI 20250321 CS;SIMPLE_INSTRUMENT;BLOCK;EUR;99;187.50000000;5231;PRC_DECOMP_MEMBER;;;;XEUR;11359072;605;MEMBER
14.03.2025;10:47:54.211;FESB SI 20250620 CS;SIMPLE_INSTRUMENT;BLOCK;EUR;99;182.90000000;5231;PRC_DECOMP_MEMBER;;;;XEUR;11880665;605;MEMBER
14.03.2025;10:47:33.165;FESB.S.MAR25.JUN25.SPD;FUTURES_SPREAD;BLOCK;EUR;105;4.70000000;9715;EXCHANGE_LAST;;2;1;XEUR;72060192493142110;605;
14.03.2025;10:47:33.165;FESB SI 20250620 CS;SIMPLE_INSTRUMENT;BLOCK;EUR;105;182.80000000;9715;PRC_DECOMP_MEMBER;;;;XEUR;11880665;605;MEMBER
14.03.2025;10:47:33.165;FESB SI 20250321 CS;SIMPLE_INSTRUMENT;BLOCK;EUR;105;187.50000000;9715;PRC_DECOMP_MEMBER;;;;XEUR;11359072;605;MEMBER
14.03.2025;12:48:00.574;FESB SI 20250321 CS;SIMPLE_INSTRUMENT;BLOCK;EUR;140;190.00000000;10000;EXCHANGE_LAST;;1;1;XEUR;11359072;605;
14.03.2025;14:03:33.060;FESB SI 20250321 CS;SIMPLE_INSTRUMENT;BLOCK;EUR;148;186.50000000;1880;EXCHANGE_LAST;;1;1;XEUR;11359072;605;
14.03.2025;14:18:59.287;FESB SI 20250321 CS;SIMPLE_INSTRUMENT;BLOCK;EUR;155;190.50000000;10000;EXCHANGE_LAST;;1;1;XEUR;11359072;605;
14.03.2025;15:03:33.714;FESB SI 20250321 CS;SIMPLE_INSTRUMENT;BLOCK;EUR;169;191.00000000;5000;EXCHANGE_LAST;;1;1;XEUR;11359072;605;
14.03.2025;16:35:27.874;FESB SI 20250321 CS;SIMPLE_INSTRUMENT;BLOCK;EUR;196;190.20000000;3960;EXCHANGE_LAST;;1;1;XEUR;11359072;605;
14.03.2025;16:52:56.874;FESB SI 20250620 CS;SIMPLE_INSTRUMENT;BLOCK;EUR;214;186.00000000;2355;EXCHANGE_LAST;;1;1;XEUR;11880665;605;
14.03.2025;16:53:23.731;FESB SI 20250620 CS;SIMPLE_INSTRUMENT;BLOCK;EUR;215;185.95000000;12369;EXCHANGE_LAST;;1;1;XEUR;11880665;605;
14.03.2025;16:59:20.614;FESB SI 20250321 CS;SIMPLE_INSTRUMENT;BLOCK;EUR;219;190.20000000;2643;EXCHANGE_LAST;;1;1;XEUR;11359072;605;
14.03.2025;16:59:41.835;FESB SI 20250321 CS;SIMPLE_INSTRUMENT;BLOCK;EUR;220;190.30000000;16100;EXCHANGE_LAST;;1;1;XEUR;11359072;605;
14.03.2025;10:44:05.384;FESB SI 20250321 CS;SIMPLE_INSTRUMENT;VOLA;EUR;603979830;186.60000000;300;EXCHANGE_LAST;;1;1;XEUR;11359072;605;
14.03.2025;13:48:59.418;FESB SI 20250321 CS;SIMPLE_INSTRUMENT;VOLA;EUR;603979864;189.45000000;120;EXCHANGE_LAST;;1;1;XEUR;11359072;605;
14.03.2025;10:38:31.579;FESG SI 20250321 CS;SIMPLE_INSTRUMENT;VOLA;EUR;603979827;1482.20000000;11;EXCHANGE_LAST;;1;1;XEUR;11359719;687;
14.03.2025;09:48:38.192;FESU SI 20250321 CS;SIMPLE_INSTRUMENT;BLOCK;EUR;5;404.40000000;807;EXCHANGE_LAST;;1;1;XEUR;11359368;673;
14.03.2025;10:21:03.436;FESU SI 20250321 CS;SIMPLE_INSTRUMENT;VOLA;EUR;603979813;404.20000000;28;EXCHANGE_LAST;;1;1;XEUR;11359368;673;
14.03.2025;10:21:41.745;FESU SI 20250321 CS;SIMPLE_INSTRUMENT;VOLA;EUR;603979814;404.20000000;19;EXCHANGE_LAST;;1;1;XEUR;11359368;673;
14.03.2025;08:50:46.273;FESX.S.MAR25.JUN25.SPD;FUTURES_SPREAD;BLOCK;EUR;3;54.37000000;6504;EXCHANGE_LAST;;1;1;XEUR;72060493140861515;675;
14.03.2025;08:50:46.273;FESX SI 20250620 CS;SIMPLE_INSTRUMENT;BLOCK;EUR;3;5300.63000000;6504;PRC_DECOMP_MEMBER;;;;XEUR;7904020;675;MEMBER
14.03.2025;08:50:46.273;FESX SI 20250321 CS;SIMPLE_INSTRUMENT;BLOCK;EUR;3;5355.00000000;6504;PRC_DECOMP_MEMBER;;;;XEUR;7793482;675;MEMBER
14.03.2025;08:51:48.094;FESX.S.MAR25.JUN25.SPD;FUTURES_SPREAD;BLOCK;EUR;4;54.38000000;6505;EXCHANGE_LAST;;1;1;XEUR;72060493140861515;675;
14.03.2025;08:51:48.094;FESX SI 20250321 CS;SIMPLE_INSTRUMENT;BLOCK;EUR;4;5355.00000000;6505;PRC_DECOMP_MEMBER;;;;XEUR;7793482;675;MEMBER
14.03.2025;08:51:48.094;FESX SI 20250620 CS;SIMPLE_INSTRUMENT;BLOCK;EUR;4;5300.62000000;6505;PRC_DECOMP_MEMBER;;;;XEUR;7904020;675;MEMBER
14.03.2025;09:14:55.028;FESX SI 20250321 CS;SIMPLE_INSTRUMENT;EFP_IDX;EUR;6;5355.00000000;1000;EXCHANGE_LAST;;1;1;XEUR;7793482;675;
14.03.2025;09:17:52.653;FESX SI 20250321 CS;SIMPLE_INSTRUMENT;EFP_IDX;EUR;7;5360.00000000;1500;EXCHANGE_LAST;;1;1;XEUR;7793482;675;
14.03.2025;09:30:48.278;FESX SI 20250321 CS;SIMPLE_INSTRUMENT;BLOCK;EUR;8;5360.00000000;2000;EXCHANGE_LAST;;1;1;XEUR;7793482;675;
14.03.2025;09:35:25.161;FESX.S.MAR25.JUN25.SPD;FUTURES_SPREAD;BLOCK;EUR;9;54.12000000;2500;EXCHANGE_LAST;;1;1;XEUR;72060493140861515;675;
14.03.2025;09:35:25.161;FESX SI 20250321 CS;SIMPLE_INSTRUMENT;BLOCK;EUR;9;5355.12000000;2500;PRC_DECOMP_EXCHANGE;;;;XEUR;7793482;675;EXCHANGE
14.03.2025;09:35:25.161;FESX SI 20250620 CS;SIMPLE_INSTRUMENT;BLOCK;EUR;9;5301.00000000;2500;PRC_DECOMP_EXCHANGE;;;;XEUR;7904020;675;EXCHANGE
14.03.2025;09:35:16.025;FESX.S.MAR25.JUN25.SPD;FUTURES_SPREAD;BLOCK;EUR;10;54.13000000;2500;EXCHANGE_LAST;;1;1;XEUR;72060493140861515;675;
14.03.2025;09:35:16.025;FESX SI 20250620 CS;SIMPLE_INSTRUMENT;BLOCK;EUR;10;5302.00000000;2500;PRC_DECOMP_EXCHANGE;;;;XEUR;7904020;675;EXCHANGE
14.03.2025;09:35:16.025;FESX SI 20250321 CS;SIMPLE_INSTRUMENT;BLOCK;EUR;10;5356.13000000;2500;PRC_DECOMP_EXCHANGE;;;;XEUR;7793482;675;EXCHANGE
14.03.2025;09:44:10.333;FESX.S.MAR25.JUN25.SPD;FUTURES_SPREAD;BLOCK;EUR;11;54.50000000;8457;EXCHANGE_LAST;;1;1;XEUR;72060493140861515;675;
14.03.2025;09:44:10.333;FESX SI 20250321 CS;SIMPLE_INSTRUMENT;BLOCK;EUR;11;5357.50000000;8457;PRC_DECOMP_EXCHANGE;;;;XEUR;7793482;675;EXCHANGE
14.03.2025;09:44:10.333;FESX SI 20250620 CS;SIMPLE_INSTRUMENT;BLOCK;EUR;11;5303.00000000;8457;PRC_DECOMP_EXCHANGE;;;;XEUR;7904020;675;EXCHANGE
14.03.2025;09:46:19.596;FESX SI 20250321 CS;SIMPLE_INSTRUMENT;EFP_IDX;EUR;12;5355.00000000;1000;EXCHANGE_LAST;;1;1;XEUR;7793482;675;
14.03.2025;09:46:56.631;FESX SI 20250321 CS;SIMPLE_INSTRUMENT;BLOCK;EUR;13;5365.00000000;3045;EXCHANGE_LAST;;1;1;XEUR;7793482;675;
14.03.2025;10:12:05.652;FESX.S.MAR25.JUN25.SPD;FUTURES_SPREAD;BLOCK;EUR;14;53.90000000;20000;EXCHANGE_LAST;;1;1;XEUR;72060493140861515;675;
14.03.2025;10:12:05.652;FESX SI 20250321 CS;SIMPLE_INSTRUMENT;BLOCK;EUR;14;5367.90000000;20000;PRC_DECOMP_EXCHANGE;;;;XEUR;7793482;675;EXCHANGE
14.03.2025;10:12:05.652;FESX SI 20250620 CS;SIMPLE_INSTRUMENT;BLOCK;EUR;14;5314.00000000;20000;PRC_DECOMP_EXCHANGE;;;;XEUR;7904020;675;EXCHANGE
14.03.2025;10:51:45.655;FESX.S.MAR25.JUN25.SPD;FUTURES_SPREAD;BLOCK;EUR;15;53.88000000;5000;EXCHANGE_LAST;;1;1;XEUR;72060493140861515;675;
14.03.2025;10:51:45.655;FESX SI 20250321 CS;SIMPLE_INSTRUMENT;BLOCK;EUR;15;5366.00000000;5000;PRC_DECOMP_MEMBER;;;;XEUR;7793482;675;MEMBER
14.03.2025;10:51:45.655;FESX SI 20250620 CS;SIMPLE_INSTRUMENT;BLOCK;EUR;15;5312.12000000;5000;PRC_DECOMP_MEMBER;;;;XEUR;7904020;675;MEMBER
14.03.2025;10:51:54.358;FESX.S.MAR25.JUN25.SPD;FUTURES_SPREAD;BLOCK;EUR;16;53.87000000;5000;EXCHANGE_LAST;;1;1;XEUR;72060493140861515;675;
14.03.2025;10:51:54.358;FESX SI 20250620 CS;SIMPLE_INSTRUMENT;BLOCK;EUR;16;5312.13000000;5000;PRC_DECOMP_MEMBER;;;;XEUR;7904020;675;MEMBER
14.03.2025;10:51:54.358;FESX SI 20250321 CS;SIMPLE_INSTRUMENT;BLOCK;EUR;16;5366.00000000;5000;PRC_DECOMP_MEMBER;;;;XEUR;7793482;675;MEMBER
14.03.2025;11:04:48.602;FESX SI 20250321 CS;SIMPLE_INSTRUMENT;BLOCK;EUR;17;5390.00000000;4000;EXCHANGE_LAST;;1;1;XEUR;7793482;675;
14.03.2025;11:06:29.388;FESX SI 20250321 CS;SIMPLE_INSTRUMENT;BLOCK;EUR;18;5395.00000000;3000;EXCHANGE_LAST;;1;1;XEUR;7793482;675;
14.03.2025;11:11:56.914;FESX SI 20250321 CS;SIMPLE_INSTRUMENT;BLOCK;EUR;19;5395.00000000;3000;EXCHANGE_LAST;;1;1;XEUR;7793482;675;
14.03.2025;11:09:37.917;FESX SI 20250321 CS;SIMPLE_INSTRUMENT;BLOCK;EUR;20;5395.00000000;5000;EXCHANGE_LAST;;1;1;XEUR;7793482;675;
14.03.2025;11:29:29.646;FESX.S.MAR25.JUN25.SPD;FUTURES_SPREAD;BLOCK;EUR;21;53.66000000;5174;EXCHANGE_LAST;;1;1;XEUR;72060493140861515;675;
14.03.2025;11:29:29.646;FESX SI 20250321 CS;SIMPLE_INSTRUMENT;BLOCK;EUR;21;5388.66000000;5174;PRC_DECOMP_EXCHANGE;;;;XEUR;7793482;675;EXCHANGE
14.03.2025;11:29:29.646;FESX SI 20250620 CS;SIMPLE_INSTRUMENT;BLOCK;EUR;21;5335.00000000;5174;PRC_DECOMP_EXCHANGE;;;;XEUR;7904020;675;EXCHANGE
14.03.2025;11:38:59.532;FESX SI 20250321 CS;SIMPLE_INSTRUMENT;BLOCK;EUR;22;5385.00000000;2000;EXCHANGE_LAST;;1;1;XEUR;7793482;675;
14.03.2025;11:41:31.155;FESX SI 20250321 CS;SIMPLE_INSTRUMENT;EFP_IDX;EUR;23;5385.00000000;1000;EXCHANGE_LAST;;1;1;XEUR;7793482;675;
14.03.2025;11:42:59.521;FESX.S.MAR25.JUN25.SPD;FUTURES_SPREAD;BLOCK;EUR;24;53.60000000;3842;EXCHANGE_LAST;;1;1;XEUR;72060493140861515;675;
14.03.2025;11:42:59.521;FESX SI 20250321 CS;SIMPLE_INSTRUMENT;BLOCK;EUR;24;5390.60000000;3842;PRC_DECOMP_EXCHANGE;;;;XEUR;7793482;675;EXCHANGE
14.03.2025;11:42:59.521;FESX SI 20250620 CS;SIMPLE_INSTRUMENT;BLOCK;EUR;24;5337.00000000;3842;PRC_DECOMP_EXCHANGE;;;;XEUR;7904020;675;EXCHANGE
14.03.2025;12:15:52.919;FESX SI 20250321 CS;SIMPLE_INSTRUMENT;BLOCK;EUR;25;5390.00000000;2000;EXCHANGE_LAST;;1;1;XEUR;7793482;675;
14.03.2025;12:45:43.502;FESX.S.MAR25.JUN25.SPD;FUTURES_SPREAD;BLOCK;EUR;26;53.60000000;3912;EXCHANGE_LAST;;1;1;XEUR;72060493140861515;675;
14.03.2025;12:45:43.502;FESX SI 20250620 CS;SIMPLE_INSTRUMENT;BLOCK;EUR;26;5340.00000000;3912;PRC_DECOMP_EXCHANGE;;;;XEUR;7904020;675;EXCHANGE
14.03.2025;12:45:43.502;FESX SI 20250321 CS;SIMPLE_INSTRUMENT;BLOCK;EUR;26;5393.60000000;3912;PRC_DECOMP_EXCHANGE;;;;XEUR;7793482;675;EXCHANGE
14.03.2025;13:07:35.975;FESX.S.MAR25.JUN25.SPD;FUTURES_SPREAD;BLOCK;EUR;27;53.62000000;2553;EXCHANGE_LAST;;1;1;XEUR;72060493140861515;675;
14.03.2025;13:07:35.975;FESX SI 20250321 CS;SIMPLE_INSTRUMENT;BLOCK;EUR;27;5387.62000000;2553;PRC_DECOMP_EXCHANGE;;;;XEUR;7793482;675;EXCHANGE
14.03.2025;13:07:35.975;FESX SI 20250620 CS;SIMPLE_INSTRUMENT;BLOCK;EUR;27;5334.00000000;2553;PRC_DECOMP_EXCHANGE;;;;XEUR;7904020;675;EXCHANGE
14.03.2025;13:09:56.591;FESX.S.MAR25.JUN25.SPD;FUTURES_SPREAD;BLOCK;EUR;28;53.55000000;10000;EXCHANGE_LAST;;1;1;XEUR;72060493140861515;675;
14.03.2025;13:09:56.591;FESX SI 20250620 CS;SIMPLE_INSTRUMENT;BLOCK;EUR;28;5336.00000000;10000;PRC_DECOMP_EXCHANGE;;;;XEUR;7904020;675;EXCHANGE
14.03.2025;13:09:56.591;FESX SI 20250321 CS;SIMPLE_INSTRUMENT;BLOCK;EUR;28;5389.55000000;10000;PRC_DECOMP_EXCHANGE;;;;XEUR;7793482;675;EXCHANGE
14.03.2025;13:28:49.590;FESX.S.MAR25.JUN25.SPD;FUTURES_SPREAD;BLOCK;EUR;31;53.63000000;2000;EXCHANGE_LAST;;1;1;XEUR;72060493140861515;675;
14.03.2025;13:28:49.590;FESX SI 20250620 CS;SIMPLE_INSTRUMENT;BLOCK;EUR;31;5333.37000000;2000;PRC_DECOMP_MEMBER;;;;XEUR;7904020;675;MEMBER
14.03.2025;13:28:49.590;FESX SI 20250321 CS;SIMPLE_INSTRUMENT;BLOCK;EUR;31;5387.00000000;2000;PRC_DECOMP_MEMBER;;;;XEUR;7793482;675;MEMBER
14.03.2025;13:29:00.175;FESX.S.MAR25.JUN25.SPD;FUTURES_SPREAD;BLOCK;EUR;32;53.62000000;2000;EXCHANGE_LAST;;1;1;XEUR;72060493140861515;675;
14.03.2025;13:29:00.175;FESX SI 20250321 CS;SIMPLE_INSTRUMENT;BLOCK;EUR;32;5387.00000000;2000;PRC_DECOMP_MEMBER;;;;XEUR;7793482;675;MEMBER
14.03.2025;13:29:00.175;FESX SI 20250620 CS;SIMPLE_INSTRUMENT;BLOCK;EUR;32;5333.38000000;2000;PRC_DECOMP_MEMBER;;;;XEUR;7904020;675;MEMBER
14.03.2025;14:00:32.493;FESX.S.MAR25.JUN25.SPD;FUTURES_SPREAD;BLOCK;EUR;33;53.33000000;2451;EXCHANGE_LAST;;1;1;XEUR;72060493140861515;675;
14.03.2025;14:00:32.493;FESX SI 20250620 CS;SIMPLE_INSTRUMENT;BLOCK;EUR;33;5342.67000000;2451;PRC_DECOMP_MEMBER;;;;XEUR;7904020;675;MEMBER
14.03.2025;14:00:32.493;FESX SI 20250321 CS;SIMPLE_INSTRUMENT;BLOCK;EUR;33;5396.00000000;2451;PRC_DECOMP_MEMBER;;;;XEUR;7793482;675;MEMBER
14.03.2025;14:00:49.050;FESX.S.MAR25.JUN25.SPD;FUTURES_SPREAD;BLOCK;EUR;34;53.43000000;2006;EXCHANGE_LAST;;1;1;XEUR;72060493140861515;675;
14.03.2025;14:00:49.050;FESX SI 20250321 CS;SIMPLE_INSTRUMENT;BLOCK;EUR;34;5396.00000000;2006;PRC_DECOMP_MEMBER;;;;XEUR;7793482;675;MEMBER
14.03.2025;14:00:49.050;FESX SI 20250620 CS;SIMPLE_INSTRUMENT;BLOCK;EUR;34;5342.57000000;2006;PRC_DECOMP_MEMBER;;;;XEUR;7904020;675;MEMBER
14.03.2025;14:11:39.645;FESX SI 20250321 CS;SIMPLE_INSTRUMENT;BLOCK;EUR;35;5370.00000000;4584;EXCHANGE_LAST;;1;1;XEUR;7793482;675;
14.03.2025;14:10:39.655;FESX.S.MAR25.JUN25.SPD;FUTURES_SPREAD;BLOCK;EUR;36;53.37000000;2000;EXCHANGE_LAST;;1;1;XEUR;72060493140861515;675;
14.03.2025;14:10:39.655;FESX SI 20250321 CS;SIMPLE_INSTRUMENT;BLOCK;EUR;36;5389.00000000;2000;PRC_DECOMP_MEMBER;;;;XEUR;7793482;675;MEMBER
14.03.2025;14:10:39.655;FESX SI 20250620 CS;SIMPLE_INSTRUMENT;BLOCK;EUR;36;5335.63000000;2000;PRC_DECOMP_MEMBER;;;;XEUR;7904020;675;MEMBER
14.03.2025;15:19:14.218;FESX.S.MAR25.JUN25.SPD;FUTURES_SPREAD;BLOCK;EUR;37;53.37000000;2110;EXCHANGE_LAST;;1;1;XEUR;72060493140861515;675;
14.03.2025;15:19:14.218;FESX SI 20250321 CS;SIMPLE_INSTRUMENT;BLOCK;EUR;37;5400.37000000;2110;PRC_DECOMP_EXCHANGE;;;;XEUR;7793482;675;EXCHANGE
14.03.2025;15:19:14.218;FESX SI 20250620 CS;SIMPLE_INSTRUMENT;BLOCK;EUR;37;5347.00000000;2110;PRC_DECOMP_EXCHANGE;;;;XEUR;7904020;675;EXCHANGE
14.03.2025;15:30:48.364;FESX.S.MAR25.JUN25.SPD;FUTURES_SPREAD;BLOCK;EUR;38;53.38000000;5000;EXCHANGE_LAST;;1;1;XEUR;72060493140861515;675;
14.03.2025;15:30:48.364;FESX SI 20250620 CS;SIMPLE_INSTRUMENT;BLOCK;EUR;38;5356.00000000;5000;PRC_DECOMP_EXCHANGE;;;;XEUR;7904020;675;EXCHANGE
14.03.2025;15:30:48.364;FESX SI 20250321 CS;SIMPLE_INSTRUMENT;BLOCK;EUR;38;5409.38000000;5000;PRC_DECOMP_EXCHANGE;;;;XEUR;7793482;675;EXCHANGE
14.03.2025;15:44:09.404;FESX.S.MAR25.JUN25.SPD;FUTURES_SPREAD;BLOCK;EUR;39;53.38000000;5860;EXCHANGE_LAST;;1;1;XEUR;72060493140861515;675;
14.03.2025;15:44:09.404;FESX SI 20250321 CS;SIMPLE_INSTRUMENT;BLOCK;EUR;39;5408.38000000;5860;PRC_DECOMP_EXCHANGE;;;;XEUR;7793482;675;EXCHANGE
14.03.2025;15:44:09.404;FESX SI 20250620 CS;SIMPLE_INSTRUMENT;BLOCK;EUR;39;5355.00000000;5860;PRC_DECOMP_EXCHANGE;;;;XEUR;7904020;675;EXCHANGE
14.03.2025;15:47:15.990;FESX SI 20250321 CS;SIMPLE_INSTRUMENT;BLOCK;EUR;40;5400.00000000;2000;EXCHANGE_LAST;;1;1;XEUR;7793482;675;
14.03.2025;16:07:18.493;FESX SI 20250321 CS;SIMPLE_INSTRUMENT;BLOCK;EUR;41;5400.00000000;10000;EXCHANGE_LAST;;1;1;XEUR;7793482;675;
14.03.2025;16:47:25.364;FESX SI 20250321 CS;SIMPLE_INSTRUMENT;EFP_IDX;EUR;42;5403.00000000;43;EXCHANGE_LAST;;1;1;XEUR;7793482;675;
14.03.2025;16:47:48.340;FESX SI 20250321 CS;SIMPLE_INSTRUMENT;EFP_IDX;EUR;43;5402.00000000;291;EXCHANGE_LAST;;1;1;XEUR;7793482;675;
14.03.2025;16:48:23.222;FESX SI 20250321 CS;SIMPLE_INSTRUMENT;EFP_IDX;EUR;44;5403.00000000;42;EXCHANGE_LAST;;1;1;XEUR;7793482;675;
14.03.2025;16:48:46.351;FESX SI 20250321 CS;SIMPLE_INSTRUMENT;EFP_IDX;EUR;45;5402.00000000;192;EXCHANGE_LAST;;1;1;XEUR;7793482;675;
14.03.2025;16:49:15.246;FESX SI 20250321 CS;SIMPLE_INSTRUMENT;EFP_IDX;EUR;46;5402.00000000;173;EXCHANGE_LAST;;1;1;XEUR;7793482;675;
14.03.2025;16:49:30.150;FESX SI 20250321 CS;SIMPLE_INSTRUMENT;EFP_IDX;EUR;47;5403.00000000;38;EXCHANGE_LAST;;1;1;XEUR;7793482;675;
14.03.2025;16:50:07.768;FESX SI 20250321 CS;SIMPLE_INSTRUMENT;EFP_IDX;EUR;48;5402.00000000;820;EXCHANGE_LAST;;1;1;XEUR;7793482;675;
14.03.2025;16:50:07.748;FESX SI 20250321 CS;SIMPLE_INSTRUMENT;EFP_IDX;EUR;49;5403.00000000;180;EXCHANGE_LAST;;1;1;XEUR;7793482;675;
14.03.2025;16:51:30.690;FESX SI 20250321 CS;SIMPLE_INSTRUMENT;EFP_IDX;EUR;50;5402.00000000;1066;EXCHANGE_LAST;;1;1;XEUR;7793482;675;
14.03.2025;16:50:56.495;FESX SI 20250321 CS;SIMPLE_INSTRUMENT;EFP_IDX;EUR;51;5403.00000000;234;EXCHANGE_LAST;;1;1;XEUR;7793482;675;
14.03.2025;17:14:51.630;FESX SI 20250321 CS;SIMPLE_INSTRUMENT;EFP_IDX;EUR;52;5410.00000000;1900;EXCHANGE_LAST;;1;1;XEUR;7793482;675;
14.03.2025;17:20:34.418;FESX SI 20250321 CS;SIMPLE_INSTRUMENT;BLOCK;EUR;53;5410.00000000;3100;EXCHANGE_LAST;;1;1;XEUR;7793482;675;
14.03.2025;17:39:25.037;FESX SI 20250321 CS;SIMPLE_INSTRUMENT;BLOCK;EUR;54;5400.00000000;4000;EXCHANGE_LAST;;1;1;XEUR;7793482;675;
14.03.2025;17:42:36.561;FESX SI 20250321 CS;SIMPLE_INSTRUMENT;EFP_IDX;EUR;55;5400.00000000;1000;EXCHANGE_LAST;;1;1;XEUR;7793482;675;
14.03.2025;09:47:08.576;FESX SI 20250321 CS;SIMPLE_INSTRUMENT;VOLA;EUR;637534241;5364.00000000;60;EXCHANGE_LAST;;1;1;XEUR;7793482;675;
14.03.2025;10:00:23.735;FESX SI 20250321 CS;SIMPLE_INSTRUMENT;VOLA;EUR;637534252;5366.00000000;1619;EXCHANGE_LAST;;1;1;XEUR;7793482;675;
14.03.2025;10:07:18.400;FESX SI 20250321 CS;SIMPLE_INSTRUMENT;VOLA;EUR;637534258;5353.00000000;395;EXCHANGE_LAST;;1;1;XEUR;7793482;675;
14.03.2025;11:14:37.479;FESX SI 20250321 CS;SIMPLE_INSTRUMENT;VOLA;EUR;637534297;5391.00000000;317;EXCHANGE_LAST;;1;1;XEUR;7793482;675;
14.03.2025;11:21:43.468;FESX SI 20250321 CS;SIMPLE_INSTRUMENT;VOLA;EUR;637534303;5396.00000000;250;EXCHANGE_LAST;;1;1;XEUR;7793482;675;
14.03.2025;11:22:54.098;FESX SI 20250321 CS;SIMPLE_INSTRUMENT;VOLA;EUR;637534304;5396.00000000;100;EXCHANGE_LAST;;1;1;XEUR;7793482;675;
14.03.2025;11:45:21.289;FESX SI 20250321 CS;SIMPLE_INSTRUMENT;VOLA;EUR;637534315;5393.00000000;218;EXCHANGE_LAST;;1;1;XEUR;7793482;675;
14.03.2025;12:27:35.700;FESX SI 20250321 CS;SIMPLE_INSTRUMENT;VOLA;EUR;637534331;5400.00000000;275;EXCHANGE_LAST;;1;1;XEUR;7793482;675;
14.03.2025;12:33:01.815;FESX SI 20250321 CS;SIMPLE_INSTRUMENT;VOLA;EUR;637534334;5400.00000000;415;EXCHANGE_LAST;;1;1;XEUR;7793482;675;
14.03.2025;12:34:54.794;FESX SI 20250321 CS;SIMPLE_INSTRUMENT;VOLA;EUR;637534336;5400.00000000;240;EXCHANGE_LAST;;1;1;XEUR;7793482;675;
14.03.2025;12:36:14.282;FESX SI 20250321 CS;SIMPLE_INSTRUMENT;VOLA;EUR;637534338;5400.00000000;240;EXCHANGE_LAST;;1;1;XEUR;7793482;675;
14.03.2025;12:39:17.895;FESX SI 20250321 CS;SIMPLE_INSTRUMENT;VOLA;EUR;637534340;5400.00000000;40;EXCHANGE_LAST;;1;1;XEUR;7793482;675;
14.03.2025;12:58:27.333;FESX SI 20250321 CS;SIMPLE_INSTRUMENT;VOLA;EUR;637534369;5397.00000000;1486;EXCHANGE_LAST;;1;1;XEUR;7793482;675;
14.03.2025;13:28:15.992;FESX SI 20250321 CS;SIMPLE_INSTRUMENT;VOLA;EUR;637534380;5390.00000000;1593;EXCHANGE_LAST;;1;1;XEUR;7793482;675;
14.03.2025;14:44:48.234;FESX SI 20250321 CS;SIMPLE_INSTRUMENT;VOLA;EUR;637534413;5390.00000000;115;EXCHANGE_LAST;;1;1;XEUR;7793482;675;
14.03.2025;14:58:52.309;FESX SI 20250321 CS;SIMPLE_INSTRUMENT;VOLA;EUR;637534421;5387.00000000;311;EXCHANGE_LAST;;1;1;XEUR;7793482;675;
14.03.2025;15:05:12.263;FESX SI 20250321 CS;SIMPLE_INSTRUMENT;VOLA;EUR;637534426;5389.00000000;133;EXCHANGE_LAST;;1;1;XEUR;7793482;675;
14.03.2025;15:05:04.832;FESX SI 20250321 CS;SIMPLE_INSTRUMENT;VOLA;EUR;637534427;5389.00000000;133;EXCHANGE_LAST;;1;1;XEUR;7793482;675;
14.03.2025;15:26:30.850;FESX SI 20250321 CS;SIMPLE_INSTRUMENT;VOLA;EUR;637534434;5400.00000000;410;EXCHANGE_LAST;;1;1;XEUR;7793482;675;
14.03.2025;15:28:45.954;FESX SI 20250321 CS;SIMPLE_INSTRUMENT;VOLA;EUR;637534439;5401.00000000;54;EXCHANGE_LAST;;1;1;XEUR;7793482;675;
14.03.2025;15:53:42.642;FESX SI 20250321 CS;SIMPLE_INSTRUMENT;VOLA;EUR;637534447;5410.00000000;70;EXCHANGE_LAST;;1;1;XEUR;7793482;675;
14.03.2025;15:59:21.399;FESX SI 20250321 CS;SIMPLE_INSTRUMENT;VOLA;EUR;637534452;5400.00000000;60;EXCHANGE_LAST;;1;1;XEUR;7793482;675;
14.03.2025;16:09:27.575;FESX SI 20250321 CS;SIMPLE_INSTRUMENT;VOLA;EUR;637534455;5402.00000000;600;EXCHANGE_LAST;;1;1;XEUR;7793482;675;
14.03.2025;16:12:57.642;FESX SI 20250321 CS;SIMPLE_INSTRUMENT;VOLA;EUR;637534457;5405.00000000;2185;EXCHANGE_LAST;;1;1;XEUR;7793482;675;
14.03.2025;09:55:13.501;FEXD SI 20261218 CS;SIMPLE_INSTRUMENT;BLOCK;EUR;12;156.30000000;150;EXCHANGE_LAST;;1;1;XEUR;2163053;693;
14.03.2025;10:03:32.207;FEXD SI 20301220 CS;SIMPLE_INSTRUMENT;BLOCK;EUR;14;139.80000000;100;EXCHANGE_LAST;;1;1;XEUR;5914108;693;
14.03.2025;10:04:39.777;FEXD SI 20291221 CS;SIMPLE_INSTRUMENT;BLOCK;EUR;15;142.60000000;175;EXCHANGE_LAST;;1;1;XEUR;4631968;693;
14.03.2025;10:04:55.631;FEXD SI 20301220 CS;SIMPLE_INSTRUMENT;BLOCK;EUR;16;139.90000000;175;EXCHANGE_LAST;;1;1;XEUR;5914108;693;
14.03.2025;11:17:29.862;FEXD SI 20261218 CS;SIMPLE_INSTRUMENT;BLOCK;EUR;37;156.90000000;206;EXCHANGE_LAST;;1;1;XEUR;2163053;693;
14.03.2025;12:15:03.718;FEXD SI 20261218 CS;SIMPLE_INSTRUMENT;BLOCK;EUR;51;157.20000000;250;EXCHANGE_LAST;;1;1;XEUR;2163053;693;
14.03.2025;12:14:44.254;FEXD SI 20261218 CS;SIMPLE_INSTRUMENT;BLOCK;EUR;52;157.30000000;250;EXCHANGE_LAST;;1;1;XEUR;2163053;693;
14.03.2025;14:25:25.557;FEXD SI 20250620 CS;SIMPLE_INSTRUMENT;BLOCK;EUR;80;129.40000000;250;EXCHANGE_LAST;;1;1;XEUR;9548493;693;
14.03.2025;14:25:35.850;FEXD SI 20250620 CS;SIMPLE_INSTRUMENT;BLOCK;EUR;81;129.50000000;250;EXCHANGE_LAST;;1;1;XEUR;9548493;693;
14.03.2025;14:39:39.042;FEXD SI 20281215 CS;SIMPLE_INSTRUMENT;BLOCK;EUR;86;146.50000000;1500;EXCHANGE_LAST;;1;1;XEUR;3680985;693;
14.03.2025;14:39:41.654;FEXD SI 20271217 CS;SIMPLE_INSTRUMENT;BLOCK;EUR;87;150.00000000;1500;EXCHANGE_LAST;;1;1;XEUR;2848338;693;
14.03.2025;14:46:42.840;FEXD SI 20250620 CS;SIMPLE_INSTRUMENT;BLOCK;EUR;88;129.40000000;250;EXCHANGE_LAST;;2;1;XEUR;9548493;693;
14.03.2025;14:46:45.824;FEXD SI 20250620 CS;SIMPLE_INSTRUMENT;BLOCK;EUR;89;129.50000000;250;EXCHANGE_LAST;;2;1;XEUR;9548493;693;
14.03.2025;15:06:39.244;FEXD SI 20261218 CS;SIMPLE_INSTRUMENT;BLOCK;EUR;91;157.10000000;1000;EXCHANGE_LAST;;1;1;XEUR;2163053;693;
14.03.2025;15:06:57.785;FEXD SI 20281215 CS;SIMPLE_INSTRUMENT;BLOCK;EUR;92;146.40000000;1000;EXCHANGE_LAST;;1;1;XEUR;3680985;693;
14.03.2025;15:18:54.636;FEXD SI 20250620 CS;SIMPLE_INSTRUMENT;BLOCK;EUR;93;129.40000000;250;EXCHANGE_LAST;;1;1;XEUR;9548493;693;
14.03.2025;15:18:46.577;FEXD SI 20250620 CS;SIMPLE_INSTRUMENT;BLOCK;EUR;94;129.50000000;250;EXCHANGE_LAST;;1;1;XEUR;9548493;693;
14.03.2025;15:21:20.030;FEXD SI 20271217 CS;SIMPLE_INSTRUMENT;BLOCK;EUR;97;150.50000000;160;EXCHANGE_LAST;;1;1;XEUR;2848338;693;
14.03.2025;15:33:53.335;FEXD SI 20250620 CS;SIMPLE_INSTRUMENT;BLOCK;EUR;99;129.40000000;125;EXCHANGE_LAST;;1;1;XEUR;9548493;693;
14.03.2025;15:34:01.113;FEXD SI 20250620 CS;SIMPLE_INSTRUMENT;BLOCK;EUR;100;129.50000000;125;EXCHANGE_LAST;;1;1;XEUR;9548493;693;
14.03.2025;15:58:31.517;FEXD SI 20271217 CS;SIMPLE_INSTRUMENT;BLOCK;EUR;106;150.60000000;1000;EXCHANGE_LAST;;1;1;XEUR;2848338;693;
14.03.2025;15:59:54.656;FEXD.S.DEC26.DEC28.SPD;FUTURES_SPREAD;BLOCK;EUR;108;10.50000000;500;EXCHANGE_LAST;;1;1;XEUR;72060570450264161;693;
14.03.2025;15:59:54.656;FEXD SI 20261218 CS;SIMPLE_INSTRUMENT;BLOCK;EUR;108;157.10000000;500;PRC_DECOMP_EXCHANGE;;;;XEUR;2163053;693;EXCHANGE
14.03.2025;15:59:54.656;FEXD SI 20281215 CS;SIMPLE_INSTRUMENT;BLOCK;EUR;108;146.60000000;500;PRC_DECOMP_EXCHANGE;;;;XEUR;3680985;693;EXCHANGE
14.03.2025;16:34:17.141;FEXD SI 20271217 CS;SIMPLE_INSTRUMENT;BLOCK;EUR;115;150.70000000;221;EXCHANGE_LAST;;1;1;XEUR;2848338;693;
14.03.2025;16:42:01.600;FEXD.S.DEC26.DEC27.SPD;FUTURES_SPREAD;BLOCK;EUR;116;6.30000000;400;EXCHANGE_LAST;;1;1;XEUR;72060570450264153;693;
14.03.2025;16:42:01.600;FEXD SI 20261218 CS;SIMPLE_INSTRUMENT;BLOCK;EUR;116;156.80000000;400;PRC_DECOMP_EXCHANGE;;;;XEUR;2163053;693;EXCHANGE
14.03.2025;16:42:01.600;FEXD SI 20271217 CS;SIMPLE_INSTRUMENT;BLOCK;EUR;116;150.50000000;400;PRC_DECOMP_EXCHANGE;;;;XEUR;2848338;693;EXCHANGE
14.03.2025;16:59:40.601;FEXD SI 20251219 CS;SIMPLE_INSTRUMENT;VOLA;EUR;301989910;166.10000000;1675;EXCHANGE_LAST;;1;1;XEUR;1548120;693;
14.03.2025;08:17:18.774;FGBL SI 20250606 PS;SIMPLE_INSTRUMENT;EFS;EUR;1;127.48000000;233;EXCHANGE_LAST;;1;1;XEUR;11820389;688;
14.03.2025;08:17:25.414;FGBL SI 20250606 PS;SIMPLE_INSTRUMENT;EFS;EUR;2;127.49000000;233;EXCHANGE_LAST;;1;1;XEUR;11820389;688;
14.03.2025;08:23:14.054;FGBL SI 20250606 PS;SIMPLE_INSTRUMENT;EFS;EUR;3;127.31000000;434;EXCHANGE_LAST;;1;1;XEUR;11820389;688;
14.03.2025;08:24:29.104;FGBL SI 20250606 PS;SIMPLE_INSTRUMENT;EFS;EUR;4;127.27000000;434;EXCHANGE_LAST;;1;1;XEUR;11820389;688;
14.03.2025;08:28:43.120;FGBL SI 20250606 PS;SIMPLE_INSTRUMENT;EFS;EUR;5;127.28000000;217;EXCHANGE_LAST;;1;1;XEUR;11820389;688;
14.03.2025;08:34:16.143;FGBL SI 20250606 PS;SIMPLE_INSTRUMENT;EFS;EUR;6;127.40000000;369;EXCHANGE_LAST;;1;1;XEUR;11820389;688;
14.03.2025;08:48:31.061;FGBL SI 20250606 PS;SIMPLE_INSTRUMENT;EFS;EUR;7;127.21000000;217;EXCHANGE_LAST;;1;1;XEUR;11820389;688;
14.03.2025;08:48:51.260;FGBL SI 20250606 PS;SIMPLE_INSTRUMENT;EFS;EUR;8;127.22000000;217;EXCHANGE_LAST;;1;1;XEUR;11820389;688;
14.03.2025;08:49:39.108;FGBL SI 20250606 PS;SIMPLE_INSTRUMENT;EFS;EUR;9;127.22000000;217;EXCHANGE_LAST;;1;1;XEUR;11820389;688;
14.03.2025;08:52:21.301;FGBL SI 20250606 PS;SIMPLE_INSTRUMENT;EFS;EUR;10;127.23000000;434;EXCHANGE_LAST;;1;1;XEUR;11820389;688;
14.03.2025;09:01:40.919;FGBL SI 20250606 PS;SIMPLE_INSTRUMENT;EFP_FIN;EUR;11;127.23000000;1196;EXCHANGE_LAST;;1;1;XEUR;11820389;688;
14.03.2025;09:23:05.453;FGBL SI 20250606 PS;SIMPLE_INSTRUMENT;EFS;EUR;12;127.24000000;73;EXCHANGE_LAST;;1;1;XEUR;11820389;688;
14.03.2025;09:31:29.167;FGBL SI 20250606 PS;SIMPLE_INSTRUMENT;EFS;EUR;13;127.24000000;327;EXCHANGE_LAST;;1;1;XEUR;11820389;688;
14.03.2025;09:34:29.989;FGBL SI 20250606 PS;SIMPLE_INSTRUMENT;EFS;EUR;14;127.30000000;434;EXCHANGE_LAST;;1;1;XEUR;11820389;688;
14.03.2025;09:39:10.171;FGBL SI 20250606 PS;SIMPLE_INSTRUMENT;EFS;EUR;15;127.25000000;434;EXCHANGE_LAST;;1;1;XEUR;11820389;688;
14.03.2025;09:39:15.176;FGBL SI 20250606 PS;SIMPLE_INSTRUMENT;EFS;EUR;16;127.25000000;434;EXCHANGE_LAST;;1;1;XEUR;11820389;688;
14.03.2025;09:49:15.211;FGBL SI 20250606 PS;SIMPLE_INSTRUMENT;EFP_FIN;EUR;17;127.28000000;89;EXCHANGE_LAST;;1;1;XEUR;11820389;688;
14.03.2025;09:50:56.083;FGBL SI 20250606 PS;SIMPLE_INSTRUMENT;EFP_FIN;EUR;18;127.25000000;495;EXCHANGE_LAST;;1;1;XEUR;11820389;688;
14.03.2025;09:58:17.787;FGBL SI 20250606 PS;SIMPLE_INSTRUMENT;EFS;EUR;19;127.25000000;232;EXCHANGE_LAST;;1;1;XEUR;11820389;688;
14.03.2025;10:00:11.585;FGBL SI 20250606 PS;SIMPLE_INSTRUMENT;EFP_FIN;EUR;20;127.24000000;748;EXCHANGE_LAST;;1;1;XEUR;11820389;688;
14.03.2025;10:09:40.341;FGBL SI 20250606 PS;SIMPLE_INSTRUMENT;EFS;EUR;21;127.17000000;434;EXCHANGE_LAST;;1;1;XEUR;11820389;688;
14.03.2025;10:20:49.934;FGBL SI 20250606 PS;SIMPLE_INSTRUMENT;EFS;EUR;22;127.15000000;434;EXCHANGE_LAST;;1;1;XEUR;11820389;688;
14.03.2025;10:27:53.323;FGBL SI 20250606 PS;SIMPLE_INSTRUMENT;EFS;EUR;23;127.16000000;507;EXCHANGE_LAST;;1;1;XEUR;11820389;688;
14.03.2025;10:44:02.281;FGBL SI 20250606 PS;SIMPLE_INSTRUMENT;EFS;EUR;24;127.11000000;202;EXCHANGE_LAST;;1;1;XEUR;11820389;688;
14.03.2025;10:45:33.062;FGBL SI 20250606 PS;SIMPLE_INSTRUMENT;EFS;EUR;25;127.19000000;506;EXCHANGE_LAST;;1;1;XEUR;11820389;688;
14.03.2025;10:48:01.939;FGBL SI 20250606 PS;SIMPLE_INSTRUMENT;EFS;EUR;26;127.15000000;434;EXCHANGE_LAST;;1;1;XEUR;11820389;688;
14.03.2025;10:52:29.441;FGBL SI 20250606 PS;SIMPLE_INSTRUMENT;EFS;EUR;27;126.85000000;435;EXCHANGE_LAST;;1;1;XEUR;11820389;688;
14.03.2025;10:52:43.201;FGBL SI 20250606 PS;SIMPLE_INSTRUMENT;EFS;EUR;28;126.91000000;217;EXCHANGE_LAST;;1;1;XEUR;11820389;688;
14.03.2025;10:53:00.317;FGBL SI 20250606 PS;SIMPLE_INSTRUMENT;EFS;EUR;29;126.85000000;435;EXCHANGE_LAST;;1;1;XEUR;11820389;688;
14.03.2025;10:54:13.299;FGBL SI 20250606 PS;SIMPLE_INSTRUMENT;EFS;EUR;30;126.91000000;217;EXCHANGE_LAST;;1;1;XEUR;11820389;688;
14.03.2025;10:54:15.669;FGBL SI 20250606 PS;SIMPLE_INSTRUMENT;EFP_FIN;EUR;31;127.20000000;150;EXCHANGE_LAST;;1;1;XEUR;11820389;688;
14.03.2025;10:55:03.346;FGBL SI 20250606 PS;SIMPLE_INSTRUMENT;EFS;EUR;32;126.91000000;218;EXCHANGE_LAST;;1;1;XEUR;11820389;688;
14.03.2025;10:56:43.427;FGBL SI 20250606 PS;SIMPLE_INSTRUMENT;EFS;EUR;33;126.91000000;435;EXCHANGE_LAST;;1;1;XEUR;11820389;688;
14.03.2025;10:59:46.560;FGBL SI 20250606 PS;SIMPLE_INSTRUMENT;EFS;EUR;34;127.00000000;140;EXCHANGE_LAST;;1;1;XEUR;11820389;688;
14.03.2025;11:08:04.105;FGBL SI 20250606 PS;SIMPLE_INSTRUMENT;EFS;EUR;36;126.77000000;218;EXCHANGE_LAST;;1;1;XEUR;11820389;688;
14.03.2025;11:08:18.911;FGBL SI 20250606 PS;SIMPLE_INSTRUMENT;EFS;EUR;37;126.77000000;218;EXCHANGE_LAST;;1;1;XEUR;11820389;688;
14.03.2025;11:10:02.834;FGBL SI 20250606 PS;SIMPLE_INSTRUMENT;EFS;EUR;38;127.20000000;390;EXCHANGE_LAST;;1;1;XEUR;11820389;688;
14.03.2025;11:12:44.363;FGBL SI 20250606 PS;SIMPLE_INSTRUMENT;EFS;EUR;39;126.76000000;1279;EXCHANGE_LAST;;1;1;XEUR;11820389;688;
14.03.2025;11:16:15.377;FGBL SI 20250606 PS;SIMPLE_INSTRUMENT;EFS;EUR;40;126.94000000;435;EXCHANGE_LAST;;1;1;XEUR;11820389;688;
14.03.2025;11:16:57.828;FGBL SI 20250606 PS;SIMPLE_INSTRUMENT;EFS;EUR;41;126.80000000;462;EXCHANGE_LAST;;1;1;XEUR;11820389;688;
14.03.2025;11:17:30.458;FGBL SI 20250606 PS;SIMPLE_INSTRUMENT;EFS;EUR;42;126.94000000;435;EXCHANGE_LAST;;1;1;XEUR;11820389;688;
14.03.2025;11:17:51.411;FGBL SI 20250606 PS;SIMPLE_INSTRUMENT;EFS;EUR;43;126.94000000;869;EXCHANGE_LAST;;1;1;XEUR;11820389;688;
14.03.2025;11:22:58.158;FGBL SI 20250606 PS;SIMPLE_INSTRUMENT;EFS;EUR;44;126.86000000;435;EXCHANGE_LAST;;1;1;XEUR;11820389;688;
14.03.2025;11:24:50.805;FGBL SI 20250606 PS;SIMPLE_INSTRUMENT;EFS;EUR;45;126.87000000;435;EXCHANGE_LAST;;1;1;XEUR;11820389;688;
14.03.2025;11:27:19.950;FGBL SI 20250606 PS;SIMPLE_INSTRUMENT;EFS;EUR;46;126.88000000;217;EXCHANGE_LAST;;1;1;XEUR;11820389;688;
14.03.2025;11:27:10.920;FGBL SI 20250606 PS;SIMPLE_INSTRUMENT;EFS;EUR;47;126.89000000;435;EXCHANGE_LAST;;1;1;XEUR;11820389;688;
14.03.2025;11:30:16.032;FGBL SI 20250606 PS;SIMPLE_INSTRUMENT;EFS;EUR;48;126.89000000;435;EXCHANGE_LAST;;1;1;XEUR;11820389;688;
14.03.2025;11:31:11.652;FGBL SI 20250606 PS;SIMPLE_INSTRUMENT;EFS;EUR;49;126.86000000;466;EXCHANGE_LAST;;1;1;XEUR;11820389;688;
14.03.2025;11:35:17.582;FGBL SI 20250606 PS;SIMPLE_INSTRUMENT;EFS;EUR;50;126.88000000;236;EXCHANGE_LAST;;1;1;XEUR;11820389;688;
14.03.2025;11:39:01.397;FGBL SI 20250606 PS;SIMPLE_INSTRUMENT;EFS;EUR;51;126.79000000;261;EXCHANGE_LAST;;1;1;XEUR;11820389;688;
14.03.2025;11:44:32.814;FGBL SI 20250606 PS;SIMPLE_INSTRUMENT;EFS;EUR;52;126.91000000;233;EXCHANGE_LAST;;1;1;XEUR;11820389;688;
14.03.2025;11:51:33.947;FGBL SI 20250606 PS;SIMPLE_INSTRUMENT;EFS;EUR;53;126.77000000;224;EXCHANGE_LAST;;1;1;XEUR;11820389;688;
14.03.2025;12:06:27.333;FGBL SI 20250606 PS;SIMPLE_INSTRUMENT;EFS;EUR;54;126.74000000;508;EXCHANGE_LAST;;1;1;XEUR;11820389;688;
14.03.2025;12:06:27.681;FGBL SI 20250606 PS;SIMPLE_INSTRUMENT;EFS;EUR;55;126.80000000;435;EXCHANGE_LAST;;1;1;XEUR;11820389;688;
14.03.2025;12:06:49.683;FGBL SI 20250606 PS;SIMPLE_INSTRUMENT;EFP_FIN;EUR;56;127.18000000;374;EXCHANGE_LAST;;1;1;XEUR;11820389;688;
14.03.2025;12:14:55.494;FGBL SI 20250606 PS;SIMPLE_INSTRUMENT;EFS;EUR;57;126.86000000;935;EXCHANGE_LAST;;1;1;XEUR;11820389;688;
14.03.2025;12:16:16.988;FGBL SI 20250606 PS;SIMPLE_INSTRUMENT;EFS;EUR;58;126.75000000;1865;EXCHANGE_LAST;;1;1;XEUR;11820389;688;
14.03.2025;12:16:49.786;FGBL SI 20250606 PS;SIMPLE_INSTRUMENT;EFP_FIN;EUR;59;126.73000000;497;EXCHANGE_LAST;;1;1;XEUR;11820389;688;
14.03.2025;12:27:22.147;FGBL SI 20250606 PS;SIMPLE_INSTRUMENT;EFS;EUR;60;126.71000000;509;EXCHANGE_LAST;;1;1;XEUR;11820389;688;
14.03.2025;12:30:16.208;FGBL SI 20250606 PS;SIMPLE_INSTRUMENT;EFP_FIN;EUR;61;127.27000000;101;EXCHANGE_LAST;;1;1;XEUR;11820389;688;
14.03.2025;12:40:03.847;FGBL SI 20250606 PS;SIMPLE_INSTRUMENT;BLOCK;EUR;62;126.66000000;4100;EXCHANGE_LAST;;1;1;XEUR;11820389;688;
14.03.2025;12:50:17.799;FGBL SI 20250606 PS;SIMPLE_INSTRUMENT;EFS;EUR;63;126.68000000;196;EXCHANGE_LAST;;1;1;XEUR;11820389;688;
14.03.2025;12:53:03.556;FGBL SI 20250606 PS;SIMPLE_INSTRUMENT;EFS;EUR;64;126.80000000;350;EXCHANGE_LAST;;1;1;XEUR;11820389;688;
14.03.2025;12:53:34.753;FGBL SI 20250606 PS;SIMPLE_INSTRUMENT;EFP_FIN;EUR;65;126.73000000;299;EXCHANGE_LAST;;1;1;XEUR;11820389;688;
14.03.2025;12:55:27.634;FGBL SI 20250606 PS;SIMPLE_INSTRUMENT;EFS;EUR;66;126.82000000;305;EXCHANGE_LAST;;1;1;XEUR;11820389;688;
14.03.2025;12:55:29.484;FGBL SI 20250606 PS;SIMPLE_INSTRUMENT;EFS;EUR;67;126.84000000;435;EXCHANGE_LAST;;1;1;XEUR;11820389;688;
14.03.2025;12:56:09.460;FGBL SI 20250606 PS;SIMPLE_INSTRUMENT;EFS;EUR;68;126.82000000;131;EXCHANGE_LAST;;1;1;XEUR;11820389;688;
14.03.2025;12:58:01.919;FGBL SI 20250606 PS;SIMPLE_INSTRUMENT;EFS;EUR;69;126.84000000;508;EXCHANGE_LAST;;1;1;XEUR;11820389;688;
14.03.2025;13:08:22.875;FGBL SI 20250606 PS;SIMPLE_INSTRUMENT;EFS;EUR;70;126.95000000;57;EXCHANGE_LAST;;1;1;XEUR;11820389;688;
14.03.2025;13:08:23.061;FGBL SI 20250606 PS;SIMPLE_INSTRUMENT;EFS;EUR;71;126.91000000;435;EXCHANGE_LAST;;1;1;XEUR;11820389;688;
14.03.2025;13:11:15.687;FGBL SI 20250606 PS;SIMPLE_INSTRUMENT;EFP_FIN;EUR;72;126.89000000;996;EXCHANGE_LAST;;1;1;XEUR;11820389;688;
14.03.2025;13:11:48.194;FGBL SI 20250606 PS;SIMPLE_INSTRUMENT;EFS;EUR;73;126.91000000;435;EXCHANGE_LAST;;1;1;XEUR;11820389;688;
14.03.2025;13:13:02.588;FGBL SI 20250606 PS;SIMPLE_INSTRUMENT;EFP_FIN;EUR;74;126.93000000;387;EXCHANGE_LAST;;1;1;XEUR;11820389;688;
14.03.2025;13:13:04.426;FGBL SI 20250606 PS;SIMPLE_INSTRUMENT;EFP_FIN;EUR;75;126.91000000;827;EXCHANGE_LAST;;1;1;XEUR;11820389;688;
14.03.2025;13:13:59.695;FGBL SI 20250606 PS;SIMPLE_INSTRUMENT;EFS;EUR;76;126.92000000;434;EXCHANGE_LAST;;1;1;XEUR;11820389;688;
14.03.2025;13:14:56.463;FGBL SI 20250606 PS;SIMPLE_INSTRUMENT;EFS;EUR;77;126.83000000;508;EXCHANGE_LAST;;1;1;XEUR;11820389;688;
14.03.2025;13:15:44.890;FGBL SI 20250606 PS;SIMPLE_INSTRUMENT;EFS;EUR;78;126.82000000;233;EXCHANGE_LAST;;1;1;XEUR;11820389;688;
14.03.2025;13:16:40.880;FGBL SI 20250606 PS;SIMPLE_INSTRUMENT;EFS;EUR;79;126.91000000;1000;EXCHANGE_LAST;;1;1;XEUR;11820389;688;
14.03.2025;13:17:04.457;FGBL SI 20250606 PS;SIMPLE_INSTRUMENT;EFS;EUR;80;126.91000000;2800;EXCHANGE_LAST;;1;1;XEUR;11820389;688;
14.03.2025;13:19:54.479;FGBL SI 20250606 PS;SIMPLE_INSTRUMENT;EFP_FIN;EUR;81;126.92000000;496;EXCHANGE_LAST;;1;1;XEUR;11820389;688;
14.03.2025;13:19:39.001;FGBL SI 20250606 PS;SIMPLE_INSTRUMENT;EFS;EUR;82;126.91000000;1016;EXCHANGE_LAST;;1;1;XEUR;11820389;688;
14.03.2025;13:27:48.446;FGBL SI 20250606 PS;SIMPLE_INSTRUMENT;EFP_FIN;EUR;83;126.66000000;183;EXCHANGE_LAST;;1;1;XEUR;11820389;688;
14.03.2025;13:37:11.235;FGBL SI 20250606 PS;SIMPLE_INSTRUMENT;EFS;EUR;84;126.93000000;304;EXCHANGE_LAST;;1;1;XEUR;11820389;688;
14.03.2025;13:40:36.383;FGBL SI 20250606 PS;SIMPLE_INSTRUMENT;EFS;EUR;85;126.95000000;434;EXCHANGE_LAST;;1;1;XEUR;11820389;688;
14.03.2025;13:45:21.778;FGBL SI 20250606 PS;SIMPLE_INSTRUMENT;EFP_FIN;EUR;86;126.93000000;101;EXCHANGE_LAST;;1;1;XEUR;11820389;688;
14.03.2025;13:45:32.857;FGBL SI 20250606 PS;SIMPLE_INSTRUMENT;EFP_FIN;EUR;87;126.96000000;150;EXCHANGE_LAST;;1;1;XEUR;11820389;688;
14.03.2025;13:45:52.593;FGBL SI 20250606 PS;SIMPLE_INSTRUMENT;EFS;EUR;88;126.95000000;434;EXCHANGE_LAST;;1;1;XEUR;11820389;688;
14.03.2025;13:50:19.993;FGBL SI 20250606 PS;SIMPLE_INSTRUMENT;EFS;EUR;89;126.95000000;326;EXCHANGE_LAST;;1;1;XEUR;11820389;688;
14.03.2025;13:50:52.812;FGBL SI 20250606 PS;SIMPLE_INSTRUMENT;EFS;EUR;90;126.98000000;217;EXCHANGE_LAST;;1;1;XEUR;11820389;688;
14.03.2025;13:53:38.928;FGBL SI 20250606 PS;SIMPLE_INSTRUMENT;EFS;EUR;91;126.98000000;869;EXCHANGE_LAST;;1;1;XEUR;11820389;688;
14.03.2025;13:55:01.997;FGBL SI 20250606 PS;SIMPLE_INSTRUMENT;EFS;EUR;92;126.96000000;839;EXCHANGE_LAST;;1;1;XEUR;11820389;688;
14.03.2025;13:55:25.014;FGBL SI 20250606 PS;SIMPLE_INSTRUMENT;EFP_FIN;EUR;93;126.97000000;197;EXCHANGE_LAST;;1;1;XEUR;11820389;688;
14.03.2025;13:56:13.591;FGBL SI 20250606 PS;SIMPLE_INSTRUMENT;EFS;EUR;94;126.96000000;838;EXCHANGE_LAST;;1;1;XEUR;11820389;688;
14.03.2025;13:56:54.027;FGBL SI 20250606 PS;SIMPLE_INSTRUMENT;EFS;EUR;95;126.98000000;200;EXCHANGE_LAST;;1;1;XEUR;11820389;688;
14.03.2025;13:57:28.090;FGBL SI 20250606 PS;SIMPLE_INSTRUMENT;EFS;EUR;96;126.93000000;434;EXCHANGE_LAST;;1;1;XEUR;11820389;688;
14.03.2025;13:57:48.110;FGBL SI 20250606 PS;SIMPLE_INSTRUMENT;EFS;EUR;97;126.94000000;434;EXCHANGE_LAST;;1;1;XEUR;11820389;688;
14.03.2025;13:58:03.439;FGBL SI 20250606 PS;SIMPLE_INSTRUMENT;EFP_FIN;EUR;98;126.95000000;559;EXCHANGE_LAST;;1;1;XEUR;11820389;688;
14.03.2025;14:00:52.887;FGBL SI 20250606 PS;SIMPLE_INSTRUMENT;EFS;EUR;99;126.98000000;1729;EXCHANGE_LAST;;1;1;XEUR;11820389;688;
14.03.2025;14:01:10.581;FGBL SI 20250606 PS;SIMPLE_INSTRUMENT;EFS;EUR;100;126.95000000;90;EXCHANGE_LAST;;1;1;XEUR;11820389;688;
14.03.2025;14:02:16.834;FGBL SI 20250606 PS;SIMPLE_INSTRUMENT;EFS;EUR;101;126.98000000;235;EXCHANGE_LAST;;1;1;XEUR;11820389;688;
14.03.2025;14:02:54.244;FGBL SI 20250606 PS;SIMPLE_INSTRUMENT;EFS;EUR;102;126.96000000;571;EXCHANGE_LAST;;1;1;XEUR;11820389;688;
14.03.2025;14:03:18.961;FGBL SI 20250606 PS;SIMPLE_INSTRUMENT;EFS;EUR;103;126.97000000;521;EXCHANGE_LAST;;1;1;XEUR;11820389;688;
14.03.2025;14:04:32.643;FGBL SI 20250606 PS;SIMPLE_INSTRUMENT;EFS;EUR;104;126.92000000;1027;EXCHANGE_LAST;;1;1;XEUR;11820389;688;
14.03.2025;14:05:42.820;FGBL SI 20250606 PS;SIMPLE_INSTRUMENT;EFS;EUR;105;126.93000000;435;EXCHANGE_LAST;;1;1;XEUR;11820389;688;
14.03.2025;14:06:35.351;FGBL SI 20250606 PS;SIMPLE_INSTRUMENT;EFP_FIN;EUR;106;126.96000000;943;EXCHANGE_LAST;;1;1;XEUR;11820389;688;
14.03.2025;14:07:46.062;FGBL SI 20250606 PS;SIMPLE_INSTRUMENT;EFP_FIN;EUR;107;126.97000000;516;EXCHANGE_LAST;;1;1;XEUR;11820389;688;
14.03.2025;14:08:54.025;FGBL SI 20250606 PS;SIMPLE_INSTRUMENT;EFS;EUR;108;126.96000000;203;EXCHANGE_LAST;;1;1;XEUR;11820389;688;
14.03.2025;14:13:30.379;FGBL SI 20250606 PS;SIMPLE_INSTRUMENT;EFS;EUR;109;127.02000000;186;EXCHANGE_LAST;;1;1;XEUR;11820389;688;
14.03.2025;14:32:52.105;FGBL SI 20250606 PS;SIMPLE_INSTRUMENT;EFS;EUR;110;127.04000000;869;EXCHANGE_LAST;;1;1;XEUR;11820389;688;
14.03.2025;14:34:38.552;FGBL SI 20250606 PS;SIMPLE_INSTRUMENT;EFS;EUR;111;126.94000000;195;EXCHANGE_LAST;;1;1;XEUR;11820389;688;
14.03.2025;14:34:23.227;FGBL SI 20250606 PS;SIMPLE_INSTRUMENT;EFS;EUR;112;127.07000000;149;EXCHANGE_LAST;;1;1;XEUR;11820389;688;
14.03.2025;14:34:23.681;FGBL SI 20250606 PS;SIMPLE_INSTRUMENT;EFS;EUR;113;127.04000000;434;EXCHANGE_LAST;;1;1;XEUR;11820389;688;
14.03.2025;14:35:50.207;FGBL SI 20250606 PS;SIMPLE_INSTRUMENT;EFS;EUR;114;127.07000000;1000;EXCHANGE_LAST;;1;1;XEUR;11820389;688;
14.03.2025;14:37:55.359;FGBL SI 20250606 PS;SIMPLE_INSTRUMENT;EFS;EUR;115;127.01000000;434;EXCHANGE_LAST;;1;1;XEUR;11820389;688;
14.03.2025;14:39:38.395;FGBL SI 20250606 PS;SIMPLE_INSTRUMENT;EFS;EUR;116;127.00000000;202;EXCHANGE_LAST;;1;1;XEUR;11820389;688;
14.03.2025;14:40:54.062;FGBL SI 20250606 PS;SIMPLE_INSTRUMENT;EFS;EUR;117;127.03000000;45;EXCHANGE_LAST;;1;1;XEUR;11820389;688;
14.03.2025;14:59:33.338;FGBL SI 20250606 PS;SIMPLE_INSTRUMENT;EFP_FIN;EUR;118;127.20000000;182;EXCHANGE_LAST;;1;1;XEUR;11820389;688;
14.03.2025;14:59:52.302;FGBL SI 20250606 PS;SIMPLE_INSTRUMENT;EFP_FIN;EUR;119;127.11000000;148;EXCHANGE_LAST;;1;1;XEUR;11820389;688;
14.03.2025;15:04:03.028;FGBL SI 20250606 PS;SIMPLE_INSTRUMENT;EFS;EUR;120;127.22000000;496;EXCHANGE_LAST;;1;1;XEUR;11820389;688;
14.03.2025;15:04:17.255;FGBL SI 20250606 PS;SIMPLE_INSTRUMENT;EFS;EUR;121;127.19000000;1014;EXCHANGE_LAST;;1;1;XEUR;11820389;688;
14.03.2025;15:08:14.272;FGBL SI 20250606 PS;SIMPLE_INSTRUMENT;EFS;EUR;122;127.16000000;434;EXCHANGE_LAST;;1;1;XEUR;11820389;688;
14.03.2025;15:09:21.662;FGBL SI 20250606 PS;SIMPLE_INSTRUMENT;EFS;EUR;123;126.93000000;507;EXCHANGE_LAST;;1;1;XEUR;11820389;688;
14.03.2025;15:09:24.330;FGBL SI 20250606 PS;SIMPLE_INSTRUMENT;EFS;EUR;124;127.22000000;867;EXCHANGE_LAST;;1;1;XEUR;11820389;688;
14.03.2025;15:10:24.375;FGBL SI 20250606 PS;SIMPLE_INSTRUMENT;EFS;EUR;125;127.15000000;434;EXCHANGE_LAST;;1;1;XEUR;11820389;688;
14.03.2025;15:11:34.420;FGBL SI 20250606 PS;SIMPLE_INSTRUMENT;EFS;EUR;126;127.14000000;434;EXCHANGE_LAST;;1;1;XEUR;11820389;688;
14.03.2025;15:12:09.748;FGBL SI 20250606 PS;SIMPLE_INSTRUMENT;EFS;EUR;127;127.15000000;2169;EXCHANGE_LAST;;1;1;XEUR;11820389;688;
14.03.2025;15:12:45.673;FGBL SI 20250606 PS;SIMPLE_INSTRUMENT;EFS;EUR;128;127.14000000;349;EXCHANGE_LAST;;1;1;XEUR;11820389;688;
14.03.2025;15:13:05.675;FGBL SI 20250606 PS;SIMPLE_INSTRUMENT;EFS;EUR;129;127.14000000;349;EXCHANGE_LAST;;1;1;XEUR;11820389;688;
14.03.2025;15:13:11.762;FGBL SI 20250606 PS;SIMPLE_INSTRUMENT;EFP_FIN;EUR;130;127.14000000;250;EXCHANGE_LAST;;1;1;XEUR;11820389;688;
14.03.2025;15:13:30.502;FGBL SI 20250606 PS;SIMPLE_INSTRUMENT;EFS;EUR;131;127.14000000;434;EXCHANGE_LAST;;1;1;XEUR;11820389;688;
14.03.2025;15:14:05.833;FGBL SI 20250606 PS;SIMPLE_INSTRUMENT;EFS;EUR;132;127.20000000;400;EXCHANGE_LAST;;1;1;XEUR;11820389;688;
14.03.2025;15:15:39.227;FGBL SI 20250606 PS;SIMPLE_INSTRUMENT;EFS;EUR;133;127.12000000;466;EXCHANGE_LAST;;1;1;XEUR;11820389;688;
14.03.2025;15:16:30.069;FGBL SI 20250606 PS;SIMPLE_INSTRUMENT;EFP_FIN;EUR;134;127.11000000;150;EXCHANGE_LAST;;1;1;XEUR;11820389;688;
14.03.2025;15:16:36.152;FGBL SI 20250606 PS;SIMPLE_INSTRUMENT;EFS;EUR;135;127.15000000;2169;EXCHANGE_LAST;;1;1;XEUR;11820389;688;
14.03.2025;15:18:31.403;FGBL SI 20250606 PS;SIMPLE_INSTRUMENT;EFS;EUR;136;127.12000000;304;EXCHANGE_LAST;;1;1;XEUR;11820389;688;
14.03.2025;15:20:45.882;FGBL SI 20250606 PS;SIMPLE_INSTRUMENT;EFS;EUR;137;127.18000000;217;EXCHANGE_LAST;;1;1;XEUR;11820389;688;
14.03.2025;15:21:12.916;FGBL SI 20250606 PS;SIMPLE_INSTRUMENT;EFS;EUR;138;127.18000000;217;EXCHANGE_LAST;;1;1;XEUR;11820389;688;
14.03.2025;15:22:37.009;FGBL SI 20250606 PS;SIMPLE_INSTRUMENT;EFS;EUR;139;127.17000000;434;EXCHANGE_LAST;;1;1;XEUR;11820389;688;
14.03.2025;15:22:47.069;FGBL SI 20250606 PS;SIMPLE_INSTRUMENT;EFS;EUR;140;127.16000000;434;EXCHANGE_LAST;;1;1;XEUR;11820389;688;
14.03.2025;15:23:02.035;FGBL SI 20250606 PS;SIMPLE_INSTRUMENT;EFS;EUR;141;127.15000000;217;EXCHANGE_LAST;;1;1;XEUR;11820389;688;
14.03.2025;15:23:12.046;FGBL SI 20250606 PS;SIMPLE_INSTRUMENT;EFS;EUR;142;127.14000000;217;EXCHANGE_LAST;;1;1;XEUR;11820389;688;
14.03.2025;15:24:23.197;FGBL SI 20250606 PS;SIMPLE_INSTRUMENT;EFS;EUR;143;127.16000000;434;EXCHANGE_LAST;;1;1;XEUR;11820389;688;
14.03.2025;15:27:11.540;FGBL SI 20250606 PS;SIMPLE_INSTRUMENT;EFP_FIN;EUR;144;127.16000000;71;EXCHANGE_LAST;;1;1;XEUR;11820389;688;
14.03.2025;15:26:22.663;FGBL SI 20250606 PS;SIMPLE_INSTRUMENT;EFP_FIN;EUR;145;127.16000000;248;EXCHANGE_LAST;;1;1;XEUR;11820389;688;
14.03.2025;15:28:32.488;FGBL SI 20250606 PS;SIMPLE_INSTRUMENT;EFS;EUR;146;127.16000000;217;EXCHANGE_LAST;;1;1;XEUR;11820389;688;
14.03.2025;15:31:24.681;FGBL SI 20250606 PS;SIMPLE_INSTRUMENT;EFS;EUR;147;127.12000000;243;EXCHANGE_LAST;;1;1;XEUR;11820389;688;
14.03.2025;15:32:03.021;FGBL SI 20250606 PS;SIMPLE_INSTRUMENT;EFS;EUR;148;127.17000000;507;EXCHANGE_LAST;;1;1;XEUR;11820389;688;
14.03.2025;15:32:45.778;FGBL SI 20250606 PS;SIMPLE_INSTRUMENT;EFS;EUR;149;127.14000000;253;EXCHANGE_LAST;;1;1;XEUR;11820389;688;
14.03.2025;15:41:47.827;FGBL SI 20250606 PS;SIMPLE_INSTRUMENT;EFS;EUR;150;127.22000000;217;EXCHANGE_LAST;;1;1;XEUR;11820389;688;
14.03.2025;15:41:57.835;FGBL SI 20250606 PS;SIMPLE_INSTRUMENT;EFS;EUR;151;127.22000000;434;EXCHANGE_LAST;;1;1;XEUR;11820389;688;
14.03.2025;15:42:27.859;FGBL SI 20250606 PS;SIMPLE_INSTRUMENT;EFS;EUR;152;127.20000000;434;EXCHANGE_LAST;;1;1;XEUR;11820389;688;
14.03.2025;15:44:58.956;FGBL SI 20250606 PS;SIMPLE_INSTRUMENT;EFS;EUR;153;127.18000000;434;EXCHANGE_LAST;;1;1;XEUR;11820389;688;
14.03.2025;15:45:50.879;FGBL SI 20250606 PS;SIMPLE_INSTRUMENT;EFS;EUR;154;127.21000000;698;EXCHANGE_LAST;;1;1;XEUR;11820389;688;
14.03.2025;15:49:54.153;FGBL SI 20250606 PS;SIMPLE_INSTRUMENT;EFS;EUR;155;127.23000000;434;EXCHANGE_LAST;;1;1;XEUR;11820389;688;
14.03.2025;15:52:02.082;FGBL SI 20250606 PS;SIMPLE_INSTRUMENT;EFS;EUR;156;127.17000000;607;EXCHANGE_LAST;;1;1;XEUR;11820389;688;
14.03.2025;15:51:36.058;FGBL SI 20250606 PS;SIMPLE_INSTRUMENT;EFS;EUR;157;127.17000000;434;EXCHANGE_LAST;;1;1;XEUR;11820389;688;
14.03.2025;15:55:47.943;FGBL SI 20250606 PS;SIMPLE_INSTRUMENT;EFS;EUR;158;127.25000000;466;EXCHANGE_LAST;;1;1;XEUR;11820389;688;
14.03.2025;15:56:09.615;FGBL SI 20250606 PS;SIMPLE_INSTRUMENT;EFP_FIN;EUR;159;127.16000000;935;EXCHANGE_LAST;;1;1;XEUR;11820389;688;
14.03.2025;15:56:16.749;FGBL SI 20250606 PS;SIMPLE_INSTRUMENT;EFS;EUR;160;127.18000000;434;EXCHANGE_LAST;;1;1;XEUR;11820389;688;
14.03.2025;15:58:54.199;FGBL SI 20250606 PS;SIMPLE_INSTRUMENT;EFS;EUR;161;127.19000000;87;EXCHANGE_LAST;;1;1;XEUR;11820389;688;
14.03.2025;16:00:59.585;FGBL SI 20250606 PS;SIMPLE_INSTRUMENT;EFS;EUR;162;127.24000000;434;EXCHANGE_LAST;;1;1;XEUR;11820389;688;
14.03.2025;16:02:24.653;FGBL SI 20250606 PS;SIMPLE_INSTRUMENT;EFS;EUR;163;127.22000000;217;EXCHANGE_LAST;;1;1;XEUR;11820389;688;
14.03.2025;16:02:41.862;FGBL SI 20250606 PS;SIMPLE_INSTRUMENT;EFS;EUR;164;127.19000000;253;EXCHANGE_LAST;;1;1;XEUR;11820389;688;
14.03.2025;16:07:21.126;FGBL SI 20250606 PS;SIMPLE_INSTRUMENT;EFS;EUR;165;127.24000000;23;EXCHANGE_LAST;;1;1;XEUR;11820389;688;
14.03.2025;16:09:14.974;FGBL SI 20250606 PS;SIMPLE_INSTRUMENT;EFS;EUR;166;127.20000000;260;EXCHANGE_LAST;;1;1;XEUR;11820389;688;
14.03.2025;16:09:20.879;FGBL SI 20250606 PS;SIMPLE_INSTRUMENT;EFS;EUR;167;127.23000000;384;EXCHANGE_LAST;;1;1;XEUR;11820389;688;
14.03.2025;16:11:55.383;FGBL SI 20250606 PS;SIMPLE_INSTRUMENT;EFP_FIN;EUR;168;127.25000000;74;EXCHANGE_LAST;;1;1;XEUR;11820389;688;
14.03.2025;16:12:26.851;FGBL SI 20250606 PS;SIMPLE_INSTRUMENT;EFS;EUR;169;127.23000000;1254;EXCHANGE_LAST;;1;1;XEUR;11820389;688;
14.03.2025;16:13:19.613;FGBL SI 20250606 PS;SIMPLE_INSTRUMENT;EFS;EUR;170;127.23000000;86;EXCHANGE_LAST;;1;1;XEUR;11820389;688;
14.03.2025;16:15:16.704;FGBL SI 20250606 PS;SIMPLE_INSTRUMENT;EFS;EUR;171;127.23000000;233;EXCHANGE_LAST;;1;1;XEUR;11820389;688;
14.03.2025;16:17:37.762;FGBL SI 20250606 PS;SIMPLE_INSTRUMENT;EFS;EUR;172;127.24000000;1012;EXCHANGE_LAST;;1;1;XEUR;11820389;688;
14.03.2025;16:20:27.881;FGBL SI 20250606 PS;SIMPLE_INSTRUMENT;EFS;EUR;173;127.23000000;101;EXCHANGE_LAST;;1;1;XEUR;11820389;688;
14.03.2025;16:21:08.280;FGBL SI 20250606 PS;SIMPLE_INSTRUMENT;EFS;EUR;174;127.23000000;624;EXCHANGE_LAST;;1;1;XEUR;11820389;688;
14.03.2025;16:22:21.533;FGBL SI 20250606 PS;SIMPLE_INSTRUMENT;EFS;EUR;175;127.27000000;867;EXCHANGE_LAST;;1;1;XEUR;11820389;688;
14.03.2025;16:23:26.655;FGBL SI 20250606 PS;SIMPLE_INSTRUMENT;EFS;EUR;176;127.24000000;152;EXCHANGE_LAST;;1;1;XEUR;11820389;688;
14.03.2025;16:24:14.318;FGBL SI 20250606 PS;SIMPLE_INSTRUMENT;EFS;EUR;177;127.23000000;335;EXCHANGE_LAST;;1;1;XEUR;11820389;688;
14.03.2025;16:25:12.609;FGBL SI 20250606 PS;SIMPLE_INSTRUMENT;EFS;EUR;178;127.28000000;433;EXCHANGE_LAST;;1;1;XEUR;11820389;688;
14.03.2025;16:27:26.716;FGBL SI 20250606 PS;SIMPLE_INSTRUMENT;EFS;EUR;179;127.28000000;433;EXCHANGE_LAST;;1;1;XEUR;11820389;688;
14.03.2025;16:38:01.711;FGBL SI 20250606 PS;SIMPLE_INSTRUMENT;EFS;EUR;180;127.20000000;1100;EXCHANGE_LAST;;1;1;XEUR;11820389;688;
14.03.2025;16:38:00.490;FGBL SI 20250606 PS;SIMPLE_INSTRUMENT;EFS;EUR;181;127.27000000;253;EXCHANGE_LAST;;1;1;XEUR;11820389;688;
14.03.2025;16:53:00.970;FGBL SI 20250606 PS;SIMPLE_INSTRUMENT;EFS;EUR;182;127.25000000;253;EXCHANGE_LAST;;1;1;XEUR;11820389;688;
14.03.2025;10:21:49.330;FGBL SI 20250606 PS;SIMPLE_INSTRUMENT;VOLA;EUR;268435484;127.21000000;16;EXCHANGE_LAST;;1;1;XEUR;11820389;688;
14.03.2025;11:22:51.823;FGBL SI 20250606 PS;SIMPLE_INSTRUMENT;VOLA;EUR;268435514;126.68000000;40;EXCHANGE_LAST;;1;1;XEUR;11820389;688;
14.03.2025;11:24:14.840;FGBL SI 20250606 PS;SIMPLE_INSTRUMENT;VOLA;EUR;268435516;126.80000000;50;EXCHANGE_LAST;;1;1;XEUR;11820389;688;
14.03.2025;11:25:17.366;FGBL SI 20250606 PS;SIMPLE_INSTRUMENT;VOLA;EUR;268435517;126.80000000;50;EXCHANGE_LAST;;1;1;XEUR;11820389;688;
14.03.2025;11:38:07.277;FGBL SI 20250606 PS;SIMPLE_INSTRUMENT;VOLA;EUR;268435522;126.86000000;28;EXCHANGE_LAST;;1;1;XEUR;11820389;688;
14.03.2025;11:55:58.795;FGBL SI 20250606 PS;SIMPLE_INSTRUMENT;VOLA;EUR;268435542;126.86000000;85;EXCHANGE_LAST;;1;1;XEUR;11820389;688;
14.03.2025;11:56:08.795;FGBL SI 20250606 PS;SIMPLE_INSTRUMENT;VOLA;EUR;268435543;126.86000000;28;EXCHANGE_LAST;;1;1;XEUR;11820389;688;
14.03.2025;12:06:47.781;FGBL SI 20250606 PS;SIMPLE_INSTRUMENT;VOLA;EUR;268435557;126.78000000;40;EXCHANGE_LAST;;1;1;XEUR;11820389;688;
14.03.2025;12:18:02.336;FGBL SI 20250606 PS;SIMPLE_INSTRUMENT;VOLA;EUR;268435561;126.75000000;188;EXCHANGE_LAST;;1;1;XEUR;11820389;688;
14.03.2025;12:18:03.327;FGBL SI 20250606 PS;SIMPLE_INSTRUMENT;VOLA;EUR;268435563;126.74000000;62;EXCHANGE_LAST;;1;1;XEUR;11820389;688;
14.03.2025;12:48:30.889;FGBL SI 20250606 PS;SIMPLE_INSTRUMENT;VOLA;EUR;268435581;126.62000000;30;EXCHANGE_LAST;;1;1;XEUR;11820389;688;
14.03.2025;13:20:02.033;FGBL SI 20250606 PS;SIMPLE_INSTRUMENT;VOLA;EUR;268435596;126.72000000;510;EXCHANGE_LAST;;1;1;XEUR;11820389;688;
14.03.2025;13:20:11.034;FGBL SI 20250606 PS;SIMPLE_INSTRUMENT;VOLA;EUR;268435597;126.72000000;165;EXCHANGE_LAST;;1;1;XEUR;11820389;688;
14.03.2025;14:40:04.975;FGBL SI 20250606 PS;SIMPLE_INSTRUMENT;VOLA;EUR;268435622;127.00000000;130;EXCHANGE_LAST;;1;1;XEUR;11820389;688;
14.03.2025;14:58:30.040;FGBL SI 20250606 PS;SIMPLE_INSTRUMENT;VOLA;EUR;268435631;127.18000000;50;EXCHANGE_LAST;;1;1;XEUR;11820389;688;
14.03.2025;15:17:20.462;FGBL SI 20250606 PS;SIMPLE_INSTRUMENT;VOLA;EUR;268435641;127.22000000;1063;EXCHANGE_LAST;;1;1;XEUR;11820389;688;
14.03.2025;15:47:22.606;FGBL SI 20250606 PS;SIMPLE_INSTRUMENT;VOLA;EUR;268435649;127.20000000;20;EXCHANGE_LAST;;1;1;XEUR;11820389;688;
14.03.2025;15:48:14.523;FGBL SI 20250606 PS;SIMPLE_INSTRUMENT;VOLA;EUR;268435650;127.13000000;20;EXCHANGE_LAST;;1;1;XEUR;11820389;688;
14.03.2025;16:27:51.461;FGBL SI 20250606 PS;SIMPLE_INSTRUMENT;VOLA;EUR;268435660;127.22000000;32;EXCHANGE_LAST;;1;1;XEUR;11820389;688;
14.03.2025;07:50:30.767;FGBM SI 20250606 PS;SIMPLE_INSTRUMENT;EFS;EUR;1;116.93000000;846;EXCHANGE_LAST;;1;1;XEUR;11820390;689;
14.03.2025;07:51:25.801;FGBM SI 20250606 PS;SIMPLE_INSTRUMENT;EFS;EUR;2;116.93000000;423;EXCHANGE_LAST;;1;1;XEUR;11820390;689;
14.03.2025;08:25:49.154;FGBM SI 20250606 PS;SIMPLE_INSTRUMENT;EFS;EUR;3;116.82000000;423;EXCHANGE_LAST;;1;1;XEUR;11820390;689;
14.03.2025;08:26:44.191;FGBM SI 20250606 PS;SIMPLE_INSTRUMENT;EFS;EUR;4;116.83000000;423;EXCHANGE_LAST;;1;1;XEUR;11820390;689;
14.03.2025;08:26:59.205;FGBM SI 20250606 PS;SIMPLE_INSTRUMENT;EFS;EUR;5;116.82000000;423;EXCHANGE_LAST;;1;1;XEUR;11820390;689;
14.03.2025;08:28:24.260;FGBM SI 20250606 PS;SIMPLE_INSTRUMENT;EFS;EUR;6;116.83000000;423;EXCHANGE_LAST;;1;1;XEUR;11820390;689;
14.03.2025;08:30:09.360;FGBM SI 20250606 PS;SIMPLE_INSTRUMENT;EFS;EUR;7;116.83000000;846;EXCHANGE_LAST;;1;1;XEUR;11820390;689;
14.03.2025;08:34:28.986;FGBM SI 20250606 PS;SIMPLE_INSTRUMENT;EFS;EUR;8;116.79000000;2610;EXCHANGE_LAST;;1;1;XEUR;11820390;689;
14.03.2025;08:40:12.160;FGBM SI 20250606 PS;SIMPLE_INSTRUMENT;EFS;EUR;9;116.82000000;472;EXCHANGE_LAST;;1;1;XEUR;11820390;689;
14.03.2025;09:15:59.994;FGBM SI 20250606 PS;SIMPLE_INSTRUMENT;EFP_FIN;EUR;10;116.81000000;311;EXCHANGE_LAST;;1;1;XEUR;11820390;689;
14.03.2025;09:26:19.306;FGBM SI 20250606 PS;SIMPLE_INSTRUMENT;EFP_FIN;EUR;11;116.81000000;298;EXCHANGE_LAST;;1;1;XEUR;11820390;689;
14.03.2025;09:27:21.062;FGBM SI 20250606 PS;SIMPLE_INSTRUMENT;EFS;EUR;12;116.84000000;846;EXCHANGE_LAST;;1;1;XEUR;11820390;689;
14.03.2025;09:28:28.910;FGBM SI 20250606 PS;SIMPLE_INSTRUMENT;EFP_FIN;EUR;13;116.81000000;145;EXCHANGE_LAST;;1;1;XEUR;11820390;689;
14.03.2025;09:44:07.508;FGBM SI 20250606 PS;SIMPLE_INSTRUMENT;EFP_FIN;EUR;14;116.82000000;270;EXCHANGE_LAST;;1;1;XEUR;11820390;689;
14.03.2025;09:30:47.671;FGBM SI 20250606 PS;SIMPLE_INSTRUMENT;EFP_FIN;EUR;15;116.79000000;1278;EXCHANGE_LAST;;1;1;XEUR;11820390;689;
14.03.2025;09:47:27.079;FGBM SI 20250606 PS;SIMPLE_INSTRUMENT;EFP_FIN;EUR;16;116.84000000;77;EXCHANGE_LAST;;1;1;XEUR;11820390;689;
14.03.2025;09:57:08.731;FGBM SI 20250606 PS;SIMPLE_INSTRUMENT;EFS;EUR;17;116.81000000;423;EXCHANGE_LAST;;1;1;XEUR;11820390;689;
14.03.2025;10:05:26.798;FGBM SI 20250606 PS;SIMPLE_INSTRUMENT;EFP_FIN;EUR;18;116.80000000;225;EXCHANGE_LAST;;1;1;XEUR;11820390;689;
14.03.2025;10:16:23.781;FGBM SI 20250606 PS;SIMPLE_INSTRUMENT;EFP_FIN;EUR;19;116.82000000;1018;EXCHANGE_LAST;;1;1;XEUR;11820390;689;
14.03.2025;10:33:37.616;FGBM SI 20250606 PS;SIMPLE_INSTRUMENT;EFS;EUR;20;116.79000000;1889;EXCHANGE_LAST;;1;1;XEUR;11820390;689;
14.03.2025;10:34:24.061;FGBM SI 20250606 PS;SIMPLE_INSTRUMENT;EFS;EUR;21;116.78000000;1737;EXCHANGE_LAST;;1;1;XEUR;11820390;689;
14.03.2025;10:47:21.902;FGBM SI 20250606 PS;SIMPLE_INSTRUMENT;EFS;EUR;23;116.77000000;423;EXCHANGE_LAST;;1;1;XEUR;11820390;689;
14.03.2025;10:47:32.861;FGBM SI 20250606 PS;SIMPLE_INSTRUMENT;EFP_FIN;EUR;24;116.81000000;62;EXCHANGE_LAST;;1;1;XEUR;11820390;689;
14.03.2025;10:49:10.170;FGBM SI 20250606 PS;SIMPLE_INSTRUMENT;EFP_FIN;EUR;25;116.81000000;128;EXCHANGE_LAST;;1;1;XEUR;11820390;689;
14.03.2025;10:49:18.016;FGBM SI 20250606 PS;SIMPLE_INSTRUMENT;EFS;EUR;26;116.77000000;423;EXCHANGE_LAST;;1;1;XEUR;11820390;689;
14.03.2025;10:52:13.538;FGBM SI 20250606 PS;SIMPLE_INSTRUMENT;EFP_FIN;EUR;27;116.77000000;1006;EXCHANGE_LAST;;1;1;XEUR;11820390;689;
14.03.2025;10:52:39.687;FGBM SI 20250606 PS;SIMPLE_INSTRUMENT;EFS;EUR;28;116.66000000;423;EXCHANGE_LAST;;1;1;XEUR;11820390;689;
14.03.2025;10:56:18.407;FGBM SI 20250606 PS;SIMPLE_INSTRUMENT;EFS;EUR;29;116.77000000;848;EXCHANGE_LAST;;1;1;XEUR;11820390;689;
14.03.2025;10:56:48.432;FGBM SI 20250606 PS;SIMPLE_INSTRUMENT;EFS;EUR;30;116.62000000;848;EXCHANGE_LAST;;1;1;XEUR;11820390;689;
14.03.2025;10:58:12.655;FGBM SI 20250606 PS;SIMPLE_INSTRUMENT;EFS;EUR;31;116.56000000;1420;EXCHANGE_LAST;;1;1;XEUR;11820390;689;
14.03.2025;11:03:18.667;FGBM SI 20250606 PS;SIMPLE_INSTRUMENT;EFS;EUR;32;116.57000000;451;EXCHANGE_LAST;;1;1;XEUR;11820390;689;
14.03.2025;11:08:18.715;FGBM SI 20250606 PS;SIMPLE_INSTRUMENT;EFS;EUR;33;116.56000000;947;EXCHANGE_LAST;;1;1;XEUR;11820390;689;
14.03.2025;11:08:35.999;FGBM SI 20250606 PS;SIMPLE_INSTRUMENT;EFS;EUR;34;116.68000000;1418;EXCHANGE_LAST;;1;1;XEUR;11820390;689;
14.03.2025;11:12:25.116;FGBM SI 20250606 PS;SIMPLE_INSTRUMENT;EFS;EUR;35;116.56000000;2604;EXCHANGE_LAST;;1;1;XEUR;11820390;689;
14.03.2025;11:16:35.412;FGBM SI 20250606 PS;SIMPLE_INSTRUMENT;EFS;EUR;36;116.59000000;424;EXCHANGE_LAST;;1;1;XEUR;11820390;689;
14.03.2025;11:18:33.374;FGBM SI 20250606 PS;SIMPLE_INSTRUMENT;EFS;EUR;37;116.60000000;424;EXCHANGE_LAST;;1;1;XEUR;11820390;689;
14.03.2025;11:19:00.547;FGBM SI 20250606 PS;SIMPLE_INSTRUMENT;EFS;EUR;38;116.66000000;720;EXCHANGE_LAST;;1;1;XEUR;11820390;689;
14.03.2025;11:19:16.648;FGBM SI 20250606 PS;SIMPLE_INSTRUMENT;EFS;EUR;39;116.65000000;847;EXCHANGE_LAST;;1;1;XEUR;11820390;689;
14.03.2025;11:20:02.967;FGBM SI 20250606 PS;SIMPLE_INSTRUMENT;EFS;EUR;40;116.64000000;424;EXCHANGE_LAST;;1;1;XEUR;11820390;689;
14.03.2025;11:20:40.355;FGBM SI 20250606 PS;SIMPLE_INSTRUMENT;EFS;EUR;41;116.69000000;3473;EXCHANGE_LAST;;1;1;XEUR;11820390;689;
14.03.2025;11:28:07.120;FGBM SI 20250606 PS;SIMPLE_INSTRUMENT;EFS;EUR;42;116.67000000;847;EXCHANGE_LAST;;1;1;XEUR;11820390;689;
14.03.2025;11:28:53.502;FGBM SI 20250606 PS;SIMPLE_INSTRUMENT;EFS;EUR;43;116.65000000;1419;EXCHANGE_LAST;;1;1;XEUR;11820390;689;
