#Date;TrdTime;Contract;ContractType;TrdTyp;Currency;TesId;Prc;Qty;TrdInd;Aggressor;Buy;Sell;Exch;InstrumentId;RelatedProdId;PrcDecomp
09.06.2025;11:02:42.957;A2CR SI 20250620 CS;SIMPLE_INSTRUMENT;BLOCK;EUR;28;1.26000000;632;EXCHANGE_LAST;;1;1;XEUR;10865362;45714;
09.06.2025;13:44:07.431;A2LV SI 20261218 CS;SIMPLE_INSTRUMENT;BLOCK;EUR;79;16.05000000;60;EXCHANGE_LAST;;1;1;XEUR;4632085;12;
09.06.2025;14:18:10.545;A2LV SI 20261218 CS;SIMPLE_INSTRUMENT;BLOCK;EUR;81;16.05000000;60;EXCHANGE_LAST;;1;1;XEUR;4632085;12;
09.06.2025;15:44:59.567;A2SM SI 20251219 CS;SIMPLE_INSTRUMENT;BLOCK;EUR;94;6.69000000;300;EXCHANGE_LAST;;1;2;XEUR;5914264;15;
09.06.2025;10:27:24.443;ACR.O.250609.STD.000001;STANDARD_OPTION_STRATEGY;BLOCK;EUR;4;1.90000000;1500;EXCHANGE_LAST;;1;1;XEUR;72057778721527404;43;
09.06.2025;10:27:24.443;ACR SI 20250620 PS AM P 47.50 0;SIMPLE_INSTRUMENT;BLOCK;EUR;4;1.70000000;1500;PRC_DECOMP_EXCHANGE;;;;XEUR;12994240;43;EXCHANGE
09.06.2025;10:27:24.443;ACR SI 20250620 PS AM C 47.50 0;SIMPLE_INSTRUMENT;BLOCK;EUR;4;0.20000000;1500;PRC_DECOMP_EXCHANGE;;;;XEUR;12994214;43;EXCHANGE
09.06.2025;11:02:28.046;ACRI SI 20250620 CS;SIMPLE_INSTRUMENT;BLOCK;EUR;27;46.00600000;7500;EXCHANGE_LAST;;1;1;XEUR;11167259;41;
09.06.2025;09:44:41.716;AMUF SI 20250620 CS;SIMPLE_INSTRUMENT;BLOCK;EUR;9;71.24160000;400;EXCHANGE_LAST;;1;1;XEUR;11198979;128158;
09.06.2025;11:00:34.950;ANNG SI 20250919 CS;SIMPLE_INSTRUMENT;BLOCK;EUR;26;29.59000000;3500;EXCHANGE_LAST;;1;1;XEUR;11738849;464374;
09.06.2025;10:43:33.952;ASG5 SI 20250918 PS AM P 28.00 0;SIMPLE_INSTRUMENT;BLOCK;EUR;2;0.35000000;2000;EXCHANGE_LAST;;2;1;XEUR;11862656;109;
09.06.2025;13:21:31.804;AXA.O.250609.CDIA.000002;STANDARD_OPTION_STRATEGY;BLOCK;EUR;12;-0.84000000;1500;EXCHANGE_LAST;;1;1;XEUR;72058139498796625;127;
09.06.2025;13:21:31.804;AXA SI 20250620 PS AM C 42.00 0;SIMPLE_INSTRUMENT;BLOCK;EUR;12;0.93000000;1500;PRC_DECOMP_EXCHANGE;;;;XEUR;11350287;127;EXCHANGE
09.06.2025;13:21:31.804;AXA SI 20250718 PS AM C 46.00 0;SIMPLE_INSTRUMENT;BLOCK;EUR;12;0.09000000;1500;PRC_DECOMP_EXCHANGE;;;;XEUR;13328357;127;EXCHANGE
09.06.2025;11:18:31.122;B2NP SI 20261218 CS;SIMPLE_INSTRUMENT;BLOCK;EUR;32;4.83500000;300;EXCHANGE_LAST;;1;1;XEUR;6798320;131;
09.06.2025;11:18:56.825;B2NP SI 20261218 CS;SIMPLE_INSTRUMENT;BLOCK;EUR;34;4.83500000;100;EXCHANGE_LAST;;1;1;XEUR;6798320;131;
09.06.2025;15:22:41.189;B2NP SI 20261218 CS;SIMPLE_INSTRUMENT;BLOCK;EUR;88;4.83000000;150;EXCHANGE_LAST;;2;1;XEUR;6798320;131;
09.06.2025;15:34:14.736;B2NP SI 20261218 CS;SIMPLE_INSTRUMENT;BLOCK;EUR;89;4.82000000;100;EXCHANGE_LAST;;1;1;XEUR;6798320;131;
09.06.2025;09:10:39.777;B2PE SI 20250620 CS;SIMPLE_INSTRUMENT;BLOCK;EUR;5;0.60000000;9708;EXCHANGE_LAST;;1;1;XEUR;12178633;949835;
09.06.2025;09:01:35.803;BAS.N.250609.000006;NON_STANDARD_OPTION_STRATEGY;BLOCK;EUR;2;1.92000000;750;EXCHANGE_LAST;;1;1;XEUR;72058238283094733;150;
09.06.2025;09:01:35.803;BAS SI 20250620 PS AM P 40.00 0;SIMPLE_INSTRUMENT;BLOCK;EUR;2;0.24000000;750;PRC_DECOMP_EXCHANGE;;;;XEUR;7899120;150;EXCHANGE
09.06.2025;09:01:35.803;BAS SI 20251219 PS AM P 36.00 0;SIMPLE_INSTRUMENT;BLOCK;EUR;2;1.08000000;1500;PRC_DECOMP_EXCHANGE;;;;XEUR;7115422;150;EXCHANGE
09.06.2025;11:45:19.449;BAS SI 20250620 PS AM P 42.00 0;SIMPLE_INSTRUMENT;BLOCK;EUR;8;0.74000000;3000;EXCHANGE_LAST;;1;2;XEUR;11350808;150;
09.06.2025;12:52:37.837;BAS SI 20281215 PS AM P 32.00 0;SIMPLE_INSTRUMENT;BLOCK;EUR;9;3.71000000;2000;EXCHANGE_LAST;;1;1;XEUR;10396490;150;
09.06.2025;14:00:23.629;BAS.O.250609.BUL.000010;STANDARD_OPTION_STRATEGY;BLOCK;EUR;10;2.62000000;7000;EXCHANGE_LAST;;1;2;XEUR;72058238283094737;150;
09.06.2025;14:00:23.629;BAS SI 20250919 PS AM C 42.00 0;SIMPLE_INSTRUMENT;BLOCK;EUR;10;2.57000000;7000;PRC_DECOMP_EXCHANGE;;;;XEUR;11872864;150;EXCHANGE
09.06.2025;14:00:23.629;BAS SI 20250919 PS AM C 38.00 0;SIMPLE_INSTRUMENT;BLOCK;EUR;10;5.19000000;7000;PRC_DECOMP_EXCHANGE;;;;XEUR;11872846;150;EXCHANGE
09.06.2025;13:00:37.926;BASG.S.JUN25.SEP25.SPD;FUTURES_SPREAD;BLOCK;EUR;46;-0.23200000;3000;EXCHANGE_LAST;;1;1;XEUR;72058328477336873;171;
09.06.2025;13:00:37.926;BASG SI 20250620 CS;SIMPLE_INSTRUMENT;BLOCK;EUR;46;41.90000000;3000;PRC_DECOMP_MEMBER;;;;XEUR;11169531;171;MEMBER
09.06.2025;13:00:37.926;BASG SI 20250919 CS;SIMPLE_INSTRUMENT;BLOCK;EUR;46;42.13200000;3000;PRC_DECOMP_MEMBER;;;;XEUR;11699877;171;MEMBER
09.06.2025;08:52:18.349;BAY SI 20251219 PS AM P 28.00 0;SIMPLE_INSTRUMENT;BLOCK;EUR;1;4.00000000;1000;EXCHANGE_LAST;;1;1;XEUR;6068400;168;
09.06.2025;10:08:41.427;BAY.O.250609.BUL.000018;STANDARD_OPTION_STRATEGY;BLOCK;EUR;3;0.51000000;3000;EXCHANGE_LAST;;1;1;XEUR;72058315592512133;168;
09.06.2025;10:08:41.427;BAY SI 20250620 PS AM C 27.00 0;SIMPLE_INSTRUMENT;BLOCK;EUR;3;0.45000000;3000;PRC_DECOMP_EXCHANGE;;;;XEUR;11992379;168;EXCHANGE
09.06.2025;10:08:41.427;BAY SI 20250620 PS AM C 26.00 0;SIMPLE_INSTRUMENT;BLOCK;EUR;3;0.96000000;3000;PRC_DECOMP_EXCHANGE;;;;XEUR;10324700;168;EXCHANGE
09.06.2025;10:22:11.796;BAY.O.250609.BUL.000018;STANDARD_OPTION_STRATEGY;BLOCK;EUR;5;0.51000000;4500;EXCHANGE_LAST;;3;1;XEUR;72058315592512133;168;
09.06.2025;10:22:11.796;BAY SI 20250620 PS AM C 26.00 0;SIMPLE_INSTRUMENT;BLOCK;EUR;5;0.96000000;4500;PRC_DECOMP_MEMBER;;;;XEUR;10324700;168;MEMBER
09.06.2025;10:22:11.796;BAY SI 20250620 PS AM C 27.00 0;SIMPLE_INSTRUMENT;BLOCK;EUR;5;0.45000000;4500;PRC_DECOMP_MEMBER;;;;XEUR;11992379;168;MEMBER
09.06.2025;12:43:32.000;BMW.O.250609.BER.000008;STANDARD_OPTION_STRATEGY;BLOCK;EUR;10;3.90000000;1500;EXCHANGE_LAST;;1;1;XEUR;72058495981111596;210;
09.06.2025;12:43:32.000;BMW SI 20251219 PS AM P 76.00 0;SIMPLE_INSTRUMENT;BLOCK;EUR;10;6.18000000;1500;PRC_DECOMP_EXCHANGE;;;;XEUR;5923232;210;EXCHANGE
09.06.2025;12:43:32.000;BMW SI 20251219 PS AM P 64.00 0;SIMPLE_INSTRUMENT;BLOCK;EUR;10;2.28000000;1500;PRC_DECOMP_EXCHANGE;;;;XEUR;12435175;210;EXCHANGE
09.06.2025;14:58:42.192;BNP SI 20250620 PS AM P 78.00 0;SIMPLE_INSTRUMENT;BLOCK;EUR;19;1.00000000;1000;EXCHANGE_LAST;;1;1;XEUR;12761988;237;
09.06.2025;11:31:12.928;BNPH.S.JUN25.SEP25.SPD;FUTURES_SPREAD;BLOCK;EUR;33;-0.42500000;2500;EXCHANGE_LAST;;1;2;XEUR;72058607650212077;236;
09.06.2025;11:31:12.928;BNPH SI 20250919 CS;SIMPLE_INSTRUMENT;BLOCK;EUR;33;78.63440000;2500;PRC_DECOMP_EXCHANGE;;;;XEUR;11701000;236;EXCHANGE
09.06.2025;11:31:12.928;BNPH SI 20250620 CS;SIMPLE_INSTRUMENT;BLOCK;EUR;33;78.20940000;2500;PRC_DECOMP_EXCHANGE;;;;XEUR;11170600;236;EXCHANGE
09.06.2025;09:10:36.878;BPEF SI 20250619 CS;SIMPLE_INSTRUMENT;BLOCK;EUR;4;7.98580000;11000;EXCHANGE_LAST;;1;1;XEUR;11161772;226;
09.06.2025;10:23:24.042;BSI.O.250609.STG.000001;STANDARD_OPTION_STRATEGY;BLOCK;EUR;1;26.40000000;500;EXCHANGE_LAST;;1;1;XEUR;72385373057062454;76317;
09.06.2025;10:23:24.042;BSI SI 20251219 PS AM C 120.00 0;SIMPLE_INSTRUMENT;BLOCK;EUR;1;13.08000000;500;PRC_DECOMP_EXCHANGE;;;;XEUR;10439649;76317;EXCHANGE
09.06.2025;10:23:24.042;BSI SI 20251219 PS AM P 110.00 0;SIMPLE_INSTRUMENT;BLOCK;EUR;1;13.32000000;500;PRC_DECOMP_EXCHANGE;;;;XEUR;12475624;76317;EXCHANGE
09.06.2025;11:06:28.757;BYG SI 20250620 PS AM C 38.00 0;SIMPLE_INSTRUMENT;BLOCK;EUR;5;0.57000000;1500;EXCHANGE_LAST;;1;1;XEUR;11354347;280;
09.06.2025;14:09:37.841;BYG.O.250609.BRT.000002;STANDARD_OPTION_STRATEGY;BLOCK;EUR;16;2.50000000;1750;EXCHANGE_LAST;;1;2;XEUR;72058796628777191;280;
09.06.2025;14:09:37.841;BYG SI 20271217 PS AM P 32.00 0;SIMPLE_INSTRUMENT;BLOCK;EUR;16;3.11000000;1750;PRC_DECOMP_EXCHANGE;;;;XEUR;8777246;280;EXCHANGE
09.06.2025;14:09:37.841;BYG SI 20251219 PS AM P 32.00 0;SIMPLE_INSTRUMENT;BLOCK;EUR;16;0.61000000;1750;PRC_DECOMP_EXCHANGE;;;;XEUR;5924172;280;EXCHANGE
09.06.2025;14:50:07.057;BYG SI 20271217 PS AM P 32.00 0;SIMPLE_INSTRUMENT;BLOCK;EUR;20;3.25000000;2500;EXCHANGE_LAST;;1;2;XEUR;8777246;280;
09.06.2025;11:46:03.083;BYGG SI 20250620 CS;SIMPLE_INSTRUMENT;BLOCK;EUR;37;38.08800000;6900;EXCHANGE_LAST;;1;1;XEUR;11171272;281;
09.06.2025;09:19:32.375;C2BK SI 20250620 CS;SIMPLE_INSTRUMENT;BLOCK;EUR;8;0.65000000;6410;EXCHANGE_LAST;;1;1;XEUR;12178564;949832;
09.06.2025;09:51:12.988;CAR SI 20251219 PS AM C 16.00 0;SIMPLE_INSTRUMENT;BLOCK;EUR;2;0.14000000;3000;EXCHANGE_LAST;;1;1;XEUR;13503370;265;
09.06.2025;10:34:33.213;CBK.O.250609.BER.000005;STANDARD_OPTION_STRATEGY;BLOCK;EUR;5;2.77000000;2500;EXCHANGE_LAST;;2;1;XEUR;72058745089205847;268;
09.06.2025;10:34:33.213;CBK SI 20260619 PS AM P 16.00 0;SIMPLE_INSTRUMENT;BLOCK;EUR;5;0.68000000;2500;PRC_DECOMP_EXCHANGE;;;;XEUR;9542135;268;EXCHANGE
09.06.2025;10:34:33.213;CBK SI 20260619 PS AM P 26.00 0;SIMPLE_INSTRUMENT;BLOCK;EUR;5;3.45000000;2500;PRC_DECOMP_EXCHANGE;;;;XEUR;13309931;268;EXCHANGE
09.06.2025;09:19:11.438;CBKH SI 20250620 CS;SIMPLE_INSTRUMENT;BLOCK;EUR;7;28.02180000;70000;EXCHANGE_LAST;;1;1;XEUR;11192082;10390;
09.06.2025;10:19:34.898;CBKH SI 20250620 CS;SIMPLE_INSTRUMENT;BLOCK;EUR;20;28.02090000;62000;EXCHANGE_LAST;;1;1;XEUR;11192082;10390;
09.06.2025;10:41:27.605;CBKH SI 20250620 CS;SIMPLE_INSTRUMENT;BLOCK;EUR;25;28.02090000;8000;EXCHANGE_LAST;;1;1;XEUR;11192082;10390;
09.06.2025;14:41:20.639;D2PW SI 20261218 CS;SIMPLE_INSTRUMENT;BLOCK;EUR;83;1.77000000;300;EXCHANGE_LAST;;1;1;XEUR;4632317;9702;
09.06.2025;12:59:41.375;D3AI SI 20281215 CS;SIMPLE_INSTRUMENT;BLOCK;EUR;44;2.67000000;150;EXCHANGE_LAST;;1;1;XEUR;7144065;443197;
09.06.2025;08:59:34.183;DAI.O.250609.BUL.000004;STANDARD_OPTION_STRATEGY;BLOCK;EUR;3;2.98000000;1500;EXCHANGE_LAST;;1;1;XEUR;73961106363666830;443196;
09.06.2025;08:59:34.183;DAI SI 20271217 PS AM C 52.00 0;SIMPLE_INSTRUMENT;BLOCK;EUR;3;7.97000000;1500;PRC_DECOMP_EXCHANGE;;;;XEUR;8833346;443196;EXCHANGE
09.06.2025;08:59:34.183;DAI SI 20271217 PS AM C 60.00 0;SIMPLE_INSTRUMENT;BLOCK;EUR;3;4.99000000;1500;PRC_DECOMP_EXCHANGE;;;;XEUR;8833322;443196;EXCHANGE
09.06.2025;11:08:06.234;DAI SI 20251219 PS AM C 60.00 0;SIMPLE_INSTRUMENT;BLOCK;EUR;4;1.43000000;2500;EXCHANGE_LAST;;1;1;XEUR;7144524;443196;
09.06.2025;11:13:41.078;DAI SI 20271217 PS AM P 48.00 0;SIMPLE_INSTRUMENT;BLOCK;EUR;5;7.43000000;1500;EXCHANGE_LAST;;1;1;XEUR;8833332;443196;
09.06.2025;12:05:36.302;DAI.O.250609.COMBO.000006;STANDARD_OPTION_STRATEGY;BLOCK;EUR;7;1.08000000;2000;EXCHANGE_LAST;;1;1;XEUR;73961106363666832;443196;
09.06.2025;12:05:36.302;DAI SI 20250620 PS AM P 52.00 0;SIMPLE_INSTRUMENT;BLOCK;EUR;7;1.19000000;2000;PRC_DECOMP_EXCHANGE;;;;XEUR;7934288;443196;EXCHANGE
09.06.2025;12:05:36.302;DAI SI 20250620 PS AM C 56.00 0;SIMPLE_INSTRUMENT;BLOCK;EUR;7;0.11000000;2000;PRC_DECOMP_EXCHANGE;;;;XEUR;8006363;443196;EXCHANGE
09.06.2025;12:33:53.493;DAI.O.250609.BR23.000007;STANDARD_OPTION_STRATEGY;BLOCK;EUR;8;-18.90000000;1250;EXCHANGE_LAST;;1;1;XEUR;73961106363666833;443196;
09.06.2025;12:33:53.493;DAI SI 20281215 PS AM P 28.00 0;SIMPLE_INSTRUMENT;BLOCK;EUR;8;2.88000000;3750;PRC_DECOMP_EXCHANGE;;;;XEUR;10455518;443196;EXCHANGE
09.06.2025;12:33:53.493;DAI SI 20281215 PS AM P 56.00 0;SIMPLE_INSTRUMENT;BLOCK;EUR;8;13.77000000;2500;PRC_DECOMP_EXCHANGE;;;;XEUR;11961685;443196;EXCHANGE
09.06.2025;12:48:10.525;DAI.O.250609.STG.000008;STANDARD_OPTION_STRATEGY;BLOCK;EUR;13;6.25000000;1500;EXCHANGE_LAST;;2;1;XEUR;73961106363666834;443196;
09.06.2025;12:48:10.525;DAI SI 20261218 PS AM P 40.00 0;SIMPLE_INSTRUMENT;BLOCK;EUR;13;2.91000000;1500;PRC_DECOMP_EXCHANGE;;;;XEUR;7737736;443196;EXCHANGE
09.06.2025;12:48:10.525;DAI SI 20261218 PS AM C 60.00 0;SIMPLE_INSTRUMENT;BLOCK;EUR;13;3.34000000;1500;PRC_DECOMP_EXCHANGE;;;;XEUR;7190187;443196;EXCHANGE
09.06.2025;15:39:01.130;DAI.O.250609.BR23.000010;STANDARD_OPTION_STRATEGY;BLOCK;EUR;20;-7.70000000;2500;EXCHANGE_LAST;;1;1;XEUR;73961106363666836;443196;
09.06.2025;15:39:01.130;DAI SI 20291221 PS AM P 32.00 0;SIMPLE_INSTRUMENT;BLOCK;EUR;20;4.90000000;7500;PRC_DECOMP_MEMBER;;;;XEUR;12490312;443196;MEMBER
09.06.2025;15:39:01.130;DAI SI 20291221 PS AM P 48.00 0;SIMPLE_INSTRUMENT;BLOCK;EUR;20;11.20000000;5000;PRC_DECOMP_MEMBER;;;;XEUR;12490271;443196;MEMBER
09.06.2025;10:27:42.595;DAIG.S.JUN25.SEP25.SPD;FUTURES_SPREAD;BLOCK;EUR;21;-0.28300000;3500;EXCHANGE_LAST;;1;1;XEUR;73961136428417135;443203;
09.06.2025;10:27:42.595;DAIG SI 20250620 CS;SIMPLE_INSTRUMENT;BLOCK;EUR;21;51.55000000;3500;PRC_DECOMP_MEMBER;;;;XEUR;11207841;443203;MEMBER
09.06.2025;10:27:42.595;DAIG SI 20250919 CS;SIMPLE_INSTRUMENT;BLOCK;EUR;21;51.83300000;3500;PRC_DECOMP_MEMBER;;;;XEUR;11738579;443203;MEMBER
09.06.2025;10:41:05.545;DAIG.S.JUN25.SEP25.SPD;FUTURES_SPREAD;BLOCK;EUR;24;-0.27500000;4000;EXCHANGE_LAST;;1;1;XEUR;73961136428417135;443203;
09.06.2025;10:41:05.545;DAIG SI 20250919 CS;SIMPLE_INSTRUMENT;BLOCK;EUR;24;51.85000000;4000;PRC_DECOMP_MEMBER;;;;XEUR;11738579;443203;MEMBER
09.06.2025;10:41:05.545;DAIG SI 20250620 CS;SIMPLE_INSTRUMENT;BLOCK;EUR;24;51.57500000;4000;PRC_DECOMP_MEMBER;;;;XEUR;11207841;443203;MEMBER
09.06.2025;11:05:14.963;DAIG SI 20250620 CS;SIMPLE_INSTRUMENT;BLOCK;EUR;29;51.57500000;4000;EXCHANGE_LAST;;1;1;XEUR;11207841;443203;
09.06.2025;08:32:32.370;DHEF SI 20250919 CS;SIMPLE_INSTRUMENT;BLOCK;EUR;2;24.40700000;1750;EXCHANGE_LAST;;1;1;XEUR;11727988;74941;
09.06.2025;09:50:21.534;DPW SI 20261218 PS AM P 32.00 0;SIMPLE_INSTRUMENT;BLOCK;EUR;2;1.75000000;1000;EXCHANGE_LAST;;1;1;XEUR;7428780;445;
09.06.2025;14:16:54.996;DPW SI 20260320 PS AM P 40.00 0;SIMPLE_INSTRUMENT;BLOCK;EUR;5;3.07000000;500;EXCHANGE_LAST;;1;1;XEUR;13002515;445;
09.06.2025;14:28:53.728;DPW SI 20250919 PS AM P 36.00 0;SIMPLE_INSTRUMENT;BLOCK;EUR;7;0.62000000;1500;EXCHANGE_LAST;;1;1;XEUR;11878789;445;
09.06.2025;13:04:21.377;DPWF.S.JUN25.SEP25.SPD;FUTURES_SPREAD;BLOCK;EUR;48;-0.22500000;1400;EXCHANGE_LAST;;1;1;XEUR;72059501003407570;444;
09.06.2025;13:04:21.377;DPWF SI 20250919 CS;SIMPLE_INSTRUMENT;BLOCK;EUR;48;40.89500000;1400;PRC_DECOMP_MEMBER;;;;XEUR;11703690;444;MEMBER
09.06.2025;13:04:21.377;DPWF SI 20250620 CS;SIMPLE_INSTRUMENT;BLOCK;EUR;48;40.67000000;1400;PRC_DECOMP_MEMBER;;;;XEUR;11173216;444;MEMBER
09.06.2025;08:45:03.722;DTE SI 20250620 PS AM C 34.00 0;SIMPLE_INSTRUMENT;BLOCK;EUR;1;0.41000000;2000;EXCHANGE_LAST;;1;1;XEUR;11356822;424;
09.06.2025;14:20:05.010;DTE SI 20251219 PS AM P 30.00 0;SIMPLE_INSTRUMENT;BLOCK;EUR;6;0.64000000;4000;EXCHANGE_LAST;;2;1;XEUR;12052911;424;
09.06.2025;10:01:04.467;E2NL SI 20281215 CS;SIMPLE_INSTRUMENT;BLOCK;EUR;12;0.42700000;2000;EXCHANGE_LAST;;1;1;XEUR;6802276;471;
09.06.2025;10:01:04.834;E2NL SI 20281215 CS;SIMPLE_INSTRUMENT;BLOCK;EUR;13;0.42800000;2000;EXCHANGE_LAST;;1;1;XEUR;6802276;471;
09.06.2025;10:17:27.205;E2NL SI 20281215 CS;SIMPLE_INSTRUMENT;BLOCK;EUR;18;0.42700000;500;EXCHANGE_LAST;;1;1;XEUR;6802276;471;
09.06.2025;10:17:27.744;E2NL SI 20281215 CS;SIMPLE_INSTRUMENT;BLOCK;EUR;19;0.42800000;500;EXCHANGE_LAST;;1;1;XEUR;6802276;471;
09.06.2025;15:36:06.033;E2NT SI 20250919 CS;SIMPLE_INSTRUMENT;BLOCK;EUR;91;0.50000000;2700;EXCHANGE_LAST;;1;1;XEUR;11357635;470;
09.06.2025;16:22:55.516;EADP SI 20250919 PS;SIMPLE_INSTRUMENT;BLOCK;EUR;99;166.55000000;2200;EXCHANGE_LAST;;3;1;XEUR;11729617;124301;
09.06.2025;15:22:46.205;ENTH SI 20250918 CS;SIMPLE_INSTRUMENT;BLOCK;EUR;87;13.41400000;2000;EXCHANGE_LAST;;1;2;XEUR;11694241;524973;
09.06.2025;15:35:55.130;ENTH SI 20250918 CS;SIMPLE_INSTRUMENT;BLOCK;EUR;90;13.41400000;6000;EXCHANGE_LAST;;1;1;XEUR;11694241;524973;
09.06.2025;07:14:26.324;FBTP SI 20250908 PS;SIMPLE_INSTRUMENT;EFS;EUR;1;120.85000000;79;EXCHANGE_LAST;;1;1;XEUR;12372474;636;
09.06.2025;08:00:47.827;FBTP SI 20250908 PS;SIMPLE_INSTRUMENT;EFP_FIN;EUR;2;121.24000000;1530;EXCHANGE_LAST;;1;1;XEUR;12372474;636;
09.06.2025;08:03:20.036;FBTP SI 20250908 PS;SIMPLE_INSTRUMENT;EFP_FIN;EUR;3;121.24000000;1400;EXCHANGE_LAST;;1;1;XEUR;12372474;636;
09.06.2025;08:30:35.390;FBTP SI 20250908 PS;SIMPLE_INSTRUMENT;EFP_FIN;EUR;4;121.29000000;315;EXCHANGE_LAST;;1;1;XEUR;12372474;636;
09.06.2025;08:53:47.978;FBTP SI 20250908 PS;SIMPLE_INSTRUMENT;EFS;EUR;5;121.31000000;449;EXCHANGE_LAST;;1;1;XEUR;12372474;636;
09.06.2025;09:26:49.900;FBTP SI 20250908 PS;SIMPLE_INSTRUMENT;EFS;EUR;6;121.15000000;1231;EXCHANGE_LAST;;1;1;XEUR;12372474;636;
09.06.2025;09:30:52.674;FBTP SI 20250908 PS;SIMPLE_INSTRUMENT;EFP_FIN;EUR;7;121.15000000;1400;EXCHANGE_LAST;;1;1;XEUR;12372474;636;
09.06.2025;09:43:45.438;FBTP SI 20250908 PS;SIMPLE_INSTRUMENT;EFS;EUR;8;121.16000000;844;EXCHANGE_LAST;;1;1;XEUR;12372474;636;
09.06.2025;10:08:32.195;FBTP SI 20250908 PS;SIMPLE_INSTRUMENT;BLOCK;EUR;9;121.06000000;1094;EXCHANGE_LAST;;1;1;XEUR;12372474;636;
09.06.2025;10:12:48.760;FBTP SI 20250908 PS;SIMPLE_INSTRUMENT;EFP_FIN;EUR;10;121.08000000;1254;EXCHANGE_LAST;;1;1;XEUR;12372474;636;
09.06.2025;11:58:43.454;FBTP SI 20250908 PS;SIMPLE_INSTRUMENT;EFS;EUR;11;120.70000000;565;EXCHANGE_LAST;;1;1;XEUR;12372474;636;
09.06.2025;12:15:32.919;FBTP SI 20250908 PS;SIMPLE_INSTRUMENT;EFP_FIN;EUR;12;120.62000000;85;EXCHANGE_LAST;;1;1;XEUR;12372474;636;
09.06.2025;12:20:18.576;FBTP SI 20250908 PS;SIMPLE_INSTRUMENT;BLOCK;EUR;13;120.60000000;275;EXCHANGE_LAST;;1;1;XEUR;12372474;636;
09.06.2025;12:28:54.770;FBTP SI 20250908 PS;SIMPLE_INSTRUMENT;EFP_FIN;EUR;14;120.67000000;1350;EXCHANGE_LAST;;1;1;XEUR;12372474;636;
09.06.2025;12:43:05.347;FBTP SI 20250908 PS;SIMPLE_INSTRUMENT;EFS;EUR;15;120.65000000;287;EXCHANGE_LAST;;1;1;XEUR;12372474;636;
09.06.2025;12:49:20.494;FBTP SI 20250908 PS;SIMPLE_INSTRUMENT;EFS;EUR;16;120.66000000;820;EXCHANGE_LAST;;1;1;XEUR;12372474;636;
09.06.2025;13:05:01.501;FBTP SI 20250908 PS;SIMPLE_INSTRUMENT;EFS;EUR;17;120.44000000;496;EXCHANGE_LAST;;1;1;XEUR;12372474;636;
09.06.2025;13:12:39.255;FBTP SI 20250908 PS;SIMPLE_INSTRUMENT;EFS;EUR;18;120.50000000;453;EXCHANGE_LAST;;1;1;XEUR;12372474;636;
09.06.2025;13:15:29.905;FBTP SI 20250908 PS;SIMPLE_INSTRUMENT;EFP_FIN;EUR;19;120.45000000;675;EXCHANGE_LAST;;1;1;XEUR;12372474;636;
09.06.2025;14:07:15.068;FBTP SI 20250908 PS;SIMPLE_INSTRUMENT;EFP_FIN;EUR;20;120.62000000;430;EXCHANGE_LAST;;1;1;XEUR;12372474;636;
09.06.2025;14:22:00.795;FBTP SI 20250908 PS;SIMPLE_INSTRUMENT;EFP_FIN;EUR;21;120.62000000;2149;EXCHANGE_LAST;;1;1;XEUR;12372474;636;
09.06.2025;14:31:43.453;FBTP SI 20250908 PS;SIMPLE_INSTRUMENT;EFP_FIN;EUR;22;120.62000000;1934;EXCHANGE_LAST;;1;1;XEUR;12372474;636;
09.06.2025;14:41:44.845;FBTP SI 20250908 PS;SIMPLE_INSTRUMENT;EFP_FIN;EUR;23;120.55000000;157;EXCHANGE_LAST;;1;1;XEUR;12372474;636;
09.06.2025;14:54:14.307;FBTP SI 20250908 PS;SIMPLE_INSTRUMENT;EFP_FIN;EUR;24;120.55000000;111;EXCHANGE_LAST;;1;1;XEUR;12372474;636;
09.06.2025;14:59:59.700;FBTP SI 20250908 PS;SIMPLE_INSTRUMENT;EFP_FIN;EUR;25;120.56000000;341;EXCHANGE_LAST;;1;1;XEUR;12372474;636;
09.06.2025;15:09:50.009;FBTP SI 20250908 PS;SIMPLE_INSTRUMENT;EFP_FIN;EUR;26;120.62000000;94;EXCHANGE_LAST;;1;1;XEUR;12372474;636;
09.06.2025;15:10:17.280;FBTP SI 20250908 PS;SIMPLE_INSTRUMENT;BLOCK;EUR;27;120.50000000;452;EXCHANGE_LAST;;1;1;XEUR;12372474;636;
09.06.2025;09:32:22.085;FBTP SI 20250908 PS;SIMPLE_INSTRUMENT;VOLA;EUR;268435476;121.16000000;235;EXCHANGE_LAST;;1;1;XEUR;12372474;636;
09.06.2025;07:36:53.995;FBTS SI 20250908 PS;SIMPLE_INSTRUMENT;EFP_FIN;EUR;3;107.96000000;234;EXCHANGE_LAST;;1;1;XEUR;12372476;639;
09.06.2025;08:44:53.951;FBTS SI 20250908 PS;SIMPLE_INSTRUMENT;BLOCK;EUR;11;107.97500000;2314;EXCHANGE_LAST;;1;1;XEUR;12372476;639;
09.06.2025;09:22:23.253;FBTS SI 20250908 PS;SIMPLE_INSTRUMENT;EFP_FIN;EUR;15;107.97500000;8250;EXCHANGE_LAST;;1;1;XEUR;12372476;639;
09.06.2025;09:24:38.259;FBTS SI 20250908 PS;SIMPLE_INSTRUMENT;EFP_FIN;EUR;16;107.94000000;501;EXCHANGE_LAST;;1;1;XEUR;12372476;639;
09.06.2025;10:15:14.066;FBTS SI 20250908 PS;SIMPLE_INSTRUMENT;EFP_FIN;EUR;18;107.93000000;309;EXCHANGE_LAST;;1;1;XEUR;12372476;639;
09.06.2025;10:16:04.798;FBTS SI 20250908 PS;SIMPLE_INSTRUMENT;EFP_FIN;EUR;19;107.95500000;2122;EXCHANGE_LAST;;1;1;XEUR;12372476;639;
09.06.2025;10:17:44.983;FBTS SI 20250908 PS;SIMPLE_INSTRUMENT;EFP_FIN;EUR;20;107.94000000;469;EXCHANGE_LAST;;1;1;XEUR;12372476;639;
09.06.2025;11:39:39.059;FBTS SI 20250908 PS;SIMPLE_INSTRUMENT;EFP_FIN;EUR;23;107.86000000;1272;EXCHANGE_LAST;;1;1;XEUR;12372476;639;
09.06.2025;11:45:16.477;FBTS SI 20250908 PS;SIMPLE_INSTRUMENT;EFP_FIN;EUR;24;107.87000000;1018;EXCHANGE_LAST;;1;1;XEUR;12372476;639;
09.06.2025;11:55:18.174;FBTS SI 20250908 PS;SIMPLE_INSTRUMENT;BLOCK;EUR;25;107.94000000;937;EXCHANGE_LAST;;1;1;XEUR;12372476;639;
09.06.2025;12:04:40.736;FBTS SI 20250908 PS;SIMPLE_INSTRUMENT;EFP_FIN;EUR;26;107.85500000;423;EXCHANGE_LAST;;1;1;XEUR;12372476;639;
09.06.2025;12:08:00.816;FBTS SI 20250908 PS;SIMPLE_INSTRUMENT;EFP_FIN;EUR;27;107.86000000;937;EXCHANGE_LAST;;1;1;XEUR;12372476;639;
09.06.2025;12:15:30.771;FBTS SI 20250908 PS;SIMPLE_INSTRUMENT;EFP_FIN;EUR;28;107.86000000;142;EXCHANGE_LAST;;1;1;XEUR;12372476;639;
09.06.2025;12:30:32.514;FBTS SI 20250908 PS;SIMPLE_INSTRUMENT;BLOCK;EUR;29;107.87000000;1994;EXCHANGE_LAST;;1;1;XEUR;12372476;639;
09.06.2025;12:33:32.383;FBTS SI 20250908 PS;SIMPLE_INSTRUMENT;BLOCK;EUR;31;107.86000000;365;EXCHANGE_LAST;;1;1;XEUR;12372476;639;
09.06.2025;12:38:29.798;FBTS SI 20250908 PS;SIMPLE_INSTRUMENT;EFP_FIN;EUR;33;107.87500000;363;EXCHANGE_LAST;;1;1;XEUR;12372476;639;
09.06.2025;13:09:24.509;FBTS SI 20250908 PS;SIMPLE_INSTRUMENT;EFP_FIN;EUR;35;107.83000000;938;EXCHANGE_LAST;;1;1;XEUR;12372476;639;
09.06.2025;13:20:23.910;FBTS SI 20250908 PS;SIMPLE_INSTRUMENT;EFP_FIN;EUR;37;107.83000000;591;EXCHANGE_LAST;;1;1;XEUR;12372476;639;
09.06.2025;13:26:57.561;FBTS SI 20250908 PS;SIMPLE_INSTRUMENT;EFP_FIN;EUR;38;107.84000000;393;EXCHANGE_LAST;;1;1;XEUR;12372476;639;
09.06.2025;13:26:57.385;FBTS SI 20250908 PS;SIMPLE_INSTRUMENT;EFP_FIN;EUR;39;107.84000000;544;EXCHANGE_LAST;;1;1;XEUR;12372476;639;
09.06.2025;13:37:04.405;FBTS SI 20250908 PS;SIMPLE_INSTRUMENT;EFP_FIN;EUR;40;107.83000000;1406;EXCHANGE_LAST;;1;1;XEUR;12372476;639;
09.06.2025;13:45:01.101;FBTS SI 20250908 PS;SIMPLE_INSTRUMENT;EFP_FIN;EUR;41;107.85000000;938;EXCHANGE_LAST;;1;1;XEUR;12372476;639;
09.06.2025;13:52:45.349;FBTS SI 20250908 PS;SIMPLE_INSTRUMENT;EFP_FIN;EUR;42;107.83000000;1033;EXCHANGE_LAST;;1;1;XEUR;12372476;639;
09.06.2025;13:57:22.040;FBTS SI 20250908 PS;SIMPLE_INSTRUMENT;BLOCK;EUR;43;107.85000000;234;EXCHANGE_LAST;;1;1;XEUR;12372476;639;
09.06.2025;15:26:18.771;FBTS SI 20250908 PS;SIMPLE_INSTRUMENT;EFP_FIN;EUR;54;107.86000000;1570;EXCHANGE_LAST;;1;1;XEUR;12372476;639;
09.06.2025;15:28:32.278;FBTS SI 20250908 PS;SIMPLE_INSTRUMENT;EFP_FIN;EUR;55;107.86000000;469;EXCHANGE_LAST;;1;1;XEUR;12372476;639;
09.06.2025;15:36:01.762;FBTS SI 20250908 PS;SIMPLE_INSTRUMENT;EFP_FIN;EUR;56;107.85000000;102;EXCHANGE_LAST;;1;1;XEUR;12372476;639;
09.06.2025;15:12:38.300;FCPU SI 20250616 PS;SIMPLE_INSTRUMENT;BLOCK;USD;1;1.35470000;107;EXCHANGE_LAST;;1;1;XEUR;7879040;369379;
09.06.2025;12:26:56.539;FD3D SI 20261218 CS;SIMPLE_INSTRUMENT;BLOCK;EUR;6;112.50000000;200;EXCHANGE_LAST;;1;1;XEUR;7158183;588;
09.06.2025;13:39:50.076;FD3D SI 20261218 CS;SIMPLE_INSTRUMENT;BLOCK;EUR;12;112.50000000;100;EXCHANGE_LAST;;1;1;XEUR;7158183;588;
09.06.2025;14:02:00.118;FD3D SI 20261218 CS;SIMPLE_INSTRUMENT;BLOCK;EUR;13;112.60000000;200;EXCHANGE_LAST;;1;1;XEUR;7158183;588;
09.06.2025;14:20:17.763;FD3D SI 20261218 CS;SIMPLE_INSTRUMENT;BLOCK;EUR;14;112.70000000;200;EXCHANGE_LAST;;1;1;XEUR;7158183;588;
09.06.2025;10:44:16.306;FDAX SI 20250620 CS;SIMPLE_INSTRUMENT;VOLA;EUR;671088648;24190.00000000;8;EXCHANGE_LAST;;1;1;XEUR;7903800;589;
09.06.2025;13:41:35.105;FDAX SI 20250620 CS;SIMPLE_INSTRUMENT;VOLA;EUR;671088652;24150.00000000;10;EXCHANGE_LAST;;1;1;XEUR;7903800;589;
09.06.2025;14:20:17.256;FDAX SI 20250620 CS;SIMPLE_INSTRUMENT;VOLA;EUR;671088656;24173.00000000;31;EXCHANGE_LAST;;1;1;XEUR;7903800;589;
09.06.2025;15:19:52.776;FDAX SI 20250620 CS;SIMPLE_INSTRUMENT;VOLA;EUR;671088669;24150.00000000;42;EXCHANGE_LAST;;1;1;XEUR;7903800;589;
09.06.2025;15:19:55.576;FDAX SI 20250620 CS;SIMPLE_INSTRUMENT;VOLA;EUR;671088670;24150.00000000;28;EXCHANGE_LAST;;1;1;XEUR;7903800;589;
09.06.2025;13:24:54.818;FEBD SI 20251219 CS;SIMPLE_INSTRUMENT;BLOCK;EUR;10;11.28000000;2000;EXCHANGE_LAST;;1;1;XEUR;5914075;597;
09.06.2025;10:42:53.018;FESB SI 20250620 CS;SIMPLE_INSTRUMENT;BLOCK;EUR;54;204.40000000;2500;EXCHANGE_LAST;;1;1;XEUR;11880665;605;
09.06.2025;10:40:36.110;FESB SI 20250620 CS;SIMPLE_INSTRUMENT;BLOCK;EUR;55;204.40000000;2500;EXCHANGE_LAST;;1;1;XEUR;11880665;605;
09.06.2025;13:27:38.123;FESB SI 20250620 CS;SIMPLE_INSTRUMENT;BLOCK;EUR;64;204.00000000;5000;EXCHANGE_LAST;;1;1;XEUR;11880665;605;
09.06.2025;09:20:43.371;FESU SI 20250620 CS;SIMPLE_INSTRUMENT;VOLA;EUR;603979787;453.20000000;21;EXCHANGE_LAST;;1;1;XEUR;11880931;673;
09.06.2025;14:26:26.052;FESX.S.JUN25.SEP25.SPD;FUTURES_SPREAD;BLOCK;EUR;3;-21.00000000;3000;EXCHANGE_LAST;;1;1;XEUR;72060493140863850;675;
09.06.2025;14:26:26.052;FESX SI 20250620 CS;SIMPLE_INSTRUMENT;BLOCK;EUR;3;5414.00000000;3000;PRC_DECOMP_MEMBER;;;;XEUR;7904020;675;MEMBER
09.06.2025;14:26:26.052;FESX SI 20250919 CS;SIMPLE_INSTRUMENT;BLOCK;EUR;3;5435.00000000;3000;PRC_DECOMP_MEMBER;;;;XEUR;8380551;675;MEMBER
09.06.2025;15:47:21.696;FESX SI 20250620 CS;SIMPLE_INSTRUMENT;EFP_IDX;EUR;4;5422.00000000;460;EXCHANGE_LAST;;1;1;XEUR;7904020;675;
09.06.2025;15:46:39.490;FESX SI 20250620 CS;SIMPLE_INSTRUMENT;EFP_IDX;EUR;5;5423.00000000;1540;EXCHANGE_LAST;;1;1;XEUR;7904020;675;
09.06.2025;15:44:20.390;FESX SI 20250620 CS;SIMPLE_INSTRUMENT;BLOCK;EUR;7;5423.00000000;4620;EXCHANGE_LAST;;1;1;XEUR;7904020;675;
09.06.2025;15:45:16.097;FESX SI 20250620 CS;SIMPLE_INSTRUMENT;EFP_IDX;EUR;8;5422.00000000;1380;EXCHANGE_LAST;;1;1;XEUR;7904020;675;
09.06.2025;15:44:48.621;FESX SI 20250620 CS;SIMPLE_INSTRUMENT;EFP_IDX;EUR;9;5423.00000000;385;EXCHANGE_LAST;;1;1;XEUR;7904020;675;
09.06.2025;15:45:26.451;FESX SI 20250620 CS;SIMPLE_INSTRUMENT;EFP_IDX;EUR;10;5422.00000000;115;EXCHANGE_LAST;;1;1;XEUR;7904020;675;
09.06.2025;15:47:49.788;FESX SI 20250620 CS;SIMPLE_INSTRUMENT;EFP_IDX;EUR;11;5423.00000000;770;EXCHANGE_LAST;;1;1;XEUR;7904020;675;
09.06.2025;15:55:31.459;FESX SI 20250620 CS;SIMPLE_INSTRUMENT;EFP_IDX;EUR;12;5423.00000000;770;EXCHANGE_LAST;;1;1;XEUR;7904020;675;
09.06.2025;15:48:03.537;FESX SI 20250620 CS;SIMPLE_INSTRUMENT;EFP_IDX;EUR;13;5422.00000000;230;EXCHANGE_LAST;;1;1;XEUR;7904020;675;
09.06.2025;15:55:44.234;FESX SI 20250620 CS;SIMPLE_INSTRUMENT;EFP_IDX;EUR;14;5422.00000000;230;EXCHANGE_LAST;;1;1;XEUR;7904020;675;
09.06.2025;15:55:41.589;FESX SI 20250620 CS;SIMPLE_INSTRUMENT;EFP_IDX;EUR;15;5423.00000000;1000;EXCHANGE_LAST;;1;1;XEUR;7904020;675;
09.06.2025;08:21:07.240;FESX SI 20250620 CS;SIMPLE_INSTRUMENT;VOLA;EUR;637534223;5419.00000000;242;EXCHANGE_LAST;;1;1;XEUR;7904020;675;
09.06.2025;08:24:54.467;FESX SI 20250620 CS;SIMPLE_INSTRUMENT;VOLA;EUR;637534225;5418.00000000;800;EXCHANGE_LAST;;1;1;XEUR;7904020;675;
09.06.2025;08:32:19.337;FESX SI 20250620 CS;SIMPLE_INSTRUMENT;VOLA;EUR;637534233;5416.00000000;112;EXCHANGE_LAST;;1;1;XEUR;7904020;675;
09.06.2025;08:38:50.705;FESX SI 20250620 CS;SIMPLE_INSTRUMENT;VOLA;EUR;637534236;5417.00000000;300;EXCHANGE_LAST;;1;1;XEUR;7904020;675;
09.06.2025;08:40:25.509;FESX SI 20250620 CS;SIMPLE_INSTRUMENT;VOLA;EUR;637534237;5417.00000000;150;EXCHANGE_LAST;;1;1;XEUR;7904020;675;
09.06.2025;10:59:02.651;FESX SI 20250620 CS;SIMPLE_INSTRUMENT;VOLA;EUR;637534246;5417.00000000;400;EXCHANGE_LAST;;1;1;XEUR;7904020;675;
09.06.2025;10:59:10.651;FESX SI 20250620 CS;SIMPLE_INSTRUMENT;VOLA;EUR;637534247;5417.00000000;415;EXCHANGE_LAST;;1;1;XEUR;7904020;675;
09.06.2025;13:21:59.127;FESX SI 20250620 CS;SIMPLE_INSTRUMENT;VOLA;EUR;637534260;5405.00000000;210;EXCHANGE_LAST;;1;1;XEUR;7904020;675;
09.06.2025;14:07:34.312;FESX SI 20250620 CS;SIMPLE_INSTRUMENT;VOLA;EUR;637534264;5401.00000000;957;EXCHANGE_LAST;;1;1;XEUR;7904020;675;
09.06.2025;14:37:23.914;FESX SI 20250620 CS;SIMPLE_INSTRUMENT;VOLA;EUR;637534268;5395.00000000;20;EXCHANGE_LAST;;1;1;XEUR;7904020;675;
09.06.2025;09:31:12.193;FEXD.S.DEC28.DEC29.SPD;FUTURES_SPREAD;BLOCK;EUR;1;3.00000000;250;EXCHANGE_LAST;;1;1;XEUR;72060570450264171;693;
09.06.2025;09:31:12.193;FEXD SI 20291221 CS;SIMPLE_INSTRUMENT;BLOCK;EUR;1;145.70000000;250;PRC_DECOMP_EXCHANGE;;;;XEUR;4631968;693;EXCHANGE
09.06.2025;09:31:12.193;FEXD SI 20281215 CS;SIMPLE_INSTRUMENT;BLOCK;EUR;1;148.70000000;250;PRC_DECOMP_EXCHANGE;;;;XEUR;3680985;693;EXCHANGE
09.06.2025;11:29:54.037;FEXD SI 20261218 CS;SIMPLE_INSTRUMENT;BLOCK;EUR;4;156.60000000;380;EXCHANGE_LAST;;1;2;XEUR;2163053;693;
09.06.2025;11:30:06.351;FEXD SI 20261218 CS;SIMPLE_INSTRUMENT;BLOCK;EUR;5;156.70000000;380;EXCHANGE_LAST;;1;2;XEUR;2163053;693;
09.06.2025;13:38:33.995;FEXD SI 20261218 CS;SIMPLE_INSTRUMENT;BLOCK;EUR;11;156.50000000;200;EXCHANGE_LAST;;1;1;XEUR;2163053;693;
09.06.2025;14:48:09.934;FEXD SI 20271217 CS;SIMPLE_INSTRUMENT;BLOCK;EUR;15;151.70000000;200;EXCHANGE_LAST;;1;1;XEUR;2848338;693;
09.06.2025;15:48:05.684;FEXD.S.DEC27.DEC29.SPD;FUTURES_SPREAD;BLOCK;EUR;16;6.50000000;250;EXCHANGE_LAST;;1;1;XEUR;72060570450264170;693;
09.06.2025;15:48:05.684;FEXD SI 20291221 CS;SIMPLE_INSTRUMENT;BLOCK;EUR;16;145.70000000;250;PRC_DECOMP_EXCHANGE;;;;XEUR;4631968;693;EXCHANGE
09.06.2025;15:48:05.684;FEXD SI 20271217 CS;SIMPLE_INSTRUMENT;BLOCK;EUR;16;152.20000000;250;PRC_DECOMP_EXCHANGE;;;;XEUR;2848338;693;EXCHANGE
09.06.2025;07:35:00.462;FGBL SI 20250908 PS;SIMPLE_INSTRUMENT;EFS;EUR;1;130.67000000;243;EXCHANGE_LAST;;1;1;XEUR;12372482;688;
09.06.2025;07:38:54.839;FGBL SI 20250908 PS;SIMPLE_INSTRUMENT;EFS;EUR;2;130.68000000;243;EXCHANGE_LAST;;1;1;XEUR;12372482;688;
09.06.2025;07:56:19.154;FGBL SI 20250908 PS;SIMPLE_INSTRUMENT;EFS;EUR;3;130.82000000;294;EXCHANGE_LAST;;1;1;XEUR;12372482;688;
09.06.2025;07:59:41.968;FGBL SI 20250908 PS;SIMPLE_INSTRUMENT;EFP_FIN;EUR;4;130.80000000;413;EXCHANGE_LAST;;1;1;XEUR;12372482;688;
09.06.2025;08:03:00.173;FGBL SI 20250908 PS;SIMPLE_INSTRUMENT;EFS;EUR;5;130.68000000;306;EXCHANGE_LAST;;1;1;XEUR;12372482;688;
09.06.2025;08:11:00.081;FGBL SI 20250908 PS;SIMPLE_INSTRUMENT;EFP_FIN;EUR;6;130.83000000;413;EXCHANGE_LAST;;1;1;XEUR;12372482;688;
09.06.2025;08:15:57.685;FGBL SI 20250908 PS;SIMPLE_INSTRUMENT;EFS;EUR;7;130.91000000;242;EXCHANGE_LAST;;1;1;XEUR;12372482;688;
09.06.2025;08:21:56.572;FGBL SI 20250908 PS;SIMPLE_INSTRUMENT;EFP_FIN;EUR;8;130.78000000;770;EXCHANGE_LAST;;1;1;XEUR;12372482;688;
09.06.2025;08:28:13.975;FGBL SI 20250908 PS;SIMPLE_INSTRUMENT;EFP_FIN;EUR;9;130.97000000;318;EXCHANGE_LAST;;1;1;XEUR;12372482;688;
09.06.2025;08:33:17.751;FGBL SI 20250908 PS;SIMPLE_INSTRUMENT;EFS;EUR;10;130.94000000;242;EXCHANGE_LAST;;1;1;XEUR;12372482;688;
09.06.2025;08:33:22.372;FGBL SI 20250908 PS;SIMPLE_INSTRUMENT;EFS;EUR;11;130.97000000;470;EXCHANGE_LAST;;1;1;XEUR;12372482;688;
09.06.2025;08:34:23.195;FGBL SI 20250908 PS;SIMPLE_INSTRUMENT;EFS;EUR;12;130.91000000;629;EXCHANGE_LAST;;1;1;XEUR;12372482;688;
09.06.2025;08:34:57.580;FGBL SI 20250908 PS;SIMPLE_INSTRUMENT;EFS;EUR;13;130.93000000;420;EXCHANGE_LAST;;1;1;XEUR;12372482;688;
09.06.2025;08:35:40.107;FGBL SI 20250908 PS;SIMPLE_INSTRUMENT;EFS;EUR;14;130.93000000;210;EXCHANGE_LAST;;1;1;XEUR;12372482;688;
09.06.2025;08:37:17.656;FGBL SI 20250908 PS;SIMPLE_INSTRUMENT;EFS;EUR;15;130.91000000;210;EXCHANGE_LAST;;1;1;XEUR;12372482;688;
09.06.2025;08:40:19.757;FGBL SI 20250908 PS;SIMPLE_INSTRUMENT;EFS;EUR;16;130.95000000;395;EXCHANGE_LAST;;1;1;XEUR;12372482;688;
09.06.2025;08:40:01.482;FGBL SI 20250908 PS;SIMPLE_INSTRUMENT;EFS;EUR;17;130.93000000;210;EXCHANGE_LAST;;1;1;XEUR;12372482;688;
09.06.2025;08:40:23.956;FGBL SI 20250908 PS;SIMPLE_INSTRUMENT;EFS;EUR;18;130.93000000;210;EXCHANGE_LAST;;1;1;XEUR;12372482;688;
09.06.2025;08:43:42.168;FGBL SI 20250908 PS;SIMPLE_INSTRUMENT;EFS;EUR;19;130.92000000;419;EXCHANGE_LAST;;1;1;XEUR;12372482;688;
09.06.2025;08:45:20.117;FGBL SI 20250908 PS;SIMPLE_INSTRUMENT;EFS;EUR;20;130.92000000;239;EXCHANGE_LAST;;1;1;XEUR;12372482;688;
09.06.2025;08:45:11.058;FGBL SI 20250908 PS;SIMPLE_INSTRUMENT;EFS;EUR;21;130.96000000;242;EXCHANGE_LAST;;1;1;XEUR;12372482;688;
09.06.2025;08:45:37.275;FGBL SI 20250908 PS;SIMPLE_INSTRUMENT;EFS;EUR;22;130.92000000;210;EXCHANGE_LAST;;1;1;XEUR;12372482;688;
09.06.2025;08:54:48.754;FGBL SI 20250908 PS;SIMPLE_INSTRUMENT;EFS;EUR;23;130.90000000;339;EXCHANGE_LAST;;1;1;XEUR;12372482;688;
09.06.2025;08:55:51.325;FGBL SI 20250908 PS;SIMPLE_INSTRUMENT;EFP_FIN;EUR;24;130.89000000;770;EXCHANGE_LAST;;1;1;XEUR;12372482;688;
09.06.2025;08:59:28.893;FGBL SI 20250908 PS;SIMPLE_INSTRUMENT;EFS;EUR;25;130.90000000;194;EXCHANGE_LAST;;1;1;XEUR;12372482;688;
09.06.2025;09:01:08.134;FGBL SI 20250908 PS;SIMPLE_INSTRUMENT;EFS;EUR;26;130.91000000;194;EXCHANGE_LAST;;1;1;XEUR;12372482;688;
09.06.2025;09:02:20.257;FGBL SI 20250908 PS;SIMPLE_INSTRUMENT;EFS;EUR;27;130.96000000;850;EXCHANGE_LAST;;1;1;XEUR;12372482;688;
09.06.2025;09:05:59.212;FGBL SI 20250908 PS;SIMPLE_INSTRUMENT;EFS;EUR;28;130.83000000;387;EXCHANGE_LAST;;1;1;XEUR;12372482;688;
09.06.2025;09:09:43.451;FGBL SI 20250908 PS;SIMPLE_INSTRUMENT;EFS;EUR;29;130.82000000;492;EXCHANGE_LAST;;1;1;XEUR;12372482;688;
09.06.2025;09:09:45.938;FGBL SI 20250908 PS;SIMPLE_INSTRUMENT;EFP_FIN;EUR;30;130.76000000;394;EXCHANGE_LAST;;1;1;XEUR;12372482;688;
09.06.2025;09:14:00.480;FGBL SI 20250908 PS;SIMPLE_INSTRUMENT;EFS;EUR;31;130.82000000;210;EXCHANGE_LAST;;1;1;XEUR;12372482;688;
09.06.2025;09:15:45.033;FGBL SI 20250908 PS;SIMPLE_INSTRUMENT;EFP_FIN;EUR;32;130.88000000;83;EXCHANGE_LAST;;1;1;XEUR;12372482;688;
09.06.2025;09:19:18.794;FGBL SI 20250908 PS;SIMPLE_INSTRUMENT;EFS;EUR;33;130.84000000;295;EXCHANGE_LAST;;1;1;XEUR;12372482;688;
09.06.2025;09:20:14.078;FGBL SI 20250908 PS;SIMPLE_INSTRUMENT;EFS;EUR;34;130.85000000;100;EXCHANGE_LAST;;1;1;XEUR;12372482;688;
09.06.2025;09:24:02.193;FGBL SI 20250908 PS;SIMPLE_INSTRUMENT;EFP_FIN;EUR;35;130.86000000;450;EXCHANGE_LAST;;1;1;XEUR;12372482;688;
09.06.2025;09:25:05.932;FGBL SI 20250908 PS;SIMPLE_INSTRUMENT;EFS;EUR;36;130.83000000;210;EXCHANGE_LAST;;1;1;XEUR;12372482;688;
09.06.2025;09:28:34.424;FGBL SI 20250908 PS;SIMPLE_INSTRUMENT;EFS;EUR;37;130.73000000;1006;EXCHANGE_LAST;;1;1;XEUR;12372482;688;
09.06.2025;09:35:09.412;FGBL SI 20250908 PS;SIMPLE_INSTRUMENT;EFP_FIN;EUR;38;130.85000000;186;EXCHANGE_LAST;;1;1;XEUR;12372482;688;
09.06.2025;09:38:03.137;FGBL SI 20250908 PS;SIMPLE_INSTRUMENT;EFP_FIN;EUR;39;130.83000000;1804;EXCHANGE_LAST;;1;1;XEUR;12372482;688;
09.06.2025;09:40:18.541;FGBL SI 20250908 PS;SIMPLE_INSTRUMENT;EFS;EUR;40;130.84000000;242;EXCHANGE_LAST;;1;1;XEUR;12372482;688;
09.06.2025;09:43:36.462;FGBL SI 20250908 PS;SIMPLE_INSTRUMENT;EFP_FIN;EUR;41;130.85000000;81;EXCHANGE_LAST;;1;1;XEUR;12372482;688;
09.06.2025;09:43:38.045;FGBL SI 20250908 PS;SIMPLE_INSTRUMENT;EFP_FIN;EUR;42;130.83000000;225;EXCHANGE_LAST;;1;1;XEUR;12372482;688;
09.06.2025;09:54:12.375;FGBL SI 20250908 PS;SIMPLE_INSTRUMENT;EFS;EUR;43;130.87000000;327;EXCHANGE_LAST;;1;1;XEUR;12372482;688;
09.06.2025;10:01:17.174;FGBL SI 20250908 PS;SIMPLE_INSTRUMENT;EFP_FIN;EUR;44;130.85000000;628;EXCHANGE_LAST;;1;1;XEUR;12372482;688;
09.06.2025;10:04:13.201;FGBL SI 20250908 PS;SIMPLE_INSTRUMENT;EFS;EUR;45;130.80000000;212;EXCHANGE_LAST;;1;1;XEUR;12372482;688;
09.06.2025;10:06:33.491;FGBL SI 20250908 PS;SIMPLE_INSTRUMENT;EFS;EUR;46;130.81000000;20;EXCHANGE_LAST;;1;1;XEUR;12372482;688;
09.06.2025;10:06:06.279;FGBL SI 20250908 PS;SIMPLE_INSTRUMENT;EFS;EUR;47;130.77000000;420;EXCHANGE_LAST;;1;1;XEUR;12372482;688;
09.06.2025;10:10:32.484;FGBL SI 20250908 PS;SIMPLE_INSTRUMENT;EFS;EUR;48;130.77000000;84;EXCHANGE_LAST;;1;1;XEUR;12372482;688;
09.06.2025;10:12:52.592;FGBL SI 20250908 PS;SIMPLE_INSTRUMENT;EFS;EUR;49;130.77000000;242;EXCHANGE_LAST;;1;1;XEUR;12372482;688;
09.06.2025;10:17:29.531;FGBL SI 20250908 PS;SIMPLE_INSTRUMENT;EFP_FIN;EUR;50;130.75000000;1602;EXCHANGE_LAST;;1;1;XEUR;12372482;688;
09.06.2025;10:21:08.797;FGBL SI 20250908 PS;SIMPLE_INSTRUMENT;EFS;EUR;51;130.77000000;485;EXCHANGE_LAST;;1;1;XEUR;12372482;688;
09.06.2025;10:21:14.198;FGBL SI 20250908 PS;SIMPLE_INSTRUMENT;EFS;EUR;52;130.78000000;727;EXCHANGE_LAST;;1;1;XEUR;12372482;688;
09.06.2025;10:23:52.304;FGBL SI 20250908 PS;SIMPLE_INSTRUMENT;EFP_FIN;EUR;53;130.76000000;318;EXCHANGE_LAST;;1;1;XEUR;12372482;688;
09.06.2025;10:32:13.575;FGBL SI 20250908 PS;SIMPLE_INSTRUMENT;EFS;EUR;54;130.78000000;467;EXCHANGE_LAST;;1;1;XEUR;12372482;688;
09.06.2025;10:40:13.807;FGBL SI 20250908 PS;SIMPLE_INSTRUMENT;EFP_FIN;EUR;55;130.77000000;419;EXCHANGE_LAST;;1;1;XEUR;12372482;688;
09.06.2025;10:48:14.925;FGBL SI 20250908 PS;SIMPLE_INSTRUMENT;EFP_FIN;EUR;56;130.78000000;75;EXCHANGE_LAST;;1;1;XEUR;12372482;688;
09.06.2025;10:53:37.347;FGBL SI 20250908 PS;SIMPLE_INSTRUMENT;EFS;EUR;57;130.69000000;210;EXCHANGE_LAST;;1;1;XEUR;12372482;688;
09.06.2025;11:10:35.342;FGBL SI 20250908 PS;SIMPLE_INSTRUMENT;EFS;EUR;58;130.68000000;425;EXCHANGE_LAST;;1;1;XEUR;12372482;688;
09.06.2025;11:51:50.605;FGBL SI 20250908 PS;SIMPLE_INSTRUMENT;EFS;EUR;59;130.38000000;1216;EXCHANGE_LAST;;1;1;XEUR;12372482;688;
09.06.2025;12:01:15.998;FGBL SI 20250908 PS;SIMPLE_INSTRUMENT;EFP_FIN;EUR;61;130.35000000;1217;EXCHANGE_LAST;;1;1;XEUR;12372482;688;
09.06.2025;12:03:10.498;FGBL SI 20250908 PS;SIMPLE_INSTRUMENT;EFS;EUR;62;130.95000000;241;EXCHANGE_LAST;;1;1;XEUR;12372482;688;
09.06.2025;12:05:11.209;FGBL SI 20250908 PS;SIMPLE_INSTRUMENT;EFS;EUR;63;130.35000000;320;EXCHANGE_LAST;;1;1;XEUR;12372482;688;
09.06.2025;12:07:26.603;FGBL SI 20250908 PS;SIMPLE_INSTRUMENT;EFS;EUR;64;130.38000000;243;EXCHANGE_LAST;;1;1;XEUR;12372482;688;
09.06.2025;12:15:10.627;FGBL SI 20250908 PS;SIMPLE_INSTRUMENT;EFP_FIN;EUR;65;130.37000000;318;EXCHANGE_LAST;;1;1;XEUR;12372482;688;
09.06.2025;12:16:26.348;FGBL SI 20250908 PS;SIMPLE_INSTRUMENT;EFS;EUR;66;130.35000000;85;EXCHANGE_LAST;;1;1;XEUR;12372482;688;
09.06.2025;12:26:31.949;FGBL SI 20250908 PS;SIMPLE_INSTRUMENT;EFS;EUR;67;130.35000000;210;EXCHANGE_LAST;;1;1;XEUR;12372482;688;
09.06.2025;12:26:50.693;FGBL SI 20250908 PS;SIMPLE_INSTRUMENT;EFP_FIN;EUR;68;130.34000000;206;EXCHANGE_LAST;;1;1;XEUR;12372482;688;
09.06.2025;12:27:02.062;FGBL SI 20250908 PS;SIMPLE_INSTRUMENT;EFS;EUR;69;130.35000000;210;EXCHANGE_LAST;;1;1;XEUR;12372482;688;
09.06.2025;12:31:48.082;FGBL SI 20250908 PS;SIMPLE_INSTRUMENT;EFP_FIN;EUR;70;130.34000000;292;EXCHANGE_LAST;;1;1;XEUR;12372482;688;
09.06.2025;12:34:44.262;FGBL SI 20250908 PS;SIMPLE_INSTRUMENT;EFS;EUR;71;130.33000000;421;EXCHANGE_LAST;;1;1;XEUR;12372482;688;
09.06.2025;12:41:05.930;FGBL SI 20250908 PS;SIMPLE_INSTRUMENT;EFP_FIN;EUR;72;130.34000000;72;EXCHANGE_LAST;;1;1;XEUR;12372482;688;
09.06.2025;12:44:57.259;FGBL SI 20250908 PS;SIMPLE_INSTRUMENT;EFS;EUR;73;130.31000000;340;EXCHANGE_LAST;;1;1;XEUR;12372482;688;
09.06.2025;12:45:30.508;FGBL SI 20250908 PS;SIMPLE_INSTRUMENT;EFP_FIN;EUR;74;130.32000000;914;EXCHANGE_LAST;;1;1;XEUR;12372482;688;
09.06.2025;12:46:31.991;FGBL SI 20250908 PS;SIMPLE_INSTRUMENT;EFS;EUR;75;130.67000000;970;EXCHANGE_LAST;;1;1;XEUR;12372482;688;
09.06.2025;12:53:13.176;FGBL SI 20250908 PS;SIMPLE_INSTRUMENT;EFS;EUR;76;130.25000000;128;EXCHANGE_LAST;;1;1;XEUR;12372482;688;
09.06.2025;13:00:41.325;FGBL SI 20250908 PS;SIMPLE_INSTRUMENT;EFS;EUR;77;130.16000000;421;EXCHANGE_LAST;;1;1;XEUR;12372482;688;
09.06.2025;13:01:16.395;FGBL SI 20250908 PS;SIMPLE_INSTRUMENT;EFS;EUR;78;130.16000000;211;EXCHANGE_LAST;;1;1;XEUR;12372482;688;
09.06.2025;13:01:21.400;FGBL SI 20250908 PS;SIMPLE_INSTRUMENT;EFS;EUR;79;130.21000000;421;EXCHANGE_LAST;;1;1;XEUR;12372482;688;
09.06.2025;13:12:23.229;FGBL SI 20250908 PS;SIMPLE_INSTRUMENT;EFS;EUR;81;130.18000000;241;EXCHANGE_LAST;;1;1;XEUR;12372482;688;
09.06.2025;13:22:50.126;FGBL SI 20250908 PS;SIMPLE_INSTRUMENT;EFS;EUR;82;130.21000000;428;EXCHANGE_LAST;;1;1;XEUR;12372482;688;
09.06.2025;13:25:13.775;FGBL SI 20250908 PS;SIMPLE_INSTRUMENT;EFS;EUR;84;130.23000000;421;EXCHANGE_LAST;;1;1;XEUR;12372482;688;
09.06.2025;13:25:31.785;FGBL SI 20250908 PS;SIMPLE_INSTRUMENT;EFS;EUR;85;130.22000000;210;EXCHANGE_LAST;;1;1;XEUR;12372482;688;
09.06.2025;13:26:33.847;FGBL SI 20250908 PS;SIMPLE_INSTRUMENT;EFS;EUR;86;130.20000000;421;EXCHANGE_LAST;;1;1;XEUR;12372482;688;
09.06.2025;13:27:04.885;FGBL SI 20250908 PS;SIMPLE_INSTRUMENT;EFS;EUR;87;130.23000000;339;EXCHANGE_LAST;;1;1;XEUR;12372482;688;
09.06.2025;13:28:26.458;FGBL SI 20250908 PS;SIMPLE_INSTRUMENT;EFS;EUR;88;130.19000000;211;EXCHANGE_LAST;;1;1;XEUR;12372482;688;
09.06.2025;13:28:47.117;FGBL SI 20250908 PS;SIMPLE_INSTRUMENT;EFS;EUR;89;130.19000000;833;EXCHANGE_LAST;;1;1;XEUR;12372482;688;
09.06.2025;13:28:54.050;FGBL SI 20250908 PS;SIMPLE_INSTRUMENT;EFS;EUR;90;130.20000000;211;EXCHANGE_LAST;;1;1;XEUR;12372482;688;
09.06.2025;13:33:55.273;FGBL SI 20250908 PS;SIMPLE_INSTRUMENT;EFS;EUR;91;130.22000000;421;EXCHANGE_LAST;;1;1;XEUR;12372482;688;
09.06.2025;13:44:27.351;FGBL SI 20250908 PS;SIMPLE_INSTRUMENT;EFS;EUR;92;130.26000000;214;EXCHANGE_LAST;;1;1;XEUR;12372482;688;
09.06.2025;13:53:25.748;FGBL SI 20250908 PS;SIMPLE_INSTRUMENT;EFS;EUR;93;130.27000000;421;EXCHANGE_LAST;;1;1;XEUR;12372482;688;
09.06.2025;14:03:04.941;FGBL SI 20250908 PS;SIMPLE_INSTRUMENT;EFP_FIN;EUR;94;130.27000000;318;EXCHANGE_LAST;;1;1;XEUR;12372482;688;
09.06.2025;14:17:57.030;FGBL SI 20250908 PS;SIMPLE_INSTRUMENT;EFP_FIN;EUR;95;130.24000000;145;EXCHANGE_LAST;;1;1;XEUR;12372482;688;
09.06.2025;14:13:47.784;FGBL SI 20250908 PS;SIMPLE_INSTRUMENT;EFP_FIN;EUR;96;130.24000000;72;EXCHANGE_LAST;;1;1;XEUR;12372482;688;
09.06.2025;14:20:34.619;FGBL SI 20250908 PS;SIMPLE_INSTRUMENT;EFP_FIN;EUR;97;130.24000000;153;EXCHANGE_LAST;;1;1;XEUR;12372482;688;
09.06.2025;14:20:55.957;FGBL SI 20250908 PS;SIMPLE_INSTRUMENT;EFP_FIN;EUR;98;130.24000000;191;EXCHANGE_LAST;;1;1;XEUR;12372482;688;
09.06.2025;14:28:58.423;FGBL SI 20250908 PS;SIMPLE_INSTRUMENT;EFS;EUR;99;130.23000000;214;EXCHANGE_LAST;;1;1;XEUR;12372482;688;
09.06.2025;14:42:54.098;FGBL SI 20250908 PS;SIMPLE_INSTRUMENT;EFS;EUR;100;130.20000000;2435;EXCHANGE_LAST;;1;1;XEUR;12372482;688;
09.06.2025;14:49:54.515;FGBL SI 20250908 PS;SIMPLE_INSTRUMENT;EFS;EUR;101;130.23000000;972;EXCHANGE_LAST;;1;1;XEUR;12372482;688;
09.06.2025;14:51:47.705;FGBL SI 20250908 PS;SIMPLE_INSTRUMENT;EFS;EUR;102;130.24000000;421;EXCHANGE_LAST;;1;1;XEUR;12372482;688;
09.06.2025;14:52:15.523;FGBL SI 20250908 PS;SIMPLE_INSTRUMENT;EFS;EUR;103;130.20000000;1949;EXCHANGE_LAST;;1;1;XEUR;12372482;688;
09.06.2025;15:01:29.764;FGBL SI 20250908 PS;SIMPLE_INSTRUMENT;EFS;EUR;104;130.18000000;731;EXCHANGE_LAST;;1;1;XEUR;12372482;688;
09.06.2025;15:19:17.672;FGBL SI 20250908 PS;SIMPLE_INSTRUMENT;EFP_FIN;EUR;105;130.32000000;318;EXCHANGE_LAST;;1;1;XEUR;12372482;688;
09.06.2025;15:21:28.578;FGBL SI 20250908 PS;SIMPLE_INSTRUMENT;EFP_FIN;EUR;106;130.31000000;210;EXCHANGE_LAST;;1;1;XEUR;12372482;688;
09.06.2025;15:22:21.275;FGBL SI 20250908 PS;SIMPLE_INSTRUMENT;EFS;EUR;107;130.36000000;421;EXCHANGE_LAST;;1;1;XEUR;12372482;688;
09.06.2025;15:35:04.116;FGBL SI 20250908 PS;SIMPLE_INSTRUMENT;EFS;EUR;108;130.39000000;426;EXCHANGE_LAST;;1;1;XEUR;12372482;688;
09.06.2025;15:37:50.705;FGBL SI 20250908 PS;SIMPLE_INSTRUMENT;EFP_FIN;EUR;109;130.37000000;129;EXCHANGE_LAST;;1;1;XEUR;12372482;688;
09.06.2025;15:39:25.519;FGBL SI 20250908 PS;SIMPLE_INSTRUMENT;EFP_FIN;EUR;110;130.35000000;770;EXCHANGE_LAST;;1;1;XEUR;12372482;688;
09.06.2025;15:49:58.511;FGBL SI 20250908 PS;SIMPLE_INSTRUMENT;EFP_FIN;EUR;111;130.36000000;328;EXCHANGE_LAST;;1;1;XEUR;12372482;688;
09.06.2025;16:06:40.920;FGBL SI 20250908 PS;SIMPLE_INSTRUMENT;EFP_FIN;EUR;112;130.24000000;1002;EXCHANGE_LAST;;1;1;XEUR;12372482;688;
09.06.2025;16:08:27.590;FGBL SI 20250908 PS;SIMPLE_INSTRUMENT;EFS;EUR;113;130.43000000;421;EXCHANGE_LAST;;1;1;XEUR;12372482;688;
09.06.2025;16:17:19.560;FGBL SI 20250908 PS;SIMPLE_INSTRUMENT;EFS;EUR;114;130.40000000;223;EXCHANGE_LAST;;1;1;XEUR;12372482;688;
09.06.2025;16:19:01.197;FGBL SI 20250908 PS;SIMPLE_INSTRUMENT;EFS;EUR;115;130.41000000;198;EXCHANGE_LAST;;1;1;XEUR;12372482;688;
09.06.2025;07:53:12.317;FGBL SI 20250908 PS;SIMPLE_INSTRUMENT;VOLA;EUR;268435461;130.69000000;50;EXCHANGE_LAST;;1;1;XEUR;12372482;688;
09.06.2025;08:15:08.090;FGBL SI 20250908 PS;SIMPLE_INSTRUMENT;VOLA;EUR;268435464;130.77000000;75;EXCHANGE_LAST;;1;1;XEUR;12372482;688;
09.06.2025;08:18:46.429;FGBL SI 20250908 PS;SIMPLE_INSTRUMENT;VOLA;EUR;268435466;130.77000000;150;EXCHANGE_LAST;;1;1;XEUR;12372482;688;
09.06.2025;08:20:01.226;FGBL SI 20250908 PS;SIMPLE_INSTRUMENT;VOLA;EUR;268435468;130.77000000;75;EXCHANGE_LAST;;1;1;XEUR;12372482;688;
09.06.2025;12:25:30.106;FGBL SI 20250908 PS;SIMPLE_INSTRUMENT;VOLA;EUR;268435490;130.33000000;155;EXCHANGE_LAST;;1;1;XEUR;12372482;688;
09.06.2025;12:31:17.738;FGBL SI 20250908 PS;SIMPLE_INSTRUMENT;VOLA;EUR;268435494;130.34000000;180;EXCHANGE_LAST;;1;1;XEUR;12372482;688;
09.06.2025;12:31:36.741;FGBL SI 20250908 PS;SIMPLE_INSTRUMENT;VOLA;EUR;268435495;130.34000000;180;EXCHANGE_LAST;;1;1;XEUR;12372482;688;
09.06.2025;13:04:41.728;FGBL SI 20250908 PS;SIMPLE_INSTRUMENT;VOLA;EUR;268435498;130.24000000;34;EXCHANGE_LAST;;1;1;XEUR;12372482;688;
09.06.2025;14:06:49.439;FGBL SI 20250908 PS;SIMPLE_INSTRUMENT;VOLA;EUR;268435512;130.23000000;130;EXCHANGE_LAST;;1;1;XEUR;12372482;688;
09.06.2025;15:36:57.904;FGBL SI 20250908 PS;SIMPLE_INSTRUMENT;VOLA;EUR;268435523;130.36000000;36;EXCHANGE_LAST;;1;1;XEUR;12372482;688;
09.06.2025;07:29:12.144;FGBM SI 20250908 PS;SIMPLE_INSTRUMENT;EFS;EUR;1;117.80000000;440;EXCHANGE_LAST;;1;1;XEUR;12372483;689;
09.06.2025;07:30:55.420;FGBM SI 20250908 PS;SIMPLE_INSTRUMENT;EFS;EUR;2;117.77000000;2578;EXCHANGE_LAST;;1;1;XEUR;12372483;689;
09.06.2025;07:33:50.180;FGBM SI 20250908 PS;SIMPLE_INSTRUMENT;EFS;EUR;3;117.79000000;490;EXCHANGE_LAST;;1;1;XEUR;12372483;689;
09.06.2025;07:50:43.842;FGBM SI 20250908 PS;SIMPLE_INSTRUMENT;EFS;EUR;4;117.80000000;440;EXCHANGE_LAST;;1;1;XEUR;12372483;689;
09.06.2025;07:51:11.187;FGBM SI 20250908 PS;SIMPLE_INSTRUMENT;EFS;EUR;5;117.81000000;440;EXCHANGE_LAST;;1;1;XEUR;12372483;689;
09.06.2025;08:04:54.179;FGBM SI 20250908 PS;SIMPLE_INSTRUMENT;EFS;EUR;6;117.80000000;1236;EXCHANGE_LAST;;1;1;XEUR;12372483;689;
09.06.2025;08:15:47.685;FGBM SI 20250908 PS;SIMPLE_INSTRUMENT;EFS;EUR;7;117.89000000;490;EXCHANGE_LAST;;1;1;XEUR;12372483;689;
09.06.2025;08:18:25.122;FGBM SI 20250908 PS;SIMPLE_INSTRUMENT;EFS;EUR;8;117.92000000;440;EXCHANGE_LAST;;1;1;XEUR;12372483;689;
09.06.2025;08:20:13.204;FGBM SI 20250908 PS;SIMPLE_INSTRUMENT;EFS;EUR;9;117.91000000;1871;EXCHANGE_LAST;;1;1;XEUR;12372483;689;
09.06.2025;08:21:23.944;FGBM SI 20250908 PS;SIMPLE_INSTRUMENT;EFP_FIN;EUR;10;117.85000000;86;EXCHANGE_LAST;;1;1;XEUR;12372483;689;
09.06.2025;08:30:11.610;FGBM SI 20250908 PS;SIMPLE_INSTRUMENT;EFS;EUR;11;117.91000000;440;EXCHANGE_LAST;;1;1;XEUR;12372483;689;
09.06.2025;08:45:10.617;FGBM SI 20250908 PS;SIMPLE_INSTRUMENT;EFS;EUR;12;117.91000000;484;EXCHANGE_LAST;;1;1;XEUR;12372483;689;
09.06.2025;08:46:15.784;FGBM SI 20250908 PS;SIMPLE_INSTRUMENT;EFS;EUR;13;117.92000000;490;EXCHANGE_LAST;;1;1;XEUR;12372483;689;
09.06.2025;08:54:59.316;FGBM SI 20250908 PS;SIMPLE_INSTRUMENT;EFS;EUR;14;117.91000000;372;EXCHANGE_LAST;;1;1;XEUR;12372483;689;
09.06.2025;08:58:38.821;FGBM SI 20250908 PS;SIMPLE_INSTRUMENT;EFS;EUR;15;117.87000000;176;EXCHANGE_LAST;;1;1;XEUR;12372483;689;
09.06.2025;08:58:58.838;FGBM SI 20250908 PS;SIMPLE_INSTRUMENT;EFS;EUR;16;117.87000000;440;EXCHANGE_LAST;;1;1;XEUR;12372483;689;
09.06.2025;09:00:45.957;FGBM SI 20250908 PS;SIMPLE_INSTRUMENT;EFP_FIN;EUR;17;117.90000000;184;EXCHANGE_LAST;;1;1;XEUR;12372483;689;
09.06.2025;09:06:42.492;FGBM SI 20250908 PS;SIMPLE_INSTRUMENT;EFS;EUR;18;117.86000000;86;EXCHANGE_LAST;;1;1;XEUR;12372483;689;
09.06.2025;09:06:47.054;FGBM SI 20250908 PS;SIMPLE_INSTRUMENT;EFS;EUR;19;117.87000000;97;EXCHANGE_LAST;;1;1;XEUR;12372483;689;
09.06.2025;09:13:33.350;FGBM SI 20250908 PS;SIMPLE_INSTRUMENT;EFS;EUR;20;117.85000000;1960;EXCHANGE_LAST;;1;1;XEUR;12372483;689;
09.06.2025;09:15:04.455;FGBM SI 20250908 PS;SIMPLE_INSTRUMENT;EFP_FIN;EUR;21;117.84000000;1397;EXCHANGE_LAST;;1;1;XEUR;12372483;689;
09.06.2025;09:16:33.570;FGBM SI 20250908 PS;SIMPLE_INSTRUMENT;EFP_FIN;EUR;22;117.87000000;98;EXCHANGE_LAST;;1;1;XEUR;12372483;689;
09.06.2025;09:23:26.534;FGBM SI 20250908 PS;SIMPLE_INSTRUMENT;EFS;EUR;23;117.85000000;1470;EXCHANGE_LAST;;1;1;XEUR;12372483;689;
09.06.2025;09:31:57.378;FGBM SI 20250908 PS;SIMPLE_INSTRUMENT;EFP_FIN;EUR;24;117.90000000;432;EXCHANGE_LAST;;1;1;XEUR;12372483;689;
09.06.2025;09:44:06.269;FGBM SI 20250908 PS;SIMPLE_INSTRUMENT;EFP_FIN;EUR;25;117.85000000;93;EXCHANGE_LAST;;1;1;XEUR;12372483;689;
09.06.2025;09:42:15.461;FGBM SI 20250908 PS;SIMPLE_INSTRUMENT;EFP_FIN;EUR;26;117.85000000;107;EXCHANGE_LAST;;1;1;XEUR;12372483;689;
09.06.2025;09:43:58.166;FGBM SI 20250908 PS;SIMPLE_INSTRUMENT;EFP_FIN;EUR;27;117.85000000;1318;EXCHANGE_LAST;;1;1;XEUR;12372483;689;
09.06.2025;10:05:05.772;FGBM SI 20250908 PS;SIMPLE_INSTRUMENT;EFS;EUR;28;117.85000000;41;EXCHANGE_LAST;;1;1;XEUR;12372483;689;
09.06.2025;10:10:57.240;FGBM SI 20250908 PS;SIMPLE_INSTRUMENT;EFP_FIN;EUR;29;117.85000000;147;EXCHANGE_LAST;;1;1;XEUR;12372483;689;
09.06.2025;10:11:51.979;FGBM SI 20250908 PS;SIMPLE_INSTRUMENT;EFS;EUR;30;117.83000000;490;EXCHANGE_LAST;;1;1;XEUR;12372483;689;
09.06.2025;10:14:13.293;FGBM SI 20250908 PS;SIMPLE_INSTRUMENT;EFP_FIN;EUR;31;117.85000000;293;EXCHANGE_LAST;;1;1;XEUR;12372483;689;
09.06.2025;10:14:25.073;FGBM SI 20250908 PS;SIMPLE_INSTRUMENT;EFP_FIN;EUR;32;117.85000000;858;EXCHANGE_LAST;;1;1;XEUR;12372483;689;
09.06.2025;10:14:32.644;FGBM SI 20250908 PS;SIMPLE_INSTRUMENT;EFP_FIN;EUR;33;117.85000000;147;EXCHANGE_LAST;;1;1;XEUR;12372483;689;
09.06.2025;10:15:27.960;FGBM SI 20250908 PS;SIMPLE_INSTRUMENT;EFP_FIN;EUR;34;117.85000000;293;EXCHANGE_LAST;;1;1;XEUR;12372483;689;
09.06.2025;10:16:57.127;FGBM SI 20250908 PS;SIMPLE_INSTRUMENT;EFP_FIN;EUR;35;117.85000000;858;EXCHANGE_LAST;;1;1;XEUR;12372483;689;
09.06.2025;10:18:22.492;FGBM SI 20250908 PS;SIMPLE_INSTRUMENT;EFP_FIN;EUR;36;117.85000000;430;EXCHANGE_LAST;;1;1;XEUR;12372483;689;
09.06.2025;10:21:01.606;FGBM SI 20250908 PS;SIMPLE_INSTRUMENT;EFP_FIN;EUR;37;117.84000000;293;EXCHANGE_LAST;;1;1;XEUR;12372483;689;
09.06.2025;10:21:45.970;FGBM SI 20250908 PS;SIMPLE_INSTRUMENT;EFP_FIN;EUR;38;117.83000000;4308;EXCHANGE_LAST;;1;1;XEUR;12372483;689;
09.06.2025;10:21:59.854;FGBM SI 20250908 PS;SIMPLE_INSTRUMENT;EFS;EUR;39;117.84000000;1960;EXCHANGE_LAST;;1;1;XEUR;12372483;689;
09.06.2025;10:37:04.201;FGBM SI 20250908 PS;SIMPLE_INSTRUMENT;EFS;EUR;40;117.84000000;880;EXCHANGE_LAST;;1;1;XEUR;12372483;689;
09.06.2025;10:54:37.897;FGBM SI 20250908 PS;SIMPLE_INSTRUMENT;EFS;EUR;41;117.80000000;880;EXCHANGE_LAST;;1;1;XEUR;12372483;689;
09.06.2025;10:56:26.907;FGBM SI 20250908 PS;SIMPLE_INSTRUMENT;EFS;EUR;42;117.80000000;660;EXCHANGE_LAST;;1;1;XEUR;12372483;689;
09.06.2025;11:06:16.276;FGBM SI 20250908 PS;SIMPLE_INSTRUMENT;EFS;EUR;43;117.79000000;440;EXCHANGE_LAST;;1;1;XEUR;12372483;689;
09.06.2025;11:09:51.434;FGBM SI 20250908 PS;SIMPLE_INSTRUMENT;EFS;EUR;44;117.79000000;441;EXCHANGE_LAST;;1;1;XEUR;12372483;689;
09.06.2025;11:38:59.323;FGBM SI 20250908 PS;SIMPLE_INSTRUMENT;EFP_FIN;EUR;45;117.82000000;858;EXCHANGE_LAST;;1;1;XEUR;12372483;689;
09.06.2025;11:53:48.613;FGBM SI 20250908 PS;SIMPLE_INSTRUMENT;EFS;EUR;46;117.67000000;4910;EXCHANGE_LAST;;1;1;XEUR;12372483;689;
09.06.2025;12:00:03.715;FGBM SI 20250908 PS;SIMPLE_INSTRUMENT;EFP_FIN;EUR;47;117.65000000;2146;EXCHANGE_LAST;;1;1;XEUR;12372483;689;
09.06.2025;12:01:22.922;FGBM SI 20250908 PS;SIMPLE_INSTRUMENT;EFS;EUR;48;117.92000000;979;EXCHANGE_LAST;;1;1;XEUR;12372483;689;
09.06.2025;12:07:18.602;FGBM SI 20250908 PS;SIMPLE_INSTRUMENT;EFS;EUR;49;117.68000000;982;EXCHANGE_LAST;;1;1;XEUR;12372483;689;
09.06.2025;12:25:32.263;FGBM SI 20250908 PS;SIMPLE_INSTRUMENT;EFP_FIN;EUR;50;117.74000000;2575;EXCHANGE_LAST;;1;1;XEUR;12372483;689;
09.06.2025;12:44:26.068;FGBM SI 20250908 PS;SIMPLE_INSTRUMENT;EFS;EUR;51;117.80000000;1962;EXCHANGE_LAST;;1;1;XEUR;12372483;689;
09.06.2025;12:46:45.742;FGBM SI 20250908 PS;SIMPLE_INSTRUMENT;EFS;EUR;52;117.60000000;441;EXCHANGE_LAST;;1;1;XEUR;12372483;689;
09.06.2025;12:50:27.413;FGBM SI 20250908 PS;SIMPLE_INSTRUMENT;EFP_FIN;EUR;53;117.66000000;977;EXCHANGE_LAST;;1;1;XEUR;12372483;689;
09.06.2025;12:53:09.992;FGBM SI 20250908 PS;SIMPLE_INSTRUMENT;EFP_FIN;EUR;54;117.65000000;818;EXCHANGE_LAST;;1;1;XEUR;12372483;689;
09.06.2025;12:54:41.423;FGBM SI 20250908 PS;SIMPLE_INSTRUMENT;EFP_FIN;EUR;55;117.66000000;2146;EXCHANGE_LAST;;1;1;XEUR;12372483;689;
09.06.2025;12:55:57.795;FGBM SI 20250908 PS;SIMPLE_INSTRUMENT;EFP_FIN;EUR;56;117.66000000;858;EXCHANGE_LAST;;1;1;XEUR;12372483;689;
09.06.2025;12:56:04.192;FGBM SI 20250908 PS;SIMPLE_INSTRUMENT;EFP_FIN;EUR;57;117.66000000;429;EXCHANGE_LAST;;1;1;XEUR;12372483;689;
09.06.2025;12:56:09.068;FGBM SI 20250908 PS;SIMPLE_INSTRUMENT;EFS;EUR;58;117.60000000;1470;EXCHANGE_LAST;;1;1;XEUR;12372483;689;
09.06.2025;12:57:23.279;FGBM SI 20250908 PS;SIMPLE_INSTRUMENT;EFP_FIN;EUR;59;117.66000000;1287;EXCHANGE_LAST;;1;1;XEUR;12372483;689;
09.06.2025;13:05:16.250;FGBM SI 20250908 PS;SIMPLE_INSTRUMENT;EFS;EUR;60;117.58000000;138;EXCHANGE_LAST;;1;1;XEUR;12372483;689;
09.06.2025;13:09:35.080;FGBM SI 20250908 PS;SIMPLE_INSTRUMENT;EFP_FIN;EUR;61;117.60000000;331;EXCHANGE_LAST;;1;1;XEUR;12372483;689;
09.06.2025;13:23:40.296;FGBM SI 20250908 PS;SIMPLE_INSTRUMENT;EFS;EUR;62;117.60000000;863;EXCHANGE_LAST;;1;1;XEUR;12372483;689;
09.06.2025;13:33:16.221;FGBM SI 20250908 PS;SIMPLE_INSTRUMENT;EFS;EUR;63;117.60000000;829;EXCHANGE_LAST;;1;1;XEUR;12372483;689;
09.06.2025;13:35:22.677;FGBM SI 20250908 PS;SIMPLE_INSTRUMENT;EFP_FIN;EUR;64;117.59000000;152;EXCHANGE_LAST;;1;1;XEUR;12372483;689;
09.06.2025;13:39:04.308;FGBM SI 20250908 PS;SIMPLE_INSTRUMENT;EFP_FIN;EUR;65;117.60000000;427;EXCHANGE_LAST;;1;1;XEUR;12372483;689;
09.06.2025;13:45:32.053;FGBM SI 20250908 PS;SIMPLE_INSTRUMENT;EFS;EUR;66;117.63000000;431;EXCHANGE_LAST;;1;1;XEUR;12372483;689;
09.06.2025;13:48:39.933;FGBM SI 20250908 PS;SIMPLE_INSTRUMENT;EFP_FIN;EUR;67;117.61000000;410;EXCHANGE_LAST;;1;1;XEUR;12372483;689;
09.06.2025;13:50:50.870;FGBM SI 20250908 PS;SIMPLE_INSTRUMENT;EFP_FIN;EUR;68;117.59000000;152;EXCHANGE_LAST;;1;1;XEUR;12372483;689;
09.06.2025;13:53:33.844;FGBM SI 20250908 PS;SIMPLE_INSTRUMENT;EFP_FIN;EUR;69;117.61000000;410;EXCHANGE_LAST;;1;1;XEUR;12372483;689;
09.06.2025;14:05:26.601;FGBM SI 20250908 PS;SIMPLE_INSTRUMENT;EFS;EUR;70;117.61000000;491;EXCHANGE_LAST;;1;1;XEUR;12372483;689;
09.06.2025;14:12:34.607;FGBM SI 20250908 PS;SIMPLE_INSTRUMENT;EFP_FIN;EUR;71;117.62000000;77;EXCHANGE_LAST;;1;1;XEUR;12372483;689;
09.06.2025;14:14:38.509;FGBM SI 20250908 PS;SIMPLE_INSTRUMENT;EFP_FIN;EUR;72;117.62000000;312;EXCHANGE_LAST;;1;1;XEUR;12372483;689;
09.06.2025;14:51:17.520;FGBM SI 20250908 PS;SIMPLE_INSTRUMENT;EFS;EUR;73;117.60000000;1965;EXCHANGE_LAST;;1;1;XEUR;12372483;689;
09.06.2025;15:03:47.341;FGBM SI 20250908 PS;SIMPLE_INSTRUMENT;EFS;EUR;74;117.62000000;400;EXCHANGE_LAST;;1;1;XEUR;12372483;689;
09.06.2025;15:07:43.550;FGBM SI 20250908 PS;SIMPLE_INSTRUMENT;EFP_FIN;EUR;75;117.65000000;429;EXCHANGE_LAST;;1;1;XEUR;12372483;689;
09.06.2025;15:11:23.435;FGBM SI 20250908 PS;SIMPLE_INSTRUMENT;EFP_FIN;EUR;76;117.65000000;122;EXCHANGE_LAST;;1;1;XEUR;12372483;689;
09.06.2025;15:26:15.949;FGBM SI 20250908 PS;SIMPLE_INSTRUMENT;EFP_FIN;EUR;77;117.66000000;858;EXCHANGE_LAST;;1;1;XEUR;12372483;689;
09.06.2025;15:34:03.988;FGBM SI 20250908 PS;SIMPLE_INSTRUMENT;EFS;EUR;78;117.68000000;860;EXCHANGE_LAST;;1;1;XEUR;12372483;689;
09.06.2025;15:36:27.000;FGBM SI 20250908 PS;SIMPLE_INSTRUMENT;EFP_FIN;EUR;79;117.67000000;429;EXCHANGE_LAST;;1;1;XEUR;12372483;689;
09.06.2025;16:07:35.984;FGBM SI 20250908 PS;SIMPLE_INSTRUMENT;EFS;EUR;80;117.69000000;828;EXCHANGE_LAST;;1;1;XEUR;12372483;689;
09.06.2025;16:16:36.028;FGBM SI 20250908 PS;SIMPLE_INSTRUMENT;EFS;EUR;81;117.70000000;441;EXCHANGE_LAST;;1;1;XEUR;12372483;689;
09.06.2025;16:17:52.258;FGBM SI 20250908 PS;SIMPLE_INSTRUMENT;EFS;EUR;82;117.68000000;389;EXCHANGE_LAST;;1;1;XEUR;12372483;689;
09.06.2025;15:40:22.876;FGBM SI 20250908 PS;SIMPLE_INSTRUMENT;VOLA;EUR;268435526;117.67000000;24;EXCHANGE_LAST;;1;1;XEUR;12372483;689;
09.06.2025;07:35:42.402;FGBS SI 20250908 PS;SIMPLE_INSTRUMENT;EFP_FIN;EUR;1;107.28000000;1396;EXCHANGE_LAST;;1;1;XEUR;12372484;690;
09.06.2025;07:54:37.925;FGBS SI 20250908 PS;SIMPLE_INSTRUMENT;EFS;EUR;2;107.27500000;955;EXCHANGE_LAST;;1;1;XEUR;12372484;690;
09.06.2025;08:01:07.667;FGBS SI 20250908 PS;SIMPLE_INSTRUMENT;EFS;EUR;3;107.27000000;1718;EXCHANGE_LAST;;1;1;XEUR;12372484;690;
09.06.2025;08:14:39.615;FGBS SI 20250908 PS;SIMPLE_INSTRUMENT;EFP_FIN;EUR;4;107.29000000;2468;EXCHANGE_LAST;;1;1;XEUR;12372484;690;
09.06.2025;08:20:54.549;FGBS SI 20250908 PS;SIMPLE_INSTRUMENT;EFS;EUR;5;107.29000000;1500;EXCHANGE_LAST;;1;1;XEUR;12372484;690;
09.06.2025;08:28:06.764;FGBS SI 20250908 PS;SIMPLE_INSTRUMENT;EFP_FIN;EUR;6;107.29000000;1413;EXCHANGE_LAST;;1;1;XEUR;12372484;690;
09.06.2025;08:34:36.885;FGBS SI 20250908 PS;SIMPLE_INSTRUMENT;EFP_FIN;EUR;7;107.29500000;2326;EXCHANGE_LAST;;1;1;XEUR;12372484;690;
09.06.2025;08:44:10.985;FGBS SI 20250908 PS;SIMPLE_INSTRUMENT;EFS;EUR;8;107.30000000;1000;EXCHANGE_LAST;;1;1;XEUR;12372484;690;
09.06.2025;08:45:00.952;FGBS SI 20250908 PS;SIMPLE_INSTRUMENT;EFP_FIN;EUR;9;107.29500000;1861;EXCHANGE_LAST;;1;1;XEUR;12372484;690;
09.06.2025;09:00:57.188;FGBS SI 20250908 PS;SIMPLE_INSTRUMENT;EFS;EUR;10;107.30000000;4772;EXCHANGE_LAST;;1;1;XEUR;12372484;690;
09.06.2025;09:23:37.628;FGBS SI 20250908 PS;SIMPLE_INSTRUMENT;EFP_FIN;EUR;11;107.29500000;93;EXCHANGE_LAST;;1;1;XEUR;12372484;690;
09.06.2025;09:38:46.058;FGBS SI 20250908 PS;SIMPLE_INSTRUMENT;EFP_FIN;EUR;12;107.28000000;393;EXCHANGE_LAST;;1;1;XEUR;12372484;690;
09.06.2025;09:39:41.201;FGBS SI 20250908 PS;SIMPLE_INSTRUMENT;EFP_FIN;EUR;13;107.28000000;137;EXCHANGE_LAST;;1;1;XEUR;12372484;690;
09.06.2025;09:42:14.263;FGBS SI 20250908 PS;SIMPLE_INSTRUMENT;EFP_FIN;EUR;14;107.28000000;136;EXCHANGE_LAST;;1;1;XEUR;12372484;690;
09.06.2025;09:57:40.993;FGBS SI 20250908 PS;SIMPLE_INSTRUMENT;EFP_FIN;EUR;15;107.28500000;107;EXCHANGE_LAST;;1;1;XEUR;12372484;690;
09.06.2025;09:58:07.484;FGBS SI 20250908 PS;SIMPLE_INSTRUMENT;EFP_FIN;EUR;16;107.27500000;930;EXCHANGE_LAST;;1;1;XEUR;12372484;690;
09.06.2025;10:05:38.334;FGBS SI 20250908 PS;SIMPLE_INSTRUMENT;EFP_FIN;EUR;17;107.28500000;122;EXCHANGE_LAST;;1;1;XEUR;12372484;690;
09.06.2025;10:06:10.668;FGBS SI 20250908 PS;SIMPLE_INSTRUMENT;EFP_FIN;EUR;18;107.28500000;305;EXCHANGE_LAST;;1;1;XEUR;12372484;690;
09.06.2025;10:12:01.673;FGBS SI 20250908 PS;SIMPLE_INSTRUMENT;EFP_FIN;EUR;19;107.29000000;411;EXCHANGE_LAST;;1;1;XEUR;12372484;690;
09.06.2025;10:20:23.783;FGBS SI 20250908 PS;SIMPLE_INSTRUMENT;EFS;EUR;20;107.28000000;2727;EXCHANGE_LAST;;1;1;XEUR;12372484;690;
09.06.2025;10:32:28.131;FGBS SI 20250908 PS;SIMPLE_INSTRUMENT;EFP_FIN;EUR;21;107.28000000;71;EXCHANGE_LAST;;1;1;XEUR;12372484;690;
09.06.2025;10:33:50.138;FGBS SI 20250908 PS;SIMPLE_INSTRUMENT;EFP_FIN;EUR;22;107.28000000;288;EXCHANGE_LAST;;1;1;XEUR;12372484;690;
09.06.2025;10:47:22.383;FGBS SI 20250908 PS;SIMPLE_INSTRUMENT;EFP_FIN;EUR;23;107.29000000;1411;EXCHANGE_LAST;;1;1;XEUR;12372484;690;
09.06.2025;10:50:51.276;FGBS SI 20250908 PS;SIMPLE_INSTRUMENT;EFP_FIN;EUR;24;107.27000000;930;EXCHANGE_LAST;;1;1;XEUR;12372484;690;
09.06.2025;10:51:38.472;FGBS SI 20250908 PS;SIMPLE_INSTRUMENT;EFP_FIN;EUR;25;107.29000000;501;EXCHANGE_LAST;;1;1;XEUR;12372484;690;
09.06.2025;10:54:59.010;FGBS SI 20250908 PS;SIMPLE_INSTRUMENT;EFS;EUR;26;107.27000000;1361;EXCHANGE_LAST;;1;1;XEUR;12372484;690;
09.06.2025;10:57:51.314;FGBS SI 20250908 PS;SIMPLE_INSTRUMENT;EFP_FIN;EUR;27;107.27000000;96;EXCHANGE_LAST;;1;1;XEUR;12372484;690;
09.06.2025;11:12:17.109;FGBS SI 20250908 PS;SIMPLE_INSTRUMENT;EFP_FIN;EUR;28;107.27000000;347;EXCHANGE_LAST;;1;1;XEUR;12372484;690;
09.06.2025;11:12:17.109;FGBS SI 20250908 PS;SIMPLE_INSTRUMENT;EFP_FIN;EUR;29;107.27000000;347;EXCHANGE_LAST;;1;1;XEUR;12372484;690;
09.06.2025;11:41:54.366;FGBS SI 20250908 PS;SIMPLE_INSTRUMENT;EFS;EUR;30;107.24000000;2234;EXCHANGE_LAST;;1;1;XEUR;12372484;690;
09.06.2025;11:57:29.125;FGBS SI 20250908 PS;SIMPLE_INSTRUMENT;EFS;EUR;31;107.24000000;6820;EXCHANGE_LAST;;1;1;XEUR;12372484;690;
09.06.2025;11:59:28.938;FGBS SI 20250908 PS;SIMPLE_INSTRUMENT;EFS;EUR;32;107.24000000;1364;EXCHANGE_LAST;;1;1;XEUR;12372484;690;
09.06.2025;12:02:43.600;FGBS SI 20250908 PS;SIMPLE_INSTRUMENT;EFS;EUR;33;107.24000000;2000;EXCHANGE_LAST;;1;1;XEUR;12372484;690;
09.06.2025;12:07:10.602;FGBS SI 20250908 PS;SIMPLE_INSTRUMENT;EFS;EUR;34;107.24000000;1364;EXCHANGE_LAST;;1;1;XEUR;12372484;690;
09.06.2025;12:11:27.859;FGBS SI 20250908 PS;SIMPLE_INSTRUMENT;EFP_FIN;EUR;35;107.23500000;465;EXCHANGE_LAST;;1;1;XEUR;12372484;690;
09.06.2025;12:14:18.519;FGBS SI 20250908 PS;SIMPLE_INSTRUMENT;EFS;EUR;36;107.23500000;478;EXCHANGE_LAST;;1;1;XEUR;12372484;690;
09.06.2025;12:32:53.713;FGBS SI 20250908 PS;SIMPLE_INSTRUMENT;EFP_FIN;EUR;37;107.23500000;971;EXCHANGE_LAST;;1;1;XEUR;12372484;690;
09.06.2025;12:48:07.852;FGBS SI 20250908 PS;SIMPLE_INSTRUMENT;EFP_FIN;EUR;38;107.21500000;695;EXCHANGE_LAST;;1;1;XEUR;12372484;690;
09.06.2025;13:13:48.340;FGBS SI 20250908 PS;SIMPLE_INSTRUMENT;EFP_FIN;EUR;40;107.21500000;107;EXCHANGE_LAST;;1;1;XEUR;12372484;690;
09.06.2025;13:12:20.641;FGBS SI 20250908 PS;SIMPLE_INSTRUMENT;EFP_FIN;EUR;41;107.24000000;214;EXCHANGE_LAST;;1;1;XEUR;12372484;690;
09.06.2025;14:29:47.933;FGBS SI 20250908 PS;SIMPLE_INSTRUMENT;EFS;EUR;42;107.23000000;1196;EXCHANGE_LAST;;1;1;XEUR;12372484;690;
09.06.2025;14:58:52.673;FGBS SI 20250908 PS;SIMPLE_INSTRUMENT;EFP_FIN;EUR;45;107.29000000;304;EXCHANGE_LAST;;1;1;XEUR;12372484;690;
09.06.2025;15:00:34.719;FGBS SI 20250908 PS;SIMPLE_INSTRUMENT;EFP_FIN;EUR;46;107.29000000;930;EXCHANGE_LAST;;1;1;XEUR;12372484;690;
09.06.2025;15:01:57.114;FGBS SI 20250908 PS;SIMPLE_INSTRUMENT;EFS;EUR;47;107.22500000;900;EXCHANGE_LAST;;1;1;XEUR;12372484;690;
09.06.2025;13:54:11.411;FGBS SI 20250908 PS;SIMPLE_INSTRUMENT;VOLA;EUR;268435506;107.22000000;1200;EXCHANGE_LAST;;1;1;XEUR;12372484;690;
09.06.2025;07:20:31.209;FGBX SI 20250908 PS;SIMPLE_INSTRUMENT;EFS;EUR;1;120.90000000;103;EXCHANGE_LAST;;1;1;XEUR;12372485;691;
09.06.2025;07:36:49.916;FGBX SI 20250908 PS;SIMPLE_INSTRUMENT;EFS;EUR;2;121.06000000;899;EXCHANGE_LAST;;1;1;XEUR;12372485;691;
09.06.2025;07:52:09.470;FGBX SI 20250908 PS;SIMPLE_INSTRUMENT;BLOCK;EUR;4;121.30000000;813;EXCHANGE_LAST;;1;1;XEUR;12372485;691;
09.06.2025;07:56:49.922;FGBX SI 20250908 PS;SIMPLE_INSTRUMENT;EFS;EUR;5;121.38000000;200;EXCHANGE_LAST;;1;1;XEUR;12372485;691;
09.06.2025;08:02:12.754;FGBX SI 20250908 PS;SIMPLE_INSTRUMENT;BLOCK;EUR;6;121.40000000;101;EXCHANGE_LAST;;1;1;XEUR;12372485;691;
09.06.2025;08:13:19.978;FGBX SI 20250908 PS;SIMPLE_INSTRUMENT;EFP_FIN;EUR;7;121.46000000;806;EXCHANGE_LAST;;1;1;XEUR;12372485;691;
09.06.2025;08:19:38.069;FGBX SI 20250908 PS;SIMPLE_INSTRUMENT;EFP_FIN;EUR;8;121.44000000;806;EXCHANGE_LAST;;1;1;XEUR;12372485;691;
09.06.2025;08:22:28.045;FGBX SI 20250908 PS;SIMPLE_INSTRUMENT;EFP_FIN;EUR;9;121.92000000;612;EXCHANGE_LAST;;1;1;XEUR;12372485;691;
09.06.2025;08:23:38.735;FGBX SI 20250908 PS;SIMPLE_INSTRUMENT;EFP_FIN;EUR;10;121.56000000;202;EXCHANGE_LAST;;1;1;XEUR;12372485;691;
09.06.2025;08:57:24.498;FGBX SI 20250908 PS;SIMPLE_INSTRUMENT;EFS;EUR;12;121.74000000;82;EXCHANGE_LAST;;1;1;XEUR;12372485;691;
09.06.2025;09:02:23.582;FGBX SI 20250908 PS;SIMPLE_INSTRUMENT;EFS;EUR;13;121.80000000;82;EXCHANGE_LAST;;1;1;XEUR;12372485;691;
09.06.2025;09:21:10.182;FGBX SI 20250908 PS;SIMPLE_INSTRUMENT;EFS;EUR;14;121.42000000;125;EXCHANGE_LAST;;1;1;XEUR;12372485;691;
09.06.2025;09:25:00.795;FGBX SI 20250908 PS;SIMPLE_INSTRUMENT;EFS;EUR;17;121.60000000;181;EXCHANGE_LAST;;1;1;XEUR;12372485;691;
09.06.2025;10:49:56.992;FGBX SI 20250908 PS;SIMPLE_INSTRUMENT;EFS;EUR;21;121.18000000;111;EXCHANGE_LAST;;1;1;XEUR;12372485;691;
09.06.2025;11:05:31.361;FGBX SI 20250908 PS;SIMPLE_INSTRUMENT;EFS;EUR;22;121.10000000;180;EXCHANGE_LAST;;1;1;XEUR;12372485;691;
09.06.2025;12:30:39.111;FGBX SI 20250908 PS;SIMPLE_INSTRUMENT;EFS;EUR;30;120.26000000;180;EXCHANGE_LAST;;1;1;XEUR;12372485;691;
09.06.2025;12:36:27.313;FGBX SI 20250908 PS;SIMPLE_INSTRUMENT;EFS;EUR;32;120.22000000;477;EXCHANGE_LAST;;1;1;XEUR;12372485;691;
09.06.2025;13:03:51.309;FGBX SI 20250908 PS;SIMPLE_INSTRUMENT;EFS;EUR;34;119.90000000;399;EXCHANGE_LAST;;1;1;XEUR;12372485;691;
09.06.2025;13:14:38.372;FGBX SI 20250908 PS;SIMPLE_INSTRUMENT;EFS;EUR;36;119.68000000;181;EXCHANGE_LAST;;1;1;XEUR;12372485;691;
09.06.2025;14:01:23.469;FGBX SI 20250908 PS;SIMPLE_INSTRUMENT;EFS;EUR;44;119.86000000;104;EXCHANGE_LAST;;1;1;XEUR;12372485;691;
09.06.2025;14:05:57.264;FGBX SI 20250908 PS;SIMPLE_INSTRUMENT;BLOCK;EUR;45;119.82000000;104;EXCHANGE_LAST;;1;1;XEUR;12372485;691;
09.06.2025;14:09:14.922;FGBX SI 20250908 PS;SIMPLE_INSTRUMENT;EFS;EUR;46;119.88000000;37;EXCHANGE_LAST;;1;1;XEUR;12372485;691;
09.06.2025;14:16:19.363;FGBX SI 20250908 PS;SIMPLE_INSTRUMENT;EFP_FIN;EUR;47;119.84000000;54;EXCHANGE_LAST;;1;1;XEUR;12372485;691;
09.06.2025;14:24:10.225;FGBX SI 20250908 PS;SIMPLE_INSTRUMENT;BLOCK;EUR;48;119.84000000;215;EXCHANGE_LAST;;1;1;XEUR;12372485;691;
09.06.2025;14:44:03.541;FGBX SI 20250908 PS;SIMPLE_INSTRUMENT;EFS;EUR;49;119.74000000;1041;EXCHANGE_LAST;;1;1;XEUR;12372485;691;
09.06.2025;14:53:14.527;FGBX SI 20250908 PS;SIMPLE_INSTRUMENT;EFS;EUR;50;119.82000000;417;EXCHANGE_LAST;;1;1;XEUR;12372485;691;
09.06.2025;14:58:24.756;FGBX SI 20250908 PS;SIMPLE_INSTRUMENT;EFS;EUR;51;119.90000000;65;EXCHANGE_LAST;;1;1;XEUR;12372485;691;
09.06.2025;15:07:25.891;FGBX SI 20250908 PS;SIMPLE_INSTRUMENT;EFS;EUR;52;120.02000000;139;EXCHANGE_LAST;;1;1;XEUR;12372485;691;
09.06.2025;15:11:58.650;FGBX SI 20250908 PS;SIMPLE_INSTRUMENT;EFS;EUR;53;119.78000000;91;EXCHANGE_LAST;;1;1;XEUR;12372485;691;
09.06.2025;15:43:43.735;FGBX SI 20250908 PS;SIMPLE_INSTRUMENT;EFP_FIN;EUR;57;120.28000000;53;EXCHANGE_LAST;;1;1;XEUR;12372485;691;
09.06.2025;03:46:20.210;FMCH SI 20250620 CS;SIMPLE_INSTRUMENT;BLOCK;USD;11;594.80000000;73;EXCHANGE_LAST;;1;1;XEUR;7940815;402909;
09.06.2025;09:05:27.903;FMCH SI 20250620 CS;SIMPLE_INSTRUMENT;BLOCK;USD;38;596.50000000;3521;EXCHANGE_LAST;;1;2;XEUR;7940815;402909;
09.06.2025;09:05:38.835;FMCH SI 20250919 CS;SIMPLE_INSTRUMENT;BLOCK;USD;39;602.64400000;3486;EXCHANGE_LAST;;2;1;XEUR;8429949;402909;
09.06.2025;15:31:05.082;FMEA SI 20250620 CS;SIMPLE_INSTRUMENT;BLOCK;USD;68;761.20000000;657;EXCHANGE_LAST;;1;1;XEUR;7938804;12395;
09.06.2025;15:31:11.786;FMEA SI 20250919 CS;SIMPLE_INSTRUMENT;BLOCK;USD;69;769.78300000;650;EXCHANGE_LAST;;1;1;XEUR;8427804;12395;
09.06.2025;16:32:50.231;FMEE SI 20250620 CS;SIMPLE_INSTRUMENT;BLOCK;USD;70;353.50000000;1414;EXCHANGE_LAST;;1;1;XEUR;7938810;12396;
09.06.2025;16:32:58.120;FMEE SI 20250919 CS;SIMPLE_INSTRUMENT;BLOCK;USD;71;357.21200000;1399;EXCHANGE_LAST;;1;1;XEUR;8427813;12396;
09.06.2025;16:36:34.009;FMEE SI 20250620 CS;SIMPLE_INSTRUMENT;BLOCK;USD;72;353.50000000;566;EXCHANGE_LAST;;1;1;XEUR;7938810;12396;
09.06.2025;16:36:43.991;FMEE SI 20250919 CS;SIMPLE_INSTRUMENT;BLOCK;USD;73;357.21200000;560;EXCHANGE_LAST;;1;1;XEUR;8427813;12396;
09.06.2025;16:46:25.096;FMEE SI 20250620 CS;SIMPLE_INSTRUMENT;BLOCK;USD;74;353.50000000;3676;EXCHANGE_LAST;;1;1;XEUR;7938810;12396;
09.06.2025;16:46:58.726;FMEE SI 20250919 CS;SIMPLE_INSTRUMENT;BLOCK;USD;75;357.21200000;3637;EXCHANGE_LAST;;1;1;XEUR;8427813;12396;
09.06.2025;16:54:38.603;FMEE SI 20250620 CS;SIMPLE_INSTRUMENT;BLOCK;USD;76;353.70000000;430;EXCHANGE_LAST;;1;1;XEUR;7938810;12396;
09.06.2025;16:54:42.389;FMEE SI 20250919 CS;SIMPLE_INSTRUMENT;BLOCK;USD;77;357.41400000;426;EXCHANGE_LAST;;1;1;XEUR;8427813;12396;
09.06.2025;06:42:23.183;FMEF SI 20250620 CS;SIMPLE_INSTRUMENT;EFP_IDX;USD;23;1182.23000000;12;EXCHANGE_LAST;;1;1;XEUR;7408968;30657;
09.06.2025;08:34:02.142;FMEF SI 20250620 CS;SIMPLE_INSTRUMENT;BLOCK;USD;33;1195.00000000;20;EXCHANGE_LAST;;1;1;XEUR;7408968;30657;
09.06.2025;06:28:25.315;FMEN SI 20250620 CS;SIMPLE_INSTRUMENT;EFP_IDX;EUR;22;526.38300000;10;EXCHANGE_LAST;;1;1;XEUR;7939172;30652;
09.06.2025;06:54:11.767;FMEN SI 20250620 CS;SIMPLE_INSTRUMENT;EFP_IDX;EUR;26;526.43600000;14;EXCHANGE_LAST;;1;1;XEUR;7939172;30652;
09.06.2025;06:43:57.263;FMEU SI 20250620 CS;SIMPLE_INSTRUMENT;BLOCK;EUR;24;373.77000000;435;EXCHANGE_LAST;;1;1;XEUR;7938710;7058;
09.06.2025;13:30:58.872;FMEU SI 20250620 CS;SIMPLE_INSTRUMENT;BLOCK;EUR;65;372.70000000;3000;EXCHANGE_LAST;;1;1;XEUR;7938710;7058;
09.06.2025;13:31:14.056;FMEU SI 20250919 CS;SIMPLE_INSTRUMENT;BLOCK;EUR;66;374.82000000;2983;EXCHANGE_LAST;;1;1;XEUR;8427656;7058;
09.06.2025;17:06:24.668;FMGC SI 20250620 CS;SIMPLE_INSTRUMENT;BLOCK;USD;78;14255.00000000;1754;EXCHANGE_LAST;;1;1;XEUR;7939680;48916;
09.06.2025;17:06:24.668;FMGC SI 20250919 CS;SIMPLE_INSTRUMENT;BLOCK;USD;79;14426.25000000;1733;EXCHANGE_LAST;;1;1;XEUR;8428578;48916;
09.06.2025;17:22:11.694;FMGC SI 20250620 CS;SIMPLE_INSTRUMENT;BLOCK;USD;80;14270.00000000;875;EXCHANGE_LAST;;1;1;XEUR;7939680;48916;
09.06.2025;17:22:15.941;FMGC SI 20250919 CS;SIMPLE_INSTRUMENT;BLOCK;USD;81;14441.25000000;865;EXCHANGE_LAST;;1;1;XEUR;8428578;48916;
09.06.2025;13:37:57.305;FMGO SI 20250620 CS;SIMPLE_INSTRUMENT;BLOCK;USD;67;5570.00000000;13;EXCHANGE_LAST;;1;1;XEUR;8609371;583623;
09.06.2025;17:53:32.983;FMGS SI 20250620 CS;SIMPLE_INSTRUMENT;BLOCK;USD;82;27689.00000000;2167;EXCHANGE_LAST;;1;1;XEUR;7939679;48912;
09.06.2025;17:53:32.983;FMGS SI 20250919 CS;SIMPLE_INSTRUMENT;BLOCK;USD;83;28023.34500000;2141;EXCHANGE_LAST;;1;1;XEUR;8428577;48912;
09.06.2025;17:58:09.928;FMGS SI 20250620 CS;SIMPLE_INSTRUMENT;BLOCK;USD;84;27685.00000000;542;EXCHANGE_LAST;;1;1;XEUR;7939679;48912;
09.06.2025;17:58:41.569;FMGS SI 20250919 CS;SIMPLE_INSTRUMENT;BLOCK;USD;85;28019.29600000;536;EXCHANGE_LAST;;1;1;XEUR;8428577;48912;
09.06.2025;01:41:58.960;FMHK SI 20250620 CS;SIMPLE_INSTRUMENT;BLOCK;USD;2;65975.26500000;17;EXCHANGE_LAST;;1;1;XEUR;7939458;45282;
09.06.2025;09:07:29.841;FMHK SI 20250620 CS;SIMPLE_INSTRUMENT;BLOCK;USD;42;66500.00000000;4437;EXCHANGE_LAST;;1;1;XEUR;7939458;45282;
09.06.2025;09:07:46.385;FMHK SI 20250919 CS;SIMPLE_INSTRUMENT;BLOCK;USD;43;67298.00000000;4384;EXCHANGE_LAST;;1;1;XEUR;8428443;45282;
09.06.2025;09:32:32.994;FMHK SI 20250620 CS;SIMPLE_INSTRUMENT;BLOCK;USD;48;66500.00000000;150;EXCHANGE_LAST;;1;1;XEUR;7939458;45282;
09.06.2025;09:33:22.421;FMHK SI 20250919 CS;SIMPLE_INSTRUMENT;BLOCK;USD;49;67298.00000000;148;EXCHANGE_LAST;;1;1;XEUR;8428443;45282;
09.06.2025;01:57:43.957;FMID SI 20250620 CS;SIMPLE_INSTRUMENT;BLOCK;USD;1;1551.00000000;4192;EXCHANGE_LAST;;1;1;XEUR;7939464;45289;
09.06.2025;01:58:18.075;FMID SI 20250919 CS;SIMPLE_INSTRUMENT;BLOCK;USD;2;1568.06100000;4146;EXCHANGE_LAST;;1;1;XEUR;8428452;45289;
09.06.2025;00:17:25.565;FMIN SI 20250620 CS;SIMPLE_INSTRUMENT;BLOCK;USD;1;1301.87700000;50;EXCHANGE_LAST;;1;1;XEUR;7938852;12404;
09.06.2025;01:59:32.412;FMIN SI 20250620 CS;SIMPLE_INSTRUMENT;BLOCK;USD;4;1303.00000000;77;EXCHANGE_LAST;;1;1;XEUR;7938852;12404;
09.06.2025;01:59:51.277;FMIN SI 20250919 CS;SIMPLE_INSTRUMENT;BLOCK;USD;5;1318.76600000;76;EXCHANGE_LAST;;1;1;XEUR;8427825;12404;
09.06.2025;02:17:29.425;FMIN SI 20250620 CS;SIMPLE_INSTRUMENT;BLOCK;USD;6;1303.00000000;115;EXCHANGE_LAST;;1;1;XEUR;7938852;12404;
09.06.2025;02:17:49.535;FMIN SI 20250919 CS;SIMPLE_INSTRUMENT;BLOCK;USD;7;1318.63600000;114;EXCHANGE_LAST;;1;1;XEUR;8427825;12404;
09.06.2025;02:25:08.215;FMIN SI 20250620 CS;SIMPLE_INSTRUMENT;BLOCK;USD;8;1302.20000000;155;EXCHANGE_LAST;;1;1;XEUR;7938852;12404;
09.06.2025;02:25:29.370;FMIN SI 20250919 CS;SIMPLE_INSTRUMENT;BLOCK;USD;9;1318.47800000;153;EXCHANGE_LAST;;1;1;XEUR;8427825;12404;
09.06.2025;02:44:06.448;FMIN SI 20250620 CS;SIMPLE_INSTRUMENT;EFP_IDX;USD;10;1300.96900000;77;EXCHANGE_LAST;;1;1;XEUR;7938852;12404;
09.06.2025;05:29:42.042;FMIN SI 20250620 CS;SIMPLE_INSTRUMENT;BLOCK;USD;12;1302.00000000;192;EXCHANGE_LAST;;1;1;XEUR;7938852;12404;
09.06.2025;05:30:06.554;FMIN SI 20250919 CS;SIMPLE_INSTRUMENT;BLOCK;USD;13;1318.92600000;190;EXCHANGE_LAST;;1;1;XEUR;8427825;12404;
09.06.2025;06:12:07.465;FMIN SI 20250620 CS;SIMPLE_INSTRUMENT;BLOCK;USD;14;1303.50000000;192;EXCHANGE_LAST;;1;1;XEUR;7938852;12404;
09.06.2025;06:12:15.288;FMIN SI 20250919 CS;SIMPLE_INSTRUMENT;BLOCK;USD;15;1320.05400000;190;EXCHANGE_LAST;;1;1;XEUR;8427825;12404;
09.06.2025;06:13:59.670;FMIN SI 20250620 CS;SIMPLE_INSTRUMENT;BLOCK;USD;16;1302.00000000;171;EXCHANGE_LAST;;1;1;XEUR;7938852;12404;
09.06.2025;06:14:04.941;FMIN SI 20250919 CS;SIMPLE_INSTRUMENT;BLOCK;USD;17;1319.18600000;169;EXCHANGE_LAST;;1;1;XEUR;8427825;12404;
09.06.2025;06:19:08.848;FMIN SI 20250620 CS;SIMPLE_INSTRUMENT;BLOCK;USD;20;1302.00000000;162;EXCHANGE_LAST;;1;1;XEUR;7938852;12404;
09.06.2025;06:19:19.066;FMIN SI 20250919 CS;SIMPLE_INSTRUMENT;BLOCK;USD;21;1318.27500000;160;EXCHANGE_LAST;;1;1;XEUR;8427825;12404;
09.06.2025;08:33:41.291;FMIN SI 20250620 CS;SIMPLE_INSTRUMENT;BLOCK;USD;31;1303.50000000;192;EXCHANGE_LAST;;1;1;XEUR;7938852;12404;
09.06.2025;08:34:20.664;FMIN SI 20250919 CS;SIMPLE_INSTRUMENT;BLOCK;USD;32;1320.57600000;190;EXCHANGE_LAST;;1;1;XEUR;8427825;12404;
09.06.2025;09:14:27.377;FMIN SI 20250620 CS;SIMPLE_INSTRUMENT;BLOCK;USD;46;1303.00000000;232;EXCHANGE_LAST;;1;1;XEUR;7938852;12404;
09.06.2025;09:14:56.928;FMIN SI 20250919 CS;SIMPLE_INSTRUMENT;BLOCK;USD;47;1318.63600000;229;EXCHANGE_LAST;;1;1;XEUR;8427825;12404;
09.06.2025;10:13:22.714;FMIN SI 20250620 CS;SIMPLE_INSTRUMENT;BLOCK;USD;50;1308.00000000;765;EXCHANGE_LAST;;1;1;XEUR;7938852;12404;
09.06.2025;10:13:49.160;FMIN SI 20250919 CS;SIMPLE_INSTRUMENT;BLOCK;USD;51;1324.74200000;755;EXCHANGE_LAST;;1;1;XEUR;8427825;12404;
09.06.2025;10:50:28.642;FMIN SI 20250919 CS;SIMPLE_INSTRUMENT;BLOCK;USD;57;1324.74200000;755;EXCHANGE_LAST;;1;1;XEUR;8427825;12404;
09.06.2025;10:49:47.740;FMIN SI 20250620 CS;SIMPLE_INSTRUMENT;BLOCK;USD;58;1308.00000000;765;EXCHANGE_LAST;;1;1;XEUR;7938852;12404;
09.06.2025;11:40:51.168;FMIN SI 20250620 CS;SIMPLE_INSTRUMENT;BLOCK;USD;60;1308.70000000;192;EXCHANGE_LAST;;1;1;XEUR;7938852;12404;
09.06.2025;11:40:59.513;FMIN SI 20250919 CS;SIMPLE_INSTRUMENT;BLOCK;USD;61;1325.45100000;190;EXCHANGE_LAST;;1;1;XEUR;8427825;12404;
09.06.2025;10:26:58.387;FMJP SI 20250620 CS;SIMPLE_INSTRUMENT;BLOCK;USD;52;9400.00000000;382;EXCHANGE_LAST;;1;1;XEUR;7937445;661;
09.06.2025;10:27:13.426;FMJP SI 20260619 CS;SIMPLE_INSTRUMENT;BLOCK;USD;53;9800.44000000;366;EXCHANGE_LAST;;1;1;XEUR;9603132;661;
09.06.2025;08:06:32.338;FMMY SI 20250620 CS;SIMPLE_INSTRUMENT;BLOCK;USD;29;389.00000000;402;EXCHANGE_LAST;;2;1;XEUR;7938853;12405;
09.06.2025;08:06:21.558;FMMY SI 20250919 CS;SIMPLE_INSTRUMENT;BLOCK;USD;30;393.12300000;398;EXCHANGE_LAST;;1;2;XEUR;8427826;12405;
09.06.2025;08:40:58.791;FMMY SI 20250620 CS;SIMPLE_INSTRUMENT;BLOCK;USD;34;388.95000000;1030;EXCHANGE_LAST;;1;1;XEUR;7938853;12405;
09.06.2025;08:41:27.973;FMMY SI 20250919 CS;SIMPLE_INSTRUMENT;BLOCK;USD;35;393.07300000;1020;EXCHANGE_LAST;;1;1;XEUR;8427826;12405;
09.06.2025;01:49:50.834;FMOG SI 20250620 CS;SIMPLE_INSTRUMENT;EFP_IDX;USD;3;12457.65700000;3;EXCHANGE_LAST;;1;1;XEUR;7939783;51877;
09.06.2025;09:40:52.167;FMPH SI 20250620 CS;SIMPLE_INSTRUMENT;BLOCK;USD;17;449.24000000;192;EXCHANGE_LAST;;1;1;XEUR;7938856;12548;
09.06.2025;09:41:21.000;FMPH SI 20250919 CS;SIMPLE_INSTRUMENT;BLOCK;USD;18;454.09200000;190;EXCHANGE_LAST;;1;1;XEUR;8427828;12548;
09.06.2025;09:59:33.571;FMPH SI 20250620 CS;SIMPLE_INSTRUMENT;BLOCK;USD;19;450.40000000;232;EXCHANGE_LAST;;1;1;XEUR;7938856;12548;
09.06.2025;10:00:39.160;FMPH SI 20250919 CS;SIMPLE_INSTRUMENT;BLOCK;USD;20;455.26400000;230;EXCHANGE_LAST;;1;1;XEUR;8427828;12548;
09.06.2025;08:49:35.031;FMPX SI 20250620 CS;SIMPLE_INSTRUMENT;BLOCK;USD;36;9020.00000000;279;EXCHANGE_LAST;;1;1;XEUR;7939465;45291;
09.06.2025;08:49:53.459;FMPX SI 20250919 CS;SIMPLE_INSTRUMENT;BLOCK;USD;37;9123.73000000;276;EXCHANGE_LAST;;1;1;XEUR;8428457;45291;
09.06.2025;09:03:08.965;FMPX SI 20250620 CS;SIMPLE_INSTRUMENT;BLOCK;USD;40;9027.00000000;9972;EXCHANGE_LAST;;1;1;XEUR;7939465;45291;
09.06.2025;09:03:20.734;FMPX SI 20250919 CS;SIMPLE_INSTRUMENT;BLOCK;USD;41;9130.81100000;9860;EXCHANGE_LAST;;1;1;XEUR;8428457;45291;
09.06.2025;06:29:57.419;FMSI SI 20250620 CS;SIMPLE_INSTRUMENT;BLOCK;USD;13;20252.00000000;1250;EXCHANGE_LAST;;1;1;XEUR;7939789;51883;
09.06.2025;06:31:15.591;FMSI SI 20250919 CS;SIMPLE_INSTRUMENT;BLOCK;USD;14;20487.93600000;1235;EXCHANGE_LAST;;1;1;XEUR;8428622;51883;
09.06.2025;09:30:12.746;FMSI SI 20250620 CS;SIMPLE_INSTRUMENT;BLOCK;USD;15;20255.00000000;250;EXCHANGE_LAST;;1;1;XEUR;7939789;51883;
09.06.2025;09:30:23.373;FMSI SI 20250919 CS;SIMPLE_INSTRUMENT;BLOCK;USD;16;20490.97100000;247;EXCHANGE_LAST;;1;1;XEUR;8428622;51883;
09.06.2025;03:05:00.075;FMTW SI 20250919 CS;SIMPLE_INSTRUMENT;BLOCK;USD;3;864.56000000;119;EXCHANGE_LAST;;1;1;XEUR;8428623;51884;
09.06.2025;03:05:02.647;FMTW SI 20250620 CS;SIMPLE_INSTRUMENT;BLOCK;USD;4;856.00000000;120;EXCHANGE_LAST;;1;1;XEUR;7939790;51884;
09.06.2025;03:23:28.280;FMTW SI 20250919 CS;SIMPLE_INSTRUMENT;BLOCK;USD;5;863.55000000;348;EXCHANGE_LAST;;2;2;XEUR;8428623;51884;
09.06.2025;03:23:19.622;FMTW SI 20250620 CS;SIMPLE_INSTRUMENT;BLOCK;USD;6;855.00000000;352;EXCHANGE_LAST;;2;2;XEUR;7939790;51884;
09.06.2025;03:30:02.266;FMTW SI 20250620 CS;SIMPLE_INSTRUMENT;BLOCK;USD;7;860.00000000;170;EXCHANGE_LAST;;1;1;XEUR;7939790;51884;
09.06.2025;03:29:43.310;FMTW SI 20250919 CS;SIMPLE_INSTRUMENT;BLOCK;USD;8;868.60000000;168;EXCHANGE_LAST;;1;1;XEUR;8428623;51884;
09.06.2025;06:10:49.778;FMTW SI 20250620 CS;SIMPLE_INSTRUMENT;BLOCK;USD;9;859.00000000;117;EXCHANGE_LAST;;1;1;XEUR;7939790;51884;
09.06.2025;06:11:23.082;FMTW SI 20250919 CS;SIMPLE_INSTRUMENT;BLOCK;USD;10;867.59000000;116;EXCHANGE_LAST;;1;1;XEUR;8428623;51884;
09.06.2025;06:13:45.867;FMWN SI 20250620 CS;SIMPLE_INSTRUMENT;EFP_IDX;EUR;18;561.61000000;2061;EXCHANGE_LAST;;1;1;XEUR;7939177;30654;
09.06.2025;13:10:31.459;FMWN SI 20250620 CS;SIMPLE_INSTRUMENT;BLOCK;EUR;62;561.60000000;5000;EXCHANGE_LAST;;1;1;XEUR;7939177;30654;
09.06.2025;13:10:59.147;FMWN SI 20250919 CS;SIMPLE_INSTRUMENT;BLOCK;EUR;63;564.56000000;4974;EXCHANGE_LAST;;1;1;XEUR;8428149;30654;
09.06.2025;06:15:33.289;FMWO SI 20250620 CS;SIMPLE_INSTRUMENT;EFP_IDX;USD;19;12504.71000000;45;EXCHANGE_LAST;;1;1;XEUR;7938711;7059;
09.06.2025;06:50:49.996;FMWO SI 20250620 CS;SIMPLE_INSTRUMENT;EFP_IDX;USD;25;12498.55000000;72;EXCHANGE_LAST;;1;1;XEUR;7938711;7059;
09.06.2025;07:02:15.795;FMWO SI 20250620 CS;SIMPLE_INSTRUMENT;EFP_IDX;USD;27;12496.01000000;14;EXCHANGE_LAST;;1;1;XEUR;7938711;7059;
09.06.2025;07:05:58.490;FMWO SI 20250620 CS;SIMPLE_INSTRUMENT;EFP_IDX;USD;28;12497.96000000;55;EXCHANGE_LAST;;1;1;XEUR;7938711;7059;
09.06.2025;06:41:19.131;FOAT SI 20250908 PS;SIMPLE_INSTRUMENT;EFS;EUR;1;124.12000000;89;EXCHANGE_LAST;;1;1;XEUR;12372486;749;
09.06.2025;07:20:37.765;FOAT SI 20250908 PS;SIMPLE_INSTRUMENT;EFP_FIN;EUR;2;124.17000000;198;EXCHANGE_LAST;;1;1;XEUR;12372486;749;
09.06.2025;07:41:20.427;FOAT SI 20250908 PS;SIMPLE_INSTRUMENT;EFP_FIN;EUR;3;124.31000000;621;EXCHANGE_LAST;;1;1;XEUR;12372486;749;
09.06.2025;07:58:56.582;FOAT SI 20250908 PS;SIMPLE_INSTRUMENT;BLOCK;EUR;4;124.54000000;864;EXCHANGE_LAST;;1;1;XEUR;12372486;749;
09.06.2025;08:12:04.209;FOAT SI 20250908 PS;SIMPLE_INSTRUMENT;EFP_FIN;EUR;5;124.36000000;1188;EXCHANGE_LAST;;1;1;XEUR;12372486;749;
09.06.2025;08:14:19.531;FOAT SI 20250908 PS;SIMPLE_INSTRUMENT;EFS;EUR;6;124.70000000;506;EXCHANGE_LAST;;1;1;XEUR;12372486;749;
09.06.2025;08:21:17.551;FOAT SI 20250908 PS;SIMPLE_INSTRUMENT;EFP_FIN;EUR;7;124.57000000;69;EXCHANGE_LAST;;1;1;XEUR;12372486;749;
09.06.2025;08:20:09.969;FOAT SI 20250908 PS;SIMPLE_INSTRUMENT;EFP_FIN;EUR;8;124.57000000;523;EXCHANGE_LAST;;1;1;XEUR;12372486;749;
09.06.2025;08:20:20.394;FOAT SI 20250908 PS;SIMPLE_INSTRUMENT;EFP_FIN;EUR;9;124.57000000;58;EXCHANGE_LAST;;1;1;XEUR;12372486;749;
09.06.2025;08:26:21.566;FOAT SI 20250908 PS;SIMPLE_INSTRUMENT;EFS;EUR;10;124.70000000;4;EXCHANGE_LAST;;1;1;XEUR;12372486;749;
09.06.2025;08:24:00.911;FOAT SI 20250908 PS;SIMPLE_INSTRUMENT;EFP_FIN;EUR;11;124.57000000;69;EXCHANGE_LAST;;1;1;XEUR;12372486;749;
09.06.2025;08:42:48.387;FOAT SI 20250908 PS;SIMPLE_INSTRUMENT;EFP_FIN;EUR;12;124.68000000;1188;EXCHANGE_LAST;;1;1;XEUR;12372486;749;
09.06.2025;08:52:45.941;FOAT SI 20250908 PS;SIMPLE_INSTRUMENT;EFP_FIN;EUR;13;124.53000000;792;EXCHANGE_LAST;;1;1;XEUR;12372486;749;
09.06.2025;09:03:41.756;FOAT SI 20250908 PS;SIMPLE_INSTRUMENT;EFP_FIN;EUR;14;124.70000000;1584;EXCHANGE_LAST;;1;1;XEUR;12372486;749;
09.06.2025;09:03:41.776;FOAT SI 20250908 PS;SIMPLE_INSTRUMENT;EFP_FIN;EUR;15;124.70000000;792;EXCHANGE_LAST;;1;1;XEUR;12372486;749;
09.06.2025;09:13:43.037;FOAT SI 20250908 PS;SIMPLE_INSTRUMENT;EFP_FIN;EUR;16;124.63000000;168;EXCHANGE_LAST;;1;1;XEUR;12372486;749;
09.06.2025;09:13:51.419;FOAT SI 20250908 PS;SIMPLE_INSTRUMENT;EFP_FIN;EUR;17;124.55000000;1188;EXCHANGE_LAST;;1;1;XEUR;12372486;749;
09.06.2025;09:13:59.718;FOAT SI 20250908 PS;SIMPLE_INSTRUMENT;EFP_FIN;EUR;18;124.50000000;792;EXCHANGE_LAST;;1;1;XEUR;12372486;749;
09.06.2025;09:24:02.193;FOAT SI 20250908 PS;SIMPLE_INSTRUMENT;EFP_FIN;EUR;19;124.52000000;2376;EXCHANGE_LAST;;1;1;XEUR;12372486;749;
09.06.2025;09:27:41.635;FOAT SI 20250908 PS;SIMPLE_INSTRUMENT;EFP_FIN;EUR;20;124.24000000;2624;EXCHANGE_LAST;;1;1;XEUR;12372486;749;
09.06.2025;09:34:11.786;FOAT SI 20250908 PS;SIMPLE_INSTRUMENT;EFP_FIN;EUR;21;124.50000000;3961;EXCHANGE_LAST;;1;1;XEUR;12372486;749;
09.06.2025;09:36:22.624;FOAT SI 20250908 PS;SIMPLE_INSTRUMENT;EFP_FIN;EUR;22;124.46000000;3169;EXCHANGE_LAST;;1;1;XEUR;12372486;749;
09.06.2025;09:41:52.262;FOAT SI 20250908 PS;SIMPLE_INSTRUMENT;EFP_FIN;EUR;23;124.50000000;1188;EXCHANGE_LAST;;1;1;XEUR;12372486;749;
09.06.2025;09:49:08.307;FOAT SI 20250908 PS;SIMPLE_INSTRUMENT;BLOCK;EUR;24;124.49000000;284;EXCHANGE_LAST;;1;1;XEUR;12372486;749;
09.06.2025;09:56:10.719;FOAT SI 20250908 PS;SIMPLE_INSTRUMENT;EFP_FIN;EUR;25;124.46000000;4634;EXCHANGE_LAST;;1;1;XEUR;12372486;749;
09.06.2025;09:59:15.984;FOAT SI 20250908 PS;SIMPLE_INSTRUMENT;EFP_FIN;EUR;26;124.49000000;74;EXCHANGE_LAST;;1;1;XEUR;12372486;749;
09.06.2025;10:03:54.756;FOAT SI 20250908 PS;SIMPLE_INSTRUMENT;EFP_FIN;EUR;27;124.44000000;1980;EXCHANGE_LAST;;1;1;XEUR;12372486;749;
09.06.2025;10:04:11.102;FOAT SI 20250908 PS;SIMPLE_INSTRUMENT;EFP_FIN;EUR;28;124.49000000;242;EXCHANGE_LAST;;1;1;XEUR;12372486;749;
09.06.2025;10:18:43.164;FOAT SI 20250908 PS;SIMPLE_INSTRUMENT;EFP_FIN;EUR;29;124.48000000;1275;EXCHANGE_LAST;;1;1;XEUR;12372486;749;
09.06.2025;10:26:32.630;FOAT SI 20250908 PS;SIMPLE_INSTRUMENT;EFP_FIN;EUR;30;124.46000000;1981;EXCHANGE_LAST;;1;1;XEUR;12372486;749;
09.06.2025;10:45:53.265;FOAT SI 20250908 PS;SIMPLE_INSTRUMENT;EFP_FIN;EUR;31;124.42000000;1584;EXCHANGE_LAST;;1;1;XEUR;12372486;749;
09.06.2025;10:53:05.632;FOAT SI 20250908 PS;SIMPLE_INSTRUMENT;BLOCK;EUR;32;124.43000000;795;EXCHANGE_LAST;;1;1;XEUR;12372486;749;
09.06.2025;11:07:23.703;FOAT SI 20250908 PS;SIMPLE_INSTRUMENT;EFP_FIN;EUR;33;124.27000000;166;EXCHANGE_LAST;;1;1;XEUR;12372486;749;
09.06.2025;11:12:17.109;FOAT SI 20250908 PS;SIMPLE_INSTRUMENT;EFP_FIN;EUR;34;124.45000000;1188;EXCHANGE_LAST;;1;1;XEUR;12372486;749;
09.06.2025;11:19:08.885;FOAT SI 20250908 PS;SIMPLE_INSTRUMENT;BLOCK;EUR;35;124.21000000;1290;EXCHANGE_LAST;;1;1;XEUR;12372486;749;
09.06.2025;11:26:33.094;FOAT SI 20250908 PS;SIMPLE_INSTRUMENT;EFP_FIN;EUR;36;124.45000000;1820;EXCHANGE_LAST;;1;1;XEUR;12372486;749;
09.06.2025;11:41:27.361;FOAT SI 20250908 PS;SIMPLE_INSTRUMENT;EFP_FIN;EUR;37;124.12000000;396;EXCHANGE_LAST;;1;1;XEUR;12372486;749;
09.06.2025;11:46:59.180;FOAT SI 20250908 PS;SIMPLE_INSTRUMENT;EFP_FIN;EUR;38;124.53000000;200;EXCHANGE_LAST;;1;1;XEUR;12372486;749;
09.06.2025;11:54:10.836;FOAT SI 20250908 PS;SIMPLE_INSTRUMENT;EFP_FIN;EUR;39;124.21000000;895;EXCHANGE_LAST;;1;1;XEUR;12372486;749;
09.06.2025;12:12:54.290;FOAT SI 20250908 PS;SIMPLE_INSTRUMENT;BLOCK;EUR;40;124.40000000;1981;EXCHANGE_LAST;;1;1;XEUR;12372486;749;
09.06.2025;12:18:50.722;FOAT SI 20250908 PS;SIMPLE_INSTRUMENT;EFP_FIN;EUR;41;123.96000000;180;EXCHANGE_LAST;;1;1;XEUR;12372486;749;
09.06.2025;12:20:38.236;FOAT SI 20250908 PS;SIMPLE_INSTRUMENT;EFP_FIN;EUR;42;123.96000000;79;EXCHANGE_LAST;;1;1;XEUR;12372486;749;
09.06.2025;12:24:56.651;FOAT SI 20250908 PS;SIMPLE_INSTRUMENT;EFS;EUR;43;124.15000000;509;EXCHANGE_LAST;;1;1;XEUR;12372486;749;
09.06.2025;12:32:36.554;FOAT SI 20250908 PS;SIMPLE_INSTRUMENT;EFP_FIN;EUR;44;124.60000000;623;EXCHANGE_LAST;;1;1;XEUR;12372486;749;
09.06.2025;12:40:24.429;FOAT SI 20250908 PS;SIMPLE_INSTRUMENT;BLOCK;EUR;45;124.00000000;656;EXCHANGE_LAST;;1;1;XEUR;12372486;749;
09.06.2025;12:49:02.163;FOAT SI 20250908 PS;SIMPLE_INSTRUMENT;BLOCK;EUR;46;124.00000000;1006;EXCHANGE_LAST;;1;1;XEUR;12372486;749;
09.06.2025;12:58:39.481;FOAT SI 20250908 PS;SIMPLE_INSTRUMENT;BLOCK;EUR;47;124.01000000;992;EXCHANGE_LAST;;1;1;XEUR;12372486;749;
09.06.2025;13:12:02.879;FOAT SI 20250908 PS;SIMPLE_INSTRUMENT;EFP_FIN;EUR;48;123.98000000;429;EXCHANGE_LAST;;1;1;XEUR;12372486;749;
09.06.2025;14:18:19.743;FOAT SI 20250908 PS;SIMPLE_INSTRUMENT;EFP_FIN;EUR;49;124.00000000;2376;EXCHANGE_LAST;;1;1;XEUR;12372486;749;
09.06.2025;14:19:32.992;FOAT SI 20250908 PS;SIMPLE_INSTRUMENT;EFP_FIN;EUR;50;123.96000000;792;EXCHANGE_LAST;;1;1;XEUR;12372486;749;
09.06.2025;14:31:38.466;FOAT SI 20250908 PS;SIMPLE_INSTRUMENT;EFP_FIN;EUR;51;123.99000000;628;EXCHANGE_LAST;;1;1;XEUR;12372486;749;
09.06.2025;14:33:02.116;FOAT SI 20250908 PS;SIMPLE_INSTRUMENT;EFP_FIN;EUR;52;123.96000000;1980;EXCHANGE_LAST;;1;1;XEUR;12372486;749;
09.06.2025;15:04:39.445;FOAT SI 20250908 PS;SIMPLE_INSTRUMENT;EFP_FIN;EUR;53;123.97000000;792;EXCHANGE_LAST;;1;1;XEUR;12372486;749;
09.06.2025;15:09:38.308;FOAT SI 20250908 PS;SIMPLE_INSTRUMENT;EFP_FIN;EUR;54;123.93000000;793;EXCHANGE_LAST;;1;1;XEUR;12372486;749;
09.06.2025;15:20:39.533;FOAT SI 20250908 PS;SIMPLE_INSTRUMENT;EFP_FIN;EUR;55;123.97000000;1149;EXCHANGE_LAST;;1;1;XEUR;12372486;749;
09.06.2025;15:21:04.108;FOAT SI 20250908 PS;SIMPLE_INSTRUMENT;EFP_FIN;EUR;56;124.01000000;792;EXCHANGE_LAST;;1;1;XEUR;12372486;749;
09.06.2025;15:31:34.737;FOAT SI 20250908 PS;SIMPLE_INSTRUMENT;EFP_FIN;EUR;57;124.05000000;992;EXCHANGE_LAST;;1;1;XEUR;12372486;749;
09.06.2025;15:30:49.606;FOAT SI 20250908 PS;SIMPLE_INSTRUMENT;EFP_FIN;EUR;58;124.07000000;792;EXCHANGE_LAST;;1;1;XEUR;12372486;749;
09.06.2025;15:32:46.287;FOAT SI 20250908 PS;SIMPLE_INSTRUMENT;EFP_FIN;EUR;59;124.07000000;2377;EXCHANGE_LAST;;1;1;XEUR;12372486;749;
09.06.2025;15:33:49.913;FOAT SI 20250908 PS;SIMPLE_INSTRUMENT;EFP_FIN;EUR;60;124.05000000;3962;EXCHANGE_LAST;;1;1;XEUR;12372486;749;
09.06.2025;15:49:46.087;FOAT SI 20250908 PS;SIMPLE_INSTRUMENT;EFP_FIN;EUR;61;124.05000000;951;EXCHANGE_LAST;;1;1;XEUR;12372486;749;
09.06.2025;10:58:28.988;FXXP SI 20250620 CS;SIMPLE_INSTRUMENT;BLOCK;EUR;59;552.80000000;1308;EXCHANGE_LAST;;1;1;XEUR;7904812;816;
09.06.2025;14:28:00.840;I3ES SI 20261218 CS;SIMPLE_INSTRUMENT;BLOCK;EUR;82;0.35500000;2500;EXCHANGE_LAST;;1;2;XEUR;6805357;913;
09.06.2025;10:08:26.749;I4NN SI 20251219 CS;SIMPLE_INSTRUMENT;BLOCK;EUR;14;1.06000000;500;EXCHANGE_LAST;;1;1;XEUR;9488383;669776;
09.06.2025;09:35:14.948;IFX SI 20250718 PS AM C 38.00 0;SIMPLE_INSTRUMENT;BLOCK;EUR;4;0.85000000;2000;EXCHANGE_LAST;;1;1;XEUR;13382821;902;
09.06.2025;15:02:02.330;IFX SI 20250620 PS AM C 36.00 0;SIMPLE_INSTRUMENT;BLOCK;EUR;10;1.14000000;1080;EXCHANGE_LAST;;1;1;XEUR;7905932;902;
09.06.2025;15:18:30.464;INN.O.250609.BRT.000002;STANDARD_OPTION_STRATEGY;BLOCK;EUR;10;0.20000000;4000;EXCHANGE_LAST;;1;1;XEUR;72061949134786462;1014;
09.06.2025;15:18:30.464;INN SI 20250620 PS AM P 18.00 0;SIMPLE_INSTRUMENT;BLOCK;EUR;10;0.10000000;4000;PRC_DECOMP_EXCHANGE;;;;XEUR;12579066;1014;EXCHANGE
09.06.2025;15:18:30.464;INN SI 20250718 PS AM P 18.00 0;SIMPLE_INSTRUMENT;BLOCK;EUR;10;0.30000000;4000;PRC_DECOMP_EXCHANGE;;;;XEUR;13246197;1014;EXCHANGE
09.06.2025;15:12:58.181;IXD SI 20250919 PS AM P 48.00 0;SIMPLE_INSTRUMENT;BLOCK;EUR;8;2.46000000;500;EXCHANGE_LAST;;1;1;XEUR;12160983;989;
09.06.2025;15:12:58.880;IXD SI 20251219 PS AM P 48.00 0;SIMPLE_INSTRUMENT;BLOCK;EUR;9;3.26000000;500;EXCHANGE_LAST;;1;1;XEUR;12161032;989;
09.06.2025;13:54:31.625;ME9 SI 20260618 PS AM P 16.00 0;SIMPLE_INSTRUMENT;BLOCK;EUR;7;1.13000000;400;EXCHANGE_LAST;;1;1;XEUR;11338377;1069;
09.06.2025;08:41:51.080;MOH SI 20261218 PS AM P 450.00 0;SIMPLE_INSTRUMENT;BLOCK;EUR;1;51.60000000;200;EXCHANGE_LAST;;1;1;XEUR;13493945;1074;
09.06.2025;09:57:17.927;MOH SI 20271217 PS AM P 360.00 0;SIMPLE_INSTRUMENT;BLOCK;EUR;3;31.63000000;100;EXCHANGE_LAST;;1;1;XEUR;8787884;1074;
09.06.2025;10:12:51.887;MTX SI 20250620 PS AM C 350.00 0;SIMPLE_INSTRUMENT;BLOCK;EUR;3;10.80000000;150;EXCHANGE_LAST;;1;1;XEUR;12955748;1228;
09.06.2025;10:18:45.133;MTX.O.250609.STG.000003;STANDARD_OPTION_STRATEGY;BLOCK;EUR;4;72.20000000;200;EXCHANGE_LAST;;1;1;XEUR;72062868257781052;1228;
09.06.2025;10:18:45.133;MTX SI 20251219 PS AM C 300.00 0;SIMPLE_INSTRUMENT;BLOCK;EUR;4;64.40000000;200;PRC_DECOMP_EXCHANGE;;;;XEUR;12452009;1228;EXCHANGE
09.06.2025;10:18:45.133;MTX SI 20251219 PS AM P 280.00 0;SIMPLE_INSTRUMENT;BLOCK;EUR;4;7.80000000;200;PRC_DECOMP_EXCHANGE;;;;XEUR;5937365;1228;EXCHANGE
09.06.2025;10:54:16.533;NOA3.O.250609.STD.000001;STANDARD_OPTION_STRATEGY;BLOCK;EUR;4;0.18000000;2000;EXCHANGE_LAST;;1;1;XEUR;72063070121249906;1275;
09.06.2025;10:54:16.533;NOA3 SI 20250619 PS AM P 4.80 0;SIMPLE_INSTRUMENT;BLOCK;EUR;4;0.12000000;2000;PRC_DECOMP_EXCHANGE;;;;XEUR;7911241;1275;EXCHANGE
09.06.2025;10:54:16.533;NOA3 SI 20250619 PS AM C 4.80 0;SIMPLE_INSTRUMENT;BLOCK;EUR;4;0.06000000;2000;PRC_DECOMP_EXCHANGE;;;;XEUR;7911239;1275;EXCHANGE
09.06.2025;07:23:22.617;OBTP SI 20250822 PS AM C 121.00 0;SIMPLE_INSTRUMENT;BLOCK;EUR;1;1.33000000;500;EXCHANGE_LAST;;1;1;XEUR;12841558;58812;
09.06.2025;07:23:45.133;OBTP SI 20250822 PS AM C 125.00 0;SIMPLE_INSTRUMENT;BLOCK;EUR;2;0.23000000;500;EXCHANGE_LAST;;1;1;XEUR;12841542;58812;
09.06.2025;09:30:50.101;OBTP SI 20250822 PS AM C 125.00 0;SIMPLE_INSTRUMENT;BLOCK;EUR;18;0.28000000;650;EXCHANGE_LAST;;1;1;XEUR;12841542;58812;
09.06.2025;09:31:07.064;OBTP SI 20250822 PS AM C 121.00 0;SIMPLE_INSTRUMENT;BLOCK;EUR;19;1.54000000;650;EXCHANGE_LAST;;1;1;XEUR;12841558;58812;
09.06.2025;15:37:50.465;OBTP.O.250609.BUL.000006;STANDARD_OPTION_STRATEGY;BLOCK;EUR;68;1.08000000;575;EXCHANGE_LAST;;1;1;XEUR;72310189654567030;58812;
09.06.2025;15:37:50.465;OBTP SI 20250822 PS AM C 125.00 0;SIMPLE_INSTRUMENT;BLOCK;EUR;68;0.21000000;575;PRC_DECOMP_EXCHANGE;;;;XEUR;12841542;58812;EXCHANGE
09.06.2025;15:37:50.465;OBTP SI 20250822 PS AM C 121.00 0;SIMPLE_INSTRUMENT;BLOCK;EUR;68;1.29000000;575;PRC_DECOMP_EXCHANGE;;;;XEUR;12841558;58812;EXCHANGE
09.06.2025;14:02:32.164;ODAP SI 20250731 CS EU C 25450 0;SIMPLE_INSTRUMENT;BLOCK;EUR;13;122.20000000;363;EXCHANGE_LAST;;1;1;XEUR;13341549;737681;
09.06.2025;07:27:04.162;ODAX.O.250609.BER.000133;STANDARD_OPTION_STRATEGY;BLOCK;EUR;1;33.20000000;1055;EXCHANGE_LAST;;1;1;XEUR;72062644920443494;1176;
09.06.2025;07:27:04.162;ODAX SI 20250620 CS EU P 23500 0;SIMPLE_INSTRUMENT;BLOCK;EUR;1;72.30000000;1055;PRC_DECOMP_EXCHANGE;;;;XEUR;9786182;1176;EXCHANGE
09.06.2025;07:27:04.162;ODAX SI 20250620 CS EU P 23700 0;SIMPLE_INSTRUMENT;BLOCK;EUR;1;105.50000000;1055;PRC_DECOMP_EXCHANGE;;;;XEUR;12775589;1176;EXCHANGE
09.06.2025;10:40:55.222;ODAX SI 20250718 CS EU P 20550 0;SIMPLE_INSTRUMENT;BLOCK;EUR;6;44.70000000;527;EXCHANGE_LAST;;1;1;XEUR;13249020;1176;
09.06.2025;10:41:35.982;ODAX SI 20250919 CS EU P 21600 0;SIMPLE_INSTRUMENT;BLOCK;EUR;7;229.40000000;425;EXCHANGE_LAST;;1;1;XEUR;11761484;1176;
09.06.2025;13:36:24.088;ODAX SI 20250919 CS EU C 24400 0;SIMPLE_INSTRUMENT;BLOCK;EUR;10;760.20000000;350;EXCHANGE_LAST;;1;1;XEUR;12362263;1176;
09.06.2025;13:36:36.089;ODAX SI 20250919 CS EU C 25000 0;SIMPLE_INSTRUMENT;BLOCK;EUR;11;471.20000000;350;EXCHANGE_LAST;;1;1;XEUR;12362241;1176;
09.06.2025;14:19:03.021;ODAX SI 20251219 CS EU C 25000 0;SIMPLE_INSTRUMENT;BLOCK;EUR;14;852.40000000;350;EXCHANGE_LAST;;1;1;XEUR;12314594;1176;
09.06.2025;14:27:33.338;ODAX SI 20251219 CS EU P 21200 0;SIMPLE_INSTRUMENT;BLOCK;EUR;20;370.00000000;1150;EXCHANGE_LAST;;1;1;XEUR;10977242;1176;
09.06.2025;15:11:32.037;ODAX SI 20250718 CS EU P 20000 0;SIMPLE_INSTRUMENT;BLOCK;EUR;21;32.90000000;350;EXCHANGE_LAST;;1;1;XEUR;13249085;1176;
09.06.2025;15:11:33.178;ODAX SI 20251219 CS EU P 24300 0;SIMPLE_INSTRUMENT;BLOCK;EUR;22;1081.30000000;455;EXCHANGE_LAST;;1;1;XEUR;12895317;1176;
09.06.2025;15:11:34.307;ODAX SI 20251219 CS EU P 23600 0;SIMPLE_INSTRUMENT;BLOCK;EUR;23;835.30000000;455;EXCHANGE_LAST;;1;1;XEUR;10977234;1176;
09.06.2025;15:11:35.494;ODAX SI 20250919 CS EU P 23200 0;SIMPLE_INSTRUMENT;BLOCK;EUR;24;464.30000000;700;EXCHANGE_LAST;;1;1;XEUR;12132089;1176;
09.06.2025;15:11:36.761;ODAX SI 20250919 CS EU P 22500 0;SIMPLE_INSTRUMENT;BLOCK;EUR;25;333.10000000;700;EXCHANGE_LAST;;1;1;XEUR;12716518;1176;
09.06.2025;15:11:37.617;ODAX SI 20250718 CS EU P 20700 0;SIMPLE_INSTRUMENT;BLOCK;EUR;26;45.50000000;350;EXCHANGE_LAST;;1;1;XEUR;13249472;1176;
09.06.2025;15:17:19.457;ODAX SI 20261218 CS EU P 24000 0;SIMPLE_INSTRUMENT;BLOCK;EUR;27;1580.00000000;350;EXCHANGE_LAST;;1;1;XEUR;12373176;1176;
09.06.2025;15:17:21.782;ODAX SI 20261218 CS EU C 24000 0;SIMPLE_INSTRUMENT;BLOCK;EUR;28;2585.00000000;350;EXCHANGE_LAST;;1;1;XEUR;12373177;1176;
09.06.2025;08:16:02.830;ODAX.V.250609.BER+U.000150;OPTION_VOLATILITY_STRATEGY;BLOCK;EUR;671088643;113.00000000;2;EXCHANGE_LAST;;1;1;XEUR;72062644920443511;1176;
09.06.2025;08:16:02.830;ODAX SI 20250620 CS EU P 24000 0;SIMPLE_INSTRUMENT;BLOCK;EUR;671088643;180.50000000;500;PRC_DECOMP_MEMBER;;;;XEUR;10989296;1176;MEMBER
09.06.2025;08:16:02.830;FDAX SI 20250620 CS;SIMPLE_INSTRUMENT;BLOCK;EUR;671088643;24220.00000000;22;PRC_DECOMP_MEMBER;;;;XEUR;7903800;1176;MEMBER
09.06.2025;08:16:02.830;ODAX SI 20250620 CS EU P 23400 0;SIMPLE_INSTRUMENT;BLOCK;EUR;671088643;67.50000000;500;PRC_DECOMP_MEMBER;;;;XEUR;12362246;1176;MEMBER
09.06.2025;09:15:35.343;ODAX.V.250609.COMBO+U.000165;OPTION_VOLATILITY_STRATEGY;BLOCK;EUR;671088644;-367.10000000;2;EXCHANGE_LAST;;1;1;XEUR;72062644920443526;1176;
09.06.2025;09:15:35.343;ODAX SI 20250620 CS EU C 23950 0;SIMPLE_INSTRUMENT;BLOCK;EUR;671088644;445.30000000;350;PRC_DECOMP_EXCHANGE;;;;XEUR;13013113;1176;EXCHANGE
09.06.2025;09:15:35.343;ODAX SI 20250620 CS EU P 23600 0;SIMPLE_INSTRUMENT;BLOCK;EUR;671088644;78.20000000;350;PRC_DECOMP_EXCHANGE;;;;XEUR;12362277;1176;EXCHANGE
09.06.2025;09:15:35.343;FDAX SI 20250620 CS;SIMPLE_INSTRUMENT;BLOCK;EUR;671088644;24250.00000000;60;PRC_DECOMP_EXCHANGE;;;;XEUR;7903800;1176;EXCHANGE
09.06.2025;09:39:26.823;ODAX.V.250609.COMBO+U.000171;OPTION_VOLATILITY_STRATEGY;BLOCK;EUR;671088645;43.50000000;1;EXCHANGE_LAST;;1;1;XEUR;72062644920443532;1176;
09.06.2025;09:39:26.823;FDAX SI 20250620 CS;SIMPLE_INSTRUMENT;BLOCK;EUR;671088645;24220.00000000;69;PRC_DECOMP_MEMBER;;;;XEUR;7903800;1176;MEMBER
09.06.2025;09:39:26.823;ODAX SI 20250620 CS EU C 24500 0;SIMPLE_INSTRUMENT;BLOCK;EUR;671088645;132.50000000;500;PRC_DECOMP_MEMBER;;;;XEUR;10989293;1176;MEMBER
09.06.2025;09:39:26.823;ODAX SI 20250620 CS EU P 24000 0;SIMPLE_INSTRUMENT;BLOCK;EUR;671088645;176.00000000;500;PRC_DECOMP_MEMBER;;;;XEUR;10989296;1176;MEMBER
09.06.2025;12:55:22.799;ODAX.V.250609.BER+U.000217;OPTION_VOLATILITY_STRATEGY;BLOCK;EUR;671088649;208.70000000;2;EXCHANGE_LAST;;1;1;XEUR;72062644920443578;1176;
09.06.2025;12:55:22.799;ODAX SI 20250620 CS EU P 23500 0;SIMPLE_INSTRUMENT;BLOCK;EUR;671088649;91.10000000;500;PRC_DECOMP_EXCHANGE;;;;XEUR;9786182;1176;EXCHANGE
09.06.2025;12:55:22.799;ODAX SI 20250620 CS EU P 24200 0;SIMPLE_INSTRUMENT;BLOCK;EUR;671088649;299.80000000;500;PRC_DECOMP_EXCHANGE;;;;XEUR;12362272;1176;EXCHANGE
09.06.2025;12:55:22.799;FDAX SI 20250620 CS;SIMPLE_INSTRUMENT;BLOCK;EUR;671088649;24120.00000000;34;PRC_DECOMP_EXCHANGE;;;;XEUR;7903800;1176;EXCHANGE
09.06.2025;14:26:22.451;ODAX.V.250609.PUT+U.000232;OPTION_VOLATILITY_STRATEGY;BLOCK;EUR;671088659;1001.00000000;2;EXCHANGE_LAST;;1;1;XEUR;72062644920443593;1176;
09.06.2025;14:26:22.451;FDAX SI 20250620 CS;SIMPLE_INSTRUMENT;BLOCK;EUR;671088659;24180.00000000;18;PRC_DECOMP_MEMBER;;;;XEUR;7903800;1176;MEMBER
09.06.2025;14:26:22.451;ODAX SI 20261218 CS EU P 22000 0;SIMPLE_INSTRUMENT;BLOCK;EUR;671088659;1001.00000000;1150;PRC_DECOMP_MEMBER;;;;XEUR;12373196;1176;MEMBER
09.06.2025;09:02:02.280;OED2.O.250609.STG.000001;STANDARD_OPTION_STRATEGY;BLOCK;EUR;1;4.65000000;2000;EXCHANGE_LAST;;1;1;XEUR;75376272317874228;772690;
09.06.2025;09:02:02.280;OED2 SI 20250919 PS EU C 158 0;SIMPLE_INSTRUMENT;BLOCK;EUR;1;1.66000000;2000;PRC_DECOMP_EXCHANGE;;;;XEUR;11415388;772690;EXCHANGE
09.06.2025;09:02:02.280;OED2 SI 20250919 PS EU P 144 0;SIMPLE_INSTRUMENT;BLOCK;EUR;1;2.99000000;2000;PRC_DECOMP_EXCHANGE;;;;XEUR;11415346;772690;EXCHANGE
09.06.2025;15:03:41.424;OED2.V.250609.CALL-U.000002;OPTION_VOLATILITY_STRATEGY;BLOCK;EUR;301989894;1.45000000;10;EXCHANGE_LAST;;1;1;XEUR;75376272317874229;772690;
09.06.2025;15:03:41.424;FEXD SI 20271217 CS;SIMPLE_INSTRUMENT;BLOCK;EUR;301989894;151.80000000;280;PRC_DECOMP_EXCHANGE;;;;XEUR;2848338;772690;EXCHANGE
09.06.2025;15:03:41.424;OED2 SI 20250919 PS EU C 158 0;SIMPLE_INSTRUMENT;BLOCK;EUR;301989894;1.45000000;1000;PRC_DECOMP_EXCHANGE;;;;XEUR;11415388;772690;EXCHANGE
09.06.2025;14:40:36.808;OED3.V.250609.PUT+U.000001;OPTION_VOLATILITY_STRATEGY;BLOCK;EUR;301989893;3.50000000;10;EXCHANGE_LAST;;1;1;XEUR;75376263727940607;772688;
09.06.2025;14:40:36.808;OED3 SI 20250919 PS EU P 145 0;SIMPLE_INSTRUMENT;BLOCK;EUR;301989893;3.50000000;1000;PRC_DECOMP_EXCHANGE;;;;XEUR;11415335;772688;EXCHANGE
09.06.2025;14:40:36.808;FEXD SI 20281215 CS;SIMPLE_INSTRUMENT;BLOCK;EUR;301989893;148.80000000;370;PRC_DECOMP_EXCHANGE;;;;XEUR;3680985;772688;EXCHANGE
09.06.2025;08:27:39.242;OESB.V.250609.BRT+U.000055;OPTION_VOLATILITY_STRATEGY;BLOCK;EUR;603979777;2.90000000;60;EXCHANGE_LAST;;1;2;XEUR;72062726523987009;1195;
09.06.2025;08:27:39.242;FESB SI 20250620 CS;SIMPLE_INSTRUMENT;BLOCK;EUR;603979777;202.15000000;360;PRC_DECOMP_EXCHANGE;;;;XEUR;11880665;1195;EXCHANGE
09.06.2025;08:27:39.242;OESB SI 20250718 CS EU P 200.0 0;SIMPLE_INSTRUMENT;BLOCK;EUR;603979777;4.60000000;6000;PRC_DECOMP_EXCHANGE;;;;XEUR;13249359;1195;EXCHANGE
09.06.2025;08:27:39.242;OESB SI 20250620 CS EU P 200.0 0;SIMPLE_INSTRUMENT;BLOCK;EUR;603979777;1.70000000;6000;PRC_DECOMP_EXCHANGE;;;;XEUR;12604967;1195;EXCHANGE
09.06.2025;09:14:53.667;OESB.V.250609.BRT+U.000057;OPTION_VOLATILITY_STRATEGY;BLOCK;EUR;603979785;14.50000000;40;EXCHANGE_LAST;;1;1;XEUR;72062726523987011;1195;
09.06.2025;09:14:53.667;OESB SI 20250718 CS EU P 200.0 0;SIMPLE_INSTRUMENT;BLOCK;EUR;603979785;4.15000000;4000;PRC_DECOMP_EXCHANGE;;;;XEUR;13249359;1195;EXCHANGE
09.06.2025;09:14:53.667;OESB SI 20260619 CS EU P 200.0 0;SIMPLE_INSTRUMENT;BLOCK;EUR;603979785;18.65000000;4000;PRC_DECOMP_EXCHANGE;;;;XEUR;10526109;1195;EXCHANGE
09.06.2025;09:14:53.667;FESB SI 20250620 CS;SIMPLE_INSTRUMENT;BLOCK;EUR;603979785;203.60000000;320;PRC_DECOMP_EXCHANGE;;;;XEUR;11880665;1195;EXCHANGE
09.06.2025;10:09:04.559;OESB.V.250609.STG-U.000067;OPTION_VOLATILITY_STRATEGY;BLOCK;EUR;603979789;20.55000000;30;EXCHANGE_LAST;;1;1;XEUR;72062726523987021;1195;
09.06.2025;10:09:04.559;FESB SI 20250620 CS;SIMPLE_INSTRUMENT;BLOCK;EUR;603979789;204.30000000;210;PRC_DECOMP_EXCHANGE;;;;XEUR;11880665;1195;EXCHANGE
09.06.2025;10:09:04.559;OESB SI 20260619 CS EU C 220.0 0;SIMPLE_INSTRUMENT;BLOCK;EUR;603979789;9.75000000;3000;PRC_DECOMP_EXCHANGE;;;;XEUR;10986169;1195;EXCHANGE
09.06.2025;10:09:04.559;OESB SI 20260619 CS EU P 180.0 0;SIMPLE_INSTRUMENT;BLOCK;EUR;603979789;10.80000000;3000;PRC_DECOMP_EXCHANGE;;;;XEUR;9168459;1195;EXCHANGE
09.06.2025;13:03:15.731;OESB.V.250609.CALL-U.000074;OPTION_VOLATILITY_STRATEGY;BLOCK;EUR;603979792;13.05000000;50;EXCHANGE_LAST;;1;1;XEUR;72062726523987028;1195;
09.06.2025;13:03:15.731;FESB SI 20250620 CS;SIMPLE_INSTRUMENT;BLOCK;EUR;603979792;203.90000000;2400;PRC_DECOMP_EXCHANGE;;;;XEUR;11880665;1195;EXCHANGE
09.06.2025;13:03:15.731;OESB SI 20260320 CS EU C 210.0 0;SIMPLE_INSTRUMENT;BLOCK;EUR;603979792;13.05000000;5000;PRC_DECOMP_EXCHANGE;;;;XEUR;12450348;1195;EXCHANGE
09.06.2025;13:03:26.631;OESB.V.250609.CALL-U.000074;OPTION_VOLATILITY_STRATEGY;BLOCK;EUR;603979793;13.10000000;50;EXCHANGE_LAST;;1;1;XEUR;72062726523987028;1195;
09.06.2025;13:03:26.631;OESB SI 20260320 CS EU C 210.0 0;SIMPLE_INSTRUMENT;BLOCK;EUR;603979793;13.10000000;5000;PRC_DECOMP_EXCHANGE;;;;XEUR;12450348;1195;EXCHANGE
09.06.2025;13:03:26.631;FESB SI 20250620 CS;SIMPLE_INSTRUMENT;BLOCK;EUR;603979793;203.90000000;2400;PRC_DECOMP_EXCHANGE;;;;XEUR;11880665;1195;EXCHANGE
09.06.2025;13:18:54.829;OESB.V.250609.PUT+U.000075;OPTION_VOLATILITY_STRATEGY;BLOCK;EUR;603979794;0.80000000;60;EXCHANGE_LAST;;1;1;XEUR;72062726523987029;1195;
09.06.2025;13:18:54.829;FESB SI 20250620 CS;SIMPLE_INSTRUMENT;BLOCK;EUR;603979794;203.90000000;180;PRC_DECOMP_EXCHANGE;;;;XEUR;11880665;1195;EXCHANGE
