#Date;TrdTime;Contract;ContractType;TrdTyp;Currency;TesId;Prc;Qty;TrdInd;Aggressor;Buy;Sell;Exch;InstrumentId;RelatedProdId;PrcDecomp
28.02.2025;09:17:18.629;A2XA SI 20251219 CS;SIMPLE_INSTRUMENT;BLOCK;EUR;5;2.17000000;600;EXCHANGE_LAST;;1;1;XEUR;3681055;17;
28.02.2025;09:18:53.512;A2XA SI 20251219 CS;SIMPLE_INSTRUMENT;BLOCK;EUR;6;2.17000000;200;EXCHANGE_LAST;;1;1;XEUR;3681055;17;
28.02.2025;15:12:56.379;A2XA SI 20271217 CS;SIMPLE_INSTRUMENT;BLOCK;EUR;30;2.12500000;300;EXCHANGE_LAST;;1;1;XEUR;5914267;17;
28.02.2025;15:27:05.298;A2XA SI 20271217 CS;SIMPLE_INSTRUMENT;BLOCK;EUR;38;2.12500000;200;EXCHANGE_LAST;;1;1;XEUR;5914267;17;
28.02.2025;14:59:26.008;A3BB SI 20250620 CS;SIMPLE_INSTRUMENT;BLOCK;CHF;28;0.90000000;670;EXCHANGE_LAST;;1;1;XEUR;10886738;574519;
28.02.2025;14:58:33.090;ABBG.S.MAR25.JUN25.SPD;FUTURES_SPREAD;BLOCK;CHF;27;0.55500000;10000;EXCHANGE_LAST;;1;1;XEUR;74525138648825908;574520;
28.02.2025;14:58:33.090;ABBG SI 20250620 CS;SIMPLE_INSTRUMENT;BLOCK;CHF;27;48.38180000;10000;PRC_DECOMP_EXCHANGE;;;;XEUR;11209548;574520;EXCHANGE
28.02.2025;14:58:33.090;ABBG SI 20250321 CS;SIMPLE_INSTRUMENT;BLOCK;CHF;27;48.93680000;10000;PRC_DECOMP_EXCHANGE;;;;XEUR;10736154;574520;EXCHANGE
28.02.2025;10:11:43.173;ABBN SI 20260619 PS AM P 44.00 0;SIMPLE_INSTRUMENT;BLOCK;CHF;13;3.57000000;1000;EXCHANGE_LAST;;1;1;XEUR;9600931;574517;
28.02.2025;10:22:35.838;ABBN SI 20251219 PS AM C 50.00 0;SIMPLE_INSTRUMENT;BLOCK;CHF;16;3.15000000;1250;EXCHANGE_LAST;;1;1;XEUR;11848989;574517;
28.02.2025;11:18:23.202;ABBN SI 20260619 PS AM P 36.00 0;SIMPLE_INSTRUMENT;BLOCK;CHF;28;1.26000000;1250;EXCHANGE_LAST;;1;1;XEUR;9600920;574517;
28.02.2025;14:41:58.980;ABBN SI 20261218 PS AM P 40.00 0;SIMPLE_INSTRUMENT;BLOCK;CHF;54;2.93000000;1250;EXCHANGE_LAST;;1;1;XEUR;8509383;574517;
28.02.2025;15:32:25.102;ABBN.O.250228.BER.000006;STANDARD_OPTION_STRATEGY;BLOCK;CHF;69;3.38000000;1000;EXCHANGE_LAST;;1;1;XEUR;74525125763937749;574517;
28.02.2025;15:32:25.102;ABBN SI 20250919 PS AM P 51.00 0;SIMPLE_INSTRUMENT;BLOCK;CHF;69;5.18000000;1000;PRC_DECOMP_EXCHANGE;;;;XEUR;12393057;574517;EXCHANGE
28.02.2025;15:32:25.102;ABBN SI 20250919 PS AM P 44.00 0;SIMPLE_INSTRUMENT;BLOCK;CHF;69;1.80000000;1000;PRC_DECOMP_EXCHANGE;;;;XEUR;11927908;574517;EXCHANGE
28.02.2025;16:03:41.186;ABBN.O.250228.BER.000008;STANDARD_OPTION_STRATEGY;BLOCK;CHF;76;6.01000000;3000;EXCHANGE_LAST;;1;1;XEUR;74525125763937751;574517;
28.02.2025;16:03:41.186;ABBN SI 20251219 PS AM P 57.00 0;SIMPLE_INSTRUMENT;BLOCK;CHF;76;10.13000000;3000;PRC_DECOMP_EXCHANGE;;;;XEUR;12393086;574517;EXCHANGE
28.02.2025;16:03:41.186;ABBN SI 20251219 PS AM P 48.00 0;SIMPLE_INSTRUMENT;BLOCK;CHF;76;4.12000000;3000;PRC_DECOMP_EXCHANGE;;;;XEUR;8902745;574517;EXCHANGE
28.02.2025;13:37:32.039;ADS.O.250228.STG.000006;STANDARD_OPTION_STRATEGY;BLOCK;EUR;8;24.50000000;250;EXCHANGE_LAST;;1;1;XEUR;72057808786332563;50;
28.02.2025;13:37:32.039;ADS SI 20250620 PS AM C 240.00 0;SIMPLE_INSTRUMENT;BLOCK;EUR;8;17.77000000;250;PRC_DECOMP_EXCHANGE;;;;XEUR;7897600;50;EXCHANGE
28.02.2025;13:37:32.039;ADS SI 20250620 PS AM P 220.00 0;SIMPLE_INSTRUMENT;BLOCK;EUR;8;6.73000000;250;PRC_DECOMP_EXCHANGE;;;;XEUR;11297076;50;EXCHANGE
28.02.2025;16:47:15.831;AFX SI 20250620 PS AM C 76.00 0;SIMPLE_INSTRUMENT;BLOCK;EUR;5;0.68000000;844;EXCHANGE_LAST;;1;1;XEUR;7897691;56;
28.02.2025;16:47:18.458;AFX SI 20250620 PS AM C 60.00 0;SIMPLE_INSTRUMENT;BLOCK;EUR;6;5.20000000;844;EXCHANGE_LAST;;1;1;XEUR;8108863;56;
28.02.2025;16:47:18.565;AFX SI 20250620 PS AM P 46.00 0;SIMPLE_INSTRUMENT;BLOCK;EUR;7;1.05000000;844;EXCHANGE_LAST;;1;1;XEUR;11348392;56;
28.02.2025;13:40:17.460;AIR SI 20250620 PS AM P 180.00 0;SIMPLE_INSTRUMENT;BLOCK;EUR;23;10.90000000;300;EXCHANGE_LAST;;1;1;XEUR;11290288;64;
28.02.2025;13:13:53.950;ALV SI 20250620 PS AM P 325.00 0;SIMPLE_INSTRUMENT;BLOCK;EUR;4;14.55000000;400;EXCHANGE_LAST;;1;1;XEUR;12365297;74;
28.02.2025;12:06:01.023;ANN SI 20250417 PS AM C 30.00 0;SIMPLE_INSTRUMENT;BLOCK;EUR;14;1.45000000;3000;EXCHANGE_LAST;;3;1;XEUR;12640773;45202;
28.02.2025;11:34:44.512;ARYN SI 20250620 PS AM P 1.90 0;SIMPLE_INSTRUMENT;BLOCK;CHF;30;0.13000000;5000;EXCHANGE_LAST;;1;1;XEUR;11349758;108;
28.02.2025;14:44:39.133;ASI.O.250228.BLT.000003;STANDARD_OPTION_STRATEGY;BLOCK;EUR;23;16.60000000;250;EXCHANGE_LAST;;1;1;XEUR;72385377352025826;76318;
28.02.2025;14:44:39.133;ASI SI 20250620 PS AM C 560.00 0;SIMPLE_INSTRUMENT;BLOCK;EUR;23;25.62000000;250;PRC_DECOMP_EXCHANGE;;;;XEUR;9582556;76318;EXCHANGE
28.02.2025;14:44:39.133;ASI SI 20250919 PS AM C 560.00 0;SIMPLE_INSTRUMENT;BLOCK;EUR;23;42.22000000;250;PRC_DECOMP_EXCHANGE;;;;XEUR;11912151;76318;EXCHANGE
28.02.2025;16:11:44.436;ASMH SI 20250321 CS;SIMPLE_INSTRUMENT;BLOCK;EUR;48;682.50000000;750;EXCHANGE_LAST;;1;1;XEUR;10717245;3979;
28.02.2025;16:11:26.355;ASMH SI 20250417 CS;SIMPLE_INSTRUMENT;BLOCK;EUR;49;684.01000000;750;EXCHANGE_LAST;;1;1;XEUR;10861706;3979;
28.02.2025;16:25:16.582;BAN SI 20260619 PS AM P 52.00 0;SIMPLE_INSTRUMENT;BLOCK;CHF;78;5.12000000;500;EXCHANGE_LAST;;1;1;XEUR;11401579;298535;
28.02.2025;09:18:31.972;BAS SI 20250321 PS AM C 52.00 0;SIMPLE_INSTRUMENT;BLOCK;EUR;1;0.60000000;1600;EXCHANGE_LAST;;1;1;XEUR;10831049;150;
28.02.2025;10:44:05.146;BAS SI 20250321 PS AM C 56.00 0;SIMPLE_INSTRUMENT;BLOCK;EUR;3;0.15000000;1000;EXCHANGE_LAST;;1;1;XEUR;10831047;150;
28.02.2025;11:19:50.916;BAS SI 20250417 PS AM P 48.00 0;SIMPLE_INSTRUMENT;BLOCK;EUR;4;1.33000000;8000;EXCHANGE_LAST;;1;1;XEUR;12615306;150;
28.02.2025;11:20:38.043;BAS SI 20250417 PS AM P 44.00 0;SIMPLE_INSTRUMENT;BLOCK;EUR;5;0.36000000;4500;EXCHANGE_LAST;;1;1;XEUR;12615330;150;
28.02.2025;11:21:42.499;BAS SI 20250417 PS AM P 43.00 0;SIMPLE_INSTRUMENT;BLOCK;EUR;6;0.24000000;2450;EXCHANGE_LAST;;1;1;XEUR;12615368;150;
28.02.2025;11:22:04.593;BAS SI 20250417 PS AM P 43.00 0;SIMPLE_INSTRUMENT;BLOCK;EUR;7;0.23000000;1050;EXCHANGE_LAST;;1;1;XEUR;12615368;150;
28.02.2025;11:40:12.977;BAS SI 20250417 PS AM P 48.00 0;SIMPLE_INSTRUMENT;BLOCK;EUR;8;1.39000000;4000;EXCHANGE_LAST;;1;1;XEUR;12615306;150;
28.02.2025;13:51:26.996;BAS SI 20250417 PS AM C 52.00 0;SIMPLE_INSTRUMENT;BLOCK;EUR;11;1.15000000;1000;EXCHANGE_LAST;;1;1;XEUR;12693218;150;
28.02.2025;15:38:21.739;BAYG SI 20250321 CS;SIMPLE_INSTRUMENT;BLOCK;EUR;34;22.67000000;20000;EXCHANGE_LAST;;1;1;XEUR;10723979;76034;
28.02.2025;15:38:22.948;BAYG SI 20250417 CS;SIMPLE_INSTRUMENT;BLOCK;EUR;35;22.71800000;20000;EXCHANGE_LAST;;1;1;XEUR;10870515;76034;
28.02.2025;10:46:06.632;BEI.O.250228.STG.000002;STANDARD_OPTION_STRATEGY;BLOCK;EUR;4;10.70000000;500;EXCHANGE_LAST;;1;1;XEUR;72058349952190320;176;
28.02.2025;10:46:06.632;BEI SI 20250919 PS AM C 140.00 0;SIMPLE_INSTRUMENT;BLOCK;EUR;4;5.20000000;500;PRC_DECOMP_MEMBER;;;;XEUR;11873582;176;MEMBER
28.02.2025;10:46:06.632;BEI SI 20250919 PS AM P 130.00 0;SIMPLE_INSTRUMENT;BLOCK;EUR;4;5.50000000;500;PRC_DECOMP_MEMBER;;;;XEUR;11873579;176;MEMBER
28.02.2025;14:26:02.025;BG1 SI 20250620 PS AM P 88.00 0;SIMPLE_INSTRUMENT;BLOCK;EUR;5;3.70000000;300;EXCHANGE_LAST;;1;1;XEUR;11392220;74940;
28.02.2025;09:27:56.369;BMW SI 20251219 PS AM P 76.00 0;SIMPLE_INSTRUMENT;BLOCK;EUR;3;6.30000000;750;EXCHANGE_LAST;;1;1;XEUR;5923232;210;
28.02.2025;10:22:33.798;BMW SI 20250321 PS AM C 84.00 0;SIMPLE_INSTRUMENT;BLOCK;EUR;5;3.23000000;1500;EXCHANGE_LAST;;1;2;XEUR;10832542;210;
28.02.2025;10:35:13.262;BMW.O.250228.RBUL.000011;STANDARD_OPTION_STRATEGY;BLOCK;EUR;7;-0.35000000;800;EXCHANGE_LAST;;1;2;XEUR;72058495981109513;210;
28.02.2025;10:35:13.262;BMW SI 20250620 PS AM C 92.00 0;SIMPLE_INSTRUMENT;BLOCK;EUR;7;2.57000000;1600;PRC_DECOMP_EXCHANGE;;;;XEUR;7899914;210;EXCHANGE
28.02.2025;10:35:13.262;BMW SI 20250620 PS AM C 84.00 0;SIMPLE_INSTRUMENT;BLOCK;EUR;7;5.49000000;800;PRC_DECOMP_EXCHANGE;;;;XEUR;7899911;210;EXCHANGE
28.02.2025;14:44:47.123;BMW SI 20250620 PS AM P 84.00 0;SIMPLE_INSTRUMENT;BLOCK;EUR;32;7.80000000;2750;EXCHANGE_LAST;;2;2;XEUR;7899908;210;
28.02.2025;15:38:03.795;BMW SI 20250417 PS AM P 76.00 0;SIMPLE_INSTRUMENT;BLOCK;EUR;40;1.51000000;750;EXCHANGE_LAST;;1;1;XEUR;12616386;210;
28.02.2025;10:12:43.152;BNP SI 20250919 PS AM P 48.00 0;SIMPLE_INSTRUMENT;BLOCK;EUR;11;0.60000000;1000;EXCHANGE_LAST;;1;1;XEUR;11875206;237;
28.02.2025;10:24:46.244;BNP SI 20261218 PS AM P 48.00 0;SIMPLE_INSTRUMENT;BLOCK;EUR;13;2.94000000;1250;EXCHANGE_LAST;;1;1;XEUR;7154454;237;
28.02.2025;10:34:25.930;BNP.O.250228.BER.000005;STANDARD_OPTION_STRATEGY;BLOCK;EUR;14;4.64000000;1500;EXCHANGE_LAST;;1;1;XEUR;72058611945200019;237;
28.02.2025;10:34:25.930;BNP SI 20250620 PS AM P 72.00 0;SIMPLE_INSTRUMENT;BLOCK;EUR;14;5.80000000;1500;PRC_DECOMP_EXCHANGE;;;;XEUR;8114384;237;EXCHANGE
28.02.2025;10:34:25.930;BNP SI 20250620 PS AM P 60.00 0;SIMPLE_INSTRUMENT;BLOCK;EUR;14;1.16000000;1500;PRC_DECOMP_EXCHANGE;;;;XEUR;7900161;237;EXCHANGE
28.02.2025;10:14:32.915;BPV SI 20251218 PS AM P 5.60 0;SIMPLE_INSTRUMENT;BLOCK;EUR;9;0.16500000;2000;EXCHANGE_LAST;;1;1;XEUR;10380532;251;
28.02.2025;12:15:37.765;C3AR SI 20261218 CS;SIMPLE_INSTRUMENT;BLOCK;EUR;12;0.89000000;500;EXCHANGE_LAST;;1;1;XEUR;6799833;256;
28.02.2025;15:12:23.421;CBK SI 20260619 PS AM P 16.00 0;SIMPLE_INSTRUMENT;BLOCK;EUR;10;1.28000000;2000;EXCHANGE_LAST;;1;1;XEUR;9542135;268;
28.02.2025;12:27:39.695;CFR.O.250228.BLT.000002;STANDARD_OPTION_STRATEGY;BLOCK;CHF;41;3.20000000;800;EXCHANGE_LAST;;1;2;XEUR;72058938362728590;313;
28.02.2025;12:27:39.695;CFR SI 20250417 PS AM C 190.00 0;SIMPLE_INSTRUMENT;BLOCK;CHF;41;3.36000000;800;PRC_DECOMP_EXCHANGE;;;;XEUR;12688205;313;EXCHANGE
28.02.2025;12:27:39.695;CFR SI 20250516 PS AM C 190.00 0;SIMPLE_INSTRUMENT;BLOCK;CHF;41;6.56000000;800;PRC_DECOMP_EXCHANGE;;;;XEUR;12816239;313;EXCHANGE
28.02.2025;12:33:07.349;CFR SI 20250321 PS AM P 174.00 0;SIMPLE_INSTRUMENT;BLOCK;CHF;44;2.00000000;460;EXCHANGE_LAST;;1;1;XEUR;12607490;313;
28.02.2025;15:34:51.709;CFR SI 20260619 PS AM P 140.00 0;SIMPLE_INSTRUMENT;BLOCK;CHF;68;7.58000000;300;EXCHANGE_LAST;;1;1;XEUR;9996431;313;
28.02.2025;10:05:54.121;CGM SI 20251219 PS AM P 130.00 0;SIMPLE_INSTRUMENT;BLOCK;EUR;6;7.35000000;250;EXCHANGE_LAST;;1;1;XEUR;12437238;317;
28.02.2025;16:03:48.793;CGM.O.250228.BRT.000001;STANDARD_OPTION_STRATEGY;BLOCK;EUR;26;2.70000000;300;EXCHANGE_LAST;;1;1;XEUR;72058955542572492;317;
28.02.2025;16:03:48.793;CGM SI 20250516 PS AM P 140.00 0;SIMPLE_INSTRUMENT;BLOCK;EUR;26;3.87000000;300;PRC_DECOMP_EXCHANGE;;;;XEUR;12816271;317;EXCHANGE
28.02.2025;16:03:48.793;CGM SI 20250321 PS AM P 140.00 0;SIMPLE_INSTRUMENT;BLOCK;EUR;26;1.17000000;300;PRC_DECOMP_EXCHANGE;;;;XEUR;10834783;317;EXCHANGE
28.02.2025;12:21:17.973;CR5J SI 20250320 CS;SIMPLE_INSTRUMENT;BLOCK;EUR;13;50.50000000;2250;EXCHANGE_LAST;;1;1;XEUR;10689747;50861;
28.02.2025;14:54:47.429;CRI5 SI 20250417 PS AM C 51.00 0;SIMPLE_INSTRUMENT;BLOCK;EUR;24;2.01000000;2500;EXCHANGE_LAST;;1;1;XEUR;12749281;320;
28.02.2025;10:31:04.478;DAI SI 20271217 PS AM P 48.00 0;SIMPLE_INSTRUMENT;BLOCK;EUR;8;6.67000000;3000;EXCHANGE_LAST;;1;1;XEUR;8833332;443196;
28.02.2025;15:52:42.604;DAI.O.250228.STD.000020;STANDARD_OPTION_STRATEGY;BLOCK;EUR;43;11.25000000;750;EXCHANGE_LAST;;1;1;XEUR;73961106363664287;443196;
28.02.2025;15:52:42.604;DAI SI 20251219 PS AM C 58.00 0;SIMPLE_INSTRUMENT;BLOCK;EUR;43;5.45000000;750;PRC_DECOMP_EXCHANGE;;;;XEUR;10374221;443196;EXCHANGE
28.02.2025;15:52:42.604;DAI SI 20251219 PS AM P 58.00 0;SIMPLE_INSTRUMENT;BLOCK;EUR;43;5.80000000;750;PRC_DECOMP_EXCHANGE;;;;XEUR;10374226;443196;EXCHANGE
28.02.2025;11:49:19.408;DBK SI 20250919 PS AM C 21.00 0;SIMPLE_INSTRUMENT;BLOCK;EUR;5;1.53000000;4000;EXCHANGE_LAST;;1;1;XEUR;12380626;362;
28.02.2025;11:23:09.900;DPW SI 20250417 PS AM C 39.00 0;SIMPLE_INSTRUMENT;BLOCK;EUR;11;1.07000000;1000;EXCHANGE_LAST;;1;1;XEUR;12619855;445;
28.02.2025;13:00:19.678;DPW SI 20250620 PS AM C 40.00 0;SIMPLE_INSTRUMENT;BLOCK;EUR;15;1.02000000;2000;EXCHANGE_LAST;;1;2;XEUR;7902462;445;
28.02.2025;10:23:03.157;ENR SI 20261218 PS AM P 36.00 0;SIMPLE_INSTRUMENT;BLOCK;EUR;8;5.45000000;300;EXCHANGE_LAST;;1;1;XEUR;7185326;298530;
28.02.2025;13:32:26.092;ENR.O.250228.BUL.000005;STANDARD_OPTION_STRATEGY;BLOCK;EUR;16;1.77000000;1400;EXCHANGE_LAST;;1;1;XEUR;73339770624818125;298530;
28.02.2025;13:32:26.092;ENR SI 20250417 PS AM C 60.00 0;SIMPLE_INSTRUMENT;BLOCK;EUR;16;2.72000000;1400;PRC_DECOMP_EXCHANGE;;;;XEUR;12650613;298530;EXCHANGE
28.02.2025;13:32:26.092;ENR SI 20250417 PS AM C 70.00 0;SIMPLE_INSTRUMENT;BLOCK;EUR;16;0.95000000;1400;PRC_DECOMP_EXCHANGE;;;;XEUR;12686220;298530;EXCHANGE
28.02.2025;13:56:31.844;ENR.O.250228.BUL.000005;STANDARD_OPTION_STRATEGY;BLOCK;EUR;19;1.67000000;2442;EXCHANGE_LAST;;1;1;XEUR;73339770624818125;298530;
28.02.2025;13:56:31.844;ENR SI 20250417 PS AM C 70.00 0;SIMPLE_INSTRUMENT;BLOCK;EUR;19;0.96000000;2442;PRC_DECOMP_EXCHANGE;;;;XEUR;12686220;298530;EXCHANGE
28.02.2025;13:56:31.844;ENR SI 20250417 PS AM C 60.00 0;SIMPLE_INSTRUMENT;BLOCK;EUR;19;2.63000000;2442;PRC_DECOMP_EXCHANGE;;;;XEUR;12650613;298530;EXCHANGE
28.02.2025;14:31:41.054;ENR SI 20250321 PS AM P 50.00 0;SIMPLE_INSTRUMENT;BLOCK;EUR;20;1.95000000;750;EXCHANGE_LAST;;1;1;XEUR;11948767;298530;
28.02.2025;15:00:05.780;ENR SI 20250321 PS AM C 70.00 0;SIMPLE_INSTRUMENT;BLOCK;EUR;21;0.22000000;1000;EXCHANGE_LAST;;1;1;XEUR;12573860;298530;
28.02.2025;14:48:36.775;EOA SI 20251219 PS AM P 10.00 0;SIMPLE_INSTRUMENT;BLOCK;EUR;34;0.26000000;5000;EXCHANGE_LAST;;1;2;XEUR;5928468;49065;
28.02.2025;08:58:35.236;ESL SI 20250620 PS AM C 300.00 0;SIMPLE_INSTRUMENT;BLOCK;EUR;1;7.78000000;250;EXCHANGE_LAST;;1;1;XEUR;11358267;481;
28.02.2025;08:58:35.683;ESL SI 20250620 PS AM P 280.00 0;SIMPLE_INSTRUMENT;BLOCK;EUR;2;11.42000000;250;EXCHANGE_LAST;;1;1;XEUR;8121217;481;
28.02.2025;10:07:10.870;ESL SI 20250321 PS AM P 275.00 0;SIMPLE_INSTRUMENT;BLOCK;EUR;7;1.65000000;300;EXCHANGE_LAST;;1;1;XEUR;12440963;481;
28.02.2025;12:55:12.872;EVK SI 20251219 PS AM C 19.00 0;SIMPLE_INSTRUMENT;BLOCK;EUR;10;1.50000000;1250;EXCHANGE_LAST;;1;1;XEUR;12386319;10806;
28.02.2025;07:42:21.891;FBTP SI 20250306 PS;SIMPLE_INSTRUMENT;EFP_FIN;EUR;1;120.46000000;231;EXCHANGE_LAST;;1;1;XEUR;11286675;636;
28.02.2025;08:26:20.326;FBTP.S.MAR25.JUN25.SPD;FUTURES_SPREAD;BLOCK;EUR;2;0.35000000;2100;EXCHANGE_LAST;;1;1;XEUR;72060325637128284;636;
28.02.2025;08:26:20.326;FBTP SI 20250306 PS;SIMPLE_INSTRUMENT;BLOCK;EUR;2;120.62000000;2100;PRC_DECOMP_EXCHANGE;;;;XEUR;11286675;636;EXCHANGE
28.02.2025;08:26:20.326;FBTP SI 20250606 PS;SIMPLE_INSTRUMENT;BLOCK;EUR;2;120.27000000;2100;PRC_DECOMP_EXCHANGE;;;;XEUR;11820365;636;EXCHANGE
28.02.2025;08:27:30.465;FBTP.S.MAR25.JUN25.SPD;FUTURES_SPREAD;BLOCK;EUR;3;0.34000000;437;EXCHANGE_LAST;;1;1;XEUR;72060325637128284;636;
28.02.2025;08:27:30.465;FBTP SI 20250606 PS;SIMPLE_INSTRUMENT;BLOCK;EUR;3;120.28000000;437;PRC_DECOMP_MEMBER;;;;XEUR;11820365;636;MEMBER
28.02.2025;08:27:30.465;FBTP SI 20250306 PS;SIMPLE_INSTRUMENT;BLOCK;EUR;3;120.62000000;437;PRC_DECOMP_MEMBER;;;;XEUR;11286675;636;MEMBER
28.02.2025;08:27:38.197;FBTP.S.MAR25.JUN25.SPD;FUTURES_SPREAD;BLOCK;EUR;4;0.35000000;437;EXCHANGE_LAST;;1;1;XEUR;72060325637128284;636;
28.02.2025;08:27:38.197;FBTP SI 20250606 PS;SIMPLE_INSTRUMENT;BLOCK;EUR;4;120.28000000;437;PRC_DECOMP_MEMBER;;;;XEUR;11820365;636;MEMBER
28.02.2025;08:27:38.197;FBTP SI 20250306 PS;SIMPLE_INSTRUMENT;BLOCK;EUR;4;120.63000000;437;PRC_DECOMP_MEMBER;;;;XEUR;11286675;636;MEMBER
28.02.2025;08:37:07.210;FBTP.S.MAR25.JUN25.SPD;FUTURES_SPREAD;BLOCK;EUR;5;0.34000000;2000;EXCHANGE_LAST;;1;1;XEUR;72060325637128284;636;
28.02.2025;08:37:07.210;FBTP SI 20250606 PS;SIMPLE_INSTRUMENT;BLOCK;EUR;5;120.28000000;2000;PRC_DECOMP_EXCHANGE;;;;XEUR;11820365;636;EXCHANGE
28.02.2025;08:37:07.210;FBTP SI 20250306 PS;SIMPLE_INSTRUMENT;BLOCK;EUR;5;120.62000000;2000;PRC_DECOMP_EXCHANGE;;;;XEUR;11286675;636;EXCHANGE
28.02.2025;08:43:28.338;FBTP SI 20250306 PS;SIMPLE_INSTRUMENT;BLOCK;EUR;6;120.62000000;1050;EXCHANGE_LAST;;1;1;XEUR;11286675;636;
28.02.2025;08:44:20.059;FBTP SI 20250306 PS;SIMPLE_INSTRUMENT;BLOCK;EUR;7;120.61000000;1050;EXCHANGE_LAST;;1;1;XEUR;11286675;636;
28.02.2025;08:45:53.589;FBTP SI 20250606 PS;SIMPLE_INSTRUMENT;BLOCK;EUR;8;120.26000000;2100;EXCHANGE_LAST;;1;1;XEUR;11820365;636;
28.02.2025;08:49:26.403;FBTP SI 20250306 PS;SIMPLE_INSTRUMENT;EFP_FIN;EUR;9;120.61000000;464;EXCHANGE_LAST;;1;1;XEUR;11286675;636;
28.02.2025;08:52:26.767;FBTP SI 20250306 PS;SIMPLE_INSTRUMENT;EFP_FIN;EUR;10;120.65000000;895;EXCHANGE_LAST;;1;1;XEUR;11286675;636;
28.02.2025;08:55:20.917;FBTP SI 20250306 PS;SIMPLE_INSTRUMENT;BLOCK;EUR;11;120.68000000;1000;EXCHANGE_LAST;;1;1;XEUR;11286675;636;
28.02.2025;08:55:35.463;FBTP SI 20250606 PS;SIMPLE_INSTRUMENT;BLOCK;EUR;12;120.34000000;500;EXCHANGE_LAST;;1;1;XEUR;11820365;636;
28.02.2025;08:56:08.959;FBTP SI 20250606 PS;SIMPLE_INSTRUMENT;BLOCK;EUR;13;120.35000000;500;EXCHANGE_LAST;;1;1;XEUR;11820365;636;
28.02.2025;09:11:30.444;FBTP SI 20250306 PS;SIMPLE_INSTRUMENT;BLOCK;EUR;14;120.65000000;2786;EXCHANGE_LAST;;1;1;XEUR;11286675;636;
28.02.2025;09:20:42.092;FBTP SI 20250306 PS;SIMPLE_INSTRUMENT;EFP_FIN;EUR;15;120.61000000;895;EXCHANGE_LAST;;1;1;XEUR;11286675;636;
28.02.2025;09:21:35.547;FBTP SI 20250306 PS;SIMPLE_INSTRUMENT;EFP_FIN;EUR;16;120.64000000;1791;EXCHANGE_LAST;;1;1;XEUR;11286675;636;
28.02.2025;09:25:52.882;FBTP.S.MAR25.JUN25.SPD;FUTURES_SPREAD;BLOCK;EUR;17;0.33000000;1000;EXCHANGE_LAST;;1;1;XEUR;72060325637128284;636;
28.02.2025;09:25:52.882;FBTP SI 20250306 PS;SIMPLE_INSTRUMENT;BLOCK;EUR;17;120.63000000;1000;PRC_DECOMP_EXCHANGE;;;;XEUR;11286675;636;EXCHANGE
28.02.2025;09:25:52.882;FBTP SI 20250606 PS;SIMPLE_INSTRUMENT;BLOCK;EUR;17;120.30000000;1000;PRC_DECOMP_EXCHANGE;;;;XEUR;11820365;636;EXCHANGE
28.02.2025;09:29:17.981;FBTP.S.MAR25.JUN25.SPD;FUTURES_SPREAD;BLOCK;EUR;18;0.34000000;1789;EXCHANGE_LAST;;1;1;XEUR;72060325637128284;636;
28.02.2025;09:29:17.981;FBTP SI 20250606 PS;SIMPLE_INSTRUMENT;BLOCK;EUR;18;120.30000000;1789;PRC_DECOMP_MEMBER;;;;XEUR;11820365;636;MEMBER
28.02.2025;09:29:17.981;FBTP SI 20250306 PS;SIMPLE_INSTRUMENT;BLOCK;EUR;18;120.64000000;1789;PRC_DECOMP_MEMBER;;;;XEUR;11286675;636;MEMBER
28.02.2025;09:29:31.118;FBTP.S.MAR25.JUN25.SPD;FUTURES_SPREAD;BLOCK;EUR;19;0.33000000;1789;EXCHANGE_LAST;;1;1;XEUR;72060325637128284;636;
28.02.2025;09:29:31.118;FBTP SI 20250606 PS;SIMPLE_INSTRUMENT;BLOCK;EUR;19;120.31000000;1789;PRC_DECOMP_MEMBER;;;;XEUR;11820365;636;MEMBER
28.02.2025;09:29:31.118;FBTP SI 20250306 PS;SIMPLE_INSTRUMENT;BLOCK;EUR;19;120.64000000;1789;PRC_DECOMP_MEMBER;;;;XEUR;11286675;636;MEMBER
28.02.2025;09:44:01.759;FBTP.S.MAR25.JUN25.SPD;FUTURES_SPREAD;BLOCK;EUR;20;0.33000000;1000;EXCHANGE_LAST;;1;1;XEUR;72060325637128284;636;
28.02.2025;09:44:01.759;FBTP SI 20250606 PS;SIMPLE_INSTRUMENT;BLOCK;EUR;20;120.30000000;1000;PRC_DECOMP_EXCHANGE;;;;XEUR;11820365;636;EXCHANGE
28.02.2025;09:44:01.759;FBTP SI 20250306 PS;SIMPLE_INSTRUMENT;BLOCK;EUR;20;120.63000000;1000;PRC_DECOMP_EXCHANGE;;;;XEUR;11286675;636;EXCHANGE
28.02.2025;10:03:18.084;FBTP SI 20250306 PS;SIMPLE_INSTRUMENT;BLOCK;EUR;21;120.63000000;5000;EXCHANGE_LAST;;1;1;XEUR;11286675;636;
28.02.2025;10:03:28.601;FBTP SI 20250306 PS;SIMPLE_INSTRUMENT;BLOCK;EUR;22;120.64000000;5000;EXCHANGE_LAST;;1;1;XEUR;11286675;636;
28.02.2025;10:04:05.440;FBTP SI 20250606 PS;SIMPLE_INSTRUMENT;BLOCK;EUR;23;120.30000000;9923;EXCHANGE_LAST;;1;1;XEUR;11820365;636;
28.02.2025;10:10:00.775;FBTP SI 20250306 PS;SIMPLE_INSTRUMENT;EFP_FIN;EUR;24;120.64000000;101;EXCHANGE_LAST;;1;1;XEUR;11286675;636;
28.02.2025;10:29:29.819;FBTP SI 20250306 PS;SIMPLE_INSTRUMENT;BLOCK;EUR;25;120.68000000;1065;EXCHANGE_LAST;;1;1;XEUR;11286675;636;
28.02.2025;10:30:53.307;FBTP SI 20250606 PS;SIMPLE_INSTRUMENT;BLOCK;EUR;26;120.34000000;532;EXCHANGE_LAST;;1;1;XEUR;11820365;636;
28.02.2025;10:31:27.635;FBTP SI 20250606 PS;SIMPLE_INSTRUMENT;BLOCK;EUR;27;120.35000000;533;EXCHANGE_LAST;;1;1;XEUR;11820365;636;
28.02.2025;10:37:35.565;FBTP.S.MAR25.JUN25.SPD;FUTURES_SPREAD;BLOCK;EUR;28;0.33000000;938;EXCHANGE_LAST;;1;1;XEUR;72060325637128284;636;
28.02.2025;10:37:35.565;FBTP SI 20250306 PS;SIMPLE_INSTRUMENT;BLOCK;EUR;28;120.65000000;938;PRC_DECOMP_EXCHANGE;;;;XEUR;11286675;636;EXCHANGE
28.02.2025;10:37:35.565;FBTP SI 20250606 PS;SIMPLE_INSTRUMENT;BLOCK;EUR;28;120.32000000;938;PRC_DECOMP_EXCHANGE;;;;XEUR;11820365;636;EXCHANGE
28.02.2025;10:37:41.186;FBTP.S.MAR25.JUN25.SPD;FUTURES_SPREAD;BLOCK;EUR;29;0.34000000;938;EXCHANGE_LAST;;1;1;XEUR;72060325637128284;636;
28.02.2025;10:37:41.186;FBTP SI 20250306 PS;SIMPLE_INSTRUMENT;BLOCK;EUR;29;120.66000000;938;PRC_DECOMP_EXCHANGE;;;;XEUR;11286675;636;EXCHANGE
28.02.2025;10:37:41.186;FBTP SI 20250606 PS;SIMPLE_INSTRUMENT;BLOCK;EUR;29;120.32000000;938;PRC_DECOMP_EXCHANGE;;;;XEUR;11820365;636;EXCHANGE
28.02.2025;10:38:28.695;FBTP SI 20250306 PS;SIMPLE_INSTRUMENT;BLOCK;EUR;30;120.69000000;2000;EXCHANGE_LAST;;1;1;XEUR;11286675;636;
28.02.2025;10:39:28.135;FBTP SI 20250606 PS;SIMPLE_INSTRUMENT;BLOCK;EUR;31;120.36000000;1000;EXCHANGE_LAST;;1;1;XEUR;11820365;636;
28.02.2025;10:39:40.350;FBTP SI 20250606 PS;SIMPLE_INSTRUMENT;BLOCK;EUR;32;120.35000000;1000;EXCHANGE_LAST;;1;1;XEUR;11820365;636;
28.02.2025;10:47:16.403;FBTP SI 20250306 PS;SIMPLE_INSTRUMENT;EFP_FIN;EUR;33;120.66000000;1342;EXCHANGE_LAST;;1;1;XEUR;11286675;636;
28.02.2025;10:48:36.271;FBTP SI 20250306 PS;SIMPLE_INSTRUMENT;EFP_FIN;EUR;34;120.63000000;243;EXCHANGE_LAST;;1;1;XEUR;11286675;636;
28.02.2025;11:11:23.205;FBTP SI 20250306 PS;SIMPLE_INSTRUMENT;EFP_FIN;EUR;35;120.68000000;346;EXCHANGE_LAST;;1;1;XEUR;11286675;636;
28.02.2025;11:13:02.740;FBTP SI 20250306 PS;SIMPLE_INSTRUMENT;BLOCK;EUR;36;120.70000000;15000;EXCHANGE_LAST;;1;1;XEUR;11286675;636;
28.02.2025;11:13:19.249;FBTP SI 20250306 PS;SIMPLE_INSTRUMENT;BLOCK;EUR;37;120.71000000;15000;EXCHANGE_LAST;;1;1;XEUR;11286675;636;
28.02.2025;11:13:46.920;FBTP SI 20250306 PS;SIMPLE_INSTRUMENT;EFP_FIN;EUR;38;120.69000000;214;EXCHANGE_LAST;;1;1;XEUR;11286675;636;
28.02.2025;11:17:02.043;FBTP SI 20250306 PS;SIMPLE_INSTRUMENT;EFP_FIN;EUR;40;120.70000000;1343;EXCHANGE_LAST;;1;1;XEUR;11286675;636;
28.02.2025;11:18:08.889;FBTP SI 20250606 PS;SIMPLE_INSTRUMENT;EFP_FIN;EUR;41;120.35000000;442;EXCHANGE_LAST;;1;1;XEUR;11820365;636;
28.02.2025;11:19:20.872;FBTP SI 20250306 PS;SIMPLE_INSTRUMENT;EFP_FIN;EUR;42;120.68000000;895;EXCHANGE_LAST;;1;1;XEUR;11286675;636;
28.02.2025;11:19:34.444;FBTP SI 20250606 PS;SIMPLE_INSTRUMENT;BLOCK;EUR;43;120.37000000;29769;EXCHANGE_LAST;;1;1;XEUR;11820365;636;
28.02.2025;11:22:18.046;FBTP SI 20250306 PS;SIMPLE_INSTRUMENT;BLOCK;EUR;44;120.70000000;2500;EXCHANGE_LAST;;1;1;XEUR;11286675;636;
28.02.2025;11:22:22.240;FBTP SI 20250306 PS;SIMPLE_INSTRUMENT;BLOCK;EUR;45;120.70000000;2500;EXCHANGE_LAST;;1;1;XEUR;11286675;636;
28.02.2025;11:22:34.008;FBTP SI 20250306 PS;SIMPLE_INSTRUMENT;BLOCK;EUR;46;120.70000000;628;EXCHANGE_LAST;;1;1;XEUR;11286675;636;
28.02.2025;11:23:15.678;FBTP SI 20250606 PS;SIMPLE_INSTRUMENT;BLOCK;EUR;47;120.36000000;1250;EXCHANGE_LAST;;1;1;XEUR;11820365;636;
28.02.2025;11:23:19.485;FBTP SI 20250606 PS;SIMPLE_INSTRUMENT;BLOCK;EUR;48;120.36000000;1250;EXCHANGE_LAST;;1;1;XEUR;11820365;636;
28.02.2025;11:23:27.445;FBTP SI 20250606 PS;SIMPLE_INSTRUMENT;BLOCK;EUR;49;120.36000000;314;EXCHANGE_LAST;;1;1;XEUR;11820365;636;
28.02.2025;11:23:50.890;FBTP SI 20250606 PS;SIMPLE_INSTRUMENT;BLOCK;EUR;50;120.37000000;1250;EXCHANGE_LAST;;1;1;XEUR;11820365;636;
28.02.2025;11:23:54.915;FBTP SI 20250606 PS;SIMPLE_INSTRUMENT;BLOCK;EUR;51;120.37000000;1250;EXCHANGE_LAST;;1;1;XEUR;11820365;636;
28.02.2025;11:24:02.323;FBTP SI 20250606 PS;SIMPLE_INSTRUMENT;BLOCK;EUR;52;120.37000000;314;EXCHANGE_LAST;;1;1;XEUR;11820365;636;
28.02.2025;11:36:21.271;FBTP SI 20250306 PS;SIMPLE_INSTRUMENT;EFP_FIN;EUR;53;120.66000000;345;EXCHANGE_LAST;;1;1;XEUR;11286675;636;
28.02.2025;11:39:30.443;FBTP SI 20250306 PS;SIMPLE_INSTRUMENT;BLOCK;EUR;54;120.67000000;1208;EXCHANGE_LAST;;1;1;XEUR;11286675;636;
28.02.2025;11:49:49.063;FBTP SI 20250606 PS;SIMPLE_INSTRUMENT;BLOCK;EUR;55;120.34000000;1748;EXCHANGE_LAST;;1;1;XEUR;11820365;636;
28.02.2025;12:10:13.951;FBTP SI 20250306 PS;SIMPLE_INSTRUMENT;EFP_FIN;EUR;56;120.66000000;66;EXCHANGE_LAST;;1;1;XEUR;11286675;636;
28.02.2025;12:34:04.768;FBTP SI 20250306 PS;SIMPLE_INSTRUMENT;EFP_FIN;EUR;57;120.60000000;282;EXCHANGE_LAST;;1;1;XEUR;11286675;636;
28.02.2025;12:36:28.055;FBTP.S.MAR25.JUN25.SPD;FUTURES_SPREAD;BLOCK;EUR;58;0.33000000;1000;EXCHANGE_LAST;;1;1;XEUR;72060325637128284;636;
28.02.2025;12:36:28.055;FBTP SI 20250606 PS;SIMPLE_INSTRUMENT;BLOCK;EUR;58;120.27000000;1000;PRC_DECOMP_MEMBER;;;;XEUR;11820365;636;MEMBER
28.02.2025;12:36:28.055;FBTP SI 20250306 PS;SIMPLE_INSTRUMENT;BLOCK;EUR;58;120.60000000;1000;PRC_DECOMP_MEMBER;;;;XEUR;11286675;636;MEMBER
28.02.2025;12:36:38.813;FBTP.S.MAR25.JUN25.SPD;FUTURES_SPREAD;BLOCK;EUR;59;0.34000000;1000;EXCHANGE_LAST;;1;1;XEUR;72060325637128284;636;
28.02.2025;12:36:38.813;FBTP SI 20250306 PS;SIMPLE_INSTRUMENT;BLOCK;EUR;59;120.60000000;1000;PRC_DECOMP_MEMBER;;;;XEUR;11286675;636;MEMBER
28.02.2025;12:36:38.813;FBTP SI 20250606 PS;SIMPLE_INSTRUMENT;BLOCK;EUR;59;120.26000000;1000;PRC_DECOMP_MEMBER;;;;XEUR;11820365;636;MEMBER
28.02.2025;12:44:04.614;FBTP SI 20250306 PS;SIMPLE_INSTRUMENT;EFP_FIN;EUR;60;120.60000000;1215;EXCHANGE_LAST;;1;1;XEUR;11286675;636;
28.02.2025;12:44:57.530;FBTP SI 20250306 PS;SIMPLE_INSTRUMENT;EFP_FIN;EUR;61;120.61000000;345;EXCHANGE_LAST;;1;1;XEUR;11286675;636;
28.02.2025;12:46:24.662;FBTP SI 20250306 PS;SIMPLE_INSTRUMENT;EFP_FIN;EUR;62;120.70000000;224;EXCHANGE_LAST;;1;1;XEUR;11286675;636;
28.02.2025;12:49:02.356;FBTP SI 20250306 PS;SIMPLE_INSTRUMENT;EFP_FIN;EUR;63;120.59000000;581;EXCHANGE_LAST;;1;1;XEUR;11286675;636;
28.02.2025;12:49:05.345;FBTP SI 20250306 PS;SIMPLE_INSTRUMENT;EFP_FIN;EUR;64;120.70000000;1055;EXCHANGE_LAST;;1;1;XEUR;11286675;636;
28.02.2025;13:03:27.994;FBTP SI 20250306 PS;SIMPLE_INSTRUMENT;EFP_FIN;EUR;65;120.63000000;68;EXCHANGE_LAST;;1;1;XEUR;11286675;636;
28.02.2025;13:06:31.593;FBTP SI 20250306 PS;SIMPLE_INSTRUMENT;BLOCK;EUR;66;120.56000000;3369;EXCHANGE_LAST;;1;1;XEUR;11286675;636;
28.02.2025;13:06:37.594;FBTP SI 20250606 PS;SIMPLE_INSTRUMENT;BLOCK;EUR;67;120.23000000;1684;EXCHANGE_LAST;;1;1;XEUR;11820365;636;
28.02.2025;13:06:44.595;FBTP SI 20250606 PS;SIMPLE_INSTRUMENT;BLOCK;EUR;68;120.22000000;1685;EXCHANGE_LAST;;1;1;XEUR;11820365;636;
28.02.2025;13:21:51.565;FBTP SI 20250606 PS;SIMPLE_INSTRUMENT;EFP_FIN;EUR;69;120.34000000;354;EXCHANGE_LAST;;1;1;XEUR;11820365;636;
28.02.2025;13:30:59.896;FBTP SI 20250306 PS;SIMPLE_INSTRUMENT;EFP_FIN;EUR;70;120.54000000;976;EXCHANGE_LAST;;1;1;XEUR;11286675;636;
28.02.2025;13:34:21.921;FBTP.S.MAR25.JUN25.SPD;FUTURES_SPREAD;BLOCK;EUR;71;0.33000000;1500;EXCHANGE_LAST;;1;1;XEUR;72060325637128284;636;
28.02.2025;13:34:21.921;FBTP SI 20250606 PS;SIMPLE_INSTRUMENT;BLOCK;EUR;71;120.13000000;1500;PRC_DECOMP_EXCHANGE;;;;XEUR;11820365;636;EXCHANGE
28.02.2025;13:34:21.921;FBTP SI 20250306 PS;SIMPLE_INSTRUMENT;BLOCK;EUR;71;120.46000000;1500;PRC_DECOMP_EXCHANGE;;;;XEUR;11286675;636;EXCHANGE
28.02.2025;13:39:53.323;FBTP SI 20250306 PS;SIMPLE_INSTRUMENT;EFP_FIN;EUR;72;120.49000000;895;EXCHANGE_LAST;;1;1;XEUR;11286675;636;
28.02.2025;13:41:55.324;FBTP SI 20250306 PS;SIMPLE_INSTRUMENT;EFP_FIN;EUR;73;120.53000000;100;EXCHANGE_LAST;;1;1;XEUR;11286675;636;
28.02.2025;13:42:32.477;FBTP SI 20250306 PS;SIMPLE_INSTRUMENT;EFP_FIN;EUR;74;120.51000000;816;EXCHANGE_LAST;;1;1;XEUR;11286675;636;
28.02.2025;13:45:34.603;FBTP SI 20250306 PS;SIMPLE_INSTRUMENT;EFP_FIN;EUR;75;120.48000000;560;EXCHANGE_LAST;;1;1;XEUR;11286675;636;
28.02.2025;13:51:31.417;FBTP.S.MAR25.JUN25.SPD;FUTURES_SPREAD;BLOCK;EUR;76;0.33000000;250;EXCHANGE_LAST;;1;1;XEUR;72060325637128284;636;
28.02.2025;13:51:31.417;FBTP SI 20250606 PS;SIMPLE_INSTRUMENT;BLOCK;EUR;76;120.19000000;250;PRC_DECOMP_EXCHANGE;;;;XEUR;11820365;636;EXCHANGE
28.02.2025;13:51:31.417;FBTP SI 20250306 PS;SIMPLE_INSTRUMENT;BLOCK;EUR;76;120.52000000;250;PRC_DECOMP_EXCHANGE;;;;XEUR;11286675;636;EXCHANGE
28.02.2025;13:51:26.417;FBTP.S.MAR25.JUN25.SPD;FUTURES_SPREAD;BLOCK;EUR;77;0.34000000;250;EXCHANGE_LAST;;1;1;XEUR;72060325637128284;636;
28.02.2025;13:51:26.417;FBTP SI 20250306 PS;SIMPLE_INSTRUMENT;BLOCK;EUR;77;120.53000000;250;PRC_DECOMP_EXCHANGE;;;;XEUR;11286675;636;EXCHANGE
28.02.2025;13:51:26.417;FBTP SI 20250606 PS;SIMPLE_INSTRUMENT;BLOCK;EUR;77;120.19000000;250;PRC_DECOMP_EXCHANGE;;;;XEUR;11820365;636;EXCHANGE
28.02.2025;14:15:37.408;FBTP SI 20250306 PS;SIMPLE_INSTRUMENT;BLOCK;EUR;78;120.50000000;550;EXCHANGE_LAST;;1;1;XEUR;11286675;636;
28.02.2025;14:16:01.086;FBTP SI 20250306 PS;SIMPLE_INSTRUMENT;EFP_FIN;EUR;79;120.58000000;595;EXCHANGE_LAST;;1;1;XEUR;11286675;636;
28.02.2025;14:16:20.682;FBTP SI 20250306 PS;SIMPLE_INSTRUMENT;EFP_FIN;EUR;80;120.58000000;524;EXCHANGE_LAST;;1;1;XEUR;11286675;636;
28.02.2025;14:16:34.706;FBTP SI 20250606 PS;SIMPLE_INSTRUMENT;BLOCK;EUR;81;120.17000000;275;EXCHANGE_LAST;;1;1;XEUR;11820365;636;
28.02.2025;14:16:34.726;FBTP SI 20250606 PS;SIMPLE_INSTRUMENT;BLOCK;EUR;82;120.18000000;275;EXCHANGE_LAST;;1;1;XEUR;11820365;636;
28.02.2025;14:19:51.683;FBTP SI 20250606 PS;SIMPLE_INSTRUMENT;EFP_FIN;EUR;83;120.25000000;575;EXCHANGE_LAST;;1;1;XEUR;11820365;636;
28.02.2025;14:20:02.880;FBTP SI 20250606 PS;SIMPLE_INSTRUMENT;EFP_FIN;EUR;84;120.25000000;176;EXCHANGE_LAST;;1;1;XEUR;11820365;636;
28.02.2025;14:22:17.240;FBTP SI 20250306 PS;SIMPLE_INSTRUMENT;EFP_FIN;EUR;85;120.58000000;403;EXCHANGE_LAST;;1;1;XEUR;11286675;636;
28.02.2025;14:24:47.746;FBTP SI 20250306 PS;SIMPLE_INSTRUMENT;BLOCK;EUR;86;120.56000000;402;EXCHANGE_LAST;;1;1;XEUR;11286675;636;
28.02.2025;14:34:57.926;FBTP SI 20250306 PS;SIMPLE_INSTRUMENT;EFP_FIN;EUR;87;120.55000000;895;EXCHANGE_LAST;;1;1;XEUR;11286675;636;
28.02.2025;14:36:37.625;FBTP SI 20250306 PS;SIMPLE_INSTRUMENT;EFP_FIN;EUR;88;120.62000000;671;EXCHANGE_LAST;;1;1;XEUR;11286675;636;
28.02.2025;14:36:37.296;FBTP SI 20250306 PS;SIMPLE_INSTRUMENT;BLOCK;EUR;89;120.56000000;895;EXCHANGE_LAST;;1;1;XEUR;11286675;636;
28.02.2025;14:38:11.313;FBTP SI 20250306 PS;SIMPLE_INSTRUMENT;EFP_FIN;EUR;90;120.58000000;96;EXCHANGE_LAST;;1;1;XEUR;11286675;636;
28.02.2025;14:40:21.311;FBTP SI 20250306 PS;SIMPLE_INSTRUMENT;EFP_FIN;EUR;91;120.60000000;895;EXCHANGE_LAST;;1;1;XEUR;11286675;636;
28.02.2025;14:42:25.196;FBTP SI 20250306 PS;SIMPLE_INSTRUMENT;EFP_FIN;EUR;92;120.55000000;895;EXCHANGE_LAST;;1;1;XEUR;11286675;636;
28.02.2025;14:53:21.669;FBTP SI 20250306 PS;SIMPLE_INSTRUMENT;BLOCK;EUR;93;120.54000000;896;EXCHANGE_LAST;;1;1;XEUR;11286675;636;
28.02.2025;15:01:21.168;FBTP SI 20250306 PS;SIMPLE_INSTRUMENT;EFP_FIN;EUR;94;120.55000000;269;EXCHANGE_LAST;;1;1;XEUR;11286675;636;
28.02.2025;15:01:50.190;FBTP SI 20250306 PS;SIMPLE_INSTRUMENT;EFP_FIN;EUR;95;120.55000000;240;EXCHANGE_LAST;;1;1;XEUR;11286675;636;
28.02.2025;15:09:11.399;FBTP SI 20250306 PS;SIMPLE_INSTRUMENT;BLOCK;EUR;97;120.51000000;896;EXCHANGE_LAST;;1;1;XEUR;11286675;636;
28.02.2025;15:10:32.297;FBTP SI 20250306 PS;SIMPLE_INSTRUMENT;EFP_FIN;EUR;98;120.52000000;224;EXCHANGE_LAST;;1;1;XEUR;11286675;636;
28.02.2025;15:12:09.148;FBTP SI 20250306 PS;SIMPLE_INSTRUMENT;BLOCK;EUR;99;120.60000000;583;EXCHANGE_LAST;;1;1;XEUR;11286675;636;
28.02.2025;15:14:17.469;FBTP SI 20250306 PS;SIMPLE_INSTRUMENT;EFP_FIN;EUR;100;120.58000000;98;EXCHANGE_LAST;;1;1;XEUR;11286675;636;
28.02.2025;15:23:20.651;FBTP SI 20250306 PS;SIMPLE_INSTRUMENT;EFP_FIN;EUR;101;120.60000000;558;EXCHANGE_LAST;;1;1;XEUR;11286675;636;
28.02.2025;15:24:39.540;FBTP SI 20250306 PS;SIMPLE_INSTRUMENT;BLOCK;EUR;102;120.57000000;1000;EXCHANGE_LAST;;1;1;XEUR;11286675;636;
28.02.2025;15:24:52.874;FBTP SI 20250606 PS;SIMPLE_INSTRUMENT;BLOCK;EUR;103;120.25000000;500;EXCHANGE_LAST;;1;1;XEUR;11820365;636;
28.02.2025;15:25:02.612;FBTP SI 20250606 PS;SIMPLE_INSTRUMENT;BLOCK;EUR;104;120.24000000;500;EXCHANGE_LAST;;1;1;XEUR;11820365;636;
28.02.2025;15:26:18.583;FBTP.S.MAR25.JUN25.SPD;FUTURES_SPREAD;BLOCK;EUR;105;0.33000000;1250;EXCHANGE_LAST;;1;1;XEUR;72060325637128284;636;
28.02.2025;15:26:18.583;FBTP SI 20250606 PS;SIMPLE_INSTRUMENT;BLOCK;EUR;105;120.23000000;1250;PRC_DECOMP_MEMBER;;;;XEUR;11820365;636;MEMBER
28.02.2025;15:26:18.583;FBTP SI 20250306 PS;SIMPLE_INSTRUMENT;BLOCK;EUR;105;120.56000000;1250;PRC_DECOMP_MEMBER;;;;XEUR;11286675;636;MEMBER
28.02.2025;15:26:33.044;FBTP.S.MAR25.JUN25.SPD;FUTURES_SPREAD;BLOCK;EUR;106;0.32000000;1250;EXCHANGE_LAST;;1;1;XEUR;72060325637128284;636;
28.02.2025;15:26:33.044;FBTP SI 20250306 PS;SIMPLE_INSTRUMENT;BLOCK;EUR;106;120.56000000;1250;PRC_DECOMP_MEMBER;;;;XEUR;11286675;636;MEMBER
28.02.2025;15:26:33.044;FBTP SI 20250606 PS;SIMPLE_INSTRUMENT;BLOCK;EUR;106;120.24000000;1250;PRC_DECOMP_MEMBER;;;;XEUR;11820365;636;MEMBER
28.02.2025;15:27:28.930;FBTP SI 20250306 PS;SIMPLE_INSTRUMENT;BLOCK;EUR;107;120.56000000;895;EXCHANGE_LAST;;1;1;XEUR;11286675;636;
28.02.2025;15:39:13.751;FBTP SI 20250306 PS;SIMPLE_INSTRUMENT;EFP_FIN;EUR;108;120.61000000;81;EXCHANGE_LAST;;1;1;XEUR;11286675;636;
28.02.2025;15:39:29.726;FBTP SI 20250306 PS;SIMPLE_INSTRUMENT;EFP_FIN;EUR;109;120.61000000;239;EXCHANGE_LAST;;1;1;XEUR;11286675;636;
28.02.2025;15:42:47.998;FBTP SI 20250306 PS;SIMPLE_INSTRUMENT;EFP_FIN;EUR;110;120.58000000;895;EXCHANGE_LAST;;1;1;XEUR;11286675;636;
28.02.2025;15:46:05.333;FBTP SI 20250306 PS;SIMPLE_INSTRUMENT;EFP_FIN;EUR;111;120.53000000;895;EXCHANGE_LAST;;1;1;XEUR;11286675;636;
28.02.2025;15:51:26.598;FBTP SI 20250306 PS;SIMPLE_INSTRUMENT;BLOCK;EUR;112;120.58000000;672;EXCHANGE_LAST;;1;1;XEUR;11286675;636;
28.02.2025;15:59:06.950;FBTP SI 20250306 PS;SIMPLE_INSTRUMENT;BLOCK;EUR;113;120.53000000;672;EXCHANGE_LAST;;1;1;XEUR;11286675;636;
28.02.2025;16:00:22.602;FBTP SI 20250306 PS;SIMPLE_INSTRUMENT;EFP_FIN;EUR;114;120.53000000;898;EXCHANGE_LAST;;1;1;XEUR;11286675;636;
28.02.2025;16:00:13.495;FBTP SI 20250306 PS;SIMPLE_INSTRUMENT;EFP_FIN;EUR;115;120.55000000;223;EXCHANGE_LAST;;1;1;XEUR;11286675;636;
28.02.2025;16:10:37.282;FBTP SI 20250306 PS;SIMPLE_INSTRUMENT;BLOCK;EUR;116;120.54000000;1000;EXCHANGE_LAST;;1;1;XEUR;11286675;636;
28.02.2025;16:11:28.207;FBTP SI 20250606 PS;SIMPLE_INSTRUMENT;BLOCK;EUR;117;120.21000000;500;EXCHANGE_LAST;;1;1;XEUR;11820365;636;
28.02.2025;16:14:11.012;FBTP SI 20250606 PS;SIMPLE_INSTRUMENT;BLOCK;EUR;118;120.22000000;500;EXCHANGE_LAST;;1;1;XEUR;11820365;636;
28.02.2025;16:16:57.447;FBTP SI 20250306 PS;SIMPLE_INSTRUMENT;EFP_FIN;EUR;119;120.56000000;92;EXCHANGE_LAST;;1;1;XEUR;11286675;636;
28.02.2025;16:21:09.525;FBTP SI 20250306 PS;SIMPLE_INSTRUMENT;EFP_FIN;EUR;120;120.56000000;256;EXCHANGE_LAST;;1;1;XEUR;11286675;636;
28.02.2025;16:21:42.452;FBTP SI 20250306 PS;SIMPLE_INSTRUMENT;BLOCK;EUR;121;120.65000000;1245;EXCHANGE_LAST;;1;1;XEUR;11286675;636;
28.02.2025;16:22:48.039;FBTP SI 20250606 PS;SIMPLE_INSTRUMENT;BLOCK;EUR;122;120.31000000;311;EXCHANGE_LAST;;1;1;XEUR;11820365;636;
28.02.2025;16:22:48.059;FBTP SI 20250606 PS;SIMPLE_INSTRUMENT;BLOCK;EUR;123;120.33000000;934;EXCHANGE_LAST;;1;1;XEUR;11820365;636;
28.02.2025;16:25:19.765;FBTP SI 20250306 PS;SIMPLE_INSTRUMENT;BLOCK;EUR;124;120.65000000;895;EXCHANGE_LAST;;1;1;XEUR;11286675;636;
28.02.2025;16:51:29.217;FBTP SI 20250306 PS;SIMPLE_INSTRUMENT;EFP_FIN;EUR;125;120.54000000;534;EXCHANGE_LAST;;1;1;XEUR;11286675;636;
28.02.2025;09:28:51.124;FBTP SI 20250606 PS;SIMPLE_INSTRUMENT;VOLA;EUR;268435503;120.35000000;72;EXCHANGE_LAST;;1;1;XEUR;11820365;636;
28.02.2025;07:19:30.573;FBTS SI 20250306 PS;SIMPLE_INSTRUMENT;BLOCK;EUR;1;107.62000000;1500;EXCHANGE_LAST;;1;1;XEUR;11286677;639;
28.02.2025;07:20:13.117;FBTS SI 20250606 PS;SIMPLE_INSTRUMENT;BLOCK;EUR;2;107.45000000;750;EXCHANGE_LAST;;1;1;XEUR;11820367;639;
28.02.2025;07:20:13.146;FBTS SI 20250606 PS;SIMPLE_INSTRUMENT;BLOCK;EUR;3;107.46000000;750;EXCHANGE_LAST;;1;1;XEUR;11820367;639;
28.02.2025;07:37:30.841;FBTS SI 20250306 PS;SIMPLE_INSTRUMENT;BLOCK;EUR;4;107.64000000;882;EXCHANGE_LAST;;1;1;XEUR;11286677;639;
28.02.2025;07:38:00.843;FBTS SI 20250606 PS;SIMPLE_INSTRUMENT;BLOCK;EUR;5;107.48000000;441;EXCHANGE_LAST;;1;1;XEUR;11820367;639;
28.02.2025;07:37:50.842;FBTS SI 20250606 PS;SIMPLE_INSTRUMENT;BLOCK;EUR;6;107.47000000;441;EXCHANGE_LAST;;1;1;XEUR;11820367;639;
28.02.2025;07:52:36.888;FBTS SI 20250306 PS;SIMPLE_INSTRUMENT;BLOCK;EUR;7;107.68000000;750;EXCHANGE_LAST;;1;1;XEUR;11286677;639;
28.02.2025;07:52:21.887;FBTS SI 20250606 PS;SIMPLE_INSTRUMENT;BLOCK;EUR;8;107.52000000;375;EXCHANGE_LAST;;1;1;XEUR;11820367;639;
28.02.2025;07:52:06.886;FBTS SI 20250606 PS;SIMPLE_INSTRUMENT;BLOCK;EUR;9;107.51000000;375;EXCHANGE_LAST;;1;1;XEUR;11820367;639;
28.02.2025;08:40:22.565;FBTS.S.MAR25.JUN25.SPD;FUTURES_SPREAD;BLOCK;EUR;14;0.15000000;3500;EXCHANGE_LAST;;1;1;XEUR;72060338522030172;639;
28.02.2025;08:40:22.565;FBTS SI 20250606 PS;SIMPLE_INSTRUMENT;BLOCK;EUR;14;107.52000000;3500;PRC_DECOMP_EXCHANGE;;;;XEUR;11820367;639;EXCHANGE
28.02.2025;08:40:22.565;FBTS SI 20250306 PS;SIMPLE_INSTRUMENT;BLOCK;EUR;14;107.67000000;3500;PRC_DECOMP_EXCHANGE;;;;XEUR;11286677;639;EXCHANGE
28.02.2025;08:41:13.463;FBTS.S.MAR25.JUN25.SPD;FUTURES_SPREAD;BLOCK;EUR;17;0.16000000;3500;EXCHANGE_LAST;;1;1;XEUR;72060338522030172;639;
28.02.2025;08:41:13.463;FBTS SI 20250606 PS;SIMPLE_INSTRUMENT;BLOCK;EUR;17;107.52000000;3500;PRC_DECOMP_EXCHANGE;;;;XEUR;11820367;639;EXCHANGE
28.02.2025;08:41:13.463;FBTS SI 20250306 PS;SIMPLE_INSTRUMENT;BLOCK;EUR;17;107.68000000;3500;PRC_DECOMP_EXCHANGE;;;;XEUR;11286677;639;EXCHANGE
28.02.2025;08:41:49.103;FBTS.S.MAR25.JUN25.SPD;FUTURES_SPREAD;BLOCK;EUR;18;0.16000000;500;EXCHANGE_LAST;;1;1;XEUR;72060338522030172;639;
28.02.2025;08:41:49.103;FBTS SI 20250606 PS;SIMPLE_INSTRUMENT;BLOCK;EUR;18;107.52000000;500;PRC_DECOMP_EXCHANGE;;;;XEUR;11820367;639;EXCHANGE
28.02.2025;08:41:49.103;FBTS SI 20250306 PS;SIMPLE_INSTRUMENT;BLOCK;EUR;18;107.68000000;500;PRC_DECOMP_EXCHANGE;;;;XEUR;11286677;639;EXCHANGE
28.02.2025;08:41:53.543;FBTS.S.MAR25.JUN25.SPD;FUTURES_SPREAD;BLOCK;EUR;19;0.15000000;500;EXCHANGE_LAST;;1;1;XEUR;72060338522030172;639;
28.02.2025;08:41:53.543;FBTS SI 20250306 PS;SIMPLE_INSTRUMENT;BLOCK;EUR;19;107.68000000;500;PRC_DECOMP_EXCHANGE;;;;XEUR;11286677;639;EXCHANGE
28.02.2025;08:41:53.543;FBTS SI 20250606 PS;SIMPLE_INSTRUMENT;BLOCK;EUR;19;107.53000000;500;PRC_DECOMP_EXCHANGE;;;;XEUR;11820367;639;EXCHANGE
28.02.2025;08:44:58.179;FBTS.S.MAR25.JUN25.SPD;FUTURES_SPREAD;BLOCK;EUR;20;0.15000000;2000;EXCHANGE_LAST;;1;1;XEUR;72060338522030172;639;
28.02.2025;08:44:58.179;FBTS SI 20250306 PS;SIMPLE_INSTRUMENT;BLOCK;EUR;20;107.67000000;2000;PRC_DECOMP_EXCHANGE;;;;XEUR;11286677;639;EXCHANGE
28.02.2025;08:44:58.179;FBTS SI 20250606 PS;SIMPLE_INSTRUMENT;BLOCK;EUR;20;107.52000000;2000;PRC_DECOMP_EXCHANGE;;;;XEUR;11820367;639;EXCHANGE
28.02.2025;08:45:00.043;FBTS.S.MAR25.JUN25.SPD;FUTURES_SPREAD;BLOCK;EUR;21;0.16000000;2000;EXCHANGE_LAST;;1;1;XEUR;72060338522030172;639;
28.02.2025;08:45:00.043;FBTS SI 20250606 PS;SIMPLE_INSTRUMENT;BLOCK;EUR;21;107.52000000;2000;PRC_DECOMP_EXCHANGE;;;;XEUR;11820367;639;EXCHANGE
28.02.2025;08:45:00.043;FBTS SI 20250306 PS;SIMPLE_INSTRUMENT;BLOCK;EUR;21;107.68000000;2000;PRC_DECOMP_EXCHANGE;;;;XEUR;11286677;639;EXCHANGE
28.02.2025;08:48:26.970;FBTS.S.MAR25.JUN25.SPD;FUTURES_SPREAD;BLOCK;EUR;22;0.16000000;600;EXCHANGE_LAST;;1;1;XEUR;72060338522030172;639;
28.02.2025;08:48:26.970;FBTS SI 20250606 PS;SIMPLE_INSTRUMENT;BLOCK;EUR;22;107.52000000;600;PRC_DECOMP_EXCHANGE;;;;XEUR;11820367;639;EXCHANGE
28.02.2025;08:48:26.970;FBTS SI 20250306 PS;SIMPLE_INSTRUMENT;BLOCK;EUR;22;107.68000000;600;PRC_DECOMP_EXCHANGE;;;;XEUR;11286677;639;EXCHANGE
28.02.2025;08:48:28.656;FBTS.S.MAR25.JUN25.SPD;FUTURES_SPREAD;BLOCK;EUR;23;0.15000000;600;EXCHANGE_LAST;;1;1;XEUR;72060338522030172;639;
28.02.2025;08:48:28.656;FBTS SI 20250606 PS;SIMPLE_INSTRUMENT;BLOCK;EUR;23;107.52000000;600;PRC_DECOMP_EXCHANGE;;;;XEUR;11820367;639;EXCHANGE
28.02.2025;08:48:28.656;FBTS SI 20250306 PS;SIMPLE_INSTRUMENT;BLOCK;EUR;23;107.67000000;600;PRC_DECOMP_EXCHANGE;;;;XEUR;11286677;639;EXCHANGE
28.02.2025;08:53:05.678;FBTS.S.MAR25.JUN25.SPD;FUTURES_SPREAD;BLOCK;EUR;24;0.15000000;400;EXCHANGE_LAST;;1;1;XEUR;72060338522030172;639;
28.02.2025;08:53:05.678;FBTS SI 20250306 PS;SIMPLE_INSTRUMENT;BLOCK;EUR;24;107.67000000;400;PRC_DECOMP_MEMBER;;;;XEUR;11286677;639;MEMBER
28.02.2025;08:53:05.678;FBTS SI 20250606 PS;SIMPLE_INSTRUMENT;BLOCK;EUR;24;107.52000000;400;PRC_DECOMP_MEMBER;;;;XEUR;11820367;639;MEMBER
28.02.2025;08:53:09.614;FBTS.S.MAR25.JUN25.SPD;FUTURES_SPREAD;BLOCK;EUR;25;0.16000000;400;EXCHANGE_LAST;;1;1;XEUR;72060338522030172;639;
28.02.2025;08:53:09.614;FBTS SI 20250306 PS;SIMPLE_INSTRUMENT;BLOCK;EUR;25;107.68000000;400;PRC_DECOMP_MEMBER;;;;XEUR;11286677;639;MEMBER
28.02.2025;08:53:09.614;FBTS SI 20250606 PS;SIMPLE_INSTRUMENT;BLOCK;EUR;25;107.52000000;400;PRC_DECOMP_MEMBER;;;;XEUR;11820367;639;MEMBER
28.02.2025;09:09:24.795;FBTS SI 20250306 PS;SIMPLE_INSTRUMENT;EFP_FIN;EUR;37;107.71000000;935;EXCHANGE_LAST;;1;1;XEUR;11286677;639;
28.02.2025;09:20:36.202;FBTS SI 20250306 PS;SIMPLE_INSTRUMENT;EFP_FIN;EUR;42;107.68000000;1360;EXCHANGE_LAST;;1;1;XEUR;11286677;639;
28.02.2025;09:25:20.635;FBTS SI 20250306 PS;SIMPLE_INSTRUMENT;EFP_FIN;EUR;44;107.67000000;681;EXCHANGE_LAST;;1;1;XEUR;11286677;639;
28.02.2025;09:25:40.968;FBTS SI 20250306 PS;SIMPLE_INSTRUMENT;EFP_FIN;EUR;45;107.67000000;681;EXCHANGE_LAST;;1;1;XEUR;11286677;639;
28.02.2025;09:34:47.704;FBTS SI 20250306 PS;SIMPLE_INSTRUMENT;EFP_FIN;EUR;51;107.66000000;681;EXCHANGE_LAST;;1;1;XEUR;11286677;639;
28.02.2025;09:45:50.923;FBTS SI 20250306 PS;SIMPLE_INSTRUMENT;EFP_FIN;EUR;53;107.68000000;1153;EXCHANGE_LAST;;1;1;XEUR;11286677;639;
28.02.2025;09:55:38.193;FBTS SI 20250306 PS;SIMPLE_INSTRUMENT;EFP_FIN;EUR;54;107.68000000;1093;EXCHANGE_LAST;;1;1;XEUR;11286677;639;
28.02.2025;10:19:14.786;FBTS SI 20250306 PS;SIMPLE_INSTRUMENT;BLOCK;EUR;59;107.67000000;1224;EXCHANGE_LAST;;1;1;XEUR;11286677;639;
28.02.2025;10:19:29.690;FBTS SI 20250606 PS;SIMPLE_INSTRUMENT;BLOCK;EUR;60;107.51000000;612;EXCHANGE_LAST;;1;1;XEUR;11820367;639;
28.02.2025;10:19:37.516;FBTS SI 20250606 PS;SIMPLE_INSTRUMENT;BLOCK;EUR;61;107.52000000;612;EXCHANGE_LAST;;1;1;XEUR;11820367;639;
28.02.2025;10:19:53.372;FBTS SI 20250606 PS;SIMPLE_INSTRUMENT;BLOCK;EUR;62;107.53000000;750;EXCHANGE_LAST;;1;1;XEUR;11820367;639;
28.02.2025;10:20:11.633;FBTS SI 20250606 PS;SIMPLE_INSTRUMENT;BLOCK;EUR;63;107.54000000;750;EXCHANGE_LAST;;1;1;XEUR;11820367;639;
28.02.2025;10:20:30.610;FBTS SI 20250306 PS;SIMPLE_INSTRUMENT;BLOCK;EUR;64;107.69000000;1500;EXCHANGE_LAST;;1;1;XEUR;11286677;639;
28.02.2025;10:22:52.222;FBTS SI 20250306 PS;SIMPLE_INSTRUMENT;BLOCK;EUR;67;107.69000000;1377;EXCHANGE_LAST;;1;1;XEUR;11286677;639;
28.02.2025;10:23:55.781;FBTS SI 20250606 PS;SIMPLE_INSTRUMENT;BLOCK;EUR;68;107.54000000;688;EXCHANGE_LAST;;1;1;XEUR;11820367;639;
28.02.2025;10:25:14.944;FBTS SI 20250606 PS;SIMPLE_INSTRUMENT;BLOCK;EUR;69;107.53000000;689;EXCHANGE_LAST;;1;1;XEUR;11820367;639;
28.02.2025;10:34:51.597;FBTS SI 20250306 PS;SIMPLE_INSTRUMENT;BLOCK;EUR;70;107.67000000;1440;EXCHANGE_LAST;;1;1;XEUR;11286677;639;
28.02.2025;10:39:36.313;FBTS SI 20250306 PS;SIMPLE_INSTRUMENT;EFP_FIN;EUR;74;107.68000000;352;EXCHANGE_LAST;;1;1;XEUR;11286677;639;
28.02.2025;10:51:30.832;FBTS SI 20250306 PS;SIMPLE_INSTRUMENT;BLOCK;EUR;75;107.68000000;2350;EXCHANGE_LAST;;1;1;XEUR;11286677;639;
28.02.2025;11:07:19.593;FBTS SI 20250306 PS;SIMPLE_INSTRUMENT;EFP_FIN;EUR;78;107.68000000;82;EXCHANGE_LAST;;1;1;XEUR;11286677;639;
28.02.2025;11:26:05.183;FBTS SI 20250306 PS;SIMPLE_INSTRUMENT;EFP_FIN;EUR;81;107.68000000;484;EXCHANGE_LAST;;1;1;XEUR;11286677;639;
28.02.2025;11:53:04.412;FBTS SI 20250306 PS;SIMPLE_INSTRUMENT;EFP_FIN;EUR;86;107.67000000;685;EXCHANGE_LAST;;1;1;XEUR;11286677;639;
28.02.2025;12:06:44.150;FBTS SI 20250306 PS;SIMPLE_INSTRUMENT;EFP_FIN;EUR;87;107.67000000;908;EXCHANGE_LAST;;1;1;XEUR;11286677;639;
28.02.2025;12:16:00.890;FBTS SI 20250606 PS;SIMPLE_INSTRUMENT;EFP_FIN;EUR;94;107.52000000;2123;EXCHANGE_LAST;;1;1;XEUR;11820367;639;
28.02.2025;12:25:24.064;FBTS.S.MAR25.JUN25.SPD;FUTURES_SPREAD;BLOCK;EUR;96;0.15000000;2500;EXCHANGE_LAST;;1;1;XEUR;72060338522030172;639;
28.02.2025;12:25:24.064;FBTS SI 20250606 PS;SIMPLE_INSTRUMENT;BLOCK;EUR;96;107.51000000;2500;PRC_DECOMP_EXCHANGE;;;;XEUR;11820367;639;EXCHANGE
28.02.2025;12:25:24.064;FBTS SI 20250306 PS;SIMPLE_INSTRUMENT;BLOCK;EUR;96;107.66000000;2500;PRC_DECOMP_EXCHANGE;;;;XEUR;11286677;639;EXCHANGE
28.02.2025;12:25:29.721;FBTS.S.MAR25.JUN25.SPD;FUTURES_SPREAD;BLOCK;EUR;97;0.16000000;2500;EXCHANGE_LAST;;1;1;XEUR;72060338522030172;639;
28.02.2025;12:25:29.721;FBTS SI 20250606 PS;SIMPLE_INSTRUMENT;BLOCK;EUR;97;107.51000000;2500;PRC_DECOMP_EXCHANGE;;;;XEUR;11820367;639;EXCHANGE
28.02.2025;12:25:29.721;FBTS SI 20250306 PS;SIMPLE_INSTRUMENT;BLOCK;EUR;97;107.67000000;2500;PRC_DECOMP_EXCHANGE;;;;XEUR;11286677;639;EXCHANGE
28.02.2025;12:35:15.409;FBTS SI 20250306 PS;SIMPLE_INSTRUMENT;EFP_FIN;EUR;98;107.65000000;1119;EXCHANGE_LAST;;1;1;XEUR;11286677;639;
28.02.2025;12:38:03.105;FBTS SI 20250306 PS;SIMPLE_INSTRUMENT;BLOCK;EUR;99;107.68000000;2099;EXCHANGE_LAST;;1;1;XEUR;11286677;639;
28.02.2025;12:43:44.582;FBTS SI 20250306 PS;SIMPLE_INSTRUMENT;EFP_FIN;EUR;100;107.66000000;1061;EXCHANGE_LAST;;1;1;XEUR;11286677;639;
28.02.2025;12:45:01.566;FBTS SI 20250306 PS;SIMPLE_INSTRUMENT;BLOCK;EUR;101;107.67000000;908;EXCHANGE_LAST;;1;1;XEUR;11286677;639;
28.02.2025;12:48:56.456;FBTS SI 20250306 PS;SIMPLE_INSTRUMENT;BLOCK;EUR;104;107.67000000;476;EXCHANGE_LAST;;1;1;XEUR;11286677;639;
28.02.2025;12:49:37.035;FBTS.S.MAR25.JUN25.SPD;FUTURES_SPREAD;BLOCK;EUR;105;0.16000000;1240;EXCHANGE_LAST;;1;1;XEUR;72060338522030172;639;
28.02.2025;12:49:37.035;FBTS SI 20250606 PS;SIMPLE_INSTRUMENT;BLOCK;EUR;105;107.51000000;1240;PRC_DECOMP_MEMBER;;;;XEUR;11820367;639;MEMBER
28.02.2025;12:49:37.035;FBTS SI 20250306 PS;SIMPLE_INSTRUMENT;BLOCK;EUR;105;107.67000000;1240;PRC_DECOMP_MEMBER;;;;XEUR;11286677;639;MEMBER
28.02.2025;12:49:44.417;FBTS SI 20250606 PS;SIMPLE_INSTRUMENT;BLOCK;EUR;106;107.51000000;238;EXCHANGE_LAST;;1;1;XEUR;11820367;639;
28.02.2025;12:49:55.246;FBTS SI 20250606 PS;SIMPLE_INSTRUMENT;BLOCK;EUR;107;107.52000000;238;EXCHANGE_LAST;;1;1;XEUR;11820367;639;
28.02.2025;12:50:10.363;FBTS.S.MAR25.JUN25.SPD;FUTURES_SPREAD;BLOCK;EUR;108;0.16000000;250;EXCHANGE_LAST;;1;1;XEUR;72060338522030172;639;
28.02.2025;12:50:10.363;FBTS SI 20250306 PS;SIMPLE_INSTRUMENT;BLOCK;EUR;108;107.67000000;250;PRC_DECOMP_MEMBER;;;;XEUR;11286677;639;MEMBER
28.02.2025;12:50:10.363;FBTS SI 20250606 PS;SIMPLE_INSTRUMENT;BLOCK;EUR;108;107.51000000;250;PRC_DECOMP_MEMBER;;;;XEUR;11820367;639;MEMBER
28.02.2025;12:50:20.308;FBTS.S.MAR25.JUN25.SPD;FUTURES_SPREAD;BLOCK;EUR;109;0.15000000;250;EXCHANGE_LAST;;1;1;XEUR;72060338522030172;639;
28.02.2025;12:50:20.308;FBTS SI 20250606 PS;SIMPLE_INSTRUMENT;BLOCK;EUR;109;107.52000000;250;PRC_DECOMP_MEMBER;;;;XEUR;11820367;639;MEMBER
28.02.2025;12:50:20.308;FBTS SI 20250306 PS;SIMPLE_INSTRUMENT;BLOCK;EUR;109;107.67000000;250;PRC_DECOMP_MEMBER;;;;XEUR;11286677;639;MEMBER
28.02.2025;12:50:39.818;FBTS.S.MAR25.JUN25.SPD;FUTURES_SPREAD;BLOCK;EUR;111;0.15000000;1241;EXCHANGE_LAST;;1;1;XEUR;72060338522030172;639;
28.02.2025;12:50:39.818;FBTS SI 20250606 PS;SIMPLE_INSTRUMENT;BLOCK;EUR;111;107.52000000;1241;PRC_DECOMP_MEMBER;;;;XEUR;11820367;639;MEMBER
28.02.2025;12:50:39.818;FBTS SI 20250306 PS;SIMPLE_INSTRUMENT;BLOCK;EUR;111;107.67000000;1241;PRC_DECOMP_MEMBER;;;;XEUR;11286677;639;MEMBER
28.02.2025;12:59:37.755;FBTS SI 20250606 PS;SIMPLE_INSTRUMENT;EFP_FIN;EUR;116;107.50000000;952;EXCHANGE_LAST;;1;1;XEUR;11820367;639;
28.02.2025;13:08:26.054;FBTS.S.MAR25.JUN25.SPD;FUTURES_SPREAD;BLOCK;EUR;117;0.16000000;1000;EXCHANGE_LAST;;1;1;XEUR;72060338522030172;639;
28.02.2025;13:08:26.054;FBTS SI 20250606 PS;SIMPLE_INSTRUMENT;BLOCK;EUR;117;107.49000000;1000;PRC_DECOMP_EXCHANGE;;;;XEUR;11820367;639;EXCHANGE
28.02.2025;13:08:26.054;FBTS SI 20250306 PS;SIMPLE_INSTRUMENT;BLOCK;EUR;117;107.65000000;1000;PRC_DECOMP_EXCHANGE;;;;XEUR;11286677;639;EXCHANGE
28.02.2025;13:08:39.926;FBTS.S.MAR25.JUN25.SPD;FUTURES_SPREAD;BLOCK;EUR;118;0.15000000;1000;EXCHANGE_LAST;;1;1;XEUR;72060338522030172;639;
28.02.2025;13:08:39.926;FBTS SI 20250606 PS;SIMPLE_INSTRUMENT;BLOCK;EUR;118;107.49000000;1000;PRC_DECOMP_EXCHANGE;;;;XEUR;11820367;639;EXCHANGE
28.02.2025;13:08:39.926;FBTS SI 20250306 PS;SIMPLE_INSTRUMENT;BLOCK;EUR;118;107.64000000;1000;PRC_DECOMP_EXCHANGE;;;;XEUR;11286677;639;EXCHANGE
28.02.2025;13:09:17.188;FBTS.S.MAR25.JUN25.SPD;FUTURES_SPREAD;BLOCK;EUR;119;0.15000000;1010;EXCHANGE_LAST;;1;1;XEUR;72060338522030172;639;
28.02.2025;13:09:17.188;FBTS SI 20250306 PS;SIMPLE_INSTRUMENT;BLOCK;EUR;119;107.64000000;1010;PRC_DECOMP_EXCHANGE;;;;XEUR;11286677;639;EXCHANGE
28.02.2025;13:09:17.188;FBTS SI 20250606 PS;SIMPLE_INSTRUMENT;BLOCK;EUR;119;107.49000000;1010;PRC_DECOMP_EXCHANGE;;;;XEUR;11820367;639;EXCHANGE
28.02.2025;13:09:25.760;FBTS.S.MAR25.JUN25.SPD;FUTURES_SPREAD;BLOCK;EUR;120;0.16000000;1009;EXCHANGE_LAST;;1;1;XEUR;72060338522030172;639;
28.02.2025;13:09:25.760;FBTS SI 20250306 PS;SIMPLE_INSTRUMENT;BLOCK;EUR;120;107.65000000;1009;PRC_DECOMP_EXCHANGE;;;;XEUR;11286677;639;EXCHANGE
28.02.2025;13:09:25.760;FBTS SI 20250606 PS;SIMPLE_INSTRUMENT;BLOCK;EUR;120;107.49000000;1009;PRC_DECOMP_EXCHANGE;;;;XEUR;11820367;639;EXCHANGE
28.02.2025;13:12:22.307;FBTS SI 20250306 PS;SIMPLE_INSTRUMENT;EFP_FIN;EUR;122;107.67000000;453;EXCHANGE_LAST;;1;1;XEUR;11286677;639;
28.02.2025;13:23:21.460;FBTS SI 20250306 PS;SIMPLE_INSTRUMENT;BLOCK;EUR;124;107.67000000;476;EXCHANGE_LAST;;1;1;XEUR;11286677;639;
28.02.2025;13:23:50.302;FBTS SI 20250606 PS;SIMPLE_INSTRUMENT;BLOCK;EUR;125;107.51000000;238;EXCHANGE_LAST;;1;1;XEUR;11820367;639;
28.02.2025;13:24:00.171;FBTS SI 20250606 PS;SIMPLE_INSTRUMENT;BLOCK;EUR;126;107.52000000;238;EXCHANGE_LAST;;1;1;XEUR;11820367;639;
28.02.2025;13:24:48.952;FBTS SI 20250606 PS;SIMPLE_INSTRUMENT;EFP_FIN;EUR;127;107.51000000;1428;EXCHANGE_LAST;;1;1;XEUR;11820367;639;
28.02.2025;13:26:45.483;FBTS SI 20250306 PS;SIMPLE_INSTRUMENT;BLOCK;EUR;129;107.64000000;635;EXCHANGE_LAST;;1;1;XEUR;11286677;639;
28.02.2025;13:27:25.819;FBTS.S.MAR25.JUN25.SPD;FUTURES_SPREAD;BLOCK;EUR;130;0.16000000;517;EXCHANGE_LAST;;1;1;XEUR;72060338522030172;639;
28.02.2025;13:27:25.819;FBTS SI 20250306 PS;SIMPLE_INSTRUMENT;BLOCK;EUR;130;107.64000000;517;PRC_DECOMP_MEMBER;;;;XEUR;11286677;639;MEMBER
28.02.2025;13:27:25.819;FBTS SI 20250606 PS;SIMPLE_INSTRUMENT;BLOCK;EUR;130;107.48000000;517;PRC_DECOMP_MEMBER;;;;XEUR;11820367;639;MEMBER
28.02.2025;13:27:36.412;FBTS.S.MAR25.JUN25.SPD;FUTURES_SPREAD;BLOCK;EUR;131;0.15000000;516;EXCHANGE_LAST;;1;1;XEUR;72060338522030172;639;
28.02.2025;13:27:36.412;FBTS SI 20250306 PS;SIMPLE_INSTRUMENT;BLOCK;EUR;131;107.64000000;516;PRC_DECOMP_MEMBER;;;;XEUR;11286677;639;MEMBER
28.02.2025;13:27:36.412;FBTS SI 20250606 PS;SIMPLE_INSTRUMENT;BLOCK;EUR;131;107.49000000;516;PRC_DECOMP_MEMBER;;;;XEUR;11820367;639;MEMBER
28.02.2025;13:31:38.290;FBTS.S.MAR25.JUN25.SPD;FUTURES_SPREAD;BLOCK;EUR;132;0.16000000;153;EXCHANGE_LAST;;1;1;XEUR;72060338522030172;639;
28.02.2025;13:31:38.290;FBTS SI 20250306 PS;SIMPLE_INSTRUMENT;BLOCK;EUR;132;107.64000000;153;PRC_DECOMP_MEMBER;;;;XEUR;11286677;639;MEMBER
28.02.2025;13:31:38.290;FBTS SI 20250606 PS;SIMPLE_INSTRUMENT;BLOCK;EUR;132;107.48000000;153;PRC_DECOMP_MEMBER;;;;XEUR;11820367;639;MEMBER
28.02.2025;13:31:55.307;FBTS.S.MAR25.JUN25.SPD;FUTURES_SPREAD;BLOCK;EUR;133;0.15000000;153;EXCHANGE_LAST;;1;1;XEUR;72060338522030172;639;
28.02.2025;13:31:55.307;FBTS SI 20250606 PS;SIMPLE_INSTRUMENT;BLOCK;EUR;133;107.49000000;153;PRC_DECOMP_MEMBER;;;;XEUR;11820367;639;MEMBER
28.02.2025;13:31:55.307;FBTS SI 20250306 PS;SIMPLE_INSTRUMENT;BLOCK;EUR;133;107.64000000;153;PRC_DECOMP_MEMBER;;;;XEUR;11286677;639;MEMBER
28.02.2025;13:34:01.508;FBTS SI 20250306 PS;SIMPLE_INSTRUMENT;EFP_FIN;EUR;134;107.64000000;908;EXCHANGE_LAST;;1;1;XEUR;11286677;639;
28.02.2025;14:05:35.890;FBTS SI 20250306 PS;SIMPLE_INSTRUMENT;BLOCK;EUR;138;107.65000000;750;EXCHANGE_LAST;;1;1;XEUR;11286677;639;
28.02.2025;14:06:28.476;FBTS SI 20250606 PS;SIMPLE_INSTRUMENT;BLOCK;EUR;139;107.49000000;375;EXCHANGE_LAST;;1;1;XEUR;11820367;639;
28.02.2025;14:06:37.182;FBTS SI 20250606 PS;SIMPLE_INSTRUMENT;BLOCK;EUR;140;107.50000000;375;EXCHANGE_LAST;;1;1;XEUR;11820367;639;
28.02.2025;14:25:13.832;FBTS SI 20250306 PS;SIMPLE_INSTRUMENT;BLOCK;EUR;145;107.66000000;908;EXCHANGE_LAST;;1;1;XEUR;11286677;639;
28.02.2025;15:03:02.650;FBTS SI 20250306 PS;SIMPLE_INSTRUMENT;BLOCK;EUR;157;107.66000000;1639;EXCHANGE_LAST;;1;1;XEUR;11286677;639;
28.02.2025;15:03:48.276;FBTS SI 20250306 PS;SIMPLE_INSTRUMENT;BLOCK;EUR;158;107.65000000;445;EXCHANGE_LAST;;1;1;XEUR;11286677;639;
28.02.2025;15:45:13.701;FBTS SI 20250306 PS;SIMPLE_INSTRUMENT;BLOCK;EUR;175;107.64000000;2322;EXCHANGE_LAST;;1;1;XEUR;11286677;639;
28.02.2025;15:45:19.802;FBTS SI 20250606 PS;SIMPLE_INSTRUMENT;BLOCK;EUR;176;107.48000000;1161;EXCHANGE_LAST;;1;1;XEUR;11820367;639;
28.02.2025;15:45:27.262;FBTS SI 20250606 PS;SIMPLE_INSTRUMENT;BLOCK;EUR;177;107.49000000;1161;EXCHANGE_LAST;;1;1;XEUR;11820367;639;
28.02.2025;15:58:17.363;FBTS SI 20250306 PS;SIMPLE_INSTRUMENT;BLOCK;EUR;181;107.65000000;2021;EXCHANGE_LAST;;1;1;XEUR;11286677;639;
28.02.2025;08:35:44.541;FCMU SI 20250317 CS;SIMPLE_INSTRUMENT;BLOCK;USD;1;0.04879000;400;EXCHANGE_LAST;;1;1;XEUR;11329545;570874;
28.02.2025;16:16:24.095;FCNS SI 20250317 PS;SIMPLE_INSTRUMENT;EFP_IDX;SEK;4;0.95387000;98;EXCHANGE_LAST;;1;1;XEUR;9136391;402911;
28.02.2025;16:16:24.648;FCNS SI 20250317 PS;SIMPLE_INSTRUMENT;EFP_IDX;SEK;5;0.95388000;27;EXCHANGE_LAST;;1;1;XEUR;9136391;402911;
28.02.2025;18:37:42.593;FCNS SI 20250317 PS;SIMPLE_INSTRUMENT;EFP_IDX;SEK;6;0.95376000;18;EXCHANGE_LAST;;1;1;XEUR;9136391;402911;
28.02.2025;18:37:43.145;FCNS SI 20250317 PS;SIMPLE_INSTRUMENT;EFP_IDX;SEK;7;0.95377000;2;EXCHANGE_LAST;;1;1;XEUR;9136391;402911;
28.02.2025;08:56:49.738;FCZU SI 20250317 CS;SIMPLE_INSTRUMENT;BLOCK;USD;2;0.05399000;145;EXCHANGE_LAST;;1;1;XEUR;11329546;570872;
28.02.2025;10:51:14.154;FCZU SI 20250317 CS;SIMPLE_INSTRUMENT;BLOCK;USD;3;0.05409000;150;EXCHANGE_LAST;;1;1;XEUR;11329546;570872;
28.02.2025;17:08:50.553;FDAX SI 20250321 CS;SIMPLE_INSTRUMENT;EFP_IDX;EUR;1;22589.00000000;26;EXCHANGE_LAST;;1;1;XEUR;7561255;589;
28.02.2025;17:09:07.204;FDAX SI 20250321 CS;SIMPLE_INSTRUMENT;EFP_IDX;EUR;2;22587.00000000;50;EXCHANGE_LAST;;1;1;XEUR;7561255;589;
28.02.2025;08:30:37.151;FDAX SI 20250321 CS;SIMPLE_INSTRUMENT;VOLA;EUR;671088642;22415.00000000;35;EXCHANGE_LAST;;1;1;XEUR;7561255;589;
28.02.2025;13:32:28.866;FDAX SI 20250321 CS;SIMPLE_INSTRUMENT;VOLA;EUR;671088647;22460.00000000;6;EXCHANGE_LAST;;1;1;XEUR;7561255;589;
28.02.2025;15:57:48.755;FDAX SI 20250321 CS;SIMPLE_INSTRUMENT;VOLA;EUR;671088661;22540.00000000;5;EXCHANGE_LAST;;1;1;XEUR;7561255;589;
28.02.2025;08:29:56.465;FEBD SI 20271217 CS;SIMPLE_INSTRUMENT;BLOCK;EUR;1;9.74000000;1000;EXCHANGE_LAST;;1;1;XEUR;7776307;597;
28.02.2025;08:29:58.921;FEBD SI 20261218 CS;SIMPLE_INSTRUMENT;BLOCK;EUR;2;10.45000000;1000;EXCHANGE_LAST;;1;1;XEUR;7158212;597;
28.02.2025;09:31:02.092;FEBD SI 20261218 CS;SIMPLE_INSTRUMENT;BLOCK;EUR;3;10.45000000;2000;EXCHANGE_LAST;;1;1;XEUR;7158212;597;
28.02.2025;10:21:27.174;FEBD SI 20281215 CS;SIMPLE_INSTRUMENT;BLOCK;EUR;6;8.98000000;500;EXCHANGE_LAST;;1;1;XEUR;7776305;597;
28.02.2025;15:04:38.136;FEBD SI 20261218 CS;SIMPLE_INSTRUMENT;BLOCK;EUR;13;10.44000000;1000;EXCHANGE_LAST;;1;1;XEUR;7158212;597;
28.02.2025;14:36:20.727;FES1 SI 20250321 PS;SIMPLE_INSTRUMENT;BLOCK;EUR;11;5.30000000;2091;EXCHANGE_LAST;;1;1;XEUR;11391470;58959;
28.02.2025;16:19:44.946;FES1 SI 20250321 PS;SIMPLE_INSTRUMENT;BLOCK;EUR;15;5.30000000;400;EXCHANGE_LAST;;1;1;XEUR;11391470;58959;
28.02.2025;13:02:39.262;FESB SI 20250321 CS;SIMPLE_INSTRUMENT;BLOCK;EUR;57;182.50000000;5000;EXCHANGE_LAST;;1;1;XEUR;11359072;605;
28.02.2025;16:52:31.929;FESB SI 20250321 CS;SIMPLE_INSTRUMENT;EFP_IDX;EUR;66;183.85000000;500;EXCHANGE_LAST;;1;1;XEUR;11359072;605;
28.02.2025;16:59:00.898;FESB SI 20250321 CS;SIMPLE_INSTRUMENT;EFP_IDX;EUR;74;183.80000000;153;EXCHANGE_LAST;;1;1;XEUR;11359072;605;
28.02.2025;16:59:05.724;FESB SI 20250321 CS;SIMPLE_INSTRUMENT;EFP_IDX;EUR;76;183.85000000;612;EXCHANGE_LAST;;1;1;XEUR;11359072;605;
28.02.2025;16:57:32.486;FESU SI 20250321 CS;SIMPLE_INSTRUMENT;EFP_IDX;EUR;5;400.20000000;220;EXCHANGE_LAST;;1;1;XEUR;11359368;673;
28.02.2025;16:57:40.316;FESU SI 20250321 CS;SIMPLE_INSTRUMENT;EFP_IDX;EUR;6;400.30000000;1980;EXCHANGE_LAST;;1;1;XEUR;11359368;673;
28.02.2025;10:09:21.047;FESX SI 20250321 CS;SIMPLE_INSTRUMENT;BLOCK;EUR;1;5450.00000000;2000;EXCHANGE_LAST;;1;1;XEUR;7793482;675;
28.02.2025;14:08:27.859;FESX SI 20250321 CS;SIMPLE_INSTRUMENT;BLOCK;EUR;2;5440.00000000;2000;EXCHANGE_LAST;;1;1;XEUR;7793482;675;
28.02.2025;14:49:31.156;FESX SI 20250321 CS;SIMPLE_INSTRUMENT;BLOCK;EUR;3;5442.00000000;2740;EXCHANGE_LAST;;1;1;XEUR;7793482;675;
28.02.2025;14:49:42.364;FESX SI 20250321 CS;SIMPLE_INSTRUMENT;BLOCK;EUR;4;5443.00000000;2267;EXCHANGE_LAST;;1;1;XEUR;7793482;675;
28.02.2025;16:41:28.575;FESX SI 20250321 CS;SIMPLE_INSTRUMENT;EFP_IDX;EUR;5;5469.00000000;96;EXCHANGE_LAST;;1;1;XEUR;7793482;675;
28.02.2025;16:41:23.015;FESX SI 20250321 CS;SIMPLE_INSTRUMENT;EFP_IDX;EUR;6;5470.00000000;4;EXCHANGE_LAST;;1;1;XEUR;7793482;675;
28.02.2025;16:42:41.917;FESX SI 20250321 CS;SIMPLE_INSTRUMENT;EFP_IDX;EUR;7;5469.00000000;768;EXCHANGE_LAST;;1;1;XEUR;7793482;675;
28.02.2025;16:42:52.993;FESX SI 20250321 CS;SIMPLE_INSTRUMENT;EFP_IDX;EUR;8;5470.00000000;32;EXCHANGE_LAST;;1;1;XEUR;7793482;675;
28.02.2025;16:46:12.417;FESX SI 20250321 CS;SIMPLE_INSTRUMENT;EFP_IDX;EUR;9;5469.00000000;157;EXCHANGE_LAST;;1;1;XEUR;7793482;675;
28.02.2025;16:51:30.345;FESX SI 20250321 CS;SIMPLE_INSTRUMENT;EFP_IDX;EUR;10;5468.00000000;85;EXCHANGE_LAST;;1;1;XEUR;7793482;675;
28.02.2025;16:47:50.431;FESX SI 20250321 CS;SIMPLE_INSTRUMENT;EFP_IDX;EUR;11;5468.00000000;110;EXCHANGE_LAST;;1;1;XEUR;7793482;675;
28.02.2025;16:46:23.888;FESX SI 20250321 CS;SIMPLE_INSTRUMENT;EFP_IDX;EUR;12;5469.00000000;114;EXCHANGE_LAST;;1;1;XEUR;7793482;675;
28.02.2025;16:51:38.642;FESX SI 20250321 CS;SIMPLE_INSTRUMENT;EFP_IDX;EUR;13;5469.00000000;915;EXCHANGE_LAST;;1;1;XEUR;7793482;675;
28.02.2025;16:46:40.746;FESX SI 20250321 CS;SIMPLE_INSTRUMENT;EFP_IDX;EUR;14;5468.00000000;29;EXCHANGE_LAST;;1;1;XEUR;7793482;675;
28.02.2025;16:48:57.329;FESX SI 20250321 CS;SIMPLE_INSTRUMENT;EFP_IDX;EUR;15;5469.00000000;245;EXCHANGE_LAST;;1;1;XEUR;7793482;675;
28.02.2025;16:47:25.421;FESX SI 20250321 CS;SIMPLE_INSTRUMENT;EFP_IDX;EUR;16;5468.00000000;39;EXCHANGE_LAST;;1;1;XEUR;7793482;675;
28.02.2025;16:51:11.821;FESX SI 20250321 CS;SIMPLE_INSTRUMENT;EFP_IDX;EUR;17;5468.00000000;128;EXCHANGE_LAST;;1;1;XEUR;7793482;675;
28.02.2025;16:50:39.367;FESX SI 20250321 CS;SIMPLE_INSTRUMENT;EFP_IDX;EUR;18;5469.00000000;1372;EXCHANGE_LAST;;1;1;XEUR;7793482;675;
28.02.2025;16:48:35.290;FESX SI 20250321 CS;SIMPLE_INSTRUMENT;EFP_IDX;EUR;19;5468.00000000;111;EXCHANGE_LAST;;1;1;XEUR;7793482;675;
28.02.2025;16:48:44.594;FESX SI 20250321 CS;SIMPLE_INSTRUMENT;EFP_IDX;EUR;20;5469.00000000;1189;EXCHANGE_LAST;;1;1;XEUR;7793482;675;
28.02.2025;16:51:45.176;FESX SI 20250321 CS;SIMPLE_INSTRUMENT;EFP_IDX;EUR;21;5468.00000000;340;EXCHANGE_LAST;;1;1;XEUR;7793482;675;
28.02.2025;16:56:44.667;FESX SI 20250321 CS;SIMPLE_INSTRUMENT;EFP_IDX;EUR;22;5468.00000000;425;EXCHANGE_LAST;;1;1;XEUR;7793482;675;
28.02.2025;16:56:53.784;FESX SI 20250321 CS;SIMPLE_INSTRUMENT;EFP_IDX;EUR;23;5469.00000000;4575;EXCHANGE_LAST;;1;1;XEUR;7793482;675;
28.02.2025;16:51:51.924;FESX SI 20250321 CS;SIMPLE_INSTRUMENT;EFP_IDX;EUR;24;5469.00000000;3660;EXCHANGE_LAST;;1;1;XEUR;7793482;675;
28.02.2025;16:49:31.346;FESX SI 20250321 CS;SIMPLE_INSTRUMENT;EFP_IDX;EUR;25;5468.00000000;46;EXCHANGE_LAST;;1;1;XEUR;7793482;675;
28.02.2025;16:49:36.920;FESX SI 20250321 CS;SIMPLE_INSTRUMENT;EFP_IDX;EUR;26;5469.00000000;494;EXCHANGE_LAST;;1;1;XEUR;7793482;675;
28.02.2025;16:49:39.363;FESX SI 20250321 CS;SIMPLE_INSTRUMENT;EFP_IDX;EUR;27;5468.00000000;83;EXCHANGE_LAST;;1;1;XEUR;7793482;675;
28.02.2025;16:49:57.699;FESX SI 20250321 CS;SIMPLE_INSTRUMENT;EFP_IDX;EUR;28;5469.00000000;896;EXCHANGE_LAST;;1;1;XEUR;7793482;675;
28.02.2025;16:49:54.452;FESX SI 20250321 CS;SIMPLE_INSTRUMENT;EFP_IDX;EUR;29;5468.00000000;34;EXCHANGE_LAST;;1;1;XEUR;7793482;675;
28.02.2025;16:49:59.332;FESX SI 20250321 CS;SIMPLE_INSTRUMENT;EFP_IDX;EUR;30;5469.00000000;366;EXCHANGE_LAST;;1;1;XEUR;7793482;675;
28.02.2025;16:59:09.292;FESX SI 20250321 CS;SIMPLE_INSTRUMENT;EFP_IDX;EUR;31;5468.00000000;42;EXCHANGE_LAST;;1;1;XEUR;7793482;675;
28.02.2025;17:00:14.333;FESX SI 20250321 CS;SIMPLE_INSTRUMENT;EFP_IDX;EUR;32;5469.00000000;458;EXCHANGE_LAST;;1;1;XEUR;7793482;675;
28.02.2025;16:52:34.146;FESX SI 20250321 CS;SIMPLE_INSTRUMENT;EFP_IDX;EUR;35;5468.00000000;34;EXCHANGE_LAST;;1;1;XEUR;7793482;675;
28.02.2025;16:52:53.446;FESX SI 20250321 CS;SIMPLE_INSTRUMENT;EFP_IDX;EUR;36;5469.00000000;366;EXCHANGE_LAST;;1;1;XEUR;7793482;675;
28.02.2025;16:53:52.583;FESX SI 20250321 CS;SIMPLE_INSTRUMENT;EFP_IDX;EUR;37;5468.00000000;112;EXCHANGE_LAST;;1;1;XEUR;7793482;675;
28.02.2025;16:53:53.853;FESX SI 20250321 CS;SIMPLE_INSTRUMENT;EFP_IDX;EUR;38;5469.00000000;588;EXCHANGE_LAST;;1;1;XEUR;7793482;675;
28.02.2025;16:54:39.660;FESX SI 20250321 CS;SIMPLE_INSTRUMENT;EFP_IDX;EUR;39;5468.00000000;17;EXCHANGE_LAST;;1;1;XEUR;7793482;675;
28.02.2025;16:54:54.110;FESX SI 20250321 CS;SIMPLE_INSTRUMENT;EFP_IDX;EUR;40;5469.00000000;183;EXCHANGE_LAST;;1;1;XEUR;7793482;675;
28.02.2025;16:58:54.954;FESX SI 20250321 CS;SIMPLE_INSTRUMENT;EFP_IDX;EUR;41;5468.00000000;187;EXCHANGE_LAST;;1;1;XEUR;7793482;675;
28.02.2025;16:58:39.187;FESX SI 20250321 CS;SIMPLE_INSTRUMENT;EFP_IDX;EUR;42;5469.00000000;2013;EXCHANGE_LAST;;1;1;XEUR;7793482;675;
28.02.2025;16:55:57.891;FESX SI 20250321 CS;SIMPLE_INSTRUMENT;EFP_IDX;EUR;43;5468.00000000;48;EXCHANGE_LAST;;1;1;XEUR;7793482;675;
28.02.2025;16:56:09.723;FESX SI 20250321 CS;SIMPLE_INSTRUMENT;EFP_IDX;EUR;44;5469.00000000;182;EXCHANGE_LAST;;1;1;XEUR;7793482;675;
28.02.2025;16:58:17.451;FESX SI 20250321 CS;SIMPLE_INSTRUMENT;EFP_IDX;EUR;46;5470.00000000;638;EXCHANGE_LAST;;1;1;XEUR;7793482;675;
28.02.2025;16:58:08.450;FESX SI 20250321 CS;SIMPLE_INSTRUMENT;EFP_IDX;EUR;47;5468.00000000;881;EXCHANGE_LAST;;1;1;XEUR;7793482;675;
28.02.2025;16:58:49.737;FESX SI 20250321 CS;SIMPLE_INSTRUMENT;EFP_IDX;EUR;48;5468.00000000;313;EXCHANGE_LAST;;1;1;XEUR;7793482;675;
28.02.2025;16:59:00.216;FESX SI 20250321 CS;SIMPLE_INSTRUMENT;EFP_IDX;EUR;49;5469.00000000;383;EXCHANGE_LAST;;1;1;XEUR;7793482;675;
28.02.2025;17:01:38.461;FESX SI 20250321 CS;SIMPLE_INSTRUMENT;EFP_IDX;EUR;50;5468.00000000;1059;EXCHANGE_LAST;;1;1;XEUR;7793482;675;
28.02.2025;17:01:25.460;FESX SI 20250321 CS;SIMPLE_INSTRUMENT;EFP_IDX;EUR;51;5469.00000000;1244;EXCHANGE_LAST;;1;1;XEUR;7793482;675;
28.02.2025;17:03:40.314;FESX SI 20250321 CS;SIMPLE_INSTRUMENT;EFP_IDX;EUR;52;5468.00000000;43;EXCHANGE_LAST;;1;1;XEUR;7793482;675;
28.02.2025;17:03:32.229;FESX SI 20250321 CS;SIMPLE_INSTRUMENT;EFP_IDX;EUR;53;5469.00000000;457;EXCHANGE_LAST;;1;1;XEUR;7793482;675;
28.02.2025;08:45:54.579;FESX SI 20250321 CS;SIMPLE_INSTRUMENT;VOLA;EUR;637534221;5455.00000000;10;EXCHANGE_LAST;;1;1;XEUR;7793482;675;
28.02.2025;08:51:42.182;FESX SI 20250321 CS;SIMPLE_INSTRUMENT;VOLA;EUR;637534227;5455.00000000;18;EXCHANGE_LAST;;1;1;XEUR;7793482;675;
28.02.2025;09:16:32.692;FESX SI 20250321 CS;SIMPLE_INSTRUMENT;VOLA;EUR;637534241;5440.00000000;10;EXCHANGE_LAST;;1;1;XEUR;7793482;675;
28.02.2025;09:31:03.101;FESX SI 20250321 CS;SIMPLE_INSTRUMENT;VOLA;EUR;637534248;5448.00000000;256;EXCHANGE_LAST;;1;1;XEUR;7793482;675;
28.02.2025;09:47:45.967;FESX SI 20250321 CS;SIMPLE_INSTRUMENT;VOLA;EUR;637534255;5447.00000000;199;EXCHANGE_LAST;;1;1;XEUR;7793482;675;
28.02.2025;09:48:26.593;FESX SI 20250321 CS;SIMPLE_INSTRUMENT;VOLA;EUR;637534256;5447.00000000;198;EXCHANGE_LAST;;1;1;XEUR;7793482;675;
28.02.2025;10:50:58.627;FESX SI 20250321 CS;SIMPLE_INSTRUMENT;VOLA;EUR;637534290;5445.00000000;156;EXCHANGE_LAST;;1;1;XEUR;7793482;675;
28.02.2025;10:52:17.256;FESX SI 20250321 CS;SIMPLE_INSTRUMENT;VOLA;EUR;637534291;5450.00000000;80;EXCHANGE_LAST;;1;1;XEUR;7793482;675;
28.02.2025;12:20:14.148;FESX SI 20250620 CS;SIMPLE_INSTRUMENT;VOLA;EUR;637534313;5370.00000000;10;EXCHANGE_LAST;;1;1;XEUR;7904020;675;
28.02.2025;12:27:28.489;FESX SI 20250620 CS;SIMPLE_INSTRUMENT;VOLA;EUR;637534317;5370.00000000;20;EXCHANGE_LAST;;1;1;XEUR;7904020;675;
28.02.2025;14:07:20.819;FESX SI 20250321 CS;SIMPLE_INSTRUMENT;VOLA;EUR;637534343;5442.00000000;550;EXCHANGE_LAST;;1;1;XEUR;7793482;675;
28.02.2025;14:26:39.896;FESX SI 20250321 CS;SIMPLE_INSTRUMENT;VOLA;EUR;637534347;5450.00000000;15;EXCHANGE_LAST;;1;1;XEUR;7793482;675;
28.02.2025;14:55:26.115;FESX SI 20250321 CS;SIMPLE_INSTRUMENT;VOLA;EUR;637534358;5440.00000000;554;EXCHANGE_LAST;;1;1;XEUR;7793482;675;
28.02.2025;16:07:47.250;FESX SI 20250321 CS;SIMPLE_INSTRUMENT;VOLA;EUR;637534392;5460.00000000;914;EXCHANGE_LAST;;1;1;XEUR;7793482;675;
28.02.2025;16:13:59.296;FESX SI 20250321 CS;SIMPLE_INSTRUMENT;VOLA;EUR;637534397;5464.00000000;914;EXCHANGE_LAST;;1;1;XEUR;7793482;675;
28.02.2025;16:29:30.768;FESX SI 20250321 CS;SIMPLE_INSTRUMENT;VOLA;EUR;637534403;5461.00000000;914;EXCHANGE_LAST;;1;1;XEUR;7793482;675;
28.02.2025;16:44:23.182;FESX SI 20250321 CS;SIMPLE_INSTRUMENT;VOLA;EUR;637534412;5462.00000000;600;EXCHANGE_LAST;;1;1;XEUR;7793482;675;
28.02.2025;10:27:46.324;FEXD SI 20271217 CS;SIMPLE_INSTRUMENT;BLOCK;EUR;7;152.80000000;150;EXCHANGE_LAST;;1;1;XEUR;2848338;693;
28.02.2025;10:30:31.597;FEXD SI 20281215 CS;SIMPLE_INSTRUMENT;BLOCK;EUR;8;148.30000000;150;EXCHANGE_LAST;;1;1;XEUR;3680985;693;
28.02.2025;12:10:52.274;FEXD SI 20261218 CS;SIMPLE_INSTRUMENT;BLOCK;EUR;9;158.50000000;150;EXCHANGE_LAST;;1;1;XEUR;2163053;693;
28.02.2025;12:10:56.129;FEXD SI 20261218 CS;SIMPLE_INSTRUMENT;BLOCK;EUR;10;158.40000000;150;EXCHANGE_LAST;;1;1;XEUR;2163053;693;
28.02.2025;14:36:51.004;FEXD SI 20261218 CS;SIMPLE_INSTRUMENT;BLOCK;EUR;12;158.40000000;300;EXCHANGE_LAST;;1;1;XEUR;2163053;693;
28.02.2025;15:57:08.022;FEXD SI 20261218 CS;SIMPLE_INSTRUMENT;BLOCK;EUR;14;158.00000000;300;EXCHANGE_LAST;;1;1;XEUR;2163053;693;
28.02.2025;16:36:19.478;FEXD SI 20261218 CS;SIMPLE_INSTRUMENT;BLOCK;EUR;16;158.00000000;750;EXCHANGE_LAST;;1;1;XEUR;2163053;693;
28.02.2025;16:06:25.138;FEXD SI 20261218 CS;SIMPLE_INSTRUMENT;VOLA;EUR;301989908;158.00000000;10;EXCHANGE_LAST;;1;1;XEUR;2163053;693;
28.02.2025;16:54:24.970;FFOX SI 20250321 CS;SIMPLE_INSTRUMENT;BLOCK;EUR;4;4654.30000000;500;EXCHANGE_LAST;;1;1;XEUR;11338030;695;
28.02.2025;07:25:51.349;FGBL SI 20250306 PS;SIMPLE_INSTRUMENT;EFS;EUR;1;133.12000000;418;EXCHANGE_LAST;;1;1;XEUR;11286679;688;
28.02.2025;07:44:48.943;FGBL SI 20250306 PS;SIMPLE_INSTRUMENT;EFS;EUR;2;133.33000000;417;EXCHANGE_LAST;;1;1;XEUR;11286679;688;
28.02.2025;07:45:09.004;FGBL SI 20250306 PS;SIMPLE_INSTRUMENT;EFS;EUR;3;133.33000000;417;EXCHANGE_LAST;;1;1;XEUR;11286679;688;
28.02.2025;07:53:39.850;FGBL SI 20250306 PS;SIMPLE_INSTRUMENT;EFS;EUR;4;133.36000000;625;EXCHANGE_LAST;;1;1;XEUR;11286679;688;
28.02.2025;07:56:13.628;FGBL SI 20250306 PS;SIMPLE_INSTRUMENT;EFS;EUR;5;133.36000000;417;EXCHANGE_LAST;;1;1;XEUR;11286679;688;
28.02.2025;07:56:57.907;FGBL SI 20250306 PS;SIMPLE_INSTRUMENT;EFS;EUR;6;133.36000000;208;EXCHANGE_LAST;;1;1;XEUR;11286679;688;
28.02.2025;07:57:45.363;FGBL SI 20250306 PS;SIMPLE_INSTRUMENT;EFS;EUR;7;133.33000000;417;EXCHANGE_LAST;;1;1;XEUR;11286679;688;
28.02.2025;07:58:56.473;FGBL SI 20250306 PS;SIMPLE_INSTRUMENT;EFS;EUR;8;133.36000000;625;EXCHANGE_LAST;;1;1;XEUR;11286679;688;
28.02.2025;08:37:17.669;FGBL SI 20250306 PS;SIMPLE_INSTRUMENT;EFS;EUR;9;133.23000000;898;EXCHANGE_LAST;;1;1;XEUR;11286679;688;
28.02.2025;08:41:15.347;FGBL SI 20250306 PS;SIMPLE_INSTRUMENT;EFS;EUR;10;133.23000000;1891;EXCHANGE_LAST;;1;1;XEUR;11286679;688;
28.02.2025;08:41:10.194;FGBL SI 20250606 PS;SIMPLE_INSTRUMENT;EFS;EUR;11;132.33000000;1952;EXCHANGE_LAST;;1;1;XEUR;11820389;688;
28.02.2025;08:43:07.886;FGBL SI 20250306 PS;SIMPLE_INSTRUMENT;EFS;EUR;12;133.35000000;935;EXCHANGE_LAST;;1;1;XEUR;11286679;688;
28.02.2025;08:49:29.476;FGBL SI 20250306 PS;SIMPLE_INSTRUMENT;EFS;EUR;13;133.25000000;245;EXCHANGE_LAST;;1;1;XEUR;11286679;688;
28.02.2025;08:50:01.759;FGBL SI 20250306 PS;SIMPLE_INSTRUMENT;EFP_FIN;EUR;14;133.20000000;935;EXCHANGE_LAST;;1;1;XEUR;11286679;688;
28.02.2025;08:50:54.538;FGBL SI 20250306 PS;SIMPLE_INSTRUMENT;EFS;EUR;15;133.23000000;417;EXCHANGE_LAST;;1;1;XEUR;11286679;688;
28.02.2025;08:53:46.754;FGBL SI 20250306 PS;SIMPLE_INSTRUMENT;EFS;EUR;16;133.25000000;417;EXCHANGE_LAST;;1;1;XEUR;11286679;688;
28.02.2025;08:57:05.800;FGBL SI 20250306 PS;SIMPLE_INSTRUMENT;EFS;EUR;17;133.30000000;417;EXCHANGE_LAST;;1;1;XEUR;11286679;688;
28.02.2025;09:00:53.136;FGBL SI 20250306 PS;SIMPLE_INSTRUMENT;EFS;EUR;18;133.29000000;114;EXCHANGE_LAST;;1;1;XEUR;11286679;688;
28.02.2025;09:00:50.645;FGBL SI 20250306 PS;SIMPLE_INSTRUMENT;EFP_FIN;EUR;19;133.25000000;118;EXCHANGE_LAST;;1;1;XEUR;11286679;688;
28.02.2025;09:06:15.206;FGBL SI 20250306 PS;SIMPLE_INSTRUMENT;EFS;EUR;20;133.29000000;167;EXCHANGE_LAST;;1;1;XEUR;11286679;688;
28.02.2025;09:06:29.462;FGBL SI 20250306 PS;SIMPLE_INSTRUMENT;EFS;EUR;21;133.26000000;355;EXCHANGE_LAST;;1;1;XEUR;11286679;688;
28.02.2025;09:09:08.652;FGBL SI 20250306 PS;SIMPLE_INSTRUMENT;EFS;EUR;22;133.29000000;167;EXCHANGE_LAST;;1;1;XEUR;11286679;688;
28.02.2025;09:13:41.830;FGBL SI 20250306 PS;SIMPLE_INSTRUMENT;EFS;EUR;23;133.16000000;250;EXCHANGE_LAST;;1;1;XEUR;11286679;688;
28.02.2025;09:17:47.020;FGBL SI 20250306 PS;SIMPLE_INSTRUMENT;EFS;EUR;24;133.20000000;936;EXCHANGE_LAST;;1;1;XEUR;11286679;688;
28.02.2025;09:22:01.978;FGBL SI 20250306 PS;SIMPLE_INSTRUMENT;EFS;EUR;25;133.14000000;417;EXCHANGE_LAST;;1;1;XEUR;11286679;688;
28.02.2025;09:23:41.225;FGBL SI 20250306 PS;SIMPLE_INSTRUMENT;EFS;EUR;26;133.14000000;417;EXCHANGE_LAST;;1;1;XEUR;11286679;688;
28.02.2025;09:26:37.889;FGBL SI 20250306 PS;SIMPLE_INSTRUMENT;EFS;EUR;27;133.12000000;209;EXCHANGE_LAST;;1;1;XEUR;11286679;688;
28.02.2025;09:27:12.268;FGBL SI 20250306 PS;SIMPLE_INSTRUMENT;EFS;EUR;28;133.11000000;417;EXCHANGE_LAST;;1;1;XEUR;11286679;688;
28.02.2025;09:36:04.052;FGBL SI 20250306 PS;SIMPLE_INSTRUMENT;EFP_FIN;EUR;29;133.14000000;279;EXCHANGE_LAST;;1;1;XEUR;11286679;688;
28.02.2025;09:36:42.827;FGBL SI 20250606 PS;SIMPLE_INSTRUMENT;EFS;EUR;30;132.26000000;326;EXCHANGE_LAST;;1;1;XEUR;11820389;688;
28.02.2025;09:38:34.091;FGBL SI 20250306 PS;SIMPLE_INSTRUMENT;EFP_FIN;EUR;31;133.26000000;223;EXCHANGE_LAST;;1;1;XEUR;11286679;688;
28.02.2025;09:47:10.724;FGBL SI 20250306 PS;SIMPLE_INSTRUMENT;EFS;EUR;32;133.19000000;417;EXCHANGE_LAST;;1;1;XEUR;11286679;688;
28.02.2025;09:48:10.688;FGBL SI 20250306 PS;SIMPLE_INSTRUMENT;EFS;EUR;33;133.18000000;677;EXCHANGE_LAST;;1;1;XEUR;11286679;688;
28.02.2025;09:50:23.755;FGBL SI 20250606 PS;SIMPLE_INSTRUMENT;EFS;EUR;34;132.29000000;699;EXCHANGE_LAST;;1;1;XEUR;11820389;688;
28.02.2025;09:52:16.163;FGBL SI 20250306 PS;SIMPLE_INSTRUMENT;EFS;EUR;35;133.19000000;417;EXCHANGE_LAST;;1;1;XEUR;11286679;688;
28.02.2025;09:52:39.190;FGBL SI 20250306 PS;SIMPLE_INSTRUMENT;EFS;EUR;36;133.19000000;417;EXCHANGE_LAST;;1;1;XEUR;11286679;688;
28.02.2025;09:54:02.841;FGBL SI 20250306 PS;SIMPLE_INSTRUMENT;EFS;EUR;37;133.19000000;834;EXCHANGE_LAST;;1;1;XEUR;11286679;688;
28.02.2025;09:56:32.246;FGBL SI 20250306 PS;SIMPLE_INSTRUMENT;EFS;EUR;38;133.21000000;834;EXCHANGE_LAST;;1;1;XEUR;11286679;688;
28.02.2025;09:57:21.382;FGBL SI 20250606 PS;SIMPLE_INSTRUMENT;EFS;EUR;39;132.32000000;487;EXCHANGE_LAST;;1;1;XEUR;11820389;688;
28.02.2025;10:02:48.838;FGBL SI 20250306 PS;SIMPLE_INSTRUMENT;EFS;EUR;40;133.20000000;935;EXCHANGE_LAST;;1;1;XEUR;11286679;688;
28.02.2025;10:05:42.573;FGBL SI 20250306 PS;SIMPLE_INSTRUMENT;EFS;EUR;41;133.19000000;835;EXCHANGE_LAST;;1;1;XEUR;11286679;688;
28.02.2025;10:06:02.592;FGBL SI 20250306 PS;SIMPLE_INSTRUMENT;EFS;EUR;42;133.19000000;417;EXCHANGE_LAST;;1;1;XEUR;11286679;688;
28.02.2025;10:06:52.654;FGBL SI 20250306 PS;SIMPLE_INSTRUMENT;EFS;EUR;43;133.19000000;626;EXCHANGE_LAST;;1;1;XEUR;11286679;688;
28.02.2025;10:07:02.663;FGBL SI 20250306 PS;SIMPLE_INSTRUMENT;EFS;EUR;44;133.19000000;418;EXCHANGE_LAST;;1;1;XEUR;11286679;688;
28.02.2025;10:07:07.661;FGBL SI 20250306 PS;SIMPLE_INSTRUMENT;EFS;EUR;45;133.19000000;209;EXCHANGE_LAST;;1;1;XEUR;11286679;688;
28.02.2025;10:08:07.707;FGBL SI 20250306 PS;SIMPLE_INSTRUMENT;EFS;EUR;46;133.28000000;417;EXCHANGE_LAST;;1;1;XEUR;11286679;688;
28.02.2025;10:08:27.823;FGBL SI 20250306 PS;SIMPLE_INSTRUMENT;EFS;EUR;47;133.19000000;225;EXCHANGE_LAST;;1;1;XEUR;11286679;688;
28.02.2025;10:13:01.657;FGBL.S.MAR25.JUN25.SPD;FUTURES_SPREAD;BLOCK;EUR;48;0.90000000;2022;EXCHANGE_LAST;;1;1;XEUR;72060548975427676;688;
28.02.2025;10:13:01.657;FGBL SI 20250606 PS;SIMPLE_INSTRUMENT;BLOCK;EUR;48;132.39000000;2022;PRC_DECOMP_MEMBER;;;;XEUR;11820389;688;MEMBER
28.02.2025;10:13:01.657;FGBL SI 20250306 PS;SIMPLE_INSTRUMENT;BLOCK;EUR;48;133.29000000;2022;PRC_DECOMP_MEMBER;;;;XEUR;11286679;688;MEMBER
28.02.2025;10:13:26.810;FGBL.S.MAR25.JUN25.SPD;FUTURES_SPREAD;BLOCK;EUR;49;0.89000000;2022;EXCHANGE_LAST;;1;1;XEUR;72060548975427676;688;
28.02.2025;10:13:26.810;FGBL SI 20250606 PS;SIMPLE_INSTRUMENT;BLOCK;EUR;49;132.40000000;2022;PRC_DECOMP_MEMBER;;;;XEUR;11820389;688;MEMBER
28.02.2025;10:13:26.810;FGBL SI 20250306 PS;SIMPLE_INSTRUMENT;BLOCK;EUR;49;133.29000000;2022;PRC_DECOMP_MEMBER;;;;XEUR;11286679;688;MEMBER
28.02.2025;10:15:23.001;FGBL SI 20250306 PS;SIMPLE_INSTRUMENT;EFS;EUR;50;133.27000000;417;EXCHANGE_LAST;;1;1;XEUR;11286679;688;
28.02.2025;10:20:23.650;FGBL SI 20250306 PS;SIMPLE_INSTRUMENT;EFS;EUR;51;133.28000000;935;EXCHANGE_LAST;;1;1;XEUR;11286679;688;
28.02.2025;10:21:09.030;FGBL SI 20250606 PS;SIMPLE_INSTRUMENT;EFS;EUR;52;132.38000000;415;EXCHANGE_LAST;;1;1;XEUR;11820389;688;
28.02.2025;10:21:22.194;FGBL SI 20250606 PS;SIMPLE_INSTRUMENT;EFS;EUR;53;132.40000000;966;EXCHANGE_LAST;;1;1;XEUR;11820389;688;
28.02.2025;10:22:03.939;FGBL.S.MAR25.JUN25.SPD;FUTURES_SPREAD;BLOCK;EUR;54;0.89000000;7832;EXCHANGE_LAST;;1;1;XEUR;72060548975427676;688;
28.02.2025;10:22:03.939;FGBL SI 20250606 PS;SIMPLE_INSTRUMENT;BLOCK;EUR;54;132.36000000;7832;PRC_DECOMP_MEMBER;;;;XEUR;11820389;688;MEMBER
28.02.2025;10:22:03.939;FGBL SI 20250306 PS;SIMPLE_INSTRUMENT;BLOCK;EUR;54;133.25000000;7832;PRC_DECOMP_MEMBER;;;;XEUR;11286679;688;MEMBER
28.02.2025;10:22:19.480;FGBL.S.MAR25.JUN25.SPD;FUTURES_SPREAD;BLOCK;EUR;55;0.90000000;7832;EXCHANGE_LAST;;1;1;XEUR;72060548975427676;688;
28.02.2025;10:22:19.480;FGBL SI 20250306 PS;SIMPLE_INSTRUMENT;BLOCK;EUR;55;133.26000000;7832;PRC_DECOMP_MEMBER;;;;XEUR;11286679;688;MEMBER
28.02.2025;10:22:19.480;FGBL SI 20250606 PS;SIMPLE_INSTRUMENT;BLOCK;EUR;55;132.36000000;7832;PRC_DECOMP_MEMBER;;;;XEUR;11820389;688;MEMBER
28.02.2025;10:22:50.825;FGBL SI 20250306 PS;SIMPLE_INSTRUMENT;EFS;EUR;56;133.29000000;1871;EXCHANGE_LAST;;1;1;XEUR;11286679;688;
28.02.2025;10:25:21.832;FGBL SI 20250606 PS;SIMPLE_INSTRUMENT;EFS;EUR;57;132.38000000;1933;EXCHANGE_LAST;;1;1;XEUR;11820389;688;
28.02.2025;10:26:28.988;FGBL SI 20250306 PS;SIMPLE_INSTRUMENT;EFS;EUR;58;133.25000000;417;EXCHANGE_LAST;;1;1;XEUR;11286679;688;
28.02.2025;10:30:25.847;FGBL SI 20250306 PS;SIMPLE_INSTRUMENT;EFS;EUR;59;133.31000000;225;EXCHANGE_LAST;;1;1;XEUR;11286679;688;
28.02.2025;10:32:46.658;FGBL SI 20250606 PS;SIMPLE_INSTRUMENT;EFS;EUR;60;132.31000000;967;EXCHANGE_LAST;;1;1;XEUR;11820389;688;
28.02.2025;10:33:34.117;FGBL SI 20250306 PS;SIMPLE_INSTRUMENT;EFS;EUR;61;133.21000000;936;EXCHANGE_LAST;;1;1;XEUR;11286679;688;
28.02.2025;10:40:26.141;FGBL SI 20250306 PS;SIMPLE_INSTRUMENT;EFP_FIN;EUR;62;133.27000000;168;EXCHANGE_LAST;;1;1;XEUR;11286679;688;
28.02.2025;10:41:52.937;FGBL SI 20250306 PS;SIMPLE_INSTRUMENT;EFS;EUR;63;133.21000000;468;EXCHANGE_LAST;;1;1;XEUR;11286679;688;
28.02.2025;10:42:00.049;FGBL SI 20250306 PS;SIMPLE_INSTRUMENT;EFS;EUR;64;133.19000000;418;EXCHANGE_LAST;;1;1;XEUR;11286679;688;
28.02.2025;10:45:47.159;FGBL SI 20250306 PS;SIMPLE_INSTRUMENT;BLOCK;EUR;65;133.18000000;9000;EXCHANGE_LAST;;1;1;XEUR;11286679;688;
28.02.2025;10:45:55.160;FGBL SI 20250606 PS;SIMPLE_INSTRUMENT;BLOCK;EUR;66;132.28000000;4650;EXCHANGE_LAST;;1;1;XEUR;11820389;688;
28.02.2025;10:46:01.160;FGBL SI 20250606 PS;SIMPLE_INSTRUMENT;BLOCK;EUR;67;132.29000000;4651;EXCHANGE_LAST;;1;1;XEUR;11820389;688;
28.02.2025;10:48:29.230;FGBL SI 20250306 PS;SIMPLE_INSTRUMENT;EFS;EUR;68;133.27000000;1872;EXCHANGE_LAST;;1;1;XEUR;11286679;688;
28.02.2025;10:51:49.842;FGBL.S.MAR25.JUN25.SPD;FUTURES_SPREAD;BLOCK;EUR;69;0.90000000;2000;EXCHANGE_LAST;;1;1;XEUR;72060548975427676;688;
28.02.2025;10:51:49.842;FGBL SI 20250306 PS;SIMPLE_INSTRUMENT;BLOCK;EUR;69;133.15000000;2000;PRC_DECOMP_MEMBER;;;;XEUR;11286679;688;MEMBER
28.02.2025;10:51:49.842;FGBL SI 20250606 PS;SIMPLE_INSTRUMENT;BLOCK;EUR;69;132.25000000;2000;PRC_DECOMP_MEMBER;;;;XEUR;11820389;688;MEMBER
28.02.2025;10:52:01.077;FGBL.S.MAR25.JUN25.SPD;FUTURES_SPREAD;BLOCK;EUR;70;0.89000000;2000;EXCHANGE_LAST;;1;1;XEUR;72060548975427676;688;
28.02.2025;10:52:01.077;FGBL SI 20250306 PS;SIMPLE_INSTRUMENT;BLOCK;EUR;70;133.15000000;2000;PRC_DECOMP_MEMBER;;;;XEUR;11286679;688;MEMBER
28.02.2025;10:52:01.077;FGBL SI 20250606 PS;SIMPLE_INSTRUMENT;BLOCK;EUR;70;132.26000000;2000;PRC_DECOMP_MEMBER;;;;XEUR;11820389;688;MEMBER
28.02.2025;10:54:06.424;FGBL SI 20250306 PS;SIMPLE_INSTRUMENT;EFP_FIN;EUR;71;133.19000000;543;EXCHANGE_LAST;;1;1;XEUR;11286679;688;
28.02.2025;10:53:55.434;FGBL SI 20250306 PS;SIMPLE_INSTRUMENT;EFS;EUR;73;133.16000000;417;EXCHANGE_LAST;;1;1;XEUR;11286679;688;
28.02.2025;10:55:01.544;FGBL SI 20250306 PS;SIMPLE_INSTRUMENT;EFS;EUR;75;133.16000000;835;EXCHANGE_LAST;;1;1;XEUR;11286679;688;
28.02.2025;10:56:11.184;FGBL SI 20250306 PS;SIMPLE_INSTRUMENT;EFS;EUR;76;133.15000000;626;EXCHANGE_LAST;;1;1;XEUR;11286679;688;
28.02.2025;10:58:03.863;FGBL SI 20250306 PS;SIMPLE_INSTRUMENT;EFP_FIN;EUR;78;133.25000000;1151;EXCHANGE_LAST;;1;1;XEUR;11286679;688;
28.02.2025;10:59:30.997;FGBL SI 20250306 PS;SIMPLE_INSTRUMENT;EFS;EUR;80;133.26000000;1872;EXCHANGE_LAST;;1;1;XEUR;11286679;688;
28.02.2025;11:00:47.212;FGBL SI 20250606 PS;SIMPLE_INSTRUMENT;EFS;EUR;81;132.37000000;1872;EXCHANGE_LAST;;1;1;XEUR;11820389;688;
28.02.2025;11:01:11.801;FGBL SI 20250306 PS;SIMPLE_INSTRUMENT;EFS;EUR;82;133.21000000;418;EXCHANGE_LAST;;1;1;XEUR;11286679;688;
28.02.2025;11:01:45.723;FGBL SI 20250306 PS;SIMPLE_INSTRUMENT;EFS;EUR;83;133.20000000;417;EXCHANGE_LAST;;1;1;XEUR;11286679;688;
28.02.2025;11:02:50.828;FGBL SI 20250306 PS;SIMPLE_INSTRUMENT;EFP_FIN;EUR;84;133.16000000;77;EXCHANGE_LAST;;1;1;XEUR;11286679;688;
28.02.2025;11:04:07.452;FGBL SI 20250606 PS;SIMPLE_INSTRUMENT;EFS;EUR;85;132.26000000;1354;EXCHANGE_LAST;;1;1;XEUR;11820389;688;
28.02.2025;11:12:12.299;FGBL SI 20250606 PS;SIMPLE_INSTRUMENT;EFS;EUR;86;132.28000000;678;EXCHANGE_LAST;;1;1;XEUR;11820389;688;
28.02.2025;11:12:50.548;FGBL SI 20250306 PS;SIMPLE_INSTRUMENT;EFS;EUR;87;133.16000000;225;EXCHANGE_LAST;;1;1;XEUR;11286679;688;
28.02.2025;11:14:16.167;FGBL SI 20250606 PS;SIMPLE_INSTRUMENT;EFS;EUR;88;132.27000000;242;EXCHANGE_LAST;;1;1;XEUR;11820389;688;
28.02.2025;11:19:45.717;FGBL SI 20250606 PS;SIMPLE_INSTRUMENT;EFS;EUR;89;132.29000000;693;EXCHANGE_LAST;;1;1;XEUR;11820389;688;
28.02.2025;11:21:23.256;FGBL SI 20250306 PS;SIMPLE_INSTRUMENT;EFS;EUR;90;133.18000000;671;EXCHANGE_LAST;;1;1;XEUR;11286679;688;
28.02.2025;11:41:49.403;FGBL SI 20250306 PS;SIMPLE_INSTRUMENT;EFS;EUR;91;133.17000000;834;EXCHANGE_LAST;;1;1;XEUR;11286679;688;
28.02.2025;11:49:25.577;FGBL SI 20250606 PS;SIMPLE_INSTRUMENT;EFS;EUR;92;132.29000000;186;EXCHANGE_LAST;;1;1;XEUR;11820389;688;
28.02.2025;11:50:47.716;FGBL SI 20250306 PS;SIMPLE_INSTRUMENT;BLOCK;EUR;93;133.20000000;4302;EXCHANGE_LAST;;1;1;XEUR;11286679;688;
28.02.2025;11:50:20.809;FGBL SI 20250306 PS;SIMPLE_INSTRUMENT;EFS;EUR;94;133.18000000;417;EXCHANGE_LAST;;1;1;XEUR;11286679;688;
28.02.2025;11:51:01.405;FGBL SI 20250306 PS;SIMPLE_INSTRUMENT;EFS;EUR;95;133.15000000;1801;EXCHANGE_LAST;;1;1;XEUR;11286679;688;
28.02.2025;11:51:48.653;FGBL SI 20250606 PS;SIMPLE_INSTRUMENT;BLOCK;EUR;96;132.31000000;2151;EXCHANGE_LAST;;1;1;XEUR;11820389;688;
28.02.2025;11:52:00.693;FGBL SI 20250606 PS;SIMPLE_INSTRUMENT;BLOCK;EUR;97;132.30000000;2151;EXCHANGE_LAST;;1;1;XEUR;11820389;688;
28.02.2025;11:52:52.002;FGBL SI 20250306 PS;SIMPLE_INSTRUMENT;EFS;EUR;98;133.18000000;417;EXCHANGE_LAST;;1;1;XEUR;11286679;688;
28.02.2025;11:56:21.431;FGBL SI 20250306 PS;SIMPLE_INSTRUMENT;EFS;EUR;99;133.15000000;209;EXCHANGE_LAST;;1;1;XEUR;11286679;688;
28.02.2025;12:07:49.735;FGBL SI 20250306 PS;SIMPLE_INSTRUMENT;EFS;EUR;100;133.12000000;209;EXCHANGE_LAST;;1;1;XEUR;11286679;688;
28.02.2025;12:09:18.097;FGBL SI 20250306 PS;SIMPLE_INSTRUMENT;EFS;EUR;101;133.11000000;417;EXCHANGE_LAST;;1;1;XEUR;11286679;688;
28.02.2025;12:12:03.411;FGBL SI 20250306 PS;SIMPLE_INSTRUMENT;EFS;EUR;102;133.11000000;504;EXCHANGE_LAST;;1;1;XEUR;11286679;688;
28.02.2025;12:15:27.650;FGBL SI 20250306 PS;SIMPLE_INSTRUMENT;EFS;EUR;103;133.11000000;234;EXCHANGE_LAST;;1;1;XEUR;11286679;688;
28.02.2025;12:17:09.352;FGBL SI 20250306 PS;SIMPLE_INSTRUMENT;EFS;EUR;104;133.16000000;901;EXCHANGE_LAST;;1;1;XEUR;11286679;688;
28.02.2025;12:40:26.834;FGBL SI 20250606 PS;SIMPLE_INSTRUMENT;EFS;EUR;106;132.20000000;242;EXCHANGE_LAST;;1;1;XEUR;11820389;688;
28.02.2025;12:41:46.732;FGBL SI 20250306 PS;SIMPLE_INSTRUMENT;EFP_FIN;EUR;107;133.14000000;935;EXCHANGE_LAST;;1;1;XEUR;11286679;688;
28.02.2025;12:48:26.446;FGBL SI 20250606 PS;SIMPLE_INSTRUMENT;EFS;EUR;108;132.21000000;232;EXCHANGE_LAST;;1;1;XEUR;11820389;688;
28.02.2025;12:57:43.004;FGBL SI 20250306 PS;SIMPLE_INSTRUMENT;EFP_FIN;EUR;109;133.11000000;304;EXCHANGE_LAST;;1;1;XEUR;11286679;688;
28.02.2025;13:04:52.844;FGBL SI 20250306 PS;SIMPLE_INSTRUMENT;EFS;EUR;110;133.11000000;417;EXCHANGE_LAST;;1;1;XEUR;11286679;688;
28.02.2025;13:05:36.506;FGBL SI 20250306 PS;SIMPLE_INSTRUMENT;BLOCK;EUR;111;133.10000000;4000;EXCHANGE_LAST;;1;1;XEUR;11286679;688;
28.02.2025;13:06:38.510;FGBL SI 20250606 PS;SIMPLE_INSTRUMENT;BLOCK;EUR;112;132.21000000;2000;EXCHANGE_LAST;;1;1;XEUR;11820389;688;
28.02.2025;13:06:45.082;FGBL SI 20250306 PS;SIMPLE_INSTRUMENT;EFP_FIN;EUR;113;133.16000000;412;EXCHANGE_LAST;;1;1;XEUR;11286679;688;
28.02.2025;13:07:05.512;FGBL SI 20250606 PS;SIMPLE_INSTRUMENT;BLOCK;EUR;114;132.20000000;2000;EXCHANGE_LAST;;1;1;XEUR;11820389;688;
28.02.2025;13:07:07.989;FGBL SI 20250306 PS;SIMPLE_INSTRUMENT;EFP_FIN;EUR;115;133.16000000;595;EXCHANGE_LAST;;1;1;XEUR;11286679;688;
28.02.2025;13:07:47.658;FGBL SI 20250306 PS;SIMPLE_INSTRUMENT;EFS;EUR;116;133.04000000;417;EXCHANGE_LAST;;1;1;XEUR;11286679;688;
28.02.2025;13:11:03.770;FGBL SI 20250306 PS;SIMPLE_INSTRUMENT;EFS;EUR;117;133.12000000;1361;EXCHANGE_LAST;;1;1;XEUR;11286679;688;
28.02.2025;13:14:04.816;FGBL SI 20250306 PS;SIMPLE_INSTRUMENT;EFS;EUR;118;133.02000000;209;EXCHANGE_LAST;;1;1;XEUR;11286679;688;
28.02.2025;13:15:50.417;FGBL SI 20250306 PS;SIMPLE_INSTRUMENT;EFP_FIN;EUR;119;133.02000000;935;EXCHANGE_LAST;;1;1;XEUR;11286679;688;
28.02.2025;13:22:09.767;FGBL SI 20250606 PS;SIMPLE_INSTRUMENT;EFP_FIN;EUR;120;132.14000000;120;EXCHANGE_LAST;;1;1;XEUR;11820389;688;
28.02.2025;13:22:31.673;FGBL SI 20250306 PS;SIMPLE_INSTRUMENT;EFP_FIN;EUR;121;133.03000000;234;EXCHANGE_LAST;;1;1;XEUR;11286679;688;
28.02.2025;13:23:09.046;FGBL SI 20250306 PS;SIMPLE_INSTRUMENT;EFS;EUR;122;133.09000000;417;EXCHANGE_LAST;;1;1;XEUR;11286679;688;
28.02.2025;13:24:59.969;FGBL SI 20250306 PS;SIMPLE_INSTRUMENT;EFP_FIN;EUR;123;133.11000000;1085;EXCHANGE_LAST;;1;1;XEUR;11286679;688;
28.02.2025;13:26:03.318;FGBL SI 20250306 PS;SIMPLE_INSTRUMENT;EFS;EUR;124;133.03000000;228;EXCHANGE_LAST;;1;1;XEUR;11286679;688;
28.02.2025;13:26:17.360;FGBL SI 20250306 PS;SIMPLE_INSTRUMENT;EFS;EUR;125;133.06000000;190;EXCHANGE_LAST;;1;1;XEUR;11286679;688;
28.02.2025;13:27:20.792;FGBL SI 20250606 PS;SIMPLE_INSTRUMENT;EFS;EUR;126;132.14000000;233;EXCHANGE_LAST;;1;1;XEUR;11820389;688;
28.02.2025;13:27:24.547;FGBL SI 20250606 PS;SIMPLE_INSTRUMENT;EFS;EUR;127;132.16000000;196;EXCHANGE_LAST;;1;1;XEUR;11820389;688;
28.02.2025;13:30:10.636;FGBL SI 20250306 PS;SIMPLE_INSTRUMENT;EFP_FIN;EUR;128;133.16000000;412;EXCHANGE_LAST;;1;1;XEUR;11286679;688;
28.02.2025;13:43:27.527;FGBL SI 20250306 PS;SIMPLE_INSTRUMENT;EFP_FIN;EUR;129;133.14000000;900;EXCHANGE_LAST;;1;1;XEUR;11286679;688;
28.02.2025;13:47:32.284;FGBL SI 20250306 PS;SIMPLE_INSTRUMENT;EFS;EUR;130;133.01000000;418;EXCHANGE_LAST;;1;1;XEUR;11286679;688;
28.02.2025;13:50:19.236;FGBL SI 20250306 PS;SIMPLE_INSTRUMENT;EFP_FIN;EUR;131;132.99000000;630;EXCHANGE_LAST;;1;1;XEUR;11286679;688;
28.02.2025;13:56:17.077;FGBL SI 20250306 PS;SIMPLE_INSTRUMENT;EFS;EUR;132;133.02000000;225;EXCHANGE_LAST;;1;1;XEUR;11286679;688;
28.02.2025;13:56:19.522;FGBL SI 20250306 PS;SIMPLE_INSTRUMENT;EFS;EUR;133;133.04000000;180;EXCHANGE_LAST;;1;1;XEUR;11286679;688;
28.02.2025;13:58:02.293;FGBL SI 20250306 PS;SIMPLE_INSTRUMENT;BLOCK;EUR;134;132.98000000;9534;EXCHANGE_LAST;;1;1;XEUR;11286679;688;
28.02.2025;13:58:41.938;FGBL SI 20250606 PS;SIMPLE_INSTRUMENT;BLOCK;EUR;135;132.09000000;9809;EXCHANGE_LAST;;1;1;XEUR;11820389;688;
28.02.2025;14:04:24.175;FGBL SI 20250306 PS;SIMPLE_INSTRUMENT;EFS;EUR;136;133.10000000;417;EXCHANGE_LAST;;1;1;XEUR;11286679;688;
28.02.2025;14:04:31.774;FGBL SI 20250306 PS;SIMPLE_INSTRUMENT;EFS;EUR;137;133.15000000;810;EXCHANGE_LAST;;1;1;XEUR;11286679;688;
28.02.2025;14:06:47.118;FGBL SI 20250306 PS;SIMPLE_INSTRUMENT;EFS;EUR;138;133.20000000;836;EXCHANGE_LAST;;1;1;XEUR;11286679;688;
28.02.2025;14:08:11.521;FGBL SI 20250306 PS;SIMPLE_INSTRUMENT;EFP_FIN;EUR;139;133.20000000;540;EXCHANGE_LAST;;1;1;XEUR;11286679;688;
28.02.2025;14:09:58.806;FGBL SI 20250306 PS;SIMPLE_INSTRUMENT;EFS;EUR;140;133.18000000;417;EXCHANGE_LAST;;1;1;XEUR;11286679;688;
28.02.2025;14:10:04.368;FGBL SI 20250306 PS;SIMPLE_INSTRUMENT;EFS;EUR;141;133.12000000;470;EXCHANGE_LAST;;1;1;XEUR;11286679;688;
28.02.2025;14:11:46.659;FGBL.S.MAR25.JUN25.SPD;FUTURES_SPREAD;BLOCK;EUR;142;0.90000000;5027;EXCHANGE_LAST;;1;1;XEUR;72060548975427676;688;
28.02.2025;14:11:46.659;FGBL SI 20250606 PS;SIMPLE_INSTRUMENT;BLOCK;EUR;142;132.27000000;5027;PRC_DECOMP_MEMBER;;;;XEUR;11820389;688;MEMBER
28.02.2025;14:11:46.659;FGBL SI 20250306 PS;SIMPLE_INSTRUMENT;BLOCK;EUR;142;133.17000000;5027;PRC_DECOMP_MEMBER;;;;XEUR;11286679;688;MEMBER
28.02.2025;14:12:05.841;FGBL.S.MAR25.JUN25.SPD;FUTURES_SPREAD;BLOCK;EUR;143;0.89000000;5027;EXCHANGE_LAST;;1;1;XEUR;72060548975427676;688;
28.02.2025;14:12:05.841;FGBL SI 20250606 PS;SIMPLE_INSTRUMENT;BLOCK;EUR;143;132.28000000;5027;PRC_DECOMP_MEMBER;;;;XEUR;11820389;688;MEMBER
28.02.2025;14:12:05.841;FGBL SI 20250306 PS;SIMPLE_INSTRUMENT;BLOCK;EUR;143;133.17000000;5027;PRC_DECOMP_MEMBER;;;;XEUR;11286679;688;MEMBER
28.02.2025;14:12:58.710;FGBL SI 20250306 PS;SIMPLE_INSTRUMENT;EFP_FIN;EUR;144;133.16000000;677;EXCHANGE_LAST;;1;1;XEUR;11286679;688;
28.02.2025;14:13:27.309;FGBL SI 20250306 PS;SIMPLE_INSTRUMENT;EFP_FIN;EUR;145;133.18000000;621;EXCHANGE_LAST;;1;1;XEUR;11286679;688;
28.02.2025;14:14:14.917;FGBL SI 20250306 PS;SIMPLE_INSTRUMENT;EFS;EUR;146;133.19000000;442;EXCHANGE_LAST;;1;1;XEUR;11286679;688;
28.02.2025;14:15:59.110;FGBL SI 20250606 PS;SIMPLE_INSTRUMENT;EFS;EUR;147;132.29000000;291;EXCHANGE_LAST;;1;1;XEUR;11820389;688;
28.02.2025;14:16:49.861;FGBL SI 20250306 PS;SIMPLE_INSTRUMENT;EFP_FIN;EUR;148;133.15000000;121;EXCHANGE_LAST;;1;1;XEUR;11286679;688;
28.02.2025;14:17:43.023;FGBL SI 20250306 PS;SIMPLE_INSTRUMENT;EFS;EUR;149;133.16000000;468;EXCHANGE_LAST;;1;1;XEUR;11286679;688;
28.02.2025;14:18:32.363;FGBL SI 20250306 PS;SIMPLE_INSTRUMENT;EFP_FIN;EUR;150;133.17000000;84;EXCHANGE_LAST;;1;1;XEUR;11286679;688;
28.02.2025;14:25:58.305;FGBL SI 20250306 PS;SIMPLE_INSTRUMENT;EFS;EUR;151;133.09000000;569;EXCHANGE_LAST;;1;1;XEUR;11286679;688;
28.02.2025;14:26:05.588;FGBL SI 20250306 PS;SIMPLE_INSTRUMENT;EFS;EUR;152;133.18000000;450;EXCHANGE_LAST;;1;1;XEUR;11286679;688;
28.02.2025;14:26:25.751;FGBL SI 20250306 PS;SIMPLE_INSTRUMENT;EFP_FIN;EUR;153;133.17000000;323;EXCHANGE_LAST;;1;1;XEUR;11286679;688;
28.02.2025;14:26:44.641;FGBL SI 20250606 PS;SIMPLE_INSTRUMENT;EFS;EUR;154;132.20000000;581;EXCHANGE_LAST;;1;1;XEUR;11820389;688;
28.02.2025;14:27:39.139;FGBL SI 20250306 PS;SIMPLE_INSTRUMENT;EFS;EUR;155;133.09000000;711;EXCHANGE_LAST;;1;1;XEUR;11286679;688;
28.02.2025;14:33:02.772;FGBL SI 20250306 PS;SIMPLE_INSTRUMENT;EFS;EUR;156;133.06000000;471;EXCHANGE_LAST;;1;1;XEUR;11286679;688;
28.02.2025;14:33:30.997;FGBL SI 20250606 PS;SIMPLE_INSTRUMENT;EFS;EUR;157;132.28000000;465;EXCHANGE_LAST;;1;1;XEUR;11820389;688;
28.02.2025;14:33:38.872;FGBL SI 20250306 PS;SIMPLE_INSTRUMENT;EFS;EUR;158;133.11000000;220;EXCHANGE_LAST;;1;1;XEUR;11286679;688;
28.02.2025;14:34:07.776;FGBL SI 20250606 PS;SIMPLE_INSTRUMENT;EFS;EUR;159;132.17000000;487;EXCHANGE_LAST;;1;1;XEUR;11820389;688;
28.02.2025;14:39:08.493;FGBL SI 20250306 PS;SIMPLE_INSTRUMENT;EFS;EUR;160;133.11000000;236;EXCHANGE_LAST;;1;1;XEUR;11286679;688;
28.02.2025;14:39:55.002;FGBL SI 20250306 PS;SIMPLE_INSTRUMENT;BLOCK;EUR;161;133.08000000;3966;EXCHANGE_LAST;;1;1;XEUR;11286679;688;
28.02.2025;14:46:44.936;FGBL SI 20250306 PS;SIMPLE_INSTRUMENT;EFS;EUR;162;133.17000000;417;EXCHANGE_LAST;;1;1;XEUR;11286679;688;
28.02.2025;14:49:30.910;FGBL SI 20250606 PS;SIMPLE_INSTRUMENT;EFS;EUR;163;132.27000000;1934;EXCHANGE_LAST;;1;1;XEUR;11820389;688;
28.02.2025;14:51:56.739;FGBL SI 20250306 PS;SIMPLE_INSTRUMENT;EFS;EUR;164;133.14000000;4550;EXCHANGE_LAST;;1;1;XEUR;11286679;688;
28.02.2025;14:53:14.056;FGBL SI 20250306 PS;SIMPLE_INSTRUMENT;EFS;EUR;165;133.16000000;1872;EXCHANGE_LAST;;1;1;XEUR;11286679;688;
28.02.2025;14:53:21.481;FGBL SI 20250606 PS;SIMPLE_INSTRUMENT;EFS;EUR;166;132.25000000;4649;EXCHANGE_LAST;;1;1;XEUR;11820389;688;
28.02.2025;14:54:40.044;FGBL SI 20250606 PS;SIMPLE_INSTRUMENT;EFS;EUR;167;132.27000000;1872;EXCHANGE_LAST;;1;1;XEUR;11820389;688;
28.02.2025;14:57:40.670;FGBL SI 20250306 PS;SIMPLE_INSTRUMENT;EFS;EUR;168;133.16000000;417;EXCHANGE_LAST;;1;1;XEUR;11286679;688;
28.02.2025;14:57:56.108;FGBL SI 20250306 PS;SIMPLE_INSTRUMENT;BLOCK;EUR;169;133.15000000;11955;EXCHANGE_LAST;;1;1;XEUR;11286679;688;
28.02.2025;14:58:07.556;FGBL SI 20250306 PS;SIMPLE_INSTRUMENT;EFS;EUR;170;133.17000000;417;EXCHANGE_LAST;;1;1;XEUR;11286679;688;
28.02.2025;14:59:22.304;FGBL SI 20250606 PS;SIMPLE_INSTRUMENT;BLOCK;EUR;171;132.26000000;5997;EXCHANGE_LAST;;1;1;XEUR;11820389;688;
28.02.2025;14:59:35.137;FGBL SI 20250606 PS;SIMPLE_INSTRUMENT;BLOCK;EUR;172;132.25000000;5998;EXCHANGE_LAST;;1;1;XEUR;11820389;688;
28.02.2025;14:59:32.868;FGBL SI 20250306 PS;SIMPLE_INSTRUMENT;EFS;EUR;173;133.18000000;316;EXCHANGE_LAST;;1;1;XEUR;11286679;688;
28.02.2025;14:59:42.190;FGBL SI 20250306 PS;SIMPLE_INSTRUMENT;EFS;EUR;174;133.11000000;417;EXCHANGE_LAST;;1;1;XEUR;11286679;688;
28.02.2025;15:00:38.488;FGBL SI 20250306 PS;SIMPLE_INSTRUMENT;EFS;EUR;175;133.17000000;1872;EXCHANGE_LAST;;1;1;XEUR;11286679;688;
28.02.2025;15:00:51.925;FGBL SI 20250306 PS;SIMPLE_INSTRUMENT;BLOCK;EUR;176;133.16000000;3173;EXCHANGE_LAST;;1;1;XEUR;11286679;688;
28.02.2025;15:00:52.775;FGBL SI 20250606 PS;SIMPLE_INSTRUMENT;EFS;EUR;177;132.28000000;326;EXCHANGE_LAST;;1;1;XEUR;11820389;688;
28.02.2025;15:01:42.081;FGBL SI 20250306 PS;SIMPLE_INSTRUMENT;EFP_FIN;EUR;178;133.16000000;119;EXCHANGE_LAST;;1;1;XEUR;11286679;688;
28.02.2025;15:01:56.141;FGBL SI 20250306 PS;SIMPLE_INSTRUMENT;EFP_FIN;EUR;179;133.16000000;793;EXCHANGE_LAST;;1;1;XEUR;11286679;688;
28.02.2025;15:02:10.967;FGBL SI 20250606 PS;SIMPLE_INSTRUMENT;EFS;EUR;180;132.27000000;1872;EXCHANGE_LAST;;1;1;XEUR;11820389;688;
28.02.2025;15:03:11.390;FGBL SI 20250306 PS;SIMPLE_INSTRUMENT;EFP_FIN;EUR;181;133.16000000;70;EXCHANGE_LAST;;1;1;XEUR;11286679;688;
28.02.2025;15:04:05.135;FGBL SI 20250306 PS;SIMPLE_INSTRUMENT;EFP_FIN;EUR;182;133.15000000;1348;EXCHANGE_LAST;;1;1;XEUR;11286679;688;
28.02.2025;15:08:30.970;FGBL SI 20250606 PS;SIMPLE_INSTRUMENT;EFS;EUR;183;132.31000000;1872;EXCHANGE_LAST;;1;1;XEUR;11820389;688;
28.02.2025;15:09:27.108;FGBL SI 20250306 PS;SIMPLE_INSTRUMENT;EFS;EUR;184;133.20000000;1872;EXCHANGE_LAST;;1;1;XEUR;11286679;688;
28.02.2025;15:17:17.793;FGBL SI 20250306 PS;SIMPLE_INSTRUMENT;EFS;EUR;185;133.12000000;683;EXCHANGE_LAST;;1;1;XEUR;11286679;688;
28.02.2025;15:19:00.445;FGBL SI 20250306 PS;SIMPLE_INSTRUMENT;EFS;EUR;186;133.12000000;683;EXCHANGE_LAST;;1;1;XEUR;11286679;688;
28.02.2025;15:29:33.390;FGBL SI 20250306 PS;SIMPLE_INSTRUMENT;EFS;EUR;187;133.19000000;997;EXCHANGE_LAST;;1;1;XEUR;11286679;688;
28.02.2025;15:30:33.955;FGBL SI 20250606 PS;SIMPLE_INSTRUMENT;EFS;EUR;188;132.29000000;1030;EXCHANGE_LAST;;1;1;XEUR;11820389;688;
28.02.2025;15:33:29.974;FGBL SI 20250306 PS;SIMPLE_INSTRUMENT;EFP_FIN;EUR;189;132.99000000;115;EXCHANGE_LAST;;1;1;XEUR;11286679;688;
28.02.2025;15:40:03.330;FGBL SI 20250306 PS;SIMPLE_INSTRUMENT;EFS;EUR;190;133.18000000;2629;EXCHANGE_LAST;;1;1;XEUR;11286679;688;
28.02.2025;15:41:07.888;FGBL SI 20250306 PS;SIMPLE_INSTRUMENT;EFS;EUR;191;133.08000000;418;EXCHANGE_LAST;;1;1;XEUR;11286679;688;
28.02.2025;15:41:17.905;FGBL SI 20250306 PS;SIMPLE_INSTRUMENT;EFS;EUR;192;133.08000000;418;EXCHANGE_LAST;;1;1;XEUR;11286679;688;
28.02.2025;15:41:36.883;FGBL SI 20250606 PS;SIMPLE_INSTRUMENT;EFS;EUR;193;132.28000000;2771;EXCHANGE_LAST;;1;1;XEUR;11820389;688;
28.02.2025;15:49:28.284;FGBL SI 20250306 PS;SIMPLE_INSTRUMENT;EFS;EUR;194;133.08000000;418;EXCHANGE_LAST;;1;1;XEUR;11286679;688;
28.02.2025;15:54:12.259;FGBL SI 20250306 PS;SIMPLE_INSTRUMENT;EFS;EUR;195;133.10000000;209;EXCHANGE_LAST;;1;1;XEUR;11286679;688;
28.02.2025;16:00:04.868;FGBL SI 20250606 PS;SIMPLE_INSTRUMENT;EFS;EUR;196;132.21000000;100;EXCHANGE_LAST;;1;1;XEUR;11820389;688;
28.02.2025;16:02:58.545;FGBL SI 20250306 PS;SIMPLE_INSTRUMENT;EFP_FIN;EUR;197;133.14000000;13482;EXCHANGE_LAST;;1;1;XEUR;11286679;688;
28.02.2025;16:13:00.336;FGBL SI 20250306 PS;SIMPLE_INSTRUMENT;EFS;EUR;198;133.11000000;937;EXCHANGE_LAST;;1;1;XEUR;11286679;688;
28.02.2025;16:16:19.831;FGBL SI 20250306 PS;SIMPLE_INSTRUMENT;EFS;EUR;199;133.08000000;428;EXCHANGE_LAST;;1;1;XEUR;11286679;688;
28.02.2025;16:15:51.400;FGBL SI 20250306 PS;SIMPLE_INSTRUMENT;EFS;EUR;200;133.17000000;167;EXCHANGE_LAST;;1;1;XEUR;11286679;688;
28.02.2025;16:17:26.405;FGBL SI 20250306 PS;SIMPLE_INSTRUMENT;BLOCK;EUR;201;133.20000000;2497;EXCHANGE_LAST;;1;1;XEUR;11286679;688;
28.02.2025;16:17:53.984;FGBL SI 20250606 PS;SIMPLE_INSTRUMENT;BLOCK;EUR;202;132.31000000;2497;EXCHANGE_LAST;;1;1;XEUR;11820389;688;
28.02.2025;16:22:51.539;FGBL SI 20250306 PS;SIMPLE_INSTRUMENT;EFS;EUR;203;133.09000000;1803;EXCHANGE_LAST;;1;1;XEUR;11286679;688;
28.02.2025;16:23:49.419;FGBL SI 20250606 PS;SIMPLE_INSTRUMENT;EFS;EUR;204;132.20000000;1862;EXCHANGE_LAST;;1;1;XEUR;11820389;688;
28.02.2025;16:30:55.623;FGBL SI 20250306 PS;SIMPLE_INSTRUMENT;BLOCK;EUR;205;133.20000000;5055;EXCHANGE_LAST;;1;1;XEUR;11286679;688;
28.02.2025;16:31:45.829;FGBL SI 20250306 PS;SIMPLE_INSTRUMENT;BLOCK;EUR;206;133.20000000;6164;EXCHANGE_LAST;;1;1;XEUR;11286679;688;
28.02.2025;16:31:52.576;FGBL SI 20250606 PS;SIMPLE_INSTRUMENT;BLOCK;EUR;207;132.30000000;2527;EXCHANGE_LAST;;1;1;XEUR;11820389;688;
28.02.2025;16:32:09.875;FGBL SI 20250606 PS;SIMPLE_INSTRUMENT;BLOCK;EUR;208;132.30000000;3082;EXCHANGE_LAST;;1;1;XEUR;11820389;688;
28.02.2025;16:32:10.362;FGBL SI 20250606 PS;SIMPLE_INSTRUMENT;BLOCK;EUR;209;132.31000000;2528;EXCHANGE_LAST;;1;1;XEUR;11820389;688;
28.02.2025;16:32:16.749;FGBL SI 20250606 PS;SIMPLE_INSTRUMENT;BLOCK;EUR;210;132.31000000;3082;EXCHANGE_LAST;;1;1;XEUR;11820389;688;
28.02.2025;16:34:59.440;FGBL SI 20250306 PS;SIMPLE_INSTRUMENT;EFS;EUR;211;133.20000000;240;EXCHANGE_LAST;;1;1;XEUR;11286679;688;
28.02.2025;16:37:15.056;FGBL SI 20250306 PS;SIMPLE_INSTRUMENT;EFS;EUR;212;133.20000000;834;EXCHANGE_LAST;;1;1;XEUR;11286679;688;
28.02.2025;16:48:30.010;FGBL SI 20250306 PS;SIMPLE_INSTRUMENT;EFS;EUR;213;133.04000000;172;EXCHANGE_LAST;;1;1;XEUR;11286679;688;
28.02.2025;16:49:39.022;FGBL SI 20250606 PS;SIMPLE_INSTRUMENT;EFS;EUR;214;132.16000000;186;EXCHANGE_LAST;;1;1;XEUR;11820389;688;
28.02.2025;16:49:58.520;FGBL SI 20250306 PS;SIMPLE_INSTRUMENT;EFS;EUR;215;133.15000000;800;EXCHANGE_LAST;;1;1;XEUR;11286679;688;
28.02.2025;16:52:12.651;FGBL SI 20250306 PS;SIMPLE_INSTRUMENT;EFS;EUR;216;133.21000000;360;EXCHANGE_LAST;;1;1;XEUR;11286679;688;
28.02.2025;16:53:20.861;FGBL SI 20250306 PS;SIMPLE_INSTRUMENT;EFS;EUR;217;133.00000000;334;EXCHANGE_LAST;;1;1;XEUR;11286679;688;
28.02.2025;16:59:26.870;FGBL SI 20250306 PS;SIMPLE_INSTRUMENT;EFP_FIN;EUR;218;133.19000000;146;EXCHANGE_LAST;;1;1;XEUR;11286679;688;
28.02.2025;17:00:19.351;FGBL SI 20250306 PS;SIMPLE_INSTRUMENT;EFP_FIN;EUR;219;133.19000000;180;EXCHANGE_LAST;;1;1;XEUR;11286679;688;
28.02.2025;17:02:46.196;FGBL SI 20250306 PS;SIMPLE_INSTRUMENT;EFS;EUR;220;132.99000000;209;EXCHANGE_LAST;;1;1;XEUR;11286679;688;
28.02.2025;08:07:42.903;FGBL SI 20250606 PS;SIMPLE_INSTRUMENT;VOLA;EUR;268435468;132.42000000;500;EXCHANGE_LAST;;1;1;XEUR;11820389;688;
28.02.2025;08:08:10.909;FGBL SI 20250606 PS;SIMPLE_INSTRUMENT;VOLA;EUR;268435472;132.42000000;400;EXCHANGE_LAST;;1;1;XEUR;11820389;688;
28.02.2025;08:13:35.678;FGBL SI 20250606 PS;SIMPLE_INSTRUMENT;VOLA;EUR;268435475;132.30000000;60;EXCHANGE_LAST;;1;1;XEUR;11820389;688;
28.02.2025;08:13:51.680;FGBL SI 20250606 PS;SIMPLE_INSTRUMENT;VOLA;EUR;268435477;132.30000000;60;EXCHANGE_LAST;;1;1;XEUR;11820389;688;
28.02.2025;08:56:01.480;FGBL SI 20250306 PS;SIMPLE_INSTRUMENT;VOLA;EUR;268435487;133.25000000;540;EXCHANGE_LAST;;1;1;XEUR;11286679;688;
28.02.2025;09:59:12.418;FGBL SI 20250606 PS;SIMPLE_INSTRUMENT;VOLA;EUR;268435515;132.31000000;40;EXCHANGE_LAST;;1;1;XEUR;11820389;688;
28.02.2025;10:31:30.063;FGBL SI 20250606 PS;SIMPLE_INSTRUMENT;VOLA;EUR;268435522;132.35000000;60;EXCHANGE_LAST;;1;1;XEUR;11820389;688;
28.02.2025;12:26:05.264;FGBL SI 20250606 PS;SIMPLE_INSTRUMENT;VOLA;EUR;268435537;132.22000000;310;EXCHANGE_LAST;;1;1;XEUR;11820389;688;
28.02.2025;13:15:02.712;FGBL SI 20250606 PS;SIMPLE_INSTRUMENT;VOLA;EUR;268435550;132.23000000;130;EXCHANGE_LAST;;1;1;XEUR;11820389;688;
28.02.2025;13:17:56.159;FGBL SI 20250606 PS;SIMPLE_INSTRUMENT;VOLA;EUR;268435552;132.20000000;13;EXCHANGE_LAST;;1;1;XEUR;11820389;688;
28.02.2025;13:59:24.697;FGBL SI 20250606 PS;SIMPLE_INSTRUMENT;VOLA;EUR;268435568;132.21000000;108;EXCHANGE_LAST;;1;1;XEUR;11820389;688;
28.02.2025;13:59:53.709;FGBL SI 20250606 PS;SIMPLE_INSTRUMENT;VOLA;EUR;268435569;132.21000000;108;EXCHANGE_LAST;;1;1;XEUR;11820389;688;
28.02.2025;14:14:15.529;FGBL SI 20250606 PS;SIMPLE_INSTRUMENT;VOLA;EUR;268435573;132.30000000;100;EXCHANGE_LAST;;1;1;XEUR;11820389;688;
28.02.2025;15:53:02.441;FGBL SI 20250606 PS;SIMPLE_INSTRUMENT;VOLA;EUR;268435599;132.21000000;140;EXCHANGE_LAST;;1;1;XEUR;11820389;688;
28.02.2025;15:53:19.196;FGBL SI 20250606 PS;SIMPLE_INSTRUMENT;VOLA;EUR;268435600;132.24000000;412;EXCHANGE_LAST;;1;1;XEUR;11820389;688;
28.02.2025;15:54:04.132;FGBL SI 20250606 PS;SIMPLE_INSTRUMENT;VOLA;EUR;268435601;132.24000000;413;EXCHANGE_LAST;;1;1;XEUR;11820389;688;
28.02.2025;16:14:16.043;FGBL SI 20250306 PS;SIMPLE_INSTRUMENT;VOLA;EUR;268435613;133.01000000;1400;EXCHANGE_LAST;;1;1;XEUR;11286679;688;
28.02.2025;16:26:10.071;FGBL SI 20250306 PS;SIMPLE_INSTRUMENT;VOLA;EUR;268435619;133.01000000;980;EXCHANGE_LAST;;1;1;XEUR;11286679;688;
28.02.2025;07:43:15.169;FGBM SI 20250306 PS;SIMPLE_INSTRUMENT;EFS;EUR;1;117.92000000;876;EXCHANGE_LAST;;1;1;XEUR;11286680;689;
28.02.2025;07:43:40.183;FGBM SI 20250306 PS;SIMPLE_INSTRUMENT;EFS;EUR;2;117.92000000;876;EXCHANGE_LAST;;1;1;XEUR;11286680;689;
28.02.2025;07:46:08.376;FGBM SI 20250306 PS;SIMPLE_INSTRUMENT;EFP_FIN;EUR;3;117.91000000;466;EXCHANGE_LAST;;1;1;XEUR;11286680;689;
28.02.2025;07:51:38.856;FGBM SI 20250306 PS;SIMPLE_INSTRUMENT;EFS;EUR;4;117.97000000;924;EXCHANGE_LAST;;1;1;XEUR;11286680;689;
28.02.2025;07:55:19.757;FGBM SI 20250306 PS;SIMPLE_INSTRUMENT;EFS;EUR;5;117.97000000;924;EXCHANGE_LAST;;1;1;XEUR;11286680;689;
28.02.2025;08:14:58.955;FGBM SI 20250306 PS;SIMPLE_INSTRUMENT;EFS;EUR;6;117.92000000;2384;EXCHANGE_LAST;;1;1;XEUR;11286680;689;
28.02.2025;08:15:25.072;FGBM SI 20250306 PS;SIMPLE_INSTRUMENT;EFP_FIN;EUR;7;117.90000000;198;EXCHANGE_LAST;;1;1;XEUR;11286680;689;
28.02.2025;08:24:27.949;FGBM SI 20250306 PS;SIMPLE_INSTRUMENT;EFS;EUR;8;117.89000000;1386;EXCHANGE_LAST;;1;1;XEUR;11286680;689;
28.02.2025;08:25:49.488;FGBM SI 20250306 PS;SIMPLE_INSTRUMENT;EFS;EUR;9;117.92000000;462;EXCHANGE_LAST;;1;1;XEUR;11286680;689;
28.02.2025;08:42:15.295;FGBM SI 20250306 PS;SIMPLE_INSTRUMENT;EFS;EUR;10;117.91000000;1000;EXCHANGE_LAST;;1;1;XEUR;11286680;689;
