#Date;TrdTime;Contract;ContractType;TrdTyp;Currency;TesId;Prc;Qty;TrdInd;Aggressor;Buy;Sell;Exch;InstrumentId;RelatedProdId;PrcDecomp
24.02.2025;13:10:46.530;A2SG SI 20250620 CS;SIMPLE_INSTRUMENT;BLOCK;EUR;15;1.42000000;1958;EXCHANGE_LAST;;3;2;XEUR;10827627;14;
24.02.2025;16:20:27.528;A2SG SI 20271217 CS;SIMPLE_INSTRUMENT;BLOCK;EUR;32;1.53000000;300;EXCHANGE_LAST;;1;1;XEUR;8369813;14;
24.02.2025;16:29:49.195;A2XA SI 20281215 CS;SIMPLE_INSTRUMENT;BLOCK;EUR;35;1.95000000;200;EXCHANGE_LAST;;1;1;XEUR;6796967;17;
24.02.2025;08:25:22.584;ABBN SI 20250321 PS AM P 48.50 0;SIMPLE_INSTRUMENT;BLOCK;CHF;1;0.53000000;1887;EXCHANGE_LAST;;1;1;XEUR;12492858;574517;
24.02.2025;09:37:49.795;ABBN SI 20250307 PS AM P 51.00 0;SIMPLE_INSTRUMENT;BLOCK;CHF;2;0.87000000;1000;EXCHANGE_LAST;;1;1;XEUR;12700830;574517;
24.02.2025;09:49:00.216;ABBN SI 20250321 PS AM P 48.00 0;SIMPLE_INSTRUMENT;BLOCK;CHF;4;0.31000000;3530;EXCHANGE_LAST;;1;1;XEUR;10886857;574517;
24.02.2025;13:17:19.981;ADEN.O.250224.BER.000003;STANDARD_OPTION_STRATEGY;BLOCK;CHF;39;0.28000000;5150;EXCHANGE_LAST;;1;1;XEUR;72057783016515749;44;
24.02.2025;13:17:19.981;ADEN SI 20250321 PS AM P 20.00 0;SIMPLE_INSTRUMENT;BLOCK;CHF;39;0.12000000;5150;PRC_DECOMP_EXCHANGE;;;;XEUR;10827964;44;EXCHANGE
24.02.2025;13:17:19.981;ADEN SI 20250321 PS AM P 21.50 0;SIMPLE_INSTRUMENT;BLOCK;CHF;39;0.40000000;5150;PRC_DECOMP_EXCHANGE;;;;XEUR;12430344;44;EXCHANGE
24.02.2025;15:04:33.059;ADEN.O.250224.COMBO.000004;STANDARD_OPTION_STRATEGY;BLOCK;CHF;58;2.43000000;1750;EXCHANGE_LAST;;1;1;XEUR;72057783016515750;44;
24.02.2025;15:04:33.059;ADEN SI 20250620 PS AM P 24.00 0;SIMPLE_INSTRUMENT;BLOCK;CHF;58;2.61000000;1750;PRC_DECOMP_MEMBER;;;;XEUR;7897564;44;MEMBER
24.02.2025;15:04:33.059;ADEN SI 20250620 PS AM C 28.00 0;SIMPLE_INSTRUMENT;BLOCK;CHF;58;0.18000000;1750;PRC_DECOMP_MEMBER;;;;XEUR;7897568;44;MEMBER
24.02.2025;16:20:48.502;ADS SI 20250620 PS AM P 240.00 0;SIMPLE_INSTRUMENT;BLOCK;EUR;13;12.60000000;1000;EXCHANGE_LAST;;1;1;XEUR;7897598;50;
24.02.2025;13:20:51.783;AIR.O.250224.STG.000003;STANDARD_OPTION_STRATEGY;BLOCK;EUR;22;12.61000000;300;EXCHANGE_LAST;;1;1;XEUR;72057868915849832;64;
24.02.2025;13:20:51.783;AIR SI 20250620 PS AM C 170.00 0;SIMPLE_INSTRUMENT;BLOCK;EUR;22;10.01000000;300;PRC_DECOMP_MEMBER;;;;XEUR;11348793;64;MEMBER
24.02.2025;13:20:51.783;AIR SI 20250620 PS AM P 160.00 0;SIMPLE_INSTRUMENT;BLOCK;EUR;22;2.60000000;300;PRC_DECOMP_MEMBER;;;;XEUR;11290294;64;MEMBER
24.02.2025;13:46:01.181;AIR SI 20250516 PS AM P 164.00 0;SIMPLE_INSTRUMENT;BLOCK;EUR;26;1.79000000;329;EXCHANGE_LAST;;1;1;XEUR;12812251;64;
24.02.2025;13:46:18.501;AIR SI 20250516 PS AM P 164.00 0;SIMPLE_INSTRUMENT;BLOCK;EUR;27;1.73000000;594;EXCHANGE_LAST;;1;1;XEUR;12812251;64;
24.02.2025;13:38:42.730;AKU SI 20250321 PS AM C 62.00 0;SIMPLE_INSTRUMENT;BLOCK;EUR;11;0.53000000;1311;EXCHANGE_LAST;;1;1;XEUR;12431646;78;
24.02.2025;13:38:43.740;AKU SI 20250321 PS AM C 62.00 0;SIMPLE_INSTRUMENT;BLOCK;EUR;12;0.50000000;759;EXCHANGE_LAST;;1;1;XEUR;12431646;78;
24.02.2025;16:06:35.616;AMGF SI 20250321 CS;SIMPLE_INSTRUMENT;BLOCK;USD;30;312.43670000;161;EXCHANGE_LAST;;1;1;XEUR;10693096;83;
24.02.2025;16:31:05.016;AMS SI 20260619 PS AM P 7.20 0;SIMPLE_INSTRUMENT;BLOCK;CHF;72;1.76000000;2500;EXCHANGE_LAST;;1;1;XEUR;11997424;10807;
24.02.2025;11:11:02.238;ANN SI 20250516 PS AM P 26.00 0;SIMPLE_INSTRUMENT;BLOCK;EUR;8;0.44000000;3117;EXCHANGE_LAST;;1;1;XEUR;12838435;45202;
24.02.2025;11:11:02.241;ANN SI 20250516 PS AM P 26.00 0;SIMPLE_INSTRUMENT;BLOCK;EUR;9;0.42000000;2399;EXCHANGE_LAST;;1;1;XEUR;12838435;45202;
24.02.2025;13:52:26.854;ANN SI 20271217 PS AM P 24.00 0;SIMPLE_INSTRUMENT;BLOCK;EUR;25;3.35000000;750;EXCHANGE_LAST;;1;1;XEUR;8810830;45202;
24.02.2025;15:01:19.046;ANN SI 20261218 PS AM C 32.00 0;SIMPLE_INSTRUMENT;BLOCK;EUR;31;3.05000000;1500;EXCHANGE_LAST;;1;1;XEUR;7421937;45202;
24.02.2025;13:14:01.339;ASGF SI 20250619 CS;SIMPLE_INSTRUMENT;BLOCK;EUR;14;30.05000000;22000;EXCHANGE_LAST;;3;2;XEUR;12186943;949862;
24.02.2025;09:08:31.152;AXA SI 20251219 PS AM P 30.00 0;SIMPLE_INSTRUMENT;BLOCK;EUR;4;0.96000000;14000;EXCHANGE_LAST;;1;1;XEUR;11479914;127;
24.02.2025;09:09:04.109;AXA SI 20260619 PS AM P 33.00 0;SIMPLE_INSTRUMENT;BLOCK;EUR;5;2.71000000;10000;EXCHANGE_LAST;;1;1;XEUR;12767443;127;
24.02.2025;12:04:49.127;BAN SI 20251219 PS AM P 50.00 0;SIMPLE_INSTRUMENT;BLOCK;CHF;25;3.10000000;1000;EXCHANGE_LAST;;1;1;XEUR;12484530;298535;
24.02.2025;16:10:16.808;BARN SI 20250417 PS AM C 1220.00 0;SIMPLE_INSTRUMENT;BLOCK;CHF;65;11.04000000;1000;EXCHANGE_LAST;;1;1;XEUR;12615042;149;
24.02.2025;16:12:29.859;BARN SI 20250321 PS AM C 1120.00 0;SIMPLE_INSTRUMENT;BLOCK;CHF;67;32.00000000;300;EXCHANGE_LAST;;1;1;XEUR;10830620;149;
24.02.2025;12:34:32.640;BAS SI 20250321 PS AM C 53.00 0;SIMPLE_INSTRUMENT;BLOCK;EUR;2;0.46000000;1000;EXCHANGE_LAST;;1;1;XEUR;12719175;150;
24.02.2025;15:46:15.714;BAS SI 20250919 PS AM P 42.00 0;SIMPLE_INSTRUMENT;BLOCK;EUR;3;1.68000000;1500;EXCHANGE_LAST;;1;1;XEUR;11872869;150;
24.02.2025;11:55:20.618;BBVD SI 20271217 PS AM P 9.00 0;SIMPLE_INSTRUMENT;BLOCK;EUR;9;1.02000000;4000;EXCHANGE_LAST;;1;1;XEUR;8774820;172;
24.02.2025;11:39:33.114;BEA SI 20250620 PS AM P 600.0 0;SIMPLE_INSTRUMENT;BLOCK;CHF;22;24.00000000;250;EXCHANGE_LAST;;1;1;XEUR;11397248;174744;
24.02.2025;11:47:09.815;BG1 SI 20250516 PS AM C 98.00 0;SIMPLE_INSTRUMENT;BLOCK;EUR;1;2.25000000;250;EXCHANGE_LAST;;1;1;XEUR;12842103;74940;
24.02.2025;10:35:31.328;BMW.N.250224.000003;NON_STANDARD_OPTION_STRATEGY;BLOCK;EUR;2;8.00000000;1250;EXCHANGE_LAST;;1;1;XEUR;72058495981109455;210;
24.02.2025;10:35:31.328;BMW SI 20250321 PS AM C 84.00 0;SIMPLE_INSTRUMENT;BLOCK;EUR;2;2.92000000;1250;PRC_DECOMP_EXCHANGE;;;;XEUR;10832542;210;EXCHANGE
24.02.2025;10:35:31.328;BMW SI 20250620 PS AM C 84.00 0;SIMPLE_INSTRUMENT;BLOCK;EUR;2;5.46000000;2500;PRC_DECOMP_EXCHANGE;;;;XEUR;7899911;210;EXCHANGE
24.02.2025;12:13:44.308;BMW SI 20250321 PS AM P 88.00 0;SIMPLE_INSTRUMENT;BLOCK;EUR;7;5.70000000;1250;EXCHANGE_LAST;;2;1;XEUR;10832549;210;
24.02.2025;14:45:00.566;BMW.O.250224.BRT.000011;STANDARD_OPTION_STRATEGY;BLOCK;EUR;15;7.70000000;800;EXCHANGE_LAST;;2;1;XEUR;72058495981109463;210;
24.02.2025;14:45:00.566;BMW SI 20250919 PS AM P 80.00 0;SIMPLE_INSTRUMENT;BLOCK;EUR;15;7.41000000;800;PRC_DECOMP_EXCHANGE;;;;XEUR;11874403;210;EXCHANGE
24.02.2025;14:45:00.566;BMW SI 20271217 PS AM P 80.00 0;SIMPLE_INSTRUMENT;BLOCK;EUR;15;15.11000000;800;PRC_DECOMP_EXCHANGE;;;;XEUR;12616508;210;EXCHANGE
24.02.2025;15:30:35.742;BSN SI 20250321 PS AM C 72.00 0;SIMPLE_INSTRUMENT;BLOCK;EUR;29;0.54000000;800;EXCHANGE_LAST;;1;1;XEUR;10832994;241;
24.02.2025;11:27:35.546;CBK SI 20251219 PS AM P 17.00 0;SIMPLE_INSTRUMENT;BLOCK;EUR;8;1.06000000;15000;EXCHANGE_LAST;;2;1;XEUR;11088010;268;
24.02.2025;12:18:05.287;CFR SI 20261218 PS AM P 140.00 0;SIMPLE_INSTRUMENT;BLOCK;CHF;26;11.62000000;300;EXCHANGE_LAST;;1;1;XEUR;9996393;313;
24.02.2025;12:51:49.068;CFR SI 20251219 PS AM P 170.00 0;SIMPLE_INSTRUMENT;BLOCK;CHF;34;14.76000000;300;EXCHANGE_LAST;;1;1;XEUR;12437087;313;
24.02.2025;16:15:35.258;CFR.O.250224.STG.000007;STANDARD_OPTION_STRATEGY;BLOCK;CHF;66;32.35000000;300;EXCHANGE_LAST;;1;1;XEUR;72058938362728577;313;
24.02.2025;16:15:35.258;CFR SI 20251219 PS AM C 180.00 0;SIMPLE_INSTRUMENT;BLOCK;CHF;66;17.05000000;300;PRC_DECOMP_EXCHANGE;;;;XEUR;9996453;313;EXCHANGE
24.02.2025;16:15:35.258;CFR SI 20251219 PS AM P 170.00 0;SIMPLE_INSTRUMENT;BLOCK;CHF;66;15.30000000;300;PRC_DECOMP_EXCHANGE;;;;XEUR;12437087;313;EXCHANGE
24.02.2025;14:50:38.596;CFRL SI 20250321 CS;SIMPLE_INSTRUMENT;BLOCK;CHF;24;179.98000000;600;EXCHANGE_LAST;;1;1;XEUR;10741903;729453;
24.02.2025;14:39:02.340;CLN SI 20250321 PS AM P 11.00 0;SIMPLE_INSTRUMENT;BLOCK;CHF;55;0.37000000;2000;EXCHANGE_LAST;;1;1;XEUR;10834370;296;
24.02.2025;16:20:44.099;D2TE SI 20261218 CS;SIMPLE_INSTRUMENT;BLOCK;EUR;33;0.99000000;150;EXCHANGE_LAST;;1;1;XEUR;6800755;359;
24.02.2025;12:33:28.781;DAI SI 20250620 PS AM P 60.00 0;SIMPLE_INSTRUMENT;BLOCK;EUR;9;5.53000000;1000;EXCHANGE_LAST;;1;1;XEUR;7934298;443196;
24.02.2025;14:12:33.892;DAI SI 20250417 PS AM P 58.00 0;SIMPLE_INSTRUMENT;BLOCK;EUR;13;1.56000000;2000;EXCHANGE_LAST;;1;1;XEUR;12655096;443196;
24.02.2025;15:47:58.534;DAI SI 20260619 PS AM P 60.00 0;SIMPLE_INSTRUMENT;BLOCK;EUR;16;9.50000000;1000;EXCHANGE_LAST;;1;1;XEUR;9598270;443196;
24.02.2025;09:35:59.116;DBK SI 20250321 PS AM P 18.00 0;SIMPLE_INSTRUMENT;BLOCK;EUR;3;0.11000000;3000;EXCHANGE_LAST;;1;1;XEUR;10835600;362;
24.02.2025;10:12:05.374;DBK SI 20251219 PS AM P 18.00 0;SIMPLE_INSTRUMENT;BLOCK;EUR;4;1.42000000;3000;EXCHANGE_LAST;;1;1;XEUR;6184816;362;
24.02.2025;15:42:43.227;DBK.O.250224.STD.000006;STANDARD_OPTION_STRATEGY;BLOCK;EUR;10;3.55000000;5000;EXCHANGE_LAST;;1;1;XEUR;72059148816160780;362;
24.02.2025;15:42:43.227;DBK SI 20250919 PS AM P 20.00 0;SIMPLE_INSTRUMENT;BLOCK;EUR;10;2.08000000;5000;PRC_DECOMP_EXCHANGE;;;;XEUR;11877334;362;EXCHANGE
24.02.2025;15:42:43.227;DBK SI 20250919 PS AM C 20.00 0;SIMPLE_INSTRUMENT;BLOCK;EUR;10;1.47000000;5000;PRC_DECOMP_EXCHANGE;;;;XEUR;11877338;362;EXCHANGE
24.02.2025;16:17:52.886;DBK SI 20260619 PS AM C 20.00 0;SIMPLE_INSTRUMENT;BLOCK;EUR;11;2.48000000;2500;EXCHANGE_LAST;;1;1;XEUR;10253255;362;
24.02.2025;12:57:31.449;DPW SI 20250321 PS AM P 34.00 0;SIMPLE_INSTRUMENT;BLOCK;EUR;21;0.24000000;1000;EXCHANGE_LAST;;1;1;XEUR;10836847;445;
24.02.2025;14:41:07.894;DPW SI 20250620 PS AM C 40.00 0;SIMPLE_INSTRUMENT;BLOCK;EUR;29;0.81000000;2000;EXCHANGE_LAST;;1;1;XEUR;7902462;445;
24.02.2025;12:51:51.493;DTE SI 20261218 PS AM C 36.00 0;SIMPLE_INSTRUMENT;BLOCK;EUR;19;3.04000000;5500;EXCHANGE_LAST;;3;2;XEUR;8215287;424;
24.02.2025;13:31:20.048;DTE SI 20251219 PS AM P 32.00 0;SIMPLE_INSTRUMENT;BLOCK;EUR;24;1.49000000;1500;EXCHANGE_LAST;;1;1;XEUR;7834484;424;
24.02.2025;15:27:43.681;DTE SI 20250228 PS AM P 32.50 0;SIMPLE_INSTRUMENT;BLOCK;EUR;36;0.07000000;2143;EXCHANGE_LAST;;1;1;XEUR;12619290;424;
24.02.2025;15:27:46.106;DTE SI 20250228 PS AM P 34.00 0;SIMPLE_INSTRUMENT;BLOCK;EUR;37;0.35000000;2143;EXCHANGE_LAST;;1;1;XEUR;12619307;424;
24.02.2025;12:15:32.680;DTG SI 20250417 PS AM C 40.00 0;SIMPLE_INSTRUMENT;BLOCK;EUR;8;3.74000000;1000;EXCHANGE_LAST;;2;1;XEUR;12655118;455942;
24.02.2025;12:01:47.674;E3OA SI 20251219 CS;SIMPLE_INSTRUMENT;BLOCK;EUR;4;0.56000000;500;EXCHANGE_LAST;;1;1;XEUR;5914584;49063;
24.02.2025;10:46:32.897;EAD SI 20250417 PS AM C 170.00 0;SIMPLE_INSTRUMENT;BLOCK;EUR;12;3.52000000;400;EXCHANGE_LAST;;1;1;XEUR;12620503;465;
24.02.2025;11:50:42.075;EAD SI 20251219 PS AM C 170.00 0;SIMPLE_INSTRUMENT;BLOCK;EUR;18;12.75000000;500;EXCHANGE_LAST;;1;1;XEUR;12440396;465;
24.02.2025;13:47:31.815;EADG SI 20250321 CS;SIMPLE_INSTRUMENT;BLOCK;EUR;18;163.85500000;400;EXCHANGE_LAST;;1;1;XEUR;11420362;840008;
24.02.2025;09:47:48.864;ENR SI 20250321 PS AM P 45.00 0;SIMPLE_INSTRUMENT;BLOCK;EUR;2;0.47000000;420;EXCHANGE_LAST;;1;1;XEUR;12484082;298530;
24.02.2025;10:33:32.598;ENR SI 20250620 PS AM C 58.00 0;SIMPLE_INSTRUMENT;BLOCK;EUR;3;6.15000000;1500;EXCHANGE_LAST;;1;1;XEUR;12193232;298530;
24.02.2025;10:33:33.908;ENR SI 20250620 PS AM P 44.00 0;SIMPLE_INSTRUMENT;BLOCK;EUR;4;2.20000000;1500;EXCHANGE_LAST;;1;1;XEUR;11109012;298530;
24.02.2025;10:33:36.200;ENR SI 20250620 PS AM C 64.00 0;SIMPLE_INSTRUMENT;BLOCK;EUR;5;3.95000000;1500;EXCHANGE_LAST;;1;1;XEUR;12229449;298530;
24.02.2025;11:36:30.719;ENR SI 20250321 PS AM P 54.00 0;SIMPLE_INSTRUMENT;BLOCK;EUR;10;2.30000000;2250;EXCHANGE_LAST;;1;1;XEUR;12484033;298530;
24.02.2025;11:36:56.010;ENR SI 20250321 PS AM C 57.00 0;SIMPLE_INSTRUMENT;BLOCK;EUR;11;3.80000000;2250;EXCHANGE_LAST;;1;1;XEUR;12193262;298530;
24.02.2025;11:37:16.843;ENR SI 20250321 PS AM C 62.00 0;SIMPLE_INSTRUMENT;BLOCK;EUR;12;1.55000000;2250;EXCHANGE_LAST;;1;1;XEUR;12484035;298530;
24.02.2025;11:37:21.944;ENR SI 20250321 PS AM C 64.00 0;SIMPLE_INSTRUMENT;BLOCK;EUR;13;1.35000000;500;EXCHANGE_LAST;;1;1;XEUR;12229450;298530;
24.02.2025;11:49:06.947;ENR SI 20250417 PS AM C 62.00 0;SIMPLE_INSTRUMENT;BLOCK;EUR;14;2.93000000;7900;EXCHANGE_LAST;;1;1;XEUR;12650617;298530;
24.02.2025;11:49:25.921;ENR SI 20250417 PS AM C 72.00 0;SIMPLE_INSTRUMENT;BLOCK;EUR;15;1.00000000;11850;EXCHANGE_LAST;;1;1;XEUR;12686225;298530;
24.02.2025;12:42:32.938;ENR SI 20250620 PS AM C 64.00 0;SIMPLE_INSTRUMENT;BLOCK;EUR;18;4.65000000;5000;EXCHANGE_LAST;;1;1;XEUR;12229449;298530;
24.02.2025;12:51:33.441;ENR SI 20250417 PS AM C 66.00 0;SIMPLE_INSTRUMENT;BLOCK;EUR;20;2.12000000;1500;EXCHANGE_LAST;;1;1;XEUR;12650609;298530;
24.02.2025;13:07:07.874;ENR SI 20251219 PS AM P 56.00 0;SIMPLE_INSTRUMENT;BLOCK;EUR;23;10.10000000;1000;EXCHANGE_LAST;;1;1;XEUR;12410304;298530;
24.02.2025;14:33:57.863;ENR FI 20250919 PS EU C 66.0000 0;FLEXIBLE_INSTRUMENT;BLOCK;EUR;27;6.28000000;5000;EXCHANGE_LAST;;1;1;XEUR;1154203681193730883;298530;
24.02.2025;14:37:29.269;ENR FI 20250919 PS EU C 60.0000 0;FLEXIBLE_INSTRUMENT;BLOCK;EUR;28;8.11000000;4000;EXCHANGE_LAST;;1;1;XEUR;1154203681193730884;298530;
24.02.2025;14:56:40.628;ENR SI 20250321 PS AM P 54.00 0;SIMPLE_INSTRUMENT;BLOCK;EUR;30;2.31000000;2000;EXCHANGE_LAST;;3;1;XEUR;12484033;298530;
24.02.2025;15:17:41.531;ENR SI 20260619 PS AM P 44.00 0;SIMPLE_INSTRUMENT;BLOCK;EUR;34;6.97000000;300;EXCHANGE_LAST;;1;1;XEUR;11254319;298530;
24.02.2025;15:58:21.659;ENR SI 20250516 PS AM C 70.00 0;SIMPLE_INSTRUMENT;BLOCK;EUR;40;1.68000000;531;EXCHANGE_LAST;;1;1;XEUR;12848129;298530;
24.02.2025;16:04:31.663;ENR SI 20250516 PS AM C 70.00 0;SIMPLE_INSTRUMENT;BLOCK;EUR;41;1.66000000;1594;EXCHANGE_LAST;;1;1;XEUR;12848129;298530;
24.02.2025;16:04:52.653;ENR SI 20250516 PS AM C 60.00 0;SIMPLE_INSTRUMENT;BLOCK;EUR;42;3.91000000;2125;EXCHANGE_LAST;;1;1;XEUR;12848162;298530;
24.02.2025;15:19:56.918;ENT5 SI 20251218 PS AM P 10.00 0;SIMPLE_INSTRUMENT;BLOCK;EUR;17;0.15300000;2000;EXCHANGE_LAST;;1;1;XEUR;5911901;497;
24.02.2025;10:26:58.838;ERA SI 20250321 PS AM P 50.00 0;SIMPLE_INSTRUMENT;BLOCK;EUR;10;1.05000000;100;EXCHANGE_LAST;;1;1;XEUR;10837892;490;
24.02.2025;11:55:15.406;F3IA SI 20261218 CS;SIMPLE_INSTRUMENT;BLOCK;EUR;3;0.63500000;530;EXCHANGE_LAST;;1;1;XEUR;6830373;390387;
24.02.2025;13:50:50.853;F3IA SI 20251219 CS;SIMPLE_INSTRUMENT;BLOCK;EUR;19;0.54500000;1600;EXCHANGE_LAST;;1;1;XEUR;6633988;390387;
24.02.2025;14:08:23.759;F3IA SI 20251219 CS;SIMPLE_INSTRUMENT;BLOCK;EUR;22;0.54500000;800;EXCHANGE_LAST;;1;1;XEUR;6633988;390387;
24.02.2025;15:48:04.272;F3IA SI 20261218 CS;SIMPLE_INSTRUMENT;BLOCK;EUR;26;0.64000000;100;EXCHANGE_LAST;;1;1;XEUR;6830373;390387;
24.02.2025;16:16:57.705;F3IA SI 20261218 CS;SIMPLE_INSTRUMENT;BLOCK;EUR;31;0.64500000;1250;EXCHANGE_LAST;;1;2;XEUR;6830373;390387;
24.02.2025;16:26:10.525;F3IA SI 20261218 CS;SIMPLE_INSTRUMENT;BLOCK;EUR;36;0.64500000;2000;EXCHANGE_LAST;;1;2;XEUR;6830373;390387;
24.02.2025;16:29:03.175;F3IA SI 20261218 CS;SIMPLE_INSTRUMENT;BLOCK;EUR;37;0.64500000;1000;EXCHANGE_LAST;;1;1;XEUR;6830373;390387;
24.02.2025;09:01:38.888;FBTP SI 20250606 PS;SIMPLE_INSTRUMENT;EFP_FIN;EUR;1;119.47000000;442;EXCHANGE_LAST;;1;1;XEUR;11820365;636;
24.02.2025;09:16:10.064;FBTP SI 20250306 PS;SIMPLE_INSTRUMENT;BLOCK;EUR;2;119.91000000;1120;EXCHANGE_LAST;;1;1;XEUR;11286675;636;
24.02.2025;09:28:46.272;FBTP SI 20250306 PS;SIMPLE_INSTRUMENT;BLOCK;EUR;3;119.94000000;1168;EXCHANGE_LAST;;1;1;XEUR;11286675;636;
24.02.2025;09:35:21.525;FBTP SI 20250606 PS;SIMPLE_INSTRUMENT;BLOCK;EUR;4;119.52000000;1767;EXCHANGE_LAST;;1;1;XEUR;11820365;636;
24.02.2025;09:35:57.960;FBTP SI 20250306 PS;SIMPLE_INSTRUMENT;EFP_FIN;EUR;5;119.69000000;202;EXCHANGE_LAST;;1;1;XEUR;11286675;636;
24.02.2025;09:36:33.786;FBTP SI 20250606 PS;SIMPLE_INSTRUMENT;EFP_FIN;EUR;6;119.52000000;442;EXCHANGE_LAST;;1;1;XEUR;11820365;636;
24.02.2025;09:39:54.876;FBTP SI 20250306 PS;SIMPLE_INSTRUMENT;EFP_FIN;EUR;7;119.88000000;230;EXCHANGE_LAST;;1;1;XEUR;11286675;636;
24.02.2025;09:53:32.693;FBTP SI 20250606 PS;SIMPLE_INSTRUMENT;EFP_FIN;EUR;8;119.53000000;2297;EXCHANGE_LAST;;1;1;XEUR;11820365;636;
24.02.2025;10:13:27.463;FBTP SI 20250606 PS;SIMPLE_INSTRUMENT;EFP_FIN;EUR;9;119.49000000;442;EXCHANGE_LAST;;1;1;XEUR;11820365;636;
24.02.2025;10:23:33.142;FBTP SI 20250606 PS;SIMPLE_INSTRUMENT;EFP_FIN;EUR;10;119.50000000;221;EXCHANGE_LAST;;1;1;XEUR;11820365;636;
24.02.2025;11:08:10.398;FBTP SI 20250306 PS;SIMPLE_INSTRUMENT;EFP_FIN;EUR;11;119.72000000;224;EXCHANGE_LAST;;1;1;XEUR;11286675;636;
24.02.2025;11:15:05.788;FBTP SI 20250306 PS;SIMPLE_INSTRUMENT;EFP_FIN;EUR;12;119.78000000;585;EXCHANGE_LAST;;1;1;XEUR;11286675;636;
24.02.2025;11:16:42.609;FBTP SI 20250606 PS;SIMPLE_INSTRUMENT;EFP_FIN;EUR;13;119.35000000;442;EXCHANGE_LAST;;1;1;XEUR;11820365;636;
24.02.2025;12:07:03.336;FBTP SI 20250306 PS;SIMPLE_INSTRUMENT;EFP_FIN;EUR;14;119.68000000;224;EXCHANGE_LAST;;1;1;XEUR;11286675;636;
24.02.2025;12:36:41.132;FBTP SI 20250306 PS;SIMPLE_INSTRUMENT;EFP_FIN;EUR;15;119.64000000;619;EXCHANGE_LAST;;1;1;XEUR;11286675;636;
24.02.2025;12:44:22.499;FBTP SI 20250306 PS;SIMPLE_INSTRUMENT;EFP_FIN;EUR;16;119.63000000;92;EXCHANGE_LAST;;1;1;XEUR;11286675;636;
24.02.2025;13:10:55.731;FBTP SI 20250306 PS;SIMPLE_INSTRUMENT;EFP_FIN;EUR;17;119.67000000;231;EXCHANGE_LAST;;1;1;XEUR;11286675;636;
24.02.2025;13:32:20.863;FBTP SI 20250306 PS;SIMPLE_INSTRUMENT;EFP_FIN;EUR;18;119.76000000;896;EXCHANGE_LAST;;1;1;XEUR;11286675;636;
24.02.2025;13:50:13.188;FBTP SI 20250306 PS;SIMPLE_INSTRUMENT;EFP_FIN;EUR;19;119.73000000;55;EXCHANGE_LAST;;1;1;XEUR;11286675;636;
24.02.2025;13:50:27.167;FBTP SI 20250306 PS;SIMPLE_INSTRUMENT;EFP_FIN;EUR;20;119.75000000;179;EXCHANGE_LAST;;1;1;XEUR;11286675;636;
24.02.2025;14:22:56.652;FBTP SI 20250306 PS;SIMPLE_INSTRUMENT;EFP_FIN;EUR;21;119.65000000;99;EXCHANGE_LAST;;1;1;XEUR;11286675;636;
24.02.2025;14:30:05.248;FBTP SI 20250306 PS;SIMPLE_INSTRUMENT;EFP_FIN;EUR;22;119.66000000;294;EXCHANGE_LAST;;1;1;XEUR;11286675;636;
24.02.2025;14:38:52.029;FBTP SI 20250306 PS;SIMPLE_INSTRUMENT;EFP_FIN;EUR;23;119.66000000;862;EXCHANGE_LAST;;1;1;XEUR;11286675;636;
24.02.2025;14:39:16.911;FBTP SI 20250306 PS;SIMPLE_INSTRUMENT;EFP_FIN;EUR;24;119.65000000;99;EXCHANGE_LAST;;1;1;XEUR;11286675;636;
24.02.2025;15:01:49.065;FBTP SI 20250306 PS;SIMPLE_INSTRUMENT;EFP_FIN;EUR;25;119.68000000;548;EXCHANGE_LAST;;1;1;XEUR;11286675;636;
24.02.2025;15:15:34.538;FBTP SI 20250306 PS;SIMPLE_INSTRUMENT;EFP_FIN;EUR;26;119.78000000;619;EXCHANGE_LAST;;1;1;XEUR;11286675;636;
24.02.2025;15:17:15.922;FBTP SI 20250306 PS;SIMPLE_INSTRUMENT;EFP_FIN;EUR;27;119.80000000;169;EXCHANGE_LAST;;1;1;XEUR;11286675;636;
24.02.2025;15:33:34.042;FBTP SI 20250306 PS;SIMPLE_INSTRUMENT;EFP_FIN;EUR;28;119.79000000;214;EXCHANGE_LAST;;1;1;XEUR;11286675;636;
24.02.2025;15:54:32.355;FBTP SI 20250606 PS;SIMPLE_INSTRUMENT;EFP_FIN;EUR;29;119.45000000;1326;EXCHANGE_LAST;;1;1;XEUR;11820365;636;
24.02.2025;16:20:28.317;FBTP SI 20250306 PS;SIMPLE_INSTRUMENT;EFP_FIN;EUR;30;119.82000000;139;EXCHANGE_LAST;;1;1;XEUR;11286675;636;
24.02.2025;16:22:08.135;FBTP SI 20250306 PS;SIMPLE_INSTRUMENT;EFP_FIN;EUR;31;119.82000000;91;EXCHANGE_LAST;;1;1;XEUR;11286675;636;
24.02.2025;16:27:29.003;FBTP SI 20250306 PS;SIMPLE_INSTRUMENT;EFP_FIN;EUR;32;119.82000000;185;EXCHANGE_LAST;;1;1;XEUR;11286675;636;
24.02.2025;16:37:25.742;FBTP SI 20250306 PS;SIMPLE_INSTRUMENT;EFP_FIN;EUR;33;119.86000000;996;EXCHANGE_LAST;;1;1;XEUR;11286675;636;
24.02.2025;17:02:41.570;FBTP SI 20250306 PS;SIMPLE_INSTRUMENT;EFP_FIN;EUR;34;119.85000000;65;EXCHANGE_LAST;;1;1;XEUR;11286675;636;
24.02.2025;08:54:50.776;FBTS SI 20250306 PS;SIMPLE_INSTRUMENT;BLOCK;EUR;6;107.45000000;273;EXCHANGE_LAST;;1;1;XEUR;11286677;639;
24.02.2025;08:56:02.666;FBTS SI 20250306 PS;SIMPLE_INSTRUMENT;BLOCK;EUR;7;107.44000000;490;EXCHANGE_LAST;;1;1;XEUR;11286677;639;
24.02.2025;10:19:33.640;FBTS SI 20250306 PS;SIMPLE_INSTRUMENT;EFP_FIN;EUR;8;107.45000000;1371;EXCHANGE_LAST;;1;1;XEUR;11286677;639;
24.02.2025;10:36:13.775;FBTS SI 20250306 PS;SIMPLE_INSTRUMENT;BLOCK;EUR;9;107.44000000;454;EXCHANGE_LAST;;1;1;XEUR;11286677;639;
24.02.2025;13:11:16.778;FBTS SI 20250306 PS;SIMPLE_INSTRUMENT;BLOCK;EUR;16;107.41000000;535;EXCHANGE_LAST;;1;1;XEUR;11286677;639;
24.02.2025;13:20:40.511;FBTS SI 20250306 PS;SIMPLE_INSTRUMENT;BLOCK;EUR;17;107.41000000;1060;EXCHANGE_LAST;;1;1;XEUR;11286677;639;
24.02.2025;13:31:18.475;FBTS SI 20250306 PS;SIMPLE_INSTRUMENT;EFP_FIN;EUR;19;107.42000000;530;EXCHANGE_LAST;;1;1;XEUR;11286677;639;
24.02.2025;15:58:47.572;FBTS SI 20250306 PS;SIMPLE_INSTRUMENT;BLOCK;EUR;27;107.48000000;348;EXCHANGE_LAST;;1;1;XEUR;11286677;639;
24.02.2025;16:33:51.033;FBTS SI 20250306 PS;SIMPLE_INSTRUMENT;EFP_FIN;EUR;31;107.46000000;656;EXCHANGE_LAST;;1;1;XEUR;11286677;639;
24.02.2025;16:35:03.037;FBTS SI 20250306 PS;SIMPLE_INSTRUMENT;EFP_FIN;EUR;32;107.46000000;2623;EXCHANGE_LAST;;1;1;XEUR;11286677;639;
24.02.2025;17:19:28.014;FBTS SI 20250306 PS;SIMPLE_INSTRUMENT;EFP_FIN;EUR;33;107.42000000;87;EXCHANGE_LAST;;1;1;XEUR;11286677;639;
24.02.2025;11:23:19.532;FCEU SI 20251215 PS;SIMPLE_INSTRUMENT;BLOCK;USD;2;1.06405000;1400;EXCHANGE_LAST;;1;1;XEUR;8839526;369376;
24.02.2025;08:02:18.072;FCIN SI 20250328 CS;SIMPLE_INSTRUMENT;BLOCK;USD;1;148.38000000;10;EXCHANGE_LAST;;1;1;XEUR;10945396;580;
24.02.2025;08:02:36.804;FCIN SI 20250328 CS;SIMPLE_INSTRUMENT;BLOCK;USD;2;148.37000000;10;EXCHANGE_LAST;;1;1;XEUR;10945396;580;
24.02.2025;08:04:47.304;FCPE SI 20250328 CS;SIMPLE_INSTRUMENT;BLOCK;USD;3;183.39000000;59;EXCHANGE_LAST;;1;1;XEUR;10945400;586;
24.02.2025;11:21:05.941;FCUF SI 20251215 PS;SIMPLE_INSTRUMENT;BLOCK;CHF;1;0.87027000;1550;EXCHANGE_LAST;;1;1;XEUR;8839529;369380;
24.02.2025;16:28:14.704;FCUS SI 20250317 PS;SIMPLE_INSTRUMENT;EFP_IDX;SEK;3;10.65088000;40;EXCHANGE_LAST;;1;1;XEUR;9136395;402913;
24.02.2025;11:41:24.922;FD3D SI 20251219 CS;SIMPLE_INSTRUMENT;BLOCK;EUR;17;112.50000000;350;EXCHANGE_LAST;;1;2;XEUR;5914068;588;
24.02.2025;12:25:39.683;FD3D SI 20271217 CS;SIMPLE_INSTRUMENT;BLOCK;EUR;21;105.50000000;210;EXCHANGE_LAST;;1;1;XEUR;8782208;588;
24.02.2025;12:54:09.356;FD3D SI 20251219 CS;SIMPLE_INSTRUMENT;BLOCK;EUR;24;113.00000000;750;EXCHANGE_LAST;;2;2;XEUR;5914068;588;
24.02.2025;12:58:15.818;FD3D SI 20251219 CS;SIMPLE_INSTRUMENT;BLOCK;EUR;25;113.50000000;200;EXCHANGE_LAST;;1;1;XEUR;5914068;588;
24.02.2025;13:07:17.955;FD3D SI 20251219 CS;SIMPLE_INSTRUMENT;BLOCK;EUR;26;113.80000000;200;EXCHANGE_LAST;;1;1;XEUR;5914068;588;
24.02.2025;13:30:53.389;FD3D SI 20251219 CS;SIMPLE_INSTRUMENT;BLOCK;EUR;28;113.80000000;350;EXCHANGE_LAST;;1;1;XEUR;5914068;588;
24.02.2025;13:28:45.040;FD3D SI 20251219 CS;SIMPLE_INSTRUMENT;BLOCK;EUR;29;113.80000000;300;EXCHANGE_LAST;;1;1;XEUR;5914068;588;
24.02.2025;13:56:05.654;FD3D SI 20251219 CS;SIMPLE_INSTRUMENT;BLOCK;EUR;31;113.80000000;300;EXCHANGE_LAST;;1;1;XEUR;5914068;588;
24.02.2025;15:31:33.803;FD3D SI 20251219 CS;SIMPLE_INSTRUMENT;BLOCK;EUR;38;113.50000000;100;EXCHANGE_LAST;;1;1;XEUR;5914068;588;
24.02.2025;17:35:48.432;FD3D SI 20261218 CS;SIMPLE_INSTRUMENT;BLOCK;EUR;74;109.30000000;100;EXCHANGE_LAST;;1;1;XEUR;7158183;588;
24.02.2025;16:41:39.239;FDAX SI 20250321 CS;SIMPLE_INSTRUMENT;EFP_IDX;EUR;1;22473.00000000;2;EXCHANGE_LAST;;1;1;XEUR;7561255;589;
24.02.2025;16:41:45.795;FDAX SI 20250321 CS;SIMPLE_INSTRUMENT;EFP_IDX;EUR;2;22474.00000000;28;EXCHANGE_LAST;;1;1;XEUR;7561255;589;
24.02.2025;09:57:16.368;FDAX SI 20250321 CS;SIMPLE_INSTRUMENT;VOLA;EUR;671088651;22520.00000000;20;EXCHANGE_LAST;;1;1;XEUR;7561255;589;
24.02.2025;14:57:33.914;FDAX SI 20250321 CS;SIMPLE_INSTRUMENT;VOLA;EUR;671088669;22430.00000000;22;EXCHANGE_LAST;;1;1;XEUR;7561255;589;
24.02.2025;16:04:17.897;FDAX SI 20250321 CS;SIMPLE_INSTRUMENT;VOLA;EUR;671088673;22376.00000000;28;EXCHANGE_LAST;;1;1;XEUR;7561255;589;
24.02.2025;09:03:09.062;FEBD SI 20281215 CS;SIMPLE_INSTRUMENT;BLOCK;EUR;1;8.81000000;250;EXCHANGE_LAST;;1;1;XEUR;7776305;597;
24.02.2025;11:29:10.807;FEBD SI 20251219 CS;SIMPLE_INSTRUMENT;BLOCK;EUR;16;11.04000000;250;EXCHANGE_LAST;;1;1;XEUR;5914075;597;
24.02.2025;13:28:19.020;FEBD SI 20271217 CS;SIMPLE_INSTRUMENT;BLOCK;EUR;30;9.65000000;450;EXCHANGE_LAST;;1;1;XEUR;7776307;597;
24.02.2025;12:19:46.079;FEDV SI 20250321 CS;SIMPLE_INSTRUMENT;BLOCK;EUR;20;1795.00000000;1000;EXCHANGE_LAST;;1;1;XEUR;11359068;596;
24.02.2025;16:00:09.069;FEDV SI 20250321 CS;SIMPLE_INSTRUMENT;BLOCK;EUR;40;1790.00000000;560;EXCHANGE_LAST;;1;1;XEUR;11359068;596;
24.02.2025;16:57:33.715;FEDV SI 20250321 CS;SIMPLE_INSTRUMENT;BLOCK;EUR;64;1799.00000000;1140;EXCHANGE_LAST;;1;1;XEUR;11359068;596;
24.02.2025;16:58:54.922;FEDV SI 20250321 CS;SIMPLE_INSTRUMENT;BLOCK;EUR;65;1797.00000000;860;EXCHANGE_LAST;;1;1;XEUR;11359068;596;
24.02.2025;17:04:29.546;FEDV SI 20250321 CS;SIMPLE_INSTRUMENT;EFP_IDX;EUR;68;1798.50000000;803;EXCHANGE_LAST;;1;1;XEUR;11359068;596;
24.02.2025;17:04:52.880;FEDV SI 20250321 CS;SIMPLE_INSTRUMENT;EFP_IDX;EUR;69;1798.00000000;297;EXCHANGE_LAST;;1;1;XEUR;11359068;596;
24.02.2025;14:26:50.437;FES1 SI 20250321 PS;SIMPLE_INSTRUMENT;BLOCK;EUR;32;8.20000000;210;EXCHANGE_LAST;;1;1;XEUR;11391470;58959;
24.02.2025;14:26:55.877;FES1 SI 20250321 PS;SIMPLE_INSTRUMENT;BLOCK;EUR;33;8.30000000;1881;EXCHANGE_LAST;;1;1;XEUR;11391470;58959;
24.02.2025;16:19:55.771;FES1 SI 20250321 PS;SIMPLE_INSTRUMENT;BLOCK;EUR;42;8.40000000;1200;EXCHANGE_LAST;;1;1;XEUR;11391470;58959;
24.02.2025;15:44:12.953;FESB SI 20250321 CS;SIMPLE_INSTRUMENT;VOLA;EUR;603979811;176.30000000;240;EXCHANGE_LAST;;1;1;XEUR;11359072;605;
24.02.2025;16:02:53.892;FESB SI 20250321 CS;SIMPLE_INSTRUMENT;VOLA;EUR;603979819;176.60000000;510;EXCHANGE_LAST;;1;1;XEUR;11359072;605;
24.02.2025;17:12:31.306;FESB SI 20250321 CS;SIMPLE_INSTRUMENT;VOLA;EUR;603979826;176.70000000;300;EXCHANGE_LAST;;1;1;XEUR;11359072;605;
24.02.2025;16:46:40.159;FESX SI 20250321 CS;SIMPLE_INSTRUMENT;EFP_IDX;EUR;5;5462.00000000;792;EXCHANGE_LAST;;1;1;XEUR;7793482;675;
24.02.2025;16:46:52.540;FESX SI 20250321 CS;SIMPLE_INSTRUMENT;EFP_IDX;EUR;6;5463.00000000;8;EXCHANGE_LAST;;1;1;XEUR;7793482;675;
24.02.2025;16:47:33.889;FESX SI 20250321 CS;SIMPLE_INSTRUMENT;EFP_IDX;EUR;7;5462.00000000;463;EXCHANGE_LAST;;1;1;XEUR;7793482;675;
24.02.2025;16:47:02.830;FESX SI 20250321 CS;SIMPLE_INSTRUMENT;EFP_IDX;EUR;8;5463.00000000;5;EXCHANGE_LAST;;1;1;XEUR;7793482;675;
24.02.2025;16:47:14.379;FESX SI 20250321 CS;SIMPLE_INSTRUMENT;EFP_IDX;EUR;9;5462.00000000;230;EXCHANGE_LAST;;1;1;XEUR;7793482;675;
24.02.2025;16:47:43.465;FESX SI 20250321 CS;SIMPLE_INSTRUMENT;EFP_IDX;EUR;10;5463.00000000;2;EXCHANGE_LAST;;1;1;XEUR;7793482;675;
24.02.2025;16:51:11.389;FESX SI 20250321 CS;SIMPLE_INSTRUMENT;EFP_IDX;EUR;11;5462.00000000;396;EXCHANGE_LAST;;1;1;XEUR;7793482;675;
24.02.2025;16:51:32.682;FESX SI 20250321 CS;SIMPLE_INSTRUMENT;EFP_IDX;EUR;12;5463.00000000;4;EXCHANGE_LAST;;1;1;XEUR;7793482;675;
24.02.2025;16:53:08.146;FESX SI 20250321 CS;SIMPLE_INSTRUMENT;EFP_IDX;EUR;13;5462.00000000;347;EXCHANGE_LAST;;1;1;XEUR;7793482;675;
24.02.2025;16:53:28.951;FESX SI 20250321 CS;SIMPLE_INSTRUMENT;EFP_IDX;EUR;14;5463.00000000;92;EXCHANGE_LAST;;1;1;XEUR;7793482;675;
24.02.2025;10:21:16.108;FESX SI 20250321 CS;SIMPLE_INSTRUMENT;VOLA;EUR;637534255;5483.00000000;800;EXCHANGE_LAST;;1;1;XEUR;7793482;675;
24.02.2025;13:35:27.928;FESX SI 20250321 CS;SIMPLE_INSTRUMENT;VOLA;EUR;637534289;5482.00000000;276;EXCHANGE_LAST;;1;1;XEUR;7793482;675;
24.02.2025;13:37:47.968;FESX SI 20250321 CS;SIMPLE_INSTRUMENT;VOLA;EUR;637534293;5480.00000000;40;EXCHANGE_LAST;;1;1;XEUR;7793482;675;
24.02.2025;14:18:50.135;FESX SI 20250321 CS;SIMPLE_INSTRUMENT;VOLA;EUR;637534296;5480.00000000;675;EXCHANGE_LAST;;1;1;XEUR;7793482;675;
24.02.2025;15:54:53.221;FESX SI 20250321 CS;SIMPLE_INSTRUMENT;VOLA;EUR;637534314;5449.00000000;240;EXCHANGE_LAST;;1;1;XEUR;7793482;675;
24.02.2025;15:54:55.742;FESX SI 20250321 CS;SIMPLE_INSTRUMENT;VOLA;EUR;637534315;5449.00000000;110;EXCHANGE_LAST;;1;1;XEUR;7793482;675;
24.02.2025;16:17:38.777;FESX SI 20250321 CS;SIMPLE_INSTRUMENT;VOLA;EUR;637534330;5450.00000000;1080;EXCHANGE_LAST;;1;1;XEUR;7793482;675;
24.02.2025;09:08:47.079;FEXD SI 20271217 CS;SIMPLE_INSTRUMENT;BLOCK;EUR;2;152.70000000;200;EXCHANGE_LAST;;1;1;XEUR;2848338;693;
24.02.2025;09:55:17.487;FEXD SI 20261218 CS;SIMPLE_INSTRUMENT;BLOCK;EUR;4;157.90000000;125;EXCHANGE_LAST;;1;1;XEUR;2163053;693;
24.02.2025;09:55:31.913;FEXD SI 20281215 CS;SIMPLE_INSTRUMENT;BLOCK;EUR;5;148.70000000;125;EXCHANGE_LAST;;1;1;XEUR;3680985;693;
24.02.2025;10:27:16.215;FEXD SI 20251219 CS;SIMPLE_INSTRUMENT;BLOCK;EUR;6;165.40000000;400;EXCHANGE_LAST;;1;1;XEUR;1548120;693;
24.02.2025;10:27:27.226;FEXD SI 20261218 CS;SIMPLE_INSTRUMENT;BLOCK;EUR;7;158.20000000;400;EXCHANGE_LAST;;1;1;XEUR;2163053;693;
24.02.2025;10:48:26.569;FEXD SI 20261218 CS;SIMPLE_INSTRUMENT;BLOCK;EUR;8;158.20000000;250;EXCHANGE_LAST;;1;1;XEUR;2163053;693;
24.02.2025;14:40:54.036;FEXD SI 20251219 CS;SIMPLE_INSTRUMENT;BLOCK;EUR;34;165.40000000;500;EXCHANGE_LAST;;1;1;XEUR;1548120;693;
24.02.2025;16:04:16.001;FEXD SI 20261218 CS;SIMPLE_INSTRUMENT;BLOCK;EUR;41;157.70000000;350;EXCHANGE_LAST;;1;1;XEUR;2163053;693;
24.02.2025;07:30:52.485;FGBL SI 20250306 PS;SIMPLE_INSTRUMENT;EFS;EUR;1;132.06000000;419;EXCHANGE_LAST;;1;1;XEUR;11286679;688;
24.02.2025;07:30:56.486;FGBL SI 20250306 PS;SIMPLE_INSTRUMENT;EFS;EUR;2;132.10000000;418;EXCHANGE_LAST;;1;1;XEUR;11286679;688;
24.02.2025;07:35:54.950;FGBL SI 20250306 PS;SIMPLE_INSTRUMENT;EFS;EUR;3;132.09000000;236;EXCHANGE_LAST;;1;1;XEUR;11286679;688;
24.02.2025;07:37:11.740;FGBL SI 20250306 PS;SIMPLE_INSTRUMENT;EFS;EUR;4;132.17000000;418;EXCHANGE_LAST;;1;1;XEUR;11286679;688;
24.02.2025;07:40:11.864;FGBL SI 20250306 PS;SIMPLE_INSTRUMENT;EFS;EUR;5;132.19000000;418;EXCHANGE_LAST;;1;1;XEUR;11286679;688;
24.02.2025;07:41:17.010;FGBL SI 20250306 PS;SIMPLE_INSTRUMENT;EFS;EUR;6;132.13000000;450;EXCHANGE_LAST;;1;1;XEUR;11286679;688;
24.02.2025;07:42:25.007;FGBL SI 20250306 PS;SIMPLE_INSTRUMENT;EFS;EUR;7;132.08000000;450;EXCHANGE_LAST;;1;1;XEUR;11286679;688;
24.02.2025;07:48:39.155;FGBL SI 20250306 PS;SIMPLE_INSTRUMENT;EFS;EUR;8;132.26000000;293;EXCHANGE_LAST;;1;1;XEUR;11286679;688;
24.02.2025;07:50:14.510;FGBL SI 20250306 PS;SIMPLE_INSTRUMENT;EFS;EUR;9;132.20000000;500;EXCHANGE_LAST;;1;1;XEUR;11286679;688;
24.02.2025;07:54:31.854;FGBL SI 20250306 PS;SIMPLE_INSTRUMENT;EFS;EUR;10;132.34000000;450;EXCHANGE_LAST;;1;1;XEUR;11286679;688;
24.02.2025;08:03:06.613;FGBL SI 20250306 PS;SIMPLE_INSTRUMENT;EFS;EUR;11;132.28000000;472;EXCHANGE_LAST;;1;1;XEUR;11286679;688;
24.02.2025;08:03:56.548;FGBL SI 20250306 PS;SIMPLE_INSTRUMENT;EFS;EUR;12;132.28000000;472;EXCHANGE_LAST;;1;1;XEUR;11286679;688;
24.02.2025;08:08:01.035;FGBL SI 20250306 PS;SIMPLE_INSTRUMENT;EFS;EUR;13;132.31000000;225;EXCHANGE_LAST;;1;1;XEUR;11286679;688;
24.02.2025;08:23:37.083;FGBL SI 20250306 PS;SIMPLE_INSTRUMENT;EFS;EUR;14;132.39000000;450;EXCHANGE_LAST;;1;1;XEUR;11286679;688;
24.02.2025;08:24:15.939;FGBL SI 20250306 PS;SIMPLE_INSTRUMENT;EFS;EUR;15;132.28000000;944;EXCHANGE_LAST;;1;1;XEUR;11286679;688;
24.02.2025;08:26:48.171;FGBL SI 20250306 PS;SIMPLE_INSTRUMENT;EFS;EUR;16;132.39000000;28;EXCHANGE_LAST;;1;1;XEUR;11286679;688;
24.02.2025;08:26:56.670;FGBL SI 20250306 PS;SIMPLE_INSTRUMENT;EFS;EUR;17;132.40000000;450;EXCHANGE_LAST;;1;1;XEUR;11286679;688;
24.02.2025;08:27:10.317;FGBL SI 20250306 PS;SIMPLE_INSTRUMENT;EFS;EUR;18;132.40000000;418;EXCHANGE_LAST;;1;1;XEUR;11286679;688;
24.02.2025;08:31:05.783;FGBL SI 20250306 PS;SIMPLE_INSTRUMENT;EFS;EUR;19;132.27000000;449;EXCHANGE_LAST;;1;1;XEUR;11286679;688;
24.02.2025;08:33:23.836;FGBL SI 20250306 PS;SIMPLE_INSTRUMENT;EFS;EUR;20;132.41000000;418;EXCHANGE_LAST;;1;1;XEUR;11286679;688;
24.02.2025;08:38:11.813;FGBL SI 20250306 PS;SIMPLE_INSTRUMENT;EFS;EUR;21;132.42000000;471;EXCHANGE_LAST;;1;1;XEUR;11286679;688;
24.02.2025;08:38:51.574;FGBL SI 20250306 PS;SIMPLE_INSTRUMENT;EFS;EUR;22;132.43000000;84;EXCHANGE_LAST;;1;1;XEUR;11286679;688;
24.02.2025;08:44:50.433;FGBL SI 20250306 PS;SIMPLE_INSTRUMENT;EFS;EUR;23;132.41000000;90;EXCHANGE_LAST;;1;1;XEUR;11286679;688;
24.02.2025;08:44:54.356;FGBL SI 20250306 PS;SIMPLE_INSTRUMENT;EFS;EUR;24;132.40000000;189;EXCHANGE_LAST;;1;1;XEUR;11286679;688;
24.02.2025;08:48:14.724;FGBL SI 20250306 PS;SIMPLE_INSTRUMENT;EFS;EUR;25;132.45000000;200;EXCHANGE_LAST;;1;1;XEUR;11286679;688;
24.02.2025;08:49:44.821;FGBL SI 20250306 PS;SIMPLE_INSTRUMENT;EFS;EUR;26;132.38000000;418;EXCHANGE_LAST;;1;1;XEUR;11286679;688;
24.02.2025;08:56:31.954;FGBL SI 20250306 PS;SIMPLE_INSTRUMENT;EFS;EUR;27;132.31000000;209;EXCHANGE_LAST;;1;1;XEUR;11286679;688;
24.02.2025;08:56:41.962;FGBL SI 20250306 PS;SIMPLE_INSTRUMENT;EFS;EUR;28;132.31000000;209;EXCHANGE_LAST;;1;1;XEUR;11286679;688;
24.02.2025;09:04:01.302;FGBL SI 20250306 PS;SIMPLE_INSTRUMENT;EFS;EUR;29;132.36000000;418;EXCHANGE_LAST;;1;1;XEUR;11286679;688;
24.02.2025;09:09:21.232;FGBL SI 20250306 PS;SIMPLE_INSTRUMENT;EFS;EUR;30;132.32000000;4800;EXCHANGE_LAST;;1;1;XEUR;11286679;688;
24.02.2025;09:10:54.816;FGBL SI 20250306 PS;SIMPLE_INSTRUMENT;EFS;EUR;31;132.32000000;944;EXCHANGE_LAST;;1;1;XEUR;11286679;688;
24.02.2025;09:14:18.693;FGBL SI 20250306 PS;SIMPLE_INSTRUMENT;EFS;EUR;32;132.31000000;418;EXCHANGE_LAST;;1;1;XEUR;11286679;688;
24.02.2025;09:15:22.922;FGBL SI 20250306 PS;SIMPLE_INSTRUMENT;EFP_FIN;EUR;33;132.35000000;900;EXCHANGE_LAST;;1;1;XEUR;11286679;688;
24.02.2025;09:20:12.001;FGBL SI 20250306 PS;SIMPLE_INSTRUMENT;EFS;EUR;34;132.33000000;209;EXCHANGE_LAST;;1;1;XEUR;11286679;688;
24.02.2025;09:21:22.692;FGBL SI 20250306 PS;SIMPLE_INSTRUMENT;EFS;EUR;35;132.32000000;372;EXCHANGE_LAST;;1;1;XEUR;11286679;688;
24.02.2025;09:22:47.528;FGBL SI 20250306 PS;SIMPLE_INSTRUMENT;EFS;EUR;36;132.33000000;209;EXCHANGE_LAST;;1;1;XEUR;11286679;688;
24.02.2025;09:23:49.306;FGBL SI 20250306 PS;SIMPLE_INSTRUMENT;EFS;EUR;37;132.35000000;209;EXCHANGE_LAST;;1;1;XEUR;11286679;688;
24.02.2025;09:32:56.298;FGBL SI 20250306 PS;SIMPLE_INSTRUMENT;EFS;EUR;38;132.30000000;4000;EXCHANGE_LAST;;1;1;XEUR;11286679;688;
24.02.2025;09:34:27.793;FGBL SI 20250306 PS;SIMPLE_INSTRUMENT;EFS;EUR;39;132.35000000;189;EXCHANGE_LAST;;1;1;XEUR;11286679;688;
24.02.2025;09:44:31.331;FGBL SI 20250306 PS;SIMPLE_INSTRUMENT;EFP_FIN;EUR;40;132.37000000;113;EXCHANGE_LAST;;1;1;XEUR;11286679;688;
24.02.2025;09:47:22.130;FGBL SI 20250306 PS;SIMPLE_INSTRUMENT;EFS;EUR;41;132.30000000;372;EXCHANGE_LAST;;1;1;XEUR;11286679;688;
24.02.2025;09:47:23.132;FGBL SI 20250306 PS;SIMPLE_INSTRUMENT;EFS;EUR;42;132.29000000;418;EXCHANGE_LAST;;1;1;XEUR;11286679;688;
24.02.2025;09:50:45.339;FGBL SI 20250306 PS;SIMPLE_INSTRUMENT;EFS;EUR;43;132.32000000;358;EXCHANGE_LAST;;1;1;XEUR;11286679;688;
24.02.2025;10:02:47.969;FGBL SI 20250306 PS;SIMPLE_INSTRUMENT;EFP_FIN;EUR;44;132.28000000;348;EXCHANGE_LAST;;1;1;XEUR;11286679;688;
24.02.2025;10:13:23.632;FGBL SI 20250306 PS;SIMPLE_INSTRUMENT;EFS;EUR;45;132.28000000;418;EXCHANGE_LAST;;1;1;XEUR;11286679;688;
24.02.2025;10:18:01.470;FGBL SI 20250306 PS;SIMPLE_INSTRUMENT;EFP_FIN;EUR;46;132.24000000;1857;EXCHANGE_LAST;;1;1;XEUR;11286679;688;
24.02.2025;10:20:20.281;FGBL SI 20250306 PS;SIMPLE_INSTRUMENT;EFP_FIN;EUR;47;132.30000000;271;EXCHANGE_LAST;;1;1;XEUR;11286679;688;
24.02.2025;10:22:25.380;FGBL SI 20250306 PS;SIMPLE_INSTRUMENT;EFS;EUR;48;132.23000000;264;EXCHANGE_LAST;;1;1;XEUR;11286679;688;
24.02.2025;10:23:27.724;FGBL SI 20250306 PS;SIMPLE_INSTRUMENT;EFS;EUR;49;132.25000000;418;EXCHANGE_LAST;;1;1;XEUR;11286679;688;
24.02.2025;10:28:22.804;FGBL SI 20250306 PS;SIMPLE_INSTRUMENT;EFS;EUR;50;132.24000000;234;EXCHANGE_LAST;;1;1;XEUR;11286679;688;
24.02.2025;10:31:15.955;FGBL SI 20250306 PS;SIMPLE_INSTRUMENT;EFS;EUR;51;132.25000000;744;EXCHANGE_LAST;;1;1;XEUR;11286679;688;
24.02.2025;10:37:51.953;FGBL SI 20250306 PS;SIMPLE_INSTRUMENT;EFS;EUR;52;132.27000000;236;EXCHANGE_LAST;;1;1;XEUR;11286679;688;
24.02.2025;10:44:27.981;FGBL SI 20250306 PS;SIMPLE_INSTRUMENT;EFS;EUR;53;132.21000000;149;EXCHANGE_LAST;;1;1;XEUR;11286679;688;
24.02.2025;10:45:17.504;FGBL SI 20250306 PS;SIMPLE_INSTRUMENT;EFS;EUR;54;132.26000000;1957;EXCHANGE_LAST;;1;1;XEUR;11286679;688;
24.02.2025;10:49:18.977;FGBL SI 20250306 PS;SIMPLE_INSTRUMENT;EFP_FIN;EUR;55;132.22000000;661;EXCHANGE_LAST;;1;1;XEUR;11286679;688;
24.02.2025;10:56:28.011;FGBL SI 20250306 PS;SIMPLE_INSTRUMENT;EFS;EUR;56;132.18000000;418;EXCHANGE_LAST;;1;1;XEUR;11286679;688;
24.02.2025;10:58:14.377;FGBL SI 20250306 PS;SIMPLE_INSTRUMENT;EFS;EUR;57;132.20000000;251;EXCHANGE_LAST;;1;1;XEUR;11286679;688;
24.02.2025;11:00:38.471;FGBL SI 20250306 PS;SIMPLE_INSTRUMENT;EFP_FIN;EUR;58;132.19000000;817;EXCHANGE_LAST;;1;1;XEUR;11286679;688;
24.02.2025;11:03:12.135;FGBL SI 20250306 PS;SIMPLE_INSTRUMENT;EFS;EUR;59;132.17000000;483;EXCHANGE_LAST;;1;1;XEUR;11286679;688;
24.02.2025;11:07:16.508;FGBL SI 20250306 PS;SIMPLE_INSTRUMENT;EFP_FIN;EUR;60;132.17000000;111;EXCHANGE_LAST;;1;1;XEUR;11286679;688;
24.02.2025;11:11:09.725;FGBL SI 20250306 PS;SIMPLE_INSTRUMENT;EFP_FIN;EUR;61;132.15000000;95;EXCHANGE_LAST;;1;1;XEUR;11286679;688;
24.02.2025;11:17:03.591;FGBL SI 20250306 PS;SIMPLE_INSTRUMENT;EFS;EUR;62;132.17000000;209;EXCHANGE_LAST;;1;1;XEUR;11286679;688;
24.02.2025;11:17:52.173;FGBL SI 20250306 PS;SIMPLE_INSTRUMENT;EFS;EUR;63;132.17000000;209;EXCHANGE_LAST;;1;1;XEUR;11286679;688;
24.02.2025;11:18:21.851;FGBL SI 20250306 PS;SIMPLE_INSTRUMENT;EFS;EUR;64;132.17000000;209;EXCHANGE_LAST;;1;1;XEUR;11286679;688;
24.02.2025;11:26:18.043;FGBL SI 20250306 PS;SIMPLE_INSTRUMENT;EFP_FIN;EUR;65;132.18000000;225;EXCHANGE_LAST;;1;1;XEUR;11286679;688;
24.02.2025;11:26:51.620;FGBL SI 20250306 PS;SIMPLE_INSTRUMENT;EFP_FIN;EUR;66;132.18000000;225;EXCHANGE_LAST;;1;1;XEUR;11286679;688;
24.02.2025;11:32:27.406;FGBL SI 20250306 PS;SIMPLE_INSTRUMENT;EFP_FIN;EUR;67;132.16000000;1857;EXCHANGE_LAST;;1;1;XEUR;11286679;688;
24.02.2025;11:37:27.673;FGBL SI 20250306 PS;SIMPLE_INSTRUMENT;EFS;EUR;68;132.12000000;418;EXCHANGE_LAST;;1;1;XEUR;11286679;688;
24.02.2025;11:40:57.808;FGBL SI 20250306 PS;SIMPLE_INSTRUMENT;EFS;EUR;69;132.12000000;419;EXCHANGE_LAST;;1;1;XEUR;11286679;688;
24.02.2025;11:41:15.274;FGBL SI 20250306 PS;SIMPLE_INSTRUMENT;EFS;EUR;70;132.13000000;226;EXCHANGE_LAST;;1;1;XEUR;11286679;688;
24.02.2025;11:42:25.325;FGBL SI 20250306 PS;SIMPLE_INSTRUMENT;EFS;EUR;71;132.15000000;677;EXCHANGE_LAST;;1;1;XEUR;11286679;688;
24.02.2025;11:45:28.174;FGBL SI 20250306 PS;SIMPLE_INSTRUMENT;EFS;EUR;72;132.13000000;449;EXCHANGE_LAST;;1;1;XEUR;11286679;688;
24.02.2025;11:54:23.348;FGBL SI 20250306 PS;SIMPLE_INSTRUMENT;EFS;EUR;73;132.09000000;419;EXCHANGE_LAST;;1;1;XEUR;11286679;688;
24.02.2025;11:56:15.496;FGBL SI 20250306 PS;SIMPLE_INSTRUMENT;EFS;EUR;74;132.13000000;709;EXCHANGE_LAST;;1;1;XEUR;11286679;688;
24.02.2025;11:57:34.288;FGBL SI 20250306 PS;SIMPLE_INSTRUMENT;EFP_FIN;EUR;76;132.11000000;191;EXCHANGE_LAST;;1;1;XEUR;11286679;688;
24.02.2025;11:58:29.210;FGBL SI 20250306 PS;SIMPLE_INSTRUMENT;EFS;EUR;77;132.10000000;450;EXCHANGE_LAST;;1;1;XEUR;11286679;688;
24.02.2025;11:58:06.333;FGBL SI 20250306 PS;SIMPLE_INSTRUMENT;EFS;EUR;78;132.12000000;472;EXCHANGE_LAST;;1;1;XEUR;11286679;688;
24.02.2025;11:59:54.156;FGBL SI 20250306 PS;SIMPLE_INSTRUMENT;EFP_FIN;EUR;79;132.13000000;675;EXCHANGE_LAST;;1;1;XEUR;11286679;688;
24.02.2025;12:05:43.746;FGBL SI 20250306 PS;SIMPLE_INSTRUMENT;EFP_FIN;EUR;80;132.11000000;1486;EXCHANGE_LAST;;1;1;XEUR;11286679;688;
24.02.2025;12:10:05.173;FGBL SI 20250306 PS;SIMPLE_INSTRUMENT;EFS;EUR;81;132.07000000;419;EXCHANGE_LAST;;1;1;XEUR;11286679;688;
24.02.2025;12:10:15.183;FGBL SI 20250306 PS;SIMPLE_INSTRUMENT;EFS;EUR;82;132.07000000;419;EXCHANGE_LAST;;1;1;XEUR;11286679;688;
24.02.2025;12:11:22.166;FGBL SI 20250306 PS;SIMPLE_INSTRUMENT;EFP_FIN;EUR;83;132.10000000;743;EXCHANGE_LAST;;1;1;XEUR;11286679;688;
24.02.2025;12:20:30.596;FGBL SI 20250306 PS;SIMPLE_INSTRUMENT;EFS;EUR;84;132.07000000;419;EXCHANGE_LAST;;1;1;XEUR;11286679;688;
24.02.2025;12:21:30.763;FGBL SI 20250306 PS;SIMPLE_INSTRUMENT;BLOCK;EUR;85;132.08000000;4000;EXCHANGE_LAST;;1;1;XEUR;11286679;688;
24.02.2025;12:21:47.665;FGBL SI 20250306 PS;SIMPLE_INSTRUMENT;EFP_FIN;EUR;86;132.07000000;742;EXCHANGE_LAST;;1;1;XEUR;11286679;688;
24.02.2025;12:25:24.300;FGBL SI 20250306 PS;SIMPLE_INSTRUMENT;EFP_FIN;EUR;87;132.08000000;675;EXCHANGE_LAST;;1;1;XEUR;11286679;688;
24.02.2025;12:26:10.768;FGBL SI 20250306 PS;SIMPLE_INSTRUMENT;EFS;EUR;88;132.08000000;452;EXCHANGE_LAST;;1;1;XEUR;11286679;688;
24.02.2025;12:34:46.286;FGBL SI 20250306 PS;SIMPLE_INSTRUMENT;EFS;EUR;89;132.05000000;230;EXCHANGE_LAST;;1;1;XEUR;11286679;688;
24.02.2025;12:40:45.575;FGBL SI 20250306 PS;SIMPLE_INSTRUMENT;EFP_FIN;EUR;90;132.12000000;706;EXCHANGE_LAST;;1;1;XEUR;11286679;688;
24.02.2025;12:42:59.639;FGBL SI 20250306 PS;SIMPLE_INSTRUMENT;EFS;EUR;91;132.09000000;1000;EXCHANGE_LAST;;1;1;XEUR;11286679;688;
24.02.2025;12:44:31.399;FGBL SI 20250306 PS;SIMPLE_INSTRUMENT;EFS;EUR;92;132.13000000;381;EXCHANGE_LAST;;1;1;XEUR;11286679;688;
24.02.2025;13:01:26.320;FGBL SI 20250306 PS;SIMPLE_INSTRUMENT;EFS;EUR;93;132.10000000;209;EXCHANGE_LAST;;1;1;XEUR;11286679;688;
24.02.2025;13:07:12.928;FGBL SI 20250306 PS;SIMPLE_INSTRUMENT;EFS;EUR;94;132.10000000;452;EXCHANGE_LAST;;1;1;XEUR;11286679;688;
24.02.2025;13:07:48.152;FGBL SI 20250306 PS;SIMPLE_INSTRUMENT;EFS;EUR;95;132.10000000;452;EXCHANGE_LAST;;1;1;XEUR;11286679;688;
24.02.2025;13:10:43.231;FGBL SI 20250306 PS;SIMPLE_INSTRUMENT;EFS;EUR;96;132.08000000;209;EXCHANGE_LAST;;1;1;XEUR;11286679;688;
24.02.2025;13:11:04.963;FGBL SI 20250306 PS;SIMPLE_INSTRUMENT;EFS;EUR;97;132.05000000;452;EXCHANGE_LAST;;1;1;XEUR;11286679;688;
24.02.2025;13:20:30.874;FGBL SI 20250306 PS;SIMPLE_INSTRUMENT;EFP_FIN;EUR;98;132.10000000;1114;EXCHANGE_LAST;;1;1;XEUR;11286679;688;
24.02.2025;13:22:15.314;FGBL SI 20250306 PS;SIMPLE_INSTRUMENT;EFP_FIN;EUR;99;132.11000000;1114;EXCHANGE_LAST;;1;1;XEUR;11286679;688;
24.02.2025;13:26:01.694;FGBL SI 20250306 PS;SIMPLE_INSTRUMENT;EFS;EUR;100;132.09000000;236;EXCHANGE_LAST;;1;1;XEUR;11286679;688;
24.02.2025;13:30:51.977;FGBL SI 20250306 PS;SIMPLE_INSTRUMENT;EFS;EUR;101;132.10000000;378;EXCHANGE_LAST;;1;1;XEUR;11286679;688;
24.02.2025;13:36:52.919;FGBL SI 20250306 PS;SIMPLE_INSTRUMENT;EFS;EUR;102;132.13000000;1805;EXCHANGE_LAST;;1;1;XEUR;11286679;688;
24.02.2025;13:39:15.001;FGBL SI 20250306 PS;SIMPLE_INSTRUMENT;EFP_FIN;EUR;103;132.13000000;228;EXCHANGE_LAST;;1;1;XEUR;11286679;688;
24.02.2025;13:44:07.634;FGBL SI 20250306 PS;SIMPLE_INSTRUMENT;EFS;EUR;104;132.13000000;677;EXCHANGE_LAST;;1;1;XEUR;11286679;688;
24.02.2025;13:44:11.347;FGBL SI 20250306 PS;SIMPLE_INSTRUMENT;EFS;EUR;105;132.09000000;418;EXCHANGE_LAST;;1;1;XEUR;11286679;688;
24.02.2025;13:46:49.191;FGBL SI 20250306 PS;SIMPLE_INSTRUMENT;EFS;EUR;106;132.07000000;419;EXCHANGE_LAST;;1;1;XEUR;11286679;688;
24.02.2025;13:48:47.786;FGBL SI 20250306 PS;SIMPLE_INSTRUMENT;EFS;EUR;107;132.12000000;451;EXCHANGE_LAST;;1;1;XEUR;11286679;688;
24.02.2025;14:03:35.330;FGBL SI 20250306 PS;SIMPLE_INSTRUMENT;BLOCK;EUR;108;132.12000000;4500;EXCHANGE_LAST;;1;1;XEUR;11286679;688;
24.02.2025;13:54:49.098;FGBL SI 20250306 PS;SIMPLE_INSTRUMENT;EFP_FIN;EUR;109;132.01000000;175;EXCHANGE_LAST;;1;1;XEUR;11286679;688;
24.02.2025;14:03:59.927;FGBL SI 20250306 PS;SIMPLE_INSTRUMENT;EFS;EUR;110;132.02000000;209;EXCHANGE_LAST;;1;1;XEUR;11286679;688;
24.02.2025;14:04:09.936;FGBL SI 20250306 PS;SIMPLE_INSTRUMENT;EFS;EUR;111;132.02000000;419;EXCHANGE_LAST;;1;1;XEUR;11286679;688;
24.02.2025;14:05:24.029;FGBL SI 20250306 PS;SIMPLE_INSTRUMENT;BLOCK;EUR;112;132.04000000;2711;EXCHANGE_LAST;;1;1;XEUR;11286679;688;
24.02.2025;14:06:55.050;FGBL SI 20250306 PS;SIMPLE_INSTRUMENT;EFS;EUR;113;132.02000000;419;EXCHANGE_LAST;;1;1;XEUR;11286679;688;
24.02.2025;14:10:52.513;FGBL SI 20250306 PS;SIMPLE_INSTRUMENT;EFS;EUR;114;132.07000000;419;EXCHANGE_LAST;;1;1;XEUR;11286679;688;
24.02.2025;14:11:33.600;FGBL SI 20250306 PS;SIMPLE_INSTRUMENT;EFS;EUR;115;132.02000000;517;EXCHANGE_LAST;;1;1;XEUR;11286679;688;
24.02.2025;14:17:59.751;FGBL SI 20250306 PS;SIMPLE_INSTRUMENT;EFP_FIN;EUR;116;132.03000000;297;EXCHANGE_LAST;;1;1;XEUR;11286679;688;
24.02.2025;14:18:33.624;FGBL SI 20250306 PS;SIMPLE_INSTRUMENT;EFS;EUR;117;132.06000000;331;EXCHANGE_LAST;;1;1;XEUR;11286679;688;
24.02.2025;14:23:49.476;FGBL SI 20250306 PS;SIMPLE_INSTRUMENT;EFS;EUR;118;132.03000000;226;EXCHANGE_LAST;;1;1;XEUR;11286679;688;
24.02.2025;14:24:48.108;FGBL SI 20250306 PS;SIMPLE_INSTRUMENT;EFS;EUR;119;132.03000000;284;EXCHANGE_LAST;;1;1;XEUR;11286679;688;
24.02.2025;14:34:02.286;FGBL SI 20250306 PS;SIMPLE_INSTRUMENT;EFS;EUR;120;132.07000000;236;EXCHANGE_LAST;;1;1;XEUR;11286679;688;
24.02.2025;14:35:12.370;FGBL SI 20250306 PS;SIMPLE_INSTRUMENT;EFP_FIN;EUR;121;132.07000000;1576;EXCHANGE_LAST;;1;1;XEUR;11286679;688;
24.02.2025;14:41:02.246;FGBL SI 20250306 PS;SIMPLE_INSTRUMENT;EFS;EUR;122;132.06000000;225;EXCHANGE_LAST;;1;1;XEUR;11286679;688;
24.02.2025;14:41:13.816;FGBL SI 20250306 PS;SIMPLE_INSTRUMENT;EFP_FIN;EUR;123;132.13000000;169;EXCHANGE_LAST;;1;1;XEUR;11286679;688;
24.02.2025;14:43:22.222;FGBL SI 20250306 PS;SIMPLE_INSTRUMENT;EFS;EUR;124;132.07000000;419;EXCHANGE_LAST;;1;1;XEUR;11286679;688;
24.02.2025;14:45:26.706;FGBL SI 20250306 PS;SIMPLE_INSTRUMENT;EFS;EUR;125;132.17000000;567;EXCHANGE_LAST;;1;1;XEUR;11286679;688;
24.02.2025;14:51:02.720;FGBL SI 20250306 PS;SIMPLE_INSTRUMENT;EFS;EUR;126;132.05000000;181;EXCHANGE_LAST;;1;1;XEUR;11286679;688;
24.02.2025;14:54:19.947;FGBL SI 20250306 PS;SIMPLE_INSTRUMENT;EFS;EUR;127;132.22000000;567;EXCHANGE_LAST;;1;1;XEUR;11286679;688;
24.02.2025;14:54:38.128;FGBL SI 20250306 PS;SIMPLE_INSTRUMENT;EFP_FIN;EUR;128;132.16000000;942;EXCHANGE_LAST;;1;1;XEUR;11286679;688;
24.02.2025;14:56:00.102;FGBL SI 20250306 PS;SIMPLE_INSTRUMENT;EFS;EUR;129;132.29000000;418;EXCHANGE_LAST;;1;1;XEUR;11286679;688;
24.02.2025;14:56:35.129;FGBL SI 20250306 PS;SIMPLE_INSTRUMENT;EFS;EUR;130;132.31000000;418;EXCHANGE_LAST;;1;1;XEUR;11286679;688;
24.02.2025;14:57:25.218;FGBL SI 20250306 PS;SIMPLE_INSTRUMENT;EFS;EUR;131;132.32000000;628;EXCHANGE_LAST;;1;1;XEUR;11286679;688;
24.02.2025;14:58:24.058;FGBL SI 20250306 PS;SIMPLE_INSTRUMENT;EFS;EUR;132;132.17000000;567;EXCHANGE_LAST;;1;1;XEUR;11286679;688;
24.02.2025;15:00:40.208;FGBL SI 20250306 PS;SIMPLE_INSTRUMENT;EFS;EUR;133;132.29000000;2359;EXCHANGE_LAST;;1;1;XEUR;11286679;688;
24.02.2025;15:01:53.817;FGBL SI 20250306 PS;SIMPLE_INSTRUMENT;EFP_FIN;EUR;134;132.20000000;793;EXCHANGE_LAST;;1;1;XEUR;11286679;688;
24.02.2025;15:04:11.220;FGBL SI 20250306 PS;SIMPLE_INSTRUMENT;EFS;EUR;135;132.33000000;225;EXCHANGE_LAST;;1;1;XEUR;11286679;688;
24.02.2025;15:04:50.517;FGBL SI 20250306 PS;SIMPLE_INSTRUMENT;EFS;EUR;136;132.30000000;418;EXCHANGE_LAST;;1;1;XEUR;11286679;688;
24.02.2025;15:06:56.612;FGBL SI 20250306 PS;SIMPLE_INSTRUMENT;EFS;EUR;137;132.32000000;418;EXCHANGE_LAST;;1;1;XEUR;11286679;688;
24.02.2025;15:07:14.303;FGBL SI 20250306 PS;SIMPLE_INSTRUMENT;EFS;EUR;138;132.32000000;418;EXCHANGE_LAST;;1;1;XEUR;11286679;688;
24.02.2025;15:08:29.233;FGBL SI 20250306 PS;SIMPLE_INSTRUMENT;EFS;EUR;139;132.32000000;451;EXCHANGE_LAST;;1;1;XEUR;11286679;688;
24.02.2025;15:12:52.809;FGBL SI 20250306 PS;SIMPLE_INSTRUMENT;EFS;EUR;140;132.32000000;181;EXCHANGE_LAST;;1;1;XEUR;11286679;688;
24.02.2025;15:15:26.250;FGBL SI 20250306 PS;SIMPLE_INSTRUMENT;EFS;EUR;141;132.32000000;225;EXCHANGE_LAST;;1;1;XEUR;11286679;688;
24.02.2025;15:23:31.642;FGBL SI 20250306 PS;SIMPLE_INSTRUMENT;EFS;EUR;142;132.30000000;236;EXCHANGE_LAST;;1;1;XEUR;11286679;688;
24.02.2025;15:27:54.582;FGBL SI 20250306 PS;SIMPLE_INSTRUMENT;EFS;EUR;143;132.26000000;236;EXCHANGE_LAST;;1;1;XEUR;11286679;688;
24.02.2025;15:40:40.246;FGBL SI 20250306 PS;SIMPLE_INSTRUMENT;EFS;EUR;144;132.32000000;418;EXCHANGE_LAST;;1;1;XEUR;11286679;688;
24.02.2025;15:41:41.000;FGBL SI 20250306 PS;SIMPLE_INSTRUMENT;EFS;EUR;145;132.31000000;418;EXCHANGE_LAST;;1;1;XEUR;11286679;688;
24.02.2025;15:42:58.515;FGBL SI 20250306 PS;SIMPLE_INSTRUMENT;EFS;EUR;146;132.31000000;418;EXCHANGE_LAST;;1;1;XEUR;11286679;688;
24.02.2025;15:43:34.113;FGBL SI 20250306 PS;SIMPLE_INSTRUMENT;EFS;EUR;147;132.34000000;676;EXCHANGE_LAST;;1;1;XEUR;11286679;688;
24.02.2025;15:47:04.600;FGBL SI 20250306 PS;SIMPLE_INSTRUMENT;EFS;EUR;148;132.32000000;418;EXCHANGE_LAST;;1;1;XEUR;11286679;688;
24.02.2025;15:49:41.592;FGBL SI 20250306 PS;SIMPLE_INSTRUMENT;EFS;EUR;149;132.32000000;100;EXCHANGE_LAST;;1;1;XEUR;11286679;688;
24.02.2025;15:53:01.834;FGBL SI 20250306 PS;SIMPLE_INSTRUMENT;EFS;EUR;150;132.32000000;1803;EXCHANGE_LAST;;1;1;XEUR;11286679;688;
24.02.2025;15:54:21.450;FGBL SI 20250306 PS;SIMPLE_INSTRUMENT;EFS;EUR;151;132.32000000;902;EXCHANGE_LAST;;1;1;XEUR;11286679;688;
24.02.2025;15:55:48.951;FGBL SI 20250306 PS;SIMPLE_INSTRUMENT;EFP_FIN;EUR;152;132.31000000;229;EXCHANGE_LAST;;1;1;XEUR;11286679;688;
24.02.2025;15:59:00.835;FGBL SI 20250306 PS;SIMPLE_INSTRUMENT;EFS;EUR;153;132.36000000;377;EXCHANGE_LAST;;1;1;XEUR;11286679;688;
24.02.2025;15:59:11.047;FGBL SI 20250306 PS;SIMPLE_INSTRUMENT;EFS;EUR;154;132.38000000;418;EXCHANGE_LAST;;1;1;XEUR;11286679;688;
24.02.2025;16:02:26.185;FGBL SI 20250306 PS;SIMPLE_INSTRUMENT;EFS;EUR;155;132.36000000;418;EXCHANGE_LAST;;1;1;XEUR;11286679;688;
24.02.2025;16:04:11.109;FGBL SI 20250306 PS;SIMPLE_INSTRUMENT;EFS;EUR;156;132.39000000;418;EXCHANGE_LAST;;1;1;XEUR;11286679;688;
24.02.2025;16:15:22.372;FGBL SI 20250306 PS;SIMPLE_INSTRUMENT;EFP_FIN;EUR;157;132.35000000;404;EXCHANGE_LAST;;1;1;XEUR;11286679;688;
24.02.2025;16:15:32.977;FGBL SI 20250306 PS;SIMPLE_INSTRUMENT;EFS;EUR;158;132.37000000;943;EXCHANGE_LAST;;1;1;XEUR;11286679;688;
24.02.2025;16:20:27.923;FGBL SI 20250306 PS;SIMPLE_INSTRUMENT;EFS;EUR;159;132.37000000;209;EXCHANGE_LAST;;1;1;XEUR;11286679;688;
24.02.2025;16:23:01.503;FGBL SI 20250306 PS;SIMPLE_INSTRUMENT;EFS;EUR;160;132.39000000;1415;EXCHANGE_LAST;;1;1;XEUR;11286679;688;
24.02.2025;16:23:13.066;FGBL SI 20250306 PS;SIMPLE_INSTRUMENT;EFS;EUR;161;132.37000000;209;EXCHANGE_LAST;;1;1;XEUR;11286679;688;
24.02.2025;16:24:06.710;FGBL SI 20250306 PS;SIMPLE_INSTRUMENT;EFS;EUR;162;132.33000000;225;EXCHANGE_LAST;;1;1;XEUR;11286679;688;
24.02.2025;16:26:52.462;FGBL SI 20250306 PS;SIMPLE_INSTRUMENT;EFS;EUR;163;132.39000000;300;EXCHANGE_LAST;;1;1;XEUR;11286679;688;
24.02.2025;16:27:06.233;FGBL SI 20250306 PS;SIMPLE_INSTRUMENT;EFP_FIN;EUR;164;132.33000000;808;EXCHANGE_LAST;;1;1;XEUR;11286679;688;
24.02.2025;16:28:40.862;FGBL SI 20250306 PS;SIMPLE_INSTRUMENT;EFS;EUR;165;132.32000000;1254;EXCHANGE_LAST;;1;1;XEUR;11286679;688;
24.02.2025;16:28:52.330;FGBL SI 20250306 PS;SIMPLE_INSTRUMENT;EFP_FIN;EUR;166;132.36000000;109;EXCHANGE_LAST;;1;1;XEUR;11286679;688;
24.02.2025;16:31:09.640;FGBL SI 20250306 PS;SIMPLE_INSTRUMENT;EFS;EUR;167;132.32000000;418;EXCHANGE_LAST;;1;1;XEUR;11286679;688;
24.02.2025;16:32:21.028;FGBL SI 20250306 PS;SIMPLE_INSTRUMENT;EFP_FIN;EUR;168;132.34000000;448;EXCHANGE_LAST;;1;1;XEUR;11286679;688;
24.02.2025;16:35:14.261;FGBL SI 20250306 PS;SIMPLE_INSTRUMENT;EFS;EUR;169;132.30000000;418;EXCHANGE_LAST;;1;1;XEUR;11286679;688;
24.02.2025;16:35:47.336;FGBL SI 20250306 PS;SIMPLE_INSTRUMENT;EFS;EUR;170;132.29000000;209;EXCHANGE_LAST;;1;1;XEUR;11286679;688;
24.02.2025;16:36:32.042;FGBL SI 20250306 PS;SIMPLE_INSTRUMENT;EFS;EUR;171;132.30000000;472;EXCHANGE_LAST;;1;1;XEUR;11286679;688;
24.02.2025;16:37:55.029;FGBL SI 20250306 PS;SIMPLE_INSTRUMENT;EFS;EUR;172;132.29000000;418;EXCHANGE_LAST;;1;1;XEUR;11286679;688;
24.02.2025;16:38:12.400;FGBL SI 20250306 PS;SIMPLE_INSTRUMENT;EFS;EUR;173;132.31000000;1415;EXCHANGE_LAST;;1;1;XEUR;11286679;688;
24.02.2025;16:40:21.294;FGBL SI 20250306 PS;SIMPLE_INSTRUMENT;EFS;EUR;174;132.32000000;418;EXCHANGE_LAST;;1;1;XEUR;11286679;688;
24.02.2025;16:40:33.202;FGBL SI 20250306 PS;SIMPLE_INSTRUMENT;EFS;EUR;175;132.31000000;418;EXCHANGE_LAST;;1;1;XEUR;11286679;688;
24.02.2025;16:42:38.213;FGBL SI 20250306 PS;SIMPLE_INSTRUMENT;EFS;EUR;176;132.30000000;168;EXCHANGE_LAST;;1;1;XEUR;11286679;688;
24.02.2025;16:44:54.546;FGBL SI 20250306 PS;SIMPLE_INSTRUMENT;EFS;EUR;178;132.28000000;251;EXCHANGE_LAST;;1;1;XEUR;11286679;688;
24.02.2025;16:47:59.865;FGBL SI 20250306 PS;SIMPLE_INSTRUMENT;EFS;EUR;179;132.28000000;586;EXCHANGE_LAST;;1;1;XEUR;11286679;688;
24.02.2025;16:49:09.798;FGBL SI 20250306 PS;SIMPLE_INSTRUMENT;EFS;EUR;180;132.28000000;252;EXCHANGE_LAST;;1;1;XEUR;11286679;688;
24.02.2025;16:50:20.346;FGBL SI 20250306 PS;SIMPLE_INSTRUMENT;EFS;EUR;181;132.30000000;209;EXCHANGE_LAST;;1;1;XEUR;11286679;688;
24.02.2025;16:55:50.052;FGBL SI 20250306 PS;SIMPLE_INSTRUMENT;EFS;EUR;182;132.38000000;943;EXCHANGE_LAST;;1;1;XEUR;11286679;688;
24.02.2025;16:59:52.133;FGBL SI 20250306 PS;SIMPLE_INSTRUMENT;EFS;EUR;183;132.19000000;209;EXCHANGE_LAST;;1;1;XEUR;11286679;688;
24.02.2025;17:19:42.615;FGBL SI 20250306 PS;SIMPLE_INSTRUMENT;EFS;EUR;184;132.16000000;226;EXCHANGE_LAST;;1;1;XEUR;11286679;688;
24.02.2025;17:21:22.012;FGBL SI 20250306 PS;SIMPLE_INSTRUMENT;EFS;EUR;185;132.17000000;416;EXCHANGE_LAST;;1;1;XEUR;11286679;688;
24.02.2025;17:22:38.247;FGBL SI 20250306 PS;SIMPLE_INSTRUMENT;EFS;EUR;186;132.16000000;2030;EXCHANGE_LAST;;1;1;XEUR;11286679;688;
24.02.2025;17:22:37.165;FGBL SI 20250306 PS;SIMPLE_INSTRUMENT;EFS;EUR;187;132.17000000;418;EXCHANGE_LAST;;1;1;XEUR;11286679;688;
24.02.2025;17:25:03.447;FGBL SI 20250306 PS;SIMPLE_INSTRUMENT;EFS;EUR;188;132.18000000;225;EXCHANGE_LAST;;1;1;XEUR;11286679;688;
24.02.2025;17:28:39.590;FGBL SI 20250306 PS;SIMPLE_INSTRUMENT;EFS;EUR;189;132.07000000;419;EXCHANGE_LAST;;1;1;XEUR;11286679;688;
24.02.2025;17:28:49.599;FGBL SI 20250306 PS;SIMPLE_INSTRUMENT;EFS;EUR;190;132.07000000;419;EXCHANGE_LAST;;1;1;XEUR;11286679;688;
24.02.2025;17:28:50.193;FGBL SI 20250306 PS;SIMPLE_INSTRUMENT;EFS;EUR;191;132.17000000;209;EXCHANGE_LAST;;1;1;XEUR;11286679;688;
24.02.2025;17:29:14.622;FGBL SI 20250306 PS;SIMPLE_INSTRUMENT;EFS;EUR;192;132.07000000;419;EXCHANGE_LAST;;1;1;XEUR;11286679;688;
24.02.2025;17:29:29.188;FGBL SI 20250306 PS;SIMPLE_INSTRUMENT;EFS;EUR;193;132.18000000;209;EXCHANGE_LAST;;1;1;XEUR;11286679;688;
24.02.2025;17:32:04.738;FGBL SI 20250306 PS;SIMPLE_INSTRUMENT;EFS;EUR;194;132.08000000;209;EXCHANGE_LAST;;1;1;XEUR;11286679;688;
24.02.2025;17:33:49.807;FGBL SI 20250306 PS;SIMPLE_INSTRUMENT;EFS;EUR;195;132.11000000;209;EXCHANGE_LAST;;1;1;XEUR;11286679;688;
24.02.2025;07:03:04.136;FGBL SI 20250306 PS;SIMPLE_INSTRUMENT;VOLA;EUR;268435460;132.34000000;70;EXCHANGE_LAST;;1;1;XEUR;11286679;688;
24.02.2025;07:35:00.426;FGBL SI 20250306 PS;SIMPLE_INSTRUMENT;VOLA;EUR;268435465;132.06000000;42;EXCHANGE_LAST;;1;1;XEUR;11286679;688;
24.02.2025;07:36:49.953;FGBL SI 20250306 PS;SIMPLE_INSTRUMENT;VOLA;EUR;268435466;132.06000000;43;EXCHANGE_LAST;;1;1;XEUR;11286679;688;
24.02.2025;07:59:43.097;FGBL SI 20250306 PS;SIMPLE_INSTRUMENT;VOLA;EUR;268435478;132.30000000;67;EXCHANGE_LAST;;1;1;XEUR;11286679;688;
24.02.2025;12:58:09.457;FGBL SI 20250306 PS;SIMPLE_INSTRUMENT;VOLA;EUR;268435531;132.06000000;10;EXCHANGE_LAST;;1;1;XEUR;11286679;688;
24.02.2025;13:08:16.529;FGBL SI 20250606 PS;SIMPLE_INSTRUMENT;VOLA;EUR;268435537;131.24000000;32;EXCHANGE_LAST;;1;1;XEUR;11820389;688;
24.02.2025;13:36:52.522;FGBL SI 20250306 PS;SIMPLE_INSTRUMENT;VOLA;EUR;268435550;132.17000000;54;EXCHANGE_LAST;;1;1;XEUR;11286679;688;
24.02.2025;13:43:43.808;FGBL SI 20250606 PS;SIMPLE_INSTRUMENT;VOLA;EUR;268435555;131.24000000;93;EXCHANGE_LAST;;1;1;XEUR;11820389;688;
24.02.2025;13:47:23.854;FGBL SI 20250606 PS;SIMPLE_INSTRUMENT;VOLA;EUR;268435558;131.24000000;92;EXCHANGE_LAST;;1;1;XEUR;11820389;688;
24.02.2025;14:06:26.028;FGBL SI 20250606 PS;SIMPLE_INSTRUMENT;VOLA;EUR;268435566;131.24000000;245;EXCHANGE_LAST;;1;1;XEUR;11820389;688;
24.02.2025;14:07:46.037;FGBL SI 20250606 PS;SIMPLE_INSTRUMENT;VOLA;EUR;268435567;131.24000000;60;EXCHANGE_LAST;;1;1;XEUR;11820389;688;
24.02.2025;14:33:49.019;FGBL SI 20250306 PS;SIMPLE_INSTRUMENT;VOLA;EUR;268435570;132.12000000;1155;EXCHANGE_LAST;;1;1;XEUR;11286679;688;
24.02.2025;14:34:22.755;FGBL SI 20250306 PS;SIMPLE_INSTRUMENT;VOLA;EUR;268435572;132.12000000;1045;EXCHANGE_LAST;;1;1;XEUR;11286679;688;
24.02.2025;14:48:10.878;FGBL SI 20250606 PS;SIMPLE_INSTRUMENT;VOLA;EUR;268435575;131.14000000;278;EXCHANGE_LAST;;1;1;XEUR;11820389;688;
24.02.2025;14:49:51.896;FGBL SI 20250606 PS;SIMPLE_INSTRUMENT;VOLA;EUR;268435576;131.13000000;92;EXCHANGE_LAST;;1;1;XEUR;11820389;688;
24.02.2025;15:55:21.648;FGBL SI 20250306 PS;SIMPLE_INSTRUMENT;VOLA;EUR;268435584;132.27000000;50;EXCHANGE_LAST;;1;1;XEUR;11286679;688;
24.02.2025;16:31:37.656;FGBL SI 20250306 PS;SIMPLE_INSTRUMENT;VOLA;EUR;268435593;132.27000000;50;EXCHANGE_LAST;;1;1;XEUR;11286679;688;
24.02.2025;07:36:58.702;FGBM SI 20250306 PS;SIMPLE_INSTRUMENT;EFS;EUR;1;117.27000000;1387;EXCHANGE_LAST;;1;1;XEUR;11286680;689;
24.02.2025;08:34:53.685;FGBM SI 20250306 PS;SIMPLE_INSTRUMENT;EFS;EUR;2;117.41000000;462;EXCHANGE_LAST;;1;1;XEUR;11286680;689;
24.02.2025;08:59:42.045;FGBM SI 20250306 PS;SIMPLE_INSTRUMENT;EFS;EUR;3;117.39000000;924;EXCHANGE_LAST;;1;1;XEUR;11286680;689;
24.02.2025;09:02:43.574;FGBM SI 20250306 PS;SIMPLE_INSTRUMENT;EFS;EUR;4;117.39000000;924;EXCHANGE_LAST;;1;1;XEUR;11286680;689;
24.02.2025;09:02:57.214;FGBM SI 20250306 PS;SIMPLE_INSTRUMENT;EFS;EUR;5;117.44000000;924;EXCHANGE_LAST;;1;1;XEUR;11286680;689;
24.02.2025;09:20:49.898;FGBM SI 20250306 PS;SIMPLE_INSTRUMENT;EFS;EUR;6;117.39000000;693;EXCHANGE_LAST;;1;1;XEUR;11286680;689;
24.02.2025;09:26:52.444;FGBM SI 20250306 PS;SIMPLE_INSTRUMENT;EFS;EUR;7;117.41000000;472;EXCHANGE_LAST;;1;1;XEUR;11286680;689;
24.02.2025;09:30:35.379;FGBM SI 20250306 PS;SIMPLE_INSTRUMENT;EFS;EUR;8;117.41000000;462;EXCHANGE_LAST;;1;1;XEUR;11286680;689;
24.02.2025;09:39:37.120;FGBM SI 20250306 PS;SIMPLE_INSTRUMENT;EFP_FIN;EUR;9;117.38000000;354;EXCHANGE_LAST;;1;1;XEUR;11286680;689;
24.02.2025;09:41:17.595;FGBM SI 20250306 PS;SIMPLE_INSTRUMENT;EFP_FIN;EUR;10;117.41000000;431;EXCHANGE_LAST;;1;1;XEUR;11286680;689;
24.02.2025;10:01:50.844;FGBM SI 20250306 PS;SIMPLE_INSTRUMENT;EFP_FIN;EUR;11;117.38000000;177;EXCHANGE_LAST;;1;1;XEUR;11286680;689;
24.02.2025;09:44:44.625;FGBM SI 20250306 PS;SIMPLE_INSTRUMENT;EFP_FIN;EUR;13;117.38000000;369;EXCHANGE_LAST;;1;1;XEUR;11286680;689;
24.02.2025;09:48:47.929;FGBM SI 20250306 PS;SIMPLE_INSTRUMENT;EFP_FIN;EUR;14;117.38000000;431;EXCHANGE_LAST;;1;1;XEUR;11286680;689;
24.02.2025;09:50:07.244;FGBM SI 20250306 PS;SIMPLE_INSTRUMENT;EFS;EUR;15;117.38000000;462;EXCHANGE_LAST;;1;1;XEUR;11286680;689;
24.02.2025;09:51:57.320;FGBM SI 20250306 PS;SIMPLE_INSTRUMENT;EFS;EUR;16;117.38000000;462;EXCHANGE_LAST;;1;1;XEUR;11286680;689;
24.02.2025;10:06:37.717;FGBM SI 20250306 PS;SIMPLE_INSTRUMENT;EFP_FIN;EUR;17;117.39000000;884;EXCHANGE_LAST;;1;1;XEUR;11286680;689;
24.02.2025;11:01:25.055;FGBM SI 20250306 PS;SIMPLE_INSTRUMENT;EFS;EUR;18;117.34000000;924;EXCHANGE_LAST;;1;1;XEUR;11286680;689;
24.02.2025;11:44:44.536;FGBM SI 20250306 PS;SIMPLE_INSTRUMENT;EFP_FIN;EUR;19;117.33000000;431;EXCHANGE_LAST;;1;1;XEUR;11286680;689;
24.02.2025;11:48:31.183;FGBM SI 20250306 PS;SIMPLE_INSTRUMENT;EFS;EUR;20;117.30000000;990;EXCHANGE_LAST;;1;1;XEUR;11286680;689;
24.02.2025;11:54:56.092;FGBM SI 20250306 PS;SIMPLE_INSTRUMENT;EFP_FIN;EUR;21;117.31000000;538;EXCHANGE_LAST;;1;1;XEUR;11286680;689;
24.02.2025;11:59:16.158;FGBM SI 20250306 PS;SIMPLE_INSTRUMENT;EFP_FIN;EUR;22;117.33000000;335;EXCHANGE_LAST;;1;1;XEUR;11286680;689;
24.02.2025;12:16:46.975;FGBM SI 20250306 PS;SIMPLE_INSTRUMENT;EFP_FIN;EUR;23;117.31000000;61;EXCHANGE_LAST;;1;1;XEUR;11286680;689;
24.02.2025;12:17:20.806;FGBM SI 20250306 PS;SIMPLE_INSTRUMENT;EFP_FIN;EUR;24;117.31000000;105;EXCHANGE_LAST;;1;1;XEUR;11286680;689;
24.02.2025;12:32:31.278;FGBM SI 20250306 PS;SIMPLE_INSTRUMENT;EFS;EUR;25;117.30000000;473;EXCHANGE_LAST;;1;1;XEUR;11286680;689;
24.02.2025;12:42:11.232;FGBM SI 20250306 PS;SIMPLE_INSTRUMENT;EFS;EUR;26;117.31000000;1000;EXCHANGE_LAST;;1;1;XEUR;11286680;689;
24.02.2025;13:02:11.623;FGBM SI 20250306 PS;SIMPLE_INSTRUMENT;EFP_FIN;EUR;27;117.31000000;1271;EXCHANGE_LAST;;1;1;XEUR;11286680;689;
24.02.2025;13:40:21.005;FGBM SI 20250306 PS;SIMPLE_INSTRUMENT;EFP_FIN;EUR;28;117.34000000;676;EXCHANGE_LAST;;1;1;XEUR;11286680;689;
24.02.2025;13:50:53.932;FGBM SI 20250306 PS;SIMPLE_INSTRUMENT;EFP_FIN;EUR;29;117.30000000;1898;EXCHANGE_LAST;;1;1;XEUR;11286680;689;
24.02.2025;13:51:15.649;FGBM SI 20250306 PS;SIMPLE_INSTRUMENT;EFS;EUR;30;117.32000000;284;EXCHANGE_LAST;;1;1;XEUR;11286680;689;
24.02.2025;13:51:59.425;FGBM SI 20250306 PS;SIMPLE_INSTRUMENT;EFS;EUR;31;117.29000000;600;EXCHANGE_LAST;;1;1;XEUR;11286680;689;
24.02.2025;13:55:50.090;FGBM SI 20250306 PS;SIMPLE_INSTRUMENT;EFS;EUR;32;117.34000000;692;EXCHANGE_LAST;;1;1;XEUR;11286680;689;
24.02.2025;14:05:24.778;FGBM SI 20250306 PS;SIMPLE_INSTRUMENT;EFS;EUR;33;117.30000000;499;EXCHANGE_LAST;;1;1;XEUR;11286680;689;
24.02.2025;14:13:52.404;FGBM SI 20250306 PS;SIMPLE_INSTRUMENT;EFS;EUR;34;117.32000000;495;EXCHANGE_LAST;;1;1;XEUR;11286680;689;
24.02.2025;14:37:59.243;FGBM SI 20250306 PS;SIMPLE_INSTRUMENT;EFS;EUR;36;117.31000000;473;EXCHANGE_LAST;;1;1;XEUR;11286680;689;
24.02.2025;14:38:19.314;FGBM SI 20250306 PS;SIMPLE_INSTRUMENT;EFS;EUR;37;117.31000000;462;EXCHANGE_LAST;;1;1;XEUR;11286680;689;
24.02.2025;14:38:41.733;FGBM SI 20250306 PS;SIMPLE_INSTRUMENT;EFS;EUR;38;117.31000000;473;EXCHANGE_LAST;;1;1;XEUR;11286680;689;
24.02.2025;14:40:34.412;FGBM SI 20250306 PS;SIMPLE_INSTRUMENT;EFS;EUR;39;117.32000000;462;EXCHANGE_LAST;;1;1;XEUR;11286680;689;
24.02.2025;14:40:39.417;FGBM SI 20250306 PS;SIMPLE_INSTRUMENT;EFS;EUR;40;117.34000000;462;EXCHANGE_LAST;;1;1;XEUR;11286680;689;
24.02.2025;14:41:24.453;FGBM SI 20250306 PS;SIMPLE_INSTRUMENT;EFS;EUR;41;117.31000000;462;EXCHANGE_LAST;;1;1;XEUR;11286680;689;
24.02.2025;14:49:30.713;FGBM SI 20250306 PS;SIMPLE_INSTRUMENT;EFS;EUR;42;117.31000000;756;EXCHANGE_LAST;;1;1;XEUR;11286680;689;
24.02.2025;14:50:11.720;FGBM SI 20250306 PS;SIMPLE_INSTRUMENT;EFS;EUR;43;117.35000000;755;EXCHANGE_LAST;;1;1;XEUR;11286680;689;
24.02.2025;14:55:57.285;FGBM SI 20250306 PS;SIMPLE_INSTRUMENT;EFP_FIN;EUR;44;117.37000000;863;EXCHANGE_LAST;;1;1;XEUR;11286680;689;
24.02.2025;14:57:25.172;FGBM SI 20250306 PS;SIMPLE_INSTRUMENT;EFS;EUR;45;117.43000000;1310;EXCHANGE_LAST;;1;1;XEUR;11286680;689;
24.02.2025;15:01:00.209;FGBM SI 20250306 PS;SIMPLE_INSTRUMENT;EFS;EUR;46;117.42000000;4944;EXCHANGE_LAST;;1;1;XEUR;11286680;689;
24.02.2025;15:06:18.227;FGBM SI 20250306 PS;SIMPLE_INSTRUMENT;EFS;EUR;47;117.43000000;1891;EXCHANGE_LAST;;1;1;XEUR;11286680;689;
24.02.2025;15:07:35.651;FGBM SI 20250306 PS;SIMPLE_INSTRUMENT;EFS;EUR;48;117.44000000;924;EXCHANGE_LAST;;1;1;XEUR;11286680;689;
24.02.2025;15:08:45.732;FGBM SI 20250306 PS;SIMPLE_INSTRUMENT;EFS;EUR;49;117.45000000;462;EXCHANGE_LAST;;1;1;XEUR;11286680;689;
24.02.2025;15:09:55.785;FGBM SI 20250306 PS;SIMPLE_INSTRUMENT;EFS;EUR;50;117.46000000;462;EXCHANGE_LAST;;1;1;XEUR;11286680;689;
24.02.2025;15:10:25.808;FGBM SI 20250306 PS;SIMPLE_INSTRUMENT;EFS;EUR;51;117.42000000;462;EXCHANGE_LAST;;1;1;XEUR;11286680;689;
24.02.2025;15:10:56.862;FGBM SI 20250306 PS;SIMPLE_INSTRUMENT;EFS;EUR;52;117.44000000;462;EXCHANGE_LAST;;1;1;XEUR;11286680;689;
24.02.2025;15:11:11.877;FGBM SI 20250306 PS;SIMPLE_INSTRUMENT;EFS;EUR;53;117.46000000;462;EXCHANGE_LAST;;1;1;XEUR;11286680;689;
24.02.2025;15:11:15.882;FGBM SI 20250306 PS;SIMPLE_INSTRUMENT;EFS;EUR;54;117.42000000;924;EXCHANGE_LAST;;1;1;XEUR;11286680;689;
24.02.2025;15:11:56.916;FGBM SI 20250306 PS;SIMPLE_INSTRUMENT;EFS;EUR;55;117.42000000;462;EXCHANGE_LAST;;1;1;XEUR;11286680;689;
24.02.2025;15:22:57.639;FGBM SI 20250306 PS;SIMPLE_INSTRUMENT;EFS;EUR;56;117.43000000;494;EXCHANGE_LAST;;1;1;XEUR;11286680;689;
24.02.2025;15:28:12.598;FGBM SI 20250306 PS;SIMPLE_INSTRUMENT;EFS;EUR;57;117.40000000;397;EXCHANGE_LAST;;1;1;XEUR;11286680;689;
24.02.2025;15:37:12.753;FGBM SI 20250306 PS;SIMPLE_INSTRUMENT;BLOCK;EUR;58;117.43000000;4944;EXCHANGE_LAST;;1;1;XEUR;11286680;689;
24.02.2025;15:52:36.730;FGBM SI 20250306 PS;SIMPLE_INSTRUMENT;EFP_FIN;EUR;60;117.46000000;613;EXCHANGE_LAST;;1;1;XEUR;11286680;689;
24.02.2025;15:57:16.870;FGBM SI 20250306 PS;SIMPLE_INSTRUMENT;EFP_FIN;EUR;61;117.43000000;869;EXCHANGE_LAST;;1;1;XEUR;11286680;689;
24.02.2025;15:58:31.016;FGBM SI 20250306 PS;SIMPLE_INSTRUMENT;EFS;EUR;62;117.47000000;924;EXCHANGE_LAST;;1;1;XEUR;11286680;689;
24.02.2025;16:05:06.306;FGBM SI 20250306 PS;SIMPLE_INSTRUMENT;EFS;EUR;63;117.46000000;924;EXCHANGE_LAST;;1;1;XEUR;11286680;689;
24.02.2025;16:05:25.367;FGBM SI 20250306 PS;SIMPLE_INSTRUMENT;EFP_FIN;EUR;64;117.33000000;161;EXCHANGE_LAST;;1;1;XEUR;11286680;689;
24.02.2025;16:22:23.795;FGBM SI 20250306 PS;SIMPLE_INSTRUMENT;EFP_FIN;EUR;65;117.46000000;786;EXCHANGE_LAST;;1;1;XEUR;11286680;689;
24.02.2025;16:23:45.995;FGBM SI 20250306 PS;SIMPLE_INSTRUMENT;EFS;EUR;66;117.43000000;473;EXCHANGE_LAST;;1;1;XEUR;11286680;689;
24.02.2025;16:24:03.281;FGBM SI 20250306 PS;SIMPLE_INSTRUMENT;EFP_FIN;EUR;67;117.47000000;156;EXCHANGE_LAST;;1;1;XEUR;11286680;689;
24.02.2025;16:38:26.794;FGBM SI 20250306 PS;SIMPLE_INSTRUMENT;EFS;EUR;68;117.43000000;873;EXCHANGE_LAST;;1;1;XEUR;11286680;689;
24.02.2025;16:42:40.026;FGBM SI 20250306 PS;SIMPLE_INSTRUMENT;EFS;EUR;69;117.43000000;280;EXCHANGE_LAST;;1;1;XEUR;11286680;689;
24.02.2025;16:44:45.998;FGBM SI 20250306 PS;SIMPLE_INSTRUMENT;EFP_FIN;EUR;70;117.47000000;299;EXCHANGE_LAST;;1;1;XEUR;11286680;689;
24.02.2025;16:45:59.021;FGBM SI 20250306 PS;SIMPLE_INSTRUMENT;EFP_FIN;EUR;71;117.47000000;344;EXCHANGE_LAST;;1;1;XEUR;11286680;689;
24.02.2025;16:53:45.428;FGBM SI 20250306 PS;SIMPLE_INSTRUMENT;EFP_FIN;EUR;72;117.47000000;411;EXCHANGE_LAST;;1;1;XEUR;11286680;689;
24.02.2025;16:53:46.046;FGBM SI 20250306 PS;SIMPLE_INSTRUMENT;EFS;EUR;73;117.30000000;1980;EXCHANGE_LAST;;1;1;XEUR;11286680;689;
24.02.2025;16:54:16.765;FGBM SI 20250306 PS;SIMPLE_INSTRUMENT;EFS;EUR;74;117.40000000;462;EXCHANGE_LAST;;1;1;XEUR;11286680;689;
24.02.2025;16:55:18.599;FGBM SI 20250306 PS;SIMPLE_INSTRUMENT;EFS;EUR;75;117.41000000;247;EXCHANGE_LAST;;1;1;XEUR;11286680;689;
24.02.2025;16:55:52.052;FGBM SI 20250306 PS;SIMPLE_INSTRUMENT;EFS;EUR;76;117.40000000;462;EXCHANGE_LAST;;1;1;XEUR;11286680;689;
24.02.2025;17:08:09.183;FGBM SI 20250306 PS;SIMPLE_INSTRUMENT;EFP_FIN;EUR;77;117.43000000;766;EXCHANGE_LAST;;1;1;XEUR;11286680;689;
24.02.2025;17:17:32.070;FGBM SI 20250306 PS;SIMPLE_INSTRUMENT;EFS;EUR;79;117.38000000;873;EXCHANGE_LAST;;1;1;XEUR;11286680;689;
24.02.2025;17:33:44.895;FGBM SI 20250306 PS;SIMPLE_INSTRUMENT;EFS;EUR;80;117.31000000;1820;EXCHANGE_LAST;;1;1;XEUR;11286680;689;
24.02.2025;08:17:17.650;FGBS SI 20250306 PS;SIMPLE_INSTRUMENT;EFS;EUR;1;106.78500000;2740;EXCHANGE_LAST;;1;1;XEUR;11286681;690;
24.02.2025;09:25:57.771;FGBS SI 20250306 PS;SIMPLE_INSTRUMENT;EFS;EUR;2;106.80500000;1307;EXCHANGE_LAST;;1;1;XEUR;11286681;690;
24.02.2025;09:48:36.331;FGBS SI 20250306 PS;SIMPLE_INSTRUMENT;EFS;EUR;4;106.81000000;2079;EXCHANGE_LAST;;1;1;XEUR;11286681;690;
24.02.2025;10:04:27.903;FGBS SI 20250306 PS;SIMPLE_INSTRUMENT;EFP_FIN;EUR;5;106.80000000;1065;EXCHANGE_LAST;;1;1;XEUR;11286681;690;
24.02.2025;10:28:35.305;FGBS SI 20250306 PS;SIMPLE_INSTRUMENT;EFP_FIN;EUR;6;106.80500000;5254;EXCHANGE_LAST;;1;1;XEUR;11286681;690;
24.02.2025;11:01:03.750;FGBS SI 20250306 PS;SIMPLE_INSTRUMENT;EFP_FIN;EUR;7;106.78500000;547;EXCHANGE_LAST;;1;1;XEUR;11286681;690;
24.02.2025;11:08:06.594;FGBS SI 20250306 PS;SIMPLE_INSTRUMENT;EFP_FIN;EUR;8;106.78000000;668;EXCHANGE_LAST;;1;1;XEUR;11286681;690;
24.02.2025;11:09:10.624;FGBS SI 20250306 PS;SIMPLE_INSTRUMENT;EFP_FIN;EUR;9;106.78000000;334;EXCHANGE_LAST;;1;1;XEUR;11286681;690;
24.02.2025;11:11:15.406;FGBS SI 20250306 PS;SIMPLE_INSTRUMENT;EFS;EUR;10;106.78000000;2618;EXCHANGE_LAST;;1;1;XEUR;11286681;690;
24.02.2025;11:40:57.184;FGBS SI 20250306 PS;SIMPLE_INSTRUMENT;EFP_FIN;EUR;11;106.77500000;217;EXCHANGE_LAST;;1;1;XEUR;11286681;690;
24.02.2025;12:01:46.120;FGBS SI 20250306 PS;SIMPLE_INSTRUMENT;EFP_FIN;EUR;12;106.77000000;701;EXCHANGE_LAST;;1;1;XEUR;11286681;690;
24.02.2025;12:11:44.329;FGBS SI 20250306 PS;SIMPLE_INSTRUMENT;EFP_FIN;EUR;13;106.77000000;668;EXCHANGE_LAST;;1;1;XEUR;11286681;690;
24.02.2025;12:32:45.025;FGBS SI 20250306 PS;SIMPLE_INSTRUMENT;EFP_FIN;EUR;14;106.77000000;668;EXCHANGE_LAST;;1;1;XEUR;11286681;690;
24.02.2025;12:52:09.410;FGBS SI 20250306 PS;SIMPLE_INSTRUMENT;EFP_FIN;EUR;15;106.78000000;337;EXCHANGE_LAST;;1;1;XEUR;11286681;690;
24.02.2025;13:15:42.255;FGBS SI 20250306 PS;SIMPLE_INSTRUMENT;EFP_FIN;EUR;16;106.78000000;361;EXCHANGE_LAST;;1;1;XEUR;11286681;690;
24.02.2025;13:24:34.720;FGBS SI 20250306 PS;SIMPLE_INSTRUMENT;EFP_FIN;EUR;17;106.78000000;532;EXCHANGE_LAST;;1;1;XEUR;11286681;690;
24.02.2025;13:53:23.938;FGBS SI 20250306 PS;SIMPLE_INSTRUMENT;EFS;EUR;19;106.79500000;1918;EXCHANGE_LAST;;1;1;XEUR;11286681;690;
24.02.2025;14:27:10.115;FGBS SI 20250306 PS;SIMPLE_INSTRUMENT;EFS;EUR;20;106.78500000;1644;EXCHANGE_LAST;;1;1;XEUR;11286681;690;
24.02.2025;14:48:10.708;FGBS SI 20250306 PS;SIMPLE_INSTRUMENT;EFS;EUR;21;106.78000000;1047;EXCHANGE_LAST;;1;1;XEUR;11286681;690;
24.02.2025;14:56:50.552;FGBS SI 20250306 PS;SIMPLE_INSTRUMENT;EFP_FIN;EUR;22;106.79000000;503;EXCHANGE_LAST;;1;1;XEUR;11286681;690;
24.02.2025;14:56:50.552;FGBS SI 20250306 PS;SIMPLE_INSTRUMENT;EFP_FIN;EUR;23;106.79000000;101;EXCHANGE_LAST;;1;1;XEUR;11286681;690;
24.02.2025;14:56:50.552;FGBS SI 20250306 PS;SIMPLE_INSTRUMENT;EFP_FIN;EUR;24;106.79000000;181;EXCHANGE_LAST;;1;1;XEUR;11286681;690;
24.02.2025;15:00:47.060;FGBS SI 20250306 PS;SIMPLE_INSTRUMENT;EFS;EUR;25;106.81000000;2739;EXCHANGE_LAST;;1;1;XEUR;11286681;690;
24.02.2025;15:08:56.781;FGBS SI 20250306 PS;SIMPLE_INSTRUMENT;EFS;EUR;26;106.82000000;4108;EXCHANGE_LAST;;1;1;XEUR;11286681;690;
24.02.2025;15:11:29.894;FGBS SI 20250306 PS;SIMPLE_INSTRUMENT;EFS;EUR;27;106.82500000;2619;EXCHANGE_LAST;;1;1;XEUR;11286681;690;
24.02.2025;15:22:48.608;FGBS SI 20250306 PS;SIMPLE_INSTRUMENT;EFP_FIN;EUR;28;106.82000000;50;EXCHANGE_LAST;;1;1;XEUR;11286681;690;
24.02.2025;15:33:11.671;FGBS SI 20250306 PS;SIMPLE_INSTRUMENT;EFS;EUR;29;106.81500000;685;EXCHANGE_LAST;;1;1;XEUR;11286681;690;
24.02.2025;16:14:37.973;FGBS SI 20250306 PS;SIMPLE_INSTRUMENT;EFS;EUR;30;106.83000000;5477;EXCHANGE_LAST;;1;1;XEUR;11286681;690;
24.02.2025;16:27:04.660;FGBS SI 20250306 PS;SIMPLE_INSTRUMENT;EFS;EUR;31;106.83000000;2738;EXCHANGE_LAST;;1;1;XEUR;11286681;690;
24.02.2025;16:28:44.486;FGBS SI 20250306 PS;SIMPLE_INSTRUMENT;EFS;EUR;32;106.83000000;2738;EXCHANGE_LAST;;1;1;XEUR;11286681;690;
24.02.2025;16:30:09.972;FGBS SI 20250306 PS;SIMPLE_INSTRUMENT;EFS;EUR;33;106.83000000;2738;EXCHANGE_LAST;;1;1;XEUR;11286681;690;
24.02.2025;16:28:51.440;FGBS SI 20250306 PS;SIMPLE_INSTRUMENT;EFS;EUR;34;106.82500000;5477;EXCHANGE_LAST;;1;1;XEUR;11286681;690;
24.02.2025;16:30:27.973;FGBS SI 20250306 PS;SIMPLE_INSTRUMENT;EFS;EUR;35;106.83000000;2738;EXCHANGE_LAST;;1;1;XEUR;11286681;690;
24.02.2025;16:32:27.120;FGBS SI 20250306 PS;SIMPLE_INSTRUMENT;EFS;EUR;36;106.83000000;549;EXCHANGE_LAST;;1;1;XEUR;11286681;690;
24.02.2025;16:42:42.632;FGBS SI 20250306 PS;SIMPLE_INSTRUMENT;EFS;EUR;37;106.82500000;2619;EXCHANGE_LAST;;1;1;XEUR;11286681;690;
24.02.2025;16:43:18.178;FGBS SI 20250306 PS;SIMPLE_INSTRUMENT;EFP_FIN;EUR;38;106.83500000;149;EXCHANGE_LAST;;1;1;XEUR;11286681;690;
24.02.2025;16:57:06.979;FGBS SI 20250306 PS;SIMPLE_INSTRUMENT;EFP_FIN;EUR;39;106.83000000;723;EXCHANGE_LAST;;1;1;XEUR;11286681;690;
24.02.2025;17:01:25.459;FGBS SI 20250306 PS;SIMPLE_INSTRUMENT;EFP_FIN;EUR;40;106.81000000;1328;EXCHANGE_LAST;;1;1;XEUR;11286681;690;
24.02.2025;07:38:23.658;FGBX SI 20250306 PS;SIMPLE_INSTRUMENT;EFS;EUR;1;128.04000000;182;EXCHANGE_LAST;;1;1;XEUR;11286682;691;
24.02.2025;07:46:04.992;FGBX SI 20250306 PS;SIMPLE_INSTRUMENT;EFS;EUR;2;128.48000000;182;EXCHANGE_LAST;;1;1;XEUR;11286682;691;
24.02.2025;07:47:48.503;FGBX SI 20250306 PS;SIMPLE_INSTRUMENT;EFS;EUR;3;128.50000000;181;EXCHANGE_LAST;;1;1;XEUR;11286682;691;
24.02.2025;07:48:31.411;FGBX SI 20250306 PS;SIMPLE_INSTRUMENT;BLOCK;EUR;4;128.06000000;182;EXCHANGE_LAST;;1;1;XEUR;11286682;691;
24.02.2025;08:22:49.602;FGBX SI 20250306 PS;SIMPLE_INSTRUMENT;EFS;EUR;5;128.54000000;95;EXCHANGE_LAST;;1;1;XEUR;11286682;691;
24.02.2025;10:41:28.926;FGBX SI 20250306 PS;SIMPLE_INSTRUMENT;EFP_FIN;EUR;10;128.32000000;132;EXCHANGE_LAST;;1;1;XEUR;11286682;691;
24.02.2025;11:09:17.602;FGBX SI 20250306 PS;SIMPLE_INSTRUMENT;BLOCK;EUR;11;128.14000000;191;EXCHANGE_LAST;;1;1;XEUR;11286682;691;
24.02.2025;11:43:36.774;FGBX SI 20250306 PS;SIMPLE_INSTRUMENT;EFS;EUR;12;128.08000000;274;EXCHANGE_LAST;;1;1;XEUR;11286682;691;
24.02.2025;11:51:06.314;FGBX SI 20250306 PS;SIMPLE_INSTRUMENT;EFS;EUR;13;128.08000000;96;EXCHANGE_LAST;;1;1;XEUR;11286682;691;
24.02.2025;12:25:04.809;FGBX SI 20250306 PS;SIMPLE_INSTRUMENT;EFS;EUR;14;127.84000000;183;EXCHANGE_LAST;;1;1;XEUR;11286682;691;
24.02.2025;13:02:54.765;FGBX SI 20250306 PS;SIMPLE_INSTRUMENT;EFP_FIN;EUR;15;127.88000000;231;EXCHANGE_LAST;;1;1;XEUR;11286682;691;
24.02.2025;13:29:21.189;FGBX SI 20250306 PS;SIMPLE_INSTRUMENT;EFP_FIN;EUR;18;127.74000000;475;EXCHANGE_LAST;;1;1;XEUR;11286682;691;
24.02.2025;14:15:12.885;FGBX SI 20250306 PS;SIMPLE_INSTRUMENT;EFS;EUR;20;127.70000000;96;EXCHANGE_LAST;;1;1;XEUR;11286682;691;
24.02.2025;15:00:33.773;FGBX SI 20250306 PS;SIMPLE_INSTRUMENT;BLOCK;EUR;21;128.00000000;382;EXCHANGE_LAST;;1;1;XEUR;11286682;691;
24.02.2025;15:23:19.069;FGBX SI 20250306 PS;SIMPLE_INSTRUMENT;EFP_FIN;EUR;23;127.80000000;371;EXCHANGE_LAST;;1;1;XEUR;11286682;691;
24.02.2025;15:26:40.212;FGBX SI 20250306 PS;SIMPLE_INSTRUMENT;EFP_FIN;EUR;24;127.80000000;372;EXCHANGE_LAST;;1;1;XEUR;11286682;691;
24.02.2025;15:38:20.356;FGBX SI 20250306 PS;SIMPLE_INSTRUMENT;BLOCK;EUR;25;128.10000000;957;EXCHANGE_LAST;;1;1;XEUR;11286682;691;
24.02.2025;15:51:26.240;FGBX SI 20250306 PS;SIMPLE_INSTRUMENT;EFP_FIN;EUR;26;128.26000000;50;EXCHANGE_LAST;;1;1;XEUR;11286682;691;
24.02.2025;16:00:52.879;FGBX SI 20250306 PS;SIMPLE_INSTRUMENT;EFS;EUR;28;128.34000000;153;EXCHANGE_LAST;;1;1;XEUR;11286682;691;
24.02.2025;16:16:27.617;FGBX SI 20250306 PS;SIMPLE_INSTRUMENT;EFS;EUR;29;128.22000000;51;EXCHANGE_LAST;;1;1;XEUR;11286682;691;
24.02.2025;16:29:48.378;FGBX SI 20250306 PS;SIMPLE_INSTRUMENT;EFP_FIN;EUR;30;128.30000000;182;EXCHANGE_LAST;;1;1;XEUR;11286682;691;
24.02.2025;07:54:41.813;FMAS SI 20250321 CS;SIMPLE_INSTRUMENT;EFP_IDX;USD;7;650.58000000;368;EXCHANGE_LAST;;1;1;XEUR;7589709;7061;
24.02.2025;07:55:27.868;FMCH SI 20250321 CS;SIMPLE_INSTRUMENT;BLOCK;USD;8;600.39400000;461;EXCHANGE_LAST;;1;1;XEUR;7592069;402909;
24.02.2025;08:11:03.905;FMCH SI 20250321 CS;SIMPLE_INSTRUMENT;BLOCK;USD;12;594.80000000;144;EXCHANGE_LAST;;1;1;XEUR;7592069;402909;
24.02.2025;09:43:35.819;FMCH SI 20250321 CS;SIMPLE_INSTRUMENT;BLOCK;USD;16;594.76000000;113;EXCHANGE_LAST;;1;1;XEUR;7592069;402909;
24.02.2025;10:30:00.152;FMCH SI 20250321 CS;SIMPLE_INSTRUMENT;BLOCK;USD;17;593.25000000;226;EXCHANGE_LAST;;1;1;XEUR;7592069;402909;
24.02.2025;11:12:44.582;FMCH SI 20250321 CS;SIMPLE_INSTRUMENT;BLOCK;USD;18;593.30000000;193;EXCHANGE_LAST;;1;1;XEUR;7592069;402909;
24.02.2025;08:27:54.036;FMEA SI 20250321 CS;SIMPLE_INSTRUMENT;BLOCK;USD;13;729.16300000;220;EXCHANGE_LAST;;1;1;XEUR;7589834;12395;
24.02.2025;16:52:03.842;FMEF SI 20250321 CS;SIMPLE_INSTRUMENT;BLOCK;USD;25;1133.40300000;22;EXCHANGE_LAST;;1;1;XEUR;7408970;30657;
24.02.2025;16:52:54.357;FMEF SI 20250321 CS;SIMPLE_INSTRUMENT;BLOCK;USD;26;1133.40100000;34;EXCHANGE_LAST;;1;1;XEUR;7408970;30657;
24.02.2025;08:06:20.636;FMEN SI 20250321 CS;SIMPLE_INSTRUMENT;EFP_IDX;EUR;11;551.81100000;15;EXCHANGE_LAST;;1;1;XEUR;7590212;30652;
24.02.2025;15:45:31.848;FMGO SI 20250321 CS;SIMPLE_INSTRUMENT;BLOCK;USD;20;5397.00000000;217;EXCHANGE_LAST;;1;1;XEUR;8609359;583623;
24.02.2025;08:00:20.513;FMHK SI 20250321 CS;SIMPLE_INSTRUMENT;BLOCK;USD;9;58840.00000000;21;EXCHANGE_LAST;;1;1;XEUR;7590500;45282;
24.02.2025;08:03:56.517;FMHK SI 20250321 CS;SIMPLE_INSTRUMENT;BLOCK;USD;10;58851.00000000;21;EXCHANGE_LAST;;1;1;XEUR;7590500;45282;
24.02.2025;03:42:33.764;FMID SI 20250321 CS;SIMPLE_INSTRUMENT;BLOCK;USD;5;1481.99800000;120;EXCHANGE_LAST;;1;1;XEUR;7590528;45289;
24.02.2025;02:22:50.340;FMIN SI 20250321 CS;SIMPLE_INSTRUMENT;BLOCK;USD;1;1165.80300000;150;EXCHANGE_LAST;;1;1;XEUR;7589865;12404;
24.02.2025;03:46:02.950;FMIN SI 20250321 CS;SIMPLE_INSTRUMENT;BLOCK;USD;2;1165.68500000;150;EXCHANGE_LAST;;1;1;XEUR;7589865;12404;
24.02.2025;08:56:18.310;FMPA SI 20250321 CS;SIMPLE_INSTRUMENT;BLOCK;USD;14;8757.04700000;395;EXCHANGE_LAST;;1;1;XEUR;7590728;48143;
24.02.2025;08:56:45.912;FMPA SI 20250321 CS;SIMPLE_INSTRUMENT;BLOCK;USD;15;8757.70100000;619;EXCHANGE_LAST;;1;1;XEUR;7590728;48143;
24.02.2025;01:33:53.299;FMPH SI 20250321 CS;SIMPLE_INSTRUMENT;EFP_IDX;USD;2;402.29300000;100;EXCHANGE_LAST;;1;1;XEUR;7589869;12548;
24.02.2025;07:44:53.043;FMPX SI 20250321 CS;SIMPLE_INSTRUMENT;BLOCK;USD;4;8312.82000000;19;EXCHANGE_LAST;;1;1;XEUR;7590531;45291;
24.02.2025;12:33:48.733;FMSA SI 20250321 CS;SIMPLE_INSTRUMENT;BLOCK;USD;19;1852.15000000;96;EXCHANGE_LAST;;1;1;XEUR;7591259;134861;
24.02.2025;00:24:55.167;FMTW SI 20250321 CS;SIMPLE_INSTRUMENT;BLOCK;USD;1;852.34700000;118;EXCHANGE_LAST;;1;1;XEUR;7590882;51884;
24.02.2025;02:42:57.241;FMTW SI 20250321 CS;SIMPLE_INSTRUMENT;BLOCK;USD;3;851.49800000;37;EXCHANGE_LAST;;1;1;XEUR;7590882;51884;
24.02.2025;03:40:15.094;FMTW SI 20250321 CS;SIMPLE_INSTRUMENT;BLOCK;USD;4;852.34600000;235;EXCHANGE_LAST;;1;1;XEUR;7590882;51884;
24.02.2025;08:27:31.818;FMTW SI 20250321 CS;SIMPLE_INSTRUMENT;BLOCK;USD;6;852.34700000;118;EXCHANGE_LAST;;1;1;XEUR;7590882;51884;
24.02.2025;08:27:58.835;FMUA SI 20250321 CS;SIMPLE_INSTRUMENT;BLOCK;USD;7;931.50000000;65;EXCHANGE_LAST;;1;1;XEUR;7590507;45284;
24.02.2025;11:27:03.181;FMUA SI 20250321 CS;SIMPLE_INSTRUMENT;BLOCK;USD;8;936.04000000;41;EXCHANGE_LAST;;1;1;XEUR;7590507;45284;
24.02.2025;06:59:50.465;FMWO SI 20250321 CS;SIMPLE_INSTRUMENT;EFP_IDX;USD;3;12218.77000000;81;EXCHANGE_LAST;;1;1;XEUR;7589707;7059;
24.02.2025;07:47:07.093;FMWO SI 20250321 CS;SIMPLE_INSTRUMENT;BLOCK;USD;5;12217.97000000;194;EXCHANGE_LAST;;1;1;XEUR;7589707;7059;
24.02.2025;07:52:44.085;FMWO SI 20250321 CS;SIMPLE_INSTRUMENT;BLOCK;USD;6;12212.47000000;1000;EXCHANGE_LAST;;1;1;XEUR;7589707;7059;
24.02.2025;09:49:22.350;FOAT SI 20250306 PS;SIMPLE_INSTRUMENT;EFP_FIN;EUR;2;123.66000000;667;EXCHANGE_LAST;;1;1;XEUR;11286683;749;
24.02.2025;09:50:14.853;FOAT SI 20250306 PS;SIMPLE_INSTRUMENT;EFP_FIN;EUR;3;123.66000000;311;EXCHANGE_LAST;;1;1;XEUR;11286683;749;
24.02.2025;10:04:54.200;FOAT SI 20250306 PS;SIMPLE_INSTRUMENT;EFP_FIN;EUR;4;123.67000000;1396;EXCHANGE_LAST;;1;1;XEUR;11286683;749;
24.02.2025;10:12:33.084;FOAT SI 20250306 PS;SIMPLE_INSTRUMENT;EFP_FIN;EUR;5;123.65000000;1668;EXCHANGE_LAST;;1;1;XEUR;11286683;749;
24.02.2025;10:21:14.856;FOAT SI 20250306 PS;SIMPLE_INSTRUMENT;EFP_FIN;EUR;6;123.65000000;1668;EXCHANGE_LAST;;1;1;XEUR;11286683;749;
24.02.2025;10:28:56.663;FOAT SI 20250306 PS;SIMPLE_INSTRUMENT;EFP_FIN;EUR;7;123.56000000;250;EXCHANGE_LAST;;1;1;XEUR;11286683;749;
24.02.2025;10:56:33.019;FOAT SI 20250306 PS;SIMPLE_INSTRUMENT;EFP_FIN;EUR;8;123.57000000;64;EXCHANGE_LAST;;1;1;XEUR;11286683;749;
24.02.2025;10:58:40.709;FOAT SI 20250306 PS;SIMPLE_INSTRUMENT;EFP_FIN;EUR;9;123.57000000;400;EXCHANGE_LAST;;1;1;XEUR;11286683;749;
24.02.2025;11:17:17.135;FOAT SI 20250306 PS;SIMPLE_INSTRUMENT;EFP_FIN;EUR;10;123.66000000;834;EXCHANGE_LAST;;1;1;XEUR;11286683;749;
24.02.2025;11:22:23.668;FOAT SI 20250306 PS;SIMPLE_INSTRUMENT;EFP_FIN;EUR;11;123.51000000;231;EXCHANGE_LAST;;1;1;XEUR;11286683;749;
24.02.2025;11:34:24.727;FOAT SI 20250306 PS;SIMPLE_INSTRUMENT;EFP_FIN;EUR;12;123.52000000;155;EXCHANGE_LAST;;1;1;XEUR;11286683;749;
24.02.2025;12:01:04.183;FOAT SI 20250306 PS;SIMPLE_INSTRUMENT;EFP_FIN;EUR;13;123.53000000;758;EXCHANGE_LAST;;1;1;XEUR;11286683;749;
24.02.2025;12:52:21.515;FOAT SI 20250306 PS;SIMPLE_INSTRUMENT;EFP_FIN;EUR;14;123.48000000;813;EXCHANGE_LAST;;1;1;XEUR;11286683;749;
24.02.2025;13:12:16.561;FOAT SI 20250306 PS;SIMPLE_INSTRUMENT;EFP_FIN;EUR;16;123.44000000;334;EXCHANGE_LAST;;1;1;XEUR;11286683;749;
24.02.2025;13:13:18.638;FOAT SI 20250306 PS;SIMPLE_INSTRUMENT;EFP_FIN;EUR;17;123.43000000;156;EXCHANGE_LAST;;1;1;XEUR;11286683;749;
24.02.2025;13:14:45.007;FOAT SI 20250306 PS;SIMPLE_INSTRUMENT;EFP_FIN;EUR;18;123.66000000;1210;EXCHANGE_LAST;;1;1;XEUR;11286683;749;
24.02.2025;13:20:51.062;FOAT SI 20250306 PS;SIMPLE_INSTRUMENT;EFP_FIN;EUR;19;123.45000000;417;EXCHANGE_LAST;;1;1;XEUR;11286683;749;
24.02.2025;14:16:37.254;FOAT SI 20250306 PS;SIMPLE_INSTRUMENT;EFP_FIN;EUR;20;123.41000000;208;EXCHANGE_LAST;;1;1;XEUR;11286683;749;
24.02.2025;15:12:42.029;FOAT SI 20250306 PS;SIMPLE_INSTRUMENT;EFP_FIN;EUR;21;123.63000000;167;EXCHANGE_LAST;;1;1;XEUR;11286683;749;
24.02.2025;15:12:42.860;FOAT SI 20250306 PS;SIMPLE_INSTRUMENT;EFP_FIN;EUR;22;123.63000000;334;EXCHANGE_LAST;;1;1;XEUR;11286683;749;
24.02.2025;15:13:03.008;FOAT SI 20250306 PS;SIMPLE_INSTRUMENT;EFP_FIN;EUR;23;123.65000000;95;EXCHANGE_LAST;;1;1;XEUR;11286683;749;
24.02.2025;15:14:48.464;FOAT SI 20250306 PS;SIMPLE_INSTRUMENT;EFP_FIN;EUR;24;123.64000000;235;EXCHANGE_LAST;;1;1;XEUR;11286683;749;
24.02.2025;15:17:39.325;FOAT SI 20250306 PS;SIMPLE_INSTRUMENT;EFP_FIN;EUR;25;123.60000000;931;EXCHANGE_LAST;;1;1;XEUR;11286683;749;
24.02.2025;15:21:43.064;FOAT SI 20250606 PS;SIMPLE_INSTRUMENT;BLOCK;EUR;26;124.92000000;1333;EXCHANGE_LAST;;1;1;XEUR;11820393;749;
24.02.2025;15:22:08.107;FOAT SI 20250306 PS;SIMPLE_INSTRUMENT;BLOCK;EUR;27;123.65000000;1500;EXCHANGE_LAST;;1;1;XEUR;11286683;749;
24.02.2025;15:49:41.148;FOAT SI 20250306 PS;SIMPLE_INSTRUMENT;EFP_FIN;EUR;28;123.53000000;1668;EXCHANGE_LAST;;1;1;XEUR;11286683;749;
24.02.2025;15:58:55.627;FOAT SI 20250306 PS;SIMPLE_INSTRUMENT;EFP_FIN;EUR;29;123.64000000;1247;EXCHANGE_LAST;;1;1;XEUR;11286683;749;
24.02.2025;16:23:51.619;FOAT SI 20250306 PS;SIMPLE_INSTRUMENT;EFP_FIN;EUR;30;123.66000000;69;EXCHANGE_LAST;;1;1;XEUR;11286683;749;
24.02.2025;16:25:18.054;FOAT SI 20250306 PS;SIMPLE_INSTRUMENT;EFP_FIN;EUR;31;123.66000000;122;EXCHANGE_LAST;;1;1;XEUR;11286683;749;
24.02.2025;09:14:39.598;FOT SI 20250321 PS AM P 14.20 0;SIMPLE_INSTRUMENT;BLOCK;EUR;1;0.15000000;6300;EXCHANGE_LAST;;1;1;XEUR;12819934;751;
24.02.2025;10:45:36.147;FOT SI 20250321 PS AM P 14.20 0;SIMPLE_INSTRUMENT;BLOCK;EUR;6;0.15000000;1425;EXCHANGE_LAST;;1;1;XEUR;12819934;751;
24.02.2025;10:45:38.811;FOT SI 20250321 PS AM P 14.20 0;SIMPLE_INSTRUMENT;BLOCK;EUR;7;0.16000000;1425;EXCHANGE_LAST;;1;1;XEUR;12819934;751;
24.02.2025;16:50:23.226;FSCP SI 20250321 CS;SIMPLE_INSTRUMENT;EFP_IDX;EUR;54;351.30000000;76;EXCHANGE_LAST;;1;1;XEUR;11360241;764;
24.02.2025;16:50:47.168;FSCP SI 20250321 CS;SIMPLE_INSTRUMENT;EFP_IDX;EUR;56;351.70000000;29;EXCHANGE_LAST;;1;1;XEUR;11360241;764;
24.02.2025;16:50:26.938;FSEG SI 20250321 CS;SIMPLE_INSTRUMENT;EFP_IDX;EUR;55;205.00000000;26;EXCHANGE_LAST;;1;1;XEUR;11393888;109977;
24.02.2025;16:50:56.260;FSEG SI 20250321 CS;SIMPLE_INSTRUMENT;EFP_IDX;EUR;57;204.90000000;21;EXCHANGE_LAST;;1;1;XEUR;11393888;109977;
24.02.2025;16:50:59.050;FSEG SI 20250321 CS;SIMPLE_INSTRUMENT;EFP_IDX;EUR;58;205.10000000;6;EXCHANGE_LAST;;1;1;XEUR;11393888;109977;
24.02.2025;16:51:09.195;FSEG SI 20250321 CS;SIMPLE_INSTRUMENT;EFP_IDX;EUR;59;205.10000000;32;EXCHANGE_LAST;;1;1;XEUR;11393888;109977;
24.02.2025;16:52:09.209;FSEG SI 20250321 CS;SIMPLE_INSTRUMENT;EFP_IDX;EUR;62;205.10000000;20;EXCHANGE_LAST;;1;1;XEUR;11393888;109977;
24.02.2025;16:52:30.991;FSEG SI 20250321 CS;SIMPLE_INSTRUMENT;EFP_IDX;EUR;63;205.00000000;80;EXCHANGE_LAST;;1;1;XEUR;11393888;109977;
24.02.2025;16:08:22.692;FSMI SI 20250321 CS;SIMPLE_INSTRUMENT;BLOCK;CHF;1;12890.00000000;1000;EXCHANGE_LAST;;1;1;XEUR;7793721;757;
24.02.2025;16:09:21.022;FSMI SI 20250321 CS;SIMPLE_INSTRUMENT;BLOCK;CHF;2;12890.00000000;500;EXCHANGE_LAST;;1;1;XEUR;7793721;757;
24.02.2025;16:24:13.289;FSMI SI 20250321 CS;SIMPLE_INSTRUMENT;EFP_IDX;CHF;3;12895.00000000;300;EXCHANGE_LAST;;1;1;XEUR;7793721;757;
24.02.2025;16:34:46.832;FSMI SI 20250321 CS;SIMPLE_INSTRUMENT;EFP_IDX;CHF;4;12913.00000000;53;EXCHANGE_LAST;;1;1;XEUR;7793721;757;
24.02.2025;16:34:55.976;FSMI SI 20250321 CS;SIMPLE_INSTRUMENT;EFP_IDX;CHF;5;12914.00000000;38;EXCHANGE_LAST;;1;1;XEUR;7793721;757;
24.02.2025;12:38:33.667;FSMX SI 20250321 CS;SIMPLE_INSTRUMENT;BLOCK;EUR;22;28162.00000000;336;EXCHANGE_LAST;;1;1;XEUR;11405203;396422;
24.02.2025;16:41:47.879;FSMX SI 20250321 CS;SIMPLE_INSTRUMENT;EFP_IDX;EUR;45;27987.00000000;34;EXCHANGE_LAST;;1;1;XEUR;11405203;396422;
24.02.2025;16:42:06.764;FSMX SI 20250321 CS;SIMPLE_INSTRUMENT;EFP_IDX;EUR;46;27988.00000000;41;EXCHANGE_LAST;;1;1;XEUR;11405203;396422;
24.02.2025;16:42:08.248;FSMX SI 20250321 CS;SIMPLE_INSTRUMENT;BLOCK;EUR;47;28063.00000000;259;EXCHANGE_LAST;;1;1;XEUR;11405203;396422;
24.02.2025;16:42:08.248;FSMX SI 20250321 CS;SIMPLE_INSTRUMENT;BLOCK;EUR;48;28069.00000000;296;EXCHANGE_LAST;;1;1;XEUR;11405203;396422;
24.02.2025;16:44:57.242;FSMX SI 20250321 CS;SIMPLE_INSTRUMENT;BLOCK;EUR;49;27970.00000000;600;EXCHANGE_LAST;;1;1;XEUR;11405203;396422;
24.02.2025;16:45:15.598;FSMX SI 20250321 CS;SIMPLE_INSTRUMENT;BLOCK;EUR;50;27985.00000000;304;EXCHANGE_LAST;;1;1;XEUR;11405203;396422;
24.02.2025;16:45:16.741;FSMX SI 20250321 CS;SIMPLE_INSTRUMENT;BLOCK;EUR;51;27986.00000000;371;EXCHANGE_LAST;;1;1;XEUR;11405203;396422;
24.02.2025;16:48:57.676;FSMX SI 20250321 CS;SIMPLE_INSTRUMENT;BLOCK;EUR;52;28136.00000000;399;EXCHANGE_LAST;;1;1;XEUR;11405203;396422;
24.02.2025;16:49:08.688;FSMX SI 20250321 CS;SIMPLE_INSTRUMENT;BLOCK;EUR;53;28137.00000000;416;EXCHANGE_LAST;;1;1;XEUR;11405203;396422;
24.02.2025;16:51:36.272;FSMX SI 20250321 CS;SIMPLE_INSTRUMENT;EFP_IDX;EUR;60;27987.00000000;371;EXCHANGE_LAST;;1;1;XEUR;11405203;396422;
24.02.2025;16:51:57.840;FSMX SI 20250321 CS;SIMPLE_INSTRUMENT;EFP_IDX;EUR;61;27986.00000000;304;EXCHANGE_LAST;;1;1;XEUR;11405203;396422;
24.02.2025;11:08:46.067;FSTA SI 20250321 CS;SIMPLE_INSTRUMENT;EFP_IDX;EUR;4;608.30000000;139;EXCHANGE_LAST;;1;1;XEUR;11359808;715;
24.02.2025;11:09:31.071;FSTA SI 20250321 CS;SIMPLE_INSTRUMENT;EFP_IDX;EUR;5;608.20000000;209;EXCHANGE_LAST;;1;1;XEUR;11359808;715;
24.02.2025;09:15:43.519;FSTA SI 20250321 CS;SIMPLE_INSTRUMENT;VOLA;EUR;603979778;607.50000000;38;EXCHANGE_LAST;;1;1;XEUR;11359808;715;
24.02.2025;16:40:49.721;FSTB SI 20250321 CS;SIMPLE_INSTRUMENT;BLOCK;EUR;43;250.00000000;463;EXCHANGE_LAST;;1;1;XEUR;11359807;714;
24.02.2025;16:40:58.117;FSTB SI 20250321 CS;SIMPLE_INSTRUMENT;BLOCK;EUR;44;250.10000000;812;EXCHANGE_LAST;;1;1;XEUR;11359807;714;
24.02.2025;15:47:25.409;FSTE SI 20250321 CS;SIMPLE_INSTRUMENT;BLOCK;EUR;9;360.70000000;639;EXCHANGE_LAST;;1;1;XEUR;11359812;719;
24.02.2025;15:47:21.408;FSTE SI 20250321 CS;SIMPLE_INSTRUMENT;BLOCK;EUR;10;360.80000000;426;EXCHANGE_LAST;;1;1;XEUR;11359812;719;
24.02.2025;16:54:02.722;FSTE SI 20250321 CS;SIMPLE_INSTRUMENT;EFP_IDX;EUR;13;359.90000000;6;EXCHANGE_LAST;;1;1;XEUR;11359812;719;
24.02.2025;16:54:17.235;FSTE SI 20250321 CS;SIMPLE_INSTRUMENT;EFP_IDX;EUR;14;360.10000000;25;EXCHANGE_LAST;;1;1;XEUR;11359812;719;
24.02.2025;16:54:47.835;FSTE SI 20250321 CS;SIMPLE_INSTRUMENT;EFP_IDX;EUR;15;360.00000000;26;EXCHANGE_LAST;;1;1;XEUR;11359812;719;
24.02.2025;16:54:56.357;FSTE SI 20250321 CS;SIMPLE_INSTRUMENT;EFP_IDX;EUR;16;360.10000000;26;EXCHANGE_LAST;;1;1;XEUR;11359812;719;
24.02.2025;14:56:57.540;FSTU SI 20250321 CS;SIMPLE_INSTRUMENT;BLOCK;EUR;36;393.20000000;590;EXCHANGE_LAST;;1;1;XEUR;11359815;730;
24.02.2025;14:56:53.677;FSTU SI 20250321 CS;SIMPLE_INSTRUMENT;BLOCK;EUR;37;392.90000000;1371;EXCHANGE_LAST;;1;1;XEUR;11359815;730;
24.02.2025;16:45:25.251;FSTV SI 20250321 CS;SIMPLE_INSTRUMENT;BLOCK;EUR;11;267.00000000;1050;EXCHANGE_LAST;;1;1;XEUR;11359817;731;
24.02.2025;16:45:33.159;FSTV SI 20250321 CS;SIMPLE_INSTRUMENT;BLOCK;EUR;12;266.90000000;450;EXCHANGE_LAST;;1;1;XEUR;11359817;731;
24.02.2025;11:30:35.370;FSTZ SI 20250321 CS;SIMPLE_INSTRUMENT;EFP_IDX;EUR;6;1120.60000000;76;EXCHANGE_LAST;;1;1;XEUR;11359819;734;
24.02.2025;12:09:27.221;FSTZ SI 20250321 CS;SIMPLE_INSTRUMENT;EFP_IDX;EUR;8;1120.50000000;174;EXCHANGE_LAST;;1;1;XEUR;11359819;734;
24.02.2025;16:30:56.794;FXXP SI 20250321 CS;SIMPLE_INSTRUMENT;BLOCK;EUR;21;553.50000000;378;EXCHANGE_LAST;;1;1;XEUR;7793972;816;
24.02.2025;16:46:05.491;FXXP SI 20250321 CS;SIMPLE_INSTRUMENT;EFP_IDX;EUR;22;553.40000000;237;EXCHANGE_LAST;;1;1;XEUR;7793972;816;
24.02.2025;16:46:41.329;FXXP SI 20250321 CS;SIMPLE_INSTRUMENT;EFP_IDX;EUR;23;553.50000000;59;EXCHANGE_LAST;;1;1;XEUR;7793972;816;
24.02.2025;16:50:31.575;FXXP SI 20250321 CS;SIMPLE_INSTRUMENT;EFP_IDX;EUR;24;553.40000000;406;EXCHANGE_LAST;;1;1;XEUR;7793972;816;
24.02.2025;16:53:51.673;FXXP SI 20250321 CS;SIMPLE_INSTRUMENT;EFP_IDX;EUR;27;553.00000000;63;EXCHANGE_LAST;;1;1;XEUR;7793972;816;
24.02.2025;16:54:08.011;FXXP SI 20250321 CS;SIMPLE_INSTRUMENT;EFP_IDX;EUR;28;554.00000000;37;EXCHANGE_LAST;;1;1;XEUR;7793972;816;
24.02.2025;09:23:04.417;GZF SI 20250620 PS AM P 15.00 0;SIMPLE_INSTRUMENT;BLOCK;EUR;6;0.64000000;8000;EXCHANGE_LAST;;1;1;XEUR;11361735;855;
24.02.2025;14:57:29.387;GZF SI 20250321 PS AM C 16.40 0;SIMPLE_INSTRUMENT;BLOCK;EUR;28;0.37000000;6000;EXCHANGE_LAST;;1;1;XEUR;12444195;855;
24.02.2025;11:05:56.131;HEI.O.250224.BUL.000003;STANDARD_OPTION_STRATEGY;BLOCK;EUR;4;3.66000000;2500;EXCHANGE_LAST;;1;2;XEUR;72061197515514336;839;
24.02.2025;11:05:56.131;HEI SI 20250620 PS AM C 140.00 0;SIMPLE_INSTRUMENT;BLOCK;EUR;4;7.99000000;2500;PRC_DECOMP_EXCHANGE;;;;XEUR;9549905;839;EXCHANGE
24.02.2025;11:05:56.131;HEI SI 20250620 PS AM C 150.00 0;SIMPLE_INSTRUMENT;BLOCK;EUR;4;4.33000000;2500;PRC_DECOMP_EXCHANGE;;;;XEUR;11361323;839;EXCHANGE
24.02.2025;12:17:32.725;HEI SI 20250321 PS AM C 144.00 0;SIMPLE_INSTRUMENT;BLOCK;EUR;6;2.62000000;500;EXCHANGE_LAST;;1;1;XEUR;12582940;839;
24.02.2025;15:28:43.323;IBE SI 20250919 PS AM P 13.00 0;SIMPLE_INSTRUMENT;BLOCK;EUR;18;0.47000000;7500;EXCHANGE_LAST;;2;1;XEUR;10842389;908;
24.02.2025;15:28:29.880;IBE SI 20250919 PS AM P 13.00 0;SIMPLE_INSTRUMENT;BLOCK;EUR;19;0.48000000;7500;EXCHANGE_LAST;;2;1;XEUR;10842389;908;
24.02.2025;12:36:43.129;IES5 SI 20261217 PS AM P 1.80 0;SIMPLE_INSTRUMENT;BLOCK;EUR;10;0.04400000;1500;EXCHANGE_LAST;;1;1;XEUR;7148125;900;
24.02.2025;13:53:30.217;IESI SI 20250320 CS;SIMPLE_INSTRUMENT;BLOCK;EUR;20;4.54900000;3000;EXCHANGE_LAST;;1;1;XEUR;10688352;901;
24.02.2025;13:22:30.251;IFX SI 20271217 PS AM P 24.00 0;SIMPLE_INSTRUMENT;BLOCK;EUR;9;2.36000000;1000;EXCHANGE_LAST;;1;1;XEUR;8785519;902;
24.02.2025;15:52:46.174;INN SI 20271217 PS AM P 12.00 0;SIMPLE_INSTRUMENT;BLOCK;EUR;20;1.09000000;1250;EXCHANGE_LAST;;1;1;XEUR;12578183;1014;
24.02.2025;15:06:07.322;KNIN SI 20250321 PS AM P 210.00 0;SIMPLE_INSTRUMENT;BLOCK;CHF;57;3.80000000;150;EXCHANGE_LAST;;1;1;XEUR;11228440;1091;
24.02.2025;12:16:34.044;LHA SI 20250620 PS AM P 6.40 0;SIMPLE_INSTRUMENT;BLOCK;EUR;16;0.44000000;5000;EXCHANGE_LAST;;1;1;XEUR;7907919;1126;
24.02.2025;16:29:09.814;LHA SI 20250620 PS AM C 7.00 0;SIMPLE_INSTRUMENT;BLOCK;EUR;43;0.29000000;7000;EXCHANGE_LAST;;1;1;XEUR;12762423;1126;
24.02.2025;10:29:24.434;LISP SI 20251219 PS AM P 10000.0 0;SIMPLE_INSTRUMENT;BLOCK;CHF;11;384.00000000;400;EXCHANGE_LAST;;1;1;XEUR;12449004;1149;
24.02.2025;12:59:10.326;LOGN SI 20251219 PS AM P 84.00 0;SIMPLE_INSTRUMENT;BLOCK;CHF;35;5.57000000;400;EXCHANGE_LAST;;1;1;XEUR;7299624;1143;
24.02.2025;12:39:24.304;LONN SI 20251219 PS AM P 520.00 0;SIMPLE_INSTRUMENT;BLOCK;CHF;32;28.35000000;1000;EXCHANGE_LAST;;1;1;XEUR;10641243;1141;
24.02.2025;12:18:55.347;MOH SI 20250321 PS AM C 720.00 0;SIMPLE_INSTRUMENT;BLOCK;EUR;19;12.85000000;100;EXCHANGE_LAST;;1;1;XEUR;10844464;1074;
24.02.2025;13:24:26.947;MOH SI 20250516 PS AM P 620.00 0;SIMPLE_INSTRUMENT;BLOCK;EUR;23;9.36000000;118;EXCHANGE_LAST;;1;1;XEUR;12823495;1074;
24.02.2025;13:24:32.947;MOH SI 20250516 PS AM P 620.00 0;SIMPLE_INSTRUMENT;BLOCK;EUR;24;9.35000000;117;EXCHANGE_LAST;;1;1;XEUR;12823495;1074;
24.02.2025;11:10:55.065;MRK SI 20261218 PS AM C 180.00 0;SIMPLE_INSTRUMENT;BLOCK;EUR;5;6.40000000;300;EXCHANGE_LAST;;1;1;XEUR;7164749;1223;
24.02.2025;16:29:07.634;MRK SI 20271217 PS AM P 120.00 0;SIMPLE_INSTRUMENT;BLOCK;EUR;8;12.20000000;200;EXCHANGE_LAST;;1;1;XEUR;8792420;1223;
24.02.2025;09:06:53.128;MUV2.O.250224.BER-C.000007;STANDARD_OPTION_STRATEGY;BLOCK;EUR;1;3.56000000;244;EXCHANGE_LAST;;1;1;XEUR;72062894027606244;1234;
24.02.2025;09:06:53.128;MUV2 SI 20250321 PS AM P 510.00 0;SIMPLE_INSTRUMENT;BLOCK;EUR;1;9.06000000;244;PRC_DECOMP_EXCHANGE;;;;XEUR;12452064;1234;EXCHANGE
24.02.2025;09:06:53.128;MUV2 SI 20250321 PS AM P 490.00 0;SIMPLE_INSTRUMENT;BLOCK;EUR;1;2.73000000;244;PRC_DECOMP_EXCHANGE;;;;XEUR;12452058;1234;EXCHANGE
24.02.2025;09:06:53.128;MUV2 SI 20250321 PS AM C 550.00 0;SIMPLE_INSTRUMENT;BLOCK;EUR;1;2.77000000;244;PRC_DECOMP_EXCHANGE;;;;XEUR;12451996;1234;EXCHANGE
24.02.2025;14:21:34.589;N2ES SI 20250620 CS;SIMPLE_INSTRUMENT;BLOCK;CHF;23;3.05000000;134;EXCHANGE_LAST;;1;1;XEUR;10848664;1240;
24.02.2025;08:25:41.057;NBB SI 20250417 PS AM P 45.00 0;SIMPLE_INSTRUMENT;BLOCK;EUR;1;3.13000000;150;EXCHANGE_LAST;;1;1;XEUR;12653297;377888;
24.02.2025;08:25:04.634;NBB SI 20250417 PS AM P 45.00 0;SIMPLE_INSTRUMENT;BLOCK;EUR;2;3.11000000;50;EXCHANGE_LAST;;1;1;XEUR;12653297;377888;
24.02.2025;12:31:51.426;NESE.O.250224.COMBO.000010;STANDARD_OPTION_STRATEGY;BLOCK;CHF;27;0.60000000;1500;EXCHANGE_LAST;;1;1;XEUR;72062992811837208;1257;
24.02.2025;12:31:51.426;NESE SI 20250620 PS EU P 80.00 0;SIMPLE_INSTRUMENT;BLOCK;CHF;27;1.33000000;1500;PRC_DECOMP_EXCHANGE;;;;XEUR;11369900;1257;EXCHANGE
24.02.2025;12:31:51.426;NESE SI 20250620 PS EU C 94.00 0;SIMPLE_INSTRUMENT;BLOCK;CHF;27;0.73000000;1500;PRC_DECOMP_EXCHANGE;;;;XEUR;11765621;1257;EXCHANGE
24.02.2025;12:40:03.928;NESE SI 20250620 PS EU C 86.00 0;SIMPLE_INSTRUMENT;BLOCK;CHF;31;2.84000000;750;EXCHANGE_LAST;;1;1;XEUR;11765625;1257;
24.02.2025;13:00:36.766;NESE SI 20250620 PS EU C 84.00 0;SIMPLE_INSTRUMENT;BLOCK;CHF;38;3.82000000;750;EXCHANGE_LAST;;1;1;XEUR;7911074;1257;
24.02.2025;14:21:16.313;NESE.O.250224.JR.000014;STANDARD_OPTION_STRATEGY;BLOCK;CHF;53;84.03000000;2000;EXCHANGE_LAST;;1;1;XEUR;72062992811837212;1257;
24.02.2025;14:21:16.313;NESE SI 20250321 PS EU C 180.00 0;SIMPLE_INSTRUMENT;BLOCK;CHF;53;0.01000000;2000;PRC_DECOMP_EXCHANGE;;;;XEUR;11755128;1257;EXCHANGE
24.02.2025;14:21:16.313;NESE SI 20250620 PS EU P 94.00 0;SIMPLE_INSTRUMENT;BLOCK;CHF;53;9.62000000;2000;PRC_DECOMP_EXCHANGE;;;;XEUR;11765622;1257;EXCHANGE
24.02.2025;14:21:16.313;NESE SI 20250321 PS EU P 180.00 0;SIMPLE_INSTRUMENT;BLOCK;CHF;53;92.94000000;2000;PRC_DECOMP_EXCHANGE;;;;XEUR;11755129;1257;EXCHANGE
24.02.2025;14:21:16.313;NESE SI 20250620 PS EU C 94.00 0;SIMPLE_INSTRUMENT;BLOCK;CHF;53;0.72000000;2000;PRC_DECOMP_EXCHANGE;;;;XEUR;11765621;1257;EXCHANGE
24.02.2025;09:46:04.103;NESN.O.250224.BUL.000019;STANDARD_OPTION_STRATEGY;BLOCK;CHF;3;0.98000000;10000;EXCHANGE_LAST;;1;1;XEUR;72063018581704871;1263;
24.02.2025;09:46:04.103;NESN SI 20260619 PS AM C 100.00 0;SIMPLE_INSTRUMENT;BLOCK;CHF;3;1.78000000;10000;PRC_DECOMP_EXCHANGE;;;;XEUR;9559416;1263;EXCHANGE
24.02.2025;09:46:04.103;NESN SI 20260619 PS AM C 110.00 0;SIMPLE_INSTRUMENT;BLOCK;CHF;3;0.80000000;10000;PRC_DECOMP_EXCHANGE;;;;XEUR;11454891;1263;EXCHANGE
24.02.2025;10:08:40.176;NESN SI 20250919 PS AM C 90.00 0;SIMPLE_INSTRUMENT;BLOCK;CHF;5;2.48000000;1000;EXCHANGE_LAST;;1;1;XEUR;11946442;1263;
24.02.2025;10:08:42.575;NESN SI 20250321 PS AM P 84.00 0;SIMPLE_INSTRUMENT;BLOCK;CHF;6;0.52000000;1000;EXCHANGE_LAST;;1;1;XEUR;10849726;1263;
24.02.2025;10:20:45.545;NESN SI 20250417 PS AM P 86.00 0;SIMPLE_INSTRUMENT;BLOCK;CHF;8;1.60000000;3500;EXCHANGE_LAST;;1;3;XEUR;12707696;1263;
24.02.2025;10:44:48.392;NESN.O.250224.BER.000010;STANDARD_OPTION_STRATEGY;BLOCK;CHF;14;8.47000000;3000;EXCHANGE_LAST;;2;2;XEUR;72063018581704862;1263;
24.02.2025;10:44:48.392;NESN SI 20250919 PS AM P 92.00 0;SIMPLE_INSTRUMENT;BLOCK;CHF;14;8.80000000;3000;PRC_DECOMP_EXCHANGE;;;;XEUR;11891508;1263;EXCHANGE
24.02.2025;10:44:48.392;NESN SI 20250919 PS AM P 72.00 0;SIMPLE_INSTRUMENT;BLOCK;CHF;14;0.33000000;3000;PRC_DECOMP_EXCHANGE;;;;XEUR;11891497;1263;EXCHANGE
24.02.2025;14:39:57.713;NESN SI 20251219 PS AM P 64.00 0;SIMPLE_INSTRUMENT;BLOCK;CHF;56;0.35000000;2000;EXCHANGE_LAST;;1;1;XEUR;11446255;1263;
24.02.2025;15:32:29.698;NESN SI 20260619 PS AM C 100.00 0;SIMPLE_INSTRUMENT;BLOCK;CHF;60;1.84000000;5000;EXCHANGE_LAST;;1;2;XEUR;9559416;1263;
24.02.2025;15:50:45.820;NESN SI 20251219 PS AM C 88.00 0;SIMPLE_INSTRUMENT;BLOCK;CHF;61;4.17000000;1400;EXCHANGE_LAST;;1;1;XEUR;11446250;1263;
24.02.2025;15:50:19.867;NESN SI 20250620 PS AM P 68.00 0;SIMPLE_INSTRUMENT;BLOCK;CHF;62;0.18000000;3500;EXCHANGE_LAST;;1;2;XEUR;8134428;1263;
24.02.2025;16:34:44.884;NESN SI 20251219 PS AM P 76.00 0;SIMPLE_INSTRUMENT;BLOCK;CHF;69;1.59000000;750;EXCHANGE_LAST;;1;1;XEUR;5937989;1263;
24.02.2025;16:34:40.609;NESN SI 20251219 PS AM P 76.00 0;SIMPLE_INSTRUMENT;BLOCK;CHF;73;1.59000000;1000;EXCHANGE_LAST;;1;1;XEUR;5937989;1263;
24.02.2025;14:38:57.422;NGG SI 20250417 PS AM P 950 0;SIMPLE_INSTRUMENT;BLOCK;GBX;3;15.50000000;1600;EXCHANGE_LAST;;1;1;XEUR;12629086;1261;
24.02.2025;11:16:55.926;NOA3 SI 20251219 PS AM C 4.50 0;SIMPLE_INSTRUMENT;BLOCK;EUR;8;0.65000000;16000;EXCHANGE_LAST;;1;5;XEUR;6061552;1275;
24.02.2025;12:36:42.072;NXS SI 20250620 PS AM C 120.00 0;SIMPLE_INSTRUMENT;BLOCK;EUR;20;2.70000000;250;EXCHANGE_LAST;;1;1;XEUR;9555621;1160;
24.02.2025;11:39:23.064;OBTP.O.250224.STD.000001;STANDARD_OPTION_STRATEGY;BLOCK;EUR;59;2.80000000;500;EXCHANGE_LAST;;1;1;XEUR;72310189654565855;58812;
24.02.2025;11:39:23.064;OBTP SI 20250523 PS AM C 119.50 0;SIMPLE_INSTRUMENT;BLOCK;EUR;59;1.32000000;500;PRC_DECOMP_EXCHANGE;;;;XEUR;12317405;58812;EXCHANGE
24.02.2025;11:39:23.064;OBTP SI 20250523 PS AM P 119.50 0;SIMPLE_INSTRUMENT;BLOCK;EUR;59;1.48000000;500;PRC_DECOMP_EXCHANGE;;;;XEUR;12317406;58812;EXCHANGE
24.02.2025;08:27:59.584;ODAX SI 20250321 CS EU P 22200 0;SIMPLE_INSTRUMENT;BLOCK;EUR;1;270.00000000;645;EXCHANGE_LAST;;1;1;XEUR;11141530;1176;
24.02.2025;08:36:07.740;ODAX SI 20250228 CS EU P 22000 0;SIMPLE_INSTRUMENT;BLOCK;EUR;2;61.00000000;500;EXCHANGE_LAST;;1;1;XEUR;12627211;1176;
24.02.2025;08:37:23.227;ODAX SI 20250321 CS EU P 22200 0;SIMPLE_INSTRUMENT;BLOCK;EUR;3;279.10000000;1242;EXCHANGE_LAST;;1;1;XEUR;11141530;1176;
24.02.2025;09:26:09.508;ODAX SI 20250321 CS EU P 22200 0;SIMPLE_INSTRUMENT;BLOCK;EUR;6;211.00000000;10300;EXCHANGE_LAST;;1;1;XEUR;11141530;1176;
24.02.2025;09:33:05.897;ODAX SI 20250321 CS EU P 22200 0;SIMPLE_INSTRUMENT;BLOCK;EUR;7;214.50000000;10300;EXCHANGE_LAST;;1;1;XEUR;11141530;1176;
24.02.2025;09:34:22.927;ODAX SI 20250321 CS EU P 22000 0;SIMPLE_INSTRUMENT;BLOCK;EUR;8;161.90000000;388;EXCHANGE_LAST;;1;1;XEUR;11141527;1176;
24.02.2025;09:34:10.259;ODAX SI 20250321 CS EU P 22000 0;SIMPLE_INSTRUMENT;BLOCK;EUR;9;161.80000000;412;EXCHANGE_LAST;;1;1;XEUR;11141527;1176;
24.02.2025;09:52:26.351;ODAX SI 20250228 CS EU P 22100 0;SIMPLE_INSTRUMENT;BLOCK;EUR;10;46.00000000;600;EXCHANGE_LAST;;1;1;XEUR;12627191;1176;
24.02.2025;10:50:31.811;ODAX SI 20250321 CS EU P 22100 0;SIMPLE_INSTRUMENT;BLOCK;EUR;14;185.30000000;350;EXCHANGE_LAST;;1;1;XEUR;12627199;1176;
24.02.2025;10:50:34.407;ODAX SI 20250321 CS EU P 22100 0;SIMPLE_INSTRUMENT;BLOCK;EUR;15;185.50000000;483;EXCHANGE_LAST;;1;1;XEUR;12627199;1176;
24.02.2025;10:51:24.126;ODAX SI 20250321 CS EU P 21100 0;SIMPLE_INSTRUMENT;BLOCK;EUR;16;56.00000000;425;EXCHANGE_LAST;;1;1;XEUR;12353034;1176;
24.02.2025;10:51:28.997;ODAX SI 20250321 CS EU P 21100 0;SIMPLE_INSTRUMENT;BLOCK;EUR;17;56.20000000;408;EXCHANGE_LAST;;1;1;XEUR;12353034;1176;
24.02.2025;12:11:54.249;ODAX SI 20250321 CS EU C 23800 0;SIMPLE_INSTRUMENT;BLOCK;EUR;19;17.20000000;650;EXCHANGE_LAST;;1;1;XEUR;12771478;1176;
24.02.2025;12:17:34.985;ODAX SI 20250321 CS EU C 23200 0;SIMPLE_INSTRUMENT;BLOCK;EUR;21;90.00000000;1875;EXCHANGE_LAST;;1;1;XEUR;12767858;1176;
24.02.2025;13:01:29.068;ODAX.O.250224.BER.000322;STANDARD_OPTION_STRATEGY;BLOCK;EUR;22;91.50000000;520;EXCHANGE_LAST;;1;1;XEUR;72062644920412264;1176;
24.02.2025;13:01:29.068;ODAX SI 20250307 CS EU P 22500 0;SIMPLE_INSTRUMENT;BLOCK;EUR;22;229.60000000;520;PRC_DECOMP_EXCHANGE;;;;XEUR;12695614;1176;EXCHANGE
24.02.2025;13:01:29.068;ODAX SI 20250307 CS EU P 22250 0;SIMPLE_INSTRUMENT;BLOCK;EUR;22;138.10000000;520;PRC_DECOMP_EXCHANGE;;;;XEUR;12695604;1176;EXCHANGE
24.02.2025;13:13:45.524;ODAX.N.250224.000330;NON_STANDARD_OPTION_STRATEGY;BLOCK;EUR;24;106.50000000;350;EXCHANGE_LAST;;1;1;XEUR;72062644920412272;1176;
24.02.2025;13:13:45.524;ODAX SI 20250321 CS EU P 20750 0;SIMPLE_INSTRUMENT;BLOCK;EUR;24;39.00000000;350;PRC_DECOMP_MEMBER;;;;XEUR;12450320;1176;MEMBER
24.02.2025;13:13:45.524;ODAX SI 20250321 CS EU P 21500 0;SIMPLE_INSTRUMENT;BLOCK;EUR;24;90.50000000;1050;PRC_DECOMP_MEMBER;;;;XEUR;12365883;1176;MEMBER
24.02.2025;13:13:45.524;ODAX SI 20250321 CS EU P 22000 0;SIMPLE_INSTRUMENT;BLOCK;EUR;24;169.50000000;700;PRC_DECOMP_MEMBER;;;;XEUR;11141527;1176;MEMBER
