#Date;TrdTime;Contract;ContractType;TrdTyp;Currency;TesId;Prc;Qty;TrdInd;Aggressor;Buy;Sell;Exch;InstrumentId;RelatedProdId;PrcDecomp
24.01.2025;14:51:01.415;A2LV SI 20251219 CS;SIMPLE_INSTRUMENT;BLOCK;EUR;47;15.20000000;70;EXCHANGE_LAST;;2;1;XEUR;3681050;12;
24.01.2025;12:48:37.050;A2SG SI 20251219 CS;SIMPLE_INSTRUMENT;BLOCK;EUR;27;1.49000000;300;EXCHANGE_LAST;;1;1;XEUR;5914262;14;
24.01.2025;10:05:27.814;A2XA SI 20271217 CS;SIMPLE_INSTRUMENT;BLOCK;EUR;3;2.08000000;1000;EXCHANGE_LAST;;1;1;XEUR;5914267;17;
24.01.2025;11:23:34.176;A2XA SI 20250620 CS;SIMPLE_INSTRUMENT;BLOCK;EUR;18;2.12500000;500;EXCHANGE_LAST;;1;1;XEUR;10827630;17;
24.01.2025;16:22:52.948;ABBN SI 20250321 PS AM P 47.00 0;SIMPLE_INSTRUMENT;BLOCK;CHF;42;0.30000000;1500;EXCHANGE_LAST;;1;1;XEUR;11849005;574517;
24.01.2025;09:50:53.774;ADS.O.250124.STG.000003;STANDARD_OPTION_STRATEGY;BLOCK;EUR;2;37.20000000;250;EXCHANGE_LAST;;1;1;XEUR;72057808786332393;50;
24.01.2025;09:50:53.774;ADS SI 20251219 PS AM P 240.00 0;SIMPLE_INSTRUMENT;BLOCK;EUR;2;17.60000000;250;PRC_DECOMP_EXCHANGE;;;;XEUR;5919900;50;EXCHANGE
24.01.2025;09:50:53.774;ADS SI 20251219 PS AM C 280.00 0;SIMPLE_INSTRUMENT;BLOCK;EUR;2;19.60000000;250;PRC_DECOMP_EXCHANGE;;;;XEUR;5919901;50;EXCHANGE
24.01.2025;10:10:09.278;ADS.O.250124.COMBO.000004;STANDARD_OPTION_STRATEGY;BLOCK;EUR;5;-4.30000000;1000;EXCHANGE_LAST;;1;2;XEUR;72057808786332394;50;
24.01.2025;10:10:09.278;ADS SI 20250221 PS AM C 260.00 0;SIMPLE_INSTRUMENT;BLOCK;EUR;5;5.28000000;1000;PRC_DECOMP_EXCHANGE;;;;XEUR;12237411;50;EXCHANGE
24.01.2025;10:10:09.278;ADS SI 20250221 PS AM P 240.00 0;SIMPLE_INSTRUMENT;BLOCK;EUR;5;0.98000000;1000;PRC_DECOMP_EXCHANGE;;;;XEUR;12237461;50;EXCHANGE
24.01.2025;16:04:49.919;ADS SI 20250221 PS AM P 255.00 0;SIMPLE_INSTRUMENT;BLOCK;EUR;16;7.20000000;1000;EXCHANGE_LAST;;1;1;XEUR;12237450;50;
24.01.2025;09:12:00.051;ALV.O.250124.STG.000001;STANDARD_OPTION_STRATEGY;BLOCK;EUR;2;35.70000000;300;EXCHANGE_LAST;;1;1;XEUR;72057911865569134;74;
24.01.2025;09:12:00.051;ALV SI 20260619 PS AM C 320.00 0;SIMPLE_INSTRUMENT;BLOCK;EUR;2;17.80000000;300;PRC_DECOMP_EXCHANGE;;;;XEUR;9537494;74;EXCHANGE
24.01.2025;09:12:00.051;ALV SI 20260619 PS AM P 280.00 0;SIMPLE_INSTRUMENT;BLOCK;EUR;2;17.90000000;300;PRC_DECOMP_EXCHANGE;;;;XEUR;9537500;74;EXCHANGE
24.01.2025;14:45:56.204;ANN SI 20250620 PS AM P 26.00 0;SIMPLE_INSTRUMENT;BLOCK;EUR;16;1.54000000;1200;EXCHANGE_LAST;;1;1;XEUR;11386652;45202;
24.01.2025;16:26:59.964;ANN.O.250124.STG.000009;STANDARD_OPTION_STRATEGY;BLOCK;EUR;24;1.99000000;3000;EXCHANGE_LAST;;1;1;XEUR;72251735149669462;45202;
24.01.2025;16:26:59.964;ANN SI 20250620 PS AM C 34.00 0;SIMPLE_INSTRUMENT;BLOCK;EUR;24;0.37000000;3000;PRC_DECOMP_EXCHANGE;;;;XEUR;11386653;45202;EXCHANGE
24.01.2025;16:26:59.964;ANN SI 20250620 PS AM P 26.00 0;SIMPLE_INSTRUMENT;BLOCK;EUR;24;1.62000000;3000;PRC_DECOMP_EXCHANGE;;;;XEUR;11386652;45202;EXCHANGE
24.01.2025;09:44:56.998;ASG5 SI 20250320 PS AM P 30.00 0;SIMPLE_INSTRUMENT;BLOCK;EUR;2;0.94000000;2000;EXCHANGE_LAST;;1;1;XEUR;10822072;109;
24.01.2025;10:28:25.905;ASG5 SI 20250320 PS AM C 30.50 0;SIMPLE_INSTRUMENT;BLOCK;EUR;7;0.71000000;2000;EXCHANGE_LAST;;1;1;XEUR;12420588;109;
24.01.2025;10:28:26.527;ASG5 SI 20250320 PS AM C 32.50 0;SIMPLE_INSTRUMENT;BLOCK;EUR;8;0.16500000;960;EXCHANGE_LAST;;1;1;XEUR;12536301;109;
24.01.2025;10:28:27.753;ASG5 SI 20250320 PS AM P 29.00 0;SIMPLE_INSTRUMENT;BLOCK;EUR;9;0.48750000;1100;EXCHANGE_LAST;;1;1;XEUR;12420584;109;
24.01.2025;10:28:30.212;ASG5 SI 20250320 PS AM C 32.50 0;SIMPLE_INSTRUMENT;BLOCK;EUR;10;0.16600000;1040;EXCHANGE_LAST;;1;1;XEUR;12536301;109;
24.01.2025;10:28:30.408;ASG5 SI 20250320 PS AM P 29.00 0;SIMPLE_INSTRUMENT;BLOCK;EUR;11;0.48650000;900;EXCHANGE_LAST;;1;1;XEUR;12420584;109;
24.01.2025;10:13:39.531;B2AS SI 20261218 CS;SIMPLE_INSTRUMENT;BLOCK;EUR;6;2.17000000;73;EXCHANGE_LAST;;1;1;XEUR;4632165;140;
24.01.2025;10:26:34.163;B2AS SI 20271217 CS;SIMPLE_INSTRUMENT;BLOCK;EUR;12;2.05000000;50;EXCHANGE_LAST;;1;1;XEUR;5914347;140;
24.01.2025;10:29:45.204;B2AS SI 20261218 CS;SIMPLE_INSTRUMENT;BLOCK;EUR;13;2.16000000;50;EXCHANGE_LAST;;1;1;XEUR;4632165;140;
24.01.2025;10:39:51.257;B2AS SI 20281215 CS;SIMPLE_INSTRUMENT;BLOCK;EUR;16;2.05000000;50;EXCHANGE_LAST;;1;1;XEUR;6798359;140;
24.01.2025;10:58:06.957;B2AS SI 20261218 CS;SIMPLE_INSTRUMENT;BLOCK;EUR;17;2.16000000;100;EXCHANGE_LAST;;1;2;XEUR;4632165;140;
24.01.2025;16:04:20.498;B2AS SI 20261218 CS;SIMPLE_INSTRUMENT;BLOCK;EUR;70;2.16000000;150;EXCHANGE_LAST;;1;1;XEUR;4632165;140;
24.01.2025;11:49:48.575;B2NP SI 20261218 CS;SIMPLE_INSTRUMENT;BLOCK;EUR;23;4.77500000;150;EXCHANGE_LAST;;1;1;XEUR;6798320;131;
24.01.2025;14:59:39.650;B2NP SI 20261218 CS;SIMPLE_INSTRUMENT;BLOCK;EUR;49;4.77500000;100;EXCHANGE_LAST;;1;1;XEUR;6798320;131;
24.01.2025;15:14:15.186;B2NP SI 20251219 CS;SIMPLE_INSTRUMENT;BLOCK;EUR;57;5.33000000;100;EXCHANGE_LAST;;1;1;XEUR;5914355;131;
24.01.2025;15:16:21.356;B2NP SI 20281215 CS;SIMPLE_INSTRUMENT;BLOCK;EUR;58;3.60000000;100;EXCHANGE_LAST;;1;1;XEUR;7086921;131;
24.01.2025;15:21:47.120;B2NP.S.DEC26.DEC28.SPD;FUTURES_SPREAD;BLOCK;EUR;61;1.13000000;100;EXCHANGE_LAST;;1;1;XEUR;72058156678643763;131;
24.01.2025;15:21:47.120;B2NP SI 20281215 CS;SIMPLE_INSTRUMENT;BLOCK;EUR;61;3.64500000;100;PRC_DECOMP_MEMBER;;;;XEUR;7086921;131;MEMBER
24.01.2025;15:21:47.120;B2NP SI 20261218 CS;SIMPLE_INSTRUMENT;BLOCK;EUR;61;4.77500000;100;PRC_DECOMP_MEMBER;;;;XEUR;6798320;131;MEMBER
24.01.2025;15:32:33.940;B2NP SI 20251219 CS;SIMPLE_INSTRUMENT;BLOCK;EUR;63;5.33000000;50;EXCHANGE_LAST;;1;1;XEUR;5914355;131;
24.01.2025;12:06:06.560;BAEN SI 20250919 PS AM P 38.00 0;SIMPLE_INSTRUMENT;BLOCK;CHF;25;0.37000000;500;EXCHANGE_LAST;;1;1;XEUR;11872937;159;
24.01.2025;08:55:31.268;BAS SI 20250131 PS AM C 44.00 0;SIMPLE_INSTRUMENT;BLOCK;EUR;1;3.14000000;818;EXCHANGE_LAST;;1;1;XEUR;12432925;150;
24.01.2025;09:18:48.749;BAS SI 20250221 PS AM C 48.00 0;SIMPLE_INSTRUMENT;BLOCK;EUR;2;1.14000000;3000;EXCHANGE_LAST;;1;2;XEUR;12238967;150;
24.01.2025;09:38:01.353;BAS SI 20250131 PS AM C 48.00 0;SIMPLE_INSTRUMENT;BLOCK;EUR;3;0.34000000;2369;EXCHANGE_LAST;;1;1;XEUR;12604624;150;
24.01.2025;10:30:25.155;BAS SI 20250321 PS AM C 50.00 0;SIMPLE_INSTRUMENT;BLOCK;EUR;5;1.19000000;5000;EXCHANGE_LAST;;1;4;XEUR;10831042;150;
24.01.2025;12:01:40.183;BAS.O.250124.BLT.000025;STANDARD_OPTION_STRATEGY;BLOCK;EUR;6;1.46000000;500;EXCHANGE_LAST;;1;1;XEUR;72058238283091467;150;
24.01.2025;12:01:40.183;BAS SI 20250620 PS AM C 46.00 0;SIMPLE_INSTRUMENT;BLOCK;EUR;6;3.64000000;500;PRC_DECOMP_EXCHANGE;;;;XEUR;9516113;150;EXCHANGE
24.01.2025;12:01:40.183;BAS SI 20250221 PS AM C 46.00 0;SIMPLE_INSTRUMENT;BLOCK;EUR;6;2.18000000;500;PRC_DECOMP_EXCHANGE;;;;XEUR;12238977;150;EXCHANGE
24.01.2025;12:07:58.617;BAS SI 20250131 PS AM C 48.00 0;SIMPLE_INSTRUMENT;BLOCK;EUR;7;0.39000000;2477;EXCHANGE_LAST;;1;1;XEUR;12604624;150;
24.01.2025;13:35:01.108;BAS SI 20250131 PS AM C 48.00 0;SIMPLE_INSTRUMENT;BLOCK;EUR;9;0.37000000;700;EXCHANGE_LAST;;1;1;XEUR;12604624;150;
24.01.2025;14:47:14.536;BAS SI 20250321 PS AM C 49.00 0;SIMPLE_INSTRUMENT;BLOCK;EUR;11;1.37000000;2000;EXCHANGE_LAST;;1;1;XEUR;12604618;150;
24.01.2025;16:19:21.240;BAS SI 20251219 PS AM C 47.00 0;SIMPLE_INSTRUMENT;BLOCK;EUR;17;3.85000000;2000;EXCHANGE_LAST;;2;1;XEUR;7509822;150;
24.01.2025;12:20:38.485;BAY.O.250124.STD.000015;STANDARD_OPTION_STRATEGY;BLOCK;EUR;8;6.10000000;1000;EXCHANGE_LAST;;1;1;XEUR;72058315592508303;168;
24.01.2025;12:20:38.485;BAY SI 20251219 PS AM C 22.00 0;SIMPLE_INSTRUMENT;BLOCK;EUR;8;2.90000000;1000;PRC_DECOMP_EXCHANGE;;;;XEUR;12231598;168;EXCHANGE
24.01.2025;12:20:38.485;BAY SI 20251219 PS AM P 22.00 0;SIMPLE_INSTRUMENT;BLOCK;EUR;8;3.20000000;1000;PRC_DECOMP_EXCHANGE;;;;XEUR;12231605;168;EXCHANGE
24.01.2025;15:07:05.794;BAY SI 20250620 PS AM C 24.00 0;SIMPLE_INSTRUMENT;BLOCK;EUR;15;1.11000000;44000;EXCHANGE_LAST;;3;8;XEUR;8112550;168;
24.01.2025;10:25:28.372;BAYG SI 20250321 CS;SIMPLE_INSTRUMENT;BLOCK;EUR;9;21.47560000;1500;EXCHANGE_LAST;;1;1;XEUR;10723979;76034;
24.01.2025;09:13:45.532;BMW SI 20250221 PS AM C 83.00 0;SIMPLE_INSTRUMENT;BLOCK;EUR;3;1.63000000;420;EXCHANGE_LAST;;1;1;XEUR;12339267;210;
24.01.2025;10:57:28.840;BMW SI 20251219 PS AM C 82.00 0;SIMPLE_INSTRUMENT;BLOCK;EUR;11;6.20000000;2000;EXCHANGE_LAST;;1;3;XEUR;7126195;210;
24.01.2025;10:50:23.508;BMW SI 20261218 PS AM C 100.00 0;SIMPLE_INSTRUMENT;BLOCK;EUR;12;3.90000000;925;EXCHANGE_LAST;;1;1;XEUR;7154250;210;
24.01.2025;10:50:51.886;BMW SI 20261218 PS AM P 68.00 0;SIMPLE_INSTRUMENT;BLOCK;EUR;13;7.24000000;4450;EXCHANGE_LAST;;1;1;XEUR;7154238;210;
24.01.2025;10:51:23.061;BMW SI 20261218 PS AM P 72.00 0;SIMPLE_INSTRUMENT;BLOCK;EUR;14;8.97000000;3700;EXCHANGE_LAST;;1;1;XEUR;12616541;210;
24.01.2025;15:41:48.717;BMWF SI 20250321 CS;SIMPLE_INSTRUMENT;BLOCK;EUR;65;78.57000000;4000;EXCHANGE_LAST;;1;1;XEUR;10695616;239;
24.01.2025;09:45:13.378;BNP SI 20260619 PS AM C 68.00 0;SIMPLE_INSTRUMENT;BLOCK;EUR;4;3.84000000;650;EXCHANGE_LAST;;1;1;XEUR;11479994;237;
24.01.2025;09:45:28.093;BNP SI 20261218 PS AM C 64.00 0;SIMPLE_INSTRUMENT;BLOCK;EUR;5;5.80000000;500;EXCHANGE_LAST;;1;1;XEUR;7154480;237;
24.01.2025;14:02:30.660;BNP SI 20250321 PS AM P 59.00 0;SIMPLE_INSTRUMENT;BLOCK;EUR;24;0.75000000;681;EXCHANGE_LAST;;1;1;XEUR;12435403;237;
24.01.2025;13:03:41.664;BOSS SI 20250321 PS AM C 48.00 0;SIMPLE_INSTRUMENT;BLOCK;EUR;9;2.00000000;1000;EXCHANGE_LAST;;1;2;XEUR;10832682;230;
24.01.2025;14:13:30.701;BOSS SI 20250919 PS AM C 56.00 0;SIMPLE_INSTRUMENT;BLOCK;EUR;12;1.80000000;700;EXCHANGE_LAST;;1;1;XEUR;11874595;230;
24.01.2025;10:22:20.534;C4RI SI 20261218 CS;SIMPLE_INSTRUMENT;BLOCK;EUR;8;2.92000000;455;EXCHANGE_LAST;;2;1;XEUR;6821680;50862;
24.01.2025;10:22:12.991;C4RI SI 20251219 CS;SIMPLE_INSTRUMENT;BLOCK;EUR;10;2.68000000;450;EXCHANGE_LAST;;1;2;XEUR;5914459;50862;
24.01.2025;12:53:18.207;CAR SI 20261218 PS AM P 12.00 0;SIMPLE_INSTRUMENT;BLOCK;EUR;16;1.30000000;4000;EXCHANGE_LAST;;2;1;XEUR;7154840;265;
24.01.2025;10:56:35.105;CBK SI 20250620 PS AM C 17.00 0;SIMPLE_INSTRUMENT;BLOCK;EUR;7;2.01000000;3500;EXCHANGE_LAST;;1;1;XEUR;11353960;268;
24.01.2025;14:27:11.650;CBK SI 20250919 PS AM P 10.00 0;SIMPLE_INSTRUMENT;BLOCK;EUR;13;0.12000000;10000;EXCHANGE_LAST;;1;1;XEUR;11875717;268;
24.01.2025;14:27:11.670;CBK SI 20250919 PS AM P 10.00 0;SIMPLE_INSTRUMENT;BLOCK;EUR;14;0.13000000;2500;EXCHANGE_LAST;;1;1;XEUR;11875717;268;
24.01.2025;08:52:24.944;CFR SI 20250321 PS AM C 190.00 0;SIMPLE_INSTRUMENT;BLOCK;CHF;2;2.30000000;1000;EXCHANGE_LAST;;1;2;XEUR;10834928;313;
24.01.2025;09:30:39.235;CFR SI 20250321 PS AM C 190.00 0;SIMPLE_INSTRUMENT;BLOCK;CHF;5;2.30000000;300;EXCHANGE_LAST;;1;1;XEUR;10834928;313;
24.01.2025;13:31:36.488;CON SI 20250221 PS AM C 70.00 0;SIMPLE_INSTRUMENT;BLOCK;EUR;27;2.04000000;233;EXCHANGE_LAST;;1;1;XEUR;12276930;414620;
24.01.2025;16:23:29.689;D2TE SI 20251219 CS;SIMPLE_INSTRUMENT;BLOCK;EUR;78;0.90000000;1667;EXCHANGE_LAST;;1;1;XEUR;5914522;359;
24.01.2025;16:36:19.081;D2TE SI 20251219 CS;SIMPLE_INSTRUMENT;BLOCK;EUR;83;0.90000000;50;EXCHANGE_LAST;;1;1;XEUR;5914522;359;
24.01.2025;12:50:20.477;D3AI SI 20261218 CS;SIMPLE_INSTRUMENT;BLOCK;EUR;28;3.56500000;300;EXCHANGE_LAST;;1;1;XEUR;7144051;443197;
24.01.2025;15:54:36.457;D3AI SI 20251219 CS;SIMPLE_INSTRUMENT;BLOCK;EUR;67;4.22500000;200;EXCHANGE_LAST;;1;1;XEUR;7144062;443197;
24.01.2025;16:26:44.447;D3AI SI 20261218 CS;SIMPLE_INSTRUMENT;BLOCK;EUR;73;3.52000000;300;EXCHANGE_LAST;;1;2;XEUR;7144051;443197;
24.01.2025;16:31:37.298;D3AI SI 20261218 CS;SIMPLE_INSTRUMENT;BLOCK;EUR;81;3.52000000;100;EXCHANGE_LAST;;1;1;XEUR;7144051;443197;
24.01.2025;16:56:20.549;D3AI SI 20251219 CS;SIMPLE_INSTRUMENT;BLOCK;EUR;85;4.22500000;200;EXCHANGE_LAST;;1;1;XEUR;7144062;443197;
24.01.2025;08:22:01.878;DAI SI 20250131 PS AM C 58.00 0;SIMPLE_INSTRUMENT;BLOCK;EUR;1;0.60000000;1592;EXCHANGE_LAST;;1;1;XEUR;12490351;443196;
24.01.2025;09:19:39.004;DAI SI 20250221 PS AM C 58.00 0;SIMPLE_INSTRUMENT;BLOCK;EUR;4;2.18000000;3000;EXCHANGE_LAST;;1;1;XEUR;12277882;443196;
24.01.2025;09:32:06.124;DAI SI 20250321 PS AM P 58.00 0;SIMPLE_INSTRUMENT;BLOCK;EUR;5;2.80000000;1500;EXCHANGE_LAST;;1;1;XEUR;12490203;443196;
24.01.2025;09:36:13.246;DAI SI 20250221 PS AM C 58.00 0;SIMPLE_INSTRUMENT;BLOCK;EUR;7;2.18000000;1000;EXCHANGE_LAST;;1;1;XEUR;12277882;443196;
24.01.2025;10:26:54.782;DAI.O.250124.STG.000013;STANDARD_OPTION_STRATEGY;BLOCK;EUR;10;9.40000000;1000;EXCHANGE_LAST;;1;1;XEUR;73961106363663804;443196;
24.01.2025;10:26:54.782;DAI SI 20251219 PS AM P 56.00 0;SIMPLE_INSTRUMENT;BLOCK;EUR;10;5.88000000;1000;PRC_DECOMP_EXCHANGE;;;;XEUR;7349881;443196;EXCHANGE
24.01.2025;10:26:54.782;DAI SI 20251219 PS AM C 60.00 0;SIMPLE_INSTRUMENT;BLOCK;EUR;10;3.52000000;1000;PRC_DECOMP_EXCHANGE;;;;XEUR;7144524;443196;EXCHANGE
24.01.2025;11:09:03.077;DAI SI 20250321 PS AM P 52.00 0;SIMPLE_INSTRUMENT;BLOCK;EUR;15;0.71000000;2000;EXCHANGE_LAST;;1;1;XEUR;10884530;443196;
24.01.2025;11:33:00.882;DAI SI 20250221 PS AM C 59.00 0;SIMPLE_INSTRUMENT;BLOCK;EUR;17;1.39000000;1500;EXCHANGE_LAST;;2;1;XEUR;12277886;443196;
24.01.2025;14:06:04.981;DAI.O.250124.STD.000015;STANDARD_OPTION_STRATEGY;BLOCK;EUR;29;10.87000000;2200;EXCHANGE_LAST;;2;2;XEUR;73961106363663806;443196;
24.01.2025;14:06:04.981;DAI SI 20251219 PS AM C 56.00 0;SIMPLE_INSTRUMENT;BLOCK;EUR;29;4.86000000;2200;PRC_DECOMP_EXCHANGE;;;;XEUR;7349883;443196;EXCHANGE
24.01.2025;14:06:04.981;DAI SI 20251219 PS AM P 56.00 0;SIMPLE_INSTRUMENT;BLOCK;EUR;29;6.01000000;2200;PRC_DECOMP_EXCHANGE;;;;XEUR;7349881;443196;EXCHANGE
24.01.2025;15:15:27.232;DAIG SI 20250321 CS;SIMPLE_INSTRUMENT;BLOCK;EUR;53;57.05750000;2000;EXCHANGE_LAST;;1;1;XEUR;10734482;443203;
24.01.2025;15:15:42.837;DAIG SI 20250321 CS;SIMPLE_INSTRUMENT;BLOCK;EUR;56;57.05750000;1500;EXCHANGE_LAST;;1;1;XEUR;10734482;443203;
24.01.2025;13:13:25.145;DBK SI 20250417 PS AM C 19.80 0;SIMPLE_INSTRUMENT;BLOCK;EUR;10;0.76000000;2500;EXCHANGE_LAST;;1;1;XEUR;12618750;362;
24.01.2025;12:42:13.639;DBKI SI 20250321 CS;SIMPLE_INSTRUMENT;BLOCK;EUR;26;19.15000000;3000;EXCHANGE_LAST;;1;1;XEUR;10722007;51566;
24.01.2025;16:15:46.316;DBKI SI 20250321 CS;SIMPLE_INSTRUMENT;BLOCK;EUR;74;19.14000000;8000;EXCHANGE_LAST;;1;1;XEUR;10722007;51566;
24.01.2025;15:41:57.705;DPW SI 20250321 PS AM P 34.00 0;SIMPLE_INSTRUMENT;BLOCK;EUR;21;0.72000000;1000;EXCHANGE_LAST;;1;1;XEUR;10836847;445;
24.01.2025;15:08:03.711;DTE SI 20250221 PS AM P 29.50 0;SIMPLE_INSTRUMENT;BLOCK;EUR;18;0.56000000;2250;EXCHANGE_LAST;;1;1;XEUR;12242903;424;
24.01.2025;15:08:18.915;DTE SI 20250221 PS AM P 29.50 0;SIMPLE_INSTRUMENT;BLOCK;EUR;19;0.58000000;2750;EXCHANGE_LAST;;1;1;XEUR;12242903;424;
24.01.2025;16:22:58.239;DTEP SI 20251219 PS;SIMPLE_INSTRUMENT;BLOCK;EUR;76;29.43600000;16667;EXCHANGE_LAST;;1;1;XEUR;8699887;124289;
24.01.2025;09:36:51.923;E2NL SI 20261218 CS;SIMPLE_INSTRUMENT;BLOCK;EUR;2;0.45500000;3000;EXCHANGE_LAST;;3;2;XEUR;4632356;471;
24.01.2025;14:28:49.602;E2NL SI 20261218 CS;SIMPLE_INSTRUMENT;BLOCK;EUR;44;0.45200000;550;EXCHANGE_LAST;;1;1;XEUR;4632356;471;
24.01.2025;14:29:27.272;E2NL SI 20261218 CS;SIMPLE_INSTRUMENT;BLOCK;EUR;45;0.45300000;550;EXCHANGE_LAST;;1;1;XEUR;4632356;471;
24.01.2025;11:50:07.976;EAD.N.250124.000009;NON_STANDARD_OPTION_STRATEGY;BLOCK;EUR;14;8.35000000;500;EXCHANGE_LAST;;1;1;XEUR;72059591197747380;465;
24.01.2025;11:50:07.976;EAD SI 20250221 PS AM C 180.00 0;SIMPLE_INSTRUMENT;BLOCK;EUR;14;1.10000000;500;PRC_DECOMP_MEMBER;;;;XEUR;12244190;465;MEMBER
24.01.2025;11:50:07.976;EAD SI 20250221 PS AM C 165.00 0;SIMPLE_INSTRUMENT;BLOCK;EUR;14;6.00000000;500;PRC_DECOMP_MEMBER;;;;XEUR;12244217;465;MEMBER
24.01.2025;11:50:07.976;EAD SI 20250417 PS AM C 175.00 0;SIMPLE_INSTRUMENT;BLOCK;EUR;14;4.65000000;500;PRC_DECOMP_MEMBER;;;;XEUR;12620407;465;MEMBER
24.01.2025;11:50:07.976;EAD SI 20250417 PS AM C 190.00 0;SIMPLE_INSTRUMENT;BLOCK;EUR;14;1.20000000;500;PRC_DECOMP_MEMBER;;;;XEUR;12620400;465;MEMBER
24.01.2025;11:24:24.754;ELVH SI 20250321 CS;SIMPLE_INSTRUMENT;BLOCK;EUR;19;46.75070000;500;EXCHANGE_LAST;;1;1;XEUR;10720458;47535;
24.01.2025;15:28:14.458;ENLH SI 20250320 CS;SIMPLE_INSTRUMENT;BLOCK;EUR;60;6.67100000;11800;EXCHANGE_LAST;;2;1;XEUR;10690796;524976;
24.01.2025;08:51:07.166;ENR SI 20250321 PS AM C 68.00 0;SIMPLE_INSTRUMENT;BLOCK;EUR;1;2.50000000;361;EXCHANGE_LAST;;1;1;XEUR;12229452;298530;
24.01.2025;08:51:32.174;ENR SI 20250321 PS AM C 76.00 0;SIMPLE_INSTRUMENT;BLOCK;EUR;2;1.20000000;361;EXCHANGE_LAST;;1;1;XEUR;12309976;298530;
24.01.2025;10:54:17.359;ENR SI 20250417 PS AM C 60.00 0;SIMPLE_INSTRUMENT;BLOCK;EUR;12;6.35000000;3670;EXCHANGE_LAST;;1;1;XEUR;12650613;298530;
24.01.2025;14:58:25.773;ENR SI 20250221 PS AM C 64.00 0;SIMPLE_INSTRUMENT;BLOCK;EUR;17;2.50000000;900;EXCHANGE_LAST;;1;1;XEUR;12336798;298530;
24.01.2025;14:08:53.828;ENT5.O.250124.BER.000002;STANDARD_OPTION_STRATEGY;BLOCK;EUR;21;1.02000000;1750;EXCHANGE_LAST;;1;2;XEUR;72059728636684214;497;
24.01.2025;14:08:53.828;ENT5 SI 20251218 PS AM P 14.00 0;SIMPLE_INSTRUMENT;BLOCK;EUR;21;1.58550000;1750;PRC_DECOMP_EXCHANGE;;;;XEUR;5911905;497;EXCHANGE
24.01.2025;14:08:53.828;ENT5 SI 20251218 PS AM P 12.00 0;SIMPLE_INSTRUMENT;BLOCK;EUR;21;0.56550000;1750;PRC_DECOMP_EXCHANGE;;;;XEUR;5911903;497;EXCHANGE
24.01.2025;16:15:43.737;ENT5 SI 20260618 PS AM P 12.00 0;SIMPLE_INSTRUMENT;BLOCK;EUR;24;0.85000000;350;EXCHANGE_LAST;;1;1;XEUR;9531346;497;
24.01.2025;13:56:37.378;ENUR SI 20250221 PS AM C 11.00 0;SIMPLE_INSTRUMENT;BLOCK;EUR;19;0.17000000;2088;EXCHANGE_LAST;;1;1;XEUR;12244040;498;
24.01.2025;11:33:40.391;EUCO SI 20250314 PS EU C 1.0600 0;SIMPLE_INSTRUMENT;BLOCK;USD;1;0.00732000;150;EXCHANGE_LAST;;1;1;XEUR;10813404;369370;
24.01.2025;11:34:41.394;EUCO SI 20250314 PS EU C 1.0600 0;SIMPLE_INSTRUMENT;BLOCK;USD;2;0.00733000;150;EXCHANGE_LAST;;1;1;XEUR;10813404;369370;
24.01.2025;11:34:30.395;EUCO SI 20250314 PS EU C 1.0375 0;SIMPLE_INSTRUMENT;BLOCK;USD;3;0.01965000;300;EXCHANGE_LAST;;1;1;XEUR;12234409;369370;
24.01.2025;10:33:37.664;F3IA SI 20250620 CS;SIMPLE_INSTRUMENT;BLOCK;EUR;15;0.50000000;200;EXCHANGE_LAST;;1;1;XEUR;10882018;390387;
24.01.2025;13:59:14.122;F3IA SI 20251219 CS;SIMPLE_INSTRUMENT;BLOCK;EUR;39;0.53000000;300;EXCHANGE_LAST;;1;1;XEUR;6633988;390387;
24.01.2025;14:26:57.769;F3IA SI 20251219 CS;SIMPLE_INSTRUMENT;BLOCK;EUR;42;0.53000000;500;EXCHANGE_LAST;;1;1;XEUR;6633988;390387;
24.01.2025;11:48:34.978;F3TE SI 20251219 CS;SIMPLE_INSTRUMENT;BLOCK;EUR;22;0.74500000;1000;EXCHANGE_LAST;;1;2;XEUR;6633903;390379;
24.01.2025;09:36:18.340;FBTP SI 20250306 PS;SIMPLE_INSTRUMENT;EFP_FIN;EUR;1;119.06000000;804;EXCHANGE_LAST;;1;1;XEUR;11286675;636;
24.01.2025;10:51:06.234;FBTP SI 20250306 PS;SIMPLE_INSTRUMENT;EFP_FIN;EUR;2;118.88000000;114;EXCHANGE_LAST;;1;1;XEUR;11286675;636;
24.01.2025;10:56:38.482;FBTP SI 20250306 PS;SIMPLE_INSTRUMENT;BLOCK;EUR;3;118.87000000;1185;EXCHANGE_LAST;;1;1;XEUR;11286675;636;
24.01.2025;10:57:43.556;FBTP SI 20250306 PS;SIMPLE_INSTRUMENT;EFP_FIN;EUR;4;118.92000000;671;EXCHANGE_LAST;;1;1;XEUR;11286675;636;
24.01.2025;11:18:46.967;FBTP SI 20250306 PS;SIMPLE_INSTRUMENT;EFP_FIN;EUR;5;118.88000000;113;EXCHANGE_LAST;;1;1;XEUR;11286675;636;
24.01.2025;11:34:03.953;FBTP SI 20250306 PS;SIMPLE_INSTRUMENT;EFP_FIN;EUR;6;118.88000000;91;EXCHANGE_LAST;;1;1;XEUR;11286675;636;
24.01.2025;11:45:54.423;FBTP SI 20250306 PS;SIMPLE_INSTRUMENT;EFP_FIN;EUR;7;118.86000000;294;EXCHANGE_LAST;;1;1;XEUR;11286675;636;
24.01.2025;11:55:11.424;FBTP SI 20250306 PS;SIMPLE_INSTRUMENT;EFP_FIN;EUR;8;118.79000000;555;EXCHANGE_LAST;;1;1;XEUR;11286675;636;
24.01.2025;13:26:52.222;FBTP SI 20250306 PS;SIMPLE_INSTRUMENT;EFP_FIN;EUR;9;118.73000000;1172;EXCHANGE_LAST;;1;1;XEUR;11286675;636;
24.01.2025;13:33:14.418;FBTP SI 20250306 PS;SIMPLE_INSTRUMENT;EFP_FIN;EUR;10;118.72000000;70;EXCHANGE_LAST;;1;1;XEUR;11286675;636;
24.01.2025;13:49:29.290;FBTP SI 20250306 PS;SIMPLE_INSTRUMENT;EFP_FIN;EUR;11;118.77000000;875;EXCHANGE_LAST;;1;1;XEUR;11286675;636;
24.01.2025;14:35:32.359;FBTP SI 20250306 PS;SIMPLE_INSTRUMENT;BLOCK;EUR;12;118.80000000;4576;EXCHANGE_LAST;;1;1;XEUR;11286675;636;
24.01.2025;16:01:07.637;FBTP SI 20250306 PS;SIMPLE_INSTRUMENT;EFP_FIN;EUR;14;118.82000000;484;EXCHANGE_LAST;;1;1;XEUR;11286675;636;
24.01.2025;16:02:54.055;FBTP SI 20250306 PS;SIMPLE_INSTRUMENT;BLOCK;EUR;15;118.91000000;570;EXCHANGE_LAST;;1;1;XEUR;11286675;636;
24.01.2025;16:10:52.713;FBTP SI 20250306 PS;SIMPLE_INSTRUMENT;EFP_FIN;EUR;16;118.90000000;380;EXCHANGE_LAST;;1;1;XEUR;11286675;636;
24.01.2025;16:22:00.284;FBTP SI 20250306 PS;SIMPLE_INSTRUMENT;EFP_FIN;EUR;17;118.87000000;187;EXCHANGE_LAST;;1;1;XEUR;11286675;636;
24.01.2025;16:35:33.226;FBTP SI 20250306 PS;SIMPLE_INSTRUMENT;BLOCK;EUR;18;118.88000000;266;EXCHANGE_LAST;;1;1;XEUR;11286675;636;
24.01.2025;16:45:12.674;FBTP SI 20250306 PS;SIMPLE_INSTRUMENT;EFP_FIN;EUR;19;118.89000000;358;EXCHANGE_LAST;;1;1;XEUR;11286675;636;
24.01.2025;16:46:20.329;FBTP SI 20250306 PS;SIMPLE_INSTRUMENT;EFP_FIN;EUR;20;118.88000000;224;EXCHANGE_LAST;;1;1;XEUR;11286675;636;
24.01.2025;16:49:07.608;FBTP SI 20250306 PS;SIMPLE_INSTRUMENT;EFP_FIN;EUR;21;118.89000000;538;EXCHANGE_LAST;;1;1;XEUR;11286675;636;
24.01.2025;16:51:23.164;FBTP SI 20250306 PS;SIMPLE_INSTRUMENT;EFP_FIN;EUR;22;118.88000000;134;EXCHANGE_LAST;;1;1;XEUR;11286675;636;
24.01.2025;09:17:12.189;FBTP SI 20250306 PS;SIMPLE_INSTRUMENT;VOLA;EUR;268435496;119.05000000;27;EXCHANGE_LAST;;1;1;XEUR;11286675;636;
24.01.2025;09:03:44.959;FBTS SI 20250306 PS;SIMPLE_INSTRUMENT;EFP_FIN;EUR;2;107.04000000;681;EXCHANGE_LAST;;1;1;XEUR;11286677;639;
24.01.2025;10:03:36.106;FBTS SI 20250306 PS;SIMPLE_INSTRUMENT;EFP_FIN;EUR;8;107.01000000;114;EXCHANGE_LAST;;1;1;XEUR;11286677;639;
24.01.2025;12:09:57.790;FBTS SI 20250306 PS;SIMPLE_INSTRUMENT;EFP_FIN;EUR;14;106.96000000;1488;EXCHANGE_LAST;;1;1;XEUR;11286677;639;
24.01.2025;14:10:20.077;FBTS SI 20250306 PS;SIMPLE_INSTRUMENT;EFP_FIN;EUR;16;106.94000000;454;EXCHANGE_LAST;;1;1;XEUR;11286677;639;
24.01.2025;16:24:00.383;FBTS SI 20250306 PS;SIMPLE_INSTRUMENT;EFP_FIN;EUR;20;106.98000000;387;EXCHANGE_LAST;;1;1;XEUR;11286677;639;
24.01.2025;16:56:43.510;FBTS SI 20250306 PS;SIMPLE_INSTRUMENT;EFP_FIN;EUR;21;106.99000000;454;EXCHANGE_LAST;;1;1;XEUR;11286677;639;
24.01.2025;09:32:32.859;FCEU SI 20250317 PS;SIMPLE_INSTRUMENT;BLOCK;USD;1;1.05300000;131;EXCHANGE_LAST;;1;1;XEUR;9136240;369376;
24.01.2025;11:51:21.895;FCEU SI 20250317 PS;SIMPLE_INSTRUMENT;BLOCK;USD;3;1.05080000;593;EXCHANGE_LAST;;1;1;XEUR;9136240;369376;
24.01.2025;09:58:48.866;FCPU SI 20250317 PS;SIMPLE_INSTRUMENT;BLOCK;USD;2;1.24220000;113;EXCHANGE_LAST;;1;1;XEUR;9136249;369379;
24.01.2025;16:58:07.176;FDAX SI 20250321 CS;SIMPLE_INSTRUMENT;EFP_IDX;EUR;1;21511.00000000;22;EXCHANGE_LAST;;1;1;XEUR;7561255;589;
24.01.2025;16:57:41.410;FDAX SI 20250321 CS;SIMPLE_INSTRUMENT;EFP_IDX;EUR;2;21510.00000000;28;EXCHANGE_LAST;;1;1;XEUR;7561255;589;
24.01.2025;09:08:51.863;FDAX SI 20250321 CS;SIMPLE_INSTRUMENT;VOLA;EUR;671088642;21595.00000000;119;EXCHANGE_LAST;;1;1;XEUR;7561255;589;
24.01.2025;09:32:07.505;FDAX SI 20250321 CS;SIMPLE_INSTRUMENT;VOLA;EUR;671088645;21585.00000000;29;EXCHANGE_LAST;;1;1;XEUR;7561255;589;
24.01.2025;11:22:11.872;FDAX SI 20250321 CS;SIMPLE_INSTRUMENT;VOLA;EUR;671088654;21608.00000000;270;EXCHANGE_LAST;;1;1;XEUR;7561255;589;
24.01.2025;09:05:18.747;FEBD SI 20261218 CS;SIMPLE_INSTRUMENT;BLOCK;EUR;3;10.15000000;750;EXCHANGE_LAST;;1;1;XEUR;7158212;597;
24.01.2025;10:51:48.696;FEBD SI 20251219 CS;SIMPLE_INSTRUMENT;BLOCK;EUR;16;10.39000000;600;EXCHANGE_LAST;;1;1;XEUR;5914075;597;
24.01.2025;10:52:45.374;FEBD SI 20261218 CS;SIMPLE_INSTRUMENT;BLOCK;EUR;17;10.15000000;600;EXCHANGE_LAST;;1;1;XEUR;7158212;597;
24.01.2025;13:14:57.497;FEBD SI 20261218 CS;SIMPLE_INSTRUMENT;BLOCK;EUR;31;10.09000000;200;EXCHANGE_LAST;;1;1;XEUR;7158212;597;
24.01.2025;13:15:03.600;FEBD SI 20261218 CS;SIMPLE_INSTRUMENT;BLOCK;EUR;32;10.08000000;200;EXCHANGE_LAST;;1;1;XEUR;7158212;597;
24.01.2025;16:07:03.050;FEBD SI 20261218 CS;SIMPLE_INSTRUMENT;BLOCK;EUR;52;10.06000000;1000;EXCHANGE_LAST;;1;1;XEUR;7158212;597;
24.01.2025;16:37:07.199;FEBD SI 20261218 CS;SIMPLE_INSTRUMENT;BLOCK;EUR;54;10.05000000;250;EXCHANGE_LAST;;1;1;XEUR;7158212;597;
24.01.2025;14:59:52.324;FEDV SI 20250321 CS;SIMPLE_INSTRUMENT;BLOCK;EUR;37;1710.00000000;500;EXCHANGE_LAST;;1;1;XEUR;11359068;596;
24.01.2025;16:42:28.084;FEDV SI 20250321 CS;SIMPLE_INSTRUMENT;BLOCK;EUR;60;1709.00000000;640;EXCHANGE_LAST;;1;1;XEUR;11359068;596;
24.01.2025;16:42:23.620;FEDV SI 20250321 CS;SIMPLE_INSTRUMENT;BLOCK;EUR;61;1708.50000000;360;EXCHANGE_LAST;;1;1;XEUR;11359068;596;
24.01.2025;15:24:53.458;FES1 SI 20250321 PS;SIMPLE_INSTRUMENT;BLOCK;EUR;41;14.60000000;100;EXCHANGE_LAST;;1;1;XEUR;11391470;58959;
24.01.2025;12:10:34.963;FESB SI 20250321 CS;SIMPLE_INSTRUMENT;BLOCK;EUR;75;160.20000000;2820;EXCHANGE_LAST;;1;1;XEUR;11359072;605;
24.01.2025;16:50:46.666;FESB SI 20250321 CS;SIMPLE_INSTRUMENT;EFP_IDX;EUR;90;160.10000000;653;EXCHANGE_LAST;;1;1;XEUR;11359072;605;
24.01.2025;16:50:50.245;FESB SI 20250321 CS;SIMPLE_INSTRUMENT;EFP_IDX;EUR;91;160.15000000;163;EXCHANGE_LAST;;1;1;XEUR;11359072;605;
24.01.2025;14:11:29.005;FESB SI 20250321 CS;SIMPLE_INSTRUMENT;VOLA;EUR;603979816;160.10000000;1200;EXCHANGE_LAST;;1;1;XEUR;11359072;605;
24.01.2025;14:09:08.367;FESB SI 20250321 CS;SIMPLE_INSTRUMENT;VOLA;EUR;603979817;160.10000000;1200;EXCHANGE_LAST;;1;1;XEUR;11359072;605;
24.01.2025;16:02:24.749;FESB SI 20250321 CS;SIMPLE_INSTRUMENT;VOLA;EUR;603979831;159.40000000;120;EXCHANGE_LAST;;1;1;XEUR;11359072;605;
24.01.2025;16:18:25.945;FESB SI 20250321 CS;SIMPLE_INSTRUMENT;VOLA;EUR;603979835;161.15000000;120;EXCHANGE_LAST;;1;1;XEUR;11359072;605;
24.01.2025;16:14:55.707;FESK SI 20250321 CS;SIMPLE_INSTRUMENT;BLOCK;EUR;4;499.50000000;321;EXCHANGE_LAST;;1;1;XEUR;11399139;285660;
24.01.2025;16:15:42.702;FESK SI 20250321 CS;SIMPLE_INSTRUMENT;BLOCK;EUR;5;499.60000000;644;EXCHANGE_LAST;;1;1;XEUR;11399139;285660;
24.01.2025;16:52:41.319;FESU SI 20250321 CS;SIMPLE_INSTRUMENT;EFP_IDX;EUR;10;375.50000000;400;EXCHANGE_LAST;;1;1;XEUR;11359368;673;
24.01.2025;16:53:17.533;FESU SI 20250321 CS;SIMPLE_INSTRUMENT;EFP_IDX;EUR;12;375.40000000;600;EXCHANGE_LAST;;1;1;XEUR;11359368;673;
24.01.2025;09:20:23.735;FESX SI 20250321 CS;SIMPLE_INSTRUMENT;BLOCK;EUR;1;5264.00000000;2600;EXCHANGE_LAST;;1;1;XEUR;7793482;675;
24.01.2025;10:34:49.001;FESX SI 20250321 CS;SIMPLE_INSTRUMENT;BLOCK;EUR;2;5272.00000000;2000;EXCHANGE_LAST;;1;1;XEUR;7793482;675;
24.01.2025;10:54:21.960;FESX SI 20250321 CS;SIMPLE_INSTRUMENT;BLOCK;EUR;3;5266.00000000;3000;EXCHANGE_LAST;;1;1;XEUR;7793482;675;
24.01.2025;11:03:32.635;FESX SI 20250321 CS;SIMPLE_INSTRUMENT;EFP_IDX;EUR;4;5270.00000000;1000;EXCHANGE_LAST;;1;1;XEUR;7793482;675;
24.01.2025;11:23:47.333;FESX SI 20250321 CS;SIMPLE_INSTRUMENT;EFP_IDX;EUR;5;5265.00000000;1000;EXCHANGE_LAST;;1;1;XEUR;7793482;675;
24.01.2025;11:33:57.580;FESX SI 20250321 CS;SIMPLE_INSTRUMENT;EFP_IDX;EUR;6;5262.00000000;2500;EXCHANGE_LAST;;1;1;XEUR;7793482;675;
24.01.2025;15:46:20.930;FESX SI 20250321 CS;SIMPLE_INSTRUMENT;BLOCK;EUR;7;5230.00000000;3400;EXCHANGE_LAST;;1;1;XEUR;7793482;675;
24.01.2025;15:56:50.687;FESX SI 20250321 CS;SIMPLE_INSTRUMENT;BLOCK;EUR;8;5227.00000000;2000;EXCHANGE_LAST;;1;1;XEUR;7793482;675;
24.01.2025;16:49:15.561;FESX SI 20250321 CS;SIMPLE_INSTRUMENT;EFP_IDX;EUR;9;5235.00000000;173;EXCHANGE_LAST;;1;1;XEUR;7793482;675;
24.01.2025;16:49:25.537;FESX SI 20250321 CS;SIMPLE_INSTRUMENT;EFP_IDX;EUR;10;5234.00000000;1272;EXCHANGE_LAST;;1;1;XEUR;7793482;675;
24.01.2025;17:06:20.339;FESX SI 20250321 CS;SIMPLE_INSTRUMENT;EFP_IDX;EUR;11;5235.00000000;240;EXCHANGE_LAST;;1;1;XEUR;7793482;675;
24.01.2025;17:05:49.390;FESX SI 20250321 CS;SIMPLE_INSTRUMENT;EFP_IDX;EUR;12;5234.00000000;1760;EXCHANGE_LAST;;1;1;XEUR;7793482;675;
24.01.2025;16:54:26.710;FESX SI 20250321 CS;SIMPLE_INSTRUMENT;EFP_IDX;EUR;13;5235.00000000;150;EXCHANGE_LAST;;1;1;XEUR;7793482;675;
24.01.2025;16:54:47.774;FESX SI 20250321 CS;SIMPLE_INSTRUMENT;EFP_IDX;EUR;14;5234.00000000;1100;EXCHANGE_LAST;;1;1;XEUR;7793482;675;
24.01.2025;17:08:04.426;FESX SI 20250321 CS;SIMPLE_INSTRUMENT;EFP_IDX;EUR;15;5233.00000000;3;EXCHANGE_LAST;;1;1;XEUR;7793482;675;
24.01.2025;17:09:16.222;FESX SI 20250321 CS;SIMPLE_INSTRUMENT;EFP_IDX;EUR;16;5234.00000000;97;EXCHANGE_LAST;;1;1;XEUR;7793482;675;
24.01.2025;08:35:11.789;FESX SI 20250321 CS;SIMPLE_INSTRUMENT;VOLA;EUR;637534213;5255.00000000;10;EXCHANGE_LAST;;1;1;XEUR;7793482;675;
24.01.2025;09:27:34.999;FESX SI 20250321 CS;SIMPLE_INSTRUMENT;VOLA;EUR;637534254;5262.00000000;1000;EXCHANGE_LAST;;1;1;XEUR;7793482;675;
24.01.2025;09:28:25.733;FESX SI 20250321 CS;SIMPLE_INSTRUMENT;VOLA;EUR;637534255;5262.00000000;270;EXCHANGE_LAST;;1;1;XEUR;7793482;675;
24.01.2025;09:54:25.666;FESX SI 20250321 CS;SIMPLE_INSTRUMENT;VOLA;EUR;637534270;5270.00000000;1200;EXCHANGE_LAST;;1;1;XEUR;7793482;675;
24.01.2025;10:29:04.855;FESX SI 20250321 CS;SIMPLE_INSTRUMENT;VOLA;EUR;637534301;5267.00000000;1650;EXCHANGE_LAST;;1;1;XEUR;7793482;675;
24.01.2025;10:33:05.212;FESX SI 20250321 CS;SIMPLE_INSTRUMENT;VOLA;EUR;637534305;5273.00000000;48;EXCHANGE_LAST;;1;1;XEUR;7793482;675;
24.01.2025;11:12:56.938;FESX SI 20250321 CS;SIMPLE_INSTRUMENT;VOLA;EUR;637534322;5265.00000000;179;EXCHANGE_LAST;;1;1;XEUR;7793482;675;
24.01.2025;11:23:54.396;FESX SI 20250321 CS;SIMPLE_INSTRUMENT;VOLA;EUR;637534332;5270.00000000;810;EXCHANGE_LAST;;1;1;XEUR;7793482;675;
24.01.2025;12:50:45.206;FESX SI 20250321 CS;SIMPLE_INSTRUMENT;VOLA;EUR;637534363;5257.00000000;202;EXCHANGE_LAST;;1;1;XEUR;7793482;675;
24.01.2025;13:05:56.977;FESX SI 20250321 CS;SIMPLE_INSTRUMENT;VOLA;EUR;637534367;5250.00000000;360;EXCHANGE_LAST;;1;1;XEUR;7793482;675;
24.01.2025;13:26:59.769;FESX SI 20250321 CS;SIMPLE_INSTRUMENT;VOLA;EUR;637534383;5252.00000000;110;EXCHANGE_LAST;;1;1;XEUR;7793482;675;
24.01.2025;13:40:57.230;FESX SI 20250321 CS;SIMPLE_INSTRUMENT;VOLA;EUR;637534394;5250.00000000;720;EXCHANGE_LAST;;1;1;XEUR;7793482;675;
24.01.2025;13:46:04.736;FESX SI 20250321 CS;SIMPLE_INSTRUMENT;VOLA;EUR;637534399;5250.00000000;230;EXCHANGE_LAST;;1;1;XEUR;7793482;675;
24.01.2025;13:58:52.685;FESX SI 20250321 CS;SIMPLE_INSTRUMENT;VOLA;EUR;637534400;5250.00000000;10;EXCHANGE_LAST;;1;1;XEUR;7793482;675;
24.01.2025;13:52:08.701;FESX SI 20250321 CS;SIMPLE_INSTRUMENT;VOLA;EUR;637534401;5250.00000000;10;EXCHANGE_LAST;;1;1;XEUR;7793482;675;
24.01.2025;14:12:17.327;FESX SI 20250321 CS;SIMPLE_INSTRUMENT;VOLA;EUR;637534404;5250.00000000;1600;EXCHANGE_LAST;;1;1;XEUR;7793482;675;
24.01.2025;14:21:22.424;FESX SI 20250321 CS;SIMPLE_INSTRUMENT;VOLA;EUR;637534409;5243.00000000;1500;EXCHANGE_LAST;;1;1;XEUR;7793482;675;
24.01.2025;14:31:13.198;FESX SI 20250321 CS;SIMPLE_INSTRUMENT;VOLA;EUR;637534417;5260.00000000;360;EXCHANGE_LAST;;1;1;XEUR;7793482;675;
24.01.2025;15:37:43.674;FESX SI 20250321 CS;SIMPLE_INSTRUMENT;VOLA;EUR;637534447;5230.00000000;806;EXCHANGE_LAST;;1;1;XEUR;7793482;675;
24.01.2025;15:48:26.859;FESX SI 20250321 CS;SIMPLE_INSTRUMENT;VOLA;EUR;637534454;5245.00000000;103;EXCHANGE_LAST;;1;1;XEUR;7793482;675;
24.01.2025;16:33:33.631;FESX SI 20250321 CS;SIMPLE_INSTRUMENT;VOLA;EUR;637534479;5235.00000000;1000;EXCHANGE_LAST;;1;1;XEUR;7793482;675;
24.01.2025;16:33:38.791;FESX SI 20250321 CS;SIMPLE_INSTRUMENT;VOLA;EUR;637534480;5235.00000000;380;EXCHANGE_LAST;;1;1;XEUR;7793482;675;
24.01.2025;10:25:50.541;FEXD.S.DEC28.DEC29.SPD;FUTURES_SPREAD;BLOCK;EUR;6;3.60000000;500;EXCHANGE_LAST;;1;1;XEUR;72060570450264171;693;
24.01.2025;10:25:50.541;FEXD SI 20291221 CS;SIMPLE_INSTRUMENT;BLOCK;EUR;6;145.10000000;500;PRC_DECOMP_EXCHANGE;;;;XEUR;4631968;693;EXCHANGE
24.01.2025;10:25:50.541;FEXD SI 20281215 CS;SIMPLE_INSTRUMENT;BLOCK;EUR;6;148.70000000;500;PRC_DECOMP_EXCHANGE;;;;XEUR;3680985;693;EXCHANGE
24.01.2025;10:35:17.181;FEXD SI 20261218 CS;SIMPLE_INSTRUMENT;BLOCK;EUR;13;159.00000000;200;EXCHANGE_LAST;;1;1;XEUR;2163053;693;
24.01.2025;10:35:35.080;FEXD SI 20261218 CS;SIMPLE_INSTRUMENT;BLOCK;EUR;14;158.90000000;200;EXCHANGE_LAST;;1;1;XEUR;2163053;693;
24.01.2025;10:42:45.849;FEXD.S.DEC28.DEC29.SPD;FUTURES_SPREAD;BLOCK;EUR;15;3.60000000;1000;EXCHANGE_LAST;;1;1;XEUR;72060570450264171;693;
24.01.2025;10:42:45.849;FEXD SI 20291221 CS;SIMPLE_INSTRUMENT;BLOCK;EUR;15;145.10000000;1000;PRC_DECOMP_EXCHANGE;;;;XEUR;4631968;693;EXCHANGE
24.01.2025;10:42:45.849;FEXD SI 20281215 CS;SIMPLE_INSTRUMENT;BLOCK;EUR;15;148.70000000;1000;PRC_DECOMP_EXCHANGE;;;;XEUR;3680985;693;EXCHANGE
24.01.2025;14:50:59.444;FEXD SI 20261218 CS;SIMPLE_INSTRUMENT;BLOCK;EUR;36;158.50000000;280;EXCHANGE_LAST;;1;1;XEUR;2163053;693;
24.01.2025;15:26:55.014;FEXD SI 20271217 CS;SIMPLE_INSTRUMENT;BLOCK;EUR;42;153.10000000;125;EXCHANGE_LAST;;1;1;XEUR;2848338;693;
24.01.2025;15:27:11.576;FEXD SI 20271217 CS;SIMPLE_INSTRUMENT;BLOCK;EUR;43;152.90000000;375;EXCHANGE_LAST;;1;1;XEUR;2848338;693;
24.01.2025;15:42:32.588;FEXD SI 20261218 CS;SIMPLE_INSTRUMENT;BLOCK;EUR;46;158.00000000;500;EXCHANGE_LAST;;1;1;XEUR;2163053;693;
24.01.2025;16:06:53.530;FEXD SI 20251219 CS;SIMPLE_INSTRUMENT;BLOCK;EUR;51;160.60000000;250;EXCHANGE_LAST;;1;1;XEUR;1548120;693;
24.01.2025;16:03:35.296;FEXD SI 20251219 CS;SIMPLE_INSTRUMENT;VOLA;EUR;301989922;160.50000000;255;EXCHANGE_LAST;;1;1;XEUR;1548120;693;
24.01.2025;17:04:48.613;FFOX SI 20250321 CS;SIMPLE_INSTRUMENT;BLOCK;EUR;16;4487.60000000;200;EXCHANGE_LAST;;1;1;XEUR;11338030;695;
24.01.2025;07:47:20.890;FGBL SI 20250306 PS;SIMPLE_INSTRUMENT;EFS;EUR;1;131.63000000;415;EXCHANGE_LAST;;1;1;XEUR;11286679;688;
24.01.2025;07:48:06.161;FGBL SI 20250306 PS;SIMPLE_INSTRUMENT;EFS;EUR;2;131.63000000;208;EXCHANGE_LAST;;1;1;XEUR;11286679;688;
24.01.2025;08:29:52.044;FGBL SI 20250306 PS;SIMPLE_INSTRUMENT;EFS;EUR;3;131.66000000;284;EXCHANGE_LAST;;1;1;XEUR;11286679;688;
24.01.2025;08:31:46.659;FGBL SI 20250306 PS;SIMPLE_INSTRUMENT;EFS;EUR;4;131.69000000;415;EXCHANGE_LAST;;1;1;XEUR;11286679;688;
24.01.2025;08:35:25.009;FGBL SI 20250306 PS;SIMPLE_INSTRUMENT;EFS;EUR;5;131.69000000;415;EXCHANGE_LAST;;1;1;XEUR;11286679;688;
24.01.2025;08:40:27.350;FGBL SI 20250306 PS;SIMPLE_INSTRUMENT;EFS;EUR;6;131.36000000;416;EXCHANGE_LAST;;1;1;XEUR;11286679;688;
24.01.2025;08:42:52.445;FGBL SI 20250306 PS;SIMPLE_INSTRUMENT;EFS;EUR;7;131.40000000;208;EXCHANGE_LAST;;1;1;XEUR;11286679;688;
24.01.2025;08:46:41.434;FGBL SI 20250306 PS;SIMPLE_INSTRUMENT;EFS;EUR;8;131.39000000;416;EXCHANGE_LAST;;1;1;XEUR;11286679;688;
24.01.2025;08:48:00.052;FGBL SI 20250306 PS;SIMPLE_INSTRUMENT;EFS;EUR;9;131.39000000;416;EXCHANGE_LAST;;1;1;XEUR;11286679;688;
24.01.2025;08:50:32.131;FGBL SI 20250306 PS;SIMPLE_INSTRUMENT;EFS;EUR;10;131.40000000;120;EXCHANGE_LAST;;1;1;XEUR;11286679;688;
24.01.2025;08:57:29.000;FGBL SI 20250306 PS;SIMPLE_INSTRUMENT;EFS;EUR;11;131.33000000;416;EXCHANGE_LAST;;1;1;XEUR;11286679;688;
24.01.2025;09:01:23.997;FGBL SI 20250306 PS;SIMPLE_INSTRUMENT;EFS;EUR;12;131.30000000;416;EXCHANGE_LAST;;1;1;XEUR;11286679;688;
24.01.2025;09:07:12.174;FGBL SI 20250306 PS;SIMPLE_INSTRUMENT;EFS;EUR;14;131.32000000;907;EXCHANGE_LAST;;1;1;XEUR;11286679;688;
24.01.2025;09:12:01.288;FGBL SI 20250306 PS;SIMPLE_INSTRUMENT;EFS;EUR;15;131.35000000;238;EXCHANGE_LAST;;1;1;XEUR;11286679;688;
24.01.2025;09:17:10.436;FGBL SI 20250306 PS;SIMPLE_INSTRUMENT;EFS;EUR;16;131.40000000;415;EXCHANGE_LAST;;1;1;XEUR;11286679;688;
24.01.2025;09:17:15.756;FGBL SI 20250306 PS;SIMPLE_INSTRUMENT;EFS;EUR;17;131.39000000;416;EXCHANGE_LAST;;1;1;XEUR;11286679;688;
24.01.2025;09:17:30.767;FGBL SI 20250306 PS;SIMPLE_INSTRUMENT;EFS;EUR;18;131.39000000;416;EXCHANGE_LAST;;1;1;XEUR;11286679;688;
24.01.2025;09:17:35.773;FGBL SI 20250306 PS;SIMPLE_INSTRUMENT;EFS;EUR;19;131.38000000;416;EXCHANGE_LAST;;1;1;XEUR;11286679;688;
24.01.2025;09:18:47.323;FGBL SI 20250306 PS;SIMPLE_INSTRUMENT;EFP_FIN;EUR;20;131.36000000;725;EXCHANGE_LAST;;1;1;XEUR;11286679;688;
24.01.2025;09:21:04.064;FGBL SI 20250306 PS;SIMPLE_INSTRUMENT;EFS;EUR;21;131.39000000;143;EXCHANGE_LAST;;1;1;XEUR;11286679;688;
24.01.2025;09:24:05.786;FGBL SI 20250306 PS;SIMPLE_INSTRUMENT;EFS;EUR;22;131.38000000;907;EXCHANGE_LAST;;1;1;XEUR;11286679;688;
24.01.2025;09:26:44.359;FGBL SI 20250306 PS;SIMPLE_INSTRUMENT;EFS;EUR;23;131.42000000;299;EXCHANGE_LAST;;1;1;XEUR;11286679;688;
24.01.2025;09:32:52.169;FGBL SI 20250306 PS;SIMPLE_INSTRUMENT;EFP_FIN;EUR;24;131.37000000;371;EXCHANGE_LAST;;1;1;XEUR;11286679;688;
24.01.2025;09:29:42.309;FGBL SI 20250306 PS;SIMPLE_INSTRUMENT;EFS;EUR;25;131.40000000;293;EXCHANGE_LAST;;1;1;XEUR;11286679;688;
24.01.2025;09:38:09.044;FGBL SI 20250306 PS;SIMPLE_INSTRUMENT;EFP_FIN;EUR;26;131.31000000;216;EXCHANGE_LAST;;1;1;XEUR;11286679;688;
24.01.2025;09:40:24.314;FGBL SI 20250306 PS;SIMPLE_INSTRUMENT;EFS;EUR;27;131.36000000;299;EXCHANGE_LAST;;1;1;XEUR;11286679;688;
24.01.2025;09:41:02.607;FGBL SI 20250306 PS;SIMPLE_INSTRUMENT;EFP_FIN;EUR;28;131.43000000;361;EXCHANGE_LAST;;1;1;XEUR;11286679;688;
24.01.2025;09:54:45.888;FGBL SI 20250306 PS;SIMPLE_INSTRUMENT;EFS;EUR;29;131.38000000;384;EXCHANGE_LAST;;1;1;XEUR;11286679;688;
24.01.2025;09:57:24.771;FGBL SI 20250306 PS;SIMPLE_INSTRUMENT;EFS;EUR;30;131.27000000;416;EXCHANGE_LAST;;1;1;XEUR;11286679;688;
24.01.2025;09:57:30.783;FGBL SI 20250306 PS;SIMPLE_INSTRUMENT;EFS;EUR;31;131.28000000;416;EXCHANGE_LAST;;1;1;XEUR;11286679;688;
24.01.2025;09:57:34.782;FGBL SI 20250306 PS;SIMPLE_INSTRUMENT;EFS;EUR;32;131.27000000;416;EXCHANGE_LAST;;1;1;XEUR;11286679;688;
24.01.2025;09:57:39.787;FGBL SI 20250306 PS;SIMPLE_INSTRUMENT;EFS;EUR;33;131.27000000;416;EXCHANGE_LAST;;1;1;XEUR;11286679;688;
24.01.2025;09:59:35.092;FGBL SI 20250306 PS;SIMPLE_INSTRUMENT;EFS;EUR;34;131.28000000;416;EXCHANGE_LAST;;1;1;XEUR;11286679;688;
24.01.2025;10:00:56.348;FGBL SI 20250306 PS;SIMPLE_INSTRUMENT;EFS;EUR;35;131.19000000;4236;EXCHANGE_LAST;;1;1;XEUR;11286679;688;
24.01.2025;10:01:59.956;FGBL SI 20250306 PS;SIMPLE_INSTRUMENT;EFS;EUR;36;131.26000000;499;EXCHANGE_LAST;;1;1;XEUR;11286679;688;
24.01.2025;10:11:11.362;FGBL SI 20250306 PS;SIMPLE_INSTRUMENT;EFS;EUR;37;131.28000000;499;EXCHANGE_LAST;;1;1;XEUR;11286679;688;
24.01.2025;10:12:36.558;FGBL SI 20250306 PS;SIMPLE_INSTRUMENT;EFS;EUR;38;131.26000000;713;EXCHANGE_LAST;;1;1;XEUR;11286679;688;
24.01.2025;10:19:21.698;FGBL SI 20250306 PS;SIMPLE_INSTRUMENT;EFS;EUR;39;131.22000000;416;EXCHANGE_LAST;;1;1;XEUR;11286679;688;
24.01.2025;10:25:36.510;FGBL SI 20250306 PS;SIMPLE_INSTRUMENT;EFS;EUR;40;131.22000000;587;EXCHANGE_LAST;;1;1;XEUR;11286679;688;
24.01.2025;10:27:41.292;FGBL SI 20250306 PS;SIMPLE_INSTRUMENT;EFS;EUR;41;131.24000000;416;EXCHANGE_LAST;;1;1;XEUR;11286679;688;
24.01.2025;10:37:09.500;FGBL SI 20250306 PS;SIMPLE_INSTRUMENT;EFS;EUR;42;131.33000000;416;EXCHANGE_LAST;;1;1;XEUR;11286679;688;
24.01.2025;10:44:03.048;FGBL SI 20250306 PS;SIMPLE_INSTRUMENT;EFS;EUR;43;131.32000000;208;EXCHANGE_LAST;;1;1;XEUR;11286679;688;
24.01.2025;10:45:55.451;FGBL SI 20250306 PS;SIMPLE_INSTRUMENT;EFS;EUR;44;131.35000000;208;EXCHANGE_LAST;;1;1;XEUR;11286679;688;
24.01.2025;10:47:25.936;FGBL SI 20250306 PS;SIMPLE_INSTRUMENT;EFS;EUR;45;131.32000000;416;EXCHANGE_LAST;;1;1;XEUR;11286679;688;
24.01.2025;10:48:05.224;FGBL SI 20250306 PS;SIMPLE_INSTRUMENT;EFS;EUR;46;131.34000000;416;EXCHANGE_LAST;;1;1;XEUR;11286679;688;
24.01.2025;10:49:10.286;FGBL SI 20250306 PS;SIMPLE_INSTRUMENT;EFS;EUR;47;131.35000000;416;EXCHANGE_LAST;;1;1;XEUR;11286679;688;
24.01.2025;10:49:25.304;FGBL SI 20250306 PS;SIMPLE_INSTRUMENT;EFS;EUR;48;131.35000000;416;EXCHANGE_LAST;;1;1;XEUR;11286679;688;
24.01.2025;10:51:20.404;FGBL SI 20250306 PS;SIMPLE_INSTRUMENT;EFS;EUR;49;131.35000000;832;EXCHANGE_LAST;;1;1;XEUR;11286679;688;
24.01.2025;10:55:42.727;FGBL SI 20250306 PS;SIMPLE_INSTRUMENT;EFP_FIN;EUR;50;131.30000000;952;EXCHANGE_LAST;;1;1;XEUR;11286679;688;
24.01.2025;11:04:36.012;FGBL SI 20250306 PS;SIMPLE_INSTRUMENT;EFP_FIN;EUR;51;131.35000000;1069;EXCHANGE_LAST;;1;1;XEUR;11286679;688;
24.01.2025;11:13:22.108;FGBL SI 20250306 PS;SIMPLE_INSTRUMENT;EFP_FIN;EUR;52;131.33000000;178;EXCHANGE_LAST;;1;1;XEUR;11286679;688;
24.01.2025;11:16:59.858;FGBL SI 20250306 PS;SIMPLE_INSTRUMENT;EFS;EUR;53;131.37000000;236;EXCHANGE_LAST;;1;1;XEUR;11286679;688;
24.01.2025;11:41:37.652;FGBL SI 20250306 PS;SIMPLE_INSTRUMENT;EFP_FIN;EUR;54;131.29000000;189;EXCHANGE_LAST;;1;1;XEUR;11286679;688;
24.01.2025;11:47:08.950;FGBL SI 20250306 PS;SIMPLE_INSTRUMENT;EFS;EUR;55;131.26000000;416;EXCHANGE_LAST;;1;1;XEUR;11286679;688;
24.01.2025;11:56:29.460;FGBL SI 20250306 PS;SIMPLE_INSTRUMENT;EFP_FIN;EUR;57;131.22000000;158;EXCHANGE_LAST;;1;1;XEUR;11286679;688;
24.01.2025;12:07:44.462;FGBL SI 20250306 PS;SIMPLE_INSTRUMENT;EFP_FIN;EUR;58;131.28000000;247;EXCHANGE_LAST;;1;1;XEUR;11286679;688;
24.01.2025;12:07:48.080;FGBL SI 20250306 PS;SIMPLE_INSTRUMENT;EFP_FIN;EUR;59;131.30000000;943;EXCHANGE_LAST;;1;1;XEUR;11286679;688;
24.01.2025;12:12:55.727;FGBL SI 20250306 PS;SIMPLE_INSTRUMENT;EFS;EUR;60;131.25000000;208;EXCHANGE_LAST;;1;1;XEUR;11286679;688;
24.01.2025;12:14:08.493;FGBL SI 20250306 PS;SIMPLE_INSTRUMENT;EFS;EUR;61;131.23000000;416;EXCHANGE_LAST;;1;1;XEUR;11286679;688;
24.01.2025;12:46:06.021;FGBL SI 20250306 PS;SIMPLE_INSTRUMENT;EFS;EUR;62;131.16000000;83;EXCHANGE_LAST;;1;1;XEUR;11286679;688;
24.01.2025;12:46:16.029;FGBL SI 20250306 PS;SIMPLE_INSTRUMENT;EFS;EUR;63;131.16000000;83;EXCHANGE_LAST;;1;1;XEUR;11286679;688;
24.01.2025;13:01:20.091;FGBL SI 20250306 PS;SIMPLE_INSTRUMENT;EFP_FIN;EUR;64;131.18000000;111;EXCHANGE_LAST;;1;1;XEUR;11286679;688;
24.01.2025;13:05:06.690;FGBL SI 20250306 PS;SIMPLE_INSTRUMENT;EFS;EUR;65;131.19000000;643;EXCHANGE_LAST;;1;1;XEUR;11286679;688;
24.01.2025;13:20:44.913;FGBL SI 20250306 PS;SIMPLE_INSTRUMENT;EFP_FIN;EUR;66;131.20000000;371;EXCHANGE_LAST;;1;1;XEUR;11286679;688;
24.01.2025;13:22:15.966;FGBL SI 20250306 PS;SIMPLE_INSTRUMENT;EFS;EUR;67;131.23000000;91;EXCHANGE_LAST;;1;1;XEUR;11286679;688;
24.01.2025;13:22:40.978;FGBL SI 20250306 PS;SIMPLE_INSTRUMENT;EFS;EUR;68;131.17000000;471;EXCHANGE_LAST;;1;1;XEUR;11286679;688;
24.01.2025;13:25:41.419;FGBL SI 20250306 PS;SIMPLE_INSTRUMENT;EFS;EUR;69;131.22000000;416;EXCHANGE_LAST;;1;1;XEUR;11286679;688;
24.01.2025;13:26:52.220;FGBL SI 20250306 PS;SIMPLE_INSTRUMENT;EFP_FIN;EUR;70;131.18000000;247;EXCHANGE_LAST;;1;1;XEUR;11286679;688;
24.01.2025;13:27:03.485;FGBL SI 20250306 PS;SIMPLE_INSTRUMENT;EFS;EUR;71;131.21000000;100;EXCHANGE_LAST;;1;1;XEUR;11286679;688;
24.01.2025;13:28:43.274;FGBL SI 20250306 PS;SIMPLE_INSTRUMENT;EFS;EUR;72;131.18000000;208;EXCHANGE_LAST;;1;1;XEUR;11286679;688;
24.01.2025;13:43:18.271;FGBL SI 20250306 PS;SIMPLE_INSTRUMENT;EFP_FIN;EUR;73;131.27000000;119;EXCHANGE_LAST;;1;1;XEUR;11286679;688;
24.01.2025;13:50:20.293;FGBL SI 20250306 PS;SIMPLE_INSTRUMENT;EFP_FIN;EUR;74;131.23000000;707;EXCHANGE_LAST;;1;1;XEUR;11286679;688;
24.01.2025;13:52:35.511;FGBL SI 20250306 PS;SIMPLE_INSTRUMENT;EFS;EUR;75;131.20000000;208;EXCHANGE_LAST;;1;1;XEUR;11286679;688;
24.01.2025;13:55:04.772;FGBL SI 20250306 PS;SIMPLE_INSTRUMENT;EFP_FIN;EUR;76;131.19000000;704;EXCHANGE_LAST;;1;1;XEUR;11286679;688;
24.01.2025;13:57:05.677;FGBL SI 20250306 PS;SIMPLE_INSTRUMENT;EFS;EUR;77;131.18000000;832;EXCHANGE_LAST;;1;1;XEUR;11286679;688;
24.01.2025;13:59:21.916;FGBL SI 20250306 PS;SIMPLE_INSTRUMENT;EFP_FIN;EUR;78;131.21000000;316;EXCHANGE_LAST;;1;1;XEUR;11286679;688;
24.01.2025;14:07:43.276;FGBL SI 20250306 PS;SIMPLE_INSTRUMENT;EFS;EUR;79;131.22000000;208;EXCHANGE_LAST;;1;1;XEUR;11286679;688;
24.01.2025;14:20:24.861;FGBL SI 20250306 PS;SIMPLE_INSTRUMENT;EFS;EUR;80;131.16000000;416;EXCHANGE_LAST;;1;1;XEUR;11286679;688;
24.01.2025;14:21:18.190;FGBL SI 20250306 PS;SIMPLE_INSTRUMENT;EFS;EUR;81;131.22000000;227;EXCHANGE_LAST;;1;1;XEUR;11286679;688;
24.01.2025;14:23:47.065;FGBL SI 20250306 PS;SIMPLE_INSTRUMENT;EFS;EUR;82;131.16000000;416;EXCHANGE_LAST;;1;1;XEUR;11286679;688;
24.01.2025;14:33:58.387;FGBL SI 20250306 PS;SIMPLE_INSTRUMENT;EFS;EUR;83;131.26000000;91;EXCHANGE_LAST;;1;1;XEUR;11286679;688;
24.01.2025;14:34:42.578;FGBL SI 20250306 PS;SIMPLE_INSTRUMENT;EFP_FIN;EUR;84;131.17000000;864;EXCHANGE_LAST;;1;1;XEUR;11286679;688;
24.01.2025;14:37:46.904;FGBL SI 20250306 PS;SIMPLE_INSTRUMENT;EFS;EUR;85;131.09000000;416;EXCHANGE_LAST;;1;1;XEUR;11286679;688;
24.01.2025;14:38:36.960;FGBL SI 20250306 PS;SIMPLE_INSTRUMENT;EFS;EUR;86;131.05000000;417;EXCHANGE_LAST;;1;1;XEUR;11286679;688;
24.01.2025;14:39:42.025;FGBL SI 20250306 PS;SIMPLE_INSTRUMENT;EFS;EUR;87;131.08000000;833;EXCHANGE_LAST;;1;1;XEUR;11286679;688;
24.01.2025;14:41:17.126;FGBL SI 20250306 PS;SIMPLE_INSTRUMENT;EFS;EUR;88;131.07000000;208;EXCHANGE_LAST;;1;1;XEUR;11286679;688;
24.01.2025;14:53:22.766;FGBL SI 20250306 PS;SIMPLE_INSTRUMENT;EFS;EUR;89;131.09000000;417;EXCHANGE_LAST;;1;1;XEUR;11286679;688;
24.01.2025;14:57:02.999;FGBL SI 20250306 PS;SIMPLE_INSTRUMENT;EFS;EUR;91;131.09000000;208;EXCHANGE_LAST;;1;1;XEUR;11286679;688;
24.01.2025;15:03:06.029;FGBL SI 20250306 PS;SIMPLE_INSTRUMENT;BLOCK;EUR;92;131.10000000;8000;EXCHANGE_LAST;;1;1;XEUR;11286679;688;
24.01.2025;15:09:09.615;FGBL SI 20250306 PS;SIMPLE_INSTRUMENT;EFS;EUR;93;131.19000000;416;EXCHANGE_LAST;;1;1;XEUR;11286679;688;
24.01.2025;15:09:59.650;FGBL SI 20250306 PS;SIMPLE_INSTRUMENT;EFS;EUR;94;131.19000000;416;EXCHANGE_LAST;;1;1;XEUR;11286679;688;
24.01.2025;15:12:24.885;FGBL SI 20250306 PS;SIMPLE_INSTRUMENT;EFS;EUR;95;131.19000000;416;EXCHANGE_LAST;;1;1;XEUR;11286679;688;
24.01.2025;15:15:27.823;FGBL SI 20250306 PS;SIMPLE_INSTRUMENT;EFS;EUR;96;131.19000000;416;EXCHANGE_LAST;;1;1;XEUR;11286679;688;
24.01.2025;15:32:23.962;FGBL SI 20250306 PS;SIMPLE_INSTRUMENT;EFS;EUR;97;131.26000000;208;EXCHANGE_LAST;;1;1;XEUR;11286679;688;
24.01.2025;15:34:41.068;FGBL SI 20250306 PS;SIMPLE_INSTRUMENT;EFS;EUR;98;131.19000000;441;EXCHANGE_LAST;;1;1;XEUR;11286679;688;
24.01.2025;15:37:06.064;FGBL SI 20250306 PS;SIMPLE_INSTRUMENT;EFS;EUR;99;131.25000000;176;EXCHANGE_LAST;;1;1;XEUR;11286679;688;
24.01.2025;15:48:11.144;FGBL SI 20250306 PS;SIMPLE_INSTRUMENT;EFS;EUR;100;131.18000000;1482;EXCHANGE_LAST;;1;1;XEUR;11286679;688;
24.01.2025;15:58:16.519;FGBL SI 20250306 PS;SIMPLE_INSTRUMENT;EFP_FIN;EUR;101;131.09000000;540;EXCHANGE_LAST;;1;1;XEUR;11286679;688;
24.01.2025;15:58:43.174;FGBL SI 20250306 PS;SIMPLE_INSTRUMENT;EFS;EUR;102;131.35000000;416;EXCHANGE_LAST;;1;1;XEUR;11286679;688;
24.01.2025;16:00:38.514;FGBL SI 20250306 PS;SIMPLE_INSTRUMENT;EFS;EUR;103;131.38000000;125;EXCHANGE_LAST;;1;1;XEUR;11286679;688;
24.01.2025;16:00:40.495;FGBL SI 20250306 PS;SIMPLE_INSTRUMENT;EFP_FIN;EUR;104;131.29000000;270;EXCHANGE_LAST;;1;1;XEUR;11286679;688;
24.01.2025;16:05:57.336;FGBL SI 20250306 PS;SIMPLE_INSTRUMENT;EFS;EUR;105;131.35000000;831;EXCHANGE_LAST;;1;1;XEUR;11286679;688;
24.01.2025;16:08:17.172;FGBL SI 20250306 PS;SIMPLE_INSTRUMENT;EFP_FIN;EUR;106;131.29000000;264;EXCHANGE_LAST;;1;1;XEUR;11286679;688;
24.01.2025;16:20:03.685;FGBL SI 20250306 PS;SIMPLE_INSTRUMENT;EFS;EUR;107;131.24000000;416;EXCHANGE_LAST;;1;1;XEUR;11286679;688;
24.01.2025;16:23:57.006;FGBL SI 20250306 PS;SIMPLE_INSTRUMENT;EFS;EUR;108;131.26000000;399;EXCHANGE_LAST;;1;1;XEUR;11286679;688;
24.01.2025;16:36:12.174;FGBL SI 20250306 PS;SIMPLE_INSTRUMENT;EFS;EUR;110;131.27000000;1000;EXCHANGE_LAST;;1;1;XEUR;11286679;688;
24.01.2025;16:37:12.433;FGBL SI 20250306 PS;SIMPLE_INSTRUMENT;EFS;EUR;111;131.28000000;416;EXCHANGE_LAST;;1;1;XEUR;11286679;688;
24.01.2025;16:42:59.557;FGBL SI 20250306 PS;SIMPLE_INSTRUMENT;EFS;EUR;112;131.27000000;572;EXCHANGE_LAST;;1;1;XEUR;11286679;688;
24.01.2025;16:53:58.801;FGBL SI 20250306 PS;SIMPLE_INSTRUMENT;EFS;EUR;113;131.23000000;136;EXCHANGE_LAST;;1;1;XEUR;11286679;688;
24.01.2025;07:40:22.739;FGBL SI 20250306 PS;SIMPLE_INSTRUMENT;VOLA;EUR;268435467;131.67000000;142;EXCHANGE_LAST;;1;1;XEUR;11286679;688;
24.01.2025;10:07:37.976;FGBL SI 20250306 PS;SIMPLE_INSTRUMENT;VOLA;EUR;268435510;131.34000000;50;EXCHANGE_LAST;;1;1;XEUR;11286679;688;
24.01.2025;10:08:47.987;FGBL SI 20250306 PS;SIMPLE_INSTRUMENT;VOLA;EUR;268435511;131.34000000;18;EXCHANGE_LAST;;1;1;XEUR;11286679;688;
24.01.2025;11:04:23.467;FGBL SI 20250306 PS;SIMPLE_INSTRUMENT;VOLA;EUR;268435518;131.33000000;18;EXCHANGE_LAST;;1;1;XEUR;11286679;688;
24.01.2025;11:55:51.183;FGBL SI 20250306 PS;SIMPLE_INSTRUMENT;VOLA;EUR;268435521;131.26000000;360;EXCHANGE_LAST;;1;1;XEUR;11286679;688;
24.01.2025;13:00:18.330;FGBL SI 20250306 PS;SIMPLE_INSTRUMENT;VOLA;EUR;268435527;131.12000000;30;EXCHANGE_LAST;;1;1;XEUR;11286679;688;
24.01.2025;14:56:33.242;FGBL SI 20250306 PS;SIMPLE_INSTRUMENT;VOLA;EUR;268435559;131.10000000;170;EXCHANGE_LAST;;1;1;XEUR;11286679;688;
24.01.2025;08:30:11.832;FGBM SI 20250306 PS;SIMPLE_INSTRUMENT;EFS;EUR;2;116.92000000;859;EXCHANGE_LAST;;1;1;XEUR;11286680;689;
24.01.2025;08:32:38.847;FGBM SI 20250306 PS;SIMPLE_INSTRUMENT;EFP_FIN;EUR;3;116.91000000;832;EXCHANGE_LAST;;1;1;XEUR;11286680;689;
24.01.2025;08:33:53.174;FGBM SI 20250306 PS;SIMPLE_INSTRUMENT;EFS;EUR;4;116.92000000;859;EXCHANGE_LAST;;1;1;XEUR;11286680;689;
24.01.2025;08:35:50.545;FGBM SI 20250306 PS;SIMPLE_INSTRUMENT;EFS;EUR;5;116.88000000;200;EXCHANGE_LAST;;1;1;XEUR;11286680;689;
24.01.2025;08:51:18.747;FGBM SI 20250306 PS;SIMPLE_INSTRUMENT;EFS;EUR;6;116.74000000;456;EXCHANGE_LAST;;1;1;XEUR;11286680;689;
24.01.2025;08:56:58.383;FGBM SI 20250306 PS;SIMPLE_INSTRUMENT;EFS;EUR;7;116.71000000;911;EXCHANGE_LAST;;1;1;XEUR;11286680;689;
24.01.2025;09:15:56.616;FGBM SI 20250306 PS;SIMPLE_INSTRUMENT;EFP_FIN;EUR;8;116.78000000;784;EXCHANGE_LAST;;1;1;XEUR;11286680;689;
24.01.2025;09:31:27.257;FGBM SI 20250306 PS;SIMPLE_INSTRUMENT;EFS;EUR;9;116.72000000;1494;EXCHANGE_LAST;;1;1;XEUR;11286680;689;
24.01.2025;09:39:23.029;FGBM SI 20250306 PS;SIMPLE_INSTRUMENT;EFP_FIN;EUR;10;116.73000000;906;EXCHANGE_LAST;;1;1;XEUR;11286680;689;
24.01.2025;09:50:54.528;FGBM SI 20250306 PS;SIMPLE_INSTRUMENT;EFS;EUR;11;116.67000000;913;EXCHANGE_LAST;;1;1;XEUR;11286680;689;
24.01.2025;09:53:14.882;FGBM SI 20250306 PS;SIMPLE_INSTRUMENT;EFS;EUR;12;116.72000000;805;EXCHANGE_LAST;;1;1;XEUR;11286680;689;
24.01.2025;09:57:30.828;FGBM SI 20250306 PS;SIMPLE_INSTRUMENT;EFS;EUR;13;116.68000000;913;EXCHANGE_LAST;;1;1;XEUR;11286680;689;
24.01.2025;09:59:42.503;FGBM SI 20250306 PS;SIMPLE_INSTRUMENT;EFP_FIN;EUR;14;116.68000000;225;EXCHANGE_LAST;;1;1;XEUR;11286680;689;
24.01.2025;10:06:17.584;FGBM SI 20250306 PS;SIMPLE_INSTRUMENT;EFP_FIN;EUR;15;116.73000000;371;EXCHANGE_LAST;;1;1;XEUR;11286680;689;
24.01.2025;10:18:33.742;FGBM SI 20250306 PS;SIMPLE_INSTRUMENT;EFP_FIN;EUR;16;116.73000000;1113;EXCHANGE_LAST;;1;1;XEUR;11286680;689;
24.01.2025;10:22:47.998;FGBM SI 20250306 PS;SIMPLE_INSTRUMENT;EFP_FIN;EUR;17;116.70000000;186;EXCHANGE_LAST;;1;1;XEUR;11286680;689;
24.01.2025;10:41:45.663;FGBM SI 20250306 PS;SIMPLE_INSTRUMENT;EFS;EUR;18;116.71000000;430;EXCHANGE_LAST;;1;1;XEUR;11286680;689;
24.01.2025;10:54:04.914;FGBM SI 20250306 PS;SIMPLE_INSTRUMENT;EFP_FIN;EUR;19;116.72000000;2175;EXCHANGE_LAST;;1;1;XEUR;11286680;689;
24.01.2025;11:05:07.557;FGBM SI 20250306 PS;SIMPLE_INSTRUMENT;EFP_FIN;EUR;20;116.70000000;544;EXCHANGE_LAST;;1;1;XEUR;11286680;689;
24.01.2025;11:08:59.754;FGBM SI 20250306 PS;SIMPLE_INSTRUMENT;EFP_FIN;EUR;21;116.73000000;641;EXCHANGE_LAST;;1;1;XEUR;11286680;689;
24.01.2025;11:15:24.084;FGBM SI 20250306 PS;SIMPLE_INSTRUMENT;EFP_FIN;EUR;22;116.73000000;626;EXCHANGE_LAST;;1;1;XEUR;11286680;689;
24.01.2025;11:16:33.942;FGBM SI 20250306 PS;SIMPLE_INSTRUMENT;EFS;EUR;23;116.70000000;483;EXCHANGE_LAST;;1;1;XEUR;11286680;689;
24.01.2025;11:21:26.130;FGBM SI 20250306 PS;SIMPLE_INSTRUMENT;EFP_FIN;EUR;24;116.73000000;470;EXCHANGE_LAST;;1;1;XEUR;11286680;689;
24.01.2025;11:27:24.343;FGBM SI 20250306 PS;SIMPLE_INSTRUMENT;EFS;EUR;25;116.71000000;781;EXCHANGE_LAST;;1;1;XEUR;11286680;689;
24.01.2025;11:27:25.297;FGBM SI 20250306 PS;SIMPLE_INSTRUMENT;EFP_FIN;EUR;26;116.72000000;313;EXCHANGE_LAST;;1;1;XEUR;11286680;689;
24.01.2025;11:31:04.181;FGBM SI 20250306 PS;SIMPLE_INSTRUMENT;EFS;EUR;27;116.71000000;912;EXCHANGE_LAST;;1;1;XEUR;11286680;689;
24.01.2025;11:38:57.375;FGBM SI 20250306 PS;SIMPLE_INSTRUMENT;EFP_FIN;EUR;28;116.70000000;465;EXCHANGE_LAST;;1;1;XEUR;11286680;689;
24.01.2025;11:44:44.211;FGBM SI 20250306 PS;SIMPLE_INSTRUMENT;EFP_FIN;EUR;29;116.70000000;557;EXCHANGE_LAST;;1;1;XEUR;11286680;689;
24.01.2025;12:00:52.141;FGBM SI 20250306 PS;SIMPLE_INSTRUMENT;EFP_FIN;EUR;30;116.70000000;397;EXCHANGE_LAST;;1;1;XEUR;11286680;689;
24.01.2025;12:02:10.778;FGBM SI 20250306 PS;SIMPLE_INSTRUMENT;EFP_FIN;EUR;31;116.69000000;915;EXCHANGE_LAST;;1;1;XEUR;11286680;689;
24.01.2025;12:26:28.842;FGBM SI 20250306 PS;SIMPLE_INSTRUMENT;EFS;EUR;32;116.66000000;1994;EXCHANGE_LAST;;1;1;XEUR;11286680;689;
24.01.2025;12:36:38.484;FGBM SI 20250306 PS;SIMPLE_INSTRUMENT;EFS;EUR;33;116.65000000;3835;EXCHANGE_LAST;;1;1;XEUR;11286680;689;
24.01.2025;12:42:20.200;FGBM SI 20250306 PS;SIMPLE_INSTRUMENT;EFP_FIN;EUR;34;116.66000000;748;EXCHANGE_LAST;;1;1;XEUR;11286680;689;
24.01.2025;13:02:54.619;FGBM SI 20250306 PS;SIMPLE_INSTRUMENT;EFP_FIN;EUR;35;116.63000000;1861;EXCHANGE_LAST;;1;1;XEUR;11286680;689;
24.01.2025;13:04:47.026;FGBM SI 20250306 PS;SIMPLE_INSTRUMENT;EFP_FIN;EUR;36;116.62000000;930;EXCHANGE_LAST;;1;1;XEUR;11286680;689;
24.01.2025;13:13:48.714;FGBM SI 20250306 PS;SIMPLE_INSTRUMENT;EFP_FIN;EUR;37;116.61000000;512;EXCHANGE_LAST;;1;1;XEUR;11286680;689;
24.01.2025;13:22:42.234;FGBM SI 20250306 PS;SIMPLE_INSTRUMENT;EFS;EUR;38;116.61000000;974;EXCHANGE_LAST;;1;1;XEUR;11286680;689;
24.01.2025;13:26:19.198;FGBM SI 20250306 PS;SIMPLE_INSTRUMENT;EFS;EUR;40;116.63000000;1795;EXCHANGE_LAST;;1;1;XEUR;11286680;689;
24.01.2025;13:26:46.154;FGBM SI 20250306 PS;SIMPLE_INSTRUMENT;EFP_FIN;EUR;41;116.63000000;374;EXCHANGE_LAST;;1;1;XEUR;11286680;689;
24.01.2025;13:27:59.738;FGBM SI 20250306 PS;SIMPLE_INSTRUMENT;EFP_FIN;EUR;42;116.65000000;1294;EXCHANGE_LAST;;1;1;XEUR;11286680;689;
24.01.2025;13:29:03.524;FGBM SI 20250306 PS;SIMPLE_INSTRUMENT;EFP_FIN;EUR;43;116.61000000;311;EXCHANGE_LAST;;1;1;XEUR;11286680;689;
24.01.2025;13:29:19.693;FGBM SI 20250306 PS;SIMPLE_INSTRUMENT;EFS;EUR;44;116.63000000;1906;EXCHANGE_LAST;;1;1;XEUR;11286680;689;
24.01.2025;13:29:56.250;FGBM SI 20250306 PS;SIMPLE_INSTRUMENT;EFP_FIN;EUR;45;116.64000000;502;EXCHANGE_LAST;;1;1;XEUR;11286680;689;
24.01.2025;13:30:41.080;FGBM SI 20250306 PS;SIMPLE_INSTRUMENT;EFP_FIN;EUR;46;116.68000000;647;EXCHANGE_LAST;;1;1;XEUR;11286680;689;
24.01.2025;13:32:35.937;FGBM SI 20250306 PS;SIMPLE_INSTRUMENT;EFP_FIN;EUR;48;116.61000000;97;EXCHANGE_LAST;;1;1;XEUR;11286680;689;
24.01.2025;13:42:15.726;FGBM SI 20250306 PS;SIMPLE_INSTRUMENT;EFP_FIN;EUR;49;116.67000000;1703;EXCHANGE_LAST;;1;1;XEUR;11286680;689;
24.01.2025;13:44:37.156;FGBM SI 20250306 PS;SIMPLE_INSTRUMENT;EFP_FIN;EUR;50;116.64000000;1864;EXCHANGE_LAST;;1;1;XEUR;11286680;689;
24.01.2025;13:58:02.901;FGBM SI 20250306 PS;SIMPLE_INSTRUMENT;EFS;EUR;51;116.65000000;913;EXCHANGE_LAST;;1;1;XEUR;11286680;689;
24.01.2025;13:58:30.593;FGBM SI 20250306 PS;SIMPLE_INSTRUMENT;EFP_FIN;EUR;52;116.64000000;947;EXCHANGE_LAST;;1;1;XEUR;11286680;689;
24.01.2025;14:00:15.100;FGBM SI 20250306 PS;SIMPLE_INSTRUMENT;EFP_FIN;EUR;53;116.66000000;1872;EXCHANGE_LAST;;1;1;XEUR;11286680;689;
24.01.2025;14:02:19.131;FGBM SI 20250306 PS;SIMPLE_INSTRUMENT;EFP_FIN;EUR;54;116.64000000;1862;EXCHANGE_LAST;;1;1;XEUR;11286680;689;
24.01.2025;14:23:31.925;FGBM SI 20250306 PS;SIMPLE_INSTRUMENT;EFS;EUR;55;116.63000000;666;EXCHANGE_LAST;;1;1;XEUR;11286680;689;
24.01.2025;14:26:58.042;FGBM SI 20250306 PS;SIMPLE_INSTRUMENT;EFS;EUR;56;116.63000000;993;EXCHANGE_LAST;;1;1;XEUR;11286680;689;
24.01.2025;14:51:23.525;FGBM SI 20250306 PS;SIMPLE_INSTRUMENT;EFP_FIN;EUR;57;116.62000000;400;EXCHANGE_LAST;;1;1;XEUR;11286680;689;
24.01.2025;14:52:36.538;FGBM SI 20250306 PS;SIMPLE_INSTRUMENT;EFP_FIN;EUR;58;116.59000000;181;EXCHANGE_LAST;;1;1;XEUR;11286680;689;
24.01.2025;14:57:57.632;FGBM SI 20250306 PS;SIMPLE_INSTRUMENT;EFP_FIN;EUR;59;116.59000000;454;EXCHANGE_LAST;;1;1;XEUR;11286680;689;
24.01.2025;15:04:26.329;FGBM SI 20250306 PS;SIMPLE_INSTRUMENT;EFP_FIN;EUR;60;116.56000000;1164;EXCHANGE_LAST;;1;1;XEUR;11286680;689;
24.01.2025;15:06:39.510;FGBM SI 20250306 PS;SIMPLE_INSTRUMENT;EFS;EUR;61;116.62000000;913;EXCHANGE_LAST;;1;1;XEUR;11286680;689;
24.01.2025;15:08:04.568;FGBM SI 20250306 PS;SIMPLE_INSTRUMENT;EFS;EUR;62;116.62000000;456;EXCHANGE_LAST;;1;1;XEUR;11286680;689;
24.01.2025;15:13:38.848;FGBM SI 20250306 PS;SIMPLE_INSTRUMENT;EFP_FIN;EUR;63;116.58000000;334;EXCHANGE_LAST;;1;1;XEUR;11286680;689;
24.01.2025;15:22:45.826;FGBM SI 20250306 PS;SIMPLE_INSTRUMENT;EFP_FIN;EUR;64;116.63000000;975;EXCHANGE_LAST;;1;1;XEUR;11286680;689;
24.01.2025;15:22:51.379;FGBM SI 20250306 PS;SIMPLE_INSTRUMENT;EFP_FIN;EUR;65;116.62000000;929;EXCHANGE_LAST;;1;1;XEUR;11286680;689;
24.01.2025;15:31:26.015;FGBM SI 20250306 PS;SIMPLE_INSTRUMENT;EFS;EUR;66;116.68000000;430;EXCHANGE_LAST;;1;1;XEUR;11286680;689;
24.01.2025;15:33:23.417;FGBM SI 20250306 PS;SIMPLE_INSTRUMENT;EFS;EUR;67;116.63000000;912;EXCHANGE_LAST;;1;1;XEUR;11286680;689;
24.01.2025;15:34:11.594;FGBM SI 20250306 PS;SIMPLE_INSTRUMENT;EFS;EUR;68;116.67000000;365;EXCHANGE_LAST;;1;1;XEUR;11286680;689;
24.01.2025;15:36:14.705;FGBM SI 20250306 PS;SIMPLE_INSTRUMENT;EFP_FIN;EUR;69;116.63000000;1079;EXCHANGE_LAST;;1;1;XEUR;11286680;689;
24.01.2025;15:39:00.429;FGBM SI 20250306 PS;SIMPLE_INSTRUMENT;EFS;EUR;70;116.63000000;2557;EXCHANGE_LAST;;1;1;XEUR;11286680;689;
24.01.2025;15:49:28.194;FGBM SI 20250306 PS;SIMPLE_INSTRUMENT;EFP_FIN;EUR;71;116.66000000;824;EXCHANGE_LAST;;1;1;XEUR;11286680;689;
24.01.2025;16:05:20.699;FGBM SI 20250306 PS;SIMPLE_INSTRUMENT;EFS;EUR;72;116.71000000;1719;EXCHANGE_LAST;;1;1;XEUR;11286680;689;
24.01.2025;16:06:45.064;FGBM SI 20250306 PS;SIMPLE_INSTRUMENT;EFP_FIN;EUR;73;116.67000000;906;EXCHANGE_LAST;;1;1;XEUR;11286680;689;
24.01.2025;16:09:01.544;FGBM SI 20250306 PS;SIMPLE_INSTRUMENT;EFS;EUR;74;116.69000000;911;EXCHANGE_LAST;;1;1;XEUR;11286680;689;
24.01.2025;16:12:36.671;FGBM SI 20250306 PS;SIMPLE_INSTRUMENT;EFS;EUR;75;116.65000000;911;EXCHANGE_LAST;;1;1;XEUR;11286680;689;
24.01.2025;16:13:51.492;FGBM SI 20250306 PS;SIMPLE_INSTRUMENT;EFS;EUR;76;116.66000000;456;EXCHANGE_LAST;;1;1;XEUR;11286680;689;
24.01.2025;16:32:23.369;FGBM SI 20250306 PS;SIMPLE_INSTRUMENT;EFP_FIN;EUR;77;116.67000000;186;EXCHANGE_LAST;;1;1;XEUR;11286680;689;
24.01.2025;16:32:57.277;FGBM SI 20250306 PS;SIMPLE_INSTRUMENT;EFS;EUR;78;116.67000000;913;EXCHANGE_LAST;;1;1;XEUR;11286680;689;
24.01.2025;16:34:04.746;FGBM SI 20250306 PS;SIMPLE_INSTRUMENT;EFP_FIN;EUR;79;116.67000000;186;EXCHANGE_LAST;;1;1;XEUR;11286680;689;
24.01.2025;16:35:28.566;FGBM SI 20250306 PS;SIMPLE_INSTRUMENT;EFS;EUR;80;116.67000000;2500;EXCHANGE_LAST;;1;1;XEUR;11286680;689;
24.01.2025;16:42:06.258;FGBM SI 20250306 PS;SIMPLE_INSTRUMENT;EFS;EUR;81;116.66000000;1595;EXCHANGE_LAST;;1;1;XEUR;11286680;689;
24.01.2025;17:04:19.385;FGBM SI 20250306 PS;SIMPLE_INSTRUMENT;EFS;EUR;82;116.69000000;948;EXCHANGE_LAST;;1;1;XEUR;11286680;689;
24.01.2025;08:49:55.611;FGBS SI 20250306 PS;SIMPLE_INSTRUMENT;EFP_FIN;EUR;1;106.53000000;249;EXCHANGE_LAST;;1;1;XEUR;11286681;690;
24.01.2025;08:56:36.607;FGBS SI 20250306 PS;SIMPLE_INSTRUMENT;EFP_FIN;EUR;2;106.52000000;935;EXCHANGE_LAST;;1;1;XEUR;11286681;690;
24.01.2025;09:04:56.620;FGBS SI 20250306 PS;SIMPLE_INSTRUMENT;EFS;EUR;3;106.50000000;5244;EXCHANGE_LAST;;1;1;XEUR;11286681;690;
24.01.2025;09:24:02.424;FGBS SI 20250306 PS;SIMPLE_INSTRUMENT;EFS;EUR;4;106.51000000;5243;EXCHANGE_LAST;;1;1;XEUR;11286681;690;
24.01.2025;09:50:08.774;FGBS SI 20250306 PS;SIMPLE_INSTRUMENT;EFS;EUR;5;106.49000000;2752;EXCHANGE_LAST;;1;1;XEUR;11286681;690;
24.01.2025;10:01:14.082;FGBS SI 20250306 PS;SIMPLE_INSTRUMENT;EFP_FIN;EUR;7;106.48000000;467;EXCHANGE_LAST;;1;1;XEUR;11286681;690;
24.01.2025;10:19:55.602;FGBS SI 20250306 PS;SIMPLE_INSTRUMENT;EFS;EUR;8;106.48000000;2752;EXCHANGE_LAST;;1;1;XEUR;11286681;690;
24.01.2025;10:35:51.949;FGBS SI 20250306 PS;SIMPLE_INSTRUMENT;EFP_FIN;EUR;9;106.49000000;702;EXCHANGE_LAST;;1;1;XEUR;11286681;690;
24.01.2025;11:15:27.036;FGBS SI 20250306 PS;SIMPLE_INSTRUMENT;EFP_FIN;EUR;10;106.51500000;332;EXCHANGE_LAST;;1;1;XEUR;11286681;690;
24.01.2025;11:14:57.335;FGBS SI 20250306 PS;SIMPLE_INSTRUMENT;EFS;EUR;11;106.51000000;2751;EXCHANGE_LAST;;1;1;XEUR;11286681;690;
24.01.2025;11:17:07.692;FGBS SI 20250306 PS;SIMPLE_INSTRUMENT;EFS;EUR;12;106.52000000;1373;EXCHANGE_LAST;;1;1;XEUR;11286681;690;
24.01.2025;11:43:44.425;FGBS SI 20250306 PS;SIMPLE_INSTRUMENT;EFP_FIN;EUR;13;106.50000000;935;EXCHANGE_LAST;;1;1;XEUR;11286681;690;
24.01.2025;11:57:55.153;FGBS SI 20250306 PS;SIMPLE_INSTRUMENT;EFS;EUR;14;106.49500000;2752;EXCHANGE_LAST;;1;1;XEUR;11286681;690;
24.01.2025;12:21:26.827;FGBS SI 20250306 PS;SIMPLE_INSTRUMENT;EFP_FIN;EUR;15;106.48000000;982;EXCHANGE_LAST;;1;1;XEUR;11286681;690;
24.01.2025;12:24:20.835;FGBS SI 20250306 PS;SIMPLE_INSTRUMENT;EFS;EUR;16;106.48000000;5505;EXCHANGE_LAST;;1;1;XEUR;11286681;690;
24.01.2025;12:51:11.657;FGBS SI 20250306 PS;SIMPLE_INSTRUMENT;EFP_FIN;EUR;17;106.48000000;658;EXCHANGE_LAST;;1;1;XEUR;11286681;690;
24.01.2025;13:11:52.876;FGBS SI 20250306 PS;SIMPLE_INSTRUMENT;EFS;EUR;18;106.48000000;1239;EXCHANGE_LAST;;1;1;XEUR;11286681;690;
24.01.2025;13:22:38.674;FGBS SI 20250306 PS;SIMPLE_INSTRUMENT;EFP_FIN;EUR;19;106.47000000;203;EXCHANGE_LAST;;1;1;XEUR;11286681;690;
24.01.2025;13:26:59.023;FGBS SI 20250306 PS;SIMPLE_INSTRUMENT;EFP_FIN;EUR;20;106.47000000;399;EXCHANGE_LAST;;1;1;XEUR;11286681;690;
24.01.2025;14:07:47.556;FGBS SI 20250306 PS;SIMPLE_INSTRUMENT;EFP_FIN;EUR;21;106.49500000;159;EXCHANGE_LAST;;1;1;XEUR;11286681;690;
24.01.2025;14:19:39.184;FGBS SI 20250306 PS;SIMPLE_INSTRUMENT;EFS;EUR;22;106.50000000;1310;EXCHANGE_LAST;;1;1;XEUR;11286681;690;
24.01.2025;14:21:47.032;FGBS SI 20250306 PS;SIMPLE_INSTRUMENT;EFP_FIN;EUR;23;106.48000000;2711;EXCHANGE_LAST;;1;1;XEUR;11286681;690;
24.01.2025;14:30:55.247;FGBS SI 20250306 PS;SIMPLE_INSTRUMENT;EFP_FIN;EUR;24;106.46000000;616;EXCHANGE_LAST;;1;1;XEUR;11286681;690;
24.01.2025;14:31:50.381;FGBS SI 20250306 PS;SIMPLE_INSTRUMENT;EFS;EUR;25;106.48000000;531;EXCHANGE_LAST;;1;1;XEUR;11286681;690;
24.01.2025;15:18:45.002;FGBS SI 20250306 PS;SIMPLE_INSTRUMENT;EFP_FIN;EUR;26;106.49000000;616;EXCHANGE_LAST;;1;1;XEUR;11286681;690;
24.01.2025;15:21:33.253;FGBS SI 20250306 PS;SIMPLE_INSTRUMENT;EFP_FIN;EUR;27;106.46000000;374;EXCHANGE_LAST;;1;1;XEUR;11286681;690;
24.01.2025;16:27:27.380;FGBS SI 20250306 PS;SIMPLE_INSTRUMENT;EFP_FIN;EUR;28;106.48000000;666;EXCHANGE_LAST;;1;1;XEUR;11286681;690;
24.01.2025;16:34:13.390;FGBS SI 20250306 PS;SIMPLE_INSTRUMENT;EFS;EUR;29;106.49000000;5000;EXCHANGE_LAST;;1;1;XEUR;11286681;690;
24.01.2025;16:36:25.040;FGBS SI 20250306 PS;SIMPLE_INSTRUMENT;EFS;EUR;30;106.49500000;1101;EXCHANGE_LAST;;1;1;XEUR;11286681;690;
24.01.2025;16:40:44.848;FGBS SI 20250306 PS;SIMPLE_INSTRUMENT;EFS;EUR;31;106.49000000;2752;EXCHANGE_LAST;;1;1;XEUR;11286681;690;
24.01.2025;09:32:18.603;FGBS SI 20250306 PS;SIMPLE_INSTRUMENT;VOLA;EUR;268435501;106.50500000;330;EXCHANGE_LAST;;1;1;XEUR;11286681;690;
24.01.2025;09:03:02.772;FGBX SI 20250306 PS;SIMPLE_INSTRUMENT;EFS;EUR;1;127.16000000;368;EXCHANGE_LAST;;1;1;XEUR;11286682;691;
24.01.2025;09:22:10.475;FGBX SI 20250306 PS;SIMPLE_INSTRUMENT;EFS;EUR;3;127.24000000;386;EXCHANGE_LAST;;1;1;XEUR;11286682;691;
24.01.2025;09:22:09.884;FGBX SI 20250306 PS;SIMPLE_INSTRUMENT;EFS;EUR;4;127.24000000;58;EXCHANGE_LAST;;1;1;XEUR;11286682;691;
24.01.2025;09:25:41.548;FGBX SI 20250306 PS;SIMPLE_INSTRUMENT;BLOCK;EUR;5;127.24000000;385;EXCHANGE_LAST;;1;1;XEUR;11286682;691;
24.01.2025;09:29:24.407;FGBX SI 20250306 PS;SIMPLE_INSTRUMENT;EFP_FIN;EUR;6;127.18000000;51;EXCHANGE_LAST;;1;1;XEUR;11286682;691;
24.01.2025;09:57:27.825;FGBX SI 20250306 PS;SIMPLE_INSTRUMENT;EFP_FIN;EUR;7;126.74000000;185;EXCHANGE_LAST;;1;1;XEUR;11286682;691;
24.01.2025;10:06:34.479;FGBX SI 20250306 PS;SIMPLE_INSTRUMENT;EFS;EUR;9;127.04000000;81;EXCHANGE_LAST;;1;1;XEUR;11286682;691;
24.01.2025;10:06:37.208;FGBX SI 20250306 PS;SIMPLE_INSTRUMENT;EFP_FIN;EUR;10;126.80000000;371;EXCHANGE_LAST;;1;1;XEUR;11286682;691;
24.01.2025;11:09:11.236;FGBX SI 20250306 PS;SIMPLE_INSTRUMENT;EFP_FIN;EUR;11;126.74000000;408;EXCHANGE_LAST;;1;1;XEUR;11286682;691;
24.01.2025;11:14:20.607;FGBX SI 20250306 PS;SIMPLE_INSTRUMENT;BLOCK;EUR;12;127.02000000;387;EXCHANGE_LAST;;1;1;XEUR;11286682;691;
24.01.2025;12:05:20.904;FGBX SI 20250306 PS;SIMPLE_INSTRUMENT;BLOCK;EUR;13;126.86000000;100;EXCHANGE_LAST;;1;1;XEUR;11286682;691;
24.01.2025;13:07:58.634;FGBX SI 20250306 PS;SIMPLE_INSTRUMENT;EFS;EUR;15;126.78000000;130;EXCHANGE_LAST;;1;1;XEUR;11286682;691;
24.01.2025;14:30:23.965;FGBX SI 20250306 PS;SIMPLE_INSTRUMENT;EFS;EUR;17;126.70000000;193;EXCHANGE_LAST;;1;1;XEUR;11286682;691;
24.01.2025;15:22:16.800;FGBX SI 20250306 PS;SIMPLE_INSTRUMENT;EFS;EUR;18;126.52000000;130;EXCHANGE_LAST;;1;1;XEUR;11286682;691;
24.01.2025;15:46:31.878;FGBX SI 20250306 PS;SIMPLE_INSTRUMENT;EFP_FIN;EUR;19;126.86000000;166;EXCHANGE_LAST;;1;1;XEUR;11286682;691;
24.01.2025;16:18:05.036;FIAK SI 20250320 CS;SIMPLE_INSTRUMENT;BLOCK;EUR;75;12.86500000;3500;EXCHANGE_LAST;;1;1;XEUR;10690012;144766;
24.01.2025;07:50:57.256;FMAE SI 20250321 CS;SIMPLE_INSTRUMENT;BLOCK;EUR;25;429.00300000;938;EXCHANGE_LAST;;1;1;XEUR;7590772;48921;
24.01.2025;13:44:00.850;FMCE SI 20250321 CS;SIMPLE_INSTRUMENT;BLOCK;EUR;33;527.40000000;636;EXCHANGE_LAST;;1;1;XEUR;9693463;665;
24.01.2025;13:44:18.379;FMCE SI 20250321 CS;SIMPLE_INSTRUMENT;BLOCK;EUR;34;527.50000000;550;EXCHANGE_LAST;;1;1;XEUR;9693463;665;
24.01.2025;02:31:16.167;FMCH SI 20250321 CS;SIMPLE_INSTRUMENT;BLOCK;USD;5;498.61400000;1901;EXCHANGE_LAST;;1;2;XEUR;7592069;402909;
24.01.2025;07:55:09.242;FMDK SI 20250321 CS;SIMPLE_INSTRUMENT;BLOCK;USD;26;8833.95000000;2285;EXCHANGE_LAST;;1;1;XEUR;7590771;48919;
24.01.2025;10:25:12.934;FMEA SI 20250321 CS;SIMPLE_INSTRUMENT;BLOCK;USD;39;694.00000000;2162;EXCHANGE_LAST;;1;1;XEUR;7589834;12395;
24.01.2025;10:28:15.313;FMEA SI 20251219 CS;SIMPLE_INSTRUMENT;BLOCK;USD;41;718.22100000;2089;EXCHANGE_LAST;;1;1;XEUR;8837826;12395;
24.01.2025;11:12:32.672;FMEA SI 20250321 CS;SIMPLE_INSTRUMENT;BLOCK;USD;59;694.00000000;3962;EXCHANGE_LAST;;2;1;XEUR;7589834;12395;
24.01.2025;11:16:26.609;FMEA SI 20251219 CS;SIMPLE_INSTRUMENT;BLOCK;USD;61;718.22100000;3829;EXCHANGE_LAST;;1;2;XEUR;8837826;12395;
24.01.2025;11:57:56.564;FMEA SI 20250321 CS;SIMPLE_INSTRUMENT;BLOCK;USD;71;694.00000000;2522;EXCHANGE_LAST;;1;1;XEUR;7589834;12395;
24.01.2025;11:59:48.134;FMEA SI 20251219 CS;SIMPLE_INSTRUMENT;BLOCK;USD;72;718.22100000;2437;EXCHANGE_LAST;;1;1;XEUR;8837826;12395;
24.01.2025;06:31:24.114;FMED SI 20250321 CS;SIMPLE_INSTRUMENT;EFP_IDX;USD;14;9647.90000000;645;EXCHANGE_LAST;;1;1;XEUR;7590729;48144;
24.01.2025;08:51:07.167;FMEL SI 20250321 CS;SIMPLE_INSTRUMENT;BLOCK;USD;31;504.24700000;30;EXCHANGE_LAST;;1;1;XEUR;7589856;12397;
24.01.2025;07:56:05.891;FMEN SI 20250321 CS;SIMPLE_INSTRUMENT;EFP_IDX;EUR;27;523.55000000;28;EXCHANGE_LAST;;1;1;XEUR;7590212;30652;
24.01.2025;15:12:21.002;FMEN SI 20250321 CS;SIMPLE_INSTRUMENT;BLOCK;EUR;78;522.20000000;365;EXCHANGE_LAST;;1;1;XEUR;7590212;30652;
24.01.2025;09:19:58.537;FMGC SI 20250321 CS;SIMPLE_INSTRUMENT;BLOCK;USD;34;13031.33000000;264;EXCHANGE_LAST;;1;1;XEUR;7590767;48916;
24.01.2025;11:21:09.175;FMGC SI 20250321 CS;SIMPLE_INSTRUMENT;BLOCK;USD;63;13029.83000000;771;EXCHANGE_LAST;;1;1;XEUR;7590767;48916;
24.01.2025;12:52:01.867;FMGC SI 20250321 CS;SIMPLE_INSTRUMENT;BLOCK;USD;76;13029.83000000;200;EXCHANGE_LAST;;1;1;XEUR;7590767;48916;
24.01.2025;08:37:59.567;FMGO SI 20250321 CS;SIMPLE_INSTRUMENT;BLOCK;USD;30;5197.72000000;1496;EXCHANGE_LAST;;1;1;XEUR;8609359;583623;
24.01.2025;14:53:58.313;FMGO SI 20250321 CS;SIMPLE_INSTRUMENT;BLOCK;USD;77;5215.00000000;152;EXCHANGE_LAST;;1;1;XEUR;8609359;583623;
24.01.2025;03:01:03.284;FMHK SI 20250321 CS;SIMPLE_INSTRUMENT;BLOCK;USD;10;54958.83800000;27;EXCHANGE_LAST;;1;1;XEUR;7590500;45282;
24.01.2025;03:26:17.733;FMID SI 20250321 CS;SIMPLE_INSTRUMENT;BLOCK;USD;1;1602.09500000;63;EXCHANGE_LAST;;1;1;XEUR;7590528;45289;
24.01.2025;02:46:30.213;FMIN SI 20250321 CS;SIMPLE_INSTRUMENT;BLOCK;USD;6;1207.40000000;830;EXCHANGE_LAST;;1;1;XEUR;7589865;12404;
24.01.2025;02:47:01.084;FMIN SI 20251219 CS;SIMPLE_INSTRUMENT;BLOCK;USD;7;1257.50700000;797;EXCHANGE_LAST;;1;1;XEUR;8837859;12404;
24.01.2025;02:51:44.780;FMIN SI 20250321 CS;SIMPLE_INSTRUMENT;BLOCK;USD;8;1207.50000000;415;EXCHANGE_LAST;;1;1;XEUR;7589865;12404;
24.01.2025;02:52:36.118;FMIN SI 20251219 CS;SIMPLE_INSTRUMENT;BLOCK;USD;9;1257.61100000;398;EXCHANGE_LAST;;1;1;XEUR;8837859;12404;
24.01.2025;03:13:21.321;FMIN SI 20250321 CS;SIMPLE_INSTRUMENT;BLOCK;USD;11;1206.41800000;310;EXCHANGE_LAST;;3;1;XEUR;7589865;12404;
24.01.2025;03:37:43.668;FMIN SI 20250321 CS;SIMPLE_INSTRUMENT;BLOCK;USD;13;1206.53700000;83;EXCHANGE_LAST;;1;1;XEUR;7589865;12404;
24.01.2025;06:36:48.313;FMIN SI 20250321 CS;SIMPLE_INSTRUMENT;BLOCK;USD;15;1206.41800000;60;EXCHANGE_LAST;;1;1;XEUR;7589865;12404;
24.01.2025;07:37:39.710;FMIN SI 20250321 CS;SIMPLE_INSTRUMENT;BLOCK;USD;19;1206.41800000;66;EXCHANGE_LAST;;1;1;XEUR;7589865;12404;
24.01.2025;11:00:02.229;FMIN SI 20250321 CS;SIMPLE_INSTRUMENT;BLOCK;USD;54;1200.00000000;510;EXCHANGE_LAST;;1;1;XEUR;7589865;12404;
24.01.2025;11:00:48.621;FMIN SI 20251219 CS;SIMPLE_INSTRUMENT;BLOCK;USD;55;1249.56000000;490;EXCHANGE_LAST;;1;1;XEUR;8837859;12404;
24.01.2025;01:03:40.894;FMJP SI 20250321 CS;SIMPLE_INSTRUMENT;BLOCK;USD;2;8654.46500000;983;EXCHANGE_LAST;;1;1;XEUR;7588794;661;
24.01.2025;01:39:00.629;FMJP SI 20250321 CS;SIMPLE_INSTRUMENT;BLOCK;USD;3;8654.46500000;577;EXCHANGE_LAST;;1;1;XEUR;7588794;661;
24.01.2025;07:36:09.968;FMJP SI 20250321 CS;SIMPLE_INSTRUMENT;BLOCK;USD;18;8655.32400000;410;EXCHANGE_LAST;;1;1;XEUR;7588794;661;
24.01.2025;00:24:00.386;FMMY SI 20250321 CS;SIMPLE_INSTRUMENT;BLOCK;USD;1;383.92800000;40;EXCHANGE_LAST;;1;1;XEUR;7589866;12405;
24.01.2025;07:37:33.784;FMOG SI 20250321 CS;SIMPLE_INSTRUMENT;BLOCK;USD;20;12420.22000000;1;EXCHANGE_LAST;;1;1;XEUR;7590875;51877;
24.01.2025;07:35:03.236;FMPA SI 20250321 CS;SIMPLE_INSTRUMENT;BLOCK;USD;17;8515.51100000;590;EXCHANGE_LAST;;1;1;XEUR;7590728;48143;
24.01.2025;07:47:17.097;FMPA SI 20250321 CS;SIMPLE_INSTRUMENT;BLOCK;USD;24;8515.51100000;395;EXCHANGE_LAST;;1;1;XEUR;7590728;48143;
24.01.2025;08:15:52.598;FMSA SI 20250321 CS;SIMPLE_INSTRUMENT;EFP_IDX;USD;29;1836.88000000;40;EXCHANGE_LAST;;1;1;XEUR;7591259;134861;
24.01.2025;03:13:47.220;FMTH SI 20250321 CS;SIMPLE_INSTRUMENT;BLOCK;USD;12;1147.03700000;2335;EXCHANGE_LAST;;1;1;XEUR;7589913;12681;
24.01.2025;08:05:50.317;FMWN SI 20250321 CS;SIMPLE_INSTRUMENT;EFP_IDX;EUR;28;603.91000000;56;EXCHANGE_LAST;;1;1;XEUR;7590222;30654;
24.01.2025;07:19:00.299;FMWO SI 20250321 CS;SIMPLE_INSTRUMENT;EFP_IDX;USD;16;12296.13000000;574;EXCHANGE_LAST;;1;1;XEUR;7589707;7059;
24.01.2025;07:40:06.046;FMWO SI 20250321 CS;SIMPLE_INSTRUMENT;EFP_IDX;USD;22;12296.62000000;18;EXCHANGE_LAST;;1;1;XEUR;7589707;7059;
24.01.2025;07:46:15.450;FMWO SI 20250321 CS;SIMPLE_INSTRUMENT;EFP_IDX;USD;23;12297.62000000;43;EXCHANGE_LAST;;1;1;XEUR;7589707;7059;
24.01.2025;08:40:39.522;FMWO SI 20250321 CS;SIMPLE_INSTRUMENT;EFP_IDX;USD;32;12297.12000000;30;EXCHANGE_LAST;;1;1;XEUR;7589707;7059;
24.01.2025;08:41:35.549;FMWQ SI 20250321 CS;SIMPLE_INSTRUMENT;EFP_IDX;USD;33;363.77700000;96;EXCHANGE_LAST;;1;1;XEUR;7591196;124310;
24.01.2025;10:24:22.219;FMXG SI 20250321 CS;SIMPLE_INSTRUMENT;BLOCK;EUR;38;374.31000000;1167;EXCHANGE_LAST;;1;1;XEUR;7591194;124306;
24.01.2025;10:54:00.031;FMXJ SI 20250321 CS;SIMPLE_INSTRUMENT;BLOCK;USD;47;586.80000000;187;EXCHANGE_LAST;;1;1;XEUR;7590866;51660;
24.01.2025;08:58:14.112;FOAT SI 20250306 PS;SIMPLE_INSTRUMENT;EFS;EUR;1;122.37000000;1250;EXCHANGE_LAST;;1;1;XEUR;11286683;749;
24.01.2025;09:10:06.248;FOAT SI 20250306 PS;SIMPLE_INSTRUMENT;EFS;EUR;2;122.37000000;549;EXCHANGE_LAST;;1;1;XEUR;11286683;749;
24.01.2025;09:21:11.152;FOAT SI 20250306 PS;SIMPLE_INSTRUMENT;EFP_FIN;EUR;3;122.39000000;838;EXCHANGE_LAST;;1;1;XEUR;11286683;749;
24.01.2025;10:02:33.750;FOAT SI 20250306 PS;SIMPLE_INSTRUMENT;EFS;EUR;4;122.27000000;1097;EXCHANGE_LAST;;1;1;XEUR;11286683;749;
24.01.2025;11:02:23.878;FOAT SI 20250306 PS;SIMPLE_INSTRUMENT;EFP_FIN;EUR;5;122.34000000;625;EXCHANGE_LAST;;1;1;XEUR;11286683;749;
24.01.2025;11:04:08.454;FOAT SI 20250306 PS;SIMPLE_INSTRUMENT;EFP_FIN;EUR;6;122.33000000;1234;EXCHANGE_LAST;;1;1;XEUR;11286683;749;
24.01.2025;11:06:25.491;FOAT SI 20250306 PS;SIMPLE_INSTRUMENT;EFP_FIN;EUR;7;122.34000000;250;EXCHANGE_LAST;;1;1;XEUR;11286683;749;
24.01.2025;11:07:23.093;FOAT SI 20250306 PS;SIMPLE_INSTRUMENT;BLOCK;EUR;8;122.35000000;958;EXCHANGE_LAST;;1;1;XEUR;11286683;749;
24.01.2025;11:55:45.449;FOAT SI 20250306 PS;SIMPLE_INSTRUMENT;BLOCK;EUR;9;122.34000000;944;EXCHANGE_LAST;;1;1;XEUR;11286683;749;
24.01.2025;11:56:40.457;FOAT SI 20250306 PS;SIMPLE_INSTRUMENT;EFP_FIN;EUR;10;122.37000000;779;EXCHANGE_LAST;;1;1;XEUR;11286683;749;
24.01.2025;11:59:51.438;FOAT SI 20250306 PS;SIMPLE_INSTRUMENT;EFS;EUR;11;122.25000000;200;EXCHANGE_LAST;;1;1;XEUR;11286683;749;
24.01.2025;12:04:39.021;FOAT SI 20250306 PS;SIMPLE_INSTRUMENT;EFP_FIN;EUR;12;122.28000000;2114;EXCHANGE_LAST;;1;1;XEUR;11286683;749;
24.01.2025;12:05:30.684;FOAT SI 20250306 PS;SIMPLE_INSTRUMENT;EFP_FIN;EUR;13;122.25000000;1167;EXCHANGE_LAST;;1;1;XEUR;11286683;749;
24.01.2025;12:19:16.144;FOAT SI 20250306 PS;SIMPLE_INSTRUMENT;EFP_FIN;EUR;14;122.28000000;994;EXCHANGE_LAST;;1;1;XEUR;11286683;749;
24.01.2025;12:15:59.435;FOAT SI 20250306 PS;SIMPLE_INSTRUMENT;EFP_FIN;EUR;15;122.28000000;1251;EXCHANGE_LAST;;1;1;XEUR;11286683;749;
24.01.2025;12:20:47.879;FOAT SI 20250306 PS;SIMPLE_INSTRUMENT;EFP_FIN;EUR;16;122.26000000;758;EXCHANGE_LAST;;1;1;XEUR;11286683;749;
24.01.2025;12:39:01.611;FOAT SI 20250306 PS;SIMPLE_INSTRUMENT;EFP_FIN;EUR;17;122.22000000;885;EXCHANGE_LAST;;1;1;XEUR;11286683;749;
24.01.2025;12:49:17.552;FOAT SI 20250306 PS;SIMPLE_INSTRUMENT;EFP_FIN;EUR;18;122.20000000;408;EXCHANGE_LAST;;1;1;XEUR;11286683;749;
24.01.2025;12:54:29.776;FOAT SI 20250306 PS;SIMPLE_INSTRUMENT;EFP_FIN;EUR;19;122.22000000;282;EXCHANGE_LAST;;1;1;XEUR;11286683;749;
24.01.2025;13:08:34.592;FOAT SI 20250306 PS;SIMPLE_INSTRUMENT;EFP_FIN;EUR;20;122.21000000;286;EXCHANGE_LAST;;1;1;XEUR;11286683;749;
24.01.2025;13:21:12.630;FOAT SI 20250306 PS;SIMPLE_INSTRUMENT;EFP_FIN;EUR;21;122.22000000;258;EXCHANGE_LAST;;1;1;XEUR;11286683;749;
24.01.2025;13:23:16.367;FOAT SI 20250306 PS;SIMPLE_INSTRUMENT;EFP_FIN;EUR;22;122.22000000;352;EXCHANGE_LAST;;1;1;XEUR;11286683;749;
24.01.2025;13:27:25.093;FOAT SI 20250306 PS;SIMPLE_INSTRUMENT;EFP_FIN;EUR;23;122.22000000;62;EXCHANGE_LAST;;1;1;XEUR;11286683;749;
24.01.2025;13:36:35.487;FOAT SI 20250306 PS;SIMPLE_INSTRUMENT;BLOCK;EUR;24;122.38000000;889;EXCHANGE_LAST;;1;1;XEUR;11286683;749;
24.01.2025;13:57:47.851;FOAT SI 20250306 PS;SIMPLE_INSTRUMENT;EFP_FIN;EUR;25;122.22000000;441;EXCHANGE_LAST;;1;1;XEUR;11286683;749;
24.01.2025;13:58:48.288;FOAT SI 20250306 PS;SIMPLE_INSTRUMENT;EFP_FIN;EUR;26;122.28000000;834;EXCHANGE_LAST;;1;1;XEUR;11286683;749;
24.01.2025;13:58:48.288;FOAT SI 20250306 PS;SIMPLE_INSTRUMENT;EFP_FIN;EUR;27;122.28000000;417;EXCHANGE_LAST;;1;1;XEUR;11286683;749;
24.01.2025;13:58:48.288;FOAT SI 20250306 PS;SIMPLE_INSTRUMENT;EFP_FIN;EUR;28;122.28000000;834;EXCHANGE_LAST;;1;1;XEUR;11286683;749;
24.01.2025;14:01:25.441;FOAT SI 20250306 PS;SIMPLE_INSTRUMENT;EFP_FIN;EUR;29;122.24000000;417;EXCHANGE_LAST;;1;1;XEUR;11286683;749;
24.01.2025;14:01:51.752;FOAT SI 20250306 PS;SIMPLE_INSTRUMENT;BLOCK;EUR;30;122.25000000;435;EXCHANGE_LAST;;1;1;XEUR;11286683;749;
24.01.2025;14:06:47.887;FOAT SI 20250306 PS;SIMPLE_INSTRUMENT;BLOCK;EUR;31;122.32000000;779;EXCHANGE_LAST;;1;1;XEUR;11286683;749;
24.01.2025;14:28:58.989;FOAT SI 20250306 PS;SIMPLE_INSTRUMENT;EFP_FIN;EUR;32;122.24000000;171;EXCHANGE_LAST;;1;1;XEUR;11286683;749;
24.01.2025;14:31:18.984;FOAT SI 20250306 PS;SIMPLE_INSTRUMENT;EFP_FIN;EUR;33;122.20000000;145;EXCHANGE_LAST;;1;1;XEUR;11286683;749;
24.01.2025;14:51:23.525;FOAT SI 20250306 PS;SIMPLE_INSTRUMENT;EFP_FIN;EUR;34;122.26000000;417;EXCHANGE_LAST;;1;1;XEUR;11286683;749;
24.01.2025;15:03:42.280;FOAT SI 20250306 PS;SIMPLE_INSTRUMENT;EFP_FIN;EUR;35;122.24000000;195;EXCHANGE_LAST;;1;1;XEUR;11286683;749;
24.01.2025;15:23:08.357;FOAT SI 20250306 PS;SIMPLE_INSTRUMENT;EFP_FIN;EUR;36;122.32000000;605;EXCHANGE_LAST;;1;1;XEUR;11286683;749;
24.01.2025;16:05:13.693;FOAT SI 20250306 PS;SIMPLE_INSTRUMENT;EFP_FIN;EUR;37;122.23000000;870;EXCHANGE_LAST;;1;1;XEUR;11286683;749;
24.01.2025;16:18:30.194;FOAT SI 20250306 PS;SIMPLE_INSTRUMENT;EFP_FIN;EUR;38;122.34000000;1668;EXCHANGE_LAST;;1;1;XEUR;11286683;749;
24.01.2025;16:24:56.417;FOAT SI 20250306 PS;SIMPLE_INSTRUMENT;EFP_FIN;EUR;39;122.34000000;1251;EXCHANGE_LAST;;1;1;XEUR;11286683;749;
24.01.2025;16:23:21.176;FOAT SI 20250306 PS;SIMPLE_INSTRUMENT;EFP_FIN;EUR;40;122.32000000;192;EXCHANGE_LAST;;1;1;XEUR;11286683;749;
24.01.2025;16:39:17.634;FSCP SI 20250321 CS;SIMPLE_INSTRUMENT;EFP_IDX;EUR;57;342.00000000;86;EXCHANGE_LAST;;1;1;XEUR;11360241;764;
24.01.2025;16:39:30.689;FSCP SI 20250321 CS;SIMPLE_INSTRUMENT;EFP_IDX;EUR;59;341.90000000;135;EXCHANGE_LAST;;1;1;XEUR;11360241;764;
24.01.2025;17:03:00.865;FSEG SI 20250321 CS;SIMPLE_INSTRUMENT;EFP_IDX;EUR;64;196.60000000;291;EXCHANGE_LAST;;1;1;XEUR;11393888;109977;
24.01.2025;15:16:09.258;FSMD SI 20251219 CS;SIMPLE_INSTRUMENT;BLOCK;CHF;1;385.50000000;40;EXCHANGE_LAST;;1;1;XEUR;5914128;756;
24.01.2025;10:07:03.106;FSMI SI 20250321 CS;SIMPLE_INSTRUMENT;VOLA;CHF;603979790;12280.00000000;96;EXCHANGE_LAST;;1;1;XEUR;7793721;757;
24.01.2025;15:13:29.446;FSMI SI 20250321 CS;SIMPLE_INSTRUMENT;VOLA;CHF;603979823;12262.00000000;98;EXCHANGE_LAST;;1;1;XEUR;7793721;757;
24.01.2025;16:37:57.846;FSMX SI 20250321 CS;SIMPLE_INSTRUMENT;BLOCK;EUR;55;26324.00000000;346;EXCHANGE_LAST;;1;1;XEUR;11405203;396422;
24.01.2025;17:18:50.554;FSTB SI 20250321 CS;SIMPLE_INSTRUMENT;BLOCK;EUR;67;228.85000000;410;EXCHANGE_LAST;;1;1;XEUR;11359807;714;
24.01.2025;17:18:57.378;FSTB SI 20250321 CS;SIMPLE_INSTRUMENT;BLOCK;EUR;68;228.75000000;299;EXCHANGE_LAST;;1;1;XEUR;11359807;714;
24.01.2025;16:43:22.392;FSTG SI 20250321 CS;SIMPLE_INSTRUMENT;BLOCK;EUR;62;945.00000000;689;EXCHANGE_LAST;;1;1;XEUR;11359809;717;
24.01.2025;16:43:33.660;FSTG SI 20250321 CS;SIMPLE_INSTRUMENT;BLOCK;EUR;63;945.10000000;850;EXCHANGE_LAST;;1;1;XEUR;11359809;717;
24.01.2025;15:57:02.937;FSTH SI 20250321 CS;SIMPLE_INSTRUMENT;BLOCK;EUR;2;1129.20000000;297;EXCHANGE_LAST;;1;1;XEUR;11359811;716;
24.01.2025;15:57:23.499;FSTH SI 20250321 CS;SIMPLE_INSTRUMENT;BLOCK;EUR;3;1129.30000000;573;EXCHANGE_LAST;;1;1;XEUR;11359811;716;
24.01.2025;12:04:36.295;FSTI SI 20250321 CS;SIMPLE_INSTRUMENT;BLOCK;EUR;29;426.20000000;525;EXCHANGE_LAST;;1;1;XEUR;11359770;707;
24.01.2025;12:22:11.991;FSTL SI 20250321 CS;SIMPLE_INSTRUMENT;BLOCK;EUR;30;125.00000000;1735;EXCHANGE_LAST;;1;1;XEUR;11359767;706;
24.01.2025;17:06:32.288;FSTL SI 20250321 CS;SIMPLE_INSTRUMENT;EFP_IDX;EUR;65;124.50000000;63;EXCHANGE_LAST;;1;1;XEUR;11359767;706;
24.01.2025;17:06:57.354;FSTL SI 20250321 CS;SIMPLE_INSTRUMENT;EFP_IDX;EUR;66;124.40000000;62;EXCHANGE_LAST;;1;1;XEUR;11359767;706;
24.01.2025;16:53:37.911;FSTO SI 20250321 CS;SIMPLE_INSTRUMENT;BLOCK;EUR;11;626.20000000;450;EXCHANGE_LAST;;1;1;XEUR;11359792;711;
24.01.2025;16:53:34.279;FSTO SI 20250321 CS;SIMPLE_INSTRUMENT;BLOCK;EUR;13;626.10000000;300;EXCHANGE_LAST;;1;1;XEUR;11359792;711;
24.01.2025;16:35:19.828;FSTT SI 20250321 CS;SIMPLE_INSTRUMENT;BLOCK;EUR;6;230.00000000;955;EXCHANGE_LAST;;1;1;XEUR;11359772;708;
24.01.2025;16:35:49.411;FSTT SI 20250321 CS;SIMPLE_INSTRUMENT;BLOCK;EUR;7;230.20000000;1105;EXCHANGE_LAST;;1;1;XEUR;11359772;708;
24.01.2025;16:38:56.309;FSTU SI 20250321 CS;SIMPLE_INSTRUMENT;EFP_IDX;EUR;56;376.00000000;84;EXCHANGE_LAST;;1;1;XEUR;11359815;730;
24.01.2025;16:39:19.107;FSTU SI 20250321 CS;SIMPLE_INSTRUMENT;EFP_IDX;EUR;58;376.10000000;340;EXCHANGE_LAST;;1;1;XEUR;11359815;730;
24.01.2025;16:53:31.433;FSTV SI 20250321 CS;SIMPLE_INSTRUMENT;BLOCK;EUR;14;272.00000000;990;EXCHANGE_LAST;;1;1;XEUR;11359817;731;
24.01.2025;16:53:43.746;FSTV SI 20250321 CS;SIMPLE_INSTRUMENT;BLOCK;EUR;15;272.20000000;1210;EXCHANGE_LAST;;1;1;XEUR;11359817;731;
24.01.2025;10:25:26.897;FSTY SI 20250321 CS;SIMPLE_INSTRUMENT;VOLA;EUR;603979796;863.50000000;17;EXCHANGE_LAST;;1;1;XEUR;11359816;729;
24.01.2025;10:26:41.693;FSTY SI 20250321 CS;SIMPLE_INSTRUMENT;VOLA;EUR;603979797;863.50000000;16;EXCHANGE_LAST;;1;1;XEUR;11359816;729;
24.01.2025;10:40:28.902;FTE.O.250124.STD.000002;STANDARD_OPTION_STRATEGY;BLOCK;EUR;9;0.41000000;5000;EXCHANGE_LAST;;2;1;XEUR;72060703594263380;724;
24.01.2025;10:40:28.902;FTE SI 20250221 PS AM C 10.20 0;SIMPLE_INSTRUMENT;BLOCK;EUR;9;0.23000000;5000;PRC_DECOMP_EXCHANGE;;;;XEUR;12245105;724;EXCHANGE
24.01.2025;10:40:28.902;FTE SI 20250221 PS AM P 10.20 0;SIMPLE_INSTRUMENT;BLOCK;EUR;9;0.18000000;5000;PRC_DECOMP_EXCHANGE;;;;XEUR;12245101;724;EXCHANGE
24.01.2025;13:12:16.330;FTE.O.250124.STD.000003;STANDARD_OPTION_STRATEGY;BLOCK;EUR;18;2.63000000;1500;EXCHANGE_LAST;;1;1;XEUR;72060703594263381;724;
24.01.2025;13:12:16.330;FTE SI 20281215 PS AM P 9.60 0;SIMPLE_INSTRUMENT;BLOCK;EUR;18;1.56000000;1500;PRC_DECOMP_MEMBER;;;;XEUR;10406323;724;MEMBER
24.01.2025;13:12:16.330;FTE SI 20281215 PS AM C 9.60 0;SIMPLE_INSTRUMENT;BLOCK;EUR;18;1.07000000;1500;PRC_DECOMP_MEMBER;;;;XEUR;10406304;724;MEMBER
24.01.2025;10:07:36.277;FTEG SI 20250321 CS;SIMPLE_INSTRUMENT;BLOCK;EUR;5;10.26800000;20000;EXCHANGE_LAST;;1;1;XEUR;10732787;390378;
24.01.2025;13:01:41.900;FTEG SI 20250321 CS;SIMPLE_INSTRUMENT;BLOCK;EUR;29;10.29800000;10000;EXCHANGE_LAST;;1;1;XEUR;10732787;390378;
24.01.2025;15:19:25.626;FUEM SI 20250321 CS;SIMPLE_INSTRUMENT;BLOCK;USD;39;115.62000000;155;EXCHANGE_LAST;;1;1;XEUR;11429254;772680;
24.01.2025;15:23:11.707;FUHY SI 20250321 CS;SIMPLE_INSTRUMENT;BLOCK;USD;40;694.33000000;80;EXCHANGE_LAST;;1;1;XEUR;11850132;909660;
24.01.2025;15:18:45.223;FUIG SI 20250321 CS;SIMPLE_INSTRUMENT;BLOCK;USD;38;3315.90000000;60;EXCHANGE_LAST;;1;1;XEUR;11850128;909659;
24.01.2025;10:16:30.637;FXXP SI 20250321 CS;SIMPLE_INSTRUMENT;BLOCK;EUR;35;532.30000000;1146;EXCHANGE_LAST;;1;1;XEUR;7793972;816;
24.01.2025;10:17:31.208;FXXP SI 20250321 CS;SIMPLE_INSTRUMENT;BLOCK;EUR;36;532.20000000;1000;EXCHANGE_LAST;;1;1;XEUR;7793972;816;
24.01.2025;10:21:57.762;FXXP SI 20250321 CS;SIMPLE_INSTRUMENT;BLOCK;EUR;37;532.00000000;1000;EXCHANGE_LAST;;1;1;XEUR;7793972;816;
24.01.2025;10:27:48.145;FXXP SI 20250321 CS;SIMPLE_INSTRUMENT;BLOCK;EUR;40;532.10000000;1000;EXCHANGE_LAST;;1;1;XEUR;7793972;816;
24.01.2025;10:37:58.383;FXXP SI 20250321 CS;SIMPLE_INSTRUMENT;BLOCK;EUR;42;532.90000000;1000;EXCHANGE_LAST;;1;1;XEUR;7793972;816;
24.01.2025;10:40:14.198;FXXP SI 20250321 CS;SIMPLE_INSTRUMENT;BLOCK;EUR;43;532.70000000;1000;EXCHANGE_LAST;;1;1;XEUR;7793972;816;
24.01.2025;10:41:06.322;FXXP SI 20250321 CS;SIMPLE_INSTRUMENT;BLOCK;EUR;44;532.50000000;1000;EXCHANGE_LAST;;1;1;XEUR;7793972;816;
24.01.2025;10:46:03.397;FXXP SI 20250321 CS;SIMPLE_INSTRUMENT;BLOCK;EUR;45;532.80000000;1000;EXCHANGE_LAST;;1;1;XEUR;7793972;816;
24.01.2025;10:52:25.360;FXXP SI 20250321 CS;SIMPLE_INSTRUMENT;BLOCK;EUR;46;533.30000000;1000;EXCHANGE_LAST;;1;1;XEUR;7793972;816;
24.01.2025;10:55:50.643;FXXP SI 20250321 CS;SIMPLE_INSTRUMENT;BLOCK;EUR;52;533.70000000;460;EXCHANGE_LAST;;1;1;XEUR;7793972;816;
24.01.2025;10:56:30.656;FXXP SI 20250321 CS;SIMPLE_INSTRUMENT;BLOCK;EUR;53;533.60000000;1000;EXCHANGE_LAST;;1;1;XEUR;7793972;816;
24.01.2025;11:02:07.793;FXXP SI 20250321 CS;SIMPLE_INSTRUMENT;BLOCK;EUR;56;533.30000000;1000;EXCHANGE_LAST;;1;1;XEUR;7793972;816;
24.01.2025;11:06:48.457;FXXP SI 20250321 CS;SIMPLE_INSTRUMENT;BLOCK;EUR;57;533.10000000;1000;EXCHANGE_LAST;;1;1;XEUR;7793972;816;
24.01.2025;11:10:39.859;FXXP SI 20250321 CS;SIMPLE_INSTRUMENT;BLOCK;EUR;58;533.10000000;1000;EXCHANGE_LAST;;1;1;XEUR;7793972;816;
24.01.2025;11:16:02.665;FXXP SI 20250321 CS;SIMPLE_INSTRUMENT;BLOCK;EUR;60;533.00000000;1000;EXCHANGE_LAST;;1;1;XEUR;7793972;816;
24.01.2025;11:21:07.944;FXXP SI 20250321 CS;SIMPLE_INSTRUMENT;BLOCK;EUR;62;532.80000000;1000;EXCHANGE_LAST;;1;1;XEUR;7793972;816;
24.01.2025;11:26:15.371;FXXP SI 20250321 CS;SIMPLE_INSTRUMENT;BLOCK;EUR;64;532.60000000;1000;EXCHANGE_LAST;;1;1;XEUR;7793972;816;
24.01.2025;11:30:03.054;FXXP SI 20250321 CS;SIMPLE_INSTRUMENT;BLOCK;EUR;65;532.70000000;1000;EXCHANGE_LAST;;1;1;XEUR;7793972;816;
24.01.2025;11:36:26.165;FXXP SI 20250321 CS;SIMPLE_INSTRUMENT;BLOCK;EUR;66;532.70000000;1000;EXCHANGE_LAST;;1;1;XEUR;7793972;816;
24.01.2025;11:40:49.774;FXXP SI 20250321 CS;SIMPLE_INSTRUMENT;BLOCK;EUR;67;533.00000000;1000;EXCHANGE_LAST;;1;1;XEUR;7793972;816;
24.01.2025;11:54:26.003;FXXP SI 20250321 CS;SIMPLE_INSTRUMENT;BLOCK;EUR;68;532.90000000;1000;EXCHANGE_LAST;;1;1;XEUR;7793972;816;
24.01.2025;11:54:39.830;FXXP SI 20250321 CS;SIMPLE_INSTRUMENT;BLOCK;EUR;69;532.70000000;1000;EXCHANGE_LAST;;1;1;XEUR;7793972;816;
24.01.2025;11:56:14.678;FXXP SI 20250321 CS;SIMPLE_INSTRUMENT;BLOCK;EUR;70;532.70000000;1000;EXCHANGE_LAST;;1;1;XEUR;7793972;816;
24.01.2025;12:00:53.431;FXXP SI 20250321 CS;SIMPLE_INSTRUMENT;BLOCK;EUR;73;532.50000000;1000;EXCHANGE_LAST;;1;1;XEUR;7793972;816;
24.01.2025;12:05:53.177;FXXP SI 20250321 CS;SIMPLE_INSTRUMENT;BLOCK;EUR;74;532.50000000;1000;EXCHANGE_LAST;;1;1;XEUR;7793972;816;
24.01.2025;16:44:51.870;FXXP SI 20250321 CS;SIMPLE_INSTRUMENT;BLOCK;EUR;79;530.30000000;1328;EXCHANGE_LAST;;1;1;XEUR;7793972;816;
24.01.2025;16:45:28.515;FXXP SI 20250321 CS;SIMPLE_INSTRUMENT;BLOCK;EUR;80;530.40000000;1428;EXCHANGE_LAST;;1;1;XEUR;7793972;816;
24.01.2025;16:48:57.412;FXXP SI 20250321 CS;SIMPLE_INSTRUMENT;EFP_IDX;EUR;81;530.80000000;3000;EXCHANGE_LAST;;1;1;XEUR;7793972;816;
24.01.2025;16:52:48.111;FXXP SI 20250321 CS;SIMPLE_INSTRUMENT;EFP_IDX;EUR;82;530.70000000;100;EXCHANGE_LAST;;1;1;XEUR;7793972;816;
24.01.2025;16:52:40.950;FXXP SI 20250321 CS;SIMPLE_INSTRUMENT;EFP_IDX;EUR;83;530.80000000;400;EXCHANGE_LAST;;1;1;XEUR;7793972;816;
24.01.2025;16:53:20.612;FXXP SI 20250321 CS;SIMPLE_INSTRUMENT;EFP_IDX;EUR;84;530.80000000;400;EXCHANGE_LAST;;1;1;XEUR;7793972;816;
24.01.2025;16:52:56.458;FXXP SI 20250321 CS;SIMPLE_INSTRUMENT;EFP_IDX;EUR;85;530.70000000;100;EXCHANGE_LAST;;1;1;XEUR;7793972;816;
24.01.2025;16:47:33.061;FXXP SI 20250321 CS;SIMPLE_INSTRUMENT;EFP_IDX;EUR;86;530.70000000;100;EXCHANGE_LAST;;1;1;XEUR;7793972;816;
24.01.2025;16:47:40.517;FXXP SI 20250321 CS;SIMPLE_INSTRUMENT;EFP_IDX;EUR;87;530.80000000;400;EXCHANGE_LAST;;1;1;XEUR;7793972;816;
24.01.2025;16:49:02.935;FXXP SI 20250321 CS;SIMPLE_INSTRUMENT;EFP_IDX;EUR;88;530.00000000;46;EXCHANGE_LAST;;1;1;XEUR;7793972;816;
24.01.2025;16:49:30.900;FXXP SI 20250321 CS;SIMPLE_INSTRUMENT;EFP_IDX;EUR;89;531.00000000;165;EXCHANGE_LAST;;1;1;XEUR;7793972;816;
24.01.2025;17:00:40.760;FXXP SI 20250321 CS;SIMPLE_INSTRUMENT;EFP_IDX;EUR;92;530.80000000;1957;EXCHANGE_LAST;;1;1;XEUR;7793972;816;
24.01.2025;17:01:08.495;FXXP SI 20250321 CS;SIMPLE_INSTRUMENT;EFP_IDX;EUR;93;530.90000000;103;EXCHANGE_LAST;;1;1;XEUR;7793972;816;
24.01.2025;16:10:56.904;FXXP SI 20250321 CS;SIMPLE_INSTRUMENT;VOLA;EUR;603979832;530.20000000;90;EXCHANGE_LAST;;1;1;XEUR;7793972;816;
24.01.2025;16:11:47.141;FXXP SI 20250321 CS;SIMPLE_INSTRUMENT;VOLA;EUR;603979833;530.10000000;70;EXCHANGE_LAST;;1;1;XEUR;7793972;816;
24.01.2025;15:02:42.880;G3ZF SI 20251219 CS;SIMPLE_INSTRUMENT;BLOCK;EUR;50;1.48500000;600;EXCHANGE_LAST;;1;1;XEUR;5914677;144760;
24.01.2025;15:02:58.828;G3ZF SI 20261218 CS;SIMPLE_INSTRUMENT;BLOCK;EUR;51;1.19500000;1250;EXCHANGE_LAST;;1;2;XEUR;6825108;144760;
24.01.2025;16:09:22.196;G3ZF SI 20261218 CS;SIMPLE_INSTRUMENT;BLOCK;EUR;71;1.19500000;400;EXCHANGE_LAST;;1;1;XEUR;6825108;144760;
24.01.2025;10:40:45.738;GAD SI 20250417 PS AM C 120.00 0;SIMPLE_INSTRUMENT;BLOCK;CHF;16;2.29000000;285;EXCHANGE_LAST;;1;1;XEUR;12666492;834185;
24.01.2025;09:30:06.117;GIVN SI 20250620 PS AM P 4000.0 0;SIMPLE_INSTRUMENT;BLOCK;CHF;4;308.00000000;200;EXCHANGE_LAST;;1;1;XEUR;9550782;892;
24.01.2025;10:20:17.611;GIVN SI 20260619 PS AM P 2800.0 0;SIMPLE_INSTRUMENT;BLOCK;CHF;15;65.20000000;200;EXCHANGE_LAST;;1;1;XEUR;11362233;892;
24.01.2025;10:32:44.976;HELN SI 20250221 PS AM P 158.00 0;SIMPLE_INSTRUMENT;BLOCK;CHF;12;1.45000000;2000;EXCHANGE_LAST;;1;1;XEUR;12622575;838;
24.01.2025;16:11:01.929;IFX SI 20250221 PS AM C 38.00 0;SIMPLE_INSTRUMENT;BLOCK;EUR;17;0.40000000;2502;EXCHANGE_LAST;;1;1;XEUR;12340602;902;
24.01.2025;10:43:02.165;INN SI 20251219 PS AM P 12.86 1;SIMPLE_INSTRUMENT;BLOCK;EUR;12;0.48000000;32000;EXCHANGE_LAST;;1;1;XEUR;10793907;1014;
24.01.2025;10:44:32.445;INN SI 20260619 PS AM P 14.00 0;SIMPLE_INSTRUMENT;BLOCK;EUR;13;1.20000000;11000;EXCHANGE_LAST;;1;1;XEUR;12579365;1014;
24.01.2025;10:44:45.115;INN SI 20260619 PS AM P 14.00 0;SIMPLE_INSTRUMENT;BLOCK;EUR;14;1.21000000;11000;EXCHANGE_LAST;;1;1;XEUR;12579365;1014;
24.01.2025;16:40:13.145;INNI SI 20250321 CS;SIMPLE_INSTRUMENT;BLOCK;EUR;84;16.08500000;6000;EXCHANGE_LAST;;1;1;XEUR;10737150;669779;
24.01.2025;13:21:42.295;KEKG SI 20250221 CS;SIMPLE_INSTRUMENT;BLOCK;EUR;33;18.04080000;2400;EXCHANGE_LAST;;1;1;XEUR;10572468;1096;
24.01.2025;10:29:17.326;LONN SI 20251219 PS AM P 440.00 0;SIMPLE_INSTRUMENT;BLOCK;CHF;13;16.11000000;1000;EXCHANGE_LAST;;1;1;XEUR;10641241;1141;
24.01.2025;10:29:12.894;LONN SI 20250620 PS AM P 600.00 0;SIMPLE_INSTRUMENT;BLOCK;CHF;14;53.73000000;1000;EXCHANGE_LAST;;1;1;XEUR;11366144;1141;
24.01.2025;11:23:45.135;LONN SI 20250321 PS AM C 650.00 0;SIMPLE_INSTRUMENT;BLOCK;CHF;21;7.15000000;460;EXCHANGE_LAST;;1;1;XEUR;12578640;1141;
24.01.2025;15:58:23.224;LOR.O.250124.BRT.000009;STANDARD_OPTION_STRATEGY;BLOCK;EUR;32;1.96000000;150;EXCHANGE_LAST;;1;1;XEUR;72062490300664878;1140;
24.01.2025;15:58:23.224;LOR SI 20250417 PS AM P 340.00 0;SIMPLE_INSTRUMENT;BLOCK;EUR;32;8.60000000;150;PRC_DECOMP_EXCHANGE;;;;XEUR;12626340;1140;EXCHANGE
24.01.2025;15:58:23.224;LOR SI 20250321 PS AM P 340.00 0;SIMPLE_INSTRUMENT;BLOCK;EUR;32;6.64000000;150;PRC_DECOMP_EXCHANGE;;;;XEUR;10846063;1140;EXCHANGE
24.01.2025;15:45:27.592;LRC SI 20250417 PS AM P 94.00 0;SIMPLE_INSTRUMENT;BLOCK;EUR;28;1.23000000;666;EXCHANGE_LAST;;1;1;XEUR;12625003;1038;
24.01.2025;15:45:37.592;LRC SI 20250417 PS AM P 94.00 0;SIMPLE_INSTRUMENT;BLOCK;EUR;29;1.24000000;883;EXCHANGE_LAST;;1;1;XEUR;12625003;1038;
24.01.2025;08:49:54.285;MOH.O.250124.STD.000010;STANDARD_OPTION_STRATEGY;BLOCK;EUR;1;155.00000000;100;EXCHANGE_LAST;;1;1;XEUR;72062206832832272;1074;
24.01.2025;08:49:54.285;MOH SI 20251219 PS AM P 760.00 0;SIMPLE_INSTRUMENT;BLOCK;EUR;1;82.62000000;100;PRC_DECOMP_EXCHANGE;;;;XEUR;12036227;1074;EXCHANGE
24.01.2025;08:49:54.285;MOH SI 20251219 PS AM C 760.00 0;SIMPLE_INSTRUMENT;BLOCK;EUR;1;72.38000000;100;PRC_DECOMP_EXCHANGE;;;;XEUR;12036224;1074;EXCHANGE
24.01.2025;11:32:37.137;MOH.O.250124.BUL.000022;STANDARD_OPTION_STRATEGY;BLOCK;EUR;13;34.11000000;150;EXCHANGE_LAST;;1;1;XEUR;72062206832832284;1074;
24.01.2025;11:32:37.137;MOH SI 20250620 PS AM C 720.00 0;SIMPLE_INSTRUMENT;BLOCK;EUR;13;65.06000000;150;PRC_DECOMP_MEMBER;;;;XEUR;7907350;1074;MEMBER
24.01.2025;11:32:37.137;MOH SI 20250620 PS AM C 800.00 0;SIMPLE_INSTRUMENT;BLOCK;EUR;13;30.95000000;150;PRC_DECOMP_MEMBER;;;;XEUR;7907358;1074;MEMBER
24.01.2025;11:55:53.226;MON SI 20260618 PS AM P 60.00 0;SIMPLE_INSTRUMENT;BLOCK;EUR;16;7.00000000;250;EXCHANGE_LAST;;1;1;XEUR;11339777;31803;
24.01.2025;12:32:14.767;MON SI 20261217 PS AM P 48.00 0;SIMPLE_INSTRUMENT;BLOCK;EUR;17;3.68000000;250;EXCHANGE_LAST;;1;1;XEUR;12423500;31803;
24.01.2025;16:38:55.585;MRK SI 20250417 PS AM C 164.00 0;SIMPLE_INSTRUMENT;BLOCK;EUR;3;1.55000000;336;EXCHANGE_LAST;;1;1;XEUR;12680948;1223;
24.01.2025;16:38:55.587;MRK SI 20250417 PS AM C 164.00 0;SIMPLE_INSTRUMENT;BLOCK;EUR;4;1.53000000;547;EXCHANGE_LAST;;1;1;XEUR;12680948;1223;
24.01.2025;13:37:54.512;N4OV SI 20250620 CS;SIMPLE_INSTRUMENT;BLOCK;CHF;37;3.42000000;408;EXCHANGE_LAST;;1;2;XEUR;10891333;724743;
24.01.2025;14:02:36.449;N4OV SI 20250321 CS;SIMPLE_INSTRUMENT;BLOCK;CHF;41;3.30000000;169;EXCHANGE_LAST;;1;2;XEUR;10462863;724743;
24.01.2025;09:52:52.530;NAG.O.250124.COMBO.000004;STANDARD_OPTION_STRATEGY;BLOCK;EUR;3;-0.15000000;1400;EXCHANGE_LAST;;1;1;XEUR;74127416087287129;481918;
24.01.2025;09:52:52.530;NAG SI 20250321 PS AM C 90.00 0;SIMPLE_INSTRUMENT;BLOCK;EUR;3;1.35000000;1400;PRC_DECOMP_MEMBER;;;;XEUR;12490654;481918;MEMBER
24.01.2025;09:52:52.530;NAG SI 20250321 PS AM P 60.00 0;SIMPLE_INSTRUMENT;BLOCK;EUR;3;1.20000000;1400;PRC_DECOMP_MEMBER;;;;XEUR;10885239;481918;MEMBER
24.01.2025;11:42:44.535;NESN.O.250124.BRT.000012;STANDARD_OPTION_STRATEGY;BLOCK;CHF;22;1.95000000;750;EXCHANGE_LAST;;1;1;XEUR;72063018581704438;1263;
24.01.2025;11:42:44.535;NESN SI 20250919 PS AM P 70.00 0;SIMPLE_INSTRUMENT;BLOCK;CHF;22;2.49000000;750;PRC_DECOMP_EXCHANGE;;;;XEUR;12331507;1263;EXCHANGE
24.01.2025;11:42:44.535;NESN SI 20250321 PS AM P 70.00 0;SIMPLE_INSTRUMENT;BLOCK;CHF;22;0.54000000;750;PRC_DECOMP_EXCHANGE;;;;XEUR;12331435;1263;EXCHANGE
24.01.2025;11:34:09.103;NESN SI 20250321 PS AM C 80.00 0;SIMPLE_INSTRUMENT;BLOCK;CHF;23;0.42000000;1500;EXCHANGE_LAST;;1;1;XEUR;10849735;1263;
24.01.2025;15:59:17.266;NESN SI 20250620 PS AM P 68.00 0;SIMPLE_INSTRUMENT;BLOCK;CHF;39;1.18000000;1000;EXCHANGE_LAST;;1;1;XEUR;8134428;1263;
24.01.2025;15:59:23.982;NESN SI 20250417 PS AM P 72.00 0;SIMPLE_INSTRUMENT;BLOCK;CHF;40;1.13000000;1000;EXCHANGE_LAST;;1;1;XEUR;12629508;1263;
24.01.2025;16:28:48.320;NESN SI 20251219 PS AM P 75.00 0;SIMPLE_INSTRUMENT;BLOCK;CHF;43;5.33000000;2750;EXCHANGE_LAST;;1;2;XEUR;12331744;1263;
24.01.2025;16:32:13.491;NESN SI 20251219 PS AM P 68.00 0;SIMPLE_INSTRUMENT;BLOCK;CHF;44;2.20000000;1000;EXCHANGE_LAST;;1;1;XEUR;6166164;1263;
24.01.2025;16:39:18.924;NESN SI 20251219 PS AM P 75.00 0;SIMPLE_INSTRUMENT;BLOCK;CHF;45;5.33000000;750;EXCHANGE_LAST;;1;1;XEUR;12331744;1263;
24.01.2025;09:57:08.594;NOA3.O.250124.STG.000002;STANDARD_OPTION_STRATEGY;BLOCK;EUR;5;0.66000000;5500;EXCHANGE_LAST;;1;1;XEUR;72063070121249801;1275;
24.01.2025;09:57:08.594;NOA3 SI 20250919 PS AM C 4.40 0;SIMPLE_INSTRUMENT;BLOCK;EUR;5;0.42000000;5500;PRC_DECOMP_EXCHANGE;;;;XEUR;11891622;1275;EXCHANGE
24.01.2025;09:57:08.594;NOA3 SI 20250919 PS AM P 4.00 0;SIMPLE_INSTRUMENT;BLOCK;EUR;5;0.24000000;5500;PRC_DECOMP_EXCHANGE;;;;XEUR;11891624;1275;EXCHANGE
24.01.2025;09:56:42.915;NOA3.O.250124.STG.000002;STANDARD_OPTION_STRATEGY;BLOCK;EUR;6;0.67000000;5500;EXCHANGE_LAST;;1;1;XEUR;72063070121249801;1275;
24.01.2025;09:56:42.915;NOA3 SI 20250919 PS AM C 4.40 0;SIMPLE_INSTRUMENT;BLOCK;EUR;6;0.42000000;5500;PRC_DECOMP_EXCHANGE;;;;XEUR;11891622;1275;EXCHANGE
24.01.2025;09:56:42.915;NOA3 SI 20250919 PS AM P 4.00 0;SIMPLE_INSTRUMENT;BLOCK;EUR;6;0.25000000;5500;PRC_DECOMP_EXCHANGE;;;;XEUR;11891624;1275;EXCHANGE
24.01.2025;11:32:27.880;NOA3.O.250124.STD.000003;STANDARD_OPTION_STRATEGY;BLOCK;EUR;15;0.47000000;7500;EXCHANGE_LAST;;1;1;XEUR;72063070121249802;1275;
24.01.2025;11:32:27.880;NOA3 SI 20250321 PS AM P 4.40 0;SIMPLE_INSTRUMENT;BLOCK;EUR;15;0.22000000;7500;PRC_DECOMP_EXCHANGE;;;;XEUR;10850282;1275;EXCHANGE
24.01.2025;11:32:27.880;NOA3 SI 20250321 PS AM C 4.40 0;SIMPLE_INSTRUMENT;BLOCK;EUR;15;0.25000000;7500;PRC_DECOMP_EXCHANGE;;;;XEUR;10850276;1275;EXCHANGE
24.01.2025;13:37:29.125;NOVH SI 20250620 CS;SIMPLE_INSTRUMENT;BLOCK;CHF;36;88.19000000;6000;EXCHANGE_LAST;;1;2;XEUR;11213038;724742;
24.01.2025;14:02:14.010;NOVH SI 20250321 CS;SIMPLE_INSTRUMENT;BLOCK;CHF;40;88.14500000;2500;EXCHANGE_LAST;;1;2;XEUR;10739776;724742;
24.01.2025;10:17:41.613;NOVN SI 20250417 PS AM P 85.00 0;SIMPLE_INSTRUMENT;BLOCK;CHF;11;1.79000000;1500;EXCHANGE_LAST;;1;1;XEUR;12660861;724745;
24.01.2025;11:16:12.800;NOVN.O.250124.STG.000004;STANDARD_OPTION_STRATEGY;BLOCK;CHF;20;7.80000000;1000;EXCHANGE_LAST;;1;1;XEUR;75170350110878488;724745;
24.01.2025;11:16:12.800;NOVN SI 20251219 PS AM C 92.00 0;SIMPLE_INSTRUMENT;BLOCK;CHF;20;3.95000000;1000;PRC_DECOMP_EXCHANGE;;;;XEUR;10037507;724745;EXCHANGE
24.01.2025;11:16:12.800;NOVN SI 20251219 PS AM P 84.00 0;SIMPLE_INSTRUMENT;BLOCK;CHF;20;3.85000000;1000;PRC_DECOMP_EXCHANGE;;;;XEUR;10037515;724745;EXCHANGE
24.01.2025;09:13:42.327;OBTP SI 20250124 PS AM P 120.00 0;SIMPLE_INSTRUMENT;BLOCK;EUR;38;0.99000000;229;EXCHANGE_LAST;;1;1;XEUR;12143745;58812;
24.01.2025;09:13:54.437;OBTP SI 20250124 PS AM P 119.50 0;SIMPLE_INSTRUMENT;BLOCK;EUR;39;0.52000000;229;EXCHANGE_LAST;;1;1;XEUR;12143747;58812;
24.01.2025;13:17:22.644;OBTP.O.250124.BER.000005;STANDARD_OPTION_STRATEGY;BLOCK;EUR;77;0.31000000;250;EXCHANGE_LAST;;1;1;XEUR;72310189654565833;58812;
24.01.2025;13:17:22.644;OBTP SI 20250124 PS AM P 119.00 0;SIMPLE_INSTRUMENT;BLOCK;EUR;77;0.32000000;250;PRC_DECOMP_EXCHANGE;;;;XEUR;12143789;58812;EXCHANGE
24.01.2025;13:17:22.644;OBTP SI 20250124 PS AM P 118.00 0;SIMPLE_INSTRUMENT;BLOCK;EUR;77;0.01000000;250;PRC_DECOMP_EXCHANGE;;;;XEUR;12143785;58812;EXCHANGE
24.01.2025;13:42:25.394;OBTP.V.250124.PUT+U.000006;OPTION_VOLATILITY_STRATEGY;BLOCK;EUR;268435549;0.28000000;1;EXCHANGE_LAST;;1;1;XEUR;72310189654565834;58812;
24.01.2025;13:42:25.394;OBTP SI 20250221 PS AM P 117.00 0;SIMPLE_INSTRUMENT;BLOCK;EUR;268435549;0.28000000;100;PRC_DECOMP_EXCHANGE;;;;XEUR;11773063;58812;EXCHANGE
24.01.2025;13:42:25.394;FBTP SI 20250306 PS;SIMPLE_INSTRUMENT;BLOCK;EUR;268435549;118.72000000;21;PRC_DECOMP_EXCHANGE;;;;XEUR;11286675;58812;EXCHANGE
24.01.2025;13:43:34.443;OBTP.V.250124.PUT+U.000007;OPTION_VOLATILITY_STRATEGY;BLOCK;EUR;268435550;0.14000000;2;EXCHANGE_LAST;;1;1;XEUR;72310189654565835;58812;
24.01.2025;13:43:34.443;FBTP SI 20250306 PS;SIMPLE_INSTRUMENT;BLOCK;EUR;268435550;118.72000000;22;PRC_DECOMP_EXCHANGE;;;;XEUR;11286675;58812;EXCHANGE
24.01.2025;13:43:34.443;OBTP SI 20250221 PS AM P 116.00 0;SIMPLE_INSTRUMENT;BLOCK;EUR;268435550;0.14000000;200;PRC_DECOMP_EXCHANGE;;;;XEUR;11773067;58812;EXCHANGE
24.01.2025;09:08:01.409;ODAX.O.250124.BUL.000180;STANDARD_OPTION_STRATEGY;BLOCK;EUR;1;621.80000000;1600;EXCHANGE_LAST;;1;1;XEUR;72062644920403740;1176;
24.01.2025;09:08:01.409;ODAX SI 20250321 CS EU C 21900 0;SIMPLE_INSTRUMENT;BLOCK;EUR;1;280.00000000;1600;PRC_DECOMP_EXCHANGE;;;;XEUR;12608507;1176;EXCHANGE
24.01.2025;09:08:01.409;ODAX SI 20250321 CS EU C 20900 0;SIMPLE_INSTRUMENT;BLOCK;EUR;1;901.80000000;1600;PRC_DECOMP_EXCHANGE;;;;XEUR;12080671;1176;EXCHANGE
24.01.2025;09:29:47.496;ODAX SI 20250620 CS EU P 19500 0;SIMPLE_INSTRUMENT;BLOCK;EUR;3;210.30000000;500;EXCHANGE_LAST;;1;1;XEUR;9849743;1176;
24.01.2025;09:30:04.497;ODAX SI 20250620 CS EU P 21500 0;SIMPLE_INSTRUMENT;BLOCK;EUR;4;608.30000000;500;EXCHANGE_LAST;;1;1;XEUR;12579468;1176;
24.01.2025;11:10:15.685;ODAX.O.250124.BER.000284;STANDARD_OPTION_STRATEGY;BLOCK;EUR;11;259.20000000;442;EXCHANGE_LAST;;1;1;XEUR;72062644920403844;1176;
24.01.2025;11:10:15.685;ODAX SI 20250620 CS EU P 20800 0;SIMPLE_INSTRUMENT;BLOCK;EUR;11;412.50000000;442;PRC_DECOMP_MEMBER;;;;XEUR;10808510;1176;MEMBER
24.01.2025;11:10:15.685;ODAX SI 20250620 CS EU P 18800 0;SIMPLE_INSTRUMENT;BLOCK;EUR;11;153.30000000;442;PRC_DECOMP_MEMBER;;;;XEUR;9645203;1176;MEMBER
24.01.2025;11:14:30.168;ODAX SI 20250321 CS EU C 19700 0;SIMPLE_INSTRUMENT;BLOCK;EUR;12;1977.90000000;1500;EXCHANGE_LAST;;1;1;XEUR;11147173;1176;
24.01.2025;09:45:08.051;ODAX.V.250124.CNV-U.000195;OPTION_VOLATILITY_STRATEGY;BLOCK;EUR;671088646;-113.50000000;4;EXCHANGE_LAST;;1;1;XEUR;72062644920403755;1176;
24.01.2025;09:45:08.051;FDAX SI 20250321 CS;SIMPLE_INSTRUMENT;BLOCK;EUR;671088646;21600.00000000;140;PRC_DECOMP_EXCHANGE;;;;XEUR;7561255;1176;EXCHANGE
24.01.2025;09:45:08.051;ODAX SI 20250124 CS EU P 21600 0;SIMPLE_INSTRUMENT;BLOCK;EUR;671088646;113.60000000;700;PRC_DECOMP_EXCHANGE;;;;XEUR;12397058;1176;EXCHANGE
24.01.2025;09:45:08.051;ODAX SI 20250124 CS EU C 21600 0;SIMPLE_INSTRUMENT;BLOCK;EUR;671088646;0.10000000;700;PRC_DECOMP_EXCHANGE;;;;XEUR;12397060;1176;EXCHANGE
24.01.2025;09:41:30.305;ODAX.V.250124.CNV-U.000217;OPTION_VOLATILITY_STRATEGY;BLOCK;EUR;671088647;-113.50000000;10;EXCHANGE_LAST;;1;1;XEUR;72062644920403777;1176;
24.01.2025;09:41:30.305;FDAX SI 20250321 CS;SIMPLE_INSTRUMENT;BLOCK;EUR;671088647;21600.00000000;250;PRC_DECOMP_EXCHANGE;;;;XEUR;7561255;1176;EXCHANGE
24.01.2025;09:41:30.305;ODAX SI 20250124 CS EU P 21600 0;SIMPLE_INSTRUMENT;BLOCK;EUR;671088647;113.60000000;1250;PRC_DECOMP_EXCHANGE;;;;XEUR;12397058;1176;EXCHANGE
24.01.2025;09:41:30.305;ODAX SI 20250124 CS EU C 21600 0;SIMPLE_INSTRUMENT;BLOCK;EUR;671088647;0.10000000;1250;PRC_DECOMP_EXCHANGE;;;;XEUR;12397060;1176;EXCHANGE
24.01.2025;10:05:14.115;ODAX.V.250124.CNV-U.000195;OPTION_VOLATILITY_STRATEGY;BLOCK;EUR;671088649;-113.50000000;8;EXCHANGE_LAST;;2;1;XEUR;72062644920403755;1176;
24.01.2025;10:05:14.115;FDAX SI 20250321 CS;SIMPLE_INSTRUMENT;BLOCK;EUR;671088649;21600.00000000;280;PRC_DECOMP_MEMBER;;;;XEUR;7561255;1176;MEMBER
24.01.2025;10:05:14.115;ODAX SI 20250124 CS EU C 21600 0;SIMPLE_INSTRUMENT;BLOCK;EUR;671088649;0.10000000;1400;PRC_DECOMP_MEMBER;;;;XEUR;12397060;1176;MEMBER
