#Date;TrdTime;Contract;ContractType;TrdTyp;Currency;TesId;Prc;Qty;TrdInd;Aggressor;Buy;Sell;Exch;InstrumentId;RelatedProdId;PrcDecomp
10.03.2025;16:25:26.892;AAPH SI 20250417 CS;SIMPLE_INSTRUMENT;BLOCK;USD;70;226.48290000;40;EXCHANGE_LAST;;1;1;XEUR;10878754;324383;
10.03.2025;09:38:15.945;ABBE SI 20250417 PS EU C 46.50 0;SIMPLE_INSTRUMENT;BLOCK;CHF;15;2.72000000;3250;EXCHANGE_LAST;;2;1;XEUR;12656579;574516;
10.03.2025;09:07:14.716;ABBN.O.250310.STG.000001;STANDARD_OPTION_STRATEGY;BLOCK;CHF;6;7.58000000;1000;EXCHANGE_LAST;;1;1;XEUR;74525125763937784;574517;
10.03.2025;09:07:14.716;ABBN SI 20251219 PS AM C 50.00 0;SIMPLE_INSTRUMENT;BLOCK;CHF;6;3.27000000;1000;PRC_DECOMP_MEMBER;;;;XEUR;11848989;574517;MEMBER
10.03.2025;09:07:14.716;ABBN SI 20251219 PS AM P 48.00 0;SIMPLE_INSTRUMENT;BLOCK;CHF;6;4.31000000;1000;PRC_DECOMP_MEMBER;;;;XEUR;8902745;574517;MEMBER
10.03.2025;16:37:24.124;ABBN SI 20260619 PS AM P 44.00 0;SIMPLE_INSTRUMENT;BLOCK;CHF;75;3.78000000;1250;EXCHANGE_LAST;;1;1;XEUR;9600931;574517;
10.03.2025;09:49:59.276;ADEN FI 20250402 CS EU C 28.5000 0;FLEXIBLE_INSTRUMENT;BLOCK;CHF;17;0.52000000;460;EXCHANGE_LAST;;1;1;XEUR;1152921693585424013;44;
10.03.2025;11:27:09.409;ADEN SI 20250417 PS AM C 29.00 0;SIMPLE_INSTRUMENT;BLOCK;CHF;41;0.56000000;1500;EXCHANGE_LAST;;1;1;XEUR;12883658;44;
10.03.2025;11:35:33.795;ADS.O.250310.PDIA.000005;STANDARD_OPTION_STRATEGY;BLOCK;EUR;13;9.80000000;650;EXCHANGE_LAST;;2;2;XEUR;72057808786332599;50;
10.03.2025;11:35:33.795;ADS SI 20250620 PS AM P 220.00 0;SIMPLE_INSTRUMENT;BLOCK;EUR;13;9.81000000;650;PRC_DECOMP_EXCHANGE;;;;XEUR;11297076;50;EXCHANGE
10.03.2025;11:35:33.795;ADS SI 20250321 PS AM P 200.00 0;SIMPLE_INSTRUMENT;BLOCK;EUR;13;0.01000000;650;PRC_DECOMP_EXCHANGE;;;;XEUR;10828480;50;EXCHANGE
10.03.2025;12:02:50.395;ADS.O.250310.BRT.000006;STANDARD_OPTION_STRATEGY;BLOCK;EUR;14;5.90000000;400;EXCHANGE_LAST;;1;1;XEUR;72057808786332600;50;
10.03.2025;12:02:50.395;ADS SI 20250516 PS AM P 220.00 0;SIMPLE_INSTRUMENT;BLOCK;EUR;14;7.46000000;400;PRC_DECOMP_EXCHANGE;;;;XEUR;12812020;50;EXCHANGE
10.03.2025;12:02:50.395;ADS SI 20250321 PS AM P 220.00 0;SIMPLE_INSTRUMENT;BLOCK;EUR;14;1.56000000;400;PRC_DECOMP_EXCHANGE;;;;XEUR;10828519;50;EXCHANGE
10.03.2025;13:57:44.485;ADS SI 20250321 PS AM P 220.00 0;SIMPLE_INSTRUMENT;BLOCK;EUR;24;1.87000000;400;EXCHANGE_LAST;;1;1;XEUR;10828519;50;
10.03.2025;14:41:10.023;ADS SI 20250919 PS AM P 220.00 0;SIMPLE_INSTRUMENT;BLOCK;EUR;26;15.40000000;400;EXCHANGE_LAST;;1;1;XEUR;11870859;50;
10.03.2025;12:33:07.497;AIR SI 20250321 PS AM C 180.00 0;SIMPLE_INSTRUMENT;BLOCK;EUR;23;4.40000000;300;EXCHANGE_LAST;;1;1;XEUR;11291022;64;
10.03.2025;11:14:22.763;ALV SI 20261218 PS AM P 340.00 0;SIMPLE_INSTRUMENT;BLOCK;EUR;1;36.75000000;300;EXCHANGE_LAST;;1;1;XEUR;12604549;74;
10.03.2025;11:53:57.964;ALV SI 20251219 PS AM P 280.00 0;SIMPLE_INSTRUMENT;BLOCK;EUR;2;6.50000000;500;EXCHANGE_LAST;;1;1;XEUR;5920784;74;
10.03.2025;15:04:13.307;ALV SI 20250620 PS AM C 340.00 0;SIMPLE_INSTRUMENT;BLOCK;EUR;4;14.65000000;300;EXCHANGE_LAST;;1;1;XEUR;11349413;74;
10.03.2025;09:15:29.144;AMSE SI 20250321 PS EU C 8.00 0;SIMPLE_INSTRUMENT;BLOCK;CHF;8;1.26000000;1000;EXCHANGE_LAST;;1;1;XEUR;12002427;791679;
10.03.2025;09:15:36.775;AMSE SI 20250321 PS EU C 8.00 1;SIMPLE_INSTRUMENT;BLOCK;CHF;9;1.26000000;1000;EXCHANGE_LAST;;1;1;XEUR;10909663;791679;
10.03.2025;10:01:16.351;ANN SI 20251219 PS AM P 24.00 0;SIMPLE_INSTRUMENT;BLOCK;EUR;3;2.42000000;4000;EXCHANGE_LAST;;2;1;XEUR;7733120;45202;
10.03.2025;11:10:46.664;ANN.O.250310.BUL.000013;STANDARD_OPTION_STRATEGY;BLOCK;EUR;5;0.83000000;1750;EXCHANGE_LAST;;1;2;XEUR;72251735149669762;45202;
10.03.2025;11:10:46.664;ANN SI 20250516 PS AM C 28.00 0;SIMPLE_INSTRUMENT;BLOCK;EUR;5;1.14000000;1750;PRC_DECOMP_EXCHANGE;;;;XEUR;12838441;45202;EXCHANGE
10.03.2025;11:10:46.664;ANN SI 20250516 PS AM C 32.00 0;SIMPLE_INSTRUMENT;BLOCK;EUR;5;0.31000000;1750;PRC_DECOMP_EXCHANGE;;;;XEUR;12838425;45202;EXCHANGE
10.03.2025;13:57:47.588;ANN SI 20261218 PS AM P 24.00 0;SIMPLE_INSTRUMENT;BLOCK;EUR;19;3.58000000;750;EXCHANGE_LAST;;1;1;XEUR;7733122;45202;
10.03.2025;11:41:20.286;AOM.O.250310.PDIA.000003;STANDARD_OPTION_STRATEGY;BLOCK;EUR;19;1.16000000;2000;EXCHANGE_LAST;;1;1;XEUR;72057971995059474;88;
10.03.2025;11:41:20.286;AOM SI 20250919 PS AM P 20.00 0;SIMPLE_INSTRUMENT;BLOCK;EUR;19;1.52000000;2000;PRC_DECOMP_EXCHANGE;;;;XEUR;11871804;88;EXCHANGE
10.03.2025;11:41:20.286;AOM SI 20250620 PS AM P 16.00 0;SIMPLE_INSTRUMENT;BLOCK;EUR;19;0.36000000;2000;PRC_DECOMP_EXCHANGE;;;;XEUR;11249167;88;EXCHANGE
10.03.2025;16:29:09.827;ARGF.S.MAR25.JUN25.SPD;FUTURES_SPREAD;BLOCK;EUR;71;-2.99000000;240;EXCHANGE_LAST;;1;1;XEUR;73584407667015734;355489;
10.03.2025;16:29:09.827;ARGF SI 20250321 CS;SIMPLE_INSTRUMENT;BLOCK;EUR;71;555.35170000;240;PRC_DECOMP_EXCHANGE;;;;XEUR;10732052;355489;EXCHANGE
10.03.2025;16:29:09.827;ARGF SI 20250620 CS;SIMPLE_INSTRUMENT;BLOCK;EUR;71;558.34170000;240;PRC_DECOMP_EXCHANGE;;;;XEUR;11205271;355489;EXCHANGE
10.03.2025;08:53:17.639;ASM.N.250310.000001;NON_STANDARD_OPTION_STRATEGY;BLOCK;EUR;8;-4.70000000;300;EXCHANGE_LAST;;1;1;XEUR;72058053599446518;107;
10.03.2025;08:53:17.639;ASM SI 20250321 PS AM C 720.00 0;SIMPLE_INSTRUMENT;BLOCK;EUR;8;4.01000000;300;PRC_DECOMP_EXCHANGE;;;;XEUR;10830131;107;EXCHANGE
10.03.2025;08:53:17.639;ASM SI 20250321 PS AM P 660.00 0;SIMPLE_INSTRUMENT;BLOCK;EUR;8;24.18000000;300;PRC_DECOMP_EXCHANGE;;;;XEUR;12432580;107;EXCHANGE
10.03.2025;08:53:17.639;ASM SI 20250417 PS AM P 620.00 0;SIMPLE_INSTRUMENT;BLOCK;EUR;8;23.49000000;300;PRC_DECOMP_EXCHANGE;;;;XEUR;12614550;107;EXCHANGE
10.03.2025;10:35:11.155;ASM SI 20250620 PS AM P 680.00 0;SIMPLE_INSTRUMENT;BLOCK;EUR;11;67.75000000;200;EXCHANGE_LAST;;1;1;XEUR;11349933;107;
10.03.2025;15:03:00.663;ASM SI 20250417 PS AM P 630.00 0;SIMPLE_INSTRUMENT;BLOCK;EUR;19;34.15000000;150;EXCHANGE_LAST;;1;1;XEUR;12614539;107;
10.03.2025;11:13:24.178;AXA SI 20281215 PS AM P 36.00 0;SIMPLE_INSTRUMENT;BLOCK;EUR;14;5.90000000;3250;EXCHANGE_LAST;;1;2;XEUR;10396110;127;
10.03.2025;11:51:34.684;AXA SI 20250620 PS AM P 35.00 0;SIMPLE_INSTRUMENT;BLOCK;EUR;21;0.88000000;1250;EXCHANGE_LAST;;1;1;XEUR;12767491;127;
10.03.2025;13:02:58.636;AXA SI 20251219 PS AM P 30.00 0;SIMPLE_INSTRUMENT;BLOCK;EUR;25;0.75000000;16000;EXCHANGE_LAST;;1;1;XEUR;11479914;127;
10.03.2025;13:04:01.252;AXA SI 20260619 PS AM P 35.00 0;SIMPLE_INSTRUMENT;BLOCK;EUR;27;2.99000000;9500;EXCHANGE_LAST;;1;1;XEUR;12767441;127;
10.03.2025;14:17:42.589;AXA SI 20260619 PS AM C 40.00 0;SIMPLE_INSTRUMENT;BLOCK;EUR;30;2.34000000;10983;EXCHANGE_LAST;;1;1;XEUR;9538772;127;
10.03.2025;16:03:20.692;AXAG SI 20250321 CS;SIMPLE_INSTRUMENT;BLOCK;EUR;63;38.78550000;6000;EXCHANGE_LAST;;1;1;XEUR;10693637;125;
10.03.2025;10:37:54.767;B2MW SI 20251219 CS;SIMPLE_INSTRUMENT;BLOCK;EUR;2;4.40000000;50;EXCHANGE_LAST;;1;1;XEUR;3681121;128;
10.03.2025;14:08:12.565;B2MW SI 20251219 CS;SIMPLE_INSTRUMENT;BLOCK;EUR;42;4.40000000;100;EXCHANGE_LAST;;1;1;XEUR;3681121;128;
10.03.2025;14:48:41.496;B2MW SI 20251219 CS;SIMPLE_INSTRUMENT;BLOCK;EUR;52;4.40000000;100;EXCHANGE_LAST;;1;1;XEUR;3681121;128;
10.03.2025;13:47:58.324;B2NP SI 20271217 CS;SIMPLE_INSTRUMENT;BLOCK;EUR;40;4.48000000;100;EXCHANGE_LAST;;1;1;XEUR;7086925;131;
10.03.2025;16:22:10.080;B2NP SI 20271217 CS;SIMPLE_INSTRUMENT;BLOCK;EUR;67;4.46500000;400;EXCHANGE_LAST;;1;1;XEUR;7086925;131;
10.03.2025;12:44:03.592;B2YG SI 20250620 CS;SIMPLE_INSTRUMENT;BLOCK;EUR;24;2.00000000;1018;EXCHANGE_LAST;;1;1;XEUR;10865361;45713;
10.03.2025;11:22:10.852;BAEN.O.250310.BRT.000004;STANDARD_OPTION_STRATEGY;BLOCK;CHF;37;1.85000000;500;EXCHANGE_LAST;;1;1;XEUR;72058276937746740;159;
10.03.2025;11:22:10.852;BAEN SI 20261218 PS AM P 40.00 0;SIMPLE_INSTRUMENT;BLOCK;CHF;37;2.22000000;500;PRC_DECOMP_EXCHANGE;;;;XEUR;7356403;159;EXCHANGE
10.03.2025;11:22:10.852;BAEN SI 20250620 PS AM P 40.00 0;SIMPLE_INSTRUMENT;BLOCK;CHF;37;0.37000000;500;PRC_DECOMP_EXCHANGE;;;;XEUR;7899020;159;EXCHANGE
10.03.2025;12:12:29.897;BALN SI 20251219 PS AM C 180.00 0;SIMPLE_INSTRUMENT;BLOCK;CHF;50;7.10000000;500;EXCHANGE_LAST;;1;2;XEUR;5922053;147;
10.03.2025;09:25:42.205;BAS SI 20250919 PS AM C 52.00 0;SIMPLE_INSTRUMENT;BLOCK;EUR;2;4.95000000;710;EXCHANGE_LAST;;1;1;XEUR;11873033;150;
10.03.2025;11:01:04.950;BAS SI 20250417 PS AM C 55.00 0;SIMPLE_INSTRUMENT;BLOCK;EUR;4;1.85000000;2500;EXCHANGE_LAST;;1;1;XEUR;12749001;150;
10.03.2025;11:10:09.279;BAS.O.250310.STG.000012;STANDARD_OPTION_STRATEGY;BLOCK;EUR;5;10.53000000;425;EXCHANGE_LAST;;1;1;XEUR;72058238283092392;150;
10.03.2025;11:10:09.279;BAS SI 20260619 PS AM C 56.00 0;SIMPLE_INSTRUMENT;BLOCK;EUR;5;4.54000000;425;PRC_DECOMP_EXCHANGE;;;;XEUR;12749079;150;EXCHANGE
10.03.2025;11:10:09.279;BAS SI 20260619 PS AM P 50.00 0;SIMPLE_INSTRUMENT;BLOCK;EUR;5;5.99000000;425;PRC_DECOMP_EXCHANGE;;;;XEUR;12749082;150;EXCHANGE
10.03.2025;11:10:17.548;BAS.O.250310.STG.000012;STANDARD_OPTION_STRATEGY;BLOCK;EUR;6;10.52000000;425;EXCHANGE_LAST;;1;1;XEUR;72058238283092392;150;
10.03.2025;11:10:17.548;BAS SI 20260619 PS AM C 56.00 0;SIMPLE_INSTRUMENT;BLOCK;EUR;6;4.53000000;425;PRC_DECOMP_EXCHANGE;;;;XEUR;12749079;150;EXCHANGE
10.03.2025;11:10:17.548;BAS SI 20260619 PS AM P 50.00 0;SIMPLE_INSTRUMENT;BLOCK;EUR;6;5.99000000;425;PRC_DECOMP_EXCHANGE;;;;XEUR;12749082;150;EXCHANGE
10.03.2025;11:46:17.588;BAS SI 20250321 PS AM C 50.00 0;SIMPLE_INSTRUMENT;BLOCK;EUR;7;3.48000000;500;EXCHANGE_LAST;;1;1;XEUR;10831042;150;
10.03.2025;12:02:38.278;BAS SI 20260619 PS AM P 48.00 0;SIMPLE_INSTRUMENT;BLOCK;EUR;8;4.91000000;4500;EXCHANGE_LAST;;1;2;XEUR;9539342;150;
10.03.2025;12:43:17.827;BAS SI 20250620 PS AM P 52.00 0;SIMPLE_INSTRUMENT;BLOCK;EUR;9;4.08000000;500;EXCHANGE_LAST;;1;1;XEUR;7898981;150;
10.03.2025;13:10:13.926;BAS SI 20250417 PS AM C 58.00 0;SIMPLE_INSTRUMENT;BLOCK;EUR;11;0.91000000;5237;EXCHANGE_LAST;;1;1;XEUR;12774485;150;
10.03.2025;13:44:10.163;BAS.O.250310.BRT.000022;STANDARD_OPTION_STRATEGY;BLOCK;EUR;13;2.35000000;2000;EXCHANGE_LAST;;1;1;XEUR;72058238283092402;150;
10.03.2025;13:44:10.163;BAS SI 20250321 PS AM P 50.00 0;SIMPLE_INSTRUMENT;BLOCK;EUR;13;0.61000000;2000;PRC_DECOMP_EXCHANGE;;;;XEUR;10831048;150;EXCHANGE
10.03.2025;13:44:10.163;BAS SI 20250620 PS AM P 50.00 0;SIMPLE_INSTRUMENT;BLOCK;EUR;13;2.96000000;2000;PRC_DECOMP_EXCHANGE;;;;XEUR;10779746;150;EXCHANGE
10.03.2025;13:48:13.886;BAS.O.250310.CDIA.000023;STANDARD_OPTION_STRATEGY;BLOCK;EUR;14;-0.02000000;2000;EXCHANGE_LAST;;1;1;XEUR;72058238283092403;150;
10.03.2025;13:48:13.886;BAS SI 20250321 PS AM C 52.00 0;SIMPLE_INSTRUMENT;BLOCK;EUR;14;2.22000000;2000;PRC_DECOMP_EXCHANGE;;;;XEUR;10831049;150;EXCHANGE
10.03.2025;13:48:13.886;BAS SI 20250417 PS AM C 54.00 0;SIMPLE_INSTRUMENT;BLOCK;EUR;14;2.20000000;2000;PRC_DECOMP_EXCHANGE;;;;XEUR;12749005;150;EXCHANGE
10.03.2025;13:49:56.415;BAS.O.250310.COMBO.000021;STANDARD_OPTION_STRATEGY;BLOCK;EUR;15;1.31000000;5000;EXCHANGE_LAST;;2;2;XEUR;72058238283092401;150;
10.03.2025;13:49:56.415;BAS SI 20251219 PS AM P 48.00 0;SIMPLE_INSTRUMENT;BLOCK;EUR;15;3.64000000;5000;PRC_DECOMP_EXCHANGE;;;;XEUR;5922204;150;EXCHANGE
10.03.2025;13:49:56.415;BAS SI 20251219 PS AM C 60.00 0;SIMPLE_INSTRUMENT;BLOCK;EUR;15;2.33000000;5000;PRC_DECOMP_EXCHANGE;;;;XEUR;5922207;150;EXCHANGE
10.03.2025;14:58:53.607;BAS SI 20250417 PS AM P 50.00 0;SIMPLE_INSTRUMENT;BLOCK;EUR;19;1.40000000;1200;EXCHANGE_LAST;;1;1;XEUR;12673178;150;
10.03.2025;14:58:54.406;BAS SI 20250417 PS AM P 47.00 0;SIMPLE_INSTRUMENT;BLOCK;EUR;20;0.64000000;1200;EXCHANGE_LAST;;1;1;XEUR;12615340;150;
10.03.2025;09:05:23.675;BAY SI 20260619 PS AM C 36.00 0;SIMPLE_INSTRUMENT;BLOCK;EUR;1;1.45000000;6000;EXCHANGE_LAST;;1;1;XEUR;9539732;168;
10.03.2025;14:57:59.480;BAY SI 20251219 PS AM P 18.00 0;SIMPLE_INSTRUMENT;BLOCK;EUR;18;1.07000000;1000;EXCHANGE_LAST;;1;1;XEUR;8112351;168;
10.03.2025;16:49:07.286;BAY SI 20250620 PS AM C 28.00 0;SIMPLE_INSTRUMENT;BLOCK;EUR;24;0.89000000;19760;EXCHANGE_LAST;;1;1;XEUR;8112566;168;
10.03.2025;16:49:19.701;BAY SI 20250620 PS AM C 28.00 0;SIMPLE_INSTRUMENT;BLOCK;EUR;25;0.87000000;36240;EXCHANGE_LAST;;1;1;XEUR;8112566;168;
10.03.2025;16:49:34.470;BAY SI 20250620 PS AM C 28.00 0;SIMPLE_INSTRUMENT;BLOCK;EUR;26;0.87000000;35000;EXCHANGE_LAST;;1;1;XEUR;8112566;168;
10.03.2025;16:50:33.117;BAY SI 20250620 PS AM C 23.00 0;SIMPLE_INSTRUMENT;BLOCK;EUR;27;2.55000000;30000;EXCHANGE_LAST;;1;1;XEUR;11234139;168;
10.03.2025;16:50:38.418;BAY SI 20250620 PS AM C 23.00 0;SIMPLE_INSTRUMENT;BLOCK;EUR;28;2.55000000;35000;EXCHANGE_LAST;;1;1;XEUR;11234139;168;
10.03.2025;11:18:57.597;BMW SI 20250321 PS AM C 92.00 0;SIMPLE_INSTRUMENT;BLOCK;EUR;11;0.90000000;1000;EXCHANGE_LAST;;1;1;XEUR;10832533;210;
10.03.2025;11:47:11.759;BMW SI 20250620 PS AM C 88.00 0;SIMPLE_INSTRUMENT;BLOCK;EUR;16;4.45000000;1000;EXCHANGE_LAST;;1;1;XEUR;11352605;210;
10.03.2025;12:42:30.436;BMW SI 20271217 PS AM P 84.00 0;SIMPLE_INSTRUMENT;BLOCK;EUR;23;17.05000000;1600;EXCHANGE_LAST;;1;2;XEUR;8775877;210;
10.03.2025;13:02:05.124;BMW SI 20250321 PS AM C 80.00 0;SIMPLE_INSTRUMENT;BLOCK;EUR;24;6.25000000;500;EXCHANGE_LAST;;1;1;XEUR;10832595;210;
10.03.2025;09:28:03.982;BNP SI 20260619 PS AM P 62.00 0;SIMPLE_INSTRUMENT;BLOCK;EUR;4;5.07000000;6000;EXCHANGE_LAST;;1;1;XEUR;12372396;237;
10.03.2025;09:28:15.286;BNP SI 20251219 PS AM P 56.00 0;SIMPLE_INSTRUMENT;BLOCK;EUR;5;1.95000000;9500;EXCHANGE_LAST;;1;1;XEUR;5923366;237;
10.03.2025;13:01:10.257;BNR SI 20250417 PS AM C 72.00 0;SIMPLE_INSTRUMENT;BLOCK;EUR;10;1.03000000;1844;EXCHANGE_LAST;;1;1;XEUR;12616606;235;
10.03.2025;14:22:33.039;BPE SI 20250619 PS AM P 6.00 0;SIMPLE_INSTRUMENT;BLOCK;EUR;18;0.19600000;1000;EXCHANGE_LAST;;1;1;XEUR;11336959;227;
10.03.2025;12:44:04.399;BYGG.S.MAR25.JUN25.SPD;FUTURES_SPREAD;BLOCK;EUR;25;1.54000000;11700;EXCHANGE_LAST;;1;1;XEUR;72058800923738293;281;
10.03.2025;12:44:04.399;BYGG SI 20250321 CS;SIMPLE_INSTRUMENT;BLOCK;EUR;25;35.64900000;11700;PRC_DECOMP_EXCHANGE;;;;XEUR;10696354;281;EXCHANGE
10.03.2025;12:44:04.399;BYGG SI 20250620 CS;SIMPLE_INSTRUMENT;BLOCK;EUR;25;34.10900000;11700;PRC_DECOMP_EXCHANGE;;;;XEUR;11171272;281;EXCHANGE
10.03.2025;14:39:56.921;BYGG SI 20250321 CS;SIMPLE_INSTRUMENT;BLOCK;EUR;47;35.41600000;4450;EXCHANGE_LAST;;1;1;XEUR;10696354;281;
10.03.2025;08:11:41.321;CBK SI 20250321 PS AM P 22.00 0;SIMPLE_INSTRUMENT;BLOCK;EUR;1;0.18000000;1650;EXCHANGE_LAST;;1;1;XEUR;10833919;268;
10.03.2025;12:58:34.592;CBK.O.250310.COMBO.000015;STANDARD_OPTION_STRATEGY;BLOCK;EUR;15;0.15000000;10000;EXCHANGE_LAST;;1;2;XEUR;72058745089203903;268;
10.03.2025;12:58:34.592;CBK SI 20251219 PS AM P 18.00 0;SIMPLE_INSTRUMENT;BLOCK;EUR;15;0.90000000;10000;PRC_DECOMP_EXCHANGE;;;;XEUR;8883149;268;EXCHANGE
10.03.2025;12:58:34.592;CBK SI 20251219 PS AM C 30.00 0;SIMPLE_INSTRUMENT;BLOCK;EUR;15;0.75000000;10000;PRC_DECOMP_EXCHANGE;;;;XEUR;12436567;268;EXCHANGE
10.03.2025;13:01:47.738;CBK SI 20250417 PS AM C 24.00 0;SIMPLE_INSTRUMENT;BLOCK;EUR;16;0.73000000;6697;EXCHANGE_LAST;;1;1;XEUR;12782469;268;
10.03.2025;13:01:47.759;CBK SI 20250417 PS AM C 24.00 0;SIMPLE_INSTRUMENT;BLOCK;EUR;17;0.74000000;2736;EXCHANGE_LAST;;1;1;XEUR;12782469;268;
10.03.2025;13:02:13.303;CBK SI 20250417 PS AM C 28.00 0;SIMPLE_INSTRUMENT;BLOCK;EUR;18;0.11000000;4320;EXCHANGE_LAST;;1;1;XEUR;12926746;268;
10.03.2025;13:02:13.323;CBK SI 20250417 PS AM C 28.00 0;SIMPLE_INSTRUMENT;BLOCK;EUR;19;0.13000000;4496;EXCHANGE_LAST;;1;1;XEUR;12926746;268;
10.03.2025;13:02:53.450;CBK SI 20250417 PS AM C 25.00 0;SIMPLE_INSTRUMENT;BLOCK;EUR;20;0.46000000;6436;EXCHANGE_LAST;;1;1;XEUR;12870226;268;
10.03.2025;13:02:53.460;CBK SI 20250417 PS AM C 25.00 0;SIMPLE_INSTRUMENT;BLOCK;EUR;21;0.45000000;2380;EXCHANGE_LAST;;1;1;XEUR;12870226;268;
10.03.2025;13:04:52.727;CBK SI 20250417 PS AM C 27.00 0;SIMPLE_INSTRUMENT;BLOCK;EUR;22;0.18000000;5778;EXCHANGE_LAST;;1;1;XEUR;12926741;268;
10.03.2025;13:04:52.737;CBK SI 20250417 PS AM C 27.00 0;SIMPLE_INSTRUMENT;BLOCK;EUR;23;0.16000000;6013;EXCHANGE_LAST;;1;1;XEUR;12926741;268;
10.03.2025;09:42:34.263;CFR SI 20250620 PS AM C 170.00 0;SIMPLE_INSTRUMENT;BLOCK;CHF;16;8.30000000;600;EXCHANGE_LAST;;1;1;XEUR;11354567;313;
10.03.2025;09:56:15.042;CFR FI 20250402 CS EU C 173.5000 0;FLEXIBLE_INSTRUMENT;BLOCK;CHF;19;1.74000000;500;EXCHANGE_LAST;;1;1;XEUR;1152922848931627661;313;
10.03.2025;10:22:27.992;CFR SI 20250620 PS AM C 170.00 0;SIMPLE_INSTRUMENT;BLOCK;CHF;32;8.30000000;300;EXCHANGE_LAST;;1;1;XEUR;11354567;313;
10.03.2025;12:09:54.245;CFR SI 20251219 PS AM P 150.00 0;SIMPLE_INSTRUMENT;BLOCK;CHF;49;12.35000000;500;EXCHANGE_LAST;;1;1;XEUR;12437081;313;
10.03.2025;11:34:16.941;CGM SI 20281215 PS AM P 120.00 0;SIMPLE_INSTRUMENT;BLOCK;EUR;17;16.30000000;300;EXCHANGE_LAST;;2;1;XEUR;10400691;317;
10.03.2025;11:28:30.564;CLN SI 20251219 PS AM P 10.00 0;SIMPLE_INSTRUMENT;BLOCK;CHF;43;1.02000000;2000;EXCHANGE_LAST;;1;1;XEUR;7383521;296;
10.03.2025;12:57:52.123;CLNP SI 20250321 PS;SIMPLE_INSTRUMENT;BLOCK;EUR;31;31.35100000;2150;EXCHANGE_LAST;;1;1;XEUR;10723266;58915;
10.03.2025;13:58:05.024;CR5J SI 20250320 CS;SIMPLE_INSTRUMENT;BLOCK;EUR;43;52.44000000;21500;EXCHANGE_LAST;;1;1;XEUR;10689747;50861;
10.03.2025;08:36:53.388;CRI5.O.250310.BER.000001;STANDARD_OPTION_STRATEGY;BLOCK;EUR;1;1.60000000;2500;EXCHANGE_LAST;;1;1;XEUR;72058968427474775;320;
10.03.2025;08:36:53.388;CRI5 SI 20250320 PS AM P 48.00 0;SIMPLE_INSTRUMENT;BLOCK;EUR;1;0.22000000;2500;PRC_DECOMP_MEMBER;;;;XEUR;10822486;320;MEMBER
10.03.2025;08:36:53.388;CRI5 SI 20250320 PS AM P 54.00 0;SIMPLE_INSTRUMENT;BLOCK;EUR;1;1.82000000;2500;PRC_DECOMP_MEMBER;;;;XEUR;12801156;320;MEMBER
10.03.2025;13:28:08.652;CRI5 SI 20250515 PS AM C 58.00 0;SIMPLE_INSTRUMENT;BLOCK;EUR;15;0.82850000;750;EXCHANGE_LAST;;1;1;XEUR;12883959;320;
10.03.2025;13:28:09.672;CRI5 SI 20250515 PS AM P 46.00 0;SIMPLE_INSTRUMENT;BLOCK;EUR;16;1.40150000;750;EXCHANGE_LAST;;1;1;XEUR;12806505;320;
10.03.2025;11:19:04.849;CSPX.O.250310.CDIA.000001;STANDARD_OPTION_STRATEGY;BLOCK;USD;1;10.06000000;3162;EXCHANGE_LAST;;1;1;XEUR;72279253005107216;51609;
10.03.2025;11:19:04.849;CSPX SI 20250919 PS AM C 700.00 0;SIMPLE_INSTRUMENT;BLOCK;USD;1;3.36000000;3162;PRC_DECOMP_MEMBER;;;;XEUR;12415186;51609;MEMBER
10.03.2025;11:19:04.849;CSPX SI 20251219 PS AM C 675.00 0;SIMPLE_INSTRUMENT;BLOCK;USD;1;13.42000000;3162;PRC_DECOMP_MEMBER;;;;XEUR;12698814;51609;MEMBER
10.03.2025;11:54:08.498;CSPX SI 20251219 PS AM C 675.00 0;SIMPLE_INSTRUMENT;BLOCK;USD;4;13.42000000;1347;EXCHANGE_LAST;;1;1;XEUR;12698814;51609;
10.03.2025;11:54:26.381;CSPX SI 20250919 PS AM C 700.00 0;SIMPLE_INSTRUMENT;BLOCK;USD;5;3.36000000;1347;EXCHANGE_LAST;;1;1;XEUR;12415186;51609;
10.03.2025;10:23:37.960;D2PW SI 20261218 CS;SIMPLE_INSTRUMENT;BLOCK;EUR;1;1.77000000;724;EXCHANGE_LAST;;2;1;XEUR;4632317;9702;
10.03.2025;12:28:25.921;D3AI SI 20261218 CS;SIMPLE_INSTRUMENT;BLOCK;EUR;20;3.45000000;50;EXCHANGE_LAST;;1;1;XEUR;7144051;443197;
10.03.2025;10:58:41.322;DAI SI 20250516 PS AM C 61.00 0;SIMPLE_INSTRUMENT;BLOCK;EUR;10;3.38000000;2000;EXCHANGE_LAST;;1;1;XEUR;12852491;443196;
10.03.2025;12:29:43.036;DAI.O.250310.COMBO.000009;STANDARD_OPTION_STRATEGY;BLOCK;EUR;21;0.50000000;10000;EXCHANGE_LAST;;4;1;XEUR;73961106363664399;443196;
10.03.2025;12:29:43.036;DAI SI 20250321 PS AM C 64.00 0;SIMPLE_INSTRUMENT;BLOCK;EUR;21;0.67000000;10000;PRC_DECOMP_EXCHANGE;;;;XEUR;10884524;443196;EXCHANGE
10.03.2025;12:29:43.036;DAI SI 20250321 PS AM P 60.00 0;SIMPLE_INSTRUMENT;BLOCK;EUR;21;1.17000000;10000;PRC_DECOMP_EXCHANGE;;;;XEUR;10884522;443196;EXCHANGE
10.03.2025;13:19:19.730;DAI FI 20250325 PS EU P 68.0000 0;FLEXIBLE_INSTRUMENT;BLOCK;EUR;25;6.60000000;2000;EXCHANGE_LAST;;1;1;XEUR;1154825016932572019;443196;
10.03.2025;13:19:31.767;DAI FI 20250919 PS EU P 62.0000 0;FLEXIBLE_INSTRUMENT;BLOCK;EUR;26;6.80000000;2000;EXCHANGE_LAST;;1;1;XEUR;1154825016932572020;443196;
10.03.2025;13:51:15.760;DAI FI 20250919 PS EU C 66.0000 0;FLEXIBLE_INSTRUMENT;BLOCK;EUR;27;2.56000000;2000;EXCHANGE_LAST;;1;1;XEUR;1154825016932572021;443196;
10.03.2025;14:06:23.810;DAI SI 20250321 PS AM P 60.00 0;SIMPLE_INSTRUMENT;BLOCK;EUR;28;0.93000000;1500;EXCHANGE_LAST;;1;1;XEUR;10884522;443196;
10.03.2025;14:23:27.826;DAIG.S.MAR25.APR25.SPD;FUTURES_SPREAD;BLOCK;EUR;46;-0.13250000;7500;EXCHANGE_LAST;;1;1;XEUR;73961136428417120;443203;
10.03.2025;14:23:27.826;DAIG SI 20250321 CS;SIMPLE_INSTRUMENT;BLOCK;EUR;46;60.77610000;7500;PRC_DECOMP_EXCHANGE;;;;XEUR;10734482;443203;EXCHANGE
10.03.2025;14:23:27.826;DAIG SI 20250417 CS;SIMPLE_INSTRUMENT;BLOCK;EUR;46;60.90860000;7500;PRC_DECOMP_EXCHANGE;;;;XEUR;10884414;443203;EXCHANGE
10.03.2025;15:05:24.679;DBK SI 20260619 PS AM P 16.00 0;SIMPLE_INSTRUMENT;BLOCK;EUR;27;1.37000000;3000;EXCHANGE_LAST;;1;1;XEUR;9544021;362;
10.03.2025;15:04:55.598;DBK SI 20260619 PS AM P 20.00 0;SIMPLE_INSTRUMENT;BLOCK;EUR;28;2.99000000;3000;EXCHANGE_LAST;;1;1;XEUR;10253252;362;
10.03.2025;11:03:46.449;DCS SI 20250620 PS AM P 16.00 0;SIMPLE_INSTRUMENT;BLOCK;EUR;10;0.80000000;150;EXCHANGE_LAST;;1;1;XEUR;9544438;400;
10.03.2025;09:55:08.170;DPW SI 20250620 PS AM P 40.00 0;SIMPLE_INSTRUMENT;BLOCK;EUR;1;2.07000000;545;EXCHANGE_LAST;;1;1;XEUR;7902465;445;
10.03.2025;09:54:53.238;DPW SI 20250620 PS AM P 40.00 0;SIMPLE_INSTRUMENT;BLOCK;EUR;2;2.06000000;545;EXCHANGE_LAST;;1;1;XEUR;7902465;445;
10.03.2025;13:00:20.789;DPW SI 20250417 PS AM C 46.00 0;SIMPLE_INSTRUMENT;BLOCK;EUR;11;0.49000000;2464;EXCHANGE_LAST;;1;1;XEUR;12934430;445;
10.03.2025;13:50:19.528;DPW SI 20250321 PS AM P 40.00 0;SIMPLE_INSTRUMENT;BLOCK;EUR;17;0.40000000;600;EXCHANGE_LAST;;1;1;XEUR;10836810;445;
10.03.2025;14:41:00.858;DPW SI 20250620 PS AM P 40.00 0;SIMPLE_INSTRUMENT;BLOCK;EUR;22;2.06000000;2000;EXCHANGE_LAST;;1;1;XEUR;7902465;445;
10.03.2025;14:47:28.160;DPW SI 20250620 PS AM P 40.00 0;SIMPLE_INSTRUMENT;BLOCK;EUR;24;2.06000000;1000;EXCHANGE_LAST;;1;1;XEUR;7902465;445;
10.03.2025;11:26:58.068;DTE SI 20250321 PS AM P 32.00 0;SIMPLE_INSTRUMENT;BLOCK;EUR;7;0.13000000;2500;EXCHANGE_LAST;;1;1;XEUR;10836639;424;
10.03.2025;11:11:02.245;E2NL SI 20251219 CS;SIMPLE_INSTRUMENT;BLOCK;EUR;8;0.46000000;1500;EXCHANGE_LAST;;1;2;XEUR;3681293;471;
10.03.2025;14:16:19.839;E2NL SI 20251219 CS;SIMPLE_INSTRUMENT;BLOCK;EUR;45;0.46000000;1000;EXCHANGE_LAST;;1;1;XEUR;3681293;471;
10.03.2025;15:18:13.012;E2NL SI 20251219 CS;SIMPLE_INSTRUMENT;BLOCK;EUR;55;0.46000000;1000;EXCHANGE_LAST;;1;1;XEUR;3681293;471;
10.03.2025;15:56:19.021;E2NL SI 20281215 CS;SIMPLE_INSTRUMENT;BLOCK;EUR;60;0.40000000;2000;EXCHANGE_LAST;;1;1;XEUR;6802276;471;
10.03.2025;10:48:08.192;E2NT SI 20250620 CS;SIMPLE_INSTRUMENT;BLOCK;EUR;4;0.50000000;4375;EXCHANGE_LAST;;1;1;XEUR;10837409;470;
10.03.2025;11:31:49.143;EADG.S.MAR25.APR25.SPD;FUTURES_SPREAD;BLOCK;EUR;13;-0.39660000;1350;EXCHANGE_LAST;;1;1;XEUR;75665400926306312;840008;
10.03.2025;11:31:49.143;EADG SI 20250321 CS;SIMPLE_INSTRUMENT;BLOCK;EUR;13;169.63870000;1350;PRC_DECOMP_MEMBER;;;;XEUR;11420362;840008;MEMBER
10.03.2025;11:31:49.143;EADG SI 20250417 CS;SIMPLE_INSTRUMENT;BLOCK;EUR;13;170.03530000;1350;PRC_DECOMP_MEMBER;;;;XEUR;11420357;840008;MEMBER
10.03.2025;10:58:53.873;ENR SI 20251219 PS AM C 72.00 0;SIMPLE_INSTRUMENT;BLOCK;EUR;4;6.45000000;1000;EXCHANGE_LAST;;1;1;XEUR;12484007;298530;
10.03.2025;12:51:47.470;ENR SI 20250620 PS AM C 64.00 0;SIMPLE_INSTRUMENT;BLOCK;EUR;10;3.39000000;3000;EXCHANGE_LAST;;1;1;XEUR;12229449;298530;
10.03.2025;13:22:07.358;ENR.O.250310.BU23.000014;STANDARD_OPTION_STRATEGY;BLOCK;EUR;14;-2.58000000;1850;EXCHANGE_LAST;;1;1;XEUR;73339770624818199;298530;
10.03.2025;13:22:07.358;ENR SI 20250417 PS AM C 72.00 0;SIMPLE_INSTRUMENT;BLOCK;EUR;14;0.62000000;5550;PRC_DECOMP_EXCHANGE;;;;XEUR;12686225;298530;EXCHANGE
10.03.2025;13:22:07.358;ENR SI 20250417 PS AM C 60.00 0;SIMPLE_INSTRUMENT;BLOCK;EUR;14;2.22000000;3700;PRC_DECOMP_EXCHANGE;;;;XEUR;12650613;298530;EXCHANGE
10.03.2025;13:41:55.719;ENR SI 20251219 PS AM P 40.00 0;SIMPLE_INSTRUMENT;BLOCK;EUR;16;5.36000000;500;EXCHANGE_LAST;;1;1;XEUR;10971081;298530;
10.03.2025;14:18:30.547;ENR SI 20260619 PS AM P 56.00 0;SIMPLE_INSTRUMENT;BLOCK;EUR;21;15.68000000;800;EXCHANGE_LAST;;1;1;XEUR;12797242;298530;
10.03.2025;14:54:49.381;ENR SI 20250417 PS AM C 58.00 0;SIMPLE_INSTRUMENT;BLOCK;EUR;25;2.49000000;10000;EXCHANGE_LAST;;1;1;XEUR;12650601;298530;
10.03.2025;15:09:39.027;ENR.O.250310.STG.000021;STANDARD_OPTION_STRATEGY;BLOCK;EUR;27;20.00000000;800;EXCHANGE_LAST;;2;2;XEUR;73339770624818206;298530;
10.03.2025;15:09:39.027;ENR SI 20251219 PS AM P 48.00 0;SIMPLE_INSTRUMENT;BLOCK;EUR;27;9.01000000;800;PRC_DECOMP_EXCHANGE;;;;XEUR;11142558;298530;EXCHANGE
10.03.2025;15:09:39.027;ENR SI 20251219 PS AM C 52.00 0;SIMPLE_INSTRUMENT;BLOCK;EUR;27;10.99000000;800;PRC_DECOMP_EXCHANGE;;;;XEUR;11254331;298530;EXCHANGE
10.03.2025;16:26:45.971;ENR SI 20251219 PS AM P 38.00 0;SIMPLE_INSTRUMENT;BLOCK;EUR;30;4.52000000;2800;EXCHANGE_LAST;;1;1;XEUR;12484049;298530;
10.03.2025;16:26:32.889;ENR SI 20251219 PS AM P 38.00 0;SIMPLE_INSTRUMENT;BLOCK;EUR;31;4.51000000;1200;EXCHANGE_LAST;;1;1;XEUR;12484049;298530;
10.03.2025;13:27:56.479;ENT5 SI 20260618 PS AM P 10.00 0;SIMPLE_INSTRUMENT;BLOCK;EUR;14;0.30000000;1500;EXCHANGE_LAST;;1;1;XEUR;9531344;497;
10.03.2025;14:09:59.686;ENT5 SI 20251218 PS AM P 13.00 0;SIMPLE_INSTRUMENT;BLOCK;EUR;17;0.92000000;2000;EXCHANGE_LAST;;1;1;XEUR;11793683;497;
10.03.2025;10:46:32.674;ENTH SI 20250619 CS;SIMPLE_INSTRUMENT;BLOCK;EUR;3;13.28110000;10000;EXCHANGE_LAST;;1;1;XEUR;11165310;524973;
10.03.2025;13:58:48.129;EUCO SI 20250509 PS EU P 1.0400 0;SIMPLE_INSTRUMENT;BLOCK;USD;1;0.00220000;500;EXCHANGE_LAST;;1;1;XEUR;11298751;369370;
10.03.2025;15:38:17.780;EUCO SI 20250509 PS EU P 1.0400 0;SIMPLE_INSTRUMENT;BLOCK;USD;3;0.00220000;250;EXCHANGE_LAST;;1;1;XEUR;11298751;369370;
10.03.2025;09:15:01.332;FBTP SI 20250606 PS;SIMPLE_INSTRUMENT;EFP_FIN;EUR;1;116.64000000;145;EXCHANGE_LAST;;1;1;XEUR;11820365;636;
10.03.2025;09:34:12.472;FBTP SI 20250606 PS;SIMPLE_INSTRUMENT;EFP_FIN;EUR;3;116.56000000;414;EXCHANGE_LAST;;1;1;XEUR;11820365;636;
10.03.2025;09:47:23.167;FBTP SI 20250606 PS;SIMPLE_INSTRUMENT;EFP_FIN;EUR;4;116.57000000;1749;EXCHANGE_LAST;;1;1;XEUR;11820365;636;
10.03.2025;09:51:58.745;FBTP SI 20250606 PS;SIMPLE_INSTRUMENT;EFP_FIN;EUR;5;116.62000000;574;EXCHANGE_LAST;;1;1;XEUR;11820365;636;
10.03.2025;10:01:54.561;FBTP SI 20250606 PS;SIMPLE_INSTRUMENT;EFP_FIN;EUR;6;116.59000000;1234;EXCHANGE_LAST;;1;1;XEUR;11820365;636;
10.03.2025;10:22:14.236;FBTP SI 20250606 PS;SIMPLE_INSTRUMENT;BLOCK;EUR;7;116.72000000;594;EXCHANGE_LAST;;1;1;XEUR;11820365;636;
10.03.2025;10:32:34.292;FBTP SI 20250606 PS;SIMPLE_INSTRUMENT;EFP_FIN;EUR;8;116.72000000;596;EXCHANGE_LAST;;1;1;XEUR;11820365;636;
10.03.2025;10:32:51.050;FBTP SI 20250606 PS;SIMPLE_INSTRUMENT;BLOCK;EUR;9;116.71000000;536;EXCHANGE_LAST;;1;1;XEUR;11820365;636;
10.03.2025;10:34:47.409;FBTP SI 20250606 PS;SIMPLE_INSTRUMENT;BLOCK;EUR;10;116.70000000;282;EXCHANGE_LAST;;1;1;XEUR;11820365;636;
10.03.2025;10:52:54.348;FBTP SI 20250606 PS;SIMPLE_INSTRUMENT;EFP_FIN;EUR;11;116.72000000;1164;EXCHANGE_LAST;;1;1;XEUR;11820365;636;
10.03.2025;11:21:46.923;FBTP SI 20250606 PS;SIMPLE_INSTRUMENT;EFP_FIN;EUR;12;116.73000000;111;EXCHANGE_LAST;;1;1;XEUR;11820365;636;
10.03.2025;11:29:34.881;FBTP SI 20250606 PS;SIMPLE_INSTRUMENT;EFP_FIN;EUR;13;116.77000000;1389;EXCHANGE_LAST;;1;1;XEUR;11820365;636;
10.03.2025;12:00:08.197;FBTP SI 20250606 PS;SIMPLE_INSTRUMENT;BLOCK;EUR;14;116.85000000;1769;EXCHANGE_LAST;;1;1;XEUR;11820365;636;
10.03.2025;12:12:57.384;FBTP SI 20250606 PS;SIMPLE_INSTRUMENT;EFP_FIN;EUR;15;116.73000000;136;EXCHANGE_LAST;;1;1;XEUR;11820365;636;
10.03.2025;12:34:27.179;FBTP SI 20250606 PS;SIMPLE_INSTRUMENT;EFP_FIN;EUR;16;116.74000000;342;EXCHANGE_LAST;;1;1;XEUR;11820365;636;
10.03.2025;12:41:24.710;FBTP SI 20250606 PS;SIMPLE_INSTRUMENT;EFP_FIN;EUR;17;116.80000000;132;EXCHANGE_LAST;;1;1;XEUR;11820365;636;
10.03.2025;13:17:32.795;FBTP SI 20250606 PS;SIMPLE_INSTRUMENT;EFP_FIN;EUR;18;116.75000000;461;EXCHANGE_LAST;;1;1;XEUR;11820365;636;
10.03.2025;13:25:45.888;FBTP SI 20250606 PS;SIMPLE_INSTRUMENT;EFP_FIN;EUR;19;116.73000000;192;EXCHANGE_LAST;;1;1;XEUR;11820365;636;
10.03.2025;13:29:20.277;FBTP SI 20250606 PS;SIMPLE_INSTRUMENT;BLOCK;EUR;20;116.73000000;416;EXCHANGE_LAST;;1;1;XEUR;11820365;636;
10.03.2025;13:38:32.569;FBTP SI 20250606 PS;SIMPLE_INSTRUMENT;EFP_FIN;EUR;21;116.63000000;192;EXCHANGE_LAST;;1;1;XEUR;11820365;636;
10.03.2025;13:39:17.893;FBTP SI 20250606 PS;SIMPLE_INSTRUMENT;EFP_FIN;EUR;22;116.62000000;622;EXCHANGE_LAST;;1;1;XEUR;11820365;636;
10.03.2025;14:15:19.060;FBTP SI 20250606 PS;SIMPLE_INSTRUMENT;EFP_FIN;EUR;23;116.70000000;233;EXCHANGE_LAST;;1;1;XEUR;11820365;636;
10.03.2025;14:15:20.886;FBTP SI 20250606 PS;SIMPLE_INSTRUMENT;EFP_FIN;EUR;24;116.70000000;272;EXCHANGE_LAST;;1;1;XEUR;11820365;636;
10.03.2025;14:43:51.493;FBTP SI 20250606 PS;SIMPLE_INSTRUMENT;EFS;EUR;25;116.70000000;599;EXCHANGE_LAST;;1;1;XEUR;11820365;636;
10.03.2025;14:51:03.397;FBTP SI 20250606 PS;SIMPLE_INSTRUMENT;EFP_FIN;EUR;26;116.60000000;221;EXCHANGE_LAST;;1;1;XEUR;11820365;636;
10.03.2025;14:57:32.792;FBTP SI 20250606 PS;SIMPLE_INSTRUMENT;EFP_FIN;EUR;27;116.60000000;461;EXCHANGE_LAST;;1;1;XEUR;11820365;636;
10.03.2025;15:05:41.450;FBTP SI 20250606 PS;SIMPLE_INSTRUMENT;BLOCK;EUR;28;116.57000000;1620;EXCHANGE_LAST;;1;1;XEUR;11820365;636;
10.03.2025;15:09:41.557;FBTP SI 20250606 PS;SIMPLE_INSTRUMENT;EFP_FIN;EUR;29;116.58000000;895;EXCHANGE_LAST;;1;1;XEUR;11820365;636;
10.03.2025;15:22:14.378;FBTP SI 20250606 PS;SIMPLE_INSTRUMENT;EFP_FIN;EUR;30;116.61000000;276;EXCHANGE_LAST;;1;1;XEUR;11820365;636;
10.03.2025;15:26:30.106;FBTP SI 20250606 PS;SIMPLE_INSTRUMENT;BLOCK;EUR;31;116.58000000;442;EXCHANGE_LAST;;1;1;XEUR;11820365;636;
10.03.2025;15:28:05.673;FBTP SI 20250606 PS;SIMPLE_INSTRUMENT;EFP_FIN;EUR;32;116.59000000;234;EXCHANGE_LAST;;1;1;XEUR;11820365;636;
10.03.2025;15:28:25.728;FBTP SI 20250606 PS;SIMPLE_INSTRUMENT;EFP_FIN;EUR;33;116.57000000;213;EXCHANGE_LAST;;1;1;XEUR;11820365;636;
10.03.2025;15:29:02.715;FBTP SI 20250606 PS;SIMPLE_INSTRUMENT;BLOCK;EUR;34;116.65000000;1922;EXCHANGE_LAST;;1;1;XEUR;11820365;636;
10.03.2025;15:30:14.053;FBTP SI 20250606 PS;SIMPLE_INSTRUMENT;EFP_FIN;EUR;35;116.61000000;190;EXCHANGE_LAST;;1;1;XEUR;11820365;636;
10.03.2025;15:30:39.232;FBTP SI 20250606 PS;SIMPLE_INSTRUMENT;EFP_FIN;EUR;36;116.61000000;442;EXCHANGE_LAST;;1;1;XEUR;11820365;636;
10.03.2025;15:42:18.363;FBTP SI 20250606 PS;SIMPLE_INSTRUMENT;EFP_FIN;EUR;37;116.56000000;431;EXCHANGE_LAST;;1;1;XEUR;11820365;636;
10.03.2025;15:47:46.153;FBTP SI 20250606 PS;SIMPLE_INSTRUMENT;EFP_FIN;EUR;38;116.50000000;921;EXCHANGE_LAST;;1;1;XEUR;11820365;636;
10.03.2025;16:01:57.649;FBTP SI 20250606 PS;SIMPLE_INSTRUMENT;EFP_FIN;EUR;39;116.59000000;234;EXCHANGE_LAST;;1;1;XEUR;11820365;636;
10.03.2025;16:08:19.143;FBTP SI 20250606 PS;SIMPLE_INSTRUMENT;EFP_FIN;EUR;40;116.60000000;59;EXCHANGE_LAST;;1;1;XEUR;11820365;636;
10.03.2025;16:17:39.798;FBTP SI 20250606 PS;SIMPLE_INSTRUMENT;EFP_FIN;EUR;41;116.65000000;354;EXCHANGE_LAST;;1;1;XEUR;11820365;636;
10.03.2025;16:18:03.546;FBTP SI 20250606 PS;SIMPLE_INSTRUMENT;EFP_FIN;EUR;42;116.58000000;221;EXCHANGE_LAST;;1;1;XEUR;11820365;636;
10.03.2025;16:20:04.075;FBTP SI 20250606 PS;SIMPLE_INSTRUMENT;EFP_FIN;EUR;43;116.60000000;461;EXCHANGE_LAST;;1;1;XEUR;11820365;636;
10.03.2025;16:34:46.121;FBTP SI 20250606 PS;SIMPLE_INSTRUMENT;EFP_FIN;EUR;44;116.63000000;165;EXCHANGE_LAST;;1;1;XEUR;11820365;636;
10.03.2025;16:37:13.743;FBTP SI 20250606 PS;SIMPLE_INSTRUMENT;BLOCK;EUR;45;116.43000000;1105;EXCHANGE_LAST;;1;1;XEUR;11820365;636;
10.03.2025;16:39:03.391;FBTP SI 20250606 PS;SIMPLE_INSTRUMENT;EFP_FIN;EUR;46;116.63000000;176;EXCHANGE_LAST;;1;1;XEUR;11820365;636;
10.03.2025;16:41:17.104;FBTP SI 20250606 PS;SIMPLE_INSTRUMENT;EFP_FIN;EUR;47;116.63000000;123;EXCHANGE_LAST;;1;1;XEUR;11820365;636;
10.03.2025;16:50:34.527;FBTP SI 20250606 PS;SIMPLE_INSTRUMENT;EFP_FIN;EUR;48;116.63000000;216;EXCHANGE_LAST;;1;1;XEUR;11820365;636;
10.03.2025;16:49:48.627;FBTP SI 20250606 PS;SIMPLE_INSTRUMENT;EFP_FIN;EUR;49;116.63000000;162;EXCHANGE_LAST;;1;1;XEUR;11820365;636;
10.03.2025;16:54:04.133;FBTP SI 20250606 PS;SIMPLE_INSTRUMENT;EFP_FIN;EUR;50;116.63000000;108;EXCHANGE_LAST;;1;1;XEUR;11820365;636;
10.03.2025;16:57:10.557;FBTP SI 20250606 PS;SIMPLE_INSTRUMENT;EFP_FIN;EUR;51;116.63000000;539;EXCHANGE_LAST;;1;1;XEUR;11820365;636;
10.03.2025;12:51:02.326;FBTP SI 20250606 PS;SIMPLE_INSTRUMENT;VOLA;EUR;268435561;116.77000000;70;EXCHANGE_LAST;;1;1;XEUR;11820365;636;
10.03.2025;09:06:03.439;FBTS SI 20250606 PS;SIMPLE_INSTRUMENT;EFP_FIN;EUR;4;107.00000000;162;EXCHANGE_LAST;;1;1;XEUR;11820367;639;
10.03.2025;09:45:32.161;FBTS SI 20250606 PS;SIMPLE_INSTRUMENT;EFP_FIN;EUR;7;106.99000000;6305;EXCHANGE_LAST;;1;1;XEUR;11820367;639;
10.03.2025;10:33:41.981;FBTS SI 20250606 PS;SIMPLE_INSTRUMENT;EFP_FIN;EUR;12;107.03000000;113;EXCHANGE_LAST;;1;1;XEUR;11820367;639;
10.03.2025;10:38:25.148;FBTS SI 20250606 PS;SIMPLE_INSTRUMENT;BLOCK;EUR;13;107.00000000;952;EXCHANGE_LAST;;1;1;XEUR;11820367;639;
10.03.2025;10:39:35.095;FBTS SI 20250606 PS;SIMPLE_INSTRUMENT;BLOCK;EUR;14;107.02000000;666;EXCHANGE_LAST;;1;1;XEUR;11820367;639;
10.03.2025;11:01:21.138;FBTS SI 20250606 PS;SIMPLE_INSTRUMENT;EFP_FIN;EUR;17;107.03000000;524;EXCHANGE_LAST;;1;1;XEUR;11820367;639;
10.03.2025;12:27:58.333;FBTS SI 20250606 PS;SIMPLE_INSTRUMENT;EFP_FIN;EUR;26;107.04000000;476;EXCHANGE_LAST;;1;1;XEUR;11820367;639;
10.03.2025;13:04:48.313;FBTS SI 20250606 PS;SIMPLE_INSTRUMENT;BLOCK;EUR;27;107.06000000;392;EXCHANGE_LAST;;1;1;XEUR;11820367;639;
10.03.2025;13:15:40.206;FBTS SI 20250606 PS;SIMPLE_INSTRUMENT;EFP_FIN;EUR;28;107.03000000;264;EXCHANGE_LAST;;1;1;XEUR;11820367;639;
10.03.2025;13:44:43.481;FBTS SI 20250606 PS;SIMPLE_INSTRUMENT;EFP_FIN;EUR;31;107.03000000;1550;EXCHANGE_LAST;;1;1;XEUR;11820367;639;
10.03.2025;14:05:59.481;FBTS SI 20250606 PS;SIMPLE_INSTRUMENT;EFP_FIN;EUR;35;107.04000000;222;EXCHANGE_LAST;;1;1;XEUR;11820367;639;
10.03.2025;14:59:58.301;FBTS SI 20250606 PS;SIMPLE_INSTRUMENT;EFP_FIN;EUR;38;107.03000000;196;EXCHANGE_LAST;;1;1;XEUR;11820367;639;
10.03.2025;15:17:02.687;FBTS SI 20250606 PS;SIMPLE_INSTRUMENT;EFP_FIN;EUR;40;107.04000000;518;EXCHANGE_LAST;;1;1;XEUR;11820367;639;
10.03.2025;16:28:14.708;FBTS SI 20250606 PS;SIMPLE_INSTRUMENT;EFP_FIN;EUR;49;107.05000000;952;EXCHANGE_LAST;;1;1;XEUR;11820367;639;
10.03.2025;16:31:49.496;FBTS SI 20250606 PS;SIMPLE_INSTRUMENT;EFP_FIN;EUR;50;106.95000000;952;EXCHANGE_LAST;;1;1;XEUR;11820367;639;
10.03.2025;16:32:25.731;FBTS SI 20250606 PS;SIMPLE_INSTRUMENT;EFP_FIN;EUR;51;106.95000000;2376;EXCHANGE_LAST;;1;1;XEUR;11820367;639;
10.03.2025;16:34:35.691;FBTS SI 20250606 PS;SIMPLE_INSTRUMENT;BLOCK;EUR;53;107.05000000;1190;EXCHANGE_LAST;;1;1;XEUR;11820367;639;
10.03.2025;16:34:48.425;FBTS SI 20250606 PS;SIMPLE_INSTRUMENT;BLOCK;EUR;54;107.05000000;2142;EXCHANGE_LAST;;1;1;XEUR;11820367;639;
10.03.2025;16:36:40.230;FBTS SI 20250606 PS;SIMPLE_INSTRUMENT;EFP_FIN;EUR;55;107.06000000;113;EXCHANGE_LAST;;1;1;XEUR;11820367;639;
10.03.2025;16:51:59.339;FBTS SI 20250606 PS;SIMPLE_INSTRUMENT;EFP_FIN;EUR;56;107.01000000;588;EXCHANGE_LAST;;1;1;XEUR;11820367;639;
10.03.2025;17:11:38.281;FBTS SI 20250606 PS;SIMPLE_INSTRUMENT;BLOCK;EUR;57;107.01000000;1163;EXCHANGE_LAST;;1;1;XEUR;11820367;639;
10.03.2025;09:15:46.208;FCMU SI 20250317 CS;SIMPLE_INSTRUMENT;BLOCK;USD;1;0.04917000;100;EXCHANGE_LAST;;1;1;XEUR;11329545;570874;
10.03.2025;13:22:51.544;FCNK SI 20250616 PS;SIMPLE_INSTRUMENT;BLOCK;NOK;2;11.71653000;54;EXCHANGE_LAST;;1;1;XEUR;7879244;402916;
10.03.2025;13:22:51.544;FCNK SI 20250317 PS;SIMPLE_INSTRUMENT;BLOCK;NOK;3;11.66043000;54;EXCHANGE_LAST;;1;1;XEUR;9136394;402916;
10.03.2025;13:25:19.806;FCNS.S.MAR25.JUN25.SPD;FUTURES_SPREAD;BLOCK;SEK;4;0.00510000;1250;EXCHANGE_LAST;;1;1;XEUR;73788083606126958;402911;
10.03.2025;13:25:19.806;FCNS SI 20250616 PS;SIMPLE_INSTRUMENT;BLOCK;SEK;4;0.93450000;1250;PRC_DECOMP_MEMBER;;;;XEUR;7879240;402911;MEMBER
10.03.2025;13:25:19.806;FCNS SI 20250317 PS;SIMPLE_INSTRUMENT;BLOCK;SEK;4;0.93960000;1250;PRC_DECOMP_MEMBER;;;;XEUR;9136391;402911;MEMBER
10.03.2025;13:30:24.436;FCNS SI 20250616 PS;SIMPLE_INSTRUMENT;EFP_IDX;SEK;5;0.93552000;5;EXCHANGE_LAST;;1;1;XEUR;7879240;402911;
10.03.2025;13:30:25.025;FCNS SI 20250616 PS;SIMPLE_INSTRUMENT;EFP_IDX;SEK;6;0.93553000;1;EXCHANGE_LAST;;1;1;XEUR;7879240;402911;
10.03.2025;16:01:30.588;FCNS SI 20250616 PS;SIMPLE_INSTRUMENT;BLOCK;SEK;7;0.93540000;400;EXCHANGE_LAST;;1;1;XEUR;7879240;402911;
10.03.2025;16:21:22.388;FCNS SI 20250616 PS;SIMPLE_INSTRUMENT;EFP_IDX;SEK;8;0.93463000;172;EXCHANGE_LAST;;1;1;XEUR;7879240;402911;
10.03.2025;16:21:22.936;FCNS SI 20250616 PS;SIMPLE_INSTRUMENT;EFP_IDX;SEK;9;0.93464000;516;EXCHANGE_LAST;;1;1;XEUR;7879240;402911;
10.03.2025;19:39:25.418;FCNS SI 20250616 PS;SIMPLE_INSTRUMENT;EFP_IDX;SEK;10;0.93403000;6;EXCHANGE_LAST;;1;1;XEUR;7879240;402911;
10.03.2025;19:39:26.064;FCNS SI 20250616 PS;SIMPLE_INSTRUMENT;EFP_IDX;SEK;11;0.93404000;199;EXCHANGE_LAST;;1;1;XEUR;7879240;402911;
10.03.2025;11:31:25.717;FDAX SI 20250321 CS;SIMPLE_INSTRUMENT;EFP_IDX;EUR;1;22780.00000000;100;EXCHANGE_LAST;;1;1;XEUR;7561255;589;
10.03.2025;11:42:00.614;FDAX SI 20250321 CS;SIMPLE_INSTRUMENT;EFP_IDX;EUR;2;22800.00000000;100;EXCHANGE_LAST;;1;1;XEUR;7561255;589;
10.03.2025;14:33:58.479;FDAX SI 20250321 CS;SIMPLE_INSTRUMENT;EFP_IDX;EUR;3;22615.00000000;100;EXCHANGE_LAST;;1;1;XEUR;7561255;589;
10.03.2025;14:45:18.603;FDAX SI 20250321 CS;SIMPLE_INSTRUMENT;BLOCK;EUR;4;22630.00000000;400;EXCHANGE_LAST;;1;1;XEUR;7561255;589;
10.03.2025;16:13:27.467;FDAX SI 20250321 CS;SIMPLE_INSTRUMENT;EFP_IDX;EUR;5;22680.00000000;200;EXCHANGE_LAST;;1;1;XEUR;7561255;589;
10.03.2025;16:33:05.612;FDAX SI 20250321 CS;SIMPLE_INSTRUMENT;EFP_IDX;EUR;6;22640.00000000;200;EXCHANGE_LAST;;1;1;XEUR;7561255;589;
10.03.2025;16:39:57.463;FDAX SI 20250321 CS;SIMPLE_INSTRUMENT;EFP_IDX;EUR;7;22642.00000000;3;EXCHANGE_LAST;;1;1;XEUR;7561255;589;
10.03.2025;16:40:04.005;FDAX SI 20250321 CS;SIMPLE_INSTRUMENT;EFP_IDX;EUR;8;22643.00000000;48;EXCHANGE_LAST;;1;1;XEUR;7561255;589;
10.03.2025;16:57:58.849;FDAX SI 20250321 CS;SIMPLE_INSTRUMENT;EFP_IDX;EUR;9;22643.00000000;5;EXCHANGE_LAST;;1;1;XEUR;7561255;589;
10.03.2025;16:58:28.807;FDAX SI 20250321 CS;SIMPLE_INSTRUMENT;EFP_IDX;EUR;10;22644.00000000;90;EXCHANGE_LAST;;1;1;XEUR;7561255;589;
10.03.2025;16:58:59.699;FDAX SI 20250321 CS;SIMPLE_INSTRUMENT;EFP_IDX;EUR;11;22645.00000000;5;EXCHANGE_LAST;;1;1;XEUR;7561255;589;
10.03.2025;16:59:33.603;FDAX SI 20250321 CS;SIMPLE_INSTRUMENT;EFP_IDX;EUR;12;22644.00000000;20;EXCHANGE_LAST;;1;1;XEUR;7561255;589;
10.03.2025;14:03:24.156;FDAX SI 20250321 CS;SIMPLE_INSTRUMENT;VOLA;EUR;671088662;22830.00000000;86;EXCHANGE_LAST;;1;1;XEUR;7561255;589;
10.03.2025;16:35:28.161;FDAX SI 20250321 CS;SIMPLE_INSTRUMENT;VOLA;EUR;671088668;22660.00000000;31;EXCHANGE_LAST;;1;1;XEUR;7561255;589;
10.03.2025;08:58:19.966;FEBD SI 20251219 CS;SIMPLE_INSTRUMENT;BLOCK;EUR;1;11.14000000;270;EXCHANGE_LAST;;1;1;XEUR;5914075;597;
10.03.2025;10:03:02.711;FEBD SI 20251219 CS;SIMPLE_INSTRUMENT;BLOCK;EUR;5;11.14000000;250;EXCHANGE_LAST;;1;1;XEUR;5914075;597;
10.03.2025;13:31:10.092;FEBD SI 20261218 CS;SIMPLE_INSTRUMENT;BLOCK;EUR;12;10.42000000;170;EXCHANGE_LAST;;1;1;XEUR;7158212;597;
10.03.2025;14:44:54.847;FEBD.S.DEC26.DEC27.SPD;FUTURES_SPREAD;BLOCK;EUR;21;0.70000000;1200;EXCHANGE_LAST;;2;1;XEUR;72060158133407012;597;
10.03.2025;14:44:54.847;FEBD SI 20261218 CS;SIMPLE_INSTRUMENT;BLOCK;EUR;21;10.38000000;1200;PRC_DECOMP_MEMBER;;;;XEUR;7158212;597;MEMBER
10.03.2025;14:44:54.847;FEBD SI 20271217 CS;SIMPLE_INSTRUMENT;BLOCK;EUR;21;9.68000000;1200;PRC_DECOMP_MEMBER;;;;XEUR;7776307;597;MEMBER
10.03.2025;15:04:27.422;FEBD SI 20261218 CS;SIMPLE_INSTRUMENT;BLOCK;EUR;27;10.40000000;800;EXCHANGE_LAST;;1;1;XEUR;7158212;597;
10.03.2025;12:47:03.946;FECX SI 20250321 CS;SIMPLE_INSTRUMENT;BLOCK;EUR;9;165.07000000;100;EXCHANGE_LAST;;1;1;XEUR;11427948;410158;
10.03.2025;14:15:37.403;FECX SI 20250620 CS;SIMPLE_INSTRUMENT;BLOCK;EUR;19;166.14000000;35;EXCHANGE_LAST;;1;1;XEUR;11949125;410158;
10.03.2025;14:49:45.922;FECX SI 20250321 CS;SIMPLE_INSTRUMENT;BLOCK;EUR;25;164.92000000;100;EXCHANGE_LAST;;1;1;XEUR;11427948;410158;
10.03.2025;14:49:46.481;FEDV SI 20250321 CS;SIMPLE_INSTRUMENT;BLOCK;EUR;26;1890.00000000;5000;EXCHANGE_LAST;;1;1;XEUR;11359068;596;
10.03.2025;16:13:40.983;FES1 SI 20250321 PS;SIMPLE_INSTRUMENT;BLOCK;EUR;30;2.00000000;450;EXCHANGE_LAST;;1;1;XEUR;11391470;58959;
10.03.2025;08:48:51.192;FESB SI 20250321 CS;SIMPLE_INSTRUMENT;BLOCK;EUR;34;191.00000000;1880;EXCHANGE_LAST;;1;1;XEUR;11359072;605;
10.03.2025;12:47:56.460;FESB SI 20250321 CS;SIMPLE_INSTRUMENT;BLOCK;EUR;57;187.50000000;13400;EXCHANGE_LAST;;1;1;XEUR;11359072;605;
10.03.2025;14:08:14.189;FESB SI 20250321 CS;SIMPLE_INSTRUMENT;BLOCK;EUR;69;188.00000000;2602;EXCHANGE_LAST;;1;1;XEUR;11359072;605;
10.03.2025;16:47:46.411;FESB SI 20250321 CS;SIMPLE_INSTRUMENT;EFP_IDX;EUR;82;186.90000000;94;EXCHANGE_LAST;;1;1;XEUR;11359072;605;
10.03.2025;16:48:14.385;FESB SI 20250321 CS;SIMPLE_INSTRUMENT;EFP_IDX;EUR;83;186.80000000;116;EXCHANGE_LAST;;1;1;XEUR;11359072;605;
10.03.2025;16:58:25.350;FESB SI 20250321 CS;SIMPLE_INSTRUMENT;BLOCK;EUR;88;186.70000000;3202;EXCHANGE_LAST;;1;1;XEUR;11359072;605;
10.03.2025;16:58:54.347;FESB SI 20250321 CS;SIMPLE_INSTRUMENT;BLOCK;EUR;89;186.90000000;2552;EXCHANGE_LAST;;1;1;XEUR;11359072;605;
10.03.2025;14:17:57.729;FESB SI 20250321 CS;SIMPLE_INSTRUMENT;VOLA;EUR;603979813;187.80000000;300;EXCHANGE_LAST;;1;1;XEUR;11359072;605;
10.03.2025;12:10:27.316;FESX SI 20250321 CS;SIMPLE_INSTRUMENT;BLOCK;EUR;1;5422.00000000;3000;EXCHANGE_LAST;;1;1;XEUR;7793482;675;
10.03.2025;12:39:53.472;FESX SI 20250321 CS;SIMPLE_INSTRUMENT;BLOCK;EUR;2;5410.00000000;2000;EXCHANGE_LAST;;1;1;XEUR;7793482;675;
10.03.2025;12:39:17.554;FESX SI 20250321 CS;SIMPLE_INSTRUMENT;BLOCK;EUR;3;5410.00000000;2000;EXCHANGE_LAST;;1;1;XEUR;7793482;675;
10.03.2025;12:39:28.156;FESX SI 20250321 CS;SIMPLE_INSTRUMENT;BLOCK;EUR;4;5410.00000000;2000;EXCHANGE_LAST;;1;1;XEUR;7793482;675;
10.03.2025;13:47:22.447;FESX SI 20250321 CS;SIMPLE_INSTRUMENT;EFP_IDX;EUR;5;5420.00000000;750;EXCHANGE_LAST;;1;1;XEUR;7793482;675;
10.03.2025;13:47:29.027;FESX SI 20250321 CS;SIMPLE_INSTRUMENT;EFP_IDX;EUR;6;5420.00000000;750;EXCHANGE_LAST;;1;1;XEUR;7793482;675;
10.03.2025;14:23:49.034;FESX SI 20250321 CS;SIMPLE_INSTRUMENT;BLOCK;EUR;7;5425.00000000;17100;EXCHANGE_LAST;;1;1;XEUR;7793482;675;
10.03.2025;14:33:09.251;FESX SI 20250321 CS;SIMPLE_INSTRUMENT;BLOCK;EUR;8;5421.00000000;2000;EXCHANGE_LAST;;1;1;XEUR;7793482;675;
10.03.2025;14:36:16.450;FESX SI 20250321 CS;SIMPLE_INSTRUMENT;BLOCK;EUR;9;5421.00000000;3000;EXCHANGE_LAST;;1;1;XEUR;7793482;675;
10.03.2025;16:11:15.245;FESX SI 20250321 CS;SIMPLE_INSTRUMENT;EFP_IDX;EUR;10;5400.00000000;1000;EXCHANGE_LAST;;1;1;XEUR;7793482;675;
10.03.2025;16:34:13.474;FESX SI 20250321 CS;SIMPLE_INSTRUMENT;BLOCK;EUR;11;5385.00000000;4000;EXCHANGE_LAST;;1;1;XEUR;7793482;675;
10.03.2025;16:42:04.215;FESX SI 20250321 CS;SIMPLE_INSTRUMENT;EFP_IDX;EUR;12;5388.00000000;156;EXCHANGE_LAST;;1;1;XEUR;7793482;675;
10.03.2025;16:42:12.464;FESX SI 20250321 CS;SIMPLE_INSTRUMENT;EFP_IDX;EUR;13;5389.00000000;144;EXCHANGE_LAST;;1;1;XEUR;7793482;675;
10.03.2025;16:42:18.808;FESX SI 20250321 CS;SIMPLE_INSTRUMENT;EFP_IDX;EUR;14;5388.00000000;1560;EXCHANGE_LAST;;1;1;XEUR;7793482;675;
10.03.2025;16:42:35.955;FESX SI 20250321 CS;SIMPLE_INSTRUMENT;EFP_IDX;EUR;15;5389.00000000;1440;EXCHANGE_LAST;;1;1;XEUR;7793482;675;
10.03.2025;16:43:05.536;FESX SI 20250321 CS;SIMPLE_INSTRUMENT;EFP_IDX;EUR;16;5385.00000000;114;EXCHANGE_LAST;;1;1;XEUR;7793482;675;
10.03.2025;16:43:20.802;FESX SI 20250321 CS;SIMPLE_INSTRUMENT;EFP_IDX;EUR;17;5393.00000000;100;EXCHANGE_LAST;;1;1;XEUR;7793482;675;
10.03.2025;16:47:53.173;FESX SI 20250321 CS;SIMPLE_INSTRUMENT;EFP_IDX;EUR;18;5389.00000000;120;EXCHANGE_LAST;;1;1;XEUR;7793482;675;
10.03.2025;16:48:11.522;FESX SI 20250321 CS;SIMPLE_INSTRUMENT;EFP_IDX;EUR;19;5388.00000000;71;EXCHANGE_LAST;;1;1;XEUR;7793482;675;
10.03.2025;16:51:03.508;FESX SI 20250321 CS;SIMPLE_INSTRUMENT;EFP_IDX;EUR;20;5388.00000000;108;EXCHANGE_LAST;;1;1;XEUR;7793482;675;
10.03.2025;16:51:24.670;FESX SI 20250321 CS;SIMPLE_INSTRUMENT;EFP_IDX;EUR;21;5389.00000000;292;EXCHANGE_LAST;;1;1;XEUR;7793482;675;
10.03.2025;16:51:53.452;FESX SI 20250321 CS;SIMPLE_INSTRUMENT;EFP_IDX;EUR;22;5388.00000000;237;EXCHANGE_LAST;;1;1;XEUR;7793482;675;
10.03.2025;16:52:27.953;FESX SI 20250321 CS;SIMPLE_INSTRUMENT;EFP_IDX;EUR;23;5389.00000000;363;EXCHANGE_LAST;;1;1;XEUR;7793482;675;
10.03.2025;16:54:25.855;FESX SI 20250321 CS;SIMPLE_INSTRUMENT;EFP_IDX;EUR;24;5389.00000000;128;EXCHANGE_LAST;;1;1;XEUR;7793482;675;
10.03.2025;16:54:17.855;FESX SI 20250321 CS;SIMPLE_INSTRUMENT;EFP_IDX;EUR;25;5388.00000000;22;EXCHANGE_LAST;;1;1;XEUR;7793482;675;
10.03.2025;16:59:41.717;FESX SI 20250321 CS;SIMPLE_INSTRUMENT;EFP_IDX;EUR;26;5388.00000000;830;EXCHANGE_LAST;;1;1;XEUR;7793482;675;
10.03.2025;16:59:51.213;FESX SI 20250321 CS;SIMPLE_INSTRUMENT;EFP_IDX;EUR;27;5389.00000000;1270;EXCHANGE_LAST;;1;1;XEUR;7793482;675;
10.03.2025;09:16:29.616;FESX SI 20250321 CS;SIMPLE_INSTRUMENT;VOLA;EUR;637534215;5425.00000000;280;EXCHANGE_LAST;;1;1;XEUR;7793482;675;
10.03.2025;09:53:12.599;FESX SI 20250321 CS;SIMPLE_INSTRUMENT;VOLA;EUR;637534228;5440.00000000;225;EXCHANGE_LAST;;1;1;XEUR;7793482;675;
10.03.2025;10:04:51.863;FESX SI 20250321 CS;SIMPLE_INSTRUMENT;VOLA;EUR;637534239;5450.00000000;20;EXCHANGE_LAST;;1;1;XEUR;7793482;675;
10.03.2025;10:33:03.729;FESX SI 20250321 CS;SIMPLE_INSTRUMENT;VOLA;EUR;637534250;5430.00000000;390;EXCHANGE_LAST;;1;1;XEUR;7793482;675;
10.03.2025;10:51:20.041;FESX SI 20250321 CS;SIMPLE_INSTRUMENT;VOLA;EUR;637534255;5440.00000000;15;EXCHANGE_LAST;;1;1;XEUR;7793482;675;
10.03.2025;10:59:38.474;FESX SI 20250321 CS;SIMPLE_INSTRUMENT;VOLA;EUR;637534260;5427.00000000;387;EXCHANGE_LAST;;1;1;XEUR;7793482;675;
10.03.2025;12:37:49.442;FESX SI 20250321 CS;SIMPLE_INSTRUMENT;VOLA;EUR;637534277;5405.00000000;315;EXCHANGE_LAST;;1;1;XEUR;7793482;675;
10.03.2025;12:38:32.164;FESX SI 20250321 CS;SIMPLE_INSTRUMENT;VOLA;EUR;637534279;5405.00000000;315;EXCHANGE_LAST;;1;1;XEUR;7793482;675;
10.03.2025;13:07:02.810;FESX SI 20250321 CS;SIMPLE_INSTRUMENT;VOLA;EUR;637534288;5414.00000000;720;EXCHANGE_LAST;;1;1;XEUR;7793482;675;
10.03.2025;13:53:54.486;FESX SI 20250321 CS;SIMPLE_INSTRUMENT;VOLA;EUR;637534305;5423.00000000;514;EXCHANGE_LAST;;1;1;XEUR;7793482;675;
10.03.2025;14:19:49.736;FESX SI 20250321 CS;SIMPLE_INSTRUMENT;VOLA;EUR;637534313;5430.00000000;305;EXCHANGE_LAST;;1;1;XEUR;7793482;675;
10.03.2025;14:19:52.760;FESX SI 20250321 CS;SIMPLE_INSTRUMENT;VOLA;EUR;637534314;5430.00000000;305;EXCHANGE_LAST;;1;1;XEUR;7793482;675;
10.03.2025;15:41:21.441;FESX SI 20250321 CS;SIMPLE_INSTRUMENT;VOLA;EUR;637534348;5401.00000000;224;EXCHANGE_LAST;;1;1;XEUR;7793482;675;
10.03.2025;15:56:03.297;FESX SI 20250321 CS;SIMPLE_INSTRUMENT;VOLA;EUR;637534355;5402.00000000;252;EXCHANGE_LAST;;1;1;XEUR;7793482;675;
10.03.2025;09:20:20.128;FEXD SI 20261218 CS;SIMPLE_INSTRUMENT;BLOCK;EUR;3;156.80000000;150;EXCHANGE_LAST;;1;1;XEUR;2163053;693;
10.03.2025;12:17:30.517;FEXD SI 20271217 CS;SIMPLE_INSTRUMENT;BLOCK;EUR;6;150.80000000;250;EXCHANGE_LAST;;1;1;XEUR;2848338;693;
10.03.2025;12:27:46.634;FEXD SI 20271217 CS;SIMPLE_INSTRUMENT;BLOCK;EUR;7;150.70000000;350;EXCHANGE_LAST;;1;1;XEUR;2848338;693;
10.03.2025;12:38:42.118;FEXD SI 20271217 CS;SIMPLE_INSTRUMENT;BLOCK;EUR;8;150.20000000;500;EXCHANGE_LAST;;2;1;XEUR;2848338;693;
10.03.2025;13:09:08.051;FEXD SI 20261218 CS;SIMPLE_INSTRUMENT;BLOCK;EUR;10;156.50000000;200;EXCHANGE_LAST;;1;1;XEUR;2163053;693;
10.03.2025;13:35:25.785;FEXD SI 20271217 CS;SIMPLE_INSTRUMENT;BLOCK;EUR;13;150.60000000;250;EXCHANGE_LAST;;1;1;XEUR;2848338;693;
10.03.2025;13:59:33.353;FEXD SI 20271217 CS;SIMPLE_INSTRUMENT;BLOCK;EUR;17;150.80000000;250;EXCHANGE_LAST;;1;1;XEUR;2848338;693;
10.03.2025;16:37:53.201;FEXD SI 20271217 CS;SIMPLE_INSTRUMENT;BLOCK;EUR;33;150.20000000;650;EXCHANGE_LAST;;1;1;XEUR;2848338;693;
10.03.2025;07:51:08.696;FGBL SI 20250606 PS;SIMPLE_INSTRUMENT;EFS;EUR;1;127.53000000;466;EXCHANGE_LAST;;1;1;XEUR;11820389;688;
10.03.2025;07:52:51.915;FGBL SI 20250606 PS;SIMPLE_INSTRUMENT;EFS;EUR;2;127.55000000;466;EXCHANGE_LAST;;1;1;XEUR;11820389;688;
10.03.2025;08:02:50.942;FGBL SI 20250606 PS;SIMPLE_INSTRUMENT;EFS;EUR;3;127.59000000;1009;EXCHANGE_LAST;;1;1;XEUR;11820389;688;
10.03.2025;08:21:35.181;FGBL SI 20250606 PS;SIMPLE_INSTRUMENT;EFS;EUR;4;127.72000000;388;EXCHANGE_LAST;;1;1;XEUR;11820389;688;
10.03.2025;08:22:09.307;FGBL SI 20250606 PS;SIMPLE_INSTRUMENT;EFS;EUR;5;127.72000000;388;EXCHANGE_LAST;;1;1;XEUR;11820389;688;
10.03.2025;08:25:49.921;FGBL SI 20250606 PS;SIMPLE_INSTRUMENT;EFS;EUR;6;127.72000000;388;EXCHANGE_LAST;;1;1;XEUR;11820389;688;
10.03.2025;08:28:26.723;FGBL SI 20250606 PS;SIMPLE_INSTRUMENT;EFP_FIN;EUR;7;127.70000000;488;EXCHANGE_LAST;;1;1;XEUR;11820389;688;
10.03.2025;08:28:32.143;FGBL SI 20250606 PS;SIMPLE_INSTRUMENT;EFP_FIN;EUR;8;127.70000000;488;EXCHANGE_LAST;;1;1;XEUR;11820389;688;
10.03.2025;08:43:39.724;FGBL SI 20250606 PS;SIMPLE_INSTRUMENT;EFS;EUR;9;127.72000000;388;EXCHANGE_LAST;;1;1;XEUR;11820389;688;
10.03.2025;09:10:23.655;FGBL SI 20250606 PS;SIMPLE_INSTRUMENT;EFS;EUR;10;127.96000000;279;EXCHANGE_LAST;;1;1;XEUR;11820389;688;
10.03.2025;09:16:52.501;FGBL SI 20250606 PS;SIMPLE_INSTRUMENT;EFP_FIN;EUR;11;127.92000000;399;EXCHANGE_LAST;;1;1;XEUR;11820389;688;
10.03.2025;09:20:43.512;FGBL SI 20250606 PS;SIMPLE_INSTRUMENT;EFP_FIN;EUR;12;127.86000000;245;EXCHANGE_LAST;;1;1;XEUR;11820389;688;
10.03.2025;09:25:47.282;FGBL SI 20250606 PS;SIMPLE_INSTRUMENT;EFS;EUR;13;127.87000000;582;EXCHANGE_LAST;;1;1;XEUR;11820389;688;
10.03.2025;09:27:13.984;FGBL SI 20250606 PS;SIMPLE_INSTRUMENT;EFS;EUR;14;127.87000000;388;EXCHANGE_LAST;;1;1;XEUR;11820389;688;
10.03.2025;09:28:00.321;FGBL SI 20250606 PS;SIMPLE_INSTRUMENT;EFS;EUR;15;127.87000000;272;EXCHANGE_LAST;;1;1;XEUR;11820389;688;
10.03.2025;09:30:02.967;FGBL SI 20250606 PS;SIMPLE_INSTRUMENT;EFS;EUR;16;127.87000000;582;EXCHANGE_LAST;;1;1;XEUR;11820389;688;
10.03.2025;09:31:58.061;FGBL SI 20250606 PS;SIMPLE_INSTRUMENT;EFS;EUR;17;127.87000000;194;EXCHANGE_LAST;;1;1;XEUR;11820389;688;
10.03.2025;09:40:00.879;FGBL SI 20250606 PS;SIMPLE_INSTRUMENT;EFP_FIN;EUR;18;127.86000000;696;EXCHANGE_LAST;;1;1;XEUR;11820389;688;
10.03.2025;09:45:50.852;FGBL SI 20250606 PS;SIMPLE_INSTRUMENT;EFP_FIN;EUR;19;127.79000000;79;EXCHANGE_LAST;;1;1;XEUR;11820389;688;
10.03.2025;09:52:11.044;FGBL SI 20250606 PS;SIMPLE_INSTRUMENT;EFP_FIN;EUR;20;127.79000000;798;EXCHANGE_LAST;;1;1;XEUR;11820389;688;
10.03.2025;09:52:46.236;FGBL SI 20250606 PS;SIMPLE_INSTRUMENT;EFS;EUR;21;127.84000000;1000;EXCHANGE_LAST;;1;1;XEUR;11820389;688;
10.03.2025;09:56:27.752;FGBL SI 20250606 PS;SIMPLE_INSTRUMENT;EFS;EUR;22;127.73000000;432;EXCHANGE_LAST;;1;1;XEUR;11820389;688;
10.03.2025;09:57:51.387;FGBL SI 20250606 PS;SIMPLE_INSTRUMENT;EFS;EUR;23;127.71000000;1393;EXCHANGE_LAST;;1;1;XEUR;11820389;688;
10.03.2025;10:02:14.846;FGBL SI 20250606 PS;SIMPLE_INSTRUMENT;EFS;EUR;24;127.86000000;432;EXCHANGE_LAST;;1;1;XEUR;11820389;688;
10.03.2025;10:04:22.230;FGBL SI 20250606 PS;SIMPLE_INSTRUMENT;EFS;EUR;25;127.88000000;1000;EXCHANGE_LAST;;1;1;XEUR;11820389;688;
10.03.2025;10:05:26.427;FGBL SI 20250606 PS;SIMPLE_INSTRUMENT;EFS;EUR;26;127.83000000;1007;EXCHANGE_LAST;;1;1;XEUR;11820389;688;
10.03.2025;10:05:27.897;FGBL SI 20250606 PS;SIMPLE_INSTRUMENT;EFS;EUR;27;127.84000000;216;EXCHANGE_LAST;;1;1;XEUR;11820389;688;
10.03.2025;10:07:26.548;FGBL SI 20250606 PS;SIMPLE_INSTRUMENT;EFS;EUR;28;127.84000000;216;EXCHANGE_LAST;;1;1;XEUR;11820389;688;
10.03.2025;10:13:46.734;FGBL SI 20250606 PS;SIMPLE_INSTRUMENT;EFS;EUR;29;127.93000000;201;EXCHANGE_LAST;;1;1;XEUR;11820389;688;
10.03.2025;10:14:52.309;FGBL SI 20250606 PS;SIMPLE_INSTRUMENT;EFS;EUR;30;127.84000000;431;EXCHANGE_LAST;;1;1;XEUR;11820389;688;
10.03.2025;10:14:57.297;FGBL SI 20250606 PS;SIMPLE_INSTRUMENT;EFS;EUR;31;127.89000000;431;EXCHANGE_LAST;;1;1;XEUR;11820389;688;
10.03.2025;10:17:37.967;FGBL SI 20250606 PS;SIMPLE_INSTRUMENT;EFP_FIN;EUR;32;127.69000000;199;EXCHANGE_LAST;;1;1;XEUR;11820389;688;
10.03.2025;10:25:25.657;FGBL SI 20250606 PS;SIMPLE_INSTRUMENT;EFP_FIN;EUR;33;127.79000000;231;EXCHANGE_LAST;;1;1;XEUR;11820389;688;
10.03.2025;10:25:52.336;FGBL SI 20250606 PS;SIMPLE_INSTRUMENT;EFP_FIN;EUR;34;127.79000000;334;EXCHANGE_LAST;;1;1;XEUR;11820389;688;
10.03.2025;10:26:11.784;FGBL SI 20250606 PS;SIMPLE_INSTRUMENT;EFS;EUR;35;127.95000000;431;EXCHANGE_LAST;;1;1;XEUR;11820389;688;
10.03.2025;10:27:38.727;FGBL SI 20250606 PS;SIMPLE_INSTRUMENT;EFP_FIN;EUR;36;127.87000000;1496;EXCHANGE_LAST;;1;1;XEUR;11820389;688;
10.03.2025;10:28:25.025;FGBL SI 20250606 PS;SIMPLE_INSTRUMENT;EFP_FIN;EUR;37;127.91000000;639;EXCHANGE_LAST;;1;1;XEUR;11820389;688;
10.03.2025;10:28:48.867;FGBL SI 20250606 PS;SIMPLE_INSTRUMENT;EFS;EUR;38;127.88000000;139;EXCHANGE_LAST;;1;1;XEUR;11820389;688;
10.03.2025;10:30:54.637;FGBL SI 20250606 PS;SIMPLE_INSTRUMENT;EFP_FIN;EUR;39;127.94000000;1130;EXCHANGE_LAST;;1;1;XEUR;11820389;688;
10.03.2025;10:33:22.066;FGBL SI 20250606 PS;SIMPLE_INSTRUMENT;EFS;EUR;40;127.98000000;431;EXCHANGE_LAST;;1;1;XEUR;11820389;688;
10.03.2025;10:33:49.843;FGBL SI 20250606 PS;SIMPLE_INSTRUMENT;EFS;EUR;41;127.96000000;1006;EXCHANGE_LAST;;1;1;XEUR;11820389;688;
10.03.2025;10:38:16.349;FGBL SI 20250606 PS;SIMPLE_INSTRUMENT;EFS;EUR;42;128.00000000;82;EXCHANGE_LAST;;1;1;XEUR;11820389;688;
10.03.2025;10:39:47.759;FGBL SI 20250606 PS;SIMPLE_INSTRUMENT;EFS;EUR;43;127.99000000;463;EXCHANGE_LAST;;1;1;XEUR;11820389;688;
10.03.2025;10:42:25.514;FGBL SI 20250606 PS;SIMPLE_INSTRUMENT;EFS;EUR;44;128.02000000;431;EXCHANGE_LAST;;1;1;XEUR;11820389;688;
10.03.2025;10:42:47.189;FGBL SI 20250606 PS;SIMPLE_INSTRUMENT;EFS;EUR;45;128.00000000;431;EXCHANGE_LAST;;1;1;XEUR;11820389;688;
10.03.2025;10:43:03.464;FGBL SI 20250606 PS;SIMPLE_INSTRUMENT;EFS;EUR;46;128.03000000;431;EXCHANGE_LAST;;1;1;XEUR;11820389;688;
10.03.2025;10:45:59.593;FGBL SI 20250606 PS;SIMPLE_INSTRUMENT;EFS;EUR;47;128.02000000;2156;EXCHANGE_LAST;;1;1;XEUR;11820389;688;
10.03.2025;10:47:18.213;FGBL SI 20250606 PS;SIMPLE_INSTRUMENT;EFS;EUR;48;128.02000000;2156;EXCHANGE_LAST;;1;1;XEUR;11820389;688;
10.03.2025;10:49:53.128;FGBL SI 20250606 PS;SIMPLE_INSTRUMENT;EFS;EUR;49;128.03000000;462;EXCHANGE_LAST;;1;1;XEUR;11820389;688;
10.03.2025;10:56:09.210;FGBL SI 20250606 PS;SIMPLE_INSTRUMENT;EFP_FIN;EUR;50;128.02000000;1161;EXCHANGE_LAST;;1;1;XEUR;11820389;688;
10.03.2025;10:58:34.651;FGBL SI 20250606 PS;SIMPLE_INSTRUMENT;EFP_FIN;EUR;51;127.80000000;2361;EXCHANGE_LAST;;1;1;XEUR;11820389;688;
10.03.2025;11:01:54.429;FGBL SI 20250606 PS;SIMPLE_INSTRUMENT;EFS;EUR;52;127.98000000;503;EXCHANGE_LAST;;1;1;XEUR;11820389;688;
10.03.2025;11:03:11.593;FGBL SI 20250606 PS;SIMPLE_INSTRUMENT;EFS;EUR;53;127.94000000;231;EXCHANGE_LAST;;1;1;XEUR;11820389;688;
10.03.2025;11:13:25.635;FGBL SI 20250606 PS;SIMPLE_INSTRUMENT;EFS;EUR;54;128.07000000;139;EXCHANGE_LAST;;1;1;XEUR;11820389;688;
10.03.2025;11:15:11.896;FGBL SI 20250606 PS;SIMPLE_INSTRUMENT;EFP_FIN;EUR;55;127.93000000;198;EXCHANGE_LAST;;1;1;XEUR;11820389;688;
10.03.2025;11:15:32.005;FGBL SI 20250606 PS;SIMPLE_INSTRUMENT;EFS;EUR;56;128.06000000;215;EXCHANGE_LAST;;1;1;XEUR;11820389;688;
10.03.2025;11:18:17.340;FGBL SI 20250606 PS;SIMPLE_INSTRUMENT;EFS;EUR;57;128.04000000;185;EXCHANGE_LAST;;1;1;XEUR;11820389;688;
10.03.2025;11:19:00.693;FGBL SI 20250606 PS;SIMPLE_INSTRUMENT;EFS;EUR;58;128.06000000;345;EXCHANGE_LAST;;1;1;XEUR;11820389;688;
10.03.2025;11:19:35.021;FGBL SI 20250606 PS;SIMPLE_INSTRUMENT;EFS;EUR;59;128.04000000;464;EXCHANGE_LAST;;1;1;XEUR;11820389;688;
10.03.2025;11:20:58.355;FGBL SI 20250606 PS;SIMPLE_INSTRUMENT;EFS;EUR;60;128.07000000;232;EXCHANGE_LAST;;1;1;XEUR;11820389;688;
10.03.2025;11:25:14.793;FGBL SI 20250606 PS;SIMPLE_INSTRUMENT;EFS;EUR;61;128.04000000;172;EXCHANGE_LAST;;1;1;XEUR;11820389;688;
10.03.2025;11:26:09.178;FGBL SI 20250606 PS;SIMPLE_INSTRUMENT;EFS;EUR;62;127.99000000;232;EXCHANGE_LAST;;1;1;XEUR;11820389;688;
10.03.2025;11:25:57.649;FGBL SI 20250606 PS;SIMPLE_INSTRUMENT;EFS;EUR;63;128.05000000;232;EXCHANGE_LAST;;1;1;XEUR;11820389;688;
10.03.2025;11:33:26.992;FGBL SI 20250606 PS;SIMPLE_INSTRUMENT;EFS;EUR;64;128.06000000;503;EXCHANGE_LAST;;1;1;XEUR;11820389;688;
10.03.2025;11:29:12.056;FGBL SI 20250606 PS;SIMPLE_INSTRUMENT;EFS;EUR;65;128.00000000;463;EXCHANGE_LAST;;1;1;XEUR;11820389;688;
10.03.2025;11:34:26.741;FGBL SI 20250606 PS;SIMPLE_INSTRUMENT;EFS;EUR;66;127.97000000;150;EXCHANGE_LAST;;1;1;XEUR;11820389;688;
10.03.2025;11:43:32.896;FGBL SI 20250606 PS;SIMPLE_INSTRUMENT;EFS;EUR;67;128.03000000;251;EXCHANGE_LAST;;1;1;XEUR;11820389;688;
10.03.2025;11:45:11.193;FGBL SI 20250606 PS;SIMPLE_INSTRUMENT;EFS;EUR;68;128.07000000;862;EXCHANGE_LAST;;1;1;XEUR;11820389;688;
10.03.2025;11:47:09.081;FGBL SI 20250606 PS;SIMPLE_INSTRUMENT;EFS;EUR;69;128.04000000;502;EXCHANGE_LAST;;1;1;XEUR;11820389;688;
10.03.2025;11:49:54.748;FGBL SI 20250606 PS;SIMPLE_INSTRUMENT;EFS;EUR;70;128.01000000;431;EXCHANGE_LAST;;1;1;XEUR;11820389;688;
10.03.2025;11:50:08.756;FGBL SI 20250606 PS;SIMPLE_INSTRUMENT;EFS;EUR;71;128.06000000;352;EXCHANGE_LAST;;1;1;XEUR;11820389;688;
10.03.2025;12:18:33.106;FGBL SI 20250606 PS;SIMPLE_INSTRUMENT;EFS;EUR;72;128.06000000;185;EXCHANGE_LAST;;1;1;XEUR;11820389;688;
10.03.2025;12:19:27.146;FGBL SI 20250606 PS;SIMPLE_INSTRUMENT;EFS;EUR;73;128.03000000;431;EXCHANGE_LAST;;1;1;XEUR;11820389;688;
10.03.2025;12:25:49.240;FGBL SI 20250606 PS;SIMPLE_INSTRUMENT;EFS;EUR;74;128.01000000;431;EXCHANGE_LAST;;1;1;XEUR;11820389;688;
10.03.2025;12:27:55.644;FGBL SI 20250606 PS;SIMPLE_INSTRUMENT;EFS;EUR;75;127.96000000;251;EXCHANGE_LAST;;1;1;XEUR;11820389;688;
10.03.2025;12:28:52.151;FGBL SI 20250606 PS;SIMPLE_INSTRUMENT;EFP_FIN;EUR;76;128.04000000;284;EXCHANGE_LAST;;1;1;XEUR;11820389;688;
10.03.2025;12:36:00.099;FGBL SI 20250606 PS;SIMPLE_INSTRUMENT;EFP_FIN;EUR;77;128.03000000;230;EXCHANGE_LAST;;1;1;XEUR;11820389;688;
10.03.2025;12:33:12.457;FGBL SI 20250606 PS;SIMPLE_INSTRUMENT;EFP_FIN;EUR;78;128.03000000;460;EXCHANGE_LAST;;1;1;XEUR;11820389;688;
10.03.2025;12:36:00.399;FGBL SI 20250606 PS;SIMPLE_INSTRUMENT;EFS;EUR;79;128.04000000;689;EXCHANGE_LAST;;1;1;XEUR;11820389;688;
10.03.2025;12:36:42.711;FGBL SI 20250606 PS;SIMPLE_INSTRUMENT;EFS;EUR;80;128.00000000;209;EXCHANGE_LAST;;1;1;XEUR;11820389;688;
10.03.2025;12:37:45.715;FGBL SI 20250606 PS;SIMPLE_INSTRUMENT;EFS;EUR;81;128.09000000;33;EXCHANGE_LAST;;1;1;XEUR;11820389;688;
10.03.2025;12:37:54.165;FGBL SI 20250606 PS;SIMPLE_INSTRUMENT;EFP_FIN;EUR;82;128.03000000;387;EXCHANGE_LAST;;1;1;XEUR;11820389;688;
10.03.2025;12:38:19.306;FGBL SI 20250606 PS;SIMPLE_INSTRUMENT;EFS;EUR;83;128.03000000;695;EXCHANGE_LAST;;1;1;XEUR;11820389;688;
10.03.2025;12:45:19.745;FGBL SI 20250606 PS;SIMPLE_INSTRUMENT;EFP_FIN;EUR;84;128.10000000;798;EXCHANGE_LAST;;1;1;XEUR;11820389;688;
10.03.2025;12:46:55.278;FGBL SI 20250606 PS;SIMPLE_INSTRUMENT;EFS;EUR;85;127.95000000;431;EXCHANGE_LAST;;1;1;XEUR;11820389;688;
10.03.2025;12:48:22.313;FGBL SI 20250606 PS;SIMPLE_INSTRUMENT;EFS;EUR;86;128.02000000;1005;EXCHANGE_LAST;;1;1;XEUR;11820389;688;
10.03.2025;12:50:54.166;FGBL SI 20250606 PS;SIMPLE_INSTRUMENT;EFS;EUR;87;128.06000000;362;EXCHANGE_LAST;;1;1;XEUR;11820389;688;
10.03.2025;12:50:10.423;FGBL SI 20250606 PS;SIMPLE_INSTRUMENT;EFS;EUR;88;127.98000000;431;EXCHANGE_LAST;;1;1;XEUR;11820389;688;
10.03.2025;12:51:37.621;FGBL SI 20250606 PS;SIMPLE_INSTRUMENT;EFP_FIN;EUR;89;128.07000000;798;EXCHANGE_LAST;;1;1;XEUR;11820389;688;
10.03.2025;13:06:52.174;FGBL SI 20250606 PS;SIMPLE_INSTRUMENT;EFS;EUR;90;127.91000000;431;EXCHANGE_LAST;;1;1;XEUR;11820389;688;
10.03.2025;13:07:17.208;FGBL SI 20250606 PS;SIMPLE_INSTRUMENT;EFS;EUR;91;127.91000000;431;EXCHANGE_LAST;;1;1;XEUR;11820389;688;
10.03.2025;13:15:12.687;FGBL SI 20250606 PS;SIMPLE_INSTRUMENT;EFS;EUR;92;127.83000000;432;EXCHANGE_LAST;;1;1;XEUR;11820389;688;
10.03.2025;13:23:59.250;FGBL SI 20250606 PS;SIMPLE_INSTRUMENT;EFS;EUR;93;127.84000000;464;EXCHANGE_LAST;;1;1;XEUR;11820389;688;
10.03.2025;13:24:24.429;FGBL SI 20250606 PS;SIMPLE_INSTRUMENT;BLOCK;EUR;94;127.87000000;4400;EXCHANGE_LAST;;1;1;XEUR;11820389;688;
10.03.2025;13:45:22.912;FGBL SI 20250606 PS;SIMPLE_INSTRUMENT;EFS;EUR;95;127.86000000;502;EXCHANGE_LAST;;1;1;XEUR;11820389;688;
10.03.2025;13:48:15.933;FGBL SI 20250606 PS;SIMPLE_INSTRUMENT;EFS;EUR;96;127.88000000;464;EXCHANGE_LAST;;1;1;XEUR;11820389;688;
10.03.2025;13:49:48.756;FGBL SI 20250606 PS;SIMPLE_INSTRUMENT;EFS;EUR;97;127.92000000;464;EXCHANGE_LAST;;1;1;XEUR;11820389;688;
10.03.2025;14:02:46.348;FGBL SI 20250606 PS;SIMPLE_INSTRUMENT;EFS;EUR;98;128.01000000;46;EXCHANGE_LAST;;1;1;XEUR;11820389;688;
10.03.2025;14:06:23.958;FGBL SI 20250606 PS;SIMPLE_INSTRUMENT;EFS;EUR;99;128.01000000;463;EXCHANGE_LAST;;1;1;XEUR;11820389;688;
10.03.2025;14:10:13.790;FGBL SI 20250606 PS;SIMPLE_INSTRUMENT;EFS;EUR;100;127.94000000;704;EXCHANGE_LAST;;1;1;XEUR;11820389;688;
10.03.2025;14:13:27.395;FGBL SI 20250606 PS;SIMPLE_INSTRUMENT;EFS;EUR;101;127.94000000;431;EXCHANGE_LAST;;1;1;XEUR;11820389;688;
10.03.2025;14:16:02.498;FGBL SI 20250606 PS;SIMPLE_INSTRUMENT;EFS;EUR;102;127.85000000;432;EXCHANGE_LAST;;1;1;XEUR;11820389;688;
10.03.2025;14:16:17.511;FGBL SI 20250606 PS;SIMPLE_INSTRUMENT;EFS;EUR;103;127.88000000;345;EXCHANGE_LAST;;1;1;XEUR;11820389;688;
10.03.2025;14:16:32.523;FGBL SI 20250606 PS;SIMPLE_INSTRUMENT;EFS;EUR;104;127.88000000;86;EXCHANGE_LAST;;1;1;XEUR;11820389;688;
10.03.2025;14:18:38.244;FGBL SI 20250606 PS;SIMPLE_INSTRUMENT;BLOCK;EUR;105;127.94000000;3018;EXCHANGE_LAST;;1;1;XEUR;11820389;688;
10.03.2025;14:19:32.735;FGBL SI 20250606 PS;SIMPLE_INSTRUMENT;EFS;EUR;106;127.80000000;431;EXCHANGE_LAST;;1;1;XEUR;11820389;688;
10.03.2025;14:22:15.053;FGBL SI 20250606 PS;SIMPLE_INSTRUMENT;EFS;EUR;107;127.81000000;432;EXCHANGE_LAST;;1;1;XEUR;11820389;688;
10.03.2025;14:25:31.394;FGBL SI 20250606 PS;SIMPLE_INSTRUMENT;EFP_FIN;EUR;108;127.99000000;207;EXCHANGE_LAST;;1;1;XEUR;11820389;688;
10.03.2025;14:24:09.547;FGBL SI 20250606 PS;SIMPLE_INSTRUMENT;EFS;EUR;109;127.82000000;432;EXCHANGE_LAST;;1;1;XEUR;11820389;688;
10.03.2025;14:24:23.247;FGBL SI 20250606 PS;SIMPLE_INSTRUMENT;EFP_FIN;EUR;110;127.99000000;83;EXCHANGE_LAST;;1;1;XEUR;11820389;688;
10.03.2025;14:25:46.928;FGBL SI 20250606 PS;SIMPLE_INSTRUMENT;EFS;EUR;111;127.81000000;432;EXCHANGE_LAST;;1;1;XEUR;11820389;688;
10.03.2025;14:28:46.672;FGBL SI 20250606 PS;SIMPLE_INSTRUMENT;EFS;EUR;112;127.83000000;432;EXCHANGE_LAST;;1;1;XEUR;11820389;688;
10.03.2025;14:29:12.169;FGBL SI 20250606 PS;SIMPLE_INSTRUMENT;EFS;EUR;113;127.82000000;432;EXCHANGE_LAST;;1;1;XEUR;11820389;688;
10.03.2025;14:30:21.938;FGBL SI 20250606 PS;SIMPLE_INSTRUMENT;EFS;EUR;114;127.84000000;432;EXCHANGE_LAST;;1;1;XEUR;11820389;688;
10.03.2025;14:31:41.787;FGBL SI 20250606 PS;SIMPLE_INSTRUMENT;EFS;EUR;115;127.83000000;432;EXCHANGE_LAST;;1;1;XEUR;11820389;688;
10.03.2025;14:32:36.043;FGBL SI 20250606 PS;SIMPLE_INSTRUMENT;EFP_FIN;EUR;116;127.80000000;399;EXCHANGE_LAST;;1;1;XEUR;11820389;688;
10.03.2025;14:33:04.592;FGBL SI 20250606 PS;SIMPLE_INSTRUMENT;EFS;EUR;117;127.83000000;216;EXCHANGE_LAST;;1;1;XEUR;11820389;688;
10.03.2025;14:36:32.909;FGBL SI 20250606 PS;SIMPLE_INSTRUMENT;EFS;EUR;118;127.99000000;704;EXCHANGE_LAST;;1;1;XEUR;11820389;688;
10.03.2025;14:40:23.749;FGBL SI 20250606 PS;SIMPLE_INSTRUMENT;EFS;EUR;119;128.01000000;704;EXCHANGE_LAST;;1;1;XEUR;11820389;688;
10.03.2025;14:40:47.795;FGBL SI 20250606 PS;SIMPLE_INSTRUMENT;EFS;EUR;120;127.84000000;432;EXCHANGE_LAST;;1;1;XEUR;11820389;688;
10.03.2025;14:54:07.065;FGBL SI 20250606 PS;SIMPLE_INSTRUMENT;BLOCK;EUR;121;127.77000000;4000;EXCHANGE_LAST;;1;1;XEUR;11820389;688;
10.03.2025;14:57:56.596;FGBL SI 20250606 PS;SIMPLE_INSTRUMENT;EFS;EUR;122;127.95000000;431;EXCHANGE_LAST;;1;1;XEUR;11820389;688;
10.03.2025;15:00:01.701;FGBL SI 20250606 PS;SIMPLE_INSTRUMENT;EFS;EUR;123;127.93000000;302;EXCHANGE_LAST;;1;1;XEUR;11820389;688;
10.03.2025;15:06:50.604;FGBL SI 20250606 PS;SIMPLE_INSTRUMENT;EFS;EUR;124;127.90000000;216;EXCHANGE_LAST;;1;1;XEUR;11820389;688;
10.03.2025;15:09:07.178;FGBL SI 20250606 PS;SIMPLE_INSTRUMENT;EFS;EUR;125;127.89000000;431;EXCHANGE_LAST;;1;1;XEUR;11820389;688;
10.03.2025;15:22:10.121;FGBL SI 20250606 PS;SIMPLE_INSTRUMENT;EFS;EUR;126;127.91000000;503;EXCHANGE_LAST;;1;1;XEUR;11820389;688;
10.03.2025;15:22:29.982;FGBL SI 20250606 PS;SIMPLE_INSTRUMENT;EFP_FIN;EUR;127;127.80000000;50;EXCHANGE_LAST;;1;1;XEUR;11820389;688;
10.03.2025;15:25:03.839;FGBL SI 20250606 PS;SIMPLE_INSTRUMENT;EFP_FIN;EUR;128;127.82000000;135;EXCHANGE_LAST;;1;1;XEUR;11820389;688;
10.03.2025;15:26:08.094;FGBL SI 20250606 PS;SIMPLE_INSTRUMENT;EFP_FIN;EUR;129;127.82000000;101;EXCHANGE_LAST;;1;1;XEUR;11820389;688;
10.03.2025;15:30:49.964;FGBL SI 20250606 PS;SIMPLE_INSTRUMENT;EFP_FIN;EUR;130;127.82000000;59;EXCHANGE_LAST;;1;1;XEUR;11820389;688;
10.03.2025;15:29:00.315;FGBL SI 20250606 PS;SIMPLE_INSTRUMENT;EFP_FIN;EUR;131;127.82000000;117;EXCHANGE_LAST;;1;1;XEUR;11820389;688;
10.03.2025;15:29:57.982;FGBL SI 20250606 PS;SIMPLE_INSTRUMENT;EFS;EUR;132;127.91000000;1006;EXCHANGE_LAST;;1;1;XEUR;11820389;688;
10.03.2025;15:30:37.720;FGBL SI 20250606 PS;SIMPLE_INSTRUMENT;EFP_FIN;EUR;133;127.93000000;1613;EXCHANGE_LAST;;1;1;XEUR;11820389;688;
10.03.2025;15:30:50.384;FGBL SI 20250606 PS;SIMPLE_INSTRUMENT;EFP_FIN;EUR;134;127.82000000;84;EXCHANGE_LAST;;1;1;XEUR;11820389;688;
10.03.2025;15:38:47.748;FGBL SI 20250606 PS;SIMPLE_INSTRUMENT;EFP_FIN;EUR;135;127.86000000;637;EXCHANGE_LAST;;1;1;XEUR;11820389;688;
10.03.2025;15:42:56.761;FGBL SI 20250606 PS;SIMPLE_INSTRUMENT;EFP_FIN;EUR;136;127.85000000;1660;EXCHANGE_LAST;;1;1;XEUR;11820389;688;
10.03.2025;15:54:28.681;FGBL SI 20250606 PS;SIMPLE_INSTRUMENT;EFS;EUR;137;127.77000000;192;EXCHANGE_LAST;;1;1;XEUR;11820389;688;
10.03.2025;15:57:40.551;FGBL SI 20250606 PS;SIMPLE_INSTRUMENT;EFS;EUR;138;127.86000000;923;EXCHANGE_LAST;;1;1;XEUR;11820389;688;
10.03.2025;15:58:42.346;FGBL SI 20250606 PS;SIMPLE_INSTRUMENT;EFS;EUR;139;127.98000000;696;EXCHANGE_LAST;;1;1;XEUR;11820389;688;
10.03.2025;16:00:40.581;FGBL SI 20250606 PS;SIMPLE_INSTRUMENT;EFS;EUR;140;127.86000000;216;EXCHANGE_LAST;;1;1;XEUR;11820389;688;
10.03.2025;16:06:23.539;FGBL SI 20250606 PS;SIMPLE_INSTRUMENT;EFP_FIN;EUR;141;127.91000000;150;EXCHANGE_LAST;;1;1;XEUR;11820389;688;
10.03.2025;16:11:01.945;FGBL SI 20250606 PS;SIMPLE_INSTRUMENT;EFS;EUR;142;127.91000000;506;EXCHANGE_LAST;;1;1;XEUR;11820389;688;
10.03.2025;16:17:01.854;FGBL SI 20250606 PS;SIMPLE_INSTRUMENT;EFS;EUR;143;127.89000000;922;EXCHANGE_LAST;;1;1;XEUR;11820389;688;
10.03.2025;16:19:35.868;FGBL SI 20250606 PS;SIMPLE_INSTRUMENT;EFS;EUR;144;127.90000000;30;EXCHANGE_LAST;;1;1;XEUR;11820389;688;
10.03.2025;16:20:29.760;FGBL SI 20250606 PS;SIMPLE_INSTRUMENT;EFS;EUR;145;127.90000000;500;EXCHANGE_LAST;;1;1;XEUR;11820389;688;
10.03.2025;16:28:34.618;FGBL SI 20250606 PS;SIMPLE_INSTRUMENT;EFS;EUR;146;127.93000000;304;EXCHANGE_LAST;;1;1;XEUR;11820389;688;
10.03.2025;16:34:03.024;FGBL SI 20250606 PS;SIMPLE_INSTRUMENT;EFS;EUR;147;127.87000000;232;EXCHANGE_LAST;;1;1;XEUR;11820389;688;
10.03.2025;16:34:11.910;FGBL SI 20250606 PS;SIMPLE_INSTRUMENT;EFS;EUR;148;127.69000000;1512;EXCHANGE_LAST;;1;1;XEUR;11820389;688;
10.03.2025;16:37:11.240;FGBL SI 20250606 PS;SIMPLE_INSTRUMENT;EFS;EUR;149;127.71000000;216;EXCHANGE_LAST;;1;1;XEUR;11820389;688;
10.03.2025;16:39:47.387;FGBL SI 20250606 PS;SIMPLE_INSTRUMENT;EFS;EUR;150;127.69000000;432;EXCHANGE_LAST;;1;1;XEUR;11820389;688;
10.03.2025;16:41:47.077;FGBL SI 20250606 PS;SIMPLE_INSTRUMENT;EFS;EUR;151;127.63000000;458;EXCHANGE_LAST;;1;1;XEUR;11820389;688;
10.03.2025;16:43:21.280;FGBL SI 20250606 PS;SIMPLE_INSTRUMENT;EFS;EUR;152;127.63000000;432;EXCHANGE_LAST;;1;1;XEUR;11820389;688;
10.03.2025;16:46:03.984;FGBL SI 20250606 PS;SIMPLE_INSTRUMENT;EFS;EUR;153;127.66000000;216;EXCHANGE_LAST;;1;1;XEUR;11820389;688;
10.03.2025;16:51:10.178;FGBL SI 20250606 PS;SIMPLE_INSTRUMENT;EFS;EUR;154;127.84000000;464;EXCHANGE_LAST;;1;1;XEUR;11820389;688;
10.03.2025;17:04:31.019;FGBL SI 20250606 PS;SIMPLE_INSTRUMENT;EFS;EUR;155;127.86000000;206;EXCHANGE_LAST;;1;1;XEUR;11820389;688;
10.03.2025;17:10:58.409;FGBL SI 20250606 PS;SIMPLE_INSTRUMENT;EFS;EUR;156;127.66000000;304;EXCHANGE_LAST;;1;1;XEUR;11820389;688;
10.03.2025;17:16:35.728;FGBL SI 20250606 PS;SIMPLE_INSTRUMENT;EFS;EUR;157;127.66000000;203;EXCHANGE_LAST;;1;1;XEUR;11820389;688;
10.03.2025;17:22:31.050;FGBL SI 20250606 PS;SIMPLE_INSTRUMENT;EFS;EUR;158;127.64000000;1397;EXCHANGE_LAST;;1;1;XEUR;11820389;688;
10.03.2025;17:30:19.461;FGBL SI 20250606 PS;SIMPLE_INSTRUMENT;EFS;EUR;160;127.68000000;506;EXCHANGE_LAST;;1;1;XEUR;11820389;688;
10.03.2025;08:39:47.372;FGBL SI 20250606 PS;SIMPLE_INSTRUMENT;VOLA;EUR;268435474;127.66000000;83;EXCHANGE_LAST;;1;1;XEUR;11820389;688;
10.03.2025;10:59:04.077;FGBL SI 20250606 PS;SIMPLE_INSTRUMENT;VOLA;EUR;268435515;128.00000000;45;EXCHANGE_LAST;;1;1;XEUR;11820389;688;
10.03.2025;11:04:36.348;FGBL SI 20250606 PS;SIMPLE_INSTRUMENT;VOLA;EUR;268435518;128.00000000;25;EXCHANGE_LAST;;1;1;XEUR;11820389;688;
10.03.2025;11:16:16.179;FGBL SI 20250606 PS;SIMPLE_INSTRUMENT;VOLA;EUR;268435527;127.99000000;160;EXCHANGE_LAST;;1;1;XEUR;11820389;688;
10.03.2025;11:17:01.812;FGBL SI 20250606 PS;SIMPLE_INSTRUMENT;VOLA;EUR;268435528;128.08000000;32;EXCHANGE_LAST;;1;1;XEUR;11820389;688;
10.03.2025;11:32:37.270;FGBL SI 20250606 PS;SIMPLE_INSTRUMENT;VOLA;EUR;268435534;127.97000000;385;EXCHANGE_LAST;;1;1;XEUR;11820389;688;
10.03.2025;12:34:25.483;FGBL SI 20250606 PS;SIMPLE_INSTRUMENT;VOLA;EUR;268435555;128.01000000;24;EXCHANGE_LAST;;1;1;XEUR;11820389;688;
10.03.2025;13:02:11.300;FGBL SI 20250606 PS;SIMPLE_INSTRUMENT;VOLA;EUR;268435565;128.05000000;28;EXCHANGE_LAST;;1;1;XEUR;11820389;688;
10.03.2025;13:56:40.858;FGBL SI 20250606 PS;SIMPLE_INSTRUMENT;VOLA;EUR;268435579;127.90000000;30;EXCHANGE_LAST;;1;1;XEUR;11820389;688;
10.03.2025;14:01:23.863;FGBL SI 20250606 PS;SIMPLE_INSTRUMENT;VOLA;EUR;268435584;127.90000000;50;EXCHANGE_LAST;;1;1;XEUR;11820389;688;
10.03.2025;14:47:27.974;FGBL SI 20250606 PS;SIMPLE_INSTRUMENT;VOLA;EUR;268435595;127.80000000;333;EXCHANGE_LAST;;1;1;XEUR;11820389;688;
10.03.2025;14:48:18.140;FGBL SI 20250606 PS;SIMPLE_INSTRUMENT;VOLA;EUR;268435596;127.85000000;75;EXCHANGE_LAST;;1;1;XEUR;11820389;688;
10.03.2025;14:48:46.142;FGBL SI 20250606 PS;SIMPLE_INSTRUMENT;VOLA;EUR;268435598;127.87000000;25;EXCHANGE_LAST;;1;1;XEUR;11820389;688;
10.03.2025;15:50:04.297;FGBL SI 20250606 PS;SIMPLE_INSTRUMENT;VOLA;EUR;268435614;127.91000000;600;EXCHANGE_LAST;;1;1;XEUR;11820389;688;
10.03.2025;15:58:45.102;FGBL SI 20250606 PS;SIMPLE_INSTRUMENT;VOLA;EUR;268435618;127.90000000;50;EXCHANGE_LAST;;1;1;XEUR;11820389;688;
10.03.2025;15:58:59.103;FGBL SI 20250606 PS;SIMPLE_INSTRUMENT;VOLA;EUR;268435619;127.92000000;50;EXCHANGE_LAST;;1;1;XEUR;11820389;688;
10.03.2025;16:51:33.472;FGBL SI 20250606 PS;SIMPLE_INSTRUMENT;VOLA;EUR;268435630;127.64000000;307;EXCHANGE_LAST;;1;1;XEUR;11820389;688;
10.03.2025;16:57:56.954;FGBL SI 20250606 PS;SIMPLE_INSTRUMENT;VOLA;EUR;268435633;127.86000000;32;EXCHANGE_LAST;;1;1;XEUR;11820389;688;
10.03.2025;08:36:47.976;FGBM SI 20250606 PS;SIMPLE_INSTRUMENT;EFS;EUR;1;116.86000000;944;EXCHANGE_LAST;;1;1;XEUR;11820390;689;
10.03.2025;08:37:48.744;FGBM SI 20250606 PS;SIMPLE_INSTRUMENT;EFP_FIN;EUR;2;116.89000000;796;EXCHANGE_LAST;;1;1;XEUR;11820390;689;
10.03.2025;08:41:53.173;FGBM SI 20250606 PS;SIMPLE_INSTRUMENT;EFS;EUR;3;116.88000000;944;EXCHANGE_LAST;;1;1;XEUR;11820390;689;
10.03.2025;08:49:41.414;FGBM SI 20250606 PS;SIMPLE_INSTRUMENT;EFS;EUR;4;116.89000000;943;EXCHANGE_LAST;;1;1;XEUR;11820390;689;
10.03.2025;08:50:09.553;FGBM SI 20250606 PS;SIMPLE_INSTRUMENT;BLOCK;EUR;5;116.94000000;3600;EXCHANGE_LAST;;1;1;XEUR;11820390;689;
10.03.2025;08:50:19.554;FGBM SI 20250606 PS;SIMPLE_INSTRUMENT;BLOCK;EUR;6;116.95000000;3600;EXCHANGE_LAST;;1;1;XEUR;11820390;689;
10.03.2025;08:52:28.272;FGBM SI 20250606 PS;SIMPLE_INSTRUMENT;EFS;EUR;7;116.98000000;421;EXCHANGE_LAST;;1;1;XEUR;11820390;689;
10.03.2025;08:53:33.397;FGBM SI 20250606 PS;SIMPLE_INSTRUMENT;EFS;EUR;8;116.98000000;421;EXCHANGE_LAST;;1;1;XEUR;11820390;689;
10.03.2025;08:55:43.466;FGBM SI 20250606 PS;SIMPLE_INSTRUMENT;EFS;EUR;9;116.98000000;421;EXCHANGE_LAST;;1;1;XEUR;11820390;689;
10.03.2025;09:05:11.098;FGBM SI 20250606 PS;SIMPLE_INSTRUMENT;EFS;EUR;10;116.82000000;1322;EXCHANGE_LAST;;1;1;XEUR;11820390;689;
10.03.2025;09:07:48.949;FGBM SI 20250606 PS;SIMPLE_INSTRUMENT;EFP_FIN;EUR;11;116.95000000;408;EXCHANGE_LAST;;1;1;XEUR;11820390;689;
10.03.2025;09:21:25.431;FGBM SI 20250606 PS;SIMPLE_INSTRUMENT;EFS;EUR;12;116.97000000;943;EXCHANGE_LAST;;1;1;XEUR;11820390;689;
10.03.2025;09:27:32.303;FGBM SI 20250606 PS;SIMPLE_INSTRUMENT;EFS;EUR;13;116.97000000;2814;EXCHANGE_LAST;;1;1;XEUR;11820390;689;
10.03.2025;09:30:18.025;FGBM SI 20250606 PS;SIMPLE_INSTRUMENT;EFP_FIN;EUR;14;116.92000000;1278;EXCHANGE_LAST;;1;1;XEUR;11820390;689;
10.03.2025;09:39:38.022;FGBM SI 20250606 PS;SIMPLE_INSTRUMENT;EFP_FIN;EUR;15;116.94000000;69;EXCHANGE_LAST;;1;1;XEUR;11820390;689;
10.03.2025;09:40:17.145;FGBM SI 20250606 PS;SIMPLE_INSTRUMENT;EFS;EUR;16;116.97000000;471;EXCHANGE_LAST;;1;1;XEUR;11820390;689;
10.03.2025;09:43:22.997;FGBM SI 20250606 PS;SIMPLE_INSTRUMENT;EFS;EUR;17;116.95000000;843;EXCHANGE_LAST;;1;1;XEUR;11820390;689;
10.03.2025;09:47:26.786;FGBM SI 20250606 PS;SIMPLE_INSTRUMENT;EFP_FIN;EUR;18;116.92000000;1161;EXCHANGE_LAST;;1;1;XEUR;11820390;689;
10.03.2025;09:54:19.121;FGBM SI 20250606 PS;SIMPLE_INSTRUMENT;EFP_FIN;EUR;19;116.90000000;409;EXCHANGE_LAST;;1;1;XEUR;11820390;689;
10.03.2025;10:02:14.802;FGBM SI 20250606 PS;SIMPLE_INSTRUMENT;EFS;EUR;20;116.98000000;791;EXCHANGE_LAST;;1;1;XEUR;11820390;689;
10.03.2025;10:06:51.887;FGBM SI 20250606 PS;SIMPLE_INSTRUMENT;EFS;EUR;21;116.98000000;842;EXCHANGE_LAST;;1;1;XEUR;11820390;689;
10.03.2025;10:15:45.934;FGBM SI 20250606 PS;SIMPLE_INSTRUMENT;EFP_FIN;EUR;22;116.91000000;69;EXCHANGE_LAST;;1;1;XEUR;11820390;689;
10.03.2025;10:11:47.448;FGBM SI 20250606 PS;SIMPLE_INSTRUMENT;EFP_FIN;EUR;23;116.92000000;1800;EXCHANGE_LAST;;1;1;XEUR;11820390;689;
10.03.2025;10:12:18.642;FGBM SI 20250606 PS;SIMPLE_INSTRUMENT;EFP_FIN;EUR;24;116.91000000;95;EXCHANGE_LAST;;1;1;XEUR;11820390;689;
10.03.2025;10:12:33.672;FGBM SI 20250606 PS;SIMPLE_INSTRUMENT;EFP_FIN;EUR;25;116.91000000;164;EXCHANGE_LAST;;1;1;XEUR;11820390;689;
10.03.2025;10:16:16.186;FGBM SI 20250606 PS;SIMPLE_INSTRUMENT;EFP_FIN;EUR;26;116.91000000;69;EXCHANGE_LAST;;1;1;XEUR;11820390;689;
10.03.2025;10:15:17.603;FGBM SI 20250606 PS;SIMPLE_INSTRUMENT;EFP_FIN;EUR;27;116.91000000;76;EXCHANGE_LAST;;1;1;XEUR;11820390;689;
10.03.2025;10:16:33.874;FGBM SI 20250606 PS;SIMPLE_INSTRUMENT;EFS;EUR;28;117.00000000;842;EXCHANGE_LAST;;1;1;XEUR;11820390;689;
10.03.2025;10:17:21.664;FGBM SI 20250606 PS;SIMPLE_INSTRUMENT;EFS;EUR;29;117.00000000;842;EXCHANGE_LAST;;1;1;XEUR;11820390;689;
10.03.2025;10:21:58.803;FGBM SI 20250606 PS;SIMPLE_INSTRUMENT;EFS;EUR;30;117.02000000;942;EXCHANGE_LAST;;1;1;XEUR;11820390;689;
10.03.2025;10:23:42.886;FGBM SI 20250606 PS;SIMPLE_INSTRUMENT;EFP_FIN;EUR;31;116.95000000;205;EXCHANGE_LAST;;1;1;XEUR;11820390;689;
10.03.2025;10:37:34.646;FGBM SI 20250606 PS;SIMPLE_INSTRUMENT;EFP_FIN;EUR;32;117.04000000;896;EXCHANGE_LAST;;1;1;XEUR;11820390;689;
10.03.2025;10:39:48.810;FGBM SI 20250606 PS;SIMPLE_INSTRUMENT;EFS;EUR;33;117.07000000;867;EXCHANGE_LAST;;1;1;XEUR;11820390;689;
10.03.2025;10:42:38.442;FGBM SI 20250606 PS;SIMPLE_INSTRUMENT;EFS;EUR;34;117.08000000;842;EXCHANGE_LAST;;1;1;XEUR;11820390;689;
10.03.2025;10:47:01.595;FGBM SI 20250606 PS;SIMPLE_INSTRUMENT;EFP_FIN;EUR;35;116.88000000;198;EXCHANGE_LAST;;1;1;XEUR;11820390;689;
10.03.2025;10:56:36.752;FGBM SI 20250606 PS;SIMPLE_INSTRUMENT;EFS;EUR;36;117.07000000;445;EXCHANGE_LAST;;1;1;XEUR;11820390;689;
10.03.2025;11:10:20.457;FGBM SI 20250606 PS;SIMPLE_INSTRUMENT;EFS;EUR;37;117.08000000;1230;EXCHANGE_LAST;;1;1;XEUR;11820390;689;
10.03.2025;11:22:23.787;FGBM SI 20250606 PS;SIMPLE_INSTRUMENT;EFP_FIN;EUR;38;117.03000000;201;EXCHANGE_LAST;;1;1;XEUR;11820390;689;
10.03.2025;11:22:39.781;FGBM SI 20250606 PS;SIMPLE_INSTRUMENT;EFP_FIN;EUR;39;117.03000000;201;EXCHANGE_LAST;;1;1;XEUR;11820390;689;
10.03.2025;11:28:08.775;FGBM SI 20250606 PS;SIMPLE_INSTRUMENT;EFS;EUR;40;117.05000000;1302;EXCHANGE_LAST;;1;1;XEUR;11820390;689;
10.03.2025;11:28:26.004;FGBM SI 20250606 PS;SIMPLE_INSTRUMENT;EFS;EUR;41;117.06000000;942;EXCHANGE_LAST;;1;1;XEUR;11820390;689;
10.03.2025;11:30:34.172;FGBM SI 20250606 PS;SIMPLE_INSTRUMENT;EFS;EUR;42;117.05000000;942;EXCHANGE_LAST;;1;1;XEUR;11820390;689;
10.03.2025;11:32:29.524;FGBM SI 20250606 PS;SIMPLE_INSTRUMENT;EFS;EUR;43;117.06000000;871;EXCHANGE_LAST;;1;1;XEUR;11820390;689;
10.03.2025;11:43:20.786;FGBM SI 20250606 PS;SIMPLE_INSTRUMENT;EFS;EUR;44;117.09000000;1580;EXCHANGE_LAST;;1;1;XEUR;11820390;689;
10.03.2025;11:45:37.563;FGBM SI 20250606 PS;SIMPLE_INSTRUMENT;EFP_FIN;EUR;45;117.05000000;270;EXCHANGE_LAST;;1;1;XEUR;11820390;689;
10.03.2025;11:49:25.812;FGBM SI 20250606 PS;SIMPLE_INSTRUMENT;EFS;EUR;46;117.06000000;790;EXCHANGE_LAST;;1;1;XEUR;11820390;689;
10.03.2025;11:54:17.452;FGBM SI 20250606 PS;SIMPLE_INSTRUMENT;EFP_FIN;EUR;47;117.08000000;358;EXCHANGE_LAST;;1;1;XEUR;11820390;689;
10.03.2025;11:59:21.839;FGBM SI 20250606 PS;SIMPLE_INSTRUMENT;EFP_FIN;EUR;48;117.07000000;69;EXCHANGE_LAST;;1;1;XEUR;11820390;689;
10.03.2025;12:05:23.866;FGBM SI 20250606 PS;SIMPLE_INSTRUMENT;EFP_FIN;EUR;49;117.07000000;193;EXCHANGE_LAST;;1;1;XEUR;11820390;689;
10.03.2025;12:19:27.101;FGBM SI 20250606 PS;SIMPLE_INSTRUMENT;EFS;EUR;50;117.08000000;791;EXCHANGE_LAST;;1;1;XEUR;11820390;689;
10.03.2025;12:25:07.151;FGBM SI 20250606 PS;SIMPLE_INSTRUMENT;EFP_FIN;EUR;51;117.06000000;82;EXCHANGE_LAST;;1;1;XEUR;11820390;689;
10.03.2025;12:26:51.283;FGBM SI 20250606 PS;SIMPLE_INSTRUMENT;EFP_FIN;EUR;52;117.06000000;267;EXCHANGE_LAST;;1;1;XEUR;11820390;689;
10.03.2025;12:36:34.415;FGBM SI 20250606 PS;SIMPLE_INSTRUMENT;EFS;EUR;53;117.11000000;841;EXCHANGE_LAST;;1;1;XEUR;11820390;689;
10.03.2025;12:40:40.909;FGBM SI 20250606 PS;SIMPLE_INSTRUMENT;EFP_FIN;EUR;54;117.10000000;298;EXCHANGE_LAST;;1;1;XEUR;11820390;689;
10.03.2025;12:47:09.462;FGBM SI 20250606 PS;SIMPLE_INSTRUMENT;EFP_FIN;EUR;55;117.04000000;344;EXCHANGE_LAST;;1;1;XEUR;11820390;689;
10.03.2025;12:50:05.468;FGBM SI 20250606 PS;SIMPLE_INSTRUMENT;EFP_FIN;EUR;56;117.08000000;344;EXCHANGE_LAST;;1;1;XEUR;11820390;689;
10.03.2025;13:08:49.790;FGBM SI 20250606 PS;SIMPLE_INSTRUMENT;EFP_FIN;EUR;57;117.03000000;413;EXCHANGE_LAST;;1;1;XEUR;11820390;689;
10.03.2025;13:28:33.837;FGBM SI 20250606 PS;SIMPLE_INSTRUMENT;EFP_FIN;EUR;58;117.01000000;403;EXCHANGE_LAST;;1;1;XEUR;11820390;689;
10.03.2025;13:35:44.619;FGBM SI 20250606 PS;SIMPLE_INSTRUMENT;EFS;EUR;59;117.02000000;843;EXCHANGE_LAST;;1;1;XEUR;11820390;689;
10.03.2025;13:38:30.683;FGBM SI 20250606 PS;SIMPLE_INSTRUMENT;EFS;EUR;60;116.99000000;1738;EXCHANGE_LAST;;1;1;XEUR;11820390;689;
10.03.2025;13:43:07.526;FGBM SI 20250606 PS;SIMPLE_INSTRUMENT;EFS;EUR;61;117.02000000;2607;EXCHANGE_LAST;;1;1;XEUR;11820390;689;
10.03.2025;13:46:06.902;FGBM SI 20250606 PS;SIMPLE_INSTRUMENT;EFS;EUR;62;116.98000000;845;EXCHANGE_LAST;;1;1;XEUR;11820390;689;
10.03.2025;13:55:03.226;FGBM SI 20250606 PS;SIMPLE_INSTRUMENT;EFS;EUR;63;117.02000000;853;EXCHANGE_LAST;;1;1;XEUR;11820390;689;
10.03.2025;13:59:26.109;FGBM SI 20250606 PS;SIMPLE_INSTRUMENT;EFS;EUR;64;117.04000000;1739;EXCHANGE_LAST;;1;1;XEUR;11820390;689;
10.03.2025;14:23:38.332;FGBM SI 20250606 PS;SIMPLE_INSTRUMENT;EFS;EUR;65;117.00000000;853;EXCHANGE_LAST;;1;1;XEUR;11820390;689;
10.03.2025;14:25:58.584;FGBM SI 20250606 PS;SIMPLE_INSTRUMENT;EFS;EUR;66;116.98000000;853;EXCHANGE_LAST;;1;1;XEUR;11820390;689;
10.03.2025;14:45:06.018;FGBM SI 20250606 PS;SIMPLE_INSTRUMENT;EFS;EUR;67;116.99000000;1769;EXCHANGE_LAST;;1;1;XEUR;11820390;689;
10.03.2025;14:45:51.088;FGBM SI 20250606 PS;SIMPLE_INSTRUMENT;EFS;EUR;68;116.97000000;382;EXCHANGE_LAST;;1;1;XEUR;11820390;689;
10.03.2025;14:58:11.661;FGBM SI 20250606 PS;SIMPLE_INSTRUMENT;EFS;EUR;69;117.00000000;412;EXCHANGE_LAST;;1;1;XEUR;11820390;689;
10.03.2025;15:07:02.066;FGBM SI 20250606 PS;SIMPLE_INSTRUMENT;EFS;EUR;70;117.03000000;421;EXCHANGE_LAST;;1;1;XEUR;11820390;689;
10.03.2025;15:08:12.130;FGBM SI 20250606 PS;SIMPLE_INSTRUMENT;EFS;EUR;71;117.03000000;421;EXCHANGE_LAST;;1;1;XEUR;11820390;689;
10.03.2025;15:25:07.917;FGBM SI 20250606 PS;SIMPLE_INSTRUMENT;EFP_FIN;EUR;72;116.99000000;345;EXCHANGE_LAST;;1;1;XEUR;11820390;689;
10.03.2025;15:23:27.386;FGBM SI 20250606 PS;SIMPLE_INSTRUMENT;EFP_FIN;EUR;73;116.99000000;69;EXCHANGE_LAST;;1;1;XEUR;11820390;689;
10.03.2025;15:24:20.966;FGBM SI 20250606 PS;SIMPLE_INSTRUMENT;EFP_FIN;EUR;74;116.99000000;94;EXCHANGE_LAST;;1;1;XEUR;11820390;689;
10.03.2025;15:24:29.458;FGBM SI 20250606 PS;SIMPLE_INSTRUMENT;EFP_FIN;EUR;75;116.99000000;81;EXCHANGE_LAST;;1;1;XEUR;11820390;689;
10.03.2025;15:25:45.019;FGBM SI 20250606 PS;SIMPLE_INSTRUMENT;EFP_FIN;EUR;76;116.99000000;82;EXCHANGE_LAST;;1;1;XEUR;11820390;689;
10.03.2025;15:39:12.685;FGBM SI 20250606 PS;SIMPLE_INSTRUMENT;EFP_FIN;EUR;77;116.99000000;281;EXCHANGE_LAST;;1;1;XEUR;11820390;689;
10.03.2025;15:40:28.313;FGBM SI 20250606 PS;SIMPLE_INSTRUMENT;EFP_FIN;EUR;78;116.98000000;1022;EXCHANGE_LAST;;1;1;XEUR;11820390;689;
10.03.2025;15:45:49.350;FGBM SI 20250606 PS;SIMPLE_INSTRUMENT;EFS;EUR;79;116.98000000;435;EXCHANGE_LAST;;1;1;XEUR;11820390;689;
10.03.2025;15:48:58.964;FGBM SI 20250606 PS;SIMPLE_INSTRUMENT;EFS;EUR;80;117.05000000;435;EXCHANGE_LAST;;1;1;XEUR;11820390;689;
10.03.2025;15:49:20.670;FGBM SI 20250606 PS;SIMPLE_INSTRUMENT;EFS;EUR;81;117.05000000;435;EXCHANGE_LAST;;1;1;XEUR;11820390;689;
10.03.2025;15:52:58.675;FGBM SI 20250606 PS;SIMPLE_INSTRUMENT;EFS;EUR;82;116.99000000;719;EXCHANGE_LAST;;1;1;XEUR;11820390;689;
10.03.2025;15:59:17.902;FGBM SI 20250606 PS;SIMPLE_INSTRUMENT;EFS;EUR;83;117.02000000;1741;EXCHANGE_LAST;;1;1;XEUR;11820390;689;
10.03.2025;16:04:26.114;FGBM SI 20250606 PS;SIMPLE_INSTRUMENT;EFP_FIN;EUR;84;117.00000000;213;EXCHANGE_LAST;;1;1;XEUR;11820390;689;
10.03.2025;16:12:43.839;FGBM SI 20250606 PS;SIMPLE_INSTRUMENT;EFS;EUR;85;117.07000000;842;EXCHANGE_LAST;;1;1;XEUR;11820390;689;
10.03.2025;16:19:34.752;FGBM SI 20250606 PS;SIMPLE_INSTRUMENT;EFS;EUR;86;117.05000000;1300;EXCHANGE_LAST;;1;1;XEUR;11820390;689;
10.03.2025;16:19:28.866;FGBM SI 20250606 PS;SIMPLE_INSTRUMENT;EFS;EUR;87;117.00000000;320;EXCHANGE_LAST;;1;1;XEUR;11820390;689;
10.03.2025;16:31:50.679;FGBM SI 20250606 PS;SIMPLE_INSTRUMENT;EFP_FIN;EUR;88;117.03000000;81;EXCHANGE_LAST;;1;1;XEUR;11820390;689;
10.03.2025;16:41:10.497;FGBM SI 20250606 PS;SIMPLE_INSTRUMENT;EFS;EUR;89;116.91000000;843;EXCHANGE_LAST;;1;1;XEUR;11820390;689;
10.03.2025;16:42:39.450;FGBM SI 20250606 PS;SIMPLE_INSTRUMENT;EFS;EUR;90;116.88000000;791;EXCHANGE_LAST;;1;1;XEUR;11820390;689;
10.03.2025;17:03:04.651;FGBM SI 20250606 PS;SIMPLE_INSTRUMENT;EFS;EUR;91;117.02000000;776;EXCHANGE_LAST;;1;1;XEUR;11820390;689;
10.03.2025;08:07:40.956;FGBS SI 20250606 PS;SIMPLE_INSTRUMENT;EFS;EUR;1;106.58500000;2203;EXCHANGE_LAST;;1;1;XEUR;11820391;690;
10.03.2025;08:49:52.551;FGBS SI 20250606 PS;SIMPLE_INSTRUMENT;BLOCK;EUR;2;106.61500000;21600;EXCHANGE_LAST;;1;1;XEUR;11820391;690;
10.03.2025;09:08:18.615;FGBS SI 20250606 PS;SIMPLE_INSTRUMENT;EFP_FIN;EUR;3;106.64000000;485;EXCHANGE_LAST;;1;1;XEUR;11820391;690;
10.03.2025;09:19:18.423;FGBS SI 20250606 PS;SIMPLE_INSTRUMENT;EFS;EUR;4;106.62000000;2753;EXCHANGE_LAST;;1;1;XEUR;11820391;690;
10.03.2025;09:35:32.535;FGBS SI 20250606 PS;SIMPLE_INSTRUMENT;EFP_FIN;EUR;5;106.60000000;469;EXCHANGE_LAST;;1;1;XEUR;11820391;690;
10.03.2025;09:40:26.182;FGBS SI 20250606 PS;SIMPLE_INSTRUMENT;EFP_FIN;EUR;6;106.62000000;82;EXCHANGE_LAST;;1;1;XEUR;11820391;690;
10.03.2025;09:42:13.498;FGBS SI 20250606 PS;SIMPLE_INSTRUMENT;EFP_FIN;EUR;7;106.62000000;110;EXCHANGE_LAST;;1;1;XEUR;11820391;690;
10.03.2025;09:42:13.151;FGBS SI 20250606 PS;SIMPLE_INSTRUMENT;EFS;EUR;8;106.62000000;1378;EXCHANGE_LAST;;1;1;XEUR;11820391;690;
10.03.2025;10:05:50.142;FGBS SI 20250606 PS;SIMPLE_INSTRUMENT;EFP_FIN;EUR;9;106.61000000;938;EXCHANGE_LAST;;1;1;XEUR;11820391;690;
10.03.2025;10:06:31.715;FGBS SI 20250606 PS;SIMPLE_INSTRUMENT;EFP_FIN;EUR;10;106.61000000;469;EXCHANGE_LAST;;1;1;XEUR;11820391;690;
10.03.2025;10:40:00.370;FGBS SI 20250606 PS;SIMPLE_INSTRUMENT;EFP_FIN;EUR;11;106.64000000;442;EXCHANGE_LAST;;1;1;XEUR;11820391;690;
10.03.2025;10:59:49.411;FGBS SI 20250606 PS;SIMPLE_INSTRUMENT;EFP_FIN;EUR;12;106.64000000;1430;EXCHANGE_LAST;;1;1;XEUR;11820391;690;
10.03.2025;11:27:29.167;FGBS SI 20250606 PS;SIMPLE_INSTRUMENT;EFS;EUR;13;106.64500000;2630;EXCHANGE_LAST;;1;1;XEUR;11820391;690;
10.03.2025;12:19:39.700;FGBS SI 20250606 PS;SIMPLE_INSTRUMENT;EFP_FIN;EUR;14;106.64500000;1979;EXCHANGE_LAST;;1;1;XEUR;11820391;690;
10.03.2025;13:04:50.088;FGBS SI 20250606 PS;SIMPLE_INSTRUMENT;EFS;EUR;15;106.65500000;1277;EXCHANGE_LAST;;1;1;XEUR;11820391;690;
10.03.2025;13:20:26.465;FGBS SI 20250606 PS;SIMPLE_INSTRUMENT;EFP_FIN;EUR;16;106.63500000;660;EXCHANGE_LAST;;1;1;XEUR;11820391;690;
10.03.2025;13:24:04.859;FGBS SI 20250606 PS;SIMPLE_INSTRUMENT;EFS;EUR;17;106.64000000;2752;EXCHANGE_LAST;;1;1;XEUR;11820391;690;
10.03.2025;13:45:38.200;FGBS SI 20250606 PS;SIMPLE_INSTRUMENT;EFS;EUR;18;106.63000000;484;EXCHANGE_LAST;;1;1;XEUR;11820391;690;
10.03.2025;13:47:16.228;FGBS SI 20250606 PS;SIMPLE_INSTRUMENT;EFP_FIN;EUR;19;106.60000000;938;EXCHANGE_LAST;;1;1;XEUR;11820391;690;
10.03.2025;13:51:49.640;FGBS SI 20250606 PS;SIMPLE_INSTRUMENT;EFS;EUR;20;106.62000000;1200;EXCHANGE_LAST;;1;1;XEUR;11820391;690;
10.03.2025;13:55:23.023;FGBS SI 20250606 PS;SIMPLE_INSTRUMENT;EFP_FIN;EUR;21;106.63000000;101;EXCHANGE_LAST;;1;1;XEUR;11820391;690;
10.03.2025;13:59:45.506;FGBS SI 20250606 PS;SIMPLE_INSTRUMENT;EFP_FIN;EUR;22;106.64000000;104;EXCHANGE_LAST;;1;1;XEUR;11820391;690;
10.03.2025;14:01:14.319;FGBS SI 20250606 PS;SIMPLE_INSTRUMENT;EFP_FIN;EUR;23;106.63000000;264;EXCHANGE_LAST;;1;1;XEUR;11820391;690;
10.03.2025;14:00:33.588;FGBS SI 20250606 PS;SIMPLE_INSTRUMENT;EFP_FIN;EUR;24;106.63000000;594;EXCHANGE_LAST;;1;1;XEUR;11820391;690;
10.03.2025;14:05:09.892;FGBS SI 20250606 PS;SIMPLE_INSTRUMENT;EFP_FIN;EUR;25;106.64000000;1038;EXCHANGE_LAST;;1;1;XEUR;11820391;690;
10.03.2025;14:05:28.391;FGBS SI 20250606 PS;SIMPLE_INSTRUMENT;EFP_FIN;EUR;26;106.63000000;551;EXCHANGE_LAST;;1;1;XEUR;11820391;690;
10.03.2025;14:12:43.569;FGBS SI 20250606 PS;SIMPLE_INSTRUMENT;BLOCK;EUR;27;106.64500000;4691;EXCHANGE_LAST;;1;1;XEUR;11820391;690;
10.03.2025;14:23:41.974;FGBS SI 20250606 PS;SIMPLE_INSTRUMENT;EFP_FIN;EUR;28;106.61500000;1319;EXCHANGE_LAST;;1;1;XEUR;11820391;690;
10.03.2025;14:44:57.524;FGBS SI 20250606 PS;SIMPLE_INSTRUMENT;EFP_FIN;EUR;29;106.62000000;1319;EXCHANGE_LAST;;1;1;XEUR;11820391;690;
10.03.2025;14:45:52.971;FGBS SI 20250606 PS;SIMPLE_INSTRUMENT;EFP_FIN;EUR;30;106.64000000;2346;EXCHANGE_LAST;;1;1;XEUR;11820391;690;
10.03.2025;14:53:00.326;FGBS SI 20250606 PS;SIMPLE_INSTRUMENT;EFS;EUR;31;106.63000000;1523;EXCHANGE_LAST;;1;1;XEUR;11820391;690;
10.03.2025;15:14:15.883;FGBS SI 20250606 PS;SIMPLE_INSTRUMENT;EFP_FIN;EUR;32;106.64500000;624;EXCHANGE_LAST;;1;1;XEUR;11820391;690;
10.03.2025;15:20:27.404;FGBS SI 20250606 PS;SIMPLE_INSTRUMENT;EFS;EUR;33;106.64000000;2752;EXCHANGE_LAST;;1;1;XEUR;11820391;690;
10.03.2025;15:30:55.020;FGBS SI 20250606 PS;SIMPLE_INSTRUMENT;EFP_FIN;EUR;34;106.65000000;623;EXCHANGE_LAST;;1;1;XEUR;11820391;690;
10.03.2025;15:50:54.667;FGBS SI 20250606 PS;SIMPLE_INSTRUMENT;EFS;EUR;35;106.63000000;1049;EXCHANGE_LAST;;1;1;XEUR;11820391;690;
10.03.2025;16:06:18.626;FGBS SI 20250606 PS;SIMPLE_INSTRUMENT;EFS;EUR;36;106.64500000;1376;EXCHANGE_LAST;;1;1;XEUR;11820391;690;
10.03.2025;16:14:48.749;FGBS SI 20250606 PS;SIMPLE_INSTRUMENT;EFP_FIN;EUR;37;106.65500000;142;EXCHANGE_LAST;;1;1;XEUR;11820391;690;
10.03.2025;16:15:34.122;FGBS SI 20250606 PS;SIMPLE_INSTRUMENT;EFS;EUR;38;106.64500000;5086;EXCHANGE_LAST;;1;1;XEUR;11820391;690;
10.03.2025;16:19:18.865;FGBS SI 20250606 PS;SIMPLE_INSTRUMENT;EFS;EUR;39;106.62500000;140;EXCHANGE_LAST;;1;1;XEUR;11820391;690;
10.03.2025;17:00:42.701;FGBS SI 20250606 PS;SIMPLE_INSTRUMENT;EFS;EUR;40;106.64000000;1122;EXCHANGE_LAST;;1;1;XEUR;11820391;690;
10.03.2025;16:03:05.114;FGBS SI 20250606 PS;SIMPLE_INSTRUMENT;VOLA;EUR;268435621;106.65500000;240;EXCHANGE_LAST;;1;1;XEUR;11820391;690;
10.03.2025;08:32:30.030;FGBX SI 20250606 PS;SIMPLE_INSTRUMENT;EFS;EUR;1;119.00000000;85;EXCHANGE_LAST;;1;1;XEUR;11820392;691;
10.03.2025;08:38:25.981;FGBX SI 20250606 PS;SIMPLE_INSTRUMENT;EFS;EUR;2;119.20000000;211;EXCHANGE_LAST;;1;1;XEUR;11820392;691;
10.03.2025;08:58:07.501;FGBX SI 20250606 PS;SIMPLE_INSTRUMENT;EFS;EUR;3;119.34000000;105;EXCHANGE_LAST;;1;1;XEUR;11820392;691;
10.03.2025;09:09:01.135;FGBX SI 20250606 PS;SIMPLE_INSTRUMENT;EFP_FIN;EUR;6;119.48000000;193;EXCHANGE_LAST;;1;1;XEUR;11820392;691;
10.03.2025;09:58:54.314;FGBX SI 20250606 PS;SIMPLE_INSTRUMENT;EFS;EUR;8;118.96000000;585;EXCHANGE_LAST;;1;1;XEUR;11820392;691;
10.03.2025;10:05:15.278;FGBX SI 20250606 PS;SIMPLE_INSTRUMENT;EFP_FIN;EUR;9;118.94000000;421;EXCHANGE_LAST;;1;1;XEUR;11820392;691;
10.03.2025;10:37:08.880;FGBX SI 20250606 PS;SIMPLE_INSTRUMENT;BLOCK;EUR;10;119.06000000;420;EXCHANGE_LAST;;1;1;XEUR;11820392;691;
10.03.2025;10:34:04.962;FGBX SI 20250606 PS;SIMPLE_INSTRUMENT;BLOCK;EUR;11;119.04000000;3170;EXCHANGE_LAST;;1;1;XEUR;11820392;691;
10.03.2025;10:52:47.199;FGBX SI 20250606 PS;SIMPLE_INSTRUMENT;EFS;EUR;15;119.04000000;187;EXCHANGE_LAST;;1;1;XEUR;11820392;691;
10.03.2025;10:58:43.757;FGBX SI 20250606 PS;SIMPLE_INSTRUMENT;EFS;EUR;16;119.20000000;117;EXCHANGE_LAST;;1;1;XEUR;11820392;691;
10.03.2025;11:05:14.074;FGBX SI 20250606 PS;SIMPLE_INSTRUMENT;EFP_FIN;EUR;18;119.12000000;575;EXCHANGE_LAST;;1;1;XEUR;11820392;691;
10.03.2025;11:10:03.691;FGBX SI 20250606 PS;SIMPLE_INSTRUMENT;EFP_FIN;EUR;19;119.10000000;193;EXCHANGE_LAST;;1;1;XEUR;11820392;691;
10.03.2025;11:12:29.007;FGBX SI 20250606 PS;SIMPLE_INSTRUMENT;EFS;EUR;20;118.96000000;85;EXCHANGE_LAST;;1;1;XEUR;11820392;691;
10.03.2025;11:14:11.207;FGBX SI 20250606 PS;SIMPLE_INSTRUMENT;EFP_FIN;EUR;21;119.10000000;97;EXCHANGE_LAST;;1;1;XEUR;11820392;691;
10.03.2025;11:28:41.716;FGBX SI 20250606 PS;SIMPLE_INSTRUMENT;EFP_FIN;EUR;22;119.16000000;144;EXCHANGE_LAST;;1;1;XEUR;11820392;691;
10.03.2025;12:03:24.876;FGBX SI 20250606 PS;SIMPLE_INSTRUMENT;EFS;EUR;23;119.06000000;39;EXCHANGE_LAST;;1;1;XEUR;11820392;691;
10.03.2025;12:10:48.116;FGBX SI 20250606 PS;SIMPLE_INSTRUMENT;EFS;EUR;24;119.10000000;85;EXCHANGE_LAST;;1;1;XEUR;11820392;691;
10.03.2025;12:12:38.644;FGBX SI 20250606 PS;SIMPLE_INSTRUMENT;BLOCK;EUR;25;119.02000000;210;EXCHANGE_LAST;;1;1;XEUR;11820392;691;
10.03.2025;13:17:09.967;FGBX SI 20250606 PS;SIMPLE_INSTRUMENT;EFS;EUR;29;118.84000000;41;EXCHANGE_LAST;;1;1;XEUR;11820392;691;
10.03.2025;13:49:06.189;FGBX SI 20250606 PS;SIMPLE_INSTRUMENT;EFS;EUR;32;118.80000000;106;EXCHANGE_LAST;;1;1;XEUR;11820392;691;
10.03.2025;13:52:48.222;FGBX SI 20250606 PS;SIMPLE_INSTRUMENT;EFS;EUR;33;118.74000000;106;EXCHANGE_LAST;;1;1;XEUR;11820392;691;
10.03.2025;14:05:23.981;FGBX SI 20250606 PS;SIMPLE_INSTRUMENT;BLOCK;EUR;34;119.04000000;550;EXCHANGE_LAST;;1;1;XEUR;11820392;691;
10.03.2025;14:47:05.092;FGBX SI 20250606 PS;SIMPLE_INSTRUMENT;EFS;EUR;37;118.78000000;85;EXCHANGE_LAST;;1;1;XEUR;11820392;691;
10.03.2025;15:00:09.439;FGBX SI 20250606 PS;SIMPLE_INSTRUMENT;BLOCK;EUR;39;118.84000000;1695;EXCHANGE_LAST;;1;1;XEUR;11820392;691;
10.03.2025;15:32:33.035;FGBX SI 20250606 PS;SIMPLE_INSTRUMENT;EFP_FIN;EUR;41;118.88000000;55;EXCHANGE_LAST;;1;1;XEUR;11820392;691;
10.03.2025;15:30:56.722;FGBX SI 20250606 PS;SIMPLE_INSTRUMENT;EFP_FIN;EUR;42;118.92000000;1328;EXCHANGE_LAST;;1;1;XEUR;11820392;691;
10.03.2025;15:50:15.742;FGBX SI 20250606 PS;SIMPLE_INSTRUMENT;EFS;EUR;43;118.90000000;98;EXCHANGE_LAST;;1;1;XEUR;11820392;691;
10.03.2025;15:50:22.376;FGBX SI 20250606 PS;SIMPLE_INSTRUMENT;EFS;EUR;44;118.90000000;98;EXCHANGE_LAST;;1;1;XEUR;11820392;691;
10.03.2025;15:57:41.805;FGBX SI 20250606 PS;SIMPLE_INSTRUMENT;EFS;EUR;45;118.72000000;98;EXCHANGE_LAST;;1;1;XEUR;11820392;691;
10.03.2025;16:15:39.527;FGBX SI 20250606 PS;SIMPLE_INSTRUMENT;EFS;EUR;46;118.84000000;213;EXCHANGE_LAST;;1;1;XEUR;11820392;691;
10.03.2025;16:18:38.202;FGBX SI 20250606 PS;SIMPLE_INSTRUMENT;EFP_FIN;EUR;47;118.90000000;212;EXCHANGE_LAST;;1;1;XEUR;11820392;691;
10.03.2025;16:29:16.593;FGBX SI 20250606 PS;SIMPLE_INSTRUMENT;EFS;EUR;48;118.96000000;128;EXCHANGE_LAST;;1;1;XEUR;11820392;691;
10.03.2025;16:32:36.180;FGBX SI 20250606 PS;SIMPLE_INSTRUMENT;EFS;EUR;52;118.78000000;106;EXCHANGE_LAST;;1;1;XEUR;11820392;691;
10.03.2025;17:13:57.079;FGBX SI 20250606 PS;SIMPLE_INSTRUMENT;EFS;EUR;58;118.46000000;128;EXCHANGE_LAST;;1;1;XEUR;11820392;691;
10.03.2025;17:19:50.941;FGBX SI 20250606 PS;SIMPLE_INSTRUMENT;EFS;EUR;59;118.46000000;86;EXCHANGE_LAST;;1;1;XEUR;11820392;691;
10.03.2025;17:29:58.824;FGBX SI 20250606 PS;SIMPLE_INSTRUMENT;EFS;EUR;60;118.52000000;214;EXCHANGE_LAST;;1;1;XEUR;11820392;691;
10.03.2025;15:57:07.328;FIA5 SI 20250417 PS AM C 11.20 0;SIMPLE_INSTRUMENT;BLOCK;EUR;22;1.20000000;1250;EXCHANGE_LAST;;1;1;XEUR;12609688;48227;
10.03.2025;15:51:39.623;FIN.O.250310.PDIA.000002;STANDARD_OPTION_STRATEGY;BLOCK;CHF;71;1.60000000;500;EXCHANGE_LAST;;1;1;XEUR;72060475960989220;671;
10.03.2025;15:51:39.623;FIN SI 20251219 PS AM P 56.00 0;SIMPLE_INSTRUMENT;BLOCK;CHF;71;1.71000000;500;PRC_DECOMP_EXCHANGE;;;;XEUR;12441977;671;EXCHANGE
10.03.2025;15:51:39.623;FIN SI 20250321 PS AM P 52.00 0;SIMPLE_INSTRUMENT;BLOCK;CHF;71;0.11000000;500;PRC_DECOMP_EXCHANGE;;;;XEUR;10839278;671;EXCHANGE
10.03.2025;16:57:41.141;FLCP SI 20250321 CS;SIMPLE_INSTRUMENT;BLOCK;EUR;59;571.10000000;206;EXCHANGE_LAST;;1;1;XEUR;11359273;669;
10.03.2025;16:57:41.121;FLCP SI 20250321 CS;SIMPLE_INSTRUMENT;BLOCK;EUR;60;571.20000000;138;EXCHANGE_LAST;;1;1;XEUR;11359273;669;
10.03.2025;07:58:07.281;FMAE SI 20250321 CS;SIMPLE_INSTRUMENT;EFP_IDX;EUR;22;400.03200000;1000;EXCHANGE_LAST;;1;1;XEUR;7590772;48921;
10.03.2025;00:33:22.231;FMCH SI 20250321 CS;SIMPLE_INSTRUMENT;BLOCK;USD;1;611.31400000;196;EXCHANGE_LAST;;1;1;XEUR;7592069;402909;
10.03.2025;06:40:06.810;FMCH SI 20250321 CS;SIMPLE_INSTRUMENT;BLOCK;USD;8;596.30000000;1677;EXCHANGE_LAST;;1;1;XEUR;7592069;402909;
10.03.2025;06:40:59.638;FMCH SI 20250620 CS;SIMPLE_INSTRUMENT;BLOCK;USD;9;602.50200000;1660;EXCHANGE_LAST;;1;1;XEUR;7940815;402909;
10.03.2025;08:40:52.859;FMCH SI 20250321 CS;SIMPLE_INSTRUMENT;BLOCK;USD;27;610.85600000;381;EXCHANGE_LAST;;1;1;XEUR;7592069;402909;
10.03.2025;09:18:57.112;FMCH SI 20250321 CS;SIMPLE_INSTRUMENT;BLOCK;USD;43;596.20000000;416;EXCHANGE_LAST;;1;1;XEUR;7592069;402909;
10.03.2025;09:19:20.145;FMCH SI 20250620 CS;SIMPLE_INSTRUMENT;BLOCK;USD;44;602.40000000;412;EXCHANGE_LAST;;1;1;XEUR;7940815;402909;
10.03.2025;12:16:03.836;FMCH.S.MAR25.JUN25.SPD;FUTURES_SPREAD;BLOCK;USD;56;-6.26000000;390;EXCHANGE_LAST;;1;1;XEUR;73788075016192336;402909;
10.03.2025;12:16:03.836;FMCH SI 20250620 CS;SIMPLE_INSTRUMENT;BLOCK;USD;56;602.56000000;390;PRC_DECOMP_MEMBER;;;;XEUR;7940815;402909;MEMBER
10.03.2025;12:16:03.836;FMCH SI 20250321 CS;SIMPLE_INSTRUMENT;BLOCK;USD;56;596.30000000;390;PRC_DECOMP_MEMBER;;;;XEUR;7592069;402909;MEMBER
10.03.2025;07:33:39.747;FMCL SI 20250321 CS;SIMPLE_INSTRUMENT;EFP_IDX;USD;2;327.39000000;5;EXCHANGE_LAST;;1;1;XEUR;7589860;12398;
10.03.2025;13:36:27.291;FMEA SI 20250620 CS;SIMPLE_INSTRUMENT;BLOCK;USD;60;709.00000000;7677;EXCHANGE_LAST;;1;1;XEUR;7938804;12395;
10.03.2025;13:35:57.402;FMEE SI 20250321 CS;SIMPLE_INSTRUMENT;BLOCK;USD;58;332.00000000;1510;EXCHANGE_LAST;;1;1;XEUR;7589846;12396;
10.03.2025;13:36:33.886;FMEE SI 20250620 CS;SIMPLE_INSTRUMENT;BLOCK;USD;59;335.42000000;1495;EXCHANGE_LAST;;1;1;XEUR;7938810;12396;
10.03.2025;13:47:53.607;FMEE SI 20250321 CS;SIMPLE_INSTRUMENT;BLOCK;USD;62;332.00000000;1965;EXCHANGE_LAST;;1;1;XEUR;7589846;12396;
10.03.2025;13:47:57.432;FMEE SI 20250620 CS;SIMPLE_INSTRUMENT;BLOCK;USD;63;335.42000000;1945;EXCHANGE_LAST;;1;1;XEUR;7938810;12396;
10.03.2025;13:58:18.700;FMEE SI 20250321 CS;SIMPLE_INSTRUMENT;BLOCK;USD;64;332.00000000;1506;EXCHANGE_LAST;;1;1;XEUR;7589846;12396;
10.03.2025;13:58:52.888;FMEE SI 20250620 CS;SIMPLE_INSTRUMENT;BLOCK;USD;65;335.42000000;1491;EXCHANGE_LAST;;1;1;XEUR;7938810;12396;
10.03.2025;14:02:11.802;FMEE SI 20250321 CS;SIMPLE_INSTRUMENT;BLOCK;USD;67;332.00000000;3313;EXCHANGE_LAST;;1;1;XEUR;7589846;12396;
10.03.2025;14:02:27.141;FMEE SI 20250620 CS;SIMPLE_INSTRUMENT;BLOCK;USD;68;335.42000000;3280;EXCHANGE_LAST;;1;1;XEUR;7938810;12396;
10.03.2025;16:34:43.451;FMEF SI 20250620 CS;SIMPLE_INSTRUMENT;BLOCK;USD;71;1110.65900000;20;EXCHANGE_LAST;;1;1;XEUR;7408968;30657;
10.03.2025;16:35:15.381;FMEF SI 20250620 CS;SIMPLE_INSTRUMENT;BLOCK;USD;72;1110.66000000;22;EXCHANGE_LAST;;1;1;XEUR;7408968;30657;
10.03.2025;09:05:19.749;FMEN SI 20250321 CS;SIMPLE_INSTRUMENT;BLOCK;EUR;42;521.86700000;39;EXCHANGE_LAST;;1;1;XEUR;7590212;30652;
10.03.2025;07:40:00.694;FMGO SI 20250321 CS;SIMPLE_INSTRUMENT;BLOCK;USD;19;5494.00000000;1181;EXCHANGE_LAST;;1;1;XEUR;8609359;583623;
10.03.2025;07:40:01.871;FMGO SI 20250321 CS;SIMPLE_INSTRUMENT;BLOCK;USD;20;5496.00000000;609;EXCHANGE_LAST;;1;1;XEUR;8609359;583623;
10.03.2025;14:12:31.335;FMGO SI 20250321 CS;SIMPLE_INSTRUMENT;BLOCK;USD;70;5484.00000000;234;EXCHANGE_LAST;;1;1;XEUR;8609359;583623;
10.03.2025;08:57:30.733;FMGQ SI 20250321 CS;SIMPLE_INSTRUMENT;EFP_IDX;USD;41;5041.54000000;205;EXCHANGE_LAST;;1;1;XEUR;8609376;583625;
10.03.2025;16:38:19.557;FMGS SI 20250321 CS;SIMPLE_INSTRUMENT;BLOCK;USD;73;25860.00000000;330;EXCHANGE_LAST;;1;1;XEUR;7590768;48912;
10.03.2025;16:38:27.078;FMGS SI 20250620 CS;SIMPLE_INSTRUMENT;BLOCK;USD;74;26181.95700000;326;EXCHANGE_LAST;;1;1;XEUR;7939679;48912;
10.03.2025;16:38:54.727;FMGS SI 20250321 CS;SIMPLE_INSTRUMENT;BLOCK;USD;75;25810.00000000;93;EXCHANGE_LAST;;1;1;XEUR;7590768;48912;
10.03.2025;02:29:48.029;FMHK SI 20250321 CS;SIMPLE_INSTRUMENT;BLOCK;USD;6;61887.99800000;80;EXCHANGE_LAST;;2;2;XEUR;7590500;45282;
10.03.2025;01:39:04.041;FMIN SI 20250321 CS;SIMPLE_INSTRUMENT;BLOCK;USD;4;1146.21200000;367;EXCHANGE_LAST;;1;1;XEUR;7589865;12404;
10.03.2025;02:00:07.104;FMIN SI 20250620 CS;SIMPLE_INSTRUMENT;BLOCK;USD;5;1159.59000000;50;EXCHANGE_LAST;;1;1;XEUR;7938852;12404;
10.03.2025;02:53:09.540;FMIN SI 20250321 CS;SIMPLE_INSTRUMENT;BLOCK;USD;7;1146.21200000;698;EXCHANGE_LAST;;1;1;XEUR;7589865;12404;
10.03.2025;06:58:49.178;FMIN SI 20250321 CS;SIMPLE_INSTRUMENT;BLOCK;USD;11;1141.95000000;50;EXCHANGE_LAST;;1;1;XEUR;7589865;12404;
10.03.2025;06:59:13.297;FMIN SI 20250620 CS;SIMPLE_INSTRUMENT;BLOCK;USD;12;1156.11000000;50;EXCHANGE_LAST;;1;1;XEUR;7938852;12404;
10.03.2025;08:31:10.778;FMIN SI 20250321 CS;SIMPLE_INSTRUMENT;BLOCK;USD;25;1141.00000000;439;EXCHANGE_LAST;;1;1;XEUR;7589865;12404;
10.03.2025;08:31:19.937;FMIN SI 20250620 CS;SIMPLE_INSTRUMENT;BLOCK;USD;26;1155.14800000;434;EXCHANGE_LAST;;1;1;XEUR;7938852;12404;
10.03.2025;08:55:44.193;FMIN SI 20250321 CS;SIMPLE_INSTRUMENT;BLOCK;USD;28;1145.86700000;50;EXCHANGE_LAST;;1;1;XEUR;7589865;12404;
10.03.2025;08:47:57.359;FMIN SI 20250321 CS;SIMPLE_INSTRUMENT;BLOCK;USD;29;1140.00000000;440;EXCHANGE_LAST;;2;1;XEUR;7589865;12404;
10.03.2025;08:47:58.062;FMIN SI 20250620 CS;SIMPLE_INSTRUMENT;BLOCK;USD;30;1154.13600000;434;EXCHANGE_LAST;;1;2;XEUR;7938852;12404;
10.03.2025;08:52:30.152;FMIN SI 20250321 CS;SIMPLE_INSTRUMENT;BLOCK;USD;35;1139.00000000;439;EXCHANGE_LAST;;1;1;XEUR;7589865;12404;
10.03.2025;08:52:30.802;FMIN SI 20250620 CS;SIMPLE_INSTRUMENT;BLOCK;USD;36;1153.01000000;434;EXCHANGE_LAST;;1;1;XEUR;7938852;12404;
10.03.2025;09:20:43.747;FMIN SI 20250321 CS;SIMPLE_INSTRUMENT;BLOCK;USD;45;1141.10000000;220;EXCHANGE_LAST;;1;1;XEUR;7589865;12404;
10.03.2025;09:20:56.962;FMIN SI 20250620 CS;SIMPLE_INSTRUMENT;BLOCK;USD;46;1155.25000000;217;EXCHANGE_LAST;;1;1;XEUR;7938852;12404;
10.03.2025;09:38:59.123;FMIN SI 20250321 CS;SIMPLE_INSTRUMENT;BLOCK;USD;47;1146.21200000;94;EXCHANGE_LAST;;1;1;XEUR;7589865;12404;
10.03.2025;10:10:54.347;FMIN SI 20250321 CS;SIMPLE_INSTRUMENT;BLOCK;USD;54;1130.00000000;210;EXCHANGE_LAST;;1;1;XEUR;7589865;12404;
10.03.2025;10:11:03.824;FMIN SI 20250620 CS;SIMPLE_INSTRUMENT;BLOCK;USD;55;1143.89900000;208;EXCHANGE_LAST;;1;1;XEUR;7938852;12404;
10.03.2025;08:48:01.786;FMJP SI 20250321 CS;SIMPLE_INSTRUMENT;BLOCK;USD;32;8850.00000000;133;EXCHANGE_LAST;;1;1;XEUR;7588794;661;
10.03.2025;08:48:03.987;FMJP SI 20250620 CS;SIMPLE_INSTRUMENT;BLOCK;USD;33;8945.58000000;132;EXCHANGE_LAST;;1;1;XEUR;7937445;661;
10.03.2025;08:50:48.662;FMJP SI 20250321 CS;SIMPLE_INSTRUMENT;BLOCK;USD;37;8850.00000000;2263;EXCHANGE_LAST;;1;1;XEUR;7588794;661;
