#Date;TrdTime;Contract;ContractType;TrdTyp;Currency;TesId;Prc;Qty;TrdInd;Aggressor;Buy;Sell;Exch;InstrumentId;RelatedProdId;PrcDecomp
21.01.2025;13:01:15.493;A2LV SI 20261218 CS;SIMPLE_INSTRUMENT;BLOCK;EUR;63;15.50000000;25;EXCHANGE_LAST;;1;1;XEUR;4632085;12;
21.01.2025;11:13:38.291;A2SG SI 20251219 CS;SIMPLE_INSTRUMENT;BLOCK;EUR;35;1.47500000;200;EXCHANGE_LAST;;1;1;XEUR;5914262;14;
21.01.2025;10:33:52.305;A2XA SI 20251219 CS;SIMPLE_INSTRUMENT;BLOCK;EUR;18;2.16500000;200;EXCHANGE_LAST;;1;2;XEUR;3681055;17;
21.01.2025;12:40:00.244;A2XA SI 20281215 CS;SIMPLE_INSTRUMENT;BLOCK;EUR;55;1.90000000;750;EXCHANGE_LAST;;1;1;XEUR;6796967;17;
21.01.2025;12:55:41.353;A2XA SI 20261218 CS;SIMPLE_INSTRUMENT;BLOCK;EUR;58;2.17500000;200;EXCHANGE_LAST;;1;1;XEUR;4632093;17;
21.01.2025;16:35:16.630;AAPH SI 20250417 CS;SIMPLE_INSTRUMENT;BLOCK;USD;113;222.05000000;120;EXCHANGE_LAST;;1;1;XEUR;10878754;324383;
21.01.2025;10:04:23.493;ABBN SI 20250620 PS AM P 54.00 0;SIMPLE_INSTRUMENT;BLOCK;CHF;6;5.21000000;2500;EXCHANGE_LAST;;1;1;XEUR;11848986;574517;
21.01.2025;16:13:41.008;ADEN SI 20251219 PS AM C 22.00 0;SIMPLE_INSTRUMENT;BLOCK;CHF;60;1.75000000;750;EXCHANGE_LAST;;1;1;XEUR;12430560;44;
21.01.2025;16:15:52.649;ADEN SI 20251219 PS AM C 22.00 0;SIMPLE_INSTRUMENT;BLOCK;CHF;61;1.75000000;750;EXCHANGE_LAST;;1;1;XEUR;12430560;44;
21.01.2025;16:36:19.396;ADEN SI 20251219 PS AM C 22.00 0;SIMPLE_INSTRUMENT;BLOCK;CHF;65;1.75000000;1000;EXCHANGE_LAST;;1;1;XEUR;12430560;44;
21.01.2025;15:58:57.795;AFR SI 20250620 PS AM P 6.40 0;SIMPLE_INSTRUMENT;BLOCK;EUR;30;0.35000000;2500;EXCHANGE_LAST;;1;1;XEUR;9872566;58;
21.01.2025;15:59:05.051;AFR SI 20250620 PS AM P 6.40 0;SIMPLE_INSTRUMENT;BLOCK;EUR;31;0.36000000;2500;EXCHANGE_LAST;;1;1;XEUR;9872566;58;
21.01.2025;14:33:13.987;ALV SI 20251219 PS AM P 280.00 0;SIMPLE_INSTRUMENT;BLOCK;EUR;6;12.75000000;600;EXCHANGE_LAST;;2;1;XEUR;5920784;74;
21.01.2025;09:03:17.690;ASG5 SI 20250619 PS AM P 24.00 0;SIMPLE_INSTRUMENT;BLOCK;EUR;1;0.38000000;1500;EXCHANGE_LAST;;1;1;XEUR;7889072;109;
21.01.2025;11:40:15.940;AXA SI 20250221 PS AM P 34.00 0;SIMPLE_INSTRUMENT;BLOCK;EUR;7;0.33000000;2000;EXCHANGE_LAST;;1;1;XEUR;12238906;127;
21.01.2025;08:58:05.688;B2MW SI 20251219 CS;SIMPLE_INSTRUMENT;BLOCK;EUR;4;4.50000000;200;EXCHANGE_LAST;;1;2;XEUR;3681121;128;
21.01.2025;15:22:19.741;B2MW SI 20261218 CS;SIMPLE_INSTRUMENT;BLOCK;EUR;97;4.14000000;180;EXCHANGE_LAST;;1;3;XEUR;4632168;128;
21.01.2025;16:33:29.133;B2MW SI 20251219 CS;SIMPLE_INSTRUMENT;BLOCK;EUR;115;4.50000000;300;EXCHANGE_LAST;;1;1;XEUR;3681121;128;
21.01.2025;16:47:44.298;B2MW SI 20251219 CS;SIMPLE_INSTRUMENT;BLOCK;EUR;116;4.50000000;350;EXCHANGE_LAST;;1;2;XEUR;3681121;128;
21.01.2025;09:59:58.838;B2NP SI 20251219 CS;SIMPLE_INSTRUMENT;BLOCK;EUR;9;5.37000000;200;EXCHANGE_LAST;;1;2;XEUR;5914355;131;
21.01.2025;10:10:23.820;B2NP SI 20251219 CS;SIMPLE_INSTRUMENT;BLOCK;EUR;10;5.37000000;1400;EXCHANGE_LAST;;2;2;XEUR;5914355;131;
21.01.2025;10:16:16.815;B2NP SI 20251219 CS;SIMPLE_INSTRUMENT;BLOCK;EUR;12;5.37000000;100;EXCHANGE_LAST;;1;1;XEUR;5914355;131;
21.01.2025;10:42:52.711;B2NP SI 20251219 CS;SIMPLE_INSTRUMENT;BLOCK;EUR;22;5.37000000;150;EXCHANGE_LAST;;1;1;XEUR;5914355;131;
21.01.2025;10:57:39.615;B2NP SI 20251219 CS;SIMPLE_INSTRUMENT;BLOCK;EUR;31;5.36000000;500;EXCHANGE_LAST;;1;1;XEUR;5914355;131;
21.01.2025;12:27:53.013;B2NP SI 20250620 CS;SIMPLE_INSTRUMENT;BLOCK;EUR;49;4.78000000;600;EXCHANGE_LAST;;3;2;XEUR;10830225;131;
21.01.2025;12:28:38.042;B2NP SI 20261218 CS;SIMPLE_INSTRUMENT;BLOCK;EUR;50;4.71000000;200;EXCHANGE_LAST;;1;1;XEUR;6798320;131;
21.01.2025;13:07:38.565;B2NP SI 20271217 CS;SIMPLE_INSTRUMENT;BLOCK;EUR;56;4.00000000;200;EXCHANGE_LAST;;1;1;XEUR;7086925;131;
21.01.2025;16:21:46.175;B2NP SI 20261218 CS;SIMPLE_INSTRUMENT;BLOCK;EUR;110;4.71000000;169;EXCHANGE_LAST;;1;1;XEUR;6798320;131;
21.01.2025;13:24:38.281;BALN SI 20250221 PS AM C 170.00 0;SIMPLE_INSTRUMENT;BLOCK;CHF;37;0.72000000;500;EXCHANGE_LAST;;1;1;XEUR;12238805;147;
21.01.2025;10:38:33.717;BAN SI 20260619 PS AM P 52.00 0;SIMPLE_INSTRUMENT;BLOCK;CHF;8;6.38000000;400;EXCHANGE_LAST;;1;1;XEUR;11401579;298535;
21.01.2025;09:34:55.268;BAS SI 20281215 PS AM P 36.00 0;SIMPLE_INSTRUMENT;BLOCK;EUR;1;4.61000000;500;EXCHANGE_LAST;;1;1;XEUR;10396472;150;
21.01.2025;10:30:13.887;BAS SI 20250919 PS AM C 50.00 0;SIMPLE_INSTRUMENT;BLOCK;EUR;3;1.56000000;2500;EXCHANGE_LAST;;2;1;XEUR;11873029;150;
21.01.2025;10:30:33.685;BAS SI 20250321 PS AM C 48.00 0;SIMPLE_INSTRUMENT;BLOCK;EUR;4;1.16000000;1500;EXCHANGE_LAST;;1;1;XEUR;10831045;150;
21.01.2025;11:39:28.926;BAS SI 20251219 PS AM C 50.00 0;SIMPLE_INSTRUMENT;BLOCK;EUR;6;2.06000000;1250;EXCHANGE_LAST;;1;1;XEUR;7509829;150;
21.01.2025;13:12:42.321;BAS SI 20250221 PS AM C 45.50 0;SIMPLE_INSTRUMENT;BLOCK;EUR;7;1.33000000;2000;EXCHANGE_LAST;;1;1;XEUR;12238991;150;
21.01.2025;13:03:23.853;BASG SI 20250321 CS;SIMPLE_INSTRUMENT;BLOCK;EUR;64;45.45000000;2300;EXCHANGE_LAST;;1;1;XEUR;10694474;171;
21.01.2025;10:55:45.565;BAYG SI 20250321 CS;SIMPLE_INSTRUMENT;BLOCK;EUR;29;21.47540000;3000;EXCHANGE_LAST;;1;1;XEUR;10723979;76034;
21.01.2025;13:20:12.056;BIO SI 20250321 PS AM C 40.00 0;SIMPLE_INSTRUMENT;BLOCK;CHF;35;0.50000000;500;EXCHANGE_LAST;;1;1;XEUR;10831952;193;
21.01.2025;10:46:31.322;BMW SI 20250321 PS AM C 82.00 0;SIMPLE_INSTRUMENT;BLOCK;EUR;7;3.00000000;3000;EXCHANGE_LAST;;2;4;XEUR;12434878;210;
21.01.2025;10:44:04.144;BMW SI 20250221 PS AM C 84.00 0;SIMPLE_INSTRUMENT;BLOCK;EUR;9;1.18000000;1250;EXCHANGE_LAST;;1;1;XEUR;12339264;210;
21.01.2025;11:19:16.302;BMW SI 20251219 PS AM P 80.00 0;SIMPLE_INSTRUMENT;BLOCK;EUR;10;9.80000000;400;EXCHANGE_LAST;;1;1;XEUR;7126198;210;
21.01.2025;11:35:15.676;BMW SI 20250620 PS AM P 80.00 0;SIMPLE_INSTRUMENT;BLOCK;EUR;12;8.17000000;1000;EXCHANGE_LAST;;1;1;XEUR;11332526;210;
21.01.2025;12:32:35.381;BMW SI 20251219 PS AM C 92.00 0;SIMPLE_INSTRUMENT;BLOCK;EUR;17;2.70000000;2000;EXCHANGE_LAST;;2;1;XEUR;5923235;210;
21.01.2025;13:24:08.803;BMW.O.250121.STD.000011;STANDARD_OPTION_STRATEGY;BLOCK;EUR;21;6.35000000;500;EXCHANGE_LAST;;1;1;XEUR;72058495981109176;210;
21.01.2025;13:24:08.803;BMW SI 20250221 PS AM C 80.00 0;SIMPLE_INSTRUMENT;BLOCK;EUR;21;2.15000000;500;PRC_DECOMP_EXCHANGE;;;;XEUR;12339210;210;EXCHANGE
21.01.2025;13:24:08.803;BMW SI 20250221 PS AM P 80.00 0;SIMPLE_INSTRUMENT;BLOCK;EUR;21;4.20000000;500;PRC_DECOMP_EXCHANGE;;;;XEUR;12339209;210;EXCHANGE
21.01.2025;13:33:47.883;BMW SI 20250221 PS AM C 84.00 0;SIMPLE_INSTRUMENT;BLOCK;EUR;22;0.92000000;600;EXCHANGE_LAST;;1;1;XEUR;12339264;210;
21.01.2025;13:48:07.416;BMW SI 20250221 PS AM C 83.00 0;SIMPLE_INSTRUMENT;BLOCK;EUR;23;1.21000000;400;EXCHANGE_LAST;;1;1;XEUR;12339267;210;
21.01.2025;14:02:19.068;BMW SI 20261218 PS AM C 76.00 0;SIMPLE_INSTRUMENT;BLOCK;EUR;27;10.64000000;500;EXCHANGE_LAST;;1;1;XEUR;7154240;210;
21.01.2025;09:33:20.711;BNP.O.250121.CNV.000002;STANDARD_OPTION_STRATEGY;BLOCK;EUR;1;9.41000000;4400;EXCHANGE_LAST;;1;1;XEUR;72058611945199809;237;
21.01.2025;09:33:20.711;BNP SI 20251219 PS AM P 52.00 0;SIMPLE_INSTRUMENT;BLOCK;EUR;1;2.68000000;4400;PRC_DECOMP_MEMBER;;;;XEUR;5923364;237;MEMBER
21.01.2025;09:33:20.711;BNP SI 20251219 PS AM C 52.00 0;SIMPLE_INSTRUMENT;BLOCK;EUR;1;12.09000000;4400;PRC_DECOMP_MEMBER;;;;XEUR;5923363;237;MEMBER
21.01.2025;11:39:45.296;BNP.O.250121.STD.000003;STANDARD_OPTION_STRATEGY;BLOCK;EUR;6;16.30000000;1000;EXCHANGE_LAST;;1;1;XEUR;72058611945199810;237;
21.01.2025;11:39:45.296;BNP SI 20261218 PS AM P 60.00 0;SIMPLE_INSTRUMENT;BLOCK;EUR;6;8.99000000;1000;PRC_DECOMP_EXCHANGE;;;;XEUR;7154459;237;EXCHANGE
21.01.2025;11:39:45.296;BNP SI 20261218 PS AM C 60.00 0;SIMPLE_INSTRUMENT;BLOCK;EUR;6;7.31000000;1000;PRC_DECOMP_EXCHANGE;;;;XEUR;7154462;237;EXCHANGE
21.01.2025;12:07:41.255;BNP SI 20250417 PS AM P 64.00 0;SIMPLE_INSTRUMENT;BLOCK;EUR;11;3.28000000;1500;EXCHANGE_LAST;;1;1;XEUR;12616918;237;
21.01.2025;12:07:37.287;BNP SI 20250417 PS AM P 64.00 0;SIMPLE_INSTRUMENT;BLOCK;EUR;12;3.29000000;1500;EXCHANGE_LAST;;1;1;XEUR;12616918;237;
21.01.2025;15:47:33.239;BNP.O.250121.STD.000004;STANDARD_OPTION_STRATEGY;BLOCK;EUR;28;19.10000000;1500;EXCHANGE_LAST;;2;2;XEUR;72058611945199811;237;
21.01.2025;15:47:33.239;BNP SI 20271217 PS AM P 60.00 0;SIMPLE_INSTRUMENT;BLOCK;EUR;28;11.24000000;1500;PRC_DECOMP_EXCHANGE;;;;XEUR;8776307;237;EXCHANGE
21.01.2025;15:47:33.239;BNP SI 20271217 PS AM C 60.00 0;SIMPLE_INSTRUMENT;BLOCK;EUR;28;7.86000000;1500;PRC_DECOMP_EXCHANGE;;;;XEUR;8776300;237;EXCHANGE
21.01.2025;15:37:38.681;BOSS SI 20250919 PS AM C 48.00 0;SIMPLE_INSTRUMENT;BLOCK;EUR;22;2.90000000;2500;EXCHANGE_LAST;;1;1;XEUR;11874600;230;
21.01.2025;14:27:17.842;BSD2 SI 20261218 PS AM P 4.60 0;SIMPLE_INSTRUMENT;BLOCK;EUR;19;0.70000000;2800;EXCHANGE_LAST;;1;1;XEUR;8724261;245;
21.01.2025;14:27:00.856;BSD2 SI 20261218 PS AM C 5.00 0;SIMPLE_INSTRUMENT;BLOCK;EUR;20;0.56000000;7000;EXCHANGE_LAST;;1;1;XEUR;9004425;245;
21.01.2025;14:26:43.320;BSD2 SI 20261218 PS AM P 4.60 0;SIMPLE_INSTRUMENT;BLOCK;EUR;21;0.68000000;4200;EXCHANGE_LAST;;1;1;XEUR;8724261;245;
21.01.2025;11:25:37.377;BSLN SI 20250919 PS AM C 42.00 0;SIMPLE_INSTRUMENT;BLOCK;CHF;15;3.12000000;700;EXCHANGE_LAST;;1;1;XEUR;11874945;240;
21.01.2025;14:05:22.910;BVI SI 20250321 PS AM C 28.00 0;SIMPLE_INSTRUMENT;BLOCK;EUR;22;2.81000000;1585;EXCHANGE_LAST;;1;1;XEUR;10833985;276;
21.01.2025;13:47:14.333;CBK SI 20250221 PS AM P 15.80 0;SIMPLE_INSTRUMENT;BLOCK;EUR;16;0.11000000;3704;EXCHANGE_LAST;;1;1;XEUR;12241124;268;
21.01.2025;13:47:32.103;CBK SI 20250221 PS AM P 17.00 0;SIMPLE_INSTRUMENT;BLOCK;EUR;17;0.29000000;4000;EXCHANGE_LAST;;1;1;XEUR;12241018;268;
21.01.2025;14:03:50.665;CBK.O.250121.BR23.000012;STANDARD_OPTION_STRATEGY;BLOCK;EUR;20;-1.64000000;5000;EXCHANGE_LAST;;1;1;XEUR;72058745089203320;268;
21.01.2025;14:03:50.665;CBK SI 20261218 PS AM P 14.00 0;SIMPLE_INSTRUMENT;BLOCK;EUR;20;1.50000000;15000;PRC_DECOMP_MEMBER;;;;XEUR;7259089;268;MEMBER
21.01.2025;14:03:50.665;CBK SI 20261218 PS AM P 18.00 0;SIMPLE_INSTRUMENT;BLOCK;EUR;20;3.07000000;10000;PRC_DECOMP_MEMBER;;;;XEUR;8883151;268;MEMBER
21.01.2025;09:57:37.131;CFR SI 20251219 PS AM C 190.00 0;SIMPLE_INSTRUMENT;BLOCK;CHF;5;8.37000000;650;EXCHANGE_LAST;;1;2;XEUR;12437090;313;
21.01.2025;11:23:49.832;CFR SI 20250620 PS AM C 180.00 0;SIMPLE_INSTRUMENT;BLOCK;CHF;13;6.64000000;300;EXCHANGE_LAST;;1;1;XEUR;9996502;313;
21.01.2025;11:23:59.833;CFR SI 20250620 PS AM P 160.00 0;SIMPLE_INSTRUMENT;BLOCK;CHF;14;9.26000000;300;EXCHANGE_LAST;;1;1;XEUR;9996509;313;
21.01.2025;14:18:20.725;CFR.O.250121.BRT.000019;STANDARD_OPTION_STRATEGY;BLOCK;CHF;49;1.95000000;1000;EXCHANGE_LAST;;1;1;XEUR;72058938362728432;313;
21.01.2025;14:18:20.725;CFR SI 20250321 PS AM P 160.00 0;SIMPLE_INSTRUMENT;BLOCK;CHF;49;4.55000000;1000;PRC_DECOMP_EXCHANGE;;;;XEUR;10834861;313;EXCHANGE
21.01.2025;14:18:20.725;CFR SI 20250221 PS AM P 160.00 0;SIMPLE_INSTRUMENT;BLOCK;CHF;49;2.60000000;1000;PRC_DECOMP_EXCHANGE;;;;XEUR;12571786;313;EXCHANGE
21.01.2025;14:25:56.687;CFR SI 20261218 PS AM P 120.00 0;SIMPLE_INSTRUMENT;BLOCK;CHF;52;8.45000000;1100;EXCHANGE_LAST;;2;3;XEUR;9996395;313;
21.01.2025;14:36:23.478;CFR SI 20251219 PS AM C 220.00 0;SIMPLE_INSTRUMENT;BLOCK;CHF;54;4.15000000;800;EXCHANGE_LAST;;1;1;XEUR;12437098;313;
21.01.2025;14:36:25.568;CFR SI 20251219 PS AM P 140.00 0;SIMPLE_INSTRUMENT;BLOCK;CHF;55;8.15000000;800;EXCHANGE_LAST;;1;1;XEUR;9996465;313;
21.01.2025;16:34:07.641;CFR.O.250121.BER.000020;STANDARD_OPTION_STRATEGY;BLOCK;CHF;64;38.60000000;1000;EXCHANGE_LAST;;1;2;XEUR;72058938362728433;313;
21.01.2025;16:34:07.641;CFR SI 20251219 PS AM P 120.00 0;SIMPLE_INSTRUMENT;BLOCK;CHF;64;3.72000000;1000;PRC_DECOMP_EXCHANGE;;;;XEUR;9996467;313;EXCHANGE
21.01.2025;16:34:07.641;CFR SI 20251219 PS AM P 200.00 0;SIMPLE_INSTRUMENT;BLOCK;CHF;64;42.32000000;1000;PRC_DECOMP_EXCHANGE;;;;XEUR;9996458;313;EXCHANGE
21.01.2025;15:41:55.822;CGM SI 20261218 PS AM P 160.00 0;SIMPLE_INSTRUMENT;BLOCK;EUR;27;22.50000000;600;EXCHANGE_LAST;;2;1;XEUR;7155415;317;
21.01.2025;15:59:54.583;CGM SI 20261218 PS AM P 160.00 0;SIMPLE_INSTRUMENT;BLOCK;EUR;32;22.50000000;300;EXCHANGE_LAST;;1;1;XEUR;7155415;317;
21.01.2025;09:21:19.625;CNYA SI 20250417 PS AM C 5.30 0;SIMPLE_INSTRUMENT;BLOCK;USD;1;0.09000000;250;EXCHANGE_LAST;;1;1;XEUR;12657828;666868;
21.01.2025;13:56:31.799;COT SI 20251219 PS AM P 200.00 0;SIMPLE_INSTRUMENT;BLOCK;CHF;43;11.91000000;75;EXCHANGE_LAST;;1;1;XEUR;10445203;199899;
21.01.2025;13:08:19.844;CRI5.O.250121.STD.000003;STANDARD_OPTION_STRATEGY;BLOCK;EUR;15;8.07000000;1250;EXCHANGE_LAST;;1;1;XEUR;72058968427474681;320;
21.01.2025;13:08:19.844;CRI5 SI 20250918 PS AM C 44.00 0;SIMPLE_INSTRUMENT;BLOCK;EUR;15;3.11050000;1250;PRC_DECOMP_EXCHANGE;;;;XEUR;11863167;320;EXCHANGE
21.01.2025;13:08:19.844;CRI5 SI 20250918 PS AM P 44.00 0;SIMPLE_INSTRUMENT;BLOCK;EUR;15;4.95950000;1250;PRC_DECOMP_EXCHANGE;;;;XEUR;11863165;320;EXCHANGE
21.01.2025;14:09:28.740;CRI5.O.250121.STD.000003;STANDARD_OPTION_STRATEGY;BLOCK;EUR;17;8.07000000;1250;EXCHANGE_LAST;;1;1;XEUR;72058968427474681;320;
21.01.2025;14:09:28.740;CRI5 SI 20250918 PS AM C 44.00 0;SIMPLE_INSTRUMENT;BLOCK;EUR;17;3.11050000;1250;PRC_DECOMP_MEMBER;;;;XEUR;11863167;320;MEMBER
21.01.2025;14:09:28.740;CRI5 SI 20250918 PS AM P 44.00 0;SIMPLE_INSTRUMENT;BLOCK;EUR;17;4.95950000;1250;PRC_DECOMP_MEMBER;;;;XEUR;11863165;320;MEMBER
21.01.2025;13:02:27.119;CSF SI 20250321 PS AM P 140.00 0;SIMPLE_INSTRUMENT;BLOCK;EUR;17;2.55000000;346;EXCHANGE_LAST;;1;1;XEUR;10834947;333;
21.01.2025;11:28:40.549;D2PW SI 20251219 CS;SIMPLE_INSTRUMENT;BLOCK;EUR;39;1.83000000;600;EXCHANGE_LAST;;1;2;XEUR;3681256;9702;
21.01.2025;11:28:52.026;D2PW SI 20261218 CS;SIMPLE_INSTRUMENT;BLOCK;EUR;40;1.71000000;500;EXCHANGE_LAST;;1;2;XEUR;4632317;9702;
21.01.2025;11:33:04.024;D2PW SI 20261218 CS;SIMPLE_INSTRUMENT;BLOCK;EUR;43;1.71000000;200;EXCHANGE_LAST;;1;1;XEUR;4632317;9702;
21.01.2025;11:49:38.651;D3AI SI 20271217 CS;SIMPLE_INSTRUMENT;BLOCK;EUR;46;3.00000000;150;EXCHANGE_LAST;;1;1;XEUR;7144067;443197;
21.01.2025;12:52:04.184;D3AI SI 20251219 CS;SIMPLE_INSTRUMENT;BLOCK;EUR;54;4.21000000;200;EXCHANGE_LAST;;2;2;XEUR;7144062;443197;
21.01.2025;13:02:07.940;D3AI SI 20251219 CS;SIMPLE_INSTRUMENT;BLOCK;EUR;60;4.21000000;100;EXCHANGE_LAST;;1;2;XEUR;7144062;443197;
21.01.2025;15:39:15.235;D3AI SI 20271217 CS;SIMPLE_INSTRUMENT;BLOCK;EUR;102;3.03000000;75;EXCHANGE_LAST;;1;1;XEUR;7144067;443197;
21.01.2025;16:25:21.773;D3AI SI 20251219 CS;SIMPLE_INSTRUMENT;BLOCK;EUR;112;4.23000000;1300;EXCHANGE_LAST;;2;3;XEUR;7144062;443197;
21.01.2025;16:34:20.307;D3AI SI 20261218 CS;SIMPLE_INSTRUMENT;BLOCK;EUR;114;3.37000000;50;EXCHANGE_LAST;;1;1;XEUR;7144051;443197;
21.01.2025;10:43:36.090;DAI SI 20250417 PS AM C 59.00 0;SIMPLE_INSTRUMENT;BLOCK;EUR;8;1.95000000;3000;EXCHANGE_LAST;;1;1;XEUR;12655102;443196;
21.01.2025;14:01:43.425;DAI SI 20250221 PS AM C 61.00 0;SIMPLE_INSTRUMENT;BLOCK;EUR;24;0.46000000;1000;EXCHANGE_LAST;;1;1;XEUR;12277878;443196;
21.01.2025;14:01:17.884;DAI SI 20250221 PS AM C 62.00 0;SIMPLE_INSTRUMENT;BLOCK;EUR;25;0.32000000;1000;EXCHANGE_LAST;;1;1;XEUR;12277872;443196;
21.01.2025;14:02:01.652;DAI SI 20250321 PS AM P 48.00 0;SIMPLE_INSTRUMENT;BLOCK;EUR;26;0.54000000;3500;EXCHANGE_LAST;;1;1;XEUR;10884507;443196;
21.01.2025;16:19:14.611;DAI SI 20250321 PS AM P 50.00 0;SIMPLE_INSTRUMENT;BLOCK;EUR;30;0.76000000;1000;EXCHANGE_LAST;;1;1;XEUR;10884526;443196;
21.01.2025;16:25:39.511;DAI.O.250121.CNV.000026;STANDARD_OPTION_STRATEGY;BLOCK;EUR;31;-6.52000000;2000;EXCHANGE_LAST;;2;2;XEUR;73961106363663761;443196;
21.01.2025;16:25:39.511;DAI SI 20251219 PS AM C 60.00 0;SIMPLE_INSTRUMENT;BLOCK;EUR;31;2.85000000;2000;PRC_DECOMP_EXCHANGE;;;;XEUR;7144524;443196;EXCHANGE
21.01.2025;16:25:39.511;DAI SI 20251219 PS AM P 60.00 0;SIMPLE_INSTRUMENT;BLOCK;EUR;31;9.37000000;2000;PRC_DECOMP_EXCHANGE;;;;XEUR;7144540;443196;EXCHANGE
21.01.2025;16:37:09.312;DAI.O.250121.BLT.000027;STANDARD_OPTION_STRATEGY;BLOCK;EUR;34;1.10000000;950;EXCHANGE_LAST;;1;1;XEUR;73961106363663762;443196;
21.01.2025;16:37:09.312;DAI SI 20250620 PS AM C 60.00 0;SIMPLE_INSTRUMENT;BLOCK;EUR;34;1.97000000;950;PRC_DECOMP_EXCHANGE;;;;XEUR;7934293;443196;EXCHANGE
21.01.2025;16:37:09.312;DAI SI 20251219 PS AM C 60.00 0;SIMPLE_INSTRUMENT;BLOCK;EUR;34;3.07000000;950;PRC_DECOMP_EXCHANGE;;;;XEUR;7144524;443196;EXCHANGE
21.01.2025;11:33:06.379;DBK SI 20250321 PS AM C 18.00 0;SIMPLE_INSTRUMENT;BLOCK;EUR;1;1.41000000;3000;EXCHANGE_LAST;;1;1;XEUR;10835573;362;
21.01.2025;12:32:22.959;DBK SI 20250620 PS AM P 10.00 0;SIMPLE_INSTRUMENT;BLOCK;EUR;6;0.05000000;8354;EXCHANGE_LAST;;1;1;XEUR;7901539;362;
21.01.2025;12:32:24.920;DBK SI 20250620 PS AM P 9.00 0;SIMPLE_INSTRUMENT;BLOCK;EUR;7;0.03000000;44000;EXCHANGE_LAST;;1;1;XEUR;9027625;362;
21.01.2025;12:32:25.309;DBK SI 20251219 PS AM P 13.50 0;SIMPLE_INSTRUMENT;BLOCK;EUR;8;0.46000000;33300;EXCHANGE_LAST;;1;1;XEUR;12059334;362;
21.01.2025;12:32:26.324;DBK SI 20250620 PS AM P 10.00 0;SIMPLE_INSTRUMENT;BLOCK;EUR;9;0.04000000;3346;EXCHANGE_LAST;;1;1;XEUR;7901539;362;
21.01.2025;13:48:29.879;DBK SI 20251219 PS AM P 13.00 0;SIMPLE_INSTRUMENT;BLOCK;EUR;18;0.40000000;2500;EXCHANGE_LAST;;1;1;XEUR;12059335;362;
21.01.2025;13:47:39.134;DBK SI 20251219 PS AM P 13.00 0;SIMPLE_INSTRUMENT;BLOCK;EUR;19;0.41000000;2500;EXCHANGE_LAST;;1;1;XEUR;12059335;362;
21.01.2025;15:48:20.922;DPW.O.250121.BER.000009;STANDARD_OPTION_STRATEGY;BLOCK;EUR;17;5.39000000;750;EXCHANGE_LAST;;1;1;XEUR;72059505298415493;445;
21.01.2025;15:48:20.922;DPW SI 20251219 PS AM P 40.00 0;SIMPLE_INSTRUMENT;BLOCK;EUR;17;6.24000000;750;PRC_DECOMP_EXCHANGE;;;;XEUR;5926790;445;EXCHANGE
21.01.2025;15:48:20.922;DPW SI 20251219 PS AM P 28.00 0;SIMPLE_INSTRUMENT;BLOCK;EUR;17;0.85000000;750;PRC_DECOMP_EXCHANGE;;;;XEUR;5926784;445;EXCHANGE
21.01.2025;15:38:19.850;DTE.O.250121.BUL.000012;STANDARD_OPTION_STRATEGY;BLOCK;EUR;15;2.74000000;1000;EXCHANGE_LAST;;1;1;XEUR;72059415104107372;424;
21.01.2025;15:38:19.850;DTE SI 20291221 PS AM C 28.00 0;SIMPLE_INSTRUMENT;BLOCK;EUR;15;4.92000000;1000;PRC_DECOMP_EXCHANGE;;;;XEUR;12439242;424;EXCHANGE
21.01.2025;15:38:19.850;DTE SI 20291221 PS AM C 36.00 0;SIMPLE_INSTRUMENT;BLOCK;EUR;15;2.18000000;1000;PRC_DECOMP_EXCHANGE;;;;XEUR;12439249;424;EXCHANGE
21.01.2025;16:01:04.218;DTE.O.250121.BUL.000013;STANDARD_OPTION_STRATEGY;BLOCK;EUR;20;0.69000000;3730;EXCHANGE_LAST;;1;1;XEUR;72059415104107373;424;
21.01.2025;16:01:04.218;DTE SI 20250919 PS AM C 32.00 0;SIMPLE_INSTRUMENT;BLOCK;EUR;20;0.96000000;3730;PRC_DECOMP_EXCHANGE;;;;XEUR;11878534;424;EXCHANGE
21.01.2025;16:01:04.218;DTE SI 20250919 PS AM C 36.00 0;SIMPLE_INSTRUMENT;BLOCK;EUR;20;0.27000000;3730;PRC_DECOMP_EXCHANGE;;;;XEUR;11878528;424;EXCHANGE
21.01.2025;12:13:55.068;DUFN SI 20260619 PS AM C 40.00 0;SIMPLE_INSTRUMENT;BLOCK;CHF;16;4.14000000;666;EXCHANGE_LAST;;1;1;XEUR;11356369;418;
21.01.2025;12:13:57.085;DUFN SI 20250620 PS AM C 36.00 0;SIMPLE_INSTRUMENT;BLOCK;CHF;17;4.50000000;1800;EXCHANGE_LAST;;1;1;XEUR;9544828;418;
21.01.2025;12:13:57.455;DUFN SI 20260619 PS AM C 40.00 0;SIMPLE_INSTRUMENT;BLOCK;CHF;18;4.12000000;734;EXCHANGE_LAST;;1;1;XEUR;11356369;418;
21.01.2025;11:14:56.493;E2NL SI 20281215 CS;SIMPLE_INSTRUMENT;BLOCK;EUR;37;0.40200000;2000;EXCHANGE_LAST;;1;1;XEUR;6802276;471;
21.01.2025;11:15:14.217;E2NL SI 20281215 CS;SIMPLE_INSTRUMENT;BLOCK;EUR;38;0.40300000;2000;EXCHANGE_LAST;;1;1;XEUR;6802276;471;
21.01.2025;09:27:39.460;ENL5 SI 20251218 PS AM P 6.00 0;SIMPLE_INSTRUMENT;BLOCK;EUR;3;0.21200000;2000;EXCHANGE_LAST;;1;1;XEUR;7828666;500;
21.01.2025;09:37:25.355;ENL5.O.250121.BER.000001;STANDARD_OPTION_STRATEGY;BLOCK;EUR;4;0.58000000;2500;EXCHANGE_LAST;;1;1;XEUR;72059741521586578;500;
21.01.2025;09:37:25.355;ENL5 SI 20251218 PS AM P 7.00 0;SIMPLE_INSTRUMENT;BLOCK;EUR;4;0.63400000;2500;PRC_DECOMP_EXCHANGE;;;;XEUR;6960713;500;EXCHANGE
21.01.2025;09:37:25.355;ENL5 SI 20251218 PS AM P 4.80 0;SIMPLE_INSTRUMENT;BLOCK;EUR;4;0.05400000;2500;PRC_DECOMP_EXCHANGE;;;;XEUR;6774379;500;EXCHANGE
21.01.2025;10:56:16.487;ENL5 SI 20250320 PS AM P 6.20 0;SIMPLE_INSTRUMENT;BLOCK;EUR;11;0.03500000;3000;EXCHANGE_LAST;;1;1;XEUR;12421494;500;
21.01.2025;15:01:07.947;ENL5 SI 20250619 PS AM P 6.40 0;SIMPLE_INSTRUMENT;BLOCK;EUR;22;0.13500000;1500;EXCHANGE_LAST;;1;1;XEUR;7889837;500;
21.01.2025;14:36:30.452;ENLH.S.MAR25.JUN25.SPD;FUTURES_SPREAD;BLOCK;EUR;89;-0.04300000;2000;EXCHANGE_LAST;;1;1;XEUR;74312348789112876;524976;
21.01.2025;14:36:30.452;ENLH SI 20250320 CS;SIMPLE_INSTRUMENT;BLOCK;EUR;89;6.83320000;2000;PRC_DECOMP_EXCHANGE;;;;XEUR;10690796;524976;EXCHANGE
21.01.2025;14:36:30.452;ENLH SI 20250619 CS;SIMPLE_INSTRUMENT;BLOCK;EUR;89;6.87620000;2000;PRC_DECOMP_EXCHANGE;;;;XEUR;11165313;524976;EXCHANGE
21.01.2025;14:50:11.754;ENR SI 20250221 PS AM P 48.00 0;SIMPLE_INSTRUMENT;BLOCK;EUR;10;2.36000000;500;EXCHANGE_LAST;;1;1;XEUR;12273374;298530;
21.01.2025;14:50:12.810;ENR SI 20250221 PS AM P 42.00 0;SIMPLE_INSTRUMENT;BLOCK;EUR;11;0.61000000;500;EXCHANGE_LAST;;1;1;XEUR;12273399;298530;
21.01.2025;15:10:17.923;ENR SI 20250620 PS AM P 40.00 0;SIMPLE_INSTRUMENT;BLOCK;EUR;13;2.03000000;3000;EXCHANGE_LAST;;2;2;XEUR;10971100;298530;
21.01.2025;15:09:59.422;ENR SI 20250620 PS AM P 36.00 0;SIMPLE_INSTRUMENT;BLOCK;EUR;14;1.26000000;1500;EXCHANGE_LAST;;1;1;XEUR;10941913;298530;
21.01.2025;09:03:42.630;ENT5 SI 20250619 PS AM P 12.00 0;SIMPLE_INSTRUMENT;BLOCK;EUR;2;0.20500000;500;EXCHANGE_LAST;;1;1;XEUR;7889861;497;
21.01.2025;14:54:21.913;ENT5.O.250121.STD.000002;STANDARD_OPTION_STRATEGY;BLOCK;EUR;23;2.15000000;1000;EXCHANGE_LAST;;1;2;XEUR;72059728636684210;497;
21.01.2025;14:54:21.913;ENT5 SI 20251218 PS AM P 13.00 0;SIMPLE_INSTRUMENT;BLOCK;EUR;23;0.95250000;1000;PRC_DECOMP_EXCHANGE;;;;XEUR;11793683;497;EXCHANGE
21.01.2025;14:54:21.913;ENT5 SI 20251218 PS AM C 13.00 0;SIMPLE_INSTRUMENT;BLOCK;EUR;23;1.19750000;1000;PRC_DECOMP_EXCHANGE;;;;XEUR;11793678;497;EXCHANGE
21.01.2025;13:12:16.803;EOA SI 20250321 PS AM C 12.00 0;SIMPLE_INSTRUMENT;BLOCK;EUR;19;0.14000000;10000;EXCHANGE_LAST;;1;2;XEUR;10867737;49065;
21.01.2025;12:51:10.362;ESL SI 20250321 PS AM P 230.00 0;SIMPLE_INSTRUMENT;BLOCK;EUR;16;2.85000000;300;EXCHANGE_LAST;;1;1;XEUR;12440687;481;
21.01.2025;10:22:42.083;F3IA SI 20261218 CS;SIMPLE_INSTRUMENT;BLOCK;EUR;14;0.61000000;500;EXCHANGE_LAST;;2;2;XEUR;6830373;390387;
21.01.2025;10:25:19.338;F3IA SI 20261218 CS;SIMPLE_INSTRUMENT;BLOCK;EUR;15;0.59000000;100;EXCHANGE_LAST;;1;1;XEUR;6830373;390387;
21.01.2025;10:59:34.979;F3IA SI 20261218 CS;SIMPLE_INSTRUMENT;BLOCK;EUR;32;0.60000000;1000;EXCHANGE_LAST;;1;1;XEUR;6830373;390387;
21.01.2025;11:11:36.478;F3IA SI 20261218 CS;SIMPLE_INSTRUMENT;BLOCK;EUR;33;0.61000000;500;EXCHANGE_LAST;;1;1;XEUR;6830373;390387;
21.01.2025;15:12:46.510;F3IA SI 20261218 CS;SIMPLE_INSTRUMENT;BLOCK;EUR;95;0.61000000;750;EXCHANGE_LAST;;1;2;XEUR;6830373;390387;
21.01.2025;08:41:14.850;FBTP SI 20250306 PS;SIMPLE_INSTRUMENT;EFP_FIN;EUR;1;119.33000000;1343;EXCHANGE_LAST;;1;1;XEUR;11286675;636;
21.01.2025;09:19:32.849;FBTP SI 20250306 PS;SIMPLE_INSTRUMENT;EFP_FIN;EUR;2;119.24000000;155;EXCHANGE_LAST;;1;1;XEUR;11286675;636;
21.01.2025;09:27:00.220;FBTP SI 20250306 PS;SIMPLE_INSTRUMENT;EFP_FIN;EUR;3;119.32000000;179;EXCHANGE_LAST;;1;1;XEUR;11286675;636;
21.01.2025;10:13:14.334;FBTP SI 20250306 PS;SIMPLE_INSTRUMENT;BLOCK;EUR;4;119.31000000;1863;EXCHANGE_LAST;;1;1;XEUR;11286675;636;
21.01.2025;10:39:24.845;FBTP SI 20250306 PS;SIMPLE_INSTRUMENT;EFP_FIN;EUR;5;119.28000000;873;EXCHANGE_LAST;;1;1;XEUR;11286675;636;
21.01.2025;10:44:36.482;FBTP SI 20250306 PS;SIMPLE_INSTRUMENT;EFP_FIN;EUR;6;119.28000000;188;EXCHANGE_LAST;;1;1;XEUR;11286675;636;
21.01.2025;10:49:02.027;FBTP SI 20250306 PS;SIMPLE_INSTRUMENT;BLOCK;EUR;7;119.26000000;932;EXCHANGE_LAST;;1;1;XEUR;11286675;636;
21.01.2025;11:03:05.351;FBTP SI 20250306 PS;SIMPLE_INSTRUMENT;EFP_FIN;EUR;8;119.29000000;339;EXCHANGE_LAST;;1;1;XEUR;11286675;636;
21.01.2025;11:03:05.351;FBTP SI 20250306 PS;SIMPLE_INSTRUMENT;EFP_FIN;EUR;9;119.29000000;1105;EXCHANGE_LAST;;1;1;XEUR;11286675;636;
21.01.2025;11:03:05.372;FBTP SI 20250306 PS;SIMPLE_INSTRUMENT;EFP_FIN;EUR;10;119.29000000;484;EXCHANGE_LAST;;1;1;XEUR;11286675;636;
21.01.2025;11:03:05.351;FBTP SI 20250306 PS;SIMPLE_INSTRUMENT;EFP_FIN;EUR;11;119.29000000;484;EXCHANGE_LAST;;1;1;XEUR;11286675;636;
21.01.2025;11:17:08.477;FBTP SI 20250306 PS;SIMPLE_INSTRUMENT;EFP_FIN;EUR;12;119.29000000;969;EXCHANGE_LAST;;1;1;XEUR;11286675;636;
21.01.2025;13:10:55.103;FBTP SI 20250306 PS;SIMPLE_INSTRUMENT;EFP_FIN;EUR;13;119.16000000;969;EXCHANGE_LAST;;1;1;XEUR;11286675;636;
21.01.2025;13:16:33.860;FBTP SI 20250306 PS;SIMPLE_INSTRUMENT;EFP_FIN;EUR;14;119.19000000;214;EXCHANGE_LAST;;1;1;XEUR;11286675;636;
21.01.2025;13:19:03.672;FBTP SI 20250306 PS;SIMPLE_INSTRUMENT;BLOCK;EUR;15;119.20000000;616;EXCHANGE_LAST;;1;1;XEUR;11286675;636;
21.01.2025;13:23:08.680;FBTP SI 20250306 PS;SIMPLE_INSTRUMENT;EFP_FIN;EUR;16;119.19000000;113;EXCHANGE_LAST;;1;1;XEUR;11286675;636;
21.01.2025;13:30:50.548;FBTP SI 20250306 PS;SIMPLE_INSTRUMENT;EFP_FIN;EUR;17;119.19000000;446;EXCHANGE_LAST;;1;1;XEUR;11286675;636;
21.01.2025;13:35:15.880;FBTP SI 20250306 PS;SIMPLE_INSTRUMENT;EFP_FIN;EUR;18;119.23000000;629;EXCHANGE_LAST;;1;1;XEUR;11286675;636;
21.01.2025;13:37:37.979;FBTP SI 20250306 PS;SIMPLE_INSTRUMENT;EFP_FIN;EUR;19;119.20000000;358;EXCHANGE_LAST;;1;1;XEUR;11286675;636;
21.01.2025;13:53:05.547;FBTP SI 20250306 PS;SIMPLE_INSTRUMENT;BLOCK;EUR;20;119.32000000;931;EXCHANGE_LAST;;1;1;XEUR;11286675;636;
21.01.2025;14:26:19.988;FBTP SI 20250306 PS;SIMPLE_INSTRUMENT;EFP_FIN;EUR;21;119.21000000;582;EXCHANGE_LAST;;1;1;XEUR;11286675;636;
21.01.2025;14:53:51.323;FBTP SI 20250306 PS;SIMPLE_INSTRUMENT;BLOCK;EUR;22;119.30000000;931;EXCHANGE_LAST;;1;1;XEUR;11286675;636;
21.01.2025;14:55:17.552;FBTP SI 20250306 PS;SIMPLE_INSTRUMENT;EFP_FIN;EUR;23;119.30000000;243;EXCHANGE_LAST;;1;1;XEUR;11286675;636;
21.01.2025;15:31:31.045;FBTP SI 20250306 PS;SIMPLE_INSTRUMENT;BLOCK;EUR;24;119.27000000;1165;EXCHANGE_LAST;;1;1;XEUR;11286675;636;
21.01.2025;16:20:18.129;FBTP SI 20250306 PS;SIMPLE_INSTRUMENT;BLOCK;EUR;25;119.30000000;2746;EXCHANGE_LAST;;1;1;XEUR;11286675;636;
21.01.2025;16:36:12.354;FBTP SI 20250306 PS;SIMPLE_INSTRUMENT;EFP_FIN;EUR;27;119.46000000;284;EXCHANGE_LAST;;1;1;XEUR;11286675;636;
21.01.2025;16:58:36.414;FBTP SI 20250306 PS;SIMPLE_INSTRUMENT;EFP_FIN;EUR;28;119.48000000;101;EXCHANGE_LAST;;1;1;XEUR;11286675;636;
21.01.2025;17:02:54.908;FBTP SI 20250306 PS;SIMPLE_INSTRUMENT;EFP_FIN;EUR;29;119.46000000;183;EXCHANGE_LAST;;1;1;XEUR;11286675;636;
21.01.2025;08:44:17.524;FBTS SI 20250306 PS;SIMPLE_INSTRUMENT;EFP_FIN;EUR;2;107.16000000;307;EXCHANGE_LAST;;1;1;XEUR;11286677;639;
21.01.2025;09:21:23.335;FBTS SI 20250306 PS;SIMPLE_INSTRUMENT;EFP_FIN;EUR;4;107.17000000;501;EXCHANGE_LAST;;1;1;XEUR;11286677;639;
21.01.2025;11:22:00.111;FBTS SI 20250306 PS;SIMPLE_INSTRUMENT;EFP_FIN;EUR;7;107.12000000;528;EXCHANGE_LAST;;1;1;XEUR;11286677;639;
21.01.2025;11:22:13.929;FBTS SI 20250306 PS;SIMPLE_INSTRUMENT;EFP_FIN;EUR;8;107.12000000;528;EXCHANGE_LAST;;1;1;XEUR;11286677;639;
21.01.2025;11:38:44.411;FBTS SI 20250306 PS;SIMPLE_INSTRUMENT;BLOCK;EUR;9;107.11000000;2724;EXCHANGE_LAST;;1;1;XEUR;11286677;639;
21.01.2025;11:44:36.027;FBTS SI 20250306 PS;SIMPLE_INSTRUMENT;EFP_FIN;EUR;10;107.14000000;140;EXCHANGE_LAST;;1;1;XEUR;11286677;639;
21.01.2025;14:39:21.153;FBTS SI 20250306 PS;SIMPLE_INSTRUMENT;EFP_FIN;EUR;18;107.18000000;425;EXCHANGE_LAST;;1;1;XEUR;11286677;639;
21.01.2025;15:40:36.406;FBTS SI 20250306 PS;SIMPLE_INSTRUMENT;EFP_FIN;EUR;20;107.19000000;177;EXCHANGE_LAST;;1;1;XEUR;11286677;639;
21.01.2025;16:15:05.917;FBTS SI 20250306 PS;SIMPLE_INSTRUMENT;EFP_FIN;EUR;22;107.18000000;791;EXCHANGE_LAST;;1;1;XEUR;11286677;639;
21.01.2025;16:25:30.992;FBTS SI 20250306 PS;SIMPLE_INSTRUMENT;EFP_FIN;EUR;23;107.20000000;590;EXCHANGE_LAST;;1;1;XEUR;11286677;639;
21.01.2025;16:46:23.309;FBTS SI 20250306 PS;SIMPLE_INSTRUMENT;EFP_FIN;EUR;26;107.20000000;908;EXCHANGE_LAST;;1;1;XEUR;11286677;639;
21.01.2025;12:38:27.641;FCBU SI 20250204 CS;SIMPLE_INSTRUMENT;BLOCK;USD;3;0.16490000;200;EXCHANGE_LAST;;1;1;XEUR;10653727;570870;
21.01.2025;16:07:27.834;FCEU SI 20250317 PS;SIMPLE_INSTRUMENT;BLOCK;USD;4;1.04271000;22;EXCHANGE_LAST;;1;1;XEUR;9136240;369376;
21.01.2025;16:40:21.395;FCEU SI 20250317 PS;SIMPLE_INSTRUMENT;BLOCK;USD;5;1.04390000;302;EXCHANGE_LAST;;1;1;XEUR;9136240;369376;
21.01.2025;07:37:25.116;FCMU SI 20250317 CS;SIMPLE_INSTRUMENT;BLOCK;USD;2;0.04765000;100;EXCHANGE_LAST;;1;1;XEUR;11329545;570874;
21.01.2025;07:37:06.112;FCZU SI 20250317 CS;SIMPLE_INSTRUMENT;BLOCK;USD;1;0.05331000;50;EXCHANGE_LAST;;1;1;XEUR;11329546;570872;
21.01.2025;14:49:12.846;FD3D SI 20251219 CS;SIMPLE_INSTRUMENT;BLOCK;EUR;22;104.70000000;700;EXCHANGE_LAST;;1;1;XEUR;5914068;588;
21.01.2025;10:15:23.888;FDAX SI 20250321 CS;SIMPLE_INSTRUMENT;EFP_IDX;EUR;1;21080.00000000;125;EXCHANGE_LAST;;1;1;XEUR;7561255;589;
21.01.2025;10:15:29.220;FDAX SI 20250321 CS;SIMPLE_INSTRUMENT;EFP_IDX;EUR;2;21080.00000000;125;EXCHANGE_LAST;;1;1;XEUR;7561255;589;
21.01.2025;11:20:56.585;FDAX SI 20250321 CS;SIMPLE_INSTRUMENT;EFP_IDX;EUR;3;21090.00000000;150;EXCHANGE_LAST;;1;1;XEUR;7561255;589;
21.01.2025;10:28:12.723;FEBD SI 20261218 CS;SIMPLE_INSTRUMENT;BLOCK;EUR;6;9.95000000;450;EXCHANGE_LAST;;2;1;XEUR;7158212;597;
21.01.2025;14:15:57.118;FEBD SI 20251219 CS;SIMPLE_INSTRUMENT;BLOCK;EUR;18;10.37000000;200;EXCHANGE_LAST;;1;1;XEUR;5914075;597;
21.01.2025;14:18:58.120;FEBD SI 20251219 CS;SIMPLE_INSTRUMENT;BLOCK;EUR;20;10.37000000;500;EXCHANGE_LAST;;1;1;XEUR;5914075;597;
21.01.2025;16:20:08.700;FEBD SI 20251219 CS;SIMPLE_INSTRUMENT;BLOCK;EUR;34;10.37000000;500;EXCHANGE_LAST;;1;1;XEUR;5914075;597;
21.01.2025;16:45:02.561;FEBD SI 20271217 CS;SIMPLE_INSTRUMENT;BLOCK;EUR;40;9.19000000;750;EXCHANGE_LAST;;1;1;XEUR;7776307;597;
21.01.2025;15:57:08.804;FECX SI 20250321 CS;SIMPLE_INSTRUMENT;BLOCK;EUR;27;165.42000000;211;EXCHANGE_LAST;;1;1;XEUR;11427948;410158;
21.01.2025;14:51:09.944;FEHY SI 20250321 CS;SIMPLE_INSTRUMENT;BLOCK;EUR;23;295.00000000;225;EXCHANGE_LAST;;1;1;XEUR;11428365;574047;
21.01.2025;12:25:59.711;FESB SI 20250321 CS;SIMPLE_INSTRUMENT;EFP_IDX;EUR;12;157.60000000;1500;EXCHANGE_LAST;;1;1;XEUR;11359072;605;
21.01.2025;12:24:30.072;FESB SI 20250321 CS;SIMPLE_INSTRUMENT;EFP_IDX;EUR;13;157.60000000;4500;EXCHANGE_LAST;;1;1;XEUR;11359072;605;
21.01.2025;12:25:20.152;FESB SI 20250321 CS;SIMPLE_INSTRUMENT;EFP_IDX;EUR;14;157.60000000;4000;EXCHANGE_LAST;;1;1;XEUR;11359072;605;
21.01.2025;15:20:04.160;FESB SI 20250321 CS;SIMPLE_INSTRUMENT;BLOCK;EUR;22;157.55000000;3000;EXCHANGE_LAST;;1;1;XEUR;11359072;605;
21.01.2025;15:19:47.144;FESB SI 20250321 CS;SIMPLE_INSTRUMENT;BLOCK;EUR;23;157.60000000;3000;EXCHANGE_LAST;;1;1;XEUR;11359072;605;
21.01.2025;11:06:50.512;FESB SI 20250321 CS;SIMPLE_INSTRUMENT;VOLA;EUR;603979783;158.50000000;180;EXCHANGE_LAST;;1;1;XEUR;11359072;605;
21.01.2025;12:33:30.894;FESB SI 20250321 CS;SIMPLE_INSTRUMENT;VOLA;EUR;603979804;158.10000000;300;EXCHANGE_LAST;;1;1;XEUR;11359072;605;
21.01.2025;12:49:35.431;FESB SI 20250321 CS;SIMPLE_INSTRUMENT;VOLA;EUR;603979806;158.10000000;300;EXCHANGE_LAST;;1;1;XEUR;11359072;605;
21.01.2025;15:51:37.640;FESK SI 20250321 CS;SIMPLE_INSTRUMENT;BLOCK;EUR;4;479.10000000;590;EXCHANGE_LAST;;1;1;XEUR;11399139;285660;
21.01.2025;15:52:18.349;FESK SI 20250321 CS;SIMPLE_INSTRUMENT;BLOCK;EUR;5;479.30000000;710;EXCHANGE_LAST;;1;1;XEUR;11399139;285660;
21.01.2025;09:21:37.706;FESX SI 20250321 CS;SIMPLE_INSTRUMENT;BLOCK;EUR;1;5183.00000000;2813;EXCHANGE_LAST;;1;1;XEUR;7793482;675;
21.01.2025;16:52:24.965;FESX SI 20250321 CS;SIMPLE_INSTRUMENT;EFP_IDX;EUR;2;5183.00000000;253;EXCHANGE_LAST;;1;1;XEUR;7793482;675;
21.01.2025;16:52:00.068;FESX SI 20250321 CS;SIMPLE_INSTRUMENT;EFP_IDX;EUR;3;5182.00000000;297;EXCHANGE_LAST;;1;1;XEUR;7793482;675;
21.01.2025;16:52:26.840;FESX SI 20250321 CS;SIMPLE_INSTRUMENT;EFP_IDX;EUR;4;5183.00000000;207;EXCHANGE_LAST;;1;1;XEUR;7793482;675;
21.01.2025;16:52:28.313;FESX SI 20250321 CS;SIMPLE_INSTRUMENT;EFP_IDX;EUR;5;5182.00000000;243;EXCHANGE_LAST;;1;1;XEUR;7793482;675;
21.01.2025;09:03:24.469;FESX SI 20250321 CS;SIMPLE_INSTRUMENT;VOLA;EUR;637534227;5184.00000000;350;EXCHANGE_LAST;;1;1;XEUR;7793482;675;
21.01.2025;09:24:07.728;FESX SI 20250321 CS;SIMPLE_INSTRUMENT;VOLA;EUR;637534240;5175.00000000;1000;EXCHANGE_LAST;;1;1;XEUR;7793482;675;
21.01.2025;09:52:19.778;FESX SI 20250321 CS;SIMPLE_INSTRUMENT;VOLA;EUR;637534255;5178.00000000;1100;EXCHANGE_LAST;;1;1;XEUR;7793482;675;
21.01.2025;09:53:14.638;FESX SI 20250321 CS;SIMPLE_INSTRUMENT;VOLA;EUR;637534256;5178.00000000;70;EXCHANGE_LAST;;1;1;XEUR;7793482;675;
21.01.2025;10:01:00.607;FESX SI 20250321 CS;SIMPLE_INSTRUMENT;VOLA;EUR;637534268;5180.00000000;360;EXCHANGE_LAST;;1;1;XEUR;7793482;675;
21.01.2025;11:13:53.251;FESX SI 20250321 CS;SIMPLE_INSTRUMENT;VOLA;EUR;637534292;5180.00000000;225;EXCHANGE_LAST;;1;1;XEUR;7793482;675;
21.01.2025;11:19:43.404;FESX SI 20250321 CS;SIMPLE_INSTRUMENT;VOLA;EUR;637534300;5180.00000000;450;EXCHANGE_LAST;;1;1;XEUR;7793482;675;
21.01.2025;12:59:51.586;FESX SI 20250321 CS;SIMPLE_INSTRUMENT;VOLA;EUR;637534317;5175.00000000;150;EXCHANGE_LAST;;1;1;XEUR;7793482;675;
21.01.2025;13:46:55.735;FESX SI 20250321 CS;SIMPLE_INSTRUMENT;VOLA;EUR;637534332;5173.00000000;767;EXCHANGE_LAST;;1;1;XEUR;7793482;675;
21.01.2025;14:04:25.437;FESX SI 20250321 CS;SIMPLE_INSTRUMENT;VOLA;EUR;637534343;5170.00000000;420;EXCHANGE_LAST;;1;1;XEUR;7793482;675;
21.01.2025;15:01:03.219;FESX SI 20250321 CS;SIMPLE_INSTRUMENT;VOLA;EUR;637534360;5180.00000000;150;EXCHANGE_LAST;;1;1;XEUR;7793482;675;
21.01.2025;15:16:08.755;FESX SI 20250321 CS;SIMPLE_INSTRUMENT;VOLA;EUR;637534364;5180.00000000;300;EXCHANGE_LAST;;1;1;XEUR;7793482;675;
21.01.2025;15:24:58.292;FESX SI 20250321 CS;SIMPLE_INSTRUMENT;VOLA;EUR;637534369;5180.00000000;150;EXCHANGE_LAST;;1;1;XEUR;7793482;675;
21.01.2025;15:45:32.463;FESX SI 20250321 CS;SIMPLE_INSTRUMENT;VOLA;EUR;637534381;5175.00000000;360;EXCHANGE_LAST;;1;1;XEUR;7793482;675;
21.01.2025;15:46:36.650;FESX SI 20250321 CS;SIMPLE_INSTRUMENT;VOLA;EUR;637534383;5175.00000000;360;EXCHANGE_LAST;;1;1;XEUR;7793482;675;
21.01.2025;16:22:07.961;FESX SI 20250321 CS;SIMPLE_INSTRUMENT;VOLA;EUR;637534404;5170.00000000;1161;EXCHANGE_LAST;;1;1;XEUR;7793482;675;
21.01.2025;13:39:07.104;FEXD SI 20261218 CS;SIMPLE_INSTRUMENT;BLOCK;EUR;17;156.90000000;500;EXCHANGE_LAST;;1;1;XEUR;2163053;693;
21.01.2025;14:26:00.561;FEXD SI 20291221 CS;SIMPLE_INSTRUMENT;BLOCK;EUR;21;143.40000000;300;EXCHANGE_LAST;;1;1;XEUR;4631968;693;
21.01.2025;15:23:34.721;FEXD SI 20271217 CS;SIMPLE_INSTRUMENT;BLOCK;EUR;24;151.40000000;1000;EXCHANGE_LAST;;1;1;XEUR;2848338;693;
21.01.2025;15:39:04.808;FEXD SI 20251219 CS;SIMPLE_INSTRUMENT;BLOCK;EUR;25;160.10000000;1250;EXCHANGE_LAST;;2;1;XEUR;1548120;693;
21.01.2025;16:08:46.779;FEXD SI 20261218 CS;SIMPLE_INSTRUMENT;BLOCK;EUR;28;156.80000000;165;EXCHANGE_LAST;;1;1;XEUR;2163053;693;
21.01.2025;16:08:53.510;FEXD SI 20261218 CS;SIMPLE_INSTRUMENT;BLOCK;EUR;29;156.90000000;165;EXCHANGE_LAST;;1;1;XEUR;2163053;693;
21.01.2025;16:09:02.729;FEXD SI 20271217 CS;SIMPLE_INSTRUMENT;BLOCK;EUR;30;151.40000000;165;EXCHANGE_LAST;;1;1;XEUR;2848338;693;
21.01.2025;16:09:09.024;FEXD SI 20271217 CS;SIMPLE_INSTRUMENT;BLOCK;EUR;31;151.50000000;165;EXCHANGE_LAST;;1;1;XEUR;2848338;693;
21.01.2025;16:53:42.375;FEXD SI 20261218 CS;SIMPLE_INSTRUMENT;BLOCK;EUR;43;157.00000000;230;EXCHANGE_LAST;;1;1;XEUR;2163053;693;
21.01.2025;17:04:50.477;FEXD SI 20261218 CS;SIMPLE_INSTRUMENT;BLOCK;EUR;46;156.90000000;200;EXCHANGE_LAST;;1;1;XEUR;2163053;693;
21.01.2025;07:31:37.969;FGBL SI 20250306 PS;SIMPLE_INSTRUMENT;EFS;EUR;1;131.97000000;414;EXCHANGE_LAST;;1;1;XEUR;11286679;688;
21.01.2025;07:42:33.699;FGBL SI 20250306 PS;SIMPLE_INSTRUMENT;EFS;EUR;2;132.05000000;414;EXCHANGE_LAST;;1;1;XEUR;11286679;688;
21.01.2025;08:10:44.710;FGBL SI 20250306 PS;SIMPLE_INSTRUMENT;EFS;EUR;3;131.90000000;473;EXCHANGE_LAST;;1;1;XEUR;11286679;688;
21.01.2025;08:20:12.981;FGBL SI 20250306 PS;SIMPLE_INSTRUMENT;EFS;EUR;4;131.87000000;415;EXCHANGE_LAST;;1;1;XEUR;11286679;688;
21.01.2025;08:29:34.654;FGBL SI 20250306 PS;SIMPLE_INSTRUMENT;EFS;EUR;5;131.92000000;414;EXCHANGE_LAST;;1;1;XEUR;11286679;688;
21.01.2025;08:55:10.061;FGBL SI 20250306 PS;SIMPLE_INSTRUMENT;EFS;EUR;6;131.89000000;414;EXCHANGE_LAST;;1;1;XEUR;11286679;688;
21.01.2025;08:55:20.011;FGBL SI 20250306 PS;SIMPLE_INSTRUMENT;EFS;EUR;7;131.90000000;206;EXCHANGE_LAST;;1;1;XEUR;11286679;688;
21.01.2025;09:00:57.940;FGBL SI 20250306 PS;SIMPLE_INSTRUMENT;EFS;EUR;8;131.92000000;456;EXCHANGE_LAST;;1;1;XEUR;11286679;688;
21.01.2025;09:40:55.198;FGBL SI 20250306 PS;SIMPLE_INSTRUMENT;EFS;EUR;9;131.87000000;415;EXCHANGE_LAST;;1;1;XEUR;11286679;688;
21.01.2025;09:56:33.376;FGBL SI 20250306 PS;SIMPLE_INSTRUMENT;EFP_FIN;EUR;10;131.85000000;133;EXCHANGE_LAST;;1;1;XEUR;11286679;688;
21.01.2025;10:10:58.656;FGBL SI 20250306 PS;SIMPLE_INSTRUMENT;EFS;EUR;11;131.88000000;473;EXCHANGE_LAST;;1;1;XEUR;11286679;688;
21.01.2025;10:11:03.697;FGBL SI 20250306 PS;SIMPLE_INSTRUMENT;EFP_FIN;EUR;12;131.87000000;670;EXCHANGE_LAST;;1;1;XEUR;11286679;688;
21.01.2025;10:15:07.737;FGBL SI 20250306 PS;SIMPLE_INSTRUMENT;EFS;EUR;13;131.89000000;473;EXCHANGE_LAST;;1;1;XEUR;11286679;688;
21.01.2025;10:24:30.177;FGBL SI 20250306 PS;SIMPLE_INSTRUMENT;EFS;EUR;14;131.90000000;275;EXCHANGE_LAST;;1;1;XEUR;11286679;688;
21.01.2025;10:26:01.796;FGBL SI 20250306 PS;SIMPLE_INSTRUMENT;EFS;EUR;15;131.91000000;623;EXCHANGE_LAST;;1;1;XEUR;11286679;688;
21.01.2025;10:26:53.240;FGBL SI 20250306 PS;SIMPLE_INSTRUMENT;EFS;EUR;16;131.91000000;208;EXCHANGE_LAST;;1;1;XEUR;11286679;688;
21.01.2025;10:35:58.762;FGBL SI 20250306 PS;SIMPLE_INSTRUMENT;EFP_FIN;EUR;17;131.87000000;120;EXCHANGE_LAST;;1;1;XEUR;11286679;688;
21.01.2025;10:32:50.437;FGBL SI 20250306 PS;SIMPLE_INSTRUMENT;EFS;EUR;18;131.89000000;415;EXCHANGE_LAST;;1;1;XEUR;11286679;688;
21.01.2025;10:33:49.860;FGBL SI 20250306 PS;SIMPLE_INSTRUMENT;EFS;EUR;19;131.89000000;415;EXCHANGE_LAST;;1;1;XEUR;11286679;688;
21.01.2025;10:38:12.565;FGBL SI 20250306 PS;SIMPLE_INSTRUMENT;EFS;EUR;20;131.88000000;950;EXCHANGE_LAST;;1;1;XEUR;11286679;688;
21.01.2025;10:38:53.765;FGBL SI 20250306 PS;SIMPLE_INSTRUMENT;EFS;EUR;21;131.85000000;90;EXCHANGE_LAST;;1;1;XEUR;11286679;688;
21.01.2025;10:46:17.009;FGBL SI 20250306 PS;SIMPLE_INSTRUMENT;EFS;EUR;22;131.82000000;415;EXCHANGE_LAST;;1;1;XEUR;11286679;688;
21.01.2025;10:46:52.035;FGBL SI 20250306 PS;SIMPLE_INSTRUMENT;EFS;EUR;23;131.82000000;290;EXCHANGE_LAST;;1;1;XEUR;11286679;688;
21.01.2025;11:02:13.848;FGBL SI 20250306 PS;SIMPLE_INSTRUMENT;EFP_FIN;EUR;24;131.83000000;713;EXCHANGE_LAST;;1;1;XEUR;11286679;688;
21.01.2025;11:06:02.617;FGBL SI 20250306 PS;SIMPLE_INSTRUMENT;EFP_FIN;EUR;25;131.83000000;371;EXCHANGE_LAST;;1;1;XEUR;11286679;688;
21.01.2025;11:05:06.916;FGBL SI 20250306 PS;SIMPLE_INSTRUMENT;EFP_FIN;EUR;26;131.83000000;461;EXCHANGE_LAST;;1;1;XEUR;11286679;688;
21.01.2025;11:16:05.819;FGBL SI 20250306 PS;SIMPLE_INSTRUMENT;EFP_FIN;EUR;27;131.93000000;189;EXCHANGE_LAST;;1;1;XEUR;11286679;688;
21.01.2025;11:28:34.792;FGBL SI 20250306 PS;SIMPLE_INSTRUMENT;EFS;EUR;28;131.73000000;475;EXCHANGE_LAST;;1;1;XEUR;11286679;688;
21.01.2025;11:41:43.663;FGBL SI 20250306 PS;SIMPLE_INSTRUMENT;EFP_FIN;EUR;29;131.74000000;106;EXCHANGE_LAST;;1;1;XEUR;11286679;688;
21.01.2025;11:46:27.410;FGBL SI 20250306 PS;SIMPLE_INSTRUMENT;EFS;EUR;30;131.70000000;415;EXCHANGE_LAST;;1;1;XEUR;11286679;688;
21.01.2025;11:49:28.447;FGBL SI 20250306 PS;SIMPLE_INSTRUMENT;EFS;EUR;31;131.69000000;207;EXCHANGE_LAST;;1;1;XEUR;11286679;688;
21.01.2025;11:50:55.413;FGBL SI 20250306 PS;SIMPLE_INSTRUMENT;EFS;EUR;32;131.69000000;414;EXCHANGE_LAST;;1;1;XEUR;11286679;688;
21.01.2025;11:56:31.252;FGBL SI 20250306 PS;SIMPLE_INSTRUMENT;EFS;EUR;33;131.66000000;439;EXCHANGE_LAST;;1;1;XEUR;11286679;688;
21.01.2025;12:00:33.980;FGBL SI 20250306 PS;SIMPLE_INSTRUMENT;EFS;EUR;34;131.67000000;415;EXCHANGE_LAST;;1;1;XEUR;11286679;688;
21.01.2025;12:02:45.676;FGBL SI 20250306 PS;SIMPLE_INSTRUMENT;EFS;EUR;35;131.65000000;416;EXCHANGE_LAST;;1;1;XEUR;11286679;688;
21.01.2025;12:03:49.133;FGBL SI 20250306 PS;SIMPLE_INSTRUMENT;EFS;EUR;36;131.67000000;415;EXCHANGE_LAST;;1;1;XEUR;11286679;688;
21.01.2025;12:05:24.263;FGBL SI 20250306 PS;SIMPLE_INSTRUMENT;EFS;EUR;37;131.68000000;415;EXCHANGE_LAST;;1;1;XEUR;11286679;688;
21.01.2025;12:32:02.477;FGBL SI 20250306 PS;SIMPLE_INSTRUMENT;EFS;EUR;39;131.78000000;183;EXCHANGE_LAST;;1;1;XEUR;11286679;688;
21.01.2025;12:38:59.532;FGBL SI 20250306 PS;SIMPLE_INSTRUMENT;EFS;EUR;40;131.66000000;142;EXCHANGE_LAST;;1;1;XEUR;11286679;688;
21.01.2025;12:43:09.607;FGBL SI 20250306 PS;SIMPLE_INSTRUMENT;EFS;EUR;41;131.76000000;474;EXCHANGE_LAST;;1;1;XEUR;11286679;688;
21.01.2025;12:44:39.545;FGBL SI 20250306 PS;SIMPLE_INSTRUMENT;EFS;EUR;42;131.78000000;622;EXCHANGE_LAST;;1;1;XEUR;11286679;688;
21.01.2025;12:51:10.565;FGBL SI 20250306 PS;SIMPLE_INSTRUMENT;EFS;EUR;43;131.77000000;275;EXCHANGE_LAST;;1;1;XEUR;11286679;688;
21.01.2025;12:55:50.152;FGBL SI 20250306 PS;SIMPLE_INSTRUMENT;EFS;EUR;44;131.76000000;238;EXCHANGE_LAST;;1;1;XEUR;11286679;688;
21.01.2025;12:57:11.583;FGBL SI 20250306 PS;SIMPLE_INSTRUMENT;EFP_FIN;EUR;45;131.77000000;197;EXCHANGE_LAST;;1;1;XEUR;11286679;688;
21.01.2025;13:02:57.005;FGBL SI 20250306 PS;SIMPLE_INSTRUMENT;EFS;EUR;46;131.72000000;415;EXCHANGE_LAST;;1;1;XEUR;11286679;688;
21.01.2025;13:07:11.516;FGBL SI 20250306 PS;SIMPLE_INSTRUMENT;EFP_FIN;EUR;47;131.77000000;1187;EXCHANGE_LAST;;1;1;XEUR;11286679;688;
21.01.2025;13:17:44.754;FGBL SI 20250306 PS;SIMPLE_INSTRUMENT;EFS;EUR;48;131.80000000;458;EXCHANGE_LAST;;1;1;XEUR;11286679;688;
21.01.2025;13:20:56.462;FGBL SI 20250306 PS;SIMPLE_INSTRUMENT;EFP_FIN;EUR;49;131.78000000;880;EXCHANGE_LAST;;1;1;XEUR;11286679;688;
21.01.2025;13:22:56.426;FGBL SI 20250306 PS;SIMPLE_INSTRUMENT;EFS;EUR;50;131.79000000;415;EXCHANGE_LAST;;1;1;XEUR;11286679;688;
21.01.2025;13:24:01.473;FGBL SI 20250306 PS;SIMPLE_INSTRUMENT;EFS;EUR;51;131.80000000;415;EXCHANGE_LAST;;1;1;XEUR;11286679;688;
21.01.2025;13:25:00.666;FGBL SI 20250306 PS;SIMPLE_INSTRUMENT;EFP_FIN;EUR;52;131.69000000;414;EXCHANGE_LAST;;1;1;XEUR;11286679;688;
21.01.2025;13:27:46.624;FGBL SI 20250306 PS;SIMPLE_INSTRUMENT;EFS;EUR;53;131.79000000;415;EXCHANGE_LAST;;1;1;XEUR;11286679;688;
21.01.2025;13:28:51.683;FGBL SI 20250306 PS;SIMPLE_INSTRUMENT;EFS;EUR;54;131.77000000;207;EXCHANGE_LAST;;1;1;XEUR;11286679;688;
21.01.2025;13:33:11.867;FGBL SI 20250306 PS;SIMPLE_INSTRUMENT;EFS;EUR;55;131.76000000;451;EXCHANGE_LAST;;1;1;XEUR;11286679;688;
21.01.2025;13:33:24.323;FGBL SI 20250306 PS;SIMPLE_INSTRUMENT;EFS;EUR;56;131.78000000;451;EXCHANGE_LAST;;1;1;XEUR;11286679;688;
21.01.2025;13:50:18.271;FGBL SI 20250306 PS;SIMPLE_INSTRUMENT;EFP_FIN;EUR;57;131.84000000;191;EXCHANGE_LAST;;1;1;XEUR;11286679;688;
21.01.2025;13:51:33.701;FGBL SI 20250306 PS;SIMPLE_INSTRUMENT;EFS;EUR;58;131.89000000;829;EXCHANGE_LAST;;1;1;XEUR;11286679;688;
21.01.2025;13:56:08.737;FGBL SI 20250306 PS;SIMPLE_INSTRUMENT;EFS;EUR;59;131.87000000;414;EXCHANGE_LAST;;1;1;XEUR;11286679;688;
21.01.2025;13:56:20.653;FGBL SI 20250306 PS;SIMPLE_INSTRUMENT;EFP_FIN;EUR;60;131.88000000;475;EXCHANGE_LAST;;1;1;XEUR;11286679;688;
21.01.2025;13:56:56.840;FGBL SI 20250306 PS;SIMPLE_INSTRUMENT;EFS;EUR;61;131.89000000;414;EXCHANGE_LAST;;1;1;XEUR;11286679;688;
21.01.2025;14:05:04.250;FGBL SI 20250306 PS;SIMPLE_INSTRUMENT;EFS;EUR;62;131.91000000;290;EXCHANGE_LAST;;1;1;XEUR;11286679;688;
21.01.2025;14:04:31.754;FGBL SI 20250306 PS;SIMPLE_INSTRUMENT;EFS;EUR;63;131.91000000;828;EXCHANGE_LAST;;1;1;XEUR;11286679;688;
21.01.2025;14:04:54.264;FGBL SI 20250306 PS;SIMPLE_INSTRUMENT;EFS;EUR;64;131.91000000;207;EXCHANGE_LAST;;1;1;XEUR;11286679;688;
21.01.2025;14:05:35.610;FGBL SI 20250306 PS;SIMPLE_INSTRUMENT;EFS;EUR;65;131.91000000;414;EXCHANGE_LAST;;1;1;XEUR;11286679;688;
21.01.2025;14:06:22.531;FGBL SI 20250306 PS;SIMPLE_INSTRUMENT;EFS;EUR;66;131.91000000;414;EXCHANGE_LAST;;1;1;XEUR;11286679;688;
21.01.2025;14:08:01.002;FGBL SI 20250306 PS;SIMPLE_INSTRUMENT;EFS;EUR;67;131.90000000;414;EXCHANGE_LAST;;1;1;XEUR;11286679;688;
21.01.2025;14:09:16.437;FGBL SI 20250306 PS;SIMPLE_INSTRUMENT;EFS;EUR;68;131.84000000;415;EXCHANGE_LAST;;1;1;XEUR;11286679;688;
21.01.2025;14:11:06.527;FGBL SI 20250306 PS;SIMPLE_INSTRUMENT;EFS;EUR;69;131.84000000;207;EXCHANGE_LAST;;1;1;XEUR;11286679;688;
21.01.2025;14:11:40.313;FGBL SI 20250306 PS;SIMPLE_INSTRUMENT;EFS;EUR;70;131.87000000;1297;EXCHANGE_LAST;;1;1;XEUR;11286679;688;
21.01.2025;14:16:37.264;FGBL SI 20250306 PS;SIMPLE_INSTRUMENT;EFS;EUR;71;131.88000000;474;EXCHANGE_LAST;;1;1;XEUR;11286679;688;
21.01.2025;14:16:36.899;FGBL SI 20250306 PS;SIMPLE_INSTRUMENT;EFS;EUR;72;131.83000000;415;EXCHANGE_LAST;;1;1;XEUR;11286679;688;
21.01.2025;14:16:55.411;FGBL SI 20250306 PS;SIMPLE_INSTRUMENT;EFS;EUR;73;131.84000000;414;EXCHANGE_LAST;;1;1;XEUR;11286679;688;
21.01.2025;14:17:33.223;FGBL SI 20250306 PS;SIMPLE_INSTRUMENT;EFS;EUR;74;131.84000000;414;EXCHANGE_LAST;;1;1;XEUR;11286679;688;
21.01.2025;14:18:38.544;FGBL SI 20250306 PS;SIMPLE_INSTRUMENT;EFS;EUR;75;131.83000000;415;EXCHANGE_LAST;;1;1;XEUR;11286679;688;
21.01.2025;14:20:21.916;FGBL SI 20250306 PS;SIMPLE_INSTRUMENT;EFS;EUR;76;131.89000000;124;EXCHANGE_LAST;;1;1;XEUR;11286679;688;
21.01.2025;14:26:42.234;FGBL SI 20250306 PS;SIMPLE_INSTRUMENT;EFS;EUR;78;131.91000000;415;EXCHANGE_LAST;;1;1;XEUR;11286679;688;
21.01.2025;14:30:56.426;FGBL SI 20250306 PS;SIMPLE_INSTRUMENT;EFS;EUR;79;131.85000000;415;EXCHANGE_LAST;;1;1;XEUR;11286679;688;
21.01.2025;14:46:36.480;FGBL SI 20250306 PS;SIMPLE_INSTRUMENT;EFS;EUR;80;131.85000000;300;EXCHANGE_LAST;;1;1;XEUR;11286679;688;
21.01.2025;14:48:46.466;FGBL SI 20250306 PS;SIMPLE_INSTRUMENT;BLOCK;EUR;81;131.89000000;2280;EXCHANGE_LAST;;1;1;XEUR;11286679;688;
21.01.2025;14:53:32.981;FGBL SI 20250306 PS;SIMPLE_INSTRUMENT;EFS;EUR;82;131.82000000;414;EXCHANGE_LAST;;1;1;XEUR;11286679;688;
21.01.2025;14:55:57.448;FGBL SI 20250306 PS;SIMPLE_INSTRUMENT;EFP_FIN;EUR;83;131.82000000;219;EXCHANGE_LAST;;1;1;XEUR;11286679;688;
21.01.2025;15:00:55.737;FGBL SI 20250306 PS;SIMPLE_INSTRUMENT;EFS;EUR;84;131.84000000;415;EXCHANGE_LAST;;1;1;XEUR;11286679;688;
21.01.2025;15:01:34.443;FGBL SI 20250306 PS;SIMPLE_INSTRUMENT;EFS;EUR;85;131.81000000;951;EXCHANGE_LAST;;1;1;XEUR;11286679;688;
21.01.2025;15:03:42.415;FGBL SI 20250306 PS;SIMPLE_INSTRUMENT;EFS;EUR;86;131.85000000;319;EXCHANGE_LAST;;1;1;XEUR;11286679;688;
21.01.2025;15:05:23.958;FGBL SI 20250306 PS;SIMPLE_INSTRUMENT;EFS;EUR;87;131.82000000;414;EXCHANGE_LAST;;1;1;XEUR;11286679;688;
21.01.2025;15:06:29.981;FGBL SI 20250306 PS;SIMPLE_INSTRUMENT;EFS;EUR;88;131.85000000;415;EXCHANGE_LAST;;1;1;XEUR;11286679;688;
21.01.2025;15:16:51.812;FGBL SI 20250306 PS;SIMPLE_INSTRUMENT;EFS;EUR;89;131.82000000;381;EXCHANGE_LAST;;1;1;XEUR;11286679;688;
21.01.2025;15:19:12.013;FGBL SI 20250306 PS;SIMPLE_INSTRUMENT;EFP_FIN;EUR;90;131.82000000;161;EXCHANGE_LAST;;1;1;XEUR;11286679;688;
21.01.2025;15:20:50.178;FGBL SI 20250306 PS;SIMPLE_INSTRUMENT;EFS;EUR;91;131.80000000;622;EXCHANGE_LAST;;1;1;XEUR;11286679;688;
21.01.2025;15:20:57.640;FGBL SI 20250306 PS;SIMPLE_INSTRUMENT;EFS;EUR;92;131.80000000;622;EXCHANGE_LAST;;1;1;XEUR;11286679;688;
21.01.2025;15:22:13.629;FGBL SI 20250306 PS;SIMPLE_INSTRUMENT;EFS;EUR;93;131.85000000;498;EXCHANGE_LAST;;1;1;XEUR;11286679;688;
21.01.2025;15:23:02.726;FGBL SI 20250306 PS;SIMPLE_INSTRUMENT;EFS;EUR;94;131.86000000;415;EXCHANGE_LAST;;1;1;XEUR;11286679;688;
21.01.2025;15:23:10.946;FGBL SI 20250306 PS;SIMPLE_INSTRUMENT;EFS;EUR;95;131.85000000;249;EXCHANGE_LAST;;1;1;XEUR;11286679;688;
21.01.2025;15:24:53.582;FGBL SI 20250306 PS;SIMPLE_INSTRUMENT;EFS;EUR;96;131.81000000;414;EXCHANGE_LAST;;1;1;XEUR;11286679;688;
21.01.2025;15:29:31.124;FGBL SI 20250306 PS;SIMPLE_INSTRUMENT;EFS;EUR;97;131.81000000;828;EXCHANGE_LAST;;1;1;XEUR;11286679;688;
21.01.2025;15:31:05.045;FGBL SI 20250306 PS;SIMPLE_INSTRUMENT;EFS;EUR;98;131.81000000;414;EXCHANGE_LAST;;1;1;XEUR;11286679;688;
21.01.2025;15:32:13.070;FGBL SI 20250306 PS;SIMPLE_INSTRUMENT;EFS;EUR;99;131.86000000;414;EXCHANGE_LAST;;1;1;XEUR;11286679;688;
21.01.2025;15:34:21.836;FGBL SI 20250306 PS;SIMPLE_INSTRUMENT;EFS;EUR;100;131.91000000;439;EXCHANGE_LAST;;1;1;XEUR;11286679;688;
21.01.2025;15:35:02.602;FGBL SI 20250306 PS;SIMPLE_INSTRUMENT;EFS;EUR;101;131.86000000;414;EXCHANGE_LAST;;1;1;XEUR;11286679;688;
21.01.2025;15:38:08.376;FGBL SI 20250306 PS;SIMPLE_INSTRUMENT;EFS;EUR;102;131.95000000;415;EXCHANGE_LAST;;1;1;XEUR;11286679;688;
21.01.2025;15:42:33.292;FGBL SI 20250306 PS;SIMPLE_INSTRUMENT;EFS;EUR;103;131.97000000;474;EXCHANGE_LAST;;1;1;XEUR;11286679;688;
21.01.2025;15:42:42.757;FGBL SI 20250306 PS;SIMPLE_INSTRUMENT;EFS;EUR;104;131.91000000;473;EXCHANGE_LAST;;1;1;XEUR;11286679;688;
21.01.2025;15:44:29.369;FGBL SI 20250306 PS;SIMPLE_INSTRUMENT;EFS;EUR;105;131.96000000;414;EXCHANGE_LAST;;1;1;XEUR;11286679;688;
21.01.2025;15:47:12.396;FGBL SI 20250306 PS;SIMPLE_INSTRUMENT;EFS;EUR;106;131.94000000;454;EXCHANGE_LAST;;1;1;XEUR;11286679;688;
21.01.2025;15:48:15.896;FGBL SI 20250306 PS;SIMPLE_INSTRUMENT;EFS;EUR;107;132.03000000;473;EXCHANGE_LAST;;1;1;XEUR;11286679;688;
21.01.2025;15:50:13.553;FGBL SI 20250306 PS;SIMPLE_INSTRUMENT;EFS;EUR;108;132.03000000;828;EXCHANGE_LAST;;1;1;XEUR;11286679;688;
21.01.2025;16:00:19.772;FGBL SI 20250306 PS;SIMPLE_INSTRUMENT;EFS;EUR;109;132.08000000;904;EXCHANGE_LAST;;1;1;XEUR;11286679;688;
21.01.2025;16:04:26.617;FGBL SI 20250306 PS;SIMPLE_INSTRUMENT;EFP_FIN;EUR;110;132.03000000;195;EXCHANGE_LAST;;1;1;XEUR;11286679;688;
21.01.2025;16:05:20.488;FGBL SI 20250306 PS;SIMPLE_INSTRUMENT;EFS;EUR;111;132.00000000;368;EXCHANGE_LAST;;1;1;XEUR;11286679;688;
21.01.2025;16:08:39.464;FGBL SI 20250306 PS;SIMPLE_INSTRUMENT;EFP_FIN;EUR;112;132.07000000;849;EXCHANGE_LAST;;1;1;XEUR;11286679;688;
21.01.2025;16:23:42.832;FGBL SI 20250306 PS;SIMPLE_INSTRUMENT;EFS;EUR;113;131.96000000;414;EXCHANGE_LAST;;1;1;XEUR;11286679;688;
21.01.2025;16:24:20.674;FGBL SI 20250306 PS;SIMPLE_INSTRUMENT;EFS;EUR;114;131.94000000;473;EXCHANGE_LAST;;1;1;XEUR;11286679;688;
21.01.2025;16:25:01.315;FGBL SI 20250306 PS;SIMPLE_INSTRUMENT;EFP_FIN;EUR;115;131.80000000;789;EXCHANGE_LAST;;1;1;XEUR;11286679;688;
21.01.2025;16:25:30.043;FGBL SI 20250306 PS;SIMPLE_INSTRUMENT;EFS;EUR;116;131.95000000;414;EXCHANGE_LAST;;1;1;XEUR;11286679;688;
21.01.2025;16:31:55.947;FGBL SI 20250306 PS;SIMPLE_INSTRUMENT;EFS;EUR;117;131.93000000;1300;EXCHANGE_LAST;;1;1;XEUR;11286679;688;
21.01.2025;16:35:43.947;FGBL SI 20250306 PS;SIMPLE_INSTRUMENT;EFS;EUR;118;131.98000000;414;EXCHANGE_LAST;;1;1;XEUR;11286679;688;
21.01.2025;16:45:45.237;FGBL SI 20250306 PS;SIMPLE_INSTRUMENT;EFS;EUR;119;131.97000000;207;EXCHANGE_LAST;;1;1;XEUR;11286679;688;
21.01.2025;16:46:43.772;FGBL SI 20250306 PS;SIMPLE_INSTRUMENT;EFS;EUR;120;131.97000000;414;EXCHANGE_LAST;;1;1;XEUR;11286679;688;
21.01.2025;16:49:14.057;FGBL SI 20250306 PS;SIMPLE_INSTRUMENT;EFP_FIN;EUR;121;131.94000000;475;EXCHANGE_LAST;;1;1;XEUR;11286679;688;
21.01.2025;16:55:05.999;FGBL SI 20250306 PS;SIMPLE_INSTRUMENT;EFS;EUR;122;131.96000000;414;EXCHANGE_LAST;;1;1;XEUR;11286679;688;
21.01.2025;16:55:15.455;FGBL SI 20250306 PS;SIMPLE_INSTRUMENT;EFS;EUR;123;131.96000000;498;EXCHANGE_LAST;;1;1;XEUR;11286679;688;
21.01.2025;16:55:31.497;FGBL SI 20250306 PS;SIMPLE_INSTRUMENT;EFS;EUR;124;131.98000000;414;EXCHANGE_LAST;;1;1;XEUR;11286679;688;
21.01.2025;16:57:04.247;FGBL SI 20250306 PS;SIMPLE_INSTRUMENT;EFS;EUR;125;131.94000000;207;EXCHANGE_LAST;;1;1;XEUR;11286679;688;
21.01.2025;17:08:17.461;FGBL SI 20250306 PS;SIMPLE_INSTRUMENT;EFS;EUR;126;131.92000000;207;EXCHANGE_LAST;;1;1;XEUR;11286679;688;
21.01.2025;08:53:54.633;FGBL SI 20250306 PS;SIMPLE_INSTRUMENT;VOLA;EUR;268435470;131.90000000;90;EXCHANGE_LAST;;1;1;XEUR;11286679;688;
21.01.2025;09:09:56.762;FGBL SI 20250306 PS;SIMPLE_INSTRUMENT;VOLA;EUR;268435476;131.94000000;375;EXCHANGE_LAST;;1;1;XEUR;11286679;688;
21.01.2025;09:10:39.780;FGBL SI 20250306 PS;SIMPLE_INSTRUMENT;VOLA;EUR;268435477;131.94000000;200;EXCHANGE_LAST;;1;1;XEUR;11286679;688;
21.01.2025;09:11:07.789;FGBL SI 20250306 PS;SIMPLE_INSTRUMENT;VOLA;EUR;268435478;131.94000000;195;EXCHANGE_LAST;;1;1;XEUR;11286679;688;
21.01.2025;09:42:28.931;FGBL SI 20250306 PS;SIMPLE_INSTRUMENT;VOLA;EUR;268435488;131.89000000;136;EXCHANGE_LAST;;1;1;XEUR;11286679;688;
21.01.2025;09:45:58.584;FGBL SI 20250306 PS;SIMPLE_INSTRUMENT;VOLA;EUR;268435489;131.92000000;30;EXCHANGE_LAST;;1;1;XEUR;11286679;688;
21.01.2025;12:56:31.258;FGBL SI 20250306 PS;SIMPLE_INSTRUMENT;VOLA;EUR;268435523;131.68000000;132;EXCHANGE_LAST;;1;1;XEUR;11286679;688;
21.01.2025;13:00:53.752;FGBL SI 20250306 PS;SIMPLE_INSTRUMENT;VOLA;EUR;268435529;131.68000000;191;EXCHANGE_LAST;;1;1;XEUR;11286679;688;
21.01.2025;13:07:25.191;FGBL SI 20250306 PS;SIMPLE_INSTRUMENT;VOLA;EUR;268435531;131.68000000;22;EXCHANGE_LAST;;1;1;XEUR;11286679;688;
21.01.2025;13:31:33.895;FGBL SI 20250306 PS;SIMPLE_INSTRUMENT;VOLA;EUR;268435536;131.74000000;104;EXCHANGE_LAST;;1;1;XEUR;11286679;688;
21.01.2025;14:39:49.998;FGBL SI 20250306 PS;SIMPLE_INSTRUMENT;VOLA;EUR;268435559;131.90000000;285;EXCHANGE_LAST;;1;1;XEUR;11286679;688;
21.01.2025;14:43:03.564;FGBL SI 20250306 PS;SIMPLE_INSTRUMENT;VOLA;EUR;268435563;131.87000000;600;EXCHANGE_LAST;;1;1;XEUR;11286679;688;
21.01.2025;15:34:24.650;FGBL SI 20250306 PS;SIMPLE_INSTRUMENT;VOLA;EUR;268435581;131.80000000;55;EXCHANGE_LAST;;1;1;XEUR;11286679;688;
21.01.2025;15:34:23.107;FGBL SI 20250306 PS;SIMPLE_INSTRUMENT;VOLA;EUR;268435582;131.81000000;110;EXCHANGE_LAST;;1;1;XEUR;11286679;688;
21.01.2025;15:38:33.466;FGBL SI 20250306 PS;SIMPLE_INSTRUMENT;VOLA;EUR;268435583;131.92000000;38;EXCHANGE_LAST;;1;1;XEUR;11286679;688;
21.01.2025;15:56:04.306;FGBL SI 20250306 PS;SIMPLE_INSTRUMENT;VOLA;EUR;268435589;131.90000000;142;EXCHANGE_LAST;;1;1;XEUR;11286679;688;
21.01.2025;16:12:11.468;FGBL SI 20250306 PS;SIMPLE_INSTRUMENT;VOLA;EUR;268435594;131.88000000;17;EXCHANGE_LAST;;1;1;XEUR;11286679;688;
21.01.2025;16:45:17.231;FGBL SI 20250306 PS;SIMPLE_INSTRUMENT;VOLA;EUR;268435600;132.03000000;135;EXCHANGE_LAST;;1;1;XEUR;11286679;688;
21.01.2025;07:47:28.073;FGBM SI 20250306 PS;SIMPLE_INSTRUMENT;EFS;EUR;1;117.12000000;907;EXCHANGE_LAST;;1;1;XEUR;11286680;689;
21.01.2025;08:01:48.066;FGBM SI 20250306 PS;SIMPLE_INSTRUMENT;EFP_FIN;EUR;2;117.04000000;302;EXCHANGE_LAST;;1;1;XEUR;11286680;689;
21.01.2025;09:06:56.914;FGBM SI 20250306 PS;SIMPLE_INSTRUMENT;EFS;EUR;3;117.04000000;993;EXCHANGE_LAST;;1;1;XEUR;11286680;689;
21.01.2025;09:25:15.347;FGBM SI 20250306 PS;SIMPLE_INSTRUMENT;EFP_FIN;EUR;4;117.04000000;177;EXCHANGE_LAST;;1;1;XEUR;11286680;689;
21.01.2025;09:36:35.243;FGBM SI 20250306 PS;SIMPLE_INSTRUMENT;EFS;EUR;5;117.04000000;699;EXCHANGE_LAST;;1;1;XEUR;11286680;689;
21.01.2025;09:45:27.151;FGBM SI 20250306 PS;SIMPLE_INSTRUMENT;EFS;EUR;6;117.03000000;1390;EXCHANGE_LAST;;1;1;XEUR;11286680;689;
21.01.2025;09:55:04.216;FGBM SI 20250306 PS;SIMPLE_INSTRUMENT;EFS;EUR;7;117.01000000;2979;EXCHANGE_LAST;;1;1;XEUR;11286680;689;
21.01.2025;09:57:50.357;FGBM SI 20250306 PS;SIMPLE_INSTRUMENT;EFS;EUR;8;117.01000000;2979;EXCHANGE_LAST;;1;1;XEUR;11286680;689;
21.01.2025;10:16:38.119;FGBM SI 20250306 PS;SIMPLE_INSTRUMENT;EFP_FIN;EUR;9;117.03000000;391;EXCHANGE_LAST;;1;1;XEUR;11286680;689;
21.01.2025;10:57:27.154;FGBM SI 20250306 PS;SIMPLE_INSTRUMENT;EFP_FIN;EUR;10;116.97000000;468;EXCHANGE_LAST;;1;1;XEUR;11286680;689;
21.01.2025;10:59:00.395;FGBM SI 20250306 PS;SIMPLE_INSTRUMENT;EFP_FIN;EUR;11;116.97000000;233;EXCHANGE_LAST;;1;1;XEUR;11286680;689;
21.01.2025;11:06:31.139;FGBM SI 20250306 PS;SIMPLE_INSTRUMENT;EFP_FIN;EUR;12;116.95000000;302;EXCHANGE_LAST;;1;1;XEUR;11286680;689;
21.01.2025;11:16:57.320;FGBM SI 20250306 PS;SIMPLE_INSTRUMENT;EFS;EUR;13;116.93000000;454;EXCHANGE_LAST;;1;1;XEUR;11286680;689;
21.01.2025;11:35:09.813;FGBM SI 20250306 PS;SIMPLE_INSTRUMENT;EFS;EUR;14;116.95000000;2500;EXCHANGE_LAST;;1;1;XEUR;11286680;689;
21.01.2025;11:35:49.889;FGBM SI 20250306 PS;SIMPLE_INSTRUMENT;EFS;EUR;15;116.94000000;2500;EXCHANGE_LAST;;1;1;XEUR;11286680;689;
21.01.2025;11:54:04.294;FGBM SI 20250306 PS;SIMPLE_INSTRUMENT;EFP_FIN;EUR;16;116.94000000;178;EXCHANGE_LAST;;1;1;XEUR;11286680;689;
21.01.2025;11:54:45.080;FGBM SI 20250306 PS;SIMPLE_INSTRUMENT;EFS;EUR;17;116.92000000;700;EXCHANGE_LAST;;1;1;XEUR;11286680;689;
21.01.2025;11:55:43.760;FGBM SI 20250306 PS;SIMPLE_INSTRUMENT;EFS;EUR;18;116.91000000;908;EXCHANGE_LAST;;1;1;XEUR;11286680;689;
21.01.2025;11:58:41.074;FGBM SI 20250306 PS;SIMPLE_INSTRUMENT;EFP_FIN;EUR;19;116.93000000;768;EXCHANGE_LAST;;1;1;XEUR;11286680;689;
21.01.2025;12:05:24.218;FGBM SI 20250306 PS;SIMPLE_INSTRUMENT;EFS;EUR;20;116.92000000;909;EXCHANGE_LAST;;1;1;XEUR;11286680;689;
21.01.2025;12:11:44.476;FGBM SI 20250306 PS;SIMPLE_INSTRUMENT;EFS;EUR;21;116.94000000;909;EXCHANGE_LAST;;1;1;XEUR;11286680;689;
21.01.2025;12:11:49.482;FGBM SI 20250306 PS;SIMPLE_INSTRUMENT;EFS;EUR;22;116.94000000;909;EXCHANGE_LAST;;1;1;XEUR;11286680;689;
21.01.2025;12:12:00.261;FGBM SI 20250306 PS;SIMPLE_INSTRUMENT;EFP_FIN;EUR;23;116.93000000;178;EXCHANGE_LAST;;1;1;XEUR;11286680;689;
21.01.2025;12:21:20.861;FGBM SI 20250306 PS;SIMPLE_INSTRUMENT;EFS;EUR;25;116.98000000;454;EXCHANGE_LAST;;1;1;XEUR;11286680;689;
21.01.2025;12:22:21.926;FGBM SI 20250306 PS;SIMPLE_INSTRUMENT;EFP_FIN;EUR;26;116.94000000;237;EXCHANGE_LAST;;1;1;XEUR;11286680;689;
21.01.2025;12:34:04.878;FGBM SI 20250306 PS;SIMPLE_INSTRUMENT;EFP_FIN;EUR;27;116.94000000;189;EXCHANGE_LAST;;1;1;XEUR;11286680;689;
21.01.2025;12:36:56.975;FGBM SI 20250306 PS;SIMPLE_INSTRUMENT;EFS;EUR;28;116.99000000;907;EXCHANGE_LAST;;1;1;XEUR;11286680;689;
21.01.2025;12:38:47.573;FGBM SI 20250306 PS;SIMPLE_INSTRUMENT;EFS;EUR;29;116.99000000;907;EXCHANGE_LAST;;1;1;XEUR;11286680;689;
21.01.2025;12:40:12.381;FGBM SI 20250306 PS;SIMPLE_INSTRUMENT;EFP_FIN;EUR;30;116.98000000;234;EXCHANGE_LAST;;1;1;XEUR;11286680;689;
21.01.2025;12:52:35.069;FGBM SI 20250306 PS;SIMPLE_INSTRUMENT;EFP_FIN;EUR;31;116.97000000;216;EXCHANGE_LAST;;1;1;XEUR;11286680;689;
21.01.2025;12:55:03.217;FGBM SI 20250306 PS;SIMPLE_INSTRUMENT;EFS;EUR;32;116.97000000;997;EXCHANGE_LAST;;1;1;XEUR;11286680;689;
21.01.2025;12:58:39.708;FGBM SI 20250306 PS;SIMPLE_INSTRUMENT;EFP_FIN;EUR;33;116.97000000;230;EXCHANGE_LAST;;1;1;XEUR;11286680;689;
21.01.2025;13:12:50.050;FGBM SI 20250306 PS;SIMPLE_INSTRUMENT;EFP_FIN;EUR;34;116.98000000;434;EXCHANGE_LAST;;1;1;XEUR;11286680;689;
21.01.2025;13:25:46.754;FGBM SI 20250306 PS;SIMPLE_INSTRUMENT;EFS;EUR;36;116.99000000;497;EXCHANGE_LAST;;1;1;XEUR;11286680;689;
21.01.2025;13:26:06.554;FGBM SI 20250306 PS;SIMPLE_INSTRUMENT;EFS;EUR;37;116.99000000;909;EXCHANGE_LAST;;1;1;XEUR;11286680;689;
21.01.2025;13:33:56.898;FGBM SI 20250306 PS;SIMPLE_INSTRUMENT;EFS;EUR;38;117.02000000;909;EXCHANGE_LAST;;1;1;XEUR;11286680;689;
21.01.2025;13:34:06.907;FGBM SI 20250306 PS;SIMPLE_INSTRUMENT;EFS;EUR;39;117.02000000;909;EXCHANGE_LAST;;1;1;XEUR;11286680;689;
21.01.2025;13:37:48.588;FGBM SI 20250306 PS;SIMPLE_INSTRUMENT;EFP_FIN;EUR;40;117.01000000;905;EXCHANGE_LAST;;1;1;XEUR;11286680;689;
21.01.2025;13:42:45.169;FGBM SI 20250306 PS;SIMPLE_INSTRUMENT;EFP_FIN;EUR;41;116.99000000;863;EXCHANGE_LAST;;1;1;XEUR;11286680;689;
21.01.2025;13:58:13.269;FGBM SI 20250306 PS;SIMPLE_INSTRUMENT;EFS;EUR;42;117.01000000;993;EXCHANGE_LAST;;1;1;XEUR;11286680;689;
21.01.2025;13:58:29.192;FGBM SI 20250306 PS;SIMPLE_INSTRUMENT;EFS;EUR;43;117.04000000;454;EXCHANGE_LAST;;1;1;XEUR;11286680;689;
21.01.2025;14:19:08.477;FGBM SI 20250306 PS;SIMPLE_INSTRUMENT;EFP_FIN;EUR;44;117.04000000;309;EXCHANGE_LAST;;1;1;XEUR;11286680;689;
21.01.2025;14:25:23.922;FGBM SI 20250306 PS;SIMPLE_INSTRUMENT;EFS;EUR;45;117.05000000;907;EXCHANGE_LAST;;1;1;XEUR;11286680;689;
21.01.2025;14:39:56.869;FGBM SI 20250306 PS;SIMPLE_INSTRUMENT;EFS;EUR;46;117.03000000;633;EXCHANGE_LAST;;1;1;XEUR;11286680;689;
21.01.2025;14:44:19.893;FGBM SI 20250306 PS;SIMPLE_INSTRUMENT;EFP_FIN;EUR;47;117.04000000;863;EXCHANGE_LAST;;1;1;XEUR;11286680;689;
21.01.2025;14:44:53.681;FGBM SI 20250306 PS;SIMPLE_INSTRUMENT;EFS;EUR;48;117.00000000;474;EXCHANGE_LAST;;1;1;XEUR;11286680;689;
21.01.2025;14:52:20.777;FGBM SI 20250306 PS;SIMPLE_INSTRUMENT;EFS;EUR;49;117.01000000;907;EXCHANGE_LAST;;1;1;XEUR;11286680;689;
21.01.2025;15:02:48.251;FGBM SI 20250306 PS;SIMPLE_INSTRUMENT;EFP_FIN;EUR;50;117.02000000;71;EXCHANGE_LAST;;1;1;XEUR;11286680;689;
21.01.2025;15:09:40.414;FGBM SI 20250306 PS;SIMPLE_INSTRUMENT;EFP_FIN;EUR;51;117.02000000;216;EXCHANGE_LAST;;1;1;XEUR;11286680;689;
21.01.2025;15:14:45.467;FGBM SI 20250306 PS;SIMPLE_INSTRUMENT;EFS;EUR;52;117.01000000;1361;EXCHANGE_LAST;;1;1;XEUR;11286680;689;
21.01.2025;15:17:12.152;FGBM SI 20250306 PS;SIMPLE_INSTRUMENT;EFS;EUR;54;117.01000000;1473;EXCHANGE_LAST;;1;1;XEUR;11286680;689;
21.01.2025;15:20:29.745;FGBM SI 20250306 PS;SIMPLE_INSTRUMENT;EFS;EUR;55;117.02000000;770;EXCHANGE_LAST;;1;1;XEUR;11286680;689;
21.01.2025;15:26:17.535;FGBM SI 20250306 PS;SIMPLE_INSTRUMENT;EFS;EUR;56;117.02000000;454;EXCHANGE_LAST;;1;1;XEUR;11286680;689;
21.01.2025;15:27:13.085;FGBM SI 20250306 PS;SIMPLE_INSTRUMENT;EFS;EUR;57;117.02000000;454;EXCHANGE_LAST;;1;1;XEUR;11286680;689;
21.01.2025;15:28:18.893;FGBM SI 20250306 PS;SIMPLE_INSTRUMENT;EFS;EUR;58;117.02000000;1713;EXCHANGE_LAST;;1;1;XEUR;11286680;689;
21.01.2025;15:29:42.862;FGBM SI 20250306 PS;SIMPLE_INSTRUMENT;EFS;EUR;59;117.01000000;908;EXCHANGE_LAST;;1;1;XEUR;11286680;689;
21.01.2025;15:33:43.898;FGBM SI 20250306 PS;SIMPLE_INSTRUMENT;EFS;EUR;60;117.05000000;454;EXCHANGE_LAST;;1;1;XEUR;11286680;689;
21.01.2025;15:34:36.690;FGBM SI 20250306 PS;SIMPLE_INSTRUMENT;EFS;EUR;61;117.05000000;400;EXCHANGE_LAST;;1;1;XEUR;11286680;689;
21.01.2025;15:35:03.110;FGBM SI 20250306 PS;SIMPLE_INSTRUMENT;EFS;EUR;62;117.05000000;454;EXCHANGE_LAST;;1;1;XEUR;11286680;689;
21.01.2025;15:49:12.403;FGBM SI 20250306 PS;SIMPLE_INSTRUMENT;EFS;EUR;63;117.10000000;1713;EXCHANGE_LAST;;1;1;XEUR;11286680;689;
21.01.2025;15:56:32.313;FGBM SI 20250306 PS;SIMPLE_INSTRUMENT;EFS;EUR;64;117.10000000;907;EXCHANGE_LAST;;1;1;XEUR;11286680;689;
21.01.2025;15:58:08.544;FGBM SI 20250306 PS;SIMPLE_INSTRUMENT;EFS;EUR;65;117.10000000;907;EXCHANGE_LAST;;1;1;XEUR;11286680;689;
21.01.2025;15:59:01.912;FGBM SI 20250306 PS;SIMPLE_INSTRUMENT;EFS;EUR;66;117.11000000;1914;EXCHANGE_LAST;;1;1;XEUR;11286680;689;
21.01.2025;16:11:08.019;FGBM SI 20250306 PS;SIMPLE_INSTRUMENT;EFP_FIN;EUR;67;117.09000000;390;EXCHANGE_LAST;;1;1;XEUR;11286680;689;
21.01.2025;16:30:24.434;FGBM SI 20250306 PS;SIMPLE_INSTRUMENT;EFS;EUR;68;117.06000000;8000;EXCHANGE_LAST;;1;1;XEUR;11286680;689;
21.01.2025;16:35:22.306;FGBM SI 20250306 PS;SIMPLE_INSTRUMENT;EFS;EUR;69;117.07000000;1489;EXCHANGE_LAST;;1;1;XEUR;11286680;689;
21.01.2025;16:48:26.111;FGBM SI 20250306 PS;SIMPLE_INSTRUMENT;EFS;EUR;70;117.06000000;454;EXCHANGE_LAST;;1;1;XEUR;11286680;689;
21.01.2025;16:49:26.840;FGBM SI 20250306 PS;SIMPLE_INSTRUMENT;EFS;EUR;71;117.06000000;454;EXCHANGE_LAST;;1;1;XEUR;11286680;689;
21.01.2025;16:51:17.305;FGBM SI 20250306 PS;SIMPLE_INSTRUMENT;EFS;EUR;72;117.05000000;535;EXCHANGE_LAST;;1;1;XEUR;11286680;689;
21.01.2025;16:53:00.950;FGBM SI 20250306 PS;SIMPLE_INSTRUMENT;EFS;EUR;73;117.06000000;907;EXCHANGE_LAST;;1;1;XEUR;11286680;689;
21.01.2025;16:54:51.313;FGBM SI 20250306 PS;SIMPLE_INSTRUMENT;EFP_FIN;EUR;74;117.07000000;431;EXCHANGE_LAST;;1;1;XEUR;11286680;689;
21.01.2025;17:00:02.896;FGBM SI 20250306 PS;SIMPLE_INSTRUMENT;EFS;EUR;75;117.05000000;907;EXCHANGE_LAST;;1;1;XEUR;11286680;689;
21.01.2025;17:02:56.151;FGBM SI 20250306 PS;SIMPLE_INSTRUMENT;EFS;EUR;76;117.04000000;907;EXCHANGE_LAST;;1;1;XEUR;11286680;689;
21.01.2025;17:04:40.678;FGBM SI 20250306 PS;SIMPLE_INSTRUMENT;EFS;EUR;77;117.04000000;454;EXCHANGE_LAST;;1;1;XEUR;11286680;689;
21.01.2025;17:13:22.138;FGBM SI 20250306 PS;SIMPLE_INSTRUMENT;EFS;EUR;78;117.04000000;909;EXCHANGE_LAST;;1;1;XEUR;11286680;689;
21.01.2025;11:28:39.178;FGBM SI 20250306 PS;SIMPLE_INSTRUMENT;VOLA;EUR;268435508;116.92000000;120;EXCHANGE_LAST;;1;1;XEUR;11286680;689;
21.01.2025;07:52:56.701;FGBS SI 20250306 PS;SIMPLE_INSTRUMENT;EFS;EUR;1;106.66000000;2745;EXCHANGE_LAST;;1;1;XEUR;11286681;690;
21.01.2025;08:00:50.833;FGBS SI 20250306 PS;SIMPLE_INSTRUMENT;EFP_FIN;EUR;2;106.65000000;281;EXCHANGE_LAST;;1;1;XEUR;11286681;690;
21.01.2025;08:04:57.771;FGBS SI 20250306 PS;SIMPLE_INSTRUMENT;EFP_FIN;EUR;3;106.65000000;468;EXCHANGE_LAST;;1;1;XEUR;11286681;690;
21.01.2025;08:08:49.793;FGBS SI 20250306 PS;SIMPLE_INSTRUMENT;EFS;EUR;4;106.65000000;2746;EXCHANGE_LAST;;1;1;XEUR;11286681;690;
21.01.2025;08:59:17.891;FGBS SI 20250306 PS;SIMPLE_INSTRUMENT;EFP_FIN;EUR;5;106.66000000;1180;EXCHANGE_LAST;;1;1;XEUR;11286681;690;
21.01.2025;09:01:59.583;FGBS SI 20250306 PS;SIMPLE_INSTRUMENT;EFP_FIN;EUR;6;106.65000000;150;EXCHANGE_LAST;;1;1;XEUR;11286681;690;
21.01.2025;09:27:51.522;FGBS SI 20250306 PS;SIMPLE_INSTRUMENT;EFP_FIN;EUR;7;106.65000000;209;EXCHANGE_LAST;;1;1;XEUR;11286681;690;
21.01.2025;09:28:10.911;FGBS SI 20250306 PS;SIMPLE_INSTRUMENT;EFP_FIN;EUR;8;106.65000000;209;EXCHANGE_LAST;;1;1;XEUR;11286681;690;
21.01.2025;10:04:38.421;FGBS SI 20250306 PS;SIMPLE_INSTRUMENT;EFP_FIN;EUR;9;106.63000000;328;EXCHANGE_LAST;;1;1;XEUR;11286681;690;
21.01.2025;10:39:32.446;FGBS SI 20250306 PS;SIMPLE_INSTRUMENT;EFP_FIN;EUR;10;106.63000000;935;EXCHANGE_LAST;;1;1;XEUR;11286681;690;
21.01.2025;10:39:38.957;FGBS SI 20250306 PS;SIMPLE_INSTRUMENT;EFP_FIN;EUR;11;106.63000000;582;EXCHANGE_LAST;;1;1;XEUR;11286681;690;
21.01.2025;10:39:42.900;FGBS SI 20250306 PS;SIMPLE_INSTRUMENT;EFS;EUR;12;106.65000000;2747;EXCHANGE_LAST;;1;1;XEUR;11286681;690;
21.01.2025;10:52:39.609;FGBS SI 20250306 PS;SIMPLE_INSTRUMENT;EFS;EUR;13;106.62000000;5285;EXCHANGE_LAST;;1;1;XEUR;11286681;690;
21.01.2025;11:01:12.315;FGBS SI 20250306 PS;SIMPLE_INSTRUMENT;EFS;EUR;14;106.64000000;2653;EXCHANGE_LAST;;1;1;XEUR;11286681;690;
21.01.2025;11:29:01.305;FGBS SI 20250306 PS;SIMPLE_INSTRUMENT;EFS;EUR;15;106.61500000;10619;EXCHANGE_LAST;;1;1;XEUR;11286681;690;
21.01.2025;11:30:57.852;FGBS SI 20250306 PS;SIMPLE_INSTRUMENT;EFS;EUR;16;106.61500000;2748;EXCHANGE_LAST;;1;1;XEUR;11286681;690;
21.01.2025;11:38:24.710;FGBS SI 20250306 PS;SIMPLE_INSTRUMENT;EFP_FIN;EUR;17;106.61000000;334;EXCHANGE_LAST;;1;1;XEUR;11286681;690;
21.01.2025;11:38:45.047;FGBS SI 20250306 PS;SIMPLE_INSTRUMENT;EFP_FIN;EUR;18;106.61000000;209;EXCHANGE_LAST;;1;1;XEUR;11286681;690;
21.01.2025;11:48:41.321;FGBS SI 20250306 PS;SIMPLE_INSTRUMENT;EFP_FIN;EUR;19;106.62000000;416;EXCHANGE_LAST;;1;1;XEUR;11286681;690;
21.01.2025;11:50:21.481;FGBS SI 20250306 PS;SIMPLE_INSTRUMENT;EFP_FIN;EUR;20;106.62000000;709;EXCHANGE_LAST;;1;1;XEUR;11286681;690;
21.01.2025;11:55:11.298;FGBS SI 20250306 PS;SIMPLE_INSTRUMENT;EFP_FIN;EUR;21;106.61500000;332;EXCHANGE_LAST;;1;1;XEUR;11286681;690;
21.01.2025;11:57:56.137;FGBS SI 20250306 PS;SIMPLE_INSTRUMENT;EFP_FIN;EUR;22;106.61500000;249;EXCHANGE_LAST;;1;1;XEUR;11286681;690;
21.01.2025;12:09:07.881;FGBS SI 20250306 PS;SIMPLE_INSTRUMENT;EFP_FIN;EUR;23;106.62000000;425;EXCHANGE_LAST;;1;1;XEUR;11286681;690;
21.01.2025;12:44:17.829;FGBS SI 20250306 PS;SIMPLE_INSTRUMENT;EFS;EUR;24;106.63000000;50;EXCHANGE_LAST;;1;1;XEUR;11286681;690;
21.01.2025;12:46:18.111;FGBS SI 20250306 PS;SIMPLE_INSTRUMENT;EFS;EUR;25;106.63000000;50;EXCHANGE_LAST;;1;1;XEUR;11286681;690;
21.01.2025;12:56:42.005;FGBS SI 20250306 PS;SIMPLE_INSTRUMENT;EFS;EUR;26;106.63500000;1375;EXCHANGE_LAST;;1;1;XEUR;11286681;690;
21.01.2025;13:14:26.897;FGBS SI 20250306 PS;SIMPLE_INSTRUMENT;EFP_FIN;EUR;27;106.63500000;281;EXCHANGE_LAST;;1;1;XEUR;11286681;690;
21.01.2025;13:15:20.008;FGBS SI 20250306 PS;SIMPLE_INSTRUMENT;EFP_FIN;EUR;28;106.63500000;498;EXCHANGE_LAST;;1;1;XEUR;11286681;690;
21.01.2025;13:18:10.651;FGBS SI 20250306 PS;SIMPLE_INSTRUMENT;EFP_FIN;EUR;29;106.63000000;5141;EXCHANGE_LAST;;1;1;XEUR;11286681;690;
21.01.2025;13:22:37.386;FGBS SI 20250306 PS;SIMPLE_INSTRUMENT;EFP_FIN;EUR;30;106.62500000;495;EXCHANGE_LAST;;1;1;XEUR;11286681;690;
21.01.2025;13:31:52.190;FGBS SI 20250306 PS;SIMPLE_INSTRUMENT;EFP_FIN;EUR;31;106.64000000;542;EXCHANGE_LAST;;1;1;XEUR;11286681;690;
21.01.2025;13:51:02.146;FGBS SI 20250306 PS;SIMPLE_INSTRUMENT;EFS;EUR;32;106.63000000;2746;EXCHANGE_LAST;;1;1;XEUR;11286681;690;
21.01.2025;13:56:25.263;FGBS SI 20250306 PS;SIMPLE_INSTRUMENT;EFS;EUR;33;106.64000000;2764;EXCHANGE_LAST;;1;1;XEUR;11286681;690;
21.01.2025;13:57:07.295;FGBS SI 20250306 PS;SIMPLE_INSTRUMENT;EFS;EUR;34;106.65500000;2745;EXCHANGE_LAST;;1;1;XEUR;11286681;690;
21.01.2025;14:06:33.294;FGBS SI 20250306 PS;SIMPLE_INSTRUMENT;EFS;EUR;35;106.64000000;1373;EXCHANGE_LAST;;1;1;XEUR;11286681;690;
21.01.2025;14:13:49.525;FGBS SI 20250306 PS;SIMPLE_INSTRUMENT;EFP_FIN;EUR;36;106.64000000;468;EXCHANGE_LAST;;1;1;XEUR;11286681;690;
21.01.2025;14:47:43.499;FGBS SI 20250306 PS;SIMPLE_INSTRUMENT;BLOCK;EUR;37;106.65000000;13216;EXCHANGE_LAST;;1;1;XEUR;11286681;690;
21.01.2025;15:03:39.773;FGBS SI 20250306 PS;SIMPLE_INSTRUMENT;EFP_FIN;EUR;38;106.65000000;291;EXCHANGE_LAST;;1;1;XEUR;11286681;690;
21.01.2025;16:00:42.750;FGBS SI 20250306 PS;SIMPLE_INSTRUMENT;EFP_FIN;EUR;39;106.67500000;708;EXCHANGE_LAST;;1;1;XEUR;11286681;690;
21.01.2025;16:28:57.633;FGBS SI 20250306 PS;SIMPLE_INSTRUMENT;EFS;EUR;40;106.65000000;3500;EXCHANGE_LAST;;1;1;XEUR;11286681;690;
21.01.2025;16:44:12.398;FGBS SI 20250306 PS;SIMPLE_INSTRUMENT;EFP_FIN;EUR;41;106.66000000;196;EXCHANGE_LAST;;1;1;XEUR;11286681;690;
21.01.2025;15:33:22.207;FGBS SI 20250306 PS;SIMPLE_INSTRUMENT;VOLA;EUR;268435580;106.63000000;54;EXCHANGE_LAST;;1;1;XEUR;11286681;690;
21.01.2025;08:18:12.304;FGBX SI 20250306 PS;SIMPLE_INSTRUMENT;EFS;EUR;1;128.36000000;92;EXCHANGE_LAST;;1;1;XEUR;11286682;691;
21.01.2025;09:08:12.919;FGBX SI 20250306 PS;SIMPLE_INSTRUMENT;EFS;EUR;3;128.28000000;191;EXCHANGE_LAST;;1;1;XEUR;11286682;691;
21.01.2025;09:58:11.589;FGBX SI 20250306 PS;SIMPLE_INSTRUMENT;EFP_FIN;EUR;5;128.16000000;71;EXCHANGE_LAST;;1;1;XEUR;11286682;691;
21.01.2025;11:06:27.343;FGBX SI 20250306 PS;SIMPLE_INSTRUMENT;EFP_FIN;EUR;6;128.26000000;73;EXCHANGE_LAST;;1;1;XEUR;11286682;691;
21.01.2025;11:57:09.599;FGBX SI 20250306 PS;SIMPLE_INSTRUMENT;EFS;EUR;11;128.00000000;150;EXCHANGE_LAST;;1;1;XEUR;11286682;691;
21.01.2025;12:37:46.383;FGBX SI 20250306 PS;SIMPLE_INSTRUMENT;EFS;EUR;12;127.96000000;50;EXCHANGE_LAST;;1;1;XEUR;11286682;691;
21.01.2025;12:44:38.946;FGBX SI 20250306 PS;SIMPLE_INSTRUMENT;EFP_FIN;EUR;13;128.02000000;50;EXCHANGE_LAST;;1;1;XEUR;11286682;691;
21.01.2025;13:09:57.607;FGBX SI 20250306 PS;SIMPLE_INSTRUMENT;EFS;EUR;14;128.42000000;190;EXCHANGE_LAST;;1;1;XEUR;11286682;691;
21.01.2025;14:21:33.501;FGBX SI 20250306 PS;SIMPLE_INSTRUMENT;EFP_FIN;EUR;15;128.16000000;75;EXCHANGE_LAST;;1;1;XEUR;11286682;691;
21.01.2025;14:29:40.092;FGBX SI 20250306 PS;SIMPLE_INSTRUMENT;EFS;EUR;16;128.14000000;40;EXCHANGE_LAST;;1;1;XEUR;11286682;691;
21.01.2025;14:31:00.575;FGBX SI 20250306 PS;SIMPLE_INSTRUMENT;EFS;EUR;17;128.20000000;40;EXCHANGE_LAST;;1;1;XEUR;11286682;691;
21.01.2025;15:03:32.258;FGBX SI 20250306 PS;SIMPLE_INSTRUMENT;EFS;EUR;19;128.04000000;192;EXCHANGE_LAST;;1;1;XEUR;11286682;691;
21.01.2025;16:27:30.312;FGBX SI 20250306 PS;SIMPLE_INSTRUMENT;EFP_FIN;EUR;24;128.38000000;172;EXCHANGE_LAST;;1;1;XEUR;11286682;691;
21.01.2025;16:37:41.445;FGBX SI 20250306 PS;SIMPLE_INSTRUMENT;EFP_FIN;EUR;25;128.54000000;215;EXCHANGE_LAST;;1;1;XEUR;11286682;691;
21.01.2025;13:02:21.455;FIA5.O.250121.STD.000003;STANDARD_OPTION_STRATEGY;BLOCK;EUR;14;2.78000000;1500;EXCHANGE_LAST;;1;1;XEUR;72264727425719986;48227;
21.01.2025;13:02:21.455;FIA5 SI 20250918 PS AM P 13.00 0;SIMPLE_INSTRUMENT;BLOCK;EUR;14;1.66700000;1500;PRC_DECOMP_EXCHANGE;;;;XEUR;11865832;48227;EXCHANGE
21.01.2025;13:02:21.455;FIA5 SI 20250918 PS AM C 13.00 0;SIMPLE_INSTRUMENT;BLOCK;EUR;14;1.11300000;1500;PRC_DECOMP_EXCHANGE;;;;XEUR;11865831;48227;EXCHANGE
21.01.2025;13:20:37.692;FIN SI 20250221 PS AM C 74.00 0;SIMPLE_INSTRUMENT;BLOCK;CHF;34;0.52000000;800;EXCHANGE_LAST;;1;1;XEUR;12244999;671;
21.01.2025;00:24:03.645;FMAU SI 20250321 CS;SIMPLE_INSTRUMENT;BLOCK;USD;1;5734.87600000;1760;EXCHANGE_LAST;;1;1;XEUR;7590511;45287;
21.01.2025;08:00:46.862;FMDK SI 20250321 CS;SIMPLE_INSTRUMENT;BLOCK;USD;5;8773.59000000;1725;EXCHANGE_LAST;;1;1;XEUR;7590771;48919;
21.01.2025;12:59:36.574;FMEE SI 20250321 CS;SIMPLE_INSTRUMENT;BLOCK;USD;18;321.15400000;100;EXCHANGE_LAST;;1;1;XEUR;7589846;12396;
21.01.2025;14:26:51.681;FMFP SI 20250321 CS;SIMPLE_INSTRUMENT;BLOCK;USD;19;2328.00000000;215;EXCHANGE_LAST;;1;1;XEUR;7411195;51999;
21.01.2025;14:26:54.547;FMFP SI 20281215 CS;SIMPLE_INSTRUMENT;BLOCK;USD;20;2521.22400000;199;EXCHANGE_LAST;;1;1;XEUR;10469571;51999;
21.01.2025;14:46:00.822;FMFP SI 20250321 CS;SIMPLE_INSTRUMENT;BLOCK;USD;21;2320.00000000;155;EXCHANGE_LAST;;1;1;XEUR;7411195;51999;
21.01.2025;15:34:26.982;FMGO SI 20250321 CS;SIMPLE_INSTRUMENT;BLOCK;USD;24;5197.00000000;90;EXCHANGE_LAST;;1;1;XEUR;8609359;583623;
21.01.2025;00:34:38.729;FMID SI 20250321 CS;SIMPLE_INSTRUMENT;EFP_IDX;USD;1;1577.23500000;127;EXCHANGE_LAST;;1;1;XEUR;7590528;45289;
21.01.2025;03:31:31.365;FMIN SI 20250321 CS;SIMPLE_INSTRUMENT;BLOCK;USD;3;1218.28800000;371;EXCHANGE_LAST;;1;1;XEUR;7589865;12404;
21.01.2025;11:18:55.688;FMPX SI 20250321 CS;SIMPLE_INSTRUMENT;BLOCK;USD;8;8114.50000000;892;EXCHANGE_LAST;;1;1;XEUR;7590531;45291;
21.01.2025;07:09:54.528;FMSA SI 20250321 CS;SIMPLE_INSTRUMENT;EFP_IDX;USD;4;1845.77000000;60;EXCHANGE_LAST;;1;1;XEUR;7591259;134861;
21.01.2025;12:53:08.717;FMSA SI 20250321 CS;SIMPLE_INSTRUMENT;BLOCK;USD;17;1838.15000000;80;EXCHANGE_LAST;;1;1;XEUR;7591259;134861;
21.01.2025;09:29:56.506;FMSJ SI 20250321 CS;SIMPLE_INSTRUMENT;BLOCK;USD;7;2485.00000000;24;EXCHANGE_LAST;;1;1;XEUR;7591428;208341;
21.01.2025;03:27:44.419;FMTW SI 20250321 CS;SIMPLE_INSTRUMENT;BLOCK;USD;2;850.21000000;353;EXCHANGE_LAST;;1;1;XEUR;7590882;51884;
21.01.2025;07:02:01.520;FMTW SI 20250321 CS;SIMPLE_INSTRUMENT;EFP_IDX;USD;3;849.90500000;20;EXCHANGE_LAST;;1;1;XEUR;7590882;51884;
21.01.2025;09:07:45.616;FMUA SI 20250321 CS;SIMPLE_INSTRUMENT;BLOCK;USD;4;896.50000000;77;EXCHANGE_LAST;;1;1;XEUR;7590507;45284;
21.01.2025;08:06:49.360;FMWO SI 20250321 CS;SIMPLE_INSTRUMENT;EFP_IDX;USD;6;12083.76000000;23;EXCHANGE_LAST;;1;1;XEUR;7589707;7059;
21.01.2025;16:09:59.081;FMWO SI 20250321 CS;SIMPLE_INSTRUMENT;BLOCK;USD;25;12125.00000000;308;EXCHANGE_LAST;;1;1;XEUR;7589707;7059;
21.01.2025;02:48:29.572;FMXJ SI 20250321 CS;SIMPLE_INSTRUMENT;BLOCK;USD;2;584.20000000;5;EXCHANGE_LAST;;1;1;XEUR;7590866;51660;
21.01.2025;09:31:45.652;FOAT SI 20250306 PS;SIMPLE_INSTRUMENT;EFP_FIN;EUR;1;122.52000000;2133;EXCHANGE_LAST;;1;1;XEUR;11286683;749;
21.01.2025;09:52:42.596;FOAT SI 20250306 PS;SIMPLE_INSTRUMENT;EFP_FIN;EUR;2;122.50000000;223;EXCHANGE_LAST;;1;1;XEUR;11286683;749;
21.01.2025;09:56:11.720;FOAT SI 20250306 PS;SIMPLE_INSTRUMENT;EFP_FIN;EUR;3;122.45000000;208;EXCHANGE_LAST;;1;1;XEUR;11286683;749;
21.01.2025;10:18:31.582;FOAT SI 20250306 PS;SIMPLE_INSTRUMENT;EFP_FIN;EUR;4;122.51000000;1368;EXCHANGE_LAST;;1;1;XEUR;11286683;749;
21.01.2025;10:30:16.158;FOAT SI 20250306 PS;SIMPLE_INSTRUMENT;EFS;EUR;5;122.56000000;549;EXCHANGE_LAST;;1;1;XEUR;11286683;749;
21.01.2025;10:41:11.704;FOAT SI 20250306 PS;SIMPLE_INSTRUMENT;EFP_FIN;EUR;6;122.53000000;134;EXCHANGE_LAST;;1;1;XEUR;11286683;749;
21.01.2025;10:39:38.957;FOAT SI 20250306 PS;SIMPLE_INSTRUMENT;EFP_FIN;EUR;7;122.53000000;625;EXCHANGE_LAST;;1;1;XEUR;11286683;749;
21.01.2025;10:49:38.685;FOAT SI 20250306 PS;SIMPLE_INSTRUMENT;EFP_FIN;EUR;8;122.54000000;1114;EXCHANGE_LAST;;1;1;XEUR;11286683;749;
21.01.2025;10:51:07.759;FOAT SI 20250306 PS;SIMPLE_INSTRUMENT;EFP_FIN;EUR;9;122.56000000;834;EXCHANGE_LAST;;1;1;XEUR;11286683;749;
21.01.2025;10:52:49.179;FOAT SI 20250306 PS;SIMPLE_INSTRUMENT;EFP_FIN;EUR;10;122.56000000;834;EXCHANGE_LAST;;1;1;XEUR;11286683;749;
21.01.2025;11:42:55.009;FOAT SI 20250306 PS;SIMPLE_INSTRUMENT;EFP_FIN;EUR;11;122.50000000;417;EXCHANGE_LAST;;1;1;XEUR;11286683;749;
21.01.2025;12:15:13.738;FOAT SI 20250306 PS;SIMPLE_INSTRUMENT;BLOCK;EUR;12;122.34000000;893;EXCHANGE_LAST;;1;1;XEUR;11286683;749;
21.01.2025;12:15:45.571;FOAT SI 20250306 PS;SIMPLE_INSTRUMENT;EFP_FIN;EUR;13;122.43000000;417;EXCHANGE_LAST;;1;1;XEUR;11286683;749;
21.01.2025;12:16:20.010;FOAT SI 20250306 PS;SIMPLE_INSTRUMENT;EFP_FIN;EUR;14;122.36000000;137;EXCHANGE_LAST;;1;1;XEUR;11286683;749;
21.01.2025;12:17:26.942;FOAT SI 20250306 PS;SIMPLE_INSTRUMENT;EFP_FIN;EUR;15;122.34000000;704;EXCHANGE_LAST;;1;1;XEUR;11286683;749;
21.01.2025;12:32:23.813;FOAT SI 20250306 PS;SIMPLE_INSTRUMENT;EFP_FIN;EUR;16;122.50000000;972;EXCHANGE_LAST;;1;1;XEUR;11286683;749;
21.01.2025;12:34:48.077;FOAT SI 20250306 PS;SIMPLE_INSTRUMENT;EFP_FIN;EUR;17;122.44000000;205;EXCHANGE_LAST;;1;1;XEUR;11286683;749;
21.01.2025;12:36:20.826;FOAT SI 20250306 PS;SIMPLE_INSTRUMENT;EFP_FIN;EUR;18;122.43000000;415;EXCHANGE_LAST;;1;1;XEUR;11286683;749;
21.01.2025;12:57:48.362;FOAT SI 20250306 PS;SIMPLE_INSTRUMENT;EFP_FIN;EUR;19;122.41000000;935;EXCHANGE_LAST;;1;1;XEUR;11286683;749;
21.01.2025;13:11:50.196;FOAT SI 20250306 PS;SIMPLE_INSTRUMENT;EFP_FIN;EUR;20;122.45000000;2759;EXCHANGE_LAST;;1;1;XEUR;11286683;749;
21.01.2025;13:18:47.699;FOAT SI 20250306 PS;SIMPLE_INSTRUMENT;EFP_FIN;EUR;21;122.41000000;204;EXCHANGE_LAST;;1;1;XEUR;11286683;749;
21.01.2025;13:20:39.583;FOAT SI 20250306 PS;SIMPLE_INSTRUMENT;EFP_FIN;EUR;22;122.38000000;97;EXCHANGE_LAST;;1;1;XEUR;11286683;749;
21.01.2025;13:24:31.166;FOAT SI 20250306 PS;SIMPLE_INSTRUMENT;EFP_FIN;EUR;23;122.41000000;4170;EXCHANGE_LAST;;1;1;XEUR;11286683;749;
21.01.2025;13:26:04.963;FOAT SI 20250306 PS;SIMPLE_INSTRUMENT;EFP_FIN;EUR;24;122.44000000;446;EXCHANGE_LAST;;1;1;XEUR;11286683;749;
21.01.2025;13:31:35.620;FOAT SI 20250306 PS;SIMPLE_INSTRUMENT;EFP_FIN;EUR;25;122.44000000;312;EXCHANGE_LAST;;1;1;XEUR;11286683;749;
21.01.2025;13:34:26.756;FOAT SI 20250306 PS;SIMPLE_INSTRUMENT;EFP_FIN;EUR;26;122.44000000;834;EXCHANGE_LAST;;1;1;XEUR;11286683;749;
21.01.2025;13:35:47.710;FOAT SI 20250306 PS;SIMPLE_INSTRUMENT;EFP_FIN;EUR;27;122.45000000;1018;EXCHANGE_LAST;;1;1;XEUR;11286683;749;
21.01.2025;13:38:46.793;FOAT SI 20250306 PS;SIMPLE_INSTRUMENT;EFP_FIN;EUR;28;122.43000000;1251;EXCHANGE_LAST;;1;1;XEUR;11286683;749;
21.01.2025;13:40:11.096;FOAT SI 20250306 PS;SIMPLE_INSTRUMENT;EFP_FIN;EUR;29;122.44000000;219;EXCHANGE_LAST;;1;1;XEUR;11286683;749;
21.01.2025;13:47:24.236;FOAT SI 20250306 PS;SIMPLE_INSTRUMENT;EFP_FIN;EUR;30;122.41000000;647;EXCHANGE_LAST;;1;1;XEUR;11286683;749;
21.01.2025;13:53:37.126;FOAT SI 20250306 PS;SIMPLE_INSTRUMENT;BLOCK;EUR;31;122.56000000;550;EXCHANGE_LAST;;1;1;XEUR;11286683;749;
21.01.2025;14:04:09.088;FOAT SI 20250306 PS;SIMPLE_INSTRUMENT;EFP_FIN;EUR;32;122.57000000;647;EXCHANGE_LAST;;1;1;XEUR;11286683;749;
21.01.2025;14:32:56.103;FOAT SI 20250306 PS;SIMPLE_INSTRUMENT;BLOCK;EUR;33;122.61000000;1083;EXCHANGE_LAST;;1;1;XEUR;11286683;749;
21.01.2025;14:47:37.422;FOAT SI 20250306 PS;SIMPLE_INSTRUMENT;BLOCK;EUR;34;122.52000000;829;EXCHANGE_LAST;;1;1;XEUR;11286683;749;
21.01.2025;14:51:58.280;FOAT SI 20250306 PS;SIMPLE_INSTRUMENT;EFP_FIN;EUR;35;122.51000000;646;EXCHANGE_LAST;;1;1;XEUR;11286683;749;
21.01.2025;14:53:43.771;FOAT SI 20250306 PS;SIMPLE_INSTRUMENT;EFP_FIN;EUR;36;122.58000000;245;EXCHANGE_LAST;;1;1;XEUR;11286683;749;
21.01.2025;14:55:30.855;FOAT SI 20250306 PS;SIMPLE_INSTRUMENT;EFS;EUR;37;122.47000000;824;EXCHANGE_LAST;;1;1;XEUR;11286683;749;
21.01.2025;15:00:06.797;FOAT SI 20250306 PS;SIMPLE_INSTRUMENT;EFP_FIN;EUR;38;122.57000000;236;EXCHANGE_LAST;;1;1;XEUR;11286683;749;
21.01.2025;15:07:33.731;FOAT SI 20250306 PS;SIMPLE_INSTRUMENT;EFP_FIN;EUR;39;122.55000000;841;EXCHANGE_LAST;;1;1;XEUR;11286683;749;
21.01.2025;15:29:17.625;FOAT SI 20250306 PS;SIMPLE_INSTRUMENT;EFP_FIN;EUR;40;122.50000000;982;EXCHANGE_LAST;;1;1;XEUR;11286683;749;
21.01.2025;15:10:21.128;FOAT SI 20250306 PS;SIMPLE_INSTRUMENT;EFP_FIN;EUR;41;122.50000000;343;EXCHANGE_LAST;;1;1;XEUR;11286683;749;
21.01.2025;15:15:10.693;FOAT SI 20250306 PS;SIMPLE_INSTRUMENT;EFP_FIN;EUR;42;122.51000000;1938;EXCHANGE_LAST;;1;1;XEUR;11286683;749;
21.01.2025;15:37:32.036;FOAT SI 20250306 PS;SIMPLE_INSTRUMENT;EFP_FIN;EUR;43;122.60000000;223;EXCHANGE_LAST;;1;1;XEUR;11286683;749;
21.01.2025;15:40:52.682;FOAT SI 20250306 PS;SIMPLE_INSTRUMENT;EFP_FIN;EUR;44;122.55000000;1107;EXCHANGE_LAST;;1;1;XEUR;11286683;749;
21.01.2025;15:48:31.216;FOAT SI 20250306 PS;SIMPLE_INSTRUMENT;EFS;EUR;45;122.54000000;138;EXCHANGE_LAST;;1;1;XEUR;11286683;749;
21.01.2025;16:01:54.396;FOAT SI 20250306 PS;SIMPLE_INSTRUMENT;EFP_FIN;EUR;46;122.55000000;553;EXCHANGE_LAST;;1;1;XEUR;11286683;749;
21.01.2025;16:04:25.139;FOAT SI 20250306 PS;SIMPLE_INSTRUMENT;EFP_FIN;EUR;47;122.68000000;834;EXCHANGE_LAST;;1;1;XEUR;11286683;749;
21.01.2025;16:30:43.776;FOAT SI 20250306 PS;SIMPLE_INSTRUMENT;EFP_FIN;EUR;48;122.65000000;234;EXCHANGE_LAST;;1;1;XEUR;11286683;749;
21.01.2025;16:32:45.488;FOAT SI 20250306 PS;SIMPLE_INSTRUMENT;EFP_FIN;EUR;49;122.54000000;1251;EXCHANGE_LAST;;1;1;XEUR;11286683;749;
21.01.2025;16:33:37.043;FOAT SI 20250306 PS;SIMPLE_INSTRUMENT;EFS;EUR;50;122.63000000;100;EXCHANGE_LAST;;1;1;XEUR;11286683;749;
21.01.2025;16:34:23.254;FOAT SI 20250306 PS;SIMPLE_INSTRUMENT;EFP_FIN;EUR;51;122.54000000;1347;EXCHANGE_LAST;;1;1;XEUR;11286683;749;
21.01.2025;16:47:49.459;FOAT SI 20250306 PS;SIMPLE_INSTRUMENT;BLOCK;EUR;52;122.63000000;550;EXCHANGE_LAST;;1;1;XEUR;11286683;749;
21.01.2025;16:58:33.817;FOAT SI 20250306 PS;SIMPLE_INSTRUMENT;EFS;EUR;53;122.67000000;792;EXCHANGE_LAST;;1;1;XEUR;11286683;749;
21.01.2025;09:04:39.509;FRE SI 20250417 PS AM C 41.00 0;SIMPLE_INSTRUMENT;BLOCK;EUR;1;0.42000000;1496;EXCHANGE_LAST;;1;1;XEUR;12622371;760;
21.01.2025;16:51:37.254;FSCP SI 20250321 CS;SIMPLE_INSTRUMENT;EFP_IDX;EUR;41;341.30000000;84;EXCHANGE_LAST;;1;1;XEUR;11360241;764;
21.01.2025;16:51:44.254;FSCP SI 20250321 CS;SIMPLE_INSTRUMENT;EFP_IDX;EUR;42;341.20000000;36;EXCHANGE_LAST;;1;1;XEUR;11360241;764;
21.01.2025;16:43:13.703;FSEG SI 20250321 CS;SIMPLE_INSTRUMENT;EFP_IDX;EUR;37;195.30000000;115;EXCHANGE_LAST;;1;1;XEUR;11393888;109977;
21.01.2025;16:43:23.621;FSEG SI 20250321 CS;SIMPLE_INSTRUMENT;EFP_IDX;EUR;39;195.20000000;649;EXCHANGE_LAST;;1;1;XEUR;11393888;109977;
21.01.2025;16:42:57.131;FSMI SI 20250321 CS;SIMPLE_INSTRUMENT;EFP_IDX;CHF;1;12079.00000000;50;EXCHANGE_LAST;;1;1;XEUR;7793721;757;
21.01.2025;16:37:10.284;FSMX SI 20250321 CS;SIMPLE_INSTRUMENT;BLOCK;EUR;35;26143.00000000;271;EXCHANGE_LAST;;1;1;XEUR;11405203;396422;
21.01.2025;11:16:28.025;FSTA SI 20250321 CS;SIMPLE_INSTRUMENT;BLOCK;EUR;1;567.60000000;974;EXCHANGE_LAST;;1;1;XEUR;11359808;715;
21.01.2025;16:54:38.986;FSTB SI 20250321 CS;SIMPLE_INSTRUMENT;EFP_IDX;EUR;44;226.15000000;1307;EXCHANGE_LAST;;1;1;XEUR;11359807;714;
21.01.2025;16:55:05.073;FSTB SI 20250321 CS;SIMPLE_INSTRUMENT;EFP_IDX;EUR;45;226.20000000;1961;EXCHANGE_LAST;;1;1;XEUR;11359807;714;
21.01.2025;16:42:40.404;FSTC SI 20250321 CS;SIMPLE_INSTRUMENT;BLOCK;EUR;6;1221.80000000;251;EXCHANGE_LAST;;1;1;XEUR;11359806;713;
21.01.2025;11:31:38.733;FSTE SI 20250321 CS;SIMPLE_INSTRUMENT;VOLA;EUR;603979791;352.00000000;124;EXCHANGE_LAST;;1;1;XEUR;11359812;719;
21.01.2025;15:31:07.906;FSTO SI 20250321 CS;SIMPLE_INSTRUMENT;BLOCK;EUR;2;623.00000000;341;EXCHANGE_LAST;;1;1;XEUR;11359792;711;
21.01.2025;15:31:33.649;FSTO SI 20250321 CS;SIMPLE_INSTRUMENT;BLOCK;EUR;3;622.70000000;589;EXCHANGE_LAST;;1;1;XEUR;11359792;711;
21.01.2025;17:04:21.383;FSTR SI 20250321 CS;SIMPLE_INSTRUMENT;BLOCK;EUR;7;430.10000000;270;EXCHANGE_LAST;;1;1;XEUR;11359791;710;
21.01.2025;17:04:21.383;FSTR SI 20250321 CS;SIMPLE_INSTRUMENT;BLOCK;EUR;8;430.60000000;373;EXCHANGE_LAST;;1;1;XEUR;11359791;710;
21.01.2025;11:42:35.693;FSTS SI 20250321 CS;SIMPLE_INSTRUMENT;VOLA;EUR;603979795;541.00000000;95;EXCHANGE_LAST;;1;1;XEUR;11359775;709;
21.01.2025;09:19:44.808;FUEM SI 20250321 CS;SIMPLE_INSTRUMENT;BLOCK;USD;1;115.48000000;250;EXCHANGE_LAST;;1;1;XEUR;11429254;772680;
21.01.2025;16:04:49.377;FUEM SI 20250321 CS;SIMPLE_INSTRUMENT;BLOCK;USD;32;115.53000000;3226;EXCHANGE_LAST;;1;1;XEUR;11429254;772680;
21.01.2025;15:56:52.205;FUHY SI 20250321 CS;SIMPLE_INSTRUMENT;BLOCK;USD;26;693.28000000;515;EXCHANGE_LAST;;1;1;XEUR;11850132;909660;
21.01.2025;12:20:18.574;FVS SI 20250122 CS;SIMPLE_INSTRUMENT;BLOCK;EUR;9;16.50000000;4598;EXCHANGE_LAST;;1;1;XEUR;11231184;821;
21.01.2025;12:20:37.331;FVS SI 20250219 CS;SIMPLE_INSTRUMENT;BLOCK;EUR;10;17.05000000;3372;EXCHANGE_LAST;;1;1;XEUR;11334509;821;
21.01.2025;12:21:09.264;FVS SI 20250219 CS;SIMPLE_INSTRUMENT;BLOCK;EUR;11;17.20000000;1226;EXCHANGE_LAST;;1;1;XEUR;11334509;821;
21.01.2025;12:50:27.541;FVS SI 20250219 CS;SIMPLE_INSTRUMENT;BLOCK;EUR;15;16.80000000;1000;EXCHANGE_LAST;;1;1;XEUR;11334509;821;
21.01.2025;12:50:36.183;FVS SI 20250416 CS;SIMPLE_INSTRUMENT;BLOCK;EUR;16;17.40000000;1500;EXCHANGE_LAST;;1;1;XEUR;11763481;821;
21.01.2025;11:15:18.273;FVS SI 20250318 CS;SIMPLE_INSTRUMENT;VOLA;EUR;301989896;17.25000000;75;EXCHANGE_LAST;;1;1;XEUR;11520513;821;
21.01.2025;16:43:29.877;FXXP SI 20250321 CS;SIMPLE_INSTRUMENT;BLOCK;EUR;26;526.90000000;1392;EXCHANGE_LAST;;1;1;XEUR;7793972;816;
21.01.2025;16:48:12.295;FXXP SI 20250321 CS;SIMPLE_INSTRUMENT;BLOCK;EUR;27;526.90000000;2099;EXCHANGE_LAST;;2;1;XEUR;7793972;816;
21.01.2025;16:48:17.614;FXXP SI 20250321 CS;SIMPLE_INSTRUMENT;BLOCK;EUR;28;527.00000000;901;EXCHANGE_LAST;;2;1;XEUR;7793972;816;
21.01.2025;16:48:16.929;FXXP SI 20250321 CS;SIMPLE_INSTRUMENT;EFP_IDX;EUR;29;526.90000000;800;EXCHANGE_LAST;;1;1;XEUR;7793972;816;
21.01.2025;16:48:27.067;FXXP SI 20250321 CS;SIMPLE_INSTRUMENT;EFP_IDX;EUR;30;527.00000000;200;EXCHANGE_LAST;;1;1;XEUR;7793972;816;
21.01.2025;16:47:11.876;FXXP SI 20250321 CS;SIMPLE_INSTRUMENT;EFP_IDX;EUR;31;526.90000000;700;EXCHANGE_LAST;;1;1;XEUR;7793972;816;
21.01.2025;16:47:17.284;FXXP SI 20250321 CS;SIMPLE_INSTRUMENT;EFP_IDX;EUR;32;527.00000000;300;EXCHANGE_LAST;;1;1;XEUR;7793972;816;
21.01.2025;16:47:42.896;FXXP SI 20250321 CS;SIMPLE_INSTRUMENT;EFP_IDX;EUR;33;526.90000000;700;EXCHANGE_LAST;;1;1;XEUR;7793972;816;
21.01.2025;16:47:51.067;FXXP SI 20250321 CS;SIMPLE_INSTRUMENT;EFP_IDX;EUR;34;527.00000000;300;EXCHANGE_LAST;;1;1;XEUR;7793972;816;
21.01.2025;16:49:03.803;FXXP SI 20250321 CS;SIMPLE_INSTRUMENT;EFP_IDX;EUR;35;526.90000000;349;EXCHANGE_LAST;;1;1;XEUR;7793972;816;
21.01.2025;16:49:26.111;FXXP SI 20250321 CS;SIMPLE_INSTRUMENT;EFP_IDX;EUR;36;527.00000000;151;EXCHANGE_LAST;;1;1;XEUR;7793972;816;
21.01.2025;16:54:33.598;FXXP SI 20250321 CS;SIMPLE_INSTRUMENT;BLOCK;EUR;37;526.90000000;1400;EXCHANGE_LAST;;1;2;XEUR;7793972;816;
21.01.2025;16:57:54.408;FXXP SI 20250321 CS;SIMPLE_INSTRUMENT;BLOCK;EUR;38;527.00000000;600;EXCHANGE_LAST;;1;2;XEUR;7793972;816;
21.01.2025;11:39:56.874;FXXP SI 20250321 CS;SIMPLE_INSTRUMENT;VOLA;EUR;603979793;524.80000000;50;EXCHANGE_LAST;;1;1;XEUR;7793972;816;
21.01.2025;16:35:45.602;FXXP SI 20250321 CS;SIMPLE_INSTRUMENT;VOLA;EUR;603979839;526.80000000;90;EXCHANGE_LAST;;1;1;XEUR;7793972;816;
21.01.2025;10:25:34.957;G3ZF SI 20261218 CS;SIMPLE_INSTRUMENT;BLOCK;EUR;16;1.18000000;1500;EXCHANGE_LAST;;1;1;XEUR;6825108;144760;
21.01.2025;10:41:15.352;G3ZF SI 20261218 CS;SIMPLE_INSTRUMENT;BLOCK;EUR;21;1.18000000;200;EXCHANGE_LAST;;1;1;XEUR;6825108;144760;
21.01.2025;10:56:04.714;G3ZF SI 20251219 CS;SIMPLE_INSTRUMENT;BLOCK;EUR;30;1.48500000;300;EXCHANGE_LAST;;1;1;XEUR;5914677;144760;
21.01.2025;15:24:53.931;G3ZF SI 20271217 CS;SIMPLE_INSTRUMENT;BLOCK;EUR;96;0.99000000;200;EXCHANGE_LAST;;1;2;XEUR;8413561;144760;
21.01.2025;13:24:19.960;GAD.O.250121.BER.000001;STANDARD_OPTION_STRATEGY;BLOCK;CHF;39;1.00000000;1000;EXCHANGE_LAST;;1;1;XEUR;75640391331743734;834185;
21.01.2025;13:24:19.960;GAD SI 20250221 PS AM P 105.00 0;SIMPLE_INSTRUMENT;BLOCK;CHF;39;1.51000000;1000;PRC_DECOMP_EXCHANGE;;;;XEUR;12289106;834185;EXCHANGE
21.01.2025;13:24:19.960;GAD SI 20250221 PS AM P 100.00 0;SIMPLE_INSTRUMENT;BLOCK;CHF;39;0.51000000;1000;PRC_DECOMP_EXCHANGE;;;;XEUR;12289108;834185;EXCHANGE
21.01.2025;09:16:24.435;GEBN.O.250121.RBER.000001;STANDARD_OPTION_STRATEGY;BLOCK;CHF;2;-6.18000000;1500;EXCHANGE_LAST;;1;1;XEUR;72061382199100315;882;
21.01.2025;09:16:24.435;GEBN SI 20250417 PS AM P 500.00 0;SIMPLE_INSTRUMENT;BLOCK;CHF;2;20.10000000;1500;PRC_DECOMP_EXCHANGE;;;;XEUR;12623027;882;EXCHANGE
21.01.2025;09:16:24.435;GEBN SI 20250417 PS AM P 460.00 0;SIMPLE_INSTRUMENT;BLOCK;CHF;2;6.96000000;3000;PRC_DECOMP_EXCHANGE;;;;XEUR;12623101;882;EXCHANGE
21.01.2025;09:54:47.721;GOB.O.250121.STG.000002;STANDARD_OPTION_STRATEGY;BLOCK;EUR;2;7.40000000;700;EXCHANGE_LAST;;1;1;XEUR;72061347839357105;874;
21.01.2025;09:54:47.721;GOB SI 20250321 PS AM C 84.00 0;SIMPLE_INSTRUMENT;BLOCK;EUR;2;6.16000000;700;PRC_DECOMP_EXCHANGE;;;;XEUR;10841790;874;EXCHANGE
21.01.2025;09:54:47.721;GOB SI 20250321 PS AM P 80.00 0;SIMPLE_INSTRUMENT;BLOCK;EUR;2;1.24000000;700;PRC_DECOMP_EXCHANGE;;;;XEUR;10841788;874;EXCHANGE
21.01.2025;10:51:25.421;GXI SI 20250417 PS AM P 60.00 0;SIMPLE_INSTRUMENT;BLOCK;EUR;2;2.96000000;400;EXCHANGE_LAST;;1;1;XEUR;12622770;852;
21.01.2025;09:43:57.628;HLA.N.250121.000001;NON_STANDARD_OPTION_STRATEGY;BLOCK;EUR;1;2.66000000;50;EXCHANGE_LAST;;1;1;XEUR;72379450297158767;74938;
21.01.2025;09:43:57.628;HLA SI 20250620 PS AM P 140.00 0;SIMPLE_INSTRUMENT;BLOCK;EUR;1;26.83000000;100;PRC_DECOMP_EXCHANGE;;;;XEUR;8158826;74938;EXCHANGE
21.01.2025;09:43:57.628;HLA SI 20251219 PS AM P 110.00 0;SIMPLE_INSTRUMENT;BLOCK;EUR;1;17.00000000;150;PRC_DECOMP_EXCHANGE;;;;XEUR;12475096;74938;EXCHANGE
21.01.2025;14:21:42.828;HMI SI 20250417 PS AM P 2280.00 0;SIMPLE_INSTRUMENT;BLOCK;EUR;24;45.32000000;64;EXCHANGE_LAST;;1;1;XEUR;12624074;950;
21.01.2025;10:51:48.174;HOLN SI 20260619 PS AM P 68.00 0;SIMPLE_INSTRUMENT;BLOCK;CHF;9;3.02000000;500;EXCHANGE_LAST;;1;1;XEUR;9551578;943;
21.01.2025;13:57:56.205;HOLN.O.250121.STG.000012;STANDARD_OPTION_STRATEGY;BLOCK;CHF;44;8.75000000;1250;EXCHANGE_LAST;;1;1;XEUR;72061644192123822;943;
21.01.2025;13:57:56.205;HOLN SI 20250919 PS AM P 84.00 0;SIMPLE_INSTRUMENT;BLOCK;CHF;44;5.24000000;1250;PRC_DECOMP_EXCHANGE;;;;XEUR;11884471;943;EXCHANGE
21.01.2025;13:57:56.205;HOLN SI 20250919 PS AM C 92.00 0;SIMPLE_INSTRUMENT;BLOCK;CHF;44;3.51000000;1250;PRC_DECOMP_EXCHANGE;;;;XEUR;11884479;943;EXCHANGE
21.01.2025;10:51:38.731;I2TK SI 20251219 CS;SIMPLE_INSTRUMENT;BLOCK;EUR;26;1.15000000;1000;EXCHANGE_LAST;;4;2;XEUR;5914754;919;
21.01.2025;12:59:37.235;I2TK SI 20251219 CS;SIMPLE_INSTRUMENT;BLOCK;EUR;62;1.15000000;200;EXCHANGE_LAST;;1;1;XEUR;5914754;919;
21.01.2025;14:00:14.814;I3ES SI 20261218 CS;SIMPLE_INSTRUMENT;BLOCK;EUR;76;0.33200000;1500;EXCHANGE_LAST;;1;1;XEUR;6805357;913;
21.01.2025;14:00:23.976;I3ES SI 20261218 CS;SIMPLE_INSTRUMENT;BLOCK;EUR;77;0.33300000;1500;EXCHANGE_LAST;;1;1;XEUR;6805357;913;
21.01.2025;10:25:22.058;IBE SI 20250321 PS AM P 12.50 0;SIMPLE_INSTRUMENT;BLOCK;EUR;5;0.09000000;5000;EXCHANGE_LAST;;1;1;XEUR;10842356;908;
21.01.2025;10:25:52.885;IBE SI 20250321 PS AM P 12.50 0;SIMPLE_INSTRUMENT;BLOCK;EUR;6;0.10000000;5000;EXCHANGE_LAST;;1;1;XEUR;10842356;908;
21.01.2025;14:29:19.225;IES5.O.250121.STD.000001;STANDARD_OPTION_STRATEGY;BLOCK;EUR;18;0.79000000;2500;EXCHANGE_LAST;;1;3;XEUR;72061459508502785;900;
21.01.2025;14:29:19.225;IES5 SI 20251218 PS AM C 4.00 0;SIMPLE_INSTRUMENT;BLOCK;EUR;18;0.39400000;2500;PRC_DECOMP_EXCHANGE;;;;XEUR;7338731;900;EXCHANGE
21.01.2025;14:29:19.225;IES5 SI 20251218 PS AM P 4.00 0;SIMPLE_INSTRUMENT;BLOCK;EUR;18;0.39600000;2500;PRC_DECOMP_EXCHANGE;;;;XEUR;7338730;900;EXCHANGE
21.01.2025;10:36:36.598;IESI SI 20250320 CS;SIMPLE_INSTRUMENT;BLOCK;EUR;20;4.18100000;3000;EXCHANGE_LAST;;1;1;XEUR;10688352;901;
21.01.2025;15:10:06.820;IESI SI 20250320 CS;SIMPLE_INSTRUMENT;BLOCK;EUR;94;4.18000000;2000;EXCHANGE_LAST;;1;1;XEUR;10688352;901;
21.01.2025;12:29:29.465;IFX.O.250121.BRT.000013;STANDARD_OPTION_STRATEGY;BLOCK;EUR;4;2.86000000;7000;EXCHANGE_LAST;;2;2;XEUR;72061468098469374;902;
21.01.2025;12:29:29.465;IFX SI 20261218 PS AM P 32.00 0;SIMPLE_INSTRUMENT;BLOCK;EUR;4;4.91000000;7000;PRC_DECOMP_EXCHANGE;;;;XEUR;7160333;902;EXCHANGE
21.01.2025;12:29:29.465;IFX SI 20250620 PS AM P 32.00 0;SIMPLE_INSTRUMENT;BLOCK;EUR;4;2.05000000;7000;PRC_DECOMP_EXCHANGE;;;;XEUR;7905933;902;EXCHANGE
21.01.2025;14:35:24.351;IFX.O.250121.BRT.000013;STANDARD_OPTION_STRATEGY;BLOCK;EUR;21;2.86000000;1000;EXCHANGE_LAST;;1;1;XEUR;72061468098469374;902;
21.01.2025;14:35:24.351;IFX SI 20261218 PS AM P 32.00 0;SIMPLE_INSTRUMENT;BLOCK;EUR;21;4.91000000;1000;PRC_DECOMP_MEMBER;;;;XEUR;7160333;902;MEMBER
21.01.2025;14:35:24.351;IFX SI 20250620 PS AM P 32.00 0;SIMPLE_INSTRUMENT;BLOCK;EUR;21;2.05000000;1000;PRC_DECOMP_MEMBER;;;;XEUR;7905933;902;MEMBER
21.01.2025;16:35:17.470;IFX SI 20250131 PS AM C 35.00 0;SIMPLE_INSTRUMENT;BLOCK;EUR;23;0.73000000;1000;EXCHANGE_LAST;;1;1;XEUR;12444838;902;
21.01.2025;13:12:30.225;INN.O.250121.STD.000003;STANDARD_OPTION_STRATEGY;BLOCK;EUR;16;0.96000000;3000;EXCHANGE_LAST;;1;1;XEUR;72061949134785257;1014;
21.01.2025;13:12:30.225;INN SI 20250221 PS AM C 15.83 1;SIMPLE_INSTRUMENT;BLOCK;EUR;16;0.59000000;3000;PRC_DECOMP_EXCHANGE;;;;XEUR;12248179;1014;EXCHANGE
21.01.2025;13:12:30.225;INN SI 20250221 PS AM P 15.83 1;SIMPLE_INSTRUMENT;BLOCK;EUR;16;0.37000000;3000;PRC_DECOMP_EXCHANGE;;;;XEUR;12248176;1014;EXCHANGE
21.01.2025;16:11:54.842;ISPI SI 20250321 CS;SIMPLE_INSTRUMENT;BLOCK;EUR;108;23.13700000;3000;EXCHANGE_LAST;;1;1;XEUR;10722524;57112;
21.01.2025;09:47:37.838;KDB SI 20250417 PS AM C 79.00 0;SIMPLE_INSTRUMENT;BLOCK;EUR;1;1.17000000;411;EXCHANGE_LAST;;1;1;XEUR;12624225;965;
21.01.2025;10:15:52.557;KEKG SI 20250221 CS;SIMPLE_INSTRUMENT;BLOCK;EUR;11;17.83760000;16000;EXCHANGE_LAST;;1;1;XEUR;10572468;1096;
21.01.2025;09:23:32.959;LOGN SI 20251219 PS AM P 64.00 0;SIMPLE_INSTRUMENT;BLOCK;CHF;3;3.22000000;500;EXCHANGE_LAST;;1;1;XEUR;12449199;1143;
21.01.2025;15:26:05.920;M2UV SI 20261218 CS;SIMPLE_INSTRUMENT;BLOCK;EUR;98;18.95000000;20;EXCHANGE_LAST;;1;1;XEUR;6806511;1055;
21.01.2025;11:16:25.803;MOH.O.250121.STG.000010;STANDARD_OPTION_STRATEGY;BLOCK;EUR;4;71.20000000;100;EXCHANGE_LAST;;1;1;XEUR;72062206832832196;1074;
21.01.2025;11:16:25.803;MOH SI 20250620 PS AM C 750.00 0;SIMPLE_INSTRUMENT;BLOCK;EUR;4;29.32000000;100;PRC_DECOMP_EXCHANGE;;;;XEUR;12546378;1074;EXCHANGE
21.01.2025;11:16:25.803;MOH SI 20250620 PS AM P 680.00 0;SIMPLE_INSTRUMENT;BLOCK;EUR;4;41.88000000;100;PRC_DECOMP_EXCHANGE;;;;XEUR;11365272;1074;EXCHANGE
21.01.2025;14:16:27.359;MOH SI 20250321 PS AM P 680.00 0;SIMPLE_INSTRUMENT;BLOCK;EUR;23;24.50000000;250;EXCHANGE_LAST;;1;1;XEUR;10844466;1074;
21.01.2025;12:35:40.481;MRK.O.250121.RBUL.000002;STANDARD_OPTION_STRATEGY;BLOCK;EUR;3;-4.40000000;750;EXCHANGE_LAST;;1;1;XEUR;72062846782948297;1223;
21.01.2025;12:35:40.481;MRK SI 20250321 PS AM C 140.00 0;SIMPLE_INSTRUMENT;BLOCK;EUR;3;7.92000000;750;PRC_DECOMP_EXCHANGE;;;;XEUR;10848593;1223;EXCHANGE
21.01.2025;12:35:40.481;MRK SI 20250321 PS AM C 156.00 0;SIMPLE_INSTRUMENT;BLOCK;EUR;3;1.76000000;1500;PRC_DECOMP_EXCHANGE;;;;XEUR;11474999;1223;EXCHANGE
21.01.2025;11:43:35.183;N2DB SI 20250620 CS;SIMPLE_INSTRUMENT;BLOCK;EUR;45;0.96000000;2200;EXCHANGE_LAST;;3;2;XEUR;10868552;57102;
21.01.2025;15:33:18.986;N2DB SI 20261218 CS;SIMPLE_INSTRUMENT;BLOCK;EUR;99;0.90000000;500;EXCHANGE_LAST;;1;1;XEUR;6822151;57102;
21.01.2025;15:53:34.842;N2DB SI 20250620 CS;SIMPLE_INSTRUMENT;BLOCK;EUR;106;0.96000000;1000;EXCHANGE_LAST;;2;1;XEUR;10868552;57102;
21.01.2025;08:50:33.907;N3EF SI 20251219 CS;SIMPLE_INSTRUMENT;BLOCK;EUR;1;0.20000000;750;EXCHANGE_LAST;;1;1;XEUR;9488403;669775;
21.01.2025;13:39:19.984;N4OV SI 20250321 CS;SIMPLE_INSTRUMENT;BLOCK;CHF;70;3.30000000;268;EXCHANGE_LAST;;1;1;XEUR;10462863;724743;
21.01.2025;13:50:14.227;N4OV SI 20250321 CS;SIMPLE_INSTRUMENT;BLOCK;CHF;74;3.30000000;67;EXCHANGE_LAST;;1;1;XEUR;10462863;724743;
21.01.2025;08:54:04.866;N6EF SI 20251219 CS;SIMPLE_INSTRUMENT;BLOCK;EUR;3;0.20000000;750;EXCHANGE_LAST;;1;1;XEUR;10677739;779075;
21.01.2025;11:04:12.104;NESN.O.250121.STG.000009;STANDARD_OPTION_STRATEGY;BLOCK;CHF;10;5.87000000;750;EXCHANGE_LAST;;1;1;XEUR;72063018581704402;1263;
21.01.2025;11:04:12.104;NESN SI 20250919 PS AM C 76.00 0;SIMPLE_INSTRUMENT;BLOCK;CHF;10;2.40000000;750;PRC_DECOMP_MEMBER;;;;XEUR;11891500;1263;MEMBER
21.01.2025;11:04:12.104;NESN SI 20250919 PS AM P 72.00 0;SIMPLE_INSTRUMENT;BLOCK;CHF;10;3.47000000;750;PRC_DECOMP_MEMBER;;;;XEUR;11891497;1263;MEMBER
21.01.2025;13:33:34.192;NESN.O.250121.COMBO.000010;STANDARD_OPTION_STRATEGY;BLOCK;CHF;41;1.40000000;3500;EXCHANGE_LAST;;2;1;XEUR;72063018581704403;1263;
21.01.2025;13:33:34.192;NESN SI 20251219 PS AM C 84.00 0;SIMPLE_INSTRUMENT;BLOCK;CHF;41;1.08000000;3500;PRC_DECOMP_EXCHANGE;;;;XEUR;5937990;1263;EXCHANGE
21.01.2025;13:33:34.192;NESN SI 20251219 PS AM P 68.00 0;SIMPLE_INSTRUMENT;BLOCK;CHF;41;2.48000000;3500;PRC_DECOMP_EXCHANGE;;;;XEUR;6166164;1263;EXCHANGE
21.01.2025;13:50:12.084;NESN SI 20250417 PS AM C 80.00 0;SIMPLE_INSTRUMENT;BLOCK;CHF;42;0.52000000;2010;EXCHANGE_LAST;;1;1;XEUR;12629422;1263;
21.01.2025;13:06:34.764;NOVE.O.250121.COMBO.000006;STANDARD_OPTION_STRATEGY;BLOCK;CHF;31;-0.84000000;1500;EXCHANGE_LAST;;1;2;XEUR;75170345815905601;724744;
21.01.2025;13:06:34.764;NOVE SI 20250919 PS EU P 80.00 0;SIMPLE_INSTRUMENT;BLOCK;CHF;31;2.20000000;1500;PRC_DECOMP_MEMBER;;;;XEUR;11932785;724744;MEMBER
21.01.2025;13:06:34.764;NOVE SI 20250919 PS EU C 92.00 0;SIMPLE_INSTRUMENT;BLOCK;CHF;31;3.04000000;1500;PRC_DECOMP_MEMBER;;;;XEUR;11932870;724744;MEMBER
21.01.2025;15:10:09.240;NOVE.O.250121.CDIA.000008;STANDARD_OPTION_STRATEGY;BLOCK;CHF;57;6.64000000;2000;EXCHANGE_LAST;;1;1;XEUR;75170345815905603;724744;
21.01.2025;15:10:09.240;NOVE SI 20250919 PS EU C 102.00 0;SIMPLE_INSTRUMENT;BLOCK;CHF;57;1.02000000;2000;PRC_DECOMP_EXCHANGE;;;;XEUR;11949750;724744;EXCHANGE
21.01.2025;15:10:09.240;NOVE SI 20260619 PS EU C 84.00 0;SIMPLE_INSTRUMENT;BLOCK;CHF;57;7.66000000;2000;PRC_DECOMP_EXCHANGE;;;;XEUR;10037886;724744;EXCHANGE
21.01.2025;16:29:23.613;NOVE SI 20250620 PS EU C 90.00 0;SIMPLE_INSTRUMENT;BLOCK;CHF;62;2.73000000;500;EXCHANGE_LAST;;1;1;XEUR;11766595;724744;
21.01.2025;13:39:14.592;NOVH SI 20250321 CS;SIMPLE_INSTRUMENT;BLOCK;CHF;69;87.40000000;4000;EXCHANGE_LAST;;1;1;XEUR;10739776;724742;
21.01.2025;13:50:48.532;NOVH SI 20250321 CS;SIMPLE_INSTRUMENT;BLOCK;CHF;73;87.40000000;1000;EXCHANGE_LAST;;1;1;XEUR;10739776;724742;
21.01.2025;09:27:44.670;NOVN SI 20271217 PS AM P 60.00 0;SIMPLE_INSTRUMENT;BLOCK;CHF;4;2.13000000;600;EXCHANGE_LAST;;1;1;XEUR;10036804;724745;
21.01.2025;15:27:31.958;NOVN SI 20260619 PS AM P 84.00 0;SIMPLE_INSTRUMENT;BLOCK;CHF;58;6.43000000;1000;EXCHANGE_LAST;;1;1;XEUR;10037221;724745;
21.01.2025;13:41:34.482;OBTP.O.250121.BER.000004;STANDARD_OPTION_STRATEGY;BLOCK;EUR;81;0.10000000;250;EXCHANGE_LAST;;1;1;XEUR;72310189654565814;58812;
21.01.2025;13:41:34.482;OBTP SI 20250221 PS AM P 117.00 0;SIMPLE_INSTRUMENT;BLOCK;EUR;81;0.25000000;250;PRC_DECOMP_EXCHANGE;;;;XEUR;11773063;58812;EXCHANGE
21.01.2025;13:41:34.482;OBTP SI 20250221 PS AM P 117.50 0;SIMPLE_INSTRUMENT;BLOCK;EUR;81;0.35000000;250;PRC_DECOMP_EXCHANGE;;;;XEUR;11773073;58812;EXCHANGE
21.01.2025;13:02:28.882;ODAX.O.250121.BLT.000196;STANDARD_OPTION_STRATEGY;BLOCK;EUR;5;59.20000000;600;EXCHANGE_LAST;;1;1;XEUR;72062644920402731;1176;
21.01.2025;13:02:28.882;ODAX SI 20250124 CS EU C 20600 0;SIMPLE_INSTRUMENT;BLOCK;EUR;5;395.10000000;600;PRC_DECOMP_EXCHANGE;;;;XEUR;12396957;1176;EXCHANGE
21.01.2025;13:02:28.882;ODAX SI 20250131 CS EU C 20600 0;SIMPLE_INSTRUMENT;BLOCK;EUR;5;454.30000000;600;PRC_DECOMP_EXCHANGE;;;;XEUR;12450237;1176;EXCHANGE
21.01.2025;13:11:39.970;ODAX.O.250121.PDIA.000201;STANDARD_OPTION_STRATEGY;BLOCK;EUR;7;45.00000000;400;EXCHANGE_LAST;;1;1;XEUR;72062644920402736;1176;
21.01.2025;13:11:39.970;ODAX SI 20250131 CS EU P 20500 0;SIMPLE_INSTRUMENT;BLOCK;EUR;7;51.80000000;400;PRC_DECOMP_EXCHANGE;;;;XEUR;12450231;1176;EXCHANGE
21.01.2025;13:11:39.970;ODAX SI 20250124 CS EU P 20300 0;SIMPLE_INSTRUMENT;BLOCK;EUR;7;6.80000000;400;PRC_DECOMP_EXCHANGE;;;;XEUR;12396936;1176;EXCHANGE
21.01.2025;13:11:50.827;ODAX.O.250121.PDIA.000199;STANDARD_OPTION_STRATEGY;BLOCK;EUR;8;46.00000000;400;EXCHANGE_LAST;;1;1;XEUR;72062644920402734;1176;
21.01.2025;13:11:50.827;ODAX SI 20250124 CS EU P 20250 0;SIMPLE_INSTRUMENT;BLOCK;EUR;8;5.20000000;400;PRC_DECOMP_EXCHANGE;;;;XEUR;12396938;1176;EXCHANGE
21.01.2025;13:11:50.827;ODAX SI 20250131 CS EU P 20500 0;SIMPLE_INSTRUMENT;BLOCK;EUR;8;51.20000000;400;PRC_DECOMP_EXCHANGE;;;;XEUR;12450231;1176;EXCHANGE
21.01.2025;09:22:18.991;ODAX.V.250121.COMBO+U.000149;OPTION_VOLATILITY_STRATEGY;BLOCK;EUR;671088641;-86.50000000;3;EXCHANGE_LAST;;1;1;XEUR;72062644920402684;1176;
21.01.2025;09:22:18.991;ODAX SI 20250221 CS EU C 21400 0;SIMPLE_INSTRUMENT;BLOCK;EUR;671088641;164.50000000;750;PRC_DECOMP_MEMBER;;;;XEUR;12306252;1176;MEMBER
