#Date;TrdTime;Contract;ContractType;TrdTyp;Currency;TesId;Prc;Qty;TrdInd;Aggressor;Buy;Sell;Exch;InstrumentId;RelatedProdId;PrcDecomp
25.11.2024;08:46:21.627;7PIF SI 20241219 CS;SIMPLE_INSTRUMENT;BLOCK;EUR;4;13.18510000;3000;EXCHANGE_LAST;;1;1;XEUR;7029747;48299;
25.11.2024;15:13:25.374;ABBN SI 20241220 PS AM P 50.00 0;SIMPLE_INSTRUMENT;BLOCK;CHF;40;1.02000000;1250;EXCHANGE_LAST;;1;1;XEUR;10457904;574517;
25.11.2024;08:50:55.344;ADEN SI 20250221 PS AM P 18.00 0;SIMPLE_INSTRUMENT;BLOCK;CHF;2;0.19000000;3000;EXCHANGE_LAST;;1;1;XEUR;12308784;44;
25.11.2024;14:16:46.088;ADEN.O.241125.BER.000003;STANDARD_OPTION_STRATEGY;BLOCK;CHF;34;5.98000000;2850;EXCHANGE_LAST;;1;1;XEUR;72057783016514563;44;
25.11.2024;14:16:46.088;ADEN SI 20250620 PS AM P 18.00 0;SIMPLE_INSTRUMENT;BLOCK;CHF;34;0.72000000;2850;PRC_DECOMP_EXCHANGE;;;;XEUR;8107904;44;EXCHANGE
25.11.2024;14:16:46.088;ADEN SI 20250620 PS AM P 28.00 0;SIMPLE_INSTRUMENT;BLOCK;CHF;34;6.70000000;2850;PRC_DECOMP_EXCHANGE;;;;XEUR;7897566;44;EXCHANGE
25.11.2024;16:19:57.198;ADS SI 20250620 PS AM C 240.00 0;SIMPLE_INSTRUMENT;BLOCK;EUR;27;11.55000000;280;EXCHANGE_LAST;;1;1;XEUR;7897600;50;
25.11.2024;11:55:42.947;AIR SI 20250321 PS AM C 163.64 1;SIMPLE_INSTRUMENT;BLOCK;EUR;17;5.38000000;350;EXCHANGE_LAST;;1;1;XEUR;10828794;64;
25.11.2024;09:09:20.110;ALV SI 20241220 PS AM P 290.00 0;SIMPLE_INSTRUMENT;BLOCK;EUR;2;4.13000000;300;EXCHANGE_LAST;;1;1;XEUR;10819250;74;
25.11.2024;15:48:33.066;AMS SI 20251219 PS AM C 10.00 0;SIMPLE_INSTRUMENT;BLOCK;CHF;46;0.61000000;500;EXCHANGE_LAST;;1;1;XEUR;11997396;10807;
25.11.2024;15:03:47.139;ARG SI 20250221 PS AM P 460.00 0;SIMPLE_INSTRUMENT;BLOCK;EUR;10;7.00000000;135;EXCHANGE_LAST;;1;1;XEUR;12275227;355435;
25.11.2024;14:30:48.904;ASG5.O.241125.STG.000001;STANDARD_OPTION_STRATEGY;BLOCK;EUR;18;0.14000000;3000;EXCHANGE_LAST;;1;1;XEUR;72058062189368504;109;
25.11.2024;14:30:48.904;ASG5 SI 20241219 PS AM P 24.00 0;SIMPLE_INSTRUMENT;BLOCK;EUR;18;0.06900000;3000;PRC_DECOMP_EXCHANGE;;;;XEUR;4629856;109;EXCHANGE
25.11.2024;14:30:48.904;ASG5 SI 20241219 PS AM C 29.00 0;SIMPLE_INSTRUMENT;BLOCK;EUR;18;0.07100000;3000;PRC_DECOMP_EXCHANGE;;;;XEUR;11862612;109;EXCHANGE
25.11.2024;11:35:52.916;ASM SI 20241220 PS AM C 650.00 0;SIMPLE_INSTRUMENT;BLOCK;EUR;12;25.75000000;200;EXCHANGE_LAST;;1;1;XEUR;11872100;107;
25.11.2024;10:11:39.659;AXA.N.241125.000001;NON_STANDARD_OPTION_STRATEGY;BLOCK;EUR;6;8.90000000;1000;EXCHANGE_LAST;;1;1;XEUR;72058139498794091;127;
25.11.2024;10:11:39.659;AXA SI 20251219 PS AM P 24.00 0;SIMPLE_INSTRUMENT;BLOCK;EUR;6;0.65000000;2000;PRC_DECOMP_MEMBER;;;;XEUR;5921732;127;MEMBER
25.11.2024;10:11:39.659;AXA SI 20251219 PS AM P 34.00 0;SIMPLE_INSTRUMENT;BLOCK;EUR;6;3.40000000;3000;PRC_DECOMP_MEMBER;;;;XEUR;11960008;127;MEMBER
25.11.2024;16:14:09.349;AXA SI 20241220 PS AM P 30.00 0;SIMPLE_INSTRUMENT;BLOCK;EUR;32;0.14000000;2500;EXCHANGE_LAST;;1;1;XEUR;9106592;127;
25.11.2024;14:56:53.220;B2AS SI 20250620 CS;SIMPLE_INSTRUMENT;BLOCK;EUR;54;2.19000000;474;EXCHANGE_LAST;;1;1;XEUR;10830335;140;
25.11.2024;09:24:01.305;B2NP SI 20281215 CS;SIMPLE_INSTRUMENT;BLOCK;EUR;10;3.25000000;1000;EXCHANGE_LAST;;2;1;XEUR;7086921;131;
25.11.2024;15:56:15.777;B2NP SI 20251219 CS;SIMPLE_INSTRUMENT;BLOCK;EUR;67;5.22000000;200;EXCHANGE_LAST;;1;1;XEUR;5914355;131;
25.11.2024;16:09:26.317;B2NP SI 20251219 CS;SIMPLE_INSTRUMENT;BLOCK;EUR;68;5.22000000;800;EXCHANGE_LAST;;2;1;XEUR;5914355;131;
25.11.2024;16:17:23.896;B2NP SI 20251219 CS;SIMPLE_INSTRUMENT;BLOCK;EUR;70;5.22000000;100;EXCHANGE_LAST;;1;1;XEUR;5914355;131;
25.11.2024;16:26:49.715;B2NP SI 20251219 CS;SIMPLE_INSTRUMENT;BLOCK;EUR;72;5.22000000;300;EXCHANGE_LAST;;1;1;XEUR;5914355;131;
25.11.2024;09:18:37.307;B2PV SI 20241220 CS;SIMPLE_INSTRUMENT;BLOCK;EUR;9;0.96000000;10590;EXCHANGE_LAST;;1;1;XEUR;12178599;949834;
25.11.2024;11:39:41.381;B2YG SI 20261218 CS;SIMPLE_INSTRUMENT;BLOCK;EUR;26;1.70000000;300;EXCHANGE_LAST;;1;1;XEUR;6820081;45713;
25.11.2024;14:41:17.460;B3BV SI 20251219 CS;SIMPLE_INSTRUMENT;BLOCK;EUR;47;0.75000000;500;EXCHANGE_LAST;;1;1;XEUR;5914370;135;
25.11.2024;11:03:25.243;BAEN.O.241125.PDIA.000002;STANDARD_OPTION_STRATEGY;BLOCK;CHF;18;1.57000000;600;EXCHANGE_LAST;;1;1;XEUR;72058276937743553;159;
25.11.2024;11:03:25.243;BAEN SI 20241220 PS AM P 40.00 0;SIMPLE_INSTRUMENT;BLOCK;CHF;18;0.01000000;600;PRC_DECOMP_EXCHANGE;;;;XEUR;4639028;159;EXCHANGE
25.11.2024;11:03:25.243;BAEN SI 20250221 PS AM P 54.00 0;SIMPLE_INSTRUMENT;BLOCK;CHF;18;1.58000000;600;PRC_DECOMP_EXCHANGE;;;;XEUR;12238999;159;EXCHANGE
25.11.2024;10:13:20.878;BAS SI 20241220 PS AM P 42.00 0;SIMPLE_INSTRUMENT;BLOCK;EUR;1;0.72000000;1500;EXCHANGE_LAST;;1;1;XEUR;7509964;150;
25.11.2024;10:28:53.905;BAS SI 20241220 PS AM P 42.00 0;SIMPLE_INSTRUMENT;BLOCK;EUR;2;0.72000000;500;EXCHANGE_LAST;;1;1;XEUR;7509964;150;
25.11.2024;12:58:15.329;BAS SI 20241220 PS AM P 44.00 0;SIMPLE_INSTRUMENT;BLOCK;EUR;5;1.78000000;2000;EXCHANGE_LAST;;1;1;XEUR;4705204;150;
25.11.2024;14:07:34.795;BAS SI 20250321 PS AM P 42.00 0;SIMPLE_INSTRUMENT;BLOCK;EUR;7;1.85000000;2000;EXCHANGE_LAST;;1;1;XEUR;10830938;150;
25.11.2024;16:20:03.214;BAS SI 20250321 PS AM C 44.00 0;SIMPLE_INSTRUMENT;BLOCK;EUR;9;2.20000000;2000;EXCHANGE_LAST;;1;1;XEUR;10830941;150;
25.11.2024;14:56:46.068;BASG SI 20250620 CS;SIMPLE_INSTRUMENT;BLOCK;EUR;53;41.96500000;6000;EXCHANGE_LAST;;1;1;XEUR;11169531;171;
25.11.2024;16:41:29.856;BASG.S.DEC24.MAR25.SPD;FUTURES_SPREAD;BLOCK;EUR;76;-0.37000000;6000;EXCHANGE_LAST;;2;1;XEUR;72058328477336860;171;
25.11.2024;16:41:29.856;BASG SI 20241220 CS;SIMPLE_INSTRUMENT;BLOCK;EUR;76;42.69490000;6000;PRC_DECOMP_EXCHANGE;;;;XEUR;7032007;171;EXCHANGE
25.11.2024;16:41:29.856;BASG SI 20250321 CS;SIMPLE_INSTRUMENT;BLOCK;EUR;76;43.06490000;6000;PRC_DECOMP_EXCHANGE;;;;XEUR;10694474;171;EXCHANGE
25.11.2024;11:31:21.908;BAY SI 20250117 PS AM C 22.00 0;SIMPLE_INSTRUMENT;BLOCK;EUR;3;0.36000000;2000;EXCHANGE_LAST;;1;1;XEUR;12069230;168;
25.11.2024;14:20:00.572;BAYG.S.DEC24.MAR25.SPD;FUTURES_SPREAD;BLOCK;EUR;44;-0.16500000;15000;EXCHANGE_LAST;;1;1;XEUR;72384157581312167;76034;
25.11.2024;14:20:00.572;BAYG SI 20250321 CS;SIMPLE_INSTRUMENT;BLOCK;EUR;44;20.02400000;15000;PRC_DECOMP_EXCHANGE;;;;XEUR;10723979;76034;EXCHANGE
25.11.2024;14:20:00.572;BAYG SI 20241220 CS;SIMPLE_INSTRUMENT;BLOCK;EUR;44;19.85900000;15000;PRC_DECOMP_EXCHANGE;;;;XEUR;7051807;76034;EXCHANGE
25.11.2024;08:50:36.720;BMW SI 20241206 PS AM C 71.00 0;SIMPLE_INSTRUMENT;BLOCK;EUR;3;0.68000000;1410;EXCHANGE_LAST;;1;1;XEUR;12139363;210;
25.11.2024;11:07:07.282;BMW SI 20241220 PS AM C 70.00 0;SIMPLE_INSTRUMENT;BLOCK;EUR;12;1.27000000;500;EXCHANGE_LAST;;1;1;XEUR;11838717;210;
25.11.2024;11:23:56.868;BMW.O.241125.STG.000011;STANDARD_OPTION_STRATEGY;BLOCK;EUR;14;6.70000000;600;EXCHANGE_LAST;;1;1;XEUR;72058495981107598;210;
25.11.2024;11:23:56.868;BMW SI 20250321 PS AM C 80.00 0;SIMPLE_INSTRUMENT;BLOCK;EUR;14;0.81000000;600;PRC_DECOMP_EXCHANGE;;;;XEUR;10832595;210;EXCHANGE
25.11.2024;11:23:56.868;BMW SI 20250321 PS AM P 72.00 0;SIMPLE_INSTRUMENT;BLOCK;EUR;14;5.89000000;600;PRC_DECOMP_EXCHANGE;;;;XEUR;10832605;210;EXCHANGE
25.11.2024;15:13:44.552;BMW SI 20241129 PS AM C 69.00 0;SIMPLE_INSTRUMENT;BLOCK;EUR;19;0.84000000;951;EXCHANGE_LAST;;1;1;XEUR;12070005;210;
25.11.2024;15:54:57.500;BMW SI 20241129 PS AM C 69.00 0;SIMPLE_INSTRUMENT;BLOCK;EUR;23;0.87000000;950;EXCHANGE_LAST;;1;1;XEUR;12070005;210;
25.11.2024;14:42:54.673;BMWF.S.DEC24.MAR25.SPD;FUTURES_SPREAD;BLOCK;EUR;49;-0.57500000;4500;EXCHANGE_LAST;;3;1;XEUR;72058620535111964;239;
25.11.2024;14:42:54.673;BMWF SI 20250321 CS;SIMPLE_INSTRUMENT;BLOCK;EUR;49;69.32500000;4500;PRC_DECOMP_MEMBER;;;;XEUR;10695616;239;MEMBER
25.11.2024;14:42:54.673;BMWF SI 20241220 CS;SIMPLE_INSTRUMENT;BLOCK;EUR;49;68.75000000;4500;PRC_DECOMP_MEMBER;;;;XEUR;7032665;239;MEMBER
25.11.2024;15:23:19.847;BMWF.S.DEC24.MAR25.SPD;FUTURES_SPREAD;BLOCK;EUR;62;-0.57500000;4000;EXCHANGE_LAST;;3;1;XEUR;72058620535111964;239;
25.11.2024;15:23:19.847;BMWF SI 20241220 CS;SIMPLE_INSTRUMENT;BLOCK;EUR;62;68.75000000;4000;PRC_DECOMP_MEMBER;;;;XEUR;7032665;239;MEMBER
25.11.2024;15:23:19.847;BMWF SI 20250321 CS;SIMPLE_INSTRUMENT;BLOCK;EUR;62;69.32500000;4000;PRC_DECOMP_MEMBER;;;;XEUR;10695616;239;MEMBER
25.11.2024;15:29:33.643;BNP.O.241125.STG.000007;STANDARD_OPTION_STRATEGY;BLOCK;EUR;28;9.75000000;1200;EXCHANGE_LAST;;1;1;XEUR;72058611945198588;237;
25.11.2024;15:29:33.643;BNP SI 20251219 PS AM P 56.00 0;SIMPLE_INSTRUMENT;BLOCK;EUR;28;6.34000000;1200;PRC_DECOMP_EXCHANGE;;;;XEUR;5923366;237;EXCHANGE
25.11.2024;15:29:33.643;BNP SI 20251219 PS AM C 60.00 0;SIMPLE_INSTRUMENT;BLOCK;EUR;28;3.41000000;1200;PRC_DECOMP_EXCHANGE;;;;XEUR;5995680;237;EXCHANGE
25.11.2024;09:18:35.856;BPVJ SI 20241219 CS;SIMPLE_INSTRUMENT;BLOCK;EUR;8;7.16630000;12000;EXCHANGE_LAST;;1;1;XEUR;7029761;48715;
25.11.2024;11:15:59.385;BX7G SI 20241220 CS;SIMPLE_INSTRUMENT;BLOCK;EUR;22;6.32780000;6000;EXCHANGE_LAST;;1;1;XEUR;7047777;3980;
25.11.2024;14:33:43.070;BYG.O.241125.PDIA.000001;STANDARD_OPTION_STRATEGY;BLOCK;EUR;25;0.29000000;2000;EXCHANGE_LAST;;1;1;XEUR;72058796628777071;280;
25.11.2024;14:33:43.070;BYG SI 20250321 PS AM P 26.00 0;SIMPLE_INSTRUMENT;BLOCK;EUR;25;0.43000000;2000;PRC_DECOMP_MEMBER;;;;XEUR;10833915;280;MEMBER
25.11.2024;14:33:43.070;BYG SI 20241220 PS AM P 27.00 0;SIMPLE_INSTRUMENT;BLOCK;EUR;25;0.14000000;2000;PRC_DECOMP_MEMBER;;;;XEUR;11875865;280;MEMBER
25.11.2024;08:22:05.260;C4RI SI 20251219 CS;SIMPLE_INSTRUMENT;BLOCK;EUR;1;2.60000000;1000;EXCHANGE_LAST;;1;1;XEUR;5914459;50862;
25.11.2024;10:16:17.779;C4RI SI 20251219 CS;SIMPLE_INSTRUMENT;BLOCK;EUR;12;2.58000000;750;EXCHANGE_LAST;;4;3;XEUR;5914459;50862;
25.11.2024;12:31:23.190;C4RI SI 20250321 CS;SIMPLE_INSTRUMENT;BLOCK;EUR;32;0.00100000;572;EXCHANGE_LAST;;1;1;XEUR;10436756;50862;
25.11.2024;13:03:42.309;C4RI SI 20251219 CS;SIMPLE_INSTRUMENT;BLOCK;EUR;36;2.58000000;200;EXCHANGE_LAST;;1;1;XEUR;5914459;50862;
25.11.2024;13:18:22.293;C4RI SI 20261218 CS;SIMPLE_INSTRUMENT;BLOCK;EUR;37;2.58000000;900;EXCHANGE_LAST;;2;4;XEUR;6821680;50862;
25.11.2024;13:15:47.232;C4RI SI 20250321 CS;SIMPLE_INSTRUMENT;BLOCK;EUR;38;0.00100000;352;EXCHANGE_LAST;;1;1;XEUR;10436756;50862;
25.11.2024;16:24:31.653;C4RI SI 20261218 CS;SIMPLE_INSTRUMENT;BLOCK;EUR;71;2.63000000;250;EXCHANGE_LAST;;1;1;XEUR;6821680;50862;
25.11.2024;10:15:28.533;CBK SI 20250919 PS AM P 13.00 0;SIMPLE_INSTRUMENT;BLOCK;EUR;2;1.13000000;1250;EXCHANGE_LAST;;1;1;XEUR;11875749;268;
25.11.2024;10:15:28.543;CBK SI 20250919 PS AM C 14.00 0;SIMPLE_INSTRUMENT;BLOCK;EUR;3;1.97000000;1250;EXCHANGE_LAST;;1;1;XEUR;11875746;268;
25.11.2024;10:16:34.213;CBK SI 20250620 PS AM C 16.00 0;SIMPLE_INSTRUMENT;BLOCK;EUR;4;0.87000000;8000;EXCHANGE_LAST;;1;1;XEUR;8356724;268;
25.11.2024;10:38:50.207;CBK SI 20241220 PS AM P 11.00 0;SIMPLE_INSTRUMENT;BLOCK;EUR;5;0.03000000;2475;EXCHANGE_LAST;;1;1;XEUR;10399721;268;
25.11.2024;10:38:55.981;CBK SI 20241220 PS AM P 11.00 0;SIMPLE_INSTRUMENT;BLOCK;EUR;6;0.05000000;2025;EXCHANGE_LAST;;1;1;XEUR;10399721;268;
25.11.2024;10:39:39.472;CBK.O.241125.ICOND.000018;STANDARD_OPTION_STRATEGY;BLOCK;EUR;7;0.93000000;10000;EXCHANGE_LAST;;1;1;XEUR;72058745089201753;268;
25.11.2024;10:39:39.472;CBK SI 20250321 PS AM P 14.00 0;SIMPLE_INSTRUMENT;BLOCK;EUR;7;0.87000000;10000;PRC_DECOMP_MEMBER;;;;XEUR;10833878;268;MEMBER
25.11.2024;10:39:39.472;CBK SI 20250321 PS AM C 18.00 0;SIMPLE_INSTRUMENT;BLOCK;EUR;7;0.16000000;10000;PRC_DECOMP_MEMBER;;;;XEUR;10833957;268;MEMBER
25.11.2024;10:39:39.472;CBK SI 20250321 PS AM C 16.00 0;SIMPLE_INSTRUMENT;BLOCK;EUR;7;0.56000000;10000;PRC_DECOMP_MEMBER;;;;XEUR;10833939;268;MEMBER
25.11.2024;10:39:39.472;CBK SI 20250321 PS AM P 12.00 0;SIMPLE_INSTRUMENT;BLOCK;EUR;7;0.34000000;10000;PRC_DECOMP_MEMBER;;;;XEUR;10833897;268;MEMBER
25.11.2024;12:13:09.771;CBK SI 20250321 PS AM C 15.00 0;SIMPLE_INSTRUMENT;BLOCK;EUR;15;0.93000000;7500;EXCHANGE_LAST;;2;2;XEUR;10833875;268;
25.11.2024;12:39:49.930;CBK SI 20241220 PS AM P 16.40 0;SIMPLE_INSTRUMENT;BLOCK;EUR;16;2.05000000;4000;EXCHANGE_LAST;;1;1;XEUR;11621480;268;
25.11.2024;12:40:44.758;CBK SI 20250117 PS AM P 15.40 0;SIMPLE_INSTRUMENT;BLOCK;EUR;17;1.26000000;4000;EXCHANGE_LAST;;1;1;XEUR;12071114;268;
25.11.2024;12:41:26.945;CBK SI 20251219 PS AM P 13.00 0;SIMPLE_INSTRUMENT;BLOCK;EUR;18;1.36000000;4000;EXCHANGE_LAST;;1;1;XEUR;11262576;268;
25.11.2024;12:42:08.003;CBK SI 20250620 PS AM P 13.00 0;SIMPLE_INSTRUMENT;BLOCK;EUR;19;0.96000000;2000;EXCHANGE_LAST;;1;1;XEUR;10982454;268;
25.11.2024;12:42:25.445;CBK SI 20250620 PS AM P 13.00 0;SIMPLE_INSTRUMENT;BLOCK;EUR;20;0.97000000;2000;EXCHANGE_LAST;;1;1;XEUR;10982454;268;
25.11.2024;15:11:39.728;CBK SI 20251219 PS AM P 16.00 0;SIMPLE_INSTRUMENT;BLOCK;EUR;23;2.87000000;4000;EXCHANGE_LAST;;1;1;XEUR;7372797;268;
25.11.2024;15:12:41.298;CBK SI 20250117 PS AM P 15.40 0;SIMPLE_INSTRUMENT;BLOCK;EUR;25;1.25000000;4000;EXCHANGE_LAST;;1;1;XEUR;12071114;268;
25.11.2024;16:22:35.011;CBK SI 20241220 PS AM C 15.40 0;SIMPLE_INSTRUMENT;BLOCK;EUR;28;0.24000000;15721;EXCHANGE_LAST;;1;1;XEUR;11621399;268;
25.11.2024;16:22:35.050;CBK SI 20241220 PS AM C 15.40 0;SIMPLE_INSTRUMENT;BLOCK;EUR;29;0.23000000;4179;EXCHANGE_LAST;;1;1;XEUR;11621399;268;
25.11.2024;16:28:32.169;CBK SI 20241220 PS AM C 15.60 0;SIMPLE_INSTRUMENT;BLOCK;EUR;30;0.13000000;1250;EXCHANGE_LAST;;1;1;XEUR;11621402;268;
25.11.2024;08:18:08.439;CFR SI 20241220 PS AM C 130.00 0;SIMPLE_INSTRUMENT;BLOCK;CHF;1;1.31000000;577;EXCHANGE_LAST;;1;1;XEUR;10400575;313;
25.11.2024;12:22:20.653;CNYA.N.241125.000001;NON_STANDARD_OPTION_STRATEGY;BLOCK;USD;1;0.22000000;250;EXCHANGE_LAST;;1;1;XEUR;74921770288676864;666868;
25.11.2024;12:22:20.653;CNYA SI 20250117 PS AM C 5.50 0;SIMPLE_INSTRUMENT;BLOCK;USD;1;0.04000000;500;PRC_DECOMP_EXCHANGE;;;;XEUR;12110179;666868;EXCHANGE
25.11.2024;12:22:20.653;CNYA SI 20241220 PS AM C 5.50 0;SIMPLE_INSTRUMENT;BLOCK;USD;1;0.01000000;250;PRC_DECOMP_EXCHANGE;;;;XEUR;10459526;666868;EXCHANGE
25.11.2024;12:22:20.653;CNYA SI 20250221 PS AM C 5.30 0;SIMPLE_INSTRUMENT;BLOCK;USD;1;0.07000000;250;PRC_DECOMP_EXCHANGE;;;;XEUR;12280631;666868;EXCHANGE
25.11.2024;12:22:20.653;CNYA SI 20250221 PS AM C 5.30 0;SIMPLE_INSTRUMENT;BLOCK;USD;1;0.08000000;250;PRC_DECOMP_EXCHANGE;;;;XEUR;12280631;666868;EXCHANGE
25.11.2024;11:22:58.679;CON SI 20241220 PS AM P 60.00 0;SIMPLE_INSTRUMENT;BLOCK;EUR;13;1.49000000;350;EXCHANGE_LAST;;1;1;XEUR;7332361;414620;
25.11.2024;12:31:08.478;CR5J.S.DEC24.MAR25.SPD;FUTURES_SPREAD;BLOCK;EUR;31;-0.28800000;6500;EXCHANGE_LAST;;1;1;XEUR;72276040369569943;50861;
25.11.2024;12:31:08.478;CR5J SI 20241219 CS;SIMPLE_INSTRUMENT;BLOCK;EUR;31;36.31000000;6500;PRC_DECOMP_MEMBER;;;;XEUR;7029763;50861;MEMBER
25.11.2024;12:31:08.478;CR5J SI 20250320 CS;SIMPLE_INSTRUMENT;BLOCK;EUR;31;36.59800000;6500;PRC_DECOMP_MEMBER;;;;XEUR;10689747;50861;MEMBER
25.11.2024;13:14:55.179;CR5J.S.DEC24.MAR25.SPD;FUTURES_SPREAD;BLOCK;EUR;39;-0.28900000;4000;EXCHANGE_LAST;;1;1;XEUR;72276040369569943;50861;
25.11.2024;13:14:55.179;CR5J SI 20241219 CS;SIMPLE_INSTRUMENT;BLOCK;EUR;39;36.41000000;4000;PRC_DECOMP_MEMBER;;;;XEUR;7029763;50861;MEMBER
25.11.2024;13:14:55.179;CR5J SI 20250320 CS;SIMPLE_INSTRUMENT;BLOCK;EUR;39;36.69900000;4000;PRC_DECOMP_MEMBER;;;;XEUR;10689747;50861;MEMBER
25.11.2024;14:36:35.810;CR5J SI 20241219 CS;SIMPLE_INSTRUMENT;BLOCK;EUR;45;36.68100000;10500;EXCHANGE_LAST;;1;1;XEUR;7029763;50861;
25.11.2024;10:17:32.473;CRI5.O.241125.RBUL.000005;STANDARD_OPTION_STRATEGY;BLOCK;EUR;4;-0.21000000;2500;EXCHANGE_LAST;;1;1;XEUR;72058968427474614;320;
25.11.2024;10:17:32.473;CRI5 SI 20250320 PS AM C 46.00 0;SIMPLE_INSTRUMENT;BLOCK;EUR;4;0.28450000;5000;PRC_DECOMP_EXCHANGE;;;;XEUR;10822481;320;EXCHANGE
25.11.2024;10:17:32.473;CRI5 SI 20250320 PS AM C 42.00 0;SIMPLE_INSTRUMENT;BLOCK;EUR;4;0.77900000;2500;PRC_DECOMP_EXCHANGE;;;;XEUR;10822515;320;EXCHANGE
25.11.2024;11:35:39.550;DAB SI 20241220 PS AM P 68.00 0;SIMPLE_INSTRUMENT;BLOCK;EUR;15;1.01000000;1500;EXCHANGE_LAST;;1;1;XEUR;4642380;352;
25.11.2024;08:44:18.582;DAI SI 20241206 PS AM C 54.00 0;SIMPLE_INSTRUMENT;BLOCK;EUR;2;0.49000000;1951;EXCHANGE_LAST;;1;1;XEUR;12145272;443196;
25.11.2024;10:52:23.569;DAI SI 20250919 PS AM P 42.00 0;SIMPLE_INSTRUMENT;BLOCK;EUR;9;1.85000000;1000;EXCHANGE_LAST;;1;1;XEUR;11925599;443196;
25.11.2024;10:55:14.383;DAI SI 20250321 PS AM C 56.00 0;SIMPLE_INSTRUMENT;BLOCK;EUR;10;1.74000000;1320;EXCHANGE_LAST;;1;1;XEUR;10884531;443196;
25.11.2024;10:55:15.320;DAI SI 20250321 PS AM P 52.00 0;SIMPLE_INSTRUMENT;BLOCK;EUR;11;2.70000000;1320;EXCHANGE_LAST;;1;1;XEUR;10884530;443196;
25.11.2024;12:02:02.256;DAI.O.241125.STD.000016;STANDARD_OPTION_STRATEGY;BLOCK;EUR;16;8.58000000;750;EXCHANGE_LAST;;1;1;XEUR;73961106363661936;443196;
25.11.2024;12:02:02.256;DAI SI 20250321 PS AM C 60.00 0;SIMPLE_INSTRUMENT;BLOCK;EUR;16;0.71000000;750;PRC_DECOMP_EXCHANGE;;;;XEUR;10884520;443196;EXCHANGE
25.11.2024;12:02:02.256;DAI SI 20250321 PS AM P 60.00 0;SIMPLE_INSTRUMENT;BLOCK;EUR;16;7.87000000;750;PRC_DECOMP_EXCHANGE;;;;XEUR;10884522;443196;EXCHANGE
25.11.2024;13:16:52.266;DAI SI 20241220 PS AM C 56.00 0;SIMPLE_INSTRUMENT;BLOCK;EUR;18;0.30000000;950;EXCHANGE_LAST;;1;1;XEUR;7349879;443196;
25.11.2024;14:44:20.482;DAIG.S.DEC24.MAR25.SPD;FUTURES_SPREAD;BLOCK;EUR;48;-0.45000000;11500;EXCHANGE_LAST;;3;2;XEUR;73961136428417113;443203;
25.11.2024;14:44:20.482;DAIG SI 20241220 CS;SIMPLE_INSTRUMENT;BLOCK;EUR;48;52.60000000;11500;PRC_DECOMP_MEMBER;;;;XEUR;7144297;443203;MEMBER
25.11.2024;14:44:20.482;DAIG SI 20250321 CS;SIMPLE_INSTRUMENT;BLOCK;EUR;48;53.05000000;11500;PRC_DECOMP_MEMBER;;;;XEUR;10734482;443203;MEMBER
25.11.2024;10:56:26.100;DBK SI 20250919 PS AM P 11.00 0;SIMPLE_INSTRUMENT;BLOCK;EUR;10;0.32000000;5000;EXCHANGE_LAST;;1;1;XEUR;11877273;362;
25.11.2024;14:48:59.766;DBK SI 20270618 PS AM P 12.00 0;SIMPLE_INSTRUMENT;BLOCK;EUR;21;1.55000000;4000;EXCHANGE_LAST;;1;1;XEUR;11355721;362;
25.11.2024;11:43:31.541;DPW SI 20241220 PS AM C 36.00 0;SIMPLE_INSTRUMENT;BLOCK;EUR;5;0.42000000;1500;EXCHANGE_LAST;;2;1;XEUR;4643147;445;
25.11.2024;16:21:54.419;DPW.O.241125.RTSP.000010;STANDARD_OPTION_STRATEGY;BLOCK;EUR;17;0.21000000;1500;EXCHANGE_LAST;;1;1;XEUR;72059505298414018;445;
25.11.2024;16:21:54.419;DPW SI 20250117 PS AM C 38.00 0;SIMPLE_INSTRUMENT;BLOCK;EUR;17;0.26000000;1500;PRC_DECOMP_MEMBER;;;;XEUR;12073154;445;MEMBER
25.11.2024;16:21:54.419;DPW SI 20241220 PS AM P 32.00 0;SIMPLE_INSTRUMENT;BLOCK;EUR;17;0.05000000;1500;PRC_DECOMP_MEMBER;;;;XEUR;4643146;445;MEMBER
25.11.2024;11:42:40.893;DTE SI 20250919 PS AM P 25.00 0;SIMPLE_INSTRUMENT;BLOCK;EUR;6;0.40000000;3000;EXCHANGE_LAST;;1;1;XEUR;11986401;424;
25.11.2024;10:55:52.775;E2NT SI 20241220 CS;SIMPLE_INSTRUMENT;BLOCK;EUR;19;0.97000000;6125;EXCHANGE_LAST;;1;1;XEUR;3629727;470;
25.11.2024;11:17:12.250;ENL5.O.241125.RBER.000001;STANDARD_OPTION_STRATEGY;BLOCK;EUR;11;-0.04000000;750;EXCHANGE_LAST;;1;1;XEUR;72059741521585547;500;
25.11.2024;11:17:12.250;ENL5 SI 20241219 PS AM P 6.40 0;SIMPLE_INSTRUMENT;BLOCK;EUR;11;0.03850000;1500;PRC_DECOMP_EXCHANGE;;;;XEUR;4630460;500;EXCHANGE
25.11.2024;11:17:12.250;ENL5 SI 20241219 PS AM P 6.70 0;SIMPLE_INSTRUMENT;BLOCK;EUR;11;0.11700000;750;PRC_DECOMP_EXCHANGE;;;;XEUR;11863486;500;EXCHANGE
25.11.2024;13:13:12.262;ENR SI 20250221 PS AM C 52.00 0;SIMPLE_INSTRUMENT;BLOCK;EUR;9;3.59000000;50840;EXCHANGE_LAST;;1;1;XEUR;12273423;298530;
25.11.2024;13:13:18.158;ENR SI 20250221 PS AM C 52.00 0;SIMPLE_INSTRUMENT;BLOCK;EUR;10;3.59000000;51000;EXCHANGE_LAST;;1;1;XEUR;12273423;298530;
25.11.2024;13:13:34.176;ENR SI 20241220 PS AM C 48.00 0;SIMPLE_INSTRUMENT;BLOCK;EUR;11;2.90000000;50840;EXCHANGE_LAST;;1;1;XEUR;11861375;298530;
25.11.2024;13:13:42.797;ENR SI 20241220 PS AM C 48.00 0;SIMPLE_INSTRUMENT;BLOCK;EUR;12;2.90000000;51000;EXCHANGE_LAST;;1;1;XEUR;11861375;298530;
25.11.2024;11:47:53.295;ENT5 SI 20241205 PS AM C 14.00 0;SIMPLE_INSTRUMENT;BLOCK;EUR;15;0.15250000;1266;EXCHANGE_LAST;;1;1;XEUR;12140130;497;
25.11.2024;14:26:51.671;ENT5.O.241125.STG.000001;STANDARD_OPTION_STRATEGY;BLOCK;EUR;16;2.61000000;1100;EXCHANGE_LAST;;2;2;XEUR;72059728636684177;497;
25.11.2024;14:26:51.671;ENT5 SI 20271216 PS AM P 12.00 0;SIMPLE_INSTRUMENT;BLOCK;EUR;16;1.49650000;1100;PRC_DECOMP_EXCHANGE;;;;XEUR;8765008;497;EXCHANGE
25.11.2024;14:26:51.671;ENT5 SI 20271216 PS AM C 14.00 0;SIMPLE_INSTRUMENT;BLOCK;EUR;16;1.11350000;1100;PRC_DECOMP_EXCHANGE;;;;XEUR;8765010;497;EXCHANGE
25.11.2024;10:53:54.452;ENTH SI 20241219 CS;SIMPLE_INSTRUMENT;BLOCK;EUR;18;13.97190000;14000;EXCHANGE_LAST;;1;1;XEUR;7935776;524973;
25.11.2024;14:38:34.306;ENUR SI 20250117 PS AM C 11.00 0;SIMPLE_INSTRUMENT;BLOCK;EUR;19;0.05000000;6300;EXCHANGE_LAST;;1;1;XEUR;12074113;498;
25.11.2024;14:38:38.305;ENUR SI 20250117 PS AM C 11.00 0;SIMPLE_INSTRUMENT;BLOCK;EUR;20;0.06000000;14700;EXCHANGE_LAST;;1;1;XEUR;12074113;498;
25.11.2024;15:15:39.931;EOA SI 20241220 PS AM C 12.40 0;SIMPLE_INSTRUMENT;BLOCK;EUR;20;0.12000000;2977;EXCHANGE_LAST;;1;1;XEUR;11514514;49065;
25.11.2024;15:15:45.127;EOA SI 20241220 PS AM C 12.40 0;SIMPLE_INSTRUMENT;BLOCK;EUR;21;0.13000000;2978;EXCHANGE_LAST;;1;1;XEUR;11514514;49065;
25.11.2024;15:36:40.936;EUCO SI 20241213 PS EU P 1.0900 0;SIMPLE_INSTRUMENT;BLOCK;USD;1;0.03740000;10;EXCHANGE_LAST;;1;1;XEUR;10366094;369370;
25.11.2024;11:17:48.677;FBTP SI 20241206 PS;SIMPLE_INSTRUMENT;EFP_FIN;EUR;1;120.82000000;566;EXCHANGE_LAST;;1;1;XEUR;10804520;636;
25.11.2024;11:45:26.169;FBTP SI 20241206 PS;SIMPLE_INSTRUMENT;EFP_FIN;EUR;2;120.77000000;486;EXCHANGE_LAST;;1;1;XEUR;10804520;636;
25.11.2024;12:07:44.361;FBTP SI 20241206 PS;SIMPLE_INSTRUMENT;EFP_FIN;EUR;3;120.75000000;179;EXCHANGE_LAST;;1;1;XEUR;10804520;636;
25.11.2024;12:49:44.109;FBTP SI 20241206 PS;SIMPLE_INSTRUMENT;EFP_FIN;EUR;4;120.73000000;250;EXCHANGE_LAST;;1;1;XEUR;10804520;636;
25.11.2024;12:50:02.950;FBTP SI 20241206 PS;SIMPLE_INSTRUMENT;EFP_FIN;EUR;5;120.73000000;107;EXCHANGE_LAST;;1;1;XEUR;10804520;636;
25.11.2024;13:08:31.545;FBTP SI 20241206 PS;SIMPLE_INSTRUMENT;EFP_FIN;EUR;7;120.90000000;621;EXCHANGE_LAST;;1;1;XEUR;10804520;636;
25.11.2024;13:06:17.818;FBTP SI 20241206 PS;SIMPLE_INSTRUMENT;EFP_FIN;EUR;8;120.95000000;893;EXCHANGE_LAST;;1;1;XEUR;10804520;636;
25.11.2024;13:52:18.751;FBTP SI 20241206 PS;SIMPLE_INSTRUMENT;EFP_FIN;EUR;9;121.18000000;867;EXCHANGE_LAST;;1;1;XEUR;10804520;636;
25.11.2024;14:00:25.296;FBTP SI 20241206 PS;SIMPLE_INSTRUMENT;EFP_FIN;EUR;10;121.18000000;386;EXCHANGE_LAST;;1;1;XEUR;10804520;636;
25.11.2024;14:45:50.133;FBTP SI 20241206 PS;SIMPLE_INSTRUMENT;EFP_FIN;EUR;11;121.25000000;482;EXCHANGE_LAST;;1;1;XEUR;10804520;636;
25.11.2024;14:47:10.510;FBTP SI 20241206 PS;SIMPLE_INSTRUMENT;EFP_FIN;EUR;12;121.29000000;456;EXCHANGE_LAST;;1;1;XEUR;10804520;636;
25.11.2024;14:52:47.344;FBTP SI 20241206 PS;SIMPLE_INSTRUMENT;EFP_FIN;EUR;13;121.30000000;194;EXCHANGE_LAST;;1;1;XEUR;10804520;636;
25.11.2024;15:13:16.250;FBTP SI 20241206 PS;SIMPLE_INSTRUMENT;EFP_FIN;EUR;14;121.33000000;2179;EXCHANGE_LAST;;1;1;XEUR;10804520;636;
25.11.2024;15:23:46.124;FBTP SI 20241206 PS;SIMPLE_INSTRUMENT;BLOCK;EUR;15;121.29000000;446;EXCHANGE_LAST;;1;1;XEUR;10804520;636;
25.11.2024;15:27:37.898;FBTP SI 20241206 PS;SIMPLE_INSTRUMENT;BLOCK;EUR;16;121.28000000;500;EXCHANGE_LAST;;1;1;XEUR;10804520;636;
25.11.2024;15:38:21.593;FBTP SI 20241206 PS;SIMPLE_INSTRUMENT;EFP_FIN;EUR;17;121.33000000;946;EXCHANGE_LAST;;1;1;XEUR;10804520;636;
25.11.2024;16:18:40.643;FBTP SI 20241206 PS;SIMPLE_INSTRUMENT;BLOCK;EUR;18;121.29000000;600;EXCHANGE_LAST;;1;1;XEUR;10804520;636;
25.11.2024;16:34:39.204;FBTP SI 20241206 PS;SIMPLE_INSTRUMENT;EFP_FIN;EUR;19;121.25000000;226;EXCHANGE_LAST;;1;1;XEUR;10804520;636;
25.11.2024;16:36:51.211;FBTP SI 20241206 PS;SIMPLE_INSTRUMENT;EFP_FIN;EUR;20;121.25000000;128;EXCHANGE_LAST;;1;1;XEUR;10804520;636;
25.11.2024;16:39:45.221;FBTP SI 20241206 PS;SIMPLE_INSTRUMENT;EFP_FIN;EUR;21;121.25000000;469;EXCHANGE_LAST;;1;1;XEUR;10804520;636;
25.11.2024;16:45:59.240;FBTP SI 20241206 PS;SIMPLE_INSTRUMENT;EFP_FIN;EUR;22;121.25000000;112;EXCHANGE_LAST;;1;1;XEUR;10804520;636;
25.11.2024;16:50:18.754;FBTP SI 20241206 PS;SIMPLE_INSTRUMENT;EFP_FIN;EUR;23;121.25000000;89;EXCHANGE_LAST;;1;1;XEUR;10804520;636;
25.11.2024;16:51:37.759;FBTP SI 20241206 PS;SIMPLE_INSTRUMENT;EFP_FIN;EUR;24;121.25000000;91;EXCHANGE_LAST;;1;1;XEUR;10804520;636;
25.11.2024;16:53:10.766;FBTP SI 20241206 PS;SIMPLE_INSTRUMENT;EFP_FIN;EUR;25;121.25000000;140;EXCHANGE_LAST;;1;1;XEUR;10804520;636;
25.11.2024;17:24:29.867;FBTP SI 20241206 PS;SIMPLE_INSTRUMENT;EFP_FIN;EUR;26;120.75000000;376;EXCHANGE_LAST;;1;1;XEUR;10804520;636;
25.11.2024;09:19:00.541;FBTS SI 20241206 PS;SIMPLE_INSTRUMENT;EFP_FIN;EUR;1;107.50000000;940;EXCHANGE_LAST;;1;1;XEUR;10804522;639;
25.11.2024;09:46:13.967;FBTS SI 20241206 PS;SIMPLE_INSTRUMENT;EFP_FIN;EUR;2;107.46000000;2115;EXCHANGE_LAST;;1;1;XEUR;10804522;639;
25.11.2024;09:51:28.141;FBTS SI 20241206 PS;SIMPLE_INSTRUMENT;EFP_FIN;EUR;3;107.46000000;783;EXCHANGE_LAST;;1;1;XEUR;10804522;639;
25.11.2024;10:22:43.879;FBTS SI 20241206 PS;SIMPLE_INSTRUMENT;EFP_FIN;EUR;9;107.44000000;696;EXCHANGE_LAST;;1;1;XEUR;10804522;639;
25.11.2024;10:30:52.506;FBTS SI 20241206 PS;SIMPLE_INSTRUMENT;BLOCK;EUR;10;107.44000000;1807;EXCHANGE_LAST;;1;1;XEUR;10804522;639;
25.11.2024;10:38:54.712;FBTS SI 20241206 PS;SIMPLE_INSTRUMENT;EFP_FIN;EUR;11;107.43000000;940;EXCHANGE_LAST;;1;1;XEUR;10804522;639;
25.11.2024;10:43:23.893;FBTS SI 20241206 PS;SIMPLE_INSTRUMENT;EFP_FIN;EUR;12;107.43000000;235;EXCHANGE_LAST;;1;1;XEUR;10804522;639;
25.11.2024;10:49:28.472;FBTS SI 20241206 PS;SIMPLE_INSTRUMENT;EFP_FIN;EUR;14;107.43000000;940;EXCHANGE_LAST;;1;1;XEUR;10804522;639;
25.11.2024;10:49:34.618;FBTS SI 20241206 PS;SIMPLE_INSTRUMENT;EFP_FIN;EUR;15;107.42000000;940;EXCHANGE_LAST;;1;1;XEUR;10804522;639;
25.11.2024;11:35:31.799;FBTS SI 20241206 PS;SIMPLE_INSTRUMENT;EFP_FIN;EUR;17;107.43000000;1297;EXCHANGE_LAST;;1;1;XEUR;10804522;639;
25.11.2024;11:45:45.408;FBTS SI 20241206 PS;SIMPLE_INSTRUMENT;EFP_FIN;EUR;18;107.42000000;187;EXCHANGE_LAST;;1;1;XEUR;10804522;639;
25.11.2024;11:53:54.170;FBTS SI 20241206 PS;SIMPLE_INSTRUMENT;EFP_FIN;EUR;22;107.42000000;673;EXCHANGE_LAST;;1;1;XEUR;10804522;639;
25.11.2024;12:08:39.761;FBTS SI 20241206 PS;SIMPLE_INSTRUMENT;EFP_FIN;EUR;25;107.41000000;1034;EXCHANGE_LAST;;1;1;XEUR;10804522;639;
25.11.2024;12:15:22.236;FBTS SI 20241206 PS;SIMPLE_INSTRUMENT;EFP_FIN;EUR;27;107.42000000;150;EXCHANGE_LAST;;1;1;XEUR;10804522;639;
25.11.2024;12:35:12.426;FBTS SI 20241206 PS;SIMPLE_INSTRUMENT;EFP_FIN;EUR;28;107.41000000;282;EXCHANGE_LAST;;1;1;XEUR;10804522;639;
25.11.2024;12:46:57.839;FBTS SI 20241206 PS;SIMPLE_INSTRUMENT;EFP_FIN;EUR;30;107.47000000;1880;EXCHANGE_LAST;;1;1;XEUR;10804522;639;
25.11.2024;13:08:07.974;FBTS SI 20241206 PS;SIMPLE_INSTRUMENT;EFP_FIN;EUR;31;107.48000000;441;EXCHANGE_LAST;;1;1;XEUR;10804522;639;
25.11.2024;13:45:07.215;FBTS SI 20241206 PS;SIMPLE_INSTRUMENT;EFP_FIN;EUR;36;107.43000000;329;EXCHANGE_LAST;;1;1;XEUR;10804522;639;
25.11.2024;13:56:57.460;FBTS SI 20241206 PS;SIMPLE_INSTRUMENT;BLOCK;EUR;37;107.48000000;329;EXCHANGE_LAST;;1;1;XEUR;10804522;639;
25.11.2024;16:30:42.271;FBTS SI 20241206 PS;SIMPLE_INSTRUMENT;EFP_FIN;EUR;46;107.41000000;376;EXCHANGE_LAST;;1;1;XEUR;10804522;639;
25.11.2024;16:48:08.247;FBTS SI 20241206 PS;SIMPLE_INSTRUMENT;EFP_FIN;EUR;47;107.51000000;323;EXCHANGE_LAST;;1;1;XEUR;10804522;639;
25.11.2024;09:29:16.582;FCMU SI 20241216 CS;SIMPLE_INSTRUMENT;BLOCK;USD;6;0.04892000;140;EXCHANGE_LAST;;1;1;XEUR;10921066;570874;
25.11.2024;10:38:08.146;FCMU SI 20241216 CS;SIMPLE_INSTRUMENT;BLOCK;USD;7;0.04898000;100;EXCHANGE_LAST;;1;1;XEUR;10921066;570874;
25.11.2024;12:24:08.911;FCMU SI 20241216 CS;SIMPLE_INSTRUMENT;BLOCK;USD;8;0.04898000;140;EXCHANGE_LAST;;1;1;XEUR;10921066;570874;
25.11.2024;08:09:58.259;FCNS SI 20241216 PS;SIMPLE_INSTRUMENT;EFP_IDX;SEK;1;0.99455000;2;EXCHANGE_LAST;;1;1;XEUR;7140409;402911;
25.11.2024;08:09:58.770;FCNS SI 20241216 PS;SIMPLE_INSTRUMENT;EFP_IDX;SEK;2;0.99456000;4;EXCHANGE_LAST;;1;1;XEUR;7140409;402911;
25.11.2024;08:09:59.589;FCNS SI 20241216 PS;SIMPLE_INSTRUMENT;EFP_IDX;SEK;3;0.99461000;347;EXCHANGE_LAST;;1;1;XEUR;7140409;402911;
25.11.2024;08:10:00.055;FCNS SI 20241216 PS;SIMPLE_INSTRUMENT;EFP_IDX;SEK;4;0.99462000;57;EXCHANGE_LAST;;1;1;XEUR;7140409;402911;
25.11.2024;08:04:23.395;FCPE SI 20241230 CS;SIMPLE_INSTRUMENT;BLOCK;USD;1;180.06000000;26;EXCHANGE_LAST;;1;1;XEUR;4680365;586;
25.11.2024;08:04:36.625;FCPE SI 20241230 CS;SIMPLE_INSTRUMENT;BLOCK;USD;2;180.05000000;25;EXCHANGE_LAST;;1;1;XEUR;4680365;586;
25.11.2024;09:18:44.979;FCZU SI 20241216 CS;SIMPLE_INSTRUMENT;BLOCK;USD;5;0.05536000;100;EXCHANGE_LAST;;1;1;XEUR;10921064;570872;
25.11.2024;14:28:36.018;FDAX SI 20241220 CS;SIMPLE_INSTRUMENT;BLOCK;EUR;1;19460.00000000;300;EXCHANGE_LAST;;1;1;XEUR;7296065;589;
25.11.2024;09:30:36.657;FEBD SI 20251219 CS;SIMPLE_INSTRUMENT;BLOCK;EUR;4;10.20000000;475;EXCHANGE_LAST;;1;1;XEUR;5914075;597;
25.11.2024;09:30:57.654;FEBD SI 20261218 CS;SIMPLE_INSTRUMENT;BLOCK;EUR;5;9.26000000;475;EXCHANGE_LAST;;1;1;XEUR;7158212;597;
25.11.2024;08:42:05.357;FECX SI 20241220 CS;SIMPLE_INSTRUMENT;BLOCK;EUR;1;165.10000000;373;EXCHANGE_LAST;;1;1;XEUR;10920731;410158;
25.11.2024;15:17:25.880;FES1 SI 20241220 PS;SIMPLE_INSTRUMENT;BLOCK;EUR;21;10.50000000;258;EXCHANGE_LAST;;1;1;XEUR;10869579;58959;
25.11.2024;16:15:48.102;FES1 SI 20241220 PS;SIMPLE_INSTRUMENT;BLOCK;EUR;25;10.40000000;300;EXCHANGE_LAST;;1;1;XEUR;10869579;58959;
25.11.2024;11:06:07.743;FESB SI 20241220 CS;SIMPLE_INSTRUMENT;BLOCK;EUR;31;140.40000000;1920;EXCHANGE_LAST;;1;1;XEUR;10838895;605;
25.11.2024;16:12:54.192;FESB SI 20241220 CS;SIMPLE_INSTRUMENT;BLOCK;EUR;35;140.00000000;4000;EXCHANGE_LAST;;1;1;XEUR;10838895;605;
25.11.2024;10:42:10.287;FESH SI 20241220 CS;SIMPLE_INSTRUMENT;VOLA;EUR;603979782;822.30000000;28;EXCHANGE_LAST;;1;1;XEUR;10839522;686;
25.11.2024;10:50:23.206;FESS SI 20241220 CS;SIMPLE_INSTRUMENT;BLOCK;EUR;3;177.10000000;258;EXCHANGE_LAST;;1;1;XEUR;10839385;679;
25.11.2024;10:00:59.218;FESX.S.DEC24.MAR25.SPD;FUTURES_SPREAD;BLOCK;EUR;1;-25.10000000;6000;EXCHANGE_LAST;;1;1;XEUR;72060493140861185;675;
25.11.2024;10:00:59.218;FESX SI 20250321 CS;SIMPLE_INSTRUMENT;BLOCK;EUR;1;4844.00000000;6000;PRC_DECOMP_EXCHANGE;;;;XEUR;7793482;675;EXCHANGE
25.11.2024;10:00:59.218;FESX SI 20241220 CS;SIMPLE_INSTRUMENT;BLOCK;EUR;1;4818.90000000;6000;PRC_DECOMP_EXCHANGE;;;;XEUR;7793479;675;EXCHANGE
25.11.2024;12:15:59.991;FESX SI 20241220 CS;SIMPLE_INSTRUMENT;EFP_IDX;EUR;2;4806.00000000;1000;EXCHANGE_LAST;;1;1;XEUR;7793479;675;
25.11.2024;15:15:42.046;FESX SI 20241220 CS;SIMPLE_INSTRUMENT;EFP_IDX;EUR;3;4808.00000000;2000;EXCHANGE_LAST;;1;1;XEUR;7793479;675;
25.11.2024;16:08:54.258;FESX SI 20241220 CS;SIMPLE_INSTRUMENT;BLOCK;EUR;4;4813.00000000;3000;EXCHANGE_LAST;;1;1;XEUR;7793479;675;
25.11.2024;16:31:46.291;FESX SI 20241220 CS;SIMPLE_INSTRUMENT;BLOCK;EUR;5;4814.00000000;4000;EXCHANGE_LAST;;1;1;XEUR;7793479;675;
25.11.2024;16:44:34.463;FESX SI 20241220 CS;SIMPLE_INSTRUMENT;EFP_IDX;EUR;6;4811.00000000;51;EXCHANGE_LAST;;1;1;XEUR;7793479;675;
25.11.2024;16:44:58.044;FESX SI 20241220 CS;SIMPLE_INSTRUMENT;EFP_IDX;EUR;7;4810.00000000;86;EXCHANGE_LAST;;1;1;XEUR;7793479;675;
25.11.2024;16:45:06.183;FESX SI 20241220 CS;SIMPLE_INSTRUMENT;EFP_IDX;EUR;8;4810.00000000;1625;EXCHANGE_LAST;;1;1;XEUR;7793479;675;
25.11.2024;16:45:21.083;FESX SI 20241220 CS;SIMPLE_INSTRUMENT;EFP_IDX;EUR;9;4811.00000000;333;EXCHANGE_LAST;;1;1;XEUR;7793479;675;
25.11.2024;16:45:35.697;FESX SI 20241220 CS;SIMPLE_INSTRUMENT;EFP_IDX;EUR;10;4810.00000000;135;EXCHANGE_LAST;;1;1;XEUR;7793479;675;
25.11.2024;16:45:50.353;FESX SI 20241220 CS;SIMPLE_INSTRUMENT;EFP_IDX;EUR;11;4811.00000000;73;EXCHANGE_LAST;;1;1;XEUR;7793479;675;
25.11.2024;16:46:09.903;FESX SI 20241220 CS;SIMPLE_INSTRUMENT;EFP_IDX;EUR;12;4811.00000000;70;EXCHANGE_LAST;;1;1;XEUR;7793479;675;
25.11.2024;16:48:59.874;FESX SI 20241220 CS;SIMPLE_INSTRUMENT;EFP_IDX;EUR;13;4810.00000000;236;EXCHANGE_LAST;;1;1;XEUR;7793479;675;
25.11.2024;16:48:43.518;FESX SI 20241220 CS;SIMPLE_INSTRUMENT;EFP_IDX;EUR;14;4811.00000000;139;EXCHANGE_LAST;;1;1;XEUR;7793479;675;
25.11.2024;16:46:31.271;FESX SI 20241220 CS;SIMPLE_INSTRUMENT;EFP_IDX;EUR;15;4810.00000000;118;EXCHANGE_LAST;;1;1;XEUR;7793479;675;
25.11.2024;16:46:53.294;FESX SI 20241220 CS;SIMPLE_INSTRUMENT;EFP_IDX;EUR;16;4810.00000000;130;EXCHANGE_LAST;;1;1;XEUR;7793479;675;
25.11.2024;16:53:18.069;FESX SI 20241220 CS;SIMPLE_INSTRUMENT;EFP_IDX;EUR;17;4810.00000000;94;EXCHANGE_LAST;;1;1;XEUR;7793479;675;
25.11.2024;16:52:54.087;FESX SI 20241220 CS;SIMPLE_INSTRUMENT;EFP_IDX;EUR;18;4811.00000000;56;EXCHANGE_LAST;;1;1;XEUR;7793479;675;
25.11.2024;16:47:15.049;FESX SI 20241220 CS;SIMPLE_INSTRUMENT;EFP_IDX;EUR;19;4811.00000000;77;EXCHANGE_LAST;;1;1;XEUR;7793479;675;
25.11.2024;16:52:25.517;FESX SI 20241220 CS;SIMPLE_INSTRUMENT;EFP_IDX;EUR;20;4810.00000000;79;EXCHANGE_LAST;;1;1;XEUR;7793479;675;
25.11.2024;16:52:16.832;FESX SI 20241220 CS;SIMPLE_INSTRUMENT;EFP_IDX;EUR;21;4811.00000000;46;EXCHANGE_LAST;;1;1;XEUR;7793479;675;
25.11.2024;16:49:15.819;FESX SI 20241220 CS;SIMPLE_INSTRUMENT;EFP_IDX;EUR;22;4810.00000000;172;EXCHANGE_LAST;;1;1;XEUR;7793479;675;
25.11.2024;16:49:39.543;FESX SI 20241220 CS;SIMPLE_INSTRUMENT;EFP_IDX;EUR;23;4811.00000000;228;EXCHANGE_LAST;;1;1;XEUR;7793479;675;
25.11.2024;16:50:55.565;FESX SI 20241220 CS;SIMPLE_INSTRUMENT;EFP_IDX;EUR;24;4811.00000000;60;EXCHANGE_LAST;;1;1;XEUR;7793479;675;
25.11.2024;16:51:11.718;FESX SI 20241220 CS;SIMPLE_INSTRUMENT;EFP_IDX;EUR;25;4810.00000000;45;EXCHANGE_LAST;;1;1;XEUR;7793479;675;
25.11.2024;16:57:20.472;FESX SI 20241220 CS;SIMPLE_INSTRUMENT;EFP_IDX;EUR;26;4810.00000000;203;EXCHANGE_LAST;;1;1;XEUR;7793479;675;
25.11.2024;16:58:04.539;FESX SI 20241220 CS;SIMPLE_INSTRUMENT;EFP_IDX;EUR;27;4811.00000000;198;EXCHANGE_LAST;;1;1;XEUR;7793479;675;
25.11.2024;17:02:07.530;FESX SI 20241220 CS;SIMPLE_INSTRUMENT;EFP_IDX;EUR;28;4811.00000000;74;EXCHANGE_LAST;;1;1;XEUR;7793479;675;
25.11.2024;17:01:54.977;FESX SI 20241220 CS;SIMPLE_INSTRUMENT;EFP_IDX;EUR;29;4810.00000000;126;EXCHANGE_LAST;;1;1;XEUR;7793479;675;
25.11.2024;17:12:16.839;FESX SI 20241220 CS;SIMPLE_INSTRUMENT;EFP_IDX;EUR;30;4810.00000000;375;EXCHANGE_LAST;;1;1;XEUR;7793479;675;
25.11.2024;17:12:23.299;FESX SI 20241220 CS;SIMPLE_INSTRUMENT;EFP_IDX;EUR;31;4811.00000000;375;EXCHANGE_LAST;;1;1;XEUR;7793479;675;
25.11.2024;08:49:43.537;FESX SI 20241220 CS;SIMPLE_INSTRUMENT;VOLA;EUR;637534214;4826.00000000;88;EXCHANGE_LAST;;1;1;XEUR;7793479;675;
25.11.2024;09:35:52.452;FESX SI 20241220 CS;SIMPLE_INSTRUMENT;VOLA;EUR;637534232;4826.00000000;148;EXCHANGE_LAST;;1;1;XEUR;7793479;675;
25.11.2024;09:37:56.871;FESX SI 20241220 CS;SIMPLE_INSTRUMENT;VOLA;EUR;637534236;4824.00000000;167;EXCHANGE_LAST;;1;1;XEUR;7793479;675;
25.11.2024;09:50:17.024;FESX SI 20241220 CS;SIMPLE_INSTRUMENT;VOLA;EUR;637534241;4826.00000000;90;EXCHANGE_LAST;;1;1;XEUR;7793479;675;
25.11.2024;10:22:01.577;FESX SI 20241220 CS;SIMPLE_INSTRUMENT;VOLA;EUR;637534247;4823.00000000;300;EXCHANGE_LAST;;1;1;XEUR;7793479;675;
25.11.2024;12:08:29.391;FESX SI 20241220 CS;SIMPLE_INSTRUMENT;VOLA;EUR;637534271;4811.00000000;209;EXCHANGE_LAST;;1;1;XEUR;7793479;675;
25.11.2024;13:34:11.929;FESX SI 20241220 CS;SIMPLE_INSTRUMENT;VOLA;EUR;637534288;4812.00000000;206;EXCHANGE_LAST;;1;1;XEUR;7793479;675;
25.11.2024;13:49:11.568;FESX SI 20241220 CS;SIMPLE_INSTRUMENT;VOLA;EUR;637534294;4818.00000000;196;EXCHANGE_LAST;;1;1;XEUR;7793479;675;
25.11.2024;14:42:10.878;FESX SI 20241220 CS;SIMPLE_INSTRUMENT;VOLA;EUR;637534307;4812.00000000;218;EXCHANGE_LAST;;1;1;XEUR;7793479;675;
25.11.2024;15:13:07.833;FESX SI 20241220 CS;SIMPLE_INSTRUMENT;VOLA;EUR;637534310;4815.00000000;60;EXCHANGE_LAST;;1;1;XEUR;7793479;675;
25.11.2024;15:13:16.484;FESX SI 20241220 CS;SIMPLE_INSTRUMENT;VOLA;EUR;637534311;4825.00000000;50;EXCHANGE_LAST;;1;1;XEUR;7793479;675;
25.11.2024;16:03:42.249;FESX SI 20241220 CS;SIMPLE_INSTRUMENT;VOLA;EUR;637534330;4810.00000000;70;EXCHANGE_LAST;;1;1;XEUR;7793479;675;
25.11.2024;09:23:38.034;FEXD SI 20261218 CS;SIMPLE_INSTRUMENT;BLOCK;EUR;2;152.40000000;140;EXCHANGE_LAST;;1;1;XEUR;2163053;693;
25.11.2024;09:23:42.625;FEXD SI 20291221 CS;SIMPLE_INSTRUMENT;BLOCK;EUR;3;134.90000000;140;EXCHANGE_LAST;;1;1;XEUR;4631968;693;
25.11.2024;11:16:24.743;FEXD.S.DEC26.DEC28.SPD;FUTURES_SPREAD;BLOCK;EUR;8;12.20000000;125;EXCHANGE_LAST;;1;1;XEUR;72060570450264161;693;
25.11.2024;11:16:24.743;FEXD SI 20261218 CS;SIMPLE_INSTRUMENT;BLOCK;EUR;8;152.10000000;125;PRC_DECOMP_EXCHANGE;;;;XEUR;2163053;693;EXCHANGE
25.11.2024;11:16:24.743;FEXD SI 20281215 CS;SIMPLE_INSTRUMENT;BLOCK;EUR;8;139.90000000;125;PRC_DECOMP_EXCHANGE;;;;XEUR;3680985;693;EXCHANGE
25.11.2024;11:16:39.918;FEXD.S.DEC26.DEC28.SPD;FUTURES_SPREAD;BLOCK;EUR;9;12.30000000;125;EXCHANGE_LAST;;1;1;XEUR;72060570450264161;693;
25.11.2024;11:16:39.918;FEXD SI 20261218 CS;SIMPLE_INSTRUMENT;BLOCK;EUR;9;152.10000000;125;PRC_DECOMP_MEMBER;;;;XEUR;2163053;693;MEMBER
25.11.2024;11:16:39.918;FEXD SI 20281215 CS;SIMPLE_INSTRUMENT;BLOCK;EUR;9;139.80000000;125;PRC_DECOMP_MEMBER;;;;XEUR;3680985;693;MEMBER
25.11.2024;12:45:42.933;FEXD SI 20261218 CS;SIMPLE_INSTRUMENT;BLOCK;EUR;15;152.30000000;300;EXCHANGE_LAST;;1;1;XEUR;2163053;693;
25.11.2024;14:41:35.660;FEXD.S.DEC27.DEC29.SPD;FUTURES_SPREAD;BLOCK;EUR;19;10.80000000;1000;EXCHANGE_LAST;;1;1;XEUR;72060570450264170;693;
25.11.2024;14:41:35.660;FEXD SI 20271217 CS;SIMPLE_INSTRUMENT;BLOCK;EUR;19;145.70000000;1000;PRC_DECOMP_EXCHANGE;;;;XEUR;2848338;693;EXCHANGE
25.11.2024;14:41:35.660;FEXD SI 20291221 CS;SIMPLE_INSTRUMENT;BLOCK;EUR;19;134.90000000;1000;PRC_DECOMP_EXCHANGE;;;;XEUR;4631968;693;EXCHANGE
25.11.2024;15:20:51.639;FEXD SI 20251219 CS;SIMPLE_INSTRUMENT;BLOCK;EUR;23;158.50000000;100;EXCHANGE_LAST;;1;1;XEUR;1548120;693;
25.11.2024;15:21:24.717;FEXD SI 20261218 CS;SIMPLE_INSTRUMENT;BLOCK;EUR;24;152.10000000;100;EXCHANGE_LAST;;1;1;XEUR;2163053;693;
25.11.2024;08:19:01.247;FGBL SI 20241206 PS;SIMPLE_INSTRUMENT;EFS;EUR;1;133.44000000;1391;EXCHANGE_LAST;;1;1;XEUR;10804524;688;
25.11.2024;08:25:03.206;FGBL SI 20241206 PS;SIMPLE_INSTRUMENT;EFS;EUR;2;133.41000000;108;EXCHANGE_LAST;;1;1;XEUR;10804524;688;
25.11.2024;08:27:26.511;FGBL SI 20241206 PS;SIMPLE_INSTRUMENT;EFS;EUR;3;133.38000000;216;EXCHANGE_LAST;;1;1;XEUR;10804524;688;
25.11.2024;08:30:47.085;FGBL SI 20241206 PS;SIMPLE_INSTRUMENT;EFS;EUR;4;133.46000000;432;EXCHANGE_LAST;;1;1;XEUR;10804524;688;
25.11.2024;08:31:44.290;FGBL SI 20241206 PS;SIMPLE_INSTRUMENT;EFS;EUR;5;133.43000000;216;EXCHANGE_LAST;;1;1;XEUR;10804524;688;
25.11.2024;08:33:06.894;FGBL SI 20241206 PS;SIMPLE_INSTRUMENT;EFS;EUR;6;133.37000000;216;EXCHANGE_LAST;;1;1;XEUR;10804524;688;
25.11.2024;08:36:28.523;FGBL SI 20241206 PS;SIMPLE_INSTRUMENT;EFS;EUR;7;133.50000000;864;EXCHANGE_LAST;;1;1;XEUR;10804524;688;
25.11.2024;08:37:33.470;FGBL SI 20241206 PS;SIMPLE_INSTRUMENT;EFS;EUR;8;133.47000000;1500;EXCHANGE_LAST;;1;1;XEUR;10804524;688;
25.11.2024;08:42:25.732;FGBL SI 20241206 PS;SIMPLE_INSTRUMENT;EFP_FIN;EUR;9;133.48000000;421;EXCHANGE_LAST;;1;1;XEUR;10804524;688;
25.11.2024;08:44:15.287;FGBL SI 20241206 PS;SIMPLE_INSTRUMENT;EFS;EUR;10;133.48000000;432;EXCHANGE_LAST;;1;1;XEUR;10804524;688;
25.11.2024;08:50:47.740;FGBL SI 20241206 PS;SIMPLE_INSTRUMENT;EFS;EUR;12;133.49000000;347;EXCHANGE_LAST;;1;1;XEUR;10804524;688;
25.11.2024;08:51:20.585;FGBL SI 20241206 PS;SIMPLE_INSTRUMENT;EFS;EUR;13;133.44000000;432;EXCHANGE_LAST;;1;1;XEUR;10804524;688;
25.11.2024;08:53:35.677;FGBL SI 20241206 PS;SIMPLE_INSTRUMENT;EFS;EUR;14;133.48000000;432;EXCHANGE_LAST;;1;1;XEUR;10804524;688;
25.11.2024;09:03:12.071;FGBL SI 20241206 PS;SIMPLE_INSTRUMENT;EFS;EUR;15;133.37000000;216;EXCHANGE_LAST;;1;1;XEUR;10804524;688;
25.11.2024;09:06:17.213;FGBL SI 20241206 PS;SIMPLE_INSTRUMENT;EFS;EUR;16;133.32000000;433;EXCHANGE_LAST;;1;1;XEUR;10804524;688;
25.11.2024;09:23:46.582;FGBL SI 20241206 PS;SIMPLE_INSTRUMENT;EFS;EUR;17;133.29000000;485;EXCHANGE_LAST;;1;1;XEUR;10804524;688;
25.11.2024;09:25:18.561;FGBL SI 20241206 PS;SIMPLE_INSTRUMENT;EFS;EUR;18;133.25000000;485;EXCHANGE_LAST;;1;1;XEUR;10804524;688;
25.11.2024;09:29:01.460;FGBL SI 20241206 PS;SIMPLE_INSTRUMENT;EFS;EUR;19;133.26000000;324;EXCHANGE_LAST;;1;1;XEUR;10804524;688;
25.11.2024;09:30:38.555;FGBL SI 20241206 PS;SIMPLE_INSTRUMENT;EFS;EUR;20;133.44000000;485;EXCHANGE_LAST;;1;1;XEUR;10804524;688;
25.11.2024;09:33:10.029;FGBL SI 20241206 PS;SIMPLE_INSTRUMENT;EFS;EUR;21;133.24000000;216;EXCHANGE_LAST;;1;1;XEUR;10804524;688;
25.11.2024;09:34:17.556;FGBL SI 20241206 PS;SIMPLE_INSTRUMENT;EFS;EUR;22;133.30000000;140;EXCHANGE_LAST;;1;1;XEUR;10804524;688;
25.11.2024;09:34:42.479;FGBL SI 20241206 PS;SIMPLE_INSTRUMENT;EFS;EUR;23;133.20000000;216;EXCHANGE_LAST;;1;1;XEUR;10804524;688;
25.11.2024;09:37:39.058;FGBL SI 20241206 PS;SIMPLE_INSTRUMENT;EFS;EUR;24;133.20000000;1126;EXCHANGE_LAST;;1;1;XEUR;10804524;688;
25.11.2024;09:38:38.382;FGBL SI 20241206 PS;SIMPLE_INSTRUMENT;EFS;EUR;25;133.25000000;388;EXCHANGE_LAST;;1;1;XEUR;10804524;688;
25.11.2024;09:40:14.981;FGBL SI 20241206 PS;SIMPLE_INSTRUMENT;EFS;EUR;26;133.21000000;433;EXCHANGE_LAST;;1;1;XEUR;10804524;688;
25.11.2024;09:48:59.348;FGBL SI 20241206 PS;SIMPLE_INSTRUMENT;EFP_FIN;EUR;27;133.27000000;218;EXCHANGE_LAST;;1;1;XEUR;10804524;688;
25.11.2024;09:49:25.406;FGBL SI 20241206 PS;SIMPLE_INSTRUMENT;EFS;EUR;28;133.25000000;485;EXCHANGE_LAST;;1;1;XEUR;10804524;688;
25.11.2024;09:49:33.522;FGBL SI 20241206 PS;SIMPLE_INSTRUMENT;EFS;EUR;29;133.21000000;485;EXCHANGE_LAST;;1;1;XEUR;10804524;688;
25.11.2024;09:50:30.008;FGBL SI 20241206 PS;SIMPLE_INSTRUMENT;EFS;EUR;30;133.32000000;485;EXCHANGE_LAST;;1;1;XEUR;10804524;688;
25.11.2024;09:53:31.536;FGBL SI 20241206 PS;SIMPLE_INSTRUMENT;EFS;EUR;31;133.41000000;485;EXCHANGE_LAST;;1;1;XEUR;10804524;688;
25.11.2024;09:54:23.876;FGBL SI 20241206 PS;SIMPLE_INSTRUMENT;EFS;EUR;32;133.52000000;484;EXCHANGE_LAST;;1;1;XEUR;10804524;688;
25.11.2024;09:56:40.157;FGBL SI 20241206 PS;SIMPLE_INSTRUMENT;EFS;EUR;33;133.24000000;463;EXCHANGE_LAST;;1;1;XEUR;10804524;688;
25.11.2024;09:58:03.424;FGBL SI 20241206 PS;SIMPLE_INSTRUMENT;EFP_FIN;EUR;34;133.24000000;1089;EXCHANGE_LAST;;1;1;XEUR;10804524;688;
25.11.2024;10:01:41.021;FGBL SI 20241206 PS;SIMPLE_INSTRUMENT;EFP_FIN;EUR;35;133.21000000;1089;EXCHANGE_LAST;;1;1;XEUR;10804524;688;
25.11.2024;10:02:16.685;FGBL SI 20241206 PS;SIMPLE_INSTRUMENT;EFS;EUR;36;133.20000000;216;EXCHANGE_LAST;;1;1;XEUR;10804524;688;
25.11.2024;10:02:46.710;FGBL SI 20241206 PS;SIMPLE_INSTRUMENT;EFS;EUR;37;133.20000000;216;EXCHANGE_LAST;;1;1;XEUR;10804524;688;
25.11.2024;10:05:21.828;FGBL SI 20241206 PS;SIMPLE_INSTRUMENT;EFS;EUR;38;133.19000000;529;EXCHANGE_LAST;;1;1;XEUR;10804524;688;
25.11.2024;10:16:04.397;FGBL SI 20241206 PS;SIMPLE_INSTRUMENT;EFP_FIN;EUR;40;133.19000000;1089;EXCHANGE_LAST;;1;1;XEUR;10804524;688;
25.11.2024;10:18:34.411;FGBL SI 20241206 PS;SIMPLE_INSTRUMENT;EFS;EUR;41;133.27000000;433;EXCHANGE_LAST;;1;1;XEUR;10804524;688;
25.11.2024;10:26:33.760;FGBL SI 20241206 PS;SIMPLE_INSTRUMENT;EFP_FIN;EUR;42;133.20000000;242;EXCHANGE_LAST;;1;1;XEUR;10804524;688;
25.11.2024;10:32:27.320;FGBL SI 20241206 PS;SIMPLE_INSTRUMENT;EFS;EUR;43;133.27000000;486;EXCHANGE_LAST;;1;1;XEUR;10804524;688;
25.11.2024;10:40:51.012;FGBL SI 20241206 PS;SIMPLE_INSTRUMENT;EFP_FIN;EUR;44;133.25000000;205;EXCHANGE_LAST;;1;1;XEUR;10804524;688;
25.11.2024;10:42:03.155;FGBL SI 20241206 PS;SIMPLE_INSTRUMENT;EFS;EUR;45;133.25000000;432;EXCHANGE_LAST;;1;1;XEUR;10804524;688;
25.11.2024;10:43:06.615;FGBL SI 20241206 PS;SIMPLE_INSTRUMENT;EFS;EUR;46;133.21000000;300;EXCHANGE_LAST;;1;1;XEUR;10804524;688;
25.11.2024;10:44:25.677;FGBL SI 20241206 PS;SIMPLE_INSTRUMENT;EFS;EUR;47;133.19000000;217;EXCHANGE_LAST;;1;1;XEUR;10804524;688;
25.11.2024;10:47:24.370;FGBL SI 20241206 PS;SIMPLE_INSTRUMENT;EFS;EUR;48;133.26000000;432;EXCHANGE_LAST;;1;1;XEUR;10804524;688;
25.11.2024;10:50:45.951;FGBL SI 20241206 PS;SIMPLE_INSTRUMENT;EFS;EUR;49;133.17000000;433;EXCHANGE_LAST;;1;1;XEUR;10804524;688;
25.11.2024;10:55:00.720;FGBL SI 20241206 PS;SIMPLE_INSTRUMENT;EFP_FIN;EUR;50;133.18000000;209;EXCHANGE_LAST;;1;1;XEUR;10804524;688;
25.11.2024;10:55:36.111;FGBL SI 20241206 PS;SIMPLE_INSTRUMENT;EFS;EUR;51;133.17000000;463;EXCHANGE_LAST;;1;1;XEUR;10804524;688;
25.11.2024;10:58:38.032;FGBL SI 20241206 PS;SIMPLE_INSTRUMENT;EFP_FIN;EUR;52;133.19000000;653;EXCHANGE_LAST;;1;1;XEUR;10804524;688;
25.11.2024;10:58:48.953;FGBL SI 20241206 PS;SIMPLE_INSTRUMENT;EFS;EUR;53;133.18000000;432;EXCHANGE_LAST;;1;1;XEUR;10804524;688;
25.11.2024;11:03:21.350;FGBL SI 20241206 PS;SIMPLE_INSTRUMENT;EFP_FIN;EUR;54;133.23000000;1278;EXCHANGE_LAST;;1;1;XEUR;10804524;688;
25.11.2024;11:04:08.098;FGBL SI 20241206 PS;SIMPLE_INSTRUMENT;EFS;EUR;55;133.17000000;433;EXCHANGE_LAST;;1;1;XEUR;10804524;688;
25.11.2024;11:04:32.996;FGBL SI 20241206 PS;SIMPLE_INSTRUMENT;EFS;EUR;56;133.17000000;433;EXCHANGE_LAST;;1;1;XEUR;10804524;688;
25.11.2024;11:11:33.156;FGBL SI 20241206 PS;SIMPLE_INSTRUMENT;EFP_FIN;EUR;57;133.17000000;387;EXCHANGE_LAST;;1;1;XEUR;10804524;688;
25.11.2024;11:11:48.797;FGBL SI 20241206 PS;SIMPLE_INSTRUMENT;EFS;EUR;58;133.24000000;433;EXCHANGE_LAST;;1;1;XEUR;10804524;688;
25.11.2024;11:20:09.794;FGBL SI 20241206 PS;SIMPLE_INSTRUMENT;EFS;EUR;59;133.24000000;933;EXCHANGE_LAST;;1;1;XEUR;10804524;688;
25.11.2024;11:21:29.182;FGBL SI 20241206 PS;SIMPLE_INSTRUMENT;EFS;EUR;60;133.27000000;216;EXCHANGE_LAST;;1;1;XEUR;10804524;688;
25.11.2024;11:22:24.219;FGBL SI 20241206 PS;SIMPLE_INSTRUMENT;EFS;EUR;61;133.22000000;216;EXCHANGE_LAST;;1;1;XEUR;10804524;688;
25.11.2024;11:41:37.910;FGBL SI 20241206 PS;SIMPLE_INSTRUMENT;EFS;EUR;62;133.23000000;433;EXCHANGE_LAST;;1;1;XEUR;10804524;688;
25.11.2024;11:45:25.262;FGBL SI 20241206 PS;SIMPLE_INSTRUMENT;EFP_FIN;EUR;63;133.24000000;162;EXCHANGE_LAST;;1;1;XEUR;10804524;688;
25.11.2024;11:45:40.351;FGBL SI 20241206 PS;SIMPLE_INSTRUMENT;EFS;EUR;64;133.27000000;433;EXCHANGE_LAST;;1;1;XEUR;10804524;688;
25.11.2024;11:50:26.903;FGBL SI 20241206 PS;SIMPLE_INSTRUMENT;EFS;EUR;65;133.25000000;433;EXCHANGE_LAST;;1;1;XEUR;10804524;688;
25.11.2024;11:53:37.415;FGBL SI 20241206 PS;SIMPLE_INSTRUMENT;EFS;EUR;66;133.23000000;433;EXCHANGE_LAST;;1;1;XEUR;10804524;688;
25.11.2024;11:56:50.494;FGBL SI 20241206 PS;SIMPLE_INSTRUMENT;EFP_FIN;EUR;67;133.23000000;484;EXCHANGE_LAST;;1;1;XEUR;10804524;688;
25.11.2024;11:59:31.529;FGBL SI 20241206 PS;SIMPLE_INSTRUMENT;EFP_FIN;EUR;68;133.22000000;108;EXCHANGE_LAST;;1;1;XEUR;10804524;688;
25.11.2024;12:02:42.193;FGBL SI 20241206 PS;SIMPLE_INSTRUMENT;EFS;EUR;69;133.20000000;100;EXCHANGE_LAST;;1;1;XEUR;10804524;688;
25.11.2024;12:04:32.773;FGBL SI 20241206 PS;SIMPLE_INSTRUMENT;EFP_FIN;EUR;70;133.20000000;726;EXCHANGE_LAST;;1;1;XEUR;10804524;688;
25.11.2024;12:06:08.522;FGBL SI 20241206 PS;SIMPLE_INSTRUMENT;EFS;EUR;71;133.19000000;200;EXCHANGE_LAST;;1;1;XEUR;10804524;688;
25.11.2024;12:05:09.012;FGBL SI 20241206 PS;SIMPLE_INSTRUMENT;EFS;EUR;72;133.19000000;800;EXCHANGE_LAST;;1;1;XEUR;10804524;688;
25.11.2024;12:06:19.523;FGBL SI 20241206 PS;SIMPLE_INSTRUMENT;EFS;EUR;73;133.19000000;100;EXCHANGE_LAST;;1;1;XEUR;10804524;688;
25.11.2024;12:06:31.449;FGBL SI 20241206 PS;SIMPLE_INSTRUMENT;EFP_FIN;EUR;74;133.20000000;1205;EXCHANGE_LAST;;1;1;XEUR;10804524;688;
25.11.2024;12:11:56.743;FGBL SI 20241206 PS;SIMPLE_INSTRUMENT;EFP_FIN;EUR;75;133.21000000;132;EXCHANGE_LAST;;1;1;XEUR;10804524;688;
25.11.2024;12:15:54.348;FGBL SI 20241206 PS;SIMPLE_INSTRUMENT;EFS;EUR;76;133.09000000;530;EXCHANGE_LAST;;1;1;XEUR;10804524;688;
25.11.2024;12:24:23.636;FGBL SI 20241206 PS;SIMPLE_INSTRUMENT;EFS;EUR;77;133.26000000;950;EXCHANGE_LAST;;1;1;XEUR;10804524;688;
25.11.2024;12:32:40.643;FGBL SI 20241206 PS;SIMPLE_INSTRUMENT;EFS;EUR;78;133.09000000;340;EXCHANGE_LAST;;1;1;XEUR;10804524;688;
25.11.2024;12:33:06.298;FGBL SI 20241206 PS;SIMPLE_INSTRUMENT;EFP_FIN;EUR;79;133.20000000;726;EXCHANGE_LAST;;1;1;XEUR;10804524;688;
25.11.2024;12:35:46.030;FGBL SI 20241206 PS;SIMPLE_INSTRUMENT;EFS;EUR;80;133.12000000;400;EXCHANGE_LAST;;1;1;XEUR;10804524;688;
25.11.2024;13:04:58.375;FGBL SI 20241206 PS;SIMPLE_INSTRUMENT;EFS;EUR;81;133.35000000;433;EXCHANGE_LAST;;1;1;XEUR;10804524;688;
25.11.2024;13:10:04.575;FGBL SI 20241206 PS;SIMPLE_INSTRUMENT;EFS;EUR;82;133.38000000;433;EXCHANGE_LAST;;1;1;XEUR;10804524;688;
25.11.2024;13:12:54.841;FGBL SI 20241206 PS;SIMPLE_INSTRUMENT;EFS;EUR;83;133.36000000;432;EXCHANGE_LAST;;1;1;XEUR;10804524;688;
25.11.2024;13:13:45.734;FGBL SI 20241206 PS;SIMPLE_INSTRUMENT;EFS;EUR;84;133.39000000;216;EXCHANGE_LAST;;1;1;XEUR;10804524;688;
25.11.2024;13:19:10.285;FGBL SI 20241206 PS;SIMPLE_INSTRUMENT;EFS;EUR;85;133.38000000;485;EXCHANGE_LAST;;1;1;XEUR;10804524;688;
25.11.2024;13:33:40.611;FGBL SI 20241206 PS;SIMPLE_INSTRUMENT;EFS;EUR;87;133.50000000;485;EXCHANGE_LAST;;1;1;XEUR;10804524;688;
25.11.2024;13:34:26.721;FGBL SI 20241206 PS;SIMPLE_INSTRUMENT;EFS;EUR;88;133.41000000;485;EXCHANGE_LAST;;1;1;XEUR;10804524;688;
25.11.2024;13:36:06.719;FGBL SI 20241206 PS;SIMPLE_INSTRUMENT;EFS;EUR;89;133.24000000;23;EXCHANGE_LAST;;1;1;XEUR;10804524;688;
25.11.2024;13:38:04.334;FGBL SI 20241206 PS;SIMPLE_INSTRUMENT;EFS;EUR;90;133.37000000;93;EXCHANGE_LAST;;1;1;XEUR;10804524;688;
25.11.2024;13:41:30.019;FGBL SI 20241206 PS;SIMPLE_INSTRUMENT;EFS;EUR;91;133.45000000;250;EXCHANGE_LAST;;1;1;XEUR;10804524;688;
25.11.2024;14:00:55.919;FGBL SI 20241206 PS;SIMPLE_INSTRUMENT;BLOCK;EUR;92;133.46000000;8000;EXCHANGE_LAST;;1;1;XEUR;10804524;688;
25.11.2024;14:01:05.920;FGBL SI 20250306 PS;SIMPLE_INSTRUMENT;BLOCK;EUR;93;134.98000000;3812;EXCHANGE_LAST;;1;1;XEUR;11286679;688;
25.11.2024;14:01:13.921;FGBL SI 20250306 PS;SIMPLE_INSTRUMENT;BLOCK;EUR;94;134.97000000;3811;EXCHANGE_LAST;;1;1;XEUR;11286679;688;
25.11.2024;14:05:22.793;FGBL SI 20241206 PS;SIMPLE_INSTRUMENT;EFS;EUR;95;133.48000000;727;EXCHANGE_LAST;;1;1;XEUR;10804524;688;
25.11.2024;14:07:55.094;FGBL SI 20241206 PS;SIMPLE_INSTRUMENT;EFS;EUR;96;133.44000000;433;EXCHANGE_LAST;;1;1;XEUR;10804524;688;
25.11.2024;14:10:10.982;FGBL SI 20241206 PS;SIMPLE_INSTRUMENT;EFS;EUR;97;133.46000000;370;EXCHANGE_LAST;;1;1;XEUR;10804524;688;
25.11.2024;14:10:15.206;FGBL SI 20241206 PS;SIMPLE_INSTRUMENT;EFS;EUR;98;133.40000000;433;EXCHANGE_LAST;;1;1;XEUR;10804524;688;
25.11.2024;14:11:45.268;FGBL SI 20241206 PS;SIMPLE_INSTRUMENT;EFS;EUR;99;133.44000000;432;EXCHANGE_LAST;;1;1;XEUR;10804524;688;
25.11.2024;14:12:00.281;FGBL SI 20241206 PS;SIMPLE_INSTRUMENT;EFS;EUR;100;133.44000000;216;EXCHANGE_LAST;;1;1;XEUR;10804524;688;
25.11.2024;14:12:05.286;FGBL SI 20241206 PS;SIMPLE_INSTRUMENT;EFS;EUR;101;133.44000000;433;EXCHANGE_LAST;;1;1;XEUR;10804524;688;
25.11.2024;14:13:20.342;FGBL SI 20241206 PS;SIMPLE_INSTRUMENT;EFS;EUR;102;133.48000000;432;EXCHANGE_LAST;;1;1;XEUR;10804524;688;
25.11.2024;14:16:50.391;FGBL SI 20241206 PS;SIMPLE_INSTRUMENT;EFS;EUR;103;133.45000000;230;EXCHANGE_LAST;;1;1;XEUR;10804524;688;
25.11.2024;14:17:39.203;FGBL SI 20241206 PS;SIMPLE_INSTRUMENT;EFS;EUR;104;133.46000000;460;EXCHANGE_LAST;;1;1;XEUR;10804524;688;
25.11.2024;14:19:26.837;FGBL SI 20241206 PS;SIMPLE_INSTRUMENT;EFS;EUR;105;133.44000000;921;EXCHANGE_LAST;;1;1;XEUR;10804524;688;
25.11.2024;14:21:54.588;FGBL SI 20241206 PS;SIMPLE_INSTRUMENT;EFS;EUR;106;133.50000000;302;EXCHANGE_LAST;;1;1;XEUR;10804524;688;
25.11.2024;14:22:44.719;FGBL SI 20241206 PS;SIMPLE_INSTRUMENT;EFS;EUR;107;133.50000000;864;EXCHANGE_LAST;;1;1;XEUR;10804524;688;
25.11.2024;14:26:27.025;FGBL SI 20241206 PS;SIMPLE_INSTRUMENT;EFS;EUR;108;133.56000000;432;EXCHANGE_LAST;;1;1;XEUR;10804524;688;
25.11.2024;14:30:12.158;FGBL SI 20241206 PS;SIMPLE_INSTRUMENT;EFS;EUR;109;133.55000000;432;EXCHANGE_LAST;;1;1;XEUR;10804524;688;
25.11.2024;14:31:52.132;FGBL SI 20241206 PS;SIMPLE_INSTRUMENT;EFS;EUR;110;133.57000000;107;EXCHANGE_LAST;;1;1;XEUR;10804524;688;
25.11.2024;14:35:56.546;FGBL SI 20250306 PS;SIMPLE_INSTRUMENT;EFS;EUR;111;135.07000000;230;EXCHANGE_LAST;;1;1;XEUR;11286679;688;
25.11.2024;14:36:30.004;FGBL SI 20241206 PS;SIMPLE_INSTRUMENT;EFS;EUR;112;133.56000000;432;EXCHANGE_LAST;;1;1;XEUR;10804524;688;
25.11.2024;14:41:47.807;FGBL SI 20241206 PS;SIMPLE_INSTRUMENT;EFS;EUR;113;133.56000000;259;EXCHANGE_LAST;;1;1;XEUR;10804524;688;
25.11.2024;14:42:41.911;FGBL SI 20241206 PS;SIMPLE_INSTRUMENT;EFS;EUR;114;133.55000000;460;EXCHANGE_LAST;;1;1;XEUR;10804524;688;
25.11.2024;14:43:22.421;FGBL SI 20241206 PS;SIMPLE_INSTRUMENT;EFS;EUR;115;133.57000000;432;EXCHANGE_LAST;;1;1;XEUR;10804524;688;
25.11.2024;14:47:39.135;FGBL SI 20241206 PS;SIMPLE_INSTRUMENT;EFS;EUR;116;133.41000000;485;EXCHANGE_LAST;;1;1;XEUR;10804524;688;
25.11.2024;14:47:48.824;FGBL SI 20241206 PS;SIMPLE_INSTRUMENT;EFS;EUR;117;133.56000000;530;EXCHANGE_LAST;;1;1;XEUR;10804524;688;
25.11.2024;14:48:03.837;FGBL SI 20241206 PS;SIMPLE_INSTRUMENT;EFS;EUR;118;133.56000000;530;EXCHANGE_LAST;;1;1;XEUR;10804524;688;
25.11.2024;14:49:26.990;FGBL SI 20241206 PS;SIMPLE_INSTRUMENT;EFS;EUR;119;133.59000000;216;EXCHANGE_LAST;;1;1;XEUR;10804524;688;
25.11.2024;14:51:50.471;FGBL SI 20241206 PS;SIMPLE_INSTRUMENT;EFP_FIN;EUR;120;133.56000000;160;EXCHANGE_LAST;;1;1;XEUR;10804524;688;
25.11.2024;14:54:18.818;FGBL SI 20241206 PS;SIMPLE_INSTRUMENT;EFP_FIN;EUR;121;133.58000000;97;EXCHANGE_LAST;;1;1;XEUR;10804524;688;
25.11.2024;14:59:10.965;FGBL SI 20241206 PS;SIMPLE_INSTRUMENT;EFS;EUR;122;133.59000000;484;EXCHANGE_LAST;;1;1;XEUR;10804524;688;
25.11.2024;14:59:36.607;FGBL SI 20241206 PS;SIMPLE_INSTRUMENT;EFS;EUR;123;133.59000000;484;EXCHANGE_LAST;;1;1;XEUR;10804524;688;
25.11.2024;14:59:32.433;FGBL SI 20241206 PS;SIMPLE_INSTRUMENT;EFS;EUR;124;133.59000000;484;EXCHANGE_LAST;;1;1;XEUR;10804524;688;
25.11.2024;14:59:39.166;FGBL SI 20241206 PS;SIMPLE_INSTRUMENT;EFS;EUR;125;133.57000000;1185;EXCHANGE_LAST;;1;1;XEUR;10804524;688;
25.11.2024;14:59:49.411;FGBL SI 20241206 PS;SIMPLE_INSTRUMENT;EFS;EUR;126;133.60000000;486;EXCHANGE_LAST;;1;1;XEUR;10804524;688;
25.11.2024;15:02:13.711;FGBL SI 20241206 PS;SIMPLE_INSTRUMENT;EFS;EUR;127;133.59000000;484;EXCHANGE_LAST;;1;1;XEUR;10804524;688;
25.11.2024;15:08:14.691;FGBL SI 20241206 PS;SIMPLE_INSTRUMENT;EFS;EUR;128;133.59000000;458;EXCHANGE_LAST;;1;1;XEUR;10804524;688;
25.11.2024;15:07:43.219;FGBL SI 20241206 PS;SIMPLE_INSTRUMENT;EFS;EUR;129;133.61000000;342;EXCHANGE_LAST;;1;1;XEUR;10804524;688;
25.11.2024;15:15:12.188;FGBL SI 20241206 PS;SIMPLE_INSTRUMENT;EFS;EUR;130;133.57000000;432;EXCHANGE_LAST;;1;1;XEUR;10804524;688;
25.11.2024;15:31:47.658;FGBL SI 20241206 PS;SIMPLE_INSTRUMENT;EFS;EUR;131;133.62000000;432;EXCHANGE_LAST;;1;1;XEUR;10804524;688;
25.11.2024;15:31:54.741;FGBL SI 20241206 PS;SIMPLE_INSTRUMENT;EFP_FIN;EUR;132;133.55000000;218;EXCHANGE_LAST;;1;1;XEUR;10804524;688;
25.11.2024;15:38:53.950;FGBL SI 20241206 PS;SIMPLE_INSTRUMENT;EFS;EUR;133;133.64000000;173;EXCHANGE_LAST;;1;1;XEUR;10804524;688;
25.11.2024;15:38:54.952;FGBL SI 20241206 PS;SIMPLE_INSTRUMENT;EFS;EUR;134;133.64000000;259;EXCHANGE_LAST;;1;1;XEUR;10804524;688;
25.11.2024;15:39:25.364;FGBL SI 20241206 PS;SIMPLE_INSTRUMENT;EFS;EUR;135;133.58000000;1244;EXCHANGE_LAST;;1;1;XEUR;10804524;688;
25.11.2024;15:39:38.988;FGBL SI 20241206 PS;SIMPLE_INSTRUMENT;EFS;EUR;136;133.64000000;271;EXCHANGE_LAST;;1;1;XEUR;10804524;688;
25.11.2024;15:41:09.633;FGBL SI 20241206 PS;SIMPLE_INSTRUMENT;EFS;EUR;137;133.63000000;460;EXCHANGE_LAST;;1;1;XEUR;10804524;688;
25.11.2024;15:41:01.632;FGBL SI 20241206 PS;SIMPLE_INSTRUMENT;EFS;EUR;138;133.63000000;460;EXCHANGE_LAST;;1;1;XEUR;10804524;688;
25.11.2024;15:42:00.788;FGBL SI 20241206 PS;SIMPLE_INSTRUMENT;EFS;EUR;139;133.63000000;432;EXCHANGE_LAST;;1;1;XEUR;10804524;688;
25.11.2024;15:43:31.144;FGBL SI 20241206 PS;SIMPLE_INSTRUMENT;EFS;EUR;140;133.60000000;460;EXCHANGE_LAST;;1;1;XEUR;10804524;688;
25.11.2024;15:43:56.919;FGBL SI 20241206 PS;SIMPLE_INSTRUMENT;EFS;EUR;141;133.64000000;432;EXCHANGE_LAST;;1;1;XEUR;10804524;688;
25.11.2024;16:10:27.290;FGBL SI 20241206 PS;SIMPLE_INSTRUMENT;EFS;EUR;142;133.55000000;432;EXCHANGE_LAST;;1;1;XEUR;10804524;688;
25.11.2024;16:23:37.351;FGBL SI 20241206 PS;SIMPLE_INSTRUMENT;EFS;EUR;143;133.63000000;432;EXCHANGE_LAST;;1;1;XEUR;10804524;688;
25.11.2024;16:24:13.228;FGBL SI 20241206 PS;SIMPLE_INSTRUMENT;EFS;EUR;144;133.58000000;500;EXCHANGE_LAST;;1;1;XEUR;10804524;688;
25.11.2024;16:27:59.071;FGBL SI 20241206 PS;SIMPLE_INSTRUMENT;EFS;EUR;145;133.60000000;738;EXCHANGE_LAST;;1;1;XEUR;10804524;688;
25.11.2024;16:36:08.552;FGBL SI 20241206 PS;SIMPLE_INSTRUMENT;EFS;EUR;146;133.61000000;231;EXCHANGE_LAST;;1;1;XEUR;10804524;688;
25.11.2024;16:37:11.292;FGBL SI 20241206 PS;SIMPLE_INSTRUMENT;EFS;EUR;147;133.63000000;290;EXCHANGE_LAST;;1;1;XEUR;10804524;688;
25.11.2024;16:41:13.403;FGBL SI 20241206 PS;SIMPLE_INSTRUMENT;EFS;EUR;148;133.62000000;3000;EXCHANGE_LAST;;1;1;XEUR;10804524;688;
25.11.2024;16:52:56.032;FGBL SI 20241206 PS;SIMPLE_INSTRUMENT;EFS;EUR;149;133.54000000;432;EXCHANGE_LAST;;1;1;XEUR;10804524;688;
25.11.2024;08:11:21.520;FGBL SI 20241206 PS;SIMPLE_INSTRUMENT;VOLA;EUR;268435469;133.49000000;74;EXCHANGE_LAST;;1;1;XEUR;10804524;688;
25.11.2024;08:12:10.153;FGBL SI 20241206 PS;SIMPLE_INSTRUMENT;VOLA;EUR;268435470;133.49000000;1;EXCHANGE_LAST;;1;1;XEUR;10804524;688;
25.11.2024;08:12:45.641;FGBL SI 20241206 PS;SIMPLE_INSTRUMENT;VOLA;EUR;268435471;133.48000000;75;EXCHANGE_LAST;;1;1;XEUR;10804524;688;
25.11.2024;09:24:07.139;FGBL SI 20241206 PS;SIMPLE_INSTRUMENT;VOLA;EUR;268435478;133.52000000;155;EXCHANGE_LAST;;1;1;XEUR;10804524;688;
25.11.2024;09:24:07.709;FGBL SI 20241206 PS;SIMPLE_INSTRUMENT;VOLA;EUR;268435479;133.52000000;100;EXCHANGE_LAST;;1;1;XEUR;10804524;688;
25.11.2024;10:16:34.635;FGBL SI 20241206 PS;SIMPLE_INSTRUMENT;VOLA;EUR;268435487;133.18000000;42;EXCHANGE_LAST;;1;1;XEUR;10804524;688;
25.11.2024;10:16:46.636;FGBL SI 20241206 PS;SIMPLE_INSTRUMENT;VOLA;EUR;268435488;133.18000000;3;EXCHANGE_LAST;;1;1;XEUR;10804524;688;
25.11.2024;12:58:29.033;FGBL SI 20250306 PS;SIMPLE_INSTRUMENT;VOLA;EUR;268435505;134.62000000;75;EXCHANGE_LAST;;1;1;XEUR;11286679;688;
25.11.2024;12:59:06.039;FGBL SI 20250306 PS;SIMPLE_INSTRUMENT;VOLA;EUR;268435506;134.62000000;75;EXCHANGE_LAST;;1;1;XEUR;11286679;688;
25.11.2024;13:33:51.941;FGBL SI 20241206 PS;SIMPLE_INSTRUMENT;VOLA;EUR;268435516;133.23000000;50;EXCHANGE_LAST;;1;1;XEUR;10804524;688;
25.11.2024;13:34:32.427;FGBL SI 20241206 PS;SIMPLE_INSTRUMENT;VOLA;EUR;268435517;133.23000000;50;EXCHANGE_LAST;;1;1;XEUR;10804524;688;
25.11.2024;13:42:18.234;FGBL SI 20241206 PS;SIMPLE_INSTRUMENT;VOLA;EUR;268435522;133.50000000;150;EXCHANGE_LAST;;1;1;XEUR;10804524;688;
25.11.2024;13:42:23.585;FGBL SI 20241206 PS;SIMPLE_INSTRUMENT;VOLA;EUR;268435523;133.54000000;23;EXCHANGE_LAST;;1;1;XEUR;10804524;688;
25.11.2024;08:29:12.844;FGBM SI 20241206 PS;SIMPLE_INSTRUMENT;EFS;EUR;1;119.24000000;867;EXCHANGE_LAST;;1;1;XEUR;10804525;689;
25.11.2024;08:52:48.774;FGBM SI 20241206 PS;SIMPLE_INSTRUMENT;EFS;EUR;2;119.21000000;433;EXCHANGE_LAST;;1;1;XEUR;10804525;689;
25.11.2024;08:52:50.645;FGBM SI 20241206 PS;SIMPLE_INSTRUMENT;EFS;EUR;3;119.20000000;868;EXCHANGE_LAST;;1;1;XEUR;10804525;689;
25.11.2024;09:19:00.353;FGBM SI 20241206 PS;SIMPLE_INSTRUMENT;EFP_FIN;EUR;4;119.16000000;446;EXCHANGE_LAST;;1;1;XEUR;10804525;689;
25.11.2024;09:23:26.398;FGBM SI 20241206 PS;SIMPLE_INSTRUMENT;EFP_FIN;EUR;5;119.15000000;221;EXCHANGE_LAST;;1;1;XEUR;10804525;689;
25.11.2024;10:03:25.218;FGBM SI 20241206 PS;SIMPLE_INSTRUMENT;EFS;EUR;6;119.11000000;927;EXCHANGE_LAST;;1;1;XEUR;10804525;689;
25.11.2024;10:05:16.918;FGBM SI 20241206 PS;SIMPLE_INSTRUMENT;EFS;EUR;7;119.08000000;741;EXCHANGE_LAST;;1;1;XEUR;10804525;689;
25.11.2024;10:16:39.041;FGBM SI 20241206 PS;SIMPLE_INSTRUMENT;EFS;EUR;8;119.08000000;434;EXCHANGE_LAST;;1;1;XEUR;10804525;689;
25.11.2024;10:17:00.780;FGBM SI 20241206 PS;SIMPLE_INSTRUMENT;EFS;EUR;9;119.08000000;434;EXCHANGE_LAST;;1;1;XEUR;10804525;689;
25.11.2024;10:41:23.842;FGBM SI 20241206 PS;SIMPLE_INSTRUMENT;EFS;EUR;10;119.10000000;867;EXCHANGE_LAST;;1;1;XEUR;10804525;689;
25.11.2024;10:47:19.916;FGBM SI 20241206 PS;SIMPLE_INSTRUMENT;EFS;EUR;11;119.06000000;884;EXCHANGE_LAST;;1;1;XEUR;10804525;689;
25.11.2024;11:08:30.497;FGBM SI 20241206 PS;SIMPLE_INSTRUMENT;EFS;EUR;12;119.08000000;867;EXCHANGE_LAST;;1;1;XEUR;10804525;689;
25.11.2024;11:21:11.561;FGBM SI 20241206 PS;SIMPLE_INSTRUMENT;EFS;EUR;13;119.08000000;1854;EXCHANGE_LAST;;1;1;XEUR;10804525;689;
25.11.2024;11:38:01.568;FGBM SI 20241206 PS;SIMPLE_INSTRUMENT;EFP_FIN;EUR;14;119.09000000;367;EXCHANGE_LAST;;1;1;XEUR;10804525;689;
25.11.2024;11:39:17.603;FGBM SI 20241206 PS;SIMPLE_INSTRUMENT;EFP_FIN;EUR;15;119.09000000;446;EXCHANGE_LAST;;1;1;XEUR;10804525;689;
25.11.2024;12:21:05.812;FGBM SI 20241206 PS;SIMPLE_INSTRUMENT;EFP_FIN;EUR;16;118.99000000;1147;EXCHANGE_LAST;;1;1;XEUR;10804525;689;
25.11.2024;12:34:10.095;FGBM SI 20241206 PS;SIMPLE_INSTRUMENT;EFP_FIN;EUR;17;119.05000000;985;EXCHANGE_LAST;;1;1;XEUR;10804525;689;
25.11.2024;12:41:12.493;FGBM SI 20241206 PS;SIMPLE_INSTRUMENT;EFS;EUR;18;119.00000000;1793;EXCHANGE_LAST;;1;1;XEUR;10804525;689;
25.11.2024;12:43:15.147;FGBM SI 20241206 PS;SIMPLE_INSTRUMENT;EFP_FIN;EUR;19;119.09000000;1414;EXCHANGE_LAST;;1;1;XEUR;10804525;689;
25.11.2024;12:43:39.627;FGBM SI 20241206 PS;SIMPLE_INSTRUMENT;EFS;EUR;20;119.00000000;442;EXCHANGE_LAST;;1;1;XEUR;10804525;689;
25.11.2024;12:44:31.196;FGBM SI 20241206 PS;SIMPLE_INSTRUMENT;EFS;EUR;21;119.01000000;880;EXCHANGE_LAST;;1;1;XEUR;10804525;689;
25.11.2024;12:47:46.638;FGBM SI 20241206 PS;SIMPLE_INSTRUMENT;EFP_FIN;EUR;22;119.09000000;912;EXCHANGE_LAST;;1;1;XEUR;10804525;689;
25.11.2024;12:51:57.872;FGBM SI 20241206 PS;SIMPLE_INSTRUMENT;EFS;EUR;23;119.09000000;434;EXCHANGE_LAST;;1;1;XEUR;10804525;689;
25.11.2024;13:06:06.747;FGBM SI 20241206 PS;SIMPLE_INSTRUMENT;EFP_FIN;EUR;24;119.09000000;353;EXCHANGE_LAST;;1;1;XEUR;10804525;689;
25.11.2024;13:11:31.620;FGBM SI 20241206 PS;SIMPLE_INSTRUMENT;EFP_FIN;EUR;25;119.16000000;648;EXCHANGE_LAST;;1;1;XEUR;10804525;689;
25.11.2024;13:27:40.645;FGBM SI 20241206 PS;SIMPLE_INSTRUMENT;EFS;EUR;26;119.21000000;867;EXCHANGE_LAST;;1;1;XEUR;10804525;689;
25.11.2024;13:28:51.341;FGBM SI 20241206 PS;SIMPLE_INSTRUMENT;EFS;EUR;27;119.19000000;868;EXCHANGE_LAST;;1;1;XEUR;10804525;689;
25.11.2024;13:28:52.940;FGBM SI 20241206 PS;SIMPLE_INSTRUMENT;EFP_FIN;EUR;28;119.22000000;122;EXCHANGE_LAST;;1;1;XEUR;10804525;689;
25.11.2024;13:31:56.454;FGBM SI 20241206 PS;SIMPLE_INSTRUMENT;EFS;EUR;29;119.19000000;868;EXCHANGE_LAST;;1;1;XEUR;10804525;689;
25.11.2024;13:32:30.684;FGBM SI 20241206 PS;SIMPLE_INSTRUMENT;EFS;EUR;30;119.19000000;880;EXCHANGE_LAST;;1;1;XEUR;10804525;689;
25.11.2024;13:32:40.134;FGBM SI 20241206 PS;SIMPLE_INSTRUMENT;EFS;EUR;31;119.11000000;463;EXCHANGE_LAST;;1;1;XEUR;10804525;689;
25.11.2024;13:38:17.689;FGBM SI 20241206 PS;SIMPLE_INSTRUMENT;EFS;EUR;32;119.18000000;868;EXCHANGE_LAST;;1;1;XEUR;10804525;689;
25.11.2024;13:39:17.729;FGBM SI 20241206 PS;SIMPLE_INSTRUMENT;EFS;EUR;33;119.17000000;868;EXCHANGE_LAST;;1;1;XEUR;10804525;689;
25.11.2024;13:44:27.973;FGBM SI 20241206 PS;SIMPLE_INSTRUMENT;EFS;EUR;34;119.21000000;868;EXCHANGE_LAST;;1;1;XEUR;10804525;689;
25.11.2024;13:44:42.985;FGBM SI 20241206 PS;SIMPLE_INSTRUMENT;EFS;EUR;35;119.20000000;1301;EXCHANGE_LAST;;1;1;XEUR;10804525;689;
25.11.2024;13:46:08.310;FGBM SI 20241206 PS;SIMPLE_INSTRUMENT;EFS;EUR;36;119.22000000;867;EXCHANGE_LAST;;1;1;XEUR;10804525;689;
25.11.2024;13:46:50.628;FGBM SI 20241206 PS;SIMPLE_INSTRUMENT;EFS;EUR;37;119.21000000;867;EXCHANGE_LAST;;1;1;XEUR;10804525;689;
25.11.2024;13:47:23.112;FGBM SI 20241206 PS;SIMPLE_INSTRUMENT;EFS;EUR;38;119.22000000;868;EXCHANGE_LAST;;1;1;XEUR;10804525;689;
25.11.2024;13:50:48.241;FGBM SI 20241206 PS;SIMPLE_INSTRUMENT;EFS;EUR;39;119.20000000;868;EXCHANGE_LAST;;1;1;XEUR;10804525;689;
25.11.2024;13:52:34.322;FGBM SI 20241206 PS;SIMPLE_INSTRUMENT;EFS;EUR;40;119.22000000;260;EXCHANGE_LAST;;1;1;XEUR;10804525;689;
25.11.2024;13:53:13.366;FGBM SI 20241206 PS;SIMPLE_INSTRUMENT;EFS;EUR;41;119.20000000;868;EXCHANGE_LAST;;1;1;XEUR;10804525;689;
25.11.2024;13:53:28.378;FGBM SI 20241206 PS;SIMPLE_INSTRUMENT;EFS;EUR;42;119.19000000;868;EXCHANGE_LAST;;1;1;XEUR;10804525;689;
25.11.2024;14:09:09.741;FGBM SI 20241206 PS;SIMPLE_INSTRUMENT;EFP_FIN;EUR;43;119.16000000;103;EXCHANGE_LAST;;1;1;XEUR;10804525;689;
25.11.2024;14:01:52.443;FGBM SI 20241206 PS;SIMPLE_INSTRUMENT;EFS;EUR;44;119.19000000;433;EXCHANGE_LAST;;1;1;XEUR;10804525;689;
25.11.2024;14:03:16.106;FGBM SI 20241206 PS;SIMPLE_INSTRUMENT;EFS;EUR;45;119.19000000;867;EXCHANGE_LAST;;1;1;XEUR;10804525;689;
25.11.2024;14:03:57.787;FGBM SI 20241206 PS;SIMPLE_INSTRUMENT;EFS;EUR;46;119.21000000;1389;EXCHANGE_LAST;;1;1;XEUR;10804525;689;
25.11.2024;14:06:47.146;FGBM SI 20241206 PS;SIMPLE_INSTRUMENT;EFS;EUR;47;119.20000000;433;EXCHANGE_LAST;;1;1;XEUR;10804525;689;
25.11.2024;14:19:22.039;FGBM SI 20241206 PS;SIMPLE_INSTRUMENT;EFS;EUR;48;119.21000000;303;EXCHANGE_LAST;;1;1;XEUR;10804525;689;
25.11.2024;14:21:13.708;FGBM SI 20241206 PS;SIMPLE_INSTRUMENT;EFS;EUR;49;119.22000000;576;EXCHANGE_LAST;;1;1;XEUR;10804525;689;
25.11.2024;14:57:57.858;FGBM SI 20250306 PS;SIMPLE_INSTRUMENT;EFS;EUR;50;118.57000000;743;EXCHANGE_LAST;;1;1;XEUR;11286680;689;
25.11.2024;15:00:07.104;FGBM SI 20241206 PS;SIMPLE_INSTRUMENT;EFS;EUR;51;119.27000000;1841;EXCHANGE_LAST;;1;1;XEUR;10804525;689;
25.11.2024;15:10:14.743;FGBM SI 20241206 PS;SIMPLE_INSTRUMENT;EFS;EUR;52;119.28000000;866;EXCHANGE_LAST;;1;1;XEUR;10804525;689;
25.11.2024;15:12:48.735;FGBM SI 20241206 PS;SIMPLE_INSTRUMENT;EFS;EUR;53;119.26000000;822;EXCHANGE_LAST;;1;1;XEUR;10804525;689;
25.11.2024;15:20:51.340;FGBM SI 20241206 PS;SIMPLE_INSTRUMENT;EFS;EUR;54;119.26000000;866;EXCHANGE_LAST;;1;1;XEUR;10804525;689;
25.11.2024;15:32:42.073;FGBM SI 20241206 PS;SIMPLE_INSTRUMENT;EFS;EUR;55;119.27000000;924;EXCHANGE_LAST;;1;1;XEUR;10804525;689;
25.11.2024;15:39:58.867;FGBM SI 20241206 PS;SIMPLE_INSTRUMENT;EFP_FIN;EUR;56;119.27000000;732;EXCHANGE_LAST;;1;1;XEUR;10804525;689;
25.11.2024;15:40:24.026;FGBM SI 20241206 PS;SIMPLE_INSTRUMENT;EFS;EUR;57;119.31000000;515;EXCHANGE_LAST;;1;1;XEUR;10804525;689;
25.11.2024;15:51:10.289;FGBM SI 20241206 PS;SIMPLE_INSTRUMENT;EFP_FIN;EUR;58;119.30000000;1053;EXCHANGE_LAST;;1;1;XEUR;10804525;689;
25.11.2024;16:14:54.738;FGBM SI 20241206 PS;SIMPLE_INSTRUMENT;EFP_FIN;EUR;59;119.30000000;223;EXCHANGE_LAST;;1;1;XEUR;10804525;689;
25.11.2024;16:34:13.726;FGBM SI 20241206 PS;SIMPLE_INSTRUMENT;EFP_FIN;EUR;60;119.28000000;103;EXCHANGE_LAST;;1;1;XEUR;10804525;689;
25.11.2024;16:36:47.136;FGBM SI 20241206 PS;SIMPLE_INSTRUMENT;EFP_FIN;EUR;61;119.26000000;191;EXCHANGE_LAST;;1;1;XEUR;10804525;689;
25.11.2024;16:38:43.717;FGBM SI 20241206 PS;SIMPLE_INSTRUMENT;EFP_FIN;EUR;62;119.25000000;94;EXCHANGE_LAST;;1;1;XEUR;10804525;689;
25.11.2024;16:40:27.299;FGBM SI 20241206 PS;SIMPLE_INSTRUMENT;EFS;EUR;63;119.28000000;750;EXCHANGE_LAST;;1;1;XEUR;10804525;689;
25.11.2024;17:00:57.118;FGBM SI 20241206 PS;SIMPLE_INSTRUMENT;EFS;EUR;64;119.22000000;433;EXCHANGE_LAST;;1;1;XEUR;10804525;689;
25.11.2024;08:14:07.837;FGBS SI 20241206 PS;SIMPLE_INSTRUMENT;EFS;EUR;1;107.00500000;263;EXCHANGE_LAST;;1;1;XEUR;10804527;690;
25.11.2024;08:37:39.435;FGBS SI 20241206 PS;SIMPLE_INSTRUMENT;EFS;EUR;2;107.02000000;2592;EXCHANGE_LAST;;1;1;XEUR;10804527;690;
25.11.2024;08:45:18.919;FGBS SI 20241206 PS;SIMPLE_INSTRUMENT;EFS;EUR;3;107.01000000;1938;EXCHANGE_LAST;;1;1;XEUR;10804527;690;
25.11.2024;09:05:19.639;FGBS SI 20241206 PS;SIMPLE_INSTRUMENT;EFS;EUR;4;106.99000000;6098;EXCHANGE_LAST;;1;1;XEUR;10804527;690;
25.11.2024;09:05:57.625;FGBS SI 20241206 PS;SIMPLE_INSTRUMENT;EFS;EUR;5;107.00500000;2592;EXCHANGE_LAST;;1;1;XEUR;10804527;690;
25.11.2024;09:17:51.755;FGBS SI 20241206 PS;SIMPLE_INSTRUMENT;EFS;EUR;6;106.95500000;2714;EXCHANGE_LAST;;1;1;XEUR;10804527;690;
25.11.2024;09:19:49.701;FGBS SI 20241206 PS;SIMPLE_INSTRUMENT;EFS;EUR;7;106.95000000;4071;EXCHANGE_LAST;;1;1;XEUR;10804527;690;
25.11.2024;09:21:23.546;FGBS SI 20241206 PS;SIMPLE_INSTRUMENT;EFS;EUR;8;106.95000000;2714;EXCHANGE_LAST;;1;1;XEUR;10804527;690;
25.11.2024;09:21:41.329;FGBS SI 20241206 PS;SIMPLE_INSTRUMENT;EFS;EUR;9;106.95500000;1357;EXCHANGE_LAST;;1;1;XEUR;10804527;690;
25.11.2024;09:22:56.226;FGBS SI 20241206 PS;SIMPLE_INSTRUMENT;EFS;EUR;10;106.95500000;3910;EXCHANGE_LAST;;1;1;XEUR;10804527;690;
25.11.2024;09:25:02.351;FGBS SI 20241206 PS;SIMPLE_INSTRUMENT;EFP_FIN;EUR;11;106.96000000;866;EXCHANGE_LAST;;1;1;XEUR;10804527;690;
25.11.2024;09:28:23.199;FGBS SI 20241206 PS;SIMPLE_INSTRUMENT;EFS;EUR;12;106.97000000;1085;EXCHANGE_LAST;;1;1;XEUR;10804527;690;
25.11.2024;09:30:30.862;FGBS SI 20241206 PS;SIMPLE_INSTRUMENT;EFS;EUR;13;106.95500000;5428;EXCHANGE_LAST;;1;1;XEUR;10804527;690;
25.11.2024;09:30:38.596;FGBS SI 20241206 PS;SIMPLE_INSTRUMENT;EFS;EUR;14;107.02000000;2711;EXCHANGE_LAST;;1;1;XEUR;10804527;690;
25.11.2024;09:45:28.714;FGBS SI 20241206 PS;SIMPLE_INSTRUMENT;EFS;EUR;15;106.96000000;2591;EXCHANGE_LAST;;1;1;XEUR;10804527;690;
25.11.2024;09:48:34.811;FGBS SI 20241206 PS;SIMPLE_INSTRUMENT;EFS;EUR;16;106.95000000;1357;EXCHANGE_LAST;;1;1;XEUR;10804527;690;
25.11.2024;09:48:36.518;FGBS SI 20241206 PS;SIMPLE_INSTRUMENT;EFS;EUR;17;106.95000000;1357;EXCHANGE_LAST;;1;1;XEUR;10804527;690;
25.11.2024;09:49:36.373;FGBS SI 20241206 PS;SIMPLE_INSTRUMENT;EFS;EUR;18;106.96000000;2715;EXCHANGE_LAST;;1;1;XEUR;10804527;690;
25.11.2024;09:49:33.964;FGBS SI 20241206 PS;SIMPLE_INSTRUMENT;EFS;EUR;19;106.99000000;2712;EXCHANGE_LAST;;1;1;XEUR;10804527;690;
25.11.2024;09:50:16.525;FGBS SI 20241206 PS;SIMPLE_INSTRUMENT;EFS;EUR;20;107.01000000;2720;EXCHANGE_LAST;;1;1;XEUR;10804527;690;
25.11.2024;09:53:31.005;FGBS SI 20241206 PS;SIMPLE_INSTRUMENT;EFS;EUR;21;107.01000000;2712;EXCHANGE_LAST;;1;1;XEUR;10804527;690;
25.11.2024;10:00:51.151;FGBS SI 20241206 PS;SIMPLE_INSTRUMENT;EFS;EUR;22;106.96000000;2591;EXCHANGE_LAST;;1;1;XEUR;10804527;690;
25.11.2024;10:03:29.414;FGBS SI 20241206 PS;SIMPLE_INSTRUMENT;EFS;EUR;23;106.95000000;2714;EXCHANGE_LAST;;1;1;XEUR;10804527;690;
25.11.2024;10:04:15.087;FGBS SI 20241206 PS;SIMPLE_INSTRUMENT;EFS;EUR;24;106.94000000;2172;EXCHANGE_LAST;;1;1;XEUR;10804527;690;
25.11.2024;10:29:36.270;FGBS SI 20241206 PS;SIMPLE_INSTRUMENT;EFP_FIN;EUR;25;106.93500000;736;EXCHANGE_LAST;;1;1;XEUR;10804527;690;
25.11.2024;10:31:29.925;FGBS SI 20241206 PS;SIMPLE_INSTRUMENT;EFS;EUR;26;106.96000000;2714;EXCHANGE_LAST;;1;1;XEUR;10804527;690;
25.11.2024;10:34:11.252;FGBS SI 20241206 PS;SIMPLE_INSTRUMENT;EFP_FIN;EUR;27;106.95000000;632;EXCHANGE_LAST;;1;1;XEUR;10804527;690;
25.11.2024;10:34:11.252;FGBS SI 20241206 PS;SIMPLE_INSTRUMENT;EFP_FIN;EUR;28;106.95000000;433;EXCHANGE_LAST;;1;1;XEUR;10804527;690;
25.11.2024;10:34:11.273;FGBS SI 20241206 PS;SIMPLE_INSTRUMENT;EFP_FIN;EUR;29;106.95000000;811;EXCHANGE_LAST;;1;1;XEUR;10804527;690;
25.11.2024;10:46:30.229;FGBS SI 20241206 PS;SIMPLE_INSTRUMENT;EFS;EUR;30;106.92000000;2588;EXCHANGE_LAST;;1;1;XEUR;10804527;690;
25.11.2024;10:58:16.334;FGBS SI 20241206 PS;SIMPLE_INSTRUMENT;EFP_FIN;EUR;31;106.92000000;1442;EXCHANGE_LAST;;1;1;XEUR;10804527;690;
25.11.2024;11:02:49.872;FGBS SI 20241206 PS;SIMPLE_INSTRUMENT;EFS;EUR;32;106.93000000;2715;EXCHANGE_LAST;;1;1;XEUR;10804527;690;
25.11.2024;11:03:58.828;FGBS SI 20241206 PS;SIMPLE_INSTRUMENT;EFS;EUR;33;106.92500000;2715;EXCHANGE_LAST;;1;1;XEUR;10804527;690;
25.11.2024;11:19:06.791;FGBS SI 20241206 PS;SIMPLE_INSTRUMENT;EFS;EUR;34;107.02000000;5210;EXCHANGE_LAST;;1;1;XEUR;10804527;690;
25.11.2024;11:22:42.655;FGBS SI 20241206 PS;SIMPLE_INSTRUMENT;EFP_FIN;EUR;35;106.92000000;361;EXCHANGE_LAST;;1;1;XEUR;10804527;690;
25.11.2024;11:23:08.972;FGBS SI 20241206 PS;SIMPLE_INSTRUMENT;EFP_FIN;EUR;36;106.92000000;361;EXCHANGE_LAST;;1;1;XEUR;10804527;690;
25.11.2024;11:23:32.202;FGBS SI 20241206 PS;SIMPLE_INSTRUMENT;EFP_FIN;EUR;37;106.92000000;721;EXCHANGE_LAST;;1;1;XEUR;10804527;690;
25.11.2024;11:51:59.335;FGBS SI 20241206 PS;SIMPLE_INSTRUMENT;EFP_FIN;EUR;38;106.93500000;1516;EXCHANGE_LAST;;1;1;XEUR;10804527;690;
25.11.2024;12:11:17.993;FGBS SI 20241206 PS;SIMPLE_INSTRUMENT;EFS;EUR;39;106.92500000;2591;EXCHANGE_LAST;;1;1;XEUR;10804527;690;
25.11.2024;12:22:00.381;FGBS SI 20241206 PS;SIMPLE_INSTRUMENT;EFP_FIN;EUR;40;106.93000000;1328;EXCHANGE_LAST;;1;1;XEUR;10804527;690;
25.11.2024;12:24:28.548;FGBS SI 20241206 PS;SIMPLE_INSTRUMENT;EFS;EUR;41;106.91500000;2715;EXCHANGE_LAST;;1;1;XEUR;10804527;690;
25.11.2024;12:24:32.115;FGBS SI 20241206 PS;SIMPLE_INSTRUMENT;EFS;EUR;42;106.92000000;2715;EXCHANGE_LAST;;1;1;XEUR;10804527;690;
25.11.2024;12:27:59.995;FGBS SI 20241206 PS;SIMPLE_INSTRUMENT;EFS;EUR;43;106.92500000;1270;EXCHANGE_LAST;;1;1;XEUR;10804527;690;
25.11.2024;12:31:09.839;FGBS SI 20241206 PS;SIMPLE_INSTRUMENT;EFS;EUR;44;106.91500000;1362;EXCHANGE_LAST;;1;1;XEUR;10804527;690;
25.11.2024;12:48:13.742;FGBS SI 20241206 PS;SIMPLE_INSTRUMENT;EFS;EUR;45;106.91500000;2715;EXCHANGE_LAST;;1;1;XEUR;10804527;690;
25.11.2024;12:55:55.920;FGBS SI 20241206 PS;SIMPLE_INSTRUMENT;EFS;EUR;46;106.94500000;2714;EXCHANGE_LAST;;1;1;XEUR;10804527;690;
25.11.2024;13:09:48.218;FGBS SI 20241206 PS;SIMPLE_INSTRUMENT;EFS;EUR;47;106.95500000;1357;EXCHANGE_LAST;;1;1;XEUR;10804527;690;
25.11.2024;13:33:53.058;FGBS SI 20241206 PS;SIMPLE_INSTRUMENT;EFP_FIN;EUR;48;106.97000000;1419;EXCHANGE_LAST;;1;1;XEUR;10804527;690;
25.11.2024;13:41:26.812;FGBS SI 20241206 PS;SIMPLE_INSTRUMENT;EFS;EUR;49;106.97500000;5156;EXCHANGE_LAST;;1;1;XEUR;10804527;690;
25.11.2024;14:17:52.856;FGBS SI 20241206 PS;SIMPLE_INSTRUMENT;EFP_FIN;EUR;50;106.97000000;1062;EXCHANGE_LAST;;1;1;XEUR;10804527;690;
25.11.2024;14:21:03.843;FGBS SI 20241206 PS;SIMPLE_INSTRUMENT;EFS;EUR;51;106.98000000;2714;EXCHANGE_LAST;;1;1;XEUR;10804527;690;
25.11.2024;14:41:41.907;FGBS SI 20241206 PS;SIMPLE_INSTRUMENT;EFS;EUR;52;106.98000000;2578;EXCHANGE_LAST;;1;1;XEUR;10804527;690;
25.11.2024;14:44:00.027;FGBS SI 20241206 PS;SIMPLE_INSTRUMENT;EFS;EUR;53;106.98500000;1290;EXCHANGE_LAST;;1;1;XEUR;10804527;690;
25.11.2024;14:48:17.269;FGBS SI 20241206 PS;SIMPLE_INSTRUMENT;EFS;EUR;54;106.98000000;1290;EXCHANGE_LAST;;1;1;XEUR;10804527;690;
25.11.2024;15:33:53.956;FGBS SI 20241206 PS;SIMPLE_INSTRUMENT;EFS;EUR;55;106.98500000;2712;EXCHANGE_LAST;;1;1;XEUR;10804527;690;
25.11.2024;15:42:32.071;FGBS SI 20241206 PS;SIMPLE_INSTRUMENT;EFS;EUR;56;106.98500000;2579;EXCHANGE_LAST;;1;1;XEUR;10804527;690;
25.11.2024;16:04:21.018;FGBS SI 20241206 PS;SIMPLE_INSTRUMENT;EFS;EUR;57;106.99000000;2713;EXCHANGE_LAST;;1;1;XEUR;10804527;690;
25.11.2024;16:13:06.639;FGBS SI 20241206 PS;SIMPLE_INSTRUMENT;EFS;EUR;58;106.98000000;1628;EXCHANGE_LAST;;1;1;XEUR;10804527;690;
25.11.2024;16:33:29.766;FGBS SI 20241206 PS;SIMPLE_INSTRUMENT;EFP_FIN;EUR;59;106.99000000;252;EXCHANGE_LAST;;1;1;XEUR;10804527;690;
25.11.2024;07:56:36.637;FGBS SI 20241206 PS;SIMPLE_INSTRUMENT;VOLA;EUR;268435463;107.01500000;200;EXCHANGE_LAST;;1;1;XEUR;10804527;690;
25.11.2024;09:50:23.302;FGBX SI 20241206 PS;SIMPLE_INSTRUMENT;EFS;EUR;4;135.56000000;89;EXCHANGE_LAST;;1;1;XEUR;10804526;691;
25.11.2024;09:51:09.529;FGBX SI 20241206 PS;SIMPLE_INSTRUMENT;EFS;EUR;5;135.56000000;89;EXCHANGE_LAST;;1;1;XEUR;10804526;691;
25.11.2024;10:04:31.950;FGBX SI 20241206 PS;SIMPLE_INSTRUMENT;EFS;EUR;6;135.64000000;177;EXCHANGE_LAST;;1;1;XEUR;10804526;691;
25.11.2024;10:12:12.425;FGBX SI 20241206 PS;SIMPLE_INSTRUMENT;EFS;EUR;7;135.56000000;177;EXCHANGE_LAST;;1;1;XEUR;10804526;691;
25.11.2024;10:20:35.225;FGBX SI 20241206 PS;SIMPLE_INSTRUMENT;EFS;EUR;8;135.50000000;709;EXCHANGE_LAST;;1;1;XEUR;10804526;691;
25.11.2024;10:46:15.299;FGBX SI 20241206 PS;SIMPLE_INSTRUMENT;EFS;EUR;13;135.52000000;709;EXCHANGE_LAST;;1;1;XEUR;10804526;691;
25.11.2024;11:20:15.207;FGBX SI 20241206 PS;SIMPLE_INSTRUMENT;EFP_FIN;EUR;16;135.62000000;86;EXCHANGE_LAST;;1;1;XEUR;10804526;691;
25.11.2024;11:49:53.474;FGBX SI 20241206 PS;SIMPLE_INSTRUMENT;EFS;EUR;19;135.74000000;531;EXCHANGE_LAST;;1;1;XEUR;10804526;691;
25.11.2024;11:50:35.083;FGBX SI 20241206 PS;SIMPLE_INSTRUMENT;EFS;EUR;20;135.72000000;51;EXCHANGE_LAST;;1;1;XEUR;10804526;691;
25.11.2024;11:53:50.134;FGBX SI 20241206 PS;SIMPLE_INSTRUMENT;EFP_FIN;EUR;21;135.66000000;178;EXCHANGE_LAST;;1;1;XEUR;10804526;691;
25.11.2024;11:58:24.534;FGBX SI 20241206 PS;SIMPLE_INSTRUMENT;EFP_FIN;EUR;23;135.56000000;260;EXCHANGE_LAST;;1;1;XEUR;10804526;691;
25.11.2024;12:08:06.529;FGBX SI 20241206 PS;SIMPLE_INSTRUMENT;EFS;EUR;24;135.52000000;531;EXCHANGE_LAST;;1;1;XEUR;10804526;691;
25.11.2024;12:10:59.833;FGBX SI 20241206 PS;SIMPLE_INSTRUMENT;EFP_FIN;EUR;26;135.54000000;85;EXCHANGE_LAST;;1;1;XEUR;10804526;691;
25.11.2024;12:41:09.747;FGBX SI 20241206 PS;SIMPLE_INSTRUMENT;EFP_FIN;EUR;29;135.64000000;62;EXCHANGE_LAST;;1;1;XEUR;10804526;691;
25.11.2024;13:08:44.961;FGBX SI 20241206 PS;SIMPLE_INSTRUMENT;EFP_FIN;EUR;32;135.32000000;74;EXCHANGE_LAST;;1;1;XEUR;10804526;691;
25.11.2024;13:21:21.912;FGBX SI 20241206 PS;SIMPLE_INSTRUMENT;EFP_FIN;EUR;33;135.48000000;222;EXCHANGE_LAST;;1;1;XEUR;10804526;691;
25.11.2024;13:24:02.891;FGBX SI 20241206 PS;SIMPLE_INSTRUMENT;EFP_FIN;EUR;34;136.22000000;148;EXCHANGE_LAST;;1;1;XEUR;10804526;691;
25.11.2024;13:44:13.519;FGBX SI 20241206 PS;SIMPLE_INSTRUMENT;EFS;EUR;35;135.56000000;177;EXCHANGE_LAST;;1;1;XEUR;10804526;691;
25.11.2024;14:51:08.868;FGBX SI 20241206 PS;SIMPLE_INSTRUMENT;EFS;EUR;38;136.42000000;350;EXCHANGE_LAST;;1;1;XEUR;10804526;691;
25.11.2024;14:55:26.836;FGBX SI 20241206 PS;SIMPLE_INSTRUMENT;EFS;EUR;39;136.48000000;450;EXCHANGE_LAST;;1;1;XEUR;10804526;691;
25.11.2024;15:03:21.602;FGBX SI 20241206 PS;SIMPLE_INSTRUMENT;EFS;EUR;40;136.54000000;232;EXCHANGE_LAST;;1;1;XEUR;10804526;691;
25.11.2024;15:08:28.292;FGBX SI 20241206 PS;SIMPLE_INSTRUMENT;EFS;EUR;41;136.56000000;185;EXCHANGE_LAST;;1;1;XEUR;10804526;691;
25.11.2024;15:13:36.630;FGBX SI 20241206 PS;SIMPLE_INSTRUMENT;EFS;EUR;42;136.48000000;175;EXCHANGE_LAST;;1;1;XEUR;10804526;691;
25.11.2024;15:28:34.906;FGBX SI 20241206 PS;SIMPLE_INSTRUMENT;EFP_FIN;EUR;43;136.52000000;74;EXCHANGE_LAST;;1;1;XEUR;10804526;691;
25.11.2024;15:32:21.535;FGBX SI 20241206 PS;SIMPLE_INSTRUMENT;EFP_FIN;EUR;44;136.44000000;74;EXCHANGE_LAST;;1;1;XEUR;10804526;691;
25.11.2024;16:20:31.494;FGBX SI 20241206 PS;SIMPLE_INSTRUMENT;EFS;EUR;45;136.54000000;33;EXCHANGE_LAST;;1;1;XEUR;10804526;691;
25.11.2024;07:44:00.869;FGBX SI 20250306 PS;SIMPLE_INSTRUMENT;VOLA;EUR;268435459;135.80000000;17;EXCHANGE_LAST;;1;1;XEUR;11286682;691;
25.11.2024;08:07:43.757;FGBX SI 20250306 PS;SIMPLE_INSTRUMENT;VOLA;EUR;268435465;135.80000000;33;EXCHANGE_LAST;;1;1;XEUR;11286682;691;
25.11.2024;08:13:35.536;FGBX SI 20250306 PS;SIMPLE_INSTRUMENT;VOLA;EUR;268435472;135.80000000;28;EXCHANGE_LAST;;1;1;XEUR;11286682;691;
25.11.2024;10:16:32.015;FIA5 SI 20241219 PS AM P 12.00 0;SIMPLE_INSTRUMENT;BLOCK;EUR;3;0.19000000;500;EXCHANGE_LAST;;1;1;XEUR;8767640;48227;
25.11.2024;10:54:03.954;FIA5 SI 20241219 PS AM P 12.00 0;SIMPLE_INSTRUMENT;BLOCK;EUR;9;0.19000000;300;EXCHANGE_LAST;;1;1;XEUR;8767640;48227;
25.11.2024;11:06:49.159;FIA5 SI 20241219 PS AM C 14.00 0;SIMPLE_INSTRUMENT;BLOCK;EUR;10;0.08000000;400;EXCHANGE_LAST;;1;1;XEUR;8767622;48227;
25.11.2024;15:25:21.301;FIA5.O.241125.BLT.000003;STANDARD_OPTION_STRATEGY;BLOCK;EUR;27;0.26000000;1500;EXCHANGE_LAST;;1;2;XEUR;72264727425718827;48227;
25.11.2024;15:25:21.301;FIA5 SI 20241219 PS AM C 15.00 0;SIMPLE_INSTRUMENT;BLOCK;EUR;27;0.03000000;1500;PRC_DECOMP_MEMBER;;;;XEUR;10375986;48227;MEMBER
25.11.2024;15:25:21.301;FIA5 SI 20250320 PS AM C 15.00 0;SIMPLE_INSTRUMENT;BLOCK;EUR;27;0.29000000;1500;PRC_DECOMP_MEMBER;;;;XEUR;10824872;48227;MEMBER
25.11.2024;16:43:58.221;FIA5.O.241125.BRT.000004;STANDARD_OPTION_STRATEGY;BLOCK;EUR;30;0.43000000;1500;EXCHANGE_LAST;;2;1;XEUR;72264727425718828;48227;
25.11.2024;16:43:58.221;FIA5 SI 20250320 PS AM P 13.00 0;SIMPLE_INSTRUMENT;BLOCK;EUR;30;0.93750000;1500;PRC_DECOMP_EXCHANGE;;;;XEUR;10824869;48227;EXCHANGE
25.11.2024;16:43:58.221;FIA5 SI 20241219 PS AM P 13.00 0;SIMPLE_INSTRUMENT;BLOCK;EUR;30;0.50750000;1500;PRC_DECOMP_EXCHANGE;;;;XEUR;10375983;48227;EXCHANGE
25.11.2024;08:51:00.136;FMAE SI 20241220 CS;SIMPLE_INSTRUMENT;BLOCK;EUR;29;418.35800000;200;EXCHANGE_LAST;;1;1;XEUR;7193451;48921;
25.11.2024;01:03:08.852;FMAU SI 20241220 CS;SIMPLE_INSTRUMENT;BLOCK;USD;4;5975.41400000;96;EXCHANGE_LAST;;1;1;XEUR;7192605;45287;
25.11.2024;05:39:34.232;FMAU SI 20241220 CS;SIMPLE_INSTRUMENT;BLOCK;USD;12;5975.41100000;292;EXCHANGE_LAST;;1;1;XEUR;7192605;45287;
25.11.2024;16:39:42.459;FMCP SI 20241220 CS;SIMPLE_INSTRUMENT;EFP_IDX;EUR;29;537.00000000;43;EXCHANGE_LAST;;1;1;XEUR;10838961;662;
25.11.2024;16:39:57.365;FMCP SI 20241220 CS;SIMPLE_INSTRUMENT;EFP_IDX;EUR;31;536.90000000;172;EXCHANGE_LAST;;1;1;XEUR;10838961;662;
25.11.2024;00:33:20.822;FMEA SI 20241220 CS;SIMPLE_INSTRUMENT;BLOCK;USD;1;687.41600000;54;EXCHANGE_LAST;;1;1;XEUR;7191938;12395;
25.11.2024;02:40:21.567;FMEA SI 20241220 CS;SIMPLE_INSTRUMENT;BLOCK;USD;6;687.27900000;54;EXCHANGE_LAST;;1;1;XEUR;7191938;12395;
25.11.2024;03:54:24.284;FMEA SI 20241220 CS;SIMPLE_INSTRUMENT;BLOCK;USD;8;687.14200000;5722;EXCHANGE_LAST;;1;1;XEUR;7191938;12395;
25.11.2024;08:21:20.285;FMEE SI 20241220 CS;SIMPLE_INSTRUMENT;BLOCK;USD;26;311.92800000;438;EXCHANGE_LAST;;1;1;XEUR;7191941;12396;
25.11.2024;08:39:44.035;FMEL SI 20241220 CS;SIMPLE_INSTRUMENT;BLOCK;USD;27;523.15500000;159;EXCHANGE_LAST;;1;1;XEUR;7191942;12397;
25.11.2024;07:08:14.384;FMEN SI 20241220 CS;SIMPLE_INSTRUMENT;BLOCK;EUR;14;522.96500000;176;EXCHANGE_LAST;;1;1;XEUR;7192297;30652;
25.11.2024;07:40:26.239;FMES SI 20241220 CS;SIMPLE_INSTRUMENT;BLOCK;EUR;18;554.68500000;19;EXCHANGE_LAST;;1;1;XEUR;7194760;221291;
25.11.2024;07:41:33.558;FMES SI 20241220 CS;SIMPLE_INSTRUMENT;BLOCK;EUR;19;554.68500000;45;EXCHANGE_LAST;;1;1;XEUR;7194760;221291;
25.11.2024;08:40:58.097;FMGC SI 20241220 CS;SIMPLE_INSTRUMENT;BLOCK;USD;28;13280.24000000;15;EXCHANGE_LAST;;1;1;XEUR;7193447;48916;
25.11.2024;08:03:22.846;FMGD SI 20241220 CS;SIMPLE_INSTRUMENT;BLOCK;USD;23;2822.87000000;1328;EXCHANGE_LAST;;1;1;XEUR;8609345;583624;
25.11.2024;14:56:50.673;FMGO SI 20241220 CS;SIMPLE_INSTRUMENT;BLOCK;USD;34;5333.00000000;34;EXCHANGE_LAST;;1;1;XEUR;8609363;583623;
25.11.2024;05:39:42.500;FMHK SI 20241220 CS;SIMPLE_INSTRUMENT;BLOCK;USD;11;56252.15800000;25;EXCHANGE_LAST;;1;1;XEUR;7192592;45282;
25.11.2024;08:02:26.195;FMHK SI 20241220 CS;SIMPLE_INSTRUMENT;BLOCK;USD;22;56050.00000000;27;EXCHANGE_LAST;;1;1;XEUR;7192592;45282;
25.11.2024;02:57:41.863;FMID SI 20241220 CS;SIMPLE_INSTRUMENT;BLOCK;USD;4;1668.10200000;180;EXCHANGE_LAST;;1;1;XEUR;7192610;45289;
25.11.2024;00:35:55.818;FMIN SI 20241220 CS;SIMPLE_INSTRUMENT;BLOCK;USD;2;1273.13100000;24;EXCHANGE_LAST;;1;1;XEUR;7191968;12404;
25.11.2024;00:45:41.723;FMIN SI 20241220 CS;SIMPLE_INSTRUMENT;EFP_IDX;USD;3;1272.74700000;80;EXCHANGE_LAST;;1;1;XEUR;7191968;12404;
25.11.2024;04:23:06.182;FMIN SI 20241220 CS;SIMPLE_INSTRUMENT;BLOCK;USD;10;1297.00000000;11;EXCHANGE_LAST;;1;1;XEUR;7191968;12404;
25.11.2024;07:44:33.524;FMIN SI 20241220 CS;SIMPLE_INSTRUMENT;BLOCK;USD;16;1272.11700000;40;EXCHANGE_LAST;;1;1;XEUR;7191968;12404;
25.11.2024;08:05:32.785;FMIN SI 20241220 CS;SIMPLE_INSTRUMENT;EFP_IDX;USD;24;1273.06000000;102;EXCHANGE_LAST;;1;1;XEUR;7191968;12404;
25.11.2024;10:26:31.921;FMIN SI 20241220 CS;SIMPLE_INSTRUMENT;BLOCK;USD;30;1293.60000000;84;EXCHANGE_LAST;;1;1;XEUR;7191968;12404;
25.11.2024;11:45:37.198;FMIN SI 20241220 CS;SIMPLE_INSTRUMENT;BLOCK;USD;32;1273.00000000;126;EXCHANGE_LAST;;1;1;XEUR;7191968;12404;
25.11.2024;01:06:20.893;FMJP SI 20241220 CS;SIMPLE_INSTRUMENT;BLOCK;USD;5;8465.15500000;192;EXCHANGE_LAST;;1;1;XEUR;7190889;661;
25.11.2024;07:10:54.059;FMMY SI 20241220 CS;SIMPLE_INSTRUMENT;BLOCK;USD;15;387.60000000;35;EXCHANGE_LAST;;1;1;XEUR;7191971;12405;
25.11.2024;02:20:27.120;FMPH SI 20241220 CS;SIMPLE_INSTRUMENT;BLOCK;USD;3;438.60000000;59;EXCHANGE_LAST;;1;1;XEUR;7191985;12548;
25.11.2024;16:46:40.676;FMPX SI 20241220 CS;SIMPLE_INSTRUMENT;BLOCK;USD;44;8374.69600000;2;EXCHANGE_LAST;;1;1;XEUR;7192613;45291;
25.11.2024;16:47:02.985;FMPX SI 20241220 CS;SIMPLE_INSTRUMENT;BLOCK;USD;45;8374.69600000;253;EXCHANGE_LAST;;1;1;XEUR;7192613;45291;
25.11.2024;16:43:29.754;FMQA SI 20241220 CS;SIMPLE_INSTRUMENT;EFP_IDX;USD;6;1671.79000000;270;EXCHANGE_LAST;;1;1;XEUR;7192604;45285;
25.11.2024;12:56:09.329;FMSA SI 20241220 CS;SIMPLE_INSTRUMENT;BLOCK;USD;33;1756.21100000;327;EXCHANGE_LAST;;1;1;XEUR;7194630;134861;
25.11.2024;16:47:37.218;FMSA SI 20241220 CS;SIMPLE_INSTRUMENT;EFP_IDX;USD;46;1756.85000000;115;EXCHANGE_LAST;;1;1;XEUR;7194630;134861;
25.11.2024;04:22:11.152;FMTH SI 20241220 CS;SIMPLE_INSTRUMENT;BLOCK;USD;9;1213.50000000;117;EXCHANGE_LAST;;1;1;XEUR;7192052;12681;
25.11.2024;00:16:44.665;FMTW SI 20241220 CS;SIMPLE_INSTRUMENT;BLOCK;USD;1;821.91700000;346;EXCHANGE_LAST;;1;1;XEUR;7193559;51884;
25.11.2024;01:45:54.776;FMTW SI 20241220 CS;SIMPLE_INSTRUMENT;BLOCK;USD;2;822.08100000;606;EXCHANGE_LAST;;1;1;XEUR;7193559;51884;
25.11.2024;12:55:56.142;FMUA SI 20241220 CS;SIMPLE_INSTRUMENT;BLOCK;USD;5;799.08600000;88;EXCHANGE_LAST;;1;1;XEUR;7192603;45284;
25.11.2024;16:53:09.289;FMUA SI 20241220 CS;SIMPLE_INSTRUMENT;EFP_IDX;USD;7;800.03000000;10;EXCHANGE_LAST;;1;1;XEUR;7192603;45284;
25.11.2024;07:51:51.820;FMWN SI 20241220 CS;SIMPLE_INSTRUMENT;EFP_IDX;EUR;20;587.78000000;42;EXCHANGE_LAST;;1;1;XEUR;7192300;30654;
25.11.2024;07:00:01.701;FMWO SI 20241220 CS;SIMPLE_INSTRUMENT;EFP_IDX;USD;13;11950.04000000;268;EXCHANGE_LAST;;1;1;XEUR;7191849;7059;
25.11.2024;07:59:37.038;FMWO SI 20241220 CS;SIMPLE_INSTRUMENT;EFP_IDX;USD;21;11950.44000000;76;EXCHANGE_LAST;;1;1;XEUR;7191849;7059;
25.11.2024;08:06:41.165;FMWO SI 20241220 CS;SIMPLE_INSTRUMENT;EFP_IDX;USD;25;11949.69000000;129;EXCHANGE_LAST;;1;1;XEUR;7191849;7059;
25.11.2024;21:28:10.143;FMWO SI 20241220 CS;SIMPLE_INSTRUMENT;EFP_IDX;USD;49;11994.58000000;755;EXCHANGE_LAST;;1;1;XEUR;7191849;7059;
25.11.2024;07:35:55.393;FMXG SI 20241220 CS;SIMPLE_INSTRUMENT;BLOCK;EUR;17;354.27900000;1984;EXCHANGE_LAST;;1;1;XEUR;7194562;124306;
25.11.2024;11:19:37.090;FO4I SI 20241220 CS;SIMPLE_INSTRUMENT;BLOCK;EUR;23;47.61000000;7500;EXCHANGE_LAST;;1;1;XEUR;7051046;57111;
25.11.2024;11:23:55.576;FO4I SI 20241220 CS;SIMPLE_INSTRUMENT;BLOCK;EUR;24;47.61000000;5000;EXCHANGE_LAST;;1;1;XEUR;7051046;57111;
25.11.2024;11:57:24.251;FO4I SI 20241220 CS;SIMPLE_INSTRUMENT;BLOCK;EUR;27;47.63130000;8000;EXCHANGE_LAST;;1;1;XEUR;7051046;57111;
25.11.2024;08:48:39.826;FOAT SI 20241206 PS;SIMPLE_INSTRUMENT;EFP_FIN;EUR;1;125.46000000;226;EXCHANGE_LAST;;1;1;XEUR;10804528;749;
25.11.2024;08:46:09.683;FOAT SI 20241206 PS;SIMPLE_INSTRUMENT;EFP_FIN;EUR;2;125.46000000;226;EXCHANGE_LAST;;1;1;XEUR;10804528;749;
25.11.2024;08:52:56.954;FOAT SI 20241206 PS;SIMPLE_INSTRUMENT;EFP_FIN;EUR;3;125.50000000;175;EXCHANGE_LAST;;1;1;XEUR;10804528;749;
25.11.2024;09:33:42.315;FOAT SI 20241206 PS;SIMPLE_INSTRUMENT;BLOCK;EUR;4;125.28000000;1040;EXCHANGE_LAST;;1;1;XEUR;10804528;749;
25.11.2024;10:29:34.077;FOAT SI 20241206 PS;SIMPLE_INSTRUMENT;EFP_FIN;EUR;5;125.15000000;548;EXCHANGE_LAST;;1;1;XEUR;10804528;749;
25.11.2024;10:44:49.299;FOAT SI 20241206 PS;SIMPLE_INSTRUMENT;EFP_FIN;EUR;6;125.18000000;415;EXCHANGE_LAST;;1;1;XEUR;10804528;749;
25.11.2024;10:54:15.194;FOAT SI 20241206 PS;SIMPLE_INSTRUMENT;EFP_FIN;EUR;7;125.15000000;194;EXCHANGE_LAST;;1;1;XEUR;10804528;749;
25.11.2024;11:09:26.629;FOAT SI 20241206 PS;SIMPLE_INSTRUMENT;EFP_FIN;EUR;8;125.20000000;980;EXCHANGE_LAST;;1;1;XEUR;10804528;749;
25.11.2024;11:12:00.658;FOAT SI 20241206 PS;SIMPLE_INSTRUMENT;EFP_FIN;EUR;9;125.17000000;252;EXCHANGE_LAST;;1;1;XEUR;10804528;749;
25.11.2024;11:22:17.379;FOAT SI 20241206 PS;SIMPLE_INSTRUMENT;EFP_FIN;EUR;10;125.14000000;3322;EXCHANGE_LAST;;1;1;XEUR;10804528;749;
25.11.2024;11:34:17.761;FOAT SI 20241206 PS;SIMPLE_INSTRUMENT;EFP_FIN;EUR;11;125.17000000;1413;EXCHANGE_LAST;;1;1;XEUR;10804528;749;
25.11.2024;12:58:28.932;FOAT SI 20241206 PS;SIMPLE_INSTRUMENT;EFP_FIN;EUR;12;125.11000000;358;EXCHANGE_LAST;;1;1;XEUR;10804528;749;
25.11.2024;13:18:45.624;FOAT SI 20241206 PS;SIMPLE_INSTRUMENT;EFP_FIN;EUR;13;125.20000000;416;EXCHANGE_LAST;;1;1;XEUR;10804528;749;
25.11.2024;13:40:30.713;FOAT SI 20241206 PS;SIMPLE_INSTRUMENT;EFP_FIN;EUR;14;125.58000000;1453;EXCHANGE_LAST;;1;1;XEUR;10804528;749;
25.11.2024;13:40:30.713;FOAT SI 20241206 PS;SIMPLE_INSTRUMENT;EFP_FIN;EUR;15;125.58000000;830;EXCHANGE_LAST;;1;1;XEUR;10804528;749;
25.11.2024;13:49:34.504;FOAT SI 20241206 PS;SIMPLE_INSTRUMENT;EFP_FIN;EUR;16;125.48000000;353;EXCHANGE_LAST;;1;1;XEUR;10804528;749;
25.11.2024;14:03:35.353;FOAT SI 20241206 PS;SIMPLE_INSTRUMENT;EFP_FIN;EUR;17;125.56000000;255;EXCHANGE_LAST;;1;1;XEUR;10804528;749;
25.11.2024;14:58:21.961;FOAT SI 20241206 PS;SIMPLE_INSTRUMENT;EFS;EUR;18;125.67000000;687;EXCHANGE_LAST;;1;1;XEUR;10804528;749;
25.11.2024;15:30:34.601;FOAT SI 20241206 PS;SIMPLE_INSTRUMENT;EFP_FIN;EUR;19;125.64000000;414;EXCHANGE_LAST;;1;1;XEUR;10804528;749;
25.11.2024;15:35:32.677;FOAT SI 20241206 PS;SIMPLE_INSTRUMENT;EFP_FIN;EUR;20;125.63000000;87;EXCHANGE_LAST;;1;1;XEUR;10804528;749;
25.11.2024;15:36:48.552;FOAT SI 20241206 PS;SIMPLE_INSTRUMENT;EFP_FIN;EUR;21;125.63000000;79;EXCHANGE_LAST;;1;1;XEUR;10804528;749;
25.11.2024;15:58:15.865;FOAT SI 20241206 PS;SIMPLE_INSTRUMENT;EFS;EUR;22;125.63000000;1346;EXCHANGE_LAST;;1;1;XEUR;10804528;749;
25.11.2024;16:29:40.804;FOAT SI 20241206 PS;SIMPLE_INSTRUMENT;EFP_FIN;EUR;23;125.54000000;176;EXCHANGE_LAST;;1;1;XEUR;10804528;749;
25.11.2024;16:40:01.722;FOAT SI 20241206 PS;SIMPLE_INSTRUMENT;EFP_FIN;EUR;24;125.57000000;105;EXCHANGE_LAST;;1;1;XEUR;10804528;749;
25.11.2024;16:45:52.200;FOAT SI 20241206 PS;SIMPLE_INSTRUMENT;EFP_FIN;EUR;25;125.23000000;2166;EXCHANGE_LAST;;1;1;XEUR;10804528;749;
25.11.2024;16:48:24.750;FOAT SI 20241206 PS;SIMPLE_INSTRUMENT;EFP_FIN;EUR;26;125.57000000;281;EXCHANGE_LAST;;1;1;XEUR;10804528;749;
25.11.2024;16:51:26.258;FOAT SI 20241206 PS;SIMPLE_INSTRUMENT;EFP_FIN;EUR;27;125.57000000;213;EXCHANGE_LAST;;1;1;XEUR;10804528;749;
25.11.2024;16:53:01.264;FOAT SI 20241206 PS;SIMPLE_INSTRUMENT;EFP_FIN;EUR;28;125.57000000;207;EXCHANGE_LAST;;1;1;XEUR;10804528;749;
25.11.2024;16:55:08.772;FOAT SI 20241206 PS;SIMPLE_INSTRUMENT;EFP_FIN;EUR;29;125.57000000;189;EXCHANGE_LAST;;1;1;XEUR;10804528;749;
25.11.2024;16:39:31.892;FSCP SI 20241220 CS;SIMPLE_INSTRUMENT;EFP_IDX;EUR;28;336.80000000;544;EXCHANGE_LAST;;1;1;XEUR;10840104;764;
25.11.2024;16:39:46.606;FSCP SI 20241220 CS;SIMPLE_INSTRUMENT;EFP_IDX;EUR;30;336.90000000;136;EXCHANGE_LAST;;1;1;XEUR;10840104;764;
25.11.2024;16:40:10.201;FSCP SI 20241220 CS;SIMPLE_INSTRUMENT;EFP_IDX;EUR;32;336.80000000;190;EXCHANGE_LAST;;1;1;XEUR;10840104;764;
25.11.2024;16:40:29.139;FSCP SI 20241220 CS;SIMPLE_INSTRUMENT;EFP_IDX;EUR;33;336.90000000;190;EXCHANGE_LAST;;1;1;XEUR;10840104;764;
25.11.2024;16:48:36.991;FSEG SI 20241220 CS;SIMPLE_INSTRUMENT;EFP_IDX;EUR;39;189.20000000;929;EXCHANGE_LAST;;1;1;XEUR;10871764;109977;
25.11.2024;16:49:16.497;FSEG SI 20241220 CS;SIMPLE_INSTRUMENT;EFP_IDX;EUR;40;189.20000000;15;EXCHANGE_LAST;;1;1;XEUR;10871764;109977;
25.11.2024;16:49:28.057;FSEG SI 20241220 CS;SIMPLE_INSTRUMENT;EFP_IDX;EUR;41;189.30000000;3;EXCHANGE_LAST;;1;1;XEUR;10871764;109977;
25.11.2024;16:54:44.676;FSEG SI 20241220 CS;SIMPLE_INSTRUMENT;BLOCK;EUR;43;189.30000000;124;EXCHANGE_LAST;;1;1;XEUR;10871764;109977;
25.11.2024;16:54:48.332;FSEG SI 20241220 CS;SIMPLE_INSTRUMENT;BLOCK;EUR;44;189.00000000;53;EXCHANGE_LAST;;1;1;XEUR;10871764;109977;
25.11.2024;12:27:33.836;FSMI SI 20241220 CS;SIMPLE_INSTRUMENT;BLOCK;CHF;1;11708.00000000;500;EXCHANGE_LAST;;1;1;XEUR;7793735;757;
25.11.2024;13:00:55.910;FSMI SI 20241220 CS;SIMPLE_INSTRUMENT;BLOCK;CHF;2;11705.00000000;500;EXCHANGE_LAST;;1;1;XEUR;7793735;757;
25.11.2024;13:37:59.117;FSMI SI 20241220 CS;SIMPLE_INSTRUMENT;BLOCK;CHF;3;11705.00000000;500;EXCHANGE_LAST;;1;1;XEUR;7793735;757;
25.11.2024;16:35:09.617;FSMI SI 20241220 CS;SIMPLE_INSTRUMENT;EFP_IDX;CHF;4;11691.00000000;9;EXCHANGE_LAST;;1;1;XEUR;7793735;757;
25.11.2024;16:35:43.060;FSMI SI 20241220 CS;SIMPLE_INSTRUMENT;EFP_IDX;CHF;5;11690.00000000;99;EXCHANGE_LAST;;1;1;XEUR;7793735;757;
25.11.2024;16:38:16.253;FSMI SI 20241220 CS;SIMPLE_INSTRUMENT;EFP_IDX;CHF;6;11689.00000000;112;EXCHANGE_LAST;;1;1;XEUR;7793735;757;
25.11.2024;16:38:17.110;FSMI SI 20241220 CS;SIMPLE_INSTRUMENT;EFP_IDX;CHF;7;11688.00000000;409;EXCHANGE_LAST;;1;1;XEUR;7793735;757;
25.11.2024;16:39:57.102;FSMI SI 20241220 CS;SIMPLE_INSTRUMENT;EFP_IDX;CHF;8;11689.00000000;83;EXCHANGE_LAST;;1;1;XEUR;7793735;757;
25.11.2024;16:40:19.073;FSMI SI 20241220 CS;SIMPLE_INSTRUMENT;EFP_IDX;CHF;9;11690.00000000;437;EXCHANGE_LAST;;1;1;XEUR;7793735;757;
25.11.2024;16:46:38.416;FSMI SI 20241220 CS;SIMPLE_INSTRUMENT;EFP_IDX;CHF;10;11689.00000000;255;EXCHANGE_LAST;;1;1;XEUR;7793735;757;
25.11.2024;16:47:42.650;FSMI SI 20241220 CS;SIMPLE_INSTRUMENT;EFP_IDX;CHF;11;11690.00000000;368;EXCHANGE_LAST;;1;1;XEUR;7793735;757;
25.11.2024;16:42:37.955;FSTB SI 20241220 CS;SIMPLE_INSTRUMENT;EFP_IDX;EUR;34;203.60000000;331;EXCHANGE_LAST;;1;1;XEUR;10839561;714;
25.11.2024;16:53:17.406;FSTB SI 20241220 CS;SIMPLE_INSTRUMENT;EFP_IDX;EUR;42;204.25000000;109;EXCHANGE_LAST;;1;1;XEUR;10839561;714;
25.11.2024;16:48:11.671;FSTE SI 20241220 CS;SIMPLE_INSTRUMENT;EFP_IDX;EUR;6;343.20000000;60;EXCHANGE_LAST;;1;1;XEUR;10839564;719;
25.11.2024;16:48:24.299;FSTE SI 20241220 CS;SIMPLE_INSTRUMENT;EFP_IDX;EUR;7;343.30000000;95;EXCHANGE_LAST;;1;1;XEUR;10839564;719;
25.11.2024;16:49:53.547;FSTE SI 20241220 CS;SIMPLE_INSTRUMENT;BLOCK;EUR;8;344.30000000;310;EXCHANGE_LAST;;1;1;XEUR;10839564;719;
25.11.2024;16:49:58.222;FSTE SI 20241220 CS;SIMPLE_INSTRUMENT;BLOCK;EUR;9;344.40000000;250;EXCHANGE_LAST;;1;1;XEUR;10839564;719;
25.11.2024;16:47:04.758;FSTV SI 20241220 CS;SIMPLE_INSTRUMENT;EFP_IDX;EUR;4;269.10000000;111;EXCHANGE_LAST;;1;1;XEUR;10839571;731;
25.11.2024;16:47:15.351;FSTV SI 20241220 CS;SIMPLE_INSTRUMENT;EFP_IDX;EUR;5;269.20000000;259;EXCHANGE_LAST;;1;1;XEUR;10839571;731;
25.11.2024;16:47:28.514;FSTX SI 20241220 CS;SIMPLE_INSTRUMENT;EFP_IDX;EUR;37;4318.00000000;127;EXCHANGE_LAST;;1;1;XEUR;10839568;728;
25.11.2024;16:47:50.583;FSTX SI 20241220 CS;SIMPLE_INSTRUMENT;EFP_IDX;EUR;38;4319.00000000;13;EXCHANGE_LAST;;1;1;XEUR;10839568;728;
25.11.2024;09:32:35.307;FTE.O.241125.BRT12.000002;STANDARD_OPTION_STRATEGY;BLOCK;EUR;4;0.25000000;2000;EXCHANGE_LAST;;1;1;XEUR;72060703594262274;724;
25.11.2024;09:32:35.307;FTE SI 20250620 PS AM P 9.20 0;SIMPLE_INSTRUMENT;BLOCK;EUR;4;0.31000000;2000;PRC_DECOMP_EXCHANGE;;;;XEUR;11360243;724;EXCHANGE
25.11.2024;09:32:35.307;FTE SI 20241220 PS AM P 9.20 0;SIMPLE_INSTRUMENT;BLOCK;EUR;4;0.03000000;4000;PRC_DECOMP_EXCHANGE;;;;XEUR;10406224;724;EXCHANGE
25.11.2024;10:50:09.615;FTE SI 20241220 PS AM C 10.00 0;SIMPLE_INSTRUMENT;BLOCK;EUR;9;0.09000000;5000;EXCHANGE_LAST;;2;1;XEUR;6499596;724;
25.11.2024;10:50:15.952;FTE SI 20241220 PS AM C 10.00 0;SIMPLE_INSTRUMENT;BLOCK;EUR;10;0.10000000;5000;EXCHANGE_LAST;;2;1;XEUR;6499596;724;
25.11.2024;16:57:40.727;FTEG SI 20241220 CS;SIMPLE_INSTRUMENT;BLOCK;EUR;78;9.80340000;25000;EXCHANGE_LAST;;1;1;XEUR;7057046;390378;
25.11.2024;16:46:00.974;FXXP SI 20241220 CS;SIMPLE_INSTRUMENT;BLOCK;EUR;36;509.60000000;385;EXCHANGE_LAST;;1;1;XEUR;7793976;816;
25.11.2024;16:46:25.682;FXXP SI 20241220 CS;SIMPLE_INSTRUMENT;BLOCK;EUR;37;510.00000000;315;EXCHANGE_LAST;;1;1;XEUR;7793976;816;
25.11.2024;16:43:41.047;FXXP SI 20241220 CS;SIMPLE_INSTRUMENT;EFP_IDX;EUR;38;509.70000000;1618;EXCHANGE_LAST;;1;1;XEUR;7793976;816;
25.11.2024;16:43:57.280;FXXP SI 20241220 CS;SIMPLE_INSTRUMENT;EFP_IDX;EUR;39;509.80000000;1323;EXCHANGE_LAST;;1;1;XEUR;7793976;816;
25.11.2024;16:47:45.727;FXXP SI 20241220 CS;SIMPLE_INSTRUMENT;BLOCK;EUR;40;509.60000000;1155;EXCHANGE_LAST;;1;1;XEUR;7793976;816;
25.11.2024;16:47:25.228;FXXP SI 20241220 CS;SIMPLE_INSTRUMENT;BLOCK;EUR;41;510.00000000;945;EXCHANGE_LAST;;1;1;XEUR;7793976;816;
25.11.2024;16:45:36.572;FXXP SI 20241220 CS;SIMPLE_INSTRUMENT;BLOCK;EUR;42;509.70000000;2266;EXCHANGE_LAST;;1;1;XEUR;7793976;816;
25.11.2024;16:45:36.592;FXXP SI 20241220 CS;SIMPLE_INSTRUMENT;BLOCK;EUR;43;509.80000000;1512;EXCHANGE_LAST;;1;1;XEUR;7793976;816;
25.11.2024;16:54:30.718;FXXP SI 20241220 CS;SIMPLE_INSTRUMENT;BLOCK;EUR;47;510.00000000;672;EXCHANGE_LAST;;1;1;XEUR;7793976;816;
25.11.2024;16:54:14.678;FXXP SI 20241220 CS;SIMPLE_INSTRUMENT;BLOCK;EUR;48;509.50000000;528;EXCHANGE_LAST;;1;1;XEUR;7793976;816;
25.11.2024;10:54:00.291;FXXP SI 20241220 CS;SIMPLE_INSTRUMENT;VOLA;EUR;603979787;510.20000000;75;EXCHANGE_LAST;;1;1;XEUR;7793976;816;
25.11.2024;13:13:02.502;GAD.O.241125.BER.000002;STANDARD_OPTION_STRATEGY;BLOCK;CHF;29;1.14000000;300;EXCHANGE_LAST;;1;1;XEUR;75640391331742723;834185;
25.11.2024;13:13:02.502;GAD SI 20241220 PS AM P 82.00 0;SIMPLE_INSTRUMENT;BLOCK;CHF;29;0.37000000;300;PRC_DECOMP_EXCHANGE;;;;XEUR;11940785;834185;EXCHANGE
25.11.2024;13:13:02.502;GAD SI 20241220 PS AM P 88.00 0;SIMPLE_INSTRUMENT;BLOCK;CHF;29;1.51000000;300;PRC_DECOMP_EXCHANGE;;;;XEUR;11324188;834185;EXCHANGE
25.11.2024;13:47:10.097;GEBN SI 20251219 PS AM P 400.00 0;SIMPLE_INSTRUMENT;BLOCK;CHF;31;9.55000000;500;EXCHANGE_LAST;;1;1;XEUR;10407760;882;
25.11.2024;09:17:47.460;GLEN SI 20241220 PS AM C 400 0;SIMPLE_INSTRUMENT;BLOCK;GBX;1;8.75000000;700;EXCHANGE_LAST;;1;1;XEUR;9873139;864;
25.11.2024;16:39:02.309;GZF SI 20241220 PS AM P 14.00 0;SIMPLE_INSTRUMENT;BLOCK;EUR;35;0.04000000;4750;EXCHANGE_LAST;;2;1;XEUR;4647410;855;
25.11.2024;14:56:30.525;HEN3 SI 20251219 PS AM C 84.00 0;SIMPLE_INSTRUMENT;BLOCK;EUR;22;3.98000000;600;EXCHANGE_LAST;;1;1;XEUR;5932414;841;
25.11.2024;09:15:48.976;HMI SI 20250620 PS AM P 2160.00 0;SIMPLE_INSTRUMENT;BLOCK;EUR;3;206.00000000;50;EXCHANGE_LAST;;1;1;XEUR;11114328;950;
25.11.2024;14:13:59.994;HOLN SI 20241220 PS AM C 95.00 0;SIMPLE_INSTRUMENT;BLOCK;CHF;33;0.42000000;500;EXCHANGE_LAST;;1;1;XEUR;11986676;943;
25.11.2024;14:15:32.452;I3ES SI 20281215 CS;SIMPLE_INSTRUMENT;BLOCK;EUR;42;0.24000000;3000;EXCHANGE_LAST;;1;2;XEUR;9925053;913;
25.11.2024;14:56:27.162;I3ES SI 20251219 CS;SIMPLE_INSTRUMENT;BLOCK;EUR;52;0.33700000;1000;EXCHANGE_LAST;;1;1;XEUR;5914756;913;
25.11.2024;15:03:30.525;I3ES SI 20271217 CS;SIMPLE_INSTRUMENT;BLOCK;EUR;55;0.26000000;1000;EXCHANGE_LAST;;1;1;XEUR;8383274;913;
25.11.2024;15:44:46.925;I3ES SI 20271217 CS;SIMPLE_INSTRUMENT;BLOCK;EUR;64;0.26000000;600;EXCHANGE_LAST;;1;1;XEUR;8383274;913;
25.11.2024;10:16:49.289;I4NN SI 20261218 CS;SIMPLE_INSTRUMENT;BLOCK;EUR;13;0.95000000;800;EXCHANGE_LAST;;1;1;XEUR;9488387;669776;
25.11.2024;10:32:06.352;IESI.S.DEC24.MAR25.SPD;FUTURES_SPREAD;BLOCK;EUR;16;-0.02900000;23500;EXCHANGE_LAST;;1;2;XEUR;72061463803462908;901;
25.11.2024;10:32:06.352;IESI SI 20241219 CS;SIMPLE_INSTRUMENT;BLOCK;EUR;16;3.64430000;23500;PRC_DECOMP_EXCHANGE;;;;XEUR;7028775;901;EXCHANGE
25.11.2024;10:32:06.352;IESI SI 20250320 CS;SIMPLE_INSTRUMENT;BLOCK;EUR;16;3.67330000;23500;PRC_DECOMP_EXCHANGE;;;;XEUR;10688352;901;EXCHANGE
25.11.2024;12:54:32.709;IESI SI 20241219 CS;SIMPLE_INSTRUMENT;BLOCK;EUR;34;3.58860000;15500;EXCHANGE_LAST;;2;1;XEUR;7028775;901;
25.11.2024;16:00:12.730;IESI SI 20241219 CS;SIMPLE_INSTRUMENT;BLOCK;EUR;66;3.60860000;3000;EXCHANGE_LAST;;1;1;XEUR;7028775;901;
25.11.2024;08:25:13.284;IFX SI 20241129 PS AM C 30.50 0;SIMPLE_INSTRUMENT;BLOCK;EUR;1;0.42000000;1000;EXCHANGE_LAST;;1;1;XEUR;12076833;902;
25.11.2024;10:40:56.196;IFX.O.241125.BRT12.000008;STANDARD_OPTION_STRATEGY;BLOCK;EUR;9;0.22000000;2000;EXCHANGE_LAST;;1;1;XEUR;72061468098467822;902;
25.11.2024;10:40:56.196;IFX SI 20251219 PS AM P 28.00 0;SIMPLE_INSTRUMENT;BLOCK;EUR;9;2.92000000;2000;PRC_DECOMP_EXCHANGE;;;;XEUR;5933325;902;EXCHANGE
25.11.2024;10:40:56.196;IFX SI 20250321 PS AM P 28.00 0;SIMPLE_INSTRUMENT;BLOCK;EUR;9;1.35000000;4000;PRC_DECOMP_EXCHANGE;;;;XEUR;10842328;902;EXCHANGE
25.11.2024;11:33:37.057;IFX SI 20241220 PS AM P 26.00 0;SIMPLE_INSTRUMENT;BLOCK;EUR;12;0.13000000;1000;EXCHANGE_LAST;;1;1;XEUR;10408527;902;
25.11.2024;11:33:37.057;IFX SI 20241220 PS AM P 26.00 0;SIMPLE_INSTRUMENT;BLOCK;EUR;13;0.12000000;1000;EXCHANGE_LAST;;1;1;XEUR;10408527;902;
25.11.2024;12:03:40.333;IFX SI 20261218 PS AM P 24.00 0;SIMPLE_INSTRUMENT;BLOCK;EUR;14;2.67000000;1000;EXCHANGE_LAST;;1;1;XEUR;7289563;902;
25.11.2024;15:11:20.842;IFX.O.241125.BRT.000015;STANDARD_OPTION_STRATEGY;BLOCK;EUR;24;1.27000000;1000;EXCHANGE_LAST;;1;1;XEUR;72061468098467829;902;
25.11.2024;15:11:20.842;IFX SI 20241220 PS AM P 32.00 0;SIMPLE_INSTRUMENT;BLOCK;EUR;24;2.02000000;1000;PRC_DECOMP_EXCHANGE;;;;XEUR;4648444;902;EXCHANGE
25.11.2024;15:11:20.842;IFX SI 20250321 PS AM P 32.00 0;SIMPLE_INSTRUMENT;BLOCK;EUR;24;3.29000000;1000;PRC_DECOMP_EXCHANGE;;;;XEUR;10842317;902;EXCHANGE
25.11.2024;15:31:33.051;IFX SI 20241220 PS AM P 30.00 0;SIMPLE_INSTRUMENT;BLOCK;EUR;26;0.86000000;5000;EXCHANGE_LAST;;1;1;XEUR;10408521;902;
