#Date;TrdTime;Contract;ContractType;TrdTyp;Currency;TesId;Prc;Qty;TrdInd;Aggressor;Buy;Sell;Exch;InstrumentId;RelatedProdId;PrcDecomp
30.05.2025;14:51:36.179;A2SM SI 20251219 CS;SIMPLE_INSTRUMENT;BLOCK;EUR;44;6.70000000;140;EXCHANGE_LAST;;1;1;XEUR;5914264;15;
30.05.2025;14:19:42.176;ABBN SI 20250620 PS AM C 49.00 0;SIMPLE_INSTRUMENT;BLOCK;CHF;78;0.32000000;2572;EXCHANGE_LAST;;1;1;XEUR;11849039;574517;
30.05.2025;11:26:59.927;ADEN FI 20250625 CS EU C 24.4500 0;FLEXIBLE_INSTRUMENT;BLOCK;CHF;34;0.30000000;500;EXCHANGE_LAST;;1;1;XEUR;1152921693585424015;44;
30.05.2025;08:35:07.238;ADS SI 20250919 PS AM P 190.00 0;SIMPLE_INSTRUMENT;BLOCK;EUR;3;3.90000000;250;EXCHANGE_LAST;;1;1;XEUR;11870818;50;
30.05.2025;09:06:01.134;ADS.O.250530.STG.000003;STANDARD_OPTION_STRATEGY;BLOCK;EUR;6;31.00000000;300;EXCHANGE_LAST;;1;1;XEUR;72057808786333924;50;
30.05.2025;09:06:01.134;ADS SI 20251219 PS AM P 220.00 0;SIMPLE_INSTRUMENT;BLOCK;EUR;6;18.05000000;300;PRC_DECOMP_EXCHANGE;;;;XEUR;12430785;50;EXCHANGE
30.05.2025;09:06:01.134;ADS SI 20251219 PS AM C 240.00 0;SIMPLE_INSTRUMENT;BLOCK;EUR;6;12.95000000;300;PRC_DECOMP_EXCHANGE;;;;XEUR;5919899;50;EXCHANGE
30.05.2025;10:30:15.015;AHO SI 20250919 PS AM C 34.00 0;SIMPLE_INSTRUMENT;BLOCK;EUR;7;3.76000000;1000;EXCHANGE_LAST;;1;1;XEUR;11871197;68;
30.05.2025;11:54:52.108;AHO.O.250530.STG.000001;STANDARD_OPTION_STRATEGY;BLOCK;EUR;14;3.43000000;500;EXCHANGE_LAST;;1;1;XEUR;72057886095713317;68;
30.05.2025;11:54:52.108;AHO SI 20251219 PS AM P 36.00 0;SIMPLE_INSTRUMENT;BLOCK;EUR;14;1.72000000;500;PRC_DECOMP_EXCHANGE;;;;XEUR;5920360;68;EXCHANGE
30.05.2025;11:54:52.108;AHO SI 20251219 PS AM C 38.00 0;SIMPLE_INSTRUMENT;BLOCK;EUR;14;1.71000000;500;PRC_DECOMP_EXCHANGE;;;;XEUR;12431362;68;EXCHANGE
30.05.2025;08:16:29.165;ALC SI 20250620 PS AM P 76.00 0;SIMPLE_INSTRUMENT;BLOCK;CHF;9;4.27000000;300;EXCHANGE_LAST;;1;1;XEUR;7926497;130134;
30.05.2025;08:36:42.693;ALC SI 20250620 PS AM P 76.00 0;SIMPLE_INSTRUMENT;BLOCK;CHF;17;4.40000000;800;EXCHANGE_LAST;;1;1;XEUR;7926497;130134;
30.05.2025;11:31:58.545;ALC FI 20250625 CS EU C 75.7600 0;FLEXIBLE_INSTRUMENT;BLOCK;CHF;37;0.40000000;1000;EXCHANGE_LAST;;1;1;XEUR;1153480425880957665;130134;
30.05.2025;12:25:32.750;ALC.O.250530.BRT12.000003;STANDARD_OPTION_STRATEGY;BLOCK;CHF;61;1.36000000;550;EXCHANGE_LAST;;1;1;XEUR;72616515312041071;130134;
30.05.2025;12:25:32.750;ALC SI 20250620 PS AM P 68.00 0;SIMPLE_INSTRUMENT;BLOCK;CHF;61;0.32000000;1100;PRC_DECOMP_MEMBER;;;;XEUR;7926489;130134;MEMBER
30.05.2025;12:25:32.750;ALC SI 20251219 PS AM P 64.00 0;SIMPLE_INSTRUMENT;BLOCK;CHF;61;2.00000000;550;PRC_DECOMP_MEMBER;;;;XEUR;12477631;130134;MEMBER
30.05.2025;11:25:02.546;ALV SI 20281215 PS AM C 360.00 0;SIMPLE_INSTRUMENT;BLOCK;EUR;3;39.25000000;150;EXCHANGE_LAST;;1;1;XEUR;10394736;74;
30.05.2025;09:18:08.462;ANN SI 20251219 PS AM P 24.00 0;SIMPLE_INSTRUMENT;BLOCK;EUR;2;0.75000000;6000;EXCHANGE_LAST;;1;1;XEUR;7733120;45202;
30.05.2025;09:41:29.267;ANN SI 20260619 PS AM C 28.00 0;SIMPLE_INSTRUMENT;BLOCK;EUR;4;4.19000000;1000;EXCHANGE_LAST;;1;1;XEUR;9576339;45202;
30.05.2025;15:21:42.857;ASMH SI 20250620 CS;SIMPLE_INSTRUMENT;BLOCK;EUR;48;657.12000000;300;EXCHANGE_LAST;;1;1;XEUR;11191365;3979;
30.05.2025;11:56:44.473;BAEN FI 20250625 CS EU C 57.0500 0;FLEXIBLE_INSTRUMENT;BLOCK;CHF;45;0.58000000;400;EXCHANGE_LAST;;1;1;XEUR;1152922187506660070;159;
30.05.2025;12:27:40.222;BAEN SI 20250620 PS AM P 42.00 0;SIMPLE_INSTRUMENT;BLOCK;CHF;62;0.12000000;1000;EXCHANGE_LAST;;1;1;XEUR;11350893;159;
30.05.2025;11:31:25.523;BALN FI 20250625 CS EU C 201.0000 0;FLEXIBLE_INSTRUMENT;BLOCK;CHF;35;0.85000000;250;EXCHANGE_LAST;;1;1;XEUR;1152922135967048494;147;
30.05.2025;14:47:02.993;BAS SI 20251219 PS AM P 42.00 0;SIMPLE_INSTRUMENT;BLOCK;EUR;5;3.10000000;500;EXCHANGE_LAST;;1;1;XEUR;7509842;150;
30.05.2025;15:17:46.962;BAS.O.250530.CNV.000013;STANDARD_OPTION_STRATEGY;BLOCK;EUR;6;-0.80000000;1500;EXCHANGE_LAST;;1;1;XEUR;72058238283094636;150;
30.05.2025;15:17:46.962;BAS SI 20251219 PS AM C 44.00 0;SIMPLE_INSTRUMENT;BLOCK;EUR;6;3.23000000;1500;PRC_DECOMP_EXCHANGE;;;;XEUR;5951456;150;EXCHANGE
30.05.2025;15:17:46.962;BAS SI 20251219 PS AM P 44.00 0;SIMPLE_INSTRUMENT;BLOCK;EUR;6;4.03000000;1500;PRC_DECOMP_EXCHANGE;;;;XEUR;5951457;150;EXCHANGE
30.05.2025;08:36:21.619;BAY.O.250530.CNV.000020;STANDARD_OPTION_STRATEGY;BLOCK;EUR;1;1.18000000;2000;EXCHANGE_LAST;;1;2;XEUR;72058315592511880;168;
30.05.2025;08:36:21.619;BAY SI 20261218 PS AM C 24.00 0;SIMPLE_INSTRUMENT;BLOCK;EUR;1;5.27000000;2000;PRC_DECOMP_EXCHANGE;;;;XEUR;8112438;168;EXCHANGE
30.05.2025;08:36:21.619;BAY SI 20261218 PS AM P 24.00 0;SIMPLE_INSTRUMENT;BLOCK;EUR;1;4.09000000;2000;PRC_DECOMP_EXCHANGE;;;;XEUR;8112421;168;EXCHANGE
30.05.2025;08:34:58.168;BMW SI 20250620 PS AM C 84.00 0;SIMPLE_INSTRUMENT;BLOCK;EUR;5;0.52000000;750;EXCHANGE_LAST;;1;1;XEUR;7899911;210;
30.05.2025;10:58:32.495;BMW.O.250530.BUL.000012;STANDARD_OPTION_STRATEGY;BLOCK;EUR;10;3.73000000;1500;EXCHANGE_LAST;;3;1;XEUR;72058495981111536;210;
30.05.2025;10:58:32.495;BMW SI 20251219 PS AM C 100.00 0;SIMPLE_INSTRUMENT;BLOCK;EUR;10;1.29000000;1500;PRC_DECOMP_EXCHANGE;;;;XEUR;5923237;210;EXCHANGE
30.05.2025;10:58:32.495;BMW SI 20251219 PS AM C 84.00 0;SIMPLE_INSTRUMENT;BLOCK;EUR;10;5.02000000;1500;PRC_DECOMP_EXCHANGE;;;;XEUR;5923233;210;EXCHANGE
30.05.2025;10:00:52.190;BNP SI 20260619 PS AM P 78.00 0;SIMPLE_INSTRUMENT;BLOCK;EUR;3;9.74000000;1000;EXCHANGE_LAST;;1;1;XEUR;12761946;237;
30.05.2025;13:38:44.303;BNP.O.250530.BER.000004;STANDARD_OPTION_STRATEGY;BLOCK;EUR;5;5.19000000;1000;EXCHANGE_LAST;;1;1;XEUR;72058611945201524;237;
30.05.2025;13:38:44.303;BNP SI 20251219 PS AM P 82.00 0;SIMPLE_INSTRUMENT;BLOCK;EUR;5;9.44000000;1000;PRC_DECOMP_EXCHANGE;;;;XEUR;12761982;237;EXCHANGE
30.05.2025;13:38:44.303;BNP SI 20251219 PS AM P 72.00 0;SIMPLE_INSTRUMENT;BLOCK;EUR;5;4.25000000;1000;PRC_DECOMP_EXCHANGE;;;;XEUR;6371616;237;EXCHANGE
30.05.2025;11:13:39.728;BNPH SI 20250620 CS;SIMPLE_INSTRUMENT;BLOCK;EUR;12;77.50650000;15000;EXCHANGE_LAST;;1;1;XEUR;11170600;236;
30.05.2025;11:13:54.494;BNPP SI 20250620 PS;SIMPLE_INSTRUMENT;BLOCK;EUR;13;77.50000000;15000;EXCHANGE_LAST;;1;1;XEUR;11198930;124293;
30.05.2025;10:26:31.943;BPE.O.250530.STG.000002;STANDARD_OPTION_STRATEGY;BLOCK;EUR;8;1.69000000;1500;EXCHANGE_LAST;;1;1;XEUR;72058568995504163;227;
30.05.2025;10:26:31.943;BPE SI 20260618 PS AM P 7.20 0;SIMPLE_INSTRUMENT;BLOCK;EUR;8;0.88000000;1500;PRC_DECOMP_MEMBER;;;;XEUR;11336978;227;MEMBER
30.05.2025;10:26:31.943;BPE SI 20260618 PS AM C 8.00 0;SIMPLE_INSTRUMENT;BLOCK;EUR;8;0.81000000;1500;PRC_DECOMP_MEMBER;;;;XEUR;11336980;227;MEMBER
30.05.2025;11:50:38.244;C2SF SI 20250620 CS;SIMPLE_INSTRUMENT;BLOCK;EUR;20;2.85000000;170;EXCHANGE_LAST;;1;1;XEUR;10878577;300499;
30.05.2025;08:02:57.661;CFR SI 20261218 PS AM P 140.00 0;SIMPLE_INSTRUMENT;BLOCK;CHF;6;17.15000000;800;EXCHANGE_LAST;;1;2;XEUR;9996393;313;
30.05.2025;08:41:19.863;CFR SI 20250919 PS AM C 160.00 0;SIMPLE_INSTRUMENT;BLOCK;CHF;18;8.50000000;800;EXCHANGE_LAST;;1;2;XEUR;11876516;313;
30.05.2025;09:51:04.241;CFR SI 20260320 PS AM P 140.00 0;SIMPLE_INSTRUMENT;BLOCK;CHF;22;10.45000000;300;EXCHANGE_LAST;;1;1;XEUR;13000408;313;
30.05.2025;09:54:10.070;CFR SI 20260320 PS AM P 140.00 0;SIMPLE_INSTRUMENT;BLOCK;CHF;23;10.45000000;300;EXCHANGE_LAST;;1;1;XEUR;13000408;313;
30.05.2025;11:32:54.529;CFR FI 20250625 CS EU C 164.2000 0;FLEXIBLE_INSTRUMENT;BLOCK;CHF;38;1.37000000;450;EXCHANGE_LAST;;1;1;XEUR;1152922848931628672;313;
30.05.2025;11:38:57.447;CLN FI 20250625 CS EU C 9.3600 0;FLEXIBLE_INSTRUMENT;BLOCK;CHF;40;0.10000000;750;EXCHANGE_LAST;;1;1;XEUR;1152922775917178616;296;
30.05.2025;12:17:47.979;CMBN SI 20260320 PS AM P 96.00 0;SIMPLE_INSTRUMENT;BLOCK;CHF;55;5.05000000;400;EXCHANGE_LAST;;1;1;XEUR;13037231;108036;
30.05.2025;11:50:28.325;CSFF SI 20250620 CS;SIMPLE_INSTRUMENT;BLOCK;EUR;19;266.43690000;2000;EXCHANGE_LAST;;1;1;XEUR;11171927;332;
30.05.2025;12:34:05.727;D2TE SI 20271217 CS;SIMPLE_INSTRUMENT;BLOCK;EUR;30;1.08500000;350;EXCHANGE_LAST;;1;1;XEUR;8376884;359;
30.05.2025;13:08:23.621;D3AI.S.DEC26.DEC28.SPD;FUTURES_SPREAD;BLOCK;EUR;37;-0.07000000;150;EXCHANGE_LAST;;1;1;XEUR;73961110658613280;443197;
30.05.2025;13:08:23.621;D3AI SI 20281215 CS;SIMPLE_INSTRUMENT;BLOCK;EUR;37;2.62000000;150;PRC_DECOMP_MEMBER;;;;XEUR;7144065;443197;MEMBER
30.05.2025;13:08:23.621;D3AI SI 20261218 CS;SIMPLE_INSTRUMENT;BLOCK;EUR;37;2.55000000;150;PRC_DECOMP_MEMBER;;;;XEUR;7144051;443197;MEMBER
30.05.2025;09:44:23.116;DAI SI 20250620 PS AM P 52.00 0;SIMPLE_INSTRUMENT;BLOCK;EUR;6;0.94000000;750;EXCHANGE_LAST;;1;1;XEUR;7934288;443196;
30.05.2025;11:42:54.849;DAI SI 20250620 PS AM P 52.00 0;SIMPLE_INSTRUMENT;BLOCK;EUR;15;0.95000000;1000;EXCHANGE_LAST;;1;1;XEUR;7934288;443196;
30.05.2025;09:27:48.880;DPW SI 20291221 PS AM P 20.00 0;SIMPLE_INSTRUMENT;BLOCK;EUR;3;1.21000000;1000;EXCHANGE_LAST;;1;1;XEUR;12439666;445;
30.05.2025;11:12:42.873;DPW SI 20250919 PS AM C 42.00 0;SIMPLE_INSTRUMENT;BLOCK;EUR;13;1.22000000;1000;EXCHANGE_LAST;;1;2;XEUR;11878825;445;
30.05.2025;12:08:27.001;DPW SI 20250919 PS AM P 34.00 0;SIMPLE_INSTRUMENT;BLOCK;EUR;16;0.55000000;1000;EXCHANGE_LAST;;1;1;XEUR;11878894;445;
30.05.2025;10:17:21.732;DTE SI 20250919 PS AM P 33.00 0;SIMPLE_INSTRUMENT;BLOCK;EUR;6;1.27000000;1500;EXCHANGE_LAST;;1;1;XEUR;12795508;424;
30.05.2025;14:49:26.831;DUFN SI 20251219 PS AM P 40.00 0;SIMPLE_INSTRUMENT;BLOCK;CHF;83;1.33000000;1200;EXCHANGE_LAST;;1;2;XEUR;10402279;418;
30.05.2025;12:51:22.286;E2NL SI 20261218 CS;SIMPLE_INSTRUMENT;BLOCK;EUR;32;0.45700000;1000;EXCHANGE_LAST;;1;1;XEUR;4632356;471;
30.05.2025;12:51:36.582;E2NL SI 20261218 CS;SIMPLE_INSTRUMENT;BLOCK;EUR;33;0.45800000;1000;EXCHANGE_LAST;;1;1;XEUR;4632356;471;
30.05.2025;15:10:13.323;E2NL SI 20250919 CS;SIMPLE_INSTRUMENT;BLOCK;EUR;46;0.47000000;1320;EXCHANGE_LAST;;1;1;XEUR;11357671;471;
30.05.2025;10:18:46.150;E2NT SI 20281215 CS;SIMPLE_INSTRUMENT;BLOCK;EUR;6;0.80000000;1000;EXCHANGE_LAST;;1;1;XEUR;6802271;470;
30.05.2025;12:32:55.898;E2NT SI 20281215 CS;SIMPLE_INSTRUMENT;BLOCK;EUR;28;0.80000000;650;EXCHANGE_LAST;;1;2;XEUR;6802271;470;
30.05.2025;13:40:47.243;E2NT SI 20271217 CS;SIMPLE_INSTRUMENT;BLOCK;EUR;38;0.88500000;300;EXCHANGE_LAST;;1;1;XEUR;5914575;470;
30.05.2025;09:19:15.411;ENL5 SI 20260618 PS AM C 8.00 0;SIMPLE_INSTRUMENT;BLOCK;EUR;1;0.54000000;1500;EXCHANGE_LAST;;1;1;XEUR;9531374;500;
30.05.2025;09:19:26.412;ENL5 SI 20260618 PS AM P 8.00 0;SIMPLE_INSTRUMENT;BLOCK;EUR;2;0.69000000;1500;EXCHANGE_LAST;;1;1;XEUR;9531376;500;
30.05.2025;15:07:16.213;ENLH.S.JUN25.SEP25.SPD;FUTURES_SPREAD;BLOCK;EUR;45;0.18800000;3000;EXCHANGE_LAST;;1;1;XEUR;74312348789112883;524976;
30.05.2025;15:07:16.213;ENLH SI 20250619 CS;SIMPLE_INSTRUMENT;BLOCK;EUR;45;8.10800000;3000;PRC_DECOMP_MEMBER;;;;XEUR;11165313;524976;MEMBER
30.05.2025;15:07:16.213;ENLH SI 20250918 CS;SIMPLE_INSTRUMENT;BLOCK;EUR;45;7.92000000;3000;PRC_DECOMP_MEMBER;;;;XEUR;11694243;524976;MEMBER
30.05.2025;09:58:55.975;ENR.O.250530.BER-C.000009;STANDARD_OPTION_STRATEGY;BLOCK;EUR;5;0.25000000;256;EXCHANGE_LAST;;1;1;XEUR;73339770624820227;298530;
30.05.2025;09:58:55.975;ENR SI 20250620 PS AM P 80.00 0;SIMPLE_INSTRUMENT;BLOCK;EUR;5;2.04000000;256;PRC_DECOMP_MEMBER;;;;XEUR;12327351;298530;MEMBER
30.05.2025;09:58:55.975;ENR SI 20250620 PS AM P 83.00 0;SIMPLE_INSTRUMENT;BLOCK;EUR;5;3.12000000;256;PRC_DECOMP_MEMBER;;;;XEUR;13439546;298530;MEMBER
30.05.2025;09:58:55.975;ENR SI 20250620 PS AM C 96.00 0;SIMPLE_INSTRUMENT;BLOCK;EUR;5;0.83000000;256;PRC_DECOMP_MEMBER;;;;XEUR;12778152;298530;MEMBER
30.05.2025;12:25:05.470;ENR.O.250530.STD.000015;STANDARD_OPTION_STRATEGY;BLOCK;EUR;17;44.50000000;250;EXCHANGE_LAST;;1;1;XEUR;73339770624820233;298530;
30.05.2025;12:25:05.470;ENR SI 20261218 PS AM P 100.00 0;SIMPLE_INSTRUMENT;BLOCK;EUR;17;28.65000000;250;PRC_DECOMP_EXCHANGE;;;;XEUR;12484019;298530;EXCHANGE
30.05.2025;12:25:05.470;ENR SI 20261218 PS AM C 100.00 0;SIMPLE_INSTRUMENT;BLOCK;EUR;17;15.85000000;250;PRC_DECOMP_EXCHANGE;;;;XEUR;12484017;298530;EXCHANGE
30.05.2025;09:46:26.709;EOA SI 20251219 PS AM P 14.00 0;SIMPLE_INSTRUMENT;BLOCK;EUR;7;0.37000000;4000;EXCHANGE_LAST;;1;1;XEUR;5928472;49065;
30.05.2025;15:36:03.585;F3IA SI 20261218 CS;SIMPLE_INSTRUMENT;BLOCK;EUR;49;0.38700000;375;EXCHANGE_LAST;;1;1;XEUR;6830373;390387;
30.05.2025;15:36:04.006;F3IA SI 20261218 CS;SIMPLE_INSTRUMENT;BLOCK;EUR;50;0.38800000;375;EXCHANGE_LAST;;1;1;XEUR;6830373;390387;
30.05.2025;09:41:14.530;F3TE SI 20261218 CS;SIMPLE_INSTRUMENT;BLOCK;EUR;5;0.73600000;1200;EXCHANGE_LAST;;1;1;XEUR;6633899;390379;
30.05.2025;07:02:11.038;FBTP SI 20250606 PS;SIMPLE_INSTRUMENT;BLOCK;EUR;1;121.22000000;1500;EXCHANGE_LAST;;1;1;XEUR;11820365;636;
30.05.2025;07:39:31.130;FBTP SI 20250606 PS;SIMPLE_INSTRUMENT;BLOCK;EUR;2;121.23000000;1500;EXCHANGE_LAST;;1;1;XEUR;11820365;636;
30.05.2025;07:39:39.136;FBTP SI 20250908 PS;SIMPLE_INSTRUMENT;BLOCK;EUR;3;120.80000000;750;EXCHANGE_LAST;;1;1;XEUR;12372474;636;
30.05.2025;07:39:46.462;FBTP SI 20250908 PS;SIMPLE_INSTRUMENT;BLOCK;EUR;4;120.81000000;750;EXCHANGE_LAST;;1;1;XEUR;12372474;636;
30.05.2025;07:55:41.067;FBTP SI 20250606 PS;SIMPLE_INSTRUMENT;BLOCK;EUR;5;121.10000000;3534;EXCHANGE_LAST;;1;1;XEUR;11820365;636;
30.05.2025;07:55:46.892;FBTP SI 20250908 PS;SIMPLE_INSTRUMENT;BLOCK;EUR;6;120.68000000;1767;EXCHANGE_LAST;;1;1;XEUR;12372474;636;
30.05.2025;07:55:52.243;FBTP SI 20250908 PS;SIMPLE_INSTRUMENT;BLOCK;EUR;7;120.67000000;1767;EXCHANGE_LAST;;1;1;XEUR;12372474;636;
30.05.2025;07:56:55.832;FBTP SI 20250606 PS;SIMPLE_INSTRUMENT;BLOCK;EUR;8;121.10000000;1000;EXCHANGE_LAST;;1;1;XEUR;11820365;636;
30.05.2025;07:57:35.003;FBTP SI 20250908 PS;SIMPLE_INSTRUMENT;BLOCK;EUR;9;120.67000000;500;EXCHANGE_LAST;;1;1;XEUR;12372474;636;
30.05.2025;07:57:35.033;FBTP SI 20250908 PS;SIMPLE_INSTRUMENT;BLOCK;EUR;10;120.68000000;500;EXCHANGE_LAST;;1;1;XEUR;12372474;636;
30.05.2025;08:05:08.991;FBTP.S.JUN25.SEP25.SPD;FUTURES_SPREAD;BLOCK;EUR;11;0.43000000;250;EXCHANGE_LAST;;1;1;XEUR;72060325637128286;636;
30.05.2025;08:05:08.991;FBTP SI 20250908 PS;SIMPLE_INSTRUMENT;BLOCK;EUR;11;120.61000000;250;PRC_DECOMP_MEMBER;;;;XEUR;12372474;636;MEMBER
30.05.2025;08:05:08.991;FBTP SI 20250606 PS;SIMPLE_INSTRUMENT;BLOCK;EUR;11;121.04000000;250;PRC_DECOMP_MEMBER;;;;XEUR;11820365;636;MEMBER
30.05.2025;08:05:19.704;FBTP.S.JUN25.SEP25.SPD;FUTURES_SPREAD;BLOCK;EUR;12;0.42000000;250;EXCHANGE_LAST;;1;1;XEUR;72060325637128286;636;
30.05.2025;08:05:19.704;FBTP SI 20250606 PS;SIMPLE_INSTRUMENT;BLOCK;EUR;12;121.04000000;250;PRC_DECOMP_MEMBER;;;;XEUR;11820365;636;MEMBER
30.05.2025;08:05:19.704;FBTP SI 20250908 PS;SIMPLE_INSTRUMENT;BLOCK;EUR;12;120.62000000;250;PRC_DECOMP_MEMBER;;;;XEUR;12372474;636;MEMBER
30.05.2025;08:05:22.178;FBTP SI 20250606 PS;SIMPLE_INSTRUMENT;EFP_FIN;EUR;13;121.24000000;310;EXCHANGE_LAST;;1;1;XEUR;11820365;636;
30.05.2025;08:10:49.640;FBTP SI 20250606 PS;SIMPLE_INSTRUMENT;EFP_FIN;EUR;14;121.03000000;1274;EXCHANGE_LAST;;1;1;XEUR;11820365;636;
30.05.2025;08:11:29.558;FBTP SI 20250606 PS;SIMPLE_INSTRUMENT;BLOCK;EUR;15;121.01000000;10000;EXCHANGE_LAST;;1;1;XEUR;11820365;636;
30.05.2025;08:12:53.584;FBTP SI 20250908 PS;SIMPLE_INSTRUMENT;BLOCK;EUR;16;120.58000000;5000;EXCHANGE_LAST;;1;1;XEUR;12372474;636;
30.05.2025;08:13:02.923;FBTP SI 20250908 PS;SIMPLE_INSTRUMENT;BLOCK;EUR;17;120.59000000;5000;EXCHANGE_LAST;;1;1;XEUR;12372474;636;
30.05.2025;08:28:18.706;FBTP SI 20250606 PS;SIMPLE_INSTRUMENT;BLOCK;EUR;18;121.10000000;1000;EXCHANGE_LAST;;1;1;XEUR;11820365;636;
30.05.2025;08:28:55.598;FBTP SI 20250908 PS;SIMPLE_INSTRUMENT;BLOCK;EUR;19;120.67000000;500;EXCHANGE_LAST;;1;1;XEUR;12372474;636;
30.05.2025;08:28:55.618;FBTP SI 20250908 PS;SIMPLE_INSTRUMENT;BLOCK;EUR;20;120.68000000;500;EXCHANGE_LAST;;1;1;XEUR;12372474;636;
30.05.2025;08:47:22.027;FBTP SI 20250606 PS;SIMPLE_INSTRUMENT;BLOCK;EUR;21;120.99000000;1000;EXCHANGE_LAST;;1;1;XEUR;11820365;636;
30.05.2025;08:48:37.032;FBTP SI 20250908 PS;SIMPLE_INSTRUMENT;BLOCK;EUR;22;120.54000000;500;EXCHANGE_LAST;;1;1;XEUR;12372474;636;
30.05.2025;08:48:54.033;FBTP SI 20250908 PS;SIMPLE_INSTRUMENT;BLOCK;EUR;23;120.55000000;500;EXCHANGE_LAST;;1;1;XEUR;12372474;636;
30.05.2025;08:49:26.223;FBTP SI 20250606 PS;SIMPLE_INSTRUMENT;BLOCK;EUR;24;121.00000000;442;EXCHANGE_LAST;;1;1;XEUR;11820365;636;
30.05.2025;09:02:18.433;FBTP SI 20250606 PS;SIMPLE_INSTRUMENT;EFP_FIN;EUR;25;120.97000000;328;EXCHANGE_LAST;;1;1;XEUR;11820365;636;
30.05.2025;09:14:08.324;FBTP SI 20250606 PS;SIMPLE_INSTRUMENT;EFP_FIN;EUR;26;120.96000000;221;EXCHANGE_LAST;;1;1;XEUR;11820365;636;
30.05.2025;09:43:49.720;FBTP SI 20250606 PS;SIMPLE_INSTRUMENT;BLOCK;EUR;27;120.99000000;486;EXCHANGE_LAST;;1;1;XEUR;11820365;636;
30.05.2025;09:42:35.333;FBTP SI 20250606 PS;SIMPLE_INSTRUMENT;EFP_FIN;EUR;28;121.00000000;88;EXCHANGE_LAST;;1;1;XEUR;11820365;636;
30.05.2025;10:10:23.295;FBTP SI 20250606 PS;SIMPLE_INSTRUMENT;EFS;EUR;29;120.98000000;253;EXCHANGE_LAST;;1;1;XEUR;11820365;636;
30.05.2025;10:11:40.551;FBTP SI 20250908 PS;SIMPLE_INSTRUMENT;EFS;EUR;30;120.55000000;250;EXCHANGE_LAST;;1;1;XEUR;12372474;636;
30.05.2025;10:11:57.522;FBTP SI 20250606 PS;SIMPLE_INSTRUMENT;BLOCK;EUR;31;121.02000000;3000;EXCHANGE_LAST;;1;1;XEUR;11820365;636;
30.05.2025;10:12:27.382;FBTP SI 20250908 PS;SIMPLE_INSTRUMENT;BLOCK;EUR;32;120.59000000;1500;EXCHANGE_LAST;;1;1;XEUR;12372474;636;
30.05.2025;10:13:22.655;FBTP SI 20250908 PS;SIMPLE_INSTRUMENT;BLOCK;EUR;33;120.60000000;1500;EXCHANGE_LAST;;1;1;XEUR;12372474;636;
30.05.2025;10:14:10.445;FBTP SI 20250606 PS;SIMPLE_INSTRUMENT;BLOCK;EUR;34;121.00000000;10000;EXCHANGE_LAST;;1;1;XEUR;11820365;636;
30.05.2025;10:14:42.855;FBTP SI 20250606 PS;SIMPLE_INSTRUMENT;BLOCK;EUR;35;121.02000000;2000;EXCHANGE_LAST;;1;1;XEUR;11820365;636;
30.05.2025;10:14:54.522;FBTP SI 20250908 PS;SIMPLE_INSTRUMENT;BLOCK;EUR;36;120.57000000;5000;EXCHANGE_LAST;;1;1;XEUR;12372474;636;
30.05.2025;10:15:06.796;FBTP SI 20250908 PS;SIMPLE_INSTRUMENT;BLOCK;EUR;37;120.58000000;5000;EXCHANGE_LAST;;1;1;XEUR;12372474;636;
30.05.2025;10:15:16.887;FBTP SI 20250908 PS;SIMPLE_INSTRUMENT;BLOCK;EUR;38;120.59000000;960;EXCHANGE_LAST;;1;1;XEUR;12372474;636;
30.05.2025;10:15:42.179;FBTP SI 20250908 PS;SIMPLE_INSTRUMENT;BLOCK;EUR;39;120.60000000;960;EXCHANGE_LAST;;1;1;XEUR;12372474;636;
30.05.2025;10:17:36.532;FBTP SI 20250606 PS;SIMPLE_INSTRUMENT;EFP_FIN;EUR;40;121.02000000;167;EXCHANGE_LAST;;1;1;XEUR;11820365;636;
30.05.2025;11:00:19.598;FBTP SI 20250606 PS;SIMPLE_INSTRUMENT;BLOCK;EUR;41;121.10000000;913;EXCHANGE_LAST;;1;1;XEUR;11820365;636;
30.05.2025;11:00:51.535;FBTP SI 20250908 PS;SIMPLE_INSTRUMENT;BLOCK;EUR;42;120.67000000;456;EXCHANGE_LAST;;1;1;XEUR;12372474;636;
30.05.2025;11:00:51.555;FBTP SI 20250908 PS;SIMPLE_INSTRUMENT;BLOCK;EUR;43;120.68000000;457;EXCHANGE_LAST;;1;1;XEUR;12372474;636;
30.05.2025;11:06:12.954;FBTP SI 20250606 PS;SIMPLE_INSTRUMENT;EFP_FIN;EUR;44;120.93000000;2211;EXCHANGE_LAST;;1;1;XEUR;11820365;636;
30.05.2025;11:07:46.805;FBTP SI 20250606 PS;SIMPLE_INSTRUMENT;EFP_FIN;EUR;45;120.94000000;193;EXCHANGE_LAST;;1;1;XEUR;11820365;636;
30.05.2025;11:09:37.297;FBTP SI 20250606 PS;SIMPLE_INSTRUMENT;EFP_FIN;EUR;46;120.93000000;145;EXCHANGE_LAST;;1;1;XEUR;11820365;636;
30.05.2025;11:15:25.939;FBTP SI 20250606 PS;SIMPLE_INSTRUMENT;EFP_FIN;EUR;47;120.94000000;340;EXCHANGE_LAST;;1;1;XEUR;11820365;636;
30.05.2025;11:18:38.466;FBTP SI 20250606 PS;SIMPLE_INSTRUMENT;BLOCK;EUR;48;120.90000000;2819;EXCHANGE_LAST;;1;1;XEUR;11820365;636;
30.05.2025;11:18:55.468;FBTP SI 20250908 PS;SIMPLE_INSTRUMENT;BLOCK;EUR;49;120.48000000;1410;EXCHANGE_LAST;;1;1;XEUR;12372474;636;
30.05.2025;11:19:16.470;FBTP SI 20250908 PS;SIMPLE_INSTRUMENT;BLOCK;EUR;50;120.47000000;1409;EXCHANGE_LAST;;1;1;XEUR;12372474;636;
30.05.2025;11:19:53.472;FBTP SI 20250606 PS;SIMPLE_INSTRUMENT;BLOCK;EUR;51;120.90000000;3500;EXCHANGE_LAST;;1;1;XEUR;11820365;636;
30.05.2025;11:20:21.475;FBTP SI 20250908 PS;SIMPLE_INSTRUMENT;BLOCK;EUR;52;120.48000000;1750;EXCHANGE_LAST;;1;1;XEUR;12372474;636;
30.05.2025;11:20:36.476;FBTP SI 20250908 PS;SIMPLE_INSTRUMENT;BLOCK;EUR;53;120.47000000;1750;EXCHANGE_LAST;;1;1;XEUR;12372474;636;
30.05.2025;11:39:51.618;FBTP SI 20250606 PS;SIMPLE_INSTRUMENT;EFP_FIN;EUR;54;120.89000000;291;EXCHANGE_LAST;;1;1;XEUR;11820365;636;
30.05.2025;11:41:32.225;FBTP SI 20250606 PS;SIMPLE_INSTRUMENT;EFP_FIN;EUR;55;120.87000000;757;EXCHANGE_LAST;;1;1;XEUR;11820365;636;
30.05.2025;11:59:00.845;FBTP SI 20250606 PS;SIMPLE_INSTRUMENT;EFP_FIN;EUR;56;120.87000000;554;EXCHANGE_LAST;;1;1;XEUR;11820365;636;
30.05.2025;12:15:03.406;FBTP SI 20250606 PS;SIMPLE_INSTRUMENT;EFP_FIN;EUR;57;120.90000000;486;EXCHANGE_LAST;;1;1;XEUR;11820365;636;
30.05.2025;12:29:17.827;FBTP.S.JUN25.SEP25.SPD;FUTURES_SPREAD;BLOCK;EUR;58;0.42000000;250;EXCHANGE_LAST;;1;1;XEUR;72060325637128286;636;
30.05.2025;12:29:17.827;FBTP SI 20250908 PS;SIMPLE_INSTRUMENT;BLOCK;EUR;58;120.52000000;250;PRC_DECOMP_EXCHANGE;;;;XEUR;12372474;636;EXCHANGE
30.05.2025;12:29:17.827;FBTP SI 20250606 PS;SIMPLE_INSTRUMENT;BLOCK;EUR;58;120.94000000;250;PRC_DECOMP_EXCHANGE;;;;XEUR;11820365;636;EXCHANGE
30.05.2025;13:04:51.778;FBTP SI 20250606 PS;SIMPLE_INSTRUMENT;EFP_FIN;EUR;59;121.07000000;884;EXCHANGE_LAST;;1;1;XEUR;11820365;636;
30.05.2025;13:18:19.806;FBTP SI 20250606 PS;SIMPLE_INSTRUMENT;EFP_FIN;EUR;60;120.98000000;88;EXCHANGE_LAST;;1;1;XEUR;11820365;636;
30.05.2025;13:28:39.688;FBTP SI 20250606 PS;SIMPLE_INSTRUMENT;EFP_FIN;EUR;61;121.06000000;180;EXCHANGE_LAST;;1;1;XEUR;11820365;636;
30.05.2025;13:40:21.125;FBTP.S.JUN25.SEP25.SPD;FUTURES_SPREAD;BLOCK;EUR;62;0.43000000;503;EXCHANGE_LAST;;1;1;XEUR;72060325637128286;636;
30.05.2025;13:40:21.125;FBTP SI 20250606 PS;SIMPLE_INSTRUMENT;BLOCK;EUR;62;121.00000000;503;PRC_DECOMP_EXCHANGE;;;;XEUR;11820365;636;EXCHANGE
30.05.2025;13:40:21.125;FBTP SI 20250908 PS;SIMPLE_INSTRUMENT;BLOCK;EUR;62;120.57000000;503;PRC_DECOMP_EXCHANGE;;;;XEUR;12372474;636;EXCHANGE
30.05.2025;13:41:36.719;FBTP.S.JUN25.SEP25.SPD;FUTURES_SPREAD;BLOCK;EUR;63;0.42000000;504;EXCHANGE_LAST;;1;1;XEUR;72060325637128286;636;
30.05.2025;13:41:36.719;FBTP SI 20250606 PS;SIMPLE_INSTRUMENT;BLOCK;EUR;63;120.98000000;504;PRC_DECOMP_EXCHANGE;;;;XEUR;11820365;636;EXCHANGE
30.05.2025;13:41:36.719;FBTP SI 20250908 PS;SIMPLE_INSTRUMENT;BLOCK;EUR;63;120.56000000;504;PRC_DECOMP_EXCHANGE;;;;XEUR;12372474;636;EXCHANGE
30.05.2025;13:50:02.846;FBTP SI 20250606 PS;SIMPLE_INSTRUMENT;EFP_FIN;EUR;64;121.06000000;66;EXCHANGE_LAST;;1;1;XEUR;11820365;636;
30.05.2025;14:16:05.786;FBTP SI 20250606 PS;SIMPLE_INSTRUMENT;EFP_FIN;EUR;65;121.10000000;221;EXCHANGE_LAST;;1;1;XEUR;11820365;636;
30.05.2025;14:54:05.367;FBTP SI 20250606 PS;SIMPLE_INSTRUMENT;EFP_FIN;EUR;66;120.97000000;117;EXCHANGE_LAST;;1;1;XEUR;11820365;636;
30.05.2025;14:57:50.991;FBTP SI 20250606 PS;SIMPLE_INSTRUMENT;EFP_FIN;EUR;67;120.91000000;155;EXCHANGE_LAST;;1;1;XEUR;11820365;636;
30.05.2025;15:00:34.394;FBTP SI 20250606 PS;SIMPLE_INSTRUMENT;EFP_FIN;EUR;68;120.91000000;130;EXCHANGE_LAST;;1;1;XEUR;11820365;636;
30.05.2025;15:09:51.852;FBTP SI 20250606 PS;SIMPLE_INSTRUMENT;EFP_FIN;EUR;69;121.01000000;176;EXCHANGE_LAST;;1;1;XEUR;11820365;636;
30.05.2025;15:11:26.573;FBTP SI 20250606 PS;SIMPLE_INSTRUMENT;EFP_FIN;EUR;70;121.01000000;90;EXCHANGE_LAST;;1;1;XEUR;11820365;636;
30.05.2025;15:12:46.784;FBTP SI 20250606 PS;SIMPLE_INSTRUMENT;EFP_FIN;EUR;71;121.01000000;97;EXCHANGE_LAST;;1;1;XEUR;11820365;636;
30.05.2025;15:26:26.689;FBTP SI 20250606 PS;SIMPLE_INSTRUMENT;EFP_FIN;EUR;72;121.19000000;884;EXCHANGE_LAST;;1;1;XEUR;11820365;636;
30.05.2025;16:07:37.812;FBTP SI 20250606 PS;SIMPLE_INSTRUMENT;EFP_FIN;EUR;73;121.20000000;925;EXCHANGE_LAST;;1;1;XEUR;11820365;636;
30.05.2025;14:32:21.756;FBTP SI 20250908 PS;SIMPLE_INSTRUMENT;VOLA;EUR;268435527;120.65000000;100;EXCHANGE_LAST;;1;1;XEUR;12372474;636;
30.05.2025;07:15:38.152;FBTS.S.JUN25.SEP25.SPD;FUTURES_SPREAD;BLOCK;EUR;5;0.04000000;2000;EXCHANGE_LAST;;1;1;XEUR;72060338522030174;639;
30.05.2025;07:15:38.152;FBTS SI 20250606 PS;SIMPLE_INSTRUMENT;BLOCK;EUR;5;108.16000000;2000;PRC_DECOMP_EXCHANGE;;;;XEUR;11820367;639;EXCHANGE
30.05.2025;07:15:38.152;FBTS SI 20250908 PS;SIMPLE_INSTRUMENT;BLOCK;EUR;5;108.12000000;2000;PRC_DECOMP_EXCHANGE;;;;XEUR;12372476;639;EXCHANGE
30.05.2025;07:15:59.060;FBTS.S.JUN25.SEP25.SPD;FUTURES_SPREAD;BLOCK;EUR;6;0.05000000;2000;EXCHANGE_LAST;;1;1;XEUR;72060338522030174;639;
30.05.2025;07:15:59.060;FBTS SI 20250908 PS;SIMPLE_INSTRUMENT;BLOCK;EUR;6;108.12000000;2000;PRC_DECOMP_EXCHANGE;;;;XEUR;12372476;639;EXCHANGE
30.05.2025;07:15:59.060;FBTS SI 20250606 PS;SIMPLE_INSTRUMENT;BLOCK;EUR;6;108.17000000;2000;PRC_DECOMP_EXCHANGE;;;;XEUR;11820367;639;EXCHANGE
30.05.2025;07:21:39.688;FBTS SI 20250606 PS;SIMPLE_INSTRUMENT;BLOCK;EUR;8;108.17000000;500;EXCHANGE_LAST;;1;1;XEUR;11820367;639;
30.05.2025;07:22:03.802;FBTS SI 20250908 PS;SIMPLE_INSTRUMENT;BLOCK;EUR;9;108.12000000;250;EXCHANGE_LAST;;1;1;XEUR;12372476;639;
30.05.2025;07:22:03.823;FBTS SI 20250908 PS;SIMPLE_INSTRUMENT;BLOCK;EUR;10;108.13000000;250;EXCHANGE_LAST;;1;1;XEUR;12372476;639;
30.05.2025;07:23:04.706;FBTS SI 20250606 PS;SIMPLE_INSTRUMENT;BLOCK;EUR;11;108.16000000;1500;EXCHANGE_LAST;;1;1;XEUR;11820367;639;
30.05.2025;07:23:20.755;FBTS SI 20250606 PS;SIMPLE_INSTRUMENT;BLOCK;EUR;12;108.17000000;1500;EXCHANGE_LAST;;1;1;XEUR;11820367;639;
30.05.2025;07:23:36.407;FBTS SI 20250908 PS;SIMPLE_INSTRUMENT;BLOCK;EUR;13;108.12000000;3000;EXCHANGE_LAST;;1;1;XEUR;12372476;639;
30.05.2025;07:35:25.711;FBTS SI 20250606 PS;SIMPLE_INSTRUMENT;BLOCK;EUR;15;108.18000000;1000;EXCHANGE_LAST;;1;1;XEUR;11820367;639;
30.05.2025;07:36:10.714;FBTS SI 20250908 PS;SIMPLE_INSTRUMENT;BLOCK;EUR;16;108.14000000;500;EXCHANGE_LAST;;1;1;XEUR;12372476;639;
30.05.2025;07:36:31.715;FBTS SI 20250908 PS;SIMPLE_INSTRUMENT;BLOCK;EUR;17;108.13000000;500;EXCHANGE_LAST;;1;1;XEUR;12372476;639;
30.05.2025;08:11:51.091;FBTS SI 20250606 PS;SIMPLE_INSTRUMENT;EFP_FIN;EUR;24;108.15000000;1752;EXCHANGE_LAST;;1;1;XEUR;11820367;639;
30.05.2025;08:34:54.719;FBTS SI 20250606 PS;SIMPLE_INSTRUMENT;EFP_FIN;EUR;27;108.13000000;1331;EXCHANGE_LAST;;1;1;XEUR;11820367;639;
30.05.2025;08:56:30.440;FBTS SI 20250606 PS;SIMPLE_INSTRUMENT;BLOCK;EUR;28;108.12000000;2000;EXCHANGE_LAST;;1;1;XEUR;11820367;639;
30.05.2025;08:56:47.441;FBTS SI 20250908 PS;SIMPLE_INSTRUMENT;BLOCK;EUR;29;108.09000000;1000;EXCHANGE_LAST;;1;1;XEUR;12372476;639;
30.05.2025;08:56:59.442;FBTS SI 20250908 PS;SIMPLE_INSTRUMENT;BLOCK;EUR;30;108.08000000;1000;EXCHANGE_LAST;;1;1;XEUR;12372476;639;
30.05.2025;09:05:32.637;FBTS SI 20250606 PS;SIMPLE_INSTRUMENT;EFP_FIN;EUR;36;108.12000000;409;EXCHANGE_LAST;;1;1;XEUR;11820367;639;
30.05.2025;09:10:19.277;FBTS SI 20250606 PS;SIMPLE_INSTRUMENT;EFP_FIN;EUR;37;108.12000000;543;EXCHANGE_LAST;;1;1;XEUR;11820367;639;
30.05.2025;09:17:28.656;FBTS SI 20250606 PS;SIMPLE_INSTRUMENT;EFP_FIN;EUR;38;108.13000000;1324;EXCHANGE_LAST;;1;1;XEUR;11820367;639;
30.05.2025;09:34:04.187;FBTS.S.JUN25.SEP25.SPD;FUTURES_SPREAD;BLOCK;EUR;41;0.04000000;250;EXCHANGE_LAST;;1;1;XEUR;72060338522030174;639;
30.05.2025;09:34:04.187;FBTS SI 20250606 PS;SIMPLE_INSTRUMENT;BLOCK;EUR;41;108.13000000;250;PRC_DECOMP_MEMBER;;;;XEUR;11820367;639;MEMBER
30.05.2025;09:34:04.187;FBTS SI 20250908 PS;SIMPLE_INSTRUMENT;BLOCK;EUR;41;108.09000000;250;PRC_DECOMP_MEMBER;;;;XEUR;12372476;639;MEMBER
30.05.2025;09:34:22.149;FBTS.S.JUN25.SEP25.SPD;FUTURES_SPREAD;BLOCK;EUR;42;0.03000000;250;EXCHANGE_LAST;;1;1;XEUR;72060338522030174;639;
30.05.2025;09:34:22.149;FBTS SI 20250908 PS;SIMPLE_INSTRUMENT;BLOCK;EUR;42;108.10000000;250;PRC_DECOMP_MEMBER;;;;XEUR;12372476;639;MEMBER
30.05.2025;09:34:22.149;FBTS SI 20250606 PS;SIMPLE_INSTRUMENT;BLOCK;EUR;42;108.13000000;250;PRC_DECOMP_MEMBER;;;;XEUR;11820367;639;MEMBER
30.05.2025;10:11:12.271;FBTS SI 20250606 PS;SIMPLE_INSTRUMENT;EFP_FIN;EUR;58;108.13000000;495;EXCHANGE_LAST;;1;1;XEUR;11820367;639;
30.05.2025;10:12:47.276;FBTS SI 20250606 PS;SIMPLE_INSTRUMENT;EFP_FIN;EUR;59;108.14000000;1928;EXCHANGE_LAST;;1;1;XEUR;11820367;639;
30.05.2025;10:21:02.636;FBTS SI 20250606 PS;SIMPLE_INSTRUMENT;BLOCK;EUR;62;108.14000000;2500;EXCHANGE_LAST;;1;1;XEUR;11820367;639;
30.05.2025;10:21:07.067;FBTS SI 20250606 PS;SIMPLE_INSTRUMENT;BLOCK;EUR;64;108.14000000;2500;EXCHANGE_LAST;;1;1;XEUR;11820367;639;
30.05.2025;10:21:28.139;FBTS SI 20250908 PS;SIMPLE_INSTRUMENT;BLOCK;EUR;65;108.10000000;1250;EXCHANGE_LAST;;1;1;XEUR;12372476;639;
30.05.2025;10:21:31.933;FBTS SI 20250908 PS;SIMPLE_INSTRUMENT;BLOCK;EUR;66;108.10000000;1250;EXCHANGE_LAST;;1;1;XEUR;12372476;639;
30.05.2025;10:21:32.640;FBTS SI 20250606 PS;SIMPLE_INSTRUMENT;EFP_FIN;EUR;67;108.13000000;579;EXCHANGE_LAST;;1;1;XEUR;11820367;639;
30.05.2025;10:21:38.798;FBTS SI 20250908 PS;SIMPLE_INSTRUMENT;BLOCK;EUR;68;108.11000000;1250;EXCHANGE_LAST;;1;1;XEUR;12372476;639;
30.05.2025;10:21:41.907;FBTS SI 20250908 PS;SIMPLE_INSTRUMENT;BLOCK;EUR;69;108.11000000;1250;EXCHANGE_LAST;;1;1;XEUR;12372476;639;
30.05.2025;10:22:36.226;FBTS SI 20250606 PS;SIMPLE_INSTRUMENT;EFP_FIN;EUR;70;108.13000000;193;EXCHANGE_LAST;;1;1;XEUR;11820367;639;
30.05.2025;11:23:50.286;FBTS SI 20250606 PS;SIMPLE_INSTRUMENT;EFP_FIN;EUR;86;108.12000000;2628;EXCHANGE_LAST;;1;1;XEUR;11820367;639;
30.05.2025;11:33:51.057;FBTS SI 20250606 PS;SIMPLE_INSTRUMENT;BLOCK;EUR;87;108.12000000;2600;EXCHANGE_LAST;;1;1;XEUR;11820367;639;
30.05.2025;11:34:05.687;FBTS SI 20250908 PS;SIMPLE_INSTRUMENT;BLOCK;EUR;89;108.08000000;1159;EXCHANGE_LAST;;1;1;XEUR;12372476;639;
30.05.2025;11:34:31.919;FBTS SI 20250908 PS;SIMPLE_INSTRUMENT;BLOCK;EUR;90;108.09000000;1160;EXCHANGE_LAST;;1;1;XEUR;12372476;639;
30.05.2025;11:50:41.571;FBTS SI 20250908 PS;SIMPLE_INSTRUMENT;EFP_FIN;EUR;91;108.09000000;2344;EXCHANGE_LAST;;1;1;XEUR;12372476;639;
30.05.2025;13:10:31.208;FBTS SI 20250606 PS;SIMPLE_INSTRUMENT;BLOCK;EUR;104;108.13000000;794;EXCHANGE_LAST;;1;1;XEUR;11820367;639;
30.05.2025;13:02:56.024;FBTS SI 20250606 PS;SIMPLE_INSTRUMENT;BLOCK;EUR;107;108.12000000;798;EXCHANGE_LAST;;1;1;XEUR;11820367;639;
30.05.2025;13:03:16.380;FBTS SI 20250908 PS;SIMPLE_INSTRUMENT;BLOCK;EUR;108;108.08000000;399;EXCHANGE_LAST;;1;1;XEUR;12372476;639;
30.05.2025;13:03:22.706;FBTS SI 20250908 PS;SIMPLE_INSTRUMENT;BLOCK;EUR;109;108.09000000;399;EXCHANGE_LAST;;1;1;XEUR;12372476;639;
30.05.2025;13:10:15.808;FBTS SI 20250606 PS;SIMPLE_INSTRUMENT;EFP_FIN;EUR;112;108.13000000;224;EXCHANGE_LAST;;1;1;XEUR;11820367;639;
30.05.2025;13:13:47.730;FBTS SI 20250606 PS;SIMPLE_INSTRUMENT;EFP_FIN;EUR;114;108.14000000;1480;EXCHANGE_LAST;;1;1;XEUR;11820367;639;
30.05.2025;13:28:39.377;FBTS SI 20250908 PS;SIMPLE_INSTRUMENT;BLOCK;EUR;116;108.09000000;397;EXCHANGE_LAST;;1;1;XEUR;12372476;639;
30.05.2025;13:30:01.670;FBTS SI 20250908 PS;SIMPLE_INSTRUMENT;BLOCK;EUR;117;108.10000000;397;EXCHANGE_LAST;;1;1;XEUR;12372476;639;
30.05.2025;13:30:40.352;FBTS SI 20250606 PS;SIMPLE_INSTRUMENT;EFP_FIN;EUR;118;108.12000000;384;EXCHANGE_LAST;;1;1;XEUR;11820367;639;
30.05.2025;13:34:42.760;FBTS SI 20250606 PS;SIMPLE_INSTRUMENT;BLOCK;EUR;119;108.13000000;255;EXCHANGE_LAST;;1;1;XEUR;11820367;639;
30.05.2025;13:35:17.644;FBTS SI 20250606 PS;SIMPLE_INSTRUMENT;BLOCK;EUR;120;108.12000000;2500;EXCHANGE_LAST;;1;1;XEUR;11820367;639;
30.05.2025;13:35:58.702;FBTS SI 20250908 PS;SIMPLE_INSTRUMENT;BLOCK;EUR;121;108.08000000;1250;EXCHANGE_LAST;;1;1;XEUR;12372476;639;
30.05.2025;13:36:09.267;FBTS SI 20250908 PS;SIMPLE_INSTRUMENT;BLOCK;EUR;122;108.09000000;1250;EXCHANGE_LAST;;1;1;XEUR;12372476;639;
30.05.2025;13:57:03.018;FBTS SI 20250606 PS;SIMPLE_INSTRUMENT;EFP_FIN;EUR;125;108.14000000;386;EXCHANGE_LAST;;1;1;XEUR;11820367;639;
30.05.2025;14:05:09.646;FBTS SI 20250606 PS;SIMPLE_INSTRUMENT;EFP_FIN;EUR;126;108.14000000;599;EXCHANGE_LAST;;1;1;XEUR;11820367;639;
30.05.2025;14:09:54.411;FBTS SI 20250606 PS;SIMPLE_INSTRUMENT;BLOCK;EUR;127;108.13000000;500;EXCHANGE_LAST;;1;1;XEUR;11820367;639;
30.05.2025;14:11:18.609;FBTS SI 20250606 PS;SIMPLE_INSTRUMENT;BLOCK;EUR;129;108.13000000;250;EXCHANGE_LAST;;1;1;XEUR;11820367;639;
30.05.2025;14:11:22.921;FBTS SI 20250908 PS;SIMPLE_INSTRUMENT;BLOCK;EUR;130;108.10000000;250;EXCHANGE_LAST;;1;1;XEUR;12372476;639;
30.05.2025;14:11:28.482;FBTS SI 20250908 PS;SIMPLE_INSTRUMENT;BLOCK;EUR;131;108.09000000;250;EXCHANGE_LAST;;1;1;XEUR;12372476;639;
30.05.2025;14:11:30.614;FBTS SI 20250606 PS;SIMPLE_INSTRUMENT;BLOCK;EUR;132;108.14000000;250;EXCHANGE_LAST;;1;1;XEUR;11820367;639;
30.05.2025;14:11:55.626;FBTS SI 20250908 PS;SIMPLE_INSTRUMENT;BLOCK;EUR;133;108.10000000;446;EXCHANGE_LAST;;1;1;XEUR;12372476;639;
30.05.2025;14:14:21.822;FBTS SI 20250908 PS;SIMPLE_INSTRUMENT;EFP_FIN;EUR;134;108.10000000;482;EXCHANGE_LAST;;1;1;XEUR;12372476;639;
30.05.2025;14:25:39.515;FBTS SI 20250606 PS;SIMPLE_INSTRUMENT;BLOCK;EUR;136;108.14000000;2500;EXCHANGE_LAST;;1;1;XEUR;11820367;639;
30.05.2025;14:26:10.393;FBTS SI 20250908 PS;SIMPLE_INSTRUMENT;BLOCK;EUR;137;108.10000000;1250;EXCHANGE_LAST;;1;1;XEUR;12372476;639;
30.05.2025;14:26:17.208;FBTS SI 20250908 PS;SIMPLE_INSTRUMENT;BLOCK;EUR;138;108.11000000;1250;EXCHANGE_LAST;;1;1;XEUR;12372476;639;
30.05.2025;14:42:50.871;FBTS SI 20250606 PS;SIMPLE_INSTRUMENT;EFP_FIN;EUR;140;108.13000000;666;EXCHANGE_LAST;;1;1;XEUR;11820367;639;
30.05.2025;09:32:28.457;FDAX SI 20250620 CS;SIMPLE_INSTRUMENT;BLOCK;EUR;1;24118.00000000;409;EXCHANGE_LAST;;1;1;XEUR;7903800;589;
30.05.2025;15:49:32.504;FDAX SI 20250620 CS;SIMPLE_INSTRUMENT;EFP_IDX;EUR;2;24028.00000000;1;EXCHANGE_LAST;;1;1;XEUR;7903800;589;
30.05.2025;15:41:53.631;FDAX SI 20250620 CS;SIMPLE_INSTRUMENT;EFP_IDX;EUR;3;24028.00000000;31;EXCHANGE_LAST;;1;1;XEUR;7903800;589;
30.05.2025;15:41:53.631;FDAX SI 20250620 CS;SIMPLE_INSTRUMENT;EFP_IDX;EUR;4;24029.00000000;29;EXCHANGE_LAST;;1;1;XEUR;7903800;589;
30.05.2025;15:49:38.737;FDAX SI 20250620 CS;SIMPLE_INSTRUMENT;EFP_IDX;EUR;5;24029.00000000;34;EXCHANGE_LAST;;1;1;XEUR;7903800;589;
30.05.2025;15:43:13.081;FDAX SI 20250620 CS;SIMPLE_INSTRUMENT;EFP_IDX;EUR;6;24028.00000000;1;EXCHANGE_LAST;;1;1;XEUR;7903800;589;
30.05.2025;15:43:24.703;FDAX SI 20250620 CS;SIMPLE_INSTRUMENT;EFP_IDX;EUR;7;24029.00000000;73;EXCHANGE_LAST;;1;1;XEUR;7903800;589;
30.05.2025;15:59:55.769;FDAX SI 20250620 CS;SIMPLE_INSTRUMENT;EFP_IDX;EUR;8;24029.00000000;48;EXCHANGE_LAST;;1;1;XEUR;7903800;589;
30.05.2025;16:01:29.626;FDAX SI 20250620 CS;SIMPLE_INSTRUMENT;EFP_IDX;EUR;9;24028.00000000;52;EXCHANGE_LAST;;1;1;XEUR;7903800;589;
30.05.2025;15:58:56.662;FDAX SI 20250620 CS;SIMPLE_INSTRUMENT;EFP_IDX;EUR;10;24028.00000000;42;EXCHANGE_LAST;;1;1;XEUR;7903800;589;
30.05.2025;10:06:00.614;FEDV SI 20250620 CS;SIMPLE_INSTRUMENT;BLOCK;EUR;2;1998.00000000;3000;EXCHANGE_LAST;;2;2;XEUR;11880642;596;
30.05.2025;10:05:02.464;FEDV SI 20250620 CS;SIMPLE_INSTRUMENT;BLOCK;EUR;3;1998.00000000;400;EXCHANGE_LAST;;1;1;XEUR;11880642;596;
30.05.2025;16:01:42.667;FEDV SI 20250620 CS;SIMPLE_INSTRUMENT;EFP_IDX;EUR;35;1989.50000000;379;EXCHANGE_LAST;;1;1;XEUR;11880642;596;
30.05.2025;16:02:42.629;FEDV SI 20250620 CS;SIMPLE_INSTRUMENT;EFP_IDX;EUR;37;1990.00000000;126;EXCHANGE_LAST;;1;1;XEUR;11880642;596;
30.05.2025;14:43:47.453;FES1 SI 20250620 PS;SIMPLE_INSTRUMENT;BLOCK;EUR;13;2.90000000;177;EXCHANGE_LAST;;1;1;XEUR;11910814;58959;
30.05.2025;15:05:03.688;FES1 SI 20250620 PS;SIMPLE_INSTRUMENT;BLOCK;EUR;14;2.90000000;320;EXCHANGE_LAST;;1;1;XEUR;11910814;58959;
30.05.2025;12:38:37.946;FESB SI 20250620 CS;SIMPLE_INSTRUMENT;BLOCK;EUR;37;201.50000000;5000;EXCHANGE_LAST;;1;1;XEUR;11880665;605;
30.05.2025;12:41:05.903;FESB SI 20250620 CS;SIMPLE_INSTRUMENT;BLOCK;EUR;38;201.50000000;5000;EXCHANGE_LAST;;1;1;XEUR;11880665;605;
30.05.2025;13:56:31.190;FESB SI 20250620 CS;SIMPLE_INSTRUMENT;BLOCK;EUR;40;201.50000000;5000;EXCHANGE_LAST;;1;1;XEUR;11880665;605;
30.05.2025;13:39:42.140;FESB SI 20250620 CS;SIMPLE_INSTRUMENT;VOLA;EUR;603979810;201.90000000;2399;EXCHANGE_LAST;;1;1;XEUR;11880665;605;
30.05.2025;13:40:20.335;FESB SI 20250620 CS;SIMPLE_INSTRUMENT;VOLA;EUR;603979811;201.85000000;961;EXCHANGE_LAST;;1;1;XEUR;11880665;605;
30.05.2025;10:01:20.094;FESX SI 20250620 CS;SIMPLE_INSTRUMENT;BLOCK;EUR;1;5400.00000000;4000;EXCHANGE_LAST;;1;1;XEUR;7904020;675;
30.05.2025;10:12:33.202;FESX SI 20250620 CS;SIMPLE_INSTRUMENT;BLOCK;EUR;2;5402.00000000;4000;EXCHANGE_LAST;;1;1;XEUR;7904020;675;
30.05.2025;10:12:47.044;FESX SI 20250620 CS;SIMPLE_INSTRUMENT;EFP_IDX;EUR;3;5402.00000000;1000;EXCHANGE_LAST;;1;1;XEUR;7904020;675;
30.05.2025;10:34:50.960;FESX SI 20250620 CS;SIMPLE_INSTRUMENT;BLOCK;EUR;4;5405.00000000;2000;EXCHANGE_LAST;;1;1;XEUR;7904020;675;
30.05.2025;12:25:12.849;FESX.S.JUN25.SEP25.SPD;FUTURES_SPREAD;BLOCK;EUR;5;-21.00000000;2000;EXCHANGE_LAST;;1;1;XEUR;72060493140863850;675;
30.05.2025;12:25:12.849;FESX SI 20250919 CS;SIMPLE_INSTRUMENT;BLOCK;EUR;5;5398.00000000;2000;PRC_DECOMP_EXCHANGE;;;;XEUR;8380551;675;EXCHANGE
30.05.2025;12:25:12.849;FESX SI 20250620 CS;SIMPLE_INSTRUMENT;BLOCK;EUR;5;5377.00000000;2000;PRC_DECOMP_EXCHANGE;;;;XEUR;7904020;675;EXCHANGE
30.05.2025;13:36:25.552;FESX SI 20250620 CS;SIMPLE_INSTRUMENT;BLOCK;EUR;6;5395.00000000;10000;EXCHANGE_LAST;;1;1;XEUR;7904020;675;
30.05.2025;13:42:40.348;FESX SI 20250620 CS;SIMPLE_INSTRUMENT;BLOCK;EUR;7;5390.00000000;6000;EXCHANGE_LAST;;1;1;XEUR;7904020;675;
30.05.2025;13:54:41.014;FESX SI 20250620 CS;SIMPLE_INSTRUMENT;BLOCK;EUR;8;5390.00000000;2000;EXCHANGE_LAST;;1;1;XEUR;7904020;675;
30.05.2025;15:46:36.506;FESX SI 20250620 CS;SIMPLE_INSTRUMENT;EFP_IDX;EUR;9;5369.00000000;1070;EXCHANGE_LAST;;1;1;XEUR;7904020;675;
30.05.2025;15:46:15.826;FESX SI 20250620 CS;SIMPLE_INSTRUMENT;EFP_IDX;EUR;10;5370.00000000;930;EXCHANGE_LAST;;1;1;XEUR;7904020;675;
30.05.2025;15:40:35.935;FESX SI 20250620 CS;SIMPLE_INSTRUMENT;EFP_IDX;EUR;11;5369.00000000;291;EXCHANGE_LAST;;1;1;XEUR;7904020;675;
30.05.2025;15:40:45.074;FESX SI 20250620 CS;SIMPLE_INSTRUMENT;EFP_IDX;EUR;12;5369.00000000;535;EXCHANGE_LAST;;1;1;XEUR;7904020;675;
30.05.2025;15:40:51.793;FESX SI 20250620 CS;SIMPLE_INSTRUMENT;EFP_IDX;EUR;13;5370.00000000;465;EXCHANGE_LAST;;1;1;XEUR;7904020;675;
30.05.2025;15:40:52.815;FESX SI 20250620 CS;SIMPLE_INSTRUMENT;EFP_IDX;EUR;14;5370.00000000;418;EXCHANGE_LAST;;1;1;XEUR;7904020;675;
30.05.2025;15:41:14.299;FESX SI 20250620 CS;SIMPLE_INSTRUMENT;EFP_IDX;EUR;15;5369.00000000;123;EXCHANGE_LAST;;1;1;XEUR;7904020;675;
30.05.2025;15:41:14.319;FESX SI 20250620 CS;SIMPLE_INSTRUMENT;EFP_IDX;EUR;16;5370.00000000;177;EXCHANGE_LAST;;1;1;XEUR;7904020;675;
30.05.2025;15:46:21.499;FESX SI 20250620 CS;SIMPLE_INSTRUMENT;EFP_IDX;EUR;17;5369.00000000;1059;EXCHANGE_LAST;;1;1;XEUR;7904020;675;
30.05.2025;15:46:30.898;FESX SI 20250620 CS;SIMPLE_INSTRUMENT;EFP_IDX;EUR;18;5370.00000000;921;EXCHANGE_LAST;;1;1;XEUR;7904020;675;
30.05.2025;15:46:42.747;FESX SI 20250620 CS;SIMPLE_INSTRUMENT;EFP_IDX;EUR;19;5369.00000000;535;EXCHANGE_LAST;;1;1;XEUR;7904020;675;
30.05.2025;15:46:50.505;FESX SI 20250620 CS;SIMPLE_INSTRUMENT;EFP_IDX;EUR;20;5370.00000000;465;EXCHANGE_LAST;;1;1;XEUR;7904020;675;
30.05.2025;15:44:48.145;FESX SI 20250620 CS;SIMPLE_INSTRUMENT;EFP_IDX;EUR;21;5369.00000000;1070;EXCHANGE_LAST;;1;1;XEUR;7904020;675;
30.05.2025;15:44:36.995;FESX SI 20250620 CS;SIMPLE_INSTRUMENT;EFP_IDX;EUR;22;5370.00000000;930;EXCHANGE_LAST;;1;1;XEUR;7904020;675;
30.05.2025;15:46:49.176;FESX SI 20250620 CS;SIMPLE_INSTRUMENT;EFP_IDX;EUR;23;5369.00000000;59;EXCHANGE_LAST;;1;1;XEUR;7904020;675;
30.05.2025;15:47:03.854;FESX SI 20250620 CS;SIMPLE_INSTRUMENT;EFP_IDX;EUR;24;5370.00000000;82;EXCHANGE_LAST;;1;1;XEUR;7904020;675;
30.05.2025;15:48:03.555;FESX SI 20250620 CS;SIMPLE_INSTRUMENT;EFP_IDX;EUR;25;5370.00000000;3176;EXCHANGE_LAST;;1;1;XEUR;7904020;675;
30.05.2025;15:48:06.450;FESX SI 20250620 CS;SIMPLE_INSTRUMENT;EFP_IDX;EUR;26;5369.00000000;1266;EXCHANGE_LAST;;1;1;XEUR;7904020;675;
30.05.2025;15:48:30.697;FESX SI 20250620 CS;SIMPLE_INSTRUMENT;EFP_IDX;EUR;27;5369.00000000;1425;EXCHANGE_LAST;;1;1;XEUR;7904020;675;
30.05.2025;15:49:52.365;FESX SI 20250620 CS;SIMPLE_INSTRUMENT;EFP_IDX;EUR;28;5370.00000000;651;EXCHANGE_LAST;;1;1;XEUR;7904020;675;
30.05.2025;15:49:59.124;FESX SI 20250620 CS;SIMPLE_INSTRUMENT;EFP_IDX;EUR;29;5369.00000000;749;EXCHANGE_LAST;;1;1;XEUR;7904020;675;
30.05.2025;15:49:10.268;FESX SI 20250620 CS;SIMPLE_INSTRUMENT;EFP_IDX;EUR;30;5370.00000000;3575;EXCHANGE_LAST;;1;1;XEUR;7904020;675;
30.05.2025;15:49:53.293;FESX SI 20250620 CS;SIMPLE_INSTRUMENT;EFP_IDX;EUR;31;5370.00000000;744;EXCHANGE_LAST;;1;1;XEUR;7904020;675;
30.05.2025;15:50:02.466;FESX SI 20250620 CS;SIMPLE_INSTRUMENT;EFP_IDX;EUR;32;5369.00000000;856;EXCHANGE_LAST;;1;1;XEUR;7904020;675;
30.05.2025;15:53:54.856;FESX SI 20250620 CS;SIMPLE_INSTRUMENT;EFP_IDX;EUR;34;5369.00000000;532;EXCHANGE_LAST;;1;1;XEUR;7904020;675;
30.05.2025;15:53:43.062;FESX SI 20250620 CS;SIMPLE_INSTRUMENT;EFP_IDX;EUR;35;5370.00000000;463;EXCHANGE_LAST;;1;1;XEUR;7904020;675;
30.05.2025;15:54:32.540;FESX SI 20250620 CS;SIMPLE_INSTRUMENT;EFP_IDX;EUR;36;5370.00000000;879;EXCHANGE_LAST;;1;1;XEUR;7904020;675;
30.05.2025;16:08:56.454;FESX SI 20250620 CS;SIMPLE_INSTRUMENT;EFP_IDX;EUR;37;5369.00000000;410;EXCHANGE_LAST;;1;1;XEUR;7904020;675;
30.05.2025;16:09:07.684;FESX SI 20250620 CS;SIMPLE_INSTRUMENT;EFP_IDX;EUR;38;5370.00000000;590;EXCHANGE_LAST;;1;1;XEUR;7904020;675;
30.05.2025;15:59:21.602;FESX SI 20250620 CS;SIMPLE_INSTRUMENT;EFP_IDX;EUR;40;5369.00000000;205;EXCHANGE_LAST;;1;1;XEUR;7904020;675;
30.05.2025;15:56:04.546;FESX SI 20250620 CS;SIMPLE_INSTRUMENT;EFP_IDX;EUR;41;5369.00000000;914;EXCHANGE_LAST;;1;1;XEUR;7904020;675;
30.05.2025;15:59:15.620;FESX SI 20250620 CS;SIMPLE_INSTRUMENT;EFP_IDX;EUR;42;5370.00000000;295;EXCHANGE_LAST;;1;1;XEUR;7904020;675;
30.05.2025;16:09:17.014;FESX SI 20250620 CS;SIMPLE_INSTRUMENT;EFP_IDX;EUR;43;5369.00000000;615;EXCHANGE_LAST;;1;1;XEUR;7904020;675;
30.05.2025;16:09:26.491;FESX SI 20250620 CS;SIMPLE_INSTRUMENT;EFP_IDX;EUR;44;5370.00000000;885;EXCHANGE_LAST;;1;1;XEUR;7904020;675;
30.05.2025;16:09:39.970;FESX SI 20250620 CS;SIMPLE_INSTRUMENT;EFP_IDX;EUR;45;5370.00000000;174;EXCHANGE_LAST;;1;1;XEUR;7904020;675;
30.05.2025;16:09:46.445;FESX SI 20250620 CS;SIMPLE_INSTRUMENT;EFP_IDX;EUR;46;5369.00000000;201;EXCHANGE_LAST;;1;1;XEUR;7904020;675;
30.05.2025;08:33:03.762;FESX SI 20250620 CS;SIMPLE_INSTRUMENT;VOLA;EUR;637534216;5395.00000000;143;EXCHANGE_LAST;;1;1;XEUR;7904020;675;
30.05.2025;11:58:36.623;FESX SI 20250620 CS;SIMPLE_INSTRUMENT;VOLA;EUR;637534260;5400.00000000;170;EXCHANGE_LAST;;1;1;XEUR;7904020;675;
30.05.2025;12:49:04.590;FESX SI 20250620 CS;SIMPLE_INSTRUMENT;VOLA;EUR;637534267;5382.00000000;1115;EXCHANGE_LAST;;1;1;XEUR;7904020;675;
30.05.2025;14:04:33.812;FESX SI 20250620 CS;SIMPLE_INSTRUMENT;VOLA;EUR;637534284;5375.00000000;363;EXCHANGE_LAST;;1;1;XEUR;7904020;675;
30.05.2025;14:23:42.953;FESX SI 20250620 CS;SIMPLE_INSTRUMENT;VOLA;EUR;637534293;5375.00000000;363;EXCHANGE_LAST;;1;1;XEUR;7904020;675;
30.05.2025;14:35:22.340;FESX SI 20250620 CS;SIMPLE_INSTRUMENT;VOLA;EUR;637534297;5386.00000000;200;EXCHANGE_LAST;;1;1;XEUR;7904020;675;
30.05.2025;09:32:18.729;FEXD.S.DEC26.DEC29.SPD;FUTURES_SPREAD;BLOCK;EUR;1;11.80000000;500;EXCHANGE_LAST;;1;1;XEUR;72060570450264169;693;
30.05.2025;09:32:18.729;FEXD SI 20261218 CS;SIMPLE_INSTRUMENT;BLOCK;EUR;1;155.60000000;500;PRC_DECOMP_MEMBER;;;;XEUR;2163053;693;MEMBER
30.05.2025;09:32:18.729;FEXD SI 20291221 CS;SIMPLE_INSTRUMENT;BLOCK;EUR;1;143.80000000;500;PRC_DECOMP_MEMBER;;;;XEUR;4631968;693;MEMBER
30.05.2025;10:10:39.658;FEXD SI 20261218 CS;SIMPLE_INSTRUMENT;BLOCK;EUR;4;155.70000000;500;EXCHANGE_LAST;;1;1;XEUR;2163053;693;
30.05.2025;10:11:05.593;FEXD SI 20281215 CS;SIMPLE_INSTRUMENT;BLOCK;EUR;5;147.10000000;500;EXCHANGE_LAST;;1;1;XEUR;3680985;693;
30.05.2025;12:44:29.297;FEXD SI 20281215 CS;SIMPLE_INSTRUMENT;BLOCK;EUR;6;146.80000000;500;EXCHANGE_LAST;;1;1;XEUR;3680985;693;
30.05.2025;13:49:42.872;FEXD SI 20261218 CS;SIMPLE_INSTRUMENT;BLOCK;EUR;9;155.60000000;100;EXCHANGE_LAST;;1;1;XEUR;2163053;693;
30.05.2025;13:51:09.644;FEXD SI 20281215 CS;SIMPLE_INSTRUMENT;BLOCK;EUR;10;147.00000000;100;EXCHANGE_LAST;;1;1;XEUR;3680985;693;
30.05.2025;15:14:40.214;FEXD SI 20261218 CS;SIMPLE_INSTRUMENT;BLOCK;EUR;16;155.60000000;250;EXCHANGE_LAST;;1;1;XEUR;2163053;693;
30.05.2025;15:16:15.574;FEXD SI 20261218 CS;SIMPLE_INSTRUMENT;BLOCK;EUR;17;155.50000000;250;EXCHANGE_LAST;;1;1;XEUR;2163053;693;
30.05.2025;15:18:23.168;FEXD SI 20261218 CS;SIMPLE_INSTRUMENT;BLOCK;EUR;18;155.50000000;500;EXCHANGE_LAST;;1;1;XEUR;2163053;693;
30.05.2025;15:40:57.809;FFOX SI 20250619 CS;SIMPLE_INSTRUMENT;BLOCK;EUR;6;4741.50000000;800;EXCHANGE_LAST;;1;1;XEUR;11881292;695;
30.05.2025;06:20:33.108;FGBL SI 20250908 PS;SIMPLE_INSTRUMENT;EFS;EUR;1;131.02000000;128;EXCHANGE_LAST;;1;1;XEUR;12372482;688;
30.05.2025;06:36:41.694;FGBL SI 20250606 PS;SIMPLE_INSTRUMENT;EFS;EUR;2;131.27000000;645;EXCHANGE_LAST;;1;1;XEUR;11820389;688;
30.05.2025;07:20:13.811;FGBL SI 20250606 PS;SIMPLE_INSTRUMENT;EFS;EUR;3;131.28000000;2176;EXCHANGE_LAST;;1;1;XEUR;11820389;688;
30.05.2025;07:21:11.803;FGBL SI 20250606 PS;SIMPLE_INSTRUMENT;EFS;EUR;5;131.36000000;105;EXCHANGE_LAST;;1;1;XEUR;11820389;688;
30.05.2025;07:28:46.309;FGBL SI 20250606 PS;SIMPLE_INSTRUMENT;EFS;EUR;6;131.37000000;1296;EXCHANGE_LAST;;1;1;XEUR;11820389;688;
30.05.2025;07:29:41.272;FGBL SI 20250606 PS;SIMPLE_INSTRUMENT;EFS;EUR;7;131.33000000;431;EXCHANGE_LAST;;1;1;XEUR;11820389;688;
30.05.2025;07:46:51.390;FGBL SI 20250606 PS;SIMPLE_INSTRUMENT;EFS;EUR;8;131.33000000;217;EXCHANGE_LAST;;1;1;XEUR;11820389;688;
30.05.2025;07:47:45.880;FGBL SI 20250606 PS;SIMPLE_INSTRUMENT;EFS;EUR;9;131.32000000;868;EXCHANGE_LAST;;1;1;XEUR;11820389;688;
30.05.2025;07:47:52.583;FGBL SI 20250606 PS;SIMPLE_INSTRUMENT;EFS;EUR;10;131.32000000;217;EXCHANGE_LAST;;1;1;XEUR;11820389;688;
30.05.2025;07:54:49.270;FGBL SI 20250606 PS;SIMPLE_INSTRUMENT;EFP_FIN;EUR;11;131.26000000;1245;EXCHANGE_LAST;;1;1;XEUR;11820389;688;
30.05.2025;08:01:29.191;FGBL SI 20250606 PS;SIMPLE_INSTRUMENT;EFS;EUR;14;131.28000000;656;EXCHANGE_LAST;;1;1;XEUR;11820389;688;
30.05.2025;08:02:28.723;FGBL SI 20250606 PS;SIMPLE_INSTRUMENT;EFS;EUR;15;131.27000000;230;EXCHANGE_LAST;;1;1;XEUR;11820389;688;
30.05.2025;08:03:35.067;FGBL SI 20250606 PS;SIMPLE_INSTRUMENT;EFS;EUR;16;131.31000000;434;EXCHANGE_LAST;;1;1;XEUR;11820389;688;
30.05.2025;08:08:56.019;FGBL SI 20250606 PS;SIMPLE_INSTRUMENT;BLOCK;EUR;17;131.18000000;5067;EXCHANGE_LAST;;1;1;XEUR;11820389;688;
30.05.2025;08:09:19.627;FGBL SI 20250606 PS;SIMPLE_INSTRUMENT;EFS;EUR;18;131.32000000;217;EXCHANGE_LAST;;1;1;XEUR;11820389;688;
30.05.2025;08:10:28.537;FGBL SI 20250908 PS;SIMPLE_INSTRUMENT;BLOCK;EUR;20;131.00000000;2510;EXCHANGE_LAST;;1;1;XEUR;12372482;688;
30.05.2025;08:11:47.996;FGBL SI 20250908 PS;SIMPLE_INSTRUMENT;BLOCK;EUR;22;131.01000000;2510;EXCHANGE_LAST;;1;1;XEUR;12372482;688;
30.05.2025;08:12:02.141;FGBL SI 20250606 PS;SIMPLE_INSTRUMENT;EFS;EUR;23;131.31000000;650;EXCHANGE_LAST;;1;1;XEUR;11820389;688;
30.05.2025;08:12:05.925;FGBL SI 20250908 PS;SIMPLE_INSTRUMENT;EFS;EUR;24;130.99000000;427;EXCHANGE_LAST;;1;1;XEUR;12372482;688;
30.05.2025;08:12:59.723;FGBL SI 20250606 PS;SIMPLE_INSTRUMENT;EFS;EUR;25;131.30000000;434;EXCHANGE_LAST;;1;1;XEUR;11820389;688;
30.05.2025;08:28:17.807;FGBL SI 20250606 PS;SIMPLE_INSTRUMENT;EFS;EUR;26;131.09000000;434;EXCHANGE_LAST;;1;1;XEUR;11820389;688;
30.05.2025;08:29:13.038;FGBL SI 20250606 PS;SIMPLE_INSTRUMENT;EFS;EUR;27;131.14000000;609;EXCHANGE_LAST;;1;1;XEUR;11820389;688;
30.05.2025;08:29:46.242;FGBL SI 20250606 PS;SIMPLE_INSTRUMENT;EFS;EUR;28;131.14000000;609;EXCHANGE_LAST;;1;1;XEUR;11820389;688;
30.05.2025;08:30:52.938;FGBL SI 20250606 PS;SIMPLE_INSTRUMENT;EFS;EUR;29;131.14000000;609;EXCHANGE_LAST;;1;1;XEUR;11820389;688;
30.05.2025;08:31:26.457;FGBL SI 20250606 PS;SIMPLE_INSTRUMENT;EFS;EUR;30;131.14000000;609;EXCHANGE_LAST;;1;1;XEUR;11820389;688;
30.05.2025;08:45:52.821;FGBL SI 20250606 PS;SIMPLE_INSTRUMENT;EFP_FIN;EUR;31;131.07000000;1600;EXCHANGE_LAST;;1;1;XEUR;11820389;688;
30.05.2025;08:46:15.890;FGBL SI 20250606 PS;SIMPLE_INSTRUMENT;EFS;EUR;32;131.09000000;150;EXCHANGE_LAST;;1;1;XEUR;11820389;688;
30.05.2025;08:49:58.363;FGBL SI 20250606 PS;SIMPLE_INSTRUMENT;EFS;EUR;33;131.07000000;787;EXCHANGE_LAST;;1;1;XEUR;11820389;688;
30.05.2025;08:51:12.320;FGBL SI 20250908 PS;SIMPLE_INSTRUMENT;EFS;EUR;34;130.89000000;787;EXCHANGE_LAST;;1;1;XEUR;12372482;688;
30.05.2025;08:54:52.200;FGBL SI 20250606 PS;SIMPLE_INSTRUMENT;EFP_FIN;EUR;35;131.07000000;82;EXCHANGE_LAST;;1;1;XEUR;11820389;688;
30.05.2025;08:59:06.851;FGBL SI 20250606 PS;SIMPLE_INSTRUMENT;EFS;EUR;36;131.07000000;148;EXCHANGE_LAST;;1;1;XEUR;11820389;688;
30.05.2025;09:02:27.074;FGBL SI 20250606 PS;SIMPLE_INSTRUMENT;EFS;EUR;37;131.10000000;302;EXCHANGE_LAST;;1;1;XEUR;11820389;688;
30.05.2025;09:07:16.414;FGBL SI 20250606 PS;SIMPLE_INSTRUMENT;EFS;EUR;38;131.04000000;217;EXCHANGE_LAST;;1;1;XEUR;11820389;688;
30.05.2025;09:07:27.841;FGBL SI 20250606 PS;SIMPLE_INSTRUMENT;EFS;EUR;39;131.04000000;244;EXCHANGE_LAST;;1;1;XEUR;11820389;688;
30.05.2025;09:11:22.293;FGBL SI 20250606 PS;SIMPLE_INSTRUMENT;EFS;EUR;40;131.08000000;217;EXCHANGE_LAST;;1;1;XEUR;11820389;688;
30.05.2025;09:11:46.791;FGBL SI 20250606 PS;SIMPLE_INSTRUMENT;EFP_FIN;EUR;41;131.06000000;607;EXCHANGE_LAST;;1;1;XEUR;11820389;688;
30.05.2025;09:12:03.844;FGBL SI 20250606 PS;SIMPLE_INSTRUMENT;EFP_FIN;EUR;42;131.06000000;597;EXCHANGE_LAST;;1;1;XEUR;11820389;688;
30.05.2025;09:12:15.356;FGBL SI 20250606 PS;SIMPLE_INSTRUMENT;EFS;EUR;43;131.07000000;434;EXCHANGE_LAST;;1;1;XEUR;11820389;688;
30.05.2025;09:16:27.807;FGBL SI 20250606 PS;SIMPLE_INSTRUMENT;EFS;EUR;44;131.11000000;434;EXCHANGE_LAST;;1;1;XEUR;11820389;688;
30.05.2025;09:18:57.383;FGBL SI 20250606 PS;SIMPLE_INSTRUMENT;EFS;EUR;45;131.11000000;434;EXCHANGE_LAST;;1;1;XEUR;11820389;688;
30.05.2025;09:19:27.260;FGBL SI 20250606 PS;SIMPLE_INSTRUMENT;EFS;EUR;46;131.08000000;1960;EXCHANGE_LAST;;1;1;XEUR;11820389;688;
30.05.2025;09:20:20.514;FGBL SI 20250606 PS;SIMPLE_INSTRUMENT;EFP_FIN;EUR;48;131.05000000;428;EXCHANGE_LAST;;1;1;XEUR;11820389;688;
30.05.2025;09:20:48.006;FGBL SI 20250606 PS;SIMPLE_INSTRUMENT;EFS;EUR;49;131.07000000;434;EXCHANGE_LAST;;1;1;XEUR;11820389;688;
30.05.2025;09:21:04.053;FGBL SI 20250908 PS;SIMPLE_INSTRUMENT;EFS;EUR;50;130.89000000;1937;EXCHANGE_LAST;;1;1;XEUR;12372482;688;
30.05.2025;09:25:27.271;FGBL SI 20250606 PS;SIMPLE_INSTRUMENT;EFP_FIN;EUR;51;131.05000000;74;EXCHANGE_LAST;;1;1;XEUR;11820389;688;
30.05.2025;09:27:02.247;FGBL SI 20250606 PS;SIMPLE_INSTRUMENT;EFS;EUR;52;131.07000000;434;EXCHANGE_LAST;;1;1;XEUR;11820389;688;
30.05.2025;09:29:00.102;FGBL SI 20250606 PS;SIMPLE_INSTRUMENT;EFS;EUR;53;131.08000000;434;EXCHANGE_LAST;;1;1;XEUR;11820389;688;
30.05.2025;09:34:28.599;FGBL SI 20250606 PS;SIMPLE_INSTRUMENT;EFS;EUR;54;131.10000000;434;EXCHANGE_LAST;;1;1;XEUR;11820389;688;
30.05.2025;09:38:30.285;FGBL SI 20250606 PS;SIMPLE_INSTRUMENT;EFP_FIN;EUR;55;131.08000000;438;EXCHANGE_LAST;;1;1;XEUR;11820389;688;
30.05.2025;09:39:14.907;FGBL SI 20250606 PS;SIMPLE_INSTRUMENT;EFS;EUR;56;131.09000000;1274;EXCHANGE_LAST;;1;1;XEUR;11820389;688;
30.05.2025;09:43:09.989;FGBL SI 20250606 PS;SIMPLE_INSTRUMENT;EFS;EUR;57;131.08000000;434;EXCHANGE_LAST;;1;1;XEUR;11820389;688;
30.05.2025;09:43:45.017;FGBL SI 20250606 PS;SIMPLE_INSTRUMENT;EFS;EUR;58;131.08000000;434;EXCHANGE_LAST;;1;1;XEUR;11820389;688;
30.05.2025;09:43:49.677;FGBL SI 20250606 PS;SIMPLE_INSTRUMENT;BLOCK;EUR;59;131.08000000;4000;EXCHANGE_LAST;;1;1;XEUR;11820389;688;
30.05.2025;09:44:21.293;FGBL SI 20250908 PS;SIMPLE_INSTRUMENT;BLOCK;EUR;60;130.88000000;2000;EXCHANGE_LAST;;1;1;XEUR;12372482;688;
30.05.2025;09:44:32.685;FGBL SI 20250908 PS;SIMPLE_INSTRUMENT;BLOCK;EUR;61;130.89000000;2000;EXCHANGE_LAST;;1;1;XEUR;12372482;688;
30.05.2025;09:44:50.066;FGBL SI 20250606 PS;SIMPLE_INSTRUMENT;EFS;EUR;62;131.07000000;434;EXCHANGE_LAST;;1;1;XEUR;11820389;688;
30.05.2025;09:47:03.890;FGBL SI 20250606 PS;SIMPLE_INSTRUMENT;EFS;EUR;63;131.08000000;1550;EXCHANGE_LAST;;1;1;XEUR;11820389;688;
30.05.2025;09:47:28.190;FGBL SI 20250606 PS;SIMPLE_INSTRUMENT;EFS;EUR;64;131.07000000;1464;EXCHANGE_LAST;;1;1;XEUR;11820389;688;
30.05.2025;09:48:25.555;FGBL SI 20250908 PS;SIMPLE_INSTRUMENT;EFS;EUR;65;130.87000000;1451;EXCHANGE_LAST;;1;1;XEUR;12372482;688;
30.05.2025;09:49:21.240;FGBL SI 20250606 PS;SIMPLE_INSTRUMENT;EFS;EUR;66;131.08000000;244;EXCHANGE_LAST;;1;1;XEUR;11820389;688;
30.05.2025;09:50:33.633;FGBL SI 20250606 PS;SIMPLE_INSTRUMENT;EFS;EUR;67;131.08000000;1100;EXCHANGE_LAST;;1;1;XEUR;11820389;688;
30.05.2025;09:51:29.546;FGBL SI 20250908 PS;SIMPLE_INSTRUMENT;EFS;EUR;68;130.90000000;1100;EXCHANGE_LAST;;1;1;XEUR;12372482;688;
30.05.2025;09:53:51.493;FGBL SI 20250606 PS;SIMPLE_INSTRUMENT;EFS;EUR;69;131.07000000;434;EXCHANGE_LAST;;1;1;XEUR;11820389;688;
30.05.2025;09:54:11.511;FGBL SI 20250606 PS;SIMPLE_INSTRUMENT;EFS;EUR;70;131.06000000;434;EXCHANGE_LAST;;1;1;XEUR;11820389;688;
30.05.2025;09:54:31.534;FGBL SI 20250606 PS;SIMPLE_INSTRUMENT;EFS;EUR;71;131.07000000;434;EXCHANGE_LAST;;1;1;XEUR;11820389;688;
30.05.2025;09:54:55.857;FGBL SI 20250606 PS;SIMPLE_INSTRUMENT;EFS;EUR;72;131.08000000;733;EXCHANGE_LAST;;1;1;XEUR;11820389;688;
30.05.2025;09:55:11.566;FGBL SI 20250606 PS;SIMPLE_INSTRUMENT;EFS;EUR;73;131.06000000;435;EXCHANGE_LAST;;1;1;XEUR;11820389;688;
30.05.2025;09:55:22.830;FGBL SI 20250908 PS;SIMPLE_INSTRUMENT;EFS;EUR;74;130.89000000;726;EXCHANGE_LAST;;1;1;XEUR;12372482;688;
30.05.2025;09:55:31.689;FGBL SI 20250606 PS;SIMPLE_INSTRUMENT;EFS;EUR;75;131.09000000;868;EXCHANGE_LAST;;1;1;XEUR;11820389;688;
30.05.2025;09:55:58.921;FGBL SI 20250606 PS;SIMPLE_INSTRUMENT;EFS;EUR;76;131.03000000;439;EXCHANGE_LAST;;1;1;XEUR;11820389;688;
30.05.2025;09:55:53.625;FGBL SI 20250606 PS;SIMPLE_INSTRUMENT;EFS;EUR;77;131.07000000;268;EXCHANGE_LAST;;1;1;XEUR;11820389;688;
30.05.2025;09:56:21.627;FGBL SI 20250606 PS;SIMPLE_INSTRUMENT;EFS;EUR;78;131.07000000;434;EXCHANGE_LAST;;1;1;XEUR;11820389;688;
30.05.2025;09:58:06.632;FGBL SI 20250606 PS;SIMPLE_INSTRUMENT;EFS;EUR;79;131.10000000;3273;EXCHANGE_LAST;;1;1;XEUR;11820389;688;
30.05.2025;09:58:34.634;FGBL SI 20250908 PS;SIMPLE_INSTRUMENT;EFS;EUR;80;130.91000000;3240;EXCHANGE_LAST;;1;1;XEUR;12372482;688;
30.05.2025;09:58:54.121;FGBL SI 20250606 PS;SIMPLE_INSTRUMENT;EFS;EUR;81;131.07000000;217;EXCHANGE_LAST;;1;1;XEUR;11820389;688;
30.05.2025;10:04:42.073;FGBL SI 20250606 PS;SIMPLE_INSTRUMENT;EFP_FIN;EUR;82;131.07000000;998;EXCHANGE_LAST;;1;1;XEUR;11820389;688;
30.05.2025;10:06:07.095;FGBL SI 20250606 PS;SIMPLE_INSTRUMENT;EFS;EUR;84;131.08000000;294;EXCHANGE_LAST;;1;1;XEUR;11820389;688;
30.05.2025;10:15:33.111;FGBL SI 20250606 PS;SIMPLE_INSTRUMENT;EFS;EUR;85;131.07000000;1952;EXCHANGE_LAST;;1;1;XEUR;11820389;688;
30.05.2025;10:16:56.191;FGBL SI 20250908 PS;SIMPLE_INSTRUMENT;EFS;EUR;86;130.88000000;1934;EXCHANGE_LAST;;1;1;XEUR;12372482;688;
30.05.2025;10:23:18.308;FGBL SI 20250606 PS;SIMPLE_INSTRUMENT;EFS;EUR;87;131.03000000;1467;EXCHANGE_LAST;;1;1;XEUR;11820389;688;
30.05.2025;10:27:49.161;FGBL SI 20250606 PS;SIMPLE_INSTRUMENT;EFS;EUR;89;131.07000000;319;EXCHANGE_LAST;;1;1;XEUR;11820389;688;
30.05.2025;10:32:00.621;FGBL SI 20250908 PS;SIMPLE_INSTRUMENT;EFS;EUR;90;130.88000000;1308;EXCHANGE_LAST;;1;1;XEUR;12372482;688;
30.05.2025;10:29:07.555;FGBL SI 20250606 PS;SIMPLE_INSTRUMENT;EFP_FIN;EUR;91;131.03000000;213;EXCHANGE_LAST;;1;1;XEUR;11820389;688;
30.05.2025;10:32:14.886;FGBL SI 20250606 PS;SIMPLE_INSTRUMENT;EFP_FIN;EUR;92;131.03000000;85;EXCHANGE_LAST;;1;1;XEUR;11820389;688;
30.05.2025;10:33:58.145;FGBL SI 20250908 PS;SIMPLE_INSTRUMENT;EFS;EUR;93;130.85000000;940;EXCHANGE_LAST;;1;1;XEUR;12372482;688;
30.05.2025;10:36:30.583;FGBL SI 20250606 PS;SIMPLE_INSTRUMENT;EFP_FIN;EUR;94;131.06000000;225;EXCHANGE_LAST;;1;1;XEUR;11820389;688;
30.05.2025;10:48:50.691;FGBL SI 20250606 PS;SIMPLE_INSTRUMENT;EFS;EUR;95;131.04000000;65;EXCHANGE_LAST;;1;1;XEUR;11820389;688;
30.05.2025;10:48:55.432;FGBL SI 20250606 PS;SIMPLE_INSTRUMENT;EFS;EUR;96;131.04000000;65;EXCHANGE_LAST;;1;1;XEUR;11820389;688;
30.05.2025;10:49:44.901;FGBL SI 20250908 PS;SIMPLE_INSTRUMENT;EFS;EUR;97;130.83000000;171;EXCHANGE_LAST;;1;1;XEUR;12372482;688;
30.05.2025;10:49:59.412;FGBL SI 20250606 PS;SIMPLE_INSTRUMENT;EFS;EUR;98;131.07000000;173;EXCHANGE_LAST;;1;1;XEUR;11820389;688;
30.05.2025;10:56:11.172;FGBL SI 20250606 PS;SIMPLE_INSTRUMENT;EFS;EUR;99;130.99000000;217;EXCHANGE_LAST;;1;1;XEUR;11820389;688;
30.05.2025;11:14:11.272;FGBL SI 20250606 PS;SIMPLE_INSTRUMENT;EFS;EUR;100;131.04000000;217;EXCHANGE_LAST;;1;1;XEUR;11820389;688;
30.05.2025;11:14:58.842;FGBL SI 20250606 PS;SIMPLE_INSTRUMENT;EFP_FIN;EUR;101;130.99000000;169;EXCHANGE_LAST;;1;1;XEUR;11820389;688;
30.05.2025;11:15:32.466;FGBL SI 20250606 PS;SIMPLE_INSTRUMENT;EFS;EUR;102;131.01000000;474;EXCHANGE_LAST;;1;1;XEUR;11820389;688;
30.05.2025;11:16:18.952;FGBL SI 20250908 PS;SIMPLE_INSTRUMENT;EFS;EUR;103;130.82000000;471;EXCHANGE_LAST;;1;1;XEUR;12372482;688;
30.05.2025;11:20:35.365;FGBL SI 20250606 PS;SIMPLE_INSTRUMENT;BLOCK;EUR;104;130.96000000;4006;EXCHANGE_LAST;;1;1;XEUR;11820389;688;
30.05.2025;11:21:57.300;FGBL SI 20250908 PS;SIMPLE_INSTRUMENT;BLOCK;EUR;105;130.76000000;2003;EXCHANGE_LAST;;1;1;XEUR;12372482;688;
30.05.2025;11:22:05.312;FGBL SI 20250908 PS;SIMPLE_INSTRUMENT;BLOCK;EUR;106;130.77000000;2003;EXCHANGE_LAST;;1;1;XEUR;12372482;688;
30.05.2025;11:23:10.735;FGBL SI 20250606 PS;SIMPLE_INSTRUMENT;EFS;EUR;107;130.96000000;217;EXCHANGE_LAST;;1;1;XEUR;11820389;688;
30.05.2025;11:33:31.017;FGBL SI 20250606 PS;SIMPLE_INSTRUMENT;EFS;EUR;108;130.95000000;432;EXCHANGE_LAST;;1;1;XEUR;11820389;688;
30.05.2025;11:44:57.562;FGBL SI 20250606 PS;SIMPLE_INSTRUMENT;EFS;EUR;109;130.96000000;217;EXCHANGE_LAST;;1;1;XEUR;11820389;688;
30.05.2025;11:49:07.603;FGBL SI 20250606 PS;SIMPLE_INSTRUMENT;EFS;EUR;110;130.96000000;174;EXCHANGE_LAST;;1;1;XEUR;11820389;688;
30.05.2025;11:53:41.546;FGBL SI 20250606 PS;SIMPLE_INSTRUMENT;EFS;EUR;111;130.98000000;345;EXCHANGE_LAST;;1;1;XEUR;11820389;688;
30.05.2025;11:54:25.077;FGBL SI 20250908 PS;SIMPLE_INSTRUMENT;EFS;EUR;112;130.79000000;341;EXCHANGE_LAST;;1;1;XEUR;12372482;688;
30.05.2025;11:55:35.571;FGBL SI 20250606 PS;SIMPLE_INSTRUMENT;EFS;EUR;113;130.97000000;434;EXCHANGE_LAST;;1;1;XEUR;11820389;688;
30.05.2025;11:59:21.527;FGBL SI 20250606 PS;SIMPLE_INSTRUMENT;EFS;EUR;114;130.99000000;196;EXCHANGE_LAST;;1;1;XEUR;11820389;688;
30.05.2025;12:02:07.989;FGBL SI 20250606 PS;SIMPLE_INSTRUMENT;EFP_FIN;EUR;115;130.96000000;135;EXCHANGE_LAST;;1;1;XEUR;11820389;688;
30.05.2025;12:22:49.998;FGBL.S.JUN25.SEP25.SPD;FUTURES_SPREAD;BLOCK;EUR;116;0.19000000;2570;EXCHANGE_LAST;;1;1;XEUR;72060548975427678;688;
30.05.2025;12:22:49.998;FGBL SI 20250606 PS;SIMPLE_INSTRUMENT;BLOCK;EUR;116;131.02000000;2570;PRC_DECOMP_EXCHANGE;;;;XEUR;11820389;688;EXCHANGE
30.05.2025;12:22:49.998;FGBL SI 20250908 PS;SIMPLE_INSTRUMENT;BLOCK;EUR;116;130.83000000;2570;PRC_DECOMP_EXCHANGE;;;;XEUR;12372482;688;EXCHANGE
30.05.2025;12:29:51.231;FGBL SI 20250606 PS;SIMPLE_INSTRUMENT;EFS;EUR;117;131.06000000;217;EXCHANGE_LAST;;1;1;XEUR;11820389;688;
30.05.2025;12:39:08.434;FGBL SI 20250606 PS;SIMPLE_INSTRUMENT;EFS;EUR;118;131.02000000;1580;EXCHANGE_LAST;;1;1;XEUR;11820389;688;
30.05.2025;12:40:07.632;FGBL SI 20250606 PS;SIMPLE_INSTRUMENT;EFS;EUR;119;131.02000000;184;EXCHANGE_LAST;;1;1;XEUR;11820389;688;
30.05.2025;12:41:05.570;FGBL SI 20250908 PS;SIMPLE_INSTRUMENT;EFS;EUR;120;130.82000000;1733;EXCHANGE_LAST;;1;1;XEUR;12372482;688;
30.05.2025;12:54:34.669;FGBL SI 20250606 PS;SIMPLE_INSTRUMENT;EFP_FIN;EUR;121;131.10000000;135;EXCHANGE_LAST;;1;1;XEUR;11820389;688;
30.05.2025;12:55:18.410;FGBL SI 20250606 PS;SIMPLE_INSTRUMENT;EFS;EUR;122;131.15000000;434;EXCHANGE_LAST;;1;1;XEUR;11820389;688;
30.05.2025;12:56:43.475;FGBL SI 20250606 PS;SIMPLE_INSTRUMENT;EFS;EUR;123;131.11000000;434;EXCHANGE_LAST;;1;1;XEUR;11820389;688;
30.05.2025;12:59:48.774;FGBL SI 20250908 PS;SIMPLE_INSTRUMENT;EFS;EUR;124;130.91000000;1934;EXCHANGE_LAST;;1;1;XEUR;12372482;688;
30.05.2025;13:00:50.830;FGBL SI 20250606 PS;SIMPLE_INSTRUMENT;EFS;EUR;125;131.11000000;1952;EXCHANGE_LAST;;1;1;XEUR;11820389;688;
30.05.2025;13:04:12.979;FGBL SI 20250606 PS;SIMPLE_INSTRUMENT;EFP_FIN;EUR;126;131.09000000;85;EXCHANGE_LAST;;1;1;XEUR;11820389;688;
30.05.2025;13:08:17.531;FGBL SI 20250606 PS;SIMPLE_INSTRUMENT;EFS;EUR;127;131.05000000;868;EXCHANGE_LAST;;1;1;XEUR;11820389;688;
30.05.2025;13:11:13.617;FGBL SI 20250606 PS;SIMPLE_INSTRUMENT;EFS;EUR;128;131.12000000;699;EXCHANGE_LAST;;1;1;XEUR;11820389;688;
30.05.2025;13:12:16.308;FGBL SI 20250606 PS;SIMPLE_INSTRUMENT;EFS;EUR;129;131.06000000;355;EXCHANGE_LAST;;1;1;XEUR;11820389;688;
30.05.2025;13:12:21.976;FGBL SI 20250908 PS;SIMPLE_INSTRUMENT;EFS;EUR;130;130.95000000;692;EXCHANGE_LAST;;1;1;XEUR;12372482;688;
30.05.2025;13:14:27.165;FGBL SI 20250908 PS;SIMPLE_INSTRUMENT;EFS;EUR;131;130.85000000;342;EXCHANGE_LAST;;1;1;XEUR;12372482;688;
30.05.2025;13:27:52.320;FGBL SI 20250606 PS;SIMPLE_INSTRUMENT;EFS;EUR;132;131.11000000;195;EXCHANGE_LAST;;1;1;XEUR;11820389;688;
30.05.2025;13:28:08.343;FGBL SI 20250606 PS;SIMPLE_INSTRUMENT;EFS;EUR;133;131.24000000;646;EXCHANGE_LAST;;1;1;XEUR;11820389;688;
30.05.2025;13:28:18.344;FGBL SI 20250606 PS;SIMPLE_INSTRUMENT;EFS;EUR;134;131.24000000;646;EXCHANGE_LAST;;1;1;XEUR;11820389;688;
30.05.2025;13:31:18.705;FGBL SI 20250606 PS;SIMPLE_INSTRUMENT;EFS;EUR;135;131.14000000;430;EXCHANGE_LAST;;1;1;XEUR;11820389;688;
30.05.2025;13:42:26.650;FGBL SI 20250606 PS;SIMPLE_INSTRUMENT;EFP_FIN;EUR;136;131.10000000;155;EXCHANGE_LAST;;1;1;XEUR;11820389;688;
30.05.2025;13:43:18.583;FGBL SI 20250606 PS;SIMPLE_INSTRUMENT;EFS;EUR;137;131.07000000;434;EXCHANGE_LAST;;1;1;XEUR;11820389;688;
30.05.2025;13:48:30.512;FGBL SI 20250606 PS;SIMPLE_INSTRUMENT;EFS;EUR;138;131.08000000;1034;EXCHANGE_LAST;;1;1;XEUR;11820389;688;
30.05.2025;13:49:53.111;FGBL SI 20250606 PS;SIMPLE_INSTRUMENT;EFP_FIN;EUR;139;131.10000000;489;EXCHANGE_LAST;;1;1;XEUR;11820389;688;
30.05.2025;13:52:46.158;FGBL SI 20250606 PS;SIMPLE_INSTRUMENT;EFP_FIN;EUR;140;131.05000000;233;EXCHANGE_LAST;;1;1;XEUR;11820389;688;
30.05.2025;13:54:29.054;FGBL SI 20250606 PS;SIMPLE_INSTRUMENT;EFP_FIN;EUR;141;131.13000000;368;EXCHANGE_LAST;;1;1;XEUR;11820389;688;
30.05.2025;13:57:52.040;FGBL SI 20250606 PS;SIMPLE_INSTRUMENT;EFS;EUR;142;131.13000000;733;EXCHANGE_LAST;;1;1;XEUR;11820389;688;
30.05.2025;13:58:49.790;FGBL SI 20250908 PS;SIMPLE_INSTRUMENT;EFS;EUR;143;130.93000000;726;EXCHANGE_LAST;;1;1;XEUR;12372482;688;
30.05.2025;14:00:07.201;FGBL SI 20250606 PS;SIMPLE_INSTRUMENT;EFS;EUR;144;131.11000000;185;EXCHANGE_LAST;;1;1;XEUR;11820389;688;
30.05.2025;14:02:50.821;FGBL SI 20250606 PS;SIMPLE_INSTRUMENT;EFS;EUR;145;131.09000000;216;EXCHANGE_LAST;;1;1;XEUR;11820389;688;
30.05.2025;14:05:26.095;FGBL SI 20250606 PS;SIMPLE_INSTRUMENT;EFS;EUR;146;131.16000000;244;EXCHANGE_LAST;;1;1;XEUR;11820389;688;
30.05.2025;14:07:31.836;FGBL SI 20250606 PS;SIMPLE_INSTRUMENT;EFS;EUR;147;131.10000000;332;EXCHANGE_LAST;;1;1;XEUR;11820389;688;
30.05.2025;14:13:32.239;FGBL SI 20250606 PS;SIMPLE_INSTRUMENT;EFS;EUR;148;131.16000000;224;EXCHANGE_LAST;;1;1;XEUR;11820389;688;
30.05.2025;14:16:06.069;FGBL SI 20250606 PS;SIMPLE_INSTRUMENT;EFS;EUR;149;131.18000000;217;EXCHANGE_LAST;;1;1;XEUR;11820389;688;
30.05.2025;14:16:06.114;FGBL SI 20250606 PS;SIMPLE_INSTRUMENT;EFS;EUR;150;131.18000000;217;EXCHANGE_LAST;;1;1;XEUR;11820389;688;
30.05.2025;14:20:12.258;FGBL SI 20250908 PS;SIMPLE_INSTRUMENT;EFS;EUR;151;130.99000000;193;EXCHANGE_LAST;;1;1;XEUR;12372482;688;
30.05.2025;14:19:56.234;FGBL SI 20250606 PS;SIMPLE_INSTRUMENT;EFS;EUR;152;131.20000000;217;EXCHANGE_LAST;;1;1;XEUR;11820389;688;
30.05.2025;14:20:06.245;FGBL SI 20250606 PS;SIMPLE_INSTRUMENT;EFS;EUR;153;131.20000000;434;EXCHANGE_LAST;;1;1;XEUR;11820389;688;
30.05.2025;14:21:53.620;FGBL SI 20250908 PS;SIMPLE_INSTRUMENT;EFS;EUR;154;130.90000000;214;EXCHANGE_LAST;;1;1;XEUR;12372482;688;
30.05.2025;14:22:47.813;FGBL SI 20250606 PS;SIMPLE_INSTRUMENT;EFS;EUR;155;131.09000000;229;EXCHANGE_LAST;;1;1;XEUR;11820389;688;
30.05.2025;14:23:23.924;FGBL SI 20250606 PS;SIMPLE_INSTRUMENT;EFS;EUR;156;131.20000000;300;EXCHANGE_LAST;;1;1;XEUR;11820389;688;
30.05.2025;14:26:11.243;FGBL SI 20250606 PS;SIMPLE_INSTRUMENT;EFS;EUR;157;131.20000000;431;EXCHANGE_LAST;;1;1;XEUR;11820389;688;
30.05.2025;14:35:39.845;FGBL SI 20250606 PS;SIMPLE_INSTRUMENT;EFS;EUR;158;131.20000000;217;EXCHANGE_LAST;;1;1;XEUR;11820389;688;
30.05.2025;14:36:37.774;FGBL SI 20250606 PS;SIMPLE_INSTRUMENT;EFS;EUR;159;131.20000000;434;EXCHANGE_LAST;;1;1;XEUR;11820389;688;
30.05.2025;14:37:22.727;FGBL SI 20250606 PS;SIMPLE_INSTRUMENT;EFS;EUR;160;131.20000000;217;EXCHANGE_LAST;;1;1;XEUR;11820389;688;
30.05.2025;14:38:00.665;FGBL SI 20250606 PS;SIMPLE_INSTRUMENT;EFS;EUR;161;131.17000000;217;EXCHANGE_LAST;;1;1;XEUR;11820389;688;
30.05.2025;14:38:51.027;FGBL SI 20250606 PS;SIMPLE_INSTRUMENT;EFS;EUR;162;131.17000000;269;EXCHANGE_LAST;;1;1;XEUR;11820389;688;
30.05.2025;14:40:00.552;FGBL SI 20250606 PS;SIMPLE_INSTRUMENT;EFS;EUR;163;131.13000000;244;EXCHANGE_LAST;;1;1;XEUR;11820389;688;
30.05.2025;14:42:03.296;FGBL SI 20250606 PS;SIMPLE_INSTRUMENT;EFS;EUR;164;131.11000000;434;EXCHANGE_LAST;;1;1;XEUR;11820389;688;
30.05.2025;14:43:08.397;FGBL SI 20250606 PS;SIMPLE_INSTRUMENT;EFS;EUR;165;131.11000000;434;EXCHANGE_LAST;;1;1;XEUR;11820389;688;
30.05.2025;14:43:36.158;FGBL SI 20250606 PS;SIMPLE_INSTRUMENT;EFS;EUR;166;131.19000000;1293;EXCHANGE_LAST;;1;1;XEUR;11820389;688;
30.05.2025;14:44:23.924;FGBL SI 20250606 PS;SIMPLE_INSTRUMENT;EFS;EUR;167;131.12000000;868;EXCHANGE_LAST;;1;1;XEUR;11820389;688;
30.05.2025;14:44:26.095;FGBL SI 20250908 PS;SIMPLE_INSTRUMENT;EFS;EUR;168;131.00000000;1281;EXCHANGE_LAST;;1;1;XEUR;12372482;688;
30.05.2025;14:45:19.516;FGBL SI 20250606 PS;SIMPLE_INSTRUMENT;EFS;EUR;169;131.12000000;434;EXCHANGE_LAST;;1;1;XEUR;11820389;688;
30.05.2025;14:49:56.548;FGBL SI 20250606 PS;SIMPLE_INSTRUMENT;EFP_FIN;EUR;170;131.10000000;112;EXCHANGE_LAST;;1;1;XEUR;11820389;688;
30.05.2025;14:55:29.956;FGBL SI 20250606 PS;SIMPLE_INSTRUMENT;EFS;EUR;171;131.03000000;217;EXCHANGE_LAST;;1;1;XEUR;11820389;688;
30.05.2025;14:56:37.861;FGBL SI 20250908 PS;SIMPLE_INSTRUMENT;EFS;EUR;172;130.87000000;85;EXCHANGE_LAST;;1;1;XEUR;12372482;688;
30.05.2025;15:00:54.700;FGBL SI 20250908 PS;SIMPLE_INSTRUMENT;EFS;EUR;173;130.91000000;171;EXCHANGE_LAST;;1;1;XEUR;12372482;688;
30.05.2025;15:03:25.322;FGBL SI 20250606 PS;SIMPLE_INSTRUMENT;EFS;EUR;174;131.10000000;217;EXCHANGE_LAST;;1;1;XEUR;11820389;688;
30.05.2025;15:07:21.046;FGBL SI 20250606 PS;SIMPLE_INSTRUMENT;EFS;EUR;175;131.11000000;431;EXCHANGE_LAST;;1;1;XEUR;11820389;688;
30.05.2025;15:10:59.906;FGBL SI 20250606 PS;SIMPLE_INSTRUMENT;EFS;EUR;176;131.11000000;173;EXCHANGE_LAST;;1;1;XEUR;11820389;688;
30.05.2025;15:21:17.122;FGBL SI 20250606 PS;SIMPLE_INSTRUMENT;EFS;EUR;177;131.23000000;651;EXCHANGE_LAST;;1;1;XEUR;11820389;688;
30.05.2025;15:21:27.134;FGBL SI 20250606 PS;SIMPLE_INSTRUMENT;EFS;EUR;178;131.23000000;130;EXCHANGE_LAST;;1;1;XEUR;11820389;688;
30.05.2025;15:21:38.146;FGBL SI 20250606 PS;SIMPLE_INSTRUMENT;EFS;EUR;179;131.24000000;434;EXCHANGE_LAST;;1;1;XEUR;11820389;688;
30.05.2025;15:26:39.217;FGBL SI 20250606 PS;SIMPLE_INSTRUMENT;EFS;EUR;180;131.26000000;304;EXCHANGE_LAST;;1;1;XEUR;11820389;688;
30.05.2025;15:27:25.083;FGBL SI 20250606 PS;SIMPLE_INSTRUMENT;EFS;EUR;181;131.27000000;434;EXCHANGE_LAST;;1;1;XEUR;11820389;688;
30.05.2025;15:27:45.964;FGBL SI 20250606 PS;SIMPLE_INSTRUMENT;EFS;EUR;182;131.21000000;1750;EXCHANGE_LAST;;1;1;XEUR;11820389;688;
30.05.2025;15:31:50.707;FGBL SI 20250606 PS;SIMPLE_INSTRUMENT;EFS;EUR;183;131.11000000;1292;EXCHANGE_LAST;;1;1;XEUR;11820389;688;
30.05.2025;15:32:53.711;FGBL SI 20250908 PS;SIMPLE_INSTRUMENT;EFS;EUR;184;130.92000000;1280;EXCHANGE_LAST;;1;1;XEUR;12372482;688;
30.05.2025;15:39:20.994;FGBL SI 20250606 PS;SIMPLE_INSTRUMENT;EFS;EUR;185;131.27000000;20;EXCHANGE_LAST;;1;1;XEUR;11820389;688;
30.05.2025;15:36:40.792;FGBL SI 20250606 PS;SIMPLE_INSTRUMENT;EFS;EUR;186;131.04000000;434;EXCHANGE_LAST;;1;1;XEUR;11820389;688;
30.05.2025;15:44:53.036;FGBL SI 20250606 PS;SIMPLE_INSTRUMENT;BLOCK;EUR;189;131.25000000;2255;EXCHANGE_LAST;;1;1;XEUR;11820389;688;
30.05.2025;15:46:50.176;FGBL SI 20250606 PS;SIMPLE_INSTRUMENT;EFS;EUR;190;131.18000000;1797;EXCHANGE_LAST;;1;1;XEUR;11820389;688;
30.05.2025;15:47:44.626;FGBL SI 20250606 PS;SIMPLE_INSTRUMENT;EFS;EUR;191;131.27000000;1464;EXCHANGE_LAST;;1;1;XEUR;11820389;688;
30.05.2025;15:48:45.257;FGBL SI 20250908 PS;SIMPLE_INSTRUMENT;EFS;EUR;192;131.08000000;1451;EXCHANGE_LAST;;1;1;XEUR;12372482;688;
30.05.2025;15:49:17.305;FGBL SI 20250908 PS;SIMPLE_INSTRUMENT;EFS;EUR;193;130.95000000;1781;EXCHANGE_LAST;;1;1;XEUR;12372482;688;
30.05.2025;15:54:45.774;FGBL SI 20250606 PS;SIMPLE_INSTRUMENT;EFS;EUR;194;131.26000000;500;EXCHANGE_LAST;;1;1;XEUR;11820389;688;
30.05.2025;16:00:13.111;FGBL SI 20250606 PS;SIMPLE_INSTRUMENT;EFS;EUR;195;131.32000000;300;EXCHANGE_LAST;;1;1;XEUR;11820389;688;
30.05.2025;16:08:57.241;FGBL SI 20250908 PS;SIMPLE_INSTRUMENT;EFS;EUR;196;131.08000000;102;EXCHANGE_LAST;;1;1;XEUR;12372482;688;
30.05.2025;07:03:03.133;FGBL SI 20250606 PS;SIMPLE_INSTRUMENT;VOLA;EUR;268435463;131.27000000;72;EXCHANGE_LAST;;1;1;XEUR;11820389;688;
30.05.2025;08:01:23.036;FGBL SI 20250606 PS;SIMPLE_INSTRUMENT;VOLA;EUR;268435475;131.33000000;20;EXCHANGE_LAST;;1;1;XEUR;11820389;688;
30.05.2025;08:02:36.606;FGBL SI 20250606 PS;SIMPLE_INSTRUMENT;VOLA;EUR;268435478;131.33000000;20;EXCHANGE_LAST;;1;1;XEUR;11820389;688;
30.05.2025;08:09:40.042;FGBL SI 20250606 PS;SIMPLE_INSTRUMENT;VOLA;EUR;268435487;131.33000000;34;EXCHANGE_LAST;;1;1;XEUR;11820389;688;
30.05.2025;08:33:04.040;FGBL SI 20250908 PS;SIMPLE_INSTRUMENT;VOLA;EUR;268435493;130.95000000;38;EXCHANGE_LAST;;1;1;XEUR;12372482;688;
30.05.2025;08:34:42.102;FGBL SI 20250908 PS;SIMPLE_INSTRUMENT;VOLA;EUR;268435495;130.98000000;42;EXCHANGE_LAST;;1;1;XEUR;12372482;688;
30.05.2025;12:04:55.487;FGBL SI 20250908 PS;SIMPLE_INSTRUMENT;VOLA;EUR;268435505;130.82000000;23;EXCHANGE_LAST;;1;1;XEUR;12372482;688;
30.05.2025;14:23:01.177;FGBL SI 20250908 PS;SIMPLE_INSTRUMENT;VOLA;EUR;268435520;130.99000000;140;EXCHANGE_LAST;;1;1;XEUR;12372482;688;
30.05.2025;14:23:29.190;FGBL SI 20250908 PS;SIMPLE_INSTRUMENT;VOLA;EUR;268435521;130.99000000;140;EXCHANGE_LAST;;1;1;XEUR;12372482;688;
30.05.2025;14:31:52.636;FGBL SI 20250908 PS;SIMPLE_INSTRUMENT;VOLA;EUR;268435526;130.99000000;140;EXCHANGE_LAST;;1;1;XEUR;12372482;688;
30.05.2025;14:32:54.428;FGBL SI 20250908 PS;SIMPLE_INSTRUMENT;VOLA;EUR;268435528;130.99000000;140;EXCHANGE_LAST;;1;1;XEUR;12372482;688;
30.05.2025;07:37:45.918;FGBM SI 20250606 PS;SIMPLE_INSTRUMENT;EFS;EUR;1;119.21000000;92;EXCHANGE_LAST;;1;1;XEUR;11820390;689;
30.05.2025;07:51:33.139;FGBM SI 20250606 PS;SIMPLE_INSTRUMENT;EFS;EUR;2;119.20000000;434;EXCHANGE_LAST;;1;1;XEUR;11820390;689;
30.05.2025;07:59:09.248;FGBM SI 20250606 PS;SIMPLE_INSTRUMENT;EFS;EUR;3;119.19000000;1381;EXCHANGE_LAST;;1;1;XEUR;11820390;689;
30.05.2025;07:59:13.885;FGBM SI 20250606 PS;SIMPLE_INSTRUMENT;EFS;EUR;4;119.15000000;1220;EXCHANGE_LAST;;1;1;XEUR;11820390;689;
30.05.2025;07:59:22.887;FGBM SI 20250606 PS;SIMPLE_INSTRUMENT;EFS;EUR;5;119.15000000;1220;EXCHANGE_LAST;;1;1;XEUR;11820390;689;
30.05.2025;08:00:29.101;FGBM SI 20250606 PS;SIMPLE_INSTRUMENT;EFS;EUR;6;119.18000000;434;EXCHANGE_LAST;;1;1;XEUR;11820390;689;
30.05.2025;08:01:04.601;FGBM SI 20250606 PS;SIMPLE_INSTRUMENT;EFS;EUR;7;119.17000000;434;EXCHANGE_LAST;;1;1;XEUR;11820390;689;
30.05.2025;08:03:32.141;FGBM SI 20250606 PS;SIMPLE_INSTRUMENT;EFP_FIN;EUR;8;119.16000000;338;EXCHANGE_LAST;;1;1;XEUR;11820390;689;
30.05.2025;08:04:39.450;FGBM SI 20250606 PS;SIMPLE_INSTRUMENT;EFS;EUR;9;119.16000000;868;EXCHANGE_LAST;;1;1;XEUR;11820390;689;
30.05.2025;08:07:14.808;FGBM.S.JUN25.SEP25.SPD;FUTURES_SPREAD;BLOCK;EUR;10;1.01000000;14000;EXCHANGE_LAST;;1;1;XEUR;72060553270394974;689;
30.05.2025;08:07:14.808;FGBM SI 20250908 PS;SIMPLE_INSTRUMENT;BLOCK;EUR;10;118.09000000;14000;PRC_DECOMP_EXCHANGE;;;;XEUR;12372483;689;EXCHANGE
30.05.2025;08:07:14.808;FGBM SI 20250606 PS;SIMPLE_INSTRUMENT;BLOCK;EUR;10;119.10000000;14000;PRC_DECOMP_EXCHANGE;;;;XEUR;11820390;689;EXCHANGE
30.05.2025;08:28:17.762;FGBM SI 20250606 PS;SIMPLE_INSTRUMENT;EFS;EUR;11;119.07000000;818;EXCHANGE_LAST;;1;1;XEUR;11820390;689;
30.05.2025;08:39:36.508;FGBM SI 20250606 PS;SIMPLE_INSTRUMENT;BLOCK;EUR;12;119.06000000;6000;EXCHANGE_LAST;;1;1;XEUR;11820390;689;
30.05.2025;08:39:43.108;FGBM SI 20250908 PS;SIMPLE_INSTRUMENT;BLOCK;EUR;13;118.04000000;3000;EXCHANGE_LAST;;1;1;XEUR;12372483;689;
30.05.2025;08:39:52.427;FGBM SI 20250908 PS;SIMPLE_INSTRUMENT;BLOCK;EUR;14;118.05000000;3000;EXCHANGE_LAST;;1;1;XEUR;12372483;689;
30.05.2025;08:59:28.064;FGBM SI 20250606 PS;SIMPLE_INSTRUMENT;EFS;EUR;15;119.07000000;3688;EXCHANGE_LAST;;1;1;XEUR;11820390;689;
30.05.2025;09:00:38.068;FGBM SI 20250908 PS;SIMPLE_INSTRUMENT;EFS;EUR;16;118.05000000;3912;EXCHANGE_LAST;;1;1;XEUR;12372483;689;
30.05.2025;09:06:43.001;FGBM SI 20250606 PS;SIMPLE_INSTRUMENT;EFP_FIN;EUR;17;119.16000000;852;EXCHANGE_LAST;;1;1;XEUR;11820390;689;
30.05.2025;09:13:33.107;FGBM SI 20250606 PS;SIMPLE_INSTRUMENT;EFP_FIN;EUR;18;119.09000000;1067;EXCHANGE_LAST;;1;1;XEUR;11820390;689;
30.05.2025;09:24:03.032;FGBM SI 20250606 PS;SIMPLE_INSTRUMENT;EFS;EUR;19;119.07000000;553;EXCHANGE_LAST;;1;1;XEUR;11820390;689;
30.05.2025;09:30:28.962;FGBM SI 20250606 PS;SIMPLE_INSTRUMENT;EFS;EUR;20;119.06000000;869;EXCHANGE_LAST;;1;1;XEUR;11820390;689;
30.05.2025;09:31:28.912;FGBM SI 20250606 PS;SIMPLE_INSTRUMENT;EFP_FIN;EUR;21;119.21000000;1278;EXCHANGE_LAST;;1;1;XEUR;11820390;689;
30.05.2025;09:40:38.089;FGBM SI 20250606 PS;SIMPLE_INSTRUMENT;EFS;EUR;22;119.08000000;1628;EXCHANGE_LAST;;1;1;XEUR;11820390;689;
30.05.2025;09:51:54.796;FGBM SI 20250606 PS;SIMPLE_INSTRUMENT;EFP_FIN;EUR;23;119.07000000;457;EXCHANGE_LAST;;1;1;XEUR;11820390;689;
30.05.2025;09:52:05.108;FGBM SI 20250606 PS;SIMPLE_INSTRUMENT;EFP_FIN;EUR;24;119.09000000;290;EXCHANGE_LAST;;1;1;XEUR;11820390;689;
30.05.2025;09:58:39.172;FGBM SI 20250606 PS;SIMPLE_INSTRUMENT;EFP_FIN;EUR;25;119.05000000;1054;EXCHANGE_LAST;;1;1;XEUR;11820390;689;
30.05.2025;10:20:10.917;FGBM SI 20250606 PS;SIMPLE_INSTRUMENT;EFS;EUR;26;119.07000000;868;EXCHANGE_LAST;;1;1;XEUR;11820390;689;
30.05.2025;10:20:19.300;FGBM SI 20250606 PS;SIMPLE_INSTRUMENT;EFS;EUR;27;119.05000000;813;EXCHANGE_LAST;;1;1;XEUR;11820390;689;
30.05.2025;10:20:58.549;FGBM SI 20250606 PS;SIMPLE_INSTRUMENT;EFP_FIN;EUR;28;119.05000000;1356;EXCHANGE_LAST;;1;1;XEUR;11820390;689;
30.05.2025;10:26:41.977;FGBM SI 20250606 PS;SIMPLE_INSTRUMENT;EFS;EUR;29;119.07000000;602;EXCHANGE_LAST;;1;1;XEUR;11820390;689;
30.05.2025;10:29:55.754;FGBM SI 20250606 PS;SIMPLE_INSTRUMENT;EFP_FIN;EUR;30;119.06000000;407;EXCHANGE_LAST;;1;1;XEUR;11820390;689;
30.05.2025;10:33:24.222;FGBM SI 20250606 PS;SIMPLE_INSTRUMENT;EFS;EUR;31;119.04000000;869;EXCHANGE_LAST;;1;1;XEUR;11820390;689;
30.05.2025;10:41:06.647;FGBM SI 20250606 PS;SIMPLE_INSTRUMENT;EFS;EUR;32;119.06000000;922;EXCHANGE_LAST;;1;1;XEUR;11820390;689;
30.05.2025;11:07:39.619;FGBM SI 20250606 PS;SIMPLE_INSTRUMENT;EFS;EUR;33;119.03000000;1400;EXCHANGE_LAST;;1;1;XEUR;11820390;689;
30.05.2025;11:08:42.845;FGBM SI 20250908 PS;SIMPLE_INSTRUMENT;EFS;EUR;34;118.01000000;1513;EXCHANGE_LAST;;1;1;XEUR;12372483;689;
30.05.2025;11:11:28.162;FGBM SI 20250606 PS;SIMPLE_INSTRUMENT;EFS;EUR;35;119.03000000;749;EXCHANGE_LAST;;1;1;XEUR;11820390;689;
30.05.2025;11:10:58.767;FGBM SI 20250606 PS;SIMPLE_INSTRUMENT;EFS;EUR;36;119.03000000;1894;EXCHANGE_LAST;;1;1;XEUR;11820390;689;
30.05.2025;11:12:26.439;FGBM SI 20250908 PS;SIMPLE_INSTRUMENT;EFS;EUR;37;118.01000000;2009;EXCHANGE_LAST;;1;1;XEUR;12372483;689;
30.05.2025;11:16:36.818;FGBM SI 20250606 PS;SIMPLE_INSTRUMENT;EFP_FIN;EUR;38;119.03000000;76;EXCHANGE_LAST;;1;1;XEUR;11820390;689;
30.05.2025;11:21:17.341;FGBM SI 20250606 PS;SIMPLE_INSTRUMENT;EFP_FIN;EUR;39;119.03000000;114;EXCHANGE_LAST;;1;1;XEUR;11820390;689;
30.05.2025;11:20:39.831;FGBM SI 20250606 PS;SIMPLE_INSTRUMENT;EFP_FIN;EUR;40;119.03000000;95;EXCHANGE_LAST;;1;1;XEUR;11820390;689;
30.05.2025;11:24:47.250;FGBM SI 20250606 PS;SIMPLE_INSTRUMENT;EFS;EUR;41;119.01000000;869;EXCHANGE_LAST;;1;1;XEUR;11820390;689;
30.05.2025;11:35:06.518;FGBM SI 20250908 PS;SIMPLE_INSTRUMENT;EFS;EUR;42;118.00000000;1468;EXCHANGE_LAST;;1;1;XEUR;12372483;689;
30.05.2025;11:39:35.742;FGBM SI 20250606 PS;SIMPLE_INSTRUMENT;EFS;EUR;43;119.03000000;1845;EXCHANGE_LAST;;1;1;XEUR;11820390;689;
30.05.2025;11:41:05.823;FGBM SI 20250606 PS;SIMPLE_INSTRUMENT;BLOCK;EUR;44;119.00000000;6000;EXCHANGE_LAST;;1;1;XEUR;11820390;689;
30.05.2025;11:43:00.410;FGBM SI 20250908 PS;SIMPLE_INSTRUMENT;BLOCK;EUR;45;117.98000000;3000;EXCHANGE_LAST;;1;1;XEUR;12372483;689;
30.05.2025;11:43:12.617;FGBM SI 20250908 PS;SIMPLE_INSTRUMENT;BLOCK;EUR;46;117.99000000;3000;EXCHANGE_LAST;;1;1;XEUR;12372483;689;
30.05.2025;11:49:03.080;FGBM SI 20250606 PS;SIMPLE_INSTRUMENT;EFP_FIN;EUR;47;119.00000000;723;EXCHANGE_LAST;;1;1;XEUR;11820390;689;
30.05.2025;11:51:47.857;FGBM SI 20250606 PS;SIMPLE_INSTRUMENT;EFP_FIN;EUR;48;119.00000000;1278;EXCHANGE_LAST;;1;1;XEUR;11820390;689;
30.05.2025;11:57:27.957;FGBM SI 20250606 PS;SIMPLE_INSTRUMENT;EFS;EUR;49;119.08000000;92;EXCHANGE_LAST;;1;1;XEUR;11820390;689;
30.05.2025;11:57:19.800;FGBM SI 20250606 PS;SIMPLE_INSTRUMENT;EFS;EUR;50;119.03000000;434;EXCHANGE_LAST;;1;1;XEUR;11820390;689;
30.05.2025;12:10:22.376;FGBM SI 20250606 PS;SIMPLE_INSTRUMENT;EFS;EUR;51;119.09000000;435;EXCHANGE_LAST;;1;1;XEUR;11820390;689;
30.05.2025;12:10:22.421;FGBM SI 20250606 PS;SIMPLE_INSTRUMENT;EFS;EUR;52;119.09000000;435;EXCHANGE_LAST;;1;1;XEUR;11820390;689;
30.05.2025;12:19:23.275;FGBM SI 20250606 PS;SIMPLE_INSTRUMENT;EFS;EUR;53;119.01000000;996;EXCHANGE_LAST;;1;1;XEUR;11820390;689;
30.05.2025;12:23:23.041;FGBM SI 20250908 PS;SIMPLE_INSTRUMENT;EFS;EUR;54;118.02000000;862;EXCHANGE_LAST;;1;1;XEUR;12372483;689;
30.05.2025;12:23:34.950;FGBM SI 20250606 PS;SIMPLE_INSTRUMENT;EFS;EUR;55;119.03000000;435;EXCHANGE_LAST;;1;1;XEUR;11820390;689;
30.05.2025;12:30:27.048;FGBM SI 20250606 PS;SIMPLE_INSTRUMENT;EFP_FIN;EUR;56;119.04000000;485;EXCHANGE_LAST;;1;1;XEUR;11820390;689;
30.05.2025;13:06:52.492;FGBM SI 20250606 PS;SIMPLE_INSTRUMENT;EFS;EUR;57;119.03000000;1635;EXCHANGE_LAST;;1;1;XEUR;11820390;689;
30.05.2025;13:23:28.876;FGBM SI 20250606 PS;SIMPLE_INSTRUMENT;EFS;EUR;58;119.07000000;431;EXCHANGE_LAST;;1;1;XEUR;11820390;689;
30.05.2025;13:24:53.479;FGBM SI 20250606 PS;SIMPLE_INSTRUMENT;EFS;EUR;59;119.04000000;434;EXCHANGE_LAST;;1;1;XEUR;11820390;689;
30.05.2025;13:43:11.286;FGBM SI 20250908 PS;SIMPLE_INSTRUMENT;EFS;EUR;60;118.04000000;1486;EXCHANGE_LAST;;1;1;XEUR;12372483;689;
30.05.2025;13:44:11.463;FGBM SI 20250606 PS;SIMPLE_INSTRUMENT;EFP_FIN;EUR;61;119.04000000;969;EXCHANGE_LAST;;1;1;XEUR;11820390;689;
30.05.2025;13:48:23.670;FGBM SI 20250606 PS;SIMPLE_INSTRUMENT;EFS;EUR;62;119.06000000;427;EXCHANGE_LAST;;1;1;XEUR;11820390;689;
30.05.2025;13:51:34.449;FGBM SI 20250908 PS;SIMPLE_INSTRUMENT;EFS;EUR;63;118.05000000;449;EXCHANGE_LAST;;1;1;XEUR;12372483;689;
30.05.2025;13:55:55.796;FGBM SI 20250606 PS;SIMPLE_INSTRUMENT;EFS;EUR;64;119.08000000;868;EXCHANGE_LAST;;1;1;XEUR;11820390;689;
30.05.2025;13:57:10.034;FGBM SI 20250606 PS;SIMPLE_INSTRUMENT;EFS;EUR;65;119.08000000;868;EXCHANGE_LAST;;1;1;XEUR;11820390;689;
30.05.2025;13:59:04.917;FGBM SI 20250606 PS;SIMPLE_INSTRUMENT;EFS;EUR;66;119.07000000;868;EXCHANGE_LAST;;1;1;XEUR;11820390;689;
30.05.2025;14:14:56.843;FGBM SI 20250606 PS;SIMPLE_INSTRUMENT;EFP_FIN;EUR;67;119.10000000;104;EXCHANGE_LAST;;1;1;XEUR;11820390;689;
30.05.2025;14:20:03.310;FGBM SI 20250606 PS;SIMPLE_INSTRUMENT;EFP_FIN;EUR;69;119.09000000;485;EXCHANGE_LAST;;1;1;XEUR;11820390;689;
30.05.2025;14:22:49.002;FGBM SI 20250606 PS;SIMPLE_INSTRUMENT;EFS;EUR;70;119.08000000;184;EXCHANGE_LAST;;1;1;XEUR;11820390;689;
30.05.2025;14:25:35.158;FGBM SI 20250606 PS;SIMPLE_INSTRUMENT;EFP_FIN;EUR;71;119.09000000;243;EXCHANGE_LAST;;1;1;XEUR;11820390;689;
30.05.2025;14:30:38.520;FGBM SI 20250606 PS;SIMPLE_INSTRUMENT;EFP_FIN;EUR;72;119.12000000;437;EXCHANGE_LAST;;1;1;XEUR;11820390;689;
30.05.2025;14:38:33.546;FGBM SI 20250908 PS;SIMPLE_INSTRUMENT;EFS;EUR;73;118.10000000;2000;EXCHANGE_LAST;;1;1;XEUR;12372483;689;
30.05.2025;14:38:36.510;FGBM SI 20250606 PS;SIMPLE_INSTRUMENT;EFP_FIN;EUR;74;119.12000000;82;EXCHANGE_LAST;;1;1;XEUR;11820390;689;
30.05.2025;14:42:57.561;FGBM SI 20250606 PS;SIMPLE_INSTRUMENT;EFS;EUR;75;119.09000000;3788;EXCHANGE_LAST;;1;1;XEUR;11820390;689;
30.05.2025;14:43:03.562;FGBM SI 20250908 PS;SIMPLE_INSTRUMENT;EFS;EUR;76;118.08000000;4017;EXCHANGE_LAST;;1;1;XEUR;12372483;689;
30.05.2025;14:43:08.351;FGBM SI 20250606 PS;SIMPLE_INSTRUMENT;EFS;EUR;77;119.08000000;817;EXCHANGE_LAST;;1;1;XEUR;11820390;689;
30.05.2025;14:43:10.945;FGBM SI 20250908 PS;SIMPLE_INSTRUMENT;EFS;EUR;78;118.08000000;4017;EXCHANGE_LAST;;1;1;XEUR;12372483;689;
30.05.2025;14:44:27.954;FGBM SI 20250606 PS;SIMPLE_INSTRUMENT;EFS;EUR;79;119.09000000;3788;EXCHANGE_LAST;;1;1;XEUR;11820390;689;
30.05.2025;14:45:19.471;FGBM SI 20250606 PS;SIMPLE_INSTRUMENT;EFS;EUR;80;119.09000000;817;EXCHANGE_LAST;;1;1;XEUR;11820390;689;
30.05.2025;14:45:20.597;FGBM.S.JUN25.SEP25.SPD;FUTURES_SPREAD;BLOCK;EUR;81;1.01000000;5314;EXCHANGE_LAST;;1;1;XEUR;72060553270394974;689;
30.05.2025;14:45:20.597;FGBM SI 20250908 PS;SIMPLE_INSTRUMENT;BLOCK;EUR;81;118.10000000;5314;PRC_DECOMP_MEMBER;;;;XEUR;12372483;689;MEMBER
30.05.2025;14:45:20.597;FGBM SI 20250606 PS;SIMPLE_INSTRUMENT;BLOCK;EUR;81;119.11000000;5314;PRC_DECOMP_MEMBER;;;;XEUR;11820390;689;MEMBER
30.05.2025;14:45:32.512;FGBM SI 20250606 PS;SIMPLE_INSTRUMENT;EFS;EUR;82;119.09000000;1588;EXCHANGE_LAST;;1;1;XEUR;11820390;689;
30.05.2025;14:51:12.783;FGBM SI 20250606 PS;SIMPLE_INSTRUMENT;BLOCK;EUR;83;119.05000000;5000;EXCHANGE_LAST;;1;1;XEUR;11820390;689;
30.05.2025;14:51:42.678;FGBM SI 20250908 PS;SIMPLE_INSTRUMENT;BLOCK;EUR;84;118.03000000;5000;EXCHANGE_LAST;;1;1;XEUR;12372483;689;
30.05.2025;14:55:49.763;FGBM SI 20250606 PS;SIMPLE_INSTRUMENT;EFP_FIN;EUR;85;119.10000000;281;EXCHANGE_LAST;;1;1;XEUR;11820390;689;
30.05.2025;14:56:19.996;FGBM SI 20250606 PS;SIMPLE_INSTRUMENT;EFS;EUR;86;119.04000000;434;EXCHANGE_LAST;;1;1;XEUR;11820390;689;
30.05.2025;15:07:09.368;FGBM SI 20250606 PS;SIMPLE_INSTRUMENT;EFP_FIN;EUR;87;119.12000000;1638;EXCHANGE_LAST;;1;1;XEUR;11820390;689;
30.05.2025;15:13:28.539;FGBM SI 20250606 PS;SIMPLE_INSTRUMENT;EFS;EUR;89;119.09000000;50;EXCHANGE_LAST;;1;1;XEUR;11820390;689;
30.05.2025;15:14:05.524;FGBM SI 20250606 PS;SIMPLE_INSTRUMENT;EFP_FIN;EUR;90;119.07000000;767;EXCHANGE_LAST;;1;1;XEUR;11820390;689;
30.05.2025;15:14:16.774;FGBM SI 20250606 PS;SIMPLE_INSTRUMENT;EFS;EUR;91;119.05000000;1300;EXCHANGE_LAST;;1;1;XEUR;11820390;689;
30.05.2025;15:15:34.017;FGBM SI 20250606 PS;SIMPLE_INSTRUMENT;EFS;EUR;92;119.08000000;868;EXCHANGE_LAST;;1;1;XEUR;11820390;689;
30.05.2025;15:16:03.823;FGBM SI 20250908 PS;SIMPLE_INSTRUMENT;EFS;EUR;93;118.04000000;1380;EXCHANGE_LAST;;1;1;XEUR;12372483;689;
30.05.2025;15:16:54.701;FGBM SI 20250606 PS;SIMPLE_INSTRUMENT;EFS;EUR;94;119.11000000;330;EXCHANGE_LAST;;1;1;XEUR;11820390;689;
30.05.2025;15:19:54.514;FGBM SI 20250606 PS;SIMPLE_INSTRUMENT;EFS;EUR;95;119.11000000;374;EXCHANGE_LAST;;1;1;XEUR;11820390;689;
30.05.2025;15:20:47.095;FGBM SI 20250606 PS;SIMPLE_INSTRUMENT;EFS;EUR;96;119.15000000;868;EXCHANGE_LAST;;1;1;XEUR;11820390;689;
30.05.2025;15:21:11.942;FGBM.S.JUN25.SEP25.SPD;FUTURES_SPREAD;BLOCK;EUR;97;1.01000000;4719;EXCHANGE_LAST;;1;1;XEUR;72060553270394974;689;
30.05.2025;15:21:11.942;FGBM SI 20250606 PS;SIMPLE_INSTRUMENT;BLOCK;EUR;97;119.14000000;4719;PRC_DECOMP_EXCHANGE;;;;XEUR;11820390;689;EXCHANGE
30.05.2025;15:21:11.942;FGBM SI 20250908 PS;SIMPLE_INSTRUMENT;BLOCK;EUR;97;118.13000000;4719;PRC_DECOMP_EXCHANGE;;;;XEUR;12372483;689;EXCHANGE
30.05.2025;15:21:46.438;FGBM SI 20250908 PS;SIMPLE_INSTRUMENT;EFS;EUR;98;118.11000000;397;EXCHANGE_LAST;;1;1;XEUR;12372483;689;
30.05.2025;15:23:30.855;FGBM SI 20250606 PS;SIMPLE_INSTRUMENT;EFS;EUR;99;119.16000000;2000;EXCHANGE_LAST;;1;1;XEUR;11820390;689;
30.05.2025;15:27:12.404;FGBM SI 20250606 PS;SIMPLE_INSTRUMENT;EFS;EUR;100;119.15000000;868;EXCHANGE_LAST;;1;1;XEUR;11820390;689;
30.05.2025;15:29:02.480;FGBM SI 20250606 PS;SIMPLE_INSTRUMENT;EFS;EUR;101;119.16000000;434;EXCHANGE_LAST;;1;1;XEUR;11820390;689;
30.05.2025;15:29:23.854;FGBM SI 20250606 PS;SIMPLE_INSTRUMENT;EFS;EUR;102;119.16000000;763;EXCHANGE_LAST;;1;1;XEUR;11820390;689;
30.05.2025;15:29:27.511;FGBM SI 20250606 PS;SIMPLE_INSTRUMENT;EFS;EUR;103;119.16000000;434;EXCHANGE_LAST;;1;1;XEUR;11820390;689;
30.05.2025;15:30:20.976;FGBM SI 20250908 PS;SIMPLE_INSTRUMENT;EFS;EUR;104;118.15000000;810;EXCHANGE_LAST;;1;1;XEUR;12372483;689;
30.05.2025;15:35:09.157;FGBM SI 20250606 PS;SIMPLE_INSTRUMENT;EFS;EUR;105;119.15000000;1623;EXCHANGE_LAST;;1;1;XEUR;11820390;689;
30.05.2025;15:56:50.678;FGBM SI 20250606 PS;SIMPLE_INSTRUMENT;EFS;EUR;106;119.19000000;868;EXCHANGE_LAST;;1;1;XEUR;11820390;689;
30.05.2025;15:58:51.039;FGBM SI 20250908 PS;SIMPLE_INSTRUMENT;EFS;EUR;107;118.18000000;861;EXCHANGE_LAST;;1;1;XEUR;12372483;689;
30.05.2025;16:08:58.206;FGBM SI 20250606 PS;SIMPLE_INSTRUMENT;EFP_FIN;EUR;108;119.09000000;242;EXCHANGE_LAST;;1;1;XEUR;11820390;689;
30.05.2025;16:11:07.283;FGBM SI 20250606 PS;SIMPLE_INSTRUMENT;EFS;EUR;109;119.21000000;1381;EXCHANGE_LAST;;1;1;XEUR;11820390;689;
30.05.2025;16:19:02.862;FGBM SI 20250606 PS;SIMPLE_INSTRUMENT;EFP_FIN;EUR;110;119.16000000;291;EXCHANGE_LAST;;1;1;XEUR;11820390;689;
30.05.2025;16:20:03.779;FGBM SI 20250606 PS;SIMPLE_INSTRUMENT;EFS;EUR;111;119.20000000;921;EXCHANGE_LAST;;1;1;XEUR;11820390;689;
30.05.2025;07:22:00.580;FGBS SI 20250908 PS;SIMPLE_INSTRUMENT;EFS;EUR;1;107.46000000;1199;EXCHANGE_LAST;;1;1;XEUR;12372484;690;
30.05.2025;07:28:46.289;FGBS SI 20250606 PS;SIMPLE_INSTRUMENT;EFS;EUR;2;107.39000000;7208;EXCHANGE_LAST;;1;1;XEUR;11820391;690;
30.05.2025;07:31:04.684;FGBS SI 20250606 PS;SIMPLE_INSTRUMENT;EFS;EUR;3;107.39500000;2403;EXCHANGE_LAST;;1;1;XEUR;11820391;690;
30.05.2025;07:35:16.410;FGBS SI 20250606 PS;SIMPLE_INSTRUMENT;EFP_FIN;EUR;4;107.39000000;469;EXCHANGE_LAST;;1;1;XEUR;11820391;690;
30.05.2025;07:36:50.235;FGBS SI 20250606 PS;SIMPLE_INSTRUMENT;EFP_FIN;EUR;5;107.39000000;1407;EXCHANGE_LAST;;1;1;XEUR;11820391;690;
30.05.2025;07:47:11.852;FGBS SI 20250606 PS;SIMPLE_INSTRUMENT;EFP_FIN;EUR;6;107.37500000;469;EXCHANGE_LAST;;1;1;XEUR;11820391;690;
30.05.2025;08:07:52.716;FGBS SI 20250606 PS;SIMPLE_INSTRUMENT;EFS;EUR;7;107.38500000;2625;EXCHANGE_LAST;;1;1;XEUR;11820391;690;
30.05.2025;08:10:35.984;FGBS SI 20250606 PS;SIMPLE_INSTRUMENT;EFS;EUR;8;107.38500000;2625;EXCHANGE_LAST;;1;1;XEUR;11820391;690;
30.05.2025;09:01:29.297;FGBS SI 20250606 PS;SIMPLE_INSTRUMENT;BLOCK;EUR;9;107.34500000;10823;EXCHANGE_LAST;;1;1;XEUR;11820391;690;
30.05.2025;09:01:48.061;FGBS SI 20250606 PS;SIMPLE_INSTRUMENT;BLOCK;EUR;10;107.34500000;14278;EXCHANGE_LAST;;1;1;XEUR;11820391;690;
30.05.2025;09:02:29.711;FGBS SI 20250908 PS;SIMPLE_INSTRUMENT;BLOCK;EUR;11;107.41500000;5411;EXCHANGE_LAST;;1;1;XEUR;12372484;690;
30.05.2025;09:02:48.830;FGBS SI 20250908 PS;SIMPLE_INSTRUMENT;BLOCK;EUR;12;107.41500000;7139;EXCHANGE_LAST;;1;1;XEUR;12372484;690;
30.05.2025;09:02:59.491;FGBS SI 20250908 PS;SIMPLE_INSTRUMENT;BLOCK;EUR;13;107.42000000;7139;EXCHANGE_LAST;;1;1;XEUR;12372484;690;
30.05.2025;09:03:08.042;FGBS SI 20250908 PS;SIMPLE_INSTRUMENT;BLOCK;EUR;14;107.42000000;5412;EXCHANGE_LAST;;1;1;XEUR;12372484;690;
30.05.2025;09:03:25.078;FGBS SI 20250606 PS;SIMPLE_INSTRUMENT;EFS;EUR;15;107.34500000;1683;EXCHANGE_LAST;;1;1;XEUR;11820391;690;
30.05.2025;09:12:51.156;FGBS SI 20250606 PS;SIMPLE_INSTRUMENT;EFP_FIN;EUR;17;107.35000000;1819;EXCHANGE_LAST;;1;1;XEUR;11820391;690;
30.05.2025;09:14:42.001;FGBS SI 20250606 PS;SIMPLE_INSTRUMENT;EFP_FIN;EUR;18;107.34500000;1173;EXCHANGE_LAST;;1;1;XEUR;11820391;690;
30.05.2025;09:16:31.241;FGBS SI 20250606 PS;SIMPLE_INSTRUMENT;EFP_FIN;EUR;19;107.35000000;924;EXCHANGE_LAST;;1;1;XEUR;11820391;690;
30.05.2025;09:27:08.595;FGBS SI 20250606 PS;SIMPLE_INSTRUMENT;EFP_FIN;EUR;20;107.34000000;938;EXCHANGE_LAST;;1;1;XEUR;11820391;690;
30.05.2025;09:49:59.901;FGBS SI 20250606 PS;SIMPLE_INSTRUMENT;BLOCK;EUR;21;107.34000000;4223;EXCHANGE_LAST;;1;1;XEUR;11820391;690;
30.05.2025;09:54:08.624;FGBS SI 20250908 PS;SIMPLE_INSTRUMENT;EFS;EUR;22;107.41000000;2721;EXCHANGE_LAST;;1;1;XEUR;12372484;690;
30.05.2025;09:59:00.924;FGBS SI 20250606 PS;SIMPLE_INSTRUMENT;EFS;EUR;23;107.34000000;2412;EXCHANGE_LAST;;1;1;XEUR;11820391;690;
30.05.2025;10:19:11.296;FGBS SI 20250606 PS;SIMPLE_INSTRUMENT;EFS;EUR;24;107.34000000;2401;EXCHANGE_LAST;;1;1;XEUR;11820391;690;
30.05.2025;10:32:52.613;FGBS SI 20250908 PS;SIMPLE_INSTRUMENT;EFS;EUR;25;107.41000000;2161;EXCHANGE_LAST;;1;1;XEUR;12372484;690;
30.05.2025;11:00:41.235;FGBS SI 20250606 PS;SIMPLE_INSTRUMENT;EFP_FIN;EUR;26;107.34000000;938;EXCHANGE_LAST;;1;1;XEUR;11820391;690;
30.05.2025;10:39:19.774;FGBS SI 20250606 PS;SIMPLE_INSTRUMENT;EFP_FIN;EUR;27;107.34000000;1876;EXCHANGE_LAST;;1;1;XEUR;11820391;690;
30.05.2025;10:52:10.989;FGBS SI 20250908 PS;SIMPLE_INSTRUMENT;EFS;EUR;28;107.41000000;1361;EXCHANGE_LAST;;1;1;XEUR;12372484;690;
30.05.2025;10:54:02.151;FGBS SI 20250606 PS;SIMPLE_INSTRUMENT;EFP_FIN;EUR;30;107.34000000;1589;EXCHANGE_LAST;;1;1;XEUR;11820391;690;
30.05.2025;10:54:51.434;FGBS SI 20250908 PS;SIMPLE_INSTRUMENT;EFS;EUR;31;107.41000000;2403;EXCHANGE_LAST;;1;1;XEUR;12372484;690;
30.05.2025;11:01:53.870;FGBS SI 20250606 PS;SIMPLE_INSTRUMENT;EFS;EUR;32;107.34500000;3360;EXCHANGE_LAST;;1;1;XEUR;11820391;690;
30.05.2025;11:01:53.870;FGBS SI 20250908 PS;SIMPLE_INSTRUMENT;EFS;EUR;33;107.41500000;3357;EXCHANGE_LAST;;1;1;XEUR;12372484;690;
30.05.2025;11:05:42.521;FGBS SI 20250606 PS;SIMPLE_INSTRUMENT;EFP_FIN;EUR;34;107.34000000;469;EXCHANGE_LAST;;1;1;XEUR;11820391;690;
30.05.2025;11:10:31.809;FGBS SI 20250606 PS;SIMPLE_INSTRUMENT;BLOCK;EUR;35;107.33000000;8000;EXCHANGE_LAST;;1;1;XEUR;11820391;690;
30.05.2025;11:11:03.561;FGBS SI 20250908 PS;SIMPLE_INSTRUMENT;BLOCK;EUR;36;107.39500000;4000;EXCHANGE_LAST;;1;1;XEUR;12372484;690;
30.05.2025;11:11:13.895;FGBS SI 20250908 PS;SIMPLE_INSTRUMENT;BLOCK;EUR;37;107.40000000;4000;EXCHANGE_LAST;;1;1;XEUR;12372484;690;
30.05.2025;11:13:59.284;FGBS SI 20250606 PS;SIMPLE_INSTRUMENT;EFP_FIN;EUR;38;107.37000000;131;EXCHANGE_LAST;;1;1;XEUR;11820391;690;
30.05.2025;11:29:56.051;FGBS SI 20250606 PS;SIMPLE_INSTRUMENT;EFS;EUR;39;107.32500000;2402;EXCHANGE_LAST;;1;1;XEUR;11820391;690;
30.05.2025;11:32:20.510;FGBS SI 20250908 PS;SIMPLE_INSTRUMENT;EFS;EUR;40;107.39000000;4083;EXCHANGE_LAST;;1;1;XEUR;12372484;690;
30.05.2025;11:40:13.453;FGBS SI 20250908 PS;SIMPLE_INSTRUMENT;EFP_FIN;EUR;41;107.39000000;930;EXCHANGE_LAST;;1;1;XEUR;12372484;690;
30.05.2025;11:45:52.127;FGBS SI 20250606 PS;SIMPLE_INSTRUMENT;EFP_FIN;EUR;42;107.32000000;2346;EXCHANGE_LAST;;1;1;XEUR;11820391;690;
30.05.2025;12:18:51.394;FGBS SI 20250908 PS;SIMPLE_INSTRUMENT;EFP_FIN;EUR;43;107.39000000;465;EXCHANGE_LAST;;1;1;XEUR;12372484;690;
30.05.2025;12:18:59.284;FGBS SI 20250606 PS;SIMPLE_INSTRUMENT;EFP_FIN;EUR;44;107.33000000;465;EXCHANGE_LAST;;1;1;XEUR;11820391;690;
30.05.2025;12:23:12.190;FGBS SI 20250606 PS;SIMPLE_INSTRUMENT;EFS;EUR;45;107.33000000;825;EXCHANGE_LAST;;1;1;XEUR;11820391;690;
30.05.2025;12:24:58.192;FGBS SI 20250908 PS;SIMPLE_INSTRUMENT;EFS;EUR;46;107.39500000;825;EXCHANGE_LAST;;1;1;XEUR;12372484;690;
30.05.2025;12:25:20.465;FGBS SI 20250606 PS;SIMPLE_INSTRUMENT;EFS;EUR;47;107.33000000;2724;EXCHANGE_LAST;;1;1;XEUR;11820391;690;
30.05.2025;12:28:57.041;FGBS SI 20250606 PS;SIMPLE_INSTRUMENT;EFP_FIN;EUR;48;107.39000000;1876;EXCHANGE_LAST;;1;1;XEUR;11820391;690;
30.05.2025;12:35:25.113;FGBS SI 20250606 PS;SIMPLE_INSTRUMENT;EFP_FIN;EUR;49;107.34000000;1877;EXCHANGE_LAST;;1;1;XEUR;11820391;690;
30.05.2025;12:35:53.772;FGBS SI 20250606 PS;SIMPLE_INSTRUMENT;EFP_FIN;EUR;50;107.34000000;1408;EXCHANGE_LAST;;1;1;XEUR;11820391;690;
30.05.2025;12:39:40.151;FGBS SI 20250908 PS;SIMPLE_INSTRUMENT;EFP_FIN;EUR;51;107.39000000;465;EXCHANGE_LAST;;1;1;XEUR;12372484;690;
30.05.2025;12:39:25.825;FGBS SI 20250606 PS;SIMPLE_INSTRUMENT;EFP_FIN;EUR;52;107.33000000;530;EXCHANGE_LAST;;1;1;XEUR;11820391;690;
30.05.2025;12:48:38.785;FGBS SI 20250908 PS;SIMPLE_INSTRUMENT;EFS;EUR;53;107.40000000;2158;EXCHANGE_LAST;;1;1;XEUR;12372484;690;
30.05.2025;12:50:00.052;FGBS SI 20250606 PS;SIMPLE_INSTRUMENT;EFS;EUR;54;107.33000000;1213;EXCHANGE_LAST;;1;1;XEUR;11820391;690;
30.05.2025;12:50:39.411;FGBS SI 20250908 PS;SIMPLE_INSTRUMENT;EFP_FIN;EUR;55;107.39000000;925;EXCHANGE_LAST;;1;1;XEUR;12372484;690;
30.05.2025;12:59:32.663;FGBS SI 20250606 PS;SIMPLE_INSTRUMENT;BLOCK;EUR;56;107.34000000;8000;EXCHANGE_LAST;;1;1;XEUR;11820391;690;
30.05.2025;13:03:21.430;FGBS SI 20250908 PS;SIMPLE_INSTRUMENT;BLOCK;EUR;58;107.41000000;4000;EXCHANGE_LAST;;1;1;XEUR;12372484;690;
30.05.2025;13:03:50.534;FGBS SI 20250908 PS;SIMPLE_INSTRUMENT;BLOCK;EUR;59;107.40500000;4000;EXCHANGE_LAST;;1;1;XEUR;12372484;690;
30.05.2025;13:09:19.284;FGBS SI 20250606 PS;SIMPLE_INSTRUMENT;BLOCK;EUR;60;107.33000000;4094;EXCHANGE_LAST;;1;1;XEUR;11820391;690;
30.05.2025;13:10:23.794;FGBS SI 20250908 PS;SIMPLE_INSTRUMENT;BLOCK;EUR;61;107.40000000;4090;EXCHANGE_LAST;;1;1;XEUR;12372484;690;
30.05.2025;13:22:33.213;FGBS SI 20250606 PS;SIMPLE_INSTRUMENT;EFS;EUR;62;107.33500000;1270;EXCHANGE_LAST;;1;1;XEUR;11820391;690;
30.05.2025;13:41:16.772;FGBS SI 20250606 PS;SIMPLE_INSTRUMENT;EFP_FIN;EUR;63;107.33000000;375;EXCHANGE_LAST;;1;1;XEUR;11820391;690;
30.05.2025;13:43:18.100;FGBS SI 20250606 PS;SIMPLE_INSTRUMENT;EFP_FIN;EUR;64;107.33000000;1876;EXCHANGE_LAST;;1;1;XEUR;11820391;690;
30.05.2025;13:49:05.880;FGBS SI 20250606 PS;SIMPLE_INSTRUMENT;EFP_FIN;EUR;65;107.33000000;469;EXCHANGE_LAST;;1;1;XEUR;11820391;690;
30.05.2025;13:57:35.180;FGBS SI 20250908 PS;SIMPLE_INSTRUMENT;EFP_FIN;EUR;66;107.39000000;3953;EXCHANGE_LAST;;1;1;XEUR;12372484;690;
30.05.2025;14:02:20.208;FGBS SI 20250606 PS;SIMPLE_INSTRUMENT;EFP_FIN;EUR;67;107.33000000;1422;EXCHANGE_LAST;;1;1;XEUR;11820391;690;
30.05.2025;14:01:52.469;FGBS SI 20250606 PS;SIMPLE_INSTRUMENT;EFS;EUR;68;107.33000000;1202;EXCHANGE_LAST;;1;1;XEUR;11820391;690;
30.05.2025;14:19:15.625;FGBS SI 20250908 PS;SIMPLE_INSTRUMENT;EFS;EUR;69;107.41000000;1201;EXCHANGE_LAST;;1;1;XEUR;12372484;690;
30.05.2025;14:30:51.975;FGBS SI 20250606 PS;SIMPLE_INSTRUMENT;EFP_FIN;EUR;70;107.34000000;374;EXCHANGE_LAST;;1;1;XEUR;11820391;690;
30.05.2025;14:40:28.346;FGBS SI 20250606 PS;SIMPLE_INSTRUMENT;BLOCK;EUR;71;107.34500000;7211;EXCHANGE_LAST;;1;1;XEUR;11820391;690;
30.05.2025;14:40:42.548;FGBS SI 20250908 PS;SIMPLE_INSTRUMENT;BLOCK;EUR;72;107.41000000;7206;EXCHANGE_LAST;;1;1;XEUR;12372484;690;
30.05.2025;14:48:19.183;FGBS SI 20250606 PS;SIMPLE_INSTRUMENT;EFP_FIN;EUR;73;107.33000000;938;EXCHANGE_LAST;;1;1;XEUR;11820391;690;
30.05.2025;15:00:30.369;FGBS SI 20250606 PS;SIMPLE_INSTRUMENT;EFP_FIN;EUR;74;107.33000000;394;EXCHANGE_LAST;;1;1;XEUR;11820391;690;
30.05.2025;15:00:38.194;FGBS SI 20250908 PS;SIMPLE_INSTRUMENT;EFS;EUR;75;107.41000000;959;EXCHANGE_LAST;;1;1;XEUR;12372484;690;
30.05.2025;15:16:17.374;FGBS SI 20250606 PS;SIMPLE_INSTRUMENT;EFP_FIN;EUR;76;107.33500000;938;EXCHANGE_LAST;;1;1;XEUR;11820391;690;
30.05.2025;15:20:24.566;FGBS SI 20250606 PS;SIMPLE_INSTRUMENT;EFP_FIN;EUR;77;107.33000000;469;EXCHANGE_LAST;;1;1;XEUR;11820391;690;
30.05.2025;15:29:47.699;FGBS SI 20250606 PS;SIMPLE_INSTRUMENT;EFS;EUR;78;107.34000000;7201;EXCHANGE_LAST;;1;1;XEUR;11820391;690;
30.05.2025;15:30:43.703;FGBS SI 20250908 PS;SIMPLE_INSTRUMENT;EFS;EUR;79;107.41000000;7195;EXCHANGE_LAST;;1;1;XEUR;12372484;690;
30.05.2025;15:33:34.145;FGBS SI 20250606 PS;SIMPLE_INSTRUMENT;EFP_FIN;EUR;80;107.34000000;265;EXCHANGE_LAST;;1;1;XEUR;11820391;690;
30.05.2025;15:33:45.331;FGBS SI 20250606 PS;SIMPLE_INSTRUMENT;EFP_FIN;EUR;81;107.34000000;265;EXCHANGE_LAST;;1;1;XEUR;11820391;690;
30.05.2025;15:45:03.212;FGBS SI 20250908 PS;SIMPLE_INSTRUMENT;EFS;EUR;82;107.42500000;2721;EXCHANGE_LAST;;1;1;XEUR;12372484;690;
30.05.2025;16:02:21.698;FGBS SI 20250606 PS;SIMPLE_INSTRUMENT;EFP_FIN;EUR;83;107.34000000;204;EXCHANGE_LAST;;1;1;XEUR;11820391;690;
30.05.2025;06:15:45.245;FGBX SI 20250606 PS;SIMPLE_INSTRUMENT;BLOCK;EUR;1;121.60000000;1141;EXCHANGE_LAST;;1;1;XEUR;11820392;691;
30.05.2025;06:17:11.331;FGBX SI 20250908 PS;SIMPLE_INSTRUMENT;BLOCK;EUR;2;120.92000000;570;EXCHANGE_LAST;;1;1;XEUR;12372485;691;
30.05.2025;06:17:11.351;FGBX SI 20250908 PS;SIMPLE_INSTRUMENT;BLOCK;EUR;3;120.94000000;571;EXCHANGE_LAST;;1;1;XEUR;12372485;691;
30.05.2025;06:51:16.338;FGBX SI 20250606 PS;SIMPLE_INSTRUMENT;EFS;EUR;4;121.82000000;362;EXCHANGE_LAST;;1;1;XEUR;11820392;691;
30.05.2025;07:20:09.527;FGBX SI 20250606 PS;SIMPLE_INSTRUMENT;EFS;EUR;7;121.80000000;940;EXCHANGE_LAST;;1;1;XEUR;11820392;691;
30.05.2025;07:27:13.987;FGBX.S.JUN25.SEP25.SPD;FUTURES_SPREAD;BLOCK;EUR;14;0.68000000;197;EXCHANGE_LAST;;1;1;XEUR;72060561860329566;691;
30.05.2025;07:27:13.987;FGBX SI 20250908 PS;SIMPLE_INSTRUMENT;BLOCK;EUR;14;121.24000000;197;PRC_DECOMP_EXCHANGE;;;;XEUR;12372485;691;EXCHANGE
30.05.2025;07:27:13.987;FGBX SI 20250606 PS;SIMPLE_INSTRUMENT;BLOCK;EUR;14;121.92000000;197;PRC_DECOMP_EXCHANGE;;;;XEUR;11820392;691;EXCHANGE
30.05.2025;07:38:21.975;FGBX SI 20250606 PS;SIMPLE_INSTRUMENT;BLOCK;EUR;18;121.92000000;200;EXCHANGE_LAST;;1;1;XEUR;11820392;691;
30.05.2025;07:38:58.029;FGBX SI 20250908 PS;SIMPLE_INSTRUMENT;BLOCK;EUR;19;121.24000000;100;EXCHANGE_LAST;;1;1;XEUR;12372485;691;
30.05.2025;07:39:06.957;FGBX SI 20250908 PS;SIMPLE_INSTRUMENT;BLOCK;EUR;20;121.26000000;100;EXCHANGE_LAST;;1;1;XEUR;12372485;691;
30.05.2025;07:59:11.924;FGBX SI 20250606 PS;SIMPLE_INSTRUMENT;BLOCK;EUR;21;121.56000000;1021;EXCHANGE_LAST;;1;1;XEUR;11820392;691;
30.05.2025;07:59:18.525;FGBX SI 20250908 PS;SIMPLE_INSTRUMENT;BLOCK;EUR;22;120.90000000;510;EXCHANGE_LAST;;1;1;XEUR;12372485;691;
30.05.2025;07:59:26.908;FGBX SI 20250908 PS;SIMPLE_INSTRUMENT;BLOCK;EUR;23;120.88000000;511;EXCHANGE_LAST;;1;1;XEUR;12372485;691;
30.05.2025;08:19:06.732;FGBX SI 20250606 PS;SIMPLE_INSTRUMENT;EFP_FIN;EUR;25;121.42000000;138;EXCHANGE_LAST;;1;1;XEUR;11820392;691;
30.05.2025;08:34:54.991;FGBX SI 20250606 PS;SIMPLE_INSTRUMENT;EFS;EUR;26;121.36000000;198;EXCHANGE_LAST;;1;1;XEUR;11820392;691;
30.05.2025;08:58:12.028;FGBX SI 20250606 PS;SIMPLE_INSTRUMENT;EFP_FIN;EUR;31;121.36000000;66;EXCHANGE_LAST;;1;1;XEUR;11820392;691;
30.05.2025;09:00:09.000;FGBX SI 20250606 PS;SIMPLE_INSTRUMENT;BLOCK;EUR;32;121.20000000;140;EXCHANGE_LAST;;1;1;XEUR;11820392;691;
30.05.2025;09:00:49.857;FGBX SI 20250606 PS;SIMPLE_INSTRUMENT;EFS;EUR;33;121.22000000;62;EXCHANGE_LAST;;1;1;XEUR;11820392;691;
30.05.2025;09:03:19.697;FGBX SI 20250606 PS;SIMPLE_INSTRUMENT;EFP_FIN;EUR;34;121.36000000;404;EXCHANGE_LAST;;1;1;XEUR;11820392;691;
30.05.2025;09:03:33.961;FGBX SI 20250606 PS;SIMPLE_INSTRUMENT;EFS;EUR;35;121.28000000;62;EXCHANGE_LAST;;1;1;XEUR;11820392;691;
30.05.2025;09:24:54.140;FGBX SI 20250606 PS;SIMPLE_INSTRUMENT;EFS;EUR;39;121.10000000;91;EXCHANGE_LAST;;1;1;XEUR;11820392;691;
30.05.2025;09:25:59.494;FGBX SI 20250606 PS;SIMPLE_INSTRUMENT;EFP_FIN;EUR;40;121.30000000;67;EXCHANGE_LAST;;1;1;XEUR;11820392;691;
30.05.2025;09:49:11.254;FGBX SI 20250606 PS;SIMPLE_INSTRUMENT;BLOCK;EUR;43;121.00000000;239;EXCHANGE_LAST;;1;1;XEUR;11820392;691;
30.05.2025;09:51:40.795;FGBX SI 20250908 PS;SIMPLE_INSTRUMENT;BLOCK;EUR;44;120.32000000;119;EXCHANGE_LAST;;1;1;XEUR;12372485;691;
30.05.2025;09:52:15.862;FGBX SI 20250908 PS;SIMPLE_INSTRUMENT;BLOCK;EUR;45;120.34000000;120;EXCHANGE_LAST;;1;1;XEUR;12372485;691;
30.05.2025;09:55:43.621;FGBX SI 20250606 PS;SIMPLE_INSTRUMENT;EFS;EUR;46;121.00000000;185;EXCHANGE_LAST;;1;1;XEUR;11820392;691;
30.05.2025;09:56:16.493;FGBX SI 20250606 PS;SIMPLE_INSTRUMENT;BLOCK;EUR;47;121.00000000;311;EXCHANGE_LAST;;1;1;XEUR;11820392;691;
30.05.2025;09:57:11.826;FGBX SI 20250908 PS;SIMPLE_INSTRUMENT;BLOCK;EUR;48;120.34000000;311;EXCHANGE_LAST;;1;1;XEUR;12372485;691;
30.05.2025;10:02:27.014;FGBX.S.JUN25.SEP25.SPD;FUTURES_SPREAD;BLOCK;EUR;49;0.68000000;242;EXCHANGE_LAST;;1;1;XEUR;72060561860329566;691;
30.05.2025;10:02:27.014;FGBX SI 20250908 PS;SIMPLE_INSTRUMENT;BLOCK;EUR;49;120.28000000;242;PRC_DECOMP_MEMBER;;;;XEUR;12372485;691;MEMBER
30.05.2025;10:02:27.014;FGBX SI 20250606 PS;SIMPLE_INSTRUMENT;BLOCK;EUR;49;120.96000000;242;PRC_DECOMP_MEMBER;;;;XEUR;11820392;691;MEMBER
30.05.2025;10:02:45.689;FGBX.S.JUN25.SEP25.SPD;FUTURES_SPREAD;BLOCK;EUR;50;0.66000000;243;EXCHANGE_LAST;;1;1;XEUR;72060561860329566;691;
30.05.2025;10:02:45.689;FGBX SI 20250908 PS;SIMPLE_INSTRUMENT;BLOCK;EUR;50;120.30000000;243;PRC_DECOMP_MEMBER;;;;XEUR;12372485;691;MEMBER
30.05.2025;10:02:45.689;FGBX SI 20250606 PS;SIMPLE_INSTRUMENT;BLOCK;EUR;50;120.96000000;243;PRC_DECOMP_MEMBER;;;;XEUR;11820392;691;MEMBER
