#Date;TrdTime;Contract;ContractType;TrdTyp;Currency;TesId;Prc;Qty;TrdInd;Aggressor;Buy;Sell;Exch;InstrumentId;RelatedProdId;PrcDecomp
10.01.2025;11:27:31.944;2FE SI 20251218 PS AM P 400.00 0;SIMPLE_INSTRUMENT;BLOCK;EUR;5;29.80000000;350;EXCHANGE_LAST;;2;2;XEUR;10437729;57129;
10.01.2025;14:33:11.736;A2LV SI 20271217 CS;SIMPLE_INSTRUMENT;BLOCK;EUR;59;15.15000000;75;EXCHANGE_LAST;;1;1;XEUR;5914253;12;
10.01.2025;14:59:58.898;A2LV SI 20281215 CS;SIMPLE_INSTRUMENT;BLOCK;EUR;71;14.90000000;10;EXCHANGE_LAST;;1;1;XEUR;6796963;12;
10.01.2025;15:01:27.075;A2SG SI 20281215 CS;SIMPLE_INSTRUMENT;BLOCK;EUR;73;1.40000000;90;EXCHANGE_LAST;;1;1;XEUR;9910346;14;
10.01.2025;10:56:09.112;A2XA SI 20271217 CS;SIMPLE_INSTRUMENT;BLOCK;EUR;18;2.01000000;300;EXCHANGE_LAST;;1;1;XEUR;5914267;17;
10.01.2025;11:12:39.337;A2XA SI 20271217 CS;SIMPLE_INSTRUMENT;BLOCK;EUR;24;2.00000000;200;EXCHANGE_LAST;;1;1;XEUR;5914267;17;
10.01.2025;11:35:45.458;A2XA SI 20271217 CS;SIMPLE_INSTRUMENT;BLOCK;EUR;27;2.01000000;500;EXCHANGE_LAST;;2;1;XEUR;5914267;17;
10.01.2025;12:04:40.656;A2XA SI 20261218 CS;SIMPLE_INSTRUMENT;BLOCK;EUR;37;2.15500000;750;EXCHANGE_LAST;;2;2;XEUR;4632093;17;
10.01.2025;12:37:04.343;A2XA SI 20281215 CS;SIMPLE_INSTRUMENT;BLOCK;EUR;39;1.86000000;400;EXCHANGE_LAST;;1;1;XEUR;6796967;17;
10.01.2025;15:23:55.823;A2XA.S.DEC25.DEC26.SPD;FUTURES_SPREAD;BLOCK;EUR;80;0.02000000;350;EXCHANGE_LAST;;1;1;XEUR;72057667052372025;17;
10.01.2025;15:23:55.823;A2XA SI 20261218 CS;SIMPLE_INSTRUMENT;BLOCK;EUR;80;2.13500000;350;PRC_DECOMP_MEMBER;;;;XEUR;4632093;17;MEMBER
10.01.2025;15:23:55.823;A2XA SI 20251219 CS;SIMPLE_INSTRUMENT;BLOCK;EUR;80;2.15500000;350;PRC_DECOMP_MEMBER;;;;XEUR;3681055;17;MEMBER
10.01.2025;15:34:56.371;A2XA SI 20281215 CS;SIMPLE_INSTRUMENT;BLOCK;EUR;81;1.86000000;175;EXCHANGE_LAST;;1;1;XEUR;6796967;17;
10.01.2025;14:13:53.684;A3BB SI 20281215 CS;SIMPLE_INSTRUMENT;BLOCK;CHF;51;0.82000000;123;EXCHANGE_LAST;;1;1;XEUR;9969388;574519;
10.01.2025;08:58:09.398;ABBN.O.250110.BER.000002;STANDARD_OPTION_STRATEGY;BLOCK;CHF;6;1.95000000;1500;EXCHANGE_LAST;;1;1;XEUR;74525125763937571;574517;
10.01.2025;08:58:09.398;ABBN SI 20250321 PS AM P 40.00 0;SIMPLE_INSTRUMENT;BLOCK;CHF;6;0.20000000;1500;PRC_DECOMP_EXCHANGE;;;;XEUR;10886889;574517;EXCHANGE
10.01.2025;08:58:09.398;ABBN SI 20250321 PS AM P 50.00 0;SIMPLE_INSTRUMENT;BLOCK;CHF;6;2.15000000;1500;PRC_DECOMP_EXCHANGE;;;;XEUR;10886861;574517;EXCHANGE
10.01.2025;08:32:06.344;ADEN SI 20250321 PS AM P 22.00 0;SIMPLE_INSTRUMENT;BLOCK;CHF;2;2.04000000;7000;EXCHANGE_LAST;;1;1;XEUR;10827982;44;
10.01.2025;08:43:12.268;ADEN.O.250110.PDIA.000003;STANDARD_OPTION_STRATEGY;BLOCK;CHF;4;-0.50000000;4400;EXCHANGE_LAST;;1;1;XEUR;72057783016515655;44;
10.01.2025;08:43:12.268;ADEN SI 20250221 PS AM P 20.50 0;SIMPLE_INSTRUMENT;BLOCK;CHF;4;0.79000000;4400;PRC_DECOMP_EXCHANGE;;;;XEUR;12237187;44;EXCHANGE
10.01.2025;08:43:12.268;ADEN SI 20250117 PS AM P 22.00 0;SIMPLE_INSTRUMENT;BLOCK;CHF;4;1.29000000;4400;PRC_DECOMP_EXCHANGE;;;;XEUR;12067021;44;EXCHANGE
10.01.2025;09:12:50.299;ADEN SI 20250321 PS AM P 24.00 0;SIMPLE_INSTRUMENT;BLOCK;CHF;7;3.65000000;3000;EXCHANGE_LAST;;1;1;XEUR;10827978;44;
10.01.2025;10:29:01.928;ADEN.O.250110.STG.000005;STANDARD_OPTION_STRATEGY;BLOCK;CHF;16;3.42000000;500;EXCHANGE_LAST;;1;1;XEUR;72057783016515657;44;
10.01.2025;10:29:01.928;ADEN SI 20250919 PS AM P 20.00 0;SIMPLE_INSTRUMENT;BLOCK;CHF;16;2.27000000;500;PRC_DECOMP_EXCHANGE;;;;XEUR;11870213;44;EXCHANGE
10.01.2025;10:29:01.928;ADEN SI 20250919 PS AM C 22.00 0;SIMPLE_INSTRUMENT;BLOCK;CHF;16;1.15000000;500;PRC_DECOMP_EXCHANGE;;;;XEUR;11870210;44;EXCHANGE
10.01.2025;10:32:24.132;ADEN.O.250110.BER.000006;STANDARD_OPTION_STRATEGY;BLOCK;CHF;17;3.45000000;2000;EXCHANGE_LAST;;1;1;XEUR;72057783016515658;44;
10.01.2025;10:32:24.132;ADEN SI 20250321 PS AM P 24.00 0;SIMPLE_INSTRUMENT;BLOCK;CHF;17;3.57000000;2000;PRC_DECOMP_EXCHANGE;;;;XEUR;10827978;44;EXCHANGE
10.01.2025;10:32:24.132;ADEN SI 20250321 PS AM P 16.00 0;SIMPLE_INSTRUMENT;BLOCK;CHF;17;0.12000000;2000;PRC_DECOMP_EXCHANGE;;;;XEUR;10827890;44;EXCHANGE
10.01.2025;12:59:05.044;ADEN.O.250110.BRT12.000007;STANDARD_OPTION_STRATEGY;BLOCK;CHF;47;2.88000000;2250;EXCHANGE_LAST;;1;1;XEUR;72057783016515659;44;
10.01.2025;12:59:05.044;ADEN SI 20250620 PS AM P 22.00 0;SIMPLE_INSTRUMENT;BLOCK;CHF;47;3.28000000;2250;PRC_DECOMP_EXCHANGE;;;;XEUR;11347907;44;EXCHANGE
10.01.2025;12:59:05.044;ADEN SI 20250221 PS AM P 18.00 0;SIMPLE_INSTRUMENT;BLOCK;CHF;47;0.20000000;4500;PRC_DECOMP_EXCHANGE;;;;XEUR;12308784;44;EXCHANGE
10.01.2025;09:34:17.002;ADS SI 20250321 PS AM P 200.00 0;SIMPLE_INSTRUMENT;BLOCK;EUR;3;1.58000000;300;EXCHANGE_LAST;;1;1;XEUR;10828480;50;
10.01.2025;10:34:57.229;ADS SI 20260619 PS AM P 200.00 0;SIMPLE_INSTRUMENT;BLOCK;EUR;5;12.91000000;250;EXCHANGE_LAST;;1;1;XEUR;9536502;50;
10.01.2025;11:40:02.162;AIR.O.250110.BUL.000004;STANDARD_OPTION_STRATEGY;BLOCK;EUR;6;1.80000000;500;EXCHANGE_LAST;;1;1;XEUR;72057868915849769;64;
10.01.2025;11:40:02.162;AIR SI 20250321 PS AM C 174.00 0;SIMPLE_INSTRUMENT;BLOCK;EUR;6;0.79000000;500;PRC_DECOMP_EXCHANGE;;;;XEUR;12431485;64;EXCHANGE
10.01.2025;11:40:02.162;AIR SI 20250321 PS AM C 166.00 0;SIMPLE_INSTRUMENT;BLOCK;EUR;6;2.59000000;500;PRC_DECOMP_EXCHANGE;;;;XEUR;12431529;64;EXCHANGE
10.01.2025;13:18:57.226;ALV SI 20251219 PS AM P 200.00 0;SIMPLE_INSTRUMENT;BLOCK;EUR;3;2.65000000;500;EXCHANGE_LAST;;1;1;XEUR;5920780;74;
10.01.2025;15:45:05.964;ANN SI 20250321 PS AM C 34.00 0;SIMPLE_INSTRUMENT;BLOCK;EUR;14;0.14000000;8000;EXCHANGE_LAST;;1;1;XEUR;10865131;45202;
10.01.2025;16:05:15.191;ANN SI 20281215 PS AM P 20.00 0;SIMPLE_INSTRUMENT;BLOCK;EUR;18;2.81000000;2500;EXCHANGE_LAST;;1;1;XEUR;10433462;45202;
10.01.2025;11:44:17.838;AXA.O.250110.RBER.000004;STANDARD_OPTION_STRATEGY;BLOCK;EUR;8;-1.34000000;3000;EXCHANGE_LAST;;1;2;XEUR;72058139498795192;127;
10.01.2025;11:44:17.838;AXA SI 20260619 PS AM P 32.00 0;SIMPLE_INSTRUMENT;BLOCK;EUR;8;3.36000000;3000;PRC_DECOMP_EXCHANGE;;;;XEUR;9538765;127;EXCHANGE
10.01.2025;11:44:17.838;AXA SI 20260619 PS AM P 24.00 0;SIMPLE_INSTRUMENT;BLOCK;EUR;8;1.01000000;6000;PRC_DECOMP_EXCHANGE;;;;XEUR;9538755;127;EXCHANGE
10.01.2025;12:24:26.514;AXA.O.250110.RBER.000005;STANDARD_OPTION_STRATEGY;BLOCK;EUR;9;-1.28000000;3000;EXCHANGE_LAST;;1;1;XEUR;72058139498795193;127;
10.01.2025;12:24:26.514;AXA SI 20261218 PS AM P 32.00 0;SIMPLE_INSTRUMENT;BLOCK;EUR;9;3.76000000;3000;PRC_DECOMP_EXCHANGE;;;;XEUR;7153195;127;EXCHANGE
10.01.2025;12:24:26.514;AXA SI 20261218 PS AM P 24.00 0;SIMPLE_INSTRUMENT;BLOCK;EUR;9;1.24000000;6000;PRC_DECOMP_EXCHANGE;;;;XEUR;7153230;127;EXCHANGE
10.01.2025;12:23:20.685;AXA SI 20250321 PS AM P 32.00 0;SIMPLE_INSTRUMENT;BLOCK;EUR;10;0.52000000;2000;EXCHANGE_LAST;;1;1;XEUR;10830414;127;
10.01.2025;16:53:23.863;AXA SI 20271217 PS AM P 28.00 0;SIMPLE_INSTRUMENT;BLOCK;EUR;20;2.98000000;2000;EXCHANGE_LAST;;1;1;XEUR;8773982;127;
10.01.2025;17:20:51.982;AXA SI 20271217 PS AM P 28.00 0;SIMPLE_INSTRUMENT;BLOCK;EUR;22;2.98000000;3000;EXCHANGE_LAST;;1;2;XEUR;8773982;127;
10.01.2025;15:05:47.107;B2AS SI 20281215 CS;SIMPLE_INSTRUMENT;BLOCK;EUR;76;1.95000000;74;EXCHANGE_LAST;;1;1;XEUR;6798359;140;
10.01.2025;09:48:07.140;B2MW SI 20251219 CS;SIMPLE_INSTRUMENT;BLOCK;EUR;10;4.25000000;300;EXCHANGE_LAST;;1;1;XEUR;3681121;128;
10.01.2025;12:34:10.008;B2MW SI 20261218 CS;SIMPLE_INSTRUMENT;BLOCK;EUR;40;4.10000000;150;EXCHANGE_LAST;;1;1;XEUR;4632168;128;
10.01.2025;14:57:27.734;B2MW SI 20281215 CS;SIMPLE_INSTRUMENT;BLOCK;EUR;65;3.65000000;30;EXCHANGE_LAST;;1;1;XEUR;6798304;128;
10.01.2025;10:58:59.695;B2NP SI 20261218 CS;SIMPLE_INSTRUMENT;BLOCK;EUR;19;4.60000000;50;EXCHANGE_LAST;;1;1;XEUR;6798320;131;
10.01.2025;11:54:08.146;B2NP SI 20261218 CS;SIMPLE_INSTRUMENT;BLOCK;EUR;32;4.59000000;250;EXCHANGE_LAST;;2;1;XEUR;6798320;131;
10.01.2025;12:04:51.270;B2NP SI 20271217 CS;SIMPLE_INSTRUMENT;BLOCK;EUR;36;3.73000000;250;EXCHANGE_LAST;;1;1;XEUR;7086925;131;
10.01.2025;13:05:28.684;B2NP SI 20271217 CS;SIMPLE_INSTRUMENT;BLOCK;EUR;48;3.73000000;250;EXCHANGE_LAST;;1;1;XEUR;7086925;131;
10.01.2025;16:44:54.339;B2NP SI 20251219 CS;SIMPLE_INSTRUMENT;BLOCK;EUR;97;5.28000000;500;EXCHANGE_LAST;;2;3;XEUR;5914355;131;
10.01.2025;11:58:35.746;B2YG SI 20271217 CS;SIMPLE_INSTRUMENT;BLOCK;EUR;33;1.60000000;125;EXCHANGE_LAST;;1;1;XEUR;8405340;45713;
10.01.2025;15:10:03.957;B3BV SI 20251219 CS;SIMPLE_INSTRUMENT;BLOCK;EUR;77;0.76200000;500;EXCHANGE_LAST;;1;1;XEUR;5914370;135;
10.01.2025;15:10:43.025;B3BV SI 20251219 CS;SIMPLE_INSTRUMENT;BLOCK;EUR;78;0.76300000;500;EXCHANGE_LAST;;1;1;XEUR;5914370;135;
10.01.2025;10:41:33.056;BARN SI 20251219 PS AM P 1040.00 0;SIMPLE_INSTRUMENT;BLOCK;CHF;21;66.00000000;500;EXCHANGE_LAST;;1;1;XEUR;10396324;149;
10.01.2025;10:56:06.813;BARN SI 20251219 PS AM P 1120.00 0;SIMPLE_INSTRUMENT;BLOCK;CHF;25;101.65000000;300;EXCHANGE_LAST;;1;1;XEUR;10396328;149;
10.01.2025;10:56:44.920;BARN SI 20251219 PS AM C 1200.00 0;SIMPLE_INSTRUMENT;BLOCK;CHF;26;77.35000000;300;EXCHANGE_LAST;;1;1;XEUR;10396372;149;
10.01.2025;16:50:25.018;BASG SI 20250321 CS;SIMPLE_INSTRUMENT;BLOCK;EUR;98;42.15960000;4550;EXCHANGE_LAST;;1;1;XEUR;10694474;171;
10.01.2025;08:41:40.605;BAY SI 20291221 PS AM P 16.00 0;SIMPLE_INSTRUMENT;BLOCK;EUR;1;3.43000000;1000;EXCHANGE_LAST;;1;1;XEUR;12434174;168;
10.01.2025;11:45:00.799;BAY SI 20251219 PS AM C 32.00 0;SIMPLE_INSTRUMENT;BLOCK;EUR;3;0.64000000;2000;EXCHANGE_LAST;;1;1;XEUR;6068399;168;
10.01.2025;16:23:16.225;BAY.O.250110.CDIA.000039;STANDARD_OPTION_STRATEGY;BLOCK;EUR;5;0.10000000;1316;EXCHANGE_LAST;;1;1;XEUR;72058315592508115;168;
10.01.2025;16:23:16.225;BAY SI 20250110 PS AM C 19.20 0;SIMPLE_INSTRUMENT;BLOCK;EUR;5;0.82000000;1316;PRC_DECOMP_EXCHANGE;;;;XEUR;12339160;168;EXCHANGE
10.01.2025;16:23:16.225;BAY SI 20250124 PS AM C 19.40 0;SIMPLE_INSTRUMENT;BLOCK;EUR;5;0.92000000;1316;PRC_DECOMP_EXCHANGE;;;;XEUR;12394886;168;EXCHANGE
10.01.2025;15:47:32.957;BG1 SI 20250620 PS AM C 88.00 0;SIMPLE_INSTRUMENT;BLOCK;EUR;9;2.05000000;750;EXCHANGE_LAST;;1;1;XEUR;11392221;74940;
10.01.2025;12:26:05.235;BMW SI 20250321 PS AM C 81.00 0;SIMPLE_INSTRUMENT;BLOCK;EUR;19;2.70000000;3000;EXCHANGE_LAST;;1;1;XEUR;12434884;210;
10.01.2025;10:58:33.299;BNP SI 20250620 PS AM P 60.00 0;SIMPLE_INSTRUMENT;BLOCK;EUR;4;5.71000000;1500;EXCHANGE_LAST;;1;1;XEUR;7900161;237;
10.01.2025;10:48:16.798;BNP SI 20250620 PS AM P 60.00 0;SIMPLE_INSTRUMENT;BLOCK;EUR;5;5.71000000;1500;EXCHANGE_LAST;;1;1;XEUR;7900161;237;
10.01.2025;16:35:34.288;BNR.O.250110.STG.000003;STANDARD_OPTION_STRATEGY;BLOCK;EUR;7;4.70000000;300;EXCHANGE_LAST;;1;1;XEUR;72058603355246591;235;
10.01.2025;16:35:34.288;BNR SI 20250919 PS AM P 46.00 0;SIMPLE_INSTRUMENT;BLOCK;EUR;7;1.56000000;300;PRC_DECOMP_EXCHANGE;;;;XEUR;11874723;235;EXCHANGE
10.01.2025;16:35:34.288;BNR SI 20250919 PS AM C 60.00 0;SIMPLE_INSTRUMENT;BLOCK;EUR;7;3.14000000;300;PRC_DECOMP_EXCHANGE;;;;XEUR;11874795;235;EXCHANGE
10.01.2025;09:11:27.243;BSD2.O.250110.STG.000001;STANDARD_OPTION_STRATEGY;BLOCK;EUR;1;0.36000000;3250;EXCHANGE_LAST;;1;1;XEUR;72058646304923184;245;
10.01.2025;09:11:27.243;BSD2 SI 20250321 PS AM P 4.40 0;SIMPLE_INSTRUMENT;BLOCK;EUR;1;0.15000000;3250;PRC_DECOMP_MEMBER;;;;XEUR;9915981;245;MEMBER
10.01.2025;09:11:27.243;BSD2 SI 20250321 PS AM C 4.60 0;SIMPLE_INSTRUMENT;BLOCK;EUR;1;0.21000000;3250;PRC_DECOMP_MEMBER;;;;XEUR;8724249;245;MEMBER
10.01.2025;09:11:34.639;BSD2.O.250110.STG.000001;STANDARD_OPTION_STRATEGY;BLOCK;EUR;2;0.37000000;3250;EXCHANGE_LAST;;1;1;XEUR;72058646304923184;245;
10.01.2025;09:11:34.639;BSD2 SI 20250321 PS AM C 4.60 0;SIMPLE_INSTRUMENT;BLOCK;EUR;2;0.22000000;3250;PRC_DECOMP_MEMBER;;;;XEUR;8724249;245;MEMBER
10.01.2025;09:11:34.639;BSD2 SI 20250321 PS AM P 4.40 0;SIMPLE_INSTRUMENT;BLOCK;EUR;2;0.15000000;3250;PRC_DECOMP_MEMBER;;;;XEUR;9915981;245;MEMBER
10.01.2025;09:42:47.271;BSI SI 20260619 PS AM P 140.00 0;SIMPLE_INSTRUMENT;BLOCK;EUR;3;26.00000000;300;EXCHANGE_LAST;;1;1;XEUR;11392941;76317;
10.01.2025;13:41:39.294;BYG.O.250110.BER.000001;STANDARD_OPTION_STRATEGY;BLOCK;EUR;13;2.69000000;5000;EXCHANGE_LAST;;4;1;XEUR;72058796628777088;280;
10.01.2025;13:41:39.294;BYG SI 20271217 PS AM P 22.00 0;SIMPLE_INSTRUMENT;BLOCK;EUR;13;2.24000000;5000;PRC_DECOMP_EXCHANGE;;;;XEUR;8777262;280;EXCHANGE
10.01.2025;13:41:39.294;BYG SI 20271217 PS AM P 28.00 0;SIMPLE_INSTRUMENT;BLOCK;EUR;13;4.93000000;5000;PRC_DECOMP_EXCHANGE;;;;XEUR;8777259;280;EXCHANGE
10.01.2025;14:56:03.015;C3AR SI 20251219 CS;SIMPLE_INSTRUMENT;BLOCK;EUR;61;0.89000000;500;EXCHANGE_LAST;;2;1;XEUR;5914457;256;
10.01.2025;13:51:29.940;CAR SI 20250321 PS AM C 15.00 0;SIMPLE_INSTRUMENT;BLOCK;EUR;14;0.17000000;5000;EXCHANGE_LAST;;1;3;XEUR;10833792;265;
10.01.2025;15:56:12.406;CBK SI 20250919 PS AM C 18.00 0;SIMPLE_INSTRUMENT;BLOCK;EUR;11;1.19000000;6000;EXCHANGE_LAST;;1;1;XEUR;11875673;268;
10.01.2025;16:06:03.499;CBK.O.250110.BRT.000020;STANDARD_OPTION_STRATEGY;BLOCK;EUR;12;0.30000000;1852;EXCHANGE_LAST;;1;1;XEUR;72058745089203169;268;
10.01.2025;16:06:03.499;CBK SI 20250117 PS AM P 15.80 0;SIMPLE_INSTRUMENT;BLOCK;EUR;12;0.03000000;1852;PRC_DECOMP_MEMBER;;;;XEUR;12071119;268;MEMBER
10.01.2025;16:06:03.499;CBK SI 20250221 PS AM P 15.80 0;SIMPLE_INSTRUMENT;BLOCK;EUR;12;0.33000000;1852;PRC_DECOMP_MEMBER;;;;XEUR;12241124;268;MEMBER
10.01.2025;16:05:28.230;CBK.O.250110.BRT.000020;STANDARD_OPTION_STRATEGY;BLOCK;EUR;13;0.31000000;1852;EXCHANGE_LAST;;1;1;XEUR;72058745089203169;268;
10.01.2025;16:05:28.230;CBK SI 20250117 PS AM P 15.80 0;SIMPLE_INSTRUMENT;BLOCK;EUR;13;0.03000000;1852;PRC_DECOMP_MEMBER;;;;XEUR;12071119;268;MEMBER
10.01.2025;16:05:28.230;CBK SI 20250221 PS AM P 15.80 0;SIMPLE_INSTRUMENT;BLOCK;EUR;13;0.34000000;1852;PRC_DECOMP_MEMBER;;;;XEUR;12241124;268;MEMBER
10.01.2025;16:47:47.264;CBK.O.250110.BER.000021;STANDARD_OPTION_STRATEGY;BLOCK;EUR;15;1.48000000;9000;EXCHANGE_LAST;;3;1;XEUR;72058745089203170;268;
10.01.2025;16:47:47.264;CBK SI 20261218 PS AM P 12.00 0;SIMPLE_INSTRUMENT;BLOCK;EUR;15;1.23000000;9000;PRC_DECOMP_MEMBER;;;;XEUR;7231778;268;MEMBER
10.01.2025;16:47:47.264;CBK SI 20261218 PS AM P 16.00 0;SIMPLE_INSTRUMENT;BLOCK;EUR;15;2.71000000;9000;PRC_DECOMP_MEMBER;;;;XEUR;7372793;268;MEMBER
10.01.2025;11:03:19.054;CFR.O.250110.STG.000006;STANDARD_OPTION_STRATEGY;BLOCK;CHF;23;14.22000000;500;EXCHANGE_LAST;;1;1;XEUR;72058938362728310;313;
10.01.2025;11:03:19.054;CFR SI 20250321 PS AM C 130.00 0;SIMPLE_INSTRUMENT;BLOCK;CHF;23;13.66000000;500;PRC_DECOMP_EXCHANGE;;;;XEUR;10834894;313;EXCHANGE
10.01.2025;11:03:19.054;CFR SI 20250321 PS AM P 110.00 0;SIMPLE_INSTRUMENT;BLOCK;CHF;23;0.56000000;500;PRC_DECOMP_EXCHANGE;;;;XEUR;10834880;313;EXCHANGE
10.01.2025;13:12:50.051;CFR.O.250110.BUL.000008;STANDARD_OPTION_STRATEGY;BLOCK;CHF;49;1.60000000;750;EXCHANGE_LAST;;1;1;XEUR;72058938362728312;313;
10.01.2025;13:12:50.051;CFR SI 20250117 PS AM C 144.00 0;SIMPLE_INSTRUMENT;BLOCK;CHF;49;2.13000000;750;PRC_DECOMP_EXCHANGE;;;;XEUR;12071515;313;EXCHANGE
10.01.2025;13:12:50.051;CFR SI 20250117 PS AM C 140.00 0;SIMPLE_INSTRUMENT;BLOCK;CHF;49;3.73000000;750;PRC_DECOMP_EXCHANGE;;;;XEUR;12071497;313;EXCHANGE
10.01.2025;14:12:18.262;CFR.O.250110.BER.000009;STANDARD_OPTION_STRATEGY;BLOCK;CHF;62;48.90000000;1000;EXCHANGE_LAST;;1;1;XEUR;72058938362728313;313;
10.01.2025;14:12:18.262;CFR SI 20251219 PS AM P 110.00 0;SIMPLE_INSTRUMENT;BLOCK;CHF;62;5.00000000;1000;PRC_DECOMP_MEMBER;;;;XEUR;12437065;313;MEMBER
10.01.2025;14:12:18.262;CFR SI 20251219 PS AM P 190.00 0;SIMPLE_INSTRUMENT;BLOCK;CHF;62;53.90000000;1000;PRC_DECOMP_MEMBER;;;;XEUR;12437094;313;MEMBER
10.01.2025;15:12:38.325;CFR.O.250110.CDIA.000010;STANDARD_OPTION_STRATEGY;BLOCK;CHF;69;6.12000000;400;EXCHANGE_LAST;;1;1;XEUR;72058938362728314;313;
10.01.2025;15:12:38.325;CFR SI 20250117 PS AM C 148.00 0;SIMPLE_INSTRUMENT;BLOCK;CHF;69;0.93000000;400;PRC_DECOMP_MEMBER;;;;XEUR;12071553;313;MEMBER
10.01.2025;15:12:38.325;CFR SI 20250321 PS AM C 140.00 0;SIMPLE_INSTRUMENT;BLOCK;CHF;69;7.05000000;400;PRC_DECOMP_MEMBER;;;;XEUR;10834904;313;MEMBER
10.01.2025;16:11:57.492;CFR SI 20250321 PS AM C 140.00 0;SIMPLE_INSTRUMENT;BLOCK;CHF;79;7.15000000;400;EXCHANGE_LAST;;1;1;XEUR;10834904;313;
10.01.2025;08:42:48.442;CGM SI 20250117 PS AM C 162.00 0;SIMPLE_INSTRUMENT;BLOCK;EUR;1;1.34000000;836;EXCHANGE_LAST;;1;1;XEUR;12071360;317;
10.01.2025;13:20:35.193;CLN FI 20250205 CS EU C 10.5800 0;FLEXIBLE_INSTRUMENT;BLOCK;CHF;54;0.09000000;2500;EXCHANGE_LAST;;1;1;XEUR;1152922775917177610;296;
10.01.2025;14:18:50.858;CLX SI 20250919 PS AM C 33.00 0;SIMPLE_INSTRUMENT;BLOCK;EUR;10;1.16000000;10000;EXCHANGE_LAST;;1;1;XEUR;11928595;626615;
10.01.2025;14:18:51.234;CLX SI 20250919 PS AM P 26.00 0;SIMPLE_INSTRUMENT;BLOCK;EUR;11;1.35000000;10000;EXCHANGE_LAST;;1;1;XEUR;10887618;626615;
10.01.2025;14:20:27.738;CLX SI 20250919 PS AM P 28.00 0;SIMPLE_INSTRUMENT;BLOCK;EUR;12;2.00000000;10000;EXCHANGE_LAST;;1;1;XEUR;9207086;626615;
10.01.2025;08:44:48.388;CNYA.N.250110.000001;NON_STANDARD_OPTION_STRATEGY;BLOCK;USD;1;0.08000000;250;EXCHANGE_LAST;;1;1;XEUR;74921770288676865;666868;
10.01.2025;08:44:48.388;CNYA SI 20250221 PS AM C 5.50 0;SIMPLE_INSTRUMENT;BLOCK;USD;1;0.03000000;250;PRC_DECOMP_EXCHANGE;;;;XEUR;12280623;666868;EXCHANGE
10.01.2025;08:44:48.388;CNYA SI 20250221 PS AM C 5.30 0;SIMPLE_INSTRUMENT;BLOCK;USD;1;0.01000000;250;PRC_DECOMP_EXCHANGE;;;;XEUR;12280631;666868;EXCHANGE
10.01.2025;08:44:48.388;CNYA SI 20250321 PS AM C 5.00 0;SIMPLE_INSTRUMENT;BLOCK;USD;1;0.06000000;250;PRC_DECOMP_EXCHANGE;;;;XEUR;10888081;666868;EXCHANGE
10.01.2025;11:33:58.004;D2PW SI 20271217 CS;SIMPLE_INSTRUMENT;BLOCK;EUR;26;1.55000000;100;EXCHANGE_LAST;;1;1;XEUR;5914516;9702;
10.01.2025;14:17:13.930;D2PW SI 20281215 CS;SIMPLE_INSTRUMENT;BLOCK;EUR;52;1.40000000;71;EXCHANGE_LAST;;1;1;XEUR;6818646;9702;
10.01.2025;09:14:59.830;D3AI SI 20251219 CS;SIMPLE_INSTRUMENT;BLOCK;EUR;2;4.08000000;75;EXCHANGE_LAST;;1;1;XEUR;7144062;443197;
10.01.2025;11:53:07.770;D3AI SI 20271217 CS;SIMPLE_INSTRUMENT;BLOCK;EUR;31;2.70000000;100;EXCHANGE_LAST;;1;1;XEUR;7144067;443197;
10.01.2025;14:24:24.172;D3AI SI 20281215 CS;SIMPLE_INSTRUMENT;BLOCK;EUR;54;2.50000000;50;EXCHANGE_LAST;;1;1;XEUR;7144065;443197;
10.01.2025;14:57:00.283;D3AI SI 20271217 CS;SIMPLE_INSTRUMENT;BLOCK;EUR;66;2.70000000;50;EXCHANGE_LAST;;1;1;XEUR;7144067;443197;
10.01.2025;16:00:45.593;D3AI SI 20251219 CS;SIMPLE_INSTRUMENT;BLOCK;EUR;90;4.14000000;700;EXCHANGE_LAST;;3;4;XEUR;7144062;443197;
10.01.2025;08:58:26.995;DAI SI 20250117 PS AM C 54.00 0;SIMPLE_INSTRUMENT;BLOCK;EUR;6;0.54000000;1701;EXCHANGE_LAST;;1;1;XEUR;12107430;443196;
10.01.2025;10:06:08.347;DAI SI 20250620 PS AM P 48.00 0;SIMPLE_INSTRUMENT;BLOCK;EUR;11;2.73000000;2000;EXCHANGE_LAST;;2;1;XEUR;7934260;443196;
10.01.2025;10:58:34.202;DAI SI 20261218 PS AM C 68.00 0;SIMPLE_INSTRUMENT;BLOCK;EUR;12;2.26000000;750;EXCHANGE_LAST;;1;1;XEUR;7190185;443196;
10.01.2025;10:58:45.691;DAI SI 20261218 PS AM P 40.00 0;SIMPLE_INSTRUMENT;BLOCK;EUR;13;3.44000000;750;EXCHANGE_LAST;;1;1;XEUR;7737736;443196;
10.01.2025;11:46:42.569;DAI SI 20250620 PS AM C 56.00 0;SIMPLE_INSTRUMENT;BLOCK;EUR;15;3.18000000;4000;EXCHANGE_LAST;;1;1;XEUR;8006363;443196;
10.01.2025;11:57:58.530;DAI.O.250110.STG.000022;STANDARD_OPTION_STRATEGY;BLOCK;EUR;16;8.75000000;1500;EXCHANGE_LAST;;1;1;XEUR;73961106363663595;443196;
10.01.2025;11:57:58.530;DAI SI 20251219 PS AM P 56.00 0;SIMPLE_INSTRUMENT;BLOCK;EUR;16;6.88000000;1500;PRC_DECOMP_EXCHANGE;;;;XEUR;7349881;443196;EXCHANGE
10.01.2025;11:57:58.530;DAI SI 20251219 PS AM C 64.00 0;SIMPLE_INSTRUMENT;BLOCK;EUR;16;1.87000000;1500;PRC_DECOMP_EXCHANGE;;;;XEUR;7423844;443196;EXCHANGE
10.01.2025;12:14:29.836;DAI.N.250110.000023;NON_STANDARD_OPTION_STRATEGY;BLOCK;EUR;18;5.08000000;2000;EXCHANGE_LAST;;1;2;XEUR;73961106363663596;443196;
10.01.2025;12:14:29.836;DAI SI 20251219 PS AM P 56.00 0;SIMPLE_INSTRUMENT;BLOCK;EUR;18;7.25000000;2000;PRC_DECOMP_EXCHANGE;;;;XEUR;7349881;443196;EXCHANGE
10.01.2025;12:14:29.836;DAI SI 20250321 PS AM C 56.00 0;SIMPLE_INSTRUMENT;BLOCK;EUR;18;2.17000000;2000;PRC_DECOMP_EXCHANGE;;;;XEUR;10884531;443196;EXCHANGE
10.01.2025;12:41:31.146;DAI SI 20250117 PS AM C 54.00 0;SIMPLE_INSTRUMENT;BLOCK;EUR;20;1.79000000;793;EXCHANGE_LAST;;1;1;XEUR;12107430;443196;
10.01.2025;12:38:44.137;DAI SI 20250117 PS AM C 54.00 0;SIMPLE_INSTRUMENT;BLOCK;EUR;21;1.82000000;908;EXCHANGE_LAST;;1;1;XEUR;12107430;443196;
10.01.2025;15:02:43.826;DAI SI 20250620 PS AM P 16.00 0;SIMPLE_INSTRUMENT;BLOCK;EUR;22;0.07000000;5000;EXCHANGE_LAST;;1;1;XEUR;8273452;443196;
10.01.2025;16:26:59.220;DAI SI 20261218 PS AM P 40.00 0;SIMPLE_INSTRUMENT;BLOCK;EUR;27;3.42000000;1000;EXCHANGE_LAST;;1;1;XEUR;7737736;443196;
10.01.2025;11:45:25.563;DBK SI 20250321 PS AM C 18.00 0;SIMPLE_INSTRUMENT;BLOCK;EUR;6;0.56000000;7500;EXCHANGE_LAST;;1;1;XEUR;10835573;362;
10.01.2025;11:46:05.566;DBK SI 20250321 PS AM P 17.00 0;SIMPLE_INSTRUMENT;BLOCK;EUR;7;0.83000000;7500;EXCHANGE_LAST;;1;1;XEUR;10835577;362;
10.01.2025;13:41:50.239;DPW SI 20251219 PS AM P 28.00 0;SIMPLE_INSTRUMENT;BLOCK;EUR;9;1.04000000;3000;EXCHANGE_LAST;;2;1;XEUR;5926784;445;
10.01.2025;12:17:10.917;DTE SI 20250620 PS AM P 28.00 0;SIMPLE_INSTRUMENT;BLOCK;EUR;5;0.77000000;3500;EXCHANGE_LAST;;1;1;XEUR;7902018;424;
10.01.2025;12:17:11.522;DTE SI 20250620 PS AM C 30.00 0;SIMPLE_INSTRUMENT;BLOCK;EUR;6;1.05000000;3500;EXCHANGE_LAST;;1;1;XEUR;11356793;424;
10.01.2025;14:21:24.146;DTE.O.250110.RBER.000003;STANDARD_OPTION_STRATEGY;BLOCK;EUR;10;-0.27000000;2000;EXCHANGE_LAST;;1;1;XEUR;72059415104107308;424;
10.01.2025;14:21:24.146;DTE SI 20251219 PS AM P 25.00 0;SIMPLE_INSTRUMENT;BLOCK;EUR;10;0.51000000;4000;PRC_DECOMP_EXCHANGE;;;;XEUR;11262847;424;EXCHANGE
10.01.2025;14:21:24.146;DTE SI 20251219 PS AM P 28.00 0;SIMPLE_INSTRUMENT;BLOCK;EUR;10;1.29000000;2000;PRC_DECOMP_EXCHANGE;;;;XEUR;6268407;424;EXCHANGE
10.01.2025;09:47:48.876;E2NL SI 20250321 CS;SIMPLE_INSTRUMENT;BLOCK;EUR;6;0.21500000;1740;EXCHANGE_LAST;;1;1;XEUR;10403435;471;
10.01.2025;11:09:31.462;E2NL SI 20250321 CS;SIMPLE_INSTRUMENT;BLOCK;EUR;23;0.21500000;1740;EXCHANGE_LAST;;1;1;XEUR;10403435;471;
10.01.2025;14:24:55.270;E2NL SI 20250321 CS;SIMPLE_INSTRUMENT;BLOCK;EUR;58;0.21500000;1740;EXCHANGE_LAST;;1;1;XEUR;10403435;471;
10.01.2025;13:04:03.514;E2NR SI 20250321 CS;SIMPLE_INSTRUMENT;BLOCK;EUR;47;0.00100000;770;EXCHANGE_LAST;;2;1;XEUR;10448950;300513;
10.01.2025;14:57:50.462;E2NT SI 20281215 CS;SIMPLE_INSTRUMENT;BLOCK;EUR;67;0.82000000;130;EXCHANGE_LAST;;1;1;XEUR;6802271;470;
10.01.2025;14:58:39.457;E2NT SI 20281215 CS;SIMPLE_INSTRUMENT;BLOCK;EUR;69;0.83000000;130;EXCHANGE_LAST;;1;1;XEUR;6802271;470;
10.01.2025;16:12:31.858;EMSN SI 20250620 PS AM P 557.38 1;SIMPLE_INSTRUMENT;BLOCK;CHF;81;12.40000000;1000;EXCHANGE_LAST;;1;1;XEUR;9782987;26645;
10.01.2025;14:24:53.271;ENLH SI 20250320 CS;SIMPLE_INSTRUMENT;BLOCK;EUR;57;6.88100000;4000;EXCHANGE_LAST;;1;1;XEUR;10690796;524976;
10.01.2025;11:49:08.011;ENR SI 20250620 PS AM P 44.00 0;SIMPLE_INSTRUMENT;BLOCK;EUR;3;3.15000000;3000;EXCHANGE_LAST;;1;2;XEUR;11109012;298530;
10.01.2025;15:40:33.204;ENR SI 20250221 PS AM C 50.00 0;SIMPLE_INSTRUMENT;BLOCK;EUR;13;3.70000000;200;EXCHANGE_LAST;;1;1;XEUR;12273377;298530;
10.01.2025;13:03:54.444;ENRF SI 20250321 CS;SIMPLE_INSTRUMENT;BLOCK;EUR;46;51.91500000;9750;EXCHANGE_LAST;;2;1;XEUR;10728679;298508;
10.01.2025;13:18:51.003;ENT5.O.250110.BRT.000002;STANDARD_OPTION_STRATEGY;BLOCK;EUR;9;1.57000000;3750;EXCHANGE_LAST;;1;3;XEUR;72059728636684205;497;
10.01.2025;13:18:51.003;ENT5 SI 20281214 PS AM P 14.00 0;SIMPLE_INSTRUMENT;BLOCK;EUR;9;2.92950000;3750;PRC_DECOMP_EXCHANGE;;;;XEUR;10381175;497;EXCHANGE
10.01.2025;13:18:51.003;ENT5 SI 20251218 PS AM P 14.00 0;SIMPLE_INSTRUMENT;BLOCK;EUR;9;1.35950000;3750;PRC_DECOMP_EXCHANGE;;;;XEUR;5911905;497;EXCHANGE
10.01.2025;12:59:45.963;ENUR SI 20261218 PS AM P 9.00 0;SIMPLE_INSTRUMENT;BLOCK;EUR;7;1.23000000;4000;EXCHANGE_LAST;;1;1;XEUR;12440683;498;
10.01.2025;15:44:41.326;ENUR SI 20250117 PS AM C 10.20 0;SIMPLE_INSTRUMENT;BLOCK;EUR;14;0.06000000;3750;EXCHANGE_LAST;;1;1;XEUR;12440758;498;
10.01.2025;15:44:45.284;ENUR SI 20250117 PS AM C 10.20 0;SIMPLE_INSTRUMENT;BLOCK;EUR;15;0.07000000;3750;EXCHANGE_LAST;;1;1;XEUR;12440758;498;
10.01.2025;08:37:06.589;EOA.O.250110.STG.000001;STANDARD_OPTION_STRATEGY;BLOCK;EUR;1;0.62000000;5000;EXCHANGE_LAST;;1;1;XEUR;72268326608331535;49065;
10.01.2025;08:37:06.589;EOA SI 20250321 PS AM P 10.40 0;SIMPLE_INSTRUMENT;BLOCK;EUR;1;0.25000000;5000;PRC_DECOMP_EXCHANGE;;;;XEUR;12472146;49065;EXCHANGE
10.01.2025;08:37:06.589;EOA SI 20250321 PS AM C 11.00 0;SIMPLE_INSTRUMENT;BLOCK;EUR;1;0.37000000;5000;PRC_DECOMP_EXCHANGE;;;;XEUR;10867712;49065;EXCHANGE
10.01.2025;09:10:07.222;EOA.O.250110.BLT.000003;STANDARD_OPTION_STRATEGY;BLOCK;EUR;8;0.20000000;18000;EXCHANGE_LAST;;3;2;XEUR;72268326608331537;49065;
10.01.2025;09:10:07.222;EOA SI 20250919 PS AM C 11.00 0;SIMPLE_INSTRUMENT;BLOCK;EUR;8;0.60000000;18000;PRC_DECOMP_EXCHANGE;;;;XEUR;11908966;49065;EXCHANGE
10.01.2025;09:10:07.222;EOA SI 20250321 PS AM C 11.00 0;SIMPLE_INSTRUMENT;BLOCK;EUR;8;0.40000000;18000;PRC_DECOMP_EXCHANGE;;;;XEUR;10867712;49065;EXCHANGE
10.01.2025;09:14:08.361;EOAI SI 20250321 CS;SIMPLE_INSTRUMENT;BLOCK;EUR;1;10.73000000;250;EXCHANGE_LAST;;1;1;XEUR;10721276;49066;
10.01.2025;09:17:01.096;F3IA SI 20261218 CS;SIMPLE_INSTRUMENT;BLOCK;EUR;3;0.62000000;2000;EXCHANGE_LAST;;1;1;XEUR;6830373;390387;
10.01.2025;09:36:10.425;F3IA SI 20261218 CS;SIMPLE_INSTRUMENT;BLOCK;EUR;4;0.60000000;250;EXCHANGE_LAST;;1;1;XEUR;6830373;390387;
10.01.2025;10:34:47.148;F3IA SI 20281215 CS;SIMPLE_INSTRUMENT;BLOCK;EUR;16;0.52000000;600;EXCHANGE_LAST;;1;1;XEUR;9964653;390387;
10.01.2025;11:42:05.403;F3IA SI 20261218 CS;SIMPLE_INSTRUMENT;BLOCK;EUR;28;0.62000000;500;EXCHANGE_LAST;;2;1;XEUR;6830373;390387;
10.01.2025;14:52:55.190;F3TE SI 20281215 CS;SIMPLE_INSTRUMENT;BLOCK;EUR;63;0.58000000;248;EXCHANGE_LAST;;1;1;XEUR;6830366;390379;
10.01.2025;16:03:01.188;F3TE SI 20281215 CS;SIMPLE_INSTRUMENT;BLOCK;EUR;91;0.58000000;600;EXCHANGE_LAST;;1;2;XEUR;6830366;390379;
10.01.2025;08:40:52.907;FBTP SI 20250306 PS;SIMPLE_INSTRUMENT;BLOCK;EUR;1;118.17000000;967;EXCHANGE_LAST;;1;1;XEUR;11286675;636;
10.01.2025;09:23:35.282;FBTP SI 20250306 PS;SIMPLE_INSTRUMENT;EFP_FIN;EUR;2;118.15000000;124;EXCHANGE_LAST;;1;1;XEUR;11286675;636;
10.01.2025;09:23:43.885;FBTP SI 20250306 PS;SIMPLE_INSTRUMENT;EFP_FIN;EUR;3;118.17000000;630;EXCHANGE_LAST;;1;1;XEUR;11286675;636;
10.01.2025;09:36:47.291;FBTP SI 20250306 PS;SIMPLE_INSTRUMENT;BLOCK;EUR;4;118.23000000;318;EXCHANGE_LAST;;1;1;XEUR;11286675;636;
10.01.2025;09:44:18.177;FBTP SI 20250306 PS;SIMPLE_INSTRUMENT;EFP_FIN;EUR;5;118.19000000;495;EXCHANGE_LAST;;1;1;XEUR;11286675;636;
10.01.2025;09:44:17.570;FBTP SI 20250306 PS;SIMPLE_INSTRUMENT;EFP_FIN;EUR;6;118.22000000;718;EXCHANGE_LAST;;1;1;XEUR;11286675;636;
10.01.2025;10:46:50.909;FBTP SI 20250306 PS;SIMPLE_INSTRUMENT;EFP_FIN;EUR;7;118.28000000;1343;EXCHANGE_LAST;;1;1;XEUR;11286675;636;
10.01.2025;11:04:56.535;FBTP SI 20250306 PS;SIMPLE_INSTRUMENT;EFP_FIN;EUR;9;118.19000000;1441;EXCHANGE_LAST;;1;1;XEUR;11286675;636;
10.01.2025;11:09:18.860;FBTP SI 20250306 PS;SIMPLE_INSTRUMENT;EFP_FIN;EUR;10;118.18000000;569;EXCHANGE_LAST;;1;1;XEUR;11286675;636;
10.01.2025;11:11:06.142;FBTP SI 20250306 PS;SIMPLE_INSTRUMENT;EFP_FIN;EUR;11;118.18000000;570;EXCHANGE_LAST;;1;1;XEUR;11286675;636;
10.01.2025;11:12:18.365;FBTP SI 20250306 PS;SIMPLE_INSTRUMENT;EFP_FIN;EUR;12;118.27000000;248;EXCHANGE_LAST;;1;1;XEUR;11286675;636;
10.01.2025;11:14:04.077;FBTP SI 20250306 PS;SIMPLE_INSTRUMENT;BLOCK;EUR;13;118.22000000;465;EXCHANGE_LAST;;1;1;XEUR;11286675;636;
10.01.2025;11:52:25.883;FBTP SI 20250306 PS;SIMPLE_INSTRUMENT;BLOCK;EUR;14;118.22000000;504;EXCHANGE_LAST;;1;1;XEUR;11286675;636;
10.01.2025;11:58:17.188;FBTP SI 20250306 PS;SIMPLE_INSTRUMENT;EFP_FIN;EUR;15;118.14000000;376;EXCHANGE_LAST;;1;1;XEUR;11286675;636;
10.01.2025;12:02:27.027;FBTP SI 20250306 PS;SIMPLE_INSTRUMENT;EFP_FIN;EUR;16;118.14000000;596;EXCHANGE_LAST;;1;1;XEUR;11286675;636;
10.01.2025;12:04:43.372;FBTP SI 20250306 PS;SIMPLE_INSTRUMENT;EFP_FIN;EUR;17;118.17000000;97;EXCHANGE_LAST;;1;1;XEUR;11286675;636;
10.01.2025;13:08:39.392;FBTP SI 20250306 PS;SIMPLE_INSTRUMENT;EFP_FIN;EUR;18;118.21000000;403;EXCHANGE_LAST;;1;1;XEUR;11286675;636;
10.01.2025;15:09:31.030;FBTP SI 20250306 PS;SIMPLE_INSTRUMENT;EFP_FIN;EUR;19;118.07000000;448;EXCHANGE_LAST;;1;1;XEUR;11286675;636;
10.01.2025;15:23:02.097;FBTP SI 20250306 PS;SIMPLE_INSTRUMENT;BLOCK;EUR;20;118.01000000;1751;EXCHANGE_LAST;;1;1;XEUR;11286675;636;
10.01.2025;16:08:13.942;FBTP SI 20250306 PS;SIMPLE_INSTRUMENT;EFP_FIN;EUR;21;117.98000000;97;EXCHANGE_LAST;;1;1;XEUR;11286675;636;
10.01.2025;16:08:59.610;FBTP SI 20250306 PS;SIMPLE_INSTRUMENT;EFP_FIN;EUR;22;117.98000000;97;EXCHANGE_LAST;;1;1;XEUR;11286675;636;
10.01.2025;16:38:29.570;FBTP SI 20250306 PS;SIMPLE_INSTRUMENT;EFP_FIN;EUR;23;117.89000000;90;EXCHANGE_LAST;;1;1;XEUR;11286675;636;
10.01.2025;16:54:31.890;FBTP SI 20250306 PS;SIMPLE_INSTRUMENT;EFP_FIN;EUR;24;117.96000000;174;EXCHANGE_LAST;;1;1;XEUR;11286675;636;
10.01.2025;16:54:48.891;FBTP SI 20250306 PS;SIMPLE_INSTRUMENT;EFP_FIN;EUR;25;117.96000000;126;EXCHANGE_LAST;;1;1;XEUR;11286675;636;
10.01.2025;16:57:04.564;FBTP SI 20250306 PS;SIMPLE_INSTRUMENT;EFP_FIN;EUR;26;117.92000000;174;EXCHANGE_LAST;;1;1;XEUR;11286675;636;
10.01.2025;17:10:05.892;FBTP SI 20250306 PS;SIMPLE_INSTRUMENT;EFP_FIN;EUR;27;117.92000000;174;EXCHANGE_LAST;;1;1;XEUR;11286675;636;
10.01.2025;15:43:49.056;FBTS SI 20250306 PS;SIMPLE_INSTRUMENT;EFP_FIN;EUR;21;106.91000000;1362;EXCHANGE_LAST;;1;1;XEUR;11286677;639;
10.01.2025;16:19:05.379;FCEU SI 20250317 PS;SIMPLE_INSTRUMENT;BLOCK;USD;3;1.02775000;330;EXCHANGE_LAST;;1;1;XEUR;9136240;369376;
10.01.2025;10:15:41.318;FCEY SI 20250317 PS;SIMPLE_INSTRUMENT;BLOCK;JPY;1;161.87000000;90;EXCHANGE_LAST;;1;1;XEUR;9136148;369363;
10.01.2025;17:09:15.519;FCMU SI 20250317 CS;SIMPLE_INSTRUMENT;BLOCK;USD;4;0.04785000;75;EXCHANGE_LAST;;1;1;XEUR;11329545;570874;
10.01.2025;11:13:46.872;FCPU SI 20250317 PS;SIMPLE_INSTRUMENT;BLOCK;USD;2;1.22820000;510;EXCHANGE_LAST;;1;1;XEUR;9136249;369379;
10.01.2025;17:02:09.814;FDAX SI 20250321 CS;SIMPLE_INSTRUMENT;EFP_IDX;EUR;1;20348.00000000;36;EXCHANGE_LAST;;1;1;XEUR;7561255;589;
10.01.2025;17:02:21.722;FDAX SI 20250321 CS;SIMPLE_INSTRUMENT;EFP_IDX;EUR;2;20347.00000000;9;EXCHANGE_LAST;;1;1;XEUR;7561255;589;
10.01.2025;09:24:28.432;FDAX SI 20250321 CS;SIMPLE_INSTRUMENT;VOLA;EUR;671088642;20450.00000000;8;EXCHANGE_LAST;;1;1;XEUR;7561255;589;
10.01.2025;12:08:04.064;FDAX SI 20250321 CS;SIMPLE_INSTRUMENT;VOLA;EUR;671088646;20526.00000000;124;EXCHANGE_LAST;;1;1;XEUR;7561255;589;
10.01.2025;14:11:14.167;FDAX SI 20250321 CS;SIMPLE_INSTRUMENT;VOLA;EUR;671088650;20440.00000000;4;EXCHANGE_LAST;;1;1;XEUR;7561255;589;
10.01.2025;11:04:09.013;FEBD SI 20251219 CS;SIMPLE_INSTRUMENT;BLOCK;EUR;17;10.38000000;375;EXCHANGE_LAST;;1;1;XEUR;5914075;597;
10.01.2025;11:04:20.266;FEBD SI 20251219 CS;SIMPLE_INSTRUMENT;BLOCK;EUR;18;10.39000000;375;EXCHANGE_LAST;;1;1;XEUR;5914075;597;
10.01.2025;16:10:31.317;FES1 SI 20250321 PS;SIMPLE_INSTRUMENT;BLOCK;EUR;42;17.20000000;200;EXCHANGE_LAST;;1;1;XEUR;11391470;58959;
10.01.2025;16:10:39.855;FES1 SI 20250321 PS;SIMPLE_INSTRUMENT;BLOCK;EUR;43;17.30000000;200;EXCHANGE_LAST;;1;1;XEUR;11391470;58959;
10.01.2025;10:39:53.310;FESB SI 20250321 CS;SIMPLE_INSTRUMENT;EFP_IDX;EUR;29;150.30000000;2000;EXCHANGE_LAST;;1;1;XEUR;11359072;605;
10.01.2025;10:43:05.122;FESB SI 20250321 CS;SIMPLE_INSTRUMENT;EFP_IDX;EUR;30;150.30000000;5000;EXCHANGE_LAST;;1;1;XEUR;11359072;605;
10.01.2025;16:50:39.499;FESU SI 20250321 CS;SIMPLE_INSTRUMENT;BLOCK;EUR;10;374.80000000;677;EXCHANGE_LAST;;1;1;XEUR;11359368;673;
10.01.2025;16:50:44.410;FESU SI 20250321 CS;SIMPLE_INSTRUMENT;BLOCK;EUR;11;374.90000000;2712;EXCHANGE_LAST;;1;1;XEUR;11359368;673;
10.01.2025;16:16:02.601;FESX SI 20250321 CS;SIMPLE_INSTRUMENT;EFP_IDX;EUR;1;5010.00000000;1000;EXCHANGE_LAST;;1;1;XEUR;7793482;675;
10.01.2025;16:25:20.948;FESX SI 20250321 CS;SIMPLE_INSTRUMENT;BLOCK;EUR;2;5002.00000000;2000;EXCHANGE_LAST;;1;1;XEUR;7793482;675;
10.01.2025;16:26:44.743;FESX SI 20250321 CS;SIMPLE_INSTRUMENT;BLOCK;EUR;3;5000.00000000;2000;EXCHANGE_LAST;;1;1;XEUR;7793482;675;
10.01.2025;16:29:28.348;FESX SI 20250321 CS;SIMPLE_INSTRUMENT;EFP_IDX;EUR;4;5010.00000000;1000;EXCHANGE_LAST;;1;1;XEUR;7793482;675;
10.01.2025;16:51:30.209;FESX SI 20250321 CS;SIMPLE_INSTRUMENT;EFP_IDX;EUR;5;4994.00000000;740;EXCHANGE_LAST;;1;1;XEUR;7793482;675;
10.01.2025;16:51:36.796;FESX SI 20250321 CS;SIMPLE_INSTRUMENT;EFP_IDX;EUR;6;4995.00000000;260;EXCHANGE_LAST;;1;1;XEUR;7793482;675;
10.01.2025;16:51:24.491;FESX SI 20250321 CS;SIMPLE_INSTRUMENT;EFP_IDX;EUR;7;4994.00000000;222;EXCHANGE_LAST;;1;1;XEUR;7793482;675;
10.01.2025;16:51:10.873;FESX SI 20250321 CS;SIMPLE_INSTRUMENT;EFP_IDX;EUR;8;4995.00000000;78;EXCHANGE_LAST;;1;1;XEUR;7793482;675;
10.01.2025;16:51:44.371;FESX SI 20250321 CS;SIMPLE_INSTRUMENT;EFP_IDX;EUR;9;4994.00000000;222;EXCHANGE_LAST;;1;1;XEUR;7793482;675;
10.01.2025;16:51:34.799;FESX SI 20250321 CS;SIMPLE_INSTRUMENT;EFP_IDX;EUR;10;4995.00000000;78;EXCHANGE_LAST;;1;1;XEUR;7793482;675;
10.01.2025;16:50:15.246;FESX SI 20250321 CS;SIMPLE_INSTRUMENT;EFP_IDX;EUR;11;4994.00000000;115;EXCHANGE_LAST;;1;1;XEUR;7793482;675;
10.01.2025;16:50:30.611;FESX SI 20250321 CS;SIMPLE_INSTRUMENT;EFP_IDX;EUR;12;4995.00000000;41;EXCHANGE_LAST;;1;1;XEUR;7793482;675;
10.01.2025;08:50:07.007;FESX SI 20250321 CS;SIMPLE_INSTRUMENT;VOLA;EUR;637534211;5030.00000000;40;EXCHANGE_LAST;;1;1;XEUR;7793482;675;
10.01.2025;09:31:33.604;FESX SI 20250321 CS;SIMPLE_INSTRUMENT;VOLA;EUR;637534226;5036.00000000;411;EXCHANGE_LAST;;1;1;XEUR;7793482;675;
10.01.2025;09:32:20.541;FESX SI 20250321 CS;SIMPLE_INSTRUMENT;VOLA;EUR;637534230;5025.00000000;375;EXCHANGE_LAST;;1;1;XEUR;7793482;675;
10.01.2025;09:40:33.840;FESX SI 20250321 CS;SIMPLE_INSTRUMENT;VOLA;EUR;637534237;5024.00000000;1300;EXCHANGE_LAST;;1;1;XEUR;7793482;675;
10.01.2025;09:40:41.545;FESX SI 20250321 CS;SIMPLE_INSTRUMENT;VOLA;EUR;637534238;5024.00000000;300;EXCHANGE_LAST;;1;1;XEUR;7793482;675;
10.01.2025;09:41:09.546;FESX SI 20250321 CS;SIMPLE_INSTRUMENT;VOLA;EUR;637534239;5024.00000000;300;EXCHANGE_LAST;;1;1;XEUR;7793482;675;
10.01.2025;09:56:30.340;FESX SI 20250321 CS;SIMPLE_INSTRUMENT;VOLA;EUR;637534243;5030.00000000;868;EXCHANGE_LAST;;1;1;XEUR;7793482;675;
10.01.2025;10:08:38.140;FESX SI 20250321 CS;SIMPLE_INSTRUMENT;VOLA;EUR;637534251;5030.00000000;315;EXCHANGE_LAST;;1;1;XEUR;7793482;675;
10.01.2025;10:40:14.104;FESX SI 20250321 CS;SIMPLE_INSTRUMENT;VOLA;EUR;637534260;5035.00000000;108;EXCHANGE_LAST;;1;1;XEUR;7793482;675;
10.01.2025;11:26:43.486;FESX SI 20250321 CS;SIMPLE_INSTRUMENT;VOLA;EUR;637534280;5041.00000000;240;EXCHANGE_LAST;;1;1;XEUR;7793482;675;
10.01.2025;11:50:52.177;FESX SI 20250321 CS;SIMPLE_INSTRUMENT;VOLA;EUR;637534289;5030.00000000;570;EXCHANGE_LAST;;1;1;XEUR;7793482;675;
10.01.2025;12:41:07.767;FESX SI 20250321 CS;SIMPLE_INSTRUMENT;VOLA;EUR;637534297;5036.00000000;189;EXCHANGE_LAST;;1;1;XEUR;7793482;675;
10.01.2025;12:44:02.065;FESX SI 20250321 CS;SIMPLE_INSTRUMENT;VOLA;EUR;637534300;5040.00000000;1280;EXCHANGE_LAST;;1;1;XEUR;7793482;675;
10.01.2025;12:49:30.677;FESX SI 20250321 CS;SIMPLE_INSTRUMENT;VOLA;EUR;637534306;5040.00000000;300;EXCHANGE_LAST;;1;1;XEUR;7793482;675;
10.01.2025;13:08:13.540;FESX SI 20250321 CS;SIMPLE_INSTRUMENT;VOLA;EUR;637534310;5041.00000000;1460;EXCHANGE_LAST;;1;1;XEUR;7793482;675;
10.01.2025;15:19:23.019;FESX SI 20250321 CS;SIMPLE_INSTRUMENT;VOLA;EUR;637534325;4990.00000000;380;EXCHANGE_LAST;;1;1;XEUR;7793482;675;
10.01.2025;15:44:37.917;FESX SI 20250321 CS;SIMPLE_INSTRUMENT;VOLA;EUR;637534338;5010.00000000;570;EXCHANGE_LAST;;1;1;XEUR;7793482;675;
10.01.2025;16:13:14.979;FESX SI 20250321 CS;SIMPLE_INSTRUMENT;VOLA;EUR;637534347;4997.00000000;1600;EXCHANGE_LAST;;1;1;XEUR;7793482;675;
10.01.2025;12:25:53.566;FEXD SI 20261218 CS;SIMPLE_INSTRUMENT;BLOCK;EUR;21;155.20000000;210;EXCHANGE_LAST;;1;1;XEUR;2163053;693;
10.01.2025;15:40:34.825;FEXD SI 20261218 CS;SIMPLE_INSTRUMENT;BLOCK;EUR;40;154.80000000;500;EXCHANGE_LAST;;1;2;XEUR;2163053;693;
10.01.2025;15:39:17.886;FEXD SI 20261218 CS;SIMPLE_INSTRUMENT;BLOCK;EUR;41;154.60000000;250;EXCHANGE_LAST;;1;1;XEUR;2163053;693;
10.01.2025;16:46:23.678;FEXD SI 20251219 CS;SIMPLE_INSTRUMENT;BLOCK;EUR;57;158.70000000;250;EXCHANGE_LAST;;1;1;XEUR;1548120;693;
10.01.2025;16:28:56.305;FFOX SI 20250321 CS;SIMPLE_INSTRUMENT;BLOCK;EUR;3;4330.50000000;200;EXCHANGE_LAST;;1;1;XEUR;11338030;695;
10.01.2025;07:41:42.305;FGBL SI 20250306 PS;SIMPLE_INSTRUMENT;EFS;EUR;1;131.21000000;233;EXCHANGE_LAST;;1;1;XEUR;11286679;688;
10.01.2025;08:09:02.119;FGBL SI 20250306 PS;SIMPLE_INSTRUMENT;EFS;EUR;2;131.17000000;415;EXCHANGE_LAST;;1;1;XEUR;11286679;688;
10.01.2025;08:30:09.965;FGBL SI 20250306 PS;SIMPLE_INSTRUMENT;EFS;EUR;3;131.18000000;207;EXCHANGE_LAST;;1;1;XEUR;11286679;688;
10.01.2025;08:36:09.699;FGBL SI 20250306 PS;SIMPLE_INSTRUMENT;EFP_FIN;EUR;4;131.18000000;393;EXCHANGE_LAST;;1;1;XEUR;11286679;688;
10.01.2025;08:44:59.240;FGBL SI 20250306 PS;SIMPLE_INSTRUMENT;EFS;EUR;5;131.11000000;414;EXCHANGE_LAST;;1;1;XEUR;11286679;688;
10.01.2025;08:45:25.077;FGBL SI 20250306 PS;SIMPLE_INSTRUMENT;EFS;EUR;6;131.11000000;414;EXCHANGE_LAST;;1;1;XEUR;11286679;688;
10.01.2025;08:46:08.150;FGBL SI 20250306 PS;SIMPLE_INSTRUMENT;EFP_FIN;EUR;7;131.18000000;68;EXCHANGE_LAST;;1;1;XEUR;11286679;688;
10.01.2025;08:46:26.595;FGBL SI 20250306 PS;SIMPLE_INSTRUMENT;EFS;EUR;8;131.11000000;207;EXCHANGE_LAST;;1;1;XEUR;11286679;688;
10.01.2025;08:48:25.698;FGBL SI 20250306 PS;SIMPLE_INSTRUMENT;EFS;EUR;9;131.11000000;415;EXCHANGE_LAST;;1;1;XEUR;11286679;688;
10.01.2025;08:53:38.291;FGBL SI 20250306 PS;SIMPLE_INSTRUMENT;EFS;EUR;10;131.11000000;1215;EXCHANGE_LAST;;1;1;XEUR;11286679;688;
10.01.2025;08:56:37.244;FGBL SI 20250306 PS;SIMPLE_INSTRUMENT;EFS;EUR;11;131.16000000;415;EXCHANGE_LAST;;1;1;XEUR;11286679;688;
10.01.2025;08:57:17.561;FGBL SI 20250306 PS;SIMPLE_INSTRUMENT;EFP_FIN;EUR;12;131.16000000;444;EXCHANGE_LAST;;1;1;XEUR;11286679;688;
10.01.2025;08:57:28.396;FGBL SI 20250306 PS;SIMPLE_INSTRUMENT;EFS;EUR;13;131.11000000;954;EXCHANGE_LAST;;1;1;XEUR;11286679;688;
10.01.2025;08:59:18.038;FGBL SI 20250306 PS;SIMPLE_INSTRUMENT;EFP_FIN;EUR;14;131.14000000;508;EXCHANGE_LAST;;1;1;XEUR;11286679;688;
10.01.2025;08:58:56.997;FGBL SI 20250306 PS;SIMPLE_INSTRUMENT;EFS;EUR;15;131.10000000;208;EXCHANGE_LAST;;1;1;XEUR;11286679;688;
10.01.2025;09:05:20.972;FGBL SI 20250306 PS;SIMPLE_INSTRUMENT;EFS;EUR;16;131.10000000;1215;EXCHANGE_LAST;;1;1;XEUR;11286679;688;
10.01.2025;09:10:47.863;FGBL SI 20250306 PS;SIMPLE_INSTRUMENT;EFS;EUR;17;131.13000000;415;EXCHANGE_LAST;;1;1;XEUR;11286679;688;
10.01.2025;09:11:42.900;FGBL SI 20250306 PS;SIMPLE_INSTRUMENT;EFS;EUR;18;131.13000000;415;EXCHANGE_LAST;;1;1;XEUR;11286679;688;
10.01.2025;09:12:17.653;FGBL SI 20250306 PS;SIMPLE_INSTRUMENT;EFS;EUR;19;131.13000000;1000;EXCHANGE_LAST;;1;1;XEUR;11286679;688;
10.01.2025;09:14:28.187;FGBL SI 20250306 PS;SIMPLE_INSTRUMENT;EFS;EUR;20;131.17000000;477;EXCHANGE_LAST;;1;1;XEUR;11286679;688;
10.01.2025;09:27:14.511;FGBL SI 20250306 PS;SIMPLE_INSTRUMENT;EFS;EUR;21;131.18000000;415;EXCHANGE_LAST;;1;1;XEUR;11286679;688;
10.01.2025;09:27:19.515;FGBL SI 20250306 PS;SIMPLE_INSTRUMENT;EFS;EUR;22;131.18000000;415;EXCHANGE_LAST;;1;1;XEUR;11286679;688;
10.01.2025;09:29:37.137;FGBL SI 20250306 PS;SIMPLE_INSTRUMENT;EFS;EUR;23;131.19000000;477;EXCHANGE_LAST;;1;1;XEUR;11286679;688;
10.01.2025;09:30:39.094;FGBL SI 20250306 PS;SIMPLE_INSTRUMENT;EFS;EUR;24;131.19000000;477;EXCHANGE_LAST;;1;1;XEUR;11286679;688;
10.01.2025;09:31:22.224;FGBL SI 20250306 PS;SIMPLE_INSTRUMENT;EFS;EUR;25;131.19000000;414;EXCHANGE_LAST;;1;1;XEUR;11286679;688;
10.01.2025;09:32:25.958;FGBL SI 20250306 PS;SIMPLE_INSTRUMENT;EFS;EUR;26;131.17000000;414;EXCHANGE_LAST;;1;1;XEUR;11286679;688;
10.01.2025;09:36:29.948;FGBL SI 20250306 PS;SIMPLE_INSTRUMENT;EFS;EUR;27;131.15000000;414;EXCHANGE_LAST;;1;1;XEUR;11286679;688;
10.01.2025;09:38:46.624;FGBL SI 20250306 PS;SIMPLE_INSTRUMENT;EFP_FIN;EUR;28;131.17000000;256;EXCHANGE_LAST;;1;1;XEUR;11286679;688;
10.01.2025;09:44:12.713;FGBL SI 20250306 PS;SIMPLE_INSTRUMENT;EFP_FIN;EUR;29;131.13000000;743;EXCHANGE_LAST;;1;1;XEUR;11286679;688;
10.01.2025;09:49:20.669;FGBL SI 20250306 PS;SIMPLE_INSTRUMENT;EFS;EUR;30;131.14000000;414;EXCHANGE_LAST;;1;1;XEUR;11286679;688;
10.01.2025;09:53:53.865;FGBL SI 20250306 PS;SIMPLE_INSTRUMENT;EFS;EUR;31;131.12000000;450;EXCHANGE_LAST;;1;1;XEUR;11286679;688;
10.01.2025;09:54:56.142;FGBL SI 20250306 PS;SIMPLE_INSTRUMENT;EFS;EUR;32;131.12000000;450;EXCHANGE_LAST;;1;1;XEUR;11286679;688;
10.01.2025;09:56:16.686;FGBL SI 20250306 PS;SIMPLE_INSTRUMENT;EFS;EUR;33;131.12000000;415;EXCHANGE_LAST;;1;1;XEUR;11286679;688;
10.01.2025;09:56:46.215;FGBL SI 20250306 PS;SIMPLE_INSTRUMENT;EFP_FIN;EUR;34;131.14000000;522;EXCHANGE_LAST;;1;1;XEUR;11286679;688;
10.01.2025;10:03:30.188;FGBL SI 20250306 PS;SIMPLE_INSTRUMENT;EFS;EUR;35;131.15000000;97;EXCHANGE_LAST;;1;1;XEUR;11286679;688;
10.01.2025;10:00:13.004;FGBL SI 20250306 PS;SIMPLE_INSTRUMENT;EFS;EUR;36;131.15000000;414;EXCHANGE_LAST;;1;1;XEUR;11286679;688;
10.01.2025;10:00:44.113;FGBL SI 20250306 PS;SIMPLE_INSTRUMENT;EFP_FIN;EUR;37;131.13000000;236;EXCHANGE_LAST;;1;1;XEUR;11286679;688;
10.01.2025;10:17:41.464;FGBL SI 20250306 PS;SIMPLE_INSTRUMENT;EFP_FIN;EUR;39;131.13000000;232;EXCHANGE_LAST;;1;1;XEUR;11286679;688;
10.01.2025;10:08:17.201;FGBL SI 20250306 PS;SIMPLE_INSTRUMENT;EFP_FIN;EUR;40;131.14000000;522;EXCHANGE_LAST;;1;1;XEUR;11286679;688;
10.01.2025;10:11:45.211;FGBL SI 20250306 PS;SIMPLE_INSTRUMENT;EFS;EUR;41;131.11000000;476;EXCHANGE_LAST;;1;1;XEUR;11286679;688;
10.01.2025;10:21:38.360;FGBL SI 20250306 PS;SIMPLE_INSTRUMENT;EFP_FIN;EUR;42;131.16000000;522;EXCHANGE_LAST;;1;1;XEUR;11286679;688;
10.01.2025;10:25:19.300;FGBL SI 20250306 PS;SIMPLE_INSTRUMENT;EFP_FIN;EUR;43;131.15000000;228;EXCHANGE_LAST;;1;1;XEUR;11286679;688;
10.01.2025;10:43:40.859;FGBL SI 20250306 PS;SIMPLE_INSTRUMENT;EFP_FIN;EUR;44;131.16000000;522;EXCHANGE_LAST;;1;1;XEUR;11286679;688;
10.01.2025;10:49:44.473;FGBL SI 20250306 PS;SIMPLE_INSTRUMENT;EFP_FIN;EUR;45;131.16000000;522;EXCHANGE_LAST;;1;1;XEUR;11286679;688;
10.01.2025;10:51:27.548;FGBL SI 20250306 PS;SIMPLE_INSTRUMENT;EFS;EUR;46;131.15000000;414;EXCHANGE_LAST;;1;1;XEUR;11286679;688;
10.01.2025;10:54:28.014;FGBL SI 20250306 PS;SIMPLE_INSTRUMENT;EFS;EUR;47;131.20000000;414;EXCHANGE_LAST;;1;1;XEUR;11286679;688;
10.01.2025;10:59:48.876;FGBL SI 20250306 PS;SIMPLE_INSTRUMENT;EFS;EUR;48;131.13000000;207;EXCHANGE_LAST;;1;1;XEUR;11286679;688;
10.01.2025;11:03:55.865;FGBL SI 20250306 PS;SIMPLE_INSTRUMENT;EFS;EUR;49;131.13000000;238;EXCHANGE_LAST;;1;1;XEUR;11286679;688;
10.01.2025;11:04:52.508;FGBL SI 20250306 PS;SIMPLE_INSTRUMENT;EFS;EUR;50;131.16000000;414;EXCHANGE_LAST;;1;1;XEUR;11286679;688;
10.01.2025;11:06:10.886;FGBL SI 20250306 PS;SIMPLE_INSTRUMENT;EFS;EUR;51;131.15000000;439;EXCHANGE_LAST;;1;1;XEUR;11286679;688;
10.01.2025;11:07:44.834;FGBL SI 20250306 PS;SIMPLE_INSTRUMENT;EFS;EUR;52;131.17000000;414;EXCHANGE_LAST;;1;1;XEUR;11286679;688;
10.01.2025;11:10:38.599;FGBL SI 20250306 PS;SIMPLE_INSTRUMENT;EFS;EUR;53;131.15000000;415;EXCHANGE_LAST;;1;1;XEUR;11286679;688;
10.01.2025;11:19:45.713;FGBL SI 20250306 PS;SIMPLE_INSTRUMENT;EFS;EUR;55;131.14000000;414;EXCHANGE_LAST;;1;1;XEUR;11286679;688;
10.01.2025;11:20:23.888;FGBL SI 20250306 PS;SIMPLE_INSTRUMENT;EFS;EUR;56;131.18000000;415;EXCHANGE_LAST;;1;1;XEUR;11286679;688;
10.01.2025;11:26:41.147;FGBL SI 20250306 PS;SIMPLE_INSTRUMENT;EFS;EUR;57;131.15000000;415;EXCHANGE_LAST;;1;1;XEUR;11286679;688;
10.01.2025;11:27:26.187;FGBL SI 20250306 PS;SIMPLE_INSTRUMENT;EFS;EUR;58;131.15000000;415;EXCHANGE_LAST;;1;1;XEUR;11286679;688;
10.01.2025;11:29:53.938;FGBL SI 20250306 PS;SIMPLE_INSTRUMENT;EFP_FIN;EUR;59;131.17000000;939;EXCHANGE_LAST;;1;1;XEUR;11286679;688;
10.01.2025;11:29:58.602;FGBL SI 20250306 PS;SIMPLE_INSTRUMENT;EFP_FIN;EUR;60;131.14000000;376;EXCHANGE_LAST;;1;1;XEUR;11286679;688;
10.01.2025;11:31:41.366;FGBL SI 20250306 PS;SIMPLE_INSTRUMENT;EFS;EUR;61;131.14000000;207;EXCHANGE_LAST;;1;1;XEUR;11286679;688;
10.01.2025;11:32:05.317;FGBL SI 20250306 PS;SIMPLE_INSTRUMENT;EFS;EUR;62;131.10000000;414;EXCHANGE_LAST;;1;1;XEUR;11286679;688;
10.01.2025;11:32:52.946;FGBL SI 20250306 PS;SIMPLE_INSTRUMENT;EFS;EUR;63;131.12000000;572;EXCHANGE_LAST;;1;1;XEUR;11286679;688;
10.01.2025;11:34:10.985;FGBL SI 20250306 PS;SIMPLE_INSTRUMENT;EFS;EUR;64;131.14000000;207;EXCHANGE_LAST;;1;1;XEUR;11286679;688;
10.01.2025;11:40:14.682;FGBL SI 20250306 PS;SIMPLE_INSTRUMENT;EFS;EUR;65;131.12000000;231;EXCHANGE_LAST;;1;1;XEUR;11286679;688;
10.01.2025;11:52:04.491;FGBL SI 20250306 PS;SIMPLE_INSTRUMENT;EFS;EUR;66;131.15000000;954;EXCHANGE_LAST;;1;1;XEUR;11286679;688;
10.01.2025;11:56:38.306;FGBL SI 20250306 PS;SIMPLE_INSTRUMENT;EFS;EUR;67;131.11000000;415;EXCHANGE_LAST;;1;1;XEUR;11286679;688;
10.01.2025;11:58:08.361;FGBL SI 20250306 PS;SIMPLE_INSTRUMENT;EFS;EUR;68;131.13000000;415;EXCHANGE_LAST;;1;1;XEUR;11286679;688;
10.01.2025;12:06:13.631;FGBL SI 20250306 PS;SIMPLE_INSTRUMENT;EFS;EUR;69;131.13000000;207;EXCHANGE_LAST;;1;1;XEUR;11286679;688;
10.01.2025;12:06:52.104;FGBL SI 20250306 PS;SIMPLE_INSTRUMENT;EFP_FIN;EUR;70;131.11000000;132;EXCHANGE_LAST;;1;1;XEUR;11286679;688;
10.01.2025;12:06:58.976;FGBL SI 20250306 PS;SIMPLE_INSTRUMENT;EFS;EUR;71;131.12000000;207;EXCHANGE_LAST;;1;1;XEUR;11286679;688;
10.01.2025;12:09:01.391;FGBL SI 20250306 PS;SIMPLE_INSTRUMENT;BLOCK;EUR;72;131.12000000;2165;EXCHANGE_LAST;;1;1;XEUR;11286679;688;
10.01.2025;12:22:46.661;FGBL SI 20250306 PS;SIMPLE_INSTRUMENT;EFP_FIN;EUR;73;131.14000000;1443;EXCHANGE_LAST;;1;1;XEUR;11286679;688;
10.01.2025;12:23:53.283;FGBL SI 20250306 PS;SIMPLE_INSTRUMENT;EFS;EUR;74;131.18000000;953;EXCHANGE_LAST;;1;1;XEUR;11286679;688;
10.01.2025;12:23:43.194;FGBL SI 20250306 PS;SIMPLE_INSTRUMENT;EFS;EUR;75;131.15000000;233;EXCHANGE_LAST;;1;1;XEUR;11286679;688;
10.01.2025;12:23:55.394;FGBL SI 20250306 PS;SIMPLE_INSTRUMENT;EFS;EUR;76;131.13000000;415;EXCHANGE_LAST;;1;1;XEUR;11286679;688;
10.01.2025;12:26:41.600;FGBL SI 20250306 PS;SIMPLE_INSTRUMENT;EFS;EUR;77;131.12000000;954;EXCHANGE_LAST;;1;1;XEUR;11286679;688;
10.01.2025;12:29:10.949;FGBL SI 20250306 PS;SIMPLE_INSTRUMENT;EFS;EUR;78;131.13000000;414;EXCHANGE_LAST;;1;1;XEUR;11286679;688;
10.01.2025;12:30:01.662;FGBL SI 20250306 PS;SIMPLE_INSTRUMENT;EFS;EUR;79;131.14000000;415;EXCHANGE_LAST;;1;1;XEUR;11286679;688;
10.01.2025;12:30:16.673;FGBL SI 20250306 PS;SIMPLE_INSTRUMENT;EFS;EUR;80;131.14000000;415;EXCHANGE_LAST;;1;1;XEUR;11286679;688;
10.01.2025;12:32:51.788;FGBL SI 20250306 PS;SIMPLE_INSTRUMENT;EFS;EUR;81;131.13000000;415;EXCHANGE_LAST;;1;1;XEUR;11286679;688;
10.01.2025;12:33:01.797;FGBL SI 20250306 PS;SIMPLE_INSTRUMENT;EFS;EUR;82;131.13000000;415;EXCHANGE_LAST;;1;1;XEUR;11286679;688;
10.01.2025;12:33:11.806;FGBL SI 20250306 PS;SIMPLE_INSTRUMENT;EFS;EUR;83;131.13000000;207;EXCHANGE_LAST;;1;1;XEUR;11286679;688;
10.01.2025;12:33:36.825;FGBL SI 20250306 PS;SIMPLE_INSTRUMENT;EFS;EUR;84;131.12000000;415;EXCHANGE_LAST;;1;1;XEUR;11286679;688;
10.01.2025;12:34:26.857;FGBL SI 20250306 PS;SIMPLE_INSTRUMENT;EFS;EUR;85;131.13000000;415;EXCHANGE_LAST;;1;1;XEUR;11286679;688;
10.01.2025;12:35:46.918;FGBL SI 20250306 PS;SIMPLE_INSTRUMENT;EFS;EUR;86;131.14000000;415;EXCHANGE_LAST;;1;1;XEUR;11286679;688;
10.01.2025;12:36:32.155;FGBL SI 20250306 PS;SIMPLE_INSTRUMENT;EFS;EUR;87;131.13000000;414;EXCHANGE_LAST;;1;1;XEUR;11286679;688;
10.01.2025;12:37:36.991;FGBL SI 20250306 PS;SIMPLE_INSTRUMENT;EFS;EUR;88;131.17000000;415;EXCHANGE_LAST;;1;1;XEUR;11286679;688;
10.01.2025;12:38:12.573;FGBL SI 20250306 PS;SIMPLE_INSTRUMENT;EFS;EUR;89;131.12000000;414;EXCHANGE_LAST;;1;1;XEUR;11286679;688;
10.01.2025;12:38:47.043;FGBL SI 20250306 PS;SIMPLE_INSTRUMENT;EFS;EUR;90;131.15000000;415;EXCHANGE_LAST;;1;1;XEUR;11286679;688;
10.01.2025;12:39:27.227;FGBL SI 20250306 PS;SIMPLE_INSTRUMENT;EFS;EUR;91;131.11000000;207;EXCHANGE_LAST;;1;1;XEUR;11286679;688;
10.01.2025;12:43:33.370;FGBL SI 20250306 PS;SIMPLE_INSTRUMENT;EFS;EUR;92;131.12000000;622;EXCHANGE_LAST;;1;1;XEUR;11286679;688;
10.01.2025;12:45:39.702;FGBL SI 20250306 PS;SIMPLE_INSTRUMENT;EFS;EUR;93;131.18000000;414;EXCHANGE_LAST;;1;1;XEUR;11286679;688;
10.01.2025;12:49:16.234;FGBL SI 20250306 PS;SIMPLE_INSTRUMENT;EFS;EUR;94;131.15000000;1907;EXCHANGE_LAST;;1;1;XEUR;11286679;688;
10.01.2025;12:53:18.616;FGBL SI 20250306 PS;SIMPLE_INSTRUMENT;EFS;EUR;95;131.16000000;415;EXCHANGE_LAST;;1;1;XEUR;11286679;688;
10.01.2025;12:54:38.582;FGBL SI 20250306 PS;SIMPLE_INSTRUMENT;EFS;EUR;96;131.18000000;207;EXCHANGE_LAST;;1;1;XEUR;11286679;688;
10.01.2025;12:56:21.123;FGBL SI 20250306 PS;SIMPLE_INSTRUMENT;EFS;EUR;97;131.17000000;477;EXCHANGE_LAST;;1;1;XEUR;11286679;688;
10.01.2025;12:59:38.854;FGBL SI 20250306 PS;SIMPLE_INSTRUMENT;EFS;EUR;98;131.18000000;207;EXCHANGE_LAST;;1;1;XEUR;11286679;688;
10.01.2025;13:01:22.623;FGBL SI 20250306 PS;SIMPLE_INSTRUMENT;EFP_FIN;EUR;99;131.14000000;1189;EXCHANGE_LAST;;1;1;XEUR;11286679;688;
10.01.2025;13:15:55.164;FGBL SI 20250306 PS;SIMPLE_INSTRUMENT;EFS;EUR;100;131.16000000;791;EXCHANGE_LAST;;1;1;XEUR;11286679;688;
10.01.2025;13:19:40.356;FGBL SI 20250306 PS;SIMPLE_INSTRUMENT;EFS;EUR;101;131.12000000;954;EXCHANGE_LAST;;1;1;XEUR;11286679;688;
10.01.2025;13:20:59.390;FGBL SI 20250306 PS;SIMPLE_INSTRUMENT;EFS;EUR;102;131.18000000;357;EXCHANGE_LAST;;1;1;XEUR;11286679;688;
10.01.2025;13:21:46.402;FGBL SI 20250306 PS;SIMPLE_INSTRUMENT;EFS;EUR;103;131.18000000;358;EXCHANGE_LAST;;1;1;XEUR;11286679;688;
10.01.2025;13:25:19.346;FGBL SI 20250306 PS;SIMPLE_INSTRUMENT;EFP_FIN;EUR;104;131.13000000;941;EXCHANGE_LAST;;1;1;XEUR;11286679;688;
10.01.2025;13:30:17.554;FGBL SI 20250306 PS;SIMPLE_INSTRUMENT;EFS;EUR;105;131.08000000;207;EXCHANGE_LAST;;1;1;XEUR;11286679;688;
10.01.2025;13:31:30.802;FGBL SI 20250306 PS;SIMPLE_INSTRUMENT;EFS;EUR;106;131.08000000;207;EXCHANGE_LAST;;1;1;XEUR;11286679;688;
10.01.2025;13:46:05.551;FGBL SI 20250306 PS;SIMPLE_INSTRUMENT;EFS;EUR;107;130.76000000;374;EXCHANGE_LAST;;1;1;XEUR;11286679;688;
10.01.2025;13:46:26.545;FGBL SI 20250306 PS;SIMPLE_INSTRUMENT;EFS;EUR;108;130.80000000;415;EXCHANGE_LAST;;1;1;XEUR;11286679;688;
10.01.2025;13:52:08.711;FGBL SI 20250306 PS;SIMPLE_INSTRUMENT;EFS;EUR;109;130.86000000;415;EXCHANGE_LAST;;1;1;XEUR;11286679;688;
10.01.2025;13:52:46.196;FGBL SI 20250306 PS;SIMPLE_INSTRUMENT;EFP_FIN;EUR;110;131.19000000;369;EXCHANGE_LAST;;1;1;XEUR;11286679;688;
10.01.2025;13:56:07.077;FGBL SI 20250306 PS;SIMPLE_INSTRUMENT;EFS;EUR;111;130.89000000;382;EXCHANGE_LAST;;1;1;XEUR;11286679;688;
10.01.2025;13:58:14.260;FGBL SI 20250306 PS;SIMPLE_INSTRUMENT;EFS;EUR;112;130.90000000;207;EXCHANGE_LAST;;1;1;XEUR;11286679;688;
10.01.2025;13:58:48.414;FGBL SI 20250306 PS;SIMPLE_INSTRUMENT;EFS;EUR;113;130.91000000;287;EXCHANGE_LAST;;1;1;XEUR;11286679;688;
10.01.2025;13:59:01.458;FGBL SI 20250306 PS;SIMPLE_INSTRUMENT;EFS;EUR;114;130.90000000;207;EXCHANGE_LAST;;1;1;XEUR;11286679;688;
10.01.2025;14:04:34.809;FGBL SI 20250306 PS;SIMPLE_INSTRUMENT;EFS;EUR;115;130.97000000;220;EXCHANGE_LAST;;1;1;XEUR;11286679;688;
10.01.2025;14:07:04.828;FGBL SI 20250306 PS;SIMPLE_INSTRUMENT;EFS;EUR;116;130.95000000;415;EXCHANGE_LAST;;1;1;XEUR;11286679;688;
10.01.2025;14:07:29.213;FGBL SI 20250306 PS;SIMPLE_INSTRUMENT;EFP_FIN;EUR;117;130.79000000;195;EXCHANGE_LAST;;1;1;XEUR;11286679;688;
10.01.2025;14:12:59.168;FGBL SI 20250306 PS;SIMPLE_INSTRUMENT;EFS;EUR;118;130.91000000;477;EXCHANGE_LAST;;1;1;XEUR;11286679;688;
10.01.2025;14:09:30.801;FGBL SI 20250306 PS;SIMPLE_INSTRUMENT;EFS;EUR;119;130.96000000;415;EXCHANGE_LAST;;1;1;XEUR;11286679;688;
10.01.2025;14:12:14.538;FGBL SI 20250306 PS;SIMPLE_INSTRUMENT;EFP_FIN;EUR;120;130.94000000;1692;EXCHANGE_LAST;;1;1;XEUR;11286679;688;
10.01.2025;14:23:18.665;FGBL SI 20250306 PS;SIMPLE_INSTRUMENT;EFS;EUR;121;130.92000000;411;EXCHANGE_LAST;;1;1;XEUR;11286679;688;
10.01.2025;14:26:16.555;FGBL SI 20250306 PS;SIMPLE_INSTRUMENT;EFS;EUR;122;131.09000000;414;EXCHANGE_LAST;;1;1;XEUR;11286679;688;
10.01.2025;14:26:23.005;FGBL SI 20250306 PS;SIMPLE_INSTRUMENT;EFS;EUR;123;131.05000000;129;EXCHANGE_LAST;;1;1;XEUR;11286679;688;
10.01.2025;14:26:58.004;FGBL SI 20250306 PS;SIMPLE_INSTRUMENT;EFS;EUR;124;131.09000000;464;EXCHANGE_LAST;;1;1;XEUR;11286679;688;
10.01.2025;14:31:03.258;FGBL SI 20250306 PS;SIMPLE_INSTRUMENT;EFS;EUR;125;131.11000000;415;EXCHANGE_LAST;;1;1;XEUR;11286679;688;
10.01.2025;14:31:48.332;FGBL SI 20250306 PS;SIMPLE_INSTRUMENT;EFS;EUR;126;131.10000000;415;EXCHANGE_LAST;;1;1;XEUR;11286679;688;
10.01.2025;14:32:13.354;FGBL SI 20250306 PS;SIMPLE_INSTRUMENT;EFS;EUR;127;131.10000000;415;EXCHANGE_LAST;;1;1;XEUR;11286679;688;
10.01.2025;14:33:12.961;FGBL SI 20250306 PS;SIMPLE_INSTRUMENT;EFS;EUR;128;130.90000000;955;EXCHANGE_LAST;;1;1;XEUR;11286679;688;
10.01.2025;14:34:27.486;FGBL SI 20250306 PS;SIMPLE_INSTRUMENT;EFS;EUR;129;131.14000000;439;EXCHANGE_LAST;;1;1;XEUR;11286679;688;
10.01.2025;14:38:56.794;FGBL SI 20250306 PS;SIMPLE_INSTRUMENT;EFS;EUR;130;131.11000000;414;EXCHANGE_LAST;;1;1;XEUR;11286679;688;
10.01.2025;14:48:52.900;FGBL SI 20250306 PS;SIMPLE_INSTRUMENT;EFS;EUR;131;131.12000000;238;EXCHANGE_LAST;;1;1;XEUR;11286679;688;
10.01.2025;15:03:12.614;FGBL SI 20250306 PS;SIMPLE_INSTRUMENT;EFS;EUR;132;131.10000000;1156;EXCHANGE_LAST;;1;1;XEUR;11286679;688;
10.01.2025;15:12:11.676;FGBL SI 20250306 PS;SIMPLE_INSTRUMENT;EFS;EUR;133;131.14000000;207;EXCHANGE_LAST;;1;1;XEUR;11286679;688;
10.01.2025;15:12:26.236;FGBL SI 20250306 PS;SIMPLE_INSTRUMENT;EFS;EUR;134;131.10000000;64;EXCHANGE_LAST;;1;1;XEUR;11286679;688;
10.01.2025;15:12:36.713;FGBL SI 20250306 PS;SIMPLE_INSTRUMENT;EFS;EUR;135;131.14000000;415;EXCHANGE_LAST;;1;1;XEUR;11286679;688;
10.01.2025;15:13:01.731;FGBL SI 20250306 PS;SIMPLE_INSTRUMENT;EFS;EUR;136;131.14000000;415;EXCHANGE_LAST;;1;1;XEUR;11286679;688;
10.01.2025;15:14:42.816;FGBL SI 20250306 PS;SIMPLE_INSTRUMENT;EFS;EUR;137;131.13000000;415;EXCHANGE_LAST;;1;1;XEUR;11286679;688;
10.01.2025;15:17:56.650;FGBL SI 20250306 PS;SIMPLE_INSTRUMENT;EFS;EUR;138;131.14000000;143;EXCHANGE_LAST;;1;1;XEUR;11286679;688;
10.01.2025;15:18:22.502;FGBL SI 20250306 PS;SIMPLE_INSTRUMENT;EFS;EUR;139;131.12000000;465;EXCHANGE_LAST;;1;1;XEUR;11286679;688;
10.01.2025;15:19:03.044;FGBL SI 20250306 PS;SIMPLE_INSTRUMENT;EFS;EUR;140;131.15000000;415;EXCHANGE_LAST;;1;1;XEUR;11286679;688;
10.01.2025;15:20:03.084;FGBL SI 20250306 PS;SIMPLE_INSTRUMENT;EFS;EUR;141;131.18000000;415;EXCHANGE_LAST;;1;1;XEUR;11286679;688;
10.01.2025;15:20:46.601;FGBL SI 20250306 PS;SIMPLE_INSTRUMENT;EFP_FIN;EUR;142;131.13000000;203;EXCHANGE_LAST;;1;1;XEUR;11286679;688;
10.01.2025;15:20:49.514;FGBL SI 20250306 PS;SIMPLE_INSTRUMENT;EFS;EUR;143;131.16000000;207;EXCHANGE_LAST;;1;1;XEUR;11286679;688;
10.01.2025;15:22:33.633;FGBL SI 20250306 PS;SIMPLE_INSTRUMENT;EFS;EUR;144;131.16000000;207;EXCHANGE_LAST;;1;1;XEUR;11286679;688;
10.01.2025;15:23:48.176;FGBL SI 20250306 PS;SIMPLE_INSTRUMENT;EFS;EUR;145;131.12000000;477;EXCHANGE_LAST;;1;1;XEUR;11286679;688;
10.01.2025;15:24:17.740;FGBL SI 20250306 PS;SIMPLE_INSTRUMENT;EFP_FIN;EUR;146;131.14000000;940;EXCHANGE_LAST;;1;1;XEUR;11286679;688;
10.01.2025;15:24:38.260;FGBL SI 20250306 PS;SIMPLE_INSTRUMENT;EFS;EUR;147;131.18000000;415;EXCHANGE_LAST;;1;1;XEUR;11286679;688;
10.01.2025;15:24:43.266;FGBL SI 20250306 PS;SIMPLE_INSTRUMENT;EFS;EUR;148;131.24000000;415;EXCHANGE_LAST;;1;1;XEUR;11286679;688;
10.01.2025;15:25:38.306;FGBL SI 20250306 PS;SIMPLE_INSTRUMENT;EFS;EUR;149;131.24000000;415;EXCHANGE_LAST;;1;1;XEUR;11286679;688;
10.01.2025;15:25:48.316;FGBL SI 20250306 PS;SIMPLE_INSTRUMENT;EFS;EUR;150;131.24000000;415;EXCHANGE_LAST;;1;1;XEUR;11286679;688;
10.01.2025;15:29:38.117;FGBL SI 20250306 PS;SIMPLE_INSTRUMENT;EFP_FIN;EUR;151;131.14000000;1413;EXCHANGE_LAST;;1;1;XEUR;11286679;688;
10.01.2025;15:33:56.899;FGBL SI 20250306 PS;SIMPLE_INSTRUMENT;EFS;EUR;152;131.17000000;220;EXCHANGE_LAST;;1;1;XEUR;11286679;688;
10.01.2025;15:34:38.609;FGBL SI 20250306 PS;SIMPLE_INSTRUMENT;EFS;EUR;153;131.14000000;466;EXCHANGE_LAST;;1;1;XEUR;11286679;688;
10.01.2025;15:55:45.597;FGBL SI 20250306 PS;SIMPLE_INSTRUMENT;EFS;EUR;154;131.16000000;207;EXCHANGE_LAST;;1;1;XEUR;11286679;688;
10.01.2025;16:01:55.554;FGBL SI 20250306 PS;SIMPLE_INSTRUMENT;EFS;EUR;155;131.16000000;191;EXCHANGE_LAST;;1;1;XEUR;11286679;688;
10.01.2025;16:08:17.453;FGBL SI 20250306 PS;SIMPLE_INSTRUMENT;EFP_FIN;EUR;156;131.16000000;669;EXCHANGE_LAST;;1;1;XEUR;11286679;688;
10.01.2025;16:09:57.179;FGBL SI 20250306 PS;SIMPLE_INSTRUMENT;EFS;EUR;157;131.10000000;415;EXCHANGE_LAST;;1;1;XEUR;11286679;688;
10.01.2025;16:14:27.765;FGBL SI 20250306 PS;SIMPLE_INSTRUMENT;EFS;EUR;158;131.17000000;70;EXCHANGE_LAST;;1;1;XEUR;11286679;688;
10.01.2025;16:15:37.073;FGBL SI 20250306 PS;SIMPLE_INSTRUMENT;EFS;EUR;159;131.13000000;415;EXCHANGE_LAST;;1;1;XEUR;11286679;688;
10.01.2025;16:15:58.472;FGBL SI 20250306 PS;SIMPLE_INSTRUMENT;EFS;EUR;160;131.13000000;415;EXCHANGE_LAST;;1;1;XEUR;11286679;688;
10.01.2025;16:16:03.484;FGBL SI 20250306 PS;SIMPLE_INSTRUMENT;EFS;EUR;161;131.13000000;207;EXCHANGE_LAST;;1;1;XEUR;11286679;688;
10.01.2025;16:16:03.529;FGBL SI 20250306 PS;SIMPLE_INSTRUMENT;EFS;EUR;162;131.13000000;415;EXCHANGE_LAST;;1;1;XEUR;11286679;688;
10.01.2025;16:16:28.500;FGBL SI 20250306 PS;SIMPLE_INSTRUMENT;EFS;EUR;163;131.13000000;207;EXCHANGE_LAST;;1;1;XEUR;11286679;688;
10.01.2025;16:21:39.495;FGBL SI 20250306 PS;SIMPLE_INSTRUMENT;EFS;EUR;164;131.11000000;1907;EXCHANGE_LAST;;1;1;XEUR;11286679;688;
10.01.2025;16:37:07.507;FGBL SI 20250306 PS;SIMPLE_INSTRUMENT;EFS;EUR;165;131.09000000;954;EXCHANGE_LAST;;1;1;XEUR;11286679;688;
10.01.2025;16:42:08.013;FGBL SI 20250306 PS;SIMPLE_INSTRUMENT;EFS;EUR;166;131.15000000;142;EXCHANGE_LAST;;1;1;XEUR;11286679;688;
10.01.2025;16:46:06.092;FGBL SI 20250306 PS;SIMPLE_INSTRUMENT;EFP_FIN;EUR;167;131.08000000;344;EXCHANGE_LAST;;1;1;XEUR;11286679;688;
10.01.2025;16:49:43.097;FGBL SI 20250306 PS;SIMPLE_INSTRUMENT;EFS;EUR;168;131.08000000;415;EXCHANGE_LAST;;1;1;XEUR;11286679;688;
10.01.2025;16:52:25.499;FGBL SI 20250306 PS;SIMPLE_INSTRUMENT;EFS;EUR;169;131.13000000;414;EXCHANGE_LAST;;1;1;XEUR;11286679;688;
10.01.2025;16:56:03.750;FGBL SI 20250306 PS;SIMPLE_INSTRUMENT;EFS;EUR;170;131.06000000;4000;EXCHANGE_LAST;;1;1;XEUR;11286679;688;
10.01.2025;17:13:51.139;FGBL SI 20250306 PS;SIMPLE_INSTRUMENT;EFS;EUR;171;130.97000000;207;EXCHANGE_LAST;;1;1;XEUR;11286679;688;
10.01.2025;17:23:49.423;FGBL SI 20250306 PS;SIMPLE_INSTRUMENT;EFS;EUR;172;130.97000000;207;EXCHANGE_LAST;;1;1;XEUR;11286679;688;
10.01.2025;17:35:30.579;FGBL SI 20250306 PS;SIMPLE_INSTRUMENT;EFS;EUR;173;131.02000000;414;EXCHANGE_LAST;;1;1;XEUR;11286679;688;
10.01.2025;08:01:28.047;FGBL SI 20250306 PS;SIMPLE_INSTRUMENT;VOLA;EUR;268435461;131.17000000;70;EXCHANGE_LAST;;1;1;XEUR;11286679;688;
10.01.2025;08:18:54.196;FGBL SI 20250306 PS;SIMPLE_INSTRUMENT;VOLA;EUR;268435470;131.08000000;40;EXCHANGE_LAST;;1;1;XEUR;11286679;688;
10.01.2025;08:49:59.444;FGBL SI 20250306 PS;SIMPLE_INSTRUMENT;VOLA;EUR;268435483;131.01000000;10;EXCHANGE_LAST;;1;1;XEUR;11286679;688;
10.01.2025;08:56:12.627;FGBL SI 20250306 PS;SIMPLE_INSTRUMENT;VOLA;EUR;268435488;131.15000000;50;EXCHANGE_LAST;;1;1;XEUR;11286679;688;
10.01.2025;08:58:02.009;FGBL SI 20250306 PS;SIMPLE_INSTRUMENT;VOLA;EUR;268435489;131.00000000;37;EXCHANGE_LAST;;1;1;XEUR;11286679;688;
10.01.2025;09:04:30.757;FGBL SI 20250306 PS;SIMPLE_INSTRUMENT;VOLA;EUR;268435492;131.15000000;500;EXCHANGE_LAST;;1;1;XEUR;11286679;688;
10.01.2025;09:39:36.681;FGBL SI 20250306 PS;SIMPLE_INSTRUMENT;VOLA;EUR;268435500;131.10000000;8;EXCHANGE_LAST;;1;1;XEUR;11286679;688;
10.01.2025;10:05:23.922;FGBL SI 20250306 PS;SIMPLE_INSTRUMENT;VOLA;EUR;268435504;131.10000000;15;EXCHANGE_LAST;;1;1;XEUR;11286679;688;
10.01.2025;10:38:53.260;FGBL SI 20250306 PS;SIMPLE_INSTRUMENT;VOLA;EUR;268435510;131.19000000;1474;EXCHANGE_LAST;;1;1;XEUR;11286679;688;
10.01.2025;10:59:02.447;FGBL SI 20250306 PS;SIMPLE_INSTRUMENT;VOLA;EUR;268435513;131.19000000;683;EXCHANGE_LAST;;1;1;XEUR;11286679;688;
10.01.2025;12:12:06.632;FGBL SI 20250306 PS;SIMPLE_INSTRUMENT;VOLA;EUR;268435522;131.11000000;438;EXCHANGE_LAST;;1;1;XEUR;11286679;688;
10.01.2025;13:11:52.034;FGBL SI 20250306 PS;SIMPLE_INSTRUMENT;VOLA;EUR;268435535;131.18000000;132;EXCHANGE_LAST;;1;1;XEUR;11286679;688;
10.01.2025;13:51:20.927;FGBL SI 20250306 PS;SIMPLE_INSTRUMENT;VOLA;EUR;268435547;130.78000000;16;EXCHANGE_LAST;;1;1;XEUR;11286679;688;
10.01.2025;13:51:42.863;FGBL SI 20250306 PS;SIMPLE_INSTRUMENT;VOLA;EUR;268435548;130.78000000;40;EXCHANGE_LAST;;1;1;XEUR;11286679;688;
10.01.2025;16:19:48.335;FGBL SI 20250306 PS;SIMPLE_INSTRUMENT;VOLA;EUR;268435579;131.18000000;9;EXCHANGE_LAST;;1;1;XEUR;11286679;688;
10.01.2025;07:53:35.612;FGBM SI 20250306 PS;SIMPLE_INSTRUMENT;EFP_FIN;EUR;1;116.77000000;572;EXCHANGE_LAST;;1;1;XEUR;11286680;689;
10.01.2025;07:58:00.704;FGBM SI 20250306 PS;SIMPLE_INSTRUMENT;EFS;EUR;2;116.77000000;906;EXCHANGE_LAST;;1;1;XEUR;11286680;689;
10.01.2025;08:08:12.036;FGBM SI 20250306 PS;SIMPLE_INSTRUMENT;EFP_FIN;EUR;3;116.77000000;800;EXCHANGE_LAST;;1;1;XEUR;11286680;689;
10.01.2025;08:33:45.980;FGBM SI 20250306 PS;SIMPLE_INSTRUMENT;EFS;EUR;4;116.77000000;490;EXCHANGE_LAST;;1;1;XEUR;11286680;689;
10.01.2025;08:56:37.200;FGBM SI 20250306 PS;SIMPLE_INSTRUMENT;EFS;EUR;5;116.75000000;853;EXCHANGE_LAST;;1;1;XEUR;11286680;689;
10.01.2025;08:59:57.398;FGBM SI 20250306 PS;SIMPLE_INSTRUMENT;EFS;EUR;6;116.73000000;906;EXCHANGE_LAST;;1;1;XEUR;11286680;689;
10.01.2025;09:00:22.421;FGBM SI 20250306 PS;SIMPLE_INSTRUMENT;EFS;EUR;7;116.73000000;453;EXCHANGE_LAST;;1;1;XEUR;11286680;689;
10.01.2025;09:14:09.012;FGBM SI 20250306 PS;SIMPLE_INSTRUMENT;EFS;EUR;8;116.76000000;906;EXCHANGE_LAST;;1;1;XEUR;11286680;689;
10.01.2025;09:15:42.205;FGBM SI 20250306 PS;SIMPLE_INSTRUMENT;EFS;EUR;9;116.76000000;452;EXCHANGE_LAST;;1;1;XEUR;11286680;689;
10.01.2025;09:16:27.192;FGBM SI 20250306 PS;SIMPLE_INSTRUMENT;EFS;EUR;10;116.75000000;452;EXCHANGE_LAST;;1;1;XEUR;11286680;689;
10.01.2025;09:18:31.617;FGBM SI 20250306 PS;SIMPLE_INSTRUMENT;EFP_FIN;EUR;11;116.73000000;201;EXCHANGE_LAST;;1;1;XEUR;11286680;689;
10.01.2025;09:22:31.503;FGBM SI 20250306 PS;SIMPLE_INSTRUMENT;EFP_FIN;EUR;12;116.76000000;483;EXCHANGE_LAST;;1;1;XEUR;11286680;689;
10.01.2025;09:23:06.318;FGBM SI 20250306 PS;SIMPLE_INSTRUMENT;EFS;EUR;13;116.75000000;2988;EXCHANGE_LAST;;1;1;XEUR;11286680;689;
10.01.2025;09:25:36.508;FGBM SI 20250306 PS;SIMPLE_INSTRUMENT;EFP_FIN;EUR;14;116.75000000;522;EXCHANGE_LAST;;1;1;XEUR;11286680;689;
10.01.2025;09:29:07.565;FGBM SI 20250306 PS;SIMPLE_INSTRUMENT;EFP_FIN;EUR;15;116.74000000;293;EXCHANGE_LAST;;1;1;XEUR;11286680;689;
10.01.2025;09:34:02.013;FGBM SI 20250306 PS;SIMPLE_INSTRUMENT;EFP_FIN;EUR;16;116.77000000;857;EXCHANGE_LAST;;1;1;XEUR;11286680;689;
10.01.2025;09:43:46.183;FGBM SI 20250306 PS;SIMPLE_INSTRUMENT;EFP_FIN;EUR;17;116.77000000;429;EXCHANGE_LAST;;1;1;XEUR;11286680;689;
10.01.2025;09:43:31.630;FGBM SI 20250306 PS;SIMPLE_INSTRUMENT;EFP_FIN;EUR;18;116.77000000;283;EXCHANGE_LAST;;1;1;XEUR;11286680;689;
10.01.2025;09:45:01.187;FGBM SI 20250306 PS;SIMPLE_INSTRUMENT;EFP_FIN;EUR;19;116.77000000;267;EXCHANGE_LAST;;1;1;XEUR;11286680;689;
10.01.2025;09:44:44.101;FGBM SI 20250306 PS;SIMPLE_INSTRUMENT;EFP_FIN;EUR;20;116.77000000;534;EXCHANGE_LAST;;1;1;XEUR;11286680;689;
10.01.2025;09:59:37.234;FGBM SI 20250306 PS;SIMPLE_INSTRUMENT;EFS;EUR;21;116.73000000;2490;EXCHANGE_LAST;;1;1;XEUR;11286680;689;
10.01.2025;10:00:33.022;FGBM SI 20250306 PS;SIMPLE_INSTRUMENT;EFS;EUR;22;116.76000000;2987;EXCHANGE_LAST;;1;1;XEUR;11286680;689;
10.01.2025;10:02:44.567;FGBM SI 20250306 PS;SIMPLE_INSTRUMENT;EFP_FIN;EUR;23;116.74000000;1725;EXCHANGE_LAST;;1;1;XEUR;11286680;689;
10.01.2025;10:02:30.244;FGBM SI 20250306 PS;SIMPLE_INSTRUMENT;EFS;EUR;24;116.74000000;996;EXCHANGE_LAST;;1;1;XEUR;11286680;689;
10.01.2025;10:06:04.138;FGBM SI 20250306 PS;SIMPLE_INSTRUMENT;EFP_FIN;EUR;25;116.74000000;1215;EXCHANGE_LAST;;1;1;XEUR;11286680;689;
10.01.2025;10:17:48.022;FGBM SI 20250306 PS;SIMPLE_INSTRUMENT;EFS;EUR;26;116.73000000;2490;EXCHANGE_LAST;;1;1;XEUR;11286680;689;
10.01.2025;10:22:11.217;FGBM SI 20250306 PS;SIMPLE_INSTRUMENT;EFP_FIN;EUR;27;116.75000000;797;EXCHANGE_LAST;;1;1;XEUR;11286680;689;
10.01.2025;10:27:36.756;FGBM SI 20250306 PS;SIMPLE_INSTRUMENT;EFS;EUR;28;116.72000000;996;EXCHANGE_LAST;;1;1;XEUR;11286680;689;
10.01.2025;10:43:46.587;FGBM SI 20250306 PS;SIMPLE_INSTRUMENT;EFS;EUR;29;116.73000000;906;EXCHANGE_LAST;;1;1;XEUR;11286680;689;
10.01.2025;10:45:27.942;FGBM SI 20250306 PS;SIMPLE_INSTRUMENT;EFP_FIN;EUR;30;116.74000000;595;EXCHANGE_LAST;;1;1;XEUR;11286680;689;
10.01.2025;10:49:52.366;FGBM SI 20250306 PS;SIMPLE_INSTRUMENT;EFP_FIN;EUR;31;116.73000000;395;EXCHANGE_LAST;;1;1;XEUR;11286680;689;
10.01.2025;11:04:15.383;FGBM SI 20250306 PS;SIMPLE_INSTRUMENT;EFS;EUR;32;116.74000000;904;EXCHANGE_LAST;;1;1;XEUR;11286680;689;
10.01.2025;11:14:45.110;FGBM SI 20250306 PS;SIMPLE_INSTRUMENT;EFP_FIN;EUR;33;116.71000000;256;EXCHANGE_LAST;;1;1;XEUR;11286680;689;
10.01.2025;11:25:06.578;FGBM SI 20250306 PS;SIMPLE_INSTRUMENT;EFS;EUR;34;116.76000000;2987;EXCHANGE_LAST;;1;1;XEUR;11286680;689;
10.01.2025;11:29:07.604;FGBM SI 20250306 PS;SIMPLE_INSTRUMENT;EFS;EUR;35;116.72000000;452;EXCHANGE_LAST;;1;1;XEUR;11286680;689;
10.01.2025;11:30:16.191;FGBM SI 20250306 PS;SIMPLE_INSTRUMENT;EFS;EUR;36;116.73000000;452;EXCHANGE_LAST;;1;1;XEUR;11286680;689;
10.01.2025;11:31:46.371;FGBM SI 20250306 PS;SIMPLE_INSTRUMENT;EFS;EUR;37;116.72000000;453;EXCHANGE_LAST;;1;1;XEUR;11286680;689;
10.01.2025;11:56:43.312;FGBM SI 20250306 PS;SIMPLE_INSTRUMENT;EFS;EUR;38;116.71000000;906;EXCHANGE_LAST;;1;1;XEUR;11286680;689;
10.01.2025;11:57:22.657;FGBM SI 20250306 PS;SIMPLE_INSTRUMENT;EFS;EUR;39;116.71000000;1594;EXCHANGE_LAST;;1;1;XEUR;11286680;689;
10.01.2025;11:58:20.338;FGBM SI 20250306 PS;SIMPLE_INSTRUMENT;EFP_FIN;EUR;40;116.69000000;733;EXCHANGE_LAST;;1;1;XEUR;11286680;689;
10.01.2025;12:10:05.379;FGBM SI 20250306 PS;SIMPLE_INSTRUMENT;EFS;EUR;41;116.72000000;452;EXCHANGE_LAST;;1;1;XEUR;11286680;689;
10.01.2025;12:21:54.265;FGBM SI 20250306 PS;SIMPLE_INSTRUMENT;EFP_FIN;EUR;42;116.74000000;190;EXCHANGE_LAST;;1;1;XEUR;11286680;689;
10.01.2025;12:26:47.989;FGBM SI 20250306 PS;SIMPLE_INSTRUMENT;EFP_FIN;EUR;43;116.71000000;1043;EXCHANGE_LAST;;1;1;XEUR;11286680;689;
10.01.2025;12:30:53.235;FGBM SI 20250306 PS;SIMPLE_INSTRUMENT;EFS;EUR;44;116.73000000;2490;EXCHANGE_LAST;;1;1;XEUR;11286680;689;
10.01.2025;12:30:56.702;FGBM SI 20250306 PS;SIMPLE_INSTRUMENT;EFS;EUR;45;116.72000000;906;EXCHANGE_LAST;;1;1;XEUR;11286680;689;
10.01.2025;12:31:06.711;FGBM SI 20250306 PS;SIMPLE_INSTRUMENT;EFS;EUR;46;116.72000000;906;EXCHANGE_LAST;;1;1;XEUR;11286680;689;
10.01.2025;12:33:31.821;FGBM SI 20250306 PS;SIMPLE_INSTRUMENT;EFS;EUR;47;116.72000000;906;EXCHANGE_LAST;;1;1;XEUR;11286680;689;
10.01.2025;12:35:50.177;FGBM SI 20250306 PS;SIMPLE_INSTRUMENT;EFS;EUR;48;116.73000000;852;EXCHANGE_LAST;;1;1;XEUR;11286680;689;
10.01.2025;12:37:34.086;FGBM SI 20250306 PS;SIMPLE_INSTRUMENT;EFS;EUR;49;116.73000000;996;EXCHANGE_LAST;;1;1;XEUR;11286680;689;
10.01.2025;12:41:13.208;FGBM SI 20250306 PS;SIMPLE_INSTRUMENT;EFS;EUR;50;116.72000000;3985;EXCHANGE_LAST;;1;1;XEUR;11286680;689;
10.01.2025;12:41:43.290;FGBM SI 20250306 PS;SIMPLE_INSTRUMENT;EFS;EUR;51;116.72000000;1278;EXCHANGE_LAST;;1;1;XEUR;11286680;689;
10.01.2025;12:53:38.248;FGBM SI 20250306 PS;SIMPLE_INSTRUMENT;EFS;EUR;52;116.74000000;498;EXCHANGE_LAST;;1;1;XEUR;11286680;689;
10.01.2025;12:59:30.317;FGBM SI 20250306 PS;SIMPLE_INSTRUMENT;EFP_FIN;EUR;53;116.76000000;431;EXCHANGE_LAST;;1;1;XEUR;11286680;689;
10.01.2025;13:08:38.237;FGBM SI 20250306 PS;SIMPLE_INSTRUMENT;EFP_FIN;EUR;54;116.70000000;431;EXCHANGE_LAST;;1;1;XEUR;11286680;689;
10.01.2025;13:09:40.854;FGBM SI 20250306 PS;SIMPLE_INSTRUMENT;EFS;EUR;55;116.73000000;967;EXCHANGE_LAST;;1;1;XEUR;11286680;689;
10.01.2025;13:18:41.282;FGBM SI 20250306 PS;SIMPLE_INSTRUMENT;EFS;EUR;56;116.72000000;1992;EXCHANGE_LAST;;1;1;XEUR;11286680;689;
10.01.2025;13:21:25.840;FGBM SI 20250306 PS;SIMPLE_INSTRUMENT;EFS;EUR;57;116.72000000;453;EXCHANGE_LAST;;1;1;XEUR;11286680;689;
10.01.2025;13:23:25.938;FGBM SI 20250306 PS;SIMPLE_INSTRUMENT;EFS;EUR;58;116.72000000;906;EXCHANGE_LAST;;1;1;XEUR;11286680;689;
10.01.2025;13:24:07.788;FGBM SI 20250306 PS;SIMPLE_INSTRUMENT;EFP_FIN;EUR;59;116.72000000;417;EXCHANGE_LAST;;1;1;XEUR;11286680;689;
10.01.2025;13:24:37.460;FGBM SI 20250306 PS;SIMPLE_INSTRUMENT;EFS;EUR;60;116.72000000;452;EXCHANGE_LAST;;1;1;XEUR;11286680;689;
10.01.2025;13:26:06.523;FGBM SI 20250306 PS;SIMPLE_INSTRUMENT;EFS;EUR;61;116.75000000;1494;EXCHANGE_LAST;;1;1;XEUR;11286680;689;
10.01.2025;13:38:07.311;FGBM SI 20250306 PS;SIMPLE_INSTRUMENT;EFS;EUR;62;116.71000000;1495;EXCHANGE_LAST;;1;1;XEUR;11286680;689;
10.01.2025;13:38:22.469;FGBM SI 20250306 PS;SIMPLE_INSTRUMENT;EFP_FIN;EUR;63;116.72000000;386;EXCHANGE_LAST;;1;1;XEUR;11286680;689;
10.01.2025;14:01:50.504;FGBM SI 20250306 PS;SIMPLE_INSTRUMENT;EFS;EUR;64;116.62000000;906;EXCHANGE_LAST;;1;1;XEUR;11286680;689;
10.01.2025;14:03:52.118;FGBM SI 20250306 PS;SIMPLE_INSTRUMENT;EFS;EUR;65;116.62000000;452;EXCHANGE_LAST;;1;1;XEUR;11286680;689;
10.01.2025;14:13:44.461;FGBM SI 20250306 PS;SIMPLE_INSTRUMENT;EFS;EUR;66;116.60000000;452;EXCHANGE_LAST;;1;1;XEUR;11286680;689;
10.01.2025;14:14:20.321;FGBM SI 20250306 PS;SIMPLE_INSTRUMENT;EFS;EUR;67;116.60000000;452;EXCHANGE_LAST;;1;1;XEUR;11286680;689;
10.01.2025;14:15:04.462;FGBM SI 20250306 PS;SIMPLE_INSTRUMENT;EFS;EUR;68;116.60000000;452;EXCHANGE_LAST;;1;1;XEUR;11286680;689;
10.01.2025;14:29:42.237;FGBM SI 20250306 PS;SIMPLE_INSTRUMENT;EFP_FIN;EUR;69;116.67000000;372;EXCHANGE_LAST;;1;1;XEUR;11286680;689;
10.01.2025;14:32:57.850;FGBM SI 20250306 PS;SIMPLE_INSTRUMENT;EFS;EUR;70;116.70000000;904;EXCHANGE_LAST;;1;1;XEUR;11286680;689;
10.01.2025;14:40:37.106;FGBM SI 20250306 PS;SIMPLE_INSTRUMENT;EFP_FIN;EUR;71;116.67000000;929;EXCHANGE_LAST;;1;1;XEUR;11286680;689;
10.01.2025;14:47:08.066;FGBM SI 20250306 PS;SIMPLE_INSTRUMENT;EFS;EUR;72;116.71000000;970;EXCHANGE_LAST;;1;1;XEUR;11286680;689;
10.01.2025;14:51:29.020;FGBM SI 20250306 PS;SIMPLE_INSTRUMENT;EFS;EUR;73;116.73000000;498;EXCHANGE_LAST;;1;1;XEUR;11286680;689;
10.01.2025;14:52:30.682;FGBM SI 20250306 PS;SIMPLE_INSTRUMENT;EFP_FIN;EUR;74;116.73000000;235;EXCHANGE_LAST;;1;1;XEUR;11286680;689;
10.01.2025;14:53:07.049;FGBM SI 20250306 PS;SIMPLE_INSTRUMENT;EFP_FIN;EUR;75;116.71000000;313;EXCHANGE_LAST;;1;1;XEUR;11286680;689;
10.01.2025;14:53:37.667;FGBM SI 20250306 PS;SIMPLE_INSTRUMENT;EFP_FIN;EUR;76;116.71000000;320;EXCHANGE_LAST;;1;1;XEUR;11286680;689;
10.01.2025;14:54:35.013;FGBM SI 20250306 PS;SIMPLE_INSTRUMENT;EFS;EUR;77;116.70000000;976;EXCHANGE_LAST;;1;1;XEUR;11286680;689;
10.01.2025;15:06:57.221;FGBM SI 20250306 PS;SIMPLE_INSTRUMENT;EFP_FIN;EUR;78;116.67000000;232;EXCHANGE_LAST;;1;1;XEUR;11286680;689;
10.01.2025;14:59:54.879;FGBM SI 20250306 PS;SIMPLE_INSTRUMENT;EFS;EUR;79;116.91000000;994;EXCHANGE_LAST;;1;1;XEUR;11286680;689;
10.01.2025;15:09:43.071;FGBM SI 20250306 PS;SIMPLE_INSTRUMENT;EFS;EUR;80;116.68000000;1495;EXCHANGE_LAST;;1;1;XEUR;11286680;689;
10.01.2025;15:32:09.069;FGBM SI 20250306 PS;SIMPLE_INSTRUMENT;EFS;EUR;81;116.72000000;452;EXCHANGE_LAST;;1;1;XEUR;11286680;689;
10.01.2025;15:34:38.609;FGBM SI 20250306 PS;SIMPLE_INSTRUMENT;EFS;EUR;82;116.71000000;1942;EXCHANGE_LAST;;1;1;XEUR;11286680;689;
10.01.2025;15:55:31.749;FGBM SI 20250306 PS;SIMPLE_INSTRUMENT;EFS;EUR;83;116.69000000;498;EXCHANGE_LAST;;1;1;XEUR;11286680;689;
10.01.2025;15:57:03.413;FGBM SI 20250306 PS;SIMPLE_INSTRUMENT;EFP_FIN;EUR;84;116.72000000;837;EXCHANGE_LAST;;1;1;XEUR;11286680;689;
10.01.2025;16:00:42.208;FGBM SI 20250306 PS;SIMPLE_INSTRUMENT;EFS;EUR;85;116.69000000;487;EXCHANGE_LAST;;1;1;XEUR;11286680;689;
10.01.2025;16:01:18.710;FGBM SI 20250306 PS;SIMPLE_INSTRUMENT;EFP_FIN;EUR;86;116.68000000;518;EXCHANGE_LAST;;1;1;XEUR;11286680;689;
10.01.2025;16:19:43.048;FGBM SI 20250306 PS;SIMPLE_INSTRUMENT;EFP_FIN;EUR;87;116.69000000;370;EXCHANGE_LAST;;1;1;XEUR;11286680;689;
10.01.2025;16:20:32.198;FGBM SI 20250306 PS;SIMPLE_INSTRUMENT;EFS;EUR;88;116.64000000;1993;EXCHANGE_LAST;;1;1;XEUR;11286680;689;
10.01.2025;16:28:13.937;FGBM SI 20250306 PS;SIMPLE_INSTRUMENT;EFS;EUR;89;116.63000000;906;EXCHANGE_LAST;;1;1;XEUR;11286680;689;
10.01.2025;16:28:23.947;FGBM SI 20250306 PS;SIMPLE_INSTRUMENT;EFS;EUR;90;116.63000000;453;EXCHANGE_LAST;;1;1;XEUR;11286680;689;
10.01.2025;16:29:38.755;FGBM SI 20250306 PS;SIMPLE_INSTRUMENT;EFP_FIN;EUR;91;116.67000000;926;EXCHANGE_LAST;;1;1;XEUR;11286680;689;
10.01.2025;16:31:24.076;FGBM SI 20250306 PS;SIMPLE_INSTRUMENT;EFS;EUR;92;116.63000000;452;EXCHANGE_LAST;;1;1;XEUR;11286680;689;
10.01.2025;16:53:58.529;FGBM SI 20250306 PS;SIMPLE_INSTRUMENT;EFS;EUR;93;116.66000000;678;EXCHANGE_LAST;;1;1;XEUR;11286680;689;
10.01.2025;16:55:16.642;FGBM SI 20250306 PS;SIMPLE_INSTRUMENT;EFS;EUR;94;116.62000000;2500;EXCHANGE_LAST;;1;1;XEUR;11286680;689;
10.01.2025;16:55:28.456;FGBM SI 20250306 PS;SIMPLE_INSTRUMENT;EFS;EUR;95;116.63000000;1357;EXCHANGE_LAST;;1;1;XEUR;11286680;689;
10.01.2025;16:57:45.286;FGBM SI 20250306 PS;SIMPLE_INSTRUMENT;EFS;EUR;96;116.63000000;390;EXCHANGE_LAST;;1;1;XEUR;11286680;689;
10.01.2025;16:57:45.266;FGBM SI 20250306 PS;SIMPLE_INSTRUMENT;EFS;EUR;97;116.61000000;487;EXCHANGE_LAST;;1;1;XEUR;11286680;689;
10.01.2025;16:57:46.184;FGBM SI 20250306 PS;SIMPLE_INSTRUMENT;EFP_FIN;EUR;98;116.52000000;345;EXCHANGE_LAST;;1;1;XEUR;11286680;689;
10.01.2025;07:34:56.261;FGBS SI 20250306 PS;SIMPLE_INSTRUMENT;EFP_FIN;EUR;1;106.67000000;326;EXCHANGE_LAST;;1;1;XEUR;11286681;690;
10.01.2025;09:36:44.040;FGBS SI 20250306 PS;SIMPLE_INSTRUMENT;EFP_FIN;EUR;2;106.60000000;172;EXCHANGE_LAST;;1;1;XEUR;11286681;690;
10.01.2025;09:41:25.552;FGBS SI 20250306 PS;SIMPLE_INSTRUMENT;EFP_FIN;EUR;3;106.60000000;577;EXCHANGE_LAST;;1;1;XEUR;11286681;690;
10.01.2025;09:45:45.518;FGBS SI 20250306 PS;SIMPLE_INSTRUMENT;EFP_FIN;EUR;4;106.61000000;356;EXCHANGE_LAST;;1;1;XEUR;11286681;690;
10.01.2025;09:45:54.928;FGBS SI 20250306 PS;SIMPLE_INSTRUMENT;EFP_FIN;EUR;5;106.61000000;497;EXCHANGE_LAST;;1;1;XEUR;11286681;690;
10.01.2025;09:46:19.936;FGBS SI 20250306 PS;SIMPLE_INSTRUMENT;EFP_FIN;EUR;6;106.61000000;497;EXCHANGE_LAST;;1;1;XEUR;11286681;690;
10.01.2025;11:10:23.156;FGBS SI 20250306 PS;SIMPLE_INSTRUMENT;EFP_FIN;EUR;7;106.60000000;249;EXCHANGE_LAST;;1;1;XEUR;11286681;690;
10.01.2025;11:10:35.421;FGBS SI 20250306 PS;SIMPLE_INSTRUMENT;EFP_FIN;EUR;8;106.60000000;249;EXCHANGE_LAST;;1;1;XEUR;11286681;690;
10.01.2025;11:33:28.094;FGBS SI 20250306 PS;SIMPLE_INSTRUMENT;EFP_FIN;EUR;9;106.59000000;712;EXCHANGE_LAST;;1;1;XEUR;11286681;690;
10.01.2025;11:34:34.960;FGBS SI 20250306 PS;SIMPLE_INSTRUMENT;EFP_FIN;EUR;10;106.59000000;178;EXCHANGE_LAST;;1;1;XEUR;11286681;690;
10.01.2025;11:36:01.360;FGBS SI 20250306 PS;SIMPLE_INSTRUMENT;EFP_FIN;EUR;11;106.59500000;640;EXCHANGE_LAST;;1;1;XEUR;11286681;690;
10.01.2025;11:36:52.383;FGBS SI 20250306 PS;SIMPLE_INSTRUMENT;EFP_FIN;EUR;12;106.59500000;638;EXCHANGE_LAST;;1;1;XEUR;11286681;690;
10.01.2025;11:43:58.533;FGBS SI 20250306 PS;SIMPLE_INSTRUMENT;EFS;EUR;13;106.59000000;1333;EXCHANGE_LAST;;1;1;XEUR;11286681;690;
10.01.2025;11:44:37.059;FGBS SI 20250306 PS;SIMPLE_INSTRUMENT;EFS;EUR;14;106.59000000;1099;EXCHANGE_LAST;;1;1;XEUR;11286681;690;
10.01.2025;11:47:33.801;FGBS SI 20250306 PS;SIMPLE_INSTRUMENT;EFP_FIN;EUR;15;106.60000000;1305;EXCHANGE_LAST;;1;1;XEUR;11286681;690;
10.01.2025;11:47:33.801;FGBS SI 20250306 PS;SIMPLE_INSTRUMENT;EFP_FIN;EUR;16;106.60000000;281;EXCHANGE_LAST;;1;1;XEUR;11286681;690;
10.01.2025;11:49:56.224;FGBS SI 20250306 PS;SIMPLE_INSTRUMENT;EFP_FIN;EUR;17;106.60000000;249;EXCHANGE_LAST;;1;1;XEUR;11286681;690;
10.01.2025;11:49:56.224;FGBS SI 20250306 PS;SIMPLE_INSTRUMENT;EFP_FIN;EUR;18;106.60000000;497;EXCHANGE_LAST;;1;1;XEUR;11286681;690;
10.01.2025;12:01:25.394;FGBS SI 20250306 PS;SIMPLE_INSTRUMENT;EFP_FIN;EUR;19;106.60000000;522;EXCHANGE_LAST;;1;1;XEUR;11286681;690;
10.01.2025;12:01:25.414;FGBS SI 20250306 PS;SIMPLE_INSTRUMENT;EFP_FIN;EUR;20;106.60000000;652;EXCHANGE_LAST;;1;1;XEUR;11286681;690;
10.01.2025;12:40:22.856;FGBS SI 20250306 PS;SIMPLE_INSTRUMENT;EFP_FIN;EUR;21;106.59500000;769;EXCHANGE_LAST;;1;1;XEUR;11286681;690;
10.01.2025;12:44:54.010;FGBS SI 20250306 PS;SIMPLE_INSTRUMENT;EFS;EUR;22;106.60500000;5500;EXCHANGE_LAST;;1;1;XEUR;11286681;690;
10.01.2025;12:48:25.711;FGBS SI 20250306 PS;SIMPLE_INSTRUMENT;EFS;EUR;23;106.60000000;1374;EXCHANGE_LAST;;1;1;XEUR;11286681;690;
10.01.2025;12:51:09.240;FGBS SI 20250306 PS;SIMPLE_INSTRUMENT;EFS;EUR;24;106.60000000;10991;EXCHANGE_LAST;;1;1;XEUR;11286681;690;
10.01.2025;14:11:28.492;FGBS SI 20250306 PS;SIMPLE_INSTRUMENT;EFS;EUR;25;106.56000000;3849;EXCHANGE_LAST;;1;1;XEUR;11286681;690;
10.01.2025;14:15:31.506;FGBS SI 20250306 PS;SIMPLE_INSTRUMENT;EFS;EUR;26;106.56500000;1362;EXCHANGE_LAST;;1;1;XEUR;11286681;690;
10.01.2025;14:27:36.226;FGBS SI 20250306 PS;SIMPLE_INSTRUMENT;EFS;EUR;27;106.56000000;2667;EXCHANGE_LAST;;1;1;XEUR;11286681;690;
10.01.2025;14:31:43.464;FGBS SI 20250306 PS;SIMPLE_INSTRUMENT;EFS;EUR;28;106.56000000;5499;EXCHANGE_LAST;;1;1;XEUR;11286681;690;
10.01.2025;14:33:11.608;FGBS SI 20250306 PS;SIMPLE_INSTRUMENT;EFS;EUR;29;106.54000000;2750;EXCHANGE_LAST;;1;1;XEUR;11286681;690;
10.01.2025;14:43:16.979;FGBS SI 20250306 PS;SIMPLE_INSTRUMENT;EFS;EUR;30;106.56000000;2689;EXCHANGE_LAST;;1;1;XEUR;11286681;690;
10.01.2025;14:43:19.594;FGBS SI 20250306 PS;SIMPLE_INSTRUMENT;EFS;EUR;31;106.61000000;1330;EXCHANGE_LAST;;1;1;XEUR;11286681;690;
10.01.2025;14:44:09.598;FGBS SI 20250306 PS;SIMPLE_INSTRUMENT;EFS;EUR;32;106.56500000;1374;EXCHANGE_LAST;;1;1;XEUR;11286681;690;
10.01.2025;15:22:59.720;FGBS SI 20250306 PS;SIMPLE_INSTRUMENT;EFS;EUR;33;106.60000000;2748;EXCHANGE_LAST;;1;1;XEUR;11286681;690;
10.01.2025;15:24:58.315;FGBS SI 20250306 PS;SIMPLE_INSTRUMENT;EFP_FIN;EUR;34;106.59500000;585;EXCHANGE_LAST;;1;1;XEUR;11286681;690;
10.01.2025;15:28:53.560;FGBS SI 20250306 PS;SIMPLE_INSTRUMENT;EFP_FIN;EUR;35;106.59500000;1041;EXCHANGE_LAST;;1;1;XEUR;11286681;690;
10.01.2025;15:34:38.609;FGBS SI 20250306 PS;SIMPLE_INSTRUMENT;EFS;EUR;36;106.59500000;2680;EXCHANGE_LAST;;1;1;XEUR;11286681;690;
10.01.2025;15:41:55.722;FGBS SI 20250306 PS;SIMPLE_INSTRUMENT;EFS;EUR;37;106.60000000;1338;EXCHANGE_LAST;;1;1;XEUR;11286681;690;
10.01.2025;15:54:23.243;FGBS SI 20250306 PS;SIMPLE_INSTRUMENT;EFS;EUR;38;106.58500000;1374;EXCHANGE_LAST;;1;1;XEUR;11286681;690;
10.01.2025;15:55:58.300;FGBS SI 20250306 PS;SIMPLE_INSTRUMENT;EFP_FIN;EUR;40;106.57000000;823;EXCHANGE_LAST;;1;1;XEUR;11286681;690;
10.01.2025;16:40:57.225;FGBS SI 20250306 PS;SIMPLE_INSTRUMENT;EFP_FIN;EUR;41;106.58000000;577;EXCHANGE_LAST;;1;1;XEUR;11286681;690;
10.01.2025;08:28:20.625;FGBX SI 20250306 PS;SIMPLE_INSTRUMENT;EFP_FIN;EUR;1;126.68000000;156;EXCHANGE_LAST;;1;1;XEUR;11286682;691;
10.01.2025;08:58:43.744;FGBX SI 20250306 PS;SIMPLE_INSTRUMENT;EFS;EUR;2;126.62000000;388;EXCHANGE_LAST;;1;1;XEUR;11286682;691;
10.01.2025;09:23:29.114;FGBX SI 20250306 PS;SIMPLE_INSTRUMENT;EFS;EUR;3;126.70000000;50;EXCHANGE_LAST;;1;1;XEUR;11286682;691;
10.01.2025;09:31:07.142;FGBX SI 20250306 PS;SIMPLE_INSTRUMENT;EFS;EUR;4;126.70000000;194;EXCHANGE_LAST;;1;1;XEUR;11286682;691;
10.01.2025;09:31:29.907;FGBX SI 20250306 PS;SIMPLE_INSTRUMENT;EFS;EUR;5;126.72000000;194;EXCHANGE_LAST;;1;1;XEUR;11286682;691;
10.01.2025;10:02:59.142;FGBX SI 20250306 PS;SIMPLE_INSTRUMENT;EFS;EUR;6;126.66000000;194;EXCHANGE_LAST;;1;1;XEUR;11286682;691;
10.01.2025;10:03:00.313;FGBX SI 20250306 PS;SIMPLE_INSTRUMENT;EFS;EUR;7;126.60000000;838;EXCHANGE_LAST;;1;1;XEUR;11286682;691;
10.01.2025;10:37:44.380;FGBX SI 20250306 PS;SIMPLE_INSTRUMENT;EFP_FIN;EUR;8;126.60000000;185;EXCHANGE_LAST;;1;1;XEUR;11286682;691;
10.01.2025;11:42:17.699;FGBX SI 20250306 PS;SIMPLE_INSTRUMENT;EFP_FIN;EUR;9;126.82000000;743;EXCHANGE_LAST;;1;1;XEUR;11286682;691;
10.01.2025;11:58:10.093;FGBX SI 20250306 PS;SIMPLE_INSTRUMENT;EFP_FIN;EUR;10;126.70000000;74;EXCHANGE_LAST;;1;1;XEUR;11286682;691;
10.01.2025;12:23:49.826;FGBX SI 20250306 PS;SIMPLE_INSTRUMENT;EFS;EUR;11;126.90000000;387;EXCHANGE_LAST;;1;1;XEUR;11286682;691;
10.01.2025;12:25:43.113;FGBX SI 20250306 PS;SIMPLE_INSTRUMENT;EFS;EUR;12;126.58000000;389;EXCHANGE_LAST;;1;1;XEUR;11286682;691;
10.01.2025;12:38:39.233;FGBX SI 20250306 PS;SIMPLE_INSTRUMENT;EFP_FIN;EUR;13;126.76000000;187;EXCHANGE_LAST;;1;1;XEUR;11286682;691;
10.01.2025;12:43:24.215;FGBX SI 20250306 PS;SIMPLE_INSTRUMENT;EFS;EUR;14;126.86000000;375;EXCHANGE_LAST;;1;1;XEUR;11286682;691;
10.01.2025;12:58:12.610;FGBX SI 20250306 PS;SIMPLE_INSTRUMENT;EFS;EUR;15;126.80000000;194;EXCHANGE_LAST;;1;1;XEUR;11286682;691;
10.01.2025;13:46:38.051;FGBX SI 20250306 PS;SIMPLE_INSTRUMENT;BLOCK;EUR;16;126.06000000;153;EXCHANGE_LAST;;1;1;XEUR;11286682;691;
10.01.2025;14:12:47.644;FGBX SI 20250306 PS;SIMPLE_INSTRUMENT;EFS;EUR;17;126.52000000;60;EXCHANGE_LAST;;1;1;XEUR;11286682;691;
10.01.2025;14:13:11.249;FGBX SI 20250306 PS;SIMPLE_INSTRUMENT;EFS;EUR;18;126.52000000;17;EXCHANGE_LAST;;1;1;XEUR;11286682;691;
10.01.2025;14:24:05.406;FGBX SI 20250306 PS;SIMPLE_INSTRUMENT;EFS;EUR;19;126.50000000;169;EXCHANGE_LAST;;1;1;XEUR;11286682;691;
10.01.2025;15:03:16.629;FGBX SI 20250306 PS;SIMPLE_INSTRUMENT;EFS;EUR;20;126.78000000;467;EXCHANGE_LAST;;1;1;XEUR;11286682;691;
10.01.2025;16:22:47.076;FGBX SI 20250306 PS;SIMPLE_INSTRUMENT;EFS;EUR;22;127.00000000;387;EXCHANGE_LAST;;1;1;XEUR;11286682;691;
10.01.2025;11:09:21.837;FMAS SI 20250321 CS;SIMPLE_INSTRUMENT;BLOCK;USD;34;608.50000000;312;EXCHANGE_LAST;;1;1;XEUR;7589709;7061;
10.01.2025;10:37:02.841;FMCH SI 20250321 CS;SIMPLE_INSTRUMENT;BLOCK;USD;31;481.85000000;635;EXCHANGE_LAST;;1;1;XEUR;7592069;402909;
10.01.2025;11:45:50.198;FMCH SI 20250321 CS;SIMPLE_INSTRUMENT;BLOCK;USD;37;480.85000000;301;EXCHANGE_LAST;;1;1;XEUR;7592069;402909;
10.01.2025;16:06:23.713;FMCH SI 20250321 CS;SIMPLE_INSTRUMENT;BLOCK;USD;39;474.90000000;193;EXCHANGE_LAST;;1;1;XEUR;7592069;402909;
10.01.2025;08:01:53.626;FMEA SI 20250321 CS;SIMPLE_INSTRUMENT;BLOCK;USD;20;680.36800000;59;EXCHANGE_LAST;;1;1;XEUR;7589834;12395;
10.01.2025;08:40:35.625;FMEE SI 20250321 CS;SIMPLE_INSTRUMENT;BLOCK;USD;27;315.43300000;150;EXCHANGE_LAST;;1;1;XEUR;7589846;12396;
10.01.2025;08:40:25.179;FMEL SI 20250321 CS;SIMPLE_INSTRUMENT;BLOCK;USD;26;483.68100000;60;EXCHANGE_LAST;;1;1;XEUR;7589856;12397;
10.01.2025;07:59:21.975;FMEN SI 20250321 CS;SIMPLE_INSTRUMENT;BLOCK;EUR;19;522.04700000;36;EXCHANGE_LAST;;1;1;XEUR;7590212;30652;
10.01.2025;11:36:00.674;FMEN SI 20250321 CS;SIMPLE_INSTRUMENT;BLOCK;EUR;35;517.80000000;468;EXCHANGE_LAST;;1;1;XEUR;7590212;30652;
10.01.2025;07:26:38.219;FMES SI 20250321 CS;SIMPLE_INSTRUMENT;EFP_IDX;EUR;11;553.57600000;1;EXCHANGE_LAST;;1;1;XEUR;7591454;221291;
10.01.2025;10:37:23.380;FMFP SI 20250321 CS;SIMPLE_INSTRUMENT;BLOCK;USD;32;2275.00000000;120;EXCHANGE_LAST;;1;1;XEUR;7411195;51999;
10.01.2025;08:12:13.815;FMGM SI 20250321 CS;SIMPLE_INSTRUMENT;BLOCK;USD;24;4771.27000000;301;EXCHANGE_LAST;;1;1;XEUR;8609374;583626;
10.01.2025;06:52:56.729;FMGO SI 20250321 CS;SIMPLE_INSTRUMENT;EFP_IDX;USD;5;5117.50000000;25;EXCHANGE_LAST;;1;1;XEUR;8609359;583623;
10.01.2025;08:12:47.026;FMGO SI 20250321 CS;SIMPLE_INSTRUMENT;BLOCK;USD;25;5120.92000000;351;EXCHANGE_LAST;;1;1;XEUR;8609359;583623;
10.01.2025;14:54:31.501;FMGO SI 20250321 CS;SIMPLE_INSTRUMENT;BLOCK;USD;38;5090.00000000;18;EXCHANGE_LAST;;1;1;XEUR;8609359;583623;
10.01.2025;06:57:37.989;FMGQ SI 20250321 CS;SIMPLE_INSTRUMENT;EFP_IDX;USD;6;5040.22000000;17;EXCHANGE_LAST;;1;1;XEUR;8609376;583625;
10.01.2025;07:42:16.572;FMGQ SI 20250321 CS;SIMPLE_INSTRUMENT;BLOCK;USD;14;5043.22000000;356;EXCHANGE_LAST;;1;1;XEUR;8609376;583625;
10.01.2025;02:15:11.456;FMID SI 20250321 CS;SIMPLE_INSTRUMENT;BLOCK;USD;1;1588.00000000;14;EXCHANGE_LAST;;1;1;XEUR;7590528;45289;
10.01.2025;00:42:44.121;FMIN SI 20250321 CS;SIMPLE_INSTRUMENT;BLOCK;USD;2;1240.96000000;57;EXCHANGE_LAST;;1;1;XEUR;7589865;12404;
10.01.2025;02:36:02.807;FMIN SI 20250321 CS;SIMPLE_INSTRUMENT;BLOCK;USD;4;1241.94500000;48;EXCHANGE_LAST;;1;1;XEUR;7589865;12404;
10.01.2025;00:16:32.411;FMMY SI 20250321 CS;SIMPLE_INSTRUMENT;BLOCK;USD;1;385.25400000;84;EXCHANGE_LAST;;1;1;XEUR;7589866;12405;
10.01.2025;06:59:13.996;FMOG SI 20250321 CS;SIMPLE_INSTRUMENT;EFP_IDX;USD;7;12054.23000000;13;EXCHANGE_LAST;;1;1;XEUR;7590875;51877;
10.01.2025;07:43:21.865;FMOG SI 20250321 CS;SIMPLE_INSTRUMENT;BLOCK;USD;16;12058.23000000;148;EXCHANGE_LAST;;1;1;XEUR;7590875;51877;
10.01.2025;07:59:23.766;FMPL SI 20250321 CS;SIMPLE_INSTRUMENT;EFP_IDX;USD;1;208.69000000;243;EXCHANGE_LAST;;1;1;XEUR;7589870;12678;
10.01.2025;07:36:55.353;FMSA SI 20250321 CS;SIMPLE_INSTRUMENT;BLOCK;USD;13;1797.59000000;70;EXCHANGE_LAST;;1;1;XEUR;7591259;134861;
10.01.2025;08:02:08.346;FMSA SI 20250321 CS;SIMPLE_INSTRUMENT;BLOCK;USD;21;1797.07200000;70;EXCHANGE_LAST;;1;1;XEUR;7591259;134861;
10.01.2025;07:42:49.802;FMSC SI 20250321 CS;SIMPLE_INSTRUMENT;BLOCK;USD;15;713.45500000;23;EXCHANGE_LAST;;1;1;XEUR;7591474;221303;
10.01.2025;08:11:40.086;FMSC SI 20250321 CS;SIMPLE_INSTRUMENT;BLOCK;USD;23;713.95500000;100;EXCHANGE_LAST;;1;1;XEUR;7591474;221303;
10.01.2025;07:55:39.272;FMWN SI 20250321 CS;SIMPLE_INSTRUMENT;BLOCK;EUR;18;590.64000000;240;EXCHANGE_LAST;;1;1;XEUR;7590222;30654;
10.01.2025;07:14:19.464;FMWO SI 20250321 CS;SIMPLE_INSTRUMENT;EFP_IDX;USD;8;11919.20000000;29;EXCHANGE_LAST;;1;1;XEUR;7589707;7059;
10.01.2025;07:18:44.676;FMWO SI 20250321 CS;SIMPLE_INSTRUMENT;EFP_IDX;USD;9;11918.50000000;57;EXCHANGE_LAST;;1;1;XEUR;7589707;7059;
10.01.2025;07:18:52.567;FMWO SI 20250321 CS;SIMPLE_INSTRUMENT;EFP_IDX;USD;10;11918.50000000;630;EXCHANGE_LAST;;1;1;XEUR;7589707;7059;
10.01.2025;07:46:17.739;FMWO SI 20250321 CS;SIMPLE_INSTRUMENT;EFP_IDX;USD;17;11919.00000000;53;EXCHANGE_LAST;;1;1;XEUR;7589707;7059;
10.01.2025;07:32:05.613;FMXG SI 20250321 CS;SIMPLE_INSTRUMENT;EFP_IDX;EUR;12;362.65700000;4542;EXCHANGE_LAST;;1;1;XEUR;7591194;124306;
10.01.2025;10:50:25.209;FMXG SI 20250321 CS;SIMPLE_INSTRUMENT;BLOCK;EUR;33;362.63000000;2379;EXCHANGE_LAST;;1;1;XEUR;7591194;124306;
10.01.2025;08:11:16.861;FMXJ SI 20250321 CS;SIMPLE_INSTRUMENT;EFP_IDX;USD;22;576.34100000;54;EXCHANGE_LAST;;1;1;XEUR;7590866;51660;
10.01.2025;08:22:54.075;FOAT SI 20250306 PS;SIMPLE_INSTRUMENT;EFS;EUR;1;121.38000000;270;EXCHANGE_LAST;;1;1;XEUR;11286683;749;
10.01.2025;08:57:51.262;FOAT SI 20250306 PS;SIMPLE_INSTRUMENT;EFP_FIN;EUR;2;121.36000000;356;EXCHANGE_LAST;;1;1;XEUR;11286683;749;
10.01.2025;08:59:08.098;FOAT SI 20250306 PS;SIMPLE_INSTRUMENT;EFP_FIN;EUR;3;121.31000000;534;EXCHANGE_LAST;;1;1;XEUR;11286683;749;
10.01.2025;09:00:26.425;FOAT SI 20250306 PS;SIMPLE_INSTRUMENT;EFP_FIN;EUR;4;121.33000000;1244;EXCHANGE_LAST;;1;1;XEUR;11286683;749;
10.01.2025;09:00:45.186;FOAT SI 20250306 PS;SIMPLE_INSTRUMENT;EFP_FIN;EUR;5;121.31000000;356;EXCHANGE_LAST;;1;1;XEUR;11286683;749;
10.01.2025;09:15:42.304;FOAT SI 20250306 PS;SIMPLE_INSTRUMENT;EFP_FIN;EUR;6;121.35000000;417;EXCHANGE_LAST;;1;1;XEUR;11286683;749;
10.01.2025;09:20:38.878;FOAT SI 20250306 PS;SIMPLE_INSTRUMENT;EFP_FIN;EUR;7;121.36000000;2236;EXCHANGE_LAST;;1;1;XEUR;11286683;749;
10.01.2025;09:21:51.990;FOAT SI 20250306 PS;SIMPLE_INSTRUMENT;EFP_FIN;EUR;8;121.30000000;1664;EXCHANGE_LAST;;1;1;XEUR;11286683;749;
10.01.2025;09:22:10.149;FOAT SI 20250306 PS;SIMPLE_INSTRUMENT;EFP_FIN;EUR;9;121.36000000;178;EXCHANGE_LAST;;1;1;XEUR;11286683;749;
10.01.2025;09:25:10.448;FOAT SI 20250306 PS;SIMPLE_INSTRUMENT;EFS;EUR;10;121.41000000;832;EXCHANGE_LAST;;1;1;XEUR;11286683;749;
10.01.2025;09:33:47.625;FOAT SI 20250306 PS;SIMPLE_INSTRUMENT;EFP_FIN;EUR;11;121.36000000;575;EXCHANGE_LAST;;1;1;XEUR;11286683;749;
10.01.2025;09:53:29.090;FOAT SI 20250306 PS;SIMPLE_INSTRUMENT;EFP_FIN;EUR;12;121.30000000;568;EXCHANGE_LAST;;1;1;XEUR;11286683;749;
10.01.2025;09:56:38.532;FOAT SI 20250306 PS;SIMPLE_INSTRUMENT;EFP_FIN;EUR;13;121.35000000;1544;EXCHANGE_LAST;;1;1;XEUR;11286683;749;
10.01.2025;09:59:37.485;FOAT SI 20250306 PS;SIMPLE_INSTRUMENT;EFS;EUR;14;121.41000000;780;EXCHANGE_LAST;;1;1;XEUR;11286683;749;
10.01.2025;10:08:06.928;FOAT SI 20250306 PS;SIMPLE_INSTRUMENT;EFP_FIN;EUR;15;121.37000000;831;EXCHANGE_LAST;;1;1;XEUR;11286683;749;
10.01.2025;10:17:15.765;FOAT SI 20250306 PS;SIMPLE_INSTRUMENT;EFP_FIN;EUR;16;121.39000000;256;EXCHANGE_LAST;;1;1;XEUR;11286683;749;
10.01.2025;10:36:02.058;FOAT SI 20250306 PS;SIMPLE_INSTRUMENT;EFP_FIN;EUR;17;121.35000000;1017;EXCHANGE_LAST;;1;1;XEUR;11286683;749;
10.01.2025;10:43:17.531;FOAT SI 20250306 PS;SIMPLE_INSTRUMENT;EFP_FIN;EUR;18;121.43000000;193;EXCHANGE_LAST;;1;1;XEUR;11286683;749;
10.01.2025;10:56:15.823;FOAT SI 20250306 PS;SIMPLE_INSTRUMENT;EFP_FIN;EUR;19;121.38000000;834;EXCHANGE_LAST;;1;1;XEUR;11286683;749;
10.01.2025;11:13:26.046;FOAT SI 20250306 PS;SIMPLE_INSTRUMENT;EFP_FIN;EUR;20;121.42000000;482;EXCHANGE_LAST;;1;1;XEUR;11286683;749;
10.01.2025;11:14:06.279;FOAT SI 20250306 PS;SIMPLE_INSTRUMENT;EFP_FIN;EUR;21;121.38000000;2919;EXCHANGE_LAST;;1;1;XEUR;11286683;749;
10.01.2025;11:14:58.690;FOAT SI 20250306 PS;SIMPLE_INSTRUMENT;EFP_FIN;EUR;22;121.35000000;355;EXCHANGE_LAST;;1;1;XEUR;11286683;749;
10.01.2025;11:17:36.857;FOAT SI 20250306 PS;SIMPLE_INSTRUMENT;EFP_FIN;EUR;23;121.40000000;1668;EXCHANGE_LAST;;1;1;XEUR;11286683;749;
10.01.2025;11:20:07.484;FOAT SI 20250306 PS;SIMPLE_INSTRUMENT;EFP_FIN;EUR;24;121.35000000;621;EXCHANGE_LAST;;1;1;XEUR;11286683;749;
10.01.2025;11:21:06.995;FOAT SI 20250306 PS;SIMPLE_INSTRUMENT;EFP_FIN;EUR;25;121.40000000;442;EXCHANGE_LAST;;1;1;XEUR;11286683;749;
10.01.2025;11:24:02.882;FOAT SI 20250306 PS;SIMPLE_INSTRUMENT;EFP_FIN;EUR;26;121.41000000;7589;EXCHANGE_LAST;;1;1;XEUR;11286683;749;
10.01.2025;11:24:37.896;FOAT SI 20250306 PS;SIMPLE_INSTRUMENT;BLOCK;EUR;27;121.39000000;662;EXCHANGE_LAST;;1;1;XEUR;11286683;749;
10.01.2025;11:25:24.819;FOAT SI 20250306 PS;SIMPLE_INSTRUMENT;BLOCK;EUR;28;121.41000000;256;EXCHANGE_LAST;;1;1;XEUR;11286683;749;
10.01.2025;11:28:16.990;FOAT SI 20250306 PS;SIMPLE_INSTRUMENT;EFP_FIN;EUR;29;121.42000000;356;EXCHANGE_LAST;;1;1;XEUR;11286683;749;
10.01.2025;11:37:00.923;FOAT SI 20250306 PS;SIMPLE_INSTRUMENT;EFP_FIN;EUR;30;121.40000000;834;EXCHANGE_LAST;;1;1;XEUR;11286683;749;
10.01.2025;12:33:38.320;FOAT SI 20250306 PS;SIMPLE_INSTRUMENT;EFP_FIN;EUR;31;121.38000000;387;EXCHANGE_LAST;;1;1;XEUR;11286683;749;
10.01.2025;12:44:28.219;FOAT SI 20250306 PS;SIMPLE_INSTRUMENT;EFP_FIN;EUR;32;121.38000000;2352;EXCHANGE_LAST;;1;1;XEUR;11286683;749;
10.01.2025;12:47:43.052;FOAT SI 20250306 PS;SIMPLE_INSTRUMENT;BLOCK;EUR;33;121.40000000;546;EXCHANGE_LAST;;1;1;XEUR;11286683;749;
10.01.2025;12:53:04.523;FOAT SI 20250306 PS;SIMPLE_INSTRUMENT;EFP_FIN;EUR;34;121.40000000;1309;EXCHANGE_LAST;;1;1;XEUR;11286683;749;
10.01.2025;13:41:47.713;FOAT SI 20250306 PS;SIMPLE_INSTRUMENT;EFP_FIN;EUR;35;121.40000000;776;EXCHANGE_LAST;;1;1;XEUR;11286683;749;
10.01.2025;14:05:07.875;FOAT SI 20250306 PS;SIMPLE_INSTRUMENT;EFP_FIN;EUR;36;121.27000000;1668;EXCHANGE_LAST;;1;1;XEUR;11286683;749;
10.01.2025;14:09:10.154;FOAT SI 20250306 PS;SIMPLE_INSTRUMENT;EFP_FIN;EUR;37;121.28000000;775;EXCHANGE_LAST;;1;1;XEUR;11286683;749;
10.01.2025;14:10:30.916;FOAT SI 20250306 PS;SIMPLE_INSTRUMENT;EFP_FIN;EUR;38;121.28000000;834;EXCHANGE_LAST;;1;1;XEUR;11286683;749;
10.01.2025;14:22:18.557;FOAT SI 20250306 PS;SIMPLE_INSTRUMENT;EFP_FIN;EUR;39;121.28000000;50;EXCHANGE_LAST;;1;1;XEUR;11286683;749;
10.01.2025;14:45:10.367;FOAT SI 20250306 PS;SIMPLE_INSTRUMENT;EFP_FIN;EUR;40;121.32000000;1666;EXCHANGE_LAST;;1;1;XEUR;11286683;749;
10.01.2025;14:47:21.728;FOAT SI 20250306 PS;SIMPLE_INSTRUMENT;EFP_FIN;EUR;41;121.32000000;833;EXCHANGE_LAST;;1;1;XEUR;11286683;749;
10.01.2025;14:48:31.877;FOAT SI 20250306 PS;SIMPLE_INSTRUMENT;EFP_FIN;EUR;42;121.32000000;684;EXCHANGE_LAST;;1;1;XEUR;11286683;749;
10.01.2025;14:57:57.261;FOAT SI 20250306 PS;SIMPLE_INSTRUMENT;EFP_FIN;EUR;43;121.34000000;1251;EXCHANGE_LAST;;1;1;XEUR;11286683;749;
10.01.2025;15:01:21.677;FOAT SI 20250306 PS;SIMPLE_INSTRUMENT;EFP_FIN;EUR;44;121.34000000;2085;EXCHANGE_LAST;;1;1;XEUR;11286683;749;
10.01.2025;15:10:41.951;FOAT SI 20250306 PS;SIMPLE_INSTRUMENT;EFP_FIN;EUR;45;121.31000000;1109;EXCHANGE_LAST;;1;1;XEUR;11286683;749;
10.01.2025;15:10:48.694;FOAT SI 20250306 PS;SIMPLE_INSTRUMENT;EFS;EUR;46;121.28000000;56;EXCHANGE_LAST;;1;1;XEUR;11286683;749;
10.01.2025;15:26:40.733;FOAT SI 20250306 PS;SIMPLE_INSTRUMENT;EFS;EUR;47;121.40000000;270;EXCHANGE_LAST;;1;1;XEUR;11286683;749;
10.01.2025;16:05:36.909;FOAT SI 20250306 PS;SIMPLE_INSTRUMENT;EFP_FIN;EUR;48;121.34000000;3333;EXCHANGE_LAST;;1;1;XEUR;11286683;749;
10.01.2025;16:09:42.588;FOAT SI 20250306 PS;SIMPLE_INSTRUMENT;BLOCK;EUR;49;121.30000000;1626;EXCHANGE_LAST;;1;1;XEUR;11286683;749;
10.01.2025;16:11:08.827;FOAT SI 20250306 PS;SIMPLE_INSTRUMENT;EFP_FIN;EUR;50;121.36000000;468;EXCHANGE_LAST;;1;1;XEUR;11286683;749;
10.01.2025;16:13:05.525;FOAT SI 20250306 PS;SIMPLE_INSTRUMENT;EFP_FIN;EUR;51;121.31000000;234;EXCHANGE_LAST;;1;1;XEUR;11286683;749;
10.01.2025;16:13:28.626;FOAT SI 20250306 PS;SIMPLE_INSTRUMENT;EFP_FIN;EUR;52;121.32000000;1668;EXCHANGE_LAST;;1;1;XEUR;11286683;749;
10.01.2025;16:26:16.186;FOAT SI 20250306 PS;SIMPLE_INSTRUMENT;EFP_FIN;EUR;53;121.21000000;1878;EXCHANGE_LAST;;1;1;XEUR;11286683;749;
10.01.2025;16:30:16.936;FOAT SI 20250306 PS;SIMPLE_INSTRUMENT;EFP_FIN;EUR;54;121.32000000;626;EXCHANGE_LAST;;1;1;XEUR;11286683;749;
10.01.2025;16:38:00.916;FOAT SI 20250306 PS;SIMPLE_INSTRUMENT;EFP_FIN;EUR;55;121.20000000;893;EXCHANGE_LAST;;1;1;XEUR;11286683;749;
10.01.2025;16:44:47.109;FOAT SI 20250306 PS;SIMPLE_INSTRUMENT;BLOCK;EUR;56;121.21000000;400;EXCHANGE_LAST;;1;1;XEUR;11286683;749;
10.01.2025;16:48:04.871;FOAT SI 20250306 PS;SIMPLE_INSTRUMENT;EFP_FIN;EUR;57;121.20000000;328;EXCHANGE_LAST;;1;1;XEUR;11286683;749;
10.01.2025;16:49:55.142;FOAT SI 20250306 PS;SIMPLE_INSTRUMENT;EFP_FIN;EUR;58;121.21000000;2035;EXCHANGE_LAST;;1;1;XEUR;11286683;749;
10.01.2025;16:25:34.765;FSEG SI 20250321 CS;SIMPLE_INSTRUMENT;BLOCK;EUR;45;190.30000000;425;EXCHANGE_LAST;;1;1;XEUR;11393888;109977;
10.01.2025;16:42:51.854;FSEG SI 20250321 CS;SIMPLE_INSTRUMENT;EFP_IDX;EUR;55;190.10000000;169;EXCHANGE_LAST;;1;1;XEUR;11393888;109977;
10.01.2025;16:43:02.855;FSEG SI 20250321 CS;SIMPLE_INSTRUMENT;EFP_IDX;EUR;56;190.20000000;206;EXCHANGE_LAST;;1;1;XEUR;11393888;109977;
10.01.2025;15:34:31.245;FSMI SI 20250321 CS;SIMPLE_INSTRUMENT;BLOCK;CHF;1;11775.00000000;3000;EXCHANGE_LAST;;1;1;XEUR;7793721;757;
10.01.2025;15:42:12.788;FSMI SI 20250321 CS;SIMPLE_INSTRUMENT;BLOCK;CHF;2;11775.00000000;1000;EXCHANGE_LAST;;1;1;XEUR;7793721;757;
10.01.2025;16:03:19.308;FSMI SI 20250321 CS;SIMPLE_INSTRUMENT;BLOCK;CHF;3;11790.00000000;500;EXCHANGE_LAST;;1;1;XEUR;7793721;757;
10.01.2025;16:09:05.029;FSMI SI 20250321 CS;SIMPLE_INSTRUMENT;EFP_IDX;CHF;4;11790.00000000;200;EXCHANGE_LAST;;1;1;XEUR;7793721;757;
10.01.2025;16:36:34.493;FSMI SI 20250321 CS;SIMPLE_INSTRUMENT;EFP_IDX;CHF;5;11764.00000000;14;EXCHANGE_LAST;;1;1;XEUR;7793721;757;
10.01.2025;16:36:40.350;FSMI SI 20250321 CS;SIMPLE_INSTRUMENT;EFP_IDX;CHF;6;11765.00000000;147;EXCHANGE_LAST;;1;1;XEUR;7793721;757;
10.01.2025;16:39:39.421;FSTB SI 20250321 CS;SIMPLE_INSTRUMENT;EFP_IDX;EUR;50;214.90000000;2700;EXCHANGE_LAST;;1;1;XEUR;11359807;714;
10.01.2025;13:35:51.415;FSTE SI 20250321 CS;SIMPLE_INSTRUMENT;BLOCK;EUR;2;353.70000000;620;EXCHANGE_LAST;;1;1;XEUR;11359812;719;
10.01.2025;16:56:01.392;FSTE SI 20250321 CS;SIMPLE_INSTRUMENT;EFP_IDX;EUR;14;348.80000000;25;EXCHANGE_LAST;;1;1;XEUR;11359812;719;
10.01.2025;16:33:46.833;FSTF SI 20250321 CS;SIMPLE_INSTRUMENT;BLOCK;EUR;4;850.10000000;315;EXCHANGE_LAST;;1;1;XEUR;11359810;718;
10.01.2025;16:34:06.602;FSTF SI 20250321 CS;SIMPLE_INSTRUMENT;BLOCK;EUR;5;851.00000000;260;EXCHANGE_LAST;;1;1;XEUR;11359810;718;
10.01.2025;16:48:01.768;FSTH SI 20250321 CS;SIMPLE_INSTRUMENT;BLOCK;EUR;8;1117.50000000;702;EXCHANGE_LAST;;1;1;XEUR;11359811;716;
10.01.2025;16:48:27.619;FSTH SI 20250321 CS;SIMPLE_INSTRUMENT;BLOCK;EUR;9;1117.70000000;458;EXCHANGE_LAST;;1;1;XEUR;11359811;716;
10.01.2025;16:38:30.153;FSTI SI 20250321 CS;SIMPLE_INSTRUMENT;BLOCK;EUR;49;410.10000000;450;EXCHANGE_LAST;;1;1;XEUR;11359770;707;
10.01.2025;16:49:36.064;FSTI SI 20250321 CS;SIMPLE_INSTRUMENT;BLOCK;EUR;58;409.00000000;468;EXCHANGE_LAST;;1;1;XEUR;11359770;707;
10.01.2025;16:51:45.214;FSTI SI 20250321 CS;SIMPLE_INSTRUMENT;BLOCK;EUR;59;410.00000000;382;EXCHANGE_LAST;;1;1;XEUR;11359770;707;
10.01.2025;16:52:55.341;FSTN SI 20250321 CS;SIMPLE_INSTRUMENT;EFP_IDX;EUR;53;693.00000000;110;EXCHANGE_LAST;;1;1;XEUR;11359761;704;
10.01.2025;16:53:01.282;FSTN SI 20250321 CS;SIMPLE_INSTRUMENT;EFP_IDX;EUR;54;693.10000000;90;EXCHANGE_LAST;;1;1;XEUR;11359761;704;
10.01.2025;08:38:28.739;FSTS SI 20250321 CS;SIMPLE_INSTRUMENT;VOLA;EUR;603979784;523.60000000;44;EXCHANGE_LAST;;1;1;XEUR;11359775;709;
10.01.2025;16:54:38.825;FSTT SI 20250321 CS;SIMPLE_INSTRUMENT;BLOCK;EUR;12;230.00000000;780;EXCHANGE_LAST;;1;1;XEUR;11359772;708;
10.01.2025;16:54:25.185;FSTT SI 20250321 CS;SIMPLE_INSTRUMENT;BLOCK;EUR;13;229.90000000;720;EXCHANGE_LAST;;1;1;XEUR;11359772;708;
10.01.2025;16:40:08.331;FSTU SI 20250321 CS;SIMPLE_INSTRUMENT;BLOCK;EUR;51;374.50000000;520;EXCHANGE_LAST;;1;1;XEUR;11359815;730;
10.01.2025;16:40:07.780;FSTU SI 20250321 CS;SIMPLE_INSTRUMENT;BLOCK;EUR;52;374.60000000;780;EXCHANGE_LAST;;1;1;XEUR;11359815;730;
10.01.2025;08:33:28.494;FSTU SI 20250321 CS;SIMPLE_INSTRUMENT;VOLA;EUR;603979778;379.50000000;45;EXCHANGE_LAST;;1;1;XEUR;11359815;730;
10.01.2025;08:34:40.088;FSTU SI 20250321 CS;SIMPLE_INSTRUMENT;VOLA;EUR;603979781;379.50000000;44;EXCHANGE_LAST;;1;1;XEUR;11359815;730;
10.01.2025;16:43:26.058;FSTV SI 20250321 CS;SIMPLE_INSTRUMENT;BLOCK;EUR;6;263.10000000;340;EXCHANGE_LAST;;1;1;XEUR;11359817;731;
10.01.2025;16:43:38.691;FSTV SI 20250321 CS;SIMPLE_INSTRUMENT;BLOCK;EUR;7;263.90000000;390;EXCHANGE_LAST;;1;1;XEUR;11359817;731;
10.01.2025;16:05:20.335;FTE SI 20260619 PS AM C 10.00 0;SIMPLE_INSTRUMENT;BLOCK;EUR;19;0.45000000;10000;EXCHANGE_LAST;;1;1;XEUR;9548552;724;
10.01.2025;14:03:59.620;FUEM SI 20250321 CS;SIMPLE_INSTRUMENT;BLOCK;USD;32;114.10000000;500;EXCHANGE_LAST;;1;1;XEUR;11429254;772680;
10.01.2025;10:21:24.357;FXXP SI 20250321 CS;SIMPLE_INSTRUMENT;BLOCK;EUR;28;516.40000000;4180;EXCHANGE_LAST;;1;1;XEUR;7793972;816;
10.01.2025;16:48:30.683;FXXP SI 20250321 CS;SIMPLE_INSTRUMENT;EFP_IDX;EUR;40;512.60000000;1400;EXCHANGE_LAST;;1;1;XEUR;7793972;816;
10.01.2025;16:48:44.809;FXXP SI 20250321 CS;SIMPLE_INSTRUMENT;EFP_IDX;EUR;41;512.70000000;600;EXCHANGE_LAST;;1;1;XEUR;7793972;816;
10.01.2025;08:39:22.280;FXXP SI 20250321 CS;SIMPLE_INSTRUMENT;VOLA;EUR;603979783;516.00000000;42;EXCHANGE_LAST;;1;1;XEUR;7793972;816;
10.01.2025;14:28:27.326;G2OB SI 20281215 CS;SIMPLE_INSTRUMENT;BLOCK;EUR;56;2.10000000;50;EXCHANGE_LAST;;1;1;XEUR;9923263;805;
10.01.2025;10:01:32.272;GEBN SI 20250321 PS AM P 400.00 0;SIMPLE_INSTRUMENT;BLOCK;CHF;12;1.13000000;1000;EXCHANGE_LAST;;1;1;XEUR;10841593;882;
10.01.2025;10:01:34.958;GEBN SI 20261218 PS AM P 400.00 0;SIMPLE_INSTRUMENT;BLOCK;CHF;13;23.63000000;1000;EXCHANGE_LAST;;1;1;XEUR;12444249;882;
10.01.2025;12:39:29.827;GEBN SI 20250221 PS AM P 500.00 0;SIMPLE_INSTRUMENT;BLOCK;CHF;44;14.00000000;1000;EXCHANGE_LAST;;1;1;XEUR;12246433;882;
10.01.2025;10:51:39.592;GIVN SI 20250620 PS AM P 4000.0 0;SIMPLE_INSTRUMENT;BLOCK;CHF;24;273.00000000;250;EXCHANGE_LAST;;1;2;XEUR;9550782;892;
10.01.2025;15:43:14.494;GZF SI 20250321 PS AM P 13.00 0;SIMPLE_INSTRUMENT;BLOCK;EUR;17;0.07000000;6000;EXCHANGE_LAST;;1;1;XEUR;10841429;855;
10.01.2025;15:43:24.199;GZF SI 20250321 PS AM P 13.00 0;SIMPLE_INSTRUMENT;BLOCK;EUR;18;0.08000000;2000;EXCHANGE_LAST;;1;1;XEUR;10841429;855;
10.01.2025;12:34:39.188;HELN SI 20251219 PS AM C 170.00 0;SIMPLE_INSTRUMENT;BLOCK;CHF;43;2.88000000;3000;EXCHANGE_LAST;;1;1;XEUR;12443759;838;
10.01.2025;13:00:59.570;HFG SI 20250221 PS AM P 11.00 0;SIMPLE_INSTRUMENT;BLOCK;EUR;4;0.70000000;20000;EXCHANGE_LAST;;1;1;XEUR;12270734;174740;
10.01.2025;15:55:49.944;HNK SI 20250117 PS AM P 70.00 0;SIMPLE_INSTRUMENT;BLOCK;EUR;17;4.53000000;1200;EXCHANGE_LAST;;1;1;XEUR;12077377;947;
10.01.2025;16:06:09.853;HOLN SI 20250620 PS AM C 96.00 0;SIMPLE_INSTRUMENT;BLOCK;CHF;77;1.55000000;500;EXCHANGE_LAST;;1;1;XEUR;11362966;943;
10.01.2025;16:06:16.409;HOLN SI 20250620 PS AM P 80.00 0;SIMPLE_INSTRUMENT;BLOCK;CHF;78;2.65000000;500;EXCHANGE_LAST;;1;1;XEUR;10936096;943;
10.01.2025;08:51:26.298;IFX SI 20250620 PS AM P 28.00 0;SIMPLE_INSTRUMENT;BLOCK;EUR;1;1.41000000;2500;EXCHANGE_LAST;;1;1;XEUR;7905930;902;
