#Date;TrdTime;Contract;ContractType;TrdTyp;Currency;TesId;Prc;Qty;TrdInd;Aggressor;Buy;Sell;Exch;InstrumentId;RelatedProdId;PrcDecomp
04.03.2025;13:58:53.143;1COV SI 20260619 PS AM P 48.00 0;SIMPLE_INSTRUMENT;BLOCK;EUR;9;2.25000000;500;EXCHANGE_LAST;;1;1;XEUR;9577742;48055;
04.03.2025;13:58:27.573;A2XA SI 20251219 CS;SIMPLE_INSTRUMENT;BLOCK;EUR;42;2.16000000;1300;EXCHANGE_LAST;;1;1;XEUR;3681055;17;
04.03.2025;10:21:54.902;ABBN SI 20250620 PS AM C 53.00 0;SIMPLE_INSTRUMENT;BLOCK;CHF;11;0.78000000;2500;EXCHANGE_LAST;;1;1;XEUR;11849035;574517;
04.03.2025;10:58:56.171;ABBN.O.250304.PDIA.000006;STANDARD_OPTION_STRATEGY;BLOCK;CHF;18;0.25000000;3530;EXCHANGE_LAST;;1;1;XEUR;74525125763937764;574517;
04.03.2025;10:58:56.171;ABBN SI 20250321 PS AM P 48.00 0;SIMPLE_INSTRUMENT;BLOCK;CHF;18;1.50000000;3530;PRC_DECOMP_MEMBER;;;;XEUR;10886857;574517;MEMBER
04.03.2025;10:58:56.171;ABBN SI 20250417 PS AM P 46.50 0;SIMPLE_INSTRUMENT;BLOCK;CHF;18;1.75000000;3530;PRC_DECOMP_MEMBER;;;;XEUR;12656886;574517;MEMBER
04.03.2025;08:31:19.982;ALC SI 20250919 PS AM P 64.00 0;SIMPLE_INSTRUMENT;BLOCK;CHF;1;0.58000000;400;EXCHANGE_LAST;;1;1;XEUR;12127667;130134;
04.03.2025;10:15:35.182;ALC SI 20250919 PS AM P 72.00 0;SIMPLE_INSTRUMENT;BLOCK;CHF;10;1.33000000;740;EXCHANGE_LAST;;1;1;XEUR;11913753;130134;
04.03.2025;13:46:40.839;ALC SI 20250620 PS AM P 80.00 0;SIMPLE_INSTRUMENT;BLOCK;CHF;44;2.50000000;1500;EXCHANGE_LAST;;1;2;XEUR;11394712;130134;
04.03.2025;11:16:12.097;ALV SI 20260619 PS AM C 310.00 0;SIMPLE_INSTRUMENT;BLOCK;EUR;4;39.10000000;900;EXCHANGE_LAST;;1;1;XEUR;12715881;74;
04.03.2025;11:16:06.622;ALV SI 20260619 PS AM P 310.00 0;SIMPLE_INSTRUMENT;BLOCK;EUR;5;22.00000000;900;EXCHANGE_LAST;;1;1;XEUR;12715885;74;
04.03.2025;11:10:50.061;ALV SI 20251219 PS AM P 300.00 0;SIMPLE_INSTRUMENT;BLOCK;EUR;6;10.82000000;300;EXCHANGE_LAST;;1;1;XEUR;11786626;74;
04.03.2025;11:16:17.668;ALV.O.250304.STD.000009;STANDARD_OPTION_STRATEGY;BLOCK;EUR;7;60.00000000;1100;EXCHANGE_LAST;;1;1;XEUR;72057911865569554;74;
04.03.2025;11:16:17.668;ALV SI 20251219 PS AM C 290.00 0;SIMPLE_INSTRUMENT;BLOCK;EUR;7;51.00000000;1100;PRC_DECOMP_MEMBER;;;;XEUR;12056997;74;MEMBER
04.03.2025;11:16:17.668;ALV SI 20251219 PS AM P 290.00 0;SIMPLE_INSTRUMENT;BLOCK;EUR;7;9.00000000;1100;PRC_DECOMP_MEMBER;;;;XEUR;12056991;74;MEMBER
04.03.2025;13:18:11.315;ANN.N.250304.000002;NON_STANDARD_OPTION_STRATEGY;BLOCK;EUR;17;2.15000000;1000;EXCHANGE_LAST;;1;1;XEUR;72251735149669675;45202;
04.03.2025;13:18:11.315;ANN SI 20250516 PS AM P 24.00 0;SIMPLE_INSTRUMENT;BLOCK;EUR;17;0.25000000;1000;PRC_DECOMP_EXCHANGE;;;;XEUR;12838458;45202;EXCHANGE
04.03.2025;13:18:11.315;ANN SI 20250516 PS AM P 28.00 0;SIMPLE_INSTRUMENT;BLOCK;EUR;17;1.20000000;2000;PRC_DECOMP_EXCHANGE;;;;XEUR;12838443;45202;EXCHANGE
04.03.2025;14:31:03.995;ANN SI 20281215 PS AM P 24.00 0;SIMPLE_INSTRUMENT;BLOCK;EUR;21;3.98000000;2500;EXCHANGE_LAST;;1;1;XEUR;10433467;45202;
04.03.2025;16:43:38.287;AOMH SI 20251219 CS;SIMPLE_INSTRUMENT;BLOCK;EUR;95;20.47180000;370;EXCHANGE_LAST;;1;1;XEUR;11420303;840006;
04.03.2025;09:13:10.528;ASM.O.250304.PDIA.000002;STANDARD_OPTION_STRATEGY;BLOCK;EUR;1;0.30000000;300;EXCHANGE_LAST;;1;1;XEUR;72058053599446490;107;
04.03.2025;09:13:10.528;ASM SI 20250417 PS AM P 620.00 0;SIMPLE_INSTRUMENT;BLOCK;EUR;1;16.54000000;300;PRC_DECOMP_EXCHANGE;;;;XEUR;12614550;107;EXCHANGE
04.03.2025;09:13:10.528;ASM SI 20250321 PS AM P 660.00 0;SIMPLE_INSTRUMENT;BLOCK;EUR;1;16.24000000;300;PRC_DECOMP_EXCHANGE;;;;XEUR;12432580;107;EXCHANGE
04.03.2025;16:05:08.279;ASM SI 20250620 PS AM P 640.00 0;SIMPLE_INSTRUMENT;BLOCK;EUR;21;43.21000000;150;EXCHANGE_LAST;;1;1;XEUR;7898589;107;
04.03.2025;09:30:29.633;B2NP SI 20261218 CS;SIMPLE_INSTRUMENT;BLOCK;EUR;1;4.82000000;100;EXCHANGE_LAST;;1;1;XEUR;6798320;131;
04.03.2025;11:17:11.967;B2NP SI 20251219 CS;SIMPLE_INSTRUMENT;BLOCK;EUR;17;7.37000000;350;EXCHANGE_LAST;;1;1;XEUR;5914355;131;
04.03.2025;09:36:59.799;BAEN.O.250304.RBER.000001;STANDARD_OPTION_STRATEGY;BLOCK;CHF;7;-0.70000000;500;EXCHANGE_LAST;;1;1;XEUR;72058276937746726;159;
04.03.2025;09:36:59.799;BAEN SI 20250919 PS AM P 38.00 0;SIMPLE_INSTRUMENT;BLOCK;CHF;7;0.35000000;1000;PRC_DECOMP_EXCHANGE;;;;XEUR;11872937;159;EXCHANGE
04.03.2025;09:36:59.799;BAEN SI 20250919 PS AM P 50.00 0;SIMPLE_INSTRUMENT;BLOCK;CHF;7;1.40000000;500;PRC_DECOMP_EXCHANGE;;;;XEUR;11872948;159;EXCHANGE
04.03.2025;13:46:42.517;BAEN SI 20250620 PS AM P 36.00 0;SIMPLE_INSTRUMENT;BLOCK;CHF;45;0.17000000;850;EXCHANGE_LAST;;1;1;XEUR;7899014;159;
04.03.2025;16:46:30.471;BAEN SI 20261218 PS AM C 68.00 0;SIMPLE_INSTRUMENT;BLOCK;CHF;64;4.10000000;600;EXCHANGE_LAST;;1;1;XEUR;7153567;159;
04.03.2025;12:01:56.187;BARN SI 20250417 PS AM C 1220.00 0;SIMPLE_INSTRUMENT;BLOCK;CHF;30;21.17000000;500;EXCHANGE_LAST;;1;1;XEUR;12615042;149;
04.03.2025;10:21:04.416;BAS SI 20251219 PS AM P 34.00 0;SIMPLE_INSTRUMENT;BLOCK;EUR;4;0.81000000;700;EXCHANGE_LAST;;1;1;XEUR;12433142;150;
04.03.2025;09:32:28.328;BAY SI 20250321 PS AM P 22.00 0;SIMPLE_INSTRUMENT;BLOCK;EUR;2;0.56000000;2000;EXCHANGE_LAST;;1;1;XEUR;10831467;168;
04.03.2025;10:28:28.529;BAY.O.250304.BUL.000018;STANDARD_OPTION_STRATEGY;BLOCK;EUR;5;0.71000000;20000;EXCHANGE_LAST;;3;1;XEUR;72058315592508967;168;
04.03.2025;10:28:28.529;BAY SI 20250620 PS AM C 24.00 0;SIMPLE_INSTRUMENT;BLOCK;EUR;5;2.10000000;20000;PRC_DECOMP_EXCHANGE;;;;XEUR;8112550;168;EXCHANGE
04.03.2025;10:28:28.529;BAY SI 20250620 PS AM C 26.00 0;SIMPLE_INSTRUMENT;BLOCK;EUR;5;1.39000000;20000;PRC_DECOMP_EXCHANGE;;;;XEUR;10324700;168;EXCHANGE
04.03.2025;11:14:06.028;BAY.O.250304.BLT.000024;STANDARD_OPTION_STRATEGY;BLOCK;EUR;7;0.67000000;10000;EXCHANGE_LAST;;1;3;XEUR;72058315592508973;168;
04.03.2025;11:14:06.028;BAY SI 20250620 PS AM C 26.00 0;SIMPLE_INSTRUMENT;BLOCK;EUR;7;1.51000000;10000;PRC_DECOMP_EXCHANGE;;;;XEUR;10324700;168;EXCHANGE
04.03.2025;11:14:06.028;BAY SI 20250417 PS AM C 26.00 0;SIMPLE_INSTRUMENT;BLOCK;EUR;7;0.84000000;10000;PRC_DECOMP_EXCHANGE;;;;XEUR;12615434;168;EXCHANGE
04.03.2025;14:00:34.932;BAY SI 20250321 PS AM P 22.00 0;SIMPLE_INSTRUMENT;BLOCK;EUR;10;0.54000000;5000;EXCHANGE_LAST;;1;1;XEUR;10831467;168;
04.03.2025;14:01:08.841;BAY SI 20250321 PS AM P 20.00 0;SIMPLE_INSTRUMENT;BLOCK;EUR;11;0.16000000;5000;EXCHANGE_LAST;;1;1;XEUR;10831440;168;
04.03.2025;14:29:41.040;BAY SI 20250321 PS AM C 26.00 0;SIMPLE_INSTRUMENT;BLOCK;EUR;12;0.55000000;4000;EXCHANGE_LAST;;1;1;XEUR;10831479;168;
04.03.2025;15:36:31.343;BAY SI 20250321 PS AM C 23.00 0;SIMPLE_INSTRUMENT;BLOCK;EUR;13;1.80000000;625;EXCHANGE_LAST;;1;1;XEUR;11234147;168;
04.03.2025;08:41:53.084;BCVN SI 20250919 PS AM P 72.00 0;SIMPLE_INSTRUMENT;BLOCK;CHF;2;0.70000000;500;EXCHANGE_LAST;;1;1;XEUR;11873736;185;
04.03.2025;09:52:14.014;BGNF SI 20250320 CS;SIMPLE_INSTRUMENT;BLOCK;EUR;2;49.80000000;1300;EXCHANGE_LAST;;1;1;XEUR;10690905;626574;
04.03.2025;14:36:45.323;BMW SI 20250321 PS AM C 86.00 0;SIMPLE_INSTRUMENT;BLOCK;EUR;23;1.40000000;500;EXCHANGE_LAST;;1;1;XEUR;12434890;210;
04.03.2025;10:58:54.109;BMWF SI 20250321 CS;SIMPLE_INSTRUMENT;BLOCK;EUR;15;80.23300000;1000;EXCHANGE_LAST;;1;1;XEUR;10695616;239;
04.03.2025;10:33:54.204;BNP SI 20271217 PS AM P 60.00 0;SIMPLE_INSTRUMENT;BLOCK;EUR;6;8.82000000;2000;EXCHANGE_LAST;;1;1;XEUR;8776307;237;
04.03.2025;11:12:44.999;BNP FI 20250331 PS EU P 58.0000 0;FLEXIBLE_INSTRUMENT;BLOCK;EUR;11;0.05000000;2500;EXCHANGE_LAST;;1;1;XEUR;1152922522514107446;237;
04.03.2025;14:30:52.089;BNP.O.250304.BER.000007;STANDARD_OPTION_STRATEGY;BLOCK;EUR;13;2.63000000;2000;EXCHANGE_LAST;;1;1;XEUR;72058611945200036;237;
04.03.2025;14:30:52.089;BNP SI 20250620 PS AM P 70.00 0;SIMPLE_INSTRUMENT;BLOCK;EUR;13;4.81000000;2000;PRC_DECOMP_EXCHANGE;;;;XEUR;12372384;237;EXCHANGE
04.03.2025;14:30:52.089;BNP SI 20250620 PS AM P 64.00 0;SIMPLE_INSTRUMENT;BLOCK;EUR;13;2.18000000;2000;PRC_DECOMP_EXCHANGE;;;;XEUR;8114380;237;EXCHANGE
04.03.2025;16:18:44.522;BNP SI 20291221 PS AM P 56.00 0;SIMPLE_INSTRUMENT;BLOCK;EUR;19;10.20000000;1000;EXCHANGE_LAST;;1;1;XEUR;12435621;237;
04.03.2025;13:09:47.231;BPV.O.250304.COMBO.000001;STANDARD_OPTION_STRATEGY;BLOCK;EUR;12;0.03000000;10000;EXCHANGE_LAST;;1;2;XEUR;72058672074719308;251;
04.03.2025;13:09:47.231;BPV SI 20250918 PS AM C 10.00 0;SIMPLE_INSTRUMENT;BLOCK;EUR;12;0.39900000;10000;PRC_DECOMP_EXCHANGE;;;;XEUR;11863004;251;EXCHANGE
04.03.2025;13:09:47.231;BPV SI 20250918 PS AM P 8.00 0;SIMPLE_INSTRUMENT;BLOCK;EUR;12;0.42900000;10000;PRC_DECOMP_EXCHANGE;;;;XEUR;11862996;251;EXCHANGE
04.03.2025;15:17:18.266;BPV.O.250304.COMBO.000001;STANDARD_OPTION_STRATEGY;BLOCK;EUR;16;0.03000000;2000;EXCHANGE_LAST;;1;1;XEUR;72058672074719308;251;
04.03.2025;15:17:18.266;BPV SI 20250918 PS AM P 8.00 0;SIMPLE_INSTRUMENT;BLOCK;EUR;16;0.44300000;2000;PRC_DECOMP_EXCHANGE;;;;XEUR;11862996;251;EXCHANGE
04.03.2025;15:17:18.266;BPV SI 20250918 PS AM C 10.00 0;SIMPLE_INSTRUMENT;BLOCK;EUR;16;0.41300000;2000;PRC_DECOMP_EXCHANGE;;;;XEUR;11863004;251;EXCHANGE
04.03.2025;15:32:33.852;BPV FI 20251016 PS AM P 8.0000 0;FLEXIBLE_INSTRUMENT;BLOCK;EUR;17;0.50000000;12000;EXCHANGE_LAST;;1;1;XEUR;1152922582643638280;251;
04.03.2025;15:33:04.479;BPV FI 20251016 PS AM C 10.0000 0;FLEXIBLE_INSTRUMENT;BLOCK;EUR;18;0.47000000;12000;EXCHANGE_LAST;;1;1;XEUR;1152922582643638281;251;
04.03.2025;16:56:49.545;BRBF SI 20251219 CS;SIMPLE_INSTRUMENT;BLOCK;GBX;102;1112.98140000;49;EXCHANGE_LAST;;1;1;XEUR;8674444;249;
04.03.2025;13:08:49.534;C3AR SI 20261218 CS;SIMPLE_INSTRUMENT;BLOCK;EUR;32;0.88000000;1000;EXCHANGE_LAST;;2;1;XEUR;6799833;256;
04.03.2025;13:35:07.935;C3AR SI 20261218 CS;SIMPLE_INSTRUMENT;BLOCK;EUR;35;0.88000000;500;EXCHANGE_LAST;;1;2;XEUR;6799833;256;
04.03.2025;12:54:23.581;C4RI SI 20251219 CS;SIMPLE_INSTRUMENT;BLOCK;EUR;28;2.80000000;350;EXCHANGE_LAST;;1;1;XEUR;5914459;50862;
04.03.2025;12:52:53.674;C4RI SI 20271217 CS;SIMPLE_INSTRUMENT;BLOCK;EUR;29;2.69000000;150;EXCHANGE_LAST;;1;1;XEUR;8408414;50862;
04.03.2025;14:03:07.729;C4RI SI 20261218 CS;SIMPLE_INSTRUMENT;BLOCK;EUR;43;2.88000000;300;EXCHANGE_LAST;;1;1;XEUR;6821680;50862;
04.03.2025;14:56:30.126;CBK SI 20260619 PS AM P 18.00 0;SIMPLE_INSTRUMENT;BLOCK;EUR;30;1.98000000;1250;EXCHANGE_LAST;;1;1;XEUR;9542141;268;
04.03.2025;14:55:57.206;CBK SI 20260619 PS AM P 18.00 0;SIMPLE_INSTRUMENT;BLOCK;EUR;31;1.99000000;1250;EXCHANGE_LAST;;1;1;XEUR;9542141;268;
04.03.2025;14:10:15.672;CFR SI 20250321 PS AM P 176.00 0;SIMPLE_INSTRUMENT;BLOCK;CHF;46;2.70000000;1600;EXCHANGE_LAST;;1;1;XEUR;12607492;313;
04.03.2025;14:10:46.673;CFR SI 20250321 PS AM P 166.00 0;SIMPLE_INSTRUMENT;BLOCK;CHF;47;0.70000000;1600;EXCHANGE_LAST;;1;1;XEUR;12607516;313;
04.03.2025;14:11:16.329;CFR SI 20250321 PS AM C 190.00 0;SIMPLE_INSTRUMENT;BLOCK;CHF;48;1.45000000;1600;EXCHANGE_LAST;;1;1;XEUR;10834928;313;
04.03.2025;14:53:04.273;CLN.O.250304.BR13.000002;STANDARD_OPTION_STRATEGY;BLOCK;CHF;56;0.17000000;2000;EXCHANGE_LAST;;1;1;XEUR;72058865348265388;296;
04.03.2025;14:53:04.273;CLN SI 20260619 PS AM P 8.00 0;SIMPLE_INSTRUMENT;BLOCK;CHF;56;0.55000000;6000;PRC_DECOMP_EXCHANGE;;;;XEUR;9542931;296;EXCHANGE
04.03.2025;14:53:04.273;CLN SI 20260619 PS AM P 10.00 0;SIMPLE_INSTRUMENT;BLOCK;CHF;56;1.48000000;2000;PRC_DECOMP_EXCHANGE;;;;XEUR;9542925;296;EXCHANGE
04.03.2025;13:00:58.414;D3AI SI 20261218 CS;SIMPLE_INSTRUMENT;BLOCK;EUR;30;3.38000000;50;EXCHANGE_LAST;;1;1;XEUR;7144051;443197;
04.03.2025;13:48:43.899;D3AI SI 20251219 CS;SIMPLE_INSTRUMENT;BLOCK;EUR;36;4.28000000;950;EXCHANGE_LAST;;4;2;XEUR;7144062;443197;
04.03.2025;15:28:13.985;D4BK SI 20261218 CS;SIMPLE_INSTRUMENT;BLOCK;EUR;63;0.97000000;1000;EXCHANGE_LAST;;1;4;XEUR;4632322;51565;
04.03.2025;09:27:45.314;DAI SI 20250620 PS AM P 60.00 0;SIMPLE_INSTRUMENT;BLOCK;EUR;1;6.25000000;1721;EXCHANGE_LAST;;1;1;XEUR;7934298;443196;
04.03.2025;09:28:39.408;DAI SI 20250620 PS AM C 60.00 0;SIMPLE_INSTRUMENT;BLOCK;EUR;2;2.70000000;1721;EXCHANGE_LAST;;1;1;XEUR;7934293;443196;
04.03.2025;12:58:03.130;DAI SI 20251219 PS AM P 56.00 0;SIMPLE_INSTRUMENT;BLOCK;EUR;18;5.72000000;4000;EXCHANGE_LAST;;3;1;XEUR;7349881;443196;
04.03.2025;16:30:04.204;DAI SI 20250321 PS AM P 48.00 0;SIMPLE_INSTRUMENT;BLOCK;EUR;30;0.17000000;2000;EXCHANGE_LAST;;1;1;XEUR;10884507;443196;
04.03.2025;10:11:57.809;DBK SI 20271217 PS AM P 19.00 0;SIMPLE_INSTRUMENT;BLOCK;EUR;5;3.77000000;3000;EXCHANGE_LAST;;1;1;XEUR;11094265;362;
04.03.2025;10:29:27.609;DBK SI 20250321 PS AM C 12.00 0;SIMPLE_INSTRUMENT;BLOCK;EUR;10;8.32000000;7000;EXCHANGE_LAST;;1;1;XEUR;10835657;362;
04.03.2025;11:23:02.515;DBK SI 20251219 PS AM P 16.00 0;SIMPLE_INSTRUMENT;BLOCK;EUR;13;0.81000000;7600;EXCHANGE_LAST;;1;1;XEUR;5926092;362;
04.03.2025;11:22:43.384;DBK SI 20251219 PS AM P 16.00 0;SIMPLE_INSTRUMENT;BLOCK;EUR;14;0.84000000;4400;EXCHANGE_LAST;;1;1;XEUR;5926092;362;
04.03.2025;11:22:30.628;DBK SI 20251219 PS AM C 21.00 0;SIMPLE_INSTRUMENT;BLOCK;EUR;15;1.70000000;12000;EXCHANGE_LAST;;1;1;XEUR;11094188;362;
04.03.2025;13:28:25.000;DBK.O.250304.STD.000010;STANDARD_OPTION_STRATEGY;BLOCK;EUR;20;3.06000000;3000;EXCHANGE_LAST;;1;1;XEUR;72059148816160878;362;
04.03.2025;13:28:25.000;DBK SI 20250620 PS AM C 20.00 0;SIMPLE_INSTRUMENT;BLOCK;EUR;20;1.25000000;3000;PRC_DECOMP_EXCHANGE;;;;XEUR;8883288;362;EXCHANGE
04.03.2025;13:28:25.000;DBK SI 20250620 PS AM P 20.00 0;SIMPLE_INSTRUMENT;BLOCK;EUR;20;1.81000000;3000;PRC_DECOMP_EXCHANGE;;;;XEUR;8883282;362;EXCHANGE
04.03.2025;13:54:15.811;DBK SI 20251219 PS AM C 13.00 0;SIMPLE_INSTRUMENT;BLOCK;EUR;22;7.18000000;2700;EXCHANGE_LAST;;1;1;XEUR;12059331;362;
04.03.2025;10:28:50.837;DBKE SI 20251219 PS EU C 12.00 0;SIMPLE_INSTRUMENT;BLOCK;EUR;8;8.25000000;2800;EXCHANGE_LAST;;1;1;XEUR;5926143;411;
04.03.2025;10:29:12.479;DBKE SI 20251219 PS EU C 12.00 0;SIMPLE_INSTRUMENT;BLOCK;EUR;9;8.23000000;4200;EXCHANGE_LAST;;1;1;XEUR;5926143;411;
04.03.2025;13:54:27.555;DBKE SI 20251219 PS EU C 13.00 0;SIMPLE_INSTRUMENT;BLOCK;EUR;23;7.00000000;2700;EXCHANGE_LAST;;1;1;XEUR;12438529;411;
04.03.2025;11:30:44.600;DPW SI 20251219 PS AM C 40.00 0;SIMPLE_INSTRUMENT;BLOCK;EUR;9;1.93000000;2500;EXCHANGE_LAST;;1;1;XEUR;5926789;445;
04.03.2025;14:05:29.491;DPW SI 20251219 PS AM P 40.00 0;SIMPLE_INSTRUMENT;BLOCK;EUR;18;5.23000000;1000;EXCHANGE_LAST;;1;1;XEUR;5926790;445;
04.03.2025;11:16:04.678;DTE SI 20250516 PS AM P 35.00 0;SIMPLE_INSTRUMENT;BLOCK;EUR;6;1.51000000;3000;EXCHANGE_LAST;;1;1;XEUR;12817649;424;
04.03.2025;12:09:39.753;DTE SI 20251219 PS AM P 30.00 0;SIMPLE_INSTRUMENT;BLOCK;EUR;10;0.81000000;1500;EXCHANGE_LAST;;1;1;XEUR;12052911;424;
04.03.2025;08:48:02.425;DUFN SI 20250620 PS AM P 28.00 0;SIMPLE_INSTRUMENT;BLOCK;CHF;3;0.20000000;1000;EXCHANGE_LAST;;1;1;XEUR;9544826;418;
04.03.2025;16:01:58.981;E2NT SI 20271217 CS;SIMPLE_INSTRUMENT;BLOCK;EUR;80;0.92000000;850;EXCHANGE_LAST;;1;1;XEUR;5914575;470;
04.03.2025;16:09:03.816;E2NT SI 20271217 CS;SIMPLE_INSTRUMENT;BLOCK;EUR;82;0.92000000;842;EXCHANGE_LAST;;1;1;XEUR;5914575;470;
04.03.2025;14:21:15.005;EMM.O.250304.STD.000001;STANDARD_OPTION_STRATEGY;BLOCK;CHF;50;70.00000000;100;EXCHANGE_LAST;;1;1;XEUR;72379441707225136;74936;
04.03.2025;14:21:15.005;EMM SI 20250620 PS AM P 840.00 0;SIMPLE_INSTRUMENT;BLOCK;CHF;50;42.92000000;100;PRC_DECOMP_EXCHANGE;;;;XEUR;11391834;74936;EXCHANGE
04.03.2025;14:21:15.005;EMM SI 20250620 PS AM C 840.00 0;SIMPLE_INSTRUMENT;BLOCK;CHF;50;27.08000000;100;PRC_DECOMP_EXCHANGE;;;;XEUR;11391845;74936;EXCHANGE
04.03.2025;15:31:57.832;ENLH SI 20250320 CS;SIMPLE_INSTRUMENT;BLOCK;EUR;69;6.85930000;68000;EXCHANGE_LAST;;1;1;XEUR;10690796;524976;
04.03.2025;14:25:37.402;ENR SI 20250417 PS AM C 62.00 0;SIMPLE_INSTRUMENT;BLOCK;EUR;19;1.80000000;5000;EXCHANGE_LAST;;1;1;XEUR;12650617;298530;
04.03.2025;14:24:22.615;ENR SI 20250417 PS AM C 72.00 0;SIMPLE_INSTRUMENT;BLOCK;EUR;20;0.58000000;7500;EXCHANGE_LAST;;1;1;XEUR;12686225;298530;
04.03.2025;14:41:48.988;ENR SI 20250321 PS AM C 70.00 0;SIMPLE_INSTRUMENT;BLOCK;EUR;23;0.15000000;9700;EXCHANGE_LAST;;1;1;XEUR;12573860;298530;
04.03.2025;14:42:02.119;ENR SI 20250321 PS AM C 80.00 0;SIMPLE_INSTRUMENT;BLOCK;EUR;24;0.06000000;14550;EXCHANGE_LAST;;1;1;XEUR;12327352;298530;
04.03.2025;14:42:14.755;ENR SI 20250417 PS AM C 72.00 0;SIMPLE_INSTRUMENT;BLOCK;EUR;25;0.60000000;3638;EXCHANGE_LAST;;1;1;XEUR;12686225;298530;
04.03.2025;14:42:26.546;ENR SI 20250417 PS AM C 62.00 0;SIMPLE_INSTRUMENT;BLOCK;EUR;26;1.84000000;2425;EXCHANGE_LAST;;1;1;XEUR;12650617;298530;
04.03.2025;14:52:23.733;ENR SI 20251219 PS AM C 68.00 0;SIMPLE_INSTRUMENT;BLOCK;EUR;27;6.45000000;750;EXCHANGE_LAST;;1;1;XEUR;12021160;298530;
04.03.2025;09:51:23.176;ENT5.O.250304.STD.000001;STANDARD_OPTION_STRATEGY;BLOCK;EUR;4;0.48000000;500;EXCHANGE_LAST;;1;1;XEUR;72059728636684229;497;
04.03.2025;09:51:23.176;ENT5 SI 20250320 PS AM P 13.50 0;SIMPLE_INSTRUMENT;BLOCK;EUR;4;0.27750000;500;PRC_DECOMP_EXCHANGE;;;;XEUR;11980885;497;EXCHANGE
04.03.2025;09:51:23.176;ENT5 SI 20250320 PS AM C 13.50 0;SIMPLE_INSTRUMENT;BLOCK;EUR;4;0.20250000;500;PRC_DECOMP_EXCHANGE;;;;XEUR;11980884;497;EXCHANGE
04.03.2025;09:52:59.571;ENTH SI 20250417 CS;SIMPLE_INSTRUMENT;BLOCK;EUR;3;13.30000000;1000;EXCHANGE_LAST;;1;1;XEUR;10826279;524973;
04.03.2025;15:27:10.639;EOA SI 20250919 PS AM P 12.00 0;SIMPLE_INSTRUMENT;BLOCK;EUR;26;0.67000000;2500;EXCHANGE_LAST;;1;1;XEUR;11908975;49065;
04.03.2025;15:27:19.875;EOA SI 20250919 PS AM P 12.00 0;SIMPLE_INSTRUMENT;BLOCK;EUR;27;0.68000000;2500;EXCHANGE_LAST;;1;1;XEUR;11908975;49065;
04.03.2025;11:25:30.782;F3IA SI 20261218 CS;SIMPLE_INSTRUMENT;BLOCK;EUR;18;0.56500000;650;EXCHANGE_LAST;;2;1;XEUR;6830373;390387;
04.03.2025;16:28:37.172;F3IA SI 20261218 CS;SIMPLE_INSTRUMENT;BLOCK;EUR;85;0.52000000;2400;EXCHANGE_LAST;;5;2;XEUR;6830373;390387;
04.03.2025;16:36:01.439;F3IA SI 20261218 CS;SIMPLE_INSTRUMENT;BLOCK;EUR;91;0.50000000;1100;EXCHANGE_LAST;;1;1;XEUR;6830373;390387;
04.03.2025;16:40:27.969;F3IA SI 20261218 CS;SIMPLE_INSTRUMENT;BLOCK;EUR;93;0.50000000;500;EXCHANGE_LAST;;1;1;XEUR;6830373;390387;
04.03.2025;16:58:04.861;F3IA SI 20261218 CS;SIMPLE_INSTRUMENT;BLOCK;EUR;104;0.50000000;900;EXCHANGE_LAST;;1;1;XEUR;6830373;390387;
04.03.2025;17:16:54.907;F3IA SI 20271217 CS;SIMPLE_INSTRUMENT;BLOCK;EUR;108;0.51000000;2000;EXCHANGE_LAST;;2;1;XEUR;8422837;390387;
04.03.2025;16:29:51.789;F3TE SI 20251219 CS;SIMPLE_INSTRUMENT;BLOCK;EUR;87;0.75000000;2250;EXCHANGE_LAST;;1;2;XEUR;6633903;390379;
04.03.2025;16:33:05.433;F3TE SI 20271217 CS;SIMPLE_INSTRUMENT;BLOCK;EUR;88;0.71000000;581;EXCHANGE_LAST;;1;1;XEUR;6633916;390379;
04.03.2025;08:15:45.558;FBTP SI 20250306 PS;SIMPLE_INSTRUMENT;EFP_FIN;EUR;1;120.37000000;1062;EXCHANGE_LAST;;1;1;XEUR;11286675;636;
04.03.2025;08:50:57.642;FBTP SI 20250306 PS;SIMPLE_INSTRUMENT;EFP_FIN;EUR;2;120.25000000;537;EXCHANGE_LAST;;1;1;XEUR;11286675;636;
04.03.2025;08:56:28.845;FBTP.S.MAR25.JUN25.SPD;FUTURES_SPREAD;BLOCK;EUR;3;0.37000000;350;EXCHANGE_LAST;;1;1;XEUR;72060325637128284;636;
04.03.2025;08:56:28.845;FBTP SI 20250306 PS;SIMPLE_INSTRUMENT;BLOCK;EUR;3;120.27000000;350;PRC_DECOMP_EXCHANGE;;;;XEUR;11286675;636;EXCHANGE
04.03.2025;08:56:28.845;FBTP SI 20250606 PS;SIMPLE_INSTRUMENT;BLOCK;EUR;3;119.90000000;350;PRC_DECOMP_EXCHANGE;;;;XEUR;11820365;636;EXCHANGE
04.03.2025;08:59:53.838;FBTP SI 20250306 PS;SIMPLE_INSTRUMENT;BLOCK;EUR;4;120.21000000;1168;EXCHANGE_LAST;;1;1;XEUR;11286675;636;
04.03.2025;09:00:07.238;FBTP SI 20250306 PS;SIMPLE_INSTRUMENT;BLOCK;EUR;5;120.30000000;1869;EXCHANGE_LAST;;1;1;XEUR;11286675;636;
04.03.2025;09:01:02.028;FBTP SI 20250606 PS;SIMPLE_INSTRUMENT;BLOCK;EUR;7;119.93000000;934;EXCHANGE_LAST;;1;1;XEUR;11820365;636;
04.03.2025;09:02:30.327;FBTP SI 20250606 PS;SIMPLE_INSTRUMENT;BLOCK;EUR;8;119.94000000;935;EXCHANGE_LAST;;1;1;XEUR;11820365;636;
04.03.2025;09:11:06.352;FBTP SI 20250306 PS;SIMPLE_INSTRUMENT;EFP_FIN;EUR;10;120.31000000;1343;EXCHANGE_LAST;;1;1;XEUR;11286675;636;
04.03.2025;09:17:33.965;FBTP SI 20250306 PS;SIMPLE_INSTRUMENT;BLOCK;EUR;11;120.31000000;895;EXCHANGE_LAST;;1;1;XEUR;11286675;636;
04.03.2025;09:21:28.606;FBTP SI 20250606 PS;SIMPLE_INSTRUMENT;EFP_FIN;EUR;12;119.87000000;286;EXCHANGE_LAST;;1;1;XEUR;11820365;636;
04.03.2025;09:40:48.449;FBTP SI 20250306 PS;SIMPLE_INSTRUMENT;EFP_FIN;EUR;13;120.20000000;693;EXCHANGE_LAST;;1;1;XEUR;11286675;636;
04.03.2025;09:50:10.615;FBTP SI 20250306 PS;SIMPLE_INSTRUMENT;EFP_FIN;EUR;14;120.41000000;448;EXCHANGE_LAST;;1;1;XEUR;11286675;636;
04.03.2025;09:50:44.531;FBTP SI 20250606 PS;SIMPLE_INSTRUMENT;BLOCK;EUR;15;119.88000000;2100;EXCHANGE_LAST;;1;1;XEUR;11820365;636;
04.03.2025;09:56:22.468;FBTP SI 20250306 PS;SIMPLE_INSTRUMENT;BLOCK;EUR;16;120.30000000;2102;EXCHANGE_LAST;;1;1;XEUR;11286675;636;
04.03.2025;10:01:55.904;FBTP SI 20250606 PS;SIMPLE_INSTRUMENT;EFP_FIN;EUR;17;119.90000000;240;EXCHANGE_LAST;;1;1;XEUR;11820365;636;
04.03.2025;10:04:11.412;FBTP.S.MAR25.JUN25.SPD;FUTURES_SPREAD;BLOCK;EUR;18;0.38000000;499;EXCHANGE_LAST;;1;1;XEUR;72060325637128284;636;
04.03.2025;10:04:11.412;FBTP SI 20250606 PS;SIMPLE_INSTRUMENT;BLOCK;EUR;18;119.89000000;499;PRC_DECOMP_EXCHANGE;;;;XEUR;11820365;636;EXCHANGE
04.03.2025;10:04:11.412;FBTP SI 20250306 PS;SIMPLE_INSTRUMENT;BLOCK;EUR;18;120.27000000;499;PRC_DECOMP_EXCHANGE;;;;XEUR;11286675;636;EXCHANGE
04.03.2025;10:09:40.281;FBTP.S.MAR25.JUN25.SPD;FUTURES_SPREAD;BLOCK;EUR;20;0.39000000;500;EXCHANGE_LAST;;1;1;XEUR;72060325637128284;636;
04.03.2025;10:09:40.281;FBTP SI 20250606 PS;SIMPLE_INSTRUMENT;BLOCK;EUR;20;119.86000000;500;PRC_DECOMP_EXCHANGE;;;;XEUR;11820365;636;EXCHANGE
04.03.2025;10:09:40.281;FBTP SI 20250306 PS;SIMPLE_INSTRUMENT;BLOCK;EUR;20;120.25000000;500;PRC_DECOMP_EXCHANGE;;;;XEUR;11286675;636;EXCHANGE
04.03.2025;10:31:58.208;FBTP SI 20250606 PS;SIMPLE_INSTRUMENT;EFP_FIN;EUR;21;119.88000000;645;EXCHANGE_LAST;;1;1;XEUR;11820365;636;
04.03.2025;10:50:30.902;FBTP SI 20250306 PS;SIMPLE_INSTRUMENT;EFP_FIN;EUR;22;120.24000000;1791;EXCHANGE_LAST;;1;1;XEUR;11286675;636;
04.03.2025;10:54:01.202;FBTP SI 20250606 PS;SIMPLE_INSTRUMENT;EFP_FIN;EUR;23;119.86000000;884;EXCHANGE_LAST;;1;1;XEUR;11820365;636;
04.03.2025;10:53:34.383;FBTP SI 20250306 PS;SIMPLE_INSTRUMENT;BLOCK;EUR;24;120.23000000;1336;EXCHANGE_LAST;;1;1;XEUR;11286675;636;
04.03.2025;10:53:47.554;FBTP SI 20250306 PS;SIMPLE_INSTRUMENT;EFP_FIN;EUR;25;120.24000000;571;EXCHANGE_LAST;;1;1;XEUR;11286675;636;
04.03.2025;10:55:56.828;FBTP SI 20250306 PS;SIMPLE_INSTRUMENT;BLOCK;EUR;26;120.21000000;318;EXCHANGE_LAST;;1;1;XEUR;11286675;636;
04.03.2025;10:56:12.755;FBTP SI 20250306 PS;SIMPLE_INSTRUMENT;EFP_FIN;EUR;27;120.26000000;130;EXCHANGE_LAST;;1;1;XEUR;11286675;636;
04.03.2025;10:57:20.831;FBTP SI 20250606 PS;SIMPLE_INSTRUMENT;BLOCK;EUR;28;119.82000000;318;EXCHANGE_LAST;;1;1;XEUR;11820365;636;
04.03.2025;11:04:33.014;FBTP SI 20250306 PS;SIMPLE_INSTRUMENT;BLOCK;EUR;29;120.20000000;1370;EXCHANGE_LAST;;1;1;XEUR;11286675;636;
04.03.2025;11:05:00.191;FBTP SI 20250606 PS;SIMPLE_INSTRUMENT;BLOCK;EUR;30;119.82000000;685;EXCHANGE_LAST;;1;1;XEUR;11820365;636;
04.03.2025;11:05:10.847;FBTP SI 20250606 PS;SIMPLE_INSTRUMENT;BLOCK;EUR;31;119.81000000;685;EXCHANGE_LAST;;1;1;XEUR;11820365;636;
04.03.2025;11:35:22.943;FBTP SI 20250306 PS;SIMPLE_INSTRUMENT;BLOCK;EUR;32;120.13000000;908;EXCHANGE_LAST;;1;1;XEUR;11286675;636;
04.03.2025;11:35:39.861;FBTP SI 20250606 PS;SIMPLE_INSTRUMENT;BLOCK;EUR;33;119.75000000;439;EXCHANGE_LAST;;1;1;XEUR;11820365;636;
04.03.2025;11:37:00.801;FBTP SI 20250606 PS;SIMPLE_INSTRUMENT;BLOCK;EUR;34;119.74000000;438;EXCHANGE_LAST;;1;1;XEUR;11820365;636;
04.03.2025;12:27:05.826;FBTP SI 20250606 PS;SIMPLE_INSTRUMENT;BLOCK;EUR;36;119.67000000;1000;EXCHANGE_LAST;;1;1;XEUR;11820365;636;
04.03.2025;12:44:06.039;FBTP SI 20250306 PS;SIMPLE_INSTRUMENT;EFP_FIN;EUR;37;120.08000000;214;EXCHANGE_LAST;;1;1;XEUR;11286675;636;
04.03.2025;12:45:38.347;FBTP SI 20250306 PS;SIMPLE_INSTRUMENT;EFP_FIN;EUR;38;120.14000000;498;EXCHANGE_LAST;;1;1;XEUR;11286675;636;
04.03.2025;13:04:10.224;FBTP SI 20250306 PS;SIMPLE_INSTRUMENT;EFP_FIN;EUR;39;120.13000000;186;EXCHANGE_LAST;;1;1;XEUR;11286675;636;
04.03.2025;13:05:41.744;FBTP SI 20250306 PS;SIMPLE_INSTRUMENT;EFP_FIN;EUR;40;120.10000000;223;EXCHANGE_LAST;;1;1;XEUR;11286675;636;
04.03.2025;13:06:45.750;FBTP SI 20250606 PS;SIMPLE_INSTRUMENT;BLOCK;EUR;41;119.70000000;1753;EXCHANGE_LAST;;1;1;XEUR;11820365;636;
04.03.2025;13:14:06.838;FBTP SI 20250306 PS;SIMPLE_INSTRUMENT;BLOCK;EUR;42;120.08000000;312;EXCHANGE_LAST;;1;1;XEUR;11286675;636;
04.03.2025;13:18:30.689;FBTP SI 20250606 PS;SIMPLE_INSTRUMENT;EFP_FIN;EUR;43;119.68000000;442;EXCHANGE_LAST;;1;1;XEUR;11820365;636;
04.03.2025;13:25:52.619;FBTP SI 20250306 PS;SIMPLE_INSTRUMENT;EFP_FIN;EUR;45;120.09000000;448;EXCHANGE_LAST;;1;1;XEUR;11286675;636;
04.03.2025;13:26:41.755;FBTP SI 20250306 PS;SIMPLE_INSTRUMENT;EFP_FIN;EUR;46;120.07000000;1791;EXCHANGE_LAST;;1;1;XEUR;11286675;636;
04.03.2025;13:30:02.333;FBTP SI 20250606 PS;SIMPLE_INSTRUMENT;EFP_FIN;EUR;47;119.69000000;89;EXCHANGE_LAST;;1;1;XEUR;11820365;636;
04.03.2025;13:45:44.005;FBTP SI 20250606 PS;SIMPLE_INSTRUMENT;EFP_FIN;EUR;49;119.78000000;442;EXCHANGE_LAST;;1;1;XEUR;11820365;636;
04.03.2025;13:45:55.497;FBTP.S.MAR25.JUN25.SPD;FUTURES_SPREAD;BLOCK;EUR;50;0.41000000;1770;EXCHANGE_LAST;;1;1;XEUR;72060325637128284;636;
04.03.2025;13:45:55.497;FBTP SI 20250306 PS;SIMPLE_INSTRUMENT;BLOCK;EUR;50;120.14000000;1770;PRC_DECOMP_EXCHANGE;;;;XEUR;11286675;636;EXCHANGE
04.03.2025;13:45:55.497;FBTP SI 20250606 PS;SIMPLE_INSTRUMENT;BLOCK;EUR;50;119.73000000;1770;PRC_DECOMP_EXCHANGE;;;;XEUR;11820365;636;EXCHANGE
04.03.2025;13:47:26.426;FBTP SI 20250606 PS;SIMPLE_INSTRUMENT;EFP_FIN;EUR;51;119.78000000;442;EXCHANGE_LAST;;1;1;XEUR;11820365;636;
04.03.2025;13:49:55.764;FBTP SI 20250306 PS;SIMPLE_INSTRUMENT;EFP_FIN;EUR;52;120.16000000;779;EXCHANGE_LAST;;1;1;XEUR;11286675;636;
04.03.2025;13:53:48.474;FBTP SI 20250306 PS;SIMPLE_INSTRUMENT;EFP_FIN;EUR;53;120.16000000;322;EXCHANGE_LAST;;1;1;XEUR;11286675;636;
04.03.2025;14:02:49.126;FBTP SI 20250306 PS;SIMPLE_INSTRUMENT;EFP_FIN;EUR;54;120.13000000;2238;EXCHANGE_LAST;;1;1;XEUR;11286675;636;
04.03.2025;14:05:12.817;FBTP SI 20250306 PS;SIMPLE_INSTRUMENT;EFP_FIN;EUR;55;120.11000000;928;EXCHANGE_LAST;;1;1;XEUR;11286675;636;
04.03.2025;14:07:07.957;FBTP SI 20250606 PS;SIMPLE_INSTRUMENT;EFP_FIN;EUR;56;119.70000000;133;EXCHANGE_LAST;;1;1;XEUR;11820365;636;
04.03.2025;14:07:41.987;FBTP SI 20250606 PS;SIMPLE_INSTRUMENT;EFP_FIN;EUR;57;120.05000000;884;EXCHANGE_LAST;;1;1;XEUR;11820365;636;
04.03.2025;14:10:52.220;FBTP SI 20250306 PS;SIMPLE_INSTRUMENT;BLOCK;EUR;58;120.07000000;627;EXCHANGE_LAST;;1;1;XEUR;11286675;636;
04.03.2025;14:18:57.595;FBTP SI 20250306 PS;SIMPLE_INSTRUMENT;BLOCK;EUR;59;120.07000000;448;EXCHANGE_LAST;;1;1;XEUR;11286675;636;
04.03.2025;14:20:42.532;FBTP SI 20250306 PS;SIMPLE_INSTRUMENT;BLOCK;EUR;60;119.85000000;2000;EXCHANGE_LAST;;1;1;XEUR;11286675;636;
04.03.2025;14:21:00.340;FBTP SI 20250606 PS;SIMPLE_INSTRUMENT;BLOCK;EUR;61;119.45000000;1000;EXCHANGE_LAST;;1;1;XEUR;11820365;636;
04.03.2025;14:21:08.383;FBTP SI 20250606 PS;SIMPLE_INSTRUMENT;BLOCK;EUR;62;119.46000000;1000;EXCHANGE_LAST;;1;1;XEUR;11820365;636;
04.03.2025;14:29:07.467;FBTP SI 20250606 PS;SIMPLE_INSTRUMENT;BLOCK;EUR;63;119.78000000;397;EXCHANGE_LAST;;1;1;XEUR;11820365;636;
04.03.2025;14:35:44.569;FBTP.S.MAR25.JUN25.SPD;FUTURES_SPREAD;BLOCK;EUR;64;0.39000000;1000;EXCHANGE_LAST;;1;1;XEUR;72060325637128284;636;
04.03.2025;14:35:44.569;FBTP SI 20250306 PS;SIMPLE_INSTRUMENT;BLOCK;EUR;64;120.04000000;1000;PRC_DECOMP_EXCHANGE;;;;XEUR;11286675;636;EXCHANGE
04.03.2025;14:35:44.569;FBTP SI 20250606 PS;SIMPLE_INSTRUMENT;BLOCK;EUR;64;119.65000000;1000;PRC_DECOMP_EXCHANGE;;;;XEUR;11820365;636;EXCHANGE
04.03.2025;14:36:58.095;FBTP SI 20250306 PS;SIMPLE_INSTRUMENT;EFP_FIN;EUR;65;119.96000000;437;EXCHANGE_LAST;;1;1;XEUR;11286675;636;
04.03.2025;14:54:28.789;FBTP SI 20250306 PS;SIMPLE_INSTRUMENT;BLOCK;EUR;66;119.96000000;2261;EXCHANGE_LAST;;1;1;XEUR;11286675;636;
04.03.2025;14:54:55.102;FBTP SI 20250606 PS;SIMPLE_INSTRUMENT;BLOCK;EUR;67;119.57000000;2261;EXCHANGE_LAST;;1;1;XEUR;11820365;636;
04.03.2025;14:57:58.293;FBTP SI 20250306 PS;SIMPLE_INSTRUMENT;EFP_FIN;EUR;68;119.94000000;450;EXCHANGE_LAST;;1;1;XEUR;11286675;636;
04.03.2025;15:11:26.417;FBTP SI 20250606 PS;SIMPLE_INSTRUMENT;EFP_FIN;EUR;69;119.96000000;805;EXCHANGE_LAST;;1;1;XEUR;11820365;636;
04.03.2025;15:12:08.519;FBTP SI 20250606 PS;SIMPLE_INSTRUMENT;EFP_FIN;EUR;70;119.59000000;884;EXCHANGE_LAST;;1;1;XEUR;11820365;636;
04.03.2025;15:14:11.550;FBTP SI 20250606 PS;SIMPLE_INSTRUMENT;BLOCK;EUR;71;119.60000000;442;EXCHANGE_LAST;;1;1;XEUR;11820365;636;
04.03.2025;15:13:48.273;FBTP SI 20250606 PS;SIMPLE_INSTRUMENT;BLOCK;EUR;72;119.59000000;884;EXCHANGE_LAST;;1;1;XEUR;11820365;636;
04.03.2025;15:25:03.335;FBTP SI 20250306 PS;SIMPLE_INSTRUMENT;EFP_FIN;EUR;73;120.02000000;288;EXCHANGE_LAST;;1;1;XEUR;11286675;636;
04.03.2025;15:31:49.869;FBTP SI 20250606 PS;SIMPLE_INSTRUMENT;EFP_FIN;EUR;74;119.63000000;884;EXCHANGE_LAST;;1;1;XEUR;11820365;636;
04.03.2025;15:34:11.172;FBTP SI 20250606 PS;SIMPLE_INSTRUMENT;BLOCK;EUR;75;119.58000000;1753;EXCHANGE_LAST;;1;1;XEUR;11820365;636;
04.03.2025;15:38:04.308;FBTP SI 20250306 PS;SIMPLE_INSTRUMENT;EFP_FIN;EUR;76;120.02000000;595;EXCHANGE_LAST;;1;1;XEUR;11286675;636;
04.03.2025;17:12:14.557;FBTP SI 20250306 PS;SIMPLE_INSTRUMENT;EFP_FIN;EUR;77;119.84000000;335;EXCHANGE_LAST;;1;1;XEUR;11286675;636;
04.03.2025;07:59:20.898;FBTS.S.MAR25.JUN25.SPD;FUTURES_SPREAD;BLOCK;EUR;1;0.14000000;473;EXCHANGE_LAST;;1;1;XEUR;72060338522030172;639;
04.03.2025;07:59:20.898;FBTS SI 20250306 PS;SIMPLE_INSTRUMENT;BLOCK;EUR;1;107.65000000;473;PRC_DECOMP_EXCHANGE;;;;XEUR;11286677;639;EXCHANGE
04.03.2025;07:59:20.898;FBTS SI 20250606 PS;SIMPLE_INSTRUMENT;BLOCK;EUR;1;107.51000000;473;PRC_DECOMP_EXCHANGE;;;;XEUR;11820367;639;EXCHANGE
04.03.2025;07:59:21.650;FBTS.S.MAR25.JUN25.SPD;FUTURES_SPREAD;BLOCK;EUR;2;0.13000000;473;EXCHANGE_LAST;;1;1;XEUR;72060338522030172;639;
04.03.2025;07:59:21.650;FBTS SI 20250606 PS;SIMPLE_INSTRUMENT;BLOCK;EUR;2;107.51000000;473;PRC_DECOMP_EXCHANGE;;;;XEUR;11820367;639;EXCHANGE
04.03.2025;07:59:21.650;FBTS SI 20250306 PS;SIMPLE_INSTRUMENT;BLOCK;EUR;2;107.64000000;473;PRC_DECOMP_EXCHANGE;;;;XEUR;11286677;639;EXCHANGE
04.03.2025;08:03:34.583;FBTS.S.MAR25.JUN25.SPD;FUTURES_SPREAD;BLOCK;EUR;3;0.13000000;2396;EXCHANGE_LAST;;1;1;XEUR;72060338522030172;639;
04.03.2025;08:03:34.583;FBTS SI 20250606 PS;SIMPLE_INSTRUMENT;BLOCK;EUR;3;107.51000000;2396;PRC_DECOMP_MEMBER;;;;XEUR;11820367;639;MEMBER
04.03.2025;08:03:34.583;FBTS SI 20250306 PS;SIMPLE_INSTRUMENT;BLOCK;EUR;3;107.64000000;2396;PRC_DECOMP_MEMBER;;;;XEUR;11286677;639;MEMBER
04.03.2025;08:06:17.653;FBTS.S.MAR25.JUN25.SPD;FUTURES_SPREAD;BLOCK;EUR;4;0.13000000;1200;EXCHANGE_LAST;;1;1;XEUR;72060338522030172;639;
04.03.2025;08:06:17.653;FBTS SI 20250606 PS;SIMPLE_INSTRUMENT;BLOCK;EUR;4;107.55000000;1200;PRC_DECOMP_MEMBER;;;;XEUR;11820367;639;MEMBER
04.03.2025;08:06:17.653;FBTS SI 20250306 PS;SIMPLE_INSTRUMENT;BLOCK;EUR;4;107.68000000;1200;PRC_DECOMP_MEMBER;;;;XEUR;11286677;639;MEMBER
04.03.2025;08:06:25.547;FBTS.S.MAR25.JUN25.SPD;FUTURES_SPREAD;BLOCK;EUR;5;0.14000000;1200;EXCHANGE_LAST;;1;1;XEUR;72060338522030172;639;
04.03.2025;08:06:25.547;FBTS SI 20250606 PS;SIMPLE_INSTRUMENT;BLOCK;EUR;5;107.55000000;1200;PRC_DECOMP_MEMBER;;;;XEUR;11820367;639;MEMBER
04.03.2025;08:06:25.547;FBTS SI 20250306 PS;SIMPLE_INSTRUMENT;BLOCK;EUR;5;107.69000000;1200;PRC_DECOMP_MEMBER;;;;XEUR;11286677;639;MEMBER
04.03.2025;08:14:43.418;FBTS SI 20250306 PS;SIMPLE_INSTRUMENT;EFP_FIN;EUR;6;107.69000000;908;EXCHANGE_LAST;;1;1;XEUR;11286677;639;
04.03.2025;08:23:27.865;FBTS SI 20250306 PS;SIMPLE_INSTRUMENT;BLOCK;EUR;8;107.70000000;418;EXCHANGE_LAST;;1;1;XEUR;11286677;639;
04.03.2025;08:23:40.250;FBTS.S.MAR25.JUN25.SPD;FUTURES_SPREAD;BLOCK;EUR;11;0.14000000;1000;EXCHANGE_LAST;;1;1;XEUR;72060338522030172;639;
04.03.2025;08:23:40.250;FBTS SI 20250606 PS;SIMPLE_INSTRUMENT;BLOCK;EUR;11;107.56000000;1000;PRC_DECOMP_EXCHANGE;;;;XEUR;11820367;639;EXCHANGE
04.03.2025;08:23:40.250;FBTS SI 20250306 PS;SIMPLE_INSTRUMENT;BLOCK;EUR;11;107.70000000;1000;PRC_DECOMP_EXCHANGE;;;;XEUR;11286677;639;EXCHANGE
04.03.2025;08:23:45.454;FBTS.S.MAR25.JUN25.SPD;FUTURES_SPREAD;BLOCK;EUR;12;0.13000000;1000;EXCHANGE_LAST;;1;1;XEUR;72060338522030172;639;
04.03.2025;08:23:45.454;FBTS SI 20250306 PS;SIMPLE_INSTRUMENT;BLOCK;EUR;12;107.69000000;1000;PRC_DECOMP_EXCHANGE;;;;XEUR;11286677;639;EXCHANGE
04.03.2025;08:23:45.454;FBTS SI 20250606 PS;SIMPLE_INSTRUMENT;BLOCK;EUR;12;107.56000000;1000;PRC_DECOMP_EXCHANGE;;;;XEUR;11820367;639;EXCHANGE
04.03.2025;08:24:14.226;FBTS SI 20250306 PS;SIMPLE_INSTRUMENT;BLOCK;EUR;13;107.70000000;908;EXCHANGE_LAST;;1;1;XEUR;11286677;639;
04.03.2025;08:29:38.348;FBTS SI 20250306 PS;SIMPLE_INSTRUMENT;EFP_FIN;EUR;19;107.68000000;1135;EXCHANGE_LAST;;1;1;XEUR;11286677;639;
04.03.2025;08:36:46.971;FBTS SI 20250306 PS;SIMPLE_INSTRUMENT;EFP_FIN;EUR;21;107.71000000;925;EXCHANGE_LAST;;1;1;XEUR;11286677;639;
04.03.2025;08:37:00.312;FBTS SI 20250306 PS;SIMPLE_INSTRUMENT;EFP_FIN;EUR;22;107.68000000;908;EXCHANGE_LAST;;1;1;XEUR;11286677;639;
04.03.2025;08:44:05.372;FBTS SI 20250306 PS;SIMPLE_INSTRUMENT;EFP_FIN;EUR;24;107.69000000;1135;EXCHANGE_LAST;;1;1;XEUR;11286677;639;
04.03.2025;09:11:00.262;FBTS SI 20250306 PS;SIMPLE_INSTRUMENT;EFP_FIN;EUR;28;107.67000000;2312;EXCHANGE_LAST;;1;1;XEUR;11286677;639;
04.03.2025;09:23:47.404;FBTS SI 20250306 PS;SIMPLE_INSTRUMENT;BLOCK;EUR;30;107.68000000;349;EXCHANGE_LAST;;1;1;XEUR;11286677;639;
04.03.2025;09:26:45.291;FBTS SI 20250306 PS;SIMPLE_INSTRUMENT;EFP_FIN;EUR;31;107.69000000;392;EXCHANGE_LAST;;1;1;XEUR;11286677;639;
04.03.2025;09:28:43.474;FBTS SI 20250306 PS;SIMPLE_INSTRUMENT;EFP_FIN;EUR;32;107.67000000;874;EXCHANGE_LAST;;1;1;XEUR;11286677;639;
04.03.2025;09:47:58.501;FBTS SI 20250306 PS;SIMPLE_INSTRUMENT;BLOCK;EUR;34;107.70000000;299;EXCHANGE_LAST;;1;1;XEUR;11286677;639;
04.03.2025;09:55:11.931;FBTS SI 20250306 PS;SIMPLE_INSTRUMENT;EFP_FIN;EUR;35;107.69000000;200;EXCHANGE_LAST;;1;1;XEUR;11286677;639;
04.03.2025;10:27:15.891;FBTS SI 20250306 PS;SIMPLE_INSTRUMENT;BLOCK;EUR;46;107.67000000;4923;EXCHANGE_LAST;;1;1;XEUR;11286677;639;
04.03.2025;10:27:01.891;FBTS SI 20250606 PS;SIMPLE_INSTRUMENT;BLOCK;EUR;47;107.54000000;2206;EXCHANGE_LAST;;1;1;XEUR;11820367;639;
04.03.2025;10:26:50.890;FBTS SI 20250606 PS;SIMPLE_INSTRUMENT;BLOCK;EUR;48;107.53000000;2206;EXCHANGE_LAST;;1;1;XEUR;11820367;639;
04.03.2025;10:40:39.001;FBTS SI 20250306 PS;SIMPLE_INSTRUMENT;EFP_FIN;EUR;59;107.68000000;1168;EXCHANGE_LAST;;1;1;XEUR;11286677;639;
04.03.2025;11:41:37.310;FBTS SI 20250306 PS;SIMPLE_INSTRUMENT;BLOCK;EUR;79;107.65000000;446;EXCHANGE_LAST;;1;1;XEUR;11286677;639;
04.03.2025;11:42:13.049;FBTS SI 20250606 PS;SIMPLE_INSTRUMENT;BLOCK;EUR;80;107.51000000;400;EXCHANGE_LAST;;1;1;XEUR;11820367;639;
04.03.2025;12:30:39.640;FBTS SI 20250306 PS;SIMPLE_INSTRUMENT;EFP_FIN;EUR;89;107.69000000;712;EXCHANGE_LAST;;1;1;XEUR;11286677;639;
04.03.2025;12:36:35.229;FBTS SI 20250306 PS;SIMPLE_INSTRUMENT;BLOCK;EUR;91;107.65000000;908;EXCHANGE_LAST;;1;1;XEUR;11286677;639;
04.03.2025;13:10:59.961;FBTS SI 20250606 PS;SIMPLE_INSTRUMENT;EFP_FIN;EUR;97;107.57000000;1428;EXCHANGE_LAST;;1;1;XEUR;11820367;639;
04.03.2025;13:16:14.967;FBTS SI 20250306 PS;SIMPLE_INSTRUMENT;BLOCK;EUR;98;107.70000000;1000;EXCHANGE_LAST;;1;1;XEUR;11286677;639;
04.03.2025;13:16:29.911;FBTS SI 20250306 PS;SIMPLE_INSTRUMENT;BLOCK;EUR;99;107.70000000;500;EXCHANGE_LAST;;1;1;XEUR;11286677;639;
04.03.2025;13:17:19.812;FBTS SI 20250606 PS;SIMPLE_INSTRUMENT;BLOCK;EUR;101;107.55000000;500;EXCHANGE_LAST;;1;1;XEUR;11820367;639;
04.03.2025;13:17:35.584;FBTS SI 20250606 PS;SIMPLE_INSTRUMENT;BLOCK;EUR;102;107.55000000;250;EXCHANGE_LAST;;1;1;XEUR;11820367;639;
04.03.2025;13:18:28.772;FBTS SI 20250606 PS;SIMPLE_INSTRUMENT;BLOCK;EUR;104;107.56000000;500;EXCHANGE_LAST;;1;1;XEUR;11820367;639;
04.03.2025;13:19:00.047;FBTS SI 20250606 PS;SIMPLE_INSTRUMENT;BLOCK;EUR;105;107.56000000;250;EXCHANGE_LAST;;1;1;XEUR;11820367;639;
04.03.2025;13:29:08.785;FBTS.S.MAR25.JUN25.SPD;FUTURES_SPREAD;BLOCK;EUR;111;0.14000000;900;EXCHANGE_LAST;;1;1;XEUR;72060338522030172;639;
04.03.2025;13:29:08.785;FBTS SI 20250606 PS;SIMPLE_INSTRUMENT;BLOCK;EUR;111;107.58000000;900;PRC_DECOMP_MEMBER;;;;XEUR;11820367;639;MEMBER
04.03.2025;13:29:08.785;FBTS SI 20250306 PS;SIMPLE_INSTRUMENT;BLOCK;EUR;111;107.72000000;900;PRC_DECOMP_MEMBER;;;;XEUR;11286677;639;MEMBER
04.03.2025;13:31:08.826;FBTS SI 20250606 PS;SIMPLE_INSTRUMENT;EFP_FIN;EUR;112;107.57000000;1075;EXCHANGE_LAST;;1;1;XEUR;11820367;639;
04.03.2025;13:53:46.252;FBTS SI 20250306 PS;SIMPLE_INSTRUMENT;BLOCK;EUR;114;107.71000000;3195;EXCHANGE_LAST;;1;1;XEUR;11286677;639;
04.03.2025;14:24:27.368;FBTS SI 20250606 PS;SIMPLE_INSTRUMENT;BLOCK;EUR;119;107.58000000;1428;EXCHANGE_LAST;;1;1;XEUR;11820367;639;
04.03.2025;15:00:04.586;FBTS SI 20250606 PS;SIMPLE_INSTRUMENT;BLOCK;EUR;126;107.59000000;952;EXCHANGE_LAST;;1;1;XEUR;11820367;639;
04.03.2025;15:35:36.129;FBTS SI 20250606 PS;SIMPLE_INSTRUMENT;EFP_FIN;EUR;132;107.59000000;362;EXCHANGE_LAST;;1;1;XEUR;11820367;639;
04.03.2025;16:01:15.351;FBTS SI 20250606 PS;SIMPLE_INSTRUMENT;EFP_FIN;EUR;135;107.60000000;590;EXCHANGE_LAST;;1;1;XEUR;11820367;639;
04.03.2025;16:05:03.498;FBTS SI 20250306 PS;SIMPLE_INSTRUMENT;BLOCK;EUR;136;107.70000000;698;EXCHANGE_LAST;;1;1;XEUR;11286677;639;
04.03.2025;16:05:51.339;FBTS SI 20250606 PS;SIMPLE_INSTRUMENT;BLOCK;EUR;137;107.56000000;313;EXCHANGE_LAST;;1;1;XEUR;11820367;639;
04.03.2025;16:06:00.176;FBTS SI 20250306 PS;SIMPLE_INSTRUMENT;BLOCK;EUR;138;107.70000000;182;EXCHANGE_LAST;;1;1;XEUR;11286677;639;
04.03.2025;16:06:00.602;FBTS SI 20250606 PS;SIMPLE_INSTRUMENT;BLOCK;EUR;139;107.57000000;313;EXCHANGE_LAST;;1;1;XEUR;11820367;639;
04.03.2025;16:09:21.604;FBTS SI 20250306 PS;SIMPLE_INSTRUMENT;BLOCK;EUR;140;107.70000000;1500;EXCHANGE_LAST;;1;1;XEUR;11286677;639;
04.03.2025;16:09:41.848;FBTS SI 20250606 PS;SIMPLE_INSTRUMENT;BLOCK;EUR;141;107.56000000;750;EXCHANGE_LAST;;1;1;XEUR;11820367;639;
04.03.2025;16:09:48.439;FBTS SI 20250606 PS;SIMPLE_INSTRUMENT;BLOCK;EUR;142;107.57000000;750;EXCHANGE_LAST;;1;1;XEUR;11820367;639;
04.03.2025;16:14:56.225;FBTS SI 20250306 PS;SIMPLE_INSTRUMENT;EFP_FIN;EUR;144;107.71000000;181;EXCHANGE_LAST;;1;1;XEUR;11286677;639;
04.03.2025;16:17:28.302;FBTS SI 20250306 PS;SIMPLE_INSTRUMENT;BLOCK;EUR;145;107.69000000;500;EXCHANGE_LAST;;1;1;XEUR;11286677;639;
04.03.2025;16:17:50.305;FBTS SI 20250606 PS;SIMPLE_INSTRUMENT;BLOCK;EUR;147;107.56000000;224;EXCHANGE_LAST;;1;1;XEUR;11820367;639;
04.03.2025;16:17:58.306;FBTS SI 20250606 PS;SIMPLE_INSTRUMENT;BLOCK;EUR;148;107.55000000;224;EXCHANGE_LAST;;1;1;XEUR;11820367;639;
04.03.2025;16:36:40.945;FBTS SI 20250306 PS;SIMPLE_INSTRUMENT;EFP_FIN;EUR;158;107.68000000;194;EXCHANGE_LAST;;1;1;XEUR;11286677;639;
04.03.2025;17:05:09.229;FBTS.S.MAR25.JUN25.SPD;FUTURES_SPREAD;BLOCK;EUR;163;0.12000000;560;EXCHANGE_LAST;;1;1;XEUR;72060338522030172;639;
04.03.2025;17:05:09.229;FBTS SI 20250306 PS;SIMPLE_INSTRUMENT;BLOCK;EUR;163;107.65000000;560;PRC_DECOMP_MEMBER;;;;XEUR;11286677;639;MEMBER
04.03.2025;17:05:09.229;FBTS SI 20250606 PS;SIMPLE_INSTRUMENT;BLOCK;EUR;163;107.53000000;560;PRC_DECOMP_MEMBER;;;;XEUR;11820367;639;MEMBER
04.03.2025;17:12:39.699;FBTS SI 20250606 PS;SIMPLE_INSTRUMENT;EFS;EUR;164;107.53000000;880;EXCHANGE_LAST;;1;1;XEUR;11820367;639;
04.03.2025;10:18:25.265;FCEU SI 20250317 PS;SIMPLE_INSTRUMENT;BLOCK;USD;2;1.05180000;105;EXCHANGE_LAST;;1;1;XEUR;9136240;369376;
04.03.2025;14:51:29.144;FCEU SI 20250317 PS;SIMPLE_INSTRUMENT;BLOCK;USD;8;1.05380000;686;EXCHANGE_LAST;;1;1;XEUR;9136240;369376;
04.03.2025;07:43:46.869;FCMU SI 20250317 CS;SIMPLE_INSTRUMENT;BLOCK;USD;1;0.04790000;200;EXCHANGE_LAST;;1;1;XEUR;11329545;570874;
04.03.2025;14:08:36.748;FCMU SI 20250317 CS;SIMPLE_INSTRUMENT;BLOCK;USD;7;0.04784000;150;EXCHANGE_LAST;;1;1;XEUR;11329545;570874;
04.03.2025;10:21:47.653;FCNS SI 20250317 PS;SIMPLE_INSTRUMENT;EFP_IDX;SEK;3;0.94090000;37;EXCHANGE_LAST;;1;1;XEUR;9136391;402911;
04.03.2025;10:21:48.071;FCNS SI 20250317 PS;SIMPLE_INSTRUMENT;EFP_IDX;SEK;4;0.94091000;3;EXCHANGE_LAST;;1;1;XEUR;9136391;402911;
04.03.2025;12:56:47.753;FCNS SI 20250317 PS;SIMPLE_INSTRUMENT;EFP_IDX;SEK;5;0.94150000;17;EXCHANGE_LAST;;1;1;XEUR;9136391;402911;
04.03.2025;12:56:48.168;FCNS SI 20250317 PS;SIMPLE_INSTRUMENT;EFP_IDX;SEK;6;0.94151000;23;EXCHANGE_LAST;;1;1;XEUR;9136391;402911;
04.03.2025;16:49:19.966;FDAX SI 20250321 CS;SIMPLE_INSTRUMENT;EFP_IDX;EUR;1;22361.00000000;85;EXCHANGE_LAST;;1;1;XEUR;7561255;589;
04.03.2025;16:49:25.804;FDAX SI 20250321 CS;SIMPLE_INSTRUMENT;EFP_IDX;EUR;2;22360.00000000;20;EXCHANGE_LAST;;1;1;XEUR;7561255;589;
04.03.2025;16:50:06.133;FDAX SI 20250321 CS;SIMPLE_INSTRUMENT;EFP_IDX;EUR;3;22360.00000000;5;EXCHANGE_LAST;;1;1;XEUR;7561255;589;
04.03.2025;16:50:13.456;FDAX SI 20250321 CS;SIMPLE_INSTRUMENT;EFP_IDX;EUR;4;22361.00000000;20;EXCHANGE_LAST;;1;1;XEUR;7561255;589;
04.03.2025;16:59:31.637;FDAX SI 20250321 CS;SIMPLE_INSTRUMENT;EFP_IDX;EUR;5;22361.00000000;88;EXCHANGE_LAST;;1;1;XEUR;7561255;589;
04.03.2025;16:59:39.542;FDAX SI 20250321 CS;SIMPLE_INSTRUMENT;EFP_IDX;EUR;6;22362.00000000;112;EXCHANGE_LAST;;1;1;XEUR;7561255;589;
04.03.2025;17:05:18.428;FDAX SI 20250321 CS;SIMPLE_INSTRUMENT;EFP_IDX;EUR;7;22361.00000000;44;EXCHANGE_LAST;;1;1;XEUR;7561255;589;
04.03.2025;17:04:59.566;FDAX SI 20250321 CS;SIMPLE_INSTRUMENT;EFP_IDX;EUR;8;22362.00000000;56;EXCHANGE_LAST;;1;1;XEUR;7561255;589;
04.03.2025;17:01:37.073;FDAX SI 20250321 CS;SIMPLE_INSTRUMENT;EFP_IDX;EUR;9;22361.00000000;29;EXCHANGE_LAST;;1;1;XEUR;7561255;589;
04.03.2025;17:01:44.316;FDAX SI 20250321 CS;SIMPLE_INSTRUMENT;EFP_IDX;EUR;10;22362.00000000;121;EXCHANGE_LAST;;1;1;XEUR;7561255;589;
04.03.2025;09:14:27.202;FDAX SI 20250321 CS;SIMPLE_INSTRUMENT;VOLA;EUR;671088646;22865.00000000;1;EXCHANGE_LAST;;1;1;XEUR;7561255;589;
04.03.2025;10:22:41.011;FDAX SI 20250321 CS;SIMPLE_INSTRUMENT;VOLA;EUR;671088651;22730.00000000;25;EXCHANGE_LAST;;1;1;XEUR;7561255;589;
04.03.2025;10:22:40.389;FDAX SI 20250321 CS;SIMPLE_INSTRUMENT;VOLA;EUR;671088652;22730.00000000;24;EXCHANGE_LAST;;1;1;XEUR;7561255;589;
04.03.2025;13:57:51.743;FDAX SI 20250321 CS;SIMPLE_INSTRUMENT;VOLA;EUR;671088664;22552.00000000;45;EXCHANGE_LAST;;1;1;XEUR;7561255;589;
04.03.2025;14:57:19.313;FDAX SI 20250321 CS;SIMPLE_INSTRUMENT;VOLA;EUR;671088668;22500.00000000;1;EXCHANGE_LAST;;1;1;XEUR;7561255;589;
04.03.2025;16:31:59.473;FDAX SI 20250321 CS;SIMPLE_INSTRUMENT;VOLA;EUR;671088676;22424.00000000;42;EXCHANGE_LAST;;1;1;XEUR;7561255;589;
04.03.2025;16:32:11.474;FDAX SI 20250321 CS;SIMPLE_INSTRUMENT;VOLA;EUR;671088677;22424.00000000;42;EXCHANGE_LAST;;1;1;XEUR;7561255;589;
04.03.2025;09:50:30.407;FEBD.S.DEC25.DEC26.SPD;FUTURES_SPREAD;BLOCK;EUR;11;0.72000000;2250;EXCHANGE_LAST;;3;2;XEUR;72060158133406997;597;
04.03.2025;09:50:30.407;FEBD SI 20261218 CS;SIMPLE_INSTRUMENT;BLOCK;EUR;11;10.38000000;2250;PRC_DECOMP_MEMBER;;;;XEUR;7158212;597;MEMBER
04.03.2025;09:50:30.407;FEBD SI 20251219 CS;SIMPLE_INSTRUMENT;BLOCK;EUR;11;11.10000000;2250;PRC_DECOMP_MEMBER;;;;XEUR;5914075;597;MEMBER
04.03.2025;10:48:30.656;FEBD SI 20271217 CS;SIMPLE_INSTRUMENT;BLOCK;EUR;16;9.50000000;1000;EXCHANGE_LAST;;1;1;XEUR;7776307;597;
04.03.2025;11:27:53.600;FEBD SI 20281215 CS;SIMPLE_INSTRUMENT;BLOCK;EUR;22;8.76000000;1000;EXCHANGE_LAST;;2;1;XEUR;7776305;597;
04.03.2025;12:51:15.386;FEBD SI 20281215 CS;SIMPLE_INSTRUMENT;BLOCK;EUR;30;8.78000000;500;EXCHANGE_LAST;;1;1;XEUR;7776305;597;
04.03.2025;12:53:01.973;FEBD SI 20251219 CS;SIMPLE_INSTRUMENT;BLOCK;EUR;31;11.11000000;500;EXCHANGE_LAST;;1;2;XEUR;5914075;597;
04.03.2025;15:03:39.023;FEBD.S.DEC26.DEC27.SPD;FUTURES_SPREAD;BLOCK;EUR;40;0.80000000;500;EXCHANGE_LAST;;1;1;XEUR;72060158133407010;597;
04.03.2025;15:03:39.023;FEBD SI 20271217 CS;SIMPLE_INSTRUMENT;BLOCK;EUR;40;9.54000000;500;PRC_DECOMP_EXCHANGE;;;;XEUR;7776307;597;EXCHANGE
04.03.2025;15:03:39.023;FEBD SI 20261218 CS;SIMPLE_INSTRUMENT;BLOCK;EUR;40;10.34000000;500;PRC_DECOMP_EXCHANGE;;;;XEUR;7158212;597;EXCHANGE
04.03.2025;16:39:08.753;FEBD SI 20261218 CS;SIMPLE_INSTRUMENT;BLOCK;EUR;56;10.35000000;630;EXCHANGE_LAST;;2;2;XEUR;7158212;597;
04.03.2025;08:53:02.989;FECX SI 20250321 CS;SIMPLE_INSTRUMENT;BLOCK;EUR;2;166.57000000;174;EXCHANGE_LAST;;1;1;XEUR;11427948;410158;
04.03.2025;15:30:34.818;FECX SI 20250321 CS;SIMPLE_INSTRUMENT;BLOCK;EUR;45;166.58000000;70;EXCHANGE_LAST;;1;1;XEUR;11427948;410158;
04.03.2025;13:56:11.211;FEDV SI 20250321 CS;SIMPLE_INSTRUMENT;BLOCK;EUR;38;1833.00000000;2000;EXCHANGE_LAST;;1;1;XEUR;11359068;596;
04.03.2025;15:13:17.008;FEDV SI 20250321 CS;SIMPLE_INSTRUMENT;BLOCK;EUR;43;1824.00000000;100;EXCHANGE_LAST;;1;1;XEUR;11359068;596;
04.03.2025;16:15:56.722;FES1 SI 20250321 PS;SIMPLE_INSTRUMENT;BLOCK;EUR;52;4.00000000;350;EXCHANGE_LAST;;1;1;XEUR;11391470;58959;
04.03.2025;12:07:54.488;FESB SI 20250321 CS;SIMPLE_INSTRUMENT;BLOCK;EUR;34;179.50000000;10000;EXCHANGE_LAST;;1;1;XEUR;11359072;605;
04.03.2025;12:38:05.942;FESB SI 20250321 CS;SIMPLE_INSTRUMENT;BLOCK;EUR;35;179.50000000;10000;EXCHANGE_LAST;;1;1;XEUR;11359072;605;
04.03.2025;12:43:27.700;FESB SI 20250321 CS;SIMPLE_INSTRUMENT;BLOCK;EUR;36;179.45000000;5000;EXCHANGE_LAST;;1;1;XEUR;11359072;605;
04.03.2025;13:03:52.058;FESB SI 20250321 CS;SIMPLE_INSTRUMENT;BLOCK;EUR;37;179.95000000;2200;EXCHANGE_LAST;;1;1;XEUR;11359072;605;
04.03.2025;15:17:27.002;FESB SI 20250321 CS;SIMPLE_INSTRUMENT;BLOCK;EUR;41;179.20000000;10000;EXCHANGE_LAST;;1;1;XEUR;11359072;605;
04.03.2025;15:29:51.164;FESB SI 20250321 CS;SIMPLE_INSTRUMENT;BLOCK;EUR;48;177.70000000;3402;EXCHANGE_LAST;;1;1;XEUR;11359072;605;
04.03.2025;16:36:12.209;FESB SI 20250321 CS;SIMPLE_INSTRUMENT;BLOCK;EUR;54;179.20000000;10000;EXCHANGE_LAST;;1;1;XEUR;11359072;605;
04.03.2025;17:04:47.830;FESB SI 20250321 CS;SIMPLE_INSTRUMENT;BLOCK;EUR;71;180.30000000;5729;EXCHANGE_LAST;;1;1;XEUR;11359072;605;
04.03.2025;10:55:03.598;FESB SI 20250321 CS;SIMPLE_INSTRUMENT;VOLA;EUR;603979796;179.00000000;1080;EXCHANGE_LAST;;1;1;XEUR;11359072;605;
04.03.2025;11:53:41.061;FESB SI 20250321 CS;SIMPLE_INSTRUMENT;VOLA;EUR;603979802;180.50000000;300;EXCHANGE_LAST;;1;1;XEUR;11359072;605;
04.03.2025;13:36:50.054;FESB SI 20250321 CS;SIMPLE_INSTRUMENT;VOLA;EUR;603979820;178.70000000;300;EXCHANGE_LAST;;1;1;XEUR;11359072;605;
04.03.2025;15:01:26.767;FESB SI 20250321 CS;SIMPLE_INSTRUMENT;VOLA;EUR;603979839;178.05000000;120;EXCHANGE_LAST;;1;1;XEUR;11359072;605;
04.03.2025;10:26:05.361;FESX SI 20250321 CS;SIMPLE_INSTRUMENT;BLOCK;EUR;1;5439.00000000;5000;EXCHANGE_LAST;;1;1;XEUR;7793482;675;
04.03.2025;11:06:09.392;FESX SI 20250321 CS;SIMPLE_INSTRUMENT;EFP_IDX;EUR;2;5440.00000000;1000;EXCHANGE_LAST;;1;1;XEUR;7793482;675;
04.03.2025;13:29:50.699;FESX SI 20250321 CS;SIMPLE_INSTRUMENT;BLOCK;EUR;3;5415.00000000;2260;EXCHANGE_LAST;;1;1;XEUR;7793482;675;
04.03.2025;14:57:36.761;FESX SI 20250321 CS;SIMPLE_INSTRUMENT;BLOCK;EUR;4;5400.00000000;4200;EXCHANGE_LAST;;1;1;XEUR;7793482;675;
04.03.2025;15:20:27.285;FESX SI 20250321 CS;SIMPLE_INSTRUMENT;BLOCK;EUR;5;5400.00000000;2520;EXCHANGE_LAST;;1;1;XEUR;7793482;675;
04.03.2025;16:07:31.092;FESX SI 20250321 CS;SIMPLE_INSTRUMENT;BLOCK;EUR;6;5400.00000000;10000;EXCHANGE_LAST;;1;1;XEUR;7793482;675;
04.03.2025;16:46:51.048;FESX SI 20250321 CS;SIMPLE_INSTRUMENT;EFP_IDX;EUR;7;5391.00000000;752;EXCHANGE_LAST;;1;1;XEUR;7793482;675;
04.03.2025;16:47:02.322;FESX SI 20250321 CS;SIMPLE_INSTRUMENT;EFP_IDX;EUR;8;5392.00000000;48;EXCHANGE_LAST;;1;1;XEUR;7793482;675;
04.03.2025;16:46:27.218;FESX SI 20250321 CS;SIMPLE_INSTRUMENT;EFP_IDX;EUR;9;5391.00000000;407;EXCHANGE_LAST;;1;1;XEUR;7793482;675;
04.03.2025;16:46:36.389;FESX SI 20250321 CS;SIMPLE_INSTRUMENT;EFP_IDX;EUR;10;5392.00000000;93;EXCHANGE_LAST;;1;1;XEUR;7793482;675;
04.03.2025;16:51:08.965;FESX SI 20250321 CS;SIMPLE_INSTRUMENT;EFP_IDX;EUR;11;5391.00000000;483;EXCHANGE_LAST;;1;1;XEUR;7793482;675;
04.03.2025;16:50:50.166;FESX SI 20250321 CS;SIMPLE_INSTRUMENT;EFP_IDX;EUR;12;5392.00000000;217;EXCHANGE_LAST;;1;1;XEUR;7793482;675;
04.03.2025;16:51:50.992;FESX SI 20250321 CS;SIMPLE_INSTRUMENT;EFP_IDX;EUR;13;5391.00000000;407;EXCHANGE_LAST;;1;1;XEUR;7793482;675;
04.03.2025;16:51:40.664;FESX SI 20250321 CS;SIMPLE_INSTRUMENT;EFP_IDX;EUR;14;5392.00000000;93;EXCHANGE_LAST;;1;1;XEUR;7793482;675;
04.03.2025;16:51:06.396;FESX SI 20250321 CS;SIMPLE_INSTRUMENT;EFP_IDX;EUR;15;5391.00000000;690;EXCHANGE_LAST;;1;1;XEUR;7793482;675;
04.03.2025;16:51:17.671;FESX SI 20250321 CS;SIMPLE_INSTRUMENT;EFP_IDX;EUR;16;5392.00000000;310;EXCHANGE_LAST;;1;1;XEUR;7793482;675;
04.03.2025;16:50:09.778;FESX SI 20250321 CS;SIMPLE_INSTRUMENT;EFP_IDX;EUR;17;5391.00000000;74;EXCHANGE_LAST;;1;1;XEUR;7793482;675;
04.03.2025;16:50:21.439;FESX SI 20250321 CS;SIMPLE_INSTRUMENT;EFP_IDX;EUR;18;5392.00000000;74;EXCHANGE_LAST;;1;1;XEUR;7793482;675;
04.03.2025;16:51:14.445;FESX SI 20250321 CS;SIMPLE_INSTRUMENT;EFP_IDX;EUR;19;5392.00000000;112;EXCHANGE_LAST;;1;1;XEUR;7793482;675;
04.03.2025;16:51:25.234;FESX SI 20250321 CS;SIMPLE_INSTRUMENT;EFP_IDX;EUR;20;5391.00000000;88;EXCHANGE_LAST;;1;1;XEUR;7793482;675;
04.03.2025;16:57:04.256;FESX SI 20250321 CS;SIMPLE_INSTRUMENT;BLOCK;EUR;21;5400.00000000;2000;EXCHANGE_LAST;;1;1;XEUR;7793482;675;
04.03.2025;16:53:36.405;FESX SI 20250321 CS;SIMPLE_INSTRUMENT;EFP_IDX;EUR;22;5391.00000000;64;EXCHANGE_LAST;;1;1;XEUR;7793482;675;
04.03.2025;16:54:05.499;FESX SI 20250321 CS;SIMPLE_INSTRUMENT;EFP_IDX;EUR;23;5392.00000000;79;EXCHANGE_LAST;;1;1;XEUR;7793482;675;
04.03.2025;16:56:33.807;FESX SI 20250321 CS;SIMPLE_INSTRUMENT;BLOCK;EUR;24;5391.00000000;3000;EXCHANGE_LAST;;1;1;XEUR;7793482;675;
04.03.2025;17:01:43.680;FESX SI 20250321 CS;SIMPLE_INSTRUMENT;EFP_IDX;EUR;25;5391.00000000;170;EXCHANGE_LAST;;1;1;XEUR;7793482;675;
04.03.2025;17:01:28.451;FESX SI 20250321 CS;SIMPLE_INSTRUMENT;EFP_IDX;EUR;26;5392.00000000;130;EXCHANGE_LAST;;1;1;XEUR;7793482;675;
04.03.2025;17:02:19.329;FESX SI 20250321 CS;SIMPLE_INSTRUMENT;EFP_IDX;EUR;27;5391.00000000;815;EXCHANGE_LAST;;1;1;XEUR;7793482;675;
04.03.2025;17:02:26.282;FESX SI 20250321 CS;SIMPLE_INSTRUMENT;EFP_IDX;EUR;28;5392.00000000;185;EXCHANGE_LAST;;1;1;XEUR;7793482;675;
04.03.2025;17:02:38.376;FESX SI 20250321 CS;SIMPLE_INSTRUMENT;EFP_IDX;EUR;29;5391.00000000;815;EXCHANGE_LAST;;1;1;XEUR;7793482;675;
04.03.2025;17:02:44.935;FESX SI 20250321 CS;SIMPLE_INSTRUMENT;EFP_IDX;EUR;30;5392.00000000;185;EXCHANGE_LAST;;1;1;XEUR;7793482;675;
04.03.2025;08:52:51.444;FESX SI 20250321 CS;SIMPLE_INSTRUMENT;VOLA;EUR;637534218;5480.00000000;98;EXCHANGE_LAST;;1;1;XEUR;7793482;675;
04.03.2025;08:56:21.078;FESX SI 20250321 CS;SIMPLE_INSTRUMENT;VOLA;EUR;637534222;5470.00000000;100;EXCHANGE_LAST;;1;1;XEUR;7793482;675;
04.03.2025;09:06:29.136;FESX SI 20250321 CS;SIMPLE_INSTRUMENT;VOLA;EUR;637534226;5475.00000000;1396;EXCHANGE_LAST;;1;1;XEUR;7793482;675;
04.03.2025;09:08:20.334;FESX SI 20250321 CS;SIMPLE_INSTRUMENT;VOLA;EUR;637534230;5460.00000000;708;EXCHANGE_LAST;;1;1;XEUR;7793482;675;
04.03.2025;09:26:51.496;FESX SI 20250321 CS;SIMPLE_INSTRUMENT;VOLA;EUR;637534251;5453.00000000;1133;EXCHANGE_LAST;;1;1;XEUR;7793482;675;
04.03.2025;09:34:24.226;FESX SI 20250321 CS;SIMPLE_INSTRUMENT;VOLA;EUR;637534255;5458.00000000;1313;EXCHANGE_LAST;;1;1;XEUR;7793482;675;
04.03.2025;10:08:11.611;FESX SI 20250321 CS;SIMPLE_INSTRUMENT;VOLA;EUR;637534270;5453.00000000;400;EXCHANGE_LAST;;1;1;XEUR;7793482;675;
04.03.2025;10:10:11.670;FESX SI 20250321 CS;SIMPLE_INSTRUMENT;VOLA;EUR;637534272;5450.00000000;751;EXCHANGE_LAST;;1;1;XEUR;7793482;675;
04.03.2025;10:17:12.389;FESX SI 20250321 CS;SIMPLE_INSTRUMENT;VOLA;EUR;637534281;5457.00000000;1111;EXCHANGE_LAST;;1;1;XEUR;7793482;675;
04.03.2025;10:28:42.834;FESX SI 20250321 CS;SIMPLE_INSTRUMENT;VOLA;EUR;637534287;5438.00000000;520;EXCHANGE_LAST;;1;1;XEUR;7793482;675;
04.03.2025;10:40:11.682;FESX SI 20250321 CS;SIMPLE_INSTRUMENT;VOLA;EUR;637534297;5439.00000000;432;EXCHANGE_LAST;;1;1;XEUR;7793482;675;
04.03.2025;10:56:49.037;FESX SI 20250321 CS;SIMPLE_INSTRUMENT;VOLA;EUR;637534305;5440.00000000;10;EXCHANGE_LAST;;1;1;XEUR;7793482;675;
04.03.2025;11:24:38.584;FESX SI 20250321 CS;SIMPLE_INSTRUMENT;VOLA;EUR;637534322;5440.00000000;700;EXCHANGE_LAST;;1;1;XEUR;7793482;675;
04.03.2025;11:51:34.071;FESX SI 20250321 CS;SIMPLE_INSTRUMENT;VOLA;EUR;637534346;5460.00000000;23;EXCHANGE_LAST;;1;1;XEUR;7793482;675;
04.03.2025;11:51:51.556;FESX SI 20250321 CS;SIMPLE_INSTRUMENT;VOLA;EUR;637534347;5432.00000000;960;EXCHANGE_LAST;;1;1;XEUR;7793482;675;
04.03.2025;12:17:11.840;FESX SI 20250321 CS;SIMPLE_INSTRUMENT;VOLA;EUR;637534360;5430.00000000;1360;EXCHANGE_LAST;;1;1;XEUR;7793482;675;
04.03.2025;14:24:52.575;FESX SI 20250321 CS;SIMPLE_INSTRUMENT;VOLA;EUR;637534412;5410.00000000;657;EXCHANGE_LAST;;1;1;XEUR;7793482;675;
04.03.2025;14:26:16.236;FESX SI 20250321 CS;SIMPLE_INSTRUMENT;VOLA;EUR;637534413;5410.00000000;657;EXCHANGE_LAST;;1;1;XEUR;7793482;675;
04.03.2025;15:41:54.903;FESX SI 20250321 CS;SIMPLE_INSTRUMENT;VOLA;EUR;637534456;5390.00000000;280;EXCHANGE_LAST;;1;1;XEUR;7793482;675;
04.03.2025;15:48:13.087;FESX SI 20250321 CS;SIMPLE_INSTRUMENT;VOLA;EUR;637534461;5400.00000000;430;EXCHANGE_LAST;;1;1;XEUR;7793482;675;
04.03.2025;16:18:42.689;FESX SI 20250321 CS;SIMPLE_INSTRUMENT;VOLA;EUR;637534474;5396.00000000;110;EXCHANGE_LAST;;1;1;XEUR;7793482;675;
04.03.2025;16:31:10.069;FESX SI 20250321 CS;SIMPLE_INSTRUMENT;VOLA;EUR;637534491;5404.00000000;90;EXCHANGE_LAST;;1;1;XEUR;7793482;675;
04.03.2025;08:40:42.182;FEXD SI 20251219 CS;SIMPLE_INSTRUMENT;BLOCK;EUR;1;165.80000000;350;EXCHANGE_LAST;;1;1;XEUR;1548120;693;
04.03.2025;08:53:13.737;FEXD SI 20261218 CS;SIMPLE_INSTRUMENT;BLOCK;EUR;3;157.80000000;156;EXCHANGE_LAST;;1;1;XEUR;2163053;693;
04.03.2025;09:09:42.748;FEXD SI 20271217 CS;SIMPLE_INSTRUMENT;BLOCK;EUR;4;152.40000000;125;EXCHANGE_LAST;;1;1;XEUR;2848338;693;
04.03.2025;09:09:47.801;FEXD SI 20281215 CS;SIMPLE_INSTRUMENT;BLOCK;EUR;5;148.30000000;125;EXCHANGE_LAST;;1;1;XEUR;3680985;693;
04.03.2025;09:47:44.329;FEXD.S.DEC27.DEC31.SPD;FUTURES_SPREAD;BLOCK;EUR;10;12.80000000;1500;EXCHANGE_LAST;;2;1;XEUR;72060570450264222;693;
04.03.2025;09:47:44.329;FEXD SI 20311219 CS;SIMPLE_INSTRUMENT;BLOCK;EUR;10;140.40000000;1500;PRC_DECOMP_EXCHANGE;;;;XEUR;7158547;693;EXCHANGE
04.03.2025;09:47:44.329;FEXD SI 20271217 CS;SIMPLE_INSTRUMENT;BLOCK;EUR;10;153.20000000;1500;PRC_DECOMP_EXCHANGE;;;;XEUR;2848338;693;EXCHANGE
04.03.2025;10:20:12.252;FEXD SI 20261218 CS;SIMPLE_INSTRUMENT;BLOCK;EUR;13;157.60000000;250;EXCHANGE_LAST;;1;1;XEUR;2163053;693;
04.03.2025;10:20:02.914;FEXD SI 20261218 CS;SIMPLE_INSTRUMENT;BLOCK;EUR;14;157.70000000;250;EXCHANGE_LAST;;1;1;XEUR;2163053;693;
04.03.2025;10:15:38.010;FEXD SI 20251219 CS;SIMPLE_INSTRUMENT;BLOCK;EUR;15;165.70000000;100;EXCHANGE_LAST;;1;1;XEUR;1548120;693;
04.03.2025;10:52:46.091;FEXD SI 20261218 CS;SIMPLE_INSTRUMENT;BLOCK;EUR;17;157.40000000;250;EXCHANGE_LAST;;1;1;XEUR;2163053;693;
04.03.2025;11:07:30.063;FEXD SI 20271217 CS;SIMPLE_INSTRUMENT;BLOCK;EUR;20;151.70000000;1000;EXCHANGE_LAST;;1;1;XEUR;2848338;693;
04.03.2025;11:08:03.562;FEXD SI 20291221 CS;SIMPLE_INSTRUMENT;BLOCK;EUR;21;144.50000000;1000;EXCHANGE_LAST;;1;1;XEUR;4631968;693;
04.03.2025;11:53:01.681;FEXD SI 20261218 CS;SIMPLE_INSTRUMENT;BLOCK;EUR;26;157.80000000;100;EXCHANGE_LAST;;1;1;XEUR;2163053;693;
04.03.2025;12:08:04.061;FEXD SI 20261218 CS;SIMPLE_INSTRUMENT;BLOCK;EUR;27;157.30000000;300;EXCHANGE_LAST;;1;1;XEUR;2163053;693;
04.03.2025;13:08:46.933;FEXD SI 20271217 CS;SIMPLE_INSTRUMENT;BLOCK;EUR;32;151.90000000;500;EXCHANGE_LAST;;1;1;XEUR;2848338;693;
04.03.2025;13:08:53.981;FEXD SI 20291221 CS;SIMPLE_INSTRUMENT;BLOCK;EUR;33;144.50000000;500;EXCHANGE_LAST;;1;1;XEUR;4631968;693;
04.03.2025;13:17:21.244;FEXD SI 20261218 CS;SIMPLE_INSTRUMENT;BLOCK;EUR;37;157.00000000;200;EXCHANGE_LAST;;1;1;XEUR;2163053;693;
04.03.2025;15:57:44.146;FEXD SI 20271217 CS;SIMPLE_INSTRUMENT;BLOCK;EUR;49;151.10000000;500;EXCHANGE_LAST;;1;1;XEUR;2848338;693;
04.03.2025;15:59:38.633;FEXD SI 20261218 CS;SIMPLE_INSTRUMENT;BLOCK;EUR;50;157.10000000;750;EXCHANGE_LAST;;1;1;XEUR;2163053;693;
04.03.2025;16:17:58.108;FEXD SI 20281215 CS;SIMPLE_INSTRUMENT;BLOCK;EUR;53;146.70000000;1250;EXCHANGE_LAST;;1;1;XEUR;3680985;693;
04.03.2025;16:19:24.775;FEXD SI 20250620 CS;SIMPLE_INSTRUMENT;BLOCK;EUR;54;129.40000000;925;EXCHANGE_LAST;;2;1;XEUR;9548493;693;
04.03.2025;16:34:29.302;FEXD.S.DEC26.DEC28.SPD;FUTURES_SPREAD;BLOCK;EUR;55;10.20000000;750;EXCHANGE_LAST;;1;1;XEUR;72060570450264161;693;
04.03.2025;16:34:29.302;FEXD SI 20261218 CS;SIMPLE_INSTRUMENT;BLOCK;EUR;55;156.60000000;750;PRC_DECOMP_MEMBER;;;;XEUR;2163053;693;MEMBER
04.03.2025;16:34:29.302;FEXD SI 20281215 CS;SIMPLE_INSTRUMENT;BLOCK;EUR;55;146.40000000;750;PRC_DECOMP_MEMBER;;;;XEUR;3680985;693;MEMBER
04.03.2025;16:42:00.628;FEXD.S.DEC28.DEC31.SPD;FUTURES_SPREAD;BLOCK;EUR;57;8.80000000;2000;EXCHANGE_LAST;;1;1;XEUR;72060570450264223;693;
04.03.2025;16:42:00.628;FEXD SI 20281215 CS;SIMPLE_INSTRUMENT;BLOCK;EUR;57;148.20000000;2000;PRC_DECOMP_EXCHANGE;;;;XEUR;3680985;693;EXCHANGE
04.03.2025;16:42:00.628;FEXD SI 20311219 CS;SIMPLE_INSTRUMENT;BLOCK;EUR;57;139.40000000;2000;PRC_DECOMP_EXCHANGE;;;;XEUR;7158547;693;EXCHANGE
04.03.2025;15:15:41.340;FGBC SI 20250321 CS;SIMPLE_INSTRUMENT;BLOCK;GBP;44;142.42000000;100;EXCHANGE_LAST;;1;1;XEUR;11429250;772679;
04.03.2025;07:27:55.927;FGBL SI 20250306 PS;SIMPLE_INSTRUMENT;EFS;EUR;1;132.59000000;285;EXCHANGE_LAST;;1;1;XEUR;11286679;688;
04.03.2025;07:29:09.972;FGBL SI 20250306 PS;SIMPLE_INSTRUMENT;EFS;EUR;2;132.59000000;277;EXCHANGE_LAST;;1;1;XEUR;11286679;688;
04.03.2025;07:29:39.995;FGBL SI 20250306 PS;SIMPLE_INSTRUMENT;EFS;EUR;3;132.59000000;277;EXCHANGE_LAST;;1;1;XEUR;11286679;688;
04.03.2025;07:32:43.117;FGBL SI 20250306 PS;SIMPLE_INSTRUMENT;EFS;EUR;4;132.72000000;419;EXCHANGE_LAST;;1;1;XEUR;11286679;688;
04.03.2025;07:44:29.533;FGBL SI 20250306 PS;SIMPLE_INSTRUMENT;EFS;EUR;5;132.38000000;840;EXCHANGE_LAST;;1;1;XEUR;11286679;688;
04.03.2025;07:44:44.545;FGBL SI 20250306 PS;SIMPLE_INSTRUMENT;EFS;EUR;6;132.38000000;420;EXCHANGE_LAST;;1;1;XEUR;11286679;688;
04.03.2025;08:10:52.096;FGBL SI 20250606 PS;SIMPLE_INSTRUMENT;EFS;EUR;7;131.57000000;487;EXCHANGE_LAST;;1;1;XEUR;11820389;688;
04.03.2025;08:13:19.845;FGBL SI 20250306 PS;SIMPLE_INSTRUMENT;BLOCK;EUR;8;132.77000000;4750;EXCHANGE_LAST;;1;1;XEUR;11286679;688;
04.03.2025;08:14:19.576;FGBL SI 20250606 PS;SIMPLE_INSTRUMENT;BLOCK;EUR;9;131.86000000;2375;EXCHANGE_LAST;;1;1;XEUR;11820389;688;
04.03.2025;08:14:19.596;FGBL SI 20250606 PS;SIMPLE_INSTRUMENT;BLOCK;EUR;10;131.87000000;2375;EXCHANGE_LAST;;1;1;XEUR;11820389;688;
04.03.2025;08:14:36.649;FGBL SI 20250306 PS;SIMPLE_INSTRUMENT;EFS;EUR;11;132.75000000;419;EXCHANGE_LAST;;1;1;XEUR;11286679;688;
04.03.2025;08:18:56.813;FGBL SI 20250606 PS;SIMPLE_INSTRUMENT;EFS;EUR;12;131.65000000;233;EXCHANGE_LAST;;1;1;XEUR;11820389;688;
04.03.2025;08:19:09.728;FGBL SI 20250606 PS;SIMPLE_INSTRUMENT;EFS;EUR;13;131.65000000;233;EXCHANGE_LAST;;1;1;XEUR;11820389;688;
04.03.2025;08:22:52.339;FGBL SI 20250606 PS;SIMPLE_INSTRUMENT;EFS;EUR;14;131.85000000;114;EXCHANGE_LAST;;1;1;XEUR;11820389;688;
04.03.2025;08:25:28.087;FGBL SI 20250306 PS;SIMPLE_INSTRUMENT;EFS;EUR;15;132.76000000;200;EXCHANGE_LAST;;1;1;XEUR;11286679;688;
04.03.2025;08:26:01.451;FGBL SI 20250306 PS;SIMPLE_INSTRUMENT;EFP_FIN;EUR;16;132.50000000;2060;EXCHANGE_LAST;;1;1;XEUR;11286679;688;
04.03.2025;08:29:00.017;FGBL SI 20250306 PS;SIMPLE_INSTRUMENT;BLOCK;EUR;17;132.78000000;5000;EXCHANGE_LAST;;1;1;XEUR;11286679;688;
04.03.2025;08:29:36.581;FGBL SI 20250606 PS;SIMPLE_INSTRUMENT;BLOCK;EUR;18;131.87000000;2500;EXCHANGE_LAST;;1;1;XEUR;11820389;688;
04.03.2025;08:29:45.549;FGBL SI 20250606 PS;SIMPLE_INSTRUMENT;BLOCK;EUR;19;131.88000000;2500;EXCHANGE_LAST;;1;1;XEUR;11820389;688;
04.03.2025;08:38:23.859;FGBL SI 20250306 PS;SIMPLE_INSTRUMENT;EFS;EUR;21;132.53000000;210;EXCHANGE_LAST;;1;1;XEUR;11286679;688;
04.03.2025;08:41:46.555;FGBL SI 20250606 PS;SIMPLE_INSTRUMENT;EFS;EUR;22;131.83000000;109;EXCHANGE_LAST;;1;1;XEUR;11820389;688;
04.03.2025;08:39:38.951;FGBL SI 20250306 PS;SIMPLE_INSTRUMENT;EFS;EUR;23;132.48000000;419;EXCHANGE_LAST;;1;1;XEUR;11286679;688;
04.03.2025;08:40:46.675;FGBL SI 20250306 PS;SIMPLE_INSTRUMENT;EFS;EUR;24;132.48000000;419;EXCHANGE_LAST;;1;1;XEUR;11286679;688;
04.03.2025;08:40:54.009;FGBL SI 20250306 PS;SIMPLE_INSTRUMENT;EFS;EUR;25;132.53000000;210;EXCHANGE_LAST;;1;1;XEUR;11286679;688;
04.03.2025;08:42:00.670;FGBL SI 20250306 PS;SIMPLE_INSTRUMENT;EFS;EUR;26;132.43000000;210;EXCHANGE_LAST;;1;1;XEUR;11286679;688;
04.03.2025;08:42:48.615;FGBL SI 20250306 PS;SIMPLE_INSTRUMENT;EFS;EUR;27;132.43000000;126;EXCHANGE_LAST;;1;1;XEUR;11286679;688;
04.03.2025;08:44:20.197;FGBL SI 20250306 PS;SIMPLE_INSTRUMENT;EFS;EUR;28;132.53000000;420;EXCHANGE_LAST;;1;1;XEUR;11286679;688;
04.03.2025;08:46:15.572;FGBL SI 20250306 PS;SIMPLE_INSTRUMENT;EFS;EUR;29;132.82000000;134;EXCHANGE_LAST;;1;1;XEUR;11286679;688;
04.03.2025;08:46:14.991;FGBL SI 20250606 PS;SIMPLE_INSTRUMENT;EFS;EUR;30;131.54000000;243;EXCHANGE_LAST;;1;1;XEUR;11820389;688;
04.03.2025;08:47:54.079;FGBL SI 20250306 PS;SIMPLE_INSTRUMENT;EFS;EUR;31;132.53000000;210;EXCHANGE_LAST;;1;1;XEUR;11286679;688;
04.03.2025;08:48:46.430;FGBL SI 20250306 PS;SIMPLE_INSTRUMENT;EFS;EUR;32;132.48000000;330;EXCHANGE_LAST;;1;1;XEUR;11286679;688;
04.03.2025;08:49:15.688;FGBL SI 20250606 PS;SIMPLE_INSTRUMENT;EFS;EUR;33;131.49000000;463;EXCHANGE_LAST;;1;1;XEUR;11820389;688;
04.03.2025;08:52:25.697;FGBL SI 20250306 PS;SIMPLE_INSTRUMENT;EFS;EUR;34;132.40000000;840;EXCHANGE_LAST;;1;1;XEUR;11286679;688;
04.03.2025;08:52:48.645;FGBL SI 20250606 PS;SIMPLE_INSTRUMENT;EFS;EUR;36;131.57000000;278;EXCHANGE_LAST;;1;1;XEUR;11820389;688;
04.03.2025;08:53:10.729;FGBL SI 20250306 PS;SIMPLE_INSTRUMENT;EFS;EUR;37;132.40000000;168;EXCHANGE_LAST;;1;1;XEUR;11286679;688;
04.03.2025;08:53:56.945;FGBL SI 20250606 PS;SIMPLE_INSTRUMENT;EFS;EUR;38;131.48000000;139;EXCHANGE_LAST;;1;1;XEUR;11820389;688;
04.03.2025;08:54:12.772;FGBL SI 20250306 PS;SIMPLE_INSTRUMENT;EFS;EUR;39;132.42000000;210;EXCHANGE_LAST;;1;1;XEUR;11286679;688;
04.03.2025;08:54:19.843;FGBL SI 20250306 PS;SIMPLE_INSTRUMENT;EFS;EUR;40;132.37000000;74;EXCHANGE_LAST;;1;1;XEUR;11286679;688;
04.03.2025;08:55:10.902;FGBL SI 20250306 PS;SIMPLE_INSTRUMENT;EFS;EUR;41;132.39000000;420;EXCHANGE_LAST;;1;1;XEUR;11286679;688;
04.03.2025;08:55:24.717;FGBL SI 20250306 PS;SIMPLE_INSTRUMENT;EFS;EUR;42;132.45000000;707;EXCHANGE_LAST;;1;1;XEUR;11286679;688;
04.03.2025;08:55:24.717;FGBL SI 20250606 PS;SIMPLE_INSTRUMENT;EFS;EUR;43;131.55000000;730;EXCHANGE_LAST;;1;1;XEUR;11820389;688;
04.03.2025;08:55:34.322;FGBL SI 20250306 PS;SIMPLE_INSTRUMENT;EFP_FIN;EUR;44;132.42000000;231;EXCHANGE_LAST;;1;1;XEUR;11286679;688;
04.03.2025;08:55:58.102;FGBL SI 20250606 PS;SIMPLE_INSTRUMENT;EFS;EUR;45;131.52000000;24;EXCHANGE_LAST;;1;1;XEUR;11820389;688;
04.03.2025;08:55:40.015;FGBL SI 20250306 PS;SIMPLE_INSTRUMENT;EFS;EUR;46;132.44000000;210;EXCHANGE_LAST;;1;1;XEUR;11286679;688;
04.03.2025;08:55:59.793;FGBL SI 20250306 PS;SIMPLE_INSTRUMENT;EFP_FIN;EUR;47;132.46000000;291;EXCHANGE_LAST;;1;1;XEUR;11286679;688;
04.03.2025;08:56:19.844;FGBL SI 20250306 PS;SIMPLE_INSTRUMENT;EFP_FIN;EUR;48;132.72000000;332;EXCHANGE_LAST;;1;1;XEUR;11286679;688;
04.03.2025;08:56:47.679;FGBL SI 20250606 PS;SIMPLE_INSTRUMENT;EFS;EUR;49;131.50000000;974;EXCHANGE_LAST;;1;1;XEUR;11820389;688;
04.03.2025;08:57:10.977;FGBL SI 20250306 PS;SIMPLE_INSTRUMENT;EFS;EUR;50;132.44000000;840;EXCHANGE_LAST;;1;1;XEUR;11286679;688;
04.03.2025;08:57:20.988;FGBL SI 20250306 PS;SIMPLE_INSTRUMENT;EFS;EUR;51;132.44000000;210;EXCHANGE_LAST;;1;1;XEUR;11286679;688;
04.03.2025;08:57:52.778;FGBL SI 20250306 PS;SIMPLE_INSTRUMENT;EFS;EUR;52;131.98000000;227;EXCHANGE_LAST;;1;1;XEUR;11286679;688;
04.03.2025;08:59:36.853;FGBL SI 20250306 PS;SIMPLE_INSTRUMENT;EFP_FIN;EUR;53;132.40000000;943;EXCHANGE_LAST;;1;1;XEUR;11286679;688;
04.03.2025;09:00:21.169;FGBL SI 20250306 PS;SIMPLE_INSTRUMENT;EFS;EUR;54;132.56000000;210;EXCHANGE_LAST;;1;1;XEUR;11286679;688;
04.03.2025;09:00:46.187;FGBL SI 20250306 PS;SIMPLE_INSTRUMENT;EFS;EUR;55;132.56000000;210;EXCHANGE_LAST;;1;1;XEUR;11286679;688;
04.03.2025;09:01:18.437;FGBL SI 20250306 PS;SIMPLE_INSTRUMENT;EFP_FIN;EUR;56;132.46000000;385;EXCHANGE_LAST;;1;1;XEUR;11286679;688;
04.03.2025;09:02:16.276;FGBL SI 20250306 PS;SIMPLE_INSTRUMENT;EFS;EUR;57;132.58000000;420;EXCHANGE_LAST;;1;1;XEUR;11286679;688;
04.03.2025;09:03:46.365;FGBL SI 20250306 PS;SIMPLE_INSTRUMENT;EFS;EUR;58;132.57000000;420;EXCHANGE_LAST;;1;1;XEUR;11286679;688;
04.03.2025;09:08:53.243;FGBL SI 20250606 PS;SIMPLE_INSTRUMENT;EFS;EUR;59;131.49000000;232;EXCHANGE_LAST;;1;1;XEUR;11820389;688;
04.03.2025;09:10:11.722;FGBL SI 20250606 PS;SIMPLE_INSTRUMENT;EFS;EUR;60;131.67000000;231;EXCHANGE_LAST;;1;1;XEUR;11820389;688;
04.03.2025;09:11:33.587;FGBL SI 20250606 PS;SIMPLE_INSTRUMENT;EFS;EUR;61;131.65000000;681;EXCHANGE_LAST;;1;1;XEUR;11820389;688;
04.03.2025;09:11:43.728;FGBL SI 20250606 PS;SIMPLE_INSTRUMENT;EFS;EUR;62;131.54000000;1388;EXCHANGE_LAST;;1;1;XEUR;11820389;688;
04.03.2025;09:12:37.703;FGBL SI 20250306 PS;SIMPLE_INSTRUMENT;EFS;EUR;63;132.54000000;420;EXCHANGE_LAST;;1;1;XEUR;11286679;688;
04.03.2025;09:14:55.163;FGBL SI 20250306 PS;SIMPLE_INSTRUMENT;BLOCK;EUR;64;132.56000000;2305;EXCHANGE_LAST;;1;1;XEUR;11286679;688;
04.03.2025;09:15:05.163;FGBL SI 20250606 PS;SIMPLE_INSTRUMENT;BLOCK;EUR;65;131.65000000;2305;EXCHANGE_LAST;;1;1;XEUR;11820389;688;
04.03.2025;09:15:31.098;FGBL SI 20250306 PS;SIMPLE_INSTRUMENT;BLOCK;EUR;66;132.45000000;2355;EXCHANGE_LAST;;1;1;XEUR;11286679;688;
04.03.2025;09:17:19.900;FGBL SI 20250306 PS;SIMPLE_INSTRUMENT;BLOCK;EUR;67;132.55000000;2355;EXCHANGE_LAST;;1;1;XEUR;11286679;688;
04.03.2025;09:22:02.954;FGBL SI 20250306 PS;SIMPLE_INSTRUMENT;EFS;EUR;68;132.61000000;419;EXCHANGE_LAST;;1;1;XEUR;11286679;688;
04.03.2025;09:22:52.380;FGBL SI 20250306 PS;SIMPLE_INSTRUMENT;EFS;EUR;69;132.58000000;419;EXCHANGE_LAST;;1;1;XEUR;11286679;688;
04.03.2025;09:23:17.711;FGBL SI 20250306 PS;SIMPLE_INSTRUMENT;EFS;EUR;70;132.62000000;429;EXCHANGE_LAST;;1;1;XEUR;11286679;688;
04.03.2025;09:23:36.807;FGBL SI 20250306 PS;SIMPLE_INSTRUMENT;EFS;EUR;71;132.60000000;419;EXCHANGE_LAST;;1;1;XEUR;11286679;688;
04.03.2025;09:31:59.900;FGBL SI 20250306 PS;SIMPLE_INSTRUMENT;EFS;EUR;72;132.63000000;420;EXCHANGE_LAST;;1;1;XEUR;11286679;688;
04.03.2025;09:24:03.174;FGBL SI 20250306 PS;SIMPLE_INSTRUMENT;EFS;EUR;73;132.64000000;420;EXCHANGE_LAST;;1;1;XEUR;11286679;688;
04.03.2025;09:24:08.296;FGBL SI 20250306 PS;SIMPLE_INSTRUMENT;EFS;EUR;74;132.61000000;419;EXCHANGE_LAST;;1;1;XEUR;11286679;688;
04.03.2025;09:24:49.782;FGBL SI 20250606 PS;SIMPLE_INSTRUMENT;EFS;EUR;75;131.72000000;462;EXCHANGE_LAST;;1;1;XEUR;11820389;688;
04.03.2025;09:24:56.449;FGBL SI 20250306 PS;SIMPLE_INSTRUMENT;EFS;EUR;76;132.62000000;419;EXCHANGE_LAST;;1;1;XEUR;11286679;688;
04.03.2025;09:25:10.048;FGBL SI 20250606 PS;SIMPLE_INSTRUMENT;EFS;EUR;77;131.68000000;296;EXCHANGE_LAST;;1;1;XEUR;11820389;688;
04.03.2025;09:26:33.308;FGBL SI 20250306 PS;SIMPLE_INSTRUMENT;EFS;EUR;78;132.62000000;420;EXCHANGE_LAST;;1;1;XEUR;11286679;688;
04.03.2025;09:26:48.322;FGBL SI 20250306 PS;SIMPLE_INSTRUMENT;EFS;EUR;79;132.64000000;420;EXCHANGE_LAST;;1;1;XEUR;11286679;688;
04.03.2025;09:27:49.996;FGBL SI 20250306 PS;SIMPLE_INSTRUMENT;EFS;EUR;80;132.60000000;210;EXCHANGE_LAST;;1;1;XEUR;11286679;688;
04.03.2025;09:29:34.440;FGBL SI 20250306 PS;SIMPLE_INSTRUMENT;EFS;EUR;81;132.60000000;210;EXCHANGE_LAST;;1;1;XEUR;11286679;688;
04.03.2025;09:29:58.840;FGBL SI 20250606 PS;SIMPLE_INSTRUMENT;EFS;EUR;82;131.74000000;913;EXCHANGE_LAST;;1;1;XEUR;11820389;688;
04.03.2025;09:30:04.462;FGBL SI 20250306 PS;SIMPLE_INSTRUMENT;EFS;EUR;83;132.60000000;210;EXCHANGE_LAST;;1;1;XEUR;11286679;688;
04.03.2025;09:30:59.209;FGBL SI 20250306 PS;SIMPLE_INSTRUMENT;EFS;EUR;84;132.65000000;884;EXCHANGE_LAST;;1;1;XEUR;11286679;688;
04.03.2025;09:31:22.879;FGBL SI 20250606 PS;SIMPLE_INSTRUMENT;EFS;EUR;85;131.70000000;231;EXCHANGE_LAST;;1;1;XEUR;11820389;688;
04.03.2025;09:31:55.663;FGBL SI 20250606 PS;SIMPLE_INSTRUMENT;EFS;EUR;86;131.54000000;1388;EXCHANGE_LAST;;1;1;XEUR;11820389;688;
04.03.2025;09:35:19.664;FGBL SI 20250306 PS;SIMPLE_INSTRUMENT;EFS;EUR;87;132.60000000;210;EXCHANGE_LAST;;1;1;XEUR;11286679;688;
04.03.2025;09:35:29.675;FGBL SI 20250306 PS;SIMPLE_INSTRUMENT;EFS;EUR;88;132.60000000;210;EXCHANGE_LAST;;1;1;XEUR;11286679;688;
04.03.2025;09:37:09.749;FGBL SI 20250306 PS;SIMPLE_INSTRUMENT;EFS;EUR;89;132.59000000;420;EXCHANGE_LAST;;1;1;XEUR;11286679;688;
04.03.2025;09:37:29.769;FGBL SI 20250306 PS;SIMPLE_INSTRUMENT;EFS;EUR;90;132.59000000;210;EXCHANGE_LAST;;1;1;XEUR;11286679;688;
04.03.2025;09:40:05.801;FGBL SI 20250306 PS;SIMPLE_INSTRUMENT;BLOCK;EUR;91;132.55000000;2355;EXCHANGE_LAST;;1;1;XEUR;11286679;688;
04.03.2025;09:45:05.101;FGBL SI 20250306 PS;SIMPLE_INSTRUMENT;EFS;EUR;93;132.56000000;420;EXCHANGE_LAST;;1;1;XEUR;11286679;688;
04.03.2025;09:47:12.920;FGBL SI 20250306 PS;SIMPLE_INSTRUMENT;EFP_FIN;EUR;94;132.59000000;117;EXCHANGE_LAST;;1;1;XEUR;11286679;688;
04.03.2025;09:47:33.472;FGBL.S.MAR25.JUN25.SPD;FUTURES_SPREAD;BLOCK;EUR;95;0.91000000;2561;EXCHANGE_LAST;;1;1;XEUR;72060548975427676;688;
04.03.2025;09:47:33.472;FGBL SI 20250306 PS;SIMPLE_INSTRUMENT;BLOCK;EUR;95;132.53000000;2561;PRC_DECOMP_MEMBER;;;;XEUR;11286679;688;MEMBER
04.03.2025;09:47:33.472;FGBL SI 20250606 PS;SIMPLE_INSTRUMENT;BLOCK;EUR;95;131.62000000;2561;PRC_DECOMP_MEMBER;;;;XEUR;11820389;688;MEMBER
04.03.2025;09:51:21.348;FGBL SI 20250306 PS;SIMPLE_INSTRUMENT;EFS;EUR;96;132.52000000;210;EXCHANGE_LAST;;1;1;XEUR;11286679;688;
04.03.2025;09:54:22.788;FGBL SI 20250606 PS;SIMPLE_INSTRUMENT;EFP_FIN;EUR;97;131.70000000;230;EXCHANGE_LAST;;1;1;XEUR;11820389;688;
04.03.2025;09:53:39.932;FGBL SI 20250306 PS;SIMPLE_INSTRUMENT;EFS;EUR;98;132.56000000;210;EXCHANGE_LAST;;1;1;XEUR;11286679;688;
04.03.2025;09:54:19.964;FGBL SI 20250306 PS;SIMPLE_INSTRUMENT;EFS;EUR;99;132.52000000;420;EXCHANGE_LAST;;1;1;XEUR;11286679;688;
04.03.2025;09:54:27.543;FGBL SI 20250306 PS;SIMPLE_INSTRUMENT;EFS;EUR;100;132.56000000;210;EXCHANGE_LAST;;1;1;XEUR;11286679;688;
04.03.2025;09:55:42.417;FGBL SI 20250306 PS;SIMPLE_INSTRUMENT;EFP_FIN;EUR;101;132.64000000;1695;EXCHANGE_LAST;;1;1;XEUR;11286679;688;
04.03.2025;10:02:15.813;FGBL SI 20250606 PS;SIMPLE_INSTRUMENT;EFS;EUR;102;131.64000000;205;EXCHANGE_LAST;;1;1;XEUR;11820389;688;
04.03.2025;10:03:11.654;FGBL SI 20250306 PS;SIMPLE_INSTRUMENT;EFP_FIN;EUR;103;132.51000000;353;EXCHANGE_LAST;;1;1;XEUR;11286679;688;
04.03.2025;10:07:37.079;FGBL SI 20250306 PS;SIMPLE_INSTRUMENT;EFS;EUR;104;132.50000000;420;EXCHANGE_LAST;;1;1;XEUR;11286679;688;
04.03.2025;10:09:01.903;FGBL SI 20250606 PS;SIMPLE_INSTRUMENT;EFS;EUR;105;131.61000000;2778;EXCHANGE_LAST;;1;1;XEUR;11820389;688;
04.03.2025;10:09:32.223;FGBL.S.MAR25.JUN25.SPD;FUTURES_SPREAD;BLOCK;EUR;106;0.90000000;5757;EXCHANGE_LAST;;1;1;XEUR;72060548975427676;688;
04.03.2025;10:09:32.223;FGBL SI 20250606 PS;SIMPLE_INSTRUMENT;BLOCK;EUR;106;131.57000000;5757;PRC_DECOMP_EXCHANGE;;;;XEUR;11820389;688;EXCHANGE
04.03.2025;10:09:32.223;FGBL SI 20250306 PS;SIMPLE_INSTRUMENT;BLOCK;EUR;106;132.47000000;5757;PRC_DECOMP_EXCHANGE;;;;XEUR;11286679;688;EXCHANGE
04.03.2025;10:10:09.051;FGBL SI 20250606 PS;SIMPLE_INSTRUMENT;EFS;EUR;107;131.62000000;97;EXCHANGE_LAST;;1;1;XEUR;11820389;688;
04.03.2025;10:10:31.545;FGBL SI 20250306 PS;SIMPLE_INSTRUMENT;BLOCK;EUR;108;132.44000000;3532;EXCHANGE_LAST;;1;1;XEUR;11286679;688;
04.03.2025;10:12:33.552;FGBL SI 20250606 PS;SIMPLE_INSTRUMENT;BLOCK;EUR;109;131.54000000;3673;EXCHANGE_LAST;;1;1;XEUR;11820389;688;
04.03.2025;10:13:48.848;FGBL SI 20250606 PS;SIMPLE_INSTRUMENT;EFS;EUR;110;131.65000000;969;EXCHANGE_LAST;;1;1;XEUR;11820389;688;
04.03.2025;10:14:01.861;FGBL SI 20250606 PS;SIMPLE_INSTRUMENT;EFS;EUR;111;131.58000000;391;EXCHANGE_LAST;;1;1;XEUR;11820389;688;
04.03.2025;10:14:22.920;FGBL SI 20250606 PS;SIMPLE_INSTRUMENT;EFS;EUR;112;131.66000000;970;EXCHANGE_LAST;;1;1;XEUR;11820389;688;
04.03.2025;10:18:45.658;FGBL SI 20250306 PS;SIMPLE_INSTRUMENT;BLOCK;EUR;113;132.42000000;5500;EXCHANGE_LAST;;1;1;XEUR;11286679;688;
04.03.2025;10:19:09.363;FGBL SI 20250606 PS;SIMPLE_INSTRUMENT;BLOCK;EUR;114;131.51000000;2750;EXCHANGE_LAST;;1;1;XEUR;11820389;688;
04.03.2025;10:19:27.856;FGBL SI 20250306 PS;SIMPLE_INSTRUMENT;BLOCK;EUR;115;132.44000000;5055;EXCHANGE_LAST;;1;1;XEUR;11286679;688;
04.03.2025;10:19:55.079;FGBL SI 20250606 PS;SIMPLE_INSTRUMENT;BLOCK;EUR;116;131.52000000;2750;EXCHANGE_LAST;;1;1;XEUR;11820389;688;
04.03.2025;10:20:44.128;FGBL SI 20250606 PS;SIMPLE_INSTRUMENT;BLOCK;EUR;117;131.53000000;2528;EXCHANGE_LAST;;1;1;XEUR;11820389;688;
04.03.2025;10:21:17.315;FGBL SI 20250606 PS;SIMPLE_INSTRUMENT;BLOCK;EUR;118;131.54000000;2527;EXCHANGE_LAST;;1;1;XEUR;11820389;688;
04.03.2025;10:22:06.738;FGBL SI 20250306 PS;SIMPLE_INSTRUMENT;EFS;EUR;119;132.43000000;420;EXCHANGE_LAST;;1;1;XEUR;11286679;688;
04.03.2025;10:22:54.945;FGBL SI 20250606 PS;SIMPLE_INSTRUMENT;EFS;EUR;120;131.53000000;880;EXCHANGE_LAST;;1;1;XEUR;11820389;688;
04.03.2025;10:24:28.859;FGBL SI 20250306 PS;SIMPLE_INSTRUMENT;EFS;EUR;121;132.47000000;420;EXCHANGE_LAST;;1;1;XEUR;11286679;688;
04.03.2025;10:24:28.890;FGBL SI 20250306 PS;SIMPLE_INSTRUMENT;EFS;EUR;122;132.44000000;210;EXCHANGE_LAST;;1;1;XEUR;11286679;688;
04.03.2025;10:26:18.678;FGBL SI 20250306 PS;SIMPLE_INSTRUMENT;EFS;EUR;123;132.49000000;419;EXCHANGE_LAST;;1;1;XEUR;11286679;688;
04.03.2025;10:28:24.017;FGBL SI 20250306 PS;SIMPLE_INSTRUMENT;EFS;EUR;124;132.47000000;420;EXCHANGE_LAST;;1;1;XEUR;11286679;688;
04.03.2025;10:28:59.044;FGBL SI 20250306 PS;SIMPLE_INSTRUMENT;EFS;EUR;125;132.51000000;420;EXCHANGE_LAST;;1;1;XEUR;11286679;688;
04.03.2025;10:29:42.688;FGBL SI 20250306 PS;SIMPLE_INSTRUMENT;EFS;EUR;126;132.49000000;419;EXCHANGE_LAST;;1;1;XEUR;11286679;688;
04.03.2025;10:30:14.094;FGBL SI 20250306 PS;SIMPLE_INSTRUMENT;EFS;EUR;127;132.47000000;420;EXCHANGE_LAST;;1;1;XEUR;11286679;688;
04.03.2025;10:33:27.978;FGBL SI 20250606 PS;SIMPLE_INSTRUMENT;EFS;EUR;128;131.54000000;1388;EXCHANGE_LAST;;1;1;XEUR;11820389;688;
04.03.2025;10:33:56.714;FGBL SI 20250306 PS;SIMPLE_INSTRUMENT;EFS;EUR;129;132.51000000;419;EXCHANGE_LAST;;1;1;XEUR;11286679;688;
04.03.2025;10:35:19.443;FGBL SI 20250306 PS;SIMPLE_INSTRUMENT;EFS;EUR;131;132.49000000;419;EXCHANGE_LAST;;1;1;XEUR;11286679;688;
04.03.2025;10:35:58.141;FGBL SI 20250606 PS;SIMPLE_INSTRUMENT;BLOCK;EUR;132;131.59000000;2463;EXCHANGE_LAST;;1;1;XEUR;11820389;688;
04.03.2025;10:38:04.132;FGBL SI 20250306 PS;SIMPLE_INSTRUMENT;EFS;EUR;133;132.49000000;210;EXCHANGE_LAST;;1;1;XEUR;11286679;688;
04.03.2025;10:36:56.106;FGBL SI 20250606 PS;SIMPLE_INSTRUMENT;EFS;EUR;134;131.61000000;2778;EXCHANGE_LAST;;1;1;XEUR;11820389;688;
04.03.2025;10:37:12.147;FGBL SI 20250606 PS;SIMPLE_INSTRUMENT;EFS;EUR;135;131.63000000;973;EXCHANGE_LAST;;1;1;XEUR;11820389;688;
04.03.2025;10:38:40.578;FGBL SI 20250306 PS;SIMPLE_INSTRUMENT;EFS;EUR;136;132.48000000;299;EXCHANGE_LAST;;1;1;XEUR;11286679;688;
04.03.2025;10:45:42.710;FGBL SI 20250606 PS;SIMPLE_INSTRUMENT;EFS;EUR;137;131.56000000;730;EXCHANGE_LAST;;1;1;XEUR;11820389;688;
04.03.2025;10:46:45.807;FGBL SI 20250606 PS;SIMPLE_INSTRUMENT;EFP_FIN;EUR;138;131.57000000;386;EXCHANGE_LAST;;1;1;XEUR;11820389;688;
04.03.2025;10:46:45.818;FGBL SI 20250306 PS;SIMPLE_INSTRUMENT;EFS;EUR;139;132.43000000;420;EXCHANGE_LAST;;1;1;XEUR;11286679;688;
04.03.2025;10:47:28.274;FGBL SI 20250306 PS;SIMPLE_INSTRUMENT;BLOCK;EUR;140;132.45000000;4084;EXCHANGE_LAST;;1;1;XEUR;11286679;688;
04.03.2025;10:47:40.857;FGBL SI 20250306 PS;SIMPLE_INSTRUMENT;EFS;EUR;141;132.43000000;420;EXCHANGE_LAST;;1;1;XEUR;11286679;688;
04.03.2025;10:48:05.878;FGBL SI 20250306 PS;SIMPLE_INSTRUMENT;EFS;EUR;142;132.43000000;840;EXCHANGE_LAST;;1;1;XEUR;11286679;688;
04.03.2025;10:48:22.498;FGBL SI 20250606 PS;SIMPLE_INSTRUMENT;BLOCK;EUR;143;131.55000000;2042;EXCHANGE_LAST;;1;1;XEUR;11820389;688;
04.03.2025;10:48:50.911;FGBL SI 20250306 PS;SIMPLE_INSTRUMENT;EFS;EUR;144;132.44000000;210;EXCHANGE_LAST;;1;1;XEUR;11286679;688;
04.03.2025;10:48:55.915;FGBL SI 20250306 PS;SIMPLE_INSTRUMENT;EFS;EUR;145;132.44000000;210;EXCHANGE_LAST;;1;1;XEUR;11286679;688;
04.03.2025;10:48:57.002;FGBL SI 20250606 PS;SIMPLE_INSTRUMENT;EFS;EUR;146;131.58000000;487;EXCHANGE_LAST;;1;1;XEUR;11820389;688;
04.03.2025;10:49:01.276;FGBL SI 20250606 PS;SIMPLE_INSTRUMENT;BLOCK;EUR;147;131.54000000;2042;EXCHANGE_LAST;;1;1;XEUR;11820389;688;
04.03.2025;10:49:58.567;FGBL SI 20250306 PS;SIMPLE_INSTRUMENT;EFS;EUR;148;132.43000000;420;EXCHANGE_LAST;;1;1;XEUR;11286679;688;
04.03.2025;10:50:43.369;FGBL SI 20250306 PS;SIMPLE_INSTRUMENT;EFS;EUR;149;132.43000000;420;EXCHANGE_LAST;;1;1;XEUR;11286679;688;
04.03.2025;10:51:15.168;FGBL SI 20250306 PS;SIMPLE_INSTRUMENT;EFS;EUR;150;132.45000000;420;EXCHANGE_LAST;;1;1;XEUR;11286679;688;
04.03.2025;10:54:36.143;FGBL SI 20250306 PS;SIMPLE_INSTRUMENT;EFS;EUR;151;132.39000000;210;EXCHANGE_LAST;;1;1;XEUR;11286679;688;
04.03.2025;10:54:46.153;FGBL SI 20250306 PS;SIMPLE_INSTRUMENT;EFS;EUR;152;132.39000000;210;EXCHANGE_LAST;;1;1;XEUR;11286679;688;
04.03.2025;10:55:23.184;FGBL SI 20250306 PS;SIMPLE_INSTRUMENT;EFS;EUR;153;132.39000000;420;EXCHANGE_LAST;;1;1;XEUR;11286679;688;
04.03.2025;10:55:34.460;FGBL SI 20250306 PS;SIMPLE_INSTRUMENT;EFP_FIN;EUR;154;132.44000000;1080;EXCHANGE_LAST;;1;1;XEUR;11286679;688;
04.03.2025;10:58:43.489;FGBL SI 20250606 PS;SIMPLE_INSTRUMENT;EFS;EUR;155;131.53000000;926;EXCHANGE_LAST;;1;1;XEUR;11820389;688;
04.03.2025;10:59:15.099;FGBL SI 20250306 PS;SIMPLE_INSTRUMENT;EFS;EUR;156;132.40000000;445;EXCHANGE_LAST;;1;1;XEUR;11286679;688;
04.03.2025;11:02:58.479;FGBL SI 20250306 PS;SIMPLE_INSTRUMENT;EFS;EUR;157;132.38000000;210;EXCHANGE_LAST;;1;1;XEUR;11286679;688;
04.03.2025;11:03:33.509;FGBL SI 20250306 PS;SIMPLE_INSTRUMENT;EFS;EUR;158;132.38000000;105;EXCHANGE_LAST;;1;1;XEUR;11286679;688;
04.03.2025;11:04:35.753;FGBL SI 20250606 PS;SIMPLE_INSTRUMENT;EFS;EUR;159;131.47000000;2780;EXCHANGE_LAST;;1;1;XEUR;11820389;688;
04.03.2025;11:05:03.576;FGBL SI 20250306 PS;SIMPLE_INSTRUMENT;EFS;EUR;160;132.38000000;420;EXCHANGE_LAST;;1;1;XEUR;11286679;688;
04.03.2025;11:05:53.611;FGBL SI 20250306 PS;SIMPLE_INSTRUMENT;EFS;EUR;161;132.38000000;105;EXCHANGE_LAST;;1;1;XEUR;11286679;688;
04.03.2025;11:06:59.794;FGBL SI 20250606 PS;SIMPLE_INSTRUMENT;EFS;EUR;162;131.50000000;927;EXCHANGE_LAST;;1;1;XEUR;11820389;688;
04.03.2025;11:07:20.804;FGBL SI 20250606 PS;SIMPLE_INSTRUMENT;EFS;EUR;163;131.58000000;934;EXCHANGE_LAST;;1;1;XEUR;11820389;688;
04.03.2025;11:07:41.336;FGBL.S.MAR25.JUN25.SPD;FUTURES_SPREAD;BLOCK;EUR;164;0.90000000;2318;EXCHANGE_LAST;;1;1;XEUR;72060548975427676;688;
04.03.2025;11:07:41.336;FGBL SI 20250606 PS;SIMPLE_INSTRUMENT;BLOCK;EUR;164;131.45000000;2318;PRC_DECOMP_EXCHANGE;;;;XEUR;11820389;688;EXCHANGE
04.03.2025;11:07:41.336;FGBL SI 20250306 PS;SIMPLE_INSTRUMENT;BLOCK;EUR;164;132.35000000;2318;PRC_DECOMP_EXCHANGE;;;;XEUR;11286679;688;EXCHANGE
04.03.2025;11:08:27.423;FGBL SI 20250306 PS;SIMPLE_INSTRUMENT;EFS;EUR;165;132.38000000;892;EXCHANGE_LAST;;1;1;XEUR;11286679;688;
04.03.2025;11:09:13.590;FGBL SI 20250306 PS;SIMPLE_INSTRUMENT;EFP_FIN;EUR;166;132.36000000;335;EXCHANGE_LAST;;1;1;XEUR;11286679;688;
04.03.2025;11:09:31.769;FGBL SI 20250306 PS;SIMPLE_INSTRUMENT;EFS;EUR;167;132.39000000;210;EXCHANGE_LAST;;1;1;XEUR;11286679;688;
04.03.2025;11:10:19.692;FGBL SI 20250606 PS;SIMPLE_INSTRUMENT;EFS;EUR;168;131.46000000;921;EXCHANGE_LAST;;1;1;XEUR;11820389;688;
04.03.2025;11:11:09.631;FGBL SI 20250306 PS;SIMPLE_INSTRUMENT;EFS;EUR;169;132.39000000;420;EXCHANGE_LAST;;1;1;XEUR;11286679;688;
04.03.2025;11:11:33.847;FGBL SI 20250306 PS;SIMPLE_INSTRUMENT;EFS;EUR;170;132.35000000;840;EXCHANGE_LAST;;1;1;XEUR;11286679;688;
04.03.2025;11:12:48.061;FGBL SI 20250306 PS;SIMPLE_INSTRUMENT;EFP_FIN;EUR;171;132.55000000;1090;EXCHANGE_LAST;;1;1;XEUR;11286679;688;
04.03.2025;11:13:13.921;FGBL SI 20250306 PS;SIMPLE_INSTRUMENT;EFS;EUR;172;132.33000000;420;EXCHANGE_LAST;;1;1;XEUR;11286679;688;
04.03.2025;11:13:52.422;FGBL SI 20250606 PS;SIMPLE_INSTRUMENT;EFS;EUR;173;131.49000000;244;EXCHANGE_LAST;;1;1;XEUR;11820389;688;
04.03.2025;11:14:34.979;FGBL SI 20250306 PS;SIMPLE_INSTRUMENT;EFS;EUR;174;132.33000000;840;EXCHANGE_LAST;;1;1;XEUR;11286679;688;
04.03.2025;11:15:08.244;FGBL SI 20250306 PS;SIMPLE_INSTRUMENT;EFS;EUR;175;132.37000000;200;EXCHANGE_LAST;;1;1;XEUR;11286679;688;
04.03.2025;11:15:49.032;FGBL SI 20250306 PS;SIMPLE_INSTRUMENT;EFS;EUR;177;132.30000000;420;EXCHANGE_LAST;;1;1;XEUR;11286679;688;
04.03.2025;11:16:20.533;FGBL SI 20250306 PS;SIMPLE_INSTRUMENT;EFS;EUR;178;132.35000000;420;EXCHANGE_LAST;;1;1;XEUR;11286679;688;
04.03.2025;11:17:08.270;FGBL SI 20250306 PS;SIMPLE_INSTRUMENT;EFS;EUR;179;132.35000000;235;EXCHANGE_LAST;;1;1;XEUR;11286679;688;
04.03.2025;11:17:44.156;FGBL SI 20250306 PS;SIMPLE_INSTRUMENT;EFP_FIN;EUR;180;132.45000000;1070;EXCHANGE_LAST;;1;1;XEUR;11286679;688;
04.03.2025;11:20:52.442;FGBL SI 20250606 PS;SIMPLE_INSTRUMENT;EFS;EUR;181;131.48000000;230;EXCHANGE_LAST;;1;1;XEUR;11820389;688;
04.03.2025;11:20:52.191;FGBL SI 20250306 PS;SIMPLE_INSTRUMENT;EFS;EUR;182;132.37000000;299;EXCHANGE_LAST;;1;1;XEUR;11286679;688;
04.03.2025;11:22:41.523;FGBL SI 20250606 PS;SIMPLE_INSTRUMENT;EFS;EUR;183;131.42000000;232;EXCHANGE_LAST;;1;1;XEUR;11820389;688;
04.03.2025;11:24:49.385;FGBL SI 20250306 PS;SIMPLE_INSTRUMENT;EFS;EUR;184;132.30000000;420;EXCHANGE_LAST;;1;1;XEUR;11286679;688;
04.03.2025;11:26:27.146;FGBL SI 20250606 PS;SIMPLE_INSTRUMENT;EFS;EUR;185;131.42000000;446;EXCHANGE_LAST;;1;1;XEUR;11820389;688;
04.03.2025;11:26:43.147;FGBL SI 20250606 PS;SIMPLE_INSTRUMENT;EFS;EUR;186;131.50000000;968;EXCHANGE_LAST;;1;1;XEUR;11820389;688;
04.03.2025;11:27:10.371;FGBL SI 20250306 PS;SIMPLE_INSTRUMENT;BLOCK;EUR;187;132.31000000;2109;EXCHANGE_LAST;;1;1;XEUR;11286679;688;
04.03.2025;11:27:35.459;FGBL SI 20250606 PS;SIMPLE_INSTRUMENT;BLOCK;EUR;188;131.40000000;2109;EXCHANGE_LAST;;1;1;XEUR;11820389;688;
04.03.2025;11:32:46.675;FGBL SI 20250606 PS;SIMPLE_INSTRUMENT;EFS;EUR;189;131.40000000;1487;EXCHANGE_LAST;;1;1;XEUR;11820389;688;
04.03.2025;11:36:23.722;FGBL SI 20250606 PS;SIMPLE_INSTRUMENT;EFS;EUR;190;131.42000000;1399;EXCHANGE_LAST;;1;1;XEUR;11820389;688;
04.03.2025;11:38:38.106;FGBL SI 20250606 PS;SIMPLE_INSTRUMENT;EFS;EUR;191;131.35000000;241;EXCHANGE_LAST;;1;1;XEUR;11820389;688;
04.03.2025;11:39:17.187;FGBL SI 20250306 PS;SIMPLE_INSTRUMENT;BLOCK;EUR;192;132.29000000;9311;EXCHANGE_LAST;;1;1;XEUR;11286679;688;
04.03.2025;11:40:15.422;FGBL SI 20250606 PS;SIMPLE_INSTRUMENT;BLOCK;EUR;193;131.39000000;9380;EXCHANGE_LAST;;1;1;XEUR;11820389;688;
04.03.2025;11:42:38.034;FGBL SI 20250306 PS;SIMPLE_INSTRUMENT;EFP_FIN;EUR;194;132.45000000;839;EXCHANGE_LAST;;1;1;XEUR;11286679;688;
04.03.2025;11:42:59.870;FGBL SI 20250306 PS;SIMPLE_INSTRUMENT;EFP_FIN;EUR;195;132.45000000;839;EXCHANGE_LAST;;1;1;XEUR;11286679;688;
04.03.2025;11:43:03.268;FGBL SI 20250306 PS;SIMPLE_INSTRUMENT;BLOCK;EUR;196;132.29000000;3405;EXCHANGE_LAST;;1;1;XEUR;11286679;688;
04.03.2025;11:43:15.172;FGBL SI 20250306 PS;SIMPLE_INSTRUMENT;BLOCK;EUR;197;132.30000000;3406;EXCHANGE_LAST;;1;1;XEUR;11286679;688;
04.03.2025;11:44:23.519;FGBL SI 20250606 PS;SIMPLE_INSTRUMENT;BLOCK;EUR;198;131.39000000;6860;EXCHANGE_LAST;;1;1;XEUR;11820389;688;
04.03.2025;11:44:34.057;FGBL SI 20250606 PS;SIMPLE_INSTRUMENT;EFS;EUR;199;131.39000000;975;EXCHANGE_LAST;;1;1;XEUR;11820389;688;
04.03.2025;11:45:16.222;FGBL SI 20250306 PS;SIMPLE_INSTRUMENT;EFS;EUR;200;132.23000000;420;EXCHANGE_LAST;;1;1;XEUR;11286679;688;
04.03.2025;11:47:06.299;FGBL SI 20250306 PS;SIMPLE_INSTRUMENT;EFS;EUR;201;132.20000000;420;EXCHANGE_LAST;;1;1;XEUR;11286679;688;
04.03.2025;11:49:15.780;FGBL SI 20250606 PS;SIMPLE_INSTRUMENT;EFS;EUR;202;131.35000000;488;EXCHANGE_LAST;;1;1;XEUR;11820389;688;
04.03.2025;11:49:21.381;FGBL SI 20250306 PS;SIMPLE_INSTRUMENT;EFS;EUR;203;132.22000000;420;EXCHANGE_LAST;;1;1;XEUR;11286679;688;
04.03.2025;11:52:44.077;FGBL SI 20250606 PS;SIMPLE_INSTRUMENT;EFS;EUR;204;131.33000000;1463;EXCHANGE_LAST;;1;1;XEUR;11820389;688;
04.03.2025;11:56:51.413;FGBL SI 20250606 PS;SIMPLE_INSTRUMENT;EFS;EUR;205;131.34000000;93;EXCHANGE_LAST;;1;1;XEUR;11820389;688;
04.03.2025;12:04:59.992;FGBL SI 20250606 PS;SIMPLE_INSTRUMENT;EFS;EUR;206;131.25000000;488;EXCHANGE_LAST;;1;1;XEUR;11820389;688;
04.03.2025;12:11:20.834;FGBL SI 20250306 PS;SIMPLE_INSTRUMENT;EFS;EUR;207;132.25000000;242;EXCHANGE_LAST;;1;1;XEUR;11286679;688;
04.03.2025;12:16:05.159;FGBL SI 20250306 PS;SIMPLE_INSTRUMENT;EFS;EUR;208;132.23000000;228;EXCHANGE_LAST;;1;1;XEUR;11286679;688;
04.03.2025;12:16:51.843;FGBL SI 20250306 PS;SIMPLE_INSTRUMENT;EFS;EUR;209;132.28000000;420;EXCHANGE_LAST;;1;1;XEUR;11286679;688;
04.03.2025;12:16:59.536;FGBL SI 20250306 PS;SIMPLE_INSTRUMENT;EFS;EUR;210;132.28000000;841;EXCHANGE_LAST;;1;1;XEUR;11286679;688;
04.03.2025;12:19:19.571;FGBL SI 20250606 PS;SIMPLE_INSTRUMENT;EFS;EUR;211;131.33000000;232;EXCHANGE_LAST;;1;1;XEUR;11820389;688;
04.03.2025;12:19:34.875;FGBL SI 20250606 PS;SIMPLE_INSTRUMENT;EFS;EUR;212;131.38000000;462;EXCHANGE_LAST;;1;1;XEUR;11820389;688;
04.03.2025;12:23:28.112;FGBL.S.MAR25.JUN25.SPD;FUTURES_SPREAD;BLOCK;EUR;213;0.91000000;14400;EXCHANGE_LAST;;1;1;XEUR;72060548975427676;688;
04.03.2025;12:23:28.112;FGBL SI 20250606 PS;SIMPLE_INSTRUMENT;BLOCK;EUR;213;131.45000000;14400;PRC_DECOMP_MEMBER;;;;XEUR;11820389;688;MEMBER
04.03.2025;12:23:28.112;FGBL SI 20250306 PS;SIMPLE_INSTRUMENT;BLOCK;EUR;213;132.36000000;14400;PRC_DECOMP_MEMBER;;;;XEUR;11286679;688;MEMBER
04.03.2025;12:23:43.802;FGBL.S.MAR25.JUN25.SPD;FUTURES_SPREAD;BLOCK;EUR;214;0.90000000;3208;EXCHANGE_LAST;;1;1;XEUR;72060548975427676;688;
04.03.2025;12:23:43.802;FGBL SI 20250606 PS;SIMPLE_INSTRUMENT;BLOCK;EUR;214;131.46000000;3208;PRC_DECOMP_MEMBER;;;;XEUR;11820389;688;MEMBER
04.03.2025;12:23:43.802;FGBL SI 20250306 PS;SIMPLE_INSTRUMENT;BLOCK;EUR;214;132.36000000;3208;PRC_DECOMP_MEMBER;;;;XEUR;11286679;688;MEMBER
04.03.2025;12:23:57.588;FGBL.S.MAR25.JUN25.SPD;FUTURES_SPREAD;BLOCK;EUR;215;0.91000000;3209;EXCHANGE_LAST;;1;1;XEUR;72060548975427676;688;
04.03.2025;12:23:57.588;FGBL SI 20250606 PS;SIMPLE_INSTRUMENT;BLOCK;EUR;215;131.46000000;3209;PRC_DECOMP_MEMBER;;;;XEUR;11820389;688;MEMBER
04.03.2025;12:23:57.588;FGBL SI 20250306 PS;SIMPLE_INSTRUMENT;BLOCK;EUR;215;132.37000000;3209;PRC_DECOMP_MEMBER;;;;XEUR;11286679;688;MEMBER
04.03.2025;12:27:12.887;FGBL SI 20250606 PS;SIMPLE_INSTRUMENT;EFP_FIN;EUR;216;131.39000000;840;EXCHANGE_LAST;;1;1;XEUR;11820389;688;
04.03.2025;12:28:27.297;FGBL SI 20250306 PS;SIMPLE_INSTRUMENT;BLOCK;EUR;217;132.35000000;2632;EXCHANGE_LAST;;1;1;XEUR;11286679;688;
04.03.2025;12:28:33.860;FGBL SI 20250606 PS;SIMPLE_INSTRUMENT;EFS;EUR;218;131.47000000;1949;EXCHANGE_LAST;;1;1;XEUR;11820389;688;
04.03.2025;12:29:20.421;FGBL SI 20250306 PS;SIMPLE_INSTRUMENT;BLOCK;EUR;219;132.36000000;2632;EXCHANGE_LAST;;1;1;XEUR;11286679;688;
04.03.2025;12:29:30.032;FGBL SI 20250306 PS;SIMPLE_INSTRUMENT;EFS;EUR;220;132.41000000;420;EXCHANGE_LAST;;1;1;XEUR;11286679;688;
04.03.2025;12:29:40.039;FGBL SI 20250306 PS;SIMPLE_INSTRUMENT;EFS;EUR;221;132.40000000;420;EXCHANGE_LAST;;1;1;XEUR;11286679;688;
04.03.2025;12:31:06.307;FGBL SI 20250606 PS;SIMPLE_INSTRUMENT;BLOCK;EUR;222;131.45000000;5297;EXCHANGE_LAST;;1;1;XEUR;11820389;688;
04.03.2025;12:32:35.392;FGBL SI 20250606 PS;SIMPLE_INSTRUMENT;EFS;EUR;223;131.40000000;464;EXCHANGE_LAST;;1;1;XEUR;11820389;688;
04.03.2025;12:35:43.197;FGBL SI 20250306 PS;SIMPLE_INSTRUMENT;EFS;EUR;224;132.40000000;294;EXCHANGE_LAST;;1;1;XEUR;11286679;688;
04.03.2025;12:38:51.437;FGBL SI 20250306 PS;SIMPLE_INSTRUMENT;EFS;EUR;225;132.42000000;420;EXCHANGE_LAST;;1;1;XEUR;11286679;688;
04.03.2025;12:48:09.856;FGBL SI 20250306 PS;SIMPLE_INSTRUMENT;EFS;EUR;226;132.28000000;898;EXCHANGE_LAST;;1;1;XEUR;11286679;688;
04.03.2025;12:49:24.500;FGBL SI 20250606 PS;SIMPLE_INSTRUMENT;EFS;EUR;227;131.38000000;928;EXCHANGE_LAST;;1;1;XEUR;11820389;688;
04.03.2025;12:55:57.970;FGBL SI 20250606 PS;SIMPLE_INSTRUMENT;EFS;EUR;228;131.38000000;1387;EXCHANGE_LAST;;1;1;XEUR;11820389;688;
04.03.2025;13:01:24.474;FGBL SI 20250606 PS;SIMPLE_INSTRUMENT;EFP_FIN;EUR;229;131.51000000;1245;EXCHANGE_LAST;;1;1;XEUR;11820389;688;
04.03.2025;13:10:34.416;FGBL SI 20250606 PS;SIMPLE_INSTRUMENT;EFS;EUR;230;131.47000000;974;EXCHANGE_LAST;;1;1;XEUR;11820389;688;
04.03.2025;13:11:49.655;FGBL.S.MAR25.JUN25.SPD;FUTURES_SPREAD;BLOCK;EUR;231;0.90000000;2805;EXCHANGE_LAST;;1;1;XEUR;72060548975427676;688;
04.03.2025;13:11:49.655;FGBL SI 20250306 PS;SIMPLE_INSTRUMENT;BLOCK;EUR;231;132.37000000;2805;PRC_DECOMP_MEMBER;;;;XEUR;11286679;688;MEMBER
04.03.2025;13:11:49.655;FGBL SI 20250606 PS;SIMPLE_INSTRUMENT;BLOCK;EUR;231;131.47000000;2805;PRC_DECOMP_MEMBER;;;;XEUR;11820389;688;MEMBER
04.03.2025;13:12:14.664;FGBL.S.MAR25.JUN25.SPD;FUTURES_SPREAD;BLOCK;EUR;232;0.91000000;2806;EXCHANGE_LAST;;1;1;XEUR;72060548975427676;688;
04.03.2025;13:12:14.664;FGBL SI 20250606 PS;SIMPLE_INSTRUMENT;BLOCK;EUR;232;131.47000000;2806;PRC_DECOMP_MEMBER;;;;XEUR;11820389;688;MEMBER
04.03.2025;13:12:14.664;FGBL SI 20250306 PS;SIMPLE_INSTRUMENT;BLOCK;EUR;232;132.38000000;2806;PRC_DECOMP_MEMBER;;;;XEUR;11286679;688;MEMBER
04.03.2025;13:15:37.478;FGBL SI 20250306 PS;SIMPLE_INSTRUMENT;EFS;EUR;233;132.37000000;943;EXCHANGE_LAST;;1;1;XEUR;11286679;688;
04.03.2025;13:15:49.048;FGBL SI 20250606 PS;SIMPLE_INSTRUMENT;EFS;EUR;234;131.47000000;243;EXCHANGE_LAST;;1;1;XEUR;11820389;688;
04.03.2025;13:16:24.907;FGBL SI 20250306 PS;SIMPLE_INSTRUMENT;EFS;EUR;235;132.36000000;420;EXCHANGE_LAST;;1;1;XEUR;11286679;688;
04.03.2025;13:19:04.443;FGBL SI 20250606 PS;SIMPLE_INSTRUMENT;EFS;EUR;236;131.48000000;139;EXCHANGE_LAST;;1;1;XEUR;11820389;688;
04.03.2025;13:20:34.228;FGBL SI 20250606 PS;SIMPLE_INSTRUMENT;EFS;EUR;237;131.48000000;356;EXCHANGE_LAST;;1;1;XEUR;11820389;688;
04.03.2025;13:21:42.613;FGBL SI 20250606 PS;SIMPLE_INSTRUMENT;EFS;EUR;238;131.51000000;243;EXCHANGE_LAST;;1;1;XEUR;11820389;688;
04.03.2025;13:21:58.016;FGBL SI 20250306 PS;SIMPLE_INSTRUMENT;EFS;EUR;239;132.38000000;356;EXCHANGE_LAST;;1;1;XEUR;11286679;688;
04.03.2025;13:22:25.154;FGBL SI 20250306 PS;SIMPLE_INSTRUMENT;EFS;EUR;240;132.47000000;420;EXCHANGE_LAST;;1;1;XEUR;11286679;688;
04.03.2025;13:29:08.020;FGBL SI 20250606 PS;SIMPLE_INSTRUMENT;EFP_FIN;EUR;241;131.45000000;247;EXCHANGE_LAST;;1;1;XEUR;11820389;688;
04.03.2025;13:35:52.697;FGBL SI 20250306 PS;SIMPLE_INSTRUMENT;BLOCK;EUR;242;132.48000000;5750;EXCHANGE_LAST;;1;1;XEUR;11286679;688;
04.03.2025;13:37:00.212;FGBL SI 20250606 PS;SIMPLE_INSTRUMENT;BLOCK;EUR;243;131.57000000;2875;EXCHANGE_LAST;;1;1;XEUR;11820389;688;
04.03.2025;13:37:00.232;FGBL SI 20250606 PS;SIMPLE_INSTRUMENT;BLOCK;EUR;244;131.58000000;2875;EXCHANGE_LAST;;1;1;XEUR;11820389;688;
04.03.2025;13:38:49.562;FGBL SI 20250606 PS;SIMPLE_INSTRUMENT;EFP_FIN;EUR;245;131.56000000;116;EXCHANGE_LAST;;1;1;XEUR;11820389;688;
04.03.2025;13:44:27.954;FGBL SI 20250306 PS;SIMPLE_INSTRUMENT;EFS;EUR;246;132.41000000;210;EXCHANGE_LAST;;1;1;XEUR;11286679;688;
04.03.2025;13:48:13.266;FGBL.S.MAR25.JUN25.SPD;FUTURES_SPREAD;BLOCK;EUR;247;0.90000000;3085;EXCHANGE_LAST;;1;1;XEUR;72060548975427676;688;
04.03.2025;13:48:13.266;FGBL SI 20250606 PS;SIMPLE_INSTRUMENT;BLOCK;EUR;247;131.47000000;3085;PRC_DECOMP_EXCHANGE;;;;XEUR;11820389;688;EXCHANGE
04.03.2025;13:48:13.266;FGBL SI 20250306 PS;SIMPLE_INSTRUMENT;BLOCK;EUR;247;132.37000000;3085;PRC_DECOMP_EXCHANGE;;;;XEUR;11286679;688;EXCHANGE
04.03.2025;13:52:22.932;FGBL SI 20250606 PS;SIMPLE_INSTRUMENT;EFS;EUR;248;131.55000000;114;EXCHANGE_LAST;;1;1;XEUR;11820389;688;
04.03.2025;13:57:48.622;FGBL SI 20250306 PS;SIMPLE_INSTRUMENT;EFS;EUR;249;132.39000000;420;EXCHANGE_LAST;;1;1;XEUR;11286679;688;
04.03.2025;14:01:09.762;FGBL SI 20250306 PS;SIMPLE_INSTRUMENT;EFS;EUR;250;132.39000000;420;EXCHANGE_LAST;;1;1;XEUR;11286679;688;
04.03.2025;14:04:29.900;FGBL SI 20250306 PS;SIMPLE_INSTRUMENT;EFS;EUR;251;132.39000000;420;EXCHANGE_LAST;;1;1;XEUR;11286679;688;
04.03.2025;14:05:37.265;FGBL SI 20250606 PS;SIMPLE_INSTRUMENT;EFS;EUR;252;131.51000000;443;EXCHANGE_LAST;;1;1;XEUR;11820389;688;
04.03.2025;14:05:54.957;FGBL SI 20250306 PS;SIMPLE_INSTRUMENT;EFS;EUR;253;132.37000000;420;EXCHANGE_LAST;;1;1;XEUR;11286679;688;
04.03.2025;14:06:19.976;FGBL SI 20250306 PS;SIMPLE_INSTRUMENT;EFS;EUR;254;132.25000000;210;EXCHANGE_LAST;;1;1;XEUR;11286679;688;
04.03.2025;14:06:34.991;FGBL SI 20250306 PS;SIMPLE_INSTRUMENT;EFS;EUR;255;132.22000000;420;EXCHANGE_LAST;;1;1;XEUR;11286679;688;
04.03.2025;14:07:50.058;FGBL SI 20250306 PS;SIMPLE_INSTRUMENT;EFS;EUR;256;132.18000000;420;EXCHANGE_LAST;;1;1;XEUR;11286679;688;
04.03.2025;14:10:17.542;FGBL SI 20250306 PS;SIMPLE_INSTRUMENT;EFP_FIN;EUR;257;132.20000000;135;EXCHANGE_LAST;;1;1;XEUR;11286679;688;
04.03.2025;14:10:48.159;FGBL SI 20250306 PS;SIMPLE_INSTRUMENT;BLOCK;EUR;258;132.16000000;2065;EXCHANGE_LAST;;1;1;XEUR;11286679;688;
04.03.2025;14:10:52.158;FGBL SI 20250606 PS;SIMPLE_INSTRUMENT;BLOCK;EUR;259;131.25000000;2065;EXCHANGE_LAST;;1;1;XEUR;11820389;688;
04.03.2025;14:15:38.057;FGBL SI 20250306 PS;SIMPLE_INSTRUMENT;EFP_FIN;EUR;260;132.20000000;68;EXCHANGE_LAST;;1;1;XEUR;11286679;688;
04.03.2025;14:11:48.496;FGBL SI 20250306 PS;SIMPLE_INSTRUMENT;EFS;EUR;261;132.22000000;885;EXCHANGE_LAST;;1;1;XEUR;11286679;688;
04.03.2025;14:13:09.166;FGBL SI 20250606 PS;SIMPLE_INSTRUMENT;EFS;EUR;262;131.32000000;935;EXCHANGE_LAST;;1;1;XEUR;11820389;688;
04.03.2025;14:14:59.979;FGBL SI 20250306 PS;SIMPLE_INSTRUMENT;EFS;EUR;263;132.24000000;420;EXCHANGE_LAST;;1;1;XEUR;11286679;688;
04.03.2025;14:15:08.667;FGBL SI 20250306 PS;SIMPLE_INSTRUMENT;BLOCK;EUR;264;132.00000000;2100;EXCHANGE_LAST;;1;1;XEUR;11286679;688;
04.03.2025;14:16:08.331;FGBL SI 20250606 PS;SIMPLE_INSTRUMENT;BLOCK;EUR;265;131.10000000;2172;EXCHANGE_LAST;;1;1;XEUR;11820389;688;
04.03.2025;14:17:54.714;FGBL SI 20250306 PS;SIMPLE_INSTRUMENT;EFS;EUR;266;132.06000000;210;EXCHANGE_LAST;;1;1;XEUR;11286679;688;
04.03.2025;14:21:35.535;FGBL SI 20250306 PS;SIMPLE_INSTRUMENT;EFS;EUR;267;131.97000000;84;EXCHANGE_LAST;;1;1;XEUR;11286679;688;
04.03.2025;14:22:57.496;FGBL SI 20250606 PS;SIMPLE_INSTRUMENT;BLOCK;EUR;268;131.08000000;2250;EXCHANGE_LAST;;1;1;XEUR;11820389;688;
04.03.2025;14:23:11.293;FGBL SI 20250606 PS;SIMPLE_INSTRUMENT;EFS;EUR;269;131.10000000;253;EXCHANGE_LAST;;1;1;XEUR;11820389;688;
04.03.2025;14:25:07.595;FGBL SI 20250606 PS;SIMPLE_INSTRUMENT;EFS;EUR;270;131.10000000;733;EXCHANGE_LAST;;1;1;XEUR;11820389;688;
04.03.2025;14:24:58.595;FGBL SI 20250606 PS;SIMPLE_INSTRUMENT;EFS;EUR;271;131.10000000;733;EXCHANGE_LAST;;1;1;XEUR;11820389;688;
04.03.2025;14:27:45.298;FGBL SI 20250306 PS;SIMPLE_INSTRUMENT;BLOCK;EUR;272;132.10000000;4000;EXCHANGE_LAST;;1;1;XEUR;11286679;688;
04.03.2025;14:28:00.300;FGBL SI 20250606 PS;SIMPLE_INSTRUMENT;BLOCK;EUR;273;131.19000000;2000;EXCHANGE_LAST;;1;1;XEUR;11820389;688;
04.03.2025;14:28:16.299;FGBL SI 20250606 PS;SIMPLE_INSTRUMENT;BLOCK;EUR;274;131.20000000;2000;EXCHANGE_LAST;;1;1;XEUR;11820389;688;
04.03.2025;14:27:45.769;FGBL SI 20250606 PS;SIMPLE_INSTRUMENT;EFS;EUR;275;131.24000000;695;EXCHANGE_LAST;;1;1;XEUR;11820389;688;
04.03.2025;14:28:46.220;FGBL SI 20250306 PS;SIMPLE_INSTRUMENT;EFS;EUR;276;132.10000000;420;EXCHANGE_LAST;;1;1;XEUR;11286679;688;
04.03.2025;14:35:37.319;FGBL SI 20250606 PS;SIMPLE_INSTRUMENT;EFS;EUR;277;131.24000000;278;EXCHANGE_LAST;;1;1;XEUR;11820389;688;
04.03.2025;14:35:50.075;FGBL SI 20250606 PS;SIMPLE_INSTRUMENT;EFS;EUR;278;131.25000000;244;EXCHANGE_LAST;;1;1;XEUR;11820389;688;
04.03.2025;14:37:19.717;FGBL SI 20250306 PS;SIMPLE_INSTRUMENT;EFS;EUR;279;132.15000000;420;EXCHANGE_LAST;;1;1;XEUR;11286679;688;
04.03.2025;14:38:16.096;FGBL SI 20250306 PS;SIMPLE_INSTRUMENT;BLOCK;EUR;280;132.71000000;3100;EXCHANGE_LAST;;1;1;XEUR;11286679;688;
04.03.2025;14:38:35.361;FGBL SI 20250606 PS;SIMPLE_INSTRUMENT;BLOCK;EUR;281;131.80000000;3122;EXCHANGE_LAST;;1;1;XEUR;11820389;688;
04.03.2025;14:40:25.177;FGBL SI 20250306 PS;SIMPLE_INSTRUMENT;EFS;EUR;282;132.34000000;420;EXCHANGE_LAST;;1;1;XEUR;11286679;688;
04.03.2025;14:43:39.574;FGBL SI 20250306 PS;SIMPLE_INSTRUMENT;EFP_FIN;EUR;283;131.98000000;795;EXCHANGE_LAST;;1;1;XEUR;11286679;688;
04.03.2025;14:51:39.224;FGBL SI 20250606 PS;SIMPLE_INSTRUMENT;EFS;EUR;284;131.38000000;926;EXCHANGE_LAST;;1;1;XEUR;11820389;688;
04.03.2025;14:52:34.276;FGBL SI 20250606 PS;SIMPLE_INSTRUMENT;EFS;EUR;285;131.15000000;488;EXCHANGE_LAST;;1;1;XEUR;11820389;688;
04.03.2025;15:00:25.436;FGBL SI 20250306 PS;SIMPLE_INSTRUMENT;EFS;EUR;286;132.25000000;420;EXCHANGE_LAST;;1;1;XEUR;11286679;688;
04.03.2025;15:01:39.473;FGBL SI 20250606 PS;SIMPLE_INSTRUMENT;EFP_FIN;EUR;287;131.40000000;1092;EXCHANGE_LAST;;1;1;XEUR;11820389;688;
04.03.2025;15:02:36.343;FGBL SI 20250306 PS;SIMPLE_INSTRUMENT;EFS;EUR;288;132.23000000;420;EXCHANGE_LAST;;1;1;XEUR;11286679;688;
04.03.2025;15:03:42.319;FGBL SI 20250306 PS;SIMPLE_INSTRUMENT;EFP_FIN;EUR;289;132.12000000;1647;EXCHANGE_LAST;;1;1;XEUR;11286679;688;
04.03.2025;15:04:30.319;FGBL SI 20250606 PS;SIMPLE_INSTRUMENT;EFS;EUR;290;131.25000000;656;EXCHANGE_LAST;;1;1;XEUR;11820389;688;
04.03.2025;15:13:30.868;FGBL SI 20250306 PS;SIMPLE_INSTRUMENT;EFP_FIN;EUR;291;132.23000000;359;EXCHANGE_LAST;;1;1;XEUR;11286679;688;
04.03.2025;15:07:40.729;FGBL SI 20250306 PS;SIMPLE_INSTRUMENT;EFS;EUR;292;132.34000000;420;EXCHANGE_LAST;;1;1;XEUR;11286679;688;
04.03.2025;15:07:55.743;FGBL SI 20250306 PS;SIMPLE_INSTRUMENT;EFS;EUR;293;132.34000000;420;EXCHANGE_LAST;;1;1;XEUR;11286679;688;
04.03.2025;15:08:00.815;FGBL SI 20250606 PS;SIMPLE_INSTRUMENT;EFS;EUR;294;131.35000000;1463;EXCHANGE_LAST;;1;1;XEUR;11820389;688;
04.03.2025;15:10:57.126;FGBL SI 20250306 PS;SIMPLE_INSTRUMENT;EFP_FIN;EUR;295;132.22000000;52;EXCHANGE_LAST;;1;1;XEUR;11286679;688;
04.03.2025;15:10:07.703;FGBL SI 20250606 PS;SIMPLE_INSTRUMENT;EFS;EUR;296;131.44000000;1461;EXCHANGE_LAST;;1;1;XEUR;11820389;688;
04.03.2025;15:11:59.009;FGBL SI 20250306 PS;SIMPLE_INSTRUMENT;EFS;EUR;297;132.25000000;101;EXCHANGE_LAST;;1;1;XEUR;11286679;688;
04.03.2025;15:15:02.096;FGBL SI 20250606 PS;SIMPLE_INSTRUMENT;EFS;EUR;298;131.53000000;925;EXCHANGE_LAST;;1;1;XEUR;11820389;688;
04.03.2025;15:15:10.422;FGBL SI 20250306 PS;SIMPLE_INSTRUMENT;EFS;EUR;299;132.36000000;420;EXCHANGE_LAST;;1;1;XEUR;11286679;688;
04.03.2025;15:17:05.854;FGBL SI 20250606 PS;SIMPLE_INSTRUMENT;EFP_FIN;EUR;300;131.55000000;190;EXCHANGE_LAST;;1;1;XEUR;11820389;688;
04.03.2025;15:18:09.943;FGBL SI 20250306 PS;SIMPLE_INSTRUMENT;EFS;EUR;301;132.33000000;210;EXCHANGE_LAST;;1;1;XEUR;11286679;688;
04.03.2025;15:19:10.098;FGBL SI 20250306 PS;SIMPLE_INSTRUMENT;EFS;EUR;302;132.38000000;420;EXCHANGE_LAST;;1;1;XEUR;11286679;688;
04.03.2025;15:19:52.877;FGBL SI 20250606 PS;SIMPLE_INSTRUMENT;EFS;EUR;303;131.54000000;974;EXCHANGE_LAST;;1;1;XEUR;11820389;688;
04.03.2025;15:20:01.304;FGBL SI 20250306 PS;SIMPLE_INSTRUMENT;EFS;EUR;304;132.44000000;420;EXCHANGE_LAST;;1;1;XEUR;11286679;688;
04.03.2025;15:20:36.337;FGBL SI 20250306 PS;SIMPLE_INSTRUMENT;EFS;EUR;305;132.48000000;420;EXCHANGE_LAST;;1;1;XEUR;11286679;688;
04.03.2025;15:20:58.431;FGBL SI 20250306 PS;SIMPLE_INSTRUMENT;EFS;EUR;306;132.43000000;84;EXCHANGE_LAST;;1;1;XEUR;11286679;688;
04.03.2025;15:21:50.203;FGBL SI 20250306 PS;SIMPLE_INSTRUMENT;EFS;EUR;307;132.41000000;420;EXCHANGE_LAST;;1;1;XEUR;11286679;688;
04.03.2025;15:23:56.932;FGBL SI 20250306 PS;SIMPLE_INSTRUMENT;EFS;EUR;308;132.36000000;210;EXCHANGE_LAST;;1;1;XEUR;11286679;688;
04.03.2025;15:24:59.911;FGBL SI 20250606 PS;SIMPLE_INSTRUMENT;EFS;EUR;309;131.50000000;660;EXCHANGE_LAST;;1;1;XEUR;11820389;688;
04.03.2025;15:28:06.090;FGBL SI 20250306 PS;SIMPLE_INSTRUMENT;EFS;EUR;310;132.44000000;210;EXCHANGE_LAST;;1;1;XEUR;11286679;688;
04.03.2025;15:28:00.402;FGBL SI 20250606 PS;SIMPLE_INSTRUMENT;EFS;EUR;311;131.57000000;1946;EXCHANGE_LAST;;1;1;XEUR;11820389;688;
04.03.2025;15:29:07.680;FGBL SI 20250306 PS;SIMPLE_INSTRUMENT;EFS;EUR;312;132.40000000;420;EXCHANGE_LAST;;1;1;XEUR;11286679;688;
04.03.2025;15:30:13.410;FGBL SI 20250606 PS;SIMPLE_INSTRUMENT;EFS;EUR;313;131.58000000;1487;EXCHANGE_LAST;;1;1;XEUR;11820389;688;
04.03.2025;15:30:48.522;FGBL SI 20250606 PS;SIMPLE_INSTRUMENT;EFS;EUR;314;131.38000000;1463;EXCHANGE_LAST;;1;1;XEUR;11820389;688;
04.03.2025;15:33:55.494;FGBL SI 20250306 PS;SIMPLE_INSTRUMENT;EFS;EUR;316;132.45000000;210;EXCHANGE_LAST;;1;1;XEUR;11286679;688;
04.03.2025;15:39:33.423;FGBL SI 20250306 PS;SIMPLE_INSTRUMENT;EFP_FIN;EUR;317;132.29000000;743;EXCHANGE_LAST;;1;1;XEUR;11286679;688;
04.03.2025;15:41:41.819;FGBL SI 20250306 PS;SIMPLE_INSTRUMENT;EFS;EUR;318;132.23000000;745;EXCHANGE_LAST;;1;1;XEUR;11286679;688;
04.03.2025;15:44:38.015;FGBL SI 20250606 PS;SIMPLE_INSTRUMENT;EFS;EUR;320;131.51000000;487;EXCHANGE_LAST;;1;1;XEUR;11820389;688;
