#Date;TrdTime;Contract;ContractType;TrdTyp;Currency;TesId;Prc;Qty;TrdInd;Aggressor;Buy;Sell;Exch;InstrumentId;RelatedProdId;PrcDecomp
22.05.2025;09:26:58.339;A2SG SI 20250620 CS;SIMPLE_INSTRUMENT;BLOCK;EUR;8;1.43000000;890;EXCHANGE_LAST;;1;1;XEUR;10827627;14;
22.05.2025;09:51:07.026;A2SG SI 20250620 CS;SIMPLE_INSTRUMENT;BLOCK;EUR;11;1.43000000;1750;EXCHANGE_LAST;;1;1;XEUR;10827627;14;
22.05.2025;14:23:08.560;A2SG SI 20250620 CS;SIMPLE_INSTRUMENT;BLOCK;EUR;38;1.43000000;572;EXCHANGE_LAST;;1;1;XEUR;10827627;14;
22.05.2025;14:31:05.077;A2SG SI 20250620 CS;SIMPLE_INSTRUMENT;BLOCK;EUR;39;1.43000000;572;EXCHANGE_LAST;;1;1;XEUR;10827627;14;
22.05.2025;15:15:58.826;A2SG SI 20250620 CS;SIMPLE_INSTRUMENT;BLOCK;EUR;49;1.43000000;890;EXCHANGE_LAST;;1;1;XEUR;10827627;14;
22.05.2025;08:23:10.689;ABBN SI 20260320 PS AM P 38.00 0;SIMPLE_INSTRUMENT;BLOCK;CHF;2;1.25000000;1250;EXCHANGE_LAST;;1;1;XEUR;13051983;574517;
22.05.2025;08:49:04.848;ABBN FI 20250618 CS EU C 48.8000 0;FLEXIBLE_INSTRUMENT;BLOCK;CHF;11;0.63000000;1580;EXCHANGE_LAST;;1;1;XEUR;1155389036332855046;574517;
22.05.2025;08:49:49.119;ABBN SI 20260619 PS AM P 48.00 0;SIMPLE_INSTRUMENT;BLOCK;CHF;12;5.35000000;1000;EXCHANGE_LAST;;1;1;XEUR;9600909;574517;
22.05.2025;12:13:29.291;ABBN SI 20260619 PS AM C 48.00 0;SIMPLE_INSTRUMENT;BLOCK;CHF;46;4.14000000;1250;EXCHANGE_LAST;;1;1;XEUR;9600906;574517;
22.05.2025;12:43:57.808;ABBN SI 20250620 PS AM P 47.00 0;SIMPLE_INSTRUMENT;BLOCK;CHF;49;1.17000000;1000;EXCHANGE_LAST;;1;1;XEUR;11849038;574517;
22.05.2025;10:32:40.238;ADEN.O.250522.PDIA.000001;STANDARD_OPTION_STRATEGY;BLOCK;CHF;34;0.20000000;1500;EXCHANGE_LAST;;1;1;XEUR;72057783016515956;44;
22.05.2025;10:32:40.238;ADEN SI 20250620 PS AM P 22.00 0;SIMPLE_INSTRUMENT;BLOCK;CHF;34;0.39000000;1500;PRC_DECOMP_EXCHANGE;;;;XEUR;11347907;44;EXCHANGE
22.05.2025;10:32:40.238;ADEN SI 20250815 PS AM P 20.50 0;SIMPLE_INSTRUMENT;BLOCK;CHF;34;0.59000000;1500;PRC_DECOMP_EXCHANGE;;;;XEUR;13403053;44;EXCHANGE
22.05.2025;07:19:52.537;ADS SI 20250620 PS AM C 225.00 0;SIMPLE_INSTRUMENT;BLOCK;EUR;1;4.22000000;1000;EXCHANGE_LAST;;1;1;XEUR;12994376;50;
22.05.2025;09:52:26.967;ADS SI 20261218 PS AM P 180.00 0;SIMPLE_INSTRUMENT;BLOCK;EUR;3;14.00000000;250;EXCHANGE_LAST;;1;1;XEUR;7152101;50;
22.05.2025;09:23:13.462;AEN.O.250522.STG.000001;STANDARD_OPTION_STRATEGY;BLOCK;EUR;5;0.62000000;8000;EXCHANGE_LAST;;3;1;XEUR;72057821671199334;53;
22.05.2025;09:23:13.462;AEN SI 20251219 CS AM P 5.60 0;SIMPLE_INSTRUMENT;BLOCK;EUR;5;0.36000000;8000;PRC_DECOMP_MEMBER;;;;XEUR;6111626;53;MEMBER
22.05.2025;09:23:13.462;AEN SI 20251219 CS AM C 6.40 0;SIMPLE_INSTRUMENT;BLOCK;EUR;5;0.26000000;8000;PRC_DECOMP_MEMBER;;;;XEUR;6184097;53;MEMBER
22.05.2025;12:29:40.836;AIR.O.250522.STG.000003;STANDARD_OPTION_STRATEGY;BLOCK;EUR;31;25.10000000;300;EXCHANGE_LAST;;1;1;XEUR;72057868915850963;64;
22.05.2025;12:29:40.836;AIR SI 20261218 PS AM P 180.00 0;SIMPLE_INSTRUMENT;BLOCK;EUR;31;13.61000000;300;PRC_DECOMP_EXCHANGE;;;;XEUR;11290372;64;EXCHANGE
22.05.2025;12:29:40.836;AIR SI 20261218 PS AM C 200.00 0;SIMPLE_INSTRUMENT;BLOCK;EUR;31;11.49000000;300;PRC_DECOMP_EXCHANGE;;;;XEUR;11290365;64;EXCHANGE
22.05.2025;10:01:10.421;ALC SI 20250620 PS AM C 78.00 0;SIMPLE_INSTRUMENT;BLOCK;CHF;27;0.24000000;600;EXCHANGE_LAST;;1;1;XEUR;13038261;130134;
22.05.2025;14:28:47.221;ALH SI 20250718 PS AM C 1.70 0;SIMPLE_INSTRUMENT;ENLIGHT;EUR;40;0.05000000;550;EXCHANGE_LAST;;1;1;XEUR;13292021;1052254;
22.05.2025;07:21:22.752;ANN SI 20250620 PS AM C 32.00 0;SIMPLE_INSTRUMENT;BLOCK;EUR;1;0.03000000;11000;EXCHANGE_LAST;;1;1;XEUR;7921075;45202;
22.05.2025;10:41:21.073;ANN SI 20250620 PS AM C 32.00 0;SIMPLE_INSTRUMENT;BLOCK;EUR;12;0.04000000;1000;EXCHANGE_LAST;;1;1;XEUR;7921075;45202;
22.05.2025;12:44:24.203;ANN SI 20260320 PS AM P 24.00 0;SIMPLE_INSTRUMENT;BLOCK;EUR;19;1.42000000;750;EXCHANGE_LAST;;1;1;XEUR;13030921;45202;
22.05.2025;09:26:44.001;ASGF SI 20250619 CS;SIMPLE_INSTRUMENT;BLOCK;EUR;7;32.85500000;10000;EXCHANGE_LAST;;1;1;XEUR;12186943;949862;
22.05.2025;14:22:39.826;ASGF SI 20250619 CS;SIMPLE_INSTRUMENT;BLOCK;EUR;37;33.55650000;6500;EXCHANGE_LAST;;1;1;XEUR;12186943;949862;
22.05.2025;15:15:45.119;ASGF SI 20250619 CS;SIMPLE_INSTRUMENT;BLOCK;EUR;48;33.10500000;10000;EXCHANGE_LAST;;1;1;XEUR;12186943;949862;
22.05.2025;08:18:41.093;ASM SI 20250620 PS AM P 600.00 0;SIMPLE_INSTRUMENT;BLOCK;EUR;2;7.35000000;250;EXCHANGE_LAST;;1;1;XEUR;11349935;107;
22.05.2025;08:38:31.851;ASM SI 20250919 PS AM C 600.00 0;SIMPLE_INSTRUMENT;BLOCK;EUR;3;87.90000000;150;EXCHANGE_LAST;;1;1;XEUR;11872146;107;
22.05.2025;09:46:39.536;ASM SI 20260320 PS AM P 520.00 0;SIMPLE_INSTRUMENT;BLOCK;EUR;7;30.85000000;150;EXCHANGE_LAST;;1;1;XEUR;12996155;107;
22.05.2025;10:39:29.395;ASM SI 20250620 PS AM C 700.00 0;SIMPLE_INSTRUMENT;BLOCK;EUR;13;8.25000000;300;EXCHANGE_LAST;;1;1;XEUR;12996044;107;
22.05.2025;08:48:13.914;AXA SI 20260619 PS AM P 32.00 0;SIMPLE_INSTRUMENT;BLOCK;EUR;8;1.00000000;2700;EXCHANGE_LAST;;1;1;XEUR;9538765;127;
22.05.2025;08:48:25.848;AXA SI 20260619 PS AM P 33.00 0;SIMPLE_INSTRUMENT;BLOCK;EUR;9;1.15000000;2700;EXCHANGE_LAST;;1;1;XEUR;12767443;127;
22.05.2025;09:42:48.659;AXA.O.250522.BRT.000002;STANDARD_OPTION_STRATEGY;BLOCK;EUR;15;1.28000000;4000;EXCHANGE_LAST;;1;2;XEUR;72058139498796592;127;
22.05.2025;09:42:48.659;AXA SI 20261218 PS AM P 36.00 0;SIMPLE_INSTRUMENT;BLOCK;EUR;15;2.37000000;4000;PRC_DECOMP_EXCHANGE;;;;XEUR;7153191;127;EXCHANGE
22.05.2025;09:42:48.659;AXA SI 20271217 PS AM P 36.00 0;SIMPLE_INSTRUMENT;BLOCK;EUR;15;3.65000000;4000;PRC_DECOMP_EXCHANGE;;;;XEUR;8773947;127;EXCHANGE
22.05.2025;09:58:52.373;AXA.O.250522.BRT.000002;STANDARD_OPTION_STRATEGY;BLOCK;EUR;16;1.28000000;1000;EXCHANGE_LAST;;1;1;XEUR;72058139498796592;127;
22.05.2025;09:58:52.373;AXA SI 20261218 PS AM P 36.00 0;SIMPLE_INSTRUMENT;BLOCK;EUR;16;2.37000000;1000;PRC_DECOMP_MEMBER;;;;XEUR;7153191;127;MEMBER
22.05.2025;09:58:52.373;AXA SI 20271217 PS AM P 36.00 0;SIMPLE_INSTRUMENT;BLOCK;EUR;16;3.65000000;1000;PRC_DECOMP_MEMBER;;;;XEUR;8773947;127;MEMBER
22.05.2025;14:17:18.607;B2PE SI 20250620 CS;SIMPLE_INSTRUMENT;BLOCK;EUR;36;0.60000000;3520;EXCHANGE_LAST;;1;1;XEUR;12178633;949835;
22.05.2025;14:56:11.096;B2PE SI 20250620 CS;SIMPLE_INSTRUMENT;BLOCK;EUR;42;0.60000000;1558;EXCHANGE_LAST;;1;1;XEUR;12178633;949835;
22.05.2025;15:00:40.522;B2PE SI 20250620 CS;SIMPLE_INSTRUMENT;BLOCK;EUR;43;0.60000000;1558;EXCHANGE_LAST;;1;1;XEUR;12178633;949835;
22.05.2025;10:05:28.829;BAEN SI 20260320 PS AM P 50.00 0;SIMPLE_INSTRUMENT;BLOCK;CHF;29;3.62000000;750;EXCHANGE_LAST;;1;1;XEUR;12996733;159;
22.05.2025;10:03:48.939;BAEN SI 20260619 PS AM P 48.00 0;SIMPLE_INSTRUMENT;BLOCK;CHF;30;4.18000000;1000;EXCHANGE_LAST;;1;1;XEUR;9539210;159;
22.05.2025;09:31:30.825;BARN SI 20260320 PS AM P 600.00 0;SIMPLE_INSTRUMENT;BLOCK;CHF;21;44.65000000;350;EXCHANGE_LAST;;1;1;XEUR;13089061;149;
22.05.2025;09:31:25.664;BARN SI 20260619 PS AM P 560.00 0;SIMPLE_INSTRUMENT;BLOCK;CHF;22;44.24000000;325;EXCHANGE_LAST;;1;1;XEUR;11513967;149;
22.05.2025;08:47:14.327;BAS.O.250522.STD.000006;STANDARD_OPTION_STRATEGY;BLOCK;EUR;1;9.95000000;1000;EXCHANGE_LAST;;1;1;XEUR;72058238283094535;150;
22.05.2025;08:47:14.327;BAS SI 20260619 PS AM C 44.00 0;SIMPLE_INSTRUMENT;BLOCK;EUR;1;4.22000000;1000;PRC_DECOMP_EXCHANGE;;;;XEUR;9539324;150;EXCHANGE
22.05.2025;08:47:14.327;BAS SI 20260619 PS AM P 44.00 0;SIMPLE_INSTRUMENT;BLOCK;EUR;1;5.73000000;1000;PRC_DECOMP_EXCHANGE;;;;XEUR;9539350;150;EXCHANGE
22.05.2025;14:50:40.559;BAS SI 20281215 PS AM P 38.00 0;SIMPLE_INSTRUMENT;BLOCK;EUR;10;6.28000000;1000;EXCHANGE_LAST;;1;1;XEUR;12302716;150;
22.05.2025;12:07:05.888;BAY SI 20251219 PS AM C 26.00 0;SIMPLE_INSTRUMENT;BLOCK;EUR;3;2.63000000;11000;EXCHANGE_LAST;;1;3;XEUR;11594950;168;
22.05.2025;13:32:44.718;BAY.O.250522.BLT.000037;STANDARD_OPTION_STRATEGY;BLOCK;EUR;5;0.51000000;8000;EXCHANGE_LAST;;1;2;XEUR;72058315592511661;168;
22.05.2025;13:32:44.718;BAY SI 20250718 PS AM C 26.00 0;SIMPLE_INSTRUMENT;BLOCK;EUR;5;0.96000000;8000;PRC_DECOMP_EXCHANGE;;;;XEUR;13236395;168;EXCHANGE
22.05.2025;13:32:44.718;BAY SI 20250620 PS AM C 26.00 0;SIMPLE_INSTRUMENT;BLOCK;EUR;5;0.45000000;8000;PRC_DECOMP_EXCHANGE;;;;XEUR;10324700;168;EXCHANGE
22.05.2025;13:35:43.790;BAY SI 20260320 PS AM P 20.00 0;SIMPLE_INSTRUMENT;BLOCK;EUR;6;1.76000000;1000;EXCHANGE_LAST;;1;1;XEUR;12997348;168;
22.05.2025;13:44:57.464;BAY.O.250522.BLT.000037;STANDARD_OPTION_STRATEGY;BLOCK;EUR;7;0.51000000;2000;EXCHANGE_LAST;;1;1;XEUR;72058315592511661;168;
22.05.2025;13:44:57.464;BAY SI 20250718 PS AM C 26.00 0;SIMPLE_INSTRUMENT;BLOCK;EUR;7;0.96000000;2000;PRC_DECOMP_MEMBER;;;;XEUR;13236395;168;MEMBER
22.05.2025;13:44:57.464;BAY SI 20250620 PS AM C 26.00 0;SIMPLE_INSTRUMENT;BLOCK;EUR;7;0.45000000;2000;PRC_DECOMP_MEMBER;;;;XEUR;10324700;168;MEMBER
22.05.2025;14:01:20.908;BAY SI 20250620 PS AM C 27.00 0;SIMPLE_INSTRUMENT;BLOCK;EUR;8;0.28000000;10000;EXCHANGE_LAST;;2;1;XEUR;11992379;168;
22.05.2025;14:50:26.321;BAY SI 20251219 PS AM P 22.00 0;SIMPLE_INSTRUMENT;BLOCK;EUR;9;2.20000000;5500;EXCHANGE_LAST;;1;2;XEUR;12231605;168;
22.05.2025;13:12:53.524;BBL SI 20260320 PS AM P 300 0;SIMPLE_INSTRUMENT;BLOCK;GBX;4;25.00000000;700;EXCHANGE_LAST;;1;1;XEUR;12997044;173;
22.05.2025;13:13:02.553;BBL SI 20260320 PS AM P 300 0;SIMPLE_INSTRUMENT;BLOCK;GBX;5;25.50000000;300;EXCHANGE_LAST;;1;1;XEUR;12997044;173;
22.05.2025;13:39:34.666;BBL SI 20260320 PS AM P 300 0;SIMPLE_INSTRUMENT;BLOCK;GBX;6;25.00000000;700;EXCHANGE_LAST;;1;1;XEUR;12997044;173;
22.05.2025;13:39:44.889;BBL SI 20260320 PS AM P 300 0;SIMPLE_INSTRUMENT;BLOCK;GBX;7;25.50000000;300;EXCHANGE_LAST;;1;1;XEUR;12997044;173;
22.05.2025;13:45:58.255;BBL SI 20260320 PS AM P 320 0;SIMPLE_INSTRUMENT;BLOCK;GBX;8;33.50000000;1800;EXCHANGE_LAST;;1;1;XEUR;12997035;173;
22.05.2025;13:46:08.439;BBL SI 20260320 PS AM P 320 0;SIMPLE_INSTRUMENT;BLOCK;GBX;9;33.00000000;200;EXCHANGE_LAST;;1;1;XEUR;12997035;173;
22.05.2025;10:10:48.927;BMW SI 20260320 PS AM P 84.00 0;SIMPLE_INSTRUMENT;BLOCK;EUR;6;10.95000000;800;EXCHANGE_LAST;;1;1;XEUR;12998568;210;
22.05.2025;11:41:42.831;BMW SI 20251219 PS AM P 56.00 0;SIMPLE_INSTRUMENT;BLOCK;EUR;15;1.25000000;1000;EXCHANGE_LAST;;1;1;XEUR;6394062;210;
22.05.2025;10:41:36.491;BNP.O.250522.BR23.000001;STANDARD_OPTION_STRATEGY;BLOCK;EUR;23;-16.40000000;375;EXCHANGE_LAST;;1;1;XEUR;72058611945201497;237;
22.05.2025;10:41:36.491;BNP SI 20291221 PS AM P 72.00 0;SIMPLE_INSTRUMENT;BLOCK;EUR;23;16.96000000;750;PRC_DECOMP_EXCHANGE;;;;XEUR;12435648;237;EXCHANGE
22.05.2025;10:41:36.491;BNP SI 20291221 PS AM P 44.00 0;SIMPLE_INSTRUMENT;BLOCK;EUR;23;5.84000000;1125;PRC_DECOMP_EXCHANGE;;;;XEUR;12435593;237;EXCHANGE
22.05.2025;10:46:37.865;BNP SI 20260320 PS AM C 80.00 0;SIMPLE_INSTRUMENT;BLOCK;EUR;24;5.65000000;1250;EXCHANGE_LAST;;1;1;XEUR;12999071;237;
22.05.2025;10:46:27.011;BNP SI 20260619 PS AM P 80.00 0;SIMPLE_INSTRUMENT;BLOCK;EUR;25;10.65000000;1250;EXCHANGE_LAST;;1;1;XEUR;9541671;237;
22.05.2025;11:00:33.971;BNP FI 20250620 PS EU C 66.0000 0;FLEXIBLE_INSTRUMENT;BLOCK;EUR;26;11.90000000;7500;EXCHANGE_LAST;;1;1;XEUR;1152922522514108448;237;
22.05.2025;12:06:50.778;BNP.O.250522.BR23.000001;STANDARD_OPTION_STRATEGY;BLOCK;EUR;30;-16.40000000;750;EXCHANGE_LAST;;1;2;XEUR;72058611945201497;237;
22.05.2025;12:06:50.778;BNP SI 20291221 PS AM P 72.00 0;SIMPLE_INSTRUMENT;BLOCK;EUR;30;16.96000000;1500;PRC_DECOMP_MEMBER;;;;XEUR;12435648;237;MEMBER
22.05.2025;12:06:50.778;BNP SI 20291221 PS AM P 44.00 0;SIMPLE_INSTRUMENT;BLOCK;EUR;30;5.84000000;2250;PRC_DECOMP_MEMBER;;;;XEUR;12435593;237;MEMBER
22.05.2025;13:31:42.315;BNP.O.250522.STG.000003;STANDARD_OPTION_STRATEGY;BLOCK;EUR;37;16.40000000;600;EXCHANGE_LAST;;1;1;XEUR;72058611945201499;237;
22.05.2025;13:31:42.315;BNP SI 20261218 PS AM P 74.00 0;SIMPLE_INSTRUMENT;BLOCK;EUR;37;9.85000000;600;PRC_DECOMP_EXCHANGE;;;;XEUR;12761957;237;EXCHANGE
22.05.2025;13:31:42.315;BNP SI 20261218 PS AM C 82.00 0;SIMPLE_INSTRUMENT;BLOCK;EUR;37;6.55000000;600;PRC_DECOMP_EXCHANGE;;;;XEUR;12762005;237;EXCHANGE
22.05.2025;13:40:49.716;BNRG SI 20250620 CS;SIMPLE_INSTRUMENT;BLOCK;EUR;30;57.62000000;400;EXCHANGE_LAST;;1;1;XEUR;11193534;44360;
22.05.2025;14:15:54.513;BPEF SI 20250619 CS;SIMPLE_INSTRUMENT;BLOCK;EUR;35;7.65890000;4000;EXCHANGE_LAST;;1;1;XEUR;11161772;226;
22.05.2025;14:54:05.232;BPEF SI 20250619 CS;SIMPLE_INSTRUMENT;BLOCK;EUR;41;7.65890000;1750;EXCHANGE_LAST;;1;1;XEUR;11161772;226;
22.05.2025;10:11:13.032;BPV SI 20260618 PS AM P 4.00 0;SIMPLE_INSTRUMENT;BLOCK;EUR;10;0.11500000;1500;EXCHANGE_LAST;;1;1;XEUR;11337179;251;
22.05.2025;14:09:14.151;BRNT.O.250522.STG.000001;STANDARD_OPTION_STRATEGY;BLOCK;USD;1;4.81000000;15188;EXCHANGE_LAST;;1;1;XEUR;73634895007580162;367244;
22.05.2025;14:09:14.151;BRNT SI 20250620 PS EU P 50.00 0;SIMPLE_INSTRUMENT;BLOCK;USD;1;4.75000000;15188;PRC_DECOMP_MEMBER;;;;XEUR;7288595;367244;MEMBER
22.05.2025;14:09:14.151;BRNT SI 20250620 PS EU C 56.00 0;SIMPLE_INSTRUMENT;BLOCK;USD;1;0.06000000;15188;PRC_DECOMP_MEMBER;;;;XEUR;7474227;367244;MEMBER
22.05.2025;11:37:18.877;CBKH SI 20250620 CS;SIMPLE_INSTRUMENT;BLOCK;EUR;16;26.30590000;35000;EXCHANGE_LAST;;1;1;XEUR;11192082;10390;
22.05.2025;08:35:06.484;CFR FI 20250618 CS EU C 167.5000 0;FLEXIBLE_INSTRUMENT;BLOCK;CHF;8;1.97000000;460;EXCHANGE_LAST;;1;1;XEUR;1152922848931628671;313;
22.05.2025;09:40:06.081;CFR.O.250522.STG.000002;STANDARD_OPTION_STRATEGY;BLOCK;CHF;24;19.74000000;350;EXCHANGE_LAST;;1;1;XEUR;72058938362730008;313;
22.05.2025;09:40:06.081;CFR SI 20251219 PS AM C 170.00 0;SIMPLE_INSTRUMENT;BLOCK;CHF;24;9.34000000;350;PRC_DECOMP_MEMBER;;;;XEUR;12437084;313;MEMBER
22.05.2025;09:40:06.081;CFR SI 20251219 PS AM P 150.00 0;SIMPLE_INSTRUMENT;BLOCK;CHF;24;10.40000000;350;PRC_DECOMP_MEMBER;;;;XEUR;12437081;313;MEMBER
22.05.2025;11:27:01.145;CFR.O.250522.COMBO.000007;STANDARD_OPTION_STRATEGY;BLOCK;CHF;39;-0.70000000;700;EXCHANGE_LAST;;1;2;XEUR;72058938362730013;313;
22.05.2025;11:27:01.145;CFR SI 20250620 PS AM C 170.00 0;SIMPLE_INSTRUMENT;BLOCK;CHF;39;1.26000000;700;PRC_DECOMP_EXCHANGE;;;;XEUR;11354567;313;EXCHANGE
22.05.2025;11:27:01.145;CFR SI 20250620 PS AM P 140.00 0;SIMPLE_INSTRUMENT;BLOCK;CHF;39;0.56000000;700;PRC_DECOMP_EXCHANGE;;;;XEUR;9996499;313;EXCHANGE
22.05.2025;13:40:54.805;CFR SI 20250919 PS AM C 170.00 0;SIMPLE_INSTRUMENT;BLOCK;CHF;53;5.54000000;1000;EXCHANGE_LAST;;1;1;XEUR;11876552;313;
22.05.2025;13:41:09.806;CFR SI 20250919 PS AM C 190.00 0;SIMPLE_INSTRUMENT;BLOCK;CHF;54;1.82000000;320;EXCHANGE_LAST;;1;1;XEUR;11876571;313;
22.05.2025;13:41:27.807;CFR SI 20250919 PS AM C 190.00 0;SIMPLE_INSTRUMENT;BLOCK;CHF;55;1.83000000;680;EXCHANGE_LAST;;1;1;XEUR;11876571;313;
22.05.2025;16:11:42.364;CLX SI 20271217 PS AM C 36.00 0;SIMPLE_INSTRUMENT;BLOCK;EUR;27;4.90000000;5000;EXCHANGE_LAST;;1;1;XEUR;8998960;626615;
22.05.2025;14:16:16.811;D3AI SI 20261218 CS;SIMPLE_INSTRUMENT;BLOCK;EUR;33;2.53000000;200;EXCHANGE_LAST;;2;1;XEUR;7144051;443197;
22.05.2025;13:32:48.017;D4BK SI 20250620 CS;SIMPLE_INSTRUMENT;BLOCK;EUR;27;0.68000000;436;EXCHANGE_LAST;;2;1;XEUR;10868081;51565;
22.05.2025;11:59:15.831;DAI.O.250522.BRT.000002;STANDARD_OPTION_STRATEGY;BLOCK;EUR;16;3.43000000;750;EXCHANGE_LAST;;1;1;XEUR;73961106363666675;443196;
22.05.2025;11:59:15.831;DAI SI 20260320 PS AM P 52.00 0;SIMPLE_INSTRUMENT;BLOCK;EUR;16;4.71000000;750;PRC_DECOMP_EXCHANGE;;;;XEUR;13049848;443196;EXCHANGE
22.05.2025;11:59:15.831;DAI SI 20250620 PS AM P 52.00 0;SIMPLE_INSTRUMENT;BLOCK;EUR;16;1.28000000;750;PRC_DECOMP_EXCHANGE;;;;XEUR;7934288;443196;EXCHANGE
22.05.2025;12:18:39.785;DAI SI 20250620 PS AM P 52.00 0;SIMPLE_INSTRUMENT;BLOCK;EUR;17;1.34000000;1500;EXCHANGE_LAST;;1;1;XEUR;7934288;443196;
22.05.2025;13:31:21.284;DBKI SI 20250620 CS;SIMPLE_INSTRUMENT;BLOCK;EUR;26;24.62000000;5250;EXCHANGE_LAST;;2;1;XEUR;11195773;51566;
22.05.2025;10:29:48.082;DPW SI 20260619 PS AM C 40.00 0;SIMPLE_INSTRUMENT;BLOCK;EUR;10;3.50000000;700;EXCHANGE_LAST;;1;1;XEUR;9545242;445;
22.05.2025;10:39:23.194;DPW SI 20271217 PS AM P 32.00 0;SIMPLE_INSTRUMENT;BLOCK;EUR;11;3.25000000;3500;EXCHANGE_LAST;;1;3;XEUR;8780093;445;
22.05.2025;09:47:39.115;DTE SI 20250718 PS AM C 34.50 0;SIMPLE_INSTRUMENT;BLOCK;EUR;6;1.04000000;7350;EXCHANGE_LAST;;1;1;XEUR;13240013;424;
22.05.2025;09:48:23.272;DTE SI 20250620 PS AM C 34.00 0;SIMPLE_INSTRUMENT;BLOCK;EUR;7;0.94000000;3983;EXCHANGE_LAST;;1;1;XEUR;11356822;424;
22.05.2025;09:48:55.247;DTE SI 20250620 PS AM C 34.00 0;SIMPLE_INSTRUMENT;BLOCK;EUR;8;0.93000000;2117;EXCHANGE_LAST;;1;1;XEUR;11356822;424;
22.05.2025;09:49:32.876;DTE SI 20250718 PS AM C 37.50 0;SIMPLE_INSTRUMENT;BLOCK;EUR;9;0.24000000;7350;EXCHANGE_LAST;;1;1;XEUR;13305417;424;
22.05.2025;11:33:34.670;DTE.O.250522.STG.000009;STANDARD_OPTION_STRATEGY;BLOCK;EUR;18;1.74000000;4500;EXCHANGE_LAST;;2;1;XEUR;72059415104109671;424;
22.05.2025;11:33:34.670;DTE SI 20250919 PS AM C 36.00 0;SIMPLE_INSTRUMENT;BLOCK;EUR;18;0.98000000;4500;PRC_DECOMP_EXCHANGE;;;;XEUR;11878528;424;EXCHANGE
22.05.2025;11:33:34.670;DTE SI 20250919 PS AM P 32.00 0;SIMPLE_INSTRUMENT;BLOCK;EUR;18;0.76000000;4500;PRC_DECOMP_EXCHANGE;;;;XEUR;11878535;424;EXCHANGE
22.05.2025;13:03:12.816;DTE.O.250522.CNV.000010;STANDARD_OPTION_STRATEGY;BLOCK;EUR;21;0.22000000;2500;EXCHANGE_LAST;;1;1;XEUR;72059415104109672;424;
22.05.2025;13:03:12.816;DTE SI 20250919 PS AM P 34.00 0;SIMPLE_INSTRUMENT;BLOCK;EUR;21;1.53000000;2500;PRC_DECOMP_EXCHANGE;;;;XEUR;11878533;424;EXCHANGE
22.05.2025;13:03:12.816;DTE SI 20250919 PS AM C 34.00 0;SIMPLE_INSTRUMENT;BLOCK;EUR;21;1.75000000;2500;PRC_DECOMP_EXCHANGE;;;;XEUR;11878532;424;EXCHANGE
22.05.2025;15:16:57.178;DTGF SI 20250620 CS;SIMPLE_INSTRUMENT;BLOCK;EUR;50;37.67850000;1500;EXCHANGE_LAST;;1;1;XEUR;11207866;455940;
22.05.2025;14:14:00.227;E2NL.S.DEC26.DEC28.SPD;FUTURES_SPREAD;BLOCK;EUR;34;0.04000000;1500;EXCHANGE_LAST;;1;1;XEUR;72059616967525385;471;
22.05.2025;14:14:00.227;E2NL SI 20281215 CS;SIMPLE_INSTRUMENT;BLOCK;EUR;34;0.42000000;1500;PRC_DECOMP_MEMBER;;;;XEUR;6802276;471;MEMBER
22.05.2025;14:14:00.227;E2NL SI 20261218 CS;SIMPLE_INSTRUMENT;BLOCK;EUR;34;0.46000000;1500;PRC_DECOMP_MEMBER;;;;XEUR;4632356;471;MEMBER
22.05.2025;09:56:14.275;E2NT SI 20271217 CS;SIMPLE_INSTRUMENT;BLOCK;EUR;12;0.87700000;125;EXCHANGE_LAST;;1;1;XEUR;5914575;470;
22.05.2025;09:56:27.795;E2NT SI 20271217 CS;SIMPLE_INSTRUMENT;BLOCK;EUR;13;0.87800000;125;EXCHANGE_LAST;;1;1;XEUR;5914575;470;
22.05.2025;15:15:26.945;E2NT SI 20251219 CS;SIMPLE_INSTRUMENT;BLOCK;EUR;45;1.01000000;1000;EXCHANGE_LAST;;1;1;XEUR;3681294;470;
22.05.2025;15:15:27.687;E2NT SI 20251219 CS;SIMPLE_INSTRUMENT;BLOCK;EUR;46;1.01300000;750;EXCHANGE_LAST;;1;1;XEUR;3681294;470;
22.05.2025;15:15:28.782;E2NT SI 20251219 CS;SIMPLE_INSTRUMENT;BLOCK;EUR;47;1.01100000;250;EXCHANGE_LAST;;1;1;XEUR;3681294;470;
22.05.2025;15:33:46.492;EAD.O.250522.STG.000002;STANDARD_OPTION_STRATEGY;BLOCK;EUR;51;35.40000000;315;EXCHANGE_LAST;;1;1;XEUR;72059591197749118;465;
22.05.2025;15:33:46.492;EAD SI 20261218 PS AM C 180.00 0;SIMPLE_INSTRUMENT;BLOCK;EUR;51;15.51000000;315;PRC_DECOMP_EXCHANGE;;;;XEUR;13241329;465;EXCHANGE
22.05.2025;15:33:46.492;EAD SI 20261218 PS AM P 160.00 0;SIMPLE_INSTRUMENT;BLOCK;EUR;51;19.89000000;315;PRC_DECOMP_EXCHANGE;;;;XEUR;13241332;465;EXCHANGE
22.05.2025;15:40:38.870;EBOG SI 20250620 CS;SIMPLE_INSTRUMENT;BLOCK;EUR;52;69.31000000;4402;EXCHANGE_LAST;;1;3;XEUR;11192301;14384;
22.05.2025;11:09:14.786;ENL5.O.250522.STD.000001;STANDARD_OPTION_STRATEGY;BLOCK;EUR;15;1.18500000;550;EXCHANGE_LAST;;1;1;XEUR;72059741521586643;500;
22.05.2025;11:09:14.786;ENL5 SI 20260618 PS AM P 8.00 0;SIMPLE_INSTRUMENT;BLOCK;EUR;15;0.66000000;550;PRC_DECOMP_EXCHANGE;;;;XEUR;9531376;500;EXCHANGE
22.05.2025;11:09:14.786;ENL5 SI 20260618 PS AM C 8.00 0;SIMPLE_INSTRUMENT;BLOCK;EUR;15;0.52500000;550;PRC_DECOMP_EXCHANGE;;;;XEUR;9531374;500;EXCHANGE
22.05.2025;11:14:34.665;ENL5.O.250522.STD.000002;STANDARD_OPTION_STRATEGY;BLOCK;EUR;16;1.46500000;1000;EXCHANGE_LAST;;1;1;XEUR;72059741521586644;500;
22.05.2025;11:14:34.665;ENL5 SI 20261217 PS AM P 8.00 0;SIMPLE_INSTRUMENT;BLOCK;EUR;16;0.85850000;1000;PRC_DECOMP_EXCHANGE;;;;XEUR;7147793;500;EXCHANGE
22.05.2025;11:14:34.665;ENL5 SI 20261217 PS AM C 8.00 0;SIMPLE_INSTRUMENT;BLOCK;EUR;16;0.60650000;1000;PRC_DECOMP_EXCHANGE;;;;XEUR;7147787;500;EXCHANGE
22.05.2025;12:47:05.037;ENL5.O.250522.STD.000001;STANDARD_OPTION_STRATEGY;BLOCK;EUR;18;1.18500000;550;EXCHANGE_LAST;;1;1;XEUR;72059741521586643;500;
22.05.2025;12:47:05.037;ENL5 SI 20260618 PS AM P 8.00 0;SIMPLE_INSTRUMENT;BLOCK;EUR;18;0.66000000;550;PRC_DECOMP_MEMBER;;;;XEUR;9531376;500;MEMBER
22.05.2025;12:47:05.037;ENL5 SI 20260618 PS AM C 8.00 0;SIMPLE_INSTRUMENT;BLOCK;EUR;18;0.52500000;550;PRC_DECOMP_MEMBER;;;;XEUR;9531374;500;MEMBER
22.05.2025;09:00:22.643;ENR SI 20260619 PS AM P 52.00 0;SIMPLE_INSTRUMENT;BLOCK;EUR;3;4.21000000;600;EXCHANGE_LAST;;1;1;XEUR;11481556;298530;
22.05.2025;14:17:35.894;ENR.N.250522.000016;NON_STANDARD_OPTION_STRATEGY;BLOCK;EUR;22;15.60000000;500;EXCHANGE_LAST;;1;1;XEUR;73339770624820120;298530;
22.05.2025;14:17:35.894;ENR SI 20250718 PS AM P 76.00 0;SIMPLE_INSTRUMENT;BLOCK;EUR;22;4.55000000;1000;PRC_DECOMP_EXCHANGE;;;;XEUR;13272270;298530;EXCHANGE
22.05.2025;14:17:35.894;ENR SI 20250718 PS AM P 76.00 0;SIMPLE_INSTRUMENT;BLOCK;EUR;22;4.54000000;1500;PRC_DECOMP_EXCHANGE;;;;XEUR;13272270;298530;EXCHANGE
22.05.2025;14:17:35.894;ENR SI 20250718 PS AM P 68.00 0;SIMPLE_INSTRUMENT;BLOCK;EUR;22;1.78000000;2000;PRC_DECOMP_EXCHANGE;;;;XEUR;13272296;298530;EXCHANGE
22.05.2025;09:58:36.640;ENT5 SI 20250522 PS AM P 13.00 0;SIMPLE_INSTRUMENT;BLOCK;EUR;9;0.12500000;405;EXCHANGE_LAST;;1;1;XEUR;13211117;497;
22.05.2025;13:56:10.660;ENT5 SI 20250522 PS AM P 13.00 0;SIMPLE_INSTRUMENT;BLOCK;EUR;23;0.20100000;945;EXCHANGE_LAST;;1;1;XEUR;13211117;497;
22.05.2025;15:11:20.806;ENT5.O.250522.STD.000003;STANDARD_OPTION_STRATEGY;BLOCK;EUR;26;1.75000000;750;EXCHANGE_LAST;;1;1;XEUR;72059728636685275;497;
22.05.2025;15:11:20.806;ENT5 SI 20251218 PS AM C 13.00 0;SIMPLE_INSTRUMENT;BLOCK;EUR;26;0.68150000;750;PRC_DECOMP_EXCHANGE;;;;XEUR;11793678;497;EXCHANGE
22.05.2025;15:11:20.806;ENT5 SI 20251218 PS AM P 13.00 0;SIMPLE_INSTRUMENT;BLOCK;EUR;26;1.06850000;750;PRC_DECOMP_EXCHANGE;;;;XEUR;11793683;497;EXCHANGE
22.05.2025;13:43:20.881;EOA SI 20250815 PS AM P 14.20 0;SIMPLE_INSTRUMENT;BLOCK;EUR;19;0.21000000;7082;EXCHANGE_LAST;;1;1;XEUR;13431605;49065;
22.05.2025;13:43:23.341;EOA SI 20250815 PS AM P 14.20 0;SIMPLE_INSTRUMENT;BLOCK;EUR;20;0.18000000;3659;EXCHANGE_LAST;;1;1;XEUR;13431605;49065;
22.05.2025;15:10:02.215;EUCO SI 20250808 PS EU P 1.0800 0;SIMPLE_INSTRUMENT;BLOCK;USD;1;0.00180000;160;EXCHANGE_LAST;;1;1;XEUR;11679003;369370;
22.05.2025;15:10:27.489;EUCO SI 20250808 PS EU P 1.0800 0;SIMPLE_INSTRUMENT;BLOCK;USD;2;0.00181000;640;EXCHANGE_LAST;;1;1;XEUR;11679003;369370;
22.05.2025;07:39:50.541;F3IA SI 20271217 CS;SIMPLE_INSTRUMENT;BLOCK;EUR;3;0.45000000;200;EXCHANGE_LAST;;1;1;XEUR;8422837;390387;
22.05.2025;07:21:52.562;FBTP SI 20250606 PS;SIMPLE_INSTRUMENT;BLOCK;EUR;1;119.65000000;700;EXCHANGE_LAST;;1;1;XEUR;11820365;636;
22.05.2025;07:48:48.084;FBTP SI 20250606 PS;SIMPLE_INSTRUMENT;BLOCK;EUR;2;119.71000000;700;EXCHANGE_LAST;;1;1;XEUR;11820365;636;
22.05.2025;07:57:16.316;FBTP SI 20250606 PS;SIMPLE_INSTRUMENT;BLOCK;EUR;3;119.66000000;2900;EXCHANGE_LAST;;1;1;XEUR;11820365;636;
22.05.2025;08:22:32.572;FBTP SI 20250606 PS;SIMPLE_INSTRUMENT;EFP_FIN;EUR;4;119.57000000;2889;EXCHANGE_LAST;;1;1;XEUR;11820365;636;
22.05.2025;08:25:37.621;FBTP SI 20250606 PS;SIMPLE_INSTRUMENT;EFP_FIN;EUR;5;119.60000000;968;EXCHANGE_LAST;;1;1;XEUR;11820365;636;
22.05.2025;08:25:39.517;FBTP SI 20250606 PS;SIMPLE_INSTRUMENT;EFP_FIN;EUR;6;119.58000000;1519;EXCHANGE_LAST;;1;1;XEUR;11820365;636;
22.05.2025;08:28:42.036;FBTP SI 20250606 PS;SIMPLE_INSTRUMENT;EFS;EUR;7;119.54000000;281;EXCHANGE_LAST;;1;1;XEUR;11820365;636;
22.05.2025;08:29:10.359;FBTP SI 20250606 PS;SIMPLE_INSTRUMENT;BLOCK;EUR;8;119.66000000;1453;EXCHANGE_LAST;;1;1;XEUR;11820365;636;
22.05.2025;08:31:03.275;FBTP SI 20250606 PS;SIMPLE_INSTRUMENT;BLOCK;EUR;9;119.66000000;969;EXCHANGE_LAST;;1;1;XEUR;11820365;636;
22.05.2025;09:03:02.006;FBTP SI 20250606 PS;SIMPLE_INSTRUMENT;BLOCK;EUR;10;119.66000000;1453;EXCHANGE_LAST;;1;1;XEUR;11820365;636;
22.05.2025;10:04:17.709;FBTP SI 20250606 PS;SIMPLE_INSTRUMENT;BLOCK;EUR;11;119.66000000;1453;EXCHANGE_LAST;;1;1;XEUR;11820365;636;
22.05.2025;10:17:13.413;FBTP SI 20250606 PS;SIMPLE_INSTRUMENT;BLOCK;EUR;12;119.66000000;1453;EXCHANGE_LAST;;1;1;XEUR;11820365;636;
22.05.2025;10:21:49.543;FBTP SI 20250606 PS;SIMPLE_INSTRUMENT;EFP_FIN;EUR;13;119.68000000;442;EXCHANGE_LAST;;1;1;XEUR;11820365;636;
22.05.2025;10:31:52.352;FBTP SI 20250606 PS;SIMPLE_INSTRUMENT;EFP_FIN;EUR;14;119.68000000;165;EXCHANGE_LAST;;1;1;XEUR;11820365;636;
22.05.2025;10:36:10.266;FBTP SI 20250606 PS;SIMPLE_INSTRUMENT;EFP_FIN;EUR;15;119.82000000;242;EXCHANGE_LAST;;1;1;XEUR;11820365;636;
22.05.2025;10:42:46.757;FBTP SI 20250606 PS;SIMPLE_INSTRUMENT;EFP_FIN;EUR;16;119.77000000;221;EXCHANGE_LAST;;1;1;XEUR;11820365;636;
22.05.2025;10:49:55.026;FBTP SI 20250606 PS;SIMPLE_INSTRUMENT;BLOCK;EUR;17;119.78000000;285;EXCHANGE_LAST;;1;1;XEUR;11820365;636;
22.05.2025;10:53:53.823;FBTP SI 20250606 PS;SIMPLE_INSTRUMENT;BLOCK;EUR;18;119.66000000;3392;EXCHANGE_LAST;;1;1;XEUR;11820365;636;
22.05.2025;11:06:23.621;FBTP SI 20250606 PS;SIMPLE_INSTRUMENT;EFP_FIN;EUR;19;119.79000000;2653;EXCHANGE_LAST;;1;1;XEUR;11820365;636;
22.05.2025;12:15:00.538;FBTP SI 20250606 PS;SIMPLE_INSTRUMENT;EFP_FIN;EUR;20;119.57000000;531;EXCHANGE_LAST;;1;1;XEUR;11820365;636;
22.05.2025;12:24:07.849;FBTP SI 20250606 PS;SIMPLE_INSTRUMENT;EFP_FIN;EUR;21;119.54000000;2653;EXCHANGE_LAST;;1;1;XEUR;11820365;636;
22.05.2025;12:26:13.592;FBTP SI 20250606 PS;SIMPLE_INSTRUMENT;EFP_FIN;EUR;22;119.55000000;448;EXCHANGE_LAST;;1;1;XEUR;11820365;636;
22.05.2025;12:38:45.032;FBTP SI 20250606 PS;SIMPLE_INSTRUMENT;BLOCK;EUR;23;119.45000000;250;EXCHANGE_LAST;;1;1;XEUR;11820365;636;
22.05.2025;12:39:29.893;FBTP SI 20250606 PS;SIMPLE_INSTRUMENT;EFP_FIN;EUR;24;119.47000000;798;EXCHANGE_LAST;;1;1;XEUR;11820365;636;
22.05.2025;12:58:34.561;FBTP SI 20250606 PS;SIMPLE_INSTRUMENT;EFS;EUR;26;119.42000000;291;EXCHANGE_LAST;;1;1;XEUR;11820365;636;
22.05.2025;12:59:18.361;FBTP SI 20250606 PS;SIMPLE_INSTRUMENT;EFP_FIN;EUR;27;119.55000000;530;EXCHANGE_LAST;;1;1;XEUR;11820365;636;
22.05.2025;13:00:54.326;FBTP SI 20250606 PS;SIMPLE_INSTRUMENT;EFP_FIN;EUR;28;119.55000000;448;EXCHANGE_LAST;;1;1;XEUR;11820365;636;
22.05.2025;13:11:57.678;FBTP SI 20250606 PS;SIMPLE_INSTRUMENT;EFP_FIN;EUR;29;119.46000000;224;EXCHANGE_LAST;;1;1;XEUR;11820365;636;
22.05.2025;13:12:10.169;FBTP SI 20250606 PS;SIMPLE_INSTRUMENT;EFP_FIN;EUR;30;119.46000000;179;EXCHANGE_LAST;;1;1;XEUR;11820365;636;
22.05.2025;13:22:18.949;FBTP SI 20250606 PS;SIMPLE_INSTRUMENT;EFP_FIN;EUR;31;119.66000000;876;EXCHANGE_LAST;;1;1;XEUR;11820365;636;
22.05.2025;13:25:26.025;FBTP SI 20250606 PS;SIMPLE_INSTRUMENT;EFP_FIN;EUR;32;119.54000000;2653;EXCHANGE_LAST;;1;1;XEUR;11820365;636;
22.05.2025;13:32:06.775;FBTP SI 20250606 PS;SIMPLE_INSTRUMENT;EFP_FIN;EUR;33;119.63000000;884;EXCHANGE_LAST;;1;1;XEUR;11820365;636;
22.05.2025;13:52:33.951;FBTP SI 20250606 PS;SIMPLE_INSTRUMENT;EFP_FIN;EUR;34;119.59000000;67;EXCHANGE_LAST;;1;1;XEUR;11820365;636;
22.05.2025;14:23:42.976;FBTP SI 20250606 PS;SIMPLE_INSTRUMENT;EFP_FIN;EUR;35;119.70000000;896;EXCHANGE_LAST;;1;1;XEUR;11820365;636;
22.05.2025;14:56:51.733;FBTP SI 20250606 PS;SIMPLE_INSTRUMENT;EFP_FIN;EUR;36;119.57000000;577;EXCHANGE_LAST;;1;1;XEUR;11820365;636;
22.05.2025;15:09:29.327;FBTP SI 20250606 PS;SIMPLE_INSTRUMENT;EFP_FIN;EUR;37;119.68000000;2654;EXCHANGE_LAST;;1;1;XEUR;11820365;636;
22.05.2025;15:11:31.664;FBTP SI 20250606 PS;SIMPLE_INSTRUMENT;EFP_FIN;EUR;38;119.67000000;50;EXCHANGE_LAST;;1;1;XEUR;11820365;636;
22.05.2025;15:16:20.700;FBTP SI 20250606 PS;SIMPLE_INSTRUMENT;EFP_FIN;EUR;39;119.60000000;161;EXCHANGE_LAST;;1;1;XEUR;11820365;636;
22.05.2025;15:32:36.271;FBTP SI 20250606 PS;SIMPLE_INSTRUMENT;EFP_FIN;EUR;40;119.60000000;193;EXCHANGE_LAST;;1;1;XEUR;11820365;636;
22.05.2025;15:34:45.200;FBTP SI 20250606 PS;SIMPLE_INSTRUMENT;EFP_FIN;EUR;41;119.60000000;109;EXCHANGE_LAST;;1;1;XEUR;11820365;636;
22.05.2025;15:42:56.674;FBTP SI 20250606 PS;SIMPLE_INSTRUMENT;EFP_FIN;EUR;42;119.76000000;195;EXCHANGE_LAST;;1;1;XEUR;11820365;636;
22.05.2025;15:39:08.587;FBTP SI 20250606 PS;SIMPLE_INSTRUMENT;EFP_FIN;EUR;43;119.76000000;442;EXCHANGE_LAST;;1;1;XEUR;11820365;636;
22.05.2025;15:41:51.232;FBTP SI 20250606 PS;SIMPLE_INSTRUMENT;EFP_FIN;EUR;44;119.76000000;884;EXCHANGE_LAST;;1;1;XEUR;11820365;636;
22.05.2025;15:42:22.833;FBTP SI 20250606 PS;SIMPLE_INSTRUMENT;EFP_FIN;EUR;45;119.60000000;218;EXCHANGE_LAST;;1;1;XEUR;11820365;636;
22.05.2025;15:44:00.735;FBTP SI 20250606 PS;SIMPLE_INSTRUMENT;EFP_FIN;EUR;46;119.60000000;88;EXCHANGE_LAST;;1;1;XEUR;11820365;636;
22.05.2025;07:20:58.761;FBTS SI 20250606 PS;SIMPLE_INSTRUMENT;BLOCK;EUR;2;107.94000000;2800;EXCHANGE_LAST;;1;1;XEUR;11820367;639;
22.05.2025;07:47:52.666;FBTS SI 20250606 PS;SIMPLE_INSTRUMENT;BLOCK;EUR;4;107.98000000;2800;EXCHANGE_LAST;;1;1;XEUR;11820367;639;
22.05.2025;08:15:42.343;FBTS SI 20250606 PS;SIMPLE_INSTRUMENT;EFP_FIN;EUR;6;107.97000000;476;EXCHANGE_LAST;;1;1;XEUR;11820367;639;
22.05.2025;08:16:03.367;FBTS SI 20250606 PS;SIMPLE_INSTRUMENT;EFS;EUR;7;107.97000000;925;EXCHANGE_LAST;;1;1;XEUR;11820367;639;
22.05.2025;08:18:52.551;FBTS SI 20250606 PS;SIMPLE_INSTRUMENT;EFP_FIN;EUR;8;107.96000000;734;EXCHANGE_LAST;;1;1;XEUR;11820367;639;
22.05.2025;08:37:51.750;FBTS SI 20250606 PS;SIMPLE_INSTRUMENT;EFP_FIN;EUR;9;107.97000000;952;EXCHANGE_LAST;;1;1;XEUR;11820367;639;
22.05.2025;08:38:22.911;FBTS SI 20250606 PS;SIMPLE_INSTRUMENT;EFP_FIN;EUR;10;107.97000000;952;EXCHANGE_LAST;;1;1;XEUR;11820367;639;
22.05.2025;08:49:48.469;FBTS SI 20250606 PS;SIMPLE_INSTRUMENT;EFP_FIN;EUR;11;107.97000000;733;EXCHANGE_LAST;;1;1;XEUR;11820367;639;
22.05.2025;08:51:59.513;FBTS SI 20250606 PS;SIMPLE_INSTRUMENT;EFP_FIN;EUR;12;107.96000000;952;EXCHANGE_LAST;;1;1;XEUR;11820367;639;
22.05.2025;08:58:07.077;FBTS SI 20250606 PS;SIMPLE_INSTRUMENT;EFP_FIN;EUR;13;107.96000000;1987;EXCHANGE_LAST;;1;1;XEUR;11820367;639;
22.05.2025;09:18:37.990;FBTS SI 20250606 PS;SIMPLE_INSTRUMENT;BLOCK;EUR;14;107.99000000;496;EXCHANGE_LAST;;1;1;XEUR;11820367;639;
22.05.2025;09:22:55.852;FBTS SI 20250606 PS;SIMPLE_INSTRUMENT;BLOCK;EUR;15;107.98000000;2270;EXCHANGE_LAST;;1;1;XEUR;11820367;639;
22.05.2025;09:29:41.558;FBTS SI 20250606 PS;SIMPLE_INSTRUMENT;EFP_FIN;EUR;16;107.98000000;952;EXCHANGE_LAST;;1;1;XEUR;11820367;639;
22.05.2025;09:33:36.944;FBTS SI 20250606 PS;SIMPLE_INSTRUMENT;EFP_FIN;EUR;17;108.00000000;1619;EXCHANGE_LAST;;1;1;XEUR;11820367;639;
22.05.2025;09:37:39.193;FBTS SI 20250606 PS;SIMPLE_INSTRUMENT;EFP_FIN;EUR;18;107.97000000;952;EXCHANGE_LAST;;1;1;XEUR;11820367;639;
22.05.2025;09:41:07.323;FBTS SI 20250606 PS;SIMPLE_INSTRUMENT;EFP_FIN;EUR;19;107.98000000;476;EXCHANGE_LAST;;1;1;XEUR;11820367;639;
22.05.2025;11:19:37.660;FBTS SI 20250606 PS;SIMPLE_INSTRUMENT;EFP_FIN;EUR;20;107.99000000;2270;EXCHANGE_LAST;;1;1;XEUR;11820367;639;
22.05.2025;11:29:52.869;FBTS SI 20250606 PS;SIMPLE_INSTRUMENT;BLOCK;EUR;22;108.00000000;1049;EXCHANGE_LAST;;1;1;XEUR;11820367;639;
22.05.2025;11:31:21.240;FBTS SI 20250606 PS;SIMPLE_INSTRUMENT;EFP_FIN;EUR;23;108.00000000;105;EXCHANGE_LAST;;1;1;XEUR;11820367;639;
22.05.2025;11:45:00.531;FBTS SI 20250606 PS;SIMPLE_INSTRUMENT;EFP_FIN;EUR;25;108.00000000;262;EXCHANGE_LAST;;1;1;XEUR;11820367;639;
22.05.2025;11:48:23.959;FBTS SI 20250606 PS;SIMPLE_INSTRUMENT;EFP_FIN;EUR;26;107.97000000;731;EXCHANGE_LAST;;1;1;XEUR;11820367;639;
22.05.2025;11:54:33.174;FBTS SI 20250606 PS;SIMPLE_INSTRUMENT;EFP_FIN;EUR;27;107.95000000;952;EXCHANGE_LAST;;1;1;XEUR;11820367;639;
22.05.2025;12:02:02.825;FBTS SI 20250606 PS;SIMPLE_INSTRUMENT;BLOCK;EUR;28;107.98000000;1904;EXCHANGE_LAST;;1;1;XEUR;11820367;639;
22.05.2025;14:24:17.323;FBTS SI 20250606 PS;SIMPLE_INSTRUMENT;EFP_FIN;EUR;31;107.97000000;200;EXCHANGE_LAST;;1;1;XEUR;11820367;639;
22.05.2025;14:29:46.034;FBTS SI 20250606 PS;SIMPLE_INSTRUMENT;EFP_FIN;EUR;33;107.96000000;262;EXCHANGE_LAST;;1;1;XEUR;11820367;639;
22.05.2025;14:57:15.589;FBTS SI 20250606 PS;SIMPLE_INSTRUMENT;EFP_FIN;EUR;35;107.96000000;5236;EXCHANGE_LAST;;1;1;XEUR;11820367;639;
22.05.2025;15:25:47.417;FCEU SI 20250616 PS;SIMPLE_INSTRUMENT;BLOCK;USD;3;1.12934000;805;EXCHANGE_LAST;;1;1;XEUR;7879022;369376;
22.05.2025;15:17:14.501;FCNS SI 20250616 PS;SIMPLE_INSTRUMENT;EFP_IDX;SEK;1;0.93980000;36;EXCHANGE_LAST;;1;1;XEUR;7879240;402911;
22.05.2025;15:17:15.048;FCNS SI 20250616 PS;SIMPLE_INSTRUMENT;EFP_IDX;SEK;2;0.93981000;4;EXCHANGE_LAST;;1;1;XEUR;7879240;402911;
22.05.2025;18:45:05.007;FCNS SI 20250616 PS;SIMPLE_INSTRUMENT;EFP_IDX;SEK;4;0.93980000;2;EXCHANGE_LAST;;1;1;XEUR;7879240;402911;
22.05.2025;18:45:05.518;FCNS SI 20250616 PS;SIMPLE_INSTRUMENT;EFP_IDX;SEK;5;0.93981000;3;EXCHANGE_LAST;;1;1;XEUR;7879240;402911;
22.05.2025;11:41:32.017;FD3D SI 20261218 CS;SIMPLE_INSTRUMENT;BLOCK;EUR;21;112.30000000;750;EXCHANGE_LAST;;1;2;XEUR;7158183;588;
22.05.2025;12:30:53.713;FD3D SI 20261218 CS;SIMPLE_INSTRUMENT;BLOCK;EUR;26;112.40000000;300;EXCHANGE_LAST;;1;1;XEUR;7158183;588;
22.05.2025;13:17:25.199;FD3D SI 20261218 CS;SIMPLE_INSTRUMENT;BLOCK;EUR;31;112.40000000;250;EXCHANGE_LAST;;1;1;XEUR;7158183;588;
22.05.2025;15:46:15.802;FDAX SI 20250620 CS;SIMPLE_INSTRUMENT;EFP_IDX;EUR;1;24048.00000000;10;EXCHANGE_LAST;;1;1;XEUR;7903800;589;
22.05.2025;15:45:44.357;FDAX SI 20250620 CS;SIMPLE_INSTRUMENT;EFP_IDX;EUR;2;24049.00000000;19;EXCHANGE_LAST;;1;1;XEUR;7903800;589;
22.05.2025;16:01:45.248;FDAX SI 20250620 CS;SIMPLE_INSTRUMENT;EFP_IDX;EUR;3;24060.00000000;200;EXCHANGE_LAST;;1;1;XEUR;7903800;589;
22.05.2025;08:03:16.905;FDAX SI 20250620 CS;SIMPLE_INSTRUMENT;VOLA;EUR;671088644;24000.00000000;80;EXCHANGE_LAST;;1;1;XEUR;7903800;589;
22.05.2025;09:21:38.352;FDAX SI 20250620 CS;SIMPLE_INSTRUMENT;VOLA;EUR;671088651;24000.00000000;21;EXCHANGE_LAST;;1;1;XEUR;7903800;589;
22.05.2025;09:21:40.507;FDAX SI 20250620 CS;SIMPLE_INSTRUMENT;VOLA;EUR;671088652;24000.00000000;22;EXCHANGE_LAST;;1;1;XEUR;7903800;589;
22.05.2025;13:29:25.779;FEBD SI 20261218 CS;SIMPLE_INSTRUMENT;BLOCK;EUR;32;10.53000000;1250;EXCHANGE_LAST;;1;1;XEUR;7158212;597;
22.05.2025;14:09:09.653;FEBD.S.DEC28.DEC29.SPD;FUTURES_SPREAD;BLOCK;EUR;37;0.50000000;250;EXCHANGE_LAST;;1;1;XEUR;72060158133407039;597;
22.05.2025;14:09:09.653;FEBD SI 20291221 CS;SIMPLE_INSTRUMENT;BLOCK;EUR;37;8.60000000;250;PRC_DECOMP_MEMBER;;;;XEUR;8782283;597;MEMBER
22.05.2025;14:09:09.653;FEBD SI 20281215 CS;SIMPLE_INSTRUMENT;BLOCK;EUR;37;9.10000000;250;PRC_DECOMP_MEMBER;;;;XEUR;7776305;597;MEMBER
22.05.2025;15:42:05.726;FEDV SI 20250620 CS;SIMPLE_INSTRUMENT;BLOCK;EUR;62;2004.00000000;109;EXCHANGE_LAST;;1;1;XEUR;11880642;596;
22.05.2025;15:42:05.747;FEDV SI 20250620 CS;SIMPLE_INSTRUMENT;BLOCK;EUR;63;2003.00000000;156;EXCHANGE_LAST;;1;1;XEUR;11880642;596;
22.05.2025;13:51:15.744;FEHY SI 20250620 CS;SIMPLE_INSTRUMENT;BLOCK;EUR;35;299.12000000;450;EXCHANGE_LAST;;1;1;XEUR;11949378;574047;
22.05.2025;15:35:40.832;FESB SI 20250620 CS;SIMPLE_INSTRUMENT;BLOCK;EUR;47;200.00000000;3000;EXCHANGE_LAST;;1;1;XEUR;11880665;605;
22.05.2025;15:35:51.182;FESB SI 20250620 CS;SIMPLE_INSTRUMENT;BLOCK;EUR;48;199.95000000;3000;EXCHANGE_LAST;;1;1;XEUR;11880665;605;
22.05.2025;15:45:54.592;FESB SI 20250620 CS;SIMPLE_INSTRUMENT;EFP_IDX;EUR;49;203.40000000;264;EXCHANGE_LAST;;1;1;XEUR;11880665;605;
22.05.2025;15:46:08.949;FESB SI 20250620 CS;SIMPLE_INSTRUMENT;EFP_IDX;EUR;51;203.30000000;65;EXCHANGE_LAST;;1;1;XEUR;11880665;605;
22.05.2025;09:47:45.543;FESB SI 20250620 CS;SIMPLE_INSTRUMENT;VOLA;EUR;603979790;202.90000000;600;EXCHANGE_LAST;;1;1;XEUR;11880665;605;
22.05.2025;13:04:46.326;FESB SI 20250620 CS;SIMPLE_INSTRUMENT;VOLA;EUR;603979798;202.60000000;300;EXCHANGE_LAST;;1;1;XEUR;11880665;605;
22.05.2025;15:48:51.492;FESB SI 20250620 CS;SIMPLE_INSTRUMENT;VOLA;EUR;603979823;203.30000000;600;EXCHANGE_LAST;;1;1;XEUR;11880665;605;
22.05.2025;08:46:42.042;FESO SI 20250620 CS;SIMPLE_INSTRUMENT;VOLA;EUR;603979783;487.50000000;18;EXCHANGE_LAST;;1;1;XEUR;11881128;677;
22.05.2025;09:46:09.335;FESX SI 20250620 CS;SIMPLE_INSTRUMENT;BLOCK;EUR;1;5410.00000000;4000;EXCHANGE_LAST;;1;1;XEUR;7904020;675;
22.05.2025;09:56:57.368;FESX SI 20250620 CS;SIMPLE_INSTRUMENT;EFP_IDX;EUR;2;5410.00000000;1000;EXCHANGE_LAST;;1;1;XEUR;7904020;675;
22.05.2025;10:15:20.118;FESX SI 20250620 CS;SIMPLE_INSTRUMENT;BLOCK;EUR;3;5410.00000000;2000;EXCHANGE_LAST;;1;1;XEUR;7904020;675;
22.05.2025;12:35:19.842;FESX.S.JUN25.SEP25.SPD;FUTURES_SPREAD;BLOCK;EUR;4;-21.10000000;3000;EXCHANGE_LAST;;1;1;XEUR;72060493140863850;675;
22.05.2025;12:35:19.842;FESX SI 20250620 CS;SIMPLE_INSTRUMENT;BLOCK;EUR;4;5393.90000000;3000;PRC_DECOMP_EXCHANGE;;;;XEUR;7904020;675;EXCHANGE
22.05.2025;12:35:19.842;FESX SI 20250919 CS;SIMPLE_INSTRUMENT;BLOCK;EUR;4;5415.00000000;3000;PRC_DECOMP_EXCHANGE;;;;XEUR;8380551;675;EXCHANGE
22.05.2025;14:38:13.040;FESX.S.JUN25.SEP25.SPD;FUTURES_SPREAD;BLOCK;EUR;5;-20.00000000;2000;EXCHANGE_LAST;;1;1;XEUR;72060493140863850;675;
22.05.2025;14:38:13.040;FESX SI 20250620 CS;SIMPLE_INSTRUMENT;BLOCK;EUR;5;5415.00000000;2000;PRC_DECOMP_MEMBER;;;;XEUR;7904020;675;MEMBER
22.05.2025;14:38:13.040;FESX SI 20250919 CS;SIMPLE_INSTRUMENT;BLOCK;EUR;5;5435.00000000;2000;PRC_DECOMP_MEMBER;;;;XEUR;8380551;675;MEMBER
22.05.2025;14:38:14.470;FESX.S.JUN25.SEP25.SPD;FUTURES_SPREAD;BLOCK;EUR;6;-22.00000000;3000;EXCHANGE_LAST;;1;1;XEUR;72060493140863850;675;
22.05.2025;14:38:14.470;FESX SI 20250919 CS;SIMPLE_INSTRUMENT;BLOCK;EUR;6;5437.00000000;3000;PRC_DECOMP_MEMBER;;;;XEUR;8380551;675;MEMBER
22.05.2025;14:38:14.470;FESX SI 20250620 CS;SIMPLE_INSTRUMENT;BLOCK;EUR;6;5415.00000000;3000;PRC_DECOMP_MEMBER;;;;XEUR;7904020;675;MEMBER
22.05.2025;15:39:10.336;FESX SI 20250620 CS;SIMPLE_INSTRUMENT;EFP_IDX;EUR;7;5428.00000000;135;EXCHANGE_LAST;;1;1;XEUR;7904020;675;
22.05.2025;15:39:10.336;FESX SI 20250620 CS;SIMPLE_INSTRUMENT;EFP_IDX;EUR;8;5429.00000000;365;EXCHANGE_LAST;;1;1;XEUR;7904020;675;
22.05.2025;15:42:49.673;FESX SI 20250620 CS;SIMPLE_INSTRUMENT;EFP_IDX;EUR;9;5428.00000000;73;EXCHANGE_LAST;;1;1;XEUR;7904020;675;
22.05.2025;15:43:24.676;FESX SI 20250620 CS;SIMPLE_INSTRUMENT;EFP_IDX;EUR;10;5430.00000000;37;EXCHANGE_LAST;;1;1;XEUR;7904020;675;
22.05.2025;15:50:13.138;FESX SI 20250620 CS;SIMPLE_INSTRUMENT;EFP_IDX;EUR;11;5428.00000000;135;EXCHANGE_LAST;;1;1;XEUR;7904020;675;
22.05.2025;15:50:19.006;FESX SI 20250620 CS;SIMPLE_INSTRUMENT;EFP_IDX;EUR;12;5429.00000000;365;EXCHANGE_LAST;;1;1;XEUR;7904020;675;
22.05.2025;15:52:40.331;FESX SI 20250620 CS;SIMPLE_INSTRUMENT;EFP_IDX;EUR;13;5429.00000000;73;EXCHANGE_LAST;;1;1;XEUR;7904020;675;
22.05.2025;15:53:20.158;FESX SI 20250620 CS;SIMPLE_INSTRUMENT;EFP_IDX;EUR;14;5428.00000000;27;EXCHANGE_LAST;;1;1;XEUR;7904020;675;
22.05.2025;07:28:34.615;FESX SI 20250620 CS;SIMPLE_INSTRUMENT;VOLA;EUR;637534210;5424.00000000;313;EXCHANGE_LAST;;1;1;XEUR;7904020;675;
22.05.2025;07:49:03.539;FESX SI 20250620 CS;SIMPLE_INSTRUMENT;VOLA;EUR;637534217;5425.00000000;270;EXCHANGE_LAST;;1;1;XEUR;7904020;675;
22.05.2025;08:44:26.947;FESX SI 20250620 CS;SIMPLE_INSTRUMENT;VOLA;EUR;637534239;5414.00000000;230;EXCHANGE_LAST;;1;1;XEUR;7904020;675;
22.05.2025;08:46:32.329;FESX SI 20250620 CS;SIMPLE_INSTRUMENT;VOLA;EUR;637534241;5414.00000000;300;EXCHANGE_LAST;;1;1;XEUR;7904020;675;
22.05.2025;08:51:13.319;FESX SI 20250620 CS;SIMPLE_INSTRUMENT;VOLA;EUR;637534242;5414.00000000;176;EXCHANGE_LAST;;1;1;XEUR;7904020;675;
22.05.2025;09:07:06.035;FESX SI 20250620 CS;SIMPLE_INSTRUMENT;VOLA;EUR;637534250;5415.00000000;470;EXCHANGE_LAST;;1;1;XEUR;7904020;675;
22.05.2025;09:07:08.207;FESX SI 20250620 CS;SIMPLE_INSTRUMENT;VOLA;EUR;637534251;5415.00000000;461;EXCHANGE_LAST;;1;1;XEUR;7904020;675;
22.05.2025;10:22:01.213;FESX SI 20250620 CS;SIMPLE_INSTRUMENT;VOLA;EUR;637534275;5400.00000000;316;EXCHANGE_LAST;;1;1;XEUR;7904020;675;
22.05.2025;10:28:37.220;FESX SI 20250620 CS;SIMPLE_INSTRUMENT;VOLA;EUR;637534277;5410.00000000;408;EXCHANGE_LAST;;1;1;XEUR;7904020;675;
22.05.2025;13:10:02.645;FESX SI 20250620 CS;SIMPLE_INSTRUMENT;VOLA;EUR;637534326;5405.00000000;10;EXCHANGE_LAST;;1;1;XEUR;7904020;675;
22.05.2025;13:12:46.469;FESX SI 20250620 CS;SIMPLE_INSTRUMENT;VOLA;EUR;637534331;5400.00000000;200;EXCHANGE_LAST;;1;1;XEUR;7904020;675;
22.05.2025;14:14:17.698;FESX SI 20250620 CS;SIMPLE_INSTRUMENT;VOLA;EUR;637534362;5410.00000000;480;EXCHANGE_LAST;;1;1;XEUR;7904020;675;
22.05.2025;15:23:59.849;FESX SI 20250620 CS;SIMPLE_INSTRUMENT;VOLA;EUR;637534386;5425.00000000;325;EXCHANGE_LAST;;1;1;XEUR;7904020;675;
22.05.2025;15:37:47.027;FESX SI 20250620 CS;SIMPLE_INSTRUMENT;VOLA;EUR;637534394;5425.00000000;100;EXCHANGE_LAST;;1;1;XEUR;7904020;675;
22.05.2025;16:45:03.879;FESX SI 20250620 CS;SIMPLE_INSTRUMENT;VOLA;EUR;637534402;5400.00000000;26;EXCHANGE_LAST;;1;1;XEUR;7904020;675;
22.05.2025;14:25:09.839;FEU3 SI 20260316 CS;SIMPLE_INSTRUMENT;BLOCK;EUR;23;98.24500000;5000;EXCHANGE_LAST;;1;1;XEUR;4993987;702;
22.05.2025;08:05:21.609;FEXD.S.DEC28.DEC29.SPD;FUTURES_SPREAD;BLOCK;EUR;3;3.20000000;350;EXCHANGE_LAST;;1;1;XEUR;72060570450264171;693;
22.05.2025;08:05:21.609;FEXD SI 20291221 CS;SIMPLE_INSTRUMENT;BLOCK;EUR;3;144.80000000;350;PRC_DECOMP_EXCHANGE;;;;XEUR;4631968;693;EXCHANGE
22.05.2025;08:05:21.609;FEXD SI 20281215 CS;SIMPLE_INSTRUMENT;BLOCK;EUR;3;148.00000000;350;PRC_DECOMP_EXCHANGE;;;;XEUR;3680985;693;EXCHANGE
22.05.2025;08:53:18.240;FEXD.S.DEC28.DEC30.SPD;FUTURES_SPREAD;BLOCK;EUR;4;5.50000000;500;EXCHANGE_LAST;;1;1;XEUR;72060570450264202;693;
22.05.2025;08:53:18.240;FEXD SI 20281215 CS;SIMPLE_INSTRUMENT;BLOCK;EUR;4;147.90000000;500;PRC_DECOMP_EXCHANGE;;;;XEUR;3680985;693;EXCHANGE
22.05.2025;08:53:18.240;FEXD SI 20301220 CS;SIMPLE_INSTRUMENT;BLOCK;EUR;4;142.40000000;500;PRC_DECOMP_EXCHANGE;;;;XEUR;5914108;693;EXCHANGE
22.05.2025;09:31:20.348;FEXD.S.DEC28.DEC29.SPD;FUTURES_SPREAD;BLOCK;EUR;9;3.10000000;250;EXCHANGE_LAST;;1;1;XEUR;72060570450264171;693;
22.05.2025;09:31:20.348;FEXD SI 20291221 CS;SIMPLE_INSTRUMENT;BLOCK;EUR;9;144.30000000;250;PRC_DECOMP_EXCHANGE;;;;XEUR;4631968;693;EXCHANGE
22.05.2025;09:31:20.348;FEXD SI 20281215 CS;SIMPLE_INSTRUMENT;BLOCK;EUR;9;147.40000000;250;PRC_DECOMP_EXCHANGE;;;;XEUR;3680985;693;EXCHANGE
22.05.2025;11:33:15.143;FEXD SI 20281215 CS;SIMPLE_INSTRUMENT;BLOCK;EUR;16;147.00000000;125;EXCHANGE_LAST;;1;1;XEUR;3680985;693;
22.05.2025;11:32:01.272;FEXD SI 20291221 CS;SIMPLE_INSTRUMENT;BLOCK;EUR;18;144.10000000;500;EXCHANGE_LAST;;1;1;XEUR;4631968;693;
22.05.2025;12:27:15.334;FEXD SI 20261218 CS;SIMPLE_INSTRUMENT;BLOCK;EUR;23;155.70000000;250;EXCHANGE_LAST;;1;1;XEUR;2163053;693;
22.05.2025;12:27:21.960;FEXD SI 20281215 CS;SIMPLE_INSTRUMENT;BLOCK;EUR;25;146.90000000;250;EXCHANGE_LAST;;1;1;XEUR;3680985;693;
22.05.2025;12:43:08.583;FEXD SI 20291221 CS;SIMPLE_INSTRUMENT;BLOCK;EUR;27;143.50000000;250;EXCHANGE_LAST;;2;1;XEUR;4631968;693;
22.05.2025;12:43:17.324;FEXD SI 20311219 CS;SIMPLE_INSTRUMENT;BLOCK;EUR;28;138.80000000;250;EXCHANGE_LAST;;1;2;XEUR;7158547;693;
22.05.2025;14:03:34.538;FEXD SI 20261218 CS;SIMPLE_INSTRUMENT;BLOCK;EUR;36;155.60000000;1000;EXCHANGE_LAST;;1;1;XEUR;2163053;693;
22.05.2025;14:26:59.817;FEXD SI 20271217 CS;SIMPLE_INSTRUMENT;BLOCK;EUR;40;150.80000000;400;EXCHANGE_LAST;;1;1;XEUR;2848338;693;
22.05.2025;14:34:32.633;FEXD SI 20281215 CS;SIMPLE_INSTRUMENT;BLOCK;EUR;41;146.80000000;500;EXCHANGE_LAST;;1;1;XEUR;3680985;693;
22.05.2025;14:34:43.576;FEXD SI 20291221 CS;SIMPLE_INSTRUMENT;BLOCK;EUR;42;143.70000000;500;EXCHANGE_LAST;;1;1;XEUR;4631968;693;
22.05.2025;14:44:42.562;FEXD SI 20281215 CS;SIMPLE_INSTRUMENT;BLOCK;EUR;44;146.80000000;450;EXCHANGE_LAST;;1;1;XEUR;3680985;693;
22.05.2025;14:45:16.650;FEXD SI 20291221 CS;SIMPLE_INSTRUMENT;BLOCK;EUR;45;143.70000000;450;EXCHANGE_LAST;;1;1;XEUR;4631968;693;
22.05.2025;14:53:14.994;FEXD.S.DEC26.DEC28.SPD;FUTURES_SPREAD;BLOCK;EUR;46;8.90000000;500;EXCHANGE_LAST;;1;1;XEUR;72060570450264161;693;
22.05.2025;14:53:14.994;FEXD SI 20281215 CS;SIMPLE_INSTRUMENT;BLOCK;EUR;46;147.00000000;500;PRC_DECOMP_EXCHANGE;;;;XEUR;3680985;693;EXCHANGE
22.05.2025;14:53:14.994;FEXD SI 20261218 CS;SIMPLE_INSTRUMENT;BLOCK;EUR;46;155.90000000;500;PRC_DECOMP_EXCHANGE;;;;XEUR;2163053;693;EXCHANGE
22.05.2025;15:02:58.758;FEXD SI 20271217 CS;SIMPLE_INSTRUMENT;BLOCK;EUR;50;150.90000000;140;EXCHANGE_LAST;;1;1;XEUR;2848338;693;
22.05.2025;15:32:05.155;FEXD SI 20261218 CS;SIMPLE_INSTRUMENT;BLOCK;EUR;51;155.80000000;2000;EXCHANGE_LAST;;1;1;XEUR;2163053;693;
22.05.2025;15:25:08.575;FEXD SI 20261218 CS;SIMPLE_INSTRUMENT;BLOCK;EUR;52;155.90000000;200;EXCHANGE_LAST;;1;1;XEUR;2163053;693;
22.05.2025;15:39:01.730;FEXD SI 20271217 CS;SIMPLE_INSTRUMENT;BLOCK;EUR;54;151.10000000;1000;EXCHANGE_LAST;;1;1;XEUR;2848338;693;
22.05.2025;15:01:53.452;FGBC SI 20250620 CS;SIMPLE_INSTRUMENT;BLOCK;GBP;47;141.63000000;165;EXCHANGE_LAST;;1;1;XEUR;11949863;772679;
22.05.2025;07:12:04.539;FGBL SI 20250606 PS;SIMPLE_INSTRUMENT;EFS;EUR;1;129.79000000;127;EXCHANGE_LAST;;1;1;XEUR;11820389;688;
22.05.2025;07:13:48.159;FGBL SI 20250606 PS;SIMPLE_INSTRUMENT;EFS;EUR;2;129.77000000;437;EXCHANGE_LAST;;1;1;XEUR;11820389;688;
22.05.2025;07:16:47.422;FGBL SI 20250606 PS;SIMPLE_INSTRUMENT;EFS;EUR;3;129.75000000;437;EXCHANGE_LAST;;1;1;XEUR;11820389;688;
22.05.2025;07:17:02.639;FGBL SI 20250606 PS;SIMPLE_INSTRUMENT;EFS;EUR;4;129.83000000;437;EXCHANGE_LAST;;1;1;XEUR;11820389;688;
22.05.2025;07:18:44.968;FGBL SI 20250606 PS;SIMPLE_INSTRUMENT;EFS;EUR;5;129.74000000;495;EXCHANGE_LAST;;1;1;XEUR;11820389;688;
22.05.2025;07:25:09.006;FGBL SI 20250606 PS;SIMPLE_INSTRUMENT;EFS;EUR;6;129.77000000;437;EXCHANGE_LAST;;1;1;XEUR;11820389;688;
22.05.2025;07:31:00.524;FGBL SI 20250606 PS;SIMPLE_INSTRUMENT;EFS;EUR;7;129.75000000;437;EXCHANGE_LAST;;1;1;XEUR;11820389;688;
22.05.2025;07:45:54.254;FGBL SI 20250606 PS;SIMPLE_INSTRUMENT;EFS;EUR;8;129.74000000;500;EXCHANGE_LAST;;1;1;XEUR;11820389;688;
22.05.2025;07:50:32.316;FGBL SI 20250606 PS;SIMPLE_INSTRUMENT;EFP_FIN;EUR;9;129.80000000;210;EXCHANGE_LAST;;1;1;XEUR;11820389;688;
22.05.2025;07:50:58.141;FGBL SI 20250606 PS;SIMPLE_INSTRUMENT;EFS;EUR;10;129.83000000;873;EXCHANGE_LAST;;1;1;XEUR;11820389;688;
22.05.2025;07:52:17.756;FGBL SI 20250606 PS;SIMPLE_INSTRUMENT;EFS;EUR;11;129.82000000;436;EXCHANGE_LAST;;1;1;XEUR;11820389;688;
22.05.2025;07:52:46.447;FGBL SI 20250606 PS;SIMPLE_INSTRUMENT;EFS;EUR;12;129.82000000;218;EXCHANGE_LAST;;1;1;XEUR;11820389;688;
22.05.2025;08:04:55.815;FGBL SI 20250606 PS;SIMPLE_INSTRUMENT;EFS;EUR;13;129.82000000;434;EXCHANGE_LAST;;1;1;XEUR;11820389;688;
22.05.2025;08:05:16.752;FGBL SI 20250606 PS;SIMPLE_INSTRUMENT;EFP_FIN;EUR;14;129.83000000;391;EXCHANGE_LAST;;1;1;XEUR;11820389;688;
22.05.2025;08:07:31.357;FGBL SI 20250606 PS;SIMPLE_INSTRUMENT;EFS;EUR;15;129.84000000;346;EXCHANGE_LAST;;1;1;XEUR;11820389;688;
22.05.2025;08:17:21.414;FGBL SI 20250606 PS;SIMPLE_INSTRUMENT;EFP_FIN;EUR;16;129.73000000;494;EXCHANGE_LAST;;1;1;XEUR;11820389;688;
22.05.2025;08:18:02.517;FGBL SI 20250606 PS;SIMPLE_INSTRUMENT;EFP_FIN;EUR;17;129.74000000;80;EXCHANGE_LAST;;1;1;XEUR;11820389;688;
22.05.2025;08:33:44.008;FGBL SI 20250606 PS;SIMPLE_INSTRUMENT;EFP_FIN;EUR;18;129.68000000;341;EXCHANGE_LAST;;1;1;XEUR;11820389;688;
22.05.2025;08:46:51.621;FGBL SI 20250606 PS;SIMPLE_INSTRUMENT;EFS;EUR;19;129.74000000;218;EXCHANGE_LAST;;1;1;XEUR;11820389;688;
22.05.2025;08:47:01.638;FGBL SI 20250606 PS;SIMPLE_INSTRUMENT;EFS;EUR;20;129.74000000;218;EXCHANGE_LAST;;1;1;XEUR;11820389;688;
22.05.2025;08:47:11.645;FGBL SI 20250606 PS;SIMPLE_INSTRUMENT;EFS;EUR;21;129.74000000;218;EXCHANGE_LAST;;1;1;XEUR;11820389;688;
22.05.2025;08:48:06.693;FGBL SI 20250606 PS;SIMPLE_INSTRUMENT;EFS;EUR;22;129.74000000;218;EXCHANGE_LAST;;1;1;XEUR;11820389;688;
22.05.2025;08:49:32.435;FGBL SI 20250606 PS;SIMPLE_INSTRUMENT;EFS;EUR;23;129.72000000;250;EXCHANGE_LAST;;1;1;XEUR;11820389;688;
22.05.2025;08:54:12.046;FGBL SI 20250606 PS;SIMPLE_INSTRUMENT;EFS;EUR;24;129.73000000;100;EXCHANGE_LAST;;1;1;XEUR;11820389;688;
22.05.2025;09:05:37.597;FGBL SI 20250606 PS;SIMPLE_INSTRUMENT;EFS;EUR;25;129.87000000;493;EXCHANGE_LAST;;1;1;XEUR;11820389;688;
22.05.2025;09:08:48.462;FGBL SI 20250606 PS;SIMPLE_INSTRUMENT;EFS;EUR;26;129.88000000;218;EXCHANGE_LAST;;1;1;XEUR;11820389;688;
22.05.2025;09:09:37.681;FGBL SI 20250606 PS;SIMPLE_INSTRUMENT;EFS;EUR;27;129.89000000;218;EXCHANGE_LAST;;1;1;XEUR;11820389;688;
22.05.2025;09:10:23.743;FGBL SI 20250606 PS;SIMPLE_INSTRUMENT;EFS;EUR;28;129.88000000;437;EXCHANGE_LAST;;1;1;XEUR;11820389;688;
22.05.2025;09:11:22.712;FGBL SI 20250606 PS;SIMPLE_INSTRUMENT;EFP_FIN;EUR;29;129.86000000;1476;EXCHANGE_LAST;;1;1;XEUR;11820389;688;
22.05.2025;09:11:31.957;FGBL SI 20250606 PS;SIMPLE_INSTRUMENT;EFP_FIN;EUR;30;129.89000000;311;EXCHANGE_LAST;;1;1;XEUR;11820389;688;
22.05.2025;09:12:31.054;FGBL SI 20250606 PS;SIMPLE_INSTRUMENT;EFS;EUR;31;129.89000000;436;EXCHANGE_LAST;;1;1;XEUR;11820389;688;
22.05.2025;09:14:22.608;FGBL SI 20250606 PS;SIMPLE_INSTRUMENT;EFS;EUR;32;129.89000000;436;EXCHANGE_LAST;;1;1;XEUR;11820389;688;
22.05.2025;09:15:01.591;FGBL SI 20250606 PS;SIMPLE_INSTRUMENT;EFS;EUR;33;129.86000000;218;EXCHANGE_LAST;;1;1;XEUR;11820389;688;
22.05.2025;09:15:39.684;FGBL SI 20250606 PS;SIMPLE_INSTRUMENT;EFS;EUR;34;129.86000000;436;EXCHANGE_LAST;;1;1;XEUR;11820389;688;
22.05.2025;09:17:18.480;FGBL SI 20250606 PS;SIMPLE_INSTRUMENT;EFS;EUR;35;129.85000000;436;EXCHANGE_LAST;;1;1;XEUR;11820389;688;
22.05.2025;09:21:41.202;FGBL SI 20250606 PS;SIMPLE_INSTRUMENT;EFS;EUR;36;129.81000000;436;EXCHANGE_LAST;;1;1;XEUR;11820389;688;
22.05.2025;09:21:44.692;FGBL SI 20250606 PS;SIMPLE_INSTRUMENT;EFP_FIN;EUR;37;129.70000000;412;EXCHANGE_LAST;;1;1;XEUR;11820389;688;
22.05.2025;09:30:51.296;FGBL SI 20250606 PS;SIMPLE_INSTRUMENT;EFS;EUR;38;129.85000000;175;EXCHANGE_LAST;;1;1;XEUR;11820389;688;
22.05.2025;09:31:18.562;FGBL SI 20250606 PS;SIMPLE_INSTRUMENT;EFS;EUR;39;129.85000000;436;EXCHANGE_LAST;;1;1;XEUR;11820389;688;
22.05.2025;09:42:02.586;FGBL SI 20250606 PS;SIMPLE_INSTRUMENT;EFS;EUR;40;129.86000000;218;EXCHANGE_LAST;;1;1;XEUR;11820389;688;
22.05.2025;09:44:04.334;FGBL SI 20250606 PS;SIMPLE_INSTRUMENT;EFP_FIN;EUR;41;129.84000000;436;EXCHANGE_LAST;;1;1;XEUR;11820389;688;
22.05.2025;09:47:15.926;FGBL SI 20250606 PS;SIMPLE_INSTRUMENT;EFS;EUR;42;129.85000000;436;EXCHANGE_LAST;;1;1;XEUR;11820389;688;
22.05.2025;09:58:18.884;FGBL SI 20250606 PS;SIMPLE_INSTRUMENT;EFS;EUR;43;129.82000000;437;EXCHANGE_LAST;;1;1;XEUR;11820389;688;
22.05.2025;09:59:47.219;FGBL SI 20250606 PS;SIMPLE_INSTRUMENT;EFP_FIN;EUR;44;129.82000000;748;EXCHANGE_LAST;;1;1;XEUR;11820389;688;
22.05.2025;10:04:03.931;FGBL SI 20250606 PS;SIMPLE_INSTRUMENT;EFS;EUR;45;129.81000000;437;EXCHANGE_LAST;;1;1;XEUR;11820389;688;
22.05.2025;10:05:56.690;FGBL SI 20250606 PS;SIMPLE_INSTRUMENT;EFS;EUR;46;129.88000000;218;EXCHANGE_LAST;;1;1;XEUR;11820389;688;
22.05.2025;10:09:47.228;FGBL SI 20250606 PS;SIMPLE_INSTRUMENT;EFS;EUR;47;129.87000000;218;EXCHANGE_LAST;;1;1;XEUR;11820389;688;
22.05.2025;10:13:58.502;FGBL SI 20250606 PS;SIMPLE_INSTRUMENT;EFS;EUR;48;129.82000000;306;EXCHANGE_LAST;;1;1;XEUR;11820389;688;
22.05.2025;10:13:37.206;FGBL SI 20250606 PS;SIMPLE_INSTRUMENT;EFP_FIN;EUR;49;129.85000000;399;EXCHANGE_LAST;;1;1;XEUR;11820389;688;
22.05.2025;10:21:28.673;FGBL SI 20250606 PS;SIMPLE_INSTRUMENT;EFS;EUR;50;129.89000000;735;EXCHANGE_LAST;;1;1;XEUR;11820389;688;
22.05.2025;10:38:26.161;FGBL SI 20250606 PS;SIMPLE_INSTRUMENT;BLOCK;EUR;51;129.92000000;4388;EXCHANGE_LAST;;1;1;XEUR;11820389;688;
22.05.2025;10:32:47.714;FGBL SI 20250606 PS;SIMPLE_INSTRUMENT;EFS;EUR;52;129.92000000;437;EXCHANGE_LAST;;1;1;XEUR;11820389;688;
22.05.2025;10:33:01.743;FGBL SI 20250606 PS;SIMPLE_INSTRUMENT;EFS;EUR;53;129.92000000;437;EXCHANGE_LAST;;1;1;XEUR;11820389;688;
22.05.2025;10:34:58.743;FGBL SI 20250606 PS;SIMPLE_INSTRUMENT;EFS;EUR;54;129.91000000;656;EXCHANGE_LAST;;1;1;XEUR;11820389;688;
22.05.2025;10:47:25.404;FGBL SI 20250606 PS;SIMPLE_INSTRUMENT;EFP_FIN;EUR;55;129.88000000;299;EXCHANGE_LAST;;1;1;XEUR;11820389;688;
22.05.2025;10:55:08.475;FGBL SI 20250606 PS;SIMPLE_INSTRUMENT;EFP_FIN;EUR;56;129.90000000;364;EXCHANGE_LAST;;1;1;XEUR;11820389;688;
22.05.2025;11:11:30.603;FGBL SI 20250606 PS;SIMPLE_INSTRUMENT;BLOCK;EUR;57;129.88000000;2993;EXCHANGE_LAST;;1;1;XEUR;11820389;688;
22.05.2025;11:12:29.755;FGBL SI 20250606 PS;SIMPLE_INSTRUMENT;BLOCK;EUR;58;129.88000000;2993;EXCHANGE_LAST;;1;1;XEUR;11820389;688;
22.05.2025;11:25:02.650;FGBL SI 20250606 PS;SIMPLE_INSTRUMENT;EFP_FIN;EUR;59;129.80000000;321;EXCHANGE_LAST;;1;1;XEUR;11820389;688;
22.05.2025;11:32:52.028;FGBL SI 20250606 PS;SIMPLE_INSTRUMENT;EFS;EUR;60;129.75000000;437;EXCHANGE_LAST;;1;1;XEUR;11820389;688;
22.05.2025;11:34:09.209;FGBL SI 20250606 PS;SIMPLE_INSTRUMENT;EFS;EUR;61;129.79000000;247;EXCHANGE_LAST;;1;1;XEUR;11820389;688;
22.05.2025;11:35:04.064;FGBL SI 20250606 PS;SIMPLE_INSTRUMENT;EFS;EUR;62;129.80000000;437;EXCHANGE_LAST;;1;1;XEUR;11820389;688;
22.05.2025;11:35:37.463;FGBL SI 20250606 PS;SIMPLE_INSTRUMENT;EFS;EUR;63;129.79000000;437;EXCHANGE_LAST;;1;1;XEUR;11820389;688;
22.05.2025;11:36:21.917;FGBL SI 20250606 PS;SIMPLE_INSTRUMENT;EFS;EUR;64;129.79000000;437;EXCHANGE_LAST;;1;1;XEUR;11820389;688;
22.05.2025;11:36:40.534;FGBL SI 20250606 PS;SIMPLE_INSTRUMENT;EFS;EUR;65;129.79000000;437;EXCHANGE_LAST;;1;1;XEUR;11820389;688;
22.05.2025;11:36:52.224;FGBL SI 20250606 PS;SIMPLE_INSTRUMENT;EFS;EUR;66;129.75000000;437;EXCHANGE_LAST;;1;1;XEUR;11820389;688;
22.05.2025;11:36:57.236;FGBL SI 20250606 PS;SIMPLE_INSTRUMENT;EFS;EUR;67;129.69000000;437;EXCHANGE_LAST;;1;1;XEUR;11820389;688;
22.05.2025;11:36:57.281;FGBL SI 20250606 PS;SIMPLE_INSTRUMENT;EFS;EUR;68;129.75000000;437;EXCHANGE_LAST;;1;1;XEUR;11820389;688;
22.05.2025;11:37:22.251;FGBL SI 20250606 PS;SIMPLE_INSTRUMENT;EFS;EUR;69;129.75000000;874;EXCHANGE_LAST;;1;1;XEUR;11820389;688;
22.05.2025;11:38:22.300;FGBL SI 20250606 PS;SIMPLE_INSTRUMENT;EFS;EUR;70;129.75000000;437;EXCHANGE_LAST;;1;1;XEUR;11820389;688;
22.05.2025;11:39:02.326;FGBL SI 20250606 PS;SIMPLE_INSTRUMENT;EFS;EUR;71;129.75000000;437;EXCHANGE_LAST;;1;1;XEUR;11820389;688;
22.05.2025;11:39:07.332;FGBL SI 20250606 PS;SIMPLE_INSTRUMENT;EFS;EUR;72;129.76000000;437;EXCHANGE_LAST;;1;1;XEUR;11820389;688;
22.05.2025;11:39:27.346;FGBL SI 20250606 PS;SIMPLE_INSTRUMENT;EFS;EUR;73;129.75000000;218;EXCHANGE_LAST;;1;1;XEUR;11820389;688;
22.05.2025;11:39:42.356;FGBL SI 20250606 PS;SIMPLE_INSTRUMENT;EFS;EUR;74;129.69000000;437;EXCHANGE_LAST;;1;1;XEUR;11820389;688;
22.05.2025;11:41:20.298;FGBL SI 20250606 PS;SIMPLE_INSTRUMENT;EFS;EUR;75;129.78000000;247;EXCHANGE_LAST;;1;1;XEUR;11820389;688;
22.05.2025;11:41:34.938;FGBL SI 20250606 PS;SIMPLE_INSTRUMENT;EFS;EUR;76;129.69000000;495;EXCHANGE_LAST;;1;1;XEUR;11820389;688;
22.05.2025;11:43:09.622;FGBL SI 20250606 PS;SIMPLE_INSTRUMENT;EFS;EUR;77;129.76000000;873;EXCHANGE_LAST;;1;1;XEUR;11820389;688;
22.05.2025;11:43:56.234;FGBL SI 20250606 PS;SIMPLE_INSTRUMENT;EFS;EUR;78;129.77000000;873;EXCHANGE_LAST;;1;1;XEUR;11820389;688;
22.05.2025;11:44:46.413;FGBL SI 20250606 PS;SIMPLE_INSTRUMENT;EFS;EUR;79;129.66000000;492;EXCHANGE_LAST;;1;1;XEUR;11820389;688;
22.05.2025;11:49:23.962;FGBL SI 20250606 PS;SIMPLE_INSTRUMENT;EFS;EUR;80;129.74000000;247;EXCHANGE_LAST;;1;1;XEUR;11820389;688;
22.05.2025;11:51:10.816;FGBL SI 20250606 PS;SIMPLE_INSTRUMENT;EFS;EUR;81;129.71000000;207;EXCHANGE_LAST;;1;1;XEUR;11820389;688;
22.05.2025;11:52:08.666;FGBL SI 20250606 PS;SIMPLE_INSTRUMENT;EFS;EUR;82;129.72000000;262;EXCHANGE_LAST;;1;1;XEUR;11820389;688;
22.05.2025;11:55:00.551;FGBL SI 20250606 PS;SIMPLE_INSTRUMENT;EFP_FIN;EUR;83;129.68000000;157;EXCHANGE_LAST;;1;1;XEUR;11820389;688;
22.05.2025;11:54:47.557;FGBL SI 20250606 PS;SIMPLE_INSTRUMENT;EFS;EUR;84;129.72000000;306;EXCHANGE_LAST;;1;1;XEUR;11820389;688;
22.05.2025;11:56:44.750;FGBL SI 20250606 PS;SIMPLE_INSTRUMENT;EFS;EUR;85;129.71000000;218;EXCHANGE_LAST;;1;1;XEUR;11820389;688;
22.05.2025;11:59:05.655;FGBL SI 20250606 PS;SIMPLE_INSTRUMENT;EFS;EUR;86;129.86000000;150;EXCHANGE_LAST;;1;1;XEUR;11820389;688;
22.05.2025;12:14:53.804;FGBL SI 20250606 PS;SIMPLE_INSTRUMENT;EFS;EUR;87;129.72000000;495;EXCHANGE_LAST;;1;1;XEUR;11820389;688;
22.05.2025;12:15:48.683;FGBL SI 20250606 PS;SIMPLE_INSTRUMENT;EFS;EUR;88;129.73000000;492;EXCHANGE_LAST;;1;1;XEUR;11820389;688;
22.05.2025;12:16:43.543;FGBL SI 20250606 PS;SIMPLE_INSTRUMENT;EFS;EUR;89;129.75000000;437;EXCHANGE_LAST;;1;1;XEUR;11820389;688;
22.05.2025;12:17:14.418;FGBL SI 20250606 PS;SIMPLE_INSTRUMENT;EFS;EUR;90;129.72000000;437;EXCHANGE_LAST;;1;1;XEUR;11820389;688;
22.05.2025;12:17:24.808;FGBL SI 20250606 PS;SIMPLE_INSTRUMENT;EFP_FIN;EUR;91;129.76000000;1497;EXCHANGE_LAST;;1;1;XEUR;11820389;688;
22.05.2025;12:18:04.611;FGBL SI 20250606 PS;SIMPLE_INSTRUMENT;EFP_FIN;EUR;92;129.75000000;187;EXCHANGE_LAST;;1;1;XEUR;11820389;688;
22.05.2025;12:21:13.239;FGBL SI 20250606 PS;SIMPLE_INSTRUMENT;EFS;EUR;93;129.74000000;441;EXCHANGE_LAST;;1;1;XEUR;11820389;688;
22.05.2025;12:35:54.210;FGBL SI 20250606 PS;SIMPLE_INSTRUMENT;EFP_FIN;EUR;94;129.68000000;748;EXCHANGE_LAST;;1;1;XEUR;11820389;688;
22.05.2025;12:38:20.156;FGBL SI 20250606 PS;SIMPLE_INSTRUMENT;EFP_FIN;EUR;95;129.93000000;1153;EXCHANGE_LAST;;1;1;XEUR;11820389;688;
22.05.2025;12:39:13.978;FGBL SI 20250606 PS;SIMPLE_INSTRUMENT;EFS;EUR;96;129.68000000;983;EXCHANGE_LAST;;1;1;XEUR;11820389;688;
22.05.2025;12:54:36.870;FGBL SI 20250606 PS;SIMPLE_INSTRUMENT;EFS;EUR;97;129.72000000;495;EXCHANGE_LAST;;1;1;XEUR;11820389;688;
22.05.2025;13:01:32.691;FGBL SI 20250606 PS;SIMPLE_INSTRUMENT;EFS;EUR;98;129.65000000;345;EXCHANGE_LAST;;1;1;XEUR;11820389;688;
22.05.2025;13:01:12.602;FGBL SI 20250606 PS;SIMPLE_INSTRUMENT;EFS;EUR;99;129.77000000;873;EXCHANGE_LAST;;1;1;XEUR;11820389;688;
22.05.2025;13:02:21.099;FGBL SI 20250606 PS;SIMPLE_INSTRUMENT;EFS;EUR;100;129.78000000;305;EXCHANGE_LAST;;1;1;XEUR;11820389;688;
22.05.2025;13:03:45.928;FGBL SI 20250606 PS;SIMPLE_INSTRUMENT;EFS;EUR;101;129.78000000;436;EXCHANGE_LAST;;1;1;XEUR;11820389;688;
22.05.2025;13:08:35.157;FGBL SI 20250606 PS;SIMPLE_INSTRUMENT;EFS;EUR;102;129.80000000;436;EXCHANGE_LAST;;1;1;XEUR;11820389;688;
22.05.2025;13:05:17.301;FGBL SI 20250606 PS;SIMPLE_INSTRUMENT;EFP_FIN;EUR;103;129.83000000;982;EXCHANGE_LAST;;1;1;XEUR;11820389;688;
22.05.2025;13:06:28.132;FGBL SI 20250606 PS;SIMPLE_INSTRUMENT;EFS;EUR;104;129.80000000;436;EXCHANGE_LAST;;1;1;XEUR;11820389;688;
22.05.2025;13:08:33.939;FGBL SI 20250606 PS;SIMPLE_INSTRUMENT;EFS;EUR;105;129.85000000;218;EXCHANGE_LAST;;1;1;XEUR;11820389;688;
22.05.2025;13:13:11.714;FGBL SI 20250606 PS;SIMPLE_INSTRUMENT;EFS;EUR;106;129.82000000;494;EXCHANGE_LAST;;1;1;XEUR;11820389;688;
22.05.2025;13:19:14.620;FGBL SI 20250606 PS;SIMPLE_INSTRUMENT;EFP_FIN;EUR;107;129.83000000;524;EXCHANGE_LAST;;1;1;XEUR;11820389;688;
22.05.2025;13:27:47.665;FGBL SI 20250606 PS;SIMPLE_INSTRUMENT;EFS;EUR;108;129.78000000;436;EXCHANGE_LAST;;1;1;XEUR;11820389;688;
22.05.2025;13:30:28.393;FGBL SI 20250606 PS;SIMPLE_INSTRUMENT;EFS;EUR;109;129.79000000;250;EXCHANGE_LAST;;1;1;XEUR;11820389;688;
22.05.2025;13:33:01.757;FGBL SI 20250606 PS;SIMPLE_INSTRUMENT;EFS;EUR;110;129.79000000;436;EXCHANGE_LAST;;1;1;XEUR;11820389;688;
22.05.2025;13:33:23.086;FGBL SI 20250606 PS;SIMPLE_INSTRUMENT;EFP_FIN;EUR;111;129.80000000;1036;EXCHANGE_LAST;;1;1;XEUR;11820389;688;
22.05.2025;13:34:06.849;FGBL SI 20250606 PS;SIMPLE_INSTRUMENT;EFS;EUR;112;129.80000000;305;EXCHANGE_LAST;;1;1;XEUR;11820389;688;
22.05.2025;13:36:56.791;FGBL SI 20250606 PS;SIMPLE_INSTRUMENT;EFS;EUR;113;129.82000000;876;EXCHANGE_LAST;;1;1;XEUR;11820389;688;
22.05.2025;13:35:25.167;FGBL SI 20250606 PS;SIMPLE_INSTRUMENT;EFS;EUR;114;129.84000000;262;EXCHANGE_LAST;;1;1;XEUR;11820389;688;
22.05.2025;13:35:35.102;FGBL SI 20250606 PS;SIMPLE_INSTRUMENT;EFS;EUR;115;129.84000000;436;EXCHANGE_LAST;;1;1;XEUR;11820389;688;
22.05.2025;13:36:17.499;FGBL SI 20250606 PS;SIMPLE_INSTRUMENT;EFS;EUR;116;129.82000000;148;EXCHANGE_LAST;;1;1;XEUR;11820389;688;
22.05.2025;13:36:39.848;FGBL SI 20250606 PS;SIMPLE_INSTRUMENT;EFS;EUR;117;129.85000000;218;EXCHANGE_LAST;;1;1;XEUR;11820389;688;
22.05.2025;13:40:10.535;FGBL SI 20250606 PS;SIMPLE_INSTRUMENT;EFS;EUR;118;129.86000000;218;EXCHANGE_LAST;;1;1;XEUR;11820389;688;
22.05.2025;13:40:30.862;FGBL SI 20250606 PS;SIMPLE_INSTRUMENT;EFS;EUR;119;129.85000000;218;EXCHANGE_LAST;;1;1;XEUR;11820389;688;
22.05.2025;13:47:11.193;FGBL SI 20250606 PS;SIMPLE_INSTRUMENT;EFP_FIN;EUR;120;129.85000000;164;EXCHANGE_LAST;;1;1;XEUR;11820389;688;
22.05.2025;13:52:44.879;FGBL SI 20250606 PS;SIMPLE_INSTRUMENT;EFS;EUR;121;129.84000000;193;EXCHANGE_LAST;;1;1;XEUR;11820389;688;
22.05.2025;13:52:24.570;FGBL SI 20250606 PS;SIMPLE_INSTRUMENT;EFS;EUR;122;129.80000000;437;EXCHANGE_LAST;;1;1;XEUR;11820389;688;
22.05.2025;13:53:06.135;FGBL SI 20250606 PS;SIMPLE_INSTRUMENT;EFS;EUR;123;129.77000000;376;EXCHANGE_LAST;;1;1;XEUR;11820389;688;
22.05.2025;13:53:59.638;FGBL SI 20250606 PS;SIMPLE_INSTRUMENT;EFS;EUR;124;129.79000000;218;EXCHANGE_LAST;;1;1;XEUR;11820389;688;
22.05.2025;13:54:09.377;FGBL SI 20250606 PS;SIMPLE_INSTRUMENT;EFP_FIN;EUR;125;129.83000000;399;EXCHANGE_LAST;;1;1;XEUR;11820389;688;
22.05.2025;13:59:03.238;FGBL SI 20250606 PS;SIMPLE_INSTRUMENT;EFS;EUR;126;129.80000000;436;EXCHANGE_LAST;;1;1;XEUR;11820389;688;
22.05.2025;14:01:51.007;FGBL SI 20250606 PS;SIMPLE_INSTRUMENT;EFS;EUR;127;129.79000000;437;EXCHANGE_LAST;;1;1;XEUR;11820389;688;
22.05.2025;14:03:42.417;FGBL SI 20250606 PS;SIMPLE_INSTRUMENT;BLOCK;EUR;128;129.80000000;3590;EXCHANGE_LAST;;1;1;XEUR;11820389;688;
22.05.2025;14:03:50.014;FGBL SI 20250606 PS;SIMPLE_INSTRUMENT;EFS;EUR;129;129.79000000;349;EXCHANGE_LAST;;1;1;XEUR;11820389;688;
22.05.2025;14:05:53.924;FGBL SI 20250606 PS;SIMPLE_INSTRUMENT;EFS;EUR;130;129.84000000;436;EXCHANGE_LAST;;1;1;XEUR;11820389;688;
22.05.2025;14:06:03.886;FGBL SI 20250606 PS;SIMPLE_INSTRUMENT;EFS;EUR;131;129.86000000;148;EXCHANGE_LAST;;1;1;XEUR;11820389;688;
22.05.2025;14:09:48.253;FGBL SI 20250606 PS;SIMPLE_INSTRUMENT;EFS;EUR;132;129.83000000;436;EXCHANGE_LAST;;1;1;XEUR;11820389;688;
22.05.2025;14:20:26.184;FGBL SI 20250606 PS;SIMPLE_INSTRUMENT;EFS;EUR;133;129.85000000;329;EXCHANGE_LAST;;1;1;XEUR;11820389;688;
22.05.2025;14:23:12.129;FGBL SI 20250606 PS;SIMPLE_INSTRUMENT;EFP_FIN;EUR;134;129.79000000;1123;EXCHANGE_LAST;;1;1;XEUR;11820389;688;
22.05.2025;14:23:53.648;FGBL SI 20250606 PS;SIMPLE_INSTRUMENT;EFS;EUR;135;129.80000000;436;EXCHANGE_LAST;;1;1;XEUR;11820389;688;
22.05.2025;14:25:53.180;FGBL SI 20250606 PS;SIMPLE_INSTRUMENT;EFS;EUR;136;129.85000000;438;EXCHANGE_LAST;;1;1;XEUR;11820389;688;
22.05.2025;14:27:13.674;FGBL SI 20250606 PS;SIMPLE_INSTRUMENT;EFS;EUR;137;129.81000000;654;EXCHANGE_LAST;;1;1;XEUR;11820389;688;
22.05.2025;14:33:39.064;FGBL SI 20250606 PS;SIMPLE_INSTRUMENT;EFP_FIN;EUR;138;129.79000000;1122;EXCHANGE_LAST;;1;1;XEUR;11820389;688;
22.05.2025;14:35:05.333;FGBL SI 20250606 PS;SIMPLE_INSTRUMENT;EFS;EUR;139;129.87000000;86;EXCHANGE_LAST;;1;1;XEUR;11820389;688;
22.05.2025;14:44:56.255;FGBL SI 20250606 PS;SIMPLE_INSTRUMENT;EFS;EUR;140;129.85000000;168;EXCHANGE_LAST;;1;1;XEUR;11820389;688;
22.05.2025;14:50:04.125;FGBL SI 20250606 PS;SIMPLE_INSTRUMENT;EFS;EUR;141;129.77000000;436;EXCHANGE_LAST;;1;1;XEUR;11820389;688;
22.05.2025;14:52:05.638;FGBL SI 20250606 PS;SIMPLE_INSTRUMENT;EFS;EUR;142;129.77000000;436;EXCHANGE_LAST;;1;1;XEUR;11820389;688;
22.05.2025;14:54:25.108;FGBL SI 20250606 PS;SIMPLE_INSTRUMENT;EFS;EUR;143;129.78000000;500;EXCHANGE_LAST;;1;1;XEUR;11820389;688;
22.05.2025;14:59:09.976;FGBL SI 20250606 PS;SIMPLE_INSTRUMENT;EFP_FIN;EUR;144;129.87000000;252;EXCHANGE_LAST;;1;1;XEUR;11820389;688;
22.05.2025;15:02:58.976;FGBL SI 20250606 PS;SIMPLE_INSTRUMENT;EFS;EUR;145;129.88000000;989;EXCHANGE_LAST;;1;1;XEUR;11820389;688;
22.05.2025;15:09:10.995;FGBL SI 20250606 PS;SIMPLE_INSTRUMENT;EFS;EUR;146;129.78000000;700;EXCHANGE_LAST;;1;1;XEUR;11820389;688;
22.05.2025;15:13:21.802;FGBL SI 20250606 PS;SIMPLE_INSTRUMENT;EFS;EUR;147;129.90000000;436;EXCHANGE_LAST;;1;1;XEUR;11820389;688;
22.05.2025;15:25:38.592;FGBL SI 20250606 PS;SIMPLE_INSTRUMENT;EFS;EUR;148;129.87000000;436;EXCHANGE_LAST;;1;1;XEUR;11820389;688;
22.05.2025;15:39:33.554;FGBL SI 20250606 PS;SIMPLE_INSTRUMENT;EFS;EUR;149;129.87000000;1300;EXCHANGE_LAST;;1;1;XEUR;11820389;688;
22.05.2025;07:22:47.288;FGBL SI 20250606 PS;SIMPLE_INSTRUMENT;VOLA;EUR;268435467;129.82000000;30;EXCHANGE_LAST;;1;1;XEUR;11820389;688;
22.05.2025;07:22:56.767;FGBL SI 20250606 PS;SIMPLE_INSTRUMENT;VOLA;EUR;268435468;129.82000000;30;EXCHANGE_LAST;;1;1;XEUR;11820389;688;
22.05.2025;08:20:09.853;FGBL SI 20250606 PS;SIMPLE_INSTRUMENT;VOLA;EUR;268435474;129.70000000;78;EXCHANGE_LAST;;1;1;XEUR;11820389;688;
22.05.2025;08:21:00.952;FGBL SI 20250606 PS;SIMPLE_INSTRUMENT;VOLA;EUR;268435475;129.70000000;77;EXCHANGE_LAST;;1;1;XEUR;11820389;688;
22.05.2025;11:32:08.019;FGBL SI 20250606 PS;SIMPLE_INSTRUMENT;VOLA;EUR;268435500;129.80000000;38;EXCHANGE_LAST;;1;1;XEUR;11820389;688;
22.05.2025;11:32:34.022;FGBL SI 20250606 PS;SIMPLE_INSTRUMENT;VOLA;EUR;268435501;129.80000000;37;EXCHANGE_LAST;;1;1;XEUR;11820389;688;
22.05.2025;12:42:53.622;FGBL SI 20250606 PS;SIMPLE_INSTRUMENT;VOLA;EUR;268435515;129.78000000;25;EXCHANGE_LAST;;1;1;XEUR;11820389;688;
22.05.2025;12:43:42.628;FGBL SI 20250606 PS;SIMPLE_INSTRUMENT;VOLA;EUR;268435516;129.74000000;25;EXCHANGE_LAST;;1;1;XEUR;11820389;688;
22.05.2025;13:02:02.369;FGBL SI 20250606 PS;SIMPLE_INSTRUMENT;VOLA;EUR;268435522;129.77000000;73;EXCHANGE_LAST;;1;1;XEUR;11820389;688;
22.05.2025;13:10:40.860;FGBL SI 20250908 PS;SIMPLE_INSTRUMENT;VOLA;EUR;268435525;129.42000000;55;EXCHANGE_LAST;;1;1;XEUR;12372482;688;
22.05.2025;13:11:04.866;FGBL SI 20250908 PS;SIMPLE_INSTRUMENT;VOLA;EUR;268435526;129.42000000;55;EXCHANGE_LAST;;1;1;XEUR;12372482;688;
22.05.2025;14:14:00.910;FGBL SI 20250908 PS;SIMPLE_INSTRUMENT;VOLA;EUR;268435530;129.60000000;56;EXCHANGE_LAST;;1;1;XEUR;12372482;688;
22.05.2025;07:12:28.154;FGBM SI 20250606 PS;SIMPLE_INSTRUMENT;EFS;EUR;1;118.52000000;1391;EXCHANGE_LAST;;1;1;XEUR;11820390;689;
22.05.2025;07:25:42.765;FGBM SI 20250606 PS;SIMPLE_INSTRUMENT;EFP_FIN;EUR;2;118.58000000;184;EXCHANGE_LAST;;1;1;XEUR;11820390;689;
22.05.2025;07:47:34.538;FGBM SI 20250606 PS;SIMPLE_INSTRUMENT;EFP_FIN;EUR;3;118.58000000;283;EXCHANGE_LAST;;1;1;XEUR;11820390;689;
22.05.2025;07:48:15.212;FGBM SI 20250606 PS;SIMPLE_INSTRUMENT;EFP_FIN;EUR;4;118.58000000;189;EXCHANGE_LAST;;1;1;XEUR;11820390;689;
22.05.2025;07:35:39.377;FGBM SI 20250606 PS;SIMPLE_INSTRUMENT;EFP_FIN;EUR;5;118.54000000;405;EXCHANGE_LAST;;1;1;XEUR;11820390;689;
22.05.2025;07:42:19.179;FGBM SI 20250606 PS;SIMPLE_INSTRUMENT;EFS;EUR;6;118.52000000;928;EXCHANGE_LAST;;1;1;XEUR;11820390;689;
22.05.2025;07:44:15.169;FGBM SI 20250606 PS;SIMPLE_INSTRUMENT;EFS;EUR;7;118.60000000;591;EXCHANGE_LAST;;1;1;XEUR;11820390;689;
22.05.2025;07:50:05.859;FGBM SI 20250606 PS;SIMPLE_INSTRUMENT;EFP_FIN;EUR;8;118.59000000;392;EXCHANGE_LAST;;1;1;XEUR;11820390;689;
22.05.2025;07:50:52.501;FGBM SI 20250606 PS;SIMPLE_INSTRUMENT;EFP_FIN;EUR;9;118.60000000;387;EXCHANGE_LAST;;1;1;XEUR;11820390;689;
22.05.2025;07:57:42.584;FGBM SI 20250606 PS;SIMPLE_INSTRUMENT;EFS;EUR;10;118.60000000;1390;EXCHANGE_LAST;;1;1;XEUR;11820390;689;
22.05.2025;08:16:04.523;FGBM SI 20250606 PS;SIMPLE_INSTRUMENT;EFP_FIN;EUR;11;118.62000000;275;EXCHANGE_LAST;;1;1;XEUR;11820390;689;
22.05.2025;08:16:24.410;FGBM SI 20250606 PS;SIMPLE_INSTRUMENT;EFP_FIN;EUR;12;118.62000000;310;EXCHANGE_LAST;;1;1;XEUR;11820390;689;
22.05.2025;08:17:49.744;FGBM SI 20250606 PS;SIMPLE_INSTRUMENT;EFS;EUR;13;118.56000000;249;EXCHANGE_LAST;;1;1;XEUR;11820390;689;
22.05.2025;08:19:06.964;FGBM SI 20250606 PS;SIMPLE_INSTRUMENT;EFS;EUR;14;118.58000000;434;EXCHANGE_LAST;;1;1;XEUR;11820390;689;
22.05.2025;08:19:48.840;FGBM SI 20250606 PS;SIMPLE_INSTRUMENT;EFS;EUR;15;118.58000000;434;EXCHANGE_LAST;;1;1;XEUR;11820390;689;
22.05.2025;08:23:51.395;FGBM SI 20250606 PS;SIMPLE_INSTRUMENT;EFS;EUR;16;118.56000000;868;EXCHANGE_LAST;;1;1;XEUR;11820390;689;
22.05.2025;08:41:05.533;FGBM SI 20250606 PS;SIMPLE_INSTRUMENT;EFP_FIN;EUR;17;118.53000000;585;EXCHANGE_LAST;;1;1;XEUR;11820390;689;
22.05.2025;08:45:10.571;FGBM SI 20250606 PS;SIMPLE_INSTRUMENT;EFP_FIN;EUR;18;118.58000000;585;EXCHANGE_LAST;;1;1;XEUR;11820390;689;
22.05.2025;08:47:32.060;FGBM SI 20250606 PS;SIMPLE_INSTRUMENT;EFP_FIN;EUR;19;118.55000000;410;EXCHANGE_LAST;;1;1;XEUR;11820390;689;
22.05.2025;08:58:59.731;FGBM SI 20250606 PS;SIMPLE_INSTRUMENT;EFP_FIN;EUR;20;118.54000000;164;EXCHANGE_LAST;;1;1;XEUR;11820390;689;
22.05.2025;09:03:58.638;FGBM SI 20250606 PS;SIMPLE_INSTRUMENT;EFS;EUR;21;118.63000000;174;EXCHANGE_LAST;;1;1;XEUR;11820390;689;
22.05.2025;09:04:05.468;FGBM SI 20250606 PS;SIMPLE_INSTRUMENT;EFP_FIN;EUR;22;118.54000000;292;EXCHANGE_LAST;;1;1;XEUR;11820390;689;
22.05.2025;09:04:53.555;FGBM SI 20250606 PS;SIMPLE_INSTRUMENT;EFP_FIN;EUR;23;118.56000000;146;EXCHANGE_LAST;;1;1;XEUR;11820390;689;
22.05.2025;09:06:56.517;FGBM SI 20250606 PS;SIMPLE_INSTRUMENT;EFP_FIN;EUR;24;118.57000000;194;EXCHANGE_LAST;;1;1;XEUR;11820390;689;
22.05.2025;09:07:56.384;FGBM SI 20250606 PS;SIMPLE_INSTRUMENT;EFP_FIN;EUR;25;118.57000000;726;EXCHANGE_LAST;;1;1;XEUR;11820390;689;
22.05.2025;09:11:10.612;FGBM SI 20250606 PS;SIMPLE_INSTRUMENT;EFS;EUR;26;118.63000000;600;EXCHANGE_LAST;;1;1;XEUR;11820390;689;
22.05.2025;09:14:07.395;FGBM SI 20250606 PS;SIMPLE_INSTRUMENT;EFS;EUR;27;118.62000000;463;EXCHANGE_LAST;;1;1;XEUR;11820390;689;
22.05.2025;09:18:34.099;FGBM SI 20250606 PS;SIMPLE_INSTRUMENT;EFS;EUR;28;118.61000000;868;EXCHANGE_LAST;;1;1;XEUR;11820390;689;
22.05.2025;09:33:36.213;FGBM SI 20250606 PS;SIMPLE_INSTRUMENT;EFP_FIN;EUR;29;118.62000000;511;EXCHANGE_LAST;;1;1;XEUR;11820390;689;
22.05.2025;09:39:21.570;FGBM SI 20250606 PS;SIMPLE_INSTRUMENT;EFP_FIN;EUR;30;118.61000000;1033;EXCHANGE_LAST;;1;1;XEUR;11820390;689;
22.05.2025;09:43:41.142;FGBM SI 20250606 PS;SIMPLE_INSTRUMENT;EFS;EUR;31;118.60000000;260;EXCHANGE_LAST;;1;1;XEUR;11820390;689;
22.05.2025;09:45:13.844;FGBM SI 20250606 PS;SIMPLE_INSTRUMENT;EFS;EUR;32;118.61000000;434;EXCHANGE_LAST;;1;1;XEUR;11820390;689;
22.05.2025;09:46:11.351;FGBM SI 20250606 PS;SIMPLE_INSTRUMENT;EFS;EUR;33;118.61000000;174;EXCHANGE_LAST;;1;1;XEUR;11820390;689;
22.05.2025;10:06:04.255;FGBM SI 20250606 PS;SIMPLE_INSTRUMENT;EFS;EUR;34;118.62000000;868;EXCHANGE_LAST;;1;1;XEUR;11820390;689;
22.05.2025;10:09:53.582;FGBM SI 20250606 PS;SIMPLE_INSTRUMENT;EFP_FIN;EUR;35;118.59000000;2282;EXCHANGE_LAST;;1;1;XEUR;11820390;689;
22.05.2025;10:10:43.084;FGBM SI 20250606 PS;SIMPLE_INSTRUMENT;EFP_FIN;EUR;36;118.57000000;610;EXCHANGE_LAST;;1;1;XEUR;11820390;689;
22.05.2025;10:19:14.261;FGBM SI 20250606 PS;SIMPLE_INSTRUMENT;EFP_FIN;EUR;38;118.62000000;385;EXCHANGE_LAST;;1;1;XEUR;11820390;689;
22.05.2025;10:33:28.057;FGBM SI 20250606 PS;SIMPLE_INSTRUMENT;EFS;EUR;39;118.64000000;820;EXCHANGE_LAST;;1;1;XEUR;11820390;689;
22.05.2025;10:33:37.943;FGBM SI 20250606 PS;SIMPLE_INSTRUMENT;EFS;EUR;40;118.64000000;820;EXCHANGE_LAST;;1;1;XEUR;11820390;689;
22.05.2025;10:36:23.811;FGBM SI 20250606 PS;SIMPLE_INSTRUMENT;EFP_FIN;EUR;41;118.62000000;354;EXCHANGE_LAST;;1;1;XEUR;11820390;689;
22.05.2025;10:39:12.384;FGBM SI 20250606 PS;SIMPLE_INSTRUMENT;EFP_FIN;EUR;42;118.62000000;385;EXCHANGE_LAST;;1;1;XEUR;11820390;689;
22.05.2025;10:42:00.597;FGBM SI 20250606 PS;SIMPLE_INSTRUMENT;EFP_FIN;EUR;43;118.62000000;147;EXCHANGE_LAST;;1;1;XEUR;11820390;689;
22.05.2025;10:44:18.292;FGBM SI 20250606 PS;SIMPLE_INSTRUMENT;EFS;EUR;44;118.62000000;1247;EXCHANGE_LAST;;1;1;XEUR;11820390;689;
22.05.2025;10:49:45.515;FGBM SI 20250606 PS;SIMPLE_INSTRUMENT;EFP_FIN;EUR;45;118.62000000;660;EXCHANGE_LAST;;1;1;XEUR;11820390;689;
22.05.2025;11:18:09.207;FGBM SI 20250606 PS;SIMPLE_INSTRUMENT;EFS;EUR;46;118.58000000;174;EXCHANGE_LAST;;1;1;XEUR;11820390;689;
22.05.2025;11:29:03.565;FGBM SI 20250606 PS;SIMPLE_INSTRUMENT;EFS;EUR;47;118.60000000;1302;EXCHANGE_LAST;;1;1;XEUR;11820390;689;
22.05.2025;11:31:15.033;FGBM SI 20250606 PS;SIMPLE_INSTRUMENT;EFP_FIN;EUR;48;118.62000000;385;EXCHANGE_LAST;;1;1;XEUR;11820390;689;
22.05.2025;11:38:24.302;FGBM SI 20250606 PS;SIMPLE_INSTRUMENT;EFS;EUR;49;118.58000000;434;EXCHANGE_LAST;;1;1;XEUR;11820390;689;
22.05.2025;11:45:51.960;FGBM SI 20250606 PS;SIMPLE_INSTRUMENT;EFS;EUR;50;118.57000000;868;EXCHANGE_LAST;;1;1;XEUR;11820390;689;
22.05.2025;12:00:36.983;FGBM SI 20250606 PS;SIMPLE_INSTRUMENT;EFP_FIN;EUR;51;118.53000000;390;EXCHANGE_LAST;;1;1;XEUR;11820390;689;
22.05.2025;12:13:13.661;FGBM SI 20250606 PS;SIMPLE_INSTRUMENT;EFP_FIN;EUR;52;118.56000000;1107;EXCHANGE_LAST;;1;1;XEUR;11820390;689;
22.05.2025;12:16:09.025;FGBM SI 20250606 PS;SIMPLE_INSTRUMENT;EFP_FIN;EUR;53;118.58000000;500;EXCHANGE_LAST;;1;1;XEUR;11820390;689;
22.05.2025;12:26:19.237;FGBM SI 20250606 PS;SIMPLE_INSTRUMENT;EFP_FIN;EUR;54;118.60000000;84;EXCHANGE_LAST;;1;1;XEUR;11820390;689;
22.05.2025;12:27:31.261;FGBM SI 20250606 PS;SIMPLE_INSTRUMENT;EFP_FIN;EUR;55;118.56000000;852;EXCHANGE_LAST;;1;1;XEUR;11820390;689;
22.05.2025;12:32:06.456;FGBM SI 20250606 PS;SIMPLE_INSTRUMENT;EFP_FIN;EUR;56;118.56000000;119;EXCHANGE_LAST;;1;1;XEUR;11820390;689;
22.05.2025;12:33:44.876;FGBM SI 20250606 PS;SIMPLE_INSTRUMENT;BLOCK;EUR;57;118.58000000;5536;EXCHANGE_LAST;;1;1;XEUR;11820390;689;
22.05.2025;12:36:07.025;FGBM SI 20250606 PS;SIMPLE_INSTRUMENT;EFS;EUR;58;118.54000000;869;EXCHANGE_LAST;;1;1;XEUR;11820390;689;
22.05.2025;12:36:46.936;FGBM SI 20250606 PS;SIMPLE_INSTRUMENT;EFP_FIN;EUR;59;118.59000000;82;EXCHANGE_LAST;;1;1;XEUR;11820390;689;
22.05.2025;12:39:46.796;FGBM SI 20250606 PS;SIMPLE_INSTRUMENT;EFP_FIN;EUR;60;118.59000000;368;EXCHANGE_LAST;;1;1;XEUR;11820390;689;
22.05.2025;12:39:45.076;FGBM SI 20250606 PS;SIMPLE_INSTRUMENT;EFP_FIN;EUR;61;118.59000000;123;EXCHANGE_LAST;;1;1;XEUR;11820390;689;
22.05.2025;12:45:51.643;FGBM SI 20250606 PS;SIMPLE_INSTRUMENT;EFP_FIN;EUR;62;118.54000000;333;EXCHANGE_LAST;;1;1;XEUR;11820390;689;
22.05.2025;12:53:41.890;FGBM SI 20250606 PS;SIMPLE_INSTRUMENT;EFS;EUR;63;118.60000000;92;EXCHANGE_LAST;;1;1;XEUR;11820390;689;
22.05.2025;12:55:31.455;FGBM SI 20250606 PS;SIMPLE_INSTRUMENT;EFS;EUR;64;118.57000000;868;EXCHANGE_LAST;;1;1;XEUR;11820390;689;
22.05.2025;13:13:15.901;FGBM SI 20250606 PS;SIMPLE_INSTRUMENT;EFS;EUR;65;118.61000000;1852;EXCHANGE_LAST;;1;1;XEUR;11820390;689;
22.05.2025;13:15:57.044;FGBM SI 20250606 PS;SIMPLE_INSTRUMENT;EFP_FIN;EUR;66;118.62000000;95;EXCHANGE_LAST;;1;1;XEUR;11820390;689;
22.05.2025;13:26:57.093;FGBM SI 20250606 PS;SIMPLE_INSTRUMENT;EFS;EUR;67;118.54000000;400;EXCHANGE_LAST;;1;1;XEUR;11820390;689;
22.05.2025;13:27:02.923;FGBM SI 20250606 PS;SIMPLE_INSTRUMENT;EFS;EUR;68;118.59000000;814;EXCHANGE_LAST;;1;1;XEUR;11820390;689;
22.05.2025;13:29:39.135;FGBM SI 20250606 PS;SIMPLE_INSTRUMENT;EFP_FIN;EUR;69;118.54000000;213;EXCHANGE_LAST;;1;1;XEUR;11820390;689;
22.05.2025;13:29:58.498;FGBM SI 20250606 PS;SIMPLE_INSTRUMENT;EFP_FIN;EUR;70;118.62000000;212;EXCHANGE_LAST;;1;1;XEUR;11820390;689;
22.05.2025;13:30:18.730;FGBM SI 20250606 PS;SIMPLE_INSTRUMENT;EFP_FIN;EUR;71;118.62000000;638;EXCHANGE_LAST;;1;1;XEUR;11820390;689;
22.05.2025;13:34:58.460;FGBM SI 20250606 PS;SIMPLE_INSTRUMENT;EFS;EUR;72;118.60000000;820;EXCHANGE_LAST;;1;1;XEUR;11820390;689;
22.05.2025;13:42:00.487;FGBM SI 20250606 PS;SIMPLE_INSTRUMENT;EFP_FIN;EUR;73;118.62000000;1160;EXCHANGE_LAST;;1;1;XEUR;11820390;689;
22.05.2025;13:47:42.229;FGBM SI 20250606 PS;SIMPLE_INSTRUMENT;EFP_FIN;EUR;74;118.60000000;150;EXCHANGE_LAST;;1;1;XEUR;11820390;689;
22.05.2025;13:59:42.105;FGBM SI 20250606 PS;SIMPLE_INSTRUMENT;EFS;EUR;75;118.65000000;410;EXCHANGE_LAST;;1;1;XEUR;11820390;689;
22.05.2025;14:13:23.557;FGBM SI 20250606 PS;SIMPLE_INSTRUMENT;EFP_FIN;EUR;76;118.60000000;426;EXCHANGE_LAST;;1;1;XEUR;11820390;689;
22.05.2025;14:02:37.043;FGBM SI 20250606 PS;SIMPLE_INSTRUMENT;EFS;EUR;77;118.59000000;651;EXCHANGE_LAST;;1;1;XEUR;11820390;689;
22.05.2025;14:05:10.443;FGBM SI 20250606 PS;SIMPLE_INSTRUMENT;EFS;EUR;78;118.62000000;815;EXCHANGE_LAST;;1;1;XEUR;11820390;689;
22.05.2025;14:17:05.349;FGBM SI 20250606 PS;SIMPLE_INSTRUMENT;EFP_FIN;EUR;79;118.62000000;852;EXCHANGE_LAST;;1;1;XEUR;11820390;689;
22.05.2025;14:25:45.970;FGBM SI 20250606 PS;SIMPLE_INSTRUMENT;EFS;EUR;80;118.60000000;867;EXCHANGE_LAST;;1;1;XEUR;11820390;689;
22.05.2025;14:26:09.625;FGBM SI 20250606 PS;SIMPLE_INSTRUMENT;EFS;EUR;81;118.59000000;651;EXCHANGE_LAST;;1;1;XEUR;11820390;689;
22.05.2025;14:32:21.522;FGBM SI 20250606 PS;SIMPLE_INSTRUMENT;EFP_FIN;EUR;82;118.60000000;1278;EXCHANGE_LAST;;1;1;XEUR;11820390;689;
22.05.2025;14:40:55.480;FGBM SI 20250606 PS;SIMPLE_INSTRUMENT;EFS;EUR;83;118.59000000;1494;EXCHANGE_LAST;;1;1;XEUR;11820390;689;
22.05.2025;14:44:14.872;FGBM SI 20250606 PS;SIMPLE_INSTRUMENT;EFS;EUR;84;118.58000000;815;EXCHANGE_LAST;;1;1;XEUR;11820390;689;
22.05.2025;14:44:49.005;FGBM SI 20250606 PS;SIMPLE_INSTRUMENT;EFS;EUR;85;118.58000000;815;EXCHANGE_LAST;;1;1;XEUR;11820390;689;
22.05.2025;14:52:08.711;FGBM SI 20250606 PS;SIMPLE_INSTRUMENT;EFP_FIN;EUR;86;118.57000000;95;EXCHANGE_LAST;;1;1;XEUR;11820390;689;
22.05.2025;14:58:15.752;FGBM SI 20250606 PS;SIMPLE_INSTRUMENT;EFS;EUR;87;118.61000000;868;EXCHANGE_LAST;;1;1;XEUR;11820390;689;
22.05.2025;15:04:45.563;FGBM SI 20250606 PS;SIMPLE_INSTRUMENT;EFP_FIN;EUR;88;118.62000000;205;EXCHANGE_LAST;;1;1;XEUR;11820390;689;
22.05.2025;15:27:48.699;FGBM SI 20250606 PS;SIMPLE_INSTRUMENT;EFS;EUR;89;118.62000000;434;EXCHANGE_LAST;;1;1;XEUR;11820390;689;
22.05.2025;15:38:41.969;FGBM SI 20250606 PS;SIMPLE_INSTRUMENT;EFS;EUR;90;118.64000000;2000;EXCHANGE_LAST;;1;1;XEUR;11820390;689;
22.05.2025;15:39:29.074;FGBM SI 20250606 PS;SIMPLE_INSTRUMENT;EFS;EUR;91;118.65000000;410;EXCHANGE_LAST;;1;1;XEUR;11820390;689;
22.05.2025;15:42:40.523;FGBM SI 20250606 PS;SIMPLE_INSTRUMENT;EFP_FIN;EUR;92;118.66000000;852;EXCHANGE_LAST;;1;1;XEUR;11820390;689;
22.05.2025;15:45:39.863;FGBM SI 20250606 PS;SIMPLE_INSTRUMENT;EFP_FIN;EUR;93;118.63000000;84;EXCHANGE_LAST;;1;1;XEUR;11820390;689;
22.05.2025;16:03:23.951;FGBM SI 20250606 PS;SIMPLE_INSTRUMENT;EFP_FIN;EUR;94;118.66000000;618;EXCHANGE_LAST;;1;1;XEUR;11820390;689;
22.05.2025;16:03:29.222;FGBM SI 20250606 PS;SIMPLE_INSTRUMENT;EFS;EUR;95;118.65000000;328;EXCHANGE_LAST;;1;1;XEUR;11820390;689;
22.05.2025;09:49:13.893;FGBM SI 20250606 PS;SIMPLE_INSTRUMENT;VOLA;EUR;268435482;118.62000000;252;EXCHANGE_LAST;;1;1;XEUR;11820390;689;
22.05.2025;09:50:14.867;FGBM SI 20250606 PS;SIMPLE_INSTRUMENT;VOLA;EUR;268435484;118.62000000;140;EXCHANGE_LAST;;1;1;XEUR;11820390;689;
22.05.2025;06:56:19.269;FGBS SI 20250606 PS;SIMPLE_INSTRUMENT;EFS;EUR;1;107.22000000;2728;EXCHANGE_LAST;;1;1;XEUR;11820391;690;
22.05.2025;07:11:41.151;FGBS SI 20250606 PS;SIMPLE_INSTRUMENT;EFS;EUR;2;107.24000000;4092;EXCHANGE_LAST;;1;1;XEUR;11820391;690;
22.05.2025;07:44:47.171;FGBS SI 20250606 PS;SIMPLE_INSTRUMENT;EFS;EUR;3;107.26000000;1801;EXCHANGE_LAST;;1;1;XEUR;11820391;690;
22.05.2025;07:52:33.081;FGBS SI 20250606 PS;SIMPLE_INSTRUMENT;EFS;EUR;4;107.27000000;1092;EXCHANGE_LAST;;1;1;XEUR;11820391;690;
22.05.2025;08:36:12.904;FGBS SI 20250606 PS;SIMPLE_INSTRUMENT;EFP_FIN;EUR;5;107.26500000;303;EXCHANGE_LAST;;1;1;XEUR;11820391;690;
22.05.2025;08:36:12.924;FGBS SI 20250606 PS;SIMPLE_INSTRUMENT;EFP_FIN;EUR;6;107.26500000;303;EXCHANGE_LAST;;1;1;XEUR;11820391;690;
22.05.2025;09:12:52.862;FGBS SI 20250606 PS;SIMPLE_INSTRUMENT;EFS;EUR;7;107.28000000;1363;EXCHANGE_LAST;;1;1;XEUR;11820391;690;
22.05.2025;09:18:21.217;FGBS SI 20250606 PS;SIMPLE_INSTRUMENT;EFS;EUR;8;107.28000000;1363;EXCHANGE_LAST;;1;1;XEUR;11820391;690;
22.05.2025;09:30:34.596;FGBS SI 20250606 PS;SIMPLE_INSTRUMENT;EFP_FIN;EUR;9;107.28000000;447;EXCHANGE_LAST;;1;1;XEUR;11820391;690;
22.05.2025;09:46:04.112;FGBS SI 20250606 PS;SIMPLE_INSTRUMENT;EFP_FIN;EUR;10;107.29000000;1598;EXCHANGE_LAST;;1;1;XEUR;11820391;690;
22.05.2025;09:48:04.166;FGBS SI 20250606 PS;SIMPLE_INSTRUMENT;EFP_FIN;EUR;11;107.29000000;1057;EXCHANGE_LAST;;1;1;XEUR;11820391;690;
22.05.2025;10:38:42.677;FGBS SI 20250606 PS;SIMPLE_INSTRUMENT;EFP_FIN;EUR;12;107.28000000;481;EXCHANGE_LAST;;1;1;XEUR;11820391;690;
22.05.2025;12:55:10.008;FGBS SI 20250606 PS;SIMPLE_INSTRUMENT;EFS;EUR;14;107.28500000;7165;EXCHANGE_LAST;;1;1;XEUR;11820391;690;
22.05.2025;12:55:49.608;FGBS SI 20250606 PS;SIMPLE_INSTRUMENT;EFS;EUR;15;107.28000000;2437;EXCHANGE_LAST;;1;1;XEUR;11820391;690;
22.05.2025;13:14:35.851;FGBS SI 20250606 PS;SIMPLE_INSTRUMENT;EFP_FIN;EUR;16;107.29000000;469;EXCHANGE_LAST;;1;1;XEUR;11820391;690;
22.05.2025;13:34:12.602;FGBS SI 20250606 PS;SIMPLE_INSTRUMENT;EFP_FIN;EUR;17;107.29500000;529;EXCHANGE_LAST;;1;1;XEUR;11820391;690;
22.05.2025;13:47:31.003;FGBS SI 20250606 PS;SIMPLE_INSTRUMENT;EFP_FIN;EUR;18;107.29500000;387;EXCHANGE_LAST;;1;1;XEUR;11820391;690;
22.05.2025;13:56:20.533;FGBS SI 20250606 PS;SIMPLE_INSTRUMENT;EFS;EUR;19;107.30000000;2180;EXCHANGE_LAST;;1;1;XEUR;11820391;690;
22.05.2025;13:57:25.536;FGBS SI 20250606 PS;SIMPLE_INSTRUMENT;EFP_FIN;EUR;20;107.28000000;1877;EXCHANGE_LAST;;1;1;XEUR;11820391;690;
22.05.2025;14:07:58.047;FGBS SI 20250606 PS;SIMPLE_INSTRUMENT;EFS;EUR;21;107.29500000;2403;EXCHANGE_LAST;;1;1;XEUR;11820391;690;
22.05.2025;14:29:43.448;FGBS SI 20250606 PS;SIMPLE_INSTRUMENT;EFS;EUR;24;107.29500000;2017;EXCHANGE_LAST;;1;1;XEUR;11820391;690;
22.05.2025;14:33:00.373;FGBS SI 20250606 PS;SIMPLE_INSTRUMENT;EFP_FIN;EUR;25;107.28000000;938;EXCHANGE_LAST;;1;1;XEUR;11820391;690;
22.05.2025;14:45:49.751;FGBS SI 20250606 PS;SIMPLE_INSTRUMENT;EFP_FIN;EUR;26;107.27500000;435;EXCHANGE_LAST;;1;1;XEUR;11820391;690;
22.05.2025;15:08:19.567;FGBS SI 20250606 PS;SIMPLE_INSTRUMENT;EFS;EUR;27;107.27500000;3872;EXCHANGE_LAST;;1;1;XEUR;11820391;690;
22.05.2025;15:50:11.626;FGBS SI 20250606 PS;SIMPLE_INSTRUMENT;EFP_FIN;EUR;28;107.29500000;739;EXCHANGE_LAST;;1;1;XEUR;11820391;690;
22.05.2025;15:50:54.199;FGBS SI 20250606 PS;SIMPLE_INSTRUMENT;EFP_FIN;EUR;29;107.28000000;344;EXCHANGE_LAST;;1;1;XEUR;11820391;690;
22.05.2025;07:17:54.869;FGBX SI 20250606 PS;SIMPLE_INSTRUMENT;EFS;EUR;1;117.86000000;205;EXCHANGE_LAST;;1;1;XEUR;11820392;691;
22.05.2025;07:35:29.843;FGBX SI 20250606 PS;SIMPLE_INSTRUMENT;EFP_FIN;EUR;3;117.82000000;200;EXCHANGE_LAST;;1;1;XEUR;11820392;691;
22.05.2025;08:08:08.995;FGBX SI 20250606 PS;SIMPLE_INSTRUMENT;EFP_FIN;EUR;5;117.68000000;284;EXCHANGE_LAST;;1;1;XEUR;11820392;691;
22.05.2025;11:28:51.010;FGBX SI 20250606 PS;SIMPLE_INSTRUMENT;EFP_FIN;EUR;21;117.58000000;88;EXCHANGE_LAST;;1;1;XEUR;11820392;691;
22.05.2025;11:40:22.934;FGBX SI 20250606 PS;SIMPLE_INSTRUMENT;EFS;EUR;24;117.46000000;95;EXCHANGE_LAST;;1;1;XEUR;11820392;691;
22.05.2025;12:22:29.244;FGBX SI 20250606 PS;SIMPLE_INSTRUMENT;EFS;EUR;29;117.46000000;189;EXCHANGE_LAST;;1;1;XEUR;11820392;691;
22.05.2025;13:02:39.695;FGBX SI 20250606 PS;SIMPLE_INSTRUMENT;EFS;EUR;30;117.16000000;151;EXCHANGE_LAST;;1;1;XEUR;11820392;691;
22.05.2025;14:26:30.018;FGBX SI 20250606 PS;SIMPLE_INSTRUMENT;EFS;EUR;32;117.66000000;264;EXCHANGE_LAST;;1;1;XEUR;11820392;691;
22.05.2025;14:35:41.131;FGBX SI 20250606 PS;SIMPLE_INSTRUMENT;BLOCK;EUR;34;117.64000000;177;EXCHANGE_LAST;;1;1;XEUR;11820392;691;
22.05.2025;15:01:22.003;FGBX SI 20250606 PS;SIMPLE_INSTRUMENT;BLOCK;EUR;36;117.80000000;429;EXCHANGE_LAST;;1;1;XEUR;11820392;691;
22.05.2025;15:43:06.994;FGBX SI 20250606 PS;SIMPLE_INSTRUMENT;EFS;EUR;37;117.82000000;250;EXCHANGE_LAST;;1;1;XEUR;11820392;691;
22.05.2025;06:37:00.677;FGBX SI 20250606 PS;SIMPLE_INSTRUMENT;VOLA;EUR;268435459;117.70000000;22;EXCHANGE_LAST;;1;1;XEUR;11820392;691;
22.05.2025;07:40:02.142;FGBX SI 20250606 PS;SIMPLE_INSTRUMENT;VOLA;EUR;268435470;117.76000000;33;EXCHANGE_LAST;;1;1;XEUR;11820392;691;
22.05.2025;07:48:29.451;FIA5 SI 20250619 PS AM P 11.00 0;SIMPLE_INSTRUMENT;BLOCK;EUR;1;1.71000000;2000;EXCHANGE_LAST;;1;1;XEUR;11340123;48227;
22.05.2025;10:31:49.585;FIA5 SI 20260319 PS AM P 8.00 0;SIMPLE_INSTRUMENT;BLOCK;EUR;11;0.75750000;1150;EXCHANGE_LAST;;1;1;XEUR;12990030;48227;
22.05.2025;10:39:20.171;FIA5 SI 20260319 PS AM P 8.00 0;SIMPLE_INSTRUMENT;BLOCK;EUR;14;0.76100000;1150;EXCHANGE_LAST;;1;1;XEUR;12990030;48227;
22.05.2025;06:41:59.904;FMAC SI 20250620 CS;SIMPLE_INSTRUMENT;EFP_IDX;USD;17;478.87000000;1861;EXCHANGE_LAST;;1;1;XEUR;7939457;45281;
22.05.2025;07:39:47.684;FMAE SI 20250620 CS;SIMPLE_INSTRUMENT;EFP_IDX;EUR;21;395.52100000;743;EXCHANGE_LAST;;1;1;XEUR;7939684;48921;
22.05.2025;02:16:04.709;FMAU SI 20250620 CS;SIMPLE_INSTRUMENT;BLOCK;USD;4;6000.38900000;21;EXCHANGE_LAST;;1;1;XEUR;7939462;45287;
22.05.2025;07:58:03.892;FMCE SI 20250620 CS;SIMPLE_INSTRUMENT;BLOCK;EUR;2;570.70000000;620;EXCHANGE_LAST;;1;1;XEUR;9693466;665;
22.05.2025;00:49:10.487;FMCH SI 20250620 CS;SIMPLE_INSTRUMENT;EFP_IDX;USD;1;596.48000000;167;EXCHANGE_LAST;;1;1;XEUR;7940815;402909;
22.05.2025;02:19:34.484;FMCH SI 20250620 CS;SIMPLE_INSTRUMENT;BLOCK;USD;6;596.71700000;297;EXCHANGE_LAST;;1;1;XEUR;7940815;402909;
22.05.2025;05:50:19.920;FMCH SI 20250620 CS;SIMPLE_INSTRUMENT;BLOCK;USD;12;592.60000000;60;EXCHANGE_LAST;;1;1;XEUR;7940815;402909;
22.05.2025;12:29:37.721;FMCH SI 20250620 CS;SIMPLE_INSTRUMENT;BLOCK;USD;37;596.39000000;118;EXCHANGE_LAST;;1;1;XEUR;7940815;402909;
22.05.2025;02:29:59.847;FMEA SI 20250620 CS;SIMPLE_INSTRUMENT;BLOCK;USD;10;747.00000000;4020;EXCHANGE_LAST;;1;1;XEUR;7938804;12395;
22.05.2025;02:30:51.072;FMEA SI 20250919 CS;SIMPLE_INSTRUMENT;BLOCK;USD;11;754.99300000;3978;EXCHANGE_LAST;;1;1;XEUR;8427804;12395;
22.05.2025;08:06:27.808;FMEA SI 20250620 CS;SIMPLE_INSTRUMENT;BLOCK;USD;23;747.00000000;670;EXCHANGE_LAST;;1;1;XEUR;7938804;12395;
22.05.2025;08:06:34.947;FMEA SI 20250919 CS;SIMPLE_INSTRUMENT;BLOCK;USD;24;754.99300000;663;EXCHANGE_LAST;;1;1;XEUR;8427804;12395;
22.05.2025;07:27:03.314;FMEM SI 20250620 CS;SIMPLE_INSTRUMENT;BLOCK;USD;20;634.97200000;2320;EXCHANGE_LAST;;1;1;XEUR;7938803;12394;
22.05.2025;08:50:04.393;FMEU SI 20250620 CS;SIMPLE_INSTRUMENT;BLOCK;EUR;28;373.27000000;3080;EXCHANGE_LAST;;1;1;XEUR;7938710;7058;
22.05.2025;07:26:31.966;FMGC SI 20250620 CS;SIMPLE_INSTRUMENT;BLOCK;USD;19;13855.47000000;19;EXCHANGE_LAST;;1;1;XEUR;7939680;48916;
22.05.2025;14:45:03.314;FMGC SI 20250620 CS;SIMPLE_INSTRUMENT;BLOCK;USD;40;13805.00000000;724;EXCHANGE_LAST;;1;1;XEUR;7939680;48916;
22.05.2025;14:45:03.314;FMGC SI 20250919 CS;SIMPLE_INSTRUMENT;BLOCK;USD;41;13973.00000000;716;EXCHANGE_LAST;;1;1;XEUR;8428578;48916;
22.05.2025;15:16:05.533;FMGC SI 20250620 CS;SIMPLE_INSTRUMENT;BLOCK;USD;42;13830.00000000;2170;EXCHANGE_LAST;;1;1;XEUR;7939680;48916;
22.05.2025;15:16:06.588;FMGC SI 20250919 CS;SIMPLE_INSTRUMENT;BLOCK;USD;43;13998.25000000;2144;EXCHANGE_LAST;;1;1;XEUR;8428578;48916;
22.05.2025;15:24:28.036;FMGC SI 20250620 CS;SIMPLE_INSTRUMENT;BLOCK;USD;44;13830.00000000;2170;EXCHANGE_LAST;;1;1;XEUR;7939680;48916;
22.05.2025;15:25:39.216;FMGC SI 20250919 CS;SIMPLE_INSTRUMENT;BLOCK;USD;45;13998.25000000;2143;EXCHANGE_LAST;;1;1;XEUR;8428578;48916;
22.05.2025;15:50:38.071;FMGC SI 20250620 CS;SIMPLE_INSTRUMENT;BLOCK;USD;53;13846.00000000;361;EXCHANGE_LAST;;1;1;XEUR;7939680;48916;
22.05.2025;15:50:59.607;FMGC SI 20250919 CS;SIMPLE_INSTRUMENT;BLOCK;USD;54;14014.25000000;357;EXCHANGE_LAST;;1;1;XEUR;8428578;48916;
22.05.2025;15:57:11.622;FMGC SI 20250620 CS;SIMPLE_INSTRUMENT;BLOCK;USD;55;13820.00000000;365;EXCHANGE_LAST;;1;1;XEUR;7939680;48916;
22.05.2025;15:57:15.689;FMGC SI 20250919 CS;SIMPLE_INSTRUMENT;BLOCK;USD;56;13988.00000000;361;EXCHANGE_LAST;;1;1;XEUR;8428578;48916;
22.05.2025;17:37:40.762;FMGC SI 20250620 CS;SIMPLE_INSTRUMENT;BLOCK;USD;59;13840.00000000;365;EXCHANGE_LAST;;1;1;XEUR;7939680;48916;
22.05.2025;17:37:47.666;FMGC SI 20250919 CS;SIMPLE_INSTRUMENT;BLOCK;USD;60;14008.25000000;361;EXCHANGE_LAST;;1;1;XEUR;8428578;48916;
22.05.2025;13:36:56.216;FMGO SI 20250620 CS;SIMPLE_INSTRUMENT;BLOCK;USD;38;5560.00000000;4;EXCHANGE_LAST;;1;1;XEUR;8609371;583623;
22.05.2025;01:50:51.222;FMHK SI 20250620 CS;SIMPLE_INSTRUMENT;BLOCK;USD;3;64440.44300000;20;EXCHANGE_LAST;;1;1;XEUR;7939458;45282;
22.05.2025;05:51:01.552;FMID SI 20250620 CS;SIMPLE_INSTRUMENT;BLOCK;USD;3;1597.37000000;34;EXCHANGE_LAST;;1;1;XEUR;7939464;45289;
22.05.2025;00:59:35.405;FMIN SI 20250620 CS;SIMPLE_INSTRUMENT;BLOCK;USD;2;1287.50500000;79;EXCHANGE_LAST;;1;1;XEUR;7938852;12404;
22.05.2025;02:21:22.271;FMIN SI 20250620 CS;SIMPLE_INSTRUMENT;BLOCK;USD;7;1287.37700000;55;EXCHANGE_LAST;;1;1;XEUR;7938852;12404;
22.05.2025;02:24:10.023;FMIN SI 20250620 CS;SIMPLE_INSTRUMENT;BLOCK;USD;8;1287.00000000;260;EXCHANGE_LAST;;1;1;XEUR;7938852;12404;
22.05.2025;02:25:19.189;FMIN SI 20250919 CS;SIMPLE_INSTRUMENT;BLOCK;USD;9;1300.90000000;257;EXCHANGE_LAST;;1;1;XEUR;8427825;12404;
22.05.2025;08:05:52.772;FMIN SI 20250620 CS;SIMPLE_INSTRUMENT;BLOCK;USD;22;1287.50500000;118;EXCHANGE_LAST;;1;1;XEUR;7938852;12404;
22.05.2025;09:33:59.925;FMIN SI 20250620 CS;SIMPLE_INSTRUMENT;BLOCK;USD;30;1267.60000000;790;EXCHANGE_LAST;;2;1;XEUR;7938852;12404;
22.05.2025;09:34:10.732;FMIN SI 20250919 CS;SIMPLE_INSTRUMENT;BLOCK;USD;31;1281.41700000;782;EXCHANGE_LAST;;1;2;XEUR;8427825;12404;
22.05.2025;09:29:58.328;FMIN SI 20250620 CS;SIMPLE_INSTRUMENT;BLOCK;USD;32;1267.20000000;237;EXCHANGE_LAST;;1;1;XEUR;7938852;12404;
22.05.2025;09:30:43.561;FMIN SI 20250919 CS;SIMPLE_INSTRUMENT;BLOCK;USD;33;1281.01200000;234;EXCHANGE_LAST;;1;1;XEUR;8427825;12404;
22.05.2025;02:17:27.585;FMJP SI 20250620 CS;SIMPLE_INSTRUMENT;BLOCK;USD;5;9306.35900000;1075;EXCHANGE_LAST;;1;1;XEUR;7937445;661;
22.05.2025;08:20:33.645;FMJP SI 20250620 CS;SIMPLE_INSTRUMENT;BLOCK;USD;25;9301.26100000;122;EXCHANGE_LAST;;1;1;XEUR;7937445;661;
22.05.2025;09:02:05.152;FMJP SI 20250620 CS;SIMPLE_INSTRUMENT;EFP_IDX;USD;29;9301.26100000;43;EXCHANGE_LAST;;1;1;XEUR;7937445;661;
22.05.2025;09:36:11.985;FMJP SI 20250620 CS;SIMPLE_INSTRUMENT;BLOCK;USD;34;9305.90000000;300;EXCHANGE_LAST;;1;1;XEUR;7937445;661;
22.05.2025;14:06:24.443;FMMX SI 20250620 CS;SIMPLE_INSTRUMENT;BLOCK;USD;39;745.50000000;250;EXCHANGE_LAST;;1;1;XEUR;7938855;12545;
22.05.2025;00:55:34.729;FMTW SI 20250620 CS;SIMPLE_INSTRUMENT;BLOCK;USD;1;852.79000000;85;EXCHANGE_LAST;;1;1;XEUR;7939790;51884;
22.05.2025;02:17:06.169;FMTW SI 20250620 CS;SIMPLE_INSTRUMENT;BLOCK;USD;2;852.79000000;120;EXCHANGE_LAST;;1;1;XEUR;7939790;51884;
22.05.2025;06:13:44.515;FMUA SI 20250620 CS;SIMPLE_INSTRUMENT;BLOCK;USD;4;1004.72000000;10;EXCHANGE_LAST;;1;1;XEUR;7939459;45284;
22.05.2025;09:43:05.511;FMWN SI 20250620 CS;SIMPLE_INSTRUMENT;BLOCK;EUR;35;553.00000000;266;EXCHANGE_LAST;;1;1;XEUR;7939177;30654;
22.05.2025;15:30:54.547;FMWN SI 20250620 CS;SIMPLE_INSTRUMENT;BLOCK;EUR;46;552.90000000;510;EXCHANGE_LAST;;1;1;XEUR;7939177;30654;
22.05.2025;06:10:09.528;FMWO SI 20250620 CS;SIMPLE_INSTRUMENT;BLOCK;USD;13;12245.33000000;171;EXCHANGE_LAST;;1;1;XEUR;7938711;7059;
22.05.2025;06:13:59.924;FMWO SI 20250620 CS;SIMPLE_INSTRUMENT;EFP_IDX;USD;14;12245.68000000;45;EXCHANGE_LAST;;1;1;XEUR;7938711;7059;
22.05.2025;06:17:03.582;FMWO SI 20250620 CS;SIMPLE_INSTRUMENT;EFP_IDX;USD;16;12246.48000000;29;EXCHANGE_LAST;;1;1;XEUR;7938711;7059;
22.05.2025;07:16:02.859;FMWO SI 20250620 CS;SIMPLE_INSTRUMENT;EFP_IDX;USD;18;12246.48000000;20;EXCHANGE_LAST;;1;1;XEUR;7938711;7059;
22.05.2025;08:28:38.873;FMWO SI 20250620 CS;SIMPLE_INSTRUMENT;BLOCK;USD;26;12245.58000000;235;EXCHANGE_LAST;;1;1;XEUR;7938711;7059;
22.05.2025;12:04:40.470;FMWO SI 20250620 CS;SIMPLE_INSTRUMENT;BLOCK;USD;36;12177.00000000;188;EXCHANGE_LAST;;1;1;XEUR;7938711;7059;
22.05.2025;09:36:33.573;FNT SI 20250919 PS AM C 32.00 0;SIMPLE_INSTRUMENT;BLOCK;EUR;5;0.87000000;500;EXCHANGE_LAST;;1;1;XEUR;13391287;657;
22.05.2025;07:38:40.682;FOAT SI 20250606 PS;SIMPLE_INSTRUMENT;EFP_FIN;EUR;1;124.21000000;158;EXCHANGE_LAST;;1;1;XEUR;11820393;749;
22.05.2025;07:48:42.019;FOAT SI 20250606 PS;SIMPLE_INSTRUMENT;EFP_FIN;EUR;2;124.19000000;236;EXCHANGE_LAST;;1;1;XEUR;11820393;749;
22.05.2025;07:49:34.636;FOAT SI 20250606 PS;SIMPLE_INSTRUMENT;EFP_FIN;EUR;3;124.19000000;158;EXCHANGE_LAST;;1;1;XEUR;11820393;749;
22.05.2025;08:52:18.675;FOAT SI 20250606 PS;SIMPLE_INSTRUMENT;EFP_FIN;EUR;4;124.16000000;788;EXCHANGE_LAST;;1;1;XEUR;11820393;749;
22.05.2025;09:34:23.334;FOAT SI 20250606 PS;SIMPLE_INSTRUMENT;EFP_FIN;EUR;5;124.05000000;441;EXCHANGE_LAST;;1;1;XEUR;11820393;749;
22.05.2025;09:58:20.982;FOAT SI 20250606 PS;SIMPLE_INSTRUMENT;EFP_FIN;EUR;6;124.13000000;219;EXCHANGE_LAST;;1;1;XEUR;11820393;749;
22.05.2025;09:59:16.242;FOAT SI 20250606 PS;SIMPLE_INSTRUMENT;EFP_FIN;EUR;7;124.08000000;198;EXCHANGE_LAST;;1;1;XEUR;11820393;749;
22.05.2025;10:31:47.505;FOAT SI 20250606 PS;SIMPLE_INSTRUMENT;EFP_FIN;EUR;8;124.21000000;2471;EXCHANGE_LAST;;1;1;XEUR;11820393;749;
22.05.2025;10:51:03.829;FOAT SI 20250606 PS;SIMPLE_INSTRUMENT;EFP_FIN;EUR;9;124.19000000;1444;EXCHANGE_LAST;;1;1;XEUR;11820393;749;
22.05.2025;11:22:13.311;FOAT SI 20250606 PS;SIMPLE_INSTRUMENT;EFP_FIN;EUR;10;124.12000000;5909;EXCHANGE_LAST;;1;1;XEUR;11820393;749;
22.05.2025;11:28:39.803;FOAT SI 20250606 PS;SIMPLE_INSTRUMENT;EFP_FIN;EUR;11;124.16000000;1379;EXCHANGE_LAST;;1;1;XEUR;11820393;749;
22.05.2025;11:29:14.602;FOAT SI 20250606 PS;SIMPLE_INSTRUMENT;EFP_FIN;EUR;12;124.12000000;290;EXCHANGE_LAST;;1;1;XEUR;11820393;749;
22.05.2025;11:34:33.080;FOAT SI 20250606 PS;SIMPLE_INSTRUMENT;EFP_FIN;EUR;13;124.12000000;306;EXCHANGE_LAST;;1;1;XEUR;11820393;749;
22.05.2025;11:36:01.289;FOAT SI 20250606 PS;SIMPLE_INSTRUMENT;EFP_FIN;EUR;14;124.12000000;1576;EXCHANGE_LAST;;1;1;XEUR;11820393;749;
22.05.2025;11:38:29.664;FOAT SI 20250606 PS;SIMPLE_INSTRUMENT;EFP_FIN;EUR;15;124.12000000;394;EXCHANGE_LAST;;1;1;XEUR;11820393;749;
22.05.2025;11:39:52.011;FOAT SI 20250606 PS;SIMPLE_INSTRUMENT;EFP_FIN;EUR;16;124.28000000;258;EXCHANGE_LAST;;1;1;XEUR;11820393;749;
22.05.2025;11:40:09.756;FOAT SI 20250606 PS;SIMPLE_INSTRUMENT;EFP_FIN;EUR;17;124.15000000;5909;EXCHANGE_LAST;;1;1;XEUR;11820393;749;
22.05.2025;11:40:26.468;FOAT SI 20250606 PS;SIMPLE_INSTRUMENT;EFP_FIN;EUR;18;124.15000000;1142;EXCHANGE_LAST;;1;1;XEUR;11820393;749;
22.05.2025;11:40:42.985;FOAT SI 20250606 PS;SIMPLE_INSTRUMENT;EFP_FIN;EUR;19;124.15000000;1970;EXCHANGE_LAST;;1;1;XEUR;11820393;749;
22.05.2025;11:40:58.812;FOAT SI 20250606 PS;SIMPLE_INSTRUMENT;EFP_FIN;EUR;20;124.15000000;433;EXCHANGE_LAST;;1;1;XEUR;11820393;749;
22.05.2025;11:41:02.827;FOAT SI 20250606 PS;SIMPLE_INSTRUMENT;EFP_FIN;EUR;21;124.12000000;1182;EXCHANGE_LAST;;1;1;XEUR;11820393;749;
22.05.2025;11:42:06.562;FOAT SI 20250606 PS;SIMPLE_INSTRUMENT;EFP_FIN;EUR;22;124.16000000;1182;EXCHANGE_LAST;;1;1;XEUR;11820393;749;
22.05.2025;11:49:10.693;FOAT SI 20250606 PS;SIMPLE_INSTRUMENT;EFP_FIN;EUR;23;124.09000000;1576;EXCHANGE_LAST;;1;1;XEUR;11820393;749;
22.05.2025;11:49:16.419;FOAT SI 20250606 PS;SIMPLE_INSTRUMENT;EFP_FIN;EUR;24;124.10000000;1441;EXCHANGE_LAST;;1;1;XEUR;11820393;749;
22.05.2025;11:53:42.405;FOAT SI 20250606 PS;SIMPLE_INSTRUMENT;EFP_FIN;EUR;25;124.12000000;788;EXCHANGE_LAST;;1;1;XEUR;11820393;749;
22.05.2025;11:58:47.398;FOAT SI 20250606 PS;SIMPLE_INSTRUMENT;EFP_FIN;EUR;26;124.12000000;394;EXCHANGE_LAST;;1;1;XEUR;11820393;749;
22.05.2025;12:36:02.601;FOAT SI 20250606 PS;SIMPLE_INSTRUMENT;EFS;EUR;27;123.98000000;131;EXCHANGE_LAST;;1;1;XEUR;11820393;749;
22.05.2025;12:44:19.889;FOAT SI 20250606 PS;SIMPLE_INSTRUMENT;EFP_FIN;EUR;28;123.95000000;412;EXCHANGE_LAST;;1;1;XEUR;11820393;749;
22.05.2025;12:49:30.044;FOAT SI 20250606 PS;SIMPLE_INSTRUMENT;EFP_FIN;EUR;29;123.99000000;993;EXCHANGE_LAST;;1;1;XEUR;11820393;749;
22.05.2025;13:12:43.890;FOAT SI 20250606 PS;SIMPLE_INSTRUMENT;EFP_FIN;EUR;30;124.00000000;569;EXCHANGE_LAST;;1;1;XEUR;11820393;749;
22.05.2025;13:13:42.401;FOAT SI 20250606 PS;SIMPLE_INSTRUMENT;EFP_FIN;EUR;31;123.99000000;276;EXCHANGE_LAST;;1;1;XEUR;11820393;749;
22.05.2025;13:14:49.684;FOAT SI 20250606 PS;SIMPLE_INSTRUMENT;EFP_FIN;EUR;32;123.99000000;118;EXCHANGE_LAST;;1;1;XEUR;11820393;749;
22.05.2025;13:27:41.230;FOAT SI 20250606 PS;SIMPLE_INSTRUMENT;EFP_FIN;EUR;33;124.11000000;3152;EXCHANGE_LAST;;1;1;XEUR;11820393;749;
22.05.2025;13:41:38.065;FOAT SI 20250606 PS;SIMPLE_INSTRUMENT;EFS;EUR;34;124.14000000;878;EXCHANGE_LAST;;1;1;XEUR;11820393;749;
22.05.2025;13:42:45.038;FOAT SI 20250606 PS;SIMPLE_INSTRUMENT;EFP_FIN;EUR;35;124.11000000;101;EXCHANGE_LAST;;1;1;XEUR;11820393;749;
22.05.2025;13:45:26.750;FOAT SI 20250606 PS;SIMPLE_INSTRUMENT;EFP_FIN;EUR;36;124.13000000;78;EXCHANGE_LAST;;1;1;XEUR;11820393;749;
22.05.2025;13:46:35.923;FOAT SI 20250606 PS;SIMPLE_INSTRUMENT;EFP_FIN;EUR;37;124.13000000;172;EXCHANGE_LAST;;1;1;XEUR;11820393;749;
22.05.2025;13:47:49.074;FOAT SI 20250606 PS;SIMPLE_INSTRUMENT;EFP_FIN;EUR;38;124.13000000;306;EXCHANGE_LAST;;1;1;XEUR;11820393;749;
22.05.2025;13:49:29.777;FOAT SI 20250606 PS;SIMPLE_INSTRUMENT;EFP_FIN;EUR;39;124.13000000;2364;EXCHANGE_LAST;;1;1;XEUR;11820393;749;
22.05.2025;13:50:07.822;FOAT SI 20250606 PS;SIMPLE_INSTRUMENT;EFP_FIN;EUR;40;124.14000000;556;EXCHANGE_LAST;;1;1;XEUR;11820393;749;
22.05.2025;13:52:58.709;FOAT SI 20250606 PS;SIMPLE_INSTRUMENT;EFP_FIN;EUR;41;124.12000000;394;EXCHANGE_LAST;;1;1;XEUR;11820393;749;
22.05.2025;13:53:14.083;FOAT SI 20250606 PS;SIMPLE_INSTRUMENT;EFP_FIN;EUR;42;124.12000000;788;EXCHANGE_LAST;;1;1;XEUR;11820393;749;
22.05.2025;13:58:34.534;FOAT SI 20250606 PS;SIMPLE_INSTRUMENT;BLOCK;EUR;43;124.15000000;295;EXCHANGE_LAST;;1;1;XEUR;11820393;749;
22.05.2025;13:59:31.308;FOAT SI 20250606 PS;SIMPLE_INSTRUMENT;EFP_FIN;EUR;44;124.14000000;206;EXCHANGE_LAST;;1;1;XEUR;11820393;749;
22.05.2025;14:04:51.645;FOAT SI 20250606 PS;SIMPLE_INSTRUMENT;BLOCK;EUR;45;124.07000000;1250;EXCHANGE_LAST;;1;1;XEUR;11820393;749;
22.05.2025;14:08:01.867;FOAT SI 20250606 PS;SIMPLE_INSTRUMENT;EFP_FIN;EUR;46;124.12000000;688;EXCHANGE_LAST;;1;1;XEUR;11820393;749;
22.05.2025;14:17:29.774;FOAT SI 20250606 PS;SIMPLE_INSTRUMENT;EFP_FIN;EUR;47;124.18000000;788;EXCHANGE_LAST;;1;1;XEUR;11820393;749;
22.05.2025;14:18:02.982;FOAT SI 20250606 PS;SIMPLE_INSTRUMENT;EFP_FIN;EUR;48;124.19000000;1970;EXCHANGE_LAST;;1;1;XEUR;11820393;749;
22.05.2025;14:18:37.426;FOAT SI 20250606 PS;SIMPLE_INSTRUMENT;EFP_FIN;EUR;49;124.12000000;1576;EXCHANGE_LAST;;1;1;XEUR;11820393;749;
22.05.2025;14:18:55.784;FOAT SI 20250606 PS;SIMPLE_INSTRUMENT;EFP_FIN;EUR;50;124.12000000;788;EXCHANGE_LAST;;1;1;XEUR;11820393;749;
22.05.2025;14:22:37.582;FOAT SI 20250606 PS;SIMPLE_INSTRUMENT;EFP_FIN;EUR;51;124.19000000;1182;EXCHANGE_LAST;;1;1;XEUR;11820393;749;
22.05.2025;15:00:21.896;FOAT SI 20250606 PS;SIMPLE_INSTRUMENT;EFP_FIN;EUR;52;124.08000000;1064;EXCHANGE_LAST;;1;1;XEUR;11820393;749;
22.05.2025;15:07:39.735;FOAT SI 20250606 PS;SIMPLE_INSTRUMENT;EFP_FIN;EUR;53;124.20000000;137;EXCHANGE_LAST;;1;1;XEUR;11820393;749;
22.05.2025;15:07:43.801;FOAT SI 20250606 PS;SIMPLE_INSTRUMENT;EFP_FIN;EUR;54;124.07000000;197;EXCHANGE_LAST;;1;1;XEUR;11820393;749;
22.05.2025;15:08:06.571;FOAT SI 20250606 PS;SIMPLE_INSTRUMENT;EFS;EUR;55;124.21000000;221;EXCHANGE_LAST;;1;1;XEUR;11820393;749;
22.05.2025;15:08:15.259;FOAT SI 20250606 PS;SIMPLE_INSTRUMENT;EFP_FIN;EUR;56;124.07000000;84;EXCHANGE_LAST;;1;1;XEUR;11820393;749;
22.05.2025;15:11:48.656;FOAT SI 20250606 PS;SIMPLE_INSTRUMENT;EFP_FIN;EUR;57;124.21000000;860;EXCHANGE_LAST;;1;1;XEUR;11820393;749;
22.05.2025;15:43:32.839;FOAT SI 20250606 PS;SIMPLE_INSTRUMENT;EFP_FIN;EUR;58;124.18000000;355;EXCHANGE_LAST;;1;1;XEUR;11820393;749;
22.05.2025;08:23:24.355;FRE SI 20250815 PS AM P 35.00 0;SIMPLE_INSTRUMENT;BLOCK;EUR;1;0.27000000;750;EXCHANGE_LAST;;1;1;XEUR;13411534;760;
22.05.2025;15:50:38.876;FSCP SI 20250620 CS;SIMPLE_INSTRUMENT;BLOCK;EUR;64;352.30000000;484;EXCHANGE_LAST;;1;1;XEUR;11881879;764;
22.05.2025;15:52:34.720;FSEG SI 20250620 CS;SIMPLE_INSTRUMENT;BLOCK;EUR;67;203.00000000;221;EXCHANGE_LAST;;1;1;XEUR;11913120;109977;
22.05.2025;15:52:39.168;FSEG SI 20250620 CS;SIMPLE_INSTRUMENT;BLOCK;EUR;68;202.50000000;153;EXCHANGE_LAST;;1;1;XEUR;11913120;109977;
22.05.2025;15:35:01.259;FSMI SI 20250620 CS;SIMPLE_INSTRUMENT;EFP_IDX;CHF;1;12264.00000000;14;EXCHANGE_LAST;;1;1;XEUR;7904351;757;
22.05.2025;15:35:08.706;FSMI SI 20250620 CS;SIMPLE_INSTRUMENT;EFP_IDX;CHF;2;12265.00000000;271;EXCHANGE_LAST;;1;1;XEUR;7904351;757;
22.05.2025;16:11:40.215;FSMI SI 20250620 CS;SIMPLE_INSTRUMENT;EFP_IDX;CHF;3;12264.00000000;87;EXCHANGE_LAST;;1;1;XEUR;7904351;757;
22.05.2025;16:11:42.134;FSMI SI 20250620 CS;SIMPLE_INSTRUMENT;EFP_IDX;CHF;4;12265.00000000;72;EXCHANGE_LAST;;1;1;XEUR;7904351;757;
22.05.2025;10:51:19.314;FSMI SI 20250620 CS;SIMPLE_INSTRUMENT;VOLA;CHF;603979792;12260.00000000;109;EXCHANGE_LAST;;1;1;XEUR;7904351;757;
22.05.2025;14:21:10.432;FSMX SI 20250620 CS;SIMPLE_INSTRUMENT;EFP_IDX;EUR;38;29879.00000000;87;EXCHANGE_LAST;;1;1;XEUR;11923155;396422;
22.05.2025;14:21:23.580;FSMX SI 20250620 CS;SIMPLE_INSTRUMENT;EFP_IDX;EUR;39;29878.00000000;290;EXCHANGE_LAST;;1;1;XEUR;11923155;396422;
