#Date;TrdTime;Contract;ContractType;TrdTyp;Currency;TesId;Prc;Qty;TrdInd;Aggressor;Buy;Sell;Exch;InstrumentId;RelatedProdId;PrcDecomp
16.04.2025;12:31:59.833;A2XA SI 20261218 CS;SIMPLE_INSTRUMENT;BLOCK;EUR;88;2.20000000;500;EXCHANGE_LAST;;1;1;XEUR;4632093;17;
16.04.2025;12:47:50.795;A2XA SI 20261218 CS;SIMPLE_INSTRUMENT;BLOCK;EUR;93;2.20000000;250;EXCHANGE_LAST;;1;1;XEUR;4632093;17;
16.04.2025;13:16:10.181;A2XA SI 20261218 CS;SIMPLE_INSTRUMENT;BLOCK;EUR;100;2.20000000;250;EXCHANGE_LAST;;1;1;XEUR;4632093;17;
16.04.2025;11:20:28.041;ABBN FI 20250514 CS EU C 43.9000 0;FLEXIBLE_INSTRUMENT;BLOCK;CHF;52;0.67000000;1600;EXCHANGE_LAST;;1;1;XEUR;1155389036332854041;574517;
16.04.2025;12:05:43.407;ABBN SI 20260320 PS AM P 40.00 0;SIMPLE_INSTRUMENT;BLOCK;CHF;62;3.70000000;1000;EXCHANGE_LAST;;1;1;XEUR;13051985;574517;
16.04.2025;10:57:31.333;ADS.O.250416.COMBO.000008;STANDARD_OPTION_STRATEGY;BLOCK;EUR;11;2.40000000;250;EXCHANGE_LAST;;1;1;XEUR;72057808786332794;50;
16.04.2025;10:57:31.333;ADS SI 20250516 PS AM C 220.00 0;SIMPLE_INSTRUMENT;BLOCK;EUR;11;1.85000000;250;PRC_DECOMP_EXCHANGE;;;;XEUR;12812016;50;EXCHANGE
16.04.2025;10:57:31.333;ADS SI 20250516 PS AM P 180.00 0;SIMPLE_INSTRUMENT;BLOCK;EUR;11;4.25000000;250;PRC_DECOMP_EXCHANGE;;;;XEUR;12948611;50;EXCHANGE
16.04.2025;11:38:10.180;ADS.O.250416.BER.000009;STANDARD_OPTION_STRATEGY;BLOCK;EUR;13;17.31000000;500;EXCHANGE_LAST;;1;1;XEUR;72057808786332795;50;
16.04.2025;11:38:10.180;ADS SI 20250919 PS AM P 190.00 0;SIMPLE_INSTRUMENT;BLOCK;EUR;13;14.49000000;500;PRC_DECOMP_MEMBER;;;;XEUR;11870818;50;MEMBER
16.04.2025;11:38:10.180;ADS SI 20250919 PS AM P 220.00 0;SIMPLE_INSTRUMENT;BLOCK;EUR;13;31.80000000;500;PRC_DECOMP_MEMBER;;;;XEUR;11870859;50;MEMBER
16.04.2025;08:54:09.026;ADY SI 20250620 PS AM C 1500.00 0;SIMPLE_INSTRUMENT;BLOCK;EUR;1;73.00000000;700;EXCHANGE_LAST;;2;1;XEUR;12334732;76315;
16.04.2025;10:36:07.227;ALVG SI 20250417 CS;SIMPLE_INSTRUMENT;BLOCK;EUR;61;344.50000000;485;EXCHANGE_LAST;;1;1;XEUR;10829113;85;
16.04.2025;14:12:07.125;ANN.O.250416.CNV.000020;STANDARD_OPTION_STRATEGY;BLOCK;EUR;7;0.14000000;4000;EXCHANGE_LAST;;1;1;XEUR;72251735149670266;45202;
16.04.2025;14:12:07.125;ANN SI 20250417 PS AM C 28.00 0;SIMPLE_INSTRUMENT;BLOCK;EUR;7;0.40000000;4000;PRC_DECOMP_EXCHANGE;;;;XEUR;12640782;45202;EXCHANGE
16.04.2025;14:12:07.125;ANN SI 20250417 PS AM P 28.00 0;SIMPLE_INSTRUMENT;BLOCK;EUR;7;0.26000000;4000;PRC_DECOMP_EXCHANGE;;;;XEUR;12640772;45202;EXCHANGE
16.04.2025;14:59:04.756;ASG5 FI 20250516 CS EU P 25.0000 0;FLEXIBLE_INSTRUMENT;BLOCK;EUR;10;0.15000000;10000;EXCHANGE_LAST;;1;1;XEUR;1152921972758286316;109;
16.04.2025;11:28:12.391;ASGF SI 20250619 CS;SIMPLE_INSTRUMENT;BLOCK;EUR;73;29.10000000;4500;EXCHANGE_LAST;;1;1;XEUR;12186943;949862;
16.04.2025;07:50:48.240;ASIF SI 20250417 CS;SIMPLE_INSTRUMENT;BLOCK;EUR;4;391.80000000;10;EXCHANGE_LAST;;1;1;XEUR;10865387;46864;
16.04.2025;10:31:50.221;ASMH SI 20250417 CS;SIMPLE_INSTRUMENT;BLOCK;EUR;56;576.50000000;650;EXCHANGE_LAST;;1;1;XEUR;10861706;3979;
16.04.2025;14:08:42.555;B2NP SI 20261218 CS;SIMPLE_INSTRUMENT;BLOCK;EUR;124;4.68000000;200;EXCHANGE_LAST;;1;1;XEUR;6798320;131;
16.04.2025;14:36:05.968;B2OS SI 20250620 CS;SIMPLE_INSTRUMENT;BLOCK;EUR;140;1.40000000;296;EXCHANGE_LAST;;2;1;XEUR;10878673;300512;
16.04.2025;08:31:36.034;B3BV SI 20250620 CS;SIMPLE_INSTRUMENT;BLOCK;EUR;13;0.41000000;12900;EXCHANGE_LAST;;1;1;XEUR;10830255;135;
16.04.2025;11:06:11.966;BAEN SI 20260619 PS AM P 48.00 0;SIMPLE_INSTRUMENT;BLOCK;CHF;43;6.89000000;400;EXCHANGE_LAST;;1;1;XEUR;9539210;159;
16.04.2025;13:27:14.904;BAEN SI 20251219 PS AM C 56.00 0;SIMPLE_INSTRUMENT;BLOCK;CHF;76;2.45000000;1000;EXCHANGE_LAST;;1;1;XEUR;12433491;159;
16.04.2025;13:34:54.140;BAEN SI 20251219 PS AM C 56.00 0;SIMPLE_INSTRUMENT;BLOCK;CHF;78;2.45000000;1000;EXCHANGE_LAST;;1;1;XEUR;12433491;159;
16.04.2025;13:49:23.036;BAEN SI 20251219 PS AM C 56.00 0;SIMPLE_INSTRUMENT;BLOCK;CHF;82;2.45000000;500;EXCHANGE_LAST;;1;1;XEUR;12433491;159;
16.04.2025;15:46:57.070;BAEN SI 20250620 PS AM C 51.00 0;SIMPLE_INSTRUMENT;BLOCK;CHF;95;2.15000000;3000;EXCHANGE_LAST;;1;4;XEUR;12996711;159;
16.04.2025;08:52:26.567;BALN SI 20251219 PS AM P 190.00 0;SIMPLE_INSTRUMENT;BLOCK;CHF;20;21.75000000;200;EXCHANGE_LAST;;1;1;XEUR;12432854;147;
16.04.2025;09:43:35.835;BARN SI 20261218 PS AM P 720.00 0;SIMPLE_INSTRUMENT;BLOCK;CHF;26;117.50000000;60;EXCHANGE_LAST;;1;1;XEUR;12432931;149;
16.04.2025;09:24:21.916;BAS.O.250416.STD.000003;STANDARD_OPTION_STRATEGY;BLOCK;EUR;2;10.80000000;1700;EXCHANGE_LAST;;2;2;XEUR;72058238283093143;150;
16.04.2025;09:24:21.916;BAS SI 20260619 PS AM P 40.00 0;SIMPLE_INSTRUMENT;BLOCK;EUR;2;5.54000000;1700;PRC_DECOMP_EXCHANGE;;;;XEUR;9539321;150;EXCHANGE
16.04.2025;09:24:21.916;BAS SI 20260619 PS AM C 40.00 0;SIMPLE_INSTRUMENT;BLOCK;EUR;2;5.26000000;1700;PRC_DECOMP_EXCHANGE;;;;XEUR;9539338;150;EXCHANGE
16.04.2025;09:45:44.778;BAS SI 20250919 PS AM P 36.00 0;SIMPLE_INSTRUMENT;BLOCK;EUR;3;1.95000000;2000;EXCHANGE_LAST;;1;1;XEUR;11872915;150;
16.04.2025;10:09:20.894;BAS SI 20250417 PS AM C 43.00 0;SIMPLE_INSTRUMENT;BLOCK;EUR;4;0.09000000;760;EXCHANGE_LAST;;1;1;XEUR;12615374;150;
16.04.2025;11:28:10.878;BAS SI 20250620 PS AM C 42.00 0;SIMPLE_INSTRUMENT;BLOCK;EUR;6;1.70000000;2500;EXCHANGE_LAST;;1;1;XEUR;11350810;150;
16.04.2025;11:05:33.685;BAYG SI 20250417 CS;SIMPLE_INSTRUMENT;BLOCK;EUR;68;20.79000000;17500;EXCHANGE_LAST;;1;1;XEUR;10870515;76034;
16.04.2025;14:09:20.348;BAYG SI 20250417 CS;SIMPLE_INSTRUMENT;BLOCK;EUR;126;20.82000000;9500;EXCHANGE_LAST;;1;1;XEUR;10870515;76034;
16.04.2025;09:29:35.766;BBVD SI 20260619 PS AM P 11.00 0;SIMPLE_INSTRUMENT;BLOCK;EUR;2;1.38000000;1250;EXCHANGE_LAST;;1;1;XEUR;12433776;172;
16.04.2025;09:29:44.492;BBVD SI 20260619 PS AM P 11.00 0;SIMPLE_INSTRUMENT;BLOCK;EUR;3;1.39000000;1250;EXCHANGE_LAST;;1;1;XEUR;12433776;172;
16.04.2025;08:26:27.852;BBVG SI 20250620 CS;SIMPLE_INSTRUMENT;BLOCK;EUR;11;11.88510000;150000;EXCHANGE_LAST;;1;1;XEUR;11169418;163;
16.04.2025;09:00:07.197;BMW SI 20271217 PS AM C 68.00 0;SIMPLE_INSTRUMENT;BLOCK;EUR;3;10.75000000;600;EXCHANGE_LAST;;1;1;XEUR;8775903;210;
16.04.2025;09:06:02.355;BMW SI 20261218 PS AM P 68.00 0;SIMPLE_INSTRUMENT;BLOCK;EUR;7;11.70000000;400;EXCHANGE_LAST;;1;1;XEUR;7154238;210;
16.04.2025;11:43:30.644;BMW SI 20271217 PS AM P 60.00 0;SIMPLE_INSTRUMENT;BLOCK;EUR;12;10.00000000;1000;EXCHANGE_LAST;;1;1;XEUR;8775897;210;
16.04.2025;12:50:19.981;BMW.O.250416.BLT.000009;STANDARD_OPTION_STRATEGY;BLOCK;EUR;15;1.58000000;2500;EXCHANGE_LAST;;2;1;XEUR;72058495981110119;210;
16.04.2025;12:50:19.981;BMW SI 20250417 PS AM C 73.00 0;SIMPLE_INSTRUMENT;BLOCK;EUR;15;0.10000000;2500;PRC_DECOMP_EXCHANGE;;;;XEUR;12616360;210;EXCHANGE
16.04.2025;12:50:19.981;BMW SI 20250516 PS AM C 73.00 0;SIMPLE_INSTRUMENT;BLOCK;EUR;15;1.68000000;2500;PRC_DECOMP_EXCHANGE;;;;XEUR;12814784;210;EXCHANGE
16.04.2025;07:31:13.432;BMWF SI 20250417 CS;SIMPLE_INSTRUMENT;BLOCK;EUR;3;69.32000000;1000;EXCHANGE_LAST;;1;1;XEUR;10832713;239;
16.04.2025;09:21:18.149;BNP SI 20250919 PS AM C 68.00 0;SIMPLE_INSTRUMENT;BLOCK;EUR;5;5.12000000;1341;EXCHANGE_LAST;;1;1;XEUR;11875025;237;
16.04.2025;09:21:22.844;BNP SI 20250919 PS AM P 68.00 0;SIMPLE_INSTRUMENT;BLOCK;EUR;6;6.10000000;1341;EXCHANGE_LAST;;1;1;XEUR;11875021;237;
16.04.2025;09:17:19.407;BNPH SI 20250417 CS;SIMPLE_INSTRUMENT;BLOCK;EUR;33;70.90000000;5000;EXCHANGE_LAST;;1;1;XEUR;10832545;236;
16.04.2025;13:44:31.100;BNPH SI 20250417 CS;SIMPLE_INSTRUMENT;BLOCK;EUR;110;70.60000000;8000;EXCHANGE_LAST;;1;1;XEUR;10832545;236;
16.04.2025;13:49:02.967;BNPH SI 20250516 CS;SIMPLE_INSTRUMENT;BLOCK;EUR;112;70.72000000;8000;EXCHANGE_LAST;;1;1;XEUR;11032339;236;
16.04.2025;07:26:37.191;BOSF SI 20250417 CS;SIMPLE_INSTRUMENT;BLOCK;EUR;2;33.51000000;360;EXCHANGE_LAST;;1;1;XEUR;10832425;231;
16.04.2025;14:36:43.979;BOSF SI 20250620 CS;SIMPLE_INSTRUMENT;BLOCK;EUR;139;32.28000000;3150;EXCHANGE_LAST;;2;1;XEUR;11170511;231;
16.04.2025;14:48:07.860;BOSF SI 20250516 CS;SIMPLE_INSTRUMENT;BLOCK;EUR;144;32.18000000;2000;EXCHANGE_LAST;;1;1;XEUR;11032237;231;
16.04.2025;10:34:36.139;BSIF SI 20250417 CS;SIMPLE_INSTRUMENT;BLOCK;EUR;60;94.24000000;2100;EXCHANGE_LAST;;1;1;XEUR;10873690;174729;
16.04.2025;11:21:10.048;BSNH.S.APR25.DEC25.SPD;FUTURES_SPREAD;BLOCK;EUR;71;0.61000000;250;EXCHANGE_LAST;;1;1;XEUR;72058770858967223;274;
16.04.2025;11:21:10.048;BSNH SI 20250417 CS;SIMPLE_INSTRUMENT;BLOCK;EUR;71;73.46000000;250;PRC_DECOMP_MEMBER;;;;XEUR;10833548;274;MEMBER
16.04.2025;11:21:10.048;BSNH SI 20251219 CS;SIMPLE_INSTRUMENT;BLOCK;EUR;71;72.85000000;250;PRC_DECOMP_MEMBER;;;;XEUR;8674493;274;MEMBER
16.04.2025;09:08:33.728;BYGG SI 20250417 CS;SIMPLE_INSTRUMENT;BLOCK;EUR;29;37.04000000;3000;EXCHANGE_LAST;;1;1;XEUR;10833692;281;
16.04.2025;14:32:38.317;CARG SI 20250417 CS;SIMPLE_INSTRUMENT;BLOCK;EUR;135;13.21000000;30000;EXCHANGE_LAST;;1;1;XEUR;10833439;271;
16.04.2025;14:16:00.822;CARP SI 20250516 PS;SIMPLE_INSTRUMENT;BLOCK;EUR;128;13.22570000;2000;EXCHANGE_LAST;;1;1;XEUR;11061787;156146;
16.04.2025;14:21:39.484;CARP SI 20250516 PS;SIMPLE_INSTRUMENT;BLOCK;EUR;129;13.22570000;18000;EXCHANGE_LAST;;1;1;XEUR;11061787;156146;
16.04.2025;08:12:33.857;CBK FI 20261218 PS EU C 17.0000 0;FLEXIBLE_INSTRUMENT;BLOCK;EUR;1;7.90000000;7000;EXCHANGE_LAST;;1;1;XEUR;1152922655658096402;268;
16.04.2025;08:27:38.735;CBK FI 20261218 PS EU C 17.0000 0;FLEXIBLE_INSTRUMENT;BLOCK;EUR;2;7.90000000;5000;EXCHANGE_LAST;;1;1;XEUR;1152922655658096402;268;
16.04.2025;08:24:15.610;CBK FI 20261218 PS EU C 17.0000 0;FLEXIBLE_INSTRUMENT;BLOCK;EUR;3;7.90000000;3000;EXCHANGE_LAST;;1;1;XEUR;1152922655658096402;268;
16.04.2025;09:36:12.808;CBK FI 20261218 PS AM P 15.0000 0;FLEXIBLE_INSTRUMENT;BLOCK;EUR;5;2.30000000;8750;EXCHANGE_LAST;;1;1;XEUR;1152922655658096403;268;
16.04.2025;09:36:19.647;CBK SI 20251219 PS AM P 15.00 0;SIMPLE_INSTRUMENT;BLOCK;EUR;6;0.80000000;8750;EXCHANGE_LAST;;1;1;XEUR;11854124;268;
16.04.2025;10:27:34.002;CBK SI 20260619 PS AM P 20.00 0;SIMPLE_INSTRUMENT;BLOCK;EUR;8;3.15000000;2500;EXCHANGE_LAST;;2;1;XEUR;9666940;268;
16.04.2025;14:38:11.184;CBK SI 20250516 PS AM C 27.00 0;SIMPLE_INSTRUMENT;BLOCK;EUR;17;0.12000000;4169;EXCHANGE_LAST;;1;1;XEUR;12926722;268;
16.04.2025;14:38:19.469;CBK SI 20250516 PS AM C 26.00 0;SIMPLE_INSTRUMENT;BLOCK;EUR;18;0.23000000;8509;EXCHANGE_LAST;;1;1;XEUR;12911420;268;
16.04.2025;14:38:27.704;CBK SI 20250516 PS AM C 24.00 0;SIMPLE_INSTRUMENT;BLOCK;EUR;19;0.71000000;3335;EXCHANGE_LAST;;1;1;XEUR;12815500;268;
16.04.2025;14:38:37.489;CBK SI 20250516 PS AM C 23.00 0;SIMPLE_INSTRUMENT;BLOCK;EUR;20;1.15000000;6807;EXCHANGE_LAST;;1;1;XEUR;12815535;268;
16.04.2025;07:37:19.544;CFR SI 20250620 PS AM P 120.00 0;SIMPLE_INSTRUMENT;BLOCK;CHF;1;3.56000000;1200;EXCHANGE_LAST;;1;1;XEUR;9996501;313;
16.04.2025;07:51:28.524;CFR SI 20250919 PS AM C 130.00 0;SIMPLE_INSTRUMENT;BLOCK;CHF;2;14.19000000;600;EXCHANGE_LAST;;1;1;XEUR;11876508;313;
16.04.2025;07:56:15.404;CFR SI 20250919 PS AM C 130.00 0;SIMPLE_INSTRUMENT;BLOCK;CHF;3;14.19000000;300;EXCHANGE_LAST;;1;1;XEUR;11876508;313;
16.04.2025;08:16:59.032;CFR.O.250416.BUL.000003;STANDARD_OPTION_STRATEGY;BLOCK;CHF;6;7.27000000;330;EXCHANGE_LAST;;1;1;XEUR;72058938362728883;313;
16.04.2025;08:16:59.032;CFR SI 20250919 PS AM C 140.00 0;SIMPLE_INSTRUMENT;BLOCK;CHF;6;9.07000000;330;PRC_DECOMP_EXCHANGE;;;;XEUR;11876498;313;EXCHANGE
16.04.2025;08:16:59.032;CFR SI 20250919 PS AM C 170.00 0;SIMPLE_INSTRUMENT;BLOCK;CHF;6;1.80000000;330;PRC_DECOMP_EXCHANGE;;;;XEUR;11876552;313;EXCHANGE
16.04.2025;08:21:01.849;CFR.O.250416.BER.000004;STANDARD_OPTION_STRATEGY;BLOCK;CHF;7;12.00000000;330;EXCHANGE_LAST;;1;1;XEUR;72058938362728884;313;
16.04.2025;08:21:01.849;CFR SI 20250919 PS AM P 150.00 0;SIMPLE_INSTRUMENT;BLOCK;CHF;7;23.00000000;330;PRC_DECOMP_MEMBER;;;;XEUR;11876520;313;MEMBER
16.04.2025;08:21:01.849;CFR SI 20250919 PS AM P 130.00 0;SIMPLE_INSTRUMENT;BLOCK;CHF;7;11.00000000;330;PRC_DECOMP_MEMBER;;;;XEUR;11876502;313;MEMBER
16.04.2025;11:16:30.045;CFR FI 20250514 CS EU C 142.9000 0;FLEXIBLE_INSTRUMENT;BLOCK;CHF;50;3.00000000;450;EXCHANGE_LAST;;1;1;XEUR;1152922848931627666;313;
16.04.2025;11:31:55.779;CFR.O.250416.STG.000009;STANDARD_OPTION_STRATEGY;BLOCK;CHF;53;28.61000000;300;EXCHANGE_LAST;;1;1;XEUR;72058938362728889;313;
16.04.2025;11:31:55.779;CFR SI 20260320 PS AM C 140.00 0;SIMPLE_INSTRUMENT;BLOCK;CHF;53;13.11000000;300;PRC_DECOMP_MEMBER;;;;XEUR;13000421;313;MEMBER
16.04.2025;11:31:55.779;CFR SI 20260320 PS AM P 130.00 0;SIMPLE_INSTRUMENT;BLOCK;CHF;53;15.50000000;300;PRC_DECOMP_MEMBER;;;;XEUR;13000417;313;MEMBER
16.04.2025;13:58:16.413;CFR.O.250416.BER.000016;STANDARD_OPTION_STRATEGY;BLOCK;CHF;84;8.15000000;300;EXCHANGE_LAST;;1;1;XEUR;72058938362728896;313;
16.04.2025;13:58:16.413;CFR SI 20250620 PS AM P 146.00 0;SIMPLE_INSTRUMENT;BLOCK;CHF;84;15.98000000;300;PRC_DECOMP_EXCHANGE;;;;XEUR;13000632;313;EXCHANGE
16.04.2025;13:58:16.413;CFR SI 20250620 PS AM P 132.00 0;SIMPLE_INSTRUMENT;BLOCK;CHF;84;7.83000000;300;PRC_DECOMP_EXCHANGE;;;;XEUR;13000335;313;EXCHANGE
16.04.2025;14:33:35.356;CFRL SI 20250620 CS;SIMPLE_INSTRUMENT;BLOCK;CHF;136;134.07700000;1800;EXCHANGE_LAST;;1;1;XEUR;11215225;729453;
16.04.2025;11:08:05.064;CGMF SI 20250620 CS;SIMPLE_INSTRUMENT;BLOCK;EUR;70;125.56500000;500;EXCHANGE_LAST;;1;1;XEUR;11171849;318;
16.04.2025;11:13:06.447;CLN FI 20250514 CS EU C 8.9700 0;FLEXIBLE_INSTRUMENT;BLOCK;CHF;47;0.27000000;1500;EXCHANGE_LAST;;1;1;XEUR;1152922775917177614;296;
16.04.2025;14:33:57.589;CLNG SI 20250516 CS;SIMPLE_INSTRUMENT;BLOCK;CHF;137;8.44700000;20000;EXCHANGE_LAST;;1;1;XEUR;11063924;269161;
16.04.2025;07:00:15.087;CR5J SI 20250619 CS;SIMPLE_INSTRUMENT;BLOCK;EUR;1;47.14730000;22500;EXCHANGE_LAST;;1;1;XEUR;11164005;50861;
16.04.2025;08:51:53.540;CR5J SI 20250417 CS;SIMPLE_INSTRUMENT;BLOCK;EUR;20;48.80350000;1800;EXCHANGE_LAST;;1;1;XEUR;10824935;50861;
16.04.2025;12:20:37.054;D3AI SI 20261218 CS;SIMPLE_INSTRUMENT;BLOCK;EUR;87;2.68000000;150;EXCHANGE_LAST;;1;1;XEUR;7144051;443197;
16.04.2025;15:28:56.727;D3AI SI 20261218 CS;SIMPLE_INSTRUMENT;BLOCK;EUR;154;2.75000000;150;EXCHANGE_LAST;;1;1;XEUR;7144051;443197;
16.04.2025;08:23:06.757;DAI.O.250416.STD.000008;STANDARD_OPTION_STRATEGY;BLOCK;EUR;1;10.35000000;1500;EXCHANGE_LAST;;1;1;XEUR;73961106363665142;443196;
16.04.2025;08:23:06.757;DAI SI 20251219 PS AM P 50.00 0;SIMPLE_INSTRUMENT;BLOCK;EUR;1;7.01000000;1500;PRC_DECOMP_EXCHANGE;;;;XEUR;12490173;443196;EXCHANGE
16.04.2025;08:23:06.757;DAI SI 20251219 PS AM C 50.00 0;SIMPLE_INSTRUMENT;BLOCK;EUR;1;3.34000000;1500;PRC_DECOMP_EXCHANGE;;;;XEUR;12490179;443196;EXCHANGE
16.04.2025;11:33:44.337;DAI SI 20250417 PS AM C 49.50 0;SIMPLE_INSTRUMENT;BLOCK;EUR;11;0.75000000;2000;EXCHANGE_LAST;;2;1;XEUR;12655013;443196;
16.04.2025;15:02:07.421;DHE SI 20250516 PS AM C 30.00 0;SIMPLE_INSTRUMENT;BLOCK;EUR;10;0.27000000;1000;EXCHANGE_LAST;;1;1;XEUR;12841013;57135;
16.04.2025;10:47:26.875;DPW SI 20250516 PS AM C 40.00 0;SIMPLE_INSTRUMENT;BLOCK;EUR;4;0.20000000;1500;EXCHANGE_LAST;;1;2;XEUR;12817688;445;
16.04.2025;13:49:15.412;DPWF SI 20250417 CS;SIMPLE_INSTRUMENT;BLOCK;EUR;115;36.02000000;8500;EXCHANGE_LAST;;1;1;XEUR;10836338;444;
16.04.2025;13:33:59.894;DRW3.O.250416.BLT.000001;STANDARD_OPTION_STRATEGY;BLOCK;EUR;6;0.92000000;159;EXCHANGE_LAST;;1;1;XEUR;72059449463801361;432;
16.04.2025;13:33:59.894;DRW3 SI 20250516 PS AM C 58.00 0;SIMPLE_INSTRUMENT;BLOCK;EUR;6;3.37000000;159;PRC_DECOMP_EXCHANGE;;;;XEUR;12817624;432;EXCHANGE
16.04.2025;13:33:59.894;DRW3 SI 20250417 PS AM C 58.00 0;SIMPLE_INSTRUMENT;BLOCK;EUR;6;2.45000000;159;PRC_DECOMP_EXCHANGE;;;;XEUR;12619359;432;EXCHANGE
16.04.2025;08:49:17.679;DTE SI 20250919 PS AM C 34.50 0;SIMPLE_INSTRUMENT;BLOCK;EUR;1;1.13000000;3000;EXCHANGE_LAST;;1;1;XEUR;12795513;424;
16.04.2025;14:25:48.250;E2NT SI 20281215 CS;SIMPLE_INSTRUMENT;BLOCK;EUR;132;0.74000000;800;EXCHANGE_LAST;;1;1;XEUR;6802271;470;
16.04.2025;15:13:53.043;E2NT SI 20250620 CS;SIMPLE_INSTRUMENT;BLOCK;EUR;151;0.50000000;4400;EXCHANGE_LAST;;1;1;XEUR;10837409;470;
16.04.2025;07:42:09.533;EAD SI 20250620 PS AM C 160.00 0;SIMPLE_INSTRUMENT;BLOCK;EUR;1;1.60000000;2000;EXCHANGE_LAST;;1;1;XEUR;11013882;465;
16.04.2025;07:43:01.330;EAD SI 20250620 PS AM C 150.00 0;SIMPLE_INSTRUMENT;BLOCK;EUR;2;4.00000000;2000;EXCHANGE_LAST;;1;1;XEUR;11358077;465;
16.04.2025;08:47:16.323;EAD.O.250416.BUL.000007;STANDARD_OPTION_STRATEGY;BLOCK;EUR;3;2.27000000;1000;EXCHANGE_LAST;;1;1;XEUR;72059591197747934;465;
16.04.2025;08:47:16.323;EAD SI 20250620 PS AM C 160.00 0;SIMPLE_INSTRUMENT;BLOCK;EUR;3;1.85000000;1000;PRC_DECOMP_EXCHANGE;;;;XEUR;11013882;465;EXCHANGE
16.04.2025;08:47:16.323;EAD SI 20250620 PS AM C 150.00 0;SIMPLE_INSTRUMENT;BLOCK;EUR;3;4.12000000;1000;PRC_DECOMP_EXCHANGE;;;;XEUR;11358077;465;EXCHANGE
16.04.2025;10:00:31.393;EAD SI 20250620 PS AM P 130.00 0;SIMPLE_INSTRUMENT;BLOCK;EUR;8;5.50000000;400;EXCHANGE_LAST;;1;1;XEUR;11358084;465;
16.04.2025;10:02:30.493;EAD SI 20251219 PS AM P 130.00 0;SIMPLE_INSTRUMENT;BLOCK;EUR;10;10.33000000;569;EXCHANGE_LAST;;1;1;XEUR;12440384;465;
16.04.2025;14:14:09.311;ENL5 SI 20250619 PS AM P 6.70 0;SIMPLE_INSTRUMENT;BLOCK;EUR;7;0.07650000;3373;EXCHANGE_LAST;;1;1;XEUR;12988453;500;
16.04.2025;14:14:09.669;ENL5 SI 20250619 PS AM P 6.70 0;SIMPLE_INSTRUMENT;BLOCK;EUR;8;0.07600000;642;EXCHANGE_LAST;;1;1;XEUR;12988453;500;
16.04.2025;10:14:49.938;ENR.O.250416.COMBO.000010;STANDARD_OPTION_STRATEGY;BLOCK;EUR;2;-3.10000000;1000;EXCHANGE_LAST;;1;1;XEUR;73339770624818646;298530;
16.04.2025;10:14:49.938;ENR SI 20250620 PS AM C 60.00 0;SIMPLE_INSTRUMENT;BLOCK;EUR;2;4.04000000;1000;PRC_DECOMP_EXCHANGE;;;;XEUR;12193229;298530;EXCHANGE
16.04.2025;10:14:49.938;ENR SI 20250620 PS AM P 42.00 0;SIMPLE_INSTRUMENT;BLOCK;EUR;2;0.94000000;1000;PRC_DECOMP_EXCHANGE;;;;XEUR;11475589;298530;EXCHANGE
16.04.2025;12:44:46.359;ENR.O.250416.BUL.000011;STANDARD_OPTION_STRATEGY;BLOCK;EUR;5;2.27000000;1113;EXCHANGE_LAST;;1;1;XEUR;73339770624818647;298530;
16.04.2025;12:44:46.359;ENR SI 20250516 PS AM C 60.00 0;SIMPLE_INSTRUMENT;BLOCK;EUR;5;2.63000000;1113;PRC_DECOMP_EXCHANGE;;;;XEUR;12848162;298530;EXCHANGE
16.04.2025;12:44:46.359;ENR SI 20250516 PS AM C 72.00 0;SIMPLE_INSTRUMENT;BLOCK;EUR;5;0.36000000;1113;PRC_DECOMP_EXCHANGE;;;;XEUR;12848139;298530;EXCHANGE
16.04.2025;15:25:34.138;ENR SI 20250516 PS AM P 56.00 0;SIMPLE_INSTRUMENT;BLOCK;EUR;11;3.52000000;250;EXCHANGE_LAST;;1;1;XEUR;12848240;298530;
16.04.2025;08:46:52.641;ENTH SI 20250417 CS;SIMPLE_INSTRUMENT;BLOCK;EUR;16;11.75000000;1000;EXCHANGE_LAST;;1;1;XEUR;10826279;524973;
16.04.2025;08:39:32.222;ENTH SI 20250417 CS;SIMPLE_INSTRUMENT;BLOCK;EUR;17;11.75000000;3000;EXCHANGE_LAST;;1;1;XEUR;10826279;524973;
16.04.2025;10:54:11.142;ENTH SI 20250417 CS;SIMPLE_INSTRUMENT;BLOCK;EUR;62;11.96000000;2700;EXCHANGE_LAST;;2;1;XEUR;10826279;524973;
16.04.2025;15:13:12.549;ENTH SI 20250619 CS;SIMPLE_INSTRUMENT;BLOCK;EUR;149;11.93100000;10000;EXCHANGE_LAST;;1;1;XEUR;11165310;524973;
16.04.2025;15:26:47.250;ENTH SI 20250515 CS;SIMPLE_INSTRUMENT;BLOCK;EUR;153;12.11300000;4300;EXCHANGE_LAST;;1;1;XEUR;11026882;524973;
16.04.2025;13:08:13.366;F3IA SI 20251219 CS;SIMPLE_INSTRUMENT;BLOCK;EUR;98;0.68000000;300;EXCHANGE_LAST;;1;2;XEUR;6633988;390387;
16.04.2025;14:43:37.117;F3IA SI 20271217 CS;SIMPLE_INSTRUMENT;BLOCK;EUR;142;0.37000000;100;EXCHANGE_LAST;;1;1;XEUR;8422837;390387;
16.04.2025;13:24:11.650;F3TE SI 20251219 CS;SIMPLE_INSTRUMENT;BLOCK;EUR;103;0.74500000;775;EXCHANGE_LAST;;1;1;XEUR;6633903;390379;
16.04.2025;13:56:16.752;F3TE SI 20251219 CS;SIMPLE_INSTRUMENT;BLOCK;EUR;121;0.74500000;750;EXCHANGE_LAST;;2;1;XEUR;6633903;390379;
16.04.2025;07:54:51.483;FBTP SI 20250606 PS;SIMPLE_INSTRUMENT;EFP_FIN;EUR;1;119.07000000;578;EXCHANGE_LAST;;1;1;XEUR;11820365;636;
16.04.2025;08:01:06.786;FBTP SI 20250606 PS;SIMPLE_INSTRUMENT;EFP_FIN;EUR;2;119.07000000;413;EXCHANGE_LAST;;1;1;XEUR;11820365;636;
16.04.2025;09:23:36.549;FBTP SI 20250606 PS;SIMPLE_INSTRUMENT;EFP_FIN;EUR;4;119.11000000;1908;EXCHANGE_LAST;;1;1;XEUR;11820365;636;
16.04.2025;09:31:49.225;FBTP SI 20250606 PS;SIMPLE_INSTRUMENT;EFP_FIN;EUR;5;119.06000000;3363;EXCHANGE_LAST;;1;1;XEUR;11820365;636;
16.04.2025;09:37:25.616;FBTP SI 20250606 PS;SIMPLE_INSTRUMENT;EFP_FIN;EUR;6;119.02000000;1311;EXCHANGE_LAST;;1;1;XEUR;11820365;636;
16.04.2025;09:53:03.465;FBTP SI 20250606 PS;SIMPLE_INSTRUMENT;EFP_FIN;EUR;7;118.89000000;442;EXCHANGE_LAST;;1;1;XEUR;11820365;636;
16.04.2025;10:01:16.070;FBTP SI 20250606 PS;SIMPLE_INSTRUMENT;EFP_FIN;EUR;8;118.96000000;661;EXCHANGE_LAST;;1;1;XEUR;11820365;636;
16.04.2025;10:02:21.350;FBTP SI 20250606 PS;SIMPLE_INSTRUMENT;EFP_FIN;EUR;9;118.92000000;568;EXCHANGE_LAST;;1;1;XEUR;11820365;636;
16.04.2025;10:10:27.077;FBTP SI 20250606 PS;SIMPLE_INSTRUMENT;EFP_FIN;EUR;10;118.97000000;237;EXCHANGE_LAST;;1;1;XEUR;11820365;636;
16.04.2025;11:02:00.392;FBTP SI 20250606 PS;SIMPLE_INSTRUMENT;BLOCK;EUR;11;119.01000000;2581;EXCHANGE_LAST;;1;1;XEUR;11820365;636;
16.04.2025;11:09:47.988;FBTP SI 20250606 PS;SIMPLE_INSTRUMENT;EFP_FIN;EUR;12;119.07000000;51;EXCHANGE_LAST;;1;1;XEUR;11820365;636;
16.04.2025;12:24:55.216;FBTP SI 20250606 PS;SIMPLE_INSTRUMENT;EFP_FIN;EUR;13;119.27000000;401;EXCHANGE_LAST;;1;1;XEUR;11820365;636;
16.04.2025;13:58:56.117;FBTP SI 20250606 PS;SIMPLE_INSTRUMENT;EFP_FIN;EUR;14;119.09000000;376;EXCHANGE_LAST;;1;1;XEUR;11820365;636;
16.04.2025;14:03:39.284;FBTP SI 20250606 PS;SIMPLE_INSTRUMENT;BLOCK;EUR;15;119.08000000;752;EXCHANGE_LAST;;1;1;XEUR;11820365;636;
16.04.2025;14:01:35.201;FBTP SI 20250606 PS;SIMPLE_INSTRUMENT;BLOCK;EUR;16;119.03000000;3746;EXCHANGE_LAST;;1;1;XEUR;11820365;636;
16.04.2025;14:04:08.009;FBTP SI 20250606 PS;SIMPLE_INSTRUMENT;BLOCK;EUR;17;119.18000000;681;EXCHANGE_LAST;;1;1;XEUR;11820365;636;
16.04.2025;14:17:52.733;FBTP SI 20250606 PS;SIMPLE_INSTRUMENT;BLOCK;EUR;18;119.18000000;519;EXCHANGE_LAST;;1;1;XEUR;11820365;636;
16.04.2025;14:21:05.412;FBTP SI 20250606 PS;SIMPLE_INSTRUMENT;BLOCK;EUR;19;119.16000000;2233;EXCHANGE_LAST;;1;1;XEUR;11820365;636;
16.04.2025;14:46:50.448;FBTP SI 20250606 PS;SIMPLE_INSTRUMENT;EFP_FIN;EUR;20;119.12000000;750;EXCHANGE_LAST;;1;1;XEUR;11820365;636;
16.04.2025;09:29:25.224;FBTP SI 20250606 PS;SIMPLE_INSTRUMENT;VOLA;EUR;268435511;119.02000000;123;EXCHANGE_LAST;;1;1;XEUR;11820365;636;
16.04.2025;09:45:45.275;FBTP SI 20250606 PS;SIMPLE_INSTRUMENT;VOLA;EUR;268435522;119.02000000;122;EXCHANGE_LAST;;1;1;XEUR;11820365;636;
16.04.2025;12:52:51.815;FBTP SI 20250606 PS;SIMPLE_INSTRUMENT;VOLA;EUR;268435556;119.18000000;75;EXCHANGE_LAST;;1;1;XEUR;11820365;636;
16.04.2025;09:28:22.777;FBTS SI 20250606 PS;SIMPLE_INSTRUMENT;EFS;EUR;5;107.97000000;1389;EXCHANGE_LAST;;1;1;XEUR;11820367;639;
16.04.2025;10:24:50.813;FBTS SI 20250606 PS;SIMPLE_INSTRUMENT;EFS;EUR;6;107.94000000;1147;EXCHANGE_LAST;;1;1;XEUR;11820367;639;
16.04.2025;10:24:52.945;FBTS SI 20250606 PS;SIMPLE_INSTRUMENT;EFP_FIN;EUR;7;107.96000000;476;EXCHANGE_LAST;;1;1;XEUR;11820367;639;
16.04.2025;10:57:56.805;FBTS SI 20250606 PS;SIMPLE_INSTRUMENT;EFP_FIN;EUR;9;107.97000000;3062;EXCHANGE_LAST;;1;1;XEUR;11820367;639;
16.04.2025;11:20:27.937;FBTS SI 20250606 PS;SIMPLE_INSTRUMENT;BLOCK;EUR;11;107.98000000;678;EXCHANGE_LAST;;1;1;XEUR;11820367;639;
16.04.2025;11:48:55.755;FBTS SI 20250606 PS;SIMPLE_INSTRUMENT;EFP_FIN;EUR;13;108.00000000;231;EXCHANGE_LAST;;1;1;XEUR;11820367;639;
16.04.2025;11:50:41.448;FBTS SI 20250606 PS;SIMPLE_INSTRUMENT;EFP_FIN;EUR;14;108.01000000;180;EXCHANGE_LAST;;1;1;XEUR;11820367;639;
16.04.2025;12:08:28.414;FBTS SI 20250606 PS;SIMPLE_INSTRUMENT;EFP_FIN;EUR;15;108.01000000;619;EXCHANGE_LAST;;1;1;XEUR;11820367;639;
16.04.2025;13:20:05.415;FBTS SI 20250606 PS;SIMPLE_INSTRUMENT;EFP_FIN;EUR;17;108.00000000;780;EXCHANGE_LAST;;1;1;XEUR;11820367;639;
16.04.2025;14:03:10.908;FBTS SI 20250606 PS;SIMPLE_INSTRUMENT;BLOCK;EUR;19;108.00000000;387;EXCHANGE_LAST;;1;1;XEUR;11820367;639;
16.04.2025;14:35:43.824;FBTS SI 20250606 PS;SIMPLE_INSTRUMENT;BLOCK;EUR;23;108.00000000;987;EXCHANGE_LAST;;1;1;XEUR;11820367;639;
16.04.2025;15:08:55.365;FBTS SI 20250606 PS;SIMPLE_INSTRUMENT;EFP_FIN;EUR;29;108.00000000;476;EXCHANGE_LAST;;1;1;XEUR;11820367;639;
16.04.2025;15:14:57.890;FBTS SI 20250606 PS;SIMPLE_INSTRUMENT;EFP_FIN;EUR;30;107.99000000;476;EXCHANGE_LAST;;1;1;XEUR;11820367;639;
16.04.2025;15:36:35.418;FBTS SI 20250606 PS;SIMPLE_INSTRUMENT;EFP_FIN;EUR;34;108.01000000;522;EXCHANGE_LAST;;1;1;XEUR;11820367;639;
16.04.2025;09:56:58.101;FCEU SI 20250616 PS;SIMPLE_INSTRUMENT;BLOCK;USD;3;1.14095000;253;EXCHANGE_LAST;;1;1;XEUR;7879022;369376;
16.04.2025;08:45:46.740;FCMU SI 20250616 CS;SIMPLE_INSTRUMENT;BLOCK;USD;2;0.04943000;155;EXCHANGE_LAST;;1;1;XEUR;11855448;570874;
16.04.2025;09:40:21.007;FD3D SI 20251219 CS;SIMPLE_INSTRUMENT;BLOCK;EUR;4;116.00000000;200;EXCHANGE_LAST;;1;1;XEUR;5914068;588;
16.04.2025;15:42:14.837;FDAX SI 20250620 CS;SIMPLE_INSTRUMENT;EFP_IDX;EUR;1;21475.00000000;30;EXCHANGE_LAST;;1;1;XEUR;7903800;589;
16.04.2025;15:41:43.245;FDAX SI 20250620 CS;SIMPLE_INSTRUMENT;EFP_IDX;EUR;2;21476.00000000;1;EXCHANGE_LAST;;1;1;XEUR;7903800;589;
16.04.2025;15:57:00.010;FDAX SI 20250620 CS;SIMPLE_INSTRUMENT;EFP_IDX;EUR;3;21475.00000000;49;EXCHANGE_LAST;;1;1;XEUR;7903800;589;
16.04.2025;15:57:06.337;FDAX SI 20250620 CS;SIMPLE_INSTRUMENT;EFP_IDX;EUR;4;21476.00000000;1;EXCHANGE_LAST;;1;1;XEUR;7903800;589;
16.04.2025;11:32:20.114;FDAX SI 20250620 CS;SIMPLE_INSTRUMENT;VOLA;EUR;671088655;21300.00000000;22;EXCHANGE_LAST;;1;1;XEUR;7903800;589;
16.04.2025;14:44:45.423;FDAX SI 20250620 CS;SIMPLE_INSTRUMENT;VOLA;EUR;671088668;21329.00000000;44;EXCHANGE_LAST;;1;1;XEUR;7903800;589;
16.04.2025;08:13:59.998;FEBD SI 20261218 CS;SIMPLE_INSTRUMENT;BLOCK;EUR;2;10.04000000;325;EXCHANGE_LAST;;1;1;XEUR;7158212;597;
16.04.2025;09:00:13.845;FEBD SI 20261218 CS;SIMPLE_INSTRUMENT;BLOCK;EUR;3;10.08000000;500;EXCHANGE_LAST;;1;1;XEUR;7158212;597;
16.04.2025;13:23:20.207;FEBD.S.DEC26.DEC27.SPD;FUTURES_SPREAD;BLOCK;EUR;23;0.87000000;500;EXCHANGE_LAST;;1;1;XEUR;72060158133407025;597;
16.04.2025;13:23:20.207;FEBD SI 20271217 CS;SIMPLE_INSTRUMENT;BLOCK;EUR;23;9.13000000;500;PRC_DECOMP_MEMBER;;;;XEUR;7776307;597;MEMBER
16.04.2025;13:23:20.207;FEBD SI 20261218 CS;SIMPLE_INSTRUMENT;BLOCK;EUR;23;10.00000000;500;PRC_DECOMP_MEMBER;;;;XEUR;7158212;597;MEMBER
16.04.2025;13:56:16.676;FEBD SI 20251219 CS;SIMPLE_INSTRUMENT;BLOCK;EUR;25;11.14000000;500;EXCHANGE_LAST;;1;1;XEUR;5914075;597;
16.04.2025;14:03:13.739;FEBD SI 20261218 CS;SIMPLE_INSTRUMENT;BLOCK;EUR;28;10.05000000;994;EXCHANGE_LAST;;1;1;XEUR;7158212;597;
16.04.2025;14:17:22.335;FEBD SI 20251219 CS;SIMPLE_INSTRUMENT;BLOCK;EUR;29;11.14000000;500;EXCHANGE_LAST;;1;1;XEUR;5914075;597;
16.04.2025;14:13:56.902;FEBD SI 20251219 CS;SIMPLE_INSTRUMENT;BLOCK;EUR;30;11.13000000;250;EXCHANGE_LAST;;1;1;XEUR;5914075;597;
16.04.2025;14:14:06.361;FEBD SI 20251219 CS;SIMPLE_INSTRUMENT;BLOCK;EUR;31;11.14000000;250;EXCHANGE_LAST;;1;1;XEUR;5914075;597;
16.04.2025;15:39:55.062;FEBD SI 20261218 CS;SIMPLE_INSTRUMENT;BLOCK;EUR;38;10.10000000;250;EXCHANGE_LAST;;1;1;XEUR;7158212;597;
16.04.2025;08:09:15.554;FECX SI 20250620 CS;SIMPLE_INSTRUMENT;BLOCK;EUR;1;166.55000000;39;EXCHANGE_LAST;;1;1;XEUR;11949125;410158;
16.04.2025;14:55:01.912;FECX SI 20250620 CS;SIMPLE_INSTRUMENT;BLOCK;EUR;33;166.36000000;850;EXCHANGE_LAST;;1;1;XEUR;11949125;410158;
16.04.2025;15:26:41.482;FEHY SI 20250620 CS;SIMPLE_INSTRUMENT;BLOCK;EUR;35;294.16000000;100;EXCHANGE_LAST;;1;1;XEUR;11949378;574047;
16.04.2025;15:18:52.357;FES1 SI 20250620 PS;SIMPLE_INSTRUMENT;BLOCK;EUR;34;-63.00000000;800;EXCHANGE_LAST;;1;1;XEUR;11910814;58959;
16.04.2025;07:53:42.597;FESB SI 20250620 CS;SIMPLE_INSTRUMENT;BLOCK;EUR;34;171.50000000;1650;EXCHANGE_LAST;;1;1;XEUR;11880665;605;
16.04.2025;15:43:03.311;FESB SI 20250620 CS;SIMPLE_INSTRUMENT;EFP_IDX;EUR;50;174.10000000;43;EXCHANGE_LAST;;1;1;XEUR;11880665;605;
16.04.2025;15:43:58.315;FESB SI 20250620 CS;SIMPLE_INSTRUMENT;EFP_IDX;EUR;51;174.05000000;65;EXCHANGE_LAST;;1;1;XEUR;11880665;605;
16.04.2025;11:15:44.610;FESB SI 20250620 CS;SIMPLE_INSTRUMENT;VOLA;EUR;603979820;168.75000000;200;EXCHANGE_LAST;;1;1;XEUR;11880665;605;
16.04.2025;11:41:17.483;FESB SI 20250620 CS;SIMPLE_INSTRUMENT;VOLA;EUR;603979827;168.75000000;120;EXCHANGE_LAST;;1;1;XEUR;11880665;605;
16.04.2025;09:43:08.463;FESX SI 20250620 CS;SIMPLE_INSTRUMENT;BLOCK;EUR;1;4870.00000000;2000;EXCHANGE_LAST;;1;1;XEUR;7904020;675;
16.04.2025;15:47:28.349;FESX SI 20250620 CS;SIMPLE_INSTRUMENT;EFP_IDX;EUR;3;4904.00000000;1875;EXCHANGE_LAST;;1;1;XEUR;7904020;675;
16.04.2025;15:47:59.092;FESX SI 20250620 CS;SIMPLE_INSTRUMENT;BLOCK;EUR;4;4903.00000000;3125;EXCHANGE_LAST;;1;1;XEUR;7904020;675;
16.04.2025;15:49:54.317;FESX SI 20250620 CS;SIMPLE_INSTRUMENT;EFP_IDX;EUR;5;4903.00000000;1150;EXCHANGE_LAST;;1;1;XEUR;7904020;675;
16.04.2025;15:51:58.926;FESX SI 20250620 CS;SIMPLE_INSTRUMENT;EFP_IDX;EUR;6;4903.00000000;650;EXCHANGE_LAST;;1;1;XEUR;7904020;675;
16.04.2025;15:51:44.270;FESX SI 20250620 CS;SIMPLE_INSTRUMENT;BLOCK;EUR;7;4904.00000000;6756;EXCHANGE_LAST;;1;1;XEUR;7904020;675;
16.04.2025;15:51:45.188;FESX SI 20250620 CS;SIMPLE_INSTRUMENT;BLOCK;EUR;8;4903.00000000;2499;EXCHANGE_LAST;;1;1;XEUR;7904020;675;
16.04.2025;15:58:40.858;FESX SI 20250620 CS;SIMPLE_INSTRUMENT;EFP_IDX;EUR;9;4902.00000000;188;EXCHANGE_LAST;;1;1;XEUR;7904020;675;
16.04.2025;15:58:29.299;FESX SI 20250620 CS;SIMPLE_INSTRUMENT;EFP_IDX;EUR;10;4903.00000000;312;EXCHANGE_LAST;;1;1;XEUR;7904020;675;
16.04.2025;15:58:08.592;FESX SI 20250620 CS;SIMPLE_INSTRUMENT;EFP_IDX;EUR;11;4902.00000000;150;EXCHANGE_LAST;;1;1;XEUR;7904020;675;
16.04.2025;15:57:56.248;FESX SI 20250620 CS;SIMPLE_INSTRUMENT;EFP_IDX;EUR;12;4903.00000000;250;EXCHANGE_LAST;;1;1;XEUR;7904020;675;
16.04.2025;16:05:15.280;FESX SI 20250620 CS;SIMPLE_INSTRUMENT;EFP_IDX;EUR;13;4902.00000000;38;EXCHANGE_LAST;;1;1;XEUR;7904020;675;
16.04.2025;16:04:41.932;FESX SI 20250620 CS;SIMPLE_INSTRUMENT;EFP_IDX;EUR;14;4903.00000000;62;EXCHANGE_LAST;;1;1;XEUR;7904020;675;
16.04.2025;16:11:08.951;FESX SI 20250620 CS;SIMPLE_INSTRUMENT;EFP_IDX;EUR;15;4885.00000000;1000;EXCHANGE_LAST;;1;1;XEUR;7904020;675;
16.04.2025;07:54:37.002;FESX SI 20250620 CS;SIMPLE_INSTRUMENT;VOLA;EUR;637534224;4854.00000000;146;EXCHANGE_LAST;;1;1;XEUR;7904020;675;
16.04.2025;08:08:15.758;FESX SI 20250620 CS;SIMPLE_INSTRUMENT;VOLA;EUR;637534234;4840.00000000;400;EXCHANGE_LAST;;1;1;XEUR;7904020;675;
16.04.2025;08:46:35.443;FESX SI 20250620 CS;SIMPLE_INSTRUMENT;VOLA;EUR;637534253;4845.00000000;25;EXCHANGE_LAST;;1;1;XEUR;7904020;675;
16.04.2025;08:51:52.227;FESX SI 20250620 CS;SIMPLE_INSTRUMENT;VOLA;EUR;637534260;4845.00000000;10;EXCHANGE_LAST;;1;1;XEUR;7904020;675;
16.04.2025;09:33:12.805;FESX SI 20250620 CS;SIMPLE_INSTRUMENT;VOLA;EUR;637534272;4865.00000000;27;EXCHANGE_LAST;;1;1;XEUR;7904020;675;
16.04.2025;10:13:42.521;FESX SI 20250620 CS;SIMPLE_INSTRUMENT;VOLA;EUR;637534283;4870.00000000;1140;EXCHANGE_LAST;;1;1;XEUR;7904020;675;
16.04.2025;11:22:47.578;FESX SI 20250620 CS;SIMPLE_INSTRUMENT;VOLA;EUR;637534311;4870.00000000;640;EXCHANGE_LAST;;1;1;XEUR;7904020;675;
16.04.2025;11:25:10.979;FESX SI 20250620 CS;SIMPLE_INSTRUMENT;VOLA;EUR;637534316;4875.00000000;45;EXCHANGE_LAST;;1;1;XEUR;7904020;675;
16.04.2025;12:57:03.711;FESX SI 20250620 CS;SIMPLE_INSTRUMENT;VOLA;EUR;637534349;4845.00000000;10;EXCHANGE_LAST;;1;1;XEUR;7904020;675;
16.04.2025;14:39:52.627;FESX SI 20250620 CS;SIMPLE_INSTRUMENT;VOLA;EUR;637534396;4865.00000000;936;EXCHANGE_LAST;;1;1;XEUR;7904020;675;
16.04.2025;15:03:08.322;FESX SI 20250620 CS;SIMPLE_INSTRUMENT;VOLA;EUR;637534399;4870.00000000;720;EXCHANGE_LAST;;1;1;XEUR;7904020;675;
16.04.2025;14:58:38.279;FESX SI 20250620 CS;SIMPLE_INSTRUMENT;VOLA;EUR;637534406;4873.00000000;490;EXCHANGE_LAST;;1;1;XEUR;7904020;675;
16.04.2025;14:59:32.701;FESX SI 20250620 CS;SIMPLE_INSTRUMENT;VOLA;EUR;637534408;4873.00000000;490;EXCHANGE_LAST;;1;1;XEUR;7904020;675;
16.04.2025;15:22:59.291;FESX SI 20250620 CS;SIMPLE_INSTRUMENT;VOLA;EUR;637534420;4875.00000000;2600;EXCHANGE_LAST;;1;1;XEUR;7904020;675;
16.04.2025;08:57:45.546;FESY SI 20250620 CS;SIMPLE_INSTRUMENT;VOLA;EUR;603979792;950.00000000;12;EXCHANGE_LAST;;1;1;XEUR;11881027;674;
16.04.2025;09:46:01.602;FEXD SI 20261218 CS;SIMPLE_INSTRUMENT;BLOCK;EUR;5;148.30000000;500;EXCHANGE_LAST;;1;1;XEUR;2163053;693;
16.04.2025;10:26:11.125;FEXD SI 20281215 CS;SIMPLE_INSTRUMENT;BLOCK;EUR;6;139.10000000;500;EXCHANGE_LAST;;1;1;XEUR;3680985;693;
16.04.2025;10:37:25.604;FEXD SI 20271217 CS;SIMPLE_INSTRUMENT;BLOCK;EUR;7;143.10000000;450;EXCHANGE_LAST;;1;1;XEUR;2848338;693;
16.04.2025;11:35:38.351;FEXD SI 20261218 CS;SIMPLE_INSTRUMENT;BLOCK;EUR;11;148.50000000;1140;EXCHANGE_LAST;;1;1;XEUR;2163053;693;
16.04.2025;11:35:42.352;FEXD SI 20271217 CS;SIMPLE_INSTRUMENT;BLOCK;EUR;12;143.00000000;740;EXCHANGE_LAST;;1;1;XEUR;2848338;693;
16.04.2025;11:55:03.275;FEXD.S.DEC26.DEC27.SPD;FUTURES_SPREAD;BLOCK;EUR;14;5.60000000;1000;EXCHANGE_LAST;;1;1;XEUR;72060570450264153;693;
16.04.2025;11:55:03.275;FEXD SI 20271217 CS;SIMPLE_INSTRUMENT;BLOCK;EUR;14;143.40000000;1000;PRC_DECOMP_EXCHANGE;;;;XEUR;2848338;693;EXCHANGE
16.04.2025;11:55:03.275;FEXD SI 20261218 CS;SIMPLE_INSTRUMENT;BLOCK;EUR;14;149.00000000;1000;PRC_DECOMP_EXCHANGE;;;;XEUR;2163053;693;EXCHANGE
16.04.2025;12:10:14.281;FEXD SI 20281215 CS;SIMPLE_INSTRUMENT;BLOCK;EUR;16;139.40000000;200;EXCHANGE_LAST;;1;1;XEUR;3680985;693;
16.04.2025;12:16:25.193;FEXD SI 20281215 CS;SIMPLE_INSTRUMENT;BLOCK;EUR;17;139.30000000;500;EXCHANGE_LAST;;1;1;XEUR;3680985;693;
16.04.2025;12:17:15.828;FEXD SI 20261218 CS;SIMPLE_INSTRUMENT;BLOCK;EUR;18;149.00000000;500;EXCHANGE_LAST;;1;1;XEUR;2163053;693;
16.04.2025;12:48:38.393;FEXD SI 20250620 CS;SIMPLE_INSTRUMENT;BLOCK;EUR;19;129.50000000;1500;EXCHANGE_LAST;;1;1;XEUR;9548493;693;
16.04.2025;12:56:55.584;FEXD.S.JUN25.DEC25.SPD;FUTURES_SPREAD;BLOCK;EUR;21;-35.20000000;1500;EXCHANGE_LAST;;2;1;XEUR;72060570450264251;693;
16.04.2025;12:56:55.584;FEXD SI 20251219 CS;SIMPLE_INSTRUMENT;BLOCK;EUR;21;164.60000000;1500;PRC_DECOMP_EXCHANGE;;;;XEUR;1548120;693;EXCHANGE
16.04.2025;12:56:55.584;FEXD SI 20250620 CS;SIMPLE_INSTRUMENT;BLOCK;EUR;21;129.40000000;1500;PRC_DECOMP_EXCHANGE;;;;XEUR;9548493;693;EXCHANGE
16.04.2025;13:12:46.421;FEXD SI 20281215 CS;SIMPLE_INSTRUMENT;BLOCK;EUR;22;138.90000000;350;EXCHANGE_LAST;;1;1;XEUR;3680985;693;
16.04.2025;13:32:55.712;FEXD.S.DEC26.DEC28.SPD;FUTURES_SPREAD;BLOCK;EUR;24;9.80000000;600;EXCHANGE_LAST;;1;1;XEUR;72060570450264161;693;
16.04.2025;13:32:55.712;FEXD SI 20261218 CS;SIMPLE_INSTRUMENT;BLOCK;EUR;24;148.80000000;600;PRC_DECOMP_MEMBER;;;;XEUR;2163053;693;MEMBER
16.04.2025;13:32:55.712;FEXD SI 20281215 CS;SIMPLE_INSTRUMENT;BLOCK;EUR;24;139.00000000;600;PRC_DECOMP_MEMBER;;;;XEUR;3680985;693;MEMBER
16.04.2025;13:59:30.052;FEXD SI 20261218 CS;SIMPLE_INSTRUMENT;BLOCK;EUR;26;148.80000000;500;EXCHANGE_LAST;;1;1;XEUR;2163053;693;
16.04.2025;13:59:50.081;FEXD SI 20281215 CS;SIMPLE_INSTRUMENT;BLOCK;EUR;27;139.00000000;500;EXCHANGE_LAST;;1;1;XEUR;3680985;693;
16.04.2025;06:40:17.748;FGBL SI 20250606 PS;SIMPLE_INSTRUMENT;EFP_FIN;EUR;1;131.33000000;198;EXCHANGE_LAST;;1;1;XEUR;11820389;688;
16.04.2025;06:48:42.168;FGBL SI 20250606 PS;SIMPLE_INSTRUMENT;EFS;EUR;2;131.35000000;731;EXCHANGE_LAST;;1;1;XEUR;11820389;688;
16.04.2025;07:31:19.155;FGBL SI 20250606 PS;SIMPLE_INSTRUMENT;EFS;EUR;3;131.36000000;857;EXCHANGE_LAST;;1;1;XEUR;11820389;688;
16.04.2025;07:31:39.671;FGBL SI 20250606 PS;SIMPLE_INSTRUMENT;EFS;EUR;4;131.35000000;300;EXCHANGE_LAST;;1;1;XEUR;11820389;688;
16.04.2025;07:36:31.808;FGBL SI 20250606 PS;SIMPLE_INSTRUMENT;EFS;EUR;5;131.35000000;488;EXCHANGE_LAST;;1;1;XEUR;11820389;688;
16.04.2025;07:46:06.912;FGBL SI 20250606 PS;SIMPLE_INSTRUMENT;EFS;EUR;6;131.35000000;391;EXCHANGE_LAST;;1;1;XEUR;11820389;688;
16.04.2025;07:47:24.534;FGBL SI 20250606 PS;SIMPLE_INSTRUMENT;EFS;EUR;7;131.36000000;1469;EXCHANGE_LAST;;1;1;XEUR;11820389;688;
16.04.2025;07:47:30.300;FGBL SI 20250606 PS;SIMPLE_INSTRUMENT;EFS;EUR;8;131.39000000;428;EXCHANGE_LAST;;1;1;XEUR;11820389;688;
16.04.2025;07:53:10.905;FGBL SI 20250606 PS;SIMPLE_INSTRUMENT;EFS;EUR;9;131.39000000;248;EXCHANGE_LAST;;1;1;XEUR;11820389;688;
16.04.2025;07:54:30.226;FGBL SI 20250606 PS;SIMPLE_INSTRUMENT;EFS;EUR;10;131.37000000;148;EXCHANGE_LAST;;1;1;XEUR;11820389;688;
16.04.2025;07:55:57.281;FGBL SI 20250606 PS;SIMPLE_INSTRUMENT;EFS;EUR;11;131.37000000;428;EXCHANGE_LAST;;1;1;XEUR;11820389;688;
16.04.2025;08:00:27.054;FGBL SI 20250606 PS;SIMPLE_INSTRUMENT;EFS;EUR;12;131.35000000;488;EXCHANGE_LAST;;1;1;XEUR;11820389;688;
16.04.2025;08:19:16.900;FGBL SI 20250606 PS;SIMPLE_INSTRUMENT;EFS;EUR;13;131.48000000;74;EXCHANGE_LAST;;1;1;XEUR;11820389;688;
16.04.2025;08:25:23.627;FGBL SI 20250606 PS;SIMPLE_INSTRUMENT;EFS;EUR;14;131.51000000;479;EXCHANGE_LAST;;1;1;XEUR;11820389;688;
16.04.2025;08:31:10.223;FGBL SI 20250606 PS;SIMPLE_INSTRUMENT;EFS;EUR;15;131.33000000;428;EXCHANGE_LAST;;1;1;XEUR;11820389;688;
16.04.2025;08:33:27.914;FGBL SI 20250606 PS;SIMPLE_INSTRUMENT;EFS;EUR;16;131.29000000;150;EXCHANGE_LAST;;1;1;XEUR;11820389;688;
16.04.2025;08:35:15.380;FGBL SI 20250606 PS;SIMPLE_INSTRUMENT;EFS;EUR;17;131.26000000;214;EXCHANGE_LAST;;1;1;XEUR;11820389;688;
16.04.2025;08:35:30.399;FGBL SI 20250606 PS;SIMPLE_INSTRUMENT;EFS;EUR;18;131.26000000;214;EXCHANGE_LAST;;1;1;XEUR;11820389;688;
16.04.2025;08:37:00.498;FGBL SI 20250606 PS;SIMPLE_INSTRUMENT;EFS;EUR;19;131.26000000;214;EXCHANGE_LAST;;1;1;XEUR;11820389;688;
16.04.2025;08:37:21.295;FGBL SI 20250606 PS;SIMPLE_INSTRUMENT;EFS;EUR;20;131.47000000;381;EXCHANGE_LAST;;1;1;XEUR;11820389;688;
16.04.2025;08:38:36.898;FGBL SI 20250606 PS;SIMPLE_INSTRUMENT;EFS;EUR;21;131.47000000;100;EXCHANGE_LAST;;1;1;XEUR;11820389;688;
16.04.2025;08:38:58.354;FGBL SI 20250606 PS;SIMPLE_INSTRUMENT;EFS;EUR;22;131.35000000;244;EXCHANGE_LAST;;1;1;XEUR;11820389;688;
16.04.2025;08:42:29.093;FGBL SI 20250606 PS;SIMPLE_INSTRUMENT;EFS;EUR;23;131.27000000;100;EXCHANGE_LAST;;1;1;XEUR;11820389;688;
16.04.2025;08:44:07.623;FGBL SI 20250606 PS;SIMPLE_INSTRUMENT;EFS;EUR;24;131.46000000;428;EXCHANGE_LAST;;1;1;XEUR;11820389;688;
16.04.2025;08:45:21.893;FGBL SI 20250606 PS;SIMPLE_INSTRUMENT;EFS;EUR;25;131.28000000;258;EXCHANGE_LAST;;1;1;XEUR;11820389;688;
16.04.2025;08:45:31.807;FGBL SI 20250606 PS;SIMPLE_INSTRUMENT;EFS;EUR;26;131.27000000;428;EXCHANGE_LAST;;1;1;XEUR;11820389;688;
16.04.2025;08:46:36.857;FGBL SI 20250606 PS;SIMPLE_INSTRUMENT;EFS;EUR;27;131.29000000;428;EXCHANGE_LAST;;1;1;XEUR;11820389;688;
16.04.2025;08:47:21.889;FGBL SI 20250606 PS;SIMPLE_INSTRUMENT;EFS;EUR;28;131.24000000;214;EXCHANGE_LAST;;1;1;XEUR;11820389;688;
16.04.2025;08:47:36.903;FGBL SI 20250606 PS;SIMPLE_INSTRUMENT;EFS;EUR;29;131.24000000;214;EXCHANGE_LAST;;1;1;XEUR;11820389;688;
16.04.2025;08:47:51.916;FGBL SI 20250606 PS;SIMPLE_INSTRUMENT;EFS;EUR;30;131.24000000;86;EXCHANGE_LAST;;1;1;XEUR;11820389;688;
16.04.2025;08:48:48.959;FGBL SI 20250606 PS;SIMPLE_INSTRUMENT;EFS;EUR;31;131.22000000;428;EXCHANGE_LAST;;1;1;XEUR;11820389;688;
16.04.2025;08:50:22.028;FGBL SI 20250606 PS;SIMPLE_INSTRUMENT;EFS;EUR;32;131.24000000;428;EXCHANGE_LAST;;1;1;XEUR;11820389;688;
16.04.2025;08:51:16.217;FGBL SI 20250606 PS;SIMPLE_INSTRUMENT;EFS;EUR;33;131.27000000;343;EXCHANGE_LAST;;1;1;XEUR;11820389;688;
16.04.2025;08:50:30.229;FGBL SI 20250606 PS;SIMPLE_INSTRUMENT;EFP_FIN;EUR;34;131.27000000;105;EXCHANGE_LAST;;1;1;XEUR;11820389;688;
16.04.2025;08:50:46.732;FGBL SI 20250606 PS;SIMPLE_INSTRUMENT;EFP_FIN;EUR;35;131.48000000;162;EXCHANGE_LAST;;1;1;XEUR;11820389;688;
16.04.2025;08:51:50.832;FGBL SI 20250606 PS;SIMPLE_INSTRUMENT;EFS;EUR;36;131.22000000;223;EXCHANGE_LAST;;1;1;XEUR;11820389;688;
16.04.2025;08:53:13.098;FGBL SI 20250606 PS;SIMPLE_INSTRUMENT;EFS;EUR;37;131.25000000;248;EXCHANGE_LAST;;1;1;XEUR;11820389;688;
16.04.2025;08:54:53.632;FGBL SI 20250606 PS;SIMPLE_INSTRUMENT;EFS;EUR;38;131.23000000;488;EXCHANGE_LAST;;1;1;XEUR;11820389;688;
16.04.2025;08:57:05.888;FGBL SI 20250606 PS;SIMPLE_INSTRUMENT;EFS;EUR;39;131.25000000;1952;EXCHANGE_LAST;;1;1;XEUR;11820389;688;
16.04.2025;08:57:57.198;FGBL SI 20250606 PS;SIMPLE_INSTRUMENT;EFS;EUR;40;131.31000000;1951;EXCHANGE_LAST;;1;1;XEUR;11820389;688;
16.04.2025;08:59:44.512;FGBL SI 20250606 PS;SIMPLE_INSTRUMENT;EFS;EUR;41;131.32000000;172;EXCHANGE_LAST;;1;1;XEUR;11820389;688;
16.04.2025;09:05:34.432;FGBL SI 20250606 PS;SIMPLE_INSTRUMENT;EFS;EUR;42;131.23000000;499;EXCHANGE_LAST;;1;1;XEUR;11820389;688;
16.04.2025;09:06:21.591;FGBL SI 20250606 PS;SIMPLE_INSTRUMENT;EFP_FIN;EUR;43;131.29000000;154;EXCHANGE_LAST;;1;1;XEUR;11820389;688;
16.04.2025;09:08:08.117;FGBL SI 20250606 PS;SIMPLE_INSTRUMENT;EFS;EUR;44;131.36000000;390;EXCHANGE_LAST;;1;1;XEUR;11820389;688;
16.04.2025;09:11:48.178;FGBL SI 20250606 PS;SIMPLE_INSTRUMENT;EFS;EUR;45;131.35000000;428;EXCHANGE_LAST;;1;1;XEUR;11820389;688;
16.04.2025;09:12:26.615;FGBL SI 20250606 PS;SIMPLE_INSTRUMENT;EFS;EUR;46;131.35000000;214;EXCHANGE_LAST;;1;1;XEUR;11820389;688;
16.04.2025;09:14:20.895;FGBL SI 20250606 PS;SIMPLE_INSTRUMENT;EFS;EUR;47;131.35000000;214;EXCHANGE_LAST;;1;1;XEUR;11820389;688;
16.04.2025;09:15:27.299;FGBL SI 20250606 PS;SIMPLE_INSTRUMENT;EFS;EUR;48;131.32000000;975;EXCHANGE_LAST;;1;1;XEUR;11820389;688;
16.04.2025;09:16:55.143;FGBL SI 20250606 PS;SIMPLE_INSTRUMENT;EFS;EUR;49;131.33000000;428;EXCHANGE_LAST;;1;1;XEUR;11820389;688;
16.04.2025;09:18:13.969;FGBL SI 20250606 PS;SIMPLE_INSTRUMENT;EFS;EUR;50;131.35000000;731;EXCHANGE_LAST;;1;1;XEUR;11820389;688;
16.04.2025;09:18:37.732;FGBL SI 20250606 PS;SIMPLE_INSTRUMENT;EFS;EUR;51;131.33000000;139;EXCHANGE_LAST;;1;1;XEUR;11820389;688;
16.04.2025;09:21:40.364;FGBL SI 20250606 PS;SIMPLE_INSTRUMENT;EFS;EUR;52;131.26000000;257;EXCHANGE_LAST;;1;1;XEUR;11820389;688;
16.04.2025;09:22:20.397;FGBL SI 20250606 PS;SIMPLE_INSTRUMENT;EFS;EUR;53;131.26000000;214;EXCHANGE_LAST;;1;1;XEUR;11820389;688;
16.04.2025;09:22:46.424;FGBL SI 20250606 PS;SIMPLE_INSTRUMENT;EFS;EUR;54;131.25000000;428;EXCHANGE_LAST;;1;1;XEUR;11820389;688;
16.04.2025;09:24:10.493;FGBL SI 20250606 PS;SIMPLE_INSTRUMENT;EFS;EUR;55;131.22000000;428;EXCHANGE_LAST;;1;1;XEUR;11820389;688;
16.04.2025;09:27:30.647;FGBL SI 20250606 PS;SIMPLE_INSTRUMENT;EFS;EUR;56;131.20000000;429;EXCHANGE_LAST;;1;1;XEUR;11820389;688;
16.04.2025;09:28:45.704;FGBL SI 20250606 PS;SIMPLE_INSTRUMENT;EFS;EUR;57;131.20000000;429;EXCHANGE_LAST;;1;1;XEUR;11820389;688;
16.04.2025;09:30:56.346;FGBL SI 20250606 PS;SIMPLE_INSTRUMENT;EFS;EUR;58;131.22000000;732;EXCHANGE_LAST;;1;1;XEUR;11820389;688;
16.04.2025;09:33:06.887;FGBL SI 20250606 PS;SIMPLE_INSTRUMENT;EFS;EUR;59;131.20000000;214;EXCHANGE_LAST;;1;1;XEUR;11820389;688;
16.04.2025;09:36:13.304;FGBL SI 20250606 PS;SIMPLE_INSTRUMENT;EFP_FIN;EUR;60;131.25000000;680;EXCHANGE_LAST;;1;1;XEUR;11820389;688;
16.04.2025;09:36:47.066;FGBL SI 20250606 PS;SIMPLE_INSTRUMENT;EFS;EUR;61;131.12000000;429;EXCHANGE_LAST;;1;1;XEUR;11820389;688;
16.04.2025;09:41:55.094;FGBL SI 20250606 PS;SIMPLE_INSTRUMENT;EFS;EUR;62;131.39000000;428;EXCHANGE_LAST;;1;1;XEUR;11820389;688;
16.04.2025;09:46:59.843;FGBL SI 20250606 PS;SIMPLE_INSTRUMENT;EFP_FIN;EUR;63;131.12000000;154;EXCHANGE_LAST;;1;1;XEUR;11820389;688;
16.04.2025;09:47:40.903;FGBL SI 20250606 PS;SIMPLE_INSTRUMENT;EFS;EUR;64;131.20000000;1953;EXCHANGE_LAST;;1;1;XEUR;11820389;688;
16.04.2025;09:50:27.638;FGBL SI 20250606 PS;SIMPLE_INSTRUMENT;EFS;EUR;65;131.10000000;429;EXCHANGE_LAST;;1;1;XEUR;11820389;688;
16.04.2025;09:51:36.086;FGBL SI 20250606 PS;SIMPLE_INSTRUMENT;EFP_FIN;EUR;66;131.11000000;510;EXCHANGE_LAST;;1;1;XEUR;11820389;688;
16.04.2025;09:52:57.410;FGBL SI 20250606 PS;SIMPLE_INSTRUMENT;EFS;EUR;67;131.06000000;244;EXCHANGE_LAST;;1;1;XEUR;11820389;688;
16.04.2025;09:54:53.829;FGBL SI 20250606 PS;SIMPLE_INSTRUMENT;EFS;EUR;68;131.08000000;429;EXCHANGE_LAST;;1;1;XEUR;11820389;688;
16.04.2025;09:55:07.844;FGBL SI 20250606 PS;SIMPLE_INSTRUMENT;EFS;EUR;69;131.08000000;214;EXCHANGE_LAST;;1;1;XEUR;11820389;688;
16.04.2025;09:55:22.859;FGBL SI 20250606 PS;SIMPLE_INSTRUMENT;EFS;EUR;70;131.08000000;429;EXCHANGE_LAST;;1;1;XEUR;11820389;688;
16.04.2025;09:58:24.789;FGBL SI 20250606 PS;SIMPLE_INSTRUMENT;EFS;EUR;71;131.08000000;214;EXCHANGE_LAST;;1;1;XEUR;11820389;688;
16.04.2025;09:59:13.025;FGBL SI 20250606 PS;SIMPLE_INSTRUMENT;EFS;EUR;72;131.13000000;429;EXCHANGE_LAST;;1;1;XEUR;11820389;688;
16.04.2025;10:00:16.432;FGBL SI 20250606 PS;SIMPLE_INSTRUMENT;EFS;EUR;74;131.06000000;244;EXCHANGE_LAST;;1;1;XEUR;11820389;688;
16.04.2025;10:00:24.869;FGBL SI 20250606 PS;SIMPLE_INSTRUMENT;EFS;EUR;75;131.08000000;429;EXCHANGE_LAST;;1;1;XEUR;11820389;688;
16.04.2025;10:00:33.678;FGBL SI 20250606 PS;SIMPLE_INSTRUMENT;EFS;EUR;76;131.06000000;160;EXCHANGE_LAST;;1;1;XEUR;11820389;688;
16.04.2025;10:04:09.241;FGBL SI 20250606 PS;SIMPLE_INSTRUMENT;EFS;EUR;77;131.14000000;429;EXCHANGE_LAST;;1;1;XEUR;11820389;688;
16.04.2025;10:04:19.251;FGBL SI 20250606 PS;SIMPLE_INSTRUMENT;EFS;EUR;78;131.15000000;429;EXCHANGE_LAST;;1;1;XEUR;11820389;688;
16.04.2025;10:04:49.275;FGBL SI 20250606 PS;SIMPLE_INSTRUMENT;EFS;EUR;79;131.14000000;214;EXCHANGE_LAST;;1;1;XEUR;11820389;688;
16.04.2025;10:04:54.446;FGBL SI 20250606 PS;SIMPLE_INSTRUMENT;EFS;EUR;80;131.12000000;732;EXCHANGE_LAST;;1;1;XEUR;11820389;688;
16.04.2025;10:04:54.280;FGBL SI 20250606 PS;SIMPLE_INSTRUMENT;EFS;EUR;81;131.14000000;429;EXCHANGE_LAST;;1;1;XEUR;11820389;688;
16.04.2025;10:05:39.089;FGBL SI 20250606 PS;SIMPLE_INSTRUMENT;EFS;EUR;82;131.12000000;1955;EXCHANGE_LAST;;1;1;XEUR;11820389;688;
16.04.2025;10:07:06.184;FGBL SI 20250606 PS;SIMPLE_INSTRUMENT;EFS;EUR;83;131.14000000;489;EXCHANGE_LAST;;1;1;XEUR;11820389;688;
16.04.2025;10:09:55.461;FGBL SI 20250606 PS;SIMPLE_INSTRUMENT;EFS;EUR;84;131.14000000;732;EXCHANGE_LAST;;1;1;XEUR;11820389;688;
16.04.2025;10:10:44.541;FGBL SI 20250606 PS;SIMPLE_INSTRUMENT;EFS;EUR;85;131.09000000;429;EXCHANGE_LAST;;1;1;XEUR;11820389;688;
16.04.2025;10:19:47.156;FGBL SI 20250606 PS;SIMPLE_INSTRUMENT;EFS;EUR;86;131.49000000;214;EXCHANGE_LAST;;1;1;XEUR;11820389;688;
16.04.2025;10:20:21.609;FGBL SI 20250606 PS;SIMPLE_INSTRUMENT;EFS;EUR;87;131.10000000;733;EXCHANGE_LAST;;1;1;XEUR;11820389;688;
16.04.2025;10:20:19.417;FGBL SI 20250606 PS;SIMPLE_INSTRUMENT;EFS;EUR;88;131.51000000;214;EXCHANGE_LAST;;1;1;XEUR;11820389;688;
16.04.2025;10:23:37.424;FGBL SI 20250606 PS;SIMPLE_INSTRUMENT;EFS;EUR;89;131.10000000;733;EXCHANGE_LAST;;1;1;XEUR;11820389;688;
16.04.2025;10:28:00.722;FGBL SI 20250606 PS;SIMPLE_INSTRUMENT;EFS;EUR;90;131.09000000;244;EXCHANGE_LAST;;1;1;XEUR;11820389;688;
16.04.2025;10:27:42.342;FGBL SI 20250606 PS;SIMPLE_INSTRUMENT;EFP_FIN;EUR;91;131.09000000;680;EXCHANGE_LAST;;1;1;XEUR;11820389;688;
16.04.2025;10:34:57.777;FGBL SI 20250606 PS;SIMPLE_INSTRUMENT;EFP_FIN;EUR;92;131.24000000;425;EXCHANGE_LAST;;1;1;XEUR;11820389;688;
16.04.2025;10:35:33.407;FGBL SI 20250606 PS;SIMPLE_INSTRUMENT;EFP_FIN;EUR;93;131.09000000;397;EXCHANGE_LAST;;1;1;XEUR;11820389;688;
16.04.2025;10:39:06.852;FGBL SI 20250606 PS;SIMPLE_INSTRUMENT;EFS;EUR;94;131.13000000;250;EXCHANGE_LAST;;1;1;XEUR;11820389;688;
16.04.2025;10:42:11.210;FGBL SI 20250606 PS;SIMPLE_INSTRUMENT;EFP_FIN;EUR;95;131.12000000;182;EXCHANGE_LAST;;1;1;XEUR;11820389;688;
16.04.2025;10:47:42.888;FGBL SI 20250606 PS;SIMPLE_INSTRUMENT;EFS;EUR;96;131.10000000;1191;EXCHANGE_LAST;;1;1;XEUR;11820389;688;
16.04.2025;10:49:23.010;FGBL SI 20250606 PS;SIMPLE_INSTRUMENT;EFS;EUR;97;131.08000000;215;EXCHANGE_LAST;;1;1;XEUR;11820389;688;
16.04.2025;10:50:13.533;FGBL SI 20250606 PS;SIMPLE_INSTRUMENT;EFS;EUR;98;131.14000000;122;EXCHANGE_LAST;;1;1;XEUR;11820389;688;
16.04.2025;10:50:51.047;FGBL SI 20250606 PS;SIMPLE_INSTRUMENT;EFS;EUR;99;131.14000000;52;EXCHANGE_LAST;;1;1;XEUR;11820389;688;
16.04.2025;11:00:54.011;FGBL SI 20250606 PS;SIMPLE_INSTRUMENT;EFS;EUR;100;131.19000000;500;EXCHANGE_LAST;;1;1;XEUR;11820389;688;
16.04.2025;11:01:29.496;FGBL SI 20250606 PS;SIMPLE_INSTRUMENT;EFS;EUR;101;131.19000000;977;EXCHANGE_LAST;;1;1;XEUR;11820389;688;
16.04.2025;11:05:22.508;FGBL SI 20250606 PS;SIMPLE_INSTRUMENT;EFS;EUR;102;131.16000000;1954;EXCHANGE_LAST;;1;1;XEUR;11820389;688;
16.04.2025;11:05:24.479;FGBL SI 20250606 PS;SIMPLE_INSTRUMENT;EFS;EUR;103;131.13000000;301;EXCHANGE_LAST;;1;1;XEUR;11820389;688;
16.04.2025;11:14:49.652;FGBL SI 20250606 PS;SIMPLE_INSTRUMENT;EFS;EUR;104;131.25000000;1464;EXCHANGE_LAST;;1;1;XEUR;11820389;688;
16.04.2025;11:16:54.660;FGBL SI 20250606 PS;SIMPLE_INSTRUMENT;EFS;EUR;105;131.13000000;976;EXCHANGE_LAST;;1;1;XEUR;11820389;688;
16.04.2025;11:21:49.841;FGBL SI 20250606 PS;SIMPLE_INSTRUMENT;EFS;EUR;106;131.24000000;50;EXCHANGE_LAST;;1;1;XEUR;11820389;688;
16.04.2025;11:22:58.679;FGBL SI 20250606 PS;SIMPLE_INSTRUMENT;EFS;EUR;107;131.48000000;1948;EXCHANGE_LAST;;1;1;XEUR;11820389;688;
16.04.2025;11:26:10.520;FGBL SI 20250606 PS;SIMPLE_INSTRUMENT;EFS;EUR;108;131.24000000;214;EXCHANGE_LAST;;1;1;XEUR;11820389;688;
16.04.2025;11:26:11.941;FGBL SI 20250606 PS;SIMPLE_INSTRUMENT;EFS;EUR;109;131.24000000;428;EXCHANGE_LAST;;1;1;XEUR;11820389;688;
16.04.2025;11:28:43.381;FGBL SI 20250606 PS;SIMPLE_INSTRUMENT;EFS;EUR;110;131.24000000;454;EXCHANGE_LAST;;1;1;XEUR;11820389;688;
16.04.2025;11:47:44.652;FGBL SI 20250606 PS;SIMPLE_INSTRUMENT;EFP_FIN;EUR;111;131.20000000;1883;EXCHANGE_LAST;;1;1;XEUR;11820389;688;
16.04.2025;11:53:10.101;FGBL SI 20250606 PS;SIMPLE_INSTRUMENT;EFS;EUR;112;131.35000000;195;EXCHANGE_LAST;;1;1;XEUR;11820389;688;
16.04.2025;11:55:24.555;FGBL SI 20250606 PS;SIMPLE_INSTRUMENT;EFS;EUR;113;131.32000000;200;EXCHANGE_LAST;;1;1;XEUR;11820389;688;
16.04.2025;11:57:02.713;FGBL SI 20250606 PS;SIMPLE_INSTRUMENT;EFS;EUR;114;131.35000000;975;EXCHANGE_LAST;;1;1;XEUR;11820389;688;
16.04.2025;12:10:56.192;FGBL SI 20250606 PS;SIMPLE_INSTRUMENT;EFS;EUR;115;131.39000000;48;EXCHANGE_LAST;;1;1;XEUR;11820389;688;
16.04.2025;12:24:03.479;FGBL SI 20250606 PS;SIMPLE_INSTRUMENT;EFS;EUR;116;131.36000000;1950;EXCHANGE_LAST;;1;1;XEUR;11820389;688;
16.04.2025;12:34:54.229;FGBL SI 20250606 PS;SIMPLE_INSTRUMENT;EFS;EUR;117;131.36000000;100;EXCHANGE_LAST;;1;1;XEUR;11820389;688;
16.04.2025;12:35:18.144;FGBL SI 20250606 PS;SIMPLE_INSTRUMENT;EFP_FIN;EUR;118;131.36000000;941;EXCHANGE_LAST;;1;1;XEUR;11820389;688;
16.04.2025;12:49:29.660;FGBL SI 20250606 PS;SIMPLE_INSTRUMENT;EFS;EUR;119;131.27000000;428;EXCHANGE_LAST;;1;1;XEUR;11820389;688;
16.04.2025;12:50:41.383;FGBL SI 20250606 PS;SIMPLE_INSTRUMENT;EFS;EUR;120;131.30000000;171;EXCHANGE_LAST;;1;1;XEUR;11820389;688;
16.04.2025;12:52:54.814;FGBL SI 20250606 PS;SIMPLE_INSTRUMENT;EFS;EUR;121;131.20000000;429;EXCHANGE_LAST;;1;1;XEUR;11820389;688;
16.04.2025;12:53:04.827;FGBL SI 20250606 PS;SIMPLE_INSTRUMENT;EFS;EUR;122;131.27000000;428;EXCHANGE_LAST;;1;1;XEUR;11820389;688;
16.04.2025;12:53:09.833;FGBL SI 20250606 PS;SIMPLE_INSTRUMENT;EFS;EUR;123;131.22000000;214;EXCHANGE_LAST;;1;1;XEUR;11820389;688;
16.04.2025;12:53:19.844;FGBL SI 20250606 PS;SIMPLE_INSTRUMENT;EFS;EUR;124;131.24000000;857;EXCHANGE_LAST;;1;1;XEUR;11820389;688;
16.04.2025;12:53:35.155;FGBL SI 20250606 PS;SIMPLE_INSTRUMENT;EFS;EUR;125;131.29000000;1952;EXCHANGE_LAST;;1;1;XEUR;11820389;688;
16.04.2025;12:55:44.533;FGBL SI 20250606 PS;SIMPLE_INSTRUMENT;EFS;EUR;126;131.21000000;391;EXCHANGE_LAST;;1;1;XEUR;11820389;688;
16.04.2025;12:59:10.110;FGBL SI 20250606 PS;SIMPLE_INSTRUMENT;EFS;EUR;127;131.27000000;428;EXCHANGE_LAST;;1;1;XEUR;11820389;688;
16.04.2025;13:01:50.243;FGBL SI 20250606 PS;SIMPLE_INSTRUMENT;EFS;EUR;128;131.19000000;257;EXCHANGE_LAST;;1;1;XEUR;11820389;688;
16.04.2025;13:02:20.267;FGBL SI 20250606 PS;SIMPLE_INSTRUMENT;EFS;EUR;129;131.24000000;1071;EXCHANGE_LAST;;1;1;XEUR;11820389;688;
16.04.2025;13:02:25.272;FGBL SI 20250606 PS;SIMPLE_INSTRUMENT;EFS;EUR;130;131.18000000;343;EXCHANGE_LAST;;1;1;XEUR;11820389;688;
16.04.2025;13:04:09.976;FGBL SI 20250606 PS;SIMPLE_INSTRUMENT;EFS;EUR;131;131.18000000;1464;EXCHANGE_LAST;;1;1;XEUR;11820389;688;
16.04.2025;13:04:16.351;FGBL SI 20250606 PS;SIMPLE_INSTRUMENT;EFS;EUR;132;131.25000000;214;EXCHANGE_LAST;;1;1;XEUR;11820389;688;
16.04.2025;13:04:31.365;FGBL SI 20250606 PS;SIMPLE_INSTRUMENT;EFS;EUR;133;131.19000000;343;EXCHANGE_LAST;;1;1;XEUR;11820389;688;
16.04.2025;13:04:47.074;FGBL SI 20250606 PS;SIMPLE_INSTRUMENT;EFS;EUR;134;131.29000000;428;EXCHANGE_LAST;;1;1;XEUR;11820389;688;
16.04.2025;13:06:01.079;FGBL SI 20250606 PS;SIMPLE_INSTRUMENT;EFS;EUR;135;131.29000000;214;EXCHANGE_LAST;;1;1;XEUR;11820389;688;
16.04.2025;13:07:06.492;FGBL SI 20250606 PS;SIMPLE_INSTRUMENT;EFS;EUR;136;131.32000000;428;EXCHANGE_LAST;;1;1;XEUR;11820389;688;
16.04.2025;13:08:11.539;FGBL SI 20250606 PS;SIMPLE_INSTRUMENT;EFS;EUR;137;131.31000000;428;EXCHANGE_LAST;;1;1;XEUR;11820389;688;
16.04.2025;13:09:01.587;FGBL SI 20250606 PS;SIMPLE_INSTRUMENT;EFS;EUR;138;131.26000000;428;EXCHANGE_LAST;;1;1;XEUR;11820389;688;
16.04.2025;13:09:01.632;FGBL SI 20250606 PS;SIMPLE_INSTRUMENT;EFS;EUR;139;131.32000000;428;EXCHANGE_LAST;;1;1;XEUR;11820389;688;
16.04.2025;13:09:32.392;FGBL SI 20250606 PS;SIMPLE_INSTRUMENT;EFS;EUR;140;131.26000000;488;EXCHANGE_LAST;;1;1;XEUR;11820389;688;
16.04.2025;13:10:17.368;FGBL SI 20250606 PS;SIMPLE_INSTRUMENT;EFS;EUR;141;131.28000000;488;EXCHANGE_LAST;;1;1;XEUR;11820389;688;
16.04.2025;13:11:01.691;FGBL SI 20250606 PS;SIMPLE_INSTRUMENT;EFS;EUR;142;131.32000000;428;EXCHANGE_LAST;;1;1;XEUR;11820389;688;
16.04.2025;13:16:19.379;FGBL SI 20250606 PS;SIMPLE_INSTRUMENT;EFS;EUR;143;131.28000000;257;EXCHANGE_LAST;;1;1;XEUR;11820389;688;
16.04.2025;13:18:41.275;FGBL SI 20250606 PS;SIMPLE_INSTRUMENT;EFS;EUR;144;131.31000000;976;EXCHANGE_LAST;;1;1;XEUR;11820389;688;
16.04.2025;13:20:17.639;FGBL SI 20250606 PS;SIMPLE_INSTRUMENT;EFP_FIN;EUR;145;131.31000000;680;EXCHANGE_LAST;;1;1;XEUR;11820389;688;
16.04.2025;13:35:38.786;FGBL SI 20250606 PS;SIMPLE_INSTRUMENT;EFS;EUR;146;131.28000000;428;EXCHANGE_LAST;;1;1;XEUR;11820389;688;
16.04.2025;13:36:23.823;FGBL SI 20250606 PS;SIMPLE_INSTRUMENT;EFS;EUR;147;131.27000000;350;EXCHANGE_LAST;;1;1;XEUR;11820389;688;
16.04.2025;13:41:33.716;FGBL SI 20250606 PS;SIMPLE_INSTRUMENT;EFS;EUR;148;131.29000000;1712;EXCHANGE_LAST;;1;1;XEUR;11820389;688;
16.04.2025;13:49:54.409;FGBL SI 20250606 PS;SIMPLE_INSTRUMENT;EFS;EUR;149;131.31000000;240;EXCHANGE_LAST;;1;1;XEUR;11820389;688;
16.04.2025;13:51:46.485;FGBL SI 20250606 PS;SIMPLE_INSTRUMENT;EFP_FIN;EUR;150;131.29000000;1549;EXCHANGE_LAST;;1;1;XEUR;11820389;688;
16.04.2025;13:51:55.500;FGBL SI 20250606 PS;SIMPLE_INSTRUMENT;EFS;EUR;151;131.31000000;240;EXCHANGE_LAST;;1;1;XEUR;11820389;688;
16.04.2025;13:52:56.420;FGBL SI 20250606 PS;SIMPLE_INSTRUMENT;EFS;EUR;152;131.27000000;1352;EXCHANGE_LAST;;1;1;XEUR;11820389;688;
16.04.2025;13:56:33.212;FGBL SI 20250606 PS;SIMPLE_INSTRUMENT;EFS;EUR;153;131.26000000;120;EXCHANGE_LAST;;1;1;XEUR;11820389;688;
16.04.2025;13:56:56.353;FGBL SI 20250606 PS;SIMPLE_INSTRUMENT;EFP_FIN;EUR;154;131.28000000;1596;EXCHANGE_LAST;;1;1;XEUR;11820389;688;
16.04.2025;13:57:22.300;FGBL SI 20250606 PS;SIMPLE_INSTRUMENT;EFS;EUR;155;131.26000000;976;EXCHANGE_LAST;;1;1;XEUR;11820389;688;
16.04.2025;13:58:40.370;FGBL SI 20250606 PS;SIMPLE_INSTRUMENT;BLOCK;EUR;156;131.27000000;2440;EXCHANGE_LAST;;1;1;XEUR;11820389;688;
16.04.2025;14:02:01.943;FGBL SI 20250606 PS;SIMPLE_INSTRUMENT;EFS;EUR;157;131.35000000;428;EXCHANGE_LAST;;1;1;XEUR;11820389;688;
16.04.2025;14:06:51.752;FGBL SI 20250606 PS;SIMPLE_INSTRUMENT;EFS;EUR;158;131.39000000;250;EXCHANGE_LAST;;1;1;XEUR;11820389;688;
16.04.2025;14:08:51.323;FGBL SI 20250606 PS;SIMPLE_INSTRUMENT;EFS;EUR;159;131.39000000;856;EXCHANGE_LAST;;1;1;XEUR;11820389;688;
16.04.2025;14:09:21.186;FGBL SI 20250606 PS;SIMPLE_INSTRUMENT;EFS;EUR;160;131.39000000;214;EXCHANGE_LAST;;1;1;XEUR;11820389;688;
16.04.2025;14:09:42.270;FGBL SI 20250606 PS;SIMPLE_INSTRUMENT;EFS;EUR;161;131.39000000;428;EXCHANGE_LAST;;1;1;XEUR;11820389;688;
16.04.2025;14:11:21.179;FGBL SI 20250606 PS;SIMPLE_INSTRUMENT;EFS;EUR;162;131.39000000;1464;EXCHANGE_LAST;;1;1;XEUR;11820389;688;
16.04.2025;14:13:58.458;FGBL SI 20250606 PS;SIMPLE_INSTRUMENT;EFS;EUR;163;131.39000000;857;EXCHANGE_LAST;;1;1;XEUR;11820389;688;
16.04.2025;14:16:57.595;FGBL SI 20250606 PS;SIMPLE_INSTRUMENT;EFS;EUR;164;131.39000000;1285;EXCHANGE_LAST;;1;1;XEUR;11820389;688;
16.04.2025;14:22:58.861;FGBL SI 20250606 PS;SIMPLE_INSTRUMENT;EFS;EUR;165;131.39000000;428;EXCHANGE_LAST;;1;1;XEUR;11820389;688;
16.04.2025;14:24:48.947;FGBL SI 20250606 PS;SIMPLE_INSTRUMENT;EFS;EUR;166;131.39000000;857;EXCHANGE_LAST;;1;1;XEUR;11820389;688;
16.04.2025;14:25:03.961;FGBL SI 20250606 PS;SIMPLE_INSTRUMENT;EFS;EUR;167;131.39000000;214;EXCHANGE_LAST;;1;1;XEUR;11820389;688;
16.04.2025;14:25:28.985;FGBL SI 20250606 PS;SIMPLE_INSTRUMENT;EFS;EUR;168;131.39000000;428;EXCHANGE_LAST;;1;1;XEUR;11820389;688;
16.04.2025;14:25:38.996;FGBL SI 20250606 PS;SIMPLE_INSTRUMENT;EFS;EUR;169;131.39000000;428;EXCHANGE_LAST;;1;1;XEUR;11820389;688;
16.04.2025;14:25:54.019;FGBL SI 20250606 PS;SIMPLE_INSTRUMENT;EFS;EUR;170;131.39000000;428;EXCHANGE_LAST;;1;1;XEUR;11820389;688;
16.04.2025;14:26:15.464;FGBL SI 20250606 PS;SIMPLE_INSTRUMENT;EFP_FIN;EUR;171;131.38000000;58;EXCHANGE_LAST;;1;1;XEUR;11820389;688;
16.04.2025;14:26:24.054;FGBL SI 20250606 PS;SIMPLE_INSTRUMENT;EFS;EUR;172;131.39000000;428;EXCHANGE_LAST;;1;1;XEUR;11820389;688;
16.04.2025;14:27:19.099;FGBL SI 20250606 PS;SIMPLE_INSTRUMENT;EFS;EUR;173;131.39000000;1285;EXCHANGE_LAST;;1;1;XEUR;11820389;688;
16.04.2025;14:27:24.337;FGBL SI 20250606 PS;SIMPLE_INSTRUMENT;EFS;EUR;174;131.32000000;214;EXCHANGE_LAST;;1;1;XEUR;11820389;688;
16.04.2025;14:27:59.137;FGBL SI 20250606 PS;SIMPLE_INSTRUMENT;EFS;EUR;175;131.39000000;428;EXCHANGE_LAST;;1;1;XEUR;11820389;688;
16.04.2025;14:28:00.064;FGBL SI 20250606 PS;SIMPLE_INSTRUMENT;EFS;EUR;176;131.31000000;214;EXCHANGE_LAST;;1;1;XEUR;11820389;688;
16.04.2025;14:28:29.172;FGBL SI 20250606 PS;SIMPLE_INSTRUMENT;EFS;EUR;177;131.39000000;86;EXCHANGE_LAST;;1;1;XEUR;11820389;688;
16.04.2025;14:33:19.392;FGBL SI 20250606 PS;SIMPLE_INSTRUMENT;EFS;EUR;178;131.39000000;1799;EXCHANGE_LAST;;1;1;XEUR;11820389;688;
16.04.2025;14:33:24.346;FGBL SI 20250606 PS;SIMPLE_INSTRUMENT;EFS;EUR;179;131.34000000;488;EXCHANGE_LAST;;1;1;XEUR;11820389;688;
16.04.2025;14:35:09.062;FGBL SI 20250606 PS;SIMPLE_INSTRUMENT;EFS;EUR;180;131.31000000;429;EXCHANGE_LAST;;1;1;XEUR;11820389;688;
16.04.2025;14:35:29.489;FGBL SI 20250606 PS;SIMPLE_INSTRUMENT;EFS;EUR;181;131.39000000;429;EXCHANGE_LAST;;1;1;XEUR;11820389;688;
16.04.2025;14:36:35.279;FGBL SI 20250606 PS;SIMPLE_INSTRUMENT;EFS;EUR;182;131.29000000;428;EXCHANGE_LAST;;1;1;XEUR;11820389;688;
16.04.2025;14:37:27.890;FGBL SI 20250606 PS;SIMPLE_INSTRUMENT;EFS;EUR;183;131.28000000;214;EXCHANGE_LAST;;1;1;XEUR;11820389;688;
16.04.2025;14:43:40.090;FGBL SI 20250606 PS;SIMPLE_INSTRUMENT;EFS;EUR;184;131.28000000;858;EXCHANGE_LAST;;1;1;XEUR;11820389;688;
16.04.2025;14:47:26.011;FGBL SI 20250606 PS;SIMPLE_INSTRUMENT;EFS;EUR;185;131.39000000;857;EXCHANGE_LAST;;1;1;XEUR;11820389;688;
16.04.2025;14:47:41.028;FGBL SI 20250606 PS;SIMPLE_INSTRUMENT;EFS;EUR;186;131.39000000;1072;EXCHANGE_LAST;;1;1;XEUR;11820389;688;
16.04.2025;14:49:45.519;FGBL SI 20250606 PS;SIMPLE_INSTRUMENT;EFS;EUR;187;131.33000000;962;EXCHANGE_LAST;;1;1;XEUR;11820389;688;
16.04.2025;14:51:29.251;FGBL SI 20250606 PS;SIMPLE_INSTRUMENT;EFS;EUR;188;131.20000000;214;EXCHANGE_LAST;;1;1;XEUR;11820389;688;
16.04.2025;14:54:31.927;FGBL SI 20250606 PS;SIMPLE_INSTRUMENT;EFS;EUR;189;131.20000000;214;EXCHANGE_LAST;;1;1;XEUR;11820389;688;
16.04.2025;15:03:08.729;FGBL SI 20250606 PS;SIMPLE_INSTRUMENT;EFS;EUR;190;131.21000000;215;EXCHANGE_LAST;;1;1;XEUR;11820389;688;
16.04.2025;15:06:51.861;FGBL SI 20250606 PS;SIMPLE_INSTRUMENT;EFS;EUR;191;131.21000000;429;EXCHANGE_LAST;;1;1;XEUR;11820389;688;
16.04.2025;15:08:16.922;FGBL SI 20250606 PS;SIMPLE_INSTRUMENT;EFS;EUR;192;131.28000000;428;EXCHANGE_LAST;;1;1;XEUR;11820389;688;
16.04.2025;15:10:22.030;FGBL SI 20250606 PS;SIMPLE_INSTRUMENT;EFS;EUR;193;131.28000000;429;EXCHANGE_LAST;;1;1;XEUR;11820389;688;
16.04.2025;15:13:28.430;FGBL SI 20250606 PS;SIMPLE_INSTRUMENT;EFS;EUR;194;131.24000000;428;EXCHANGE_LAST;;1;1;XEUR;11820389;688;
16.04.2025;15:14:49.240;FGBL SI 20250606 PS;SIMPLE_INSTRUMENT;EFS;EUR;195;131.24000000;429;EXCHANGE_LAST;;1;1;XEUR;11820389;688;
16.04.2025;15:17:19.528;FGBL SI 20250606 PS;SIMPLE_INSTRUMENT;EFS;EUR;196;131.25000000;250;EXCHANGE_LAST;;1;1;XEUR;11820389;688;
16.04.2025;15:18:18.401;FGBL SI 20250606 PS;SIMPLE_INSTRUMENT;EFS;EUR;197;131.29000000;428;EXCHANGE_LAST;;1;1;XEUR;11820389;688;
16.04.2025;15:22:31.588;FGBL SI 20250606 PS;SIMPLE_INSTRUMENT;EFS;EUR;198;131.28000000;245;EXCHANGE_LAST;;1;1;XEUR;11820389;688;
16.04.2025;15:24:31.219;FGBL SI 20250606 PS;SIMPLE_INSTRUMENT;EFS;EUR;199;131.26000000;482;EXCHANGE_LAST;;1;1;XEUR;11820389;688;
16.04.2025;15:26:49.763;FGBL SI 20250606 PS;SIMPLE_INSTRUMENT;EFS;EUR;200;131.23000000;428;EXCHANGE_LAST;;1;1;XEUR;11820389;688;
16.04.2025;15:26:49.809;FGBL SI 20250606 PS;SIMPLE_INSTRUMENT;EFS;EUR;201;131.26000000;428;EXCHANGE_LAST;;1;1;XEUR;11820389;688;
16.04.2025;15:28:04.819;FGBL SI 20250606 PS;SIMPLE_INSTRUMENT;EFS;EUR;202;131.24000000;214;EXCHANGE_LAST;;1;1;XEUR;11820389;688;
16.04.2025;15:28:54.460;FGBL SI 20250606 PS;SIMPLE_INSTRUMENT;EFS;EUR;203;131.33000000;2300;EXCHANGE_LAST;;1;1;XEUR;11820389;688;
16.04.2025;15:30:52.090;FGBL SI 20250606 PS;SIMPLE_INSTRUMENT;EFS;EUR;204;131.27000000;214;EXCHANGE_LAST;;1;1;XEUR;11820389;688;
16.04.2025;15:32:30.078;FGBL SI 20250606 PS;SIMPLE_INSTRUMENT;EFS;EUR;205;131.28000000;428;EXCHANGE_LAST;;1;1;XEUR;11820389;688;
16.04.2025;15:32:38.169;FGBL SI 20250606 PS;SIMPLE_INSTRUMENT;EFS;EUR;206;131.25000000;428;EXCHANGE_LAST;;1;1;XEUR;11820389;688;
16.04.2025;15:32:41.465;FGBL SI 20250606 PS;SIMPLE_INSTRUMENT;BLOCK;EUR;207;131.24000000;2440;EXCHANGE_LAST;;1;1;XEUR;11820389;688;
16.04.2025;15:35:32.587;FGBL SI 20250606 PS;SIMPLE_INSTRUMENT;EFS;EUR;208;131.24000000;214;EXCHANGE_LAST;;1;1;XEUR;11820389;688;
16.04.2025;15:36:12.078;FGBL SI 20250606 PS;SIMPLE_INSTRUMENT;EFS;EUR;209;131.25000000;214;EXCHANGE_LAST;;1;1;XEUR;11820389;688;
16.04.2025;15:36:53.963;FGBL SI 20250606 PS;SIMPLE_INSTRUMENT;EFS;EUR;210;131.25000000;428;EXCHANGE_LAST;;1;1;XEUR;11820389;688;
16.04.2025;15:36:56.274;FGBL SI 20250606 PS;SIMPLE_INSTRUMENT;EFS;EUR;211;131.29000000;428;EXCHANGE_LAST;;1;1;XEUR;11820389;688;
16.04.2025;15:42:25.101;FGBL SI 20250606 PS;SIMPLE_INSTRUMENT;EFS;EUR;212;131.28000000;244;EXCHANGE_LAST;;1;1;XEUR;11820389;688;
16.04.2025;15:46:31.914;FGBL SI 20250606 PS;SIMPLE_INSTRUMENT;EFS;EUR;213;131.29000000;215;EXCHANGE_LAST;;1;1;XEUR;11820389;688;
16.04.2025;15:48:10.871;FGBL SI 20250606 PS;SIMPLE_INSTRUMENT;EFS;EUR;214;131.27000000;428;EXCHANGE_LAST;;1;1;XEUR;11820389;688;
16.04.2025;15:48:44.660;FGBL SI 20250606 PS;SIMPLE_INSTRUMENT;EFS;EUR;215;131.28000000;171;EXCHANGE_LAST;;1;1;XEUR;11820389;688;
16.04.2025;15:51:06.342;FGBL SI 20250606 PS;SIMPLE_INSTRUMENT;EFS;EUR;216;131.23000000;428;EXCHANGE_LAST;;1;1;XEUR;11820389;688;
16.04.2025;15:53:36.177;FGBL SI 20250606 PS;SIMPLE_INSTRUMENT;EFS;EUR;217;131.24000000;171;EXCHANGE_LAST;;1;1;XEUR;11820389;688;
16.04.2025;15:54:15.007;FGBL SI 20250606 PS;SIMPLE_INSTRUMENT;EFS;EUR;218;131.23000000;188;EXCHANGE_LAST;;1;1;XEUR;11820389;688;
16.04.2025;15:55:11.412;FGBL SI 20250606 PS;SIMPLE_INSTRUMENT;EFS;EUR;219;131.21000000;300;EXCHANGE_LAST;;1;1;XEUR;11820389;688;
16.04.2025;16:03:17.561;FGBL SI 20250606 PS;SIMPLE_INSTRUMENT;EFS;EUR;220;131.23000000;428;EXCHANGE_LAST;;1;1;XEUR;11820389;688;
16.04.2025;16:16:09.089;FGBL SI 20250606 PS;SIMPLE_INSTRUMENT;EFS;EUR;221;131.23000000;257;EXCHANGE_LAST;;1;1;XEUR;11820389;688;
16.04.2025;16:22:33.435;FGBL SI 20250606 PS;SIMPLE_INSTRUMENT;EFS;EUR;222;131.21000000;215;EXCHANGE_LAST;;1;1;XEUR;11820389;688;
16.04.2025;16:48:52.448;FGBL SI 20250606 PS;SIMPLE_INSTRUMENT;EFS;EUR;223;131.20000000;429;EXCHANGE_LAST;;1;1;XEUR;11820389;688;
16.04.2025;06:57:47.485;FGBL SI 20250606 PS;SIMPLE_INSTRUMENT;VOLA;EUR;268435464;131.35000000;300;EXCHANGE_LAST;;1;1;XEUR;11820389;688;
16.04.2025;07:00:36.505;FGBL SI 20250606 PS;SIMPLE_INSTRUMENT;VOLA;EUR;268435469;131.35000000;220;EXCHANGE_LAST;;1;1;XEUR;11820389;688;
16.04.2025;08:16:48.699;FGBL SI 20250606 PS;SIMPLE_INSTRUMENT;VOLA;EUR;268435484;131.40000000;100;EXCHANGE_LAST;;1;1;XEUR;11820389;688;
16.04.2025;08:57:25.107;FGBL SI 20250606 PS;SIMPLE_INSTRUMENT;VOLA;EUR;268435495;131.40000000;100;EXCHANGE_LAST;;1;1;XEUR;11820389;688;
16.04.2025;09:06:21.189;FGBL SI 20250606 PS;SIMPLE_INSTRUMENT;VOLA;EUR;268435503;131.28000000;160;EXCHANGE_LAST;;1;1;XEUR;11820389;688;
16.04.2025;09:29:20.119;FGBL SI 20250606 PS;SIMPLE_INSTRUMENT;VOLA;EUR;268435512;131.38000000;12;EXCHANGE_LAST;;1;1;XEUR;11820389;688;
16.04.2025;09:29:33.736;FGBL SI 20250606 PS;SIMPLE_INSTRUMENT;VOLA;EUR;268435513;131.38000000;11;EXCHANGE_LAST;;1;1;XEUR;11820389;688;
16.04.2025;11:23:36.475;FGBL SI 20250606 PS;SIMPLE_INSTRUMENT;VOLA;EUR;268435544;131.20000000;68;EXCHANGE_LAST;;1;1;XEUR;11820389;688;
16.04.2025;12:56:34.462;FGBL SI 20250606 PS;SIMPLE_INSTRUMENT;VOLA;EUR;268435560;131.26000000;155;EXCHANGE_LAST;;1;1;XEUR;11820389;688;
16.04.2025;06:38:53.396;FGBM SI 20250606 PS;SIMPLE_INSTRUMENT;EFS;EUR;1;119.30000000;849;EXCHANGE_LAST;;1;1;XEUR;11820390;689;
16.04.2025;06:47:36.684;FGBM SI 20250606 PS;SIMPLE_INSTRUMENT;EFS;EUR;2;119.31000000;1618;EXCHANGE_LAST;;1;1;XEUR;11820390;689;
16.04.2025;06:49:00.373;FGBM SI 20250606 PS;SIMPLE_INSTRUMENT;EFS;EUR;3;119.31000000;1618;EXCHANGE_LAST;;1;1;XEUR;11820390;689;
16.04.2025;07:06:22.127;FGBM SI 20250606 PS;SIMPLE_INSTRUMENT;EFS;EUR;4;119.31000000;1823;EXCHANGE_LAST;;1;1;XEUR;11820390;689;
16.04.2025;07:21:19.712;FGBM SI 20250606 PS;SIMPLE_INSTRUMENT;EFP_FIN;EUR;5;119.31000000;213;EXCHANGE_LAST;;1;1;XEUR;11820390;689;
16.04.2025;07:23:18.335;FGBM SI 20250606 PS;SIMPLE_INSTRUMENT;EFP_FIN;EUR;6;119.32000000;310;EXCHANGE_LAST;;1;1;XEUR;11820390;689;
16.04.2025;07:25:19.404;FGBM SI 20250606 PS;SIMPLE_INSTRUMENT;EFS;EUR;7;119.33000000;848;EXCHANGE_LAST;;1;1;XEUR;11820390;689;
16.04.2025;07:25:34.418;FGBM SI 20250606 PS;SIMPLE_INSTRUMENT;EFS;EUR;8;119.33000000;849;EXCHANGE_LAST;;1;1;XEUR;11820390;689;
16.04.2025;07:29:19.307;FGBM SI 20250606 PS;SIMPLE_INSTRUMENT;EFP_FIN;EUR;9;119.31000000;213;EXCHANGE_LAST;;1;1;XEUR;11820390;689;
16.04.2025;07:30:20.899;FGBM SI 20250606 PS;SIMPLE_INSTRUMENT;EFS;EUR;10;119.31000000;1617;EXCHANGE_LAST;;1;1;XEUR;11820390;689;
16.04.2025;07:35:07.938;FGBM SI 20250606 PS;SIMPLE_INSTRUMENT;EFS;EUR;11;119.31000000;808;EXCHANGE_LAST;;1;1;XEUR;11820390;689;
16.04.2025;07:39:58.218;FGBM SI 20250606 PS;SIMPLE_INSTRUMENT;EFS;EUR;12;119.33000000;1250;EXCHANGE_LAST;;1;1;XEUR;11820390;689;
16.04.2025;07:48:43.492;FGBM SI 20250606 PS;SIMPLE_INSTRUMENT;EFP_FIN;EUR;13;119.31000000;528;EXCHANGE_LAST;;1;1;XEUR;11820390;689;
16.04.2025;07:52:50.363;FGBM SI 20250606 PS;SIMPLE_INSTRUMENT;EFS;EUR;14;119.33000000;562;EXCHANGE_LAST;;1;1;XEUR;11820390;689;
16.04.2025;07:52:51.559;FGBM SI 20250606 PS;SIMPLE_INSTRUMENT;EFS;EUR;15;119.35000000;212;EXCHANGE_LAST;;1;1;XEUR;11820390;689;
16.04.2025;07:55:00.716;FGBM SI 20250606 PS;SIMPLE_INSTRUMENT;EFP_FIN;EUR;16;119.30000000;310;EXCHANGE_LAST;;1;1;XEUR;11820390;689;
16.04.2025;07:59:30.963;FGBM SI 20250606 PS;SIMPLE_INSTRUMENT;EFS;EUR;17;119.35000000;212;EXCHANGE_LAST;;1;1;XEUR;11820390;689;
16.04.2025;08:03:58.229;FGBM SI 20250606 PS;SIMPLE_INSTRUMENT;EFP_FIN;EUR;18;119.36000000;218;EXCHANGE_LAST;;1;1;XEUR;11820390;689;
16.04.2025;08:10:18.191;FGBM SI 20250606 PS;SIMPLE_INSTRUMENT;EFP_FIN;EUR;19;119.34000000;656;EXCHANGE_LAST;;1;1;XEUR;11820390;689;
16.04.2025;08:12:08.541;FGBM SI 20250606 PS;SIMPLE_INSTRUMENT;EFP_FIN;EUR;20;119.34000000;345;EXCHANGE_LAST;;1;1;XEUR;11820390;689;
16.04.2025;08:12:40.918;FGBM SI 20250606 PS;SIMPLE_INSTRUMENT;EFP_FIN;EUR;21;119.37000000;220;EXCHANGE_LAST;;1;1;XEUR;11820390;689;
16.04.2025;08:15:49.631;FGBM SI 20250606 PS;SIMPLE_INSTRUMENT;EFP_FIN;EUR;22;119.34000000;852;EXCHANGE_LAST;;1;1;XEUR;11820390;689;
16.04.2025;08:38:08.602;FGBM SI 20250606 PS;SIMPLE_INSTRUMENT;EFS;EUR;23;119.42000000;423;EXCHANGE_LAST;;1;1;XEUR;11820390;689;
16.04.2025;08:42:32.134;FGBM SI 20250606 PS;SIMPLE_INSTRUMENT;EFP_FIN;EUR;24;119.34000000;2344;EXCHANGE_LAST;;1;1;XEUR;11820390;689;
16.04.2025;08:43:35.692;FGBM SI 20250606 PS;SIMPLE_INSTRUMENT;EFS;EUR;25;119.27000000;848;EXCHANGE_LAST;;1;1;XEUR;11820390;689;
16.04.2025;08:43:47.937;FGBM SI 20250606 PS;SIMPLE_INSTRUMENT;EFP_FIN;EUR;26;119.40000000;954;EXCHANGE_LAST;;1;1;XEUR;11820390;689;
16.04.2025;08:44:10.383;FGBM SI 20250606 PS;SIMPLE_INSTRUMENT;EFS;EUR;27;119.28000000;424;EXCHANGE_LAST;;1;1;XEUR;11820390;689;
16.04.2025;08:45:03.650;FGBM SI 20250606 PS;SIMPLE_INSTRUMENT;EFP_FIN;EUR;28;119.27000000;852;EXCHANGE_LAST;;1;1;XEUR;11820390;689;
16.04.2025;08:45:29.434;FGBM SI 20250606 PS;SIMPLE_INSTRUMENT;EFS;EUR;29;119.28000000;848;EXCHANGE_LAST;;1;1;XEUR;11820390;689;
16.04.2025;08:47:13.042;FGBM SI 20250606 PS;SIMPLE_INSTRUMENT;EFS;EUR;30;119.27000000;424;EXCHANGE_LAST;;1;1;XEUR;11820390;689;
16.04.2025;08:49:10.080;FGBM SI 20250606 PS;SIMPLE_INSTRUMENT;EFS;EUR;31;119.27000000;1619;EXCHANGE_LAST;;1;1;XEUR;11820390;689;
16.04.2025;08:49:11.977;FGBM SI 20250606 PS;SIMPLE_INSTRUMENT;EFS;EUR;32;119.27000000;849;EXCHANGE_LAST;;1;1;XEUR;11820390;689;
16.04.2025;08:51:17.070;FGBM SI 20250606 PS;SIMPLE_INSTRUMENT;EFS;EUR;33;119.29000000;212;EXCHANGE_LAST;;1;1;XEUR;11820390;689;
16.04.2025;08:52:30.624;FGBM SI 20250606 PS;SIMPLE_INSTRUMENT;EFS;EUR;34;119.25000000;920;EXCHANGE_LAST;;1;1;XEUR;11820390;689;
16.04.2025;08:59:04.172;FGBM SI 20250606 PS;SIMPLE_INSTRUMENT;EFP_FIN;EUR;35;119.39000000;852;EXCHANGE_LAST;;1;1;XEUR;11820390;689;
16.04.2025;09:03:10.187;FGBM SI 20250606 PS;SIMPLE_INSTRUMENT;EFS;EUR;36;119.29000000;243;EXCHANGE_LAST;;1;1;XEUR;11820390;689;
16.04.2025;09:04:21.263;FGBM SI 20250606 PS;SIMPLE_INSTRUMENT;EFS;EUR;37;119.25000000;811;EXCHANGE_LAST;;1;1;XEUR;11820390;689;
16.04.2025;09:05:28.263;FGBM SI 20250606 PS;SIMPLE_INSTRUMENT;EFP_FIN;EUR;38;119.29000000;96;EXCHANGE_LAST;;1;1;XEUR;11820390;689;
16.04.2025;09:09:30.169;FGBM SI 20250606 PS;SIMPLE_INSTRUMENT;EFS;EUR;39;119.29000000;920;EXCHANGE_LAST;;1;1;XEUR;11820390;689;
16.04.2025;09:10:01.279;FGBM SI 20250606 PS;SIMPLE_INSTRUMENT;EFP_FIN;EUR;40;119.32000000;1278;EXCHANGE_LAST;;1;1;XEUR;11820390;689;
16.04.2025;09:11:12.869;FGBM SI 20250606 PS;SIMPLE_INSTRUMENT;EFS;EUR;41;119.33000000;1379;EXCHANGE_LAST;;1;1;XEUR;11820390;689;
16.04.2025;09:12:35.289;FGBM SI 20250606 PS;SIMPLE_INSTRUMENT;EFS;EUR;42;119.32000000;922;EXCHANGE_LAST;;1;1;XEUR;11820390;689;
16.04.2025;09:14:36.296;FGBM SI 20250606 PS;SIMPLE_INSTRUMENT;EFS;EUR;43;119.31000000;1840;EXCHANGE_LAST;;1;1;XEUR;11820390;689;
16.04.2025;09:17:09.201;FGBM SI 20250606 PS;SIMPLE_INSTRUMENT;EFS;EUR;44;119.31000000;263;EXCHANGE_LAST;;1;1;XEUR;11820390;689;
16.04.2025;09:22:45.422;FGBM SI 20250606 PS;SIMPLE_INSTRUMENT;EFS;EUR;45;119.28000000;424;EXCHANGE_LAST;;1;1;XEUR;11820390;689;
16.04.2025;09:24:18.712;FGBM SI 20250606 PS;SIMPLE_INSTRUMENT;EFP_FIN;EUR;46;119.31000000;852;EXCHANGE_LAST;;1;1;XEUR;11820390;689;
16.04.2025;09:28:35.695;FGBM SI 20250606 PS;SIMPLE_INSTRUMENT;EFS;EUR;47;119.26000000;424;EXCHANGE_LAST;;1;1;XEUR;11820390;689;
16.04.2025;09:33:26.905;FGBM SI 20250606 PS;SIMPLE_INSTRUMENT;EFS;EUR;48;119.26000000;424;EXCHANGE_LAST;;1;1;XEUR;11820390;689;
16.04.2025;09:33:40.925;FGBM SI 20250606 PS;SIMPLE_INSTRUMENT;EFS;EUR;49;119.26000000;424;EXCHANGE_LAST;;1;1;XEUR;11820390;689;
16.04.2025;09:34:12.224;FGBM SI 20250606 PS;SIMPLE_INSTRUMENT;EFP_FIN;EUR;50;119.31000000;566;EXCHANGE_LAST;;1;1;XEUR;11820390;689;
16.04.2025;09:41:47.790;FGBM SI 20250606 PS;SIMPLE_INSTRUMENT;EFS;EUR;51;119.34000000;808;EXCHANGE_LAST;;1;1;XEUR;11820390;689;
16.04.2025;09:50:22.634;FGBM SI 20250606 PS;SIMPLE_INSTRUMENT;EFS;EUR;52;119.23000000;849;EXCHANGE_LAST;;1;1;XEUR;11820390;689;
16.04.2025;09:52:45.217;FGBM SI 20250606 PS;SIMPLE_INSTRUMENT;EFP_FIN;EUR;53;119.30000000;362;EXCHANGE_LAST;;1;1;XEUR;11820390;689;
16.04.2025;09:53:23.777;FGBM SI 20250606 PS;SIMPLE_INSTRUMENT;EFP_FIN;EUR;54;119.32000000;165;EXCHANGE_LAST;;1;1;XEUR;11820390;689;
16.04.2025;09:54:08.491;FGBM SI 20250606 PS;SIMPLE_INSTRUMENT;EFP_FIN;EUR;55;119.32000000;329;EXCHANGE_LAST;;1;1;XEUR;11820390;689;
16.04.2025;09:55:02.838;FGBM SI 20250606 PS;SIMPLE_INSTRUMENT;EFS;EUR;56;119.23000000;425;EXCHANGE_LAST;;1;1;XEUR;11820390;689;
16.04.2025;09:56:00.309;FGBM SI 20250606 PS;SIMPLE_INSTRUMENT;EFP_FIN;EUR;57;119.25000000;682;EXCHANGE_LAST;;1;1;XEUR;11820390;689;
16.04.2025;09:55:27.914;FGBM SI 20250606 PS;SIMPLE_INSTRUMENT;EFP_FIN;EUR;58;119.30000000;231;EXCHANGE_LAST;;1;1;XEUR;11820390;689;
16.04.2025;09:59:29.323;FGBM SI 20250606 PS;SIMPLE_INSTRUMENT;EFS;EUR;59;119.28000000;920;EXCHANGE_LAST;;1;1;XEUR;11820390;689;
16.04.2025;10:02:59.190;FGBM SI 20250606 PS;SIMPLE_INSTRUMENT;EFS;EUR;60;119.27000000;849;EXCHANGE_LAST;;1;1;XEUR;11820390;689;
16.04.2025;10:03:16.684;FGBM SI 20250606 PS;SIMPLE_INSTRUMENT;EFP_FIN;EUR;61;119.20000000;406;EXCHANGE_LAST;;1;1;XEUR;11820390;689;
16.04.2025;10:06:08.963;FGBM SI 20250606 PS;SIMPLE_INSTRUMENT;EFP_FIN;EUR;62;119.26000000;585;EXCHANGE_LAST;;1;1;XEUR;11820390;689;
16.04.2025;10:18:29.904;FGBM SI 20250606 PS;SIMPLE_INSTRUMENT;EFS;EUR;63;119.23000000;424;EXCHANGE_LAST;;1;1;XEUR;11820390;689;
16.04.2025;10:18:44.916;FGBM SI 20250606 PS;SIMPLE_INSTRUMENT;EFS;EUR;64;119.23000000;1697;EXCHANGE_LAST;;1;1;XEUR;11820390;689;
16.04.2025;10:19:59.976;FGBM SI 20250606 PS;SIMPLE_INSTRUMENT;EFS;EUR;65;119.23000000;849;EXCHANGE_LAST;;1;1;XEUR;11820390;689;
16.04.2025;10:30:12.934;FGBM SI 20250606 PS;SIMPLE_INSTRUMENT;EFS;EUR;67;119.22000000;424;EXCHANGE_LAST;;1;1;XEUR;11820390;689;
16.04.2025;10:31:20.703;FGBM SI 20250606 PS;SIMPLE_INSTRUMENT;EFS;EUR;68;119.23000000;1380;EXCHANGE_LAST;;1;1;XEUR;11820390;689;
16.04.2025;10:32:47.528;FGBM SI 20250606 PS;SIMPLE_INSTRUMENT;EFS;EUR;69;119.22000000;1841;EXCHANGE_LAST;;1;1;XEUR;11820390;689;
16.04.2025;10:48:07.268;FGBM SI 20250606 PS;SIMPLE_INSTRUMENT;EFS;EUR;70;119.29000000;848;EXCHANGE_LAST;;1;1;XEUR;11820390;689;
16.04.2025;10:51:06.466;FGBM SI 20250606 PS;SIMPLE_INSTRUMENT;EFP_FIN;EUR;71;119.24000000;1809;EXCHANGE_LAST;;1;1;XEUR;11820390;689;
16.04.2025;10:56:42.529;FGBM SI 20250606 PS;SIMPLE_INSTRUMENT;EFP_FIN;EUR;72;119.27000000;1222;EXCHANGE_LAST;;1;1;XEUR;11820390;689;
16.04.2025;11:11:48.528;FGBM SI 20250606 PS;SIMPLE_INSTRUMENT;EFP_FIN;EUR;73;119.30000000;237;EXCHANGE_LAST;;1;1;XEUR;11820390;689;
16.04.2025;11:16:02.794;FGBM SI 20250606 PS;SIMPLE_INSTRUMENT;EFS;EUR;74;119.29000000;461;EXCHANGE_LAST;;1;1;XEUR;11820390;689;
16.04.2025;11:17:02.982;FGBM SI 20250606 PS;SIMPLE_INSTRUMENT;EFP_FIN;EUR;75;119.25000000;341;EXCHANGE_LAST;;1;1;XEUR;11820390;689;
16.04.2025;11:21:39.674;FGBM SI 20250606 PS;SIMPLE_INSTRUMENT;EFS;EUR;76;119.40000000;3676;EXCHANGE_LAST;;1;1;XEUR;11820390;689;
16.04.2025;11:25:13.422;FGBM SI 20250606 PS;SIMPLE_INSTRUMENT;EFS;EUR;77;119.27000000;398;EXCHANGE_LAST;;1;1;XEUR;11820390;689;
16.04.2025;11:27:32.200;FGBM SI 20250606 PS;SIMPLE_INSTRUMENT;EFS;EUR;78;119.28000000;847;EXCHANGE_LAST;;1;1;XEUR;11820390;689;
16.04.2025;11:30:05.330;FGBM SI 20250606 PS;SIMPLE_INSTRUMENT;EFP_FIN;EUR;79;119.28000000;814;EXCHANGE_LAST;;1;1;XEUR;11820390;689;
16.04.2025;11:37:19.540;FGBM SI 20250606 PS;SIMPLE_INSTRUMENT;EFP_FIN;EUR;80;119.28000000;303;EXCHANGE_LAST;;1;1;XEUR;11820390;689;
16.04.2025;11:40:15.608;FGBM SI 20250606 PS;SIMPLE_INSTRUMENT;EFP_FIN;EUR;81;119.27000000;1538;EXCHANGE_LAST;;1;1;XEUR;11820390;689;
16.04.2025;11:54:50.413;FGBM SI 20250606 PS;SIMPLE_INSTRUMENT;EFS;EUR;82;119.32000000;599;EXCHANGE_LAST;;1;1;XEUR;11820390;689;
16.04.2025;12:15:22.173;FGBM SI 20250606 PS;SIMPLE_INSTRUMENT;EFS;EUR;83;119.33000000;848;EXCHANGE_LAST;;1;1;XEUR;11820390;689;
16.04.2025;12:15:31.182;FGBM SI 20250606 PS;SIMPLE_INSTRUMENT;EFS;EUR;84;119.33000000;339;EXCHANGE_LAST;;1;1;XEUR;11820390;689;
16.04.2025;12:21:22.624;FGBM SI 20250606 PS;SIMPLE_INSTRUMENT;EFP_FIN;EUR;85;119.27000000;408;EXCHANGE_LAST;;1;1;XEUR;11820390;689;
16.04.2025;12:23:02.553;FGBM SI 20250606 PS;SIMPLE_INSTRUMENT;EFP_FIN;EUR;86;119.32000000;84;EXCHANGE_LAST;;1;1;XEUR;11820390;689;
16.04.2025;12:31:52.888;FGBM SI 20250606 PS;SIMPLE_INSTRUMENT;EFS;EUR;87;119.32000000;848;EXCHANGE_LAST;;1;1;XEUR;11820390;689;
16.04.2025;12:37:09.125;FGBM SI 20250606 PS;SIMPLE_INSTRUMENT;EFS;EUR;88;119.31000000;1697;EXCHANGE_LAST;;1;1;XEUR;11820390;689;
16.04.2025;12:38:24.192;FGBM SI 20250606 PS;SIMPLE_INSTRUMENT;EFS;EUR;89;119.32000000;424;EXCHANGE_LAST;;1;1;XEUR;11820390;689;
16.04.2025;12:39:29.238;FGBM SI 20250606 PS;SIMPLE_INSTRUMENT;EFS;EUR;90;119.30000000;254;EXCHANGE_LAST;;1;1;XEUR;11820390;689;
16.04.2025;12:40:19.280;FGBM SI 20250606 PS;SIMPLE_INSTRUMENT;EFS;EUR;91;119.30000000;424;EXCHANGE_LAST;;1;1;XEUR;11820390;689;
16.04.2025;12:40:44.298;FGBM SI 20250606 PS;SIMPLE_INSTRUMENT;EFS;EUR;92;119.30000000;848;EXCHANGE_LAST;;1;1;XEUR;11820390;689;
16.04.2025;12:49:14.984;FGBM SI 20250606 PS;SIMPLE_INSTRUMENT;EFP_FIN;EUR;93;119.31000000;213;EXCHANGE_LAST;;1;1;XEUR;11820390;689;
16.04.2025;12:49:52.663;FGBM SI 20250606 PS;SIMPLE_INSTRUMENT;EFS;EUR;94;119.31000000;319;EXCHANGE_LAST;;1;1;XEUR;11820390;689;
16.04.2025;12:52:00.775;FGBM SI 20250606 PS;SIMPLE_INSTRUMENT;BLOCK;EUR;96;119.28000000;3854;EXCHANGE_LAST;;1;1;XEUR;11820390;689;
16.04.2025;12:54:03.272;FGBM SI 20250606 PS;SIMPLE_INSTRUMENT;EFS;EUR;97;119.33000000;810;EXCHANGE_LAST;;1;1;XEUR;11820390;689;
16.04.2025;13:04:53.477;FGBM SI 20250606 PS;SIMPLE_INSTRUMENT;EFS;EUR;98;119.32000000;920;EXCHANGE_LAST;;1;1;XEUR;11820390;689;
16.04.2025;13:07:26.617;FGBM SI 20250606 PS;SIMPLE_INSTRUMENT;EFS;EUR;99;119.25000000;162;EXCHANGE_LAST;;1;1;XEUR;11820390;689;
16.04.2025;13:09:42.617;FGBM SI 20250606 PS;SIMPLE_INSTRUMENT;EFS;EUR;100;119.33000000;848;EXCHANGE_LAST;;1;1;XEUR;11820390;689;
16.04.2025;13:11:41.730;FGBM SI 20250606 PS;SIMPLE_INSTRUMENT;EFS;EUR;101;119.34000000;509;EXCHANGE_LAST;;1;1;XEUR;11820390;689;
16.04.2025;13:12:14.935;FGBM SI 20250606 PS;SIMPLE_INSTRUMENT;EFP_FIN;EUR;102;119.32000000;428;EXCHANGE_LAST;;1;1;XEUR;11820390;689;
16.04.2025;13:12:36.777;FGBM SI 20250606 PS;SIMPLE_INSTRUMENT;EFS;EUR;103;119.33000000;424;EXCHANGE_LAST;;1;1;XEUR;11820390;689;
16.04.2025;13:15:35.664;FGBM SI 20250606 PS;SIMPLE_INSTRUMENT;EFS;EUR;104;119.32000000;479;EXCHANGE_LAST;;1;1;XEUR;11820390;689;
16.04.2025;13:22:33.102;FGBM SI 20250606 PS;SIMPLE_INSTRUMENT;EFP_FIN;EUR;105;119.32000000;189;EXCHANGE_LAST;;1;1;XEUR;11820390;689;
16.04.2025;13:23:12.243;FGBM SI 20250606 PS;SIMPLE_INSTRUMENT;EFS;EUR;106;119.34000000;3393;EXCHANGE_LAST;;1;1;XEUR;11820390;689;
16.04.2025;13:35:28.546;FGBM SI 20250606 PS;SIMPLE_INSTRUMENT;EFP_FIN;EUR;107;119.30000000;189;EXCHANGE_LAST;;1;1;XEUR;11820390;689;
16.04.2025;13:36:00.835;FGBM SI 20250606 PS;SIMPLE_INSTRUMENT;EFP_FIN;EUR;108;119.32000000;315;EXCHANGE_LAST;;1;1;XEUR;11820390;689;
16.04.2025;13:36:13.334;FGBM SI 20250606 PS;SIMPLE_INSTRUMENT;EFP_FIN;EUR;109;119.32000000;163;EXCHANGE_LAST;;1;1;XEUR;11820390;689;
16.04.2025;13:38:24.235;FGBM SI 20250606 PS;SIMPLE_INSTRUMENT;EFP_FIN;EUR;110;119.32000000;59;EXCHANGE_LAST;;1;1;XEUR;11820390;689;
16.04.2025;13:39:04.190;FGBM SI 20250606 PS;SIMPLE_INSTRUMENT;EFP_FIN;EUR;111;119.34000000;2129;EXCHANGE_LAST;;1;1;XEUR;11820390;689;
16.04.2025;13:52:00.752;FGBM SI 20250606 PS;SIMPLE_INSTRUMENT;EFS;EUR;112;119.34000000;508;EXCHANGE_LAST;;1;1;XEUR;11820390;689;
16.04.2025;13:59:38.732;FGBM SI 20250606 PS;SIMPLE_INSTRUMENT;EFS;EUR;113;119.33000000;1578;EXCHANGE_LAST;;1;1;XEUR;11820390;689;
16.04.2025;14:00:13.312;FGBM SI 20250606 PS;SIMPLE_INSTRUMENT;EFS;EUR;114;119.33000000;920;EXCHANGE_LAST;;1;1;XEUR;11820390;689;
16.04.2025;14:02:09.384;FGBM SI 20250606 PS;SIMPLE_INSTRUMENT;EFP_FIN;EUR;115;119.31000000;1612;EXCHANGE_LAST;;1;1;XEUR;11820390;689;
16.04.2025;14:02:41.964;FGBM SI 20250606 PS;SIMPLE_INSTRUMENT;EFP_FIN;EUR;116;119.35000000;1257;EXCHANGE_LAST;;1;1;XEUR;11820390;689;
16.04.2025;14:07:06.864;FGBM SI 20250606 PS;SIMPLE_INSTRUMENT;EFS;EUR;117;119.33000000;920;EXCHANGE_LAST;;1;1;XEUR;11820390;689;
16.04.2025;14:18:34.271;FGBM SI 20250606 PS;SIMPLE_INSTRUMENT;EFP_FIN;EUR;118;119.35000000;639;EXCHANGE_LAST;;1;1;XEUR;11820390;689;
16.04.2025;14:32:13.522;FGBM SI 20250606 PS;SIMPLE_INSTRUMENT;EFS;EUR;119;119.36000000;919;EXCHANGE_LAST;;1;1;XEUR;11820390;689;
16.04.2025;14:32:44.357;FGBM SI 20250606 PS;SIMPLE_INSTRUMENT;EFS;EUR;120;119.33000000;848;EXCHANGE_LAST;;1;1;XEUR;11820390;689;
16.04.2025;14:38:31.272;FGBM SI 20250606 PS;SIMPLE_INSTRUMENT;EFP_FIN;EUR;121;119.36000000;307;EXCHANGE_LAST;;1;1;XEUR;11820390;689;
16.04.2025;14:48:24.466;FGBM SI 20250606 PS;SIMPLE_INSTRUMENT;EFP_FIN;EUR;122;119.28000000;213;EXCHANGE_LAST;;1;1;XEUR;11820390;689;
16.04.2025;14:49:28.726;FGBM SI 20250606 PS;SIMPLE_INSTRUMENT;EFP_FIN;EUR;123;119.26000000;213;EXCHANGE_LAST;;1;1;XEUR;11820390;689;
16.04.2025;14:45:50.027;FGBM SI 20250606 PS;SIMPLE_INSTRUMENT;EFS;EUR;124;119.39000000;1618;EXCHANGE_LAST;;1;1;XEUR;11820390;689;
16.04.2025;14:46:20.599;FGBM SI 20250606 PS;SIMPLE_INSTRUMENT;EFP_FIN;EUR;125;119.27000000;1056;EXCHANGE_LAST;;1;1;XEUR;11820390;689;
16.04.2025;14:48:28.018;FGBM SI 20250606 PS;SIMPLE_INSTRUMENT;EFP_FIN;EUR;126;119.29000000;771;EXCHANGE_LAST;;1;1;XEUR;11820390;689;
16.04.2025;14:49:16.102;FGBM SI 20250606 PS;SIMPLE_INSTRUMENT;EFS;EUR;127;119.27000000;849;EXCHANGE_LAST;;1;1;XEUR;11820390;689;
16.04.2025;14:49:16.479;FGBM SI 20250606 PS;SIMPLE_INSTRUMENT;EFS;EUR;128;119.26000000;848;EXCHANGE_LAST;;1;1;XEUR;11820390;689;
16.04.2025;14:56:14.128;FGBM SI 20250606 PS;SIMPLE_INSTRUMENT;EFP_FIN;EUR;129;119.27000000;184;EXCHANGE_LAST;;1;1;XEUR;11820390;689;
16.04.2025;15:08:39.411;FGBM SI 20250606 PS;SIMPLE_INSTRUMENT;EFP_FIN;EUR;132;119.29000000;852;EXCHANGE_LAST;;1;1;XEUR;11820390;689;
16.04.2025;15:08:41.471;FGBM SI 20250606 PS;SIMPLE_INSTRUMENT;EFP_FIN;EUR;133;119.27000000;253;EXCHANGE_LAST;;1;1;XEUR;11820390;689;
16.04.2025;15:09:58.161;FGBM SI 20250606 PS;SIMPLE_INSTRUMENT;EFS;EUR;134;119.27000000;424;EXCHANGE_LAST;;1;1;XEUR;11820390;689;
16.04.2025;15:12:45.704;FGBM SI 20250606 PS;SIMPLE_INSTRUMENT;EFS;EUR;135;119.26000000;848;EXCHANGE_LAST;;1;1;XEUR;11820390;689;
16.04.2025;15:13:18.874;FGBM SI 20250606 PS;SIMPLE_INSTRUMENT;EFS;EUR;136;119.27000000;424;EXCHANGE_LAST;;1;1;XEUR;11820390;689;
16.04.2025;15:14:31.348;FGBM SI 20250606 PS;SIMPLE_INSTRUMENT;EFS;EUR;137;119.28000000;424;EXCHANGE_LAST;;1;1;XEUR;11820390;689;
16.04.2025;15:20:01.627;FGBM SI 20250606 PS;SIMPLE_INSTRUMENT;EFS;EUR;138;119.27000000;424;EXCHANGE_LAST;;1;1;XEUR;11820390;689;
16.04.2025;15:23:36.997;FGBM SI 20250606 PS;SIMPLE_INSTRUMENT;EFS;EUR;139;119.27000000;424;EXCHANGE_LAST;;1;1;XEUR;11820390;689;
16.04.2025;15:27:46.027;FGBM SI 20250606 PS;SIMPLE_INSTRUMENT;EFS;EUR;140;119.29000000;184;EXCHANGE_LAST;;1;1;XEUR;11820390;689;
16.04.2025;15:27:58.579;FGBM SI 20250606 PS;SIMPLE_INSTRUMENT;EFS;EUR;141;119.37000000;2000;EXCHANGE_LAST;;1;1;XEUR;11820390;689;
16.04.2025;15:36:35.458;FGBM SI 20250606 PS;SIMPLE_INSTRUMENT;EFP_FIN;EUR;142;119.31000000;150;EXCHANGE_LAST;;1;1;XEUR;11820390;689;
16.04.2025;15:44:34.715;FGBM SI 20250606 PS;SIMPLE_INSTRUMENT;EFS;EUR;143;119.33000000;405;EXCHANGE_LAST;;1;1;XEUR;11820390;689;
16.04.2025;16:24:02.156;FGBM SI 20250606 PS;SIMPLE_INSTRUMENT;EFS;EUR;144;119.28000000;405;EXCHANGE_LAST;;1;1;XEUR;11820390;689;
16.04.2025;15:10:10.080;FGBM SI 20250606 PS;SIMPLE_INSTRUMENT;VOLA;EUR;268435578;119.28000000;75;EXCHANGE_LAST;;1;1;XEUR;11820390;689;
16.04.2025;06:47:16.483;FGBS SI 20250606 PS;SIMPLE_INSTRUMENT;BLOCK;EUR;1;107.52000000;4075;EXCHANGE_LAST;;1;1;XEUR;11820391;690;
16.04.2025;06:53:35.728;FGBS SI 20250606 PS;SIMPLE_INSTRUMENT;EFP_FIN;EUR;2;107.52000000;938;EXCHANGE_LAST;;1;1;XEUR;11820391;690;
16.04.2025;07:12:51.540;FGBS SI 20250606 PS;SIMPLE_INSTRUMENT;EFS;EUR;3;107.53500000;478;EXCHANGE_LAST;;1;1;XEUR;11820391;690;
16.04.2025;08:18:51.726;FGBS SI 20250606 PS;SIMPLE_INSTRUMENT;EFP_FIN;EUR;4;107.54000000;2862;EXCHANGE_LAST;;1;1;XEUR;11820391;690;
16.04.2025;08:37:49.579;FGBS SI 20250606 PS;SIMPLE_INSTRUMENT;EFS;EUR;5;107.52500000;500;EXCHANGE_LAST;;1;1;XEUR;11820391;690;
16.04.2025;08:34:17.309;FGBS SI 20250606 PS;SIMPLE_INSTRUMENT;EFP_FIN;EUR;6;107.56500000;704;EXCHANGE_LAST;;1;1;XEUR;11820391;690;
16.04.2025;08:42:43.594;FGBS SI 20250606 PS;SIMPLE_INSTRUMENT;EFS;EUR;7;107.52000000;1196;EXCHANGE_LAST;;1;1;XEUR;11820391;690;
16.04.2025;08:43:11.596;FGBS SI 20250606 PS;SIMPLE_INSTRUMENT;EFS;EUR;8;107.52000000;1196;EXCHANGE_LAST;;1;1;XEUR;11820391;690;
16.04.2025;08:44:23.964;FGBS SI 20250606 PS;SIMPLE_INSTRUMENT;EFP_FIN;EUR;9;107.52000000;469;EXCHANGE_LAST;;1;1;XEUR;11820391;690;
16.04.2025;08:48:07.029;FGBS SI 20250606 PS;SIMPLE_INSTRUMENT;EFS;EUR;10;107.51500000;1195;EXCHANGE_LAST;;1;1;XEUR;11820391;690;
16.04.2025;08:49:30.835;FGBS SI 20250606 PS;SIMPLE_INSTRUMENT;EFP_FIN;EUR;11;107.56000000;177;EXCHANGE_LAST;;1;1;XEUR;11820391;690;
16.04.2025;08:50:37.828;FGBS SI 20250606 PS;SIMPLE_INSTRUMENT;EFS;EUR;12;107.52000000;1242;EXCHANGE_LAST;;1;1;XEUR;11820391;690;
16.04.2025;08:54:56.976;FGBS SI 20250606 PS;SIMPLE_INSTRUMENT;EFS;EUR;13;107.53500000;2390;EXCHANGE_LAST;;1;1;XEUR;11820391;690;
16.04.2025;09:01:44.866;FGBS SI 20250606 PS;SIMPLE_INSTRUMENT;EFP_FIN;EUR;14;107.54000000;2074;EXCHANGE_LAST;;1;1;XEUR;11820391;690;
16.04.2025;09:02:05.312;FGBS SI 20250606 PS;SIMPLE_INSTRUMENT;EFP_FIN;EUR;15;107.52500000;177;EXCHANGE_LAST;;1;1;XEUR;11820391;690;
16.04.2025;09:01:41.590;FGBS SI 20250606 PS;SIMPLE_INSTRUMENT;EFP_FIN;EUR;16;107.54000000;202;EXCHANGE_LAST;;1;1;XEUR;11820391;690;
16.04.2025;09:04:15.427;FGBS SI 20250606 PS;SIMPLE_INSTRUMENT;EFS;EUR;17;107.51000000;2608;EXCHANGE_LAST;;1;1;XEUR;11820391;690;
16.04.2025;09:10:17.277;FGBS SI 20250606 PS;SIMPLE_INSTRUMENT;EFS;EUR;18;107.54500000;4073;EXCHANGE_LAST;;1;1;XEUR;11820391;690;
16.04.2025;09:12:09.286;FGBS SI 20250606 PS;SIMPLE_INSTRUMENT;EFS;EUR;19;107.54000000;2716;EXCHANGE_LAST;;1;1;XEUR;11820391;690;
16.04.2025;09:17:29.966;FGBS SI 20250606 PS;SIMPLE_INSTRUMENT;EFS;EUR;20;107.54500000;4070;EXCHANGE_LAST;;1;1;XEUR;11820391;690;
16.04.2025;09:39:56.585;FGBS SI 20250606 PS;SIMPLE_INSTRUMENT;EFS;EUR;21;107.50500000;621;EXCHANGE_LAST;;1;1;XEUR;11820391;690;
16.04.2025;09:49:20.628;FGBS SI 20250606 PS;SIMPLE_INSTRUMENT;EFP_FIN;EUR;22;107.51000000;938;EXCHANGE_LAST;;1;1;XEUR;11820391;690;
16.04.2025;09:50:01.005;FGBS SI 20250606 PS;SIMPLE_INSTRUMENT;EFS;EUR;23;107.51000000;1196;EXCHANGE_LAST;;1;1;XEUR;11820391;690;
16.04.2025;09:52:26.847;FGBS SI 20250606 PS;SIMPLE_INSTRUMENT;EFP_FIN;EUR;24;107.50000000;621;EXCHANGE_LAST;;1;1;XEUR;11820391;690;
16.04.2025;09:55:56.479;FGBS SI 20250606 PS;SIMPLE_INSTRUMENT;EFP_FIN;EUR;25;107.49000000;1266;EXCHANGE_LAST;;1;1;XEUR;11820391;690;
16.04.2025;09:58:13.858;FGBS SI 20250606 PS;SIMPLE_INSTRUMENT;EFS;EUR;26;107.52500000;2716;EXCHANGE_LAST;;1;1;XEUR;11820391;690;
16.04.2025;09:59:30.838;FGBS SI 20250606 PS;SIMPLE_INSTRUMENT;EFP_FIN;EUR;27;107.51000000;621;EXCHANGE_LAST;;1;1;XEUR;11820391;690;
16.04.2025;10:18:42.602;FGBS SI 20250606 PS;SIMPLE_INSTRUMENT;EFS;EUR;28;107.50000000;4076;EXCHANGE_LAST;;1;1;XEUR;11820391;690;
16.04.2025;10:23:12.534;FGBS SI 20250606 PS;SIMPLE_INSTRUMENT;EFS;EUR;29;107.50000000;4076;EXCHANGE_LAST;;1;1;XEUR;11820391;690;
16.04.2025;10:33:41.531;FGBS SI 20250606 PS;SIMPLE_INSTRUMENT;EFS;EUR;30;107.49500000;5435;EXCHANGE_LAST;;1;1;XEUR;11820391;690;
16.04.2025;11:01:54.498;FGBS SI 20250606 PS;SIMPLE_INSTRUMENT;EFS;EUR;31;107.50000000;5435;EXCHANGE_LAST;;1;1;XEUR;11820391;690;
16.04.2025;11:08:22.192;FGBS SI 20250606 PS;SIMPLE_INSTRUMENT;EFP_FIN;EUR;32;107.51000000;1011;EXCHANGE_LAST;;1;1;XEUR;11820391;690;
16.04.2025;11:16:08.789;FGBS SI 20250606 PS;SIMPLE_INSTRUMENT;EFP_FIN;EUR;33;107.50500000;291;EXCHANGE_LAST;;1;1;XEUR;11820391;690;
16.04.2025;11:13:15.551;FGBS SI 20250606 PS;SIMPLE_INSTRUMENT;EFP_FIN;EUR;35;107.50500000;73;EXCHANGE_LAST;;1;1;XEUR;11820391;690;
16.04.2025;11:15:31.650;FGBS SI 20250606 PS;SIMPLE_INSTRUMENT;EFP_FIN;EUR;36;107.50500000;145;EXCHANGE_LAST;;1;1;XEUR;11820391;690;
16.04.2025;11:16:32.658;FGBS SI 20250606 PS;SIMPLE_INSTRUMENT;EFS;EUR;37;107.50000000;5438;EXCHANGE_LAST;;1;1;XEUR;11820391;690;
16.04.2025;11:17:40.044;FGBS SI 20250606 PS;SIMPLE_INSTRUMENT;EFS;EUR;38;107.50500000;200;EXCHANGE_LAST;;1;1;XEUR;11820391;690;
16.04.2025;11:52:13.636;FGBS SI 20250606 PS;SIMPLE_INSTRUMENT;EFP_FIN;EUR;39;107.51000000;71;EXCHANGE_LAST;;1;1;XEUR;11820391;690;
16.04.2025;11:52:31.618;FGBS SI 20250606 PS;SIMPLE_INSTRUMENT;EFP_FIN;EUR;40;107.51000000;443;EXCHANGE_LAST;;1;1;XEUR;11820391;690;
16.04.2025;11:58:37.682;FGBS SI 20250606 PS;SIMPLE_INSTRUMENT;EFS;EUR;41;107.51000000;5434;EXCHANGE_LAST;;1;1;XEUR;11820391;690;
16.04.2025;12:52:46.408;FGBS SI 20250606 PS;SIMPLE_INSTRUMENT;EFS;EUR;42;107.51000000;2392;EXCHANGE_LAST;;1;1;XEUR;11820391;690;
16.04.2025;13:08:10.687;FGBS SI 20250606 PS;SIMPLE_INSTRUMENT;EFS;EUR;43;107.50500000;2717;EXCHANGE_LAST;;1;1;XEUR;11820391;690;
16.04.2025;13:10:37.369;FGBS SI 20250606 PS;SIMPLE_INSTRUMENT;EFS;EUR;44;107.50500000;2717;EXCHANGE_LAST;;1;1;XEUR;11820391;690;
16.04.2025;13:14:43.005;FGBS SI 20250606 PS;SIMPLE_INSTRUMENT;EFS;EUR;45;107.51500000;2097;EXCHANGE_LAST;;1;1;XEUR;11820391;690;
16.04.2025;13:17:36.527;FGBS SI 20250606 PS;SIMPLE_INSTRUMENT;EFS;EUR;46;107.51500000;5434;EXCHANGE_LAST;;1;1;XEUR;11820391;690;
16.04.2025;13:48:43.231;FGBS SI 20250606 PS;SIMPLE_INSTRUMENT;EFP_FIN;EUR;47;107.52000000;283;EXCHANGE_LAST;;1;1;XEUR;11820391;690;
16.04.2025;13:53:11.795;FGBS SI 20250606 PS;SIMPLE_INSTRUMENT;EFP_FIN;EUR;48;107.52000000;1012;EXCHANGE_LAST;;1;1;XEUR;11820391;690;
16.04.2025;14:00:19.145;FGBS SI 20250606 PS;SIMPLE_INSTRUMENT;EFS;EUR;49;107.52000000;2716;EXCHANGE_LAST;;1;1;XEUR;11820391;690;
16.04.2025;14:06:15.640;FGBS SI 20250606 PS;SIMPLE_INSTRUMENT;EFS;EUR;50;107.51500000;2717;EXCHANGE_LAST;;1;1;XEUR;11820391;690;
16.04.2025;14:15:54.085;FGBS SI 20250606 PS;SIMPLE_INSTRUMENT;EFP_FIN;EUR;51;107.52000000;247;EXCHANGE_LAST;;1;1;XEUR;11820391;690;
16.04.2025;14:24:18.217;FGBS SI 20250606 PS;SIMPLE_INSTRUMENT;EFS;EUR;52;107.51500000;2395;EXCHANGE_LAST;;1;1;XEUR;11820391;690;
16.04.2025;14:24:57.911;FGBS SI 20250606 PS;SIMPLE_INSTRUMENT;EFP_FIN;EUR;53;107.53000000;143;EXCHANGE_LAST;;1;1;XEUR;11820391;690;
16.04.2025;14:25:46.480;FGBS SI 20250606 PS;SIMPLE_INSTRUMENT;EFP_FIN;EUR;54;107.51500000;864;EXCHANGE_LAST;;1;1;XEUR;11820391;690;
16.04.2025;14:32:01.512;FGBS SI 20250606 PS;SIMPLE_INSTRUMENT;EFP_FIN;EUR;55;107.52000000;435;EXCHANGE_LAST;;1;1;XEUR;11820391;690;
16.04.2025;14:36:33.150;FGBS SI 20250606 PS;SIMPLE_INSTRUMENT;EFP_FIN;EUR;56;107.51500000;594;EXCHANGE_LAST;;1;1;XEUR;11820391;690;
16.04.2025;14:37:40.045;FGBS SI 20250606 PS;SIMPLE_INSTRUMENT;EFS;EUR;57;107.52000000;1198;EXCHANGE_LAST;;1;1;XEUR;11820391;690;
16.04.2025;14:37:59.171;FGBS SI 20250606 PS;SIMPLE_INSTRUMENT;EFS;EUR;58;107.52000000;1197;EXCHANGE_LAST;;1;1;XEUR;11820391;690;
16.04.2025;14:48:16.815;FGBS SI 20250606 PS;SIMPLE_INSTRUMENT;EFS;EUR;59;107.52000000;5435;EXCHANGE_LAST;;1;1;XEUR;11820391;690;
16.04.2025;15:15:19.167;FGBS SI 20250606 PS;SIMPLE_INSTRUMENT;EFP_FIN;EUR;60;107.50000000;777;EXCHANGE_LAST;;1;1;XEUR;11820391;690;
16.04.2025;15:15:35.925;FGBS SI 20250606 PS;SIMPLE_INSTRUMENT;EFP_FIN;EUR;61;107.50000000;419;EXCHANGE_LAST;;1;1;XEUR;11820391;690;
16.04.2025;15:26:04.018;FGBS SI 20250606 PS;SIMPLE_INSTRUMENT;EFS;EUR;62;107.50000000;543;EXCHANGE_LAST;;1;1;XEUR;11820391;690;
16.04.2025;15:36:35.418;FGBS SI 20250606 PS;SIMPLE_INSTRUMENT;EFP_FIN;EUR;63;107.51000000;2406;EXCHANGE_LAST;;1;1;XEUR;11820391;690;
16.04.2025;15:53:34.674;FGBS SI 20250606 PS;SIMPLE_INSTRUMENT;EFP_FIN;EUR;64;107.51000000;2529;EXCHANGE_LAST;;1;1;XEUR;11820391;690;
16.04.2025;11:36:14.752;FGBS SI 20250606 PS;SIMPLE_INSTRUMENT;VOLA;EUR;268435548;107.46000000;60;EXCHANGE_LAST;;1;1;XEUR;11820391;690;
16.04.2025;13:38:40.078;FGBS SI 20250606 PS;SIMPLE_INSTRUMENT;VOLA;EUR;268435568;107.52000000;360;EXCHANGE_LAST;;1;1;XEUR;11820391;690;
16.04.2025;14:27:08.510;FGBS SI 20250606 PS;SIMPLE_INSTRUMENT;VOLA;EUR;268435575;107.51500000;220;EXCHANGE_LAST;;1;1;XEUR;11820391;690;
16.04.2025;07:34:17.372;FGBX SI 20250606 PS;SIMPLE_INSTRUMENT;BLOCK;EUR;1;124.76000000;175;EXCHANGE_LAST;;1;1;XEUR;11820392;691;
16.04.2025;08:38:40.220;FGBX SI 20250606 PS;SIMPLE_INSTRUMENT;EFS;EUR;2;124.80000000;156;EXCHANGE_LAST;;1;1;XEUR;11820392;691;
16.04.2025;08:54:32.152;FGBX SI 20250606 PS;SIMPLE_INSTRUMENT;EFS;EUR;3;124.72000000;88;EXCHANGE_LAST;;1;1;XEUR;11820392;691;
16.04.2025;09:03:40.218;FGBX SI 20250606 PS;SIMPLE_INSTRUMENT;EFS;EUR;4;124.46000000;505;EXCHANGE_LAST;;1;1;XEUR;11820392;691;
16.04.2025;10:48:17.396;FGBX SI 20250606 PS;SIMPLE_INSTRUMENT;EFP_FIN;EUR;8;123.70000000;97;EXCHANGE_LAST;;1;1;XEUR;11820392;691;
16.04.2025;11:15:00.788;FGBX SI 20250606 PS;SIMPLE_INSTRUMENT;EFS;EUR;10;124.00000000;61;EXCHANGE_LAST;;1;1;XEUR;11820392;691;
16.04.2025;11:42:20.735;FGBX SI 20250606 PS;SIMPLE_INSTRUMENT;EFP_FIN;EUR;12;123.88000000;97;EXCHANGE_LAST;;1;1;XEUR;11820392;691;
16.04.2025;12:46:35.424;FGBX SI 20250606 PS;SIMPLE_INSTRUMENT;EFP_FIN;EUR;16;124.18000000;95;EXCHANGE_LAST;;1;1;XEUR;11820392;691;
16.04.2025;13:58:40.305;FGBX SI 20250606 PS;SIMPLE_INSTRUMENT;EFS;EUR;18;123.82000000;201;EXCHANGE_LAST;;1;1;XEUR;11820392;691;
16.04.2025;14:25:11.832;FGBX SI 20250606 PS;SIMPLE_INSTRUMENT;EFS;EUR;20;123.88000000;100;EXCHANGE_LAST;;1;1;XEUR;11820392;691;
16.04.2025;14:28:40.535;FGBX SI 20250606 PS;SIMPLE_INSTRUMENT;EFS;EUR;21;123.86000000;88;EXCHANGE_LAST;;1;1;XEUR;11820392;691;
16.04.2025;14:35:29.586;FGBX SI 20250606 PS;SIMPLE_INSTRUMENT;EFS;EUR;22;123.80000000;177;EXCHANGE_LAST;;1;1;XEUR;11820392;691;
16.04.2025;14:39:40.626;FGBX SI 20250606 PS;SIMPLE_INSTRUMENT;BLOCK;EUR;24;123.86000000;369;EXCHANGE_LAST;;1;1;XEUR;11820392;691;
16.04.2025;14:37:41.259;FGBX SI 20250606 PS;SIMPLE_INSTRUMENT;EFP_FIN;EUR;25;123.86000000;165;EXCHANGE_LAST;;1;1;XEUR;11820392;691;
16.04.2025;14:44:55.059;FGBX SI 20250606 PS;SIMPLE_INSTRUMENT;EFS;EUR;26;123.64000000;100;EXCHANGE_LAST;;1;1;XEUR;11820392;691;
16.04.2025;14:47:24.359;FGBX SI 20250606 PS;SIMPLE_INSTRUMENT;BLOCK;EUR;27;123.64000000;204;EXCHANGE_LAST;;1;1;XEUR;11820392;691;
16.04.2025;15:02:13.766;FGBX SI 20250606 PS;SIMPLE_INSTRUMENT;EFS;EUR;28;123.48000000;400;EXCHANGE_LAST;;1;1;XEUR;11820392;691;
16.04.2025;15:16:09.874;FGBX SI 20250606 PS;SIMPLE_INSTRUMENT;EFS;EUR;31;123.64000000;35;EXCHANGE_LAST;;1;1;XEUR;11820392;691;
16.04.2025;15:24:04.256;FGBX SI 20250606 PS;SIMPLE_INSTRUMENT;BLOCK;EUR;32;123.64000000;140;EXCHANGE_LAST;;1;1;XEUR;11820392;691;
16.04.2025;15:24:27.900;FGBX SI 20250606 PS;SIMPLE_INSTRUMENT;EFP_FIN;EUR;33;123.60000000;97;EXCHANGE_LAST;;1;1;XEUR;11820392;691;
16.04.2025;15:39:33.765;FGBX SI 20250606 PS;SIMPLE_INSTRUMENT;EFP_FIN;EUR;35;123.56000000;50;EXCHANGE_LAST;;1;1;XEUR;11820392;691;
16.04.2025;15:45:26.761;FGBX SI 20250606 PS;SIMPLE_INSTRUMENT;EFP_FIN;EUR;36;123.54000000;186;EXCHANGE_LAST;;1;1;XEUR;11820392;691;
16.04.2025;10:59:17.176;FIAK SI 20250619 CS;SIMPLE_INSTRUMENT;BLOCK;EUR;67;7.50000000;2000;EXCHANGE_LAST;;1;1;XEUR;11164348;144766;
16.04.2025;13:47:27.985;FIAK SI 20250619 CS;SIMPLE_INSTRUMENT;BLOCK;EUR;116;7.55000000;3000;EXCHANGE_LAST;;1;1;XEUR;11164348;144766;
16.04.2025;01:05:43.884;FMAU SI 20250620 CS;SIMPLE_INSTRUMENT;BLOCK;USD;3;5490.13200000;167;EXCHANGE_LAST;;1;1;XEUR;7939462;45287;
16.04.2025;01:38:44.512;FMCH SI 20250620 CS;SIMPLE_INSTRUMENT;BLOCK;USD;5;537.70000000;109;EXCHANGE_LAST;;1;1;XEUR;7940815;402909;
16.04.2025;15:40:27.731;FMCP SI 20250620 CS;SIMPLE_INSTRUMENT;EFP_IDX;EUR;39;530.50000000;131;EXCHANGE_LAST;;1;1;XEUR;11880750;662;
16.04.2025;15:40:49.042;FMCP SI 20250620 CS;SIMPLE_INSTRUMENT;EFP_IDX;EUR;40;530.60000000;130;EXCHANGE_LAST;;1;1;XEUR;11880750;662;
16.04.2025;15:57:25.655;FMCP SI 20250620 CS;SIMPLE_INSTRUMENT;EFP_IDX;EUR;55;530.60000000;983;EXCHANGE_LAST;;1;1;XEUR;11880750;662;
16.04.2025;06:48:42.511;FMEL SI 20250620 CS;SIMPLE_INSTRUMENT;EFP_IDX;USD;20;527.39600000;15;EXCHANGE_LAST;;1;1;XEUR;7938814;12397;
16.04.2025;06:54:03.603;FMEN SI 20250620 CS;SIMPLE_INSTRUMENT;EFP_IDX;EUR;22;478.37000000;45;EXCHANGE_LAST;;1;1;XEUR;7939172;30652;
16.04.2025;07:15:19.740;FMEN SI 20250620 CS;SIMPLE_INSTRUMENT;BLOCK;EUR;30;478.27100000;37;EXCHANGE_LAST;;1;1;XEUR;7939172;30652;
16.04.2025;06:53:03.284;FMES SI 20250620 CS;SIMPLE_INSTRUMENT;EFP_IDX;EUR;21;550.75400000;11;EXCHANGE_LAST;;1;1;XEUR;7940344;221291;
16.04.2025;06:28:29.180;FMEU SI 20250620 CS;SIMPLE_INSTRUMENT;EFP_IDX;EUR;15;340.03000000;155;EXCHANGE_LAST;;1;1;XEUR;7938710;7058;
16.04.2025;07:19:47.702;FMEU SI 20250620 CS;SIMPLE_INSTRUMENT;EFP_IDX;EUR;25;340.16000000;3200;EXCHANGE_LAST;;1;1;XEUR;7938710;7058;
16.04.2025;16:13:07.451;FMFP SI 20250620 CS;SIMPLE_INSTRUMENT;BLOCK;USD;63;2400.00000000;125;EXCHANGE_LAST;;1;1;XEUR;7411194;51999;
16.04.2025;06:54:52.329;FMGC SI 20250620 CS;SIMPLE_INSTRUMENT;BLOCK;USD;23;12856.33000000;60;EXCHANGE_LAST;;1;1;XEUR;7939680;48916;
16.04.2025;14:20:01.322;FMGO SI 20250620 CS;SIMPLE_INSTRUMENT;BLOCK;USD;43;5474.00000000;85;EXCHANGE_LAST;;1;1;XEUR;8609371;583623;
16.04.2025;02:43:06.941;FMHK SI 20250620 CS;SIMPLE_INSTRUMENT;BLOCK;USD;7;55704.81600000;27;EXCHANGE_LAST;;1;1;XEUR;7939458;45282;
16.04.2025;05:53:38.540;FMHK SI 20250620 CS;SIMPLE_INSTRUMENT;BLOCK;USD;11;55748.99100000;18;EXCHANGE_LAST;;1;1;XEUR;7939458;45282;
16.04.2025;03:48:13.688;FMID SI 20250620 CS;SIMPLE_INSTRUMENT;BLOCK;USD;6;1357.20000000;20;EXCHANGE_LAST;;1;1;XEUR;7939464;45289;
16.04.2025;06:54:28.545;FMID SI 20250620 CS;SIMPLE_INSTRUMENT;EFP_IDX;USD;8;1389.28000000;25;EXCHANGE_LAST;;1;1;XEUR;7939464;45289;
16.04.2025;06:58:57.018;FMID SI 20250620 CS;SIMPLE_INSTRUMENT;EFP_IDX;USD;9;1389.28000000;29;EXCHANGE_LAST;;1;1;XEUR;7939464;45289;
16.04.2025;09:28:41.869;FMID SI 20250620 CS;SIMPLE_INSTRUMENT;BLOCK;USD;10;1376.50000000;368;EXCHANGE_LAST;;1;1;XEUR;7939464;45289;
16.04.2025;09:28:47.172;FMID SI 20250620 CS;SIMPLE_INSTRUMENT;BLOCK;USD;11;1377.50000000;288;EXCHANGE_LAST;;1;1;XEUR;7939464;45289;
16.04.2025;01:24:13.124;FMIN SI 20250620 CS;SIMPLE_INSTRUMENT;BLOCK;USD;4;1213.94100000;276;EXCHANGE_LAST;;1;1;XEUR;7938852;12404;
16.04.2025;03:05:42.232;FMIN SI 20250620 CS;SIMPLE_INSTRUMENT;BLOCK;USD;8;1212.85400000;25;EXCHANGE_LAST;;1;1;XEUR;7938852;12404;
16.04.2025;06:57:35.162;FMIN SI 20250620 CS;SIMPLE_INSTRUMENT;EFP_IDX;USD;24;1213.46000000;423;EXCHANGE_LAST;;1;1;XEUR;7938852;12404;
16.04.2025;07:00:03.820;FMIN SI 20250620 CS;SIMPLE_INSTRUMENT;BLOCK;USD;26;1213.94100000;29;EXCHANGE_LAST;;1;1;XEUR;7938852;12404;
16.04.2025;07:19:00.068;FMIN SI 20250620 CS;SIMPLE_INSTRUMENT;BLOCK;USD;31;1213.94100000;29;EXCHANGE_LAST;;1;1;XEUR;7938852;12404;
16.04.2025;10:14:35.816;FMIN SI 20250620 CS;SIMPLE_INSTRUMENT;BLOCK;USD;38;1218.58000000;34;EXCHANGE_LAST;;1;1;XEUR;7938852;12404;
16.04.2025;01:02:58.391;FMJP SI 20250620 CS;SIMPLE_INSTRUMENT;BLOCK;USD;2;8619.57700000;343;EXCHANGE_LAST;;1;1;XEUR;7937445;661;
16.04.2025;03:10:08.316;FMJP SI 20250620 CS;SIMPLE_INSTRUMENT;BLOCK;USD;9;8617.86900000;80;EXCHANGE_LAST;;1;1;XEUR;7937445;661;
16.04.2025;15:38:21.941;FMMX SI 20250620 CS;SIMPLE_INSTRUMENT;BLOCK;USD;47;658.35900000;58;EXCHANGE_LAST;;1;1;XEUR;7938855;12545;
16.04.2025;00:36:43.466;FMPA SI 20250620 CS;SIMPLE_INSTRUMENT;BLOCK;USD;1;8407.12500000;266;EXCHANGE_LAST;;1;1;XEUR;7939647;48143;
16.04.2025;06:47:45.839;FMPA SI 20250620 CS;SIMPLE_INSTRUMENT;BLOCK;USD;19;8406.29200000;600;EXCHANGE_LAST;;1;1;XEUR;7939647;48143;
16.04.2025;07:31:06.314;FMPA SI 20250620 CS;SIMPLE_INSTRUMENT;BLOCK;USD;32;8405.45900000;400;EXCHANGE_LAST;;1;1;XEUR;7939647;48143;
16.04.2025;03:27:12.985;FMPH SI 20250620 CS;SIMPLE_INSTRUMENT;BLOCK;USD;5;417.80000000;10;EXCHANGE_LAST;;1;1;XEUR;7938856;12548;
16.04.2025;15:17:10.753;FMPX SI 20250620 CS;SIMPLE_INSTRUMENT;BLOCK;USD;45;7902.66000000;463;EXCHANGE_LAST;;1;1;XEUR;7939465;45291;
16.04.2025;07:05:46.751;FMSA SI 20250620 CS;SIMPLE_INSTRUMENT;BLOCK;USD;28;1772.76300000;113;EXCHANGE_LAST;;1;1;XEUR;7940199;134861;
16.04.2025;12:20:29.062;FMSA SI 20250620 CS;SIMPLE_INSTRUMENT;BLOCK;USD;40;1776.05000000;213;EXCHANGE_LAST;;1;1;XEUR;7940199;134861;
16.04.2025;02:32:39.304;FMSI SI 20250620 CS;SIMPLE_INSTRUMENT;BLOCK;USD;4;17319.02300000;25;EXCHANGE_LAST;;1;2;XEUR;7939789;51883;
16.04.2025;06:56:23.163;FMTM SI 20250620 CS;SIMPLE_INSTRUMENT;BLOCK;USD;1;1924.13500000;10;EXCHANGE_LAST;;1;1;XEUR;12669071;1016682;
16.04.2025;02:24:57.077;FMTW SI 20250620 CS;SIMPLE_INSTRUMENT;BLOCK;USD;2;719.23100000;105;EXCHANGE_LAST;;1;1;XEUR;7939790;51884;
16.04.2025;06:34:10.333;FMTW SI 20250620 CS;SIMPLE_INSTRUMENT;BLOCK;USD;7;719.79100000;81;EXCHANGE_LAST;;1;1;XEUR;7939790;51884;
