#Date;TrdTime;Contract;ContractType;TrdTyp;Currency;TesId;Prc;Qty;TrdInd;Aggressor;Buy;Sell;Exch;InstrumentId;RelatedProdId;PrcDecomp
04.06.2025;10:54:54.821;A2XA SI 20271217 CS;SIMPLE_INSTRUMENT;BLOCK;EUR;28;2.17000000;50;EXCHANGE_LAST;;1;1;XEUR;5914267;17;
04.06.2025;12:34:00.882;A2XA SI 20271217 CS;SIMPLE_INSTRUMENT;BLOCK;EUR;41;2.17000000;250;EXCHANGE_LAST;;1;1;XEUR;5914267;17;
04.06.2025;09:00:43.653;AAR SI 20251219 PS AM P 12.00 0;SIMPLE_INSTRUMENT;BLOCK;EUR;8;0.09000000;2000;EXCHANGE_LAST;;1;1;XEUR;5991114;48150;
04.06.2025;07:24:35.191;ABBN SI 20250620 PS AM C 50.00 0;SIMPLE_INSTRUMENT;BLOCK;CHF;1;0.14000000;2743;EXCHANGE_LAST;;1;1;XEUR;11409838;574517;
04.06.2025;15:30:46.951;ABBN SI 20250620 PS AM C 49.00 0;SIMPLE_INSTRUMENT;BLOCK;CHF;60;0.37000000;1000;EXCHANGE_LAST;;1;1;XEUR;11849039;574517;
04.06.2025;13:42:53.210;ADSG SI 20250919 CS;SIMPLE_INSTRUMENT;BLOCK;EUR;59;217.50420000;2000;EXCHANGE_LAST;;1;1;XEUR;11697793;48;
04.06.2025;09:06:39.673;AFR.O.250604.BRT12.000001;STANDARD_OPTION_STRATEGY;BLOCK;EUR;10;0.99000000;1000;EXCHANGE_LAST;;1;1;XEUR;72057843146042150;58;
04.06.2025;09:06:39.673;AFR SI 20250620 PS AM P 8.00 0;SIMPLE_INSTRUMENT;BLOCK;EUR;10;0.01000000;2000;PRC_DECOMP_MEMBER;;;;XEUR;9872552;58;MEMBER
04.06.2025;09:06:39.673;AFR SI 20261218 PS AM P 8.00 0;SIMPLE_INSTRUMENT;BLOCK;EUR;10;1.01000000;1000;PRC_DECOMP_MEMBER;;;;XEUR;9872410;58;MEMBER
04.06.2025;09:06:45.670;AFR.O.250604.BRT12.000001;STANDARD_OPTION_STRATEGY;BLOCK;EUR;11;0.98000000;1000;EXCHANGE_LAST;;1;1;XEUR;72057843146042150;58;
04.06.2025;09:06:45.670;AFR SI 20250620 PS AM P 8.00 0;SIMPLE_INSTRUMENT;BLOCK;EUR;11;0.01000000;2000;PRC_DECOMP_MEMBER;;;;XEUR;9872552;58;MEMBER
04.06.2025;09:06:45.670;AFR SI 20261218 PS AM P 8.00 0;SIMPLE_INSTRUMENT;BLOCK;EUR;11;1.00000000;1000;PRC_DECOMP_MEMBER;;;;XEUR;9872410;58;MEMBER
04.06.2025;11:38:55.815;AIR SI 20251219 PS AM P 181.82 1;SIMPLE_INSTRUMENT;BLOCK;EUR;31;8.55000000;400;EXCHANGE_LAST;;1;1;XEUR;7852168;64;
04.06.2025;13:17:17.146;AIR.O.250604.BRT.000003;STANDARD_OPTION_STRATEGY;BLOCK;EUR;35;4.30000000;400;EXCHANGE_LAST;;1;2;XEUR;72057868915850993;64;
04.06.2025;13:17:17.146;AIR SI 20260619 PS AM P 180.00 0;SIMPLE_INSTRUMENT;BLOCK;EUR;35;12.03000000;400;PRC_DECOMP_EXCHANGE;;;;XEUR;11290342;64;EXCHANGE
04.06.2025;13:17:17.146;AIR SI 20251219 PS AM P 180.00 0;SIMPLE_INSTRUMENT;BLOCK;EUR;35;7.73000000;400;PRC_DECOMP_EXCHANGE;;;;XEUR;11290320;64;EXCHANGE
04.06.2025;10:04:23.446;ALV SI 20251219 PS AM P 300.00 0;SIMPLE_INSTRUMENT;BLOCK;EUR;1;5.55000000;500;EXCHANGE_LAST;;1;1;XEUR;11786626;74;
04.06.2025;14:31:56.487;ALV SI 20250919 PS AM P 370.00 0;SIMPLE_INSTRUMENT;BLOCK;EUR;10;23.15000000;300;EXCHANGE_LAST;;1;1;XEUR;13359671;74;
04.06.2025;14:36:28.627;AMUF SI 20250620 CS;SIMPLE_INSTRUMENT;BLOCK;EUR;73;69.59500000;5000;EXCHANGE_LAST;;1;1;XEUR;11198979;128158;
04.06.2025;15:36:56.088;AMUF SI 20250620 CS;SIMPLE_INSTRUMENT;BLOCK;EUR;84;69.25520000;900;EXCHANGE_LAST;;1;1;XEUR;11198979;128158;
04.06.2025;08:28:15.238;ANN.O.250604.BER.000008;STANDARD_OPTION_STRATEGY;BLOCK;EUR;3;0.51000000;1250;EXCHANGE_LAST;;1;1;XEUR;72251735149671683;45202;
04.06.2025;08:28:15.238;ANN SI 20250718 PS AM P 24.00 0;SIMPLE_INSTRUMENT;BLOCK;EUR;3;0.09000000;1250;PRC_DECOMP_EXCHANGE;;;;XEUR;13261909;45202;EXCHANGE
04.06.2025;08:28:15.238;ANN SI 20250718 PS AM P 28.00 0;SIMPLE_INSTRUMENT;BLOCK;EUR;3;0.60000000;1250;PRC_DECOMP_EXCHANGE;;;;XEUR;13261893;45202;EXCHANGE
04.06.2025;10:38:31.871;ANN SI 20260619 PS AM P 32.00 0;SIMPLE_INSTRUMENT;BLOCK;EUR;13;5.24000000;1000;EXCHANGE_LAST;;1;1;XEUR;9576328;45202;
04.06.2025;15:57:07.984;ARGF.S.JUN25.SEP25.SPD;FUTURES_SPREAD;BLOCK;EUR;87;-1.75000000;240;EXCHANGE_LAST;;1;1;XEUR;73584407667015738;355489;
04.06.2025;15:57:07.984;ARGF SI 20250620 CS;SIMPLE_INSTRUMENT;BLOCK;EUR;87;508.00000000;240;PRC_DECOMP_MEMBER;;;;XEUR;11205271;355489;MEMBER
04.06.2025;15:57:07.984;ARGF SI 20250919 CS;SIMPLE_INSTRUMENT;BLOCK;EUR;87;509.75000000;240;PRC_DECOMP_MEMBER;;;;XEUR;11736301;355489;MEMBER
04.06.2025;08:15:00.785;ASM SI 20250919 PS AM P 680.00 0;SIMPLE_INSTRUMENT;BLOCK;EUR;3;63.20000000;150;EXCHANGE_LAST;;1;1;XEUR;11872158;107;
04.06.2025;08:58:04.379;ASM SI 20250919 PS AM C 680.00 0;SIMPLE_INSTRUMENT;BLOCK;EUR;7;41.25000000;150;EXCHANGE_LAST;;1;1;XEUR;11872159;107;
04.06.2025;09:48:55.639;AXA SI 20250919 PS AM P 28.00 0;SIMPLE_INSTRUMENT;BLOCK;EUR;14;0.15000000;3750;EXCHANGE_LAST;;1;1;XEUR;11872447;127;
04.06.2025;09:14:12.639;B2MW SI 20281215 CS;SIMPLE_INSTRUMENT;BLOCK;EUR;12;3.55000000;110;EXCHANGE_LAST;;2;2;XEUR;6798304;128;
04.06.2025;09:43:34.716;B2MW SI 20261218 CS;SIMPLE_INSTRUMENT;BLOCK;EUR;17;3.40000000;250;EXCHANGE_LAST;;2;1;XEUR;4632168;128;
04.06.2025;13:49:27.172;B2NP.S.DEC26.DEC27.SPD;FUTURES_SPREAD;BLOCK;EUR;62;0.37000000;100;EXCHANGE_LAST;;1;1;XEUR;72058156678643767;131;
04.06.2025;13:49:27.172;B2NP SI 20271217 CS;SIMPLE_INSTRUMENT;BLOCK;EUR;62;4.47000000;100;PRC_DECOMP_MEMBER;;;;XEUR;7086925;131;MEMBER
04.06.2025;13:49:27.172;B2NP SI 20261218 CS;SIMPLE_INSTRUMENT;BLOCK;EUR;62;4.84000000;100;PRC_DECOMP_MEMBER;;;;XEUR;6798320;131;MEMBER
04.06.2025;14:03:14.181;B2P SI 20261218 CS;SIMPLE_INSTRUMENT;BLOCK;GBX;66;23.00000000;1000;EXCHANGE_LAST;;1;1;XEUR;7153112;130;
04.06.2025;09:02:18.920;BAEN SI 20250815 PS AM P 49.00 0;SIMPLE_INSTRUMENT;BLOCK;CHF;8;1.39000000;650;EXCHANGE_LAST;;1;1;XEUR;13404772;159;
04.06.2025;11:07:53.422;BAEN SI 20251219 PS AM C 60.00 0;SIMPLE_INSTRUMENT;BLOCK;CHF;27;1.60000000;500;EXCHANGE_LAST;;1;1;XEUR;5921991;159;
04.06.2025;12:33:05.694;BAEN SI 20260320 PS AM P 48.00 0;SIMPLE_INSTRUMENT;BLOCK;CHF;35;3.20000000;600;EXCHANGE_LAST;;1;1;XEUR;12996744;159;
04.06.2025;10:23:38.730;BAN SI 20260619 PS AM P 40.00 0;SIMPLE_INSTRUMENT;BLOCK;CHF;24;2.40000000;500;EXCHANGE_LAST;;1;1;XEUR;11401381;298535;
04.06.2025;08:18:06.999;BAS SI 20260619 PS AM P 40.00 0;SIMPLE_INSTRUMENT;BLOCK;EUR;1;3.55000000;500;EXCHANGE_LAST;;1;1;XEUR;9539321;150;
04.06.2025;10:00:49.807;BAS SI 20260320 PS AM P 40.00 0;SIMPLE_INSTRUMENT;BLOCK;EUR;5;2.63000000;3300;EXCHANGE_LAST;;2;1;XEUR;12996556;150;
04.06.2025;10:00:19.867;BAS SI 20260619 PS AM C 42.00 0;SIMPLE_INSTRUMENT;BLOCK;EUR;6;4.87000000;1000;EXCHANGE_LAST;;1;1;XEUR;13476555;150;
04.06.2025;15:23:25.474;BASG SI 20250919 CS;SIMPLE_INSTRUMENT;BLOCK;EUR;80;42.39450000;6000;EXCHANGE_LAST;;1;1;XEUR;11699877;171;
04.06.2025;08:21:11.767;BAY SI 20250620 PS AM C 23.00 0;SIMPLE_INSTRUMENT;BLOCK;EUR;2;2.40000000;1500;EXCHANGE_LAST;;1;1;XEUR;11234139;168;
04.06.2025;09:20:19.355;BAY.O.250604.BUL.000019;STANDARD_OPTION_STRATEGY;BLOCK;EUR;3;0.35000000;1500;EXCHANGE_LAST;;1;1;XEUR;72058315592511978;168;
04.06.2025;09:20:19.355;BAY SI 20250620 PS AM C 26.00 0;SIMPLE_INSTRUMENT;BLOCK;EUR;3;0.44000000;1500;PRC_DECOMP_EXCHANGE;;;;XEUR;10324700;168;EXCHANGE
04.06.2025;09:20:19.355;BAY SI 20250620 PS AM C 28.00 0;SIMPLE_INSTRUMENT;BLOCK;EUR;3;0.09000000;1500;PRC_DECOMP_EXCHANGE;;;;XEUR;8112566;168;EXCHANGE
04.06.2025;09:27:59.959;BAY SI 20281215 PS AM P 20.00 0;SIMPLE_INSTRUMENT;BLOCK;EUR;4;3.40000000;1600;EXCHANGE_LAST;;2;1;XEUR;10397250;168;
04.06.2025;13:19:47.548;BAY SI 20250620 PS AM P 23.00 0;SIMPLE_INSTRUMENT;BLOCK;EUR;7;0.16000000;4400;EXCHANGE_LAST;;1;1;XEUR;11234137;168;
04.06.2025;14:54:07.327;BAY SI 20250718 PS AM C 28.00 0;SIMPLE_INSTRUMENT;BLOCK;EUR;8;0.61000000;2000;EXCHANGE_LAST;;1;1;XEUR;13313393;168;
04.06.2025;15:13:35.198;BAY SI 20250718 PS AM C 28.00 0;SIMPLE_INSTRUMENT;BLOCK;EUR;9;0.61000000;3000;EXCHANGE_LAST;;1;1;XEUR;13313393;168;
04.06.2025;15:36:55.643;BAY SI 20271217 PS AM P 20.00 0;SIMPLE_INSTRUMENT;BLOCK;EUR;10;2.83000000;1200;EXCHANGE_LAST;;1;1;XEUR;8774839;168;
04.06.2025;15:59:41.797;BAY SI 20261218 PS AM C 32.00 0;SIMPLE_INSTRUMENT;BLOCK;EUR;13;2.75000000;2500;EXCHANGE_LAST;;1;1;XEUR;7190550;168;
04.06.2025;09:32:37.589;BMW.O.250604.BRT.000007;STANDARD_OPTION_STRATEGY;BLOCK;EUR;1;3.20000000;3200;EXCHANGE_LAST;;2;2;XEUR;72058495981111567;210;
04.06.2025;09:32:37.589;BMW SI 20250620 PS AM P 76.00 0;SIMPLE_INSTRUMENT;BLOCK;EUR;1;1.27000000;3200;PRC_DECOMP_EXCHANGE;;;;XEUR;7899903;210;EXCHANGE
04.06.2025;09:32:37.589;BMW SI 20250919 PS AM P 76.00 0;SIMPLE_INSTRUMENT;BLOCK;EUR;1;4.47000000;3200;PRC_DECOMP_EXCHANGE;;;;XEUR;11874398;210;EXCHANGE
04.06.2025;09:37:19.428;BMW SI 20250620 PS AM C 80.00 0;SIMPLE_INSTRUMENT;BLOCK;EUR;2;0.97000000;930;EXCHANGE_LAST;;1;1;XEUR;11332529;210;
04.06.2025;10:41:16.695;BNP SI 20250919 PS AM P 72.00 0;SIMPLE_INSTRUMENT;BLOCK;EUR;23;1.97000000;500;EXCHANGE_LAST;;1;1;XEUR;11875012;237;
04.06.2025;15:14:07.628;BNP.O.250604.STD.000005;STANDARD_OPTION_STRATEGY;BLOCK;EUR;45;20.10000000;750;EXCHANGE_LAST;;1;1;XEUR;72058611945201540;237;
04.06.2025;15:14:07.628;BNP SI 20261218 PS AM P 70.00 0;SIMPLE_INSTRUMENT;BLOCK;EUR;45;8.22000000;750;PRC_DECOMP_EXCHANGE;;;;XEUR;12372355;237;EXCHANGE
04.06.2025;15:14:07.628;BNP SI 20261218 PS AM C 70.00 0;SIMPLE_INSTRUMENT;BLOCK;EUR;45;11.88000000;750;PRC_DECOMP_EXCHANGE;;;;XEUR;12372358;237;EXCHANGE
04.06.2025;15:38:37.645;BNP.O.250604.STD.000005;STANDARD_OPTION_STRATEGY;BLOCK;EUR;48;20.10000000;500;EXCHANGE_LAST;;1;1;XEUR;72058611945201540;237;
04.06.2025;15:38:37.645;BNP SI 20261218 PS AM P 70.00 0;SIMPLE_INSTRUMENT;BLOCK;EUR;48;8.29000000;500;PRC_DECOMP_EXCHANGE;;;;XEUR;12372355;237;EXCHANGE
04.06.2025;15:38:37.645;BNP SI 20261218 PS AM C 70.00 0;SIMPLE_INSTRUMENT;BLOCK;EUR;48;11.81000000;500;PRC_DECOMP_EXCHANGE;;;;XEUR;12372358;237;EXCHANGE
04.06.2025;13:41:27.206;BSIF SI 20250620 CS;SIMPLE_INSTRUMENT;BLOCK;EUR;58;109.33270000;1800;EXCHANGE_LAST;;1;1;XEUR;11200123;174729;
04.06.2025;08:35:52.519;BYGG.S.JUN25.SEP25.SPD;FUTURES_SPREAD;BLOCK;EUR;4;-0.19250000;4800;EXCHANGE_LAST;;1;1;XEUR;72058800923738297;281;
04.06.2025;08:35:52.519;BYGG SI 20250919 CS;SIMPLE_INSTRUMENT;BLOCK;EUR;4;38.56590000;4800;PRC_DECOMP_EXCHANGE;;;;XEUR;11701834;281;EXCHANGE
04.06.2025;08:35:52.519;BYGG SI 20250620 CS;SIMPLE_INSTRUMENT;BLOCK;EUR;4;38.37340000;4800;PRC_DECOMP_EXCHANGE;;;;XEUR;11171272;281;EXCHANGE
04.06.2025;10:41:52.851;CBK SI 20250919 PS AM P 24.00 0;SIMPLE_INSTRUMENT;BLOCK;EUR;9;0.99000000;1300;EXCHANGE_LAST;;1;1;XEUR;11875760;268;
04.06.2025;10:53:22.193;CBK FI 20270319 CS EU C 20.0000 0;FLEXIBLE_INSTRUMENT;BLOCK;EUR;10;10.27000000;4000;EXCHANGE_LAST;;1;1;XEUR;1152922655658097412;268;
04.06.2025;10:54:21.876;CBK FI 20270319 CS EU P 20.0000 0;FLEXIBLE_INSTRUMENT;BLOCK;EUR;11;2.70000000;13600;EXCHANGE_LAST;;1;1;XEUR;1152922655658097413;268;
04.06.2025;12:29:01.765;CFR SI 20251219 PS AM P 146.00 0;SIMPLE_INSTRUMENT;BLOCK;CHF;34;10.75000000;700;EXCHANGE_LAST;;1;2;XEUR;13525608;313;
04.06.2025;15:16:51.539;CFR SI 20251219 PS AM P 180.00 0;SIMPLE_INSTRUMENT;BLOCK;CHF;58;32.15000000;1500;EXCHANGE_LAST;;2;1;XEUR;9996449;313;
04.06.2025;14:03:49.690;CON SI 20250620 PS AM C 85.00 0;SIMPLE_INSTRUMENT;BLOCK;EUR;14;0.05000000;4050;EXCHANGE_LAST;;1;1;XEUR;13392841;414620;
04.06.2025;14:03:51.246;CON SI 20250620 PS AM C 80.00 0;SIMPLE_INSTRUMENT;BLOCK;EUR;15;0.45000000;4050;EXCHANGE_LAST;;1;1;XEUR;11406223;414620;
04.06.2025;14:03:52.773;CON SI 20250718 PS AM C 80.00 0;SIMPLE_INSTRUMENT;BLOCK;EUR;16;1.75000000;3564;EXCHANGE_LAST;;1;1;XEUR;13320504;414620;
04.06.2025;14:03:54.511;CON SI 20250718 PS AM C 86.00 0;SIMPLE_INSTRUMENT;BLOCK;EUR;17;0.49000000;585;EXCHANGE_LAST;;1;1;XEUR;13392849;414620;
04.06.2025;14:03:55.513;CON SI 20250718 PS AM C 86.00 0;SIMPLE_INSTRUMENT;BLOCK;EUR;18;0.46000000;2979;EXCHANGE_LAST;;1;1;XEUR;13392849;414620;
04.06.2025;10:00:51.016;CRI5.O.250604.STG.000002;STANDARD_OPTION_STRATEGY;BLOCK;EUR;14;12.00000000;1100;EXCHANGE_LAST;;1;2;XEUR;72058968427475909;320;
04.06.2025;10:00:51.016;CRI5 SI 20260618 PS AM C 60.00 0;SIMPLE_INSTRUMENT;BLOCK;EUR;14;5.50000000;1100;PRC_DECOMP_MEMBER;;;;XEUR;11337256;320;MEMBER
04.06.2025;10:00:51.016;CRI5 SI 20260618 PS AM P 54.00 0;SIMPLE_INSTRUMENT;BLOCK;EUR;14;6.50000000;1100;PRC_DECOMP_MEMBER;;;;XEUR;12762055;320;MEMBER
04.06.2025;15:32:05.731;D2PW SI 20250620 CS;SIMPLE_INSTRUMENT;BLOCK;EUR;79;1.85000000;1264;EXCHANGE_LAST;;1;2;XEUR;10862485;9702;
04.06.2025;09:40:21.370;D3AI SI 20281215 CS;SIMPLE_INSTRUMENT;BLOCK;EUR;15;2.70000000;200;EXCHANGE_LAST;;1;2;XEUR;7144065;443197;
04.06.2025;09:42:01.012;DAI SI 20251219 PS AM P 52.00 0;SIMPLE_INSTRUMENT;BLOCK;EUR;3;4.32000000;2000;EXCHANGE_LAST;;1;1;XEUR;7144530;443196;
04.06.2025;10:05:35.304;DB1 SI 20261218 PS AM C 270.00 0;SIMPLE_INSTRUMENT;BLOCK;EUR;12;38.40000000;150;EXCHANGE_LAST;;1;1;XEUR;12978057;361;
04.06.2025;08:50:10.979;DBK SI 20261218 PS AM P 23.00 0;SIMPLE_INSTRUMENT;BLOCK;EUR;1;3.32000000;2500;EXCHANGE_LAST;;1;1;XEUR;11094213;362;
04.06.2025;11:48:36.638;DBK SI 20250919 PS AM C 26.00 0;SIMPLE_INSTRUMENT;BLOCK;EUR;12;1.10000000;5000;EXCHANGE_LAST;;1;2;XEUR;11877371;362;
04.06.2025;15:53:04.324;DBK SI 20250620 PS AM C 24.00 0;SIMPLE_INSTRUMENT;BLOCK;EUR;15;0.68000000;4300;EXCHANGE_LAST;;1;1;XEUR;9544028;362;
04.06.2025;09:01:06.563;DBKE SI 20270618 PS EU P 24.00 0;SIMPLE_INSTRUMENT;BLOCK;EUR;2;4.40000000;2500;EXCHANGE_LAST;;1;1;XEUR;11356259;411;
04.06.2025;09:00:47.226;DBKE SI 20270618 PS EU P 10.00 0;SIMPLE_INSTRUMENT;BLOCK;EUR;3;0.44000000;2500;EXCHANGE_LAST;;1;1;XEUR;11356239;411;
04.06.2025;16:08:21.329;DBKE SI 20250620 PS EU C 24.00 0;SIMPLE_INSTRUMENT;BLOCK;EUR;16;0.69000000;4300;EXCHANGE_LAST;;1;1;XEUR;9544639;411;
04.06.2025;08:26:41.515;DPW SI 20250620 PS AM C 40.00 0;SIMPLE_INSTRUMENT;BLOCK;EUR;2;1.12000000;1000;EXCHANGE_LAST;;1;2;XEUR;7902462;445;
04.06.2025;08:47:43.488;DPW SI 20291221 PS AM P 20.00 0;SIMPLE_INSTRUMENT;BLOCK;EUR;6;1.25000000;1000;EXCHANGE_LAST;;1;1;XEUR;12439666;445;
04.06.2025;09:07:49.133;DPW.O.250604.RBER.000008;STANDARD_OPTION_STRATEGY;BLOCK;EUR;7;-1.46000000;1750;EXCHANGE_LAST;;2;1;XEUR;72059505298417773;445;
04.06.2025;09:07:49.133;DPW SI 20251219 PS AM P 40.00 0;SIMPLE_INSTRUMENT;BLOCK;EUR;7;2.64000000;1750;PRC_DECOMP_EXCHANGE;;;;XEUR;5926790;445;EXCHANGE
04.06.2025;09:07:49.133;DPW SI 20251219 PS AM P 32.00 0;SIMPLE_INSTRUMENT;BLOCK;EUR;7;0.59000000;3500;PRC_DECOMP_EXCHANGE;;;;XEUR;5926786;445;EXCHANGE
04.06.2025;09:14:51.587;DPW SI 20281215 PS AM P 32.00 0;SIMPLE_INSTRUMENT;BLOCK;EUR;9;3.67000000;1000;EXCHANGE_LAST;;1;1;XEUR;10403173;445;
04.06.2025;09:53:19.441;DPW SI 20250718 PS AM C 42.50 0;SIMPLE_INSTRUMENT;BLOCK;EUR;10;0.63000000;1000;EXCHANGE_LAST;;1;1;XEUR;13314105;445;
04.06.2025;15:21:56.059;DPWF SI 20250620 CS;SIMPLE_INSTRUMENT;BLOCK;EUR;78;40.20300000;15800;EXCHANGE_LAST;;1;2;XEUR;11173216;444;
04.06.2025;15:29:54.411;DTE.O.250604.BUL.000010;STANDARD_OPTION_STRATEGY;BLOCK;EUR;22;1.03000000;1500;EXCHANGE_LAST;;1;1;XEUR;72059415104109762;424;
04.06.2025;15:29:54.411;DTE SI 20250919 PS AM C 34.00 0;SIMPLE_INSTRUMENT;BLOCK;EUR;22;1.38000000;1500;PRC_DECOMP_EXCHANGE;;;;XEUR;11878532;424;EXCHANGE
04.06.2025;15:29:54.411;DTE SI 20250919 PS AM C 38.00 0;SIMPLE_INSTRUMENT;BLOCK;EUR;22;0.35000000;1500;PRC_DECOMP_EXCHANGE;;;;XEUR;11878524;424;EXCHANGE
04.06.2025;15:38:11.419;DTE SI 20291221 PS AM P 24.00 0;SIMPLE_INSTRUMENT;BLOCK;EUR;23;1.94000000;1000;EXCHANGE_LAST;;1;1;XEUR;12439240;424;
04.06.2025;13:35:55.514;DTEF SI 20250620 CS;SIMPLE_INSTRUMENT;BLOCK;EUR;53;33.54070000;7500;EXCHANGE_LAST;;1;1;XEUR;11173145;430;
04.06.2025;08:16:24.542;E2NL SI 20251219 CS;SIMPLE_INSTRUMENT;BLOCK;EUR;1;0.46500000;2000;EXCHANGE_LAST;;1;1;XEUR;3681293;471;
04.06.2025;08:38:29.381;E2NL SI 20261218 CS;SIMPLE_INSTRUMENT;BLOCK;EUR;5;0.45700000;1000;EXCHANGE_LAST;;1;1;XEUR;4632356;471;
04.06.2025;08:38:29.844;E2NL SI 20261218 CS;SIMPLE_INSTRUMENT;BLOCK;EUR;6;0.45800000;1000;EXCHANGE_LAST;;1;1;XEUR;4632356;471;
04.06.2025;08:58:20.653;E2NL SI 20251219 CS;SIMPLE_INSTRUMENT;BLOCK;EUR;7;0.46500000;4455;EXCHANGE_LAST;;1;1;XEUR;3681293;471;
04.06.2025;09:00:31.773;E2NL SI 20251219 CS;SIMPLE_INSTRUMENT;BLOCK;EUR;8;0.46500000;2000;EXCHANGE_LAST;;1;1;XEUR;3681293;471;
04.06.2025;07:27:11.517;EAD SI 20250620 PS AM C 175.00 0;SIMPLE_INSTRUMENT;BLOCK;EUR;1;2.71000000;600;EXCHANGE_LAST;;1;1;XEUR;13242214;465;
04.06.2025;07:53:43.421;EAD SI 20250620 PS AM C 175.00 0;SIMPLE_INSTRUMENT;BLOCK;EUR;2;3.30000000;388;EXCHANGE_LAST;;1;1;XEUR;13242214;465;
04.06.2025;08:40:24.109;EAD SI 20250620 PS AM C 180.00 0;SIMPLE_INSTRUMENT;BLOCK;EUR;8;1.40000000;600;EXCHANGE_LAST;;1;1;XEUR;13242212;465;
04.06.2025;10:53:14.996;EAD SI 20250620 PS AM C 180.00 0;SIMPLE_INSTRUMENT;BLOCK;EUR;27;1.53000000;600;EXCHANGE_LAST;;1;1;XEUR;13242212;465;
04.06.2025;11:18:46.570;EAD SI 20250620 PS AM C 180.00 0;SIMPLE_INSTRUMENT;BLOCK;EUR;30;1.20000000;600;EXCHANGE_LAST;;1;1;XEUR;13242212;465;
04.06.2025;15:35:24.662;EAD SI 20251219 PS AM C 200.00 0;SIMPLE_INSTRUMENT;BLOCK;EUR;47;4.50000000;500;EXCHANGE_LAST;;1;1;XEUR;13360296;465;
04.06.2025;10:00:27.248;ENR SI 20261218 PS AM C 140.00 0;SIMPLE_INSTRUMENT;BLOCK;EUR;11;9.06000000;500;EXCHANGE_LAST;;1;1;XEUR;13307689;298530;
04.06.2025;13:27:17.305;ENR SI 20250718 PS AM P 76.00 0;SIMPLE_INSTRUMENT;BLOCK;EUR;18;1.81000000;1500;EXCHANGE_LAST;;1;1;XEUR;13272270;298530;
04.06.2025;13:27:17.307;ENR SI 20250718 PS AM P 76.00 0;SIMPLE_INSTRUMENT;BLOCK;EUR;19;1.80000000;1000;EXCHANGE_LAST;;1;1;XEUR;13272270;298530;
04.06.2025;13:27:32.072;ENR SI 20250919 PS AM P 80.00 0;SIMPLE_INSTRUMENT;BLOCK;EUR;20;5.90000000;2100;EXCHANGE_LAST;;1;1;XEUR;12327349;298530;
04.06.2025;14:28:13.920;ENR SI 20250718 PS AM P 56.00 0;SIMPLE_INSTRUMENT;BLOCK;EUR;21;0.22000000;1300;EXCHANGE_LAST;;2;1;XEUR;13272331;298530;
04.06.2025;08:32:57.131;F3IA SI 20261218 CS;SIMPLE_INSTRUMENT;BLOCK;EUR;3;0.39500000;750;EXCHANGE_LAST;;1;2;XEUR;6830373;390387;
04.06.2025;13:45:37.804;F3IA SI 20250919 CS;SIMPLE_INSTRUMENT;BLOCK;EUR;61;0.68000000;12028;EXCHANGE_LAST;;3;1;XEUR;11405202;390387;
04.06.2025;07:18:51.400;FBTP.S.JUN25.SEP25.SPD;FUTURES_SPREAD;BLOCK;EUR;1;0.44000000;250;EXCHANGE_LAST;;1;1;XEUR;72060325637128286;636;
04.06.2025;07:18:51.400;FBTP SI 20250606 PS;SIMPLE_INSTRUMENT;BLOCK;EUR;1;121.27000000;250;PRC_DECOMP_EXCHANGE;;;;XEUR;11820365;636;EXCHANGE
04.06.2025;07:18:51.400;FBTP SI 20250908 PS;SIMPLE_INSTRUMENT;BLOCK;EUR;1;120.83000000;250;PRC_DECOMP_EXCHANGE;;;;XEUR;12372474;636;EXCHANGE
04.06.2025;07:33:09.600;FBTP.S.JUN25.SEP25.SPD;FUTURES_SPREAD;BLOCK;EUR;2;0.43000000;352;EXCHANGE_LAST;;1;1;XEUR;72060325637128286;636;
04.06.2025;07:33:09.600;FBTP SI 20250606 PS;SIMPLE_INSTRUMENT;BLOCK;EUR;2;121.20000000;352;PRC_DECOMP_EXCHANGE;;;;XEUR;11820365;636;EXCHANGE
04.06.2025;07:33:09.600;FBTP SI 20250908 PS;SIMPLE_INSTRUMENT;BLOCK;EUR;2;120.77000000;352;PRC_DECOMP_EXCHANGE;;;;XEUR;12372474;636;EXCHANGE
04.06.2025;08:47:10.611;FBTP SI 20250606 PS;SIMPLE_INSTRUMENT;BLOCK;EUR;3;121.07000000;1400;EXCHANGE_LAST;;1;1;XEUR;11820365;636;
04.06.2025;08:47:40.592;FBTP SI 20250908 PS;SIMPLE_INSTRUMENT;BLOCK;EUR;4;120.64000000;335;EXCHANGE_LAST;;1;1;XEUR;12372474;636;
04.06.2025;08:48:01.587;FBTP SI 20250908 PS;SIMPLE_INSTRUMENT;BLOCK;EUR;5;120.63000000;1008;EXCHANGE_LAST;;1;1;XEUR;12372474;636;
04.06.2025;09:20:17.326;FBTP SI 20250606 PS;SIMPLE_INSTRUMENT;EFP_FIN;EUR;6;121.14000000;2654;EXCHANGE_LAST;;1;1;XEUR;11820365;636;
04.06.2025;09:52:33.033;FBTP SI 20250606 PS;SIMPLE_INSTRUMENT;EFS;EUR;7;121.08000000;1500;EXCHANGE_LAST;;1;1;XEUR;11820365;636;
04.06.2025;10:00:06.485;FBTP SI 20250908 PS;SIMPLE_INSTRUMENT;EFS;EUR;8;120.65000000;600;EXCHANGE_LAST;;1;1;XEUR;12372474;636;
04.06.2025;10:00:26.320;FBTP SI 20250908 PS;SIMPLE_INSTRUMENT;EFS;EUR;9;120.66000000;900;EXCHANGE_LAST;;1;1;XEUR;12372474;636;
04.06.2025;10:01:22.509;FBTP SI 20250606 PS;SIMPLE_INSTRUMENT;EFP_FIN;EUR;10;121.08000000;126;EXCHANGE_LAST;;1;1;XEUR;11820365;636;
04.06.2025;10:01:34.537;FBTP SI 20250606 PS;SIMPLE_INSTRUMENT;BLOCK;EUR;11;121.08000000;384;EXCHANGE_LAST;;1;1;XEUR;11820365;636;
04.06.2025;10:09:12.919;FBTP SI 20250606 PS;SIMPLE_INSTRUMENT;EFP_FIN;EUR;12;121.21000000;221;EXCHANGE_LAST;;1;1;XEUR;11820365;636;
04.06.2025;10:23:19.429;FBTP SI 20250606 PS;SIMPLE_INSTRUMENT;EFP_FIN;EUR;13;121.15000000;165;EXCHANGE_LAST;;1;1;XEUR;11820365;636;
04.06.2025;11:01:36.590;FBTP SI 20250908 PS;SIMPLE_INSTRUMENT;BLOCK;EUR;14;120.75000000;1000;EXCHANGE_LAST;;1;1;XEUR;12372474;636;
04.06.2025;11:46:33.427;FBTP SI 20250908 PS;SIMPLE_INSTRUMENT;EFP_FIN;EUR;15;120.75000000;513;EXCHANGE_LAST;;1;1;XEUR;12372474;636;
04.06.2025;11:49:36.395;FBTP SI 20250908 PS;SIMPLE_INSTRUMENT;EFP_FIN;EUR;16;120.75000000;276;EXCHANGE_LAST;;1;1;XEUR;12372474;636;
04.06.2025;11:55:23.952;FBTP SI 20250908 PS;SIMPLE_INSTRUMENT;BLOCK;EUR;17;120.68000000;279;EXCHANGE_LAST;;1;1;XEUR;12372474;636;
04.06.2025;12:00:13.802;FBTP.S.JUN25.SEP25.SPD;FUTURES_SPREAD;BLOCK;EUR;18;0.43000000;264;EXCHANGE_LAST;;1;1;XEUR;72060325637128286;636;
04.06.2025;12:00:13.802;FBTP SI 20250606 PS;SIMPLE_INSTRUMENT;BLOCK;EUR;18;121.08000000;264;PRC_DECOMP_EXCHANGE;;;;XEUR;11820365;636;EXCHANGE
04.06.2025;12:00:13.802;FBTP SI 20250908 PS;SIMPLE_INSTRUMENT;BLOCK;EUR;18;120.65000000;264;PRC_DECOMP_EXCHANGE;;;;XEUR;12372474;636;EXCHANGE
04.06.2025;12:00:26.062;FBTP.S.JUN25.SEP25.SPD;FUTURES_SPREAD;BLOCK;EUR;19;0.44000000;264;EXCHANGE_LAST;;1;1;XEUR;72060325637128286;636;
04.06.2025;12:00:26.062;FBTP SI 20250908 PS;SIMPLE_INSTRUMENT;BLOCK;EUR;19;120.66000000;264;PRC_DECOMP_EXCHANGE;;;;XEUR;12372474;636;EXCHANGE
04.06.2025;12:00:26.062;FBTP SI 20250606 PS;SIMPLE_INSTRUMENT;BLOCK;EUR;19;121.10000000;264;PRC_DECOMP_EXCHANGE;;;;XEUR;11820365;636;EXCHANGE
04.06.2025;12:06:10.151;FBTP SI 20250606 PS;SIMPLE_INSTRUMENT;EFP_FIN;EUR;20;121.16000000;448;EXCHANGE_LAST;;1;1;XEUR;11820365;636;
04.06.2025;12:13:25.131;FBTP SI 20250606 PS;SIMPLE_INSTRUMENT;EFP_FIN;EUR;21;121.16000000;663;EXCHANGE_LAST;;1;1;XEUR;11820365;636;
04.06.2025;12:16:21.619;FBTP SI 20250606 PS;SIMPLE_INSTRUMENT;EFP_FIN;EUR;22;121.20000000;884;EXCHANGE_LAST;;1;1;XEUR;11820365;636;
04.06.2025;12:42:22.804;FBTP SI 20250606 PS;SIMPLE_INSTRUMENT;EFP_FIN;EUR;23;121.13000000;2916;EXCHANGE_LAST;;1;1;XEUR;11820365;636;
04.06.2025;13:06:22.645;FBTP SI 20250908 PS;SIMPLE_INSTRUMENT;EFP_FIN;EUR;24;120.66000000;450;EXCHANGE_LAST;;1;1;XEUR;12372474;636;
04.06.2025;13:10:20.848;FBTP.S.JUN25.SEP25.SPD;FUTURES_SPREAD;BLOCK;EUR;25;0.45000000;285;EXCHANGE_LAST;;1;1;XEUR;72060325637128286;636;
04.06.2025;13:10:20.848;FBTP SI 20250606 PS;SIMPLE_INSTRUMENT;BLOCK;EUR;25;121.11000000;285;PRC_DECOMP_MEMBER;;;;XEUR;11820365;636;MEMBER
04.06.2025;13:10:20.848;FBTP SI 20250908 PS;SIMPLE_INSTRUMENT;BLOCK;EUR;25;120.66000000;285;PRC_DECOMP_MEMBER;;;;XEUR;12372474;636;MEMBER
04.06.2025;13:15:50.840;FBTP.S.JUN25.SEP25.SPD;FUTURES_SPREAD;BLOCK;EUR;26;0.44000000;2000;EXCHANGE_LAST;;1;1;XEUR;72060325637128286;636;
04.06.2025;13:15:50.840;FBTP SI 20250908 PS;SIMPLE_INSTRUMENT;BLOCK;EUR;26;120.66000000;2000;PRC_DECOMP_EXCHANGE;;;;XEUR;12372474;636;EXCHANGE
04.06.2025;13:15:50.840;FBTP SI 20250606 PS;SIMPLE_INSTRUMENT;BLOCK;EUR;26;121.10000000;2000;PRC_DECOMP_EXCHANGE;;;;XEUR;11820365;636;EXCHANGE
04.06.2025;13:25:20.458;FBTP SI 20250908 PS;SIMPLE_INSTRUMENT;BLOCK;EUR;27;120.65000000;297;EXCHANGE_LAST;;1;1;XEUR;12372474;636;
04.06.2025;13:36:43.995;FBTP SI 20250606 PS;SIMPLE_INSTRUMENT;EFP_FIN;EUR;28;121.11000000;130;EXCHANGE_LAST;;1;1;XEUR;11820365;636;
04.06.2025;13:55:57.105;FBTP.S.JUN25.SEP25.SPD;FUTURES_SPREAD;BLOCK;EUR;29;0.44000000;485;EXCHANGE_LAST;;1;1;XEUR;72060325637128286;636;
04.06.2025;13:55:57.105;FBTP SI 20250606 PS;SIMPLE_INSTRUMENT;BLOCK;EUR;29;121.09000000;485;PRC_DECOMP_EXCHANGE;;;;XEUR;11820365;636;EXCHANGE
04.06.2025;13:55:57.105;FBTP SI 20250908 PS;SIMPLE_INSTRUMENT;BLOCK;EUR;29;120.65000000;485;PRC_DECOMP_EXCHANGE;;;;XEUR;12372474;636;EXCHANGE
04.06.2025;13:56:17.107;FBTP.S.JUN25.SEP25.SPD;FUTURES_SPREAD;BLOCK;EUR;30;0.43000000;484;EXCHANGE_LAST;;1;1;XEUR;72060325637128286;636;
04.06.2025;13:56:17.107;FBTP SI 20250908 PS;SIMPLE_INSTRUMENT;BLOCK;EUR;30;120.65000000;484;PRC_DECOMP_EXCHANGE;;;;XEUR;12372474;636;EXCHANGE
04.06.2025;13:56:17.107;FBTP SI 20250606 PS;SIMPLE_INSTRUMENT;BLOCK;EUR;30;121.08000000;484;PRC_DECOMP_EXCHANGE;;;;XEUR;11820365;636;EXCHANGE
04.06.2025;14:04:05.131;FBTP SI 20250908 PS;SIMPLE_INSTRUMENT;BLOCK;EUR;31;120.60000000;1134;EXCHANGE_LAST;;1;1;XEUR;12372474;636;
04.06.2025;14:21:38.608;FBTP SI 20250908 PS;SIMPLE_INSTRUMENT;BLOCK;EUR;32;120.67000000;516;EXCHANGE_LAST;;1;1;XEUR;12372474;636;
04.06.2025;14:23:51.657;FBTP SI 20250908 PS;SIMPLE_INSTRUMENT;EFS;EUR;33;120.74000000;966;EXCHANGE_LAST;;1;1;XEUR;12372474;636;
04.06.2025;14:30:16.050;FBTP SI 20250606 PS;SIMPLE_INSTRUMENT;EFP_FIN;EUR;34;121.18000000;704;EXCHANGE_LAST;;1;1;XEUR;11820365;636;
04.06.2025;14:35:24.658;FBTP SI 20250908 PS;SIMPLE_INSTRUMENT;EFP_FIN;EUR;35;120.66000000;142;EXCHANGE_LAST;;1;1;XEUR;12372474;636;
04.06.2025;14:37:53.540;FBTP SI 20250606 PS;SIMPLE_INSTRUMENT;BLOCK;EUR;36;121.15000000;284;EXCHANGE_LAST;;1;1;XEUR;11820365;636;
04.06.2025;14:49:27.693;FBTP SI 20250908 PS;SIMPLE_INSTRUMENT;EFP_FIN;EUR;37;120.70000000;1349;EXCHANGE_LAST;;1;1;XEUR;12372474;636;
04.06.2025;15:04:49.923;FBTP SI 20250606 PS;SIMPLE_INSTRUMENT;EFP_FIN;EUR;38;121.20000000;94;EXCHANGE_LAST;;1;1;XEUR;11820365;636;
04.06.2025;15:42:08.290;FBTP SI 20250606 PS;SIMPLE_INSTRUMENT;EFP_FIN;EUR;39;121.19000000;58;EXCHANGE_LAST;;1;1;XEUR;11820365;636;
04.06.2025;15:59:22.466;FBTP SI 20250606 PS;SIMPLE_INSTRUMENT;BLOCK;EUR;40;121.15000000;250;EXCHANGE_LAST;;1;1;XEUR;11820365;636;
04.06.2025;15:59:33.874;FBTP SI 20250908 PS;SIMPLE_INSTRUMENT;BLOCK;EUR;41;120.72000000;250;EXCHANGE_LAST;;1;1;XEUR;12372474;636;
04.06.2025;07:39:13.997;FBTS SI 20250908 PS;SIMPLE_INSTRUMENT;EFP_FIN;EUR;3;108.17000000;1726;EXCHANGE_LAST;;1;1;XEUR;12372476;639;
04.06.2025;07:50:54.887;FBTS SI 20250908 PS;SIMPLE_INSTRUMENT;EFP_FIN;EUR;8;108.17000000;1334;EXCHANGE_LAST;;1;1;XEUR;12372476;639;
04.06.2025;08:46:13.066;FBTS SI 20250908 PS;SIMPLE_INSTRUMENT;EFP_FIN;EUR;15;108.12000000;1406;EXCHANGE_LAST;;1;1;XEUR;12372476;639;
04.06.2025;09:05:53.849;FBTS.S.JUN25.SEP25.SPD;FUTURES_SPREAD;BLOCK;EUR;19;0.01000000;312;EXCHANGE_LAST;;1;1;XEUR;72060338522030174;639;
04.06.2025;09:05:53.849;FBTS SI 20250908 PS;SIMPLE_INSTRUMENT;BLOCK;EUR;19;108.12000000;312;PRC_DECOMP_MEMBER;;;;XEUR;12372476;639;MEMBER
04.06.2025;09:05:53.849;FBTS SI 20250606 PS;SIMPLE_INSTRUMENT;BLOCK;EUR;19;108.13000000;312;PRC_DECOMP_MEMBER;;;;XEUR;11820367;639;MEMBER
04.06.2025;09:12:01.252;FBTS SI 20250908 PS;SIMPLE_INSTRUMENT;EFP_FIN;EUR;20;108.14000000;1406;EXCHANGE_LAST;;1;1;XEUR;12372476;639;
04.06.2025;09:16:49.265;FBTS SI 20250908 PS;SIMPLE_INSTRUMENT;EFP_FIN;EUR;21;108.15000000;1406;EXCHANGE_LAST;;1;1;XEUR;12372476;639;
04.06.2025;09:24:34.907;FBTS SI 20250606 PS;SIMPLE_INSTRUMENT;EFP_FIN;EUR;22;108.12000000;2808;EXCHANGE_LAST;;1;1;XEUR;11820367;639;
04.06.2025;09:45:00.721;FBTS SI 20250606 PS;SIMPLE_INSTRUMENT;EFP_FIN;EUR;26;108.12000000;666;EXCHANGE_LAST;;1;1;XEUR;11820367;639;
04.06.2025;10:21:57.540;FBTS SI 20250606 PS;SIMPLE_INSTRUMENT;BLOCK;EUR;31;108.10000000;2170;EXCHANGE_LAST;;1;1;XEUR;11820367;639;
04.06.2025;10:22:57.402;FBTS SI 20250908 PS;SIMPLE_INSTRUMENT;BLOCK;EUR;32;108.08000000;1085;EXCHANGE_LAST;;1;1;XEUR;12372476;639;
04.06.2025;10:22:57.423;FBTS SI 20250908 PS;SIMPLE_INSTRUMENT;BLOCK;EUR;33;108.09000000;1085;EXCHANGE_LAST;;1;1;XEUR;12372476;639;
04.06.2025;10:45:12.473;FBTS SI 20250908 PS;SIMPLE_INSTRUMENT;EFP_FIN;EUR;35;108.12000000;951;EXCHANGE_LAST;;1;1;XEUR;12372476;639;
04.06.2025;11:12:29.479;FBTS SI 20250606 PS;SIMPLE_INSTRUMENT;EFP_FIN;EUR;38;108.13000000;684;EXCHANGE_LAST;;1;1;XEUR;11820367;639;
04.06.2025;11:14:12.093;FBTS SI 20250606 PS;SIMPLE_INSTRUMENT;EFP_FIN;EUR;39;108.13000000;3361;EXCHANGE_LAST;;1;1;XEUR;11820367;639;
04.06.2025;11:15:44.363;FBTS.S.JUN25.SEP25.SPD;FUTURES_SPREAD;BLOCK;EUR;40;0.01000000;712;EXCHANGE_LAST;;1;1;XEUR;72060338522030174;639;
04.06.2025;11:15:44.363;FBTS SI 20250606 PS;SIMPLE_INSTRUMENT;BLOCK;EUR;40;108.14000000;712;PRC_DECOMP_MEMBER;;;;XEUR;11820367;639;MEMBER
04.06.2025;11:15:44.363;FBTS SI 20250908 PS;SIMPLE_INSTRUMENT;BLOCK;EUR;40;108.13000000;712;PRC_DECOMP_MEMBER;;;;XEUR;12372476;639;MEMBER
04.06.2025;11:40:52.704;FBTS SI 20250606 PS;SIMPLE_INSTRUMENT;BLOCK;EUR;44;108.14000000;1500;EXCHANGE_LAST;;1;1;XEUR;11820367;639;
04.06.2025;11:41:21.707;FBTS SI 20250908 PS;SIMPLE_INSTRUMENT;BLOCK;EUR;45;108.14000000;750;EXCHANGE_LAST;;1;1;XEUR;12372476;639;
04.06.2025;11:41:47.709;FBTS SI 20250908 PS;SIMPLE_INSTRUMENT;BLOCK;EUR;46;108.13000000;750;EXCHANGE_LAST;;1;1;XEUR;12372476;639;
04.06.2025;11:41:53.132;FBTS SI 20250606 PS;SIMPLE_INSTRUMENT;EFP_FIN;EUR;47;108.14000000;176;EXCHANGE_LAST;;1;1;XEUR;11820367;639;
04.06.2025;11:56:32.208;FBTS SI 20250908 PS;SIMPLE_INSTRUMENT;EFP_FIN;EUR;49;108.15000000;2002;EXCHANGE_LAST;;1;1;XEUR;12372476;639;
04.06.2025;11:56:34.751;FBTS SI 20250606 PS;SIMPLE_INSTRUMENT;BLOCK;EUR;50;108.14000000;872;EXCHANGE_LAST;;1;1;XEUR;11820367;639;
04.06.2025;11:57:19.754;FBTS SI 20250908 PS;SIMPLE_INSTRUMENT;BLOCK;EUR;52;108.14000000;436;EXCHANGE_LAST;;1;1;XEUR;12372476;639;
04.06.2025;11:57:47.756;FBTS SI 20250908 PS;SIMPLE_INSTRUMENT;BLOCK;EUR;53;108.13000000;436;EXCHANGE_LAST;;1;1;XEUR;12372476;639;
04.06.2025;12:05:00.874;FBTS SI 20250908 PS;SIMPLE_INSTRUMENT;EFP_FIN;EUR;54;108.13000000;811;EXCHANGE_LAST;;1;1;XEUR;12372476;639;
04.06.2025;12:17:18.274;FBTS SI 20250908 PS;SIMPLE_INSTRUMENT;BLOCK;EUR;55;108.13000000;6563;EXCHANGE_LAST;;1;1;XEUR;12372476;639;
04.06.2025;12:19:04.791;FBTS SI 20250908 PS;SIMPLE_INSTRUMENT;BLOCK;EUR;56;108.13000000;3750;EXCHANGE_LAST;;1;1;XEUR;12372476;639;
04.06.2025;12:37:37.832;FBTS SI 20250908 PS;SIMPLE_INSTRUMENT;EFP_FIN;EUR;61;108.12000000;3599;EXCHANGE_LAST;;1;1;XEUR;12372476;639;
04.06.2025;13:03:45.863;FBTS SI 20250606 PS;SIMPLE_INSTRUMENT;BLOCK;EUR;62;108.12000000;2342;EXCHANGE_LAST;;1;1;XEUR;11820367;639;
04.06.2025;13:04:09.642;FBTS SI 20250908 PS;SIMPLE_INSTRUMENT;BLOCK;EUR;63;108.12000000;1171;EXCHANGE_LAST;;1;1;XEUR;12372476;639;
04.06.2025;13:04:31.026;FBTS SI 20250908 PS;SIMPLE_INSTRUMENT;BLOCK;EUR;64;108.11000000;1171;EXCHANGE_LAST;;1;1;XEUR;12372476;639;
04.06.2025;13:06:53.178;FBTS SI 20250908 PS;SIMPLE_INSTRUMENT;EFP_FIN;EUR;65;108.11000000;1146;EXCHANGE_LAST;;1;1;XEUR;12372476;639;
04.06.2025;13:12:48.731;FBTS.S.JUN25.SEP25.SPD;FUTURES_SPREAD;BLOCK;EUR;66;0.01000000;245;EXCHANGE_LAST;;1;1;XEUR;72060338522030174;639;
04.06.2025;13:12:48.731;FBTS SI 20250908 PS;SIMPLE_INSTRUMENT;BLOCK;EUR;66;108.11000000;245;PRC_DECOMP_MEMBER;;;;XEUR;12372476;639;MEMBER
04.06.2025;13:12:48.731;FBTS SI 20250606 PS;SIMPLE_INSTRUMENT;BLOCK;EUR;66;108.12000000;245;PRC_DECOMP_MEMBER;;;;XEUR;11820367;639;MEMBER
04.06.2025;13:20:58.936;FBTS SI 20250908 PS;SIMPLE_INSTRUMENT;EFP_FIN;EUR;68;108.10000000;1969;EXCHANGE_LAST;;1;1;XEUR;12372476;639;
04.06.2025;13:34:25.316;FBTS SI 20250908 PS;SIMPLE_INSTRUMENT;BLOCK;EUR;70;108.12000000;1830;EXCHANGE_LAST;;1;1;XEUR;12372476;639;
04.06.2025;13:57:20.985;FBTS SI 20250908 PS;SIMPLE_INSTRUMENT;EFP_FIN;EUR;76;108.07000000;2692;EXCHANGE_LAST;;1;1;XEUR;12372476;639;
04.06.2025;14:00:24.970;FBTS SI 20250606 PS;SIMPLE_INSTRUMENT;EFP_FIN;EUR;78;108.09000000;295;EXCHANGE_LAST;;1;1;XEUR;11820367;639;
04.06.2025;14:01:08.922;FBTS SI 20250606 PS;SIMPLE_INSTRUMENT;BLOCK;EUR;79;108.08000000;361;EXCHANGE_LAST;;1;1;XEUR;11820367;639;
04.06.2025;14:01:18.327;FBTS SI 20250606 PS;SIMPLE_INSTRUMENT;EFP_FIN;EUR;80;108.09000000;361;EXCHANGE_LAST;;1;1;XEUR;11820367;639;
04.06.2025;14:11:41.586;FBTS SI 20250606 PS;SIMPLE_INSTRUMENT;EFP_FIN;EUR;81;108.10000000;421;EXCHANGE_LAST;;1;1;XEUR;11820367;639;
04.06.2025;14:23:58.761;FBTS SI 20250606 PS;SIMPLE_INSTRUMENT;EFP_FIN;EUR;83;108.10000000;421;EXCHANGE_LAST;;1;1;XEUR;11820367;639;
04.06.2025;14:42:24.440;FBTS SI 20250908 PS;SIMPLE_INSTRUMENT;EFP_FIN;EUR;85;108.10000000;937;EXCHANGE_LAST;;1;1;XEUR;12372476;639;
04.06.2025;14:43:18.767;FBTS SI 20250908 PS;SIMPLE_INSTRUMENT;EFP_FIN;EUR;86;108.08000000;292;EXCHANGE_LAST;;1;1;XEUR;12372476;639;
04.06.2025;15:01:44.349;FBTS SI 20250908 PS;SIMPLE_INSTRUMENT;BLOCK;EUR;87;108.10000000;337;EXCHANGE_LAST;;1;1;XEUR;12372476;639;
04.06.2025;15:17:56.705;FBTS SI 20250606 PS;SIMPLE_INSTRUMENT;BLOCK;EUR;89;108.10000000;637;EXCHANGE_LAST;;1;1;XEUR;11820367;639;
04.06.2025;15:18:42.880;FBTS SI 20250908 PS;SIMPLE_INSTRUMENT;BLOCK;EUR;90;108.09000000;637;EXCHANGE_LAST;;1;1;XEUR;12372476;639;
04.06.2025;15:19:52.603;FBTS SI 20250606 PS;SIMPLE_INSTRUMENT;EFP_FIN;EUR;91;108.12000000;540;EXCHANGE_LAST;;1;1;XEUR;11820367;639;
04.06.2025;15:27:05.686;FBTS SI 20250908 PS;SIMPLE_INSTRUMENT;EFP_FIN;EUR;92;108.08000000;731;EXCHANGE_LAST;;1;1;XEUR;12372476;639;
04.06.2025;15:30:25.422;FBTS SI 20250908 PS;SIMPLE_INSTRUMENT;EFP_FIN;EUR;93;108.10000000;4043;EXCHANGE_LAST;;1;1;XEUR;12372476;639;
04.06.2025;15:41:06.958;FBTS SI 20250908 PS;SIMPLE_INSTRUMENT;EFP_FIN;EUR;95;108.08000000;469;EXCHANGE_LAST;;1;1;XEUR;12372476;639;
04.06.2025;15:42:08.290;FBTS SI 20250606 PS;SIMPLE_INSTRUMENT;EFP_FIN;EUR;96;108.11000000;159;EXCHANGE_LAST;;1;1;XEUR;11820367;639;
04.06.2025;07:03:25.603;FCXB SI 20250627 CS;SIMPLE_INSTRUMENT;BLOCK;USD;4;126.14000000;12;EXCHANGE_LAST;;1;1;XEUR;7968456;23778;
04.06.2025;10:06:43.401;FD3D SI 20261218 CS;SIMPLE_INSTRUMENT;BLOCK;EUR;6;112.60000000;200;EXCHANGE_LAST;;1;1;XEUR;7158183;588;
04.06.2025;11:50:53.218;FD3D SI 20261218 CS;SIMPLE_INSTRUMENT;BLOCK;EUR;21;113.00000000;225;EXCHANGE_LAST;;1;1;XEUR;7158183;588;
04.06.2025;11:50:54.594;FD3D SI 20251219 CS;SIMPLE_INSTRUMENT;BLOCK;EUR;23;114.20000000;225;EXCHANGE_LAST;;1;1;XEUR;5914068;588;
04.06.2025;12:17:11.393;FD3D SI 20261218 CS;SIMPLE_INSTRUMENT;BLOCK;EUR;24;112.90000000;400;EXCHANGE_LAST;;1;2;XEUR;7158183;588;
04.06.2025;12:34:21.979;FD3D SI 20251219 CS;SIMPLE_INSTRUMENT;BLOCK;EUR;25;114.20000000;225;EXCHANGE_LAST;;1;1;XEUR;5914068;588;
04.06.2025;15:43:34.920;FD3D SI 20261218 CS;SIMPLE_INSTRUMENT;BLOCK;EUR;35;112.80000000;450;EXCHANGE_LAST;;1;1;XEUR;7158183;588;
04.06.2025;14:54:25.481;FDAX SI 20250620 CS;SIMPLE_INSTRUMENT;EFP_IDX;EUR;1;24250.00000000;100;EXCHANGE_LAST;;1;1;XEUR;7903800;589;
04.06.2025;15:08:04.967;FDAX SI 20250620 CS;SIMPLE_INSTRUMENT;BLOCK;EUR;2;24250.00000000;250;EXCHANGE_LAST;;1;1;XEUR;7903800;589;
04.06.2025;15:42:30.423;FDAX SI 20250620 CS;SIMPLE_INSTRUMENT;EFP_IDX;EUR;3;24300.00000000;13;EXCHANGE_LAST;;1;1;XEUR;7903800;589;
04.06.2025;15:42:11.505;FDAX SI 20250620 CS;SIMPLE_INSTRUMENT;EFP_IDX;EUR;4;24301.00000000;12;EXCHANGE_LAST;;1;1;XEUR;7903800;589;
04.06.2025;08:17:31.994;FDAX SI 20250620 CS;SIMPLE_INSTRUMENT;VOLA;EUR;671088643;24330.00000000;43;EXCHANGE_LAST;;1;1;XEUR;7903800;589;
04.06.2025;08:40:53.575;FDAX SI 20250620 CS;SIMPLE_INSTRUMENT;VOLA;EUR;671088646;24330.00000000;5;EXCHANGE_LAST;;1;1;XEUR;7903800;589;
04.06.2025;08:42:23.117;FDAX SI 20250620 CS;SIMPLE_INSTRUMENT;VOLA;EUR;671088648;24321.00000000;47;EXCHANGE_LAST;;1;1;XEUR;7903800;589;
04.06.2025;09:14:46.506;FEBD SI 20271217 CS;SIMPLE_INSTRUMENT;BLOCK;EUR;4;9.74000000;400;EXCHANGE_LAST;;1;1;XEUR;7776307;597;
04.06.2025;11:36:20.785;FEBD SI 20251219 CS;SIMPLE_INSTRUMENT;BLOCK;EUR;19;11.28000000;325;EXCHANGE_LAST;;1;1;XEUR;5914075;597;
04.06.2025;13:07:12.875;FEBD SI 20251219 CS;SIMPLE_INSTRUMENT;BLOCK;EUR;26;11.28000000;270;EXCHANGE_LAST;;1;1;XEUR;5914075;597;
04.06.2025;16:02:44.006;FEDV SI 20250620 CS;SIMPLE_INSTRUMENT;EFP_IDX;EUR;47;1986.00000000;426;EXCHANGE_LAST;;1;1;XEUR;11880642;596;
04.06.2025;16:00:28.830;FEDV SI 20250620 CS;SIMPLE_INSTRUMENT;EFP_IDX;EUR;48;1986.50000000;411;EXCHANGE_LAST;;1;1;XEUR;11880642;596;
04.06.2025;14:50:32.346;FES1 SI 20250620 PS;SIMPLE_INSTRUMENT;BLOCK;EUR;31;1.70000000;110;EXCHANGE_LAST;;1;1;XEUR;11910814;58959;
04.06.2025;12:55:09.502;FESB SI 20250620 CS;SIMPLE_INSTRUMENT;BLOCK;EUR;60;199.20000000;1209;EXCHANGE_LAST;;1;1;XEUR;11880665;605;
04.06.2025;13:49:17.076;FESB SI 20250620 CS;SIMPLE_INSTRUMENT;BLOCK;EUR;63;200.00000000;5000;EXCHANGE_LAST;;1;1;XEUR;11880665;605;
04.06.2025;15:54:12.404;FESB SI 20250620 CS;SIMPLE_INSTRUMENT;EFP_IDX;EUR;73;200.15000000;400;EXCHANGE_LAST;;1;1;XEUR;11880665;605;
04.06.2025;15:53:53.757;FESB SI 20250620 CS;SIMPLE_INSTRUMENT;EFP_IDX;EUR;74;200.20000000;1600;EXCHANGE_LAST;;1;1;XEUR;11880665;605;
04.06.2025;12:57:55.474;FESB SI 20250620 CS;SIMPLE_INSTRUMENT;VOLA;EUR;603979812;199.35000000;1830;EXCHANGE_LAST;;1;1;XEUR;11880665;605;
04.06.2025;13:07:22.369;FESB SI 20250620 CS;SIMPLE_INSTRUMENT;VOLA;EUR;603979815;201.00000000;30;EXCHANGE_LAST;;1;1;XEUR;11880665;605;
04.06.2025;15:42:10.158;FESL SI 20250620 CS;SIMPLE_INSTRUMENT;EFP_IDX;EUR;7;153.80000000;1200;EXCHANGE_LAST;;1;1;XEUR;11881191;680;
04.06.2025;15:42:45.789;FESL SI 20250620 CS;SIMPLE_INSTRUMENT;EFP_IDX;EUR;8;153.90000000;800;EXCHANGE_LAST;;1;1;XEUR;11881191;680;
04.06.2025;12:34:50.842;FESX SI 20250620 CS;SIMPLE_INSTRUMENT;EFP_IDX;EUR;1;5405.00000000;533;EXCHANGE_LAST;;1;1;XEUR;7904020;675;
04.06.2025;13:33:27.491;FESX SI 20250620 CS;SIMPLE_INSTRUMENT;BLOCK;EUR;2;5400.00000000;5000;EXCHANGE_LAST;;1;1;XEUR;7904020;675;
04.06.2025;13:37:39.811;FESX SI 20250620 CS;SIMPLE_INSTRUMENT;BLOCK;EUR;3;5400.00000000;5000;EXCHANGE_LAST;;1;1;XEUR;7904020;675;
04.06.2025;15:45:18.663;FESX SI 20250620 CS;SIMPLE_INSTRUMENT;EFP_IDX;EUR;4;5406.00000000;25;EXCHANGE_LAST;;1;1;XEUR;7904020;675;
04.06.2025;15:44:46.525;FESX SI 20250620 CS;SIMPLE_INSTRUMENT;EFP_IDX;EUR;5;5407.00000000;225;EXCHANGE_LAST;;1;1;XEUR;7904020;675;
04.06.2025;15:44:22.850;FESX SI 20250620 CS;SIMPLE_INSTRUMENT;EFP_IDX;EUR;6;5407.00000000;195;EXCHANGE_LAST;;1;1;XEUR;7904020;675;
04.06.2025;15:43:54.682;FESX SI 20250620 CS;SIMPLE_INSTRUMENT;EFP_IDX;EUR;7;5408.00000000;5;EXCHANGE_LAST;;1;1;XEUR;7904020;675;
04.06.2025;15:46:35.318;FESX SI 20250620 CS;SIMPLE_INSTRUMENT;EFP_IDX;EUR;8;5408.00000000;11;EXCHANGE_LAST;;1;1;XEUR;7904020;675;
04.06.2025;15:46:59.016;FESX SI 20250620 CS;SIMPLE_INSTRUMENT;EFP_IDX;EUR;9;5407.00000000;439;EXCHANGE_LAST;;1;1;XEUR;7904020;675;
04.06.2025;15:48:20.097;FESX SI 20250620 CS;SIMPLE_INSTRUMENT;EFP_IDX;EUR;10;5407.00000000;135;EXCHANGE_LAST;;1;1;XEUR;7904020;675;
04.06.2025;15:57:27.470;FESX SI 20250620 CS;SIMPLE_INSTRUMENT;EFP_IDX;EUR;11;5407.00000000;360;EXCHANGE_LAST;;1;1;XEUR;7904020;675;
04.06.2025;15:57:46.154;FESX SI 20250620 CS;SIMPLE_INSTRUMENT;EFP_IDX;EUR;12;5406.00000000;40;EXCHANGE_LAST;;1;1;XEUR;7904020;675;
04.06.2025;15:58:01.573;FESX SI 20250620 CS;SIMPLE_INSTRUMENT;EFP_IDX;EUR;13;5407.00000000;223;EXCHANGE_LAST;;1;1;XEUR;7904020;675;
04.06.2025;15:58:27.454;FESX SI 20250620 CS;SIMPLE_INSTRUMENT;EFP_IDX;EUR;14;5406.00000000;25;EXCHANGE_LAST;;1;1;XEUR;7904020;675;
04.06.2025;15:58:40.297;FESX SI 20250620 CS;SIMPLE_INSTRUMENT;EFP_IDX;EUR;15;5407.00000000;229;EXCHANGE_LAST;;1;1;XEUR;7904020;675;
04.06.2025;15:58:58.816;FESX SI 20250620 CS;SIMPLE_INSTRUMENT;EFP_IDX;EUR;16;5406.00000000;26;EXCHANGE_LAST;;1;1;XEUR;7904020;675;
04.06.2025;08:36:42.488;FESX SI 20250620 CS;SIMPLE_INSTRUMENT;VOLA;EUR;637534236;5408.00000000;300;EXCHANGE_LAST;;1;1;XEUR;7904020;675;
04.06.2025;08:37:39.959;FESX SI 20250620 CS;SIMPLE_INSTRUMENT;VOLA;EUR;637534237;5408.00000000;400;EXCHANGE_LAST;;1;1;XEUR;7904020;675;
04.06.2025;08:39:00.688;FESX SI 20250620 CS;SIMPLE_INSTRUMENT;VOLA;EUR;637534238;5408.00000000;48;EXCHANGE_LAST;;1;1;XEUR;7904020;675;
04.06.2025;08:47:49.946;FESX SI 20250620 CS;SIMPLE_INSTRUMENT;VOLA;EUR;637534241;5415.00000000;220;EXCHANGE_LAST;;1;1;XEUR;7904020;675;
04.06.2025;09:11:03.479;FESX SI 20250620 CS;SIMPLE_INSTRUMENT;VOLA;EUR;637534251;5410.00000000;170;EXCHANGE_LAST;;1;1;XEUR;7904020;675;
04.06.2025;09:14:16.358;FESX SI 20250620 CS;SIMPLE_INSTRUMENT;VOLA;EUR;637534255;5410.00000000;961;EXCHANGE_LAST;;1;1;XEUR;7904020;675;
04.06.2025;11:19:26.137;FESX SI 20250620 CS;SIMPLE_INSTRUMENT;VOLA;EUR;637534275;5411.00000000;90;EXCHANGE_LAST;;1;1;XEUR;7904020;675;
04.06.2025;11:28:19.704;FESX SI 20250620 CS;SIMPLE_INSTRUMENT;VOLA;EUR;637534283;5403.00000000;50;EXCHANGE_LAST;;1;1;XEUR;7904020;675;
04.06.2025;10:15:07.561;FEU3 SI 20251215 CS;SIMPLE_INSTRUMENT;BLOCK;EUR;34;98.26000000;5000;EXCHANGE_LAST;;1;1;XEUR;4624157;702;
04.06.2025;08:57:43.064;FEXD SI 20281215 CS;SIMPLE_INSTRUMENT;BLOCK;EUR;2;148.50000000;100;EXCHANGE_LAST;;1;1;XEUR;3680985;693;
04.06.2025;08:57:46.667;FEXD SI 20261218 CS;SIMPLE_INSTRUMENT;BLOCK;EUR;3;156.20000000;100;EXCHANGE_LAST;;1;1;XEUR;2163053;693;
04.06.2025;11:33:33.740;FEXD SI 20251219 CS;SIMPLE_INSTRUMENT;BLOCK;EUR;17;164.90000000;250;EXCHANGE_LAST;;1;1;XEUR;1548120;693;
04.06.2025;11:33:59.488;FEXD SI 20251219 CS;SIMPLE_INSTRUMENT;BLOCK;EUR;18;165.00000000;250;EXCHANGE_LAST;;1;1;XEUR;1548120;693;
04.06.2025;13:30:20.128;FEXD SI 20261218 CS;SIMPLE_INSTRUMENT;BLOCK;EUR;29;156.20000000;100;EXCHANGE_LAST;;1;1;XEUR;2163053;693;
04.06.2025;13:38:34.163;FEXD SI 20281215 CS;SIMPLE_INSTRUMENT;BLOCK;EUR;30;148.10000000;200;EXCHANGE_LAST;;1;1;XEUR;3680985;693;
04.06.2025;11:09:03.541;FEXD SI 20271217 CS;SIMPLE_INSTRUMENT;VOLA;EUR;301989896;151.80000000;75;EXCHANGE_LAST;;1;1;XEUR;2848338;693;
04.06.2025;15:24:21.472;FFOX SI 20250619 CS;SIMPLE_INSTRUMENT;BLOCK;EUR;6;4772.10000000;200;EXCHANGE_LAST;;1;1;XEUR;11881292;695;
04.06.2025;06:59:33.195;FGBL SI 20250606 PS;SIMPLE_INSTRUMENT;EFS;EUR;1;131.23000000;217;EXCHANGE_LAST;;1;1;XEUR;11820389;688;
04.06.2025;07:00:12.554;FGBL SI 20250606 PS;SIMPLE_INSTRUMENT;EFS;EUR;2;131.22000000;217;EXCHANGE_LAST;;1;1;XEUR;11820389;688;
04.06.2025;07:20:05.912;FGBL.S.JUN25.SEP25.SPD;FUTURES_SPREAD;BLOCK;EUR;3;0.19000000;2196;EXCHANGE_LAST;;1;1;XEUR;72060548975427678;688;
04.06.2025;07:20:05.912;FGBL SI 20250908 PS;SIMPLE_INSTRUMENT;BLOCK;EUR;3;131.06000000;2196;PRC_DECOMP_EXCHANGE;;;;XEUR;12372482;688;EXCHANGE
04.06.2025;07:20:05.912;FGBL SI 20250606 PS;SIMPLE_INSTRUMENT;BLOCK;EUR;3;131.25000000;2196;PRC_DECOMP_EXCHANGE;;;;XEUR;11820389;688;EXCHANGE
04.06.2025;07:22:50.502;FGBL SI 20250606 PS;SIMPLE_INSTRUMENT;EFS;EUR;4;131.29000000;868;EXCHANGE_LAST;;1;1;XEUR;11820389;688;
04.06.2025;07:24:07.116;FGBL SI 20250606 PS;SIMPLE_INSTRUMENT;EFS;EUR;5;131.29000000;868;EXCHANGE_LAST;;1;1;XEUR;11820389;688;
04.06.2025;07:24:11.149;FGBL SI 20250606 PS;SIMPLE_INSTRUMENT;BLOCK;EUR;6;131.27000000;4000;EXCHANGE_LAST;;1;1;XEUR;11820389;688;
04.06.2025;07:25:46.389;FGBL SI 20250908 PS;SIMPLE_INSTRUMENT;BLOCK;EUR;7;131.08000000;2000;EXCHANGE_LAST;;1;1;XEUR;12372482;688;
04.06.2025;07:25:59.573;FGBL SI 20250908 PS;SIMPLE_INSTRUMENT;BLOCK;EUR;8;131.07000000;2000;EXCHANGE_LAST;;1;1;XEUR;12372482;688;
04.06.2025;07:45:23.253;FGBL SI 20250908 PS;SIMPLE_INSTRUMENT;EFS;EUR;9;131.09000000;97;EXCHANGE_LAST;;1;1;XEUR;12372482;688;
04.06.2025;07:55:05.414;FGBL SI 20250606 PS;SIMPLE_INSTRUMENT;EFP_FIN;EUR;10;131.23000000;100;EXCHANGE_LAST;;1;1;XEUR;11820389;688;
04.06.2025;07:59:36.930;FGBL SI 20250606 PS;SIMPLE_INSTRUMENT;BLOCK;EUR;11;131.11000000;3351;EXCHANGE_LAST;;1;1;XEUR;11820389;688;
04.06.2025;07:59:42.930;FGBL SI 20250908 PS;SIMPLE_INSTRUMENT;BLOCK;EUR;12;130.92000000;3351;EXCHANGE_LAST;;1;1;XEUR;12372482;688;
04.06.2025;08:01:01.751;FGBL SI 20250606 PS;SIMPLE_INSTRUMENT;EFS;EUR;13;131.12000000;434;EXCHANGE_LAST;;1;1;XEUR;11820389;688;
04.06.2025;08:02:01.028;FGBL SI 20250606 PS;SIMPLE_INSTRUMENT;EFS;EUR;14;131.13000000;434;EXCHANGE_LAST;;1;1;XEUR;11820389;688;
04.06.2025;08:06:57.939;FGBL SI 20250606 PS;SIMPLE_INSTRUMENT;EFS;EUR;15;131.11000000;539;EXCHANGE_LAST;;1;1;XEUR;11820389;688;
04.06.2025;08:09:38.763;FGBL SI 20250606 PS;SIMPLE_INSTRUMENT;EFS;EUR;16;131.11000000;439;EXCHANGE_LAST;;1;1;XEUR;11820389;688;
04.06.2025;08:10:11.611;FGBL SI 20250606 PS;SIMPLE_INSTRUMENT;EFS;EUR;17;131.11000000;100;EXCHANGE_LAST;;1;1;XEUR;11820389;688;
04.06.2025;08:10:34.849;FGBL SI 20250606 PS;SIMPLE_INSTRUMENT;EFS;EUR;18;131.11000000;434;EXCHANGE_LAST;;1;1;XEUR;11820389;688;
04.06.2025;08:13:55.366;FGBL SI 20250908 PS;SIMPLE_INSTRUMENT;EFS;EUR;19;130.96000000;850;EXCHANGE_LAST;;1;1;XEUR;12372482;688;
04.06.2025;08:14:34.404;FGBL SI 20250908 PS;SIMPLE_INSTRUMENT;EFS;EUR;20;131.05000000;1392;EXCHANGE_LAST;;1;1;XEUR;12372482;688;
04.06.2025;08:15:37.841;FGBL SI 20250606 PS;SIMPLE_INSTRUMENT;EFS;EUR;21;131.25000000;1405;EXCHANGE_LAST;;1;1;XEUR;11820389;688;
04.06.2025;08:18:12.858;FGBL SI 20250606 PS;SIMPLE_INSTRUMENT;EFP_FIN;EUR;22;131.07000000;1347;EXCHANGE_LAST;;1;1;XEUR;11820389;688;
04.06.2025;08:18:28.832;FGBL SI 20250606 PS;SIMPLE_INSTRUMENT;BLOCK;EUR;23;131.10000000;4170;EXCHANGE_LAST;;1;1;XEUR;11820389;688;
04.06.2025;08:18:49.682;FGBL SI 20250908 PS;SIMPLE_INSTRUMENT;BLOCK;EUR;24;130.91000000;2085;EXCHANGE_LAST;;1;1;XEUR;12372482;688;
04.06.2025;08:18:55.709;FGBL SI 20250908 PS;SIMPLE_INSTRUMENT;BLOCK;EUR;25;130.90000000;2085;EXCHANGE_LAST;;1;1;XEUR;12372482;688;
04.06.2025;08:28:03.050;FGBL SI 20250606 PS;SIMPLE_INSTRUMENT;EFS;EUR;26;131.06000000;435;EXCHANGE_LAST;;1;1;XEUR;11820389;688;
04.06.2025;08:50:15.026;FGBL SI 20250606 PS;SIMPLE_INSTRUMENT;EFS;EUR;27;131.08000000;217;EXCHANGE_LAST;;1;1;XEUR;11820389;688;
04.06.2025;08:51:06.146;FGBL SI 20250606 PS;SIMPLE_INSTRUMENT;EFS;EUR;28;131.08000000;144;EXCHANGE_LAST;;1;1;XEUR;11820389;688;
04.06.2025;08:52:09.287;FGBL SI 20250908 PS;SIMPLE_INSTRUMENT;EFS;EUR;29;130.90000000;1452;EXCHANGE_LAST;;1;1;XEUR;12372482;688;
04.06.2025;08:58:15.379;FGBL SI 20250606 PS;SIMPLE_INSTRUMENT;EFS;EUR;30;131.05000000;217;EXCHANGE_LAST;;1;1;XEUR;11820389;688;
04.06.2025;09:00:25.833;FGBL SI 20250606 PS;SIMPLE_INSTRUMENT;EFS;EUR;31;131.05000000;275;EXCHANGE_LAST;;1;1;XEUR;11820389;688;
04.06.2025;09:01:36.212;FGBL SI 20250908 PS;SIMPLE_INSTRUMENT;EFS;EUR;32;130.86000000;279;EXCHANGE_LAST;;1;1;XEUR;12372482;688;
04.06.2025;09:02:18.347;FGBL SI 20250908 PS;SIMPLE_INSTRUMENT;EFS;EUR;33;130.84000000;850;EXCHANGE_LAST;;1;1;XEUR;12372482;688;
04.06.2025;09:32:23.909;FGBL SI 20250606 PS;SIMPLE_INSTRUMENT;EFS;EUR;34;131.04000000;275;EXCHANGE_LAST;;1;1;XEUR;11820389;688;
04.06.2025;09:32:23.909;FGBL SI 20250908 PS;SIMPLE_INSTRUMENT;EFS;EUR;35;130.84000000;272;EXCHANGE_LAST;;1;1;XEUR;12372482;688;
04.06.2025;09:35:24.166;FGBL SI 20250606 PS;SIMPLE_INSTRUMENT;EFS;EUR;36;131.01000000;435;EXCHANGE_LAST;;1;1;XEUR;11820389;688;
04.06.2025;09:35:29.171;FGBL SI 20250606 PS;SIMPLE_INSTRUMENT;EFS;EUR;37;131.01000000;435;EXCHANGE_LAST;;1;1;XEUR;11820389;688;
04.06.2025;09:36:24.224;FGBL SI 20250606 PS;SIMPLE_INSTRUMENT;EFS;EUR;38;131.01000000;435;EXCHANGE_LAST;;1;1;XEUR;11820389;688;
04.06.2025;09:41:59.560;FGBL SI 20250908 PS;SIMPLE_INSTRUMENT;EFS;EUR;39;130.80000000;420;EXCHANGE_LAST;;1;1;XEUR;12372482;688;
04.06.2025;09:42:12.136;FGBL SI 20250908 PS;SIMPLE_INSTRUMENT;EFS;EUR;40;130.80000000;242;EXCHANGE_LAST;;1;1;XEUR;12372482;688;
04.06.2025;09:42:12.593;FGBL SI 20250908 PS;SIMPLE_INSTRUMENT;EFS;EUR;41;130.80000000;420;EXCHANGE_LAST;;1;1;XEUR;12372482;688;
04.06.2025;09:46:56.272;FGBL SI 20250606 PS;SIMPLE_INSTRUMENT;EFS;EUR;42;130.98000000;217;EXCHANGE_LAST;;1;1;XEUR;11820389;688;
04.06.2025;09:54:33.026;FGBL SI 20250606 PS;SIMPLE_INSTRUMENT;EFP_FIN;EUR;43;130.98000000;1965;EXCHANGE_LAST;;1;1;XEUR;11820389;688;
04.06.2025;09:56:15.213;FGBL SI 20250606 PS;SIMPLE_INSTRUMENT;EFS;EUR;44;130.98000000;218;EXCHANGE_LAST;;1;1;XEUR;11820389;688;
04.06.2025;10:02:19.853;FGBL SI 20250606 PS;SIMPLE_INSTRUMENT;EFS;EUR;45;130.99000000;139;EXCHANGE_LAST;;1;1;XEUR;11820389;688;
04.06.2025;10:03:08.876;FGBL SI 20250606 PS;SIMPLE_INSTRUMENT;BLOCK;EUR;46;130.98000000;2688;EXCHANGE_LAST;;1;1;XEUR;11820389;688;
04.06.2025;10:03:00.279;FGBL SI 20250606 PS;SIMPLE_INSTRUMENT;EFP_FIN;EUR;47;130.98000000;1601;EXCHANGE_LAST;;1;1;XEUR;11820389;688;
04.06.2025;10:07:55.358;FGBL SI 20250908 PS;SIMPLE_INSTRUMENT;EFS;EUR;48;130.78000000;260;EXCHANGE_LAST;;1;1;XEUR;12372482;688;
04.06.2025;10:21:22.532;FGBL SI 20250606 PS;SIMPLE_INSTRUMENT;EFS;EUR;49;131.11000000;434;EXCHANGE_LAST;;1;1;XEUR;11820389;688;
04.06.2025;10:22:15.363;FGBL SI 20250606 PS;SIMPLE_INSTRUMENT;EFS;EUR;50;131.09000000;435;EXCHANGE_LAST;;1;1;XEUR;11820389;688;
04.06.2025;10:22:35.394;FGBL SI 20250606 PS;SIMPLE_INSTRUMENT;EFS;EUR;51;131.08000000;434;EXCHANGE_LAST;;1;1;XEUR;11820389;688;
04.06.2025;10:23:56.731;FGBL SI 20250606 PS;SIMPLE_INSTRUMENT;EFS;EUR;52;131.09000000;217;EXCHANGE_LAST;;1;1;XEUR;11820389;688;
04.06.2025;10:59:37.602;FGBL SI 20250908 PS;SIMPLE_INSTRUMENT;EFP_FIN;EUR;53;130.90000000;1946;EXCHANGE_LAST;;1;1;XEUR;12372482;688;
04.06.2025;11:02:59.671;FGBL.S.JUN25.SEP25.SPD;FUTURES_SPREAD;BLOCK;EUR;54;0.19000000;2127;EXCHANGE_LAST;;1;1;XEUR;72060548975427678;688;
04.06.2025;11:02:59.671;FGBL SI 20250908 PS;SIMPLE_INSTRUMENT;BLOCK;EUR;54;130.91000000;2127;PRC_DECOMP_EXCHANGE;;;;XEUR;12372482;688;EXCHANGE
04.06.2025;11:02:59.671;FGBL SI 20250606 PS;SIMPLE_INSTRUMENT;BLOCK;EUR;54;131.10000000;2127;PRC_DECOMP_EXCHANGE;;;;XEUR;11820389;688;EXCHANGE
04.06.2025;11:03:01.212;FGBL.S.JUN25.SEP25.SPD;FUTURES_SPREAD;BLOCK;EUR;55;0.20000000;2127;EXCHANGE_LAST;;1;1;XEUR;72060548975427678;688;
04.06.2025;11:03:01.212;FGBL SI 20250606 PS;SIMPLE_INSTRUMENT;BLOCK;EUR;55;131.11000000;2127;PRC_DECOMP_EXCHANGE;;;;XEUR;11820389;688;EXCHANGE
04.06.2025;11:03:01.212;FGBL SI 20250908 PS;SIMPLE_INSTRUMENT;BLOCK;EUR;55;130.91000000;2127;PRC_DECOMP_EXCHANGE;;;;XEUR;12372482;688;EXCHANGE
04.06.2025;11:15:55.648;FGBL SI 20250606 PS;SIMPLE_INSTRUMENT;EFS;EUR;56;131.14000000;434;EXCHANGE_LAST;;1;1;XEUR;11820389;688;
04.06.2025;11:18:25.142;FGBL SI 20250606 PS;SIMPLE_INSTRUMENT;EFP_FIN;EUR;57;131.14000000;449;EXCHANGE_LAST;;1;1;XEUR;11820389;688;
04.06.2025;11:18:46.619;FGBL SI 20250606 PS;SIMPLE_INSTRUMENT;EFS;EUR;58;131.14000000;217;EXCHANGE_LAST;;1;1;XEUR;11820389;688;
04.06.2025;11:25:10.956;FGBL SI 20250606 PS;SIMPLE_INSTRUMENT;EFP_FIN;EUR;59;131.14000000;489;EXCHANGE_LAST;;1;1;XEUR;11820389;688;
04.06.2025;11:25:26.727;FGBL SI 20250606 PS;SIMPLE_INSTRUMENT;EFS;EUR;60;131.10000000;434;EXCHANGE_LAST;;1;1;XEUR;11820389;688;
04.06.2025;11:29:50.024;FGBL SI 20250606 PS;SIMPLE_INSTRUMENT;EFS;EUR;61;131.12000000;140;EXCHANGE_LAST;;1;1;XEUR;11820389;688;
04.06.2025;11:30:36.731;FGBL SI 20250908 PS;SIMPLE_INSTRUMENT;EFS;EUR;62;130.93000000;139;EXCHANGE_LAST;;1;1;XEUR;12372482;688;
04.06.2025;11:41:42.686;FGBL SI 20250606 PS;SIMPLE_INSTRUMENT;EFP_FIN;EUR;63;131.05000000;254;EXCHANGE_LAST;;1;1;XEUR;11820389;688;
04.06.2025;11:42:20.290;FGBL SI 20250908 PS;SIMPLE_INSTRUMENT;EFP_FIN;EUR;64;130.92000000;448;EXCHANGE_LAST;;1;1;XEUR;12372482;688;
04.06.2025;11:51:54.601;FGBL SI 20250908 PS;SIMPLE_INSTRUMENT;EFS;EUR;65;130.86000000;425;EXCHANGE_LAST;;1;1;XEUR;12372482;688;
04.06.2025;12:08:42.161;FGBL SI 20250908 PS;SIMPLE_INSTRUMENT;EFS;EUR;66;130.88000000;128;EXCHANGE_LAST;;1;1;XEUR;12372482;688;
04.06.2025;12:08:50.162;FGBL SI 20250908 PS;SIMPLE_INSTRUMENT;EFS;EUR;67;130.88000000;128;EXCHANGE_LAST;;1;1;XEUR;12372482;688;
04.06.2025;12:24:41.948;FGBL SI 20250606 PS;SIMPLE_INSTRUMENT;EFS;EUR;68;131.09000000;434;EXCHANGE_LAST;;1;1;XEUR;11820389;688;
04.06.2025;12:25:46.071;FGBL SI 20250606 PS;SIMPLE_INSTRUMENT;EFS;EUR;69;131.13000000;217;EXCHANGE_LAST;;1;1;XEUR;11820389;688;
04.06.2025;12:43:01.174;FGBL SI 20250908 PS;SIMPLE_INSTRUMENT;EFS;EUR;70;130.98000000;450;EXCHANGE_LAST;;1;1;XEUR;12372482;688;
04.06.2025;12:46:02.425;FGBL.S.JUN25.SEP25.SPD;FUTURES_SPREAD;BLOCK;EUR;71;0.19000000;2455;EXCHANGE_LAST;;1;1;XEUR;72060548975427678;688;
04.06.2025;12:46:02.425;FGBL SI 20250606 PS;SIMPLE_INSTRUMENT;BLOCK;EUR;71;131.14000000;2455;PRC_DECOMP_EXCHANGE;;;;XEUR;11820389;688;EXCHANGE
04.06.2025;12:46:02.425;FGBL SI 20250908 PS;SIMPLE_INSTRUMENT;BLOCK;EUR;71;130.95000000;2455;PRC_DECOMP_EXCHANGE;;;;XEUR;12372482;688;EXCHANGE
04.06.2025;12:46:12.000;FGBL.S.JUN25.SEP25.SPD;FUTURES_SPREAD;BLOCK;EUR;72;0.20000000;2456;EXCHANGE_LAST;;1;1;XEUR;72060548975427678;688;
04.06.2025;12:46:12.000;FGBL SI 20250606 PS;SIMPLE_INSTRUMENT;BLOCK;EUR;72;131.15000000;2456;PRC_DECOMP_EXCHANGE;;;;XEUR;11820389;688;EXCHANGE
04.06.2025;12:46:12.000;FGBL SI 20250908 PS;SIMPLE_INSTRUMENT;BLOCK;EUR;72;130.95000000;2456;PRC_DECOMP_EXCHANGE;;;;XEUR;12372482;688;EXCHANGE
04.06.2025;12:50:01.570;FGBL SI 20250606 PS;SIMPLE_INSTRUMENT;EFS;EUR;73;131.19000000;393;EXCHANGE_LAST;;1;1;XEUR;11820389;688;
04.06.2025;12:50:43.704;FGBL SI 20250908 PS;SIMPLE_INSTRUMENT;EFS;EUR;74;130.99000000;382;EXCHANGE_LAST;;1;1;XEUR;12372482;688;
04.06.2025;12:56:05.454;FGBL SI 20250606 PS;SIMPLE_INSTRUMENT;EFS;EUR;75;131.12000000;435;EXCHANGE_LAST;;1;1;XEUR;11820389;688;
04.06.2025;12:56:20.469;FGBL SI 20250606 PS;SIMPLE_INSTRUMENT;EFS;EUR;76;131.11000000;435;EXCHANGE_LAST;;1;1;XEUR;11820389;688;
04.06.2025;12:57:23.151;FGBL SI 20250908 PS;SIMPLE_INSTRUMENT;EFS;EUR;77;130.98000000;150;EXCHANGE_LAST;;1;1;XEUR;12372482;688;
04.06.2025;12:58:02.381;FGBL SI 20250908 PS;SIMPLE_INSTRUMENT;EFS;EUR;78;130.89000000;242;EXCHANGE_LAST;;1;1;XEUR;12372482;688;
04.06.2025;12:57:58.294;FGBL SI 20250908 PS;SIMPLE_INSTRUMENT;EFS;EUR;79;130.92000000;147;EXCHANGE_LAST;;1;1;XEUR;12372482;688;
04.06.2025;12:58:12.295;FGBL SI 20250908 PS;SIMPLE_INSTRUMENT;EFS;EUR;80;130.92000000;147;EXCHANGE_LAST;;1;1;XEUR;12372482;688;
04.06.2025;13:00:26.323;FGBL SI 20250908 PS;SIMPLE_INSTRUMENT;EFS;EUR;81;130.89000000;425;EXCHANGE_LAST;;1;1;XEUR;12372482;688;
04.06.2025;13:00:32.585;FGBL SI 20250606 PS;SIMPLE_INSTRUMENT;EFP_FIN;EUR;82;131.10000000;561;EXCHANGE_LAST;;1;1;XEUR;11820389;688;
04.06.2025;13:11:27.258;FGBL SI 20250606 PS;SIMPLE_INSTRUMENT;EFS;EUR;83;131.08000000;435;EXCHANGE_LAST;;1;1;XEUR;11820389;688;
04.06.2025;13:12:36.728;FGBL SI 20250908 PS;SIMPLE_INSTRUMENT;EFS;EUR;84;130.87000000;1453;EXCHANGE_LAST;;1;1;XEUR;12372482;688;
04.06.2025;13:12:32.330;FGBL SI 20250606 PS;SIMPLE_INSTRUMENT;EFS;EUR;85;131.08000000;435;EXCHANGE_LAST;;1;1;XEUR;11820389;688;
04.06.2025;13:16:18.588;FGBL SI 20250606 PS;SIMPLE_INSTRUMENT;EFP_FIN;EUR;86;131.11000000;756;EXCHANGE_LAST;;1;1;XEUR;11820389;688;
04.06.2025;13:18:17.487;FGBL SI 20250908 PS;SIMPLE_INSTRUMENT;EFS;EUR;87;130.89000000;115;EXCHANGE_LAST;;1;1;XEUR;12372482;688;
04.06.2025;13:27:48.734;FGBL SI 20250908 PS;SIMPLE_INSTRUMENT;EFS;EUR;88;130.90000000;424;EXCHANGE_LAST;;1;1;XEUR;12372482;688;
04.06.2025;13:34:09.048;FGBL.S.JUN25.SEP25.SPD;FUTURES_SPREAD;BLOCK;EUR;89;0.19000000;2659;EXCHANGE_LAST;;1;1;XEUR;72060548975427678;688;
04.06.2025;13:34:09.048;FGBL SI 20250606 PS;SIMPLE_INSTRUMENT;BLOCK;EUR;89;131.05000000;2659;PRC_DECOMP_EXCHANGE;;;;XEUR;11820389;688;EXCHANGE
04.06.2025;13:34:09.048;FGBL SI 20250908 PS;SIMPLE_INSTRUMENT;BLOCK;EUR;89;130.86000000;2659;PRC_DECOMP_EXCHANGE;;;;XEUR;12372482;688;EXCHANGE
04.06.2025;13:30:19.219;FGBL SI 20250606 PS;SIMPLE_INSTRUMENT;EFS;EUR;90;131.12000000;435;EXCHANGE_LAST;;1;1;XEUR;11820389;688;
04.06.2025;13:31:19.270;FGBL SI 20250606 PS;SIMPLE_INSTRUMENT;EFS;EUR;91;131.11000000;435;EXCHANGE_LAST;;1;1;XEUR;11820389;688;
04.06.2025;13:34:19.406;FGBL SI 20250606 PS;SIMPLE_INSTRUMENT;EFS;EUR;92;131.06000000;435;EXCHANGE_LAST;;1;1;XEUR;11820389;688;
04.06.2025;13:37:14.558;FGBL SI 20250606 PS;SIMPLE_INSTRUMENT;EFS;EUR;93;131.05000000;435;EXCHANGE_LAST;;1;1;XEUR;11820389;688;
04.06.2025;13:37:19.565;FGBL SI 20250606 PS;SIMPLE_INSTRUMENT;EFS;EUR;94;131.05000000;435;EXCHANGE_LAST;;1;1;XEUR;11820389;688;
04.06.2025;13:42:03.890;FGBL SI 20250908 PS;SIMPLE_INSTRUMENT;EFS;EUR;95;130.91000000;194;EXCHANGE_LAST;;1;1;XEUR;12372482;688;
04.06.2025;13:44:19.483;FGBL SI 20250908 PS;SIMPLE_INSTRUMENT;EFS;EUR;96;130.88000000;242;EXCHANGE_LAST;;1;1;XEUR;12372482;688;
04.06.2025;13:49:36.142;FGBL SI 20250606 PS;SIMPLE_INSTRUMENT;EFS;EUR;97;130.98000000;435;EXCHANGE_LAST;;1;1;XEUR;11820389;688;
04.06.2025;13:49:37.953;FGBL SI 20250606 PS;SIMPLE_INSTRUMENT;EFP_FIN;EUR;98;130.97000000;1433;EXCHANGE_LAST;;1;1;XEUR;11820389;688;
04.06.2025;13:53:39.857;FGBL SI 20250606 PS;SIMPLE_INSTRUMENT;EFP_FIN;EUR;99;131.05000000;450;EXCHANGE_LAST;;1;1;XEUR;11820389;688;
04.06.2025;13:53:54.183;FGBL SI 20250908 PS;SIMPLE_INSTRUMENT;EFS;EUR;100;130.92000000;242;EXCHANGE_LAST;;1;1;XEUR;12372482;688;
04.06.2025;13:56:17.264;FGBL SI 20250606 PS;SIMPLE_INSTRUMENT;EFS;EUR;101;131.01000000;435;EXCHANGE_LAST;;1;1;XEUR;11820389;688;
04.06.2025;14:00:51.681;FGBL SI 20250606 PS;SIMPLE_INSTRUMENT;EFS;EUR;102;130.98000000;435;EXCHANGE_LAST;;1;1;XEUR;11820389;688;
04.06.2025;14:11:12.173;FGBL SI 20250606 PS;SIMPLE_INSTRUMENT;EFS;EUR;103;131.07000000;869;EXCHANGE_LAST;;1;1;XEUR;11820389;688;
04.06.2025;14:11:17.178;FGBL SI 20250606 PS;SIMPLE_INSTRUMENT;EFS;EUR;104;131.12000000;435;EXCHANGE_LAST;;1;1;XEUR;11820389;688;
04.06.2025;14:13:40.392;FGBL SI 20250606 PS;SIMPLE_INSTRUMENT;EFS;EUR;105;131.12000000;869;EXCHANGE_LAST;;1;1;XEUR;11820389;688;
04.06.2025;14:14:41.767;FGBL SI 20250606 PS;SIMPLE_INSTRUMENT;EFS;EUR;106;131.13000000;261;EXCHANGE_LAST;;1;1;XEUR;11820389;688;
04.06.2025;14:22:16.318;FGBL SI 20250908 PS;SIMPLE_INSTRUMENT;EFS;EUR;107;130.88000000;434;EXCHANGE_LAST;;1;1;XEUR;12372482;688;
04.06.2025;14:26:10.072;FGBL SI 20250908 PS;SIMPLE_INSTRUMENT;BLOCK;EUR;108;130.94000000;3400;EXCHANGE_LAST;;1;1;XEUR;12372482;688;
04.06.2025;14:26:31.169;FGBL SI 20250908 PS;SIMPLE_INSTRUMENT;EFS;EUR;109;130.88000000;848;EXCHANGE_LAST;;1;1;XEUR;12372482;688;
04.06.2025;14:26:34.022;FGBL SI 20250606 PS;SIMPLE_INSTRUMENT;EFS;EUR;110;131.09000000;435;EXCHANGE_LAST;;1;1;XEUR;11820389;688;
04.06.2025;14:26:49.041;FGBL SI 20250606 PS;SIMPLE_INSTRUMENT;EFS;EUR;111;131.09000000;508;EXCHANGE_LAST;;1;1;XEUR;11820389;688;
04.06.2025;14:34:32.424;FGBL SI 20250606 PS;SIMPLE_INSTRUMENT;BLOCK;EUR;112;131.07000000;3813;EXCHANGE_LAST;;1;1;XEUR;11820389;688;
04.06.2025;14:34:42.161;FGBL SI 20250908 PS;SIMPLE_INSTRUMENT;BLOCK;EUR;113;130.87000000;3813;EXCHANGE_LAST;;1;1;XEUR;12372482;688;
04.06.2025;14:51:06.240;FGBL SI 20250606 PS;SIMPLE_INSTRUMENT;EFS;EUR;114;131.07000000;888;EXCHANGE_LAST;;1;1;XEUR;11820389;688;
04.06.2025;14:53:41.983;FGBL SI 20250908 PS;SIMPLE_INSTRUMENT;EFS;EUR;115;130.88000000;847;EXCHANGE_LAST;;1;1;XEUR;12372482;688;
04.06.2025;14:55:19.484;FGBL.S.JUN25.SEP25.SPD;FUTURES_SPREAD;BLOCK;EUR;116;0.19000000;2000;EXCHANGE_LAST;;1;1;XEUR;72060548975427678;688;
04.06.2025;14:55:19.484;FGBL SI 20250606 PS;SIMPLE_INSTRUMENT;BLOCK;EUR;116;131.09000000;2000;PRC_DECOMP_MEMBER;;;;XEUR;11820389;688;MEMBER
04.06.2025;14:55:19.484;FGBL SI 20250908 PS;SIMPLE_INSTRUMENT;BLOCK;EUR;116;130.90000000;2000;PRC_DECOMP_MEMBER;;;;XEUR;12372482;688;MEMBER
04.06.2025;14:55:28.913;FGBL.S.JUN25.SEP25.SPD;FUTURES_SPREAD;BLOCK;EUR;117;0.20000000;2000;EXCHANGE_LAST;;1;1;XEUR;72060548975427678;688;
04.06.2025;14:55:28.913;FGBL SI 20250606 PS;SIMPLE_INSTRUMENT;BLOCK;EUR;117;131.10000000;2000;PRC_DECOMP_MEMBER;;;;XEUR;11820389;688;MEMBER
04.06.2025;14:55:28.913;FGBL SI 20250908 PS;SIMPLE_INSTRUMENT;BLOCK;EUR;117;130.90000000;2000;PRC_DECOMP_MEMBER;;;;XEUR;12372482;688;MEMBER
04.06.2025;15:04:52.400;FGBL SI 20250606 PS;SIMPLE_INSTRUMENT;EFS;EUR;118;131.10000000;509;EXCHANGE_LAST;;1;1;XEUR;11820389;688;
04.06.2025;15:05:39.701;FGBL SI 20250908 PS;SIMPLE_INSTRUMENT;EFS;EUR;119;130.88000000;504;EXCHANGE_LAST;;1;1;XEUR;12372482;688;
04.06.2025;15:05:37.324;FGBL SI 20250606 PS;SIMPLE_INSTRUMENT;EFS;EUR;120;131.07000000;435;EXCHANGE_LAST;;1;1;XEUR;11820389;688;
04.06.2025;15:10:31.890;FGBL SI 20250606 PS;SIMPLE_INSTRUMENT;EFS;EUR;121;131.08000000;460;EXCHANGE_LAST;;1;1;XEUR;11820389;688;
04.06.2025;15:19:53.933;FGBL SI 20250606 PS;SIMPLE_INSTRUMENT;EFS;EUR;122;131.08000000;217;EXCHANGE_LAST;;1;1;XEUR;11820389;688;
04.06.2025;15:22:13.860;FGBL SI 20250606 PS;SIMPLE_INSTRUMENT;EFS;EUR;123;131.08000000;460;EXCHANGE_LAST;;1;1;XEUR;11820389;688;
04.06.2025;15:42:08.290;FGBL SI 20250606 PS;SIMPLE_INSTRUMENT;EFP_FIN;EUR;124;131.09000000;535;EXCHANGE_LAST;;1;1;XEUR;11820389;688;
04.06.2025;15:45:35.550;FGBL SI 20250606 PS;SIMPLE_INSTRUMENT;EFS;EUR;125;131.12000000;249;EXCHANGE_LAST;;1;1;XEUR;11820389;688;
04.06.2025;15:46:00.384;FGBL SI 20250606 PS;SIMPLE_INSTRUMENT;EFS;EUR;126;131.06000000;460;EXCHANGE_LAST;;1;1;XEUR;11820389;688;
04.06.2025;15:49:15.315;FGBL SI 20250606 PS;SIMPLE_INSTRUMENT;EFP_FIN;EUR;127;131.10000000;1497;EXCHANGE_LAST;;1;1;XEUR;11820389;688;
04.06.2025;15:59:08.601;FGBL SI 20250606 PS;SIMPLE_INSTRUMENT;EFS;EUR;128;131.06000000;435;EXCHANGE_LAST;;1;1;XEUR;11820389;688;
04.06.2025;16:08:44.949;FGBL SI 20250606 PS;SIMPLE_INSTRUMENT;EFS;EUR;129;131.10000000;434;EXCHANGE_LAST;;1;1;XEUR;11820389;688;
04.06.2025;16:15:58.162;FGBL SI 20250606 PS;SIMPLE_INSTRUMENT;EFP_FIN;EUR;130;131.10000000;224;EXCHANGE_LAST;;1;1;XEUR;11820389;688;
04.06.2025;16:16:20.093;FGBL SI 20250606 PS;SIMPLE_INSTRUMENT;EFP_FIN;EUR;131;131.10000000;187;EXCHANGE_LAST;;1;1;XEUR;11820389;688;
04.06.2025;16:16:37.487;FGBL SI 20250606 PS;SIMPLE_INSTRUMENT;EFP_FIN;EUR;132;131.10000000;427;EXCHANGE_LAST;;1;1;XEUR;11820389;688;
04.06.2025;16:17:05.617;FGBL SI 20250606 PS;SIMPLE_INSTRUMENT;EFP_FIN;EUR;133;131.10000000;561;EXCHANGE_LAST;;1;1;XEUR;11820389;688;
04.06.2025;16:39:07.615;FGBL SI 20250606 PS;SIMPLE_INSTRUMENT;BLOCK;EUR;134;131.23000000;7382;EXCHANGE_LAST;;1;1;XEUR;11820389;688;
04.06.2025;16:39:25.618;FGBL SI 20250606 PS;SIMPLE_INSTRUMENT;BLOCK;EUR;135;131.23000000;3817;EXCHANGE_LAST;;1;1;XEUR;11820389;688;
04.06.2025;09:39:14.752;FGBL SI 20250908 PS;SIMPLE_INSTRUMENT;VOLA;EUR;268435465;130.82000000;30;EXCHANGE_LAST;;1;1;XEUR;12372482;688;
04.06.2025;09:58:27.855;FGBL SI 20250908 PS;SIMPLE_INSTRUMENT;VOLA;EUR;268435468;130.79000000;130;EXCHANGE_LAST;;1;1;XEUR;12372482;688;
04.06.2025;11:30:36.024;FGBL SI 20250606 PS;SIMPLE_INSTRUMENT;VOLA;EUR;268435477;131.04000000;100;EXCHANGE_LAST;;1;1;XEUR;11820389;688;
04.06.2025;12:52:12.252;FGBL SI 20250908 PS;SIMPLE_INSTRUMENT;VOLA;EUR;268435482;130.84000000;100;EXCHANGE_LAST;;1;1;XEUR;12372482;688;
04.06.2025;14:02:36.512;FGBL SI 20250908 PS;SIMPLE_INSTRUMENT;VOLA;EUR;268435492;130.90000000;67;EXCHANGE_LAST;;1;1;XEUR;12372482;688;
04.06.2025;14:03:02.518;FGBL SI 20250908 PS;SIMPLE_INSTRUMENT;VOLA;EUR;268435493;130.90000000;68;EXCHANGE_LAST;;1;1;XEUR;12372482;688;
04.06.2025;14:47:55.670;FGBL SI 20250908 PS;SIMPLE_INSTRUMENT;VOLA;EUR;268435497;130.88000000;300;EXCHANGE_LAST;;1;1;XEUR;12372482;688;
04.06.2025;07:19:59.134;FGBM SI 20250606 PS;SIMPLE_INSTRUMENT;EFS;EUR;1;119.23000000;1636;EXCHANGE_LAST;;1;1;XEUR;11820390;689;
04.06.2025;07:21:06.462;FGBM SI 20250606 PS;SIMPLE_INSTRUMENT;EFS;EUR;2;119.23000000;1636;EXCHANGE_LAST;;1;1;XEUR;11820390;689;
04.06.2025;07:33:29.371;FGBM SI 20250606 PS;SIMPLE_INSTRUMENT;EFS;EUR;3;119.21000000;435;EXCHANGE_LAST;;1;1;XEUR;11820390;689;
04.06.2025;07:36:11.058;FGBM SI 20250606 PS;SIMPLE_INSTRUMENT;EFS;EUR;4;119.19000000;869;EXCHANGE_LAST;;1;1;XEUR;11820390;689;
04.06.2025;07:43:33.435;FGBM SI 20250606 PS;SIMPLE_INSTRUMENT;BLOCK;EUR;5;119.18000000;6000;EXCHANGE_LAST;;1;1;XEUR;11820390;689;
04.06.2025;07:43:50.436;FGBM SI 20250908 PS;SIMPLE_INSTRUMENT;BLOCK;EUR;6;118.16000000;3000;EXCHANGE_LAST;;1;1;XEUR;12372483;689;
04.06.2025;07:44:00.437;FGBM SI 20250908 PS;SIMPLE_INSTRUMENT;BLOCK;EUR;7;118.17000000;3000;EXCHANGE_LAST;;1;1;XEUR;12372483;689;
04.06.2025;07:52:33.893;FGBM SI 20250606 PS;SIMPLE_INSTRUMENT;EFS;EUR;8;119.15000000;870;EXCHANGE_LAST;;1;1;XEUR;11820390;689;
04.06.2025;08:00:01.923;FGBM SI 20250908 PS;SIMPLE_INSTRUMENT;EFS;EUR;9;118.14000000;687;EXCHANGE_LAST;;1;1;XEUR;12372483;689;
04.06.2025;08:09:01.046;FGBM SI 20250908 PS;SIMPLE_INSTRUMENT;EFS;EUR;10;118.09000000;372;EXCHANGE_LAST;;1;1;XEUR;12372483;689;
04.06.2025;08:16:36.359;FGBM SI 20250606 PS;SIMPLE_INSTRUMENT;EFS;EUR;11;119.09000000;870;EXCHANGE_LAST;;1;1;XEUR;11820390;689;
04.06.2025;08:18:46.472;FGBM SI 20250606 PS;SIMPLE_INSTRUMENT;EFS;EUR;12;119.09000000;435;EXCHANGE_LAST;;1;1;XEUR;11820390;689;
04.06.2025;08:18:51.477;FGBM SI 20250606 PS;SIMPLE_INSTRUMENT;EFS;EUR;13;119.09000000;435;EXCHANGE_LAST;;1;1;XEUR;11820390;689;
04.06.2025;08:23:15.731;FGBM SI 20250606 PS;SIMPLE_INSTRUMENT;EFS;EUR;14;119.12000000;2474;EXCHANGE_LAST;;1;1;XEUR;11820390;689;
04.06.2025;08:31:33.603;FGBM SI 20250908 PS;SIMPLE_INSTRUMENT;EFS;EUR;15;118.08000000;348;EXCHANGE_LAST;;1;1;XEUR;12372483;689;
04.06.2025;08:48:24.508;FGBM SI 20250606 PS;SIMPLE_INSTRUMENT;EFP_FIN;EUR;16;119.11000000;426;EXCHANGE_LAST;;1;1;XEUR;11820390;689;
04.06.2025;08:52:04.170;FGBM SI 20250606 PS;SIMPLE_INSTRUMENT;EFP_FIN;EUR;17;119.11000000;559;EXCHANGE_LAST;;1;1;XEUR;11820390;689;
04.06.2025;09:00:06.662;FGBM SI 20250606 PS;SIMPLE_INSTRUMENT;EFS;EUR;18;119.08000000;435;EXCHANGE_LAST;;1;1;XEUR;11820390;689;
04.06.2025;09:00:21.912;FGBM SI 20250606 PS;SIMPLE_INSTRUMENT;EFP_FIN;EUR;19;119.10000000;151;EXCHANGE_LAST;;1;1;XEUR;11820390;689;
04.06.2025;09:11:10.187;FGBM SI 20250908 PS;SIMPLE_INSTRUMENT;EFS;EUR;20;118.09000000;429;EXCHANGE_LAST;;1;1;XEUR;12372483;689;
04.06.2025;09:13:31.203;FGBM SI 20250606 PS;SIMPLE_INSTRUMENT;EFS;EUR;21;119.07000000;338;EXCHANGE_LAST;;1;1;XEUR;11820390;689;
04.06.2025;09:13:31.203;FGBM SI 20250908 PS;SIMPLE_INSTRUMENT;EFS;EUR;22;118.06000000;365;EXCHANGE_LAST;;1;1;XEUR;12372483;689;
04.06.2025;09:25:38.753;FGBM SI 20250606 PS;SIMPLE_INSTRUMENT;EFS;EUR;23;119.03000000;870;EXCHANGE_LAST;;1;1;XEUR;11820390;689;
04.06.2025;09:32:04.683;FGBM SI 20250606 PS;SIMPLE_INSTRUMENT;EFP_FIN;EUR;24;119.05000000;313;EXCHANGE_LAST;;1;1;XEUR;11820390;689;
04.06.2025;09:41:02.483;FGBM SI 20250908 PS;SIMPLE_INSTRUMENT;EFS;EUR;25;118.06000000;606;EXCHANGE_LAST;;1;1;XEUR;12372483;689;
04.06.2025;09:40:49.482;FGBM SI 20250606 PS;SIMPLE_INSTRUMENT;EFS;EUR;26;119.07000000;552;EXCHANGE_LAST;;1;1;XEUR;11820390;689;
04.06.2025;09:58:01.291;FGBM SI 20250606 PS;SIMPLE_INSTRUMENT;EFP_FIN;EUR;27;119.03000000;731;EXCHANGE_LAST;;1;1;XEUR;11820390;689;
04.06.2025;10:02:06.852;FGBM SI 20250606 PS;SIMPLE_INSTRUMENT;EFS;EUR;28;119.03000000;262;EXCHANGE_LAST;;1;1;XEUR;11820390;689;
04.06.2025;10:12:12.838;FGBM SI 20250606 PS;SIMPLE_INSTRUMENT;EFP_FIN;EUR;29;119.07000000;1820;EXCHANGE_LAST;;1;1;XEUR;11820390;689;
04.06.2025;10:19:58.756;FGBM SI 20250606 PS;SIMPLE_INSTRUMENT;EFP_FIN;EUR;30;119.06000000;851;EXCHANGE_LAST;;1;1;XEUR;11820390;689;
04.06.2025;10:23:38.812;FGBM SI 20250908 PS;SIMPLE_INSTRUMENT;EFS;EUR;31;118.04000000;3444;EXCHANGE_LAST;;1;1;XEUR;12372483;689;
04.06.2025;10:23:40.049;FGBM SI 20250908 PS;SIMPLE_INSTRUMENT;EFS;EUR;32;118.05000000;979;EXCHANGE_LAST;;1;1;XEUR;12372483;689;
04.06.2025;10:24:28.043;FGBM SI 20250606 PS;SIMPLE_INSTRUMENT;EFP_FIN;EUR;33;119.06000000;94;EXCHANGE_LAST;;1;1;XEUR;11820390;689;
04.06.2025;10:24:41.408;FGBM SI 20250606 PS;SIMPLE_INSTRUMENT;EFP_FIN;EUR;34;119.06000000;313;EXCHANGE_LAST;;1;1;XEUR;11820390;689;
04.06.2025;10:30:18.438;FGBM SI 20250606 PS;SIMPLE_INSTRUMENT;EFP_FIN;EUR;35;119.06000000;125;EXCHANGE_LAST;;1;1;XEUR;11820390;689;
04.06.2025;10:44:34.970;FGBM SI 20250606 PS;SIMPLE_INSTRUMENT;EFS;EUR;36;119.09000000;256;EXCHANGE_LAST;;1;1;XEUR;11820390;689;
04.06.2025;10:38:48.156;FGBM SI 20250606 PS;SIMPLE_INSTRUMENT;EFP_FIN;EUR;37;119.06000000;313;EXCHANGE_LAST;;1;1;XEUR;11820390;689;
04.06.2025;10:38:37.924;FGBM SI 20250606 PS;SIMPLE_INSTRUMENT;EFP_FIN;EUR;38;119.07000000;72;EXCHANGE_LAST;;1;1;XEUR;11820390;689;
04.06.2025;10:45:12.716;FGBM SI 20250606 PS;SIMPLE_INSTRUMENT;EFP_FIN;EUR;39;119.08000000;342;EXCHANGE_LAST;;1;1;XEUR;11820390;689;
04.06.2025;11:05:04.267;FGBM SI 20250908 PS;SIMPLE_INSTRUMENT;EFS;EUR;41;118.07000000;1956;EXCHANGE_LAST;;1;1;XEUR;12372483;689;
04.06.2025;11:14:18.857;FGBM SI 20250908 PS;SIMPLE_INSTRUMENT;EFP_FIN;EUR;42;118.08000000;278;EXCHANGE_LAST;;1;1;XEUR;12372483;689;
04.06.2025;11:14:44.015;FGBM.S.JUN25.SEP25.SPD;FUTURES_SPREAD;BLOCK;EUR;43;1.01000000;3000;EXCHANGE_LAST;;1;1;XEUR;72060553270394974;689;
04.06.2025;11:14:44.015;FGBM SI 20250908 PS;SIMPLE_INSTRUMENT;BLOCK;EUR;43;118.08000000;3000;PRC_DECOMP_EXCHANGE;;;;XEUR;12372483;689;EXCHANGE
04.06.2025;11:14:44.015;FGBM SI 20250606 PS;SIMPLE_INSTRUMENT;BLOCK;EUR;43;119.09000000;3000;PRC_DECOMP_EXCHANGE;;;;XEUR;11820390;689;EXCHANGE
04.06.2025;11:14:17.972;FGBM SI 20250606 PS;SIMPLE_INSTRUMENT;EFS;EUR;44;119.10000000;818;EXCHANGE_LAST;;1;1;XEUR;11820390;689;
04.06.2025;11:15:00.015;FGBM.S.JUN25.SEP25.SPD;FUTURES_SPREAD;BLOCK;EUR;45;1.02000000;3000;EXCHANGE_LAST;;1;1;XEUR;72060553270394974;689;
04.06.2025;11:15:00.015;FGBM SI 20250908 PS;SIMPLE_INSTRUMENT;BLOCK;EUR;45;118.08000000;3000;PRC_DECOMP_EXCHANGE;;;;XEUR;12372483;689;EXCHANGE
04.06.2025;11:15:00.015;FGBM SI 20250606 PS;SIMPLE_INSTRUMENT;BLOCK;EUR;45;119.10000000;3000;PRC_DECOMP_EXCHANGE;;;;XEUR;11820390;689;EXCHANGE
04.06.2025;11:15:07.819;FGBM SI 20250606 PS;SIMPLE_INSTRUMENT;EFS;EUR;46;119.11000000;410;EXCHANGE_LAST;;1;1;XEUR;11820390;689;
04.06.2025;11:29:41.134;FGBM SI 20250606 PS;SIMPLE_INSTRUMENT;EFP_FIN;EUR;47;119.09000000;581;EXCHANGE_LAST;;1;1;XEUR;11820390;689;
04.06.2025;11:31:34.261;FGBM SI 20250606 PS;SIMPLE_INSTRUMENT;EFP_FIN;EUR;48;119.09000000;244;EXCHANGE_LAST;;1;1;XEUR;11820390;689;
04.06.2025;11:32:55.212;FGBM SI 20250908 PS;SIMPLE_INSTRUMENT;EFP_FIN;EUR;49;118.06000000;345;EXCHANGE_LAST;;1;1;XEUR;12372483;689;
04.06.2025;11:36:26.693;FGBM SI 20250606 PS;SIMPLE_INSTRUMENT;EFS;EUR;50;119.05000000;1741;EXCHANGE_LAST;;1;1;XEUR;11820390;689;
04.06.2025;11:44:47.887;FGBM SI 20250908 PS;SIMPLE_INSTRUMENT;EFS;EUR;51;118.05000000;86;EXCHANGE_LAST;;1;1;XEUR;12372483;689;
04.06.2025;12:03:12.496;FGBM SI 20250606 PS;SIMPLE_INSTRUMENT;EFP_FIN;EUR;52;119.06000000;174;EXCHANGE_LAST;;1;1;XEUR;11820390;689;
04.06.2025;12:03:59.183;FGBM SI 20250908 PS;SIMPLE_INSTRUMENT;EFS;EUR;53;118.04000000;422;EXCHANGE_LAST;;1;1;XEUR;12372483;689;
04.06.2025;12:05:27.479;FGBM SI 20250908 PS;SIMPLE_INSTRUMENT;EFS;EUR;54;118.04000000;900;EXCHANGE_LAST;;1;1;XEUR;12372483;689;
04.06.2025;12:44:20.136;FGBM SI 20250606 PS;SIMPLE_INSTRUMENT;EFP_FIN;EUR;55;119.06000000;120;EXCHANGE_LAST;;1;1;XEUR;11820390;689;
04.06.2025;12:45:22.918;FGBM SI 20250606 PS;SIMPLE_INSTRUMENT;EFS;EUR;56;119.12000000;870;EXCHANGE_LAST;;1;1;XEUR;11820390;689;
04.06.2025;12:55:33.192;FGBM SI 20250908 PS;SIMPLE_INSTRUMENT;EFS;EUR;57;118.06000000;195;EXCHANGE_LAST;;1;1;XEUR;12372483;689;
04.06.2025;13:03:00.604;FGBM SI 20250606 PS;SIMPLE_INSTRUMENT;EFS;EUR;58;119.10000000;870;EXCHANGE_LAST;;1;1;XEUR;11820390;689;
04.06.2025;13:03:41.977;FGBM SI 20250606 PS;SIMPLE_INSTRUMENT;EFS;EUR;59;119.09000000;470;EXCHANGE_LAST;;1;1;XEUR;11820390;689;
04.06.2025;13:07:52.040;FGBM SI 20250606 PS;SIMPLE_INSTRUMENT;EFS;EUR;60;119.06000000;870;EXCHANGE_LAST;;1;1;XEUR;11820390;689;
04.06.2025;13:16:02.532;FGBM SI 20250606 PS;SIMPLE_INSTRUMENT;EFS;EUR;61;119.07000000;870;EXCHANGE_LAST;;1;1;XEUR;11820390;689;
04.06.2025;13:19:52.709;FGBM SI 20250606 PS;SIMPLE_INSTRUMENT;EFS;EUR;62;119.06000000;435;EXCHANGE_LAST;;1;1;XEUR;11820390;689;
04.06.2025;13:20:22.738;FGBM SI 20250606 PS;SIMPLE_INSTRUMENT;EFS;EUR;63;119.06000000;435;EXCHANGE_LAST;;1;1;XEUR;11820390;689;
04.06.2025;13:22:33.242;FGBM SI 20250606 PS;SIMPLE_INSTRUMENT;EFS;EUR;64;119.05000000;435;EXCHANGE_LAST;;1;1;XEUR;11820390;689;
04.06.2025;13:24:32.371;FGBM.S.JUN25.SEP25.SPD;FUTURES_SPREAD;BLOCK;EUR;65;1.01000000;3000;EXCHANGE_LAST;;1;1;XEUR;72060553270394974;689;
04.06.2025;13:24:32.371;FGBM SI 20250606 PS;SIMPLE_INSTRUMENT;BLOCK;EUR;65;119.05000000;3000;PRC_DECOMP_EXCHANGE;;;;XEUR;11820390;689;EXCHANGE
04.06.2025;13:24:32.371;FGBM SI 20250908 PS;SIMPLE_INSTRUMENT;BLOCK;EUR;65;118.04000000;3000;PRC_DECOMP_EXCHANGE;;;;XEUR;12372483;689;EXCHANGE
04.06.2025;13:24:51.373;FGBM.S.JUN25.SEP25.SPD;FUTURES_SPREAD;BLOCK;EUR;66;1.01000000;3000;EXCHANGE_LAST;;1;1;XEUR;72060553270394974;689;
04.06.2025;13:24:51.373;FGBM SI 20250908 PS;SIMPLE_INSTRUMENT;BLOCK;EUR;66;118.05000000;3000;PRC_DECOMP_EXCHANGE;;;;XEUR;12372483;689;EXCHANGE
04.06.2025;13:24:51.373;FGBM SI 20250606 PS;SIMPLE_INSTRUMENT;BLOCK;EUR;66;119.06000000;3000;PRC_DECOMP_EXCHANGE;;;;XEUR;11820390;689;EXCHANGE
04.06.2025;13:25:06.373;FGBM.S.JUN25.SEP25.SPD;FUTURES_SPREAD;BLOCK;EUR;67;1.02000000;3000;EXCHANGE_LAST;;1;1;XEUR;72060553270394974;689;
04.06.2025;13:25:06.373;FGBM SI 20250908 PS;SIMPLE_INSTRUMENT;BLOCK;EUR;67;118.05000000;3000;PRC_DECOMP_EXCHANGE;;;;XEUR;12372483;689;EXCHANGE
04.06.2025;13:25:06.373;FGBM SI 20250606 PS;SIMPLE_INSTRUMENT;BLOCK;EUR;67;119.07000000;3000;PRC_DECOMP_EXCHANGE;;;;XEUR;11820390;689;EXCHANGE
04.06.2025;13:23:47.404;FGBM SI 20250606 PS;SIMPLE_INSTRUMENT;EFS;EUR;68;119.05000000;435;EXCHANGE_LAST;;1;1;XEUR;11820390;689;
04.06.2025;13:25:26.375;FGBM.S.JUN25.SEP25.SPD;FUTURES_SPREAD;BLOCK;EUR;69;1.02000000;3000;EXCHANGE_LAST;;1;1;XEUR;72060553270394974;689;
04.06.2025;13:25:26.375;FGBM SI 20250908 PS;SIMPLE_INSTRUMENT;BLOCK;EUR;69;118.05000000;3000;PRC_DECOMP_EXCHANGE;;;;XEUR;12372483;689;EXCHANGE
04.06.2025;13:25:26.375;FGBM SI 20250606 PS;SIMPLE_INSTRUMENT;BLOCK;EUR;69;119.07000000;3000;PRC_DECOMP_EXCHANGE;;;;XEUR;11820390;689;EXCHANGE
04.06.2025;13:25:18.979;FGBM SI 20250606 PS;SIMPLE_INSTRUMENT;EFS;EUR;70;119.06000000;435;EXCHANGE_LAST;;1;1;XEUR;11820390;689;
04.06.2025;13:29:40.823;FGBM SI 20250908 PS;SIMPLE_INSTRUMENT;EFS;EUR;71;118.05000000;429;EXCHANGE_LAST;;1;1;XEUR;12372483;689;
04.06.2025;13:30:34.235;FGBM SI 20250606 PS;SIMPLE_INSTRUMENT;EFS;EUR;72;119.07000000;870;EXCHANGE_LAST;;1;1;XEUR;11820390;689;
04.06.2025;13:33:13.828;FGBM SI 20250908 PS;SIMPLE_INSTRUMENT;EFP_FIN;EUR;73;118.05000000;488;EXCHANGE_LAST;;1;1;XEUR;12372483;689;
04.06.2025;13:35:21.620;FGBM.S.JUN25.SEP25.SPD;FUTURES_SPREAD;BLOCK;EUR;74;1.01000000;4437;EXCHANGE_LAST;;1;1;XEUR;72060553270394974;689;
04.06.2025;13:35:21.620;FGBM SI 20250606 PS;SIMPLE_INSTRUMENT;BLOCK;EUR;74;119.03000000;4437;PRC_DECOMP_EXCHANGE;;;;XEUR;11820390;689;EXCHANGE
04.06.2025;13:35:21.620;FGBM SI 20250908 PS;SIMPLE_INSTRUMENT;BLOCK;EUR;74;118.02000000;4437;PRC_DECOMP_EXCHANGE;;;;XEUR;12372483;689;EXCHANGE
04.06.2025;13:35:27.909;FGBM.S.JUN25.SEP25.SPD;FUTURES_SPREAD;BLOCK;EUR;75;1.02000000;4438;EXCHANGE_LAST;;1;1;XEUR;72060553270394974;689;
04.06.2025;13:35:27.909;FGBM SI 20250606 PS;SIMPLE_INSTRUMENT;BLOCK;EUR;75;119.04000000;4438;PRC_DECOMP_EXCHANGE;;;;XEUR;11820390;689;EXCHANGE
04.06.2025;13:35:27.909;FGBM SI 20250908 PS;SIMPLE_INSTRUMENT;BLOCK;EUR;75;118.02000000;4438;PRC_DECOMP_EXCHANGE;;;;XEUR;12372483;689;EXCHANGE
04.06.2025;13:38:54.419;FGBM SI 20250908 PS;SIMPLE_INSTRUMENT;BLOCK;EUR;78;118.01000000;3000;EXCHANGE_LAST;;1;1;XEUR;12372483;689;
04.06.2025;13:37:34.592;FGBM SI 20250606 PS;SIMPLE_INSTRUMENT;EFS;EUR;79;119.03000000;871;EXCHANGE_LAST;;1;1;XEUR;11820390;689;
04.06.2025;13:38:39.418;FGBM SI 20250908 PS;SIMPLE_INSTRUMENT;BLOCK;EUR;80;118.00000000;3000;EXCHANGE_LAST;;1;1;XEUR;12372483;689;
04.06.2025;13:38:28.417;FGBM SI 20250606 PS;SIMPLE_INSTRUMENT;BLOCK;EUR;81;119.02000000;6000;EXCHANGE_LAST;;1;1;XEUR;11820390;689;
04.06.2025;13:38:49.650;FGBM SI 20250606 PS;SIMPLE_INSTRUMENT;EFS;EUR;82;119.03000000;435;EXCHANGE_LAST;;1;1;XEUR;11820390;689;
04.06.2025;13:40:41.623;FGBM SI 20250606 PS;SIMPLE_INSTRUMENT;BLOCK;EUR;83;119.00000000;10000;EXCHANGE_LAST;;1;1;XEUR;11820390;689;
04.06.2025;13:42:35.850;FGBM SI 20250908 PS;SIMPLE_INSTRUMENT;BLOCK;EUR;84;117.98000000;5309;EXCHANGE_LAST;;1;1;XEUR;12372483;689;
04.06.2025;13:42:36.590;FGBM SI 20250908 PS;SIMPLE_INSTRUMENT;BLOCK;EUR;85;117.99000000;5309;EXCHANGE_LAST;;1;1;XEUR;12372483;689;
04.06.2025;13:50:31.195;FGBM SI 20250606 PS;SIMPLE_INSTRUMENT;EFS;EUR;86;118.99000000;871;EXCHANGE_LAST;;1;1;XEUR;11820390;689;
04.06.2025;13:59:04.297;FGBM SI 20250606 PS;SIMPLE_INSTRUMENT;EFP_FIN;EUR;87;119.01000000;1278;EXCHANGE_LAST;;1;1;XEUR;11820390;689;
04.06.2025;14:02:03.559;FGBM SI 20250908 PS;SIMPLE_INSTRUMENT;EFS;EUR;88;118.00000000;685;EXCHANGE_LAST;;1;1;XEUR;12372483;689;
04.06.2025;14:05:58.308;FGBM SI 20250908 PS;SIMPLE_INSTRUMENT;EFS;EUR;89;118.01000000;1369;EXCHANGE_LAST;;1;1;XEUR;12372483;689;
04.06.2025;14:16:37.905;FGBM SI 20250606 PS;SIMPLE_INSTRUMENT;EFP_FIN;EUR;90;119.08000000;112;EXCHANGE_LAST;;1;1;XEUR;11820390;689;
04.06.2025;14:26:09.197;FGBM SI 20250908 PS;SIMPLE_INSTRUMENT;EFS;EUR;91;118.04000000;1956;EXCHANGE_LAST;;1;1;XEUR;12372483;689;
04.06.2025;14:27:14.066;FGBM SI 20250606 PS;SIMPLE_INSTRUMENT;EFS;EUR;92;119.06000000;870;EXCHANGE_LAST;;1;1;XEUR;11820390;689;
04.06.2025;14:28:44.144;FGBM SI 20250606 PS;SIMPLE_INSTRUMENT;EFS;EUR;93;119.06000000;1741;EXCHANGE_LAST;;1;1;XEUR;11820390;689;
04.06.2025;14:32:35.350;FGBM SI 20250908 PS;SIMPLE_INSTRUMENT;EFS;EUR;94;118.04000000;428;EXCHANGE_LAST;;1;1;XEUR;12372483;689;
04.06.2025;14:43:33.676;FGBM SI 20250908 PS;SIMPLE_INSTRUMENT;EFP_FIN;EUR;95;118.05000000;825;EXCHANGE_LAST;;1;1;XEUR;12372483;689;
04.06.2025;14:47:29.968;FGBM SI 20250606 PS;SIMPLE_INSTRUMENT;EFS;EUR;96;119.05000000;808;EXCHANGE_LAST;;1;1;XEUR;11820390;689;
04.06.2025;14:49:27.522;FGBM SI 20250908 PS;SIMPLE_INSTRUMENT;EFS;EUR;97;118.02000000;338;EXCHANGE_LAST;;1;1;XEUR;12372483;689;
04.06.2025;15:02:22.268;FGBM SI 20250606 PS;SIMPLE_INSTRUMENT;EFS;EUR;98;119.06000000;345;EXCHANGE_LAST;;1;1;XEUR;11820390;689;
04.06.2025;15:02:45.671;FGBM SI 20250606 PS;SIMPLE_INSTRUMENT;EFP_FIN;EUR;99;119.06000000;1155;EXCHANGE_LAST;;1;1;XEUR;11820390;689;
04.06.2025;15:05:37.279;FGBM SI 20250606 PS;SIMPLE_INSTRUMENT;EFS;EUR;100;119.05000000;819;EXCHANGE_LAST;;1;1;XEUR;11820390;689;
04.06.2025;15:07:27.144;FGBM SI 20250908 PS;SIMPLE_INSTRUMENT;EFS;EUR;101;118.04000000;978;EXCHANGE_LAST;;1;1;XEUR;12372483;689;
04.06.2025;15:08:29.508;FGBM SI 20250606 PS;SIMPLE_INSTRUMENT;EFS;EUR;102;119.07000000;324;EXCHANGE_LAST;;1;1;XEUR;11820390;689;
04.06.2025;15:09:45.403;FGBM SI 20250606 PS;SIMPLE_INSTRUMENT;EFS;EUR;103;119.04000000;870;EXCHANGE_LAST;;1;1;XEUR;11820390;689;
04.06.2025;15:16:57.790;FGBM SI 20250908 PS;SIMPLE_INSTRUMENT;EFP_FIN;EUR;104;118.02000000;342;EXCHANGE_LAST;;1;1;XEUR;12372483;689;
04.06.2025;15:19:03.893;FGBM SI 20250606 PS;SIMPLE_INSTRUMENT;EFS;EUR;105;119.04000000;435;EXCHANGE_LAST;;1;1;XEUR;11820390;689;
04.06.2025;15:20:28.729;FGBM SI 20250606 PS;SIMPLE_INSTRUMENT;EFS;EUR;106;119.05000000;870;EXCHANGE_LAST;;1;1;XEUR;11820390;689;
04.06.2025;15:27:03.233;FGBM SI 20250606 PS;SIMPLE_INSTRUMENT;EFP_FIN;EUR;107;119.06000000;2981;EXCHANGE_LAST;;1;1;XEUR;11820390;689;
04.06.2025;15:33:11.692;FGBM SI 20250908 PS;SIMPLE_INSTRUMENT;EFS;EUR;108;118.07000000;1712;EXCHANGE_LAST;;1;1;XEUR;12372483;689;
04.06.2025;15:37:02.846;FGBM.S.JUN25.SEP25.SPD;FUTURES_SPREAD;BLOCK;EUR;109;1.02000000;4918;EXCHANGE_LAST;;1;1;XEUR;72060553270394974;689;
04.06.2025;15:37:02.846;FGBM SI 20250908 PS;SIMPLE_INSTRUMENT;BLOCK;EUR;109;118.04000000;4918;PRC_DECOMP_MEMBER;;;;XEUR;12372483;689;MEMBER
04.06.2025;15:37:02.846;FGBM SI 20250606 PS;SIMPLE_INSTRUMENT;BLOCK;EUR;109;119.06000000;4918;PRC_DECOMP_MEMBER;;;;XEUR;11820390;689;MEMBER
04.06.2025;15:41:05.836;FGBM SI 20250606 PS;SIMPLE_INSTRUMENT;EFS;EUR;110;119.05000000;435;EXCHANGE_LAST;;1;1;XEUR;11820390;689;
04.06.2025;15:42:08.331;FGBM SI 20250606 PS;SIMPLE_INSTRUMENT;EFP_FIN;EUR;111;119.06000000;214;EXCHANGE_LAST;;1;1;XEUR;11820390;689;
04.06.2025;15:44:41.950;FGBM SI 20250606 PS;SIMPLE_INSTRUMENT;EFS;EUR;112;119.07000000;1512;EXCHANGE_LAST;;1;1;XEUR;11820390;689;
04.06.2025;15:45:19.389;FGBM SI 20250606 PS;SIMPLE_INSTRUMENT;EFS;EUR;113;119.02000000;870;EXCHANGE_LAST;;1;1;XEUR;11820390;689;
04.06.2025;15:46:56.025;FGBM SI 20250606 PS;SIMPLE_INSTRUMENT;EFS;EUR;114;119.02000000;870;EXCHANGE_LAST;;1;1;XEUR;11820390;689;
04.06.2025;15:50:32.452;FGBM SI 20250908 PS;SIMPLE_INSTRUMENT;EFS;EUR;115;118.05000000;750;EXCHANGE_LAST;;1;1;XEUR;12372483;689;
04.06.2025;15:59:27.650;FGBM SI 20250606 PS;SIMPLE_INSTRUMENT;EFS;EUR;116;119.02000000;871;EXCHANGE_LAST;;1;1;XEUR;11820390;689;
04.06.2025;16:12:37.906;FGBM SI 20250908 PS;SIMPLE_INSTRUMENT;EFS;EUR;117;118.05000000;1788;EXCHANGE_LAST;;1;1;XEUR;12372483;689;
04.06.2025;16:14:04.475;FGBM SI 20250908 PS;SIMPLE_INSTRUMENT;EFS;EUR;118;117.97000000;979;EXCHANGE_LAST;;1;1;XEUR;12372483;689;
04.06.2025;16:37:01.601;FGBM SI 20250606 PS;SIMPLE_INSTRUMENT;BLOCK;EUR;119;119.10000000;5288;EXCHANGE_LAST;;1;1;XEUR;11820390;689;
04.06.2025;16:38:21.610;FGBM SI 20250606 PS;SIMPLE_INSTRUMENT;BLOCK;EUR;121;119.10000000;4408;EXCHANGE_LAST;;1;1;XEUR;11820390;689;
04.06.2025;07:11:12.345;FGBS SI 20250606 PS;SIMPLE_INSTRUMENT;EFP_FIN;EUR;1;107.36000000;222;EXCHANGE_LAST;;1;1;XEUR;11820391;690;
04.06.2025;07:11:33.143;FGBS SI 20250606 PS;SIMPLE_INSTRUMENT;EFP_FIN;EUR;2;107.36000000;443;EXCHANGE_LAST;;1;1;XEUR;11820391;690;
04.06.2025;07:48:06.038;FGBS SI 20250606 PS;SIMPLE_INSTRUMENT;EFS;EUR;3;107.35000000;1362;EXCHANGE_LAST;;1;1;XEUR;11820391;690;
04.06.2025;07:48:56.929;FGBS SI 20250908 PS;SIMPLE_INSTRUMENT;EFS;EUR;4;107.44500000;1360;EXCHANGE_LAST;;1;1;XEUR;12372484;690;
04.06.2025;07:55:30.664;FGBS SI 20250606 PS;SIMPLE_INSTRUMENT;EFS;EUR;5;107.34000000;1362;EXCHANGE_LAST;;1;1;XEUR;11820391;690;
04.06.2025;07:57:27.670;FGBS SI 20250908 PS;SIMPLE_INSTRUMENT;EFS;EUR;6;107.43000000;1360;EXCHANGE_LAST;;1;1;XEUR;12372484;690;
04.06.2025;07:58:03.160;FGBS SI 20250606 PS;SIMPLE_INSTRUMENT;EFP_FIN;EUR;7;107.33500000;1069;EXCHANGE_LAST;;1;1;XEUR;11820391;690;
04.06.2025;08:03:47.691;FGBS.S.JUN25.SEP25.SPD;FUTURES_SPREAD;BLOCK;EUR;8;-0.09500000;10855;EXCHANGE_LAST;;1;1;XEUR;72060557565362270;690;
04.06.2025;08:03:47.691;FGBS SI 20250606 PS;SIMPLE_INSTRUMENT;BLOCK;EUR;8;107.32000000;10855;PRC_DECOMP_EXCHANGE;;;;XEUR;11820391;690;EXCHANGE
04.06.2025;08:03:47.691;FGBS SI 20250908 PS;SIMPLE_INSTRUMENT;BLOCK;EUR;8;107.41500000;10855;PRC_DECOMP_EXCHANGE;;;;XEUR;12372484;690;EXCHANGE
04.06.2025;08:12:05.735;FGBS SI 20250606 PS;SIMPLE_INSTRUMENT;EFP_FIN;EUR;9;107.34500000;1877;EXCHANGE_LAST;;1;1;XEUR;11820391;690;
04.06.2025;08:16:31.538;FGBS SI 20250606 PS;SIMPLE_INSTRUMENT;EFP_FIN;EUR;10;107.32000000;402;EXCHANGE_LAST;;1;1;XEUR;11820391;690;
04.06.2025;08:21:48.555;FGBS SI 20250606 PS;SIMPLE_INSTRUMENT;EFP_FIN;EUR;11;107.32000000;403;EXCHANGE_LAST;;1;1;XEUR;11820391;690;
04.06.2025;08:25:00.472;FGBS SI 20250908 PS;SIMPLE_INSTRUMENT;EFS;EUR;12;107.42000000;2389;EXCHANGE_LAST;;1;1;XEUR;12372484;690;
04.06.2025;08:28:38.461;FGBS SI 20250606 PS;SIMPLE_INSTRUMENT;BLOCK;EUR;13;107.32000000;8574;EXCHANGE_LAST;;1;1;XEUR;11820391;690;
04.06.2025;08:28:53.764;FGBS SI 20250908 PS;SIMPLE_INSTRUMENT;EFS;EUR;14;107.42000000;2389;EXCHANGE_LAST;;1;1;XEUR;12372484;690;
04.06.2025;08:28:59.768;FGBS SI 20250908 PS;SIMPLE_INSTRUMENT;EFS;EUR;15;107.41000000;968;EXCHANGE_LAST;;1;1;XEUR;12372484;690;
04.06.2025;08:30:37.703;FGBS SI 20250908 PS;SIMPLE_INSTRUMENT;BLOCK;EUR;16;107.41000000;4308;EXCHANGE_LAST;;1;1;XEUR;12372484;690;
04.06.2025;08:31:24.371;FGBS SI 20250908 PS;SIMPLE_INSTRUMENT;BLOCK;EUR;17;107.41500000;4307;EXCHANGE_LAST;;1;1;XEUR;12372484;690;
04.06.2025;08:34:08.889;FGBS SI 20250606 PS;SIMPLE_INSTRUMENT;EFP_FIN;EUR;18;107.33000000;4692;EXCHANGE_LAST;;1;1;XEUR;11820391;690;
04.06.2025;08:47:10.317;FGBS SI 20250606 PS;SIMPLE_INSTRUMENT;EFP_FIN;EUR;19;107.33000000;201;EXCHANGE_LAST;;1;1;XEUR;11820391;690;
04.06.2025;08:45:22.695;FGBS SI 20250606 PS;SIMPLE_INSTRUMENT;BLOCK;EUR;20;107.33000000;8000;EXCHANGE_LAST;;1;1;XEUR;11820391;690;
04.06.2025;08:46:09.698;FGBS SI 20250908 PS;SIMPLE_INSTRUMENT;BLOCK;EUR;21;107.41500000;4000;EXCHANGE_LAST;;1;1;XEUR;12372484;690;
04.06.2025;08:46:27.701;FGBS SI 20250908 PS;SIMPLE_INSTRUMENT;BLOCK;EUR;22;107.42000000;4000;EXCHANGE_LAST;;1;1;XEUR;12372484;690;
04.06.2025;08:49:28.139;FGBS SI 20250606 PS;SIMPLE_INSTRUMENT;EFS;EUR;23;107.33000000;804;EXCHANGE_LAST;;1;1;XEUR;11820391;690;
04.06.2025;08:51:56.595;FGBS SI 20250606 PS;SIMPLE_INSTRUMENT;EFS;EUR;24;107.32000000;2414;EXCHANGE_LAST;;1;1;XEUR;11820391;690;
04.06.2025;08:53:33.598;FGBS SI 20250606 PS;SIMPLE_INSTRUMENT;EFP_FIN;EUR;25;107.32000000;121;EXCHANGE_LAST;;1;1;XEUR;11820391;690;
04.06.2025;08:54:02.605;FGBS SI 20250908 PS;SIMPLE_INSTRUMENT;EFS;EUR;26;107.41000000;2414;EXCHANGE_LAST;;1;1;XEUR;12372484;690;
04.06.2025;08:58:59.592;FGBS SI 20250606 PS;SIMPLE_INSTRUMENT;EFS;EUR;27;107.32000000;1052;EXCHANGE_LAST;;1;1;XEUR;11820391;690;
04.06.2025;08:59:46.872;FGBS SI 20250908 PS;SIMPLE_INSTRUMENT;EFS;EUR;28;107.41000000;923;EXCHANGE_LAST;;1;1;XEUR;12372484;690;
04.06.2025;09:05:08.374;FGBS SI 20250606 PS;SIMPLE_INSTRUMENT;EFP_FIN;EUR;29;107.33000000;201;EXCHANGE_LAST;;1;1;XEUR;11820391;690;
04.06.2025;09:04:28.003;FGBS SI 20250606 PS;SIMPLE_INSTRUMENT;EFP_FIN;EUR;30;107.34000000;235;EXCHANGE_LAST;;1;1;XEUR;11820391;690;
04.06.2025;09:49:47.664;FGBS SI 20250606 PS;SIMPLE_INSTRUMENT;EFS;EUR;31;107.32500000;1371;EXCHANGE_LAST;;1;1;XEUR;11820391;690;
04.06.2025;09:57:46.684;FGBS SI 20250908 PS;SIMPLE_INSTRUMENT;EFP_FIN;EUR;32;107.39500000;614;EXCHANGE_LAST;;1;1;XEUR;12372484;690;
04.06.2025;10:10:24.893;FGBS SI 20250908 PS;SIMPLE_INSTRUMENT;EFP_FIN;EUR;33;107.40000000;906;EXCHANGE_LAST;;1;1;XEUR;12372484;690;
04.06.2025;10:20:16.869;FGBS SI 20250908 PS;SIMPLE_INSTRUMENT;EFP_FIN;EUR;35;107.39000000;756;EXCHANGE_LAST;;1;1;XEUR;12372484;690;
04.06.2025;10:21:41.602;FGBS SI 20250908 PS;SIMPLE_INSTRUMENT;EFS;EUR;36;107.40000000;9580;EXCHANGE_LAST;;1;1;XEUR;12372484;690;
04.06.2025;10:25:20.004;FGBS SI 20250606 PS;SIMPLE_INSTRUMENT;EFS;EUR;37;107.31500000;1366;EXCHANGE_LAST;;1;1;XEUR;11820391;690;
04.06.2025;10:25:42.167;FGBS SI 20250908 PS;SIMPLE_INSTRUMENT;EFS;EUR;38;107.40000000;1366;EXCHANGE_LAST;;1;1;XEUR;12372484;690;
04.06.2025;10:26:32.885;FGBS SI 20250606 PS;SIMPLE_INSTRUMENT;EFS;EUR;39;107.32000000;1366;EXCHANGE_LAST;;1;1;XEUR;11820391;690;
04.06.2025;10:26:55.886;FGBS SI 20250908 PS;SIMPLE_INSTRUMENT;EFS;EUR;40;107.40500000;1364;EXCHANGE_LAST;;1;1;XEUR;12372484;690;
04.06.2025;10:30:23.390;FGBS SI 20250908 PS;SIMPLE_INSTRUMENT;EFP_FIN;EUR;41;107.41000000;842;EXCHANGE_LAST;;1;1;XEUR;12372484;690;
04.06.2025;10:32:09.441;FGBS SI 20250606 PS;SIMPLE_INSTRUMENT;EFP_FIN;EUR;42;107.31000000;546;EXCHANGE_LAST;;1;1;XEUR;11820391;690;
04.06.2025;10:32:32.061;FGBS SI 20250606 PS;SIMPLE_INSTRUMENT;EFS;EUR;43;107.31000000;1286;EXCHANGE_LAST;;1;1;XEUR;11820391;690;
04.06.2025;10:33:21.726;FGBS SI 20250908 PS;SIMPLE_INSTRUMENT;EFS;EUR;44;107.39000000;1285;EXCHANGE_LAST;;1;1;XEUR;12372484;690;
04.06.2025;11:03:47.667;FGBS SI 20250908 PS;SIMPLE_INSTRUMENT;EFS;EUR;45;107.41000000;5442;EXCHANGE_LAST;;1;1;XEUR;12372484;690;
04.06.2025;11:43:47.851;FGBS SI 20250908 PS;SIMPLE_INSTRUMENT;EFP_FIN;EUR;46;107.40000000;554;EXCHANGE_LAST;;1;1;XEUR;12372484;690;
04.06.2025;12:10:40.151;FGBS SI 20250606 PS;SIMPLE_INSTRUMENT;EFP_FIN;EUR;47;107.32000000;699;EXCHANGE_LAST;;1;1;XEUR;11820391;690;
04.06.2025;12:23:22.432;FGBS SI 20250606 PS;SIMPLE_INSTRUMENT;EFP_FIN;EUR;48;107.32000000;383;EXCHANGE_LAST;;1;1;XEUR;11820391;690;
04.06.2025;12:43:13.703;FGBS SI 20250606 PS;SIMPLE_INSTRUMENT;EFP_FIN;EUR;49;107.32000000;665;EXCHANGE_LAST;;1;1;XEUR;11820391;690;
04.06.2025;12:44:30.811;FGBS SI 20250908 PS;SIMPLE_INSTRUMENT;EFS;EUR;50;107.41500000;5442;EXCHANGE_LAST;;1;1;XEUR;12372484;690;
04.06.2025;12:45:58.669;FGBS SI 20250606 PS;SIMPLE_INSTRUMENT;EFP_FIN;EUR;51;107.33000000;616;EXCHANGE_LAST;;1;1;XEUR;11820391;690;
04.06.2025;12:59:15.973;FGBS SI 20250908 PS;SIMPLE_INSTRUMENT;EFP_FIN;EUR;52;107.41000000;930;EXCHANGE_LAST;;1;1;XEUR;12372484;690;
04.06.2025;13:12:56.526;FGBS SI 20250908 PS;SIMPLE_INSTRUMENT;EFP_FIN;EUR;53;107.41000000;512;EXCHANGE_LAST;;1;1;XEUR;12372484;690;
04.06.2025;13:19:33.047;FGBS SI 20250908 PS;SIMPLE_INSTRUMENT;EFS;EUR;54;107.41000000;2386;EXCHANGE_LAST;;1;1;XEUR;12372484;690;
04.06.2025;13:36:38.460;FGBS SI 20250606 PS;SIMPLE_INSTRUMENT;EFP_FIN;EUR;55;107.32000000;201;EXCHANGE_LAST;;1;1;XEUR;11820391;690;
04.06.2025;13:39:39.957;FGBS SI 20250908 PS;SIMPLE_INSTRUMENT;EFS;EUR;56;107.40000000;3000;EXCHANGE_LAST;;1;1;XEUR;12372484;690;
04.06.2025;13:43:01.385;FGBS SI 20250908 PS;SIMPLE_INSTRUMENT;EFS;EUR;57;107.41000000;1088;EXCHANGE_LAST;;1;1;XEUR;12372484;690;
04.06.2025;13:52:40.291;FGBS SI 20250606 PS;SIMPLE_INSTRUMENT;EFP_FIN;EUR;58;107.31000000;853;EXCHANGE_LAST;;1;1;XEUR;11820391;690;
04.06.2025;13:59:25.517;FGBS SI 20250606 PS;SIMPLE_INSTRUMENT;EFS;EUR;59;107.31000000;2414;EXCHANGE_LAST;;1;1;XEUR;11820391;690;
04.06.2025;14:13:08.002;FGBS SI 20250606 PS;SIMPLE_INSTRUMENT;EFP_FIN;EUR;60;107.31000000;72;EXCHANGE_LAST;;1;1;XEUR;11820391;690;
04.06.2025;14:16:37.905;FGBS SI 20250908 PS;SIMPLE_INSTRUMENT;EFP_FIN;EUR;61;107.39000000;692;EXCHANGE_LAST;;1;1;XEUR;12372484;690;
04.06.2025;14:16:37.905;FGBS SI 20250606 PS;SIMPLE_INSTRUMENT;EFP_FIN;EUR;62;107.32500000;375;EXCHANGE_LAST;;1;1;XEUR;11820391;690;
04.06.2025;14:22:46.455;FGBS SI 20250908 PS;SIMPLE_INSTRUMENT;EFS;EUR;63;107.39500000;2722;EXCHANGE_LAST;;1;1;XEUR;12372484;690;
04.06.2025;14:24:50.272;FGBS SI 20250606 PS;SIMPLE_INSTRUMENT;BLOCK;EUR;64;107.31000000;4692;EXCHANGE_LAST;;1;1;XEUR;11820391;690;
04.06.2025;14:27:10.106;FGBS SI 20250908 PS;SIMPLE_INSTRUMENT;EFS;EUR;66;107.39500000;2725;EXCHANGE_LAST;;1;1;XEUR;12372484;690;
04.06.2025;14:44:33.389;FGBS SI 20250908 PS;SIMPLE_INSTRUMENT;BLOCK;EUR;67;107.39500000;4100;EXCHANGE_LAST;;1;1;XEUR;12372484;690;
04.06.2025;14:51:01.274;FGBS SI 20250606 PS;SIMPLE_INSTRUMENT;EFS;EUR;68;107.32000000;2396;EXCHANGE_LAST;;1;1;XEUR;11820391;690;
04.06.2025;14:51:48.277;FGBS SI 20250908 PS;SIMPLE_INSTRUMENT;EFS;EUR;69;107.39000000;2396;EXCHANGE_LAST;;1;1;XEUR;12372484;690;
04.06.2025;15:03:28.754;FGBS SI 20250606 PS;SIMPLE_INSTRUMENT;EFP_FIN;EUR;70;107.32000000;264;EXCHANGE_LAST;;1;1;XEUR;11820391;690;
04.06.2025;15:04:02.015;FGBS SI 20250606 PS;SIMPLE_INSTRUMENT;BLOCK;EUR;71;107.32000000;8000;EXCHANGE_LAST;;1;1;XEUR;11820391;690;
04.06.2025;15:04:35.155;FGBS SI 20250908 PS;SIMPLE_INSTRUMENT;BLOCK;EUR;72;107.39500000;4000;EXCHANGE_LAST;;1;1;XEUR;12372484;690;
04.06.2025;15:04:42.561;FGBS SI 20250908 PS;SIMPLE_INSTRUMENT;BLOCK;EUR;73;107.40000000;4000;EXCHANGE_LAST;;1;1;XEUR;12372484;690;
04.06.2025;15:07:34.324;FGBS SI 20250908 PS;SIMPLE_INSTRUMENT;EFS;EUR;74;107.40000000;2722;EXCHANGE_LAST;;1;1;XEUR;12372484;690;
04.06.2025;15:08:55.104;FGBS SI 20250606 PS;SIMPLE_INSTRUMENT;EFP_FIN;EUR;75;107.32000000;176;EXCHANGE_LAST;;1;1;XEUR;11820391;690;
04.06.2025;15:09:01.243;FGBS SI 20250606 PS;SIMPLE_INSTRUMENT;EFP_FIN;EUR;76;107.32000000;235;EXCHANGE_LAST;;1;1;XEUR;11820391;690;
04.06.2025;15:13:16.713;FGBS SI 20250606 PS;SIMPLE_INSTRUMENT;EFP_FIN;EUR;77;107.32000000;469;EXCHANGE_LAST;;1;1;XEUR;11820391;690;
04.06.2025;15:15:49.071;FGBS SI 20250908 PS;SIMPLE_INSTRUMENT;EFS;EUR;78;107.40000000;1110;EXCHANGE_LAST;;1;1;XEUR;12372484;690;
04.06.2025;15:37:54.913;FGBS SI 20250606 PS;SIMPLE_INSTRUMENT;EFP_FIN;EUR;79;107.32000000;938;EXCHANGE_LAST;;1;1;XEUR;11820391;690;
04.06.2025;15:40:35.052;FGBS SI 20250606 PS;SIMPLE_INSTRUMENT;EFP_FIN;EUR;80;107.32000000;452;EXCHANGE_LAST;;1;1;XEUR;11820391;690;
04.06.2025;15:40:58.958;FGBS SI 20250606 PS;SIMPLE_INSTRUMENT;EFP_FIN;EUR;81;107.32000000;600;EXCHANGE_LAST;;1;1;XEUR;11820391;690;
04.06.2025;15:42:08.290;FGBS SI 20250606 PS;SIMPLE_INSTRUMENT;EFP_FIN;EUR;82;107.32000000;402;EXCHANGE_LAST;;1;1;XEUR;11820391;690;
04.06.2025;15:42:59.004;FGBS SI 20250606 PS;SIMPLE_INSTRUMENT;EFS;EUR;83;107.32000000;1243;EXCHANGE_LAST;;1;1;XEUR;11820391;690;
04.06.2025;15:48:55.962;FGBS SI 20250908 PS;SIMPLE_INSTRUMENT;EFS;EUR;84;107.40000000;1600;EXCHANGE_LAST;;1;1;XEUR;12372484;690;
04.06.2025;16:36:24.596;FGBS SI 20250606 PS;SIMPLE_INSTRUMENT;BLOCK;EUR;85;107.33000000;5118;EXCHANGE_LAST;;1;1;XEUR;11820391;690;
04.06.2025;07:03:33.876;FGBX SI 20250908 PS;SIMPLE_INSTRUMENT;EFS;EUR;1;120.50000000;18;EXCHANGE_LAST;;1;1;XEUR;12372485;691;
04.06.2025;07:29:27.388;FGBX SI 20250908 PS;SIMPLE_INSTRUMENT;EFS;EUR;2;120.62000000;181;EXCHANGE_LAST;;1;1;XEUR;12372485;691;
04.06.2025;07:43:04.513;FGBX SI 20250908 PS;SIMPLE_INSTRUMENT;EFS;EUR;4;120.62000000;181;EXCHANGE_LAST;;1;1;XEUR;12372485;691;
04.06.2025;07:43:39.775;FGBX SI 20250606 PS;SIMPLE_INSTRUMENT;BLOCK;EUR;5;121.24000000;464;EXCHANGE_LAST;;1;1;XEUR;11820392;691;
04.06.2025;07:44:19.294;FGBX SI 20250908 PS;SIMPLE_INSTRUMENT;BLOCK;EUR;6;120.44000000;230;EXCHANGE_LAST;;1;1;XEUR;12372485;691;
04.06.2025;07:51:07.462;FGBX SI 20250908 PS;SIMPLE_INSTRUMENT;BLOCK;EUR;9;120.42000000;229;EXCHANGE_LAST;;1;1;XEUR;12372485;691;
04.06.2025;08:16:18.979;FGBX SI 20250606 PS;SIMPLE_INSTRUMENT;BLOCK;EUR;10;121.04000000;236;EXCHANGE_LAST;;1;1;XEUR;11820392;691;
04.06.2025;08:16:13.979;FGBX SI 20250908 PS;SIMPLE_INSTRUMENT;BLOCK;EUR;11;120.24000000;236;EXCHANGE_LAST;;1;1;XEUR;12372485;691;
04.06.2025;08:22:49.934;FGBX.S.JUN25.SEP25.SPD;FUTURES_SPREAD;BLOCK;EUR;12;0.82000000;651;EXCHANGE_LAST;;1;1;XEUR;72060561860329566;691;
04.06.2025;08:22:49.934;FGBX SI 20250606 PS;SIMPLE_INSTRUMENT;BLOCK;EUR;12;120.92000000;651;PRC_DECOMP_EXCHANGE;;;;XEUR;11820392;691;EXCHANGE
04.06.2025;08:22:49.934;FGBX SI 20250908 PS;SIMPLE_INSTRUMENT;BLOCK;EUR;12;120.10000000;651;PRC_DECOMP_EXCHANGE;;;;XEUR;12372485;691;EXCHANGE
04.06.2025;08:25:00.472;FGBX SI 20250908 PS;SIMPLE_INSTRUMENT;EFS;EUR;13;120.26000000;182;EXCHANGE_LAST;;1;1;XEUR;12372485;691;
04.06.2025;08:30:44.271;FGBX SI 20250908 PS;SIMPLE_INSTRUMENT;EFS;EUR;14;120.16000000;181;EXCHANGE_LAST;;1;1;XEUR;12372485;691;
04.06.2025;08:50:55.696;FGBX SI 20250606 PS;SIMPLE_INSTRUMENT;BLOCK;EUR;16;120.96000000;736;EXCHANGE_LAST;;1;1;XEUR;11820392;691;
04.06.2025;08:51:14.659;FGBX SI 20250908 PS;SIMPLE_INSTRUMENT;BLOCK;EUR;17;120.14000000;368;EXCHANGE_LAST;;1;1;XEUR;12372485;691;
04.06.2025;08:51:22.725;FGBX SI 20250908 PS;SIMPLE_INSTRUMENT;BLOCK;EUR;18;120.16000000;368;EXCHANGE_LAST;;1;1;XEUR;12372485;691;
04.06.2025;09:28:04.707;FGBX SI 20250606 PS;SIMPLE_INSTRUMENT;BLOCK;EUR;23;120.72000000;2400;EXCHANGE_LAST;;1;1;XEUR;11820392;691;
04.06.2025;09:29:07.935;FGBX SI 20250908 PS;SIMPLE_INSTRUMENT;BLOCK;EUR;24;119.94000000;1206;EXCHANGE_LAST;;1;1;XEUR;12372485;691;
04.06.2025;09:29:25.168;FGBX SI 20250908 PS;SIMPLE_INSTRUMENT;BLOCK;EUR;25;119.96000000;1206;EXCHANGE_LAST;;1;1;XEUR;12372485;691;
04.06.2025;10:04:43.823;FGBX SI 20250606 PS;SIMPLE_INSTRUMENT;BLOCK;EUR;27;120.78000000;210;EXCHANGE_LAST;;1;1;XEUR;11820392;691;
04.06.2025;10:05:08.824;FGBX SI 20250908 PS;SIMPLE_INSTRUMENT;BLOCK;EUR;28;120.00000000;105;EXCHANGE_LAST;;1;1;XEUR;12372485;691;
04.06.2025;10:05:21.825;FGBX SI 20250908 PS;SIMPLE_INSTRUMENT;BLOCK;EUR;29;120.02000000;105;EXCHANGE_LAST;;1;1;XEUR;12372485;691;
04.06.2025;10:14:22.049;FGBX SI 20250606 PS;SIMPLE_INSTRUMENT;EFP_FIN;EUR;30;120.92000000;127;EXCHANGE_LAST;;1;1;XEUR;11820392;691;
04.06.2025;10:52:58.009;FGBX SI 20250606 PS;SIMPLE_INSTRUMENT;EFP_FIN;EUR;36;121.22000000;62;EXCHANGE_LAST;;1;1;XEUR;11820392;691;
04.06.2025;10:53:52.289;FGBX SI 20250606 PS;SIMPLE_INSTRUMENT;EFP_FIN;EUR;37;121.18000000;521;EXCHANGE_LAST;;1;1;XEUR;11820392;691;
04.06.2025;11:31:27.320;FGBX SI 20250606 PS;SIMPLE_INSTRUMENT;EFS;EUR;41;121.18000000;59;EXCHANGE_LAST;;1;1;XEUR;11820392;691;
04.06.2025;11:33:42.671;FGBX SI 20250908 PS;SIMPLE_INSTRUMENT;EFS;EUR;42;120.44000000;59;EXCHANGE_LAST;;1;1;XEUR;12372485;691;
04.06.2025;11:37:28.006;FGBX SI 20250606 PS;SIMPLE_INSTRUMENT;EFP_FIN;EUR;43;121.10000000;50;EXCHANGE_LAST;;1;1;XEUR;11820392;691;
04.06.2025;11:53:55.942;FGBX SI 20250908 PS;SIMPLE_INSTRUMENT;EFS;EUR;48;120.28000000;104;EXCHANGE_LAST;;1;1;XEUR;12372485;691;
04.06.2025;11:57:16.649;FGBX SI 20250908 PS;SIMPLE_INSTRUMENT;EFS;EUR;51;120.32000000;207;EXCHANGE_LAST;;1;1;XEUR;12372485;691;
04.06.2025;12:23:35.204;FGBX SI 20250606 PS;SIMPLE_INSTRUMENT;BLOCK;EUR;57;121.08000000;213;EXCHANGE_LAST;;1;1;XEUR;11820392;691;
04.06.2025;12:23:49.205;FGBX SI 20250908 PS;SIMPLE_INSTRUMENT;BLOCK;EUR;58;120.30000000;107;EXCHANGE_LAST;;1;1;XEUR;12372485;691;
04.06.2025;12:24:04.205;FGBX SI 20250908 PS;SIMPLE_INSTRUMENT;BLOCK;EUR;59;120.28000000;106;EXCHANGE_LAST;;1;1;XEUR;12372485;691;
04.06.2025;12:29:20.152;FGBX SI 20250908 PS;SIMPLE_INSTRUMENT;BLOCK;EUR;60;120.42000000;144;EXCHANGE_LAST;;1;1;XEUR;12372485;691;
04.06.2025;13:19:22.382;FGBX SI 20250908 PS;SIMPLE_INSTRUMENT;EFP_FIN;EUR;67;120.36000000;403;EXCHANGE_LAST;;1;1;XEUR;12372485;691;
04.06.2025;13:32:14.149;FGBX SI 20250908 PS;SIMPLE_INSTRUMENT;EFP_FIN;EUR;69;120.36000000;403;EXCHANGE_LAST;;1;1;XEUR;12372485;691;
04.06.2025;13:37:27.902;FGBX SI 20250606 PS;SIMPLE_INSTRUMENT;EFP_FIN;EUR;71;121.20000000;183;EXCHANGE_LAST;;1;1;XEUR;11820392;691;
04.06.2025;13:39:02.342;FGBX SI 20250606 PS;SIMPLE_INSTRUMENT;EFP_FIN;EUR;72;121.20000000;62;EXCHANGE_LAST;;1;1;XEUR;11820392;691;
04.06.2025;13:39:18.595;FGBX SI 20250606 PS;SIMPLE_INSTRUMENT;EFP_FIN;EUR;73;121.20000000;62;EXCHANGE_LAST;;1;1;XEUR;11820392;691;
04.06.2025;13:40:44.787;FGBX SI 20250606 PS;SIMPLE_INSTRUMENT;EFP_FIN;EUR;74;121.20000000;59;EXCHANGE_LAST;;1;1;XEUR;11820392;691;
04.06.2025;13:44:32.484;FGBX SI 20250908 PS;SIMPLE_INSTRUMENT;EFS;EUR;75;120.34000000;104;EXCHANGE_LAST;;1;1;XEUR;12372485;691;
04.06.2025;13:57:26.025;FGBX SI 20250908 PS;SIMPLE_INSTRUMENT;EFS;EUR;77;120.30000000;54;EXCHANGE_LAST;;1;1;XEUR;12372485;691;
04.06.2025;14:22:08.317;FGBX SI 20250908 PS;SIMPLE_INSTRUMENT;EFS;EUR;82;120.24000000;189;EXCHANGE_LAST;;1;1;XEUR;12372485;691;
04.06.2025;14:31:52.722;FGBX SI 20250908 PS;SIMPLE_INSTRUMENT;EFS;EUR;84;120.38000000;1039;EXCHANGE_LAST;;1;1;XEUR;12372485;691;
04.06.2025;15:16:50.948;FGBX.S.JUN25.SEP25.SPD;FUTURES_SPREAD;BLOCK;EUR;88;0.82000000;136;EXCHANGE_LAST;;1;1;XEUR;72060561860329566;691;
04.06.2025;15:16:50.948;FGBX SI 20250606 PS;SIMPLE_INSTRUMENT;BLOCK;EUR;88;121.44000000;136;PRC_DECOMP_EXCHANGE;;;;XEUR;11820392;691;EXCHANGE
04.06.2025;15:16:50.948;FGBX SI 20250908 PS;SIMPLE_INSTRUMENT;BLOCK;EUR;88;120.62000000;136;PRC_DECOMP_EXCHANGE;;;;XEUR;12372485;691;EXCHANGE
04.06.2025;15:33:15.400;FGBX SI 20250908 PS;SIMPLE_INSTRUMENT;EFP_FIN;EUR;94;120.52000000;821;EXCHANGE_LAST;;1;1;XEUR;12372485;691;
04.06.2025;15:56:37.827;FGBX SI 20250908 PS;SIMPLE_INSTRUMENT;EFS;EUR;97;120.70000000;550;EXCHANGE_LAST;;1;1;XEUR;12372485;691;
04.06.2025;15:59:11.254;FGBX SI 20250606 PS;SIMPLE_INSTRUMENT;EFS;EUR;98;121.54000000;321;EXCHANGE_LAST;;1;1;XEUR;11820392;691;
04.06.2025;15:59:50.042;FGBX SI 20250606 PS;SIMPLE_INSTRUMENT;BLOCK;EUR;99;121.50000000;640;EXCHANGE_LAST;;1;1;XEUR;11820392;691;
04.06.2025;16:00:12.134;FGBX SI 20250908 PS;SIMPLE_INSTRUMENT;BLOCK;EUR;100;120.66000000;320;EXCHANGE_LAST;;1;1;XEUR;12372485;691;
04.06.2025;16:00:20.040;FGBX SI 20250908 PS;SIMPLE_INSTRUMENT;BLOCK;EUR;101;120.68000000;320;EXCHANGE_LAST;;1;1;XEUR;12372485;691;
04.06.2025;16:39:57.622;FGBX SI 20250606 PS;SIMPLE_INSTRUMENT;BLOCK;EUR;102;121.98000000;1677;EXCHANGE_LAST;;1;1;XEUR;11820392;691;
04.06.2025;08:44:37.012;FIA5 SI 20250918 PS AM P 8.00 0;SIMPLE_INSTRUMENT;BLOCK;EUR;6;0.51000000;2000;EXCHANGE_LAST;;1;2;XEUR;11865829;48227;
04.06.2025;13:28:33.746;FIAK.S.JUN25.SEP25.SPD;FUTURES_SPREAD;BLOCK;EUR;47;-0.05150000;6600;EXCHANGE_LAST;;1;1;XEUR;72679359273501766;144766;
04.06.2025;13:28:33.746;FIAK SI 20250619 CS;SIMPLE_INSTRUMENT;BLOCK;EUR;47;8.74780000;6600;PRC_DECOMP_EXCHANGE;;;;XEUR;11164348;144766;EXCHANGE
04.06.2025;13:28:33.746;FIAK SI 20250918 CS;SIMPLE_INSTRUMENT;BLOCK;EUR;47;8.79930000;6600;PRC_DECOMP_EXCHANGE;;;;XEUR;11693338;144766;EXCHANGE
04.06.2025;14:29:34.870;FIAK SI 20250619 CS;SIMPLE_INSTRUMENT;BLOCK;EUR;70;8.67350000;9150;EXCHANGE_LAST;;1;1;XEUR;11164348;144766;
04.06.2025;01:20:46.014;FMAU SI 20250620 CS;SIMPLE_INSTRUMENT;BLOCK;USD;4;6053.22200000;353;EXCHANGE_LAST;;1;1;XEUR;7939462;45287;
04.06.2025;01:02:35.733;FMCH SI 20250620 CS;SIMPLE_INSTRUMENT;EFP_IDX;USD;2;580.55300000;40;EXCHANGE_LAST;;1;1;XEUR;7940815;402909;
04.06.2025;01:43:37.046;FMCH SI 20250620 CS;SIMPLE_INSTRUMENT;BLOCK;USD;5;583.70000000;80;EXCHANGE_LAST;;1;1;XEUR;7940815;402909;
04.06.2025;07:13:24.849;FMCH SI 20250620 CS;SIMPLE_INSTRUMENT;BLOCK;USD;24;584.36000000;332;EXCHANGE_LAST;;1;1;XEUR;7940815;402909;
04.06.2025;17:04:14.326;FMCH SI 20250620 CS;SIMPLE_INSTRUMENT;BLOCK;USD;82;588.50000000;147;EXCHANGE_LAST;;1;1;XEUR;7940815;402909;
04.06.2025;08:47:09.673;FMEA SI 20250620 CS;SIMPLE_INSTRUMENT;BLOCK;USD;30;742.70000000;6733;EXCHANGE_LAST;;1;1;XEUR;7938804;12395;
04.06.2025;08:47:17.444;FMEA SI 20251219 CS;SIMPLE_INSTRUMENT;BLOCK;USD;31;759.00200000;6588;EXCHANGE_LAST;;1;1;XEUR;8837826;12395;
04.06.2025;09:27:13.704;FMEA SI 20250620 CS;SIMPLE_INSTRUMENT;BLOCK;USD;34;743.00000000;1350;EXCHANGE_LAST;;1;1;XEUR;7938804;12395;
04.06.2025;09:27:18.486;FMEA SI 20251219 CS;SIMPLE_INSTRUMENT;BLOCK;USD;35;759.30900000;1321;EXCHANGE_LAST;;1;1;XEUR;8837826;12395;
04.06.2025;10:22:24.141;FMEA SI 20251219 CS;SIMPLE_INSTRUMENT;BLOCK;USD;54;759.23500000;1321;EXCHANGE_LAST;;1;1;XEUR;8837826;12395;
04.06.2025;11:47:19.046;FMEA SI 20250919 CS;SIMPLE_INSTRUMENT;BLOCK;USD;58;750.00000000;3429;EXCHANGE_LAST;;1;1;XEUR;8427804;12395;
04.06.2025;12:04:01.560;FMEA SI 20250620 CS;SIMPLE_INSTRUMENT;BLOCK;USD;59;744.30000000;7774;EXCHANGE_LAST;;1;1;XEUR;7938804;12395;
04.06.2025;15:01:01.019;FMEA SI 20250620 CS;SIMPLE_INSTRUMENT;BLOCK;USD;64;745.00000000;2015;EXCHANGE_LAST;;1;1;XEUR;7938804;12395;
04.06.2025;15:01:05.689;FMEA SI 20251219 CS;SIMPLE_INSTRUMENT;BLOCK;USD;65;761.35300000;1972;EXCHANGE_LAST;;1;1;XEUR;8837826;12395;
