#Date;TrdTime;Contract;ContractType;TrdTyp;Currency;TesId;Prc;Qty;TrdInd;Aggressor;Buy;Sell;Exch;InstrumentId;RelatedProdId;PrcDecomp
06.01.2025;11:06:51.254;2FE SI 20250320 PS AM P 370.00 0;SIMPLE_INSTRUMENT;BLOCK;EUR;10;6.06000000;147;EXCHANGE_LAST;;1;1;XEUR;12424248;57129;
06.01.2025;11:07:22.198;2FE SI 20250320 PS AM P 370.00 0;SIMPLE_INSTRUMENT;BLOCK;EUR;11;6.07000000;239;EXCHANGE_LAST;;1;1;XEUR;12424248;57129;
06.01.2025;08:59:26.560;A2XA SI 20261218 CS;SIMPLE_INSTRUMENT;BLOCK;EUR;1;2.12500000;500;EXCHANGE_LAST;;1;1;XEUR;4632093;17;
06.01.2025;08:58:41.887;A2XA SI 20261218 CS;SIMPLE_INSTRUMENT;BLOCK;EUR;2;2.14000000;1000;EXCHANGE_LAST;;1;1;XEUR;4632093;17;
06.01.2025;09:32:26.456;A2XA SI 20261218 CS;SIMPLE_INSTRUMENT;BLOCK;EUR;3;2.14000000;250;EXCHANGE_LAST;;1;1;XEUR;4632093;17;
06.01.2025;12:24:06.529;A2XA SI 20271217 CS;SIMPLE_INSTRUMENT;BLOCK;EUR;35;1.98500000;250;EXCHANGE_LAST;;1;1;XEUR;5914267;17;
06.01.2025;12:28:42.766;A2XA SI 20271217 CS;SIMPLE_INSTRUMENT;BLOCK;EUR;36;1.98500000;250;EXCHANGE_LAST;;1;1;XEUR;5914267;17;
06.01.2025;16:48:54.323;A2XA SI 20261218 CS;SIMPLE_INSTRUMENT;BLOCK;EUR;62;2.14500000;500;EXCHANGE_LAST;;1;1;XEUR;4632093;17;
06.01.2025;13:55:54.083;ABBN SI 20250117 PS AM C 50.50 0;SIMPLE_INSTRUMENT;BLOCK;CHF;30;0.25000000;1500;EXCHANGE_LAST;;1;1;XEUR;12109165;574517;
06.01.2025;13:55:35.085;ABBN SI 20250117 PS AM C 50.50 0;SIMPLE_INSTRUMENT;BLOCK;CHF;31;0.26000000;1500;EXCHANGE_LAST;;1;1;XEUR;12109165;574517;
06.01.2025;08:57:14.135;ADS SI 20250620 PS AM C 250.00 0;SIMPLE_INSTRUMENT;BLOCK;EUR;1;12.58000000;250;EXCHANGE_LAST;;1;1;XEUR;12330807;50;
06.01.2025;08:57:14.435;ADS SI 20250620 PS AM P 220.00 0;SIMPLE_INSTRUMENT;BLOCK;EUR;2;11.62000000;250;EXCHANGE_LAST;;1;1;XEUR;11297076;50;
06.01.2025;10:19:39.943;ALV SI 20250221 PS AM C 300.00 0;SIMPLE_INSTRUMENT;BLOCK;EUR;1;4.62000000;300;EXCHANGE_LAST;;1;1;XEUR;12238109;74;
06.01.2025;12:40:54.859;ANN SI 20291221 PS AM P 18.00 0;SIMPLE_INSTRUMENT;BLOCK;EUR;8;2.32000000;1000;EXCHANGE_LAST;;1;1;XEUR;12469680;45202;
06.01.2025;10:05:37.522;ASM SI 20250620 PS AM C 760.00 0;SIMPLE_INSTRUMENT;BLOCK;EUR;7;57.50000000;700;EXCHANGE_LAST;;2;3;XEUR;11349932;107;
06.01.2025;13:10:49.791;ASM SI 20250321 PS AM P 800.00 0;SIMPLE_INSTRUMENT;BLOCK;EUR;18;100.30000000;500;EXCHANGE_LAST;;2;2;XEUR;10830170;107;
06.01.2025;08:36:24.424;AXA SI 20250117 PS AM P 34.00 0;SIMPLE_INSTRUMENT;BLOCK;EUR;2;0.34000000;2500;EXCHANGE_LAST;;1;1;XEUR;12068570;127;
06.01.2025;08:36:17.990;AXA SI 20250919 PS AM P 28.00 0;SIMPLE_INSTRUMENT;BLOCK;EUR;3;0.81000000;2500;EXCHANGE_LAST;;1;1;XEUR;11872447;127;
06.01.2025;10:28:54.348;B2AS SI 20251219 CS;SIMPLE_INSTRUMENT;BLOCK;EUR;9;2.22500000;150;EXCHANGE_LAST;;1;1;XEUR;3681119;140;
06.01.2025;11:30:46.835;B2NP SI 20251219 CS;SIMPLE_INSTRUMENT;BLOCK;EUR;21;5.20000000;500;EXCHANGE_LAST;;1;2;XEUR;5914355;131;
06.01.2025;11:31:35.613;B2NP SI 20261218 CS;SIMPLE_INSTRUMENT;BLOCK;EUR;22;4.45000000;100;EXCHANGE_LAST;;2;1;XEUR;6798320;131;
06.01.2025;11:51:47.609;B2NP SI 20251219 CS;SIMPLE_INSTRUMENT;BLOCK;EUR;28;5.22000000;300;EXCHANGE_LAST;;1;1;XEUR;5914355;131;
06.01.2025;11:54:03.777;B2NP SI 20251219 CS;SIMPLE_INSTRUMENT;BLOCK;EUR;29;5.20000000;50;EXCHANGE_LAST;;1;1;XEUR;5914355;131;
06.01.2025;12:43:28.847;B2NP SI 20261218 CS;SIMPLE_INSTRUMENT;BLOCK;EUR;41;4.52000000;50;EXCHANGE_LAST;;1;1;XEUR;6798320;131;
06.01.2025;16:27:07.475;B2NP SI 20250620 CS;SIMPLE_INSTRUMENT;BLOCK;EUR;58;4.80000000;880;EXCHANGE_LAST;;2;1;XEUR;10830225;131;
06.01.2025;11:03:17.799;B3BV SI 20261218 CS;SIMPLE_INSTRUMENT;BLOCK;EUR;19;0.67000000;400;EXCHANGE_LAST;;1;1;XEUR;6798345;135;
06.01.2025;11:41:25.806;B3BV SI 20251219 CS;SIMPLE_INSTRUMENT;BLOCK;EUR;23;0.76200000;1250;EXCHANGE_LAST;;2;2;XEUR;5914370;135;
06.01.2025;11:41:35.806;B3BV SI 20251219 CS;SIMPLE_INSTRUMENT;BLOCK;EUR;24;0.76300000;1250;EXCHANGE_LAST;;2;2;XEUR;5914370;135;
06.01.2025;11:36:27.643;B3BV SI 20251219 CS;SIMPLE_INSTRUMENT;BLOCK;EUR;25;0.76200000;500;EXCHANGE_LAST;;1;1;XEUR;5914370;135;
06.01.2025;11:36:34.643;B3BV SI 20251219 CS;SIMPLE_INSTRUMENT;BLOCK;EUR;26;0.76300000;500;EXCHANGE_LAST;;1;1;XEUR;5914370;135;
06.01.2025;12:30:46.677;B3BV SI 20251219 CS;SIMPLE_INSTRUMENT;BLOCK;EUR;38;0.76200000;500;EXCHANGE_LAST;;2;1;XEUR;5914370;135;
06.01.2025;12:30:21.073;B3BV SI 20251219 CS;SIMPLE_INSTRUMENT;BLOCK;EUR;39;0.76300000;500;EXCHANGE_LAST;;2;1;XEUR;5914370;135;
06.01.2025;15:29:47.166;B3BV SI 20251219 CS;SIMPLE_INSTRUMENT;BLOCK;EUR;48;0.76200000;500;EXCHANGE_LAST;;1;1;XEUR;5914370;135;
06.01.2025;15:29:39.165;B3BV SI 20251219 CS;SIMPLE_INSTRUMENT;BLOCK;EUR;49;0.76300000;500;EXCHANGE_LAST;;1;1;XEUR;5914370;135;
06.01.2025;14:08:59.905;BALN SI 20250221 PS AM C 176.00 0;SIMPLE_INSTRUMENT;BLOCK;CHF;39;0.58000000;500;EXCHANGE_LAST;;1;1;XEUR;12238801;147;
06.01.2025;11:05:43.096;BAS.O.250106.STG.000008;STANDARD_OPTION_STRATEGY;BLOCK;EUR;2;2.52000000;1500;EXCHANGE_LAST;;1;1;XEUR;72058238283091146;150;
06.01.2025;11:05:43.096;BAS SI 20250221 PS AM P 42.00 0;SIMPLE_INSTRUMENT;BLOCK;EUR;2;1.57000000;1500;PRC_DECOMP_EXCHANGE;;;;XEUR;12239072;150;EXCHANGE
06.01.2025;11:05:43.096;BAS SI 20250221 PS AM C 43.00 0;SIMPLE_INSTRUMENT;BLOCK;EUR;2;0.95000000;1500;PRC_DECOMP_EXCHANGE;;;;XEUR;12239063;150;EXCHANGE
06.01.2025;14:48:40.545;BAS SI 20250620 PS AM P 38.00 0;SIMPLE_INSTRUMENT;BLOCK;EUR;14;1.79000000;1000;EXCHANGE_LAST;;1;1;XEUR;11350812;150;
06.01.2025;15:49:37.274;BAS SI 20250221 PS AM C 46.00 0;SIMPLE_INSTRUMENT;BLOCK;EUR;15;0.36000000;2000;EXCHANGE_LAST;;1;1;XEUR;12238977;150;
06.01.2025;16:00:15.669;BAS SI 20291221 PS AM P 32.00 0;SIMPLE_INSTRUMENT;BLOCK;EUR;17;4.61000000;500;EXCHANGE_LAST;;1;1;XEUR;12433380;150;
06.01.2025;14:35:02.832;BAY SI 20250620 PS AM C 23.00 0;SIMPLE_INSTRUMENT;BLOCK;EUR;10;0.95000000;45500;EXCHANGE_LAST;;1;1;XEUR;11234139;168;
06.01.2025;14:35:03.028;BAY SI 20250620 PS AM C 23.00 0;SIMPLE_INSTRUMENT;BLOCK;EUR;11;0.93000000;19500;EXCHANGE_LAST;;1;1;XEUR;11234139;168;
06.01.2025;15:09:29.668;BEI SI 20250117 PS AM C 122.00 0;SIMPLE_INSTRUMENT;BLOCK;EUR;14;2.65000000;400;EXCHANGE_LAST;;1;1;XEUR;12069206;176;
06.01.2025;15:26:31.856;BEI SI 20250117 PS AM C 122.00 0;SIMPLE_INSTRUMENT;BLOCK;EUR;17;2.65000000;300;EXCHANGE_LAST;;1;1;XEUR;12069206;176;
06.01.2025;08:52:23.616;BMW.N.250106.000008;NON_STANDARD_OPTION_STRATEGY;BLOCK;EUR;3;1.57000000;750;EXCHANGE_LAST;;1;1;XEUR;72058495981108995;210;
06.01.2025;08:52:23.616;BMW SI 20251219 PS AM P 76.00 0;SIMPLE_INSTRUMENT;BLOCK;EUR;3;7.88000000;3000;PRC_DECOMP_MEMBER;;;;XEUR;5923232;210;MEMBER
06.01.2025;08:52:23.616;BMW SI 20251219 PS AM P 72.00 0;SIMPLE_INSTRUMENT;BLOCK;EUR;3;5.99000000;3750;PRC_DECOMP_MEMBER;;;;XEUR;11992512;210;MEMBER
06.01.2025;09:25:24.955;BMW.N.250106.000009;NON_STANDARD_OPTION_STRATEGY;BLOCK;EUR;6;6.40000000;500;EXCHANGE_LAST;;1;1;XEUR;72058495981108996;210;
06.01.2025;09:25:24.955;BMW SI 20261218 PS AM P 60.00 0;SIMPLE_INSTRUMENT;BLOCK;EUR;6;4.80000000;2500;PRC_DECOMP_EXCHANGE;;;;XEUR;7154298;210;EXCHANGE
06.01.2025;09:25:24.955;BMW SI 20261218 PS AM P 68.00 0;SIMPLE_INSTRUMENT;BLOCK;EUR;6;7.60000000;2000;PRC_DECOMP_EXCHANGE;;;;XEUR;7154238;210;EXCHANGE
06.01.2025;10:51:44.102;BMW SI 20250620 PS AM C 88.00 0;SIMPLE_INSTRUMENT;BLOCK;EUR;9;2.15000000;500;EXCHANGE_LAST;;1;1;XEUR;11352605;210;
06.01.2025;15:53:57.339;BMW SI 20250117 PS AM C 84.00 0;SIMPLE_INSTRUMENT;BLOCK;EUR;31;0.39000000;1500;EXCHANGE_LAST;;1;1;XEUR;12070135;210;
06.01.2025;14:33:27.130;BNPH SI 20250321 CS;SIMPLE_INSTRUMENT;BLOCK;EUR;46;60.24500000;3000;EXCHANGE_LAST;;1;1;XEUR;10695531;236;
06.01.2025;16:25:27.882;BNPH SI 20250620 CS;SIMPLE_INSTRUMENT;BLOCK;EUR;57;56.42500000;10000;EXCHANGE_LAST;;2;1;XEUR;11170600;236;
06.01.2025;15:48:03.049;BSI SI 20250117 PS AM P 135.00 0;SIMPLE_INSTRUMENT;BLOCK;EUR;26;2.25000000;250;EXCHANGE_LAST;;1;1;XEUR;12097613;76317;
06.01.2025;11:24:42.063;CFR SI 20261218 PS AM P 120.00 0;SIMPLE_INSTRUMENT;BLOCK;CHF;14;14.15000000;300;EXCHANGE_LAST;;1;1;XEUR;9996395;313;
06.01.2025;14:21:50.609;CFR.N.250106.000013;NON_STANDARD_OPTION_STRATEGY;BLOCK;CHF;41;10.50000000;750;EXCHANGE_LAST;;1;1;XEUR;72058938362728268;313;
06.01.2025;14:21:50.609;CFR SI 20250620 PS AM P 110.00 0;SIMPLE_INSTRUMENT;BLOCK;CHF;41;2.53000000;750;PRC_DECOMP_EXCHANGE;;;;XEUR;11354574;313;EXCHANGE
06.01.2025;14:21:50.609;CFR SI 20250620 PS AM P 120.00 0;SIMPLE_INSTRUMENT;BLOCK;CHF;41;4.31000000;750;PRC_DECOMP_EXCHANGE;;;;XEUR;9996501;313;EXCHANGE
06.01.2025;14:21:50.609;CFR SI 20251219 PS AM P 140.00 0;SIMPLE_INSTRUMENT;BLOCK;CHF;41;17.34000000;750;PRC_DECOMP_EXCHANGE;;;;XEUR;9996465;313;EXCHANGE
06.01.2025;14:36:38.237;CFR SI 20250321 PS AM P 122.00 0;SIMPLE_INSTRUMENT;BLOCK;CHF;44;2.36000000;300;EXCHANGE_LAST;;1;1;XEUR;12437250;313;
06.01.2025;15:26:28.247;COT SI 20251219 PS AM P 200.00 0;SIMPLE_INSTRUMENT;BLOCK;CHF;47;9.50000000;125;EXCHANGE_LAST;;1;1;XEUR;10445203;199899;
06.01.2025;10:15:49.480;D3AI SI 20251219 CS;SIMPLE_INSTRUMENT;BLOCK;EUR;6;4.00000000;100;EXCHANGE_LAST;;1;1;XEUR;7144062;443197;
06.01.2025;10:17:05.815;D3AI SI 20261218 CS;SIMPLE_INSTRUMENT;BLOCK;EUR;7;2.90000000;50;EXCHANGE_LAST;;1;1;XEUR;7144051;443197;
06.01.2025;12:26:24.987;D3AI SI 20251219 CS;SIMPLE_INSTRUMENT;BLOCK;EUR;37;4.06000000;100;EXCHANGE_LAST;;1;1;XEUR;7144062;443197;
06.01.2025;12:29:35.317;D3AI SI 20261218 CS;SIMPLE_INSTRUMENT;BLOCK;EUR;40;3.02000000;300;EXCHANGE_LAST;;1;1;XEUR;7144051;443197;
06.01.2025;10:48:17.280;DAI.N.250106.000012;NON_STANDARD_OPTION_STRATEGY;BLOCK;EUR;8;6.59000000;3500;EXCHANGE_LAST;;1;2;XEUR;73961106363663529;443196;
06.01.2025;10:48:17.280;DAI SI 20251219 PS AM P 56.00 0;SIMPLE_INSTRUMENT;BLOCK;EUR;8;8.05000000;3500;PRC_DECOMP_EXCHANGE;;;;XEUR;7349881;443196;EXCHANGE
06.01.2025;10:48:17.280;DAI SI 20250321 PS AM C 56.00 0;SIMPLE_INSTRUMENT;BLOCK;EUR;8;1.46000000;3500;PRC_DECOMP_EXCHANGE;;;;XEUR;10884531;443196;EXCHANGE
06.01.2025;11:25:03.619;DAI SI 20261218 PS AM P 44.00 0;SIMPLE_INSTRUMENT;BLOCK;EUR;11;4.87000000;750;EXCHANGE_LAST;;1;1;XEUR;7491316;443196;
06.01.2025;13:30:47.359;DAI SI 20250117 PS AM C 54.00 0;SIMPLE_INSTRUMENT;BLOCK;EUR;16;1.93000000;1000;EXCHANGE_LAST;;1;1;XEUR;12107430;443196;
06.01.2025;14:23:43.410;DAI.O.250106.BLT.000019;STANDARD_OPTION_STRATEGY;BLOCK;EUR;18;1.05000000;2500;EXCHANGE_LAST;;1;1;XEUR;73961106363663536;443196;
06.01.2025;14:23:43.410;DAI SI 20251219 PS AM C 56.00 0;SIMPLE_INSTRUMENT;BLOCK;EUR;18;3.56000000;2500;PRC_DECOMP_EXCHANGE;;;;XEUR;7349883;443196;EXCHANGE
06.01.2025;14:23:43.410;DAI SI 20250620 PS AM C 56.00 0;SIMPLE_INSTRUMENT;BLOCK;EUR;18;2.51000000;2500;PRC_DECOMP_EXCHANGE;;;;XEUR;8006363;443196;EXCHANGE
06.01.2025;14:48:35.019;DAI.O.250106.BLT.000019;STANDARD_OPTION_STRATEGY;BLOCK;EUR;20;1.05000000;750;EXCHANGE_LAST;;1;1;XEUR;73961106363663536;443196;
06.01.2025;14:48:35.019;DAI SI 20250620 PS AM C 56.00 0;SIMPLE_INSTRUMENT;BLOCK;EUR;20;2.51000000;750;PRC_DECOMP_MEMBER;;;;XEUR;8006363;443196;MEMBER
06.01.2025;14:48:35.019;DAI SI 20251219 PS AM C 56.00 0;SIMPLE_INSTRUMENT;BLOCK;EUR;20;3.56000000;750;PRC_DECOMP_MEMBER;;;;XEUR;7349883;443196;MEMBER
06.01.2025;14:59:31.595;DAI SI 20250117 PS AM C 58.00 0;SIMPLE_INSTRUMENT;BLOCK;EUR;22;0.18000000;1000;EXCHANGE_LAST;;1;1;XEUR;12107393;443196;
06.01.2025;15:55:25.006;DAI.O.250106.STD.000021;STANDARD_OPTION_STRATEGY;BLOCK;EUR;32;9.00000000;1250;EXCHANGE_LAST;;1;1;XEUR;73961106363663538;443196;
06.01.2025;15:55:25.006;DAI SI 20250620 PS AM P 52.00 0;SIMPLE_INSTRUMENT;BLOCK;EUR;32;3.83000000;1250;PRC_DECOMP_EXCHANGE;;;;XEUR;7934288;443196;EXCHANGE
06.01.2025;15:55:25.006;DAI SI 20250620 PS AM C 52.00 0;SIMPLE_INSTRUMENT;BLOCK;EUR;32;5.17000000;1250;PRC_DECOMP_EXCHANGE;;;;XEUR;7934269;443196;EXCHANGE
06.01.2025;16:05:02.713;DAI SI 20250117 PS AM C 58.00 0;SIMPLE_INSTRUMENT;BLOCK;EUR;34;0.18000000;1150;EXCHANGE_LAST;;1;1;XEUR;12107393;443196;
06.01.2025;16:04:40.916;DAI SI 20250117 PS AM C 58.00 0;SIMPLE_INSTRUMENT;BLOCK;EUR;35;0.17000000;1150;EXCHANGE_LAST;;1;1;XEUR;12107393;443196;
06.01.2025;15:10:25.549;DHE SI 20250919 PS AM P 28.00 0;SIMPLE_INSTRUMENT;BLOCK;EUR;12;5.50000000;1650;EXCHANGE_LAST;;2;1;XEUR;11910412;57135;
06.01.2025;15:29:21.643;DHE SI 20250919 PS AM P 28.00 0;SIMPLE_INSTRUMENT;BLOCK;EUR;13;5.50000000;350;EXCHANGE_LAST;;1;1;XEUR;11910412;57135;
06.01.2025;11:41:53.825;DPW SI 20261218 PS AM P 36.00 0;SIMPLE_INSTRUMENT;BLOCK;EUR;6;6.00000000;500;EXCHANGE_LAST;;1;1;XEUR;7389016;445;
06.01.2025;09:22:40.783;DSM SI 20250321 PS AM C 110.00 0;SIMPLE_INSTRUMENT;BLOCK;EUR;2;0.73000000;500;EXCHANGE_LAST;;1;1;XEUR;10836182;436;
06.01.2025;09:22:41.132;DSM SI 20250321 PS AM P 100.00 0;SIMPLE_INSTRUMENT;BLOCK;EUR;3;6.75000000;500;EXCHANGE_LAST;;1;1;XEUR;10836231;436;
06.01.2025;10:47:18.330;DTE SI 20250321 PS AM P 27.00 0;SIMPLE_INSTRUMENT;BLOCK;EUR;3;0.20000000;3286;EXCHANGE_LAST;;1;1;XEUR;11523269;424;
06.01.2025;10:47:40.621;DTE SI 20250321 PS AM P 27.00 0;SIMPLE_INSTRUMENT;BLOCK;EUR;4;0.22000000;2102;EXCHANGE_LAST;;1;1;XEUR;11523269;424;
06.01.2025;10:56:29.158;DTE.O.250106.BUL.000004;STANDARD_OPTION_STRATEGY;BLOCK;EUR;5;0.08000000;6000;EXCHANGE_LAST;;1;1;XEUR;72059415104107272;424;
06.01.2025;10:56:29.158;DTE SI 20250620 PS AM C 34.00 0;SIMPLE_INSTRUMENT;BLOCK;EUR;5;0.15000000;6000;PRC_DECOMP_EXCHANGE;;;;XEUR;11356822;424;EXCHANGE
06.01.2025;10:56:29.158;DTE SI 20250620 PS AM C 36.00 0;SIMPLE_INSTRUMENT;BLOCK;EUR;5;0.07000000;6000;PRC_DECOMP_EXCHANGE;;;;XEUR;8215290;424;EXCHANGE
06.01.2025;10:40:02.841;E2NL SI 20250321 CS;SIMPLE_INSTRUMENT;BLOCK;EUR;11;0.21500000;4375;EXCHANGE_LAST;;1;1;XEUR;10403435;471;
06.01.2025;11:03:31.144;E2NT SI 20261218 CS;SIMPLE_INSTRUMENT;BLOCK;EUR;16;0.97500000;2500;EXCHANGE_LAST;;2;4;XEUR;4632357;470;
06.01.2025;12:21:21.852;E2NT SI 20261218 CS;SIMPLE_INSTRUMENT;BLOCK;EUR;34;0.97500000;300;EXCHANGE_LAST;;1;1;XEUR;4632357;470;
06.01.2025;10:40:01.351;ENLH SI 20250320 CS;SIMPLE_INSTRUMENT;BLOCK;EUR;10;6.85290000;10000;EXCHANGE_LAST;;1;1;XEUR;10690796;524976;
06.01.2025;16:04:37.234;ENR SI 20250117 PS AM C 56.00 0;SIMPLE_INSTRUMENT;BLOCK;EUR;14;1.11000000;600;EXCHANGE_LAST;;1;1;XEUR;12193236;298530;
06.01.2025;16:07:09.011;ENR FI 20250221 PS AM C 57.0000 0;FLEXIBLE_INSTRUMENT;BLOCK;EUR;15;2.70000000;600;EXCHANGE_LAST;;1;1;XEUR;1154203681193730878;298530;
06.01.2025;16:08:57.892;ENR FI 20250221 PS AM C 63.0000 0;FLEXIBLE_INSTRUMENT;BLOCK;EUR;16;0.99000000;600;EXCHANGE_LAST;;1;1;XEUR;1154203681193730879;298530;
06.01.2025;12:18:06.732;ENT5 SI 20260618 PS AM P 10.00 0;SIMPLE_INSTRUMENT;BLOCK;EUR;16;0.33750000;2000;EXCHANGE_LAST;;1;1;XEUR;9531344;497;
06.01.2025;14:30:33.626;ENT5 SI 20250320 PS AM C 14.00 0;SIMPLE_INSTRUMENT;BLOCK;EUR;23;0.33000000;4000;EXCHANGE_LAST;;3;3;XEUR;10822837;497;
06.01.2025;14:39:03.639;ENT5 SI 20250320 PS AM C 14.00 0;SIMPLE_INSTRUMENT;BLOCK;EUR;24;0.33000000;1000;EXCHANGE_LAST;;1;1;XEUR;10822837;497;
06.01.2025;15:20:31.848;ENT5.O.250106.STG.000002;STANDARD_OPTION_STRATEGY;BLOCK;EUR;25;1.26000000;1200;EXCHANGE_LAST;;1;1;XEUR;72059728636684199;497;
06.01.2025;15:20:31.848;ENT5 SI 20250619 PS AM C 13.00 0;SIMPLE_INSTRUMENT;BLOCK;EUR;25;1.00700000;1200;PRC_DECOMP_EXCHANGE;;;;XEUR;10742896;497;EXCHANGE
06.01.2025;15:20:31.848;ENT5 SI 20250619 PS AM P 12.00 0;SIMPLE_INSTRUMENT;BLOCK;EUR;25;0.25300000;1200;PRC_DECOMP_EXCHANGE;;;;XEUR;7889861;497;EXCHANGE
06.01.2025;12:44:41.300;EOA.O.250106.BLT.000002;STANDARD_OPTION_STRATEGY;BLOCK;EUR;13;0.13000000;3840;EXCHANGE_LAST;;1;1;XEUR;72268326608331523;49065;
06.01.2025;12:44:41.300;EOA SI 20250321 PS AM C 12.00 0;SIMPLE_INSTRUMENT;BLOCK;EUR;13;0.22000000;3840;PRC_DECOMP_MEMBER;;;;XEUR;10867737;49065;MEMBER
06.01.2025;12:44:41.300;EOA SI 20250221 PS AM C 12.00 0;SIMPLE_INSTRUMENT;BLOCK;EUR;13;0.09000000;3840;PRC_DECOMP_MEMBER;;;;XEUR;12265517;49065;MEMBER
06.01.2025;12:44:44.492;EOA.O.250106.BLT.000002;STANDARD_OPTION_STRATEGY;BLOCK;EUR;14;0.12000000;3840;EXCHANGE_LAST;;1;1;XEUR;72268326608331523;49065;
06.01.2025;12:44:44.492;EOA SI 20250221 PS AM C 12.00 0;SIMPLE_INSTRUMENT;BLOCK;EUR;14;0.10000000;3840;PRC_DECOMP_MEMBER;;;;XEUR;12265517;49065;MEMBER
06.01.2025;12:44:44.492;EOA SI 20250321 PS AM C 12.00 0;SIMPLE_INSTRUMENT;BLOCK;EUR;14;0.22000000;3840;PRC_DECOMP_MEMBER;;;;XEUR;10867737;49065;MEMBER
06.01.2025;12:52:32.233;EOA SI 20250321 PS AM P 10.20 0;SIMPLE_INSTRUMENT;BLOCK;EUR;15;0.10000000;7000;EXCHANGE_LAST;;1;1;XEUR;12472258;49065;
06.01.2025;09:04:59.322;FBTP SI 20250306 PS;SIMPLE_INSTRUMENT;EFP_FIN;EUR;1;119.44000000;463;EXCHANGE_LAST;;1;1;XEUR;11286675;636;
06.01.2025;10:04:10.866;FBTP SI 20250306 PS;SIMPLE_INSTRUMENT;EFS;EUR;2;119.44000000;1157;EXCHANGE_LAST;;1;1;XEUR;11286675;636;
06.01.2025;10:48:14.987;FBTP SI 20250306 PS;SIMPLE_INSTRUMENT;EFP_FIN;EUR;3;119.38000000;1157;EXCHANGE_LAST;;1;1;XEUR;11286675;636;
06.01.2025;11:29:33.527;FBTP SI 20250306 PS;SIMPLE_INSTRUMENT;EFP_FIN;EUR;4;119.44000000;895;EXCHANGE_LAST;;1;1;XEUR;11286675;636;
06.01.2025;12:14:44.362;FBTP SI 20250306 PS;SIMPLE_INSTRUMENT;EFP_FIN;EUR;5;119.40000000;1343;EXCHANGE_LAST;;1;1;XEUR;11286675;636;
06.01.2025;12:21:59.582;FBTP SI 20250306 PS;SIMPLE_INSTRUMENT;EFP_FIN;EUR;6;119.60000000;448;EXCHANGE_LAST;;1;1;XEUR;11286675;636;
06.01.2025;12:21:59.582;FBTP SI 20250306 PS;SIMPLE_INSTRUMENT;EFP_FIN;EUR;7;119.60000000;895;EXCHANGE_LAST;;1;1;XEUR;11286675;636;
06.01.2025;12:37:31.144;FBTP SI 20250306 PS;SIMPLE_INSTRUMENT;EFP_FIN;EUR;8;119.54000000;578;EXCHANGE_LAST;;1;1;XEUR;11286675;636;
06.01.2025;12:42:25.545;FBTP SI 20250306 PS;SIMPLE_INSTRUMENT;EFP_FIN;EUR;9;119.57000000;751;EXCHANGE_LAST;;1;1;XEUR;11286675;636;
06.01.2025;12:43:08.292;FBTP SI 20250306 PS;SIMPLE_INSTRUMENT;EFP_FIN;EUR;10;119.60000000;294;EXCHANGE_LAST;;1;1;XEUR;11286675;636;
06.01.2025;14:14:44.545;FBTP SI 20250306 PS;SIMPLE_INSTRUMENT;EFP_FIN;EUR;11;119.51000000;250;EXCHANGE_LAST;;1;1;XEUR;11286675;636;
06.01.2025;14:47:38.838;FBTP SI 20250306 PS;SIMPLE_INSTRUMENT;EFP_FIN;EUR;12;119.46000000;510;EXCHANGE_LAST;;1;1;XEUR;11286675;636;
06.01.2025;14:42:47.636;FBTP SI 20250306 PS;SIMPLE_INSTRUMENT;EFP_FIN;EUR;13;119.52000000;397;EXCHANGE_LAST;;1;1;XEUR;11286675;636;
06.01.2025;14:47:42.654;FBTP SI 20250306 PS;SIMPLE_INSTRUMENT;EFP_FIN;EUR;15;119.38000000;991;EXCHANGE_LAST;;1;1;XEUR;11286675;636;
06.01.2025;14:56:11.681;FBTP SI 20250306 PS;SIMPLE_INSTRUMENT;EFP_FIN;EUR;16;119.47000000;276;EXCHANGE_LAST;;1;1;XEUR;11286675;636;
06.01.2025;15:35:53.981;FBTP SI 20250306 PS;SIMPLE_INSTRUMENT;EFP_FIN;EUR;17;119.40000000;229;EXCHANGE_LAST;;1;1;XEUR;11286675;636;
06.01.2025;15:36:51.620;FBTP SI 20250306 PS;SIMPLE_INSTRUMENT;EFP_FIN;EUR;19;119.37000000;154;EXCHANGE_LAST;;1;1;XEUR;11286675;636;
06.01.2025;15:45:06.508;FBTP SI 20250306 PS;SIMPLE_INSTRUMENT;EFP_FIN;EUR;20;119.34000000;233;EXCHANGE_LAST;;1;1;XEUR;11286675;636;
06.01.2025;16:18:55.680;FBTP SI 20250306 PS;SIMPLE_INSTRUMENT;EFP_FIN;EUR;21;119.43000000;183;EXCHANGE_LAST;;1;1;XEUR;11286675;636;
06.01.2025;16:54:02.301;FBTP SI 20250306 PS;SIMPLE_INSTRUMENT;EFP_FIN;EUR;22;119.48000000;224;EXCHANGE_LAST;;1;1;XEUR;11286675;636;
06.01.2025;11:47:13.031;FBTP SI 20250306 PS;SIMPLE_INSTRUMENT;VOLA;EUR;268435512;119.60000000;18;EXCHANGE_LAST;;1;1;XEUR;11286675;636;
06.01.2025;08:31:56.118;FBTS SI 20250306 PS;SIMPLE_INSTRUMENT;EFP_FIN;EUR;2;107.17000000;176;EXCHANGE_LAST;;1;1;XEUR;11286677;639;
06.01.2025;10:01:09.857;FBTS SI 20250306 PS;SIMPLE_INSTRUMENT;EFS;EUR;5;107.17000000;4349;EXCHANGE_LAST;;1;1;XEUR;11286677;639;
06.01.2025;14:23:46.278;FBTS SI 20250306 PS;SIMPLE_INSTRUMENT;EFP_FIN;EUR;14;107.17000000;345;EXCHANGE_LAST;;1;1;XEUR;11286677;639;
06.01.2025;15:53:46.935;FBTS SI 20250306 PS;SIMPLE_INSTRUMENT;EFP_FIN;EUR;22;107.16000000;1514;EXCHANGE_LAST;;1;1;XEUR;11286677;639;
06.01.2025;16:25:39.307;FDAX SI 20250321 CS;SIMPLE_INSTRUMENT;BLOCK;EUR;1;20320.00000000;250;EXCHANGE_LAST;;1;1;XEUR;7561255;589;
06.01.2025;16:26:11.960;FDAX SI 20250321 CS;SIMPLE_INSTRUMENT;EFP_IDX;EUR;2;20320.00000000;120;EXCHANGE_LAST;;1;1;XEUR;7561255;589;
06.01.2025;13:07:16.051;FEBD SI 20251219 CS;SIMPLE_INSTRUMENT;BLOCK;EUR;25;10.36000000;750;EXCHANGE_LAST;;1;1;XEUR;5914075;597;
06.01.2025;16:58:36.817;FEDV SI 20250321 CS;SIMPLE_INSTRUMENT;EFP_IDX;EUR;45;1651.00000000;1280;EXCHANGE_LAST;;1;1;XEUR;11359068;596;
06.01.2025;16:58:27.525;FEDV SI 20250321 CS;SIMPLE_INSTRUMENT;EFP_IDX;EUR;46;1651.50000000;720;EXCHANGE_LAST;;1;1;XEUR;11359068;596;
06.01.2025;14:44:42.175;FES1 SI 20250321 PS;SIMPLE_INSTRUMENT;BLOCK;EUR;29;17.40000000;757;EXCHANGE_LAST;;1;1;XEUR;11391470;58959;
06.01.2025;15:57:36.283;FES1 SI 20250321 PS;SIMPLE_INSTRUMENT;BLOCK;EUR;36;18.40000000;400;EXCHANGE_LAST;;1;1;XEUR;11391470;58959;
06.01.2025;17:25:41.593;FESB SI 20250321 CS;SIMPLE_INSTRUMENT;EFP_IDX;EUR;25;148.70000000;815;EXCHANGE_LAST;;1;1;XEUR;11359072;605;
06.01.2025;17:25:57.286;FESB SI 20250321 CS;SIMPLE_INSTRUMENT;EFP_IDX;EUR;26;148.75000000;1222;EXCHANGE_LAST;;1;1;XEUR;11359072;605;
06.01.2025;11:03:26.652;FESB SI 20250321 CS;SIMPLE_INSTRUMENT;VOLA;EUR;603979783;145.80000000;600;EXCHANGE_LAST;;1;1;XEUR;11359072;605;
06.01.2025;10:19:37.302;FESX SI 20250321 CS;SIMPLE_INSTRUMENT;BLOCK;EUR;1;4917.00000000;2000;EXCHANGE_LAST;;1;1;XEUR;7793482;675;
06.01.2025;10:48:01.329;FESX SI 20250321 CS;SIMPLE_INSTRUMENT;EFP_IDX;EUR;2;4918.00000000;1000;EXCHANGE_LAST;;1;1;XEUR;7793482;675;
06.01.2025;12:28:25.340;FESX SI 20250321 CS;SIMPLE_INSTRUMENT;EFP_IDX;EUR;3;4990.00000000;1000;EXCHANGE_LAST;;1;1;XEUR;7793482;675;
06.01.2025;16:51:30.754;FESX SI 20250321 CS;SIMPLE_INSTRUMENT;EFP_IDX;EUR;4;5005.00000000;1720;EXCHANGE_LAST;;1;1;XEUR;7793482;675;
06.01.2025;16:51:11.842;FESX SI 20250321 CS;SIMPLE_INSTRUMENT;EFP_IDX;EUR;5;5006.00000000;280;EXCHANGE_LAST;;1;1;XEUR;7793482;675;
06.01.2025;16:51:31.522;FESX SI 20250321 CS;SIMPLE_INSTRUMENT;EFP_IDX;EUR;6;5005.00000000;180;EXCHANGE_LAST;;1;1;XEUR;7793482;675;
06.01.2025;16:51:49.911;FESX SI 20250321 CS;SIMPLE_INSTRUMENT;EFP_IDX;EUR;7;5006.00000000;320;EXCHANGE_LAST;;1;1;XEUR;7793482;675;
06.01.2025;16:56:42.348;FESX SI 20250321 CS;SIMPLE_INSTRUMENT;BLOCK;EUR;8;5000.00000000;2000;EXCHANGE_LAST;;1;1;XEUR;7793482;675;
06.01.2025;17:10:30.714;FESX SI 20250321 CS;SIMPLE_INSTRUMENT;EFP_IDX;EUR;9;5000.00000000;1000;EXCHANGE_LAST;;1;1;XEUR;7793482;675;
06.01.2025;17:02:28.657;FESX SI 20250321 CS;SIMPLE_INSTRUMENT;EFP_IDX;EUR;10;5006.00000000;168;EXCHANGE_LAST;;1;1;XEUR;7793482;675;
06.01.2025;17:02:40.516;FESX SI 20250321 CS;SIMPLE_INSTRUMENT;EFP_IDX;EUR;11;5005.00000000;1032;EXCHANGE_LAST;;1;1;XEUR;7793482;675;
06.01.2025;08:50:42.255;FESX SI 20250321 CS;SIMPLE_INSTRUMENT;VOLA;EUR;637534215;4915.00000000;50;EXCHANGE_LAST;;1;1;XEUR;7793482;675;
06.01.2025;08:58:01.634;FESX SI 20250321 CS;SIMPLE_INSTRUMENT;VOLA;EUR;637534218;4920.00000000;90;EXCHANGE_LAST;;1;1;XEUR;7793482;675;
06.01.2025;09:11:37.760;FESX SI 20250321 CS;SIMPLE_INSTRUMENT;VOLA;EUR;637534229;4934.00000000;95;EXCHANGE_LAST;;1;1;XEUR;7793482;675;
06.01.2025;09:12:11.207;FESX SI 20250321 CS;SIMPLE_INSTRUMENT;VOLA;EUR;637534230;4935.00000000;45;EXCHANGE_LAST;;1;1;XEUR;7793482;675;
06.01.2025;09:12:41.603;FESX SI 20250321 CS;SIMPLE_INSTRUMENT;VOLA;EUR;637534232;4935.00000000;40;EXCHANGE_LAST;;1;1;XEUR;7793482;675;
06.01.2025;09:33:22.903;FESX SI 20250321 CS;SIMPLE_INSTRUMENT;VOLA;EUR;637534239;4933.00000000;939;EXCHANGE_LAST;;1;1;XEUR;7793482;675;
06.01.2025;10:05:34.473;FESX SI 20250321 CS;SIMPLE_INSTRUMENT;VOLA;EUR;637534250;4930.00000000;400;EXCHANGE_LAST;;1;1;XEUR;7793482;675;
06.01.2025;10:39:05.924;FESX SI 20250321 CS;SIMPLE_INSTRUMENT;VOLA;EUR;637534259;4930.00000000;510;EXCHANGE_LAST;;1;1;XEUR;7793482;675;
06.01.2025;11:51:04.759;FESX SI 20250321 CS;SIMPLE_INSTRUMENT;VOLA;EUR;637534274;4970.00000000;1760;EXCHANGE_LAST;;1;1;XEUR;7793482;675;
06.01.2025;12:09:39.192;FESX SI 20250321 CS;SIMPLE_INSTRUMENT;VOLA;EUR;637534281;4985.00000000;1420;EXCHANGE_LAST;;1;1;XEUR;7793482;675;
06.01.2025;13:17:37.040;FESX SI 20250321 CS;SIMPLE_INSTRUMENT;VOLA;EUR;637534297;4975.00000000;96;EXCHANGE_LAST;;1;1;XEUR;7793482;675;
06.01.2025;15:51:23.737;FESX SI 20250321 CS;SIMPLE_INSTRUMENT;VOLA;EUR;637534330;4980.00000000;1100;EXCHANGE_LAST;;1;1;XEUR;7793482;675;
06.01.2025;15:52:20.508;FESX SI 20250321 CS;SIMPLE_INSTRUMENT;VOLA;EUR;637534331;4980.00000000;508;EXCHANGE_LAST;;1;1;XEUR;7793482;675;
06.01.2025;16:20:46.968;FESX SI 20250321 CS;SIMPLE_INSTRUMENT;VOLA;EUR;637534345;4990.00000000;120;EXCHANGE_LAST;;1;1;XEUR;7793482;675;
06.01.2025;16:23:27.944;FESX SI 20250321 CS;SIMPLE_INSTRUMENT;VOLA;EUR;637534351;5000.00000000;175;EXCHANGE_LAST;;1;1;XEUR;7793482;675;
06.01.2025;16:29:25.807;FESX SI 20250321 CS;SIMPLE_INSTRUMENT;VOLA;EUR;637534360;5000.00000000;1;EXCHANGE_LAST;;1;1;XEUR;7793482;675;
06.01.2025;10:59:40.757;FEU3 SI 20250915 CS;SIMPLE_INSTRUMENT;EFS;EUR;15;97.92000000;6000;EXCHANGE_LAST;;1;1;XEUR;4396833;702;
06.01.2025;08:17:14.350;FEXD SI 20261218 CS;SIMPLE_INSTRUMENT;BLOCK;EUR;1;154.60000000;200;EXCHANGE_LAST;;1;1;XEUR;2163053;693;
06.01.2025;09:18:41.972;FEXD SI 20251219 CS;SIMPLE_INSTRUMENT;BLOCK;EUR;2;158.90000000;1500;EXCHANGE_LAST;;1;1;XEUR;1548120;693;
06.01.2025;09:41:51.805;FEXD SI 20251219 CS;SIMPLE_INSTRUMENT;BLOCK;EUR;3;158.90000000;250;EXCHANGE_LAST;;1;1;XEUR;1548120;693;
06.01.2025;09:42:20.914;FEXD SI 20251219 CS;SIMPLE_INSTRUMENT;BLOCK;EUR;4;158.80000000;250;EXCHANGE_LAST;;1;1;XEUR;1548120;693;
06.01.2025;10:28:40.922;FEXD.S.DEC26.DEC27.SPD;FUTURES_SPREAD;BLOCK;EUR;7;5.90000000;250;EXCHANGE_LAST;;1;1;XEUR;72060570450264153;693;
06.01.2025;10:28:40.922;FEXD SI 20261218 CS;SIMPLE_INSTRUMENT;BLOCK;EUR;7;154.60000000;250;PRC_DECOMP_EXCHANGE;;;;XEUR;2163053;693;EXCHANGE
06.01.2025;10:28:40.922;FEXD SI 20271217 CS;SIMPLE_INSTRUMENT;BLOCK;EUR;7;148.70000000;250;PRC_DECOMP_EXCHANGE;;;;XEUR;2848338;693;EXCHANGE
06.01.2025;11:06:40.215;FEXD.S.DEC26.DEC27.SPD;FUTURES_SPREAD;BLOCK;EUR;10;5.70000000;100;EXCHANGE_LAST;;1;1;XEUR;72060570450264153;693;
06.01.2025;11:06:40.215;FEXD SI 20261218 CS;SIMPLE_INSTRUMENT;BLOCK;EUR;10;154.60000000;100;PRC_DECOMP_MEMBER;;;;XEUR;2163053;693;MEMBER
06.01.2025;11:06:40.215;FEXD SI 20271217 CS;SIMPLE_INSTRUMENT;BLOCK;EUR;10;148.90000000;100;PRC_DECOMP_MEMBER;;;;XEUR;2848338;693;MEMBER
06.01.2025;12:14:01.012;FEXD SI 20271217 CS;SIMPLE_INSTRUMENT;BLOCK;EUR;18;149.70000000;750;EXCHANGE_LAST;;1;1;XEUR;2848338;693;
06.01.2025;13:45:27.809;FEXD.S.DEC27.DEC28.SPD;FUTURES_SPREAD;BLOCK;EUR;26;4.70000000;1250;EXCHANGE_LAST;;1;2;XEUR;72060570450264162;693;
06.01.2025;13:45:27.809;FEXD SI 20271217 CS;SIMPLE_INSTRUMENT;BLOCK;EUR;26;149.70000000;1250;PRC_DECOMP_MEMBER;;;;XEUR;2848338;693;MEMBER
06.01.2025;13:45:27.809;FEXD SI 20281215 CS;SIMPLE_INSTRUMENT;BLOCK;EUR;26;145.00000000;1250;PRC_DECOMP_MEMBER;;;;XEUR;3680985;693;MEMBER
06.01.2025;14:19:54.080;FEXD SI 20261218 CS;SIMPLE_INSTRUMENT;BLOCK;EUR;27;155.30000000;250;EXCHANGE_LAST;;1;1;XEUR;2163053;693;
06.01.2025;14:19:43.981;FEXD SI 20261218 CS;SIMPLE_INSTRUMENT;BLOCK;EUR;28;155.40000000;250;EXCHANGE_LAST;;1;1;XEUR;2163053;693;
06.01.2025;15:24:12.529;FEXD.S.DEC26.DEC27.SPD;FUTURES_SPREAD;BLOCK;EUR;30;5.60000000;350;EXCHANGE_LAST;;1;1;XEUR;72060570450264153;693;
06.01.2025;15:24:12.529;FEXD SI 20261218 CS;SIMPLE_INSTRUMENT;BLOCK;EUR;30;155.40000000;350;PRC_DECOMP_MEMBER;;;;XEUR;2163053;693;MEMBER
06.01.2025;15:24:12.529;FEXD SI 20271217 CS;SIMPLE_INSTRUMENT;BLOCK;EUR;30;149.80000000;350;PRC_DECOMP_MEMBER;;;;XEUR;2848338;693;MEMBER
06.01.2025;08:17:29.468;FGBL SI 20250306 PS;SIMPLE_INSTRUMENT;EFS;EUR;2;132.35000000;365;EXCHANGE_LAST;;1;1;XEUR;11286679;688;
06.01.2025;08:24:52.053;FGBL SI 20250306 PS;SIMPLE_INSTRUMENT;EFS;EUR;3;132.36000000;206;EXCHANGE_LAST;;1;1;XEUR;11286679;688;
06.01.2025;08:26:02.779;FGBL SI 20250306 PS;SIMPLE_INSTRUMENT;EFS;EUR;4;132.36000000;412;EXCHANGE_LAST;;1;1;XEUR;11286679;688;
06.01.2025;08:27:16.146;FGBL SI 20250306 PS;SIMPLE_INSTRUMENT;EFS;EUR;5;132.37000000;206;EXCHANGE_LAST;;1;1;XEUR;11286679;688;
06.01.2025;08:27:30.652;FGBL SI 20250306 PS;SIMPLE_INSTRUMENT;EFS;EUR;6;132.29000000;944;EXCHANGE_LAST;;1;1;XEUR;11286679;688;
06.01.2025;08:28:10.555;FGBL SI 20250306 PS;SIMPLE_INSTRUMENT;EFS;EUR;7;132.37000000;206;EXCHANGE_LAST;;1;1;XEUR;11286679;688;
06.01.2025;08:28:27.799;FGBL SI 20250306 PS;SIMPLE_INSTRUMENT;EFS;EUR;8;132.34000000;465;EXCHANGE_LAST;;1;1;XEUR;11286679;688;
06.01.2025;08:34:07.995;FGBL SI 20250306 PS;SIMPLE_INSTRUMENT;EFS;EUR;9;132.38000000;943;EXCHANGE_LAST;;1;1;XEUR;11286679;688;
06.01.2025;08:36:34.031;FGBL SI 20250306 PS;SIMPLE_INSTRUMENT;EFP_FIN;EUR;10;132.38000000;743;EXCHANGE_LAST;;1;1;XEUR;11286679;688;
06.01.2025;08:37:51.407;FGBL SI 20250306 PS;SIMPLE_INSTRUMENT;EFS;EUR;11;132.38000000;248;EXCHANGE_LAST;;1;1;XEUR;11286679;688;
06.01.2025;08:40:00.276;FGBL SI 20250306 PS;SIMPLE_INSTRUMENT;EFS;EUR;12;132.37000000;943;EXCHANGE_LAST;;1;1;XEUR;11286679;688;
06.01.2025;08:40:35.802;FGBL SI 20250306 PS;SIMPLE_INSTRUMENT;EFS;EUR;13;132.39000000;206;EXCHANGE_LAST;;1;1;XEUR;11286679;688;
06.01.2025;08:51:10.030;FGBL SI 20250306 PS;SIMPLE_INSTRUMENT;EFS;EUR;14;132.36000000;624;EXCHANGE_LAST;;1;1;XEUR;11286679;688;
06.01.2025;09:00:25.686;FGBL SI 20250306 PS;SIMPLE_INSTRUMENT;EFS;EUR;15;132.37000000;944;EXCHANGE_LAST;;1;1;XEUR;11286679;688;
06.01.2025;09:06:07.148;FGBL SI 20250306 PS;SIMPLE_INSTRUMENT;EFS;EUR;16;132.39000000;943;EXCHANGE_LAST;;1;1;XEUR;11286679;688;
06.01.2025;09:19:09.892;FGBL SI 20250306 PS;SIMPLE_INSTRUMENT;EFS;EUR;17;132.29000000;412;EXCHANGE_LAST;;1;1;XEUR;11286679;688;
06.01.2025;09:21:09.979;FGBL SI 20250306 PS;SIMPLE_INSTRUMENT;EFS;EUR;18;132.29000000;206;EXCHANGE_LAST;;1;1;XEUR;11286679;688;
06.01.2025;09:25:55.912;FGBL SI 20250306 PS;SIMPLE_INSTRUMENT;EFS;EUR;19;132.32000000;867;EXCHANGE_LAST;;1;1;XEUR;11286679;688;
06.01.2025;09:26:26.676;FGBL SI 20250306 PS;SIMPLE_INSTRUMENT;EFS;EUR;20;132.32000000;206;EXCHANGE_LAST;;1;1;XEUR;11286679;688;
06.01.2025;09:38:17.194;FGBL SI 20250306 PS;SIMPLE_INSTRUMENT;EFS;EUR;21;132.30000000;206;EXCHANGE_LAST;;1;1;XEUR;11286679;688;
06.01.2025;09:43:41.699;FGBL SI 20250306 PS;SIMPLE_INSTRUMENT;EFS;EUR;22;132.32000000;200;EXCHANGE_LAST;;1;1;XEUR;11286679;688;
06.01.2025;09:46:52.339;FGBL SI 20250306 PS;SIMPLE_INSTRUMENT;EFP_FIN;EUR;23;132.34000000;1486;EXCHANGE_LAST;;1;1;XEUR;11286679;688;
06.01.2025;09:48:06.789;FGBL SI 20250306 PS;SIMPLE_INSTRUMENT;EFS;EUR;24;132.33000000;456;EXCHANGE_LAST;;1;1;XEUR;11286679;688;
06.01.2025;09:54:20.180;FGBL SI 20250306 PS;SIMPLE_INSTRUMENT;EFP_FIN;EUR;25;132.33000000;100;EXCHANGE_LAST;;1;1;XEUR;11286679;688;
06.01.2025;09:55:52.928;FGBL SI 20250306 PS;SIMPLE_INSTRUMENT;EFP_FIN;EUR;26;132.32000000;207;EXCHANGE_LAST;;1;1;XEUR;11286679;688;
06.01.2025;09:58:18.719;FGBL SI 20250306 PS;SIMPLE_INSTRUMENT;EFS;EUR;27;132.32000000;206;EXCHANGE_LAST;;1;1;XEUR;11286679;688;
06.01.2025;10:07:56.684;FGBL SI 20250306 PS;SIMPLE_INSTRUMENT;EFS;EUR;28;132.35000000;944;EXCHANGE_LAST;;1;1;XEUR;11286679;688;
06.01.2025;10:08:49.808;FGBL SI 20250306 PS;SIMPLE_INSTRUMENT;EFS;EUR;29;132.30000000;472;EXCHANGE_LAST;;1;1;XEUR;11286679;688;
06.01.2025;10:19:53.880;FGBL SI 20250306 PS;SIMPLE_INSTRUMENT;EFS;EUR;30;132.36000000;344;EXCHANGE_LAST;;1;1;XEUR;11286679;688;
06.01.2025;10:27:54.662;FGBL SI 20250306 PS;SIMPLE_INSTRUMENT;EFS;EUR;31;132.36000000;411;EXCHANGE_LAST;;1;1;XEUR;11286679;688;
06.01.2025;10:30:28.769;FGBL SI 20250306 PS;SIMPLE_INSTRUMENT;EFS;EUR;32;132.34000000;411;EXCHANGE_LAST;;1;1;XEUR;11286679;688;
06.01.2025;10:36:51.487;FGBL SI 20250306 PS;SIMPLE_INSTRUMENT;EFS;EUR;33;132.35000000;412;EXCHANGE_LAST;;1;1;XEUR;11286679;688;
06.01.2025;10:39:07.385;FGBL SI 20250306 PS;SIMPLE_INSTRUMENT;EFP_FIN;EUR;34;132.34000000;830;EXCHANGE_LAST;;1;1;XEUR;11286679;688;
06.01.2025;10:47:07.551;FGBL SI 20250306 PS;SIMPLE_INSTRUMENT;EFS;EUR;35;132.38000000;412;EXCHANGE_LAST;;1;1;XEUR;11286679;688;
06.01.2025;10:51:42.940;FGBL SI 20250306 PS;SIMPLE_INSTRUMENT;EFP_FIN;EUR;36;132.35000000;111;EXCHANGE_LAST;;1;1;XEUR;11286679;688;
06.01.2025;10:52:03.903;FGBL SI 20250306 PS;SIMPLE_INSTRUMENT;EFS;EUR;37;132.37000000;235;EXCHANGE_LAST;;1;1;XEUR;11286679;688;
06.01.2025;10:53:04.219;FGBL SI 20250306 PS;SIMPLE_INSTRUMENT;EFP_FIN;EUR;38;132.38000000;1114;EXCHANGE_LAST;;1;1;XEUR;11286679;688;
06.01.2025;10:54:43.547;FGBL SI 20250306 PS;SIMPLE_INSTRUMENT;EFS;EUR;39;132.35000000;943;EXCHANGE_LAST;;1;1;XEUR;11286679;688;
06.01.2025;10:55:11.577;FGBL SI 20250306 PS;SIMPLE_INSTRUMENT;EFS;EUR;40;132.37000000;915;EXCHANGE_LAST;;1;1;XEUR;11286679;688;
06.01.2025;11:07:54.660;FGBL SI 20250306 PS;SIMPLE_INSTRUMENT;EFS;EUR;41;132.40000000;412;EXCHANGE_LAST;;1;1;XEUR;11286679;688;
06.01.2025;11:09:18.601;FGBL SI 20250306 PS;SIMPLE_INSTRUMENT;EFS;EUR;42;132.40000000;205;EXCHANGE_LAST;;1;1;XEUR;11286679;688;
06.01.2025;11:10:02.264;FGBL SI 20250306 PS;SIMPLE_INSTRUMENT;EFS;EUR;43;132.40000000;205;EXCHANGE_LAST;;1;1;XEUR;11286679;688;
06.01.2025;11:11:11.322;FGBL SI 20250306 PS;SIMPLE_INSTRUMENT;EFS;EUR;44;132.40000000;205;EXCHANGE_LAST;;1;1;XEUR;11286679;688;
06.01.2025;11:18:17.859;FGBL SI 20250306 PS;SIMPLE_INSTRUMENT;EFS;EUR;45;132.38000000;411;EXCHANGE_LAST;;1;1;XEUR;11286679;688;
06.01.2025;11:19:35.245;FGBL SI 20250306 PS;SIMPLE_INSTRUMENT;EFS;EUR;46;132.40000000;1367;EXCHANGE_LAST;;1;1;XEUR;11286679;688;
06.01.2025;11:20:52.330;FGBL SI 20250306 PS;SIMPLE_INSTRUMENT;EFS;EUR;47;132.37000000;411;EXCHANGE_LAST;;1;1;XEUR;11286679;688;
06.01.2025;11:28:16.896;FGBL SI 20250306 PS;SIMPLE_INSTRUMENT;EFP_FIN;EUR;48;132.39000000;894;EXCHANGE_LAST;;1;1;XEUR;11286679;688;
06.01.2025;11:44:13.090;FGBL SI 20250306 PS;SIMPLE_INSTRUMENT;EFP_FIN;EUR;49;132.55000000;438;EXCHANGE_LAST;;1;1;XEUR;11286679;688;
06.01.2025;11:44:22.538;FGBL SI 20250306 PS;SIMPLE_INSTRUMENT;EFS;EUR;50;132.52000000;141;EXCHANGE_LAST;;1;1;XEUR;11286679;688;
06.01.2025;11:55:00.094;FGBL SI 20250306 PS;SIMPLE_INSTRUMENT;EFP_FIN;EUR;51;132.54000000;154;EXCHANGE_LAST;;1;1;XEUR;11286679;688;
06.01.2025;12:02:26.256;FGBL SI 20250306 PS;SIMPLE_INSTRUMENT;EFS;EUR;52;132.46000000;942;EXCHANGE_LAST;;1;1;XEUR;11286679;688;
06.01.2025;12:06:02.209;FGBL SI 20250306 PS;SIMPLE_INSTRUMENT;EFP_FIN;EUR;53;132.44000000;236;EXCHANGE_LAST;;1;1;XEUR;11286679;688;
06.01.2025;12:09:25.220;FGBL SI 20250306 PS;SIMPLE_INSTRUMENT;EFP_FIN;EUR;54;132.48000000;158;EXCHANGE_LAST;;1;1;XEUR;11286679;688;
06.01.2025;12:09:44.305;FGBL SI 20250306 PS;SIMPLE_INSTRUMENT;EFS;EUR;55;132.46000000;247;EXCHANGE_LAST;;1;1;XEUR;11286679;688;
06.01.2025;12:11:01.389;FGBL SI 20250306 PS;SIMPLE_INSTRUMENT;EFS;EUR;56;132.49000000;942;EXCHANGE_LAST;;1;1;XEUR;11286679;688;
06.01.2025;12:21:55.652;FGBL SI 20250306 PS;SIMPLE_INSTRUMENT;EFS;EUR;57;132.39000000;218;EXCHANGE_LAST;;1;1;XEUR;11286679;688;
06.01.2025;12:22:55.867;FGBL SI 20250306 PS;SIMPLE_INSTRUMENT;EFS;EUR;58;132.39000000;218;EXCHANGE_LAST;;1;1;XEUR;11286679;688;
06.01.2025;12:23:50.389;FGBL SI 20250306 PS;SIMPLE_INSTRUMENT;EFS;EUR;59;132.41000000;411;EXCHANGE_LAST;;1;1;XEUR;11286679;688;
06.01.2025;12:24:41.533;FGBL SI 20250306 PS;SIMPLE_INSTRUMENT;EFS;EUR;60;132.42000000;206;EXCHANGE_LAST;;1;1;XEUR;11286679;688;
06.01.2025;12:25:00.212;FGBL SI 20250306 PS;SIMPLE_INSTRUMENT;EFP_FIN;EUR;61;132.40000000;156;EXCHANGE_LAST;;1;1;XEUR;11286679;688;
06.01.2025;12:31:14.454;FGBL SI 20250306 PS;SIMPLE_INSTRUMENT;EFP_FIN;EUR;62;132.42000000;396;EXCHANGE_LAST;;1;1;XEUR;11286679;688;
06.01.2025;12:32:22.797;FGBL SI 20250306 PS;SIMPLE_INSTRUMENT;EFP_FIN;EUR;63;132.42000000;82;EXCHANGE_LAST;;1;1;XEUR;11286679;688;
06.01.2025;12:43:06.253;FGBL SI 20250306 PS;SIMPLE_INSTRUMENT;EFP_FIN;EUR;64;132.42000000;598;EXCHANGE_LAST;;1;1;XEUR;11286679;688;
06.01.2025;12:47:21.282;FGBL SI 20250306 PS;SIMPLE_INSTRUMENT;EFS;EUR;65;132.50000000;1359;EXCHANGE_LAST;;1;1;XEUR;11286679;688;
06.01.2025;12:54:23.378;FGBL SI 20250306 PS;SIMPLE_INSTRUMENT;EFS;EUR;67;132.50000000;224;EXCHANGE_LAST;;1;1;XEUR;11286679;688;
06.01.2025;12:58:40.217;FGBL SI 20250306 PS;SIMPLE_INSTRUMENT;EFS;EUR;68;132.44000000;412;EXCHANGE_LAST;;1;1;XEUR;11286679;688;
06.01.2025;12:59:47.201;FGBL SI 20250306 PS;SIMPLE_INSTRUMENT;EFP_FIN;EUR;69;132.43000000;649;EXCHANGE_LAST;;1;1;XEUR;11286679;688;
06.01.2025;13:00:10.287;FGBL SI 20250306 PS;SIMPLE_INSTRUMENT;EFS;EUR;70;132.44000000;412;EXCHANGE_LAST;;1;1;XEUR;11286679;688;
06.01.2025;13:00:41.896;FGBL SI 20250306 PS;SIMPLE_INSTRUMENT;EFS;EUR;71;132.43000000;206;EXCHANGE_LAST;;1;1;XEUR;11286679;688;
06.01.2025;13:12:52.326;FGBL SI 20250306 PS;SIMPLE_INSTRUMENT;EFS;EUR;72;132.35000000;236;EXCHANGE_LAST;;1;1;XEUR;11286679;688;
06.01.2025;13:16:37.295;FGBL SI 20250306 PS;SIMPLE_INSTRUMENT;EFS;EUR;73;132.33000000;824;EXCHANGE_LAST;;1;1;XEUR;11286679;688;
06.01.2025;13:18:47.386;FGBL SI 20250306 PS;SIMPLE_INSTRUMENT;EFS;EUR;74;132.33000000;412;EXCHANGE_LAST;;1;1;XEUR;11286679;688;
06.01.2025;13:30:09.660;FGBL SI 20250306 PS;SIMPLE_INSTRUMENT;EFS;EUR;75;132.37000000;824;EXCHANGE_LAST;;1;1;XEUR;11286679;688;
06.01.2025;13:31:27.959;FGBL SI 20250306 PS;SIMPLE_INSTRUMENT;EFS;EUR;76;132.30000000;412;EXCHANGE_LAST;;1;1;XEUR;11286679;688;
06.01.2025;13:32:13.669;FGBL SI 20250306 PS;SIMPLE_INSTRUMENT;EFP_FIN;EUR;77;132.33000000;185;EXCHANGE_LAST;;1;1;XEUR;11286679;688;
06.01.2025;13:32:49.042;FGBL SI 20250306 PS;SIMPLE_INSTRUMENT;EFS;EUR;78;132.30000000;411;EXCHANGE_LAST;;1;1;XEUR;11286679;688;
06.01.2025;13:33:18.039;FGBL SI 20250306 PS;SIMPLE_INSTRUMENT;EFS;EUR;79;132.29000000;206;EXCHANGE_LAST;;1;1;XEUR;11286679;688;
06.01.2025;13:34:40.494;FGBL SI 20250306 PS;SIMPLE_INSTRUMENT;EFP_FIN;EUR;80;132.30000000;386;EXCHANGE_LAST;;1;1;XEUR;11286679;688;
06.01.2025;13:34:44.759;FGBL SI 20250306 PS;SIMPLE_INSTRUMENT;EFS;EUR;81;132.28000000;411;EXCHANGE_LAST;;1;1;XEUR;11286679;688;
06.01.2025;13:35:02.238;FGBL SI 20250306 PS;SIMPLE_INSTRUMENT;EFS;EUR;82;132.37000000;452;EXCHANGE_LAST;;1;1;XEUR;11286679;688;
06.01.2025;13:38:18.102;FGBL SI 20250306 PS;SIMPLE_INSTRUMENT;EFP_FIN;EUR;83;132.30000000;930;EXCHANGE_LAST;;1;1;XEUR;11286679;688;
06.01.2025;13:54:03.661;FGBL SI 20250306 PS;SIMPLE_INSTRUMENT;BLOCK;EUR;84;132.31000000;2320;EXCHANGE_LAST;;1;1;XEUR;11286679;688;
06.01.2025;13:48:56.656;FGBL SI 20250306 PS;SIMPLE_INSTRUMENT;EFS;EUR;85;132.30000000;723;EXCHANGE_LAST;;1;1;XEUR;11286679;688;
06.01.2025;13:53:48.684;FGBL SI 20250306 PS;SIMPLE_INSTRUMENT;EFS;EUR;86;132.33000000;330;EXCHANGE_LAST;;1;1;XEUR;11286679;688;
06.01.2025;13:57:30.230;FGBL SI 20250306 PS;SIMPLE_INSTRUMENT;BLOCK;EUR;87;132.32000000;2109;EXCHANGE_LAST;;1;1;XEUR;11286679;688;
06.01.2025;14:12:36.238;FGBL SI 20250306 PS;SIMPLE_INSTRUMENT;EFS;EUR;88;132.39000000;727;EXCHANGE_LAST;;1;1;XEUR;11286679;688;
06.01.2025;14:28:39.665;FGBL SI 20250306 PS;SIMPLE_INSTRUMENT;EFS;EUR;89;132.39000000;206;EXCHANGE_LAST;;1;1;XEUR;11286679;688;
06.01.2025;14:32:01.683;FGBL SI 20250306 PS;SIMPLE_INSTRUMENT;EFS;EUR;90;132.40000000;227;EXCHANGE_LAST;;1;1;XEUR;11286679;688;
06.01.2025;14:44:31.643;FGBL SI 20250306 PS;SIMPLE_INSTRUMENT;EFS;EUR;91;132.37000000;188;EXCHANGE_LAST;;1;1;XEUR;11286679;688;
06.01.2025;14:54:19.738;FGBL SI 20250306 PS;SIMPLE_INSTRUMENT;EFP_FIN;EUR;92;132.27000000;105;EXCHANGE_LAST;;1;1;XEUR;11286679;688;
06.01.2025;15:03:08.824;FGBL SI 20250306 PS;SIMPLE_INSTRUMENT;EFS;EUR;93;132.32000000;600;EXCHANGE_LAST;;1;1;XEUR;11286679;688;
06.01.2025;15:03:45.536;FGBL SI 20250306 PS;SIMPLE_INSTRUMENT;EFS;EUR;94;132.31000000;909;EXCHANGE_LAST;;1;1;XEUR;11286679;688;
06.01.2025;15:12:07.316;FGBL SI 20250306 PS;SIMPLE_INSTRUMENT;EFS;EUR;95;132.22000000;411;EXCHANGE_LAST;;1;1;XEUR;11286679;688;
06.01.2025;15:12:32.973;FGBL SI 20250306 PS;SIMPLE_INSTRUMENT;EFS;EUR;96;132.20000000;824;EXCHANGE_LAST;;1;1;XEUR;11286679;688;
06.01.2025;15:12:47.906;FGBL SI 20250306 PS;SIMPLE_INSTRUMENT;EFS;EUR;97;132.20000000;412;EXCHANGE_LAST;;1;1;XEUR;11286679;688;
06.01.2025;15:12:49.169;FGBL SI 20250306 PS;SIMPLE_INSTRUMENT;EFS;EUR;98;132.22000000;411;EXCHANGE_LAST;;1;1;XEUR;11286679;688;
06.01.2025;15:21:36.758;FGBL SI 20250306 PS;SIMPLE_INSTRUMENT;EFS;EUR;99;132.19000000;943;EXCHANGE_LAST;;1;1;XEUR;11286679;688;
06.01.2025;15:24:45.294;FGBL SI 20250306 PS;SIMPLE_INSTRUMENT;EFS;EUR;100;132.19000000;236;EXCHANGE_LAST;;1;1;XEUR;11286679;688;
06.01.2025;15:24:55.601;FGBL SI 20250306 PS;SIMPLE_INSTRUMENT;EFS;EUR;101;132.28000000;378;EXCHANGE_LAST;;1;1;XEUR;11286679;688;
06.01.2025;15:25:41.099;FGBL SI 20250306 PS;SIMPLE_INSTRUMENT;EFP_FIN;EUR;102;132.23000000;930;EXCHANGE_LAST;;1;1;XEUR;11286679;688;
06.01.2025;15:28:39.716;FGBL SI 20250306 PS;SIMPLE_INSTRUMENT;EFS;EUR;103;132.19000000;412;EXCHANGE_LAST;;1;1;XEUR;11286679;688;
06.01.2025;15:32:02.195;FGBL SI 20250306 PS;SIMPLE_INSTRUMENT;EFS;EUR;104;132.20000000;412;EXCHANGE_LAST;;1;1;XEUR;11286679;688;
06.01.2025;15:38:29.698;FGBL SI 20250306 PS;SIMPLE_INSTRUMENT;EFS;EUR;105;132.22000000;206;EXCHANGE_LAST;;1;1;XEUR;11286679;688;
06.01.2025;15:51:58.556;FGBL SI 20250306 PS;SIMPLE_INSTRUMENT;EFP_FIN;EUR;106;132.27000000;70;EXCHANGE_LAST;;1;1;XEUR;11286679;688;
06.01.2025;15:54:16.965;FGBL SI 20250306 PS;SIMPLE_INSTRUMENT;EFS;EUR;107;132.20000000;412;EXCHANGE_LAST;;1;1;XEUR;11286679;688;
06.01.2025;15:55:11.692;FGBL SI 20250306 PS;SIMPLE_INSTRUMENT;EFS;EUR;108;132.20000000;206;EXCHANGE_LAST;;1;1;XEUR;11286679;688;
06.01.2025;15:57:46.548;FGBL SI 20250306 PS;SIMPLE_INSTRUMENT;EFS;EUR;109;132.20000000;236;EXCHANGE_LAST;;1;1;XEUR;11286679;688;
06.01.2025;15:57:34.059;FGBL SI 20250306 PS;SIMPLE_INSTRUMENT;EFS;EUR;110;132.21000000;436;EXCHANGE_LAST;;1;1;XEUR;11286679;688;
06.01.2025;15:59:00.840;FGBL SI 20250306 PS;SIMPLE_INSTRUMENT;EFS;EUR;111;132.21000000;236;EXCHANGE_LAST;;1;1;XEUR;11286679;688;
06.01.2025;15:59:40.279;FGBL SI 20250306 PS;SIMPLE_INSTRUMENT;EFS;EUR;112;132.21000000;436;EXCHANGE_LAST;;1;1;XEUR;11286679;688;
06.01.2025;16:00:30.408;FGBL SI 20250306 PS;SIMPLE_INSTRUMENT;EFS;EUR;113;132.20000000;412;EXCHANGE_LAST;;1;1;XEUR;11286679;688;
06.01.2025;16:02:17.087;FGBL SI 20250306 PS;SIMPLE_INSTRUMENT;EFS;EUR;114;132.23000000;412;EXCHANGE_LAST;;1;1;XEUR;11286679;688;
06.01.2025;16:04:00.154;FGBL SI 20250306 PS;SIMPLE_INSTRUMENT;EFS;EUR;115;132.20000000;288;EXCHANGE_LAST;;1;1;XEUR;11286679;688;
06.01.2025;16:04:18.745;FGBL SI 20250306 PS;SIMPLE_INSTRUMENT;EFS;EUR;116;132.23000000;206;EXCHANGE_LAST;;1;1;XEUR;11286679;688;
06.01.2025;16:06:13.702;FGBL SI 20250306 PS;SIMPLE_INSTRUMENT;EFS;EUR;117;132.27000000;189;EXCHANGE_LAST;;1;1;XEUR;11286679;688;
06.01.2025;16:09:26.507;FGBL SI 20250306 PS;SIMPLE_INSTRUMENT;EFS;EUR;118;132.23000000;700;EXCHANGE_LAST;;1;1;XEUR;11286679;688;
06.01.2025;16:15:42.003;FGBL SI 20250306 PS;SIMPLE_INSTRUMENT;EFP_FIN;EUR;119;132.19000000;241;EXCHANGE_LAST;;1;1;XEUR;11286679;688;
06.01.2025;16:17:23.896;FGBL SI 20250306 PS;SIMPLE_INSTRUMENT;EFS;EUR;120;132.26000000;206;EXCHANGE_LAST;;1;1;XEUR;11286679;688;
06.01.2025;16:18:11.120;FGBL SI 20250306 PS;SIMPLE_INSTRUMENT;EFS;EUR;121;132.26000000;411;EXCHANGE_LAST;;1;1;XEUR;11286679;688;
06.01.2025;16:18:31.548;FGBL SI 20250306 PS;SIMPLE_INSTRUMENT;EFS;EUR;122;132.25000000;411;EXCHANGE_LAST;;1;1;XEUR;11286679;688;
06.01.2025;16:19:58.136;FGBL SI 20250306 PS;SIMPLE_INSTRUMENT;EFS;EUR;123;132.26000000;206;EXCHANGE_LAST;;1;1;XEUR;11286679;688;
06.01.2025;16:20:52.670;FGBL SI 20250306 PS;SIMPLE_INSTRUMENT;EFS;EUR;124;132.25000000;910;EXCHANGE_LAST;;1;1;XEUR;11286679;688;
06.01.2025;16:22:24.183;FGBL SI 20250306 PS;SIMPLE_INSTRUMENT;EFS;EUR;125;132.29000000;165;EXCHANGE_LAST;;1;1;XEUR;11286679;688;
06.01.2025;16:23:29.182;FGBL SI 20250306 PS;SIMPLE_INSTRUMENT;EFS;EUR;126;132.29000000;288;EXCHANGE_LAST;;1;1;XEUR;11286679;688;
06.01.2025;16:23:49.198;FGBL SI 20250306 PS;SIMPLE_INSTRUMENT;EFS;EUR;127;132.31000000;412;EXCHANGE_LAST;;1;1;XEUR;11286679;688;
06.01.2025;16:23:59.208;FGBL SI 20250306 PS;SIMPLE_INSTRUMENT;EFS;EUR;128;132.34000000;412;EXCHANGE_LAST;;1;1;XEUR;11286679;688;
06.01.2025;16:24:39.239;FGBL SI 20250306 PS;SIMPLE_INSTRUMENT;EFS;EUR;129;132.34000000;824;EXCHANGE_LAST;;1;1;XEUR;11286679;688;
06.01.2025;16:25:09.264;FGBL SI 20250306 PS;SIMPLE_INSTRUMENT;EFS;EUR;130;132.31000000;412;EXCHANGE_LAST;;1;1;XEUR;11286679;688;
06.01.2025;16:28:39.410;FGBL SI 20250306 PS;SIMPLE_INSTRUMENT;EFS;EUR;131;132.35000000;165;EXCHANGE_LAST;;1;1;XEUR;11286679;688;
06.01.2025;16:30:29.488;FGBL SI 20250306 PS;SIMPLE_INSTRUMENT;EFS;EUR;132;132.34000000;412;EXCHANGE_LAST;;1;1;XEUR;11286679;688;
06.01.2025;16:30:40.506;FGBL SI 20250306 PS;SIMPLE_INSTRUMENT;EFS;EUR;133;132.34000000;412;EXCHANGE_LAST;;1;1;XEUR;11286679;688;
06.01.2025;16:30:40.552;FGBL SI 20250306 PS;SIMPLE_INSTRUMENT;EFS;EUR;134;132.34000000;412;EXCHANGE_LAST;;1;1;XEUR;11286679;688;
06.01.2025;16:33:29.618;FGBL SI 20250306 PS;SIMPLE_INSTRUMENT;EFS;EUR;135;132.32000000;206;EXCHANGE_LAST;;1;1;XEUR;11286679;688;
06.01.2025;16:35:46.659;FGBL SI 20250306 PS;SIMPLE_INSTRUMENT;EFS;EUR;136;132.35000000;179;EXCHANGE_LAST;;1;1;XEUR;11286679;688;
06.01.2025;16:41:39.494;FGBL SI 20250306 PS;SIMPLE_INSTRUMENT;EFS;EUR;137;132.34000000;945;EXCHANGE_LAST;;1;1;XEUR;11286679;688;
06.01.2025;16:41:40.957;FGBL SI 20250306 PS;SIMPLE_INSTRUMENT;EFS;EUR;138;132.33000000;412;EXCHANGE_LAST;;1;1;XEUR;11286679;688;
06.01.2025;16:42:56.013;FGBL SI 20250306 PS;SIMPLE_INSTRUMENT;EFS;EUR;139;132.33000000;206;EXCHANGE_LAST;;1;1;XEUR;11286679;688;
06.01.2025;16:45:00.556;FGBL SI 20250306 PS;SIMPLE_INSTRUMENT;EFS;EUR;140;132.34000000;272;EXCHANGE_LAST;;1;1;XEUR;11286679;688;
06.01.2025;16:46:19.916;FGBL SI 20250306 PS;SIMPLE_INSTRUMENT;EFS;EUR;141;132.32000000;165;EXCHANGE_LAST;;1;1;XEUR;11286679;688;
06.01.2025;16:48:21.719;FGBL SI 20250306 PS;SIMPLE_INSTRUMENT;EFS;EUR;142;132.23000000;4000;EXCHANGE_LAST;;1;1;XEUR;11286679;688;
06.01.2025;17:22:54.305;FGBL SI 20250306 PS;SIMPLE_INSTRUMENT;BLOCK;EUR;143;132.41000000;2330;EXCHANGE_LAST;;1;1;XEUR;11286679;688;
06.01.2025;17:34:20.438;FGBL SI 20250306 PS;SIMPLE_INSTRUMENT;EFS;EUR;144;132.44000000;329;EXCHANGE_LAST;;1;1;XEUR;11286679;688;
06.01.2025;07:53:11.306;FGBL SI 20250306 PS;SIMPLE_INSTRUMENT;VOLA;EUR;268435459;132.35000000;10;EXCHANGE_LAST;;1;1;XEUR;11286679;688;
06.01.2025;12:18:10.650;FGBL SI 20250306 PS;SIMPLE_INSTRUMENT;VOLA;EUR;268435520;132.45000000;3;EXCHANGE_LAST;;1;1;XEUR;11286679;688;
06.01.2025;13:12:52.148;FGBL SI 20250306 PS;SIMPLE_INSTRUMENT;VOLA;EUR;268435522;132.33000000;90;EXCHANGE_LAST;;1;1;XEUR;11286679;688;
06.01.2025;14:41:45.365;FGBL SI 20250306 PS;SIMPLE_INSTRUMENT;VOLA;EUR;268435544;132.46000000;472;EXCHANGE_LAST;;1;1;XEUR;11286679;688;
06.01.2025;14:42:42.366;FGBL SI 20250306 PS;SIMPLE_INSTRUMENT;VOLA;EUR;268435545;132.46000000;471;EXCHANGE_LAST;;1;1;XEUR;11286679;688;
06.01.2025;15:08:14.475;FGBL SI 20250306 PS;SIMPLE_INSTRUMENT;VOLA;EUR;268435569;132.38000000;10;EXCHANGE_LAST;;1;1;XEUR;11286679;688;
06.01.2025;08:11:22.602;FGBM SI 20250306 PS;SIMPLE_INSTRUMENT;EFS;EUR;1;117.21000000;450;EXCHANGE_LAST;;1;1;XEUR;11286680;689;
06.01.2025;08:12:02.631;FGBM SI 20250306 PS;SIMPLE_INSTRUMENT;EFS;EUR;2;117.21000000;450;EXCHANGE_LAST;;1;1;XEUR;11286680;689;
06.01.2025;08:13:47.716;FGBM SI 20250306 PS;SIMPLE_INSTRUMENT;EFS;EUR;3;117.22000000;900;EXCHANGE_LAST;;1;1;XEUR;11286680;689;
06.01.2025;08:14:11.622;FGBM SI 20250306 PS;SIMPLE_INSTRUMENT;EFS;EUR;4;117.24000000;495;EXCHANGE_LAST;;1;1;XEUR;11286680;689;
06.01.2025;08:26:01.233;FGBM SI 20250306 PS;SIMPLE_INSTRUMENT;EFP_FIN;EUR;5;117.22000000;930;EXCHANGE_LAST;;1;1;XEUR;11286680;689;
06.01.2025;08:29:45.335;FGBM SI 20250306 PS;SIMPLE_INSTRUMENT;EFS;EUR;6;117.26000000;991;EXCHANGE_LAST;;1;1;XEUR;11286680;689;
06.01.2025;08:32:24.802;FGBM SI 20250306 PS;SIMPLE_INSTRUMENT;EFS;EUR;7;117.24000000;495;EXCHANGE_LAST;;1;1;XEUR;11286680;689;
06.01.2025;08:34:07.995;FGBM SI 20250306 PS;SIMPLE_INSTRUMENT;EFS;EUR;8;117.26000000;1981;EXCHANGE_LAST;;1;1;XEUR;11286680;689;
06.01.2025;08:40:13.277;FGBM SI 20250306 PS;SIMPLE_INSTRUMENT;EFS;EUR;9;117.25000000;1981;EXCHANGE_LAST;;1;1;XEUR;11286680;689;
06.01.2025;08:40:00.644;FGBM SI 20250306 PS;SIMPLE_INSTRUMENT;EFP_FIN;EUR;10;117.25000000;185;EXCHANGE_LAST;;1;1;XEUR;11286680;689;
06.01.2025;08:45:41.406;FGBM SI 20250306 PS;SIMPLE_INSTRUMENT;EFP_FIN;EUR;11;117.25000000;135;EXCHANGE_LAST;;1;1;XEUR;11286680;689;
06.01.2025;08:52:29.839;FGBM SI 20250306 PS;SIMPLE_INSTRUMENT;EFS;EUR;12;117.29000000;898;EXCHANGE_LAST;;1;1;XEUR;11286680;689;
06.01.2025;08:58:37.858;FGBM SI 20250306 PS;SIMPLE_INSTRUMENT;EFS;EUR;14;117.24000000;900;EXCHANGE_LAST;;1;1;XEUR;11286680;689;
06.01.2025;09:07:14.535;FGBM SI 20250306 PS;SIMPLE_INSTRUMENT;EFP_FIN;EUR;15;117.25000000;318;EXCHANGE_LAST;;1;1;XEUR;11286680;689;
06.01.2025;09:09:57.496;FGBM SI 20250306 PS;SIMPLE_INSTRUMENT;EFS;EUR;16;117.22000000;898;EXCHANGE_LAST;;1;1;XEUR;11286680;689;
06.01.2025;09:14:25.925;FGBM SI 20250306 PS;SIMPLE_INSTRUMENT;EFP_FIN;EUR;17;117.26000000;184;EXCHANGE_LAST;;1;1;XEUR;11286680;689;
06.01.2025;09:20:08.474;FGBM SI 20250306 PS;SIMPLE_INSTRUMENT;EFP_FIN;EUR;18;117.25000000;199;EXCHANGE_LAST;;1;1;XEUR;11286680;689;
06.01.2025;09:19:09.847;FGBM SI 20250306 PS;SIMPLE_INSTRUMENT;EFS;EUR;19;117.18000000;851;EXCHANGE_LAST;;1;1;XEUR;11286680;689;
06.01.2025;09:21:09.935;FGBM SI 20250306 PS;SIMPLE_INSTRUMENT;EFS;EUR;20;117.18000000;425;EXCHANGE_LAST;;1;1;XEUR;11286680;689;
06.01.2025;09:27:25.767;FGBM SI 20250306 PS;SIMPLE_INSTRUMENT;EFS;EUR;21;117.17000000;449;EXCHANGE_LAST;;1;1;XEUR;11286680;689;
06.01.2025;09:28:11.354;FGBM SI 20250306 PS;SIMPLE_INSTRUMENT;EFS;EUR;22;117.17000000;899;EXCHANGE_LAST;;1;1;XEUR;11286680;689;
06.01.2025;09:33:31.203;FGBM SI 20250306 PS;SIMPLE_INSTRUMENT;EFS;EUR;23;117.18000000;614;EXCHANGE_LAST;;1;1;XEUR;11286680;689;
06.01.2025;09:38:06.982;FGBM SI 20250306 PS;SIMPLE_INSTRUMENT;EFP_FIN;EUR;24;117.24000000;2003;EXCHANGE_LAST;;1;1;XEUR;11286680;689;
06.01.2025;09:40:00.491;FGBM SI 20250306 PS;SIMPLE_INSTRUMENT;EFP_FIN;EUR;25;117.20000000;185;EXCHANGE_LAST;;1;1;XEUR;11286680;689;
06.01.2025;09:40:19.118;FGBM SI 20250306 PS;SIMPLE_INSTRUMENT;EFS;EUR;26;117.23000000;991;EXCHANGE_LAST;;1;1;XEUR;11286680;689;
06.01.2025;09:41:16.308;FGBM SI 20250306 PS;SIMPLE_INSTRUMENT;EFS;EUR;27;117.26000000;1783;EXCHANGE_LAST;;1;1;XEUR;11286680;689;
06.01.2025;09:42:46.228;FGBM SI 20250306 PS;SIMPLE_INSTRUMENT;EFS;EUR;28;117.20000000;421;EXCHANGE_LAST;;1;1;XEUR;11286680;689;
06.01.2025;09:44:25.293;FGBM SI 20250306 PS;SIMPLE_INSTRUMENT;EFP_FIN;EUR;29;117.20000000;712;EXCHANGE_LAST;;1;1;XEUR;11286680;689;
06.01.2025;09:47:44.989;FGBM SI 20250306 PS;SIMPLE_INSTRUMENT;EFS;EUR;30;117.19000000;487;EXCHANGE_LAST;;1;1;XEUR;11286680;689;
06.01.2025;09:52:34.259;FGBM SI 20250306 PS;SIMPLE_INSTRUMENT;EFS;EUR;31;117.22000000;1982;EXCHANGE_LAST;;1;1;XEUR;11286680;689;
06.01.2025;09:52:34.298;FGBM SI 20250306 PS;SIMPLE_INSTRUMENT;EFP_FIN;EUR;32;117.19000000;105;EXCHANGE_LAST;;1;1;XEUR;11286680;689;
06.01.2025;09:54:13.245;FGBM SI 20250306 PS;SIMPLE_INSTRUMENT;EFP_FIN;EUR;33;117.19000000;105;EXCHANGE_LAST;;1;1;XEUR;11286680;689;
06.01.2025;10:01:47.099;FGBM SI 20250306 PS;SIMPLE_INSTRUMENT;EFS;EUR;34;117.22000000;898;EXCHANGE_LAST;;1;1;XEUR;11286680;689;
06.01.2025;10:06:15.684;FGBM SI 20250306 PS;SIMPLE_INSTRUMENT;EFP_FIN;EUR;35;117.19000000;199;EXCHANGE_LAST;;1;1;XEUR;11286680;689;
06.01.2025;10:08:02.038;FGBM SI 20250306 PS;SIMPLE_INSTRUMENT;EFP_FIN;EUR;36;117.20000000;453;EXCHANGE_LAST;;1;1;XEUR;11286680;689;
06.01.2025;10:09:49.356;FGBM SI 20250306 PS;SIMPLE_INSTRUMENT;EFP_FIN;EUR;37;117.20000000;431;EXCHANGE_LAST;;1;1;XEUR;11286680;689;
06.01.2025;10:14:59.291;FGBM SI 20250306 PS;SIMPLE_INSTRUMENT;EFP_FIN;EUR;38;117.21000000;431;EXCHANGE_LAST;;1;1;XEUR;11286680;689;
06.01.2025;10:19:53.880;FGBM SI 20250306 PS;SIMPLE_INSTRUMENT;EFS;EUR;39;117.20000000;723;EXCHANGE_LAST;;1;1;XEUR;11286680;689;
06.01.2025;10:20:47.810;FGBM SI 20250306 PS;SIMPLE_INSTRUMENT;EFP_FIN;EUR;40;117.19000000;368;EXCHANGE_LAST;;1;1;XEUR;11286680;689;
06.01.2025;10:39:36.607;FGBM SI 20250306 PS;SIMPLE_INSTRUMENT;EFS;EUR;41;117.21000000;898;EXCHANGE_LAST;;1;1;XEUR;11286680;689;
06.01.2025;10:39:52.551;FGBM SI 20250306 PS;SIMPLE_INSTRUMENT;EFS;EUR;42;117.21000000;898;EXCHANGE_LAST;;1;1;XEUR;11286680;689;
06.01.2025;10:41:49.991;FGBM SI 20250306 PS;SIMPLE_INSTRUMENT;EFS;EUR;43;117.19000000;629;EXCHANGE_LAST;;1;1;XEUR;11286680;689;
06.01.2025;10:43:13.364;FGBM SI 20250306 PS;SIMPLE_INSTRUMENT;EFS;EUR;44;117.20000000;1348;EXCHANGE_LAST;;1;1;XEUR;11286680;689;
06.01.2025;10:51:55.185;FGBM SI 20250306 PS;SIMPLE_INSTRUMENT;EFS;EUR;45;117.22000000;297;EXCHANGE_LAST;;1;1;XEUR;11286680;689;
06.01.2025;10:56:21.069;FGBM SI 20250306 PS;SIMPLE_INSTRUMENT;EFS;EUR;46;117.23000000;495;EXCHANGE_LAST;;1;1;XEUR;11286680;689;
06.01.2025;10:58:11.071;FGBM SI 20250306 PS;SIMPLE_INSTRUMENT;EFP_FIN;EUR;47;117.24000000;185;EXCHANGE_LAST;;1;1;XEUR;11286680;689;
06.01.2025;11:00:30.217;FGBM SI 20250306 PS;SIMPLE_INSTRUMENT;EFP_FIN;EUR;48;117.24000000;388;EXCHANGE_LAST;;1;1;XEUR;11286680;689;
06.01.2025;11:05:44.768;FGBM SI 20250306 PS;SIMPLE_INSTRUMENT;EFS;EUR;49;117.23000000;900;EXCHANGE_LAST;;1;1;XEUR;11286680;689;
06.01.2025;11:08:04.869;FGBM SI 20250306 PS;SIMPLE_INSTRUMENT;EFS;EUR;50;117.23000000;900;EXCHANGE_LAST;;1;1;XEUR;11286680;689;
06.01.2025;11:09:10.499;FGBM SI 20250306 PS;SIMPLE_INSTRUMENT;EFS;EUR;51;117.24000000;300;EXCHANGE_LAST;;1;1;XEUR;11286680;689;
06.01.2025;11:12:55.152;FGBM SI 20250306 PS;SIMPLE_INSTRUMENT;EFP_FIN;EUR;52;117.22000000;261;EXCHANGE_LAST;;1;1;XEUR;11286680;689;
06.01.2025;11:16:59.487;FGBM SI 20250306 PS;SIMPLE_INSTRUMENT;EFS;EUR;53;117.24000000;849;EXCHANGE_LAST;;1;1;XEUR;11286680;689;
06.01.2025;11:19:29.750;FGBM SI 20250306 PS;SIMPLE_INSTRUMENT;EFS;EUR;54;117.24000000;849;EXCHANGE_LAST;;1;1;XEUR;11286680;689;
06.01.2025;11:38:01.831;FGBM SI 20250306 PS;SIMPLE_INSTRUMENT;EFP_FIN;EUR;55;117.23000000;81;EXCHANGE_LAST;;1;1;XEUR;11286680;689;
06.01.2025;11:39:14.059;FGBM SI 20250306 PS;SIMPLE_INSTRUMENT;EFP_FIN;EUR;56;117.25000000;567;EXCHANGE_LAST;;1;1;XEUR;11286680;689;
06.01.2025;11:45:53.997;FGBM SI 20250306 PS;SIMPLE_INSTRUMENT;EFS;EUR;57;117.34000000;440;EXCHANGE_LAST;;1;1;XEUR;11286680;689;
06.01.2025;11:46:46.427;FGBM SI 20250306 PS;SIMPLE_INSTRUMENT;EFS;EUR;58;117.32000000;257;EXCHANGE_LAST;;1;1;XEUR;11286680;689;
06.01.2025;11:47:18.850;FGBM SI 20250306 PS;SIMPLE_INSTRUMENT;EFP_FIN;EUR;59;117.21000000;863;EXCHANGE_LAST;;1;1;XEUR;11286680;689;
06.01.2025;11:49:47.725;FGBM SI 20250306 PS;SIMPLE_INSTRUMENT;EFS;EUR;60;117.23000000;668;EXCHANGE_LAST;;1;1;XEUR;11286680;689;
06.01.2025;11:57:14.762;FGBM SI 20250306 PS;SIMPLE_INSTRUMENT;EFS;EUR;61;117.28000000;449;EXCHANGE_LAST;;1;1;XEUR;11286680;689;
06.01.2025;11:59:56.605;FGBM SI 20250306 PS;SIMPLE_INSTRUMENT;EFP_FIN;EUR;62;117.20000000;368;EXCHANGE_LAST;;1;1;XEUR;11286680;689;
06.01.2025;12:02:05.779;FGBM SI 20250306 PS;SIMPLE_INSTRUMENT;EFP_FIN;EUR;63;117.26000000;1294;EXCHANGE_LAST;;1;1;XEUR;11286680;689;
06.01.2025;12:15:48.598;FGBM SI 20250306 PS;SIMPLE_INSTRUMENT;EFP_FIN;EUR;65;117.25000000;199;EXCHANGE_LAST;;1;1;XEUR;11286680;689;
06.01.2025;12:20:57.611;FGBM SI 20250306 PS;SIMPLE_INSTRUMENT;EFS;EUR;66;117.23000000;898;EXCHANGE_LAST;;1;1;XEUR;11286680;689;
06.01.2025;12:21:59.542;FGBM SI 20250306 PS;SIMPLE_INSTRUMENT;EFP_FIN;EUR;67;117.32000000;431;EXCHANGE_LAST;;1;1;XEUR;11286680;689;
06.01.2025;12:21:59.542;FGBM SI 20250306 PS;SIMPLE_INSTRUMENT;EFP_FIN;EUR;68;117.32000000;638;EXCHANGE_LAST;;1;1;XEUR;11286680;689;
06.01.2025;12:21:59.562;FGBM SI 20250306 PS;SIMPLE_INSTRUMENT;EFP_FIN;EUR;69;117.32000000;346;EXCHANGE_LAST;;1;1;XEUR;11286680;689;
06.01.2025;12:28:57.243;FGBM SI 20250306 PS;SIMPLE_INSTRUMENT;EFS;EUR;70;117.24000000;1981;EXCHANGE_LAST;;1;1;XEUR;11286680;689;
06.01.2025;13:06:57.683;FGBM SI 20250306 PS;SIMPLE_INSTRUMENT;EFS;EUR;71;117.18000000;1189;EXCHANGE_LAST;;1;1;XEUR;11286680;689;
06.01.2025;13:31:27.914;FGBM SI 20250306 PS;SIMPLE_INSTRUMENT;EFS;EUR;72;117.16000000;851;EXCHANGE_LAST;;1;1;XEUR;11286680;689;
06.01.2025;13:32:04.943;FGBM SI 20250306 PS;SIMPLE_INSTRUMENT;EFS;EUR;73;117.16000000;849;EXCHANGE_LAST;;1;1;XEUR;11286680;689;
06.01.2025;13:33:17.994;FGBM SI 20250306 PS;SIMPLE_INSTRUMENT;EFS;EUR;74;117.16000000;425;EXCHANGE_LAST;;1;1;XEUR;11286680;689;
06.01.2025;13:36:47.562;FGBM SI 20250306 PS;SIMPLE_INSTRUMENT;EFS;EUR;75;117.17000000;991;EXCHANGE_LAST;;1;1;XEUR;11286680;689;
06.01.2025;13:49:22.604;FGBM SI 20250306 PS;SIMPLE_INSTRUMENT;EFS;EUR;76;117.16000000;1520;EXCHANGE_LAST;;1;1;XEUR;11286680;689;
06.01.2025;13:57:02.794;FGBM SI 20250306 PS;SIMPLE_INSTRUMENT;EFP_FIN;EUR;77;117.18000000;261;EXCHANGE_LAST;;1;1;XEUR;11286680;689;
06.01.2025;14:08:19.772;FGBM SI 20250306 PS;SIMPLE_INSTRUMENT;EFP_FIN;EUR;78;117.19000000;157;EXCHANGE_LAST;;1;1;XEUR;11286680;689;
06.01.2025;14:15:05.098;FGBM SI 20250306 PS;SIMPLE_INSTRUMENT;EFP_FIN;EUR;79;117.19000000;94;EXCHANGE_LAST;;1;1;XEUR;11286680;689;
06.01.2025;14:24:55.771;FGBM SI 20250306 PS;SIMPLE_INSTRUMENT;EFP_FIN;EUR;81;117.19000000;763;EXCHANGE_LAST;;1;1;XEUR;11286680;689;
06.01.2025;14:23:01.955;FGBM SI 20250306 PS;SIMPLE_INSTRUMENT;EFS;EUR;82;117.18000000;899;EXCHANGE_LAST;;1;1;XEUR;11286680;689;
06.01.2025;14:24:27.455;FGBM SI 20250306 PS;SIMPLE_INSTRUMENT;EFS;EUR;83;117.20000000;898;EXCHANGE_LAST;;1;1;XEUR;11286680;689;
06.01.2025;14:24:29.624;FGBM SI 20250306 PS;SIMPLE_INSTRUMENT;EFP_FIN;EUR;84;117.17000000;300;EXCHANGE_LAST;;1;1;XEUR;11286680;689;
06.01.2025;14:25:56.538;FGBM SI 20250306 PS;SIMPLE_INSTRUMENT;EFP_FIN;EUR;85;117.18000000;98;EXCHANGE_LAST;;1;1;XEUR;11286680;689;
06.01.2025;14:26:13.776;FGBM SI 20250306 PS;SIMPLE_INSTRUMENT;EFP_FIN;EUR;86;117.17000000;300;EXCHANGE_LAST;;1;1;XEUR;11286680;689;
06.01.2025;14:27:59.843;FGBM SI 20250306 PS;SIMPLE_INSTRUMENT;EFP_FIN;EUR;87;117.18000000;157;EXCHANGE_LAST;;1;1;XEUR;11286680;689;
06.01.2025;14:34:57.804;FGBM SI 20250306 PS;SIMPLE_INSTRUMENT;EFS;EUR;88;117.19000000;670;EXCHANGE_LAST;;1;1;XEUR;11286680;689;
06.01.2025;14:35:09.319;FGBM SI 20250306 PS;SIMPLE_INSTRUMENT;EFS;EUR;89;117.23000000;300;EXCHANGE_LAST;;1;1;XEUR;11286680;689;
06.01.2025;14:46:22.555;FGBM SI 20250306 PS;SIMPLE_INSTRUMENT;EFS;EUR;90;117.19000000;899;EXCHANGE_LAST;;1;1;XEUR;11286680;689;
06.01.2025;14:47:23.845;FGBM SI 20250306 PS;SIMPLE_INSTRUMENT;EFS;EUR;91;117.23000000;992;EXCHANGE_LAST;;1;1;XEUR;11286680;689;
06.01.2025;14:47:56.405;FGBM SI 20250306 PS;SIMPLE_INSTRUMENT;EFS;EUR;92;117.23000000;1387;EXCHANGE_LAST;;1;1;XEUR;11286680;689;
06.01.2025;14:55:44.865;FGBM SI 20250306 PS;SIMPLE_INSTRUMENT;EFS;EUR;93;117.20000000;991;EXCHANGE_LAST;;1;1;XEUR;11286680;689;
06.01.2025;15:01:37.267;FGBM SI 20250306 PS;SIMPLE_INSTRUMENT;EFS;EUR;94;117.19000000;1240;EXCHANGE_LAST;;1;1;XEUR;11286680;689;
06.01.2025;15:04:36.366;FGBM SI 20250306 PS;SIMPLE_INSTRUMENT;EFS;EUR;95;117.18000000;450;EXCHANGE_LAST;;1;1;XEUR;11286680;689;
06.01.2025;15:04:51.380;FGBM SI 20250306 PS;SIMPLE_INSTRUMENT;EFS;EUR;96;117.16000000;450;EXCHANGE_LAST;;1;1;XEUR;11286680;689;
06.01.2025;15:16:56.143;FGBM SI 20250306 PS;SIMPLE_INSTRUMENT;BLOCK;EUR;97;117.16000000;8500;EXCHANGE_LAST;;1;1;XEUR;11286680;689;
06.01.2025;15:23:38.036;FGBM SI 20250306 PS;SIMPLE_INSTRUMENT;EFP_FIN;EUR;98;117.14000000;79;EXCHANGE_LAST;;1;1;XEUR;11286680;689;
06.01.2025;15:49:19.527;FGBM SI 20250306 PS;SIMPLE_INSTRUMENT;EFP_FIN;EUR;100;117.27000000;776;EXCHANGE_LAST;;1;1;XEUR;11286680;689;
06.01.2025;15:56:16.717;FGBM SI 20250306 PS;SIMPLE_INSTRUMENT;EFS;EUR;101;117.12000000;899;EXCHANGE_LAST;;1;1;XEUR;11286680;689;
06.01.2025;15:57:47.338;FGBM SI 20250306 PS;SIMPLE_INSTRUMENT;EFP_FIN;EUR;102;117.14000000;712;EXCHANGE_LAST;;1;1;XEUR;11286680;689;
06.01.2025;16:00:35.305;FGBM SI 20250306 PS;SIMPLE_INSTRUMENT;EFP_FIN;EUR;103;117.14000000;1135;EXCHANGE_LAST;;1;1;XEUR;11286680;689;
06.01.2025;16:02:25.040;FGBM SI 20250306 PS;SIMPLE_INSTRUMENT;EFS;EUR;104;117.12000000;593;EXCHANGE_LAST;;1;1;XEUR;11286680;689;
06.01.2025;16:02:50.829;FGBM SI 20250306 PS;SIMPLE_INSTRUMENT;EFS;EUR;105;117.26000000;425;EXCHANGE_LAST;;1;1;XEUR;11286680;689;
06.01.2025;16:05:16.504;FGBM SI 20250306 PS;SIMPLE_INSTRUMENT;EFP_FIN;EUR;106;117.15000000;157;EXCHANGE_LAST;;1;1;XEUR;11286680;689;
06.01.2025;16:06:12.853;FGBM SI 20250306 PS;SIMPLE_INSTRUMENT;EFS;EUR;107;117.14000000;1348;EXCHANGE_LAST;;1;1;XEUR;11286680;689;
06.01.2025;16:06:44.576;FGBM SI 20250306 PS;SIMPLE_INSTRUMENT;EFP_FIN;EUR;108;117.11000000;626;EXCHANGE_LAST;;1;1;XEUR;11286680;689;
06.01.2025;16:07:26.988;FGBM SI 20250306 PS;SIMPLE_INSTRUMENT;EFS;EUR;109;117.14000000;225;EXCHANGE_LAST;;1;1;XEUR;11286680;689;
06.01.2025;16:07:58.946;FGBM SI 20250306 PS;SIMPLE_INSTRUMENT;EFS;EUR;110;117.14000000;225;EXCHANGE_LAST;;1;1;XEUR;11286680;689;
06.01.2025;16:21:45.112;FGBM SI 20250306 PS;SIMPLE_INSTRUMENT;EFP_FIN;EUR;111;117.14000000;184;EXCHANGE_LAST;;1;1;XEUR;11286680;689;
06.01.2025;16:21:55.926;FGBM SI 20250306 PS;SIMPLE_INSTRUMENT;EFS;EUR;112;117.19000000;899;EXCHANGE_LAST;;1;1;XEUR;11286680;689;
06.01.2025;16:22:24.138;FGBM SI 20250306 PS;SIMPLE_INSTRUMENT;EFS;EUR;113;117.19000000;340;EXCHANGE_LAST;;1;1;XEUR;11286680;689;
06.01.2025;16:22:45.884;FGBM SI 20250306 PS;SIMPLE_INSTRUMENT;EFP_FIN;EUR;114;117.14000000;184;EXCHANGE_LAST;;1;1;XEUR;11286680;689;
06.01.2025;16:25:29.282;FGBM SI 20250306 PS;SIMPLE_INSTRUMENT;EFS;EUR;115;117.20000000;360;EXCHANGE_LAST;;1;1;XEUR;11286680;689;
06.01.2025;16:25:52.298;FGBM SI 20250306 PS;SIMPLE_INSTRUMENT;EFP_FIN;EUR;116;117.15000000;480;EXCHANGE_LAST;;1;1;XEUR;11286680;689;
06.01.2025;16:26:21.778;FGBM SI 20250306 PS;SIMPLE_INSTRUMENT;EFP_FIN;EUR;117;117.13000000;431;EXCHANGE_LAST;;1;1;XEUR;11286680;689;
06.01.2025;16:36:45.837;FGBM SI 20250306 PS;SIMPLE_INSTRUMENT;EFP_FIN;EUR;118;117.20000000;184;EXCHANGE_LAST;;1;1;XEUR;11286680;689;
06.01.2025;16:48:05.192;FGBM SI 20250306 PS;SIMPLE_INSTRUMENT;EFS;EUR;119;117.20000000;991;EXCHANGE_LAST;;1;1;XEUR;11286680;689;
06.01.2025;17:01:26.581;FGBM SI 20250306 PS;SIMPLE_INSTRUMENT;EFS;EUR;120;117.18000000;1753;EXCHANGE_LAST;;1;1;XEUR;11286680;689;
06.01.2025;17:02:04.739;FGBM SI 20250306 PS;SIMPLE_INSTRUMENT;EFP_FIN;EUR;121;117.20000000;379;EXCHANGE_LAST;;1;1;XEUR;11286680;689;
06.01.2025;17:02:04.739;FGBM SI 20250306 PS;SIMPLE_INSTRUMENT;EFP_FIN;EUR;122;117.20000000;185;EXCHANGE_LAST;;1;1;XEUR;11286680;689;
06.01.2025;17:02:04.739;FGBM SI 20250306 PS;SIMPLE_INSTRUMENT;EFP_FIN;EUR;123;117.20000000;185;EXCHANGE_LAST;;1;1;XEUR;11286680;689;
06.01.2025;17:05:15.598;FGBM SI 20250306 PS;SIMPLE_INSTRUMENT;EFS;EUR;124;117.19000000;991;EXCHANGE_LAST;;1;1;XEUR;11286680;689;
06.01.2025;08:22:42.223;FGBS SI 20250306 PS;SIMPLE_INSTRUMENT;EFS;EUR;1;106.74000000;5000;EXCHANGE_LAST;;1;1;XEUR;11286681;690;
06.01.2025;08:22:31.222;FGBS SI 20250306 PS;SIMPLE_INSTRUMENT;EFS;EUR;2;106.74000000;309;EXCHANGE_LAST;;1;1;XEUR;11286681;690;
06.01.2025;08:29:09.715;FGBS SI 20250306 PS;SIMPLE_INSTRUMENT;EFP_FIN;EUR;3;106.74000000;1492;EXCHANGE_LAST;;1;1;XEUR;11286681;690;
06.01.2025;08:58:33.680;FGBS SI 20250306 PS;SIMPLE_INSTRUMENT;EFS;EUR;4;106.75000000;5497;EXCHANGE_LAST;;1;1;XEUR;11286681;690;
06.01.2025;09:02:35.836;FGBS SI 20250306 PS;SIMPLE_INSTRUMENT;EFP_FIN;EUR;5;106.75500000;882;EXCHANGE_LAST;;1;1;XEUR;11286681;690;
06.01.2025;09:20:58.059;FGBS SI 20250306 PS;SIMPLE_INSTRUMENT;EFS;EUR;6;106.72000000;2327;EXCHANGE_LAST;;1;1;XEUR;11286681;690;
06.01.2025;09:32:18.198;FGBS SI 20250306 PS;SIMPLE_INSTRUMENT;EFS;EUR;7;106.71000000;1698;EXCHANGE_LAST;;1;1;XEUR;11286681;690;
06.01.2025;10:25:06.676;FGBS SI 20250306 PS;SIMPLE_INSTRUMENT;EFP_FIN;EUR;8;106.72000000;498;EXCHANGE_LAST;;1;1;XEUR;11286681;690;
06.01.2025;10:29:45.234;FGBS SI 20250306 PS;SIMPLE_INSTRUMENT;EFP_FIN;EUR;9;106.72000000;271;EXCHANGE_LAST;;1;1;XEUR;11286681;690;
06.01.2025;10:36:27.040;FGBS SI 20250306 PS;SIMPLE_INSTRUMENT;EFP_FIN;EUR;10;106.72000000;261;EXCHANGE_LAST;;1;1;XEUR;11286681;690;
06.01.2025;10:36:27.060;FGBS SI 20250306 PS;SIMPLE_INSTRUMENT;EFP_FIN;EUR;11;106.72000000;271;EXCHANGE_LAST;;1;1;XEUR;11286681;690;
06.01.2025;10:42:15.951;FGBS SI 20250306 PS;SIMPLE_INSTRUMENT;EFP_FIN;EUR;12;106.72000000;65;EXCHANGE_LAST;;1;1;XEUR;11286681;690;
06.01.2025;10:57:05.854;FGBS SI 20250306 PS;SIMPLE_INSTRUMENT;EFP_FIN;EUR;13;106.73000000;271;EXCHANGE_LAST;;1;1;XEUR;11286681;690;
06.01.2025;10:57:05.834;FGBS SI 20250306 PS;SIMPLE_INSTRUMENT;EFP_FIN;EUR;14;106.73000000;531;EXCHANGE_LAST;;1;1;XEUR;11286681;690;
06.01.2025;11:01:51.762;FGBS SI 20250306 PS;SIMPLE_INSTRUMENT;EFS;EUR;16;106.72000000;2743;EXCHANGE_LAST;;1;1;XEUR;11286681;690;
06.01.2025;11:04:00.785;FGBS SI 20250306 PS;SIMPLE_INSTRUMENT;EFP_FIN;EUR;17;106.76000000;166;EXCHANGE_LAST;;1;1;XEUR;11286681;690;
06.01.2025;11:19:47.246;FGBS SI 20250306 PS;SIMPLE_INSTRUMENT;EFS;EUR;18;106.73000000;7953;EXCHANGE_LAST;;1;1;XEUR;11286681;690;
06.01.2025;11:26:32.382;FGBS SI 20250306 PS;SIMPLE_INSTRUMENT;EFP_FIN;EUR;19;106.73000000;213;EXCHANGE_LAST;;1;1;XEUR;11286681;690;
06.01.2025;12:02:26.256;FGBS SI 20250306 PS;SIMPLE_INSTRUMENT;EFS;EUR;20;106.74000000;5484;EXCHANGE_LAST;;1;1;XEUR;11286681;690;
06.01.2025;12:05:15.968;FGBS SI 20250306 PS;SIMPLE_INSTRUMENT;EFS;EUR;21;106.72000000;2306;EXCHANGE_LAST;;1;1;XEUR;11286681;690;
06.01.2025;12:09:48.236;FGBS SI 20250306 PS;SIMPLE_INSTRUMENT;EFS;EUR;22;106.75000000;5483;EXCHANGE_LAST;;1;1;XEUR;11286681;690;
06.01.2025;12:29:04.318;FGBS SI 20250306 PS;SIMPLE_INSTRUMENT;EFS;EUR;23;106.74000000;2723;EXCHANGE_LAST;;1;1;XEUR;11286681;690;
06.01.2025;12:37:00.720;FGBS SI 20250306 PS;SIMPLE_INSTRUMENT;EFP_FIN;EUR;24;106.73500000;2285;EXCHANGE_LAST;;1;1;XEUR;11286681;690;
06.01.2025;12:43:51.195;FGBS SI 20250306 PS;SIMPLE_INSTRUMENT;EFP_FIN;EUR;25;106.74000000;1870;EXCHANGE_LAST;;1;1;XEUR;11286681;690;
06.01.2025;12:45:24.275;FGBS SI 20250306 PS;SIMPLE_INSTRUMENT;EFS;EUR;26;106.75000000;7906;EXCHANGE_LAST;;1;1;XEUR;11286681;690;
06.01.2025;12:57:01.877;FGBS SI 20250306 PS;SIMPLE_INSTRUMENT;EFP_FIN;EUR;27;106.75000000;1246;EXCHANGE_LAST;;1;1;XEUR;11286681;690;
06.01.2025;12:57:01.877;FGBS SI 20250306 PS;SIMPLE_INSTRUMENT;EFP_FIN;EUR;28;106.75000000;624;EXCHANGE_LAST;;1;1;XEUR;11286681;690;
06.01.2025;13:05:21.477;FGBS SI 20250306 PS;SIMPLE_INSTRUMENT;EFS;EUR;29;106.73000000;2743;EXCHANGE_LAST;;1;1;XEUR;11286681;690;
06.01.2025;13:30:00.541;FGBS SI 20250306 PS;SIMPLE_INSTRUMENT;EFP_FIN;EUR;30;106.74000000;1402;EXCHANGE_LAST;;1;1;XEUR;11286681;690;
06.01.2025;13:54:39.410;FGBS SI 20250306 PS;SIMPLE_INSTRUMENT;EFP_FIN;EUR;31;106.70000000;936;EXCHANGE_LAST;;1;1;XEUR;11286681;690;
06.01.2025;14:09:19.792;FGBS SI 20250306 PS;SIMPLE_INSTRUMENT;EFP_FIN;EUR;32;106.70000000;1870;EXCHANGE_LAST;;1;1;XEUR;11286681;690;
06.01.2025;14:33:30.606;FGBS SI 20250306 PS;SIMPLE_INSTRUMENT;EFS;EUR;33;106.73500000;2772;EXCHANGE_LAST;;1;1;XEUR;11286681;690;
06.01.2025;14:35:58.382;FGBS SI 20250306 PS;SIMPLE_INSTRUMENT;EFP_FIN;EUR;34;106.74000000;468;EXCHANGE_LAST;;1;1;XEUR;11286681;690;
06.01.2025;14:37:05.102;FGBS SI 20250306 PS;SIMPLE_INSTRUMENT;EFS;EUR;35;106.70000000;2000;EXCHANGE_LAST;;1;1;XEUR;11286681;690;
06.01.2025;14:39:42.291;FGBS SI 20250306 PS;SIMPLE_INSTRUMENT;EFP_FIN;EUR;36;106.71500000;861;EXCHANGE_LAST;;1;1;XEUR;11286681;690;
06.01.2025;14:43:59.640;FGBS SI 20250306 PS;SIMPLE_INSTRUMENT;EFS;EUR;37;106.73000000;1097;EXCHANGE_LAST;;1;1;XEUR;11286681;690;
06.01.2025;15:11:46.913;FGBS SI 20250306 PS;SIMPLE_INSTRUMENT;EFS;EUR;38;106.70500000;1262;EXCHANGE_LAST;;1;1;XEUR;11286681;690;
06.01.2025;15:13:12.920;FGBS SI 20250306 PS;SIMPLE_INSTRUMENT;EFS;EUR;39;106.70000000;1214;EXCHANGE_LAST;;1;1;XEUR;11286681;690;
06.01.2025;15:16:15.927;FGBS SI 20250306 PS;SIMPLE_INSTRUMENT;EFS;EUR;40;106.71000000;5550;EXCHANGE_LAST;;1;1;XEUR;11286681;690;
06.01.2025;15:18:36.334;FGBS SI 20250306 PS;SIMPLE_INSTRUMENT;EFP_FIN;EUR;41;106.72000000;271;EXCHANGE_LAST;;1;1;XEUR;11286681;690;
06.01.2025;15:22:41.577;FGBS SI 20250306 PS;SIMPLE_INSTRUMENT;EFP_FIN;EUR;42;106.70500000;836;EXCHANGE_LAST;;1;1;XEUR;11286681;690;
06.01.2025;15:22:51.618;FGBS SI 20250306 PS;SIMPLE_INSTRUMENT;EFP_FIN;EUR;43;106.71000000;468;EXCHANGE_LAST;;1;1;XEUR;11286681;690;
06.01.2025;16:09:03.030;FGBS SI 20250306 PS;SIMPLE_INSTRUMENT;EFP_FIN;EUR;44;106.70500000;191;EXCHANGE_LAST;;1;1;XEUR;11286681;690;
06.01.2025;16:51:30.857;FGBS SI 20250306 PS;SIMPLE_INSTRUMENT;EFP_FIN;EUR;45;106.71000000;467;EXCHANGE_LAST;;1;1;XEUR;11286681;690;
06.01.2025;17:11:49.493;FGBS SI 20250306 PS;SIMPLE_INSTRUMENT;EFS;EUR;46;106.74000000;1300;EXCHANGE_LAST;;1;1;XEUR;11286681;690;
06.01.2025;08:06:49.764;FGBX SI 20250306 PS;SIMPLE_INSTRUMENT;EFS;EUR;1;130.06000000;73;EXCHANGE_LAST;;1;1;XEUR;11286682;691;
06.01.2025;09:01:22.199;FGBX SI 20250306 PS;SIMPLE_INSTRUMENT;EFP_FIN;EUR;3;130.36000000;186;EXCHANGE_LAST;;1;1;XEUR;11286682;691;
06.01.2025;09:12:11.444;FGBX SI 20250306 PS;SIMPLE_INSTRUMENT;EFP_FIN;EUR;4;130.44000000;72;EXCHANGE_LAST;;1;1;XEUR;11286682;691;
06.01.2025;10:46:56.122;FGBX SI 20250306 PS;SIMPLE_INSTRUMENT;EFP_FIN;EUR;6;130.32000000;59;EXCHANGE_LAST;;1;1;XEUR;11286682;691;
06.01.2025;10:57:45.324;FGBX SI 20250306 PS;SIMPLE_INSTRUMENT;EFS;EUR;7;130.26000000;363;EXCHANGE_LAST;;1;1;XEUR;11286682;691;
06.01.2025;11:45:55.157;FGBX SI 20250306 PS;SIMPLE_INSTRUMENT;EFS;EUR;8;130.44000000;83;EXCHANGE_LAST;;1;1;XEUR;11286682;691;
06.01.2025;12:10:19.893;FGBX SI 20250306 PS;SIMPLE_INSTRUMENT;EFS;EUR;9;130.32000000;190;EXCHANGE_LAST;;1;1;XEUR;11286682;691;
06.01.2025;12:31:48.670;FGBX SI 20250306 PS;SIMPLE_INSTRUMENT;EFP_FIN;EUR;10;130.26000000;177;EXCHANGE_LAST;;1;1;XEUR;11286682;691;
06.01.2025;12:53:34.659;FGBX SI 20250306 PS;SIMPLE_INSTRUMENT;EFP_FIN;EUR;11;130.42000000;73;EXCHANGE_LAST;;1;1;XEUR;11286682;691;
06.01.2025;13:54:55.688;FGBX SI 20250306 PS;SIMPLE_INSTRUMENT;EFS;EUR;12;130.20000000;185;EXCHANGE_LAST;;1;1;XEUR;11286682;691;
06.01.2025;14:06:31.138;FGBX SI 20250306 PS;SIMPLE_INSTRUMENT;EFP_FIN;EUR;13;130.36000000;108;EXCHANGE_LAST;;1;1;XEUR;11286682;691;
06.01.2025;14:37:31.356;FGBX SI 20250306 PS;SIMPLE_INSTRUMENT;EFS;EUR;15;130.28000000;180;EXCHANGE_LAST;;1;1;XEUR;11286682;691;
06.01.2025;14:45:43.797;FGBX SI 20250306 PS;SIMPLE_INSTRUMENT;EFP_FIN;EUR;16;130.30000000;149;EXCHANGE_LAST;;1;1;XEUR;11286682;691;
06.01.2025;15:34:25.844;FGBX SI 20250306 PS;SIMPLE_INSTRUMENT;EFS;EUR;17;129.82000000;181;EXCHANGE_LAST;;1;1;XEUR;11286682;691;
06.01.2025;15:35:23.476;FGBX SI 20250306 PS;SIMPLE_INSTRUMENT;EFS;EUR;18;129.84000000;210;EXCHANGE_LAST;;1;1;XEUR;11286682;691;
06.01.2025;15:38:44.876;FGBX SI 20250306 PS;SIMPLE_INSTRUMENT;EFP_FIN;EUR;19;129.84000000;55;EXCHANGE_LAST;;1;1;XEUR;11286682;691;
06.01.2025;15:48:17.393;FGBX SI 20250306 PS;SIMPLE_INSTRUMENT;BLOCK;EUR;20;129.94000000;181;EXCHANGE_LAST;;1;1;XEUR;11286682;691;
06.01.2025;15:53:24.492;FGBX SI 20250306 PS;SIMPLE_INSTRUMENT;EFS;EUR;21;129.94000000;75;EXCHANGE_LAST;;1;1;XEUR;11286682;691;
06.01.2025;16:07:06.581;FGBX SI 20250306 PS;SIMPLE_INSTRUMENT;EFS;EUR;23;129.94000000;282;EXCHANGE_LAST;;1;1;XEUR;11286682;691;
06.01.2025;16:07:22.853;FGBX SI 20250306 PS;SIMPLE_INSTRUMENT;EFS;EUR;24;129.94000000;282;EXCHANGE_LAST;;1;1;XEUR;11286682;691;
06.01.2025;15:08:02.087;FGBX SI 20250306 PS;SIMPLE_INSTRUMENT;VOLA;EUR;268435568;130.10000000;20;EXCHANGE_LAST;;1;1;XEUR;11286682;691;
06.01.2025;11:19:53.307;FIA5 SI 20251218 PS AM P 12.00 0;SIMPLE_INSTRUMENT;BLOCK;EUR;13;1.34000000;500;EXCHANGE_LAST;;1;1;XEUR;10385156;48227;
06.01.2025;13:58:54.553;FIA5 SI 20250320 PS AM C 14.00 0;SIMPLE_INSTRUMENT;BLOCK;EUR;21;0.45000000;1200;EXCHANGE_LAST;;1;1;XEUR;10824871;48227;
06.01.2025;02:35:08.283;FMAU SI 20250321 CS;SIMPLE_INSTRUMENT;BLOCK;USD;3;5647.79300000;178;EXCHANGE_LAST;;1;1;XEUR;7590511;45287;
06.01.2025;15:37:10.560;FMCP SI 20250321 CS;SIMPLE_INSTRUMENT;BLOCK;EUR;32;539.60000000;121;EXCHANGE_LAST;;1;1;XEUR;11359149;662;
06.01.2025;15:37:22.383;FMCP SI 20250321 CS;SIMPLE_INSTRUMENT;BLOCK;EUR;33;539.70000000;1085;EXCHANGE_LAST;;1;1;XEUR;11359149;662;
06.01.2025;02:25:57.250;FMEA SI 20250321 CS;SIMPLE_INSTRUMENT;BLOCK;USD;1;687.62000000;2487;EXCHANGE_LAST;;1;1;XEUR;7589834;12395;
06.01.2025;08:58:00.753;FMED SI 20250321 CS;SIMPLE_INSTRUMENT;BLOCK;USD;13;9162.82000000;550;EXCHANGE_LAST;;1;1;XEUR;7590729;48144;
06.01.2025;08:58:37.810;FMED SI 20250321 CS;SIMPLE_INSTRUMENT;BLOCK;USD;14;9162.82000000;545;EXCHANGE_LAST;;1;1;XEUR;7590729;48144;
06.01.2025;09:05:38.749;FMED SI 20250321 CS;SIMPLE_INSTRUMENT;BLOCK;USD;15;9162.82000000;820;EXCHANGE_LAST;;1;1;XEUR;7590729;48144;
06.01.2025;07:56:21.676;FMEL SI 20250321 CS;SIMPLE_INSTRUMENT;BLOCK;USD;10;472.32400000;380;EXCHANGE_LAST;;1;1;XEUR;7589856;12397;
06.01.2025;12:56:36.231;FMEL SI 20250321 CS;SIMPLE_INSTRUMENT;BLOCK;USD;18;472.32400000;200;EXCHANGE_LAST;;1;1;XEUR;7589856;12397;
06.01.2025;08:16:24.999;FMEN SI 20250321 CS;SIMPLE_INSTRUMENT;BLOCK;EUR;12;526.79900000;80;EXCHANGE_LAST;;1;1;XEUR;7590212;30652;
06.01.2025;07:51:51.074;FMES SI 20250321 CS;SIMPLE_INSTRUMENT;BLOCK;EUR;9;562.05200000;99;EXCHANGE_LAST;;1;1;XEUR;7591454;221291;
06.01.2025;12:42:31.645;FMFP SI 20250321 CS;SIMPLE_INSTRUMENT;BLOCK;USD;17;2303.00000000;20;EXCHANGE_LAST;;1;1;XEUR;7411195;51999;
06.01.2025;07:45:41.832;FMGC SI 20250321 CS;SIMPLE_INSTRUMENT;BLOCK;USD;7;12817.75000000;10;EXCHANGE_LAST;;1;1;XEUR;7590767;48916;
06.01.2025;14:50:45.441;FMGO SI 20250321 CS;SIMPLE_INSTRUMENT;BLOCK;USD;20;5145.00000000;122;EXCHANGE_LAST;;1;1;XEUR;8609359;583623;
06.01.2025;02:39:37.885;FMSI SI 20250321 CS;SIMPLE_INSTRUMENT;BLOCK;USD;1;16963.43400000;28;EXCHANGE_LAST;;1;1;XEUR;7590881;51883;
06.01.2025;07:15:55.006;FMWN SI 20250321 CS;SIMPLE_INSTRUMENT;EFP_IDX;EUR;5;592.29000000;450;EXCHANGE_LAST;;1;1;XEUR;7590222;30654;
06.01.2025;06:51:34.598;FMWO SI 20250321 CS;SIMPLE_INSTRUMENT;EFP_IDX;USD;4;11946.49000000;209;EXCHANGE_LAST;;1;1;XEUR;7589707;7059;
06.01.2025;07:36:50.743;FMWO SI 20250321 CS;SIMPLE_INSTRUMENT;EFP_IDX;USD;6;11942.49000000;96;EXCHANGE_LAST;;1;1;XEUR;7589707;7059;
06.01.2025;07:48:20.526;FMWO SI 20250321 CS;SIMPLE_INSTRUMENT;EFP_IDX;USD;8;11934.99000000;288;EXCHANGE_LAST;;1;1;XEUR;7589707;7059;
06.01.2025;08:06:44.491;FMWO SI 20250321 CS;SIMPLE_INSTRUMENT;EFP_IDX;USD;11;11930.66000000;747;EXCHANGE_LAST;;1;1;XEUR;7589707;7059;
06.01.2025;09:11:02.316;FMWZ SI 20250321 CS;SIMPLE_INSTRUMENT;BLOCK;USD;16;1285.07400000;3268;EXCHANGE_LAST;;1;1;XEUR;9508166;674556;
06.01.2025;08:23:24.209;FOAT SI 20250306 PS;SIMPLE_INSTRUMENT;EFP_FIN;EUR;1;122.36000000;171;EXCHANGE_LAST;;1;1;XEUR;11286683;749;
06.01.2025;08:44:55.002;FOAT SI 20250306 PS;SIMPLE_INSTRUMENT;BLOCK;EUR;2;122.45000000;1771;EXCHANGE_LAST;;1;1;XEUR;11286683;749;
06.01.2025;09:41:18.790;FOAT SI 20250306 PS;SIMPLE_INSTRUMENT;EFP_FIN;EUR;3;122.43000000;221;EXCHANGE_LAST;;1;1;XEUR;11286683;749;
06.01.2025;10:11:05.996;FOAT SI 20250306 PS;SIMPLE_INSTRUMENT;EFP_FIN;EUR;4;122.50000000;133;EXCHANGE_LAST;;1;1;XEUR;11286683;749;
06.01.2025;10:12:39.820;FOAT SI 20250306 PS;SIMPLE_INSTRUMENT;EFP_FIN;EUR;5;122.51000000;127;EXCHANGE_LAST;;1;1;XEUR;11286683;749;
06.01.2025;10:30:27.268;FOAT SI 20250306 PS;SIMPLE_INSTRUMENT;EFS;EUR;6;122.44000000;549;EXCHANGE_LAST;;1;1;XEUR;11286683;749;
06.01.2025;10:35:35.694;FOAT SI 20250306 PS;SIMPLE_INSTRUMENT;EFP_FIN;EUR;7;122.49000000;77;EXCHANGE_LAST;;1;1;XEUR;11286683;749;
06.01.2025;10:49:22.409;FOAT SI 20250306 PS;SIMPLE_INSTRUMENT;EFS;EUR;8;122.49000000;240;EXCHANGE_LAST;;1;1;XEUR;11286683;749;
06.01.2025;11:42:44.824;FOAT SI 20250306 PS;SIMPLE_INSTRUMENT;EFP_FIN;EUR;9;122.57000000;121;EXCHANGE_LAST;;1;1;XEUR;11286683;749;
06.01.2025;11:53:22.208;FOAT SI 20250306 PS;SIMPLE_INSTRUMENT;EFP_FIN;EUR;10;122.66000000;126;EXCHANGE_LAST;;1;1;XEUR;11286683;749;
06.01.2025;11:54:32.330;FOAT SI 20250306 PS;SIMPLE_INSTRUMENT;EFP_FIN;EUR;11;122.65000000;89;EXCHANGE_LAST;;1;1;XEUR;11286683;749;
06.01.2025;11:59:22.522;FOAT SI 20250306 PS;SIMPLE_INSTRUMENT;EFP_FIN;EUR;12;122.62000000;417;EXCHANGE_LAST;;1;1;XEUR;11286683;749;
06.01.2025;12:14:06.171;FOAT SI 20250306 PS;SIMPLE_INSTRUMENT;EFP_FIN;EUR;13;122.68000000;355;EXCHANGE_LAST;;1;1;XEUR;11286683;749;
06.01.2025;12:17:51.364;FOAT SI 20250306 PS;SIMPLE_INSTRUMENT;EFP_FIN;EUR;14;122.67000000;354;EXCHANGE_LAST;;1;1;XEUR;11286683;749;
06.01.2025;12:30:12.572;FOAT SI 20250306 PS;SIMPLE_INSTRUMENT;EFP_FIN;EUR;15;122.64000000;89;EXCHANGE_LAST;;1;1;XEUR;11286683;749;
06.01.2025;12:40:21.814;FOAT SI 20250306 PS;SIMPLE_INSTRUMENT;EFP_FIN;EUR;16;122.46000000;417;EXCHANGE_LAST;;1;1;XEUR;11286683;749;
06.01.2025;12:52:31.750;FOAT SI 20250306 PS;SIMPLE_INSTRUMENT;EFP_FIN;EUR;17;122.69000000;229;EXCHANGE_LAST;;1;1;XEUR;11286683;749;
06.01.2025;13:08:55.755;FOAT SI 20250306 PS;SIMPLE_INSTRUMENT;EFP_FIN;EUR;18;122.66000000;228;EXCHANGE_LAST;;1;1;XEUR;11286683;749;
06.01.2025;13:32:19.774;FOAT SI 20250306 PS;SIMPLE_INSTRUMENT;EFP_FIN;EUR;19;122.55000000;417;EXCHANGE_LAST;;1;1;XEUR;11286683;749;
06.01.2025;13:54:49.748;FOAT SI 20250306 PS;SIMPLE_INSTRUMENT;EFP_FIN;EUR;20;122.46000000;709;EXCHANGE_LAST;;1;1;XEUR;11286683;749;
06.01.2025;14:20:20.303;FOAT SI 20250306 PS;SIMPLE_INSTRUMENT;EFP_FIN;EUR;21;122.52000000;575;EXCHANGE_LAST;;1;1;XEUR;11286683;749;
06.01.2025;15:21:41.774;FOAT SI 20250306 PS;SIMPLE_INSTRUMENT;EFP_FIN;EUR;22;122.59000000;417;EXCHANGE_LAST;;1;1;XEUR;11286683;749;
06.01.2025;15:29:53.108;FOAT SI 20250306 PS;SIMPLE_INSTRUMENT;EFS;EUR;23;122.51000000;264;EXCHANGE_LAST;;1;1;XEUR;11286683;749;
06.01.2025;15:40:07.750;FOAT SI 20250306 PS;SIMPLE_INSTRUMENT;EFP_FIN;EUR;24;122.49000000;934;EXCHANGE_LAST;;1;1;XEUR;11286683;749;
06.01.2025;16:17:20.937;FOAT SI 20250306 PS;SIMPLE_INSTRUMENT;EFP_FIN;EUR;25;122.62000000;2356;EXCHANGE_LAST;;1;1;XEUR;11286683;749;
06.01.2025;16:18:06.266;FOAT SI 20250306 PS;SIMPLE_INSTRUMENT;EFP_FIN;EUR;26;122.65000000;334;EXCHANGE_LAST;;1;1;XEUR;11286683;749;
06.01.2025;16:43:01.581;FOAT SI 20250306 PS;SIMPLE_INSTRUMENT;EFP_FIN;EUR;27;122.67000000;208;EXCHANGE_LAST;;1;1;XEUR;11286683;749;
06.01.2025;16:45:27.840;FOAT SI 20250306 PS;SIMPLE_INSTRUMENT;EFP_FIN;EUR;28;122.62000000;886;EXCHANGE_LAST;;1;1;XEUR;11286683;749;
06.01.2025;16:55:47.656;FOAT SI 20250306 PS;SIMPLE_INSTRUMENT;EFP_FIN;EUR;30;122.65000000;194;EXCHANGE_LAST;;1;1;XEUR;11286683;749;
06.01.2025;16:58:28.343;FOAT SI 20250306 PS;SIMPLE_INSTRUMENT;EFP_FIN;EUR;31;122.62000000;930;EXCHANGE_LAST;;1;1;XEUR;11286683;749;
06.01.2025;17:13:38.700;FOAT SI 20250306 PS;SIMPLE_INSTRUMENT;EFP_FIN;EUR;32;122.68000000;487;EXCHANGE_LAST;;1;1;XEUR;11286683;749;
06.01.2025;15:37:56.524;FSCP SI 20250321 CS;SIMPLE_INSTRUMENT;BLOCK;EUR;34;337.70000000;1542;EXCHANGE_LAST;;1;1;XEUR;11360241;764;
06.01.2025;15:38:07.423;FSCP SI 20250321 CS;SIMPLE_INSTRUMENT;BLOCK;EUR;35;337.80000000;385;EXCHANGE_LAST;;1;1;XEUR;11360241;764;
06.01.2025;16:51:09.424;FSCP SI 20250321 CS;SIMPLE_INSTRUMENT;EFP_IDX;EUR;41;337.40000000;1104;EXCHANGE_LAST;;1;1;XEUR;11360241;764;
06.01.2025;16:51:32.900;FSCP SI 20250321 CS;SIMPLE_INSTRUMENT;EFP_IDX;EUR;42;337.50000000;276;EXCHANGE_LAST;;1;1;XEUR;11360241;764;
06.01.2025;17:23:00.568;FSCP SI 20250321 CS;SIMPLE_INSTRUMENT;BLOCK;EUR;51;337.80000000;1523;EXCHANGE_LAST;;1;1;XEUR;11360241;764;
06.01.2025;17:23:10.630;FSCP SI 20250321 CS;SIMPLE_INSTRUMENT;BLOCK;EUR;52;337.90000000;653;EXCHANGE_LAST;;1;1;XEUR;11360241;764;
06.01.2025;16:58:50.594;FSEG SI 20250321 CS;SIMPLE_INSTRUMENT;EFP_IDX;EUR;47;191.00000000;20;EXCHANGE_LAST;;1;1;XEUR;11393888;109977;
06.01.2025;16:58:57.950;FSEG SI 20250321 CS;SIMPLE_INSTRUMENT;EFP_IDX;EUR;48;190.90000000;48;EXCHANGE_LAST;;1;1;XEUR;11393888;109977;
06.01.2025;11:54:40.163;FSMI SI 20250321 CS;SIMPLE_INSTRUMENT;BLOCK;CHF;1;11640.00000000;1000;EXCHANGE_LAST;;1;1;XEUR;7793721;757;
06.01.2025;14:19:11.027;FSMI SI 20250321 CS;SIMPLE_INSTRUMENT;BLOCK;CHF;2;11630.00000000;500;EXCHANGE_LAST;;1;1;XEUR;7793721;757;
06.01.2025;16:06:47.743;FSMI SI 20250321 CS;SIMPLE_INSTRUMENT;VOLA;CHF;603979822;11600.00000000;6;EXCHANGE_LAST;;1;1;XEUR;7793721;757;
06.01.2025;13:36:27.595;FSTA SI 20250321 CS;SIMPLE_INSTRUMENT;BLOCK;EUR;2;565.30000000;262;EXCHANGE_LAST;;1;1;XEUR;11359808;715;
06.01.2025;13:39:01.706;FSTA SI 20250321 CS;SIMPLE_INSTRUMENT;BLOCK;EUR;3;565.00000000;301;EXCHANGE_LAST;;1;1;XEUR;11359808;715;
06.01.2025;13:43:42.252;FSTA SI 20250321 CS;SIMPLE_INSTRUMENT;EFP_IDX;EUR;4;564.90000000;370;EXCHANGE_LAST;;1;1;XEUR;11359808;715;
06.01.2025;13:31:11.027;FSTE SI 20250321 CS;SIMPLE_INSTRUMENT;VOLA;EUR;603979801;348.20000000;270;EXCHANGE_LAST;;1;1;XEUR;11359812;719;
06.01.2025;17:27:34.028;FSTH SI 20250321 CS;SIMPLE_INSTRUMENT;BLOCK;EUR;12;1096.20000000;494;EXCHANGE_LAST;;1;1;XEUR;11359811;716;
06.01.2025;17:27:45.719;FSTH SI 20250321 CS;SIMPLE_INSTRUMENT;BLOCK;EUR;13;1096.70000000;682;EXCHANGE_LAST;;1;1;XEUR;11359811;716;
06.01.2025;16:48:12.918;FSTL SI 20250321 CS;SIMPLE_INSTRUMENT;EFP_IDX;EUR;40;125.30000000;41;EXCHANGE_LAST;;1;1;XEUR;11359767;706;
06.01.2025;17:22:28.496;FSTO SI 20250321 CS;SIMPLE_INSTRUMENT;BLOCK;EUR;9;629.20000000;276;EXCHANGE_LAST;;1;1;XEUR;11359792;711;
06.01.2025;17:25:09.902;FSTS SI 20250321 CS;SIMPLE_INSTRUMENT;BLOCK;EUR;10;520.90000000;750;EXCHANGE_LAST;;1;1;XEUR;11359775;709;
06.01.2025;17:25:38.889;FSTS SI 20250321 CS;SIMPLE_INSTRUMENT;BLOCK;EUR;11;521.00000000;321;EXCHANGE_LAST;;1;1;XEUR;11359775;709;
06.01.2025;12:33:30.638;FSTS SI 20250321 CS;SIMPLE_INSTRUMENT;VOLA;EUR;603979793;525.00000000;15;EXCHANGE_LAST;;1;1;XEUR;11359775;709;
06.01.2025;16:54:03.760;FSTT SI 20250321 CS;SIMPLE_INSTRUMENT;BLOCK;EUR;7;229.90000000;344;EXCHANGE_LAST;;1;1;XEUR;11359772;708;
06.01.2025;16:54:20.994;FSTT SI 20250321 CS;SIMPLE_INSTRUMENT;BLOCK;EUR;8;230.00000000;516;EXCHANGE_LAST;;1;1;XEUR;11359772;708;
06.01.2025;17:18:57.521;FSTU SI 20250321 CS;SIMPLE_INSTRUMENT;BLOCK;EUR;49;388.20000000;1730;EXCHANGE_LAST;;1;1;XEUR;11359815;730;
06.01.2025;17:19:10.272;FSTU SI 20250321 CS;SIMPLE_INSTRUMENT;BLOCK;EUR;50;388.30000000;4038;EXCHANGE_LAST;;1;1;XEUR;11359815;730;
06.01.2025;16:53:36.963;FSTX SI 20250321 CS;SIMPLE_INSTRUMENT;EFP_IDX;EUR;43;4370.00000000;271;EXCHANGE_LAST;;1;1;XEUR;11359814;728;
06.01.2025;16:53:53.425;FSTX SI 20250321 CS;SIMPLE_INSTRUMENT;EFP_IDX;EUR;44;4372.00000000;266;EXCHANGE_LAST;;1;1;XEUR;11359814;728;
06.01.2025;16:43:01.974;FSTY SI 20250321 CS;SIMPLE_INSTRUMENT;BLOCK;EUR;6;842.40000000;455;EXCHANGE_LAST;;1;1;XEUR;11359816;729;
06.01.2025;13:30:31.874;FTE SI 20250321 PS AM P 8.90 0;SIMPLE_INSTRUMENT;BLOCK;EUR;14;0.07000000;5000;EXCHANGE_LAST;;2;1;XEUR;12442760;724;
06.01.2025;15:17:12.483;FVS SI 20250318 CS;SIMPLE_INSTRUMENT;BLOCK;EUR;21;17.90000000;1000;EXCHANGE_LAST;;1;1;XEUR;11520513;821;
06.01.2025;15:17:27.735;FVS SI 20250219 CS;SIMPLE_INSTRUMENT;BLOCK;EUR;22;17.55000000;1000;EXCHANGE_LAST;;1;1;XEUR;11334509;821;
06.01.2025;14:33:33.796;FXXP SI 20250321 CS;SIMPLE_INSTRUMENT;BLOCK;EUR;19;514.00000000;1440;EXCHANGE_LAST;;1;1;XEUR;7793972;816;
06.01.2025;17:20:56.470;FXXP SI 20250321 CS;SIMPLE_INSTRUMENT;BLOCK;EUR;23;514.10000000;554;EXCHANGE_LAST;;1;1;XEUR;7793972;816;
06.01.2025;17:21:18.832;FXXP SI 20250321 CS;SIMPLE_INSTRUMENT;BLOCK;EUR;24;514.20000000;2214;EXCHANGE_LAST;;1;1;XEUR;7793972;816;
06.01.2025;14:51:03.998;FXXP SI 20250321 CS;SIMPLE_INSTRUMENT;VOLA;EUR;603979810;513.50000000;50;EXCHANGE_LAST;;1;1;XEUR;7793972;816;
06.01.2025;14:53:30.177;FXXP SI 20250321 CS;SIMPLE_INSTRUMENT;VOLA;EUR;603979811;513.50000000;50;EXCHANGE_LAST;;1;1;XEUR;7793972;816;
06.01.2025;14:52:06.352;FXXP SI 20250321 CS;SIMPLE_INSTRUMENT;VOLA;EUR;603979813;513.50000000;50;EXCHANGE_LAST;;1;1;XEUR;7793972;816;
06.01.2025;13:59:09.805;GAD.O.250106.BRT.000001;STANDARD_OPTION_STRATEGY;BLOCK;CHF;32;1.16000000;1000;EXCHANGE_LAST;;1;1;XEUR;75640391331743731;834185;
06.01.2025;13:59:09.805;GAD SI 20250221 PS AM P 100.00 0;SIMPLE_INSTRUMENT;BLOCK;CHF;32;1.63000000;1000;PRC_DECOMP_EXCHANGE;;;;XEUR;12289108;834185;EXCHANGE
06.01.2025;13:59:09.805;GAD SI 20250117 PS AM P 100.00 0;SIMPLE_INSTRUMENT;BLOCK;CHF;32;0.47000000;1000;PRC_DECOMP_EXCHANGE;;;;XEUR;12118791;834185;EXCHANGE
06.01.2025;14:08:47.873;GIVN SI 20250620 PS AM C 3800.0 0;SIMPLE_INSTRUMENT;BLOCK;CHF;40;224.50000000;100;EXCHANGE_LAST;;1;1;XEUR;11362145;892;
06.01.2025;15:23:04.853;GOB SI 20251219 PS AM P 80.00 0;SIMPLE_INSTRUMENT;BLOCK;EUR;20;6.26000000;1000;EXCHANGE_LAST;;1;1;XEUR;6480602;874;
06.01.2025;14:07:52.850;HELN SI 20250221 PS AM C 160.00 0;SIMPLE_INSTRUMENT;BLOCK;CHF;38;0.88000000;2900;EXCHANGE_LAST;;1;1;XEUR;12246029;838;
06.01.2025;08:40:31.747;HNK.O.250106.PDIA.000001;STANDARD_OPTION_STRATEGY;BLOCK;EUR;1;-1.34000000;750;EXCHANGE_LAST;;1;1;XEUR;72061661371966894;947;
06.01.2025;08:40:31.747;HNK SI 20250620 PS AM P 60.00 0;SIMPLE_INSTRUMENT;BLOCK;EUR;1;1.56000000;750;PRC_DECOMP_EXCHANGE;;;;XEUR;8127093;947;EXCHANGE
06.01.2025;08:40:31.747;HNK SI 20250117 PS AM P 70.00 0;SIMPLE_INSTRUMENT;BLOCK;EUR;1;2.90000000;750;PRC_DECOMP_EXCHANGE;;;;XEUR;12077377;947;EXCHANGE
06.01.2025;10:33:31.903;HOLN SI 20250620 PS AM C 96.00 0;SIMPLE_INSTRUMENT;BLOCK;CHF;6;1.47000000;2500;EXCHANGE_LAST;;1;2;XEUR;11362966;943;
06.01.2025;10:42:28.736;HOLN SI 20250620 PS AM C 96.00 0;SIMPLE_INSTRUMENT;BLOCK;CHF;8;1.47000000;500;EXCHANGE_LAST;;1;1;XEUR;11362966;943;
06.01.2025;10:59:06.279;HOLN SI 20250919 PS AM P 80.00 0;SIMPLE_INSTRUMENT;BLOCK;CHF;11;3.77000000;600;EXCHANGE_LAST;;1;1;XEUR;11884475;943;
06.01.2025;09:22:39.902;IFX SI 20250110 PS AM C 33.00 0;SIMPLE_INSTRUMENT;BLOCK;EUR;3;0.61000000;1000;EXCHANGE_LAST;;1;1;XEUR;12340670;902;
06.01.2025;09:42:07.959;IFX SI 20250110 PS AM C 33.00 0;SIMPLE_INSTRUMENT;BLOCK;EUR;4;0.50000000;2094;EXCHANGE_LAST;;1;1;XEUR;12340670;902;
06.01.2025;09:41:55.958;IFX SI 20250117 PS AM C 34.00 0;SIMPLE_INSTRUMENT;BLOCK;EUR;5;0.53000000;1975;EXCHANGE_LAST;;1;1;XEUR;12077012;902;
06.01.2025;12:48:39.954;IFX SI 20250117 PS AM C 33.00 0;SIMPLE_INSTRUMENT;BLOCK;EUR;7;1.18000000;1000;EXCHANGE_LAST;;1;1;XEUR;12076986;902;
06.01.2025;13:24:19.907;IFX.O.250106.STG.000014;STANDARD_OPTION_STRATEGY;BLOCK;EUR;12;1.44000000;1000;EXCHANGE_LAST;;1;1;XEUR;72061468098469196;902;
06.01.2025;13:24:19.907;IFX SI 20250117 PS AM C 34.00 0;SIMPLE_INSTRUMENT;BLOCK;EUR;12;0.58000000;1000;PRC_DECOMP_EXCHANGE;;;;XEUR;12077012;902;EXCHANGE
06.01.2025;13:24:19.907;IFX SI 20250117 PS AM P 33.00 0;SIMPLE_INSTRUMENT;BLOCK;EUR;12;0.86000000;1000;PRC_DECOMP_EXCHANGE;;;;XEUR;12076984;902;EXCHANGE
06.01.2025;15:03:47.890;IFX SI 20250117 PS AM C 36.00 0;SIMPLE_INSTRUMENT;BLOCK;EUR;15;0.17000000;3145;EXCHANGE_LAST;;1;1;XEUR;12077081;902;
06.01.2025;15:03:39.889;IFX SI 20250117 PS AM C 36.00 0;SIMPLE_INSTRUMENT;BLOCK;EUR;16;0.18000000;3145;EXCHANGE_LAST;;1;1;XEUR;12077081;902;
06.01.2025;13:15:02.206;INN SI 20251219 PS AM P 13.00 0;SIMPLE_INSTRUMENT;BLOCK;EUR;19;0.72000000;5000;EXCHANGE_LAST;;1;1;XEUR;10793907;1014;
06.01.2025;10:27:57.524;LIF SI 20250321 PS AM C 28.00 0;SIMPLE_INSTRUMENT;BLOCK;EUR;8;1.08000000;2000;EXCHANGE_LAST;;1;1;XEUR;10845337;1125;
06.01.2025;10:59:56.374;M3OH SI 20261218 CS;SIMPLE_INSTRUMENT;BLOCK;EUR;17;12.75000000;40;EXCHANGE_LAST;;1;1;XEUR;6820079;45419;
06.01.2025;08:21:28.249;MOH SI 20250117 PS AM C 640.00 0;SIMPLE_INSTRUMENT;BLOCK;EUR;1;6.10000000;165;EXCHANGE_LAST;;1;1;XEUR;12078873;1074;
06.01.2025;11:13:16.064;MRK.O.250106.BUL.000001;STANDARD_OPTION_STRATEGY;BLOCK;EUR;4;1.07000000;500;EXCHANGE_LAST;;1;1;XEUR;72062846782948277;1223;
06.01.2025;11:13:16.064;MRK SI 20250117 PS AM C 142.00 0;SIMPLE_INSTRUMENT;BLOCK;EUR;4;1.55000000;500;PRC_DECOMP_EXCHANGE;;;;XEUR;12081442;1223;EXCHANGE
06.01.2025;11:13:16.064;MRK SI 20250117 PS AM C 146.00 0;SIMPLE_INSTRUMENT;BLOCK;EUR;4;0.48000000;500;PRC_DECOMP_EXCHANGE;;;;XEUR;12081454;1223;EXCHANGE
06.01.2025;11:17:08.594;MRK SI 20250221 PS AM C 150.00 0;SIMPLE_INSTRUMENT;BLOCK;EUR;5;1.30000000;2100;EXCHANGE_LAST;;4;1;XEUR;12251512;1223;
06.01.2025;10:39:21.751;MUV2 SI 20250321 PS AM P 480.00 0;SIMPLE_INSTRUMENT;BLOCK;EUR;2;13.70000000;200;EXCHANGE_LAST;;1;1;XEUR;10848681;1234;
06.01.2025;16:22:41.759;N4OV SI 20250321 CS;SIMPLE_INSTRUMENT;BLOCK;CHF;54;3.25000000;50;EXCHANGE_LAST;;1;1;XEUR;10462863;724743;
06.01.2025;16:24:53.400;N4OV SI 20250321 CS;SIMPLE_INSTRUMENT;BLOCK;CHF;56;3.25000000;75;EXCHANGE_LAST;;1;1;XEUR;10462863;724743;
06.01.2025;12:29:03.010;NAG.O.250106.PDIA.000004;STANDARD_OPTION_STRATEGY;BLOCK;EUR;6;2.14000000;1500;EXCHANGE_LAST;;1;1;XEUR;74127416087286951;481918;
06.01.2025;12:29:03.010;NAG SI 20250117 PS AM P 66.00 0;SIMPLE_INSTRUMENT;BLOCK;EUR;6;0.47000000;1500;PRC_DECOMP_EXCHANGE;;;;XEUR;12107793;481918;EXCHANGE
06.01.2025;12:29:03.010;NAG SI 20250221 PS AM P 62.00 0;SIMPLE_INSTRUMENT;BLOCK;EUR;6;2.61000000;1500;PRC_DECOMP_EXCHANGE;;;;XEUR;12363791;481918;EXCHANGE
06.01.2025;12:53:43.950;NAG.O.250106.PDIA.000005;STANDARD_OPTION_STRATEGY;BLOCK;EUR;9;3.45000000;1500;EXCHANGE_LAST;;1;1;XEUR;74127416087286952;481918;
06.01.2025;12:53:43.950;NAG SI 20250117 PS AM P 62.00 0;SIMPLE_INSTRUMENT;BLOCK;EUR;9;0.01000000;1500;PRC_DECOMP_EXCHANGE;;;;XEUR;12162947;481918;EXCHANGE
06.01.2025;12:53:43.950;NAG SI 20250221 PS AM P 66.00 0;SIMPLE_INSTRUMENT;BLOCK;EUR;9;3.46000000;1500;PRC_DECOMP_EXCHANGE;;;;XEUR;12278392;481918;EXCHANGE
06.01.2025;12:56:00.043;NAG.O.250106.BRT.000006;STANDARD_OPTION_STRATEGY;BLOCK;EUR;11;3.30000000;1342;EXCHANGE_LAST;;1;1;XEUR;74127416087286953;481918;
06.01.2025;12:56:00.043;NAG SI 20250221 PS AM P 66.00 0;SIMPLE_INSTRUMENT;BLOCK;EUR;11;3.56000000;1342;PRC_DECOMP_EXCHANGE;;;;XEUR;12278392;481918;EXCHANGE
06.01.2025;12:56:00.043;NAG SI 20250117 PS AM P 66.00 0;SIMPLE_INSTRUMENT;BLOCK;EUR;11;0.26000000;1342;PRC_DECOMP_EXCHANGE;;;;XEUR;12107793;481918;EXCHANGE
06.01.2025;13:46:44.563;NESE.O.250106.CNV.000003;STANDARD_OPTION_STRATEGY;BLOCK;CHF;29;-16.40000000;700;EXCHANGE_LAST;;1;2;XEUR;72062992811836902;1257;
06.01.2025;13:46:44.563;NESE SI 20281215 PS EU C 84.00 0;SIMPLE_INSTRUMENT;BLOCK;CHF;29;3.68000000;700;PRC_DECOMP_EXCHANGE;;;;XEUR;10416548;1257;EXCHANGE
06.01.2025;13:46:44.563;NESE SI 20281215 PS EU P 84.00 0;SIMPLE_INSTRUMENT;BLOCK;CHF;29;20.08000000;700;PRC_DECOMP_EXCHANGE;;;;XEUR;10416536;1257;EXCHANGE
06.01.2025;10:20:10.947;NESN SI 20260619 PS AM P 60.00 0;SIMPLE_INSTRUMENT;BLOCK;CHF;3;1.73000000;1000;EXCHANGE_LAST;;1;1;XEUR;9559468;1263;
06.01.2025;11:58:08.490;NESN.O.250106.STG.000008;STANDARD_OPTION_STRATEGY;BLOCK;CHF;19;3.50000000;1000;EXCHANGE_LAST;;1;1;XEUR;72063018581704207;1263;
06.01.2025;11:58:08.490;NESN SI 20250620 PS AM C 77.00 0;SIMPLE_INSTRUMENT;BLOCK;CHF;19;1.66000000;1000;PRC_DECOMP_EXCHANGE;;;;XEUR;12331632;1263;EXCHANGE
06.01.2025;11:58:08.490;NESN SI 20250620 PS AM P 69.00 0;SIMPLE_INSTRUMENT;BLOCK;CHF;19;1.84000000;1000;PRC_DECOMP_EXCHANGE;;;;XEUR;12331593;1263;EXCHANGE
06.01.2025;16:15:12.862;NOVE.O.250106.CNV.000006;STANDARD_OPTION_STRATEGY;BLOCK;CHF;49;-18.70000000;500;EXCHANGE_LAST;;1;1;XEUR;75170345815905537;724744;
06.01.2025;16:15:12.862;NOVE SI 20281215 PS EU C 100.00 0;SIMPLE_INSTRUMENT;BLOCK;CHF;49;5.78000000;500;PRC_DECOMP_EXCHANGE;;;;XEUR;10463553;724744;EXCHANGE
06.01.2025;16:15:12.862;NOVE SI 20281215 PS EU P 100.00 0;SIMPLE_INSTRUMENT;BLOCK;CHF;49;24.48000000;500;PRC_DECOMP_EXCHANGE;;;;XEUR;10463551;724744;EXCHANGE
06.01.2025;13:10:27.527;NOVN.O.250106.STD.000008;STANDARD_OPTION_STRATEGY;BLOCK;CHF;26;8.75000000;750;EXCHANGE_LAST;;2;1;XEUR;75170350110878326;724745;
06.01.2025;13:10:27.527;NOVN SI 20250620 PS AM C 88.00 0;SIMPLE_INSTRUMENT;BLOCK;CHF;26;3.79000000;750;PRC_DECOMP_EXCHANGE;;;;XEUR;10239720;724745;EXCHANGE
06.01.2025;13:10:27.527;NOVN SI 20250620 PS AM P 88.00 0;SIMPLE_INSTRUMENT;BLOCK;CHF;26;4.96000000;750;PRC_DECOMP_EXCHANGE;;;;XEUR;10239717;724745;EXCHANGE
06.01.2025;14:06:44.405;NOVN SI 20250221 PS AM C 92.00 0;SIMPLE_INSTRUMENT;BLOCK;CHF;35;1.16000000;490;EXCHANGE_LAST;;1;1;XEUR;12283560;724745;
06.01.2025;15:12:46.108;NOVN SI 20250117 PS AM P 88.00 0;SIMPLE_INSTRUMENT;BLOCK;CHF;45;0.88000000;750;EXCHANGE_LAST;;1;1;XEUR;12113124;724745;
06.01.2025;09:21:01.846;OBTP.O.250106.RBER.000004;STANDARD_OPTION_STRATEGY;BLOCK;EUR;13;-0.62000000;100;EXCHANGE_LAST;;1;1;XEUR;72310189654565740;58812;
06.01.2025;09:21:01.846;OBTP SI 20250124 PS AM P 119.00 0;SIMPLE_INSTRUMENT;BLOCK;EUR;13;0.57000000;200;PRC_DECOMP_EXCHANGE;;;;XEUR;12143789;58812;EXCHANGE
06.01.2025;09:21:01.846;OBTP SI 20250124 PS AM P 121.00 0;SIMPLE_INSTRUMENT;BLOCK;EUR;13;1.76000000;100;PRC_DECOMP_EXCHANGE;;;;XEUR;12143749;58812;EXCHANGE
06.01.2025;11:45:37.957;OBTP SI 20250124 PS AM C 121.50 0;SIMPLE_INSTRUMENT;BLOCK;EUR;53;0.14000000;250;EXCHANGE_LAST;;1;1;XEUR;12143748;58812;
06.01.2025;11:46:13.839;OBTP SI 20250124 PS AM C 122.50 0;SIMPLE_INSTRUMENT;BLOCK;EUR;54;0.06000000;250;EXCHANGE_LAST;;1;1;XEUR;12143736;58812;
06.01.2025;11:46:20.462;OBTP SI 20250124 PS AM C 123.50 0;SIMPLE_INSTRUMENT;BLOCK;EUR;55;0.02000000;250;EXCHANGE_LAST;;1;1;XEUR;12143740;58812;
06.01.2025;14:14:34.697;OBTP.O.250106.BER.000002;STANDARD_OPTION_STRATEGY;BLOCK;EUR;74;1.19000000;100;EXCHANGE_LAST;;1;1;XEUR;72310189654565738;58812;
06.01.2025;14:14:34.697;OBTP SI 20250124 PS AM P 119.00 0;SIMPLE_INSTRUMENT;BLOCK;EUR;74;0.49000000;100;PRC_DECOMP_EXCHANGE;;;;XEUR;12143789;58812;EXCHANGE
06.01.2025;14:14:34.697;OBTP SI 20250124 PS AM P 121.00 0;SIMPLE_INSTRUMENT;BLOCK;EUR;74;1.68000000;100;PRC_DECOMP_EXCHANGE;;;;XEUR;12143749;58812;EXCHANGE
06.01.2025;09:38:05.901;ODAX SI 20250117 CS EU P 19200 0;SIMPLE_INSTRUMENT;BLOCK;EUR;2;21.40000000;1500;EXCHANGE_LAST;;1;1;XEUR;12080517;1176;
06.01.2025;16:10:04.975;ODAX.O.250106.BRT.000265;STANDARD_OPTION_STRATEGY;BLOCK;EUR;10;56.10000000;800;EXCHANGE_LAST;;1;1;XEUR;72062644920399098;1176;
06.01.2025;16:10:04.975;ODAX SI 20250117 CS EU P 20300 0;SIMPLE_INSTRUMENT;BLOCK;EUR;10;230.10000000;800;PRC_DECOMP_EXCHANGE;;;;XEUR;12080640;1176;EXCHANGE
06.01.2025;16:10:04.975;ODAX SI 20250110 CS EU P 20300 0;SIMPLE_INSTRUMENT;BLOCK;EUR;10;174.00000000;800;PRC_DECOMP_EXCHANGE;;;;XEUR;12341197;1176;EXCHANGE
06.01.2025;09:37:55.356;ODAX.V.250106.PUT+U.000121;OPTION_VOLATILITY_STRATEGY;BLOCK;EUR;671088641;174.50000000;2;EXCHANGE_LAST;;1;1;XEUR;72062644920398954;1176;
06.01.2025;09:37:55.356;FDAX SI 20250321 CS;SIMPLE_INSTRUMENT;BLOCK;EUR;671088641;20130.00000000;74;PRC_DECOMP_EXCHANGE;;;;XEUR;7561255;1176;EXCHANGE
06.01.2025;09:37:55.356;ODAX SI 20250117 CS EU P 20000 0;SIMPLE_INSTRUMENT;BLOCK;EUR;671088641;174.50000000;1000;PRC_DECOMP_EXCHANGE;;;;XEUR;12080422;1176;EXCHANGE
06.01.2025;13:13:05.083;ODAX.V.250106.CALL-U.000208;OPTION_VOLATILITY_STRATEGY;BLOCK;EUR;671088643;587.50000000;3;EXCHANGE_LAST;;1;1;XEUR;72062644920399041;1176;
06.01.2025;13:13:05.083;FDAX SI 20250321 CS;SIMPLE_INSTRUMENT;BLOCK;EUR;671088643;20300.00000000;51;PRC_DECOMP_EXCHANGE;;;;XEUR;7561255;1176;EXCHANGE
06.01.2025;13:13:05.083;ODAX SI 20251219 CS EU C 22000 0;SIMPLE_INSTRUMENT;BLOCK;EUR;671088643;587.50000000;750;PRC_DECOMP_EXCHANGE;;;;XEUR;10977249;1176;EXCHANGE
06.01.2025;15:18:55.429;ODAX.V.250106.STD+U.000246;OPTION_VOLATILITY_STRATEGY;BLOCK;EUR;671088644;2308.00000000;1;EXCHANGE_LAST;;1;1;XEUR;72062644920399079;1176;
06.01.2025;15:18:55.429;ODAX SI 20251219 CS EU P 21000 0;SIMPLE_INSTRUMENT;BLOCK;EUR;671088644;1338.00000000;350;PRC_DECOMP_MEMBER;;;;XEUR;10977212;1176;MEMBER
06.01.2025;15:18:55.429;FDAX SI 20250321 CS;SIMPLE_INSTRUMENT;BLOCK;EUR;671088644;20170.00000000;3;PRC_DECOMP_MEMBER;;;;XEUR;7561255;1176;MEMBER
06.01.2025;15:18:55.429;ODAX SI 20251219 CS EU C 21000 0;SIMPLE_INSTRUMENT;BLOCK;EUR;671088644;970.00000000;350;PRC_DECOMP_MEMBER;;;;XEUR;10977211;1176;MEMBER
06.01.2025;15:18:19.606;ODAX.V.250106.CALL-U.000248;OPTION_VOLATILITY_STRATEGY;BLOCK;EUR;671088645;336.70000000;1;EXCHANGE_LAST;;1;1;XEUR;72062644920399081;1176;
06.01.2025;15:18:19.606;FDAX SI 20250321 CS;SIMPLE_INSTRUMENT;BLOCK;EUR;671088645;20260.00000000;49;PRC_DECOMP_EXCHANGE;;;;XEUR;7561255;1176;EXCHANGE
06.01.2025;15:18:19.606;ODAX SI 20250117 CS EU C 19900 0;SIMPLE_INSTRUMENT;BLOCK;EUR;671088645;336.70000000;350;PRC_DECOMP_EXCHANGE;;;;XEUR;12080457;1176;EXCHANGE
06.01.2025;15:19:07.796;ODAX.V.250106.STD+U.000249;OPTION_VOLATILITY_STRATEGY;BLOCK;EUR;671088646;2308.00000000;1;EXCHANGE_LAST;;1;1;XEUR;72062644920399082;1176;
06.01.2025;15:19:07.796;ODAX SI 20251219 CS EU P 21000 0;SIMPLE_INSTRUMENT;BLOCK;EUR;671088646;1338.00000000;400;PRC_DECOMP_MEMBER;;;;XEUR;10977212;1176;MEMBER
06.01.2025;15:19:07.796;FDAX SI 20250321 CS;SIMPLE_INSTRUMENT;BLOCK;EUR;671088646;20170.00000000;3;PRC_DECOMP_MEMBER;;;;XEUR;7561255;1176;MEMBER
06.01.2025;15:19:07.796;ODAX SI 20251219 CS EU C 21000 0;SIMPLE_INSTRUMENT;BLOCK;EUR;671088646;970.00000000;400;PRC_DECOMP_MEMBER;;;;XEUR;10977211;1176;MEMBER
06.01.2025;15:50:41.235;ODAX.V.250106.CALL-U.000256;OPTION_VOLATILITY_STRATEGY;BLOCK;EUR;671088647;154.10000000;2;EXCHANGE_LAST;;1;1;XEUR;72062644920399089;1176;
06.01.2025;15:50:41.235;ODAX SI 20250117 CS EU C 20200 0;SIMPLE_INSTRUMENT;BLOCK;EUR;671088647;154.10000000;350;PRC_DECOMP_EXCHANGE;;;;XEUR;12080635;1176;EXCHANGE
06.01.2025;15:50:41.235;FDAX SI 20250321 CS;SIMPLE_INSTRUMENT;BLOCK;EUR;671088647;20270.00000000;32;PRC_DECOMP_EXCHANGE;;;;XEUR;7561255;1176;EXCHANGE
06.01.2025;16:10:22.866;ODAX.V.250106.CALL-U.000264;OPTION_VOLATILITY_STRATEGY;BLOCK;EUR;671088648;245.10000000;1;EXCHANGE_LAST;;1;1;XEUR;72062644920399097;1176;
06.01.2025;16:10:22.866;ODAX SI 20250221 CS EU C 20500 0;SIMPLE_INSTRUMENT;BLOCK;EUR;671088648;245.10000000;500;PRC_DECOMP_EXCHANGE;;;;XEUR;12306241;1176;EXCHANGE
06.01.2025;16:10:22.866;FDAX SI 20250321 CS;SIMPLE_INSTRUMENT;BLOCK;EUR;671088648;20300.00000000;39;PRC_DECOMP_EXCHANGE;;;;XEUR;7561255;1176;EXCHANGE
06.01.2025;16:03:17.018;ODAX.V.250106.PDIA-U.000263;OPTION_VOLATILITY_STRATEGY;BLOCK;EUR;671088649;63.80000000;4;EXCHANGE_LAST;;1;1;XEUR;72062644920399096;1176;
06.01.2025;16:03:17.018;ODAX SI 20250221 CS EU P 19600 0;SIMPLE_INSTRUMENT;BLOCK;EUR;671088649;165.60000000;600;PRC_DECOMP_EXCHANGE;;;;XEUR;12250549;1176;EXCHANGE
06.01.2025;16:03:17.018;ODAX SI 20250117 CS EU P 20000 0;SIMPLE_INSTRUMENT;BLOCK;EUR;671088649;101.80000000;600;PRC_DECOMP_EXCHANGE;;;;XEUR;12080422;1176;EXCHANGE
06.01.2025;16:03:17.018;FDAX SI 20250321 CS;SIMPLE_INSTRUMENT;BLOCK;EUR;671088649;20320.00000000;8;PRC_DECOMP_EXCHANGE;;;;XEUR;7561255;1176;EXCHANGE
06.01.2025;13:06:45.005;OESA SI 20250321 CS EU C 580 0;SIMPLE_INSTRUMENT;BLOCK;EUR;19;9.00000000;1000;EXCHANGE_LAST;;1;1;XEUR;11114472;1196;
06.01.2025;13:32:04.659;OESB.O.250106.CCOND.000022;STANDARD_OPTION_STRATEGY;BLOCK;EUR;22;1.40000000;6000;EXCHANGE_LAST;;1;1;XEUR;72062726523976803;1195;
06.01.2025;13:32:04.659;OESB SI 20250117 CS EU C 152.0 0;SIMPLE_INSTRUMENT;BLOCK;EUR;22;0.50000000;6000;PRC_DECOMP_EXCHANGE;;;;XEUR;12081165;1195;EXCHANGE
06.01.2025;13:32:04.659;OESB SI 20250117 CS EU C 145.0 0;SIMPLE_INSTRUMENT;BLOCK;EUR;22;3.70000000;6000;PRC_DECOMP_EXCHANGE;;;;XEUR;12081147;1195;EXCHANGE
06.01.2025;13:32:04.659;OESB SI 20250117 CS EU C 148.0 0;SIMPLE_INSTRUMENT;BLOCK;EUR;22;1.80000000;6000;PRC_DECOMP_EXCHANGE;;;;XEUR;12081141;1195;EXCHANGE
06.01.2025;13:32:04.659;OESB SI 20250117 CS EU C 150.0 0;SIMPLE_INSTRUMENT;BLOCK;EUR;22;1.00000000;6000;PRC_DECOMP_EXCHANGE;;;;XEUR;12081161;1195;EXCHANGE
06.01.2025;09:45:44.564;OESB.V.250106.CALL-U.000014;OPTION_VOLATILITY_STRATEGY;BLOCK;EUR;603979777;1.70000000;60;EXCHANGE_LAST;;1;1;XEUR;72062726523976795;1195;
06.01.2025;09:45:44.564;FESB SI 20250321 CS;SIMPLE_INSTRUMENT;BLOCK;EUR;603979777;145.80000000;1500;PRC_DECOMP_EXCHANGE;;;;XEUR;11359072;1195;EXCHANGE
06.01.2025;09:45:44.564;OESB SI 20250321 CS EU C 155.0 0;SIMPLE_INSTRUMENT;BLOCK;EUR;603979777;1.70000000;6000;PRC_DECOMP_EXCHANGE;;;;XEUR;10414034;1195;EXCHANGE
06.01.2025;11:01:32.839;OESB.V.250106.PUT+U.000016;OPTION_VOLATILITY_STRATEGY;BLOCK;EUR;603979781;0.90000000;120;EXCHANGE_LAST;;1;1;XEUR;72062726523976797;1195;
06.01.2025;11:01:32.839;OESB SI 20250321 CS EU P 125.0 0;SIMPLE_INSTRUMENT;BLOCK;EUR;603979781;0.90000000;12000;PRC_DECOMP_EXCHANGE;;;;XEUR;10413972;1195;EXCHANGE
06.01.2025;11:01:32.839;FESB SI 20250321 CS;SIMPLE_INSTRUMENT;BLOCK;EUR;603979781;146.20000000;240;PRC_DECOMP_EXCHANGE;;;;XEUR;11359072;1195;EXCHANGE
06.01.2025;11:16:43.889;OESB.V.250106.BER+U.000017;OPTION_VOLATILITY_STRATEGY;BLOCK;EUR;603979784;1.45000000;120;EXCHANGE_LAST;;1;2;XEUR;72062726523976798;1195;
06.01.2025;11:16:43.889;OESB SI 20250620 CS EU P 130.0 0;SIMPLE_INSTRUMENT;BLOCK;EUR;603979784;4.05000000;12000;PRC_DECOMP_EXCHANGE;;;;XEUR;7566308;1195;EXCHANGE
06.01.2025;11:16:43.889;FESB SI 20250321 CS;SIMPLE_INSTRUMENT;BLOCK;EUR;603979784;146.00000000;960;PRC_DECOMP_EXCHANGE;;;;XEUR;11359072;1195;EXCHANGE
06.01.2025;11:16:43.889;OESB SI 20250620 CS EU P 135.0 0;SIMPLE_INSTRUMENT;BLOCK;EUR;603979784;5.50000000;12000;PRC_DECOMP_EXCHANGE;;;;XEUR;8388143;1195;EXCHANGE
06.01.2025;15:31:02.346;OESB.V.250106.PLAD+U.000036;OPTION_VOLATILITY_STRATEGY;BLOCK;EUR;603979818;2.05000000;60;EXCHANGE_LAST;;1;1;XEUR;72062726523976817;1195;
06.01.2025;15:31:02.346;FESB SI 20250321 CS;SIMPLE_INSTRUMENT;BLOCK;EUR;603979818;148.15000000;1200;PRC_DECOMP_EXCHANGE;;;;XEUR;11359072;1195;EXCHANGE
