#Date;TrdTime;Contract;ContractType;TrdTyp;Currency;TesId;Prc;Qty;TrdInd;Aggressor;Buy;Sell;Exch;InstrumentId;RelatedProdId;PrcDecomp
11.12.2024;10:53:27.764;A2LV SI 20251219 CS;SIMPLE_INSTRUMENT;BLOCK;EUR;15;15.06000000;25;EXCHANGE_LAST;;1;1;XEUR;3681050;12;
11.12.2024;10:07:54.732;A2SG SI 20261218 CS;SIMPLE_INSTRUMENT;BLOCK;EUR;6;1.44000000;1100;EXCHANGE_LAST;;2;2;XEUR;6796964;14;
11.12.2024;13:45:41.535;ABBN.O.241211.BER.000006;STANDARD_OPTION_STRATEGY;BLOCK;CHF;57;6.53000000;10000;EXCHANGE_LAST;;1;1;XEUR;74525125763934495;574517;
11.12.2024;13:45:41.535;ABBN SI 20250620 PS AM P 58.00 0;SIMPLE_INSTRUMENT;BLOCK;CHF;57;7.78000000;10000;PRC_DECOMP_EXCHANGE;;;;XEUR;12220216;574517;EXCHANGE
11.12.2024;13:45:41.535;ABBN SI 20250620 PS AM P 46.00 0;SIMPLE_INSTRUMENT;BLOCK;CHF;57;1.25000000;10000;PRC_DECOMP_EXCHANGE;;;;XEUR;11409722;574517;EXCHANGE
11.12.2024;14:34:54.780;ACKF.S.DEC24.MAR25.SPD;FUTURES_SPREAD;BLOCK;EUR;117;-1.30000000;123;EXCHANGE_LAST;;1;1;XEUR;72057752951718031;37;
11.12.2024;14:34:54.780;ACKF SI 20250321 CS;SIMPLE_INSTRUMENT;BLOCK;EUR;117;191.00000000;123;PRC_DECOMP_MEMBER;;;;XEUR;10692138;37;MEMBER
11.12.2024;14:34:54.780;ACKF SI 20241220 CS;SIMPLE_INSTRUMENT;BLOCK;EUR;117;189.70000000;123;PRC_DECOMP_MEMBER;;;;XEUR;7030519;37;MEMBER
11.12.2024;10:04:18.410;ADEN.O.241211.PDIA.000003;STANDARD_OPTION_STRATEGY;BLOCK;CHF;11;0.45000000;4400;EXCHANGE_LAST;;1;1;XEUR;72057783016514596;44;
11.12.2024;10:04:18.410;ADEN SI 20241220 PS AM P 22.00 0;SIMPLE_INSTRUMENT;BLOCK;CHF;11;0.03000000;4400;PRC_DECOMP_EXCHANGE;;;;XEUR;10393485;44;EXCHANGE
11.12.2024;10:04:18.410;ADEN SI 20250117 PS AM P 23.50 0;SIMPLE_INSTRUMENT;BLOCK;CHF;11;0.48000000;4400;PRC_DECOMP_EXCHANGE;;;;XEUR;12066936;44;EXCHANGE
11.12.2024;09:05:02.918;ADS SI 20241220 PS AM P 230.00 0;SIMPLE_INSTRUMENT;BLOCK;EUR;5;1.75000000;300;EXCHANGE_LAST;;1;1;XEUR;11021885;50;
11.12.2024;15:43:05.196;ADS.O.241211.BUL.000008;STANDARD_OPTION_STRATEGY;BLOCK;EUR;18;4.35000000;300;EXCHANGE_LAST;;1;1;XEUR;72057808786331182;50;
11.12.2024;15:43:05.196;ADS SI 20241220 PS AM C 240.00 0;SIMPLE_INSTRUMENT;BLOCK;EUR;18;6.00000000;300;PRC_DECOMP_EXCHANGE;;;;XEUR;4637209;50;EXCHANGE
11.12.2024;15:43:05.196;ADS SI 20241220 PS AM C 250.00 0;SIMPLE_INSTRUMENT;BLOCK;EUR;18;1.65000000;300;PRC_DECOMP_EXCHANGE;;;;XEUR;11870673;50;EXCHANGE
11.12.2024;11:37:27.075;AIR SI 20251219 PS AM P 140.00 0;SIMPLE_INSTRUMENT;BLOCK;EUR;13;5.14000000;600;EXCHANGE_LAST;;1;1;XEUR;11290324;64;
11.12.2024;08:24:48.171;AKU SI 20250117 PS AM C 63.00 0;SIMPLE_INSTRUMENT;BLOCK;EUR;1;0.87000000;373;EXCHANGE_LAST;;1;1;XEUR;12067680;78;
11.12.2024;09:08:31.994;ALC SI 20250321 PS AM P 68.00 0;SIMPLE_INSTRUMENT;BLOCK;CHF;2;0.92000000;500;EXCHANGE_LAST;;1;1;XEUR;10872512;130134;
11.12.2024;09:08:42.933;ALC SI 20241220 PS AM P 72.00 0;SIMPLE_INSTRUMENT;BLOCK;CHF;3;0.10000000;500;EXCHANGE_LAST;;1;1;XEUR;10441703;130134;
11.12.2024;11:13:17.667;ALV SI 20250221 PS AM P 300.00 0;SIMPLE_INSTRUMENT;BLOCK;EUR;9;7.05000000;300;EXCHANGE_LAST;;1;1;XEUR;12238107;74;
11.12.2024;14:45:58.020;ALV SI 20251219 PS AM P 300.00 0;SIMPLE_INSTRUMENT;BLOCK;EUR;14;23.40000000;300;EXCHANGE_LAST;;1;1;XEUR;11786626;74;
11.12.2024;14:59:31.855;ANN.O.241211.RBER.000014;STANDARD_OPTION_STRATEGY;BLOCK;EUR;21;-1.12000000;1000;EXCHANGE_LAST;;1;1;XEUR;72251735149668172;45202;
11.12.2024;14:59:31.855;ANN SI 20250620 PS AM P 30.00 0;SIMPLE_INSTRUMENT;BLOCK;EUR;21;2.02000000;1000;PRC_DECOMP_EXCHANGE;;;;XEUR;9466243;45202;EXCHANGE
11.12.2024;14:59:31.855;ANN SI 20250620 PS AM P 24.00 0;SIMPLE_INSTRUMENT;BLOCK;EUR;21;0.45000000;2000;PRC_DECOMP_EXCHANGE;;;;XEUR;7921062;45202;EXCHANGE
11.12.2024;13:26:51.606;AOMH SI 20241220 CS;SIMPLE_INSTRUMENT;BLOCK;EUR;73;21.87000000;812;EXCHANGE_LAST;;1;1;XEUR;11420311;840006;
11.12.2024;13:27:09.738;AOMH SI 20250321 CS;SIMPLE_INSTRUMENT;BLOCK;EUR;74;22.00200000;812;EXCHANGE_LAST;;1;1;XEUR;11420308;840006;
11.12.2024;13:23:35.010;ARG SI 20250321 PS AM C 600.00 0;SIMPLE_INSTRUMENT;BLOCK;EUR;4;37.50000000;50;EXCHANGE_LAST;;1;1;XEUR;10880608;355435;
11.12.2024;10:56:18.865;ASM SI 20250620 PS AM C 720.00 0;SIMPLE_INSTRUMENT;BLOCK;EUR;6;51.20000000;150;EXCHANGE_LAST;;1;1;XEUR;7898590;107;
11.12.2024;13:00:57.185;ASM SI 20250321 PS AM C 720.00 0;SIMPLE_INSTRUMENT;BLOCK;EUR;14;34.50000000;300;EXCHANGE_LAST;;1;1;XEUR;10830131;107;
11.12.2024;13:01:21.187;ASM SI 20250321 PS AM C 800.00 0;SIMPLE_INSTRUMENT;BLOCK;EUR;15;14.00000000;300;EXCHANGE_LAST;;1;1;XEUR;10830167;107;
11.12.2024;13:07:10.046;ASM.O.241211.BRT.000003;STANDARD_OPTION_STRATEGY;BLOCK;EUR;16;5.60000000;150;EXCHANGE_LAST;;1;1;XEUR;72058053599445185;107;
11.12.2024;13:07:10.046;ASM SI 20250321 PS AM P 640.00 0;SIMPLE_INSTRUMENT;BLOCK;EUR;16;31.98000000;150;PRC_DECOMP_EXCHANGE;;;;XEUR;10830146;107;EXCHANGE
11.12.2024;13:07:10.046;ASM SI 20250221 PS AM P 640.00 0;SIMPLE_INSTRUMENT;BLOCK;EUR;16;26.38000000;150;PRC_DECOMP_EXCHANGE;;;;XEUR;12238583;107;EXCHANGE
11.12.2024;14:16:06.613;ASM SI 20250221 PS AM C 790.00 0;SIMPLE_INSTRUMENT;BLOCK;EUR;19;11.10000000;235;EXCHANGE_LAST;;1;1;XEUR;12338863;107;
11.12.2024;14:34:00.175;AXNF.S.DEC24.MAR25.SPD;FUTURES_SPREAD;BLOCK;EUR;120;-0.20000000;66;EXCHANGE_LAST;;1;1;XEUR;72198971476410499;32917;
11.12.2024;14:34:00.175;AXNF SI 20241219 CS;SIMPLE_INSTRUMENT;BLOCK;EUR;120;24.83000000;66;PRC_DECOMP_MEMBER;;;;XEUR;7029371;32917;MEMBER
11.12.2024;14:34:00.175;AXNF SI 20250320 CS;SIMPLE_INSTRUMENT;BLOCK;EUR;120;25.03000000;66;PRC_DECOMP_MEMBER;;;;XEUR;10689362;32917;MEMBER
11.12.2024;15:36:11.500;B2NP SI 20261218 CS;SIMPLE_INSTRUMENT;BLOCK;EUR;156;4.36000000;50;EXCHANGE_LAST;;1;1;XEUR;6798320;131;
11.12.2024;17:04:43.732;B3BV SI 20261218 CS;SIMPLE_INSTRUMENT;BLOCK;EUR;187;0.68000000;1000;EXCHANGE_LAST;;1;1;XEUR;6798345;135;
11.12.2024;13:43:48.806;BAEN SI 20250919 PS AM P 50.00 0;SIMPLE_INSTRUMENT;BLOCK;CHF;56;2.28000000;1200;EXCHANGE_LAST;;1;2;XEUR;11872948;159;
11.12.2024;11:08:19.754;BARN SI 20250620 PS AM P 1360.00 0;SIMPLE_INSTRUMENT;BLOCK;CHF;26;131.88000000;200;EXCHANGE_LAST;;1;1;XEUR;9539121;149;
11.12.2024;11:08:19.876;BARN SI 20251219 PS AM P 1040.00 0;SIMPLE_INSTRUMENT;BLOCK;CHF;27;34.94000000;400;EXCHANGE_LAST;;1;1;XEUR;10396324;149;
11.12.2024;13:12:00.470;BARN SI 20250221 PS AM P 1240.00 0;SIMPLE_INSTRUMENT;BLOCK;CHF;48;37.25000000;400;EXCHANGE_LAST;;1;1;XEUR;12238763;149;
11.12.2024;14:41:01.459;BARN SI 20250321 PS AM P 1200.00 0;SIMPLE_INSTRUMENT;BLOCK;CHF;70;33.50000000;1000;EXCHANGE_LAST;;3;1;XEUR;10830637;149;
11.12.2024;16:54:32.845;BARN SI 20250919 PS AM P 1120.00 0;SIMPLE_INSTRUMENT;BLOCK;CHF;98;44.00000000;200;EXCHANGE_LAST;;1;1;XEUR;11872549;149;
11.12.2024;09:00:23.682;BAS.O.241211.RBER.000006;STANDARD_OPTION_STRATEGY;BLOCK;EUR;1;-0.60000000;1000;EXCHANGE_LAST;;1;2;XEUR;72058238283089932;150;
11.12.2024;09:00:23.682;BAS SI 20241220 PS AM P 44.00 0;SIMPLE_INSTRUMENT;BLOCK;EUR;1;0.44000000;2000;PRC_DECOMP_EXCHANGE;;;;XEUR;4705204;150;EXCHANGE
11.12.2024;09:00:23.682;BAS SI 20241220 PS AM P 46.00 0;SIMPLE_INSTRUMENT;BLOCK;EUR;1;1.48000000;1000;PRC_DECOMP_EXCHANGE;;;;XEUR;7509954;150;EXCHANGE
11.12.2024;09:42:39.254;BAS SI 20250221 PS AM P 45.00 0;SIMPLE_INSTRUMENT;BLOCK;EUR;2;1.84000000;1500;EXCHANGE_LAST;;1;1;XEUR;12238984;150;
11.12.2024;09:50:41.739;BAS SI 20260619 PS AM P 40.00 0;SIMPLE_INSTRUMENT;BLOCK;EUR;3;3.85000000;500;EXCHANGE_LAST;;1;1;XEUR;9539321;150;
11.12.2024;11:04:29.300;BAS SI 20250117 PS AM P 45.00 0;SIMPLE_INSTRUMENT;BLOCK;EUR;6;1.23000000;4000;EXCHANGE_LAST;;1;2;XEUR;12068779;150;
11.12.2024;11:15:17.693;BAS SI 20250117 PS AM P 45.00 0;SIMPLE_INSTRUMENT;BLOCK;EUR;7;1.23000000;1000;EXCHANGE_LAST;;1;2;XEUR;12068779;150;
11.12.2024;12:15:12.559;BAS SI 20250321 PS AM C 46.00 0;SIMPLE_INSTRUMENT;BLOCK;EUR;10;1.98000000;1500;EXCHANGE_LAST;;2;2;XEUR;10831043;150;
11.12.2024;13:28:14.556;BAS.O.241211.STG.000017;STANDARD_OPTION_STRATEGY;BLOCK;EUR;12;4.47000000;1000;EXCHANGE_LAST;;1;1;XEUR;72058238283089943;150;
11.12.2024;13:28:14.556;BAS SI 20250620 PS AM P 44.00 0;SIMPLE_INSTRUMENT;BLOCK;EUR;12;3.23000000;1000;PRC_DECOMP_EXCHANGE;;;;XEUR;7898970;150;EXCHANGE
11.12.2024;13:28:14.556;BAS SI 20250620 PS AM C 50.00 0;SIMPLE_INSTRUMENT;BLOCK;EUR;12;1.24000000;1000;PRC_DECOMP_EXCHANGE;;;;XEUR;10779749;150;EXCHANGE
11.12.2024;13:41:42.763;BAS SI 20250321 PS AM C 46.00 0;SIMPLE_INSTRUMENT;BLOCK;EUR;14;1.98000000;1000;EXCHANGE_LAST;;1;1;XEUR;10831043;150;
11.12.2024;16:25:47.006;BASG SI 20241220 CS;SIMPLE_INSTRUMENT;BLOCK;EUR;173;44.80000000;29318;EXCHANGE_LAST;;1;1;XEUR;7032007;171;
11.12.2024;16:25:47.006;BASG SI 20250321 CS;SIMPLE_INSTRUMENT;BLOCK;EUR;174;45.20900000;29318;EXCHANGE_LAST;;1;1;XEUR;10694474;171;
11.12.2024;13:25:15.714;BBVG SI 20241220 CS;SIMPLE_INSTRUMENT;BLOCK;EUR;70;9.57800000;2273;EXCHANGE_LAST;;1;1;XEUR;7031975;163;
11.12.2024;13:26:02.828;BBVG SI 20250321 CS;SIMPLE_INSTRUMENT;BLOCK;EUR;72;9.66800000;2273;EXCHANGE_LAST;;1;1;XEUR;10694312;163;
11.12.2024;16:11:02.742;BEIG SI 20241220 CS;SIMPLE_INSTRUMENT;BLOCK;EUR;165;123.15000000;207;EXCHANGE_LAST;;1;1;XEUR;7032030;177;
11.12.2024;16:11:12.743;BEIG SI 20250321 CS;SIMPLE_INSTRUMENT;BLOCK;EUR;167;124.16000000;207;EXCHANGE_LAST;;1;1;XEUR;10694522;177;
11.12.2024;11:25:09.852;BNP SI 20241220 PS AM P 60.00 0;SIMPLE_INSTRUMENT;BLOCK;EUR;12;1.20000000;1500;EXCHANGE_LAST;;2;1;XEUR;4640396;237;
11.12.2024;12:43:40.101;BNP.O.241211.CNV.000004;STANDARD_OPTION_STRATEGY;BLOCK;EUR;18;-0.45000000;1500;EXCHANGE_LAST;;1;1;XEUR;72058611945198686;237;
11.12.2024;12:43:40.101;BNP SI 20241220 PS AM C 60.00 0;SIMPLE_INSTRUMENT;BLOCK;EUR;18;0.72000000;1500;PRC_DECOMP_EXCHANGE;;;;XEUR;4640395;237;EXCHANGE
11.12.2024;12:43:40.101;BNP SI 20241220 PS AM P 60.00 0;SIMPLE_INSTRUMENT;BLOCK;EUR;18;1.17000000;1500;PRC_DECOMP_EXCHANGE;;;;XEUR;4640396;237;EXCHANGE
11.12.2024;12:43:40.101;BNP.O.241211.CNV.000004;STANDARD_OPTION_STRATEGY;BLOCK;EUR;19;-0.46000000;1500;EXCHANGE_LAST;;1;1;XEUR;72058611945198686;237;
11.12.2024;12:43:40.101;BNP SI 20241220 PS AM P 60.00 0;SIMPLE_INSTRUMENT;BLOCK;EUR;19;1.18000000;1500;PRC_DECOMP_EXCHANGE;;;;XEUR;4640396;237;EXCHANGE
11.12.2024;12:43:40.101;BNP SI 20241220 PS AM C 60.00 0;SIMPLE_INSTRUMENT;BLOCK;EUR;19;0.72000000;1500;PRC_DECOMP_EXCHANGE;;;;XEUR;4640395;237;EXCHANGE
11.12.2024;14:51:44.490;BNP SI 20241220 PS AM P 56.00 0;SIMPLE_INSTRUMENT;BLOCK;EUR;29;0.11000000;2000;EXCHANGE_LAST;;1;1;XEUR;4640394;237;
11.12.2024;09:21:57.726;BPE SI 20250918 PS AM P 4.80 0;SIMPLE_INSTRUMENT;BLOCK;EUR;2;0.33000000;1000;EXCHANGE_LAST;;1;1;XEUR;11862842;227;
11.12.2024;15:31:44.584;BPV SI 20250619 PS AM P 7.20 0;SIMPLE_INSTRUMENT;BLOCK;EUR;24;0.56500000;7500;EXCHANGE_LAST;;1;1;XEUR;9530828;251;
11.12.2024;10:32:06.995;C4RI SI 20251219 CS;SIMPLE_INSTRUMENT;BLOCK;EUR;11;2.61000000;1000;EXCHANGE_LAST;;1;1;XEUR;5914459;50862;
11.12.2024;11:16:26.963;C4RI SI 20250321 CS;SIMPLE_INSTRUMENT;BLOCK;EUR;28;0.00100000;4350;EXCHANGE_LAST;;1;2;XEUR;10436756;50862;
11.12.2024;09:06:23.945;CFR SI 20241220 PS AM C 134.00 0;SIMPLE_INSTRUMENT;BLOCK;CHF;1;1.92000000;300;EXCHANGE_LAST;;1;1;XEUR;11328180;313;
11.12.2024;14:11:55.171;CFR SI 20241220 PS AM P 140.00 0;SIMPLE_INSTRUMENT;BLOCK;CHF;63;6.67000000;600;EXCHANGE_LAST;;1;1;XEUR;9996594;313;
11.12.2024;14:57:43.968;CFR.O.241211.RTRIS.000009;STANDARD_OPTION_STRATEGY;BLOCK;CHF;74;0.29000000;300;EXCHANGE_LAST;;1;1;XEUR;72058938362726141;313;
11.12.2024;14:57:43.968;CFR SI 20241220 PS AM P 130.00 0;SIMPLE_INSTRUMENT;BLOCK;CHF;74;0.99000000;300;PRC_DECOMP_EXCHANGE;;;;XEUR;10400562;313;EXCHANGE
11.12.2024;14:57:43.968;CFR SI 20241220 PS AM C 140.00 0;SIMPLE_INSTRUMENT;BLOCK;CHF;74;0.64000000;600;PRC_DECOMP_EXCHANGE;;;;XEUR;9996592;313;EXCHANGE
11.12.2024;15:33:16.269;CFR SI 20250321 PS AM C 140.00 0;SIMPLE_INSTRUMENT;BLOCK;CHF;84;5.30000000;500;EXCHANGE_LAST;;1;1;XEUR;10834904;313;
11.12.2024;15:33:24.767;CFR SI 20241220 PS AM C 132.48 2;SIMPLE_INSTRUMENT;BLOCK;CHF;85;3.35000000;500;EXCHANGE_LAST;;1;1;XEUR;7289190;313;
11.12.2024;11:59:24.611;CON.O.241211.STD.000003;STANDARD_OPTION_STRATEGY;BLOCK;EUR;11;14.19000000;250;EXCHANGE_LAST;;1;1;XEUR;73838373378203780;414620;
11.12.2024;11:59:24.611;CON SI 20250919 PS AM C 68.00 0;SIMPLE_INSTRUMENT;BLOCK;EUR;11;6.12000000;250;PRC_DECOMP_EXCHANGE;;;;XEUR;11924171;414620;EXCHANGE
11.12.2024;11:59:24.611;CON SI 20250919 PS AM P 68.00 0;SIMPLE_INSTRUMENT;BLOCK;EUR;11;8.07000000;250;PRC_DECOMP_EXCHANGE;;;;XEUR;11924139;414620;EXCHANGE
11.12.2024;13:07:39.523;CON.O.241211.STD.000003;STANDARD_OPTION_STRATEGY;BLOCK;EUR;23;14.09000000;200;EXCHANGE_LAST;;1;1;XEUR;73838373378203780;414620;
11.12.2024;13:07:39.523;CON SI 20250919 PS AM P 68.00 0;SIMPLE_INSTRUMENT;BLOCK;EUR;23;8.28000000;200;PRC_DECOMP_MEMBER;;;;XEUR;11924139;414620;MEMBER
11.12.2024;13:07:39.523;CON SI 20250919 PS AM C 68.00 0;SIMPLE_INSTRUMENT;BLOCK;EUR;23;5.81000000;200;PRC_DECOMP_MEMBER;;;;XEUR;11924171;414620;MEMBER
11.12.2024;16:37:42.638;CONI.S.DEC24.MAR25.SPD;FUTURES_SPREAD;BLOCK;EUR;176;-0.56000000;1700;EXCHANGE_LAST;;1;1;XEUR;73838403442966569;414627;
11.12.2024;16:37:42.638;CONI SI 20250321 CS;SIMPLE_INSTRUMENT;BLOCK;EUR;176;67.10030000;1700;PRC_DECOMP_EXCHANGE;;;;XEUR;10733381;414627;EXCHANGE
11.12.2024;16:37:42.638;CONI SI 20241220 CS;SIMPLE_INSTRUMENT;BLOCK;EUR;176;66.54030000;1700;PRC_DECOMP_EXCHANGE;;;;XEUR;7057399;414627;EXCHANGE
11.12.2024;11:13:38.696;CR5J.S.DEC24.MAR25.SPD;FUTURES_SPREAD;BLOCK;EUR;27;-0.31600000;50000;EXCHANGE_LAST;;2;1;XEUR;72276040369569944;50861;
11.12.2024;11:13:38.696;CR5J SI 20250320 CS;SIMPLE_INSTRUMENT;BLOCK;EUR;27;39.18830000;50000;PRC_DECOMP_EXCHANGE;;;;XEUR;10689747;50861;EXCHANGE
11.12.2024;11:13:38.696;CR5J SI 20241219 CS;SIMPLE_INSTRUMENT;BLOCK;EUR;27;38.87230000;50000;PRC_DECOMP_EXCHANGE;;;;XEUR;7029763;50861;EXCHANGE
11.12.2024;15:29:00.989;CRI5 SI 20250619 PS AM C 42.00 0;SIMPLE_INSTRUMENT;BLOCK;EUR;23;1.74000000;7500;EXCHANGE_LAST;;1;1;XEUR;11337265;320;
11.12.2024;16:03:22.412;CRI5.O.241211.BLT.000002;STANDARD_OPTION_STRATEGY;BLOCK;EUR;29;1.76000000;2000;EXCHANGE_LAST;;2;1;XEUR;72058968427474633;320;
11.12.2024;16:03:22.412;CRI5 SI 20250320 PS AM C 40.00 0;SIMPLE_INSTRUMENT;BLOCK;EUR;29;1.90900000;2000;PRC_DECOMP_EXCHANGE;;;;XEUR;10822517;320;EXCHANGE
11.12.2024;16:03:22.412;CRI5 SI 20241219 PS AM C 40.00 0;SIMPLE_INSTRUMENT;BLOCK;EUR;29;0.14900000;2000;PRC_DECOMP_EXCHANGE;;;;XEUR;9004525;320;EXCHANGE
11.12.2024;11:38:24.527;D3AI SI 20251219 CS;SIMPLE_INSTRUMENT;BLOCK;EUR;39;4.00000000;175;EXCHANGE_LAST;;2;1;XEUR;7144062;443197;
11.12.2024;11:56:03.203;D3AI SI 20251219 CS;SIMPLE_INSTRUMENT;BLOCK;EUR;57;4.00000000;125;EXCHANGE_LAST;;1;2;XEUR;7144062;443197;
11.12.2024;14:09:50.978;D3AI SI 20251219 CS;SIMPLE_INSTRUMENT;BLOCK;EUR;107;4.00000000;100;EXCHANGE_LAST;;1;2;XEUR;7144062;443197;
11.12.2024;11:07:11.463;DAI.O.241211.STG.000018;STANDARD_OPTION_STRATEGY;BLOCK;EUR;6;1.19000000;800;EXCHANGE_LAST;;1;1;XEUR;73961106363662244;443196;
11.12.2024;11:07:11.463;DAI SI 20241220 PS AM C 56.00 0;SIMPLE_INSTRUMENT;BLOCK;EUR;6;0.96000000;800;PRC_DECOMP_EXCHANGE;;;;XEUR;7349879;443196;EXCHANGE
11.12.2024;11:07:11.463;DAI SI 20241220 PS AM P 54.00 0;SIMPLE_INSTRUMENT;BLOCK;EUR;6;0.23000000;800;PRC_DECOMP_EXCHANGE;;;;XEUR;7349878;443196;EXCHANGE
11.12.2024;11:22:14.596;DAI.O.241211.BRT.000016;STANDARD_OPTION_STRATEGY;BLOCK;EUR;7;6.55000000;5000;EXCHANGE_LAST;;1;3;XEUR;73961106363662242;443196;
11.12.2024;11:22:14.596;DAI SI 20250321 PS AM P 56.00 0;SIMPLE_INSTRUMENT;BLOCK;EUR;7;2.56000000;5000;PRC_DECOMP_EXCHANGE;;;;XEUR;10884518;443196;EXCHANGE
11.12.2024;11:22:14.596;DAI SI 20261218 PS AM P 56.00 0;SIMPLE_INSTRUMENT;BLOCK;EUR;7;9.11000000;5000;PRC_DECOMP_EXCHANGE;;;;XEUR;7362232;443196;EXCHANGE
11.12.2024;12:00:15.697;DAI.O.241211.RBER.000022;STANDARD_OPTION_STRATEGY;BLOCK;EUR;9;-0.62000000;750;EXCHANGE_LAST;;1;1;XEUR;73961106363662248;443196;
11.12.2024;12:00:15.697;DAI SI 20241220 PS AM P 56.00 0;SIMPLE_INSTRUMENT;BLOCK;EUR;9;0.76000000;750;PRC_DECOMP_EXCHANGE;;;;XEUR;7349884;443196;EXCHANGE
11.12.2024;12:00:15.697;DAI SI 20241220 PS AM P 52.00 0;SIMPLE_INSTRUMENT;BLOCK;EUR;9;0.07000000;1500;PRC_DECOMP_EXCHANGE;;;;XEUR;7144860;443196;EXCHANGE
11.12.2024;12:20:42.259;DAI SI 20241220 PS AM P 56.00 0;SIMPLE_INSTRUMENT;BLOCK;EUR;16;0.77000000;1500;EXCHANGE_LAST;;1;1;XEUR;7349884;443196;
11.12.2024;12:42:52.634;DAI SI 20241220 PS AM P 56.00 0;SIMPLE_INSTRUMENT;BLOCK;EUR;20;0.87000000;5500;EXCHANGE_LAST;;1;3;XEUR;7349884;443196;
11.12.2024;13:52:42.787;DAI SI 20250321 PS AM C 62.00 0;SIMPLE_INSTRUMENT;BLOCK;EUR;26;1.10000000;2000;EXCHANGE_LAST;;1;1;XEUR;12327509;443196;
11.12.2024;14:30:12.584;DAIG SI 20241220 CS;SIMPLE_INSTRUMENT;BLOCK;EUR;121;56.37600000;5000;EXCHANGE_LAST;;1;1;XEUR;7144297;443203;
11.12.2024;10:44:19.051;DB1 SI 20251219 PS AM P 200.00 0;SIMPLE_INSTRUMENT;BLOCK;EUR;5;7.60000000;250;EXCHANGE_LAST;;1;1;XEUR;5925940;361;
11.12.2024;10:08:16.451;DBK SI 20251219 PS AM P 17.80 0;SIMPLE_INSTRUMENT;BLOCK;EUR;7;2.54000000;3000;EXCHANGE_LAST;;1;1;XEUR;11094168;362;
11.12.2024;15:03:18.853;DBK SI 20241220 PS AM P 17.00 0;SIMPLE_INSTRUMENT;BLOCK;EUR;13;0.25000000;2500;EXCHANGE_LAST;;1;1;XEUR;10401608;362;
11.12.2024;10:46:37.460;DPW.O.241211.BER.000003;STANDARD_OPTION_STRATEGY;BLOCK;EUR;3;0.34000000;1500;EXCHANGE_LAST;;2;1;XEUR;72059505298414170;445;
11.12.2024;10:46:37.460;DPW SI 20241220 PS AM P 35.00 0;SIMPLE_INSTRUMENT;BLOCK;EUR;3;0.17000000;1500;PRC_DECOMP_EXCHANGE;;;;XEUR;11878630;445;EXCHANGE
11.12.2024;10:46:37.460;DPW SI 20241220 PS AM P 36.00 0;SIMPLE_INSTRUMENT;BLOCK;EUR;3;0.51000000;1500;PRC_DECOMP_EXCHANGE;;;;XEUR;4643148;445;EXCHANGE
11.12.2024;10:46:45.576;DPW.O.241211.BER.000003;STANDARD_OPTION_STRATEGY;BLOCK;EUR;4;0.35000000;1500;EXCHANGE_LAST;;2;1;XEUR;72059505298414170;445;
11.12.2024;10:46:45.576;DPW SI 20241220 PS AM P 35.00 0;SIMPLE_INSTRUMENT;BLOCK;EUR;4;0.17000000;1500;PRC_DECOMP_EXCHANGE;;;;XEUR;11878630;445;EXCHANGE
11.12.2024;10:46:45.576;DPW SI 20241220 PS AM P 36.00 0;SIMPLE_INSTRUMENT;BLOCK;EUR;4;0.52000000;1500;PRC_DECOMP_EXCHANGE;;;;XEUR;4643148;445;EXCHANGE
11.12.2024;14:14:33.370;DPW.O.241211.STD.000009;STANDARD_OPTION_STRATEGY;BLOCK;EUR;14;0.84000000;2000;EXCHANGE_LAST;;1;1;XEUR;72059505298414176;445;
11.12.2024;14:14:33.370;DPW SI 20241220 PS AM P 36.00 0;SIMPLE_INSTRUMENT;BLOCK;EUR;14;0.43000000;2000;PRC_DECOMP_EXCHANGE;;;;XEUR;4643148;445;EXCHANGE
11.12.2024;14:14:33.370;DPW SI 20241220 PS AM C 36.00 0;SIMPLE_INSTRUMENT;BLOCK;EUR;14;0.41000000;2000;PRC_DECOMP_EXCHANGE;;;;XEUR;4643147;445;EXCHANGE
11.12.2024;15:21:55.303;DPW SI 20250919 PS AM P 24.00 0;SIMPLE_INSTRUMENT;BLOCK;EUR;23;0.31000000;4000;EXCHANGE_LAST;;1;2;XEUR;11878732;445;
11.12.2024;11:23:53.541;DTE SI 20250321 PS AM P 28.00 0;SIMPLE_INSTRUMENT;BLOCK;EUR;9;0.24000000;6500;EXCHANGE_LAST;;1;1;XEUR;10836587;424;
11.12.2024;11:23:57.541;DTE SI 20250321 PS AM C 32.00 0;SIMPLE_INSTRUMENT;BLOCK;EUR;10;0.43000000;6500;EXCHANGE_LAST;;1;1;XEUR;10836640;424;
11.12.2024;14:34:23.555;DVCG.S.DEC24.MAR25.SPD;FUTURES_SPREAD;BLOCK;EUR;118;-0.05000000;367;EXCHANGE_LAST;;1;1;XEUR;72280391171440735;51874;
11.12.2024;14:34:23.555;DVCG SI 20241219 CS;SIMPLE_INSTRUMENT;BLOCK;EUR;118;6.12000000;367;PRC_DECOMP_MEMBER;;;;XEUR;7029787;51874;MEMBER
11.12.2024;14:34:23.555;DVCG SI 20250320 CS;SIMPLE_INSTRUMENT;BLOCK;EUR;118;6.17000000;367;PRC_DECOMP_MEMBER;;;;XEUR;10689828;51874;MEMBER
11.12.2024;12:17:59.078;DYS1 SI 20250117 PS AM C 38.00 0;SIMPLE_INSTRUMENT;BLOCK;EUR;16;0.20000000;2379;EXCHANGE_LAST;;1;1;XEUR;12073884;475;
11.12.2024;12:17:59.394;DYS1 SI 20250117 PS AM C 38.00 0;SIMPLE_INSTRUMENT;BLOCK;EUR;17;0.17000000;2379;EXCHANGE_LAST;;1;1;XEUR;12073884;475;
11.12.2024;14:38:15.158;E2NL SI 20271217 CS;SIMPLE_INSTRUMENT;BLOCK;EUR;123;0.41500000;1000;EXCHANGE_LAST;;1;1;XEUR;5914571;471;
11.12.2024;15:18:49.964;E2NL SI 20271217 CS;SIMPLE_INSTRUMENT;BLOCK;EUR;141;0.41500000;2000;EXCHANGE_LAST;;1;2;XEUR;5914571;471;
11.12.2024;15:19:22.272;E2NL SI 20261218 CS;SIMPLE_INSTRUMENT;BLOCK;EUR;143;0.45000000;200;EXCHANGE_LAST;;1;1;XEUR;4632356;471;
11.12.2024;11:44:47.007;E2NT SI 20251219 CS;SIMPLE_INSTRUMENT;BLOCK;EUR;37;1.00000000;800;EXCHANGE_LAST;;2;2;XEUR;3681294;470;
11.12.2024;13:29:03.361;E2NT SI 20250321 CS;SIMPLE_INSTRUMENT;BLOCK;EUR;76;0.00100000;3915;EXCHANGE_LAST;;1;2;XEUR;10403429;470;
11.12.2024;13:40:25.828;E2NT SI 20241220 CS;SIMPLE_INSTRUMENT;BLOCK;EUR;87;0.97000000;3150;EXCHANGE_LAST;;1;1;XEUR;3629727;470;
11.12.2024;13:41:40.553;E2NT SI 20251219 CS;SIMPLE_INSTRUMENT;BLOCK;EUR;89;1.00000000;3150;EXCHANGE_LAST;;1;1;XEUR;3681294;470;
11.12.2024;13:43:04.304;E2NT SI 20261218 CS;SIMPLE_INSTRUMENT;BLOCK;EUR;91;0.96000000;3150;EXCHANGE_LAST;;1;1;XEUR;4632357;470;
11.12.2024;13:44:14.088;E2NT SI 20271217 CS;SIMPLE_INSTRUMENT;BLOCK;EUR;94;0.86000000;3150;EXCHANGE_LAST;;1;1;XEUR;5914575;470;
11.12.2024;14:15:35.416;E2NT SI 20250321 CS;SIMPLE_INSTRUMENT;BLOCK;EUR;115;0.00100000;6525;EXCHANGE_LAST;;1;2;XEUR;10403429;470;
11.12.2024;15:41:07.236;E2NU SI 20241220 CS;SIMPLE_INSTRUMENT;BLOCK;EUR;158;0.20000000;4250;EXCHANGE_LAST;;1;1;XEUR;5739459;300507;
11.12.2024;15:05:13.559;EDPF SI 20241220 CS;SIMPLE_INSTRUMENT;BLOCK;EUR;131;3.25000000;4600;EXCHANGE_LAST;;1;1;XEUR;7034849;457;
11.12.2024;15:05:13.559;EDPF SI 20250321 CS;SIMPLE_INSTRUMENT;BLOCK;EUR;132;3.27000000;4600;EXCHANGE_LAST;;1;1;XEUR;10698744;457;
11.12.2024;15:08:42.894;EIAG SI 20241220 CS;SIMPLE_INSTRUMENT;BLOCK;EUR;133;41.96000000;331;EXCHANGE_LAST;;1;1;XEUR;7035478;509;
11.12.2024;15:08:42.874;EIAG SI 20250321 CS;SIMPLE_INSTRUMENT;BLOCK;EUR;134;42.28000000;331;EXCHANGE_LAST;;1;1;XEUR;10699671;509;
11.12.2024;10:15:06.881;ELVH SI 20250321 CS;SIMPLE_INSTRUMENT;BLOCK;EUR;7;45.33800000;23;EXCHANGE_LAST;;1;1;XEUR;10720458;47535;
11.12.2024;15:33:22.411;ELVH SI 20250321 CS;SIMPLE_INSTRUMENT;BLOCK;EUR;152;45.74590000;1500;EXCHANGE_LAST;;1;1;XEUR;10720458;47535;
11.12.2024;08:37:40.924;ENR SI 20241220 PS AM C 50.00 0;SIMPLE_INSTRUMENT;BLOCK;EUR;1;0.85000000;4750;EXCHANGE_LAST;;1;1;XEUR;12193178;298530;
11.12.2024;13:23:15.913;ENR SI 20250221 PS AM C 56.00 0;SIMPLE_INSTRUMENT;BLOCK;EUR;13;1.82000000;500;EXCHANGE_LAST;;1;1;XEUR;12273415;298530;
11.12.2024;14:20:08.725;ENR SI 20250221 PS AM C 56.00 0;SIMPLE_INSTRUMENT;BLOCK;EUR;15;2.08000000;500;EXCHANGE_LAST;;1;1;XEUR;12273415;298530;
11.12.2024;14:28:07.403;ENR SI 20241220 PS AM P 47.00 0;SIMPLE_INSTRUMENT;BLOCK;EUR;16;0.71000000;2111;EXCHANGE_LAST;;1;1;XEUR;12193207;298530;
11.12.2024;11:55:38.322;ENT5 SI 20251218 PS AM P 12.00 0;SIMPLE_INSTRUMENT;BLOCK;EUR;12;0.60000000;1500;EXCHANGE_LAST;;2;1;XEUR;5911903;497;
11.12.2024;13:30:56.896;ENT5 FI 20271216 PS EU P 13.0000 0;FLEXIBLE_INSTRUMENT;BLOCK;EUR;17;2.30000000;7000;EXCHANGE_LAST;;1;1;XEUR;1152923639205601161;497;
11.12.2024;13:31:16.042;ENT5 FI 20271216 PS EU C 13.0000 0;FLEXIBLE_INSTRUMENT;BLOCK;EUR;18;1.08000000;7000;EXCHANGE_LAST;;1;1;XEUR;1152923639205601162;497;
11.12.2024;16:48:16.263;ENT5 SI 20250918 PS AM P 12.00 0;SIMPLE_INSTRUMENT;BLOCK;EUR;31;0.38500000;600;EXCHANGE_LAST;;1;1;XEUR;11863464;497;
11.12.2024;13:28:21.778;ENTH.S.DEC24.MAR25.SPD;FUTURES_SPREAD;BLOCK;EUR;75;-0.10750000;9000;EXCHANGE_LAST;;2;1;XEUR;74312335904210984;524973;
11.12.2024;13:28:21.778;ENTH SI 20250320 CS;SIMPLE_INSTRUMENT;BLOCK;EUR;75;13.52520000;9000;PRC_DECOMP_EXCHANGE;;;;XEUR;10690793;524973;EXCHANGE
11.12.2024;13:28:21.778;ENTH SI 20241219 CS;SIMPLE_INSTRUMENT;BLOCK;EUR;75;13.41770000;9000;PRC_DECOMP_EXCHANGE;;;;XEUR;7935776;524973;EXCHANGE
11.12.2024;14:11:23.441;ENTH.S.DEC24.MAR25.SPD;FUTURES_SPREAD;BLOCK;EUR;113;-0.10840000;15000;EXCHANGE_LAST;;2;1;XEUR;74312335904210984;524973;
11.12.2024;14:11:23.441;ENTH SI 20250320 CS;SIMPLE_INSTRUMENT;BLOCK;EUR;113;13.52560000;15000;PRC_DECOMP_EXCHANGE;;;;XEUR;10690793;524973;EXCHANGE
11.12.2024;14:11:23.441;ENTH SI 20241219 CS;SIMPLE_INSTRUMENT;BLOCK;EUR;113;13.41720000;15000;PRC_DECOMP_EXCHANGE;;;;XEUR;7935776;524973;EXCHANGE
11.12.2024;15:33:56.348;ENUF SI 20250117 CS;SIMPLE_INSTRUMENT;BLOCK;EUR;154;9.73860000;50000;EXCHANGE_LAST;;1;1;XEUR;10404357;499;
11.12.2024;10:23:46.483;F3TE SI 20241220 CS;SIMPLE_INSTRUMENT;BLOCK;EUR;10;0.72000000;6160;EXCHANGE_LAST;;1;1;XEUR;6633907;390379;
11.12.2024;13:21:55.974;F3TE SI 20251219 CS;SIMPLE_INSTRUMENT;BLOCK;EUR;63;0.72700000;500;EXCHANGE_LAST;;1;1;XEUR;6633903;390379;
11.12.2024;13:20:16.390;F3TE SI 20261218 CS;SIMPLE_INSTRUMENT;BLOCK;EUR;64;0.68200000;750;EXCHANGE_LAST;;1;1;XEUR;6633899;390379;
11.12.2024;13:20:44.796;F3TE SI 20261218 CS;SIMPLE_INSTRUMENT;BLOCK;EUR;65;0.68300000;750;EXCHANGE_LAST;;1;1;XEUR;6633899;390379;
11.12.2024;13:22:15.115;F3TE SI 20251219 CS;SIMPLE_INSTRUMENT;BLOCK;EUR;66;0.72800000;500;EXCHANGE_LAST;;1;1;XEUR;6633903;390379;
11.12.2024;13:26:01.456;F3TE SI 20251219 CS;SIMPLE_INSTRUMENT;BLOCK;EUR;68;0.72700000;125;EXCHANGE_LAST;;1;1;XEUR;6633903;390379;
11.12.2024;13:25:29.794;F3TE SI 20251219 CS;SIMPLE_INSTRUMENT;BLOCK;EUR;69;0.72800000;125;EXCHANGE_LAST;;1;1;XEUR;6633903;390379;
11.12.2024;08:49:27.735;FBTP SI 20250306 PS;SIMPLE_INSTRUMENT;EFP_FIN;EUR;1;123.10000000;448;EXCHANGE_LAST;;1;1;XEUR;11286675;636;
11.12.2024;08:50:21.033;FBTP SI 20250306 PS;SIMPLE_INSTRUMENT;EFP_FIN;EUR;2;123.10000000;103;EXCHANGE_LAST;;1;1;XEUR;11286675;636;
11.12.2024;08:59:33.310;FBTP SI 20250306 PS;SIMPLE_INSTRUMENT;EFP_FIN;EUR;3;123.10000000;671;EXCHANGE_LAST;;1;1;XEUR;11286675;636;
11.12.2024;09:24:58.079;FBTP SI 20250306 PS;SIMPLE_INSTRUMENT;BLOCK;EUR;4;123.04000000;496;EXCHANGE_LAST;;1;1;XEUR;11286675;636;
11.12.2024;09:48:14.538;FBTP SI 20250306 PS;SIMPLE_INSTRUMENT;EFP_FIN;EUR;5;123.05000000;232;EXCHANGE_LAST;;1;1;XEUR;11286675;636;
11.12.2024;10:40:24.360;FBTP SI 20250306 PS;SIMPLE_INSTRUMENT;EFP_FIN;EUR;6;123.08000000;344;EXCHANGE_LAST;;1;1;XEUR;11286675;636;
11.12.2024;10:45:03.034;FBTP SI 20250306 PS;SIMPLE_INSTRUMENT;EFP_FIN;EUR;7;123.06000000;228;EXCHANGE_LAST;;1;1;XEUR;11286675;636;
11.12.2024;10:55:03.146;FBTP SI 20250306 PS;SIMPLE_INSTRUMENT;EFP_FIN;EUR;8;123.08000000;211;EXCHANGE_LAST;;1;1;XEUR;11286675;636;
11.12.2024;12:23:41.521;FBTP SI 20250306 PS;SIMPLE_INSTRUMENT;BLOCK;EUR;9;122.81000000;1791;EXCHANGE_LAST;;1;1;XEUR;11286675;636;
11.12.2024;12:42:41.189;FBTP SI 20250306 PS;SIMPLE_INSTRUMENT;EFP_FIN;EUR;10;123.09000000;214;EXCHANGE_LAST;;1;1;XEUR;11286675;636;
11.12.2024;13:20:09.239;FBTP SI 20250306 PS;SIMPLE_INSTRUMENT;EFP_FIN;EUR;11;122.90000000;1119;EXCHANGE_LAST;;1;1;XEUR;11286675;636;
11.12.2024;13:46:48.039;FBTP SI 20250306 PS;SIMPLE_INSTRUMENT;EFP_FIN;EUR;12;122.86000000;123;EXCHANGE_LAST;;1;1;XEUR;11286675;636;
11.12.2024;14:12:34.890;FBTP SI 20250306 PS;SIMPLE_INSTRUMENT;EFP_FIN;EUR;13;123.05000000;302;EXCHANGE_LAST;;1;1;XEUR;11286675;636;
11.12.2024;14:13:00.318;FBTP SI 20250306 PS;SIMPLE_INSTRUMENT;BLOCK;EUR;14;123.01000000;547;EXCHANGE_LAST;;1;1;XEUR;11286675;636;
11.12.2024;14:32:39.460;FBTP SI 20250306 PS;SIMPLE_INSTRUMENT;EFP_FIN;EUR;15;123.20000000;224;EXCHANGE_LAST;;1;1;XEUR;11286675;636;
11.12.2024;14:52:31.415;FBTP SI 20250306 PS;SIMPLE_INSTRUMENT;EFP_FIN;EUR;16;122.88000000;114;EXCHANGE_LAST;;1;1;XEUR;11286675;636;
11.12.2024;15:28:53.946;FBTP SI 20250306 PS;SIMPLE_INSTRUMENT;EFP_FIN;EUR;17;123.10000000;591;EXCHANGE_LAST;;1;1;XEUR;11286675;636;
11.12.2024;15:36:12.005;FBTP SI 20250306 PS;SIMPLE_INSTRUMENT;EFP_FIN;EUR;18;123.05000000;224;EXCHANGE_LAST;;1;1;XEUR;11286675;636;
11.12.2024;15:44:24.817;FBTP SI 20250306 PS;SIMPLE_INSTRUMENT;EFP_FIN;EUR;19;123.04000000;239;EXCHANGE_LAST;;1;1;XEUR;11286675;636;
11.12.2024;16:13:40.623;FBTP SI 20250306 PS;SIMPLE_INSTRUMENT;EFP_FIN;EUR;20;123.03000000;138;EXCHANGE_LAST;;1;1;XEUR;11286675;636;
11.12.2024;16:20:25.771;FBTP SI 20250306 PS;SIMPLE_INSTRUMENT;EFP_FIN;EUR;21;123.00000000;985;EXCHANGE_LAST;;1;1;XEUR;11286675;636;
11.12.2024;16:58:28.219;FBTP SI 20250306 PS;SIMPLE_INSTRUMENT;EFP_FIN;EUR;22;123.10000000;554;EXCHANGE_LAST;;1;1;XEUR;11286675;636;
11.12.2024;10:52:28.187;FBTS SI 20250306 PS;SIMPLE_INSTRUMENT;EFS;EUR;7;107.89000000;2209;EXCHANGE_LAST;;1;1;XEUR;11286677;639;
11.12.2024;10:57:23.671;FBTS SI 20250306 PS;SIMPLE_INSTRUMENT;EFP_FIN;EUR;9;107.87000000;284;EXCHANGE_LAST;;1;1;XEUR;11286677;639;
11.12.2024;11:06:26.374;FBTS SI 20250306 PS;SIMPLE_INSTRUMENT;BLOCK;EUR;11;107.90000000;227;EXCHANGE_LAST;;1;1;XEUR;11286677;639;
11.12.2024;11:10:11.971;FBTS SI 20250306 PS;SIMPLE_INSTRUMENT;EFP_FIN;EUR;12;107.90000000;202;EXCHANGE_LAST;;1;1;XEUR;11286677;639;
11.12.2024;11:16:08.067;FBTS SI 20250306 PS;SIMPLE_INSTRUMENT;EFP_FIN;EUR;13;107.87000000;284;EXCHANGE_LAST;;1;1;XEUR;11286677;639;
11.12.2024;11:23:56.064;FBTS SI 20250306 PS;SIMPLE_INSTRUMENT;EFP_FIN;EUR;15;107.90000000;1321;EXCHANGE_LAST;;1;1;XEUR;11286677;639;
11.12.2024;11:23:51.630;FBTS SI 20250306 PS;SIMPLE_INSTRUMENT;EFP_FIN;EUR;16;107.88000000;599;EXCHANGE_LAST;;1;1;XEUR;11286677;639;
11.12.2024;11:47:24.480;FBTS SI 20250306 PS;SIMPLE_INSTRUMENT;EFP_FIN;EUR;18;107.88000000;2316;EXCHANGE_LAST;;1;1;XEUR;11286677;639;
11.12.2024;11:56:52.986;FBTS SI 20250306 PS;SIMPLE_INSTRUMENT;BLOCK;EUR;19;107.88000000;2755;EXCHANGE_LAST;;1;1;XEUR;11286677;639;
11.12.2024;12:01:58.591;FBTS SI 20250306 PS;SIMPLE_INSTRUMENT;EFP_FIN;EUR;20;107.87000000;397;EXCHANGE_LAST;;1;1;XEUR;11286677;639;
11.12.2024;12:09:53.763;FBTS SI 20250306 PS;SIMPLE_INSTRUMENT;EFP_FIN;EUR;22;107.89000000;384;EXCHANGE_LAST;;1;1;XEUR;11286677;639;
11.12.2024;12:12:39.697;FBTS SI 20250306 PS;SIMPLE_INSTRUMENT;BLOCK;EUR;23;107.90000000;284;EXCHANGE_LAST;;1;1;XEUR;11286677;639;
11.12.2024;12:19:35.305;FBTS SI 20250306 PS;SIMPLE_INSTRUMENT;EFP_FIN;EUR;24;107.87000000;880;EXCHANGE_LAST;;1;1;XEUR;11286677;639;
11.12.2024;12:20:04.390;FBTS SI 20250306 PS;SIMPLE_INSTRUMENT;EFP_FIN;EUR;25;107.85000000;880;EXCHANGE_LAST;;1;1;XEUR;11286677;639;
11.12.2024;12:27:21.225;FBTS SI 20250306 PS;SIMPLE_INSTRUMENT;EFP_FIN;EUR;26;107.85000000;880;EXCHANGE_LAST;;1;1;XEUR;11286677;639;
11.12.2024;12:56:03.614;FBTS SI 20250306 PS;SIMPLE_INSTRUMENT;EFP_FIN;EUR;27;107.85000000;176;EXCHANGE_LAST;;1;1;XEUR;11286677;639;
11.12.2024;12:56:32.893;FBTS SI 20250306 PS;SIMPLE_INSTRUMENT;EFP_FIN;EUR;28;107.88000000;264;EXCHANGE_LAST;;1;1;XEUR;11286677;639;
11.12.2024;13:07:29.878;FBTS SI 20250306 PS;SIMPLE_INSTRUMENT;EFP_FIN;EUR;30;107.85000000;379;EXCHANGE_LAST;;1;1;XEUR;11286677;639;
11.12.2024;13:23:07.163;FBTS SI 20250306 PS;SIMPLE_INSTRUMENT;EFP_FIN;EUR;31;107.87000000;567;EXCHANGE_LAST;;1;1;XEUR;11286677;639;
11.12.2024;13:17:00.034;FBTS SI 20250306 PS;SIMPLE_INSTRUMENT;BLOCK;EUR;32;107.88000000;1242;EXCHANGE_LAST;;1;1;XEUR;11286677;639;
11.12.2024;13:25:44.513;FBTS SI 20250306 PS;SIMPLE_INSTRUMENT;EFP_FIN;EUR;33;107.88000000;82;EXCHANGE_LAST;;1;1;XEUR;11286677;639;
11.12.2024;13:27:47.863;FBTS SI 20250306 PS;SIMPLE_INSTRUMENT;EFP_FIN;EUR;34;107.89000000;1981;EXCHANGE_LAST;;1;1;XEUR;11286677;639;
11.12.2024;13:31:07.262;FBTS SI 20250306 PS;SIMPLE_INSTRUMENT;EFP_FIN;EUR;35;107.89000000;660;EXCHANGE_LAST;;1;1;XEUR;11286677;639;
11.12.2024;13:33:29.650;FBTS SI 20250306 PS;SIMPLE_INSTRUMENT;EFP_FIN;EUR;36;107.90000000;488;EXCHANGE_LAST;;1;1;XEUR;11286677;639;
11.12.2024;13:42:02.444;FBTS SI 20250306 PS;SIMPLE_INSTRUMENT;EFP_FIN;EUR;37;107.89000000;568;EXCHANGE_LAST;;1;1;XEUR;11286677;639;
11.12.2024;13:59:28.947;FBTS SI 20250306 PS;SIMPLE_INSTRUMENT;EFP_FIN;EUR;38;107.95000000;2099;EXCHANGE_LAST;;1;1;XEUR;11286677;639;
11.12.2024;14:37:16.149;FBTS SI 20250306 PS;SIMPLE_INSTRUMENT;EFP_FIN;EUR;47;107.98000000;1089;EXCHANGE_LAST;;1;1;XEUR;11286677;639;
11.12.2024;14:44:55.823;FBTS SI 20250306 PS;SIMPLE_INSTRUMENT;EFP_FIN;EUR;48;108.00000000;182;EXCHANGE_LAST;;1;1;XEUR;11286677;639;
11.12.2024;15:15:03.691;FBTS SI 20250306 PS;SIMPLE_INSTRUMENT;BLOCK;EUR;52;107.88000000;2773;EXCHANGE_LAST;;1;1;XEUR;11286677;639;
11.12.2024;16:29:53.424;FBTS SI 20250306 PS;SIMPLE_INSTRUMENT;EFP_FIN;EUR;56;107.94000000;440;EXCHANGE_LAST;;1;1;XEUR;11286677;639;
11.12.2024;10:58:15.617;FCDK SI 20241216 PS;SIMPLE_INSTRUMENT;BLOCK;DKK;9;7.45700000;282;EXCHANGE_LAST;;1;1;XEUR;7140412;402917;
11.12.2024;10:59:17.651;FCDK SI 20250317 PS;SIMPLE_INSTRUMENT;BLOCK;DKK;10;7.44950000;282;EXCHANGE_LAST;;1;1;XEUR;9136396;402917;
11.12.2024;11:14:21.597;FCEA SI 20241216 PS;SIMPLE_INSTRUMENT;BLOCK;AUD;11;1.65390000;93;EXCHANGE_LAST;;1;1;XEUR;7140358;369373;
11.12.2024;11:15:25.218;FCEA SI 20250317 PS;SIMPLE_INSTRUMENT;BLOCK;AUD;12;1.66030000;93;EXCHANGE_LAST;;1;1;XEUR;9136204;369373;
11.12.2024;11:42:18.232;FCEA SI 20241216 PS;SIMPLE_INSTRUMENT;BLOCK;AUD;13;1.65300000;1941;EXCHANGE_LAST;;1;1;XEUR;7140358;369373;
11.12.2024;11:43:59.028;FCEA SI 20250317 PS;SIMPLE_INSTRUMENT;BLOCK;AUD;14;1.65940000;1941;EXCHANGE_LAST;;1;1;XEUR;9136204;369373;
11.12.2024;12:16:11.242;FCEF SI 20241216 PS;SIMPLE_INSTRUMENT;BLOCK;CHF;15;0.92750000;1431;EXCHANGE_LAST;;1;1;XEUR;7140359;369374;
11.12.2024;12:19:16.244;FCEF SI 20250317 PS;SIMPLE_INSTRUMENT;BLOCK;CHF;16;0.92200000;1431;EXCHANGE_LAST;;1;1;XEUR;9136227;369374;
11.12.2024;13:40:53.199;FCEF SI 20241216 PS;SIMPLE_INSTRUMENT;BLOCK;CHF;25;0.92818000;180;EXCHANGE_LAST;;1;1;XEUR;7140359;369374;
11.12.2024;13:42:01.694;FCEF SI 20250317 PS;SIMPLE_INSTRUMENT;BLOCK;CHF;26;0.92261000;180;EXCHANGE_LAST;;1;1;XEUR;9136227;369374;
11.12.2024;13:42:55.794;FCEF SI 20241216 PS;SIMPLE_INSTRUMENT;BLOCK;CHF;27;0.92818000;26;EXCHANGE_LAST;;1;1;XEUR;7140359;369374;
11.12.2024;13:43:52.297;FCEF SI 20250317 PS;SIMPLE_INSTRUMENT;BLOCK;CHF;28;0.92261000;26;EXCHANGE_LAST;;1;1;XEUR;9136227;369374;
11.12.2024;14:05:58.615;FCEP SI 20250317 PS;SIMPLE_INSTRUMENT;BLOCK;GBP;30;0.82857000;163;EXCHANGE_LAST;;1;1;XEUR;9136226;369375;
11.12.2024;14:08:29.229;FCEP SI 20241216 PS;SIMPLE_INSTRUMENT;BLOCK;GBP;31;0.82470000;163;EXCHANGE_LAST;;1;1;XEUR;7140362;369375;
11.12.2024;14:16:38.772;FCEP SI 20241216 PS;SIMPLE_INSTRUMENT;BLOCK;GBP;34;0.82550000;3031;EXCHANGE_LAST;;1;1;XEUR;7140362;369375;
11.12.2024;14:19:17.284;FCEP SI 20250317 PS;SIMPLE_INSTRUMENT;BLOCK;GBP;35;0.82933000;3031;EXCHANGE_LAST;;1;1;XEUR;9136226;369375;
11.12.2024;09:11:29.096;FCEU SI 20241216 PS;SIMPLE_INSTRUMENT;BLOCK;USD;2;1.05075000;66;EXCHANGE_LAST;;1;1;XEUR;7140363;369376;
11.12.2024;10:12:24.275;FCEU SI 20241216 PS;SIMPLE_INSTRUMENT;BLOCK;USD;3;1.05000000;21921;EXCHANGE_LAST;;1;1;XEUR;7140363;369376;
11.12.2024;10:13:49.280;FCEU SI 20250317 PS;SIMPLE_INSTRUMENT;BLOCK;USD;4;1.05441000;21921;EXCHANGE_LAST;;1;1;XEUR;9136240;369376;
11.12.2024;13:13:33.942;FCEU SI 20241216 PS;SIMPLE_INSTRUMENT;BLOCK;USD;23;1.04900000;752;EXCHANGE_LAST;;1;1;XEUR;7140363;369376;
11.12.2024;13:14:51.107;FCEU SI 20250317 PS;SIMPLE_INSTRUMENT;BLOCK;USD;24;1.05340000;752;EXCHANGE_LAST;;1;1;XEUR;9136240;369376;
11.12.2024;15:12:08.495;FCEU SI 20241216 PS;SIMPLE_INSTRUMENT;BLOCK;USD;42;1.04920000;500;EXCHANGE_LAST;;1;1;XEUR;7140363;369376;
11.12.2024;15:12:59.310;FCEU SI 20250317 PS;SIMPLE_INSTRUMENT;BLOCK;USD;43;1.05355000;500;EXCHANGE_LAST;;1;1;XEUR;9136240;369376;
11.12.2024;15:13:46.585;FCEU SI 20241216 PS;SIMPLE_INSTRUMENT;BLOCK;USD;44;1.04920000;543;EXCHANGE_LAST;;1;1;XEUR;7140363;369376;
11.12.2024;15:14:41.248;FCEU SI 20250317 PS;SIMPLE_INSTRUMENT;BLOCK;USD;45;1.05355000;543;EXCHANGE_LAST;;1;1;XEUR;9136240;369376;
11.12.2024;15:47:13.212;FCEU SI 20241216 PS;SIMPLE_INSTRUMENT;BLOCK;USD;46;1.05070000;10619;EXCHANGE_LAST;;1;1;XEUR;7140363;369376;
11.12.2024;15:47:58.566;FCEU SI 20250317 PS;SIMPLE_INSTRUMENT;BLOCK;USD;47;1.05503000;10619;EXCHANGE_LAST;;1;1;XEUR;9136240;369376;
11.12.2024;15:48:53.450;FCEU SI 20241216 PS;SIMPLE_INSTRUMENT;BLOCK;USD;48;1.05070000;699;EXCHANGE_LAST;;1;1;XEUR;7140363;369376;
11.12.2024;15:51:23.533;FCEU SI 20250317 PS;SIMPLE_INSTRUMENT;BLOCK;USD;49;1.05503000;699;EXCHANGE_LAST;;1;1;XEUR;9136240;369376;
11.12.2024;16:16:14.614;FCEU SI 20241216 PS;SIMPLE_INSTRUMENT;BLOCK;USD;50;1.04910000;3896;EXCHANGE_LAST;;1;1;XEUR;7140363;369376;
11.12.2024;14:51:20.985;FCEY SI 20241216 PS;SIMPLE_INSTRUMENT;BLOCK;JPY;38;159.87000000;5926;EXCHANGE_LAST;;1;1;XEUR;7140339;369363;
11.12.2024;14:52:32.934;FCEY SI 20250317 PS;SIMPLE_INSTRUMENT;BLOCK;JPY;39;158.76300000;5926;EXCHANGE_LAST;;1;1;XEUR;9136148;369363;
11.12.2024;14:53:30.964;FCEY SI 20241216 PS;SIMPLE_INSTRUMENT;BLOCK;JPY;40;159.87000000;1984;EXCHANGE_LAST;;1;1;XEUR;7140339;369363;
11.12.2024;14:54:41.165;FCEY SI 20250317 PS;SIMPLE_INSTRUMENT;BLOCK;JPY;41;158.76300000;1984;EXCHANGE_LAST;;1;1;XEUR;9136148;369363;
11.12.2024;08:08:42.796;FCIN SI 20241230 CS;SIMPLE_INSTRUMENT;BLOCK;USD;2;146.44000000;18;EXCHANGE_LAST;;1;1;XEUR;4680363;580;
11.12.2024;14:11:18.113;FCMU SI 20241216 CS;SIMPLE_INSTRUMENT;BLOCK;USD;32;0.04960000;290;EXCHANGE_LAST;;1;1;XEUR;10921066;570874;
11.12.2024;14:12:21.731;FCMU SI 20250317 CS;SIMPLE_INSTRUMENT;BLOCK;USD;33;0.04885000;290;EXCHANGE_LAST;;1;1;XEUR;11329545;570874;
11.12.2024;08:07:42.308;FCPR SI 20241230 CS;SIMPLE_INSTRUMENT;EFP_IDX;USD;1;279.69000000;3;EXCHANGE_LAST;;1;1;XEUR;4680366;587;
11.12.2024;08:08:47.755;FCPR SI 20241230 CS;SIMPLE_INSTRUMENT;EFP_IDX;USD;3;279.70000000;12;EXCHANGE_LAST;;1;1;XEUR;4680366;587;
11.12.2024;12:59:51.420;FCPU SI 20241216 PS;SIMPLE_INSTRUMENT;BLOCK;USD;17;1.27300000;2041;EXCHANGE_LAST;;1;1;XEUR;7140366;369379;
11.12.2024;13:01:33.593;FCPU SI 20250317 PS;SIMPLE_INSTRUMENT;BLOCK;USD;18;1.27245000;2041;EXCHANGE_LAST;;1;1;XEUR;9136249;369379;
11.12.2024;13:07:18.643;FCSK SI 20241216 PS;SIMPLE_INSTRUMENT;BLOCK;SEK;19;11.53700000;313;EXCHANGE_LAST;;1;1;XEUR;7140410;402915;
11.12.2024;13:09:06.074;FCSK SI 20250317 PS;SIMPLE_INSTRUMENT;BLOCK;SEK;20;11.52500000;313;EXCHANGE_LAST;;1;1;XEUR;9136393;402915;
11.12.2024;13:11:02.572;FCSK SI 20241216 PS;SIMPLE_INSTRUMENT;BLOCK;SEK;21;11.53700000;218;EXCHANGE_LAST;;1;1;XEUR;7140410;402915;
11.12.2024;13:12:33.391;FCSK SI 20250317 PS;SIMPLE_INSTRUMENT;BLOCK;SEK;22;11.52500000;218;EXCHANGE_LAST;;1;1;XEUR;9136393;402915;
11.12.2024;08:04:13.024;FCZU SI 20241216 CS;SIMPLE_INSTRUMENT;BLOCK;USD;1;0.05582000;100;EXCHANGE_LAST;;1;1;XEUR;10921064;570872;
11.12.2024;10:33:50.655;FCZU SI 20241216 CS;SIMPLE_INSTRUMENT;BLOCK;USD;5;0.05599000;100;EXCHANGE_LAST;;1;1;XEUR;10921064;570872;
11.12.2024;10:34:43.064;FCZU SI 20250317 CS;SIMPLE_INSTRUMENT;BLOCK;USD;6;0.05551000;100;EXCHANGE_LAST;;1;1;XEUR;11329546;570872;
11.12.2024;10:21:21.120;FD3D.S.DEC26.DEC28.SPD;FUTURES_SPREAD;BLOCK;EUR;23;3.50000000;580;EXCHANGE_LAST;;1;1;XEUR;72060119478700063;588;
11.12.2024;10:21:21.120;FD3D SI 20261218 CS;SIMPLE_INSTRUMENT;BLOCK;EUR;23;109.50000000;580;PRC_DECOMP_MEMBER;;;;XEUR;7158183;588;MEMBER
11.12.2024;10:21:21.120;FD3D SI 20281215 CS;SIMPLE_INSTRUMENT;BLOCK;EUR;23;106.00000000;580;PRC_DECOMP_MEMBER;;;;XEUR;10404969;588;MEMBER
11.12.2024;16:34:54.128;FDAX SI 20241220 CS;SIMPLE_INSTRUMENT;EFP_IDX;EUR;1;20430.00000000;100;EXCHANGE_LAST;;1;1;XEUR;7296065;589;
11.12.2024;17:00:57.236;FDAX SI 20241220 CS;SIMPLE_INSTRUMENT;EFP_IDX;EUR;2;20422.00000000;19;EXCHANGE_LAST;;1;1;XEUR;7296065;589;
11.12.2024;17:01:16.062;FDAX SI 20241220 CS;SIMPLE_INSTRUMENT;EFP_IDX;EUR;3;20424.00000000;16;EXCHANGE_LAST;;1;1;XEUR;7296065;589;
11.12.2024;09:35:28.599;FDAX SI 20241220 CS;SIMPLE_INSTRUMENT;VOLA;EUR;671088651;20360.00000000;55;EXCHANGE_LAST;;1;1;XEUR;7296065;589;
11.12.2024;14:03:52.726;FDAX SI 20241220 CS;SIMPLE_INSTRUMENT;VOLA;EUR;671088655;20380.00000000;11;EXCHANGE_LAST;;1;1;XEUR;7296065;589;
11.12.2024;16:28:52.277;FDAX SI 20241220 CS;SIMPLE_INSTRUMENT;VOLA;EUR;671088658;20405.00000000;1125;EXCHANGE_LAST;;1;1;XEUR;7296065;589;
11.12.2024;16:03:25.660;FEBD SI 20261218 CS;SIMPLE_INSTRUMENT;BLOCK;EUR;68;9.44000000;400;EXCHANGE_LAST;;1;1;XEUR;7158212;597;
11.12.2024;16:14:34.094;FECX SI 20250321 CS;SIMPLE_INSTRUMENT;BLOCK;EUR;70;167.95000000;46;EXCHANGE_LAST;;1;1;XEUR;11427948;410158;
11.12.2024;11:06:01.186;FEDV.S.DEC24.MAR25.SPD;FUTURES_SPREAD;BLOCK;EUR;31;-11.00000000;1000;EXCHANGE_LAST;;1;1;XEUR;72060153838436444;596;
11.12.2024;11:06:01.186;FEDV SI 20241220 CS;SIMPLE_INSTRUMENT;BLOCK;EUR;31;1645.00000000;1000;PRC_DECOMP_MEMBER;;;;XEUR;10838883;596;MEMBER
11.12.2024;11:06:01.186;FEDV SI 20250321 CS;SIMPLE_INSTRUMENT;BLOCK;EUR;31;1656.00000000;1000;PRC_DECOMP_MEMBER;;;;XEUR;11359068;596;MEMBER
11.12.2024;11:06:14.691;FEDV.S.DEC24.MAR25.SPD;FUTURES_SPREAD;BLOCK;EUR;32;-11.50000000;1000;EXCHANGE_LAST;;1;1;XEUR;72060153838436444;596;
11.12.2024;11:06:14.691;FEDV SI 20241220 CS;SIMPLE_INSTRUMENT;BLOCK;EUR;32;1645.00000000;1000;PRC_DECOMP_MEMBER;;;;XEUR;10838883;596;MEMBER
11.12.2024;11:06:14.691;FEDV SI 20250321 CS;SIMPLE_INSTRUMENT;BLOCK;EUR;32;1656.50000000;1000;PRC_DECOMP_MEMBER;;;;XEUR;11359068;596;MEMBER
11.12.2024;11:26:16.109;FEDV.S.DEC24.MAR25.SPD;FUTURES_SPREAD;BLOCK;EUR;35;-11.00000000;1750;EXCHANGE_LAST;;1;1;XEUR;72060153838436444;596;
11.12.2024;11:26:16.109;FEDV SI 20241220 CS;SIMPLE_INSTRUMENT;BLOCK;EUR;35;1645.00000000;1750;PRC_DECOMP_MEMBER;;;;XEUR;10838883;596;MEMBER
11.12.2024;11:26:16.109;FEDV SI 20250321 CS;SIMPLE_INSTRUMENT;BLOCK;EUR;35;1656.00000000;1750;PRC_DECOMP_MEMBER;;;;XEUR;11359068;596;MEMBER
11.12.2024;11:26:36.839;FEDV.S.DEC24.MAR25.SPD;FUTURES_SPREAD;BLOCK;EUR;36;-11.50000000;1750;EXCHANGE_LAST;;1;1;XEUR;72060153838436444;596;
11.12.2024;11:26:36.839;FEDV SI 20250321 CS;SIMPLE_INSTRUMENT;BLOCK;EUR;36;1656.50000000;1750;PRC_DECOMP_MEMBER;;;;XEUR;11359068;596;MEMBER
11.12.2024;11:26:36.839;FEDV SI 20241220 CS;SIMPLE_INSTRUMENT;BLOCK;EUR;36;1645.00000000;1750;PRC_DECOMP_MEMBER;;;;XEUR;10838883;596;MEMBER
11.12.2024;16:15:47.155;FEDV.S.DEC24.MAR25.SPD;FUTURES_SPREAD;BLOCK;EUR;72;-11.50000000;1500;EXCHANGE_LAST;;1;1;XEUR;72060153838436444;596;
11.12.2024;16:15:47.155;FEDV SI 20241220 CS;SIMPLE_INSTRUMENT;BLOCK;EUR;72;1640.00000000;1500;PRC_DECOMP_EXCHANGE;;;;XEUR;10838883;596;EXCHANGE
11.12.2024;16:15:47.155;FEDV SI 20250321 CS;SIMPLE_INSTRUMENT;BLOCK;EUR;72;1651.50000000;1500;PRC_DECOMP_EXCHANGE;;;;XEUR;11359068;596;EXCHANGE
11.12.2024;16:17:57.886;FEDV.S.DEC24.MAR25.SPD;FUTURES_SPREAD;BLOCK;EUR;75;-11.00000000;1500;EXCHANGE_LAST;;1;1;XEUR;72060153838436444;596;
11.12.2024;16:17:57.886;FEDV SI 20241220 CS;SIMPLE_INSTRUMENT;BLOCK;EUR;75;1640.50000000;1500;PRC_DECOMP_MEMBER;;;;XEUR;10838883;596;MEMBER
11.12.2024;16:17:57.886;FEDV SI 20250321 CS;SIMPLE_INSTRUMENT;BLOCK;EUR;75;1651.50000000;1500;PRC_DECOMP_MEMBER;;;;XEUR;11359068;596;MEMBER
11.12.2024;16:42:45.583;FEDV SI 20241220 CS;SIMPLE_INSTRUMENT;EFP_IDX;EUR;83;1642.00000000;80;EXCHANGE_LAST;;1;1;XEUR;10838883;596;
11.12.2024;16:42:57.521;FEDV SI 20241220 CS;SIMPLE_INSTRUMENT;EFP_IDX;EUR;84;1642.50000000;87;EXCHANGE_LAST;;1;1;XEUR;10838883;596;
11.12.2024;09:35:00.517;FEHY SI 20241220 CS;SIMPLE_INSTRUMENT;BLOCK;EUR;7;294.20000000;240;EXCHANGE_LAST;;1;1;XEUR;10921067;574047;
11.12.2024;09:35:18.740;FEHY SI 20250321 CS;SIMPLE_INSTRUMENT;BLOCK;EUR;8;296.54000000;240;EXCHANGE_LAST;;1;1;XEUR;11428365;574047;
11.12.2024;14:15:04.581;FEHY SI 20250321 CS;SIMPLE_INSTRUMENT;BLOCK;EUR;55;296.66000000;510;EXCHANGE_LAST;;1;1;XEUR;11428365;574047;
11.12.2024;14:15:35.716;FEHY SI 20241220 CS;SIMPLE_INSTRUMENT;BLOCK;EUR;56;294.56000000;510;EXCHANGE_LAST;;1;1;XEUR;10921067;574047;
11.12.2024;09:40:53.697;FESB SI 20241220 CS;SIMPLE_INSTRUMENT;BLOCK;EUR;83;147.00000000;16200;EXCHANGE_LAST;;1;1;XEUR;10838895;605;
11.12.2024;10:04:28.874;FESB SI 20241220 CS;SIMPLE_INSTRUMENT;BLOCK;EUR;86;147.00000000;5000;EXCHANGE_LAST;;1;1;XEUR;10838895;605;
11.12.2024;10:07:39.898;FESB SI 20241220 CS;SIMPLE_INSTRUMENT;BLOCK;EUR;87;147.00000000;5000;EXCHANGE_LAST;;1;1;XEUR;10838895;605;
11.12.2024;10:28:53.948;FESB.S.DEC24.MAR25.SPD;FUTURES_SPREAD;BLOCK;EUR;88;-0.50000000;5000;EXCHANGE_LAST;;1;1;XEUR;72060192493142108;605;
11.12.2024;10:28:53.948;FESB SI 20241220 CS;SIMPLE_INSTRUMENT;BLOCK;EUR;88;146.90000000;5000;PRC_DECOMP_MEMBER;;;;XEUR;10838895;605;MEMBER
11.12.2024;10:28:53.948;FESB SI 20250321 CS;SIMPLE_INSTRUMENT;BLOCK;EUR;88;147.40000000;5000;PRC_DECOMP_MEMBER;;;;XEUR;11359072;605;MEMBER
11.12.2024;10:51:21.174;FESB.S.DEC24.MAR25.SPD;FUTURES_SPREAD;BLOCK;EUR;93;-0.50000000;20000;EXCHANGE_LAST;;1;1;XEUR;72060192493142108;605;
11.12.2024;10:51:21.174;FESB SI 20250321 CS;SIMPLE_INSTRUMENT;BLOCK;EUR;93;147.10000000;20000;PRC_DECOMP_MEMBER;;;;XEUR;11359072;605;MEMBER
11.12.2024;10:51:21.174;FESB SI 20241220 CS;SIMPLE_INSTRUMENT;BLOCK;EUR;93;146.60000000;20000;PRC_DECOMP_MEMBER;;;;XEUR;10838895;605;MEMBER
11.12.2024;11:00:59.071;FESB.S.DEC24.MAR25.SPD;FUTURES_SPREAD;BLOCK;EUR;94;-0.50000000;5000;EXCHANGE_LAST;;1;1;XEUR;72060192493142108;605;
11.12.2024;11:00:59.071;FESB SI 20250321 CS;SIMPLE_INSTRUMENT;BLOCK;EUR;94;147.10000000;5000;PRC_DECOMP_MEMBER;;;;XEUR;11359072;605;MEMBER
11.12.2024;11:00:59.071;FESB SI 20241220 CS;SIMPLE_INSTRUMENT;BLOCK;EUR;94;146.60000000;5000;PRC_DECOMP_MEMBER;;;;XEUR;10838895;605;MEMBER
11.12.2024;11:31:57.512;FESB.S.DEC24.MAR25.SPD;FUTURES_SPREAD;BLOCK;EUR;102;-0.50000000;2000;EXCHANGE_LAST;;1;1;XEUR;72060192493142108;605;
11.12.2024;11:31:57.512;FESB SI 20250321 CS;SIMPLE_INSTRUMENT;BLOCK;EUR;102;147.20000000;2000;PRC_DECOMP_EXCHANGE;;;;XEUR;11359072;605;EXCHANGE
11.12.2024;11:31:57.512;FESB SI 20241220 CS;SIMPLE_INSTRUMENT;BLOCK;EUR;102;146.70000000;2000;PRC_DECOMP_EXCHANGE;;;;XEUR;10838895;605;EXCHANGE
11.12.2024;14:37:59.228;FESB SI 20241220 CS;SIMPLE_INSTRUMENT;BLOCK;EUR;120;147.00000000;2000;EXCHANGE_LAST;;1;1;XEUR;10838895;605;
11.12.2024;16:24:56.775;FESB SI 20241220 CS;SIMPLE_INSTRUMENT;BLOCK;EUR;126;146.20000000;5000;EXCHANGE_LAST;;1;1;XEUR;10838895;605;
11.12.2024;16:51:06.846;FESB SI 20241220 CS;SIMPLE_INSTRUMENT;EFP_IDX;EUR;129;146.55000000;1000;EXCHANGE_LAST;;1;1;XEUR;10838895;605;
11.12.2024;16:51:45.842;FESB SI 20241220 CS;SIMPLE_INSTRUMENT;EFP_IDX;EUR;130;146.45000000;600;EXCHANGE_LAST;;1;1;XEUR;10838895;605;
11.12.2024;16:51:56.802;FESB SI 20241220 CS;SIMPLE_INSTRUMENT;EFP_IDX;EUR;131;146.50000000;900;EXCHANGE_LAST;;1;1;XEUR;10838895;605;
11.12.2024;17:11:17.546;FESB SI 20241220 CS;SIMPLE_INSTRUMENT;BLOCK;EUR;137;146.40000000;3080;EXCHANGE_LAST;;1;1;XEUR;10838895;605;
11.12.2024;09:12:05.557;FESB SI 20241220 CS;SIMPLE_INSTRUMENT;VOLA;EUR;603979778;147.00000000;1000;EXCHANGE_LAST;;1;1;XEUR;10838895;605;
11.12.2024;11:13:36.335;FESB SI 20241220 CS;SIMPLE_INSTRUMENT;VOLA;EUR;603979793;146.40000000;300;EXCHANGE_LAST;;1;1;XEUR;10838895;605;
11.12.2024;16:45:31.840;FESI SI 20241220 CS;SIMPLE_INSTRUMENT;BLOCK;EUR;11;432.40000000;1796;EXCHANGE_LAST;;1;1;XEUR;10839433;681;
11.12.2024;16:45:43.695;FESI SI 20241220 CS;SIMPLE_INSTRUMENT;BLOCK;EUR;12;432.50000000;449;EXCHANGE_LAST;;1;1;XEUR;10839433;681;
11.12.2024;17:06:02.425;FESM SI 20241220 CS;SIMPLE_INSTRUMENT;EFP_IDX;EUR;19;375.70000000;647;EXCHANGE_LAST;;1;1;XEUR;10839468;683;
11.12.2024;17:05:38.601;FESM SI 20241220 CS;SIMPLE_INSTRUMENT;EFP_IDX;EUR;20;375.60000000;162;EXCHANGE_LAST;;1;1;XEUR;10839468;683;
11.12.2024;09:58:22.431;FESX SI 20241220 CS;SIMPLE_INSTRUMENT;EFP_IDX;EUR;1;4957.00000000;1000;EXCHANGE_LAST;;1;1;XEUR;7793479;675;
11.12.2024;10:18:18.122;FESX SI 20241220 CS;SIMPLE_INSTRUMENT;BLOCK;EUR;2;4955.00000000;3000;EXCHANGE_LAST;;1;1;XEUR;7793479;675;
11.12.2024;10:44:34.541;FESX SI 20241220 CS;SIMPLE_INSTRUMENT;BLOCK;EUR;3;4960.00000000;5000;EXCHANGE_LAST;;1;1;XEUR;7793479;675;
11.12.2024;10:52:14.361;FESX SI 20241220 CS;SIMPLE_INSTRUMENT;EFP_IDX;EUR;4;4960.00000000;1000;EXCHANGE_LAST;;1;1;XEUR;7793479;675;
11.12.2024;10:54:19.005;FESX SI 20241220 CS;SIMPLE_INSTRUMENT;EFP_IDX;EUR;5;4956.00000000;1000;EXCHANGE_LAST;;1;1;XEUR;7793479;675;
11.12.2024;11:12:59.173;FESX SI 20241220 CS;SIMPLE_INSTRUMENT;EFP_IDX;EUR;6;4960.00000000;1000;EXCHANGE_LAST;;1;1;XEUR;7793479;675;
11.12.2024;12:00:00.335;FESX SI 20241220 CS;SIMPLE_INSTRUMENT;BLOCK;EUR;7;4955.00000000;2000;EXCHANGE_LAST;;1;1;XEUR;7793479;675;
11.12.2024;14:04:29.187;FESX.S.DEC24.MAR25.SPD;FUTURES_SPREAD;BLOCK;EUR;9;-26.50000000;10000;EXCHANGE_LAST;;1;1;XEUR;72060493140861185;675;
11.12.2024;14:04:29.187;FESX SI 20241220 CS;SIMPLE_INSTRUMENT;BLOCK;EUR;9;4966.00000000;10000;PRC_DECOMP_MEMBER;;;;XEUR;7793479;675;MEMBER
11.12.2024;14:04:29.187;FESX SI 20250321 CS;SIMPLE_INSTRUMENT;BLOCK;EUR;9;4992.50000000;10000;PRC_DECOMP_MEMBER;;;;XEUR;7793482;675;MEMBER
11.12.2024;14:14:34.218;FESX SI 20241220 CS;SIMPLE_INSTRUMENT;BLOCK;EUR;10;4965.00000000;2000;EXCHANGE_LAST;;1;1;XEUR;7793479;675;
11.12.2024;15:03:21.802;FESX SI 20241220 CS;SIMPLE_INSTRUMENT;BLOCK;EUR;11;4965.00000000;2000;EXCHANGE_LAST;;1;1;XEUR;7793479;675;
11.12.2024;15:39:13.331;FESX.S.DEC24.MAR25.SPD;FUTURES_SPREAD;BLOCK;EUR;12;-26.20000000;4000;EXCHANGE_LAST;;1;1;XEUR;72060493140861185;675;
11.12.2024;15:39:13.331;FESX SI 20241220 CS;SIMPLE_INSTRUMENT;BLOCK;EUR;12;4957.80000000;4000;PRC_DECOMP_EXCHANGE;;;;XEUR;7793479;675;EXCHANGE
11.12.2024;15:39:13.331;FESX SI 20250321 CS;SIMPLE_INSTRUMENT;BLOCK;EUR;12;4984.00000000;4000;PRC_DECOMP_EXCHANGE;;;;XEUR;7793482;675;EXCHANGE
11.12.2024;16:43:44.968;FESX SI 20241220 CS;SIMPLE_INSTRUMENT;EFP_IDX;EUR;13;4965.00000000;1424;EXCHANGE_LAST;;1;1;XEUR;7793479;675;
11.12.2024;16:43:57.794;FESX SI 20241220 CS;SIMPLE_INSTRUMENT;EFP_IDX;EUR;14;4966.00000000;176;EXCHANGE_LAST;;1;1;XEUR;7793479;675;
11.12.2024;16:44:18.217;FESX SI 20241220 CS;SIMPLE_INSTRUMENT;EFP_IDX;EUR;15;4965.00000000;405;EXCHANGE_LAST;;1;1;XEUR;7793479;675;
11.12.2024;16:44:25.770;FESX SI 20241220 CS;SIMPLE_INSTRUMENT;EFP_IDX;EUR;16;4966.00000000;45;EXCHANGE_LAST;;1;1;XEUR;7793479;675;
11.12.2024;16:48:41.637;FESX SI 20241220 CS;SIMPLE_INSTRUMENT;EFP_IDX;EUR;17;4965.00000000;310;EXCHANGE_LAST;;1;1;XEUR;7793479;675;
11.12.2024;16:48:59.558;FESX SI 20241220 CS;SIMPLE_INSTRUMENT;EFP_IDX;EUR;18;4966.00000000;90;EXCHANGE_LAST;;1;1;XEUR;7793479;675;
11.12.2024;16:53:51.724;FESX SI 20241220 CS;SIMPLE_INSTRUMENT;EFP_IDX;EUR;19;4964.00000000;1512;EXCHANGE_LAST;;1;1;XEUR;7793479;675;
11.12.2024;16:54:17.405;FESX SI 20241220 CS;SIMPLE_INSTRUMENT;EFP_IDX;EUR;20;4965.00000000;3988;EXCHANGE_LAST;;1;1;XEUR;7793479;675;
11.12.2024;16:58:53.749;FESX SI 20241220 CS;SIMPLE_INSTRUMENT;EFP_IDX;EUR;21;4964.00000000;234;EXCHANGE_LAST;;1;1;XEUR;7793479;675;
11.12.2024;16:59:18.124;FESX SI 20241220 CS;SIMPLE_INSTRUMENT;EFP_IDX;EUR;22;4965.00000000;9152;EXCHANGE_LAST;;1;1;XEUR;7793479;675;
11.12.2024;09:48:17.737;FESX SI 20241220 CS;SIMPLE_INSTRUMENT;VOLA;EUR;637534217;4955.00000000;170;EXCHANGE_LAST;;1;1;XEUR;7793479;675;
11.12.2024;09:48:21.189;FESX SI 20241220 CS;SIMPLE_INSTRUMENT;VOLA;EUR;637534219;4955.00000000;170;EXCHANGE_LAST;;1;1;XEUR;7793479;675;
11.12.2024;10:06:38.712;FESX SI 20241220 CS;SIMPLE_INSTRUMENT;VOLA;EUR;637534225;4954.00000000;414;EXCHANGE_LAST;;1;1;XEUR;7793479;675;
11.12.2024;10:12:57.953;FESX SI 20241220 CS;SIMPLE_INSTRUMENT;VOLA;EUR;637534237;4958.00000000;194;EXCHANGE_LAST;;1;1;XEUR;7793479;675;
11.12.2024;10:24:54.398;FESX SI 20241220 CS;SIMPLE_INSTRUMENT;VOLA;EUR;637534239;4960.00000000;350;EXCHANGE_LAST;;1;1;XEUR;7793479;675;
11.12.2024;12:12:00.766;FESX SI 20241220 CS;SIMPLE_INSTRUMENT;VOLA;EUR;637534262;4960.00000000;250;EXCHANGE_LAST;;1;1;XEUR;7793479;675;
11.12.2024;12:28:25.512;FESX SI 20250321 CS;SIMPLE_INSTRUMENT;VOLA;EUR;637534266;4980.00000000;567;EXCHANGE_LAST;;1;1;XEUR;7793482;675;
11.12.2024;12:28:27.722;FESX SI 20250321 CS;SIMPLE_INSTRUMENT;VOLA;EUR;637534267;4980.00000000;567;EXCHANGE_LAST;;1;1;XEUR;7793482;675;
11.12.2024;12:48:08.146;FESX SI 20250321 CS;SIMPLE_INSTRUMENT;VOLA;EUR;637534275;4985.00000000;287;EXCHANGE_LAST;;1;1;XEUR;7793482;675;
11.12.2024;14:40:39.089;FESX SI 20241220 CS;SIMPLE_INSTRUMENT;VOLA;EUR;637534300;4963.00000000;877;EXCHANGE_LAST;;1;1;XEUR;7793479;675;
11.12.2024;14:42:59.978;FESX SI 20241220 CS;SIMPLE_INSTRUMENT;VOLA;EUR;637534302;4968.00000000;80;EXCHANGE_LAST;;1;1;XEUR;7793479;675;
11.12.2024;14:56:02.911;FESX SI 20241220 CS;SIMPLE_INSTRUMENT;VOLA;EUR;637534310;4970.00000000;1340;EXCHANGE_LAST;;1;1;XEUR;7793479;675;
11.12.2024;14:58:34.837;FESX SI 20241220 CS;SIMPLE_INSTRUMENT;VOLA;EUR;637534311;4972.00000000;155;EXCHANGE_LAST;;1;1;XEUR;7793479;675;
11.12.2024;14:59:03.856;FESX SI 20241220 CS;SIMPLE_INSTRUMENT;VOLA;EUR;637534312;4972.00000000;360;EXCHANGE_LAST;;1;1;XEUR;7793479;675;
11.12.2024;14:59:28.649;FESX SI 20241220 CS;SIMPLE_INSTRUMENT;VOLA;EUR;637534313;4972.00000000;155;EXCHANGE_LAST;;1;1;XEUR;7793479;675;
11.12.2024;16:07:54.731;FESX SI 20241220 CS;SIMPLE_INSTRUMENT;VOLA;EUR;637534333;4957.00000000;784;EXCHANGE_LAST;;1;1;XEUR;7793479;675;
11.12.2024;09:03:02.944;FEXD.S.DEC26.DEC28.SPD;FUTURES_SPREAD;BLOCK;EUR;1;10.40000000;100;EXCHANGE_LAST;;1;1;XEUR;72060570450264161;693;
11.12.2024;09:03:02.944;FEXD SI 20281215 CS;SIMPLE_INSTRUMENT;BLOCK;EUR;1;142.20000000;100;PRC_DECOMP_EXCHANGE;;;;XEUR;3680985;693;EXCHANGE
11.12.2024;09:03:02.944;FEXD SI 20261218 CS;SIMPLE_INSTRUMENT;BLOCK;EUR;1;152.60000000;100;PRC_DECOMP_EXCHANGE;;;;XEUR;2163053;693;EXCHANGE
11.12.2024;09:31:46.006;FEXD SI 20261218 CS;SIMPLE_INSTRUMENT;BLOCK;EUR;5;152.30000000;350;EXCHANGE_LAST;;1;1;XEUR;2163053;693;
11.12.2024;09:31:51.866;FEXD SI 20271217 CS;SIMPLE_INSTRUMENT;BLOCK;EUR;6;146.60000000;350;EXCHANGE_LAST;;1;1;XEUR;2848338;693;
11.12.2024;09:35:58.439;FEXD.S.DEC28.DEC29.SPD;FUTURES_SPREAD;BLOCK;EUR;9;4.30000000;325;EXCHANGE_LAST;;1;1;XEUR;72060570450264171;693;
11.12.2024;09:35:58.439;FEXD SI 20281215 CS;SIMPLE_INSTRUMENT;BLOCK;EUR;9;142.10000000;325;PRC_DECOMP_EXCHANGE;;;;XEUR;3680985;693;EXCHANGE
11.12.2024;09:35:58.439;FEXD SI 20291221 CS;SIMPLE_INSTRUMENT;BLOCK;EUR;9;137.80000000;325;PRC_DECOMP_EXCHANGE;;;;XEUR;4631968;693;EXCHANGE
11.12.2024;10:15:02.996;FEXD SI 20261218 CS;SIMPLE_INSTRUMENT;BLOCK;EUR;21;152.70000000;250;EXCHANGE_LAST;;1;1;XEUR;2163053;693;
11.12.2024;11:46:39.077;FEXD.S.DEC26.DEC27.SPD;FUTURES_SPREAD;BLOCK;EUR;44;5.80000000;150;EXCHANGE_LAST;;1;1;XEUR;72060570450264153;693;
11.12.2024;11:46:39.077;FEXD SI 20271217 CS;SIMPLE_INSTRUMENT;BLOCK;EUR;44;146.60000000;150;PRC_DECOMP_MEMBER;;;;XEUR;2848338;693;MEMBER
11.12.2024;11:46:39.077;FEXD SI 20261218 CS;SIMPLE_INSTRUMENT;BLOCK;EUR;44;152.40000000;150;PRC_DECOMP_MEMBER;;;;XEUR;2163053;693;MEMBER
11.12.2024;13:27:35.274;FEXD SI 20261218 CS;SIMPLE_INSTRUMENT;BLOCK;EUR;48;152.60000000;200;EXCHANGE_LAST;;1;1;XEUR;2163053;693;
11.12.2024;16:09:14.186;FEXD SI 20261218 CS;SIMPLE_INSTRUMENT;BLOCK;EUR;71;152.50000000;500;EXCHANGE_LAST;;1;1;XEUR;2163053;693;
11.12.2024;16:16:38.898;FEXD SI 20261218 CS;SIMPLE_INSTRUMENT;BLOCK;EUR;74;152.60000000;250;EXCHANGE_LAST;;1;1;XEUR;2163053;693;
11.12.2024;16:35:26.413;FEXD SI 20251219 CS;SIMPLE_INSTRUMENT;BLOCK;EUR;78;158.60000000;500;EXCHANGE_LAST;;2;1;XEUR;1548120;693;
11.12.2024;16:36:28.867;FEXD SI 20251219 CS;SIMPLE_INSTRUMENT;BLOCK;EUR;79;158.70000000;375;EXCHANGE_LAST;;1;1;XEUR;1548120;693;
11.12.2024;17:28:47.545;FEXD.S.DEC27.DEC28.SPD;FUTURES_SPREAD;BLOCK;EUR;97;4.70000000;100;EXCHANGE_LAST;;1;1;XEUR;72060570450264162;693;
11.12.2024;17:28:47.545;FEXD SI 20271217 CS;SIMPLE_INSTRUMENT;BLOCK;EUR;97;146.90000000;100;PRC_DECOMP_EXCHANGE;;;;XEUR;2848338;693;EXCHANGE
11.12.2024;17:28:47.545;FEXD SI 20281215 CS;SIMPLE_INSTRUMENT;BLOCK;EUR;97;142.20000000;100;PRC_DECOMP_EXCHANGE;;;;XEUR;3680985;693;EXCHANGE
11.12.2024;07:56:50.973;FGBL SI 20250306 PS;SIMPLE_INSTRUMENT;EFS;EUR;1;136.14000000;261;EXCHANGE_LAST;;1;1;XEUR;11286679;688;
11.12.2024;08:04:10.507;FGBL SI 20250306 PS;SIMPLE_INSTRUMENT;EFS;EUR;2;136.12000000;250;EXCHANGE_LAST;;1;1;XEUR;11286679;688;
11.12.2024;08:11:04.085;FGBL SI 20250306 PS;SIMPLE_INSTRUMENT;EFS;EUR;3;136.11000000;228;EXCHANGE_LAST;;1;1;XEUR;11286679;688;
11.12.2024;08:23:14.892;FGBL SI 20250306 PS;SIMPLE_INSTRUMENT;EFS;EUR;4;136.07000000;402;EXCHANGE_LAST;;1;1;XEUR;11286679;688;
11.12.2024;08:34:56.986;FGBL SI 20250306 PS;SIMPLE_INSTRUMENT;EFS;EUR;5;136.03000000;201;EXCHANGE_LAST;;1;1;XEUR;11286679;688;
11.12.2024;08:48:00.490;FGBL SI 20250306 PS;SIMPLE_INSTRUMENT;EFS;EUR;6;136.12000000;401;EXCHANGE_LAST;;1;1;XEUR;11286679;688;
11.12.2024;08:48:23.146;FGBL SI 20250306 PS;SIMPLE_INSTRUMENT;EFS;EUR;7;136.12000000;401;EXCHANGE_LAST;;1;1;XEUR;11286679;688;
11.12.2024;08:48:57.316;FGBL SI 20250306 PS;SIMPLE_INSTRUMENT;EFS;EUR;8;136.16000000;80;EXCHANGE_LAST;;1;1;XEUR;11286679;688;
11.12.2024;08:50:22.389;FGBL SI 20250306 PS;SIMPLE_INSTRUMENT;EFS;EUR;9;136.15000000;402;EXCHANGE_LAST;;1;1;XEUR;11286679;688;
11.12.2024;09:06:37.084;FGBL SI 20250306 PS;SIMPLE_INSTRUMENT;EFS;EUR;10;136.09000000;602;EXCHANGE_LAST;;1;1;XEUR;11286679;688;
11.12.2024;09:08:30.149;FGBL SI 20250306 PS;SIMPLE_INSTRUMENT;EFS;EUR;11;136.09000000;201;EXCHANGE_LAST;;1;1;XEUR;11286679;688;
11.12.2024;09:09:53.100;FGBL SI 20250306 PS;SIMPLE_INSTRUMENT;EFS;EUR;12;136.09000000;401;EXCHANGE_LAST;;1;1;XEUR;11286679;688;
11.12.2024;09:10:27.497;FGBL SI 20250306 PS;SIMPLE_INSTRUMENT;EFS;EUR;13;136.09000000;401;EXCHANGE_LAST;;1;1;XEUR;11286679;688;
11.12.2024;09:11:28.188;FGBL SI 20250306 PS;SIMPLE_INSTRUMENT;EFP_FIN;EUR;14;136.06000000;263;EXCHANGE_LAST;;1;1;XEUR;11286679;688;
11.12.2024;09:13:08.969;FGBL SI 20250306 PS;SIMPLE_INSTRUMENT;EFP_FIN;EUR;15;136.10000000;134;EXCHANGE_LAST;;1;1;XEUR;11286679;688;
11.12.2024;09:16:52.896;FGBL SI 20250306 PS;SIMPLE_INSTRUMENT;EFS;EUR;16;136.09000000;802;EXCHANGE_LAST;;1;1;XEUR;11286679;688;
11.12.2024;09:18:09.993;FGBL SI 20250306 PS;SIMPLE_INSTRUMENT;EFS;EUR;17;136.10000000;201;EXCHANGE_LAST;;1;1;XEUR;11286679;688;
11.12.2024;09:18:27.834;FGBL SI 20250306 PS;SIMPLE_INSTRUMENT;EFS;EUR;18;136.10000000;201;EXCHANGE_LAST;;1;1;XEUR;11286679;688;
11.12.2024;09:19:11.067;FGBL SI 20250306 PS;SIMPLE_INSTRUMENT;EFS;EUR;19;136.09000000;401;EXCHANGE_LAST;;1;1;XEUR;11286679;688;
11.12.2024;09:19:35.544;FGBL SI 20250306 PS;SIMPLE_INSTRUMENT;EFS;EUR;20;136.07000000;201;EXCHANGE_LAST;;1;1;XEUR;11286679;688;
11.12.2024;09:20:04.708;FGBL SI 20250306 PS;SIMPLE_INSTRUMENT;EFS;EUR;21;136.11000000;201;EXCHANGE_LAST;;1;1;XEUR;11286679;688;
11.12.2024;09:25:17.229;FGBL SI 20250306 PS;SIMPLE_INSTRUMENT;EFP_FIN;EUR;22;136.11000000;132;EXCHANGE_LAST;;1;1;XEUR;11286679;688;
11.12.2024;09:35:12.394;FGBL SI 20250306 PS;SIMPLE_INSTRUMENT;EFS;EUR;23;136.10000000;161;EXCHANGE_LAST;;1;1;XEUR;11286679;688;
11.12.2024;09:35:46.197;FGBL SI 20250306 PS;SIMPLE_INSTRUMENT;EFS;EUR;24;136.09000000;402;EXCHANGE_LAST;;1;1;XEUR;11286679;688;
11.12.2024;09:37:58.992;FGBL SI 20250306 PS;SIMPLE_INSTRUMENT;EFS;EUR;25;136.09000000;401;EXCHANGE_LAST;;1;1;XEUR;11286679;688;
11.12.2024;09:38:13.236;FGBL SI 20250306 PS;SIMPLE_INSTRUMENT;EFS;EUR;26;136.09000000;401;EXCHANGE_LAST;;1;1;XEUR;11286679;688;
11.12.2024;09:44:41.710;FGBL SI 20250306 PS;SIMPLE_INSTRUMENT;EFS;EUR;27;136.00000000;401;EXCHANGE_LAST;;1;1;XEUR;11286679;688;
11.12.2024;09:48:06.884;FGBL SI 20250306 PS;SIMPLE_INSTRUMENT;EFP_FIN;EUR;28;136.04000000;893;EXCHANGE_LAST;;1;1;XEUR;11286679;688;
11.12.2024;09:53:06.551;FGBL SI 20250306 PS;SIMPLE_INSTRUMENT;EFP_FIN;EUR;29;136.07000000;2116;EXCHANGE_LAST;;1;1;XEUR;11286679;688;
11.12.2024;10:01:18.199;FGBL SI 20250306 PS;SIMPLE_INSTRUMENT;EFP_FIN;EUR;30;135.95000000;170;EXCHANGE_LAST;;1;1;XEUR;11286679;688;
11.12.2024;10:00:43.226;FGBL SI 20250306 PS;SIMPLE_INSTRUMENT;EFS;EUR;31;135.94000000;201;EXCHANGE_LAST;;1;1;XEUR;11286679;688;
11.12.2024;10:01:25.616;FGBL SI 20250306 PS;SIMPLE_INSTRUMENT;EFS;EUR;32;135.94000000;201;EXCHANGE_LAST;;1;1;XEUR;11286679;688;
11.12.2024;10:01:28.734;FGBL SI 20250306 PS;SIMPLE_INSTRUMENT;EFS;EUR;33;135.93000000;403;EXCHANGE_LAST;;1;1;XEUR;11286679;688;
11.12.2024;10:11:45.362;FGBL SI 20250306 PS;SIMPLE_INSTRUMENT;EFS;EUR;34;136.02000000;201;EXCHANGE_LAST;;1;1;XEUR;11286679;688;
11.12.2024;10:11:50.377;FGBL SI 20250306 PS;SIMPLE_INSTRUMENT;EFS;EUR;35;136.02000000;201;EXCHANGE_LAST;;1;1;XEUR;11286679;688;
11.12.2024;10:12:00.397;FGBL SI 20250306 PS;SIMPLE_INSTRUMENT;EFS;EUR;36;135.96000000;805;EXCHANGE_LAST;;1;1;XEUR;11286679;688;
11.12.2024;10:13:40.484;FGBL SI 20250306 PS;SIMPLE_INSTRUMENT;EFS;EUR;37;136.04000000;403;EXCHANGE_LAST;;1;1;XEUR;11286679;688;
11.12.2024;10:13:50.494;FGBL SI 20250306 PS;SIMPLE_INSTRUMENT;EFS;EUR;38;136.04000000;403;EXCHANGE_LAST;;1;1;XEUR;11286679;688;
11.12.2024;10:19:10.826;FGBL SI 20250306 PS;SIMPLE_INSTRUMENT;EFS;EUR;39;136.09000000;201;EXCHANGE_LAST;;1;1;XEUR;11286679;688;
11.12.2024;10:19:15.831;FGBL SI 20250306 PS;SIMPLE_INSTRUMENT;EFS;EUR;40;136.10000000;402;EXCHANGE_LAST;;1;1;XEUR;11286679;688;
11.12.2024;10:36:09.913;FGBL SI 20250306 PS;SIMPLE_INSTRUMENT;EFP_FIN;EUR;41;136.10000000;743;EXCHANGE_LAST;;1;1;XEUR;11286679;688;
11.12.2024;10:37:15.188;FGBL SI 20250306 PS;SIMPLE_INSTRUMENT;EFP_FIN;EUR;42;136.20000000;317;EXCHANGE_LAST;;1;1;XEUR;11286679;688;
11.12.2024;10:39:00.264;FGBL SI 20250306 PS;SIMPLE_INSTRUMENT;EFS;EUR;43;136.19000000;401;EXCHANGE_LAST;;1;1;XEUR;11286679;688;
11.12.2024;10:42:37.637;FGBL SI 20250306 PS;SIMPLE_INSTRUMENT;EFS;EUR;44;136.00000000;87;EXCHANGE_LAST;;1;1;XEUR;11286679;688;
11.12.2024;10:42:42.999;FGBL SI 20250306 PS;SIMPLE_INSTRUMENT;EFS;EUR;45;136.18000000;322;EXCHANGE_LAST;;1;1;XEUR;11286679;688;
11.12.2024;11:01:34.685;FGBL SI 20250306 PS;SIMPLE_INSTRUMENT;EFS;EUR;46;136.18000000;402;EXCHANGE_LAST;;1;1;XEUR;11286679;688;
11.12.2024;11:02:54.745;FGBL SI 20250306 PS;SIMPLE_INSTRUMENT;EFS;EUR;47;136.17000000;402;EXCHANGE_LAST;;1;1;XEUR;11286679;688;
11.12.2024;11:07:34.180;FGBL SI 20250306 PS;SIMPLE_INSTRUMENT;EFS;EUR;48;136.16000000;401;EXCHANGE_LAST;;1;1;XEUR;11286679;688;
11.12.2024;11:08:44.896;FGBL SI 20250306 PS;SIMPLE_INSTRUMENT;EFS;EUR;49;136.17000000;160;EXCHANGE_LAST;;1;1;XEUR;11286679;688;
11.12.2024;11:10:24.868;FGBL SI 20250306 PS;SIMPLE_INSTRUMENT;EFS;EUR;50;136.13000000;200;EXCHANGE_LAST;;1;1;XEUR;11286679;688;
11.12.2024;11:10:48.232;FGBL SI 20250306 PS;SIMPLE_INSTRUMENT;EFS;EUR;51;136.14000000;401;EXCHANGE_LAST;;1;1;XEUR;11286679;688;
11.12.2024;11:14:20.642;FGBL SI 20250306 PS;SIMPLE_INSTRUMENT;EFS;EUR;52;136.10000000;401;EXCHANGE_LAST;;1;1;XEUR;11286679;688;
11.12.2024;11:18:39.173;FGBL SI 20250306 PS;SIMPLE_INSTRUMENT;EFS;EUR;53;136.07000000;1204;EXCHANGE_LAST;;1;1;XEUR;11286679;688;
11.12.2024;11:22:21.682;FGBL SI 20250306 PS;SIMPLE_INSTRUMENT;EFS;EUR;54;136.05000000;282;EXCHANGE_LAST;;1;1;XEUR;11286679;688;
11.12.2024;11:33:32.114;FGBL SI 20250306 PS;SIMPLE_INSTRUMENT;EFS;EUR;55;136.07000000;201;EXCHANGE_LAST;;1;1;XEUR;11286679;688;
11.12.2024;11:38:02.294;FGBL SI 20250306 PS;SIMPLE_INSTRUMENT;EFS;EUR;56;136.08000000;402;EXCHANGE_LAST;;1;1;XEUR;11286679;688;
11.12.2024;11:52:47.166;FGBL SI 20250306 PS;SIMPLE_INSTRUMENT;EFS;EUR;57;136.09000000;201;EXCHANGE_LAST;;1;1;XEUR;11286679;688;
11.12.2024;11:53:43.740;FGBL SI 20250306 PS;SIMPLE_INSTRUMENT;EFP_FIN;EUR;58;136.08000000;1114;EXCHANGE_LAST;;1;1;XEUR;11286679;688;
11.12.2024;11:54:36.622;FGBL SI 20250306 PS;SIMPLE_INSTRUMENT;EFS;EUR;59;136.09000000;401;EXCHANGE_LAST;;1;1;XEUR;11286679;688;
11.12.2024;12:01:36.924;FGBL SI 20250306 PS;SIMPLE_INSTRUMENT;EFP_FIN;EUR;60;136.18000000;742;EXCHANGE_LAST;;1;1;XEUR;11286679;688;
11.12.2024;12:05:32.967;FGBL SI 20250306 PS;SIMPLE_INSTRUMENT;EFS;EUR;61;136.09000000;201;EXCHANGE_LAST;;1;1;XEUR;11286679;688;
11.12.2024;12:06:14.771;FGBL SI 20250306 PS;SIMPLE_INSTRUMENT;EFS;EUR;62;136.08000000;201;EXCHANGE_LAST;;1;1;XEUR;11286679;688;
11.12.2024;12:06:55.353;FGBL SI 20250306 PS;SIMPLE_INSTRUMENT;EFS;EUR;63;136.09000000;402;EXCHANGE_LAST;;1;1;XEUR;11286679;688;
11.12.2024;12:11:19.207;FGBL SI 20250306 PS;SIMPLE_INSTRUMENT;EFS;EUR;64;136.08000000;456;EXCHANGE_LAST;;1;1;XEUR;11286679;688;
11.12.2024;12:18:21.361;FGBL SI 20250306 PS;SIMPLE_INSTRUMENT;EFP_FIN;EUR;65;136.07000000;2972;EXCHANGE_LAST;;1;1;XEUR;11286679;688;
11.12.2024;12:20:23.895;FGBL SI 20250306 PS;SIMPLE_INSTRUMENT;EFS;EUR;66;135.97000000;403;EXCHANGE_LAST;;1;1;XEUR;11286679;688;
11.12.2024;12:29:53.246;FGBL SI 20250306 PS;SIMPLE_INSTRUMENT;EFS;EUR;67;135.93000000;401;EXCHANGE_LAST;;1;1;XEUR;11286679;688;
11.12.2024;12:45:16.311;FGBL SI 20250306 PS;SIMPLE_INSTRUMENT;EFS;EUR;68;135.94000000;350;EXCHANGE_LAST;;1;1;XEUR;11286679;688;
11.12.2024;12:54:13.926;FGBL SI 20250306 PS;SIMPLE_INSTRUMENT;EFS;EUR;69;136.00000000;346;EXCHANGE_LAST;;1;1;XEUR;11286679;688;
11.12.2024;12:57:03.505;FGBL SI 20250306 PS;SIMPLE_INSTRUMENT;EFS;EUR;70;135.99000000;401;EXCHANGE_LAST;;1;1;XEUR;11286679;688;
11.12.2024;12:58:40.102;FGBL SI 20250306 PS;SIMPLE_INSTRUMENT;EFS;EUR;71;136.02000000;401;EXCHANGE_LAST;;1;1;XEUR;11286679;688;
11.12.2024;13:11:48.015;FGBL SI 20250306 PS;SIMPLE_INSTRUMENT;EFS;EUR;72;135.98000000;400;EXCHANGE_LAST;;1;1;XEUR;11286679;688;
11.12.2024;13:13:11.088;FGBL SI 20250306 PS;SIMPLE_INSTRUMENT;EFS;EUR;73;135.96000000;401;EXCHANGE_LAST;;1;1;XEUR;11286679;688;
11.12.2024;13:14:06.408;FGBL SI 20250306 PS;SIMPLE_INSTRUMENT;EFS;EUR;74;135.97000000;401;EXCHANGE_LAST;;1;1;XEUR;11286679;688;
11.12.2024;13:22:37.185;FGBL SI 20250306 PS;SIMPLE_INSTRUMENT;EFS;EUR;75;135.90000000;201;EXCHANGE_LAST;;1;1;XEUR;11286679;688;
11.12.2024;13:28:30.431;FGBL SI 20250306 PS;SIMPLE_INSTRUMENT;EFS;EUR;76;135.89000000;914;EXCHANGE_LAST;;1;1;XEUR;11286679;688;
11.12.2024;13:29:16.757;FGBL SI 20250306 PS;SIMPLE_INSTRUMENT;EFS;EUR;77;135.91000000;201;EXCHANGE_LAST;;1;1;XEUR;11286679;688;
11.12.2024;13:30:14.094;FGBL SI 20250306 PS;SIMPLE_INSTRUMENT;EFS;EUR;78;135.93000000;321;EXCHANGE_LAST;;1;1;XEUR;11286679;688;
11.12.2024;13:31:42.442;FGBL SI 20250306 PS;SIMPLE_INSTRUMENT;EFS;EUR;79;135.99000000;121;EXCHANGE_LAST;;1;1;XEUR;11286679;688;
11.12.2024;13:49:40.280;FGBL SI 20250306 PS;SIMPLE_INSTRUMENT;EFS;EUR;80;136.16000000;201;EXCHANGE_LAST;;1;1;XEUR;11286679;688;
11.12.2024;13:52:38.830;FGBL SI 20250306 PS;SIMPLE_INSTRUMENT;EFS;EUR;81;136.16000000;401;EXCHANGE_LAST;;1;1;XEUR;11286679;688;
11.12.2024;13:52:40.410;FGBL SI 20250306 PS;SIMPLE_INSTRUMENT;EFS;EUR;82;136.13000000;201;EXCHANGE_LAST;;1;1;XEUR;11286679;688;
11.12.2024;13:53:20.440;FGBL SI 20250306 PS;SIMPLE_INSTRUMENT;EFS;EUR;83;136.16000000;402;EXCHANGE_LAST;;1;1;XEUR;11286679;688;
11.12.2024;13:55:21.906;FGBL SI 20250306 PS;SIMPLE_INSTRUMENT;EFS;EUR;84;136.17000000;402;EXCHANGE_LAST;;1;1;XEUR;11286679;688;
11.12.2024;14:00:00.565;FGBL SI 20250306 PS;SIMPLE_INSTRUMENT;EFS;EUR;85;136.09000000;209;EXCHANGE_LAST;;1;1;XEUR;11286679;688;
11.12.2024;14:00:22.984;FGBL SI 20250306 PS;SIMPLE_INSTRUMENT;EFS;EUR;86;136.10000000;209;EXCHANGE_LAST;;1;1;XEUR;11286679;688;
11.12.2024;14:03:46.866;FGBL SI 20250306 PS;SIMPLE_INSTRUMENT;EFP_FIN;EUR;87;136.13000000;765;EXCHANGE_LAST;;1;1;XEUR;11286679;688;
11.12.2024;14:03:25.186;FGBL SI 20250306 PS;SIMPLE_INSTRUMENT;EFS;EUR;88;136.13000000;433;EXCHANGE_LAST;;1;1;XEUR;11286679;688;
11.12.2024;14:03:44.016;FGBL SI 20250306 PS;SIMPLE_INSTRUMENT;EFS;EUR;89;136.18000000;201;EXCHANGE_LAST;;1;1;XEUR;11286679;688;
11.12.2024;14:04:15.696;FGBL SI 20250306 PS;SIMPLE_INSTRUMENT;EFS;EUR;90;136.21000000;433;EXCHANGE_LAST;;1;1;XEUR;11286679;688;
11.12.2024;14:05:29.772;FGBL SI 20250306 PS;SIMPLE_INSTRUMENT;EFP_FIN;EUR;91;135.98000000;146;EXCHANGE_LAST;;1;1;XEUR;11286679;688;
11.12.2024;14:06:51.015;FGBL SI 20250306 PS;SIMPLE_INSTRUMENT;EFS;EUR;92;136.23000000;402;EXCHANGE_LAST;;1;1;XEUR;11286679;688;
11.12.2024;14:10:22.177;FGBL SI 20250306 PS;SIMPLE_INSTRUMENT;EFS;EUR;93;136.29000000;402;EXCHANGE_LAST;;1;1;XEUR;11286679;688;
11.12.2024;14:13:48.243;FGBL SI 20250306 PS;SIMPLE_INSTRUMENT;EFS;EUR;94;136.25000000;200;EXCHANGE_LAST;;1;1;XEUR;11286679;688;
11.12.2024;14:15:18.333;FGBL SI 20250306 PS;SIMPLE_INSTRUMENT;EFS;EUR;95;136.26000000;200;EXCHANGE_LAST;;1;1;XEUR;11286679;688;
11.12.2024;14:16:09.391;FGBL SI 20250306 PS;SIMPLE_INSTRUMENT;EFS;EUR;96;136.26000000;456;EXCHANGE_LAST;;1;1;XEUR;11286679;688;
11.12.2024;14:16:32.378;FGBL SI 20250306 PS;SIMPLE_INSTRUMENT;EFS;EUR;97;136.05000000;1383;EXCHANGE_LAST;;1;1;XEUR;11286679;688;
11.12.2024;14:19:36.340;FGBL SI 20250306 PS;SIMPLE_INSTRUMENT;EFS;EUR;98;136.25000000;150;EXCHANGE_LAST;;1;1;XEUR;11286679;688;
11.12.2024;14:20:08.973;FGBL SI 20250306 PS;SIMPLE_INSTRUMENT;EFS;EUR;99;136.27000000;401;EXCHANGE_LAST;;1;1;XEUR;11286679;688;
11.12.2024;14:20:19.126;FGBL SI 20250306 PS;SIMPLE_INSTRUMENT;EFS;EUR;100;136.26000000;456;EXCHANGE_LAST;;1;1;XEUR;11286679;688;
11.12.2024;14:21:43.167;FGBL SI 20250306 PS;SIMPLE_INSTRUMENT;EFS;EUR;101;136.27000000;200;EXCHANGE_LAST;;1;1;XEUR;11286679;688;
11.12.2024;14:23:08.152;FGBL SI 20250306 PS;SIMPLE_INSTRUMENT;EFS;EUR;102;136.27000000;200;EXCHANGE_LAST;;1;1;XEUR;11286679;688;
11.12.2024;14:23:41.598;FGBL SI 20250306 PS;SIMPLE_INSTRUMENT;EFS;EUR;103;136.34000000;914;EXCHANGE_LAST;;1;1;XEUR;11286679;688;
11.12.2024;14:26:15.647;FGBL SI 20250306 PS;SIMPLE_INSTRUMENT;EFS;EUR;105;136.25000000;430;EXCHANGE_LAST;;1;1;XEUR;11286679;688;
11.12.2024;14:27:44.653;FGBL SI 20250306 PS;SIMPLE_INSTRUMENT;EFS;EUR;106;136.25000000;430;EXCHANGE_LAST;;1;1;XEUR;11286679;688;
11.12.2024;14:33:09.085;FGBL SI 20250306 PS;SIMPLE_INSTRUMENT;EFS;EUR;107;136.33000000;432;EXCHANGE_LAST;;1;1;XEUR;11286679;688;
11.12.2024;14:33:54.556;FGBL SI 20250306 PS;SIMPLE_INSTRUMENT;EFS;EUR;108;136.24000000;201;EXCHANGE_LAST;;1;1;XEUR;11286679;688;
11.12.2024;14:33:59.562;FGBL SI 20250306 PS;SIMPLE_INSTRUMENT;EFS;EUR;109;136.24000000;201;EXCHANGE_LAST;;1;1;XEUR;11286679;688;
11.12.2024;14:37:00.740;FGBL SI 20250306 PS;SIMPLE_INSTRUMENT;EFS;EUR;110;136.27000000;201;EXCHANGE_LAST;;1;1;XEUR;11286679;688;
11.12.2024;14:37:10.197;FGBL SI 20250306 PS;SIMPLE_INSTRUMENT;EFS;EUR;111;136.25000000;200;EXCHANGE_LAST;;1;1;XEUR;11286679;688;
11.12.2024;14:38:00.085;FGBL SI 20250306 PS;SIMPLE_INSTRUMENT;EFS;EUR;112;136.26000000;200;EXCHANGE_LAST;;1;1;XEUR;11286679;688;
11.12.2024;14:38:51.189;FGBL SI 20250306 PS;SIMPLE_INSTRUMENT;EFS;EUR;113;136.26000000;200;EXCHANGE_LAST;;1;1;XEUR;11286679;688;
11.12.2024;14:47:44.993;FGBL SI 20250306 PS;SIMPLE_INSTRUMENT;EFS;EUR;114;136.28000000;182;EXCHANGE_LAST;;1;1;XEUR;11286679;688;
11.12.2024;14:51:11.962;FGBL SI 20250306 PS;SIMPLE_INSTRUMENT;EFS;EUR;115;136.25000000;401;EXCHANGE_LAST;;1;1;XEUR;11286679;688;
11.12.2024;14:52:14.027;FGBL SI 20250306 PS;SIMPLE_INSTRUMENT;EFS;EUR;116;136.25000000;401;EXCHANGE_LAST;;1;1;XEUR;11286679;688;
11.12.2024;14:52:50.717;FGBL SI 20250306 PS;SIMPLE_INSTRUMENT;EFS;EUR;117;136.26000000;402;EXCHANGE_LAST;;1;1;XEUR;11286679;688;
11.12.2024;14:52:55.724;FGBL SI 20250306 PS;SIMPLE_INSTRUMENT;EFS;EUR;118;136.27000000;402;EXCHANGE_LAST;;1;1;XEUR;11286679;688;
11.12.2024;14:53:05.736;FGBL SI 20250306 PS;SIMPLE_INSTRUMENT;EFS;EUR;119;136.27000000;402;EXCHANGE_LAST;;1;1;XEUR;11286679;688;
11.12.2024;14:54:40.844;FGBL SI 20250306 PS;SIMPLE_INSTRUMENT;EFS;EUR;120;136.25000000;402;EXCHANGE_LAST;;1;1;XEUR;11286679;688;
11.12.2024;14:54:45.854;FGBL SI 20250306 PS;SIMPLE_INSTRUMENT;EFS;EUR;121;136.25000000;402;EXCHANGE_LAST;;1;1;XEUR;11286679;688;
11.12.2024;14:54:46.856;FGBL SI 20250306 PS;SIMPLE_INSTRUMENT;EFS;EUR;122;136.21000000;402;EXCHANGE_LAST;;1;1;XEUR;11286679;688;
11.12.2024;14:54:50.861;FGBL SI 20250306 PS;SIMPLE_INSTRUMENT;EFS;EUR;123;136.21000000;201;EXCHANGE_LAST;;1;1;XEUR;11286679;688;
11.12.2024;14:55:05.252;FGBL SI 20250306 PS;SIMPLE_INSTRUMENT;EFS;EUR;124;136.24000000;441;EXCHANGE_LAST;;1;1;XEUR;11286679;688;
11.12.2024;14:57:06.758;FGBL SI 20250306 PS;SIMPLE_INSTRUMENT;EFS;EUR;125;136.27000000;430;EXCHANGE_LAST;;1;1;XEUR;11286679;688;
11.12.2024;14:57:56.053;FGBL SI 20250306 PS;SIMPLE_INSTRUMENT;EFS;EUR;126;136.21000000;282;EXCHANGE_LAST;;1;1;XEUR;11286679;688;
11.12.2024;15:12:12.467;FGBL SI 20250306 PS;SIMPLE_INSTRUMENT;EFP_FIN;EUR;127;136.21000000;305;EXCHANGE_LAST;;1;1;XEUR;11286679;688;
11.12.2024;15:13:06.230;FGBL SI 20250306 PS;SIMPLE_INSTRUMENT;EFP_FIN;EUR;128;136.21000000;1486;EXCHANGE_LAST;;1;1;XEUR;11286679;688;
11.12.2024;15:13:33.553;FGBL SI 20250306 PS;SIMPLE_INSTRUMENT;EFS;EUR;129;136.11000000;401;EXCHANGE_LAST;;1;1;XEUR;11286679;688;
11.12.2024;15:13:51.852;FGBL SI 20250306 PS;SIMPLE_INSTRUMENT;EFS;EUR;130;136.18000000;87;EXCHANGE_LAST;;1;1;XEUR;11286679;688;
11.12.2024;15:14:51.939;FGBL SI 20250306 PS;SIMPLE_INSTRUMENT;EFS;EUR;131;136.15000000;201;EXCHANGE_LAST;;1;1;XEUR;11286679;688;
11.12.2024;15:16:03.204;FGBL SI 20250306 PS;SIMPLE_INSTRUMENT;EFS;EUR;132;136.24000000;434;EXCHANGE_LAST;;1;1;XEUR;11286679;688;
11.12.2024;15:21:17.840;FGBL SI 20250306 PS;SIMPLE_INSTRUMENT;EFS;EUR;133;136.15000000;201;EXCHANGE_LAST;;1;1;XEUR;11286679;688;
11.12.2024;15:23:55.665;FGBL SI 20250306 PS;SIMPLE_INSTRUMENT;EFS;EUR;134;136.14000000;201;EXCHANGE_LAST;;1;1;XEUR;11286679;688;
11.12.2024;15:24:32.145;FGBL SI 20250306 PS;SIMPLE_INSTRUMENT;EFS;EUR;135;136.13000000;201;EXCHANGE_LAST;;1;1;XEUR;11286679;688;
11.12.2024;15:24:49.338;FGBL SI 20250306 PS;SIMPLE_INSTRUMENT;EFP_FIN;EUR;136;136.15000000;921;EXCHANGE_LAST;;1;1;XEUR;11286679;688;
11.12.2024;15:25:17.006;FGBL SI 20250306 PS;SIMPLE_INSTRUMENT;EFS;EUR;137;136.13000000;401;EXCHANGE_LAST;;1;1;XEUR;11286679;688;
11.12.2024;15:25:55.105;FGBL SI 20250306 PS;SIMPLE_INSTRUMENT;EFS;EUR;138;136.12000000;201;EXCHANGE_LAST;;1;1;XEUR;11286679;688;
11.12.2024;15:26:50.628;FGBL SI 20250306 PS;SIMPLE_INSTRUMENT;EFS;EUR;139;136.11000000;401;EXCHANGE_LAST;;1;1;XEUR;11286679;688;
11.12.2024;15:27:52.257;FGBL SI 20250306 PS;SIMPLE_INSTRUMENT;EFS;EUR;140;136.12000000;401;EXCHANGE_LAST;;1;1;XEUR;11286679;688;
11.12.2024;15:29:44.117;FGBL SI 20250306 PS;SIMPLE_INSTRUMENT;EFP_FIN;EUR;141;136.10000000;115;EXCHANGE_LAST;;1;1;XEUR;11286679;688;
11.12.2024;15:29:38.126;FGBL SI 20250306 PS;SIMPLE_INSTRUMENT;EFS;EUR;142;136.28000000;456;EXCHANGE_LAST;;1;1;XEUR;11286679;688;
11.12.2024;15:31:30.800;FGBL SI 20250306 PS;SIMPLE_INSTRUMENT;EFS;EUR;143;136.06000000;201;EXCHANGE_LAST;;1;1;XEUR;11286679;688;
11.12.2024;15:33:27.302;FGBL SI 20250306 PS;SIMPLE_INSTRUMENT;EFS;EUR;144;136.18000000;109;EXCHANGE_LAST;;1;1;XEUR;11286679;688;
11.12.2024;15:33:31.347;FGBL SI 20250306 PS;SIMPLE_INSTRUMENT;EFS;EUR;145;136.09000000;401;EXCHANGE_LAST;;1;1;XEUR;11286679;688;
11.12.2024;15:34:09.340;FGBL SI 20250306 PS;SIMPLE_INSTRUMENT;EFS;EUR;146;136.08000000;201;EXCHANGE_LAST;;1;1;XEUR;11286679;688;
11.12.2024;15:34:54.374;FGBL SI 20250306 PS;SIMPLE_INSTRUMENT;EFS;EUR;147;136.08000000;201;EXCHANGE_LAST;;1;1;XEUR;11286679;688;
11.12.2024;15:35:02.496;FGBL SI 20250306 PS;SIMPLE_INSTRUMENT;EFS;EUR;148;136.09000000;217;EXCHANGE_LAST;;1;1;XEUR;11286679;688;
11.12.2024;15:36:46.679;FGBL SI 20250306 PS;SIMPLE_INSTRUMENT;EFS;EUR;149;136.05000000;401;EXCHANGE_LAST;;1;1;XEUR;11286679;688;
11.12.2024;15:37:49.288;FGBL SI 20250306 PS;SIMPLE_INSTRUMENT;EFS;EUR;150;136.06000000;870;EXCHANGE_LAST;;1;1;XEUR;11286679;688;
11.12.2024;15:38:22.931;FGBL SI 20250306 PS;SIMPLE_INSTRUMENT;EFS;EUR;151;136.01000000;401;EXCHANGE_LAST;;1;1;XEUR;11286679;688;
11.12.2024;15:38:41.862;FGBL SI 20250306 PS;SIMPLE_INSTRUMENT;EFS;EUR;152;136.04000000;401;EXCHANGE_LAST;;1;1;XEUR;11286679;688;
11.12.2024;15:39:37.841;FGBL SI 20250306 PS;SIMPLE_INSTRUMENT;EFS;EUR;153;136.10000000;1130;EXCHANGE_LAST;;1;1;XEUR;11286679;688;
11.12.2024;15:41:21.149;FGBL SI 20250306 PS;SIMPLE_INSTRUMENT;EFS;EUR;154;136.00000000;218;EXCHANGE_LAST;;1;1;XEUR;11286679;688;
11.12.2024;15:43:49.171;FGBL SI 20250306 PS;SIMPLE_INSTRUMENT;EFP_FIN;EUR;155;136.32000000;1114;EXCHANGE_LAST;;1;1;XEUR;11286679;688;
11.12.2024;15:44:10.788;FGBL SI 20250306 PS;SIMPLE_INSTRUMENT;EFS;EUR;156;136.16000000;521;EXCHANGE_LAST;;1;1;XEUR;11286679;688;
11.12.2024;15:45:44.326;FGBL SI 20250306 PS;SIMPLE_INSTRUMENT;EFS;EUR;157;136.16000000;348;EXCHANGE_LAST;;1;1;XEUR;11286679;688;
11.12.2024;15:46:04.664;FGBL SI 20250306 PS;SIMPLE_INSTRUMENT;EFS;EUR;158;135.99000000;201;EXCHANGE_LAST;;1;1;XEUR;11286679;688;
11.12.2024;15:52:04.688;FGBL SI 20250306 PS;SIMPLE_INSTRUMENT;EFS;EUR;159;135.98000000;401;EXCHANGE_LAST;;1;1;XEUR;11286679;688;
11.12.2024;15:55:51.401;FGBL SI 20250306 PS;SIMPLE_INSTRUMENT;EFS;EUR;160;135.93000000;403;EXCHANGE_LAST;;1;1;XEUR;11286679;688;
11.12.2024;15:56:34.461;FGBL SI 20250306 PS;SIMPLE_INSTRUMENT;EFS;EUR;161;135.96000000;86;EXCHANGE_LAST;;1;1;XEUR;11286679;688;
11.12.2024;15:57:11.453;FGBL SI 20250306 PS;SIMPLE_INSTRUMENT;EFS;EUR;162;135.93000000;403;EXCHANGE_LAST;;1;1;XEUR;11286679;688;
11.12.2024;15:58:46.520;FGBL SI 20250306 PS;SIMPLE_INSTRUMENT;EFS;EUR;163;135.93000000;403;EXCHANGE_LAST;;1;1;XEUR;11286679;688;
11.12.2024;16:02:02.708;FGBL SI 20250306 PS;SIMPLE_INSTRUMENT;EFS;EUR;164;135.95000000;457;EXCHANGE_LAST;;1;1;XEUR;11286679;688;
11.12.2024;16:03:13.184;FGBL SI 20250306 PS;SIMPLE_INSTRUMENT;EFS;EUR;167;135.99000000;218;EXCHANGE_LAST;;1;1;XEUR;11286679;688;
11.12.2024;16:05:02.783;FGBL SI 20250306 PS;SIMPLE_INSTRUMENT;EFS;EUR;168;135.96000000;403;EXCHANGE_LAST;;1;1;XEUR;11286679;688;
11.12.2024;16:07:15.772;FGBL SI 20250306 PS;SIMPLE_INSTRUMENT;EFS;EUR;169;135.93000000;402;EXCHANGE_LAST;;1;1;XEUR;11286679;688;
11.12.2024;16:14:22.171;FGBL SI 20250306 PS;SIMPLE_INSTRUMENT;EFS;EUR;170;135.95000000;730;EXCHANGE_LAST;;1;1;XEUR;11286679;688;
11.12.2024;16:14:33.753;FGBL SI 20250306 PS;SIMPLE_INSTRUMENT;EFS;EUR;171;135.95000000;730;EXCHANGE_LAST;;1;1;XEUR;11286679;688;
11.12.2024;16:18:33.349;FGBL SI 20250306 PS;SIMPLE_INSTRUMENT;EFS;EUR;172;135.95000000;201;EXCHANGE_LAST;;1;1;XEUR;11286679;688;
11.12.2024;16:20:13.417;FGBL SI 20250306 PS;SIMPLE_INSTRUMENT;EFS;EUR;173;135.95000000;201;EXCHANGE_LAST;;1;1;XEUR;11286679;688;
11.12.2024;16:21:38.027;FGBL SI 20250306 PS;SIMPLE_INSTRUMENT;EFS;EUR;174;135.95000000;403;EXCHANGE_LAST;;1;1;XEUR;11286679;688;
11.12.2024;16:22:38.522;FGBL SI 20250306 PS;SIMPLE_INSTRUMENT;EFS;EUR;175;135.95000000;403;EXCHANGE_LAST;;1;1;XEUR;11286679;688;
11.12.2024;16:24:38.828;FGBL SI 20250306 PS;SIMPLE_INSTRUMENT;EFP_FIN;EUR;176;135.93000000;1564;EXCHANGE_LAST;;1;1;XEUR;11286679;688;
11.12.2024;16:26:49.581;FGBL SI 20250306 PS;SIMPLE_INSTRUMENT;EFS;EUR;177;135.94000000;229;EXCHANGE_LAST;;1;1;XEUR;11286679;688;
11.12.2024;16:27:56.862;FGBL SI 20250306 PS;SIMPLE_INSTRUMENT;EFS;EUR;178;135.93000000;201;EXCHANGE_LAST;;1;1;XEUR;11286679;688;
11.12.2024;16:29:39.798;FGBL SI 20250306 PS;SIMPLE_INSTRUMENT;EFS;EUR;179;135.90000000;403;EXCHANGE_LAST;;1;1;XEUR;11286679;688;
11.12.2024;16:34:41.320;FGBL SI 20250306 PS;SIMPLE_INSTRUMENT;EFS;EUR;180;135.94000000;305;EXCHANGE_LAST;;1;1;XEUR;11286679;688;
11.12.2024;16:35:23.561;FGBL SI 20250306 PS;SIMPLE_INSTRUMENT;EFP_FIN;EUR;181;135.94000000;557;EXCHANGE_LAST;;1;1;XEUR;11286679;688;
11.12.2024;16:36:31.998;FGBL SI 20250306 PS;SIMPLE_INSTRUMENT;EFP_FIN;EUR;182;135.92000000;424;EXCHANGE_LAST;;1;1;XEUR;11286679;688;
11.12.2024;16:38:11.327;FGBL SI 20250306 PS;SIMPLE_INSTRUMENT;EFP_FIN;EUR;183;135.94000000;198;EXCHANGE_LAST;;1;1;XEUR;11286679;688;
11.12.2024;16:38:18.514;FGBL SI 20250306 PS;SIMPLE_INSTRUMENT;EFP_FIN;EUR;184;135.94000000;278;EXCHANGE_LAST;;1;1;XEUR;11286679;688;
11.12.2024;16:42:11.736;FGBL SI 20250306 PS;SIMPLE_INSTRUMENT;EFS;EUR;185;135.91000000;201;EXCHANGE_LAST;;1;1;XEUR;11286679;688;
11.12.2024;16:43:00.049;FGBL SI 20250306 PS;SIMPLE_INSTRUMENT;EFS;EUR;186;135.92000000;201;EXCHANGE_LAST;;1;1;XEUR;11286679;688;
11.12.2024;16:43:11.423;FGBL SI 20250306 PS;SIMPLE_INSTRUMENT;EFP_FIN;EUR;187;135.93000000;371;EXCHANGE_LAST;;1;1;XEUR;11286679;688;
11.12.2024;16:52:25.737;FGBL SI 20250306 PS;SIMPLE_INSTRUMENT;EFS;EUR;188;135.94000000;401;EXCHANGE_LAST;;1;1;XEUR;11286679;688;
11.12.2024;16:59:03.327;FGBL SI 20250306 PS;SIMPLE_INSTRUMENT;EFS;EUR;189;135.95000000;201;EXCHANGE_LAST;;1;1;XEUR;11286679;688;
11.12.2024;16:59:35.371;FGBL SI 20250306 PS;SIMPLE_INSTRUMENT;EFS;EUR;190;135.94000000;401;EXCHANGE_LAST;;1;1;XEUR;11286679;688;
11.12.2024;17:00:43.335;FGBL SI 20250306 PS;SIMPLE_INSTRUMENT;EFS;EUR;191;135.95000000;201;EXCHANGE_LAST;;1;1;XEUR;11286679;688;
11.12.2024;09:09:51.010;FGBL SI 20250306 PS;SIMPLE_INSTRUMENT;VOLA;EUR;268435473;136.09000000;90;EXCHANGE_LAST;;1;1;XEUR;11286679;688;
11.12.2024;10:44:47.607;FGBL SI 20250306 PS;SIMPLE_INSTRUMENT;VOLA;EUR;268435488;136.03000000;85;EXCHANGE_LAST;;1;1;XEUR;11286679;688;
11.12.2024;10:45:26.611;FGBL SI 20250306 PS;SIMPLE_INSTRUMENT;VOLA;EUR;268435495;136.03000000;85;EXCHANGE_LAST;;1;1;XEUR;11286679;688;
11.12.2024;11:20:10.758;FGBL SI 20250306 PS;SIMPLE_INSTRUMENT;VOLA;EUR;268435502;136.19000000;45;EXCHANGE_LAST;;1;1;XEUR;11286679;688;
11.12.2024;11:20:35.761;FGBL SI 20250306 PS;SIMPLE_INSTRUMENT;VOLA;EUR;268435503;136.18000000;45;EXCHANGE_LAST;;1;1;XEUR;11286679;688;
11.12.2024;11:31:52.940;FGBL SI 20250306 PS;SIMPLE_INSTRUMENT;VOLA;EUR;268435506;136.17000000;495;EXCHANGE_LAST;;1;1;XEUR;11286679;688;
11.12.2024;13:11:02.288;FGBL SI 20250306 PS;SIMPLE_INSTRUMENT;VOLA;EUR;268435515;136.02000000;75;EXCHANGE_LAST;;1;1;XEUR;11286679;688;
11.12.2024;13:16:12.432;FGBL SI 20250306 PS;SIMPLE_INSTRUMENT;VOLA;EUR;268435519;136.05000000;15;EXCHANGE_LAST;;1;1;XEUR;11286679;688;
11.12.2024;14:21:51.052;FGBL SI 20250306 PS;SIMPLE_INSTRUMENT;VOLA;EUR;268435524;136.25000000;10;EXCHANGE_LAST;;1;1;XEUR;11286679;688;
11.12.2024;07:47:57.607;FGBM SI 20250306 PS;SIMPLE_INSTRUMENT;EFS;EUR;1;119.01000000;879;EXCHANGE_LAST;;1;1;XEUR;11286680;689;
11.12.2024;07:59:57.055;FGBM SI 20250306 PS;SIMPLE_INSTRUMENT;EFS;EUR;2;118.96000000;700;EXCHANGE_LAST;;1;1;XEUR;11286680;689;
11.12.2024;08:04:07.559;FGBM SI 20250306 PS;SIMPLE_INSTRUMENT;EFS;EUR;3;118.95000000;300;EXCHANGE_LAST;;1;1;XEUR;11286680;689;
11.12.2024;08:04:18.172;FGBM SI 20250306 PS;SIMPLE_INSTRUMENT;EFS;EUR;4;118.96000000;700;EXCHANGE_LAST;;1;1;XEUR;11286680;689;
11.12.2024;08:30:31.329;FGBM SI 20250306 PS;SIMPLE_INSTRUMENT;EFP_FIN;EUR;5;118.93000000;258;EXCHANGE_LAST;;1;1;XEUR;11286680;689;
11.12.2024;08:39:20.200;FGBM SI 20250306 PS;SIMPLE_INSTRUMENT;EFP_FIN;EUR;6;118.93000000;604;EXCHANGE_LAST;;1;1;XEUR;11286680;689;
11.12.2024;09:01:43.562;FGBM SI 20250306 PS;SIMPLE_INSTRUMENT;EFS;EUR;7;118.93000000;973;EXCHANGE_LAST;;1;1;XEUR;11286680;689;
11.12.2024;09:03:33.376;FGBM SI 20250306 PS;SIMPLE_INSTRUMENT;EFS;EUR;8;118.95000000;876;EXCHANGE_LAST;;1;1;XEUR;11286680;689;
11.12.2024;09:03:48.857;FGBM SI 20250306 PS;SIMPLE_INSTRUMENT;EFS;EUR;9;118.95000000;876;EXCHANGE_LAST;;1;1;XEUR;11286680;689;
11.12.2024;09:12:34.653;FGBM SI 20250306 PS;SIMPLE_INSTRUMENT;EFP_FIN;EUR;10;118.94000000;90;EXCHANGE_LAST;;1;1;XEUR;11286680;689;
11.12.2024;09:16:17.118;FGBM SI 20250306 PS;SIMPLE_INSTRUMENT;EFP_FIN;EUR;11;118.94000000;200;EXCHANGE_LAST;;1;1;XEUR;11286680;689;
11.12.2024;09:14:29.349;FGBM SI 20250306 PS;SIMPLE_INSTRUMENT;EFS;EUR;12;118.94000000;220;EXCHANGE_LAST;;1;1;XEUR;11286680;689;
11.12.2024;09:15:28.036;FGBM SI 20250306 PS;SIMPLE_INSTRUMENT;EFS;EUR;13;118.96000000;584;EXCHANGE_LAST;;1;1;XEUR;11286680;689;
11.12.2024;09:15:58.478;FGBM SI 20250306 PS;SIMPLE_INSTRUMENT;EFP_FIN;EUR;14;118.94000000;136;EXCHANGE_LAST;;1;1;XEUR;11286680;689;
11.12.2024;09:20:39.288;FGBM SI 20250306 PS;SIMPLE_INSTRUMENT;EFS;EUR;15;118.96000000;185;EXCHANGE_LAST;;1;1;XEUR;11286680;689;
11.12.2024;09:21:05.775;FGBM SI 20250306 PS;SIMPLE_INSTRUMENT;EFS;EUR;16;118.93000000;876;EXCHANGE_LAST;;1;1;XEUR;11286680;689;
11.12.2024;09:22:45.399;FGBM SI 20250306 PS;SIMPLE_INSTRUMENT;EFP_FIN;EUR;17;118.92000000;95;EXCHANGE_LAST;;1;1;XEUR;11286680;689;
11.12.2024;09:28:20.897;FGBM SI 20250306 PS;SIMPLE_INSTRUMENT;EFS;EUR;18;118.95000000;879;EXCHANGE_LAST;;1;1;XEUR;11286680;689;
11.12.2024;09:31:06.004;FGBM SI 20250306 PS;SIMPLE_INSTRUMENT;EFS;EUR;19;118.95000000;879;EXCHANGE_LAST;;1;1;XEUR;11286680;689;
11.12.2024;09:37:22.731;FGBM SI 20250306 PS;SIMPLE_INSTRUMENT;EFS;EUR;20;118.92000000;739;EXCHANGE_LAST;;1;1;XEUR;11286680;689;
11.12.2024;09:39:35.221;FGBM SI 20250306 PS;SIMPLE_INSTRUMENT;EFP_FIN;EUR;21;118.92000000;475;EXCHANGE_LAST;;1;1;XEUR;11286680;689;
11.12.2024;09:41:36.632;FGBM SI 20250306 PS;SIMPLE_INSTRUMENT;EFS;EUR;22;118.93000000;879;EXCHANGE_LAST;;1;1;XEUR;11286680;689;
11.12.2024;09:43:01.949;FGBM SI 20250306 PS;SIMPLE_INSTRUMENT;EFS;EUR;23;118.93000000;440;EXCHANGE_LAST;;1;1;XEUR;11286680;689;
11.12.2024;09:51:33.115;FGBM SI 20250306 PS;SIMPLE_INSTRUMENT;EFS;EUR;24;118.88000000;879;EXCHANGE_LAST;;1;1;XEUR;11286680;689;
11.12.2024;09:56:25.995;FGBM SI 20250306 PS;SIMPLE_INSTRUMENT;EFS;EUR;25;118.88000000;523;EXCHANGE_LAST;;1;1;XEUR;11286680;689;
11.12.2024;09:57:42.664;FGBM SI 20250306 PS;SIMPLE_INSTRUMENT;EFS;EUR;26;118.89000000;584;EXCHANGE_LAST;;1;1;XEUR;11286680;689;
11.12.2024;10:01:33.200;FGBM SI 20250306 PS;SIMPLE_INSTRUMENT;EFP_FIN;EUR;27;118.88000000;352;EXCHANGE_LAST;;1;1;XEUR;11286680;689;
11.12.2024;10:01:33.740;FGBM SI 20250306 PS;SIMPLE_INSTRUMENT;EFS;EUR;28;118.86000000;879;EXCHANGE_LAST;;1;1;XEUR;11286680;689;
11.12.2024;10:01:58.774;FGBM SI 20250306 PS;SIMPLE_INSTRUMENT;EFS;EUR;29;118.86000000;440;EXCHANGE_LAST;;1;1;XEUR;11286680;689;
11.12.2024;10:03:28.857;FGBM SI 20250306 PS;SIMPLE_INSTRUMENT;EFS;EUR;30;118.87000000;440;EXCHANGE_LAST;;1;1;XEUR;11286680;689;
11.12.2024;10:07:04.094;FGBM SI 20250306 PS;SIMPLE_INSTRUMENT;EFS;EUR;31;118.88000000;879;EXCHANGE_LAST;;1;1;XEUR;11286680;689;
11.12.2024;10:07:19.114;FGBM SI 20250306 PS;SIMPLE_INSTRUMENT;EFS;EUR;32;118.88000000;660;EXCHANGE_LAST;;1;1;XEUR;11286680;689;
11.12.2024;10:13:00.446;FGBM SI 20250306 PS;SIMPLE_INSTRUMENT;EFS;EUR;33;118.95000000;879;EXCHANGE_LAST;;1;1;XEUR;11286680;689;
11.12.2024;10:16:00.838;FGBM SI 20250306 PS;SIMPLE_INSTRUMENT;EFS;EUR;34;118.94000000;876;EXCHANGE_LAST;;1;1;XEUR;11286680;689;
11.12.2024;10:29:16.448;FGBM SI 20250306 PS;SIMPLE_INSTRUMENT;EFS;EUR;35;119.00000000;879;EXCHANGE_LAST;;1;1;XEUR;11286680;689;
11.12.2024;10:37:35.814;FGBM SI 20250306 PS;SIMPLE_INSTRUMENT;EFS;EUR;36;119.00000000;834;EXCHANGE_LAST;;1;1;XEUR;11286680;689;
11.12.2024;10:39:40.310;FGBM SI 20250306 PS;SIMPLE_INSTRUMENT;EFP_FIN;EUR;37;118.99000000;370;EXCHANGE_LAST;;1;1;XEUR;11286680;689;
11.12.2024;10:41:16.664;FGBM SI 20250306 PS;SIMPLE_INSTRUMENT;EFS;EUR;38;118.91000000;185;EXCHANGE_LAST;;1;1;XEUR;11286680;689;
11.12.2024;10:43:12.028;FGBM SI 20250306 PS;SIMPLE_INSTRUMENT;EFP_FIN;EUR;39;119.01000000;110;EXCHANGE_LAST;;1;1;XEUR;11286680;689;
11.12.2024;11:05:49.102;FGBM SI 20250306 PS;SIMPLE_INSTRUMENT;EFS;EUR;40;118.99000000;876;EXCHANGE_LAST;;1;1;XEUR;11286680;689;
11.12.2024;11:07:27.619;FGBM SI 20250306 PS;SIMPLE_INSTRUMENT;EFS;EUR;41;118.99000000;200;EXCHANGE_LAST;;1;1;XEUR;11286680;689;
11.12.2024;11:09:42.877;FGBM SI 20250306 PS;SIMPLE_INSTRUMENT;EFS;EUR;42;118.99000000;700;EXCHANGE_LAST;;1;1;XEUR;11286680;689;
11.12.2024;11:11:40.236;FGBM SI 20250306 PS;SIMPLE_INSTRUMENT;EFS;EUR;43;118.97000000;438;EXCHANGE_LAST;;1;1;XEUR;11286680;689;
11.12.2024;11:16:20.301;FGBM SI 20250306 PS;SIMPLE_INSTRUMENT;EFS;EUR;44;118.94000000;440;EXCHANGE_LAST;;1;1;XEUR;11286680;689;
11.12.2024;11:17:43.573;FGBM SI 20250306 PS;SIMPLE_INSTRUMENT;EFS;EUR;45;118.94000000;2502;EXCHANGE_LAST;;1;1;XEUR;11286680;689;
11.12.2024;11:34:43.533;FGBM SI 20250306 PS;SIMPLE_INSTRUMENT;EFP_FIN;EUR;46;118.95000000;992;EXCHANGE_LAST;;1;1;XEUR;11286680;689;
11.12.2024;11:44:06.692;FGBM SI 20250306 PS;SIMPLE_INSTRUMENT;EFP_FIN;EUR;47;118.94000000;671;EXCHANGE_LAST;;1;1;XEUR;11286680;689;
11.12.2024;11:46:51.472;FGBM SI 20250306 PS;SIMPLE_INSTRUMENT;EFS;EUR;48;118.96000000;52;EXCHANGE_LAST;;1;1;XEUR;11286680;689;
11.12.2024;12:08:55.472;FGBM SI 20250306 PS;SIMPLE_INSTRUMENT;EFS;EUR;49;118.95000000;440;EXCHANGE_LAST;;1;1;XEUR;11286680;689;
11.12.2024;12:10:00.518;FGBM SI 20250306 PS;SIMPLE_INSTRUMENT;EFS;EUR;50;118.95000000;440;EXCHANGE_LAST;;1;1;XEUR;11286680;689;
11.12.2024;12:10:02.304;FGBM SI 20250306 PS;SIMPLE_INSTRUMENT;EFS;EUR;51;118.97000000;973;EXCHANGE_LAST;;1;1;XEUR;11286680;689;
11.12.2024;12:43:24.065;FGBM SI 20250306 PS;SIMPLE_INSTRUMENT;EFS;EUR;52;118.88000000;727;EXCHANGE_LAST;;1;1;XEUR;11286680;689;
11.12.2024;13:08:18.208;FGBM SI 20250306 PS;SIMPLE_INSTRUMENT;EFP_FIN;EUR;53;118.98000000;259;EXCHANGE_LAST;;1;1;XEUR;11286680;689;
11.12.2024;13:20:03.345;FGBM SI 20250306 PS;SIMPLE_INSTRUMENT;EFS;EUR;54;118.86000000;438;EXCHANGE_LAST;;1;1;XEUR;11286680;689;
11.12.2024;13:22:23.881;FGBM SI 20250306 PS;SIMPLE_INSTRUMENT;EFS;EUR;55;118.85000000;438;EXCHANGE_LAST;;1;1;XEUR;11286680;689;
11.12.2024;13:23:28.840;FGBM SI 20250306 PS;SIMPLE_INSTRUMENT;EFS;EUR;56;118.90000000;649;EXCHANGE_LAST;;1;1;XEUR;11286680;689;
11.12.2024;13:32:04.765;FGBM SI 20250306 PS;SIMPLE_INSTRUMENT;EFS;EUR;57;118.87000000;438;EXCHANGE_LAST;;1;1;XEUR;11286680;689;
11.12.2024;13:36:13.462;FGBM SI 20250306 PS;SIMPLE_INSTRUMENT;EFS;EUR;58;118.87000000;438;EXCHANGE_LAST;;1;1;XEUR;11286680;689;
11.12.2024;13:45:55.236;FGBM SI 20250306 PS;SIMPLE_INSTRUMENT;EFP_FIN;EUR;59;118.84000000;522;EXCHANGE_LAST;;1;1;XEUR;11286680;689;
11.12.2024;13:48:00.515;FGBM SI 20250306 PS;SIMPLE_INSTRUMENT;EFP_FIN;EUR;60;118.90000000;118;EXCHANGE_LAST;;1;1;XEUR;11286680;689;
11.12.2024;13:50:04.070;FGBM SI 20250306 PS;SIMPLE_INSTRUMENT;EFS;EUR;61;118.96000000;438;EXCHANGE_LAST;;1;1;XEUR;11286680;689;
11.12.2024;13:50:51.436;FGBM SI 20250306 PS;SIMPLE_INSTRUMENT;EFP_FIN;EUR;62;118.90000000;678;EXCHANGE_LAST;;1;1;XEUR;11286680;689;
11.12.2024;13:50:58.191;FGBM SI 20250306 PS;SIMPLE_INSTRUMENT;EFS;EUR;63;118.98000000;438;EXCHANGE_LAST;;1;1;XEUR;11286680;689;
11.12.2024;13:56:56.044;FGBM SI 20250306 PS;SIMPLE_INSTRUMENT;EFS;EUR;64;118.97000000;973;EXCHANGE_LAST;;1;1;XEUR;11286680;689;
11.12.2024;13:58:02.753;FGBM SI 20250306 PS;SIMPLE_INSTRUMENT;EFS;EUR;65;118.97000000;438;EXCHANGE_LAST;;1;1;XEUR;11286680;689;
11.12.2024;13:59:40.595;FGBM SI 20250306 PS;SIMPLE_INSTRUMENT;EFS;EUR;66;118.97000000;486;EXCHANGE_LAST;;1;1;XEUR;11286680;689;
11.12.2024;14:00:50.920;FGBM SI 20250306 PS;SIMPLE_INSTRUMENT;EFS;EUR;67;119.00000000;194;EXCHANGE_LAST;;1;1;XEUR;11286680;689;
11.12.2024;14:03:06.250;FGBM SI 20250306 PS;SIMPLE_INSTRUMENT;EFS;EUR;68;119.03000000;924;EXCHANGE_LAST;;1;1;XEUR;11286680;689;
11.12.2024;14:09:27.975;FGBM SI 20250306 PS;SIMPLE_INSTRUMENT;EFS;EUR;69;119.00000000;462;EXCHANGE_LAST;;1;1;XEUR;11286680;689;
11.12.2024;14:33:12.942;FGBM SI 20250306 PS;SIMPLE_INSTRUMENT;EFS;EUR;70;119.08000000;439;EXCHANGE_LAST;;1;1;XEUR;11286680;689;
11.12.2024;14:54:15.231;FGBM SI 20250306 PS;SIMPLE_INSTRUMENT;EFS;EUR;71;118.87000000;974;EXCHANGE_LAST;;1;1;XEUR;11286680;689;
11.12.2024;15:00:34.029;FGBM SI 20250306 PS;SIMPLE_INSTRUMENT;EFS;EUR;72;119.10000000;486;EXCHANGE_LAST;;1;1;XEUR;11286680;689;
11.12.2024;15:05:57.772;FGBM SI 20250306 PS;SIMPLE_INSTRUMENT;EFS;EUR;73;119.03000000;1751;EXCHANGE_LAST;;1;1;XEUR;11286680;689;
11.12.2024;15:06:36.791;FGBM SI 20250306 PS;SIMPLE_INSTRUMENT;EFS;EUR;74;119.03000000;1751;EXCHANGE_LAST;;1;1;XEUR;11286680;689;
11.12.2024;15:09:06.253;FGBM SI 20250306 PS;SIMPLE_INSTRUMENT;EFS;EUR;75;119.05000000;648;EXCHANGE_LAST;;1;1;XEUR;11286680;689;
11.12.2024;15:17:27.913;FGBM SI 20250306 PS;SIMPLE_INSTRUMENT;EFP_FIN;EUR;76;119.05000000;140;EXCHANGE_LAST;;1;1;XEUR;11286680;689;
11.12.2024;15:18:44.290;FGBM SI 20250306 PS;SIMPLE_INSTRUMENT;EFS;EUR;77;119.01000000;194;EXCHANGE_LAST;;1;1;XEUR;11286680;689;
11.12.2024;15:20:02.648;FGBM SI 20250306 PS;SIMPLE_INSTRUMENT;EFS;EUR;78;119.03000000;438;EXCHANGE_LAST;;1;1;XEUR;11286680;689;
11.12.2024;15:30:09.090;FGBM SI 20250306 PS;SIMPLE_INSTRUMENT;EFS;EUR;79;118.98000000;879;EXCHANGE_LAST;;1;1;XEUR;11286680;689;
11.12.2024;15:44:44.919;FGBM SI 20250306 PS;SIMPLE_INSTRUMENT;EFS;EUR;80;118.96000000;440;EXCHANGE_LAST;;1;1;XEUR;11286680;689;
11.12.2024;15:48:26.280;FGBM SI 20250306 PS;SIMPLE_INSTRUMENT;EFP_FIN;EUR;81;119.07000000;181;EXCHANGE_LAST;;1;1;XEUR;11286680;689;
11.12.2024;15:49:08.922;FGBM SI 20250306 PS;SIMPLE_INSTRUMENT;EFS;EUR;82;118.95000000;701;EXCHANGE_LAST;;1;1;XEUR;11286680;689;
11.12.2024;15:49:47.995;FGBM SI 20250306 PS;SIMPLE_INSTRUMENT;EFS;EUR;83;118.97000000;175;EXCHANGE_LAST;;1;1;XEUR;11286680;689;
11.12.2024;15:51:04.529;FGBM SI 20250306 PS;SIMPLE_INSTRUMENT;EFS;EUR;84;118.94000000;834;EXCHANGE_LAST;;1;1;XEUR;11286680;689;
11.12.2024;15:56:11.332;FGBM SI 20250306 PS;SIMPLE_INSTRUMENT;EFP_FIN;EUR;85;118.95000000;315;EXCHANGE_LAST;;1;1;XEUR;11286680;689;
11.12.2024;16:02:16.709;FGBM SI 20250306 PS;SIMPLE_INSTRUMENT;EFS;EUR;86;118.92000000;973;EXCHANGE_LAST;;1;1;XEUR;11286680;689;
11.12.2024;16:07:59.878;FGBM SI 20250306 PS;SIMPLE_INSTRUMENT;EFS;EUR;87;118.91000000;438;EXCHANGE_LAST;;1;1;XEUR;11286680;689;
11.12.2024;16:20:41.828;FGBM SI 20250306 PS;SIMPLE_INSTRUMENT;EFS;EUR;88;118.91000000;876;EXCHANGE_LAST;;1;1;XEUR;11286680;689;
11.12.2024;16:34:05.226;FGBM SI 20250306 PS;SIMPLE_INSTRUMENT;EFP_FIN;EUR;89;118.91000000;147;EXCHANGE_LAST;;1;1;XEUR;11286680;689;
11.12.2024;16:35:23.561;FGBM SI 20250306 PS;SIMPLE_INSTRUMENT;EFP_FIN;EUR;90;118.92000000;167;EXCHANGE_LAST;;1;1;XEUR;11286680;689;
11.12.2024;16:38:47.246;FGBM SI 20250306 PS;SIMPLE_INSTRUMENT;EFS;EUR;91;118.90000000;876;EXCHANGE_LAST;;1;1;XEUR;11286680;689;
11.12.2024;17:09:43.855;FGBM SI 20250306 PS;SIMPLE_INSTRUMENT;EFS;EUR;92;118.94000000;4500;EXCHANGE_LAST;;1;1;XEUR;11286680;689;
11.12.2024;15:55:08.548;FGBM SI 20250306 PS;SIMPLE_INSTRUMENT;VOLA;EUR;268435536;118.98000000;30;EXCHANGE_LAST;;1;1;XEUR;11286680;689;
11.12.2024;09:12:01.640;FGBS SI 20250306 PS;SIMPLE_INSTRUMENT;EFP_FIN;EUR;1;107.26500000;248;EXCHANGE_LAST;;1;1;XEUR;11286681;690;
11.12.2024;09:35:27.003;FGBS SI 20250306 PS;SIMPLE_INSTRUMENT;EFS;EUR;2;107.26000000;2065;EXCHANGE_LAST;;1;1;XEUR;11286681;690;
11.12.2024;10:01:22.175;FGBS SI 20250306 PS;SIMPLE_INSTRUMENT;EFS;EUR;3;107.27000000;1403;EXCHANGE_LAST;;1;1;XEUR;11286681;690;
11.12.2024;10:13:11.687;FGBS SI 20250306 PS;SIMPLE_INSTRUMENT;EFP_FIN;EUR;4;107.26500000;251;EXCHANGE_LAST;;1;1;XEUR;11286681;690;
11.12.2024;10:37:57.827;FGBS SI 20250306 PS;SIMPLE_INSTRUMENT;EFS;EUR;5;107.30000000;1296;EXCHANGE_LAST;;1;1;XEUR;11286681;690;
11.12.2024;10:52:47.145;FGBS SI 20250306 PS;SIMPLE_INSTRUMENT;EFS;EUR;6;107.29500000;2720;EXCHANGE_LAST;;1;1;XEUR;11286681;690;
11.12.2024;11:13:05.990;FGBS SI 20250306 PS;SIMPLE_INSTRUMENT;EFP_FIN;EUR;8;107.27000000;759;EXCHANGE_LAST;;1;1;XEUR;11286681;690;
11.12.2024;11:20:59.494;FGBS SI 20250306 PS;SIMPLE_INSTRUMENT;EFP_FIN;EUR;9;107.28500000;1000;EXCHANGE_LAST;;1;1;XEUR;11286681;690;
11.12.2024;13:29:59.436;FGBS SI 20250306 PS;SIMPLE_INSTRUMENT;EFS;EUR;10;107.24500000;5443;EXCHANGE_LAST;;1;1;XEUR;11286681;690;
11.12.2024;13:58:11.550;FGBS SI 20250306 PS;SIMPLE_INSTRUMENT;EFS;EUR;11;107.28500000;2715;EXCHANGE_LAST;;1;1;XEUR;11286681;690;
11.12.2024;14:21:55.986;FGBS SI 20250306 PS;SIMPLE_INSTRUMENT;EFP_FIN;EUR;12;107.32500000;1702;EXCHANGE_LAST;;1;1;XEUR;11286681;690;
11.12.2024;14:23:57.115;FGBS SI 20250306 PS;SIMPLE_INSTRUMENT;EFS;EUR;13;107.31500000;1359;EXCHANGE_LAST;;1;1;XEUR;11286681;690;
11.12.2024;14:24:23.601;FGBS SI 20250306 PS;SIMPLE_INSTRUMENT;EFS;EUR;14;107.34500000;5436;EXCHANGE_LAST;;1;1;XEUR;11286681;690;
11.12.2024;14:27:41.125;FGBS SI 20250306 PS;SIMPLE_INSTRUMENT;EFS;EUR;15;107.34000000;1359;EXCHANGE_LAST;;1;1;XEUR;11286681;690;
11.12.2024;14:31:44.201;FGBS SI 20250306 PS;SIMPLE_INSTRUMENT;EFS;EUR;16;107.33000000;2718;EXCHANGE_LAST;;1;1;XEUR;11286681;690;
11.12.2024;14:36:54.311;FGBS SI 20250306 PS;SIMPLE_INSTRUMENT;EFP_FIN;EUR;17;107.34500000;558;EXCHANGE_LAST;;1;1;XEUR;11286681;690;
11.12.2024;14:45:59.988;FGBS SI 20250306 PS;SIMPLE_INSTRUMENT;EFP_FIN;EUR;18;107.31500000;248;EXCHANGE_LAST;;1;1;XEUR;11286681;690;
11.12.2024;15:10:36.585;FGBS SI 20250306 PS;SIMPLE_INSTRUMENT;EFS;EUR;19;107.32000000;1111;EXCHANGE_LAST;;1;1;XEUR;11286681;690;
11.12.2024;15:18:25.080;FGBS SI 20250306 PS;SIMPLE_INSTRUMENT;EFS;EUR;20;107.31000000;2589;EXCHANGE_LAST;;1;1;XEUR;11286681;690;
11.12.2024;15:30:59.295;FGBS SI 20250306 PS;SIMPLE_INSTRUMENT;EFS;EUR;21;107.32000000;652;EXCHANGE_LAST;;1;1;XEUR;11286681;690;
11.12.2024;15:35:49.078;FGBS SI 20250306 PS;SIMPLE_INSTRUMENT;EFP_FIN;EUR;22;107.30500000;736;EXCHANGE_LAST;;1;1;XEUR;11286681;690;
11.12.2024;16:17:39.425;FGBS SI 20250306 PS;SIMPLE_INSTRUMENT;EFS;EUR;23;107.28000000;1359;EXCHANGE_LAST;;1;1;XEUR;11286681;690;
11.12.2024;16:35:23.540;FGBS SI 20250306 PS;SIMPLE_INSTRUMENT;EFP_FIN;EUR;24;107.29000000;399;EXCHANGE_LAST;;1;1;XEUR;11286681;690;
11.12.2024;17:01:18.622;FGBS SI 20250306 PS;SIMPLE_INSTRUMENT;EFP_FIN;EUR;25;107.30000000;469;EXCHANGE_LAST;;1;1;XEUR;11286681;690;
11.12.2024;08:46:30.580;FGBX SI 20250306 PS;SIMPLE_INSTRUMENT;BLOCK;EUR;1;139.16000000;147;EXCHANGE_LAST;;1;1;XEUR;11286682;691;
11.12.2024;09:13:16.487;FGBX SI 20250306 PS;SIMPLE_INSTRUMENT;EFP_FIN;EUR;2;139.14000000;324;EXCHANGE_LAST;;1;1;XEUR;11286682;691;
11.12.2024;09:14:11.567;FGBX SI 20250306 PS;SIMPLE_INSTRUMENT;EFS;EUR;3;139.08000000;52;EXCHANGE_LAST;;1;1;XEUR;11286682;691;
11.12.2024;09:57:14.647;FGBX SI 20250306 PS;SIMPLE_INSTRUMENT;EFS;EUR;4;138.88000000;93;EXCHANGE_LAST;;1;1;XEUR;11286682;691;
11.12.2024;10:07:39.368;FGBX SI 20250306 PS;SIMPLE_INSTRUMENT;EFP_FIN;EUR;5;138.72000000;153;EXCHANGE_LAST;;1;1;XEUR;11286682;691;
11.12.2024;10:14:30.672;FGBX SI 20250306 PS;SIMPLE_INSTRUMENT;EFP_FIN;EUR;6;138.78000000;59;EXCHANGE_LAST;;1;1;XEUR;11286682;691;
11.12.2024;10:52:42.158;FGBX SI 20250306 PS;SIMPLE_INSTRUMENT;EFS;EUR;8;139.32000000;49;EXCHANGE_LAST;;1;1;XEUR;11286682;691;
11.12.2024;10:58:41.328;FGBX SI 20250306 PS;SIMPLE_INSTRUMENT;BLOCK;EUR;10;139.36000000;170;EXCHANGE_LAST;;1;1;XEUR;11286682;691;
11.12.2024;11:18:00.165;FGBX SI 20250306 PS;SIMPLE_INSTRUMENT;EFP_FIN;EUR;14;139.12000000;118;EXCHANGE_LAST;;1;1;XEUR;11286682;691;
11.12.2024;11:28:36.346;FGBX SI 20250306 PS;SIMPLE_INSTRUMENT;EFP_FIN;EUR;17;139.08000000;186;EXCHANGE_LAST;;1;1;XEUR;11286682;691;
11.12.2024;12:59:39.646;FGBX SI 20250306 PS;SIMPLE_INSTRUMENT;EFP_FIN;EUR;29;138.70000000;96;EXCHANGE_LAST;;1;1;XEUR;11286682;691;
11.12.2024;14:00:28.655;FGBX SI 20250306 PS;SIMPLE_INSTRUMENT;EFS;EUR;39;139.06000000;79;EXCHANGE_LAST;;1;1;XEUR;11286682;691;
11.12.2024;14:03:08.864;FGBX SI 20250306 PS;SIMPLE_INSTRUMENT;EFP_FIN;EUR;40;138.94000000;295;EXCHANGE_LAST;;1;1;XEUR;11286682;691;
11.12.2024;14:06:05.262;FGBX SI 20250306 PS;SIMPLE_INSTRUMENT;BLOCK;EUR;41;138.82000000;153;EXCHANGE_LAST;;1;1;XEUR;11286682;691;
11.12.2024;14:17:45.220;FGBX SI 20250306 PS;SIMPLE_INSTRUMENT;EFP_FIN;EUR;44;138.98000000;118;EXCHANGE_LAST;;1;1;XEUR;11286682;691;
11.12.2024;14:20:40.343;FGBX SI 20250306 PS;SIMPLE_INSTRUMENT;BLOCK;EUR;45;139.12000000;153;EXCHANGE_LAST;;1;1;XEUR;11286682;691;
11.12.2024;14:27:24.836;FGBX SI 20250306 PS;SIMPLE_INSTRUMENT;EFP_FIN;EUR;46;139.20000000;141;EXCHANGE_LAST;;1;1;XEUR;11286682;691;
11.12.2024;15:04:29.136;FGBX SI 20250306 PS;SIMPLE_INSTRUMENT;BLOCK;EUR;49;138.94000000;102;EXCHANGE_LAST;;1;1;XEUR;11286682;691;
11.12.2024;15:12:36.466;FGBX SI 20250306 PS;SIMPLE_INSTRUMENT;EFS;EUR;51;139.04000000;71;EXCHANGE_LAST;;1;1;XEUR;11286682;691;
11.12.2024;15:30:45.997;FGBX SI 20250306 PS;SIMPLE_INSTRUMENT;EFP_FIN;EUR;53;138.78000000;74;EXCHANGE_LAST;;1;1;XEUR;11286682;691;
11.12.2024;16:16:28.634;FGBX SI 20250306 PS;SIMPLE_INSTRUMENT;EFS;EUR;54;138.12000000;113;EXCHANGE_LAST;;1;1;XEUR;11286682;691;
11.12.2024;16:19:24.655;FGBX SI 20250306 PS;SIMPLE_INSTRUMENT;EFS;EUR;55;138.20000000;189;EXCHANGE_LAST;;1;1;XEUR;11286682;691;
11.12.2024;16:32:51.873;FGBX SI 20250306 PS;SIMPLE_INSTRUMENT;EFS;EUR;57;138.16000000;60;EXCHANGE_LAST;;1;1;XEUR;11286682;691;
11.12.2024;15:53:26.101;FGBX SI 20250306 PS;SIMPLE_INSTRUMENT;VOLA;EUR;268435535;138.30000000;5;EXCHANGE_LAST;;1;1;XEUR;11286682;691;
11.12.2024;17:08:43.769;FGDV.S.DEC24.MAR25.SPD;FUTURES_SPREAD;BLOCK;EUR;96;1.00000000;550;EXCHANGE_LAST;;3;2;XEUR;72262047366119498;47603;
11.12.2024;17:08:43.769;FGDV SI 20250324 CS;SIMPLE_INSTRUMENT;BLOCK;EUR;96;3097.00000000;550;PRC_DECOMP_MEMBER;;;;XEUR;11426062;47603;MEMBER
11.12.2024;17:08:43.769;FGDV SI 20241223 CS;SIMPLE_INSTRUMENT;BLOCK;EUR;96;3098.00000000;550;PRC_DECOMP_MEMBER;;;;XEUR;10919390;47603;MEMBER
11.12.2024;11:37:36.692;FIN SI 20241220 PS AM P 70.00 0;SIMPLE_INSTRUMENT;ENLIGHT;CHF;32;0.62000000;800;EXCHANGE_LAST;;1;1;XEUR;11881142;671;
11.12.2024;10:42:51.067;FMAU SI 20241220 CS;SIMPLE_INSTRUMENT;BLOCK;USD;89;5790.00000000;432;EXCHANGE_LAST;;1;1;XEUR;7192605;45287;
11.12.2024;10:42:59.124;FMAU SI 20250321 CS;SIMPLE_INSTRUMENT;BLOCK;USD;90;5860.63800000;427;EXCHANGE_LAST;;1;1;XEUR;7590511;45287;
11.12.2024;10:51:33.344;FMAU SI 20241220 CS;SIMPLE_INSTRUMENT;BLOCK;USD;91;5790.00000000;3801;EXCHANGE_LAST;;1;3;XEUR;7192605;45287;
11.12.2024;10:51:38.180;FMAU SI 20250321 CS;SIMPLE_INSTRUMENT;BLOCK;USD;92;5860.63800000;3754;EXCHANGE_LAST;;3;1;XEUR;7590511;45287;
11.12.2024;07:51:28.096;FMBZ SI 20241220 CS;SIMPLE_INSTRUMENT;BLOCK;USD;34;485.34600000;429;EXCHANGE_LAST;;1;1;XEUR;7196794;402910;
11.12.2024;07:40:03.410;FMCL SI 20241220 CS;SIMPLE_INSTRUMENT;BLOCK;USD;19;286.26600000;121;EXCHANGE_LAST;;1;1;XEUR;7191945;12398;
11.12.2024;16:50:17.374;FMCP SI 20241220 CS;SIMPLE_INSTRUMENT;EFP_IDX;EUR;90;548.20000000;647;EXCHANGE_LAST;;1;1;XEUR;10838961;662;
11.12.2024;00:47:13.864;FMEA SI 20241220 CS;SIMPLE_INSTRUMENT;BLOCK;USD;2;704.50000000;710;EXCHANGE_LAST;;1;1;XEUR;7191938;12395;
11.12.2024;00:46:58.287;FMEA SI 20250620 CS;SIMPLE_INSTRUMENT;BLOCK;USD;3;721.83100000;693;EXCHANGE_LAST;;1;1;XEUR;7938804;12395;
