#Date;TrdTime;Contract;ContractType;TrdTyp;Currency;TesId;Prc;Qty;TrdInd;Aggressor;Buy;Sell;Exch;InstrumentId;RelatedProdId;PrcDecomp
25.02.2025;13:06:18.205;A2LV.S.DEC25.DEC26.SPD;FUTURES_SPREAD;BLOCK;EUR;29;-0.70000000;35;EXCHANGE_LAST;;1;1;XEUR;72057645577535539;12;
25.02.2025;13:06:18.205;A2LV SI 20251219 CS;SIMPLE_INSTRUMENT;BLOCK;EUR;29;15.30000000;35;PRC_DECOMP_MEMBER;;;;XEUR;3681050;12;MEMBER
25.02.2025;13:06:18.205;A2LV SI 20261218 CS;SIMPLE_INSTRUMENT;BLOCK;EUR;29;16.00000000;35;PRC_DECOMP_MEMBER;;;;XEUR;4632085;12;MEMBER
25.02.2025;16:07:19.451;A2LV SI 20261218 CS;SIMPLE_INSTRUMENT;BLOCK;EUR;60;16.00000000;105;EXCHANGE_LAST;;1;2;XEUR;4632085;12;
25.02.2025;11:11:24.799;A2SG SI 20250620 CS;SIMPLE_INSTRUMENT;BLOCK;EUR;12;1.42000000;445;EXCHANGE_LAST;;1;1;XEUR;10827627;14;
25.02.2025;12:16:40.322;A2SG SI 20251219 CS;SIMPLE_INSTRUMENT;BLOCK;EUR;16;1.48000000;178;EXCHANGE_LAST;;1;1;XEUR;5914262;14;
25.02.2025;13:32:27.958;A2SM SI 20271217 CS;SIMPLE_INSTRUMENT;BLOCK;EUR;42;8.45000000;10;EXCHANGE_LAST;;1;1;XEUR;8369816;15;
25.02.2025;14:26:41.708;A2XA SI 20281215 CS;SIMPLE_INSTRUMENT;BLOCK;EUR;50;1.96000000;950;EXCHANGE_LAST;;2;2;XEUR;6796967;17;
25.02.2025;15:02:37.326;A2XA SI 20281215 CS;SIMPLE_INSTRUMENT;BLOCK;EUR;54;1.96000000;200;EXCHANGE_LAST;;1;1;XEUR;6796967;17;
25.02.2025;15:35:17.925;A2XA SI 20281215 CS;SIMPLE_INSTRUMENT;BLOCK;EUR;58;1.96000000;200;EXCHANGE_LAST;;1;1;XEUR;6796967;17;
25.02.2025;09:09:02.860;AAR.O.250225.STG.000001;STANDARD_OPTION_STRATEGY;BLOCK;EUR;2;1.36000000;3800;EXCHANGE_LAST;;1;1;XEUR;72264396713238680;48150;
25.02.2025;09:09:02.860;AAR SI 20250919 PS AM C 19.00 0;SIMPLE_INSTRUMENT;BLOCK;EUR;2;0.54000000;3800;PRC_DECOMP_EXCHANGE;;;;XEUR;11907844;48150;EXCHANGE
25.02.2025;09:09:02.860;AAR SI 20250919 PS AM P 16.00 0;SIMPLE_INSTRUMENT;BLOCK;EUR;2;0.82000000;3800;PRC_DECOMP_EXCHANGE;;;;XEUR;11907836;48150;EXCHANGE
25.02.2025;08:28:46.714;ABBN SI 20261218 PS AM P 36.00 0;SIMPLE_INSTRUMENT;BLOCK;CHF;1;1.61000000;1250;EXCHANGE_LAST;;1;1;XEUR;8509369;574517;
25.02.2025;10:47:09.250;ABBN SI 20250417 PS AM P 49.00 0;SIMPLE_INSTRUMENT;BLOCK;CHF;22;2.06000000;2500;EXCHANGE_LAST;;1;1;XEUR;12656888;574517;
25.02.2025;12:24:36.832;ABBN SI 20250321 PS AM P 48.50 0;SIMPLE_INSTRUMENT;BLOCK;CHF;34;0.86000000;1887;EXCHANGE_LAST;;1;1;XEUR;12492858;574517;
25.02.2025;16:07:33.373;ABBN SI 20250417 PS AM P 45.00 0;SIMPLE_INSTRUMENT;BLOCK;CHF;79;0.75000000;1750;EXCHANGE_LAST;;1;1;XEUR;12656743;574517;
25.02.2025;08:47:11.211;ADEN.O.250225.STG.000004;STANDARD_OPTION_STRATEGY;BLOCK;CHF;7;2.37000000;1500;EXCHANGE_LAST;;1;1;XEUR;72057783016515758;44;
25.02.2025;08:47:11.211;ADEN SI 20250620 PS AM C 24.00 0;SIMPLE_INSTRUMENT;BLOCK;CHF;7;0.89000000;1500;PRC_DECOMP_EXCHANGE;;;;XEUR;7897565;44;EXCHANGE
25.02.2025;08:47:11.211;ADEN SI 20250620 PS AM P 22.00 0;SIMPLE_INSTRUMENT;BLOCK;CHF;7;1.48000000;1500;PRC_DECOMP_EXCHANGE;;;;XEUR;11347907;44;EXCHANGE
25.02.2025;09:54:00.764;ADS SI 20251219 PS AM P 240.00 0;SIMPLE_INSTRUMENT;BLOCK;EUR;2;21.10000000;250;EXCHANGE_LAST;;1;1;XEUR;5919900;50;
25.02.2025;09:54:03.564;ADS SI 20251219 PS AM C 280.00 0;SIMPLE_INSTRUMENT;BLOCK;EUR;3;13.20000000;250;EXCHANGE_LAST;;1;1;XEUR;5919901;50;
25.02.2025;12:10:18.414;ADS SI 20250620 PS AM P 220.00 0;SIMPLE_INSTRUMENT;BLOCK;EUR;6;5.90000000;1000;EXCHANGE_LAST;;1;2;XEUR;11297076;50;
25.02.2025;14:25:41.700;ADY SI 20250620 PS AM C 1960.00 0;SIMPLE_INSTRUMENT;BLOCK;EUR;17;62.00000000;500;EXCHANGE_LAST;;1;2;XEUR;10806033;76315;
25.02.2025;15:16:01.791;AFXF SI 20250620 CS;SIMPLE_INSTRUMENT;BLOCK;EUR;55;56.48500000;1000;EXCHANGE_LAST;;1;1;XEUR;11193123;31625;
25.02.2025;11:30:13.593;ALC SI 20250919 PS AM P 76.00 0;SIMPLE_INSTRUMENT;BLOCK;CHF;27;3.23000000;500;EXCHANGE_LAST;;2;1;XEUR;11913758;130134;
25.02.2025;15:44:32.843;ALC SI 20251219 PS AM P 72.00 0;SIMPLE_INSTRUMENT;BLOCK;CHF;70;2.90000000;350;EXCHANGE_LAST;;1;1;XEUR;12477633;130134;
25.02.2025;14:27:59.930;ALL SI 20251219 PS AM P 160.00 0;SIMPLE_INSTRUMENT;BLOCK;CHF;57;6.25000000;78;EXCHANGE_LAST;;1;1;XEUR;10437920;57133;
25.02.2025;14:54:35.070;ALV SI 20251219 PS AM P 300.00 0;SIMPLE_INSTRUMENT;BLOCK;EUR;7;12.72000000;300;EXCHANGE_LAST;;1;1;XEUR;11786626;74;
25.02.2025;14:54:30.398;ALV SI 20251219 PS AM P 240.00 0;SIMPLE_INSTRUMENT;BLOCK;EUR;8;3.28000000;450;EXCHANGE_LAST;;1;1;XEUR;5920782;74;
25.02.2025;15:41:21.980;ALV SI 20250321 PS AM P 310.00 0;SIMPLE_INSTRUMENT;BLOCK;EUR;9;1.68000000;300;EXCHANGE_LAST;;1;1;XEUR;12037980;74;
25.02.2025;14:21:13.795;AMS SI 20251219 PS AM P 8.00 0;SIMPLE_INSTRUMENT;BLOCK;CHF;56;1.50000000;3000;EXCHANGE_LAST;;1;2;XEUR;11997386;10807;
25.02.2025;14:51:54.963;AMS SI 20251219 PS AM P 7.60 0;SIMPLE_INSTRUMENT;BLOCK;CHF;61;1.40000000;2500;EXCHANGE_LAST;;1;1;XEUR;12467531;10807;
25.02.2025;11:11:16.650;ASGF SI 20250619 CS;SIMPLE_INSTRUMENT;BLOCK;EUR;11;30.17000000;5000;EXCHANGE_LAST;;1;1;XEUR;12186943;949862;
25.02.2025;12:16:38.081;ASGF SI 20251218 CS;SIMPLE_INSTRUMENT;BLOCK;EUR;15;30.24000000;2000;EXCHANGE_LAST;;1;1;XEUR;12186998;949862;
25.02.2025;14:02:40.179;ASM SI 20250516 PS AM C 830.00 0;SIMPLE_INSTRUMENT;BLOCK;EUR;16;11.84000000;234;EXCHANGE_LAST;;1;1;XEUR;12870021;107;
25.02.2025;12:13:06.640;AXA.O.250225.STD.000005;STANDARD_OPTION_STRATEGY;BLOCK;EUR;21;9.71000000;750;EXCHANGE_LAST;;1;1;XEUR;72058139498795332;127;
25.02.2025;12:13:06.640;AXA SI 20271217 PS AM C 36.00 0;SIMPLE_INSTRUMENT;BLOCK;EUR;21;3.96000000;750;PRC_DECOMP_EXCHANGE;;;;XEUR;8773955;127;EXCHANGE
25.02.2025;12:13:06.640;AXA SI 20271217 PS AM P 36.00 0;SIMPLE_INSTRUMENT;BLOCK;EUR;21;5.75000000;750;PRC_DECOMP_EXCHANGE;;;;XEUR;8773947;127;EXCHANGE
25.02.2025;12:57:46.883;AXA SI 20291221 PS AM P 28.00 0;SIMPLE_INSTRUMENT;BLOCK;EUR;22;3.60000000;800;EXCHANGE_LAST;;1;1;XEUR;12432652;127;
25.02.2025;14:19:37.532;AXA SI 20250516 PS AM P 33.00 0;SIMPLE_INSTRUMENT;BLOCK;EUR;24;0.46000000;1256;EXCHANGE_LAST;;1;1;XEUR;12813421;127;
25.02.2025;14:19:53.944;AXA SI 20250516 PS AM P 33.00 0;SIMPLE_INSTRUMENT;BLOCK;EUR;25;0.50000000;3040;EXCHANGE_LAST;;1;1;XEUR;12813421;127;
25.02.2025;10:51:25.806;AXAG SI 20250321 CS;SIMPLE_INSTRUMENT;BLOCK;EUR;10;37.57300000;3000;EXCHANGE_LAST;;1;1;XEUR;10693637;125;
25.02.2025;15:38:36.516;B2NP SI 20271217 CS;SIMPLE_INSTRUMENT;BLOCK;EUR;57;4.48500000;620;EXCHANGE_LAST;;2;1;XEUR;7086925;131;
25.02.2025;09:59:34.375;BAS.O.250225.BER.000012;STANDARD_OPTION_STRATEGY;BLOCK;EUR;1;2.32000000;3000;EXCHANGE_LAST;;1;2;XEUR;72058238283092108;150;
25.02.2025;09:59:34.375;BAS SI 20250620 PS AM P 48.00 0;SIMPLE_INSTRUMENT;BLOCK;EUR;1;3.41000000;3000;PRC_DECOMP_EXCHANGE;;;;XEUR;7898976;150;EXCHANGE
25.02.2025;09:59:34.375;BAS SI 20250620 PS AM P 42.00 0;SIMPLE_INSTRUMENT;BLOCK;EUR;1;1.09000000;3000;PRC_DECOMP_EXCHANGE;;;;XEUR;11350808;150;EXCHANGE
25.02.2025;11:22:58.959;BAS SI 20250321 PS AM C 50.00 0;SIMPLE_INSTRUMENT;BLOCK;EUR;4;1.25000000;1500;EXCHANGE_LAST;;1;1;XEUR;10831042;150;
25.02.2025;13:51:49.401;BAS SI 20251219 PS AM P 42.00 0;SIMPLE_INSTRUMENT;BLOCK;EUR;6;2.22000000;4000;EXCHANGE_LAST;;1;1;XEUR;7509842;150;
25.02.2025;13:51:56.720;BAS SI 20250620 PS AM P 42.00 0;SIMPLE_INSTRUMENT;BLOCK;EUR;7;1.10000000;3000;EXCHANGE_LAST;;1;1;XEUR;11350808;150;
25.02.2025;14:46:08.871;BASE.N.250225.000004;NON_STANDARD_OPTION_STRATEGY;BLOCK;EUR;9;17.80000000;600;EXCHANGE_LAST;;1;1;XEUR;72058242577996796;151;
25.02.2025;14:46:08.871;BASE SI 20251219 PS EU C 56.00 0;SIMPLE_INSTRUMENT;BLOCK;EUR;9;1.80000000;1200;PRC_DECOMP_MEMBER;;;;XEUR;12433007;151;MEMBER
25.02.2025;14:46:08.871;BASE SI 20251219 PS EU P 56.00 0;SIMPLE_INSTRUMENT;BLOCK;EUR;9;9.55000000;1200;PRC_DECOMP_MEMBER;;;;XEUR;12433020;151;MEMBER
25.02.2025;14:46:08.871;BASE SI 20261218 PS EU P 52.00 0;SIMPLE_INSTRUMENT;BLOCK;EUR;9;8.90000000;1800;PRC_DECOMP_MEMBER;;;;XEUR;7153466;151;MEMBER
25.02.2025;14:46:08.871;BASE SI 20261218 PS EU C 52.00 0;SIMPLE_INSTRUMENT;BLOCK;EUR;9;4.60000000;1800;PRC_DECOMP_MEMBER;;;;XEUR;7153471;151;MEMBER
25.02.2025;10:11:09.575;BAY SI 20250620 PS AM P 26.00 0;SIMPLE_INSTRUMENT;BLOCK;EUR;2;4.19000000;1000;EXCHANGE_LAST;;1;1;XEUR;10324699;168;
25.02.2025;12:43:20.431;BAY SI 20271217 PS AM C 28.00 0;SIMPLE_INSTRUMENT;BLOCK;EUR;5;3.62000000;1400;EXCHANGE_LAST;;1;1;XEUR;8774831;168;
25.02.2025;16:32:59.564;BAY SI 20260619 PS AM C 26.00 0;SIMPLE_INSTRUMENT;BLOCK;EUR;10;2.86000000;5000;EXCHANGE_LAST;;1;1;XEUR;12295463;168;
25.02.2025;13:05:25.936;BMW.O.250225.COMBO.000007;STANDARD_OPTION_STRATEGY;BLOCK;EUR;13;0.02000000;800;EXCHANGE_LAST;;2;1;XEUR;72058495981109472;210;
25.02.2025;13:05:25.936;BMW SI 20250321 PS AM C 92.00 0;SIMPLE_INSTRUMENT;BLOCK;EUR;13;0.76000000;800;PRC_DECOMP_EXCHANGE;;;;XEUR;10832533;210;EXCHANGE
25.02.2025;13:05:25.936;BMW SI 20250321 PS AM P 76.00 0;SIMPLE_INSTRUMENT;BLOCK;EUR;13;0.78000000;800;PRC_DECOMP_EXCHANGE;;;;XEUR;10832592;210;EXCHANGE
25.02.2025;15:56:46.780;BMW SI 20250919 PS AM P 76.00 0;SIMPLE_INSTRUMENT;BLOCK;EUR;22;4.50000000;1200;EXCHANGE_LAST;;1;1;XEUR;11874398;210;
25.02.2025;16:34:31.179;BMW.O.250225.BU23.000011;STANDARD_OPTION_STRATEGY;BLOCK;EUR;24;-8.60000000;750;EXCHANGE_LAST;;1;2;XEUR;72058495981109476;210;
25.02.2025;16:34:31.179;BMW SI 20250620 PS AM C 100.00 0;SIMPLE_INSTRUMENT;BLOCK;EUR;24;1.32000000;2250;PRC_DECOMP_EXCHANGE;;;;XEUR;7899756;210;EXCHANGE
25.02.2025;16:34:31.179;BMW SI 20250620 PS AM C 84.00 0;SIMPLE_INSTRUMENT;BLOCK;EUR;24;6.28000000;1500;PRC_DECOMP_EXCHANGE;;;;XEUR;7899911;210;EXCHANGE
25.02.2025;16:46:02.203;BMW SI 20250620 PS AM C 88.00 0;SIMPLE_INSTRUMENT;BLOCK;EUR;26;4.53000000;14850;EXCHANGE_LAST;;1;1;XEUR;11352605;210;
25.02.2025;16:46:02.224;BMW SI 20250620 PS AM C 88.00 0;SIMPLE_INSTRUMENT;BLOCK;EUR;27;4.54000000;1650;EXCHANGE_LAST;;1;1;XEUR;11352605;210;
25.02.2025;09:21:02.076;BNP SI 20260619 PS AM C 68.00 0;SIMPLE_INSTRUMENT;BLOCK;EUR;4;6.85000000;500;EXCHANGE_LAST;;1;1;XEUR;11479994;237;
25.02.2025;10:07:40.920;BNP.O.250225.CNV.000004;STANDARD_OPTION_STRATEGY;BLOCK;EUR;9;10.31000000;3500;EXCHANGE_LAST;;1;1;XEUR;72058611945199999;237;
25.02.2025;10:07:40.920;BNP SI 20260619 PS AM P 58.00 0;SIMPLE_INSTRUMENT;BLOCK;EUR;9;4.24000000;3500;PRC_DECOMP_EXCHANGE;;;;XEUR;12372398;237;EXCHANGE
25.02.2025;10:07:40.920;BNP SI 20260619 PS AM C 58.00 0;SIMPLE_INSTRUMENT;BLOCK;EUR;9;14.55000000;3500;PRC_DECOMP_EXCHANGE;;;;XEUR;12372399;237;EXCHANGE
25.02.2025;14:56:19.392;BNP.O.250225.BER.000009;STANDARD_OPTION_STRATEGY;BLOCK;EUR;27;1.03000000;500;EXCHANGE_LAST;;1;1;XEUR;72058611945200004;237;
25.02.2025;14:56:19.392;BNP SI 20250620 PS AM P 62.00 0;SIMPLE_INSTRUMENT;BLOCK;EUR;27;1.35000000;500;PRC_DECOMP_EXCHANGE;;;;XEUR;12372388;237;EXCHANGE
25.02.2025;14:56:19.392;BNP SI 20250620 PS AM P 52.00 0;SIMPLE_INSTRUMENT;BLOCK;EUR;27;0.32000000;500;PRC_DECOMP_EXCHANGE;;;;XEUR;7900150;237;EXCHANGE
25.02.2025;11:48:37.148;BNPH.S.MAR25.APR25.SPD;FUTURES_SPREAD;BLOCK;EUR;14;-0.15900000;5000;EXCHANGE_LAST;;1;1;XEUR;72058607650211067;236;
25.02.2025;11:48:37.148;BNPH SI 20250321 CS;SIMPLE_INSTRUMENT;BLOCK;EUR;14;71.23370000;5000;PRC_DECOMP_EXCHANGE;;;;XEUR;10695531;236;EXCHANGE
25.02.2025;11:48:37.148;BNPH SI 20250417 CS;SIMPLE_INSTRUMENT;BLOCK;EUR;14;71.39270000;5000;PRC_DECOMP_EXCHANGE;;;;XEUR;10832545;236;EXCHANGE
25.02.2025;13:09:41.350;BPV SI 20250918 PS AM C 10.00 0;SIMPLE_INSTRUMENT;BLOCK;EUR;11;0.41000000;4000;EXCHANGE_LAST;;1;1;XEUR;11863004;251;
25.02.2025;11:33:27.576;BSN SI 20250620 PS AM C 72.00 0;SIMPLE_INSTRUMENT;BLOCK;EUR;18;1.49000000;1598;EXCHANGE_LAST;;1;1;XEUR;8026540;241;
25.02.2025;11:33:40.577;BSN SI 20250620 PS AM C 72.00 0;SIMPLE_INSTRUMENT;BLOCK;EUR;19;1.50000000;652;EXCHANGE_LAST;;1;1;XEUR;8026540;241;
25.02.2025;11:33:54.578;BSN SI 20250620 PS AM C 76.00 0;SIMPLE_INSTRUMENT;BLOCK;EUR;20;0.40000000;2250;EXCHANGE_LAST;;1;1;XEUR;11353150;241;
25.02.2025;11:50:35.799;CFR SI 20250919 PS AM P 180.00 0;SIMPLE_INSTRUMENT;BLOCK;CHF;29;16.50000000;300;EXCHANGE_LAST;;1;1;XEUR;11876544;313;
25.02.2025;13:35:40.399;CRI5 SI 20281214 PS AM P 40.00 0;SIMPLE_INSTRUMENT;BLOCK;EUR;14;7.48000000;3000;EXCHANGE_LAST;;2;1;XEUR;10380741;320;
25.02.2025;12:26:23.296;D3AI SI 20250620 CS;SIMPLE_INSTRUMENT;BLOCK;EUR;22;4.30000000;328;EXCHANGE_LAST;;1;1;XEUR;10884356;443197;
25.02.2025;16:24:47.089;D3AI SI 20251219 CS;SIMPLE_INSTRUMENT;BLOCK;EUR;66;4.30000000;100;EXCHANGE_LAST;;1;1;XEUR;7144062;443197;
25.02.2025;09:04:52.809;DAI SI 20250919 PS AM P 60.00 0;SIMPLE_INSTRUMENT;BLOCK;EUR;1;6.39000000;1500;EXCHANGE_LAST;;1;1;XEUR;11925646;443196;
25.02.2025;09:04:53.608;DAI SI 20250919 PS AM C 60.00 0;SIMPLE_INSTRUMENT;BLOCK;EUR;2;3.20000000;1500;EXCHANGE_LAST;;1;1;XEUR;11925649;443196;
25.02.2025;10:28:17.315;DAI.O.250225.BUL.000006;STANDARD_OPTION_STRATEGY;BLOCK;EUR;3;1.08000000;4500;EXCHANGE_LAST;;2;1;XEUR;73961106363664230;443196;
25.02.2025;10:28:17.315;DAI SI 20250321 PS AM C 60.00 0;SIMPLE_INSTRUMENT;BLOCK;EUR;3;1.54000000;4500;PRC_DECOMP_EXCHANGE;;;;XEUR;10884520;443196;EXCHANGE
25.02.2025;10:28:17.315;DAI SI 20250321 PS AM C 64.00 0;SIMPLE_INSTRUMENT;BLOCK;EUR;3;0.46000000;4500;PRC_DECOMP_EXCHANGE;;;;XEUR;10884524;443196;EXCHANGE
25.02.2025;12:15:42.413;DAI.O.250225.STD.000007;STANDARD_OPTION_STRATEGY;BLOCK;EUR;12;19.53000000;370;EXCHANGE_LAST;;1;1;XEUR;73961106363664231;443196;
25.02.2025;12:15:42.413;DAI SI 20271217 PS AM C 60.00 0;SIMPLE_INSTRUMENT;BLOCK;EUR;12;7.48000000;370;PRC_DECOMP_EXCHANGE;;;;XEUR;8833322;443196;EXCHANGE
25.02.2025;12:15:42.413;DAI SI 20271217 PS AM P 60.00 0;SIMPLE_INSTRUMENT;BLOCK;EUR;12;12.05000000;370;PRC_DECOMP_EXCHANGE;;;;XEUR;8833329;443196;EXCHANGE
25.02.2025;13:36:12.920;DAI SI 20250417 PS AM P 59.00 0;SIMPLE_INSTRUMENT;BLOCK;EUR;15;1.71000000;3000;EXCHANGE_LAST;;1;2;XEUR;12655100;443196;
25.02.2025;14:32:41.067;DAI SI 20251219 PS AM P 48.00 0;SIMPLE_INSTRUMENT;BLOCK;EUR;19;1.90000000;2500;EXCHANGE_LAST;;1;1;XEUR;7144518;443196;
25.02.2025;12:26:33.206;DAIG.S.MAR25.JUN25.SPD;FUTURES_SPREAD;BLOCK;EUR;21;3.17000000;4000;EXCHANGE_LAST;;1;1;XEUR;73961136428417121;443203;
25.02.2025;12:26:33.206;DAIG SI 20250620 CS;SIMPLE_INSTRUMENT;BLOCK;EUR;21;57.08000000;4000;PRC_DECOMP_MEMBER;;;;XEUR;11207841;443203;MEMBER
25.02.2025;12:26:33.206;DAIG SI 20250321 CS;SIMPLE_INSTRUMENT;BLOCK;EUR;21;60.25000000;4000;PRC_DECOMP_MEMBER;;;;XEUR;10734482;443203;MEMBER
25.02.2025;12:32:36.214;DBK.O.250225.STD.000010;STANDARD_OPTION_STRATEGY;BLOCK;EUR;7;4.50000000;6000;EXCHANGE_LAST;;1;1;XEUR;72059148816160790;362;
25.02.2025;12:32:36.214;DBK SI 20251219 PS AM P 20.00 0;SIMPLE_INSTRUMENT;BLOCK;EUR;7;2.27000000;6000;PRC_DECOMP_MEMBER;;;;XEUR;7356551;362;MEMBER
25.02.2025;12:32:36.214;DBK SI 20251219 PS AM C 20.00 0;SIMPLE_INSTRUMENT;BLOCK;EUR;7;2.23000000;6000;PRC_DECOMP_MEMBER;;;;XEUR;7356539;362;MEMBER
25.02.2025;12:37:53.390;DBK FI 20260320 PS AM P 20.0000 0;FLEXIBLE_INSTRUMENT;BLOCK;EUR;8;2.53000000;6000;EXCHANGE_LAST;;1;1;XEUR;1152923059385022214;362;
25.02.2025;12:38:21.057;DBK FI 20260320 PS AM C 20.0000 0;FLEXIBLE_INSTRUMENT;BLOCK;EUR;9;2.57000000;6000;EXCHANGE_LAST;;1;1;XEUR;1152923059385022215;362;
25.02.2025;15:30:10.527;DBK SI 20271217 PS AM C 28.00 0;SIMPLE_INSTRUMENT;BLOCK;EUR;12;1.41000000;1600;EXCHANGE_LAST;;1;1;XEUR;11081240;362;
25.02.2025;11:45:26.018;DHE SI 20251219 PS AM C 48.00 0;SIMPLE_INSTRUMENT;BLOCK;EUR;23;1.30000000;1000;EXCHANGE_LAST;;2;1;XEUR;7328967;57135;
25.02.2025;09:39:01.921;DTE SI 20251219 PS AM P 25.00 0;SIMPLE_INSTRUMENT;BLOCK;EUR;4;0.28000000;10000;EXCHANGE_LAST;;1;1;XEUR;11262847;424;
25.02.2025;09:42:38.805;DTE SI 20251219 PS AM C 36.00 0;SIMPLE_INSTRUMENT;BLOCK;EUR;5;1.94000000;5000;EXCHANGE_LAST;;3;1;XEUR;8215292;424;
25.02.2025;09:45:57.079;DTE SI 20251219 PS AM P 32.00 0;SIMPLE_INSTRUMENT;BLOCK;EUR;7;1.43000000;1500;EXCHANGE_LAST;;1;1;XEUR;7834484;424;
25.02.2025;10:22:58.122;DTE SI 20251219 PS AM P 32.00 0;SIMPLE_INSTRUMENT;BLOCK;EUR;12;1.43000000;2000;EXCHANGE_LAST;;1;1;XEUR;7834484;424;
25.02.2025;10:34:33.637;DTE SI 20251219 PS AM P 32.00 0;SIMPLE_INSTRUMENT;BLOCK;EUR;15;1.42000000;4000;EXCHANGE_LAST;;2;2;XEUR;7834484;424;
25.02.2025;12:52:47.895;DTE SI 20250321 PS AM C 35.50 0;SIMPLE_INSTRUMENT;BLOCK;EUR;27;0.70000000;3249;EXCHANGE_LAST;;1;1;XEUR;12352700;424;
25.02.2025;12:53:21.077;DTE SI 20250321 PS AM C 36.50 0;SIMPLE_INSTRUMENT;BLOCK;EUR;28;0.39000000;3249;EXCHANGE_LAST;;1;1;XEUR;12716089;424;
25.02.2025;15:28:26.749;DTE SI 20251219 PS AM P 32.00 0;SIMPLE_INSTRUMENT;BLOCK;EUR;38;1.35000000;3000;EXCHANGE_LAST;;2;1;XEUR;7834484;424;
25.02.2025;15:45:48.746;DTE SI 20261218 PS AM C 48.00 0;SIMPLE_INSTRUMENT;BLOCK;EUR;39;0.66000000;1500;EXCHANGE_LAST;;1;1;XEUR;12336172;424;
25.02.2025;16:38:16.013;DTE.O.250225.BUL.000035;STANDARD_OPTION_STRATEGY;BLOCK;EUR;46;0.49000000;2000;EXCHANGE_LAST;;1;1;XEUR;72059415104107825;424;
25.02.2025;16:38:16.013;DTE SI 20250321 PS AM C 35.50 0;SIMPLE_INSTRUMENT;BLOCK;EUR;46;0.65000000;2000;PRC_DECOMP_MEMBER;;;;XEUR;12352700;424;MEMBER
25.02.2025;16:38:16.013;DTE SI 20250321 PS AM C 38.00 0;SIMPLE_INSTRUMENT;BLOCK;EUR;46;0.16000000;2000;PRC_DECOMP_MEMBER;;;;XEUR;12749353;424;MEMBER
25.02.2025;13:44:28.891;DTG SI 20250321 PS AM P 35.00 0;SIMPLE_INSTRUMENT;BLOCK;EUR;16;0.16000000;700;EXCHANGE_LAST;;1;1;XEUR;12490492;455942;
25.02.2025;13:06:18.256;E2NT SI 20281215 CS;SIMPLE_INSTRUMENT;BLOCK;EUR;28;0.87000000;1500;EXCHANGE_LAST;;2;3;XEUR;6802271;470;
25.02.2025;14:04:44.147;EAD SI 20250620 PS AM C 170.00 0;SIMPLE_INSTRUMENT;BLOCK;EUR;23;7.41000000;1500;EXCHANGE_LAST;;1;1;XEUR;11358073;465;
25.02.2025;16:42:18.548;EAD SI 20250620 PS AM C 160.00 0;SIMPLE_INSTRUMENT;BLOCK;EUR;28;11.19000000;1160;EXCHANGE_LAST;;1;1;XEUR;11013882;465;
25.02.2025;16:42:18.568;EAD SI 20250620 PS AM C 160.00 0;SIMPLE_INSTRUMENT;BLOCK;EUR;29;11.14000000;840;EXCHANGE_LAST;;1;1;XEUR;11013882;465;
25.02.2025;12:15:41.156;ENL5.O.250225.STG.000001;STANDARD_OPTION_STRATEGY;BLOCK;EUR;10;0.60000000;1500;EXCHANGE_LAST;;1;1;XEUR;72059741521586595;500;
25.02.2025;12:15:41.156;ENL5 SI 20250918 PS AM C 7.20 0;SIMPLE_INSTRUMENT;BLOCK;EUR;10;0.25550000;1500;PRC_DECOMP_EXCHANGE;;;;XEUR;11863607;500;EXCHANGE
25.02.2025;12:15:41.156;ENL5 SI 20250918 PS AM P 6.80 0;SIMPLE_INSTRUMENT;BLOCK;EUR;10;0.34450000;1500;PRC_DECOMP_EXCHANGE;;;;XEUR;11863606;500;EXCHANGE
25.02.2025;16:04:26.176;ENL5.O.250225.STD.000002;STANDARD_OPTION_STRATEGY;BLOCK;EUR;22;0.92500000;800;EXCHANGE_LAST;;1;1;XEUR;72059741521586596;500;
25.02.2025;16:04:26.176;ENL5 SI 20251218 PS AM C 7.00 0;SIMPLE_INSTRUMENT;BLOCK;EUR;22;0.42500000;800;PRC_DECOMP_EXCHANGE;;;;XEUR;6960712;500;EXCHANGE
25.02.2025;16:04:26.176;ENL5 SI 20251218 PS AM P 7.00 0;SIMPLE_INSTRUMENT;BLOCK;EUR;22;0.50000000;800;PRC_DECOMP_EXCHANGE;;;;XEUR;6960713;500;EXCHANGE
25.02.2025;09:58:48.014;ENR.O.250225.RBUL.000004;STANDARD_OPTION_STRATEGY;BLOCK;EUR;9;-0.60000000;1000;EXCHANGE_LAST;;1;1;XEUR;73339770624818082;298530;
25.02.2025;09:58:48.014;ENR SI 20250321 PS AM C 62.00 0;SIMPLE_INSTRUMENT;BLOCK;EUR;9;1.12000000;1000;PRC_DECOMP_EXCHANGE;;;;XEUR;12484035;298530;EXCHANGE
25.02.2025;09:58:48.014;ENR SI 20250321 PS AM C 70.00 0;SIMPLE_INSTRUMENT;BLOCK;EUR;9;0.26000000;2000;PRC_DECOMP_EXCHANGE;;;;XEUR;12573860;298530;EXCHANGE
25.02.2025;10:49:08.348;ENR.O.250225.BUL.000006;STANDARD_OPTION_STRATEGY;BLOCK;EUR;17;1.50000000;680;EXCHANGE_LAST;;1;1;XEUR;73339770624818084;298530;
25.02.2025;10:49:08.348;ENR SI 20250321 PS AM C 58.00 0;SIMPLE_INSTRUMENT;BLOCK;EUR;17;1.91000000;680;PRC_DECOMP_EXCHANGE;;;;XEUR;12193256;298530;EXCHANGE
25.02.2025;10:49:08.348;ENR SI 20250321 PS AM C 68.00 0;SIMPLE_INSTRUMENT;BLOCK;EUR;17;0.41000000;680;PRC_DECOMP_EXCHANGE;;;;XEUR;12229452;298530;EXCHANGE
25.02.2025;10:55:28.594;ENR SI 20250321 PS AM C 64.00 0;SIMPLE_INSTRUMENT;BLOCK;EUR;18;0.85000000;250;EXCHANGE_LAST;;1;1;XEUR;12229450;298530;
25.02.2025;12:43:36.699;ENR SI 20250417 PS AM C 60.00 0;SIMPLE_INSTRUMENT;BLOCK;EUR;26;2.48000000;10000;EXCHANGE_LAST;;1;1;XEUR;12650613;298530;
25.02.2025;12:55:09.909;ENR.O.250225.BUL.000008;STANDARD_OPTION_STRATEGY;BLOCK;EUR;31;1.52000000;2080;EXCHANGE_LAST;;1;1;XEUR;73339770624818086;298530;
25.02.2025;12:55:09.909;ENR SI 20250417 PS AM C 70.00 0;SIMPLE_INSTRUMENT;BLOCK;EUR;31;0.70000000;2080;PRC_DECOMP_EXCHANGE;;;;XEUR;12686220;298530;EXCHANGE
25.02.2025;12:55:09.909;ENR SI 20250417 PS AM C 60.00 0;SIMPLE_INSTRUMENT;BLOCK;EUR;31;2.22000000;2080;PRC_DECOMP_EXCHANGE;;;;XEUR;12650613;298530;EXCHANGE
25.02.2025;13:22:13.627;ENR SI 20250321 PS AM C 64.00 0;SIMPLE_INSTRUMENT;BLOCK;EUR;32;0.69000000;1500;EXCHANGE_LAST;;1;1;XEUR;12229450;298530;
25.02.2025;13:49:58.915;ENR SI 20250417 PS AM P 52.00 0;SIMPLE_INSTRUMENT;BLOCK;EUR;33;4.05000000;6050;EXCHANGE_LAST;;2;5;XEUR;12650604;298530;
25.02.2025;13:52:14.093;ENR SI 20250321 PS AM P 46.00 0;SIMPLE_INSTRUMENT;BLOCK;EUR;35;0.77000000;450;EXCHANGE_LAST;;1;1;XEUR;11846957;298530;
25.02.2025;13:53:37.954;ENR.O.250225.BUL.000008;STANDARD_OPTION_STRATEGY;BLOCK;EUR;36;1.62000000;1762;EXCHANGE_LAST;;1;1;XEUR;73339770624818086;298530;
25.02.2025;13:53:37.954;ENR SI 20250417 PS AM C 70.00 0;SIMPLE_INSTRUMENT;BLOCK;EUR;36;0.92000000;1762;PRC_DECOMP_EXCHANGE;;;;XEUR;12686220;298530;EXCHANGE
25.02.2025;13:53:37.954;ENR SI 20250417 PS AM C 60.00 0;SIMPLE_INSTRUMENT;BLOCK;EUR;36;2.54000000;1762;PRC_DECOMP_EXCHANGE;;;;XEUR;12650613;298530;EXCHANGE
25.02.2025;15:58:29.211;ENR SI 20250417 PS AM C 60.00 0;SIMPLE_INSTRUMENT;BLOCK;EUR;42;2.09000000;5000;EXCHANGE_LAST;;1;1;XEUR;12650613;298530;
25.02.2025;16:16:31.305;ENR SI 20250321 PS AM C 55.00 0;SIMPLE_INSTRUMENT;BLOCK;EUR;43;2.34000000;10000;EXCHANGE_LAST;;1;1;XEUR;12848050;298530;
25.02.2025;13:56:59.661;ENT5 SI 20251218 PS AM P 10.00 0;SIMPLE_INSTRUMENT;BLOCK;EUR;15;0.14250000;1000;EXCHANGE_LAST;;1;1;XEUR;5911901;497;
25.02.2025;16:25:22.379;EOA SI 20250417 PS AM C 13.00 0;SIMPLE_INSTRUMENT;BLOCK;EUR;23;0.13000000;1500;EXCHANGE_LAST;;1;1;XEUR;12642703;49065;
25.02.2025;13:24:04.250;F3IA.S.DEC26.DEC28.SPD;FUTURES_SPREAD;BLOCK;EUR;40;0.07500000;2000;EXCHANGE_LAST;;1;3;XEUR;73734293435711515;390387;
25.02.2025;13:24:04.250;F3IA SI 20261218 CS;SIMPLE_INSTRUMENT;BLOCK;EUR;40;0.64500000;2000;PRC_DECOMP_MEMBER;;;;XEUR;6830373;390387;MEMBER
25.02.2025;13:24:04.250;F3IA SI 20281215 CS;SIMPLE_INSTRUMENT;BLOCK;EUR;40;0.57000000;2000;PRC_DECOMP_MEMBER;;;;XEUR;9964653;390387;MEMBER
25.02.2025;13:39:01.160;F3IA.S.DEC26.DEC28.SPD;FUTURES_SPREAD;BLOCK;EUR;45;0.07500000;400;EXCHANGE_LAST;;2;1;XEUR;73734293435711515;390387;
25.02.2025;13:39:01.160;F3IA SI 20261218 CS;SIMPLE_INSTRUMENT;BLOCK;EUR;45;0.64500000;400;PRC_DECOMP_MEMBER;;;;XEUR;6830373;390387;MEMBER
25.02.2025;13:39:01.160;F3IA SI 20281215 CS;SIMPLE_INSTRUMENT;BLOCK;EUR;45;0.57000000;400;PRC_DECOMP_MEMBER;;;;XEUR;9964653;390387;MEMBER
25.02.2025;14:55:08.112;F3IA.S.DEC26.DEC27.SPD;FUTURES_SPREAD;BLOCK;EUR;53;0.04500000;175;EXCHANGE_LAST;;1;1;XEUR;73734293435711516;390387;
25.02.2025;14:55:08.112;F3IA SI 20261218 CS;SIMPLE_INSTRUMENT;BLOCK;EUR;53;0.64500000;175;PRC_DECOMP_MEMBER;;;;XEUR;6830373;390387;MEMBER
25.02.2025;14:55:08.112;F3IA SI 20271217 CS;SIMPLE_INSTRUMENT;BLOCK;EUR;53;0.60000000;175;PRC_DECOMP_MEMBER;;;;XEUR;8422837;390387;MEMBER
25.02.2025;16:27:31.860;F3IA SI 20261218 CS;SIMPLE_INSTRUMENT;BLOCK;EUR;64;0.66000000;500;EXCHANGE_LAST;;2;2;XEUR;6830373;390387;
25.02.2025;16:58:09.574;F3IA SI 20251219 CS;SIMPLE_INSTRUMENT;BLOCK;EUR;72;0.58000000;500;EXCHANGE_LAST;;1;1;XEUR;6633988;390387;
25.02.2025;16:59:23.686;F3IA SI 20251219 CS;SIMPLE_INSTRUMENT;BLOCK;EUR;73;0.58000000;1300;EXCHANGE_LAST;;2;4;XEUR;6633988;390387;
25.02.2025;16:36:59.161;F3TE SI 20281215 CS;SIMPLE_INSTRUMENT;BLOCK;EUR;69;0.64700000;400;EXCHANGE_LAST;;1;1;XEUR;6830366;390379;
25.02.2025;16:36:59.341;F3TE SI 20281215 CS;SIMPLE_INSTRUMENT;BLOCK;EUR;70;0.64800000;400;EXCHANGE_LAST;;1;1;XEUR;6830366;390379;
25.02.2025;08:56:26.290;FBTP SI 20250306 PS;SIMPLE_INSTRUMENT;EFP_FIN;EUR;1;119.85000000;384;EXCHANGE_LAST;;1;1;XEUR;11286675;636;
25.02.2025;09:12:42.640;FBTP SI 20250306 PS;SIMPLE_INSTRUMENT;EFP_FIN;EUR;2;119.85000000;204;EXCHANGE_LAST;;1;1;XEUR;11286675;636;
25.02.2025;09:47:56.000;FBTP SI 20250606 PS;SIMPLE_INSTRUMENT;EFP_FIN;EUR;4;119.59000000;884;EXCHANGE_LAST;;1;1;XEUR;11820365;636;
25.02.2025;09:53:50.035;FBTP SI 20250306 PS;SIMPLE_INSTRUMENT;EFP_FIN;EUR;5;119.98000000;1343;EXCHANGE_LAST;;1;1;XEUR;11286675;636;
25.02.2025;09:57:27.811;FBTP SI 20250606 PS;SIMPLE_INSTRUMENT;EFP_FIN;EUR;6;119.59000000;2654;EXCHANGE_LAST;;1;1;XEUR;11820365;636;
25.02.2025;09:59:14.144;FBTP SI 20250306 PS;SIMPLE_INSTRUMENT;EFP_FIN;EUR;7;119.96000000;2686;EXCHANGE_LAST;;1;1;XEUR;11286675;636;
25.02.2025;09:59:49.834;FBTP SI 20250306 PS;SIMPLE_INSTRUMENT;EFP_FIN;EUR;8;119.98000000;278;EXCHANGE_LAST;;1;1;XEUR;11286675;636;
25.02.2025;10:06:18.458;FBTP SI 20250606 PS;SIMPLE_INSTRUMENT;EFP_FIN;EUR;9;119.58000000;1768;EXCHANGE_LAST;;1;1;XEUR;11820365;636;
25.02.2025;10:12:22.641;FBTP SI 20250306 PS;SIMPLE_INSTRUMENT;EFP_FIN;EUR;10;120.00000000;403;EXCHANGE_LAST;;1;1;XEUR;11286675;636;
25.02.2025;10:15:20.178;FBTP SI 20250306 PS;SIMPLE_INSTRUMENT;EFP_FIN;EUR;11;119.97000000;1342;EXCHANGE_LAST;;1;1;XEUR;11286675;636;
25.02.2025;10:29:08.472;FBTP SI 20250306 PS;SIMPLE_INSTRUMENT;EFP_FIN;EUR;12;119.95000000;690;EXCHANGE_LAST;;1;1;XEUR;11286675;636;
25.02.2025;10:46:59.834;FBTP SI 20250306 PS;SIMPLE_INSTRUMENT;EFP_FIN;EUR;13;119.96000000;690;EXCHANGE_LAST;;1;1;XEUR;11286675;636;
25.02.2025;11:13:09.945;FBTP SI 20250306 PS;SIMPLE_INSTRUMENT;BLOCK;EUR;14;119.84000000;614;EXCHANGE_LAST;;1;1;XEUR;11286675;636;
25.02.2025;11:18:15.529;FBTP SI 20250306 PS;SIMPLE_INSTRUMENT;EFP_FIN;EUR;15;119.85000000;163;EXCHANGE_LAST;;1;1;XEUR;11286675;636;
25.02.2025;11:27:28.948;FBTP SI 20250306 PS;SIMPLE_INSTRUMENT;EFP_FIN;EUR;17;119.85000000;279;EXCHANGE_LAST;;1;1;XEUR;11286675;636;
25.02.2025;11:31:23.635;FBTP SI 20250306 PS;SIMPLE_INSTRUMENT;EFP_FIN;EUR;18;119.95000000;498;EXCHANGE_LAST;;1;1;XEUR;11286675;636;
25.02.2025;11:52:58.916;FBTP SI 20250306 PS;SIMPLE_INSTRUMENT;EFP_FIN;EUR;19;119.93000000;428;EXCHANGE_LAST;;1;1;XEUR;11286675;636;
25.02.2025;12:21:12.307;FBTP SI 20250306 PS;SIMPLE_INSTRUMENT;EFP_FIN;EUR;20;119.79000000;351;EXCHANGE_LAST;;1;1;XEUR;11286675;636;
25.02.2025;13:16:47.217;FBTP SI 20250306 PS;SIMPLE_INSTRUMENT;EFP_FIN;EUR;21;120.03000000;74;EXCHANGE_LAST;;1;1;XEUR;11286675;636;
25.02.2025;13:45:20.192;FBTP SI 20250306 PS;SIMPLE_INSTRUMENT;EFP_FIN;EUR;22;120.02000000;193;EXCHANGE_LAST;;1;1;XEUR;11286675;636;
25.02.2025;14:02:40.403;FBTP SI 20250306 PS;SIMPLE_INSTRUMENT;EFP_FIN;EUR;23;119.91000000;532;EXCHANGE_LAST;;1;1;XEUR;11286675;636;
25.02.2025;14:16:10.483;FBTP SI 20250306 PS;SIMPLE_INSTRUMENT;BLOCK;EUR;24;120.05000000;368;EXCHANGE_LAST;;1;1;XEUR;11286675;636;
25.02.2025;14:37:09.440;FBTP SI 20250606 PS;SIMPLE_INSTRUMENT;BLOCK;EUR;25;119.71000000;442;EXCHANGE_LAST;;1;1;XEUR;11820365;636;
25.02.2025;14:47:32.339;FBTP SI 20250306 PS;SIMPLE_INSTRUMENT;EFP_FIN;EUR;26;120.05000000;323;EXCHANGE_LAST;;1;1;XEUR;11286675;636;
25.02.2025;14:50:43.125;FBTP SI 20250306 PS;SIMPLE_INSTRUMENT;EFP_FIN;EUR;27;120.09000000;1164;EXCHANGE_LAST;;1;1;XEUR;11286675;636;
25.02.2025;14:54:14.018;FBTP SI 20250606 PS;SIMPLE_INSTRUMENT;EFP_FIN;EUR;28;119.67000000;884;EXCHANGE_LAST;;1;1;XEUR;11820365;636;
25.02.2025;14:55:55.985;FBTP SI 20250306 PS;SIMPLE_INSTRUMENT;EFP_FIN;EUR;29;120.06000000;92;EXCHANGE_LAST;;1;1;XEUR;11286675;636;
25.02.2025;16:03:21.784;FBTP SI 20250306 PS;SIMPLE_INSTRUMENT;EFP_FIN;EUR;30;120.02000000;1942;EXCHANGE_LAST;;1;1;XEUR;11286675;636;
25.02.2025;16:27:26.349;FBTP SI 20250306 PS;SIMPLE_INSTRUMENT;EFP_FIN;EUR;31;120.04000000;579;EXCHANGE_LAST;;1;1;XEUR;11286675;636;
25.02.2025;16:53:23.915;FBTP SI 20250306 PS;SIMPLE_INSTRUMENT;EFP_FIN;EUR;32;120.07000000;273;EXCHANGE_LAST;;1;1;XEUR;11286675;636;
25.02.2025;08:19:37.194;FBTS SI 20250306 PS;SIMPLE_INSTRUMENT;BLOCK;EUR;4;107.49000000;705;EXCHANGE_LAST;;1;1;XEUR;11286677;639;
25.02.2025;08:45:37.409;FBTS SI 20250306 PS;SIMPLE_INSTRUMENT;EFP_FIN;EUR;7;107.51000000;672;EXCHANGE_LAST;;1;1;XEUR;11286677;639;
25.02.2025;09:08:36.342;FBTS SI 20250306 PS;SIMPLE_INSTRUMENT;EFP_FIN;EUR;11;107.48000000;1680;EXCHANGE_LAST;;1;1;XEUR;11286677;639;
25.02.2025;09:09:59.332;FBTS SI 20250306 PS;SIMPLE_INSTRUMENT;EFP_FIN;EUR;13;107.50000000;441;EXCHANGE_LAST;;1;1;XEUR;11286677;639;
25.02.2025;09:28:51.465;FBTS SI 20250306 PS;SIMPLE_INSTRUMENT;BLOCK;EUR;15;107.51000000;604;EXCHANGE_LAST;;1;1;XEUR;11286677;639;
25.02.2025;09:45:45.790;FBTS SI 20250306 PS;SIMPLE_INSTRUMENT;EFP_FIN;EUR;16;107.51000000;874;EXCHANGE_LAST;;1;1;XEUR;11286677;639;
25.02.2025;10:02:20.027;FBTS SI 20250306 PS;SIMPLE_INSTRUMENT;EFP_FIN;EUR;17;107.52000000;437;EXCHANGE_LAST;;1;1;XEUR;11286677;639;
25.02.2025;10:06:29.404;FBTS SI 20250306 PS;SIMPLE_INSTRUMENT;EFP_FIN;EUR;19;107.53000000;1092;EXCHANGE_LAST;;1;1;XEUR;11286677;639;
25.02.2025;10:12:11.324;FBTS SI 20250306 PS;SIMPLE_INSTRUMENT;EFP_FIN;EUR;20;107.53000000;1322;EXCHANGE_LAST;;1;1;XEUR;11286677;639;
25.02.2025;11:09:55.727;FBTS SI 20250306 PS;SIMPLE_INSTRUMENT;EFP_FIN;EUR;24;107.50000000;437;EXCHANGE_LAST;;1;1;XEUR;11286677;639;
25.02.2025;11:47:05.552;FBTS SI 20250306 PS;SIMPLE_INSTRUMENT;BLOCK;EUR;27;107.52000000;208;EXCHANGE_LAST;;1;1;XEUR;11286677;639;
25.02.2025;12:03:23.308;FBTS SI 20250306 PS;SIMPLE_INSTRUMENT;EFP_FIN;EUR;28;107.50000000;617;EXCHANGE_LAST;;1;1;XEUR;11286677;639;
25.02.2025;12:14:20.316;FBTS SI 20250306 PS;SIMPLE_INSTRUMENT;BLOCK;EUR;29;107.50000000;4596;EXCHANGE_LAST;;1;1;XEUR;11286677;639;
25.02.2025;12:37:37.323;FBTS SI 20250306 PS;SIMPLE_INSTRUMENT;EFP_FIN;EUR;30;107.55000000;537;EXCHANGE_LAST;;1;1;XEUR;11286677;639;
25.02.2025;13:07:19.708;FBTS SI 20250306 PS;SIMPLE_INSTRUMENT;EFP_FIN;EUR;32;107.55000000;765;EXCHANGE_LAST;;1;1;XEUR;11286677;639;
25.02.2025;13:07:19.327;FBTS SI 20250306 PS;SIMPLE_INSTRUMENT;BLOCK;EUR;33;107.54000000;496;EXCHANGE_LAST;;1;1;XEUR;11286677;639;
25.02.2025;13:47:01.349;FBTS SI 20250306 PS;SIMPLE_INSTRUMENT;BLOCK;EUR;35;107.51000000;450;EXCHANGE_LAST;;1;1;XEUR;11286677;639;
25.02.2025;13:48:35.290;FBTS SI 20250306 PS;SIMPLE_INSTRUMENT;EFP_FIN;EUR;38;107.50000000;374;EXCHANGE_LAST;;1;1;XEUR;11286677;639;
25.02.2025;14:13:53.027;FBTS SI 20250306 PS;SIMPLE_INSTRUMENT;EFP_FIN;EUR;41;107.50000000;249;EXCHANGE_LAST;;1;1;XEUR;11286677;639;
25.02.2025;14:40:45.813;FBTS SI 20250306 PS;SIMPLE_INSTRUMENT;EFP_FIN;EUR;43;107.54000000;679;EXCHANGE_LAST;;1;1;XEUR;11286677;639;
25.02.2025;15:50:07.613;FBTS SI 20250306 PS;SIMPLE_INSTRUMENT;BLOCK;EUR;51;107.55000000;612;EXCHANGE_LAST;;1;1;XEUR;11286677;639;
25.02.2025;16:47:24.100;FBTS SI 20250306 PS;SIMPLE_INSTRUMENT;EFP_FIN;EUR;54;107.55000000;1032;EXCHANGE_LAST;;1;1;XEUR;11286677;639;
25.02.2025;13:13:36.641;FCBU SI 20250304 CS;SIMPLE_INSTRUMENT;BLOCK;USD;3;0.17251000;250;EXCHANGE_LAST;;1;1;XEUR;10795698;570870;
25.02.2025;15:32:10.158;FCBU SI 20250304 CS;SIMPLE_INSTRUMENT;BLOCK;USD;5;0.17300000;380;EXCHANGE_LAST;;1;1;XEUR;10795698;570870;
25.02.2025;15:33:07.428;FCBU SI 20250402 CS;SIMPLE_INSTRUMENT;BLOCK;USD;6;0.17200000;380;EXCHANGE_LAST;;1;1;XEUR;10984561;570870;
25.02.2025;15:37:31.874;FCBU SI 20250304 CS;SIMPLE_INSTRUMENT;BLOCK;USD;7;0.17300000;550;EXCHANGE_LAST;;1;1;XEUR;10795698;570870;
25.02.2025;15:38:31.821;FCBU SI 20250402 CS;SIMPLE_INSTRUMENT;BLOCK;USD;8;0.17200000;550;EXCHANGE_LAST;;1;1;XEUR;10984561;570870;
25.02.2025;11:12:43.317;FCEU SI 20250317 PS;SIMPLE_INSTRUMENT;BLOCK;USD;1;1.04825000;32;EXCHANGE_LAST;;1;1;XEUR;9136240;369376;
25.02.2025;14:05:58.986;FCEU SI 20250317 PS;SIMPLE_INSTRUMENT;BLOCK;USD;4;1.05030000;133;EXCHANGE_LAST;;1;1;XEUR;9136240;369376;
25.02.2025;16:30:41.266;FCEU SI 20250317 PS;SIMPLE_INSTRUMENT;BLOCK;USD;9;1.05090000;395;EXCHANGE_LAST;;1;1;XEUR;9136240;369376;
25.02.2025;11:15:27.585;FCMU SI 20250317 CS;SIMPLE_INSTRUMENT;BLOCK;USD;2;0.04862000;100;EXCHANGE_LAST;;1;1;XEUR;11329545;570874;
25.02.2025;08:01:34.496;FCPE SI 20250328 CS;SIMPLE_INSTRUMENT;BLOCK;USD;1;183.52000000;42;EXCHANGE_LAST;;1;1;XEUR;10945400;586;
25.02.2025;08:01:59.697;FCPE SI 20250328 CS;SIMPLE_INSTRUMENT;BLOCK;USD;2;183.51000000;13;EXCHANGE_LAST;;1;1;XEUR;10945400;586;
25.02.2025;16:58:16.906;FD3D SI 20251219 CS;SIMPLE_INSTRUMENT;BLOCK;EUR;43;113.20000000;100;EXCHANGE_LAST;;1;1;XEUR;5914068;588;
25.02.2025;16:56:48.111;FDAX SI 20250321 CS;SIMPLE_INSTRUMENT;EFP_IDX;EUR;1;22456.00000000;18;EXCHANGE_LAST;;1;1;XEUR;7561255;589;
25.02.2025;16:57:25.083;FDAX SI 20250321 CS;SIMPLE_INSTRUMENT;EFP_IDX;EUR;2;22457.00000000;7;EXCHANGE_LAST;;1;1;XEUR;7561255;589;
25.02.2025;15:59:47.251;FDAX SI 20250321 CS;SIMPLE_INSTRUMENT;VOLA;EUR;671088660;22485.00000000;24;EXCHANGE_LAST;;1;1;XEUR;7561255;589;
25.02.2025;16:52:16.830;FDAX SI 20250321 CS;SIMPLE_INSTRUMENT;VOLA;EUR;671088664;22470.00000000;5;EXCHANGE_LAST;;1;1;XEUR;7561255;589;
25.02.2025;10:30:41.837;FEBD SI 20271217 CS;SIMPLE_INSTRUMENT;BLOCK;EUR;9;9.75000000;441;EXCHANGE_LAST;;1;1;XEUR;7776307;597;
25.02.2025;10:45:26.830;FEBD SI 20271217 CS;SIMPLE_INSTRUMENT;BLOCK;EUR;13;9.76000000;950;EXCHANGE_LAST;;1;1;XEUR;7776307;597;
25.02.2025;11:27:02.797;FEBD SI 20271217 CS;SIMPLE_INSTRUMENT;BLOCK;EUR;18;9.75000000;509;EXCHANGE_LAST;;1;1;XEUR;7776307;597;
25.02.2025;11:47:46.725;FEBD SI 20271217 CS;SIMPLE_INSTRUMENT;BLOCK;EUR;19;9.78000000;250;EXCHANGE_LAST;;1;1;XEUR;7776307;597;
25.02.2025;11:39:26.538;FEBD SI 20281215 CS;SIMPLE_INSTRUMENT;BLOCK;EUR;20;9.02000000;250;EXCHANGE_LAST;;1;1;XEUR;7776305;597;
25.02.2025;12:44:18.383;FEBD SI 20261218 CS;SIMPLE_INSTRUMENT;BLOCK;EUR;25;10.47000000;2400;EXCHANGE_LAST;;1;1;XEUR;7158212;597;
25.02.2025;13:53:05.774;FEBD SI 20261218 CS;SIMPLE_INSTRUMENT;BLOCK;EUR;27;10.51000000;500;EXCHANGE_LAST;;1;1;XEUR;7158212;597;
25.02.2025;14:40:40.692;FEBD SI 20271217 CS;SIMPLE_INSTRUMENT;BLOCK;EUR;29;9.79000000;500;EXCHANGE_LAST;;1;2;XEUR;7776307;597;
25.02.2025;16:44:57.500;FEBD SI 20261218 CS;SIMPLE_INSTRUMENT;BLOCK;EUR;33;10.48000000;500;EXCHANGE_LAST;;1;1;XEUR;7158212;597;
25.02.2025;16:52:33.628;FEDV SI 20250321 CS;SIMPLE_INSTRUMENT;BLOCK;EUR;37;1819.00000000;1000;EXCHANGE_LAST;;1;1;XEUR;11359068;596;
25.02.2025;16:56:42.011;FEDV SI 20250321 CS;SIMPLE_INSTRUMENT;BLOCK;EUR;42;1819.00000000;1000;EXCHANGE_LAST;;1;1;XEUR;11359068;596;
25.02.2025;16:57:11.301;FEDV SI 20250321 CS;SIMPLE_INSTRUMENT;BLOCK;EUR;44;1821.00000000;2000;EXCHANGE_LAST;;1;1;XEUR;11359068;596;
25.02.2025;14:13:17.690;FESB SI 20250321 CS;SIMPLE_INSTRUMENT;BLOCK;EUR;29;181.70000000;2250;EXCHANGE_LAST;;1;1;XEUR;11359072;605;
25.02.2025;15:17:13.786;FESB SI 20250321 CS;SIMPLE_INSTRUMENT;BLOCK;EUR;31;181.00000000;6470;EXCHANGE_LAST;;1;1;XEUR;11359072;605;
25.02.2025;15:35:39.147;FESB SI 20250321 CS;SIMPLE_INSTRUMENT;BLOCK;EUR;34;181.20000000;1956;EXCHANGE_LAST;;1;1;XEUR;11359072;605;
25.02.2025;15:36:14.150;FESB SI 20250321 CS;SIMPLE_INSTRUMENT;BLOCK;EUR;35;181.10000000;4565;EXCHANGE_LAST;;1;1;XEUR;11359072;605;
25.02.2025;16:30:24.976;FESB SI 20250321 CS;SIMPLE_INSTRUMENT;BLOCK;EUR;36;180.40000000;2700;EXCHANGE_LAST;;1;1;XEUR;11359072;605;
25.02.2025;16:43:24.144;FESB SI 20250321 CS;SIMPLE_INSTRUMENT;EFP_IDX;EUR;37;180.35000000;144;EXCHANGE_LAST;;1;1;XEUR;11359072;605;
25.02.2025;16:54:41.899;FESB SI 20250321 CS;SIMPLE_INSTRUMENT;BLOCK;EUR;40;180.40000000;5000;EXCHANGE_LAST;;1;1;XEUR;11359072;605;
25.02.2025;16:54:29.493;FESB SI 20250321 CS;SIMPLE_INSTRUMENT;BLOCK;EUR;42;180.40000000;5000;EXCHANGE_LAST;;1;1;XEUR;11359072;605;
25.02.2025;16:55:05.269;FESB SI 20250321 CS;SIMPLE_INSTRUMENT;BLOCK;EUR;44;180.95000000;2153;EXCHANGE_LAST;;1;1;XEUR;11359072;605;
25.02.2025;16:55:24.276;FESB SI 20250321 CS;SIMPLE_INSTRUMENT;BLOCK;EUR;45;180.90000000;8610;EXCHANGE_LAST;;1;1;XEUR;11359072;605;
25.02.2025;11:02:04.461;FESB SI 20250321 CS;SIMPLE_INSTRUMENT;VOLA;EUR;603979792;180.00000000;540;EXCHANGE_LAST;;1;1;XEUR;11359072;605;
25.02.2025;11:06:45.846;FESB SI 20250321 CS;SIMPLE_INSTRUMENT;VOLA;EUR;603979794;180.00000000;720;EXCHANGE_LAST;;1;1;XEUR;11359072;605;
25.02.2025;15:31:26.385;FESK SI 20250321 CS;SIMPLE_INSTRUMENT;BLOCK;EUR;8;485.20000000;485;EXCHANGE_LAST;;1;1;XEUR;11399139;285660;
25.02.2025;16:53:01.766;FESX SI 20250321 CS;SIMPLE_INSTRUMENT;EFP_IDX;EUR;4;5456.00000000;162;EXCHANGE_LAST;;1;1;XEUR;7793482;675;
25.02.2025;16:52:33.261;FESX SI 20250321 CS;SIMPLE_INSTRUMENT;EFP_IDX;EUR;5;5455.00000000;88;EXCHANGE_LAST;;1;1;XEUR;7793482;675;
25.02.2025;16:52:45.006;FESX SI 20250321 CS;SIMPLE_INSTRUMENT;EFP_IDX;EUR;6;5455.00000000;142;EXCHANGE_LAST;;1;1;XEUR;7793482;675;
25.02.2025;16:52:28.567;FESX SI 20250321 CS;SIMPLE_INSTRUMENT;EFP_IDX;EUR;7;5456.00000000;158;EXCHANGE_LAST;;1;1;XEUR;7793482;675;
25.02.2025;16:58:27.057;FESX SI 20250321 CS;SIMPLE_INSTRUMENT;EFP_IDX;EUR;8;5455.00000000;162;EXCHANGE_LAST;;1;1;XEUR;7793482;675;
25.02.2025;16:58:51.110;FESX SI 20250321 CS;SIMPLE_INSTRUMENT;EFP_IDX;EUR;9;5465.00000000;1000;EXCHANGE_LAST;;1;1;XEUR;7793482;675;
25.02.2025;16:58:46.885;FESX SI 20250321 CS;SIMPLE_INSTRUMENT;EFP_IDX;EUR;10;5456.00000000;132;EXCHANGE_LAST;;1;1;XEUR;7793482;675;
25.02.2025;09:49:34.240;FESX SI 20250321 CS;SIMPLE_INSTRUMENT;VOLA;EUR;637534220;5456.00000000;156;EXCHANGE_LAST;;1;1;XEUR;7793482;675;
25.02.2025;10:19:42.160;FESX SI 20250321 CS;SIMPLE_INSTRUMENT;VOLA;EUR;637534227;5458.00000000;275;EXCHANGE_LAST;;1;1;XEUR;7793482;675;
25.02.2025;10:19:54.921;FESX SI 20250321 CS;SIMPLE_INSTRUMENT;VOLA;EUR;637534228;5459.00000000;310;EXCHANGE_LAST;;1;1;XEUR;7793482;675;
25.02.2025;11:09:52.610;FESX SI 20250321 CS;SIMPLE_INSTRUMENT;VOLA;EUR;637534243;5452.00000000;263;EXCHANGE_LAST;;1;1;XEUR;7793482;675;
25.02.2025;14:27:31.161;FESX SI 20250321 CS;SIMPLE_INSTRUMENT;VOLA;EUR;637534267;5463.00000000;200;EXCHANGE_LAST;;1;1;XEUR;7793482;675;
25.02.2025;14:07:40.674;FESX SI 20250321 CS;SIMPLE_INSTRUMENT;VOLA;EUR;637534269;5465.00000000;3550;EXCHANGE_LAST;;1;1;XEUR;7793482;675;
25.02.2025;15:15:24.616;FESX SI 20250321 CS;SIMPLE_INSTRUMENT;VOLA;EUR;637534276;5485.00000000;560;EXCHANGE_LAST;;1;1;XEUR;7793482;675;
25.02.2025;15:21:29.957;FESX SI 20250321 CS;SIMPLE_INSTRUMENT;VOLA;EUR;637534280;5460.00000000;276;EXCHANGE_LAST;;1;1;XEUR;7793482;675;
25.02.2025;15:51:04.358;FESX SI 20250321 CS;SIMPLE_INSTRUMENT;VOLA;EUR;637534295;5448.00000000;200;EXCHANGE_LAST;;1;1;XEUR;7793482;675;
25.02.2025;15:56:50.525;FESX SI 20250321 CS;SIMPLE_INSTRUMENT;VOLA;EUR;637534303;5455.00000000;292;EXCHANGE_LAST;;1;1;XEUR;7793482;675;
25.02.2025;15:57:31.720;FESX SI 20250321 CS;SIMPLE_INSTRUMENT;VOLA;EUR;637534304;5455.00000000;293;EXCHANGE_LAST;;1;1;XEUR;7793482;675;
25.02.2025;16:22:25.396;FESX SI 20250321 CS;SIMPLE_INSTRUMENT;VOLA;EUR;637534309;5450.00000000;280;EXCHANGE_LAST;;1;1;XEUR;7793482;675;
25.02.2025;09:02:38.651;FEXD SI 20251219 CS;SIMPLE_INSTRUMENT;BLOCK;EUR;1;165.30000000;500;EXCHANGE_LAST;;1;1;XEUR;1548120;693;
25.02.2025;10:50:31.518;FEXD SI 20251219 CS;SIMPLE_INSTRUMENT;BLOCK;EUR;16;165.30000000;500;EXCHANGE_LAST;;1;1;XEUR;1548120;693;
25.02.2025;11:58:39.775;FEXD SI 20251219 CS;SIMPLE_INSTRUMENT;BLOCK;EUR;21;165.20000000;175;EXCHANGE_LAST;;1;1;XEUR;1548120;693;
25.02.2025;11:58:33.775;FEXD SI 20251219 CS;SIMPLE_INSTRUMENT;BLOCK;EUR;22;165.30000000;175;EXCHANGE_LAST;;1;1;XEUR;1548120;693;
25.02.2025;12:23:38.683;FEXD SI 20261218 CS;SIMPLE_INSTRUMENT;BLOCK;EUR;23;158.40000000;175;EXCHANGE_LAST;;1;1;XEUR;2163053;693;
25.02.2025;12:24:19.507;FEXD SI 20261218 CS;SIMPLE_INSTRUMENT;BLOCK;EUR;24;158.20000000;525;EXCHANGE_LAST;;1;1;XEUR;2163053;693;
25.02.2025;14:01:16.303;FEXD SI 20251219 CS;SIMPLE_INSTRUMENT;BLOCK;EUR;28;165.40000000;500;EXCHANGE_LAST;;1;1;XEUR;1548120;693;
25.02.2025;07:25:50.214;FGBL SI 20250306 PS;SIMPLE_INSTRUMENT;EFS;EUR;1;132.09000000;451;EXCHANGE_LAST;;1;1;XEUR;11286679;688;
25.02.2025;07:37:45.104;FGBL SI 20250306 PS;SIMPLE_INSTRUMENT;EFS;EUR;2;132.18000000;142;EXCHANGE_LAST;;1;1;XEUR;11286679;688;
25.02.2025;07:39:07.972;FGBL SI 20250306 PS;SIMPLE_INSTRUMENT;EFS;EUR;3;132.18000000;451;EXCHANGE_LAST;;1;1;XEUR;11286679;688;
25.02.2025;07:48:01.673;FGBL SI 20250306 PS;SIMPLE_INSTRUMENT;EFS;EUR;4;132.24000000;236;EXCHANGE_LAST;;1;1;XEUR;11286679;688;
25.02.2025;07:53:36.745;FGBL SI 20250306 PS;SIMPLE_INSTRUMENT;EFS;EUR;5;132.21000000;84;EXCHANGE_LAST;;1;1;XEUR;11286679;688;
25.02.2025;07:54:41.015;FGBL SI 20250306 PS;SIMPLE_INSTRUMENT;EFS;EUR;6;132.18000000;451;EXCHANGE_LAST;;1;1;XEUR;11286679;688;
25.02.2025;07:55:17.145;FGBL SI 20250306 PS;SIMPLE_INSTRUMENT;EFS;EUR;7;132.23000000;271;EXCHANGE_LAST;;1;1;XEUR;11286679;688;
25.02.2025;07:59:16.371;FGBL SI 20250306 PS;SIMPLE_INSTRUMENT;EFS;EUR;8;132.21000000;419;EXCHANGE_LAST;;1;1;XEUR;11286679;688;
25.02.2025;08:13:26.805;FGBL SI 20250306 PS;SIMPLE_INSTRUMENT;EFS;EUR;9;132.23000000;209;EXCHANGE_LAST;;1;1;XEUR;11286679;688;
25.02.2025;08:15:31.012;FGBL SI 20250306 PS;SIMPLE_INSTRUMENT;EFS;EUR;10;132.22000000;3575;EXCHANGE_LAST;;1;1;XEUR;11286679;688;
25.02.2025;08:21:48.967;FGBL SI 20250306 PS;SIMPLE_INSTRUMENT;EFS;EUR;11;132.17000000;945;EXCHANGE_LAST;;1;1;XEUR;11286679;688;
25.02.2025;08:30:23.458;FGBL SI 20250306 PS;SIMPLE_INSTRUMENT;EFS;EUR;12;132.22000000;451;EXCHANGE_LAST;;1;1;XEUR;11286679;688;
25.02.2025;08:30:29.099;FGBL SI 20250306 PS;SIMPLE_INSTRUMENT;EFS;EUR;13;132.23000000;225;EXCHANGE_LAST;;1;1;XEUR;11286679;688;
25.02.2025;08:36:15.747;FGBL SI 20250306 PS;SIMPLE_INSTRUMENT;EFP_FIN;EUR;14;132.27000000;303;EXCHANGE_LAST;;1;1;XEUR;11286679;688;
25.02.2025;08:43:25.497;FGBL SI 20250306 PS;SIMPLE_INSTRUMENT;EFS;EUR;15;132.27000000;236;EXCHANGE_LAST;;1;1;XEUR;11286679;688;
25.02.2025;08:43:43.083;FGBL SI 20250606 PS;SIMPLE_INSTRUMENT;EFS;EUR;16;131.38000000;146;EXCHANGE_LAST;;1;1;XEUR;11820389;688;
25.02.2025;08:45:47.340;FGBL SI 20250306 PS;SIMPLE_INSTRUMENT;EFS;EUR;17;132.29000000;237;EXCHANGE_LAST;;1;1;XEUR;11286679;688;
25.02.2025;08:46:12.567;FGBL SI 20250306 PS;SIMPLE_INSTRUMENT;EFP_FIN;EUR;18;132.28000000;225;EXCHANGE_LAST;;1;1;XEUR;11286679;688;
25.02.2025;08:47:47.317;FGBL SI 20250306 PS;SIMPLE_INSTRUMENT;EFS;EUR;19;132.26000000;236;EXCHANGE_LAST;;1;1;XEUR;11286679;688;
25.02.2025;08:51:25.519;FGBL SI 20250306 PS;SIMPLE_INSTRUMENT;EFP_FIN;EUR;20;132.29000000;471;EXCHANGE_LAST;;1;1;XEUR;11286679;688;
25.02.2025;08:59:46.634;FGBL SI 20250306 PS;SIMPLE_INSTRUMENT;EFS;EUR;21;132.23000000;449;EXCHANGE_LAST;;1;1;XEUR;11286679;688;
25.02.2025;09:01:34.863;FGBL SI 20250306 PS;SIMPLE_INSTRUMENT;EFS;EUR;22;132.28000000;472;EXCHANGE_LAST;;1;1;XEUR;11286679;688;
25.02.2025;09:03:22.350;FGBL SI 20250306 PS;SIMPLE_INSTRUMENT;EFS;EUR;23;132.31000000;901;EXCHANGE_LAST;;1;1;XEUR;11286679;688;
25.02.2025;09:06:41.601;FGBL SI 20250306 PS;SIMPLE_INSTRUMENT;EFP_FIN;EUR;24;132.30000000;237;EXCHANGE_LAST;;1;1;XEUR;11286679;688;
25.02.2025;09:09:02.317;FGBL SI 20250306 PS;SIMPLE_INSTRUMENT;EFS;EUR;25;132.31000000;236;EXCHANGE_LAST;;1;1;XEUR;11286679;688;
25.02.2025;09:10:28.546;FGBL SI 20250306 PS;SIMPLE_INSTRUMENT;EFS;EUR;26;132.35000000;418;EXCHANGE_LAST;;1;1;XEUR;11286679;688;
25.02.2025;09:10:42.796;FGBL SI 20250306 PS;SIMPLE_INSTRUMENT;EFP_FIN;EUR;27;132.36000000;303;EXCHANGE_LAST;;1;1;XEUR;11286679;688;
25.02.2025;09:10:46.297;FGBL SI 20250306 PS;SIMPLE_INSTRUMENT;EFS;EUR;28;132.29000000;901;EXCHANGE_LAST;;1;1;XEUR;11286679;688;
25.02.2025;09:12:33.017;FGBL SI 20250306 PS;SIMPLE_INSTRUMENT;EFS;EUR;29;132.32000000;419;EXCHANGE_LAST;;1;1;XEUR;11286679;688;
25.02.2025;09:14:51.339;FGBL SI 20250306 PS;SIMPLE_INSTRUMENT;EFS;EUR;30;132.32000000;293;EXCHANGE_LAST;;1;1;XEUR;11286679;688;
25.02.2025;09:13:09.445;FGBL SI 20250306 PS;SIMPLE_INSTRUMENT;EFS;EUR;31;132.31000000;300;EXCHANGE_LAST;;1;1;XEUR;11286679;688;
25.02.2025;09:32:53.770;FGBL SI 20250306 PS;SIMPLE_INSTRUMENT;EFS;EUR;32;132.30000000;419;EXCHANGE_LAST;;1;1;XEUR;11286679;688;
25.02.2025;09:36:14.645;FGBL SI 20250306 PS;SIMPLE_INSTRUMENT;EFS;EUR;33;132.33000000;1887;EXCHANGE_LAST;;1;1;XEUR;11286679;688;
25.02.2025;09:39:53.361;FGBL SI 20250306 PS;SIMPLE_INSTRUMENT;EFS;EUR;34;132.27000000;200;EXCHANGE_LAST;;1;1;XEUR;11286679;688;
25.02.2025;09:40:14.392;FGBL SI 20250306 PS;SIMPLE_INSTRUMENT;EFP_FIN;EUR;35;132.31000000;793;EXCHANGE_LAST;;1;1;XEUR;11286679;688;
25.02.2025;09:47:58.484;FGBL SI 20250306 PS;SIMPLE_INSTRUMENT;EFS;EUR;36;132.35000000;419;EXCHANGE_LAST;;1;1;XEUR;11286679;688;
25.02.2025;09:53:16.096;FGBL SI 20250306 PS;SIMPLE_INSTRUMENT;EFP_FIN;EUR;37;132.35000000;121;EXCHANGE_LAST;;1;1;XEUR;11286679;688;
25.02.2025;09:55:05.303;FGBL SI 20250306 PS;SIMPLE_INSTRUMENT;EFP_FIN;EUR;38;132.35000000;185;EXCHANGE_LAST;;1;1;XEUR;11286679;688;
25.02.2025;09:55:09.701;FGBL SI 20250306 PS;SIMPLE_INSTRUMENT;EFP_FIN;EUR;39;132.35000000;121;EXCHANGE_LAST;;1;1;XEUR;11286679;688;
25.02.2025;09:57:04.295;FGBL SI 20250306 PS;SIMPLE_INSTRUMENT;EFS;EUR;40;132.39000000;1886;EXCHANGE_LAST;;1;1;XEUR;11286679;688;
25.02.2025;09:59:43.437;FGBL SI 20250306 PS;SIMPLE_INSTRUMENT;EFS;EUR;41;132.39000000;251;EXCHANGE_LAST;;1;1;XEUR;11286679;688;
25.02.2025;10:00:04.503;FGBL SI 20250306 PS;SIMPLE_INSTRUMENT;EFS;EUR;42;132.40000000;251;EXCHANGE_LAST;;1;1;XEUR;11286679;688;
25.02.2025;10:01:40.523;FGBL SI 20250306 PS;SIMPLE_INSTRUMENT;EFP_FIN;EUR;43;132.37000000;145;EXCHANGE_LAST;;1;1;XEUR;11286679;688;
25.02.2025;10:05:59.647;FGBL SI 20250306 PS;SIMPLE_INSTRUMENT;EFP_FIN;EUR;44;132.37000000;670;EXCHANGE_LAST;;1;1;XEUR;11286679;688;
25.02.2025;10:07:09.579;FGBL SI 20250306 PS;SIMPLE_INSTRUMENT;EFP_FIN;EUR;45;132.43000000;145;EXCHANGE_LAST;;1;1;XEUR;11286679;688;
25.02.2025;10:08:35.935;FGBL SI 20250306 PS;SIMPLE_INSTRUMENT;EFS;EUR;46;132.43000000;900;EXCHANGE_LAST;;1;1;XEUR;11286679;688;
25.02.2025;10:09:51.333;FGBL SI 20250306 PS;SIMPLE_INSTRUMENT;EFS;EUR;47;132.43000000;228;EXCHANGE_LAST;;1;1;XEUR;11286679;688;
25.02.2025;10:11:02.518;FGBL SI 20250306 PS;SIMPLE_INSTRUMENT;EFS;EUR;48;132.31000000;236;EXCHANGE_LAST;;1;1;XEUR;11286679;688;
25.02.2025;10:22:57.483;FGBL SI 20250306 PS;SIMPLE_INSTRUMENT;EFP_FIN;EUR;49;132.35000000;334;EXCHANGE_LAST;;1;1;XEUR;11286679;688;
25.02.2025;10:12:46.575;FGBL SI 20250306 PS;SIMPLE_INSTRUMENT;EFS;EUR;50;132.34000000;418;EXCHANGE_LAST;;1;1;XEUR;11286679;688;
25.02.2025;10:13:46.393;FGBL SI 20250306 PS;SIMPLE_INSTRUMENT;EFS;EUR;51;132.35000000;418;EXCHANGE_LAST;;1;1;XEUR;11286679;688;
25.02.2025;10:17:34.741;FGBL SI 20250306 PS;SIMPLE_INSTRUMENT;EFS;EUR;52;132.41000000;190;EXCHANGE_LAST;;1;1;XEUR;11286679;688;
25.02.2025;10:21:40.438;FGBL SI 20250306 PS;SIMPLE_INSTRUMENT;EFP_FIN;EUR;53;132.36000000;446;EXCHANGE_LAST;;1;1;XEUR;11286679;688;
25.02.2025;10:25:17.377;FGBL SI 20250306 PS;SIMPLE_INSTRUMENT;BLOCK;EUR;54;132.31000000;7196;EXCHANGE_LAST;;1;1;XEUR;11286679;688;
25.02.2025;10:26:32.126;FGBL SI 20250306 PS;SIMPLE_INSTRUMENT;EFS;EUR;55;132.29000000;419;EXCHANGE_LAST;;1;1;XEUR;11286679;688;
25.02.2025;10:28:04.113;FGBL SI 20250306 PS;SIMPLE_INSTRUMENT;EFS;EUR;56;132.31000000;451;EXCHANGE_LAST;;1;1;XEUR;11286679;688;
25.02.2025;10:28:38.618;FGBL SI 20250306 PS;SIMPLE_INSTRUMENT;EFS;EUR;57;132.31000000;225;EXCHANGE_LAST;;1;1;XEUR;11286679;688;
25.02.2025;10:30:46.379;FGBL SI 20250306 PS;SIMPLE_INSTRUMENT;EFS;EUR;58;132.28000000;418;EXCHANGE_LAST;;1;1;XEUR;11286679;688;
25.02.2025;10:31:16.656;FGBL SI 20250306 PS;SIMPLE_INSTRUMENT;EFS;EUR;59;132.29000000;153;EXCHANGE_LAST;;1;1;XEUR;11286679;688;
25.02.2025;10:32:45.399;FGBL SI 20250306 PS;SIMPLE_INSTRUMENT;EFS;EUR;60;132.28000000;472;EXCHANGE_LAST;;1;1;XEUR;11286679;688;
25.02.2025;10:35:53.481;FGBL SI 20250306 PS;SIMPLE_INSTRUMENT;EFP_FIN;EUR;61;132.30000000;192;EXCHANGE_LAST;;1;1;XEUR;11286679;688;
25.02.2025;10:36:43.598;FGBL SI 20250306 PS;SIMPLE_INSTRUMENT;EFS;EUR;62;132.27000000;419;EXCHANGE_LAST;;1;1;XEUR;11286679;688;
25.02.2025;10:37:44.798;FGBL SI 20250306 PS;SIMPLE_INSTRUMENT;EFS;EUR;63;132.26000000;419;EXCHANGE_LAST;;1;1;XEUR;11286679;688;
25.02.2025;10:45:40.950;FGBL SI 20250306 PS;SIMPLE_INSTRUMENT;EFS;EUR;64;132.33000000;229;EXCHANGE_LAST;;1;1;XEUR;11286679;688;
25.02.2025;10:52:11.792;FGBL SI 20250306 PS;SIMPLE_INSTRUMENT;EFP_FIN;EUR;65;132.33000000;187;EXCHANGE_LAST;;1;1;XEUR;11286679;688;
25.02.2025;10:54:10.844;FGBL SI 20250306 PS;SIMPLE_INSTRUMENT;EFS;EUR;66;132.22000000;225;EXCHANGE_LAST;;1;1;XEUR;11286679;688;
25.02.2025;10:54:28.373;FGBL SI 20250306 PS;SIMPLE_INSTRUMENT;EFS;EUR;67;132.24000000;270;EXCHANGE_LAST;;1;1;XEUR;11286679;688;
25.02.2025;10:54:59.321;FGBL SI 20250306 PS;SIMPLE_INSTRUMENT;EFS;EUR;68;132.20000000;419;EXCHANGE_LAST;;1;1;XEUR;11286679;688;
25.02.2025;11:12:56.984;FGBL SI 20250306 PS;SIMPLE_INSTRUMENT;EFS;EUR;69;132.23000000;419;EXCHANGE_LAST;;1;1;XEUR;11286679;688;
25.02.2025;11:14:52.517;FGBL SI 20250306 PS;SIMPLE_INSTRUMENT;EFS;EUR;70;132.21000000;457;EXCHANGE_LAST;;1;1;XEUR;11286679;688;
25.02.2025;11:16:24.160;FGBL SI 20250306 PS;SIMPLE_INSTRUMENT;EFP_FIN;EUR;71;132.21000000;225;EXCHANGE_LAST;;1;1;XEUR;11286679;688;
25.02.2025;11:30:21.552;FGBL SI 20250306 PS;SIMPLE_INSTRUMENT;EFP_FIN;EUR;72;132.16000000;371;EXCHANGE_LAST;;1;1;XEUR;11286679;688;
25.02.2025;11:35:39.584;FGBL SI 20250306 PS;SIMPLE_INSTRUMENT;EFS;EUR;73;132.14000000;236;EXCHANGE_LAST;;1;1;XEUR;11286679;688;
25.02.2025;11:37:41.673;FGBL SI 20250306 PS;SIMPLE_INSTRUMENT;EFS;EUR;74;132.12000000;226;EXCHANGE_LAST;;1;1;XEUR;11286679;688;
25.02.2025;11:38:27.754;FGBL SI 20250306 PS;SIMPLE_INSTRUMENT;EFP_FIN;EUR;75;132.30000000;1185;EXCHANGE_LAST;;1;1;XEUR;11286679;688;
25.02.2025;11:39:12.192;FGBL SI 20250306 PS;SIMPLE_INSTRUMENT;EFS;EUR;76;132.12000000;472;EXCHANGE_LAST;;1;1;XEUR;11286679;688;
25.02.2025;11:45:39.889;FGBL SI 20250306 PS;SIMPLE_INSTRUMENT;EFP_FIN;EUR;77;132.16000000;1486;EXCHANGE_LAST;;1;1;XEUR;11286679;688;
25.02.2025;11:51:51.482;FGBL SI 20250306 PS;SIMPLE_INSTRUMENT;EFP_FIN;EUR;78;132.16000000;345;EXCHANGE_LAST;;1;1;XEUR;11286679;688;
25.02.2025;11:52:22.348;FGBL SI 20250306 PS;SIMPLE_INSTRUMENT;EFP_FIN;EUR;80;132.20000000;575;EXCHANGE_LAST;;1;1;XEUR;11286679;688;
25.02.2025;11:54:47.773;FGBL SI 20250306 PS;SIMPLE_INSTRUMENT;EFS;EUR;81;132.16000000;193;EXCHANGE_LAST;;1;1;XEUR;11286679;688;
25.02.2025;11:56:38.521;FGBL SI 20250306 PS;SIMPLE_INSTRUMENT;EFP_FIN;EUR;82;132.16000000;81;EXCHANGE_LAST;;1;1;XEUR;11286679;688;
25.02.2025;11:57:23.304;FGBL SI 20250306 PS;SIMPLE_INSTRUMENT;EFP_FIN;EUR;83;132.16000000;78;EXCHANGE_LAST;;1;1;XEUR;11286679;688;
25.02.2025;11:59:15.902;FGBL SI 20250306 PS;SIMPLE_INSTRUMENT;EFS;EUR;84;132.15000000;419;EXCHANGE_LAST;;1;1;XEUR;11286679;688;
25.02.2025;11:59:20.908;FGBL SI 20250306 PS;SIMPLE_INSTRUMENT;EFS;EUR;85;132.15000000;419;EXCHANGE_LAST;;1;1;XEUR;11286679;688;
25.02.2025;11:59:25.913;FGBL SI 20250306 PS;SIMPLE_INSTRUMENT;EFS;EUR;86;132.15000000;419;EXCHANGE_LAST;;1;1;XEUR;11286679;688;
25.02.2025;12:07:14.668;FGBL SI 20250306 PS;SIMPLE_INSTRUMENT;BLOCK;EUR;87;132.15000000;7196;EXCHANGE_LAST;;1;1;XEUR;11286679;688;
25.02.2025;12:03:19.194;FGBL SI 20250306 PS;SIMPLE_INSTRUMENT;EFS;EUR;88;132.15000000;419;EXCHANGE_LAST;;1;1;XEUR;11286679;688;
25.02.2025;12:05:13.147;FGBL SI 20250306 PS;SIMPLE_INSTRUMENT;EFP_FIN;EUR;89;132.12000000;275;EXCHANGE_LAST;;1;1;XEUR;11286679;688;
25.02.2025;12:15:23.835;FGBL SI 20250306 PS;SIMPLE_INSTRUMENT;EFS;EUR;90;132.22000000;419;EXCHANGE_LAST;;1;1;XEUR;11286679;688;
25.02.2025;12:15:35.681;FGBL SI 20250306 PS;SIMPLE_INSTRUMENT;EFS;EUR;91;132.22000000;419;EXCHANGE_LAST;;1;1;XEUR;11286679;688;
25.02.2025;12:20:52.777;FGBL SI 20250306 PS;SIMPLE_INSTRUMENT;EFS;EUR;92;132.26000000;419;EXCHANGE_LAST;;1;1;XEUR;11286679;688;
25.02.2025;12:21:30.224;FGBL SI 20250306 PS;SIMPLE_INSTRUMENT;EFP_FIN;EUR;93;132.11000000;660;EXCHANGE_LAST;;1;1;XEUR;11286679;688;
25.02.2025;12:24:51.661;FGBL SI 20250306 PS;SIMPLE_INSTRUMENT;EFS;EUR;94;132.28000000;418;EXCHANGE_LAST;;1;1;XEUR;11286679;688;
25.02.2025;12:25:58.520;FGBL SI 20250306 PS;SIMPLE_INSTRUMENT;EFS;EUR;95;132.25000000;419;EXCHANGE_LAST;;1;1;XEUR;11286679;688;
25.02.2025;12:36:00.702;FGBL SI 20250306 PS;SIMPLE_INSTRUMENT;EFP_FIN;EUR;96;132.14000000;60;EXCHANGE_LAST;;1;1;XEUR;11286679;688;
25.02.2025;12:42:48.277;FGBL SI 20250306 PS;SIMPLE_INSTRUMENT;EFS;EUR;97;132.35000000;222;EXCHANGE_LAST;;1;1;XEUR;11286679;688;
25.02.2025;12:53:59.583;FGBL SI 20250306 PS;SIMPLE_INSTRUMENT;EFS;EUR;98;132.36000000;837;EXCHANGE_LAST;;1;1;XEUR;11286679;688;
25.02.2025;12:58:29.318;FGBL SI 20250306 PS;SIMPLE_INSTRUMENT;EFS;EUR;99;132.34000000;225;EXCHANGE_LAST;;1;1;XEUR;11286679;688;
25.02.2025;13:05:35.615;FGBL SI 20250306 PS;SIMPLE_INSTRUMENT;EFS;EUR;100;132.34000000;472;EXCHANGE_LAST;;1;1;XEUR;11286679;688;
25.02.2025;13:05:58.424;FGBL SI 20250306 PS;SIMPLE_INSTRUMENT;EFS;EUR;101;132.36000000;180;EXCHANGE_LAST;;1;1;XEUR;11286679;688;
25.02.2025;13:07:36.832;FGBL SI 20250306 PS;SIMPLE_INSTRUMENT;EFS;EUR;102;132.34000000;251;EXCHANGE_LAST;;1;1;XEUR;11286679;688;
25.02.2025;13:08:47.832;FGBL SI 20250306 PS;SIMPLE_INSTRUMENT;EFS;EUR;103;132.36000000;419;EXCHANGE_LAST;;1;1;XEUR;11286679;688;
25.02.2025;13:11:37.721;FGBL SI 20250306 PS;SIMPLE_INSTRUMENT;EFP_FIN;EUR;104;132.15000000;822;EXCHANGE_LAST;;1;1;XEUR;11286679;688;
25.02.2025;13:17:23.940;FGBL SI 20250306 PS;SIMPLE_INSTRUMENT;EFS;EUR;105;132.34000000;472;EXCHANGE_LAST;;1;1;XEUR;11286679;688;
25.02.2025;13:23:46.916;FGBL SI 20250306 PS;SIMPLE_INSTRUMENT;EFS;EUR;106;132.27000000;418;EXCHANGE_LAST;;1;1;XEUR;11286679;688;
25.02.2025;13:26:08.478;FGBL SI 20250306 PS;SIMPLE_INSTRUMENT;EFS;EUR;107;132.27000000;451;EXCHANGE_LAST;;1;1;XEUR;11286679;688;
25.02.2025;13:26:36.438;FGBL SI 20250306 PS;SIMPLE_INSTRUMENT;EFS;EUR;108;132.27000000;472;EXCHANGE_LAST;;1;1;XEUR;11286679;688;
25.02.2025;13:35:55.967;FGBL SI 20250306 PS;SIMPLE_INSTRUMENT;EFS;EUR;109;132.19000000;628;EXCHANGE_LAST;;1;1;XEUR;11286679;688;
25.02.2025;13:38:16.753;FGBL SI 20250306 PS;SIMPLE_INSTRUMENT;EFS;EUR;110;132.23000000;450;EXCHANGE_LAST;;1;1;XEUR;11286679;688;
25.02.2025;13:39:19.230;FGBL SI 20250306 PS;SIMPLE_INSTRUMENT;EFP_FIN;EUR;111;132.24000000;121;EXCHANGE_LAST;;1;1;XEUR;11286679;688;
25.02.2025;13:41:39.438;FGBL SI 20250306 PS;SIMPLE_INSTRUMENT;EFS;EUR;112;132.23000000;944;EXCHANGE_LAST;;1;1;XEUR;11286679;688;
25.02.2025;13:44:01.346;FGBL SI 20250306 PS;SIMPLE_INSTRUMENT;EFS;EUR;113;132.26000000;419;EXCHANGE_LAST;;1;1;XEUR;11286679;688;
25.02.2025;13:46:31.430;FGBL SI 20250306 PS;SIMPLE_INSTRUMENT;EFS;EUR;114;132.28000000;419;EXCHANGE_LAST;;1;1;XEUR;11286679;688;
25.02.2025;13:47:17.087;FGBL SI 20250306 PS;SIMPLE_INSTRUMENT;BLOCK;EUR;115;132.25000000;2700;EXCHANGE_LAST;;1;1;XEUR;11286679;688;
25.02.2025;13:52:01.652;FGBL SI 20250306 PS;SIMPLE_INSTRUMENT;EFS;EUR;116;132.33000000;418;EXCHANGE_LAST;;1;1;XEUR;11286679;688;
25.02.2025;13:52:36.681;FGBL SI 20250306 PS;SIMPLE_INSTRUMENT;EFS;EUR;117;132.39000000;628;EXCHANGE_LAST;;1;1;XEUR;11286679;688;
25.02.2025;13:53:11.710;FGBL SI 20250306 PS;SIMPLE_INSTRUMENT;EFS;EUR;118;132.33000000;195;EXCHANGE_LAST;;1;1;XEUR;11286679;688;
25.02.2025;13:54:19.572;FGBL SI 20250306 PS;SIMPLE_INSTRUMENT;EFP_FIN;EUR;119;132.20000000;622;EXCHANGE_LAST;;1;1;XEUR;11286679;688;
25.02.2025;13:55:00.415;FGBL SI 20250306 PS;SIMPLE_INSTRUMENT;EFS;EUR;120;132.35000000;225;EXCHANGE_LAST;;1;1;XEUR;11286679;688;
25.02.2025;14:21:26.029;FGBL SI 20250306 PS;SIMPLE_INSTRUMENT;EFS;EUR;121;132.41000000;418;EXCHANGE_LAST;;1;1;XEUR;11286679;688;
25.02.2025;14:12:15.927;FGBL SI 20250306 PS;SIMPLE_INSTRUMENT;EFS;EUR;122;132.37000000;685;EXCHANGE_LAST;;1;1;XEUR;11286679;688;
25.02.2025;14:13:01.188;FGBL SI 20250306 PS;SIMPLE_INSTRUMENT;EFS;EUR;123;132.37000000;685;EXCHANGE_LAST;;1;1;XEUR;11286679;688;
25.02.2025;14:15:08.463;FGBL SI 20250306 PS;SIMPLE_INSTRUMENT;EFS;EUR;124;132.42000000;209;EXCHANGE_LAST;;1;1;XEUR;11286679;688;
25.02.2025;14:18:15.039;FGBL SI 20250306 PS;SIMPLE_INSTRUMENT;EFS;EUR;125;132.34000000;418;EXCHANGE_LAST;;1;1;XEUR;11286679;688;
25.02.2025;14:27:57.728;FGBL SI 20250306 PS;SIMPLE_INSTRUMENT;EFS;EUR;126;132.37000000;674;EXCHANGE_LAST;;1;1;XEUR;11286679;688;
25.02.2025;14:32:26.603;FGBL SI 20250306 PS;SIMPLE_INSTRUMENT;EFS;EUR;127;132.46000000;236;EXCHANGE_LAST;;1;1;XEUR;11286679;688;
25.02.2025;14:38:01.981;FGBL SI 20250306 PS;SIMPLE_INSTRUMENT;EFS;EUR;128;132.37000000;449;EXCHANGE_LAST;;1;1;XEUR;11286679;688;
25.02.2025;14:40:29.511;FGBL SI 20250306 PS;SIMPLE_INSTRUMENT;EFS;EUR;129;132.37000000;1380;EXCHANGE_LAST;;1;1;XEUR;11286679;688;
25.02.2025;14:46:01.552;FGBL SI 20250306 PS;SIMPLE_INSTRUMENT;EFS;EUR;133;132.35000000;209;EXCHANGE_LAST;;1;1;XEUR;11286679;688;
25.02.2025;14:46:10.564;FGBL SI 20250306 PS;SIMPLE_INSTRUMENT;EFS;EUR;134;132.34000000;209;EXCHANGE_LAST;;1;1;XEUR;11286679;688;
25.02.2025;14:53:04.252;FGBL SI 20250306 PS;SIMPLE_INSTRUMENT;EFS;EUR;135;132.44000000;450;EXCHANGE_LAST;;1;1;XEUR;11286679;688;
25.02.2025;14:58:23.127;FGBL SI 20250306 PS;SIMPLE_INSTRUMENT;EFS;EUR;136;132.42000000;418;EXCHANGE_LAST;;1;1;XEUR;11286679;688;
25.02.2025;15:01:10.383;FGBL SI 20250306 PS;SIMPLE_INSTRUMENT;EFS;EUR;137;132.41000000;418;EXCHANGE_LAST;;1;1;XEUR;11286679;688;
25.02.2025;15:03:43.404;FGBL SI 20250306 PS;SIMPLE_INSTRUMENT;EFS;EUR;138;132.40000000;418;EXCHANGE_LAST;;1;1;XEUR;11286679;688;
25.02.2025;15:03:53.641;FGBL SI 20250306 PS;SIMPLE_INSTRUMENT;EFS;EUR;139;132.41000000;180;EXCHANGE_LAST;;1;1;XEUR;11286679;688;
25.02.2025;15:05:07.650;FGBL SI 20250306 PS;SIMPLE_INSTRUMENT;EFP_FIN;EUR;140;132.35000000;899;EXCHANGE_LAST;;1;1;XEUR;11286679;688;
25.02.2025;15:05:42.247;FGBL SI 20250306 PS;SIMPLE_INSTRUMENT;EFP_FIN;EUR;141;132.35000000;191;EXCHANGE_LAST;;1;1;XEUR;11286679;688;
25.02.2025;15:06:17.320;FGBL SI 20250306 PS;SIMPLE_INSTRUMENT;EFS;EUR;142;132.46000000;471;EXCHANGE_LAST;;1;1;XEUR;11286679;688;
25.02.2025;15:07:02.550;FGBL SI 20250306 PS;SIMPLE_INSTRUMENT;EFS;EUR;143;132.49000000;471;EXCHANGE_LAST;;1;1;XEUR;11286679;688;
25.02.2025;15:07:02.172;FGBL SI 20250306 PS;SIMPLE_INSTRUMENT;EFP_FIN;EUR;144;132.44000000;224;EXCHANGE_LAST;;1;1;XEUR;11286679;688;
25.02.2025;15:07:38.602;FGBL SI 20250306 PS;SIMPLE_INSTRUMENT;EFS;EUR;145;132.51000000;418;EXCHANGE_LAST;;1;1;XEUR;11286679;688;
25.02.2025;15:07:44.705;FGBL SI 20250306 PS;SIMPLE_INSTRUMENT;EFS;EUR;146;132.47000000;471;EXCHANGE_LAST;;1;1;XEUR;11286679;688;
25.02.2025;15:08:08.862;FGBL SI 20250306 PS;SIMPLE_INSTRUMENT;EFS;EUR;147;132.49000000;471;EXCHANGE_LAST;;1;1;XEUR;11286679;688;
25.02.2025;15:08:53.904;FGBL SI 20250306 PS;SIMPLE_INSTRUMENT;EFS;EUR;148;132.48000000;471;EXCHANGE_LAST;;1;1;XEUR;11286679;688;
25.02.2025;15:10:15.614;FGBL SI 20250306 PS;SIMPLE_INSTRUMENT;EFS;EUR;149;132.48000000;471;EXCHANGE_LAST;;1;1;XEUR;11286679;688;
25.02.2025;15:10:28.732;FGBL SI 20250306 PS;SIMPLE_INSTRUMENT;EFP_FIN;EUR;150;132.47000000;209;EXCHANGE_LAST;;1;1;XEUR;11286679;688;
25.02.2025;15:10:55.786;FGBL SI 20250306 PS;SIMPLE_INSTRUMENT;EFS;EUR;151;132.13000000;135;EXCHANGE_LAST;;1;1;XEUR;11286679;688;
25.02.2025;15:11:43.318;FGBL SI 20250306 PS;SIMPLE_INSTRUMENT;EFS;EUR;152;132.50000000;225;EXCHANGE_LAST;;1;1;XEUR;11286679;688;
25.02.2025;15:12:51.708;FGBL SI 20250306 PS;SIMPLE_INSTRUMENT;EFP_FIN;EUR;153;132.48000000;359;EXCHANGE_LAST;;1;1;XEUR;11286679;688;
25.02.2025;15:19:41.903;FGBL SI 20250306 PS;SIMPLE_INSTRUMENT;EFS;EUR;155;132.35000000;472;EXCHANGE_LAST;;1;1;XEUR;11286679;688;
25.02.2025;15:23:09.269;FGBL SI 20250306 PS;SIMPLE_INSTRUMENT;EFS;EUR;156;132.51000000;471;EXCHANGE_LAST;;1;1;XEUR;11286679;688;
25.02.2025;15:23:50.289;FGBL SI 20250306 PS;SIMPLE_INSTRUMENT;EFS;EUR;157;132.58000000;418;EXCHANGE_LAST;;1;1;XEUR;11286679;688;
25.02.2025;15:24:35.325;FGBL SI 20250306 PS;SIMPLE_INSTRUMENT;EFS;EUR;158;132.58000000;418;EXCHANGE_LAST;;1;1;XEUR;11286679;688;
25.02.2025;15:25:04.342;FGBL SI 20250306 PS;SIMPLE_INSTRUMENT;EFS;EUR;159;132.55000000;471;EXCHANGE_LAST;;1;1;XEUR;11286679;688;
25.02.2025;15:28:22.336;FGBL SI 20250306 PS;SIMPLE_INSTRUMENT;EFS;EUR;160;132.56000000;471;EXCHANGE_LAST;;1;1;XEUR;11286679;688;
25.02.2025;15:28:35.028;FGBL SI 20250306 PS;SIMPLE_INSTRUMENT;EFS;EUR;161;132.50000000;471;EXCHANGE_LAST;;1;1;XEUR;11286679;688;
25.02.2025;15:29:27.924;FGBL SI 20250306 PS;SIMPLE_INSTRUMENT;EFS;EUR;162;132.54000000;471;EXCHANGE_LAST;;1;1;XEUR;11286679;688;
25.02.2025;15:30:52.189;FGBL SI 20250306 PS;SIMPLE_INSTRUMENT;EFS;EUR;163;132.47000000;471;EXCHANGE_LAST;;1;1;XEUR;11286679;688;
25.02.2025;15:31:23.302;FGBL SI 20250306 PS;SIMPLE_INSTRUMENT;EFP_FIN;EUR;164;132.47000000;198;EXCHANGE_LAST;;1;1;XEUR;11286679;688;
25.02.2025;15:33:26.010;FGBL SI 20250306 PS;SIMPLE_INSTRUMENT;EFP_FIN;EUR;165;132.55000000;1030;EXCHANGE_LAST;;1;1;XEUR;11286679;688;
25.02.2025;15:40:10.862;FGBL SI 20250306 PS;SIMPLE_INSTRUMENT;EFS;EUR;166;132.56000000;209;EXCHANGE_LAST;;1;1;XEUR;11286679;688;
25.02.2025;15:40:34.336;FGBL SI 20250306 PS;SIMPLE_INSTRUMENT;EFS;EUR;167;132.51000000;235;EXCHANGE_LAST;;1;1;XEUR;11286679;688;
25.02.2025;15:40:55.745;FGBL SI 20250306 PS;SIMPLE_INSTRUMENT;EFS;EUR;168;132.54000000;897;EXCHANGE_LAST;;1;1;XEUR;11286679;688;
25.02.2025;15:43:44.289;FGBL SI 20250306 PS;SIMPLE_INSTRUMENT;EFP_FIN;EUR;169;132.56000000;810;EXCHANGE_LAST;;1;1;XEUR;11286679;688;
25.02.2025;15:46:30.064;FGBL SI 20250306 PS;SIMPLE_INSTRUMENT;EFS;EUR;170;132.53000000;418;EXCHANGE_LAST;;1;1;XEUR;11286679;688;
25.02.2025;15:47:18.274;FGBL SI 20250306 PS;SIMPLE_INSTRUMENT;EFS;EUR;171;132.52000000;418;EXCHANGE_LAST;;1;1;XEUR;11286679;688;
25.02.2025;15:48:15.346;FGBL SI 20250306 PS;SIMPLE_INSTRUMENT;EFP_FIN;EUR;172;132.56000000;607;EXCHANGE_LAST;;1;1;XEUR;11286679;688;
25.02.2025;15:48:23.320;FGBL SI 20250306 PS;SIMPLE_INSTRUMENT;EFS;EUR;173;132.53000000;251;EXCHANGE_LAST;;1;1;XEUR;11286679;688;
25.02.2025;15:51:10.121;FGBL SI 20250306 PS;SIMPLE_INSTRUMENT;EFP_FIN;EUR;174;132.52000000;607;EXCHANGE_LAST;;1;1;XEUR;11286679;688;
25.02.2025;15:52:01.896;FGBL SI 20250306 PS;SIMPLE_INSTRUMENT;EFP_FIN;EUR;175;132.53000000;1941;EXCHANGE_LAST;;1;1;XEUR;11286679;688;
25.02.2025;15:53:49.901;FGBL SI 20250306 PS;SIMPLE_INSTRUMENT;EFP_FIN;EUR;176;132.54000000;357;EXCHANGE_LAST;;1;1;XEUR;11286679;688;
25.02.2025;15:55:11.322;FGBL SI 20250306 PS;SIMPLE_INSTRUMENT;EFS;EUR;177;132.53000000;84;EXCHANGE_LAST;;1;1;XEUR;11286679;688;
25.02.2025;15:55:29.921;FGBL SI 20250306 PS;SIMPLE_INSTRUMENT;EFP_FIN;EUR;178;132.36000000;705;EXCHANGE_LAST;;1;1;XEUR;11286679;688;
25.02.2025;15:57:17.838;FGBL SI 20250306 PS;SIMPLE_INSTRUMENT;EFP_FIN;EUR;179;132.53000000;425;EXCHANGE_LAST;;1;1;XEUR;11286679;688;
25.02.2025;15:58:33.952;FGBL SI 20250306 PS;SIMPLE_INSTRUMENT;EFS;EUR;180;132.50000000;233;EXCHANGE_LAST;;1;1;XEUR;11286679;688;
25.02.2025;16:02:15.151;FGBL SI 20250306 PS;SIMPLE_INSTRUMENT;EFP_FIN;EUR;181;132.55000000;890;EXCHANGE_LAST;;1;1;XEUR;11286679;688;
25.02.2025;16:04:01.879;FGBL SI 20250306 PS;SIMPLE_INSTRUMENT;EFP_FIN;EUR;182;132.14000000;2100;EXCHANGE_LAST;;1;1;XEUR;11286679;688;
25.02.2025;16:04:34.091;FGBL SI 20250306 PS;SIMPLE_INSTRUMENT;EFP_FIN;EUR;183;132.53000000;978;EXCHANGE_LAST;;1;1;XEUR;11286679;688;
25.02.2025;16:08:16.442;FGBL SI 20250306 PS;SIMPLE_INSTRUMENT;EFP_FIN;EUR;184;132.45000000;137;EXCHANGE_LAST;;1;1;XEUR;11286679;688;
25.02.2025;16:11:22.992;FGBL SI 20250306 PS;SIMPLE_INSTRUMENT;EFP_FIN;EUR;185;132.22000000;575;EXCHANGE_LAST;;1;1;XEUR;11286679;688;
25.02.2025;16:17:34.259;FGBL SI 20250306 PS;SIMPLE_INSTRUMENT;EFS;EUR;186;132.56000000;700;EXCHANGE_LAST;;1;1;XEUR;11286679;688;
25.02.2025;16:19:15.141;FGBL SI 20250306 PS;SIMPLE_INSTRUMENT;EFS;EUR;187;132.46000000;234;EXCHANGE_LAST;;1;1;XEUR;11286679;688;
25.02.2025;16:21:57.947;FGBL SI 20250306 PS;SIMPLE_INSTRUMENT;EFP_FIN;EUR;188;132.45000000;610;EXCHANGE_LAST;;1;1;XEUR;11286679;688;
25.02.2025;16:23:58.804;FGBL SI 20250306 PS;SIMPLE_INSTRUMENT;EFP_FIN;EUR;189;132.50000000;607;EXCHANGE_LAST;;1;1;XEUR;11286679;688;
25.02.2025;16:23:59.127;FGBL SI 20250306 PS;SIMPLE_INSTRUMENT;EFS;EUR;190;132.46000000;209;EXCHANGE_LAST;;1;1;XEUR;11286679;688;
25.02.2025;16:35:09.448;FGBL SI 20250306 PS;SIMPLE_INSTRUMENT;EFP_FIN;EUR;191;132.47000000;672;EXCHANGE_LAST;;1;1;XEUR;11286679;688;
25.02.2025;16:36:55.383;FGBL SI 20250306 PS;SIMPLE_INSTRUMENT;EFS;EUR;192;132.49000000;167;EXCHANGE_LAST;;1;1;XEUR;11286679;688;
25.02.2025;16:37:38.323;FGBL SI 20250306 PS;SIMPLE_INSTRUMENT;EFS;EUR;193;132.49000000;418;EXCHANGE_LAST;;1;1;XEUR;11286679;688;
25.02.2025;16:38:25.721;FGBL SI 20250306 PS;SIMPLE_INSTRUMENT;EFS;EUR;194;132.49000000;251;EXCHANGE_LAST;;1;1;XEUR;11286679;688;
25.02.2025;16:44:43.245;FGBL SI 20250306 PS;SIMPLE_INSTRUMENT;EFP_FIN;EUR;195;132.54000000;303;EXCHANGE_LAST;;1;1;XEUR;11286679;688;
25.02.2025;16:46:41.969;FGBL SI 20250306 PS;SIMPLE_INSTRUMENT;EFS;EUR;196;132.54000000;377;EXCHANGE_LAST;;1;1;XEUR;11286679;688;
25.02.2025;16:46:19.532;FGBL SI 20250306 PS;SIMPLE_INSTRUMENT;EFP_FIN;EUR;197;132.47000000;153;EXCHANGE_LAST;;1;1;XEUR;11286679;688;
25.02.2025;16:46:38.904;FGBL SI 20250306 PS;SIMPLE_INSTRUMENT;EFP_FIN;EUR;198;132.55000000;77;EXCHANGE_LAST;;1;1;XEUR;11286679;688;
25.02.2025;17:00:44.339;FGBL SI 20250306 PS;SIMPLE_INSTRUMENT;EFS;EUR;199;132.46000000;418;EXCHANGE_LAST;;1;1;XEUR;11286679;688;
25.02.2025;17:05:31.054;FGBL SI 20250306 PS;SIMPLE_INSTRUMENT;EFS;EUR;200;132.44000000;226;EXCHANGE_LAST;;1;1;XEUR;11286679;688;
25.02.2025;17:13:54.479;FGBL SI 20250306 PS;SIMPLE_INSTRUMENT;EFS;EUR;201;132.47000000;209;EXCHANGE_LAST;;1;1;XEUR;11286679;688;
25.02.2025;17:15:06.569;FGBL SI 20250306 PS;SIMPLE_INSTRUMENT;EFS;EUR;202;132.46000000;418;EXCHANGE_LAST;;1;1;XEUR;11286679;688;
25.02.2025;08:26:40.617;FGBL SI 20250306 PS;SIMPLE_INSTRUMENT;VOLA;EUR;268435474;132.18000000;100;EXCHANGE_LAST;;1;1;XEUR;11286679;688;
25.02.2025;08:26:41.380;FGBL SI 20250306 PS;SIMPLE_INSTRUMENT;VOLA;EUR;268435475;132.18000000;85;EXCHANGE_LAST;;1;1;XEUR;11286679;688;
25.02.2025;08:50:06.425;FGBL SI 20250306 PS;SIMPLE_INSTRUMENT;VOLA;EUR;268435487;132.24000000;450;EXCHANGE_LAST;;1;1;XEUR;11286679;688;
25.02.2025;12:28:01.201;FGBL SI 20250306 PS;SIMPLE_INSTRUMENT;VOLA;EUR;268435508;132.18000000;140;EXCHANGE_LAST;;1;1;XEUR;11286679;688;
25.02.2025;14:09:55.309;FGBL SI 20250306 PS;SIMPLE_INSTRUMENT;VOLA;EUR;268435521;132.02000000;13;EXCHANGE_LAST;;1;1;XEUR;11286679;688;
25.02.2025;14:11:04.319;FGBL SI 20250306 PS;SIMPLE_INSTRUMENT;VOLA;EUR;268435522;132.13000000;7;EXCHANGE_LAST;;1;1;XEUR;11286679;688;
25.02.2025;16:07:38.471;FGBL SI 20250606 PS;SIMPLE_INSTRUMENT;VOLA;EUR;268435557;131.65000000;22;EXCHANGE_LAST;;1;1;XEUR;11820389;688;
25.02.2025;16:08:31.928;FGBL SI 20250606 PS;SIMPLE_INSTRUMENT;VOLA;EUR;268435558;131.65000000;9;EXCHANGE_LAST;;1;1;XEUR;11820389;688;
25.02.2025;16:09:19.423;FGBL SI 20250606 PS;SIMPLE_INSTRUMENT;VOLA;EUR;268435559;131.65000000;23;EXCHANGE_LAST;;1;1;XEUR;11820389;688;
25.02.2025;16:23:31.640;FGBL SI 20250606 PS;SIMPLE_INSTRUMENT;VOLA;EUR;268435565;131.64000000;100;EXCHANGE_LAST;;1;1;XEUR;11820389;688;
25.02.2025;07:51:16.658;FGBM SI 20250306 PS;SIMPLE_INSTRUMENT;EFS;EUR;1;117.41000000;925;EXCHANGE_LAST;;1;1;XEUR;11286680;689;
25.02.2025;08:01:44.964;FGBM SI 20250306 PS;SIMPLE_INSTRUMENT;EFS;EUR;2;117.42000000;1889;EXCHANGE_LAST;;1;1;XEUR;11286680;689;
25.02.2025;08:20:42.104;FGBM SI 20250306 PS;SIMPLE_INSTRUMENT;EFS;EUR;3;117.39000000;1978;EXCHANGE_LAST;;1;1;XEUR;11286680;689;
25.02.2025;08:30:36.053;FGBM SI 20250306 PS;SIMPLE_INSTRUMENT;EFS;EUR;4;117.42000000;607;EXCHANGE_LAST;;1;1;XEUR;11286680;689;
25.02.2025;08:32:36.281;FGBM SI 20250306 PS;SIMPLE_INSTRUMENT;EFS;EUR;5;117.45000000;925;EXCHANGE_LAST;;1;1;XEUR;11286680;689;
25.02.2025;08:32:46.290;FGBM SI 20250306 PS;SIMPLE_INSTRUMENT;EFS;EUR;6;117.45000000;925;EXCHANGE_LAST;;1;1;XEUR;11286680;689;
25.02.2025;08:37:25.472;FGBM SI 20250306 PS;SIMPLE_INSTRUMENT;EFP_FIN;EUR;7;117.40000000;2000;EXCHANGE_LAST;;1;1;XEUR;11286680;689;
25.02.2025;08:42:59.495;FGBM SI 20250306 PS;SIMPLE_INSTRUMENT;EFS;EUR;8;117.48000000;567;EXCHANGE_LAST;;1;1;XEUR;11286680;689;
25.02.2025;08:46:17.676;FGBM SI 20250306 PS;SIMPLE_INSTRUMENT;EFS;EUR;9;117.45000000;494;EXCHANGE_LAST;;1;1;XEUR;11286680;689;
25.02.2025;08:45:22.489;FGBM SI 20250306 PS;SIMPLE_INSTRUMENT;EFS;EUR;10;117.45000000;190;EXCHANGE_LAST;;1;1;XEUR;11286680;689;
25.02.2025;08:47:19.931;FGBM SI 20250306 PS;SIMPLE_INSTRUMENT;EFS;EUR;11;117.45000000;494;EXCHANGE_LAST;;1;1;XEUR;11286680;689;
25.02.2025;09:06:08.120;FGBM SI 20250306 PS;SIMPLE_INSTRUMENT;EFP_FIN;EUR;12;117.50000000;192;EXCHANGE_LAST;;1;1;XEUR;11286680;689;
25.02.2025;09:21:10.381;FGBM SI 20250306 PS;SIMPLE_INSTRUMENT;EFS;EUR;13;117.48000000;755;EXCHANGE_LAST;;1;1;XEUR;11286680;689;
25.02.2025;09:31:55.966;FGBM SI 20250306 PS;SIMPLE_INSTRUMENT;EFS;EUR;14;117.48000000;1132;EXCHANGE_LAST;;1;1;XEUR;11286680;689;
25.02.2025;09:40:23.667;FGBM SI 20250306 PS;SIMPLE_INSTRUMENT;EFS;EUR;15;117.49000000;462;EXCHANGE_LAST;;1;1;XEUR;11286680;689;
25.02.2025;09:40:49.877;FGBM SI 20250306 PS;SIMPLE_INSTRUMENT;EFS;EUR;16;117.50000000;462;EXCHANGE_LAST;;1;1;XEUR;11286680;689;
25.02.2025;09:41:18.157;FGBM SI 20250306 PS;SIMPLE_INSTRUMENT;EFS;EUR;17;117.49000000;462;EXCHANGE_LAST;;1;1;XEUR;11286680;689;
25.02.2025;09:47:47.971;FGBM SI 20250306 PS;SIMPLE_INSTRUMENT;EFS;EUR;18;117.50000000;500;EXCHANGE_LAST;;1;1;XEUR;11286680;689;
25.02.2025;09:49:06.300;FGBM SI 20250306 PS;SIMPLE_INSTRUMENT;EFS;EUR;19;117.50000000;924;EXCHANGE_LAST;;1;1;XEUR;11286680;689;
25.02.2025;10:01:44.699;FGBM SI 20250306 PS;SIMPLE_INSTRUMENT;EFP_FIN;EUR;20;117.50000000;384;EXCHANGE_LAST;;1;1;XEUR;11286680;689;
25.02.2025;09:59:13.810;FGBM SI 20250306 PS;SIMPLE_INSTRUMENT;EFP_FIN;EUR;21;117.50000000;153;EXCHANGE_LAST;;1;1;XEUR;11286680;689;
25.02.2025;10:02:58.310;FGBM SI 20250306 PS;SIMPLE_INSTRUMENT;EFS;EUR;22;117.51000000;755;EXCHANGE_LAST;;1;1;XEUR;11286680;689;
25.02.2025;10:02:55.717;FGBM SI 20250306 PS;SIMPLE_INSTRUMENT;EFP_FIN;EUR;23;117.54000000;1202;EXCHANGE_LAST;;1;1;XEUR;11286680;689;
25.02.2025;10:03:40.156;FGBM SI 20250306 PS;SIMPLE_INSTRUMENT;EFS;EUR;24;117.52000000;747;EXCHANGE_LAST;;1;1;XEUR;11286680;689;
25.02.2025;10:04:04.393;FGBM SI 20250306 PS;SIMPLE_INSTRUMENT;EFS;EUR;25;117.52000000;747;EXCHANGE_LAST;;1;1;XEUR;11286680;689;
25.02.2025;10:05:15.227;FGBM SI 20250306 PS;SIMPLE_INSTRUMENT;EFS;EUR;26;117.52000000;747;EXCHANGE_LAST;;1;1;XEUR;11286680;689;
25.02.2025;10:06:49.576;FGBM SI 20250306 PS;SIMPLE_INSTRUMENT;EFP_FIN;EUR;27;117.50000000;192;EXCHANGE_LAST;;1;1;XEUR;11286680;689;
25.02.2025;10:05:35.246;FGBM SI 20250306 PS;SIMPLE_INSTRUMENT;EFS;EUR;28;117.52000000;374;EXCHANGE_LAST;;1;1;XEUR;11286680;689;
25.02.2025;10:06:00.266;FGBM SI 20250306 PS;SIMPLE_INSTRUMENT;EFS;EUR;29;117.52000000;374;EXCHANGE_LAST;;1;1;XEUR;11286680;689;
25.02.2025;10:07:17.755;FGBM SI 20250306 PS;SIMPLE_INSTRUMENT;EFP_FIN;EUR;30;117.50000000;949;EXCHANGE_LAST;;1;1;XEUR;11286680;689;
25.02.2025;10:09:46.514;FGBM SI 20250306 PS;SIMPLE_INSTRUMENT;EFS;EUR;31;117.49000000;494;EXCHANGE_LAST;;1;1;XEUR;11286680;689;
25.02.2025;10:28:08.963;FGBM SI 20250306 PS;SIMPLE_INSTRUMENT;EFP_FIN;EUR;32;117.52000000;184;EXCHANGE_LAST;;1;1;XEUR;11286680;689;
25.02.2025;10:29:17.134;FGBM SI 20250306 PS;SIMPLE_INSTRUMENT;EFP_FIN;EUR;33;117.52000000;307;EXCHANGE_LAST;;1;1;XEUR;11286680;689;
25.02.2025;10:33:26.664;FGBM SI 20250306 PS;SIMPLE_INSTRUMENT;EFS;EUR;34;117.46000000;322;EXCHANGE_LAST;;1;1;XEUR;11286680;689;
25.02.2025;10:36:43.553;FGBM SI 20250306 PS;SIMPLE_INSTRUMENT;EFS;EUR;35;117.45000000;874;EXCHANGE_LAST;;1;1;XEUR;11286680;689;
25.02.2025;10:40:33.416;FGBM SI 20250306 PS;SIMPLE_INSTRUMENT;EFS;EUR;36;117.47000000;323;EXCHANGE_LAST;;1;1;XEUR;11286680;689;
25.02.2025;10:41:13.564;FGBM SI 20250306 PS;SIMPLE_INSTRUMENT;EFS;EUR;37;117.46000000;924;EXCHANGE_LAST;;1;1;XEUR;11286680;689;
25.02.2025;10:42:25.984;FGBM SI 20250306 PS;SIMPLE_INSTRUMENT;EFS;EUR;38;117.45000000;462;EXCHANGE_LAST;;1;1;XEUR;11286680;689;
25.02.2025;10:45:19.974;FGBM SI 20250306 PS;SIMPLE_INSTRUMENT;EFS;EUR;39;117.50000000;479;EXCHANGE_LAST;;1;1;XEUR;11286680;689;
25.02.2025;10:59:29.951;FGBM SI 20250306 PS;SIMPLE_INSTRUMENT;EFP_FIN;EUR;40;117.42000000;492;EXCHANGE_LAST;;1;1;XEUR;11286680;689;
25.02.2025;11:15:49.108;FGBM SI 20250306 PS;SIMPLE_INSTRUMENT;EFP_FIN;EUR;41;117.43000000;395;EXCHANGE_LAST;;1;1;XEUR;11286680;689;
25.02.2025;11:17:03.720;FGBM SI 20250306 PS;SIMPLE_INSTRUMENT;EFS;EUR;42;117.43000000;462;EXCHANGE_LAST;;1;1;XEUR;11286680;689;
25.02.2025;11:21:11.440;FGBM SI 20250306 PS;SIMPLE_INSTRUMENT;EFS;EUR;43;117.41000000;462;EXCHANGE_LAST;;1;1;XEUR;11286680;689;
25.02.2025;11:21:46.222;FGBM SI 20250306 PS;SIMPLE_INSTRUMENT;EFP_FIN;EUR;44;117.43000000;1812;EXCHANGE_LAST;;1;1;XEUR;11286680;689;
25.02.2025;11:56:23.916;FGBM SI 20250306 PS;SIMPLE_INSTRUMENT;EFS;EUR;45;117.41000000;924;EXCHANGE_LAST;;1;1;XEUR;11286680;689;
25.02.2025;12:28:28.522;FGBM SI 20250306 PS;SIMPLE_INSTRUMENT;EFS;EUR;46;117.47000000;924;EXCHANGE_LAST;;1;1;XEUR;11286680;689;
25.02.2025;12:43:59.359;FGBM SI 20250306 PS;SIMPLE_INSTRUMENT;EFS;EUR;47;117.49000000;471;EXCHANGE_LAST;;1;1;XEUR;11286680;689;
25.02.2025;12:48:26.200;FGBM SI 20250306 PS;SIMPLE_INSTRUMENT;EFP_FIN;EUR;48;117.49000000;1353;EXCHANGE_LAST;;1;1;XEUR;11286680;689;
25.02.2025;13:03:16.036;FGBM SI 20250306 PS;SIMPLE_INSTRUMENT;EFP_FIN;EUR;49;117.41000000;766;EXCHANGE_LAST;;1;1;XEUR;11286680;689;
25.02.2025;13:17:34.205;FGBM SI 20250306 PS;SIMPLE_INSTRUMENT;EFS;EUR;50;117.46000000;693;EXCHANGE_LAST;;1;1;XEUR;11286680;689;
25.02.2025;13:18:58.465;FGBM SI 20250306 PS;SIMPLE_INSTRUMENT;EFS;EUR;51;117.47000000;761;EXCHANGE_LAST;;1;1;XEUR;11286680;689;
25.02.2025;13:24:37.414;FGBM SI 20250306 PS;SIMPLE_INSTRUMENT;EFS;EUR;52;117.49000000;2800;EXCHANGE_LAST;;1;1;XEUR;11286680;689;
25.02.2025;13:35:50.962;FGBM SI 20250306 PS;SIMPLE_INSTRUMENT;EFS;EUR;53;117.42000000;925;EXCHANGE_LAST;;1;1;XEUR;11286680;689;
25.02.2025;13:36:23.852;FGBM SI 20250306 PS;SIMPLE_INSTRUMENT;EFS;EUR;54;117.43000000;924;EXCHANGE_LAST;;1;1;XEUR;11286680;689;
25.02.2025;13:37:03.721;FGBM SI 20250306 PS;SIMPLE_INSTRUMENT;EFS;EUR;55;117.43000000;462;EXCHANGE_LAST;;1;1;XEUR;11286680;689;
25.02.2025;13:52:11.451;FGBM SI 20250306 PS;SIMPLE_INSTRUMENT;EFS;EUR;56;117.43000000;565;EXCHANGE_LAST;;1;1;XEUR;11286680;689;
25.02.2025;14:04:47.764;FGBM SI 20250306 PS;SIMPLE_INSTRUMENT;EFS;EUR;57;117.49000000;462;EXCHANGE_LAST;;1;1;XEUR;11286680;689;
25.02.2025;14:19:58.618;FGBM SI 20250306 PS;SIMPLE_INSTRUMENT;EFP_FIN;EUR;58;117.47000000;538;EXCHANGE_LAST;;1;1;XEUR;11286680;689;
25.02.2025;14:27:40.376;FGBM SI 20250306 PS;SIMPLE_INSTRUMENT;EFS;EUR;59;117.50000000;494;EXCHANGE_LAST;;1;1;XEUR;11286680;689;
25.02.2025;14:38:21.352;FGBM SI 20250306 PS;SIMPLE_INSTRUMENT;BLOCK;EUR;60;117.50000000;4314;EXCHANGE_LAST;;1;1;XEUR;11286680;689;
25.02.2025;14:41:26.358;FGBM SI 20250306 PS;SIMPLE_INSTRUMENT;EFP_FIN;EUR;61;117.47000000;1142;EXCHANGE_LAST;;1;1;XEUR;11286680;689;
25.02.2025;14:54:33.099;FGBM SI 20250306 PS;SIMPLE_INSTRUMENT;EFP_FIN;EUR;62;117.49000000;750;EXCHANGE_LAST;;1;1;XEUR;11286680;689;
25.02.2025;14:55:03.295;FGBM SI 20250306 PS;SIMPLE_INSTRUMENT;EFP_FIN;EUR;63;117.47000000;750;EXCHANGE_LAST;;1;1;XEUR;11286680;689;
25.02.2025;14:58:39.936;FGBM SI 20250306 PS;SIMPLE_INSTRUMENT;EFS;EUR;64;117.47000000;467;EXCHANGE_LAST;;1;1;XEUR;11286680;689;
25.02.2025;15:03:56.168;FGBM SI 20250306 PS;SIMPLE_INSTRUMENT;EFP_FIN;EUR;65;117.46000000;982;EXCHANGE_LAST;;1;1;XEUR;11286680;689;
25.02.2025;15:09:43.682;FGBM SI 20250306 PS;SIMPLE_INSTRUMENT;EFP_FIN;EUR;66;117.47000000;345;EXCHANGE_LAST;;1;1;XEUR;11286680;689;
25.02.2025;15:15:24.821;FGBM SI 20250306 PS;SIMPLE_INSTRUMENT;EFP_FIN;EUR;67;117.49000000;134;EXCHANGE_LAST;;1;1;XEUR;11286680;689;
25.02.2025;15:15:32.421;FGBM SI 20250306 PS;SIMPLE_INSTRUMENT;EFP_FIN;EUR;68;117.50000000;134;EXCHANGE_LAST;;1;1;XEUR;11286680;689;
25.02.2025;15:21:03.222;FGBM SI 20250306 PS;SIMPLE_INSTRUMENT;EFP_FIN;EUR;69;117.53000000;982;EXCHANGE_LAST;;1;1;XEUR;11286680;689;
25.02.2025;15:29:15.181;FGBM SI 20250306 PS;SIMPLE_INSTRUMENT;EFS;EUR;70;117.54000000;923;EXCHANGE_LAST;;1;1;XEUR;11286680;689;
25.02.2025;15:30:05.157;FGBM SI 20250306 PS;SIMPLE_INSTRUMENT;EFS;EUR;71;117.55000000;923;EXCHANGE_LAST;;1;1;XEUR;11286680;689;
25.02.2025;15:30:57.045;FGBM SI 20250306 PS;SIMPLE_INSTRUMENT;EFS;EUR;72;117.56000000;469;EXCHANGE_LAST;;1;1;XEUR;11286680;689;
25.02.2025;15:46:07.234;FGBM SI 20250306 PS;SIMPLE_INSTRUMENT;EFP_FIN;EUR;73;117.50000000;167;EXCHANGE_LAST;;1;1;XEUR;11286680;689;
25.02.2025;16:03:56.372;FGBM SI 20250306 PS;SIMPLE_INSTRUMENT;EFS;EUR;74;117.54000000;755;EXCHANGE_LAST;;1;1;XEUR;11286680;689;
25.02.2025;16:04:14.993;FGBM SI 20250306 PS;SIMPLE_INSTRUMENT;EFS;EUR;75;117.49000000;924;EXCHANGE_LAST;;1;1;XEUR;11286680;689;
25.02.2025;16:15:19.868;FGBM SI 20250306 PS;SIMPLE_INSTRUMENT;EFS;EUR;76;117.51000000;924;EXCHANGE_LAST;;1;1;XEUR;11286680;689;
25.02.2025;16:17:05.355;FGBM SI 20250306 PS;SIMPLE_INSTRUMENT;EFS;EUR;77;117.51000000;462;EXCHANGE_LAST;;1;1;XEUR;11286680;689;
25.02.2025;16:17:36.852;FGBM SI 20250306 PS;SIMPLE_INSTRUMENT;EFS;EUR;78;117.56000000;1500;EXCHANGE_LAST;;1;1;XEUR;11286680;689;
25.02.2025;16:17:57.023;FGBM SI 20250306 PS;SIMPLE_INSTRUMENT;EFS;EUR;79;117.51000000;924;EXCHANGE_LAST;;1;1;XEUR;11286680;689;
25.02.2025;16:28:03.585;FGBM SI 20250306 PS;SIMPLE_INSTRUMENT;EFS;EUR;80;117.51000000;924;EXCHANGE_LAST;;1;1;XEUR;11286680;689;
25.02.2025;16:32:36.495;FGBM SI 20250306 PS;SIMPLE_INSTRUMENT;EFS;EUR;81;117.52000000;924;EXCHANGE_LAST;;1;1;XEUR;11286680;689;
25.02.2025;16:34:42.489;FGBM SI 20250306 PS;SIMPLE_INSTRUMENT;EFS;EUR;82;117.51000000;349;EXCHANGE_LAST;;1;1;XEUR;11286680;689;
25.02.2025;16:36:03.496;FGBM SI 20250306 PS;SIMPLE_INSTRUMENT;EFP_FIN;EUR;83;117.50000000;775;EXCHANGE_LAST;;1;1;XEUR;11286680;689;
25.02.2025;16:42:15.205;FGBM SI 20250306 PS;SIMPLE_INSTRUMENT;EFS;EUR;84;117.53000000;573;EXCHANGE_LAST;;1;1;XEUR;11286680;689;
25.02.2025;16:43:30.492;FGBM SI 20250306 PS;SIMPLE_INSTRUMENT;EFS;EUR;85;117.56000000;693;EXCHANGE_LAST;;1;1;XEUR;11286680;689;
25.02.2025;16:48:06.645;FGBM SI 20250306 PS;SIMPLE_INSTRUMENT;EFP_FIN;EUR;86;117.54000000;245;EXCHANGE_LAST;;1;1;XEUR;11286680;689;
25.02.2025;08:56:05.351;FGBS SI 20250306 PS;SIMPLE_INSTRUMENT;EFS;EUR;1;106.82500000;2739;EXCHANGE_LAST;;1;1;XEUR;11286681;690;
25.02.2025;08:57:32.202;FGBS SI 20250306 PS;SIMPLE_INSTRUMENT;EFS;EUR;2;106.85000000;5475;EXCHANGE_LAST;;1;1;XEUR;11286681;690;
25.02.2025;09:26:55.673;FGBS SI 20250306 PS;SIMPLE_INSTRUMENT;EFS;EUR;3;106.85000000;5229;EXCHANGE_LAST;;1;1;XEUR;11286681;690;
25.02.2025;09:27:18.964;FGBS SI 20250306 PS;SIMPLE_INSTRUMENT;EFP_FIN;EUR;4;106.84500000;361;EXCHANGE_LAST;;1;1;XEUR;11286681;690;
25.02.2025;09:30:47.338;FGBS SI 20250306 PS;SIMPLE_INSTRUMENT;EFS;EUR;5;106.84500000;3136;EXCHANGE_LAST;;1;1;XEUR;11286681;690;
25.02.2025;09:35:53.082;FGBS SI 20250306 PS;SIMPLE_INSTRUMENT;EFP_FIN;EUR;6;106.85000000;334;EXCHANGE_LAST;;1;1;XEUR;11286681;690;
25.02.2025;09:45:32.097;FGBS SI 20250306 PS;SIMPLE_INSTRUMENT;EFS;EUR;7;106.85000000;1339;EXCHANGE_LAST;;1;1;XEUR;11286681;690;
25.02.2025;09:48:34.429;FGBS SI 20250306 PS;SIMPLE_INSTRUMENT;EFP_FIN;EUR;8;106.85000000;334;EXCHANGE_LAST;;1;1;XEUR;11286681;690;
25.02.2025;09:51:29.865;FGBS SI 20250306 PS;SIMPLE_INSTRUMENT;EFS;EUR;9;106.85000000;2795;EXCHANGE_LAST;;1;1;XEUR;11286681;690;
25.02.2025;09:55:38.479;FGBS SI 20250306 PS;SIMPLE_INSTRUMENT;EFP_FIN;EUR;10;106.86000000;935;EXCHANGE_LAST;;1;1;XEUR;11286681;690;
25.02.2025;09:56:12.713;FGBS SI 20250306 PS;SIMPLE_INSTRUMENT;EFP_FIN;EUR;11;106.85000000;135;EXCHANGE_LAST;;1;1;XEUR;11286681;690;
25.02.2025;10:04:45.398;FGBS SI 20250306 PS;SIMPLE_INSTRUMENT;EFS;EUR;12;106.86000000;5229;EXCHANGE_LAST;;1;1;XEUR;11286681;690;
25.02.2025;10:04:56.943;FGBS SI 20250306 PS;SIMPLE_INSTRUMENT;EFP_FIN;EUR;13;106.85500000;159;EXCHANGE_LAST;;1;1;XEUR;11286681;690;
25.02.2025;10:37:27.487;FGBS SI 20250306 PS;SIMPLE_INSTRUMENT;EFP_FIN;EUR;14;106.85000000;468;EXCHANGE_LAST;;1;1;XEUR;11286681;690;
25.02.2025;11:15:04.664;FGBS SI 20250306 PS;SIMPLE_INSTRUMENT;EFS;EUR;15;106.83000000;549;EXCHANGE_LAST;;1;1;XEUR;11286681;690;
25.02.2025;11:24:08.203;FGBS SI 20250306 PS;SIMPLE_INSTRUMENT;EFP_FIN;EUR;16;106.82500000;1416;EXCHANGE_LAST;;1;1;XEUR;11286681;690;
25.02.2025;11:27:06.630;FGBS SI 20250306 PS;SIMPLE_INSTRUMENT;EFS;EUR;17;106.83000000;2754;EXCHANGE_LAST;;1;1;XEUR;11286681;690;
25.02.2025;11:31:13.756;FGBS SI 20250306 PS;SIMPLE_INSTRUMENT;EFP_FIN;EUR;18;106.82000000;383;EXCHANGE_LAST;;1;1;XEUR;11286681;690;
25.02.2025;11:32:50.573;FGBS SI 20250306 PS;SIMPLE_INSTRUMENT;EFP_FIN;EUR;19;106.82000000;1333;EXCHANGE_LAST;;1;1;XEUR;11286681;690;
25.02.2025;11:43:51.383;FGBS SI 20250306 PS;SIMPLE_INSTRUMENT;EFP_FIN;EUR;20;106.81000000;305;EXCHANGE_LAST;;1;1;XEUR;11286681;690;
25.02.2025;12:05:09.141;FGBS SI 20250306 PS;SIMPLE_INSTRUMENT;EFS;EUR;21;106.82000000;2611;EXCHANGE_LAST;;1;1;XEUR;11286681;690;
25.02.2025;12:12:00.821;FGBS SI 20250306 PS;SIMPLE_INSTRUMENT;EFS;EUR;22;106.82000000;5223;EXCHANGE_LAST;;1;1;XEUR;11286681;690;
25.02.2025;13:02:52.034;FGBS SI 20250306 PS;SIMPLE_INSTRUMENT;EFP_FIN;EUR;23;106.84500000;1250;EXCHANGE_LAST;;1;1;XEUR;11286681;690;
25.02.2025;13:04:37.335;FGBS SI 20250306 PS;SIMPLE_INSTRUMENT;EFP_FIN;EUR;24;106.84500000;2013;EXCHANGE_LAST;;1;1;XEUR;11286681;690;
25.02.2025;13:05:51.045;FGBS SI 20250306 PS;SIMPLE_INSTRUMENT;EFP_FIN;EUR;25;106.84500000;1250;EXCHANGE_LAST;;1;1;XEUR;11286681;690;
25.02.2025;13:08:39.092;FGBS SI 20250306 PS;SIMPLE_INSTRUMENT;EFP_FIN;EUR;26;106.85000000;298;EXCHANGE_LAST;;1;1;XEUR;11286681;690;
25.02.2025;13:50:07.982;FGBS SI 20250306 PS;SIMPLE_INSTRUMENT;EFP_FIN;EUR;27;106.84000000;180;EXCHANGE_LAST;;1;1;XEUR;11286681;690;
25.02.2025;14:08:13.854;FGBS SI 20250306 PS;SIMPLE_INSTRUMENT;EFP_FIN;EUR;28;106.85500000;413;EXCHANGE_LAST;;1;1;XEUR;11286681;690;
25.02.2025;14:17:51.246;FGBS SI 20250306 PS;SIMPLE_INSTRUMENT;EFP_FIN;EUR;29;106.85000000;444;EXCHANGE_LAST;;1;1;XEUR;11286681;690;
25.02.2025;15:43:08.672;FGBS SI 20250306 PS;SIMPLE_INSTRUMENT;EFS;EUR;30;106.86000000;5207;EXCHANGE_LAST;;1;1;XEUR;11286681;690;
25.02.2025;15:58:59.934;FGBS SI 20250306 PS;SIMPLE_INSTRUMENT;EFP_FIN;EUR;31;106.86000000;539;EXCHANGE_LAST;;1;1;XEUR;11286681;690;
25.02.2025;17:16:25.554;FGBS SI 20250306 PS;SIMPLE_INSTRUMENT;EFS;EUR;32;106.85000000;2636;EXCHANGE_LAST;;1;1;XEUR;11286681;690;
25.02.2025;07:49:11.587;FGBX SI 20250306 PS;SIMPLE_INSTRUMENT;EFS;EUR;1;127.72000000;96;EXCHANGE_LAST;;1;1;XEUR;11286682;691;
25.02.2025;07:54:17.042;FGBX SI 20250606 PS;SIMPLE_INSTRUMENT;EFS;EUR;2;127.46000000;96;EXCHANGE_LAST;;1;1;XEUR;11820392;691;
25.02.2025;08:02:22.232;FGBX SI 20250306 PS;SIMPLE_INSTRUMENT;EFS;EUR;3;127.68000000;367;EXCHANGE_LAST;;1;1;XEUR;11286682;691;
25.02.2025;08:37:50.865;FGBX SI 20250306 PS;SIMPLE_INSTRUMENT;EFS;EUR;5;127.60000000;110;EXCHANGE_LAST;;1;1;XEUR;11286682;691;
25.02.2025;08:45:24.047;FGBX SI 20250606 PS;SIMPLE_INSTRUMENT;EFS;EUR;6;127.28000000;74;EXCHANGE_LAST;;1;1;XEUR;11820392;691;
25.02.2025;08:49:51.628;FGBX SI 20250306 PS;SIMPLE_INSTRUMENT;EFP_FIN;EUR;8;127.58000000;570;EXCHANGE_LAST;;1;1;XEUR;11286682;691;
25.02.2025;08:57:16.684;FGBX SI 20250306 PS;SIMPLE_INSTRUMENT;EFS;EUR;9;127.60000000;184;EXCHANGE_LAST;;1;1;XEUR;11286682;691;
25.02.2025;09:01:45.640;FGBX SI 20250306 PS;SIMPLE_INSTRUMENT;EFS;EUR;10;127.40000000;180;EXCHANGE_LAST;;1;1;XEUR;11286682;691;
25.02.2025;09:09:19.891;FGBX SI 20250306 PS;SIMPLE_INSTRUMENT;EFS;EUR;12;127.70000000;41;EXCHANGE_LAST;;1;1;XEUR;11286682;691;
25.02.2025;09:28:33.917;FGBX SI 20250306 PS;SIMPLE_INSTRUMENT;EFP_FIN;EUR;14;127.70000000;430;EXCHANGE_LAST;;1;1;XEUR;11286682;691;
25.02.2025;10:03:55.080;FGBX SI 20250306 PS;SIMPLE_INSTRUMENT;EFS;EUR;18;128.06000000;96;EXCHANGE_LAST;;1;1;XEUR;11286682;691;
25.02.2025;10:46:19.384;FGBX SI 20250306 PS;SIMPLE_INSTRUMENT;EFP_FIN;EUR;23;127.68000000;182;EXCHANGE_LAST;;1;1;XEUR;11286682;691;
25.02.2025;11:28:00.148;FGBX SI 20250306 PS;SIMPLE_INSTRUMENT;EFP_FIN;EUR;25;127.44000000;96;EXCHANGE_LAST;;1;1;XEUR;11286682;691;
25.02.2025;11:31:43.052;FGBX SI 20250306 PS;SIMPLE_INSTRUMENT;EFP_FIN;EUR;26;127.38000000;97;EXCHANGE_LAST;;1;1;XEUR;11286682;691;
25.02.2025;12:40:48.067;FGBX SI 20250306 PS;SIMPLE_INSTRUMENT;BLOCK;EUR;31;127.78000000;192;EXCHANGE_LAST;;1;1;XEUR;11286682;691;
25.02.2025;13:23:07.089;FGBX SI 20250306 PS;SIMPLE_INSTRUMENT;EFP_FIN;EUR;34;127.84000000;520;EXCHANGE_LAST;;1;1;XEUR;11286682;691;
25.02.2025;13:47:28.145;FGBX SI 20250306 PS;SIMPLE_INSTRUMENT;BLOCK;EUR;37;127.62000000;1100;EXCHANGE_LAST;;1;1;XEUR;11286682;691;
25.02.2025;13:52:04.565;FGBX SI 20250306 PS;SIMPLE_INSTRUMENT;BLOCK;EUR;39;127.60000000;190;EXCHANGE_LAST;;1;1;XEUR;11286682;691;
25.02.2025;13:52:18.566;FGBX SI 20250306 PS;SIMPLE_INSTRUMENT;BLOCK;EUR;40;127.60000000;190;EXCHANGE_LAST;;1;1;XEUR;11286682;691;
25.02.2025;14:25:10.557;FGBX SI 20250306 PS;SIMPLE_INSTRUMENT;EFS;EUR;42;127.86000000;49;EXCHANGE_LAST;;1;1;XEUR;11286682;691;
25.02.2025;14:44:44.666;FGBX SI 20250306 PS;SIMPLE_INSTRUMENT;EFS;EUR;44;127.60000000;96;EXCHANGE_LAST;;1;1;XEUR;11286682;691;
25.02.2025;15:06:14.920;FGBX SI 20250306 PS;SIMPLE_INSTRUMENT;EFS;EUR;45;128.32000000;73;EXCHANGE_LAST;;1;1;XEUR;11286682;691;
25.02.2025;15:16:36.984;FGBX SI 20250306 PS;SIMPLE_INSTRUMENT;EFP_FIN;EUR;46;127.82000000;52;EXCHANGE_LAST;;1;1;XEUR;11286682;691;
25.02.2025;15:24:43.098;FGBX SI 20250306 PS;SIMPLE_INSTRUMENT;EFS;EUR;47;128.06000000;154;EXCHANGE_LAST;;1;1;XEUR;11286682;691;
25.02.2025;15:25:34.236;FGBX SI 20250306 PS;SIMPLE_INSTRUMENT;EFS;EUR;48;128.28000000;30;EXCHANGE_LAST;;1;1;XEUR;11286682;691;
25.02.2025;15:24:50.871;FGBX SI 20250306 PS;SIMPLE_INSTRUMENT;EFS;EUR;49;128.58000000;190;EXCHANGE_LAST;;1;1;XEUR;11286682;691;
25.02.2025;15:46:59.948;FGBX SI 20250306 PS;SIMPLE_INSTRUMENT;EFP_FIN;EUR;50;128.80000000;509;EXCHANGE_LAST;;1;1;XEUR;11286682;691;
25.02.2025;16:16:59.741;FGBX SI 20250306 PS;SIMPLE_INSTRUMENT;EFS;EUR;52;128.56000000;95;EXCHANGE_LAST;;1;1;XEUR;11286682;691;
25.02.2025;16:25:38.035;FGBX SI 20250306 PS;SIMPLE_INSTRUMENT;EFS;EUR;53;128.62000000;54;EXCHANGE_LAST;;1;1;XEUR;11286682;691;
25.02.2025;13:32:25.067;FIA5.O.250225.BER.000004;STANDARD_OPTION_STRATEGY;BLOCK;EUR;12;0.24000000;500;EXCHANGE_LAST;;2;1;XEUR;72264727425720094;48227;
25.02.2025;13:32:25.067;FIA5 SI 20250320 PS AM P 12.00 0;SIMPLE_INSTRUMENT;BLOCK;EUR;12;0.11150000;500;PRC_DECOMP_EXCHANGE;;;;XEUR;10824855;48227;EXCHANGE
25.02.2025;13:32:25.067;FIA5 SI 20250320 PS AM P 13.00 0;SIMPLE_INSTRUMENT;BLOCK;EUR;12;0.35150000;500;PRC_DECOMP_EXCHANGE;;;;XEUR;10824869;48227;EXCHANGE
25.02.2025;15:41:57.769;FIA5 SI 20251218 PS AM C 16.00 0;SIMPLE_INSTRUMENT;BLOCK;EUR;21;0.54000000;5500;EXCHANGE_LAST;;6;2;XEUR;10385167;48227;
25.02.2025;07:42:53.812;FMAE SI 20250321 CS;SIMPLE_INSTRUMENT;EFP_IDX;EUR;11;424.52900000;929;EXCHANGE_LAST;;1;1;XEUR;7590772;48921;
25.02.2025;03:54:07.192;FMCH SI 20250321 CS;SIMPLE_INSTRUMENT;BLOCK;USD;5;591.94000000;340;EXCHANGE_LAST;;1;1;XEUR;7592069;402909;
25.02.2025;07:18:09.435;FMCH SI 20250321 CS;SIMPLE_INSTRUMENT;BLOCK;USD;8;591.94000000;420;EXCHANGE_LAST;;1;1;XEUR;7592069;402909;
25.02.2025;09:43:58.083;FMCH SI 20250321 CS;SIMPLE_INSTRUMENT;BLOCK;USD;19;592.11700000;220;EXCHANGE_LAST;;1;1;XEUR;7592069;402909;
25.02.2025;00:31:10.559;FMEA SI 20250321 CS;SIMPLE_INSTRUMENT;BLOCK;USD;1;721.55600000;277;EXCHANGE_LAST;;1;1;XEUR;7589834;12395;
25.02.2025;01:46:11.865;FMEA SI 20250321 CS;SIMPLE_INSTRUMENT;BLOCK;USD;2;721.80800000;100;EXCHANGE_LAST;;1;1;XEUR;7589834;12395;
25.02.2025;02:03:45.015;FMEA SI 20250321 CS;SIMPLE_INSTRUMENT;BLOCK;USD;4;721.95400000;100;EXCHANGE_LAST;;1;1;XEUR;7589834;12395;
25.02.2025;07:37:59.754;FMEA SI 20250321 CS;SIMPLE_INSTRUMENT;BLOCK;USD;10;721.55600000;700;EXCHANGE_LAST;;1;1;XEUR;7589834;12395;
25.02.2025;10:31:25.357;FMEA SI 20250321 CS;SIMPLE_INSTRUMENT;BLOCK;USD;20;710.40000000;2816;EXCHANGE_LAST;;1;1;XEUR;7589834;12395;
25.02.2025;10:31:44.289;FMEA SI 20260320 CS;SIMPLE_INSTRUMENT;BLOCK;USD;21;742.86500000;2693;EXCHANGE_LAST;;1;1;XEUR;9209051;12395;
25.02.2025;11:18:52.651;FMEA SI 20250321 CS;SIMPLE_INSTRUMENT;BLOCK;USD;22;710.00000000;705;EXCHANGE_LAST;;1;1;XEUR;7589834;12395;
25.02.2025;11:18:57.681;FMEA SI 20260320 CS;SIMPLE_INSTRUMENT;BLOCK;USD;23;742.30500000;674;EXCHANGE_LAST;;1;1;XEUR;9209051;12395;
25.02.2025;11:19:24.668;FMEA SI 20260320 CS;SIMPLE_INSTRUMENT;BLOCK;USD;24;742.44700000;674;EXCHANGE_LAST;;1;1;XEUR;9209051;12395;
25.02.2025;12:55:19.313;FMEA SI 20250321 CS;SIMPLE_INSTRUMENT;BLOCK;USD;27;711.50000000;550;EXCHANGE_LAST;;1;1;XEUR;7589834;12395;
25.02.2025;15:26:19.711;FMED SI 20250321 CS;SIMPLE_INSTRUMENT;BLOCK;USD;32;10205.00000000;14699;EXCHANGE_LAST;;1;1;XEUR;7590729;48144;
25.02.2025;15:26:54.597;FMED SI 20250620 CS;SIMPLE_INSTRUMENT;BLOCK;USD;33;10313.17300000;14545;EXCHANGE_LAST;;1;1;XEUR;7939645;48144;
25.02.2025;11:22:30.195;FMEE SI 20250321 CS;SIMPLE_INSTRUMENT;BLOCK;USD;25;333.37600000;730;EXCHANGE_LAST;;1;1;XEUR;7589846;12396;
25.02.2025;07:34:02.279;FMEL SI 20250321 CS;SIMPLE_INSTRUMENT;BLOCK;USD;9;525.33700000;95;EXCHANGE_LAST;;1;1;XEUR;7589856;12397;
25.02.2025;08:27:16.726;FMEL SI 20250321 CS;SIMPLE_INSTRUMENT;BLOCK;USD;14;525.28400000;50;EXCHANGE_LAST;;1;1;XEUR;7589856;12397;
25.02.2025;08:11:33.950;FMEN SI 20250321 CS;SIMPLE_INSTRUMENT;EFP_IDX;EUR;13;546.15300000;33;EXCHANGE_LAST;;1;1;XEUR;7590212;30652;
25.02.2025;07:16:45.150;FMES SI 20250321 CS;SIMPLE_INSTRUMENT;EFP_IDX;EUR;7;586.88500000;12;EXCHANGE_LAST;;1;1;XEUR;7591454;221291;
25.02.2025;14:03:04.498;FMFP SI 20250620 CS;SIMPLE_INSTRUMENT;BLOCK;USD;28;2450.00000000;183;EXCHANGE_LAST;;1;1;XEUR;7411194;51999;
25.02.2025;16:46:12.451;FMGC SI 20250321 CS;SIMPLE_INSTRUMENT;BLOCK;USD;38;12890.00000000;1940;EXCHANGE_LAST;;1;1;XEUR;7590767;48916;
25.02.2025;16:46:42.192;FMGC SI 20250620 CS;SIMPLE_INSTRUMENT;BLOCK;USD;39;13051.50000000;1916;EXCHANGE_LAST;;1;1;XEUR;7939680;48916;
25.02.2025;16:54:12.944;FMGC SI 20250321 CS;SIMPLE_INSTRUMENT;BLOCK;USD;41;12860.00000000;1560;EXCHANGE_LAST;;1;1;XEUR;7590767;48916;
25.02.2025;16:54:39.704;FMGC SI 20250620 CS;SIMPLE_INSTRUMENT;BLOCK;USD;43;13021.50000000;1541;EXCHANGE_LAST;;1;1;XEUR;7939680;48916;
25.02.2025;19:04:03.395;FMGC SI 20250321 CS;SIMPLE_INSTRUMENT;BLOCK;USD;46;12965.00000000;1740;EXCHANGE_LAST;;1;1;XEUR;7590767;48916;
25.02.2025;19:04:05.932;FMGC SI 20250620 CS;SIMPLE_INSTRUMENT;BLOCK;USD;47;13127.00000000;1719;EXCHANGE_LAST;;1;1;XEUR;7939680;48916;
25.02.2025;14:52:11.290;FMGO SI 20250321 CS;SIMPLE_INSTRUMENT;BLOCK;USD;30;5435.00000000;77;EXCHANGE_LAST;;1;1;XEUR;8609359;583623;
25.02.2025;01:51:35.998;FMHK SI 20250321 CS;SIMPLE_INSTRUMENT;BLOCK;USD;3;58200.00000000;42;EXCHANGE_LAST;;1;1;XEUR;7590500;45282;
25.02.2025;05:50:10.959;FMHK SI 20250321 CS;SIMPLE_INSTRUMENT;BLOCK;USD;6;58784.33300000;40;EXCHANGE_LAST;;1;1;XEUR;7590500;45282;
25.02.2025;07:48:36.377;FMIN SI 20250321 CS;SIMPLE_INSTRUMENT;BLOCK;USD;12;1151.79800000;487;EXCHANGE_LAST;;1;1;XEUR;7589865;12404;
25.02.2025;09:16:34.791;FMNB SI 20251218 PS AM C 34.00 0;SIMPLE_INSTRUMENT;BLOCK;EUR;3;6.07150000;250;EXCHANGE_LAST;;1;1;XEUR;12421583;658;
25.02.2025;12:13:41.451;FMSA SI 20250321 CS;SIMPLE_INSTRUMENT;BLOCK;USD;26;1836.95000000;96;EXCHANGE_LAST;;1;1;XEUR;7591259;134861;
25.02.2025;11:16:39.019;FMUA SI 20250321 CS;SIMPLE_INSTRUMENT;BLOCK;USD;1;933.17000000;41;EXCHANGE_LAST;;1;1;XEUR;7590507;45284;
25.02.2025;08:41:15.208;FMWN SI 20250321 CS;SIMPLE_INSTRUMENT;BLOCK;EUR;16;594.49000000;180;EXCHANGE_LAST;;1;1;XEUR;7590222;30654;
25.02.2025;08:47:28.572;FMWO SI 20250321 CS;SIMPLE_INSTRUMENT;BLOCK;USD;17;12164.81000000;200;EXCHANGE_LAST;;1;1;XEUR;7589707;7059;
25.02.2025;08:51:05.449;FMWO SI 20250321 CS;SIMPLE_INSTRUMENT;EFP_IDX;USD;18;12163.31000000;10;EXCHANGE_LAST;;1;1;XEUR;7589707;7059;
25.02.2025;08:27:09.201;FMXG SI 20250321 CS;SIMPLE_INSTRUMENT;EFP_IDX;EUR;15;391.04400000;667;EXCHANGE_LAST;;1;1;XEUR;7591194;124306;
25.02.2025;09:29:06.586;FOAT SI 20250306 PS;SIMPLE_INSTRUMENT;BLOCK;EUR;1;123.74000000;270;EXCHANGE_LAST;;1;1;XEUR;11286683;749;
25.02.2025;09:36:12.480;FOAT SI 20250306 PS;SIMPLE_INSTRUMENT;EFP_FIN;EUR;2;123.76000000;1668;EXCHANGE_LAST;;1;1;XEUR;11286683;749;
25.02.2025;09:43:12.621;FOAT SI 20250306 PS;SIMPLE_INSTRUMENT;EFP_FIN;EUR;3;123.74000000;1668;EXCHANGE_LAST;;1;1;XEUR;11286683;749;
25.02.2025;09:44:17.423;FOAT SI 20250306 PS;SIMPLE_INSTRUMENT;EFP_FIN;EUR;4;123.78000000;1668;EXCHANGE_LAST;;1;1;XEUR;11286683;749;
25.02.2025;09:51:13.456;FOAT SI 20250306 PS;SIMPLE_INSTRUMENT;BLOCK;EUR;5;123.82000000;494;EXCHANGE_LAST;;1;1;XEUR;11286683;749;
25.02.2025;09:51:18.456;FOAT SI 20250606 PS;SIMPLE_INSTRUMENT;BLOCK;EUR;6;125.08000000;439;EXCHANGE_LAST;;1;1;XEUR;11820393;749;
25.02.2025;09:52:47.181;FOAT SI 20250306 PS;SIMPLE_INSTRUMENT;EFP_FIN;EUR;7;123.75000000;208;EXCHANGE_LAST;;1;1;XEUR;11286683;749;
25.02.2025;10:36:39.543;FOAT SI 20250306 PS;SIMPLE_INSTRUMENT;EFP_FIN;EUR;8;123.76000000;65;EXCHANGE_LAST;;1;1;XEUR;11286683;749;
25.02.2025;10:38:37.054;FOAT SI 20250306 PS;SIMPLE_INSTRUMENT;EFP_FIN;EUR;9;123.76000000;97;EXCHANGE_LAST;;1;1;XEUR;11286683;749;
25.02.2025;11:18:09.773;FOAT SI 20250306 PS;SIMPLE_INSTRUMENT;EFP_FIN;EUR;10;123.73000000;309;EXCHANGE_LAST;;1;1;XEUR;11286683;749;
25.02.2025;11:25:10.388;FOAT SI 20250306 PS;SIMPLE_INSTRUMENT;EFP_FIN;EUR;11;123.67000000;542;EXCHANGE_LAST;;1;1;XEUR;11286683;749;
25.02.2025;11:46:27.577;FOAT SI 20250306 PS;SIMPLE_INSTRUMENT;EFP_FIN;EUR;12;123.65000000;417;EXCHANGE_LAST;;1;1;XEUR;11286683;749;
25.02.2025;11:49:27.388;FOAT SI 20250306 PS;SIMPLE_INSTRUMENT;EFP_FIN;EUR;13;123.67000000;208;EXCHANGE_LAST;;1;1;XEUR;11286683;749;
25.02.2025;11:52:47.413;FOAT SI 20250306 PS;SIMPLE_INSTRUMENT;EFP_FIN;EUR;14;123.65000000;1668;EXCHANGE_LAST;;1;1;XEUR;11286683;749;
25.02.2025;11:53:49.878;FOAT SI 20250306 PS;SIMPLE_INSTRUMENT;EFP_FIN;EUR;15;123.65000000;222;EXCHANGE_LAST;;1;1;XEUR;11286683;749;
25.02.2025;11:54:52.066;FOAT SI 20250306 PS;SIMPLE_INSTRUMENT;EFP_FIN;EUR;16;123.67000000;208;EXCHANGE_LAST;;1;1;XEUR;11286683;749;
25.02.2025;11:59:03.399;FOAT SI 20250306 PS;SIMPLE_INSTRUMENT;EFP_FIN;EUR;17;123.65000000;417;EXCHANGE_LAST;;1;1;XEUR;11286683;749;
25.02.2025;12:09:24.794;FOAT SI 20250306 PS;SIMPLE_INSTRUMENT;EFP_FIN;EUR;18;123.65000000;834;EXCHANGE_LAST;;1;1;XEUR;11286683;749;
25.02.2025;12:16:35.886;FOAT SI 20250306 PS;SIMPLE_INSTRUMENT;EFP_FIN;EUR;19;123.60000000;417;EXCHANGE_LAST;;1;1;XEUR;11286683;749;
25.02.2025;12:20:38.665;FOAT SI 20250606 PS;SIMPLE_INSTRUMENT;EFP_FIN;EUR;20;124.92000000;2364;EXCHANGE_LAST;;1;1;XEUR;11820393;749;
25.02.2025;12:31:41.687;FOAT SI 20250306 PS;SIMPLE_INSTRUMENT;EFP_FIN;EUR;21;123.75000000;209;EXCHANGE_LAST;;1;1;XEUR;11286683;749;
25.02.2025;12:32:41.436;FOAT SI 20250306 PS;SIMPLE_INSTRUMENT;EFP_FIN;EUR;22;123.60000000;178;EXCHANGE_LAST;;1;1;XEUR;11286683;749;
25.02.2025;12:40:39.537;FOAT SI 20250606 PS;SIMPLE_INSTRUMENT;EFP_FIN;EUR;24;124.92000000;788;EXCHANGE_LAST;;1;1;XEUR;11820393;749;
25.02.2025;12:42:38.843;FOAT SI 20250306 PS;SIMPLE_INSTRUMENT;EFP_FIN;EUR;25;123.65000000;521;EXCHANGE_LAST;;1;1;XEUR;11286683;749;
25.02.2025;12:50:11.759;FOAT SI 20250306 PS;SIMPLE_INSTRUMENT;EFP_FIN;EUR;26;123.65000000;2515;EXCHANGE_LAST;;1;1;XEUR;11286683;749;
25.02.2025;12:51:28.844;FOAT SI 20250306 PS;SIMPLE_INSTRUMENT;EFP_FIN;EUR;27;123.87000000;1251;EXCHANGE_LAST;;1;1;XEUR;11286683;749;
25.02.2025;12:58:19.414;FOAT SI 20250606 PS;SIMPLE_INSTRUMENT;EFP_FIN;EUR;28;125.09000000;788;EXCHANGE_LAST;;1;1;XEUR;11820393;749;
25.02.2025;13:02:45.253;FOAT SI 20250306 PS;SIMPLE_INSTRUMENT;EFP_FIN;EUR;29;123.85000000;222;EXCHANGE_LAST;;1;1;XEUR;11286683;749;
25.02.2025;13:09:18.337;FOAT SI 20250306 PS;SIMPLE_INSTRUMENT;EFP_FIN;EUR;30;123.86000000;1251;EXCHANGE_LAST;;1;1;XEUR;11286683;749;
25.02.2025;13:20:14.470;FOAT SI 20250306 PS;SIMPLE_INSTRUMENT;EFP_FIN;EUR;31;123.83000000;834;EXCHANGE_LAST;;1;1;XEUR;11286683;749;
25.02.2025;13:22:27.108;FOAT SI 20250306 PS;SIMPLE_INSTRUMENT;EFP_FIN;EUR;32;123.85000000;834;EXCHANGE_LAST;;1;1;XEUR;11286683;749;
25.02.2025;13:31:03.138;FOAT SI 20250306 PS;SIMPLE_INSTRUMENT;EFP_FIN;EUR;33;123.80000000;432;EXCHANGE_LAST;;1;1;XEUR;11286683;749;
25.02.2025;13:43:32.906;FOAT SI 20250306 PS;SIMPLE_INSTRUMENT;EFP_FIN;EUR;34;123.70000000;834;EXCHANGE_LAST;;1;1;XEUR;11286683;749;
25.02.2025;13:43:50.129;FOAT SI 20250306 PS;SIMPLE_INSTRUMENT;EFP_FIN;EUR;35;123.71000000;834;EXCHANGE_LAST;;1;1;XEUR;11286683;749;
25.02.2025;13:50:51.277;FOAT SI 20250306 PS;SIMPLE_INSTRUMENT;EFP_FIN;EUR;36;123.70000000;834;EXCHANGE_LAST;;1;1;XEUR;11286683;749;
25.02.2025;13:52:15.579;FOAT SI 20250306 PS;SIMPLE_INSTRUMENT;EFP_FIN;EUR;37;123.82000000;417;EXCHANGE_LAST;;1;1;XEUR;11286683;749;
25.02.2025;14:04:42.103;FOAT SI 20250306 PS;SIMPLE_INSTRUMENT;EFP_FIN;EUR;38;123.74000000;426;EXCHANGE_LAST;;1;1;XEUR;11286683;749;
25.02.2025;14:27:11.781;FOAT SI 20250306 PS;SIMPLE_INSTRUMENT;EFP_FIN;EUR;39;123.71000000;86;EXCHANGE_LAST;;1;1;XEUR;11286683;749;
25.02.2025;14:27:53.595;FOAT SI 20250306 PS;SIMPLE_INSTRUMENT;EFP_FIN;EUR;40;123.83000000;614;EXCHANGE_LAST;;1;1;XEUR;11286683;749;
25.02.2025;14:36:46.590;FOAT SI 20250306 PS;SIMPLE_INSTRUMENT;EFP_FIN;EUR;41;123.86000000;810;EXCHANGE_LAST;;1;1;XEUR;11286683;749;
25.02.2025;14:38:12.294;FOAT SI 20250606 PS;SIMPLE_INSTRUMENT;EFP_FIN;EUR;42;125.10000000;197;EXCHANGE_LAST;;1;1;XEUR;11820393;749;
25.02.2025;15:00:57.606;FOAT SI 20250306 PS;SIMPLE_INSTRUMENT;EFP_FIN;EUR;43;123.80000000;156;EXCHANGE_LAST;;1;1;XEUR;11286683;749;
25.02.2025;15:39:41.786;FOAT SI 20250606 PS;SIMPLE_INSTRUMENT;EFP_FIN;EUR;44;125.22000000;197;EXCHANGE_LAST;;1;1;XEUR;11820393;749;
25.02.2025;16:04:31.271;FOAT SI 20250306 PS;SIMPLE_INSTRUMENT;EFP_FIN;EUR;45;123.82000000;1646;EXCHANGE_LAST;;1;1;XEUR;11286683;749;
25.02.2025;16:05:30.977;FOAT SI 20250306 PS;SIMPLE_INSTRUMENT;BLOCK;EUR;46;123.89000000;1124;EXCHANGE_LAST;;1;1;XEUR;11286683;749;
25.02.2025;16:31:02.409;FOAT SI 20250306 PS;SIMPLE_INSTRUMENT;EFP_FIN;EUR;47;123.85000000;222;EXCHANGE_LAST;;1;1;XEUR;11286683;749;
25.02.2025;16:35:01.841;FOAT SI 20250306 PS;SIMPLE_INSTRUMENT;EFP_FIN;EUR;48;123.85000000;280;EXCHANGE_LAST;;1;1;XEUR;11286683;749;
25.02.2025;16:42:56.599;FOAT SI 20250306 PS;SIMPLE_INSTRUMENT;EFP_FIN;EUR;49;123.86000000;978;EXCHANGE_LAST;;1;1;XEUR;11286683;749;
25.02.2025;16:40:14.165;FOAT SI 20250306 PS;SIMPLE_INSTRUMENT;EFP_FIN;EUR;50;123.85000000;351;EXCHANGE_LAST;;1;1;XEUR;11286683;749;
25.02.2025;16:46:55.031;FOAT SI 20250306 PS;SIMPLE_INSTRUMENT;EFP_FIN;EUR;51;123.85000000;86;EXCHANGE_LAST;;1;1;XEUR;11286683;749;
25.02.2025;16:49:39.019;FOAT SI 20250306 PS;SIMPLE_INSTRUMENT;EFP_FIN;EUR;52;123.85000000;122;EXCHANGE_LAST;;1;1;XEUR;11286683;749;
25.02.2025;16:56:46.491;FOAT SI 20250306 PS;SIMPLE_INSTRUMENT;EFP_FIN;EUR;53;123.83000000;459;EXCHANGE_LAST;;1;1;XEUR;11286683;749;
25.02.2025;10:21:40.323;FSCP SI 20250321 CS;SIMPLE_INSTRUMENT;BLOCK;EUR;7;351.20000000;125;EXCHANGE_LAST;;1;1;XEUR;11360241;764;
25.02.2025;10:21:54.836;FSCP SI 20250321 CS;SIMPLE_INSTRUMENT;BLOCK;EUR;8;351.30000000;141;EXCHANGE_LAST;;1;1;XEUR;11360241;764;
25.02.2025;16:35:57.436;FSMI SI 20250321 CS;SIMPLE_INSTRUMENT;EFP_IDX;CHF;1;12985.00000000;74;EXCHANGE_LAST;;1;1;XEUR;7793721;757;
25.02.2025;16:36:09.792;FSMI SI 20250321 CS;SIMPLE_INSTRUMENT;EFP_IDX;CHF;2;12986.00000000;12;EXCHANGE_LAST;;1;1;XEUR;7793721;757;
25.02.2025;16:36:23.206;FSMI SI 20250321 CS;SIMPLE_INSTRUMENT;EFP_IDX;CHF;3;12985.00000000;173;EXCHANGE_LAST;;1;1;XEUR;7793721;757;
25.02.2025;16:36:29.896;FSMI SI 20250321 CS;SIMPLE_INSTRUMENT;EFP_IDX;CHF;4;12986.00000000;27;EXCHANGE_LAST;;1;1;XEUR;7793721;757;
25.02.2025;12:42:14.275;FSMI SI 20250321 CS;SIMPLE_INSTRUMENT;VOLA;CHF;603979812;12970.00000000;80;EXCHANGE_LAST;;1;1;XEUR;7793721;757;
25.02.2025;14:41:27.322;FSMI SI 20250321 CS;SIMPLE_INSTRUMENT;VOLA;CHF;603979828;13000.00000000;147;EXCHANGE_LAST;;1;1;XEUR;7793721;757;
25.02.2025;16:42:45.958;FSMI SI 20250321 CS;SIMPLE_INSTRUMENT;VOLA;CHF;603979844;12980.00000000;72;EXCHANGE_LAST;;1;1;XEUR;7793721;757;
25.02.2025;12:36:09.736;FSMX SI 20250321 CS;SIMPLE_INSTRUMENT;BLOCK;EUR;26;28286.00000000;272;EXCHANGE_LAST;;1;1;XEUR;11405203;396422;
25.02.2025;16:52:16.400;FSMX SI 20250321 CS;SIMPLE_INSTRUMENT;BLOCK;EUR;36;28216.00000000;475;EXCHANGE_LAST;;1;1;XEUR;11405203;396422;
25.02.2025;16:54:11.846;FSMX SI 20250321 CS;SIMPLE_INSTRUMENT;BLOCK;EUR;40;28201.00000000;326;EXCHANGE_LAST;;1;1;XEUR;11405203;396422;
25.02.2025;16:54:31.458;FSMX SI 20250321 CS;SIMPLE_INSTRUMENT;BLOCK;EUR;41;28202.00000000;326;EXCHANGE_LAST;;1;1;XEUR;11405203;396422;
25.02.2025;15:07:59.182;FSTA SI 20250321 CS;SIMPLE_INSTRUMENT;BLOCK;EUR;4;611.20000000;292;EXCHANGE_LAST;;1;1;XEUR;11359808;715;
25.02.2025;15:08:07.182;FSTA SI 20250321 CS;SIMPLE_INSTRUMENT;BLOCK;EUR;5;611.40000000;303;EXCHANGE_LAST;;1;1;XEUR;11359808;715;
25.02.2025;16:50:24.806;FSTB SI 20250321 CS;SIMPLE_INSTRUMENT;BLOCK;EUR;34;253.90000000;476;EXCHANGE_LAST;;1;1;XEUR;11359807;714;
25.02.2025;16:50:39.810;FSTB SI 20250321 CS;SIMPLE_INSTRUMENT;BLOCK;EUR;35;253.95000000;477;EXCHANGE_LAST;;1;1;XEUR;11359807;714;
