#Date;TrdTime;Contract;ContractType;TrdTyp;Currency;TesId;Prc;Qty;TrdInd;Aggressor;Buy;Sell;Exch;InstrumentId;RelatedProdId;PrcDecomp
11.04.2025;10:46:01.314;A2NA SI 20250620 CS;SIMPLE_INSTRUMENT;BLOCK;EUR;25;9.76000000;273;EXCHANGE_LAST;;1;1;XEUR;10872538;151298;
11.04.2025;10:52:08.851;A2NA SI 20250620 CS;SIMPLE_INSTRUMENT;BLOCK;EUR;29;9.76000000;457;EXCHANGE_LAST;;1;1;XEUR;10872538;151298;
11.04.2025;12:54:12.488;A2NA SI 20250620 CS;SIMPLE_INSTRUMENT;BLOCK;EUR;49;9.76000000;445;EXCHANGE_LAST;;1;1;XEUR;10872538;151298;
11.04.2025;12:17:51.222;A2XA SI 20271217 CS;SIMPLE_INSTRUMENT;BLOCK;EUR;36;2.03000000;1000;EXCHANGE_LAST;;1;1;XEUR;5914267;17;
11.04.2025;08:17:53.863;ABBN SI 20250417 PS AM C 52.00 0;SIMPLE_INSTRUMENT;BLOCK;CHF;10;0.04000000;2000;EXCHANGE_LAST;;1;1;XEUR;12656877;574517;
11.04.2025;15:17:22.836;ADEN SI 20250620 PS AM C 28.00 0;SIMPLE_INSTRUMENT;BLOCK;CHF;84;0.17000000;3500;EXCHANGE_LAST;;3;2;XEUR;7897568;44;
11.04.2025;07:30:47.781;ADS SI 20260619 PS AM P 180.00 0;SIMPLE_INSTRUMENT;BLOCK;EUR;1;19.15000000;250;EXCHANGE_LAST;;1;1;XEUR;9536537;50;
11.04.2025;14:54:20.993;ADS.O.250411.STD.000007;STANDARD_OPTION_STRATEGY;BLOCK;EUR;28;35.42000000;350;EXCHANGE_LAST;;1;1;XEUR;72057808786332766;50;
11.04.2025;14:54:20.993;ADS SI 20250620 PS AM P 220.00 0;SIMPLE_INSTRUMENT;BLOCK;EUR;28;30.70000000;350;PRC_DECOMP_EXCHANGE;;;;XEUR;11297076;50;EXCHANGE
11.04.2025;14:54:20.993;ADS SI 20250620 PS AM C 220.00 0;SIMPLE_INSTRUMENT;BLOCK;EUR;28;4.72000000;350;PRC_DECOMP_EXCHANGE;;;;XEUR;11297078;50;EXCHANGE
11.04.2025;07:49:19.331;ADY SI 20260619 PS AM P 1360.00 0;SIMPLE_INSTRUMENT;BLOCK;EUR;2;248.00000000;250;EXCHANGE_LAST;;1;1;XEUR;11392825;76315;
11.04.2025;10:33:08.920;AEAF SI 20250620 CS;SIMPLE_INSTRUMENT;BLOCK;EUR;15;200.31300000;1400;EXCHANGE_LAST;;1;1;XEUR;11202228;298511;
11.04.2025;10:33:48.882;AEAF SI 20250620 CS;SIMPLE_INSTRUMENT;BLOCK;EUR;16;199.50940000;2800;EXCHANGE_LAST;;1;1;XEUR;11202228;298511;
11.04.2025;10:35:23.928;AEAF SI 20250620 CS;SIMPLE_INSTRUMENT;BLOCK;EUR;17;199.71030000;1000;EXCHANGE_LAST;;1;1;XEUR;11202228;298511;
11.04.2025;10:40:59.522;AEAF SI 20250620 CS;SIMPLE_INSTRUMENT;BLOCK;EUR;23;199.35750000;5000;EXCHANGE_LAST;;1;1;XEUR;11202228;298511;
11.04.2025;10:45:46.081;AEAF SI 20250620 CS;SIMPLE_INSTRUMENT;BLOCK;EUR;24;200.11210000;3100;EXCHANGE_LAST;;1;1;XEUR;11202228;298511;
11.04.2025;12:53:51.856;AEAF SI 20250620 CS;SIMPLE_INSTRUMENT;BLOCK;EUR;48;199.21060000;5000;EXCHANGE_LAST;;1;1;XEUR;11202228;298511;
11.04.2025;15:07:37.644;AEN SI 20261218 CS AM P 4.00 0;SIMPLE_INSTRUMENT;BLOCK;EUR;28;0.50000000;7500;EXCHANGE_LAST;;1;1;XEUR;7152236;53;
11.04.2025;08:02:42.474;AIR.O.250411.STG.000002;STANDARD_OPTION_STRATEGY;BLOCK;EUR;4;12.32000000;300;EXCHANGE_LAST;;1;1;XEUR;72057868915849887;64;
11.04.2025;08:02:42.474;AIR SI 20250620 PS AM P 170.00 0;SIMPLE_INSTRUMENT;BLOCK;EUR;4;9.94000000;300;PRC_DECOMP_MEMBER;;;;XEUR;11348796;64;MEMBER
11.04.2025;08:02:42.474;AIR SI 20250620 PS AM C 180.00 0;SIMPLE_INSTRUMENT;BLOCK;EUR;4;2.38000000;300;PRC_DECOMP_MEMBER;;;;XEUR;11290287;64;MEMBER
11.04.2025;11:06:29.697;ALC SI 20251219 PS AM P 64.00 0;SIMPLE_INSTRUMENT;BLOCK;CHF;34;3.60000000;600;EXCHANGE_LAST;;1;1;XEUR;12477631;130134;
11.04.2025;11:11:24.791;ALC SI 20260619 PS AM P 60.00 0;SIMPLE_INSTRUMENT;BLOCK;CHF;37;3.55000000;750;EXCHANGE_LAST;;1;1;XEUR;9584527;130134;
11.04.2025;14:25:28.043;ALC SI 20250620 PS AM P 82.00 0;SIMPLE_INSTRUMENT;BLOCK;CHF;67;11.30000000;500;EXCHANGE_LAST;;1;1;XEUR;11274326;130134;
11.04.2025;15:40:21.032;ALC SI 20250620 PS AM P 82.00 0;SIMPLE_INSTRUMENT;BLOCK;CHF;87;11.30000000;500;EXCHANGE_LAST;;1;1;XEUR;11274326;130134;
11.04.2025;07:51:08.413;ALV.O.250411.PDIA.000005;STANDARD_OPTION_STRATEGY;BLOCK;EUR;1;-13.10000000;300;EXCHANGE_LAST;;1;1;XEUR;72057911865570118;74;
11.04.2025;07:51:08.413;ALV SI 20250620 PS AM P 320.00 0;SIMPLE_INSTRUMENT;BLOCK;EUR;1;15.97000000;300;PRC_DECOMP_MEMBER;;;;XEUR;8110003;74;MEMBER
11.04.2025;07:51:08.413;ALV SI 20251219 PS AM P 200.00 0;SIMPLE_INSTRUMENT;BLOCK;EUR;1;2.87000000;300;PRC_DECOMP_MEMBER;;;;XEUR;5920780;74;MEMBER
11.04.2025;10:15:06.288;ALV SI 20250417 PS AM C 355.00 0;SIMPLE_INSTRUMENT;BLOCK;EUR;3;0.53000000;300;EXCHANGE_LAST;;1;1;XEUR;12614414;74;
11.04.2025;10:30:06.566;ALV SI 20250417 PS AM C 355.00 0;SIMPLE_INSTRUMENT;BLOCK;EUR;4;0.65000000;500;EXCHANGE_LAST;;1;1;XEUR;12614414;74;
11.04.2025;13:39:58.193;AMS SI 20251219 PS AM P 5.20 0;SIMPLE_INSTRUMENT;BLOCK;CHF;58;1.20000000;5000;EXCHANGE_LAST;;1;1;XEUR;12467511;10807;
11.04.2025;12:51:40.317;ANN SI 20251219 PS AM C 30.00 0;SIMPLE_INSTRUMENT;BLOCK;EUR;24;1.18000000;17500;EXCHANGE_LAST;;3;4;XEUR;9466242;45202;
11.04.2025;13:15:46.269;ANN SI 20250620 PS AM P 26.00 0;SIMPLE_INSTRUMENT;BLOCK;EUR;25;2.00000000;1000;EXCHANGE_LAST;;1;1;XEUR;11386652;45202;
11.04.2025;15:02:04.203;ANN SI 20260619 PS AM C 28.00 0;SIMPLE_INSTRUMENT;BLOCK;EUR;29;2.90000000;1250;EXCHANGE_LAST;;1;1;XEUR;9576339;45202;
11.04.2025;10:38:52.070;ASM SI 20250620 PS AM C 600.00 0;SIMPLE_INSTRUMENT;BLOCK;EUR;15;42.50000000;300;EXCHANGE_LAST;;1;1;XEUR;11349936;107;
11.04.2025;07:38:28.867;AXA SI 20260619 PS AM C 40.00 0;SIMPLE_INSTRUMENT;BLOCK;EUR;3;2.05000000;7317;EXCHANGE_LAST;;1;1;XEUR;9538772;127;
11.04.2025;12:49:59.823;B2AS SI 20250620 CS;SIMPLE_INSTRUMENT;BLOCK;EUR;43;2.25000000;243;EXCHANGE_LAST;;1;1;XEUR;10830335;140;
11.04.2025;15:21:31.365;B2AS SI 20261218 CS;SIMPLE_INSTRUMENT;BLOCK;EUR;81;1.95000000;250;EXCHANGE_LAST;;2;1;XEUR;4632165;140;
11.04.2025;13:06:17.500;B2MW SI 20250620 CS;SIMPLE_INSTRUMENT;BLOCK;EUR;51;4.30000000;176;EXCHANGE_LAST;;1;1;XEUR;10830088;128;
11.04.2025;13:10:20.403;B2MW SI 20250620 CS;SIMPLE_INSTRUMENT;BLOCK;EUR;55;4.30000000;88;EXCHANGE_LAST;;1;1;XEUR;10830088;128;
11.04.2025;13:39:00.127;B2NP SI 20261218 CS;SIMPLE_INSTRUMENT;BLOCK;EUR;56;4.36000000;100;EXCHANGE_LAST;;1;1;XEUR;6798320;131;
11.04.2025;15:19:35.924;B2NP SI 20250620 CS;SIMPLE_INSTRUMENT;BLOCK;EUR;79;4.75000000;500;EXCHANGE_LAST;;1;1;XEUR;10830225;131;
11.04.2025;14:41:02.781;B3BV SI 20251219 CS;SIMPLE_INSTRUMENT;BLOCK;EUR;74;0.68200000;750;EXCHANGE_LAST;;1;1;XEUR;5914370;135;
11.04.2025;14:41:37.481;B3BV SI 20251219 CS;SIMPLE_INSTRUMENT;BLOCK;EUR;75;0.68300000;750;EXCHANGE_LAST;;1;1;XEUR;5914370;135;
11.04.2025;15:24:46.031;B3BV SI 20251219 CS;SIMPLE_INSTRUMENT;BLOCK;EUR;82;0.68200000;475;EXCHANGE_LAST;;2;1;XEUR;5914370;135;
11.04.2025;15:26:25.825;B3BV SI 20251219 CS;SIMPLE_INSTRUMENT;BLOCK;EUR;85;0.68300000;475;EXCHANGE_LAST;;2;1;XEUR;5914370;135;
11.04.2025;15:31:51.592;B3BV SI 20271217 CS;SIMPLE_INSTRUMENT;BLOCK;EUR;88;0.60000000;500;EXCHANGE_LAST;;1;1;XEUR;8372402;135;
11.04.2025;08:21:24.908;BAEN SI 20250620 PS AM P 46.00 0;SIMPLE_INSTRUMENT;BLOCK;CHF;8;2.61000000;600;EXCHANGE_LAST;;1;1;XEUR;11350889;159;
11.04.2025;13:43:20.716;BAEN SI 20251219 PS AM C 56.00 0;SIMPLE_INSTRUMENT;BLOCK;CHF;60;1.90000000;1550;EXCHANGE_LAST;;1;1;XEUR;12433491;159;
11.04.2025;12:07:20.383;BARN SI 20250620 PS AM P 880.00 0;SIMPLE_INSTRUMENT;BLOCK;CHF;44;144.78000000;800;EXCHANGE_LAST;;1;1;XEUR;9617213;149;
11.04.2025;13:27:57.165;BARN.O.250411.BER.000004;STANDARD_OPTION_STRATEGY;BLOCK;CHF;56;250.45000000;800;EXCHANGE_LAST;;1;1;XEUR;72058233988063415;149;
11.04.2025;13:27:57.165;BARN SI 20250620 PS AM P 1000.00 0;SIMPLE_INSTRUMENT;BLOCK;CHF;56;254.13000000;800;PRC_DECOMP_EXCHANGE;;;;XEUR;11350494;149;EXCHANGE
11.04.2025;13:27:57.165;BARN SI 20250620 PS AM P 600.00 0;SIMPLE_INSTRUMENT;BLOCK;CHF;56;3.68000000;800;PRC_DECOMP_EXCHANGE;;;;XEUR;12577708;149;EXCHANGE
11.04.2025;13:44:49.815;BARN.O.250411.BER.000005;STANDARD_OPTION_STRATEGY;BLOCK;CHF;61;117.65000000;800;EXCHANGE_LAST;;1;1;XEUR;72058233988063416;149;
11.04.2025;13:44:49.815;BARN SI 20250417 PS AM P 920.00 0;SIMPLE_INSTRUMENT;BLOCK;CHF;61;146.85000000;800;PRC_DECOMP_EXCHANGE;;;;XEUR;12615077;149;EXCHANGE
11.04.2025;13:44:49.815;BARN SI 20250417 PS AM P 780.00 0;SIMPLE_INSTRUMENT;BLOCK;CHF;61;29.20000000;800;PRC_DECOMP_EXCHANGE;;;;XEUR;12683997;149;EXCHANGE
11.04.2025;08:03:22.602;BAS SI 20250620 PS AM P 40.00 0;SIMPLE_INSTRUMENT;BLOCK;EUR;3;3.17000000;750;EXCHANGE_LAST;;1;1;XEUR;7899120;150;
11.04.2025;08:22:45.011;BAS SI 20251219 PS AM P 40.00 0;SIMPLE_INSTRUMENT;BLOCK;EUR;8;4.90000000;5000;EXCHANGE_LAST;;1;2;XEUR;7115425;150;
11.04.2025;10:16:24.704;BAS SI 20250417 PS AM C 48.00 0;SIMPLE_INSTRUMENT;BLOCK;EUR;11;0.05000000;2000;EXCHANGE_LAST;;1;2;XEUR;12615342;150;
11.04.2025;11:12:56.105;BAS SI 20251219 PS AM P 38.00 0;SIMPLE_INSTRUMENT;BLOCK;EUR;14;3.80000000;2000;EXCHANGE_LAST;;1;1;XEUR;12433429;150;
11.04.2025;11:34:21.283;BAS SI 20251219 PS AM P 28.00 0;SIMPLE_INSTRUMENT;BLOCK;EUR;16;1.02000000;6000;EXCHANGE_LAST;;1;3;XEUR;7956388;150;
11.04.2025;13:13:33.506;BAS SI 20281215 PS AM P 28.00 0;SIMPLE_INSTRUMENT;BLOCK;EUR;18;3.95000000;2500;EXCHANGE_LAST;;1;2;XEUR;10396484;150;
11.04.2025;14:11:07.353;BAS SI 20251219 PS AM P 38.00 0;SIMPLE_INSTRUMENT;BLOCK;EUR;19;3.80000000;1000;EXCHANGE_LAST;;1;1;XEUR;12433429;150;
11.04.2025;14:41:09.188;BAS SI 20260320 PS AM C 44.00 0;SIMPLE_INSTRUMENT;BLOCK;EUR;22;2.96000000;1500;EXCHANGE_LAST;;2;1;XEUR;12996531;150;
11.04.2025;12:49:48.258;BASG SI 20250620 CS;SIMPLE_INSTRUMENT;BLOCK;EUR;41;38.40000000;3000;EXCHANGE_LAST;;1;1;XEUR;11169531;171;
11.04.2025;08:20:58.893;BAY SI 20260320 PS AM P 18.00 0;SIMPLE_INSTRUMENT;BLOCK;EUR;5;2.14000000;1500;EXCHANGE_LAST;;1;1;XEUR;12997365;168;
11.04.2025;10:14:57.507;BAY SI 20250417 PS AM C 26.00 0;SIMPLE_INSTRUMENT;BLOCK;EUR;12;0.05000000;1800;EXCHANGE_LAST;;1;1;XEUR;12615434;168;
11.04.2025;07:48:12.395;BBL SI 20261218 PS AM P 240 0;SIMPLE_INSTRUMENT;BLOCK;GBX;1;35.50000000;624;EXCHANGE_LAST;;1;1;XEUR;12433628;173;
11.04.2025;07:48:20.153;BBL SI 20261218 PS AM P 240 0;SIMPLE_INSTRUMENT;BLOCK;GBX;2;36.00000000;676;EXCHANGE_LAST;;1;1;XEUR;12433628;173;
11.04.2025;15:17:57.924;BBVD.O.250411.COMBO.000001;STANDARD_OPTION_STRATEGY;BLOCK;EUR;31;-0.08000000;2750;EXCHANGE_LAST;;1;1;XEUR;72058332772305746;172;
11.04.2025;15:17:57.924;BBVD SI 20250620 PS AM C 11.50 0;SIMPLE_INSTRUMENT;BLOCK;EUR;31;0.67000000;2750;PRC_DECOMP_MEMBER;;;;XEUR;11351426;172;MEMBER
11.04.2025;15:17:57.924;BBVD SI 20250620 PS AM P 10.50 0;SIMPLE_INSTRUMENT;BLOCK;EUR;31;0.59000000;2750;PRC_DECOMP_MEMBER;;;;XEUR;11351439;172;MEMBER
11.04.2025;12:45:20.046;BCVN SI 20250919 PS AM P 80.00 0;SIMPLE_INSTRUMENT;BLOCK;CHF;46;2.40000000;300;EXCHANGE_LAST;;1;1;XEUR;11873684;185;
11.04.2025;08:22:12.047;BEI SI 20250919 PS AM P 110.00 0;SIMPLE_INSTRUMENT;BLOCK;EUR;4;5.51000000;300;EXCHANGE_LAST;;1;1;XEUR;11873591;176;
11.04.2025;08:38:49.763;BMW SI 20250417 PS AM P 70.00 0;SIMPLE_INSTRUMENT;BLOCK;EUR;1;5.15000000;500;EXCHANGE_LAST;;1;1;XEUR;12616414;210;
11.04.2025;09:13:45.173;BMW SI 20250620 PS AM C 84.00 0;SIMPLE_INSTRUMENT;BLOCK;EUR;4;0.21000000;2000;EXCHANGE_LAST;;1;1;XEUR;7899911;210;
11.04.2025;09:14:25.379;BMW SI 20250919 PS AM C 84.00 0;SIMPLE_INSTRUMENT;BLOCK;EUR;5;0.65000000;2200;EXCHANGE_LAST;;1;1;XEUR;11874427;210;
11.04.2025;10:07:28.944;BMW SI 20250417 PS AM C 82.00 0;SIMPLE_INSTRUMENT;BLOCK;EUR;9;0.05000000;1000;EXCHANGE_LAST;;1;1;XEUR;12616574;210;
11.04.2025;10:21:06.662;BMWF SI 20250417 CS;SIMPLE_INSTRUMENT;BLOCK;EUR;11;65.13850000;2550;EXCHANGE_LAST;;1;1;XEUR;10832713;239;
11.04.2025;12:55:59.997;BMWF SI 20250620 CS;SIMPLE_INSTRUMENT;BLOCK;EUR;50;61.90000000;2000;EXCHANGE_LAST;;1;1;XEUR;11170639;239;
11.04.2025;13:09:21.377;BMWF.S.APR25.JUN25.SPD;FUTURES_SPREAD;BLOCK;EUR;54;3.54000000;1000;EXCHANGE_LAST;;1;1;XEUR;72058620535111974;239;
11.04.2025;13:09:21.377;BMWF SI 20250620 CS;SIMPLE_INSTRUMENT;BLOCK;EUR;54;61.78750000;1000;PRC_DECOMP_EXCHANGE;;;;XEUR;11170639;239;EXCHANGE
11.04.2025;13:09:21.377;BMWF SI 20250417 CS;SIMPLE_INSTRUMENT;BLOCK;EUR;54;65.32750000;1000;PRC_DECOMP_EXCHANGE;;;;XEUR;10832713;239;EXCHANGE
11.04.2025;09:41:31.785;BNP SI 20250620 PS AM C 66.00 0;SIMPLE_INSTRUMENT;BLOCK;EUR;14;4.60000000;2000;EXCHANGE_LAST;;2;1;XEUR;12372387;237;
11.04.2025;09:56:17.437;BNP SI 20250620 PS AM C 66.00 0;SIMPLE_INSTRUMENT;BLOCK;EUR;18;4.60000000;500;EXCHANGE_LAST;;1;1;XEUR;12372387;237;
11.04.2025;13:00:05.520;BNP.O.250411.BUL.000005;STANDARD_OPTION_STRATEGY;BLOCK;EUR;26;2.05000000;2000;EXCHANGE_LAST;;2;2;XEUR;72058611945200283;237;
11.04.2025;13:00:05.520;BNP SI 20251219 PS AM C 72.00 0;SIMPLE_INSTRUMENT;BLOCK;EUR;26;2.99000000;2000;PRC_DECOMP_EXCHANGE;;;;XEUR;6371615;237;EXCHANGE
11.04.2025;13:00:05.520;BNP SI 20251219 PS AM C 80.00 0;SIMPLE_INSTRUMENT;BLOCK;EUR;26;0.94000000;2000;PRC_DECOMP_EXCHANGE;;;;XEUR;6952041;237;EXCHANGE
11.04.2025;08:29:42.277;BPT SI 20260619 PS AM P 240 0;SIMPLE_INSTRUMENT;BLOCK;GBX;5;16.25000000;1000;EXCHANGE_LAST;;1;1;XEUR;11353439;250;
11.04.2025;08:10:13.428;BPV.O.250411.STG.000001;STANDARD_OPTION_STRATEGY;BLOCK;EUR;4;1.16500000;500;EXCHANGE_LAST;;1;1;XEUR;72058672074719314;251;
11.04.2025;08:10:13.428;BPV SI 20250918 PS AM C 9.00 0;SIMPLE_INSTRUMENT;BLOCK;EUR;4;0.54000000;500;PRC_DECOMP_MEMBER;;;;XEUR;11862994;251;MEMBER
11.04.2025;08:10:13.428;BPV SI 20250918 PS AM P 7.60 0;SIMPLE_INSTRUMENT;BLOCK;EUR;4;0.62500000;500;PRC_DECOMP_MEMBER;;;;XEUR;11863000;251;MEMBER
11.04.2025;08:57:15.480;BSD2.O.250411.STD.000001;STANDARD_OPTION_STRATEGY;BLOCK;EUR;10;1.37000000;10000;EXCHANGE_LAST;;1;1;XEUR;72058646304923223;245;
11.04.2025;08:57:15.480;BSD2 SI 20251219 PS AM P 5.50 0;SIMPLE_INSTRUMENT;BLOCK;EUR;10;0.71000000;10000;PRC_DECOMP_EXCHANGE;;;;XEUR;11353278;245;EXCHANGE
11.04.2025;08:57:15.480;BSD2 SI 20251219 PS AM C 5.50 0;SIMPLE_INSTRUMENT;BLOCK;EUR;10;0.66000000;10000;PRC_DECOMP_EXCHANGE;;;;XEUR;11353275;245;EXCHANGE
11.04.2025;11:30:24.969;C2RT SI 20250620 CS;SIMPLE_INSTRUMENT;BLOCK;EUR;32;0.28700000;2100;EXCHANGE_LAST;;1;1;XEUR;10872536;151297;
11.04.2025;11:30:28.909;C2RT SI 20250620 CS;SIMPLE_INSTRUMENT;BLOCK;EUR;33;0.28600000;3150;EXCHANGE_LAST;;1;1;XEUR;10872536;151297;
11.04.2025;12:45:31.292;C2RT SI 20250620 CS;SIMPLE_INSTRUMENT;BLOCK;EUR;39;0.28700000;3168;EXCHANGE_LAST;;1;1;XEUR;10872536;151297;
11.04.2025;12:45:34.101;C2RT SI 20250620 CS;SIMPLE_INSTRUMENT;BLOCK;EUR;40;0.28600000;4752;EXCHANGE_LAST;;1;1;XEUR;10872536;151297;
11.04.2025;09:07:32.683;CBK SI 20261218 PS AM P 20.00 0;SIMPLE_INSTRUMENT;BLOCK;EUR;8;4.50000000;18000;EXCHANGE_LAST;;1;2;XEUR;9040227;268;
11.04.2025;10:12:32.028;CBK SI 20260619 PS AM C 20.00 0;SIMPLE_INSTRUMENT;BLOCK;EUR;16;4.95000000;10000;EXCHANGE_LAST;;1;2;XEUR;9666939;268;
11.04.2025;12:35:48.465;CBK SI 20261218 PS AM P 20.00 0;SIMPLE_INSTRUMENT;BLOCK;EUR;20;4.49000000;1250;EXCHANGE_LAST;;1;1;XEUR;9040227;268;
11.04.2025;12:35:58.676;CBK SI 20251219 PS AM P 20.00 0;SIMPLE_INSTRUMENT;BLOCK;EUR;21;2.72000000;2500;EXCHANGE_LAST;;1;1;XEUR;9040229;268;
11.04.2025;13:15:36.108;CBK.O.250411.STD.000006;STANDARD_OPTION_STRATEGY;BLOCK;EUR;22;8.60000000;20000;EXCHANGE_LAST;;1;2;XEUR;72058745089204340;268;
11.04.2025;13:15:36.108;CBK SI 20260619 PS AM C 20.00 0;SIMPLE_INSTRUMENT;BLOCK;EUR;22;4.89000000;20000;PRC_DECOMP_EXCHANGE;;;;XEUR;9666939;268;EXCHANGE
11.04.2025;13:15:36.108;CBK SI 20260619 PS AM P 20.00 0;SIMPLE_INSTRUMENT;BLOCK;EUR;22;3.71000000;20000;PRC_DECOMP_EXCHANGE;;;;XEUR;9666940;268;EXCHANGE
11.04.2025;14:06:08.898;CBK SI 20261218 PS AM P 17.00 0;SIMPLE_INSTRUMENT;BLOCK;EUR;23;3.10000000;2000;EXCHANGE_LAST;;1;1;XEUR;12673325;268;
11.04.2025;14:08:23.762;CBK SI 20251219 PS AM C 24.00 0;SIMPLE_INSTRUMENT;BLOCK;EUR;24;2.41000000;5000;EXCHANGE_LAST;;1;1;XEUR;10399759;268;
11.04.2025;14:22:41.864;CBK.O.250411.BRT.000003;STANDARD_OPTION_STRATEGY;BLOCK;EUR;25;0.82000000;5000;EXCHANGE_LAST;;1;2;XEUR;72058745089204337;268;
11.04.2025;14:22:41.864;CBK SI 20260619 PS AM P 20.00 0;SIMPLE_INSTRUMENT;BLOCK;EUR;25;3.57000000;5000;PRC_DECOMP_EXCHANGE;;;;XEUR;9666940;268;EXCHANGE
11.04.2025;14:22:41.864;CBK SI 20261218 PS AM P 20.00 0;SIMPLE_INSTRUMENT;BLOCK;EUR;25;4.39000000;5000;PRC_DECOMP_EXCHANGE;;;;XEUR;9040227;268;EXCHANGE
11.04.2025;15:15:55.549;CBK SI 20251219 PS AM P 18.00 0;SIMPLE_INSTRUMENT;BLOCK;EUR;31;1.83000000;2500;EXCHANGE_LAST;;1;1;XEUR;8883149;268;
11.04.2025;15:16:03.653;CBK SI 20261218 PS AM P 14.00 0;SIMPLE_INSTRUMENT;BLOCK;EUR;32;1.86000000;1250;EXCHANGE_LAST;;1;1;XEUR;7259089;268;
11.04.2025;07:45:03.246;CFR SI 20250620 PS AM P 130.00 0;SIMPLE_INSTRUMENT;BLOCK;CHF;4;7.40000000;1000;EXCHANGE_LAST;;1;1;XEUR;11273453;313;
11.04.2025;12:00:24.175;CFR SI 20251219 PS AM P 130.00 0;SIMPLE_INSTRUMENT;BLOCK;CHF;42;15.23000000;500;EXCHANGE_LAST;;1;1;XEUR;10944845;313;
11.04.2025;13:31:59.352;CFR SI 20250919 PS AM P 110.00 0;SIMPLE_INSTRUMENT;BLOCK;CHF;52;5.40000000;1000;EXCHANGE_LAST;;1;1;XEUR;11876364;313;
11.04.2025;15:01:37.240;CFR SI 20250417 PS AM C 138.00 0;SIMPLE_INSTRUMENT;BLOCK;CHF;79;3.60000000;300;EXCHANGE_LAST;;1;1;XEUR;12617923;313;
11.04.2025;08:33:29.430;CGM SI 20250919 PS AM P 120.00 0;SIMPLE_INSTRUMENT;BLOCK;EUR;7;10.32000000;200;EXCHANGE_LAST;;1;1;XEUR;11876408;317;
11.04.2025;15:38:29.479;CONI SI 20250620 CS;SIMPLE_INSTRUMENT;BLOCK;EUR;92;59.54000000;700;EXCHANGE_LAST;;1;1;XEUR;11206747;414627;
11.04.2025;14:06:53.572;CR5J SI 20250515 CS;SIMPLE_INSTRUMENT;BLOCK;EUR;68;46.30480000;25000;EXCHANGE_LAST;;1;1;XEUR;11025870;50861;
11.04.2025;11:00:38.814;CRI5 SI 20250619 PS AM C 52.00 0;SIMPLE_INSTRUMENT;BLOCK;EUR;17;1.02000000;10000;EXCHANGE_LAST;;1;1;XEUR;10556006;320;
11.04.2025;12:35:59.008;CRI5.O.250411.BER.000002;STANDARD_OPTION_STRATEGY;BLOCK;EUR;22;3.90000000;1000;EXCHANGE_LAST;;1;1;XEUR;72058968427474844;320;
11.04.2025;12:35:59.008;CRI5 SI 20251218 PS AM P 44.00 0;SIMPLE_INSTRUMENT;BLOCK;EUR;22;5.52100000;1000;PRC_DECOMP_EXCHANGE;;;;XEUR;10380722;320;EXCHANGE
11.04.2025;12:35:59.008;CRI5 SI 20251218 PS AM P 32.00 0;SIMPLE_INSTRUMENT;BLOCK;EUR;22;1.62100000;1000;PRC_DECOMP_EXCHANGE;;;;XEUR;9004518;320;EXCHANGE
11.04.2025;14:40:50.582;CRI5 SI 20250619 PS AM C 50.00 0;SIMPLE_INSTRUMENT;BLOCK;EUR;27;1.60000000;5000;EXCHANGE_LAST;;1;2;XEUR;11337260;320;
11.04.2025;11:30:20.621;CRTG SI 20250620 CS;SIMPLE_INSTRUMENT;BLOCK;EUR;31;6.24660000;60000;EXCHANGE_LAST;;1;1;XEUR;11172236;335;
11.04.2025;12:45:26.610;CRTG SI 20250620 CS;SIMPLE_INSTRUMENT;BLOCK;EUR;37;6.24520000;90000;EXCHANGE_LAST;;1;1;XEUR;11172236;335;
11.04.2025;10:46:22.881;D3AI SI 20251219 CS;SIMPLE_INSTRUMENT;BLOCK;EUR;26;4.22000000;100;EXCHANGE_LAST;;1;1;XEUR;7144062;443197;
11.04.2025;09:08:39.620;DAI.O.250411.BUL.000014;STANDARD_OPTION_STRATEGY;BLOCK;EUR;3;2.55000000;2000;EXCHANGE_LAST;;1;1;XEUR;73961106363665080;443196;
11.04.2025;09:08:39.620;DAI SI 20251219 PS AM C 48.00 0;SIMPLE_INSTRUMENT;BLOCK;EUR;3;3.84000000;2000;PRC_DECOMP_EXCHANGE;;;;XEUR;7144591;443196;EXCHANGE
11.04.2025;09:08:39.620;DAI SI 20251219 PS AM C 58.00 0;SIMPLE_INSTRUMENT;BLOCK;EUR;3;1.29000000;2000;PRC_DECOMP_EXCHANGE;;;;XEUR;10374221;443196;EXCHANGE
11.04.2025;09:23:41.542;DAI SI 20251219 PS AM C 50.00 0;SIMPLE_INSTRUMENT;BLOCK;EUR;6;3.06000000;750;EXCHANGE_LAST;;1;1;XEUR;12490179;443196;
11.04.2025;09:21:57.385;DAI SI 20250417 PS AM C 49.50 0;SIMPLE_INSTRUMENT;BLOCK;EUR;7;0.53000000;2000;EXCHANGE_LAST;;1;1;XEUR;12655013;443196;
11.04.2025;09:38:09.845;DAI.O.250411.PDIA.000010;STANDARD_OPTION_STRATEGY;BLOCK;EUR;8;-2.30000000;750;EXCHANGE_LAST;;1;1;XEUR;73961106363665076;443196;
11.04.2025;09:38:09.845;DAI SI 20250919 PS AM P 48.00 0;SIMPLE_INSTRUMENT;BLOCK;EUR;8;6.49000000;750;PRC_DECOMP_EXCHANGE;;;;XEUR;11925620;443196;EXCHANGE
11.04.2025;09:38:09.845;DAI SI 20251219 PS AM P 42.00 0;SIMPLE_INSTRUMENT;BLOCK;EUR;8;4.19000000;750;PRC_DECOMP_EXCHANGE;;;;XEUR;12490163;443196;EXCHANGE
11.04.2025;10:16:34.826;DAI SI 20250417 PS AM C 59.00 0;SIMPLE_INSTRUMENT;BLOCK;EUR;11;0.04000000;1500;EXCHANGE_LAST;;1;1;XEUR;12655102;443196;
11.04.2025;13:50:03.579;DAI.O.250411.STD.000020;STANDARD_OPTION_STRATEGY;BLOCK;EUR;17;8.40000000;3000;EXCHANGE_LAST;;1;3;XEUR;73961106363665086;443196;
11.04.2025;13:50:03.579;DAI SI 20250620 PS AM P 50.00 0;SIMPLE_INSTRUMENT;BLOCK;EUR;17;6.75000000;3000;PRC_DECOMP_MEMBER;;;;XEUR;11407736;443196;MEMBER
11.04.2025;13:50:03.579;DAI SI 20250620 PS AM C 50.00 0;SIMPLE_INSTRUMENT;BLOCK;EUR;17;1.65000000;3000;PRC_DECOMP_MEMBER;;;;XEUR;11407739;443196;MEMBER
11.04.2025;15:27:50.414;DAI SI 20261218 PS AM C 56.00 0;SIMPLE_INSTRUMENT;BLOCK;EUR;20;3.05000000;2000;EXCHANGE_LAST;;2;1;XEUR;7362235;443196;
11.04.2025;10:56:48.188;DB1 SI 20250620 PS AM C 285.00 0;SIMPLE_INSTRUMENT;BLOCK;EUR;15;5.10000000;250;EXCHANGE_LAST;;1;1;XEUR;13001084;361;
11.04.2025;09:23:22.422;DBK SI 20250620 PS AM C 15.00 0;SIMPLE_INSTRUMENT;BLOCK;EUR;11;4.76000000;3863;EXCHANGE_LAST;;1;1;XEUR;10812177;362;
11.04.2025;09:35:46.272;DBK SI 20260619 PS AM P 18.00 0;SIMPLE_INSTRUMENT;BLOCK;EUR;13;2.97000000;3500;EXCHANGE_LAST;;1;1;XEUR;9543927;362;
11.04.2025;09:23:32.080;DBKE SI 20250919 PS EU C 15.00 0;SIMPLE_INSTRUMENT;BLOCK;EUR;12;4.80000000;3863;EXCHANGE_LAST;;1;1;XEUR;11877953;411;
11.04.2025;08:39:33.442;DPW.O.250411.STG.000003;STANDARD_OPTION_STRATEGY;BLOCK;EUR;7;3.32000000;3000;EXCHANGE_LAST;;1;1;XEUR;72059505298416364;445;
11.04.2025;08:39:33.442;DPW SI 20250919 PS AM C 36.00 0;SIMPLE_INSTRUMENT;BLOCK;EUR;7;1.48000000;3000;PRC_DECOMP_EXCHANGE;;;;XEUR;11878890;445;EXCHANGE
11.04.2025;08:39:33.442;DPW SI 20250919 PS AM P 30.00 0;SIMPLE_INSTRUMENT;BLOCK;EUR;7;1.84000000;3000;PRC_DECOMP_EXCHANGE;;;;XEUR;11878853;445;EXCHANGE
11.04.2025;11:37:21.173;DPW SI 20250620 PS AM C 34.00 0;SIMPLE_INSTRUMENT;BLOCK;EUR;17;1.63000000;2500;EXCHANGE_LAST;;1;1;XEUR;11357256;445;
11.04.2025;08:37:43.568;DTE SI 20251219 PS AM C 30.00 0;SIMPLE_INSTRUMENT;BLOCK;EUR;5;3.39000000;10500;EXCHANGE_LAST;;3;1;XEUR;12052900;424;
11.04.2025;09:09:25.976;DTE SI 20251219 PS AM C 30.00 0;SIMPLE_INSTRUMENT;BLOCK;EUR;10;3.39000000;12500;EXCHANGE_LAST;;2;2;XEUR;12052900;424;
11.04.2025;09:20:08.759;DTE SI 20250919 PS AM P 25.00 0;SIMPLE_INSTRUMENT;BLOCK;EUR;11;0.43000000;2500;EXCHANGE_LAST;;1;1;XEUR;11986401;424;
11.04.2025;10:10:08.038;DTG SI 20250417 PS AM C 40.00 0;SIMPLE_INSTRUMENT;BLOCK;EUR;10;0.07000000;1000;EXCHANGE_LAST;;1;1;XEUR;12655118;455942;
11.04.2025;10:26:46.636;DTG SI 20250417 PS AM C 40.00 0;SIMPLE_INSTRUMENT;BLOCK;EUR;12;0.09000000;998;EXCHANGE_LAST;;1;1;XEUR;12655118;455942;
11.04.2025;11:30:01.433;DTG SI 20250919 PS AM P 24.00 0;SIMPLE_INSTRUMENT;BLOCK;EUR;14;1.20000000;1000;EXCHANGE_LAST;;1;1;XEUR;11925711;455942;
11.04.2025;15:38:07.080;E2NL SI 20261218 CS;SIMPLE_INSTRUMENT;BLOCK;EUR;91;0.44500000;500;EXCHANGE_LAST;;1;1;XEUR;4632356;471;
11.04.2025;15:44:44.881;E2NL SI 20261218 CS;SIMPLE_INSTRUMENT;BLOCK;EUR;100;0.44500000;500;EXCHANGE_LAST;;1;1;XEUR;4632356;471;
11.04.2025;15:50:33.557;E2NL SI 20261218 CS;SIMPLE_INSTRUMENT;BLOCK;EUR;105;0.44500000;250;EXCHANGE_LAST;;1;1;XEUR;4632356;471;
11.04.2025;08:23:17.768;E2NT SI 20251219 CS;SIMPLE_INSTRUMENT;BLOCK;EUR;2;0.99000000;1250;EXCHANGE_LAST;;2;2;XEUR;3681294;470;
11.04.2025;13:43:27.084;E2NT SI 20251219 CS;SIMPLE_INSTRUMENT;BLOCK;EUR;61;0.98500000;1000;EXCHANGE_LAST;;1;1;XEUR;3681294;470;
11.04.2025;15:50:34.628;E2NT SI 20251219 CS;SIMPLE_INSTRUMENT;BLOCK;EUR;106;0.99000000;250;EXCHANGE_LAST;;1;1;XEUR;3681294;470;
11.04.2025;07:31:05.496;EAD SI 20260619 PS AM P 120.00 0;SIMPLE_INSTRUMENT;BLOCK;EUR;1;9.62000000;300;EXCHANGE_LAST;;1;1;XEUR;11013915;465;
11.04.2025;16:01:57.149;ENL5 SI 20250619 PS AM P 6.80 0;SIMPLE_INSTRUMENT;BLOCK;EUR;36;0.22000000;5000;EXCHANGE_LAST;;2;3;XEUR;11337928;500;
11.04.2025;12:14:44.284;ENR SI 20250919 PS AM P 46.00 0;SIMPLE_INSTRUMENT;BLOCK;EUR;18;4.50000000;2000;EXCHANGE_LAST;;2;2;XEUR;11919393;298530;
11.04.2025;14:27:41.791;ENR SI 20260619 PS AM P 48.00 0;SIMPLE_INSTRUMENT;BLOCK;EUR;28;9.50000000;4000;EXCHANGE_LAST;;2;2;XEUR;11401306;298530;
11.04.2025;15:24:59.310;ENR SI 20250417 PS AM C 60.00 0;SIMPLE_INSTRUMENT;BLOCK;EUR;30;0.18000000;2000;EXCHANGE_LAST;;1;1;XEUR;12650613;298530;
11.04.2025;15:39:02.234;ENR SI 20250516 PS AM C 68.00 0;SIMPLE_INSTRUMENT;BLOCK;EUR;32;0.67000000;5000;EXCHANGE_LAST;;1;2;XEUR;12848120;298530;
11.04.2025;15:40:28.371;ENR SI 20250516 PS AM C 68.00 0;SIMPLE_INSTRUMENT;BLOCK;EUR;33;0.67000000;1000;EXCHANGE_LAST;;1;1;XEUR;12848120;298530;
11.04.2025;08:37:40.824;ENT5 SI 20250918 PS AM P 11.00 0;SIMPLE_INSTRUMENT;BLOCK;EUR;6;0.76000000;750;EXCHANGE_LAST;;1;1;XEUR;11863468;497;
11.04.2025;14:35:53.049;ENT5 SI 20251218 PS AM P 10.00 0;SIMPLE_INSTRUMENT;BLOCK;EUR;26;0.67000000;1000;EXCHANGE_LAST;;1;1;XEUR;5911901;497;
11.04.2025;14:50:36.766;EOA.O.250411.STD.000006;STANDARD_OPTION_STRATEGY;BLOCK;EUR;18;2.26000000;1500;EXCHANGE_LAST;;1;1;XEUR;72268326608331849;49065;
11.04.2025;14:50:36.766;EOA SI 20251219 PS AM C 14.00 0;SIMPLE_INSTRUMENT;BLOCK;EUR;18;1.31000000;1500;PRC_DECOMP_EXCHANGE;;;;XEUR;5928471;49065;EXCHANGE
11.04.2025;14:50:36.766;EOA SI 20251219 PS AM P 14.00 0;SIMPLE_INSTRUMENT;BLOCK;EUR;18;0.95000000;1500;PRC_DECOMP_EXCHANGE;;;;XEUR;5928472;49065;EXCHANGE
11.04.2025;10:39:12.926;F3IA SI 20281215 CS;SIMPLE_INSTRUMENT;BLOCK;EUR;18;0.30000000;2000;EXCHANGE_LAST;;1;1;XEUR;9964653;390387;
11.04.2025;14:17:38.257;F3IA SI 20281215 CS;SIMPLE_INSTRUMENT;BLOCK;EUR;69;0.30000000;2000;EXCHANGE_LAST;;1;1;XEUR;9964653;390387;
11.04.2025;15:34:03.314;F3IA SI 20250620 CS;SIMPLE_INSTRUMENT;BLOCK;EUR;89;0.68000000;1218;EXCHANGE_LAST;;1;1;XEUR;10882018;390387;
11.04.2025;15:56:50.827;FATX SI 20250620 CS;SIMPLE_INSTRUMENT;EFP_IDX;EUR;13;3618.00000000;24;EXCHANGE_LAST;;1;1;XEUR;11905432;28699;
11.04.2025;15:57:07.753;FATX SI 20250620 CS;SIMPLE_INSTRUMENT;EFP_IDX;EUR;14;3618.50000000;16;EXCHANGE_LAST;;1;1;XEUR;11905432;28699;
11.04.2025;07:23:34.729;FBTP SI 20250606 PS;SIMPLE_INSTRUMENT;EFP_FIN;EUR;1;117.84000000;148;EXCHANGE_LAST;;1;1;XEUR;11820365;636;
11.04.2025;08:28:47.483;FBTP SI 20250606 PS;SIMPLE_INSTRUMENT;EFP_FIN;EUR;2;117.62000000;235;EXCHANGE_LAST;;1;1;XEUR;11820365;636;
11.04.2025;08:30:32.570;FBTP SI 20250606 PS;SIMPLE_INSTRUMENT;EFP_FIN;EUR;3;117.44000000;876;EXCHANGE_LAST;;1;1;XEUR;11820365;636;
11.04.2025;09:24:50.249;FBTP SI 20250606 PS;SIMPLE_INSTRUMENT;EFP_FIN;EUR;4;117.54000000;198;EXCHANGE_LAST;;1;1;XEUR;11820365;636;
11.04.2025;09:29:23.615;FBTP SI 20250606 PS;SIMPLE_INSTRUMENT;EFP_FIN;EUR;5;117.52000000;165;EXCHANGE_LAST;;1;1;XEUR;11820365;636;
11.04.2025;09:46:33.673;FBTP SI 20250606 PS;SIMPLE_INSTRUMENT;EFP_FIN;EUR;6;117.45000000;134;EXCHANGE_LAST;;1;1;XEUR;11820365;636;
11.04.2025;09:48:33.233;FBTP SI 20250606 PS;SIMPLE_INSTRUMENT;BLOCK;EUR;7;117.67000000;1949;EXCHANGE_LAST;;1;1;XEUR;11820365;636;
11.04.2025;09:52:00.232;FBTP SI 20250606 PS;SIMPLE_INSTRUMENT;EFP_FIN;EUR;8;117.76000000;189;EXCHANGE_LAST;;1;1;XEUR;11820365;636;
11.04.2025;09:52:27.804;FBTP SI 20250606 PS;SIMPLE_INSTRUMENT;EFP_FIN;EUR;9;117.79000000;320;EXCHANGE_LAST;;1;1;XEUR;11820365;636;
11.04.2025;09:53:44.273;FBTP SI 20250606 PS;SIMPLE_INSTRUMENT;BLOCK;EUR;10;117.67000000;264;EXCHANGE_LAST;;1;1;XEUR;11820365;636;
11.04.2025;09:56:21.569;FBTP SI 20250606 PS;SIMPLE_INSTRUMENT;BLOCK;EUR;11;117.60000000;264;EXCHANGE_LAST;;1;1;XEUR;11820365;636;
11.04.2025;09:58:11.200;FBTP SI 20250606 PS;SIMPLE_INSTRUMENT;BLOCK;EUR;12;117.60000000;264;EXCHANGE_LAST;;1;1;XEUR;11820365;636;
11.04.2025;10:05:09.710;FBTP SI 20250606 PS;SIMPLE_INSTRUMENT;EFP_FIN;EUR;13;117.68000000;363;EXCHANGE_LAST;;1;1;XEUR;11820365;636;
11.04.2025;10:21:46.219;FBTP SI 20250606 PS;SIMPLE_INSTRUMENT;BLOCK;EUR;14;117.52000000;277;EXCHANGE_LAST;;1;1;XEUR;11820365;636;
11.04.2025;10:28:44.470;FBTP SI 20250606 PS;SIMPLE_INSTRUMENT;EFP_FIN;EUR;15;117.64000000;106;EXCHANGE_LAST;;1;1;XEUR;11820365;636;
11.04.2025;10:32:13.745;FBTP SI 20250606 PS;SIMPLE_INSTRUMENT;EFP_FIN;EUR;16;118.02000000;442;EXCHANGE_LAST;;1;1;XEUR;11820365;636;
11.04.2025;10:37:58.548;FBTP SI 20250606 PS;SIMPLE_INSTRUMENT;EFP_FIN;EUR;17;118.01000000;50;EXCHANGE_LAST;;1;1;XEUR;11820365;636;
11.04.2025;10:53:47.136;FBTP SI 20250606 PS;SIMPLE_INSTRUMENT;BLOCK;EUR;18;117.95000000;2215;EXCHANGE_LAST;;1;1;XEUR;11820365;636;
11.04.2025;11:35:48.818;FBTP SI 20250606 PS;SIMPLE_INSTRUMENT;EFP_FIN;EUR;19;118.17000000;260;EXCHANGE_LAST;;1;1;XEUR;11820365;636;
11.04.2025;12:10:21.877;FBTP SI 20250606 PS;SIMPLE_INSTRUMENT;EFP_FIN;EUR;20;118.20000000;265;EXCHANGE_LAST;;1;1;XEUR;11820365;636;
11.04.2025;12:59:29.393;FBTP SI 20250606 PS;SIMPLE_INSTRUMENT;EFP_FIN;EUR;21;118.19000000;79;EXCHANGE_LAST;;1;1;XEUR;11820365;636;
11.04.2025;13:04:05.724;FBTP SI 20250606 PS;SIMPLE_INSTRUMENT;EFP_FIN;EUR;22;118.19000000;325;EXCHANGE_LAST;;1;1;XEUR;11820365;636;
11.04.2025;13:08:20.886;FBTP SI 20250606 PS;SIMPLE_INSTRUMENT;EFP_FIN;EUR;23;118.19000000;176;EXCHANGE_LAST;;1;1;XEUR;11820365;636;
11.04.2025;13:48:12.443;FBTP SI 20250606 PS;SIMPLE_INSTRUMENT;EFP_FIN;EUR;24;118.27000000;109;EXCHANGE_LAST;;1;1;XEUR;11820365;636;
11.04.2025;13:50:59.915;FBTP SI 20250606 PS;SIMPLE_INSTRUMENT;EFP_FIN;EUR;25;118.27000000;216;EXCHANGE_LAST;;1;1;XEUR;11820365;636;
11.04.2025;13:54:17.354;FBTP SI 20250606 PS;SIMPLE_INSTRUMENT;EFP_FIN;EUR;26;118.27000000;95;EXCHANGE_LAST;;1;1;XEUR;11820365;636;
11.04.2025;14:59:01.471;FBTP SI 20250606 PS;SIMPLE_INSTRUMENT;EFP_FIN;EUR;27;117.70000000;205;EXCHANGE_LAST;;1;1;XEUR;11820365;636;
11.04.2025;15:09:38.652;FBTP SI 20250606 PS;SIMPLE_INSTRUMENT;EFP_FIN;EUR;28;118.04000000;96;EXCHANGE_LAST;;1;1;XEUR;11820365;636;
11.04.2025;15:16:57.241;FBTP SI 20250606 PS;SIMPLE_INSTRUMENT;EFP_FIN;EUR;29;118.03000000;426;EXCHANGE_LAST;;1;1;XEUR;11820365;636;
11.04.2025;15:35:30.316;FBTP SI 20250606 PS;SIMPLE_INSTRUMENT;EFP_FIN;EUR;30;118.12000000;90;EXCHANGE_LAST;;1;1;XEUR;11820365;636;
11.04.2025;16:01:18.534;FBTP SI 20250606 PS;SIMPLE_INSTRUMENT;EFP_FIN;EUR;31;118.07000000;240;EXCHANGE_LAST;;1;1;XEUR;11820365;636;
11.04.2025;08:40:24.126;FBTS SI 20250606 PS;SIMPLE_INSTRUMENT;EFP_FIN;EUR;8;107.78000000;238;EXCHANGE_LAST;;1;1;XEUR;11820367;639;
11.04.2025;09:01:42.404;FBTS SI 20250606 PS;SIMPLE_INSTRUMENT;BLOCK;EUR;9;107.80000000;2596;EXCHANGE_LAST;;1;1;XEUR;11820367;639;
11.04.2025;10:01:02.185;FBTS SI 20250606 PS;SIMPLE_INSTRUMENT;BLOCK;EUR;15;107.79000000;775;EXCHANGE_LAST;;1;1;XEUR;11820367;639;
11.04.2025;10:22:53.450;FBTS SI 20250606 PS;SIMPLE_INSTRUMENT;EFP_FIN;EUR;19;107.79000000;786;EXCHANGE_LAST;;1;1;XEUR;11820367;639;
11.04.2025;11:24:27.635;FBTS SI 20250606 PS;SIMPLE_INSTRUMENT;EFP_FIN;EUR;24;107.82000000;604;EXCHANGE_LAST;;1;1;XEUR;11820367;639;
11.04.2025;11:34:19.811;FBTS SI 20250606 PS;SIMPLE_INSTRUMENT;EFP_FIN;EUR;26;107.82000000;156;EXCHANGE_LAST;;1;1;XEUR;11820367;639;
11.04.2025;11:54:12.009;FBTS SI 20250606 PS;SIMPLE_INSTRUMENT;EFP_FIN;EUR;29;107.87000000;2764;EXCHANGE_LAST;;1;1;XEUR;11820367;639;
11.04.2025;11:55:18.432;FBTS SI 20250606 PS;SIMPLE_INSTRUMENT;EFP_FIN;EUR;30;107.87000000;604;EXCHANGE_LAST;;1;1;XEUR;11820367;639;
11.04.2025;11:56:32.682;FBTS SI 20250606 PS;SIMPLE_INSTRUMENT;EFP_FIN;EUR;31;107.87000000;323;EXCHANGE_LAST;;1;1;XEUR;11820367;639;
11.04.2025;12:00:28.901;FBTS SI 20250606 PS;SIMPLE_INSTRUMENT;BLOCK;EUR;32;107.88000000;1168;EXCHANGE_LAST;;1;1;XEUR;11820367;639;
11.04.2025;12:06:29.739;FBTS SI 20250606 PS;SIMPLE_INSTRUMENT;BLOCK;EUR;33;107.87000000;651;EXCHANGE_LAST;;1;1;XEUR;11820367;639;
11.04.2025;12:10:51.282;FBTS SI 20250606 PS;SIMPLE_INSTRUMENT;EFP_FIN;EUR;34;107.87000000;387;EXCHANGE_LAST;;1;1;XEUR;11820367;639;
11.04.2025;12:35:22.507;FBTS SI 20250606 PS;SIMPLE_INSTRUMENT;EFP_FIN;EUR;38;107.87000000;323;EXCHANGE_LAST;;1;1;XEUR;11820367;639;
11.04.2025;12:45:33.048;FBTS SI 20250606 PS;SIMPLE_INSTRUMENT;EFP_FIN;EUR;40;107.86000000;607;EXCHANGE_LAST;;1;1;XEUR;11820367;639;
11.04.2025;13:23:55.920;FBTS SI 20250606 PS;SIMPLE_INSTRUMENT;EFP_FIN;EUR;46;107.88000000;846;EXCHANGE_LAST;;1;1;XEUR;11820367;639;
11.04.2025;13:53:40.747;FBTS SI 20250606 PS;SIMPLE_INSTRUMENT;EFP_FIN;EUR;49;107.86000000;2558;EXCHANGE_LAST;;1;1;XEUR;11820367;639;
11.04.2025;12:39:52.723;FCBU SI 20250505 CS;SIMPLE_INSTRUMENT;BLOCK;USD;4;0.17100000;300;EXCHANGE_LAST;;1;1;XEUR;11129772;570870;
11.04.2025;10:16:50.906;FCEU SI 20250616 PS;SIMPLE_INSTRUMENT;BLOCK;USD;2;1.14130000;114;EXCHANGE_LAST;;1;1;XEUR;7879022;369376;
11.04.2025;09:53:37.808;FCPU SI 20250616 PS;SIMPLE_INSTRUMENT;BLOCK;USD;1;1.31395000;806;EXCHANGE_LAST;;1;1;XEUR;7879040;369379;
11.04.2025;12:03:35.277;FCZU SI 20250616 CS;SIMPLE_INSTRUMENT;BLOCK;USD;3;0.05157000;175;EXCHANGE_LAST;;1;1;XEUR;11855446;570872;
11.04.2025;13:14:08.838;FCZU SI 20250616 CS;SIMPLE_INSTRUMENT;BLOCK;USD;5;0.05185000;75;EXCHANGE_LAST;;1;1;XEUR;11855446;570872;
11.04.2025;13:18:32.106;FCZU SI 20250616 CS;SIMPLE_INSTRUMENT;BLOCK;USD;6;0.05187000;100;EXCHANGE_LAST;;1;1;XEUR;11855446;570872;
11.04.2025;10:27:28.984;FDAX SI 20250620 CS;SIMPLE_INSTRUMENT;VOLA;EUR;671088647;20570.00000000;36;EXCHANGE_LAST;;1;1;XEUR;7903800;589;
11.04.2025;11:33:01.816;FDAX SI 20250620 CS;SIMPLE_INSTRUMENT;VOLA;EUR;671088650;20563.00000000;402;EXCHANGE_LAST;;1;1;XEUR;7903800;589;
11.04.2025;12:22:49.792;FDAX SI 20250620 CS;SIMPLE_INSTRUMENT;VOLA;EUR;671088656;20400.00000000;30;EXCHANGE_LAST;;1;1;XEUR;7903800;589;
11.04.2025;13:36:32.350;FDAX SI 20250620 CS;SIMPLE_INSTRUMENT;VOLA;EUR;671088661;20500.00000000;42;EXCHANGE_LAST;;1;1;XEUR;7903800;589;
11.04.2025;09:47:08.472;FEBD SI 20250620 CS;SIMPLE_INSTRUMENT;BLOCK;EUR;13;7.59000000;500;EXCHANGE_LAST;;2;1;XEUR;9547772;597;
11.04.2025;09:47:24.707;FEBD SI 20250620 CS;SIMPLE_INSTRUMENT;BLOCK;EUR;14;7.60000000;500;EXCHANGE_LAST;;2;1;XEUR;9547772;597;
11.04.2025;10:56:13.010;FEBD SI 20261218 CS;SIMPLE_INSTRUMENT;BLOCK;EUR;17;9.54000000;800;EXCHANGE_LAST;;1;1;XEUR;7158212;597;
11.04.2025;15:18:26.864;FEBD SI 20251219 CS;SIMPLE_INSTRUMENT;BLOCK;EUR;53;11.04000000;500;EXCHANGE_LAST;;1;1;XEUR;5914075;597;
11.04.2025;15:54:15.677;FEBD SI 20271217 CS;SIMPLE_INSTRUMENT;BLOCK;EUR;71;8.58000000;250;EXCHANGE_LAST;;1;1;XEUR;7776307;597;
11.04.2025;10:58:33.097;FECX SI 20250620 CS;SIMPLE_INSTRUMENT;BLOCK;EUR;16;165.64000000;200;EXCHANGE_LAST;;1;1;XEUR;11949125;410158;
11.04.2025;11:02:47.007;FECX SI 20250620 CS;SIMPLE_INSTRUMENT;BLOCK;EUR;20;165.69000000;78;EXCHANGE_LAST;;1;1;XEUR;11949125;410158;
11.04.2025;15:14:29.934;FECX SI 20250620 CS;SIMPLE_INSTRUMENT;BLOCK;EUR;51;165.60000000;45;EXCHANGE_LAST;;1;1;XEUR;11949125;410158;
11.04.2025;15:33:12.006;FECX SI 20250620 CS;SIMPLE_INSTRUMENT;BLOCK;EUR;56;165.66000000;45;EXCHANGE_LAST;;1;1;XEUR;11949125;410158;
11.04.2025;15:37:43.231;FEDV SI 20250620 CS;SIMPLE_INSTRUMENT;BLOCK;EUR;57;1705.00000000;1000;EXCHANGE_LAST;;1;1;XEUR;11880642;596;
11.04.2025;15:53:59.003;FEDV SI 20250620 CS;SIMPLE_INSTRUMENT;BLOCK;EUR;79;1704.00000000;1000;EXCHANGE_LAST;;1;1;XEUR;11880642;596;
11.04.2025;15:55:52.325;FEDV SI 20250620 CS;SIMPLE_INSTRUMENT;BLOCK;EUR;80;1710.00000000;2000;EXCHANGE_LAST;;1;1;XEUR;11880642;596;
11.04.2025;15:14:27.871;FEHY SI 20250620 CS;SIMPLE_INSTRUMENT;BLOCK;EUR;52;290.00000000;100;EXCHANGE_LAST;;1;1;XEUR;11949378;574047;
11.04.2025;15:06:25.044;FES1 SI 20250620 PS;SIMPLE_INSTRUMENT;BLOCK;EUR;50;-61.20000000;550;EXCHANGE_LAST;;1;1;XEUR;11910814;58959;
11.04.2025;09:10:51.636;FESB SI 20250620 CS;SIMPLE_INSTRUMENT;BLOCK;EUR;47;160.60000000;11300;EXCHANGE_LAST;;1;1;XEUR;11880665;605;
11.04.2025;08:13:38.838;FESB SI 20250620 CS;SIMPLE_INSTRUMENT;VOLA;EUR;603979781;164.00000000;600;EXCHANGE_LAST;;1;1;XEUR;11880665;605;
11.04.2025;10:28:33.145;FESB SI 20250620 CS;SIMPLE_INSTRUMENT;VOLA;EUR;603979812;162.80000000;3120;EXCHANGE_LAST;;1;1;XEUR;11880665;605;
11.04.2025;15:11:02.675;FESB SI 20250620 CS;SIMPLE_INSTRUMENT;VOLA;EUR;603979857;162.75000000;4800;EXCHANGE_LAST;;1;1;XEUR;11880665;605;
11.04.2025;14:24:17.568;FESU SI 20250620 CS;SIMPLE_INSTRUMENT;VOLA;EUR;603979848;412.00000000;50;EXCHANGE_LAST;;1;1;XEUR;11880931;673;
11.04.2025;14:24:22.728;FESU SI 20250620 CS;SIMPLE_INSTRUMENT;VOLA;EUR;603979849;412.00000000;50;EXCHANGE_LAST;;1;1;XEUR;11880931;673;
11.04.2025;14:30:34.716;FESU SI 20250620 CS;SIMPLE_INSTRUMENT;VOLA;EUR;603979851;412.00000000;850;EXCHANGE_LAST;;1;1;XEUR;11880931;673;
11.04.2025;12:54:35.145;FESX SI 20250620 CS;SIMPLE_INSTRUMENT;BLOCK;EUR;1;4725.00000000;2000;EXCHANGE_LAST;;1;1;XEUR;7904020;675;
11.04.2025;12:55:19.516;FESX SI 20250620 CS;SIMPLE_INSTRUMENT;BLOCK;EUR;2;4725.00000000;2000;EXCHANGE_LAST;;1;1;XEUR;7904020;675;
11.04.2025;13:10:56.743;FESX SI 20250620 CS;SIMPLE_INSTRUMENT;BLOCK;EUR;3;4725.00000000;3000;EXCHANGE_LAST;;1;1;XEUR;7904020;675;
11.04.2025;15:14:17.836;FESX SI 20250620 CS;SIMPLE_INSTRUMENT;BLOCK;EUR;4;4716.00000000;3600;EXCHANGE_LAST;;1;1;XEUR;7904020;675;
11.04.2025;15:35:19.007;FESX SI 20250620 CS;SIMPLE_INSTRUMENT;EFP_IDX;EUR;5;4720.00000000;1000;EXCHANGE_LAST;;1;1;XEUR;7904020;675;
11.04.2025;15:44:53.671;FESX SI 20250620 CS;SIMPLE_INSTRUMENT;EFP_IDX;EUR;6;4726.00000000;520;EXCHANGE_LAST;;1;1;XEUR;7904020;675;
11.04.2025;15:45:01.736;FESX SI 20250620 CS;SIMPLE_INSTRUMENT;EFP_IDX;EUR;7;4727.00000000;480;EXCHANGE_LAST;;1;1;XEUR;7904020;675;
11.04.2025;15:50:04.477;FESX SI 20250620 CS;SIMPLE_INSTRUMENT;EFP_IDX;EUR;8;4726.00000000;520;EXCHANGE_LAST;;1;1;XEUR;7904020;675;
11.04.2025;15:50:45.651;FESX SI 20250620 CS;SIMPLE_INSTRUMENT;EFP_IDX;EUR;9;4727.00000000;480;EXCHANGE_LAST;;1;1;XEUR;7904020;675;
11.04.2025;15:50:57.207;FESX SI 20250620 CS;SIMPLE_INSTRUMENT;EFP_IDX;EUR;10;4726.00000000;780;EXCHANGE_LAST;;1;1;XEUR;7904020;675;
11.04.2025;15:50:22.688;FESX SI 20250620 CS;SIMPLE_INSTRUMENT;EFP_IDX;EUR;11;4727.00000000;720;EXCHANGE_LAST;;1;1;XEUR;7904020;675;
11.04.2025;15:46:42.470;FESX SI 20250620 CS;SIMPLE_INSTRUMENT;EFP_IDX;EUR;12;4726.00000000;59;EXCHANGE_LAST;;1;1;XEUR;7904020;675;
11.04.2025;15:46:59.542;FESX SI 20250620 CS;SIMPLE_INSTRUMENT;EFP_IDX;EUR;13;4727.00000000;144;EXCHANGE_LAST;;1;1;XEUR;7904020;675;
11.04.2025;15:48:59.504;FESX SI 20250620 CS;SIMPLE_INSTRUMENT;EFP_IDX;EUR;14;4726.00000000;323;EXCHANGE_LAST;;1;1;XEUR;7904020;675;
11.04.2025;15:48:48.168;FESX SI 20250620 CS;SIMPLE_INSTRUMENT;EFP_IDX;EUR;15;4727.00000000;177;EXCHANGE_LAST;;1;1;XEUR;7904020;675;
11.04.2025;15:55:07.478;FESX SI 20250620 CS;SIMPLE_INSTRUMENT;EFP_IDX;EUR;16;4726.00000000;166;EXCHANGE_LAST;;1;1;XEUR;7904020;675;
11.04.2025;15:53:27.544;FESX SI 20250620 CS;SIMPLE_INSTRUMENT;EFP_IDX;EUR;17;4726.00000000;501;EXCHANGE_LAST;;1;1;XEUR;7904020;675;
11.04.2025;15:53:38.846;FESX SI 20250620 CS;SIMPLE_INSTRUMENT;EFP_IDX;EUR;18;4727.00000000;149;EXCHANGE_LAST;;1;1;XEUR;7904020;675;
11.04.2025;15:55:15.184;FESX SI 20250620 CS;SIMPLE_INSTRUMENT;EFP_IDX;EUR;19;4727.00000000;154;EXCHANGE_LAST;;1;1;XEUR;7904020;675;
11.04.2025;15:54:06.255;FESX SI 20250620 CS;SIMPLE_INSTRUMENT;EFP_IDX;EUR;20;4726.00000000;194;EXCHANGE_LAST;;1;1;XEUR;7904020;675;
11.04.2025;15:54:16.863;FESX SI 20250620 CS;SIMPLE_INSTRUMENT;EFP_IDX;EUR;21;4727.00000000;106;EXCHANGE_LAST;;1;1;XEUR;7904020;675;
11.04.2025;07:52:35.056;FESX SI 20250620 CS;SIMPLE_INSTRUMENT;VOLA;EUR;637534219;4790.00000000;110;EXCHANGE_LAST;;1;1;XEUR;7904020;675;
11.04.2025;08:11:48.780;FESX SI 20250620 CS;SIMPLE_INSTRUMENT;VOLA;EUR;637534227;4795.00000000;10;EXCHANGE_LAST;;1;1;XEUR;7904020;675;
11.04.2025;08:40:34.047;FESX SI 20250620 CS;SIMPLE_INSTRUMENT;VOLA;EUR;637534243;4755.00000000;760;EXCHANGE_LAST;;1;1;XEUR;7904020;675;
11.04.2025;08:53:58.963;FESX SI 20250620 CS;SIMPLE_INSTRUMENT;VOLA;EUR;637534255;4700.00000000;450;EXCHANGE_LAST;;1;1;XEUR;7904020;675;
11.04.2025;09:01:53.416;FESX SI 20250620 CS;SIMPLE_INSTRUMENT;VOLA;EUR;637534262;4713.00000000;510;EXCHANGE_LAST;;1;1;XEUR;7904020;675;
11.04.2025;09:43:02.572;FESX SI 20250620 CS;SIMPLE_INSTRUMENT;VOLA;EUR;637534277;4690.00000000;1197;EXCHANGE_LAST;;1;1;XEUR;7904020;675;
11.04.2025;10:24:21.124;FESX SI 20250620 CS;SIMPLE_INSTRUMENT;VOLA;EUR;637534303;4730.00000000;480;EXCHANGE_LAST;;1;1;XEUR;7904020;675;
11.04.2025;10:40:43.482;FESX SI 20250620 CS;SIMPLE_INSTRUMENT;VOLA;EUR;637534311;4730.00000000;100;EXCHANGE_LAST;;1;1;XEUR;7904020;675;
11.04.2025;12:18:28.841;FESX SI 20250620 CS;SIMPLE_INSTRUMENT;VOLA;EUR;637534355;4700.00000000;270;EXCHANGE_LAST;;1;1;XEUR;7904020;675;
11.04.2025;12:49:47.009;FESX SI 20250620 CS;SIMPLE_INSTRUMENT;VOLA;EUR;637534372;4736.00000000;200;EXCHANGE_LAST;;1;1;XEUR;7904020;675;
11.04.2025;12:51:05.768;FESX SI 20250620 CS;SIMPLE_INSTRUMENT;VOLA;EUR;637534374;4736.00000000;61;EXCHANGE_LAST;;1;1;XEUR;7904020;675;
11.04.2025;13:11:04.001;FESX SI 20250620 CS;SIMPLE_INSTRUMENT;VOLA;EUR;637534387;4724.00000000;725;EXCHANGE_LAST;;1;1;XEUR;7904020;675;
11.04.2025;13:41:10.044;FESX SI 20250620 CS;SIMPLE_INSTRUMENT;VOLA;EUR;637534401;4690.00000000;100;EXCHANGE_LAST;;1;1;XEUR;7904020;675;
11.04.2025;13:47:03.478;FESX SI 20250620 CS;SIMPLE_INSTRUMENT;VOLA;EUR;637534405;4702.00000000;480;EXCHANGE_LAST;;1;1;XEUR;7904020;675;
11.04.2025;14:49:07.117;FESX SI 20250620 CS;SIMPLE_INSTRUMENT;VOLA;EUR;637534433;4720.00000000;150;EXCHANGE_LAST;;1;1;XEUR;7904020;675;
11.04.2025;15:10:27.221;FESX SI 20250620 CS;SIMPLE_INSTRUMENT;VOLA;EUR;637534449;4730.00000000;78;EXCHANGE_LAST;;1;1;XEUR;7904020;675;
11.04.2025;15:17:43.016;FESX SI 20250620 CS;SIMPLE_INSTRUMENT;VOLA;EUR;637534451;4738.00000000;250;EXCHANGE_LAST;;1;1;XEUR;7904020;675;
11.04.2025;15:42:47.179;FESX SI 20250620 CS;SIMPLE_INSTRUMENT;VOLA;EUR;637534482;4725.00000000;60;EXCHANGE_LAST;;1;1;XEUR;7904020;675;
11.04.2025;15:43:25.644;FESX SI 20250620 CS;SIMPLE_INSTRUMENT;VOLA;EUR;637534483;4719.00000000;102;EXCHANGE_LAST;;1;1;XEUR;7904020;675;
11.04.2025;07:34:40.467;FEXD SI 20261218 CS;SIMPLE_INSTRUMENT;BLOCK;EUR;1;145.40000000;750;EXCHANGE_LAST;;1;1;XEUR;2163053;693;
11.04.2025;07:35:01.585;FEXD SI 20281215 CS;SIMPLE_INSTRUMENT;BLOCK;EUR;2;135.60000000;750;EXCHANGE_LAST;;1;1;XEUR;3680985;693;
11.04.2025;07:36:56.110;FEXD SI 20261218 CS;SIMPLE_INSTRUMENT;BLOCK;EUR;3;145.60000000;150;EXCHANGE_LAST;;1;1;XEUR;2163053;693;
11.04.2025;07:58:28.715;FEXD SI 20271217 CS;SIMPLE_INSTRUMENT;BLOCK;EUR;4;138.40000000;140;EXCHANGE_LAST;;1;1;XEUR;2848338;693;
11.04.2025;08:13:18.892;FEXD.S.DEC28.DEC29.SPD;FUTURES_SPREAD;BLOCK;EUR;5;3.40000000;130;EXCHANGE_LAST;;1;1;XEUR;72060570450264171;693;
11.04.2025;08:13:18.892;FEXD SI 20281215 CS;SIMPLE_INSTRUMENT;BLOCK;EUR;5;134.70000000;130;PRC_DECOMP_EXCHANGE;;;;XEUR;3680985;693;EXCHANGE
11.04.2025;08:13:18.892;FEXD SI 20291221 CS;SIMPLE_INSTRUMENT;BLOCK;EUR;5;131.30000000;130;PRC_DECOMP_EXCHANGE;;;;XEUR;4631968;693;EXCHANGE
11.04.2025;08:29:24.290;FEXD SI 20250620 CS;SIMPLE_INSTRUMENT;BLOCK;EUR;6;129.30000000;2000;EXCHANGE_LAST;;1;1;XEUR;9548493;693;
11.04.2025;08:37:19.639;FEXD SI 20250620 CS;SIMPLE_INSTRUMENT;BLOCK;EUR;7;129.30000000;10000;EXCHANGE_LAST;;1;1;XEUR;9548493;693;
11.04.2025;08:48:33.980;FEXD SI 20251219 CS;SIMPLE_INSTRUMENT;BLOCK;EUR;8;163.00000000;250;EXCHANGE_LAST;;1;1;XEUR;1548120;693;
11.04.2025;08:51:07.877;FEXD SI 20250620 CS;SIMPLE_INSTRUMENT;BLOCK;EUR;9;129.30000000;2750;EXCHANGE_LAST;;1;1;XEUR;9548493;693;
11.04.2025;09:09:03.043;FEXD SI 20261218 CS;SIMPLE_INSTRUMENT;BLOCK;EUR;10;142.60000000;500;EXCHANGE_LAST;;1;1;XEUR;2163053;693;
11.04.2025;09:34:31.966;FEXD SI 20251219 CS;SIMPLE_INSTRUMENT;BLOCK;EUR;12;162.60000000;500;EXCHANGE_LAST;;2;1;XEUR;1548120;693;
11.04.2025;11:03:54.057;FEXD SI 20261218 CS;SIMPLE_INSTRUMENT;BLOCK;EUR;21;144.30000000;300;EXCHANGE_LAST;;1;1;XEUR;2163053;693;
11.04.2025;11:41:12.627;FEXD SI 20261218 CS;SIMPLE_INSTRUMENT;BLOCK;EUR;23;143.10000000;450;EXCHANGE_LAST;;2;1;XEUR;2163053;693;
11.04.2025;11:41:36.464;FEXD SI 20261218 CS;SIMPLE_INSTRUMENT;BLOCK;EUR;25;142.90000000;200;EXCHANGE_LAST;;1;1;XEUR;2163053;693;
11.04.2025;11:50:00.222;FEXD SI 20271217 CS;SIMPLE_INSTRUMENT;BLOCK;EUR;26;137.00000000;400;EXCHANGE_LAST;;1;1;XEUR;2848338;693;
11.04.2025;11:50:51.337;FEXD SI 20281215 CS;SIMPLE_INSTRUMENT;BLOCK;EUR;27;133.00000000;400;EXCHANGE_LAST;;1;1;XEUR;3680985;693;
11.04.2025;12:00:20.672;FEXD SI 20261218 CS;SIMPLE_INSTRUMENT;BLOCK;EUR;29;142.70000000;150;EXCHANGE_LAST;;1;1;XEUR;2163053;693;
11.04.2025;12:01:22.461;FEXD SI 20261218 CS;SIMPLE_INSTRUMENT;BLOCK;EUR;30;143.00000000;200;EXCHANGE_LAST;;1;1;XEUR;2163053;693;
11.04.2025;12:02:43.132;FEXD SI 20250620 CS;SIMPLE_INSTRUMENT;BLOCK;EUR;31;129.30000000;250;EXCHANGE_LAST;;1;1;XEUR;9548493;693;
11.04.2025;12:02:43.600;FEXD SI 20250620 CS;SIMPLE_INSTRUMENT;BLOCK;EUR;32;129.40000000;250;EXCHANGE_LAST;;1;1;XEUR;9548493;693;
11.04.2025;12:05:48.016;FEXD SI 20261218 CS;SIMPLE_INSTRUMENT;BLOCK;EUR;34;142.80000000;150;EXCHANGE_LAST;;1;1;XEUR;2163053;693;
11.04.2025;12:22:05.582;FEXD SI 20250620 CS;SIMPLE_INSTRUMENT;BLOCK;EUR;35;129.30000000;600;EXCHANGE_LAST;;1;1;XEUR;9548493;693;
11.04.2025;12:23:14.760;FEXD SI 20271217 CS;SIMPLE_INSTRUMENT;BLOCK;EUR;37;137.30000000;200;EXCHANGE_LAST;;1;1;XEUR;2848338;693;
11.04.2025;12:40:21.590;FEXD SI 20271217 CS;SIMPLE_INSTRUMENT;BLOCK;EUR;39;137.50000000;300;EXCHANGE_LAST;;1;1;XEUR;2848338;693;
11.04.2025;14:04:12.355;FEXD SI 20271217 CS;SIMPLE_INSTRUMENT;BLOCK;EUR;41;137.50000000;250;EXCHANGE_LAST;;1;1;XEUR;2848338;693;
11.04.2025;14:06:42.011;FEXD SI 20281215 CS;SIMPLE_INSTRUMENT;BLOCK;EUR;42;133.00000000;200;EXCHANGE_LAST;;1;1;XEUR;3680985;693;
11.04.2025;14:14:03.034;FEXD SI 20271217 CS;SIMPLE_INSTRUMENT;BLOCK;EUR;45;137.50000000;200;EXCHANGE_LAST;;1;1;XEUR;2848338;693;
11.04.2025;14:35:36.209;FEXD SI 20261218 CS;SIMPLE_INSTRUMENT;BLOCK;EUR;46;142.90000000;100;EXCHANGE_LAST;;1;1;XEUR;2163053;693;
11.04.2025;15:30:03.466;FEXD SI 20261218 CS;SIMPLE_INSTRUMENT;BLOCK;EUR;55;143.50000000;500;EXCHANGE_LAST;;1;1;XEUR;2163053;693;
11.04.2025;06:54:45.106;FGBL SI 20250606 PS;SIMPLE_INSTRUMENT;EFS;EUR;1;130.33000000;218;EXCHANGE_LAST;;1;1;XEUR;11820389;688;
11.04.2025;07:07:22.251;FGBL SI 20250606 PS;SIMPLE_INSTRUMENT;EFS;EUR;2;130.36000000;175;EXCHANGE_LAST;;1;1;XEUR;11820389;688;
11.04.2025;07:09:55.011;FGBL SI 20250606 PS;SIMPLE_INSTRUMENT;EFS;EUR;3;130.25000000;215;EXCHANGE_LAST;;1;1;XEUR;11820389;688;
11.04.2025;07:11:34.507;FGBL SI 20250606 PS;SIMPLE_INSTRUMENT;EFS;EUR;4;130.25000000;70;EXCHANGE_LAST;;1;1;XEUR;11820389;688;
11.04.2025;07:13:19.051;FGBL SI 20250606 PS;SIMPLE_INSTRUMENT;EFS;EUR;5;130.28000000;250;EXCHANGE_LAST;;1;1;XEUR;11820389;688;
11.04.2025;07:21:50.176;FGBL SI 20250606 PS;SIMPLE_INSTRUMENT;EFP_FIN;EUR;6;130.28000000;123;EXCHANGE_LAST;;1;1;XEUR;11820389;688;
11.04.2025;07:24:19.841;FGBL SI 20250606 PS;SIMPLE_INSTRUMENT;EFS;EUR;7;130.11000000;430;EXCHANGE_LAST;;1;1;XEUR;11820389;688;
11.04.2025;07:27:11.526;FGBL SI 20250606 PS;SIMPLE_INSTRUMENT;EFS;EUR;8;130.23000000;435;EXCHANGE_LAST;;1;1;XEUR;11820389;688;
11.04.2025;07:30:35.248;FGBL SI 20250606 PS;SIMPLE_INSTRUMENT;EFS;EUR;10;130.16000000;430;EXCHANGE_LAST;;1;1;XEUR;11820389;688;
11.04.2025;07:30:45.262;FGBL SI 20250606 PS;SIMPLE_INSTRUMENT;EFS;EUR;11;130.16000000;430;EXCHANGE_LAST;;1;1;XEUR;11820389;688;
11.04.2025;07:30:48.844;FGBL SI 20250606 PS;SIMPLE_INSTRUMENT;EFS;EUR;12;130.18000000;305;EXCHANGE_LAST;;1;1;XEUR;11820389;688;
11.04.2025;07:32:29.113;FGBL SI 20250606 PS;SIMPLE_INSTRUMENT;EFS;EUR;13;130.11000000;986;EXCHANGE_LAST;;1;1;XEUR;11820389;688;
11.04.2025;07:32:35.795;FGBL SI 20250606 PS;SIMPLE_INSTRUMENT;EFS;EUR;14;130.13000000;430;EXCHANGE_LAST;;1;1;XEUR;11820389;688;
11.04.2025;07:34:35.489;FGBL SI 20250606 PS;SIMPLE_INSTRUMENT;EFS;EUR;15;130.09000000;861;EXCHANGE_LAST;;1;1;XEUR;11820389;688;
11.04.2025;07:34:55.512;FGBL SI 20250606 PS;SIMPLE_INSTRUMENT;EFS;EUR;16;130.05000000;431;EXCHANGE_LAST;;1;1;XEUR;11820389;688;
11.04.2025;07:35:38.378;FGBL SI 20250606 PS;SIMPLE_INSTRUMENT;EFS;EUR;17;130.14000000;129;EXCHANGE_LAST;;1;1;XEUR;11820389;688;
11.04.2025;07:37:53.108;FGBL SI 20250606 PS;SIMPLE_INSTRUMENT;EFS;EUR;18;130.10000000;245;EXCHANGE_LAST;;1;1;XEUR;11820389;688;
11.04.2025;07:38:00.788;FGBL SI 20250606 PS;SIMPLE_INSTRUMENT;EFS;EUR;19;130.16000000;301;EXCHANGE_LAST;;1;1;XEUR;11820389;688;
11.04.2025;07:38:05.661;FGBL SI 20250606 PS;SIMPLE_INSTRUMENT;EFS;EUR;20;129.97000000;431;EXCHANGE_LAST;;1;1;XEUR;11820389;688;
11.04.2025;07:38:42.903;FGBL SI 20250606 PS;SIMPLE_INSTRUMENT;EFS;EUR;21;130.16000000;430;EXCHANGE_LAST;;1;1;XEUR;11820389;688;
11.04.2025;07:41:52.922;FGBL SI 20250606 PS;SIMPLE_INSTRUMENT;EFS;EUR;22;130.15000000;435;EXCHANGE_LAST;;1;1;XEUR;11820389;688;
11.04.2025;07:42:07.742;FGBL SI 20250606 PS;SIMPLE_INSTRUMENT;EFS;EUR;23;129.99000000;494;EXCHANGE_LAST;;1;1;XEUR;11820389;688;
11.04.2025;07:44:24.754;FGBL SI 20250606 PS;SIMPLE_INSTRUMENT;EFS;EUR;24;130.13000000;443;EXCHANGE_LAST;;1;1;XEUR;11820389;688;
11.04.2025;07:55:57.017;FGBL SI 20250606 PS;SIMPLE_INSTRUMENT;EFS;EUR;25;130.18000000;434;EXCHANGE_LAST;;1;1;XEUR;11820389;688;
11.04.2025;07:56:52.291;FGBL SI 20250606 PS;SIMPLE_INSTRUMENT;EFS;EUR;26;130.04000000;142;EXCHANGE_LAST;;1;1;XEUR;11820389;688;
11.04.2025;07:57:43.925;FGBL SI 20250606 PS;SIMPLE_INSTRUMENT;EFS;EUR;27;129.98000000;395;EXCHANGE_LAST;;1;1;XEUR;11820389;688;
11.04.2025;07:59:58.259;FGBL SI 20250606 PS;SIMPLE_INSTRUMENT;EFS;EUR;28;130.00000000;673;EXCHANGE_LAST;;1;1;XEUR;11820389;688;
11.04.2025;08:00:42.774;FGBL SI 20250606 PS;SIMPLE_INSTRUMENT;EFS;EUR;29;130.07000000;431;EXCHANGE_LAST;;1;1;XEUR;11820389;688;
11.04.2025;08:02:43.884;FGBL SI 20250606 PS;SIMPLE_INSTRUMENT;EFS;EUR;30;130.08000000;493;EXCHANGE_LAST;;1;1;XEUR;11820389;688;
11.04.2025;08:08:43.066;FGBL SI 20250606 PS;SIMPLE_INSTRUMENT;EFS;EUR;31;130.27000000;215;EXCHANGE_LAST;;1;1;XEUR;11820389;688;
11.04.2025;08:11:21.163;FGBL SI 20250606 PS;SIMPLE_INSTRUMENT;EFS;EUR;32;130.10000000;1303;EXCHANGE_LAST;;1;1;XEUR;11820389;688;
11.04.2025;08:14:31.735;FGBL SI 20250606 PS;SIMPLE_INSTRUMENT;EFP_FIN;EUR;33;130.21000000;234;EXCHANGE_LAST;;1;1;XEUR;11820389;688;
11.04.2025;08:16:24.366;FGBL SI 20250606 PS;SIMPLE_INSTRUMENT;EFS;EUR;34;130.31000000;301;EXCHANGE_LAST;;1;1;XEUR;11820389;688;
11.04.2025;08:22:45.881;FGBL SI 20250606 PS;SIMPLE_INSTRUMENT;EFS;EUR;35;130.04000000;493;EXCHANGE_LAST;;1;1;XEUR;11820389;688;
11.04.2025;08:27:35.156;FGBL SI 20250606 PS;SIMPLE_INSTRUMENT;EFS;EUR;37;130.40000000;49;EXCHANGE_LAST;;1;1;XEUR;11820389;688;
11.04.2025;08:37:53.116;FGBL SI 20250606 PS;SIMPLE_INSTRUMENT;EFS;EUR;38;130.37000000;215;EXCHANGE_LAST;;1;1;XEUR;11820389;688;
11.04.2025;08:55:51.278;FGBL SI 20250606 PS;SIMPLE_INSTRUMENT;EFP_FIN;EUR;39;130.46000000;202;EXCHANGE_LAST;;1;1;XEUR;11820389;688;
11.04.2025;08:57:42.402;FGBL SI 20250606 PS;SIMPLE_INSTRUMENT;EFP_FIN;EUR;40;130.55000000;290;EXCHANGE_LAST;;1;1;XEUR;11820389;688;
11.04.2025;08:57:51.089;FGBL SI 20250606 PS;SIMPLE_INSTRUMENT;EFS;EUR;41;130.55000000;344;EXCHANGE_LAST;;1;1;XEUR;11820389;688;
11.04.2025;08:57:47.854;FGBL SI 20250606 PS;SIMPLE_INSTRUMENT;EFP_FIN;EUR;42;130.40000000;394;EXCHANGE_LAST;;1;1;XEUR;11820389;688;
11.04.2025;08:58:18.197;FGBL SI 20250606 PS;SIMPLE_INSTRUMENT;EFS;EUR;43;130.39000000;43;EXCHANGE_LAST;;1;1;XEUR;11820389;688;
11.04.2025;08:58:49.967;FGBL SI 20250606 PS;SIMPLE_INSTRUMENT;EFS;EUR;44;130.58000000;246;EXCHANGE_LAST;;1;1;XEUR;11820389;688;
11.04.2025;09:04:23.059;FGBL SI 20250606 PS;SIMPLE_INSTRUMENT;EFS;EUR;45;130.52000000;429;EXCHANGE_LAST;;1;1;XEUR;11820389;688;
11.04.2025;09:05:19.288;FGBL SI 20250606 PS;SIMPLE_INSTRUMENT;EFS;EUR;46;130.57000000;302;EXCHANGE_LAST;;1;1;XEUR;11820389;688;
11.04.2025;09:09:16.702;FGBL SI 20250606 PS;SIMPLE_INSTRUMENT;EFS;EUR;47;130.51000000;216;EXCHANGE_LAST;;1;1;XEUR;11820389;688;
11.04.2025;09:10:55.836;FGBL SI 20250606 PS;SIMPLE_INSTRUMENT;EFS;EUR;48;130.56000000;449;EXCHANGE_LAST;;1;1;XEUR;11820389;688;
11.04.2025;09:17:53.791;FGBL SI 20250606 PS;SIMPLE_INSTRUMENT;EFS;EUR;49;130.47000000;984;EXCHANGE_LAST;;1;1;XEUR;11820389;688;
11.04.2025;09:19:26.392;FGBL SI 20250606 PS;SIMPLE_INSTRUMENT;EFS;EUR;50;130.61000000;246;EXCHANGE_LAST;;1;1;XEUR;11820389;688;
11.04.2025;09:22:07.643;FGBL SI 20250606 PS;SIMPLE_INSTRUMENT;EFS;EUR;51;130.63000000;382;EXCHANGE_LAST;;1;1;XEUR;11820389;688;
11.04.2025;09:30:41.659;FGBL SI 20250606 PS;SIMPLE_INSTRUMENT;EFS;EUR;52;130.49000000;737;EXCHANGE_LAST;;1;1;XEUR;11820389;688;
11.04.2025;09:32:29.478;FGBL SI 20250606 PS;SIMPLE_INSTRUMENT;EFP_FIN;EUR;53;130.55000000;207;EXCHANGE_LAST;;1;1;XEUR;11820389;688;
11.04.2025;09:38:01.189;FGBL SI 20250606 PS;SIMPLE_INSTRUMENT;EFP_FIN;EUR;54;130.55000000;798;EXCHANGE_LAST;;1;1;XEUR;11820389;688;
11.04.2025;09:38:17.000;FGBL SI 20250606 PS;SIMPLE_INSTRUMENT;EFS;EUR;55;130.71000000;491;EXCHANGE_LAST;;1;1;XEUR;11820389;688;
11.04.2025;09:38:23.306;FGBL SI 20250606 PS;SIMPLE_INSTRUMENT;EFP_FIN;EUR;56;130.55000000;176;EXCHANGE_LAST;;1;1;XEUR;11820389;688;
11.04.2025;09:41:32.515;FGBL SI 20250606 PS;SIMPLE_INSTRUMENT;EFS;EUR;58;130.75000000;735;EXCHANGE_LAST;;1;1;XEUR;11820389;688;
11.04.2025;09:42:20.715;FGBL SI 20250606 PS;SIMPLE_INSTRUMENT;EFS;EUR;59;130.62000000;214;EXCHANGE_LAST;;1;1;XEUR;11820389;688;
11.04.2025;09:44:32.791;FGBL SI 20250606 PS;SIMPLE_INSTRUMENT;EFS;EUR;60;130.74000000;215;EXCHANGE_LAST;;1;1;XEUR;11820389;688;
11.04.2025;09:44:37.989;FGBL SI 20250606 PS;SIMPLE_INSTRUMENT;EFS;EUR;61;130.69000000;1050;EXCHANGE_LAST;;1;1;XEUR;11820389;688;
11.04.2025;09:44:49.569;FGBL SI 20250606 PS;SIMPLE_INSTRUMENT;EFS;EUR;62;130.66000000;448;EXCHANGE_LAST;;1;1;XEUR;11820389;688;
11.04.2025;09:46:12.022;FGBL SI 20250606 PS;SIMPLE_INSTRUMENT;EFS;EUR;63;130.64000000;147;EXCHANGE_LAST;;1;1;XEUR;11820389;688;
11.04.2025;09:46:40.887;FGBL SI 20250606 PS;SIMPLE_INSTRUMENT;EFS;EUR;64;130.65000000;214;EXCHANGE_LAST;;1;1;XEUR;11820389;688;
11.04.2025;09:46:50.897;FGBL SI 20250606 PS;SIMPLE_INSTRUMENT;EFS;EUR;65;130.65000000;214;EXCHANGE_LAST;;1;1;XEUR;11820389;688;
11.04.2025;09:48:27.299;FGBL SI 20250606 PS;SIMPLE_INSTRUMENT;EFS;EUR;66;130.73000000;430;EXCHANGE_LAST;;1;1;XEUR;11820389;688;
11.04.2025;09:49:45.792;FGBL SI 20250606 PS;SIMPLE_INSTRUMENT;EFS;EUR;67;130.64000000;428;EXCHANGE_LAST;;1;1;XEUR;11820389;688;
11.04.2025;09:50:17.712;FGBL SI 20250606 PS;SIMPLE_INSTRUMENT;EFS;EUR;68;130.67000000;450;EXCHANGE_LAST;;1;1;XEUR;11820389;688;
11.04.2025;09:51:03.038;FGBL SI 20250606 PS;SIMPLE_INSTRUMENT;EFP_FIN;EUR;69;130.68000000;431;EXCHANGE_LAST;;1;1;XEUR;11820389;688;
11.04.2025;09:52:41.155;FGBL SI 20250606 PS;SIMPLE_INSTRUMENT;EFS;EUR;70;130.68000000;429;EXCHANGE_LAST;;1;1;XEUR;11820389;688;
11.04.2025;09:53:08.256;FGBL SI 20250606 PS;SIMPLE_INSTRUMENT;EFS;EUR;71;130.69000000;245;EXCHANGE_LAST;;1;1;XEUR;11820389;688;
11.04.2025;09:53:08.334;FGBL SI 20250606 PS;SIMPLE_INSTRUMENT;EFS;EUR;72;130.64000000;214;EXCHANGE_LAST;;1;1;XEUR;11820389;688;
11.04.2025;09:53:59.875;FGBL SI 20250606 PS;SIMPLE_INSTRUMENT;EFS;EUR;73;130.74000000;215;EXCHANGE_LAST;;1;1;XEUR;11820389;688;
11.04.2025;09:58:31.236;FGBL SI 20250606 PS;SIMPLE_INSTRUMENT;EFS;EUR;74;130.75000000;215;EXCHANGE_LAST;;1;1;XEUR;11820389;688;
11.04.2025;10:01:27.202;FGBL SI 20250606 PS;SIMPLE_INSTRUMENT;EFP_FIN;EUR;75;130.66000000;116;EXCHANGE_LAST;;1;1;XEUR;11820389;688;
11.04.2025;10:01:56.838;FGBL SI 20250606 PS;SIMPLE_INSTRUMENT;EFP_FIN;EUR;76;130.66000000;58;EXCHANGE_LAST;;1;1;XEUR;11820389;688;
11.04.2025;10:01:58.614;FGBL SI 20250606 PS;SIMPLE_INSTRUMENT;EFS;EUR;77;130.66000000;981;EXCHANGE_LAST;;1;1;XEUR;11820389;688;
11.04.2025;10:02:59.688;FGBL SI 20250606 PS;SIMPLE_INSTRUMENT;EFS;EUR;78;130.72000000;449;EXCHANGE_LAST;;1;1;XEUR;11820389;688;
11.04.2025;10:05:17.151;FGBL SI 20250606 PS;SIMPLE_INSTRUMENT;EFS;EUR;79;130.73000000;214;EXCHANGE_LAST;;1;1;XEUR;11820389;688;
11.04.2025;10:13:11.533;FGBL SI 20250606 PS;SIMPLE_INSTRUMENT;EFS;EUR;80;130.66000000;246;EXCHANGE_LAST;;1;1;XEUR;11820389;688;
11.04.2025;10:14:12.136;FGBL SI 20250606 PS;SIMPLE_INSTRUMENT;EFP_FIN;EUR;81;130.66000000;246;EXCHANGE_LAST;;1;1;XEUR;11820389;688;
11.04.2025;10:17:27.157;FGBL SI 20250606 PS;SIMPLE_INSTRUMENT;EFS;EUR;82;130.72000000;490;EXCHANGE_LAST;;1;1;XEUR;11820389;688;
11.04.2025;10:20:00.659;FGBL SI 20250606 PS;SIMPLE_INSTRUMENT;EFS;EUR;83;130.94000000;428;EXCHANGE_LAST;;1;1;XEUR;11820389;688;
11.04.2025;10:20:33.118;FGBL SI 20250606 PS;SIMPLE_INSTRUMENT;EFS;EUR;84;130.70000000;149;EXCHANGE_LAST;;1;1;XEUR;11820389;688;
11.04.2025;10:22:05.872;FGBL SI 20250606 PS;SIMPLE_INSTRUMENT;EFS;EUR;85;130.94000000;214;EXCHANGE_LAST;;1;1;XEUR;11820389;688;
11.04.2025;10:24:01.403;FGBL SI 20250606 PS;SIMPLE_INSTRUMENT;EFS;EUR;86;130.81000000;428;EXCHANGE_LAST;;1;1;XEUR;11820389;688;
11.04.2025;10:24:46.727;FGBL SI 20250606 PS;SIMPLE_INSTRUMENT;EFS;EUR;87;130.87000000;490;EXCHANGE_LAST;;1;1;XEUR;11820389;688;
11.04.2025;10:26:29.522;FGBL SI 20250606 PS;SIMPLE_INSTRUMENT;EFS;EUR;88;130.78000000;857;EXCHANGE_LAST;;1;1;XEUR;11820389;688;
11.04.2025;10:26:48.394;FGBL SI 20250606 PS;SIMPLE_INSTRUMENT;EFS;EUR;89;130.90000000;90;EXCHANGE_LAST;;1;1;XEUR;11820389;688;
11.04.2025;10:28:19.821;FGBL SI 20250606 PS;SIMPLE_INSTRUMENT;EFS;EUR;90;130.88000000;490;EXCHANGE_LAST;;1;1;XEUR;11820389;688;
11.04.2025;10:29:25.695;FGBL SI 20250606 PS;SIMPLE_INSTRUMENT;EFS;EUR;91;130.77000000;214;EXCHANGE_LAST;;1;1;XEUR;11820389;688;
11.04.2025;10:31:48.863;FGBL SI 20250606 PS;SIMPLE_INSTRUMENT;EFS;EUR;92;130.85000000;218;EXCHANGE_LAST;;1;1;XEUR;11820389;688;
11.04.2025;10:34:26.051;FGBL SI 20250606 PS;SIMPLE_INSTRUMENT;EFS;EUR;93;130.80000000;171;EXCHANGE_LAST;;1;1;XEUR;11820389;688;
11.04.2025;10:37:38.905;FGBL SI 20250606 PS;SIMPLE_INSTRUMENT;EFP_FIN;EUR;94;130.81000000;50;EXCHANGE_LAST;;1;1;XEUR;11820389;688;
11.04.2025;10:38:54.680;FGBL SI 20250606 PS;SIMPLE_INSTRUMENT;EFS;EUR;95;130.80000000;490;EXCHANGE_LAST;;1;1;XEUR;11820389;688;
11.04.2025;10:40:44.235;FGBL SI 20250606 PS;SIMPLE_INSTRUMENT;EFS;EUR;96;130.78000000;980;EXCHANGE_LAST;;1;1;XEUR;11820389;688;
11.04.2025;10:42:39.692;FGBL SI 20250606 PS;SIMPLE_INSTRUMENT;EFS;EUR;97;130.80000000;173;EXCHANGE_LAST;;1;1;XEUR;11820389;688;
11.04.2025;10:46:26.395;FGBL SI 20250606 PS;SIMPLE_INSTRUMENT;EFP_FIN;EUR;98;130.66000000;464;EXCHANGE_LAST;;1;1;XEUR;11820389;688;
11.04.2025;10:46:32.879;FGBL SI 20250606 PS;SIMPLE_INSTRUMENT;EFS;EUR;99;130.65000000;433;EXCHANGE_LAST;;1;1;XEUR;11820389;688;
11.04.2025;10:46:51.633;FGBL SI 20250606 PS;SIMPLE_INSTRUMENT;EFS;EUR;100;130.83000000;429;EXCHANGE_LAST;;1;1;XEUR;11820389;688;
11.04.2025;10:47:44.469;FGBL SI 20250606 PS;SIMPLE_INSTRUMENT;EFS;EUR;101;130.66000000;260;EXCHANGE_LAST;;1;1;XEUR;11820389;688;
11.04.2025;10:54:11.179;FGBL SI 20250606 PS;SIMPLE_INSTRUMENT;EFP_FIN;EUR;102;130.63000000;1885;EXCHANGE_LAST;;1;1;XEUR;11820389;688;
11.04.2025;10:57:03.063;FGBL SI 20250606 PS;SIMPLE_INSTRUMENT;EFS;EUR;103;130.85000000;428;EXCHANGE_LAST;;1;1;XEUR;11820389;688;
11.04.2025;11:00:07.287;FGBL SI 20250606 PS;SIMPLE_INSTRUMENT;EFS;EUR;104;130.65000000;215;EXCHANGE_LAST;;1;1;XEUR;11820389;688;
11.04.2025;11:01:14.314;FGBL SI 20250606 PS;SIMPLE_INSTRUMENT;EFS;EUR;105;130.81000000;431;EXCHANGE_LAST;;1;1;XEUR;11820389;688;
11.04.2025;11:04:47.851;FGBL SI 20250606 PS;SIMPLE_INSTRUMENT;EFS;EUR;106;130.77000000;199;EXCHANGE_LAST;;1;1;XEUR;11820389;688;
11.04.2025;11:05:24.826;FGBL SI 20250606 PS;SIMPLE_INSTRUMENT;EFP_FIN;EUR;107;130.86000000;232;EXCHANGE_LAST;;1;1;XEUR;11820389;688;
11.04.2025;11:12:36.845;FGBL SI 20250606 PS;SIMPLE_INSTRUMENT;EFP_FIN;EUR;108;130.89000000;374;EXCHANGE_LAST;;1;1;XEUR;11820389;688;
11.04.2025;11:12:00.660;FGBL SI 20250606 PS;SIMPLE_INSTRUMENT;EFS;EUR;109;130.89000000;490;EXCHANGE_LAST;;1;1;XEUR;11820389;688;
11.04.2025;11:19:43.014;FGBL SI 20250606 PS;SIMPLE_INSTRUMENT;EFS;EUR;110;130.89000000;428;EXCHANGE_LAST;;1;1;XEUR;11820389;688;
11.04.2025;11:19:47.794;FGBL SI 20250606 PS;SIMPLE_INSTRUMENT;EFS;EUR;111;130.92000000;216;EXCHANGE_LAST;;1;1;XEUR;11820389;688;
11.04.2025;11:23:20.631;FGBL SI 20250606 PS;SIMPLE_INSTRUMENT;EFS;EUR;112;130.68000000;491;EXCHANGE_LAST;;1;1;XEUR;11820389;688;
11.04.2025;11:28:06.841;FGBL SI 20250606 PS;SIMPLE_INSTRUMENT;EFS;EUR;113;130.92000000;171;EXCHANGE_LAST;;1;1;XEUR;11820389;688;
11.04.2025;11:29:42.886;FGBL SI 20250606 PS;SIMPLE_INSTRUMENT;EFS;EUR;114;130.66000000;892;EXCHANGE_LAST;;1;1;XEUR;11820389;688;
11.04.2025;11:33:10.330;FGBL SI 20250606 PS;SIMPLE_INSTRUMENT;EFS;EUR;115;130.98000000;217;EXCHANGE_LAST;;1;1;XEUR;11820389;688;
11.04.2025;11:45:02.393;FGBL SI 20250606 PS;SIMPLE_INSTRUMENT;EFS;EUR;116;130.68000000;490;EXCHANGE_LAST;;1;1;XEUR;11820389;688;
11.04.2025;11:46:27.045;FGBL SI 20250606 PS;SIMPLE_INSTRUMENT;EFS;EUR;117;130.89000000;250;EXCHANGE_LAST;;1;1;XEUR;11820389;688;
11.04.2025;11:51:16.710;FGBL SI 20250606 PS;SIMPLE_INSTRUMENT;EFS;EUR;118;130.89000000;182;EXCHANGE_LAST;;1;1;XEUR;11820389;688;
11.04.2025;11:52:28.165;FGBL SI 20250606 PS;SIMPLE_INSTRUMENT;EFS;EUR;119;130.87000000;128;EXCHANGE_LAST;;1;1;XEUR;11820389;688;
11.04.2025;12:00:53.918;FGBL SI 20250606 PS;SIMPLE_INSTRUMENT;EFS;EUR;120;130.97000000;170;EXCHANGE_LAST;;1;1;XEUR;11820389;688;
11.04.2025;12:01:28.223;FGBL SI 20250606 PS;SIMPLE_INSTRUMENT;EFS;EUR;121;130.95000000;240;EXCHANGE_LAST;;1;1;XEUR;11820389;688;
11.04.2025;12:05:54.254;FGBL SI 20250606 PS;SIMPLE_INSTRUMENT;EFS;EUR;122;130.95000000;217;EXCHANGE_LAST;;1;1;XEUR;11820389;688;
11.04.2025;12:11:41.871;FGBL SI 20250606 PS;SIMPLE_INSTRUMENT;EFS;EUR;123;130.99000000;428;EXCHANGE_LAST;;1;1;XEUR;11820389;688;
11.04.2025;12:14:30.123;FGBL SI 20250606 PS;SIMPLE_INSTRUMENT;EFS;EUR;124;131.02000000;428;EXCHANGE_LAST;;1;1;XEUR;11820389;688;
11.04.2025;12:15:06.785;FGBL SI 20250606 PS;SIMPLE_INSTRUMENT;BLOCK;EUR;125;131.01000000;4000;EXCHANGE_LAST;;1;1;XEUR;11820389;688;
11.04.2025;12:15:50.078;FGBL SI 20250606 PS;SIMPLE_INSTRUMENT;EFS;EUR;126;131.00000000;428;EXCHANGE_LAST;;1;1;XEUR;11820389;688;
11.04.2025;12:20:35.019;FGBL SI 20250606 PS;SIMPLE_INSTRUMENT;EFS;EUR;127;131.05000000;214;EXCHANGE_LAST;;1;1;XEUR;11820389;688;
11.04.2025;12:21:36.383;FGBL SI 20250606 PS;SIMPLE_INSTRUMENT;EFS;EUR;128;131.05000000;214;EXCHANGE_LAST;;1;1;XEUR;11820389;688;
11.04.2025;12:21:48.398;FGBL SI 20250606 PS;SIMPLE_INSTRUMENT;EFS;EUR;129;131.00000000;319;EXCHANGE_LAST;;1;1;XEUR;11820389;688;
11.04.2025;12:22:17.353;FGBL SI 20250606 PS;SIMPLE_INSTRUMENT;EFS;EUR;130;131.03000000;244;EXCHANGE_LAST;;1;1;XEUR;11820389;688;
11.04.2025;12:22:32.665;FGBL SI 20250606 PS;SIMPLE_INSTRUMENT;EFS;EUR;131;131.00000000;856;EXCHANGE_LAST;;1;1;XEUR;11820389;688;
11.04.2025;12:22:53.628;FGBL SI 20250606 PS;SIMPLE_INSTRUMENT;EFS;EUR;132;131.01000000;489;EXCHANGE_LAST;;1;1;XEUR;11820389;688;
11.04.2025;12:24:42.843;FGBL SI 20250606 PS;SIMPLE_INSTRUMENT;EFS;EUR;133;131.01000000;94;EXCHANGE_LAST;;1;1;XEUR;11820389;688;
11.04.2025;12:25:11.548;FGBL SI 20250606 PS;SIMPLE_INSTRUMENT;EFS;EUR;134;131.04000000;244;EXCHANGE_LAST;;1;1;XEUR;11820389;688;
11.04.2025;12:26:58.399;FGBL SI 20250606 PS;SIMPLE_INSTRUMENT;EFS;EUR;135;131.04000000;428;EXCHANGE_LAST;;1;1;XEUR;11820389;688;
11.04.2025;12:28:10.756;FGBL SI 20250606 PS;SIMPLE_INSTRUMENT;EFS;EUR;136;131.04000000;200;EXCHANGE_LAST;;1;1;XEUR;11820389;688;
11.04.2025;12:28:58.069;FGBL SI 20250606 PS;SIMPLE_INSTRUMENT;EFS;EUR;137;131.12000000;410;EXCHANGE_LAST;;1;1;XEUR;11820389;688;
11.04.2025;12:29:48.127;FGBL SI 20250606 PS;SIMPLE_INSTRUMENT;EFS;EUR;138;131.03000000;257;EXCHANGE_LAST;;1;1;XEUR;11820389;688;
11.04.2025;12:31:15.094;FGBL SI 20250606 PS;SIMPLE_INSTRUMENT;EFS;EUR;139;131.15000000;214;EXCHANGE_LAST;;1;1;XEUR;11820389;688;
11.04.2025;12:31:47.464;FGBL SI 20250606 PS;SIMPLE_INSTRUMENT;EFS;EUR;140;131.15000000;214;EXCHANGE_LAST;;1;1;XEUR;11820389;688;
11.04.2025;12:33:16.875;FGBL SI 20250606 PS;SIMPLE_INSTRUMENT;EFS;EUR;141;131.15000000;430;EXCHANGE_LAST;;1;1;XEUR;11820389;688;
11.04.2025;12:34:48.641;FGBL SI 20250606 PS;SIMPLE_INSTRUMENT;EFS;EUR;142;131.07000000;86;EXCHANGE_LAST;;1;1;XEUR;11820389;688;
11.04.2025;12:35:54.391;FGBL SI 20250606 PS;SIMPLE_INSTRUMENT;EFS;EUR;143;130.92000000;490;EXCHANGE_LAST;;1;1;XEUR;11820389;688;
11.04.2025;12:36:03.689;FGBL SI 20250606 PS;SIMPLE_INSTRUMENT;EFS;EUR;144;131.17000000;214;EXCHANGE_LAST;;1;1;XEUR;11820389;688;
11.04.2025;12:37:20.771;FGBL SI 20250606 PS;SIMPLE_INSTRUMENT;EFS;EUR;145;131.17000000;85;EXCHANGE_LAST;;1;1;XEUR;11820389;688;
11.04.2025;12:43:27.213;FGBL SI 20250606 PS;SIMPLE_INSTRUMENT;EFS;EUR;146;131.12000000;342;EXCHANGE_LAST;;1;1;XEUR;11820389;688;
11.04.2025;12:43:57.238;FGBL SI 20250606 PS;SIMPLE_INSTRUMENT;EFS;EUR;147;131.17000000;427;EXCHANGE_LAST;;1;1;XEUR;11820389;688;
11.04.2025;12:44:47.220;FGBL SI 20250606 PS;SIMPLE_INSTRUMENT;EFS;EUR;148;131.18000000;260;EXCHANGE_LAST;;1;1;XEUR;11820389;688;
11.04.2025;12:45:28.220;FGBL SI 20250606 PS;SIMPLE_INSTRUMENT;EFS;EUR;149;131.12000000;848;EXCHANGE_LAST;;1;1;XEUR;11820389;688;
11.04.2025;12:48:20.715;FGBL SI 20250606 PS;SIMPLE_INSTRUMENT;EFS;EUR;150;131.14000000;861;EXCHANGE_LAST;;1;1;XEUR;11820389;688;
11.04.2025;12:49:40.343;FGBL SI 20250606 PS;SIMPLE_INSTRUMENT;EFS;EUR;151;131.17000000;86;EXCHANGE_LAST;;1;1;XEUR;11820389;688;
11.04.2025;12:49:50.670;FGBL SI 20250606 PS;SIMPLE_INSTRUMENT;EFS;EUR;152;131.06000000;293;EXCHANGE_LAST;;1;1;XEUR;11820389;688;
11.04.2025;12:55:39.583;FGBL SI 20250606 PS;SIMPLE_INSTRUMENT;EFS;EUR;153;131.19000000;1465;EXCHANGE_LAST;;1;1;XEUR;11820389;688;
11.04.2025;12:56:54.105;FGBL SI 20250606 PS;SIMPLE_INSTRUMENT;EFS;EUR;154;131.08000000;1200;EXCHANGE_LAST;;1;1;XEUR;11820389;688;
11.04.2025;12:55:17.312;FGBL SI 20250606 PS;SIMPLE_INSTRUMENT;EFS;EUR;155;131.12000000;244;EXCHANGE_LAST;;1;1;XEUR;11820389;688;
11.04.2025;12:56:22.448;FGBL SI 20250606 PS;SIMPLE_INSTRUMENT;EFS;EUR;156;131.16000000;1465;EXCHANGE_LAST;;1;1;XEUR;11820389;688;
11.04.2025;12:56:28.730;FGBL SI 20250606 PS;SIMPLE_INSTRUMENT;EFS;EUR;157;131.13000000;250;EXCHANGE_LAST;;1;1;XEUR;11820389;688;
11.04.2025;13:07:37.610;FGBL SI 20250606 PS;SIMPLE_INSTRUMENT;EFS;EUR;158;131.18000000;214;EXCHANGE_LAST;;1;1;XEUR;11820389;688;
11.04.2025;13:07:52.289;FGBL SI 20250606 PS;SIMPLE_INSTRUMENT;EFS;EUR;159;131.16000000;217;EXCHANGE_LAST;;1;1;XEUR;11820389;688;
11.04.2025;13:15:25.518;FGBL SI 20250606 PS;SIMPLE_INSTRUMENT;EFS;EUR;160;131.35000000;213;EXCHANGE_LAST;;1;1;XEUR;11820389;688;
11.04.2025;13:15:51.666;FGBL SI 20250606 PS;SIMPLE_INSTRUMENT;EFS;EUR;161;131.35000000;427;EXCHANGE_LAST;;1;1;XEUR;11820389;688;
11.04.2025;13:18:25.822;FGBL SI 20250606 PS;SIMPLE_INSTRUMENT;EFS;EUR;162;131.20000000;488;EXCHANGE_LAST;;1;1;XEUR;11820389;688;
11.04.2025;13:23:52.901;FGBL SI 20250606 PS;SIMPLE_INSTRUMENT;EFS;EUR;163;131.12000000;858;EXCHANGE_LAST;;1;1;XEUR;11820389;688;
11.04.2025;13:27:25.751;FGBL SI 20250606 PS;SIMPLE_INSTRUMENT;EFS;EUR;164;131.39000000;128;EXCHANGE_LAST;;1;1;XEUR;11820389;688;
11.04.2025;13:28:40.163;FGBL SI 20250606 PS;SIMPLE_INSTRUMENT;EFS;EUR;165;131.22000000;488;EXCHANGE_LAST;;1;1;XEUR;11820389;688;
11.04.2025;13:29:45.509;FGBL SI 20250606 PS;SIMPLE_INSTRUMENT;EFS;EUR;166;131.34000000;429;EXCHANGE_LAST;;1;1;XEUR;11820389;688;
11.04.2025;13:29:59.471;FGBL SI 20250606 PS;SIMPLE_INSTRUMENT;EFS;EUR;167;131.36000000;244;EXCHANGE_LAST;;1;1;XEUR;11820389;688;
11.04.2025;13:30:53.888;FGBL SI 20250606 PS;SIMPLE_INSTRUMENT;EFS;EUR;168;131.35000000;100;EXCHANGE_LAST;;1;1;XEUR;11820389;688;
11.04.2025;13:33:27.128;FGBL SI 20250606 PS;SIMPLE_INSTRUMENT;EFS;EUR;169;131.35000000;146;EXCHANGE_LAST;;1;1;XEUR;11820389;688;
11.04.2025;13:36:44.226;FGBL SI 20250606 PS;SIMPLE_INSTRUMENT;EFS;EUR;170;131.38000000;250;EXCHANGE_LAST;;1;1;XEUR;11820389;688;
11.04.2025;13:33:48.402;FGBL SI 20250606 PS;SIMPLE_INSTRUMENT;EFS;EUR;171;131.40000000;409;EXCHANGE_LAST;;1;1;XEUR;11820389;688;
11.04.2025;13:35:36.740;FGBL SI 20250606 PS;SIMPLE_INSTRUMENT;BLOCK;EUR;172;131.40000000;2136;EXCHANGE_LAST;;1;1;XEUR;11820389;688;
11.04.2025;13:36:26.743;FGBL SI 20250606 PS;SIMPLE_INSTRUMENT;EFS;EUR;173;131.29000000;214;EXCHANGE_LAST;;1;1;XEUR;11820389;688;
11.04.2025;13:37:06.243;FGBL SI 20250606 PS;SIMPLE_INSTRUMENT;EFS;EUR;174;131.37000000;850;EXCHANGE_LAST;;1;1;XEUR;11820389;688;
11.04.2025;13:38:05.879;FGBL SI 20250606 PS;SIMPLE_INSTRUMENT;EFS;EUR;175;131.34000000;427;EXCHANGE_LAST;;1;1;XEUR;11820389;688;
11.04.2025;13:38:15.443;FGBL SI 20250606 PS;SIMPLE_INSTRUMENT;EFS;EUR;176;131.27000000;427;EXCHANGE_LAST;;1;1;XEUR;11820389;688;
11.04.2025;13:38:25.256;FGBL SI 20250606 PS;SIMPLE_INSTRUMENT;EFS;EUR;177;131.40000000;257;EXCHANGE_LAST;;1;1;XEUR;11820389;688;
11.04.2025;13:38:42.461;FGBL SI 20250606 PS;SIMPLE_INSTRUMENT;EFS;EUR;178;131.33000000;427;EXCHANGE_LAST;;1;1;XEUR;11820389;688;
11.04.2025;13:38:47.466;FGBL SI 20250606 PS;SIMPLE_INSTRUMENT;EFS;EUR;179;131.34000000;427;EXCHANGE_LAST;;1;1;XEUR;11820389;688;
11.04.2025;13:38:48.468;FGBL SI 20250606 PS;SIMPLE_INSTRUMENT;EFS;EUR;180;131.30000000;171;EXCHANGE_LAST;;1;1;XEUR;11820389;688;
11.04.2025;13:39:17.492;FGBL SI 20250606 PS;SIMPLE_INSTRUMENT;EFS;EUR;181;131.30000000;256;EXCHANGE_LAST;;1;1;XEUR;11820389;688;
11.04.2025;13:39:52.764;FGBL SI 20250606 PS;SIMPLE_INSTRUMENT;EFS;EUR;182;131.31000000;244;EXCHANGE_LAST;;1;1;XEUR;11820389;688;
11.04.2025;13:40:17.533;FGBL SI 20250606 PS;SIMPLE_INSTRUMENT;EFS;EUR;183;131.18000000;427;EXCHANGE_LAST;;1;1;XEUR;11820389;688;
11.04.2025;13:40:18.330;FGBL SI 20250606 PS;SIMPLE_INSTRUMENT;EFS;EUR;184;131.38000000;177;EXCHANGE_LAST;;1;1;XEUR;11820389;688;
11.04.2025;13:42:39.549;FGBL SI 20250606 PS;SIMPLE_INSTRUMENT;EFS;EUR;185;131.34000000;429;EXCHANGE_LAST;;1;1;XEUR;11820389;688;
11.04.2025;13:43:38.810;FGBL SI 20250606 PS;SIMPLE_INSTRUMENT;EFS;EUR;186;131.28000000;214;EXCHANGE_LAST;;1;1;XEUR;11820389;688;
11.04.2025;13:47:51.201;FGBL SI 20250606 PS;SIMPLE_INSTRUMENT;EFS;EUR;187;131.38000000;428;EXCHANGE_LAST;;1;1;XEUR;11820389;688;
11.04.2025;13:52:41.119;FGBL SI 20250606 PS;SIMPLE_INSTRUMENT;EFS;EUR;189;131.28000000;950;EXCHANGE_LAST;;1;1;XEUR;11820389;688;
11.04.2025;13:52:49.064;FGBL SI 20250606 PS;SIMPLE_INSTRUMENT;EFS;EUR;190;131.20000000;427;EXCHANGE_LAST;;1;1;XEUR;11820389;688;
11.04.2025;13:52:53.603;FGBL SI 20250606 PS;SIMPLE_INSTRUMENT;EFS;EUR;191;131.00000000;215;EXCHANGE_LAST;;1;1;XEUR;11820389;688;
11.04.2025;13:54:15.116;FGBL SI 20250606 PS;SIMPLE_INSTRUMENT;EFS;EUR;192;131.11000000;428;EXCHANGE_LAST;;1;1;XEUR;11820389;688;
11.04.2025;13:57:30.387;FGBL SI 20250606 PS;SIMPLE_INSTRUMENT;EFP_FIN;EUR;193;131.18000000;376;EXCHANGE_LAST;;1;1;XEUR;11820389;688;
11.04.2025;13:57:32.344;FGBL SI 20250606 PS;SIMPLE_INSTRUMENT;EFS;EUR;194;131.05000000;146;EXCHANGE_LAST;;1;1;XEUR;11820389;688;
11.04.2025;14:01:41.481;FGBL SI 20250606 PS;SIMPLE_INSTRUMENT;EFS;EUR;195;131.22000000;427;EXCHANGE_LAST;;1;1;XEUR;11820389;688;
11.04.2025;14:03:24.734;FGBL SI 20250606 PS;SIMPLE_INSTRUMENT;EFS;EUR;196;131.22000000;427;EXCHANGE_LAST;;1;1;XEUR;11820389;688;
11.04.2025;14:04:43.667;FGBL SI 20250606 PS;SIMPLE_INSTRUMENT;EFS;EUR;197;131.21000000;50;EXCHANGE_LAST;;1;1;XEUR;11820389;688;
11.04.2025;14:06:23.041;FGBL SI 20250606 PS;SIMPLE_INSTRUMENT;EFS;EUR;198;131.24000000;244;EXCHANGE_LAST;;1;1;XEUR;11820389;688;
11.04.2025;14:10:29.201;FGBL SI 20250606 PS;SIMPLE_INSTRUMENT;EFS;EUR;199;131.17000000;214;EXCHANGE_LAST;;1;1;XEUR;11820389;688;
11.04.2025;14:16:31.988;FGBL SI 20250606 PS;SIMPLE_INSTRUMENT;EFS;EUR;200;131.22000000;500;EXCHANGE_LAST;;1;1;XEUR;11820389;688;
11.04.2025;14:16:38.867;FGBL SI 20250606 PS;SIMPLE_INSTRUMENT;EFS;EUR;201;131.19000000;214;EXCHANGE_LAST;;1;1;XEUR;11820389;688;
11.04.2025;14:18:13.966;FGBL SI 20250606 PS;SIMPLE_INSTRUMENT;EFS;EUR;202;131.24000000;427;EXCHANGE_LAST;;1;1;XEUR;11820389;688;
11.04.2025;14:20:31.261;FGBL SI 20250606 PS;SIMPLE_INSTRUMENT;EFS;EUR;203;131.19000000;214;EXCHANGE_LAST;;1;1;XEUR;11820389;688;
11.04.2025;14:24:50.580;FGBL SI 20250606 PS;SIMPLE_INSTRUMENT;EFS;EUR;204;131.13000000;427;EXCHANGE_LAST;;1;1;XEUR;11820389;688;
11.04.2025;14:25:46.633;FGBL SI 20250606 PS;SIMPLE_INSTRUMENT;EFS;EUR;205;131.14000000;299;EXCHANGE_LAST;;1;1;XEUR;11820389;688;
11.04.2025;14:26:07.434;FGBL SI 20250606 PS;SIMPLE_INSTRUMENT;EFS;EUR;206;131.03000000;428;EXCHANGE_LAST;;1;1;XEUR;11820389;688;
11.04.2025;14:26:32.468;FGBL SI 20250606 PS;SIMPLE_INSTRUMENT;EFS;EUR;207;131.02000000;428;EXCHANGE_LAST;;1;1;XEUR;11820389;688;
11.04.2025;14:29:14.849;FGBL SI 20250606 PS;SIMPLE_INSTRUMENT;EFS;EUR;208;131.05000000;215;EXCHANGE_LAST;;1;1;XEUR;11820389;688;
11.04.2025;14:29:47.712;FGBL SI 20250606 PS;SIMPLE_INSTRUMENT;EFS;EUR;209;131.04000000;500;EXCHANGE_LAST;;1;1;XEUR;11820389;688;
11.04.2025;14:37:04.518;FGBL SI 20250606 PS;SIMPLE_INSTRUMENT;EFS;EUR;210;131.13000000;244;EXCHANGE_LAST;;1;1;XEUR;11820389;688;
11.04.2025;14:39:39.038;FGBL SI 20250606 PS;SIMPLE_INSTRUMENT;EFS;EUR;211;131.10000000;100;EXCHANGE_LAST;;1;1;XEUR;11820389;688;
11.04.2025;14:42:52.552;FGBL SI 20250606 PS;SIMPLE_INSTRUMENT;EFS;EUR;212;131.12000000;86;EXCHANGE_LAST;;1;1;XEUR;11820389;688;
11.04.2025;14:44:09.352;FGBL SI 20250606 PS;SIMPLE_INSTRUMENT;EFS;EUR;213;131.09000000;427;EXCHANGE_LAST;;1;1;XEUR;11820389;688;
11.04.2025;14:45:29.290;FGBL SI 20250606 PS;SIMPLE_INSTRUMENT;EFS;EUR;214;131.05000000;427;EXCHANGE_LAST;;1;1;XEUR;11820389;688;
11.04.2025;14:48:28.173;FGBL SI 20250606 PS;SIMPLE_INSTRUMENT;EFS;EUR;215;131.05000000;214;EXCHANGE_LAST;;1;1;XEUR;11820389;688;
11.04.2025;14:50:24.840;FGBL SI 20250606 PS;SIMPLE_INSTRUMENT;EFS;EUR;216;130.99000000;214;EXCHANGE_LAST;;1;1;XEUR;11820389;688;
11.04.2025;14:54:25.523;FGBL SI 20250606 PS;SIMPLE_INSTRUMENT;EFS;EUR;217;130.90000000;200;EXCHANGE_LAST;;1;1;XEUR;11820389;688;
11.04.2025;14:54:36.202;FGBL SI 20250606 PS;SIMPLE_INSTRUMENT;EFS;EUR;218;131.08000000;410;EXCHANGE_LAST;;1;1;XEUR;11820389;688;
11.04.2025;15:00:31.861;FGBL SI 20250606 PS;SIMPLE_INSTRUMENT;EFS;EUR;219;130.88000000;856;EXCHANGE_LAST;;1;1;XEUR;11820389;688;
11.04.2025;15:00:56.880;FGBL SI 20250606 PS;SIMPLE_INSTRUMENT;EFS;EUR;220;130.88000000;428;EXCHANGE_LAST;;1;1;XEUR;11820389;688;
11.04.2025;15:01:06.890;FGBL SI 20250606 PS;SIMPLE_INSTRUMENT;EFS;EUR;221;130.88000000;428;EXCHANGE_LAST;;1;1;XEUR;11820389;688;
11.04.2025;15:01:36.917;FGBL SI 20250606 PS;SIMPLE_INSTRUMENT;EFS;EUR;222;130.78000000;428;EXCHANGE_LAST;;1;1;XEUR;11820389;688;
11.04.2025;15:02:27.966;FGBL SI 20250606 PS;SIMPLE_INSTRUMENT;EFS;EUR;223;130.88000000;428;EXCHANGE_LAST;;1;1;XEUR;11820389;688;
11.04.2025;15:03:22.802;FGBL SI 20250606 PS;SIMPLE_INSTRUMENT;EFS;EUR;224;131.36000000;450;EXCHANGE_LAST;;1;1;XEUR;11820389;688;
11.04.2025;15:03:34.464;FGBL SI 20250606 PS;SIMPLE_INSTRUMENT;EFS;EUR;225;130.80000000;428;EXCHANGE_LAST;;1;1;XEUR;11820389;688;
11.04.2025;15:07:05.129;FGBL SI 20250606 PS;SIMPLE_INSTRUMENT;EFS;EUR;226;130.82000000;171;EXCHANGE_LAST;;1;1;XEUR;11820389;688;
11.04.2025;15:10:18.884;FGBL SI 20250606 PS;SIMPLE_INSTRUMENT;EFS;EUR;227;130.83000000;294;EXCHANGE_LAST;;1;1;XEUR;11820389;688;
11.04.2025;15:11:53.425;FGBL SI 20250606 PS;SIMPLE_INSTRUMENT;EFS;EUR;228;130.96000000;428;EXCHANGE_LAST;;1;1;XEUR;11820389;688;
11.04.2025;15:13:28.661;FGBL SI 20250606 PS;SIMPLE_INSTRUMENT;EFS;EUR;229;130.88000000;259;EXCHANGE_LAST;;1;1;XEUR;11820389;688;
11.04.2025;15:14:33.562;FGBL SI 20250606 PS;SIMPLE_INSTRUMENT;EFS;EUR;230;130.95000000;428;EXCHANGE_LAST;;1;1;XEUR;11820389;688;
11.04.2025;15:15:25.201;FGBL SI 20250606 PS;SIMPLE_INSTRUMENT;EFS;EUR;231;131.19000000;450;EXCHANGE_LAST;;1;1;XEUR;11820389;688;
11.04.2025;15:15:50.807;FGBL SI 20250606 PS;SIMPLE_INSTRUMENT;EFS;EUR;232;131.14000000;1500;EXCHANGE_LAST;;1;1;XEUR;11820389;688;
11.04.2025;15:17:26.025;FGBL SI 20250606 PS;SIMPLE_INSTRUMENT;EFS;EUR;233;130.95000000;343;EXCHANGE_LAST;;1;1;XEUR;11820389;688;
11.04.2025;15:21:51.979;FGBL SI 20250606 PS;SIMPLE_INSTRUMENT;EFS;EUR;234;130.95000000;299;EXCHANGE_LAST;;1;1;XEUR;11820389;688;
11.04.2025;15:22:44.948;FGBL SI 20250606 PS;SIMPLE_INSTRUMENT;EFS;EUR;235;130.96000000;245;EXCHANGE_LAST;;1;1;XEUR;11820389;688;
11.04.2025;15:25:32.028;FGBL SI 20250606 PS;SIMPLE_INSTRUMENT;EFS;EUR;236;131.02000000;214;EXCHANGE_LAST;;1;1;XEUR;11820389;688;
11.04.2025;15:25:43.715;FGBL SI 20250606 PS;SIMPLE_INSTRUMENT;EFS;EUR;237;131.02000000;214;EXCHANGE_LAST;;1;1;XEUR;11820389;688;
11.04.2025;15:26:21.227;FGBL SI 20250606 PS;SIMPLE_INSTRUMENT;EFS;EUR;238;131.04000000;171;EXCHANGE_LAST;;1;1;XEUR;11820389;688;
11.04.2025;15:26:43.984;FGBL SI 20250606 PS;SIMPLE_INSTRUMENT;EFS;EUR;239;130.97000000;216;EXCHANGE_LAST;;1;1;XEUR;11820389;688;
11.04.2025;15:27:37.991;FGBL SI 20250606 PS;SIMPLE_INSTRUMENT;EFP_FIN;EUR;240;130.94000000;59;EXCHANGE_LAST;;1;1;XEUR;11820389;688;
11.04.2025;15:32:00.544;FGBL SI 20250606 PS;SIMPLE_INSTRUMENT;EFS;EUR;241;130.90000000;6705;EXCHANGE_LAST;;1;1;XEUR;11820389;688;
11.04.2025;15:40:55.413;FGBL SI 20250606 PS;SIMPLE_INSTRUMENT;EFP_FIN;EUR;242;131.03000000;106;EXCHANGE_LAST;;1;1;XEUR;11820389;688;
11.04.2025;15:51:26.326;FGBL SI 20250606 PS;SIMPLE_INSTRUMENT;EFS;EUR;243;130.73000000;214;EXCHANGE_LAST;;1;1;XEUR;11820389;688;
11.04.2025;15:54:55.364;FGBL SI 20250606 PS;SIMPLE_INSTRUMENT;EFS;EUR;244;130.72000000;245;EXCHANGE_LAST;;1;1;XEUR;11820389;688;
11.04.2025;15:55:03.771;FGBL SI 20250606 PS;SIMPLE_INSTRUMENT;EFS;EUR;245;130.96000000;430;EXCHANGE_LAST;;1;1;XEUR;11820389;688;
11.04.2025;15:55:52.241;FGBL SI 20250606 PS;SIMPLE_INSTRUMENT;EFS;EUR;246;130.64000000;214;EXCHANGE_LAST;;1;1;XEUR;11820389;688;
11.04.2025;16:17:34.891;FGBL SI 20250606 PS;SIMPLE_INSTRUMENT;EFS;EUR;247;130.59000000;444;EXCHANGE_LAST;;1;1;XEUR;11820389;688;
11.04.2025;16:28:18.196;FGBL SI 20250606 PS;SIMPLE_INSTRUMENT;EFS;EUR;248;130.56000000;858;EXCHANGE_LAST;;1;1;XEUR;11820389;688;
11.04.2025;16:30:55.582;FGBL SI 20250606 PS;SIMPLE_INSTRUMENT;EFS;EUR;249;130.56000000;429;EXCHANGE_LAST;;1;1;XEUR;11820389;688;
11.04.2025;08:36:59.989;FGBL SI 20250606 PS;SIMPLE_INSTRUMENT;VOLA;EUR;268435485;130.31000000;170;EXCHANGE_LAST;;1;1;XEUR;11820389;688;
11.04.2025;08:51:45.045;FGBL SI 20250606 PS;SIMPLE_INSTRUMENT;VOLA;EUR;268435494;130.40000000;140;EXCHANGE_LAST;;1;1;XEUR;11820389;688;
11.04.2025;09:41:08.194;FGBL SI 20250606 PS;SIMPLE_INSTRUMENT;VOLA;EUR;268435510;130.68000000;60;EXCHANGE_LAST;;1;1;XEUR;11820389;688;
11.04.2025;12:05:05.104;FGBL SI 20250606 PS;SIMPLE_INSTRUMENT;VOLA;EUR;268435538;130.92000000;25;EXCHANGE_LAST;;1;1;XEUR;11820389;688;
11.04.2025;12:05:52.107;FGBL SI 20250606 PS;SIMPLE_INSTRUMENT;VOLA;EUR;268435539;130.92000000;25;EXCHANGE_LAST;;1;1;XEUR;11820389;688;
11.04.2025;12:30:52.520;FGBL SI 20250606 PS;SIMPLE_INSTRUMENT;VOLA;EUR;268435551;131.16000000;43;EXCHANGE_LAST;;1;1;XEUR;11820389;688;
11.04.2025;13:31:03.107;FGBL SI 20250606 PS;SIMPLE_INSTRUMENT;VOLA;EUR;268435579;131.36000000;17;EXCHANGE_LAST;;1;1;XEUR;11820389;688;
11.04.2025;13:47:04.380;FGBL SI 20250606 PS;SIMPLE_INSTRUMENT;VOLA;EUR;268435588;131.06000000;25;EXCHANGE_LAST;;1;1;XEUR;11820389;688;
11.04.2025;13:55:22.927;FGBL SI 20250606 PS;SIMPLE_INSTRUMENT;VOLA;EUR;268435592;131.10000000;13;EXCHANGE_LAST;;1;1;XEUR;11820389;688;
11.04.2025;14:19:11.785;FGBL SI 20250606 PS;SIMPLE_INSTRUMENT;VOLA;EUR;268435613;131.10000000;323;EXCHANGE_LAST;;1;1;XEUR;11820389;688;
11.04.2025;14:19:21.600;FGBL SI 20250606 PS;SIMPLE_INSTRUMENT;VOLA;EUR;268435614;131.25000000;125;EXCHANGE_LAST;;1;1;XEUR;11820389;688;
11.04.2025;14:27:09.217;FGBL SI 20250606 PS;SIMPLE_INSTRUMENT;VOLA;EUR;268435617;131.15000000;13;EXCHANGE_LAST;;1;1;XEUR;11820389;688;
11.04.2025;14:40:09.350;FGBL SI 20250606 PS;SIMPLE_INSTRUMENT;VOLA;EUR;268435624;131.10000000;87;EXCHANGE_LAST;;1;1;XEUR;11820389;688;
11.04.2025;15:44:43.349;FGBL SI 20250606 PS;SIMPLE_INSTRUMENT;VOLA;EUR;268435644;131.01000000;230;EXCHANGE_LAST;;1;1;XEUR;11820389;688;
11.04.2025;07:03:59.404;FGBM SI 20250606 PS;SIMPLE_INSTRUMENT;EFS;EUR;1;118.87000000;100;EXCHANGE_LAST;;1;1;XEUR;11820390;689;
11.04.2025;07:19:49.521;FGBM SI 20250606 PS;SIMPLE_INSTRUMENT;EFS;EUR;2;118.82000000;847;EXCHANGE_LAST;;1;1;XEUR;11820390;689;
11.04.2025;07:21:28.078;FGBM SI 20250606 PS;SIMPLE_INSTRUMENT;EFS;EUR;3;118.82000000;423;EXCHANGE_LAST;;1;1;XEUR;11820390;689;
11.04.2025;07:24:11.919;FGBM SI 20250606 PS;SIMPLE_INSTRUMENT;EFS;EUR;4;118.83000000;846;EXCHANGE_LAST;;1;1;XEUR;11820390;689;
11.04.2025;07:26:48.777;FGBM SI 20250606 PS;SIMPLE_INSTRUMENT;EFS;EUR;5;118.81000000;635;EXCHANGE_LAST;;1;1;XEUR;11820390;689;
11.04.2025;07:31:28.918;FGBM SI 20250606 PS;SIMPLE_INSTRUMENT;EFS;EUR;7;118.81000000;462;EXCHANGE_LAST;;1;1;XEUR;11820390;689;
11.04.2025;07:32:29.092;FGBM SI 20250606 PS;SIMPLE_INSTRUMENT;EFS;EUR;8;118.80000000;1849;EXCHANGE_LAST;;1;1;XEUR;11820390;689;
11.04.2025;07:34:16.479;FGBM SI 20250606 PS;SIMPLE_INSTRUMENT;EFS;EUR;9;118.82000000;369;EXCHANGE_LAST;;1;1;XEUR;11820390;689;
11.04.2025;07:35:04.410;FGBM SI 20250606 PS;SIMPLE_INSTRUMENT;EFP_FIN;EUR;10;118.81000000;787;EXCHANGE_LAST;;1;1;XEUR;11820390;689;
11.04.2025;07:35:35.947;FGBM SI 20250606 PS;SIMPLE_INSTRUMENT;EFP_FIN;EUR;11;118.86000000;200;EXCHANGE_LAST;;1;1;XEUR;11820390;689;
11.04.2025;07:37:43.432;FGBM SI 20250606 PS;SIMPLE_INSTRUMENT;EFS;EUR;12;118.81000000;1387;EXCHANGE_LAST;;1;1;XEUR;11820390;689;
11.04.2025;07:42:33.119;FGBM SI 20250606 PS;SIMPLE_INSTRUMENT;EFS;EUR;13;118.73000000;4073;EXCHANGE_LAST;;1;1;XEUR;11820390;689;
11.04.2025;07:44:20.177;FGBM SI 20250606 PS;SIMPLE_INSTRUMENT;EFP_FIN;EUR;14;118.81000000;814;EXCHANGE_LAST;;1;1;XEUR;11820390;689;
11.04.2025;07:44:31.971;FGBM SI 20250606 PS;SIMPLE_INSTRUMENT;EFS;EUR;15;118.76000000;848;EXCHANGE_LAST;;1;1;XEUR;11820390;689;
11.04.2025;07:46:07.067;FGBM SI 20250606 PS;SIMPLE_INSTRUMENT;EFS;EUR;16;118.72000000;424;EXCHANGE_LAST;;1;1;XEUR;11820390;689;
11.04.2025;07:49:01.977;FGBM SI 20250606 PS;SIMPLE_INSTRUMENT;EFS;EUR;17;118.83000000;1387;EXCHANGE_LAST;;1;1;XEUR;11820390;689;
11.04.2025;07:49:07.248;FGBM SI 20250606 PS;SIMPLE_INSTRUMENT;EFS;EUR;18;118.72000000;848;EXCHANGE_LAST;;1;1;XEUR;11820390;689;
11.04.2025;07:49:57.291;FGBM SI 20250606 PS;SIMPLE_INSTRUMENT;EFS;EUR;19;118.72000000;848;EXCHANGE_LAST;;1;1;XEUR;11820390;689;
11.04.2025;08:00:42.729;FGBM SI 20250606 PS;SIMPLE_INSTRUMENT;EFS;EUR;20;118.78000000;848;EXCHANGE_LAST;;1;1;XEUR;11820390;689;
11.04.2025;08:00:57.739;FGBM SI 20250606 PS;SIMPLE_INSTRUMENT;EFS;EUR;21;118.78000000;424;EXCHANGE_LAST;;1;1;XEUR;11820390;689;
11.04.2025;08:01:12.753;FGBM SI 20250606 PS;SIMPLE_INSTRUMENT;EFS;EUR;22;118.78000000;1695;EXCHANGE_LAST;;1;1;XEUR;11820390;689;
11.04.2025;08:04:31.239;FGBM SI 20250606 PS;SIMPLE_INSTRUMENT;EFP_FIN;EUR;23;118.78000000;1139;EXCHANGE_LAST;;1;1;XEUR;11820390;689;
11.04.2025;08:07:38.015;FGBM SI 20250606 PS;SIMPLE_INSTRUMENT;EFS;EUR;24;118.93000000;847;EXCHANGE_LAST;;1;1;XEUR;11820390;689;
11.04.2025;08:09:38.096;FGBM SI 20250606 PS;SIMPLE_INSTRUMENT;EFS;EUR;25;118.90000000;423;EXCHANGE_LAST;;1;1;XEUR;11820390;689;
11.04.2025;08:13:48.834;FGBM SI 20250606 PS;SIMPLE_INSTRUMENT;EFS;EUR;26;118.90000000;1166;EXCHANGE_LAST;;1;1;XEUR;11820390;689;
11.04.2025;08:19:17.819;FGBM SI 20250606 PS;SIMPLE_INSTRUMENT;EFS;EUR;27;118.97000000;461;EXCHANGE_LAST;;1;1;XEUR;11820390;689;
11.04.2025;08:19:32.233;FGBM SI 20250606 PS;SIMPLE_INSTRUMENT;EFS;EUR;28;118.96000000;1677;EXCHANGE_LAST;;1;1;XEUR;11820390;689;
11.04.2025;08:23:51.093;FGBM SI 20250606 PS;SIMPLE_INSTRUMENT;EFS;EUR;29;118.78000000;2847;EXCHANGE_LAST;;1;1;XEUR;11820390;689;
11.04.2025;08:29:59.462;FGBM SI 20250606 PS;SIMPLE_INSTRUMENT;EFS;EUR;30;118.75000000;3674;EXCHANGE_LAST;;1;1;XEUR;11820390;689;
11.04.2025;08:31:37.383;FGBM SI 20250606 PS;SIMPLE_INSTRUMENT;EFP_FIN;EUR;31;118.92000000;300;EXCHANGE_LAST;;1;1;XEUR;11820390;689;
11.04.2025;08:41:21.491;FGBM SI 20250606 PS;SIMPLE_INSTRUMENT;EFP_FIN;EUR;32;118.90000000;101;EXCHANGE_LAST;;1;1;XEUR;11820390;689;
11.04.2025;08:35:31.121;FGBM SI 20250606 PS;SIMPLE_INSTRUMENT;EFS;EUR;33;118.95000000;423;EXCHANGE_LAST;;1;1;XEUR;11820390;689;
11.04.2025;08:36:26.904;FGBM SI 20250606 PS;SIMPLE_INSTRUMENT;EFS;EUR;34;118.95000000;846;EXCHANGE_LAST;;1;1;XEUR;11820390;689;
11.04.2025;08:36:46.180;FGBM SI 20250606 PS;SIMPLE_INSTRUMENT;EFS;EUR;35;118.95000000;423;EXCHANGE_LAST;;1;1;XEUR;11820390;689;
11.04.2025;08:37:17.744;FGBM SI 20250606 PS;SIMPLE_INSTRUMENT;EFS;EUR;36;119.00000000;1622;EXCHANGE_LAST;;1;1;XEUR;11820390;689;
11.04.2025;08:39:31.577;FGBM SI 20250606 PS;SIMPLE_INSTRUMENT;EFS;EUR;37;118.75000000;924;EXCHANGE_LAST;;1;1;XEUR;11820390;689;
11.04.2025;08:45:40.069;FGBM SI 20250606 PS;SIMPLE_INSTRUMENT;EFS;EUR;38;118.98000000;1622;EXCHANGE_LAST;;1;1;XEUR;11820390;689;
11.04.2025;08:45:41.478;FGBM SI 20250606 PS;SIMPLE_INSTRUMENT;EFS;EUR;39;119.04000000;1399;EXCHANGE_LAST;;1;1;XEUR;11820390;689;
11.04.2025;08:56:23.783;FGBM SI 20250606 PS;SIMPLE_INSTRUMENT;EFS;EUR;40;119.06000000;1844;EXCHANGE_LAST;;1;1;XEUR;11820390;689;
11.04.2025;09:08:52.901;FGBM SI 20250606 PS;SIMPLE_INSTRUMENT;EFS;EUR;41;118.94000000;81;EXCHANGE_LAST;;1;1;XEUR;11820390;689;
11.04.2025;09:18:16.341;FGBM SI 20250606 PS;SIMPLE_INSTRUMENT;EFS;EUR;42;119.10000000;461;EXCHANGE_LAST;;1;1;XEUR;11820390;689;
11.04.2025;09:24:41.668;FGBM SI 20250606 PS;SIMPLE_INSTRUMENT;EFS;EUR;43;119.15000000;422;EXCHANGE_LAST;;1;1;XEUR;11820390;689;
11.04.2025;09:30:41.680;FGBM SI 20250606 PS;SIMPLE_INSTRUMENT;EFS;EUR;44;119.03000000;1384;EXCHANGE_LAST;;1;1;XEUR;11820390;689;
11.04.2025;09:31:07.649;FGBM SI 20250606 PS;SIMPLE_INSTRUMENT;EFP_FIN;EUR;45;119.07000000;94;EXCHANGE_LAST;;1;1;XEUR;11820390;689;
11.04.2025;09:33:04.566;FGBM SI 20250606 PS;SIMPLE_INSTRUMENT;EFS;EUR;46;119.08000000;1855;EXCHANGE_LAST;;1;1;XEUR;11820390;689;
11.04.2025;09:37:00.778;FGBM SI 20250606 PS;SIMPLE_INSTRUMENT;EFS;EUR;47;119.13000000;460;EXCHANGE_LAST;;1;1;XEUR;11820390;689;
11.04.2025;09:35:11.682;FGBM SI 20250606 PS;SIMPLE_INSTRUMENT;BLOCK;EUR;48;119.15000000;3231;EXCHANGE_LAST;;1;1;XEUR;11820390;689;
11.04.2025;09:35:48.825;FGBM SI 20250606 PS;SIMPLE_INSTRUMENT;EFP_FIN;EUR;49;119.15000000;268;EXCHANGE_LAST;;1;1;XEUR;11820390;689;
11.04.2025;09:37:03.364;FGBM SI 20250606 PS;SIMPLE_INSTRUMENT;EFP_FIN;EUR;50;119.11000000;450;EXCHANGE_LAST;;1;1;XEUR;11820390;689;
11.04.2025;09:37:45.007;FGBM SI 20250606 PS;SIMPLE_INSTRUMENT;EFS;EUR;51;118.95000000;1385;EXCHANGE_LAST;;1;1;XEUR;11820390;689;
11.04.2025;09:41:32.515;FGBM SI 20250606 PS;SIMPLE_INSTRUMENT;EFS;EUR;52;119.15000000;1382;EXCHANGE_LAST;;1;1;XEUR;11820390;689;
11.04.2025;09:42:57.127;FGBM SI 20250606 PS;SIMPLE_INSTRUMENT;EFS;EUR;53;119.15000000;1916;EXCHANGE_LAST;;1;1;XEUR;11820390;689;
11.04.2025;09:43:56.926;FGBM SI 20250606 PS;SIMPLE_INSTRUMENT;EFS;EUR;54;119.17000000;277;EXCHANGE_LAST;;1;1;XEUR;11820390;689;
11.04.2025;09:46:55.341;FGBM SI 20250606 PS;SIMPLE_INSTRUMENT;EFS;EUR;55;119.15000000;483;EXCHANGE_LAST;;1;1;XEUR;11820390;689;
11.04.2025;09:48:07.150;FGBM SI 20250606 PS;SIMPLE_INSTRUMENT;EFP_FIN;EUR;56;119.16000000;324;EXCHANGE_LAST;;1;1;XEUR;11820390;689;
11.04.2025;09:56:49.372;FGBM SI 20250606 PS;SIMPLE_INSTRUMENT;EFS;EUR;57;119.07000000;404;EXCHANGE_LAST;;1;1;XEUR;11820390;689;
11.04.2025;10:02:45.825;FGBM SI 20250606 PS;SIMPLE_INSTRUMENT;EFP_FIN;EUR;58;119.07000000;295;EXCHANGE_LAST;;1;1;XEUR;11820390;689;
11.04.2025;10:08:30.523;FGBM SI 20250606 PS;SIMPLE_INSTRUMENT;EFS;EUR;59;119.12000000;422;EXCHANGE_LAST;;1;1;XEUR;11820390;689;
11.04.2025;10:10:00.788;FGBM SI 20250606 PS;SIMPLE_INSTRUMENT;EFS;EUR;60;119.13000000;422;EXCHANGE_LAST;;1;1;XEUR;11820390;689;
11.04.2025;10:11:43.617;FGBM SI 20250606 PS;SIMPLE_INSTRUMENT;EFS;EUR;61;119.15000000;422;EXCHANGE_LAST;;1;1;XEUR;11820390;689;
11.04.2025;10:11:51.369;FGBM SI 20250606 PS;SIMPLE_INSTRUMENT;EFS;EUR;62;119.13000000;811;EXCHANGE_LAST;;1;1;XEUR;11820390;689;
11.04.2025;10:16:26.001;FGBM SI 20250606 PS;SIMPLE_INSTRUMENT;EFS;EUR;63;119.09000000;422;EXCHANGE_LAST;;1;1;XEUR;11820390;689;
11.04.2025;10:16:45.808;FGBM SI 20250606 PS;SIMPLE_INSTRUMENT;EFS;EUR;64;119.14000000;832;EXCHANGE_LAST;;1;1;XEUR;11820390;689;
11.04.2025;10:17:38.244;FGBM SI 20250606 PS;SIMPLE_INSTRUMENT;EFS;EUR;65;119.13000000;1620;EXCHANGE_LAST;;1;1;XEUR;11820390;689;
11.04.2025;10:18:33.889;FGBM SI 20250606 PS;SIMPLE_INSTRUMENT;EFS;EUR;66;119.10000000;422;EXCHANGE_LAST;;1;1;XEUR;11820390;689;
11.04.2025;10:19:02.939;FGBM SI 20250606 PS;SIMPLE_INSTRUMENT;EFS;EUR;67;119.17000000;844;EXCHANGE_LAST;;1;1;XEUR;11820390;689;
11.04.2025;10:24:17.025;FGBM SI 20250606 PS;SIMPLE_INSTRUMENT;EFS;EUR;68;119.11000000;1383;EXCHANGE_LAST;;1;1;XEUR;11820390;689;
11.04.2025;10:38:23.111;FGBM SI 20250606 PS;SIMPLE_INSTRUMENT;EFS;EUR;69;119.16000000;81;EXCHANGE_LAST;;1;1;XEUR;11820390;689;
11.04.2025;10:44:29.176;FGBM SI 20250606 PS;SIMPLE_INSTRUMENT;EFS;EUR;70;119.00000000;1384;EXCHANGE_LAST;;1;1;XEUR;11820390;689;
11.04.2025;10:45:30.876;FGBM SI 20250606 PS;SIMPLE_INSTRUMENT;EFS;EUR;71;119.08000000;163;EXCHANGE_LAST;;1;1;XEUR;11820390;689;
11.04.2025;10:47:46.698;FGBM SI 20250606 PS;SIMPLE_INSTRUMENT;EFP_FIN;EUR;72;119.10000000;330;EXCHANGE_LAST;;1;1;XEUR;11820390;689;
11.04.2025;10:48:10.281;FGBM SI 20250606 PS;SIMPLE_INSTRUMENT;EFS;EUR;73;119.17000000;487;EXCHANGE_LAST;;1;1;XEUR;11820390;689;
11.04.2025;10:49:08.720;FGBM SI 20250606 PS;SIMPLE_INSTRUMENT;EFP_FIN;EUR;74;119.12000000;165;EXCHANGE_LAST;;1;1;XEUR;11820390;689;
11.04.2025;10:53:23.477;FGBM SI 20250606 PS;SIMPLE_INSTRUMENT;EFP_FIN;EUR;75;119.13000000;405;EXCHANGE_LAST;;1;1;XEUR;11820390;689;
11.04.2025;10:55:49.933;FGBM SI 20250606 PS;SIMPLE_INSTRUMENT;EFS;EUR;76;119.25000000;305;EXCHANGE_LAST;;1;1;XEUR;11820390;689;
11.04.2025;10:56:39.446;FGBM SI 20250606 PS;SIMPLE_INSTRUMENT;EFS;EUR;77;119.14000000;252;EXCHANGE_LAST;;1;1;XEUR;11820390;689;
11.04.2025;10:59:40.560;FGBM SI 20250606 PS;SIMPLE_INSTRUMENT;EFP_FIN;EUR;78;119.25000000;343;EXCHANGE_LAST;;1;1;XEUR;11820390;689;
11.04.2025;11:04:07.277;FGBM SI 20250606 PS;SIMPLE_INSTRUMENT;EFP_FIN;EUR;79;119.25000000;345;EXCHANGE_LAST;;1;1;XEUR;11820390;689;
11.04.2025;11:06:10.717;FGBM SI 20250606 PS;SIMPLE_INSTRUMENT;EFS;EUR;80;119.21000000;408;EXCHANGE_LAST;;1;1;XEUR;11820390;689;
11.04.2025;11:09:44.353;FGBM SI 20250606 PS;SIMPLE_INSTRUMENT;EFP_FIN;EUR;81;119.19000000;1586;EXCHANGE_LAST;;1;1;XEUR;11820390;689;
11.04.2025;11:25:58.672;FGBM SI 20250606 PS;SIMPLE_INSTRUMENT;EFS;EUR;82;119.24000000;844;EXCHANGE_LAST;;1;1;XEUR;11820390;689;
11.04.2025;11:27:00.253;FGBM SI 20250606 PS;SIMPLE_INSTRUMENT;EFS;EUR;83;119.26000000;317;EXCHANGE_LAST;;1;1;XEUR;11820390;689;
11.04.2025;11:28:52.514;FGBM SI 20250606 PS;SIMPLE_INSTRUMENT;EFS;EUR;84;119.26000000;730;EXCHANGE_LAST;;1;1;XEUR;11820390;689;
11.04.2025;11:28:54.820;FGBM SI 20250606 PS;SIMPLE_INSTRUMENT;EFS;EUR;85;119.21000000;771;EXCHANGE_LAST;;1;1;XEUR;11820390;689;
11.04.2025;11:32:43.138;FGBM SI 20250606 PS;SIMPLE_INSTRUMENT;EFS;EUR;86;119.26000000;1380;EXCHANGE_LAST;;1;1;XEUR;11820390;689;
11.04.2025;11:49:21.194;FGBM SI 20250606 PS;SIMPLE_INSTRUMENT;EFS;EUR;87;119.23000000;337;EXCHANGE_LAST;;1;1;XEUR;11820390;689;
11.04.2025;11:52:49.160;FGBM SI 20250606 PS;SIMPLE_INSTRUMENT;EFP_FIN;EUR;88;119.24000000;562;EXCHANGE_LAST;;1;1;XEUR;11820390;689;
11.04.2025;12:50:50.957;FGBM SI 20250606 PS;SIMPLE_INSTRUMENT;EFP_FIN;EUR;89;119.32000000;852;EXCHANGE_LAST;;1;1;XEUR;11820390;689;
11.04.2025;12:57:13.152;FGBM SI 20250606 PS;SIMPLE_INSTRUMENT;EFS;EUR;90;119.27000000;2259;EXCHANGE_LAST;;1;1;XEUR;11820390;689;
11.04.2025;13:02:19.901;FGBM SI 20250606 PS;SIMPLE_INSTRUMENT;EFP_FIN;EUR;91;119.30000000;511;EXCHANGE_LAST;;1;1;XEUR;11820390;689;
11.04.2025;13:12:07.280;FGBM SI 20250606 PS;SIMPLE_INSTRUMENT;EFS;EUR;92;119.36000000;969;EXCHANGE_LAST;;1;1;XEUR;11820390;689;
11.04.2025;13:18:44.743;FGBM SI 20250606 PS;SIMPLE_INSTRUMENT;EFP_FIN;EUR;94;119.43000000;853;EXCHANGE_LAST;;1;1;XEUR;11820390;689;
11.04.2025;13:26:15.284;FGBM SI 20250606 PS;SIMPLE_INSTRUMENT;EFP_FIN;EUR;96;119.44000000;217;EXCHANGE_LAST;;1;1;XEUR;11820390;689;
11.04.2025;13:27:37.843;FGBM SI 20250606 PS;SIMPLE_INSTRUMENT;EFS;EUR;97;119.35000000;919;EXCHANGE_LAST;;1;1;XEUR;11820390;689;
11.04.2025;13:35:50.786;FGBM SI 20250606 PS;SIMPLE_INSTRUMENT;EFS;EUR;98;119.25000000;459;EXCHANGE_LAST;;1;1;XEUR;11820390;689;
11.04.2025;13:47:05.020;FGBM SI 20250606 PS;SIMPLE_INSTRUMENT;EFS;EUR;99;119.27000000;460;EXCHANGE_LAST;;1;1;XEUR;11820390;689;
11.04.2025;13:50:09.821;FGBM SI 20250606 PS;SIMPLE_INSTRUMENT;EFP_FIN;EUR;100;119.22000000;85;EXCHANGE_LAST;;1;1;XEUR;11820390;689;
11.04.2025;13:54:43.983;FGBM SI 20250606 PS;SIMPLE_INSTRUMENT;EFS;EUR;101;119.43000000;161;EXCHANGE_LAST;;1;1;XEUR;11820390;689;
11.04.2025;13:56:50.417;FGBM SI 20250606 PS;SIMPLE_INSTRUMENT;EFS;EUR;102;119.29000000;406;EXCHANGE_LAST;;1;1;XEUR;11820390;689;
11.04.2025;14:01:18.372;FGBM SI 20250606 PS;SIMPLE_INSTRUMENT;EFP_FIN;EUR;103;119.32000000;857;EXCHANGE_LAST;;1;1;XEUR;11820390;689;
11.04.2025;14:03:00.895;FGBM SI 20250606 PS;SIMPLE_INSTRUMENT;EFS;EUR;104;119.28000000;386;EXCHANGE_LAST;;1;1;XEUR;11820390;689;
11.04.2025;14:09:08.533;FGBM SI 20250606 PS;SIMPLE_INSTRUMENT;EFS;EUR;105;119.29000000;460;EXCHANGE_LAST;;1;1;XEUR;11820390;689;
11.04.2025;14:09:21.595;FGBM SI 20250606 PS;SIMPLE_INSTRUMENT;EFS;EUR;106;119.32000000;81;EXCHANGE_LAST;;1;1;XEUR;11820390;689;
11.04.2025;14:10:41.794;FGBM SI 20250606 PS;SIMPLE_INSTRUMENT;EFS;EUR;107;119.27000000;422;EXCHANGE_LAST;;1;1;XEUR;11820390;689;
11.04.2025;14:11:21.822;FGBM SI 20250606 PS;SIMPLE_INSTRUMENT;EFS;EUR;108;119.27000000;844;EXCHANGE_LAST;;1;1;XEUR;11820390;689;
11.04.2025;14:11:31.832;FGBM SI 20250606 PS;SIMPLE_INSTRUMENT;EFS;EUR;109;119.27000000;844;EXCHANGE_LAST;;1;1;XEUR;11820390;689;
11.04.2025;14:14:31.905;FGBM SI 20250606 PS;SIMPLE_INSTRUMENT;EFS;EUR;110;119.31000000;793;EXCHANGE_LAST;;1;1;XEUR;11820390;689;
11.04.2025;14:18:37.141;FGBM SI 20250606 PS;SIMPLE_INSTRUMENT;EFS;EUR;111;119.26000000;422;EXCHANGE_LAST;;1;1;XEUR;11820390;689;
11.04.2025;14:19:16.188;FGBM SI 20250606 PS;SIMPLE_INSTRUMENT;EFS;EUR;112;119.33000000;397;EXCHANGE_LAST;;1;1;XEUR;11820390;689;
11.04.2025;14:21:25.159;FGBM SI 20250606 PS;SIMPLE_INSTRUMENT;EFP_FIN;EUR;113;119.33000000;236;EXCHANGE_LAST;;1;1;XEUR;11820390;689;
11.04.2025;14:23:57.355;FGBM SI 20250606 PS;SIMPLE_INSTRUMENT;EFS;EUR;114;119.24000000;844;EXCHANGE_LAST;;1;1;XEUR;11820390;689;
11.04.2025;14:25:52.421;FGBM SI 20250606 PS;SIMPLE_INSTRUMENT;EFS;EUR;115;119.24000000;422;EXCHANGE_LAST;;1;1;XEUR;11820390;689;
11.04.2025;14:26:17.444;FGBM SI 20250606 PS;SIMPLE_INSTRUMENT;EFS;EUR;116;119.25000000;844;EXCHANGE_LAST;;1;1;XEUR;11820390;689;
11.04.2025;14:26:37.474;FGBM SI 20250606 PS;SIMPLE_INSTRUMENT;EFS;EUR;117;119.24000000;422;EXCHANGE_LAST;;1;1;XEUR;11820390;689;
11.04.2025;14:33:41.216;FGBM SI 20250606 PS;SIMPLE_INSTRUMENT;EFP_FIN;EUR;118;119.24000000;172;EXCHANGE_LAST;;1;1;XEUR;11820390;689;
11.04.2025;14:43:53.736;FGBM SI 20250606 PS;SIMPLE_INSTRUMENT;EFS;EUR;119;119.21000000;2032;EXCHANGE_LAST;;1;1;XEUR;11820390;689;
11.04.2025;14:53:30.955;FGBM SI 20250606 PS;SIMPLE_INSTRUMENT;EFS;EUR;120;119.13000000;1382;EXCHANGE_LAST;;1;1;XEUR;11820390;689;
11.04.2025;14:59:31.813;FGBM SI 20250606 PS;SIMPLE_INSTRUMENT;EFS;EUR;121;119.15000000;422;EXCHANGE_LAST;;1;1;XEUR;11820390;689;
11.04.2025;14:59:36.821;FGBM SI 20250606 PS;SIMPLE_INSTRUMENT;EFS;EUR;122;119.15000000;422;EXCHANGE_LAST;;1;1;XEUR;11820390;689;
11.04.2025;15:01:46.796;FGBM SI 20250606 PS;SIMPLE_INSTRUMENT;EFS;EUR;123;119.26000000;471;EXCHANGE_LAST;;1;1;XEUR;11820390;689;
11.04.2025;15:03:18.474;FGBM SI 20250606 PS;SIMPLE_INSTRUMENT;EFS;EUR;124;119.15000000;161;EXCHANGE_LAST;;1;1;XEUR;11820390;689;
11.04.2025;15:03:50.450;FGBM SI 20250606 PS;SIMPLE_INSTRUMENT;EFS;EUR;125;119.14000000;815;EXCHANGE_LAST;;1;1;XEUR;11820390;689;
11.04.2025;15:06:27.179;FGBM SI 20250606 PS;SIMPLE_INSTRUMENT;EFS;EUR;126;119.08000000;423;EXCHANGE_LAST;;1;1;XEUR;11820390;689;
11.04.2025;15:07:47.265;FGBM SI 20250606 PS;SIMPLE_INSTRUMENT;EFS;EUR;127;119.08000000;423;EXCHANGE_LAST;;1;1;XEUR;11820390;689;
11.04.2025;15:08:48.272;FGBM SI 20250606 PS;SIMPLE_INSTRUMENT;EFS;EUR;128;119.09000000;422;EXCHANGE_LAST;;1;1;XEUR;11820390;689;
11.04.2025;15:09:29.322;FGBM SI 20250606 PS;SIMPLE_INSTRUMENT;EFS;EUR;129;119.09000000;422;EXCHANGE_LAST;;1;1;XEUR;11820390;689;
11.04.2025;15:10:43.388;FGBM SI 20250606 PS;SIMPLE_INSTRUMENT;EFS;EUR;130;119.25000000;462;EXCHANGE_LAST;;1;1;XEUR;11820390;689;
11.04.2025;15:13:52.291;FGBM SI 20250606 PS;SIMPLE_INSTRUMENT;EFS;EUR;131;119.29000000;1500;EXCHANGE_LAST;;1;1;XEUR;11820390;689;
11.04.2025;15:25:11.756;FGBM SI 20250606 PS;SIMPLE_INSTRUMENT;EFP_FIN;EUR;132;119.13000000;1265;EXCHANGE_LAST;;1;1;XEUR;11820390;689;
11.04.2025;15:31:15.262;FGBM SI 20250606 PS;SIMPLE_INSTRUMENT;EFS;EUR;133;119.13000000;845;EXCHANGE_LAST;;1;1;XEUR;11820390;689;
11.04.2025;15:32:15.307;FGBM SI 20250606 PS;SIMPLE_INSTRUMENT;EFS;EUR;134;119.11000000;845;EXCHANGE_LAST;;1;1;XEUR;11820390;689;
11.04.2025;15:33:26.439;FGBM SI 20250606 PS;SIMPLE_INSTRUMENT;EFP_FIN;EUR;135;119.13000000;672;EXCHANGE_LAST;;1;1;XEUR;11820390;689;
11.04.2025;15:43:43.966;FGBM SI 20250606 PS;SIMPLE_INSTRUMENT;EFS;EUR;136;119.13000000;860;EXCHANGE_LAST;;1;1;XEUR;11820390;689;
11.04.2025;15:45:04.305;FGBM SI 20250606 PS;SIMPLE_INSTRUMENT;EFS;EUR;137;119.03000000;422;EXCHANGE_LAST;;1;1;XEUR;11820390;689;
11.04.2025;15:46:58.014;FGBM SI 20250606 PS;SIMPLE_INSTRUMENT;EFS;EUR;138;119.03000000;422;EXCHANGE_LAST;;1;1;XEUR;11820390;689;
11.04.2025;06:34:00.828;FGBS SI 20250606 PS;SIMPLE_INSTRUMENT;EFS;EUR;1;107.43000000;2718;EXCHANGE_LAST;;1;1;XEUR;11820391;690;
11.04.2025;06:46:30.330;FGBS SI 20250606 PS;SIMPLE_INSTRUMENT;EFS;EUR;2;107.42000000;726;EXCHANGE_LAST;;1;1;XEUR;11820391;690;
11.04.2025;07:08:52.660;FGBS SI 20250606 PS;SIMPLE_INSTRUMENT;EFS;EUR;3;107.43500000;2720;EXCHANGE_LAST;;1;1;XEUR;11820391;690;
11.04.2025;07:46:52.888;FGBS SI 20250606 PS;SIMPLE_INSTRUMENT;BLOCK;EUR;4;107.38500000;10888;EXCHANGE_LAST;;1;1;XEUR;11820391;690;
11.04.2025;07:49:50.617;FGBS SI 20250606 PS;SIMPLE_INSTRUMENT;BLOCK;EUR;5;107.38500000;12001;EXCHANGE_LAST;;1;1;XEUR;11820391;690;
11.04.2025;07:53:50.855;FGBS SI 20250606 PS;SIMPLE_INSTRUMENT;EFS;EUR;6;107.40000000;1633;EXCHANGE_LAST;;1;1;XEUR;11820391;690;
11.04.2025;07:54:08.329;FGBS SI 20250606 PS;SIMPLE_INSTRUMENT;EFS;EUR;7;107.38500000;1361;EXCHANGE_LAST;;1;1;XEUR;11820391;690;
11.04.2025;08:01:37.341;FGBS SI 20250606 PS;SIMPLE_INSTRUMENT;EFS;EUR;8;107.40000000;2721;EXCHANGE_LAST;;1;1;XEUR;11820391;690;
11.04.2025;08:04:12.007;FGBS SI 20250606 PS;SIMPLE_INSTRUMENT;EFS;EUR;9;107.40000000;1633;EXCHANGE_LAST;;1;1;XEUR;11820391;690;
11.04.2025;08:06:02.410;FGBS SI 20250606 PS;SIMPLE_INSTRUMENT;EFS;EUR;10;107.40000000;600;EXCHANGE_LAST;;1;1;XEUR;11820391;690;
11.04.2025;08:06:19.412;FGBS SI 20250606 PS;SIMPLE_INSTRUMENT;EFS;EUR;11;107.40000000;600;EXCHANGE_LAST;;1;1;XEUR;11820391;690;
11.04.2025;08:25:49.270;FGBS SI 20250606 PS;SIMPLE_INSTRUMENT;EFP_FIN;EUR;12;107.38000000;408;EXCHANGE_LAST;;1;1;XEUR;11820391;690;
11.04.2025;08:18:06.811;FGBS SI 20250606 PS;SIMPLE_INSTRUMENT;EFP_FIN;EUR;13;107.38000000;408;EXCHANGE_LAST;;1;1;XEUR;11820391;690;
11.04.2025;08:15:18.165;FGBS SI 20250606 PS;SIMPLE_INSTRUMENT;EFS;EUR;14;107.44000000;2720;EXCHANGE_LAST;;1;1;XEUR;11820391;690;
11.04.2025;08:21:30.488;FGBS SI 20250606 PS;SIMPLE_INSTRUMENT;EFS;EUR;15;107.46000000;4900;EXCHANGE_LAST;;1;1;XEUR;11820391;690;
11.04.2025;08:24:41.956;FGBS SI 20250606 PS;SIMPLE_INSTRUMENT;EFS;EUR;16;107.40000000;30;EXCHANGE_LAST;;1;1;XEUR;11820391;690;
11.04.2025;08:30:41.623;FGBS SI 20250606 PS;SIMPLE_INSTRUMENT;EFS;EUR;17;107.47000000;2333;EXCHANGE_LAST;;1;1;XEUR;11820391;690;
11.04.2025;08:34:23.125;FGBS SI 20250606 PS;SIMPLE_INSTRUMENT;EFS;EUR;18;107.45000000;9514;EXCHANGE_LAST;;1;1;XEUR;11820391;690;
11.04.2025;08:35:23.185;FGBS SI 20250606 PS;SIMPLE_INSTRUMENT;EFS;EUR;19;107.46500000;1087;EXCHANGE_LAST;;1;1;XEUR;11820391;690;
11.04.2025;08:47:08.857;FGBS SI 20250606 PS;SIMPLE_INSTRUMENT;EFS;EUR;20;107.45000000;6544;EXCHANGE_LAST;;1;1;XEUR;11820391;690;
11.04.2025;08:54:08.895;FGBS SI 20250606 PS;SIMPLE_INSTRUMENT;EFS;EUR;21;107.38500000;2722;EXCHANGE_LAST;;1;1;XEUR;11820391;690;
11.04.2025;08:57:25.802;FGBS SI 20250606 PS;SIMPLE_INSTRUMENT;EFP_FIN;EUR;22;107.43000000;1192;EXCHANGE_LAST;;1;1;XEUR;11820391;690;
11.04.2025;09:01:08.079;FGBS SI 20250606 PS;SIMPLE_INSTRUMENT;EFP_FIN;EUR;23;107.43000000;596;EXCHANGE_LAST;;1;1;XEUR;11820391;690;
11.04.2025;09:07:01.692;FGBS SI 20250606 PS;SIMPLE_INSTRUMENT;EFP_FIN;EUR;24;107.49000000;938;EXCHANGE_LAST;;1;1;XEUR;11820391;690;
11.04.2025;09:10:34.154;FGBS SI 20250606 PS;SIMPLE_INSTRUMENT;EFP_FIN;EUR;25;107.51000000;938;EXCHANGE_LAST;;1;1;XEUR;11820391;690;
11.04.2025;09:11:57.499;FGBS SI 20250606 PS;SIMPLE_INSTRUMENT;EFS;EUR;26;107.53000000;4074;EXCHANGE_LAST;;1;1;XEUR;11820391;690;
11.04.2025;09:13:02.871;FGBS SI 20250606 PS;SIMPLE_INSTRUMENT;EFS;EUR;27;107.47000000;5437;EXCHANGE_LAST;;1;1;XEUR;11820391;690;
11.04.2025;09:16:28.315;FGBS SI 20250606 PS;SIMPLE_INSTRUMENT;EFS;EUR;28;107.49000000;2718;EXCHANGE_LAST;;1;1;XEUR;11820391;690;
11.04.2025;09:17:04.021;FGBS SI 20250606 PS;SIMPLE_INSTRUMENT;EFS;EUR;29;107.52000000;1358;EXCHANGE_LAST;;1;1;XEUR;11820391;690;
11.04.2025;09:20:29.948;FGBS SI 20250606 PS;SIMPLE_INSTRUMENT;EFS;EUR;30;107.55000000;5431;EXCHANGE_LAST;;1;1;XEUR;11820391;690;
11.04.2025;09:30:41.680;FGBS SI 20250606 PS;SIMPLE_INSTRUMENT;EFS;EUR;31;107.48000000;4077;EXCHANGE_LAST;;1;1;XEUR;11820391;690;
11.04.2025;09:30:45.422;FGBS SI 20250606 PS;SIMPLE_INSTRUMENT;EFS;EUR;32;107.53000000;5437;EXCHANGE_LAST;;1;1;XEUR;11820391;690;
