#Date;TrdTime;Contract;ContractType;TrdTyp;Currency;TesId;Prc;Qty;TrdInd;Aggressor;Buy;Sell;Exch;InstrumentId;RelatedProdId;PrcDecomp
09.05.2025;15:37:45.853;A2DS SI 20281215 CS;SIMPLE_INSTRUMENT;BLOCK;EUR;94;3.50000000;46;EXCHANGE_LAST;;1;1;XEUR;9945473;9701;
09.05.2025;08:40:48.694;A2SG SI 20250620 CS;SIMPLE_INSTRUMENT;BLOCK;EUR;4;1.43000000;910;EXCHANGE_LAST;;1;1;XEUR;10827627;14;
09.05.2025;10:03:11.044;A2SG SI 20250620 CS;SIMPLE_INSTRUMENT;BLOCK;EUR;10;1.43000000;774;EXCHANGE_LAST;;1;1;XEUR;10827627;14;
09.05.2025;11:47:31.786;A2SG SI 20250620 CS;SIMPLE_INSTRUMENT;BLOCK;EUR;29;1.43000000;2188;EXCHANGE_LAST;;1;1;XEUR;10827627;14;
09.05.2025;15:53:09.135;A2SM SI 20281215 CS;SIMPLE_INSTRUMENT;BLOCK;EUR;111;9.50000000;17;EXCHANGE_LAST;;1;1;XEUR;9910348;15;
09.05.2025;09:09:14.922;A2XA SI 20281215 CS;SIMPLE_INSTRUMENT;BLOCK;EUR;5;2.03000000;250;EXCHANGE_LAST;;1;1;XEUR;6796967;17;
09.05.2025;12:00:31.305;A2XA SI 20250620 CS;SIMPLE_INSTRUMENT;BLOCK;EUR;32;2.15000000;4413;EXCHANGE_LAST;;1;1;XEUR;10827630;17;
09.05.2025;15:38:58.440;A2XA SI 20281215 CS;SIMPLE_INSTRUMENT;BLOCK;EUR;98;2.05000000;117;EXCHANGE_LAST;;1;1;XEUR;6796967;17;
09.05.2025;08:52:01.053;ADEN SI 20250919 PS AM C 28.00 0;SIMPLE_INSTRUMENT;BLOCK;CHF;13;0.55000000;1500;EXCHANGE_LAST;;1;1;XEUR;11870235;44;
09.05.2025;09:58:46.451;ADS SI 20250620 PS AM C 220.00 0;SIMPLE_INSTRUMENT;BLOCK;EUR;5;3.94000000;575;EXCHANGE_LAST;;1;1;XEUR;11297078;50;
09.05.2025;14:24:28.534;ADS SI 20260320 PS AM C 220.00 0;SIMPLE_INSTRUMENT;BLOCK;EUR;8;20.00000000;250;EXCHANGE_LAST;;1;1;XEUR;12994548;50;
09.05.2025;12:20:26.919;ADY SI 20250516 PS AM P 1560.00 0;SIMPLE_INSTRUMENT;BLOCK;EUR;14;22.75000000;500;EXCHANGE_LAST;;2;1;XEUR;12873186;76315;
09.05.2025;09:35:12.869;AEN SI 20251219 CS AM P 3.60 0;SIMPLE_INSTRUMENT;BLOCK;EUR;3;0.05000000;1500;EXCHANGE_LAST;;1;1;XEUR;5920112;53;
09.05.2025;09:35:19.034;AEN SI 20251219 CS AM P 3.60 0;SIMPLE_INSTRUMENT;BLOCK;EUR;4;0.06000000;1500;EXCHANGE_LAST;;1;1;XEUR;5920112;53;
09.05.2025;13:15:47.466;ALV.O.250509.STG.000025;STANDARD_OPTION_STRATEGY;BLOCK;EUR;5;38.15000000;500;EXCHANGE_LAST;;1;1;XEUR;72057911865570625;74;
09.05.2025;13:15:47.466;ALV SI 20260320 PS AM P 340.00 0;SIMPLE_INSTRUMENT;BLOCK;EUR;5;17.10000000;500;PRC_DECOMP_EXCHANGE;;;;XEUR;12995553;74;EXCHANGE
09.05.2025;13:15:47.466;ALV SI 20260320 PS AM C 380.00 0;SIMPLE_INSTRUMENT;BLOCK;EUR;5;21.05000000;500;PRC_DECOMP_EXCHANGE;;;;XEUR;12995528;74;EXCHANGE
09.05.2025;14:48:37.321;ALV SI 20250919 PS AM C 370.00 0;SIMPLE_INSTRUMENT;BLOCK;EUR;8;15.04000000;300;EXCHANGE_LAST;;1;1;XEUR;13359673;74;
09.05.2025;15:05:14.787;ALV SI 20250919 PS AM C 360.00 0;SIMPLE_INSTRUMENT;BLOCK;EUR;10;19.80000000;300;EXCHANGE_LAST;;1;1;XEUR;11871542;74;
09.05.2025;13:52:33.249;ANN SI 20250620 PS AM P 29.50 0;SIMPLE_INSTRUMENT;BLOCK;EUR;11;1.65000000;2000;EXCHANGE_LAST;;1;1;XEUR;12689670;45202;
09.05.2025;14:08:43.071;ANN SI 20250620 PS AM P 29.50 0;SIMPLE_INSTRUMENT;BLOCK;EUR;14;1.65000000;750;EXCHANGE_LAST;;1;1;XEUR;12689670;45202;
09.05.2025;10:12:17.167;ASG5 SI 20251218 PS AM C 24.00 0;SIMPLE_INSTRUMENT;BLOCK;EUR;7;10.55000000;11000;EXCHANGE_LAST;;1;2;XEUR;6084277;109;
09.05.2025;08:40:15.315;ASGF SI 20250619 CS;SIMPLE_INSTRUMENT;BLOCK;EUR;3;33.09090000;5000;EXCHANGE_LAST;;1;1;XEUR;12186943;949862;
09.05.2025;09:52:21.916;ASGF SI 20250619 CS;SIMPLE_INSTRUMENT;BLOCK;EUR;9;33.09090000;8500;EXCHANGE_LAST;;1;1;XEUR;12186943;949862;
09.05.2025;08:19:16.709;ASMH SI 20250620 CS;SIMPLE_INSTRUMENT;BLOCK;EUR;1;635.05000000;1000;EXCHANGE_LAST;;1;1;XEUR;11191365;3979;
09.05.2025;11:20:48.055;AXA SI 20261218 PS AM P 40.00 0;SIMPLE_INSTRUMENT;BLOCK;EUR;10;4.04000000;1500;EXCHANGE_LAST;;1;1;XEUR;7227100;127;
09.05.2025;11:59:43.799;AXAG SI 20250620 CS;SIMPLE_INSTRUMENT;BLOCK;EUR;31;41.46450000;50000;EXCHANGE_LAST;;1;1;XEUR;11168731;125;
09.05.2025;15:25:13.192;AXAG SI 20250620 CS;SIMPLE_INSTRUMENT;BLOCK;EUR;89;41.83000000;2000;EXCHANGE_LAST;;1;1;XEUR;11168731;125;
09.05.2025;14:21:59.247;B2AS SI 20271217 CS;SIMPLE_INSTRUMENT;BLOCK;EUR;72;1.93000000;250;EXCHANGE_LAST;;1;1;XEUR;5914347;140;
09.05.2025;15:57:02.521;B2AS SI 20281215 CS;SIMPLE_INSTRUMENT;BLOCK;EUR;114;1.95000000;123;EXCHANGE_LAST;;1;1;XEUR;6798359;140;
09.05.2025;14:25:14.368;B2MW SI 20281215 CS;SIMPLE_INSTRUMENT;BLOCK;EUR;73;3.35000000;100;EXCHANGE_LAST;;1;1;XEUR;6798304;128;
09.05.2025;14:51:16.252;B2MW SI 20281215 CS;SIMPLE_INSTRUMENT;BLOCK;EUR;80;3.40300000;50;EXCHANGE_LAST;;1;1;XEUR;6798304;128;
09.05.2025;14:51:24.489;B2MW SI 20281215 CS;SIMPLE_INSTRUMENT;BLOCK;EUR;81;3.40400000;34;EXCHANGE_LAST;;1;1;XEUR;6798304;128;
09.05.2025;12:00:53.688;B2NP SI 20281215 CS;SIMPLE_INSTRUMENT;BLOCK;EUR;33;4.15000000;100;EXCHANGE_LAST;;1;1;XEUR;7086921;131;
09.05.2025;12:16:05.048;B2NP SI 20281215 CS;SIMPLE_INSTRUMENT;BLOCK;EUR;35;4.15000000;50;EXCHANGE_LAST;;1;1;XEUR;7086921;131;
09.05.2025;13:14:54.732;B2NP SI 20261218 CS;SIMPLE_INSTRUMENT;BLOCK;EUR;50;4.87000000;300;EXCHANGE_LAST;;1;2;XEUR;6798320;131;
09.05.2025;15:39:20.726;B2NP SI 20281215 CS;SIMPLE_INSTRUMENT;BLOCK;EUR;99;4.20000000;57;EXCHANGE_LAST;;1;1;XEUR;7086921;131;
09.05.2025;15:18:33.380;B2OS SI 20250620 CS;SIMPLE_INSTRUMENT;BLOCK;EUR;84;1.40000000;50;EXCHANGE_LAST;;1;1;XEUR;10878673;300512;
09.05.2025;10:24:01.178;B3BV SI 20251219 CS;SIMPLE_INSTRUMENT;BLOCK;EUR;14;0.68800000;2500;EXCHANGE_LAST;;1;1;XEUR;5914370;135;
09.05.2025;15:40:43.679;B3BV SI 20281215 CS;SIMPLE_INSTRUMENT;BLOCK;EUR;100;0.60500000;200;EXCHANGE_LAST;;1;1;XEUR;9913124;135;
09.05.2025;09:26:37.375;BAS SI 20281215 PS AM P 44.00 0;SIMPLE_INSTRUMENT;BLOCK;EUR;4;8.95000000;500;EXCHANGE_LAST;;1;1;XEUR;10396456;150;
09.05.2025;11:09:36.154;BAS SI 20250620 PS AM C 46.00 0;SIMPLE_INSTRUMENT;BLOCK;EUR;5;0.71000000;4500;EXCHANGE_LAST;;2;2;XEUR;9516113;150;
09.05.2025;12:50:17.571;BAS SI 20250718 PS AM C 44.00 0;SIMPLE_INSTRUMENT;BLOCK;EUR;6;1.97000000;800;EXCHANGE_LAST;;2;1;XEUR;13235993;150;
09.05.2025;13:10:58.369;BAS SI 20260320 PS AM P 38.00 0;SIMPLE_INSTRUMENT;BLOCK;EUR;10;2.03000000;1500;EXCHANGE_LAST;;1;2;XEUR;12996588;150;
09.05.2025;13:11:39.693;BAS.O.250509.STD.000008;STANDARD_OPTION_STRATEGY;BLOCK;EUR;11;14.35000000;500;EXCHANGE_LAST;;1;1;XEUR;72058238283093377;150;
09.05.2025;13:11:39.693;BAS SI 20271217 PS AM P 44.00 0;SIMPLE_INSTRUMENT;BLOCK;EUR;11;7.71000000;500;PRC_DECOMP_EXCHANGE;;;;XEUR;8774156;150;EXCHANGE
09.05.2025;13:11:39.693;BAS SI 20271217 PS AM C 44.00 0;SIMPLE_INSTRUMENT;BLOCK;EUR;11;6.64000000;500;PRC_DECOMP_EXCHANGE;;;;XEUR;8774153;150;EXCHANGE
09.05.2025;15:17:52.888;BAS SI 20250516 PS AM C 44.00 0;SIMPLE_INSTRUMENT;BLOCK;EUR;20;0.40000000;1130;EXCHANGE_LAST;;1;1;XEUR;12813705;150;
09.05.2025;07:50:08.835;BASE SI 20250516 PS EU C 44.00 0;SIMPLE_INSTRUMENT;BLOCK;EUR;1;0.50000000;654;EXCHANGE_LAST;;1;1;XEUR;12813513;151;
09.05.2025;13:20:53.071;BAY SI 20250516 PS AM C 22.00 0;SIMPLE_INSTRUMENT;BLOCK;EUR;12;2.20000000;669;EXCHANGE_LAST;;1;1;XEUR;12813962;168;
09.05.2025;13:20:55.460;BAY SI 20250516 PS AM C 22.00 0;SIMPLE_INSTRUMENT;BLOCK;EUR;13;2.22000000;959;EXCHANGE_LAST;;1;1;XEUR;12813962;168;
09.05.2025;14:43:02.319;BAY SI 20251219 PS AM C 28.00 0;SIMPLE_INSTRUMENT;BLOCK;EUR;15;2.06000000;4000;EXCHANGE_LAST;;3;2;XEUR;6068398;168;
09.05.2025;14:52:29.291;BAY SI 20251219 PS AM C 28.00 0;SIMPLE_INSTRUMENT;BLOCK;EUR;16;2.06000000;500;EXCHANGE_LAST;;1;1;XEUR;6068398;168;
09.05.2025;15:01:22.623;BAY SI 20250620 PS AM C 28.00 0;SIMPLE_INSTRUMENT;BLOCK;EUR;17;0.37000000;19500;EXCHANGE_LAST;;4;4;XEUR;8112566;168;
09.05.2025;14:57:24.953;BAY.O.250509.STD.000034;STANDARD_OPTION_STRATEGY;BLOCK;EUR;18;7.50000000;1500;EXCHANGE_LAST;;1;1;XEUR;72058315592510303;168;
09.05.2025;14:57:24.953;BAY SI 20260320 PS AM C 24.00 0;SIMPLE_INSTRUMENT;BLOCK;EUR;18;4.03000000;1500;PRC_DECOMP_EXCHANGE;;;;XEUR;12997329;168;EXCHANGE
09.05.2025;14:57:24.953;BAY SI 20260320 PS AM P 24.00 0;SIMPLE_INSTRUMENT;BLOCK;EUR;18;3.47000000;1500;PRC_DECOMP_EXCHANGE;;;;XEUR;12997333;168;EXCHANGE
09.05.2025;15:13:27.206;BAY SI 20250516 PS AM C 24.50 0;SIMPLE_INSTRUMENT;BLOCK;EUR;19;0.59000000;1200;EXCHANGE_LAST;;1;1;XEUR;12814238;168;
09.05.2025;15:44:41.074;BAYG SI 20250620 CS;SIMPLE_INSTRUMENT;BLOCK;EUR;96;24.14830000;1500;EXCHANGE_LAST;;1;1;XEUR;11197544;76034;
09.05.2025;09:48:45.669;BMW SI 20250718 PS AM P 72.00 0;SIMPLE_INSTRUMENT;BLOCK;EUR;7;2.41000000;1000;EXCHANGE_LAST;;1;1;XEUR;13236936;210;
09.05.2025;12:11:37.031;BMW SI 20250620 PS AM C 88.00 0;SIMPLE_INSTRUMENT;BLOCK;EUR;18;0.27000000;1000;EXCHANGE_LAST;;1;1;XEUR;11352605;210;
09.05.2025;14:21:13.674;BMW SI 20250516 PS AM P 74.00 0;SIMPLE_INSTRUMENT;BLOCK;EUR;22;0.69000000;600;EXCHANGE_LAST;;1;1;XEUR;12814790;210;
09.05.2025;15:00:51.677;BMW SI 20250620 PS AM P 72.00 0;SIMPLE_INSTRUMENT;BLOCK;EUR;25;1.65000000;1000;EXCHANGE_LAST;;1;1;XEUR;11332528;210;
09.05.2025;09:08:46.932;BNP.O.250509.BLT.000005;STANDARD_OPTION_STRATEGY;BLOCK;EUR;1;2.35000000;1500;EXCHANGE_LAST;;2;1;XEUR;72058611945200402;237;
09.05.2025;09:08:46.932;BNP SI 20261218 PS AM C 70.00 0;SIMPLE_INSTRUMENT;BLOCK;EUR;1;9.88000000;1500;PRC_DECOMP_EXCHANGE;;;;XEUR;12372358;237;EXCHANGE
09.05.2025;09:08:46.932;BNP SI 20250919 PS AM C 70.00 0;SIMPLE_INSTRUMENT;BLOCK;EUR;1;7.53000000;1500;PRC_DECOMP_EXCHANGE;;;;XEUR;12372376;237;EXCHANGE
09.05.2025;15:18:01.884;BOSF SI 20250516 CS;SIMPLE_INSTRUMENT;BLOCK;EUR;83;37.99500000;500;EXCHANGE_LAST;;1;1;XEUR;11032237;231;
09.05.2025;10:19:03.405;C2BK SI 20250620 CS;SIMPLE_INSTRUMENT;BLOCK;EUR;19;0.65000000;2670;EXCHANGE_LAST;;1;1;XEUR;12178564;949832;
09.05.2025;13:29:24.438;C2BK SI 20250620 CS;SIMPLE_INSTRUMENT;BLOCK;EUR;58;0.65000000;13650;EXCHANGE_LAST;;1;1;XEUR;12178564;949832;
09.05.2025;13:45:59.695;C2BK SI 20250620 CS;SIMPLE_INSTRUMENT;BLOCK;EUR;64;0.65000000;4300;EXCHANGE_LAST;;1;1;XEUR;12178564;949832;
09.05.2025;12:50:02.564;C4RI SI 20261218 CS;SIMPLE_INSTRUMENT;BLOCK;EUR;46;2.90000000;300;EXCHANGE_LAST;;1;1;XEUR;6821680;50862;
09.05.2025;15:20:01.977;C4RI SI 20251219 CS;SIMPLE_INSTRUMENT;BLOCK;EUR;82;2.80500000;200;EXCHANGE_LAST;;1;2;XEUR;5914459;50862;
09.05.2025;10:18:35.069;CBKH SI 20250620 CS;SIMPLE_INSTRUMENT;BLOCK;EUR;18;24.10260000;30000;EXCHANGE_LAST;;1;1;XEUR;11192082;10390;
09.05.2025;13:28:04.036;CBKH SI 20250620 CS;SIMPLE_INSTRUMENT;BLOCK;EUR;54;23.96890000;75000;EXCHANGE_LAST;;1;1;XEUR;11192082;10390;
09.05.2025;13:28:18.847;CBKH SI 20250620 CS;SIMPLE_INSTRUMENT;BLOCK;EUR;56;23.96890000;75000;EXCHANGE_LAST;;1;1;XEUR;11192082;10390;
09.05.2025;13:44:57.508;CBKH SI 20250620 CS;SIMPLE_INSTRUMENT;BLOCK;EUR;63;24.21230000;50000;EXCHANGE_LAST;;1;1;XEUR;11192082;10390;
09.05.2025;11:41:41.082;CFR SI 20260320 PS AM C 150.00 0;SIMPLE_INSTRUMENT;BLOCK;CHF;31;13.40000000;750;EXCHANGE_LAST;;1;1;XEUR;13000413;313;
09.05.2025;11:42:57.589;CFR SI 20250620 PS AM P 170.00 0;SIMPLE_INSTRUMENT;BLOCK;CHF;32;25.30000000;750;EXCHANGE_LAST;;1;1;XEUR;11354564;313;
09.05.2025;11:42:52.588;CFR SI 20250620 PS AM P 150.00 0;SIMPLE_INSTRUMENT;BLOCK;CHF;33;9.60000000;750;EXCHANGE_LAST;;1;1;XEUR;11354569;313;
09.05.2025;11:43:15.091;CFR SI 20260320 PS AM P 130.00 0;SIMPLE_INSTRUMENT;BLOCK;CHF;34;10.50000000;750;EXCHANGE_LAST;;1;1;XEUR;13000417;313;
09.05.2025;15:24:35.095;CFR SI 20260320 PS AM P 130.00 0;SIMPLE_INSTRUMENT;BLOCK;CHF;57;10.50000000;300;EXCHANGE_LAST;;1;1;XEUR;13000417;313;
09.05.2025;08:08:16.621;CLX SI 20250919 PS AM C 39.00 0;SIMPLE_INSTRUMENT;BLOCK;EUR;2;0.61000000;7600;EXCHANGE_LAST;;1;1;XEUR;11928663;626615;
09.05.2025;11:40:22.287;CNYA SI 20251219 PS AM C 4.75 0;SIMPLE_INSTRUMENT;BLOCK;USD;1;0.27000000;913;EXCHANGE_LAST;;1;1;XEUR;12494140;666868;
09.05.2025;11:40:30.310;CNYA SI 20251219 PS AM C 5.75 0;SIMPLE_INSTRUMENT;BLOCK;USD;2;0.07000000;913;EXCHANGE_LAST;;1;1;XEUR;12494147;666868;
09.05.2025;11:40:37.683;CNYA SI 20250919 PS AM C 5.50 0;SIMPLE_INSTRUMENT;BLOCK;USD;3;0.04000000;593;EXCHANGE_LAST;;1;1;XEUR;11929178;666868;
09.05.2025;11:40:50.393;CNYA SI 20250620 PS AM C 5.50 0;SIMPLE_INSTRUMENT;BLOCK;USD;4;0.01000000;1802;EXCHANGE_LAST;;1;1;XEUR;13366503;666868;
09.05.2025;14:24:55.027;CRI5 SI 20250717 PS AM P 47.00 0;SIMPLE_INSTRUMENT;BLOCK;EUR;15;1.05000000;2832;EXCHANGE_LAST;;1;1;XEUR;13239021;320;
09.05.2025;09:12:55.955;D3AI SI 20271217 CS;SIMPLE_INSTRUMENT;BLOCK;EUR;7;2.67500000;114;EXCHANGE_LAST;;1;1;XEUR;7144067;443197;
09.05.2025;10:15:45.110;D3AI SI 20261218 CS;SIMPLE_INSTRUMENT;BLOCK;EUR;17;2.50000000;250;EXCHANGE_LAST;;1;1;XEUR;7144051;443197;
09.05.2025;10:38:30.749;D3AI SI 20261218 CS;SIMPLE_INSTRUMENT;BLOCK;EUR;21;2.50000000;350;EXCHANGE_LAST;;2;1;XEUR;7144051;443197;
09.05.2025;12:43:54.030;D3AI SI 20261218 CS;SIMPLE_INSTRUMENT;BLOCK;EUR;44;2.50000000;150;EXCHANGE_LAST;;1;1;XEUR;7144051;443197;
09.05.2025;12:55:24.834;D3AI SI 20261218 CS;SIMPLE_INSTRUMENT;BLOCK;EUR;47;2.50000000;50;EXCHANGE_LAST;;1;1;XEUR;7144051;443197;
09.05.2025;14:48:39.217;D3AI SI 20281215 CS;SIMPLE_INSTRUMENT;BLOCK;EUR;78;2.75100000;64;EXCHANGE_LAST;;1;1;XEUR;7144065;443197;
09.05.2025;14:48:50.460;D3AI SI 20281215 CS;SIMPLE_INSTRUMENT;BLOCK;EUR;79;2.75500000;52;EXCHANGE_LAST;;1;1;XEUR;7144065;443197;
09.05.2025;14:42:40.768;D4BK SI 20271217 CS;SIMPLE_INSTRUMENT;BLOCK;EUR;77;0.99500000;500;EXCHANGE_LAST;;1;1;XEUR;5914528;51565;
09.05.2025;07:59:11.407;DAI SI 20291221 PS AM P 48.00 0;SIMPLE_INSTRUMENT;BLOCK;EUR;1;10.02000000;1200;EXCHANGE_LAST;;1;1;XEUR;12490271;443196;
09.05.2025;10:47:08.018;DAI.O.250509.BER.000020;STANDARD_OPTION_STRATEGY;BLOCK;EUR;9;1.66000000;2750;EXCHANGE_LAST;;2;1;XEUR;73961106363665531;443196;
09.05.2025;10:47:08.018;DAI SI 20271217 PS AM P 44.00 0;SIMPLE_INSTRUMENT;BLOCK;EUR;9;6.13000000;2750;PRC_DECOMP_EXCHANGE;;;;XEUR;8833338;443196;EXCHANGE
09.05.2025;10:47:08.018;DAI SI 20271217 PS AM P 48.00 0;SIMPLE_INSTRUMENT;BLOCK;EUR;9;7.79000000;2750;PRC_DECOMP_EXCHANGE;;;;XEUR;8833332;443196;EXCHANGE
09.05.2025;10:51:37.740;DAI SI 20261218 PS AM P 54.00 0;SIMPLE_INSTRUMENT;BLOCK;EUR;10;8.50000000;1000;EXCHANGE_LAST;;1;1;XEUR;7362234;443196;
09.05.2025;10:51:46.247;DAI.O.250509.STD.000021;STANDARD_OPTION_STRATEGY;BLOCK;EUR;11;15.85000000;1000;EXCHANGE_LAST;;1;1;XEUR;73961106363665532;443196;
09.05.2025;10:51:46.247;DAI SI 20261218 PS AM C 60.00 0;SIMPLE_INSTRUMENT;BLOCK;EUR;11;3.51000000;1000;PRC_DECOMP_EXCHANGE;;;;XEUR;7190187;443196;EXCHANGE
09.05.2025;10:51:46.247;DAI SI 20261218 PS AM P 60.00 0;SIMPLE_INSTRUMENT;BLOCK;EUR;11;12.34000000;1000;PRC_DECOMP_EXCHANGE;;;;XEUR;7190188;443196;EXCHANGE
09.05.2025;15:30:13.935;DAI.N.250509.000031;NON_STANDARD_OPTION_STRATEGY;BLOCK;EUR;26;4.83000000;1500;EXCHANGE_LAST;;1;1;XEUR;73961106363665542;443196;
09.05.2025;15:30:13.935;DAI SI 20250620 PS AM C 56.00 0;SIMPLE_INSTRUMENT;BLOCK;EUR;26;0.31000000;1500;PRC_DECOMP_EXCHANGE;;;;XEUR;8006363;443196;EXCHANGE
09.05.2025;15:30:13.935;DAI SI 20251219 PS AM C 56.00 0;SIMPLE_INSTRUMENT;BLOCK;EUR;26;2.57000000;3000;PRC_DECOMP_EXCHANGE;;;;XEUR;7349883;443196;EXCHANGE
09.05.2025;09:24:50.775;DAIP SI 20250620 PS;SIMPLE_INSTRUMENT;BLOCK;EUR;8;51.53000000;330;EXCHANGE_LAST;;1;1;XEUR;11198928;124292;
09.05.2025;14:15:40.080;DB1 SI 20250718 PS AM P 260.00 0;SIMPLE_INSTRUMENT;BLOCK;EUR;18;2.93000000;268;EXCHANGE_LAST;;1;1;XEUR;13239267;361;
09.05.2025;14:17:41.402;DB1 SI 20250718 PS AM P 260.00 0;SIMPLE_INSTRUMENT;BLOCK;EUR;19;2.95000000;262;EXCHANGE_LAST;;1;1;XEUR;13239267;361;
09.05.2025;11:43:49.126;DPW SI 20250620 PS AM C 40.00 0;SIMPLE_INSTRUMENT;BLOCK;EUR;5;0.47000000;4000;EXCHANGE_LAST;;2;2;XEUR;7902462;445;
09.05.2025;13:48:12.001;DPWF SI 20250516 CS;SIMPLE_INSTRUMENT;BLOCK;EUR;65;37.75590000;5000;EXCHANGE_LAST;;1;1;XEUR;11034987;444;
09.05.2025;09:38:40.490;DSM SI 20250718 PS AM C 100.00 0;SIMPLE_INSTRUMENT;BLOCK;EUR;5;1.80000000;1600;EXCHANGE_LAST;;2;1;XEUR;13240073;436;
09.05.2025;15:36:19.709;DTE.O.250509.BUL.000011;STANDARD_OPTION_STRATEGY;BLOCK;EUR;26;2.70000000;2000;EXCHANGE_LAST;;1;1;XEUR;72059415104108515;424;
09.05.2025;15:36:19.709;DTE SI 20251219 PS AM C 36.00 0;SIMPLE_INSTRUMENT;BLOCK;EUR;26;1.26000000;2000;PRC_DECOMP_EXCHANGE;;;;XEUR;8215292;424;EXCHANGE
09.05.2025;15:36:19.709;DTE SI 20251219 PS AM C 30.00 0;SIMPLE_INSTRUMENT;BLOCK;EUR;26;3.96000000;2000;PRC_DECOMP_EXCHANGE;;;;XEUR;12052900;424;EXCHANGE
09.05.2025;15:36:25.312;DTE.O.250509.BUL.000011;STANDARD_OPTION_STRATEGY;BLOCK;EUR;27;2.71000000;2000;EXCHANGE_LAST;;1;1;XEUR;72059415104108515;424;
09.05.2025;15:36:25.312;DTE SI 20251219 PS AM C 36.00 0;SIMPLE_INSTRUMENT;BLOCK;EUR;27;1.25000000;2000;PRC_DECOMP_EXCHANGE;;;;XEUR;8215292;424;EXCHANGE
09.05.2025;15:36:25.312;DTE SI 20251219 PS AM C 30.00 0;SIMPLE_INSTRUMENT;BLOCK;EUR;27;3.96000000;2000;PRC_DECOMP_EXCHANGE;;;;XEUR;12052900;424;EXCHANGE
09.05.2025;12:45:28.946;DTEF SI 20251121 CS;SIMPLE_INSTRUMENT;BLOCK;EUR;45;32.47220000;350;EXCHANGE_LAST;;1;1;XEUR;12072658;430;
09.05.2025;12:22:41.963;E2NT SI 20261218 CS;SIMPLE_INSTRUMENT;BLOCK;EUR;39;0.97500000;500;EXCHANGE_LAST;;1;1;XEUR;4632357;470;
09.05.2025;12:35:31.796;E2NT SI 20271217 CS;SIMPLE_INSTRUMENT;BLOCK;EUR;40;0.86200000;125;EXCHANGE_LAST;;1;1;XEUR;5914575;470;
09.05.2025;12:35:49.877;E2NT SI 20271217 CS;SIMPLE_INSTRUMENT;BLOCK;EUR;41;0.86300000;125;EXCHANGE_LAST;;1;1;XEUR;5914575;470;
09.05.2025;13:31:49.538;E2NT SI 20271217 CS;SIMPLE_INSTRUMENT;BLOCK;EUR;59;0.86500000;1000;EXCHANGE_LAST;;1;1;XEUR;5914575;470;
09.05.2025;13:39:30.806;E2NT SI 20261218 CS;SIMPLE_INSTRUMENT;BLOCK;EUR;61;0.97500000;500;EXCHANGE_LAST;;1;1;XEUR;4632357;470;
09.05.2025;15:38:37.843;E2NT SI 20281215 CS;SIMPLE_INSTRUMENT;BLOCK;EUR;97;0.79000000;456;EXCHANGE_LAST;;1;1;XEUR;6802271;470;
09.05.2025;15:57:21.183;E3OA SI 20281215 CS;SIMPLE_INSTRUMENT;BLOCK;EUR;115;0.59000000;407;EXCHANGE_LAST;;1;1;XEUR;9949821;49063;
09.05.2025;10:16:16.939;EAD SI 20250620 PS AM C 160.00 0;SIMPLE_INSTRUMENT;BLOCK;EUR;4;6.30000000;800;EXCHANGE_LAST;;1;2;XEUR;13242220;465;
09.05.2025;10:51:26.568;EAD SI 20261218 PS AM C 160.00 0;SIMPLE_INSTRUMENT;BLOCK;EUR;8;24.10000000;600;EXCHANGE_LAST;;1;2;XEUR;13241335;465;
09.05.2025;08:55:26.046;ENR SI 20251219 PS AM C 110.00 0;SIMPLE_INSTRUMENT;BLOCK;EUR;2;3.50000000;1000;EXCHANGE_LAST;;1;1;XEUR;13350968;298530;
09.05.2025;11:44:06.456;ENR.O.250509.BUL-P.000020;STANDARD_OPTION_STRATEGY;BLOCK;EUR;6;0.30000000;1500;EXCHANGE_LAST;;1;1;XEUR;73339770624818948;298530;
09.05.2025;11:44:06.456;ENR SI 20250919 PS AM C 84.00 0;SIMPLE_INSTRUMENT;BLOCK;EUR;6;5.88000000;1500;PRC_DECOMP_EXCHANGE;;;;XEUR;12344738;298530;EXCHANGE
09.05.2025;11:44:06.456;ENR SI 20250919 PS AM P 60.00 0;SIMPLE_INSTRUMENT;BLOCK;EUR;6;2.98000000;1500;PRC_DECOMP_EXCHANGE;;;;XEUR;12212059;298530;EXCHANGE
09.05.2025;11:44:06.456;ENR SI 20250919 PS AM C 76.00 0;SIMPLE_INSTRUMENT;BLOCK;EUR;6;9.16000000;1500;PRC_DECOMP_EXCHANGE;;;;XEUR;12309968;298530;EXCHANGE
09.05.2025;12:20:39.942;ENR SI 20271217 PS AM P 68.00 0;SIMPLE_INSTRUMENT;BLOCK;EUR;8;17.40000000;1000;EXCHANGE_LAST;;1;1;XEUR;12229427;298530;
09.05.2025;13:58:25.785;ENR SI 20250718 PS AM P 64.00 0;SIMPLE_INSTRUMENT;BLOCK;EUR;12;1.95000000;324;EXCHANGE_LAST;;1;1;XEUR;13272308;298530;
09.05.2025;13:58:26.345;ENR SI 20250718 PS AM P 64.00 0;SIMPLE_INSTRUMENT;BLOCK;EUR;13;1.96000000;1698;EXCHANGE_LAST;;1;1;XEUR;13272308;298530;
09.05.2025;14:12:52.725;ENR SI 20250919 PS AM P 68.00 0;SIMPLE_INSTRUMENT;BLOCK;EUR;16;5.30000000;2000;EXCHANGE_LAST;;1;1;XEUR;12229457;298530;
09.05.2025;14:33:45.851;ENR SI 20271217 PS AM P 68.00 0;SIMPLE_INSTRUMENT;BLOCK;EUR;20;17.40000000;500;EXCHANGE_LAST;;1;1;XEUR;12229427;298530;
09.05.2025;15:24:31.987;ENR.O.250509.STD.000028;STANDARD_OPTION_STRATEGY;BLOCK;EUR;23;9.60000000;1500;EXCHANGE_LAST;;1;1;XEUR;73339770624818956;298530;
09.05.2025;15:24:31.987;ENR SI 20250620 PS AM P 76.00 0;SIMPLE_INSTRUMENT;BLOCK;EUR;23;5.42000000;1500;PRC_DECOMP_EXCHANGE;;;;XEUR;12309975;298530;EXCHANGE
09.05.2025;15:24:31.987;ENR SI 20250620 PS AM C 76.00 0;SIMPLE_INSTRUMENT;BLOCK;EUR;23;4.18000000;1500;PRC_DECOMP_EXCHANGE;;;;XEUR;12309973;298530;EXCHANGE
09.05.2025;10:22:19.604;F3IA SI 20291221 CS;SIMPLE_INSTRUMENT;BLOCK;EUR;20;0.39000000;2000;EXCHANGE_LAST;;2;1;XEUR;11458564;390387;
09.05.2025;10:43:38.637;F3IA SI 20291221 CS;SIMPLE_INSTRUMENT;BLOCK;EUR;22;0.39000000;1500;EXCHANGE_LAST;;3;2;XEUR;11458564;390387;
09.05.2025;11:15:31.347;F3IA.S.DEC28.DEC29.SPD;FUTURES_SPREAD;BLOCK;EUR;25;0.03000000;400;EXCHANGE_LAST;;1;1;XEUR;73734293435711520;390387;
09.05.2025;11:15:31.347;F3IA SI 20291221 CS;SIMPLE_INSTRUMENT;BLOCK;EUR;25;0.39000000;400;PRC_DECOMP_MEMBER;;;;XEUR;11458564;390387;MEMBER
09.05.2025;11:15:31.347;F3IA SI 20281215 CS;SIMPLE_INSTRUMENT;BLOCK;EUR;25;0.42000000;400;PRC_DECOMP_MEMBER;;;;XEUR;9964653;390387;MEMBER
09.05.2025;12:57:15.692;F3IA SI 20281215 CS;SIMPLE_INSTRUMENT;BLOCK;EUR;48;0.42000000;1500;EXCHANGE_LAST;;1;1;XEUR;9964653;390387;
09.05.2025;12:58:00.677;F3IA SI 20301220 CS;SIMPLE_INSTRUMENT;BLOCK;EUR;49;0.36000000;1500;EXCHANGE_LAST;;1;1;XEUR;11458565;390387;
09.05.2025;15:36:31.170;F3TE SI 20281215 CS;SIMPLE_INSTRUMENT;BLOCK;EUR;91;0.66000000;182;EXCHANGE_LAST;;1;1;XEUR;6830366;390379;
09.05.2025;07:18:32.025;FBTP SI 20250606 PS;SIMPLE_INSTRUMENT;EFP_FIN;EUR;1;120.01000000;305;EXCHANGE_LAST;;1;1;XEUR;11820365;636;
09.05.2025;07:36:11.577;FBTP SI 20250606 PS;SIMPLE_INSTRUMENT;EFP_FIN;EUR;2;119.95000000;250;EXCHANGE_LAST;;1;1;XEUR;11820365;636;
09.05.2025;07:39:07.719;FBTP SI 20250606 PS;SIMPLE_INSTRUMENT;EFP_FIN;EUR;3;119.90000000;143;EXCHANGE_LAST;;1;1;XEUR;11820365;636;
09.05.2025;08:09:20.365;FBTP SI 20250606 PS;SIMPLE_INSTRUMENT;EFP_FIN;EUR;4;119.84000000;181;EXCHANGE_LAST;;1;1;XEUR;11820365;636;
09.05.2025;08:12:30.471;FBTP SI 20250606 PS;SIMPLE_INSTRUMENT;EFP_FIN;EUR;5;119.84000000;242;EXCHANGE_LAST;;1;1;XEUR;11820365;636;
09.05.2025;08:38:27.726;FBTP SI 20250606 PS;SIMPLE_INSTRUMENT;EFP_FIN;EUR;6;119.80000000;115;EXCHANGE_LAST;;1;1;XEUR;11820365;636;
09.05.2025;08:46:39.115;FBTP SI 20250606 PS;SIMPLE_INSTRUMENT;EFP_FIN;EUR;7;119.79000000;884;EXCHANGE_LAST;;1;1;XEUR;11820365;636;
09.05.2025;09:21:52.839;FBTP SI 20250606 PS;SIMPLE_INSTRUMENT;BLOCK;EUR;8;119.78000000;314;EXCHANGE_LAST;;1;1;XEUR;11820365;636;
09.05.2025;09:40:41.826;FBTP SI 20250606 PS;SIMPLE_INSTRUMENT;EFP_FIN;EUR;9;119.73000000;176;EXCHANGE_LAST;;1;1;XEUR;11820365;636;
09.05.2025;09:47:25.458;FBTP SI 20250606 PS;SIMPLE_INSTRUMENT;EFP_FIN;EUR;10;119.76000000;221;EXCHANGE_LAST;;1;1;XEUR;11820365;636;
09.05.2025;09:48:55.457;FBTP SI 20250606 PS;SIMPLE_INSTRUMENT;EFP_FIN;EUR;11;119.73000000;86;EXCHANGE_LAST;;1;1;XEUR;11820365;636;
09.05.2025;10:45:48.941;FBTP SI 20250606 PS;SIMPLE_INSTRUMENT;EFS;EUR;12;119.78000000;557;EXCHANGE_LAST;;1;1;XEUR;11820365;636;
09.05.2025;11:13:12.372;FBTP SI 20250606 PS;SIMPLE_INSTRUMENT;EFP_FIN;EUR;13;119.74000000;432;EXCHANGE_LAST;;1;1;XEUR;11820365;636;
09.05.2025;11:40:09.558;FBTP SI 20250606 PS;SIMPLE_INSTRUMENT;EFP_FIN;EUR;14;119.86000000;267;EXCHANGE_LAST;;1;1;XEUR;11820365;636;
09.05.2025;11:42:26.096;FBTP SI 20250606 PS;SIMPLE_INSTRUMENT;EFP_FIN;EUR;15;119.85000000;265;EXCHANGE_LAST;;1;1;XEUR;11820365;636;
09.05.2025;11:57:20.609;FBTP SI 20250606 PS;SIMPLE_INSTRUMENT;EFP_FIN;EUR;16;119.88000000;1098;EXCHANGE_LAST;;1;1;XEUR;11820365;636;
09.05.2025;12:10:37.107;FBTP SI 20250606 PS;SIMPLE_INSTRUMENT;EFP_FIN;EUR;17;119.82000000;448;EXCHANGE_LAST;;1;1;XEUR;11820365;636;
09.05.2025;13:26:19.543;FBTP SI 20250606 PS;SIMPLE_INSTRUMENT;EFP_FIN;EUR;18;119.91000000;933;EXCHANGE_LAST;;1;1;XEUR;11820365;636;
09.05.2025;13:27:42.139;FBTP SI 20250606 PS;SIMPLE_INSTRUMENT;EFP_FIN;EUR;19;119.91000000;185;EXCHANGE_LAST;;1;1;XEUR;11820365;636;
09.05.2025;13:29:27.908;FBTP SI 20250606 PS;SIMPLE_INSTRUMENT;EFP_FIN;EUR;20;119.91000000;97;EXCHANGE_LAST;;1;1;XEUR;11820365;636;
09.05.2025;13:30:16.428;FBTP SI 20250606 PS;SIMPLE_INSTRUMENT;EFP_FIN;EUR;21;119.91000000;2106;EXCHANGE_LAST;;1;1;XEUR;11820365;636;
09.05.2025;13:50:50.537;FBTP SI 20250606 PS;SIMPLE_INSTRUMENT;EFS;EUR;22;119.97000000;405;EXCHANGE_LAST;;1;1;XEUR;11820365;636;
09.05.2025;14:09:17.916;FBTP SI 20250606 PS;SIMPLE_INSTRUMENT;BLOCK;EUR;23;119.95000000;485;EXCHANGE_LAST;;1;1;XEUR;11820365;636;
09.05.2025;14:10:33.561;FBTP SI 20250606 PS;SIMPLE_INSTRUMENT;BLOCK;EUR;24;119.95000000;969;EXCHANGE_LAST;;1;1;XEUR;11820365;636;
09.05.2025;14:11:37.389;FBTP SI 20250606 PS;SIMPLE_INSTRUMENT;BLOCK;EUR;25;119.95000000;484;EXCHANGE_LAST;;1;1;XEUR;11820365;636;
09.05.2025;14:14:20.113;FBTP SI 20250606 PS;SIMPLE_INSTRUMENT;EFP_FIN;EUR;26;119.95000000;224;EXCHANGE_LAST;;1;1;XEUR;11820365;636;
09.05.2025;14:51:09.286;FBTP SI 20250606 PS;SIMPLE_INSTRUMENT;BLOCK;EUR;27;120.03000000;265;EXCHANGE_LAST;;1;1;XEUR;11820365;636;
09.05.2025;07:39:48.503;FBTS SI 20250606 PS;SIMPLE_INSTRUMENT;EFP_FIN;EUR;1;108.03000000;659;EXCHANGE_LAST;;1;1;XEUR;11820367;639;
09.05.2025;08:29:58.501;FBTS SI 20250606 PS;SIMPLE_INSTRUMENT;BLOCK;EUR;2;108.02000000;238;EXCHANGE_LAST;;1;1;XEUR;11820367;639;
09.05.2025;09:54:16.334;FBTS SI 20250606 PS;SIMPLE_INSTRUMENT;EFP_FIN;EUR;6;108.02000000;785;EXCHANGE_LAST;;1;1;XEUR;11820367;639;
09.05.2025;10:13:33.339;FBTS SI 20250606 PS;SIMPLE_INSTRUMENT;EFP_FIN;EUR;8;108.02000000;485;EXCHANGE_LAST;;1;1;XEUR;11820367;639;
09.05.2025;10:29:45.615;FBTS SI 20250606 PS;SIMPLE_INSTRUMENT;EFP_FIN;EUR;9;108.02000000;571;EXCHANGE_LAST;;1;1;XEUR;11820367;639;
09.05.2025;11:09:21.961;FBTS SI 20250606 PS;SIMPLE_INSTRUMENT;EFP_FIN;EUR;10;108.03000000;476;EXCHANGE_LAST;;1;1;XEUR;11820367;639;
09.05.2025;11:19:54.863;FBTS SI 20250606 PS;SIMPLE_INSTRUMENT;EFP_FIN;EUR;12;108.03000000;148;EXCHANGE_LAST;;1;1;XEUR;11820367;639;
09.05.2025;11:40:31.352;FBTS SI 20250606 PS;SIMPLE_INSTRUMENT;BLOCK;EUR;13;108.03000000;619;EXCHANGE_LAST;;1;1;XEUR;11820367;639;
09.05.2025;11:41:19.130;FBTS SI 20250606 PS;SIMPLE_INSTRUMENT;BLOCK;EUR;14;108.02000000;952;EXCHANGE_LAST;;1;1;XEUR;11820367;639;
09.05.2025;11:42:09.702;FBTS SI 20250606 PS;SIMPLE_INSTRUMENT;BLOCK;EUR;15;108.02000000;2075;EXCHANGE_LAST;;1;1;XEUR;11820367;639;
09.05.2025;11:44:44.439;FBTS SI 20250606 PS;SIMPLE_INSTRUMENT;BLOCK;EUR;16;108.02000000;476;EXCHANGE_LAST;;1;1;XEUR;11820367;639;
09.05.2025;14:54:13.481;FBTS SI 20250606 PS;SIMPLE_INSTRUMENT;EFP_FIN;EUR;24;108.07000000;1047;EXCHANGE_LAST;;1;1;XEUR;11820367;639;
09.05.2025;15:11:27.531;FBTS SI 20250606 PS;SIMPLE_INSTRUMENT;EFP_FIN;EUR;25;108.07000000;1047;EXCHANGE_LAST;;1;1;XEUR;11820367;639;
09.05.2025;09:51:01.244;FCEU SI 20250616 PS;SIMPLE_INSTRUMENT;BLOCK;USD;1;1.12710000;340;EXCHANGE_LAST;;1;1;XEUR;7879022;369376;
09.05.2025;07:01:21.212;FCPR SI 20250627 CS;SIMPLE_INSTRUMENT;BLOCK;USD;1;318.72000000;70;EXCHANGE_LAST;;1;1;XEUR;7967549;587;
09.05.2025;07:01:32.540;FCPR SI 20250627 CS;SIMPLE_INSTRUMENT;BLOCK;USD;2;318.73000000;34;EXCHANGE_LAST;;1;1;XEUR;7967549;587;
09.05.2025;07:02:11.443;FCXB SI 20250627 CS;SIMPLE_INSTRUMENT;BLOCK;USD;3;123.70000000;13;EXCHANGE_LAST;;1;1;XEUR;7968456;23778;
09.05.2025;07:02:27.563;FCXB SI 20250627 CS;SIMPLE_INSTRUMENT;BLOCK;USD;4;123.71000000;38;EXCHANGE_LAST;;1;1;XEUR;7968456;23778;
09.05.2025;13:34:36.629;FCZU SI 20250616 CS;SIMPLE_INSTRUMENT;BLOCK;USD;2;0.05466000;200;EXCHANGE_LAST;;1;1;XEUR;11855446;570872;
09.05.2025;15:28:48.760;FCZU SI 20250616 CS;SIMPLE_INSTRUMENT;BLOCK;USD;3;0.05466000;250;EXCHANGE_LAST;;1;1;XEUR;11855446;570872;
09.05.2025;10:29:37.158;FDAX SI 20250620 CS;SIMPLE_INSTRUMENT;EFP_IDX;EUR;1;23570.00000000;150;EXCHANGE_LAST;;1;1;XEUR;7903800;589;
09.05.2025;10:31:08.983;FDAX SI 20250620 CS;SIMPLE_INSTRUMENT;EFP_IDX;EUR;2;23570.00000000;150;EXCHANGE_LAST;;1;1;XEUR;7903800;589;
09.05.2025;12:31:15.206;FDAX SI 20250620 CS;SIMPLE_INSTRUMENT;EFP_IDX;EUR;3;23570.00000000;100;EXCHANGE_LAST;;1;1;XEUR;7903800;589;
09.05.2025;15:27:02.430;FDAX SI 20250620 CS;SIMPLE_INSTRUMENT;EFP_IDX;EUR;4;23570.00000000;100;EXCHANGE_LAST;;1;1;XEUR;7903800;589;
09.05.2025;15:41:28.423;FDAX SI 20250620 CS;SIMPLE_INSTRUMENT;EFP_IDX;EUR;5;23588.00000000;17;EXCHANGE_LAST;;1;1;XEUR;7903800;589;
09.05.2025;15:41:42.568;FDAX SI 20250620 CS;SIMPLE_INSTRUMENT;EFP_IDX;EUR;6;23589.00000000;8;EXCHANGE_LAST;;1;1;XEUR;7903800;589;
09.05.2025;08:41:49.579;FDAX SI 20250620 CS;SIMPLE_INSTRUMENT;VOLA;EUR;671088652;23570.00000000;28;EXCHANGE_LAST;;1;1;XEUR;7903800;589;
09.05.2025;14:39:54.866;FDAX SI 20250620 CS;SIMPLE_INSTRUMENT;VOLA;EUR;671088670;23590.00000000;15;EXCHANGE_LAST;;1;1;XEUR;7903800;589;
09.05.2025;13:41:41.919;FEBD SI 20271217 CS;SIMPLE_INSTRUMENT;BLOCK;EUR;22;9.65000000;1102;EXCHANGE_LAST;;1;1;XEUR;7776307;597;
09.05.2025;13:39:06.127;FEBD SI 20281215 CS;SIMPLE_INSTRUMENT;BLOCK;EUR;25;8.95000000;1353;EXCHANGE_LAST;;1;1;XEUR;7776305;597;
09.05.2025;13:56:52.111;FEBD SI 20271217 CS;SIMPLE_INSTRUMENT;BLOCK;EUR;27;9.69000000;500;EXCHANGE_LAST;;1;1;XEUR;7776307;597;
09.05.2025;09:44:44.407;FECX SI 20250620 CS;SIMPLE_INSTRUMENT;BLOCK;EUR;4;167.03000000;67;EXCHANGE_LAST;;1;1;XEUR;11949125;410158;
09.05.2025;09:43:02.252;FEDV SI 20250620 CS;SIMPLE_INSTRUMENT;BLOCK;EUR;2;1926.00000000;350;EXCHANGE_LAST;;1;1;XEUR;11880642;596;
09.05.2025;09:43:09.632;FEDV SI 20250620 CS;SIMPLE_INSTRUMENT;BLOCK;EUR;3;1926.00000000;1350;EXCHANGE_LAST;;1;1;XEUR;11880642;596;
09.05.2025;10:00:51.757;FEDV SI 20250620 CS;SIMPLE_INSTRUMENT;BLOCK;EUR;6;1926.00000000;1000;EXCHANGE_LAST;;1;1;XEUR;11880642;596;
09.05.2025;14:48:08.906;FEDV SI 20250620 CS;SIMPLE_INSTRUMENT;BLOCK;EUR;31;1928.00000000;750;EXCHANGE_LAST;;1;1;XEUR;11880642;596;
09.05.2025;15:48:51.926;FEDV SI 20250620 CS;SIMPLE_INSTRUMENT;BLOCK;EUR;56;1929.00000000;550;EXCHANGE_LAST;;1;1;XEUR;11880642;596;
09.05.2025;15:48:48.053;FEDV SI 20250620 CS;SIMPLE_INSTRUMENT;BLOCK;EUR;57;1928.50000000;450;EXCHANGE_LAST;;1;1;XEUR;11880642;596;
09.05.2025;14:58:53.797;FES1 SI 20250620 PS;SIMPLE_INSTRUMENT;BLOCK;EUR;34;-20.70000000;1400;EXCHANGE_LAST;;1;1;XEUR;11910814;58959;
09.05.2025;11:48:32.005;FESB SI 20250620 CS;SIMPLE_INSTRUMENT;BLOCK;EUR;58;191.30000000;2000;EXCHANGE_LAST;;1;1;XEUR;11880665;605;
09.05.2025;15:48:40.515;FESB SI 20250620 CS;SIMPLE_INSTRUMENT;EFP_IDX;EUR;64;192.30000000;1500;EXCHANGE_LAST;;1;1;XEUR;11880665;605;
09.05.2025;15:48:47.455;FESB SI 20250620 CS;SIMPLE_INSTRUMENT;EFP_IDX;EUR;65;192.20000000;3500;EXCHANGE_LAST;;1;1;XEUR;11880665;605;
09.05.2025;15:50:19.011;FESB SI 20250620 CS;SIMPLE_INSTRUMENT;EFP_IDX;EUR;66;192.20000000;131;EXCHANGE_LAST;;1;1;XEUR;11880665;605;
09.05.2025;15:50:34.049;FESB SI 20250620 CS;SIMPLE_INSTRUMENT;EFP_IDX;EUR;67;192.30000000;88;EXCHANGE_LAST;;1;1;XEUR;11880665;605;
09.05.2025;15:57:15.043;FESB SI 20250620 CS;SIMPLE_INSTRUMENT;BLOCK;EUR;72;192.00000000;3000;EXCHANGE_LAST;;1;1;XEUR;11880665;605;
09.05.2025;09:52:28.160;FESB SI 20250620 CS;SIMPLE_INSTRUMENT;VOLA;EUR;603979791;191.40000000;400;EXCHANGE_LAST;;1;1;XEUR;11880665;605;
09.05.2025;11:58:44.674;FESB SI 20250620 CS;SIMPLE_INSTRUMENT;VOLA;EUR;603979807;191.25000000;200;EXCHANGE_LAST;;1;1;XEUR;11880665;605;
09.05.2025;13:11:41.389;FESB SI 20250620 CS;SIMPLE_INSTRUMENT;VOLA;EUR;603979815;191.75000000;180;EXCHANGE_LAST;;1;1;XEUR;11880665;605;
09.05.2025;13:43:01.412;FESX SI 20250620 CS;SIMPLE_INSTRUMENT;BLOCK;EUR;1;5295.00000000;3000;EXCHANGE_LAST;;1;1;XEUR;7904020;675;
09.05.2025;15:33:15.213;FESX SI 20250620 CS;SIMPLE_INSTRUMENT;EFP_IDX;EUR;2;5285.00000000;1500;EXCHANGE_LAST;;1;1;XEUR;7904020;675;
09.05.2025;15:48:08.462;FESX SI 20250620 CS;SIMPLE_INSTRUMENT;EFP_IDX;EUR;3;5288.00000000;6;EXCHANGE_LAST;;1;1;XEUR;7904020;675;
09.05.2025;15:43:14.282;FESX SI 20250620 CS;SIMPLE_INSTRUMENT;EFP_IDX;EUR;4;5289.00000000;171;EXCHANGE_LAST;;1;1;XEUR;7904020;675;
09.05.2025;15:48:16.913;FESX SI 20250620 CS;SIMPLE_INSTRUMENT;EFP_IDX;EUR;5;5289.00000000;594;EXCHANGE_LAST;;1;1;XEUR;7904020;675;
09.05.2025;15:48:37.674;FESX SI 20250620 CS;SIMPLE_INSTRUMENT;BLOCK;EUR;7;5289.00000000;4950;EXCHANGE_LAST;;1;1;XEUR;7904020;675;
09.05.2025;15:45:19.912;FESX SI 20250620 CS;SIMPLE_INSTRUMENT;EFP_IDX;EUR;8;5288.00000000;49;EXCHANGE_LAST;;1;1;XEUR;7904020;675;
09.05.2025;15:48:49.648;FESX SI 20250620 CS;SIMPLE_INSTRUMENT;EFP_IDX;EUR;9;5288.00000000;50;EXCHANGE_LAST;;1;1;XEUR;7904020;675;
09.05.2025;15:48:56.168;FESX SI 20250620 CS;SIMPLE_INSTRUMENT;EFP_IDX;EUR;10;5289.00000000;4950;EXCHANGE_LAST;;1;1;XEUR;7904020;675;
09.05.2025;15:45:33.231;FESX SI 20250620 CS;SIMPLE_INSTRUMENT;EFP_IDX;EUR;11;5289.00000000;257;EXCHANGE_LAST;;1;1;XEUR;7904020;675;
09.05.2025;15:49:02.766;FESX SI 20250620 CS;SIMPLE_INSTRUMENT;EFP_IDX;EUR;12;5288.00000000;50;EXCHANGE_LAST;;1;1;XEUR;7904020;675;
09.05.2025;15:47:33.966;FESX SI 20250620 CS;SIMPLE_INSTRUMENT;EFP_IDX;EUR;13;5288.00000000;215;EXCHANGE_LAST;;1;1;XEUR;7904020;675;
09.05.2025;15:47:45.162;FESX SI 20250620 CS;SIMPLE_INSTRUMENT;EFP_IDX;EUR;14;5290.00000000;160;EXCHANGE_LAST;;1;1;XEUR;7904020;675;
09.05.2025;15:52:22.218;FESX SI 20250620 CS;SIMPLE_INSTRUMENT;EFP_IDX;EUR;15;5289.00000000;1980;EXCHANGE_LAST;;1;1;XEUR;7904020;675;
09.05.2025;15:52:08.563;FESX SI 20250620 CS;SIMPLE_INSTRUMENT;EFP_IDX;EUR;16;5288.00000000;20;EXCHANGE_LAST;;1;1;XEUR;7904020;675;
09.05.2025;15:51:50.744;FESX SI 20250620 CS;SIMPLE_INSTRUMENT;EFP_IDX;EUR;17;5289.00000000;502;EXCHANGE_LAST;;1;1;XEUR;7904020;675;
09.05.2025;15:51:55.502;FESX SI 20250620 CS;SIMPLE_INSTRUMENT;EFP_IDX;EUR;18;5288.00000000;78;EXCHANGE_LAST;;1;1;XEUR;7904020;675;
09.05.2025;15:51:37.404;FESX SI 20250620 CS;SIMPLE_INSTRUMENT;EFP_IDX;EUR;19;5288.00000000;5;EXCHANGE_LAST;;1;1;XEUR;7904020;675;
09.05.2025;15:51:44.291;FESX SI 20250620 CS;SIMPLE_INSTRUMENT;EFP_IDX;EUR;20;5289.00000000;535;EXCHANGE_LAST;;1;1;XEUR;7904020;675;
09.05.2025;15:52:57.274;FESX SI 20250620 CS;SIMPLE_INSTRUMENT;EFP_IDX;EUR;21;5290.00000000;216;EXCHANGE_LAST;;1;1;XEUR;7904020;675;
09.05.2025;15:52:57.474;FESX SI 20250620 CS;SIMPLE_INSTRUMENT;EFP_IDX;EUR;22;5288.00000000;284;EXCHANGE_LAST;;1;1;XEUR;7904020;675;
09.05.2025;15:54:43.697;FESX SI 20250620 CS;SIMPLE_INSTRUMENT;EFP_IDX;EUR;23;5288.00000000;338;EXCHANGE_LAST;;1;1;XEUR;7904020;675;
09.05.2025;15:55:16.353;FESX SI 20250620 CS;SIMPLE_INSTRUMENT;EFP_IDX;EUR;24;5289.00000000;962;EXCHANGE_LAST;;1;1;XEUR;7904020;675;
09.05.2025;15:56:18.298;FESX SI 20250620 CS;SIMPLE_INSTRUMENT;EFP_IDX;EUR;25;5288.00000000;5;EXCHANGE_LAST;;1;1;XEUR;7904020;675;
09.05.2025;15:56:21.338;FESX SI 20250620 CS;SIMPLE_INSTRUMENT;EFP_IDX;EUR;26;5289.00000000;495;EXCHANGE_LAST;;1;1;XEUR;7904020;675;
09.05.2025;07:36:44.268;FESX SI 20250620 CS;SIMPLE_INSTRUMENT;VOLA;EUR;637534215;5295.00000000;20;EXCHANGE_LAST;;1;1;XEUR;7904020;675;
09.05.2025;10:52:23.190;FESX SI 20250620 CS;SIMPLE_INSTRUMENT;VOLA;EUR;637534282;5290.00000000;200;EXCHANGE_LAST;;1;1;XEUR;7904020;675;
09.05.2025;10:54:37.554;FESX SI 20250620 CS;SIMPLE_INSTRUMENT;VOLA;EUR;637534286;5300.00000000;26;EXCHANGE_LAST;;1;1;XEUR;7904020;675;
09.05.2025;11:00:49.578;FESX SI 20250620 CS;SIMPLE_INSTRUMENT;VOLA;EUR;637534292;5295.00000000;370;EXCHANGE_LAST;;1;1;XEUR;7904020;675;
09.05.2025;11:33:38.650;FESX SI 20250620 CS;SIMPLE_INSTRUMENT;VOLA;EUR;637534298;5290.00000000;250;EXCHANGE_LAST;;1;1;XEUR;7904020;675;
09.05.2025;12:35:06.050;FESX SI 20250620 CS;SIMPLE_INSTRUMENT;VOLA;EUR;637534315;5296.00000000;348;EXCHANGE_LAST;;1;1;XEUR;7904020;675;
09.05.2025;13:25:01.062;FESX SI 20250620 CS;SIMPLE_INSTRUMENT;VOLA;EUR;637534343;5300.00000000;932;EXCHANGE_LAST;;1;1;XEUR;7904020;675;
09.05.2025;13:32:45.800;FESX SI 20250620 CS;SIMPLE_INSTRUMENT;VOLA;EUR;637534345;5300.00000000;290;EXCHANGE_LAST;;1;1;XEUR;7904020;675;
09.05.2025;13:42:47.902;FESX SI 20250620 CS;SIMPLE_INSTRUMENT;VOLA;EUR;637534347;5300.00000000;420;EXCHANGE_LAST;;1;1;XEUR;7904020;675;
09.05.2025;14:09:25.774;FESX SI 20250620 CS;SIMPLE_INSTRUMENT;VOLA;EUR;637534360;5295.00000000;889;EXCHANGE_LAST;;1;1;XEUR;7904020;675;
09.05.2025;14:41:26.132;FESX SI 20250620 CS;SIMPLE_INSTRUMENT;VOLA;EUR;637534375;5300.00000000;510;EXCHANGE_LAST;;1;1;XEUR;7904020;675;
09.05.2025;10:32:58.978;FEXD SI 20250620 CS;SIMPLE_INSTRUMENT;BLOCK;EUR;9;129.80000000;1750;EXCHANGE_LAST;;3;1;XEUR;9548493;693;
09.05.2025;10:32:46.568;FEXD SI 20250620 CS;SIMPLE_INSTRUMENT;BLOCK;EUR;10;129.90000000;1750;EXCHANGE_LAST;;3;1;XEUR;9548493;693;
09.05.2025;12:41:26.809;FEXD SI 20271217 CS;SIMPLE_INSTRUMENT;BLOCK;EUR;19;149.80000000;100;EXCHANGE_LAST;;1;1;XEUR;2848338;693;
09.05.2025;13:40:24.754;FEXD SI 20281215 CS;SIMPLE_INSTRUMENT;BLOCK;EUR;26;145.90000000;500;EXCHANGE_LAST;;1;1;XEUR;3680985;693;
09.05.2025;14:04:13.637;FEXD SI 20261218 CS;SIMPLE_INSTRUMENT;BLOCK;EUR;28;154.60000000;250;EXCHANGE_LAST;;1;1;XEUR;2163053;693;
09.05.2025;14:17:06.944;FEXD SI 20281215 CS;SIMPLE_INSTRUMENT;BLOCK;EUR;30;145.80000000;250;EXCHANGE_LAST;;1;1;XEUR;3680985;693;
09.05.2025;15:08:57.615;FEXD SI 20271217 CS;SIMPLE_INSTRUMENT;BLOCK;EUR;36;149.30000000;150;EXCHANGE_LAST;;1;1;XEUR;2848338;693;
09.05.2025;15:12:05.001;FEXD SI 20271217 CS;SIMPLE_INSTRUMENT;BLOCK;EUR;37;149.30000000;500;EXCHANGE_LAST;;1;1;XEUR;2848338;693;
09.05.2025;15:11:43.477;FEXD.S.DEC26.DEC27.SPD;FUTURES_SPREAD;BLOCK;EUR;38;4.70000000;125;EXCHANGE_LAST;;1;1;XEUR;72060570450264153;693;
09.05.2025;15:11:43.477;FEXD SI 20261218 CS;SIMPLE_INSTRUMENT;BLOCK;EUR;38;154.10000000;125;PRC_DECOMP_EXCHANGE;;;;XEUR;2163053;693;EXCHANGE
09.05.2025;15:11:43.477;FEXD SI 20271217 CS;SIMPLE_INSTRUMENT;BLOCK;EUR;38;149.40000000;125;PRC_DECOMP_EXCHANGE;;;;XEUR;2848338;693;EXCHANGE
09.05.2025;15:11:35.477;FEXD.S.DEC26.DEC27.SPD;FUTURES_SPREAD;BLOCK;EUR;39;4.80000000;125;EXCHANGE_LAST;;1;1;XEUR;72060570450264153;693;
09.05.2025;15:11:35.477;FEXD SI 20261218 CS;SIMPLE_INSTRUMENT;BLOCK;EUR;39;154.20000000;125;PRC_DECOMP_EXCHANGE;;;;XEUR;2163053;693;EXCHANGE
09.05.2025;15:11:35.477;FEXD SI 20271217 CS;SIMPLE_INSTRUMENT;BLOCK;EUR;39;149.40000000;125;PRC_DECOMP_EXCHANGE;;;;XEUR;2848338;693;EXCHANGE
09.05.2025;15:14:47.013;FEXD SI 20251219 CS;SIMPLE_INSTRUMENT;BLOCK;EUR;41;164.90000000;500;EXCHANGE_LAST;;1;1;XEUR;1548120;693;
09.05.2025;15:14:55.141;FEXD SI 20281215 CS;SIMPLE_INSTRUMENT;BLOCK;EUR;42;145.60000000;500;EXCHANGE_LAST;;1;1;XEUR;3680985;693;
09.05.2025;06:48:03.048;FGBL SI 20250606 PS;SIMPLE_INSTRUMENT;EFS;EUR;1;130.72000000;349;EXCHANGE_LAST;;1;1;XEUR;11820389;688;
09.05.2025;06:50:37.495;FGBL SI 20250606 PS;SIMPLE_INSTRUMENT;EFS;EUR;2;130.74000000;305;EXCHANGE_LAST;;1;1;XEUR;11820389;688;
09.05.2025;07:09:05.220;FGBL SI 20250606 PS;SIMPLE_INSTRUMENT;EFS;EUR;3;130.65000000;873;EXCHANGE_LAST;;1;1;XEUR;11820389;688;
09.05.2025;07:12:42.769;FGBL SI 20250606 PS;SIMPLE_INSTRUMENT;EFS;EUR;4;130.65000000;216;EXCHANGE_LAST;;1;1;XEUR;11820389;688;
09.05.2025;07:16:15.046;FGBL SI 20250606 PS;SIMPLE_INSTRUMENT;EFS;EUR;5;130.66000000;218;EXCHANGE_LAST;;1;1;XEUR;11820389;688;
09.05.2025;07:27:14.703;FGBL SI 20250606 PS;SIMPLE_INSTRUMENT;EFS;EUR;6;130.56000000;650;EXCHANGE_LAST;;1;1;XEUR;11820389;688;
09.05.2025;07:32:06.919;FGBL SI 20250606 PS;SIMPLE_INSTRUMENT;EFP_FIN;EUR;7;130.58000000;191;EXCHANGE_LAST;;1;1;XEUR;11820389;688;
09.05.2025;07:36:33.836;FGBL SI 20250606 PS;SIMPLE_INSTRUMENT;EFP_FIN;EUR;8;130.63000000;175;EXCHANGE_LAST;;1;1;XEUR;11820389;688;
09.05.2025;07:39:02.665;FGBL SI 20250606 PS;SIMPLE_INSTRUMENT;EFS;EUR;9;130.51000000;434;EXCHANGE_LAST;;1;1;XEUR;11820389;688;
09.05.2025;07:39:32.700;FGBL SI 20250606 PS;SIMPLE_INSTRUMENT;EFS;EUR;10;130.51000000;217;EXCHANGE_LAST;;1;1;XEUR;11820389;688;
09.05.2025;07:40:47.721;FGBL SI 20250606 PS;SIMPLE_INSTRUMENT;EFS;EUR;11;130.57000000;195;EXCHANGE_LAST;;1;1;XEUR;11820389;688;
09.05.2025;07:41:01.430;FGBL SI 20250606 PS;SIMPLE_INSTRUMENT;EFS;EUR;12;130.53000000;433;EXCHANGE_LAST;;1;1;XEUR;11820389;688;
09.05.2025;07:41:02.784;FGBL SI 20250606 PS;SIMPLE_INSTRUMENT;EFS;EUR;13;130.50000000;867;EXCHANGE_LAST;;1;1;XEUR;11820389;688;
09.05.2025;07:47:52.645;FGBL SI 20250606 PS;SIMPLE_INSTRUMENT;EFS;EUR;14;130.51000000;217;EXCHANGE_LAST;;1;1;XEUR;11820389;688;
09.05.2025;07:50:38.207;FGBL SI 20250606 PS;SIMPLE_INSTRUMENT;EFS;EUR;15;130.51000000;491;EXCHANGE_LAST;;1;1;XEUR;11820389;688;
09.05.2025;07:50:52.783;FGBL SI 20250606 PS;SIMPLE_INSTRUMENT;EFS;EUR;16;130.50000000;433;EXCHANGE_LAST;;1;1;XEUR;11820389;688;
09.05.2025;07:52:30.185;FGBL SI 20250606 PS;SIMPLE_INSTRUMENT;EFS;EUR;17;130.50000000;293;EXCHANGE_LAST;;1;1;XEUR;11820389;688;
09.05.2025;07:56:08.114;FGBL SI 20250606 PS;SIMPLE_INSTRUMENT;EFS;EUR;18;130.51000000;657;EXCHANGE_LAST;;1;1;XEUR;11820389;688;
09.05.2025;08:00:16.092;FGBL SI 20250606 PS;SIMPLE_INSTRUMENT;EFS;EUR;19;130.56000000;436;EXCHANGE_LAST;;1;1;XEUR;11820389;688;
09.05.2025;08:00:32.037;FGBL SI 20250606 PS;SIMPLE_INSTRUMENT;EFS;EUR;20;130.51000000;490;EXCHANGE_LAST;;1;1;XEUR;11820389;688;
09.05.2025;08:01:44.781;FGBL SI 20250606 PS;SIMPLE_INSTRUMENT;EFS;EUR;21;130.50000000;735;EXCHANGE_LAST;;1;1;XEUR;11820389;688;
09.05.2025;08:04:33.647;FGBL SI 20250606 PS;SIMPLE_INSTRUMENT;EFS;EUR;22;130.51000000;1354;EXCHANGE_LAST;;1;1;XEUR;11820389;688;
09.05.2025;08:06:47.829;FGBL SI 20250606 PS;SIMPLE_INSTRUMENT;EFS;EUR;23;130.51000000;491;EXCHANGE_LAST;;1;1;XEUR;11820389;688;
09.05.2025;08:06:54.395;FGBL SI 20250606 PS;SIMPLE_INSTRUMENT;EFS;EUR;24;130.50000000;260;EXCHANGE_LAST;;1;1;XEUR;11820389;688;
09.05.2025;08:08:04.563;FGBL SI 20250606 PS;SIMPLE_INSTRUMENT;EFS;EUR;25;130.49000000;173;EXCHANGE_LAST;;1;1;XEUR;11820389;688;
09.05.2025;08:14:00.369;FGBL SI 20250606 PS;SIMPLE_INSTRUMENT;EFS;EUR;26;130.48000000;434;EXCHANGE_LAST;;1;1;XEUR;11820389;688;
09.05.2025;08:17:19.451;FGBL SI 20250606 PS;SIMPLE_INSTRUMENT;EFS;EUR;27;130.48000000;434;EXCHANGE_LAST;;1;1;XEUR;11820389;688;
09.05.2025;08:20:04.184;FGBL SI 20250606 PS;SIMPLE_INSTRUMENT;EFS;EUR;28;130.51000000;677;EXCHANGE_LAST;;1;1;XEUR;11820389;688;
09.05.2025;08:20:06.667;FGBL SI 20250606 PS;SIMPLE_INSTRUMENT;EFS;EUR;29;130.51000000;677;EXCHANGE_LAST;;1;1;XEUR;11820389;688;
09.05.2025;08:20:29.133;FGBL SI 20250606 PS;SIMPLE_INSTRUMENT;EFP_FIN;EUR;30;130.43000000;427;EXCHANGE_LAST;;1;1;XEUR;11820389;688;
09.05.2025;08:22:39.853;FGBL SI 20250606 PS;SIMPLE_INSTRUMENT;EFP_FIN;EUR;31;130.43000000;160;EXCHANGE_LAST;;1;1;XEUR;11820389;688;
09.05.2025;08:41:35.712;FGBL SI 20250606 PS;SIMPLE_INSTRUMENT;BLOCK;EUR;32;130.41000000;6700;EXCHANGE_LAST;;1;1;XEUR;11820389;688;
09.05.2025;08:29:59.545;FGBL SI 20250606 PS;SIMPLE_INSTRUMENT;EFS;EUR;33;130.50000000;120;EXCHANGE_LAST;;1;1;XEUR;11820389;688;
09.05.2025;08:35:32.190;FGBL SI 20250606 PS;SIMPLE_INSTRUMENT;EFS;EUR;34;130.46000000;434;EXCHANGE_LAST;;1;1;XEUR;11820389;688;
09.05.2025;08:35:37.147;FGBL SI 20250606 PS;SIMPLE_INSTRUMENT;EFS;EUR;35;130.45000000;434;EXCHANGE_LAST;;1;1;XEUR;11820389;688;
09.05.2025;08:38:04.773;FGBL SI 20250606 PS;SIMPLE_INSTRUMENT;EFS;EUR;36;130.43000000;978;EXCHANGE_LAST;;1;1;XEUR;11820389;688;
09.05.2025;08:43:36.248;FGBL SI 20250606 PS;SIMPLE_INSTRUMENT;EFS;EUR;37;130.43000000;434;EXCHANGE_LAST;;1;1;XEUR;11820389;688;
09.05.2025;08:44:37.081;FGBL SI 20250606 PS;SIMPLE_INSTRUMENT;EFS;EUR;38;130.44000000;434;EXCHANGE_LAST;;1;1;XEUR;11820389;688;
09.05.2025;08:48:02.707;FGBL SI 20250606 PS;SIMPLE_INSTRUMENT;EFS;EUR;39;130.42000000;217;EXCHANGE_LAST;;1;1;XEUR;11820389;688;
09.05.2025;09:04:06.747;FGBL SI 20250606 PS;SIMPLE_INSTRUMENT;EFS;EUR;41;130.50000000;434;EXCHANGE_LAST;;1;1;XEUR;11820389;688;
09.05.2025;09:04:15.888;FGBL SI 20250606 PS;SIMPLE_INSTRUMENT;EFS;EUR;42;130.50000000;434;EXCHANGE_LAST;;1;1;XEUR;11820389;688;
09.05.2025;09:08:25.033;FGBL SI 20250606 PS;SIMPLE_INSTRUMENT;EFP_FIN;EUR;43;130.48000000;174;EXCHANGE_LAST;;1;1;XEUR;11820389;688;
09.05.2025;09:14:58.061;FGBL SI 20250606 PS;SIMPLE_INSTRUMENT;EFS;EUR;44;130.47000000;867;EXCHANGE_LAST;;1;1;XEUR;11820389;688;
09.05.2025;09:16:54.776;FGBL SI 20250606 PS;SIMPLE_INSTRUMENT;EFP_FIN;EUR;45;130.45000000;50;EXCHANGE_LAST;;1;1;XEUR;11820389;688;
09.05.2025;09:20:55.216;FGBL SI 20250606 PS;SIMPLE_INSTRUMENT;EFS;EUR;46;130.51000000;218;EXCHANGE_LAST;;1;1;XEUR;11820389;688;
09.05.2025;09:21:07.937;FGBL SI 20250606 PS;SIMPLE_INSTRUMENT;EFP_FIN;EUR;47;130.43000000;229;EXCHANGE_LAST;;1;1;XEUR;11820389;688;
09.05.2025;09:23:31.176;FGBL SI 20250606 PS;SIMPLE_INSTRUMENT;EFS;EUR;48;130.47000000;214;EXCHANGE_LAST;;1;1;XEUR;11820389;688;
09.05.2025;09:24:53.626;FGBL SI 20250606 PS;SIMPLE_INSTRUMENT;EFS;EUR;49;130.47000000;1747;EXCHANGE_LAST;;1;1;XEUR;11820389;688;
09.05.2025;09:28:43.742;FGBL SI 20250606 PS;SIMPLE_INSTRUMENT;EFP_FIN;EUR;50;130.47000000;859;EXCHANGE_LAST;;1;1;XEUR;11820389;688;
09.05.2025;09:39:46.586;FGBL SI 20250606 PS;SIMPLE_INSTRUMENT;EFS;EUR;51;130.46000000;492;EXCHANGE_LAST;;1;1;XEUR;11820389;688;
09.05.2025;09:43:09.938;FGBL SI 20250606 PS;SIMPLE_INSTRUMENT;EFP_FIN;EUR;52;130.51000000;399;EXCHANGE_LAST;;1;1;XEUR;11820389;688;
09.05.2025;09:44:10.701;FGBL SI 20250606 PS;SIMPLE_INSTRUMENT;EFS;EUR;53;130.48000000;43;EXCHANGE_LAST;;1;1;XEUR;11820389;688;
09.05.2025;09:49:40.526;FGBL SI 20250606 PS;SIMPLE_INSTRUMENT;EFS;EUR;54;130.53000000;349;EXCHANGE_LAST;;1;1;XEUR;11820389;688;
09.05.2025;09:57:27.012;FGBL SI 20250606 PS;SIMPLE_INSTRUMENT;EFS;EUR;55;130.48000000;433;EXCHANGE_LAST;;1;1;XEUR;11820389;688;
09.05.2025;11:17:16.200;FGBL SI 20250606 PS;SIMPLE_INSTRUMENT;EFS;EUR;56;130.51000000;434;EXCHANGE_LAST;;1;1;XEUR;11820389;688;
09.05.2025;11:18:47.215;FGBL SI 20250606 PS;SIMPLE_INSTRUMENT;EFS;EUR;57;130.52000000;434;EXCHANGE_LAST;;1;1;XEUR;11820389;688;
09.05.2025;11:21:36.960;FGBL SI 20250606 PS;SIMPLE_INSTRUMENT;EFS;EUR;58;130.50000000;434;EXCHANGE_LAST;;1;1;XEUR;11820389;688;
09.05.2025;11:25:35.207;FGBL SI 20250606 PS;SIMPLE_INSTRUMENT;EFS;EUR;59;130.48000000;217;EXCHANGE_LAST;;1;1;XEUR;11820389;688;
09.05.2025;11:25:48.595;FGBL SI 20250606 PS;SIMPLE_INSTRUMENT;EFS;EUR;60;130.49000000;217;EXCHANGE_LAST;;1;1;XEUR;11820389;688;
09.05.2025;11:34:24.507;FGBL SI 20250606 PS;SIMPLE_INSTRUMENT;EFS;EUR;61;130.50000000;245;EXCHANGE_LAST;;1;1;XEUR;11820389;688;
09.05.2025;11:50:22.211;FGBL SI 20250606 PS;SIMPLE_INSTRUMENT;EFS;EUR;62;130.58000000;867;EXCHANGE_LAST;;1;1;XEUR;11820389;688;
09.05.2025;12:13:05.360;FGBL SI 20250606 PS;SIMPLE_INSTRUMENT;EFS;EUR;63;130.58000000;433;EXCHANGE_LAST;;1;1;XEUR;11820389;688;
09.05.2025;12:17:49.931;FGBL SI 20250606 PS;SIMPLE_INSTRUMENT;EFS;EUR;64;130.59000000;528;EXCHANGE_LAST;;1;1;XEUR;11820389;688;
09.05.2025;12:20:05.174;FGBL SI 20250606 PS;SIMPLE_INSTRUMENT;EFS;EUR;65;130.56000000;433;EXCHANGE_LAST;;1;1;XEUR;11820389;688;
09.05.2025;12:20:46.981;FGBL SI 20250606 PS;SIMPLE_INSTRUMENT;EFS;EUR;66;130.61000000;509;EXCHANGE_LAST;;1;1;XEUR;11820389;688;
09.05.2025;12:23:26.212;FGBL SI 20250606 PS;SIMPLE_INSTRUMENT;EFS;EUR;67;130.56000000;214;EXCHANGE_LAST;;1;1;XEUR;11820389;688;
09.05.2025;12:23:12.579;FGBL SI 20250606 PS;SIMPLE_INSTRUMENT;EFS;EUR;68;130.59000000;433;EXCHANGE_LAST;;1;1;XEUR;11820389;688;
09.05.2025;12:25:27.554;FGBL SI 20250606 PS;SIMPLE_INSTRUMENT;EFS;EUR;69;130.60000000;509;EXCHANGE_LAST;;1;1;XEUR;11820389;688;
09.05.2025;12:25:41.772;FGBL SI 20250606 PS;SIMPLE_INSTRUMENT;EFS;EUR;70;130.61000000;433;EXCHANGE_LAST;;1;1;XEUR;11820389;688;
09.05.2025;12:30:53.434;FGBL SI 20250606 PS;SIMPLE_INSTRUMENT;EFS;EUR;71;130.62000000;433;EXCHANGE_LAST;;1;1;XEUR;11820389;688;
09.05.2025;12:31:02.546;FGBL SI 20250606 PS;SIMPLE_INSTRUMENT;EFS;EUR;72;130.61000000;433;EXCHANGE_LAST;;1;1;XEUR;11820389;688;
09.05.2025;12:31:51.114;FGBL SI 20250606 PS;SIMPLE_INSTRUMENT;EFS;EUR;73;130.62000000;433;EXCHANGE_LAST;;1;1;XEUR;11820389;688;
09.05.2025;12:34:19.020;FGBL SI 20250606 PS;SIMPLE_INSTRUMENT;EFS;EUR;74;130.43000000;305;EXCHANGE_LAST;;1;1;XEUR;11820389;688;
09.05.2025;12:54:47.962;FGBL SI 20250606 PS;SIMPLE_INSTRUMENT;EFS;EUR;75;130.60000000;214;EXCHANGE_LAST;;1;1;XEUR;11820389;688;
09.05.2025;12:56:04.284;FGBL SI 20250606 PS;SIMPLE_INSTRUMENT;EFP_FIN;EUR;76;130.60000000;723;EXCHANGE_LAST;;1;1;XEUR;11820389;688;
09.05.2025;13:02:05.672;FGBL SI 20250606 PS;SIMPLE_INSTRUMENT;EFS;EUR;77;130.54000000;217;EXCHANGE_LAST;;1;1;XEUR;11820389;688;
09.05.2025;13:02:58.211;FGBL SI 20250606 PS;SIMPLE_INSTRUMENT;EFS;EUR;78;130.54000000;217;EXCHANGE_LAST;;1;1;XEUR;11820389;688;
09.05.2025;13:14:29.352;FGBL SI 20250606 PS;SIMPLE_INSTRUMENT;EFS;EUR;79;130.57000000;828;EXCHANGE_LAST;;1;1;XEUR;11820389;688;
09.05.2025;13:40:31.431;FGBL SI 20250606 PS;SIMPLE_INSTRUMENT;EFS;EUR;80;130.65000000;981;EXCHANGE_LAST;;1;1;XEUR;11820389;688;
09.05.2025;13:55:53.502;FGBL SI 20250606 PS;SIMPLE_INSTRUMENT;EFP_FIN;EUR;81;130.65000000;134;EXCHANGE_LAST;;1;1;XEUR;11820389;688;
09.05.2025;14:22:37.108;FGBL SI 20250606 PS;SIMPLE_INSTRUMENT;EFS;EUR;82;130.67000000;433;EXCHANGE_LAST;;1;1;XEUR;11820389;688;
09.05.2025;14:25:10.400;FGBL SI 20250606 PS;SIMPLE_INSTRUMENT;EFS;EUR;83;130.70000000;1361;EXCHANGE_LAST;;1;1;XEUR;11820389;688;
09.05.2025;14:25:19.411;FGBL SI 20250606 PS;SIMPLE_INSTRUMENT;EFS;EUR;84;130.77000000;303;EXCHANGE_LAST;;1;1;XEUR;11820389;688;
09.05.2025;14:30:33.607;FGBL SI 20250606 PS;SIMPLE_INSTRUMENT;EFS;EUR;85;130.75000000;980;EXCHANGE_LAST;;1;1;XEUR;11820389;688;
09.05.2025;14:31:05.902;FGBL SI 20250606 PS;SIMPLE_INSTRUMENT;EFS;EUR;86;130.75000000;433;EXCHANGE_LAST;;1;1;XEUR;11820389;688;
09.05.2025;14:33:41.953;FGBL SI 20250606 PS;SIMPLE_INSTRUMENT;EFS;EUR;87;130.76000000;433;EXCHANGE_LAST;;1;1;XEUR;11820389;688;
09.05.2025;14:35:04.859;FGBL SI 20250606 PS;SIMPLE_INSTRUMENT;EFS;EUR;88;130.79000000;217;EXCHANGE_LAST;;1;1;XEUR;11820389;688;
09.05.2025;14:35:27.917;FGBL SI 20250606 PS;SIMPLE_INSTRUMENT;EFS;EUR;89;130.75000000;433;EXCHANGE_LAST;;1;1;XEUR;11820389;688;
09.05.2025;14:36:24.920;FGBL SI 20250606 PS;SIMPLE_INSTRUMENT;EFS;EUR;90;130.79000000;217;EXCHANGE_LAST;;1;1;XEUR;11820389;688;
09.05.2025;14:38:11.778;FGBL SI 20250606 PS;SIMPLE_INSTRUMENT;EFS;EUR;91;130.78000000;148;EXCHANGE_LAST;;1;1;XEUR;11820389;688;
09.05.2025;14:53:50.524;FGBL SI 20250606 PS;SIMPLE_INSTRUMENT;EFS;EUR;92;130.75000000;433;EXCHANGE_LAST;;1;1;XEUR;11820389;688;
09.05.2025;14:56:24.615;FGBL SI 20250606 PS;SIMPLE_INSTRUMENT;EFP_FIN;EUR;93;130.77000000;374;EXCHANGE_LAST;;1;1;XEUR;11820389;688;
09.05.2025;14:56:55.845;FGBL SI 20250606 PS;SIMPLE_INSTRUMENT;EFS;EUR;94;130.75000000;433;EXCHANGE_LAST;;1;1;XEUR;11820389;688;
09.05.2025;15:15:54.280;FGBL SI 20250606 PS;SIMPLE_INSTRUMENT;EFS;EUR;95;130.79000000;7700;EXCHANGE_LAST;;1;1;XEUR;11820389;688;
09.05.2025;15:18:38.800;FGBL SI 20250606 PS;SIMPLE_INSTRUMENT;EFS;EUR;96;130.75000000;490;EXCHANGE_LAST;;1;1;XEUR;11820389;688;
09.05.2025;15:21:24.842;FGBL SI 20250606 PS;SIMPLE_INSTRUMENT;EFS;EUR;97;130.75000000;216;EXCHANGE_LAST;;1;1;XEUR;11820389;688;
09.05.2025;15:32:15.695;FGBL SI 20250606 PS;SIMPLE_INSTRUMENT;EFS;EUR;98;130.75000000;219;EXCHANGE_LAST;;1;1;XEUR;11820389;688;
09.05.2025;15:32:17.977;FGBL SI 20250606 PS;SIMPLE_INSTRUMENT;EFS;EUR;99;130.75000000;219;EXCHANGE_LAST;;1;1;XEUR;11820389;688;
09.05.2025;15:33:22.161;FGBL SI 20250606 PS;SIMPLE_INSTRUMENT;EFS;EUR;100;130.76000000;147;EXCHANGE_LAST;;1;1;XEUR;11820389;688;
09.05.2025;15:35:17.139;FGBL SI 20250606 PS;SIMPLE_INSTRUMENT;EFP_FIN;EUR;101;130.64000000;1122;EXCHANGE_LAST;;1;1;XEUR;11820389;688;
09.05.2025;15:48:49.952;FGBL SI 20250606 PS;SIMPLE_INSTRUMENT;EFP_FIN;EUR;102;130.68000000;465;EXCHANGE_LAST;;1;1;XEUR;11820389;688;
09.05.2025;16:04:44.379;FGBL SI 20250606 PS;SIMPLE_INSTRUMENT;EFP_FIN;EUR;103;130.68000000;87;EXCHANGE_LAST;;1;1;XEUR;11820389;688;
09.05.2025;16:05:48.248;FGBL SI 20250606 PS;SIMPLE_INSTRUMENT;EFP_FIN;EUR;104;130.68000000;252;EXCHANGE_LAST;;1;1;XEUR;11820389;688;
09.05.2025;16:08:11.474;FGBL SI 20250606 PS;SIMPLE_INSTRUMENT;EFS;EUR;105;130.63000000;217;EXCHANGE_LAST;;1;1;XEUR;11820389;688;
09.05.2025;16:09:53.994;FGBL SI 20250606 PS;SIMPLE_INSTRUMENT;EFP_FIN;EUR;106;130.68000000;73;EXCHANGE_LAST;;1;1;XEUR;11820389;688;
09.05.2025;16:15:51.655;FGBL SI 20250606 PS;SIMPLE_INSTRUMENT;EFS;EUR;107;130.66000000;217;EXCHANGE_LAST;;1;1;XEUR;11820389;688;
09.05.2025;06:40:51.011;FGBL SI 20250606 PS;SIMPLE_INSTRUMENT;VOLA;EUR;268435461;130.62000000;253;EXCHANGE_LAST;;1;1;XEUR;11820389;688;
09.05.2025;06:41:18.882;FGBL SI 20250606 PS;SIMPLE_INSTRUMENT;VOLA;EUR;268435462;130.67000000;95;EXCHANGE_LAST;;1;1;XEUR;11820389;688;
09.05.2025;07:30:04.355;FGBL SI 20250606 PS;SIMPLE_INSTRUMENT;VOLA;EUR;268435467;130.67000000;14;EXCHANGE_LAST;;1;1;XEUR;11820389;688;
09.05.2025;07:58:23.156;FGBL SI 20250606 PS;SIMPLE_INSTRUMENT;VOLA;EUR;268435472;130.50000000;63;EXCHANGE_LAST;;1;1;XEUR;11820389;688;
09.05.2025;07:58:45.650;FGBL SI 20250606 PS;SIMPLE_INSTRUMENT;VOLA;EUR;268435473;130.50000000;62;EXCHANGE_LAST;;1;1;XEUR;11820389;688;
09.05.2025;08:04:19.061;FGBL SI 20250606 PS;SIMPLE_INSTRUMENT;VOLA;EUR;268435476;130.67000000;126;EXCHANGE_LAST;;1;1;XEUR;11820389;688;
09.05.2025;08:19:44.242;FGBL SI 20250606 PS;SIMPLE_INSTRUMENT;VOLA;EUR;268435482;130.52000000;84;EXCHANGE_LAST;;1;1;XEUR;11820389;688;
09.05.2025;08:55:12.054;FGBL SI 20250606 PS;SIMPLE_INSTRUMENT;VOLA;EUR;268435490;130.50000000;33;EXCHANGE_LAST;;1;1;XEUR;11820389;688;
09.05.2025;10:52:51.841;FGBL SI 20250606 PS;SIMPLE_INSTRUMENT;VOLA;EUR;268435510;130.54000000;24;EXCHANGE_LAST;;1;1;XEUR;11820389;688;
09.05.2025;10:54:04.012;FGBL SI 20250606 PS;SIMPLE_INSTRUMENT;VOLA;EUR;268435513;130.48000000;122;EXCHANGE_LAST;;1;1;XEUR;11820389;688;
09.05.2025;10:54:45.018;FGBL SI 20250606 PS;SIMPLE_INSTRUMENT;VOLA;EUR;268435514;130.48000000;123;EXCHANGE_LAST;;1;1;XEUR;11820389;688;
09.05.2025;11:39:29.325;FGBL SI 20250606 PS;SIMPLE_INSTRUMENT;VOLA;EUR;268435526;130.48000000;95;EXCHANGE_LAST;;1;1;XEUR;11820389;688;
09.05.2025;11:40:56.342;FGBL SI 20250606 PS;SIMPLE_INSTRUMENT;VOLA;EUR;268435527;130.48000000;90;EXCHANGE_LAST;;1;1;XEUR;11820389;688;
09.05.2025;11:58:27.222;FGBL SI 20250606 PS;SIMPLE_INSTRUMENT;VOLA;EUR;268435534;130.48000000;50;EXCHANGE_LAST;;1;1;XEUR;11820389;688;
09.05.2025;12:00:15.077;FGBL SI 20250606 PS;SIMPLE_INSTRUMENT;VOLA;EUR;268435535;130.48000000;49;EXCHANGE_LAST;;1;1;XEUR;11820389;688;
09.05.2025;12:01:21.173;FGBL SI 20250606 PS;SIMPLE_INSTRUMENT;VOLA;EUR;268435536;130.42000000;48;EXCHANGE_LAST;;1;1;XEUR;11820389;688;
09.05.2025;12:01:56.178;FGBL SI 20250606 PS;SIMPLE_INSTRUMENT;VOLA;EUR;268435537;130.42000000;47;EXCHANGE_LAST;;1;1;XEUR;11820389;688;
09.05.2025;12:58:33.677;FGBL SI 20250908 PS;SIMPLE_INSTRUMENT;VOLA;EUR;268435549;130.30000000;210;EXCHANGE_LAST;;1;1;XEUR;12372482;688;
09.05.2025;12:58:58.681;FGBL SI 20250908 PS;SIMPLE_INSTRUMENT;VOLA;EUR;268435550;130.30000000;70;EXCHANGE_LAST;;1;1;XEUR;12372482;688;
09.05.2025;13:47:12.936;FGBL SI 20250606 PS;SIMPLE_INSTRUMENT;VOLA;EUR;268435555;130.63000000;56;EXCHANGE_LAST;;1;1;XEUR;11820389;688;
09.05.2025;13:48:19.631;FGBL SI 20250606 PS;SIMPLE_INSTRUMENT;VOLA;EUR;268435556;130.42000000;306;EXCHANGE_LAST;;1;1;XEUR;11820389;688;
09.05.2025;13:49:06.638;FGBL SI 20250606 PS;SIMPLE_INSTRUMENT;VOLA;EUR;268435557;130.42000000;307;EXCHANGE_LAST;;1;1;XEUR;11820389;688;
09.05.2025;13:51:54.660;FGBL SI 20250606 PS;SIMPLE_INSTRUMENT;VOLA;EUR;268435560;130.56000000;438;EXCHANGE_LAST;;1;1;XEUR;11820389;688;
09.05.2025;13:57:20.715;FGBL SI 20250606 PS;SIMPLE_INSTRUMENT;VOLA;EUR;268435562;130.56000000;439;EXCHANGE_LAST;;1;1;XEUR;11820389;688;
09.05.2025;14:19:45.967;FGBL SI 20250606 PS;SIMPLE_INSTRUMENT;VOLA;EUR;268435568;130.66000000;105;EXCHANGE_LAST;;1;1;XEUR;11820389;688;
09.05.2025;14:20:04.466;FGBL SI 20250606 PS;SIMPLE_INSTRUMENT;VOLA;EUR;268435569;130.66000000;105;EXCHANGE_LAST;;1;1;XEUR;11820389;688;
09.05.2025;14:20:51.928;FGBL SI 20250908 PS;SIMPLE_INSTRUMENT;VOLA;EUR;268435572;130.45000000;175;EXCHANGE_LAST;;1;1;XEUR;12372482;688;
09.05.2025;15:32:19.214;FGBL SI 20250606 PS;SIMPLE_INSTRUMENT;VOLA;EUR;268435585;130.82000000;12;EXCHANGE_LAST;;1;1;XEUR;11820389;688;
09.05.2025;15:40:12.128;FGBL SI 20250606 PS;SIMPLE_INSTRUMENT;VOLA;EUR;268435588;130.73000000;214;EXCHANGE_LAST;;1;1;XEUR;11820389;688;
09.05.2025;15:41:04.132;FGBL SI 20250606 PS;SIMPLE_INSTRUMENT;VOLA;EUR;268435589;130.73000000;66;EXCHANGE_LAST;;1;1;XEUR;11820389;688;
09.05.2025;06:37:43.679;FGBM SI 20250606 PS;SIMPLE_INSTRUMENT;EFS;EUR;1;119.00000000;1836;EXCHANGE_LAST;;1;1;XEUR;11820390;689;
09.05.2025;07:15:40.717;FGBM SI 20250606 PS;SIMPLE_INSTRUMENT;EFS;EUR;2;118.98000000;210;EXCHANGE_LAST;;1;1;XEUR;11820390;689;
09.05.2025;07:38:35.192;FGBM SI 20250606 PS;SIMPLE_INSTRUMENT;EFS;EUR;3;118.93000000;924;EXCHANGE_LAST;;1;1;XEUR;11820390;689;
09.05.2025;08:02:18.233;FGBM SI 20250606 PS;SIMPLE_INSTRUMENT;EFS;EUR;4;118.93000000;2532;EXCHANGE_LAST;;1;1;XEUR;11820390;689;
09.05.2025;08:21:38.497;FGBM SI 20250606 PS;SIMPLE_INSTRUMENT;EFS;EUR;5;118.94000000;1270;EXCHANGE_LAST;;1;1;XEUR;11820390;689;
09.05.2025;08:21:40.683;FGBM SI 20250606 PS;SIMPLE_INSTRUMENT;EFS;EUR;6;118.94000000;1270;EXCHANGE_LAST;;1;1;XEUR;11820390;689;
09.05.2025;08:23:34.684;FGBM SI 20250606 PS;SIMPLE_INSTRUMENT;EFP_FIN;EUR;7;118.93000000;204;EXCHANGE_LAST;;1;1;XEUR;11820390;689;
09.05.2025;08:34:24.560;FGBM SI 20250606 PS;SIMPLE_INSTRUMENT;EFS;EUR;8;118.90000000;645;EXCHANGE_LAST;;1;1;XEUR;11820390;689;
09.05.2025;08:35:32.145;FGBM SI 20250606 PS;SIMPLE_INSTRUMENT;EFS;EUR;9;118.92000000;809;EXCHANGE_LAST;;1;1;XEUR;11820390;689;
09.05.2025;08:35:47.157;FGBM SI 20250606 PS;SIMPLE_INSTRUMENT;EFS;EUR;10;118.91000000;860;EXCHANGE_LAST;;1;1;XEUR;11820390;689;
09.05.2025;08:36:29.187;FGBM SI 20250606 PS;SIMPLE_INSTRUMENT;EFS;EUR;11;118.90000000;430;EXCHANGE_LAST;;1;1;XEUR;11820390;689;
09.05.2025;08:49:54.130;FGBM SI 20250606 PS;SIMPLE_INSTRUMENT;EFS;EUR;12;118.92000000;410;EXCHANGE_LAST;;1;1;XEUR;11820390;689;
09.05.2025;08:49:48.872;FGBM SI 20250606 PS;SIMPLE_INSTRUMENT;EFS;EUR;13;118.92000000;859;EXCHANGE_LAST;;1;1;XEUR;11820390;689;
09.05.2025;08:51:23.588;FGBM SI 20250606 PS;SIMPLE_INSTRUMENT;EFS;EUR;14;118.93000000;859;EXCHANGE_LAST;;1;1;XEUR;11820390;689;
09.05.2025;09:04:02.745;FGBM SI 20250606 PS;SIMPLE_INSTRUMENT;EFS;EUR;15;118.93000000;923;EXCHANGE_LAST;;1;1;XEUR;11820390;689;
09.05.2025;09:04:39.965;FGBM SI 20250606 PS;SIMPLE_INSTRUMENT;EFS;EUR;16;118.95000000;162;EXCHANGE_LAST;;1;1;XEUR;11820390;689;
09.05.2025;09:07:41.261;FGBM SI 20250606 PS;SIMPLE_INSTRUMENT;EFS;EUR;17;118.93000000;1847;EXCHANGE_LAST;;1;1;XEUR;11820390;689;
09.05.2025;09:11:12.866;FGBM SI 20250606 PS;SIMPLE_INSTRUMENT;EFS;EUR;18;118.93000000;1618;EXCHANGE_LAST;;1;1;XEUR;11820390;689;
09.05.2025;09:16:21.463;FGBM SI 20250606 PS;SIMPLE_INSTRUMENT;EFP_FIN;EUR;19;118.93000000;246;EXCHANGE_LAST;;1;1;XEUR;11820390;689;
09.05.2025;09:21:37.169;FGBM SI 20250606 PS;SIMPLE_INSTRUMENT;EFS;EUR;20;118.94000000;403;EXCHANGE_LAST;;1;1;XEUR;11820390;689;
09.05.2025;09:25:13.835;FGBM SI 20250606 PS;SIMPLE_INSTRUMENT;EFS;EUR;21;118.94000000;859;EXCHANGE_LAST;;1;1;XEUR;11820390;689;
09.05.2025;09:25:33.945;FGBM SI 20250606 PS;SIMPLE_INSTRUMENT;EFS;EUR;22;118.93000000;472;EXCHANGE_LAST;;1;1;XEUR;11820390;689;
09.05.2025;09:30:29.148;FGBM SI 20250606 PS;SIMPLE_INSTRUMENT;EFS;EUR;23;118.93000000;1641;EXCHANGE_LAST;;1;1;XEUR;11820390;689;
09.05.2025;09:31:24.273;FGBM SI 20250606 PS;SIMPLE_INSTRUMENT;EFS;EUR;24;118.93000000;430;EXCHANGE_LAST;;1;1;XEUR;11820390;689;
09.05.2025;09:32:17.888;FGBM SI 20250606 PS;SIMPLE_INSTRUMENT;EFS;EUR;25;118.93000000;859;EXCHANGE_LAST;;1;1;XEUR;11820390;689;
09.05.2025;09:35:50.482;FGBM SI 20250606 PS;SIMPLE_INSTRUMENT;EFS;EUR;26;118.92000000;430;EXCHANGE_LAST;;1;1;XEUR;11820390;689;
09.05.2025;09:40:46.127;FGBM SI 20250606 PS;SIMPLE_INSTRUMENT;EFP_FIN;EUR;27;118.90000000;1278;EXCHANGE_LAST;;1;1;XEUR;11820390;689;
09.05.2025;10:01:20.278;FGBM SI 20250606 PS;SIMPLE_INSTRUMENT;EFS;EUR;28;118.92000000;430;EXCHANGE_LAST;;1;1;XEUR;11820390;689;
09.05.2025;10:02:00.128;FGBM SI 20250606 PS;SIMPLE_INSTRUMENT;EFS;EUR;29;118.92000000;430;EXCHANGE_LAST;;1;1;XEUR;11820390;689;
09.05.2025;10:08:36.368;FGBM SI 20250606 PS;SIMPLE_INSTRUMENT;EFS;EUR;30;118.95000000;430;EXCHANGE_LAST;;1;1;XEUR;11820390;689;
09.05.2025;10:18:55.875;FGBM SI 20250606 PS;SIMPLE_INSTRUMENT;EFS;EUR;31;118.94000000;924;EXCHANGE_LAST;;1;1;XEUR;11820390;689;
09.05.2025;10:57:44.448;FGBM SI 20250606 PS;SIMPLE_INSTRUMENT;EFS;EUR;32;118.94000000;1847;EXCHANGE_LAST;;1;1;XEUR;11820390;689;
09.05.2025;11:16:33.989;FGBM SI 20250606 PS;SIMPLE_INSTRUMENT;EFS;EUR;33;118.95000000;247;EXCHANGE_LAST;;1;1;XEUR;11820390;689;
09.05.2025;11:17:01.957;FGBM SI 20250606 PS;SIMPLE_INSTRUMENT;EFP_FIN;EUR;34;118.95000000;405;EXCHANGE_LAST;;1;1;XEUR;11820390;689;
09.05.2025;11:17:16.155;FGBM SI 20250606 PS;SIMPLE_INSTRUMENT;EFS;EUR;35;118.96000000;809;EXCHANGE_LAST;;1;1;XEUR;11820390;689;
09.05.2025;11:17:29.033;FGBM SI 20250606 PS;SIMPLE_INSTRUMENT;EFS;EUR;36;118.95000000;657;EXCHANGE_LAST;;1;1;XEUR;11820390;689;
09.05.2025;11:37:36.617;FGBM SI 20250606 PS;SIMPLE_INSTRUMENT;EFS;EUR;37;119.04000000;656;EXCHANGE_LAST;;1;1;XEUR;11820390;689;
09.05.2025;11:46:21.937;FGBM SI 20250606 PS;SIMPLE_INSTRUMENT;EFS;EUR;38;119.01000000;1617;EXCHANGE_LAST;;1;1;XEUR;11820390;689;
09.05.2025;11:59:38.979;FGBM SI 20250606 PS;SIMPLE_INSTRUMENT;EFS;EUR;39;119.03000000;461;EXCHANGE_LAST;;1;1;XEUR;11820390;689;
09.05.2025;12:09:18.229;FGBM SI 20250606 PS;SIMPLE_INSTRUMENT;EFS;EUR;40;119.05000000;461;EXCHANGE_LAST;;1;1;XEUR;11820390;689;
09.05.2025;12:11:29.024;FGBM SI 20250606 PS;SIMPLE_INSTRUMENT;EFS;EUR;41;119.01000000;903;EXCHANGE_LAST;;1;1;XEUR;11820390;689;
09.05.2025;12:12:31.639;FGBM SI 20250606 PS;SIMPLE_INSTRUMENT;EFS;EUR;42;119.00000000;860;EXCHANGE_LAST;;1;1;XEUR;11820390;689;
09.05.2025;12:18:52.967;FGBM SI 20250606 PS;SIMPLE_INSTRUMENT;EFS;EUR;43;119.00000000;808;EXCHANGE_LAST;;1;1;XEUR;11820390;689;
09.05.2025;12:23:23.187;FGBM SI 20250606 PS;SIMPLE_INSTRUMENT;EFS;EUR;44;119.01000000;656;EXCHANGE_LAST;;1;1;XEUR;11820390;689;
09.05.2025;12:31:52.769;FGBM SI 20250606 PS;SIMPLE_INSTRUMENT;EFS;EUR;45;119.01000000;493;EXCHANGE_LAST;;1;1;XEUR;11820390;689;
09.05.2025;12:36:17.953;FGBM SI 20250606 PS;SIMPLE_INSTRUMENT;EFP_FIN;EUR;46;119.01000000;201;EXCHANGE_LAST;;1;1;XEUR;11820390;689;
09.05.2025;12:39:54.883;FGBM SI 20250606 PS;SIMPLE_INSTRUMENT;EFS;EUR;47;119.01000000;859;EXCHANGE_LAST;;1;1;XEUR;11820390;689;
09.05.2025;12:40:07.829;FGBM SI 20250606 PS;SIMPLE_INSTRUMENT;EFS;EUR;48;119.01000000;2279;EXCHANGE_LAST;;1;1;XEUR;11820390;689;
09.05.2025;12:47:48.843;FGBM SI 20250606 PS;SIMPLE_INSTRUMENT;EFS;EUR;49;119.05000000;404;EXCHANGE_LAST;;1;1;XEUR;11820390;689;
09.05.2025;13:21:12.336;FGBM SI 20250606 PS;SIMPLE_INSTRUMENT;EFP_FIN;EUR;50;119.02000000;1704;EXCHANGE_LAST;;1;1;XEUR;11820390;689;
09.05.2025;13:21:55.213;FGBM SI 20250606 PS;SIMPLE_INSTRUMENT;EFS;EUR;51;119.00000000;2768;EXCHANGE_LAST;;1;1;XEUR;11820390;689;
09.05.2025;13:24:15.152;FGBM SI 20250606 PS;SIMPLE_INSTRUMENT;EFP_FIN;EUR;52;119.00000000;1065;EXCHANGE_LAST;;1;1;XEUR;11820390;689;
09.05.2025;13:25:48.753;FGBM SI 20250606 PS;SIMPLE_INSTRUMENT;EFS;EUR;53;119.05000000;859;EXCHANGE_LAST;;1;1;XEUR;11820390;689;
09.05.2025;13:32:47.776;FGBM SI 20250606 PS;SIMPLE_INSTRUMENT;EFP_FIN;EUR;54;119.00000000;404;EXCHANGE_LAST;;1;1;XEUR;11820390;689;
09.05.2025;13:37:52.794;FGBM SI 20250606 PS;SIMPLE_INSTRUMENT;EFS;EUR;55;119.06000000;215;EXCHANGE_LAST;;1;1;XEUR;11820390;689;
09.05.2025;13:43:15.887;FGBM SI 20250606 PS;SIMPLE_INSTRUMENT;EFS;EUR;56;119.05000000;858;EXCHANGE_LAST;;1;1;XEUR;11820390;689;
09.05.2025;13:44:05.609;FGBM SI 20250606 PS;SIMPLE_INSTRUMENT;EFP_FIN;EUR;57;119.05000000;202;EXCHANGE_LAST;;1;1;XEUR;11820390;689;
09.05.2025;13:55:38.450;FGBM SI 20250606 PS;SIMPLE_INSTRUMENT;EFP_FIN;EUR;58;119.04000000;213;EXCHANGE_LAST;;1;1;XEUR;11820390;689;
09.05.2025;13:56:18.353;FGBM SI 20250606 PS;SIMPLE_INSTRUMENT;EFS;EUR;59;119.03000000;860;EXCHANGE_LAST;;1;1;XEUR;11820390;689;
09.05.2025;13:58:16.976;FGBM SI 20250606 PS;SIMPLE_INSTRUMENT;EFP_FIN;EUR;60;119.03000000;1277;EXCHANGE_LAST;;1;1;XEUR;11820390;689;
09.05.2025;14:06:10.695;FGBM SI 20250606 PS;SIMPLE_INSTRUMENT;EFP_FIN;EUR;61;119.00000000;851;EXCHANGE_LAST;;1;1;XEUR;11820390;689;
09.05.2025;14:07:16.224;FGBM SI 20250606 PS;SIMPLE_INSTRUMENT;EFP_FIN;EUR;62;119.04000000;909;EXCHANGE_LAST;;1;1;XEUR;11820390;689;
09.05.2025;14:09:09.015;FGBM SI 20250606 PS;SIMPLE_INSTRUMENT;EFP_FIN;EUR;63;119.04000000;270;EXCHANGE_LAST;;1;1;XEUR;11820390;689;
09.05.2025;14:13:05.554;FGBM SI 20250606 PS;SIMPLE_INSTRUMENT;EFP_FIN;EUR;64;119.05000000;852;EXCHANGE_LAST;;1;1;XEUR;11820390;689;
09.05.2025;14:19:34.349;FGBM SI 20250606 PS;SIMPLE_INSTRUMENT;EFS;EUR;65;119.03000000;809;EXCHANGE_LAST;;1;1;XEUR;11820390;689;
09.05.2025;14:25:41.709;FGBM SI 20250606 PS;SIMPLE_INSTRUMENT;EFP_FIN;EUR;66;119.08000000;610;EXCHANGE_LAST;;1;1;XEUR;11820390;689;
09.05.2025;14:34:31.539;FGBM SI 20250606 PS;SIMPLE_INSTRUMENT;EFP_FIN;EUR;67;119.09000000;291;EXCHANGE_LAST;;1;1;XEUR;11820390;689;
09.05.2025;14:58:15.493;FGBM SI 20250606 PS;SIMPLE_INSTRUMENT;EFS;EUR;68;119.08000000;821;EXCHANGE_LAST;;1;1;XEUR;11820390;689;
09.05.2025;15:04:32.864;FGBM SI 20250606 PS;SIMPLE_INSTRUMENT;EFS;EUR;69;119.09000000;922;EXCHANGE_LAST;;1;1;XEUR;11820390;689;
09.05.2025;15:07:44.942;FGBM SI 20250606 PS;SIMPLE_INSTRUMENT;EFP_FIN;EUR;70;119.05000000;250;EXCHANGE_LAST;;1;1;XEUR;11820390;689;
09.05.2025;15:14:30.686;FGBM SI 20250606 PS;SIMPLE_INSTRUMENT;EFS;EUR;71;119.11000000;1200;EXCHANGE_LAST;;1;1;XEUR;11820390;689;
09.05.2025;15:40:33.820;FGBM SI 20250606 PS;SIMPLE_INSTRUMENT;EFS;EUR;72;119.08000000;922;EXCHANGE_LAST;;1;1;XEUR;11820390;689;
09.05.2025;15:43:30.738;FGBM SI 20250606 PS;SIMPLE_INSTRUMENT;EFS;EUR;73;119.06000000;859;EXCHANGE_LAST;;1;1;XEUR;11820390;689;
09.05.2025;15:44:01.378;FGBM SI 20250606 PS;SIMPLE_INSTRUMENT;EFS;EUR;74;119.08000000;450;EXCHANGE_LAST;;1;1;XEUR;11820390;689;
09.05.2025;15:46:55.311;FGBM SI 20250606 PS;SIMPLE_INSTRUMENT;EFP_FIN;EUR;75;119.05000000;300;EXCHANGE_LAST;;1;1;XEUR;11820390;689;
09.05.2025;16:00:20.869;FGBM SI 20250606 PS;SIMPLE_INSTRUMENT;EFP_FIN;EUR;76;119.05000000;171;EXCHANGE_LAST;;1;1;XEUR;11820390;689;
09.05.2025;16:01:17.788;FGBM SI 20250606 PS;SIMPLE_INSTRUMENT;EFP_FIN;EUR;77;119.05000000;420;EXCHANGE_LAST;;1;1;XEUR;11820390;689;
09.05.2025;16:02:15.381;FGBM SI 20250606 PS;SIMPLE_INSTRUMENT;EFP_FIN;EUR;78;119.05000000;210;EXCHANGE_LAST;;1;1;XEUR;11820390;689;
09.05.2025;16:02:47.571;FGBM SI 20250606 PS;SIMPLE_INSTRUMENT;EFP_FIN;EUR;79;119.05000000;94;EXCHANGE_LAST;;1;1;XEUR;11820390;689;
09.05.2025;16:03:32.552;FGBM SI 20250606 PS;SIMPLE_INSTRUMENT;EFP_FIN;EUR;80;119.05000000;106;EXCHANGE_LAST;;1;1;XEUR;11820390;689;
09.05.2025;16:03:59.648;FGBM SI 20250606 PS;SIMPLE_INSTRUMENT;EFP_FIN;EUR;81;119.05000000;91;EXCHANGE_LAST;;1;1;XEUR;11820390;689;
09.05.2025;16:07:37.579;FGBM SI 20250606 PS;SIMPLE_INSTRUMENT;EFP_FIN;EUR;82;119.07000000;96;EXCHANGE_LAST;;1;1;XEUR;11820390;689;
09.05.2025;16:08:15.984;FGBM SI 20250606 PS;SIMPLE_INSTRUMENT;EFP_FIN;EUR;83;119.05000000;77;EXCHANGE_LAST;;1;1;XEUR;11820390;689;
09.05.2025;16:08:30.595;FGBM SI 20250606 PS;SIMPLE_INSTRUMENT;EFP_FIN;EUR;84;119.05000000;77;EXCHANGE_LAST;;1;1;XEUR;11820390;689;
09.05.2025;16:11:07.772;FGBM SI 20250606 PS;SIMPLE_INSTRUMENT;EFP_FIN;EUR;85;119.05000000;2119;EXCHANGE_LAST;;1;1;XEUR;11820390;689;
09.05.2025;08:50:47.580;FGBM SI 20250606 PS;SIMPLE_INSTRUMENT;VOLA;EUR;268435488;118.90000000;600;EXCHANGE_LAST;;1;1;XEUR;11820390;689;
09.05.2025;09:13:28.433;FGBM SI 20250606 PS;SIMPLE_INSTRUMENT;VOLA;EUR;268435502;118.95000000;200;EXCHANGE_LAST;;1;1;XEUR;11820390;689;
09.05.2025;09:13:41.434;FGBM SI 20250606 PS;SIMPLE_INSTRUMENT;VOLA;EUR;268435503;118.94000000;600;EXCHANGE_LAST;;1;1;XEUR;11820390;689;
09.05.2025;06:49:36.219;FGBS SI 20250606 PS;SIMPLE_INSTRUMENT;EFS;EUR;1;107.37500000;1695;EXCHANGE_LAST;;1;1;XEUR;11820391;690;
09.05.2025;06:56:26.807;FGBS SI 20250606 PS;SIMPLE_INSTRUMENT;EFS;EUR;2;107.36500000;1361;EXCHANGE_LAST;;1;1;XEUR;11820391;690;
09.05.2025;07:33:20.346;FGBS SI 20250606 PS;SIMPLE_INSTRUMENT;EFS;EUR;3;107.36500000;2178;EXCHANGE_LAST;;1;1;XEUR;11820391;690;
09.05.2025;07:33:21.699;FGBS SI 20250606 PS;SIMPLE_INSTRUMENT;EFS;EUR;4;107.36000000;2178;EXCHANGE_LAST;;1;1;XEUR;11820391;690;
09.05.2025;07:50:17.388;FGBS SI 20250606 PS;SIMPLE_INSTRUMENT;EFP_FIN;EUR;5;107.35000000;121;EXCHANGE_LAST;;1;1;XEUR;11820391;690;
09.05.2025;08:01:14.200;FGBS SI 20250606 PS;SIMPLE_INSTRUMENT;EFP_FIN;EUR;6;107.35500000;169;EXCHANGE_LAST;;1;1;XEUR;11820391;690;
09.05.2025;08:07:43.310;FGBS SI 20250606 PS;SIMPLE_INSTRUMENT;EFS;EUR;7;107.35500000;2723;EXCHANGE_LAST;;1;1;XEUR;11820391;690;
09.05.2025;08:16:50.942;FGBS SI 20250606 PS;SIMPLE_INSTRUMENT;EFS;EUR;8;107.35500000;2723;EXCHANGE_LAST;;1;1;XEUR;11820391;690;
09.05.2025;08:22:30.532;FGBS SI 20250606 PS;SIMPLE_INSTRUMENT;EFS;EUR;9;107.35500000;4085;EXCHANGE_LAST;;1;1;XEUR;11820391;690;
09.05.2025;08:34:15.877;FGBS SI 20250606 PS;SIMPLE_INSTRUMENT;EFS;EUR;10;107.36000000;5440;EXCHANGE_LAST;;1;1;XEUR;11820391;690;
09.05.2025;08:43:19.837;FGBS SI 20250606 PS;SIMPLE_INSTRUMENT;EFP_FIN;EUR;13;107.35000000;1163;EXCHANGE_LAST;;1;1;XEUR;11820391;690;
09.05.2025;08:46:31.564;FGBS SI 20250606 PS;SIMPLE_INSTRUMENT;EFP_FIN;EUR;14;107.35500000;141;EXCHANGE_LAST;;1;1;XEUR;11820391;690;
09.05.2025;09:19:51.019;FGBS SI 20250606 PS;SIMPLE_INSTRUMENT;EFS;EUR;15;107.36500000;3393;EXCHANGE_LAST;;1;1;XEUR;11820391;690;
09.05.2025;09:49:42.163;FGBS SI 20250606 PS;SIMPLE_INSTRUMENT;EFP_FIN;EUR;16;107.35500000;1407;EXCHANGE_LAST;;1;1;XEUR;11820391;690;
09.05.2025;09:51:07.942;FGBS SI 20250606 PS;SIMPLE_INSTRUMENT;EFP_FIN;EUR;17;107.37000000;469;EXCHANGE_LAST;;1;1;XEUR;11820391;690;
09.05.2025;09:50:56.818;FGBS SI 20250606 PS;SIMPLE_INSTRUMENT;EFP_FIN;EUR;18;107.37000000;469;EXCHANGE_LAST;;1;1;XEUR;11820391;690;
09.05.2025;10:00:07.263;FGBS SI 20250606 PS;SIMPLE_INSTRUMENT;EFS;EUR;19;107.37500000;4520;EXCHANGE_LAST;;1;1;XEUR;11820391;690;
09.05.2025;10:38:14.702;FGBS SI 20250606 PS;SIMPLE_INSTRUMENT;EFS;EUR;20;107.37000000;2723;EXCHANGE_LAST;;1;1;XEUR;11820391;690;
09.05.2025;10:56:38.444;FGBS SI 20250606 PS;SIMPLE_INSTRUMENT;EFS;EUR;21;107.37000000;5445;EXCHANGE_LAST;;1;1;XEUR;11820391;690;
09.05.2025;11:04:31.308;FGBS SI 20250606 PS;SIMPLE_INSTRUMENT;EFS;EUR;22;107.37000000;2000;EXCHANGE_LAST;;1;1;XEUR;11820391;690;
09.05.2025;11:27:50.582;FGBS SI 20250606 PS;SIMPLE_INSTRUMENT;EFP_FIN;EUR;23;107.37000000;482;EXCHANGE_LAST;;1;1;XEUR;11820391;690;
09.05.2025;11:51:10.556;FGBS SI 20250606 PS;SIMPLE_INSTRUMENT;EFS;EUR;24;107.39500000;500;EXCHANGE_LAST;;1;1;XEUR;11820391;690;
09.05.2025;11:51:33.785;FGBS SI 20250606 PS;SIMPLE_INSTRUMENT;EFP_FIN;EUR;25;107.40000000;603;EXCHANGE_LAST;;1;1;XEUR;11820391;690;
09.05.2025;12:00:51.983;FGBS SI 20250606 PS;SIMPLE_INSTRUMENT;EFS;EUR;26;107.39500000;1361;EXCHANGE_LAST;;1;1;XEUR;11820391;690;
09.05.2025;13:02:52.342;FGBS SI 20250606 PS;SIMPLE_INSTRUMENT;EFP_FIN;EUR;27;107.37000000;844;EXCHANGE_LAST;;1;1;XEUR;11820391;690;
09.05.2025;13:20:51.209;FGBS SI 20250606 PS;SIMPLE_INSTRUMENT;EFS;EUR;28;107.38000000;8166;EXCHANGE_LAST;;1;1;XEUR;11820391;690;
09.05.2025;13:22:53.098;FGBS SI 20250606 PS;SIMPLE_INSTRUMENT;EFP_FIN;EUR;29;107.37500000;235;EXCHANGE_LAST;;1;1;XEUR;11820391;690;
09.05.2025;13:29:35.398;FGBS SI 20250606 PS;SIMPLE_INSTRUMENT;EFP_FIN;EUR;30;107.38500000;1286;EXCHANGE_LAST;;1;1;XEUR;11820391;690;
09.05.2025;13:43:19.724;FGBS SI 20250606 PS;SIMPLE_INSTRUMENT;EFP_FIN;EUR;31;107.38000000;1119;EXCHANGE_LAST;;1;1;XEUR;11820391;690;
09.05.2025;14:25:08.329;FGBS SI 20250606 PS;SIMPLE_INSTRUMENT;EFP_FIN;EUR;32;107.38500000;1181;EXCHANGE_LAST;;1;1;XEUR;11820391;690;
09.05.2025;14:40:36.363;FGBS SI 20250606 PS;SIMPLE_INSTRUMENT;EFP_FIN;EUR;33;107.40000000;924;EXCHANGE_LAST;;1;1;XEUR;11820391;690;
09.05.2025;14:41:38.221;FGBS SI 20250606 PS;SIMPLE_INSTRUMENT;EFP_FIN;EUR;34;107.39000000;316;EXCHANGE_LAST;;1;1;XEUR;11820391;690;
09.05.2025;14:51:54.242;FGBS SI 20250606 PS;SIMPLE_INSTRUMENT;EFP_FIN;EUR;35;107.39000000;1476;EXCHANGE_LAST;;1;1;XEUR;11820391;690;
09.05.2025;14:54:00.363;FGBS SI 20250606 PS;SIMPLE_INSTRUMENT;EFS;EUR;36;107.40000000;500;EXCHANGE_LAST;;1;1;XEUR;11820391;690;
09.05.2025;14:54:39.487;FGBS SI 20250606 PS;SIMPLE_INSTRUMENT;EFS;EUR;37;107.40000000;500;EXCHANGE_LAST;;1;1;XEUR;11820391;690;
09.05.2025;15:04:33.821;FGBS SI 20250606 PS;SIMPLE_INSTRUMENT;EFP_FIN;EUR;38;107.39000000;358;EXCHANGE_LAST;;1;1;XEUR;11820391;690;
09.05.2025;15:04:52.683;FGBS SI 20250606 PS;SIMPLE_INSTRUMENT;EFP_FIN;EUR;39;107.39000000;358;EXCHANGE_LAST;;1;1;XEUR;11820391;690;
09.05.2025;15:09:36.150;FGBS SI 20250606 PS;SIMPLE_INSTRUMENT;EFP_FIN;EUR;40;107.39000000;235;EXCHANGE_LAST;;1;1;XEUR;11820391;690;
09.05.2025;15:10:40.643;FGBS SI 20250606 PS;SIMPLE_INSTRUMENT;EFP_FIN;EUR;41;107.39000000;752;EXCHANGE_LAST;;1;1;XEUR;11820391;690;
09.05.2025;15:11:13.630;FGBS SI 20250606 PS;SIMPLE_INSTRUMENT;EFP_FIN;EUR;42;107.39000000;1369;EXCHANGE_LAST;;1;1;XEUR;11820391;690;
09.05.2025;15:16:28.006;FGBS SI 20250606 PS;SIMPLE_INSTRUMENT;EFP_FIN;EUR;43;107.39000000;469;EXCHANGE_LAST;;1;1;XEUR;11820391;690;
09.05.2025;15:18:52.004;FGBS SI 20250606 PS;SIMPLE_INSTRUMENT;EFP_FIN;EUR;44;107.39000000;1119;EXCHANGE_LAST;;1;1;XEUR;11820391;690;
09.05.2025;15:24:22.518;FGBS SI 20250606 PS;SIMPLE_INSTRUMENT;EFS;EUR;45;107.39000000;1000;EXCHANGE_LAST;;1;1;XEUR;11820391;690;
09.05.2025;15:31:14.669;FGBS SI 20250606 PS;SIMPLE_INSTRUMENT;EFS;EUR;46;107.39000000;1208;EXCHANGE_LAST;;1;1;XEUR;11820391;690;
09.05.2025;15:31:16.902;FGBS SI 20250606 PS;SIMPLE_INSTRUMENT;EFS;EUR;47;107.39000000;1208;EXCHANGE_LAST;;1;1;XEUR;11820391;690;
09.05.2025;15:39:05.719;FGBS SI 20250606 PS;SIMPLE_INSTRUMENT;EFS;EUR;48;107.39000000;2722;EXCHANGE_LAST;;1;1;XEUR;11820391;690;
09.05.2025;15:55:36.860;FGBS SI 20250606 PS;SIMPLE_INSTRUMENT;EFP_FIN;EUR;49;107.39000000;296;EXCHANGE_LAST;;1;1;XEUR;11820391;690;
09.05.2025;15:56:31.863;FGBS SI 20250606 PS;SIMPLE_INSTRUMENT;EFP_FIN;EUR;50;107.39000000;148;EXCHANGE_LAST;;1;1;XEUR;11820391;690;
09.05.2025;15:55:04.404;FGBS SI 20250606 PS;SIMPLE_INSTRUMENT;EFP_FIN;EUR;51;107.39000000;148;EXCHANGE_LAST;;1;1;XEUR;11820391;690;
09.05.2025;16:06:50.260;FGBS SI 20250606 PS;SIMPLE_INSTRUMENT;EFP_FIN;EUR;52;107.39500000;603;EXCHANGE_LAST;;1;1;XEUR;11820391;690;
09.05.2025;16:09:14.984;FGBS SI 20250606 PS;SIMPLE_INSTRUMENT;EFP_FIN;EUR;53;107.39000000;94;EXCHANGE_LAST;;1;1;XEUR;11820391;690;
09.05.2025;16:29:47.543;FGBS SI 20250606 PS;SIMPLE_INSTRUMENT;EFP_FIN;EUR;54;107.39000000;163;EXCHANGE_LAST;;1;1;XEUR;11820391;690;
09.05.2025;08:34:31.878;FGBX SI 20250606 PS;SIMPLE_INSTRUMENT;EFS;EUR;3;120.44000000;88;EXCHANGE_LAST;;1;1;XEUR;11820392;691;
09.05.2025;09:07:57.316;FGBX SI 20250606 PS;SIMPLE_INSTRUMENT;EFP_FIN;EUR;4;120.50000000;74;EXCHANGE_LAST;;1;1;XEUR;11820392;691;
09.05.2025;09:35:48.062;FGBX SI 20250606 PS;SIMPLE_INSTRUMENT;EFS;EUR;5;120.52000000;185;EXCHANGE_LAST;;1;1;XEUR;11820392;691;
09.05.2025;10:03:51.333;FGBX SI 20250606 PS;SIMPLE_INSTRUMENT;EFP_FIN;EUR;7;120.58000000;69;EXCHANGE_LAST;;1;1;XEUR;11820392;691;
09.05.2025;11:10:54.278;FGBX SI 20250606 PS;SIMPLE_INSTRUMENT;EFP_FIN;EUR;11;120.64000000;81;EXCHANGE_LAST;;1;1;XEUR;11820392;691;
09.05.2025;12:10:15.006;FGBX SI 20250606 PS;SIMPLE_INSTRUMENT;EFP_FIN;EUR;17;120.80000000;89;EXCHANGE_LAST;;1;1;XEUR;11820392;691;
09.05.2025;12:11:49.303;FGBX SI 20250606 PS;SIMPLE_INSTRUMENT;EFP_FIN;EUR;18;120.70000000;298;EXCHANGE_LAST;;1;1;XEUR;11820392;691;
09.05.2025;12:41:29.571;FGBX SI 20250606 PS;SIMPLE_INSTRUMENT;BLOCK;EUR;19;120.90000000;151;EXCHANGE_LAST;;1;1;XEUR;11820392;691;
09.05.2025;12:43:16.437;FGBX SI 20250606 PS;SIMPLE_INSTRUMENT;BLOCK;EUR;20;120.80000000;244;EXCHANGE_LAST;;1;1;XEUR;11820392;691;
09.05.2025;13:42:07.335;FGBX SI 20250606 PS;SIMPLE_INSTRUMENT;EFP_FIN;EUR;21;120.96000000;119;EXCHANGE_LAST;;1;1;XEUR;11820392;691;
09.05.2025;14:15:23.386;FGBX SI 20250606 PS;SIMPLE_INSTRUMENT;EFP_FIN;EUR;22;120.96000000;744;EXCHANGE_LAST;;1;1;XEUR;11820392;691;
09.05.2025;14:43:53.453;FGBX SI 20250606 PS;SIMPLE_INSTRUMENT;EFS;EUR;23;121.18000000;762;EXCHANGE_LAST;;1;1;XEUR;11820392;691;
09.05.2025;10:12:19.397;FMAS SI 20250620 CS;SIMPLE_INSTRUMENT;BLOCK;USD;57;647.68000000;902;EXCHANGE_LAST;;1;1;XEUR;7938712;7061;
09.05.2025;01:24:06.303;FMAU SI 20250620 CS;SIMPLE_INSTRUMENT;BLOCK;USD;2;5788.23500000;2583;EXCHANGE_LAST;;1;1;XEUR;7939462;45287;
09.05.2025;06:47:09.752;FMBE SI 20250620 CS;SIMPLE_INSTRUMENT;EFP_IDX;EUR;8;155.88600000;113;EXCHANGE_LAST;;1;1;XEUR;7940345;221290;
09.05.2025;06:13:06.803;FMBZ SI 20250620 CS;SIMPLE_INSTRUMENT;BLOCK;USD;12;540.10800000;175;EXCHANGE_LAST;;1;1;XEUR;7940814;402910;
09.05.2025;02:15:18.441;FMCH SI 20250620 CS;SIMPLE_INSTRUMENT;BLOCK;USD;6;575.50300000;828;EXCHANGE_LAST;;1;2;XEUR;7940815;402909;
09.05.2025;07:00:14.203;FMCH SI 20250620 CS;SIMPLE_INSTRUMENT;EFP_IDX;USD;38;575.36000000;80;EXCHANGE_LAST;;1;1;XEUR;7940815;402909;
09.05.2025;07:00:54.451;FMCH SI 20250620 CS;SIMPLE_INSTRUMENT;EFP_IDX;USD;39;575.36100000;120;EXCHANGE_LAST;;1;1;XEUR;7940815;402909;
09.05.2025;07:58:06.770;FMCH SI 20250620 CS;SIMPLE_INSTRUMENT;BLOCK;USD;47;575.20000000;230;EXCHANGE_LAST;;1;1;XEUR;7940815;402909;
09.05.2025;08:22:13.728;FMCH SI 20250620 CS;SIMPLE_INSTRUMENT;BLOCK;USD;54;575.56100000;725;EXCHANGE_LAST;;1;1;XEUR;7940815;402909;
09.05.2025;06:20:22.354;FMDK SI 20250620 CS;SIMPLE_INSTRUMENT;EFP_IDX;USD;18;9623.92600000;6;EXCHANGE_LAST;;1;1;XEUR;7939683;48919;
09.05.2025;06:24:43.315;FMDM SI 20250620 CS;SIMPLE_INSTRUMENT;EFP_IDX;USD;6;47173.45000000;193;EXCHANGE_LAST;;1;1;XEUR;7940356;221296;
09.05.2025;01:33:21.096;FMEA SI 20250620 CS;SIMPLE_INSTRUMENT;EFP_IDX;USD;3;716.69400000;61;EXCHANGE_LAST;;1;1;XEUR;7938804;12395;
09.05.2025;06:43:15.000;FMEA SI 20250620 CS;SIMPLE_INSTRUMENT;BLOCK;USD;27;716.44000000;525;EXCHANGE_LAST;;1;1;XEUR;7938804;12395;
09.05.2025;06:49:33.178;FMEA SI 20250620 CS;SIMPLE_INSTRUMENT;BLOCK;USD;33;716.44600000;155;EXCHANGE_LAST;;1;1;XEUR;7938804;12395;
09.05.2025;06:22:25.225;FMEE SI 20250620 CS;SIMPLE_INSTRUMENT;EFP_IDX;USD;19;344.09000000;46;EXCHANGE_LAST;;1;1;XEUR;7938810;12396;
09.05.2025;07:57:20.466;FMEE SI 20250620 CS;SIMPLE_INSTRUMENT;BLOCK;USD;46;344.07400000;259;EXCHANGE_LAST;;1;2;XEUR;7938810;12396;
09.05.2025;07:52:58.288;FMEF SI 20250620 CS;SIMPLE_INSTRUMENT;BLOCK;USD;45;1133.08000000;23;EXCHANGE_LAST;;1;1;XEUR;7408968;30657;
09.05.2025;06:44:22.128;FMEL SI 20250620 CS;SIMPLE_INSTRUMENT;BLOCK;USD;28;576.20100000;20;EXCHANGE_LAST;;1;1;XEUR;7938814;12397;
09.05.2025;08:03:15.221;FMEL SI 20250620 CS;SIMPLE_INSTRUMENT;BLOCK;USD;51;576.40200000;913;EXCHANGE_LAST;;1;1;XEUR;7938814;12397;
09.05.2025;06:50:24.183;FMEM SI 20250620 CS;SIMPLE_INSTRUMENT;BLOCK;USD;34;612.44000000;193;EXCHANGE_LAST;;1;1;XEUR;7938803;12394;
09.05.2025;07:18:26.037;FMEM SI 20250620 CS;SIMPLE_INSTRUMENT;EFP_IDX;USD;41;612.09300000;8996;EXCHANGE_LAST;;1;1;XEUR;7938803;12394;
09.05.2025;06:26:30.479;FMEN SI 20250620 CS;SIMPLE_INSTRUMENT;BLOCK;EUR;22;508.14400000;26;EXCHANGE_LAST;;1;1;XEUR;7939172;30652;
09.05.2025;06:26:47.415;FMEN SI 20250620 CS;SIMPLE_INSTRUMENT;BLOCK;EUR;23;508.14700000;22;EXCHANGE_LAST;;1;1;XEUR;7939172;30652;
09.05.2025;15:08:24.686;FMEN SI 20250620 CS;SIMPLE_INSTRUMENT;BLOCK;EUR;61;511.90000000;268;EXCHANGE_LAST;;1;1;XEUR;7939172;30652;
09.05.2025;06:32:56.709;FMEU SI 20250620 CS;SIMPLE_INSTRUMENT;EFP_IDX;EUR;25;359.78000000;91;EXCHANGE_LAST;;1;1;XEUR;7938710;7058;
09.05.2025;08:12:43.457;FMEU SI 20250620 CS;SIMPLE_INSTRUMENT;EFP_IDX;EUR;52;359.80000000;91;EXCHANGE_LAST;;1;1;XEUR;7938710;7058;
09.05.2025;06:55:43.098;FMFI SI 20250620 CS;SIMPLE_INSTRUMENT;EFP_IDX;EUR;10;256.55100000;121;EXCHANGE_LAST;;1;1;XEUR;7940348;221292;
09.05.2025;06:15:31.952;FMFR SI 20250620 CS;SIMPLE_INSTRUMENT;EFP_IDX;EUR;14;380.53700000;10;EXCHANGE_LAST;;1;1;XEUR;7939682;48918;
09.05.2025;07:40:19.925;FMGC SI 20250620 CS;SIMPLE_INSTRUMENT;EFP_IDX;USD;42;13503.61100000;25;EXCHANGE_LAST;;1;1;XEUR;7939680;48916;
09.05.2025;08:01:50.793;FMGC SI 20250620 CS;SIMPLE_INSTRUMENT;BLOCK;USD;49;13503.11000000;259;EXCHANGE_LAST;;1;1;XEUR;7939680;48916;
09.05.2025;01:36:05.882;FMGD SI 20250620 CS;SIMPLE_INSTRUMENT;EFP_IDX;USD;5;2861.14800000;12;EXCHANGE_LAST;;1;1;XEUR;8609351;583624;
09.05.2025;13:47:49.869;FMGO SI 20250620 CS;SIMPLE_INSTRUMENT;BLOCK;USD;60;5545.00000000;128;EXCHANGE_LAST;;1;1;XEUR;8609371;583623;
09.05.2025;06:19:38.082;FMGS SI 20250620 CS;SIMPLE_INSTRUMENT;BLOCK;USD;17;26088.81000000;5;EXCHANGE_LAST;;1;1;XEUR;7939679;48912;
09.05.2025;16:29:38.569;FMGS SI 20250620 CS;SIMPLE_INSTRUMENT;BLOCK;USD;75;26068.00000000;1534;EXCHANGE_LAST;;1;1;XEUR;7939679;48912;
09.05.2025;16:30:09.336;FMGS SI 20250919 CS;SIMPLE_INSTRUMENT;BLOCK;USD;76;26379.51300000;1516;EXCHANGE_LAST;;1;1;XEUR;8428577;48912;
09.05.2025;16:43:09.380;FMGS SI 20250620 CS;SIMPLE_INSTRUMENT;BLOCK;USD;77;26068.00000000;767;EXCHANGE_LAST;;1;1;XEUR;7939679;48912;
09.05.2025;16:43:26.521;FMGS SI 20250919 CS;SIMPLE_INSTRUMENT;BLOCK;USD;78;26379.51300000;758;EXCHANGE_LAST;;1;1;XEUR;8428577;48912;
09.05.2025;16:47:43.279;FMGS SI 20250620 CS;SIMPLE_INSTRUMENT;BLOCK;USD;79;26051.00000000;770;EXCHANGE_LAST;;1;1;XEUR;7939679;48912;
09.05.2025;16:48:08.149;FMGS SI 20250919 CS;SIMPLE_INSTRUMENT;BLOCK;USD;80;26362.30900000;761;EXCHANGE_LAST;;1;1;XEUR;8428577;48912;
09.05.2025;06:13:44.738;FMGY SI 20250620 CS;SIMPLE_INSTRUMENT;EFP_IDX;EUR;13;372.82100000;90;EXCHANGE_LAST;;1;1;XEUR;7940918;467451;
09.05.2025;01:17:57.472;FMHK SI 20250620 CS;SIMPLE_INSTRUMENT;BLOCK;USD;1;61938.58200000;7;EXCHANGE_LAST;;1;1;XEUR;7939458;45282;
09.05.2025;02:21:35.125;FMHK SI 20250620 CS;SIMPLE_INSTRUMENT;BLOCK;USD;7;61950.89800000;12;EXCHANGE_LAST;;1;1;XEUR;7939458;45282;
09.05.2025;01:16:30.610;FMID SI 20250620 CS;SIMPLE_INSTRUMENT;BLOCK;USD;1;1480.14200000;723;EXCHANGE_LAST;;1;2;XEUR;7939464;45289;
09.05.2025;03:08:59.852;FMID SI 20250620 CS;SIMPLE_INSTRUMENT;BLOCK;USD;2;1493.00000000;20;EXCHANGE_LAST;;1;1;XEUR;7939464;45289;
09.05.2025;06:41:21.117;FMID SI 20250620 CS;SIMPLE_INSTRUMENT;EFP_IDX;USD;7;1480.28000000;723;EXCHANGE_LAST;;1;1;XEUR;7939464;45289;
09.05.2025;04:21:21.541;FMIN SI 20250620 CS;SIMPLE_INSTRUMENT;BLOCK;USD;9;1245.12000000;240;EXCHANGE_LAST;;1;1;XEUR;7938852;12404;
09.05.2025;08:20:21.215;FMIN SI 20250620 CS;SIMPLE_INSTRUMENT;BLOCK;USD;53;1245.36800000;215;EXCHANGE_LAST;;1;2;XEUR;7938852;12404;
09.05.2025;08:50:28.697;FMIN SI 20250620 CS;SIMPLE_INSTRUMENT;BLOCK;USD;55;1244.49900000;120;EXCHANGE_LAST;;1;1;XEUR;7938852;12404;
09.05.2025;08:53:02.953;FMIN SI 20250620 CS;SIMPLE_INSTRUMENT;BLOCK;USD;56;1244.12600000;160;EXCHANGE_LAST;;1;1;XEUR;7938852;12404;
09.05.2025;06:52:05.929;FMIT SI 20250620 CS;SIMPLE_INSTRUMENT;EFP_IDX;EUR;9;219.23800000;12;EXCHANGE_LAST;;1;1;XEUR;7940138;124307;
09.05.2025;04:06:46.646;FMMY SI 20250620 CS;SIMPLE_INSTRUMENT;BLOCK;USD;8;391.26100000;40;EXCHANGE_LAST;;1;1;XEUR;7938853;12405;
09.05.2025;06:59:49.491;FMNL SI 20250620 CS;SIMPLE_INSTRUMENT;BLOCK;EUR;11;450.94600000;33;EXCHANGE_LAST;;1;1;XEUR;7940349;221293;
09.05.2025;07:16:37.428;FMNW SI 20250620 CS;SIMPLE_INSTRUMENT;BLOCK;USD;12;11847.21800000;78;EXCHANGE_LAST;;1;1;XEUR;7940360;221300;
09.05.2025;01:34:58.667;FMOG SI 20250620 CS;SIMPLE_INSTRUMENT;EFP_IDX;USD;4;11576.15700000;3;EXCHANGE_LAST;;1;1;XEUR;7939783;51877;
09.05.2025;06:48:57.162;FMPA SI 20250620 CS;SIMPLE_INSTRUMENT;BLOCK;USD;32;8935.49600000;20;EXCHANGE_LAST;;1;1;XEUR;7939647;48143;
09.05.2025;03:09:16.575;FMPH SI 20250620 CS;SIMPLE_INSTRUMENT;BLOCK;USD;3;457.85000000;10;EXCHANGE_LAST;;1;1;XEUR;7938856;12548;
09.05.2025;06:48:34.535;FMSA SI 20250620 CS;SIMPLE_INSTRUMENT;BLOCK;USD;31;1742.11000000;11;EXCHANGE_LAST;;1;1;XEUR;7940199;134861;
09.05.2025;06:18:14.298;FMSC SI 20250620 CS;SIMPLE_INSTRUMENT;EFP_IDX;USD;16;707.61200000;7;EXCHANGE_LAST;;1;1;XEUR;7940363;221303;
09.05.2025;06:23:06.455;FMSD SI 20250620 CS;SIMPLE_INSTRUMENT;EFP_IDX;USD;20;36881.21000000;98;EXCHANGE_LAST;;1;1;XEUR;7940362;221301;
09.05.2025;06:18:57.047;FMSP SI 20250620 CS;SIMPLE_INSTRUMENT;EFP_IDX;EUR;5;351.19300000;11;EXCHANGE_LAST;;1;1;XEUR;7940350;221294;
09.05.2025;07:48:11.208;FMSW SI 20250620 CS;SIMPLE_INSTRUMENT;EFP_IDX;USD;43;4172.55400000;123;EXCHANGE_LAST;;1;1;XEUR;7940342;208343;
09.05.2025;07:49:57.937;FMSW SI 20250620 CS;SIMPLE_INSTRUMENT;EFP_IDX;USD;44;4172.55500000;74;EXCHANGE_LAST;;1;1;XEUR;7940342;208343;
09.05.2025;06:17:13.561;FMSZ SI 20250620 CS;SIMPLE_INSTRUMENT;EFP_IDX;USD;4;20640.78000000;9;EXCHANGE_LAST;;1;1;XEUR;7940361;221302;
09.05.2025;06:47:00.012;FMWD SI 20250620 CS;SIMPLE_INSTRUMENT;EFP_IDX;USD;30;604.32500000;150;EXCHANGE_LAST;;1;1;XEUR;7940147;124316;
09.05.2025;06:57:39.371;FMWN SI 20250620 CS;SIMPLE_INSTRUMENT;EFP_IDX;EUR;35;536.74500000;1583;EXCHANGE_LAST;;1;1;XEUR;7939177;30654;
09.05.2025;07:10:07.713;FMWN SI 20250620 CS;SIMPLE_INSTRUMENT;EFP_IDX;EUR;40;537.17000000;43;EXCHANGE_LAST;;1;1;XEUR;7939177;30654;
09.05.2025;12:17:28.069;FMWN SI 20250620 CS;SIMPLE_INSTRUMENT;BLOCK;EUR;59;540.00000000;140;EXCHANGE_LAST;;1;1;XEUR;7939177;30654;
09.05.2025;06:24:49.031;FMWO SI 20250620 CS;SIMPLE_INSTRUMENT;EFP_IDX;USD;21;11854.79000000;104;EXCHANGE_LAST;;1;1;XEUR;7938711;7059;
09.05.2025;06:27:41.598;FMWO SI 20250620 CS;SIMPLE_INSTRUMENT;EFP_IDX;USD;24;11855.19000000;24;EXCHANGE_LAST;;1;1;XEUR;7938711;7059;
09.05.2025;06:33:23.822;FMWO SI 20250620 CS;SIMPLE_INSTRUMENT;EFP_IDX;USD;26;11855.64000000;64;EXCHANGE_LAST;;1;1;XEUR;7938711;7059;
09.05.2025;06:47:14.322;FMWO SI 20250620 CS;SIMPLE_INSTRUMENT;EFP_IDX;USD;29;11864.69000000;135;EXCHANGE_LAST;;1;1;XEUR;7938711;7059;
09.05.2025;06:58:06.047;FMWO SI 20250620 CS;SIMPLE_INSTRUMENT;EFP_IDX;USD;36;11862.39000000;55;EXCHANGE_LAST;;1;1;XEUR;7938711;7059;
09.05.2025;08:02:04.575;FMWO SI 20250620 CS;SIMPLE_INSTRUMENT;EFP_IDX;USD;50;11853.69000000;19;EXCHANGE_LAST;;1;1;XEUR;7938711;7059;
09.05.2025;06:58:37.899;FMWR SI 20250620 CS;SIMPLE_INSTRUMENT;EFP_IDX;USD;37;467.36000000;199;EXCHANGE_LAST;;1;1;XEUR;7940150;124319;
09.05.2025;07:25:46.009;FOAT SI 20250606 PS;SIMPLE_INSTRUMENT;EFS;EUR;1;124.67000000;435;EXCHANGE_LAST;;1;1;XEUR;11820393;749;
09.05.2025;07:33:56.411;FOAT SI 20250606 PS;SIMPLE_INSTRUMENT;BLOCK;EUR;2;124.66000000;435;EXCHANGE_LAST;;1;1;XEUR;11820393;749;
09.05.2025;08:08:57.670;FOAT SI 20250606 PS;SIMPLE_INSTRUMENT;EFP_FIN;EUR;3;124.58000000;118;EXCHANGE_LAST;;1;1;XEUR;11820393;749;
09.05.2025;08:14:29.457;FOAT SI 20250606 PS;SIMPLE_INSTRUMENT;EFP_FIN;EUR;4;124.58000000;1852;EXCHANGE_LAST;;1;1;XEUR;11820393;749;
09.05.2025;08:21:55.055;FOAT SI 20250606 PS;SIMPLE_INSTRUMENT;EFP_FIN;EUR;5;124.54000000;236;EXCHANGE_LAST;;1;1;XEUR;11820393;749;
09.05.2025;08:23:21.551;FOAT SI 20250606 PS;SIMPLE_INSTRUMENT;EFP_FIN;EUR;6;124.47000000;1970;EXCHANGE_LAST;;1;1;XEUR;11820393;749;
09.05.2025;08:30:24.211;FOAT SI 20250606 PS;SIMPLE_INSTRUMENT;EFP_FIN;EUR;7;124.59000000;394;EXCHANGE_LAST;;1;1;XEUR;11820393;749;
09.05.2025;08:33:01.010;FOAT SI 20250606 PS;SIMPLE_INSTRUMENT;EFP_FIN;EUR;8;124.49000000;394;EXCHANGE_LAST;;1;1;XEUR;11820393;749;
09.05.2025;08:34:01.859;FOAT SI 20250606 PS;SIMPLE_INSTRUMENT;EFP_FIN;EUR;9;124.49000000;694;EXCHANGE_LAST;;1;1;XEUR;11820393;749;
09.05.2025;08:51:05.204;FOAT SI 20250606 PS;SIMPLE_INSTRUMENT;EFP_FIN;EUR;10;124.54000000;709;EXCHANGE_LAST;;1;1;XEUR;11820393;749;
09.05.2025;08:51:05.184;FOAT SI 20250606 PS;SIMPLE_INSTRUMENT;EFP_FIN;EUR;11;124.54000000;788;EXCHANGE_LAST;;1;1;XEUR;11820393;749;
09.05.2025;09:00:48.639;FOAT SI 20250606 PS;SIMPLE_INSTRUMENT;EFP_FIN;EUR;12;124.51000000;118;EXCHANGE_LAST;;1;1;XEUR;11820393;749;
09.05.2025;09:09:07.629;FOAT SI 20250606 PS;SIMPLE_INSTRUMENT;EFP_FIN;EUR;13;124.54000000;788;EXCHANGE_LAST;;1;1;XEUR;11820393;749;
09.05.2025;09:11:20.283;FOAT SI 20250606 PS;SIMPLE_INSTRUMENT;EFP_FIN;EUR;14;124.54000000;788;EXCHANGE_LAST;;1;1;XEUR;11820393;749;
09.05.2025;09:15:53.408;FOAT SI 20250606 PS;SIMPLE_INSTRUMENT;EFP_FIN;EUR;15;124.54000000;788;EXCHANGE_LAST;;1;1;XEUR;11820393;749;
09.05.2025;09:16:06.439;FOAT SI 20250606 PS;SIMPLE_INSTRUMENT;EFP_FIN;EUR;16;124.59000000;1576;EXCHANGE_LAST;;1;1;XEUR;11820393;749;
09.05.2025;09:23:52.447;FOAT SI 20250606 PS;SIMPLE_INSTRUMENT;EFP_FIN;EUR;17;124.52000000;788;EXCHANGE_LAST;;1;1;XEUR;11820393;749;
09.05.2025;09:30:12.195;FOAT SI 20250606 PS;SIMPLE_INSTRUMENT;BLOCK;EUR;18;124.50000000;1966;EXCHANGE_LAST;;1;1;XEUR;11820393;749;
09.05.2025;09:37:44.534;FOAT SI 20250606 PS;SIMPLE_INSTRUMENT;EFP_FIN;EUR;19;124.63000000;789;EXCHANGE_LAST;;1;1;XEUR;11820393;749;
09.05.2025;09:51:47.300;FOAT SI 20250606 PS;SIMPLE_INSTRUMENT;EFP_FIN;EUR;20;124.56000000;3546;EXCHANGE_LAST;;1;1;XEUR;11820393;749;
09.05.2025;10:02:13.478;FOAT SI 20250606 PS;SIMPLE_INSTRUMENT;EFP_FIN;EUR;21;124.50000000;284;EXCHANGE_LAST;;1;1;XEUR;11820393;749;
09.05.2025;10:02:18.569;FOAT SI 20250606 PS;SIMPLE_INSTRUMENT;BLOCK;EUR;22;124.53000000;495;EXCHANGE_LAST;;1;1;XEUR;11820393;749;
09.05.2025;10:12:10.930;FOAT SI 20250606 PS;SIMPLE_INSTRUMENT;EFP_FIN;EUR;23;124.53000000;197;EXCHANGE_LAST;;1;1;XEUR;11820393;749;
09.05.2025;10:39:48.658;FOAT SI 20250606 PS;SIMPLE_INSTRUMENT;EFP_FIN;EUR;24;124.59000000;788;EXCHANGE_LAST;;1;1;XEUR;11820393;749;
09.05.2025;10:52:20.952;FOAT SI 20250606 PS;SIMPLE_INSTRUMENT;EFS;EUR;25;124.56000000;299;EXCHANGE_LAST;;1;1;XEUR;11820393;749;
09.05.2025;11:22:17.319;FOAT SI 20250606 PS;SIMPLE_INSTRUMENT;EFP_FIN;EUR;26;124.57000000;788;EXCHANGE_LAST;;1;1;XEUR;11820393;749;
09.05.2025;11:22:17.339;FOAT SI 20250606 PS;SIMPLE_INSTRUMENT;EFP_FIN;EUR;27;124.57000000;788;EXCHANGE_LAST;;1;1;XEUR;11820393;749;
09.05.2025;12:24:18.814;FOAT SI 20250606 PS;SIMPLE_INSTRUMENT;EFP_FIN;EUR;28;124.63000000;95;EXCHANGE_LAST;;1;1;XEUR;11820393;749;
09.05.2025;13:14:08.551;FOAT SI 20250606 PS;SIMPLE_INSTRUMENT;EFP_FIN;EUR;29;124.58000000;371;EXCHANGE_LAST;;1;1;XEUR;11820393;749;
09.05.2025;13:29:26.269;FOAT SI 20250606 PS;SIMPLE_INSTRUMENT;EFP_FIN;EUR;30;124.76000000;201;EXCHANGE_LAST;;1;1;XEUR;11820393;749;
09.05.2025;13:48:54.273;FOAT SI 20250606 PS;SIMPLE_INSTRUMENT;EFP_FIN;EUR;31;124.63000000;143;EXCHANGE_LAST;;1;1;XEUR;11820393;749;
09.05.2025;14:22:39.898;FOAT SI 20250606 PS;SIMPLE_INSTRUMENT;EFP_FIN;EUR;32;124.78000000;301;EXCHANGE_LAST;;1;1;XEUR;11820393;749;
09.05.2025;14:42:58.398;FOAT SI 20250606 PS;SIMPLE_INSTRUMENT;EFP_FIN;EUR;33;124.67000000;77;EXCHANGE_LAST;;1;1;XEUR;11820393;749;
09.05.2025;14:44:42.452;FOAT SI 20250606 PS;SIMPLE_INSTRUMENT;EFP_FIN;EUR;34;124.57000000;788;EXCHANGE_LAST;;1;1;XEUR;11820393;749;
09.05.2025;14:47:34.929;FOAT SI 20250606 PS;SIMPLE_INSTRUMENT;EFP_FIN;EUR;35;124.66000000;394;EXCHANGE_LAST;;1;1;XEUR;11820393;749;
09.05.2025;14:50:00.801;FOAT SI 20250606 PS;SIMPLE_INSTRUMENT;EFP_FIN;EUR;36;124.63000000;539;EXCHANGE_LAST;;1;1;XEUR;11820393;749;
09.05.2025;15:09:26.814;FOAT SI 20250606 PS;SIMPLE_INSTRUMENT;EFP_FIN;EUR;37;124.86000000;1103;EXCHANGE_LAST;;1;1;XEUR;11820393;749;
09.05.2025;15:12:44.011;FOAT SI 20250606 PS;SIMPLE_INSTRUMENT;EFP_FIN;EUR;38;124.84000000;104;EXCHANGE_LAST;;1;1;XEUR;11820393;749;
09.05.2025;15:13:55.934;FOAT SI 20250606 PS;SIMPLE_INSTRUMENT;EFS;EUR;39;124.83000000;419;EXCHANGE_LAST;;1;1;XEUR;11820393;749;
09.05.2025;15:13:45.036;FOAT SI 20250606 PS;SIMPLE_INSTRUMENT;EFS;EUR;40;124.83000000;500;EXCHANGE_LAST;;1;1;XEUR;11820393;749;
09.05.2025;16:58:50.830;FOAT SI 20250606 PS;SIMPLE_INSTRUMENT;EFP_FIN;EUR;41;124.56000000;284;EXCHANGE_LAST;;1;1;XEUR;11820393;749;
09.05.2025;12:50:51.626;FRE SI 20250516 PS AM P 42.00 0;SIMPLE_INSTRUMENT;BLOCK;EUR;2;0.33000000;1020;EXCHANGE_LAST;;1;1;XEUR;12870559;760;
09.05.2025;12:50:54.785;FRE SI 20250516 PS AM P 40.00 0;SIMPLE_INSTRUMENT;BLOCK;EUR;3;0.01000000;520;EXCHANGE_LAST;;1;1;XEUR;12820235;760;
09.05.2025;12:51:10.785;FRE SI 20250516 PS AM P 40.00 0;SIMPLE_INSTRUMENT;BLOCK;EUR;4;0.06000000;500;EXCHANGE_LAST;;1;1;XEUR;12820235;760;
09.05.2025;15:51:34.500;FSCP SI 20250620 CS;SIMPLE_INSTRUMENT;EFP_IDX;EUR;63;346.00000000;32;EXCHANGE_LAST;;1;1;XEUR;11881879;764;
09.05.2025;15:52:16.468;FSCP SI 20250620 CS;SIMPLE_INSTRUMENT;EFP_IDX;EUR;66;345.90000000;284;EXCHANGE_LAST;;1;1;XEUR;11881879;764;
09.05.2025;16:02:21.204;FSCP SI 20250620 CS;SIMPLE_INSTRUMENT;BLOCK;EUR;70;345.50000000;161;EXCHANGE_LAST;;1;1;XEUR;11881879;764;
09.05.2025;16:02:02.114;FSCP SI 20250620 CS;SIMPLE_INSTRUMENT;BLOCK;EUR;71;346.00000000;575;EXCHANGE_LAST;;1;1;XEUR;11881879;764;
09.05.2025;16:04:24.943;FSCP SI 20250620 CS;SIMPLE_INSTRUMENT;EFP_IDX;EUR;76;345.70000000;4197;EXCHANGE_LAST;;1;1;XEUR;11881879;764;
09.05.2025;16:04:29.386;FSCP SI 20250620 CS;SIMPLE_INSTRUMENT;EFP_IDX;EUR;77;345.80000000;4196;EXCHANGE_LAST;;1;1;XEUR;11881879;764;
09.05.2025;15:52:24.319;FSEG SI 20250620 CS;SIMPLE_INSTRUMENT;EFP_IDX;EUR;55;197.70000000;16;EXCHANGE_LAST;;1;1;XEUR;11913120;109977;
09.05.2025;15:52:32.320;FSEG SI 20250620 CS;SIMPLE_INSTRUMENT;EFP_IDX;EUR;62;197.60000000;36;EXCHANGE_LAST;;1;1;XEUR;11913120;109977;
09.05.2025;15:52:39.321;FSEG SI 20250620 CS;SIMPLE_INSTRUMENT;EFP_IDX;EUR;64;197.70000000;18;EXCHANGE_LAST;;1;1;XEUR;11913120;109977;
09.05.2025;15:52:45.321;FSEG SI 20250620 CS;SIMPLE_INSTRUMENT;EFP_IDX;EUR;65;197.60000000;28;EXCHANGE_LAST;;1;1;XEUR;11913120;109977;
09.05.2025;16:01:55.141;FSEG SI 20250620 CS;SIMPLE_INSTRUMENT;BLOCK;EUR;74;197.70000000;232;EXCHANGE_LAST;;1;1;XEUR;11913120;109977;
09.05.2025;16:01:55.143;FSEG SI 20250620 CS;SIMPLE_INSTRUMENT;BLOCK;EUR;75;197.60000000;233;EXCHANGE_LAST;;1;1;XEUR;11913120;109977;
09.05.2025;13:31:48.771;FSMI SI 20250620 CS;SIMPLE_INSTRUMENT;EFP_IDX;CHF;2;12050.00000000;250;EXCHANGE_LAST;;1;1;XEUR;7904351;757;
09.05.2025;14:08:04.732;FSMI SI 20250620 CS;SIMPLE_INSTRUMENT;BLOCK;CHF;3;12050.00000000;550;EXCHANGE_LAST;;1;1;XEUR;7904351;757;
09.05.2025;14:58:47.271;FSMI SI 20250620 CS;SIMPLE_INSTRUMENT;EFP_IDX;CHF;4;12040.00000000;260;EXCHANGE_LAST;;1;1;XEUR;7904351;757;
09.05.2025;15:33:53.522;FSMI SI 20250620 CS;SIMPLE_INSTRUMENT;EFP_IDX;CHF;5;12057.00000000;70;EXCHANGE_LAST;;1;1;XEUR;7904351;757;
09.05.2025;15:33:59.794;FSMI SI 20250620 CS;SIMPLE_INSTRUMENT;EFP_IDX;CHF;6;12058.00000000;5;EXCHANGE_LAST;;1;1;XEUR;7904351;757;
09.05.2025;13:04:19.966;FSMX SI 20250620 CS;SIMPLE_INSTRUMENT;EFP_IDX;EUR;20;29861.00000000;43;EXCHANGE_LAST;;1;1;XEUR;11923155;396422;
09.05.2025;13:04:44.259;FSMX SI 20250620 CS;SIMPLE_INSTRUMENT;EFP_IDX;EUR;21;29862.00000000;106;EXCHANGE_LAST;;1;1;XEUR;11923155;396422;
09.05.2025;15:48:02.775;FSMX SI 20250620 CS;SIMPLE_INSTRUMENT;EFP_IDX;EUR;47;29865.00000000;574;EXCHANGE_LAST;;1;1;XEUR;11923155;396422;
09.05.2025;15:47:55.344;FSMX SI 20250620 CS;SIMPLE_INSTRUMENT;EFP_IDX;EUR;48;29870.00000000;426;EXCHANGE_LAST;;1;1;XEUR;11923155;396422;
09.05.2025;15:47:01.812;FSMX SI 20250620 CS;SIMPLE_INSTRUMENT;EFP_IDX;EUR;49;29865.00000000;402;EXCHANGE_LAST;;1;1;XEUR;11923155;396422;
09.05.2025;15:47:10.366;FSMX SI 20250620 CS;SIMPLE_INSTRUMENT;EFP_IDX;EUR;50;29870.00000000;298;EXCHANGE_LAST;;1;1;XEUR;11923155;396422;
09.05.2025;15:44:04.252;FSMX SI 20250620 CS;SIMPLE_INSTRUMENT;EFP_IDX;EUR;51;29865.00000000;172;EXCHANGE_LAST;;1;1;XEUR;11923155;396422;
09.05.2025;15:43:57.812;FSMX SI 20250620 CS;SIMPLE_INSTRUMENT;EFP_IDX;EUR;52;29870.00000000;128;EXCHANGE_LAST;;1;1;XEUR;11923155;396422;
09.05.2025;15:45:42.371;FSMX SI 20250620 CS;SIMPLE_INSTRUMENT;BLOCK;EUR;53;29875.00000000;894;EXCHANGE_LAST;;1;1;XEUR;11923155;396422;
09.05.2025;15:45:47.370;FSMX SI 20250620 CS;SIMPLE_INSTRUMENT;BLOCK;EUR;54;29865.00000000;750;EXCHANGE_LAST;;1;1;XEUR;11923155;396422;
09.05.2025;10:32:28.847;FSTB SI 20250620 CS;SIMPLE_INSTRUMENT;BLOCK;EUR;11;262.65000000;677;EXCHANGE_LAST;;1;1;XEUR;11881325;714;
09.05.2025;15:54:27.921;FSTB SI 20250620 CS;SIMPLE_INSTRUMENT;EFP_IDX;EUR;60;263.90000000;550;EXCHANGE_LAST;;1;1;XEUR;11881325;714;
09.05.2025;15:54:41.039;FSTB SI 20250620 CS;SIMPLE_INSTRUMENT;EFP_IDX;EUR;61;263.80000000;4950;EXCHANGE_LAST;;1;1;XEUR;11881325;714;
09.05.2025;14:19:48.943;FSTE SI 20250620 CS;SIMPLE_INSTRUMENT;VOLA;EUR;603979823;337.20000000;106;EXCHANGE_LAST;;1;1;XEUR;11881330;719;
09.05.2025;14:19:55.962;FSTE SI 20250620 CS;SIMPLE_INSTRUMENT;VOLA;EUR;603979824;337.20000000;107;EXCHANGE_LAST;;1;1;XEUR;11881330;719;
09.05.2025;14:16:20.804;FSTE SI 20250620 CS;SIMPLE_INSTRUMENT;VOLA;EUR;603979825;337.20000000;85;EXCHANGE_LAST;;1;1;XEUR;11881330;719;
09.05.2025;14:16:26.194;FSTE SI 20250620 CS;SIMPLE_INSTRUMENT;VOLA;EUR;603979826;337.20000000;85;EXCHANGE_LAST;;1;1;XEUR;11881330;719;
09.05.2025;16:11:47.264;FSTH SI 20250620 CS;SIMPLE_INSTRUMENT;EFP_IDX;EUR;9;1033.10000000;379;EXCHANGE_LAST;;1;1;XEUR;11881327;716;
09.05.2025;16:11:49.598;FSTH SI 20250620 CS;SIMPLE_INSTRUMENT;EFP_IDX;EUR;10;1033.20000000;253;EXCHANGE_LAST;;1;1;XEUR;11881327;716;
09.05.2025;15:54:09.185;FSTL SI 20250620 CS;SIMPLE_INSTRUMENT;BLOCK;EUR;58;130.20000000;345;EXCHANGE_LAST;;1;1;XEUR;11881317;706;
09.05.2025;15:54:18.616;FSTL SI 20250620 CS;SIMPLE_INSTRUMENT;BLOCK;EUR;59;130.30000000;517;EXCHANGE_LAST;;1;1;XEUR;11881317;706;
09.05.2025;16:36:16.813;FSTO SI 20250620 CS;SIMPLE_INSTRUMENT;BLOCK;EUR;11;689.20000000;909;EXCHANGE_LAST;;1;1;XEUR;11881323;711;
09.05.2025;16:36:31.567;FSTO SI 20250620 CS;SIMPLE_INSTRUMENT;BLOCK;EUR;12;689.30000000;910;EXCHANGE_LAST;;1;1;XEUR;11881323;711;
09.05.2025;15:44:53.216;FSTS SI 20250620 CS;SIMPLE_INSTRUMENT;EFP_IDX;EUR;5;474.30000000;249;EXCHANGE_LAST;;1;1;XEUR;11881321;709;
09.05.2025;15:45:00.591;FSTS SI 20250620 CS;SIMPLE_INSTRUMENT;EFP_IDX;EUR;6;474.40000000;248;EXCHANGE_LAST;;1;1;XEUR;11881321;709;
09.05.2025;15:51:34.137;FSTS SI 20250620 CS;SIMPLE_INSTRUMENT;EFP_IDX;EUR;7;474.20000000;99;EXCHANGE_LAST;;1;1;XEUR;11881321;709;
09.05.2025;15:51:36.490;FSTS SI 20250620 CS;SIMPLE_INSTRUMENT;EFP_IDX;EUR;8;474.30000000;398;EXCHANGE_LAST;;1;1;XEUR;11881321;709;
09.05.2025;16:00:41.069;FSTU SI 20250620 CS;SIMPLE_INSTRUMENT;EFP_IDX;EUR;72;428.60000000;137;EXCHANGE_LAST;;1;1;XEUR;11881333;730;
09.05.2025;16:00:43.308;FSTU SI 20250620 CS;SIMPLE_INSTRUMENT;EFP_IDX;EUR;73;428.70000000;1233;EXCHANGE_LAST;;1;1;XEUR;11881333;730;
09.05.2025;09:44:59.244;FUEM SI 20250620 CS;SIMPLE_INSTRUMENT;BLOCK;USD;5;117.01000000;135;EXCHANGE_LAST;;1;1;XEUR;11949864;772680;
09.05.2025;15:13:15.808;FUEM SI 20250620 CS;SIMPLE_INSTRUMENT;BLOCK;USD;40;116.97000000;180;EXCHANGE_LAST;;1;1;XEUR;11949864;772680;
09.05.2025;15:41:11.579;FXXP SI 20250620 CS;SIMPLE_INSTRUMENT;BLOCK;EUR;62;535.80000000;1609;EXCHANGE_LAST;;1;1;XEUR;7904812;816;
09.05.2025;15:41:11.602;FXXP SI 20250620 CS;SIMPLE_INSTRUMENT;BLOCK;EUR;63;535.90000000;402;EXCHANGE_LAST;;1;1;XEUR;7904812;816;
09.05.2025;15:50:50.091;FXXP SI 20250620 CS;SIMPLE_INSTRUMENT;EFP_IDX;EUR;68;535.80000000;94;EXCHANGE_LAST;;1;1;XEUR;7904812;816;
09.05.2025;15:51:04.911;FXXP SI 20250620 CS;SIMPLE_INSTRUMENT;EFP_IDX;EUR;69;535.90000000;220;EXCHANGE_LAST;;1;1;XEUR;7904812;816;
09.05.2025;15:56:10.184;FXXP SI 20250620 CS;SIMPLE_INSTRUMENT;EFP_IDX;EUR;70;535.80000000;55;EXCHANGE_LAST;;1;1;XEUR;7904812;816;
09.05.2025;15:56:20.684;FXXP SI 20250620 CS;SIMPLE_INSTRUMENT;EFP_IDX;EUR;71;535.90000000;54;EXCHANGE_LAST;;1;1;XEUR;7904812;816;
09.05.2025;15:59:57.258;FXXP SI 20250620 CS;SIMPLE_INSTRUMENT;EFP_IDX;EUR;73;535.90000000;150;EXCHANGE_LAST;;1;1;XEUR;7904812;816;
09.05.2025;16:00:07.999;FXXP SI 20250620 CS;SIMPLE_INSTRUMENT;EFP_IDX;EUR;74;535.80000000;100;EXCHANGE_LAST;;1;1;XEUR;7904812;816;
09.05.2025;09:39:10.889;FXXP SI 20250620 CS;SIMPLE_INSTRUMENT;VOLA;EUR;603979786;535.80000000;54;EXCHANGE_LAST;;1;1;XEUR;7904812;816;
09.05.2025;09:40:29.046;FXXP SI 20250620 CS;SIMPLE_INSTRUMENT;VOLA;EUR;603979787;535.90000000;27;EXCHANGE_LAST;;1;1;XEUR;7904812;816;
09.05.2025;15:52:12.209;G2OB SI 20281215 CS;SIMPLE_INSTRUMENT;BLOCK;EUR;108;2.25000000;107;EXCHANGE_LAST;;1;1;XEUR;9923263;805;
09.05.2025;13:06:31.355;GEBN SI 20251219 PS AM P 400.00 0;SIMPLE_INSTRUMENT;BLOCK;CHF;42;3.30000000;1000;EXCHANGE_LAST;;1;1;XEUR;10407760;882;
09.05.2025;12:33:42.985;GLPG.O.250509.STD.000001;STANDARD_OPTION_STRATEGY;BLOCK;EUR;2;2.30000000;175;EXCHANGE_LAST;;1;1;XEUR;72273502043907793;50270;
09.05.2025;12:33:42.985;GLPG SI 20250620 PS AM P 23.50 0;SIMPLE_INSTRUMENT;BLOCK;EUR;2;1.40000000;175;PRC_DECOMP_MEMBER;;;;XEUR;13033840;50270;MEMBER
09.05.2025;12:33:42.985;GLPG SI 20250620 PS AM C 23.50 0;SIMPLE_INSTRUMENT;BLOCK;EUR;2;0.90000000;175;PRC_DECOMP_MEMBER;;;;XEUR;13033842;50270;MEMBER
09.05.2025;09:45:01.175;GZF SI 20250919 PS AM P 16.00 0;SIMPLE_INSTRUMENT;BLOCK;EUR;3;0.21000000;10500;EXCHANGE_LAST;;2;2;XEUR;11883167;855;
09.05.2025;12:01:47.541;GZF.O.250509.BRT12.000001;STANDARD_OPTION_STRATEGY;BLOCK;EUR;12;0.17000000;3000;EXCHANGE_LAST;;1;1;XEUR;72061266234982158;855;
09.05.2025;12:01:47.541;GZF SI 20250718 PS AM P 17.00 0;SIMPLE_INSTRUMENT;BLOCK;EUR;12;0.23000000;3000;PRC_DECOMP_EXCHANGE;;;;XEUR;13244293;855;EXCHANGE
09.05.2025;12:01:47.541;GZF SI 20250620 PS AM P 14.00 0;SIMPLE_INSTRUMENT;BLOCK;EUR;12;0.03000000;6000;PRC_DECOMP_EXCHANGE;;;;XEUR;7905359;855;EXCHANGE
09.05.2025;14:11:24.642;HMIJ SI 20251121 CS;SIMPLE_INSTRUMENT;BLOCK;EUR;69;2493.89670000;2;EXCHANGE_LAST;;1;1;XEUR;12545031;996457;
09.05.2025;12:22:06.915;I3ES SI 20261218 CS;SIMPLE_INSTRUMENT;BLOCK;EUR;38;0.35700000;5000;EXCHANGE_LAST;;1;1;XEUR;6805357;913;
