#Date;TrdTime;Contract;ContractType;TrdTyp;Currency;TesId;Prc;Qty;TrdInd;Aggressor;Buy;Sell;Exch;InstrumentId;RelatedProdId;PrcDecomp
15.11.2024;14:11:02.642;A2SM SI 20261218 CS;SIMPLE_INSTRUMENT;BLOCK;EUR;48;8.30000000;55;EXCHANGE_LAST;;2;3;XEUR;6796961;15;
15.11.2024;11:17:13.983;A2XA SI 20271217 CS;SIMPLE_INSTRUMENT;BLOCK;EUR;9;1.94500000;300;EXCHANGE_LAST;;1;1;XEUR;5914267;17;
15.11.2024;12:27:21.324;A2XA SI 20251219 CS;SIMPLE_INSTRUMENT;BLOCK;EUR;35;2.08000000;400;EXCHANGE_LAST;;2;1;XEUR;3681055;17;
15.11.2024;14:00:07.520;A2XA SI 20261218 CS;SIMPLE_INSTRUMENT;BLOCK;EUR;46;2.07500000;250;EXCHANGE_LAST;;2;1;XEUR;4632093;17;
15.11.2024;12:29:27.185;ABBN SI 20250620 PS AM P 48.00 0;SIMPLE_INSTRUMENT;BLOCK;CHF;34;2.64000000;1250;EXCHANGE_LAST;;1;1;XEUR;8902740;574517;
15.11.2024;15:43:48.194;ABBN.O.241115.COMBO.000002;STANDARD_OPTION_STRATEGY;BLOCK;CHF;63;-0.40000000;1500;EXCHANGE_LAST;;1;1;XEUR;74525125763933398;574517;
15.11.2024;15:43:48.194;ABBN SI 20241220 PS AM C 51.00 0;SIMPLE_INSTRUMENT;BLOCK;CHF;63;0.83000000;1500;PRC_DECOMP_EXCHANGE;;;;XEUR;11848925;574517;EXCHANGE
15.11.2024;15:43:48.194;ABBN SI 20241220 PS AM P 47.00 0;SIMPLE_INSTRUMENT;BLOCK;CHF;63;0.43000000;1500;PRC_DECOMP_EXCHANGE;;;;XEUR;11848918;574517;EXCHANGE
15.11.2024;08:45:36.580;ADEN SI 20250321 PS AM P 24.00 0;SIMPLE_INSTRUMENT;BLOCK;CHF;3;1.65000000;2000;EXCHANGE_LAST;;1;1;XEUR;10827978;44;
15.11.2024;09:58:29.059;ADEN.O.241115.STG.000003;STANDARD_OPTION_STRATEGY;BLOCK;CHF;12;2.45000000;2100;EXCHANGE_LAST;;1;1;XEUR;72057783016513542;44;
15.11.2024;09:58:29.059;ADEN SI 20250321 PS AM C 26.00 0;SIMPLE_INSTRUMENT;BLOCK;CHF;12;0.88000000;2100;PRC_DECOMP_EXCHANGE;;;;XEUR;10828055;44;EXCHANGE
15.11.2024;09:58:29.059;ADEN SI 20250321 PS AM P 24.00 0;SIMPLE_INSTRUMENT;BLOCK;CHF;12;1.57000000;2100;PRC_DECOMP_EXCHANGE;;;;XEUR;10827978;44;EXCHANGE
15.11.2024;13:21:57.692;ADS.O.241115.BLT.000008;STANDARD_OPTION_STRATEGY;BLOCK;EUR;17;8.15000000;500;EXCHANGE_LAST;;2;1;XEUR;72057808786330054;50;
15.11.2024;13:21:57.692;ADS SI 20241220 PS AM C 220.00 0;SIMPLE_INSTRUMENT;BLOCK;EUR;17;6.00000000;500;PRC_DECOMP_MEMBER;;;;XEUR;10394188;50;MEMBER
15.11.2024;13:21:57.692;ADS SI 20250321 PS AM C 220.00 0;SIMPLE_INSTRUMENT;BLOCK;EUR;17;14.15000000;500;PRC_DECOMP_MEMBER;;;;XEUR;10828483;50;MEMBER
15.11.2024;14:44:15.133;ADS SI 20251219 PS AM P 200.00 0;SIMPLE_INSTRUMENT;BLOCK;EUR;21;16.00000000;250;EXCHANGE_LAST;;1;1;XEUR;5919898;50;
15.11.2024;16:27:08.632;ADS SI 20241220 PS AM P 200.00 0;SIMPLE_INSTRUMENT;BLOCK;EUR;23;1.85000000;250;EXCHANGE_LAST;;1;1;XEUR;4637208;50;
15.11.2024;10:12:17.465;ALC SI 20250620 PS AM P 72.00 0;SIMPLE_INSTRUMENT;BLOCK;CHF;19;3.52000000;800;EXCHANGE_LAST;;1;1;XEUR;11394714;130134;
15.11.2024;10:12:41.091;ALC SI 20250919 PS AM P 64.00 0;SIMPLE_INSTRUMENT;BLOCK;CHF;20;2.02000000;1200;EXCHANGE_LAST;;1;1;XEUR;12127667;130134;
15.11.2024;10:21:19.131;ALC SI 20241220 PS AM P 76.00 0;SIMPLE_INSTRUMENT;BLOCK;CHF;24;2.08000000;600;EXCHANGE_LAST;;1;1;XEUR;4637898;130134;
15.11.2024;10:21:19.232;ALC SI 20261218 PS AM P 60.00 0;SIMPLE_INSTRUMENT;BLOCK;CHF;25;3.51000000;600;EXCHANGE_LAST;;1;1;XEUR;7181824;130134;
15.11.2024;08:03:22.996;AMGF SI 20241220 CS;SIMPLE_INSTRUMENT;BLOCK;USD;1;295.18000000;297;EXCHANGE_LAST;;1;1;XEUR;7031250;83;
15.11.2024;10:43:23.516;AXA SI 20241220 PS AM P 30.00 0;SIMPLE_INSTRUMENT;BLOCK;EUR;6;0.16000000;3000;EXCHANGE_LAST;;1;1;XEUR;9106592;127;
15.11.2024;13:02:46.674;B2AT SI 20251219 CS;SIMPLE_INSTRUMENT;BLOCK;GBX;40;187.00000000;50;EXCHANGE_LAST;;1;1;XEUR;5914348;45837;
15.11.2024;10:33:12.659;B2NP SI 20251219 CS;SIMPLE_INSTRUMENT;BLOCK;EUR;6;4.83000000;150;EXCHANGE_LAST;;1;1;XEUR;5914355;131;
15.11.2024;12:20:07.750;B2NP SI 20261218 CS;SIMPLE_INSTRUMENT;BLOCK;EUR;27;4.38000000;50;EXCHANGE_LAST;;1;1;XEUR;6798320;131;
15.11.2024;12:19:13.316;B2NP SI 20261218 CS;SIMPLE_INSTRUMENT;BLOCK;EUR;34;4.38000000;150;EXCHANGE_LAST;;1;1;XEUR;6798320;131;
15.11.2024;13:46:52.250;B2NP SI 20261218 CS;SIMPLE_INSTRUMENT;BLOCK;EUR;44;4.38000000;50;EXCHANGE_LAST;;1;1;XEUR;6798320;131;
15.11.2024;16:13:24.550;B2NP SI 20251219 CS;SIMPLE_INSTRUMENT;BLOCK;EUR;66;4.84000000;700;EXCHANGE_LAST;;1;2;XEUR;5914355;131;
15.11.2024;16:12:02.629;B2NP SI 20251219 CS;SIMPLE_INSTRUMENT;BLOCK;EUR;67;4.84000000;750;EXCHANGE_LAST;;1;2;XEUR;5914355;131;
15.11.2024;16:32:50.460;B2NP SI 20251219 CS;SIMPLE_INSTRUMENT;BLOCK;EUR;68;4.84500000;100;EXCHANGE_LAST;;1;1;XEUR;5914355;131;
15.11.2024;16:38:25.562;B2NP SI 20251219 CS;SIMPLE_INSTRUMENT;BLOCK;EUR;72;4.84000000;150;EXCHANGE_LAST;;1;1;XEUR;5914355;131;
15.11.2024;16:44:16.991;B2NP SI 20251219 CS;SIMPLE_INSTRUMENT;BLOCK;EUR;74;4.84500000;200;EXCHANGE_LAST;;1;1;XEUR;5914355;131;
15.11.2024;17:56:40.209;B2NP SI 20251219 CS;SIMPLE_INSTRUMENT;BLOCK;EUR;76;4.83500000;100;EXCHANGE_LAST;;1;1;XEUR;5914355;131;
15.11.2024;09:49:56.183;BAS SI 20241220 PS AM P 42.00 0;SIMPLE_INSTRUMENT;BLOCK;EUR;6;0.86000000;3000;EXCHANGE_LAST;;4;2;XEUR;7509964;150;
15.11.2024;09:50:42.610;BAS SI 20241220 PS AM P 42.00 0;SIMPLE_INSTRUMENT;BLOCK;EUR;7;0.87000000;3000;EXCHANGE_LAST;;4;2;XEUR;7509964;150;
15.11.2024;11:27:42.190;BAS.O.241115.BER.000007;STANDARD_OPTION_STRATEGY;BLOCK;EUR;8;2.00000000;1000;EXCHANGE_LAST;;1;1;XEUR;72058238283088605;150;
15.11.2024;11:27:42.190;BAS SI 20241220 PS AM P 52.00 0;SIMPLE_INSTRUMENT;BLOCK;EUR;8;8.84000000;1000;PRC_DECOMP_EXCHANGE;;;;XEUR;4639212;150;EXCHANGE
15.11.2024;11:27:42.190;BAS SI 20241220 PS AM P 54.00 0;SIMPLE_INSTRUMENT;BLOCK;EUR;8;10.84000000;1000;PRC_DECOMP_EXCHANGE;;;;XEUR;10396505;150;EXCHANGE
15.11.2024;11:48:30.263;BAS SI 20250321 PS AM P 46.00 0;SIMPLE_INSTRUMENT;BLOCK;EUR;10;3.89000000;1000;EXCHANGE_LAST;;1;1;XEUR;10831044;150;
15.11.2024;12:40:39.978;BAS SI 20250321 PS AM P 38.00 0;SIMPLE_INSTRUMENT;BLOCK;EUR;11;0.70000000;3000;EXCHANGE_LAST;;1;1;XEUR;10830950;150;
15.11.2024;14:20:55.352;BAS SI 20250321 PS AM C 44.00 0;SIMPLE_INSTRUMENT;BLOCK;EUR;15;2.41000000;4000;EXCHANGE_LAST;;1;1;XEUR;10830941;150;
15.11.2024;14:23:48.201;BAS SI 20241220 PS AM C 44.00 0;SIMPLE_INSTRUMENT;BLOCK;EUR;16;1.03000000;1000;EXCHANGE_LAST;;1;1;XEUR;4705199;150;
15.11.2024;14:44:20.287;BAS SI 20250620 PS AM P 42.00 0;SIMPLE_INSTRUMENT;BLOCK;EUR;17;3.07000000;1500;EXCHANGE_LAST;;1;1;XEUR;11350808;150;
15.11.2024;13:06:54.005;BAY SI 20250919 PS AM P 18.00 0;SIMPLE_INSTRUMENT;BLOCK;EUR;12;1.55000000;2500;EXCHANGE_LAST;;1;1;XEUR;11873082;168;
15.11.2024;12:49:54.760;BAY SI 20250620 PS AM C 30.00 0;SIMPLE_INSTRUMENT;BLOCK;EUR;13;0.40000000;2000;EXCHANGE_LAST;;2;1;XEUR;10324702;168;
15.11.2024;16:44:34.230;BAY SI 20250321 PS AM P 15.00 0;SIMPLE_INSTRUMENT;BLOCK;EUR;18;0.32000000;6000;EXCHANGE_LAST;;1;1;XEUR;10831412;168;
15.11.2024;16:44:46.268;BAY SI 20250321 PS AM P 12.00 0;SIMPLE_INSTRUMENT;BLOCK;EUR;19;0.10000000;4548;EXCHANGE_LAST;;1;1;XEUR;10831392;168;
15.11.2024;16:45:03.990;BAY SI 20250321 PS AM P 12.00 0;SIMPLE_INSTRUMENT;BLOCK;EUR;20;0.13000000;1452;EXCHANGE_LAST;;1;1;XEUR;10831392;168;
15.11.2024;08:46:27.071;BAYE SI 20241115 PS EU P 32.00 0;SIMPLE_INSTRUMENT;BLOCK;EUR;1;11.65000000;1500;EXCHANGE_LAST;;1;1;XEUR;11700085;175;
15.11.2024;08:45:51.501;BAYE SI 20250117 PS EU P 31.50 0;SIMPLE_INSTRUMENT;BLOCK;EUR;2;11.00000000;1500;EXCHANGE_LAST;;1;1;XEUR;12069200;175;
15.11.2024;13:23:26.188;BBVD SI 20241115 PS AM P 9.25 0;SIMPLE_INSTRUMENT;BLOCK;EUR;10;0.02000000;12500;EXCHANGE_LAST;;1;1;XEUR;11700155;172;
15.11.2024;12:44:29.426;BMW SI 20250321 PS AM P 64.00 0;SIMPLE_INSTRUMENT;BLOCK;EUR;21;2.41000000;1500;EXCHANGE_LAST;;1;1;XEUR;10832577;210;
15.11.2024;16:34:04.349;BMW SI 20241220 PS AM C 72.00 0;SIMPLE_INSTRUMENT;BLOCK;EUR;28;0.94000000;2000;EXCHANGE_LAST;;1;2;XEUR;10398284;210;
15.11.2024;10:59:17.886;BNP FI 20250331 PS EU C 72.0000 0;FLEXIBLE_INSTRUMENT;BLOCK;EUR;8;0.43000000;2500;EXCHANGE_LAST;;1;1;XEUR;1152922522514105441;237;
15.11.2024;15:12:33.163;BNP.O.241115.STD.000012;STANDARD_OPTION_STRATEGY;BLOCK;EUR;27;15.16000000;800;EXCHANGE_LAST;;1;1;XEUR;72058611945197531;237;
15.11.2024;15:12:33.163;BNP SI 20260619 PS AM C 56.00 0;SIMPLE_INSTRUMENT;BLOCK;EUR;27;7.76000000;800;PRC_DECOMP_EXCHANGE;;;;XEUR;9541699;237;EXCHANGE
15.11.2024;15:12:33.163;BNP SI 20260619 PS AM P 56.00 0;SIMPLE_INSTRUMENT;BLOCK;EUR;27;7.40000000;800;PRC_DECOMP_EXCHANGE;;;;XEUR;9541696;237;EXCHANGE
15.11.2024;09:13:49.507;BNR SI 20250117 PS AM C 64.00 0;SIMPLE_INSTRUMENT;BLOCK;EUR;3;0.42000000;2937;EXCHANGE_LAST;;1;1;XEUR;12070147;235;
15.11.2024;14:30:11.254;BPVJ SI 20241219 CS;SIMPLE_INSTRUMENT;BLOCK;EUR;49;6.66580000;500;EXCHANGE_LAST;;1;1;XEUR;7029761;48715;
15.11.2024;10:58:01.899;BSI SI 20251219 PS AM C 140.00 0;SIMPLE_INSTRUMENT;BLOCK;EUR;4;12.21000000;250;EXCHANGE_LAST;;1;1;XEUR;10439646;76317;
15.11.2024;12:06:10.383;C2RT SI 20241220 CS;SIMPLE_INSTRUMENT;BLOCK;EUR;21;0.54100000;3097;EXCHANGE_LAST;;1;1;XEUR;4632257;151297;
15.11.2024;12:06:21.930;C2RT SI 20241220 CS;SIMPLE_INSTRUMENT;BLOCK;EUR;23;0.54000000;1328;EXCHANGE_LAST;;1;1;XEUR;4632257;151297;
15.11.2024;12:09:34.824;C2RT SI 20241220 CS;SIMPLE_INSTRUMENT;BLOCK;EUR;26;0.54000000;1990;EXCHANGE_LAST;;1;1;XEUR;4632257;151297;
15.11.2024;12:10:46.134;C2RT SI 20241220 CS;SIMPLE_INSTRUMENT;BLOCK;EUR;28;0.54100000;4648;EXCHANGE_LAST;;1;1;XEUR;4632257;151297;
15.11.2024;12:13:02.160;C2RT SI 20241220 CS;SIMPLE_INSTRUMENT;BLOCK;EUR;32;0.54000000;1327;EXCHANGE_LAST;;1;1;XEUR;4632257;151297;
15.11.2024;12:14:18.191;C2RT SI 20241220 CS;SIMPLE_INSTRUMENT;BLOCK;EUR;33;0.54100000;3098;EXCHANGE_LAST;;1;1;XEUR;4632257;151297;
15.11.2024;14:28:15.670;C2RT SI 20241220 CS;SIMPLE_INSTRUMENT;BLOCK;EUR;52;0.54100000;1859;EXCHANGE_LAST;;1;1;XEUR;4632257;151297;
15.11.2024;14:28:18.198;C2RT SI 20241220 CS;SIMPLE_INSTRUMENT;BLOCK;EUR;53;0.54000000;796;EXCHANGE_LAST;;1;1;XEUR;4632257;151297;
15.11.2024;14:37:14.493;C2RT SI 20241220 CS;SIMPLE_INSTRUMENT;BLOCK;EUR;55;0.54100000;1859;EXCHANGE_LAST;;1;1;XEUR;4632257;151297;
15.11.2024;14:37:45.315;C2RT SI 20241220 CS;SIMPLE_INSTRUMENT;BLOCK;EUR;56;0.54000000;796;EXCHANGE_LAST;;1;1;XEUR;4632257;151297;
15.11.2024;10:19:26.484;CBK SI 20251219 PS AM P 8.00 0;SIMPLE_INSTRUMENT;BLOCK;EUR;5;0.16000000;2000;EXCHANGE_LAST;;1;1;XEUR;5924458;268;
15.11.2024;10:19:26.585;CBK SI 20261218 PS AM P 12.00 0;SIMPLE_INSTRUMENT;BLOCK;EUR;6;1.20000000;1100;EXCHANGE_LAST;;1;1;XEUR;7231778;268;
15.11.2024;10:19:26.585;CBK SI 20261218 PS AM P 12.00 0;SIMPLE_INSTRUMENT;BLOCK;EUR;7;1.18000000;900;EXCHANGE_LAST;;1;1;XEUR;7231778;268;
15.11.2024;10:37:23.825;CBK SI 20241220 PS AM P 16.00 0;SIMPLE_INSTRUMENT;BLOCK;EUR;13;0.59000000;10000;EXCHANGE_LAST;;3;2;XEUR;7372799;268;
15.11.2024;11:09:34.717;CBK SI 20241220 PS AM P 16.00 0;SIMPLE_INSTRUMENT;BLOCK;EUR;15;0.59000000;2500;EXCHANGE_LAST;;2;1;XEUR;7372799;268;
15.11.2024;09:19:36.261;CFR SI 20241220 PS AM C 128.00 0;SIMPLE_INSTRUMENT;BLOCK;CHF;7;2.09000000;300;EXCHANGE_LAST;;1;1;XEUR;11328184;313;
15.11.2024;10:14:07.639;CFR.O.241115.PDIA.000005;STANDARD_OPTION_STRATEGY;BLOCK;CHF;23;1.67000000;300;EXCHANGE_LAST;;1;1;XEUR;72058938362724943;313;
15.11.2024;10:14:07.639;CFR SI 20260619 PS AM P 92.00 0;SIMPLE_INSTRUMENT;BLOCK;CHF;23;5.50000000;300;PRC_DECOMP_EXCHANGE;;;;XEUR;9996437;313;EXCHANGE
15.11.2024;10:14:07.639;CFR SI 20241220 PS AM P 120.00 0;SIMPLE_INSTRUMENT;BLOCK;CHF;23;3.83000000;300;PRC_DECOMP_EXCHANGE;;;;XEUR;9996582;313;EXCHANGE
15.11.2024;14:37:47.967;CFR SI 20241115 PS AM P 122.00 0;SIMPLE_INSTRUMENT;BLOCK;CHF;50;1.19000000;1000;EXCHANGE_LAST;;1;1;XEUR;11702332;313;
15.11.2024;15:02:42.435;CFR SI 20241220 PS AM C 130.00 0;SIMPLE_INSTRUMENT;BLOCK;CHF;55;1.40000000;720;EXCHANGE_LAST;;1;1;XEUR;10400575;313;
15.11.2024;11:04:41.481;CFRE SI 20241115 PS EU C 122.00 0;SIMPLE_INSTRUMENT;BLOCK;CHF;27;0.40000000;1000;EXCHANGE_LAST;;1;1;XEUR;11730361;156129;
15.11.2024;14:38:04.127;CFRE SI 20241115 PS EU C 122.00 0;SIMPLE_INSTRUMENT;BLOCK;CHF;49;0.21000000;1000;EXCHANGE_LAST;;1;1;XEUR;11730361;156129;
15.11.2024;13:39:47.311;CNDX.O.241115.BUL.000001;STANDARD_OPTION_STRATEGY;BLOCK;USD;1;51.50000000;435;EXCHANGE_LAST;;1;1;XEUR;73634886417645573;367242;
15.11.2024;13:39:47.311;CNDX SI 20250919 PS AM C 1300.00 0;SIMPLE_INSTRUMENT;BLOCK;USD;1;46.41000000;435;PRC_DECOMP_EXCHANGE;;;;XEUR;11829825;367242;EXCHANGE
15.11.2024;13:39:47.311;CNDX SI 20250919 PS AM C 1200.00 0;SIMPLE_INSTRUMENT;BLOCK;USD;1;97.91000000;435;PRC_DECOMP_EXCHANGE;;;;XEUR;11829838;367242;EXCHANGE
15.11.2024;13:41:34.205;CNDX.O.241115.BUL.000001;STANDARD_OPTION_STRATEGY;BLOCK;USD;2;51.50000000;1295;EXCHANGE_LAST;;1;1;XEUR;73634886417645573;367242;
15.11.2024;13:41:34.205;CNDX SI 20250919 PS AM C 1300.00 0;SIMPLE_INSTRUMENT;BLOCK;USD;2;46.41000000;1295;PRC_DECOMP_MEMBER;;;;XEUR;11829825;367242;MEMBER
15.11.2024;13:41:34.205;CNDX SI 20250919 PS AM C 1200.00 0;SIMPLE_INSTRUMENT;BLOCK;USD;2;97.91000000;1295;PRC_DECOMP_MEMBER;;;;XEUR;11829838;367242;MEMBER
15.11.2024;14:29:17.074;CR5J SI 20241219 CS;SIMPLE_INSTRUMENT;BLOCK;EUR;50;40.52780000;3000;EXCHANGE_LAST;;1;1;XEUR;7029763;50861;
15.11.2024;13:30:36.031;CRI5 SI 20241219 PS AM C 39.00 0;SIMPLE_INSTRUMENT;BLOCK;EUR;11;2.23000000;3000;EXCHANGE_LAST;;1;1;XEUR;11863138;320;
15.11.2024;12:05:50.061;CRTG SI 20241220 CS;SIMPLE_INSTRUMENT;BLOCK;EUR;20;5.50690000;50000;EXCHANGE_LAST;;1;1;XEUR;7033481;335;
15.11.2024;12:08:13.524;CRTG SI 20241220 CS;SIMPLE_INSTRUMENT;BLOCK;EUR;25;5.51120000;75000;EXCHANGE_LAST;;1;1;XEUR;7033481;335;
15.11.2024;12:12:06.574;CRTG SI 20241220 CS;SIMPLE_INSTRUMENT;BLOCK;EUR;31;5.51120000;50000;EXCHANGE_LAST;;1;1;XEUR;7033481;335;
15.11.2024;14:28:13.246;CRTG SI 20241220 CS;SIMPLE_INSTRUMENT;BLOCK;EUR;51;5.50890000;30000;EXCHANGE_LAST;;1;1;XEUR;7033481;335;
15.11.2024;14:36:59.230;CRTG SI 20241220 CS;SIMPLE_INSTRUMENT;BLOCK;EUR;54;5.50690000;30000;EXCHANGE_LAST;;1;1;XEUR;7033481;335;
15.11.2024;11:55:04.883;DAI SI 20260619 PS AM P 36.00 0;SIMPLE_INSTRUMENT;BLOCK;EUR;19;1.85000000;2000;EXCHANGE_LAST;;1;1;XEUR;9598278;443196;
15.11.2024;14:10:40.378;DAI.O.241115.BRT.000031;STANDARD_OPTION_STRATEGY;BLOCK;EUR;24;0.00000000;2000;EXCHANGE_LAST;;1;1;XEUR;73961106363660813;443196;
15.11.2024;14:10:40.378;DAI SI 20241220 PS AM P 68.00 0;SIMPLE_INSTRUMENT;BLOCK;EUR;24;14.91000000;2000;PRC_DECOMP_EXCHANGE;;;;XEUR;7144562;443196;EXCHANGE
15.11.2024;14:10:40.378;DAI SI 20250321 PS AM P 68.00 0;SIMPLE_INSTRUMENT;BLOCK;EUR;24;14.91000000;2000;PRC_DECOMP_EXCHANGE;;;;XEUR;10884489;443196;EXCHANGE
15.11.2024;14:47:56.383;DAI SI 20251219 PS AM P 40.00 0;SIMPLE_INSTRUMENT;BLOCK;EUR;25;1.73000000;3000;EXCHANGE_LAST;;1;1;XEUR;7737740;443196;
15.11.2024;15:32:36.682;DBK SI 20261218 PS AM C 20.00 0;SIMPLE_INSTRUMENT;BLOCK;EUR;22;1.31000000;2500;EXCHANGE_LAST;;1;1;XEUR;7356549;362;
15.11.2024;13:29:41.083;DPW SI 20241220 PS AM C 36.00 0;SIMPLE_INSTRUMENT;BLOCK;EUR;14;0.71000000;2000;EXCHANGE_LAST;;1;1;XEUR;4643147;445;
15.11.2024;11:45:03.614;E2NL SI 20251219 CS;SIMPLE_INSTRUMENT;BLOCK;EUR;10;0.46500000;3000;EXCHANGE_LAST;;2;3;XEUR;3681293;471;
15.11.2024;12:12:15.944;E2NL SI 20261218 CS;SIMPLE_INSTRUMENT;BLOCK;EUR;29;0.46200000;500;EXCHANGE_LAST;;1;1;XEUR;4632356;471;
15.11.2024;12:12:32.487;E2NL SI 20261218 CS;SIMPLE_INSTRUMENT;BLOCK;EUR;30;0.46300000;500;EXCHANGE_LAST;;1;1;XEUR;4632356;471;
15.11.2024;12:34:07.979;E2NL SI 20271217 CS;SIMPLE_INSTRUMENT;BLOCK;EUR;38;0.43500000;1000;EXCHANGE_LAST;;2;2;XEUR;5914571;471;
15.11.2024;14:06:15.443;E2NL SI 20271217 CS;SIMPLE_INSTRUMENT;BLOCK;EUR;47;0.43500000;500;EXCHANGE_LAST;;1;1;XEUR;5914571;471;
15.11.2024;10:55:27.137;EAD SI 20251219 PS AM C 120.00 0;SIMPLE_INSTRUMENT;BLOCK;EUR;9;26.80000000;300;EXCHANGE_LAST;;1;1;XEUR;11013932;465;
15.11.2024;14:36:47.595;EAD.O.241115.BRT.000008;STANDARD_OPTION_STRATEGY;BLOCK;EUR;20;4.85000000;300;EXCHANGE_LAST;;1;1;XEUR;72059591197744989;465;
15.11.2024;14:36:47.595;EAD SI 20261218 PS AM P 140.00 0;SIMPLE_INSTRUMENT;BLOCK;EUR;20;18.88000000;300;PRC_DECOMP_EXCHANGE;;;;XEUR;11013963;465;EXCHANGE
15.11.2024;14:36:47.595;EAD SI 20251219 PS AM P 140.00 0;SIMPLE_INSTRUMENT;BLOCK;EUR;20;14.03000000;300;PRC_DECOMP_EXCHANGE;;;;XEUR;11013929;465;EXCHANGE
15.11.2024;09:53:12.190;ENL5 SI 20241219 PS AM P 6.80 0;SIMPLE_INSTRUMENT;BLOCK;EUR;1;0.16200000;3000;EXCHANGE_LAST;;1;1;XEUR;10381201;500;
15.11.2024;13:29:19.949;ENR SI 20241220 PS AM C 40.00 0;SIMPLE_INSTRUMENT;BLOCK;EUR;15;6.78000000;500;EXCHANGE_LAST;;1;1;XEUR;5909219;298530;
15.11.2024;09:15:45.801;EOA SI 20241220 PS AM C 12.40 0;SIMPLE_INSTRUMENT;BLOCK;EUR;3;0.08000000;3592;EXCHANGE_LAST;;1;1;XEUR;11514514;49065;
15.11.2024;09:15:48.082;EOA SI 20241220 PS AM C 12.40 0;SIMPLE_INSTRUMENT;BLOCK;EUR;4;0.06000000;4391;EXCHANGE_LAST;;1;1;XEUR;11514514;49065;
15.11.2024;15:24:43.881;F3IA SI 20281215 CS;SIMPLE_INSTRUMENT;BLOCK;EUR;63;0.43000000;600;EXCHANGE_LAST;;1;1;XEUR;9964653;390387;
15.11.2024;11:55:59.293;F3TE SI 20241220 CS;SIMPLE_INSTRUMENT;BLOCK;EUR;19;0.72000000;13200;EXCHANGE_LAST;;1;1;XEUR;6633907;390379;
15.11.2024;16:33:56.882;F3TE SI 20281215 CS;SIMPLE_INSTRUMENT;BLOCK;EUR;71;0.56500000;1000;EXCHANGE_LAST;;1;1;XEUR;6830366;390379;
15.11.2024;09:01:38.886;FBTP SI 20241206 PS;SIMPLE_INSTRUMENT;EFP_FIN;EUR;1;120.30000000;487;EXCHANGE_LAST;;1;1;XEUR;10804520;636;
15.11.2024;09:04:21.895;FBTP SI 20241206 PS;SIMPLE_INSTRUMENT;EFP_FIN;EUR;2;120.29000000;704;EXCHANGE_LAST;;1;1;XEUR;10804520;636;
15.11.2024;09:07:43.079;FBTP SI 20241206 PS;SIMPLE_INSTRUMENT;BLOCK;EUR;3;120.40000000;1000;EXCHANGE_LAST;;1;1;XEUR;10804520;636;
15.11.2024;09:14:10.054;FBTP SI 20241206 PS;SIMPLE_INSTRUMENT;EFP_FIN;EUR;4;120.28000000;893;EXCHANGE_LAST;;1;1;XEUR;10804520;636;
15.11.2024;09:14:44.972;FBTP SI 20241206 PS;SIMPLE_INSTRUMENT;EFP_FIN;EUR;5;120.41000000;55;EXCHANGE_LAST;;1;1;XEUR;10804520;636;
15.11.2024;09:25:43.496;FBTP SI 20241206 PS;SIMPLE_INSTRUMENT;EFP_FIN;EUR;6;120.28000000;625;EXCHANGE_LAST;;1;1;XEUR;10804520;636;
15.11.2024;09:36:15.027;FBTP SI 20241206 PS;SIMPLE_INSTRUMENT;EFP_FIN;EUR;7;120.38000000;670;EXCHANGE_LAST;;1;1;XEUR;10804520;636;
15.11.2024;09:44:51.896;FBTP SI 20241206 PS;SIMPLE_INSTRUMENT;EFP_FIN;EUR;8;120.34000000;57;EXCHANGE_LAST;;1;1;XEUR;10804520;636;
15.11.2024;09:48:43.530;FBTP SI 20241206 PS;SIMPLE_INSTRUMENT;EFP_FIN;EUR;9;120.55000000;2676;EXCHANGE_LAST;;1;1;XEUR;10804520;636;
15.11.2024;10:01:32.012;FBTP SI 20241206 PS;SIMPLE_INSTRUMENT;EFP_FIN;EUR;10;120.28000000;268;EXCHANGE_LAST;;1;1;XEUR;10804520;636;
15.11.2024;10:22:10.553;FBTP SI 20241206 PS;SIMPLE_INSTRUMENT;EFS;EUR;11;120.63000000;1067;EXCHANGE_LAST;;1;1;XEUR;10804520;636;
15.11.2024;10:22:30.609;FBTP SI 20241206 PS;SIMPLE_INSTRUMENT;BLOCK;EUR;12;120.58000000;538;EXCHANGE_LAST;;1;1;XEUR;10804520;636;
15.11.2024;10:38:39.520;FBTP SI 20241206 PS;SIMPLE_INSTRUMENT;EFP_FIN;EUR;13;120.56000000;90;EXCHANGE_LAST;;1;1;XEUR;10804520;636;
15.11.2024;10:39:42.378;FBTP SI 20241206 PS;SIMPLE_INSTRUMENT;BLOCK;EUR;14;120.63000000;1067;EXCHANGE_LAST;;1;1;XEUR;10804520;636;
15.11.2024;10:52:05.979;FBTP SI 20241206 PS;SIMPLE_INSTRUMENT;EFP_FIN;EUR;15;120.53000000;304;EXCHANGE_LAST;;1;1;XEUR;10804520;636;
15.11.2024;10:56:23.736;FBTP SI 20241206 PS;SIMPLE_INSTRUMENT;EFP_FIN;EUR;16;120.55000000;760;EXCHANGE_LAST;;1;1;XEUR;10804520;636;
15.11.2024;11:06:04.841;FBTP SI 20241206 PS;SIMPLE_INSTRUMENT;EFP_FIN;EUR;17;120.60000000;625;EXCHANGE_LAST;;1;1;XEUR;10804520;636;
15.11.2024;12:08:11.477;FBTP SI 20241206 PS;SIMPLE_INSTRUMENT;EFP_FIN;EUR;18;120.50000000;548;EXCHANGE_LAST;;1;1;XEUR;10804520;636;
15.11.2024;12:16:25.945;FBTP SI 20241206 PS;SIMPLE_INSTRUMENT;EFP_FIN;EUR;19;120.50000000;222;EXCHANGE_LAST;;1;1;XEUR;10804520;636;
15.11.2024;12:31:57.523;FBTP SI 20241206 PS;SIMPLE_INSTRUMENT;EFP_FIN;EUR;20;120.51000000;466;EXCHANGE_LAST;;1;1;XEUR;10804520;636;
15.11.2024;13:01:08.338;FBTP SI 20241206 PS;SIMPLE_INSTRUMENT;EFP_FIN;EUR;21;120.39000000;462;EXCHANGE_LAST;;1;1;XEUR;10804520;636;
15.11.2024;13:22:12.999;FBTP SI 20241206 PS;SIMPLE_INSTRUMENT;EFP_FIN;EUR;22;120.50000000;79;EXCHANGE_LAST;;1;1;XEUR;10804520;636;
15.11.2024;15:08:33.974;FBTP SI 20241206 PS;SIMPLE_INSTRUMENT;BLOCK;EUR;23;120.26000000;500;EXCHANGE_LAST;;1;1;XEUR;10804520;636;
15.11.2024;15:24:08.097;FBTP SI 20241206 PS;SIMPLE_INSTRUMENT;EFP_FIN;EUR;24;120.40000000;54;EXCHANGE_LAST;;1;1;XEUR;10804520;636;
15.11.2024;15:46:03.484;FBTP SI 20241206 PS;SIMPLE_INSTRUMENT;BLOCK;EUR;25;120.40000000;250;EXCHANGE_LAST;;1;1;XEUR;10804520;636;
15.11.2024;16:21:28.240;FBTP SI 20241206 PS;SIMPLE_INSTRUMENT;EFP_FIN;EUR;26;120.48000000;134;EXCHANGE_LAST;;1;1;XEUR;10804520;636;
15.11.2024;16:24:30.456;FBTP SI 20241206 PS;SIMPLE_INSTRUMENT;EFP_FIN;EUR;27;120.45000000;113;EXCHANGE_LAST;;1;1;XEUR;10804520;636;
15.11.2024;16:49:50.312;FBTP SI 20241206 PS;SIMPLE_INSTRUMENT;EFP_FIN;EUR;28;120.47000000;1339;EXCHANGE_LAST;;1;1;XEUR;10804520;636;
15.11.2024;16:51:28.318;FBTP SI 20241206 PS;SIMPLE_INSTRUMENT;EFP_FIN;EUR;29;120.44000000;1339;EXCHANGE_LAST;;1;1;XEUR;10804520;636;
15.11.2024;16:59:53.150;FBTP SI 20241206 PS;SIMPLE_INSTRUMENT;EFP_FIN;EUR;30;120.35000000;893;EXCHANGE_LAST;;1;1;XEUR;10804520;636;
15.11.2024;17:00:47.531;FBTP SI 20241206 PS;SIMPLE_INSTRUMENT;EFP_FIN;EUR;31;120.36000000;179;EXCHANGE_LAST;;1;1;XEUR;10804520;636;
15.11.2024;09:01:06.883;FBTS SI 20241206 PS;SIMPLE_INSTRUMENT;EFP_FIN;EUR;2;107.32000000;1878;EXCHANGE_LAST;;1;1;XEUR;10804522;639;
15.11.2024;09:13:39.847;FBTS SI 20241206 PS;SIMPLE_INSTRUMENT;EFP_FIN;EUR;3;107.35000000;212;EXCHANGE_LAST;;1;1;XEUR;10804522;639;
15.11.2024;11:14:36.387;FBTS SI 20241206 PS;SIMPLE_INSTRUMENT;EFP_FIN;EUR;10;107.38000000;883;EXCHANGE_LAST;;1;1;XEUR;10804522;639;
15.11.2024;11:18:59.797;FBTS SI 20241206 PS;SIMPLE_INSTRUMENT;EFP_FIN;EUR;11;107.36000000;376;EXCHANGE_LAST;;1;1;XEUR;10804522;639;
15.11.2024;12:00:02.041;FBTS SI 20241206 PS;SIMPLE_INSTRUMENT;EFP_FIN;EUR;13;107.37000000;536;EXCHANGE_LAST;;1;1;XEUR;10804522;639;
15.11.2024;12:09:56.675;FBTS SI 20241206 PS;SIMPLE_INSTRUMENT;EFP_FIN;EUR;14;107.36000000;441;EXCHANGE_LAST;;1;1;XEUR;10804522;639;
15.11.2024;12:19:48.948;FBTS SI 20241206 PS;SIMPLE_INSTRUMENT;EFP_FIN;EUR;15;107.38000000;136;EXCHANGE_LAST;;1;1;XEUR;10804522;639;
15.11.2024;12:29:48.121;FBTS SI 20241206 PS;SIMPLE_INSTRUMENT;EFP_FIN;EUR;17;107.36000000;291;EXCHANGE_LAST;;1;1;XEUR;10804522;639;
15.11.2024;13:20:45.993;FBTS SI 20241206 PS;SIMPLE_INSTRUMENT;EFP_FIN;EUR;20;107.34000000;130;EXCHANGE_LAST;;1;1;XEUR;10804522;639;
15.11.2024;14:00:30.120;FBTS SI 20241206 PS;SIMPLE_INSTRUMENT;EFP_FIN;EUR;22;107.31000000;283;EXCHANGE_LAST;;1;1;XEUR;10804522;639;
15.11.2024;14:34:57.706;FBTS SI 20241206 PS;SIMPLE_INSTRUMENT;EFP_FIN;EUR;27;107.30000000;601;EXCHANGE_LAST;;1;1;XEUR;10804522;639;
15.11.2024;14:37:39.040;FBTS SI 20241206 PS;SIMPLE_INSTRUMENT;EFP_FIN;EUR;29;107.27000000;558;EXCHANGE_LAST;;1;1;XEUR;10804522;639;
15.11.2024;12:54:57.192;FCEU SI 20241216 PS;SIMPLE_INSTRUMENT;BLOCK;USD;3;1.05875000;139;EXCHANGE_LAST;;1;1;XEUR;7140363;369376;
15.11.2024;14:42:10.752;FCEU SI 20241216 PS;SIMPLE_INSTRUMENT;BLOCK;USD;4;1.05470000;345;EXCHANGE_LAST;;1;1;XEUR;7140363;369376;
15.11.2024;15:23:05.377;FCEU SI 20241216 PS;SIMPLE_INSTRUMENT;BLOCK;USD;5;1.05420000;137;EXCHANGE_LAST;;1;1;XEUR;7140363;369376;
15.11.2024;10:34:39.824;FCPU SI 20241216 PS;SIMPLE_INSTRUMENT;BLOCK;USD;2;1.26650000;288;EXCHANGE_LAST;;1;1;XEUR;7140366;369379;
15.11.2024;07:45:03.991;FCZU SI 20241216 CS;SIMPLE_INSTRUMENT;BLOCK;USD;1;0.05480000;100;EXCHANGE_LAST;;1;1;XEUR;10921064;570872;
15.11.2024;16:02:17.494;FDAX SI 20241220 CS;SIMPLE_INSTRUMENT;EFP_IDX;EUR;1;19275.00000000;100;EXCHANGE_LAST;;1;1;XEUR;7296065;589;
15.11.2024;09:00:11.859;FEBD SI 20251219 CS;SIMPLE_INSTRUMENT;BLOCK;EUR;3;10.15000000;600;EXCHANGE_LAST;;1;1;XEUR;5914075;597;
15.11.2024;09:31:32.563;FEBD SI 20251219 CS;SIMPLE_INSTRUMENT;BLOCK;EUR;5;10.15000000;1000;EXCHANGE_LAST;;1;1;XEUR;5914075;597;
15.11.2024;14:32:48.771;FEBD SI 20251219 CS;SIMPLE_INSTRUMENT;BLOCK;EUR;54;10.15000000;200;EXCHANGE_LAST;;1;1;XEUR;5914075;597;
15.11.2024;15:48:15.196;FEBD SI 20251219 CS;SIMPLE_INSTRUMENT;BLOCK;EUR;74;10.14000000;500;EXCHANGE_LAST;;2;1;XEUR;5914075;597;
15.11.2024;16:09:34.291;FEBD SI 20251219 CS;SIMPLE_INSTRUMENT;BLOCK;EUR;81;10.13000000;600;EXCHANGE_LAST;;1;1;XEUR;5914075;597;
15.11.2024;16:22:26.352;FEBD SI 20251219 CS;SIMPLE_INSTRUMENT;BLOCK;EUR;82;10.11000000;900;EXCHANGE_LAST;;1;1;XEUR;5914075;597;
15.11.2024;16:38:53.904;FEBD SI 20251219 CS;SIMPLE_INSTRUMENT;BLOCK;EUR;90;10.12000000;600;EXCHANGE_LAST;;1;1;XEUR;5914075;597;
15.11.2024;13:58:17.963;FECX SI 20241220 CS;SIMPLE_INSTRUMENT;BLOCK;EUR;51;164.87000000;100;EXCHANGE_LAST;;1;1;XEUR;10920731;410158;
15.11.2024;16:41:37.705;FESB SI 20241220 CS;SIMPLE_INSTRUMENT;EFP_IDX;EUR;37;145.25000000;967;EXCHANGE_LAST;;1;1;XEUR;10838895;605;
15.11.2024;17:05:46.042;FESB SI 20241220 CS;SIMPLE_INSTRUMENT;BLOCK;EUR;42;145.10000000;2500;EXCHANGE_LAST;;1;1;XEUR;10838895;605;
15.11.2024;11:21:33.485;FESB SI 20241220 CS;SIMPLE_INSTRUMENT;VOLA;EUR;603979810;145.60000000;660;EXCHANGE_LAST;;1;1;XEUR;10838895;605;
15.11.2024;09:13:47.704;FESS SI 20241220 CS;SIMPLE_INSTRUMENT;VOLA;EUR;603979788;178.50000000;111;EXCHANGE_LAST;;1;1;XEUR;10839385;679;
15.11.2024;09:14:30.888;FESS SI 20241220 CS;SIMPLE_INSTRUMENT;VOLA;EUR;603979790;178.50000000;112;EXCHANGE_LAST;;1;1;XEUR;10839385;679;
15.11.2024;09:21:38.663;FESX SI 20241220 CS;SIMPLE_INSTRUMENT;BLOCK;EUR;1;4820.00000000;3267;EXCHANGE_LAST;;1;1;XEUR;7793479;675;
15.11.2024;11:09:07.211;FESX SI 20241220 CS;SIMPLE_INSTRUMENT;EFP_IDX;EUR;2;4835.00000000;1000;EXCHANGE_LAST;;1;1;XEUR;7793479;675;
15.11.2024;11:53:17.436;FESX SI 20241220 CS;SIMPLE_INSTRUMENT;BLOCK;EUR;3;4830.00000000;2000;EXCHANGE_LAST;;1;1;XEUR;7793479;675;
15.11.2024;13:25:19.912;FESX SI 20241220 CS;SIMPLE_INSTRUMENT;EFP_IDX;EUR;4;4815.00000000;1000;EXCHANGE_LAST;;1;1;XEUR;7793479;675;
15.11.2024;13:31:18.202;FESX SI 20241220 CS;SIMPLE_INSTRUMENT;BLOCK;EUR;6;4813.00000000;2400;EXCHANGE_LAST;;1;1;XEUR;7793479;675;
15.11.2024;13:34:02.565;FESX SI 20241220 CS;SIMPLE_INSTRUMENT;BLOCK;EUR;7;4828.00000000;5980;EXCHANGE_LAST;;1;1;XEUR;7793479;675;
15.11.2024;13:39:55.930;FESX SI 20241220 CS;SIMPLE_INSTRUMENT;BLOCK;EUR;8;4815.00000000;4000;EXCHANGE_LAST;;2;1;XEUR;7793479;675;
15.11.2024;14:02:16.336;FESX SI 20241220 CS;SIMPLE_INSTRUMENT;EFP_IDX;EUR;9;4825.00000000;1500;EXCHANGE_LAST;;1;1;XEUR;7793479;675;
15.11.2024;14:40:11.547;FESX SI 20241220 CS;SIMPLE_INSTRUMENT;BLOCK;EUR;10;4815.00000000;5529;EXCHANGE_LAST;;1;1;XEUR;7793479;675;
15.11.2024;15:21:07.917;FESX SI 20241220 CS;SIMPLE_INSTRUMENT;EFP_IDX;EUR;13;4810.00000000;1000;EXCHANGE_LAST;;1;1;XEUR;7793479;675;
15.11.2024;15:31:59.381;FESX SI 20241220 CS;SIMPLE_INSTRUMENT;EFP_IDX;EUR;14;4810.00000000;1000;EXCHANGE_LAST;;1;1;XEUR;7793479;675;
15.11.2024;16:25:42.751;FESX SI 20241220 CS;SIMPLE_INSTRUMENT;BLOCK;EUR;15;4820.00000000;2000;EXCHANGE_LAST;;1;1;XEUR;7793479;675;
15.11.2024;16:26:20.560;FESX SI 20241220 CS;SIMPLE_INSTRUMENT;EFP_IDX;EUR;16;4805.00000000;1000;EXCHANGE_LAST;;1;1;XEUR;7793479;675;
15.11.2024;16:35:58.048;FESX SI 20241220 CS;SIMPLE_INSTRUMENT;BLOCK;EUR;17;4795.00000000;2000;EXCHANGE_LAST;;1;1;XEUR;7793479;675;
15.11.2024;16:51:59.865;FESX SI 20241220 CS;SIMPLE_INSTRUMENT;EFP_IDX;EUR;18;4802.00000000;206;EXCHANGE_LAST;;1;1;XEUR;7793479;675;
15.11.2024;16:52:09.799;FESX SI 20241220 CS;SIMPLE_INSTRUMENT;EFP_IDX;EUR;19;4803.00000000;544;EXCHANGE_LAST;;1;1;XEUR;7793479;675;
15.11.2024;16:57:42.421;FESX SI 20241220 CS;SIMPLE_INSTRUMENT;EFP_IDX;EUR;20;4802.00000000;109;EXCHANGE_LAST;;1;1;XEUR;7793479;675;
15.11.2024;16:58:04.486;FESX SI 20241220 CS;SIMPLE_INSTRUMENT;EFP_IDX;EUR;21;4803.00000000;289;EXCHANGE_LAST;;1;1;XEUR;7793479;675;
15.11.2024;08:58:44.992;FESX SI 20241220 CS;SIMPLE_INSTRUMENT;VOLA;EUR;637534216;4800.00000000;7;EXCHANGE_LAST;;1;1;XEUR;7793479;675;
15.11.2024;08:59:27.806;FESX SI 20241220 CS;SIMPLE_INSTRUMENT;VOLA;EUR;637534217;4805.00000000;13;EXCHANGE_LAST;;1;1;XEUR;7793479;675;
15.11.2024;09:01:43.623;FESX SI 20241220 CS;SIMPLE_INSTRUMENT;VOLA;EUR;637534220;4805.00000000;10;EXCHANGE_LAST;;1;1;XEUR;7793479;675;
15.11.2024;09:42:38.465;FESX SI 20241220 CS;SIMPLE_INSTRUMENT;VOLA;EUR;637534233;4824.00000000;500;EXCHANGE_LAST;;1;1;XEUR;7793479;675;
15.11.2024;09:43:08.723;FESX SI 20241220 CS;SIMPLE_INSTRUMENT;VOLA;EUR;637534235;4824.00000000;246;EXCHANGE_LAST;;1;1;XEUR;7793479;675;
15.11.2024;12:52:04.998;FESX SI 20241220 CS;SIMPLE_INSTRUMENT;VOLA;EUR;637534272;4821.00000000;174;EXCHANGE_LAST;;1;1;XEUR;7793479;675;
15.11.2024;13:03:02.047;FESX SI 20241220 CS;SIMPLE_INSTRUMENT;VOLA;EUR;637534274;4820.00000000;359;EXCHANGE_LAST;;1;1;XEUR;7793479;675;
15.11.2024;13:27:58.364;FESX SI 20241220 CS;SIMPLE_INSTRUMENT;VOLA;EUR;637534281;4825.00000000;550;EXCHANGE_LAST;;1;1;XEUR;7793479;675;
15.11.2024;13:30:22.003;FESX SI 20241220 CS;SIMPLE_INSTRUMENT;VOLA;EUR;637534282;4830.00000000;42;EXCHANGE_LAST;;1;1;XEUR;7793479;675;
15.11.2024;14:54:32.142;FESX SI 20241220 CS;SIMPLE_INSTRUMENT;VOLA;EUR;637534316;4815.00000000;500;EXCHANGE_LAST;;1;1;XEUR;7793479;675;
15.11.2024;15:22:33.513;FESX SI 20241220 CS;SIMPLE_INSTRUMENT;VOLA;EUR;637534335;4815.00000000;361;EXCHANGE_LAST;;1;1;XEUR;7793479;675;
15.11.2024;15:27:42.708;FESX SI 20241220 CS;SIMPLE_INSTRUMENT;VOLA;EUR;637534340;4810.00000000;150;EXCHANGE_LAST;;1;1;XEUR;7793479;675;
15.11.2024;15:35:18.799;FESX SI 20241220 CS;SIMPLE_INSTRUMENT;VOLA;EUR;637534348;4810.00000000;1080;EXCHANGE_LAST;;1;1;XEUR;7793479;675;
15.11.2024;15:52:00.923;FESX SI 20241220 CS;SIMPLE_INSTRUMENT;VOLA;EUR;637534355;4810.00000000;60;EXCHANGE_LAST;;1;1;XEUR;7793479;675;
15.11.2024;17:36:42.740;FESX SI 20241220 CS;SIMPLE_INSTRUMENT;VOLA;EUR;637534386;4805.00000000;340;EXCHANGE_LAST;;1;1;XEUR;7793479;675;
15.11.2024;08:23:42.278;FEXD SI 20261218 CS;SIMPLE_INSTRUMENT;BLOCK;EUR;1;153.40000000;100;EXCHANGE_LAST;;1;1;XEUR;2163053;693;
15.11.2024;09:36:53.482;FEXD SI 20251219 CS;SIMPLE_INSTRUMENT;BLOCK;EUR;7;159.20000000;318;EXCHANGE_LAST;;1;1;XEUR;1548120;693;
15.11.2024;09:42:29.156;FEXD SI 20271217 CS;SIMPLE_INSTRUMENT;BLOCK;EUR;8;148.00000000;300;EXCHANGE_LAST;;1;1;XEUR;2848338;693;
15.11.2024;09:42:37.369;FEXD SI 20281215 CS;SIMPLE_INSTRUMENT;BLOCK;EUR;9;142.60000000;300;EXCHANGE_LAST;;1;1;XEUR;3680985;693;
15.11.2024;09:51:39.142;FEXD SI 20271217 CS;SIMPLE_INSTRUMENT;BLOCK;EUR;10;147.70000000;342;EXCHANGE_LAST;;1;1;XEUR;2848338;693;
15.11.2024;09:51:33.225;FEXD SI 20281215 CS;SIMPLE_INSTRUMENT;BLOCK;EUR;11;142.20000000;353;EXCHANGE_LAST;;1;1;XEUR;3680985;693;
15.11.2024;16:09:10.428;FEXD SI 20261218 CS;SIMPLE_INSTRUMENT;BLOCK;EUR;80;153.00000000;2500;EXCHANGE_LAST;;1;1;XEUR;2163053;693;
15.11.2024;16:44:33.096;FEXD SI 20251219 CS;SIMPLE_INSTRUMENT;BLOCK;EUR;99;159.00000000;1000;EXCHANGE_LAST;;1;1;XEUR;1548120;693;
15.11.2024;14:19:44.055;FGBC SI 20241220 CS;SIMPLE_INSTRUMENT;BLOCK;GBP;52;139.72000000;100;EXCHANGE_LAST;;1;1;XEUR;10921821;772679;
15.11.2024;08:22:52.488;FGBL SI 20241206 PS;SIMPLE_INSTRUMENT;EFS;EUR;1;132.11000000;435;EXCHANGE_LAST;;1;1;XEUR;10804524;688;
15.11.2024;08:26:06.550;FGBL SI 20241206 PS;SIMPLE_INSTRUMENT;EFS;EUR;2;132.16000000;130;EXCHANGE_LAST;;1;1;XEUR;10804524;688;
15.11.2024;08:31:46.466;FGBL SI 20241206 PS;SIMPLE_INSTRUMENT;EFP_FIN;EUR;3;132.16000000;97;EXCHANGE_LAST;;1;1;XEUR;10804524;688;
15.11.2024;08:49:48.309;FGBL SI 20241206 PS;SIMPLE_INSTRUMENT;EFP_FIN;EUR;4;132.14000000;84;EXCHANGE_LAST;;1;1;XEUR;10804524;688;
15.11.2024;09:09:17.847;FGBL SI 20241206 PS;SIMPLE_INSTRUMENT;EFP_FIN;EUR;5;132.27000000;864;EXCHANGE_LAST;;1;1;XEUR;10804524;688;
15.11.2024;09:29:36.233;FGBL SI 20241206 PS;SIMPLE_INSTRUMENT;EFS;EUR;6;132.17000000;245;EXCHANGE_LAST;;1;1;XEUR;10804524;688;
15.11.2024;09:29:50.673;FGBL SI 20241206 PS;SIMPLE_INSTRUMENT;EFS;EUR;7;132.16000000;490;EXCHANGE_LAST;;1;1;XEUR;10804524;688;
15.11.2024;09:32:45.516;FGBL SI 20241206 PS;SIMPLE_INSTRUMENT;EFP_FIN;EUR;8;132.14000000;399;EXCHANGE_LAST;;1;1;XEUR;10804524;688;
15.11.2024;09:37:52.344;FGBL SI 20241206 PS;SIMPLE_INSTRUMENT;EFP_FIN;EUR;9;132.14000000;399;EXCHANGE_LAST;;1;1;XEUR;10804524;688;
15.11.2024;09:38:11.159;FGBL SI 20241206 PS;SIMPLE_INSTRUMENT;EFS;EUR;10;132.20000000;217;EXCHANGE_LAST;;1;1;XEUR;10804524;688;
15.11.2024;09:46:00.691;FGBL SI 20241206 PS;SIMPLE_INSTRUMENT;EFS;EUR;11;132.19000000;245;EXCHANGE_LAST;;1;1;XEUR;10804524;688;
15.11.2024;09:54:31.915;FGBL SI 20241206 PS;SIMPLE_INSTRUMENT;EFP_FIN;EUR;12;132.22000000;213;EXCHANGE_LAST;;1;1;XEUR;10804524;688;
15.11.2024;09:55:23.240;FGBL SI 20241206 PS;SIMPLE_INSTRUMENT;EFS;EUR;13;132.29000000;435;EXCHANGE_LAST;;1;1;XEUR;10804524;688;
15.11.2024;10:06:25.664;FGBL SI 20241206 PS;SIMPLE_INSTRUMENT;EFP_FIN;EUR;14;132.40000000;1191;EXCHANGE_LAST;;1;1;XEUR;10804524;688;
15.11.2024;10:12:20.327;FGBL SI 20241206 PS;SIMPLE_INSTRUMENT;EFS;EUR;15;132.35000000;463;EXCHANGE_LAST;;1;1;XEUR;10804524;688;
15.11.2024;10:15:47.754;FGBL SI 20241206 PS;SIMPLE_INSTRUMENT;EFS;EUR;16;132.39000000;434;EXCHANGE_LAST;;1;1;XEUR;10804524;688;
15.11.2024;10:18:45.461;FGBL SI 20241206 PS;SIMPLE_INSTRUMENT;EFS;EUR;17;132.33000000;98;EXCHANGE_LAST;;1;1;XEUR;10804524;688;
15.11.2024;10:18:55.379;FGBL SI 20241206 PS;SIMPLE_INSTRUMENT;EFS;EUR;18;132.35000000;926;EXCHANGE_LAST;;1;1;XEUR;10804524;688;
15.11.2024;10:21:29.028;FGBL SI 20241206 PS;SIMPLE_INSTRUMENT;EFS;EUR;19;132.35000000;244;EXCHANGE_LAST;;1;1;XEUR;10804524;688;
15.11.2024;10:33:01.042;FGBL SI 20241206 PS;SIMPLE_INSTRUMENT;EFS;EUR;20;132.37000000;434;EXCHANGE_LAST;;1;1;XEUR;10804524;688;
15.11.2024;10:33:13.999;FGBL SI 20241206 PS;SIMPLE_INSTRUMENT;EFS;EUR;21;132.38000000;294;EXCHANGE_LAST;;1;1;XEUR;10804524;688;
15.11.2024;10:33:27.600;FGBL SI 20241206 PS;SIMPLE_INSTRUMENT;EFS;EUR;22;132.31000000;435;EXCHANGE_LAST;;1;1;XEUR;10804524;688;
15.11.2024;10:35:07.656;FGBL SI 20241206 PS;SIMPLE_INSTRUMENT;EFS;EUR;23;132.31000000;435;EXCHANGE_LAST;;1;1;XEUR;10804524;688;
15.11.2024;10:35:57.696;FGBL SI 20241206 PS;SIMPLE_INSTRUMENT;EFS;EUR;24;132.35000000;435;EXCHANGE_LAST;;1;1;XEUR;10804524;688;
15.11.2024;10:37:43.297;FGBL SI 20241206 PS;SIMPLE_INSTRUMENT;EFP_FIN;EUR;25;132.35000000;853;EXCHANGE_LAST;;1;1;XEUR;10804524;688;
15.11.2024;10:50:27.816;FGBL SI 20241206 PS;SIMPLE_INSTRUMENT;EFP_FIN;EUR;27;132.32000000;927;EXCHANGE_LAST;;1;1;XEUR;10804524;688;
15.11.2024;10:51:59.677;FGBL SI 20241206 PS;SIMPLE_INSTRUMENT;EFS;EUR;28;132.26000000;435;EXCHANGE_LAST;;1;1;XEUR;10804524;688;
15.11.2024;10:54:24.827;FGBL SI 20241206 PS;SIMPLE_INSTRUMENT;EFS;EUR;29;132.26000000;435;EXCHANGE_LAST;;1;1;XEUR;10804524;688;
15.11.2024;11:15:41.676;FGBL SI 20241206 PS;SIMPLE_INSTRUMENT;EFS;EUR;30;132.29000000;348;EXCHANGE_LAST;;1;1;XEUR;10804524;688;
15.11.2024;11:17:46.974;FGBL SI 20241206 PS;SIMPLE_INSTRUMENT;EFS;EUR;31;132.27000000;217;EXCHANGE_LAST;;1;1;XEUR;10804524;688;
15.11.2024;11:25:35.340;FGBL SI 20241206 PS;SIMPLE_INSTRUMENT;EFS;EUR;32;132.25000000;735;EXCHANGE_LAST;;1;1;XEUR;10804524;688;
15.11.2024;11:31:21.072;FGBL SI 20241206 PS;SIMPLE_INSTRUMENT;EFS;EUR;33;132.17000000;435;EXCHANGE_LAST;;1;1;XEUR;10804524;688;
15.11.2024;11:40:57.870;FGBL SI 20241206 PS;SIMPLE_INSTRUMENT;EFP_FIN;EUR;34;132.15000000;775;EXCHANGE_LAST;;1;1;XEUR;10804524;688;
15.11.2024;11:44:09.986;FGBL SI 20241206 PS;SIMPLE_INSTRUMENT;EFS;EUR;35;132.15000000;435;EXCHANGE_LAST;;1;1;XEUR;10804524;688;
15.11.2024;11:44:52.346;FGBL SI 20241206 PS;SIMPLE_INSTRUMENT;EFS;EUR;36;132.17000000;435;EXCHANGE_LAST;;1;1;XEUR;10804524;688;
15.11.2024;11:45:52.713;FGBL SI 20241206 PS;SIMPLE_INSTRUMENT;EFP_FIN;EUR;37;132.25000000;387;EXCHANGE_LAST;;1;1;XEUR;10804524;688;
15.11.2024;11:47:01.717;FGBL SI 20241206 PS;SIMPLE_INSTRUMENT;EFP_FIN;EUR;38;132.25000000;387;EXCHANGE_LAST;;1;1;XEUR;10804524;688;
15.11.2024;11:51:05.175;FGBL SI 20241206 PS;SIMPLE_INSTRUMENT;EFS;EUR;39;132.16000000;435;EXCHANGE_LAST;;1;1;XEUR;10804524;688;
15.11.2024;11:51:13.654;FGBL SI 20241206 PS;SIMPLE_INSTRUMENT;EFS;EUR;40;132.15000000;490;EXCHANGE_LAST;;1;1;XEUR;10804524;688;
15.11.2024;11:53:17.309;FGBL SI 20241206 PS;SIMPLE_INSTRUMENT;EFS;EUR;41;132.17000000;1000;EXCHANGE_LAST;;1;1;XEUR;10804524;688;
15.11.2024;11:55:22.452;FGBL SI 20241206 PS;SIMPLE_INSTRUMENT;EFS;EUR;42;132.19000000;304;EXCHANGE_LAST;;1;1;XEUR;10804524;688;
15.11.2024;12:07:03.844;FGBL SI 20241206 PS;SIMPLE_INSTRUMENT;EFS;EUR;43;132.24000000;435;EXCHANGE_LAST;;1;1;XEUR;10804524;688;
15.11.2024;12:07:07.867;FGBL SI 20241206 PS;SIMPLE_INSTRUMENT;EFP_FIN;EUR;44;132.18000000;165;EXCHANGE_LAST;;1;1;XEUR;10804524;688;
15.11.2024;12:09:43.091;FGBL SI 20241206 PS;SIMPLE_INSTRUMENT;EFS;EUR;45;132.24000000;217;EXCHANGE_LAST;;1;1;XEUR;10804524;688;
15.11.2024;12:10:43.073;FGBL SI 20241206 PS;SIMPLE_INSTRUMENT;EFS;EUR;46;132.24000000;217;EXCHANGE_LAST;;1;1;XEUR;10804524;688;
15.11.2024;12:11:53.653;FGBL SI 20241206 PS;SIMPLE_INSTRUMENT;EFS;EUR;47;132.20000000;280;EXCHANGE_LAST;;1;1;XEUR;10804524;688;
15.11.2024;12:23:09.337;FGBL SI 20241206 PS;SIMPLE_INSTRUMENT;EFS;EUR;48;132.19000000;435;EXCHANGE_LAST;;1;1;XEUR;10804524;688;
15.11.2024;12:23:32.896;FGBL SI 20241206 PS;SIMPLE_INSTRUMENT;EFS;EUR;49;132.19000000;435;EXCHANGE_LAST;;1;1;XEUR;10804524;688;
15.11.2024;12:26:09.636;FGBL SI 20241206 PS;SIMPLE_INSTRUMENT;EFP_FIN;EUR;50;132.20000000;506;EXCHANGE_LAST;;1;1;XEUR;10804524;688;
15.11.2024;12:26:23.987;FGBL SI 20241206 PS;SIMPLE_INSTRUMENT;EFP_FIN;EUR;51;132.19000000;738;EXCHANGE_LAST;;1;1;XEUR;10804524;688;
15.11.2024;12:27:46.835;FGBL SI 20241206 PS;SIMPLE_INSTRUMENT;EFP_FIN;EUR;52;132.25000000;846;EXCHANGE_LAST;;1;1;XEUR;10804524;688;
15.11.2024;12:37:15.709;FGBL SI 20241206 PS;SIMPLE_INSTRUMENT;EFS;EUR;53;132.11000000;304;EXCHANGE_LAST;;1;1;XEUR;10804524;688;
15.11.2024;12:40:09.254;FGBL SI 20241206 PS;SIMPLE_INSTRUMENT;EFS;EUR;54;132.07000000;436;EXCHANGE_LAST;;1;1;XEUR;10804524;688;
15.11.2024;13:05:21.579;FGBL SI 20241206 PS;SIMPLE_INSTRUMENT;EFS;EUR;55;132.07000000;981;EXCHANGE_LAST;;1;1;XEUR;10804524;688;
15.11.2024;13:07:31.106;FGBL SI 20241206 PS;SIMPLE_INSTRUMENT;EFS;EUR;56;132.11000000;50;EXCHANGE_LAST;;1;1;XEUR;10804524;688;
15.11.2024;13:10:45.854;FGBL SI 20241206 PS;SIMPLE_INSTRUMENT;EFS;EUR;57;132.08000000;980;EXCHANGE_LAST;;1;1;XEUR;10804524;688;
15.11.2024;13:18:50.986;FGBL SI 20241206 PS;SIMPLE_INSTRUMENT;EFS;EUR;58;132.15000000;435;EXCHANGE_LAST;;1;1;XEUR;10804524;688;
15.11.2024;13:19:35.655;FGBL SI 20241206 PS;SIMPLE_INSTRUMENT;EFS;EUR;59;132.12000000;435;EXCHANGE_LAST;;1;1;XEUR;10804524;688;
15.11.2024;13:32:31.910;FGBL SI 20241206 PS;SIMPLE_INSTRUMENT;EFS;EUR;60;132.12000000;447;EXCHANGE_LAST;;1;1;XEUR;10804524;688;
15.11.2024;13:44:30.083;FGBL SI 20241206 PS;SIMPLE_INSTRUMENT;EFS;EUR;61;132.09000000;218;EXCHANGE_LAST;;1;1;XEUR;10804524;688;
15.11.2024;13:44:30.128;FGBL SI 20241206 PS;SIMPLE_INSTRUMENT;EFS;EUR;62;132.13000000;435;EXCHANGE_LAST;;1;1;XEUR;10804524;688;
15.11.2024;14:12:42.397;FGBL SI 20241206 PS;SIMPLE_INSTRUMENT;EFS;EUR;63;132.15000000;435;EXCHANGE_LAST;;1;1;XEUR;10804524;688;
15.11.2024;14:17:56.682;FGBL SI 20241206 PS;SIMPLE_INSTRUMENT;EFS;EUR;64;132.19000000;435;EXCHANGE_LAST;;1;1;XEUR;10804524;688;
15.11.2024;14:21:11.839;FGBL SI 20241206 PS;SIMPLE_INSTRUMENT;EFS;EUR;65;132.06000000;217;EXCHANGE_LAST;;1;1;XEUR;10804524;688;
15.11.2024;14:28:29.452;FGBL SI 20241206 PS;SIMPLE_INSTRUMENT;EFS;EUR;66;132.12000000;615;EXCHANGE_LAST;;1;1;XEUR;10804524;688;
15.11.2024;14:34:42.600;FGBL SI 20241206 PS;SIMPLE_INSTRUMENT;EFP_FIN;EUR;67;132.07000000;506;EXCHANGE_LAST;;1;1;XEUR;10804524;688;
15.11.2024;14:36:00.494;FGBL SI 20241206 PS;SIMPLE_INSTRUMENT;EFS;EUR;68;132.05000000;218;EXCHANGE_LAST;;1;1;XEUR;10804524;688;
15.11.2024;14:36:10.516;FGBL SI 20241206 PS;SIMPLE_INSTRUMENT;EFS;EUR;69;132.05000000;218;EXCHANGE_LAST;;1;1;XEUR;10804524;688;
15.11.2024;14:42:00.661;FGBL SI 20241206 PS;SIMPLE_INSTRUMENT;EFP_FIN;EUR;70;132.20000000;208;EXCHANGE_LAST;;1;1;XEUR;10804524;688;
15.11.2024;14:42:07.114;FGBL SI 20241206 PS;SIMPLE_INSTRUMENT;EFS;EUR;71;131.87000000;218;EXCHANGE_LAST;;1;1;XEUR;10804524;688;
15.11.2024;14:42:50.775;FGBL SI 20241206 PS;SIMPLE_INSTRUMENT;EFP_FIN;EUR;72;132.20000000;239;EXCHANGE_LAST;;1;1;XEUR;10804524;688;
15.11.2024;15:06:39.120;FGBL SI 20241206 PS;SIMPLE_INSTRUMENT;EFS;EUR;73;131.88000000;435;EXCHANGE_LAST;;1;1;XEUR;10804524;688;
15.11.2024;15:08:49.742;FGBL SI 20241206 PS;SIMPLE_INSTRUMENT;EFP_FIN;EUR;74;131.87000000;431;EXCHANGE_LAST;;1;1;XEUR;10804524;688;
15.11.2024;15:16:44.234;FGBL SI 20241206 PS;SIMPLE_INSTRUMENT;EFS;EUR;75;131.94000000;232;EXCHANGE_LAST;;1;1;XEUR;10804524;688;
15.11.2024;15:19:11.036;FGBL SI 20241206 PS;SIMPLE_INSTRUMENT;EFS;EUR;76;131.89000000;933;EXCHANGE_LAST;;1;1;XEUR;10804524;688;
15.11.2024;15:23:47.802;FGBL SI 20241206 PS;SIMPLE_INSTRUMENT;EFS;EUR;77;131.87000000;933;EXCHANGE_LAST;;1;1;XEUR;10804524;688;
15.11.2024;15:34:51.266;FGBL SI 20241206 PS;SIMPLE_INSTRUMENT;EFS;EUR;78;132.03000000;218;EXCHANGE_LAST;;1;1;XEUR;10804524;688;
15.11.2024;15:37:29.115;FGBL SI 20241206 PS;SIMPLE_INSTRUMENT;EFS;EUR;79;132.01000000;231;EXCHANGE_LAST;;1;1;XEUR;10804524;688;
15.11.2024;15:46:41.763;FGBL SI 20241206 PS;SIMPLE_INSTRUMENT;EFP_FIN;EUR;80;132.09000000;145;EXCHANGE_LAST;;1;1;XEUR;10804524;688;
15.11.2024;15:49:28.211;FGBL SI 20241206 PS;SIMPLE_INSTRUMENT;EFS;EUR;81;132.12000000;871;EXCHANGE_LAST;;1;1;XEUR;10804524;688;
15.11.2024;15:55:02.563;FGBL SI 20241206 PS;SIMPLE_INSTRUMENT;EFS;EUR;82;132.07000000;390;EXCHANGE_LAST;;1;1;XEUR;10804524;688;
15.11.2024;15:55:05.398;FGBL SI 20241206 PS;SIMPLE_INSTRUMENT;EFS;EUR;83;132.07000000;500;EXCHANGE_LAST;;1;1;XEUR;10804524;688;
15.11.2024;16:04:58.213;FGBL SI 20241206 PS;SIMPLE_INSTRUMENT;EFS;EUR;84;132.20000000;234;EXCHANGE_LAST;;1;1;XEUR;10804524;688;
15.11.2024;16:06:20.375;FGBL SI 20241206 PS;SIMPLE_INSTRUMENT;EFS;EUR;85;132.13000000;195;EXCHANGE_LAST;;1;1;XEUR;10804524;688;
15.11.2024;16:09:49.349;FGBL SI 20241206 PS;SIMPLE_INSTRUMENT;EFS;EUR;86;132.19000000;389;EXCHANGE_LAST;;1;1;XEUR;10804524;688;
15.11.2024;16:10:25.978;FGBL SI 20241206 PS;SIMPLE_INSTRUMENT;EFP_FIN;EUR;87;132.21000000;131;EXCHANGE_LAST;;1;1;XEUR;10804524;688;
15.11.2024;16:12:35.376;FGBL SI 20241206 PS;SIMPLE_INSTRUMENT;EFS;EUR;88;132.22000000;435;EXCHANGE_LAST;;1;1;XEUR;10804524;688;
15.11.2024;16:15:59.914;FGBL SI 20241206 PS;SIMPLE_INSTRUMENT;EFS;EUR;89;132.17000000;435;EXCHANGE_LAST;;1;1;XEUR;10804524;688;
15.11.2024;16:16:02.822;FGBL SI 20241206 PS;SIMPLE_INSTRUMENT;EFP_FIN;EUR;90;132.09000000;204;EXCHANGE_LAST;;1;1;XEUR;10804524;688;
15.11.2024;16:26:19.079;FGBL SI 20241206 PS;SIMPLE_INSTRUMENT;EFS;EUR;91;132.17000000;980;EXCHANGE_LAST;;1;1;XEUR;10804524;688;
15.11.2024;16:35:06.548;FGBL SI 20241206 PS;SIMPLE_INSTRUMENT;EFS;EUR;92;132.12000000;1000;EXCHANGE_LAST;;1;1;XEUR;10804524;688;
15.11.2024;16:35:42.144;FGBL SI 20241206 PS;SIMPLE_INSTRUMENT;EFS;EUR;93;132.08000000;218;EXCHANGE_LAST;;1;1;XEUR;10804524;688;
15.11.2024;16:36:07.169;FGBL SI 20241206 PS;SIMPLE_INSTRUMENT;EFS;EUR;94;132.08000000;218;EXCHANGE_LAST;;1;1;XEUR;10804524;688;
15.11.2024;16:42:22.566;FGBL SI 20241206 PS;SIMPLE_INSTRUMENT;EFS;EUR;95;132.10000000;435;EXCHANGE_LAST;;1;1;XEUR;10804524;688;
15.11.2024;16:53:28.324;FGBL SI 20241206 PS;SIMPLE_INSTRUMENT;EFS;EUR;96;132.17000000;2000;EXCHANGE_LAST;;1;1;XEUR;10804524;688;
15.11.2024;17:09:00.322;FGBL SI 20241206 PS;SIMPLE_INSTRUMENT;EFS;EUR;97;132.15000000;120;EXCHANGE_LAST;;1;1;XEUR;10804524;688;
15.11.2024;17:14:14.195;FGBL SI 20241206 PS;SIMPLE_INSTRUMENT;EFS;EUR;98;132.16000000;217;EXCHANGE_LAST;;1;1;XEUR;10804524;688;
15.11.2024;17:16:33.952;FGBL SI 20241206 PS;SIMPLE_INSTRUMENT;EFS;EUR;99;132.15000000;174;EXCHANGE_LAST;;1;1;XEUR;10804524;688;
15.11.2024;08:47:48.517;FGBL SI 20241206 PS;SIMPLE_INSTRUMENT;VOLA;EUR;268435464;132.16000000;120;EXCHANGE_LAST;;1;1;XEUR;10804524;688;
15.11.2024;08:48:23.523;FGBL SI 20241206 PS;SIMPLE_INSTRUMENT;VOLA;EUR;268435465;132.16000000;120;EXCHANGE_LAST;;1;1;XEUR;10804524;688;
15.11.2024;12:11:54.137;FGBL SI 20241206 PS;SIMPLE_INSTRUMENT;VOLA;EUR;268435470;132.25000000;218;EXCHANGE_LAST;;1;1;XEUR;10804524;688;
15.11.2024;12:27:28.100;FGBL SI 20241206 PS;SIMPLE_INSTRUMENT;VOLA;EUR;268435473;132.25000000;340;EXCHANGE_LAST;;1;1;XEUR;10804524;688;
15.11.2024;13:19:50.687;FGBL SI 20241206 PS;SIMPLE_INSTRUMENT;VOLA;EUR;268435476;132.13000000;496;EXCHANGE_LAST;;1;1;XEUR;10804524;688;
15.11.2024;13:20:27.697;FGBL SI 20241206 PS;SIMPLE_INSTRUMENT;VOLA;EUR;268435477;132.13000000;496;EXCHANGE_LAST;;1;1;XEUR;10804524;688;
15.11.2024;13:41:01.431;FGBL SI 20241206 PS;SIMPLE_INSTRUMENT;VOLA;EUR;268435482;132.13000000;120;EXCHANGE_LAST;;1;1;XEUR;10804524;688;
15.11.2024;13:46:37.157;FGBL SI 20241206 PS;SIMPLE_INSTRUMENT;VOLA;EUR;268435484;132.19000000;130;EXCHANGE_LAST;;1;1;XEUR;10804524;688;
15.11.2024;13:46:51.162;FGBL SI 20241206 PS;SIMPLE_INSTRUMENT;VOLA;EUR;268435485;132.19000000;130;EXCHANGE_LAST;;1;1;XEUR;10804524;688;
15.11.2024;14:09:16.017;FGBL SI 20241206 PS;SIMPLE_INSTRUMENT;VOLA;EUR;268435494;132.18000000;224;EXCHANGE_LAST;;1;1;XEUR;10804524;688;
15.11.2024;14:35:02.317;FGBL SI 20241206 PS;SIMPLE_INSTRUMENT;VOLA;EUR;268435496;131.97000000;80;EXCHANGE_LAST;;1;1;XEUR;10804524;688;
15.11.2024;14:56:05.438;FGBL SI 20241206 PS;SIMPLE_INSTRUMENT;VOLA;EUR;268435505;131.94000000;260;EXCHANGE_LAST;;1;1;XEUR;10804524;688;
15.11.2024;16:20:32.523;FGBL SI 20241206 PS;SIMPLE_INSTRUMENT;VOLA;EUR;268435513;132.24000000;130;EXCHANGE_LAST;;1;1;XEUR;10804524;688;
15.11.2024;08:21:34.600;FGBM SI 20241206 PS;SIMPLE_INSTRUMENT;EFS;EUR;1;118.57000000;822;EXCHANGE_LAST;;1;1;XEUR;10804525;689;
15.11.2024;08:25:20.008;FGBM SI 20241206 PS;SIMPLE_INSTRUMENT;EFS;EUR;2;118.59000000;246;EXCHANGE_LAST;;1;1;XEUR;10804525;689;
15.11.2024;08:28:41.414;FGBM SI 20241206 PS;SIMPLE_INSTRUMENT;EFS;EUR;3;118.57000000;932;EXCHANGE_LAST;;1;1;XEUR;10804525;689;
15.11.2024;08:41:35.179;FGBM SI 20241206 PS;SIMPLE_INSTRUMENT;EFP_FIN;EUR;4;118.57000000;428;EXCHANGE_LAST;;1;1;XEUR;10804525;689;
15.11.2024;08:43:39.332;FGBM SI 20241206 PS;SIMPLE_INSTRUMENT;EFS;EUR;5;118.62000000;441;EXCHANGE_LAST;;1;1;XEUR;10804525;689;
15.11.2024;08:46:18.508;FGBM SI 20241206 PS;SIMPLE_INSTRUMENT;EFP_FIN;EUR;6;118.60000000;251;EXCHANGE_LAST;;1;1;XEUR;10804525;689;
15.11.2024;08:56:13.536;FGBM SI 20241206 PS;SIMPLE_INSTRUMENT;EFP_FIN;EUR;7;118.64000000;251;EXCHANGE_LAST;;1;1;XEUR;10804525;689;
15.11.2024;09:01:18.073;FGBM SI 20241206 PS;SIMPLE_INSTRUMENT;EFP_FIN;EUR;8;118.56000000;428;EXCHANGE_LAST;;1;1;XEUR;10804525;689;
15.11.2024;09:28:27.125;FGBM SI 20241206 PS;SIMPLE_INSTRUMENT;EFS;EUR;9;118.59000000;1864;EXCHANGE_LAST;;1;1;XEUR;10804525;689;
15.11.2024;09:41:51.159;FGBM SI 20241206 PS;SIMPLE_INSTRUMENT;EFP_FIN;EUR;10;118.58000000;873;EXCHANGE_LAST;;1;1;XEUR;10804525;689;
15.11.2024;09:53:52.473;FGBM SI 20241206 PS;SIMPLE_INSTRUMENT;EFS;EUR;12;118.67000000;821;EXCHANGE_LAST;;1;1;XEUR;10804525;689;
15.11.2024;10:01:18.131;FGBM SI 20241206 PS;SIMPLE_INSTRUMENT;EFP_FIN;EUR;13;118.61000000;645;EXCHANGE_LAST;;1;1;XEUR;10804525;689;
15.11.2024;10:18:50.626;FGBM SI 20241206 PS;SIMPLE_INSTRUMENT;EFS;EUR;14;118.69000000;868;EXCHANGE_LAST;;1;1;XEUR;10804525;689;
15.11.2024;10:19:25.676;FGBM SI 20241206 PS;SIMPLE_INSTRUMENT;EFS;EUR;15;118.69000000;868;EXCHANGE_LAST;;1;1;XEUR;10804525;689;
15.11.2024;10:20:25.522;FGBM SI 20241206 PS;SIMPLE_INSTRUMENT;EFP_FIN;EUR;16;118.58000000;446;EXCHANGE_LAST;;1;1;XEUR;10804525;689;
15.11.2024;10:32:37.205;FGBM SI 20241206 PS;SIMPLE_INSTRUMENT;EFP_FIN;EUR;17;118.65000000;170;EXCHANGE_LAST;;1;1;XEUR;10804525;689;
15.11.2024;10:33:27.555;FGBM SI 20241206 PS;SIMPLE_INSTRUMENT;EFS;EUR;18;118.69000000;823;EXCHANGE_LAST;;1;1;XEUR;10804525;689;
15.11.2024;10:34:22.605;FGBM SI 20241206 PS;SIMPLE_INSTRUMENT;EFP_FIN;EUR;19;118.69000000;2141;EXCHANGE_LAST;;1;1;XEUR;10804525;689;
15.11.2024;10:35:12.662;FGBM SI 20241206 PS;SIMPLE_INSTRUMENT;EFS;EUR;20;118.69000000;868;EXCHANGE_LAST;;1;1;XEUR;10804525;689;
15.11.2024;10:36:14.668;FGBM SI 20241206 PS;SIMPLE_INSTRUMENT;EFP_FIN;EUR;21;118.69000000;1842;EXCHANGE_LAST;;1;1;XEUR;10804525;689;
15.11.2024;10:47:40.246;FGBM SI 20241206 PS;SIMPLE_INSTRUMENT;EFP_FIN;EUR;22;118.72000000;856;EXCHANGE_LAST;;1;1;XEUR;10804525;689;
15.11.2024;10:49:39.549;FGBM SI 20241206 PS;SIMPLE_INSTRUMENT;EFS;EUR;23;118.64000000;868;EXCHANGE_LAST;;1;1;XEUR;10804525;689;
15.11.2024;10:52:09.692;FGBM SI 20241206 PS;SIMPLE_INSTRUMENT;EFS;EUR;24;118.64000000;868;EXCHANGE_LAST;;1;1;XEUR;10804525;689;
15.11.2024;10:52:54.561;FGBM SI 20241206 PS;SIMPLE_INSTRUMENT;EFP_FIN;EUR;25;118.69000000;428;EXCHANGE_LAST;;1;1;XEUR;10804525;689;
15.11.2024;10:52:54.735;FGBM SI 20241206 PS;SIMPLE_INSTRUMENT;EFS;EUR;26;118.64000000;868;EXCHANGE_LAST;;1;1;XEUR;10804525;689;
15.11.2024;10:54:08.565;FGBM SI 20241206 PS;SIMPLE_INSTRUMENT;EFP_FIN;EUR;27;118.69000000;856;EXCHANGE_LAST;;1;1;XEUR;10804525;689;
15.11.2024;10:54:46.534;FGBM SI 20241206 PS;SIMPLE_INSTRUMENT;EFS;EUR;28;118.66000000;3723;EXCHANGE_LAST;;1;1;XEUR;10804525;689;
15.11.2024;11:04:28.229;FGBM SI 20241206 PS;SIMPLE_INSTRUMENT;EFS;EUR;29;118.62000000;1117;EXCHANGE_LAST;;1;1;XEUR;10804525;689;
15.11.2024;11:29:22.683;FGBM SI 20241206 PS;SIMPLE_INSTRUMENT;EFS;EUR;30;118.67000000;165;EXCHANGE_LAST;;1;1;XEUR;10804525;689;
15.11.2024;11:37:37.108;FGBM SI 20241206 PS;SIMPLE_INSTRUMENT;EFS;EUR;31;118.63000000;433;EXCHANGE_LAST;;1;1;XEUR;10804525;689;
15.11.2024;11:48:12.721;FGBM SI 20241206 PS;SIMPLE_INSTRUMENT;EFP_FIN;EUR;32;118.61000000;856;EXCHANGE_LAST;;1;1;XEUR;10804525;689;
15.11.2024;11:55:18.547;FGBM SI 20241206 PS;SIMPLE_INSTRUMENT;EFS;EUR;33;118.60000000;931;EXCHANGE_LAST;;1;1;XEUR;10804525;689;
15.11.2024;12:38:12.542;FGBM SI 20241206 PS;SIMPLE_INSTRUMENT;EFS;EUR;34;118.61000000;2656;EXCHANGE_LAST;;1;1;XEUR;10804525;689;
15.11.2024;12:38:20.343;FGBM SI 20241206 PS;SIMPLE_INSTRUMENT;EFS;EUR;35;118.58000000;433;EXCHANGE_LAST;;1;1;XEUR;10804525;689;
15.11.2024;12:49:08.384;FGBM SI 20241206 PS;SIMPLE_INSTRUMENT;EFS;EUR;36;118.62000000;576;EXCHANGE_LAST;;1;1;XEUR;10804525;689;
15.11.2024;12:50:06.808;FGBM SI 20241206 PS;SIMPLE_INSTRUMENT;EFP_FIN;EUR;37;118.54000000;2141;EXCHANGE_LAST;;1;1;XEUR;10804525;689;
15.11.2024;13:05:17.124;FGBM SI 20241206 PS;SIMPLE_INSTRUMENT;EFP_FIN;EUR;38;118.56000000;428;EXCHANGE_LAST;;1;1;XEUR;10804525;689;
15.11.2024;13:09:58.561;FGBM SI 20241206 PS;SIMPLE_INSTRUMENT;EFS;EUR;39;118.56000000;282;EXCHANGE_LAST;;1;1;XEUR;10804525;689;
15.11.2024;13:13:22.885;FGBM SI 20241206 PS;SIMPLE_INSTRUMENT;EFP_FIN;EUR;40;118.57000000;183;EXCHANGE_LAST;;1;1;XEUR;10804525;689;
15.11.2024;13:16:26.093;FGBM SI 20241206 PS;SIMPLE_INSTRUMENT;EFS;EUR;41;118.59000000;822;EXCHANGE_LAST;;1;1;XEUR;10804525;689;
15.11.2024;13:24:45.199;FGBM SI 20241206 PS;SIMPLE_INSTRUMENT;EFS;EUR;42;118.59000000;880;EXCHANGE_LAST;;1;1;XEUR;10804525;689;
15.11.2024;13:31:06.194;FGBM SI 20241206 PS;SIMPLE_INSTRUMENT;EFS;EUR;43;118.58000000;433;EXCHANGE_LAST;;1;1;XEUR;10804525;689;
15.11.2024;13:39:10.581;FGBM SI 20241206 PS;SIMPLE_INSTRUMENT;EFP_FIN;EUR;44;118.56000000;402;EXCHANGE_LAST;;1;1;XEUR;10804525;689;
15.11.2024;13:52:51.451;FGBM SI 20241206 PS;SIMPLE_INSTRUMENT;EFP_FIN;EUR;45;118.58000000;183;EXCHANGE_LAST;;1;1;XEUR;10804525;689;
15.11.2024;13:52:51.471;FGBM SI 20241206 PS;SIMPLE_INSTRUMENT;EFP_FIN;EUR;46;118.58000000;183;EXCHANGE_LAST;;1;1;XEUR;10804525;689;
15.11.2024;13:55:35.993;FGBM SI 20241206 PS;SIMPLE_INSTRUMENT;EFP_FIN;EUR;47;118.55000000;518;EXCHANGE_LAST;;1;1;XEUR;10804525;689;
15.11.2024;13:59:06.736;FGBM SI 20241206 PS;SIMPLE_INSTRUMENT;EFP_FIN;EUR;48;118.57000000;428;EXCHANGE_LAST;;1;1;XEUR;10804525;689;
15.11.2024;14:07:25.818;FGBM SI 20241206 PS;SIMPLE_INSTRUMENT;EFS;EUR;49;118.59000000;867;EXCHANGE_LAST;;1;1;XEUR;10804525;689;
15.11.2024;14:09:23.421;FGBM SI 20241206 PS;SIMPLE_INSTRUMENT;EFS;EUR;50;118.63000000;303;EXCHANGE_LAST;;1;1;XEUR;10804525;689;
15.11.2024;14:10:22.822;FGBM SI 20241206 PS;SIMPLE_INSTRUMENT;EFS;EUR;51;118.58000000;794;EXCHANGE_LAST;;1;1;XEUR;10804525;689;
15.11.2024;14:10:37.564;FGBM SI 20241206 PS;SIMPLE_INSTRUMENT;EFS;EUR;52;118.63000000;563;EXCHANGE_LAST;;1;1;XEUR;10804525;689;
15.11.2024;14:11:03.825;FGBM SI 20241206 PS;SIMPLE_INSTRUMENT;EFS;EUR;53;118.58000000;86;EXCHANGE_LAST;;1;1;XEUR;10804525;689;
15.11.2024;14:16:01.266;FGBM SI 20241206 PS;SIMPLE_INSTRUMENT;EFP_FIN;EUR;54;118.59000000;896;EXCHANGE_LAST;;1;1;XEUR;10804525;689;
15.11.2024;14:24:34.942;FGBM SI 20241206 PS;SIMPLE_INSTRUMENT;EFS;EUR;55;118.55000000;868;EXCHANGE_LAST;;1;1;XEUR;10804525;689;
15.11.2024;14:25:17.159;FGBM SI 20241206 PS;SIMPLE_INSTRUMENT;EFS;EUR;56;118.56000000;434;EXCHANGE_LAST;;1;1;XEUR;10804525;689;
15.11.2024;14:28:29.359;FGBM SI 20241206 PS;SIMPLE_INSTRUMENT;EFS;EUR;57;118.56000000;434;EXCHANGE_LAST;;1;1;XEUR;10804525;689;
15.11.2024;14:29:57.198;FGBM SI 20241206 PS;SIMPLE_INSTRUMENT;EFS;EUR;58;118.56000000;434;EXCHANGE_LAST;;1;1;XEUR;10804525;689;
15.11.2024;14:42:58.775;FGBM SI 20241206 PS;SIMPLE_INSTRUMENT;EFS;EUR;59;118.43000000;933;EXCHANGE_LAST;;1;1;XEUR;10804525;689;
15.11.2024;14:48:37.940;FGBM SI 20241206 PS;SIMPLE_INSTRUMENT;EFS;EUR;60;118.46000000;2737;EXCHANGE_LAST;;1;1;XEUR;10804525;689;
15.11.2024;14:54:19.350;FGBM SI 20241206 PS;SIMPLE_INSTRUMENT;EFS;EUR;61;118.38000000;929;EXCHANGE_LAST;;1;1;XEUR;10804525;689;
15.11.2024;14:54:45.348;FGBM SI 20241206 PS;SIMPLE_INSTRUMENT;EFS;EUR;62;118.40000000;868;EXCHANGE_LAST;;1;1;XEUR;10804525;689;
15.11.2024;14:58:12.750;FGBM SI 20241206 PS;SIMPLE_INSTRUMENT;EFS;EUR;63;118.42000000;434;EXCHANGE_LAST;;1;1;XEUR;10804525;689;
15.11.2024;14:59:40.238;FGBM SI 20241206 PS;SIMPLE_INSTRUMENT;EFS;EUR;64;118.38000000;934;EXCHANGE_LAST;;1;1;XEUR;10804525;689;
15.11.2024;15:07:14.639;FGBM SI 20241206 PS;SIMPLE_INSTRUMENT;EFS;EUR;65;118.40000000;933;EXCHANGE_LAST;;1;1;XEUR;10804525;689;
15.11.2024;15:09:04.733;FGBM SI 20241206 PS;SIMPLE_INSTRUMENT;EFS;EUR;66;118.43000000;868;EXCHANGE_LAST;;1;1;XEUR;10804525;689;
15.11.2024;15:09:15.814;FGBM SI 20241206 PS;SIMPLE_INSTRUMENT;EFS;EUR;67;118.38000000;475;EXCHANGE_LAST;;1;1;XEUR;10804525;689;
15.11.2024;15:10:55.211;FGBM SI 20241206 PS;SIMPLE_INSTRUMENT;EFS;EUR;68;118.42000000;434;EXCHANGE_LAST;;1;1;XEUR;10804525;689;
15.11.2024;15:12:36.106;FGBM SI 20241206 PS;SIMPLE_INSTRUMENT;EFS;EUR;69;118.39000000;303;EXCHANGE_LAST;;1;1;XEUR;10804525;689;
15.11.2024;15:11:37.771;FGBM SI 20241206 PS;SIMPLE_INSTRUMENT;EFS;EUR;70;118.42000000;217;EXCHANGE_LAST;;1;1;XEUR;10804525;689;
15.11.2024;15:12:25.106;FGBM SI 20241206 PS;SIMPLE_INSTRUMENT;EFS;EUR;71;118.39000000;130;EXCHANGE_LAST;;1;1;XEUR;10804525;689;
15.11.2024;15:13:55.019;FGBM SI 20241206 PS;SIMPLE_INSTRUMENT;EFS;EUR;72;118.42000000;1773;EXCHANGE_LAST;;1;1;XEUR;10804525;689;
15.11.2024;15:16:36.871;FGBM SI 20241206 PS;SIMPLE_INSTRUMENT;EFS;EUR;73;118.47000000;478;EXCHANGE_LAST;;1;1;XEUR;10804525;689;
15.11.2024;15:22:19.912;FGBM SI 20241206 PS;SIMPLE_INSTRUMENT;EFS;EUR;74;118.42000000;1772;EXCHANGE_LAST;;1;1;XEUR;10804525;689;
15.11.2024;15:25:45.292;FGBM SI 20241206 PS;SIMPLE_INSTRUMENT;EFS;EUR;75;118.55000000;1758;EXCHANGE_LAST;;1;1;XEUR;10804525;689;
15.11.2024;15:30:42.630;FGBM SI 20241206 PS;SIMPLE_INSTRUMENT;EFS;EUR;76;118.52000000;867;EXCHANGE_LAST;;1;1;XEUR;10804525;689;
15.11.2024;15:30:59.072;FGBM SI 20241206 PS;SIMPLE_INSTRUMENT;EFP_FIN;EUR;77;118.52000000;191;EXCHANGE_LAST;;1;1;XEUR;10804525;689;
15.11.2024;15:32:35.577;FGBM SI 20241206 PS;SIMPLE_INSTRUMENT;EFS;EUR;78;118.53000000;347;EXCHANGE_LAST;;1;1;XEUR;10804525;689;
15.11.2024;15:42:41.402;FGBM SI 20241206 PS;SIMPLE_INSTRUMENT;EFP_FIN;EUR;79;118.54000000;137;EXCHANGE_LAST;;1;1;XEUR;10804525;689;
15.11.2024;15:35:58.935;FGBM SI 20241206 PS;SIMPLE_INSTRUMENT;EFS;EUR;80;118.51000000;434;EXCHANGE_LAST;;1;1;XEUR;10804525;689;
15.11.2024;15:37:26.493;FGBM SI 20241206 PS;SIMPLE_INSTRUMENT;EFS;EUR;81;118.55000000;868;EXCHANGE_LAST;;1;1;XEUR;10804525;689;
15.11.2024;15:38:20.867;FGBM SI 20241206 PS;SIMPLE_INSTRUMENT;EFS;EUR;82;118.52000000;434;EXCHANGE_LAST;;1;1;XEUR;10804525;689;
15.11.2024;15:43:37.105;FGBM SI 20241206 PS;SIMPLE_INSTRUMENT;EFP_FIN;EUR;83;118.54000000;448;EXCHANGE_LAST;;1;1;XEUR;10804525;689;
15.11.2024;15:53:45.023;FGBM SI 20241206 PS;SIMPLE_INSTRUMENT;EFS;EUR;84;118.53000000;944;EXCHANGE_LAST;;1;1;XEUR;10804525;689;
15.11.2024;15:55:30.629;FGBM SI 20241206 PS;SIMPLE_INSTRUMENT;EFS;EUR;85;118.56000000;932;EXCHANGE_LAST;;1;1;XEUR;10804525;689;
15.11.2024;16:08:00.772;FGBM SI 20241206 PS;SIMPLE_INSTRUMENT;EFS;EUR;86;118.59000000;867;EXCHANGE_LAST;;1;1;XEUR;10804525;689;
15.11.2024;16:10:38.375;FGBM SI 20241206 PS;SIMPLE_INSTRUMENT;EFS;EUR;87;118.61000000;823;EXCHANGE_LAST;;1;1;XEUR;10804525;689;
15.11.2024;16:10:48.623;FGBM SI 20241206 PS;SIMPLE_INSTRUMENT;EFP_FIN;EUR;88;118.50000000;431;EXCHANGE_LAST;;1;1;XEUR;10804525;689;
15.11.2024;16:19:02.793;FGBM SI 20241206 PS;SIMPLE_INSTRUMENT;EFP_FIN;EUR;89;118.58000000;856;EXCHANGE_LAST;;1;1;XEUR;10804525;689;
15.11.2024;16:24:58.975;FGBM SI 20241206 PS;SIMPLE_INSTRUMENT;EFS;EUR;91;118.58000000;884;EXCHANGE_LAST;;1;1;XEUR;10804525;689;
15.11.2024;16:27:46.440;FGBM SI 20241206 PS;SIMPLE_INSTRUMENT;EFS;EUR;92;118.59000000;1734;EXCHANGE_LAST;;1;1;XEUR;10804525;689;
15.11.2024;16:33:57.985;FGBM SI 20241206 PS;SIMPLE_INSTRUMENT;EFS;EUR;93;118.57000000;2000;EXCHANGE_LAST;;1;1;XEUR;10804525;689;
15.11.2024;16:36:17.485;FGBM SI 20241206 PS;SIMPLE_INSTRUMENT;EFS;EUR;94;118.60000000;724;EXCHANGE_LAST;;1;1;XEUR;10804525;689;
15.11.2024;16:39:32.314;FGBM SI 20241206 PS;SIMPLE_INSTRUMENT;EFS;EUR;95;118.56000000;868;EXCHANGE_LAST;;1;1;XEUR;10804525;689;
15.11.2024;16:39:37.320;FGBM SI 20241206 PS;SIMPLE_INSTRUMENT;EFS;EUR;96;118.56000000;347;EXCHANGE_LAST;;1;1;XEUR;10804525;689;
15.11.2024;08:58:34.379;FGBS SI 20241206 PS;SIMPLE_INSTRUMENT;EFS;EUR;1;106.84000000;2718;EXCHANGE_LAST;;1;1;XEUR;10804527;690;
15.11.2024;09:25:45.054;FGBS SI 20241206 PS;SIMPLE_INSTRUMENT;EFP_FIN;EUR;2;106.81000000;747;EXCHANGE_LAST;;1;1;XEUR;10804527;690;
15.11.2024;09:26:44.883;FGBS SI 20241206 PS;SIMPLE_INSTRUMENT;EFS;EUR;3;106.80000000;2720;EXCHANGE_LAST;;1;1;XEUR;10804527;690;
15.11.2024;09:45:50.539;FGBS SI 20241206 PS;SIMPLE_INSTRUMENT;EFP_FIN;EUR;4;106.81000000;249;EXCHANGE_LAST;;1;1;XEUR;10804527;690;
15.11.2024;09:58:42.712;FGBS SI 20241206 PS;SIMPLE_INSTRUMENT;EFP_FIN;EUR;5;106.82000000;1051;EXCHANGE_LAST;;1;1;XEUR;10804527;690;
15.11.2024;10:28:05.847;FGBS SI 20241206 PS;SIMPLE_INSTRUMENT;EFP_FIN;EUR;6;106.84500000;516;EXCHANGE_LAST;;1;1;XEUR;10804527;690;
15.11.2024;10:29:51.697;FGBS SI 20241206 PS;SIMPLE_INSTRUMENT;EFP_FIN;EUR;7;106.85000000;498;EXCHANGE_LAST;;1;1;XEUR;10804527;690;
15.11.2024;10:31:31.324;FGBS SI 20241206 PS;SIMPLE_INSTRUMENT;EFP_FIN;EUR;8;106.84000000;758;EXCHANGE_LAST;;1;1;XEUR;10804527;690;
15.11.2024;10:31:40.414;FGBS SI 20241206 PS;SIMPLE_INSTRUMENT;EFS;EUR;9;106.84500000;1628;EXCHANGE_LAST;;1;1;XEUR;10804527;690;
15.11.2024;11:24:17.453;FGBS SI 20241206 PS;SIMPLE_INSTRUMENT;EFS;EUR;10;106.83500000;4078;EXCHANGE_LAST;;1;1;XEUR;10804527;690;
15.11.2024;11:55:31.548;FGBS SI 20241206 PS;SIMPLE_INSTRUMENT;EFS;EUR;11;106.81000000;2719;EXCHANGE_LAST;;1;1;XEUR;10804527;690;
15.11.2024;11:58:47.559;FGBS SI 20241206 PS;SIMPLE_INSTRUMENT;EFS;EUR;12;106.81000000;2571;EXCHANGE_LAST;;1;1;XEUR;10804527;690;
15.11.2024;12:14:44.545;FGBS SI 20241206 PS;SIMPLE_INSTRUMENT;EFP_FIN;EUR;13;106.83000000;164;EXCHANGE_LAST;;1;1;XEUR;10804527;690;
15.11.2024;12:35:08.348;FGBS SI 20241206 PS;SIMPLE_INSTRUMENT;EFS;EUR;14;106.81500000;1360;EXCHANGE_LAST;;1;1;XEUR;10804527;690;
15.11.2024;12:38:07.050;FGBS SI 20241206 PS;SIMPLE_INSTRUMENT;EFS;EUR;15;106.80000000;1358;EXCHANGE_LAST;;1;1;XEUR;10804527;690;
15.11.2024;12:47:34.895;FGBS SI 20241206 PS;SIMPLE_INSTRUMENT;EFS;EUR;16;106.81000000;2719;EXCHANGE_LAST;;1;1;XEUR;10804527;690;
15.11.2024;13:05:21.621;FGBS SI 20241206 PS;SIMPLE_INSTRUMENT;EFS;EUR;17;106.78500000;2720;EXCHANGE_LAST;;1;1;XEUR;10804527;690;
15.11.2024;13:09:48.826;FGBS SI 20241206 PS;SIMPLE_INSTRUMENT;EFS;EUR;18;106.80000000;2720;EXCHANGE_LAST;;1;1;XEUR;10804527;690;
15.11.2024;13:18:58.836;FGBS SI 20241206 PS;SIMPLE_INSTRUMENT;EFP_FIN;EUR;19;106.79000000;821;EXCHANGE_LAST;;1;1;XEUR;10804527;690;
15.11.2024;13:37:48.065;FGBS SI 20241206 PS;SIMPLE_INSTRUMENT;EFP_FIN;EUR;20;106.79500000;1006;EXCHANGE_LAST;;1;1;XEUR;10804527;690;
15.11.2024;13:38:20.781;FGBS SI 20241206 PS;SIMPLE_INSTRUMENT;EFP_FIN;EUR;21;106.80000000;718;EXCHANGE_LAST;;1;1;XEUR;10804527;690;
15.11.2024;14:30:41.909;FGBS SI 20241206 PS;SIMPLE_INSTRUMENT;EFS;EUR;22;106.77500000;3433;EXCHANGE_LAST;;1;1;XEUR;10804527;690;
15.11.2024;14:39:17.376;FGBS SI 20241206 PS;SIMPLE_INSTRUMENT;EFP_FIN;EUR;23;106.78000000;1760;EXCHANGE_LAST;;1;1;XEUR;10804527;690;
15.11.2024;14:53:00.076;FGBS SI 20241206 PS;SIMPLE_INSTRUMENT;EFS;EUR;24;106.73000000;2728;EXCHANGE_LAST;;1;1;XEUR;10804527;690;
15.11.2024;14:54:06.103;FGBS SI 20241206 PS;SIMPLE_INSTRUMENT;EFP_FIN;EUR;25;106.73000000;1760;EXCHANGE_LAST;;1;1;XEUR;10804527;690;
15.11.2024;14:55:42.163;FGBS SI 20241206 PS;SIMPLE_INSTRUMENT;EFS;EUR;26;106.73000000;2722;EXCHANGE_LAST;;1;1;XEUR;10804527;690;
15.11.2024;14:55:46.683;FGBS SI 20241206 PS;SIMPLE_INSTRUMENT;EFP_FIN;EUR;27;106.80000000;299;EXCHANGE_LAST;;1;1;XEUR;10804527;690;
15.11.2024;14:57:50.581;FGBS SI 20241206 PS;SIMPLE_INSTRUMENT;EFS;EUR;28;106.73500000;1775;EXCHANGE_LAST;;1;1;XEUR;10804527;690;
15.11.2024;15:04:54.127;FGBS SI 20241206 PS;SIMPLE_INSTRUMENT;EFS;EUR;29;106.73000000;2723;EXCHANGE_LAST;;1;1;XEUR;10804527;690;
15.11.2024;15:17:45.031;FGBS SI 20241206 PS;SIMPLE_INSTRUMENT;EFS;EUR;30;106.75000000;5170;EXCHANGE_LAST;;1;1;XEUR;10804527;690;
15.11.2024;15:21:06.481;FGBS SI 20241206 PS;SIMPLE_INSTRUMENT;EFP_FIN;EUR;31;106.78000000;137;EXCHANGE_LAST;;1;1;XEUR;10804527;690;
15.11.2024;15:33:04.886;FGBS SI 20241206 PS;SIMPLE_INSTRUMENT;EFP_FIN;EUR;32;106.74000000;743;EXCHANGE_LAST;;1;1;XEUR;10804527;690;
15.11.2024;15:50:42.940;FGBS SI 20241206 PS;SIMPLE_INSTRUMENT;EFP_FIN;EUR;33;106.74000000;1486;EXCHANGE_LAST;;1;1;XEUR;10804527;690;
15.11.2024;16:16:19.563;FGBS SI 20241206 PS;SIMPLE_INSTRUMENT;EFP_FIN;EUR;34;106.80000000;473;EXCHANGE_LAST;;1;1;XEUR;10804527;690;
15.11.2024;16:16:33.330;FGBS SI 20241206 PS;SIMPLE_INSTRUMENT;EFS;EUR;35;106.80500000;2720;EXCHANGE_LAST;;1;1;XEUR;10804527;690;
15.11.2024;16:29:42.404;FGBS SI 20241206 PS;SIMPLE_INSTRUMENT;EFS;EUR;36;106.79500000;1400;EXCHANGE_LAST;;1;1;XEUR;10804527;690;
15.11.2024;16:36:17.525;FGBS SI 20241206 PS;SIMPLE_INSTRUMENT;EFS;EUR;37;106.80000000;2114;EXCHANGE_LAST;;1;1;XEUR;10804527;690;
15.11.2024;08:21:33.571;FGBX SI 20241206 PS;SIMPLE_INSTRUMENT;EFS;EUR;1;133.38000000;181;EXCHANGE_LAST;;1;1;XEUR;10804526;691;
15.11.2024;09:29:37.181;FGBX SI 20241206 PS;SIMPLE_INSTRUMENT;EFS;EUR;4;133.12000000;91;EXCHANGE_LAST;;1;1;XEUR;10804526;691;
15.11.2024;09:47:55.012;FGBX SI 20241206 PS;SIMPLE_INSTRUMENT;EFS;EUR;5;133.22000000;91;EXCHANGE_LAST;;1;1;XEUR;10804526;691;
15.11.2024;10:19:06.624;FGBX SI 20241206 PS;SIMPLE_INSTRUMENT;EFP_FIN;EUR;6;133.52000000;86;EXCHANGE_LAST;;1;1;XEUR;10804526;691;
15.11.2024;10:19:37.464;FGBX SI 20241206 PS;SIMPLE_INSTRUMENT;EFS;EUR;7;133.50000000;36;EXCHANGE_LAST;;1;1;XEUR;10804526;691;
15.11.2024;10:46:36.584;FGBX SI 20241206 PS;SIMPLE_INSTRUMENT;EFP_FIN;EUR;8;133.42000000;72;EXCHANGE_LAST;;1;1;XEUR;10804526;691;
15.11.2024;10:52:34.104;FGBX SI 20241206 PS;SIMPLE_INSTRUMENT;EFP_FIN;EUR;9;133.34000000;297;EXCHANGE_LAST;;1;1;XEUR;10804526;691;
15.11.2024;11:42:03.507;FGBX SI 20241206 PS;SIMPLE_INSTRUMENT;EFS;EUR;12;133.24000000;109;EXCHANGE_LAST;;1;1;XEUR;10804526;691;
15.11.2024;12:27:43.480;FGBX SI 20241206 PS;SIMPLE_INSTRUMENT;EFP_FIN;EUR;16;133.14000000;50;EXCHANGE_LAST;;1;1;XEUR;10804526;691;
15.11.2024;13:05:21.621;FGBX SI 20241206 PS;SIMPLE_INSTRUMENT;EFS;EUR;18;133.00000000;181;EXCHANGE_LAST;;1;1;XEUR;10804526;691;
15.11.2024;13:11:43.815;FGBX SI 20241206 PS;SIMPLE_INSTRUMENT;EFS;EUR;19;133.04000000;181;EXCHANGE_LAST;;1;1;XEUR;10804526;691;
15.11.2024;13:40:49.316;FGBX SI 20241206 PS;SIMPLE_INSTRUMENT;EFP_FIN;EUR;21;133.14000000;185;EXCHANGE_LAST;;1;1;XEUR;10804526;691;
15.11.2024;14:12:25.769;FGBX SI 20241206 PS;SIMPLE_INSTRUMENT;EFP_FIN;EUR;23;133.06000000;311;EXCHANGE_LAST;;1;1;XEUR;10804526;691;
15.11.2024;14:12:48.083;FGBX SI 20241206 PS;SIMPLE_INSTRUMENT;EFP_FIN;EUR;24;133.36000000;50;EXCHANGE_LAST;;1;1;XEUR;10804526;691;
15.11.2024;14:13:16.462;FGBX SI 20241206 PS;SIMPLE_INSTRUMENT;EFP_FIN;EUR;25;133.36000000;50;EXCHANGE_LAST;;1;1;XEUR;10804526;691;
15.11.2024;14:35:59.857;FGBX SI 20241206 PS;SIMPLE_INSTRUMENT;EFS;EUR;28;133.20000000;109;EXCHANGE_LAST;;1;1;XEUR;10804526;691;
15.11.2024;15:46:51.628;FGBX SI 20241206 PS;SIMPLE_INSTRUMENT;EFP_FIN;EUR;30;132.90000000;91;EXCHANGE_LAST;;1;1;XEUR;10804526;691;
15.11.2024;16:40:39.080;FGBX SI 20241206 PS;SIMPLE_INSTRUMENT;EFP_FIN;EUR;31;132.82000000;445;EXCHANGE_LAST;;1;1;XEUR;10804526;691;
15.11.2024;16:46:51.785;FGBX SI 20241206 PS;SIMPLE_INSTRUMENT;EFP_FIN;EUR;32;133.00000000;181;EXCHANGE_LAST;;1;1;XEUR;10804526;691;
15.11.2024;16:49:28.272;FGBX SI 20241206 PS;SIMPLE_INSTRUMENT;BLOCK;EUR;33;133.00000000;544;EXCHANGE_LAST;;1;1;XEUR;10804526;691;
15.11.2024;10:52:10.137;FIA5 SI 20241219 PS AM P 12.60 0;SIMPLE_INSTRUMENT;BLOCK;EUR;3;0.40000000;2000;EXCHANGE_LAST;;1;2;XEUR;11865773;48227;
15.11.2024;04:54:42.860;FMCH SI 20241220 CS;SIMPLE_INSTRUMENT;BLOCK;USD;6;503.37200000;146;EXCHANGE_LAST;;1;1;XEUR;7196792;402909;
15.11.2024;08:10:42.586;FMED SI 20241220 CS;SIMPLE_INSTRUMENT;BLOCK;USD;20;9333.92000000;98;EXCHANGE_LAST;;1;1;XEUR;7193401;48144;
15.11.2024;08:15:50.476;FMEE SI 20241220 CS;SIMPLE_INSTRUMENT;BLOCK;USD;22;311.43300000;210;EXCHANGE_LAST;;1;1;XEUR;7191941;12396;
15.11.2024;07:55:58.191;FMEL SI 20241220 CS;SIMPLE_INSTRUMENT;BLOCK;USD;16;525.19500000;30;EXCHANGE_LAST;;1;1;XEUR;7191942;12397;
15.11.2024;08:16:46.143;FMEL SI 20241220 CS;SIMPLE_INSTRUMENT;BLOCK;USD;24;525.19500000;740;EXCHANGE_LAST;;1;1;XEUR;7191942;12397;
15.11.2024;09:09:47.975;FMEL SI 20241220 CS;SIMPLE_INSTRUMENT;BLOCK;USD;30;525.19500000;243;EXCHANGE_LAST;;1;1;XEUR;7191942;12397;
15.11.2024;08:17:42.959;FMEM SI 20241220 CS;SIMPLE_INSTRUMENT;BLOCK;USD;25;580.23000000;840;EXCHANGE_LAST;;1;1;XEUR;7191937;12394;
15.11.2024;08:02:43.950;FMEN SI 20241220 CS;SIMPLE_INSTRUMENT;EFP_IDX;EUR;19;513.95000000;277;EXCHANGE_LAST;;1;1;XEUR;7192297;30652;
15.11.2024;08:00:33.314;FMES SI 20241220 CS;SIMPLE_INSTRUMENT;BLOCK;EUR;17;557.09600000;156;EXCHANGE_LAST;;1;1;XEUR;7194760;221291;
15.11.2024;08:15:55.881;FMGC SI 20241220 CS;SIMPLE_INSTRUMENT;BLOCK;USD;23;13069.42000000;39;EXCHANGE_LAST;;1;1;XEUR;7193447;48916;
15.11.2024;00:23:59.964;FMGD SI 20241220 CS;SIMPLE_INSTRUMENT;EFP_IDX;USD;1;2795.41700000;10;EXCHANGE_LAST;;1;1;XEUR;8609345;583624;
15.11.2024;14:51:05.735;FMGO SI 20241220 CS;SIMPLE_INSTRUMENT;BLOCK;USD;34;5205.00000000;114;EXCHANGE_LAST;;1;1;XEUR;8609363;583623;
15.11.2024;03:27:15.506;FMIN SI 20241220 CS;SIMPLE_INSTRUMENT;BLOCK;USD;2;1258.46600000;1314;EXCHANGE_LAST;;1;1;XEUR;7191968;12404;
15.11.2024;04:29:27.943;FMIN SI 20241220 CS;SIMPLE_INSTRUMENT;BLOCK;USD;5;1258.46600000;503;EXCHANGE_LAST;;1;2;XEUR;7191968;12404;
15.11.2024;09:03:41.225;FMIN SI 20241220 CS;SIMPLE_INSTRUMENT;BLOCK;USD;29;1258.46600000;80;EXCHANGE_LAST;;1;1;XEUR;7191968;12404;
15.11.2024;07:55:24.402;FMMX SI 20241220 CS;SIMPLE_INSTRUMENT;BLOCK;USD;15;597.48700000;702;EXCHANGE_LAST;;1;1;XEUR;7191984;12545;
15.11.2024;07:21:08.351;FMPA SI 20241220 CS;SIMPLE_INSTRUMENT;BLOCK;USD;11;8418.04000000;1180;EXCHANGE_LAST;;1;1;XEUR;7193399;48143;
15.11.2024;15:29:36.757;FMUE SI 20241220 CS;SIMPLE_INSTRUMENT;BLOCK;USD;35;8382.00000000;293;EXCHANGE_LAST;;1;1;XEUR;7193404;48149;
15.11.2024;07:09:38.361;FMWN SI 20241220 CS;SIMPLE_INSTRUMENT;BLOCK;EUR;10;576.37000000;2195;EXCHANGE_LAST;;1;1;XEUR;7192300;30654;
15.11.2024;08:36:00.421;FMWN SI 20241220 CS;SIMPLE_INSTRUMENT;BLOCK;EUR;27;577.35400000;1150;EXCHANGE_LAST;;1;1;XEUR;7192300;30654;
15.11.2024;16:36:46.265;FMWN SI 20241220 CS;SIMPLE_INSTRUMENT;BLOCK;EUR;36;572.55000000;274;EXCHANGE_LAST;;1;1;XEUR;7192300;30654;
15.11.2024;07:43:22.586;FMWO SI 20241220 CS;SIMPLE_INSTRUMENT;BLOCK;USD;12;11921.45000000;685;EXCHANGE_LAST;;1;1;XEUR;7191849;7059;
15.11.2024;07:53:04.500;FMWO SI 20241220 CS;SIMPLE_INSTRUMENT;BLOCK;USD;13;11921.09000000;154;EXCHANGE_LAST;;1;1;XEUR;7191849;7059;
15.11.2024;08:20:40.252;FMWO SI 20241220 CS;SIMPLE_INSTRUMENT;EFP_IDX;USD;26;11919.70000000;283;EXCHANGE_LAST;;1;1;XEUR;7191849;7059;
15.11.2024;07:55:23.178;FMWZ SI 20241220 CS;SIMPLE_INSTRUMENT;EFP_IDX;USD;14;1328.69000000;1586;EXCHANGE_LAST;;1;1;XEUR;9508164;674556;
15.11.2024;10:26:23.308;FMXG SI 20241220 CS;SIMPLE_INSTRUMENT;BLOCK;EUR;31;354.00000000;584;EXCHANGE_LAST;;1;1;XEUR;7194562;124306;
15.11.2024;07:00:33.159;FMZA SI 20241220 CS;SIMPLE_INSTRUMENT;EFP_IDX;USD;7;584.92000000;43;EXCHANGE_LAST;;1;1;XEUR;7192043;12680;
15.11.2024;07:00:39.563;FMZA SI 20241220 CS;SIMPLE_INSTRUMENT;EFP_IDX;USD;8;584.92000000;43;EXCHANGE_LAST;;1;1;XEUR;7192043;12680;
15.11.2024;07:02:45.489;FMZA SI 20241220 CS;SIMPLE_INSTRUMENT;EFP_IDX;USD;9;584.92000000;43;EXCHANGE_LAST;;1;1;XEUR;7192043;12680;
15.11.2024;08:00:05.188;FMZA SI 20241220 CS;SIMPLE_INSTRUMENT;EFP_IDX;USD;18;584.92000000;13;EXCHANGE_LAST;;1;1;XEUR;7192043;12680;
15.11.2024;08:11:54.369;FMZA SI 20241220 CS;SIMPLE_INSTRUMENT;BLOCK;USD;21;584.92000000;86;EXCHANGE_LAST;;1;1;XEUR;7192043;12680;
15.11.2024;10:52:58.817;FMZA SI 20241220 CS;SIMPLE_INSTRUMENT;EFP_IDX;USD;32;584.92000000;16;EXCHANGE_LAST;;1;1;XEUR;7192043;12680;
15.11.2024;10:53:02.536;FMZA SI 20241220 CS;SIMPLE_INSTRUMENT;EFP_IDX;USD;33;584.92000000;16;EXCHANGE_LAST;;1;1;XEUR;7192043;12680;
15.11.2024;08:47:32.841;FOAT SI 20241206 PS;SIMPLE_INSTRUMENT;EFS;EUR;1;124.99000000;876;EXCHANGE_LAST;;1;1;XEUR;10804528;749;
15.11.2024;09:55:33.579;FOAT SI 20241206 PS;SIMPLE_INSTRUMENT;EFP_FIN;EUR;2;124.96000000;265;EXCHANGE_LAST;;1;1;XEUR;10804528;749;
15.11.2024;10:23:34.051;FOAT SI 20241206 PS;SIMPLE_INSTRUMENT;EFP_FIN;EUR;3;125.20000000;425;EXCHANGE_LAST;;1;1;XEUR;10804528;749;
15.11.2024;11:21:25.021;FOAT SI 20241206 PS;SIMPLE_INSTRUMENT;EFP_FIN;EUR;4;125.15000000;146;EXCHANGE_LAST;;1;1;XEUR;10804528;749;
15.11.2024;11:46:46.635;FOAT SI 20241206 PS;SIMPLE_INSTRUMENT;BLOCK;EUR;5;125.20000000;423;EXCHANGE_LAST;;1;1;XEUR;10804528;749;
15.11.2024;12:20:26.569;FOAT SI 20241206 PS;SIMPLE_INSTRUMENT;EFP_FIN;EUR;6;125.11000000;830;EXCHANGE_LAST;;1;1;XEUR;10804528;749;
15.11.2024;12:23:36.906;FOAT SI 20241206 PS;SIMPLE_INSTRUMENT;EFS;EUR;7;125.15000000;209;EXCHANGE_LAST;;1;1;XEUR;10804528;749;
15.11.2024;12:38:45.281;FOAT SI 20241206 PS;SIMPLE_INSTRUMENT;EFP_FIN;EUR;8;125.11000000;830;EXCHANGE_LAST;;1;1;XEUR;10804528;749;
15.11.2024;12:55:00.265;FOAT SI 20241206 PS;SIMPLE_INSTRUMENT;BLOCK;EUR;9;124.96000000;325;EXCHANGE_LAST;;1;1;XEUR;10804528;749;
15.11.2024;13:09:10.720;FOAT SI 20241206 PS;SIMPLE_INSTRUMENT;EFP_FIN;EUR;10;124.93000000;1660;EXCHANGE_LAST;;1;1;XEUR;10804528;749;
15.11.2024;13:15:41.573;FOAT SI 20241206 PS;SIMPLE_INSTRUMENT;EFP_FIN;EUR;11;125.05000000;830;EXCHANGE_LAST;;1;1;XEUR;10804528;749;
15.11.2024;13:20:55.994;FOAT SI 20241206 PS;SIMPLE_INSTRUMENT;EFP_FIN;EUR;12;125.04000000;88;EXCHANGE_LAST;;1;1;XEUR;10804528;749;
15.11.2024;13:22:13.999;FOAT SI 20241206 PS;SIMPLE_INSTRUMENT;EFP_FIN;EUR;13;125.04000000;220;EXCHANGE_LAST;;1;1;XEUR;10804528;749;
15.11.2024;14:26:15.794;FOAT SI 20241206 PS;SIMPLE_INSTRUMENT;EFP_FIN;EUR;14;125.22000000;850;EXCHANGE_LAST;;1;1;XEUR;10804528;749;
15.11.2024;14:36:18.871;FOAT SI 20241206 PS;SIMPLE_INSTRUMENT;BLOCK;EUR;15;125.11000000;540;EXCHANGE_LAST;;1;1;XEUR;10804528;749;
15.11.2024;14:40:15.439;FOAT SI 20241206 PS;SIMPLE_INSTRUMENT;EFP_FIN;EUR;16;125.10000000;1661;EXCHANGE_LAST;;1;1;XEUR;10804528;749;
15.11.2024;14:48:45.429;FOAT SI 20241206 PS;SIMPLE_INSTRUMENT;EFP_FIN;EUR;17;124.87000000;783;EXCHANGE_LAST;;1;1;XEUR;10804528;749;
15.11.2024;14:52:13.858;FOAT SI 20241206 PS;SIMPLE_INSTRUMENT;EFP_FIN;EUR;18;125.07000000;830;EXCHANGE_LAST;;1;1;XEUR;10804528;749;
15.11.2024;14:59:44.403;FOAT SI 20241206 PS;SIMPLE_INSTRUMENT;EFP_FIN;EUR;19;124.83000000;1245;EXCHANGE_LAST;;1;1;XEUR;10804528;749;
15.11.2024;15:01:24.742;FOAT SI 20241206 PS;SIMPLE_INSTRUMENT;EFP_FIN;EUR;20;124.78000000;1661;EXCHANGE_LAST;;1;1;XEUR;10804528;749;
15.11.2024;15:02:56.203;FOAT SI 20241206 PS;SIMPLE_INSTRUMENT;EFP_FIN;EUR;21;124.78000000;623;EXCHANGE_LAST;;1;1;XEUR;10804528;749;
15.11.2024;15:28:02.063;FOAT SI 20241206 PS;SIMPLE_INSTRUMENT;EFP_FIN;EUR;22;124.84000000;527;EXCHANGE_LAST;;1;1;XEUR;10804528;749;
15.11.2024;15:35:51.895;FOAT SI 20241206 PS;SIMPLE_INSTRUMENT;EFP_FIN;EUR;23;125.03000000;415;EXCHANGE_LAST;;1;1;XEUR;10804528;749;
15.11.2024;15:41:32.373;FOAT SI 20241206 PS;SIMPLE_INSTRUMENT;EFS;EUR;24;124.95000000;249;EXCHANGE_LAST;;1;1;XEUR;10804528;749;
15.11.2024;15:47:27.586;FOAT SI 20241206 PS;SIMPLE_INSTRUMENT;EFP_FIN;EUR;26;124.86000000;1307;EXCHANGE_LAST;;1;1;XEUR;10804528;749;
15.11.2024;15:56:03.222;FOAT SI 20241206 PS;SIMPLE_INSTRUMENT;EFP_FIN;EUR;27;125.00000000;291;EXCHANGE_LAST;;1;1;XEUR;10804528;749;
15.11.2024;16:00:40.671;FOAT SI 20241206 PS;SIMPLE_INSTRUMENT;EFP_FIN;EUR;28;124.96000000;723;EXCHANGE_LAST;;1;1;XEUR;10804528;749;
15.11.2024;16:26:16.362;FOAT SI 20241206 PS;SIMPLE_INSTRUMENT;BLOCK;EUR;29;125.14000000;1045;EXCHANGE_LAST;;1;1;XEUR;10804528;749;
15.11.2024;16:29:21.718;FOAT SI 20241206 PS;SIMPLE_INSTRUMENT;EFP_FIN;EUR;31;125.01000000;525;EXCHANGE_LAST;;1;1;XEUR;10804528;749;
15.11.2024;16:30:39.117;FOAT SI 20241206 PS;SIMPLE_INSTRUMENT;EFP_FIN;EUR;32;125.09000000;425;EXCHANGE_LAST;;1;1;XEUR;10804528;749;
15.11.2024;13:29:30.993;FRE.O.241115.IRTSP.000003;STANDARD_OPTION_STRATEGY;BLOCK;EUR;2;-2.07000000;1500;EXCHANGE_LAST;;1;1;XEUR;72060858213104537;760;
15.11.2024;13:29:30.993;FRE SI 20250321 PS AM C 36.00 0;SIMPLE_INSTRUMENT;BLOCK;EUR;2;0.70000000;1500;PRC_DECOMP_MEMBER;;;;XEUR;10840428;760;MEMBER
15.11.2024;13:29:30.993;FRE SI 20251219 PS AM P 32.00 0;SIMPLE_INSTRUMENT;BLOCK;EUR;2;2.77000000;1500;PRC_DECOMP_MEMBER;;;;XEUR;5930643;760;MEMBER
15.11.2024;16:39:56.561;FSCP SI 20241220 CS;SIMPLE_INSTRUMENT;EFP_IDX;EUR;91;334.30000000;22;EXCHANGE_LAST;;1;1;XEUR;10840104;764;
15.11.2024;16:40:12.884;FSCP SI 20241220 CS;SIMPLE_INSTRUMENT;EFP_IDX;EUR;92;334.20000000;195;EXCHANGE_LAST;;1;1;XEUR;10840104;764;
15.11.2024;16:50:29.561;FSEG SI 20241220 CS;SIMPLE_INSTRUMENT;EFP_IDX;EUR;98;187.10000000;100;EXCHANGE_LAST;;1;1;XEUR;10871764;109977;
15.11.2024;16:50:54.561;FSEG SI 20241220 CS;SIMPLE_INSTRUMENT;EFP_IDX;EUR;100;187.30000000;81;EXCHANGE_LAST;;1;1;XEUR;10871764;109977;
15.11.2024;16:59:13.951;FSEG SI 20241220 CS;SIMPLE_INSTRUMENT;BLOCK;EUR;105;187.30000000;1200;EXCHANGE_LAST;;1;1;XEUR;10871764;109977;
15.11.2024;16:59:56.440;FSEG SI 20241220 CS;SIMPLE_INSTRUMENT;BLOCK;EUR;106;187.10000000;1800;EXCHANGE_LAST;;1;1;XEUR;10871764;109977;
15.11.2024;12:00:54.567;FSMI SI 20241220 CS;SIMPLE_INSTRUMENT;BLOCK;CHF;1;11688.00000000;1500;EXCHANGE_LAST;;1;1;XEUR;7793735;757;
15.11.2024;12:01:04.568;FSMI SI 20250321 CS;SIMPLE_INSTRUMENT;BLOCK;CHF;2;11682.00000000;1500;EXCHANGE_LAST;;1;1;XEUR;7793721;757;
15.11.2024;13:17:02.449;FSMI.S.DEC24.MAR25.SPD;FUTURES_SPREAD;BLOCK;CHF;3;5.00000000;500;EXCHANGE_LAST;;1;1;XEUR;72060845328171104;757;
15.11.2024;13:17:02.449;FSMI SI 20250321 CS;SIMPLE_INSTRUMENT;BLOCK;CHF;3;11655.00000000;500;PRC_DECOMP_EXCHANGE;;;;XEUR;7793721;757;EXCHANGE
15.11.2024;13:17:02.449;FSMI SI 20241220 CS;SIMPLE_INSTRUMENT;BLOCK;CHF;3;11660.00000000;500;PRC_DECOMP_EXCHANGE;;;;XEUR;7793735;757;EXCHANGE
15.11.2024;16:40:44.109;FSMI SI 20241220 CS;SIMPLE_INSTRUMENT;EFP_IDX;CHF;4;11640.00000000;36;EXCHANGE_LAST;;1;1;XEUR;7793735;757;
15.11.2024;16:40:54.924;FSMI SI 20241220 CS;SIMPLE_INSTRUMENT;EFP_IDX;CHF;5;11641.00000000;14;EXCHANGE_LAST;;1;1;XEUR;7793735;757;
15.11.2024;16:42:29.027;FSMI SI 20241220 CS;SIMPLE_INSTRUMENT;EFP_IDX;CHF;6;11630.00000000;250;EXCHANGE_LAST;;1;1;XEUR;7793735;757;
15.11.2024;16:46:09.926;FSMI SI 20241220 CS;SIMPLE_INSTRUMENT;EFP_IDX;CHF;7;11640.00000000;75;EXCHANGE_LAST;;1;1;XEUR;7793735;757;
15.11.2024;16:46:16.677;FSMI SI 20241220 CS;SIMPLE_INSTRUMENT;EFP_IDX;CHF;8;11641.00000000;88;EXCHANGE_LAST;;1;1;XEUR;7793735;757;
15.11.2024;16:59:52.094;FSMI SI 20241220 CS;SIMPLE_INSTRUMENT;BLOCK;CHF;9;11630.00000000;500;EXCHANGE_LAST;;1;1;XEUR;7793735;757;
15.11.2024;17:06:13.901;FSMI SI 20241220 CS;SIMPLE_INSTRUMENT;EFP_IDX;CHF;10;11630.00000000;167;EXCHANGE_LAST;;1;1;XEUR;7793735;757;
15.11.2024;17:14:37.986;FSMI SI 20241220 CS;SIMPLE_INSTRUMENT;EFP_IDX;CHF;11;11615.00000000;167;EXCHANGE_LAST;;1;1;XEUR;7793735;757;
15.11.2024;12:14:43.548;FSTA SI 20241220 CS;SIMPLE_INSTRUMENT;BLOCK;EUR;1;537.10000000;251;EXCHANGE_LAST;;1;1;XEUR;10839562;715;
15.11.2024;12:16:10.213;FSTA SI 20241220 CS;SIMPLE_INSTRUMENT;BLOCK;EUR;2;537.70000000;287;EXCHANGE_LAST;;1;1;XEUR;10839562;715;
15.11.2024;16:49:59.163;FSTB SI 20241220 CS;SIMPLE_INSTRUMENT;EFP_IDX;EUR;93;208.00000000;853;EXCHANGE_LAST;;1;1;XEUR;10839561;714;
15.11.2024;16:50:10.067;FSTB SI 20241220 CS;SIMPLE_INSTRUMENT;EFP_IDX;EUR;94;208.05000000;568;EXCHANGE_LAST;;1;1;XEUR;10839561;714;
15.11.2024;16:51:15.113;FSTE SI 20241220 CS;SIMPLE_INSTRUMENT;EFP_IDX;EUR;5;341.80000000;25;EXCHANGE_LAST;;1;1;XEUR;10839564;719;
15.11.2024;16:57:22.780;FSTE SI 20241220 CS;SIMPLE_INSTRUMENT;EFP_IDX;EUR;6;342.30000000;29;EXCHANGE_LAST;;1;1;XEUR;10839564;719;
15.11.2024;16:34:38.507;FSTE SI 20241220 CS;SIMPLE_INSTRUMENT;VOLA;EUR;603979846;342.50000000;42;EXCHANGE_LAST;;1;1;XEUR;10839564;719;
15.11.2024;16:46:01.225;FSTH SI 20241220 CS;SIMPLE_INSTRUMENT;BLOCK;EUR;3;1107.20000000;450;EXCHANGE_LAST;;1;1;XEUR;10839563;716;
15.11.2024;16:55:47.471;FSTL SI 20241220 CS;SIMPLE_INSTRUMENT;EFP_IDX;EUR;103;129.70000000;35;EXCHANGE_LAST;;1;1;XEUR;10839554;706;
15.11.2024;16:55:47.536;FSTL SI 20241220 CS;SIMPLE_INSTRUMENT;EFP_IDX;EUR;104;129.60000000;35;EXCHANGE_LAST;;1;1;XEUR;10839554;706;
15.11.2024;09:22:22.226;FSTS SI 20241220 CS;SIMPLE_INSTRUMENT;VOLA;EUR;603979795;523.90000000;108;EXCHANGE_LAST;;1;1;XEUR;10839557;709;
15.11.2024;10:50:22.799;FTE SI 20271217 PS AM P 8.00 0;SIMPLE_INSTRUMENT;BLOCK;EUR;7;0.82000000;3000;EXCHANGE_LAST;;1;1;XEUR;8783063;724;
15.11.2024;11:55:21.066;FTEG SI 20241220 CS;SIMPLE_INSTRUMENT;BLOCK;EUR;16;9.56560000;75000;EXCHANGE_LAST;;1;1;XEUR;7057046;390378;
15.11.2024;11:55:30.620;FTEG SI 20241220 CS;SIMPLE_INSTRUMENT;BLOCK;EUR;17;9.56560000;75000;EXCHANGE_LAST;;1;1;XEUR;7057046;390378;
15.11.2024;15:22:32.209;FUEM SI 20241220 CS;SIMPLE_INSTRUMENT;BLOCK;USD;71;113.85000000;100;EXCHANGE_LAST;;1;1;XEUR;10921824;772680;
15.11.2024;15:15:48.978;FUHY SI 20241220 CS;SIMPLE_INSTRUMENT;BLOCK;USD;70;681.35000000;100;EXCHANGE_LAST;;1;1;XEUR;11850131;909660;
15.11.2024;16:53:40.616;FXXP SI 20241220 CS;SIMPLE_INSTRUMENT;EFP_IDX;EUR;38;504.10000000;108;EXCHANGE_LAST;;1;1;XEUR;7793976;816;
15.11.2024;16:53:17.628;FXXP SI 20241220 CS;SIMPLE_INSTRUMENT;EFP_IDX;EUR;39;504.20000000;162;EXCHANGE_LAST;;1;1;XEUR;7793976;816;
15.11.2024;16:47:03.764;FXXP SI 20241220 CS;SIMPLE_INSTRUMENT;EFP_IDX;EUR;40;504.10000000;193;EXCHANGE_LAST;;1;1;XEUR;7793976;816;
15.11.2024;16:47:14.235;FXXP SI 20241220 CS;SIMPLE_INSTRUMENT;EFP_IDX;EUR;41;504.20000000;21;EXCHANGE_LAST;;1;1;XEUR;7793976;816;
15.11.2024;08:32:58.894;FXXP SI 20241220 CS;SIMPLE_INSTRUMENT;VOLA;EUR;603979781;504.00000000;191;EXCHANGE_LAST;;1;1;XEUR;7793976;816;
15.11.2024;08:33:14.613;FXXP SI 20241220 CS;SIMPLE_INSTRUMENT;VOLA;EUR;603979782;504.00000000;191;EXCHANGE_LAST;;1;1;XEUR;7793976;816;
15.11.2024;09:45:03.547;FXXP SI 20241220 CS;SIMPLE_INSTRUMENT;VOLA;EUR;603979802;504.60000000;59;EXCHANGE_LAST;;1;1;XEUR;7793976;816;
15.11.2024;09:46:42.883;FXXP SI 20241220 CS;SIMPLE_INSTRUMENT;VOLA;EUR;603979803;504.60000000;59;EXCHANGE_LAST;;1;1;XEUR;7793976;816;
15.11.2024;09:41:46.858;G3ZF SI 20251219 CS;SIMPLE_INSTRUMENT;BLOCK;EUR;3;1.44500000;450;EXCHANGE_LAST;;1;2;XEUR;5914677;144760;
15.11.2024;09:27:40.176;GANG SI 20241115 CS;SIMPLE_INSTRUMENT;BLOCK;EUR;2;22.30000000;3300;EXCHANGE_LAST;;1;1;XEUR;10117625;769;
15.11.2024;09:35:41.217;GIVN.O.241115.BRT.000001;STANDARD_OPTION_STRATEGY;BLOCK;CHF;9;113.75000000;150;EXCHANGE_LAST;;1;1;XEUR;72061425148774603;892;
15.11.2024;09:35:41.217;GIVN SI 20251219 PS AM P 3200.0 0;SIMPLE_INSTRUMENT;BLOCK;CHF;9;120.25000000;150;PRC_DECOMP_EXCHANGE;;;;XEUR;10408117;892;EXCHANGE
15.11.2024;09:35:41.217;GIVN SI 20241220 PS AM P 3200.0 0;SIMPLE_INSTRUMENT;BLOCK;CHF;9;6.50000000;150;PRC_DECOMP_EXCHANGE;;;;XEUR;8785185;892;EXCHANGE
15.11.2024;14:36:52.327;GIVN.O.241115.RBER.000007;STANDARD_OPTION_STRATEGY;BLOCK;CHF;48;-245.00000000;200;EXCHANGE_LAST;;1;1;XEUR;72061425148774609;892;
15.11.2024;14:36:52.327;GIVN SI 20250919 PS AM P 3200.0 0;SIMPLE_INSTRUMENT;BLOCK;CHF;48;93.71000000;400;PRC_DECOMP_EXCHANGE;;;;XEUR;11883627;892;EXCHANGE
15.11.2024;14:36:52.327;GIVN SI 20250919 PS AM P 4000.0 0;SIMPLE_INSTRUMENT;BLOCK;CHF;48;432.42000000;200;PRC_DECOMP_EXCHANGE;;;;XEUR;11883694;892;EXCHANGE
15.11.2024;16:23:38.837;GOCF SI 20241220 CS;SIMPLE_INSTRUMENT;BLOCK;USD;69;173.81540000;216;EXCHANGE_LAST;;1;1;XEUR;7048815;38619;
15.11.2024;14:08:29.877;GZF SI 20260619 PS AM P 14.00 0;SIMPLE_INSTRUMENT;BLOCK;EUR;16;1.41000000;2000;EXCHANGE_LAST;;1;1;XEUR;9550206;855;
15.11.2024;11:15:19.232;HNK SI 20251219 PS AM P 60.00 0;SIMPLE_INSTRUMENT;BLOCK;EUR;5;2.06000000;800;EXCHANGE_LAST;;1;1;XEUR;6165766;947;
15.11.2024;11:15:13.830;HNK SI 20251219 PS AM P 72.00 0;SIMPLE_INSTRUMENT;BLOCK;EUR;6;6.02000000;400;EXCHANGE_LAST;;1;1;XEUR;5932729;947;
15.11.2024;10:02:19.699;HOLN.O.241115.CDIA.000002;STANDARD_OPTION_STRATEGY;BLOCK;CHF;14;-0.92000000;500;EXCHANGE_LAST;;1;1;XEUR;72061644192119533;943;
15.11.2024;10:02:19.699;HOLN SI 20241115 PS AM C 86.00 0;SIMPLE_INSTRUMENT;BLOCK;CHF;14;3.12000000;500;PRC_DECOMP_EXCHANGE;;;;XEUR;11708032;943;EXCHANGE
15.11.2024;10:02:19.699;HOLN SI 20241220 PS AM C 89.00 0;SIMPLE_INSTRUMENT;BLOCK;CHF;14;2.20000000;500;PRC_DECOMP_EXCHANGE;;;;XEUR;11884445;943;EXCHANGE
15.11.2024;11:47:02.739;I2BE SI 20251219 CS;SIMPLE_INSTRUMENT;BLOCK;EUR;13;0.64000000;1000;EXCHANGE_LAST;;1;1;XEUR;3681431;923;
15.11.2024;12:43:27.898;I2BE SI 20261218 CS;SIMPLE_INSTRUMENT;BLOCK;EUR;39;0.60000000;750;EXCHANGE_LAST;;2;1;XEUR;4632507;923;
15.11.2024;10:31:04.700;IFX SI 20250620 PS AM C 34.00 0;SIMPLE_INSTRUMENT;BLOCK;EUR;8;1.94000000;1920;EXCHANGE_LAST;;1;1;XEUR;11362379;902;
15.11.2024;10:31:04.702;IFX SI 20250620 PS AM C 34.00 0;SIMPLE_INSTRUMENT;BLOCK;EUR;9;1.93000000;2080;EXCHANGE_LAST;;1;1;XEUR;11362379;902;
15.11.2024;10:31:26.343;IFX SI 20250620 PS AM P 24.00 0;SIMPLE_INSTRUMENT;BLOCK;EUR;10;0.83000000;4000;EXCHANGE_LAST;;1;1;XEUR;7905927;902;
15.11.2024;10:31:45.500;IFX SI 20250620 PS AM P 28.00 0;SIMPLE_INSTRUMENT;BLOCK;EUR;11;1.99000000;4000;EXCHANGE_LAST;;1;1;XEUR;7905930;902;
15.11.2024;14:00:01.884;IFX.N.241115.000020;NON_STANDARD_OPTION_STRATEGY;BLOCK;EUR;18;3.79000000;1250;EXCHANGE_LAST;;1;1;XEUR;72061468098466724;902;
15.11.2024;14:00:01.884;IFX SI 20250620 PS AM P 28.00 0;SIMPLE_INSTRUMENT;BLOCK;EUR;18;2.07000000;2500;PRC_DECOMP_MEMBER;;;;XEUR;7905930;902;MEMBER
15.11.2024;14:00:01.884;IFX SI 20250321 PS AM C 34.00 0;SIMPLE_INSTRUMENT;BLOCK;EUR;18;1.19000000;1250;PRC_DECOMP_MEMBER;;;;XEUR;10842321;902;MEMBER
15.11.2024;14:00:01.884;IFX SI 20250321 PS AM P 28.00 0;SIMPLE_INSTRUMENT;BLOCK;EUR;18;1.48000000;2500;PRC_DECOMP_MEMBER;;;;XEUR;10842328;902;MEMBER
15.11.2024;14:00:01.884;IFX SI 20250620 PS AM C 34.00 0;SIMPLE_INSTRUMENT;BLOCK;EUR;18;1.90000000;2500;PRC_DECOMP_MEMBER;;;;XEUR;11362379;902;MEMBER
15.11.2024;14:00:15.783;IFX SI 20250321 PS AM C 34.00 0;SIMPLE_INSTRUMENT;BLOCK;EUR;19;1.20000000;1250;EXCHANGE_LAST;;1;1;XEUR;10842321;902;
15.11.2024;13:57:29.363;IGLN SI 20241220 PS AM P 48.25 0;SIMPLE_INSTRUMENT;BLOCK;USD;1;0.30000000;65000;EXCHANGE_LAST;;1;1;XEUR;11009489;75966;
15.11.2024;13:57:29.384;IGLN SI 20241115 PS AM P 48.25 0;SIMPLE_INSTRUMENT;BLOCK;USD;2;0.01000000;40000;EXCHANGE_LAST;;1;1;XEUR;11728259;75966;
15.11.2024;13:57:29.404;IGLN SI 20241220 PS AM P 51.50 0;SIMPLE_INSTRUMENT;BLOCK;USD;3;1.78000000;14004;EXCHANGE_LAST;;1;1;XEUR;11839696;75966;
15.11.2024;13:57:29.404;IGLN SI 20241220 PS AM P 51.50 0;SIMPLE_INSTRUMENT;BLOCK;USD;4;1.76000000;13996;EXCHANGE_LAST;;1;1;XEUR;11839696;75966;
15.11.2024;13:57:29.404;IGLN SI 20241115 PS AM P 49.00 0;SIMPLE_INSTRUMENT;BLOCK;USD;5;0.01000000;20000;EXCHANGE_LAST;;1;1;XEUR;11728261;75966;
15.11.2024;13:57:29.425;IGLN SI 20241115 PS AM P 49.50 0;SIMPLE_INSTRUMENT;BLOCK;USD;6;0.02000000;12000;EXCHANGE_LAST;;1;1;XEUR;11728265;75966;
15.11.2024;12:49:24.609;INN SI 20241220 PS AM P 15.00 0;SIMPLE_INSTRUMENT;BLOCK;EUR;9;0.36000000;2500;EXCHANGE_LAST;;1;1;XEUR;10410254;1014;
15.11.2024;09:14:45.142;KNIN.O.241115.COMBO.000001;STANDARD_OPTION_STRATEGY;BLOCK;CHF;6;1.85000000;200;EXCHANGE_LAST;;1;1;XEUR;72062279847256610;1091;
15.11.2024;09:14:45.142;KNIN SI 20241220 PS AM P 200.00 0;SIMPLE_INSTRUMENT;BLOCK;CHF;6;2.85000000;200;PRC_DECOMP_MEMBER;;;;XEUR;8788115;1091;MEMBER
15.11.2024;09:14:45.142;KNIN SI 20241220 PS AM C 225.00 0;SIMPLE_INSTRUMENT;BLOCK;CHF;6;1.00000000;200;PRC_DECOMP_MEMBER;;;;XEUR;8858220;1091;MEMBER
15.11.2024;11:55:55.119;KNIN SI 20241220 PS AM P 200.00 0;SIMPLE_INSTRUMENT;BLOCK;CHF;31;2.10000000;400;EXCHANGE_LAST;;1;1;XEUR;8788115;1091;
15.11.2024;11:49:58.257;LHA SI 20250117 PS AM C 7.20 0;SIMPLE_INSTRUMENT;BLOCK;EUR;7;0.07000000;5295;EXCHANGE_LAST;;1;1;XEUR;12079565;1126;
15.11.2024;11:49:53.343;LHA SI 20250117 PS AM C 7.20 0;SIMPLE_INSTRUMENT;BLOCK;EUR;8;0.06000000;12353;EXCHANGE_LAST;;1;1;XEUR;12079565;1126;
15.11.2024;11:49:48.521;LHA SI 20241220 PS AM C 7.20 0;SIMPLE_INSTRUMENT;BLOCK;EUR;9;0.02000000;17648;EXCHANGE_LAST;;1;1;XEUR;6846995;1126;
15.11.2024;11:43:44.812;LHA SI 20241220 PS AM C 7.20 0;SIMPLE_INSTRUMENT;BLOCK;EUR;10;0.03000000;17648;EXCHANGE_LAST;;1;1;XEUR;6846995;1126;
15.11.2024;11:44:30.743;LHA SI 20250117 PS AM C 7.20 0;SIMPLE_INSTRUMENT;BLOCK;EUR;11;0.08000000;13530;EXCHANGE_LAST;;1;1;XEUR;12079565;1126;
15.11.2024;11:44:31.382;LHA SI 20250117 PS AM C 7.20 0;SIMPLE_INSTRUMENT;BLOCK;EUR;12;0.05000000;4118;EXCHANGE_LAST;;1;1;XEUR;12079565;1126;
15.11.2024;13:15:08.445;LOR SI 20250321 PS AM P 300.00 0;SIMPLE_INSTRUMENT;BLOCK;EUR;12;8.16000000;150;EXCHANGE_LAST;;1;1;XEUR;10846036;1140;
15.11.2024;13:15:15.321;LOR SI 20250321 PS AM P 360.00 0;SIMPLE_INSTRUMENT;BLOCK;EUR;13;38.78000000;150;EXCHANGE_LAST;;1;1;XEUR;10846067;1140;
15.11.2024;13:28:11.061;LOR.O.241115.BER.000007;STANDARD_OPTION_STRATEGY;BLOCK;EUR;14;32.00000000;150;EXCHANGE_LAST;;1;1;XEUR;72062490300662682;1140;
15.11.2024;13:28:11.061;LOR SI 20250620 PS AM P 360.00 0;SIMPLE_INSTRUMENT;BLOCK;EUR;14;45.26000000;150;PRC_DECOMP_EXCHANGE;;;;XEUR;7907957;1140;EXCHANGE
15.11.2024;13:28:11.061;LOR SI 20250620 PS AM P 300.00 0;SIMPLE_INSTRUMENT;BLOCK;EUR;14;13.26000000;150;PRC_DECOMP_EXCHANGE;;;;XEUR;11366654;1140;EXCHANGE
15.11.2024;13:50:58.563;LOR SI 20250919 PS AM P 280.00 0;SIMPLE_INSTRUMENT;BLOCK;EUR;15;10.25000000;150;EXCHANGE_LAST;;1;1;XEUR;11887916;1140;
15.11.2024;15:02:19.568;LOR.O.241115.BRT.000008;STANDARD_OPTION_STRATEGY;BLOCK;EUR;26;0.00000000;400;EXCHANGE_LAST;;1;2;XEUR;72062490300662683;1140;
15.11.2024;15:02:19.568;LOR SI 20250321 PS AM P 440.00 0;SIMPLE_INSTRUMENT;BLOCK;EUR;26;112.48000000;400;PRC_DECOMP_EXCHANGE;;;;XEUR;10846079;1140;EXCHANGE
15.11.2024;15:02:19.568;LOR SI 20241220 PS AM P 440.00 0;SIMPLE_INSTRUMENT;BLOCK;EUR;26;112.48000000;400;PRC_DECOMP_EXCHANGE;;;;XEUR;10412521;1140;EXCHANGE
15.11.2024;15:12:53.225;LOR SI 20251219 PS AM P 320.00 0;SIMPLE_INSTRUMENT;BLOCK;EUR;28;26.50000000;200;EXCHANGE_LAST;;1;1;XEUR;5936383;1140;
15.11.2024;14:24:27.065;MCH SI 20251219 PS AM P 28.00 0;SIMPLE_INSTRUMENT;BLOCK;EUR;17;1.59000000;500;EXCHANGE_LAST;;1;1;XEUR;7887458;1043;
15.11.2024;16:29:35.806;MON SI 20260618 PS AM P 48.00 0;SIMPLE_INSTRUMENT;BLOCK;EUR;13;6.60000000;200;EXCHANGE_LAST;;1;1;XEUR;11339781;31803;
15.11.2024;10:50:49.517;MRK.O.241115.BUL.000004;STANDARD_OPTION_STRATEGY;BLOCK;EUR;1;2.98000000;400;EXCHANGE_LAST;;1;1;XEUR;72062846782944202;1223;
15.11.2024;10:50:49.517;MRK SI 20250321 PS AM C 156.00 0;SIMPLE_INSTRUMENT;BLOCK;EUR;1;4.51000000;400;PRC_DECOMP_EXCHANGE;;;;XEUR;11474999;1223;EXCHANGE
15.11.2024;10:50:49.517;MRK SI 20250321 PS AM C 170.00 0;SIMPLE_INSTRUMENT;BLOCK;EUR;1;1.53000000;400;PRC_DECOMP_EXCHANGE;;;;XEUR;10848607;1223;EXCHANGE
15.11.2024;16:30:03.272;MUV2 SI 20241220 PS AM P 460.00 0;SIMPLE_INSTRUMENT;BLOCK;EUR;6;6.00000000;200;EXCHANGE_LAST;;1;1;XEUR;10804814;1234;
15.11.2024;15:05:00.987;N2ES SI 20250620 CS;SIMPLE_INSTRUMENT;BLOCK;CHF;58;3.05000000;150;EXCHANGE_LAST;;2;1;XEUR;10848664;1240;
15.11.2024;10:16:14.249;NESE.O.241115.COMBO.000006;STANDARD_OPTION_STRATEGY;BLOCK;CHF;18;1.17000000;6500;EXCHANGE_LAST;;2;4;XEUR;72062992811833595;1257;
15.11.2024;10:16:14.249;NESE SI 20250919 PS EU C 86.00 0;SIMPLE_INSTRUMENT;BLOCK;CHF;18;1.28000000;6500;PRC_DECOMP_EXCHANGE;;;;XEUR;11946436;1257;EXCHANGE
15.11.2024;10:16:14.249;NESE SI 20250919 PS EU P 72.00 0;SIMPLE_INSTRUMENT;BLOCK;CHF;18;2.45000000;6500;PRC_DECOMP_EXCHANGE;;;;XEUR;11891086;1257;EXCHANGE
15.11.2024;15:09:30.059;NESE.O.241115.CNV.000012;STANDARD_OPTION_STRATEGY;BLOCK;CHF;56;-21.36000000;2000;EXCHANGE_LAST;;1;1;XEUR;72062992811833601;1257;
15.11.2024;15:09:30.059;NESE SI 20250321 PS EU P 100.00 0;SIMPLE_INSTRUMENT;BLOCK;CHF;56;21.78000000;2000;PRC_DECOMP_EXCHANGE;;;;XEUR;10849592;1257;EXCHANGE
15.11.2024;15:09:30.059;NESE SI 20250321 PS EU C 100.00 0;SIMPLE_INSTRUMENT;BLOCK;CHF;56;0.42000000;2000;PRC_DECOMP_EXCHANGE;;;;XEUR;10849595;1257;EXCHANGE
15.11.2024;15:39:01.654;NESG SI 20241220 CS;SIMPLE_INSTRUMENT;BLOCK;CHF;65;77.89000000;1000;EXCHANGE_LAST;;1;1;XEUR;7041289;1256;
15.11.2024;09:35:51.694;NESN.O.241115.PDIA.000009;STANDARD_OPTION_STRATEGY;BLOCK;CHF;10;-4.87000000;2500;EXCHANGE_LAST;;1;1;XEUR;72063018581699076;1263;
15.11.2024;09:35:51.694;NESN SI 20241220 PS AM P 84.00 0;SIMPLE_INSTRUMENT;BLOCK;CHF;10;5.86000000;2500;PRC_DECOMP_EXCHANGE;;;;XEUR;4652628;1263;EXCHANGE
15.11.2024;09:35:51.694;NESN SI 20250620 PS AM P 68.00 0;SIMPLE_INSTRUMENT;BLOCK;CHF;10;0.99000000;2500;PRC_DECOMP_EXCHANGE;;;;XEUR;8134428;1263;EXCHANGE
15.11.2024;10:04:44.418;NESN SI 20241122 PS AM C 81.00 0;SIMPLE_INSTRUMENT;BLOCK;CHF;16;0.39000000;2000;EXCHANGE_LAST;;1;1;XEUR;12043264;1263;
15.11.2024;13:39:03.208;NESN.O.241115.BER.000016;STANDARD_OPTION_STRATEGY;BLOCK;CHF;42;7.80000000;3500;EXCHANGE_LAST;;2;2;XEUR;72063018581699083;1263;
15.11.2024;13:39:03.208;NESN SI 20251219 PS AM P 84.00 0;SIMPLE_INSTRUMENT;BLOCK;CHF;42;9.71000000;3500;PRC_DECOMP_EXCHANGE;;;;XEUR;5937991;1263;EXCHANGE
15.11.2024;13:39:03.208;NESN SI 20251219 PS AM P 68.00 0;SIMPLE_INSTRUMENT;BLOCK;CHF;42;1.91000000;3500;PRC_DECOMP_EXCHANGE;;;;XEUR;6166164;1263;EXCHANGE
15.11.2024;15:38:24.115;NESP SI 20241220 PS;SIMPLE_INSTRUMENT;BLOCK;CHF;64;77.89000000;2000;EXCHANGE_LAST;;1;1;XEUR;7053601;156157;
15.11.2024;11:15:39.691;NOA3 SI 20241220 PS AM P 4.00 0;SIMPLE_INSTRUMENT;BLOCK;EUR;7;0.05000000;11250;EXCHANGE_LAST;;1;1;XEUR;4652906;1275;
15.11.2024;11:15:57.685;NOA3 SI 20241220 PS AM P 4.00 0;SIMPLE_INSTRUMENT;BLOCK;EUR;8;0.06000000;3750;EXCHANGE_LAST;;1;1;XEUR;4652906;1275;
15.11.2024;15:13:43.235;NOA3 SI 20241220 PS AM P 3.20 0;SIMPLE_INSTRUMENT;BLOCK;EUR;12;0.02000000;7500;EXCHANGE_LAST;;1;1;XEUR;4652902;1275;
15.11.2024;12:51:21.059;NOVN SI 20250321 PS AM P 92.00 0;SIMPLE_INSTRUMENT;BLOCK;CHF;35;4.72000000;2000;EXCHANGE_LAST;;1;2;XEUR;10891577;724745;
15.11.2024;13:45:57.171;NOVN SI 20250919 PS AM P 88.00 0;SIMPLE_INSTRUMENT;BLOCK;CHF;43;4.70000000;1000;EXCHANGE_LAST;;1;2;XEUR;11933165;724745;
15.11.2024;13:57:59.417;NOVN SI 20241220 PS AM C 94.00 0;SIMPLE_INSTRUMENT;BLOCK;CHF;45;1.03000000;750;EXCHANGE_LAST;;1;1;XEUR;10614398;724745;
15.11.2024;14:11:43.242;ODAX SI 20241220 CS EU P 18800 0;SIMPLE_INSTRUMENT;BLOCK;EUR;5;161.50000000;1600;EXCHANGE_LAST;;1;1;XEUR;9516386;1176;
15.11.2024;14:12:17.037;ODAX SI 20241220 CS EU P 17800 0;SIMPLE_INSTRUMENT;BLOCK;EUR;6;46.00000000;1081;EXCHANGE_LAST;;1;1;XEUR;9516390;1176;
15.11.2024;14:12:17.608;ODAX SI 20241220 CS EU P 17800 0;SIMPLE_INSTRUMENT;BLOCK;EUR;7;45.90000000;519;EXCHANGE_LAST;;1;1;XEUR;9516390;1176;
15.11.2024;09:46:39.639;ODAX.V.241115.PUT+U.000162;OPTION_VOLATILITY_STRATEGY;BLOCK;EUR;671088641;286.00000000;16;EXCHANGE_LAST;;1;2;XEUR;72062644920387462;1176;
15.11.2024;09:46:39.639;FDAX SI 20241220 CS;SIMPLE_INSTRUMENT;BLOCK;EUR;671088641;19240.00000000;96;PRC_DECOMP_MEMBER;;;;XEUR;7296065;1176;MEMBER
15.11.2024;09:46:39.639;ODAX SI 20250321 CS EU P 18200 0;SIMPLE_INSTRUMENT;BLOCK;EUR;671088641;286.00000000;2000;PRC_DECOMP_MEMBER;;;;XEUR;10364172;1176;MEMBER
15.11.2024;10:28:17.736;ODAX.V.241115.CNV-U.000191;OPTION_VOLATILITY_STRATEGY;BLOCK;EUR;671088642;-63.00000000;5;EXCHANGE_LAST;;1;1;XEUR;72062644920387491;1176;
15.11.2024;10:28:17.736;FDAX SI 20241220 CS;SIMPLE_INSTRUMENT;BLOCK;EUR;671088642;19200.00000000;100;PRC_DECOMP_EXCHANGE;;;;XEUR;7296065;1176;EXCHANGE
15.11.2024;10:28:17.736;ODAX SI 20241115 CS EU C 19200 0;SIMPLE_INSTRUMENT;BLOCK;EUR;671088642;5.00000000;500;PRC_DECOMP_EXCHANGE;;;;XEUR;11711609;1176;EXCHANGE
15.11.2024;10:28:17.736;ODAX SI 20241115 CS EU P 19200 0;SIMPLE_INSTRUMENT;BLOCK;EUR;671088642;68.00000000;500;PRC_DECOMP_EXCHANGE;;;;XEUR;11711611;1176;EXCHANGE
15.11.2024;10:28:41.162;ODAX.V.241115.CNV-U.000191;OPTION_VOLATILITY_STRATEGY;BLOCK;EUR;671088643;-63.00000000;12;EXCHANGE_LAST;;1;1;XEUR;72062644920387491;1176;
15.11.2024;10:28:41.162;ODAX SI 20241115 CS EU C 19200 0;SIMPLE_INSTRUMENT;BLOCK;EUR;671088643;4.70000000;1200;PRC_DECOMP_EXCHANGE;;;;XEUR;11711609;1176;EXCHANGE
15.11.2024;10:28:41.162;FDAX SI 20241220 CS;SIMPLE_INSTRUMENT;BLOCK;EUR;671088643;19200.00000000;240;PRC_DECOMP_EXCHANGE;;;;XEUR;7296065;1176;EXCHANGE
15.11.2024;10:28:41.162;ODAX SI 20241115 CS EU P 19200 0;SIMPLE_INSTRUMENT;BLOCK;EUR;671088643;67.70000000;1200;PRC_DECOMP_EXCHANGE;;;;XEUR;11711611;1176;EXCHANGE
15.11.2024;11:45:38.080;ODAX.V.241115.CNV-U.000231;OPTION_VOLATILITY_STRATEGY;BLOCK;EUR;671088644;-63.30000000;2;EXCHANGE_LAST;;1;1;XEUR;72062644920387531;1176;
15.11.2024;11:45:38.080;ODAX SI 20241115 CS EU P 19200 0;SIMPLE_INSTRUMENT;BLOCK;EUR;671088644;63.40000000;350;PRC_DECOMP_EXCHANGE;;;;XEUR;11711611;1176;EXCHANGE
15.11.2024;11:45:38.080;FDAX SI 20241220 CS;SIMPLE_INSTRUMENT;BLOCK;EUR;671088644;19200.00000000;70;PRC_DECOMP_EXCHANGE;;;;XEUR;7296065;1176;EXCHANGE
15.11.2024;11:45:38.080;ODAX SI 20241115 CS EU C 19200 0;SIMPLE_INSTRUMENT;BLOCK;EUR;671088644;0.10000000;350;PRC_DECOMP_EXCHANGE;;;;XEUR;11711609;1176;EXCHANGE
15.11.2024;13:31:36.956;OEDV.V.241115.STD+U.000002;OPTION_VOLATILITY_STRATEGY;BLOCK;EUR;603979816;54.00000000;20;EXCHANGE_LAST;;1;1;XEUR;72062696459082068;1188;
15.11.2024;13:31:36.956;FEDV SI 20241220 CS;SIMPLE_INSTRUMENT;BLOCK;EUR;603979816;1628.00000000;500;PRC_DECOMP_EXCHANGE;;;;XEUR;10838883;1188;EXCHANGE
15.11.2024;13:31:36.956;OEDV SI 20241220 CS EU P 1650 0;SIMPLE_INSTRUMENT;BLOCK;EUR;603979816;38.70000000;2000;PRC_DECOMP_EXCHANGE;;;;XEUR;10413315;1188;EXCHANGE
15.11.2024;13:31:36.956;OEDV SI 20241220 CS EU C 1650 0;SIMPLE_INSTRUMENT;BLOCK;EUR;603979816;15.30000000;2000;PRC_DECOMP_EXCHANGE;;;;XEUR;10413282;1188;EXCHANGE
15.11.2024;14:06:29.054;OEDV.V.241115.STD+U.000003;OPTION_VOLATILITY_STRATEGY;BLOCK;EUR;603979819;54.00000000;2;EXCHANGE_LAST;;1;1;XEUR;72062696459082069;1188;
15.11.2024;14:06:29.054;OEDV SI 20241220 CS EU C 1650 0;SIMPLE_INSTRUMENT;BLOCK;EUR;603979819;15.30000000;750;PRC_DECOMP_MEMBER;;;;XEUR;10413282;1188;MEMBER
15.11.2024;14:06:29.054;FEDV SI 20241220 CS;SIMPLE_INSTRUMENT;BLOCK;EUR;603979819;1628.00000000;188;PRC_DECOMP_MEMBER;;;;XEUR;10838883;1188;MEMBER
15.11.2024;14:06:29.054;OEDV SI 20241220 CS EU P 1650 0;SIMPLE_INSTRUMENT;BLOCK;EUR;603979819;38.70000000;750;PRC_DECOMP_MEMBER;;;;XEUR;10413315;1188;MEMBER
15.11.2024;11:21:33.418;OESB SI 20241220 CS EU P 134.0 0;SIMPLE_INSTRUMENT;BLOCK;EUR;33;0.75000000;6000;EXCHANGE_LAST;;1;1;XEUR;11889227;1195;
15.11.2024;11:18:51.729;OESB.V.241115.PUT+U.000052;OPTION_VOLATILITY_STRATEGY;BLOCK;EUR;603979807;0.40000000;100;EXCHANGE_LAST;;1;1;XEUR;72062726523971108;1195;
15.11.2024;11:18:51.729;OESB SI 20241220 CS EU P 129.0 0;SIMPLE_INSTRUMENT;BLOCK;EUR;603979807;0.40000000;10000;PRC_DECOMP_EXCHANGE;;;;XEUR;11889100;1195;EXCHANGE
15.11.2024;11:18:51.729;FESB SI 20241220 CS;SIMPLE_INSTRUMENT;BLOCK;EUR;603979807;145.10000000;600;PRC_DECOMP_EXCHANGE;;;;XEUR;10838895;1195;EXCHANGE
15.11.2024;12:54:53.947;OESB.V.241115.BLT-U.000059;OPTION_VOLATILITY_STRATEGY;BLOCK;EUR;603979813;1.20000000;120;EXCHANGE_LAST;;2;1;XEUR;72062726523971115;1195;
15.11.2024;12:54:53.947;FESB SI 20241220 CS;SIMPLE_INSTRUMENT;BLOCK;EUR;603979813;145.90000000;600;PRC_DECOMP_EXCHANGE;;;;XEUR;10838895;1195;EXCHANGE
15.11.2024;12:54:53.947;OESB SI 20241220 CS EU C 148.0 0;SIMPLE_INSTRUMENT;BLOCK;EUR;603979813;2.40000000;12000;PRC_DECOMP_EXCHANGE;;;;XEUR;11592356;1195;EXCHANGE
15.11.2024;12:54:53.947;OESB SI 20250117 CS EU C 148.0 0;SIMPLE_INSTRUMENT;BLOCK;EUR;603979813;3.60000000;12000;PRC_DECOMP_EXCHANGE;;;;XEUR;12081141;1195;EXCHANGE
15.11.2024;13:07:19.915;OESB.V.241115.PUT+U.000060;OPTION_VOLATILITY_STRATEGY;BLOCK;EUR;603979815;0.45000000;60;EXCHANGE_LAST;;1;1;XEUR;72062726523971116;1195;
15.11.2024;13:07:19.915;FESB SI 20241220 CS;SIMPLE_INSTRUMENT;BLOCK;EUR;603979815;145.50000000;480;PRC_DECOMP_EXCHANGE;;;;XEUR;10838895;1195;EXCHANGE
15.11.2024;13:07:19.915;OESB SI 20241220 CS EU P 130.0 0;SIMPLE_INSTRUMENT;BLOCK;EUR;603979815;0.45000000;6000;PRC_DECOMP_EXCHANGE;;;;XEUR;6911863;1195;EXCHANGE
15.11.2024;15:01:42.507;OESB.V.241115.CNV-U.000063;OPTION_VOLATILITY_STRATEGY;BLOCK;EUR;603979823;-4.95000000;120;EXCHANGE_LAST;;1;2;XEUR;72062726523971119;1195;
15.11.2024;15:01:42.507;OESB SI 20251219 CS EU P 145.0 0;SIMPLE_INSTRUMENT;BLOCK;EUR;603979823;14.70000000;12000;PRC_DECOMP_EXCHANGE;;;;XEUR;9168596;1195;EXCHANGE
15.11.2024;15:01:42.507;OESB SI 20251219 CS EU C 145.0 0;SIMPLE_INSTRUMENT;BLOCK;EUR;603979823;9.75000000;12000;PRC_DECOMP_EXCHANGE;;;;XEUR;9168579;1195;EXCHANGE
15.11.2024;15:01:42.507;FESB SI 20241220 CS;SIMPLE_INSTRUMENT;BLOCK;EUR;603979823;145.00000000;12000;PRC_DECOMP_EXCHANGE;;;;XEUR;10838895;1195;EXCHANGE
15.11.2024;15:55:22.012;OESB.V.241115.PUT+U.000066;OPTION_VOLATILITY_STRATEGY;BLOCK;EUR;603979832;0.90000000;60;EXCHANGE_LAST;;1;1;XEUR;72062726523971122;1195;
15.11.2024;15:55:22.012;OESB SI 20241220 CS EU P 135.0 0;SIMPLE_INSTRUMENT;BLOCK;EUR;603979832;0.90000000;6000;PRC_DECOMP_EXCHANGE;;;;XEUR;7566429;1195;EXCHANGE
15.11.2024;15:55:22.012;FESB SI 20241220 CS;SIMPLE_INSTRUMENT;BLOCK;EUR;603979832;145.40000000;900;PRC_DECOMP_EXCHANGE;;;;XEUR;10838895;1195;EXCHANGE
15.11.2024;12:03:34.246;OESI.V.241115.PUT+U.000001;OPTION_VOLATILITY_STRATEGY;BLOCK;EUR;603979811;4.60000000;5;EXCHANGE_LAST;;1;1;XEUR;72062765178557792;1204;
15.11.2024;12:03:34.246;FESI SI 20241220 CS;SIMPLE_INSTRUMENT;BLOCK;EUR;603979811;418.80000000;155;PRC_DECOMP_EXCHANGE;;;;XEUR;10839433;1204;EXCHANGE
15.11.2024;12:03:34.246;OESI SI 20241220 CS EU P 410 0;SIMPLE_INSTRUMENT;BLOCK;EUR;603979811;4.60000000;500;PRC_DECOMP_EXCHANGE;;;;XEUR;10414419;1204;EXCHANGE
15.11.2024;15:17:38.682;OESO.V.241115.PUT+U.000001;OPTION_VOLATILITY_STRATEGY;BLOCK;EUR;603979826;9.20000000;2;EXCHANGE_LAST;;1;1;XEUR;72062747998684180;1200;
15.11.2024;15:17:38.682;OESO SI 20250321 CS EU P 440 0;SIMPLE_INSTRUMENT;BLOCK;EUR;603979826;9.20000000;210;PRC_DECOMP_MEMBER;;;;XEUR;10847313;1200;MEMBER
15.11.2024;15:17:38.682;FESO SI 20241220 CS;SIMPLE_INSTRUMENT;BLOCK;EUR;603979826;456.00000000;66;PRC_DECOMP_MEMBER;;;;XEUR;10839308;1200;MEMBER
15.11.2024;15:17:46.461;OESO.V.241115.PUT+U.000001;OPTION_VOLATILITY_STRATEGY;BLOCK;EUR;603979827;9.30000000;2;EXCHANGE_LAST;;1;1;XEUR;72062747998684180;1200;
15.11.2024;15:17:46.461;OESO SI 20250321 CS EU P 440 0;SIMPLE_INSTRUMENT;BLOCK;EUR;603979827;9.30000000;210;PRC_DECOMP_MEMBER;;;;XEUR;10847313;1200;MEMBER
15.11.2024;15:17:46.461;FESO SI 20241220 CS;SIMPLE_INSTRUMENT;BLOCK;EUR;603979827;456.00000000;66;PRC_DECOMP_MEMBER;;;;XEUR;10839308;1200;MEMBER
15.11.2024;09:13:47.283;OESS SI 20241220 CS EU P 170 0;SIMPLE_INSTRUMENT;BLOCK;EUR;11;2.40000000;485;EXCHANGE_LAST;;1;1;XEUR;10414943;1214;
15.11.2024;09:14:30.467;OESS SI 20241220 CS EU P 170 0;SIMPLE_INSTRUMENT;BLOCK;EUR;13;2.10000000;485;EXCHANGE_LAST;;1;1;XEUR;10414943;1214;
15.11.2024;09:05:34.471;OESX.O.241115.STG.000207;STANDARD_OPTION_STRATEGY;BLOCK;EUR;14;144.60000000;3000;EXCHANGE_LAST;;1;1;XEUR;72062790950166517;1210;
15.11.2024;09:05:34.471;OESX SI 20250620 CS EU C 5300 0;SIMPLE_INSTRUMENT;BLOCK;EUR;14;37.70000000;3000;PRC_DECOMP_MEMBER;;;;XEUR;9019679;1210;MEMBER
