#Date;TrdTime;Contract;ContractType;TrdTyp;Currency;TesId;Prc;Qty;TrdInd;Aggressor;Buy;Sell;Exch;InstrumentId;RelatedProdId;PrcDecomp
23.04.2025;14:46:54.841;A2SG SI 20250620 CS;SIMPLE_INSTRUMENT;BLOCK;EUR;81;1.43000000;438;EXCHANGE_LAST;;1;2;XEUR;10827627;14;
23.04.2025;10:37:49.964;A2XA SI 20261218 CS;SIMPLE_INSTRUMENT;BLOCK;EUR;27;2.25500000;300;EXCHANGE_LAST;;1;1;XEUR;4632093;17;
23.04.2025;15:50:46.429;A2XA SI 20250620 CS;SIMPLE_INSTRUMENT;BLOCK;EUR;96;2.15000000;520;EXCHANGE_LAST;;1;2;XEUR;10827630;17;
23.04.2025;09:20:39.429;ABBN SI 20260619 PS AM C 40.00 0;SIMPLE_INSTRUMENT;BLOCK;CHF;13;5.90000000;2000;EXCHANGE_LAST;;1;1;XEUR;9600928;574517;
23.04.2025;14:55:21.679;ABBN SI 20250516 PS AM P 39.50 0;SIMPLE_INSTRUMENT;BLOCK;CHF;56;0.43000000;1600;EXCHANGE_LAST;;1;1;XEUR;12923870;574517;
23.04.2025;10:32:01.908;ACC SI 20260320 PS AM P 36.00 0;SIMPLE_INSTRUMENT;BLOCK;CHF;26;2.50000000;500;EXCHANGE_LAST;;1;1;XEUR;13053047;626616;
23.04.2025;09:18:07.183;ADS.O.250423.BER.000003;STANDARD_OPTION_STRATEGY;BLOCK;EUR;4;24.90000000;350;EXCHANGE_LAST;;1;1;XEUR;72057808786332802;50;
23.04.2025;09:18:07.183;ADS SI 20250620 PS AM P 250.00 0;SIMPLE_INSTRUMENT;BLOCK;EUR;4;42.55000000;350;PRC_DECOMP_EXCHANGE;;;;XEUR;12330808;50;EXCHANGE
23.04.2025;09:18:07.183;ADS SI 20250620 PS AM P 220.00 0;SIMPLE_INSTRUMENT;BLOCK;EUR;4;17.65000000;350;PRC_DECOMP_EXCHANGE;;;;XEUR;11297076;50;EXCHANGE
23.04.2025;10:22:16.016;ADS SI 20251219 PS AM C 240.00 0;SIMPLE_INSTRUMENT;BLOCK;EUR;6;10.20000000;500;EXCHANGE_LAST;;1;1;XEUR;5919899;50;
23.04.2025;10:25:29.315;ADS SI 20250718 PS AM P 182.00 0;SIMPLE_INSTRUMENT;BLOCK;EUR;7;4.03000000;693;EXCHANGE_LAST;;1;1;XEUR;13234413;50;
23.04.2025;15:18:51.973;ADS SI 20260619 PS AM P 240.00 0;SIMPLE_INSTRUMENT;BLOCK;EUR;13;42.10000000;600;EXCHANGE_LAST;;2;1;XEUR;9536500;50;
23.04.2025;15:32:32.030;AIR.O.250423.COMBO.000002;STANDARD_OPTION_STRATEGY;BLOCK;EUR;37;-2.65000000;300;EXCHANGE_LAST;;1;1;XEUR;72057868915849896;64;
23.04.2025;15:32:32.030;AIR SI 20250620 PS AM P 142.00 0;SIMPLE_INSTRUMENT;BLOCK;EUR;37;0.43000000;300;PRC_DECOMP_EXCHANGE;;;;XEUR;13132365;64;EXCHANGE
23.04.2025;15:32:32.030;AIR SI 20250620 PS AM C 180.00 0;SIMPLE_INSTRUMENT;BLOCK;EUR;37;3.08000000;300;PRC_DECOMP_EXCHANGE;;;;XEUR;11290287;64;EXCHANGE
23.04.2025;12:20:04.735;ALC SI 20250620 PS AM P 82.00 0;SIMPLE_INSTRUMENT;BLOCK;CHF;42;6.25000000;650;EXCHANGE_LAST;;1;1;XEUR;11274326;130134;
23.04.2025;08:04:45.709;ALV SI 20250919 PS AM C 360.00 0;SIMPLE_INSTRUMENT;BLOCK;EUR;1;14.00000000;300;EXCHANGE_LAST;;1;1;XEUR;11871542;74;
23.04.2025;08:04:46.317;ALV SI 20250919 PS AM P 340.00 0;SIMPLE_INSTRUMENT;BLOCK;EUR;2;15.70000000;300;EXCHANGE_LAST;;1;1;XEUR;11871543;74;
23.04.2025;08:21:15.004;ALV SI 20260619 PS AM C 380.00 0;SIMPLE_INSTRUMENT;BLOCK;EUR;3;17.70000000;357;EXCHANGE_LAST;;1;1;XEUR;12604558;74;
23.04.2025;09:19:05.117;ALV SI 20260619 PS AM P 310.00 0;SIMPLE_INSTRUMENT;BLOCK;EUR;4;18.50000000;600;EXCHANGE_LAST;;1;1;XEUR;12715885;74;
23.04.2025;09:19:13.531;ALV SI 20260619 PS AM C 310.00 0;SIMPLE_INSTRUMENT;BLOCK;EUR;5;58.00000000;600;EXCHANGE_LAST;;1;1;XEUR;12715881;74;
23.04.2025;09:19:22.550;ALV SI 20260619 PS AM P 340.00 0;SIMPLE_INSTRUMENT;BLOCK;EUR;6;31.00000000;1000;EXCHANGE_LAST;;1;1;XEUR;12604567;74;
23.04.2025;10:31:18.179;ANN SI 20250919 PS AM P 26.70 0;SIMPLE_INSTRUMENT;BLOCK;EUR;11;1.74000000;2000;EXCHANGE_LAST;;1;1;XEUR;13075485;45202;
23.04.2025;13:59:58.311;ANN.O.250423.BUL.000011;STANDARD_OPTION_STRATEGY;BLOCK;EUR;23;1.25000000;4000;EXCHANGE_LAST;;1;1;XEUR;72251735149670325;45202;
23.04.2025;13:59:58.311;ANN SI 20251219 PS AM C 36.00 0;SIMPLE_INSTRUMENT;BLOCK;EUR;23;0.44000000;4000;PRC_DECOMP_EXCHANGE;;;;XEUR;7065390;45202;EXCHANGE
23.04.2025;13:59:58.311;ANN SI 20251219 PS AM C 30.00 0;SIMPLE_INSTRUMENT;BLOCK;EUR;23;1.69000000;4000;PRC_DECOMP_EXCHANGE;;;;XEUR;9466242;45202;EXCHANGE
23.04.2025;14:46:44.421;ASGF SI 20250619 CS;SIMPLE_INSTRUMENT;BLOCK;EUR;80;29.59000000;5000;EXCHANGE_LAST;;1;2;XEUR;12186943;949862;
23.04.2025;09:20:53.279;AXA SI 20260320 PS AM C 42.00 0;SIMPLE_INSTRUMENT;BLOCK;EUR;9;2.12000000;4000;EXCHANGE_LAST;;1;1;XEUR;12996534;127;
23.04.2025;09:48:04.185;AXA SI 20260619 PS AM P 34.00 0;SIMPLE_INSTRUMENT;BLOCK;EUR;10;2.35000000;4500;EXCHANGE_LAST;;1;1;XEUR;12748950;127;
23.04.2025;09:48:28.809;AXA SI 20260619 PS AM P 38.00 0;SIMPLE_INSTRUMENT;BLOCK;EUR;11;3.94000000;6000;EXCHANGE_LAST;;1;1;XEUR;12748948;127;
23.04.2025;09:48:49.579;AXA SI 20260619 PS AM P 38.00 0;SIMPLE_INSTRUMENT;BLOCK;EUR;12;3.95000000;1500;EXCHANGE_LAST;;1;1;XEUR;12748948;127;
23.04.2025;09:49:17.500;AXA SI 20260619 PS AM C 34.00 0;SIMPLE_INSTRUMENT;BLOCK;EUR;13;6.90000000;4500;EXCHANGE_LAST;;1;1;XEUR;12748971;127;
23.04.2025;15:49:19.897;AXAG SI 20250620 CS;SIMPLE_INSTRUMENT;BLOCK;EUR;95;38.70000000;6000;EXCHANGE_LAST;;1;2;XEUR;11168731;125;
23.04.2025;11:33:25.903;B2AS SI 20250620 CS;SIMPLE_INSTRUMENT;BLOCK;EUR;44;2.25000000;164;EXCHANGE_LAST;;1;1;XEUR;10830335;140;
23.04.2025;13:42:35.222;B2AS SI 20271217 CS;SIMPLE_INSTRUMENT;BLOCK;EUR;63;1.92000000;250;EXCHANGE_LAST;;2;1;XEUR;5914347;140;
23.04.2025;14:14:58.930;B2MW SI 20261218 CS;SIMPLE_INSTRUMENT;BLOCK;EUR;74;3.07000000;100;EXCHANGE_LAST;;1;1;XEUR;4632168;128;
23.04.2025;08:29:04.670;B2NP SI 20261218 CS;SIMPLE_INSTRUMENT;BLOCK;EUR;3;4.81000000;200;EXCHANGE_LAST;;1;1;XEUR;6798320;131;
23.04.2025;09:11:20.367;B2NP SI 20251219 CS;SIMPLE_INSTRUMENT;BLOCK;EUR;7;7.35000000;100;EXCHANGE_LAST;;1;1;XEUR;5914355;131;
23.04.2025;09:20:02.090;B2NP SI 20251219 CS;SIMPLE_INSTRUMENT;BLOCK;EUR;10;7.36000000;250;EXCHANGE_LAST;;1;1;XEUR;5914355;131;
23.04.2025;15:28:36.810;B2NP SI 20251219 CS;SIMPLE_INSTRUMENT;BLOCK;EUR;88;7.36000000;500;EXCHANGE_LAST;;1;1;XEUR;5914355;131;
23.04.2025;11:07:58.693;B3BV SI 20251219 CS;SIMPLE_INSTRUMENT;BLOCK;EUR;29;0.69000000;2000;EXCHANGE_LAST;;1;1;XEUR;5914370;135;
23.04.2025;07:40:44.778;BAS SI 20250620 PS AM C 50.00 0;SIMPLE_INSTRUMENT;BLOCK;EUR;1;0.26000000;4353;EXCHANGE_LAST;;1;1;XEUR;10779749;150;
23.04.2025;07:58:56.663;BAS SI 20250919 PS AM C 48.00 0;SIMPLE_INSTRUMENT;BLOCK;EUR;3;1.50000000;1000;EXCHANGE_LAST;;1;1;XEUR;11873025;150;
23.04.2025;08:10:58.512;BAS SI 20250919 PS AM C 48.00 0;SIMPLE_INSTRUMENT;BLOCK;EUR;4;1.50000000;500;EXCHANGE_LAST;;1;1;XEUR;11873025;150;
23.04.2025;12:50:27.990;BAS SI 20250919 PS AM P 42.00 0;SIMPLE_INSTRUMENT;BLOCK;EUR;7;3.18000000;800;EXCHANGE_LAST;;1;1;XEUR;11872869;150;
23.04.2025;12:50:43.099;BAS SI 20260320 PS AM C 60.00 0;SIMPLE_INSTRUMENT;BLOCK;EUR;8;0.58000000;1200;EXCHANGE_LAST;;1;1;XEUR;12996468;150;
23.04.2025;13:01:12.604;BAS SI 20281215 PS AM P 40.00 0;SIMPLE_INSTRUMENT;BLOCK;EUR;10;7.52000000;1000;EXCHANGE_LAST;;2;1;XEUR;10396478;150;
23.04.2025;15:01:49.593;BAS.N.250423.000013;NON_STANDARD_OPTION_STRATEGY;BLOCK;EUR;16;1.76000000;1000;EXCHANGE_LAST;;1;1;XEUR;72058238283093196;150;
23.04.2025;15:01:49.593;BAS SI 20250919 PS AM C 50.00 0;SIMPLE_INSTRUMENT;BLOCK;EUR;16;1.04000000;1000;PRC_DECOMP_EXCHANGE;;;;XEUR;11873029;150;EXCHANGE
23.04.2025;15:01:49.593;BAS SI 20250919 PS AM C 52.00 0;SIMPLE_INSTRUMENT;BLOCK;EUR;16;0.72000000;1000;PRC_DECOMP_EXCHANGE;;;;XEUR;11873033;150;EXCHANGE
23.04.2025;11:33:15.068;BASG SI 20250620 CS;SIMPLE_INSTRUMENT;BLOCK;EUR;43;42.42500000;2000;EXCHANGE_LAST;;1;1;XEUR;11169531;171;
23.04.2025;11:42:55.642;BAY.O.250423.IRTSP.000015;STANDARD_OPTION_STRATEGY;BLOCK;EUR;5;-2.51000000;1500;EXCHANGE_LAST;;2;1;XEUR;72058315592509942;168;
23.04.2025;11:42:55.642;BAY SI 20251219 PS AM P 22.00 0;SIMPLE_INSTRUMENT;BLOCK;EUR;5;2.72000000;1500;PRC_DECOMP_EXCHANGE;;;;XEUR;12231605;168;EXCHANGE
23.04.2025;11:42:55.642;BAY SI 20250620 PS AM C 27.00 0;SIMPLE_INSTRUMENT;BLOCK;EUR;5;0.21000000;1500;PRC_DECOMP_EXCHANGE;;;;XEUR;11992379;168;EXCHANGE
23.04.2025;12:01:36.668;BAY.O.250423.CNV.000016;STANDARD_OPTION_STRATEGY;BLOCK;EUR;6;-4.11000000;2250;EXCHANGE_LAST;;1;2;XEUR;72058315592509943;168;
23.04.2025;12:01:36.668;BAY SI 20250620 PS AM P 26.00 0;SIMPLE_INSTRUMENT;BLOCK;EUR;6;4.45000000;2250;PRC_DECOMP_EXCHANGE;;;;XEUR;10324699;168;EXCHANGE
23.04.2025;12:01:36.668;BAY SI 20250620 PS AM C 26.00 0;SIMPLE_INSTRUMENT;BLOCK;EUR;6;0.34000000;2250;PRC_DECOMP_EXCHANGE;;;;XEUR;10324700;168;EXCHANGE
23.04.2025;12:53:59.329;BAY.O.250423.IRTSP.000015;STANDARD_OPTION_STRATEGY;BLOCK;EUR;9;-2.51000000;5000;EXCHANGE_LAST;;1;1;XEUR;72058315592509942;168;
23.04.2025;12:53:59.329;BAY SI 20251219 PS AM P 22.00 0;SIMPLE_INSTRUMENT;BLOCK;EUR;9;2.72000000;5000;PRC_DECOMP_MEMBER;;;;XEUR;12231605;168;MEMBER
23.04.2025;12:53:59.329;BAY SI 20250620 PS AM C 27.00 0;SIMPLE_INSTRUMENT;BLOCK;EUR;9;0.21000000;5000;PRC_DECOMP_MEMBER;;;;XEUR;11992379;168;MEMBER
23.04.2025;13:04:04.218;BAY.O.250423.IRTSP.000015;STANDARD_OPTION_STRATEGY;BLOCK;EUR;12;-2.51000000;2500;EXCHANGE_LAST;;1;1;XEUR;72058315592509942;168;
23.04.2025;13:04:04.218;BAY SI 20250620 PS AM C 27.00 0;SIMPLE_INSTRUMENT;BLOCK;EUR;12;0.21000000;2500;PRC_DECOMP_MEMBER;;;;XEUR;11992379;168;MEMBER
23.04.2025;13:04:04.218;BAY SI 20251219 PS AM P 22.00 0;SIMPLE_INSTRUMENT;BLOCK;EUR;12;2.72000000;2500;PRC_DECOMP_MEMBER;;;;XEUR;12231605;168;MEMBER
23.04.2025;13:21:00.410;BAY SI 20250620 PS AM C 27.00 0;SIMPLE_INSTRUMENT;BLOCK;EUR;13;0.22000000;20000;EXCHANGE_LAST;;4;1;XEUR;11992379;168;
23.04.2025;13:39:00.645;BAY.O.250423.RBUL.000027;STANDARD_OPTION_STRATEGY;BLOCK;EUR;14;-0.35000000;1000;EXCHANGE_LAST;;1;1;XEUR;72058315592509954;168;
23.04.2025;13:39:00.645;BAY SI 20250620 PS AM C 26.00 0;SIMPLE_INSTRUMENT;BLOCK;EUR;14;0.40000000;2000;PRC_DECOMP_EXCHANGE;;;;XEUR;10324700;168;EXCHANGE
23.04.2025;13:39:00.645;BAY SI 20250620 PS AM C 23.00 0;SIMPLE_INSTRUMENT;BLOCK;EUR;14;1.15000000;1000;PRC_DECOMP_EXCHANGE;;;;XEUR;11234139;168;EXCHANGE
23.04.2025;09:33:04.754;BBVD SI 20250620 PS AM C 11.50 0;SIMPLE_INSTRUMENT;BLOCK;EUR;3;1.26000000;1500;EXCHANGE_LAST;;1;1;XEUR;11351426;172;
23.04.2025;08:46:54.084;BMW SI 20250620 PS AM P 74.00 0;SIMPLE_INSTRUMENT;BLOCK;EUR;6;6.20000000;2500;EXCHANGE_LAST;;2;3;XEUR;12998486;210;
23.04.2025;14:22:41.643;BMW SI 20250620 PS AM C 76.00 0;SIMPLE_INSTRUMENT;BLOCK;EUR;29;2.43000000;2000;EXCHANGE_LAST;;1;1;XEUR;7899906;210;
23.04.2025;07:43:43.761;BNP SI 20250516 PS AM C 74.00 0;SIMPLE_INSTRUMENT;BLOCK;EUR;1;2.80000000;2000;EXCHANGE_LAST;;1;2;XEUR;12815235;237;
23.04.2025;08:02:27.978;BNP SI 20260320 PS AM C 76.00 0;SIMPLE_INSTRUMENT;BLOCK;EUR;4;4.30000000;2500;EXCHANGE_LAST;;1;1;XEUR;12999079;237;
23.04.2025;08:23:50.645;BNP SI 20250516 PS AM C 74.00 0;SIMPLE_INSTRUMENT;BLOCK;EUR;5;2.80000000;2750;EXCHANGE_LAST;;2;2;XEUR;12815235;237;
23.04.2025;08:38:10.557;BNP SI 20250620 PS AM C 68.00 0;SIMPLE_INSTRUMENT;BLOCK;EUR;8;6.91000000;1000;EXCHANGE_LAST;;1;1;XEUR;11352721;237;
23.04.2025;12:33:15.763;BNP SI 20250620 PS AM P 60.00 0;SIMPLE_INSTRUMENT;BLOCK;EUR;27;1.00000000;5000;EXCHANGE_LAST;;1;4;XEUR;7900161;237;
23.04.2025;13:51:15.044;BNP SI 20250919 PS AM C 84.00 0;SIMPLE_INSTRUMENT;BLOCK;EUR;33;1.33000000;3000;EXCHANGE_LAST;;1;3;XEUR;11875050;237;
23.04.2025;07:48:56.984;BNR SI 20250620 PS AM C 64.00 0;SIMPLE_INSTRUMENT;BLOCK;EUR;2;0.69000000;1675;EXCHANGE_LAST;;1;1;XEUR;11352792;235;
23.04.2025;12:52:25.438;BPV SI 20261217 PS AM P 8.00 0;SIMPLE_INSTRUMENT;BLOCK;EUR;10;1.39500000;750;EXCHANGE_LAST;;1;1;XEUR;12571744;251;
23.04.2025;12:52:25.615;BPV SI 20261217 PS AM C 10.00 0;SIMPLE_INSTRUMENT;BLOCK;EUR;11;0.88500000;750;EXCHANGE_LAST;;1;1;XEUR;12571746;251;
23.04.2025;12:42:00.720;BSD2 SI 20250718 PS AM P 5.25 0;SIMPLE_INSTRUMENT;BLOCK;EUR;8;0.12000000;12414;EXCHANGE_LAST;;1;1;XEUR;13237587;245;
23.04.2025;12:42:11.910;BSD2 SI 20250718 PS AM P 5.25 0;SIMPLE_INSTRUMENT;BLOCK;EUR;9;0.14000000;11008;EXCHANGE_LAST;;1;1;XEUR;13237587;245;
23.04.2025;11:26:38.556;C2RT SI 20250620 CS;SIMPLE_INSTRUMENT;BLOCK;EUR;40;0.28700000;7060;EXCHANGE_LAST;;1;1;XEUR;10872536;151297;
23.04.2025;11:26:41.580;C2RT SI 20250620 CS;SIMPLE_INSTRUMENT;BLOCK;EUR;41;0.28600000;10590;EXCHANGE_LAST;;1;1;XEUR;10872536;151297;
23.04.2025;14:29:44.546;CAR SI 20261218 PS AM P 13.00 0;SIMPLE_INSTRUMENT;BLOCK;EUR;34;1.77000000;3000;EXCHANGE_LAST;;1;1;XEUR;12052856;265;
23.04.2025;08:52:57.390;CFR SI 20250620 PS AM P 140.00 0;SIMPLE_INSTRUMENT;BLOCK;CHF;8;5.88000000;800;EXCHANGE_LAST;;1;1;XEUR;9996499;313;
23.04.2025;09:54:23.573;CON SI 20251219 PS AM C 68.00 0;SIMPLE_INSTRUMENT;BLOCK;EUR;10;7.20000000;500;EXCHANGE_LAST;;1;1;XEUR;6874922;414620;
23.04.2025;10:39:16.397;CR5J SI 20250619 CS;SIMPLE_INSTRUMENT;BLOCK;EUR;28;49.18500000;10000;EXCHANGE_LAST;;1;1;XEUR;11164005;50861;
23.04.2025;13:51:10.858;CR5J SI 20250619 CS;SIMPLE_INSTRUMENT;BLOCK;EUR;68;49.83250000;5000;EXCHANGE_LAST;;1;1;XEUR;11164005;50861;
23.04.2025;15:26:26.465;CR5J SI 20250619 CS;SIMPLE_INSTRUMENT;BLOCK;EUR;87;50.09200000;5000;EXCHANGE_LAST;;1;1;XEUR;11164005;50861;
23.04.2025;11:26:43.881;CRTG SI 20250620 CS;SIMPLE_INSTRUMENT;BLOCK;EUR;42;6.69840000;200000;EXCHANGE_LAST;;1;1;XEUR;11172236;335;
23.04.2025;08:29:48.791;DAI SI 20270618 PS AM P 48.00 0;SIMPLE_INSTRUMENT;BLOCK;EUR;4;8.20000000;750;EXCHANGE_LAST;;1;1;XEUR;11407755;443196;
23.04.2025;09:45:00.385;DAI.O.250423.BUL.000015;STANDARD_OPTION_STRATEGY;BLOCK;EUR;9;0.90000000;2000;EXCHANGE_LAST;;1;1;XEUR;73961106363665219;443196;
23.04.2025;09:45:00.385;DAI SI 20250516 PS AM C 58.00 0;SIMPLE_INSTRUMENT;BLOCK;EUR;9;0.08000000;2000;PRC_DECOMP_EXCHANGE;;;;XEUR;12852485;443196;EXCHANGE
23.04.2025;09:45:00.385;DAI SI 20250516 PS AM C 54.00 0;SIMPLE_INSTRUMENT;BLOCK;EUR;9;0.98000000;2000;PRC_DECOMP_EXCHANGE;;;;XEUR;12852494;443196;EXCHANGE
23.04.2025;11:41:08.345;DAI.O.250423.BER.000022;STANDARD_OPTION_STRATEGY;BLOCK;EUR;15;6.80000000;3000;EXCHANGE_LAST;;2;2;XEUR;73961106363665226;443196;
23.04.2025;11:41:08.345;DAI SI 20270618 PS AM P 52.00 0;SIMPLE_INSTRUMENT;BLOCK;EUR;15;10.59000000;3000;PRC_DECOMP_EXCHANGE;;;;XEUR;11407753;443196;EXCHANGE
23.04.2025;11:41:08.345;DAI SI 20270618 PS AM P 36.00 0;SIMPLE_INSTRUMENT;BLOCK;EUR;15;3.79000000;3000;PRC_DECOMP_EXCHANGE;;;;XEUR;11407708;443196;EXCHANGE
23.04.2025;15:14:35.225;DAI SI 20281215 PS AM P 52.00 0;SIMPLE_INSTRUMENT;BLOCK;EUR;32;12.15000000;1400;EXCHANGE_LAST;;2;2;XEUR;10455577;443196;
23.04.2025;14:00:33.670;DBK SI 20260619 PS AM P 20.00 0;SIMPLE_INSTRUMENT;BLOCK;EUR;10;2.77000000;3500;EXCHANGE_LAST;;1;1;XEUR;10253252;362;
23.04.2025;15:35:46.044;DBK SI 20250516 PS AM P 21.50 0;SIMPLE_INSTRUMENT;BLOCK;EUR;15;0.76000000;5000;EXCHANGE_LAST;;1;2;XEUR;12817120;362;
23.04.2025;13:09:02.717;DPW SI 20250516 PS AM C 40.00 0;SIMPLE_INSTRUMENT;BLOCK;EUR;20;0.19000000;615;EXCHANGE_LAST;;1;1;XEUR;12817688;445;
23.04.2025;09:57:52.738;DTE.O.250423.BLT.000003;STANDARD_OPTION_STRATEGY;BLOCK;EUR;8;0.71000000;2000;EXCHANGE_LAST;;1;1;XEUR;72059415104108392;424;
23.04.2025;09:57:52.738;DTE SI 20250620 PS AM C 34.00 0;SIMPLE_INSTRUMENT;BLOCK;EUR;8;0.75000000;2000;PRC_DECOMP_EXCHANGE;;;;XEUR;11356822;424;EXCHANGE
23.04.2025;09:57:52.738;DTE SI 20250919 PS AM C 34.00 0;SIMPLE_INSTRUMENT;BLOCK;EUR;8;1.46000000;2000;PRC_DECOMP_EXCHANGE;;;;XEUR;11878532;424;EXCHANGE
23.04.2025;12:52:40.518;DTE SI 20250620 PS AM C 34.00 0;SIMPLE_INSTRUMENT;BLOCK;EUR;18;0.78000000;3000;EXCHANGE_LAST;;1;1;XEUR;11356822;424;
23.04.2025;13:24:03.905;DTE.N.250423.000006;NON_STANDARD_OPTION_STRATEGY;BLOCK;EUR;21;0.10000000;750;EXCHANGE_LAST;;1;1;XEUR;72059415104108395;424;
23.04.2025;13:24:03.905;DTE SI 20250620 PS AM P 30.00 0;SIMPLE_INSTRUMENT;BLOCK;EUR;21;0.53000000;1500;PRC_DECOMP_EXCHANGE;;;;XEUR;11356792;424;EXCHANGE
23.04.2025;13:24:03.905;DTE SI 20251219 PS AM P 24.00 0;SIMPLE_INSTRUMENT;BLOCK;EUR;21;0.32000000;2250;PRC_DECOMP_EXCHANGE;;;;XEUR;5927134;424;EXCHANGE
23.04.2025;09:32:22.699;E2NT SI 20271217 CS;SIMPLE_INSTRUMENT;BLOCK;EUR;16;0.88000000;500;EXCHANGE_LAST;;1;1;XEUR;5914575;470;
23.04.2025;09:37:50.765;E2NT SI 20271217 CS;SIMPLE_INSTRUMENT;BLOCK;EUR;17;0.88000000;750;EXCHANGE_LAST;;1;1;XEUR;5914575;470;
23.04.2025;12:11:27.413;EAD SI 20250516 PS AM C 154.00 0;SIMPLE_INSTRUMENT;BLOCK;EUR;23;0.84000000;1294;EXCHANGE_LAST;;1;1;XEUR;13241869;465;
23.04.2025;13:15:52.838;EAD.O.250423.STD.000006;STANDARD_OPTION_STRATEGY;BLOCK;EUR;31;45.30000000;250;EXCHANGE_LAST;;1;1;XEUR;72059591197747962;465;
23.04.2025;13:15:52.838;EAD SI 20270618 PS AM C 140.00 0;SIMPLE_INSTRUMENT;BLOCK;EUR;31;23.40000000;250;PRC_DECOMP_EXCHANGE;;;;XEUR;13241281;465;EXCHANGE
23.04.2025;13:15:52.838;EAD SI 20270618 PS AM P 140.00 0;SIMPLE_INSTRUMENT;BLOCK;EUR;31;21.90000000;250;PRC_DECOMP_EXCHANGE;;;;XEUR;13241276;465;EXCHANGE
23.04.2025;13:16:26.427;EAD.O.250423.STD.000006;STANDARD_OPTION_STRATEGY;BLOCK;EUR;32;45.30000000;150;EXCHANGE_LAST;;1;1;XEUR;72059591197747962;465;
23.04.2025;13:16:26.427;EAD SI 20270618 PS AM C 140.00 0;SIMPLE_INSTRUMENT;BLOCK;EUR;32;23.40000000;150;PRC_DECOMP_EXCHANGE;;;;XEUR;13241281;465;EXCHANGE
23.04.2025;13:16:26.427;EAD SI 20270618 PS AM P 140.00 0;SIMPLE_INSTRUMENT;BLOCK;EUR;32;21.90000000;150;PRC_DECOMP_EXCHANGE;;;;XEUR;13241276;465;EXCHANGE
23.04.2025;08:59:46.290;ENR.O.250423.STG.000015;STANDARD_OPTION_STRATEGY;BLOCK;EUR;5;3.70000000;2000;EXCHANGE_LAST;;2;2;XEUR;73339770624818722;298530;
23.04.2025;08:59:46.290;ENR SI 20250516 PS AM P 60.00 0;SIMPLE_INSTRUMENT;BLOCK;EUR;5;1.80000000;2000;PRC_DECOMP_EXCHANGE;;;;XEUR;12848168;298530;EXCHANGE
23.04.2025;08:59:46.290;ENR SI 20250516 PS AM C 70.00 0;SIMPLE_INSTRUMENT;BLOCK;EUR;5;1.90000000;2000;PRC_DECOMP_EXCHANGE;;;;XEUR;12848129;298530;EXCHANGE
23.04.2025;09:11:14.585;ENR SI 20250919 PS AM C 80.00 0;SIMPLE_INSTRUMENT;BLOCK;EUR;6;4.02000000;2200;EXCHANGE_LAST;;3;1;XEUR;12327348;298530;
23.04.2025;09:55:23.838;ENR SI 20250620 PS AM C 68.00 0;SIMPLE_INSTRUMENT;BLOCK;EUR;9;4.26000000;500;EXCHANGE_LAST;;1;1;XEUR;12229466;298530;
23.04.2025;11:52:25.774;ENR.O.250423.STD.000013;STANDARD_OPTION_STRATEGY;BLOCK;EUR;14;12.25000000;1500;EXCHANGE_LAST;;2;2;XEUR;73339770624818720;298530;
23.04.2025;11:52:25.774;ENR SI 20250620 PS AM C 60.00 0;SIMPLE_INSTRUMENT;BLOCK;EUR;14;8.81000000;1500;PRC_DECOMP_EXCHANGE;;;;XEUR;12193229;298530;EXCHANGE
23.04.2025;11:52:25.774;ENR SI 20250620 PS AM P 60.00 0;SIMPLE_INSTRUMENT;BLOCK;EUR;14;3.44000000;1500;PRC_DECOMP_EXCHANGE;;;;XEUR;12193230;298530;EXCHANGE
23.04.2025;12:03:47.200;ENR SI 20250718 PS AM C 80.00 0;SIMPLE_INSTRUMENT;BLOCK;EUR;16;2.20000000;1030;EXCHANGE_LAST;;1;1;XEUR;13272260;298530;
23.04.2025;12:04:02.904;ENR SI 20250718 PS AM C 70.00 0;SIMPLE_INSTRUMENT;BLOCK;EUR;17;5.05000000;1339;EXCHANGE_LAST;;1;1;XEUR;13272292;298530;
23.04.2025;14:25:42.906;ENR.O.250423.BUL.000026;STANDARD_OPTION_STRATEGY;BLOCK;EUR;24;1.97000000;3100;EXCHANGE_LAST;;1;1;XEUR;73339770624818733;298530;
23.04.2025;14:25:42.906;ENR SI 20250620 PS AM C 74.00 0;SIMPLE_INSTRUMENT;BLOCK;EUR;24;2.49000000;3100;PRC_DECOMP_EXCHANGE;;;;XEUR;13044608;298530;EXCHANGE
23.04.2025;14:25:42.906;ENR SI 20250620 PS AM C 88.00 0;SIMPLE_INSTRUMENT;BLOCK;EUR;24;0.52000000;3100;PRC_DECOMP_EXCHANGE;;;;XEUR;12573845;298530;EXCHANGE
23.04.2025;15:47:24.196;ENR SI 20250516 PS AM C 70.00 0;SIMPLE_INSTRUMENT;BLOCK;EUR;25;1.95000000;400;EXCHANGE_LAST;;2;1;XEUR;12848129;298530;
23.04.2025;12:02:43.523;ENT5 SI 20250619 PS AM P 13.00 0;SIMPLE_INSTRUMENT;BLOCK;EUR;4;0.79000000;2500;EXCHANGE_LAST;;4;1;XEUR;10742895;497;
23.04.2025;12:09:13.661;ENT5 SI 20250619 PS AM C 13.00 0;SIMPLE_INSTRUMENT;BLOCK;EUR;5;0.33000000;1000;EXCHANGE_LAST;;1;1;XEUR;10742896;497;
23.04.2025;11:41:06.520;ESL.O.250423.RBER.000002;STANDARD_OPTION_STRATEGY;BLOCK;EUR;21;-3.22000000;400;EXCHANGE_LAST;;1;1;XEUR;72059659917207432;481;
23.04.2025;11:41:06.520;ESL SI 20250516 PS AM P 220.00 0;SIMPLE_INSTRUMENT;BLOCK;EUR;21;1.36000000;800;PRC_DECOMP_EXCHANGE;;;;XEUR;12818588;481;EXCHANGE
23.04.2025;11:41:06.520;ESL SI 20250516 PS AM P 245.00 0;SIMPLE_INSTRUMENT;BLOCK;EUR;21;5.94000000;400;PRC_DECOMP_EXCHANGE;;;;XEUR;12818555;481;EXCHANGE
23.04.2025;16:06:54.188;F3IA SI 20271217 CS;SIMPLE_INSTRUMENT;BLOCK;EUR;99;0.38600000;1005;EXCHANGE_LAST;;1;1;XEUR;8422837;390387;
23.04.2025;16:06:46.283;F3IA SI 20281215 CS;SIMPLE_INSTRUMENT;BLOCK;EUR;100;0.37500000;1047;EXCHANGE_LAST;;1;1;XEUR;9964653;390387;
23.04.2025;08:24:21.313;FBTP SI 20250606 PS;SIMPLE_INSTRUMENT;EFP_FIN;EUR;1;119.81000000;128;EXCHANGE_LAST;;1;1;XEUR;11820365;636;
23.04.2025;08:34:12.487;FBTP SI 20250606 PS;SIMPLE_INSTRUMENT;EFP_FIN;EUR;2;119.80000000;884;EXCHANGE_LAST;;1;1;XEUR;11820365;636;
23.04.2025;08:50:42.989;FBTP SI 20250606 PS;SIMPLE_INSTRUMENT;EFP_FIN;EUR;3;119.83000000;479;EXCHANGE_LAST;;1;1;XEUR;11820365;636;
23.04.2025;09:32:52.625;FBTP SI 20250606 PS;SIMPLE_INSTRUMENT;EFP_FIN;EUR;4;119.85000000;266;EXCHANGE_LAST;;1;1;XEUR;11820365;636;
23.04.2025;09:44:17.291;FBTP SI 20250606 PS;SIMPLE_INSTRUMENT;EFP_FIN;EUR;5;119.85000000;190;EXCHANGE_LAST;;1;1;XEUR;11820365;636;
23.04.2025;09:49:27.878;FBTP SI 20250606 PS;SIMPLE_INSTRUMENT;EFP_FIN;EUR;6;119.85000000;274;EXCHANGE_LAST;;1;1;XEUR;11820365;636;
23.04.2025;09:52:24.242;FBTP SI 20250606 PS;SIMPLE_INSTRUMENT;EFP_FIN;EUR;7;119.85000000;131;EXCHANGE_LAST;;1;1;XEUR;11820365;636;
23.04.2025;10:10:58.441;FBTP SI 20250606 PS;SIMPLE_INSTRUMENT;EFP_FIN;EUR;8;119.89000000;218;EXCHANGE_LAST;;1;1;XEUR;11820365;636;
23.04.2025;10:31:13.104;FBTP SI 20250606 PS;SIMPLE_INSTRUMENT;EFP_FIN;EUR;9;119.89000000;138;EXCHANGE_LAST;;1;1;XEUR;11820365;636;
23.04.2025;10:40:08.966;FBTP SI 20250606 PS;SIMPLE_INSTRUMENT;EFP_FIN;EUR;10;119.90000000;168;EXCHANGE_LAST;;1;1;XEUR;11820365;636;
23.04.2025;10:46:10.303;FBTP SI 20250606 PS;SIMPLE_INSTRUMENT;EFP_FIN;EUR;11;119.92000000;703;EXCHANGE_LAST;;1;1;XEUR;11820365;636;
23.04.2025;12:02:43.921;FBTP SI 20250606 PS;SIMPLE_INSTRUMENT;EFP_FIN;EUR;12;120.02000000;462;EXCHANGE_LAST;;1;1;XEUR;11820365;636;
23.04.2025;12:31:04.442;FBTP SI 20250606 PS;SIMPLE_INSTRUMENT;EFP_FIN;EUR;13;119.95000000;134;EXCHANGE_LAST;;1;1;XEUR;11820365;636;
23.04.2025;12:31:14.695;FBTP SI 20250606 PS;SIMPLE_INSTRUMENT;EFP_FIN;EUR;14;119.97000000;73;EXCHANGE_LAST;;1;1;XEUR;11820365;636;
23.04.2025;12:32:02.584;FBTP SI 20250606 PS;SIMPLE_INSTRUMENT;EFP_FIN;EUR;15;119.97000000;68;EXCHANGE_LAST;;1;1;XEUR;11820365;636;
23.04.2025;14:07:24.358;FBTP SI 20250606 PS;SIMPLE_INSTRUMENT;EFP_FIN;EUR;16;119.91000000;324;EXCHANGE_LAST;;1;1;XEUR;11820365;636;
23.04.2025;14:07:39.119;FBTP SI 20250606 PS;SIMPLE_INSTRUMENT;EFP_FIN;EUR;17;119.91000000;191;EXCHANGE_LAST;;1;1;XEUR;11820365;636;
23.04.2025;14:46:15.587;FBTP SI 20250606 PS;SIMPLE_INSTRUMENT;EFP_FIN;EUR;18;119.69000000;265;EXCHANGE_LAST;;1;1;XEUR;11820365;636;
23.04.2025;15:41:30.016;FBTP SI 20250606 PS;SIMPLE_INSTRUMENT;EFP_FIN;EUR;19;119.70000000;417;EXCHANGE_LAST;;1;1;XEUR;11820365;636;
23.04.2025;15:44:57.149;FBTP SI 20250606 PS;SIMPLE_INSTRUMENT;EFP_FIN;EUR;20;119.69000000;183;EXCHANGE_LAST;;1;1;XEUR;11820365;636;
23.04.2025;15:43:46.353;FBTP SI 20250606 PS;SIMPLE_INSTRUMENT;EFP_FIN;EUR;21;119.75000000;221;EXCHANGE_LAST;;1;1;XEUR;11820365;636;
23.04.2025;15:55:08.782;FBTP SI 20250606 PS;SIMPLE_INSTRUMENT;EFP_FIN;EUR;22;119.68000000;672;EXCHANGE_LAST;;1;1;XEUR;11820365;636;
23.04.2025;16:05:26.385;FBTP SI 20250606 PS;SIMPLE_INSTRUMENT;EFP_FIN;EUR;23;119.68000000;224;EXCHANGE_LAST;;1;1;XEUR;11820365;636;
23.04.2025;16:05:44.831;FBTP SI 20250606 PS;SIMPLE_INSTRUMENT;EFP_FIN;EUR;24;119.68000000;412;EXCHANGE_LAST;;1;1;XEUR;11820365;636;
23.04.2025;09:24:38.389;FBTS SI 20250606 PS;SIMPLE_INSTRUMENT;EFP_FIN;EUR;9;108.13000000;173;EXCHANGE_LAST;;1;1;XEUR;11820367;639;
23.04.2025;09:30:02.470;FBTS SI 20250606 PS;SIMPLE_INSTRUMENT;EFP_FIN;EUR;11;108.12000000;862;EXCHANGE_LAST;;1;1;XEUR;11820367;639;
23.04.2025;10:25:47.445;FBTS SI 20250606 PS;SIMPLE_INSTRUMENT;EFP_FIN;EUR;16;108.12000000;361;EXCHANGE_LAST;;1;1;XEUR;11820367;639;
23.04.2025;11:53:29.453;FBTS SI 20250606 PS;SIMPLE_INSTRUMENT;EFP_FIN;EUR;19;108.15000000;522;EXCHANGE_LAST;;1;1;XEUR;11820367;639;
23.04.2025;13:57:03.843;FBTS SI 20250606 PS;SIMPLE_INSTRUMENT;EFP_FIN;EUR;29;108.13000000;952;EXCHANGE_LAST;;1;1;XEUR;11820367;639;
23.04.2025;10:07:06.200;FCEU SI 20250616 PS;SIMPLE_INSTRUMENT;BLOCK;USD;1;1.14515000;47;EXCHANGE_LAST;;1;1;XEUR;7879022;369376;
23.04.2025;13:45:04.723;FD3D SI 20251219 CS;SIMPLE_INSTRUMENT;BLOCK;EUR;32;115.30000000;250;EXCHANGE_LAST;;1;2;XEUR;5914068;588;
23.04.2025;14:05:43.054;FD3D SI 20251219 CS;SIMPLE_INSTRUMENT;BLOCK;EUR;38;115.10000000;250;EXCHANGE_LAST;;1;1;XEUR;5914068;588;
23.04.2025;14:10:37.022;FD3D SI 20251219 CS;SIMPLE_INSTRUMENT;BLOCK;EUR;39;115.10000000;200;EXCHANGE_LAST;;1;1;XEUR;5914068;588;
23.04.2025;14:55:49.710;FD3D SI 20251219 CS;SIMPLE_INSTRUMENT;BLOCK;EUR;45;114.90000000;700;EXCHANGE_LAST;;4;1;XEUR;5914068;588;
23.04.2025;15:16:27.351;FD3D SI 20251219 CS;SIMPLE_INSTRUMENT;BLOCK;EUR;51;114.90000000;250;EXCHANGE_LAST;;1;1;XEUR;5914068;588;
23.04.2025;13:16:20.163;FDAX SI 20250620 CS;SIMPLE_INSTRUMENT;EFP_IDX;EUR;1;21945.00000000;181;EXCHANGE_LAST;;1;1;XEUR;7903800;589;
23.04.2025;15:49:50.196;FDAX SI 20250620 CS;SIMPLE_INSTRUMENT;EFP_IDX;EUR;4;22122.00000000;54;EXCHANGE_LAST;;1;1;XEUR;7903800;589;
23.04.2025;15:49:56.304;FDAX SI 20250620 CS;SIMPLE_INSTRUMENT;EFP_IDX;EUR;5;22123.00000000;48;EXCHANGE_LAST;;1;1;XEUR;7903800;589;
23.04.2025;16:01:57.828;FDAX SI 20250620 CS;SIMPLE_INSTRUMENT;EFP_IDX;EUR;6;22122.00000000;55;EXCHANGE_LAST;;1;1;XEUR;7903800;589;
23.04.2025;16:02:03.317;FDAX SI 20250620 CS;SIMPLE_INSTRUMENT;EFP_IDX;EUR;7;22123.00000000;15;EXCHANGE_LAST;;1;1;XEUR;7903800;589;
23.04.2025;09:23:32.526;FDAX SI 20250620 CS;SIMPLE_INSTRUMENT;VOLA;EUR;671088650;22100.00000000;21;EXCHANGE_LAST;;1;1;XEUR;7903800;589;
23.04.2025;11:27:13.695;FDAX SI 20250620 CS;SIMPLE_INSTRUMENT;VOLA;EUR;671088654;22022.00000000;29;EXCHANGE_LAST;;1;1;XEUR;7903800;589;
23.04.2025;12:36:49.830;FDAX SI 20250620 CS;SIMPLE_INSTRUMENT;VOLA;EUR;671088656;21934.00000000;11;EXCHANGE_LAST;;1;1;XEUR;7903800;589;
23.04.2025;07:33:24.640;FEBD SI 20271217 CS;SIMPLE_INSTRUMENT;BLOCK;EUR;2;9.50000000;1000;EXCHANGE_LAST;;1;1;XEUR;7776307;597;
23.04.2025;09:22:19.151;FEBD SI 20261218 CS;SIMPLE_INSTRUMENT;BLOCK;EUR;11;10.30000000;250;EXCHANGE_LAST;;1;1;XEUR;7158212;597;
23.04.2025;09:25:43.332;FEBD SI 20271217 CS;SIMPLE_INSTRUMENT;BLOCK;EUR;12;9.57000000;250;EXCHANGE_LAST;;1;1;XEUR;7776307;597;
23.04.2025;09:45:59.304;FEBD SI 20251219 CS;SIMPLE_INSTRUMENT;BLOCK;EUR;14;11.12000000;400;EXCHANGE_LAST;;2;1;XEUR;5914075;597;
23.04.2025;10:28:24.940;FEBD SI 20251219 CS;SIMPLE_INSTRUMENT;BLOCK;EUR;15;11.12000000;500;EXCHANGE_LAST;;1;1;XEUR;5914075;597;
23.04.2025;10:28:46.941;FEBD SI 20261218 CS;SIMPLE_INSTRUMENT;BLOCK;EUR;16;10.30000000;500;EXCHANGE_LAST;;1;1;XEUR;7158212;597;
23.04.2025;10:22:27.793;FEBD SI 20271217 CS;SIMPLE_INSTRUMENT;BLOCK;EUR;17;9.55000000;250;EXCHANGE_LAST;;1;1;XEUR;7776307;597;
23.04.2025;10:53:03.314;FEBD SI 20251219 CS;SIMPLE_INSTRUMENT;BLOCK;EUR;22;11.12000000;885;EXCHANGE_LAST;;1;1;XEUR;5914075;597;
23.04.2025;10:56:29.050;FEBD SI 20251219 CS;SIMPLE_INSTRUMENT;BLOCK;EUR;23;11.12000000;100;EXCHANGE_LAST;;1;1;XEUR;5914075;597;
23.04.2025;11:17:24.624;FEBD SI 20251219 CS;SIMPLE_INSTRUMENT;BLOCK;EUR;24;11.12000000;115;EXCHANGE_LAST;;1;1;XEUR;5914075;597;
23.04.2025;13:57:52.209;FEBD SI 20261218 CS;SIMPLE_INSTRUMENT;BLOCK;EUR;35;10.32000000;1000;EXCHANGE_LAST;;1;1;XEUR;7158212;597;
23.04.2025;15:40:01.092;FEBD.S.DEC26.DEC27.SPD;FUTURES_SPREAD;BLOCK;EUR;54;0.76000000;1000;EXCHANGE_LAST;;2;1;XEUR;72060158133407027;597;
23.04.2025;15:40:01.092;FEBD SI 20261218 CS;SIMPLE_INSTRUMENT;BLOCK;EUR;54;10.30000000;1000;PRC_DECOMP_MEMBER;;;;XEUR;7158212;597;MEMBER
23.04.2025;15:40:01.092;FEBD SI 20271217 CS;SIMPLE_INSTRUMENT;BLOCK;EUR;54;9.54000000;1000;PRC_DECOMP_MEMBER;;;;XEUR;7776307;597;MEMBER
23.04.2025;08:00:26.344;FECX SI 20250620 CS;SIMPLE_INSTRUMENT;BLOCK;EUR;3;167.21000000;761;EXCHANGE_LAST;;1;1;XEUR;11949125;410158;
23.04.2025;12:34:30.146;FECX SI 20250620 CS;SIMPLE_INSTRUMENT;BLOCK;EUR;30;167.25000000;200;EXCHANGE_LAST;;1;1;XEUR;11949125;410158;
23.04.2025;15:43:09.010;FEDV SI 20250620 CS;SIMPLE_INSTRUMENT;BLOCK;EUR;56;1833.50000000;120;EXCHANGE_LAST;;1;1;XEUR;11880642;596;
23.04.2025;15:43:08.083;FEDV SI 20250620 CS;SIMPLE_INSTRUMENT;BLOCK;EUR;57;1834.00000000;880;EXCHANGE_LAST;;1;1;XEUR;11880642;596;
23.04.2025;15:48:20.648;FEDV SI 20250620 CS;SIMPLE_INSTRUMENT;BLOCK;EUR;65;1834.00000000;360;EXCHANGE_LAST;;2;2;XEUR;11880642;596;
23.04.2025;15:46:40.190;FEDV SI 20250620 CS;SIMPLE_INSTRUMENT;BLOCK;EUR;69;1836.00000000;159;EXCHANGE_LAST;;1;1;XEUR;11880642;596;
23.04.2025;15:48:10.648;FEDV SI 20250620 CS;SIMPLE_INSTRUMENT;BLOCK;EUR;70;1834.50000000;2640;EXCHANGE_LAST;;2;2;XEUR;11880642;596;
23.04.2025;15:46:44.375;FEDV SI 20250620 CS;SIMPLE_INSTRUMENT;BLOCK;EUR;71;1834.00000000;178;EXCHANGE_LAST;;1;1;XEUR;11880642;596;
23.04.2025;09:07:43.897;FEHY SI 20250620 CS;SIMPLE_INSTRUMENT;BLOCK;EUR;10;297.84000000;100;EXCHANGE_LAST;;1;1;XEUR;11949378;574047;
23.04.2025;14:14:12.732;FESB SI 20250620 CS;SIMPLE_INSTRUMENT;BLOCK;EUR;33;179.60000000;2000;EXCHANGE_LAST;;1;1;XEUR;11880665;605;
23.04.2025;14:14:43.888;FESB SI 20250620 CS;SIMPLE_INSTRUMENT;BLOCK;EUR;34;179.65000000;2000;EXCHANGE_LAST;;1;1;XEUR;11880665;605;
23.04.2025;15:50:35.655;FESB SI 20250620 CS;SIMPLE_INSTRUMENT;EFP_IDX;EUR;41;180.00000000;417;EXCHANGE_LAST;;1;1;XEUR;11880665;605;
23.04.2025;08:01:26.651;FESB SI 20250620 CS;SIMPLE_INSTRUMENT;VOLA;EUR;603979778;176.60000000;11700;EXCHANGE_LAST;;1;1;XEUR;11880665;605;
23.04.2025;09:06:43.245;FESB SI 20250620 CS;SIMPLE_INSTRUMENT;VOLA;EUR;603979785;177.60000000;600;EXCHANGE_LAST;;1;1;XEUR;11880665;605;
23.04.2025;15:21:08.085;FESB SI 20250620 CS;SIMPLE_INSTRUMENT;VOLA;EUR;603979854;180.25000000;600;EXCHANGE_LAST;;1;1;XEUR;11880665;605;
23.04.2025;15:26:25.571;FESB SI 20250620 CS;SIMPLE_INSTRUMENT;VOLA;EUR;603979856;180.25000000;600;EXCHANGE_LAST;;1;1;XEUR;11880665;605;
23.04.2025;10:49:35.891;FESX SI 20250620 CS;SIMPLE_INSTRUMENT;BLOCK;EUR;1;5025.00000000;3000;EXCHANGE_LAST;;1;1;XEUR;7904020;675;
23.04.2025;11:22:33.023;FESX SI 20250620 CS;SIMPLE_INSTRUMENT;BLOCK;EUR;2;5025.00000000;3000;EXCHANGE_LAST;;1;1;XEUR;7904020;675;
23.04.2025;12:03:11.276;FESX SI 20250620 CS;SIMPLE_INSTRUMENT;BLOCK;EUR;3;5021.00000000;6000;EXCHANGE_LAST;;1;1;XEUR;7904020;675;
23.04.2025;15:06:50.368;FESX SI 20250620 CS;SIMPLE_INSTRUMENT;BLOCK;EUR;4;5050.00000000;3725;EXCHANGE_LAST;;1;1;XEUR;7904020;675;
23.04.2025;15:42:36.025;FESX SI 20250620 CS;SIMPLE_INSTRUMENT;EFP_IDX;EUR;9;5045.00000000;1239;EXCHANGE_LAST;;1;1;XEUR;7904020;675;
23.04.2025;15:43:06.439;FESX SI 20250620 CS;SIMPLE_INSTRUMENT;EFP_IDX;EUR;12;5046.00000000;161;EXCHANGE_LAST;;1;1;XEUR;7904020;675;
23.04.2025;15:43:53.004;FESX SI 20250620 CS;SIMPLE_INSTRUMENT;EFP_IDX;EUR;13;5044.00000000;670;EXCHANGE_LAST;;1;1;XEUR;7904020;675;
23.04.2025;15:44:16.676;FESX SI 20250620 CS;SIMPLE_INSTRUMENT;EFP_IDX;EUR;14;5045.00000000;1906;EXCHANGE_LAST;;1;1;XEUR;7904020;675;
23.04.2025;15:45:59.182;FESX SI 20250620 CS;SIMPLE_INSTRUMENT;EFP_IDX;EUR;15;5045.00000000;885;EXCHANGE_LAST;;1;1;XEUR;7904020;675;
23.04.2025;15:46:19.686;FESX SI 20250620 CS;SIMPLE_INSTRUMENT;EFP_IDX;EUR;16;5046.00000000;115;EXCHANGE_LAST;;1;1;XEUR;7904020;675;
23.04.2025;15:45:56.536;FESX SI 20250620 CS;SIMPLE_INSTRUMENT;EFP_IDX;EUR;17;5045.00000000;444;EXCHANGE_LAST;;1;1;XEUR;7904020;675;
23.04.2025;15:46:15.673;FESX SI 20250620 CS;SIMPLE_INSTRUMENT;EFP_IDX;EUR;18;5044.00000000;156;EXCHANGE_LAST;;1;1;XEUR;7904020;675;
23.04.2025;15:46:23.156;FESX SI 20250620 CS;SIMPLE_INSTRUMENT;EFP_IDX;EUR;19;5044.00000000;660;EXCHANGE_LAST;;1;1;XEUR;7904020;675;
23.04.2025;15:46:48.033;FESX SI 20250620 CS;SIMPLE_INSTRUMENT;EFP_IDX;EUR;20;5045.00000000;760;EXCHANGE_LAST;;1;1;XEUR;7904020;675;
23.04.2025;15:46:59.998;FESX SI 20250620 CS;SIMPLE_INSTRUMENT;EFP_IDX;EUR;21;5046.00000000;240;EXCHANGE_LAST;;1;1;XEUR;7904020;675;
23.04.2025;15:46:42.529;FESX SI 20250620 CS;SIMPLE_INSTRUMENT;EFP_IDX;EUR;22;5045.00000000;635;EXCHANGE_LAST;;1;1;XEUR;7904020;675;
23.04.2025;15:51:44.198;FESX SI 20250620 CS;SIMPLE_INSTRUMENT;EFP_IDX;EUR;23;5045.00000000;760;EXCHANGE_LAST;;1;1;XEUR;7904020;675;
23.04.2025;15:51:50.587;FESX SI 20250620 CS;SIMPLE_INSTRUMENT;EFP_IDX;EUR;24;5046.00000000;240;EXCHANGE_LAST;;1;1;XEUR;7904020;675;
23.04.2025;15:49:50.260;FESX SI 20250620 CS;SIMPLE_INSTRUMENT;EFP_IDX;EUR;25;5046.00000000;36;EXCHANGE_LAST;;1;1;XEUR;7904020;675;
23.04.2025;15:50:08.963;FESX SI 20250620 CS;SIMPLE_INSTRUMENT;EFP_IDX;EUR;26;5045.00000000;114;EXCHANGE_LAST;;1;1;XEUR;7904020;675;
23.04.2025;15:53:17.321;FESX SI 20250620 CS;SIMPLE_INSTRUMENT;EFP_IDX;EUR;27;5046.00000000;34;EXCHANGE_LAST;;1;1;XEUR;7904020;675;
23.04.2025;15:53:26.879;FESX SI 20250620 CS;SIMPLE_INSTRUMENT;EFP_IDX;EUR;28;5045.00000000;266;EXCHANGE_LAST;;1;1;XEUR;7904020;675;
23.04.2025;16:00:37.352;FESX SI 20250620 CS;SIMPLE_INSTRUMENT;BLOCK;EUR;29;5045.00000000;8000;EXCHANGE_LAST;;1;1;XEUR;7904020;675;
23.04.2025;16:03:05.596;FESX SI 20250620 CS;SIMPLE_INSTRUMENT;EFP_IDX;EUR;30;5044.00000000;52;EXCHANGE_LAST;;1;1;XEUR;7904020;675;
23.04.2025;16:03:15.803;FESX SI 20250620 CS;SIMPLE_INSTRUMENT;EFP_IDX;EUR;31;5045.00000000;148;EXCHANGE_LAST;;1;1;XEUR;7904020;675;
23.04.2025;16:03:33.180;FESX SI 20250620 CS;SIMPLE_INSTRUMENT;EFP_IDX;EUR;32;5044.00000000;117;EXCHANGE_LAST;;1;1;XEUR;7904020;675;
23.04.2025;16:03:44.190;FESX SI 20250620 CS;SIMPLE_INSTRUMENT;EFP_IDX;EUR;33;5045.00000000;333;EXCHANGE_LAST;;1;1;XEUR;7904020;675;
23.04.2025;16:07:17.265;FESX SI 20250620 CS;SIMPLE_INSTRUMENT;EFP_IDX;EUR;34;5044.00000000;10;EXCHANGE_LAST;;1;1;XEUR;7904020;675;
23.04.2025;16:12:05.903;FESX SI 20250620 CS;SIMPLE_INSTRUMENT;EFP_IDX;EUR;35;5045.00000000;990;EXCHANGE_LAST;;1;1;XEUR;7904020;675;
23.04.2025;16:12:30.409;FESX SI 20250620 CS;SIMPLE_INSTRUMENT;EFP_IDX;EUR;36;5045.00000000;442;EXCHANGE_LAST;;1;1;XEUR;7904020;675;
23.04.2025;16:12:45.572;FESX SI 20250620 CS;SIMPLE_INSTRUMENT;EFP_IDX;EUR;37;5046.00000000;58;EXCHANGE_LAST;;1;1;XEUR;7904020;675;
23.04.2025;16:15:55.977;FESX SI 20250620 CS;SIMPLE_INSTRUMENT;EFP_IDX;EUR;38;5046.00000000;57;EXCHANGE_LAST;;1;1;XEUR;7904020;675;
23.04.2025;16:16:04.337;FESX SI 20250620 CS;SIMPLE_INSTRUMENT;EFP_IDX;EUR;39;5045.00000000;443;EXCHANGE_LAST;;1;1;XEUR;7904020;675;
23.04.2025;16:09:42.442;FESX SI 20250620 CS;SIMPLE_INSTRUMENT;EFP_IDX;EUR;40;5046.00000000;311;EXCHANGE_LAST;;1;1;XEUR;7904020;675;
23.04.2025;16:10:42.685;FESX SI 20250620 CS;SIMPLE_INSTRUMENT;BLOCK;EUR;41;5045.00000000;2389;EXCHANGE_LAST;;1;1;XEUR;7904020;675;
23.04.2025;07:58:52.428;FESX SI 20250620 CS;SIMPLE_INSTRUMENT;VOLA;EUR;637534222;5010.00000000;300;EXCHANGE_LAST;;1;1;XEUR;7904020;675;
23.04.2025;08:10:31.372;FESX SI 20250620 CS;SIMPLE_INSTRUMENT;VOLA;EUR;637534232;5015.00000000;550;EXCHANGE_LAST;;1;1;XEUR;7904020;675;
23.04.2025;08:10:33.841;FESX SI 20250620 CS;SIMPLE_INSTRUMENT;VOLA;EUR;637534233;5015.00000000;250;EXCHANGE_LAST;;1;1;XEUR;7904020;675;
23.04.2025;08:15:11.068;FESX SI 20250620 CS;SIMPLE_INSTRUMENT;VOLA;EUR;637534237;5012.00000000;660;EXCHANGE_LAST;;1;1;XEUR;7904020;675;
23.04.2025;08:25:39.469;FESX SI 20250620 CS;SIMPLE_INSTRUMENT;VOLA;EUR;637534244;5020.00000000;910;EXCHANGE_LAST;;1;1;XEUR;7904020;675;
23.04.2025;08:40:56.389;FESX SI 20250620 CS;SIMPLE_INSTRUMENT;VOLA;EUR;637534252;5023.00000000;200;EXCHANGE_LAST;;1;1;XEUR;7904020;675;
23.04.2025;08:42:45.540;FESX SI 20250620 CS;SIMPLE_INSTRUMENT;VOLA;EUR;637534256;5024.00000000;245;EXCHANGE_LAST;;1;1;XEUR;7904020;675;
23.04.2025;08:42:47.702;FESX SI 20250620 CS;SIMPLE_INSTRUMENT;VOLA;EUR;637534257;5024.00000000;245;EXCHANGE_LAST;;1;1;XEUR;7904020;675;
23.04.2025;08:46:18.711;FESX SI 20250620 CS;SIMPLE_INSTRUMENT;VOLA;EUR;637534259;5028.00000000;60;EXCHANGE_LAST;;1;1;XEUR;7904020;675;
23.04.2025;10:05:13.832;FESX SI 20250620 CS;SIMPLE_INSTRUMENT;VOLA;EUR;637534295;5035.00000000;100;EXCHANGE_LAST;;1;1;XEUR;7904020;675;
23.04.2025;10:21:12.103;FESX SI 20250620 CS;SIMPLE_INSTRUMENT;VOLA;EUR;637534305;5030.00000000;120;EXCHANGE_LAST;;1;1;XEUR;7904020;675;
23.04.2025;11:12:29.704;FESX SI 20250620 CS;SIMPLE_INSTRUMENT;VOLA;EUR;637534320;5010.00000000;700;EXCHANGE_LAST;;1;1;XEUR;7904020;675;
23.04.2025;11:51:51.328;FESX SI 20250620 CS;SIMPLE_INSTRUMENT;VOLA;EUR;637534342;5020.00000000;870;EXCHANGE_LAST;;1;1;XEUR;7904020;675;
23.04.2025;11:54:14.405;FESX SI 20250620 CS;SIMPLE_INSTRUMENT;VOLA;EUR;637534343;5020.00000000;375;EXCHANGE_LAST;;1;1;XEUR;7904020;675;
23.04.2025;12:24:38.511;FESX SI 20250620 CS;SIMPLE_INSTRUMENT;VOLA;EUR;637534350;5017.00000000;370;EXCHANGE_LAST;;1;1;XEUR;7904020;675;
23.04.2025;12:48:27.427;FESX SI 20250620 CS;SIMPLE_INSTRUMENT;VOLA;EUR;637534362;5016.00000000;600;EXCHANGE_LAST;;1;1;XEUR;7904020;675;
23.04.2025;13:11:17.989;FESX SI 20250620 CS;SIMPLE_INSTRUMENT;VOLA;EUR;637534370;5025.00000000;713;EXCHANGE_LAST;;1;1;XEUR;7904020;675;
23.04.2025;13:23:30.110;FESX SI 20250620 CS;SIMPLE_INSTRUMENT;VOLA;EUR;637534377;5025.00000000;250;EXCHANGE_LAST;;1;1;XEUR;7904020;675;
23.04.2025;13:23:33.094;FESX SI 20250620 CS;SIMPLE_INSTRUMENT;VOLA;EUR;637534378;5025.00000000;630;EXCHANGE_LAST;;1;1;XEUR;7904020;675;
23.04.2025;13:44:14.962;FESX SI 20250620 CS;SIMPLE_INSTRUMENT;VOLA;EUR;637534386;5026.00000000;825;EXCHANGE_LAST;;1;1;XEUR;7904020;675;
23.04.2025;13:44:17.172;FESX SI 20250620 CS;SIMPLE_INSTRUMENT;VOLA;EUR;637534387;5026.00000000;550;EXCHANGE_LAST;;1;1;XEUR;7904020;675;
23.04.2025;14:19:11.939;FESX SI 20250620 CS;SIMPLE_INSTRUMENT;VOLA;EUR;637534398;5065.00000000;980;EXCHANGE_LAST;;1;1;XEUR;7904020;675;
23.04.2025;14:20:01.504;FESX SI 20250620 CS;SIMPLE_INSTRUMENT;VOLA;EUR;637534399;5062.00000000;300;EXCHANGE_LAST;;1;1;XEUR;7904020;675;
23.04.2025;15:00:45.483;FESX SI 20250620 CS;SIMPLE_INSTRUMENT;VOLA;EUR;637534415;5059.00000000;280;EXCHANGE_LAST;;1;1;XEUR;7904020;675;
23.04.2025;15:30:14.437;FESX SI 20250620 CS;SIMPLE_INSTRUMENT;VOLA;EUR;637534432;5052.00000000;320;EXCHANGE_LAST;;1;1;XEUR;7904020;675;
23.04.2025;08:13:07.471;FEXD SI 20281215 CS;SIMPLE_INSTRUMENT;BLOCK;EUR;4;141.80000000;550;EXCHANGE_LAST;;1;1;XEUR;3680985;693;
23.04.2025;08:15:10.642;FEXD.S.DEC28.DEC29.SPD;FUTURES_SPREAD;BLOCK;EUR;5;3.70000000;400;EXCHANGE_LAST;;1;1;XEUR;72060570450264171;693;
23.04.2025;08:15:10.642;FEXD SI 20291221 CS;SIMPLE_INSTRUMENT;BLOCK;EUR;5;136.60000000;400;PRC_DECOMP_EXCHANGE;;;;XEUR;4631968;693;EXCHANGE
23.04.2025;08:15:10.642;FEXD SI 20281215 CS;SIMPLE_INSTRUMENT;BLOCK;EUR;5;140.30000000;400;PRC_DECOMP_EXCHANGE;;;;XEUR;3680985;693;EXCHANGE
23.04.2025;08:22:50.092;FEXD SI 20261218 CS;SIMPLE_INSTRUMENT;BLOCK;EUR;6;151.50000000;500;EXCHANGE_LAST;;1;1;XEUR;2163053;693;
23.04.2025;08:26:25.156;FEXD SI 20261218 CS;SIMPLE_INSTRUMENT;BLOCK;EUR;7;151.50000000;250;EXCHANGE_LAST;;1;1;XEUR;2163053;693;
23.04.2025;08:43:41.465;FEXD SI 20261218 CS;SIMPLE_INSTRUMENT;BLOCK;EUR;8;151.60000000;500;EXCHANGE_LAST;;1;1;XEUR;2163053;693;
23.04.2025;09:00:36.102;FEXD SI 20250620 CS;SIMPLE_INSTRUMENT;BLOCK;EUR;9;129.60000000;1000;EXCHANGE_LAST;;1;1;XEUR;9548493;693;
23.04.2025;09:45:00.516;FEXD SI 20281215 CS;SIMPLE_INSTRUMENT;BLOCK;EUR;13;142.20000000;750;EXCHANGE_LAST;;1;2;XEUR;3680985;693;
23.04.2025;10:44:00.303;FEXD SI 20250620 CS;SIMPLE_INSTRUMENT;BLOCK;EUR;18;129.60000000;500;EXCHANGE_LAST;;1;1;XEUR;9548493;693;
23.04.2025;10:43:38.764;FEXD SI 20250620 CS;SIMPLE_INSTRUMENT;BLOCK;EUR;19;129.70000000;500;EXCHANGE_LAST;;1;1;XEUR;9548493;693;
23.04.2025;10:53:31.325;FEXD SI 20261218 CS;SIMPLE_INSTRUMENT;BLOCK;EUR;21;151.50000000;250;EXCHANGE_LAST;;1;1;XEUR;2163053;693;
23.04.2025;13:13:01.960;FEXD SI 20251219 CS;SIMPLE_INSTRUMENT;BLOCK;EUR;31;164.60000000;200;EXCHANGE_LAST;;1;1;XEUR;1548120;693;
23.04.2025;13:50:47.529;FEXD SI 20281215 CS;SIMPLE_INSTRUMENT;BLOCK;EUR;34;142.20000000;127;EXCHANGE_LAST;;1;1;XEUR;3680985;693;
23.04.2025;13:57:59.715;FEXD SI 20261218 CS;SIMPLE_INSTRUMENT;BLOCK;EUR;36;152.00000000;340;EXCHANGE_LAST;;1;1;XEUR;2163053;693;
23.04.2025;14:18:18.605;FEXD SI 20250620 CS;SIMPLE_INSTRUMENT;BLOCK;EUR;40;129.60000000;500;EXCHANGE_LAST;;1;1;XEUR;9548493;693;
23.04.2025;14:18:02.031;FEXD SI 20250620 CS;SIMPLE_INSTRUMENT;BLOCK;EUR;41;129.70000000;500;EXCHANGE_LAST;;1;1;XEUR;9548493;693;
23.04.2025;14:30:41.041;FEXD SI 20251219 CS;SIMPLE_INSTRUMENT;BLOCK;EUR;42;164.70000000;200;EXCHANGE_LAST;;1;1;XEUR;1548120;693;
23.04.2025;15:03:15.256;FEXD SI 20261218 CS;SIMPLE_INSTRUMENT;BLOCK;EUR;44;152.10000000;250;EXCHANGE_LAST;;1;1;XEUR;2163053;693;
23.04.2025;14:58:46.373;FEXD SI 20271217 CS;SIMPLE_INSTRUMENT;BLOCK;EUR;48;146.80000000;600;EXCHANGE_LAST;;1;1;XEUR;2848338;693;
23.04.2025;15:04:31.603;FEXD SI 20261218 CS;SIMPLE_INSTRUMENT;BLOCK;EUR;49;152.00000000;250;EXCHANGE_LAST;;1;1;XEUR;2163053;693;
23.04.2025;15:36:08.480;FEXD SI 20261218 CS;SIMPLE_INSTRUMENT;BLOCK;EUR;53;151.80000000;850;EXCHANGE_LAST;;3;1;XEUR;2163053;693;
23.04.2025;13:43:51.581;FEXF SI 20250620 CS;SIMPLE_INSTRUMENT;BLOCK;EUR;33;2593.00000000;300;EXCHANGE_LAST;;1;1;XEUR;11881290;694;
23.04.2025;15:35:37.618;FFOX SI 20250619 CS;SIMPLE_INSTRUMENT;BLOCK;EUR;3;4391.10000000;200;EXCHANGE_LAST;;1;1;XEUR;11881292;695;
23.04.2025;06:35:54.375;FGBL SI 20250606 PS;SIMPLE_INSTRUMENT;EFS;EUR;1;131.59000000;171;EXCHANGE_LAST;;1;1;XEUR;11820389;688;
23.04.2025;06:41:37.936;FGBL SI 20250606 PS;SIMPLE_INSTRUMENT;EFS;EUR;2;131.58000000;243;EXCHANGE_LAST;;1;1;XEUR;11820389;688;
23.04.2025;06:45:04.340;FGBL SI 20250606 PS;SIMPLE_INSTRUMENT;EFS;EUR;3;131.59000000;243;EXCHANGE_LAST;;1;1;XEUR;11820389;688;
23.04.2025;06:48:58.152;FGBL SI 20250606 PS;SIMPLE_INSTRUMENT;EFS;EUR;4;131.59000000;428;EXCHANGE_LAST;;1;1;XEUR;11820389;688;
23.04.2025;06:52:10.459;FGBL SI 20250606 PS;SIMPLE_INSTRUMENT;EFS;EUR;5;131.58000000;86;EXCHANGE_LAST;;1;1;XEUR;11820389;688;
23.04.2025;06:57:12.052;FGBL SI 20250606 PS;SIMPLE_INSTRUMENT;EFS;EUR;6;131.59000000;513;EXCHANGE_LAST;;1;1;XEUR;11820389;688;
23.04.2025;06:59:05.255;FGBL SI 20250606 PS;SIMPLE_INSTRUMENT;EFS;EUR;7;131.58000000;970;EXCHANGE_LAST;;1;1;XEUR;11820389;688;
23.04.2025;07:13:01.491;FGBL SI 20250606 PS;SIMPLE_INSTRUMENT;EFS;EUR;8;131.54000000;100;EXCHANGE_LAST;;1;1;XEUR;11820389;688;
23.04.2025;07:16:32.701;FGBL SI 20250606 PS;SIMPLE_INSTRUMENT;EFS;EUR;9;131.63000000;856;EXCHANGE_LAST;;1;1;XEUR;11820389;688;
23.04.2025;07:18:27.696;FGBL SI 20250606 PS;SIMPLE_INSTRUMENT;EFS;EUR;10;131.60000000;650;EXCHANGE_LAST;;1;1;XEUR;11820389;688;
23.04.2025;07:20:40.102;FGBL SI 20250606 PS;SIMPLE_INSTRUMENT;EFS;EUR;11;131.65000000;292;EXCHANGE_LAST;;1;1;XEUR;11820389;688;
23.04.2025;07:23:57.396;FGBL SI 20250606 PS;SIMPLE_INSTRUMENT;EFS;EUR;12;131.55000000;214;EXCHANGE_LAST;;1;1;XEUR;11820389;688;
23.04.2025;07:24:21.747;FGBL SI 20250606 PS;SIMPLE_INSTRUMENT;EFS;EUR;13;131.63000000;49;EXCHANGE_LAST;;1;1;XEUR;11820389;688;
23.04.2025;07:27:22.757;FGBL SI 20250606 PS;SIMPLE_INSTRUMENT;EFS;EUR;14;131.60000000;427;EXCHANGE_LAST;;1;1;XEUR;11820389;688;
23.04.2025;07:29:42.775;FGBL SI 20250606 PS;SIMPLE_INSTRUMENT;EFS;EUR;15;131.58000000;72;EXCHANGE_LAST;;1;1;XEUR;11820389;688;
23.04.2025;07:40:44.564;FGBL SI 20250606 PS;SIMPLE_INSTRUMENT;EFS;EUR;16;131.48000000;146;EXCHANGE_LAST;;1;1;XEUR;11820389;688;
23.04.2025;07:47:45.964;FGBL SI 20250606 PS;SIMPLE_INSTRUMENT;EFS;EUR;17;131.47000000;974;EXCHANGE_LAST;;1;1;XEUR;11820389;688;
23.04.2025;07:50:52.654;FGBL SI 20250606 PS;SIMPLE_INSTRUMENT;EFS;EUR;18;131.48000000;86;EXCHANGE_LAST;;1;1;XEUR;11820389;688;
23.04.2025;07:51:06.477;FGBL SI 20250606 PS;SIMPLE_INSTRUMENT;EFS;EUR;19;131.46000000;100;EXCHANGE_LAST;;1;1;XEUR;11820389;688;
23.04.2025;07:52:27.203;FGBL SI 20250606 PS;SIMPLE_INSTRUMENT;EFS;EUR;20;131.48000000;107;EXCHANGE_LAST;;1;1;XEUR;11820389;688;
23.04.2025;07:53:24.210;FGBL SI 20250606 PS;SIMPLE_INSTRUMENT;EFS;EUR;21;131.52000000;214;EXCHANGE_LAST;;1;1;XEUR;11820389;688;
23.04.2025;07:55:19.711;FGBL SI 20250606 PS;SIMPLE_INSTRUMENT;EFS;EUR;22;131.52000000;487;EXCHANGE_LAST;;1;1;XEUR;11820389;688;
23.04.2025;07:57:22.249;FGBL SI 20250606 PS;SIMPLE_INSTRUMENT;EFS;EUR;23;131.55000000;429;EXCHANGE_LAST;;1;1;XEUR;11820389;688;
23.04.2025;07:59:37.145;FGBL SI 20250606 PS;SIMPLE_INSTRUMENT;EFS;EUR;24;131.57000000;428;EXCHANGE_LAST;;1;1;XEUR;11820389;688;
23.04.2025;07:59:58.101;FGBL SI 20250606 PS;SIMPLE_INSTRUMENT;EFS;EUR;25;131.54000000;973;EXCHANGE_LAST;;1;1;XEUR;11820389;688;
23.04.2025;08:01:32.237;FGBL SI 20250606 PS;SIMPLE_INSTRUMENT;EFS;EUR;26;131.48000000;751;EXCHANGE_LAST;;1;1;XEUR;11820389;688;
23.04.2025;08:05:27.257;FGBL SI 20250606 PS;SIMPLE_INSTRUMENT;EFS;EUR;28;131.55000000;2000;EXCHANGE_LAST;;1;1;XEUR;11820389;688;
23.04.2025;08:06:40.254;FGBL SI 20250606 PS;SIMPLE_INSTRUMENT;EFS;EUR;29;131.54000000;487;EXCHANGE_LAST;;1;1;XEUR;11820389;688;
23.04.2025;08:08:18.733;FGBL SI 20250606 PS;SIMPLE_INSTRUMENT;EFS;EUR;30;131.54000000;789;EXCHANGE_LAST;;1;1;XEUR;11820389;688;
23.04.2025;08:11:51.272;FGBL SI 20250606 PS;SIMPLE_INSTRUMENT;EFS;EUR;31;131.52000000;214;EXCHANGE_LAST;;1;1;XEUR;11820389;688;
23.04.2025;08:21:23.287;FGBL SI 20250606 PS;SIMPLE_INSTRUMENT;EFS;EUR;32;131.54000000;428;EXCHANGE_LAST;;1;1;XEUR;11820389;688;
23.04.2025;08:29:55.330;FGBL SI 20250606 PS;SIMPLE_INSTRUMENT;EFP_FIN;EUR;34;131.54000000;195;EXCHANGE_LAST;;1;1;XEUR;11820389;688;
23.04.2025;08:30:31.729;FGBL SI 20250606 PS;SIMPLE_INSTRUMENT;EFS;EUR;35;131.53000000;243;EXCHANGE_LAST;;1;1;XEUR;11820389;688;
23.04.2025;08:32:40.551;FGBL SI 20250606 PS;SIMPLE_INSTRUMENT;EFS;EUR;36;131.58000000;100;EXCHANGE_LAST;;1;1;XEUR;11820389;688;
23.04.2025;08:34:00.009;FGBL SI 20250606 PS;SIMPLE_INSTRUMENT;EFS;EUR;37;131.57000000;1028;EXCHANGE_LAST;;1;1;XEUR;11820389;688;
23.04.2025;08:35:07.928;FGBL SI 20250606 PS;SIMPLE_INSTRUMENT;EFS;EUR;38;131.56000000;244;EXCHANGE_LAST;;1;1;XEUR;11820389;688;
23.04.2025;08:36:07.614;FGBL SI 20250606 PS;SIMPLE_INSTRUMENT;EFS;EUR;39;131.57000000;1028;EXCHANGE_LAST;;1;1;XEUR;11820389;688;
23.04.2025;08:38:19.376;FGBL SI 20250606 PS;SIMPLE_INSTRUMENT;EFS;EUR;40;131.58000000;214;EXCHANGE_LAST;;1;1;XEUR;11820389;688;
23.04.2025;08:39:13.517;FGBL SI 20250606 PS;SIMPLE_INSTRUMENT;EFS;EUR;41;131.58000000;428;EXCHANGE_LAST;;1;1;XEUR;11820389;688;
23.04.2025;08:39:18.349;FGBL SI 20250606 PS;SIMPLE_INSTRUMENT;EFS;EUR;42;131.54000000;427;EXCHANGE_LAST;;1;1;XEUR;11820389;688;
23.04.2025;08:39:53.342;FGBL SI 20250606 PS;SIMPLE_INSTRUMENT;EFS;EUR;43;131.57000000;214;EXCHANGE_LAST;;1;1;XEUR;11820389;688;
23.04.2025;08:41:56.101;FGBL SI 20250606 PS;SIMPLE_INSTRUMENT;EFS;EUR;44;131.57000000;214;EXCHANGE_LAST;;1;1;XEUR;11820389;688;
23.04.2025;08:45:20.431;FGBL SI 20250606 PS;SIMPLE_INSTRUMENT;EFS;EUR;45;131.61000000;214;EXCHANGE_LAST;;1;1;XEUR;11820389;688;
23.04.2025;08:46:00.206;FGBL SI 20250606 PS;SIMPLE_INSTRUMENT;EFS;EUR;46;131.57000000;428;EXCHANGE_LAST;;1;1;XEUR;11820389;688;
23.04.2025;08:46:42.702;FGBL SI 20250606 PS;SIMPLE_INSTRUMENT;EFS;EUR;47;131.58000000;214;EXCHANGE_LAST;;1;1;XEUR;11820389;688;
23.04.2025;08:47:42.083;FGBL SI 20250606 PS;SIMPLE_INSTRUMENT;EFS;EUR;48;131.56000000;87;EXCHANGE_LAST;;1;1;XEUR;11820389;688;
23.04.2025;08:48:18.219;FGBL SI 20250606 PS;SIMPLE_INSTRUMENT;EFS;EUR;49;131.56000000;226;EXCHANGE_LAST;;1;1;XEUR;11820389;688;
23.04.2025;08:49:36.861;FGBL SI 20250606 PS;SIMPLE_INSTRUMENT;EFP_FIN;EUR;50;131.56000000;960;EXCHANGE_LAST;;1;1;XEUR;11820389;688;
23.04.2025;08:53:36.931;FGBL SI 20250606 PS;SIMPLE_INSTRUMENT;EFS;EUR;52;131.54000000;256;EXCHANGE_LAST;;1;1;XEUR;11820389;688;
23.04.2025;08:55:39.409;FGBL SI 20250606 PS;SIMPLE_INSTRUMENT;EFS;EUR;53;131.59000000;302;EXCHANGE_LAST;;1;1;XEUR;11820389;688;
23.04.2025;08:58:04.079;FGBL SI 20250606 PS;SIMPLE_INSTRUMENT;EFS;EUR;54;131.53000000;603;EXCHANGE_LAST;;1;1;XEUR;11820389;688;
23.04.2025;08:58:24.402;FGBL SI 20250606 PS;SIMPLE_INSTRUMENT;EFS;EUR;55;131.57000000;49;EXCHANGE_LAST;;1;1;XEUR;11820389;688;
23.04.2025;09:01:18.115;FGBL SI 20250606 PS;SIMPLE_INSTRUMENT;EFS;EUR;56;131.54000000;214;EXCHANGE_LAST;;1;1;XEUR;11820389;688;
23.04.2025;09:03:16.758;FGBL SI 20250606 PS;SIMPLE_INSTRUMENT;EFS;EUR;57;131.53000000;214;EXCHANGE_LAST;;1;1;XEUR;11820389;688;
23.04.2025;09:07:15.125;FGBL SI 20250606 PS;SIMPLE_INSTRUMENT;EFS;EUR;58;131.59000000;150;EXCHANGE_LAST;;1;1;XEUR;11820389;688;
23.04.2025;09:08:22.323;FGBL SI 20250606 PS;SIMPLE_INSTRUMENT;EFS;EUR;59;131.61000000;214;EXCHANGE_LAST;;1;1;XEUR;11820389;688;
23.04.2025;09:07:19.760;FGBL SI 20250606 PS;SIMPLE_INSTRUMENT;EFS;EUR;60;131.58000000;853;EXCHANGE_LAST;;1;1;XEUR;11820389;688;
23.04.2025;09:11:20.659;FGBL SI 20250606 PS;SIMPLE_INSTRUMENT;EFS;EUR;61;131.64000000;429;EXCHANGE_LAST;;1;1;XEUR;11820389;688;
23.04.2025;09:22:01.290;FGBL SI 20250606 PS;SIMPLE_INSTRUMENT;EFS;EUR;62;131.57000000;257;EXCHANGE_LAST;;1;1;XEUR;11820389;688;
23.04.2025;09:22:41.808;FGBL SI 20250606 PS;SIMPLE_INSTRUMENT;EFS;EUR;63;131.57000000;310;EXCHANGE_LAST;;1;1;XEUR;11820389;688;
23.04.2025;09:27:48.302;FGBL SI 20250606 PS;SIMPLE_INSTRUMENT;EFS;EUR;64;131.57000000;214;EXCHANGE_LAST;;1;1;XEUR;11820389;688;
23.04.2025;09:28:25.540;FGBL SI 20250606 PS;SIMPLE_INSTRUMENT;EFS;EUR;65;131.59000000;97;EXCHANGE_LAST;;1;1;XEUR;11820389;688;
23.04.2025;09:28:30.343;FGBL SI 20250606 PS;SIMPLE_INSTRUMENT;EFS;EUR;66;131.57000000;193;EXCHANGE_LAST;;1;1;XEUR;11820389;688;
23.04.2025;09:29:11.070;FGBL SI 20250606 PS;SIMPLE_INSTRUMENT;EFS;EUR;67;131.57000000;1042;EXCHANGE_LAST;;1;1;XEUR;11820389;688;
23.04.2025;09:33:52.158;FGBL SI 20250606 PS;SIMPLE_INSTRUMENT;EFS;EUR;68;131.58000000;427;EXCHANGE_LAST;;1;1;XEUR;11820389;688;
23.04.2025;09:33:55.468;FGBL SI 20250606 PS;SIMPLE_INSTRUMENT;EFP_FIN;EUR;69;131.56000000;3817;EXCHANGE_LAST;;1;1;XEUR;11820389;688;
23.04.2025;09:38:04.950;FGBL SI 20250606 PS;SIMPLE_INSTRUMENT;EFP_FIN;EUR;70;131.60000000;748;EXCHANGE_LAST;;1;1;XEUR;11820389;688;
23.04.2025;09:43:23.506;FGBL SI 20250606 PS;SIMPLE_INSTRUMENT;EFS;EUR;71;131.63000000;214;EXCHANGE_LAST;;1;1;XEUR;11820389;688;
23.04.2025;09:46:54.655;FGBL SI 20250606 PS;SIMPLE_INSTRUMENT;EFS;EUR;72;131.63000000;311;EXCHANGE_LAST;;1;1;XEUR;11820389;688;
23.04.2025;09:47:50.828;FGBL SI 20250606 PS;SIMPLE_INSTRUMENT;EFS;EUR;73;131.58000000;213;EXCHANGE_LAST;;1;1;XEUR;11820389;688;
23.04.2025;09:49:21.039;FGBL SI 20250606 PS;SIMPLE_INSTRUMENT;EFS;EUR;74;131.64000000;298;EXCHANGE_LAST;;1;1;XEUR;11820389;688;
23.04.2025;09:58:54.949;FGBL SI 20250606 PS;SIMPLE_INSTRUMENT;EFS;EUR;75;131.61000000;169;EXCHANGE_LAST;;1;1;XEUR;11820389;688;
23.04.2025;10:00:19.892;FGBL SI 20250606 PS;SIMPLE_INSTRUMENT;EFS;EUR;76;131.61000000;214;EXCHANGE_LAST;;1;1;XEUR;11820389;688;
23.04.2025;10:00:32.662;FGBL SI 20250606 PS;SIMPLE_INSTRUMENT;EFP_FIN;EUR;77;131.63000000;386;EXCHANGE_LAST;;1;1;XEUR;11820389;688;
23.04.2025;10:02:57.180;FGBL SI 20250606 PS;SIMPLE_INSTRUMENT;EFS;EUR;78;131.62000000;160;EXCHANGE_LAST;;1;1;XEUR;11820389;688;
23.04.2025;10:07:28.552;FGBL SI 20250606 PS;SIMPLE_INSTRUMENT;EFS;EUR;79;131.59000000;214;EXCHANGE_LAST;;1;1;XEUR;11820389;688;
23.04.2025;10:11:50.371;FGBL SI 20250606 PS;SIMPLE_INSTRUMENT;EFS;EUR;80;131.59000000;429;EXCHANGE_LAST;;1;1;XEUR;11820389;688;
23.04.2025;10:12:06.644;FGBL SI 20250606 PS;SIMPLE_INSTRUMENT;EFS;EUR;81;131.59000000;426;EXCHANGE_LAST;;1;1;XEUR;11820389;688;
23.04.2025;10:14:19.780;FGBL SI 20250606 PS;SIMPLE_INSTRUMENT;EFS;EUR;82;131.59000000;214;EXCHANGE_LAST;;1;1;XEUR;11820389;688;
23.04.2025;10:16:58.218;FGBL SI 20250606 PS;SIMPLE_INSTRUMENT;EFS;EUR;83;131.60000000;214;EXCHANGE_LAST;;1;1;XEUR;11820389;688;
23.04.2025;10:17:59.477;FGBL SI 20250606 PS;SIMPLE_INSTRUMENT;EFS;EUR;84;131.60000000;643;EXCHANGE_LAST;;1;1;XEUR;11820389;688;
23.04.2025;10:19:00.027;FGBL SI 20250606 PS;SIMPLE_INSTRUMENT;EFS;EUR;85;131.53000000;1217;EXCHANGE_LAST;;1;1;XEUR;11820389;688;
23.04.2025;10:20:32.036;FGBL SI 20250606 PS;SIMPLE_INSTRUMENT;EFS;EUR;86;131.60000000;426;EXCHANGE_LAST;;1;1;XEUR;11820389;688;
23.04.2025;10:28:47.091;FGBL SI 20250606 PS;SIMPLE_INSTRUMENT;EFS;EUR;87;131.58000000;214;EXCHANGE_LAST;;1;1;XEUR;11820389;688;
23.04.2025;10:33:47.999;FGBL SI 20250606 PS;SIMPLE_INSTRUMENT;EFP_FIN;EUR;88;131.57000000;1122;EXCHANGE_LAST;;1;1;XEUR;11820389;688;
23.04.2025;10:36:24.686;FGBL SI 20250606 PS;SIMPLE_INSTRUMENT;EFS;EUR;89;131.61000000;739;EXCHANGE_LAST;;1;1;XEUR;11820389;688;
23.04.2025;10:41:37.528;FGBL SI 20250606 PS;SIMPLE_INSTRUMENT;EFS;EUR;90;131.60000000;730;EXCHANGE_LAST;;1;1;XEUR;11820389;688;
23.04.2025;10:51:29.435;FGBL SI 20250606 PS;SIMPLE_INSTRUMENT;EFS;EUR;91;131.65000000;429;EXCHANGE_LAST;;1;1;XEUR;11820389;688;
23.04.2025;11:01:35.501;FGBL SI 20250606 PS;SIMPLE_INSTRUMENT;EFS;EUR;92;131.68000000;428;EXCHANGE_LAST;;1;1;XEUR;11820389;688;
23.04.2025;11:02:20.533;FGBL SI 20250606 PS;SIMPLE_INSTRUMENT;EFS;EUR;93;131.67000000;428;EXCHANGE_LAST;;1;1;XEUR;11820389;688;
23.04.2025;11:04:50.650;FGBL SI 20250606 PS;SIMPLE_INSTRUMENT;EFS;EUR;94;131.68000000;351;EXCHANGE_LAST;;1;1;XEUR;11820389;688;
23.04.2025;11:06:05.706;FGBL SI 20250606 PS;SIMPLE_INSTRUMENT;EFS;EUR;95;131.68000000;351;EXCHANGE_LAST;;1;1;XEUR;11820389;688;
23.04.2025;11:15:18.950;FGBL SI 20250606 PS;SIMPLE_INSTRUMENT;EFP_FIN;EUR;98;131.64000000;242;EXCHANGE_LAST;;1;1;XEUR;11820389;688;
23.04.2025;11:15:59.153;FGBL SI 20250606 PS;SIMPLE_INSTRUMENT;EFP_FIN;EUR;99;131.64000000;121;EXCHANGE_LAST;;1;1;XEUR;11820389;688;
23.04.2025;11:15:59.396;FGBL SI 20250606 PS;SIMPLE_INSTRUMENT;EFP_FIN;EUR;100;131.67000000;211;EXCHANGE_LAST;;1;1;XEUR;11820389;688;
23.04.2025;11:38:54.897;FGBL SI 20250606 PS;SIMPLE_INSTRUMENT;EFP_FIN;EUR;101;131.65000000;680;EXCHANGE_LAST;;1;1;XEUR;11820389;688;
23.04.2025;11:39:43.224;FGBL SI 20250606 PS;SIMPLE_INSTRUMENT;EFS;EUR;102;131.70000000;428;EXCHANGE_LAST;;1;1;XEUR;11820389;688;
23.04.2025;11:43:39.377;FGBL SI 20250606 PS;SIMPLE_INSTRUMENT;EFS;EUR;103;131.71000000;214;EXCHANGE_LAST;;1;1;XEUR;11820389;688;
23.04.2025;11:48:41.485;FGBL SI 20250606 PS;SIMPLE_INSTRUMENT;EFS;EUR;104;131.73000000;428;EXCHANGE_LAST;;1;1;XEUR;11820389;688;
23.04.2025;11:51:49.865;FGBL SI 20250606 PS;SIMPLE_INSTRUMENT;EFS;EUR;105;131.71000000;426;EXCHANGE_LAST;;1;1;XEUR;11820389;688;
23.04.2025;11:57:12.016;FGBL SI 20250606 PS;SIMPLE_INSTRUMENT;EFS;EUR;106;131.73000000;428;EXCHANGE_LAST;;1;1;XEUR;11820389;688;
23.04.2025;12:00:16.125;FGBL SI 20250606 PS;SIMPLE_INSTRUMENT;EFS;EUR;107;131.72000000;428;EXCHANGE_LAST;;1;1;XEUR;11820389;688;
23.04.2025;12:02:54.022;FGBL SI 20250606 PS;SIMPLE_INSTRUMENT;EFP_FIN;EUR;108;131.70000000;220;EXCHANGE_LAST;;1;1;XEUR;11820389;688;
23.04.2025;12:03:06.268;FGBL SI 20250606 PS;SIMPLE_INSTRUMENT;EFS;EUR;109;131.72000000;428;EXCHANGE_LAST;;1;1;XEUR;11820389;688;
23.04.2025;12:04:11.326;FGBL SI 20250606 PS;SIMPLE_INSTRUMENT;EFS;EUR;110;131.72000000;214;EXCHANGE_LAST;;1;1;XEUR;11820389;688;
23.04.2025;12:05:55.459;FGBL SI 20250606 PS;SIMPLE_INSTRUMENT;EFS;EUR;111;131.73000000;428;EXCHANGE_LAST;;1;1;XEUR;11820389;688;
23.04.2025;12:07:21.487;FGBL SI 20250606 PS;SIMPLE_INSTRUMENT;EFS;EUR;112;131.72000000;428;EXCHANGE_LAST;;1;1;XEUR;11820389;688;
23.04.2025;12:08:43.079;FGBL SI 20250606 PS;SIMPLE_INSTRUMENT;EFS;EUR;113;131.72000000;150;EXCHANGE_LAST;;1;1;XEUR;11820389;688;
23.04.2025;12:11:49.868;FGBL SI 20250606 PS;SIMPLE_INSTRUMENT;EFS;EUR;114;131.72000000;1944;EXCHANGE_LAST;;1;1;XEUR;11820389;688;
23.04.2025;12:14:27.811;FGBL SI 20250606 PS;SIMPLE_INSTRUMENT;EFS;EUR;115;131.71000000;203;EXCHANGE_LAST;;1;1;XEUR;11820389;688;
23.04.2025;12:26:43.346;FGBL SI 20250606 PS;SIMPLE_INSTRUMENT;EFS;EUR;116;131.70000000;428;EXCHANGE_LAST;;1;1;XEUR;11820389;688;
23.04.2025;12:27:18.185;FGBL SI 20250606 PS;SIMPLE_INSTRUMENT;EFS;EUR;117;131.70000000;428;EXCHANGE_LAST;;1;1;XEUR;11820389;688;
23.04.2025;12:34:25.718;FGBL SI 20250606 PS;SIMPLE_INSTRUMENT;EFS;EUR;118;131.70000000;507;EXCHANGE_LAST;;1;1;XEUR;11820389;688;
23.04.2025;12:34:56.688;FGBL SI 20250606 PS;SIMPLE_INSTRUMENT;EFS;EUR;119;131.73000000;107;EXCHANGE_LAST;;1;1;XEUR;11820389;688;
23.04.2025;12:35:20.768;FGBL SI 20250606 PS;SIMPLE_INSTRUMENT;EFS;EUR;120;131.70000000;214;EXCHANGE_LAST;;1;1;XEUR;11820389;688;
23.04.2025;12:35:50.798;FGBL SI 20250606 PS;SIMPLE_INSTRUMENT;EFS;EUR;121;131.70000000;214;EXCHANGE_LAST;;1;1;XEUR;11820389;688;
23.04.2025;12:48:47.261;FGBL SI 20250606 PS;SIMPLE_INSTRUMENT;EFS;EUR;122;131.67000000;454;EXCHANGE_LAST;;1;1;XEUR;11820389;688;
23.04.2025;12:49:29.656;FGBL SI 20250606 PS;SIMPLE_INSTRUMENT;EFS;EUR;123;131.67000000;454;EXCHANGE_LAST;;1;1;XEUR;11820389;688;
23.04.2025;12:54:37.418;FGBL SI 20250606 PS;SIMPLE_INSTRUMENT;EFS;EUR;124;131.63000000;128;EXCHANGE_LAST;;1;1;XEUR;11820389;688;
23.04.2025;13:01:46.185;FGBL SI 20250606 PS;SIMPLE_INSTRUMENT;EFS;EUR;125;131.61000000;292;EXCHANGE_LAST;;1;1;XEUR;11820389;688;
23.04.2025;13:01:50.859;FGBL SI 20250606 PS;SIMPLE_INSTRUMENT;EFS;EUR;126;131.64000000;512;EXCHANGE_LAST;;1;1;XEUR;11820389;688;
23.04.2025;13:13:14.146;FGBL SI 20250606 PS;SIMPLE_INSTRUMENT;EFP_FIN;EUR;127;131.60000000;397;EXCHANGE_LAST;;1;1;XEUR;11820389;688;
23.04.2025;13:14:05.786;FGBL SI 20250606 PS;SIMPLE_INSTRUMENT;EFS;EUR;128;131.62000000;428;EXCHANGE_LAST;;1;1;XEUR;11820389;688;
23.04.2025;13:15:08.443;FGBL SI 20250606 PS;SIMPLE_INSTRUMENT;EFS;EUR;129;131.63000000;856;EXCHANGE_LAST;;1;1;XEUR;11820389;688;
23.04.2025;13:17:05.692;FGBL SI 20250606 PS;SIMPLE_INSTRUMENT;EFS;EUR;130;131.61000000;857;EXCHANGE_LAST;;1;1;XEUR;11820389;688;
23.04.2025;13:18:15.245;FGBL SI 20250606 PS;SIMPLE_INSTRUMENT;EFS;EUR;131;131.62000000;428;EXCHANGE_LAST;;1;1;XEUR;11820389;688;
23.04.2025;13:20:25.137;FGBL SI 20250606 PS;SIMPLE_INSTRUMENT;EFS;EUR;132;131.62000000;428;EXCHANGE_LAST;;1;1;XEUR;11820389;688;
23.04.2025;13:21:08.260;FGBL SI 20250606 PS;SIMPLE_INSTRUMENT;EFS;EUR;133;131.62000000;127;EXCHANGE_LAST;;1;1;XEUR;11820389;688;
23.04.2025;13:21:19.514;FGBL SI 20250606 PS;SIMPLE_INSTRUMENT;EFS;EUR;134;131.63000000;428;EXCHANGE_LAST;;1;1;XEUR;11820389;688;
23.04.2025;13:22:18.089;FGBL SI 20250606 PS;SIMPLE_INSTRUMENT;EFS;EUR;135;131.64000000;428;EXCHANGE_LAST;;1;1;XEUR;11820389;688;
23.04.2025;13:29:01.366;FGBL SI 20250606 PS;SIMPLE_INSTRUMENT;EFP_FIN;EUR;136;131.61000000;829;EXCHANGE_LAST;;1;1;XEUR;11820389;688;
23.04.2025;13:33:18.419;FGBL SI 20250606 PS;SIMPLE_INSTRUMENT;EFS;EUR;137;131.67000000;428;EXCHANGE_LAST;;1;1;XEUR;11820389;688;
23.04.2025;13:33:55.854;FGBL SI 20250606 PS;SIMPLE_INSTRUMENT;EFS;EUR;138;131.68000000;214;EXCHANGE_LAST;;1;1;XEUR;11820389;688;
23.04.2025;13:37:32.083;FGBL SI 20250606 PS;SIMPLE_INSTRUMENT;EFS;EUR;139;131.63000000;243;EXCHANGE_LAST;;1;1;XEUR;11820389;688;
23.04.2025;13:45:51.009;FGBL SI 20250606 PS;SIMPLE_INSTRUMENT;EFP_FIN;EUR;140;131.61000000;829;EXCHANGE_LAST;;1;1;XEUR;11820389;688;
23.04.2025;13:47:10.155;FGBL SI 20250606 PS;SIMPLE_INSTRUMENT;EFS;EUR;141;131.66000000;681;EXCHANGE_LAST;;1;1;XEUR;11820389;688;
23.04.2025;14:00:22.627;FGBL SI 20250606 PS;SIMPLE_INSTRUMENT;EFS;EUR;142;131.71000000;212;EXCHANGE_LAST;;1;1;XEUR;11820389;688;
23.04.2025;14:01:23.830;FGBL SI 20250606 PS;SIMPLE_INSTRUMENT;EFS;EUR;143;131.21000000;244;EXCHANGE_LAST;;1;1;XEUR;11820389;688;
23.04.2025;14:01:34.720;FGBL SI 20250606 PS;SIMPLE_INSTRUMENT;EFS;EUR;144;131.21000000;215;EXCHANGE_LAST;;1;1;XEUR;11820389;688;
23.04.2025;14:03:19.823;FGBL SI 20250606 PS;SIMPLE_INSTRUMENT;EFS;EUR;145;131.21000000;430;EXCHANGE_LAST;;1;1;XEUR;11820389;688;
23.04.2025;14:04:25.020;FGBL SI 20250606 PS;SIMPLE_INSTRUMENT;EFS;EUR;146;131.23000000;294;EXCHANGE_LAST;;1;1;XEUR;11820389;688;
23.04.2025;14:04:44.897;FGBL SI 20250606 PS;SIMPLE_INSTRUMENT;EFS;EUR;147;131.20000000;508;EXCHANGE_LAST;;1;1;XEUR;11820389;688;
23.04.2025;14:06:10.117;FGBL SI 20250606 PS;SIMPLE_INSTRUMENT;EFS;EUR;148;131.21000000;215;EXCHANGE_LAST;;1;1;XEUR;11820389;688;
23.04.2025;14:14:14.220;FGBL SI 20250606 PS;SIMPLE_INSTRUMENT;EFS;EUR;150;131.22000000;100;EXCHANGE_LAST;;1;1;XEUR;11820389;688;
23.04.2025;14:16:06.171;FGBL SI 20250606 PS;SIMPLE_INSTRUMENT;EFS;EUR;151;131.21000000;335;EXCHANGE_LAST;;1;1;XEUR;11820389;688;
23.04.2025;14:27:05.934;FGBL SI 20250606 PS;SIMPLE_INSTRUMENT;EFS;EUR;152;131.36000000;150;EXCHANGE_LAST;;1;1;XEUR;11820389;688;
23.04.2025;14:20:44.335;FGBL SI 20250606 PS;SIMPLE_INSTRUMENT;EFP_FIN;EUR;153;131.26000000;69;EXCHANGE_LAST;;1;1;XEUR;11820389;688;
23.04.2025;14:31:06.997;FGBL SI 20250606 PS;SIMPLE_INSTRUMENT;EFP_FIN;EUR;154;131.26000000;158;EXCHANGE_LAST;;1;1;XEUR;11820389;688;
23.04.2025;14:24:24.185;FGBL SI 20250606 PS;SIMPLE_INSTRUMENT;EFS;EUR;155;131.36000000;214;EXCHANGE_LAST;;1;1;XEUR;11820389;688;
23.04.2025;14:31:29.441;FGBL SI 20250606 PS;SIMPLE_INSTRUMENT;EFS;EUR;156;131.26000000;86;EXCHANGE_LAST;;1;1;XEUR;11820389;688;
23.04.2025;14:31:42.209;FGBL SI 20250606 PS;SIMPLE_INSTRUMENT;EFS;EUR;157;131.36000000;223;EXCHANGE_LAST;;1;1;XEUR;11820389;688;
23.04.2025;14:33:05.136;FGBL SI 20250606 PS;SIMPLE_INSTRUMENT;EFS;EUR;158;131.27000000;300;EXCHANGE_LAST;;1;1;XEUR;11820389;688;
23.04.2025;14:38:45.764;FGBL SI 20250606 PS;SIMPLE_INSTRUMENT;EFS;EUR;159;131.24000000;976;EXCHANGE_LAST;;1;1;XEUR;11820389;688;
23.04.2025;14:42:22.623;FGBL SI 20250606 PS;SIMPLE_INSTRUMENT;EFS;EUR;160;131.19000000;100;EXCHANGE_LAST;;1;1;XEUR;11820389;688;
23.04.2025;14:44:32.733;FGBL SI 20250606 PS;SIMPLE_INSTRUMENT;EFS;EUR;161;131.19000000;781;EXCHANGE_LAST;;1;1;XEUR;11820389;688;
23.04.2025;14:46:38.794;FGBL SI 20250606 PS;SIMPLE_INSTRUMENT;EFS;EUR;162;131.20000000;429;EXCHANGE_LAST;;1;1;XEUR;11820389;688;
23.04.2025;14:47:08.823;FGBL SI 20250606 PS;SIMPLE_INSTRUMENT;EFS;EUR;163;131.19000000;429;EXCHANGE_LAST;;1;1;XEUR;11820389;688;
23.04.2025;14:49:00.981;FGBL SI 20250606 PS;SIMPLE_INSTRUMENT;EFS;EUR;164;131.19000000;429;EXCHANGE_LAST;;1;1;XEUR;11820389;688;
23.04.2025;14:50:42.112;FGBL SI 20250606 PS;SIMPLE_INSTRUMENT;EFP_FIN;EUR;165;131.20000000;515;EXCHANGE_LAST;;1;1;XEUR;11820389;688;
23.04.2025;14:54:53.011;FGBL SI 20250606 PS;SIMPLE_INSTRUMENT;EFS;EUR;166;131.21000000;191;EXCHANGE_LAST;;1;1;XEUR;11820389;688;
23.04.2025;14:51:40.268;FGBL SI 20250606 PS;SIMPLE_INSTRUMENT;EFP_FIN;EUR;167;131.20000000;648;EXCHANGE_LAST;;1;1;XEUR;11820389;688;
23.04.2025;15:00:50.994;FGBL SI 20250606 PS;SIMPLE_INSTRUMENT;EFS;EUR;168;131.23000000;215;EXCHANGE_LAST;;1;1;XEUR;11820389;688;
23.04.2025;15:03:14.344;FGBL SI 20250606 PS;SIMPLE_INSTRUMENT;EFS;EUR;169;131.24000000;488;EXCHANGE_LAST;;1;1;XEUR;11820389;688;
23.04.2025;15:08:37.939;FGBL SI 20250606 PS;SIMPLE_INSTRUMENT;EFS;EUR;170;131.27000000;243;EXCHANGE_LAST;;1;1;XEUR;11820389;688;
23.04.2025;15:12:10.930;FGBL SI 20250606 PS;SIMPLE_INSTRUMENT;EFS;EUR;171;131.22000000;429;EXCHANGE_LAST;;1;1;XEUR;11820389;688;
23.04.2025;15:29:19.746;FGBL SI 20250606 PS;SIMPLE_INSTRUMENT;EFS;EUR;172;131.30000000;214;EXCHANGE_LAST;;1;1;XEUR;11820389;688;
23.04.2025;15:31:43.286;FGBL SI 20250606 PS;SIMPLE_INSTRUMENT;EFS;EUR;173;131.19000000;300;EXCHANGE_LAST;;1;1;XEUR;11820389;688;
23.04.2025;15:38:17.533;FGBL SI 20250606 PS;SIMPLE_INSTRUMENT;EFS;EUR;174;131.26000000;301;EXCHANGE_LAST;;1;1;XEUR;11820389;688;
23.04.2025;15:38:20.854;FGBL SI 20250606 PS;SIMPLE_INSTRUMENT;EFS;EUR;175;131.30000000;214;EXCHANGE_LAST;;1;1;XEUR;11820389;688;
23.04.2025;15:39:39.093;FGBL SI 20250606 PS;SIMPLE_INSTRUMENT;EFS;EUR;176;131.40000000;214;EXCHANGE_LAST;;1;1;XEUR;11820389;688;
23.04.2025;15:40:54.155;FGBL SI 20250606 PS;SIMPLE_INSTRUMENT;EFS;EUR;177;131.40000000;214;EXCHANGE_LAST;;1;1;XEUR;11820389;688;
23.04.2025;15:44:14.633;FGBL SI 20250606 PS;SIMPLE_INSTRUMENT;EFS;EUR;178;131.36000000;214;EXCHANGE_LAST;;1;1;XEUR;11820389;688;
23.04.2025;15:45:48.046;FGBL SI 20250606 PS;SIMPLE_INSTRUMENT;EFS;EUR;179;131.38000000;386;EXCHANGE_LAST;;1;1;XEUR;11820389;688;
23.04.2025;15:46:26.666;FGBL SI 20250606 PS;SIMPLE_INSTRUMENT;EFS;EUR;180;131.40000000;98;EXCHANGE_LAST;;1;1;XEUR;11820389;688;
23.04.2025;15:51:38.587;FGBL SI 20250606 PS;SIMPLE_INSTRUMENT;EFS;EUR;181;131.22000000;410;EXCHANGE_LAST;;1;1;XEUR;11820389;688;
23.04.2025;16:03:34.371;FGBL SI 20250606 PS;SIMPLE_INSTRUMENT;EFS;EUR;182;131.37000000;214;EXCHANGE_LAST;;1;1;XEUR;11820389;688;
23.04.2025;16:04:38.798;FGBL SI 20250606 PS;SIMPLE_INSTRUMENT;EFS;EUR;183;131.37000000;214;EXCHANGE_LAST;;1;1;XEUR;11820389;688;
23.04.2025;16:13:46.549;FGBL SI 20250606 PS;SIMPLE_INSTRUMENT;EFS;EUR;184;131.42000000;224;EXCHANGE_LAST;;1;1;XEUR;11820389;688;
23.04.2025;16:32:58.504;FGBL SI 20250606 PS;SIMPLE_INSTRUMENT;EFS;EUR;185;131.24000000;428;EXCHANGE_LAST;;1;1;XEUR;11820389;688;
23.04.2025;07:22:09.626;FGBL SI 20250606 PS;SIMPLE_INSTRUMENT;VOLA;EUR;268435468;131.61000000;53;EXCHANGE_LAST;;1;1;XEUR;11820389;688;
23.04.2025;08:47:41.018;FGBL SI 20250606 PS;SIMPLE_INSTRUMENT;VOLA;EUR;268435495;131.55000000;125;EXCHANGE_LAST;;1;1;XEUR;11820389;688;
23.04.2025;08:48:43.072;FGBL SI 20250606 PS;SIMPLE_INSTRUMENT;VOLA;EUR;268435496;131.55000000;125;EXCHANGE_LAST;;1;1;XEUR;11820389;688;
23.04.2025;08:50:12.622;FGBL SI 20250606 PS;SIMPLE_INSTRUMENT;VOLA;EUR;268435498;131.55000000;63;EXCHANGE_LAST;;1;1;XEUR;11820389;688;
23.04.2025;08:51:17.175;FGBL SI 20250606 PS;SIMPLE_INSTRUMENT;VOLA;EUR;268435500;131.55000000;63;EXCHANGE_LAST;;1;1;XEUR;11820389;688;
23.04.2025;08:52:17.949;FGBL SI 20250606 PS;SIMPLE_INSTRUMENT;VOLA;EUR;268435501;131.55000000;62;EXCHANGE_LAST;;1;1;XEUR;11820389;688;
23.04.2025;08:53:16.977;FGBL SI 20250606 PS;SIMPLE_INSTRUMENT;VOLA;EUR;268435502;131.55000000;62;EXCHANGE_LAST;;1;1;XEUR;11820389;688;
23.04.2025;10:44:43.322;FGBL SI 20250606 PS;SIMPLE_INSTRUMENT;VOLA;EUR;268435523;131.58000000;52;EXCHANGE_LAST;;1;1;XEUR;11820389;688;
23.04.2025;11:36:40.323;FGBL SI 20250606 PS;SIMPLE_INSTRUMENT;VOLA;EUR;268435532;131.66000000;960;EXCHANGE_LAST;;1;1;XEUR;11820389;688;
23.04.2025;12:23:06.062;FGBL SI 20250606 PS;SIMPLE_INSTRUMENT;VOLA;EUR;268435544;131.70000000;180;EXCHANGE_LAST;;1;1;XEUR;11820389;688;
23.04.2025;12:35:48.106;FGBL SI 20250606 PS;SIMPLE_INSTRUMENT;VOLA;EUR;268435545;131.70000000;70;EXCHANGE_LAST;;1;1;XEUR;11820389;688;
23.04.2025;12:36:13.108;FGBL SI 20250606 PS;SIMPLE_INSTRUMENT;VOLA;EUR;268435546;131.70000000;70;EXCHANGE_LAST;;1;1;XEUR;11820389;688;
23.04.2025;12:38:27.118;FGBL SI 20250606 PS;SIMPLE_INSTRUMENT;VOLA;EUR;268435547;131.70000000;180;EXCHANGE_LAST;;1;1;XEUR;11820389;688;
23.04.2025;13:01:39.032;FGBL SI 20250606 PS;SIMPLE_INSTRUMENT;VOLA;EUR;268435550;131.66000000;70;EXCHANGE_LAST;;1;1;XEUR;11820389;688;
23.04.2025;13:11:41.751;FGBL SI 20250606 PS;SIMPLE_INSTRUMENT;VOLA;EUR;268435551;131.70000000;45;EXCHANGE_LAST;;1;1;XEUR;11820389;688;
23.04.2025;06:32:02.807;FGBM SI 20250606 PS;SIMPLE_INSTRUMENT;EFS;EUR;1;119.49000000;3661;EXCHANGE_LAST;;1;1;XEUR;11820390;689;
23.04.2025;06:32:18.649;FGBM SI 20250606 PS;SIMPLE_INSTRUMENT;EFS;EUR;2;119.72000000;846;EXCHANGE_LAST;;1;1;XEUR;11820390;689;
23.04.2025;07:00:01.937;FGBM SI 20250606 PS;SIMPLE_INSTRUMENT;EFS;EUR;3;119.47000000;500;EXCHANGE_LAST;;1;1;XEUR;11820390;689;
23.04.2025;06:57:51.572;FGBM SI 20250606 PS;SIMPLE_INSTRUMENT;EFS;EUR;4;119.46000000;849;EXCHANGE_LAST;;1;1;XEUR;11820390;689;
23.04.2025;06:58:23.845;FGBM SI 20250606 PS;SIMPLE_INSTRUMENT;EFS;EUR;5;119.46000000;849;EXCHANGE_LAST;;1;1;XEUR;11820390;689;
23.04.2025;07:08:06.377;FGBM SI 20250606 PS;SIMPLE_INSTRUMENT;EFS;EUR;6;119.48000000;1373;EXCHANGE_LAST;;1;1;XEUR;11820390;689;
23.04.2025;07:08:09.717;FGBM SI 20250606 PS;SIMPLE_INSTRUMENT;EFS;EUR;7;119.51000000;1377;EXCHANGE_LAST;;1;1;XEUR;11820390;689;
23.04.2025;07:08:16.557;FGBM SI 20250606 PS;SIMPLE_INSTRUMENT;EFS;EUR;8;119.50000000;918;EXCHANGE_LAST;;1;1;XEUR;11820390;689;
23.04.2025;07:24:04.114;FGBM SI 20250606 PS;SIMPLE_INSTRUMENT;EFS;EUR;9;119.41000000;930;EXCHANGE_LAST;;1;1;XEUR;11820390;689;
23.04.2025;07:31:16.227;FGBM SI 20250606 PS;SIMPLE_INSTRUMENT;EFS;EUR;10;119.44000000;400;EXCHANGE_LAST;;1;1;XEUR;11820390;689;
23.04.2025;07:32:16.533;FGBM SI 20250606 PS;SIMPLE_INSTRUMENT;EFS;EUR;11;119.44000000;459;EXCHANGE_LAST;;1;1;XEUR;11820390;689;
23.04.2025;07:40:27.698;FGBM SI 20250606 PS;SIMPLE_INSTRUMENT;EFS;EUR;12;119.41000000;127;EXCHANGE_LAST;;1;1;XEUR;11820390;689;
23.04.2025;07:43:48.069;FGBM SI 20250606 PS;SIMPLE_INSTRUMENT;EFP_FIN;EUR;13;119.47000000;101;EXCHANGE_LAST;;1;1;XEUR;11820390;689;
23.04.2025;07:47:45.943;FGBM SI 20250606 PS;SIMPLE_INSTRUMENT;EFS;EUR;14;119.38000000;919;EXCHANGE_LAST;;1;1;XEUR;11820390;689;
23.04.2025;07:49:10.667;FGBM SI 20250606 PS;SIMPLE_INSTRUMENT;EFS;EUR;15;119.37000000;424;EXCHANGE_LAST;;1;1;XEUR;11820390;689;
23.04.2025;07:59:05.228;FGBM SI 20250606 PS;SIMPLE_INSTRUMENT;EFP_FIN;EUR;16;119.38000000;165;EXCHANGE_LAST;;1;1;XEUR;11820390;689;
23.04.2025;07:51:19.796;FGBM SI 20250606 PS;SIMPLE_INSTRUMENT;EFP_FIN;EUR;17;119.38000000;66;EXCHANGE_LAST;;1;1;XEUR;11820390;689;
23.04.2025;07:52:07.849;FGBM SI 20250606 PS;SIMPLE_INSTRUMENT;EFS;EUR;18;119.41000000;273;EXCHANGE_LAST;;1;1;XEUR;11820390;689;
23.04.2025;07:58:21.328;FGBM SI 20250606 PS;SIMPLE_INSTRUMENT;EFS;EUR;19;119.41000000;919;EXCHANGE_LAST;;1;1;XEUR;11820390;689;
23.04.2025;08:01:32.851;FGBM SI 20250606 PS;SIMPLE_INSTRUMENT;EFS;EUR;20;119.42000000;459;EXCHANGE_LAST;;1;1;XEUR;11820390;689;
23.04.2025;08:04:50.247;FGBM SI 20250606 PS;SIMPLE_INSTRUMENT;EFS;EUR;21;119.44000000;919;EXCHANGE_LAST;;1;1;XEUR;11820390;689;
23.04.2025;08:08:33.983;FGBM SI 20250606 PS;SIMPLE_INSTRUMENT;EFP_FIN;EUR;22;119.42000000;242;EXCHANGE_LAST;;1;1;XEUR;11820390;689;
23.04.2025;08:12:47.964;FGBM SI 20250606 PS;SIMPLE_INSTRUMENT;EFS;EUR;23;119.43000000;798;EXCHANGE_LAST;;1;1;XEUR;11820390;689;
23.04.2025;08:12:53.987;FGBM SI 20250606 PS;SIMPLE_INSTRUMENT;EFS;EUR;24;119.45000000;425;EXCHANGE_LAST;;1;1;XEUR;11820390;689;
23.04.2025;08:16:03.110;FGBM SI 20250606 PS;SIMPLE_INSTRUMENT;EFS;EUR;25;119.43000000;698;EXCHANGE_LAST;;1;1;XEUR;11820390;689;
23.04.2025;08:18:20.298;FGBM SI 20250606 PS;SIMPLE_INSTRUMENT;EFS;EUR;26;119.46000000;424;EXCHANGE_LAST;;1;1;XEUR;11820390;689;
23.04.2025;08:18:50.817;FGBM SI 20250606 PS;SIMPLE_INSTRUMENT;EFS;EUR;27;119.46000000;424;EXCHANGE_LAST;;1;1;XEUR;11820390;689;
23.04.2025;08:19:39.383;FGBM SI 20250606 PS;SIMPLE_INSTRUMENT;EFS;EUR;28;119.45000000;425;EXCHANGE_LAST;;1;1;XEUR;11820390;689;
23.04.2025;08:22:36.907;FGBM SI 20250606 PS;SIMPLE_INSTRUMENT;EFS;EUR;29;119.46000000;807;EXCHANGE_LAST;;1;1;XEUR;11820390;689;
23.04.2025;08:28:29.459;FGBM SI 20250606 PS;SIMPLE_INSTRUMENT;EFP_FIN;EUR;30;119.45000000;788;EXCHANGE_LAST;;1;1;XEUR;11820390;689;
23.04.2025;08:28:51.622;FGBM SI 20250606 PS;SIMPLE_INSTRUMENT;EFS;EUR;31;119.45000000;350;EXCHANGE_LAST;;1;1;XEUR;11820390;689;
23.04.2025;08:32:21.265;FGBM SI 20250606 PS;SIMPLE_INSTRUMENT;EFS;EUR;32;119.43000000;808;EXCHANGE_LAST;;1;1;XEUR;11820390;689;
23.04.2025;08:33:19.650;FGBM SI 20250606 PS;SIMPLE_INSTRUMENT;EFS;EUR;33;119.46000000;1377;EXCHANGE_LAST;;1;1;XEUR;11820390;689;
23.04.2025;08:36:41.131;FGBM SI 20250606 PS;SIMPLE_INSTRUMENT;EFS;EUR;34;119.48000000;425;EXCHANGE_LAST;;1;1;XEUR;11820390;689;
23.04.2025;08:37:41.123;FGBM SI 20250606 PS;SIMPLE_INSTRUMENT;EFS;EUR;35;119.45000000;127;EXCHANGE_LAST;;1;1;XEUR;11820390;689;
23.04.2025;08:41:15.360;FGBM SI 20250606 PS;SIMPLE_INSTRUMENT;EFS;EUR;36;119.48000000;424;EXCHANGE_LAST;;1;1;XEUR;11820390;689;
23.04.2025;08:48:49.471;FGBM SI 20250606 PS;SIMPLE_INSTRUMENT;EFP_FIN;EUR;37;119.48000000;426;EXCHANGE_LAST;;1;1;XEUR;11820390;689;
23.04.2025;08:54:26.984;FGBM SI 20250606 PS;SIMPLE_INSTRUMENT;EFS;EUR;38;119.48000000;643;EXCHANGE_LAST;;1;1;XEUR;11820390;689;
23.04.2025;08:53:36.910;FGBM SI 20250606 PS;SIMPLE_INSTRUMENT;EFS;EUR;39;119.44000000;483;EXCHANGE_LAST;;1;1;XEUR;11820390;689;
23.04.2025;09:00:25.617;FGBM SI 20250606 PS;SIMPLE_INSTRUMENT;EFS;EUR;41;119.44000000;848;EXCHANGE_LAST;;1;1;XEUR;11820390;689;
23.04.2025;09:02:18.138;FGBM SI 20250606 PS;SIMPLE_INSTRUMENT;EFS;EUR;42;119.45000000;424;EXCHANGE_LAST;;1;1;XEUR;11820390;689;
23.04.2025;09:06:54.989;FGBM SI 20250606 PS;SIMPLE_INSTRUMENT;EFP_FIN;EUR;43;119.48000000;852;EXCHANGE_LAST;;1;1;XEUR;11820390;689;
23.04.2025;09:12:06.036;FGBM SI 20250606 PS;SIMPLE_INSTRUMENT;EFS;EUR;44;119.46000000;323;EXCHANGE_LAST;;1;1;XEUR;11820390;689;
23.04.2025;09:18:29.054;FGBM SI 20250606 PS;SIMPLE_INSTRUMENT;EFS;EUR;45;119.50000000;918;EXCHANGE_LAST;;1;1;XEUR;11820390;689;
23.04.2025;09:20:36.220;FGBM SI 20250606 PS;SIMPLE_INSTRUMENT;EFS;EUR;46;119.46000000;849;EXCHANGE_LAST;;1;1;XEUR;11820390;689;
23.04.2025;09:20:46.229;FGBM SI 20250606 PS;SIMPLE_INSTRUMENT;EFS;EUR;47;119.46000000;849;EXCHANGE_LAST;;1;1;XEUR;11820390;689;
23.04.2025;09:24:03.751;FGBM SI 20250606 PS;SIMPLE_INSTRUMENT;EFP_FIN;EUR;48;119.48000000;349;EXCHANGE_LAST;;1;1;XEUR;11820390;689;
23.04.2025;09:21:24.862;FGBM SI 20250606 PS;SIMPLE_INSTRUMENT;EFP_FIN;EUR;49;119.48000000;76;EXCHANGE_LAST;;1;1;XEUR;11820390;689;
23.04.2025;09:41:19.620;FGBM SI 20250606 PS;SIMPLE_INSTRUMENT;EFS;EUR;50;119.47000000;838;EXCHANGE_LAST;;1;1;XEUR;11820390;689;
23.04.2025;09:53:31.962;FGBM SI 20250606 PS;SIMPLE_INSTRUMENT;EFP_FIN;EUR;51;119.48000000;852;EXCHANGE_LAST;;1;1;XEUR;11820390;689;
23.04.2025;09:53:42.877;FGBM SI 20250606 PS;SIMPLE_INSTRUMENT;EFP_FIN;EUR;52;119.48000000;852;EXCHANGE_LAST;;1;1;XEUR;11820390;689;
23.04.2025;09:56:31.964;FGBM SI 20250606 PS;SIMPLE_INSTRUMENT;EFS;EUR;53;119.46000000;403;EXCHANGE_LAST;;1;1;XEUR;11820390;689;
23.04.2025;09:59:03.374;FGBM SI 20250606 PS;SIMPLE_INSTRUMENT;EFS;EUR;54;119.49000000;848;EXCHANGE_LAST;;1;1;XEUR;11820390;689;
23.04.2025;09:59:45.320;FGBM SI 20250606 PS;SIMPLE_INSTRUMENT;EFS;EUR;55;119.49000000;848;EXCHANGE_LAST;;1;1;XEUR;11820390;689;
23.04.2025;10:02:15.741;FGBM SI 20250606 PS;SIMPLE_INSTRUMENT;EFS;EUR;57;119.49000000;848;EXCHANGE_LAST;;1;1;XEUR;11820390;689;
23.04.2025;10:05:07.103;FGBM SI 20250606 PS;SIMPLE_INSTRUMENT;EFS;EUR;58;119.48000000;848;EXCHANGE_LAST;;1;1;XEUR;11820390;689;
23.04.2025;10:13:48.550;FGBM SI 20250606 PS;SIMPLE_INSTRUMENT;EFS;EUR;59;119.48000000;847;EXCHANGE_LAST;;1;1;XEUR;11820390;689;
23.04.2025;10:32:17.576;FGBM SI 20250606 PS;SIMPLE_INSTRUMENT;EFP_FIN;EUR;60;119.44000000;554;EXCHANGE_LAST;;1;1;XEUR;11820390;689;
23.04.2025;10:37:17.117;FGBM SI 20250606 PS;SIMPLE_INSTRUMENT;EFP_FIN;EUR;61;119.47000000;1927;EXCHANGE_LAST;;1;1;XEUR;11820390;689;
23.04.2025;10:44:06.446;FGBM SI 20250606 PS;SIMPLE_INSTRUMENT;EFP_FIN;EUR;62;119.49000000;681;EXCHANGE_LAST;;1;1;XEUR;11820390;689;
23.04.2025;10:45:08.793;FGBM SI 20250606 PS;SIMPLE_INSTRUMENT;EFS;EUR;63;119.49000000;849;EXCHANGE_LAST;;1;1;XEUR;11820390;689;
23.04.2025;10:47:52.547;FGBM SI 20250606 PS;SIMPLE_INSTRUMENT;EFP_FIN;EUR;64;119.45000000;292;EXCHANGE_LAST;;1;1;XEUR;11820390;689;
23.04.2025;10:50:44.561;FGBM SI 20250606 PS;SIMPLE_INSTRUMENT;EFP_FIN;EUR;65;119.44000000;852;EXCHANGE_LAST;;1;1;XEUR;11820390;689;
23.04.2025;10:53:56.821;FGBM SI 20250606 PS;SIMPLE_INSTRUMENT;EFP_FIN;EUR;66;119.47000000;851;EXCHANGE_LAST;;1;1;XEUR;11820390;689;
23.04.2025;10:58:30.052;FGBM SI 20250606 PS;SIMPLE_INSTRUMENT;EFS;EUR;67;119.46000000;460;EXCHANGE_LAST;;1;1;XEUR;11820390;689;
23.04.2025;11:03:25.579;FGBM SI 20250606 PS;SIMPLE_INSTRUMENT;EFS;EUR;68;119.51000000;849;EXCHANGE_LAST;;1;1;XEUR;11820390;689;
23.04.2025;11:04:00.609;FGBM SI 20250606 PS;SIMPLE_INSTRUMENT;EFS;EUR;69;119.51000000;849;EXCHANGE_LAST;;1;1;XEUR;11820390;689;
23.04.2025;11:05:36.855;FGBM SI 20250606 PS;SIMPLE_INSTRUMENT;EFS;EUR;70;119.50000000;1836;EXCHANGE_LAST;;1;1;XEUR;11820390;689;
23.04.2025;11:05:48.225;FGBM SI 20250606 PS;SIMPLE_INSTRUMENT;EFS;EUR;71;119.47000000;700;EXCHANGE_LAST;;1;1;XEUR;11820390;689;
23.04.2025;11:10:20.182;FGBM SI 20250606 PS;SIMPLE_INSTRUMENT;EFS;EUR;72;119.50000000;100;EXCHANGE_LAST;;1;1;XEUR;11820390;689;
23.04.2025;11:16:36.886;FGBM SI 20250606 PS;SIMPLE_INSTRUMENT;EFS;EUR;73;119.48000000;5905;EXCHANGE_LAST;;1;1;XEUR;11820390;689;
23.04.2025;11:22:56.552;FGBM SI 20250606 PS;SIMPLE_INSTRUMENT;EFS;EUR;74;119.48000000;403;EXCHANGE_LAST;;1;1;XEUR;11820390;689;
23.04.2025;11:49:17.479;FGBM SI 20250606 PS;SIMPLE_INSTRUMENT;EFS;EUR;75;119.47000000;824;EXCHANGE_LAST;;1;1;XEUR;11820390;689;
23.04.2025;11:52:58.679;FGBM SI 20250606 PS;SIMPLE_INSTRUMENT;EFS;EUR;76;119.51000000;402;EXCHANGE_LAST;;1;1;XEUR;11820390;689;
23.04.2025;11:53:16.907;FGBM SI 20250606 PS;SIMPLE_INSTRUMENT;EFS;EUR;77;119.52000000;804;EXCHANGE_LAST;;1;1;XEUR;11820390;689;
23.04.2025;11:54:03.657;FGBM SI 20250606 PS;SIMPLE_INSTRUMENT;EFP_FIN;EUR;78;119.49000000;550;EXCHANGE_LAST;;1;1;XEUR;11820390;689;
23.04.2025;11:55:00.888;FGBM SI 20250606 PS;SIMPLE_INSTRUMENT;EFS;EUR;79;119.50000000;849;EXCHANGE_LAST;;1;1;XEUR;11820390;689;
23.04.2025;12:00:24.022;FGBM SI 20250606 PS;SIMPLE_INSTRUMENT;EFP_FIN;EUR;80;119.52000000;1362;EXCHANGE_LAST;;1;1;XEUR;11820390;689;
23.04.2025;12:01:03.439;FGBM SI 20250606 PS;SIMPLE_INSTRUMENT;EFS;EUR;81;119.51000000;564;EXCHANGE_LAST;;1;1;XEUR;11820390;689;
23.04.2025;12:04:08.933;FGBM SI 20250606 PS;SIMPLE_INSTRUMENT;EFP_FIN;EUR;82;119.52000000;2384;EXCHANGE_LAST;;1;1;XEUR;11820390;689;
23.04.2025;12:07:39.682;FGBM SI 20250606 PS;SIMPLE_INSTRUMENT;EFS;EUR;83;119.52000000;280;EXCHANGE_LAST;;1;1;XEUR;11820390;689;
23.04.2025;12:10:54.864;FGBM SI 20250606 PS;SIMPLE_INSTRUMENT;EFS;EUR;84;119.52000000;1836;EXCHANGE_LAST;;1;1;XEUR;11820390;689;
23.04.2025;12:13:20.266;FGBM SI 20250606 PS;SIMPLE_INSTRUMENT;EFP_FIN;EUR;85;119.50000000;682;EXCHANGE_LAST;;1;1;XEUR;11820390;689;
23.04.2025;12:14:35.005;FGBM SI 20250606 PS;SIMPLE_INSTRUMENT;EFS;EUR;86;119.53000000;367;EXCHANGE_LAST;;1;1;XEUR;11820390;689;
23.04.2025;12:14:41.045;FGBM SI 20250606 PS;SIMPLE_INSTRUMENT;EFS;EUR;87;119.53000000;367;EXCHANGE_LAST;;1;1;XEUR;11820390;689;
23.04.2025;12:40:36.041;FGBM SI 20250606 PS;SIMPLE_INSTRUMENT;EFP_FIN;EUR;88;119.52000000;122;EXCHANGE_LAST;;1;1;XEUR;11820390;689;
23.04.2025;12:38:15.637;FGBM SI 20250606 PS;SIMPLE_INSTRUMENT;EFP_FIN;EUR;89;119.52000000;235;EXCHANGE_LAST;;1;1;XEUR;11820390;689;
23.04.2025;12:39:24.425;FGBM SI 20250606 PS;SIMPLE_INSTRUMENT;EFS;EUR;90;119.54000000;1695;EXCHANGE_LAST;;1;1;XEUR;11820390;689;
23.04.2025;12:40:10.969;FGBM SI 20250606 PS;SIMPLE_INSTRUMENT;EFS;EUR;91;119.52000000;849;EXCHANGE_LAST;;1;1;XEUR;11820390;689;
23.04.2025;12:41:48.850;FGBM SI 20250606 PS;SIMPLE_INSTRUMENT;EFP_FIN;EUR;92;119.52000000;942;EXCHANGE_LAST;;1;1;XEUR;11820390;689;
23.04.2025;12:42:05.192;FGBM SI 20250606 PS;SIMPLE_INSTRUMENT;EFS;EUR;93;119.54000000;847;EXCHANGE_LAST;;1;1;XEUR;11820390;689;
23.04.2025;12:45:35.410;FGBM SI 20250606 PS;SIMPLE_INSTRUMENT;EFS;EUR;94;119.53000000;847;EXCHANGE_LAST;;1;1;XEUR;11820390;689;
23.04.2025;12:43:52.491;FGBM SI 20250606 PS;SIMPLE_INSTRUMENT;EFS;EUR;95;119.54000000;847;EXCHANGE_LAST;;1;1;XEUR;11820390;689;
23.04.2025;12:46:04.946;FGBM SI 20250606 PS;SIMPLE_INSTRUMENT;EFP_FIN;EUR;96;119.51000000;963;EXCHANGE_LAST;;1;1;XEUR;11820390;689;
23.04.2025;12:47:08.141;FGBM SI 20250606 PS;SIMPLE_INSTRUMENT;EFS;EUR;97;119.53000000;1468;EXCHANGE_LAST;;1;1;XEUR;11820390;689;
23.04.2025;12:47:34.659;FGBM SI 20250606 PS;SIMPLE_INSTRUMENT;EFS;EUR;98;119.53000000;1695;EXCHANGE_LAST;;1;1;XEUR;11820390;689;
23.04.2025;12:50:25.830;FGBM SI 20250606 PS;SIMPLE_INSTRUMENT;EFS;EUR;99;119.51000000;848;EXCHANGE_LAST;;1;1;XEUR;11820390;689;
23.04.2025;12:51:32.878;FGBM SI 20250606 PS;SIMPLE_INSTRUMENT;EFP_FIN;EUR;100;119.52000000;235;EXCHANGE_LAST;;1;1;XEUR;11820390;689;
23.04.2025;12:53:57.020;FGBM SI 20250606 PS;SIMPLE_INSTRUMENT;EFS;EUR;101;119.48000000;424;EXCHANGE_LAST;;1;1;XEUR;11820390;689;
23.04.2025;12:54:17.114;FGBM SI 20250606 PS;SIMPLE_INSTRUMENT;EFS;EUR;102;119.48000000;424;EXCHANGE_LAST;;1;1;XEUR;11820390;689;
23.04.2025;12:59:25.177;FGBM SI 20250606 PS;SIMPLE_INSTRUMENT;EFS;EUR;103;119.48000000;735;EXCHANGE_LAST;;1;1;XEUR;11820390;689;
23.04.2025;12:59:47.656;FGBM SI 20250606 PS;SIMPLE_INSTRUMENT;EFP_FIN;EUR;104;119.53000000;96;EXCHANGE_LAST;;1;1;XEUR;11820390;689;
23.04.2025;13:00:36.694;FGBM SI 20250606 PS;SIMPLE_INSTRUMENT;EFS;EUR;105;119.49000000;966;EXCHANGE_LAST;;1;1;XEUR;11820390;689;
23.04.2025;13:01:28.838;FGBM SI 20250606 PS;SIMPLE_INSTRUMENT;EFS;EUR;106;119.48000000;847;EXCHANGE_LAST;;1;1;XEUR;11820390;689;
23.04.2025;13:16:35.986;FGBM SI 20250606 PS;SIMPLE_INSTRUMENT;EFS;EUR;107;119.48000000;805;EXCHANGE_LAST;;1;1;XEUR;11820390;689;
23.04.2025;13:19:30.695;FGBM SI 20250606 PS;SIMPLE_INSTRUMENT;EFS;EUR;108;119.50000000;849;EXCHANGE_LAST;;1;1;XEUR;11820390;689;
23.04.2025;13:20:08.256;FGBM SI 20250606 PS;SIMPLE_INSTRUMENT;EFS;EUR;109;119.48000000;483;EXCHANGE_LAST;;1;1;XEUR;11820390;689;
23.04.2025;13:22:30.832;FGBM SI 20250606 PS;SIMPLE_INSTRUMENT;EFS;EUR;110;119.49000000;250;EXCHANGE_LAST;;1;1;XEUR;11820390;689;
23.04.2025;13:29:35.390;FGBM SI 20250606 PS;SIMPLE_INSTRUMENT;EFS;EUR;111;119.49000000;424;EXCHANGE_LAST;;1;1;XEUR;11820390;689;
23.04.2025;13:42:00.568;FGBM SI 20250606 PS;SIMPLE_INSTRUMENT;EFP_FIN;EUR;112;119.47000000;963;EXCHANGE_LAST;;1;1;XEUR;11820390;689;
23.04.2025;13:46:49.299;FGBM SI 20250606 PS;SIMPLE_INSTRUMENT;EFS;EUR;113;119.49000000;2482;EXCHANGE_LAST;;1;1;XEUR;11820390;689;
23.04.2025;13:53:43.845;FGBM SI 20250606 PS;SIMPLE_INSTRUMENT;EFS;EUR;114;119.52000000;402;EXCHANGE_LAST;;1;1;XEUR;11820390;689;
23.04.2025;13:57:04.512;FGBM SI 20250606 PS;SIMPLE_INSTRUMENT;EFS;EUR;115;119.26000000;850;EXCHANGE_LAST;;1;1;XEUR;11820390;689;
23.04.2025;13:58:42.581;FGBM SI 20250606 PS;SIMPLE_INSTRUMENT;EFS;EUR;116;119.22000000;1621;EXCHANGE_LAST;;1;1;XEUR;11820390;689;
23.04.2025;13:59:04.601;FGBM SI 20250606 PS;SIMPLE_INSTRUMENT;EFS;EUR;117;119.25000000;500;EXCHANGE_LAST;;1;1;XEUR;11820390;689;
23.04.2025;14:00:15.853;FGBM SI 20250606 PS;SIMPLE_INSTRUMENT;EFS;EUR;118;119.46000000;1832;EXCHANGE_LAST;;1;1;XEUR;11820390;689;
23.04.2025;14:01:19.706;FGBM SI 20250606 PS;SIMPLE_INSTRUMENT;EFS;EUR;119;119.22000000;850;EXCHANGE_LAST;;1;1;XEUR;11820390;689;
23.04.2025;14:02:12.638;FGBM SI 20250606 PS;SIMPLE_INSTRUMENT;EFS;EUR;120;119.26000000;404;EXCHANGE_LAST;;1;1;XEUR;11820390;689;
23.04.2025;14:02:09.757;FGBM SI 20250606 PS;SIMPLE_INSTRUMENT;EFS;EUR;121;119.26000000;850;EXCHANGE_LAST;;1;1;XEUR;11820390;689;
23.04.2025;14:02:36.652;FGBM SI 20250606 PS;SIMPLE_INSTRUMENT;EFS;EUR;122;119.23000000;921;EXCHANGE_LAST;;1;1;XEUR;11820390;689;
23.04.2025;14:10:10.567;FGBM SI 20250606 PS;SIMPLE_INSTRUMENT;EFS;EUR;123;119.20000000;1008;EXCHANGE_LAST;;1;1;XEUR;11820390;689;
23.04.2025;14:14:36.312;FGBM SI 20250606 PS;SIMPLE_INSTRUMENT;EFS;EUR;124;119.24000000;1009;EXCHANGE_LAST;;1;1;XEUR;11820390;689;
23.04.2025;14:15:55.677;FGBM SI 20250606 PS;SIMPLE_INSTRUMENT;EFS;EUR;125;119.26000000;699;EXCHANGE_LAST;;1;1;XEUR;11820390;689;
23.04.2025;14:17:50.900;FGBM SI 20250606 PS;SIMPLE_INSTRUMENT;EFS;EUR;126;119.23000000;1624;EXCHANGE_LAST;;1;1;XEUR;11820390;689;
23.04.2025;14:23:47.152;FGBM SI 20250606 PS;SIMPLE_INSTRUMENT;EFS;EUR;127;119.23000000;736;EXCHANGE_LAST;;1;1;XEUR;11820390;689;
23.04.2025;14:24:03.918;FGBM SI 20250606 PS;SIMPLE_INSTRUMENT;EFS;EUR;128;119.32000000;405;EXCHANGE_LAST;;1;1;XEUR;11820390;689;
23.04.2025;14:28:58.327;FGBM SI 20250606 PS;SIMPLE_INSTRUMENT;EFP_FIN;EUR;129;119.32000000;1699;EXCHANGE_LAST;;1;1;XEUR;11820390;689;
23.04.2025;14:34:55.248;FGBM SI 20250606 PS;SIMPLE_INSTRUMENT;EFP_FIN;EUR;130;119.30000000;2129;EXCHANGE_LAST;;1;1;XEUR;11820390;689;
23.04.2025;14:37:53.520;FGBM SI 20250606 PS;SIMPLE_INSTRUMENT;EFS;EUR;131;119.23000000;920;EXCHANGE_LAST;;1;1;XEUR;11820390;689;
23.04.2025;14:42:16.255;FGBM SI 20250606 PS;SIMPLE_INSTRUMENT;EFS;EUR;132;119.26000000;736;EXCHANGE_LAST;;1;1;XEUR;11820390;689;
23.04.2025;14:50:16.307;FGBM SI 20250606 PS;SIMPLE_INSTRUMENT;EFP_FIN;EUR;133;119.24000000;170;EXCHANGE_LAST;;1;1;XEUR;11820390;689;
23.04.2025;14:54:51.502;FGBM SI 20250606 PS;SIMPLE_INSTRUMENT;EFP_FIN;EUR;134;119.25000000;335;EXCHANGE_LAST;;1;1;XEUR;11820390;689;
23.04.2025;15:01:15.871;FGBM SI 20250606 PS;SIMPLE_INSTRUMENT;EFS;EUR;135;119.28000000;405;EXCHANGE_LAST;;1;1;XEUR;11820390;689;
23.04.2025;15:09:42.725;FGBM SI 20250606 PS;SIMPLE_INSTRUMENT;EFS;EUR;136;119.29000000;2122;EXCHANGE_LAST;;1;1;XEUR;11820390;689;
23.04.2025;15:10:24.572;FGBM SI 20250606 PS;SIMPLE_INSTRUMENT;EFS;EUR;137;119.29000000;2122;EXCHANGE_LAST;;1;1;XEUR;11820390;689;
23.04.2025;15:21:20.421;FGBM SI 20250606 PS;SIMPLE_INSTRUMENT;EFP_FIN;EUR;138;119.27000000;480;EXCHANGE_LAST;;1;1;XEUR;11820390;689;
23.04.2025;15:22:45.454;FGBM SI 20250606 PS;SIMPLE_INSTRUMENT;EFP_FIN;EUR;139;119.25000000;88;EXCHANGE_LAST;;1;1;XEUR;11820390;689;
23.04.2025;15:26:02.374;FGBM SI 20250606 PS;SIMPLE_INSTRUMENT;EFS;EUR;140;119.26000000;195;EXCHANGE_LAST;;1;1;XEUR;11820390;689;
23.04.2025;15:29:32.669;FGBM SI 20250606 PS;SIMPLE_INSTRUMENT;EFS;EUR;141;119.34000000;425;EXCHANGE_LAST;;1;1;XEUR;11820390;689;
23.04.2025;15:30:24.859;FGBM SI 20250606 PS;SIMPLE_INSTRUMENT;EFS;EUR;142;119.28000000;3000;EXCHANGE_LAST;;1;1;XEUR;11820390;689;
23.04.2025;15:32:10.804;FGBM SI 20250606 PS;SIMPLE_INSTRUMENT;EFS;EUR;143;119.34000000;1273;EXCHANGE_LAST;;1;1;XEUR;11820390;689;
23.04.2025;15:33:45.544;FGBM SI 20250606 PS;SIMPLE_INSTRUMENT;EFP_FIN;EUR;144;119.25000000;387;EXCHANGE_LAST;;1;1;XEUR;11820390;689;
23.04.2025;15:55:11.405;FGBM SI 20250606 PS;SIMPLE_INSTRUMENT;EFS;EUR;145;119.34000000;194;EXCHANGE_LAST;;1;1;XEUR;11820390;689;
23.04.2025;16:06:23.375;FGBM SI 20250606 PS;SIMPLE_INSTRUMENT;EFP_FIN;EUR;146;119.34000000;408;EXCHANGE_LAST;;1;1;XEUR;11820390;689;
23.04.2025;16:14:02.496;FGBM SI 20250606 PS;SIMPLE_INSTRUMENT;EFS;EUR;147;119.30000000;425;EXCHANGE_LAST;;1;1;XEUR;11820390;689;
23.04.2025;16:19:12.718;FGBM SI 20250606 PS;SIMPLE_INSTRUMENT;EFS;EUR;148;119.30000000;425;EXCHANGE_LAST;;1;1;XEUR;11820390;689;
23.04.2025;06:52:23.643;FGBS SI 20250606 PS;SIMPLE_INSTRUMENT;EFS;EUR;1;107.55000000;2715;EXCHANGE_LAST;;1;1;XEUR;11820391;690;
23.04.2025;07:18:48.095;FGBS SI 20250606 PS;SIMPLE_INSTRUMENT;EFS;EUR;2;107.55000000;1629;EXCHANGE_LAST;;1;1;XEUR;11820391;690;
23.04.2025;07:30:38.144;FGBS SI 20250606 PS;SIMPLE_INSTRUMENT;EFS;EUR;3;107.53000000;1358;EXCHANGE_LAST;;1;1;XEUR;11820391;690;
23.04.2025;07:39:57.204;FGBS SI 20250606 PS;SIMPLE_INSTRUMENT;EFP_FIN;EUR;4;107.52000000;1244;EXCHANGE_LAST;;1;1;XEUR;11820391;690;
23.04.2025;07:51:35.203;FGBS SI 20250606 PS;SIMPLE_INSTRUMENT;EFS;EUR;5;107.52000000;1193;EXCHANGE_LAST;;1;1;XEUR;11820391;690;
23.04.2025;07:51:57.597;FGBS SI 20250606 PS;SIMPLE_INSTRUMENT;EFS;EUR;6;107.51000000;2385;EXCHANGE_LAST;;1;1;XEUR;11820391;690;
23.04.2025;07:56:29.139;FGBS SI 20250606 PS;SIMPLE_INSTRUMENT;EFS;EUR;7;107.51000000;2717;EXCHANGE_LAST;;1;1;XEUR;11820391;690;
23.04.2025;08:11:21.500;FGBS SI 20250606 PS;SIMPLE_INSTRUMENT;EFS;EUR;8;107.50500000;1632;EXCHANGE_LAST;;1;1;XEUR;11820391;690;
23.04.2025;08:12:06.273;FGBS SI 20250606 PS;SIMPLE_INSTRUMENT;EFS;EUR;9;107.52000000;1193;EXCHANGE_LAST;;1;1;XEUR;11820391;690;
23.04.2025;08:21:44.491;FGBS SI 20250606 PS;SIMPLE_INSTRUMENT;EFS;EUR;10;107.53000000;2386;EXCHANGE_LAST;;1;1;XEUR;11820391;690;
23.04.2025;08:23:24.517;FGBS SI 20250606 PS;SIMPLE_INSTRUMENT;EFP_FIN;EUR;11;107.52000000;581;EXCHANGE_LAST;;1;1;XEUR;11820391;690;
23.04.2025;08:25:33.711;FGBS SI 20250606 PS;SIMPLE_INSTRUMENT;EFP_FIN;EUR;12;107.51000000;1194;EXCHANGE_LAST;;1;1;XEUR;11820391;690;
23.04.2025;08:35:02.161;FGBS SI 20250606 PS;SIMPLE_INSTRUMENT;EFS;EUR;13;107.53500000;1358;EXCHANGE_LAST;;1;1;XEUR;11820391;690;
23.04.2025;08:42:53.921;FGBS SI 20250606 PS;SIMPLE_INSTRUMENT;EFS;EUR;14;107.55000000;2382;EXCHANGE_LAST;;1;1;XEUR;11820391;690;
23.04.2025;08:46:51.925;FGBS SI 20250606 PS;SIMPLE_INSTRUMENT;EFP_FIN;EUR;15;107.53500000;478;EXCHANGE_LAST;;1;1;XEUR;11820391;690;
23.04.2025;08:54:02.982;FGBS SI 20250606 PS;SIMPLE_INSTRUMENT;EFS;EUR;16;107.54500000;1901;EXCHANGE_LAST;;1;1;XEUR;11820391;690;
23.04.2025;08:52:39.398;FGBS SI 20250606 PS;SIMPLE_INSTRUMENT;EFS;EUR;17;107.54000000;1685;EXCHANGE_LAST;;1;1;XEUR;11820391;690;
23.04.2025;08:54:55.516;FGBS SI 20250606 PS;SIMPLE_INSTRUMENT;EFS;EUR;18;107.53500000;500;EXCHANGE_LAST;;1;1;XEUR;11820391;690;
23.04.2025;09:06:20.542;FGBS SI 20250606 PS;SIMPLE_INSTRUMENT;EFS;EUR;19;107.53500000;4761;EXCHANGE_LAST;;1;1;XEUR;11820391;690;
23.04.2025;09:09:21.605;FGBS SI 20250606 PS;SIMPLE_INSTRUMENT;EFP_FIN;EUR;20;107.54000000;704;EXCHANGE_LAST;;1;1;XEUR;11820391;690;
23.04.2025;09:17:00.849;FGBS SI 20250606 PS;SIMPLE_INSTRUMENT;EFP_FIN;EUR;21;107.52500000;1955;EXCHANGE_LAST;;1;1;XEUR;11820391;690;
23.04.2025;09:27:20.579;FGBS SI 20250606 PS;SIMPLE_INSTRUMENT;EFP_FIN;EUR;22;107.53000000;721;EXCHANGE_LAST;;1;1;XEUR;11820391;690;
23.04.2025;09:31:22.719;FGBS SI 20250606 PS;SIMPLE_INSTRUMENT;EFS;EUR;23;107.52000000;800;EXCHANGE_LAST;;1;1;XEUR;11820391;690;
23.04.2025;09:50:48.754;FGBS SI 20250606 PS;SIMPLE_INSTRUMENT;EFS;EUR;24;107.54000000;1085;EXCHANGE_LAST;;1;1;XEUR;11820391;690;
23.04.2025;09:57:52.758;FGBS SI 20250606 PS;SIMPLE_INSTRUMENT;EFP_FIN;EUR;25;107.54000000;710;EXCHANGE_LAST;;1;1;XEUR;11820391;690;
23.04.2025;09:58:12.774;FGBS SI 20250606 PS;SIMPLE_INSTRUMENT;EFP_FIN;EUR;26;107.50500000;1050;EXCHANGE_LAST;;1;1;XEUR;11820391;690;
23.04.2025;10:01:50.344;FGBS SI 20250606 PS;SIMPLE_INSTRUMENT;EFS;EUR;27;107.53000000;894;EXCHANGE_LAST;;1;1;XEUR;11820391;690;
23.04.2025;10:18:02.314;FGBS SI 20250606 PS;SIMPLE_INSTRUMENT;EFS;EUR;28;107.52000000;6792;EXCHANGE_LAST;;1;1;XEUR;11820391;690;
23.04.2025;10:28:10.191;FGBS SI 20250606 PS;SIMPLE_INSTRUMENT;EFP_FIN;EUR;29;107.51000000;338;EXCHANGE_LAST;;1;1;XEUR;11820391;690;
23.04.2025;10:36:24.511;FGBS SI 20250606 PS;SIMPLE_INSTRUMENT;EFS;EUR;30;107.50500000;497;EXCHANGE_LAST;;1;1;XEUR;11820391;690;
23.04.2025;10:40:08.523;FGBS SI 20250606 PS;SIMPLE_INSTRUMENT;EFS;EUR;31;107.52500000;4075;EXCHANGE_LAST;;1;1;XEUR;11820391;690;
23.04.2025;10:41:57.989;FGBS SI 20250606 PS;SIMPLE_INSTRUMENT;EFP_FIN;EUR;32;107.51000000;911;EXCHANGE_LAST;;1;1;XEUR;11820391;690;
23.04.2025;10:59:39.837;FGBS SI 20250606 PS;SIMPLE_INSTRUMENT;EFS;EUR;33;107.51500000;13584;EXCHANGE_LAST;;1;1;XEUR;11820391;690;
23.04.2025;11:20:15.898;FGBS SI 20250606 PS;SIMPLE_INSTRUMENT;EFS;EUR;34;107.51500000;1199;EXCHANGE_LAST;;1;1;XEUR;11820391;690;
23.04.2025;11:46:05.970;FGBS SI 20250606 PS;SIMPLE_INSTRUMENT;EFS;EUR;35;107.51500000;13584;EXCHANGE_LAST;;1;1;XEUR;11820391;690;
23.04.2025;11:49:04.235;FGBS SI 20250606 PS;SIMPLE_INSTRUMENT;EFS;EUR;36;107.53500000;1195;EXCHANGE_LAST;;1;1;XEUR;11820391;690;
23.04.2025;11:55:44.453;FGBS SI 20250606 PS;SIMPLE_INSTRUMENT;EFP_FIN;EUR;37;107.50500000;1052;EXCHANGE_LAST;;1;1;XEUR;11820391;690;
23.04.2025;12:05:12.109;FGBS SI 20250606 PS;SIMPLE_INSTRUMENT;EFP_FIN;EUR;38;107.53000000;229;EXCHANGE_LAST;;1;1;XEUR;11820391;690;
23.04.2025;12:11:13.144;FGBS SI 20250606 PS;SIMPLE_INSTRUMENT;EFS;EUR;39;107.52000000;2381;EXCHANGE_LAST;;1;1;XEUR;11820391;690;
23.04.2025;12:13:29.825;FGBS SI 20250606 PS;SIMPLE_INSTRUMENT;EFS;EUR;40;107.53500000;1086;EXCHANGE_LAST;;1;1;XEUR;11820391;690;
23.04.2025;12:14:35.005;FGBS SI 20250606 PS;SIMPLE_INSTRUMENT;EFS;EUR;41;107.52500000;1087;EXCHANGE_LAST;;1;1;XEUR;11820391;690;
23.04.2025;12:24:58.960;FGBS SI 20250606 PS;SIMPLE_INSTRUMENT;EFP_FIN;EUR;42;107.54000000;1049;EXCHANGE_LAST;;1;1;XEUR;11820391;690;
23.04.2025;12:36:02.109;FGBS SI 20250606 PS;SIMPLE_INSTRUMENT;EFS;EUR;43;107.53000000;13581;EXCHANGE_LAST;;1;1;XEUR;11820391;690;
23.04.2025;12:47:37.143;FGBS SI 20250606 PS;SIMPLE_INSTRUMENT;EFS;EUR;44;107.54500000;4345;EXCHANGE_LAST;;1;1;XEUR;11820391;690;
23.04.2025;12:56:16.796;FGBS SI 20250606 PS;SIMPLE_INSTRUMENT;EFP_FIN;EUR;45;107.53000000;178;EXCHANGE_LAST;;1;1;XEUR;11820391;690;
23.04.2025;12:57:01.771;FGBS SI 20250606 PS;SIMPLE_INSTRUMENT;EFP_FIN;EUR;46;107.53000000;71;EXCHANGE_LAST;;1;1;XEUR;11820391;690;
23.04.2025;13:18:32.250;FGBS SI 20250606 PS;SIMPLE_INSTRUMENT;EFS;EUR;47;107.52000000;712;EXCHANGE_LAST;;1;1;XEUR;11820391;690;
23.04.2025;13:26:10.253;FGBS SI 20250606 PS;SIMPLE_INSTRUMENT;EFS;EUR;48;107.52000000;13583;EXCHANGE_LAST;;1;1;XEUR;11820391;690;
23.04.2025;13:25:57.895;FGBS SI 20250606 PS;SIMPLE_INSTRUMENT;EFP_FIN;EUR;49;107.52000000;938;EXCHANGE_LAST;;1;1;XEUR;11820391;690;
23.04.2025;13:46:20.152;FGBS SI 20250606 PS;SIMPLE_INSTRUMENT;EFS;EUR;50;107.53000000;3803;EXCHANGE_LAST;;1;1;XEUR;11820391;690;
23.04.2025;13:55:23.892;FGBS SI 20250606 PS;SIMPLE_INSTRUMENT;EFP_FIN;EUR;51;107.53000000;5254;EXCHANGE_LAST;;1;1;XEUR;11820391;690;
23.04.2025;14:01:19.586;FGBS SI 20250606 PS;SIMPLE_INSTRUMENT;EFS;EUR;52;107.43000000;2395;EXCHANGE_LAST;;1;1;XEUR;11820391;690;
23.04.2025;14:04:38.866;FGBS SI 20250606 PS;SIMPLE_INSTRUMENT;EFS;EUR;53;107.44500000;13598;EXCHANGE_LAST;;1;1;XEUR;11820391;690;
23.04.2025;14:03:43.142;FGBS SI 20250606 PS;SIMPLE_INSTRUMENT;EFS;EUR;54;107.43000000;2720;EXCHANGE_LAST;;1;1;XEUR;11820391;690;
23.04.2025;14:21:21.718;FGBS SI 20250606 PS;SIMPLE_INSTRUMENT;EFS;EUR;55;107.45000000;2175;EXCHANGE_LAST;;1;1;XEUR;11820391;690;
23.04.2025;14:39:22.796;FGBS SI 20250606 PS;SIMPLE_INSTRUMENT;EFP_FIN;EUR;56;107.48000000;516;EXCHANGE_LAST;;1;1;XEUR;11820391;690;
23.04.2025;14:44:48.247;FGBS SI 20250606 PS;SIMPLE_INSTRUMENT;EFP_FIN;EUR;57;107.46000000;145;EXCHANGE_LAST;;1;1;XEUR;11820391;690;
23.04.2025;14:52:36.007;FGBS SI 20250606 PS;SIMPLE_INSTRUMENT;EFS;EUR;58;107.46000000;13465;EXCHANGE_LAST;;1;1;XEUR;11820391;690;
23.04.2025;15:01:44.085;FGBS SI 20250606 PS;SIMPLE_INSTRUMENT;EFS;EUR;59;107.47000000;2719;EXCHANGE_LAST;;1;1;XEUR;11820391;690;
23.04.2025;15:06:17.090;FGBS SI 20250606 PS;SIMPLE_INSTRUMENT;EFS;EUR;60;107.45000000;1484;EXCHANGE_LAST;;1;1;XEUR;11820391;690;
23.04.2025;15:17:42.199;FGBS SI 20250606 PS;SIMPLE_INSTRUMENT;EFS;EUR;61;107.47000000;3592;EXCHANGE_LAST;;1;1;XEUR;11820391;690;
23.04.2025;15:20:04.592;FGBS SI 20250606 PS;SIMPLE_INSTRUMENT;EFP_FIN;EUR;62;107.47000000;2346;EXCHANGE_LAST;;1;1;XEUR;11820391;690;
23.04.2025;15:22:26.354;FGBS SI 20250606 PS;SIMPLE_INSTRUMENT;EFP_FIN;EUR;63;107.46000000;1764;EXCHANGE_LAST;;1;1;XEUR;11820391;690;
23.04.2025;15:24:01.436;FGBS SI 20250606 PS;SIMPLE_INSTRUMENT;EFS;EUR;64;107.47500000;4785;EXCHANGE_LAST;;1;1;XEUR;11820391;690;
23.04.2025;15:33:27.301;FGBS SI 20250606 PS;SIMPLE_INSTRUMENT;EFP_FIN;EUR;65;107.47000000;300;EXCHANGE_LAST;;1;1;XEUR;11820391;690;
23.04.2025;15:39:20.498;FGBS SI 20250606 PS;SIMPLE_INSTRUMENT;EFS;EUR;66;107.45000000;2357;EXCHANGE_LAST;;1;1;XEUR;11820391;690;
23.04.2025;15:49:27.648;FGBS SI 20250606 PS;SIMPLE_INSTRUMENT;EFP_FIN;EUR;67;107.50000000;719;EXCHANGE_LAST;;1;1;XEUR;11820391;690;
23.04.2025;16:18:42.751;FGBS SI 20250606 PS;SIMPLE_INSTRUMENT;EFS;EUR;68;107.48500000;4789;EXCHANGE_LAST;;1;1;XEUR;11820391;690;
23.04.2025;09:04:35.058;FGBS SI 20250606 PS;SIMPLE_INSTRUMENT;VOLA;EUR;268435508;107.53000000;225;EXCHANGE_LAST;;1;1;XEUR;11820391;690;
23.04.2025;07:27:08.756;FGBX SI 20250606 PS;SIMPLE_INSTRUMENT;EFS;EUR;1;124.44000000;175;EXCHANGE_LAST;;1;1;XEUR;11820392;691;
23.04.2025;07:37:15.786;FGBX SI 20250606 PS;SIMPLE_INSTRUMENT;EFS;EUR;2;124.32000000;100;EXCHANGE_LAST;;1;1;XEUR;11820392;691;
23.04.2025;07:47:45.964;FGBX SI 20250606 PS;SIMPLE_INSTRUMENT;EFS;EUR;3;124.22000000;200;EXCHANGE_LAST;;1;1;XEUR;11820392;691;
23.04.2025;07:57:26.612;FGBX SI 20250606 PS;SIMPLE_INSTRUMENT;EFS;EUR;4;124.28000000;200;EXCHANGE_LAST;;1;1;XEUR;11820392;691;
23.04.2025;07:59:07.052;FGBX SI 20250606 PS;SIMPLE_INSTRUMENT;EFP_FIN;EUR;5;124.22000000;596;EXCHANGE_LAST;;1;1;XEUR;11820392;691;
23.04.2025;08:12:19.278;FGBX SI 20250606 PS;SIMPLE_INSTRUMENT;EFP_FIN;EUR;6;124.30000000;315;EXCHANGE_LAST;;1;1;XEUR;11820392;691;
23.04.2025;08:19:04.076;FGBX SI 20250606 PS;SIMPLE_INSTRUMENT;EFS;EUR;7;124.26000000;88;EXCHANGE_LAST;;1;1;XEUR;11820392;691;
23.04.2025;08:29:16.780;FGBX SI 20250606 PS;SIMPLE_INSTRUMENT;EFS;EUR;8;124.14000000;100;EXCHANGE_LAST;;1;1;XEUR;11820392;691;
23.04.2025;09:28:53.584;FGBX SI 20250606 PS;SIMPLE_INSTRUMENT;EFS;EUR;10;124.36000000;30;EXCHANGE_LAST;;1;1;XEUR;11820392;691;
23.04.2025;09:39:41.615;FGBX SI 20250606 PS;SIMPLE_INSTRUMENT;EFP_FIN;EUR;12;124.36000000;176;EXCHANGE_LAST;;1;1;XEUR;11820392;691;
23.04.2025;09:47:50.828;FGBX SI 20250606 PS;SIMPLE_INSTRUMENT;EFS;EUR;13;124.32000000;87;EXCHANGE_LAST;;1;1;XEUR;11820392;691;
23.04.2025;09:48:01.347;FGBX SI 20250606 PS;SIMPLE_INSTRUMENT;EFS;EUR;14;124.42000000;128;EXCHANGE_LAST;;1;1;XEUR;11820392;691;
23.04.2025;09:57:57.527;FGBX SI 20250606 PS;SIMPLE_INSTRUMENT;EFP_FIN;EUR;15;124.46000000;521;EXCHANGE_LAST;;1;1;XEUR;11820392;691;
23.04.2025;11:17:01.888;FGBX SI 20250606 PS;SIMPLE_INSTRUMENT;EFS;EUR;17;124.54000000;1410;EXCHANGE_LAST;;1;1;XEUR;11820392;691;
23.04.2025;11:20:10.487;FGBX SI 20250606 PS;SIMPLE_INSTRUMENT;EFP_FIN;EUR;18;124.30000000;1079;EXCHANGE_LAST;;1;1;XEUR;11820392;691;
23.04.2025;12:13:10.873;FGBX SI 20250606 PS;SIMPLE_INSTRUMENT;EFS;EUR;20;124.62000000;399;EXCHANGE_LAST;;1;1;XEUR;11820392;691;
23.04.2025;12:16:31.736;FGBX SI 20250606 PS;SIMPLE_INSTRUMENT;EFS;EUR;21;124.62000000;100;EXCHANGE_LAST;;1;1;XEUR;11820392;691;
23.04.2025;12:47:15.617;FGBX SI 20250606 PS;SIMPLE_INSTRUMENT;EFS;EUR;22;124.34000000;80;EXCHANGE_LAST;;1;1;XEUR;11820392;691;
23.04.2025;12:51:15.705;FGBX SI 20250606 PS;SIMPLE_INSTRUMENT;EFP_FIN;EUR;23;124.44000000;80;EXCHANGE_LAST;;1;1;XEUR;11820392;691;
23.04.2025;13:09:08.869;FGBX SI 20250606 PS;SIMPLE_INSTRUMENT;EFS;EUR;24;124.38000000;101;EXCHANGE_LAST;;1;1;XEUR;11820392;691;
23.04.2025;13:32:51.108;FGBX SI 20250606 PS;SIMPLE_INSTRUMENT;BLOCK;EUR;25;124.06000000;1349;EXCHANGE_LAST;;1;1;XEUR;11820392;691;
23.04.2025;13:33:36.111;FGBX SI 20250606 PS;SIMPLE_INSTRUMENT;BLOCK;EUR;26;124.08000000;1350;EXCHANGE_LAST;;1;1;XEUR;11820392;691;
23.04.2025;13:36:08.030;FGBX SI 20250606 PS;SIMPLE_INSTRUMENT;EFP_FIN;EUR;27;124.36000000;80;EXCHANGE_LAST;;1;1;XEUR;11820392;691;
23.04.2025;13:48:38.468;FGBX SI 20250606 PS;SIMPLE_INSTRUMENT;BLOCK;EUR;28;124.38000000;127;EXCHANGE_LAST;;1;1;XEUR;11820392;691;
23.04.2025;14:09:04.880;FGBX SI 20250606 PS;SIMPLE_INSTRUMENT;EFS;EUR;30;123.48000000;172;EXCHANGE_LAST;;1;1;XEUR;11820392;691;
23.04.2025;14:17:20.542;FGBX SI 20250606 PS;SIMPLE_INSTRUMENT;EFS;EUR;31;123.42000000;107;EXCHANGE_LAST;;1;1;XEUR;11820392;691;
23.04.2025;14:39:40.351;FGBX SI 20250606 PS;SIMPLE_INSTRUMENT;EFS;EUR;32;123.34000000;202;EXCHANGE_LAST;;1;1;XEUR;11820392;691;
23.04.2025;14:45:20.073;FGBX SI 20250606 PS;SIMPLE_INSTRUMENT;BLOCK;EUR;33;123.36000000;162;EXCHANGE_LAST;;1;1;XEUR;11820392;691;
23.04.2025;15:36:12.730;FGBX SI 20250606 PS;SIMPLE_INSTRUMENT;EFS;EUR;34;123.38000000;300;EXCHANGE_LAST;;1;1;XEUR;11820392;691;
23.04.2025;15:44:28.586;FGBX SI 20250606 PS;SIMPLE_INSTRUMENT;EFS;EUR;35;123.72000000;28;EXCHANGE_LAST;;1;1;XEUR;11820392;691;
23.04.2025;15:56:30.559;FGBX SI 20250606 PS;SIMPLE_INSTRUMENT;EFS;EUR;36;123.38000000;355;EXCHANGE_LAST;;1;1;XEUR;11820392;691;
23.04.2025;12:39:00.775;FIA5 SI 20250515 PS AM C 11.40 0;SIMPLE_INSTRUMENT;BLOCK;EUR;7;0.01900000;621;EXCHANGE_LAST;;1;1;XEUR;12808129;48227;
23.04.2025;10:15:13.842;FIAK SI 20250515 CS;SIMPLE_INSTRUMENT;BLOCK;EUR;20;8.00000000;1000;EXCHANGE_LAST;;1;1;XEUR;11026114;144766;
23.04.2025;07:32:25.622;FMAE SI 20250620 CS;SIMPLE_INSTRUMENT;BLOCK;EUR;27;356.00000000;300;EXCHANGE_LAST;;1;1;XEUR;7939684;48921;
23.04.2025;15:35:06.387;FMAS SI 20250620 CS;SIMPLE_INSTRUMENT;BLOCK;USD;36;623.50000000;50;EXCHANGE_LAST;;1;1;XEUR;7938712;7061;
23.04.2025;02:27:43.724;FMAU SI 20250620 CS;SIMPLE_INSTRUMENT;BLOCK;USD;7;5551.12500000;284;EXCHANGE_LAST;;1;1;XEUR;7939462;45287;
23.04.2025;02:16:30.847;FMCH SI 20250620 CS;SIMPLE_INSTRUMENT;BLOCK;USD;4;547.28900000;915;EXCHANGE_LAST;;1;1;XEUR;7940815;402909;
23.04.2025;07:12:14.506;FMEA SI 20250620 CS;SIMPLE_INSTRUMENT;BLOCK;USD;24;676.34500000;119;EXCHANGE_LAST;;1;1;XEUR;7938804;12395;
23.04.2025;06:32:25.612;FMEN SI 20250620 CS;SIMPLE_INSTRUMENT;BLOCK;EUR;15;474.63300000;175;EXCHANGE_LAST;;1;1;XEUR;7939172;30652;
23.04.2025;11:50:44.547;FMES SI 20250620 CS;SIMPLE_INSTRUMENT;BLOCK;EUR;29;559.25000000;200;EXCHANGE_LAST;;1;1;XEUR;7940344;221291;
23.04.2025;12:02:01.682;FMES SI 20250620 CS;SIMPLE_INSTRUMENT;BLOCK;EUR;30;559.25000000;200;EXCHANGE_LAST;;1;1;XEUR;7940344;221291;
23.04.2025;13:50:26.322;FMES SI 20250620 CS;SIMPLE_INSTRUMENT;BLOCK;EUR;31;562.93600000;50;EXCHANGE_LAST;;1;1;XEUR;7940344;221291;
23.04.2025;06:42:25.549;FMEU SI 20250620 CS;SIMPLE_INSTRUMENT;EFP_IDX;EUR;17;340.16000000;62;EXCHANGE_LAST;;1;1;XEUR;7938710;7058;
23.04.2025;07:06:37.402;FMEU SI 20250620 CS;SIMPLE_INSTRUMENT;EFP_IDX;EUR;23;340.14000000;53;EXCHANGE_LAST;;1;1;XEUR;7938710;7058;
23.04.2025;07:04:18.612;FMGC SI 20250620 CS;SIMPLE_INSTRUMENT;BLOCK;USD;21;13055.27000000;22;EXCHANGE_LAST;;1;1;XEUR;7939680;48916;
23.04.2025;13:56:33.187;FMGO SI 20250620 CS;SIMPLE_INSTRUMENT;BLOCK;USD;32;5507.00000000;129;EXCHANGE_LAST;;1;1;XEUR;8609371;583623;
23.04.2025;01:36:23.578;FMID SI 20250620 CS;SIMPLE_INSTRUMENT;EFP_IDX;USD;3;1383.71400000;72;EXCHANGE_LAST;;1;1;XEUR;7939464;45289;
23.04.2025;02:36:01.911;FMID SI 20250620 CS;SIMPLE_INSTRUMENT;BLOCK;USD;4;1381.10300000;215;EXCHANGE_LAST;;2;1;XEUR;7939464;45289;
23.04.2025;08:13:33.643;FMID SI 20250620 CS;SIMPLE_INSTRUMENT;BLOCK;USD;7;1380.41600000;143;EXCHANGE_LAST;;1;1;XEUR;7939464;45289;
