#Date;TrdTime;Contract;ContractType;TrdTyp;Currency;TesId;Prc;Qty;TrdInd;Aggressor;Buy;Sell;Exch;InstrumentId;RelatedProdId;PrcDecomp
21.05.2025;10:41:01.201;A2SG SI 20250620 CS;SIMPLE_INSTRUMENT;BLOCK;EUR;14;1.43000000;572;EXCHANGE_LAST;;1;1;XEUR;10827627;14;
21.05.2025;10:47:22.818;A2SG SI 20250620 CS;SIMPLE_INSTRUMENT;BLOCK;EUR;18;1.43000000;572;EXCHANGE_LAST;;1;1;XEUR;10827627;14;
21.05.2025;15:24:39.961;A2SG SI 20250620 CS;SIMPLE_INSTRUMENT;BLOCK;EUR;77;1.43000000;890;EXCHANGE_LAST;;1;1;XEUR;10827627;14;
21.05.2025;15:32:31.097;A2SG SI 20250620 CS;SIMPLE_INSTRUMENT;BLOCK;EUR;80;1.43000000;1335;EXCHANGE_LAST;;1;1;XEUR;10827627;14;
21.05.2025;11:37:55.531;ABBN.O.250521.PDIA.000003;STANDARD_OPTION_STRATEGY;BLOCK;CHF;22;2.29000000;1000;EXCHANGE_LAST;;1;1;XEUR;74525125763939106;574517;
21.05.2025;11:37:55.531;ABBN SI 20250919 PS AM P 41.00 0;SIMPLE_INSTRUMENT;BLOCK;CHF;22;0.71000000;1000;PRC_DECOMP_MEMBER;;;;XEUR;12393106;574517;MEMBER
21.05.2025;11:37:55.531;ABBN SI 20251219 PS AM P 46.00 0;SIMPLE_INSTRUMENT;BLOCK;CHF;22;3.00000000;1000;PRC_DECOMP_MEMBER;;;;XEUR;11848992;574517;MEMBER
21.05.2025;13:01:53.264;ADS SI 20250718 PS AM P 210.00 0;SIMPLE_INSTRUMENT;BLOCK;EUR;11;5.65000000;250;EXCHANGE_LAST;;1;1;XEUR;13234342;50;
21.05.2025;14:39:43.658;ADS SI 20250620 PS AM P 200.00 0;SIMPLE_INSTRUMENT;BLOCK;EUR;13;1.25000000;250;EXCHANGE_LAST;;1;1;XEUR;7897594;50;
21.05.2025;14:50:09.033;ADS SI 20250718 PS AM P 210.00 0;SIMPLE_INSTRUMENT;BLOCK;EUR;14;5.65000000;250;EXCHANGE_LAST;;1;1;XEUR;13234342;50;
21.05.2025;13:59:58.042;ADY SI 20250919 PS AM C 1640.00 0;SIMPLE_INSTRUMENT;BLOCK;EUR;11;135.00000000;650;EXCHANGE_LAST;;2;1;XEUR;11912085;76315;
21.05.2025;08:33:57.378;ALC SI 20251219 PS AM C 76.00 0;SIMPLE_INSTRUMENT;BLOCK;CHF;4;3.85000000;500;EXCHANGE_LAST;;2;1;XEUR;5920611;130134;
21.05.2025;07:47:48.738;ALV SI 20260619 PS AM P 280.00 0;SIMPLE_INSTRUMENT;BLOCK;EUR;1;8.15000000;1050;EXCHANGE_LAST;;1;1;XEUR;9537500;74;
21.05.2025;15:36:40.945;ALV SI 20260619 PS AM P 320.00 0;SIMPLE_INSTRUMENT;BLOCK;EUR;9;17.10000000;300;EXCHANGE_LAST;;1;1;XEUR;9537496;74;
21.05.2025;12:15:14.310;ALVG SI 20250620 CS;SIMPLE_INSTRUMENT;BLOCK;EUR;33;349.72270000;14500;EXCHANGE_LAST;;1;1;XEUR;11168195;85;
21.05.2025;12:14:54.716;ALVP SI 20250620 PS;SIMPLE_INSTRUMENT;BLOCK;EUR;32;349.69170000;14500;EXCHANGE_LAST;;1;1;XEUR;11198944;124300;
21.05.2025;13:22:30.962;ANN SI 20251219 PS AM P 27.00 0;SIMPLE_INSTRUMENT;BLOCK;EUR;22;2.02000000;1273;EXCHANGE_LAST;;1;1;XEUR;12989794;45202;
21.05.2025;13:22:31.060;ANN SI 20251219 PS AM P 27.00 0;SIMPLE_INSTRUMENT;BLOCK;EUR;23;2.05000000;2002;EXCHANGE_LAST;;1;1;XEUR;12989794;45202;
21.05.2025;15:15:17.726;ANN SI 20260320 PS AM C 30.00 0;SIMPLE_INSTRUMENT;BLOCK;EUR;29;2.24000000;2500;EXCHANGE_LAST;;1;1;XEUR;13030915;45202;
21.05.2025;15:34:20.548;ANN SI 20250620 PS AM P 28.00 0;SIMPLE_INSTRUMENT;BLOCK;EUR;31;0.94000000;1300;EXCHANGE_LAST;;1;1;XEUR;7921068;45202;
21.05.2025;15:34:25.698;ANN SI 20250718 PS AM P 24.00 0;SIMPLE_INSTRUMENT;BLOCK;EUR;32;0.24000000;1300;EXCHANGE_LAST;;1;1;XEUR;13261909;45202;
21.05.2025;09:51:16.343;AOM SI 20271217 PS AM P 14.00 0;SIMPLE_INSTRUMENT;BLOCK;EUR;3;1.91000000;2500;EXCHANGE_LAST;;1;1;XEUR;11249331;88;
21.05.2025;10:40:18.175;ASGF SI 20250619 CS;SIMPLE_INSTRUMENT;BLOCK;EUR;13;33.41220000;6500;EXCHANGE_LAST;;1;1;XEUR;12186943;949862;
21.05.2025;12:35:06.767;ASGF SI 20250619 CS;SIMPLE_INSTRUMENT;BLOCK;EUR;44;33.41220000;5200;EXCHANGE_LAST;;1;1;XEUR;12186943;949862;
21.05.2025;15:24:16.742;ASGF SI 20250619 CS;SIMPLE_INSTRUMENT;BLOCK;EUR;75;33.33500000;10000;EXCHANGE_LAST;;1;1;XEUR;12186943;949862;
21.05.2025;15:32:25.125;ASGF SI 20250619 CS;SIMPLE_INSTRUMENT;BLOCK;EUR;79;33.33500000;15000;EXCHANGE_LAST;;1;1;XEUR;12186943;949862;
21.05.2025;08:25:48.264;ASM SI 20250919 PS AM P 640.00 0;SIMPLE_INSTRUMENT;BLOCK;EUR;1;42.50000000;200;EXCHANGE_LAST;;1;1;XEUR;11872160;107;
21.05.2025;14:01:18.314;ASM.O.250521.CDIA.000003;STANDARD_OPTION_STRATEGY;BLOCK;EUR;12;53.30000000;150;EXCHANGE_LAST;;1;1;XEUR;72058053599447911;107;
21.05.2025;14:01:18.314;ASM SI 20251219 PS AM C 680.00 0;SIMPLE_INSTRUMENT;BLOCK;EUR;12;66.74000000;150;PRC_DECOMP_MEMBER;;;;XEUR;12432516;107;MEMBER
21.05.2025;14:01:18.314;ASM SI 20250919 PS AM C 800.00 0;SIMPLE_INSTRUMENT;BLOCK;EUR;12;13.44000000;150;PRC_DECOMP_MEMBER;;;;XEUR;11872114;107;MEMBER
21.05.2025;10:23:23.616;AXA SI 20261218 PS AM P 40.00 0;SIMPLE_INSTRUMENT;BLOCK;EUR;5;3.72000000;34500;EXCHANGE_LAST;;3;2;XEUR;7227100;127;
21.05.2025;14:32:16.921;AXA.O.250521.RTSP.000005;STANDARD_OPTION_STRATEGY;BLOCK;EUR;16;1.35000000;1250;EXCHANGE_LAST;;1;1;XEUR;72058139498796590;127;
21.05.2025;14:32:16.921;AXA SI 20251219 PS AM C 44.00 0;SIMPLE_INSTRUMENT;BLOCK;EUR;16;1.79000000;1250;PRC_DECOMP_EXCHANGE;;;;XEUR;8111540;127;EXCHANGE
21.05.2025;14:32:16.921;AXA SI 20250919 PS AM P 36.00 0;SIMPLE_INSTRUMENT;BLOCK;EUR;16;0.44000000;1250;PRC_DECOMP_EXCHANGE;;;;XEUR;11872539;127;EXCHANGE
21.05.2025;10:45:31.196;B2NP SI 20271217 CS;SIMPLE_INSTRUMENT;BLOCK;EUR;16;4.54000000;501;EXCHANGE_LAST;;1;1;XEUR;7086925;131;
21.05.2025;15:14:42.707;B2NP SI 20271217 CS;SIMPLE_INSTRUMENT;BLOCK;EUR;73;4.54000000;150;EXCHANGE_LAST;;1;1;XEUR;7086925;131;
21.05.2025;15:26:02.534;B2NP SI 20271217 CS;SIMPLE_INSTRUMENT;BLOCK;EUR;78;4.54000000;100;EXCHANGE_LAST;;1;1;XEUR;7086925;131;
21.05.2025;15:35:18.763;B2NP SI 20281215 CS;SIMPLE_INSTRUMENT;BLOCK;EUR;82;4.23000000;100;EXCHANGE_LAST;;1;1;XEUR;7086921;131;
21.05.2025;11:47:58.428;B2PE SI 20250620 CS;SIMPLE_INSTRUMENT;BLOCK;EUR;27;0.60000000;880;EXCHANGE_LAST;;1;1;XEUR;12178633;949835;
21.05.2025;15:35:28.826;BAEN SI 20250620 PS AM C 50.00 0;SIMPLE_INSTRUMENT;BLOCK;CHF;61;5.30000000;400;EXCHANGE_LAST;;1;1;XEUR;11350886;159;
21.05.2025;15:36:57.167;BAEN SI 20250620 PS AM C 50.00 0;SIMPLE_INSTRUMENT;BLOCK;CHF;62;5.30000000;600;EXCHANGE_LAST;;1;1;XEUR;11350886;159;
21.05.2025;08:11:05.271;BARN SI 20260619 PS AM P 640.00 0;SIMPLE_INSTRUMENT;BLOCK;CHF;3;67.00000000;100;EXCHANGE_LAST;;1;1;XEUR;11448779;149;
21.05.2025;09:42:21.111;BARN SI 20261218 PS AM P 640.00 0;SIMPLE_INSTRUMENT;BLOCK;CHF;10;91.50000000;400;EXCHANGE_LAST;;1;1;XEUR;12433055;149;
21.05.2025;07:48:53.918;BAS SI 20250620 PS AM C 44.00 0;SIMPLE_INSTRUMENT;BLOCK;EUR;2;0.86000000;1035;EXCHANGE_LAST;;1;1;XEUR;7899118;150;
21.05.2025;07:52:43.068;BAS SI 20250620 PS AM C 44.00 0;SIMPLE_INSTRUMENT;BLOCK;EUR;3;0.87000000;3000;EXCHANGE_LAST;;1;1;XEUR;7899118;150;
21.05.2025;09:56:22.415;BAS.O.250521.BER.000012;STANDARD_OPTION_STRATEGY;BLOCK;EUR;5;3.04000000;1500;EXCHANGE_LAST;;1;1;XEUR;72058238283094526;150;
21.05.2025;09:56:22.415;BAS SI 20271217 PS AM P 32.00 0;SIMPLE_INSTRUMENT;BLOCK;EUR;5;3.00000000;1500;PRC_DECOMP_EXCHANGE;;;;XEUR;8774178;150;EXCHANGE
21.05.2025;09:56:22.415;BAS SI 20271217 PS AM P 40.00 0;SIMPLE_INSTRUMENT;BLOCK;EUR;5;6.04000000;1500;PRC_DECOMP_EXCHANGE;;;;XEUR;8774163;150;EXCHANGE
21.05.2025;10:48:43.229;BAS SI 20260619 PS AM P 40.00 0;SIMPLE_INSTRUMENT;BLOCK;EUR;6;3.66000000;1000;EXCHANGE_LAST;;1;1;XEUR;9539321;150;
21.05.2025;14:11:35.493;BAS SI 20251219 PS AM P 43.00 0;SIMPLE_INSTRUMENT;BLOCK;EUR;16;3.47000000;2500;EXCHANGE_LAST;;1;2;XEUR;7509846;150;
21.05.2025;09:08:00.265;BAY.O.250521.BLT.000019;STANDARD_OPTION_STRATEGY;BLOCK;EUR;4;0.59000000;1500;EXCHANGE_LAST;;2;1;XEUR;72058315592511608;168;
21.05.2025;09:08:00.265;BAY SI 20250919 PS AM C 27.00 0;SIMPLE_INSTRUMENT;BLOCK;EUR;4;1.18000000;1500;PRC_DECOMP_EXCHANGE;;;;XEUR;11992373;168;EXCHANGE
21.05.2025;09:08:00.265;BAY SI 20250718 PS AM C 27.00 0;SIMPLE_INSTRUMENT;BLOCK;EUR;4;0.59000000;1500;PRC_DECOMP_EXCHANGE;;;;XEUR;13305220;168;EXCHANGE
21.05.2025;11:19:10.946;BAY SI 20251219 PS AM C 27.00 0;SIMPLE_INSTRUMENT;BLOCK;EUR;7;2.21000000;6000;EXCHANGE_LAST;;2;2;XEUR;12224661;168;
21.05.2025;11:52:01.941;BAY SI 20250620 PS AM C 27.00 0;SIMPLE_INSTRUMENT;BLOCK;EUR;8;0.20000000;1000;EXCHANGE_LAST;;1;1;XEUR;11992379;168;
21.05.2025;12:50:09.967;BAY SI 20251219 PS AM C 27.00 0;SIMPLE_INSTRUMENT;BLOCK;EUR;11;2.21000000;1500;EXCHANGE_LAST;;1;1;XEUR;12224661;168;
21.05.2025;12:51:35.601;BAY SI 20261218 PS AM C 28.00 0;SIMPLE_INSTRUMENT;BLOCK;EUR;12;3.22000000;5000;EXCHANGE_LAST;;1;1;XEUR;8112417;168;
21.05.2025;13:11:46.878;BAY SI 20251219 PS AM C 27.00 0;SIMPLE_INSTRUMENT;BLOCK;EUR;13;2.21000000;1500;EXCHANGE_LAST;;1;1;XEUR;12224661;168;
21.05.2025;15:45:59.401;BAY SI 20260619 PS AM P 22.00 0;SIMPLE_INSTRUMENT;BLOCK;EUR;17;2.83000000;2500;EXCHANGE_LAST;;2;1;XEUR;12334042;168;
21.05.2025;16:10:57.616;BAYG SI 20250620 CS;SIMPLE_INSTRUMENT;BLOCK;EUR;87;23.84500000;24000;EXCHANGE_LAST;;4;1;XEUR;11197544;76034;
21.05.2025;15:12:54.688;BBVD SI 20250718 PS AM C 13.00 0;SIMPLE_INSTRUMENT;BLOCK;EUR;17;1.14000000;1800;EXCHANGE_LAST;;1;1;XEUR;13236189;172;
21.05.2025;12:35:53.774;BEI SI 20250620 PS AM C 120.00 0;SIMPLE_INSTRUMENT;BLOCK;EUR;10;3.30000000;350;EXCHANGE_LAST;;1;1;XEUR;7899393;176;
21.05.2025;10:16:19.635;BMPF SI 20250619 CS;SIMPLE_INSTRUMENT;BLOCK;EUR;11;7.49410000;4550;EXCHANGE_LAST;;1;1;XEUR;12906361;1052251;
21.05.2025;10:16:27.864;BMPF SI 20250717 CS;SIMPLE_INSTRUMENT;BLOCK;EUR;12;7.50660000;4550;EXCHANGE_LAST;;1;1;XEUR;12906359;1052251;
21.05.2025;09:28:26.190;BMW SI 20250530 PS AM P 76.00 0;SIMPLE_INSTRUMENT;BLOCK;EUR;3;0.62000000;1435;EXCHANGE_LAST;;1;1;XEUR;13237240;210;
21.05.2025;15:27:45.279;BNP SI 20260619 PS AM P 72.00 0;SIMPLE_INSTRUMENT;BLOCK;EUR;17;6.40000000;1000;EXCHANGE_LAST;;1;1;XEUR;9541664;237;
21.05.2025;15:27:53.280;BNP SI 20250919 PS AM P 70.00 0;SIMPLE_INSTRUMENT;BLOCK;EUR;18;1.72000000;1000;EXCHANGE_LAST;;1;1;XEUR;12372408;237;
21.05.2025;14:46:57.621;BNPH SI 20250620 CS;SIMPLE_INSTRUMENT;BLOCK;EUR;71;78.35600000;3000;EXCHANGE_LAST;;1;1;XEUR;11170600;236;
21.05.2025;12:35:10.262;BOSS SI 20261218 PS AM P 32.00 0;SIMPLE_INSTRUMENT;BLOCK;EUR;9;3.00000000;1000;EXCHANGE_LAST;;1;2;XEUR;7492788;230;
21.05.2025;08:09:50.352;BPEF SI 20250619 CS;SIMPLE_INSTRUMENT;BLOCK;EUR;1;7.68430000;2000;EXCHANGE_LAST;;1;1;XEUR;11161772;226;
21.05.2025;11:47:55.290;BPEF SI 20250619 CS;SIMPLE_INSTRUMENT;BLOCK;EUR;26;7.68430000;1000;EXCHANGE_LAST;;1;1;XEUR;11161772;226;
21.05.2025;12:58:23.722;BRNT SI 20250620 PS EU C 56.00 0;SIMPLE_INSTRUMENT;BLOCK;USD;1;0.29000000;43660;EXCHANGE_LAST;;1;1;XEUR;7474227;367244;
21.05.2025;08:40:29.541;CAR SI 20271217 PS AM P 14.00 0;SIMPLE_INSTRUMENT;BLOCK;EUR;1;2.40000000;2000;EXCHANGE_LAST;;1;1;XEUR;8776820;265;
21.05.2025;09:17:46.770;CBK SI 20250919 PS AM P 22.00 0;SIMPLE_INSTRUMENT;BLOCK;EUR;4;0.87000000;10000;EXCHANGE_LAST;;1;2;XEUR;11875767;268;
21.05.2025;12:58:38.265;CFR SI 20250620 PS AM C 180.00 0;SIMPLE_INSTRUMENT;BLOCK;CHF;35;0.50000000;525;EXCHANGE_LAST;;1;1;XEUR;9996502;313;
21.05.2025;12:58:56.266;CFR SI 20250620 PS AM C 180.00 0;SIMPLE_INSTRUMENT;BLOCK;CHF;36;0.52000000;475;EXCHANGE_LAST;;1;1;XEUR;9996502;313;
21.05.2025;10:53:17.617;D3AI SI 20261218 CS;SIMPLE_INSTRUMENT;BLOCK;EUR;20;2.55000000;250;EXCHANGE_LAST;;1;1;XEUR;7144051;443197;
21.05.2025;12:44:27.086;D3AI SI 20261218 CS;SIMPLE_INSTRUMENT;BLOCK;EUR;47;2.58000000;50;EXCHANGE_LAST;;1;1;XEUR;7144051;443197;
21.05.2025;12:44:35.454;D3AI SI 20271217 CS;SIMPLE_INSTRUMENT;BLOCK;EUR;48;2.74000000;50;EXCHANGE_LAST;;1;1;XEUR;7144067;443197;
21.05.2025;11:58:16.029;D4BK SI 20250620 CS;SIMPLE_INSTRUMENT;BLOCK;EUR;29;0.68000000;810;EXCHANGE_LAST;;1;1;XEUR;10868081;51565;
21.05.2025;09:24:49.312;DAI SI 20250530 PS AM P 51.00 0;SIMPLE_INSTRUMENT;BLOCK;EUR;2;0.42000000;2100;EXCHANGE_LAST;;1;1;XEUR;13276199;443196;
21.05.2025;12:57:26.310;DAI.O.250521.BRT.000004;STANDARD_OPTION_STRATEGY;BLOCK;EUR;15;2.37000000;2000;EXCHANGE_LAST;;1;1;XEUR;73961106363666672;443196;
21.05.2025;12:57:26.310;DAI SI 20260320 PS AM P 50.00 0;SIMPLE_INSTRUMENT;BLOCK;EUR;15;3.74000000;2000;PRC_DECOMP_EXCHANGE;;;;XEUR;13049845;443196;EXCHANGE
21.05.2025;12:57:26.310;DAI SI 20261218 PS AM P 50.00 0;SIMPLE_INSTRUMENT;BLOCK;EUR;15;6.11000000;2000;PRC_DECOMP_EXCHANGE;;;;XEUR;7722758;443196;EXCHANGE
21.05.2025;11:58:06.749;DBKI SI 20250620 CS;SIMPLE_INSTRUMENT;BLOCK;EUR;28;24.72500000;10000;EXCHANGE_LAST;;1;1;XEUR;11195773;51566;
21.05.2025;13:24:19.176;DPW SI 20250620 PS AM P 34.00 0;SIMPLE_INSTRUMENT;BLOCK;EUR;21;0.11000000;1500;EXCHANGE_LAST;;2;1;XEUR;11357243;445;
21.05.2025;12:53:08.935;DTE.O.250521.COMBO.000013;STANDARD_OPTION_STRATEGY;BLOCK;EUR;8;-1.34000000;10000;EXCHANGE_LAST;;3;1;XEUR;72059415104109656;424;
21.05.2025;12:53:08.935;DTE SI 20250919 PS AM C 34.00 0;SIMPLE_INSTRUMENT;BLOCK;EUR;8;1.74000000;10000;PRC_DECOMP_EXCHANGE;;;;XEUR;11878532;424;EXCHANGE
21.05.2025;12:53:08.935;DTE SI 20250919 PS AM P 30.00 0;SIMPLE_INSTRUMENT;BLOCK;EUR;8;0.40000000;10000;PRC_DECOMP_EXCHANGE;;;;XEUR;11878508;424;EXCHANGE
21.05.2025;14:11:50.705;DTE SI 20250620 PS AM P 33.00 0;SIMPLE_INSTRUMENT;BLOCK;EUR;25;0.42000000;2500;EXCHANGE_LAST;;1;1;XEUR;12038061;424;
21.05.2025;15:13:49.739;DTE.O.250521.RBUL.000017;STANDARD_OPTION_STRATEGY;BLOCK;EUR;28;0.27000000;3000;EXCHANGE_LAST;;1;1;XEUR;72059415104109660;424;
21.05.2025;15:13:49.739;DTE SI 20250620 PS AM C 34.00 0;SIMPLE_INSTRUMENT;BLOCK;EUR;28;0.99000000;6000;PRC_DECOMP_EXCHANGE;;;;XEUR;11356822;424;EXCHANGE
21.05.2025;15:13:49.739;DTE SI 20250620 PS AM C 33.00 0;SIMPLE_INSTRUMENT;BLOCK;EUR;28;1.71000000;3000;PRC_DECOMP_EXCHANGE;;;;XEUR;12038060;424;EXCHANGE
21.05.2025;15:35:53.143;DTE SI 20251219 PS AM C 34.00 0;SIMPLE_INSTRUMENT;BLOCK;EUR;30;2.36000000;3500;EXCHANGE_LAST;;2;1;XEUR;12409336;424;
21.05.2025;10:49:31.908;E2AS SI 20271217 CS;SIMPLE_INSTRUMENT;BLOCK;EUR;19;2.85000000;30;EXCHANGE_LAST;;1;1;XEUR;8402430;7462;
21.05.2025;10:08:23.564;E2NL SI 20271217 CS;SIMPLE_INSTRUMENT;BLOCK;EUR;9;0.45200000;625;EXCHANGE_LAST;;1;1;XEUR;5914571;471;
21.05.2025;10:08:33.212;E2NL SI 20271217 CS;SIMPLE_INSTRUMENT;BLOCK;EUR;10;0.45300000;625;EXCHANGE_LAST;;1;1;XEUR;5914571;471;
21.05.2025;09:55:54.124;E2NT SI 20261218 CS;SIMPLE_INSTRUMENT;BLOCK;EUR;8;0.99000000;1550;EXCHANGE_LAST;;1;1;XEUR;4632357;470;
21.05.2025;12:20:42.756;E2NT SI 20261218 CS;SIMPLE_INSTRUMENT;BLOCK;EUR;36;0.99000000;3000;EXCHANGE_LAST;;1;1;XEUR;4632357;470;
21.05.2025;13:07:40.443;E2NT SI 20261218 CS;SIMPLE_INSTRUMENT;BLOCK;EUR;56;0.99000000;1500;EXCHANGE_LAST;;2;1;XEUR;4632357;470;
21.05.2025;13:36:01.181;E2NT SI 20261218 CS;SIMPLE_INSTRUMENT;BLOCK;EUR;59;0.99000000;300;EXCHANGE_LAST;;1;1;XEUR;4632357;470;
21.05.2025;10:49:48.909;E3AS SI 20271217 CS;SIMPLE_INSTRUMENT;BLOCK;EUR;17;2.85000000;30;EXCHANGE_LAST;;1;1;XEUR;11420318;840007;
21.05.2025;10:24:12.126;ENL5 SI 20260319 PS AM C 8.00 0;SIMPLE_INSTRUMENT;BLOCK;EUR;2;0.47350000;1040;EXCHANGE_LAST;;1;1;XEUR;12988343;500;
21.05.2025;12:48:44.931;ENR SI 20250620 PS AM P 74.00 0;SIMPLE_INSTRUMENT;BLOCK;EUR;14;2.60000000;1000;EXCHANGE_LAST;;1;1;XEUR;13044587;298530;
21.05.2025;13:04:39.402;ENR SI 20250620 PS AM P 74.00 0;SIMPLE_INSTRUMENT;BLOCK;EUR;18;2.60000000;500;EXCHANGE_LAST;;1;1;XEUR;13044587;298530;
21.05.2025;13:26:57.109;ENT5 SI 20250717 PS AM P 13.00 0;SIMPLE_INSTRUMENT;BLOCK;EUR;9;0.37000000;750;EXCHANGE_LAST;;1;1;XEUR;13241608;497;
21.05.2025;11:22:54.727;F3TE SI 20271217 CS;SIMPLE_INSTRUMENT;BLOCK;EUR;23;0.71500000;1465;EXCHANGE_LAST;;1;2;XEUR;6633916;390379;
21.05.2025;11:42:09.391;F3TE SI 20271217 CS;SIMPLE_INSTRUMENT;BLOCK;EUR;25;0.71500000;300;EXCHANGE_LAST;;1;1;XEUR;6633916;390379;
21.05.2025;09:55:11.964;FBTP SI 20250606 PS;SIMPLE_INSTRUMENT;BLOCK;EUR;1;119.35000000;815;EXCHANGE_LAST;;1;1;XEUR;11820365;636;
21.05.2025;10:02:51.377;FBTP SI 20250606 PS;SIMPLE_INSTRUMENT;EFP_FIN;EUR;2;119.80000000;727;EXCHANGE_LAST;;1;1;XEUR;11820365;636;
21.05.2025;10:03:54.381;FBTP SI 20250606 PS;SIMPLE_INSTRUMENT;EFP_FIN;EUR;3;119.68000000;181;EXCHANGE_LAST;;1;1;XEUR;11820365;636;
21.05.2025;10:10:01.544;FBTP SI 20250606 PS;SIMPLE_INSTRUMENT;EFP_FIN;EUR;4;119.37000000;360;EXCHANGE_LAST;;1;1;XEUR;11820365;636;
21.05.2025;10:11:51.430;FBTP SI 20250606 PS;SIMPLE_INSTRUMENT;BLOCK;EUR;5;119.62000000;440;EXCHANGE_LAST;;1;1;XEUR;11820365;636;
21.05.2025;10:20:51.970;FBTP SI 20250606 PS;SIMPLE_INSTRUMENT;EFP_FIN;EUR;6;119.33000000;1081;EXCHANGE_LAST;;1;1;XEUR;11820365;636;
21.05.2025;10:26:54.470;FBTP SI 20250606 PS;SIMPLE_INSTRUMENT;EFP_FIN;EUR;7;119.45000000;618;EXCHANGE_LAST;;1;1;XEUR;11820365;636;
21.05.2025;10:29:29.885;FBTP SI 20250606 PS;SIMPLE_INSTRUMENT;EFP_FIN;EUR;8;119.33000000;1344;EXCHANGE_LAST;;1;1;XEUR;11820365;636;
21.05.2025;10:48:33.134;FBTP SI 20250606 PS;SIMPLE_INSTRUMENT;EFP_FIN;EUR;9;119.42000000;946;EXCHANGE_LAST;;1;1;XEUR;11820365;636;
21.05.2025;10:56:17.871;FBTP SI 20250606 PS;SIMPLE_INSTRUMENT;EFP_FIN;EUR;10;119.44000000;483;EXCHANGE_LAST;;1;1;XEUR;11820365;636;
21.05.2025;10:59:25.961;FBTP SI 20250606 PS;SIMPLE_INSTRUMENT;EFP_FIN;EUR;11;119.45000000;181;EXCHANGE_LAST;;1;1;XEUR;11820365;636;
21.05.2025;11:41:48.852;FBTP SI 20250606 PS;SIMPLE_INSTRUMENT;BLOCK;EUR;12;119.64000000;1465;EXCHANGE_LAST;;1;1;XEUR;11820365;636;
21.05.2025;11:38:37.383;FBTP SI 20250606 PS;SIMPLE_INSTRUMENT;EFP_FIN;EUR;13;119.64000000;90;EXCHANGE_LAST;;1;1;XEUR;11820365;636;
21.05.2025;11:42:23.159;FBTP SI 20250606 PS;SIMPLE_INSTRUMENT;EFP_FIN;EUR;14;119.43000000;221;EXCHANGE_LAST;;1;1;XEUR;11820365;636;
21.05.2025;11:47:48.525;FBTP SI 20250606 PS;SIMPLE_INSTRUMENT;EFP_FIN;EUR;15;119.69000000;361;EXCHANGE_LAST;;1;1;XEUR;11820365;636;
21.05.2025;11:56:52.394;FBTP SI 20250606 PS;SIMPLE_INSTRUMENT;EFP_FIN;EUR;16;119.45000000;423;EXCHANGE_LAST;;1;1;XEUR;11820365;636;
21.05.2025;11:57:26.593;FBTP SI 20250606 PS;SIMPLE_INSTRUMENT;EFP_FIN;EUR;17;119.45000000;256;EXCHANGE_LAST;;1;1;XEUR;11820365;636;
21.05.2025;11:57:46.238;FBTP SI 20250606 PS;SIMPLE_INSTRUMENT;EFP_FIN;EUR;18;119.69000000;94;EXCHANGE_LAST;;1;1;XEUR;11820365;636;
21.05.2025;11:57:52.972;FBTP SI 20250606 PS;SIMPLE_INSTRUMENT;EFP_FIN;EUR;19;119.45000000;1327;EXCHANGE_LAST;;1;1;XEUR;11820365;636;
21.05.2025;11:58:15.364;FBTP SI 20250606 PS;SIMPLE_INSTRUMENT;EFP_FIN;EUR;20;119.69000000;1548;EXCHANGE_LAST;;1;1;XEUR;11820365;636;
21.05.2025;12:10:52.874;FBTP SI 20250606 PS;SIMPLE_INSTRUMENT;EFP_FIN;EUR;21;119.35000000;531;EXCHANGE_LAST;;1;1;XEUR;11820365;636;
21.05.2025;12:21:41.275;FBTP SI 20250606 PS;SIMPLE_INSTRUMENT;EFP_FIN;EUR;22;119.60000000;621;EXCHANGE_LAST;;1;1;XEUR;11820365;636;
21.05.2025;12:27:14.994;FBTP SI 20250606 PS;SIMPLE_INSTRUMENT;EFP_FIN;EUR;23;119.60000000;99;EXCHANGE_LAST;;1;1;XEUR;11820365;636;
21.05.2025;12:35:08.080;FBTP SI 20250606 PS;SIMPLE_INSTRUMENT;EFP_FIN;EUR;24;119.60000000;180;EXCHANGE_LAST;;1;1;XEUR;11820365;636;
21.05.2025;12:40:30.279;FBTP SI 20250606 PS;SIMPLE_INSTRUMENT;EFP_FIN;EUR;25;119.60000000;327;EXCHANGE_LAST;;1;1;XEUR;11820365;636;
21.05.2025;12:49:32.615;FBTP SI 20250606 PS;SIMPLE_INSTRUMENT;EFP_FIN;EUR;26;119.54000000;221;EXCHANGE_LAST;;1;1;XEUR;11820365;636;
21.05.2025;12:51:58.059;FBTP SI 20250606 PS;SIMPLE_INSTRUMENT;EFP_FIN;EUR;27;119.56000000;451;EXCHANGE_LAST;;1;1;XEUR;11820365;636;
21.05.2025;13:08:30.646;FBTP SI 20250606 PS;SIMPLE_INSTRUMENT;EFP_FIN;EUR;28;119.66000000;2211;EXCHANGE_LAST;;1;1;XEUR;11820365;636;
21.05.2025;13:10:54.654;FBTP SI 20250606 PS;SIMPLE_INSTRUMENT;EFP_FIN;EUR;29;119.55000000;1360;EXCHANGE_LAST;;1;1;XEUR;11820365;636;
21.05.2025;13:22:09.211;FBTP SI 20250606 PS;SIMPLE_INSTRUMENT;EFP_FIN;EUR;30;119.65000000;884;EXCHANGE_LAST;;1;1;XEUR;11820365;636;
21.05.2025;13:44:26.183;FBTP SI 20250606 PS;SIMPLE_INSTRUMENT;BLOCK;EUR;31;119.56000000;544;EXCHANGE_LAST;;1;1;XEUR;11820365;636;
21.05.2025;14:02:42.533;FBTP SI 20250606 PS;SIMPLE_INSTRUMENT;EFP_FIN;EUR;32;119.75000000;287;EXCHANGE_LAST;;1;1;XEUR;11820365;636;
21.05.2025;14:18:59.020;FBTP SI 20250606 PS;SIMPLE_INSTRUMENT;BLOCK;EUR;33;119.64000000;390;EXCHANGE_LAST;;1;1;XEUR;11820365;636;
21.05.2025;14:22:09.738;FBTP SI 20250606 PS;SIMPLE_INSTRUMENT;EFP_FIN;EUR;34;119.56000000;163;EXCHANGE_LAST;;1;1;XEUR;11820365;636;
21.05.2025;14:28:56.380;FBTP SI 20250606 PS;SIMPLE_INSTRUMENT;BLOCK;EUR;35;119.53000000;816;EXCHANGE_LAST;;1;1;XEUR;11820365;636;
21.05.2025;15:11:36.974;FBTP SI 20250606 PS;SIMPLE_INSTRUMENT;EFP_FIN;EUR;36;119.79000000;137;EXCHANGE_LAST;;1;1;XEUR;11820365;636;
21.05.2025;15:31:51.637;FBTP SI 20250606 PS;SIMPLE_INSTRUMENT;EFP_FIN;EUR;37;119.84000000;328;EXCHANGE_LAST;;1;1;XEUR;11820365;636;
21.05.2025;10:21:42.995;FBTS SI 20250606 PS;SIMPLE_INSTRUMENT;EFP_FIN;EUR;14;107.95000000;675;EXCHANGE_LAST;;1;1;XEUR;11820367;639;
21.05.2025;10:37:17.452;FBTS SI 20250606 PS;SIMPLE_INSTRUMENT;EFP_FIN;EUR;15;107.93000000;132;EXCHANGE_LAST;;1;1;XEUR;11820367;639;
21.05.2025;10:57:37.244;FBTS SI 20250606 PS;SIMPLE_INSTRUMENT;EFP_FIN;EUR;18;107.88000000;505;EXCHANGE_LAST;;1;1;XEUR;11820367;639;
21.05.2025;13:04:51.750;FBTS SI 20250606 PS;SIMPLE_INSTRUMENT;EFP_FIN;EUR;25;107.93000000;952;EXCHANGE_LAST;;1;1;XEUR;11820367;639;
21.05.2025;13:34:56.384;FBTS SI 20250606 PS;SIMPLE_INSTRUMENT;EFP_FIN;EUR;29;107.92000000;476;EXCHANGE_LAST;;1;1;XEUR;11820367;639;
21.05.2025;13:42:09.956;FBTS SI 20250606 PS;SIMPLE_INSTRUMENT;EFP_FIN;EUR;30;107.92000000;476;EXCHANGE_LAST;;1;1;XEUR;11820367;639;
21.05.2025;14:17:22.359;FBTS SI 20250606 PS;SIMPLE_INSTRUMENT;BLOCK;EUR;33;107.92000000;1352;EXCHANGE_LAST;;1;1;XEUR;11820367;639;
21.05.2025;14:24:30.251;FBTS SI 20250606 PS;SIMPLE_INSTRUMENT;BLOCK;EUR;35;107.92000000;190;EXCHANGE_LAST;;1;1;XEUR;11820367;639;
21.05.2025;14:33:59.523;FBTS SI 20250606 PS;SIMPLE_INSTRUMENT;BLOCK;EUR;36;107.93000000;307;EXCHANGE_LAST;;1;1;XEUR;11820367;639;
21.05.2025;14:35:08.428;FBTS SI 20250606 PS;SIMPLE_INSTRUMENT;BLOCK;EUR;37;107.92000000;210;EXCHANGE_LAST;;1;1;XEUR;11820367;639;
21.05.2025;14:35:45.054;FBTS SI 20250606 PS;SIMPLE_INSTRUMENT;BLOCK;EUR;38;107.92000000;231;EXCHANGE_LAST;;1;1;XEUR;11820367;639;
21.05.2025;14:36:31.975;FBTS SI 20250606 PS;SIMPLE_INSTRUMENT;EFP_FIN;EUR;39;107.93000000;1334;EXCHANGE_LAST;;1;1;XEUR;11820367;639;
21.05.2025;14:51:16.699;FBTS SI 20250606 PS;SIMPLE_INSTRUMENT;EFP_FIN;EUR;41;107.93000000;476;EXCHANGE_LAST;;1;1;XEUR;11820367;639;
21.05.2025;15:38:58.435;FBTS SI 20250606 PS;SIMPLE_INSTRUMENT;EFP_FIN;EUR;43;107.93000000;380;EXCHANGE_LAST;;1;1;XEUR;11820367;639;
21.05.2025;14:09:39.588;FCEU SI 20250616 PS;SIMPLE_INSTRUMENT;BLOCK;USD;2;1.13660000;503;EXCHANGE_LAST;;1;1;XEUR;7879022;369376;
21.05.2025;15:37:58.395;FCNS SI 20250616 PS;SIMPLE_INSTRUMENT;EFP_IDX;SEK;3;0.94039000;85;EXCHANGE_LAST;;1;1;XEUR;7879240;402911;
21.05.2025;15:37:58.780;FCNS SI 20250616 PS;SIMPLE_INSTRUMENT;EFP_IDX;SEK;4;0.94040000;75;EXCHANGE_LAST;;1;1;XEUR;7879240;402911;
21.05.2025;18:31:04.930;FCNS SI 20250616 PS;SIMPLE_INSTRUMENT;EFP_IDX;SEK;5;0.93920000;43;EXCHANGE_LAST;;1;1;XEUR;7879240;402911;
21.05.2025;18:31:05.347;FCNS SI 20250616 PS;SIMPLE_INSTRUMENT;EFP_IDX;SEK;6;0.93921000;5;EXCHANGE_LAST;;1;1;XEUR;7879240;402911;
21.05.2025;20:27:01.455;FCNS SI 20250616 PS;SIMPLE_INSTRUMENT;EFP_IDX;SEK;7;0.93917000;19;EXCHANGE_LAST;;1;1;XEUR;7879240;402911;
21.05.2025;20:27:01.864;FCNS SI 20250616 PS;SIMPLE_INSTRUMENT;EFP_IDX;SEK;8;0.93918000;21;EXCHANGE_LAST;;1;1;XEUR;7879240;402911;
21.05.2025;12:44:28.437;FCZU SI 20250616 CS;SIMPLE_INSTRUMENT;BLOCK;USD;1;0.05569000;100;EXCHANGE_LAST;;1;1;XEUR;11855446;570872;
21.05.2025;15:11:17.379;FD3D SI 20281215 CS;SIMPLE_INSTRUMENT;BLOCK;EUR;36;107.50000000;750;EXCHANGE_LAST;;2;2;XEUR;10404969;588;
21.05.2025;15:40:59.092;FD3D SI 20261218 CS;SIMPLE_INSTRUMENT;BLOCK;EUR;41;112.00000000;250;EXCHANGE_LAST;;1;1;XEUR;7158183;588;
21.05.2025;15:41:29.749;FDAX SI 20250620 CS;SIMPLE_INSTRUMENT;EFP_IDX;EUR;1;24175.00000000;7;EXCHANGE_LAST;;1;1;XEUR;7903800;589;
21.05.2025;15:41:36.698;FDAX SI 20250620 CS;SIMPLE_INSTRUMENT;EFP_IDX;EUR;2;24176.00000000;63;EXCHANGE_LAST;;1;1;XEUR;7903800;589;
21.05.2025;15:01:44.112;FDAX SI 20250620 CS;SIMPLE_INSTRUMENT;VOLA;EUR;671088655;24170.00000000;34;EXCHANGE_LAST;;1;1;XEUR;7903800;589;
21.05.2025;15:01:24.110;FDAX SI 20250620 CS;SIMPLE_INSTRUMENT;VOLA;EUR;671088656;24170.00000000;34;EXCHANGE_LAST;;1;1;XEUR;7903800;589;
21.05.2025;15:01:02.109;FDAX SI 20250620 CS;SIMPLE_INSTRUMENT;VOLA;EUR;671088657;24170.00000000;35;EXCHANGE_LAST;;1;1;XEUR;7903800;589;
21.05.2025;09:08:48.163;FEBD.S.DEC26.DEC27.SPD;FUTURES_SPREAD;BLOCK;EUR;4;0.77000000;1000;EXCHANGE_LAST;;1;1;XEUR;72060158133407038;597;
21.05.2025;09:08:48.163;FEBD SI 20271217 CS;SIMPLE_INSTRUMENT;BLOCK;EUR;4;9.78000000;1000;PRC_DECOMP_EXCHANGE;;;;XEUR;7776307;597;EXCHANGE
21.05.2025;09:08:48.163;FEBD SI 20261218 CS;SIMPLE_INSTRUMENT;BLOCK;EUR;4;10.55000000;1000;PRC_DECOMP_EXCHANGE;;;;XEUR;7158212;597;EXCHANGE
21.05.2025;10:09:27.015;FEBD SI 20291221 CS;SIMPLE_INSTRUMENT;BLOCK;EUR;10;8.65000000;700;EXCHANGE_LAST;;1;1;XEUR;8782283;597;
21.05.2025;10:26:12.760;FEBD.S.DEC25.DEC26.SPD;FUTURES_SPREAD;BLOCK;EUR;11;0.73000000;600;EXCHANGE_LAST;;1;1;XEUR;72060158133406997;597;
21.05.2025;10:26:12.760;FEBD SI 20251219 CS;SIMPLE_INSTRUMENT;BLOCK;EUR;11;11.26000000;600;PRC_DECOMP_MEMBER;;;;XEUR;5914075;597;MEMBER
21.05.2025;10:26:12.760;FEBD SI 20261218 CS;SIMPLE_INSTRUMENT;BLOCK;EUR;11;10.53000000;600;PRC_DECOMP_MEMBER;;;;XEUR;7158212;597;MEMBER
21.05.2025;11:32:56.758;FEBD SI 20261218 CS;SIMPLE_INSTRUMENT;BLOCK;EUR;20;10.55000000;250;EXCHANGE_LAST;;1;1;XEUR;7158212;597;
21.05.2025;12:40:09.373;FEBD SI 20251219 CS;SIMPLE_INSTRUMENT;BLOCK;EUR;27;11.26000000;300;EXCHANGE_LAST;;1;1;XEUR;5914075;597;
21.05.2025;12:39:53.160;FEBD SI 20261218 CS;SIMPLE_INSTRUMENT;BLOCK;EUR;28;10.55000000;300;EXCHANGE_LAST;;1;1;XEUR;7158212;597;
21.05.2025;14:10:58.393;FEBD SI 20251219 CS;SIMPLE_INSTRUMENT;BLOCK;EUR;29;11.26000000;300;EXCHANGE_LAST;;1;1;XEUR;5914075;597;
21.05.2025;15:29:16.793;FEBD SI 20271217 CS;SIMPLE_INSTRUMENT;BLOCK;EUR;40;9.76000000;250;EXCHANGE_LAST;;1;1;XEUR;7776307;597;
21.05.2025;15:45:32.091;FEDV SI 20250620 CS;SIMPLE_INSTRUMENT;BLOCK;EUR;48;2006.50000000;230;EXCHANGE_LAST;;1;1;XEUR;11880642;596;
21.05.2025;15:45:31.505;FEDV SI 20250620 CS;SIMPLE_INSTRUMENT;BLOCK;EUR;49;2007.00000000;770;EXCHANGE_LAST;;1;1;XEUR;11880642;596;
21.05.2025;15:54:26.511;FEDV SI 20250620 CS;SIMPLE_INSTRUMENT;BLOCK;EUR;50;2006.00000000;1500;EXCHANGE_LAST;;1;1;XEUR;11880642;596;
21.05.2025;15:48:33.696;FEDV SI 20250620 CS;SIMPLE_INSTRUMENT;BLOCK;EUR;57;2006.00000000;3000;EXCHANGE_LAST;;1;1;XEUR;11880642;596;
21.05.2025;14:19:18.563;FEHY SI 20250620 CS;SIMPLE_INSTRUMENT;BLOCK;EUR;31;300.24000000;200;EXCHANGE_LAST;;1;1;XEUR;11949378;574047;
21.05.2025;15:59:14.027;FESB SI 20250620 CS;SIMPLE_INSTRUMENT;BLOCK;EUR;59;204.30000000;4157;EXCHANGE_LAST;;1;1;XEUR;11880665;605;
21.05.2025;09:34:31.852;FESB SI 20250620 CS;SIMPLE_INSTRUMENT;VOLA;EUR;603979784;204.80000000;900;EXCHANGE_LAST;;1;1;XEUR;11880665;605;
21.05.2025;14:11:01.099;FESB SI 20250620 CS;SIMPLE_INSTRUMENT;VOLA;EUR;603979797;204.50000000;300;EXCHANGE_LAST;;1;1;XEUR;11880665;605;
21.05.2025;15:54:00.655;FESB SI 20250620 CS;SIMPLE_INSTRUMENT;VOLA;EUR;603979819;204.00000000;300;EXCHANGE_LAST;;1;1;XEUR;11880665;605;
21.05.2025;11:03:57.207;FESX SI 20250620 CS;SIMPLE_INSTRUMENT;EFP_IDX;EUR;2;5430.00000000;1000;EXCHANGE_LAST;;1;1;XEUR;7904020;675;
21.05.2025;15:46:24.172;FESX SI 20250620 CS;SIMPLE_INSTRUMENT;EFP_IDX;EUR;3;5459.00000000;101;EXCHANGE_LAST;;1;1;XEUR;7904020;675;
21.05.2025;15:45:04.235;FESX SI 20250620 CS;SIMPLE_INSTRUMENT;EFP_IDX;EUR;4;5459.00000000;106;EXCHANGE_LAST;;1;1;XEUR;7904020;675;
21.05.2025;15:46:40.642;FESX SI 20250620 CS;SIMPLE_INSTRUMENT;EFP_IDX;EUR;5;5460.00000000;249;EXCHANGE_LAST;;1;1;XEUR;7904020;675;
21.05.2025;15:45:13.236;FESX SI 20250620 CS;SIMPLE_INSTRUMENT;EFP_IDX;EUR;6;5460.00000000;149;EXCHANGE_LAST;;1;1;XEUR;7904020;675;
21.05.2025;15:46:58.367;FESX SI 20250620 CS;SIMPLE_INSTRUMENT;EFP_IDX;EUR;7;5459.00000000;289;EXCHANGE_LAST;;1;1;XEUR;7904020;675;
21.05.2025;15:47:15.296;FESX SI 20250620 CS;SIMPLE_INSTRUMENT;EFP_IDX;EUR;8;5460.00000000;1461;EXCHANGE_LAST;;1;1;XEUR;7904020;675;
21.05.2025;15:48:02.901;FESX SI 20250620 CS;SIMPLE_INSTRUMENT;EFP_IDX;EUR;9;5459.00000000;140;EXCHANGE_LAST;;1;1;XEUR;7904020;675;
21.05.2025;15:48:09.197;FESX SI 20250620 CS;SIMPLE_INSTRUMENT;EFP_IDX;EUR;10;5460.00000000;710;EXCHANGE_LAST;;1;1;XEUR;7904020;675;
21.05.2025;15:48:18.217;FESX SI 20250620 CS;SIMPLE_INSTRUMENT;EFP_IDX;EUR;11;5459.00000000;82;EXCHANGE_LAST;;1;1;XEUR;7904020;675;
21.05.2025;15:48:18.217;FESX SI 20250620 CS;SIMPLE_INSTRUMENT;EFP_IDX;EUR;12;5460.00000000;418;EXCHANGE_LAST;;1;1;XEUR;7904020;675;
21.05.2025;15:52:06.848;FESX SI 20250620 CS;SIMPLE_INSTRUMENT;EFP_IDX;EUR;13;5459.00000000;333;EXCHANGE_LAST;;1;1;XEUR;7904020;675;
21.05.2025;15:52:13.611;FESX SI 20250620 CS;SIMPLE_INSTRUMENT;EFP_IDX;EUR;14;5460.00000000;817;EXCHANGE_LAST;;1;1;XEUR;7904020;675;
21.05.2025;15:52:16.079;FESX SI 20250620 CS;SIMPLE_INSTRUMENT;EFP_IDX;EUR;15;5459.00000000;67;EXCHANGE_LAST;;1;1;XEUR;7904020;675;
21.05.2025;15:52:33.322;FESX SI 20250620 CS;SIMPLE_INSTRUMENT;EFP_IDX;EUR;16;5460.00000000;165;EXCHANGE_LAST;;1;1;XEUR;7904020;675;
21.05.2025;07:32:44.870;FESX SI 20250620 CS;SIMPLE_INSTRUMENT;VOLA;EUR;637534213;5450.00000000;1250;EXCHANGE_LAST;;1;1;XEUR;7904020;675;
21.05.2025;08:30:07.705;FESX SI 20250620 CS;SIMPLE_INSTRUMENT;VOLA;EUR;637534227;5450.00000000;330;EXCHANGE_LAST;;1;1;XEUR;7904020;675;
21.05.2025;08:34:42.455;FESX SI 20250620 CS;SIMPLE_INSTRUMENT;VOLA;EUR;637534233;5452.00000000;143;EXCHANGE_LAST;;1;1;XEUR;7904020;675;
21.05.2025;08:34:32.911;FESX SI 20250620 CS;SIMPLE_INSTRUMENT;VOLA;EUR;637534234;5451.00000000;820;EXCHANGE_LAST;;1;1;XEUR;7904020;675;
21.05.2025;09:12:34.966;FESX SI 20250620 CS;SIMPLE_INSTRUMENT;VOLA;EUR;637534255;5444.00000000;675;EXCHANGE_LAST;;1;1;XEUR;7904020;675;
21.05.2025;10:18:57.834;FESX SI 20250620 CS;SIMPLE_INSTRUMENT;VOLA;EUR;637534264;5435.00000000;1731;EXCHANGE_LAST;;1;1;XEUR;7904020;675;
21.05.2025;11:27:36.740;FESX SI 20250620 CS;SIMPLE_INSTRUMENT;VOLA;EUR;637534280;5441.00000000;50;EXCHANGE_LAST;;1;1;XEUR;7904020;675;
21.05.2025;12:18:39.437;FESX SI 20250620 CS;SIMPLE_INSTRUMENT;VOLA;EUR;637534297;5440.00000000;60;EXCHANGE_LAST;;1;1;XEUR;7904020;675;
21.05.2025;13:46:36.135;FESX SI 20250620 CS;SIMPLE_INSTRUMENT;VOLA;EUR;637534336;5450.00000000;640;EXCHANGE_LAST;;1;1;XEUR;7904020;675;
21.05.2025;13:55:38.316;FESX SI 20250620 CS;SIMPLE_INSTRUMENT;VOLA;EUR;637534339;5450.00000000;150;EXCHANGE_LAST;;1;1;XEUR;7904020;675;
21.05.2025;15:36:00.028;FESX SI 20250620 CS;SIMPLE_INSTRUMENT;VOLA;EUR;637534372;5460.00000000;17;EXCHANGE_LAST;;1;1;XEUR;7904020;675;
21.05.2025;09:34:21.816;FEXD.S.DEC28.DEC30.SPD;FUTURES_SPREAD;BLOCK;EUR;6;5.60000000;250;EXCHANGE_LAST;;1;1;XEUR;72060570450264202;693;
21.05.2025;09:34:21.816;FEXD SI 20301220 CS;SIMPLE_INSTRUMENT;BLOCK;EUR;6;142.70000000;250;PRC_DECOMP_EXCHANGE;;;;XEUR;5914108;693;EXCHANGE
21.05.2025;09:34:21.816;FEXD SI 20281215 CS;SIMPLE_INSTRUMENT;BLOCK;EUR;6;148.30000000;250;PRC_DECOMP_EXCHANGE;;;;XEUR;3680985;693;EXCHANGE
21.05.2025;11:33:55.550;FEXD SI 20281215 CS;SIMPLE_INSTRUMENT;BLOCK;EUR;21;148.00000000;600;EXCHANGE_LAST;;1;1;XEUR;3680985;693;
21.05.2025;11:47:23.261;FEXD SI 20261218 CS;SIMPLE_INSTRUMENT;BLOCK;EUR;22;156.60000000;500;EXCHANGE_LAST;;1;1;XEUR;2163053;693;
21.05.2025;11:48:43.332;FEXD SI 20261218 CS;SIMPLE_INSTRUMENT;BLOCK;EUR;23;156.60000000;250;EXCHANGE_LAST;;1;1;XEUR;2163053;693;
21.05.2025;12:10:55.645;FEXD SI 20251219 CS;SIMPLE_INSTRUMENT;BLOCK;EUR;24;164.90000000;360;EXCHANGE_LAST;;1;1;XEUR;1548120;693;
21.05.2025;14:08:43.063;FEXD SI 20271217 CS;SIMPLE_INSTRUMENT;BLOCK;EUR;30;152.20000000;150;EXCHANGE_LAST;;1;1;XEUR;2848338;693;
21.05.2025;14:21:35.821;FEXD SI 20261218 CS;SIMPLE_INSTRUMENT;BLOCK;EUR;32;156.60000000;250;EXCHANGE_LAST;;1;1;XEUR;2163053;693;
21.05.2025;14:39:18.868;FEXD SI 20261218 CS;SIMPLE_INSTRUMENT;BLOCK;EUR;34;156.60000000;250;EXCHANGE_LAST;;1;1;XEUR;2163053;693;
21.05.2025;14:40:16.705;FEXD SI 20261218 CS;SIMPLE_INSTRUMENT;BLOCK;EUR;35;156.60000000;250;EXCHANGE_LAST;;1;1;XEUR;2163053;693;
21.05.2025;15:27:31.331;FEXD SI 20261218 CS;SIMPLE_INSTRUMENT;BLOCK;EUR;39;156.70000000;130;EXCHANGE_LAST;;1;1;XEUR;2163053;693;
21.05.2025;09:32:43.190;FEXD SI 20261218 CS;SIMPLE_INSTRUMENT;VOLA;EUR;301989891;156.70000000;18;EXCHANGE_LAST;;1;1;XEUR;2163053;693;
21.05.2025;07:14:41.570;FGBL SI 20250606 PS;SIMPLE_INSTRUMENT;EFS;EUR;1;130.05000000;762;EXCHANGE_LAST;;1;1;XEUR;11820389;688;
21.05.2025;07:17:36.692;FGBL SI 20250606 PS;SIMPLE_INSTRUMENT;EFS;EUR;2;130.04000000;261;EXCHANGE_LAST;;1;1;XEUR;11820389;688;
21.05.2025;07:22:21.138;FGBL SI 20250606 PS;SIMPLE_INSTRUMENT;EFS;EUR;3;130.06000000;305;EXCHANGE_LAST;;1;1;XEUR;11820389;688;
21.05.2025;07:29:52.489;FGBL SI 20250606 PS;SIMPLE_INSTRUMENT;EFP_FIN;EUR;4;130.07000000;820;EXCHANGE_LAST;;1;1;XEUR;11820389;688;
21.05.2025;07:36:16.776;FGBL SI 20250606 PS;SIMPLE_INSTRUMENT;EFS;EUR;5;130.04000000;436;EXCHANGE_LAST;;1;1;XEUR;11820389;688;
21.05.2025;07:36:52.819;FGBL SI 20250606 PS;SIMPLE_INSTRUMENT;EFS;EUR;6;130.04000000;436;EXCHANGE_LAST;;1;1;XEUR;11820389;688;
21.05.2025;07:41:54.417;FGBL SI 20250606 PS;SIMPLE_INSTRUMENT;EFP_FIN;EUR;7;130.05000000;220;EXCHANGE_LAST;;1;1;XEUR;11820389;688;
21.05.2025;07:43:28.930;FGBL SI 20250606 PS;SIMPLE_INSTRUMENT;EFS;EUR;8;130.07000000;872;EXCHANGE_LAST;;1;1;XEUR;11820389;688;
21.05.2025;07:56:42.451;FGBL SI 20250606 PS;SIMPLE_INSTRUMENT;EFS;EUR;9;129.97000000;436;EXCHANGE_LAST;;1;1;XEUR;11820389;688;
21.05.2025;07:56:55.422;FGBL SI 20250606 PS;SIMPLE_INSTRUMENT;EFS;EUR;10;129.98000000;436;EXCHANGE_LAST;;1;1;XEUR;11820389;688;
21.05.2025;08:00:45.099;FGBL SI 20250606 PS;SIMPLE_INSTRUMENT;EFP_FIN;EUR;11;130.00000000;408;EXCHANGE_LAST;;1;1;XEUR;11820389;688;
21.05.2025;08:10:10.436;FGBL SI 20250606 PS;SIMPLE_INSTRUMENT;EFS;EUR;12;129.87000000;165;EXCHANGE_LAST;;1;1;XEUR;11820389;688;
21.05.2025;08:11:26.226;FGBL SI 20250606 PS;SIMPLE_INSTRUMENT;EFS;EUR;13;129.83000000;174;EXCHANGE_LAST;;1;1;XEUR;11820389;688;
21.05.2025;08:12:33.013;FGBL SI 20250606 PS;SIMPLE_INSTRUMENT;EFS;EUR;14;129.83000000;436;EXCHANGE_LAST;;1;1;XEUR;11820389;688;
21.05.2025;08:17:22.169;FGBL SI 20250606 PS;SIMPLE_INSTRUMENT;EFS;EUR;15;129.93000000;1200;EXCHANGE_LAST;;1;1;XEUR;11820389;688;
21.05.2025;08:28:33.981;FGBL SI 20250606 PS;SIMPLE_INSTRUMENT;EFS;EUR;16;129.77000000;436;EXCHANGE_LAST;;1;1;XEUR;11820389;688;
21.05.2025;08:42:40.051;FGBL SI 20250606 PS;SIMPLE_INSTRUMENT;EFP_FIN;EUR;17;129.80000000;170;EXCHANGE_LAST;;1;1;XEUR;11820389;688;
21.05.2025;08:44:51.401;FGBL SI 20250606 PS;SIMPLE_INSTRUMENT;EFP_FIN;EUR;18;129.94000000;80;EXCHANGE_LAST;;1;1;XEUR;11820389;688;
21.05.2025;08:46:00.970;FGBL SI 20250606 PS;SIMPLE_INSTRUMENT;EFS;EUR;19;129.78000000;523;EXCHANGE_LAST;;1;1;XEUR;11820389;688;
21.05.2025;08:49:40.890;FGBL SI 20250606 PS;SIMPLE_INSTRUMENT;EFP_FIN;EUR;20;129.78000000;1007;EXCHANGE_LAST;;1;1;XEUR;11820389;688;
21.05.2025;08:51:16.585;FGBL SI 20250606 PS;SIMPLE_INSTRUMENT;EFS;EUR;21;129.77000000;247;EXCHANGE_LAST;;1;1;XEUR;11820389;688;
21.05.2025;09:06:13.342;FGBL SI 20250606 PS;SIMPLE_INSTRUMENT;EFS;EUR;22;129.72000000;218;EXCHANGE_LAST;;1;1;XEUR;11820389;688;
21.05.2025;09:23:25.176;FGBL SI 20250606 PS;SIMPLE_INSTRUMENT;EFS;EUR;23;129.68000000;842;EXCHANGE_LAST;;1;1;XEUR;11820389;688;
21.05.2025;09:26:56.566;FGBL SI 20250606 PS;SIMPLE_INSTRUMENT;EFS;EUR;24;129.65000000;436;EXCHANGE_LAST;;1;1;XEUR;11820389;688;
21.05.2025;09:31:13.725;FGBL SI 20250606 PS;SIMPLE_INSTRUMENT;EFS;EUR;25;129.64000000;436;EXCHANGE_LAST;;1;1;XEUR;11820389;688;
21.05.2025;09:32:12.797;FGBL SI 20250606 PS;SIMPLE_INSTRUMENT;EFS;EUR;26;129.62000000;436;EXCHANGE_LAST;;1;1;XEUR;11820389;688;
21.05.2025;09:34:22.911;FGBL SI 20250606 PS;SIMPLE_INSTRUMENT;EFS;EUR;27;129.61000000;436;EXCHANGE_LAST;;1;1;XEUR;11820389;688;
21.05.2025;09:35:29.981;FGBL SI 20250606 PS;SIMPLE_INSTRUMENT;EFS;EUR;28;129.64000000;1200;EXCHANGE_LAST;;1;1;XEUR;11820389;688;
21.05.2025;09:36:32.994;FGBL SI 20250606 PS;SIMPLE_INSTRUMENT;EFS;EUR;29;129.61000000;436;EXCHANGE_LAST;;1;1;XEUR;11820389;688;
21.05.2025;09:37:38.048;FGBL SI 20250606 PS;SIMPLE_INSTRUMENT;EFS;EUR;30;129.61000000;436;EXCHANGE_LAST;;1;1;XEUR;11820389;688;
21.05.2025;09:39:13.950;FGBL SI 20250606 PS;SIMPLE_INSTRUMENT;EFS;EUR;31;129.63000000;737;EXCHANGE_LAST;;1;1;XEUR;11820389;688;
21.05.2025;09:41:03.831;FGBL SI 20250606 PS;SIMPLE_INSTRUMENT;EFS;EUR;32;129.64000000;872;EXCHANGE_LAST;;1;1;XEUR;11820389;688;
21.05.2025;09:41:59.227;FGBL SI 20250606 PS;SIMPLE_INSTRUMENT;EFS;EUR;33;129.64000000;995;EXCHANGE_LAST;;1;1;XEUR;11820389;688;
21.05.2025;09:51:09.639;FGBL SI 20250606 PS;SIMPLE_INSTRUMENT;EFS;EUR;34;129.62000000;436;EXCHANGE_LAST;;1;1;XEUR;11820389;688;
21.05.2025;09:59:00.338;FGBL SI 20250606 PS;SIMPLE_INSTRUMENT;EFP_FIN;EUR;35;129.64000000;701;EXCHANGE_LAST;;1;1;XEUR;11820389;688;
21.05.2025;10:01:08.166;FGBL SI 20250606 PS;SIMPLE_INSTRUMENT;EFS;EUR;36;129.63000000;436;EXCHANGE_LAST;;1;1;XEUR;11820389;688;
21.05.2025;10:04:45.260;FGBL SI 20250606 PS;SIMPLE_INSTRUMENT;EFS;EUR;37;129.64000000;436;EXCHANGE_LAST;;1;1;XEUR;11820389;688;
21.05.2025;10:06:27.138;FGBL SI 20250606 PS;SIMPLE_INSTRUMENT;EFP_FIN;EUR;38;129.76000000;233;EXCHANGE_LAST;;1;1;XEUR;11820389;688;
21.05.2025;10:12:34.993;FGBL SI 20250606 PS;SIMPLE_INSTRUMENT;EFP_FIN;EUR;39;129.61000000;414;EXCHANGE_LAST;;1;1;XEUR;11820389;688;
21.05.2025;10:21:59.225;FGBL SI 20250606 PS;SIMPLE_INSTRUMENT;EFS;EUR;40;129.64000000;501;EXCHANGE_LAST;;1;1;XEUR;11820389;688;
21.05.2025;10:27:13.933;FGBL SI 20250606 PS;SIMPLE_INSTRUMENT;EFS;EUR;41;129.65000000;462;EXCHANGE_LAST;;1;1;XEUR;11820389;688;
21.05.2025;10:27:20.390;FGBL SI 20250606 PS;SIMPLE_INSTRUMENT;EFS;EUR;42;130.09000000;986;EXCHANGE_LAST;;1;1;XEUR;11820389;688;
21.05.2025;10:32:27.720;FGBL SI 20250606 PS;SIMPLE_INSTRUMENT;EFP_FIN;EUR;43;129.61000000;166;EXCHANGE_LAST;;1;1;XEUR;11820389;688;
21.05.2025;10:33:21.411;FGBL SI 20250606 PS;SIMPLE_INSTRUMENT;EFS;EUR;44;129.64000000;493;EXCHANGE_LAST;;1;1;XEUR;11820389;688;
21.05.2025;10:33:32.512;FGBL SI 20250606 PS;SIMPLE_INSTRUMENT;EFS;EUR;45;129.72000000;436;EXCHANGE_LAST;;1;1;XEUR;11820389;688;
21.05.2025;10:34:18.548;FGBL SI 20250606 PS;SIMPLE_INSTRUMENT;EFS;EUR;46;129.73000000;218;EXCHANGE_LAST;;1;1;XEUR;11820389;688;
21.05.2025;10:35:28.604;FGBL SI 20250606 PS;SIMPLE_INSTRUMENT;EFS;EUR;47;129.73000000;218;EXCHANGE_LAST;;1;1;XEUR;11820389;688;
21.05.2025;10:35:38.615;FGBL SI 20250606 PS;SIMPLE_INSTRUMENT;EFS;EUR;48;129.73000000;218;EXCHANGE_LAST;;1;1;XEUR;11820389;688;
21.05.2025;10:37:25.478;FGBL SI 20250606 PS;SIMPLE_INSTRUMENT;EFS;EUR;49;129.72000000;222;EXCHANGE_LAST;;1;1;XEUR;11820389;688;
21.05.2025;10:39:23.778;FGBL SI 20250606 PS;SIMPLE_INSTRUMENT;EFS;EUR;50;129.73000000;218;EXCHANGE_LAST;;1;1;XEUR;11820389;688;
21.05.2025;10:40:29.868;FGBL SI 20250606 PS;SIMPLE_INSTRUMENT;EFS;EUR;51;129.77000000;247;EXCHANGE_LAST;;1;1;XEUR;11820389;688;
21.05.2025;10:41:28.883;FGBL SI 20250606 PS;SIMPLE_INSTRUMENT;EFS;EUR;52;129.69000000;524;EXCHANGE_LAST;;1;1;XEUR;11820389;688;
21.05.2025;10:50:45.664;FGBL SI 20250606 PS;SIMPLE_INSTRUMENT;EFS;EUR;53;129.71000000;700;EXCHANGE_LAST;;1;1;XEUR;11820389;688;
21.05.2025;10:52:28.351;FGBL SI 20250606 PS;SIMPLE_INSTRUMENT;EFS;EUR;54;129.63000000;250;EXCHANGE_LAST;;1;1;XEUR;11820389;688;
21.05.2025;10:53:51.216;FGBL SI 20250606 PS;SIMPLE_INSTRUMENT;EFS;EUR;55;129.70000000;872;EXCHANGE_LAST;;1;1;XEUR;11820389;688;
21.05.2025;11:03:06.948;FGBL SI 20250606 PS;SIMPLE_INSTRUMENT;EFS;EUR;56;129.70000000;990;EXCHANGE_LAST;;1;1;XEUR;11820389;688;
21.05.2025;11:21:41.446;FGBL SI 20250606 PS;SIMPLE_INSTRUMENT;EFS;EUR;57;129.74000000;436;EXCHANGE_LAST;;1;1;XEUR;11820389;688;
21.05.2025;11:21:53.161;FGBL SI 20250606 PS;SIMPLE_INSTRUMENT;EFS;EUR;58;129.74000000;87;EXCHANGE_LAST;;1;1;XEUR;11820389;688;
21.05.2025;11:29:07.342;FGBL SI 20250606 PS;SIMPLE_INSTRUMENT;EFS;EUR;59;129.74000000;550;EXCHANGE_LAST;;1;1;XEUR;11820389;688;
21.05.2025;11:30:28.087;FGBL SI 20250606 PS;SIMPLE_INSTRUMENT;EFS;EUR;60;129.76000000;218;EXCHANGE_LAST;;1;1;XEUR;11820389;688;
21.05.2025;11:31:14.426;FGBL SI 20250606 PS;SIMPLE_INSTRUMENT;EFP_FIN;EUR;61;129.74000000;262;EXCHANGE_LAST;;1;1;XEUR;11820389;688;
21.05.2025;11:33:47.439;FGBL SI 20250606 PS;SIMPLE_INSTRUMENT;EFP_FIN;EUR;62;129.73000000;1113;EXCHANGE_LAST;;1;1;XEUR;11820389;688;
21.05.2025;11:48:14.852;FGBL SI 20250606 PS;SIMPLE_INSTRUMENT;EFS;EUR;63;129.79000000;218;EXCHANGE_LAST;;1;1;XEUR;11820389;688;
21.05.2025;11:49:49.935;FGBL SI 20250606 PS;SIMPLE_INSTRUMENT;EFS;EUR;64;129.79000000;218;EXCHANGE_LAST;;1;1;XEUR;11820389;688;
21.05.2025;11:50:22.789;FGBL SI 20250606 PS;SIMPLE_INSTRUMENT;EFS;EUR;65;129.79000000;436;EXCHANGE_LAST;;1;1;XEUR;11820389;688;
21.05.2025;11:53:51.121;FGBL SI 20250606 PS;SIMPLE_INSTRUMENT;EFS;EUR;66;129.81000000;436;EXCHANGE_LAST;;1;1;XEUR;11820389;688;
21.05.2025;11:55:29.856;FGBL SI 20250606 PS;SIMPLE_INSTRUMENT;EFP_FIN;EUR;67;129.77000000;651;EXCHANGE_LAST;;1;1;XEUR;11820389;688;
21.05.2025;11:59:30.385;FGBL SI 20250606 PS;SIMPLE_INSTRUMENT;EFS;EUR;68;129.79000000;436;EXCHANGE_LAST;;1;1;XEUR;11820389;688;
21.05.2025;12:10:26.861;FGBL SI 20250606 PS;SIMPLE_INSTRUMENT;EFS;EUR;69;129.74000000;436;EXCHANGE_LAST;;1;1;XEUR;11820389;688;
21.05.2025;12:10:36.872;FGBL SI 20250606 PS;SIMPLE_INSTRUMENT;EFS;EUR;70;129.74000000;436;EXCHANGE_LAST;;1;1;XEUR;11820389;688;
21.05.2025;12:12:56.984;FGBL SI 20250606 PS;SIMPLE_INSTRUMENT;EFS;EUR;71;129.74000000;436;EXCHANGE_LAST;;1;1;XEUR;11820389;688;
21.05.2025;12:16:23.844;FGBL SI 20250606 PS;SIMPLE_INSTRUMENT;EFS;EUR;72;129.80000000;1125;EXCHANGE_LAST;;1;1;XEUR;11820389;688;
21.05.2025;12:24:17.214;FGBL SI 20250606 PS;SIMPLE_INSTRUMENT;EFS;EUR;73;129.81000000;175;EXCHANGE_LAST;;1;1;XEUR;11820389;688;
21.05.2025;12:29:28.749;FGBL SI 20250606 PS;SIMPLE_INSTRUMENT;EFS;EUR;74;129.74000000;436;EXCHANGE_LAST;;1;1;XEUR;11820389;688;
21.05.2025;12:34:55.787;FGBL SI 20250606 PS;SIMPLE_INSTRUMENT;EFS;EUR;75;129.76000000;436;EXCHANGE_LAST;;1;1;XEUR;11820389;688;
21.05.2025;12:42:09.334;FGBL SI 20250606 PS;SIMPLE_INSTRUMENT;EFS;EUR;76;129.77000000;436;EXCHANGE_LAST;;1;1;XEUR;11820389;688;
21.05.2025;12:43:14.389;FGBL SI 20250606 PS;SIMPLE_INSTRUMENT;EFS;EUR;77;129.75000000;436;EXCHANGE_LAST;;1;1;XEUR;11820389;688;
21.05.2025;12:44:39.457;FGBL SI 20250606 PS;SIMPLE_INSTRUMENT;EFS;EUR;78;129.75000000;742;EXCHANGE_LAST;;1;1;XEUR;11820389;688;
21.05.2025;12:44:54.479;FGBL SI 20250606 PS;SIMPLE_INSTRUMENT;EFS;EUR;79;129.75000000;436;EXCHANGE_LAST;;1;1;XEUR;11820389;688;
21.05.2025;12:45:41.417;FGBL SI 20250606 PS;SIMPLE_INSTRUMENT;EFS;EUR;80;129.76000000;436;EXCHANGE_LAST;;1;1;XEUR;11820389;688;
21.05.2025;12:48:24.670;FGBL SI 20250606 PS;SIMPLE_INSTRUMENT;EFS;EUR;81;129.73000000;436;EXCHANGE_LAST;;1;1;XEUR;11820389;688;
21.05.2025;12:48:48.853;FGBL SI 20250606 PS;SIMPLE_INSTRUMENT;EFS;EUR;82;129.76000000;436;EXCHANGE_LAST;;1;1;XEUR;11820389;688;
21.05.2025;12:50:16.636;FGBL SI 20250606 PS;SIMPLE_INSTRUMENT;EFS;EUR;83;129.76000000;436;EXCHANGE_LAST;;1;1;XEUR;11820389;688;
21.05.2025;12:58:27.661;FGBL SI 20250606 PS;SIMPLE_INSTRUMENT;EFS;EUR;84;129.76000000;436;EXCHANGE_LAST;;1;1;XEUR;11820389;688;
21.05.2025;12:58:33.778;FGBL SI 20250606 PS;SIMPLE_INSTRUMENT;EFS;EUR;85;129.75000000;218;EXCHANGE_LAST;;1;1;XEUR;11820389;688;
21.05.2025;12:58:51.153;FGBL SI 20250606 PS;SIMPLE_INSTRUMENT;EFS;EUR;86;129.73000000;218;EXCHANGE_LAST;;1;1;XEUR;11820389;688;
21.05.2025;13:00:13.470;FGBL SI 20250606 PS;SIMPLE_INSTRUMENT;EFS;EUR;87;129.74000000;218;EXCHANGE_LAST;;1;1;XEUR;11820389;688;
21.05.2025;13:00:29.240;FGBL SI 20250606 PS;SIMPLE_INSTRUMENT;EFS;EUR;88;129.72000000;218;EXCHANGE_LAST;;1;1;XEUR;11820389;688;
21.05.2025;13:01:31.791;FGBL SI 20250606 PS;SIMPLE_INSTRUMENT;EFS;EUR;89;129.78000000;436;EXCHANGE_LAST;;1;1;XEUR;11820389;688;
21.05.2025;13:03:22.400;FGBL SI 20250606 PS;SIMPLE_INSTRUMENT;EFS;EUR;90;129.78000000;262;EXCHANGE_LAST;;1;1;XEUR;11820389;688;
21.05.2025;13:22:36.843;FGBL SI 20250606 PS;SIMPLE_INSTRUMENT;EFS;EUR;91;129.79000000;436;EXCHANGE_LAST;;1;1;XEUR;11820389;688;
21.05.2025;13:33:39.678;FGBL SI 20250606 PS;SIMPLE_INSTRUMENT;EFS;EUR;92;129.78000000;395;EXCHANGE_LAST;;1;1;XEUR;11820389;688;
21.05.2025;13:31:03.509;FGBL SI 20250606 PS;SIMPLE_INSTRUMENT;EFS;EUR;93;129.81000000;436;EXCHANGE_LAST;;1;1;XEUR;11820389;688;
21.05.2025;13:33:04.891;FGBL SI 20250606 PS;SIMPLE_INSTRUMENT;EFP_FIN;EUR;94;129.78000000;78;EXCHANGE_LAST;;1;1;XEUR;11820389;688;
21.05.2025;13:41:54.133;FGBL SI 20250606 PS;SIMPLE_INSTRUMENT;EFS;EUR;95;129.79000000;436;EXCHANGE_LAST;;1;1;XEUR;11820389;688;
21.05.2025;14:02:59.962;FGBL SI 20250606 PS;SIMPLE_INSTRUMENT;EFP_FIN;EUR;96;129.85000000;1308;EXCHANGE_LAST;;1;1;XEUR;11820389;688;
21.05.2025;14:08:14.740;FGBL SI 20250606 PS;SIMPLE_INSTRUMENT;EFS;EUR;97;129.90000000;494;EXCHANGE_LAST;;1;1;XEUR;11820389;688;
21.05.2025;14:09:59.990;FGBL SI 20250606 PS;SIMPLE_INSTRUMENT;EFS;EUR;98;129.83000000;436;EXCHANGE_LAST;;1;1;XEUR;11820389;688;
21.05.2025;14:13:31.444;FGBL SI 20250606 PS;SIMPLE_INSTRUMENT;EFS;EUR;99;129.81000000;436;EXCHANGE_LAST;;1;1;XEUR;11820389;688;
21.05.2025;14:31:26.755;FGBL SI 20250606 PS;SIMPLE_INSTRUMENT;EFS;EUR;100;129.92000000;500;EXCHANGE_LAST;;1;1;XEUR;11820389;688;
21.05.2025;14:31:59.652;FGBL SI 20250606 PS;SIMPLE_INSTRUMENT;EFS;EUR;101;129.92000000;436;EXCHANGE_LAST;;1;1;XEUR;11820389;688;
21.05.2025;14:34:01.441;FGBL SI 20250606 PS;SIMPLE_INSTRUMENT;EFS;EUR;102;129.92000000;436;EXCHANGE_LAST;;1;1;XEUR;11820389;688;
21.05.2025;14:35:54.036;FGBL SI 20250606 PS;SIMPLE_INSTRUMENT;EFS;EUR;103;129.92000000;436;EXCHANGE_LAST;;1;1;XEUR;11820389;688;
21.05.2025;14:44:34.644;FGBL SI 20250606 PS;SIMPLE_INSTRUMENT;EFP_FIN;EUR;104;129.93000000;96;EXCHANGE_LAST;;1;1;XEUR;11820389;688;
21.05.2025;14:39:32.813;FGBL SI 20250606 PS;SIMPLE_INSTRUMENT;EFS;EUR;105;129.64000000;495;EXCHANGE_LAST;;1;1;XEUR;11820389;688;
21.05.2025;14:41:16.137;FGBL SI 20250606 PS;SIMPLE_INSTRUMENT;EFS;EUR;106;129.91000000;218;EXCHANGE_LAST;;1;1;XEUR;11820389;688;
21.05.2025;14:42:01.173;FGBL SI 20250606 PS;SIMPLE_INSTRUMENT;EFS;EUR;107;129.91000000;218;EXCHANGE_LAST;;1;1;XEUR;11820389;688;
21.05.2025;14:42:34.433;FGBL SI 20250606 PS;SIMPLE_INSTRUMENT;EFP_FIN;EUR;108;129.92000000;559;EXCHANGE_LAST;;1;1;XEUR;11820389;688;
21.05.2025;14:44:33.995;FGBL SI 20250606 PS;SIMPLE_INSTRUMENT;EFS;EUR;109;129.91000000;500;EXCHANGE_LAST;;1;1;XEUR;11820389;688;
21.05.2025;14:48:42.047;FGBL SI 20250606 PS;SIMPLE_INSTRUMENT;EFS;EUR;110;129.89000000;208;EXCHANGE_LAST;;1;1;XEUR;11820389;688;
21.05.2025;14:53:54.170;FGBL SI 20250606 PS;SIMPLE_INSTRUMENT;EFS;EUR;111;129.90000000;436;EXCHANGE_LAST;;1;1;XEUR;11820389;688;
21.05.2025;14:58:47.933;FGBL SI 20250606 PS;SIMPLE_INSTRUMENT;EFS;EUR;112;129.91000000;436;EXCHANGE_LAST;;1;1;XEUR;11820389;688;
21.05.2025;15:02:51.675;FGBL SI 20250606 PS;SIMPLE_INSTRUMENT;EFS;EUR;113;129.92000000;305;EXCHANGE_LAST;;1;1;XEUR;11820389;688;
21.05.2025;15:13:42.160;FGBL SI 20250606 PS;SIMPLE_INSTRUMENT;EFS;EUR;114;129.89000000;218;EXCHANGE_LAST;;1;1;XEUR;11820389;688;
21.05.2025;15:14:28.158;FGBL SI 20250606 PS;SIMPLE_INSTRUMENT;EFS;EUR;115;129.89000000;436;EXCHANGE_LAST;;1;1;XEUR;11820389;688;
21.05.2025;15:15:21.036;FGBL SI 20250606 PS;SIMPLE_INSTRUMENT;EFS;EUR;116;129.88000000;300;EXCHANGE_LAST;;1;1;XEUR;11820389;688;
21.05.2025;15:28:17.693;FGBL SI 20250606 PS;SIMPLE_INSTRUMENT;EFS;EUR;117;129.89000000;200;EXCHANGE_LAST;;1;1;XEUR;11820389;688;
21.05.2025;15:31:39.561;FGBL SI 20250606 PS;SIMPLE_INSTRUMENT;EFS;EUR;118;129.89000000;305;EXCHANGE_LAST;;1;1;XEUR;11820389;688;
21.05.2025;15:37:24.875;FGBL SI 20250606 PS;SIMPLE_INSTRUMENT;EFP_FIN;EUR;119;129.90000000;1715;EXCHANGE_LAST;;1;1;XEUR;11820389;688;
21.05.2025;15:47:32.167;FGBL SI 20250606 PS;SIMPLE_INSTRUMENT;EFS;EUR;120;129.86000000;218;EXCHANGE_LAST;;1;1;XEUR;11820389;688;
21.05.2025;15:48:53.158;FGBL SI 20250606 PS;SIMPLE_INSTRUMENT;EFS;EUR;121;129.93000000;566;EXCHANGE_LAST;;1;1;XEUR;11820389;688;
21.05.2025;15:50:49.153;FGBL SI 20250606 PS;SIMPLE_INSTRUMENT;EFS;EUR;122;129.85000000;218;EXCHANGE_LAST;;1;1;XEUR;11820389;688;
21.05.2025;16:00:58.535;FGBL SI 20250606 PS;SIMPLE_INSTRUMENT;EFS;EUR;123;129.89000000;218;EXCHANGE_LAST;;1;1;XEUR;11820389;688;
21.05.2025;16:05:01.933;FGBL SI 20250606 PS;SIMPLE_INSTRUMENT;EFS;EUR;124;129.84000000;436;EXCHANGE_LAST;;1;1;XEUR;11820389;688;
21.05.2025;16:08:23.064;FGBL SI 20250606 PS;SIMPLE_INSTRUMENT;EFS;EUR;125;129.85000000;218;EXCHANGE_LAST;;1;1;XEUR;11820389;688;
21.05.2025;16:09:12.509;FGBL SI 20250606 PS;SIMPLE_INSTRUMENT;EFS;EUR;126;129.80000000;262;EXCHANGE_LAST;;1;1;XEUR;11820389;688;
21.05.2025;11:06:12.486;FGBL SI 20250606 PS;SIMPLE_INSTRUMENT;VOLA;EUR;268435489;129.70000000;230;EXCHANGE_LAST;;1;1;XEUR;11820389;688;
21.05.2025;11:06:13.318;FGBL SI 20250606 PS;SIMPLE_INSTRUMENT;VOLA;EUR;268435490;129.70000000;230;EXCHANGE_LAST;;1;1;XEUR;11820389;688;
21.05.2025;13:34:11.094;FGBL SI 20250908 PS;SIMPLE_INSTRUMENT;VOLA;EUR;268435515;129.50000000;64;EXCHANGE_LAST;;1;1;XEUR;12372482;688;
21.05.2025;13:34:33.097;FGBL SI 20250908 PS;SIMPLE_INSTRUMENT;VOLA;EUR;268435516;129.50000000;64;EXCHANGE_LAST;;1;1;XEUR;12372482;688;
21.05.2025;07:09:20.818;FGBM SI 20250606 PS;SIMPLE_INSTRUMENT;EFS;EUR;1;118.66000000;93;EXCHANGE_LAST;;1;1;XEUR;11820390;689;
21.05.2025;07:42:08.299;FGBM SI 20250606 PS;SIMPLE_INSTRUMENT;EFS;EUR;2;118.68000000;1636;EXCHANGE_LAST;;1;1;XEUR;11820390;689;
21.05.2025;07:51:06.476;FGBM SI 20250606 PS;SIMPLE_INSTRUMENT;EFP_FIN;EUR;3;118.67000000;231;EXCHANGE_LAST;;1;1;XEUR;11820390;689;
21.05.2025;08:07:47.202;FGBM SI 20250606 PS;SIMPLE_INSTRUMENT;EFP_FIN;EUR;4;118.66000000;97;EXCHANGE_LAST;;1;1;XEUR;11820390;689;
21.05.2025;08:09:49.435;FGBM SI 20250606 PS;SIMPLE_INSTRUMENT;EFS;EUR;5;118.60000000;309;EXCHANGE_LAST;;1;1;XEUR;11820390;689;
21.05.2025;08:13:55.689;FGBM SI 20250606 PS;SIMPLE_INSTRUMENT;EFS;EUR;6;118.62000000;1637;EXCHANGE_LAST;;1;1;XEUR;11820390;689;
21.05.2025;08:50:35.740;FGBM SI 20250606 PS;SIMPLE_INSTRUMENT;EFS;EUR;7;118.55000000;306;EXCHANGE_LAST;;1;1;XEUR;11820390;689;
21.05.2025;08:53:45.102;FGBM SI 20250606 PS;SIMPLE_INSTRUMENT;EFS;EUR;8;118.63000000;1490;EXCHANGE_LAST;;1;1;XEUR;11820390;689;
21.05.2025;09:06:28.084;FGBM SI 20250606 PS;SIMPLE_INSTRUMENT;EFP_FIN;EUR;9;118.52000000;61;EXCHANGE_LAST;;1;1;XEUR;11820390;689;
21.05.2025;09:17:36.055;FGBM SI 20250606 PS;SIMPLE_INSTRUMENT;EFP_FIN;EUR;10;118.57000000;418;EXCHANGE_LAST;;1;1;XEUR;11820390;689;
21.05.2025;09:52:49.715;FGBM SI 20250606 PS;SIMPLE_INSTRUMENT;EFS;EUR;12;118.46000000;867;EXCHANGE_LAST;;1;1;XEUR;11820390;689;
21.05.2025;09:59:56.162;FGBM SI 20250606 PS;SIMPLE_INSTRUMENT;EFS;EUR;13;118.46000000;902;EXCHANGE_LAST;;1;1;XEUR;11820390;689;
21.05.2025;10:06:34.210;FGBM SI 20250606 PS;SIMPLE_INSTRUMENT;EFS;EUR;14;118.46000000;577;EXCHANGE_LAST;;1;1;XEUR;11820390;689;
21.05.2025;10:09:22.550;FGBM SI 20250606 PS;SIMPLE_INSTRUMENT;EFS;EUR;15;118.48000000;866;EXCHANGE_LAST;;1;1;XEUR;11820390;689;
21.05.2025;10:09:55.015;FGBM SI 20250606 PS;SIMPLE_INSTRUMENT;EFS;EUR;16;118.49000000;866;EXCHANGE_LAST;;1;1;XEUR;11820390;689;
21.05.2025;10:26:15.220;FGBM SI 20250606 PS;SIMPLE_INSTRUMENT;EFS;EUR;17;118.48000000;866;EXCHANGE_LAST;;1;1;XEUR;11820390;689;
21.05.2025;10:31:49.405;FGBM SI 20250606 PS;SIMPLE_INSTRUMENT;EFS;EUR;18;118.48000000;926;EXCHANGE_LAST;;1;1;XEUR;11820390;689;
21.05.2025;10:48:14.551;FGBM SI 20250606 PS;SIMPLE_INSTRUMENT;EFP_FIN;EUR;19;118.47000000;876;EXCHANGE_LAST;;1;1;XEUR;11820390;689;
21.05.2025;11:20:17.464;FGBM SI 20250606 PS;SIMPLE_INSTRUMENT;EFS;EUR;20;118.54000000;196;EXCHANGE_LAST;;1;1;XEUR;11820390;689;
21.05.2025;11:28:32.416;FGBM SI 20250606 PS;SIMPLE_INSTRUMENT;EFP_FIN;EUR;21;118.52000000;116;EXCHANGE_LAST;;1;1;XEUR;11820390;689;
21.05.2025;11:28:32.416;FGBM SI 20250606 PS;SIMPLE_INSTRUMENT;EFP_FIN;EUR;22;118.52000000;68;EXCHANGE_LAST;;1;1;XEUR;11820390;689;
21.05.2025;11:28:32.416;FGBM SI 20250606 PS;SIMPLE_INSTRUMENT;EFP_FIN;EUR;23;118.52000000;274;EXCHANGE_LAST;;1;1;XEUR;11820390;689;
21.05.2025;11:28:32.416;FGBM SI 20250606 PS;SIMPLE_INSTRUMENT;EFP_FIN;EUR;24;118.46000000;213;EXCHANGE_LAST;;1;1;XEUR;11820390;689;
21.05.2025;11:58:10.791;FGBM SI 20250606 PS;SIMPLE_INSTRUMENT;EFP_FIN;EUR;25;118.55000000;298;EXCHANGE_LAST;;1;1;XEUR;11820390;689;
21.05.2025;12:07:51.129;FGBM SI 20250606 PS;SIMPLE_INSTRUMENT;EFP_FIN;EUR;26;118.55000000;410;EXCHANGE_LAST;;1;1;XEUR;11820390;689;
21.05.2025;12:54:00.773;FGBM SI 20250606 PS;SIMPLE_INSTRUMENT;EFP_FIN;EUR;27;118.53000000;472;EXCHANGE_LAST;;1;1;XEUR;11820390;689;
21.05.2025;12:47:02.853;FGBM SI 20250606 PS;SIMPLE_INSTRUMENT;EFS;EUR;28;118.54000000;433;EXCHANGE_LAST;;1;1;XEUR;11820390;689;
21.05.2025;12:48:59.631;FGBM SI 20250606 PS;SIMPLE_INSTRUMENT;EFS;EUR;29;118.54000000;818;EXCHANGE_LAST;;1;1;XEUR;11820390;689;
21.05.2025;12:49:11.387;FGBM SI 20250606 PS;SIMPLE_INSTRUMENT;EFS;EUR;30;118.54000000;866;EXCHANGE_LAST;;1;1;XEUR;11820390;689;
21.05.2025;12:49:59.245;FGBM SI 20250606 PS;SIMPLE_INSTRUMENT;EFS;EUR;31;118.53000000;866;EXCHANGE_LAST;;1;1;XEUR;11820390;689;
21.05.2025;12:56:42.223;FGBM SI 20250606 PS;SIMPLE_INSTRUMENT;EFP_FIN;EUR;33;118.53000000;944;EXCHANGE_LAST;;1;1;XEUR;11820390;689;
21.05.2025;12:58:36.662;FGBM SI 20250606 PS;SIMPLE_INSTRUMENT;EFS;EUR;34;118.54000000;818;EXCHANGE_LAST;;1;1;XEUR;11820390;689;
21.05.2025;13:15:48.341;FGBM SI 20250606 PS;SIMPLE_INSTRUMENT;EFS;EUR;35;118.55000000;520;EXCHANGE_LAST;;1;1;XEUR;11820390;689;
21.05.2025;13:19:21.367;FGBM SI 20250606 PS;SIMPLE_INSTRUMENT;EFP_FIN;EUR;36;118.55000000;573;EXCHANGE_LAST;;1;1;XEUR;11820390;689;
21.05.2025;13:31:03.464;FGBM SI 20250606 PS;SIMPLE_INSTRUMENT;EFS;EUR;37;118.55000000;814;EXCHANGE_LAST;;1;1;XEUR;11820390;689;
21.05.2025;13:31:30.912;FGBM SI 20250606 PS;SIMPLE_INSTRUMENT;EFP_FIN;EUR;38;118.54000000;471;EXCHANGE_LAST;;1;1;XEUR;11820390;689;
21.05.2025;13:31:43.004;FGBM SI 20250606 PS;SIMPLE_INSTRUMENT;EFP_FIN;EUR;39;118.54000000;471;EXCHANGE_LAST;;1;1;XEUR;11820390;689;
21.05.2025;13:31:55.633;FGBM SI 20250606 PS;SIMPLE_INSTRUMENT;EFS;EUR;40;118.55000000;813;EXCHANGE_LAST;;1;1;XEUR;11820390;689;
21.05.2025;13:34:03.059;FGBM SI 20250606 PS;SIMPLE_INSTRUMENT;EFP_FIN;EUR;41;118.55000000;689;EXCHANGE_LAST;;1;1;XEUR;11820390;689;
21.05.2025;13:46:00.441;FGBM SI 20250606 PS;SIMPLE_INSTRUMENT;EFS;EUR;42;118.57000000;867;EXCHANGE_LAST;;1;1;XEUR;11820390;689;
21.05.2025;13:46:32.562;FGBM SI 20250606 PS;SIMPLE_INSTRUMENT;EFP_FIN;EUR;43;118.58000000;290;EXCHANGE_LAST;;1;1;XEUR;11820390;689;
21.05.2025;13:57:09.947;FGBM SI 20250606 PS;SIMPLE_INSTRUMENT;EFP_FIN;EUR;44;118.57000000;852;EXCHANGE_LAST;;1;1;XEUR;11820390;689;
21.05.2025;13:52:15.262;FGBM SI 20250606 PS;SIMPLE_INSTRUMENT;EFS;EUR;45;118.58000000;741;EXCHANGE_LAST;;1;1;XEUR;11820390;689;
21.05.2025;13:54:05.969;FGBM SI 20250606 PS;SIMPLE_INSTRUMENT;EFS;EUR;46;118.56000000;409;EXCHANGE_LAST;;1;1;XEUR;11820390;689;
21.05.2025;14:07:23.458;FGBM SI 20250606 PS;SIMPLE_INSTRUMENT;EFS;EUR;47;118.53000000;867;EXCHANGE_LAST;;1;1;XEUR;11820390;689;
21.05.2025;14:07:57.406;FGBM SI 20250606 PS;SIMPLE_INSTRUMENT;EFS;EUR;48;118.56000000;433;EXCHANGE_LAST;;1;1;XEUR;11820390;689;
21.05.2025;14:08:54.555;FGBM SI 20250606 PS;SIMPLE_INSTRUMENT;EFS;EUR;49;118.55000000;1299;EXCHANGE_LAST;;1;1;XEUR;11820390;689;
21.05.2025;14:36:15.351;FGBM SI 20250606 PS;SIMPLE_INSTRUMENT;EFS;EUR;50;118.58000000;150;EXCHANGE_LAST;;1;1;XEUR;11820390;689;
21.05.2025;14:37:09.963;FGBM SI 20250606 PS;SIMPLE_INSTRUMENT;EFP_FIN;EUR;51;118.55000000;819;EXCHANGE_LAST;;1;1;XEUR;11820390;689;
21.05.2025;14:37:50.977;FGBM SI 20250606 PS;SIMPLE_INSTRUMENT;EFS;EUR;52;118.57000000;867;EXCHANGE_LAST;;1;1;XEUR;11820390;689;
21.05.2025;14:49:31.494;FGBM SI 20250606 PS;SIMPLE_INSTRUMENT;EFS;EUR;53;118.56000000;867;EXCHANGE_LAST;;1;1;XEUR;11820390;689;
21.05.2025;14:49:51.516;FGBM SI 20250606 PS;SIMPLE_INSTRUMENT;EFS;EUR;54;118.56000000;433;EXCHANGE_LAST;;1;1;XEUR;11820390;689;
21.05.2025;14:54:57.468;FGBM SI 20250606 PS;SIMPLE_INSTRUMENT;EFP_FIN;EUR;55;118.56000000;646;EXCHANGE_LAST;;1;1;XEUR;11820390;689;
21.05.2025;15:02:46.492;FGBM SI 20250606 PS;SIMPLE_INSTRUMENT;EFP_FIN;EUR;56;118.54000000;1045;EXCHANGE_LAST;;1;1;XEUR;11820390;689;
21.05.2025;15:08:50.134;FGBM SI 20250606 PS;SIMPLE_INSTRUMENT;EFP_FIN;EUR;57;118.57000000;289;EXCHANGE_LAST;;1;1;XEUR;11820390;689;
21.05.2025;15:11:11.050;FGBM SI 20250606 PS;SIMPLE_INSTRUMENT;EFS;EUR;58;118.57000000;930;EXCHANGE_LAST;;1;1;XEUR;11820390;689;
21.05.2025;15:23:47.356;FGBM SI 20250606 PS;SIMPLE_INSTRUMENT;EFS;EUR;59;118.57000000;433;EXCHANGE_LAST;;1;1;XEUR;11820390;689;
21.05.2025;15:32:33.295;FGBM SI 20250606 PS;SIMPLE_INSTRUMENT;EFP_FIN;EUR;60;118.57000000;236;EXCHANGE_LAST;;1;1;XEUR;11820390;689;
21.05.2025;15:37:24.875;FGBM SI 20250606 PS;SIMPLE_INSTRUMENT;EFP_FIN;EUR;61;118.58000000;1001;EXCHANGE_LAST;;1;1;XEUR;11820390;689;
21.05.2025;15:39:51.805;FGBM SI 20250606 PS;SIMPLE_INSTRUMENT;EFS;EUR;62;118.54000000;867;EXCHANGE_LAST;;1;1;XEUR;11820390;689;
21.05.2025;15:42:46.940;FGBM SI 20250606 PS;SIMPLE_INSTRUMENT;EFS;EUR;63;118.54000000;433;EXCHANGE_LAST;;1;1;XEUR;11820390;689;
21.05.2025;15:48:15.518;FGBM SI 20250606 PS;SIMPLE_INSTRUMENT;EFP_FIN;EUR;64;118.57000000;330;EXCHANGE_LAST;;1;1;XEUR;11820390;689;
21.05.2025;15:49:34.953;FGBM SI 20250606 PS;SIMPLE_INSTRUMENT;EFS;EUR;65;118.53000000;866;EXCHANGE_LAST;;1;1;XEUR;11820390;689;
21.05.2025;16:04:04.464;FGBM SI 20250606 PS;SIMPLE_INSTRUMENT;EFS;EUR;66;118.53000000;831;EXCHANGE_LAST;;1;1;XEUR;11820390;689;
21.05.2025;16:07:01.686;FGBM SI 20250606 PS;SIMPLE_INSTRUMENT;EFS;EUR;67;118.53000000;866;EXCHANGE_LAST;;1;1;XEUR;11820390;689;
21.05.2025;16:25:41.978;FGBM SI 20250606 PS;SIMPLE_INSTRUMENT;EFS;EUR;68;118.50000000;164;EXCHANGE_LAST;;1;1;XEUR;11820390;689;
21.05.2025;15:01:48.729;FGBM SI 20250908 PS;SIMPLE_INSTRUMENT;VOLA;EUR;268435532;117.52000000;25;EXCHANGE_LAST;;1;1;XEUR;12372483;689;
21.05.2025;07:55:31.743;FGBS SI 20250606 PS;SIMPLE_INSTRUMENT;EFP_FIN;EUR;1;107.26500000;1381;EXCHANGE_LAST;;1;1;XEUR;11820391;690;
21.05.2025;08:13:03.842;FGBS SI 20250606 PS;SIMPLE_INSTRUMENT;EFS;EUR;2;107.24500000;4818;EXCHANGE_LAST;;1;1;XEUR;11820391;690;
21.05.2025;08:15:37.313;FGBS SI 20250606 PS;SIMPLE_INSTRUMENT;EFP_FIN;EUR;3;107.25500000;1029;EXCHANGE_LAST;;1;1;XEUR;11820391;690;
21.05.2025;08:17:21.066;FGBS SI 20250606 PS;SIMPLE_INSTRUMENT;EFS;EUR;4;107.24000000;1364;EXCHANGE_LAST;;1;1;XEUR;11820391;690;
21.05.2025;08:19:51.200;FGBS SI 20250606 PS;SIMPLE_INSTRUMENT;EFS;EUR;5;107.24000000;600;EXCHANGE_LAST;;1;1;XEUR;11820391;690;
21.05.2025;08:46:37.448;FGBS SI 20250606 PS;SIMPLE_INSTRUMENT;EFS;EUR;6;107.24500000;4335;EXCHANGE_LAST;;1;1;XEUR;11820391;690;
21.05.2025;08:49:37.500;FGBS SI 20250606 PS;SIMPLE_INSTRUMENT;EFS;EUR;7;107.23500000;900;EXCHANGE_LAST;;1;1;XEUR;11820391;690;
21.05.2025;09:51:41.626;FGBS SI 20250606 PS;SIMPLE_INSTRUMENT;EFS;EUR;9;107.21000000;1687;EXCHANGE_LAST;;1;1;XEUR;11820391;690;
21.05.2025;10:09:09.610;FGBS SI 20250606 PS;SIMPLE_INSTRUMENT;EFP_FIN;EUR;10;107.22500000;765;EXCHANGE_LAST;;1;1;XEUR;11820391;690;
21.05.2025;10:12:29.826;FGBS SI 20250606 PS;SIMPLE_INSTRUMENT;EFP_FIN;EUR;11;107.24000000;938;EXCHANGE_LAST;;1;1;XEUR;11820391;690;
21.05.2025;10:29:25.397;FGBS SI 20250606 PS;SIMPLE_INSTRUMENT;EFS;EUR;12;107.24000000;482;EXCHANGE_LAST;;1;1;XEUR;11820391;690;
21.05.2025;10:45:35.109;FGBS SI 20250606 PS;SIMPLE_INSTRUMENT;EFP_FIN;EUR;13;107.22500000;1407;EXCHANGE_LAST;;1;1;XEUR;11820391;690;
21.05.2025;11:08:09.055;FGBS SI 20250606 PS;SIMPLE_INSTRUMENT;EFP_FIN;EUR;14;107.22000000;938;EXCHANGE_LAST;;1;1;XEUR;11820391;690;
21.05.2025;11:08:22.361;FGBS SI 20250606 PS;SIMPLE_INSTRUMENT;EFP_FIN;EUR;15;107.22000000;1877;EXCHANGE_LAST;;1;1;XEUR;11820391;690;
21.05.2025;11:09:17.975;FGBS SI 20250606 PS;SIMPLE_INSTRUMENT;EFP_FIN;EUR;16;107.22500000;1407;EXCHANGE_LAST;;1;1;XEUR;11820391;690;
21.05.2025;11:49:53.078;FGBS SI 20250606 PS;SIMPLE_INSTRUMENT;EFP_FIN;EUR;17;107.23000000;1209;EXCHANGE_LAST;;1;1;XEUR;11820391;690;
21.05.2025;12:21:27.369;FGBS SI 20250606 PS;SIMPLE_INSTRUMENT;EFP_FIN;EUR;18;107.22000000;469;EXCHANGE_LAST;;1;1;XEUR;11820391;690;
21.05.2025;12:44:15.957;FGBS SI 20250606 PS;SIMPLE_INSTRUMENT;EFP_FIN;EUR;19;107.22500000;4126;EXCHANGE_LAST;;1;1;XEUR;11820391;690;
21.05.2025;12:49:17.588;FGBS SI 20250606 PS;SIMPLE_INSTRUMENT;EFS;EUR;20;107.23000000;5435;EXCHANGE_LAST;;1;1;XEUR;11820391;690;
21.05.2025;12:49:52.234;FGBS SI 20250606 PS;SIMPLE_INSTRUMENT;EFP_FIN;EUR;21;107.22500000;1163;EXCHANGE_LAST;;1;1;XEUR;11820391;690;
21.05.2025;12:56:16.602;FGBS SI 20250606 PS;SIMPLE_INSTRUMENT;EFP_FIN;EUR;22;107.22500000;2815;EXCHANGE_LAST;;1;1;XEUR;11820391;690;
21.05.2025;13:00:40.187;FGBS SI 20250606 PS;SIMPLE_INSTRUMENT;EFP_FIN;EUR;23;107.23000000;2454;EXCHANGE_LAST;;1;1;XEUR;11820391;690;
21.05.2025;13:02:34.840;FGBS SI 20250606 PS;SIMPLE_INSTRUMENT;EFP_FIN;EUR;24;107.23000000;2346;EXCHANGE_LAST;;1;1;XEUR;11820391;690;
21.05.2025;13:21:52.878;FGBS SI 20250606 PS;SIMPLE_INSTRUMENT;EFS;EUR;25;107.22500000;2292;EXCHANGE_LAST;;1;1;XEUR;11820391;690;
21.05.2025;13:23:56.570;FGBS SI 20250606 PS;SIMPLE_INSTRUMENT;EFP_FIN;EUR;26;107.23000000;3988;EXCHANGE_LAST;;1;1;XEUR;11820391;690;
21.05.2025;13:55:24.945;FGBS SI 20250606 PS;SIMPLE_INSTRUMENT;EFP_FIN;EUR;27;107.23000000;469;EXCHANGE_LAST;;1;1;XEUR;11820391;690;
21.05.2025;13:54:57.114;FGBS SI 20250606 PS;SIMPLE_INSTRUMENT;EFP_FIN;EUR;28;107.23000000;263;EXCHANGE_LAST;;1;1;XEUR;11820391;690;
21.05.2025;14:11:31.534;FGBS SI 20250606 PS;SIMPLE_INSTRUMENT;EFP_FIN;EUR;29;107.22000000;298;EXCHANGE_LAST;;1;1;XEUR;11820391;690;
21.05.2025;15:07:24.773;FGBS SI 20250606 PS;SIMPLE_INSTRUMENT;BLOCK;EUR;30;107.22000000;7506;EXCHANGE_LAST;;1;1;XEUR;11820391;690;
21.05.2025;15:16:04.758;FGBS SI 20250606 PS;SIMPLE_INSTRUMENT;EFS;EUR;31;107.23000000;500;EXCHANGE_LAST;;1;1;XEUR;11820391;690;
21.05.2025;15:22:24.898;FGBS SI 20250606 PS;SIMPLE_INSTRUMENT;EFP_FIN;EUR;32;107.23000000;1876;EXCHANGE_LAST;;1;1;XEUR;11820391;690;
21.05.2025;15:36:11.652;FGBS SI 20250606 PS;SIMPLE_INSTRUMENT;EFP_FIN;EUR;33;107.21500000;1877;EXCHANGE_LAST;;1;1;XEUR;11820391;690;
21.05.2025;15:37:24.855;FGBS SI 20250606 PS;SIMPLE_INSTRUMENT;EFP_FIN;EUR;34;107.23000000;1295;EXCHANGE_LAST;;1;1;XEUR;11820391;690;
21.05.2025;15:46:41.310;FGBS SI 20250606 PS;SIMPLE_INSTRUMENT;EFS;EUR;35;107.23000000;3171;EXCHANGE_LAST;;1;1;XEUR;11820391;690;
21.05.2025;15:40:04.160;FGBS SI 20250606 PS;SIMPLE_INSTRUMENT;VOLA;EUR;268435536;107.19500000;48;EXCHANGE_LAST;;1;1;XEUR;11820391;690;
21.05.2025;07:12:08.173;FGBX SI 20250606 PS;SIMPLE_INSTRUMENT;EFS;EUR;1;118.84000000;60;EXCHANGE_LAST;;1;1;XEUR;11820392;691;
21.05.2025;07:27:20.153;FGBX SI 20250606 PS;SIMPLE_INSTRUMENT;EFS;EUR;2;118.90000000;131;EXCHANGE_LAST;;1;1;XEUR;11820392;691;
21.05.2025;07:49:26.935;FGBX SI 20250606 PS;SIMPLE_INSTRUMENT;EFP_FIN;EUR;3;118.68000000;558;EXCHANGE_LAST;;1;1;XEUR;11820392;691;
21.05.2025;07:50:16.651;FGBX SI 20250606 PS;SIMPLE_INSTRUMENT;EFP_FIN;EUR;4;118.52000000;372;EXCHANGE_LAST;;1;1;XEUR;11820392;691;
21.05.2025;07:55:08.734;FGBX SI 20250606 PS;SIMPLE_INSTRUMENT;EFP_FIN;EUR;5;118.52000000;74;EXCHANGE_LAST;;1;1;XEUR;11820392;691;
21.05.2025;08:11:43.626;FGBX SI 20250606 PS;SIMPLE_INSTRUMENT;EFP_FIN;EUR;6;118.66000000;372;EXCHANGE_LAST;;1;1;XEUR;11820392;691;
21.05.2025;08:54:24.840;FGBX SI 20250606 PS;SIMPLE_INSTRUMENT;EFS;EUR;7;118.26000000;21;EXCHANGE_LAST;;1;1;XEUR;11820392;691;
21.05.2025;08:56:11.910;FGBX SI 20250606 PS;SIMPLE_INSTRUMENT;EFS;EUR;8;118.28000000;426;EXCHANGE_LAST;;1;1;XEUR;11820392;691;
21.05.2025;09:07:53.352;FGBX SI 20250606 PS;SIMPLE_INSTRUMENT;EFS;EUR;9;118.24000000;94;EXCHANGE_LAST;;1;1;XEUR;11820392;691;
21.05.2025;09:32:16.890;FGBX SI 20250606 PS;SIMPLE_INSTRUMENT;EFP_FIN;EUR;10;118.28000000;186;EXCHANGE_LAST;;1;1;XEUR;11820392;691;
21.05.2025;10:04:15.433;FGBX SI 20250606 PS;SIMPLE_INSTRUMENT;EFP_FIN;EUR;11;118.58000000;1079;EXCHANGE_LAST;;1;1;XEUR;11820392;691;
21.05.2025;10:04:55.502;FGBX SI 20250606 PS;SIMPLE_INSTRUMENT;EFP_FIN;EUR;12;117.86000000;145;EXCHANGE_LAST;;1;1;XEUR;11820392;691;
21.05.2025;10:07:52.388;FGBX SI 20250606 PS;SIMPLE_INSTRUMENT;EFP_FIN;EUR;13;118.44000000;249;EXCHANGE_LAST;;1;1;XEUR;11820392;691;
21.05.2025;10:55:03.197;FGBX SI 20250606 PS;SIMPLE_INSTRUMENT;EFS;EUR;16;117.90000000;378;EXCHANGE_LAST;;1;1;XEUR;11820392;691;
21.05.2025;10:55:35.816;FGBX SI 20250606 PS;SIMPLE_INSTRUMENT;EFP_FIN;EUR;17;117.94000000;255;EXCHANGE_LAST;;1;1;XEUR;11820392;691;
21.05.2025;11:04:15.240;FGBX SI 20250606 PS;SIMPLE_INSTRUMENT;EFP_FIN;EUR;19;117.94000000;113;EXCHANGE_LAST;;1;1;XEUR;11820392;691;
21.05.2025;11:22:44.490;FGBX SI 20250606 PS;SIMPLE_INSTRUMENT;EFS;EUR;20;118.00000000;38;EXCHANGE_LAST;;1;1;XEUR;11820392;691;
21.05.2025;11:24:10.178;FGBX SI 20250606 PS;SIMPLE_INSTRUMENT;EFS;EUR;21;117.88000000;586;EXCHANGE_LAST;;1;1;XEUR;11820392;691;
21.05.2025;11:49:43.843;FGBX SI 20250606 PS;SIMPLE_INSTRUMENT;EFP_FIN;EUR;22;118.12000000;186;EXCHANGE_LAST;;1;1;XEUR;11820392;691;
21.05.2025;12:25:55.510;FGBX SI 20250606 PS;SIMPLE_INSTRUMENT;EFP_FIN;EUR;23;118.02000000;62;EXCHANGE_LAST;;1;1;XEUR;11820392;691;
21.05.2025;12:59:54.307;FGBX SI 20250606 PS;SIMPLE_INSTRUMENT;EFS;EUR;24;118.00000000;160;EXCHANGE_LAST;;1;1;XEUR;11820392;691;
21.05.2025;13:07:00.831;FGBX SI 20250606 PS;SIMPLE_INSTRUMENT;EFS;EUR;26;118.00000000;6;EXCHANGE_LAST;;1;1;XEUR;11820392;691;
21.05.2025;13:19:07.092;FGBX SI 20250606 PS;SIMPLE_INSTRUMENT;EFS;EUR;27;118.06000000;94;EXCHANGE_LAST;;1;1;XEUR;11820392;691;
21.05.2025;13:31:33.661;FGBX SI 20250606 PS;SIMPLE_INSTRUMENT;EFP_FIN;EUR;28;118.12000000;186;EXCHANGE_LAST;;1;1;XEUR;11820392;691;
21.05.2025;14:00:39.090;FGBX SI 20250606 PS;SIMPLE_INSTRUMENT;EFP_FIN;EUR;31;118.28000000;148;EXCHANGE_LAST;;1;1;XEUR;11820392;691;
21.05.2025;14:04:48.930;FGBX SI 20250606 PS;SIMPLE_INSTRUMENT;EFP_FIN;EUR;32;118.00000000;106;EXCHANGE_LAST;;1;1;XEUR;11820392;691;
21.05.2025;14:24:14.170;FGBX SI 20250606 PS;SIMPLE_INSTRUMENT;EFS;EUR;34;118.48000000;213;EXCHANGE_LAST;;1;1;XEUR;11820392;691;
21.05.2025;14:39:26.955;FGBX SI 20250606 PS;SIMPLE_INSTRUMENT;EFS;EUR;40;117.92000000;214;EXCHANGE_LAST;;1;1;XEUR;11820392;691;
21.05.2025;14:54:05.969;FGBX SI 20250606 PS;SIMPLE_INSTRUMENT;BLOCK;EUR;42;118.34000000;170;EXCHANGE_LAST;;1;1;XEUR;11820392;691;
21.05.2025;16:03:01.283;FGBX SI 20250606 PS;SIMPLE_INSTRUMENT;EFS;EUR;44;118.30000000;94;EXCHANGE_LAST;;1;1;XEUR;11820392;691;
21.05.2025;14:24:13.518;FIA5 SI 20250619 PS AM P 11.00 0;SIMPLE_INSTRUMENT;BLOCK;EUR;16;1.58000000;1000;EXCHANGE_LAST;;1;1;XEUR;11340123;48227;
21.05.2025;11:41:31.022;FIN SI 20260320 PS AM P 52.00 0;SIMPLE_INSTRUMENT;BLOCK;CHF;23;1.90000000;450;EXCHANGE_LAST;;1;1;XEUR;13005104;671;
21.05.2025;11:51:40.708;FIN SI 20250815 PS AM P 58.00 0;SIMPLE_INSTRUMENT;BLOCK;CHF;25;1.25000000;200;EXCHANGE_LAST;;1;1;XEUR;13410753;671;
21.05.2025;06:31:21.813;FMAE SI 20250620 CS;SIMPLE_INSTRUMENT;BLOCK;EUR;17;401.67000000;743;EXCHANGE_LAST;;1;1;XEUR;7939684;48921;
21.05.2025;02:40:34.974;FMCH SI 20250620 CS;SIMPLE_INSTRUMENT;BLOCK;USD;5;592.49200000;530;EXCHANGE_LAST;;1;1;XEUR;7940815;402909;
21.05.2025;07:52:53.725;FMCH SI 20250620 CS;SIMPLE_INSTRUMENT;BLOCK;USD;27;597.00000000;270;EXCHANGE_LAST;;1;1;XEUR;7940815;402909;
21.05.2025;09:01:13.926;FMCH SI 20250620 CS;SIMPLE_INSTRUMENT;BLOCK;USD;28;597.45000000;152;EXCHANGE_LAST;;1;1;XEUR;7940815;402909;
21.05.2025;12:04:49.549;FME SI 20251219 PS AM P 56.00 0;SIMPLE_INSTRUMENT;BLOCK;EUR;4;6.40000000;800;EXCHANGE_LAST;;1;1;XEUR;12442230;663;
21.05.2025;00:48:58.868;FMEA SI 20250620 CS;SIMPLE_INSTRUMENT;EFP_IDX;USD;2;738.92300000;96;EXCHANGE_LAST;;1;1;XEUR;7938804;12395;
21.05.2025;06:45:25.239;FMEE SI 20250620 CS;SIMPLE_INSTRUMENT;EFP_IDX;USD;20;351.73000000;41;EXCHANGE_LAST;;1;1;XEUR;7938810;12396;
21.05.2025;09:02:44.680;FMEE SI 20250620 CS;SIMPLE_INSTRUMENT;EFP_IDX;USD;29;351.73700000;21;EXCHANGE_LAST;;1;1;XEUR;7938810;12396;
21.05.2025;13:26:02.228;FMEH SI 20250620 CS;SIMPLE_INSTRUMENT;BLOCK;EUR;57;52.88000000;600;EXCHANGE_LAST;;1;1;XEUR;11175125;660;
21.05.2025;06:27:36.404;FMEL SI 20250620 CS;SIMPLE_INSTRUMENT;BLOCK;USD;16;594.18200000;34;EXCHANGE_LAST;;1;1;XEUR;7938814;12397;
21.05.2025;06:54:13.583;FMEL SI 20250620 CS;SIMPLE_INSTRUMENT;EFP_IDX;USD;21;594.33000000;38;EXCHANGE_LAST;;1;1;XEUR;7938814;12397;
21.05.2025;07:14:22.299;FMEN SI 20250620 CS;SIMPLE_INSTRUMENT;BLOCK;EUR;22;524.77600000;20;EXCHANGE_LAST;;1;1;XEUR;7939172;30652;
21.05.2025;06:19:42.699;FMEU SI 20250620 CS;SIMPLE_INSTRUMENT;EFP_IDX;EUR;14;373.36000000;43;EXCHANGE_LAST;;1;1;XEUR;7938710;7058;
21.05.2025;06:43:16.183;FMEU SI 20250620 CS;SIMPLE_INSTRUMENT;BLOCK;EUR;19;373.56000000;500;EXCHANGE_LAST;;1;1;XEUR;7938710;7058;
21.05.2025;15:38:10.739;FMFP SI 20250919 CS;SIMPLE_INSTRUMENT;BLOCK;USD;48;2620.00000000;78;EXCHANGE_LAST;;1;1;XEUR;7411193;51999;
21.05.2025;14:47:01.194;FMGC SI 20250620 CS;SIMPLE_INSTRUMENT;BLOCK;USD;38;13900.00000000;2158;EXCHANGE_LAST;;1;1;XEUR;7939680;48916;
21.05.2025;14:47:23.629;FMGC SI 20250919 CS;SIMPLE_INSTRUMENT;BLOCK;USD;39;14069.00000000;2132;EXCHANGE_LAST;;1;1;XEUR;8428578;48916;
21.05.2025;15:27:35.302;FMGC SI 20250620 CS;SIMPLE_INSTRUMENT;BLOCK;USD;42;13900.00000000;1202;EXCHANGE_LAST;;1;1;XEUR;7939680;48916;
21.05.2025;15:27:36.353;FMGC SI 20250919 CS;SIMPLE_INSTRUMENT;BLOCK;USD;43;14069.50000000;1187;EXCHANGE_LAST;;1;1;XEUR;8428578;48916;
21.05.2025;15:31:32.566;FMGC SI 20250620 CS;SIMPLE_INSTRUMENT;BLOCK;USD;44;13900.00000000;360;EXCHANGE_LAST;;1;1;XEUR;7939680;48916;
21.05.2025;15:31:45.979;FMGC SI 20250919 CS;SIMPLE_INSTRUMENT;BLOCK;USD;45;14069.50000000;355;EXCHANGE_LAST;;1;1;XEUR;8428578;48916;
21.05.2025;15:36:31.742;FMGC SI 20250620 CS;SIMPLE_INSTRUMENT;BLOCK;USD;46;13900.00000000;1799;EXCHANGE_LAST;;1;1;XEUR;7939680;48916;
21.05.2025;15:36:22.716;FMGC SI 20250919 CS;SIMPLE_INSTRUMENT;BLOCK;USD;47;14069.50000000;1777;EXCHANGE_LAST;;1;1;XEUR;8428578;48916;
21.05.2025;15:46:54.645;FMGC SI 20250620 CS;SIMPLE_INSTRUMENT;BLOCK;USD;51;13900.00000000;2880;EXCHANGE_LAST;;1;1;XEUR;7939680;48916;
21.05.2025;15:46:57.247;FMGC SI 20250919 CS;SIMPLE_INSTRUMENT;BLOCK;USD;52;14069.50000000;2846;EXCHANGE_LAST;;1;1;XEUR;8428578;48916;
21.05.2025;16:08:40.663;FMGC SI 20250620 CS;SIMPLE_INSTRUMENT;BLOCK;USD;60;13900.00000000;180;EXCHANGE_LAST;;1;1;XEUR;7939680;48916;
21.05.2025;16:08:59.680;FMGC SI 20250919 CS;SIMPLE_INSTRUMENT;BLOCK;USD;61;14069.50000000;177;EXCHANGE_LAST;;1;1;XEUR;8428578;48916;
21.05.2025;13:49:14.362;FMGO SI 20250620 CS;SIMPLE_INSTRUMENT;BLOCK;USD;35;5605.00000000;59;EXCHANGE_LAST;;1;1;XEUR;8609371;583623;
21.05.2025;00:36:37.698;FMHK SI 20250620 CS;SIMPLE_INSTRUMENT;BLOCK;USD;1;64388.63600000;5;EXCHANGE_LAST;;1;1;XEUR;7939458;45282;
21.05.2025;01:50:20.576;FMIN SI 20250620 CS;SIMPLE_INSTRUMENT;BLOCK;USD;4;1278.74500000;50;EXCHANGE_LAST;;1;1;XEUR;7938852;12404;
21.05.2025;02:50:43.578;FMIN SI 20250620 CS;SIMPLE_INSTRUMENT;BLOCK;USD;7;1278.23100000;80;EXCHANGE_LAST;;1;1;XEUR;7938852;12404;
21.05.2025;03:05:36.634;FMIN SI 20250620 CS;SIMPLE_INSTRUMENT;BLOCK;USD;8;1278.23100000;350;EXCHANGE_LAST;;3;1;XEUR;7938852;12404;
21.05.2025;03:07:15.972;FMIN SI 20250620 CS;SIMPLE_INSTRUMENT;BLOCK;USD;9;1278.86900000;78;EXCHANGE_LAST;;1;1;XEUR;7938852;12404;
21.05.2025;01:08:14.802;FMJP SI 20250620 CS;SIMPLE_INSTRUMENT;BLOCK;USD;3;9281.16800000;1621;EXCHANGE_LAST;;1;1;XEUR;7937445;661;
21.05.2025;02:45:33.305;FMJP SI 20250620 CS;SIMPLE_INSTRUMENT;BLOCK;USD;6;9281.17200000;1000;EXCHANGE_LAST;;1;2;XEUR;7937445;661;
21.05.2025;09:20:54.469;FMJP SI 20250620 CS;SIMPLE_INSTRUMENT;BLOCK;USD;33;9282.00000000;325;EXCHANGE_LAST;;1;1;XEUR;7937445;661;
21.05.2025;09:21:35.603;FMJP SI 20250919 CS;SIMPLE_INSTRUMENT;BLOCK;USD;34;9391.52800000;321;EXCHANGE_LAST;;1;1;XEUR;8427138;661;
21.05.2025;07:33:31.711;FMMU SI 20250620 CS;SIMPLE_INSTRUMENT;EFP_IDX;EUR;25;341.01000000;100;EXCHANGE_LAST;;1;1;XEUR;7939646;48138;
21.05.2025;06:27:12.459;FMMX SI 20250620 CS;SIMPLE_INSTRUMENT;BLOCK;USD;15;747.00600000;70;EXCHANGE_LAST;;1;1;XEUR;7938855;12545;
21.05.2025;07:28:39.037;FMSC SI 20250620 CS;SIMPLE_INSTRUMENT;EFP_IDX;USD;24;731.46900000;62;EXCHANGE_LAST;;1;1;XEUR;7940363;221303;
21.05.2025;00:16:10.665;FMTW SI 20250620 CS;SIMPLE_INSTRUMENT;BLOCK;USD;1;839.72400000;620;EXCHANGE_LAST;;2;1;XEUR;7939790;51884;
21.05.2025;08:28:36.256;FMTW SI 20250620 CS;SIMPLE_INSTRUMENT;BLOCK;USD;2;839.72400000;180;EXCHANGE_LAST;;1;1;XEUR;7939790;51884;
21.05.2025;06:11:13.929;FMWN SI 20250620 CS;SIMPLE_INSTRUMENT;EFP_IDX;EUR;12;561.63000000;33;EXCHANGE_LAST;;1;1;XEUR;7939177;30654;
21.05.2025;05:57:47.162;FMWO SI 20250620 CS;SIMPLE_INSTRUMENT;BLOCK;USD;11;12377.33000000;397;EXCHANGE_LAST;;1;1;XEUR;7938711;7059;
21.05.2025;06:19:42.659;FMWO SI 20250620 CS;SIMPLE_INSTRUMENT;EFP_IDX;USD;13;12374.08000000;115;EXCHANGE_LAST;;1;1;XEUR;7938711;7059;
21.05.2025;06:34:36.797;FMWO SI 20250620 CS;SIMPLE_INSTRUMENT;BLOCK;USD;18;12375.58000000;112;EXCHANGE_LAST;;1;1;XEUR;7938711;7059;
21.05.2025;07:36:21.592;FMWO SI 20250620 CS;SIMPLE_INSTRUMENT;BLOCK;USD;26;12375.58000000;241;EXCHANGE_LAST;;1;1;XEUR;7938711;7059;
21.05.2025;09:04:33.962;FMWO SI 20250620 CS;SIMPLE_INSTRUMENT;BLOCK;USD;30;12375.58000000;612;EXCHANGE_LAST;;1;1;XEUR;7938711;7059;
21.05.2025;09:06:49.386;FMWO SI 20250620 CS;SIMPLE_INSTRUMENT;EFP_IDX;USD;31;12374.58000000;37;EXCHANGE_LAST;;1;1;XEUR;7938711;7059;
21.05.2025;09:07:50.816;FMWO SI 20250620 CS;SIMPLE_INSTRUMENT;BLOCK;USD;32;12374.58000000;121;EXCHANGE_LAST;;1;1;XEUR;7938711;7059;
21.05.2025;05:55:12.189;FMWP SI 20250620 CS;SIMPLE_INSTRUMENT;EFP_IDX;USD;10;3878.78000000;280;EXCHANGE_LAST;;1;1;XEUR;7408971;30656;
21.05.2025;07:34:13.600;FOAT SI 20250606 PS;SIMPLE_INSTRUMENT;EFP_FIN;EUR;1;124.54000000;481;EXCHANGE_LAST;;1;1;XEUR;11820393;749;
21.05.2025;07:47:06.450;FOAT SI 20250606 PS;SIMPLE_INSTRUMENT;EFP_FIN;EUR;2;124.53000000;315;EXCHANGE_LAST;;1;1;XEUR;11820393;749;
21.05.2025;07:59:29.253;FOAT SI 20250606 PS;SIMPLE_INSTRUMENT;EFP_FIN;EUR;3;124.43000000;444;EXCHANGE_LAST;;1;1;XEUR;11820393;749;
21.05.2025;08:08:39.277;FOAT SI 20250606 PS;SIMPLE_INSTRUMENT;EFP_FIN;EUR;4;124.49000000;74;EXCHANGE_LAST;;1;1;XEUR;11820393;749;
21.05.2025;08:08:54.726;FOAT SI 20250606 PS;SIMPLE_INSTRUMENT;EFP_FIN;EUR;5;124.49000000;69;EXCHANGE_LAST;;1;1;XEUR;11820393;749;
21.05.2025;08:47:50.884;FOAT SI 20250606 PS;SIMPLE_INSTRUMENT;BLOCK;EUR;6;124.25000000;1000;EXCHANGE_LAST;;1;1;XEUR;11820393;749;
21.05.2025;09:26:54.337;FOAT SI 20250606 PS;SIMPLE_INSTRUMENT;EFP_FIN;EUR;7;124.45000000;413;EXCHANGE_LAST;;1;1;XEUR;11820393;749;
21.05.2025;09:34:16.949;FOAT SI 20250606 PS;SIMPLE_INSTRUMENT;EFP_FIN;EUR;8;124.04000000;283;EXCHANGE_LAST;;1;1;XEUR;11820393;749;
21.05.2025;09:38:41.355;FOAT SI 20250606 PS;SIMPLE_INSTRUMENT;BLOCK;EUR;9;124.03000000;495;EXCHANGE_LAST;;1;1;XEUR;11820393;749;
21.05.2025;09:58:04.157;FOAT SI 20250606 PS;SIMPLE_INSTRUMENT;EFP_FIN;EUR;10;124.02000000;1481;EXCHANGE_LAST;;1;1;XEUR;11820393;749;
21.05.2025;10:00:27.278;FOAT SI 20250606 PS;SIMPLE_INSTRUMENT;EFP_FIN;EUR;11;124.40000000;1576;EXCHANGE_LAST;;1;1;XEUR;11820393;749;
21.05.2025;10:04:08.050;FOAT SI 20250606 PS;SIMPLE_INSTRUMENT;EFP_FIN;EUR;12;123.98000000;788;EXCHANGE_LAST;;1;1;XEUR;11820393;749;
21.05.2025;10:09:09.753;FOAT SI 20250606 PS;SIMPLE_INSTRUMENT;EFP_FIN;EUR;14;124.26000000;2364;EXCHANGE_LAST;;1;1;XEUR;11820393;749;
21.05.2025;10:11:22.469;FOAT SI 20250606 PS;SIMPLE_INSTRUMENT;EFP_FIN;EUR;15;124.02000000;394;EXCHANGE_LAST;;1;1;XEUR;11820393;749;
21.05.2025;10:53:39.270;FOAT SI 20250606 PS;SIMPLE_INSTRUMENT;EFP_FIN;EUR;16;124.14000000;293;EXCHANGE_LAST;;1;1;XEUR;11820393;749;
21.05.2025;11:18:50.314;FOAT SI 20250606 PS;SIMPLE_INSTRUMENT;EFP_FIN;EUR;17;124.23000000;147;EXCHANGE_LAST;;1;1;XEUR;11820393;749;
21.05.2025;11:38:10.404;FOAT SI 20250606 PS;SIMPLE_INSTRUMENT;EFP_FIN;EUR;18;124.31000000;1182;EXCHANGE_LAST;;1;1;XEUR;11820393;749;
21.05.2025;11:41:18.133;FOAT SI 20250606 PS;SIMPLE_INSTRUMENT;EFP_FIN;EUR;19;124.23000000;986;EXCHANGE_LAST;;1;1;XEUR;11820393;749;
21.05.2025;12:08:15.825;FOAT SI 20250606 PS;SIMPLE_INSTRUMENT;BLOCK;EUR;20;124.24000000;296;EXCHANGE_LAST;;1;1;XEUR;11820393;749;
21.05.2025;12:09:15.297;FOAT SI 20250606 PS;SIMPLE_INSTRUMENT;EFP_FIN;EUR;21;124.20000000;1182;EXCHANGE_LAST;;1;1;XEUR;11820393;749;
21.05.2025;12:40:41.328;FOAT SI 20250606 PS;SIMPLE_INSTRUMENT;EFP_FIN;EUR;22;124.15000000;975;EXCHANGE_LAST;;1;1;XEUR;11820393;749;
21.05.2025;12:45:20.755;FOAT SI 20250606 PS;SIMPLE_INSTRUMENT;EFP_FIN;EUR;23;124.15000000;1182;EXCHANGE_LAST;;1;1;XEUR;11820393;749;
21.05.2025;12:52:07.281;FOAT SI 20250606 PS;SIMPLE_INSTRUMENT;EFP_FIN;EUR;24;124.18000000;158;EXCHANGE_LAST;;1;1;XEUR;11820393;749;
21.05.2025;12:52:17.272;FOAT SI 20250606 PS;SIMPLE_INSTRUMENT;EFP_FIN;EUR;25;124.17000000;121;EXCHANGE_LAST;;1;1;XEUR;11820393;749;
21.05.2025;12:54:04.356;FOAT SI 20250606 PS;SIMPLE_INSTRUMENT;EFP_FIN;EUR;26;124.15000000;1182;EXCHANGE_LAST;;1;1;XEUR;11820393;749;
21.05.2025;12:54:50.603;FOAT SI 20250606 PS;SIMPLE_INSTRUMENT;EFP_FIN;EUR;27;124.15000000;190;EXCHANGE_LAST;;1;1;XEUR;11820393;749;
21.05.2025;12:56:05.239;FOAT SI 20250606 PS;SIMPLE_INSTRUMENT;EFP_FIN;EUR;28;124.15000000;394;EXCHANGE_LAST;;1;1;XEUR;11820393;749;
21.05.2025;13:07:31.332;FOAT SI 20250606 PS;SIMPLE_INSTRUMENT;EFP_FIN;EUR;29;124.22000000;788;EXCHANGE_LAST;;1;1;XEUR;11820393;749;
21.05.2025;13:16:14.891;FOAT SI 20250606 PS;SIMPLE_INSTRUMENT;EFP_FIN;EUR;30;124.19000000;2364;EXCHANGE_LAST;;1;1;XEUR;11820393;749;
21.05.2025;13:21:00.137;FOAT SI 20250606 PS;SIMPLE_INSTRUMENT;EFP_FIN;EUR;31;124.19000000;2364;EXCHANGE_LAST;;1;1;XEUR;11820393;749;
21.05.2025;13:28:31.361;FOAT SI 20250606 PS;SIMPLE_INSTRUMENT;EFP_FIN;EUR;32;124.18000000;603;EXCHANGE_LAST;;1;1;XEUR;11820393;749;
21.05.2025;13:32:36.911;FOAT SI 20250606 PS;SIMPLE_INSTRUMENT;EFP_FIN;EUR;33;124.23000000;165;EXCHANGE_LAST;;1;1;XEUR;11820393;749;
21.05.2025;13:32:49.912;FOAT SI 20250606 PS;SIMPLE_INSTRUMENT;EFP_FIN;EUR;34;124.23000000;214;EXCHANGE_LAST;;1;1;XEUR;11820393;749;
21.05.2025;13:32:24.444;FOAT SI 20250606 PS;SIMPLE_INSTRUMENT;EFP_FIN;EUR;35;124.24000000;394;EXCHANGE_LAST;;1;1;XEUR;11820393;749;
21.05.2025;13:32:44.215;FOAT SI 20250606 PS;SIMPLE_INSTRUMENT;EFP_FIN;EUR;36;124.24000000;3152;EXCHANGE_LAST;;1;1;XEUR;11820393;749;
21.05.2025;13:33:10.795;FOAT SI 20250606 PS;SIMPLE_INSTRUMENT;EFP_FIN;EUR;37;124.24000000;3152;EXCHANGE_LAST;;1;1;XEUR;11820393;749;
21.05.2025;13:34:15.647;FOAT SI 20250606 PS;SIMPLE_INSTRUMENT;EFP_FIN;EUR;38;124.25000000;1576;EXCHANGE_LAST;;1;1;XEUR;11820393;749;
21.05.2025;13:37:22.051;FOAT SI 20250606 PS;SIMPLE_INSTRUMENT;EFP_FIN;EUR;39;124.23000000;123;EXCHANGE_LAST;;1;1;XEUR;11820393;749;
21.05.2025;13:41:39.702;FOAT SI 20250606 PS;SIMPLE_INSTRUMENT;EFP_FIN;EUR;40;124.32000000;276;EXCHANGE_LAST;;1;1;XEUR;11820393;749;
21.05.2025;14:04:00.332;FOAT SI 20250606 PS;SIMPLE_INSTRUMENT;EFP_FIN;EUR;41;124.34000000;86;EXCHANGE_LAST;;1;1;XEUR;11820393;749;
21.05.2025;14:05:44.451;FOAT SI 20250606 PS;SIMPLE_INSTRUMENT;EFP_FIN;EUR;42;124.34000000;124;EXCHANGE_LAST;;1;1;XEUR;11820393;749;
21.05.2025;14:06:10.869;FOAT SI 20250606 PS;SIMPLE_INSTRUMENT;EFP_FIN;EUR;43;124.22000000;394;EXCHANGE_LAST;;1;1;XEUR;11820393;749;
21.05.2025;14:12:47.464;FOAT SI 20250606 PS;SIMPLE_INSTRUMENT;EFP_FIN;EUR;44;124.31000000;175;EXCHANGE_LAST;;1;1;XEUR;11820393;749;
21.05.2025;14:13:08.721;FOAT SI 20250606 PS;SIMPLE_INSTRUMENT;EFP_FIN;EUR;45;124.31000000;211;EXCHANGE_LAST;;1;1;XEUR;11820393;749;
21.05.2025;14:15:07.477;FOAT SI 20250606 PS;SIMPLE_INSTRUMENT;EFP_FIN;EUR;46;124.32000000;1497;EXCHANGE_LAST;;1;1;XEUR;11820393;749;
21.05.2025;14:32:03.673;FOAT SI 20250606 PS;SIMPLE_INSTRUMENT;EFP_FIN;EUR;47;124.22000000;272;EXCHANGE_LAST;;1;1;XEUR;11820393;749;
21.05.2025;14:33:28.104;FOAT SI 20250606 PS;SIMPLE_INSTRUMENT;EFP_FIN;EUR;48;124.42000000;197;EXCHANGE_LAST;;1;1;XEUR;11820393;749;
21.05.2025;14:35:32.005;FOAT SI 20250606 PS;SIMPLE_INSTRUMENT;EFP_FIN;EUR;49;124.22000000;741;EXCHANGE_LAST;;1;1;XEUR;11820393;749;
21.05.2025;14:35:44.054;FOAT SI 20250606 PS;SIMPLE_INSTRUMENT;EFP_FIN;EUR;50;124.40000000;197;EXCHANGE_LAST;;1;1;XEUR;11820393;749;
21.05.2025;14:43:34.379;FOAT SI 20250606 PS;SIMPLE_INSTRUMENT;EFP_FIN;EUR;51;124.23000000;371;EXCHANGE_LAST;;1;1;XEUR;11820393;749;
21.05.2025;14:48:24.591;FOAT SI 20250606 PS;SIMPLE_INSTRUMENT;EFP_FIN;EUR;52;124.40000000;394;EXCHANGE_LAST;;1;1;XEUR;11820393;749;
21.05.2025;15:00:52.940;FOAT SI 20250606 PS;SIMPLE_INSTRUMENT;EFP_FIN;EUR;53;124.23000000;228;EXCHANGE_LAST;;1;1;XEUR;11820393;749;
21.05.2025;15:02:31.414;FOAT SI 20250606 PS;SIMPLE_INSTRUMENT;EFP_FIN;EUR;54;124.32000000;394;EXCHANGE_LAST;;1;1;XEUR;11820393;749;
21.05.2025;15:09:43.661;FOAT SI 20250606 PS;SIMPLE_INSTRUMENT;EFP_FIN;EUR;55;124.37000000;394;EXCHANGE_LAST;;1;1;XEUR;11820393;749;
21.05.2025;15:10:09.039;FOAT SI 20250606 PS;SIMPLE_INSTRUMENT;EFP_FIN;EUR;56;124.24000000;1181;EXCHANGE_LAST;;1;1;XEUR;11820393;749;
21.05.2025;15:37:24.855;FOAT SI 20250606 PS;SIMPLE_INSTRUMENT;EFP_FIN;EUR;57;124.37000000;433;EXCHANGE_LAST;;1;1;XEUR;11820393;749;
21.05.2025;15:57:58.799;FOAT SI 20250606 PS;SIMPLE_INSTRUMENT;EFP_FIN;EUR;58;124.36000000;646;EXCHANGE_LAST;;1;1;XEUR;11820393;749;
21.05.2025;13:14:42.362;FRE SI 20261218 PS AM P 28.00 0;SIMPLE_INSTRUMENT;BLOCK;EUR;8;0.86000000;1000;EXCHANGE_LAST;;1;1;XEUR;7159062;760;
21.05.2025;15:47:40.687;FSCE SI 20250620 CS;SIMPLE_INSTRUMENT;EFP_IDX;EUR;54;338.30000000;800;EXCHANGE_LAST;;1;1;XEUR;11881882;763;
21.05.2025;15:47:53.481;FSCE SI 20250620 CS;SIMPLE_INSTRUMENT;EFP_IDX;EUR;56;338.40000000;1200;EXCHANGE_LAST;;1;1;XEUR;11881882;763;
21.05.2025;15:45:34.211;FSCP SI 20250620 CS;SIMPLE_INSTRUMENT;EFP_IDX;EUR;45;355.60000000;320;EXCHANGE_LAST;;1;1;XEUR;11881879;764;
21.05.2025;15:45:50.212;FSCP SI 20250620 CS;SIMPLE_INSTRUMENT;EFP_IDX;EUR;47;355.70000000;80;EXCHANGE_LAST;;1;1;XEUR;11881879;764;
21.05.2025;15:45:12.848;FSCP SI 20250620 CS;SIMPLE_INSTRUMENT;EFP_IDX;EUR;51;355.50000000;530;EXCHANGE_LAST;;1;1;XEUR;11881879;764;
21.05.2025;15:46:21.722;FSEG SI 20250620 CS;SIMPLE_INSTRUMENT;EFP_IDX;EUR;53;204.10000000;18;EXCHANGE_LAST;;1;1;XEUR;11913120;109977;
21.05.2025;15:46:33.554;FSEG SI 20250620 CS;SIMPLE_INSTRUMENT;EFP_IDX;EUR;55;204.00000000;2;EXCHANGE_LAST;;1;1;XEUR;11913120;109977;
21.05.2025;14:35:35.636;FSMD SI 20261218 CS;SIMPLE_INSTRUMENT;BLOCK;CHF;2;384.00000000;25;EXCHANGE_LAST;;1;1;XEUR;7158862;756;
21.05.2025;15:36:14.899;FSMI SI 20250620 CS;SIMPLE_INSTRUMENT;EFP_IDX;CHF;1;12375.00000000;77;EXCHANGE_LAST;;1;1;XEUR;7904351;757;
21.05.2025;15:36:21.201;FSMI SI 20250620 CS;SIMPLE_INSTRUMENT;EFP_IDX;CHF;2;12376.00000000;43;EXCHANGE_LAST;;1;1;XEUR;7904351;757;
21.05.2025;09:42:44.320;FSMI SI 20250620 CS;SIMPLE_INSTRUMENT;VOLA;CHF;603979787;12320.00000000;24;EXCHANGE_LAST;;1;1;XEUR;7904351;757;
21.05.2025;15:49:16.841;FSMX SI 20250620 CS;SIMPLE_INSTRUMENT;EFP_IDX;EUR;59;30530.00000000;19;EXCHANGE_LAST;;1;1;XEUR;11923155;396422;
21.05.2025;15:49:16.821;FSMX SI 20250620 CS;SIMPLE_INSTRUMENT;EFP_IDX;EUR;60;30531.00000000;156;EXCHANGE_LAST;;1;1;XEUR;11923155;396422;
21.05.2025;07:17:21.726;FSSX SI 20250620 CS;SIMPLE_INSTRUMENT;BLOCK;EUR;1;233.55000000;820;EXCHANGE_LAST;;1;1;XEUR;11919748;300496;
21.05.2025;15:48:27.472;FSTB SI 20250620 CS;SIMPLE_INSTRUMENT;EFP_IDX;EUR;58;278.90000000;820;EXCHANGE_LAST;;1;1;XEUR;11881325;714;
21.05.2025;13:36:52.926;FSTH SI 20250620 CS;SIMPLE_INSTRUMENT;BLOCK;EUR;1;1054.70000000;272;EXCHANGE_LAST;;1;1;XEUR;11881327;716;
21.05.2025;15:45:16.039;FSTN SI 20250620 CS;SIMPLE_INSTRUMENT;EFP_IDX;EUR;42;814.70000000;248;EXCHANGE_LAST;;1;1;XEUR;11881318;704;
21.05.2025;15:45:07.000;FSTN SI 20250620 CS;SIMPLE_INSTRUMENT;EFP_IDX;EUR;43;814.80000000;248;EXCHANGE_LAST;;1;1;XEUR;11881318;704;
21.05.2025;15:46:07.783;FSTS SI 20250620 CS;SIMPLE_INSTRUMENT;EFP_IDX;EUR;4;495.40000000;225;EXCHANGE_LAST;;1;1;XEUR;11881321;709;
21.05.2025;15:46:15.662;FSTS SI 20250620 CS;SIMPLE_INSTRUMENT;EFP_IDX;EUR;5;495.50000000;225;EXCHANGE_LAST;;1;1;XEUR;11881321;709;
21.05.2025;15:47:04.608;FSTU SI 20250620 CS;SIMPLE_INSTRUMENT;EFP_IDX;EUR;44;445.40000000;491;EXCHANGE_LAST;;1;1;XEUR;11881333;730;
21.05.2025;15:46:48.071;FSTU SI 20250620 CS;SIMPLE_INSTRUMENT;EFP_IDX;EUR;46;445.50000000;341;EXCHANGE_LAST;;1;1;XEUR;11881333;730;
21.05.2025;14:52:22.047;FSTV SI 20250620 CS;SIMPLE_INSTRUMENT;BLOCK;EUR;3;257.90000000;350;EXCHANGE_LAST;;1;1;XEUR;11881334;731;
21.05.2025;08:42:55.366;FTE.O.250521.BER-C.000001;STANDARD_OPTION_STRATEGY;BLOCK;EUR;2;0.00000000;5000;EXCHANGE_LAST;;1;1;XEUR;72060703594264529;724;
21.05.2025;08:42:55.366;FTE SI 20250919 PS AM P 10.00 0;SIMPLE_INSTRUMENT;BLOCK;EUR;2;0.04000000;5000;PRC_DECOMP_EXCHANGE;;;;XEUR;11881730;724;EXCHANGE
21.05.2025;08:42:55.366;FTE SI 20250919 PS AM C 14.00 0;SIMPLE_INSTRUMENT;BLOCK;EUR;2;0.14000000;5000;PRC_DECOMP_EXCHANGE;;;;XEUR;11881761;724;EXCHANGE
21.05.2025;08:42:55.366;FTE SI 20250919 PS AM P 12.00 0;SIMPLE_INSTRUMENT;BLOCK;EUR;2;0.18000000;5000;PRC_DECOMP_EXCHANGE;;;;XEUR;11881743;724;EXCHANGE
21.05.2025;12:34:02.611;FTE.O.250521.STG.000002;STANDARD_OPTION_STRATEGY;BLOCK;EUR;8;1.20000000;2200;EXCHANGE_LAST;;1;1;XEUR;72060703594264530;724;
21.05.2025;12:34:02.611;FTE SI 20260320 PS AM P 13.00 0;SIMPLE_INSTRUMENT;BLOCK;EUR;8;0.82000000;2200;PRC_DECOMP_EXCHANGE;;;;XEUR;13005900;724;EXCHANGE
21.05.2025;12:34:02.611;FTE SI 20260320 PS AM C 14.00 0;SIMPLE_INSTRUMENT;BLOCK;EUR;8;0.38000000;2200;PRC_DECOMP_EXCHANGE;;;;XEUR;13005916;724;EXCHANGE
21.05.2025;14:28:41.638;FUEM SI 20250620 CS;SIMPLE_INSTRUMENT;BLOCK;USD;33;117.35000000;255;EXCHANGE_LAST;;1;1;XEUR;11949864;772680;
21.05.2025;14:02:03.172;FVS SI 20250820 CS;SIMPLE_INSTRUMENT;BLOCK;EUR;36;19.85000000;1500;EXCHANGE_LAST;;1;1;XEUR;12418107;821;
21.05.2025;14:02:06.944;FVS SI 20250618 CS;SIMPLE_INSTRUMENT;BLOCK;EUR;37;18.85000000;1000;EXCHANGE_LAST;;1;1;XEUR;12059407;821;
21.05.2025;15:17:13.768;FXXP SI 20250620 CS;SIMPLE_INSTRUMENT;BLOCK;EUR;40;553.00000000;15103;EXCHANGE_LAST;;1;1;XEUR;7904812;816;
21.05.2025;15:17:16.210;FXXP SI 20250620 CS;SIMPLE_INSTRUMENT;BLOCK;EUR;41;553.10000000;5307;EXCHANGE_LAST;;1;1;XEUR;7904812;816;
21.05.2025;15:46:16.688;FXXP SI 20250620 CS;SIMPLE_INSTRUMENT;EFP_IDX;EUR;49;553.50000000;39;EXCHANGE_LAST;;1;1;XEUR;7904812;816;
21.05.2025;15:46:36.461;FXXP SI 20250620 CS;SIMPLE_INSTRUMENT;EFP_IDX;EUR;50;553.60000000;745;EXCHANGE_LAST;;1;1;XEUR;7904812;816;
21.05.2025;15:55:42.006;FXXP SI 20250620 CS;SIMPLE_INSTRUMENT;EFP_IDX;EUR;53;553.50000000;300;EXCHANGE_LAST;;1;1;XEUR;7904812;816;
21.05.2025;15:55:31.019;FXXP SI 20250620 CS;SIMPLE_INSTRUMENT;EFP_IDX;EUR;54;553.60000000;1700;EXCHANGE_LAST;;1;1;XEUR;7904812;816;
21.05.2025;15:55:09.208;FXXP SI 20250620 CS;SIMPLE_INSTRUMENT;EFP_IDX;EUR;55;553.50000000;210;EXCHANGE_LAST;;1;1;XEUR;7904812;816;
21.05.2025;15:54:48.111;FXXP SI 20250620 CS;SIMPLE_INSTRUMENT;EFP_IDX;EUR;56;553.60000000;1190;EXCHANGE_LAST;;1;1;XEUR;7904812;816;
21.05.2025;15:54:09.390;FXXP SI 20250620 CS;SIMPLE_INSTRUMENT;EFP_IDX;EUR;57;553.50000000;10;EXCHANGE_LAST;;1;1;XEUR;7904812;816;
21.05.2025;15:54:15.744;FXXP SI 20250620 CS;SIMPLE_INSTRUMENT;EFP_IDX;EUR;58;553.60000000;98;EXCHANGE_LAST;;1;1;XEUR;7904812;816;
21.05.2025;11:14:26.299;GEBN SI 20250620 PS AM C 600.00 0;SIMPLE_INSTRUMENT;BLOCK;CHF;20;14.80000000;1000;EXCHANGE_LAST;;1;1;XEUR;11361972;882;
21.05.2025;13:25:24.711;GOB SI 20261218 PS AM P 88.00 0;SIMPLE_INSTRUMENT;BLOCK;EUR;12;8.75000000;300;EXCHANGE_LAST;;1;1;XEUR;7233786;874;
21.05.2025;10:44:28.490;GXI SI 20250620 PS AM C 62.00 0;SIMPLE_INSTRUMENT;BLOCK;EUR;3;2.69000000;1000;EXCHANGE_LAST;;1;1;XEUR;12762184;852;
21.05.2025;12:23:58.261;GXI SI 20250620 PS AM C 56.00 0;SIMPLE_INSTRUMENT;BLOCK;EUR;5;5.76000000;100;EXCHANGE_LAST;;1;1;XEUR;11361398;852;
21.05.2025;12:23:58.181;GXI SI 20250620 PS AM C 70.00 0;SIMPLE_INSTRUMENT;BLOCK;EUR;6;0.74000000;100;EXCHANGE_LAST;;1;1;XEUR;12762180;852;
21.05.2025;09:59:48.673;HEI SI 20271217 PS AM C 200.00 0;SIMPLE_INSTRUMENT;BLOCK;EUR;2;29.00000000;150;EXCHANGE_LAST;;1;1;XEUR;12205662;839;
21.05.2025;12:48:55.477;HMI SI 20261218 PS AM C 2708.85 1;SIMPLE_INSTRUMENT;BLOCK;EUR;9;261.00000000;50;EXCHANGE_LAST;;1;1;XEUR;12578064;950;
21.05.2025;10:49:55.685;IFX SI 20250620 PS AM C 36.00 0;SIMPLE_INSTRUMENT;BLOCK;EUR;5;0.72000000;2000;EXCHANGE_LAST;;1;1;XEUR;7905932;902;
21.05.2025;10:51:19.944;IFX SI 20250620 PS AM C 36.00 0;SIMPLE_INSTRUMENT;BLOCK;EUR;6;0.72000000;1000;EXCHANGE_LAST;;1;1;XEUR;7905932;902;
21.05.2025;13:02:03.546;IFX SI 20291221 PS AM P 24.00 0;SIMPLE_INSTRUMENT;BLOCK;EUR;12;4.17000000;1000;EXCHANGE_LAST;;1;1;XEUR;12445170;902;
21.05.2025;13:05:09.588;INN.O.250521.STG.000004;STANDARD_OPTION_STRATEGY;BLOCK;EUR;7;2.73000000;2500;EXCHANGE_LAST;;1;1;XEUR;72061949134786449;1014;
21.05.2025;13:05:09.588;INN SI 20260320 PS AM C 19.00 0;SIMPLE_INSTRUMENT;BLOCK;EUR;7;1.84000000;2500;PRC_DECOMP_EXCHANGE;;;;XEUR;13009791;1014;EXCHANGE
21.05.2025;13:05:09.588;INN SI 20260320 PS AM P 17.00 0;SIMPLE_INSTRUMENT;BLOCK;EUR;7;0.89000000;2500;PRC_DECOMP_EXCHANGE;;;;XEUR;13009797;1014;EXCHANGE
21.05.2025;13:11:40.670;INN.O.250521.STG.000004;STANDARD_OPTION_STRATEGY;BLOCK;EUR;8;2.74000000;2500;EXCHANGE_LAST;;1;1;XEUR;72061949134786449;1014;
21.05.2025;13:11:40.670;INN SI 20260320 PS AM P 17.00 0;SIMPLE_INSTRUMENT;BLOCK;EUR;8;0.89000000;2500;PRC_DECOMP_MEMBER;;;;XEUR;13009797;1014;MEMBER
21.05.2025;13:11:40.670;INN SI 20260320 PS AM C 19.00 0;SIMPLE_INSTRUMENT;BLOCK;EUR;8;1.85000000;2500;PRC_DECOMP_MEMBER;;;;XEUR;13009791;1014;MEMBER
21.05.2025;14:18:29.230;INN.O.250521.STG.000004;STANDARD_OPTION_STRATEGY;BLOCK;EUR;14;2.73000000;2500;EXCHANGE_LAST;;1;1;XEUR;72061949134786449;1014;
21.05.2025;14:18:29.230;INN SI 20260320 PS AM P 17.00 0;SIMPLE_INSTRUMENT;BLOCK;EUR;14;0.89000000;2500;PRC_DECOMP_MEMBER;;;;XEUR;13009797;1014;MEMBER
21.05.2025;14:18:29.230;INN SI 20260320 PS AM C 19.00 0;SIMPLE_INSTRUMENT;BLOCK;EUR;14;1.84000000;2500;PRC_DECOMP_MEMBER;;;;XEUR;13009791;1014;MEMBER
21.05.2025;14:43:05.961;KNIE SI 20250620 PS EU C 200.00 0;SIMPLE_INSTRUMENT;BLOCK;CHF;53;2.95000000;150;EXCHANGE_LAST;;1;1;XEUR;10908081;791683;
21.05.2025;08:52:43.033;KNIN SI 20250919 PS AM P 190.00 0;SIMPLE_INSTRUMENT;BLOCK;CHF;6;9.60000000;1000;EXCHANGE_LAST;;1;2;XEUR;11886803;1091;
21.05.2025;12:01:16.072;KNIN SI 20250718 PS AM P 178.00 0;SIMPLE_INSTRUMENT;BLOCK;CHF;27;2.75000000;250;EXCHANGE_LAST;;1;1;XEUR;13246989;1091;
21.05.2025;09:40:48.757;LHA SI 20260320 PS AM C 7.20 0;SIMPLE_INSTRUMENT;BLOCK;EUR;4;0.57000000;2500;EXCHANGE_LAST;;1;1;XEUR;13011484;1126;
21.05.2025;09:40:55.322;LHA SI 20260320 PS AM C 7.20 0;SIMPLE_INSTRUMENT;BLOCK;EUR;5;0.58000000;2500;EXCHANGE_LAST;;1;1;XEUR;13011484;1126;
21.05.2025;09:58:49.978;LHA SI 20250620 PS AM C 7.00 0;SIMPLE_INSTRUMENT;BLOCK;EUR;6;0.08000000;7153;EXCHANGE_LAST;;1;1;XEUR;12762423;1126;
21.05.2025;09:59:10.983;LHA SI 20250620 PS AM C 7.00 0;SIMPLE_INSTRUMENT;BLOCK;EUR;7;0.07000000;2847;EXCHANGE_LAST;;1;1;XEUR;12762423;1126;
21.05.2025;12:47:33.154;LHA SI 20250620 PS AM C 7.00 0;SIMPLE_INSTRUMENT;BLOCK;EUR;9;0.10000000;1185;EXCHANGE_LAST;;1;1;XEUR;12762423;1126;
21.05.2025;12:47:22.669;LHA SI 20250620 PS AM C 7.40 0;SIMPLE_INSTRUMENT;BLOCK;EUR;10;0.04000000;1300;EXCHANGE_LAST;;1;1;XEUR;13011677;1126;
21.05.2025;12:47:11.719;LHA SI 20250620 PS AM C 7.00 0;SIMPLE_INSTRUMENT;BLOCK;EUR;11;0.09000000;1115;EXCHANGE_LAST;;1;1;XEUR;12762423;1126;
21.05.2025;12:46:55.906;LHA SI 20250620 PS AM C 7.40 0;SIMPLE_INSTRUMENT;BLOCK;EUR;12;0.03000000;1000;EXCHANGE_LAST;;1;1;XEUR;13011677;1126;
21.05.2025;12:55:43.432;LHA SI 20250620 PS AM C 7.30 0;SIMPLE_INSTRUMENT;BLOCK;EUR;15;0.04000000;2940;EXCHANGE_LAST;;1;1;XEUR;13011719;1126;
21.05.2025;12:55:43.442;LHA SI 20250620 PS AM C 7.30 0;SIMPLE_INSTRUMENT;BLOCK;EUR;16;0.07000000;1960;EXCHANGE_LAST;;1;1;XEUR;13011719;1126;
21.05.2025;12:56:02.994;LHA SI 20250620 PS AM C 6.70 0;SIMPLE_INSTRUMENT;BLOCK;EUR;17;0.20000000;4900;EXCHANGE_LAST;;1;1;XEUR;12762427;1126;
21.05.2025;12:21:32.176;LXS SI 20250620 PS AM C 32.00 0;SIMPLE_INSTRUMENT;BLOCK;EUR;10;0.16000000;2600;EXCHANGE_LAST;;1;3;XEUR;7906887;1024;
21.05.2025;12:22:03.558;MU2G SI 20250620 CS;SIMPLE_INSTRUMENT;BLOCK;EUR;35;583.52790000;17255;EXCHANGE_LAST;;1;1;XEUR;11181875;1230;
21.05.2025;12:22:17.998;MU2P SI 20250620 PS;SIMPLE_INSTRUMENT;BLOCK;EUR;37;583.47620000;17255;EXCHANGE_LAST;;1;1;XEUR;11198889;124279;
21.05.2025;13:06:38.133;N2ES SI 20250919 CS;SIMPLE_INSTRUMENT;BLOCK;CHF;50;3.05000000;170;EXCHANGE_LAST;;1;1;XEUR;11369141;1240;
21.05.2025;14:49:13.430;NESE SI 20250919 PS EU C 70.00 0;SIMPLE_INSTRUMENT;BLOCK;CHF;54;18.59000000;1500;EXCHANGE_LAST;;1;1;XEUR;12331623;1257;
21.05.2025;13:05:29.021;NESG.S.JUN25.SEP25.SPD;FUTURES_SPREAD;BLOCK;CHF;55;0.01000000;2500;EXCHANGE_LAST;;1;1;XEUR;72062988516854124;1256;
21.05.2025;13:05:29.021;NESG SI 20250620 CS;SIMPLE_INSTRUMENT;BLOCK;CHF;55;88.10000000;2500;PRC_DECOMP_MEMBER;;;;XEUR;11182429;1256;MEMBER
21.05.2025;13:05:29.021;NESG SI 20250919 CS;SIMPLE_INSTRUMENT;BLOCK;CHF;55;88.09000000;2500;PRC_DECOMP_MEMBER;;;;XEUR;11712696;1256;MEMBER
21.05.2025;08:04:59.403;NESN.O.250521.PDIA.000012;STANDARD_OPTION_STRATEGY;BLOCK;CHF;2;2.23000000;750;EXCHANGE_LAST;;1;1;XEUR;72063018581707208;1263;
21.05.2025;08:04:59.403;NESN SI 20251219 PS AM P 86.00 0;SIMPLE_INSTRUMENT;BLOCK;CHF;2;3.45000000;750;PRC_DECOMP_MEMBER;;;;XEUR;12331643;1263;MEMBER
21.05.2025;08:04:59.403;NESN SI 20250919 PS AM P 82.00 0;SIMPLE_INSTRUMENT;BLOCK;CHF;2;1.22000000;750;PRC_DECOMP_MEMBER;;;;XEUR;12331540;1263;MEMBER
21.05.2025;09:15:53.728;NESN SI 20250620 PS AM P 80.00 0;SIMPLE_INSTRUMENT;BLOCK;CHF;9;0.19000000;1000;EXCHANGE_LAST;;1;1;XEUR;11370065;1263;
21.05.2025;11:41:44.214;NESN SI 20251219 PS AM P 75.00 0;SIMPLE_INSTRUMENT;BLOCK;CHF;21;0.87000000;1000;EXCHANGE_LAST;;1;1;XEUR;12331744;1263;
21.05.2025;11:43:17.943;NESN SI 20251219 PS AM P 82.00 0;SIMPLE_INSTRUMENT;BLOCK;CHF;24;2.10000000;2000;EXCHANGE_LAST;;1;1;XEUR;12331658;1263;
21.05.2025;13:50:09.539;NESN SI 20260320 PS AM P 84.00 0;SIMPLE_INSTRUMENT;BLOCK;CHF;46;3.39000000;1300;EXCHANGE_LAST;;1;1;XEUR;13015831;1263;
21.05.2025;15:07:05.488;NESN.O.250521.BLT.000026;STANDARD_OPTION_STRATEGY;BLOCK;CHF;55;2.22000000;750;EXCHANGE_LAST;;1;1;XEUR;72063018581707222;1263;
21.05.2025;15:07:05.488;NESN SI 20260619 PS AM C 92.00 0;SIMPLE_INSTRUMENT;BLOCK;CHF;55;3.86000000;750;PRC_DECOMP_EXCHANGE;;;;XEUR;9559450;1263;EXCHANGE
21.05.2025;15:07:05.488;NESN SI 20250919 PS AM C 92.00 0;SIMPLE_INSTRUMENT;BLOCK;CHF;55;1.64000000;750;PRC_DECOMP_EXCHANGE;;;;XEUR;11891517;1263;EXCHANGE
21.05.2025;11:13:38.787;NOVE SI 20250620 PS EU P 92.00 0;SIMPLE_INSTRUMENT;BLOCK;CHF;19;1.53000000;1700;EXCHANGE_LAST;;2;1;XEUR;10038275;724744;
21.05.2025;13:32:15.787;NOVE.O.250521.BER.000001;STANDARD_OPTION_STRATEGY;BLOCK;CHF;38;1.18000000;1000;EXCHANGE_LAST;;1;1;XEUR;75170345815907127;724744;
21.05.2025;13:32:15.787;NOVE SI 20250620 PS EU P 84.00 0;SIMPLE_INSTRUMENT;BLOCK;CHF;38;0.18000000;1000;PRC_DECOMP_EXCHANGE;;;;XEUR;10038349;724744;EXCHANGE
21.05.2025;13:32:15.787;NOVE SI 20250620 PS EU P 92.00 0;SIMPLE_INSTRUMENT;BLOCK;CHF;38;1.36000000;1000;PRC_DECOMP_EXCHANGE;;;;XEUR;10038275;724744;EXCHANGE
21.05.2025;13:58:20.344;NOVE SI 20250620 PS EU P 92.00 0;SIMPLE_INSTRUMENT;BLOCK;CHF;43;1.53000000;500;EXCHANGE_LAST;;1;1;XEUR;10038275;724744;
21.05.2025;11:21:57.909;NOVN SI 20250620 PS AM C 98.00 0;SIMPLE_INSTRUMENT;BLOCK;CHF;18;0.39000000;750;EXCHANGE_LAST;;1;1;XEUR;11799468;724745;
21.05.2025;12:00:31.490;NOVN SI 20250620 PS AM P 90.00 0;SIMPLE_INSTRUMENT;BLOCK;CHF;29;0.91000000;2500;EXCHANGE_LAST;;1;1;XEUR;10239711;724745;
21.05.2025;13:32:29.813;NOVN SI 20250620 PS AM C 98.00 0;SIMPLE_INSTRUMENT;BLOCK;CHF;41;0.49000000;1000;EXCHANGE_LAST;;1;1;XEUR;11799468;724745;
21.05.2025;15:32:45.832;NOVN SI 20260320 PS AM P 84.00 0;SIMPLE_INSTRUMENT;BLOCK;CHF;57;3.27000000;1250;EXCHANGE_LAST;;2;1;XEUR;13057414;724745;
21.05.2025;13:50:15.971;OBTP.O.250521.BER.000006;STANDARD_OPTION_STRATEGY;BLOCK;EUR;63;0.37000000;1000;EXCHANGE_LAST;;1;1;XEUR;72310189654566978;58812;
21.05.2025;13:50:15.971;OBTP SI 20250620 PS AM P 118.00 0;SIMPLE_INSTRUMENT;BLOCK;EUR;63;0.40000000;1000;PRC_DECOMP_EXCHANGE;;;;XEUR;13035277;58812;EXCHANGE
21.05.2025;13:50:15.971;OBTP SI 20250620 PS AM P 115.00 0;SIMPLE_INSTRUMENT;BLOCK;EUR;63;0.03000000;1000;PRC_DECOMP_EXCHANGE;;;;XEUR;13035304;58812;EXCHANGE
21.05.2025;15:24:51.578;OBTP.O.250521.BUL.000007;STANDARD_OPTION_STRATEGY;BLOCK;EUR;78;0.65000000;575;EXCHANGE_LAST;;1;1;XEUR;72310189654566979;58812;
21.05.2025;15:24:51.578;OBTP SI 20250822 PS AM C 125.00 0;SIMPLE_INSTRUMENT;BLOCK;EUR;78;0.23000000;575;PRC_DECOMP_EXCHANGE;;;;XEUR;12841542;58812;EXCHANGE
21.05.2025;15:24:51.578;OBTP SI 20250822 PS AM C 121.00 0;SIMPLE_INSTRUMENT;BLOCK;EUR;78;0.88000000;575;PRC_DECOMP_EXCHANGE;;;;XEUR;12841558;58812;EXCHANGE
21.05.2025;09:22:22.598;OBTP.V.250521.PUT+U.000004;OPTION_VOLATILITY_STRATEGY;BLOCK;EUR;268435476;0.07000000;1;EXCHANGE_LAST;;1;1;XEUR;72310189654566976;58812;
21.05.2025;09:22:22.598;FBTP SI 20250606 PS;SIMPLE_INSTRUMENT;BLOCK;EUR;268435476;119.39000000;15;PRC_DECOMP_EXCHANGE;;;;XEUR;11820365;58812;EXCHANGE
21.05.2025;09:22:22.598;OBTP SI 20250523 PS AM P 118.50 0;SIMPLE_INSTRUMENT;BLOCK;EUR;268435476;0.07000000;100;PRC_DECOMP_EXCHANGE;;;;XEUR;12317410;58812;EXCHANGE
21.05.2025;10:07:55.324;OBTP.V.250521.BUL-U.000005;OPTION_VOLATILITY_STRATEGY;BLOCK;EUR;268435481;0.29000000;1;EXCHANGE_LAST;;1;1;XEUR;72310189654566977;58812;
21.05.2025;10:07:55.324;OBTP SI 20250523 PS AM C 119.00 0;SIMPLE_INSTRUMENT;BLOCK;EUR;268435481;0.52000000;100;PRC_DECOMP_EXCHANGE;;;;XEUR;12317407;58812;EXCHANGE
21.05.2025;10:07:55.324;OBTP SI 20250523 PS AM C 119.50 0;SIMPLE_INSTRUMENT;BLOCK;EUR;268435481;0.23000000;100;PRC_DECOMP_EXCHANGE;;;;XEUR;12317405;58812;EXCHANGE
21.05.2025;10:07:55.324;FBTP SI 20250606 PS;SIMPLE_INSTRUMENT;BLOCK;EUR;268435481;119.35000000;26;PRC_DECOMP_EXCHANGE;;;;XEUR;11820365;58812;EXCHANGE
21.05.2025;09:11:34.806;ODAX SI 20251219 CS EU P 21000 0;SIMPLE_INSTRUMENT;BLOCK;EUR;4;394.00000000;2250;EXCHANGE_LAST;;2;1;XEUR;10977212;1176;
21.05.2025;12:36:26.491;ODAX SI 20250815 CS EU C 25400 0;SIMPLE_INSTRUMENT;BLOCK;EUR;7;223.70000000;500;EXCHANGE_LAST;;1;1;XEUR;13417019;1176;
21.05.2025;14:51:02.773;ODAX SI 20250718 CS EU P 20600 0;SIMPLE_INSTRUMENT;BLOCK;EUR;9;70.20000000;6000;EXCHANGE_LAST;;1;1;XEUR;13249483;1176;
21.05.2025;14:51:04.496;ODAX SI 20250718 CS EU P 19050 0;SIMPLE_INSTRUMENT;BLOCK;EUR;10;34.90000000;967;EXCHANGE_LAST;;1;1;XEUR;13249178;1176;
21.05.2025;14:51:07.079;ODAX SI 20250718 CS EU P 19050 0;SIMPLE_INSTRUMENT;BLOCK;EUR;11;34.80000000;4133;EXCHANGE_LAST;;1;1;XEUR;13249178;1176;
21.05.2025;14:56:39.093;ODAX SI 20250919 CS EU P 23600 0;SIMPLE_INSTRUMENT;BLOCK;EUR;12;633.40000000;750;EXCHANGE_LAST;;1;1;XEUR;12132094;1176;
21.05.2025;14:55:50.090;ODAX SI 20250919 CS EU C 25500 0;SIMPLE_INSTRUMENT;BLOCK;EUR;13;351.10000000;500;EXCHANGE_LAST;;1;1;XEUR;12396858;1176;
21.05.2025;14:55:36.089;ODAX SI 20250919 CS EU C 25700 0;SIMPLE_INSTRUMENT;BLOCK;EUR;14;292.00000000;500;EXCHANGE_LAST;;1;1;XEUR;12935701;1176;
21.05.2025;08:08:11.420;ODAX.V.250521.CALL-U.000161;OPTION_VOLATILITY_STRATEGY;BLOCK;EUR;671088641;86.70000000;4;EXCHANGE_LAST;;1;1;XEUR;72062644920438890;1176;
21.05.2025;08:08:11.420;FDAX SI 20250620 CS;SIMPLE_INSTRUMENT;BLOCK;EUR;671088641;24100.00000000;36;PRC_DECOMP_EXCHANGE;;;;XEUR;7903800;1176;EXCHANGE
21.05.2025;08:08:11.420;ODAX SI 20250620 CS EU C 25000 0;SIMPLE_INSTRUMENT;BLOCK;EUR;671088641;86.70000000;1000;PRC_DECOMP_EXCHANGE;;;;XEUR;10989292;1176;EXCHANGE
21.05.2025;08:57:24.758;ODAX.V.250521.COMBO+U.000192;OPTION_VOLATILITY_STRATEGY;BLOCK;EUR;671088642;120.70000000;2;EXCHANGE_LAST;;1;1;XEUR;72062644920438921;1176;
21.05.2025;08:57:24.758;ODAX SI 20250620 CS EU C 25500 0;SIMPLE_INSTRUMENT;BLOCK;EUR;671088642;27.90000000;750;PRC_DECOMP_MEMBER;;;;XEUR;12396818;1176;MEMBER
21.05.2025;08:57:24.758;ODAX SI 20250620 CS EU P 23000 0;SIMPLE_INSTRUMENT;BLOCK;EUR;671088642;148.60000000;750;PRC_DECOMP_MEMBER;;;;XEUR;9849739;1176;MEMBER
21.05.2025;08:57:24.758;FDAX SI 20250620 CS;SIMPLE_INSTRUMENT;BLOCK;EUR;671088642;24040.00000000;38;PRC_DECOMP_MEMBER;;;;XEUR;7903800;1176;MEMBER
21.05.2025;09:10:52.174;ODAX.V.250521.PUT+U.000173;OPTION_VOLATILITY_STRATEGY;BLOCK;EUR;671088643;1066.00000000;6;EXCHANGE_LAST;;1;2;XEUR;72062644920438902;1176;
21.05.2025;09:10:52.174;FDAX SI 20250620 CS;SIMPLE_INSTRUMENT;BLOCK;EUR;671088643;24090.00000000;54;PRC_DECOMP_EXCHANGE;;;;XEUR;7903800;1176;EXCHANGE
21.05.2025;09:10:52.174;ODAX SI 20251219 CS EU P 24000 0;SIMPLE_INSTRUMENT;BLOCK;EUR;671088643;1066.00000000;1500;PRC_DECOMP_EXCHANGE;;;;XEUR;10977230;1176;EXCHANGE
21.05.2025;12:30:11.512;ODAX.V.250521.CDIA+U.000260;OPTION_VOLATILITY_STRATEGY;BLOCK;EUR;671088645;-23.00000000;2;EXCHANGE_LAST;;1;1;XEUR;72062644920438989;1176;
