#Date;TrdTime;Contract;ContractType;TrdTyp;Currency;TesId;Prc;Qty;TrdInd;Aggressor;Buy;Sell;Exch;InstrumentId;RelatedProdId;PrcDecomp
03.01.2025;16:33:08.400;A2SG SI 20251219 CS;SIMPLE_INSTRUMENT;BLOCK;EUR;39;1.53000000;100;EXCHANGE_LAST;;1;1;XEUR;5914262;14;
03.01.2025;10:19:30.741;A2XA SI 20261218 CS;SIMPLE_INSTRUMENT;BLOCK;EUR;3;2.09000000;1000;EXCHANGE_LAST;;1;1;XEUR;4632093;17;
03.01.2025;10:39:57.486;A2XA SI 20251219 CS;SIMPLE_INSTRUMENT;BLOCK;EUR;4;2.12000000;100;EXCHANGE_LAST;;1;1;XEUR;3681055;17;
03.01.2025;12:38:20.715;A2XA SI 20261218 CS;SIMPLE_INSTRUMENT;BLOCK;EUR;11;2.09000000;200;EXCHANGE_LAST;;1;1;XEUR;4632093;17;
03.01.2025;14:41:07.517;A3BB SI 20250321 CS;SIMPLE_INSTRUMENT;BLOCK;CHF;28;0.00100000;260;EXCHANGE_LAST;;1;1;XEUR;10457883;574519;
03.01.2025;14:42:57.753;ABBG SI 20250321 CS;SIMPLE_INSTRUMENT;BLOCK;CHF;27;49.33750000;6000;EXCHANGE_LAST;;2;1;XEUR;10736154;574520;
03.01.2025;10:27:55.544;ABBN SI 20260619 PS AM P 36.00 0;SIMPLE_INSTRUMENT;BLOCK;CHF;12;1.37000000;1250;EXCHANGE_LAST;;1;1;XEUR;9600920;574517;
03.01.2025;15:14:33.224;ADS SI 20250117 PS AM C 240.00 0;SIMPLE_INSTRUMENT;BLOCK;EUR;10;2.60000000;350;EXCHANGE_LAST;;1;1;XEUR;12067255;50;
03.01.2025;11:13:11.041;ALV SI 20250117 PS AM C 305.00 0;SIMPLE_INSTRUMENT;BLOCK;EUR;2;0.85000000;300;EXCHANGE_LAST;;1;1;XEUR;12067915;74;
03.01.2025;11:19:36.437;ALV SI 20250117 PS AM C 305.00 0;SIMPLE_INSTRUMENT;BLOCK;EUR;3;0.86000000;500;EXCHANGE_LAST;;1;1;XEUR;12067915;74;
03.01.2025;11:47:59.558;AOM SI 20261218 PS AM P 20.00 0;SIMPLE_INSTRUMENT;BLOCK;EUR;2;3.12000000;1250;EXCHANGE_LAST;;1;1;XEUR;11249317;88;
03.01.2025;12:25:29.028;B2NP SI 20281215 CS;SIMPLE_INSTRUMENT;BLOCK;EUR;10;3.15000000;159;EXCHANGE_LAST;;1;1;XEUR;7086921;131;
03.01.2025;12:39:15.571;B2NP SI 20281215 CS;SIMPLE_INSTRUMENT;BLOCK;EUR;12;3.15000000;125;EXCHANGE_LAST;;1;1;XEUR;7086921;131;
03.01.2025;14:11:49.484;B2NP SI 20261218 CS;SIMPLE_INSTRUMENT;BLOCK;EUR;22;4.39000000;100;EXCHANGE_LAST;;1;1;XEUR;6798320;131;
03.01.2025;10:22:15.897;BALN SI 20250117 PS AM C 170.00 0;SIMPLE_INSTRUMENT;BLOCK;CHF;11;0.75000000;500;EXCHANGE_LAST;;1;1;XEUR;12068641;147;
03.01.2025;13:03:27.363;BARN SI 20251219 PS AM C 1200.00 0;SIMPLE_INSTRUMENT;BLOCK;CHF;34;103.00000000;300;EXCHANGE_LAST;;1;1;XEUR;10396372;149;
03.01.2025;10:14:11.592;BAS SI 20291221 PS AM P 32.00 0;SIMPLE_INSTRUMENT;BLOCK;EUR;2;4.67000000;1000;EXCHANGE_LAST;;1;1;XEUR;12433380;150;
03.01.2025;11:25:02.129;BAS SI 20250620 PS AM P 48.00 0;SIMPLE_INSTRUMENT;BLOCK;EUR;3;7.88000000;2000;EXCHANGE_LAST;;1;1;XEUR;7898976;150;
03.01.2025;12:04:05.361;BAS SI 20250321 PS AM C 52.00 0;SIMPLE_INSTRUMENT;BLOCK;EUR;4;0.10000000;2000;EXCHANGE_LAST;;1;1;XEUR;10831049;150;
03.01.2025;15:31:56.848;BMW SI 20250321 PS AM C 83.00 0;SIMPLE_INSTRUMENT;BLOCK;EUR;18;2.25000000;2000;EXCHANGE_LAST;;1;3;XEUR;12434898;210;
03.01.2025;15:18:34.230;BOSS.O.250103.STG.000002;STANDARD_OPTION_STRATEGY;BLOCK;EUR;11;6.15000000;750;EXCHANGE_LAST;;1;1;XEUR;72058581880419546;230;
03.01.2025;15:18:34.230;BOSS SI 20250620 PS AM C 48.00 0;SIMPLE_INSTRUMENT;BLOCK;EUR;11;2.73000000;750;PRC_DECOMP_EXCHANGE;;;;XEUR;7899977;230;EXCHANGE
03.01.2025;15:18:34.230;BOSS SI 20250620 PS AM P 40.00 0;SIMPLE_INSTRUMENT;BLOCK;EUR;11;3.42000000;750;PRC_DECOMP_EXCHANGE;;;;XEUR;7899972;230;EXCHANGE
03.01.2025;10:26:11.482;CBK.O.250103.COMBO.000003;STANDARD_OPTION_STRATEGY;BLOCK;EUR;2;0.31000000;15000;EXCHANGE_LAST;;1;2;XEUR;72058745089203091;268;
03.01.2025;10:26:11.482;CBK SI 20261218 PS AM P 10.00 0;SIMPLE_INSTRUMENT;BLOCK;EUR;2;0.85000000;15000;PRC_DECOMP_EXCHANGE;;;;XEUR;7154955;268;EXCHANGE
03.01.2025;10:26:11.482;CBK SI 20261218 PS AM C 24.00 0;SIMPLE_INSTRUMENT;BLOCK;EUR;2;0.54000000;15000;PRC_DECOMP_EXCHANGE;;;;XEUR;10982475;268;EXCHANGE
03.01.2025;13:11:36.361;CBK SI 20250919 PS AM P 13.00 0;SIMPLE_INSTRUMENT;BLOCK;EUR;6;0.76000000;3750;EXCHANGE_LAST;;1;1;XEUR;11875749;268;
03.01.2025;10:24:59.357;CFR SI 20250321 PS AM P 130.00 0;SIMPLE_INSTRUMENT;BLOCK;CHF;10;4.70000000;400;EXCHANGE_LAST;;1;1;XEUR;10834892;313;
03.01.2025;11:59:06.042;CFR SI 20250321 PS AM P 132.00 0;SIMPLE_INSTRUMENT;BLOCK;CHF;28;5.32000000;500;EXCHANGE_LAST;;1;1;XEUR;11876482;313;
03.01.2025;11:59:08.429;CFR SI 20250321 PS AM C 142.00 0;SIMPLE_INSTRUMENT;BLOCK;CHF;29;4.81000000;500;EXCHANGE_LAST;;1;1;XEUR;12209368;313;
03.01.2025;12:25:47.100;CFR.O.250103.STG.000011;STANDARD_OPTION_STRATEGY;BLOCK;CHF;30;13.01000000;400;EXCHANGE_LAST;;1;1;XEUR;72058938362728254;313;
03.01.2025;12:25:47.100;CFR SI 20250620 PS AM P 130.00 0;SIMPLE_INSTRUMENT;BLOCK;CHF;30;7.75000000;400;PRC_DECOMP_EXCHANGE;;;;XEUR;11273453;313;EXCHANGE
03.01.2025;12:25:47.100;CFR SI 20250620 PS AM C 150.00 0;SIMPLE_INSTRUMENT;BLOCK;CHF;30;5.26000000;400;PRC_DECOMP_EXCHANGE;;;;XEUR;11354572;313;EXCHANGE
03.01.2025;13:11:21.267;CFR SI 20250919 PS AM P 120.00 0;SIMPLE_INSTRUMENT;BLOCK;CHF;35;6.85000000;500;EXCHANGE_LAST;;1;1;XEUR;11876511;313;
03.01.2025;13:42:19.713;CFR SI 20251219 PS AM P 130.00 0;SIMPLE_INSTRUMENT;BLOCK;CHF;39;13.10000000;300;EXCHANGE_LAST;;1;1;XEUR;10944845;313;
03.01.2025;14:59:38.824;CFR SI 20250117 PS AM C 140.00 0;SIMPLE_INSTRUMENT;BLOCK;CHF;52;1.97000000;600;EXCHANGE_LAST;;2;1;XEUR;12071497;313;
03.01.2025;10:06:40.261;CLN SI 20250620 PS AM P 9.00 0;SIMPLE_INSTRUMENT;BLOCK;CHF;9;0.34000000;4000;EXCHANGE_LAST;;1;1;XEUR;10619810;296;
03.01.2025;13:14:29.315;CRI5.O.250103.PDIA.000002;STANDARD_OPTION_STRATEGY;BLOCK;EUR;3;1.37000000;3000;EXCHANGE_LAST;;1;1;XEUR;72058968427474643;320;
03.01.2025;13:14:29.315;CRI5 SI 20251218 PS AM P 30.00 0;SIMPLE_INSTRUMENT;BLOCK;EUR;3;1.63800000;3000;PRC_DECOMP_EXCHANGE;;;;XEUR;12420969;320;EXCHANGE
03.01.2025;13:14:29.315;CRI5 SI 20250619 PS AM P 24.00 0;SIMPLE_INSTRUMENT;BLOCK;EUR;3;0.26800000;3000;PRC_DECOMP_EXCHANGE;;;;XEUR;8628038;320;EXCHANGE
03.01.2025;09:12:05.853;D3AI SI 20251219 CS;SIMPLE_INSTRUMENT;BLOCK;EUR;1;3.95000000;100;EXCHANGE_LAST;;2;1;XEUR;7144062;443197;
03.01.2025;09:33:44.122;D3AI SI 20261218 CS;SIMPLE_INSTRUMENT;BLOCK;EUR;2;2.85000000;250;EXCHANGE_LAST;;2;1;XEUR;7144051;443197;
03.01.2025;09:48:00.917;DAI.O.250103.BUL.000007;STANDARD_OPTION_STRATEGY;BLOCK;EUR;6;0.39000000;1000;EXCHANGE_LAST;;1;1;XEUR;73961106363663513;443196;
03.01.2025;09:48:00.917;DAI SI 20250321 PS AM C 64.00 0;SIMPLE_INSTRUMENT;BLOCK;EUR;6;0.24000000;1000;PRC_DECOMP_EXCHANGE;;;;XEUR;10884524;443196;EXCHANGE
03.01.2025;09:48:00.917;DAI SI 20250321 PS AM C 60.00 0;SIMPLE_INSTRUMENT;BLOCK;EUR;6;0.63000000;1000;PRC_DECOMP_EXCHANGE;;;;XEUR;10884520;443196;EXCHANGE
03.01.2025;14:38:01.247;DAI.O.250103.IRTSP.000008;STANDARD_OPTION_STRATEGY;BLOCK;EUR;14;-5.45000000;3000;EXCHANGE_LAST;;1;1;XEUR;73961106363663514;443196;
03.01.2025;14:38:01.247;DAI SI 20250321 PS AM C 60.00 0;SIMPLE_INSTRUMENT;BLOCK;EUR;14;0.61000000;3000;PRC_DECOMP_EXCHANGE;;;;XEUR;10884520;443196;EXCHANGE
03.01.2025;14:38:01.247;DAI SI 20251219 PS AM P 52.00 0;SIMPLE_INSTRUMENT;BLOCK;EUR;14;6.06000000;3000;PRC_DECOMP_EXCHANGE;;;;XEUR;7144530;443196;EXCHANGE
03.01.2025;13:18:05.759;DBK.O.250103.PDIA.000011;STANDARD_OPTION_STRATEGY;BLOCK;EUR;7;-0.41000000;4500;EXCHANGE_LAST;;1;1;XEUR;72059148816160120;362;
03.01.2025;13:18:05.759;DBK SI 20250919 PS AM P 14.00 0;SIMPLE_INSTRUMENT;BLOCK;EUR;7;0.67000000;4500;PRC_DECOMP_EXCHANGE;;;;XEUR;11877413;362;EXCHANGE
03.01.2025;13:18:05.759;DBK SI 20251219 PS AM P 10.00 0;SIMPLE_INSTRUMENT;BLOCK;EUR;7;0.26000000;4500;PRC_DECOMP_EXCHANGE;;;;XEUR;5926086;362;EXCHANGE
03.01.2025;08:47:41.839;DPW SI 20291221 PS AM P 32.00 0;SIMPLE_INSTRUMENT;BLOCK;EUR;1;5.85000000;1000;EXCHANGE_LAST;;1;1;XEUR;12439590;445;
03.01.2025;10:39:47.199;DTE.O.250103.STG.000005;STANDARD_OPTION_STRATEGY;BLOCK;EUR;4;0.86000000;2500;EXCHANGE_LAST;;1;1;XEUR;72059415104107265;424;
03.01.2025;10:39:47.199;DTE SI 20250321 PS AM P 28.50 0;SIMPLE_INSTRUMENT;BLOCK;EUR;4;0.49000000;2500;PRC_DECOMP_EXCHANGE;;;;XEUR;11813491;424;EXCHANGE
03.01.2025;10:39:47.199;DTE SI 20250321 PS AM C 31.00 0;SIMPLE_INSTRUMENT;BLOCK;EUR;4;0.37000000;2500;PRC_DECOMP_EXCHANGE;;;;XEUR;12439173;424;EXCHANGE
03.01.2025;10:39:55.400;DTE.O.250103.STG.000005;STANDARD_OPTION_STRATEGY;BLOCK;EUR;5;0.87000000;2500;EXCHANGE_LAST;;1;1;XEUR;72059415104107265;424;
03.01.2025;10:39:55.400;DTE SI 20250321 PS AM C 31.00 0;SIMPLE_INSTRUMENT;BLOCK;EUR;5;0.38000000;2500;PRC_DECOMP_EXCHANGE;;;;XEUR;12439173;424;EXCHANGE
03.01.2025;10:39:55.400;DTE SI 20250321 PS AM P 28.50 0;SIMPLE_INSTRUMENT;BLOCK;EUR;5;0.49000000;2500;PRC_DECOMP_EXCHANGE;;;;XEUR;11813491;424;EXCHANGE
03.01.2025;15:16:14.834;DTE.O.250103.BRT.000007;STANDARD_OPTION_STRATEGY;BLOCK;EUR;13;0.34000000;5000;EXCHANGE_LAST;;1;1;XEUR;72059415104107267;424;
03.01.2025;15:16:14.834;DTE SI 20250221 PS AM P 29.50 0;SIMPLE_INSTRUMENT;BLOCK;EUR;13;0.73000000;5000;PRC_DECOMP_MEMBER;;;;XEUR;12242903;424;MEMBER
03.01.2025;15:16:14.834;DTE SI 20250117 PS AM P 29.50 0;SIMPLE_INSTRUMENT;BLOCK;EUR;13;0.39000000;5000;PRC_DECOMP_MEMBER;;;;XEUR;12072905;424;MEMBER
03.01.2025;16:07:58.373;DTE SI 20250117 PS AM C 29.50 0;SIMPLE_INSTRUMENT;BLOCK;EUR;14;0.30000000;2500;EXCHANGE_LAST;;1;1;XEUR;12072869;424;
03.01.2025;15:16:47.023;E2DS SI 20250321 CS;SIMPLE_INSTRUMENT;BLOCK;EUR;33;0.50000000;1760;EXCHANGE_LAST;;1;1;XEUR;10442191;151299;
03.01.2025;13:58:22.718;E2NT SI 20261218 CS;SIMPLE_INSTRUMENT;BLOCK;EUR;18;0.96500000;100;EXCHANGE_LAST;;1;1;XEUR;4632357;470;
03.01.2025;15:16:21.154;EDSF SI 20250321 CS;SIMPLE_INSTRUMENT;BLOCK;EUR;32;20.77890000;20000;EXCHANGE_LAST;;1;1;XEUR;10732784;377920;
03.01.2025;10:04:04.583;ENR SI 20251219 PS AM P 44.00 0;SIMPLE_INSTRUMENT;BLOCK;EUR;3;6.25000000;600;EXCHANGE_LAST;;1;1;XEUR;11109009;298530;
03.01.2025;14:10:44.977;ENR SI 20250321 PS AM C 36.00 0;SIMPLE_INSTRUMENT;BLOCK;EUR;9;15.50000000;9843;EXCHANGE_LAST;;1;1;XEUR;11128504;298530;
03.01.2025;14:11:07.330;ENR SI 20250321 PS AM C 38.00 0;SIMPLE_INSTRUMENT;BLOCK;EUR;10;13.75000000;9843;EXCHANGE_LAST;;1;1;XEUR;11142553;298530;
03.01.2025;12:40:52.079;ENT5 SI 20250116 PS AM C 13.60 0;SIMPLE_INSTRUMENT;BLOCK;EUR;1;0.13500000;250;EXCHANGE_LAST;;1;1;XEUR;12061993;497;
03.01.2025;15:42:21.030;ENUR SI 20250117 PS AM C 10.20 0;SIMPLE_INSTRUMENT;BLOCK;EUR;6;0.10000000;3690;EXCHANGE_LAST;;1;1;XEUR;12440758;498;
03.01.2025;14:46:54.708;EOA SI 20250117 PS AM C 11.80 0;SIMPLE_INSTRUMENT;BLOCK;EUR;15;0.06000000;4300;EXCHANGE_LAST;;1;1;XEUR;12095209;49065;
03.01.2025;14:46:50.877;EOA SI 20250117 PS AM C 11.80 0;SIMPLE_INSTRUMENT;BLOCK;EUR;16;0.07000000;17200;EXCHANGE_LAST;;1;1;XEUR;12095209;49065;
03.01.2025;14:37:55.736;EUCO SI 20250110 PS EU P 1.0400 0;SIMPLE_INSTRUMENT;BLOCK;USD;1;0.01200000;95;EXCHANGE_LAST;;1;1;XEUR;10657034;369370;
03.01.2025;14:38:29.438;EUCO SI 20250214 PS EU P 1.0150 0;SIMPLE_INSTRUMENT;BLOCK;USD;2;0.00620000;130;EXCHANGE_LAST;;1;1;XEUR;12547160;369370;
03.01.2025;08:25:34.662;FBTP SI 20250306 PS;SIMPLE_INSTRUMENT;BLOCK;EUR;1;120.00000000;862;EXCHANGE_LAST;;1;1;XEUR;11286675;636;
03.01.2025;09:47:44.258;FBTP SI 20250306 PS;SIMPLE_INSTRUMENT;EFP_FIN;EUR;2;119.86000000;891;EXCHANGE_LAST;;1;1;XEUR;11286675;636;
03.01.2025;10:42:45.957;FBTP SI 20250306 PS;SIMPLE_INSTRUMENT;EFP_FIN;EUR;3;119.76000000;713;EXCHANGE_LAST;;1;1;XEUR;11286675;636;
03.01.2025;11:12:07.458;FBTP SI 20250306 PS;SIMPLE_INSTRUMENT;BLOCK;EUR;4;119.70000000;438;EXCHANGE_LAST;;1;1;XEUR;11286675;636;
03.01.2025;11:20:39.180;FBTP SI 20250306 PS;SIMPLE_INSTRUMENT;EFP_FIN;EUR;5;119.68000000;118;EXCHANGE_LAST;;1;1;XEUR;11286675;636;
03.01.2025;13:43:07.572;FBTP SI 20250306 PS;SIMPLE_INSTRUMENT;EFP_FIN;EUR;6;119.78000000;313;EXCHANGE_LAST;;1;1;XEUR;11286675;636;
03.01.2025;13:47:57.279;FBTP SI 20250306 PS;SIMPLE_INSTRUMENT;EFP_FIN;EUR;7;119.76000000;582;EXCHANGE_LAST;;1;1;XEUR;11286675;636;
03.01.2025;14:59:31.538;FBTP SI 20250306 PS;SIMPLE_INSTRUMENT;EFP_FIN;EUR;8;119.55000000;272;EXCHANGE_LAST;;1;1;XEUR;11286675;636;
03.01.2025;15:04:08.735;FBTP SI 20250306 PS;SIMPLE_INSTRUMENT;BLOCK;EUR;9;119.60000000;1154;EXCHANGE_LAST;;1;1;XEUR;11286675;636;
03.01.2025;08:48:38.947;FBTS SI 20250306 PS;SIMPLE_INSTRUMENT;EFP_FIN;EUR;1;107.38000000;690;EXCHANGE_LAST;;1;1;XEUR;11286677;639;
03.01.2025;08:53:06.513;FBTS SI 20250306 PS;SIMPLE_INSTRUMENT;EFP_FIN;EUR;2;107.38000000;3647;EXCHANGE_LAST;;1;1;XEUR;11286677;639;
03.01.2025;10:20:25.433;FBTS SI 20250306 PS;SIMPLE_INSTRUMENT;EFP_FIN;EUR;6;107.33000000;194;EXCHANGE_LAST;;1;1;XEUR;11286677;639;
03.01.2025;11:10:33.441;FBTS SI 20250306 PS;SIMPLE_INSTRUMENT;EFP_FIN;EUR;9;107.33000000;781;EXCHANGE_LAST;;1;1;XEUR;11286677;639;
03.01.2025;11:53:12.901;FBTS SI 20250306 PS;SIMPLE_INSTRUMENT;BLOCK;EUR;10;107.30000000;862;EXCHANGE_LAST;;1;1;XEUR;11286677;639;
03.01.2025;12:39:12.988;FBTS SI 20250306 PS;SIMPLE_INSTRUMENT;EFP_FIN;EUR;11;107.29000000;908;EXCHANGE_LAST;;1;1;XEUR;11286677;639;
03.01.2025;12:45:35.111;FBTS SI 20250306 PS;SIMPLE_INSTRUMENT;EFP_FIN;EUR;12;107.28000000;580;EXCHANGE_LAST;;1;1;XEUR;11286677;639;
03.01.2025;15:54:55.572;FBTS SI 20250306 PS;SIMPLE_INSTRUMENT;EFP_FIN;EUR;16;107.20000000;1787;EXCHANGE_LAST;;1;1;XEUR;11286677;639;
03.01.2025;16:20:32.016;FBTS SI 20250306 PS;SIMPLE_INSTRUMENT;EFP_FIN;EUR;20;107.19000000;495;EXCHANGE_LAST;;1;1;XEUR;11286677;639;
03.01.2025;13:21:11.714;FCMU SI 20250317 CS;SIMPLE_INSTRUMENT;BLOCK;USD;3;0.04800000;200;EXCHANGE_LAST;;1;1;XEUR;11329545;570874;
03.01.2025;10:13:12.082;FCPU SI 20250317 PS;SIMPLE_INSTRUMENT;BLOCK;USD;1;1.23950000;1128;EXCHANGE_LAST;;1;1;XEUR;9136249;369379;
03.01.2025;12:54:00.182;FCZU SI 20250317 CS;SIMPLE_INSTRUMENT;BLOCK;USD;2;0.05303000;125;EXCHANGE_LAST;;1;1;XEUR;11329546;570872;
03.01.2025;11:51:38.908;FDAX SI 20250321 CS;SIMPLE_INSTRUMENT;BLOCK;EUR;1;20100.00000000;500;EXCHANGE_LAST;;1;1;XEUR;7561255;589;
03.01.2025;13:33:43.022;FDAX SI 20250321 CS;SIMPLE_INSTRUMENT;EFP_IDX;EUR;2;20100.00000000;200;EXCHANGE_LAST;;1;1;XEUR;7561255;589;
03.01.2025;15:48:37.418;FDAX SI 20250321 CS;SIMPLE_INSTRUMENT;EFP_IDX;EUR;3;20045.00000000;200;EXCHANGE_LAST;;1;1;XEUR;7561255;589;
03.01.2025;16:54:52.698;FDAX SI 20250321 CS;SIMPLE_INSTRUMENT;EFP_IDX;EUR;4;20048.00000000;23;EXCHANGE_LAST;;1;1;XEUR;7561255;589;
03.01.2025;16:54:38.235;FDAX SI 20250321 CS;SIMPLE_INSTRUMENT;EFP_IDX;EUR;5;20047.00000000;17;EXCHANGE_LAST;;1;1;XEUR;7561255;589;
03.01.2025;11:32:04.199;FDAX SI 20250321 CS;SIMPLE_INSTRUMENT;VOLA;EUR;671088649;20085.00000000;3;EXCHANGE_LAST;;1;1;XEUR;7561255;589;
03.01.2025;09:32:37.181;FEBD SI 20251219 CS;SIMPLE_INSTRUMENT;BLOCK;EUR;3;10.33000000;125;EXCHANGE_LAST;;1;1;XEUR;5914075;597;
03.01.2025;09:33:02.576;FEBD SI 20251219 CS;SIMPLE_INSTRUMENT;BLOCK;EUR;4;10.34000000;125;EXCHANGE_LAST;;1;1;XEUR;5914075;597;
03.01.2025;12:13:11.461;FEBD SI 20271217 CS;SIMPLE_INSTRUMENT;BLOCK;EUR;11;8.53000000;1000;EXCHANGE_LAST;;1;1;XEUR;7776307;597;
03.01.2025;12:17:00.223;FEBD SI 20261218 CS;SIMPLE_INSTRUMENT;BLOCK;EUR;12;9.54000000;1000;EXCHANGE_LAST;;2;1;XEUR;7158212;597;
03.01.2025;12:34:49.049;FEBD SI 20261218 CS;SIMPLE_INSTRUMENT;BLOCK;EUR;13;9.58000000;500;EXCHANGE_LAST;;1;1;XEUR;7158212;597;
03.01.2025;08:19:33.577;FESB SI 20250321 CS;SIMPLE_INSTRUMENT;BLOCK;EUR;19;145.50000000;13779;EXCHANGE_LAST;;1;1;XEUR;11359072;605;
03.01.2025;08:56:25.379;FESB SI 20250321 CS;SIMPLE_INSTRUMENT;BLOCK;EUR;21;145.25000000;9405;EXCHANGE_LAST;;1;1;XEUR;11359072;605;
03.01.2025;09:05:30.766;FESB SI 20250321 CS;SIMPLE_INSTRUMENT;BLOCK;EUR;22;145.30000000;3900;EXCHANGE_LAST;;1;1;XEUR;11359072;605;
03.01.2025;10:46:24.842;FESB SI 20250321 CS;SIMPLE_INSTRUMENT;VOLA;EUR;603979785;145.00000000;200;EXCHANGE_LAST;;1;1;XEUR;11359072;605;
03.01.2025;14:48:54.421;FESK SI 20250321 CS;SIMPLE_INSTRUMENT;BLOCK;EUR;10;438.80000000;430;EXCHANGE_LAST;;1;1;XEUR;11399139;285660;
03.01.2025;11:03:50.271;FESX SI 20250321 CS;SIMPLE_INSTRUMENT;BLOCK;EUR;1;4910.00000000;4000;EXCHANGE_LAST;;1;1;XEUR;7793482;675;
03.01.2025;15:20:41.809;FESX SI 20250321 CS;SIMPLE_INSTRUMENT;EFP_IDX;EUR;2;4895.00000000;1000;EXCHANGE_LAST;;1;1;XEUR;7793482;675;
03.01.2025;16:00:03.922;FESX SI 20250321 CS;SIMPLE_INSTRUMENT;BLOCK;EUR;3;4890.00000000;2000;EXCHANGE_LAST;;1;1;XEUR;7793482;675;
03.01.2025;16:22:39.723;FESX SI 20250321 CS;SIMPLE_INSTRUMENT;BLOCK;EUR;4;4885.00000000;3000;EXCHANGE_LAST;;1;1;XEUR;7793482;675;
03.01.2025;16:25:46.784;FESX SI 20250321 CS;SIMPLE_INSTRUMENT;BLOCK;EUR;5;4885.00000000;2000;EXCHANGE_LAST;;1;1;XEUR;7793482;675;
03.01.2025;16:39:53.181;FESX SI 20250321 CS;SIMPLE_INSTRUMENT;EFP_IDX;EUR;6;4888.00000000;144;EXCHANGE_LAST;;1;1;XEUR;7793482;675;
03.01.2025;16:40:04.379;FESX SI 20250321 CS;SIMPLE_INSTRUMENT;EFP_IDX;EUR;7;4889.00000000;336;EXCHANGE_LAST;;1;1;XEUR;7793482;675;
03.01.2025;16:45:57.799;FESX SI 20250321 CS;SIMPLE_INSTRUMENT;EFP_IDX;EUR;8;4888.00000000;213;EXCHANGE_LAST;;1;1;XEUR;7793482;675;
03.01.2025;16:46:13.241;FESX SI 20250321 CS;SIMPLE_INSTRUMENT;EFP_IDX;EUR;9;4889.00000000;289;EXCHANGE_LAST;;1;1;XEUR;7793482;675;
03.01.2025;17:22:08.353;FESX SI 20250321 CS;SIMPLE_INSTRUMENT;EFP_IDX;EUR;14;4888.00000000;275;EXCHANGE_LAST;;1;1;XEUR;7793482;675;
03.01.2025;17:22:56.068;FESX SI 20250321 CS;SIMPLE_INSTRUMENT;EFP_IDX;EUR;15;4889.00000000;225;EXCHANGE_LAST;;1;1;XEUR;7793482;675;
03.01.2025;17:22:25.219;FESX SI 20250321 CS;SIMPLE_INSTRUMENT;EFP_IDX;EUR;16;4888.00000000;472;EXCHANGE_LAST;;1;1;XEUR;7793482;675;
03.01.2025;17:22:41.115;FESX SI 20250321 CS;SIMPLE_INSTRUMENT;EFP_IDX;EUR;17;4889.00000000;228;EXCHANGE_LAST;;1;1;XEUR;7793482;675;
03.01.2025;08:39:36.200;FESX SI 20250321 CS;SIMPLE_INSTRUMENT;VOLA;EUR;637534213;4925.00000000;150;EXCHANGE_LAST;;1;1;XEUR;7793482;675;
03.01.2025;09:10:55.637;FESX SI 20250321 CS;SIMPLE_INSTRUMENT;VOLA;EUR;637534220;4905.00000000;563;EXCHANGE_LAST;;1;1;XEUR;7793482;675;
03.01.2025;09:22:34.495;FESX SI 20250321 CS;SIMPLE_INSTRUMENT;VOLA;EUR;637534224;4910.00000000;212;EXCHANGE_LAST;;1;1;XEUR;7793482;675;
03.01.2025;10:51:14.521;FESX SI 20250321 CS;SIMPLE_INSTRUMENT;VOLA;EUR;637534241;4908.00000000;2119;EXCHANGE_LAST;;1;1;XEUR;7793482;675;
03.01.2025;11:11:27.696;FESX SI 20250321 CS;SIMPLE_INSTRUMENT;VOLA;EUR;637534246;4905.00000000;546;EXCHANGE_LAST;;1;1;XEUR;7793482;675;
03.01.2025;12:08:58.317;FESX SI 20250321 CS;SIMPLE_INSTRUMENT;VOLA;EUR;637534251;4913.00000000;1176;EXCHANGE_LAST;;1;1;XEUR;7793482;675;
03.01.2025;13:28:39.115;FESX SI 20250321 CS;SIMPLE_INSTRUMENT;VOLA;EUR;637534270;4907.00000000;189;EXCHANGE_LAST;;1;1;XEUR;7793482;675;
03.01.2025;15:43:17.795;FESX SI 20250321 CS;SIMPLE_INSTRUMENT;VOLA;EUR;637534305;4892.00000000;10;EXCHANGE_LAST;;1;1;XEUR;7793482;675;
03.01.2025;15:43:29.615;FESX SI 20250321 CS;SIMPLE_INSTRUMENT;VOLA;EUR;637534307;4893.00000000;10;EXCHANGE_LAST;;1;1;XEUR;7793482;675;
03.01.2025;08:11:10.022;FEXD SI 20261218 CS;SIMPLE_INSTRUMENT;BLOCK;EUR;1;153.60000000;190;EXCHANGE_LAST;;1;1;XEUR;2163053;693;
03.01.2025;09:18:56.550;FEXD SI 20281215 CS;SIMPLE_INSTRUMENT;BLOCK;EUR;2;142.90000000;100;EXCHANGE_LAST;;1;1;XEUR;3680985;693;
03.01.2025;09:53:37.719;FEXD SI 20251219 CS;SIMPLE_INSTRUMENT;BLOCK;EUR;5;158.40000000;500;EXCHANGE_LAST;;1;1;XEUR;1548120;693;
03.01.2025;13:22:22.968;FEXD SI 20251219 CS;SIMPLE_INSTRUMENT;BLOCK;EUR;15;158.50000000;100;EXCHANGE_LAST;;1;1;XEUR;1548120;693;
03.01.2025;13:22:23.171;FEXD SI 20251219 CS;SIMPLE_INSTRUMENT;BLOCK;EUR;16;158.60000000;100;EXCHANGE_LAST;;1;1;XEUR;1548120;693;
03.01.2025;14:22:13.787;FEXD.S.DEC26.DEC27.SPD;FUTURES_SPREAD;BLOCK;EUR;27;5.80000000;200;EXCHANGE_LAST;;1;1;XEUR;72060570450264153;693;
03.01.2025;14:22:13.787;FEXD SI 20271217 CS;SIMPLE_INSTRUMENT;BLOCK;EUR;27;148.10000000;200;PRC_DECOMP_EXCHANGE;;;;XEUR;2848338;693;EXCHANGE
03.01.2025;14:22:13.787;FEXD SI 20261218 CS;SIMPLE_INSTRUMENT;BLOCK;EUR;27;153.90000000;200;PRC_DECOMP_EXCHANGE;;;;XEUR;2163053;693;EXCHANGE
03.01.2025;15:10:32.082;FGBC SI 20250321 CS;SIMPLE_INSTRUMENT;BLOCK;GBP;30;141.60000000;100;EXCHANGE_LAST;;1;1;XEUR;11429250;772679;
03.01.2025;08:46:08.436;FGBL SI 20250306 PS;SIMPLE_INSTRUMENT;EFS;EUR;1;133.27000000;468;EXCHANGE_LAST;;1;1;XEUR;11286679;688;
03.01.2025;08:59:51.982;FGBL SI 20250306 PS;SIMPLE_INSTRUMENT;EFP_FIN;EUR;3;133.22000000;215;EXCHANGE_LAST;;1;1;XEUR;11286679;688;
03.01.2025;09:00:22.493;FGBL SI 20250306 PS;SIMPLE_INSTRUMENT;EFS;EUR;4;133.23000000;410;EXCHANGE_LAST;;1;1;XEUR;11286679;688;
03.01.2025;09:26:13.479;FGBL SI 20250306 PS;SIMPLE_INSTRUMENT;EFS;EUR;5;133.16000000;410;EXCHANGE_LAST;;1;1;XEUR;11286679;688;
03.01.2025;09:27:48.951;FGBL SI 20250306 PS;SIMPLE_INSTRUMENT;EFS;EUR;6;133.18000000;205;EXCHANGE_LAST;;1;1;XEUR;11286679;688;
03.01.2025;09:36:44.524;FGBL SI 20250306 PS;SIMPLE_INSTRUMENT;EFS;EUR;7;133.04000000;410;EXCHANGE_LAST;;1;1;XEUR;11286679;688;
03.01.2025;09:39:26.597;FGBL SI 20250306 PS;SIMPLE_INSTRUMENT;EFP_FIN;EUR;8;133.18000000;226;EXCHANGE_LAST;;1;1;XEUR;11286679;688;
03.01.2025;09:57:43.040;FGBL SI 20250306 PS;SIMPLE_INSTRUMENT;EFS;EUR;9;133.09000000;937;EXCHANGE_LAST;;1;1;XEUR;11286679;688;
03.01.2025;09:58:22.284;FGBL SI 20250306 PS;SIMPLE_INSTRUMENT;EFS;EUR;10;133.03000000;205;EXCHANGE_LAST;;1;1;XEUR;11286679;688;
03.01.2025;10:09:09.835;FGBL SI 20250306 PS;SIMPLE_INSTRUMENT;EFS;EUR;11;132.96000000;205;EXCHANGE_LAST;;1;1;XEUR;11286679;688;
03.01.2025;10:14:08.889;FGBL SI 20250306 PS;SIMPLE_INSTRUMENT;EFS;EUR;12;133.01000000;1367;EXCHANGE_LAST;;1;1;XEUR;11286679;688;
03.01.2025;10:15:16.081;FGBL SI 20250306 PS;SIMPLE_INSTRUMENT;EFS;EUR;13;133.06000000;205;EXCHANGE_LAST;;1;1;XEUR;11286679;688;
03.01.2025;10:16:30.239;FGBL SI 20250306 PS;SIMPLE_INSTRUMENT;EFS;EUR;14;133.01000000;468;EXCHANGE_LAST;;1;1;XEUR;11286679;688;
03.01.2025;10:16:16.341;FGBL SI 20250306 PS;SIMPLE_INSTRUMENT;EFP_FIN;EUR;15;133.01000000;493;EXCHANGE_LAST;;1;1;XEUR;11286679;688;
03.01.2025;10:44:20.463;FGBL SI 20250306 PS;SIMPLE_INSTRUMENT;EFS;EUR;16;132.99000000;205;EXCHANGE_LAST;;1;1;XEUR;11286679;688;
03.01.2025;10:44:28.930;FGBL SI 20250306 PS;SIMPLE_INSTRUMENT;EFP_FIN;EUR;17;133.00000000;197;EXCHANGE_LAST;;1;1;XEUR;11286679;688;
03.01.2025;10:46:55.079;FGBL SI 20250306 PS;SIMPLE_INSTRUMENT;EFS;EUR;18;133.00000000;410;EXCHANGE_LAST;;1;1;XEUR;11286679;688;
03.01.2025;10:48:36.939;FGBL SI 20250306 PS;SIMPLE_INSTRUMENT;EFP_FIN;EUR;19;133.02000000;210;EXCHANGE_LAST;;1;1;XEUR;11286679;688;
03.01.2025;11:00:08.795;FGBL SI 20250306 PS;SIMPLE_INSTRUMENT;EFP_FIN;EUR;20;133.00000000;236;EXCHANGE_LAST;;1;1;XEUR;11286679;688;
03.01.2025;11:11:26.242;FGBL SI 20250306 PS;SIMPLE_INSTRUMENT;EFP_FIN;EUR;21;133.30000000;149;EXCHANGE_LAST;;1;1;XEUR;11286679;688;
03.01.2025;11:11:51.264;FGBL SI 20250306 PS;SIMPLE_INSTRUMENT;EFS;EUR;22;132.99000000;587;EXCHANGE_LAST;;1;1;XEUR;11286679;688;
03.01.2025;11:42:35.376;FGBL SI 20250306 PS;SIMPLE_INSTRUMENT;EFS;EUR;23;132.95000000;580;EXCHANGE_LAST;;1;1;XEUR;11286679;688;
03.01.2025;11:51:38.542;FGBL SI 20250306 PS;SIMPLE_INSTRUMENT;EFS;EUR;24;132.99000000;234;EXCHANGE_LAST;;1;1;XEUR;11286679;688;
03.01.2025;11:57:18.468;FGBL SI 20250306 PS;SIMPLE_INSTRUMENT;EFS;EUR;25;133.03000000;205;EXCHANGE_LAST;;1;1;XEUR;11286679;688;
03.01.2025;12:06:45.521;FGBL SI 20250306 PS;SIMPLE_INSTRUMENT;BLOCK;EUR;26;133.02000000;3714;EXCHANGE_LAST;;1;1;XEUR;11286679;688;
03.01.2025;12:05:43.874;FGBL SI 20250306 PS;SIMPLE_INSTRUMENT;EFP_FIN;EUR;27;133.30000000;149;EXCHANGE_LAST;;1;1;XEUR;11286679;688;
03.01.2025;12:08:44.138;FGBL SI 20250306 PS;SIMPLE_INSTRUMENT;EFP_FIN;EUR;28;132.95000000;171;EXCHANGE_LAST;;1;1;XEUR;11286679;688;
03.01.2025;12:11:58.897;FGBL SI 20250306 PS;SIMPLE_INSTRUMENT;EFS;EUR;29;132.96000000;410;EXCHANGE_LAST;;1;1;XEUR;11286679;688;
03.01.2025;12:12:52.536;FGBL SI 20250306 PS;SIMPLE_INSTRUMENT;EFS;EUR;30;132.96000000;410;EXCHANGE_LAST;;1;1;XEUR;11286679;688;
03.01.2025;12:16:08.513;FGBL SI 20250306 PS;SIMPLE_INSTRUMENT;EFS;EUR;31;132.95000000;911;EXCHANGE_LAST;;1;1;XEUR;11286679;688;
03.01.2025;12:17:49.745;FGBL SI 20250306 PS;SIMPLE_INSTRUMENT;EFS;EUR;32;132.96000000;1173;EXCHANGE_LAST;;1;1;XEUR;11286679;688;
03.01.2025;12:41:07.500;FGBL SI 20250306 PS;SIMPLE_INSTRUMENT;EFS;EUR;33;133.08000000;123;EXCHANGE_LAST;;1;1;XEUR;11286679;688;
03.01.2025;12:42:20.415;FGBL SI 20250306 PS;SIMPLE_INSTRUMENT;EFS;EUR;34;133.08000000;410;EXCHANGE_LAST;;1;1;XEUR;11286679;688;
03.01.2025;12:43:52.939;FGBL SI 20250306 PS;SIMPLE_INSTRUMENT;EFP_FIN;EUR;35;133.04000000;230;EXCHANGE_LAST;;1;1;XEUR;11286679;688;
03.01.2025;12:44:40.355;FGBL SI 20250306 PS;SIMPLE_INSTRUMENT;EFS;EUR;36;133.08000000;1368;EXCHANGE_LAST;;1;1;XEUR;11286679;688;
03.01.2025;13:17:01.101;FGBL SI 20250306 PS;SIMPLE_INSTRUMENT;EFS;EUR;37;133.06000000;703;EXCHANGE_LAST;;1;1;XEUR;11286679;688;
03.01.2025;13:26:46.841;FGBL SI 20250306 PS;SIMPLE_INSTRUMENT;EFS;EUR;38;132.98000000;704;EXCHANGE_LAST;;1;1;XEUR;11286679;688;
03.01.2025;13:27:25.897;FGBL SI 20250306 PS;SIMPLE_INSTRUMENT;EFP_FIN;EUR;39;132.96000000;265;EXCHANGE_LAST;;1;1;XEUR;11286679;688;
03.01.2025;13:48:47.857;FGBL SI 20250306 PS;SIMPLE_INSTRUMENT;EFS;EUR;40;133.04000000;910;EXCHANGE_LAST;;1;1;XEUR;11286679;688;
03.01.2025;13:49:40.278;FGBL SI 20250306 PS;SIMPLE_INSTRUMENT;EFP_FIN;EUR;41;133.00000000;237;EXCHANGE_LAST;;1;1;XEUR;11286679;688;
03.01.2025;13:51:28.014;FGBL SI 20250306 PS;SIMPLE_INSTRUMENT;EFS;EUR;42;133.04000000;1365;EXCHANGE_LAST;;1;1;XEUR;11286679;688;
03.01.2025;13:54:52.079;FGBL SI 20250306 PS;SIMPLE_INSTRUMENT;EFS;EUR;43;133.06000000;364;EXCHANGE_LAST;;1;1;XEUR;11286679;688;
03.01.2025;13:59:44.894;FGBL SI 20250306 PS;SIMPLE_INSTRUMENT;EFS;EUR;44;133.05000000;205;EXCHANGE_LAST;;1;1;XEUR;11286679;688;
03.01.2025;14:00:01.999;FGBL SI 20250306 PS;SIMPLE_INSTRUMENT;EFS;EUR;45;133.05000000;205;EXCHANGE_LAST;;1;1;XEUR;11286679;688;
03.01.2025;14:02:14.327;FGBL SI 20250306 PS;SIMPLE_INSTRUMENT;EFS;EUR;46;133.05000000;328;EXCHANGE_LAST;;1;1;XEUR;11286679;688;
03.01.2025;14:13:05.717;FGBL SI 20250306 PS;SIMPLE_INSTRUMENT;EFS;EUR;47;133.03000000;911;EXCHANGE_LAST;;1;1;XEUR;11286679;688;
03.01.2025;14:35:16.666;FGBL SI 20250306 PS;SIMPLE_INSTRUMENT;EFP_FIN;EUR;48;132.92000000;1189;EXCHANGE_LAST;;1;1;XEUR;11286679;688;
03.01.2025;14:36:24.743;FGBL SI 20250306 PS;SIMPLE_INSTRUMENT;EFS;EUR;49;132.96000000;205;EXCHANGE_LAST;;1;1;XEUR;11286679;688;
03.01.2025;14:40:19.954;FGBL SI 20250306 PS;SIMPLE_INSTRUMENT;EFS;EUR;50;132.95000000;410;EXCHANGE_LAST;;1;1;XEUR;11286679;688;
03.01.2025;14:42:08.812;FGBL SI 20250306 PS;SIMPLE_INSTRUMENT;EFS;EUR;51;132.95000000;410;EXCHANGE_LAST;;1;1;XEUR;11286679;688;
03.01.2025;14:45:45.079;FGBL SI 20250306 PS;SIMPLE_INSTRUMENT;EFS;EUR;52;132.94000000;250;EXCHANGE_LAST;;1;1;XEUR;11286679;688;
03.01.2025;14:49:31.889;FGBL SI 20250306 PS;SIMPLE_INSTRUMENT;EFS;EUR;53;132.91000000;206;EXCHANGE_LAST;;1;1;XEUR;11286679;688;
03.01.2025;14:51:37.467;FGBL SI 20250306 PS;SIMPLE_INSTRUMENT;EFS;EUR;54;132.97000000;228;EXCHANGE_LAST;;1;1;XEUR;11286679;688;
03.01.2025;14:54:47.109;FGBL SI 20250306 PS;SIMPLE_INSTRUMENT;EFS;EUR;55;132.91000000;206;EXCHANGE_LAST;;1;1;XEUR;11286679;688;
03.01.2025;14:56:59.767;FGBL SI 20250306 PS;SIMPLE_INSTRUMENT;EFS;EUR;56;132.91000000;410;EXCHANGE_LAST;;1;1;XEUR;11286679;688;
03.01.2025;15:09:09.594;FGBL SI 20250306 PS;SIMPLE_INSTRUMENT;EFS;EUR;57;132.88000000;410;EXCHANGE_LAST;;1;1;XEUR;11286679;688;
03.01.2025;15:11:28.861;FGBL SI 20250306 PS;SIMPLE_INSTRUMENT;EFP_FIN;EUR;58;132.88000000;115;EXCHANGE_LAST;;1;1;XEUR;11286679;688;
03.01.2025;15:24:54.677;FGBL SI 20250306 PS;SIMPLE_INSTRUMENT;EFS;EUR;59;132.95000000;456;EXCHANGE_LAST;;1;1;XEUR;11286679;688;
03.01.2025;15:34:16.942;FGBL SI 20250306 PS;SIMPLE_INSTRUMENT;EFP_FIN;EUR;60;132.76000000;176;EXCHANGE_LAST;;1;1;XEUR;11286679;688;
03.01.2025;15:42:01.782;FGBL SI 20250306 PS;SIMPLE_INSTRUMENT;EFS;EUR;61;132.90000000;454;EXCHANGE_LAST;;1;1;XEUR;11286679;688;
03.01.2025;15:42:32.850;FGBL SI 20250306 PS;SIMPLE_INSTRUMENT;EFS;EUR;62;132.78000000;240;EXCHANGE_LAST;;1;1;XEUR;11286679;688;
03.01.2025;15:46:24.772;FGBL SI 20250306 PS;SIMPLE_INSTRUMENT;EFP_FIN;EUR;63;132.76000000;297;EXCHANGE_LAST;;1;1;XEUR;11286679;688;
03.01.2025;15:50:56.871;FGBL SI 20250306 PS;SIMPLE_INSTRUMENT;EFS;EUR;64;132.74000000;940;EXCHANGE_LAST;;1;1;XEUR;11286679;688;
03.01.2025;15:51:13.450;FGBL SI 20250306 PS;SIMPLE_INSTRUMENT;EFS;EUR;65;132.73000000;206;EXCHANGE_LAST;;1;1;XEUR;11286679;688;
03.01.2025;15:51:28.463;FGBL SI 20250306 PS;SIMPLE_INSTRUMENT;EFS;EUR;66;132.73000000;206;EXCHANGE_LAST;;1;1;XEUR;11286679;688;
03.01.2025;15:51:32.179;FGBL SI 20250306 PS;SIMPLE_INSTRUMENT;EFS;EUR;67;132.73000000;228;EXCHANGE_LAST;;1;1;XEUR;11286679;688;
03.01.2025;15:52:17.411;FGBL SI 20250306 PS;SIMPLE_INSTRUMENT;EFS;EUR;68;132.75000000;206;EXCHANGE_LAST;;1;1;XEUR;11286679;688;
03.01.2025;15:54:01.501;FGBL SI 20250306 PS;SIMPLE_INSTRUMENT;EFS;EUR;69;132.73000000;457;EXCHANGE_LAST;;1;1;XEUR;11286679;688;
03.01.2025;15:54:30.483;FGBL SI 20250306 PS;SIMPLE_INSTRUMENT;EFS;EUR;70;132.74000000;206;EXCHANGE_LAST;;1;1;XEUR;11286679;688;
03.01.2025;15:55:30.971;FGBL SI 20250306 PS;SIMPLE_INSTRUMENT;EFS;EUR;71;132.72000000;457;EXCHANGE_LAST;;1;1;XEUR;11286679;688;
03.01.2025;15:56:13.655;FGBL SI 20250306 PS;SIMPLE_INSTRUMENT;EFS;EUR;72;132.74000000;411;EXCHANGE_LAST;;1;1;XEUR;11286679;688;
03.01.2025;15:56:20.170;FGBL SI 20250306 PS;SIMPLE_INSTRUMENT;EFS;EUR;73;132.73000000;914;EXCHANGE_LAST;;1;1;XEUR;11286679;688;
03.01.2025;15:56:46.554;FGBL SI 20250306 PS;SIMPLE_INSTRUMENT;EFS;EUR;74;132.73000000;206;EXCHANGE_LAST;;1;1;XEUR;11286679;688;
03.01.2025;15:58:13.738;FGBL SI 20250306 PS;SIMPLE_INSTRUMENT;EFS;EUR;75;132.68000000;411;EXCHANGE_LAST;;1;1;XEUR;11286679;688;
03.01.2025;15:59:03.776;FGBL SI 20250306 PS;SIMPLE_INSTRUMENT;EFS;EUR;76;132.69000000;411;EXCHANGE_LAST;;1;1;XEUR;11286679;688;
03.01.2025;16:01:29.364;FGBL SI 20250306 PS;SIMPLE_INSTRUMENT;EFS;EUR;77;132.69000000;188;EXCHANGE_LAST;;1;1;XEUR;11286679;688;
03.01.2025;16:03:12.610;FGBL SI 20250306 PS;SIMPLE_INSTRUMENT;EFS;EUR;78;132.75000000;752;EXCHANGE_LAST;;1;1;XEUR;11286679;688;
03.01.2025;16:05:50.768;FGBL SI 20250306 PS;SIMPLE_INSTRUMENT;EFS;EUR;79;132.72000000;229;EXCHANGE_LAST;;1;1;XEUR;11286679;688;
03.01.2025;16:15:30.543;FGBL SI 20250306 PS;SIMPLE_INSTRUMENT;EFS;EUR;80;132.65000000;411;EXCHANGE_LAST;;1;1;XEUR;11286679;688;
03.01.2025;16:32:59.924;FGBL SI 20250306 PS;SIMPLE_INSTRUMENT;EFS;EUR;81;132.64000000;205;EXCHANGE_LAST;;1;1;XEUR;11286679;688;
03.01.2025;16:45:40.600;FGBL SI 20250306 PS;SIMPLE_INSTRUMENT;EFS;EUR;82;132.58000000;411;EXCHANGE_LAST;;1;1;XEUR;11286679;688;
03.01.2025;16:46:16.127;FGBL SI 20250306 PS;SIMPLE_INSTRUMENT;EFS;EUR;83;132.60000000;205;EXCHANGE_LAST;;1;1;XEUR;11286679;688;
03.01.2025;16:50:27.810;FGBL SI 20250306 PS;SIMPLE_INSTRUMENT;EFS;EUR;84;132.61000000;205;EXCHANGE_LAST;;1;1;XEUR;11286679;688;
03.01.2025;16:59:03.137;FGBL SI 20250306 PS;SIMPLE_INSTRUMENT;EFS;EUR;85;132.60000000;471;EXCHANGE_LAST;;1;1;XEUR;11286679;688;
03.01.2025;17:03:49.094;FGBL SI 20250306 PS;SIMPLE_INSTRUMENT;EFS;EUR;86;132.62000000;1372;EXCHANGE_LAST;;1;1;XEUR;11286679;688;
03.01.2025;17:05:44.538;FGBL SI 20250306 PS;SIMPLE_INSTRUMENT;EFS;EUR;87;132.64000000;205;EXCHANGE_LAST;;1;1;XEUR;11286679;688;
03.01.2025;08:08:26.051;FGBL SI 20250306 PS;SIMPLE_INSTRUMENT;VOLA;EUR;268435459;133.40000000;117;EXCHANGE_LAST;;1;1;XEUR;11286679;688;
03.01.2025;08:09:01.058;FGBL SI 20250306 PS;SIMPLE_INSTRUMENT;VOLA;EUR;268435460;133.40000000;118;EXCHANGE_LAST;;1;1;XEUR;11286679;688;
03.01.2025;09:23:30.798;FGBL SI 20250306 PS;SIMPLE_INSTRUMENT;VOLA;EUR;268435462;133.18000000;23;EXCHANGE_LAST;;1;1;XEUR;11286679;688;
03.01.2025;13:21:46.928;FGBL SI 20250306 PS;SIMPLE_INSTRUMENT;VOLA;EUR;268435486;133.00000000;55;EXCHANGE_LAST;;1;1;XEUR;11286679;688;
03.01.2025;14:45:47.268;FGBL SI 20250306 PS;SIMPLE_INSTRUMENT;VOLA;EUR;268435500;133.00000000;63;EXCHANGE_LAST;;1;1;XEUR;11286679;688;
03.01.2025;14:45:56.268;FGBL SI 20250306 PS;SIMPLE_INSTRUMENT;VOLA;EUR;268435501;133.00000000;62;EXCHANGE_LAST;;1;1;XEUR;11286679;688;
03.01.2025;14:46:06.269;FGBL SI 20250306 PS;SIMPLE_INSTRUMENT;VOLA;EUR;268435502;133.00000000;63;EXCHANGE_LAST;;1;1;XEUR;11286679;688;
03.01.2025;14:46:15.270;FGBL SI 20250306 PS;SIMPLE_INSTRUMENT;VOLA;EUR;268435503;133.00000000;62;EXCHANGE_LAST;;1;1;XEUR;11286679;688;
03.01.2025;15:32:01.567;FGBL SI 20250306 PS;SIMPLE_INSTRUMENT;VOLA;EUR;268435512;132.89000000;12;EXCHANGE_LAST;;1;1;XEUR;11286679;688;
03.01.2025;15:34:13.904;FGBL SI 20250306 PS;SIMPLE_INSTRUMENT;VOLA;EUR;268435513;132.76000000;95;EXCHANGE_LAST;;1;1;XEUR;11286679;688;
03.01.2025;16:10:57.889;FGBL SI 20250306 PS;SIMPLE_INSTRUMENT;VOLA;EUR;268435516;132.70000000;160;EXCHANGE_LAST;;1;1;XEUR;11286679;688;
03.01.2025;16:31:16.182;FGBL SI 20250306 PS;SIMPLE_INSTRUMENT;VOLA;EUR;268435520;132.63000000;18;EXCHANGE_LAST;;1;1;XEUR;11286679;688;
03.01.2025;08:33:09.576;FGBM SI 20250306 PS;SIMPLE_INSTRUMENT;EFP_FIN;EUR;1;117.70000000;261;EXCHANGE_LAST;;1;1;XEUR;11286680;689;
03.01.2025;09:13:00.167;FGBM SI 20250306 PS;SIMPLE_INSTRUMENT;EFS;EUR;2;117.70000000;896;EXCHANGE_LAST;;1;1;XEUR;11286680;689;
03.01.2025;09:39:12.671;FGBM SI 20250306 PS;SIMPLE_INSTRUMENT;EFS;EUR;3;117.61000000;750;EXCHANGE_LAST;;1;1;XEUR;11286680;689;
03.01.2025;09:43:54.565;FGBM SI 20250306 PS;SIMPLE_INSTRUMENT;EFP_FIN;EUR;4;117.68000000;199;EXCHANGE_LAST;;1;1;XEUR;11286680;689;
03.01.2025;09:52:09.278;FGBM SI 20250306 PS;SIMPLE_INSTRUMENT;EFP_FIN;EUR;5;117.60000000;200;EXCHANGE_LAST;;1;1;XEUR;11286680;689;
03.01.2025;09:57:54.182;FGBM SI 20250306 PS;SIMPLE_INSTRUMENT;EFP_FIN;EUR;6;117.58000000;327;EXCHANGE_LAST;;1;1;XEUR;11286680;689;
03.01.2025;09:59:15.313;FGBM SI 20250306 PS;SIMPLE_INSTRUMENT;EFP_FIN;EUR;7;117.62000000;174;EXCHANGE_LAST;;1;1;XEUR;11286680;689;
03.01.2025;09:59:17.101;FGBM SI 20250306 PS;SIMPLE_INSTRUMENT;EFS;EUR;8;117.62000000;1973;EXCHANGE_LAST;;1;1;XEUR;11286680;689;
03.01.2025;10:01:46.227;FGBM SI 20250306 PS;SIMPLE_INSTRUMENT;EFP_FIN;EUR;9;117.62000000;50;EXCHANGE_LAST;;1;1;XEUR;11286680;689;
03.01.2025;10:04:30.170;FGBM SI 20250306 PS;SIMPLE_INSTRUMENT;EFP_FIN;EUR;10;117.60000000;200;EXCHANGE_LAST;;1;1;XEUR;11286680;689;
03.01.2025;10:06:39.732;FGBM SI 20250306 PS;SIMPLE_INSTRUMENT;EFS;EUR;11;117.54000000;898;EXCHANGE_LAST;;1;1;XEUR;11286680;689;
03.01.2025;10:11:55.941;FGBM SI 20250306 PS;SIMPLE_INSTRUMENT;EFS;EUR;12;117.60000000;898;EXCHANGE_LAST;;1;1;XEUR;11286680;689;
03.01.2025;10:13:04.822;FGBM SI 20250306 PS;SIMPLE_INSTRUMENT;EFS;EUR;13;117.55000000;592;EXCHANGE_LAST;;1;1;XEUR;11286680;689;
03.01.2025;10:30:01.887;FGBM SI 20250306 PS;SIMPLE_INSTRUMENT;EFS;EUR;14;117.60000000;898;EXCHANGE_LAST;;1;1;XEUR;11286680;689;
03.01.2025;10:30:50.673;FGBM SI 20250306 PS;SIMPLE_INSTRUMENT;EFP_FIN;EUR;15;117.61000000;1078;EXCHANGE_LAST;;1;1;XEUR;11286680;689;
03.01.2025;10:36:42.428;FGBM SI 20250306 PS;SIMPLE_INSTRUMENT;EFS;EUR;16;117.61000000;493;EXCHANGE_LAST;;1;1;XEUR;11286680;689;
03.01.2025;10:39:24.280;FGBM SI 20250306 PS;SIMPLE_INSTRUMENT;EFS;EUR;17;117.59000000;898;EXCHANGE_LAST;;1;1;XEUR;11286680;689;
03.01.2025;10:40:54.338;FGBM SI 20250306 PS;SIMPLE_INSTRUMENT;EFS;EUR;18;117.58000000;898;EXCHANGE_LAST;;1;1;XEUR;11286680;689;
03.01.2025;10:44:20.508;FGBM SI 20250306 PS;SIMPLE_INSTRUMENT;EFS;EUR;19;117.58000000;449;EXCHANGE_LAST;;1;1;XEUR;11286680;689;
03.01.2025;10:45:44.518;FGBM SI 20250306 PS;SIMPLE_INSTRUMENT;EFS;EUR;20;117.58000000;449;EXCHANGE_LAST;;1;1;XEUR;11286680;689;
03.01.2025;10:49:02.139;FGBM SI 20250306 PS;SIMPLE_INSTRUMENT;EFS;EUR;21;117.58000000;224;EXCHANGE_LAST;;1;1;XEUR;11286680;689;
03.01.2025;10:52:18.477;FGBM SI 20250306 PS;SIMPLE_INSTRUMENT;EFP_FIN;EUR;22;117.57000000;465;EXCHANGE_LAST;;1;1;XEUR;11286680;689;
03.01.2025;10:56:43.312;FGBM SI 20250306 PS;SIMPLE_INSTRUMENT;EFS;EUR;23;117.57000000;224;EXCHANGE_LAST;;1;1;XEUR;11286680;689;
03.01.2025;11:00:51.165;FGBM SI 20250306 PS;SIMPLE_INSTRUMENT;EFS;EUR;24;117.56000000;898;EXCHANGE_LAST;;1;1;XEUR;11286680;689;
03.01.2025;11:05:20.653;FGBM SI 20250306 PS;SIMPLE_INSTRUMENT;EFP_FIN;EUR;25;117.57000000;499;EXCHANGE_LAST;;1;1;XEUR;11286680;689;
03.01.2025;11:10:20.849;FGBM SI 20250306 PS;SIMPLE_INSTRUMENT;EFS;EUR;26;117.57000000;705;EXCHANGE_LAST;;1;1;XEUR;11286680;689;
03.01.2025;11:14:31.161;FGBM SI 20250306 PS;SIMPLE_INSTRUMENT;EFP_FIN;EUR;27;117.56000000;869;EXCHANGE_LAST;;1;1;XEUR;11286680;689;
03.01.2025;11:39:02.553;FGBM SI 20250306 PS;SIMPLE_INSTRUMENT;EFS;EUR;28;117.54000000;1222;EXCHANGE_LAST;;1;1;XEUR;11286680;689;
03.01.2025;11:43:31.552;FGBM SI 20250306 PS;SIMPLE_INSTRUMENT;EFP_FIN;EUR;29;117.56000000;269;EXCHANGE_LAST;;1;1;XEUR;11286680;689;
03.01.2025;11:50:27.351;FGBM SI 20250306 PS;SIMPLE_INSTRUMENT;EFS;EUR;30;117.57000000;494;EXCHANGE_LAST;;1;1;XEUR;11286680;689;
03.01.2025;12:11:01.081;FGBM SI 20250306 PS;SIMPLE_INSTRUMENT;EFS;EUR;31;117.55000000;848;EXCHANGE_LAST;;1;1;XEUR;11286680;689;
03.01.2025;12:13:09.779;FGBM SI 20250306 PS;SIMPLE_INSTRUMENT;EFS;EUR;32;117.56000000;355;EXCHANGE_LAST;;1;1;XEUR;11286680;689;
03.01.2025;12:19:04.749;FGBM SI 20250306 PS;SIMPLE_INSTRUMENT;EFS;EUR;33;117.55000000;2469;EXCHANGE_LAST;;1;1;XEUR;11286680;689;
03.01.2025;12:24:59.866;FGBM SI 20250306 PS;SIMPLE_INSTRUMENT;EFP_FIN;EUR;34;117.57000000;384;EXCHANGE_LAST;;1;1;XEUR;11286680;689;
03.01.2025;12:40:13.593;FGBM SI 20250306 PS;SIMPLE_INSTRUMENT;EFS;EUR;35;117.60000000;254;EXCHANGE_LAST;;1;1;XEUR;11286680;689;
03.01.2025;12:43:23.598;FGBM SI 20250306 PS;SIMPLE_INSTRUMENT;EFS;EUR;36;117.61000000;848;EXCHANGE_LAST;;1;1;XEUR;11286680;689;
03.01.2025;12:47:20.366;FGBM SI 20250306 PS;SIMPLE_INSTRUMENT;EFS;EUR;37;117.57000000;224;EXCHANGE_LAST;;1;1;XEUR;11286680;689;
03.01.2025;12:58:11.672;FGBM SI 20250306 PS;SIMPLE_INSTRUMENT;EFP_FIN;EUR;38;117.58000000;426;EXCHANGE_LAST;;1;1;XEUR;11286680;689;
03.01.2025;13:06:18.171;FGBM SI 20250306 PS;SIMPLE_INSTRUMENT;EFS;EUR;39;117.60000000;987;EXCHANGE_LAST;;1;1;XEUR;11286680;689;
03.01.2025;13:11:47.698;FGBM SI 20250306 PS;SIMPLE_INSTRUMENT;EFS;EUR;40;117.62000000;898;EXCHANGE_LAST;;1;1;XEUR;11286680;689;
03.01.2025;13:15:13.700;FGBM SI 20250306 PS;SIMPLE_INSTRUMENT;EFS;EUR;41;117.62000000;1480;EXCHANGE_LAST;;1;1;XEUR;11286680;689;
03.01.2025;13:17:47.439;FGBM SI 20250306 PS;SIMPLE_INSTRUMENT;EFP_FIN;EUR;42;117.59000000;431;EXCHANGE_LAST;;1;1;XEUR;11286680;689;
03.01.2025;13:24:46.200;FGBM SI 20250306 PS;SIMPLE_INSTRUMENT;EFS;EUR;43;117.58000000;448;EXCHANGE_LAST;;1;1;XEUR;11286680;689;
03.01.2025;13:41:12.929;FGBM SI 20250306 PS;SIMPLE_INSTRUMENT;EFP_FIN;EUR;44;117.56000000;345;EXCHANGE_LAST;;1;1;XEUR;11286680;689;
03.01.2025;14:01:32.224;FGBM SI 20250306 PS;SIMPLE_INSTRUMENT;EFS;EUR;45;117.61000000;495;EXCHANGE_LAST;;1;1;XEUR;11286680;689;
03.01.2025;14:02:59.128;FGBM SI 20250306 PS;SIMPLE_INSTRUMENT;EFS;EUR;46;117.60000000;679;EXCHANGE_LAST;;1;1;XEUR;11286680;689;
03.01.2025;14:03:37.159;FGBM SI 20250306 PS;SIMPLE_INSTRUMENT;EFP_FIN;EUR;47;117.62000000;341;EXCHANGE_LAST;;1;1;XEUR;11286680;689;
03.01.2025;14:37:18.228;FGBM SI 20250306 PS;SIMPLE_INSTRUMENT;EFS;EUR;48;117.54000000;480;EXCHANGE_LAST;;1;1;XEUR;11286680;689;
03.01.2025;14:39:29.792;FGBM SI 20250306 PS;SIMPLE_INSTRUMENT;EFS;EUR;49;117.54000000;596;EXCHANGE_LAST;;1;1;XEUR;11286680;689;
03.01.2025;14:44:37.202;FGBM SI 20250306 PS;SIMPLE_INSTRUMENT;EFP_FIN;EUR;50;117.55000000;92;EXCHANGE_LAST;;1;1;XEUR;11286680;689;
03.01.2025;14:54:32.096;FGBM SI 20250306 PS;SIMPLE_INSTRUMENT;EFS;EUR;51;117.53000000;898;EXCHANGE_LAST;;1;1;XEUR;11286680;689;
03.01.2025;14:55:32.113;FGBM SI 20250306 PS;SIMPLE_INSTRUMENT;EFP_FIN;EUR;52;117.54000000;1884;EXCHANGE_LAST;;1;1;XEUR;11286680;689;
03.01.2025;15:03:22.347;FGBM SI 20250306 PS;SIMPLE_INSTRUMENT;EFP_FIN;EUR;53;117.52000000;384;EXCHANGE_LAST;;1;1;XEUR;11286680;689;
03.01.2025;15:20:28.075;FGBM SI 20250306 PS;SIMPLE_INSTRUMENT;EFS;EUR;54;117.48000000;190;EXCHANGE_LAST;;1;1;XEUR;11286680;689;
03.01.2025;15:25:29.911;FGBM SI 20250306 PS;SIMPLE_INSTRUMENT;EFP_FIN;EUR;55;117.45000000;287;EXCHANGE_LAST;;1;1;XEUR;11286680;689;
03.01.2025;15:26:01.455;FGBM SI 20250306 PS;SIMPLE_INSTRUMENT;EFS;EUR;56;117.48000000;596;EXCHANGE_LAST;;1;1;XEUR;11286680;689;
03.01.2025;15:47:08.289;FGBM SI 20250306 PS;SIMPLE_INSTRUMENT;EFS;EUR;57;117.44000000;899;EXCHANGE_LAST;;1;1;XEUR;11286680;689;
03.01.2025;15:49:53.398;FGBM SI 20250306 PS;SIMPLE_INSTRUMENT;EFS;EUR;58;117.43000000;899;EXCHANGE_LAST;;1;1;XEUR;11286680;689;
03.01.2025;16:02:15.811;FGBM SI 20250306 PS;SIMPLE_INSTRUMENT;EFS;EUR;59;117.44000000;1582;EXCHANGE_LAST;;1;1;XEUR;11286680;689;
03.01.2025;16:13:06.630;FGBM SI 20250306 PS;SIMPLE_INSTRUMENT;EFS;EUR;60;117.42000000;390;EXCHANGE_LAST;;1;1;XEUR;11286680;689;
03.01.2025;16:41:23.087;FGBM SI 20250306 PS;SIMPLE_INSTRUMENT;EFS;EUR;61;117.39000000;495;EXCHANGE_LAST;;1;1;XEUR;11286680;689;
03.01.2025;16:45:01.601;FGBM SI 20250306 PS;SIMPLE_INSTRUMENT;EFS;EUR;62;117.38000000;808;EXCHANGE_LAST;;1;1;XEUR;11286680;689;
03.01.2025;16:58:25.449;FGBM SI 20250306 PS;SIMPLE_INSTRUMENT;EFS;EUR;63;117.38000000;987;EXCHANGE_LAST;;1;1;XEUR;11286680;689;
03.01.2025;07:54:40.502;FGBS SI 20250306 PS;SIMPLE_INSTRUMENT;EFS;EUR;1;106.93000000;1500;EXCHANGE_LAST;;1;1;XEUR;11286681;690;
03.01.2025;08:36:05.433;FGBS SI 20250306 PS;SIMPLE_INSTRUMENT;EFS;EUR;2;106.91500000;5321;EXCHANGE_LAST;;1;1;XEUR;11286681;690;
03.01.2025;09:14:46.866;FGBS SI 20250306 PS;SIMPLE_INSTRUMENT;EFS;EUR;3;106.92000000;2735;EXCHANGE_LAST;;1;1;XEUR;11286681;690;
03.01.2025;09:31:25.723;FGBS SI 20250306 PS;SIMPLE_INSTRUMENT;EFS;EUR;4;106.88000000;1368;EXCHANGE_LAST;;1;1;XEUR;11286681;690;
03.01.2025;09:37:10.738;FGBS SI 20250306 PS;SIMPLE_INSTRUMENT;EFS;EUR;5;106.92500000;2735;EXCHANGE_LAST;;1;1;XEUR;11286681;690;
03.01.2025;09:51:54.599;FGBS SI 20250306 PS;SIMPLE_INSTRUMENT;EFS;EUR;6;106.86000000;949;EXCHANGE_LAST;;1;1;XEUR;11286681;690;
03.01.2025;10:00:02.321;FGBS SI 20250306 PS;SIMPLE_INSTRUMENT;EFP_FIN;EUR;7;106.87500000;365;EXCHANGE_LAST;;1;1;XEUR;11286681;690;
03.01.2025;10:07:44.646;FGBS SI 20250306 PS;SIMPLE_INSTRUMENT;EFP_FIN;EUR;8;106.87500000;381;EXCHANGE_LAST;;1;1;XEUR;11286681;690;
03.01.2025;10:06:12.950;FGBS SI 20250306 PS;SIMPLE_INSTRUMENT;EFP_FIN;EUR;9;106.87500000;114;EXCHANGE_LAST;;1;1;XEUR;11286681;690;
03.01.2025;10:13:35.162;FGBS SI 20250306 PS;SIMPLE_INSTRUMENT;EFP_FIN;EUR;10;106.87500000;762;EXCHANGE_LAST;;1;1;XEUR;11286681;690;
03.01.2025;10:10:55.338;FGBS SI 20250306 PS;SIMPLE_INSTRUMENT;EFP_FIN;EUR;11;106.86500000;2439;EXCHANGE_LAST;;1;1;XEUR;11286681;690;
03.01.2025;10:11:12.880;FGBS SI 20250306 PS;SIMPLE_INSTRUMENT;EFS;EUR;12;106.85000000;7981;EXCHANGE_LAST;;1;1;XEUR;11286681;690;
03.01.2025;10:12:22.403;FGBS SI 20250306 PS;SIMPLE_INSTRUMENT;EFS;EUR;13;106.84500000;1643;EXCHANGE_LAST;;1;1;XEUR;11286681;690;
03.01.2025;11:57:19.778;FGBS SI 20250306 PS;SIMPLE_INSTRUMENT;EFP_FIN;EUR;14;106.86000000;360;EXCHANGE_LAST;;1;1;XEUR;11286681;690;
03.01.2025;12:01:18.625;FGBS SI 20250306 PS;SIMPLE_INSTRUMENT;EFS;EUR;15;106.85500000;547;EXCHANGE_LAST;;1;1;XEUR;11286681;690;
03.01.2025;12:01:30.979;FGBS SI 20250306 PS;SIMPLE_INSTRUMENT;EFP_FIN;EUR;16;106.85000000;542;EXCHANGE_LAST;;1;1;XEUR;11286681;690;
03.01.2025;12:01:54.835;FGBS SI 20250306 PS;SIMPLE_INSTRUMENT;EFP_FIN;EUR;17;106.85000000;542;EXCHANGE_LAST;;1;1;XEUR;11286681;690;
03.01.2025;12:29:38.088;FGBS SI 20250306 PS;SIMPLE_INSTRUMENT;EFP_FIN;EUR;18;106.84500000;739;EXCHANGE_LAST;;1;1;XEUR;11286681;690;
03.01.2025;12:43:41.488;FGBS SI 20250306 PS;SIMPLE_INSTRUMENT;EFS;EUR;19;106.85000000;7994;EXCHANGE_LAST;;1;1;XEUR;11286681;690;
03.01.2025;12:47:55.566;FGBS SI 20250306 PS;SIMPLE_INSTRUMENT;EFP_FIN;EUR;20;106.85000000;1251;EXCHANGE_LAST;;1;1;XEUR;11286681;690;
03.01.2025;13:50:24.010;FGBS SI 20250306 PS;SIMPLE_INSTRUMENT;EFS;EUR;21;106.85000000;7974;EXCHANGE_LAST;;1;1;XEUR;11286681;690;
03.01.2025;14:11:59.376;FGBS SI 20250306 PS;SIMPLE_INSTRUMENT;EFS;EUR;22;106.85500000;5320;EXCHANGE_LAST;;1;1;XEUR;11286681;690;
03.01.2025;14:35:23.453;FGBS SI 20250306 PS;SIMPLE_INSTRUMENT;EFS;EUR;23;106.84000000;3833;EXCHANGE_LAST;;1;1;XEUR;11286681;690;
03.01.2025;14:41:00.347;FGBS SI 20250306 PS;SIMPLE_INSTRUMENT;EFP_FIN;EUR;24;106.84000000;417;EXCHANGE_LAST;;1;1;XEUR;11286681;690;
03.01.2025;14:45:09.593;FGBS SI 20250306 PS;SIMPLE_INSTRUMENT;EFP_FIN;EUR;25;106.84000000;834;EXCHANGE_LAST;;1;1;XEUR;11286681;690;
03.01.2025;14:47:26.042;FGBS SI 20250306 PS;SIMPLE_INSTRUMENT;EFS;EUR;26;106.84000000;2738;EXCHANGE_LAST;;1;1;XEUR;11286681;690;
03.01.2025;14:52:25.377;FGBS SI 20250306 PS;SIMPLE_INSTRUMENT;EFS;EUR;27;106.84000000;2745;EXCHANGE_LAST;;1;1;XEUR;11286681;690;
03.01.2025;14:53:10.911;FGBS SI 20250306 PS;SIMPLE_INSTRUMENT;EFS;EUR;28;106.83500000;2738;EXCHANGE_LAST;;1;1;XEUR;11286681;690;
03.01.2025;14:54:59.994;FGBS SI 20250306 PS;SIMPLE_INSTRUMENT;EFP_FIN;EUR;29;106.85000000;468;EXCHANGE_LAST;;1;1;XEUR;11286681;690;
03.01.2025;14:54:35.046;FGBS SI 20250306 PS;SIMPLE_INSTRUMENT;EFP_FIN;EUR;30;106.85000000;468;EXCHANGE_LAST;;1;1;XEUR;11286681;690;
03.01.2025;14:55:37.646;FGBS SI 20250306 PS;SIMPLE_INSTRUMENT;EFP_FIN;EUR;31;106.85000000;267;EXCHANGE_LAST;;1;1;XEUR;11286681;690;
03.01.2025;14:56:24.426;FGBS SI 20250306 PS;SIMPLE_INSTRUMENT;EFP_FIN;EUR;32;106.84000000;1695;EXCHANGE_LAST;;1;1;XEUR;11286681;690;
03.01.2025;14:56:44.744;FGBS SI 20250306 PS;SIMPLE_INSTRUMENT;EFS;EUR;33;106.84000000;4107;EXCHANGE_LAST;;1;1;XEUR;11286681;690;
03.01.2025;15:02:50.127;FGBS SI 20250306 PS;SIMPLE_INSTRUMENT;EFP_FIN;EUR;34;106.85000000;1251;EXCHANGE_LAST;;1;1;XEUR;11286681;690;
03.01.2025;15:22:17.870;FGBS SI 20250306 PS;SIMPLE_INSTRUMENT;EFS;EUR;35;106.82000000;2575;EXCHANGE_LAST;;1;1;XEUR;11286681;690;
03.01.2025;16:10:40.936;FGBS SI 20250306 PS;SIMPLE_INSTRUMENT;EFS;EUR;36;106.80000000;2738;EXCHANGE_LAST;;1;1;XEUR;11286681;690;
03.01.2025;16:23:51.319;FGBS SI 20250306 PS;SIMPLE_INSTRUMENT;EFS;EUR;37;106.80000000;2559;EXCHANGE_LAST;;1;1;XEUR;11286681;690;
03.01.2025;16:28:19.885;FGBS SI 20250306 PS;SIMPLE_INSTRUMENT;EFS;EUR;38;106.79500000;2740;EXCHANGE_LAST;;1;1;XEUR;11286681;690;
03.01.2025;16:43:38.829;FGBS SI 20250306 PS;SIMPLE_INSTRUMENT;EFP_FIN;EUR;39;106.79000000;935;EXCHANGE_LAST;;1;1;XEUR;11286681;690;
03.01.2025;16:48:39.843;FGBS SI 20250306 PS;SIMPLE_INSTRUMENT;EFP_FIN;EUR;40;106.79000000;330;EXCHANGE_LAST;;1;1;XEUR;11286681;690;
03.01.2025;17:01:17.639;FGBS SI 20250306 PS;SIMPLE_INSTRUMENT;EFS;EUR;41;106.79500000;2664;EXCHANGE_LAST;;1;1;XEUR;11286681;690;
03.01.2025;17:02:25.088;FGBS SI 20250306 PS;SIMPLE_INSTRUMENT;EFS;EUR;42;106.79000000;7991;EXCHANGE_LAST;;1;1;XEUR;11286681;690;
03.01.2025;17:20:43.281;FGBS SI 20250306 PS;SIMPLE_INSTRUMENT;EFS;EUR;43;106.80000000;2659;EXCHANGE_LAST;;1;1;XEUR;11286681;690;
03.01.2025;10:12:34.218;FGBX SI 20250306 PS;SIMPLE_INSTRUMENT;EFS;EUR;3;131.58000000;185;EXCHANGE_LAST;;1;1;XEUR;11286682;691;
03.01.2025;10:15:27.368;FGBX SI 20250306 PS;SIMPLE_INSTRUMENT;BLOCK;EUR;4;131.62000000;185;EXCHANGE_LAST;;1;1;XEUR;11286682;691;
03.01.2025;10:16:11.489;FGBX SI 20250306 PS;SIMPLE_INSTRUMENT;EFS;EUR;5;131.66000000;184;EXCHANGE_LAST;;1;1;XEUR;11286682;691;
03.01.2025;10:32:02.368;FGBX SI 20250306 PS;SIMPLE_INSTRUMENT;EFP_FIN;EUR;7;131.58000000;179;EXCHANGE_LAST;;1;1;XEUR;11286682;691;
03.01.2025;10:45:37.575;FGBX SI 20250306 PS;SIMPLE_INSTRUMENT;EFP_FIN;EUR;8;131.52000000;185;EXCHANGE_LAST;;1;1;XEUR;11286682;691;
03.01.2025;12:58:11.672;FGBX SI 20250306 PS;SIMPLE_INSTRUMENT;EFP_FIN;EUR;13;131.66000000;82;EXCHANGE_LAST;;1;1;XEUR;11286682;691;
03.01.2025;13:52:18.875;FGBX SI 20250306 PS;SIMPLE_INSTRUMENT;EFP_FIN;EUR;14;131.56000000;372;EXCHANGE_LAST;;1;1;XEUR;11286682;691;
03.01.2025;15:45:11.840;FGBX SI 20250306 PS;SIMPLE_INSTRUMENT;EFS;EUR;15;130.90000000;186;EXCHANGE_LAST;;1;1;XEUR;11286682;691;
03.01.2025;15:57:47.231;FGBX SI 20250306 PS;SIMPLE_INSTRUMENT;BLOCK;EUR;17;130.88000000;186;EXCHANGE_LAST;;1;1;XEUR;11286682;691;
03.01.2025;16:11:22.048;FGBX SI 20250306 PS;SIMPLE_INSTRUMENT;EFS;EUR;18;130.74000000;181;EXCHANGE_LAST;;1;1;XEUR;11286682;691;
03.01.2025;16:19:53.324;FGBX SI 20250306 PS;SIMPLE_INSTRUMENT;EFS;EUR;19;130.90000000;184;EXCHANGE_LAST;;1;1;XEUR;11286682;691;
03.01.2025;16:33:52.516;FGBX SI 20250306 PS;SIMPLE_INSTRUMENT;EFS;EUR;21;130.64000000;187;EXCHANGE_LAST;;1;1;XEUR;11286682;691;
03.01.2025;16:40:50.331;FGBX SI 20250306 PS;SIMPLE_INSTRUMENT;EFS;EUR;22;130.52000000;178;EXCHANGE_LAST;;1;1;XEUR;11286682;691;
03.01.2025;00:18:46.083;FMEA SI 20250321 CS;SIMPLE_INSTRUMENT;EFP_IDX;USD;1;686.62400000;92;EXCHANGE_LAST;;1;1;XEUR;7589834;12395;
03.01.2025;03:04:07.697;FMEA SI 20250321 CS;SIMPLE_INSTRUMENT;BLOCK;USD;6;691.67300000;380;EXCHANGE_LAST;;1;1;XEUR;7589834;12395;
03.01.2025;05:05:38.171;FMEA SI 20250321 CS;SIMPLE_INSTRUMENT;BLOCK;USD;7;685.53200000;350;EXCHANGE_LAST;;1;1;XEUR;7589834;12395;
03.01.2025;05:11:02.571;FMEA SI 20250321 CS;SIMPLE_INSTRUMENT;BLOCK;USD;8;691.67300000;1007;EXCHANGE_LAST;;1;1;XEUR;7589834;12395;
03.01.2025;08:02:07.424;FMEA SI 20250321 CS;SIMPLE_INSTRUMENT;BLOCK;USD;14;686.07600000;87;EXCHANGE_LAST;;1;1;XEUR;7589834;12395;
03.01.2025;15:44:36.813;FMEF SI 20250321 CS;SIMPLE_INSTRUMENT;BLOCK;USD;29;1080.00000000;169;EXCHANGE_LAST;;1;1;XEUR;7408970;30657;
03.01.2025;08:09:09.205;FMEL SI 20250321 CS;SIMPLE_INSTRUMENT;BLOCK;USD;17;476.68800000;42;EXCHANGE_LAST;;1;1;XEUR;7589856;12397;
03.01.2025;08:39:36.721;FMEL SI 20250321 CS;SIMPLE_INSTRUMENT;BLOCK;USD;20;476.68700000;40;EXCHANGE_LAST;;1;1;XEUR;7589856;12397;
03.01.2025;08:08:48.997;FMES SI 20250321 CS;SIMPLE_INSTRUMENT;BLOCK;EUR;16;562.86600000;20;EXCHANGE_LAST;;1;1;XEUR;7591454;221291;
03.01.2025;14:53:01.200;FMFP SI 20250321 CS;SIMPLE_INSTRUMENT;BLOCK;USD;25;2266.00000000;20;EXCHANGE_LAST;;1;1;XEUR;7411195;51999;
03.01.2025;07:28:32.973;FMGD SI 20250321 CS;SIMPLE_INSTRUMENT;BLOCK;USD;13;2721.62000000;3102;EXCHANGE_LAST;;1;1;XEUR;8609343;583624;
03.01.2025;14:45:00.808;FMGO SI 20250321 CS;SIMPLE_INSTRUMENT;BLOCK;USD;24;5135.00000000;150;EXCHANGE_LAST;;1;1;XEUR;8609359;583623;
03.01.2025;07:16:48.884;FMGQ SI 20250321 CS;SIMPLE_INSTRUMENT;BLOCK;USD;9;5001.20000000;40;EXCHANGE_LAST;;1;1;XEUR;8609376;583625;
03.01.2025;02:13:00.108;FMID SI 20250321 CS;SIMPLE_INSTRUMENT;BLOCK;USD;2;1612.24800000;318;EXCHANGE_LAST;;1;1;XEUR;7590528;45289;
03.01.2025;07:28:08.974;FMID SI 20250321 CS;SIMPLE_INSTRUMENT;EFP_IDX;USD;3;1614.08800000;601;EXCHANGE_LAST;;1;1;XEUR;7590528;45289;
03.01.2025;08:01:53.761;FMID SI 20250321 CS;SIMPLE_INSTRUMENT;BLOCK;USD;4;1610.17300000;254;EXCHANGE_LAST;;1;2;XEUR;7590528;45289;
03.01.2025;00:48:27.643;FMIN SI 20250321 CS;SIMPLE_INSTRUMENT;BLOCK;USD;2;1285.41600000;66;EXCHANGE_LAST;;1;1;XEUR;7589865;12404;
03.01.2025;01:16:49.630;FMIN SI 20250321 CS;SIMPLE_INSTRUMENT;BLOCK;USD;3;1287.70700000;70;EXCHANGE_LAST;;1;1;XEUR;7589865;12404;
03.01.2025;02:46:33.106;FMIN SI 20250321 CS;SIMPLE_INSTRUMENT;BLOCK;USD;5;1286.05100000;14;EXCHANGE_LAST;;1;1;XEUR;7589865;12404;
03.01.2025;02:40:33.940;FMTH SI 20250321 CS;SIMPLE_INSTRUMENT;BLOCK;USD;4;1154.51600000;144;EXCHANGE_LAST;;1;1;XEUR;7589913;12681;
03.01.2025;07:18:58.539;FMUQ SI 20250321 CS;SIMPLE_INSTRUMENT;BLOCK;USD;10;5999.68000000;11;EXCHANGE_LAST;;1;1;XEUR;7590731;48146;
03.01.2025;07:52:15.427;FMWB SI 20250321 CS;SIMPLE_INSTRUMENT;EFP_IDX;GBP;15;22938.76000000;3;EXCHANGE_LAST;;1;1;XEUR;7591192;124305;
03.01.2025;07:23:31.303;FMWN SI 20250321 CS;SIMPLE_INSTRUMENT;BLOCK;EUR;12;587.79000000;117;EXCHANGE_LAST;;1;1;XEUR;7590222;30654;
03.01.2025;08:19:54.637;FMWN SI 20250321 CS;SIMPLE_INSTRUMENT;BLOCK;EUR;18;587.80000000;410;EXCHANGE_LAST;;1;1;XEUR;7590222;30654;
03.01.2025;07:20:10.866;FMWO SI 20250321 CS;SIMPLE_INSTRUMENT;EFP_IDX;USD;11;11834.86000000;17;EXCHANGE_LAST;;1;1;XEUR;7589707;7059;
03.01.2025;11:12:13.003;FMXG SI 20250321 CS;SIMPLE_INSTRUMENT;BLOCK;EUR;23;357.20000000;251;EXCHANGE_LAST;;1;1;XEUR;7591194;124306;
03.01.2025;08:11:02.701;FOAT SI 20250306 PS;SIMPLE_INSTRUMENT;EFP_FIN;EUR;1;123.14000000;156;EXCHANGE_LAST;;1;1;XEUR;11286683;749;
03.01.2025;08:20:41.290;FOAT SI 20250306 PS;SIMPLE_INSTRUMENT;EFP_FIN;EUR;2;123.14000000;389;EXCHANGE_LAST;;1;1;XEUR;11286683;749;
03.01.2025;08:34:10.116;FOAT SI 20250306 PS;SIMPLE_INSTRUMENT;EFP_FIN;EUR;3;123.14000000;389;EXCHANGE_LAST;;1;1;XEUR;11286683;749;
03.01.2025;08:46:12.517;FOAT SI 20250306 PS;SIMPLE_INSTRUMENT;EFP_FIN;EUR;4;123.09000000;1918;EXCHANGE_LAST;;1;1;XEUR;11286683;749;
03.01.2025;09:03:47.157;FOAT SI 20250306 PS;SIMPLE_INSTRUMENT;EFP_FIN;EUR;5;123.07000000;89;EXCHANGE_LAST;;1;1;XEUR;11286683;749;
03.01.2025;09:11:32.111;FOAT SI 20250306 PS;SIMPLE_INSTRUMENT;EFP_FIN;EUR;6;122.92000000;572;EXCHANGE_LAST;;1;1;XEUR;11286683;749;
03.01.2025;09:15:06.492;FOAT SI 20250306 PS;SIMPLE_INSTRUMENT;EFP_FIN;EUR;7;122.97000000;887;EXCHANGE_LAST;;1;1;XEUR;11286683;749;
03.01.2025;09:16:51.483;FOAT SI 20250306 PS;SIMPLE_INSTRUMENT;EFP_FIN;EUR;8;122.91000000;417;EXCHANGE_LAST;;1;1;XEUR;11286683;749;
03.01.2025;09:20:04.446;FOAT SI 20250306 PS;SIMPLE_INSTRUMENT;EFP_FIN;EUR;9;123.07000000;399;EXCHANGE_LAST;;1;1;XEUR;11286683;749;
03.01.2025;09:24:57.089;FOAT SI 20250306 PS;SIMPLE_INSTRUMENT;EFP_FIN;EUR;10;122.92000000;241;EXCHANGE_LAST;;1;1;XEUR;11286683;749;
03.01.2025;09:26:34.807;FOAT SI 20250306 PS;SIMPLE_INSTRUMENT;BLOCK;EUR;11;122.95000000;1000;EXCHANGE_LAST;;1;1;XEUR;11286683;749;
03.01.2025;09:27:11.037;FOAT SI 20250306 PS;SIMPLE_INSTRUMENT;EFP_FIN;EUR;12;122.88000000;417;EXCHANGE_LAST;;1;1;XEUR;11286683;749;
03.01.2025;09:32:09.577;FOAT SI 20250306 PS;SIMPLE_INSTRUMENT;EFP_FIN;EUR;13;122.90000000;886;EXCHANGE_LAST;;1;1;XEUR;11286683;749;
03.01.2025;09:34:20.402;FOAT SI 20250306 PS;SIMPLE_INSTRUMENT;EFP_FIN;EUR;14;122.95000000;417;EXCHANGE_LAST;;1;1;XEUR;11286683;749;
03.01.2025;09:39:15.520;FOAT SI 20250306 PS;SIMPLE_INSTRUMENT;EFP_FIN;EUR;15;122.88000000;783;EXCHANGE_LAST;;1;1;XEUR;11286683;749;
03.01.2025;09:51:34.925;FOAT SI 20250306 PS;SIMPLE_INSTRUMENT;EFP_FIN;EUR;16;122.80000000;417;EXCHANGE_LAST;;1;1;XEUR;11286683;749;
03.01.2025;10:05:31.639;FOAT SI 20250306 PS;SIMPLE_INSTRUMENT;EFP_FIN;EUR;17;122.84000000;1076;EXCHANGE_LAST;;1;1;XEUR;11286683;749;
03.01.2025;10:06:15.123;FOAT SI 20250306 PS;SIMPLE_INSTRUMENT;EFP_FIN;EUR;18;122.80000000;380;EXCHANGE_LAST;;1;1;XEUR;11286683;749;
03.01.2025;10:07:08.868;FOAT SI 20250306 PS;SIMPLE_INSTRUMENT;EFP_FIN;EUR;19;122.78000000;834;EXCHANGE_LAST;;1;1;XEUR;11286683;749;
03.01.2025;10:17:34.311;FOAT SI 20250306 PS;SIMPLE_INSTRUMENT;EFP_FIN;EUR;20;122.79000000;1827;EXCHANGE_LAST;;1;1;XEUR;11286683;749;
03.01.2025;10:19:33.008;FOAT SI 20250306 PS;SIMPLE_INSTRUMENT;EFP_FIN;EUR;21;122.79000000;1251;EXCHANGE_LAST;;1;1;XEUR;11286683;749;
03.01.2025;10:30:30.297;FOAT SI 20250306 PS;SIMPLE_INSTRUMENT;EFP_FIN;EUR;22;122.82000000;181;EXCHANGE_LAST;;1;1;XEUR;11286683;749;
03.01.2025;11:12:07.647;FOAT SI 20250306 PS;SIMPLE_INSTRUMENT;EFP_FIN;EUR;23;122.66000000;177;EXCHANGE_LAST;;1;1;XEUR;11286683;749;
03.01.2025;12:07:19.556;FOAT SI 20250306 PS;SIMPLE_INSTRUMENT;EFP_FIN;EUR;24;122.75000000;195;EXCHANGE_LAST;;1;1;XEUR;11286683;749;
03.01.2025;12:14:53.462;FOAT SI 20250306 PS;SIMPLE_INSTRUMENT;EFP_FIN;EUR;25;122.73000000;164;EXCHANGE_LAST;;1;1;XEUR;11286683;749;
03.01.2025;12:42:08.274;FOAT SI 20250306 PS;SIMPLE_INSTRUMENT;EFP_FIN;EUR;26;122.76000000;834;EXCHANGE_LAST;;1;1;XEUR;11286683;749;
03.01.2025;12:48:13.860;FOAT SI 20250306 PS;SIMPLE_INSTRUMENT;EFP_FIN;EUR;27;122.74000000;189;EXCHANGE_LAST;;1;1;XEUR;11286683;749;
03.01.2025;12:58:50.527;FOAT SI 20250306 PS;SIMPLE_INSTRUMENT;EFP_FIN;EUR;28;122.71000000;834;EXCHANGE_LAST;;1;1;XEUR;11286683;749;
03.01.2025;13:33:20.989;FOAT SI 20250306 PS;SIMPLE_INSTRUMENT;BLOCK;EUR;29;122.77000000;1001;EXCHANGE_LAST;;1;1;XEUR;11286683;749;
03.01.2025;13:44:31.703;FOAT SI 20250306 PS;SIMPLE_INSTRUMENT;EFP_FIN;EUR;30;122.76000000;417;EXCHANGE_LAST;;1;1;XEUR;11286683;749;
03.01.2025;13:59:12.723;FOAT SI 20250306 PS;SIMPLE_INSTRUMENT;EFP_FIN;EUR;31;122.79000000;197;EXCHANGE_LAST;;1;1;XEUR;11286683;749;
03.01.2025;14:18:39.390;FOAT SI 20250306 PS;SIMPLE_INSTRUMENT;EFP_FIN;EUR;32;122.76000000;1001;EXCHANGE_LAST;;1;1;XEUR;11286683;749;
03.01.2025;15:15:14.013;FOAT SI 20250306 PS;SIMPLE_INSTRUMENT;EFP_FIN;EUR;33;122.77000000;71;EXCHANGE_LAST;;1;1;XEUR;11286683;749;
03.01.2025;15:25:29.055;FOAT SI 20250306 PS;SIMPLE_INSTRUMENT;EFP_FIN;EUR;34;122.74000000;86;EXCHANGE_LAST;;1;1;XEUR;11286683;749;
03.01.2025;15:31:36.049;FOAT SI 20250306 PS;SIMPLE_INSTRUMENT;EFP_FIN;EUR;35;122.53000000;834;EXCHANGE_LAST;;1;1;XEUR;11286683;749;
03.01.2025;15:33:43.098;FOAT SI 20250306 PS;SIMPLE_INSTRUMENT;EFP_FIN;EUR;36;122.57000000;516;EXCHANGE_LAST;;1;1;XEUR;11286683;749;
03.01.2025;16:09:18.727;FOAT SI 20250306 PS;SIMPLE_INSTRUMENT;EFP_FIN;EUR;37;122.43000000;108;EXCHANGE_LAST;;1;1;XEUR;11286683;749;
03.01.2025;16:25:05.503;FOAT SI 20250306 PS;SIMPLE_INSTRUMENT;EFP_FIN;EUR;38;122.40000000;115;EXCHANGE_LAST;;1;1;XEUR;11286683;749;
03.01.2025;16:38:00.944;FOAT SI 20250306 PS;SIMPLE_INSTRUMENT;EFP_FIN;EUR;39;122.39000000;834;EXCHANGE_LAST;;1;1;XEUR;11286683;749;
03.01.2025;16:44:34.570;FOAT SI 20250306 PS;SIMPLE_INSTRUMENT;EFP_FIN;EUR;40;122.41000000;89;EXCHANGE_LAST;;1;1;XEUR;11286683;749;
03.01.2025;16:45:21.690;FOAT SI 20250306 PS;SIMPLE_INSTRUMENT;EFP_FIN;EUR;41;122.43000000;417;EXCHANGE_LAST;;1;1;XEUR;11286683;749;
03.01.2025;11:52:07.989;FRE SI 20250221 PS AM P 32.00 0;SIMPLE_INSTRUMENT;BLOCK;EUR;5;0.61000000;1500;EXCHANGE_LAST;;1;2;XEUR;12245607;760;
03.01.2025;16:57:45.633;FSCP SI 20250321 CS;SIMPLE_INSTRUMENT;EFP_IDX;EUR;46;335.40000000;58;EXCHANGE_LAST;;1;1;XEUR;11360241;764;
03.01.2025;16:58:05.526;FSCP SI 20250321 CS;SIMPLE_INSTRUMENT;EFP_IDX;EUR;47;336.30000000;2;EXCHANGE_LAST;;1;1;XEUR;11360241;764;
03.01.2025;16:58:14.886;FSCP SI 20250321 CS;SIMPLE_INSTRUMENT;BLOCK;EUR;48;335.60000000;787;EXCHANGE_LAST;;1;1;XEUR;11360241;764;
03.01.2025;16:58:21.310;FSCP SI 20250321 CS;SIMPLE_INSTRUMENT;BLOCK;EUR;49;335.50000000;2633;EXCHANGE_LAST;;1;1;XEUR;11360241;764;
03.01.2025;16:45:55.543;FSEG SI 20250321 CS;SIMPLE_INSTRUMENT;EFP_IDX;EUR;42;189.00000000;8;EXCHANGE_LAST;;1;1;XEUR;11393888;109977;
03.01.2025;16:46:17.594;FSEG SI 20250321 CS;SIMPLE_INSTRUMENT;EFP_IDX;EUR;43;188.90000000;14;EXCHANGE_LAST;;1;1;XEUR;11393888;109977;
03.01.2025;16:49:11.354;FSEG SI 20250321 CS;SIMPLE_INSTRUMENT;EFP_IDX;EUR;44;188.90000000;337;EXCHANGE_LAST;;1;1;XEUR;11393888;109977;
03.01.2025;16:49:23.984;FSEG SI 20250321 CS;SIMPLE_INSTRUMENT;EFP_IDX;EUR;45;189.00000000;138;EXCHANGE_LAST;;1;1;XEUR;11393888;109977;
03.01.2025;09:31:52.920;FSMI SI 20250321 CS;SIMPLE_INSTRUMENT;EFP_IDX;CHF;1;11570.00000000;250;EXCHANGE_LAST;;1;1;XEUR;7793721;757;
03.01.2025;09:33:41.764;FSMI SI 20250321 CS;SIMPLE_INSTRUMENT;BLOCK;CHF;2;11590.00000000;500;EXCHANGE_LAST;;1;1;XEUR;7793721;757;
03.01.2025;09:44:32.129;FSMI SI 20250321 CS;SIMPLE_INSTRUMENT;BLOCK;CHF;3;11595.00000000;500;EXCHANGE_LAST;;1;1;XEUR;7793721;757;
03.01.2025;09:44:45.990;FSMI SI 20250321 CS;SIMPLE_INSTRUMENT;BLOCK;CHF;4;11590.00000000;1500;EXCHANGE_LAST;;1;1;XEUR;7793721;757;
03.01.2025;09:45:20.415;FSMI SI 20250321 CS;SIMPLE_INSTRUMENT;BLOCK;CHF;5;11595.00000000;1500;EXCHANGE_LAST;;1;1;XEUR;7793721;757;
03.01.2025;10:43:51.075;FSMI SI 20250321 CS;SIMPLE_INSTRUMENT;BLOCK;CHF;6;11575.00000000;1000;EXCHANGE_LAST;;1;1;XEUR;7793721;757;
03.01.2025;16:35:11.499;FSMI SI 20250321 CS;SIMPLE_INSTRUMENT;EFP_IDX;CHF;7;11601.00000000;138;EXCHANGE_LAST;;1;1;XEUR;7793721;757;
03.01.2025;16:35:24.548;FSMI SI 20250321 CS;SIMPLE_INSTRUMENT;EFP_IDX;CHF;8;11602.00000000;3;EXCHANGE_LAST;;1;1;XEUR;7793721;757;
03.01.2025;16:35:34.541;FSMI SI 20250321 CS;SIMPLE_INSTRUMENT;EFP_IDX;CHF;9;11601.00000000;58;EXCHANGE_LAST;;1;1;XEUR;7793721;757;
03.01.2025;16:35:43.437;FSMI SI 20250321 CS;SIMPLE_INSTRUMENT;EFP_IDX;CHF;10;11602.00000000;1;EXCHANGE_LAST;;1;1;XEUR;7793721;757;
03.01.2025;16:40:52.093;FSMI SI 20250321 CS;SIMPLE_INSTRUMENT;EFP_IDX;CHF;11;11602.00000000;8;EXCHANGE_LAST;;1;1;XEUR;7793721;757;
03.01.2025;16:41:11.207;FSMI SI 20250321 CS;SIMPLE_INSTRUMENT;EFP_IDX;CHF;12;11601.00000000;392;EXCHANGE_LAST;;1;1;XEUR;7793721;757;
03.01.2025;10:55:03.468;FSMI SI 20250321 CS;SIMPLE_INSTRUMENT;VOLA;CHF;603979787;11570.00000000;52;EXCHANGE_LAST;;1;1;XEUR;7793721;757;
03.01.2025;08:51:13.434;FSTA SI 20250321 CS;SIMPLE_INSTRUMENT;BLOCK;EUR;1;547.00000000;1381;EXCHANGE_LAST;;1;1;XEUR;11359808;715;
03.01.2025;10:04:44.292;FSTA SI 20250321 CS;SIMPLE_INSTRUMENT;BLOCK;EUR;3;545.40000000;365;EXCHANGE_LAST;;1;1;XEUR;11359808;715;
03.01.2025;11:33:28.056;FSTA SI 20250321 CS;SIMPLE_INSTRUMENT;BLOCK;EUR;4;545.00000000;407;EXCHANGE_LAST;;1;1;XEUR;11359808;715;
03.01.2025;13:38:37.318;FSTA SI 20250321 CS;SIMPLE_INSTRUMENT;BLOCK;EUR;9;542.10000000;359;EXCHANGE_LAST;;1;1;XEUR;11359808;715;
03.01.2025;15:46:32.389;FSTA SI 20250321 CS;SIMPLE_INSTRUMENT;EFP_IDX;EUR;13;541.60000000;140;EXCHANGE_LAST;;1;1;XEUR;11359808;715;
03.01.2025;15:46:50.057;FSTA SI 20250321 CS;SIMPLE_INSTRUMENT;EFP_IDX;EUR;14;541.50000000;325;EXCHANGE_LAST;;1;1;XEUR;11359808;715;
03.01.2025;16:51:22.939;FSTA SI 20250321 CS;SIMPLE_INSTRUMENT;EFP_IDX;EUR;15;542.40000000;406;EXCHANGE_LAST;;1;1;XEUR;11359808;715;
03.01.2025;16:51:33.667;FSTA SI 20250321 CS;SIMPLE_INSTRUMENT;EFP_IDX;EUR;16;542.50000000;271;EXCHANGE_LAST;;1;1;XEUR;11359808;715;
03.01.2025;11:33:43.833;FSTE SI 20250321 CS;SIMPLE_INSTRUMENT;BLOCK;EUR;5;344.00000000;317;EXCHANGE_LAST;;1;1;XEUR;11359812;719;
03.01.2025;11:33:57.670;FSTE SI 20250321 CS;SIMPLE_INSTRUMENT;BLOCK;EUR;6;344.20000000;253;EXCHANGE_LAST;;1;1;XEUR;11359812;719;
03.01.2025;15:12:40.122;FSTE SI 20250321 CS;SIMPLE_INSTRUMENT;BLOCK;EUR;11;345.90000000;560;EXCHANGE_LAST;;1;1;XEUR;11359812;719;
03.01.2025;15:12:58.305;FSTE SI 20250321 CS;SIMPLE_INSTRUMENT;BLOCK;EUR;12;345.80000000;840;EXCHANGE_LAST;;1;1;XEUR;11359812;719;
03.01.2025;13:44:06.635;FSTS SI 20250321 CS;SIMPLE_INSTRUMENT;VOLA;EUR;603979796;517.00000000;30;EXCHANGE_LAST;;1;1;XEUR;11359775;709;
03.01.2025;10:48:49.262;FSTU SI 20250321 CS;SIMPLE_INSTRUMENT;BLOCK;EUR;8;389.50000000;250;EXCHANGE_LAST;;1;1;XEUR;11359815;730;
03.01.2025;10:48:53.999;FSTU SI 20250321 CS;SIMPLE_INSTRUMENT;BLOCK;EUR;9;389.60000000;250;EXCHANGE_LAST;;1;1;XEUR;11359815;730;
03.01.2025;12:28:53.073;FSTV SI 20250321 CS;SIMPLE_INSTRUMENT;EFP_IDX;EUR;7;269.90000000;264;EXCHANGE_LAST;;1;1;XEUR;11359817;731;
03.01.2025;12:29:06.032;FSTV SI 20250321 CS;SIMPLE_INSTRUMENT;EFP_IDX;EUR;8;270.00000000;176;EXCHANGE_LAST;;1;1;XEUR;11359817;731;
03.01.2025;17:01:47.820;FSTX SI 20250321 CS;SIMPLE_INSTRUMENT;EFP_IDX;EUR;50;4324.00000000;214;EXCHANGE_LAST;;1;1;XEUR;11359814;728;
03.01.2025;17:01:55.294;FSTX SI 20250321 CS;SIMPLE_INSTRUMENT;EFP_IDX;EUR;51;4323.00000000;1119;EXCHANGE_LAST;;1;1;XEUR;11359814;728;
03.01.2025;10:19:05.382;FSTY SI 20250321 CS;SIMPLE_INSTRUMENT;VOLA;EUR;603979783;816.10000000;37;EXCHANGE_LAST;;1;1;XEUR;11359816;729;
03.01.2025;12:02:04.657;FTE.O.250103.STD.000002;STANDARD_OPTION_STRATEGY;BLOCK;EUR;3;0.61000000;6000;EXCHANGE_LAST;;2;1;XEUR;72060703594263344;724;
03.01.2025;12:02:04.657;FTE SI 20250321 PS AM P 10.00 0;SIMPLE_INSTRUMENT;BLOCK;EUR;3;0.44000000;6000;PRC_DECOMP_EXCHANGE;;;;XEUR;10840133;724;EXCHANGE
03.01.2025;12:02:04.657;FTE SI 20250321 PS AM C 10.00 0;SIMPLE_INSTRUMENT;BLOCK;EUR;3;0.17000000;6000;PRC_DECOMP_EXCHANGE;;;;XEUR;10840132;724;EXCHANGE
03.01.2025;15:36:14.407;FTE.O.250103.STD.000002;STANDARD_OPTION_STRATEGY;BLOCK;EUR;6;0.61000000;2000;EXCHANGE_LAST;;1;1;XEUR;72060703594263344;724;
03.01.2025;15:36:14.407;FTE SI 20250321 PS AM P 10.00 0;SIMPLE_INSTRUMENT;BLOCK;EUR;6;0.44000000;2000;PRC_DECOMP_MEMBER;;;;XEUR;10840133;724;MEMBER
03.01.2025;15:36:14.407;FTE SI 20250321 PS AM C 10.00 0;SIMPLE_INSTRUMENT;BLOCK;EUR;6;0.17000000;2000;PRC_DECOMP_MEMBER;;;;XEUR;10840132;724;MEMBER
03.01.2025;16:20:36.139;FUEM SI 20250321 CS;SIMPLE_INSTRUMENT;BLOCK;USD;41;115.14000000;125;EXCHANGE_LAST;;1;1;XEUR;11429254;772680;
03.01.2025;16:14:14.173;FUHY SI 20250321 CS;SIMPLE_INSTRUMENT;BLOCK;USD;39;689.42000000;80;EXCHANGE_LAST;;1;1;XEUR;11850132;909660;
03.01.2025;16:16:10.225;FUIG SI 20250321 CS;SIMPLE_INSTRUMENT;BLOCK;USD;40;3316.10000000;130;EXCHANGE_LAST;;1;1;XEUR;11850128;909659;
03.01.2025;15:18:49.138;FVS SI 20250318 CS;SIMPLE_INSTRUMENT;BLOCK;EUR;26;18.30000000;2000;EXCHANGE_LAST;;1;1;XEUR;11520513;821;
03.01.2025;15:19:09.967;FVS SI 20250219 CS;SIMPLE_INSTRUMENT;BLOCK;EUR;27;18.10000000;1000;EXCHANGE_LAST;;1;1;XEUR;11334509;821;
03.01.2025;15:19:44.689;FVS SI 20250219 CS;SIMPLE_INSTRUMENT;BLOCK;EUR;28;18.25000000;1000;EXCHANGE_LAST;;1;1;XEUR;11334509;821;
03.01.2025;16:41:39.854;FXXP SI 20250321 CS;SIMPLE_INSTRUMENT;BLOCK;EUR;30;509.40000000;6000;EXCHANGE_LAST;;1;1;XEUR;7793972;816;
03.01.2025;16:54:14.695;FXXP SI 20250321 CS;SIMPLE_INSTRUMENT;BLOCK;EUR;31;509.20000000;2250;EXCHANGE_LAST;;1;3;XEUR;7793972;816;
03.01.2025;16:46:36.898;FXXP SI 20250321 CS;SIMPLE_INSTRUMENT;EFP_IDX;EUR;32;509.40000000;4000;EXCHANGE_LAST;;1;1;XEUR;7793972;816;
03.01.2025;16:54:22.773;FXXP SI 20250321 CS;SIMPLE_INSTRUMENT;BLOCK;EUR;33;509.60000000;2750;EXCHANGE_LAST;;1;3;XEUR;7793972;816;
03.01.2025;16:45:34.657;FXXP SI 20250321 CS;SIMPLE_INSTRUMENT;EFP_IDX;EUR;34;509.40000000;1000;EXCHANGE_LAST;;1;1;XEUR;7793972;816;
03.01.2025;16:44:51.656;FXXP SI 20250321 CS;SIMPLE_INSTRUMENT;BLOCK;EUR;35;509.20000000;655;EXCHANGE_LAST;;1;1;XEUR;7793972;816;
03.01.2025;16:44:51.676;FXXP SI 20250321 CS;SIMPLE_INSTRUMENT;BLOCK;EUR;36;509.50000000;1414;EXCHANGE_LAST;;1;1;XEUR;7793972;816;
03.01.2025;16:46:13.510;FXXP SI 20250321 CS;SIMPLE_INSTRUMENT;EFP_IDX;EUR;37;509.40000000;3200;EXCHANGE_LAST;;1;1;XEUR;7793972;816;
03.01.2025;16:46:25.664;FXXP SI 20250321 CS;SIMPLE_INSTRUMENT;EFP_IDX;EUR;38;509.50000000;800;EXCHANGE_LAST;;1;1;XEUR;7793972;816;
03.01.2025;16:46:36.175;FXXP SI 20250321 CS;SIMPLE_INSTRUMENT;EFP_IDX;EUR;39;509.40000000;800;EXCHANGE_LAST;;1;1;XEUR;7793972;816;
03.01.2025;16:46:54.774;FXXP SI 20250321 CS;SIMPLE_INSTRUMENT;BLOCK;EUR;40;509.20000000;450;EXCHANGE_LAST;;1;1;XEUR;7793972;816;
03.01.2025;16:46:48.847;FXXP SI 20250321 CS;SIMPLE_INSTRUMENT;EFP_IDX;EUR;41;509.50000000;200;EXCHANGE_LAST;;1;1;XEUR;7793972;816;
03.01.2025;16:47:03.235;FXXP SI 20250321 CS;SIMPLE_INSTRUMENT;BLOCK;EUR;42;509.60000000;550;EXCHANGE_LAST;;1;1;XEUR;7793972;816;
03.01.2025;16:48:19.507;FXXP SI 20250321 CS;SIMPLE_INSTRUMENT;EFP_IDX;EUR;43;509.40000000;148;EXCHANGE_LAST;;1;1;XEUR;7793972;816;
03.01.2025;16:51:29.404;FXXP SI 20250321 CS;SIMPLE_INSTRUMENT;EFP_IDX;EUR;44;509.40000000;1200;EXCHANGE_LAST;;1;1;XEUR;7793972;816;
03.01.2025;16:51:42.053;FXXP SI 20250321 CS;SIMPLE_INSTRUMENT;EFP_IDX;EUR;45;509.50000000;300;EXCHANGE_LAST;;1;1;XEUR;7793972;816;
03.01.2025;16:52:20.897;FXXP SI 20250321 CS;SIMPLE_INSTRUMENT;EFP_IDX;EUR;46;509.40000000;400;EXCHANGE_LAST;;1;1;XEUR;7793972;816;
03.01.2025;16:52:52.695;FXXP SI 20250321 CS;SIMPLE_INSTRUMENT;EFP_IDX;EUR;47;509.50000000;100;EXCHANGE_LAST;;1;1;XEUR;7793972;816;
03.01.2025;16:53:24.413;FXXP SI 20250321 CS;SIMPLE_INSTRUMENT;EFP_IDX;EUR;48;509.40000000;800;EXCHANGE_LAST;;1;1;XEUR;7793972;816;
03.01.2025;16:54:06.276;FXXP SI 20250321 CS;SIMPLE_INSTRUMENT;EFP_IDX;EUR;49;509.50000000;200;EXCHANGE_LAST;;1;1;XEUR;7793972;816;
03.01.2025;14:48:51.937;FXXP SI 20250321 CS;SIMPLE_INSTRUMENT;VOLA;EUR;603979803;510.20000000;39;EXCHANGE_LAST;;1;1;XEUR;7793972;816;
03.01.2025;11:17:50.888;G3ZF SI 20261218 CS;SIMPLE_INSTRUMENT;BLOCK;EUR;8;1.12500000;865;EXCHANGE_LAST;;1;1;XEUR;6825108;144760;
03.01.2025;16:22:19.596;G3ZF SI 20261218 CS;SIMPLE_INSTRUMENT;BLOCK;EUR;36;1.14000000;900;EXCHANGE_LAST;;1;1;XEUR;6825108;144760;
03.01.2025;16:34:15.206;G3ZF SI 20261218 CS;SIMPLE_INSTRUMENT;BLOCK;EUR;38;1.14000000;500;EXCHANGE_LAST;;1;1;XEUR;6825108;144760;
03.01.2025;13:58:08.670;GAD SI 20250117 PS AM P 102.00 0;SIMPLE_INSTRUMENT;BLOCK;CHF;43;1.45000000;500;EXCHANGE_LAST;;1;1;XEUR;12506714;834185;
03.01.2025;10:55:33.787;GIVN SI 20250620 PS AM P 3800.0 0;SIMPLE_INSTRUMENT;BLOCK;CHF;22;175.00000000;250;EXCHANGE_LAST;;1;1;XEUR;11362136;892;
03.01.2025;10:56:21.789;GIVN SI 20250620 PS AM C 4000.0 0;SIMPLE_INSTRUMENT;BLOCK;CHF;23;160.00000000;250;EXCHANGE_LAST;;1;1;XEUR;9550774;892;
03.01.2025;10:58:26.725;HELN SI 20250221 PS AM C 160.00 0;SIMPLE_INSTRUMENT;BLOCK;CHF;20;0.76000000;4000;EXCHANGE_LAST;;1;1;XEUR;12246029;838;
03.01.2025;10:37:33.837;HOLN SI 20250221 PS AM C 93.00 0;SIMPLE_INSTRUMENT;BLOCK;CHF;13;0.61000000;800;EXCHANGE_LAST;;1;1;XEUR;12247241;943;
03.01.2025;10:53:37.763;I3ES SI 20251219 CS;SIMPLE_INSTRUMENT;BLOCK;EUR;5;0.34200000;500;EXCHANGE_LAST;;1;1;XEUR;5914756;913;
03.01.2025;10:53:49.685;I3ES SI 20251219 CS;SIMPLE_INSTRUMENT;BLOCK;EUR;6;0.34300000;500;EXCHANGE_LAST;;1;1;XEUR;5914756;913;
03.01.2025;16:08:51.114;I4NN SI 20251219 CS;SIMPLE_INSTRUMENT;BLOCK;EUR;35;1.05500000;350;EXCHANGE_LAST;;1;1;XEUR;9488383;669776;
03.01.2025;10:26:27.269;IFX.O.250103.BLT12.000008;STANDARD_OPTION_STRATEGY;BLOCK;EUR;3;0.74000000;1000;EXCHANGE_LAST;;1;1;XEUR;72061468098469173;902;
03.01.2025;10:26:27.269;IFX SI 20251219 PS AM C 32.00 0;SIMPLE_INSTRUMENT;BLOCK;EUR;3;3.76000000;1000;PRC_DECOMP_EXCHANGE;;;;XEUR;5933326;902;EXCHANGE
03.01.2025;10:26:27.269;IFX SI 20250321 PS AM C 32.00 0;SIMPLE_INSTRUMENT;BLOCK;EUR;3;1.51000000;2000;PRC_DECOMP_EXCHANGE;;;;XEUR;10842313;902;EXCHANGE
03.01.2025;15:50:09.098;IFX SI 20250117 PS AM C 31.00 0;SIMPLE_INSTRUMENT;BLOCK;EUR;14;0.65000000;2500;EXCHANGE_LAST;;2;1;XEUR;12077049;902;
03.01.2025;14:40:22.351;KGX SI 20250620 PS AM P 26.00 0;SIMPLE_INSTRUMENT;BLOCK;EUR;12;1.31000000;300;EXCHANGE_LAST;;1;1;XEUR;11385194;14929;
03.01.2025;09:54:49.458;KNIN SI 20250321 PS AM P 200.00 0;SIMPLE_INSTRUMENT;BLOCK;CHF;7;5.30000000;500;EXCHANGE_LAST;;2;1;XEUR;10844842;1091;
03.01.2025;14:10:42.463;LHA SI 20291221 PS AM P 5.60 0;SIMPLE_INSTRUMENT;BLOCK;EUR;8;1.32000000;2500;EXCHANGE_LAST;;1;1;XEUR;12449005;1126;
03.01.2025;14:12:26.321;MOH SI 20250117 PS AM C 640.00 0;SIMPLE_INSTRUMENT;BLOCK;EUR;5;5.33000000;172;EXCHANGE_LAST;;1;1;XEUR;12078873;1074;
03.01.2025;13:27:45.654;MOZ SI 20251219 PS AM P 9.00 0;SIMPLE_INSTRUMENT;BLOCK;CHF;38;0.50000000;2500;EXCHANGE_LAST;;1;1;XEUR;12492157;567622;
03.01.2025;14:53:40.661;N2ES SI 20250620 CS;SIMPLE_INSTRUMENT;BLOCK;CHF;29;3.10000000;340;EXCHANGE_LAST;;1;2;XEUR;10848664;1240;
03.01.2025;14:53:49.545;N4OV SI 20250620 CS;SIMPLE_INSTRUMENT;BLOCK;CHF;30;3.42000000;204;EXCHANGE_LAST;;1;2;XEUR;10891333;724743;
03.01.2025;16:25:37.183;N4OV SI 20250321 CS;SIMPLE_INSTRUMENT;BLOCK;CHF;37;3.21000000;150;EXCHANGE_LAST;;1;1;XEUR;10462863;724743;
03.01.2025;14:38:55.359;NDX1 SI 20291221 PS AM P 8.00 0;SIMPLE_INSTRUMENT;BLOCK;EUR;7;2.06000000;1500;EXCHANGE_LAST;;1;1;XEUR;12452807;1254;
03.01.2025;14:53:10.385;NESE.O.250103.CNV.000003;STANDARD_OPTION_STRATEGY;BLOCK;CHF;48;-13.24000000;5000;EXCHANGE_LAST;;1;2;XEUR;72062992811836899;1257;
03.01.2025;14:53:10.385;NESE SI 20250620 PS EU C 86.00 0;SIMPLE_INSTRUMENT;BLOCK;CHF;48;0.39000000;5000;PRC_DECOMP_EXCHANGE;;;;XEUR;11765625;1257;EXCHANGE
03.01.2025;14:53:10.385;NESE SI 20250620 PS EU P 86.00 0;SIMPLE_INSTRUMENT;BLOCK;CHF;48;13.63000000;5000;PRC_DECOMP_EXCHANGE;;;;XEUR;11765626;1257;EXCHANGE
03.01.2025;13:51:05.946;NESG SI 20250321 CS;SIMPLE_INSTRUMENT;BLOCK;CHF;15;74.63500000;2000;EXCHANGE_LAST;;1;1;XEUR;10707780;1256;
03.01.2025;14:32:28.792;NESG SI 20250321 CS;SIMPLE_INSTRUMENT;BLOCK;CHF;23;74.68500000;1000;EXCHANGE_LAST;;1;1;XEUR;10707780;1256;
03.01.2025;09:53:56.176;NESN SI 20261218 PS AM C 70.00 0;SIMPLE_INSTRUMENT;BLOCK;CHF;6;7.19000000;750;EXCHANGE_LAST;;1;1;XEUR;12331791;1263;
03.01.2025;14:10:13.475;NNG FI 20251219 PS EU C 42.0000 0;FLEXIBLE_INSTRUMENT;BLOCK;EUR;5;2.55000000;250;EXCHANGE_LAST;;1;1;XEUR;1153125846265889780;47577;
03.01.2025;14:53:32.077;NOVE.O.250103.CNV.000001;STANDARD_OPTION_STRATEGY;BLOCK;CHF;49;-13.23000000;3000;EXCHANGE_LAST;;1;2;XEUR;75170345815905531;724744;
03.01.2025;14:53:32.077;NOVE SI 20250620 PS EU P 100.00 0;SIMPLE_INSTRUMENT;BLOCK;CHF;49;14.12000000;3000;PRC_DECOMP_EXCHANGE;;;;XEUR;10038260;724744;EXCHANGE
03.01.2025;14:53:32.077;NOVE SI 20250620 PS EU C 100.00 0;SIMPLE_INSTRUMENT;BLOCK;CHF;49;0.89000000;3000;PRC_DECOMP_EXCHANGE;;;;XEUR;10038268;724744;EXCHANGE
03.01.2025;14:36:52.332;NOVN SI 20250321 PS AM P 88.00 0;SIMPLE_INSTRUMENT;BLOCK;CHF;47;3.80000000;1500;EXCHANGE_LAST;;1;2;XEUR;10891568;724745;
03.01.2025;11:22:57.644;OBTP.O.250103.PBUT.000002;STANDARD_OPTION_STRATEGY;BLOCK;EUR;19;0.70000000;1000;EXCHANGE_LAST;;1;1;XEUR;72310189654565733;58812;
03.01.2025;11:22:57.644;OBTP SI 20250124 PS AM P 117.00 0;SIMPLE_INSTRUMENT;BLOCK;EUR;19;0.05000000;1000;PRC_DECOMP_EXCHANGE;;;;XEUR;12143797;58812;EXCHANGE
03.01.2025;11:22:57.644;OBTP SI 20250124 PS AM P 119.00 0;SIMPLE_INSTRUMENT;BLOCK;EUR;19;0.45000000;2000;PRC_DECOMP_EXCHANGE;;;;XEUR;12143789;58812;EXCHANGE
03.01.2025;11:22:57.644;OBTP SI 20250124 PS AM P 121.00 0;SIMPLE_INSTRUMENT;BLOCK;EUR;19;1.55000000;1000;PRC_DECOMP_EXCHANGE;;;;XEUR;12143749;58812;EXCHANGE
03.01.2025;08:54:16.222;ODAX.O.250103.BRT.000105;STANDARD_OPTION_STRATEGY;BLOCK;EUR;1;3.00000000;800;EXCHANGE_LAST;;1;1;XEUR;72062644920398712;1176;
03.01.2025;08:54:16.222;ODAX SI 20250103 CS EU P 20300 0;SIMPLE_INSTRUMENT;BLOCK;EUR;1;355.90000000;800;PRC_DECOMP_EXCHANGE;;;;XEUR;12314577;1176;EXCHANGE
03.01.2025;08:54:16.222;ODAX SI 20250110 CS EU P 20300 0;SIMPLE_INSTRUMENT;BLOCK;EUR;1;358.90000000;800;PRC_DECOMP_EXCHANGE;;;;XEUR;12341197;1176;EXCHANGE
03.01.2025;08:55:08.697;ODAX.O.250103.BRT.000102;STANDARD_OPTION_STRATEGY;BLOCK;EUR;2;47.90000000;800;EXCHANGE_LAST;;1;1;XEUR;72062644920398709;1176;
03.01.2025;08:55:08.697;ODAX SI 20250103 CS EU P 20100 0;SIMPLE_INSTRUMENT;BLOCK;EUR;2;165.70000000;800;PRC_DECOMP_EXCHANGE;;;;XEUR;12314487;1176;EXCHANGE
03.01.2025;08:55:08.697;ODAX SI 20250110 CS EU P 20100 0;SIMPLE_INSTRUMENT;BLOCK;EUR;2;213.60000000;800;PRC_DECOMP_EXCHANGE;;;;XEUR;12341237;1176;EXCHANGE
03.01.2025;08:55:54.977;ODAX.O.250103.PDIA.000106;STANDARD_OPTION_STRATEGY;BLOCK;EUR;3;19.00000000;1200;EXCHANGE_LAST;;1;1;XEUR;72062644920398713;1176;
03.01.2025;08:55:54.977;ODAX SI 20250103 CS EU P 20100 0;SIMPLE_INSTRUMENT;BLOCK;EUR;3;169.60000000;1200;PRC_DECOMP_EXCHANGE;;;;XEUR;12314487;1176;EXCHANGE
03.01.2025;08:55:54.977;ODAX SI 20250110 CS EU P 20050 0;SIMPLE_INSTRUMENT;BLOCK;EUR;3;188.60000000;1200;PRC_DECOMP_EXCHANGE;;;;XEUR;12341240;1176;EXCHANGE
03.01.2025;10:03:13.456;ODAX.O.250103.CDIA.000139;STANDARD_OPTION_STRATEGY;BLOCK;EUR;5;39.00000000;600;EXCHANGE_LAST;;1;1;XEUR;72062644920398746;1176;
03.01.2025;10:03:13.456;ODAX SI 20250110 CS EU C 20200 0;SIMPLE_INSTRUMENT;BLOCK;EUR;5;39.10000000;600;PRC_DECOMP_EXCHANGE;;;;XEUR;12341200;1176;EXCHANGE
03.01.2025;10:03:13.456;ODAX SI 20250103 CS EU C 20100 0;SIMPLE_INSTRUMENT;BLOCK;EUR;5;0.10000000;600;PRC_DECOMP_EXCHANGE;;;;XEUR;12314493;1176;EXCHANGE
03.01.2025;10:13:19.764;ODAX.O.250103.CDIA.000139;STANDARD_OPTION_STRATEGY;BLOCK;EUR;6;34.50000000;800;EXCHANGE_LAST;;1;1;XEUR;72062644920398746;1176;
03.01.2025;10:13:19.764;ODAX SI 20250103 CS EU C 20100 0;SIMPLE_INSTRUMENT;BLOCK;EUR;6;0.10000000;800;PRC_DECOMP_EXCHANGE;;;;XEUR;12314493;1176;EXCHANGE
03.01.2025;10:13:19.764;ODAX SI 20250110 CS EU C 20200 0;SIMPLE_INSTRUMENT;BLOCK;EUR;6;34.60000000;800;PRC_DECOMP_EXCHANGE;;;;XEUR;12341200;1176;EXCHANGE
03.01.2025;11:28:50.107;ODAX SI 20250117 CS EU P 19500 0;SIMPLE_INSTRUMENT;BLOCK;EUR;7;64.50000000;750;EXCHANGE_LAST;;1;1;XEUR;12080418;1176;
03.01.2025;11:29:26.444;ODAX SI 20250117 CS EU C 20400 0;SIMPLE_INSTRUMENT;BLOCK;EUR;8;42.50000000;750;EXCHANGE_LAST;;1;1;XEUR;12080603;1176;
03.01.2025;14:13:17.277;ODAX SI 20250620 CS EU C 20500 0;SIMPLE_INSTRUMENT;BLOCK;EUR;10;649.30000000;1000;EXCHANGE_LAST;;1;1;XEUR;9786183;1176;
03.01.2025;14:13:25.168;ODAX SI 20250620 CS EU P 20000 0;SIMPLE_INSTRUMENT;BLOCK;EUR;11;686.70000000;1000;EXCHANGE_LAST;;1;1;XEUR;10952212;1176;
03.01.2025;09:32:03.542;ODAX.V.250103.CALL-U.000135;OPTION_VOLATILITY_STRATEGY;BLOCK;EUR;671088644;606.50000000;5;EXCHANGE_LAST;;1;1;XEUR;72062644920398742;1176;
03.01.2025;09:32:03.542;ODAX SI 20250620 CS EU C 20600 0;SIMPLE_INSTRUMENT;BLOCK;EUR;671088644;606.50000000;500;PRC_DECOMP_EXCHANGE;;;;XEUR;12080591;1176;EXCHANGE
03.01.2025;09:32:03.542;FDAX SI 20250321 CS;SIMPLE_INSTRUMENT;BLOCK;EUR;671088644;20080.00000000;45;PRC_DECOMP_EXCHANGE;;;;XEUR;7561255;1176;EXCHANGE
03.01.2025;09:37:29.768;OESB.V.250103.COMBO+U.000011;OPTION_VOLATILITY_STRATEGY;BLOCK;EUR;603979777;-0.50000000;60;EXCHANGE_LAST;;1;1;XEUR;72062726523976754;1195;
03.01.2025;09:37:29.768;OESB SI 20250117 CS EU P 135.0 0;SIMPLE_INSTRUMENT;BLOCK;EUR;603979777;0.35000000;6000;PRC_DECOMP_EXCHANGE;;;;XEUR;12080942;1195;EXCHANGE
03.01.2025;09:37:29.768;OESB SI 20250117 CS EU C 149.0 0;SIMPLE_INSTRUMENT;BLOCK;EUR;603979777;0.85000000;6000;PRC_DECOMP_EXCHANGE;;;;XEUR;12081139;1195;EXCHANGE
03.01.2025;09:37:29.768;FESB SI 20250321 CS;SIMPLE_INSTRUMENT;BLOCK;EUR;603979777;145.40000000;2100;PRC_DECOMP_EXCHANGE;;;;XEUR;11359072;1195;EXCHANGE
03.01.2025;10:44:59.022;OESB.V.250103.PUT+U.000022;OPTION_VOLATILITY_STRATEGY;BLOCK;EUR;603979784;5.90000000;100;EXCHANGE_LAST;;1;1;XEUR;72062726523976765;1195;
03.01.2025;10:44:59.022;FESB SI 20250321 CS;SIMPLE_INSTRUMENT;BLOCK;EUR;603979784;145.50000000;3500;PRC_DECOMP_EXCHANGE;;;;XEUR;11359072;1195;EXCHANGE
03.01.2025;10:44:59.022;OESB SI 20250620 CS EU P 135.0 0;SIMPLE_INSTRUMENT;BLOCK;EUR;603979784;5.90000000;10000;PRC_DECOMP_EXCHANGE;;;;XEUR;8388143;1195;EXCHANGE
03.01.2025;11:26:33.216;OESB.V.250103.PUT+U.000024;OPTION_VOLATILITY_STRATEGY;BLOCK;EUR;603979790;1.45000000;120;EXCHANGE_LAST;;2;1;XEUR;72062726523976767;1195;
03.01.2025;11:26:33.216;OESB SI 20250321 CS EU P 130.0 0;SIMPLE_INSTRUMENT;BLOCK;EUR;603979790;1.45000000;12000;PRC_DECOMP_EXCHANGE;;;;XEUR;10414015;1195;EXCHANGE
03.01.2025;11:26:33.216;FESB SI 20250321 CS;SIMPLE_INSTRUMENT;BLOCK;EUR;603979790;145.60000000;1920;PRC_DECOMP_EXCHANGE;;;;XEUR;11359072;1195;EXCHANGE
03.01.2025;13:43:53.586;OESB.V.250103.PUT+U.000032;OPTION_VOLATILITY_STRATEGY;BLOCK;EUR;603979795;5.00000000;60;EXCHANGE_LAST;;1;1;XEUR;72062726523976775;1195;
03.01.2025;13:43:53.586;FESB SI 20250321 CS;SIMPLE_INSTRUMENT;BLOCK;EUR;603979795;145.90000000;2700;PRC_DECOMP_EXCHANGE;;;;XEUR;11359072;1195;EXCHANGE
03.01.2025;13:43:53.586;OESB SI 20250321 CS EU P 145.0 0;SIMPLE_INSTRUMENT;BLOCK;EUR;603979795;5.00000000;6000;PRC_DECOMP_EXCHANGE;;;;XEUR;10414008;1195;EXCHANGE
03.01.2025;14:13:31.455;OESB.V.250103.PUT+U.000032;OPTION_VOLATILITY_STRATEGY;BLOCK;EUR;603979798;5.00000000;60;EXCHANGE_LAST;;1;1;XEUR;72062726523976775;1195;
03.01.2025;14:13:31.455;FESB SI 20250321 CS;SIMPLE_INSTRUMENT;BLOCK;EUR;603979798;145.90000000;2700;PRC_DECOMP_EXCHANGE;;;;XEUR;11359072;1195;EXCHANGE
03.01.2025;14:13:31.455;OESB SI 20250321 CS EU P 145.0 0;SIMPLE_INSTRUMENT;BLOCK;EUR;603979798;5.00000000;6000;PRC_DECOMP_EXCHANGE;;;;XEUR;10414008;1195;EXCHANGE
03.01.2025;08:29:48.406;OESX SI 20250221 CS EU C 5100 0;SIMPLE_INSTRUMENT;BLOCK;EUR;1;30.90000000;2075;EXCHANGE_LAST;;1;1;XEUR;10575909;1210;
03.01.2025;08:38:10.367;OESX SI 20250620 CS EU P 4200 0;SIMPLE_INSTRUMENT;BLOCK;EUR;3;52.50000000;3000;EXCHANGE_LAST;;1;1;XEUR;7798353;1210;
03.01.2025;08:38:27.174;OESX SI 20251219 CS EU P 4200 0;SIMPLE_INSTRUMENT;BLOCK;EUR;4;112.10000000;3000;EXCHANGE_LAST;;1;1;XEUR;2340990;1210;
03.01.2025;09:09:34.826;OESX SI 20251219 CS EU P 4400 0;SIMPLE_INSTRUMENT;BLOCK;EUR;10;153.20000000;2250;EXCHANGE_LAST;;1;1;XEUR;2413964;1210;
03.01.2025;09:21:33.652;OESX SI 20250321 CS EU C 5200 0;SIMPLE_INSTRUMENT;BLOCK;EUR;14;26.00000000;1250;EXCHANGE_LAST;;1;1;XEUR;8921728;1210;
03.01.2025;09:42:56.297;OESX.O.250103.BRT.000160;STANDARD_OPTION_STRATEGY;BLOCK;EUR;20;17.50000000;2500;EXCHANGE_LAST;;1;1;XEUR;72062790950185695;1210;
03.01.2025;09:42:56.297;OESX SI 20250117 CS EU P 4900 0;SIMPLE_INSTRUMENT;BLOCK;EUR;20;51.80000000;2500;PRC_DECOMP_MEMBER;;;;XEUR;10415898;1210;MEMBER
03.01.2025;09:42:56.297;OESX SI 20250110 CS EU P 4900 0;SIMPLE_INSTRUMENT;BLOCK;EUR;20;34.30000000;2500;PRC_DECOMP_MEMBER;;;;XEUR;12173106;1210;MEMBER
03.01.2025;10:13:10.469;OESX SI 20250117 CS EU P 4850 0;SIMPLE_INSTRUMENT;BLOCK;EUR;27;33.80000000;1250;EXCHANGE_LAST;;1;1;XEUR;10575810;1210;
03.01.2025;10:46:01.367;OESX SI 20250321 CS EU C 4900 0;SIMPLE_INSTRUMENT;BLOCK;EUR;30;138.20000000;4075;EXCHANGE_LAST;;1;1;XEUR;8653348;1210;
03.01.2025;11:09:05.005;OESX.O.250103.STG.000238;STANDARD_OPTION_STRATEGY;BLOCK;EUR;35;124.50000000;1000;EXCHANGE_LAST;;1;1;XEUR;72062790950185773;1210;
03.01.2025;11:09:05.005;OESX SI 20250221 CS EU P 4800 0;SIMPLE_INSTRUMENT;BLOCK;EUR;35;68.50000000;1000;PRC_DECOMP_EXCHANGE;;;;XEUR;10575923;1210;EXCHANGE
03.01.2025;11:09:05.005;OESX SI 20250221 CS EU C 5000 0;SIMPLE_INSTRUMENT;BLOCK;EUR;35;56.00000000;1000;PRC_DECOMP_EXCHANGE;;;;XEUR;10575916;1210;EXCHANGE
03.01.2025;11:09:06.423;OESX SI 20250321 CS EU P 4900 0;SIMPLE_INSTRUMENT;BLOCK;EUR;36;131.40000000;2100;EXCHANGE_LAST;;1;1;XEUR;8653351;1210;
03.01.2025;11:09:23.819;OESX SI 20250321 CS EU C 5125 0;SIMPLE_INSTRUMENT;BLOCK;EUR;37;41.80000000;2100;EXCHANGE_LAST;;1;1;XEUR;11283894;1210;
03.01.2025;11:27:44.159;OESX.O.250103.BOX.000236;STANDARD_OPTION_STRATEGY;BLOCK;EUR;39;4971.00000000;1250;EXCHANGE_LAST;;1;1;XEUR;72062790950185771;1210;
03.01.2025;11:27:44.159;OESX SI 20250321 CS EU C 1000 0;SIMPLE_INSTRUMENT;BLOCK;EUR;39;3886.30000000;1250;PRC_DECOMP_MEMBER;;;;XEUR;7798844;1210;MEMBER
03.01.2025;11:27:44.159;OESX SI 20250321 CS EU C 6000 0;SIMPLE_INSTRUMENT;BLOCK;EUR;39;0.10000000;1250;PRC_DECOMP_MEMBER;;;;XEUR;7798839;1210;MEMBER
03.01.2025;11:27:44.159;OESX SI 20250321 CS EU P 6000 0;SIMPLE_INSTRUMENT;BLOCK;EUR;39;1084.90000000;1250;PRC_DECOMP_MEMBER;;;;XEUR;7798828;1210;MEMBER
03.01.2025;11:27:44.159;OESX SI 20250321 CS EU P 1000 0;SIMPLE_INSTRUMENT;BLOCK;EUR;39;0.10000000;1250;PRC_DECOMP_MEMBER;;;;XEUR;7798834;1210;MEMBER
03.01.2025;12:07:31.299;OESX SI 20251219 CS EU C 5500 0;SIMPLE_INSTRUMENT;BLOCK;EUR;41;69.00000000;3642;EXCHANGE_LAST;;1;1;XEUR;9746613;1210;
03.01.2025;12:07:35.731;OESX SI 20251219 CS EU P 4100 0;SIMPLE_INSTRUMENT;BLOCK;EUR;42;98.40000000;3642;EXCHANGE_LAST;;1;1;XEUR;2297661;1210;
03.01.2025;12:59:56.752;OESX.O.250103.BER.000280;STANDARD_OPTION_STRATEGY;BLOCK;EUR;47;5.20000000;5000;EXCHANGE_LAST;;1;1;XEUR;72062790950185815;1210;
03.01.2025;12:59:56.752;OESX SI 20250221 CS EU P 4700 0;SIMPLE_INSTRUMENT;BLOCK;EUR;47;43.80000000;5000;PRC_DECOMP_EXCHANGE;;;;XEUR;10575925;1210;EXCHANGE
03.01.2025;12:59:56.752;OESX SI 20250221 CS EU P 4725 0;SIMPLE_INSTRUMENT;BLOCK;EUR;47;49.00000000;5000;PRC_DECOMP_EXCHANGE;;;;XEUR;11284213;1210;EXCHANGE
03.01.2025;12:59:51.694;OESX.O.250103.BER.000284;STANDARD_OPTION_STRATEGY;BLOCK;EUR;49;5.50000000;2500;EXCHANGE_LAST;;1;1;XEUR;72062790950185819;1210;
03.01.2025;12:59:51.694;OESX SI 20250620 CS EU P 4525 0;SIMPLE_INSTRUMENT;BLOCK;EUR;49;102.10000000;2500;PRC_DECOMP_EXCHANGE;;;;XEUR;11283708;1210;EXCHANGE
03.01.2025;12:59:51.694;OESX SI 20250620 CS EU P 4550 0;SIMPLE_INSTRUMENT;BLOCK;EUR;49;107.60000000;2500;PRC_DECOMP_EXCHANGE;;;;XEUR;10940235;1210;EXCHANGE
03.01.2025;12:59:38.795;OESX.O.250103.BER.000284;STANDARD_OPTION_STRATEGY;BLOCK;EUR;50;5.60000000;2500;EXCHANGE_LAST;;1;1;XEUR;72062790950185819;1210;
03.01.2025;12:59:38.795;OESX SI 20250620 CS EU P 4550 0;SIMPLE_INSTRUMENT;BLOCK;EUR;50;107.70000000;2500;PRC_DECOMP_EXCHANGE;;;;XEUR;10940235;1210;EXCHANGE
03.01.2025;12:59:38.795;OESX SI 20250620 CS EU P 4525 0;SIMPLE_INSTRUMENT;BLOCK;EUR;50;102.10000000;2500;PRC_DECOMP_EXCHANGE;;;;XEUR;11283708;1210;EXCHANGE
03.01.2025;13:03:22.104;OESX SI 20250321 CS EU P 2200 0;SIMPLE_INSTRUMENT;BLOCK;EUR;52;0.50000000;1000;EXCHANGE_LAST;;1;1;XEUR;8267513;1210;
03.01.2025;13:03:57.283;OESX.O.250103.JR.000272;STANDARD_OPTION_STRATEGY;BLOCK;EUR;54;-2.00000000;1000;EXCHANGE_LAST;;1;1;XEUR;72062790950185807;1210;
03.01.2025;13:03:57.283;OESX SI 20261218 CS EU C 5000 0;SIMPLE_INSTRUMENT;BLOCK;EUR;54;359.10000000;1000;PRC_DECOMP_EXCHANGE;;;;XEUR;3156687;1210;EXCHANGE
03.01.2025;13:03:57.283;OESX SI 20271217 CS EU P 5000 0;SIMPLE_INSTRUMENT;BLOCK;EUR;54;566.90000000;1000;PRC_DECOMP_EXCHANGE;;;;XEUR;4396981;1210;EXCHANGE
03.01.2025;13:03:57.283;OESX SI 20261218 CS EU P 5000 0;SIMPLE_INSTRUMENT;BLOCK;EUR;54;471.40000000;1000;PRC_DECOMP_EXCHANGE;;;;XEUR;3156689;1210;EXCHANGE
03.01.2025;13:03:57.283;OESX SI 20271217 CS EU C 5000 0;SIMPLE_INSTRUMENT;BLOCK;EUR;54;452.60000000;1000;PRC_DECOMP_EXCHANGE;;;;XEUR;4396980;1210;EXCHANGE
03.01.2025;13:07:34.396;OESX SI 20250131 CS EU C 5000 0;SIMPLE_INSTRUMENT;BLOCK;EUR;55;30.90000000;1910;EXCHANGE_LAST;;1;1;XEUR;12165526;1210;
03.01.2025;13:28:08.542;OESX.N.250103.000303;NON_STANDARD_OPTION_STRATEGY;BLOCK;EUR;61;14.30000000;1450;EXCHANGE_LAST;;1;1;XEUR;72062790950185838;1210;
03.01.2025;13:28:08.542;OESX SI 20250117 CS EU P 4600 0;SIMPLE_INSTRUMENT;BLOCK;EUR;61;3.80000000;1450;PRC_DECOMP_EXCHANGE;;;;XEUR;10416542;1210;EXCHANGE
03.01.2025;13:28:08.542;OESX SI 20250117 CS EU P 4450 0;SIMPLE_INSTRUMENT;BLOCK;EUR;61;1.70000000;1450;PRC_DECOMP_EXCHANGE;;;;XEUR;10575785;1210;EXCHANGE
03.01.2025;13:28:08.542;OESX SI 20250117 CS EU P 4700 0;SIMPLE_INSTRUMENT;BLOCK;EUR;61;8.80000000;1450;PRC_DECOMP_EXCHANGE;;;;XEUR;10416568;1210;EXCHANGE
03.01.2025;13:46:37.624;OESX SI 20250117 CS EU C 5200 0;SIMPLE_INSTRUMENT;BLOCK;EUR;64;0.90000000;1099;EXCHANGE_LAST;;1;1;XEUR;10415906;1210;
03.01.2025;13:46:43.681;OESX SI 20250117 CS EU C 5200 0;SIMPLE_INSTRUMENT;BLOCK;EUR;65;1.10000000;1615;EXCHANGE_LAST;;1;1;XEUR;10415906;1210;
03.01.2025;13:39:50.149;OESX SI 20250221 CS EU C 5200 0;SIMPLE_INSTRUMENT;BLOCK;EUR;66;10.70000000;1017;EXCHANGE_LAST;;1;1;XEUR;10575931;1210;
03.01.2025;13:39:40.638;OESX SI 20250221 CS EU C 5200 0;SIMPLE_INSTRUMENT;BLOCK;EUR;67;10.80000000;1017;EXCHANGE_LAST;;1;1;XEUR;10575931;1210;
03.01.2025;14:46:11.122;OESX SI 20250321 CS EU C 5225 0;SIMPLE_INSTRUMENT;BLOCK;EUR;77;20.00000000;2550;EXCHANGE_LAST;;1;1;XEUR;11283885;1210;
03.01.2025;15:24:16.728;OESX SI 20250321 CS EU P 4400 0;SIMPLE_INSTRUMENT;BLOCK;EUR;85;31.20000000;1000;EXCHANGE_LAST;;1;1;XEUR;7798498;1210;
03.01.2025;15:24:26.482;OESX SI 20251219 CS EU P 4200 0;SIMPLE_INSTRUMENT;BLOCK;EUR;86;117.50000000;1500;EXCHANGE_LAST;;1;1;XEUR;2340990;1210;
03.01.2025;15:24:34.461;OESX SI 20250620 CS EU P 4200 0;SIMPLE_INSTRUMENT;BLOCK;EUR;87;57.20000000;3000;EXCHANGE_LAST;;1;1;XEUR;7798353;1210;
03.01.2025;15:22:22.280;OESX.O.250103.BOX.000050;STANDARD_OPTION_STRATEGY;BLOCK;EUR;88;4895.50000000;1500;EXCHANGE_LAST;;1;1;XEUR;72062790950185585;1210;
03.01.2025;15:22:22.280;OESX SI 20251219 CS EU P 6000 0;SIMPLE_INSTRUMENT;BLOCK;EUR;88;1133.50000000;1500;PRC_DECOMP_MEMBER;;;;XEUR;3323329;1210;MEMBER
03.01.2025;15:22:22.280;OESX SI 20251219 CS EU P 1000 0;SIMPLE_INSTRUMENT;BLOCK;EUR;88;1.20000000;1500;PRC_DECOMP_MEMBER;;;;XEUR;1820001;1210;MEMBER
03.01.2025;15:22:22.280;OESX SI 20251219 CS EU C 1000 0;SIMPLE_INSTRUMENT;BLOCK;EUR;88;3777.50000000;1500;PRC_DECOMP_MEMBER;;;;XEUR;1819998;1210;MEMBER
03.01.2025;15:22:22.280;OESX SI 20251219 CS EU C 6000 0;SIMPLE_INSTRUMENT;BLOCK;EUR;88;14.30000000;1500;PRC_DECOMP_MEMBER;;;;XEUR;3323327;1210;MEMBER
03.01.2025;16:04:57.988;OESX SI 20250117 CS EU P 4550 0;SIMPLE_INSTRUMENT;BLOCK;EUR;106;3.40000000;1411;EXCHANGE_LAST;;1;1;XEUR;10575779;1210;
03.01.2025;16:19:06.337;OESX SI 20250117 CS EU P 4600 0;SIMPLE_INSTRUMENT;BLOCK;EUR;107;4.80000000;1000;EXCHANGE_LAST;;1;1;XEUR;10416542;1210;
03.01.2025;16:41:07.419;OESX SI 20250321 CS EU C 5100 0;SIMPLE_INSTRUMENT;BLOCK;EUR;109;44.90000000;2650;EXCHANGE_LAST;;1;1;XEUR;8903915;1210;
03.01.2025;08:41:07.940;OESX.V.250103.RBER-U.000109;OPTION_VOLATILITY_STRATEGY;BLOCK;EUR;637534210;-7.20000000;35;EXCHANGE_LAST;;1;1;XEUR;72062790950185644;1210;
03.01.2025;08:41:07.940;OESX SI 20250417 CS EU P 4300 0;SIMPLE_INSTRUMENT;BLOCK;EUR;637534210;33.40000000;3500;PRC_DECOMP_MEMBER;;;;XEUR;10849769;1210;MEMBER
03.01.2025;08:41:07.940;FESX SI 20250321 CS;SIMPLE_INSTRUMENT;BLOCK;EUR;637534210;4918.00000000;140;PRC_DECOMP_MEMBER;;;;XEUR;7793482;1210;MEMBER
03.01.2025;08:41:07.940;OESX SI 20250417 CS EU P 3800 0;SIMPLE_INSTRUMENT;BLOCK;EUR;637534210;13.10000000;7000;PRC_DECOMP_MEMBER;;;;XEUR;11183182;1210;MEMBER
03.01.2025;08:54:51.271;OESX.V.250103.BER+U.000118;OPTION_VOLATILITY_STRATEGY;BLOCK;EUR;637534214;6.50000000;50;EXCHANGE_LAST;;1;2;XEUR;72062790950185653;1210;
03.01.2025;08:54:51.271;OESX SI 20250117 CS EU P 4700 0;SIMPLE_INSTRUMENT;BLOCK;EUR;637534214;11.20000000;5000;PRC_DECOMP_MEMBER;;;;XEUR;10416568;1210;MEMBER
03.01.2025;08:54:51.271;FESX SI 20250321 CS;SIMPLE_INSTRUMENT;BLOCK;EUR;637534214;4910.00000000;400;PRC_DECOMP_MEMBER;;;;XEUR;7793482;1210;MEMBER
03.01.2025;08:54:51.271;OESX SI 20250117 CS EU P 4550 0;SIMPLE_INSTRUMENT;BLOCK;EUR;637534214;4.70000000;5000;PRC_DECOMP_MEMBER;;;;XEUR;10575779;1210;MEMBER
03.01.2025;09:06:03.949;OESX.V.250103.BER+U.000119;OPTION_VOLATILITY_STRATEGY;BLOCK;EUR;637534215;11.00000000;40;EXCHANGE_LAST;;1;1;XEUR;72062790950185654;1210;
03.01.2025;09:06:03.949;OESX SI 20301220 CS EU P 2800 0;SIMPLE_INSTRUMENT;BLOCK;EUR;637534215;166.50000000;8000;PRC_DECOMP_MEMBER;;;;XEUR;6065666;1210;MEMBER
03.01.2025;09:06:03.949;FESX SI 20250321 CS;SIMPLE_INSTRUMENT;BLOCK;EUR;637534215;4920.00000000;40;PRC_DECOMP_MEMBER;;;;XEUR;7793482;1210;MEMBER
03.01.2025;09:06:03.949;OESX SI 20301220 CS EU P 2700 0;SIMPLE_INSTRUMENT;BLOCK;EUR;637534215;155.50000000;8000;PRC_DECOMP_MEMBER;;;;XEUR;6643428;1210;MEMBER
03.01.2025;09:11:09.021;OESX.V.250103.PBUT+U.000133;OPTION_VOLATILITY_STRATEGY;BLOCK;EUR;637534216;4.90000000;10;EXCHANGE_LAST;;1;1;XEUR;72062790950185668;1210;
03.01.2025;09:11:09.021;OESX SI 20250110 CS EU P 4775 0;SIMPLE_INSTRUMENT;BLOCK;EUR;637534216;6.50000000;2000;PRC_DECOMP_EXCHANGE;;;;XEUR;12173135;1210;EXCHANGE
03.01.2025;09:11:09.021;FESX SI 20250321 CS;SIMPLE_INSTRUMENT;BLOCK;EUR;637534216;4905.00000000;50;PRC_DECOMP_EXCHANGE;;;;XEUR;7793482;1210;EXCHANGE
03.01.2025;09:11:09.021;OESX SI 20250110 CS EU P 4725 0;SIMPLE_INSTRUMENT;BLOCK;EUR;637534216;2.90000000;1000;PRC_DECOMP_EXCHANGE;;;;XEUR;12173085;1210;EXCHANGE
03.01.2025;09:11:09.021;OESX SI 20250110 CS EU P 4825 0;SIMPLE_INSTRUMENT;BLOCK;EUR;637534216;15.00000000;1000;PRC_DECOMP_EXCHANGE;;;;XEUR;12173127;1210;EXCHANGE
03.01.2025;09:10:09.029;OESX.V.250103.BRT+U.000139;OPTION_VOLATILITY_STRATEGY;BLOCK;EUR;637534219;44.60000000;20;EXCHANGE_LAST;;1;1;XEUR;72062790950185674;1210;
03.01.2025;09:10:09.029;OESX SI 20250117 CS EU P 4800 0;SIMPLE_INSTRUMENT;BLOCK;EUR;637534219;25.00000000;2000;PRC_DECOMP_EXCHANGE;;;;XEUR;10416562;1210;EXCHANGE
03.01.2025;09:10:09.029;OESX SI 20250221 CS EU P 4800 0;SIMPLE_INSTRUMENT;BLOCK;EUR;637534219;69.60000000;2000;PRC_DECOMP_EXCHANGE;;;;XEUR;10575923;1210;EXCHANGE
03.01.2025;09:10:09.029;FESX SI 20250321 CS;SIMPLE_INSTRUMENT;BLOCK;EUR;637534219;4900.00000000;160;PRC_DECOMP_EXCHANGE;;;;XEUR;7793482;1210;EXCHANGE
03.01.2025;09:12:40.227;OESX.V.250103.COMBO+U.000125;OPTION_VOLATILITY_STRATEGY;BLOCK;EUR;637534221;262.30000000;10;EXCHANGE_LAST;;1;1;XEUR;72062790950185660;1210;
03.01.2025;09:12:40.227;OESX SI 20250919 CS EU P 5000 0;SIMPLE_INSTRUMENT;BLOCK;EUR;637534221;317.20000000;1000;PRC_DECOMP_MEMBER;;;;XEUR;8719755;1210;MEMBER
03.01.2025;09:12:40.227;FESX SI 20250321 CS;SIMPLE_INSTRUMENT;BLOCK;EUR;637534221;4905.00000000;750;PRC_DECOMP_MEMBER;;;;XEUR;7793482;1210;MEMBER
03.01.2025;09:12:40.227;OESX SI 20250919 CS EU C 5400 0;SIMPLE_INSTRUMENT;BLOCK;EUR;637534221;54.90000000;1000;PRC_DECOMP_MEMBER;;;;XEUR;9298218;1210;MEMBER
03.01.2025;09:21:37.246;OESX.V.250103.BRT+U.000139;OPTION_VOLATILITY_STRATEGY;BLOCK;EUR;637534223;44.60000000;10;EXCHANGE_LAST;;1;1;XEUR;72062790950185674;1210;
03.01.2025;09:21:37.246;OESX SI 20250117 CS EU P 4800 0;SIMPLE_INSTRUMENT;BLOCK;EUR;637534223;25.00000000;1000;PRC_DECOMP_MEMBER;;;;XEUR;10416562;1210;MEMBER
03.01.2025;09:21:37.246;FESX SI 20250321 CS;SIMPLE_INSTRUMENT;BLOCK;EUR;637534223;4900.00000000;80;PRC_DECOMP_MEMBER;;;;XEUR;7793482;1210;MEMBER
03.01.2025;09:21:37.246;OESX SI 20250221 CS EU P 4800 0;SIMPLE_INSTRUMENT;BLOCK;EUR;637534223;69.60000000;1000;PRC_DECOMP_MEMBER;;;;XEUR;10575923;1210;MEMBER
03.01.2025;09:26:33.493;OESX.V.250103.BER+U.000149;OPTION_VOLATILITY_STRATEGY;BLOCK;EUR;637534225;44.00000000;2;EXCHANGE_LAST;;1;1;XEUR;72062790950185684;1210;
03.01.2025;09:26:33.493;FESX SI 20250321 CS;SIMPLE_INSTRUMENT;BLOCK;EUR;637534225;4915.00000000;386;PRC_DECOMP_EXCHANGE;;;;XEUR;7793482;1210;EXCHANGE
03.01.2025;09:26:33.493;OESX SI 20250321 CS EU P 4100 0;SIMPLE_INSTRUMENT;BLOCK;EUR;637534225;14.10000000;1984;PRC_DECOMP_EXCHANGE;;;;XEUR;7798171;1210;EXCHANGE
03.01.2025;09:26:33.493;OESX SI 20250321 CS EU P 4650 0;SIMPLE_INSTRUMENT;BLOCK;EUR;637534225;58.10000000;1984;PRC_DECOMP_EXCHANGE;;;;XEUR;10849721;1210;EXCHANGE
03.01.2025;09:26:39.615;OESX.V.250103.BER+U.000149;OPTION_VOLATILITY_STRATEGY;BLOCK;EUR;637534226;44.10000000;2;EXCHANGE_LAST;;1;1;XEUR;72062790950185684;1210;
03.01.2025;09:26:39.615;OESX SI 20250321 CS EU P 4650 0;SIMPLE_INSTRUMENT;BLOCK;EUR;637534226;58.10000000;1984;PRC_DECOMP_EXCHANGE;;;;XEUR;10849721;1210;EXCHANGE
03.01.2025;09:26:39.615;FESX SI 20250321 CS;SIMPLE_INSTRUMENT;BLOCK;EUR;637534226;4915.00000000;386;PRC_DECOMP_EXCHANGE;;;;XEUR;7793482;1210;EXCHANGE
03.01.2025;09:26:39.615;OESX SI 20250321 CS EU P 4100 0;SIMPLE_INSTRUMENT;BLOCK;EUR;637534226;14.00000000;1984;PRC_DECOMP_EXCHANGE;;;;XEUR;7798171;1210;EXCHANGE
03.01.2025;09:41:46.249;OESX.V.250103.PUT+U.000163;OPTION_VOLATILITY_STRATEGY;BLOCK;EUR;637534229;91.40000000;10;EXCHANGE_LAST;;1;1;XEUR;72062790950185698;1210;
03.01.2025;09:41:46.249;FESX SI 20250321 CS;SIMPLE_INSTRUMENT;BLOCK;EUR;637534229;4918.00000000;350;PRC_DECOMP_EXCHANGE;;;;XEUR;7793482;1210;EXCHANGE
03.01.2025;09:41:46.249;OESX SI 20250321 CS EU P 4800 0;SIMPLE_INSTRUMENT;BLOCK;EUR;637534229;91.40000000;1000;PRC_DECOMP_EXCHANGE;;;;XEUR;7834897;1210;EXCHANGE
03.01.2025;09:38:24.352;OESX.V.250103.BU23+U.000165;OPTION_VOLATILITY_STRATEGY;BLOCK;EUR;637534230;-360.50000000;12;EXCHANGE_LAST;;1;1;XEUR;72062790950185700;1210;
03.01.2025;09:38:24.352;FESX SI 20250321 CS;SIMPLE_INSTRUMENT;BLOCK;EUR;637534230;4920.00000000;216;PRC_DECOMP_EXCHANGE;;;;XEUR;7793482;1210;EXCHANGE
03.01.2025;09:38:24.352;OESX SI 20251219 CS EU C 4700 0;SIMPLE_INSTRUMENT;BLOCK;EUR;637534230;408.40000000;2400;PRC_DECOMP_EXCHANGE;;;;XEUR;2926969;1210;EXCHANGE
03.01.2025;09:38:24.352;OESX SI 20251219 CS EU C 5200 0;SIMPLE_INSTRUMENT;BLOCK;EUR;637534230;152.10000000;3600;PRC_DECOMP_EXCHANGE;;;;XEUR;6849948;1210;EXCHANGE
03.01.2025;10:03:17.790;OESX.V.250103.BER+U.000185;OPTION_VOLATILITY_STRATEGY;BLOCK;EUR;637534232;63.00000000;20;EXCHANGE_LAST;;1;1;XEUR;72062790950185720;1210;
03.01.2025;10:03:17.790;OESX SI 20261218 CS EU P 3600 0;SIMPLE_INSTRUMENT;BLOCK;EUR;637534232;106.90000000;2000;PRC_DECOMP_EXCHANGE;;;;XEUR;2228258;1210;EXCHANGE
03.01.2025;10:03:17.790;OESX SI 20261218 CS EU P 2800 0;SIMPLE_INSTRUMENT;BLOCK;EUR;637534232;43.90000000;2000;PRC_DECOMP_EXCHANGE;;;;XEUR;2228242;1210;EXCHANGE
03.01.2025;10:03:17.790;FESX SI 20250321 CS;SIMPLE_INSTRUMENT;BLOCK;EUR;637534232;4920.00000000;160;PRC_DECOMP_EXCHANGE;;;;XEUR;7793482;1210;EXCHANGE
03.01.2025;10:13:30.088;OESX.V.250103.PUT+U.000190;OPTION_VOLATILITY_STRATEGY;BLOCK;EUR;637534234;33.70000000;2;EXCHANGE_LAST;;1;1;XEUR;72062790950185725;1210;
03.01.2025;10:13:30.088;FESX SI 20250321 CS;SIMPLE_INSTRUMENT;BLOCK;EUR;637534234;4918.00000000;874;PRC_DECOMP_EXCHANGE;;;;XEUR;7793482;1210;EXCHANGE
03.01.2025;10:13:30.088;OESX SI 20250117 CS EU P 4850 0;SIMPLE_INSTRUMENT;BLOCK;EUR;637534234;33.70000000;1250;PRC_DECOMP_EXCHANGE;;;;XEUR;10575810;1210;EXCHANGE
03.01.2025;10:20:00.520;OESX.V.250103.PUT+U.000182;OPTION_VOLATILITY_STRATEGY;BLOCK;EUR;637534237;123.50000000;40;EXCHANGE_LAST;;2;2;XEUR;72062790950185717;1210;
03.01.2025;10:20:00.520;FESX SI 20250321 CS;SIMPLE_INSTRUMENT;BLOCK;EUR;637534237;4920.00000000;1000;PRC_DECOMP_EXCHANGE;;;;XEUR;7793482;1210;EXCHANGE
03.01.2025;10:20:00.520;OESX SI 20250919 CS EU P 4450 0;SIMPLE_INSTRUMENT;BLOCK;EUR;637534237;123.50000000;4000;PRC_DECOMP_EXCHANGE;;;;XEUR;11890729;1210;EXCHANGE
03.01.2025;10:35:17.785;OESX.V.250103.STD-U.000218;OPTION_VOLATILITY_STRATEGY;BLOCK;EUR;637534239;591.50000000;10;EXCHANGE_LAST;;1;1;XEUR;72062790950185753;1210;
03.01.2025;10:35:17.785;OESX SI 20251219 CS EU C 4900 0;SIMPLE_INSTRUMENT;BLOCK;EUR;637534239;289.30000000;1000;PRC_DECOMP_MEMBER;;;;XEUR;2926967;1210;MEMBER
03.01.2025;10:35:17.785;OESX SI 20251219 CS EU P 4900 0;SIMPLE_INSTRUMENT;BLOCK;EUR;637534239;302.20000000;1000;PRC_DECOMP_MEMBER;;;;XEUR;2926971;1210;MEMBER
03.01.2025;10:35:17.785;FESX SI 20250321 CS;SIMPLE_INSTRUMENT;BLOCK;EUR;637534239;4920.00000000;40;PRC_DECOMP_MEMBER;;;;XEUR;7793482;1210;MEMBER
03.01.2025;10:42:37.848;OESX.V.250103.BER+U.000224;OPTION_VOLATILITY_STRATEGY;BLOCK;EUR;637534240;19.70000000;40;EXCHANGE_LAST;;1;1;XEUR;72062790950185759;1210;
03.01.2025;10:42:37.848;FESX SI 20250321 CS;SIMPLE_INSTRUMENT;BLOCK;EUR;637534240;4910.00000000;240;PRC_DECOMP_EXCHANGE;;;;XEUR;7793482;1210;EXCHANGE
03.01.2025;10:42:37.848;OESX SI 20250516 CS EU P 4600 0;SIMPLE_INSTRUMENT;BLOCK;EUR;637534240;96.90000000;4000;PRC_DECOMP_EXCHANGE;;;;XEUR;11044588;1210;EXCHANGE
03.01.2025;10:42:37.848;OESX SI 20250516 CS EU P 4500 0;SIMPLE_INSTRUMENT;BLOCK;EUR;637534240;77.20000000;4000;PRC_DECOMP_EXCHANGE;;;;XEUR;11044548;1210;EXCHANGE
03.01.2025;11:01:28.553;OESX.V.250103.BUL-U.000232;OPTION_VOLATILITY_STRATEGY;BLOCK;EUR;637534242;184.00000000;10;EXCHANGE_LAST;;1;1;XEUR;72062790950185767;1210;
03.01.2025;11:01:28.553;OESX SI 20250919 CS EU C 4800 0;SIMPLE_INSTRUMENT;BLOCK;EUR;637534242;288.20000000;1000;PRC_DECOMP_EXCHANGE;;;;XEUR;8644782;1210;EXCHANGE
03.01.2025;11:01:28.553;OESX SI 20250919 CS EU C 5200 0;SIMPLE_INSTRUMENT;BLOCK;EUR;637534242;104.20000000;1000;PRC_DECOMP_EXCHANGE;;;;XEUR;8921724;1210;EXCHANGE
03.01.2025;11:01:28.553;FESX SI 20250321 CS;SIMPLE_INSTRUMENT;BLOCK;EUR;637534242;4905.00000000;260;PRC_DECOMP_EXCHANGE;;;;XEUR;7793482;1210;EXCHANGE
03.01.2025;12:03:43.548;OESX.V.250103.BRT+U.000258;OPTION_VOLATILITY_STRATEGY;BLOCK;EUR;637534248;9.50000000;20;EXCHANGE_LAST;;1;1;XEUR;72062790950185793;1210;
03.01.2025;12:03:43.548;FESX SI 20250321 CS;SIMPLE_INSTRUMENT;BLOCK;EUR;637534248;4910.00000000;80;PRC_DECOMP_EXCHANGE;;;;XEUR;7793482;1210;EXCHANGE
03.01.2025;12:03:43.548;OESX SI 20250221 CS EU P 4300 0;SIMPLE_INSTRUMENT;BLOCK;EUR;637534248;11.20000000;2000;PRC_DECOMP_EXCHANGE;;;;XEUR;10575907;1210;EXCHANGE
03.01.2025;12:03:43.548;OESX SI 20250117 CS EU P 4300 0;SIMPLE_INSTRUMENT;BLOCK;EUR;637534248;1.70000000;2000;PRC_DECOMP_EXCHANGE;;;;XEUR;10416538;1210;EXCHANGE
03.01.2025;12:20:03.596;OESX.V.250103.PUT+U.000262;OPTION_VOLATILITY_STRATEGY;BLOCK;EUR;637534252;22.10000000;10;EXCHANGE_LAST;;1;1;XEUR;72062790950185797;1210;
03.01.2025;12:20:03.596;FESX SI 20250321 CS;SIMPLE_INSTRUMENT;BLOCK;EUR;637534252;4910.00000000;90;PRC_DECOMP_EXCHANGE;;;;XEUR;7793482;1210;EXCHANGE
03.01.2025;12:20:03.596;OESX SI 20250321 CS EU P 4300 0;SIMPLE_INSTRUMENT;BLOCK;EUR;637534252;22.10000000;1000;PRC_DECOMP_EXCHANGE;;;;XEUR;7798143;1210;EXCHANGE
03.01.2025;12:36:36.139;OESX.V.250103.PUT+U.000270;OPTION_VOLATILITY_STRATEGY;BLOCK;EUR;637534253;19.50000000;25;EXCHANGE_LAST;;1;1;XEUR;72062790950185805;1210;
03.01.2025;12:36:36.139;OESX SI 20250110 CS EU P 4850 0;SIMPLE_INSTRUMENT;BLOCK;EUR;637534253;19.50000000;2500;PRC_DECOMP_EXCHANGE;;;;XEUR;12173114;1210;EXCHANGE
03.01.2025;12:36:36.139;FESX SI 20250321 CS;SIMPLE_INSTRUMENT;BLOCK;EUR;637534253;4908.00000000;800;PRC_DECOMP_EXCHANGE;;;;XEUR;7793482;1210;EXCHANGE
03.01.2025;12:45:09.880;OESX.D.250103.000275;NON_STANDARD_OVS;BLOCK;EUR;637534254;4880.00000000;10;EXCHANGE_LAST;;1;1;XEUR;72062790950185810;1210;
03.01.2025;12:45:09.880;OESX SI 20250221 CS EU P 4700 0;SIMPLE_INSTRUMENT;BLOCK;EUR;637534254;44.60000000;1500;PRC_DECOMP_EXCHANGE;;;;XEUR;10575925;1210;EXCHANGE
03.01.2025;12:45:09.880;OESX SI 20250117 CS EU P 4775 0;SIMPLE_INSTRUMENT;BLOCK;EUR;637534254;18.10000000;1000;PRC_DECOMP_EXCHANGE;;;;XEUR;11282702;1210;EXCHANGE
03.01.2025;12:45:09.880;FESX SI 20250321 CS;SIMPLE_INSTRUMENT;BLOCK;EUR;637534254;4910.00000000;150;PRC_DECOMP_EXCHANGE;;;;XEUR;7793482;1210;EXCHANGE
03.01.2025;12:58:21.622;OESX.V.250103.CNV-U.000283;OPTION_VOLATILITY_STRATEGY;BLOCK;EUR;637534259;-0.20000000;20;EXCHANGE_LAST;;1;1;XEUR;72062790950185818;1210;
03.01.2025;12:58:21.622;OESX SI 20250321 CS EU P 4925 0;SIMPLE_INSTRUMENT;BLOCK;EUR;637534259;131.80000000;2000;PRC_DECOMP_EXCHANGE;;;;XEUR;11283908;1210;EXCHANGE
03.01.2025;12:58:21.622;FESX SI 20250321 CS;SIMPLE_INSTRUMENT;BLOCK;EUR;637534259;4925.00000000;2000;PRC_DECOMP_EXCHANGE;;;;XEUR;7793482;1210;EXCHANGE
03.01.2025;12:58:21.622;OESX SI 20250321 CS EU C 4925 0;SIMPLE_INSTRUMENT;BLOCK;EUR;637534259;131.60000000;2000;PRC_DECOMP_EXCHANGE;;;;XEUR;11283907;1210;EXCHANGE
