#Date;TrdTime;Contract;ContractType;TrdTyp;Currency;TesId;Prc;Qty;TrdInd;Aggressor;Buy;Sell;Exch;InstrumentId;RelatedProdId;PrcDecomp
26.05.2025;14:34:48.886;A2CR SI 20250620 CS;SIMPLE_INSTRUMENT;BLOCK;EUR;29;1.26000000;632;EXCHANGE_LAST;;1;1;XEUR;10865362;45714;
26.05.2025;09:08:55.553;A2SG SI 20250620 CS;SIMPLE_INSTRUMENT;BLOCK;EUR;3;1.43000000;2188;EXCHANGE_LAST;;1;1;XEUR;10827627;14;
26.05.2025;11:05:45.238;A2SG SI 20250620 CS;SIMPLE_INSTRUMENT;BLOCK;EUR;10;1.43000000;2188;EXCHANGE_LAST;;1;1;XEUR;10827627;14;
26.05.2025;13:49:36.668;ABBN SI 20250620 PS AM C 50.00 0;SIMPLE_INSTRUMENT;BLOCK;CHF;22;0.37000000;1000;EXCHANGE_LAST;;1;1;XEUR;11409838;574517;
26.05.2025;13:49:36.771;ABBN SI 20250620 PS AM C 50.00 0;SIMPLE_INSTRUMENT;BLOCK;CHF;23;0.40000000;1000;EXCHANGE_LAST;;1;1;XEUR;11409838;574517;
26.05.2025;14:34:29.885;ACRI SI 20250620 CS;SIMPLE_INSTRUMENT;BLOCK;EUR;28;45.72320000;7500;EXCHANGE_LAST;;1;1;XEUR;11167259;41;
26.05.2025;09:45:00.191;ALC SI 20251219 PS AM P 64.00 0;SIMPLE_INSTRUMENT;BLOCK;CHF;10;2.04000000;500;EXCHANGE_LAST;;1;1;XEUR;12477631;130134;
26.05.2025;11:05:04.156;ASGF SI 20250619 CS;SIMPLE_INSTRUMENT;BLOCK;EUR;9;33.42230000;25000;EXCHANGE_LAST;;1;1;XEUR;12186943;949862;
26.05.2025;13:39:51.877;ASGF SI 20250619 CS;SIMPLE_INSTRUMENT;BLOCK;EUR;22;33.03500000;10000;EXCHANGE_LAST;;1;1;XEUR;12186943;949862;
26.05.2025;09:03:45.604;BAEN SI 20260320 PS AM P 46.00 0;SIMPLE_INSTRUMENT;BLOCK;CHF;7;2.30000000;3000;EXCHANGE_LAST;;1;2;XEUR;12996740;159;
26.05.2025;09:42:19.244;BAY SI 20250620 PS AM C 27.00 0;SIMPLE_INSTRUMENT;BLOCK;EUR;1;0.25000000;500;EXCHANGE_LAST;;1;1;XEUR;11992379;168;
26.05.2025;09:14:05.386;BBVD SI 20250620 PS AM P 10.50 0;SIMPLE_INSTRUMENT;BLOCK;EUR;2;0.02000000;2750;EXCHANGE_LAST;;1;1;XEUR;11351439;172;
26.05.2025;13:27:20.065;BMPF SI 20250619 CS;SIMPLE_INSTRUMENT;BLOCK;EUR;20;7.32950000;2500;EXCHANGE_LAST;;1;1;XEUR;12906361;1052251;
26.05.2025;09:18:57.820;BMW SI 20250620 PS AM C 79.00 0;SIMPLE_INSTRUMENT;BLOCK;EUR;4;1.12000000;1763;EXCHANGE_LAST;;1;1;XEUR;12998467;210;
26.05.2025;10:23:26.561;BPV SI 20261217 PS AM P 9.00 0;SIMPLE_INSTRUMENT;BLOCK;EUR;3;1.45000000;2000;EXCHANGE_LAST;;1;1;XEUR;13473300;251;
26.05.2025;14:44:21.761;C3AR SI 20250620 CS;SIMPLE_INSTRUMENT;BLOCK;EUR;31;0.92000000;649;EXCHANGE_LAST;;1;1;XEUR;10833264;256;
26.05.2025;14:22:32.545;CAR.O.250526.STG.000008;STANDARD_OPTION_STRATEGY;BLOCK;EUR;10;0.26000000;3500;EXCHANGE_LAST;;1;1;XEUR;72058732204277731;265;
26.05.2025;14:22:32.545;CAR SI 20250718 PS AM P 13.00 0;SIMPLE_INSTRUMENT;BLOCK;EUR;10;0.15000000;3500;PRC_DECOMP_EXCHANGE;;;;XEUR;13238048;265;EXCHANGE
26.05.2025;14:22:32.545;CAR SI 20250718 PS AM C 15.00 0;SIMPLE_INSTRUMENT;BLOCK;EUR;10;0.11000000;3500;PRC_DECOMP_EXCHANGE;;;;XEUR;13238008;265;EXCHANGE
26.05.2025;14:44:07.349;CARG SI 20250620 CS;SIMPLE_INSTRUMENT;BLOCK;EUR;30;13.68000000;6900;EXCHANGE_LAST;;1;1;XEUR;11171232;271;
26.05.2025;13:14:36.262;CFR SI 20250919 PS AM C 170.00 0;SIMPLE_INSTRUMENT;BLOCK;CHF;19;6.10000000;700;EXCHANGE_LAST;;1;1;XEUR;11876552;313;
26.05.2025;13:44:06.928;CFR SI 20260320 PS AM P 100.00 0;SIMPLE_INSTRUMENT;BLOCK;CHF;20;2.00000000;750;EXCHANGE_LAST;;1;1;XEUR;13000445;313;
26.05.2025;13:57:50.483;CFR SI 20251219 PS AM P 130.00 0;SIMPLE_INSTRUMENT;BLOCK;CHF;21;4.90000000;500;EXCHANGE_LAST;;1;1;XEUR;10944845;313;
26.05.2025;15:07:44.454;CON SI 20250620 PS AM C 78.00 0;SIMPLE_INSTRUMENT;BLOCK;EUR;19;1.45000000;2000;EXCHANGE_LAST;;2;2;XEUR;13048384;414620;
26.05.2025;15:24:12.846;CON SI 20250620 PS AM C 78.00 0;SIMPLE_INSTRUMENT;BLOCK;EUR;20;1.45000000;600;EXCHANGE_LAST;;1;2;XEUR;13048384;414620;
26.05.2025;09:11:30.506;DAI SI 20250620 PS AM C 53.00 0;SIMPLE_INSTRUMENT;BLOCK;EUR;3;0.81000000;1515;EXCHANGE_LAST;;1;1;XEUR;13049928;443196;
26.05.2025;10:24:50.187;DAI.O.250526.STG.000007;STANDARD_OPTION_STRATEGY;BLOCK;EUR;7;6.28000000;2000;EXCHANGE_LAST;;1;1;XEUR;73961106363666704;443196;
26.05.2025;10:24:50.187;DAI SI 20251219 PS AM P 48.00 0;SIMPLE_INSTRUMENT;BLOCK;EUR;7;2.79000000;2000;PRC_DECOMP_EXCHANGE;;;;XEUR;7144518;443196;EXCHANGE
26.05.2025;10:24:50.187;DAI SI 20251219 PS AM C 54.00 0;SIMPLE_INSTRUMENT;BLOCK;EUR;7;3.49000000;2000;PRC_DECOMP_EXCHANGE;;;;XEUR;7349885;443196;EXCHANGE
26.05.2025;09:19:28.430;DBK SI 20250620 PS AM C 25.50 0;SIMPLE_INSTRUMENT;BLOCK;EUR;1;0.43000000;3640;EXCHANGE_LAST;;1;1;XEUR;13001409;362;
26.05.2025;08:54:28.437;ENR SI 20261218 PS AM P 76.00 0;SIMPLE_INSTRUMENT;BLOCK;EUR;1;14.65000000;1250;EXCHANGE_LAST;;1;1;XEUR;12229437;298530;
26.05.2025;11:02:37.906;ENR.O.250526.BUL-P.000013;STANDARD_OPTION_STRATEGY;BLOCK;EUR;2;-1.30000000;1500;EXCHANGE_LAST;;1;1;XEUR;73339770624820156;298530;
26.05.2025;11:02:37.906;ENR SI 20250919 PS AM C 92.00 0;SIMPLE_INSTRUMENT;BLOCK;EUR;2;6.50000000;1500;PRC_DECOMP_EXCHANGE;;;;XEUR;12690380;298530;EXCHANGE
26.05.2025;11:02:37.906;ENR SI 20250919 PS AM C 84.00 0;SIMPLE_INSTRUMENT;BLOCK;EUR;2;9.85000000;1500;PRC_DECOMP_EXCHANGE;;;;XEUR;12344738;298530;EXCHANGE
26.05.2025;11:02:37.906;ENR SI 20250919 PS AM P 72.00 0;SIMPLE_INSTRUMENT;BLOCK;EUR;2;4.65000000;1500;PRC_DECOMP_EXCHANGE;;;;XEUR;12229459;298530;EXCHANGE
26.05.2025;15:55:33.259;ENR SI 20250718 PS AM C 92.00 0;SIMPLE_INSTRUMENT;BLOCK;EUR;3;3.43000000;1532;EXCHANGE_LAST;;1;1;XEUR;13335302;298530;
26.05.2025;15:56:02.891;ENR SI 20250718 PS AM P 80.00 0;SIMPLE_INSTRUMENT;BLOCK;EUR;4;5.06000000;1532;EXCHANGE_LAST;;1;1;XEUR;13272257;298530;
26.05.2025;15:56:20.950;ENR SI 20250718 PS AM P 70.00 0;SIMPLE_INSTRUMENT;BLOCK;EUR;5;1.96000000;919;EXCHANGE_LAST;;1;1;XEUR;13272289;298530;
26.05.2025;15:56:28.797;ENR SI 20250718 PS AM P 70.00 0;SIMPLE_INSTRUMENT;BLOCK;EUR;6;1.97000000;613;EXCHANGE_LAST;;1;1;XEUR;13272289;298530;
26.05.2025;12:01:47.783;EOA SI 20251219 PS AM C 15.00 0;SIMPLE_INSTRUMENT;BLOCK;EUR;9;1.50000000;2000;EXCHANGE_LAST;;1;1;XEUR;12472506;49065;
26.05.2025;14:12:22.881;F3TE SI 20271217 CS;SIMPLE_INSTRUMENT;BLOCK;EUR;26;0.71300000;300;EXCHANGE_LAST;;1;1;XEUR;6633916;390379;
26.05.2025;14:12:29.614;F3TE SI 20271217 CS;SIMPLE_INSTRUMENT;BLOCK;EUR;27;0.71200000;300;EXCHANGE_LAST;;1;1;XEUR;6633916;390379;
26.05.2025;15:24:02.983;F3TE SI 20281215 CS;SIMPLE_INSTRUMENT;BLOCK;EUR;34;0.66300000;300;EXCHANGE_LAST;;1;1;XEUR;6830366;390379;
26.05.2025;15:23:38.280;F3TE SI 20281215 CS;SIMPLE_INSTRUMENT;BLOCK;EUR;35;0.66200000;300;EXCHANGE_LAST;;1;1;XEUR;6830366;390379;
26.05.2025;08:37:06.690;FBTP SI 20250606 PS;SIMPLE_INSTRUMENT;EFP_FIN;EUR;1;119.94000000;221;EXCHANGE_LAST;;1;1;XEUR;11820365;636;
26.05.2025;09:32:08.608;FBTP SI 20250606 PS;SIMPLE_INSTRUMENT;EFP_FIN;EUR;2;120.08000000;66;EXCHANGE_LAST;;1;1;XEUR;11820365;636;
26.05.2025;09:47:16.893;FBTP SI 20250606 PS;SIMPLE_INSTRUMENT;BLOCK;EUR;3;120.13000000;890;EXCHANGE_LAST;;1;1;XEUR;11820365;636;
26.05.2025;11:04:54.443;FBTP SI 20250606 PS;SIMPLE_INSTRUMENT;EFP_FIN;EUR;4;120.20000000;115;EXCHANGE_LAST;;1;1;XEUR;11820365;636;
26.05.2025;11:56:58.118;FBTP SI 20250606 PS;SIMPLE_INSTRUMENT;BLOCK;EUR;5;120.22000000;531;EXCHANGE_LAST;;1;1;XEUR;11820365;636;
26.05.2025;12:21:51.805;FBTP SI 20250606 PS;SIMPLE_INSTRUMENT;EFP_FIN;EUR;6;120.29000000;65;EXCHANGE_LAST;;1;1;XEUR;11820365;636;
26.05.2025;15:08:11.985;FBTP SI 20250606 PS;SIMPLE_INSTRUMENT;EFP_FIN;EUR;7;120.56000000;65;EXCHANGE_LAST;;1;1;XEUR;11820365;636;
26.05.2025;11:49:28.696;FBTS SI 20250606 PS;SIMPLE_INSTRUMENT;EFP_FIN;EUR;3;108.04000000;193;EXCHANGE_LAST;;1;1;XEUR;11820367;639;
26.05.2025;12:38:04.440;FBTS SI 20250606 PS;SIMPLE_INSTRUMENT;EFP_FIN;EUR;4;108.05000000;201;EXCHANGE_LAST;;1;1;XEUR;11820367;639;
26.05.2025;11:58:11.123;FCNS SI 20250616 PS;SIMPLE_INSTRUMENT;EFP_IDX;SEK;1;0.94075000;22;EXCHANGE_LAST;;1;1;XEUR;7879240;402911;
26.05.2025;11:58:11.144;FCNS SI 20250616 PS;SIMPLE_INSTRUMENT;EFP_IDX;SEK;2;0.94076000;18;EXCHANGE_LAST;;1;1;XEUR;7879240;402911;
26.05.2025;16:02:10.624;FDAX SI 20250620 CS;SIMPLE_INSTRUMENT;EFP_IDX;EUR;1;24068.00000000;23;EXCHANGE_LAST;;1;1;XEUR;7903800;589;
26.05.2025;16:02:22.999;FDAX SI 20250620 CS;SIMPLE_INSTRUMENT;EFP_IDX;EUR;2;24067.00000000;12;EXCHANGE_LAST;;1;1;XEUR;7903800;589;
26.05.2025;14:48:52.767;FDAX SI 20250620 CS;SIMPLE_INSTRUMENT;VOLA;EUR;671088645;24037.00000000;23;EXCHANGE_LAST;;1;1;XEUR;7903800;589;
26.05.2025;08:42:51.696;FEBD SI 20261218 CS;SIMPLE_INSTRUMENT;BLOCK;EUR;2;10.48000000;400;EXCHANGE_LAST;;1;1;XEUR;7158212;597;
26.05.2025;10:58:02.738;FEBD SI 20260619 CS;SIMPLE_INSTRUMENT;BLOCK;EUR;3;6.86000000;395;EXCHANGE_LAST;;1;2;XEUR;11359069;597;
26.05.2025;10:58:19.877;FEBD SI 20260619 CS;SIMPLE_INSTRUMENT;BLOCK;EUR;4;6.87000000;395;EXCHANGE_LAST;;1;2;XEUR;11359069;597;
26.05.2025;12:08:19.684;FEBD SI 20261218 CS;SIMPLE_INSTRUMENT;BLOCK;EUR;7;10.50000000;400;EXCHANGE_LAST;;1;1;XEUR;7158212;597;
26.05.2025;14:50:32.039;FESB SI 20250620 CS;SIMPLE_INSTRUMENT;BLOCK;EUR;31;201.70000000;4055;EXCHANGE_LAST;;1;1;XEUR;11880665;605;
26.05.2025;15:40:30.344;FESB SI 20250620 CS;SIMPLE_INSTRUMENT;BLOCK;EUR;32;201.60000000;15000;EXCHANGE_LAST;;2;1;XEUR;11880665;605;
26.05.2025;15:44:58.505;FESB SI 20250620 CS;SIMPLE_INSTRUMENT;EFP_IDX;EUR;33;201.55000000;292;EXCHANGE_LAST;;1;1;XEUR;11880665;605;
26.05.2025;15:45:19.976;FESB SI 20250620 CS;SIMPLE_INSTRUMENT;EFP_IDX;EUR;34;201.60000000;1166;EXCHANGE_LAST;;1;1;XEUR;11880665;605;
26.05.2025;15:49:12.012;FESB SI 20250620 CS;SIMPLE_INSTRUMENT;EFP_IDX;EUR;35;201.60000000;112;EXCHANGE_LAST;;1;1;XEUR;11880665;605;
26.05.2025;15:49:53.721;FESB SI 20250620 CS;SIMPLE_INSTRUMENT;EFP_IDX;EUR;36;201.70000000;13;EXCHANGE_LAST;;1;1;XEUR;11880665;605;
26.05.2025;15:47:00.778;FESX SI 20250620 CS;SIMPLE_INSTRUMENT;EFP_IDX;EUR;1;5399.00000000;1012;EXCHANGE_LAST;;1;1;XEUR;7904020;675;
26.05.2025;15:46:33.483;FESX SI 20250620 CS;SIMPLE_INSTRUMENT;EFP_IDX;EUR;2;5400.00000000;88;EXCHANGE_LAST;;1;1;XEUR;7904020;675;
26.05.2025;15:46:45.464;FESX SI 20250620 CS;SIMPLE_INSTRUMENT;EFP_IDX;EUR;3;5399.00000000;92;EXCHANGE_LAST;;1;1;XEUR;7904020;675;
26.05.2025;15:46:19.651;FESX SI 20250620 CS;SIMPLE_INSTRUMENT;EFP_IDX;EUR;4;5400.00000000;8;EXCHANGE_LAST;;1;1;XEUR;7904020;675;
26.05.2025;15:42:19.298;FESX SI 20250620 CS;SIMPLE_INSTRUMENT;EFP_IDX;EUR;5;5399.00000000;460;EXCHANGE_LAST;;1;1;XEUR;7904020;675;
26.05.2025;15:43:38.158;FESX SI 20250620 CS;SIMPLE_INSTRUMENT;EFP_IDX;EUR;6;5400.00000000;40;EXCHANGE_LAST;;1;1;XEUR;7904020;675;
26.05.2025;15:43:15.022;FESX SI 20250620 CS;SIMPLE_INSTRUMENT;EFP_IDX;EUR;7;5399.00000000;1660;EXCHANGE_LAST;;1;1;XEUR;7904020;675;
26.05.2025;15:44:01.795;FESX SI 20250620 CS;SIMPLE_INSTRUMENT;EFP_IDX;EUR;8;5398.00000000;340;EXCHANGE_LAST;;1;1;XEUR;7904020;675;
26.05.2025;16:00:31.354;FESX SI 20250620 CS;SIMPLE_INSTRUMENT;EFP_IDX;EUR;9;5398.00000000;42;EXCHANGE_LAST;;1;1;XEUR;7904020;675;
26.05.2025;16:00:45.636;FESX SI 20250620 CS;SIMPLE_INSTRUMENT;EFP_IDX;EUR;10;5399.00000000;208;EXCHANGE_LAST;;1;1;XEUR;7904020;675;
26.05.2025;15:47:55.446;FESX SI 20250620 CS;SIMPLE_INSTRUMENT;EFP_IDX;EUR;11;5399.00000000;274;EXCHANGE_LAST;;1;1;XEUR;7904020;675;
26.05.2025;15:48:24.377;FESX SI 20250620 CS;SIMPLE_INSTRUMENT;EFP_IDX;EUR;12;5398.00000000;161;EXCHANGE_LAST;;1;1;XEUR;7904020;675;
26.05.2025;08:32:57.779;FESX SI 20250620 CS;SIMPLE_INSTRUMENT;VOLA;EUR;637534227;5406.00000000;210;EXCHANGE_LAST;;1;1;XEUR;7904020;675;
26.05.2025;08:44:58.846;FESX SI 20250620 CS;SIMPLE_INSTRUMENT;VOLA;EUR;637534232;5400.00000000;656;EXCHANGE_LAST;;1;1;XEUR;7904020;675;
26.05.2025;09:52:51.546;FESX SI 20250620 CS;SIMPLE_INSTRUMENT;VOLA;EUR;637534245;5405.00000000;430;EXCHANGE_LAST;;1;1;XEUR;7904020;675;
26.05.2025;07:10:09.854;FEXD SI 20261218 CS;SIMPLE_INSTRUMENT;BLOCK;EUR;1;155.20000000;300;EXCHANGE_LAST;;1;1;XEUR;2163053;693;
26.05.2025;07:13:37.279;FGBL SI 20250606 PS;SIMPLE_INSTRUMENT;EFS;EUR;2;130.43000000;435;EXCHANGE_LAST;;1;1;XEUR;11820389;688;
26.05.2025;07:13:44.209;FGBL SI 20250606 PS;SIMPLE_INSTRUMENT;EFS;EUR;3;130.37000000;197;EXCHANGE_LAST;;1;1;XEUR;11820389;688;
26.05.2025;07:13:45.057;FGBL SI 20250606 PS;SIMPLE_INSTRUMENT;EFS;EUR;4;130.36000000;435;EXCHANGE_LAST;;1;1;XEUR;11820389;688;
26.05.2025;07:16:19.599;FGBL SI 20250606 PS;SIMPLE_INSTRUMENT;EFS;EUR;5;130.35000000;218;EXCHANGE_LAST;;1;1;XEUR;11820389;688;
26.05.2025;07:21:27.439;FGBL SI 20250606 PS;SIMPLE_INSTRUMENT;EFS;EUR;6;130.35000000;463;EXCHANGE_LAST;;1;1;XEUR;11820389;688;
26.05.2025;07:24:37.687;FGBL SI 20250606 PS;SIMPLE_INSTRUMENT;EFS;EUR;7;130.34000000;435;EXCHANGE_LAST;;1;1;XEUR;11820389;688;
26.05.2025;07:25:54.392;FGBL SI 20250606 PS;SIMPLE_INSTRUMENT;EFS;EUR;8;130.35000000;435;EXCHANGE_LAST;;1;1;XEUR;11820389;688;
26.05.2025;07:28:03.561;FGBL SI 20250606 PS;SIMPLE_INSTRUMENT;EFS;EUR;9;130.31000000;435;EXCHANGE_LAST;;1;1;XEUR;11820389;688;
26.05.2025;07:28:50.252;FGBL SI 20250606 PS;SIMPLE_INSTRUMENT;EFS;EUR;10;130.35000000;310;EXCHANGE_LAST;;1;1;XEUR;11820389;688;
26.05.2025;07:34:10.530;FGBL SI 20250606 PS;SIMPLE_INSTRUMENT;EFS;EUR;11;130.35000000;218;EXCHANGE_LAST;;1;1;XEUR;11820389;688;
26.05.2025;07:47:48.711;FGBL SI 20250606 PS;SIMPLE_INSTRUMENT;EFS;EUR;12;130.34000000;218;EXCHANGE_LAST;;1;1;XEUR;11820389;688;
26.05.2025;07:53:03.463;FGBL SI 20250606 PS;SIMPLE_INSTRUMENT;EFP_FIN;EUR;13;130.33000000;126;EXCHANGE_LAST;;1;1;XEUR;11820389;688;
26.05.2025;07:56:47.540;FGBL SI 20250606 PS;SIMPLE_INSTRUMENT;EFS;EUR;14;130.33000000;492;EXCHANGE_LAST;;1;1;XEUR;11820389;688;
26.05.2025;08:11:07.935;FGBL SI 20250606 PS;SIMPLE_INSTRUMENT;EFS;EUR;15;130.29000000;435;EXCHANGE_LAST;;1;1;XEUR;11820389;688;
26.05.2025;08:11:32.053;FGBL SI 20250606 PS;SIMPLE_INSTRUMENT;EFS;EUR;16;130.28000000;435;EXCHANGE_LAST;;1;1;XEUR;11820389;688;
26.05.2025;08:29:04.354;FGBL SI 20250606 PS;SIMPLE_INSTRUMENT;EFS;EUR;17;130.25000000;305;EXCHANGE_LAST;;1;1;XEUR;11820389;688;
26.05.2025;09:21:11.281;FGBL SI 20250606 PS;SIMPLE_INSTRUMENT;EFS;EUR;18;130.38000000;217;EXCHANGE_LAST;;1;1;XEUR;11820389;688;
26.05.2025;09:30:28.611;FGBL SI 20250606 PS;SIMPLE_INSTRUMENT;EFS;EUR;19;130.37000000;507;EXCHANGE_LAST;;1;1;XEUR;11820389;688;
26.05.2025;09:30:33.616;FGBL SI 20250606 PS;SIMPLE_INSTRUMENT;EFS;EUR;20;130.39000000;203;EXCHANGE_LAST;;1;1;XEUR;11820389;688;
26.05.2025;10:01:05.217;FGBL SI 20250606 PS;SIMPLE_INSTRUMENT;EFS;EUR;21;130.41000000;243;EXCHANGE_LAST;;1;1;XEUR;11820389;688;
26.05.2025;10:40:31.492;FGBL SI 20250606 PS;SIMPLE_INSTRUMENT;EFS;EUR;22;130.42000000;245;EXCHANGE_LAST;;1;1;XEUR;11820389;688;
26.05.2025;10:51:19.937;FGBL SI 20250606 PS;SIMPLE_INSTRUMENT;EFS;EUR;23;130.42000000;435;EXCHANGE_LAST;;1;1;XEUR;11820389;688;
26.05.2025;11:10:57.331;FGBL SI 20250606 PS;SIMPLE_INSTRUMENT;EFS;EUR;24;130.41000000;100;EXCHANGE_LAST;;1;1;XEUR;11820389;688;
26.05.2025;12:40:13.925;FGBL SI 20250606 PS;SIMPLE_INSTRUMENT;EFS;EUR;25;130.50000000;491;EXCHANGE_LAST;;1;1;XEUR;11820389;688;
26.05.2025;12:32:15.812;FGBL SI 20250606 PS;SIMPLE_INSTRUMENT;EFS;EUR;26;130.50000000;217;EXCHANGE_LAST;;1;1;XEUR;11820389;688;
26.05.2025;13:18:01.546;FGBL SI 20250606 PS;SIMPLE_INSTRUMENT;EFS;EUR;27;130.57000000;435;EXCHANGE_LAST;;1;1;XEUR;11820389;688;
26.05.2025;13:29:32.846;FGBL SI 20250606 PS;SIMPLE_INSTRUMENT;EFS;EUR;28;130.59000000;259;EXCHANGE_LAST;;1;1;XEUR;11820389;688;
26.05.2025;13:54:51.803;FGBL SI 20250606 PS;SIMPLE_INSTRUMENT;EFS;EUR;29;130.61000000;344;EXCHANGE_LAST;;1;1;XEUR;11820389;688;
26.05.2025;13:56:42.851;FGBL SI 20250606 PS;SIMPLE_INSTRUMENT;EFS;EUR;30;130.61000000;434;EXCHANGE_LAST;;1;1;XEUR;11820389;688;
26.05.2025;13:57:50.166;FGBL SI 20250606 PS;SIMPLE_INSTRUMENT;EFS;EUR;31;130.61000000;434;EXCHANGE_LAST;;1;1;XEUR;11820389;688;
26.05.2025;14:01:00.372;FGBL SI 20250606 PS;SIMPLE_INSTRUMENT;EFS;EUR;32;130.64000000;304;EXCHANGE_LAST;;1;1;XEUR;11820389;688;
26.05.2025;14:07:04.462;FGBL SI 20250606 PS;SIMPLE_INSTRUMENT;EFS;EUR;33;130.63000000;388;EXCHANGE_LAST;;1;1;XEUR;11820389;688;
26.05.2025;14:29:49.463;FGBL SI 20250606 PS;SIMPLE_INSTRUMENT;EFS;EUR;34;130.72000000;434;EXCHANGE_LAST;;1;1;XEUR;11820389;688;
26.05.2025;14:45:15.844;FGBL SI 20250606 PS;SIMPLE_INSTRUMENT;EFS;EUR;35;130.74000000;245;EXCHANGE_LAST;;1;1;XEUR;11820389;688;
26.05.2025;14:56:10.821;FGBL SI 20250606 PS;SIMPLE_INSTRUMENT;EFP_FIN;EUR;36;130.72000000;155;EXCHANGE_LAST;;1;1;XEUR;11820389;688;
26.05.2025;15:00:19.165;FGBL SI 20250606 PS;SIMPLE_INSTRUMENT;EFS;EUR;37;130.72000000;460;EXCHANGE_LAST;;1;1;XEUR;11820389;688;
26.05.2025;15:18:02.610;FGBL SI 20250606 PS;SIMPLE_INSTRUMENT;EFS;EUR;38;130.72000000;460;EXCHANGE_LAST;;1;1;XEUR;11820389;688;
26.05.2025;15:23:14.564;FGBL SI 20250606 PS;SIMPLE_INSTRUMENT;EFS;EUR;39;130.73000000;215;EXCHANGE_LAST;;1;1;XEUR;11820389;688;
26.05.2025;15:32:59.060;FGBL SI 20250606 PS;SIMPLE_INSTRUMENT;EFS;EUR;40;130.71000000;521;EXCHANGE_LAST;;1;1;XEUR;11820389;688;
26.05.2025;07:01:26.904;FGBL SI 20250606 PS;SIMPLE_INSTRUMENT;VOLA;EUR;268435459;130.31000000;11;EXCHANGE_LAST;;1;1;XEUR;11820389;688;
26.05.2025;07:47:12.881;FGBL SI 20250606 PS;SIMPLE_INSTRUMENT;VOLA;EUR;268435463;130.34000000;188;EXCHANGE_LAST;;1;1;XEUR;11820389;688;
26.05.2025;07:55:48.269;FGBL SI 20250908 PS;SIMPLE_INSTRUMENT;VOLA;EUR;268435471;130.10000000;50;EXCHANGE_LAST;;1;1;XEUR;12372482;688;
26.05.2025;07:56:19.480;FGBL SI 20250908 PS;SIMPLE_INSTRUMENT;VOLA;EUR;268435473;130.10000000;50;EXCHANGE_LAST;;1;1;XEUR;12372482;688;
26.05.2025;13:57:29.545;FGBL SI 20250908 PS;SIMPLE_INSTRUMENT;VOLA;EUR;268435482;130.34000000;30;EXCHANGE_LAST;;1;1;XEUR;12372482;688;
26.05.2025;07:11:14.951;FGBM SI 20250606 PS;SIMPLE_INSTRUMENT;EFS;EUR;1;118.87000000;867;EXCHANGE_LAST;;1;1;XEUR;11820390;689;
26.05.2025;07:20:13.787;FGBM SI 20250606 PS;SIMPLE_INSTRUMENT;EFS;EUR;2;118.86000000;867;EXCHANGE_LAST;;1;1;XEUR;11820390;689;
26.05.2025;07:20:56.370;FGBM SI 20250606 PS;SIMPLE_INSTRUMENT;EFS;EUR;3;118.87000000;551;EXCHANGE_LAST;;1;1;XEUR;11820390;689;
26.05.2025;07:22:45.674;FGBM SI 20250606 PS;SIMPLE_INSTRUMENT;EFS;EUR;4;118.86000000;815;EXCHANGE_LAST;;1;1;XEUR;11820390;689;
26.05.2025;07:23:30.145;FGBM SI 20250606 PS;SIMPLE_INSTRUMENT;EFS;EUR;5;118.86000000;815;EXCHANGE_LAST;;1;1;XEUR;11820390;689;
26.05.2025;07:27:15.914;FGBM SI 20250606 PS;SIMPLE_INSTRUMENT;EFS;EUR;6;118.86000000;815;EXCHANGE_LAST;;1;1;XEUR;11820390;689;
26.05.2025;07:35:35.760;FGBM SI 20250606 PS;SIMPLE_INSTRUMENT;EFP_FIN;EUR;7;118.86000000;852;EXCHANGE_LAST;;1;1;XEUR;11820390;689;
26.05.2025;07:39:10.965;FGBM SI 20250606 PS;SIMPLE_INSTRUMENT;EFP_FIN;EUR;8;118.86000000;681;EXCHANGE_LAST;;1;1;XEUR;11820390;689;
26.05.2025;07:39:26.333;FGBM SI 20250606 PS;SIMPLE_INSTRUMENT;EFP_FIN;EUR;9;118.86000000;1278;EXCHANGE_LAST;;1;1;XEUR;11820390;689;
26.05.2025;07:48:47.021;FGBM SI 20250606 PS;SIMPLE_INSTRUMENT;BLOCK;EUR;10;118.86000000;5963;EXCHANGE_LAST;;1;1;XEUR;11820390;689;
26.05.2025;08:02:05.880;FGBM SI 20250606 PS;SIMPLE_INSTRUMENT;EFP_FIN;EUR;11;118.85000000;66;EXCHANGE_LAST;;1;1;XEUR;11820390;689;
26.05.2025;08:02:51.176;FGBM SI 20250606 PS;SIMPLE_INSTRUMENT;EFP_FIN;EUR;12;118.83000000;273;EXCHANGE_LAST;;1;1;XEUR;11820390;689;
26.05.2025;08:10:14.743;FGBM SI 20250606 PS;SIMPLE_INSTRUMENT;EFP_FIN;EUR;13;118.86000000;315;EXCHANGE_LAST;;1;1;XEUR;11820390;689;
26.05.2025;08:16:09.175;FGBM SI 20250606 PS;SIMPLE_INSTRUMENT;EFP_FIN;EUR;14;118.83000000;426;EXCHANGE_LAST;;1;1;XEUR;11820390;689;
26.05.2025;08:16:26.149;FGBM SI 20250606 PS;SIMPLE_INSTRUMENT;BLOCK;EUR;15;118.84000000;3480;EXCHANGE_LAST;;1;1;XEUR;11820390;689;
26.05.2025;08:16:54.537;FGBM SI 20250606 PS;SIMPLE_INSTRUMENT;EFS;EUR;16;118.83000000;924;EXCHANGE_LAST;;1;1;XEUR;11820390;689;
26.05.2025;08:31:25.929;FGBM SI 20250606 PS;SIMPLE_INSTRUMENT;EFP_FIN;EUR;17;118.82000000;426;EXCHANGE_LAST;;1;1;XEUR;11820390;689;
26.05.2025;08:43:38.025;FGBM SI 20250606 PS;SIMPLE_INSTRUMENT;EFP_FIN;EUR;18;118.80000000;852;EXCHANGE_LAST;;1;1;XEUR;11820390;689;
26.05.2025;08:43:58.870;FGBM SI 20250606 PS;SIMPLE_INSTRUMENT;EFP_FIN;EUR;19;118.80000000;426;EXCHANGE_LAST;;1;1;XEUR;11820390;689;
26.05.2025;08:47:01.825;FGBM SI 20250606 PS;SIMPLE_INSTRUMENT;EFP_FIN;EUR;20;118.86000000;852;EXCHANGE_LAST;;1;1;XEUR;11820390;689;
26.05.2025;08:53:02.689;FGBM SI 20250606 PS;SIMPLE_INSTRUMENT;EFP_FIN;EUR;21;118.85000000;1311;EXCHANGE_LAST;;1;1;XEUR;11820390;689;
26.05.2025;08:57:40.255;FGBM SI 20250606 PS;SIMPLE_INSTRUMENT;EFS;EUR;22;118.84000000;434;EXCHANGE_LAST;;1;1;XEUR;11820390;689;
26.05.2025;09:07:30.686;FGBM SI 20250606 PS;SIMPLE_INSTRUMENT;EFS;EUR;23;118.87000000;434;EXCHANGE_LAST;;1;1;XEUR;11820390;689;
26.05.2025;09:09:18.651;FGBM SI 20250606 PS;SIMPLE_INSTRUMENT;EFP_FIN;EUR;24;118.81000000;426;EXCHANGE_LAST;;1;1;XEUR;11820390;689;
26.05.2025;09:09:21.775;FGBM SI 20250606 PS;SIMPLE_INSTRUMENT;EFS;EUR;25;118.87000000;434;EXCHANGE_LAST;;1;1;XEUR;11820390;689;
26.05.2025;09:19:57.161;FGBM SI 20250606 PS;SIMPLE_INSTRUMENT;EFS;EUR;26;118.87000000;347;EXCHANGE_LAST;;1;1;XEUR;11820390;689;
26.05.2025;09:20:23.538;FGBM SI 20250606 PS;SIMPLE_INSTRUMENT;EFS;EUR;27;118.88000000;433;EXCHANGE_LAST;;1;1;XEUR;11820390;689;
26.05.2025;09:42:47.260;FGBM SI 20250606 PS;SIMPLE_INSTRUMENT;EFP_FIN;EUR;28;118.88000000;341;EXCHANGE_LAST;;1;1;XEUR;11820390;689;
26.05.2025;09:41:24.794;FGBM SI 20250606 PS;SIMPLE_INSTRUMENT;EFP_FIN;EUR;29;118.80000000;426;EXCHANGE_LAST;;1;1;XEUR;11820390;689;
26.05.2025;09:43:38.144;FGBM SI 20250606 PS;SIMPLE_INSTRUMENT;EFS;EUR;30;118.88000000;433;EXCHANGE_LAST;;1;1;XEUR;11820390;689;
26.05.2025;10:11:20.149;FGBM SI 20250606 PS;SIMPLE_INSTRUMENT;EFP_FIN;EUR;31;118.88000000;175;EXCHANGE_LAST;;1;1;XEUR;11820390;689;
26.05.2025;10:19:53.282;FGBM SI 20250606 PS;SIMPLE_INSTRUMENT;EFS;EUR;32;118.89000000;459;EXCHANGE_LAST;;1;1;XEUR;11820390;689;
26.05.2025;10:22:06.787;FGBM SI 20250606 PS;SIMPLE_INSTRUMENT;EFP_FIN;EUR;33;118.87000000;85;EXCHANGE_LAST;;1;1;XEUR;11820390;689;
26.05.2025;12:14:24.663;FGBM SI 20250606 PS;SIMPLE_INSTRUMENT;EFS;EUR;34;118.90000000;433;EXCHANGE_LAST;;1;1;XEUR;11820390;689;
26.05.2025;13:17:18.645;FGBM SI 20250606 PS;SIMPLE_INSTRUMENT;EFS;EUR;35;118.93000000;814;EXCHANGE_LAST;;1;1;XEUR;11820390;689;
26.05.2025;13:20:42.101;FGBM SI 20250606 PS;SIMPLE_INSTRUMENT;EFP_FIN;EUR;36;118.91000000;306;EXCHANGE_LAST;;1;1;XEUR;11820390;689;
26.05.2025;13:20:54.707;FGBM SI 20250606 PS;SIMPLE_INSTRUMENT;EFS;EUR;37;118.94000000;433;EXCHANGE_LAST;;1;1;XEUR;11820390;689;
26.05.2025;13:22:14.764;FGBM SI 20250606 PS;SIMPLE_INSTRUMENT;EFS;EUR;38;118.95000000;867;EXCHANGE_LAST;;1;1;XEUR;11820390;689;
26.05.2025;13:29:25.066;FGBM SI 20250606 PS;SIMPLE_INSTRUMENT;EFS;EUR;39;118.97000000;433;EXCHANGE_LAST;;1;1;XEUR;11820390;689;
26.05.2025;13:55:00.290;FGBM SI 20250606 PS;SIMPLE_INSTRUMENT;EFP_FIN;EUR;40;118.95000000;230;EXCHANGE_LAST;;1;1;XEUR;11820390;689;
26.05.2025;13:56:03.492;FGBM SI 20250606 PS;SIMPLE_INSTRUMENT;EFS;EUR;41;118.96000000;814;EXCHANGE_LAST;;1;1;XEUR;11820390;689;
26.05.2025;13:57:18.201;FGBM SI 20250606 PS;SIMPLE_INSTRUMENT;EFS;EUR;42;118.95000000;814;EXCHANGE_LAST;;1;1;XEUR;11820390;689;
26.05.2025;13:58:40.340;FGBM SI 20250606 PS;SIMPLE_INSTRUMENT;EFP_FIN;EUR;43;118.96000000;191;EXCHANGE_LAST;;1;1;XEUR;11820390;689;
26.05.2025;14:38:53.819;FGBM SI 20250606 PS;SIMPLE_INSTRUMENT;EFS;EUR;44;118.99000000;92;EXCHANGE_LAST;;1;1;XEUR;11820390;689;
26.05.2025;14:39:06.842;FGBM SI 20250606 PS;SIMPLE_INSTRUMENT;EFS;EUR;45;118.99000000;866;EXCHANGE_LAST;;1;1;XEUR;11820390;689;
26.05.2025;15:00:09.123;FGBM SI 20250606 PS;SIMPLE_INSTRUMENT;EFS;EUR;46;119.00000000;866;EXCHANGE_LAST;;1;1;XEUR;11820390;689;
26.05.2025;15:16:08.372;FGBM SI 20250606 PS;SIMPLE_INSTRUMENT;EFS;EUR;47;119.00000000;866;EXCHANGE_LAST;;1;1;XEUR;11820390;689;
26.05.2025;15:32:00.245;FGBM SI 20250606 PS;SIMPLE_INSTRUMENT;EFS;EUR;48;118.99000000;977;EXCHANGE_LAST;;1;1;XEUR;11820390;689;
26.05.2025;07:29:11.254;FGBS SI 20250606 PS;SIMPLE_INSTRUMENT;EFS;EUR;2;107.34500000;1704;EXCHANGE_LAST;;1;1;XEUR;11820391;690;
26.05.2025;08:04:51.926;FGBS SI 20250606 PS;SIMPLE_INSTRUMENT;EFP_FIN;EUR;3;107.35000000;1075;EXCHANGE_LAST;;1;1;XEUR;11820391;690;
26.05.2025;08:38:59.864;FGBS SI 20250606 PS;SIMPLE_INSTRUMENT;EFP_FIN;EUR;4;107.33500000;72;EXCHANGE_LAST;;1;1;XEUR;11820391;690;
26.05.2025;09:29:57.959;FGBS SI 20250606 PS;SIMPLE_INSTRUMENT;EFP_FIN;EUR;5;107.34500000;1128;EXCHANGE_LAST;;1;1;XEUR;11820391;690;
26.05.2025;10:04:30.616;FGBS SI 20250606 PS;SIMPLE_INSTRUMENT;BLOCK;EUR;6;107.34000000;4692;EXCHANGE_LAST;;1;1;XEUR;11820391;690;
26.05.2025;11:27:35.646;FGBS SI 20250606 PS;SIMPLE_INSTRUMENT;EFP_FIN;EUR;7;107.34000000;1304;EXCHANGE_LAST;;1;1;XEUR;11820391;690;
26.05.2025;11:58:19.389;FGBS SI 20250606 PS;SIMPLE_INSTRUMENT;EFP_FIN;EUR;8;107.34500000;159;EXCHANGE_LAST;;1;1;XEUR;11820391;690;
26.05.2025;12:03:18.294;FGBS SI 20250606 PS;SIMPLE_INSTRUMENT;EFP_FIN;EUR;9;107.34000000;966;EXCHANGE_LAST;;1;1;XEUR;11820391;690;
26.05.2025;12:06:28.838;FGBS SI 20250606 PS;SIMPLE_INSTRUMENT;EFP_FIN;EUR;10;107.34000000;174;EXCHANGE_LAST;;1;1;XEUR;11820391;690;
26.05.2025;07:53:30.826;FGBS SI 20250606 PS;SIMPLE_INSTRUMENT;VOLA;EUR;268435468;107.41000000;500;EXCHANGE_LAST;;1;1;XEUR;11820391;690;
26.05.2025;07:54:07.069;FGBX SI 20250606 PS;SIMPLE_INSTRUMENT;EFS;EUR;1;118.88000000;94;EXCHANGE_LAST;;1;1;XEUR;11820392;691;
26.05.2025;08:29:48.893;FGBX SI 20250606 PS;SIMPLE_INSTRUMENT;EFS;EUR;2;118.62000000;131;EXCHANGE_LAST;;1;1;XEUR;11820392;691;
26.05.2025;15:06:14.960;FGBX SI 20250606 PS;SIMPLE_INSTRUMENT;EFP_FIN;EUR;5;119.80000000;744;EXCHANGE_LAST;;1;1;XEUR;11820392;691;
26.05.2025;15:05:41.534;FGBX SI 20250606 PS;SIMPLE_INSTRUMENT;EFP_FIN;EUR;6;119.80000000;1578;EXCHANGE_LAST;;1;1;XEUR;11820392;691;
26.05.2025;06:38:01.957;FMAE SI 20250620 CS;SIMPLE_INSTRUMENT;EFP_IDX;EUR;12;392.71700000;1744;EXCHANGE_LAST;;1;1;XEUR;7939684;48921;
26.05.2025;01:56:56.917;FMCH SI 20250620 CS;SIMPLE_INSTRUMENT;BLOCK;USD;1;587.40000000;128;EXCHANGE_LAST;;1;1;XEUR;7940815;402909;
26.05.2025;05:47:56.328;FMCH SI 20250620 CS;SIMPLE_INSTRUMENT;BLOCK;USD;7;590.00000000;339;EXCHANGE_LAST;;1;1;XEUR;7940815;402909;
26.05.2025;05:47:39.989;FMCH SI 20250919 CS;SIMPLE_INSTRUMENT;BLOCK;USD;8;596.19500000;335;EXCHANGE_LAST;;1;1;XEUR;8429949;402909;
26.05.2025;08:41:02.373;FMEF SI 20250620 CS;SIMPLE_INSTRUMENT;VOLA;USD;603979780;1171.00000000;8;EXCHANGE_LAST;;1;1;XEUR;7408968;30657;
26.05.2025;07:10:50.921;FMEN SI 20250620 CS;SIMPLE_INSTRUMENT;EFP_IDX;EUR;18;522.84700000;16;EXCHANGE_LAST;;1;1;XEUR;7939172;30652;
26.05.2025;07:36:33.600;FMES SI 20250620 CS;SIMPLE_INSTRUMENT;EFP_IDX;EUR;24;606.64800000;93;EXCHANGE_LAST;;1;1;XEUR;7940344;221291;
26.05.2025;07:27:47.360;FMGC SI 20250620 CS;SIMPLE_INSTRUMENT;BLOCK;USD;21;13952.18000000;23;EXCHANGE_LAST;;1;1;XEUR;7939680;48916;
26.05.2025;07:54:54.055;FMHK SI 20250620 CS;SIMPLE_INSTRUMENT;BLOCK;USD;25;63800.00000000;45;EXCHANGE_LAST;;1;1;XEUR;7939458;45282;
26.05.2025;02:17:46.190;FMIN SI 20250620 CS;SIMPLE_INSTRUMENT;BLOCK;USD;2;1295.95400000;80;EXCHANGE_LAST;;1;1;XEUR;7938852;12404;
26.05.2025;02:41:05.765;FMIN SI 20250620 CS;SIMPLE_INSTRUMENT;BLOCK;USD;3;1295.95400000;235;EXCHANGE_LAST;;1;2;XEUR;7938852;12404;
26.05.2025;02:47:32.306;FMIN SI 20250620 CS;SIMPLE_INSTRUMENT;BLOCK;USD;4;1295.43700000;233;EXCHANGE_LAST;;1;1;XEUR;7938852;12404;
26.05.2025;08:18:49.430;FMIN SI 20250620 CS;SIMPLE_INSTRUMENT;BLOCK;USD;28;1295.00000000;232;EXCHANGE_LAST;;1;1;XEUR;7938852;12404;
26.05.2025;08:19:11.887;FMIN SI 20251219 CS;SIMPLE_INSTRUMENT;BLOCK;USD;29;1325.17400000;227;EXCHANGE_LAST;;1;1;XEUR;8837859;12404;
26.05.2025;11:14:02.438;FMMU SI 20250620 CS;SIMPLE_INSTRUMENT;BLOCK;EUR;30;338.48000000;2065;EXCHANGE_LAST;;1;1;XEUR;7939646;48138;
26.05.2025;14:40:52.836;FMNB SI 20261217 PS AM C 48.00 0;SIMPLE_INSTRUMENT;BLOCK;EUR;7;10.70000000;251;EXCHANGE_LAST;;1;1;XEUR;12725342;658;
26.05.2025;14:40:37.377;FMNB SI 20261217 PS AM C 60.00 0;SIMPLE_INSTRUMENT;BLOCK;EUR;8;6.50000000;380;EXCHANGE_LAST;;1;1;XEUR;12888757;658;
26.05.2025;08:16:05.417;FMTW SI 20250620 CS;SIMPLE_INSTRUMENT;BLOCK;USD;1;850.00000000;696;EXCHANGE_LAST;;1;2;XEUR;7939790;51884;
26.05.2025;08:16:28.625;FMTW SI 20250919 CS;SIMPLE_INSTRUMENT;BLOCK;USD;2;858.92500000;689;EXCHANGE_LAST;;2;1;XEUR;8428623;51884;
26.05.2025;07:21:10.382;FMWH SI 20250620 CS;SIMPLE_INSTRUMENT;BLOCK;USD;19;504.01900000;157;EXCHANGE_LAST;;1;1;XEUR;7940146;124314;
26.05.2025;07:37:32.754;FMWN SI 20250620 CS;SIMPLE_INSTRUMENT;BLOCK;EUR;23;547.47000000;360;EXCHANGE_LAST;;1;1;XEUR;7939177;30654;
26.05.2025;06:18:57.220;FMWO SI 20250620 CS;SIMPLE_INSTRUMENT;EFP_IDX;USD;9;12154.86000000;3669;EXCHANGE_LAST;;1;1;XEUR;7938711;7059;
26.05.2025;06:36:09.209;FMWO SI 20250620 CS;SIMPLE_INSTRUMENT;BLOCK;USD;10;12153.62000000;1024;EXCHANGE_LAST;;1;1;XEUR;7938711;7059;
26.05.2025;06:37:29.514;FMWO SI 20250620 CS;SIMPLE_INSTRUMENT;BLOCK;USD;11;12154.12000000;300;EXCHANGE_LAST;;1;1;XEUR;7938711;7059;
26.05.2025;06:38:28.768;FMWO SI 20250620 CS;SIMPLE_INSTRUMENT;BLOCK;USD;13;12153.37000000;130;EXCHANGE_LAST;;1;1;XEUR;7938711;7059;
26.05.2025;06:39:11.074;FMWO SI 20250620 CS;SIMPLE_INSTRUMENT;BLOCK;USD;14;12153.37000000;818;EXCHANGE_LAST;;1;1;XEUR;7938711;7059;
26.05.2025;06:49:08.082;FMWO SI 20250620 CS;SIMPLE_INSTRUMENT;EFP_IDX;USD;15;12153.88000000;59;EXCHANGE_LAST;;1;1;XEUR;7938711;7059;
26.05.2025;06:49:16.352;FMWO SI 20250620 CS;SIMPLE_INSTRUMENT;EFP_IDX;USD;16;12154.12000000;34;EXCHANGE_LAST;;1;1;XEUR;7938711;7059;
26.05.2025;07:22:34.188;FMWO SI 20250620 CS;SIMPLE_INSTRUMENT;BLOCK;USD;20;12153.37000000;164;EXCHANGE_LAST;;1;1;XEUR;7938711;7059;
26.05.2025;07:28:10.842;FMWO SI 20250620 CS;SIMPLE_INSTRUMENT;BLOCK;USD;22;12154.12000000;590;EXCHANGE_LAST;;1;1;XEUR;7938711;7059;
26.05.2025;07:03:40.451;FMXG SI 20250620 CS;SIMPLE_INSTRUMENT;EFP_IDX;EUR;17;388.67800000;9684;EXCHANGE_LAST;;1;1;XEUR;7940141;124306;
26.05.2025;13:07:26.646;FO4I SI 20250620 CS;SIMPLE_INSTRUMENT;BLOCK;EUR;18;55.72140000;7500;EXCHANGE_LAST;;1;1;XEUR;11196103;57111;
26.05.2025;09:03:34.953;FOAT SI 20250606 PS;SIMPLE_INSTRUMENT;EFP_FIN;EUR;1;124.59000000;520;EXCHANGE_LAST;;1;1;XEUR;11820393;749;
26.05.2025;09:08:19.260;FOAT SI 20250606 PS;SIMPLE_INSTRUMENT;EFP_FIN;EUR;2;124.63000000;413;EXCHANGE_LAST;;1;1;XEUR;11820393;749;
26.05.2025;10:03:06.297;FOAT SI 20250606 PS;SIMPLE_INSTRUMENT;BLOCK;EUR;3;124.67000000;838;EXCHANGE_LAST;;1;1;XEUR;11820393;749;
26.05.2025;10:08:21.391;FOAT SI 20250606 PS;SIMPLE_INSTRUMENT;EFP_FIN;EUR;4;124.66000000;87;EXCHANGE_LAST;;1;1;XEUR;11820393;749;
26.05.2025;10:11:03.260;FOAT SI 20250606 PS;SIMPLE_INSTRUMENT;EFP_FIN;EUR;5;124.66000000;52;EXCHANGE_LAST;;1;1;XEUR;11820393;749;
26.05.2025;10:18:58.657;FOAT SI 20250606 PS;SIMPLE_INSTRUMENT;EFP_FIN;EUR;6;124.69000000;1651;EXCHANGE_LAST;;1;1;XEUR;11820393;749;
26.05.2025;10:46:14.518;FOAT SI 20250606 PS;SIMPLE_INSTRUMENT;EFP_FIN;EUR;7;124.71000000;3545;EXCHANGE_LAST;;1;1;XEUR;11820393;749;
26.05.2025;11:01:44.513;FOAT SI 20250606 PS;SIMPLE_INSTRUMENT;EFP_FIN;EUR;8;124.68000000;788;EXCHANGE_LAST;;1;1;XEUR;11820393;749;
26.05.2025;12:51:09.328;FOAT SI 20250606 PS;SIMPLE_INSTRUMENT;EFP_FIN;EUR;9;124.70000000;788;EXCHANGE_LAST;;1;1;XEUR;11820393;749;
26.05.2025;13:20:23.275;FOAT SI 20250606 PS;SIMPLE_INSTRUMENT;EFP_FIN;EUR;10;124.70000000;788;EXCHANGE_LAST;;1;1;XEUR;11820393;749;
26.05.2025;13:25:04.444;FOAT SI 20250606 PS;SIMPLE_INSTRUMENT;EFP_FIN;EUR;11;124.86000000;1046;EXCHANGE_LAST;;1;1;XEUR;11820393;749;
26.05.2025;13:26:27.479;FOAT SI 20250606 PS;SIMPLE_INSTRUMENT;EFP_FIN;EUR;12;124.69000000;1182;EXCHANGE_LAST;;1;1;XEUR;11820393;749;
26.05.2025;13:55:42.127;FOAT SI 20250606 PS;SIMPLE_INSTRUMENT;EFP_FIN;EUR;13;124.88000000;788;EXCHANGE_LAST;;1;1;XEUR;11820393;749;
26.05.2025;14:07:24.475;FOAT SI 20250606 PS;SIMPLE_INSTRUMENT;EFP_FIN;EUR;14;124.89000000;394;EXCHANGE_LAST;;1;1;XEUR;11820393;749;
26.05.2025;14:09:07.032;FOAT SI 20250606 PS;SIMPLE_INSTRUMENT;EFP_FIN;EUR;15;124.90000000;788;EXCHANGE_LAST;;1;1;XEUR;11820393;749;
26.05.2025;14:31:11.229;FOAT SI 20250606 PS;SIMPLE_INSTRUMENT;EFP_FIN;EUR;16;124.83000000;2758;EXCHANGE_LAST;;1;1;XEUR;11820393;749;
26.05.2025;15:42:45.481;FSEG SI 20250620 CS;SIMPLE_INSTRUMENT;EFP_IDX;EUR;8;203.10000000;18;EXCHANGE_LAST;;1;1;XEUR;11913120;109977;
26.05.2025;15:43:04.995;FSEG SI 20250620 CS;SIMPLE_INSTRUMENT;EFP_IDX;EUR;9;203.20000000;27;EXCHANGE_LAST;;1;1;XEUR;11913120;109977;
26.05.2025;15:47:26.799;FSEG SI 20250620 CS;SIMPLE_INSTRUMENT;EFP_IDX;EUR;11;202.60000000;38;EXCHANGE_LAST;;1;1;XEUR;11913120;109977;
26.05.2025;15:47:47.230;FSEG SI 20250620 CS;SIMPLE_INSTRUMENT;EFP_IDX;EUR;12;203.20000000;29;EXCHANGE_LAST;;1;1;XEUR;11913120;109977;
26.05.2025;15:37:40.027;FSMI SI 20250620 CS;SIMPLE_INSTRUMENT;EFP_IDX;CHF;1;12315.00000000;43;EXCHANGE_LAST;;1;1;XEUR;7904351;757;
26.05.2025;15:39:29.671;FSMI SI 20250620 CS;SIMPLE_INSTRUMENT;EFP_IDX;CHF;2;12314.00000000;32;EXCHANGE_LAST;;1;1;XEUR;7904351;757;
26.05.2025;15:46:45.241;FSTN SI 20250620 CS;SIMPLE_INSTRUMENT;EFP_IDX;EUR;10;814.50000000;26;EXCHANGE_LAST;;1;1;XEUR;11881318;704;
26.05.2025;08:00:31.647;FSTT SI 20250620 CS;SIMPLE_INSTRUMENT;BLOCK;EUR;3;265.70000000;842;EXCHANGE_LAST;;1;1;XEUR;11881320;708;
26.05.2025;15:57:14.951;FSTX SI 20250620 CS;SIMPLE_INSTRUMENT;EFP_IDX;EUR;13;4565.00000000;24;EXCHANGE_LAST;;1;1;XEUR;11881331;728;
26.05.2025;15:57:30.519;FSTX SI 20250620 CS;SIMPLE_INSTRUMENT;EFP_IDX;EUR;14;4564.00000000;46;EXCHANGE_LAST;;1;1;XEUR;11881331;728;
26.05.2025;14:13:55.686;FTE.O.250526.RBER.000003;STANDARD_OPTION_STRATEGY;BLOCK;EUR;9;-0.27000000;10000;EXCHANGE_LAST;;2;1;XEUR;72060703594264533;724;
26.05.2025;14:13:55.686;FTE SI 20281215 PS AM P 10.00 0;SIMPLE_INSTRUMENT;BLOCK;EUR;9;0.81000000;10000;PRC_DECOMP_EXCHANGE;;;;XEUR;10406325;724;EXCHANGE
26.05.2025;14:13:55.686;FTE SI 20281215 PS AM P 7.20 0;SIMPLE_INSTRUMENT;BLOCK;EUR;9;0.27000000;20000;PRC_DECOMP_EXCHANGE;;;;XEUR;10406307;724;EXCHANGE
26.05.2025;15:57:11.578;FXXP SI 20250620 CS;SIMPLE_INSTRUMENT;EFP_IDX;EUR;37;551.90000000;60;EXCHANGE_LAST;;1;1;XEUR;7904812;816;
26.05.2025;15:58:33.984;FXXP SI 20250620 CS;SIMPLE_INSTRUMENT;EFP_IDX;EUR;38;552.00000000;90;EXCHANGE_LAST;;1;1;XEUR;7904812;816;
26.05.2025;15:38:04.427;G2OB SI 20271217 CS;SIMPLE_INSTRUMENT;BLOCK;EUR;36;2.18000000;120;EXCHANGE_LAST;;1;1;XEUR;8381737;805;
26.05.2025;12:30:36.661;GEBN SI 20260320 PS AM P 520.00 0;SIMPLE_INSTRUMENT;BLOCK;CHF;14;17.90000000;500;EXCHANGE_LAST;;1;1;XEUR;13007344;882;
26.05.2025;10:55:19.471;GIVG SI 20251121 CS;SIMPLE_INSTRUMENT;BLOCK;CHF;8;4147.41650000;68;EXCHANGE_LAST;;1;1;XEUR;12076401;895;
26.05.2025;11:54:48.656;HNK SI 20260320 PS AM P 72.00 0;SIMPLE_INSTRUMENT;BLOCK;EUR;4;3.53000000;1000;EXCHANGE_LAST;;1;1;XEUR;13008629;947;
26.05.2025;12:14:50.054;HOLN SI 20260320 PS AM P 86.00 0;SIMPLE_INSTRUMENT;BLOCK;CHF;13;3.97000000;500;EXCHANGE_LAST;;1;1;XEUR;13147880;943;
26.05.2025;13:57:04.355;INN.O.250526.BULBR.000001;STANDARD_OPTION_STRATEGY;BLOCK;EUR;5;1.01000000;3750;EXCHANGE_LAST;;1;1;XEUR;72061949134786455;1014;
26.05.2025;13:57:04.355;INN SI 20260619 PS AM P 15.00 0;SIMPLE_INSTRUMENT;BLOCK;EUR;5;0.74000000;3750;PRC_DECOMP_EXCHANGE;;;;XEUR;12745803;1014;EXCHANGE
26.05.2025;13:57:04.355;INN SI 20260619 PS AM C 15.00 0;SIMPLE_INSTRUMENT;BLOCK;EUR;5;4.39000000;3750;PRC_DECOMP_EXCHANGE;;;;XEUR;12745802;1014;EXCHANGE
26.05.2025;13:57:04.355;INN SI 20260619 PS AM C 18.00 0;SIMPLE_INSTRUMENT;BLOCK;EUR;5;2.35000000;3750;PRC_DECOMP_EXCHANGE;;;;XEUR;12579386;1014;EXCHANGE
26.05.2025;13:57:04.355;INN SI 20260619 PS AM P 18.00 0;SIMPLE_INSTRUMENT;BLOCK;EUR;5;1.77000000;3750;PRC_DECOMP_EXCHANGE;;;;XEUR;12579388;1014;EXCHANGE
26.05.2025;13:57:15.158;INN.O.250526.BULBR.000001;STANDARD_OPTION_STRATEGY;BLOCK;EUR;6;1.02000000;3750;EXCHANGE_LAST;;1;1;XEUR;72061949134786455;1014;
26.05.2025;13:57:15.158;INN SI 20260619 PS AM C 18.00 0;SIMPLE_INSTRUMENT;BLOCK;EUR;6;2.35000000;3750;PRC_DECOMP_EXCHANGE;;;;XEUR;12579386;1014;EXCHANGE
26.05.2025;13:57:15.158;INN SI 20260619 PS AM C 15.00 0;SIMPLE_INSTRUMENT;BLOCK;EUR;6;4.39000000;3750;PRC_DECOMP_EXCHANGE;;;;XEUR;12745802;1014;EXCHANGE
26.05.2025;13:57:15.158;INN SI 20260619 PS AM P 15.00 0;SIMPLE_INSTRUMENT;BLOCK;EUR;6;0.74000000;3750;PRC_DECOMP_EXCHANGE;;;;XEUR;12745803;1014;EXCHANGE
26.05.2025;13:57:15.158;INN SI 20260619 PS AM P 18.00 0;SIMPLE_INSTRUMENT;BLOCK;EUR;6;1.76000000;3750;PRC_DECOMP_EXCHANGE;;;;XEUR;12579388;1014;EXCHANGE
26.05.2025;10:52:02.234;INWF SI 20250619 CS;SIMPLE_INSTRUMENT;BLOCK;EUR;7;10.19590000;1100;EXCHANGE_LAST;;1;1;XEUR;11165424;626576;
26.05.2025;12:46:00.881;ITKG SI 20250620 CS;SIMPLE_INSTRUMENT;BLOCK;EUR;15;61.51980000;16000;EXCHANGE_LAST;;1;1;XEUR;11178098;996;
26.05.2025;13:52:54.220;ITKG SI 20250620 CS;SIMPLE_INSTRUMENT;BLOCK;EUR;25;61.59990000;20000;EXCHANGE_LAST;;1;1;XEUR;11178098;996;
26.05.2025;12:37:59.479;KNIN SI 20260619 PS AM P 160.00 0;SIMPLE_INSTRUMENT;BLOCK;CHF;16;8.77000000;150;EXCHANGE_LAST;;1;1;XEUR;11365381;1091;
26.05.2025;15:05:33.804;LOGN SI 20260320 PS AM P 68.00 0;SIMPLE_INSTRUMENT;BLOCK;CHF;25;7.05000000;400;EXCHANGE_LAST;;1;1;XEUR;13011942;1143;
26.05.2025;09:09:16.415;M2EG SI 20250620 CS;SIMPLE_INSTRUMENT;BLOCK;EUR;4;0.56000000;2625;EXCHANGE_LAST;;1;1;XEUR;10882081;412282;
26.05.2025;11:17:05.842;M2EG SI 20250620 CS;SIMPLE_INSTRUMENT;BLOCK;EUR;12;0.56000000;2625;EXCHANGE_LAST;;1;1;XEUR;10882081;412282;
26.05.2025;08:35:00.093;M2ON SI 20250620 CS;SIMPLE_INSTRUMENT;BLOCK;EUR;2;1.30000000;880;EXCHANGE_LAST;;1;1;XEUR;10872533;151287;
26.05.2025;11:26:37.585;M2ON SI 20250620 CS;SIMPLE_INSTRUMENT;BLOCK;EUR;14;1.30000000;875;EXCHANGE_LAST;;1;1;XEUR;10872533;151287;
26.05.2025;11:15:34.261;ME9G SI 20250619 CS;SIMPLE_INSTRUMENT;BLOCK;EUR;11;20.66230000;3000;EXCHANGE_LAST;;1;1;XEUR;11162775;1066;
26.05.2025;09:07:37.600;MOH SI 20251219 PS AM P 440.00 0;SIMPLE_INSTRUMENT;BLOCK;EUR;1;23.45000000;250;EXCHANGE_LAST;;1;1;XEUR;12447726;1074;
26.05.2025;08:34:57.223;MONF SI 20250619 CS;SIMPLE_INSTRUMENT;BLOCK;EUR;1;54.90590000;1000;EXCHANGE_LAST;;1;1;XEUR;11163663;31804;
26.05.2025;11:25:55.969;MONF SI 20250619 CS;SIMPLE_INSTRUMENT;BLOCK;EUR;13;55.08620000;1000;EXCHANGE_LAST;;1;1;XEUR;11163663;31804;
26.05.2025;09:43:24.236;MRK SI 20261218 PS AM P 100.00 0;SIMPLE_INSTRUMENT;BLOCK;EUR;2;7.20000000;300;EXCHANGE_LAST;;1;1;XEUR;7512403;1223;
26.05.2025;10:02:43.129;NESN SI 20250620 PS AM P 80.00 0;SIMPLE_INSTRUMENT;BLOCK;CHF;12;0.16000000;1000;EXCHANGE_LAST;;1;1;XEUR;11370065;1263;
26.05.2025;12:45:30.218;NESN.O.250526.BRT.000012;STANDARD_OPTION_STRATEGY;BLOCK;CHF;18;1.31000000;2000;EXCHANGE_LAST;;1;1;XEUR;72063018581707253;1263;
26.05.2025;12:45:30.218;NESN SI 20250815 PS AM P 88.00 0;SIMPLE_INSTRUMENT;BLOCK;CHF;18;2.40000000;2000;PRC_DECOMP_EXCHANGE;;;;XEUR;13418765;1263;EXCHANGE
26.05.2025;12:45:30.218;NESN SI 20250620 PS AM P 88.00 0;SIMPLE_INSTRUMENT;BLOCK;CHF;18;1.09000000;2000;PRC_DECOMP_EXCHANGE;;;;XEUR;11370068;1263;EXCHANGE
26.05.2025;09:50:10.422;NOVN SI 20250620 PS AM C 96.00 0;SIMPLE_INSTRUMENT;BLOCK;CHF;11;0.70000000;500;EXCHANGE_LAST;;1;1;XEUR;10239708;724745;
26.05.2025;14:48:04.896;ODAX SI 20250718 CS EU P 22500 0;SIMPLE_INSTRUMENT;BLOCK;EUR;4;234.00000000;610;EXCHANGE_LAST;;1;1;XEUR;13249651;1176;
26.05.2025;10:26:47.311;ODAX.V.250526.CALL-U.000234;OPTION_VOLATILITY_STRATEGY;BLOCK;EUR;671088641;100.60000000;3;EXCHANGE_LAST;;1;1;XEUR;72062644920440064;1176;
26.05.2025;10:26:47.311;ODAX SI 20251219 CS EU C 28000 0;SIMPLE_INSTRUMENT;BLOCK;EUR;671088641;100.60000000;357;PRC_DECOMP_EXCHANGE;;;;XEUR;12396822;1176;EXCHANGE
26.05.2025;10:26:47.311;FDAX SI 20250620 CS;SIMPLE_INSTRUMENT;BLOCK;EUR;671088641;24065.00000000;6;PRC_DECOMP_EXCHANGE;;;;XEUR;7903800;1176;EXCHANGE
26.05.2025;12:42:23.629;ODAX.V.250526.BLT-U.000260;OPTION_VOLATILITY_STRATEGY;BLOCK;EUR;671088642;225.00000000;2;EXCHANGE_LAST;;1;1;XEUR;72062644920440090;1176;
26.05.2025;12:42:23.629;FDAX SI 20250620 CS;SIMPLE_INSTRUMENT;BLOCK;EUR;671088642;24080.00000000;2;PRC_DECOMP_MEMBER;;;;XEUR;7903800;1176;MEMBER
26.05.2025;12:42:23.629;ODAX SI 20250718 CS EU C 24000 0;SIMPLE_INSTRUMENT;BLOCK;EUR;671088642;695.00000000;1000;PRC_DECOMP_MEMBER;;;;XEUR;13297565;1176;MEMBER
26.05.2025;12:42:23.629;ODAX SI 20250620 CS EU C 24000 0;SIMPLE_INSTRUMENT;BLOCK;EUR;671088642;470.00000000;1000;PRC_DECOMP_MEMBER;;;;XEUR;10989295;1176;MEMBER
26.05.2025;14:26:31.958;ODAX.V.250526.COMBO+U.000283;OPTION_VOLATILITY_STRATEGY;BLOCK;EUR;671088643;0.80000000;2;EXCHANGE_LAST;;1;1;XEUR;72062644920440113;1176;
26.05.2025;14:26:31.958;ODAX SI 20250620 CS EU C 24400 0;SIMPLE_INSTRUMENT;BLOCK;EUR;671088643;248.60000000;1000;PRC_DECOMP_EXCHANGE;;;;XEUR;12362271;1176;EXCHANGE
26.05.2025;14:26:31.958;FDAX SI 20250620 CS;SIMPLE_INSTRUMENT;BLOCK;EUR;671088643;24040.00000000;134;PRC_DECOMP_EXCHANGE;;;;XEUR;7903800;1176;EXCHANGE
26.05.2025;14:26:31.958;ODAX SI 20250620 CS EU P 23500 0;SIMPLE_INSTRUMENT;BLOCK;EUR;671088643;249.40000000;1000;PRC_DECOMP_EXCHANGE;;;;XEUR;9786182;1176;EXCHANGE
26.05.2025;08:36:08.923;OESN.V.250526.PUT+U.000001;OPTION_VOLATILITY_STRATEGY;BLOCK;EUR;603979777;10.00000000;1;EXCHANGE_LAST;;1;1;XEUR;72062760883586071;1203;
26.05.2025;08:36:08.923;FESN SI 20250620 CS;SIMPLE_INSTRUMENT;BLOCK;EUR;603979777;789.80000000;21;PRC_DECOMP_EXCHANGE;;;;XEUR;11881227;1203;EXCHANGE
26.05.2025;08:36:08.923;OESN SI 20251219 CS EU P 660 0;SIMPLE_INSTRUMENT;BLOCK;EUR;603979777;10.00000000;190;PRC_DECOMP_EXCHANGE;;;;XEUR;10414359;1203;EXCHANGE
26.05.2025;07:19:38.349;OESX.O.250526.JR.000130;STANDARD_OPTION_STRATEGY;BLOCK;EUR;1;-49.80000000;1500;EXCHANGE_LAST;;1;1;XEUR;72062790950259989;1210;
26.05.2025;07:19:38.349;OESX SI 20260619 CS EU P 4700 0;SIMPLE_INSTRUMENT;BLOCK;EUR;1;164.60000000;1500;PRC_DECOMP_MEMBER;;;;XEUR;9435327;1210;MEMBER
26.05.2025;07:19:38.349;OESX SI 20251219 CS EU P 4700 0;SIMPLE_INSTRUMENT;BLOCK;EUR;1;91.90000000;1500;PRC_DECOMP_MEMBER;;;;XEUR;2926973;1210;MEMBER
26.05.2025;07:19:38.349;OESX SI 20251219 CS EU C 4700 0;SIMPLE_INSTRUMENT;BLOCK;EUR;1;806.40000000;1500;PRC_DECOMP_MEMBER;;;;XEUR;2926969;1210;MEMBER
26.05.2025;07:19:38.349;OESX SI 20260619 CS EU C 4700 0;SIMPLE_INSTRUMENT;BLOCK;EUR;1;829.30000000;1500;PRC_DECOMP_MEMBER;;;;XEUR;9435332;1210;MEMBER
26.05.2025;08:00:11.263;OESX SI 20250919 CS EU P 4900 0;SIMPLE_INSTRUMENT;BLOCK;EUR;6;73.40000000;1240;EXCHANGE_LAST;;1;1;XEUR;8653357;1210;
26.05.2025;08:00:11.263;OESX SI 20250919 CS EU P 4900 0;SIMPLE_INSTRUMENT;BLOCK;EUR;7;73.20000000;3760;EXCHANGE_LAST;;1;1;XEUR;8653357;1210;
26.05.2025;08:00:32.453;OESX SI 20250919 CS EU P 4400 0;SIMPLE_INSTRUMENT;BLOCK;EUR;8;31.90000000;5000;EXCHANGE_LAST;;1;1;XEUR;8238255;1210;
26.05.2025;08:32:12.425;OESX SI 20250815 CS EU P 4700 0;SIMPLE_INSTRUMENT;BLOCK;EUR;13;33.50000000;14000;EXCHANGE_LAST;;1;2;XEUR;11543668;1210;
26.05.2025;08:27:53.968;OESX SI 20250718 CS EU P 4375 0;SIMPLE_INSTRUMENT;BLOCK;EUR;14;10.60000000;2884;EXCHANGE_LAST;;1;1;XEUR;12630018;1210;
26.05.2025;08:28:16.972;OESX SI 20250718 CS EU C 5650 0;SIMPLE_INSTRUMENT;BLOCK;EUR;15;35.20000000;1400;EXCHANGE_LAST;;1;1;XEUR;11543524;1210;
26.05.2025;08:28:32.379;OESX SI 20250620 CS EU C 5675 0;SIMPLE_INSTRUMENT;BLOCK;EUR;16;7.10000000;1414;EXCHANGE_LAST;;1;1;XEUR;12453210;1210;
26.05.2025;08:29:02.675;OESX SI 20250620 CS EU C 5675 0;SIMPLE_INSTRUMENT;BLOCK;EUR;17;6.70000000;1106;EXCHANGE_LAST;;1;1;XEUR;12453210;1210;
26.05.2025;08:43:12.218;OESX SI 20260619 CS EU P 3700 0;SIMPLE_INSTRUMENT;BLOCK;EUR;21;50.00000000;4141;EXCHANGE_LAST;;1;1;XEUR;9435403;1210;
26.05.2025;08:43:05.569;OESX SI 20251219 CS EU C 6200 0;SIMPLE_INSTRUMENT;BLOCK;EUR;23;19.80000000;4100;EXCHANGE_LAST;;1;1;XEUR;11114716;1210;
26.05.2025;08:51:34.044;OESX SI 20250718 CS EU C 5500 0;SIMPLE_INSTRUMENT;BLOCK;EUR;27;85.80000000;3000;EXCHANGE_LAST;;1;2;XEUR;11369548;1210;
26.05.2025;09:46:18.784;OESX SI 20260417 CS EU P 4900 0;SIMPLE_INSTRUMENT;BLOCK;EUR;34;168.70000000;1220;EXCHANGE_LAST;;1;1;XEUR;13015629;1210;
26.05.2025;09:52:51.203;OESX SI 20250620 CS EU P 5375 0;SIMPLE_INSTRUMENT;BLOCK;EUR;36;77.50000000;1000;EXCHANGE_LAST;;1;1;XEUR;11283750;1210;
26.05.2025;10:21:27.005;OESX SI 20261218 CS EU P 4500 0;SIMPLE_INSTRUMENT;BLOCK;EUR;38;175.40000000;2000;EXCHANGE_LAST;;1;1;XEUR;3156688;1210;
26.05.2025;10:21:49.615;OESX SI 20260619 CS EU P 4700 0;SIMPLE_INSTRUMENT;BLOCK;EUR;39;159.20000000;1400;EXCHANGE_LAST;;1;1;XEUR;9435327;1210;
26.05.2025;14:37:28.551;OESX SI 20250606 CS EU P 4450 0;SIMPLE_INSTRUMENT;BLOCK;EUR;56;0.80000000;2500;EXCHANGE_LAST;;1;1;XEUR;13104969;1210;
26.05.2025;14:37:52.951;OESX SI 20250606 CS EU P 4450 0;SIMPLE_INSTRUMENT;BLOCK;EUR;57;0.90000000;2500;EXCHANGE_LAST;;1;1;XEUR;13104969;1210;
26.05.2025;15:08:00.317;OESX.O.250526.BER.000472;STANDARD_OPTION_STRATEGY;BLOCK;EUR;60;9.20000000;28415;EXCHANGE_LAST;;1;1;XEUR;72062790950260331;1210;
26.05.2025;15:08:00.317;OESX SI 20250620 CS EU P 5250 0;SIMPLE_INSTRUMENT;BLOCK;EUR;60;48.20000000;28415;PRC_DECOMP_EXCHANGE;;;;XEUR;11283763;1210;EXCHANGE
26.05.2025;15:08:00.317;OESX SI 20250620 CS EU P 5200 0;SIMPLE_INSTRUMENT;BLOCK;EUR;60;39.00000000;28415;PRC_DECOMP_EXCHANGE;;;;XEUR;8921723;1210;EXCHANGE
26.05.2025;15:07:36.773;OESX.O.250526.BER.000472;STANDARD_OPTION_STRATEGY;BLOCK;EUR;61;9.30000000;1879;EXCHANGE_LAST;;1;1;XEUR;72062790950260331;1210;
26.05.2025;15:07:36.773;OESX SI 20250620 CS EU P 5250 0;SIMPLE_INSTRUMENT;BLOCK;EUR;61;48.30000000;1879;PRC_DECOMP_EXCHANGE;;;;XEUR;11283763;1210;EXCHANGE
26.05.2025;15:07:36.773;OESX SI 20250620 CS EU P 5200 0;SIMPLE_INSTRUMENT;BLOCK;EUR;61;39.00000000;1879;PRC_DECOMP_EXCHANGE;;;;XEUR;8921723;1210;EXCHANGE
26.05.2025;07:33:17.654;OESX.D.250526.000151;NON_STANDARD_OVS;BLOCK;EUR;637534210;19390.00000000;15;EXCHANGE_LAST;;1;1;XEUR;72062790950260010;1210;
26.05.2025;07:33:17.654;FESX SI 20250620 CS;SIMPLE_INSTRUMENT;BLOCK;EUR;637534210;5400.00000000;330;PRC_DECOMP_MEMBER;;;;XEUR;7904020;1210;MEMBER
26.05.2025;07:33:17.654;OESX SI 20250919 CS EU P 5400 0;SIMPLE_INSTRUMENT;BLOCK;EUR;637534210;193.10000000;1500;PRC_DECOMP_MEMBER;;;;XEUR;9298217;1210;MEMBER
26.05.2025;07:33:17.654;OESX SI 20251219 CS EU P 5400 0;SIMPLE_INSTRUMENT;BLOCK;EUR;637534210;258.00000000;2250;PRC_DECOMP_MEMBER;;;;XEUR;7001169;1210;MEMBER
26.05.2025;07:32:59.269;OESX.V.250526.BUL-U.000129;OPTION_VOLATILITY_STRATEGY;BLOCK;EUR;637534211;173.00000000;10;EXCHANGE_LAST;;1;1;XEUR;72062790950259988;1210;
26.05.2025;07:32:59.269;OESX SI 20261218 CS EU C 5500 0;SIMPLE_INSTRUMENT;BLOCK;EUR;637534211;373.20000000;1000;PRC_DECOMP_MEMBER;;;;XEUR;4555750;1210;MEMBER
26.05.2025;07:32:59.269;OESX SI 20261218 CS EU C 5900 0;SIMPLE_INSTRUMENT;BLOCK;EUR;637534211;200.20000000;1000;PRC_DECOMP_MEMBER;;;;XEUR;10755040;1210;MEMBER
26.05.2025;07:32:59.269;FESX SI 20250620 CS;SIMPLE_INSTRUMENT;BLOCK;EUR;637534211;5410.00000000;160;PRC_DECOMP_MEMBER;;;;XEUR;7904020;1210;MEMBER
26.05.2025;07:32:18.852;OESX.V.250526.BUL-U.000128;OPTION_VOLATILITY_STRATEGY;BLOCK;EUR;637534212;61.90000000;15;EXCHANGE_LAST;;1;1;XEUR;72062790950259987;1210;
26.05.2025;07:32:18.852;OESX SI 20250718 CS EU C 5500 0;SIMPLE_INSTRUMENT;BLOCK;EUR;637534212;84.70000000;1500;PRC_DECOMP_MEMBER;;;;XEUR;11369548;1210;MEMBER
26.05.2025;07:32:18.852;FESX SI 20250620 CS;SIMPLE_INSTRUMENT;BLOCK;EUR;637534212;5395.00000000;375;PRC_DECOMP_MEMBER;;;;XEUR;7904020;1210;MEMBER
26.05.2025;07:32:18.852;OESX SI 20250718 CS EU C 5700 0;SIMPLE_INSTRUMENT;BLOCK;EUR;637534212;22.80000000;1500;PRC_DECOMP_MEMBER;;;;XEUR;11369536;1210;MEMBER
26.05.2025;07:58:39.444;OESX.V.250526.BER+U.000169;OPTION_VOLATILITY_STRATEGY;BLOCK;EUR;637534213;53.50000000;15;EXCHANGE_LAST;;1;1;XEUR;72062790950260028;1210;
26.05.2025;07:58:39.444;OESX SI 20260320 CS EU P 4800 0;SIMPLE_INSTRUMENT;BLOCK;EUR;637534213;137.40000000;1500;PRC_DECOMP_EXCHANGE;;;;XEUR;9057319;1210;EXCHANGE
26.05.2025;07:58:39.444;OESX SI 20260320 CS EU P 4400 0;SIMPLE_INSTRUMENT;BLOCK;EUR;637534213;83.90000000;1500;PRC_DECOMP_EXCHANGE;;;;XEUR;9057241;1210;EXCHANGE
26.05.2025;07:58:39.444;FESX SI 20250620 CS;SIMPLE_INSTRUMENT;BLOCK;EUR;637534213;5400.00000000;120;PRC_DECOMP_EXCHANGE;;;;XEUR;7904020;1210;EXCHANGE
26.05.2025;08:03:09.779;OESX.V.250526.PUT+U.000176;OPTION_VOLATILITY_STRATEGY;BLOCK;EUR;637534217;59.20000000;10;EXCHANGE_LAST;;1;1;XEUR;72062790950260035;1210;
26.05.2025;08:03:09.779;OESX SI 20250620 CS EU P 5300 0;SIMPLE_INSTRUMENT;BLOCK;EUR;637534217;59.20000000;1000;PRC_DECOMP_EXCHANGE;;;;XEUR;9019680;1210;EXCHANGE
26.05.2025;08:03:09.779;FESX SI 20250620 CS;SIMPLE_INSTRUMENT;BLOCK;EUR;637534217;5395.00000000;330;PRC_DECOMP_EXCHANGE;;;;XEUR;7904020;1210;EXCHANGE
26.05.2025;08:15:41.761;OESX.V.250526.CDIA+U.000161;OPTION_VOLATILITY_STRATEGY;BLOCK;EUR;637534218;26.80000000;10;EXCHANGE_LAST;;1;1;XEUR;72062790950260020;1210;
26.05.2025;08:15:41.761;FESX SI 20250620 CS;SIMPLE_INSTRUMENT;BLOCK;EUR;637534218;5400.00000000;20;PRC_DECOMP_EXCHANGE;;;;XEUR;7904020;1210;EXCHANGE
26.05.2025;08:15:41.761;OESX SI 20251219 CS EU C 5700 0;SIMPLE_INSTRUMENT;BLOCK;EUR;637534218;140.80000000;1000;PRC_DECOMP_EXCHANGE;;;;XEUR;10641413;1210;EXCHANGE
26.05.2025;08:15:41.761;OESX SI 20250919 CS EU C 5600 0;SIMPLE_INSTRUMENT;BLOCK;EUR;637534218;114.00000000;1000;PRC_DECOMP_EXCHANGE;;;;XEUR;10620497;1210;EXCHANGE
26.05.2025;08:15:30.156;OESX.V.250526.CB232-U.000185;OPTION_VOLATILITY_STRATEGY;BLOCK;EUR;637534219;149.40000000;6;EXCHANGE_LAST;;1;1;XEUR;72062790950260044;1210;
26.05.2025;08:15:30.156;FESX SI 20250620 CS;SIMPLE_INSTRUMENT;BLOCK;EUR;637534219;5405.00000000;300;PRC_DECOMP_MEMBER;;;;XEUR;7904020;1210;MEMBER
26.05.2025;08:15:30.156;OESX SI 20250815 CS EU C 5750 0;SIMPLE_INSTRUMENT;BLOCK;EUR;637534219;35.80000000;2250;PRC_DECOMP_MEMBER;;;;XEUR;11713511;1210;MEMBER
26.05.2025;08:15:30.156;OESX SI 20250815 CS EU C 5500 0;SIMPLE_INSTRUMENT;BLOCK;EUR;637534219;121.60000000;1500;PRC_DECOMP_MEMBER;;;;XEUR;11543723;1210;MEMBER
26.05.2025;08:15:30.156;OESX SI 20250815 CS EU C 6000 0;SIMPLE_INSTRUMENT;BLOCK;EUR;637534219;6.80000000;1500;PRC_DECOMP_MEMBER;;;;XEUR;11543799;1210;MEMBER
26.05.2025;08:32:06.485;OESX.V.250526.CALL-U.000188;OPTION_VOLATILITY_STRATEGY;BLOCK;EUR;637534220;123.50000000;70;EXCHANGE_LAST;;2;1;XEUR;72062790950260047;1210;
26.05.2025;08:32:06.485;FESX SI 20250620 CS;SIMPLE_INSTRUMENT;BLOCK;EUR;637534220;5410.00000000;4480;PRC_DECOMP_MEMBER;;;;XEUR;7904020;1210;MEMBER
26.05.2025;08:32:06.485;OESX SI 20250815 CS EU C 5500 0;SIMPLE_INSTRUMENT;BLOCK;EUR;637534220;123.50000000;7000;PRC_DECOMP_MEMBER;;;;XEUR;11543723;1210;MEMBER
26.05.2025;08:32:46.859;OESX.V.250526.CCOND+U.000196;OPTION_VOLATILITY_STRATEGY;BLOCK;EUR;637534226;-44.90000000;15;EXCHANGE_LAST;;1;1;XEUR;72062790950260055;1210;
26.05.2025;08:32:46.859;OESX SI 20251219 CS EU C 3900 0;SIMPLE_INSTRUMENT;BLOCK;EUR;637534226;1545.70000000;1500;PRC_DECOMP_EXCHANGE;;;;XEUR;2151413;1210;EXCHANGE
26.05.2025;08:32:46.859;OESX SI 20251219 CS EU C 4100 0;SIMPLE_INSTRUMENT;BLOCK;EUR;637534226;1356.80000000;1500;PRC_DECOMP_EXCHANGE;;;;XEUR;2297660;1210;EXCHANGE
26.05.2025;08:32:46.859;OESX SI 20251219 CS EU C 4000 0;SIMPLE_INSTRUMENT;BLOCK;EUR;637534226;1450.90000000;1500;PRC_DECOMP_EXCHANGE;;;;XEUR;2165699;1210;EXCHANGE
26.05.2025;08:32:46.859;FESX SI 20250620 CS;SIMPLE_INSTRUMENT;BLOCK;EUR;637534226;5410.00000000;15;PRC_DECOMP_EXCHANGE;;;;XEUR;7904020;1210;EXCHANGE
26.05.2025;08:32:46.859;OESX SI 20251219 CS EU C 4250 0;SIMPLE_INSTRUMENT;BLOCK;EUR;637534226;1217.10000000;1500;PRC_DECOMP_EXCHANGE;;;;XEUR;6921234;1210;EXCHANGE
26.05.2025;08:37:42.496;OESX.V.250526.BUL-U.000199;OPTION_VOLATILITY_STRATEGY;BLOCK;EUR;637534228;202.00000000;20;EXCHANGE_LAST;;1;1;XEUR;72062790950260058;1210;
26.05.2025;08:37:42.496;OESX SI 20261218 CS EU C 6000 0;SIMPLE_INSTRUMENT;BLOCK;EUR;637534228;188.00000000;2000;PRC_DECOMP_EXCHANGE;;;;XEUR;3323324;1210;EXCHANGE
26.05.2025;08:37:42.496;OESX SI 20261218 CS EU C 5500 0;SIMPLE_INSTRUMENT;BLOCK;EUR;637534228;390.00000000;2000;PRC_DECOMP_EXCHANGE;;;;XEUR;4555750;1210;EXCHANGE
26.05.2025;08:37:42.496;FESX SI 20250620 CS;SIMPLE_INSTRUMENT;BLOCK;EUR;637534228;5390.00000000;360;PRC_DECOMP_EXCHANGE;;;;XEUR;7904020;1210;EXCHANGE
26.05.2025;08:41:02.669;OESX.V.250526.CALL-U.000201;OPTION_VOLATILITY_STRATEGY;BLOCK;EUR;637534230;47.50000000;10;EXCHANGE_LAST;;1;1;XEUR;72062790950260060;1210;
26.05.2025;08:41:02.669;OESX SI 20250718 CS EU C 5600 0;SIMPLE_INSTRUMENT;BLOCK;EUR;637534230;47.50000000;1000;PRC_DECOMP_MEMBER;;;;XEUR;11369550;1210;MEMBER
26.05.2025;08:41:02.669;FESX SI 20250620 CS;SIMPLE_INSTRUMENT;BLOCK;EUR;637534230;5400.00000000;280;PRC_DECOMP_MEMBER;;;;XEUR;7904020;1210;MEMBER
26.05.2025;08:51:07.772;OESX.V.250526.BUL-U.000204;OPTION_VOLATILITY_STRATEGY;BLOCK;EUR;637534233;25.80000000;10;EXCHANGE_LAST;;1;1;XEUR;72062790950260063;1210;
26.05.2025;08:51:07.772;FESX SI 20250620 CS;SIMPLE_INSTRUMENT;BLOCK;EUR;637534233;5410.00000000;130;PRC_DECOMP_MEMBER;;;;XEUR;7904020;1210;MEMBER
26.05.2025;08:51:07.772;OESX SI 20250606 CS EU C 5450 0;SIMPLE_INSTRUMENT;BLOCK;EUR;637534233;42.10000000;1000;PRC_DECOMP_MEMBER;;;;XEUR;13105034;1210;MEMBER
26.05.2025;08:51:07.772;OESX SI 20250606 CS EU C 5400 0;SIMPLE_INSTRUMENT;BLOCK;EUR;637534233;67.90000000;1000;PRC_DECOMP_MEMBER;;;;XEUR;13105039;1210;MEMBER
26.05.2025;08:51:19.877;OESX.V.250526.PUT+U.000210;OPTION_VOLATILITY_STRATEGY;BLOCK;EUR;637534234;62.40000000;20;EXCHANGE_LAST;;2;1;XEUR;72062790950260069;1210;
26.05.2025;08:51:19.877;OESX SI 20250718 CS EU P 5150 0;SIMPLE_INSTRUMENT;BLOCK;EUR;637534234;62.40000000;2000;PRC_DECOMP_MEMBER;;;;XEUR;11543505;1210;MEMBER
26.05.2025;08:51:19.877;FESX SI 20250620 CS;SIMPLE_INSTRUMENT;BLOCK;EUR;637534234;5400.00000000;1640;PRC_DECOMP_MEMBER;;;;XEUR;7904020;1210;MEMBER
26.05.2025;08:54:29.907;OESX.V.250526.PDIA+U.000213;OPTION_VOLATILITY_STRATEGY;BLOCK;EUR;637534236;78.00000000;20;EXCHANGE_LAST;;1;1;XEUR;72062790950260072;1210;
26.05.2025;08:54:29.907;OESX SI 20250620 CS EU P 5400 0;SIMPLE_INSTRUMENT;BLOCK;EUR;637534236;87.70000000;2000;PRC_DECOMP_EXCHANGE;;;;XEUR;9298219;1210;EXCHANGE
26.05.2025;08:54:29.907;FESX SI 20250620 CS;SIMPLE_INSTRUMENT;BLOCK;EUR;637534236;5407.00000000;680;PRC_DECOMP_EXCHANGE;;;;XEUR;7904020;1210;EXCHANGE
26.05.2025;08:54:29.907;OESX SI 20250530 CS EU P 5275 0;SIMPLE_INSTRUMENT;BLOCK;EUR;637534236;9.70000000;2000;PRC_DECOMP_EXCHANGE;;;;XEUR;12896918;1210;EXCHANGE
26.05.2025;08:59:18.004;OESX.V.250526.BRT+U.000214;OPTION_VOLATILITY_STRATEGY;BLOCK;EUR;637534237;15.50000000;15;EXCHANGE_LAST;;1;1;XEUR;72062790950260073;1210;
26.05.2025;08:59:18.004;FESX SI 20250620 CS;SIMPLE_INSTRUMENT;BLOCK;EUR;637534237;5410.00000000;60;PRC_DECOMP_MEMBER;;;;XEUR;7904020;1210;MEMBER
26.05.2025;08:59:18.004;OESX SI 20250718 CS EU P 4800 0;SIMPLE_INSTRUMENT;BLOCK;EUR;637534237;24.50000000;1500;PRC_DECOMP_MEMBER;;;;XEUR;11369591;1210;MEMBER
26.05.2025;08:59:18.004;OESX SI 20250620 CS EU P 4800 0;SIMPLE_INSTRUMENT;BLOCK;EUR;637534237;9.00000000;1500;PRC_DECOMP_MEMBER;;;;XEUR;7834895;1210;MEMBER
26.05.2025;09:08:20.869;OESX.V.250526.BUL-U.000216;OPTION_VOLATILITY_STRATEGY;BLOCK;EUR;637534238;73.60000000;15;EXCHANGE_LAST;;1;1;XEUR;72062790950260075;1210;
26.05.2025;09:08:20.869;OESX SI 20250620 CS EU C 5600 0;SIMPLE_INSTRUMENT;BLOCK;EUR;637534238;15.80000000;1500;PRC_DECOMP_MEMBER;;;;XEUR;10620500;1210;MEMBER
26.05.2025;09:08:20.869;FESX SI 20250620 CS;SIMPLE_INSTRUMENT;BLOCK;EUR;637534238;5400.00000000;525;PRC_DECOMP_MEMBER;;;;XEUR;7904020;1210;MEMBER
26.05.2025;09:08:20.869;OESX SI 20250620 CS EU C 5400 0;SIMPLE_INSTRUMENT;BLOCK;EUR;637534238;89.40000000;1500;PRC_DECOMP_MEMBER;;;;XEUR;9298227;1210;MEMBER
26.05.2025;09:35:54.235;OESX.V.250526.BRT+U.000252;OPTION_VOLATILITY_STRATEGY;BLOCK;EUR;637534241;178.50000000;15;EXCHANGE_LAST;;1;1;XEUR;72062790950260111;1210;
26.05.2025;09:35:54.235;OESX SI 20261218 CS EU P 5400 0;SIMPLE_INSTRUMENT;BLOCK;EUR;637534241;431.50000000;1500;PRC_DECOMP_MEMBER;;;;XEUR;7001162;1210;MEMBER
26.05.2025;09:35:54.235;FESX SI 20250620 CS;SIMPLE_INSTRUMENT;BLOCK;EUR;637534241;5410.00000000;15;PRC_DECOMP_MEMBER;;;;XEUR;7904020;1210;MEMBER
26.05.2025;09:35:54.235;OESX SI 20251219 CS EU P 5400 0;SIMPLE_INSTRUMENT;BLOCK;EUR;637534241;253.00000000;1500;PRC_DECOMP_MEMBER;;;;XEUR;7001169;1210;MEMBER
26.05.2025;09:46:37.892;OESX.V.250526.RBER-U.000258;OPTION_VOLATILITY_STRATEGY;BLOCK;EUR;637534243;-21.90000000;10;EXCHANGE_LAST;;1;1;XEUR;72062790950260117;1210;
26.05.2025;09:46:37.892;OESX SI 20250530 CS EU P 5275 0;SIMPLE_INSTRUMENT;BLOCK;EUR;637534243;7.70000000;2000;PRC_DECOMP_EXCHANGE;;;;XEUR;12896918;1210;EXCHANGE
26.05.2025;09:46:37.892;FESX SI 20250620 CS;SIMPLE_INSTRUMENT;BLOCK;EUR;637534243;5403.00000000;210;PRC_DECOMP_EXCHANGE;;;;XEUR;7904020;1210;EXCHANGE
26.05.2025;09:46:37.892;OESX SI 20250530 CS EU P 5400 0;SIMPLE_INSTRUMENT;BLOCK;EUR;637534243;37.30000000;1000;PRC_DECOMP_EXCHANGE;;;;XEUR;12896912;1210;EXCHANGE
26.05.2025;10:33:52.412;OESX.V.250526.BRT+U.000252;OPTION_VOLATILITY_STRATEGY;BLOCK;EUR;637534249;178.50000000;10;EXCHANGE_LAST;;1;1;XEUR;72062790950260111;1210;
26.05.2025;10:33:52.412;OESX SI 20261218 CS EU P 5400 0;SIMPLE_INSTRUMENT;BLOCK;EUR;637534249;431.50000000;1000;PRC_DECOMP_MEMBER;;;;XEUR;7001162;1210;MEMBER
26.05.2025;10:33:52.412;OESX SI 20251219 CS EU P 5400 0;SIMPLE_INSTRUMENT;BLOCK;EUR;637534249;253.00000000;1000;PRC_DECOMP_MEMBER;;;;XEUR;7001169;1210;MEMBER
26.05.2025;10:33:52.412;FESX SI 20250620 CS;SIMPLE_INSTRUMENT;BLOCK;EUR;637534249;5410.00000000;10;PRC_DECOMP_MEMBER;;;;XEUR;7904020;1210;MEMBER
26.05.2025;11:19:29.188;OESX.V.250526.BER+U.000285;OPTION_VOLATILITY_STRATEGY;BLOCK;EUR;637534251;81.60000000;20;EXCHANGE_LAST;;1;1;XEUR;72062790950260144;1210;
26.05.2025;11:19:29.188;OESX SI 20260918 CS EU P 4900 0;SIMPLE_INSTRUMENT;BLOCK;EUR;637534251;231.80000000;2000;PRC_DECOMP_EXCHANGE;;;;XEUR;9810664;1210;EXCHANGE
26.05.2025;11:19:29.188;OESX SI 20260918 CS EU P 4500 0;SIMPLE_INSTRUMENT;BLOCK;EUR;637534251;150.20000000;2000;PRC_DECOMP_EXCHANGE;;;;XEUR;9810692;1210;EXCHANGE
26.05.2025;11:19:29.188;FESX SI 20250620 CS;SIMPLE_INSTRUMENT;BLOCK;EUR;637534251;5400.00000000;200;PRC_DECOMP_EXCHANGE;;;;XEUR;7904020;1210;EXCHANGE
26.05.2025;11:21:14.438;OESX.V.250526.BER+U.000289;OPTION_VOLATILITY_STRATEGY;BLOCK;EUR;637534252;21.20000000;30;EXCHANGE_LAST;;1;1;XEUR;72062790950260148;1210;
26.05.2025;11:21:14.438;OESX SI 20260220 CS EU P 4900 0;SIMPLE_INSTRUMENT;BLOCK;EUR;637534252;143.00000000;3000;PRC_DECOMP_EXCHANGE;;;;XEUR;12630406;1210;EXCHANGE
26.05.2025;11:21:14.438;FESX SI 20250620 CS;SIMPLE_INSTRUMENT;BLOCK;EUR;637534252;5410.00000000;90;PRC_DECOMP_EXCHANGE;;;;XEUR;7904020;1210;EXCHANGE
26.05.2025;11:21:14.438;OESX SI 20260220 CS EU P 5000 0;SIMPLE_INSTRUMENT;BLOCK;EUR;637534252;164.20000000;3000;PRC_DECOMP_EXCHANGE;;;;XEUR;12630409;1210;EXCHANGE
26.05.2025;11:56:34.160;OESX.V.250526.PUT+U.000315;OPTION_VOLATILITY_STRATEGY;BLOCK;EUR;637534253;42.50000000;15;EXCHANGE_LAST;;1;1;XEUR;72062790950260174;1210;
26.05.2025;11:56:34.160;FESX SI 20250620 CS;SIMPLE_INSTRUMENT;BLOCK;EUR;637534253;5410.00000000;75;PRC_DECOMP_MEMBER;;;;XEUR;7904020;1210;MEMBER
26.05.2025;11:56:34.160;OESX SI 20260619 CS EU P 3500 0;SIMPLE_INSTRUMENT;BLOCK;EUR;637534253;42.50000000;1500;PRC_DECOMP_MEMBER;;;;XEUR;9435420;1210;MEMBER
26.05.2025;12:21:38.825;OESX.V.250526.BER+U.000318;OPTION_VOLATILITY_STRATEGY;BLOCK;EUR;637534254;46.70000000;10;EXCHANGE_LAST;;1;1;XEUR;72062790950260177;1210;
26.05.2025;12:21:38.825;OESX SI 20250620 CS EU P 4800 0;SIMPLE_INSTRUMENT;BLOCK;EUR;637534254;9.00000000;1000;PRC_DECOMP_MEMBER;;;;XEUR;7834895;1210;MEMBER
26.05.2025;12:21:38.825;FESX SI 20250620 CS;SIMPLE_INSTRUMENT;BLOCK;EUR;637534254;5400.00000000;280;PRC_DECOMP_MEMBER;;;;XEUR;7904020;1210;MEMBER
26.05.2025;12:21:38.825;OESX SI 20250620 CS EU P 5300 0;SIMPLE_INSTRUMENT;BLOCK;EUR;637534254;55.70000000;1000;PRC_DECOMP_MEMBER;;;;XEUR;9019680;1210;MEMBER
26.05.2025;12:48:51.528;OESX.D.250526.000328;NON_STANDARD_OVS;BLOCK;EUR;637534255;9300.00000000;10;EXCHANGE_LAST;;1;1;XEUR;72062790950260187;1210;
26.05.2025;12:48:51.528;OESX SI 20250815 CS EU P 5400 0;SIMPLE_INSTRUMENT;BLOCK;EUR;637534255;162.00000000;1000;PRC_DECOMP_MEMBER;;;;XEUR;11543713;1210;MEMBER
26.05.2025;12:48:51.528;FESX SI 20250620 CS;SIMPLE_INSTRUMENT;BLOCK;EUR;637534255;5400.00000000;330;PRC_DECOMP_MEMBER;;;;XEUR;7904020;1210;MEMBER
26.05.2025;12:48:51.528;OESX SI 20251017 CS EU P 4300 0;SIMPLE_INSTRUMENT;BLOCK;EUR;637534255;34.50000000;2000;PRC_DECOMP_MEMBER;;;;XEUR;11890830;1210;MEMBER
26.05.2025;12:57:20.245;OESX.V.250526.CDIA+U.000337;OPTION_VOLATILITY_STRATEGY;BLOCK;EUR;637534256;87.00000000;10;EXCHANGE_LAST;;1;1;XEUR;72062790950260196;1210;
26.05.2025;12:57:20.245;OESX SI 20260320 CS EU C 5750 0;SIMPLE_INSTRUMENT;BLOCK;EUR;637534256;168.70000000;1000;PRC_DECOMP_EXCHANGE;;;;XEUR;13015245;1210;EXCHANGE
26.05.2025;12:57:20.245;FESX SI 20250620 CS;SIMPLE_INSTRUMENT;BLOCK;EUR;637534256;5400.00000000;30;PRC_DECOMP_EXCHANGE;;;;XEUR;7904020;1210;EXCHANGE
26.05.2025;12:57:20.245;OESX SI 20250718 CS EU C 5500 0;SIMPLE_INSTRUMENT;BLOCK;EUR;637534256;81.70000000;1000;PRC_DECOMP_EXCHANGE;;;;XEUR;11369548;1210;EXCHANGE
26.05.2025;13:22:11.142;OESX.D.250526.000372;NON_STANDARD_OVS;BLOCK;EUR;637534257;9240.00000000;12;EXCHANGE_LAST;;1;1;XEUR;72062790950260231;1210;
26.05.2025;13:22:11.142;FESX SI 20250620 CS;SIMPLE_INSTRUMENT;BLOCK;EUR;637534257;5392.00000000;504;PRC_DECOMP_MEMBER;;;;XEUR;7904020;1210;MEMBER
26.05.2025;13:22:11.142;OESX SI 20250815 CS EU C 5850 0;SIMPLE_INSTRUMENT;BLOCK;EUR;637534257;17.00000000;1200;PRC_DECOMP_MEMBER;;;;XEUR;11713517;1210;MEMBER
26.05.2025;13:22:11.142;OESX SI 20250815 CS EU P 5350 0;SIMPLE_INSTRUMENT;BLOCK;EUR;637534257;147.40000000;1200;PRC_DECOMP_MEMBER;;;;XEUR;11713389;1210;MEMBER
26.05.2025;13:22:11.142;OESX SI 20250815 CS EU P 4350 0;SIMPLE_INSTRUMENT;BLOCK;EUR;637534257;19.00000000;2400;PRC_DECOMP_MEMBER;;;;XEUR;11713264;1210;MEMBER
26.05.2025;13:19:03.339;OESX.V.250526.CDIA+U.000368;OPTION_VOLATILITY_STRATEGY;BLOCK;EUR;637534258;101.10000000;10;EXCHANGE_LAST;;1;1;XEUR;72062790950260227;1210;
26.05.2025;13:19:03.339;FESX SI 20250620 CS;SIMPLE_INSTRUMENT;BLOCK;EUR;637534258;5390.00000000;70;PRC_DECOMP_EXCHANGE;;;;XEUR;7904020;1210;EXCHANGE
26.05.2025;13:19:03.339;OESX SI 20260320 CS EU C 5600 0;SIMPLE_INSTRUMENT;BLOCK;EUR;637534258;231.90000000;1000;PRC_DECOMP_EXCHANGE;;;;XEUR;10620495;1210;EXCHANGE
26.05.2025;13:19:03.339;OESX SI 20250718 CS EU C 5400 0;SIMPLE_INSTRUMENT;BLOCK;EUR;637534258;130.80000000;1000;PRC_DECOMP_EXCHANGE;;;;XEUR;11369561;1210;EXCHANGE
26.05.2025;13:33:04.787;OESX.V.250526.BR23-U.000380;OPTION_VOLATILITY_STRATEGY;BLOCK;EUR;637534259;-42.80000000;6;EXCHANGE_LAST;;1;1;XEUR;72062790950260239;1210;
26.05.2025;13:33:04.787;FESX SI 20250620 CS;SIMPLE_INSTRUMENT;BLOCK;EUR;637534259;5390.00000000;156;PRC_DECOMP_MEMBER;;;;XEUR;7904020;1210;MEMBER
26.05.2025;13:33:04.787;OESX SI 20250620 CS EU P 5250 0;SIMPLE_INSTRUMENT;BLOCK;EUR;637534259;47.20000000;1200;PRC_DECOMP_MEMBER;;;;XEUR;11283763;1210;MEMBER
26.05.2025;13:33:04.787;OESX SI 20250620 CS EU P 5000 0;SIMPLE_INSTRUMENT;BLOCK;EUR;637534259;17.20000000;1800;PRC_DECOMP_MEMBER;;;;XEUR;8719757;1210;MEMBER
26.05.2025;13:46:42.631;OESX.V.250526.BER+U.000399;OPTION_VOLATILITY_STRATEGY;BLOCK;EUR;637534260;62.70000000;15;EXCHANGE_LAST;;1;1;XEUR;72062790950260258;1210;
26.05.2025;13:46:42.631;FESX SI 20250620 CS;SIMPLE_INSTRUMENT;BLOCK;EUR;637534260;5395.00000000;240;PRC_DECOMP_MEMBER;;;;XEUR;7904020;1210;MEMBER
26.05.2025;13:46:42.631;OESX SI 20250815 CS EU P 5400 0;SIMPLE_INSTRUMENT;BLOCK;EUR;637534260;164.00000000;1500;PRC_DECOMP_MEMBER;;;;XEUR;11543713;1210;MEMBER
26.05.2025;13:46:42.631;OESX SI 20250815 CS EU P 5200 0;SIMPLE_INSTRUMENT;BLOCK;EUR;637534260;101.30000000;1500;PRC_DECOMP_MEMBER;;;;XEUR;11543701;1210;MEMBER
26.05.2025;13:51:35.890;OESX.V.250526.BER+U.000390;OPTION_VOLATILITY_STRATEGY;BLOCK;EUR;637534261;40.80000000;20;EXCHANGE_LAST;;1;1;XEUR;72062790950260249;1210;
26.05.2025;13:51:35.890;OESX SI 20250718 CS EU P 5350 0;SIMPLE_INSTRUMENT;BLOCK;EUR;637534261;113.30000000;2000;PRC_DECOMP_MEMBER;;;;XEUR;11543513;1210;MEMBER
26.05.2025;13:51:35.890;FESX SI 20250620 CS;SIMPLE_INSTRUMENT;BLOCK;EUR;637534261;5395.00000000;280;PRC_DECOMP_MEMBER;;;;XEUR;7904020;1210;MEMBER
26.05.2025;13:51:35.890;OESX SI 20250718 CS EU P 5200 0;SIMPLE_INSTRUMENT;BLOCK;EUR;637534261;72.50000000;2000;PRC_DECOMP_MEMBER;;;;XEUR;11369569;1210;MEMBER
26.05.2025;14:22:50.706;OESX.V.250526.BULBR-U.000415;OPTION_VOLATILITY_STRATEGY;BLOCK;EUR;637534262;11.50000000;30;EXCHANGE_LAST;;2;1;XEUR;72062790950260274;1210;
26.05.2025;14:22:50.706;OESX SI 20250620 CS EU P 5300 0;SIMPLE_INSTRUMENT;BLOCK;EUR;637534262;55.60000000;3000;PRC_DECOMP_MEMBER;;;;XEUR;9019680;1210;MEMBER
26.05.2025;14:22:50.706;OESX SI 20250620 CS EU C 5400 0;SIMPLE_INSTRUMENT;BLOCK;EUR;637534262;88.60000000;3000;PRC_DECOMP_MEMBER;;;;XEUR;9298227;1210;MEMBER
26.05.2025;14:22:50.706;FESX SI 20250620 CS;SIMPLE_INSTRUMENT;BLOCK;EUR;637534262;5400.00000000;510;PRC_DECOMP_MEMBER;;;;XEUR;7904020;1210;MEMBER
26.05.2025;14:22:50.706;OESX SI 20250620 CS EU C 5450 0;SIMPLE_INSTRUMENT;BLOCK;EUR;637534262;62.50000000;3000;PRC_DECOMP_MEMBER;;;;XEUR;11369510;1210;MEMBER
26.05.2025;14:22:50.706;OESX SI 20250620 CS EU P 5350 0;SIMPLE_INSTRUMENT;BLOCK;EUR;637534262;70.20000000;3000;PRC_DECOMP_MEMBER;;;;XEUR;11283745;1210;MEMBER
26.05.2025;14:33:45.218;OESX.V.250526.BER-C+U.000439;OPTION_VOLATILITY_STRATEGY;BLOCK;EUR;637534263;40.00000000;10;EXCHANGE_LAST;;1;1;XEUR;72062790950260298;1210;
26.05.2025;14:33:45.218;FESX SI 20250620 CS;SIMPLE_INSTRUMENT;BLOCK;EUR;637534263;5390.00000000;540;PRC_DECOMP_EXCHANGE;;;;XEUR;7904020;1210;EXCHANGE
26.05.2025;14:33:45.218;OESX SI 20250919 CS EU C 5700 0;SIMPLE_INSTRUMENT;BLOCK;EUR;637534263;73.20000000;1000;PRC_DECOMP_EXCHANGE;;;;XEUR;10641409;1210;EXCHANGE
26.05.2025;14:33:45.218;OESX SI 20250919 CS EU P 4650 0;SIMPLE_INSTRUMENT;BLOCK;EUR;637534263;46.80000000;1000;PRC_DECOMP_EXCHANGE;;;;XEUR;11695870;1210;EXCHANGE
26.05.2025;14:33:45.218;OESX SI 20250919 CS EU P 5300 0;SIMPLE_INSTRUMENT;BLOCK;EUR;637534263;160.00000000;1000;PRC_DECOMP_EXCHANGE;;;;XEUR;9019678;1210;EXCHANGE
26.05.2025;14:58:43.881;OESX.V.250526.BER+U.000447;OPTION_VOLATILITY_STRATEGY;BLOCK;EUR;637534267;4.00000000;15;EXCHANGE_LAST;;1;1;XEUR;72062790950260306;1210;
26.05.2025;14:58:43.881;OESX SI 20250620 CS EU P 4950 0;SIMPLE_INSTRUMENT;BLOCK;EUR;637534267;14.70000000;1500;PRC_DECOMP_EXCHANGE;;;;XEUR;10933310;1210;EXCHANGE
26.05.2025;14:58:43.881;OESX SI 20250620 CS EU P 5025 0;SIMPLE_INSTRUMENT;BLOCK;EUR;637534267;18.70000000;1500;PRC_DECOMP_EXCHANGE;;;;XEUR;11283687;1210;EXCHANGE
26.05.2025;14:58:43.881;FESX SI 20250620 CS;SIMPLE_INSTRUMENT;BLOCK;EUR;637534267;5400.00000000;45;PRC_DECOMP_EXCHANGE;;;;XEUR;7904020;1210;EXCHANGE
26.05.2025;15:10:29.781;OESX.V.250526.RBER-U.000474;OPTION_VOLATILITY_STRATEGY;BLOCK;EUR;637534270;-21.50000000;10;EXCHANGE_LAST;;1;1;XEUR;72062790950260333;1210;
26.05.2025;15:10:29.781;OESX SI 20250718 CS EU P 5100 0;SIMPLE_INSTRUMENT;BLOCK;EUR;637534270;56.60000000;2000;PRC_DECOMP_EXCHANGE;;;;XEUR;11369564;1210;EXCHANGE
26.05.2025;15:10:29.781;FESX SI 20250620 CS;SIMPLE_INSTRUMENT;BLOCK;EUR;637534270;5400.00000000;40;PRC_DECOMP_EXCHANGE;;;;XEUR;7904020;1210;EXCHANGE
26.05.2025;15:10:29.781;OESX SI 20250718 CS EU P 5400 0;SIMPLE_INSTRUMENT;BLOCK;EUR;637534270;134.70000000;1000;PRC_DECOMP_EXCHANGE;;;;XEUR;11369558;1210;EXCHANGE
26.05.2025;15:19:38.228;OESX.V.250526.PUT+U.000481;OPTION_VOLATILITY_STRATEGY;BLOCK;EUR;637534271;206.20000000;10;EXCHANGE_LAST;;1;1;XEUR;72062790950260340;1210;
26.05.2025;15:19:38.228;OESX SI 20260320 CS EU P 5100 0;SIMPLE_INSTRUMENT;BLOCK;EUR;637534271;206.20000000;1000;PRC_DECOMP_EXCHANGE;;;;XEUR;9057305;1210;EXCHANGE
26.05.2025;15:19:38.228;FESX SI 20250620 CS;SIMPLE_INSTRUMENT;BLOCK;EUR;637534271;5393.00000000;320;PRC_DECOMP_EXCHANGE;;;;XEUR;7904020;1210;EXCHANGE
26.05.2025;15:30:09.333;OESX.V.250526.CALL-U.000487;OPTION_VOLATILITY_STRATEGY;BLOCK;EUR;637534272;60.00000000;10;EXCHANGE_LAST;;1;1;XEUR;72062790950260346;1210;
26.05.2025;15:30:09.333;OESX SI 20250620 CS EU C 5450 0;SIMPLE_INSTRUMENT;BLOCK;EUR;637534272;60.00000000;1000;PRC_DECOMP_EXCHANGE;;;;XEUR;11369510;1210;EXCHANGE
26.05.2025;15:30:09.333;FESX SI 20250620 CS;SIMPLE_INSTRUMENT;BLOCK;EUR;637534272;5390.00000000;400;PRC_DECOMP_EXCHANGE;;;;XEUR;7904020;1210;EXCHANGE
26.05.2025;10:26:36.325;OEXD.V.250526.CALL-U.000004;OPTION_VOLATILITY_STRATEGY;BLOCK;EUR;301989890;4.10000000;8;EXCHANGE_LAST;;1;2;XEUR;72063495323014950;1374;
26.05.2025;10:26:36.325;FEXD SI 20261218 CS;SIMPLE_INSTRUMENT;BLOCK;EUR;301989890;155.10000000;400;PRC_DECOMP_EXCHANGE;;;;XEUR;2163053;1374;EXCHANGE
26.05.2025;10:26:36.325;OEXD SI 20261218 CS EU C 160 0;SIMPLE_INSTRUMENT;BLOCK;EUR;301989890;4.10000000;1000;PRC_DECOMP_EXCHANGE;;;;XEUR;7366325;1374;EXCHANGE
26.05.2025;11:05:32.818;OEXD.V.250526.CALL-U.000008;OPTION_VOLATILITY_STRATEGY;BLOCK;EUR;301989891;7.15000000;20;EXCHANGE_LAST;;1;1;XEUR;72063495323014954;1374;
26.05.2025;11:05:32.818;FEXD SI 20261218 CS;SIMPLE_INSTRUMENT;BLOCK;EUR;301989891;155.10000000;1020;PRC_DECOMP_EXCHANGE;;;;XEUR;2163053;1374;EXCHANGE
26.05.2025;11:05:32.818;OEXD SI 20261218 CS EU C 155 0;SIMPLE_INSTRUMENT;BLOCK;EUR;301989891;7.15000000;2000;PRC_DECOMP_EXCHANGE;;;;XEUR;7366311;1374;EXCHANGE
26.05.2025;13:24:52.796;OEXD.V.250526.RBER-U.000009;OPTION_VOLATILITY_STRATEGY;BLOCK;EUR;301989892;-0.70000000;5;EXCHANGE_LAST;;1;1;XEUR;72063495323014955;1374;
26.05.2025;13:24:52.796;OEXD SI 20271217 CS EU P 140 0;SIMPLE_INSTRUMENT;BLOCK;EUR;301989892;10.02000000;500;PRC_DECOMP_EXCHANGE;;;;XEUR;2849510;1374;EXCHANGE
26.05.2025;13:24:52.796;FEXD SI 20271217 CS;SIMPLE_INSTRUMENT;BLOCK;EUR;301989892;150.50000000;20;PRC_DECOMP_EXCHANGE;;;;XEUR;2848338;1374;EXCHANGE
26.05.2025;13:24:52.796;OEXD SI 20271217 CS EU P 110 0;SIMPLE_INSTRUMENT;BLOCK;EUR;301989892;4.66000000;1000;PRC_DECOMP_EXCHANGE;;;;XEUR;2849504;1374;EXCHANGE
26.05.2025;09:28:54.332;OEXP SI 20250526 CS EU P 5380 0;SIMPLE_INSTRUMENT;BLOCK;EUR;31;3.50000000;1000;EXCHANGE_LAST;;1;1;XEUR;13465735;705791;
26.05.2025;06:57:19.955;OGBL.O.250526.STG.000019;STANDARD_OPTION_STRATEGY;BLOCK;EUR;2;1.99000000;150;EXCHANGE_LAST;;1;1;XEUR;72063491028596203;1373;
26.05.2025;06:57:19.955;OGBL SI 20250822 PS AM P 129.00 0;SIMPLE_INSTRUMENT;BLOCK;EUR;2;1.13000000;150;PRC_DECOMP_EXCHANGE;;;;XEUR;12828834;1373;EXCHANGE
26.05.2025;06:57:19.955;OGBL SI 20250822 PS AM C 132.00 0;SIMPLE_INSTRUMENT;BLOCK;EUR;2;0.86000000;150;PRC_DECOMP_EXCHANGE;;;;XEUR;12828817;1373;EXCHANGE
26.05.2025;07:45:58.876;OGBL SI 20250620 PS AM C 131.00 0;SIMPLE_INSTRUMENT;BLOCK;EUR;5;0.51000000;1013;EXCHANGE_LAST;;1;1;XEUR;13017766;1373;
26.05.2025;07:46:20.878;OGBL SI 20250620 PS AM C 132.00 0;SIMPLE_INSTRUMENT;BLOCK;EUR;6;0.26000000;1013;EXCHANGE_LAST;;1;1;XEUR;13017745;1373;
26.05.2025;07:59:03.057;OGBL SI 20250620 PS AM P 123.50 0;SIMPLE_INSTRUMENT;BLOCK;EUR;8;0.01000000;100;EXCHANGE_LAST;;1;1;XEUR;13017602;1373;
26.05.2025;07:59:19.179;OGBL SI 20250620 PS AM P 123.50 0;SIMPLE_INSTRUMENT;BLOCK;EUR;10;0.02000000;280;EXCHANGE_LAST;;1;1;XEUR;13017602;1373;
26.05.2025;07:53:30.134;OGBL SI 20250822 PS AM P 127.00 0;SIMPLE_INSTRUMENT;BLOCK;EUR;11;0.54000000;250;EXCHANGE_LAST;;1;1;XEUR;12828665;1373;
26.05.2025;07:53:42.844;OGBL SI 20250822 PS AM P 127.00 0;SIMPLE_INSTRUMENT;BLOCK;EUR;13;0.55000000;250;EXCHANGE_LAST;;1;1;XEUR;12828665;1373;
26.05.2025;07:59:34.364;OGBL SI 20250620 PS AM P 124.00 0;SIMPLE_INSTRUMENT;BLOCK;EUR;16;0.02000000;893;EXCHANGE_LAST;;1;1;XEUR;13017598;1373;
26.05.2025;11:27:48.702;OGBL.O.250526.BUL.000076;STANDARD_OPTION_STRATEGY;BLOCK;EUR;21;0.43000000;160;EXCHANGE_LAST;;1;1;XEUR;72063491028596260;1373;
26.05.2025;11:27:48.702;OGBL SI 20250725 PS AM C 134.50 0;SIMPLE_INSTRUMENT;BLOCK;EUR;21;0.21000000;160;PRC_DECOMP_EXCHANGE;;;;XEUR;13316603;1373;EXCHANGE
26.05.2025;11:27:48.702;OGBL SI 20250725 PS AM C 132.00 0;SIMPLE_INSTRUMENT;BLOCK;EUR;21;0.64000000;160;PRC_DECOMP_EXCHANGE;;;;XEUR;13316593;1373;EXCHANGE
26.05.2025;11:28:32.644;OGBL.O.250526.BUL.000076;STANDARD_OPTION_STRATEGY;BLOCK;EUR;22;0.44000000;160;EXCHANGE_LAST;;1;1;XEUR;72063491028596260;1373;
26.05.2025;11:28:32.644;OGBL SI 20250725 PS AM C 132.00 0;SIMPLE_INSTRUMENT;BLOCK;EUR;22;0.64000000;160;PRC_DECOMP_EXCHANGE;;;;XEUR;13316593;1373;EXCHANGE
26.05.2025;11:28:32.644;OGBL SI 20250725 PS AM C 134.50 0;SIMPLE_INSTRUMENT;BLOCK;EUR;22;0.20000000;160;PRC_DECOMP_EXCHANGE;;;;XEUR;13316603;1373;EXCHANGE
26.05.2025;12:17:28.595;OGBL.O.250526.PLAD.000079;STANDARD_OPTION_STRATEGY;BLOCK;EUR;23;0.02000000;250;EXCHANGE_LAST;;1;1;XEUR;72063491028596263;1373;
26.05.2025;12:17:28.595;OGBL SI 20250620 PS AM P 125.00 0;SIMPLE_INSTRUMENT;BLOCK;EUR;23;0.02000000;250;PRC_DECOMP_EXCHANGE;;;;XEUR;13017606;1373;EXCHANGE
26.05.2025;12:17:28.595;OGBL SI 20250620 PS AM P 126.00 0;SIMPLE_INSTRUMENT;BLOCK;EUR;23;0.05000000;250;PRC_DECOMP_EXCHANGE;;;;XEUR;13017582;1373;EXCHANGE
26.05.2025;12:17:28.595;OGBL SI 20250620 PS AM P 127.00 0;SIMPLE_INSTRUMENT;BLOCK;EUR;23;0.09000000;250;PRC_DECOMP_EXCHANGE;;;;XEUR;13017590;1373;EXCHANGE
26.05.2025;13:49:13.615;OGBL.O.250526.BER.000085;STANDARD_OPTION_STRATEGY;BLOCK;EUR;24;0.10000000;150;EXCHANGE_LAST;;1;1;XEUR;72063491028596269;1373;
26.05.2025;13:49:13.615;OGBL SI 20250530 PS AM P 130.00 0;SIMPLE_INSTRUMENT;BLOCK;EUR;24;0.18000000;150;PRC_DECOMP_EXCHANGE;;;;XEUR;13252094;1373;EXCHANGE
26.05.2025;13:49:13.615;OGBL SI 20250530 PS AM P 129.50 0;SIMPLE_INSTRUMENT;BLOCK;EUR;24;0.08000000;150;PRC_DECOMP_EXCHANGE;;;;XEUR;13252102;1373;EXCHANGE
26.05.2025;13:55:23.196;OGBL.O.250526.STD.000018;STANDARD_OPTION_STRATEGY;BLOCK;EUR;25;1.75000000;200;EXCHANGE_LAST;;1;1;XEUR;72063491028596202;1373;
26.05.2025;13:55:23.196;OGBL SI 20250620 PS AM C 130.00 0;SIMPLE_INSTRUMENT;BLOCK;EUR;25;1.07000000;200;PRC_DECOMP_EXCHANGE;;;;XEUR;13017759;1373;EXCHANGE
26.05.2025;13:55:23.196;OGBL SI 20250620 PS AM P 130.00 0;SIMPLE_INSTRUMENT;BLOCK;EUR;25;0.68000000;200;PRC_DECOMP_EXCHANGE;;;;XEUR;13017754;1373;EXCHANGE
26.05.2025;15:16:00.585;OGBL SI 20250606 PS AM P 128.00 0;SIMPLE_INSTRUMENT;BLOCK;EUR;28;0.04000000;100;EXCHANGE_LAST;;1;1;XEUR;13316552;1373;
26.05.2025;15:15:08.582;OGBL SI 20250606 PS AM P 128.00 0;SIMPLE_INSTRUMENT;BLOCK;EUR;29;0.05000000;100;EXCHANGE_LAST;;1;1;XEUR;13316552;1373;
26.05.2025;15:29:00.396;OGBL.O.250526.PLAD.000091;STANDARD_OPTION_STRATEGY;BLOCK;EUR;30;0.10000000;500;EXCHANGE_LAST;;1;1;XEUR;72063491028596275;1373;
26.05.2025;15:29:00.396;OGBL SI 20250530 PS AM P 130.50 0;SIMPLE_INSTRUMENT;BLOCK;EUR;30;0.28000000;500;PRC_DECOMP_EXCHANGE;;;;XEUR;13252087;1373;EXCHANGE
26.05.2025;15:29:00.396;OGBL SI 20250530 PS AM P 130.00 0;SIMPLE_INSTRUMENT;BLOCK;EUR;30;0.13000000;500;PRC_DECOMP_EXCHANGE;;;;XEUR;13252094;1373;EXCHANGE
26.05.2025;15:29:00.396;OGBL SI 20250530 PS AM P 129.50 0;SIMPLE_INSTRUMENT;BLOCK;EUR;30;0.05000000;500;PRC_DECOMP_EXCHANGE;;;;XEUR;13252102;1373;EXCHANGE
26.05.2025;15:28:43.722;OGBL.O.250526.PLAD.000091;STANDARD_OPTION_STRATEGY;BLOCK;EUR;31;0.11000000;500;EXCHANGE_LAST;;1;1;XEUR;72063491028596275;1373;
26.05.2025;15:28:43.722;OGBL SI 20250530 PS AM P 130.50 0;SIMPLE_INSTRUMENT;BLOCK;EUR;31;0.28000000;500;PRC_DECOMP_EXCHANGE;;;;XEUR;13252087;1373;EXCHANGE
26.05.2025;15:28:43.722;OGBL SI 20250530 PS AM P 129.50 0;SIMPLE_INSTRUMENT;BLOCK;EUR;31;0.05000000;500;PRC_DECOMP_EXCHANGE;;;;XEUR;13252102;1373;EXCHANGE
26.05.2025;15:28:43.722;OGBL SI 20250530 PS AM P 130.00 0;SIMPLE_INSTRUMENT;BLOCK;EUR;31;0.12000000;500;PRC_DECOMP_EXCHANGE;;;;XEUR;13252094;1373;EXCHANGE
26.05.2025;15:47:03.751;OGBL.O.250526.RBER.000093;STANDARD_OPTION_STRATEGY;BLOCK;EUR;32;-0.20000000;150;EXCHANGE_LAST;;1;1;XEUR;72063491028596277;1373;
26.05.2025;15:47:03.751;OGBL SI 20250620 PS AM P 130.00 0;SIMPLE_INSTRUMENT;BLOCK;EUR;32;0.62000000;150;PRC_DECOMP_EXCHANGE;;;;XEUR;13017754;1373;EXCHANGE
26.05.2025;15:47:03.751;OGBL SI 20250620 PS AM P 128.50 0;SIMPLE_INSTRUMENT;BLOCK;EUR;32;0.21000000;300;PRC_DECOMP_EXCHANGE;;;;XEUR;13017578;1373;EXCHANGE
26.05.2025;06:19:58.763;OGBM SI 20250620 PS AM P 116.00 0;SIMPLE_INSTRUMENT;BLOCK;EUR;1;0.03000000;3000;EXCHANGE_LAST;;1;1;XEUR;13017443;1362;
26.05.2025;07:54:52.758;OGBM.V.250526.CALL-U.000010;OPTION_VOLATILITY_STRATEGY;BLOCK;EUR;268435470;0.38500000;10;EXCHANGE_LAST;;1;1;XEUR;72063443783519739;1362;
26.05.2025;07:54:52.758;FGBM SI 20250908 PS;SIMPLE_INSTRUMENT;BLOCK;EUR;268435470;117.84000000;440;PRC_DECOMP_EXCHANGE;;;;XEUR;12372483;1362;EXCHANGE
26.05.2025;07:54:52.758;OGBM SI 20250620 PS AM C 118.00 0;SIMPLE_INSTRUMENT;BLOCK;EUR;268435470;0.38500000;1000;PRC_DECOMP_EXCHANGE;;;;XEUR;13017413;1362;EXCHANGE
26.05.2025;10:14:21.198;OGBM.V.250526.CALL-U.000018;OPTION_VOLATILITY_STRATEGY;BLOCK;EUR;268435474;0.21500000;10;EXCHANGE_LAST;;1;1;XEUR;72063443783519747;1362;
26.05.2025;10:14:21.198;OGBM SI 20250620 PS AM C 118.50 0;SIMPLE_INSTRUMENT;BLOCK;EUR;268435474;0.21500000;1000;PRC_DECOMP_EXCHANGE;;;;XEUR;13017421;1362;EXCHANGE
26.05.2025;10:14:21.198;FGBM SI 20250908 PS;SIMPLE_INSTRUMENT;BLOCK;EUR;268435474;117.86000000;280;PRC_DECOMP_EXCHANGE;;;;XEUR;12372483;1362;EXCHANGE
26.05.2025;10:16:33.299;OGBM.V.250526.PUT+U.000019;OPTION_VOLATILITY_STRATEGY;BLOCK;EUR;268435476;0.46500000;10;EXCHANGE_LAST;;1;1;XEUR;72063443783519748;1362;
26.05.2025;10:16:33.299;OGBM SI 20250822 PS AM P 117.00 0;SIMPLE_INSTRUMENT;BLOCK;EUR;268435476;0.46500000;1000;PRC_DECOMP_EXCHANGE;;;;XEUR;12828484;1362;EXCHANGE
26.05.2025;10:16:33.299;FGBM SI 20250908 PS;SIMPLE_INSTRUMENT;BLOCK;EUR;268435476;117.86000000;320;PRC_DECOMP_EXCHANGE;;;;XEUR;12372483;1362;EXCHANGE
26.05.2025;07:52:18.142;OGBS SI 20250620 PS AM P 107.80 0;SIMPLE_INSTRUMENT;BLOCK;EUR;9;0.44000000;625;EXCHANGE_LAST;;1;1;XEUR;13017361;1363;
26.05.2025;14:09:01.488;OGBX.O.250526.PBUT.000007;STANDARD_OPTION_STRATEGY;BLOCK;EUR;27;0.24000000;500;EXCHANGE_LAST;;1;1;XEUR;73302108056611027;289761;
26.05.2025;14:09:01.488;OGBX SI 20250620 PS AM P 115.00 0;SIMPLE_INSTRUMENT;BLOCK;EUR;27;0.56000000;1000;PRC_DECOMP_EXCHANGE;;;;XEUR;13042498;289761;EXCHANGE
26.05.2025;14:09:01.488;OGBX SI 20250620 PS AM P 113.00 0;SIMPLE_INSTRUMENT;BLOCK;EUR;27;0.30000000;500;PRC_DECOMP_EXCHANGE;;;;XEUR;13042522;289761;EXCHANGE
26.05.2025;14:09:01.488;OGBX SI 20250620 PS AM P 117.00 0;SIMPLE_INSTRUMENT;BLOCK;EUR;27;1.06000000;500;PRC_DECOMP_EXCHANGE;;;;XEUR;13042505;289761;EXCHANGE
26.05.2025;08:37:07.169;OMEF SI 20250620 CS EU P 1170 0;SIMPLE_INSTRUMENT;BLOCK;USD;2;17.70000000;250;EXCHANGE_LAST;;1;1;XEUR;11193181;30931;
26.05.2025;08:37:27.832;OMEF SI 20250620 CS EU C 1170 0;SIMPLE_INSTRUMENT;BLOCK;USD;3;18.70000000;250;EXCHANGE_LAST;;1;1;XEUR;11193171;30931;
26.05.2025;08:47:48.588;OSMI.V.250526.CALL-U.000006;OPTION_VOLATILITY_STRATEGY;BLOCK;CHF;603979781;136.70000000;4;EXCHANGE_LAST;;1;1;XEUR;72063615582360856;1402;
26.05.2025;08:47:48.588;FSMI SI 20250620 CS;SIMPLE_INSTRUMENT;BLOCK;CHF;603979781;12300.00000000;168;PRC_DECOMP_EXCHANGE;;;;XEUR;7904351;1402;EXCHANGE
26.05.2025;08:47:48.588;OSMI SI 20250627 CS EU C 12400 0;SIMPLE_INSTRUMENT;BLOCK;CHF;603979781;136.70000000;400;PRC_DECOMP_EXCHANGE;;;;XEUR;13420792;1402;EXCHANGE
26.05.2025;15:39:18.556;OSMI.V.250526.BER+U.000022;OPTION_VOLATILITY_STRATEGY;BLOCK;CHF;603979785;126.50000000;3;EXCHANGE_LAST;;1;1;XEUR;72063615582360872;1402;
26.05.2025;15:39:18.556;OSMI SI 20250620 CS EU P 12300 0;SIMPLE_INSTRUMENT;BLOCK;CHF;603979785;158.50000000;300;PRC_DECOMP_EXCHANGE;;;;XEUR;11159033;1402;EXCHANGE
26.05.2025;15:39:18.556;FSMI SI 20250620 CS;SIMPLE_INSTRUMENT;BLOCK;CHF;603979785;12330.00000000;114;PRC_DECOMP_EXCHANGE;;;;XEUR;7904351;1402;EXCHANGE
26.05.2025;15:39:18.556;OSMI SI 20250620 CS EU P 11500 0;SIMPLE_INSTRUMENT;BLOCK;CHF;603979785;32.00000000;300;PRC_DECOMP_EXCHANGE;;;;XEUR;10419527;1402;EXCHANGE
26.05.2025;15:39:32.310;OSMI.V.250526.BER+U.000023;OPTION_VOLATILITY_STRATEGY;BLOCK;CHF;603979786;93.50000000;3;EXCHANGE_LAST;;1;1;XEUR;72063615582360873;1402;
26.05.2025;15:39:32.310;FSMI SI 20250620 CS;SIMPLE_INSTRUMENT;BLOCK;CHF;603979786;12330.00000000;87;PRC_DECOMP_EXCHANGE;;;;XEUR;7904351;1402;EXCHANGE
26.05.2025;15:39:32.310;OSMI SI 20250620 CS EU P 12200 0;SIMPLE_INSTRUMENT;BLOCK;CHF;603979786;125.10000000;300;PRC_DECOMP_EXCHANGE;;;;XEUR;8924825;1402;EXCHANGE
26.05.2025;15:39:32.310;OSMI SI 20250620 CS EU P 11500 0;SIMPLE_INSTRUMENT;BLOCK;CHF;603979786;31.60000000;300;PRC_DECOMP_EXCHANGE;;;;XEUR;10419527;1402;EXCHANGE
26.05.2025;12:08:34.890;OSSX SI 20250815 CS EU P 188.0 0;SIMPLE_INSTRUMENT;BLOCK;EUR;8;0.81000000;270;EXCHANGE_LAST;;1;1;XEUR;13441009;302398;
26.05.2025;11:20:04.055;OSTA.V.250526.CALL-U.000001;OPTION_VOLATILITY_STRATEGY;BLOCK;EUR;603979782;4.60000000;1;EXCHANGE_LAST;;1;1;XEUR;72063624172025001;1404;
26.05.2025;11:20:04.055;OSTA SI 20250620 CS EU C 560 0;SIMPLE_INSTRUMENT;BLOCK;EUR;603979782;4.60000000;100;PRC_DECOMP_EXCHANGE;;;;XEUR;9561947;1404;EXCHANGE
26.05.2025;11:20:04.055;FSTA SI 20250620 CS;SIMPLE_INSTRUMENT;BLOCK;EUR;603979782;537.50000000;25;PRC_DECOMP_EXCHANGE;;;;XEUR;11881326;1404;EXCHANGE
26.05.2025;11:12:10.670;OSTA.V.250526.CALL-U.000002;OPTION_VOLATILITY_STRATEGY;BLOCK;EUR;603979783;4.60000000;1;EXCHANGE_LAST;;1;1;XEUR;72063624172025002;1404;
26.05.2025;11:12:10.670;OSTA SI 20250620 CS EU C 560 0;SIMPLE_INSTRUMENT;BLOCK;EUR;603979783;4.60000000;250;PRC_DECOMP_EXCHANGE;;;;XEUR;9561947;1404;EXCHANGE
26.05.2025;11:12:10.670;FSTA SI 20250620 CS;SIMPLE_INSTRUMENT;BLOCK;EUR;603979783;537.50000000;63;PRC_DECOMP_EXCHANGE;;;;XEUR;11881326;1404;EXCHANGE
26.05.2025;13:55:32.938;OVS2.V.250526.CALL-U.000002;OPTION_VOLATILITY_STRATEGY;BLOCK;EUR;301989895;1.20000000;20;EXCHANGE_LAST;;1;1;XEUR;72274189238703780;50430;
26.05.2025;13:55:32.938;FVS SI 20250716 CS;SIMPLE_INSTRUMENT;BLOCK;EUR;301989895;20.20000000;480;PRC_DECOMP_EXCHANGE;;;;XEUR;12306079;50430;EXCHANGE
26.05.2025;13:55:32.938;OVS2 SI 20250716 PS AM C 30.00 0;SIMPLE_INSTRUMENT;BLOCK;EUR;301989895;1.20000000;2000;PRC_DECOMP_EXCHANGE;;;;XEUR;12306795;50430;EXCHANGE
26.05.2025;13:55:40.976;OVS2.V.250526.CALL-U.000003;OPTION_VOLATILITY_STRATEGY;BLOCK;EUR;301989896;1.17500000;20;EXCHANGE_LAST;;1;1;XEUR;72274189238703781;50430;
26.05.2025;13:55:40.976;OVS2 SI 20250618 PS AM C 24.00 0;SIMPLE_INSTRUMENT;BLOCK;EUR;301989896;1.17500000;2000;PRC_DECOMP_EXCHANGE;;;;XEUR;12059961;50430;EXCHANGE
26.05.2025;13:55:40.976;FVS SI 20250618 CS;SIMPLE_INSTRUMENT;BLOCK;EUR;301989896;20.00000000;580;PRC_DECOMP_EXCHANGE;;;;XEUR;12059407;50430;EXCHANGE
26.05.2025;14:27:00.324;OVS2.V.250526.CALL-U.000004;OPTION_VOLATILITY_STRATEGY;BLOCK;EUR;301989897;1.17500000;10;EXCHANGE_LAST;;1;1;XEUR;72274189238703782;50430;
26.05.2025;14:27:00.324;FVS SI 20250716 CS;SIMPLE_INSTRUMENT;BLOCK;EUR;301989897;20.20000000;250;PRC_DECOMP_EXCHANGE;;;;XEUR;12306079;50430;EXCHANGE
26.05.2025;14:27:00.324;OVS2 SI 20250716 PS AM C 30.00 0;SIMPLE_INSTRUMENT;BLOCK;EUR;301989897;1.17500000;1000;PRC_DECOMP_EXCHANGE;;;;XEUR;12306795;50430;EXCHANGE
26.05.2025;12:57:21.376;PAG.O.250526.BER.000006;STANDARD_OPTION_STRATEGY;BLOCK;EUR;11;8.00000000;750;EXCHANGE_LAST;;1;1;XEUR;74509436248402954;570864;
26.05.2025;12:57:21.376;PAG SI 20250620 PS AM P 76.00 0;SIMPLE_INSTRUMENT;BLOCK;EUR;11;33.32000000;750;PRC_DECOMP_EXCHANGE;;;;XEUR;8473916;570864;EXCHANGE
26.05.2025;12:57:21.376;PAG SI 20250620 PS AM P 68.00 0;SIMPLE_INSTRUMENT;BLOCK;EUR;11;25.32000000;750;PRC_DECOMP_EXCHANGE;;;;XEUR;8473910;570864;EXCHANGE
26.05.2025;12:58:29.253;PAG.O.250526.BER.000009;STANDARD_OPTION_STRATEGY;BLOCK;EUR;12;24.00000000;200;EXCHANGE_LAST;;1;1;XEUR;74509436248402957;570864;
26.05.2025;12:58:29.253;PAG SI 20250620 PS AM P 68.00 0;SIMPLE_INSTRUMENT;BLOCK;EUR;12;25.37000000;200;PRC_DECOMP_EXCHANGE;;;;XEUR;8473910;570864;EXCHANGE
26.05.2025;12:58:29.253;PAG SI 20250620 PS AM P 92.00 0;SIMPLE_INSTRUMENT;BLOCK;EUR;12;49.37000000;200;PRC_DECOMP_EXCHANGE;;;;XEUR;8473936;570864;EXCHANGE
26.05.2025;14:00:22.344;PAG.O.250526.PDIA.000010;STANDARD_OPTION_STRATEGY;BLOCK;EUR;13;-8.00000000;600;EXCHANGE_LAST;;1;1;XEUR;74509436248402958;570864;
26.05.2025;14:00:22.344;PAG SI 20251219 PS AM P 68.00 0;SIMPLE_INSTRUMENT;BLOCK;EUR;13;25.23000000;600;PRC_DECOMP_EXCHANGE;;;;XEUR;8473944;570864;EXCHANGE
26.05.2025;14:00:22.344;PAG SI 20250919 PS AM P 76.00 0;SIMPLE_INSTRUMENT;BLOCK;EUR;13;33.23000000;600;PRC_DECOMP_EXCHANGE;;;;XEUR;11927767;570864;EXCHANGE
26.05.2025;07:24:15.769;PGHN SI 20260320 PS AM P 880.00 0;SIMPLE_INSTRUMENT;BLOCK;CHF;1;34.32000000;400;EXCHANGE_LAST;;1;1;XEUR;13016552;1282;
26.05.2025;12:38:06.521;PGHN SI 20261218 PS AM P 880.00 0;SIMPLE_INSTRUMENT;BLOCK;CHF;15;69.09000000;300;EXCHANGE_LAST;;1;1;XEUR;7482705;1282;
26.05.2025;08:02:23.654;POR3 SI 20250620 PS AM C 38.00 0;SIMPLE_INSTRUMENT;BLOCK;EUR;1;0.26000000;415;EXCHANGE_LAST;;1;1;XEUR;11370808;1327;
26.05.2025;08:02:15.128;POR3 SI 20250620 PS AM C 38.00 0;SIMPLE_INSTRUMENT;BLOCK;EUR;2;0.21000000;335;EXCHANGE_LAST;;1;1;XEUR;11370808;1327;
26.05.2025;14:16:39.059;POR3 SI 20250620 PS AM P 34.00 0;SIMPLE_INSTRUMENT;BLOCK;EUR;16;0.56000000;1500;EXCHANGE_LAST;;1;2;XEUR;11370810;1327;
26.05.2025;10:46:18.856;PPX SI 20251219 PS AM P 170.00 0;SIMPLE_INSTRUMENT;BLOCK;EUR;3;19.10000000;600;EXCHANGE_LAST;;1;1;XEUR;12468407;12613;
26.05.2025;12:47:25.307;RACF SI 20250619 CS;SIMPLE_INSTRUMENT;BLOCK;EUR;16;425.20210000;5;EXCHANGE_LAST;;1;1;XEUR;11164110;57128;
26.05.2025;10:01:41.570;RHM SI 20250620 PS AM P 1400.00 0;SIMPLE_INSTRUMENT;BLOCK;EUR;5;7.50000000;150;EXCHANGE_LAST;;1;1;XEUR;12796404;1431;
26.05.2025;11:02:43.039;RHM SI 20250620 PS AM C 1900.00 0;SIMPLE_INSTRUMENT;BLOCK;EUR;8;76.00000000;100;EXCHANGE_LAST;;1;1;XEUR;12913098;1431;
26.05.2025;10:00:35.565;S2EJ SI 20250620 CS;SIMPLE_INSTRUMENT;BLOCK;EUR;6;2.90000000;52;EXCHANGE_LAST;;1;1;XEUR;10865351;45707;
26.05.2025;13:34:22.979;S2GE SI 20271217 CS;SIMPLE_INSTRUMENT;BLOCK;EUR;19;1.50000000;250;EXCHANGE_LAST;;1;1;XEUR;8393552;1470;
26.05.2025;07:55:47.401;SCMN SI 20250620 PS AM C 560.0 0;SIMPLE_INSTRUMENT;BLOCK;CHF;2;13.29000000;1000;EXCHANGE_LAST;;1;1;XEUR;7916335;1658;
26.05.2025;10:00:27.655;SEJF SI 20250620 CS;SIMPLE_INSTRUMENT;BLOCK;EUR;5;258.69000000;600;EXCHANGE_LAST;;1;1;XEUR;11188001;1651;
26.05.2025;13:47:58.317;SND SI 20250620 PS AM C 240.00 0;SIMPLE_INSTRUMENT;BLOCK;EUR;5;1.50000000;590;EXCHANGE_LAST;;1;1;XEUR;8140060;1572;
26.05.2025;14:49:46.718;STMN SI 20260320 PS AM P 76.00 0;SIMPLE_INSTRUMENT;BLOCK;CHF;24;1.75000000;1250;EXCHANGE_LAST;;1;2;XEUR;13021584;1540;
26.05.2025;11:55:28.332;TOTB SI 20260320 PS AM P 46.00 0;SIMPLE_INSTRUMENT;BLOCK;EUR;4;2.20000000;1500;EXCHANGE_LAST;;1;1;XEUR;13025773;1738;
26.05.2025;09:09:16.761;UBSN SI 20250620 PS AM C 27.00 0;SIMPLE_INSTRUMENT;BLOCK;CHF;8;0.62000000;2000;EXCHANGE_LAST;;1;1;XEUR;12233219;1712;
26.05.2025;09:09:56.933;UBSN SI 20250620 PS AM C 28.00 0;SIMPLE_INSTRUMENT;BLOCK;CHF;9;0.31000000;2760;EXCHANGE_LAST;;1;1;XEUR;8142843;1712;
26.05.2025;08:24:25.564;UHR SI 20250620 PS AM P 140.00 0;SIMPLE_INSTRUMENT;BLOCK;CHF;5;4.10000000;5000;EXCHANGE_LAST;;2;1;XEUR;8143825;1719;
26.05.2025;12:37:19.875;UHR SI 20250620 PS AM P 140.00 0;SIMPLE_INSTRUMENT;BLOCK;CHF;17;4.08000000;7000;EXCHANGE_LAST;;1;1;XEUR;8143825;1719;
26.05.2025;10:22:13.505;VO3.O.250526.STG.000007;STANDARD_OPTION_STRATEGY;BLOCK;EUR;6;11.24000000;1000;EXCHANGE_LAST;;1;1;XEUR;72065634216779103;1872;
26.05.2025;10:22:13.505;VO3 SI 20251219 PS AM P 88.00 0;SIMPLE_INSTRUMENT;BLOCK;EUR;6;4.96000000;1000;PRC_DECOMP_EXCHANGE;;;;XEUR;12466607;1872;EXCHANGE
26.05.2025;10:22:13.505;VO3 SI 20251219 PS AM C 100.00 0;SIMPLE_INSTRUMENT;BLOCK;EUR;6;6.28000000;1000;PRC_DECOMP_EXCHANGE;;;;XEUR;8807741;1872;EXCHANGE
26.05.2025;13:53:58.845;XCA SI 20250620 PS AM P 16.00 0;SIMPLE_INSTRUMENT;BLOCK;EUR;7;0.22000000;6500;EXCHANGE_LAST;;1;1;XEUR;8146221;1819;
26.05.2025;07:01:15.223;XLEN SI 20250627 CS;SIMPLE_INSTRUMENT;BLOCK;USD;1;28.18000000;37;EXCHANGE_LAST;;1;1;XEUR;11998304;75195;
26.05.2025;07:01:47.388;XLEN SI 20250627 CS;SIMPLE_INSTRUMENT;BLOCK;USD;2;28.19000000;58;EXCHANGE_LAST;;1;1;XEUR;11998304;75195;
26.05.2025;08:26:47.190;ZURN SI 20260619 PS AM P 500.00 0;SIMPLE_INSTRUMENT;BLOCK;CHF;6;17.80000000;6000;EXCHANGE_LAST;;1;1;XEUR;11449295;1800;
