#Date;TrdTime;Contract;ContractType;TrdTyp;Currency;TesId;Prc;Qty;TrdInd;Aggressor;Buy;Sell;Exch;InstrumentId;RelatedProdId;PrcDecomp
17.02.2025;16:37:02.521;A2XA SI 20271217 CS;SIMPLE_INSTRUMENT;BLOCK;EUR;60;2.11000000;250;EXCHANGE_LAST;;1;1;XEUR;5914267;17;
17.02.2025;10:03:58.196;ABBN SI 20250620 PS AM P 48.00 0;SIMPLE_INSTRUMENT;BLOCK;CHF;8;1.53000000;2000;EXCHANGE_LAST;;1;2;XEUR;8902740;574517;
17.02.2025;14:40:24.139;ABBN SI 20250221 PS AM P 50.50 0;SIMPLE_INSTRUMENT;BLOCK;CHF;43;0.23000000;2000;EXCHANGE_LAST;;1;1;XEUR;12279676;574517;
17.02.2025;12:00:05.485;ACC SI 20250620 PS AM P 38.00 0;SIMPLE_INSTRUMENT;BLOCK;CHF;27;1.21000000;600;EXCHANGE_LAST;;1;1;XEUR;11411131;626616;
17.02.2025;13:35:04.677;ADEN SI 20250321 PS AM C 26.00 0;SIMPLE_INSTRUMENT;BLOCK;CHF;34;0.21000000;5324;EXCHANGE_LAST;;1;1;XEUR;10828055;44;
17.02.2025;14:47:42.405;ADEN.O.250217.STD.000002;STANDARD_OPTION_STRATEGY;BLOCK;CHF;44;4.20000000;1000;EXCHANGE_LAST;;1;1;XEUR;72057783016515732;44;
17.02.2025;14:47:42.405;ADEN SI 20250620 PS AM C 24.00 0;SIMPLE_INSTRUMENT;BLOCK;CHF;44;0.54000000;1000;PRC_DECOMP_EXCHANGE;;;;XEUR;7897565;44;EXCHANGE
17.02.2025;14:47:42.405;ADEN SI 20250620 PS AM P 24.00 0;SIMPLE_INSTRUMENT;BLOCK;CHF;44;3.66000000;1000;PRC_DECOMP_EXCHANGE;;;;XEUR;7897564;44;EXCHANGE
17.02.2025;11:08:51.960;ADS SI 20250919 PS AM P 220.00 0;SIMPLE_INSTRUMENT;BLOCK;EUR;7;7.42000000;300;EXCHANGE_LAST;;1;1;XEUR;11870859;50;
17.02.2025;16:31:51.879;ADS SI 20250221 PS AM C 260.00 0;SIMPLE_INSTRUMENT;BLOCK;EUR;15;3.35000000;250;EXCHANGE_LAST;;1;1;XEUR;12237411;50;
17.02.2025;15:37:59.561;ADY.O.250217.STG.000007;STANDARD_OPTION_STRATEGY;BLOCK;EUR;14;175.00000000;300;EXCHANGE_LAST;;1;1;XEUR;72385364467126422;76315;
17.02.2025;15:37:59.561;ADY SI 20250620 PS AM C 2000.00 0;SIMPLE_INSTRUMENT;BLOCK;EUR;14;78.31000000;300;PRC_DECOMP_EXCHANGE;;;;XEUR;9748534;76315;EXCHANGE
17.02.2025;15:37:59.561;ADY SI 20250620 PS AM P 1760.00 0;SIMPLE_INSTRUMENT;BLOCK;EUR;14;96.69000000;300;PRC_DECOMP_EXCHANGE;;;;XEUR;9582603;76315;EXCHANGE
17.02.2025;13:37:30.337;AKU SI 20250321 PS AM C 62.00 0;SIMPLE_INSTRUMENT;BLOCK;EUR;12;1.17000000;395;EXCHANGE_LAST;;1;1;XEUR;12431646;78;
17.02.2025;11:24:42.599;ALC.O.250217.BRT.000001;STANDARD_OPTION_STRATEGY;BLOCK;CHF;23;4.55000000;500;EXCHANGE_LAST;;1;1;XEUR;72616515312039924;130134;
17.02.2025;11:24:42.599;ALC SI 20250620 PS AM P 76.00 0;SIMPLE_INSTRUMENT;BLOCK;CHF;23;2.24000000;500;PRC_DECOMP_EXCHANGE;;;;XEUR;7926497;130134;EXCHANGE
17.02.2025;11:24:42.599;ALC SI 20261218 PS AM P 76.00 0;SIMPLE_INSTRUMENT;BLOCK;CHF;23;6.79000000;500;PRC_DECOMP_EXCHANGE;;;;XEUR;7181827;130134;EXCHANGE
17.02.2025;15:54:44.939;ALV.O.250217.STD.000015;STANDARD_OPTION_STRATEGY;BLOCK;EUR;5;42.00000000;300;EXCHANGE_LAST;;1;1;XEUR;72057911865569371;74;
17.02.2025;15:54:44.939;ALV SI 20251219 PS AM C 330.00 0;SIMPLE_INSTRUMENT;BLOCK;EUR;5;16.69000000;300;PRC_DECOMP_EXCHANGE;;;;XEUR;12056999;74;EXCHANGE
17.02.2025;15:54:44.939;ALV SI 20251219 PS AM P 330.00 0;SIMPLE_INSTRUMENT;BLOCK;EUR;5;25.31000000;300;PRC_DECOMP_EXCHANGE;;;;XEUR;12056996;74;EXCHANGE
17.02.2025;09:55:22.474;ANN.N.250217.000006;NON_STANDARD_OPTION_STRATEGY;BLOCK;EUR;2;1.80000000;1000;EXCHANGE_LAST;;1;1;XEUR;72251735149669569;45202;
17.02.2025;09:55:22.474;ANN SI 20250221 PS AM P 28.00 0;SIMPLE_INSTRUMENT;BLOCK;EUR;2;0.16000000;1000;PRC_DECOMP_EXCHANGE;;;;XEUR;12263726;45202;EXCHANGE
17.02.2025;09:55:22.474;ANN SI 20250417 PS AM P 28.00 0;SIMPLE_INSTRUMENT;BLOCK;EUR;2;0.98000000;2000;PRC_DECOMP_EXCHANGE;;;;XEUR;12640772;45202;EXCHANGE
17.02.2025;12:40:03.687;B2AS SI 20271217 CS;SIMPLE_INSTRUMENT;BLOCK;EUR;16;2.25000000;500;EXCHANGE_LAST;;1;1;XEUR;5914347;140;
17.02.2025;13:20:49.781;B2AS SI 20271217 CS;SIMPLE_INSTRUMENT;BLOCK;EUR;26;2.26000000;100;EXCHANGE_LAST;;1;1;XEUR;5914347;140;
17.02.2025;13:24:16.896;B2AS SI 20271217 CS;SIMPLE_INSTRUMENT;BLOCK;EUR;28;2.26000000;225;EXCHANGE_LAST;;1;1;XEUR;5914347;140;
17.02.2025;13:25:08.138;B2AS SI 20271217 CS;SIMPLE_INSTRUMENT;BLOCK;EUR;29;2.25000000;100;EXCHANGE_LAST;;1;1;XEUR;5914347;140;
17.02.2025;13:34:34.399;B2AS SI 20271217 CS;SIMPLE_INSTRUMENT;BLOCK;EUR;30;2.25000000;225;EXCHANGE_LAST;;1;2;XEUR;5914347;140;
17.02.2025;11:13:25.240;B2MW SI 20250620 CS;SIMPLE_INSTRUMENT;BLOCK;EUR;9;4.50000000;209;EXCHANGE_LAST;;1;1;XEUR;10830088;128;
17.02.2025;10:14:43.691;BAEN.N.250217.000001;NON_STANDARD_OPTION_STRATEGY;BLOCK;CHF;12;5.31000000;250;EXCHANGE_LAST;;1;1;XEUR;72058276937746709;159;
17.02.2025;10:14:43.691;BAEN SI 20250620 PS AM P 40.00 0;SIMPLE_INSTRUMENT;BLOCK;CHF;12;0.27000000;1000;PRC_DECOMP_EXCHANGE;;;;XEUR;7899020;159;EXCHANGE
17.02.2025;10:14:43.691;BAEN SI 20250919 PS AM P 52.00 0;SIMPLE_INSTRUMENT;BLOCK;CHF;12;2.13000000;750;PRC_DECOMP_EXCHANGE;;;;XEUR;11872878;159;EXCHANGE
17.02.2025;13:54:05.021;BAEN SI 20250417 PS AM P 59.00 0;SIMPLE_INSTRUMENT;BLOCK;CHF;36;2.83000000;500;EXCHANGE_LAST;;1;1;XEUR;12615187;159;
17.02.2025;15:15:06.926;BAEN SI 20250417 PS AM C 60.00 0;SIMPLE_INSTRUMENT;BLOCK;CHF;47;1.89000000;650;EXCHANGE_LAST;;1;1;XEUR;12615193;159;
17.02.2025;10:11:47.186;BAS SI 20291221 PS AM P 32.00 0;SIMPLE_INSTRUMENT;BLOCK;EUR;2;3.35000000;400;EXCHANGE_LAST;;1;1;XEUR;12433380;150;
17.02.2025;10:46:47.946;BAS SI 20251219 PS AM P 40.00 0;SIMPLE_INSTRUMENT;BLOCK;EUR;3;1.32000000;1000;EXCHANGE_LAST;;1;1;XEUR;7115425;150;
17.02.2025;10:51:11.878;BAS SI 20250417 PS AM P 48.00 0;SIMPLE_INSTRUMENT;BLOCK;EUR;4;1.10000000;1750;EXCHANGE_LAST;;1;1;XEUR;12615306;150;
17.02.2025;10:51:12.619;BAS SI 20250417 PS AM P 48.00 0;SIMPLE_INSTRUMENT;BLOCK;EUR;5;1.07000000;1750;EXCHANGE_LAST;;1;1;XEUR;12615306;150;
17.02.2025;11:19:28.830;BAS SI 20250620 PS AM C 56.00 0;SIMPLE_INSTRUMENT;BLOCK;EUR;6;1.31000000;38100;EXCHANGE_LAST;;1;1;XEUR;10779757;150;
17.02.2025;11:19:28.832;BAS SI 20250620 PS AM C 56.00 0;SIMPLE_INSTRUMENT;BLOCK;EUR;7;1.32000000;38100;EXCHANGE_LAST;;1;1;XEUR;10779757;150;
17.02.2025;11:19:59.043;BAS SI 20250620 PS AM C 52.00 0;SIMPLE_INSTRUMENT;BLOCK;EUR;8;2.60000000;76200;EXCHANGE_LAST;;1;1;XEUR;7898973;150;
17.02.2025;12:32:59.734;BAS SI 20250321 PS AM C 50.00 0;SIMPLE_INSTRUMENT;BLOCK;EUR;9;2.65000000;2500;EXCHANGE_LAST;;2;1;XEUR;10831042;150;
17.02.2025;13:11:48.892;BAS.O.250217.CDIA.000017;STANDARD_OPTION_STRATEGY;BLOCK;EUR;10;-0.16000000;2000;EXCHANGE_LAST;;1;1;XEUR;72058238283091919;150;
17.02.2025;13:11:48.892;BAS SI 20250221 PS AM C 49.00 0;SIMPLE_INSTRUMENT;BLOCK;EUR;10;2.29000000;2000;PRC_DECOMP_EXCHANGE;;;;XEUR;12339045;150;EXCHANGE
17.02.2025;13:11:48.892;BAS SI 20250321 PS AM C 51.00 0;SIMPLE_INSTRUMENT;BLOCK;EUR;10;2.13000000;2000;PRC_DECOMP_EXCHANGE;;;;XEUR;12693213;150;EXCHANGE
17.02.2025;13:10:33.487;BAS SI 20250321 PS AM C 50.00 0;SIMPLE_INSTRUMENT;BLOCK;EUR;11;2.65000000;500;EXCHANGE_LAST;;1;1;XEUR;10831042;150;
17.02.2025;13:47:01.718;BAS SI 20250620 PS AM C 52.00 0;SIMPLE_INSTRUMENT;BLOCK;EUR;12;2.68000000;1200;EXCHANGE_LAST;;1;1;XEUR;7898973;150;
17.02.2025;14:44:32.235;BAS SI 20251219 PS AM C 60.00 0;SIMPLE_INSTRUMENT;BLOCK;EUR;14;1.59000000;2000;EXCHANGE_LAST;;1;1;XEUR;5922207;150;
17.02.2025;15:52:34.246;BAS SI 20261218 PS AM P 52.00 0;SIMPLE_INSTRUMENT;BLOCK;EUR;15;7.95000000;750;EXCHANGE_LAST;;1;1;XEUR;7153472;150;
17.02.2025;09:25:17.857;BG1 SI 20250620 PS AM C 96.00 0;SIMPLE_INSTRUMENT;BLOCK;EUR;1;3.05000000;450;EXCHANGE_LAST;;1;1;XEUR;11477967;74940;
17.02.2025;12:58:17.662;BMW.O.250217.BRT.000015;STANDARD_OPTION_STRATEGY;BLOCK;EUR;33;2.20000000;500;EXCHANGE_LAST;;1;1;XEUR;72058495981109358;210;
17.02.2025;12:58:17.662;BMW SI 20250321 PS AM P 82.00 0;SIMPLE_INSTRUMENT;BLOCK;EUR;33;2.90000000;500;PRC_DECOMP_EXCHANGE;;;;XEUR;12434895;210;EXCHANGE
17.02.2025;12:58:17.662;BMW SI 20250221 PS AM P 82.00 0;SIMPLE_INSTRUMENT;BLOCK;EUR;33;0.70000000;500;PRC_DECOMP_EXCHANGE;;;;XEUR;12339268;210;EXCHANGE
17.02.2025;11:14:27.794;BMWF.S.MAR25.JUN25.SPD;FUTURES_SPREAD;BLOCK;EUR;7;3.22000000;2500;EXCHANGE_LAST;;1;1;XEUR;72058620535111970;239;
17.02.2025;11:14:27.794;BMWF SI 20250620 CS;SIMPLE_INSTRUMENT;BLOCK;EUR;7;80.43000000;2500;PRC_DECOMP_MEMBER;;;;XEUR;11170639;239;MEMBER
17.02.2025;11:14:27.794;BMWF SI 20250321 CS;SIMPLE_INSTRUMENT;BLOCK;EUR;7;83.65000000;2500;PRC_DECOMP_MEMBER;;;;XEUR;10695616;239;MEMBER
17.02.2025;12:50:10.073;BNP.O.250217.STD.000004;STANDARD_OPTION_STRATEGY;BLOCK;EUR;23;12.73000000;500;EXCHANGE_LAST;;1;1;XEUR;72058611945199952;237;
17.02.2025;12:50:10.073;BNP SI 20251219 PS AM P 70.00 0;SIMPLE_INSTRUMENT;BLOCK;EUR;23;8.35000000;500;PRC_DECOMP_EXCHANGE;;;;XEUR;12372400;237;EXCHANGE
17.02.2025;12:50:10.073;BNP SI 20251219 PS AM C 70.00 0;SIMPLE_INSTRUMENT;BLOCK;EUR;23;4.38000000;500;PRC_DECOMP_EXCHANGE;;;;XEUR;12372401;237;EXCHANGE
17.02.2025;14:22:53.832;BNP SI 20251219 PS AM C 70.00 0;SIMPLE_INSTRUMENT;BLOCK;EUR;27;4.42000000;1000;EXCHANGE_LAST;;1;1;XEUR;12372401;237;
17.02.2025;14:31:32.510;BNP.O.250217.BUL.000005;STANDARD_OPTION_STRATEGY;BLOCK;EUR;28;5.85000000;2000;EXCHANGE_LAST;;1;2;XEUR;72058611945199953;237;
17.02.2025;14:31:32.510;BNP SI 20271217 PS AM C 64.00 0;SIMPLE_INSTRUMENT;BLOCK;EUR;28;9.67000000;2000;PRC_DECOMP_EXCHANGE;;;;XEUR;8776303;237;EXCHANGE
17.02.2025;14:31:32.510;BNP SI 20271217 PS AM C 80.00 0;SIMPLE_INSTRUMENT;BLOCK;EUR;28;3.82000000;2000;PRC_DECOMP_EXCHANGE;;;;XEUR;8776245;237;EXCHANGE
17.02.2025;15:08:23.278;BNP SI 20261218 PS AM P 56.00 0;SIMPLE_INSTRUMENT;BLOCK;EUR;33;5.34000000;1000;EXCHANGE_LAST;;1;1;XEUR;7154465;237;
17.02.2025;15:32:32.328;BNP SI 20251219 PS AM P 60.00 0;SIMPLE_INSTRUMENT;BLOCK;EUR;37;3.58000000;3000;EXCHANGE_LAST;;1;1;XEUR;5995681;237;
17.02.2025;15:52:12.163;BNP SI 20261218 PS AM P 64.00 0;SIMPLE_INSTRUMENT;BLOCK;EUR;39;8.82000000;3000;EXCHANGE_LAST;;3;2;XEUR;7154477;237;
17.02.2025;10:06:00.463;BNR SI 20250417 PS AM C 68.00 0;SIMPLE_INSTRUMENT;BLOCK;EUR;1;1.70000000;500;EXCHANGE_LAST;;1;1;XEUR;12616612;235;
17.02.2025;16:28:06.727;CAR SI 20250620 PS AM P 14.00 0;SIMPLE_INSTRUMENT;BLOCK;EUR;43;1.14000000;5000;EXCHANGE_LAST;;1;4;XEUR;7900347;265;
17.02.2025;09:40:36.617;CBK SI 20250321 PS AM P 18.80 0;SIMPLE_INSTRUMENT;BLOCK;EUR;3;0.30000000;1500;EXCHANGE_LAST;;1;1;XEUR;12585503;268;
17.02.2025;11:13:03.308;CBK.O.250217.BER.000010;STANDARD_OPTION_STRATEGY;BLOCK;EUR;8;3.96000000;4000;EXCHANGE_LAST;;1;3;XEUR;72058745089203640;268;
17.02.2025;11:13:03.308;CBK SI 20251219 PS AM P 24.00 0;SIMPLE_INSTRUMENT;BLOCK;EUR;8;5.14000000;4000;PRC_DECOMP_EXCHANGE;;;;XEUR;10399773;268;EXCHANGE
17.02.2025;11:13:03.308;CBK SI 20251219 PS AM P 17.00 0;SIMPLE_INSTRUMENT;BLOCK;EUR;8;1.18000000;4000;PRC_DECOMP_EXCHANGE;;;;XEUR;11088010;268;EXCHANGE
17.02.2025;09:49:37.286;CFR SI 20250417 PS AM C 190.00 0;SIMPLE_INSTRUMENT;BLOCK;CHF;4;4.50000000;500;EXCHANGE_LAST;;1;1;XEUR;12688205;313;
17.02.2025;12:20:55.835;CFR SI 20251219 PS AM P 190.00 0;SIMPLE_INSTRUMENT;BLOCK;CHF;30;24.65000000;400;EXCHANGE_LAST;;1;1;XEUR;12437094;313;
17.02.2025;13:27:16.213;CFR SI 20250321 PS AM C 170.00 0;SIMPLE_INSTRUMENT;BLOCK;CHF;32;13.75000000;400;EXCHANGE_LAST;;1;1;XEUR;10834867;313;
17.02.2025;13:41:05.236;CFR SI 20250919 PS AM P 180.00 0;SIMPLE_INSTRUMENT;BLOCK;CHF;35;15.75000000;500;EXCHANGE_LAST;;1;1;XEUR;11876544;313;
17.02.2025;11:22:15.495;CRI5 SI 20291220 PS AM P 36.00 0;SIMPLE_INSTRUMENT;BLOCK;EUR;7;6.85000000;1000;EXCHANGE_LAST;;1;1;XEUR;12421047;320;
17.02.2025;10:08:45.381;D3AI SI 20251219 CS;SIMPLE_INSTRUMENT;BLOCK;EUR;2;4.30000000;200;EXCHANGE_LAST;;1;1;XEUR;7144062;443197;
17.02.2025;10:24:57.037;D3AI SI 20251219 CS;SIMPLE_INSTRUMENT;BLOCK;EUR;4;4.30000000;200;EXCHANGE_LAST;;2;2;XEUR;7144062;443197;
17.02.2025;11:11:02.817;D3AI SI 20251219 CS;SIMPLE_INSTRUMENT;BLOCK;EUR;10;4.31000000;125;EXCHANGE_LAST;;1;1;XEUR;7144062;443197;
17.02.2025;13:21:44.863;D3AI SI 20251219 CS;SIMPLE_INSTRUMENT;BLOCK;EUR;25;4.31000000;100;EXCHANGE_LAST;;1;1;XEUR;7144062;443197;
17.02.2025;14:02:30.952;D3AI SI 20261218 CS;SIMPLE_INSTRUMENT;BLOCK;EUR;43;3.62000000;55;EXCHANGE_LAST;;1;1;XEUR;7144051;443197;
17.02.2025;14:26:52.894;D3AI SI 20251219 CS;SIMPLE_INSTRUMENT;BLOCK;EUR;44;4.32000000;100;EXCHANGE_LAST;;1;1;XEUR;7144062;443197;
17.02.2025;15:06:43.782;D3AI SI 20261218 CS;SIMPLE_INSTRUMENT;BLOCK;EUR;46;3.66000000;50;EXCHANGE_LAST;;1;1;XEUR;7144051;443197;
17.02.2025;11:19:33.837;DAI SI 20250321 PS AM C 62.00 0;SIMPLE_INSTRUMENT;BLOCK;EUR;13;2.57000000;2750;EXCHANGE_LAST;;3;1;XEUR;12327509;443196;
17.02.2025;11:21:14.368;DAI.O.250217.RBUL.000011;STANDARD_OPTION_STRATEGY;BLOCK;EUR;14;-4.78000000;750;EXCHANGE_LAST;;1;1;XEUR;73961106363664045;443196;
17.02.2025;11:21:14.368;DAI SI 20250321 PS AM C 56.00 0;SIMPLE_INSTRUMENT;BLOCK;EUR;14;6.46000000;750;PRC_DECOMP_EXCHANGE;;;;XEUR;10884531;443196;EXCHANGE
17.02.2025;11:21:14.368;DAI SI 20250321 PS AM C 68.00 0;SIMPLE_INSTRUMENT;BLOCK;EUR;14;0.84000000;1500;PRC_DECOMP_EXCHANGE;;;;XEUR;10884488;443196;EXCHANGE
17.02.2025;11:20:59.476;DAI SI 20250321 PS AM C 64.00 0;SIMPLE_INSTRUMENT;BLOCK;EUR;15;1.80000000;39550;EXCHANGE_LAST;;1;1;XEUR;10884524;443196;
17.02.2025;11:21:00.531;DAI SI 20250321 PS AM C 60.00 0;SIMPLE_INSTRUMENT;BLOCK;EUR;16;3.57000000;47460;EXCHANGE_LAST;;1;1;XEUR;10884520;443196;
17.02.2025;11:21:02.834;DAI SI 20250321 PS AM C 64.00 0;SIMPLE_INSTRUMENT;BLOCK;EUR;17;1.83000000;7910;EXCHANGE_LAST;;1;1;XEUR;10884524;443196;
17.02.2025;11:38:36.876;DAI SI 20250620 PS AM C 62.00 0;SIMPLE_INSTRUMENT;BLOCK;EUR;19;3.54000000;2500;EXCHANGE_LAST;;2;1;XEUR;11848644;443196;
17.02.2025;11:46:40.791;DAI.O.250217.BRT.000012;STANDARD_OPTION_STRATEGY;BLOCK;EUR;20;3.46000000;1750;EXCHANGE_LAST;;1;2;XEUR;73961106363664046;443196;
17.02.2025;11:46:40.791;DAI SI 20250321 PS AM P 64.00 0;SIMPLE_INSTRUMENT;BLOCK;EUR;20;4.03000000;1750;PRC_DECOMP_EXCHANGE;;;;XEUR;10884487;443196;EXCHANGE
17.02.2025;11:46:40.791;DAI SI 20250620 PS AM P 64.00 0;SIMPLE_INSTRUMENT;BLOCK;EUR;20;7.49000000;1750;PRC_DECOMP_EXCHANGE;;;;XEUR;11407734;443196;EXCHANGE
17.02.2025;14:47:28.134;DAI SI 20250321 PS AM C 62.00 0;SIMPLE_INSTRUMENT;BLOCK;EUR;37;2.70000000;5000;EXCHANGE_LAST;;1;3;XEUR;12327509;443196;
17.02.2025;15:02:36.661;DAI SI 20250620 PS AM P 60.00 0;SIMPLE_INSTRUMENT;BLOCK;EUR;38;4.92000000;1000;EXCHANGE_LAST;;1;1;XEUR;7934298;443196;
17.02.2025;15:12:54.104;DAI SI 20250321 PS AM P 60.00 0;SIMPLE_INSTRUMENT;BLOCK;EUR;39;1.95000000;1000;EXCHANGE_LAST;;1;1;XEUR;10884522;443196;
17.02.2025;16:30:46.983;DAIG SI 20250321 CS;SIMPLE_INSTRUMENT;BLOCK;EUR;57;61.77500000;1000;EXCHANGE_LAST;;1;1;XEUR;10734482;443203;
17.02.2025;11:17:09.953;DBK.O.250217.RBER.000010;STANDARD_OPTION_STRATEGY;BLOCK;EUR;9;-0.37000000;2500;EXCHANGE_LAST;;1;1;XEUR;72059148816160654;362;
17.02.2025;11:17:09.953;DBK SI 20250321 PS AM P 19.00 0;SIMPLE_INSTRUMENT;BLOCK;EUR;9;0.41000000;2500;PRC_DECOMP_EXCHANGE;;;;XEUR;10835592;362;EXCHANGE
17.02.2025;11:17:09.953;DBK SI 20250321 PS AM P 14.00 0;SIMPLE_INSTRUMENT;BLOCK;EUR;9;0.02000000;5000;PRC_DECOMP_EXCHANGE;;;;XEUR;10835708;362;EXCHANGE
17.02.2025;11:33:37.358;DPW SI 20250321 PS AM P 38.00 0;SIMPLE_INSTRUMENT;BLOCK;EUR;15;2.05000000;600;EXCHANGE_LAST;;1;1;XEUR;10836858;445;
17.02.2025;13:08:31.643;DPW SI 20250221 PS AM C 36.50 0;SIMPLE_INSTRUMENT;BLOCK;EUR;20;0.63000000;965;EXCHANGE_LAST;;1;1;XEUR;12243297;445;
17.02.2025;16:25:55.907;DPW.O.250217.BRT.000014;STANDARD_OPTION_STRATEGY;BLOCK;EUR;35;0.23000000;3000;EXCHANGE_LAST;;1;2;XEUR;72059505298415714;445;
17.02.2025;16:25:55.907;DPW SI 20250417 PS AM P 34.00 0;SIMPLE_INSTRUMENT;BLOCK;EUR;35;0.55000000;3000;PRC_DECOMP_EXCHANGE;;;;XEUR;12619930;445;EXCHANGE
17.02.2025;16:25:55.907;DPW SI 20250321 PS AM P 34.00 0;SIMPLE_INSTRUMENT;BLOCK;EUR;35;0.32000000;3000;PRC_DECOMP_EXCHANGE;;;;XEUR;10836847;445;EXCHANGE
17.02.2025;12:11:59.093;DTG SI 20250221 PS AM C 42.50 0;SIMPLE_INSTRUMENT;BLOCK;EUR;27;0.90000000;553;EXCHANGE_LAST;;1;1;XEUR;12655165;455942;
17.02.2025;12:12:33.756;DTG SI 20250221 PS AM C 45.00 0;SIMPLE_INSTRUMENT;BLOCK;EUR;28;0.19000000;251;EXCHANGE_LAST;;1;1;XEUR;12278042;455942;
17.02.2025;12:13:04.647;DTG SI 20250221 PS AM C 45.00 0;SIMPLE_INSTRUMENT;BLOCK;EUR;29;0.17000000;1964;EXCHANGE_LAST;;1;1;XEUR;12278042;455942;
17.02.2025;15:30:44.463;DTG.O.250217.BLT.000004;STANDARD_OPTION_STRATEGY;BLOCK;EUR;40;1.12000000;1000;EXCHANGE_LAST;;1;1;XEUR;74015850016806035;455942;
17.02.2025;15:30:44.463;DTG SI 20250417 PS AM C 40.00 0;SIMPLE_INSTRUMENT;BLOCK;EUR;40;4.27000000;1000;PRC_DECOMP_EXCHANGE;;;;XEUR;12655118;455942;EXCHANGE
17.02.2025;15:30:44.463;DTG SI 20250221 PS AM C 40.00 0;SIMPLE_INSTRUMENT;BLOCK;EUR;40;3.15000000;1000;PRC_DECOMP_EXCHANGE;;;;XEUR;12277994;455942;EXCHANGE
17.02.2025;16:12:24.061;DVC SI 20251218 PS AM P 4.80 0;SIMPLE_INSTRUMENT;BLOCK;EUR;20;0.38000000;837;EXCHANGE_LAST;;1;1;XEUR;10380869;420;
17.02.2025;16:12:57.670;DVC SI 20251218 PS AM P 4.00 0;SIMPLE_INSTRUMENT;BLOCK;EUR;21;0.21000000;837;EXCHANGE_LAST;;1;1;XEUR;10380871;420;
17.02.2025;16:13:37.326;DVC SI 20260618 PS AM P 5.20 0;SIMPLE_INSTRUMENT;BLOCK;EUR;22;0.64000000;2000;EXCHANGE_LAST;;1;1;XEUR;11768820;420;
17.02.2025;16:14:14.639;DVC SI 20260618 PS AM P 4.00 0;SIMPLE_INSTRUMENT;BLOCK;EUR;23;0.32000000;2000;EXCHANGE_LAST;;1;1;XEUR;11337410;420;
17.02.2025;13:34:03.093;E2NL SI 20251219 CS;SIMPLE_INSTRUMENT;BLOCK;EUR;31;0.46000000;3250;EXCHANGE_LAST;;1;1;XEUR;3681293;471;
17.02.2025;13:35:55.580;E2NL SI 20281215 CS;SIMPLE_INSTRUMENT;BLOCK;EUR;32;0.40000000;2000;EXCHANGE_LAST;;1;1;XEUR;6802276;471;
17.02.2025;16:33:42.020;E2NT SI 20261218 CS;SIMPLE_INSTRUMENT;BLOCK;EUR;58;1.00500000;500;EXCHANGE_LAST;;1;1;XEUR;4632357;470;
17.02.2025;11:19:24.019;EAD SI 20251219 PS AM P 150.00 0;SIMPLE_INSTRUMENT;BLOCK;EUR;12;7.39000000;350;EXCHANGE_LAST;;1;1;XEUR;12440392;465;
17.02.2025;12:38:50.315;EAD.O.250217.BER.000010;STANDARD_OPTION_STRATEGY;BLOCK;EUR;21;1.15000000;300;EXCHANGE_LAST;;1;1;XEUR;72059591197747493;465;
17.02.2025;12:38:50.315;EAD SI 20250221 PS AM P 165.00 0;SIMPLE_INSTRUMENT;BLOCK;EUR;21;1.94000000;300;PRC_DECOMP_EXCHANGE;;;;XEUR;12244214;465;EXCHANGE
17.02.2025;12:38:50.315;EAD SI 20250221 PS AM P 160.00 0;SIMPLE_INSTRUMENT;BLOCK;EUR;21;0.79000000;300;PRC_DECOMP_EXCHANGE;;;;XEUR;12244208;465;EXCHANGE
17.02.2025;15:15:17.262;EAD.O.250217.COMBO.000012;STANDARD_OPTION_STRATEGY;BLOCK;EUR;34;-0.45000000;300;EXCHANGE_LAST;;1;1;XEUR;72059591197747495;465;
17.02.2025;15:15:17.262;EAD SI 20250221 PS AM P 165.00 0;SIMPLE_INSTRUMENT;BLOCK;EUR;34;1.74000000;300;PRC_DECOMP_EXCHANGE;;;;XEUR;12244214;465;EXCHANGE
17.02.2025;15:15:17.262;EAD SI 20250221 PS AM C 175.00 0;SIMPLE_INSTRUMENT;BLOCK;EUR;34;2.19000000;300;PRC_DECOMP_EXCHANGE;;;;XEUR;12244205;465;EXCHANGE
17.02.2025;15:54:43.092;EAD.O.250217.BULBR.000016;STANDARD_OPTION_STRATEGY;BLOCK;EUR;40;1.96000000;600;EXCHANGE_LAST;;1;1;XEUR;72059591197747499;465;
17.02.2025;15:54:43.092;EAD SI 20250321 PS AM C 175.00 0;SIMPLE_INSTRUMENT;BLOCK;EUR;40;3.91000000;600;PRC_DECOMP_EXCHANGE;;;;XEUR;12440456;465;EXCHANGE
17.02.2025;15:54:43.092;EAD SI 20250321 PS AM P 150.00 0;SIMPLE_INSTRUMENT;BLOCK;EUR;40;0.84000000;600;PRC_DECOMP_EXCHANGE;;;;XEUR;11013887;465;EXCHANGE
17.02.2025;15:54:43.092;EAD SI 20250321 PS AM P 160.00 0;SIMPLE_INSTRUMENT;BLOCK;EUR;40;2.09000000;600;PRC_DECOMP_EXCHANGE;;;;XEUR;11013901;465;EXCHANGE
17.02.2025;15:54:43.092;EAD SI 20250321 PS AM C 190.00 0;SIMPLE_INSTRUMENT;BLOCK;EUR;40;0.70000000;600;PRC_DECOMP_EXCHANGE;;;;XEUR;11013896;465;EXCHANGE
17.02.2025;10:20:11.109;ENR SI 20250321 PS AM C 70.00 0;SIMPLE_INSTRUMENT;BLOCK;EUR;4;2.18000000;1265;EXCHANGE_LAST;;1;1;XEUR;12573860;298530;
17.02.2025;10:46:55.051;ENR SI 20250417 PS AM C 68.00 0;SIMPLE_INSTRUMENT;BLOCK;EUR;6;4.46000000;76380;EXCHANGE_LAST;;1;1;XEUR;12650766;298530;
17.02.2025;10:46:55.340;ENR SI 20250321 PS AM C 62.00 0;SIMPLE_INSTRUMENT;BLOCK;EUR;7;5.40000000;76380;EXCHANGE_LAST;;1;1;XEUR;12484035;298530;
17.02.2025;10:57:46.187;ENR SI 20250321 PS AM P 54.00 0;SIMPLE_INSTRUMENT;BLOCK;EUR;8;0.93000000;4000;EXCHANGE_LAST;;1;2;XEUR;12484033;298530;
17.02.2025;11:08:22.232;ENR SI 20250321 PS AM C 70.00 0;SIMPLE_INSTRUMENT;BLOCK;EUR;13;3.00000000;11200;EXCHANGE_LAST;;1;1;XEUR;12573860;298530;
17.02.2025;11:30:34.632;ENR SI 20250321 PS AM P 54.00 0;SIMPLE_INSTRUMENT;BLOCK;EUR;14;0.93000000;3500;EXCHANGE_LAST;;2;3;XEUR;12484033;298530;
17.02.2025;12:11:10.737;ENR FI 20250919 PS EU C 66.0000 0;FLEXIBLE_INSTRUMENT;BLOCK;EUR;16;10.50000000;2362;EXCHANGE_LAST;;1;1;XEUR;1154203681193730881;298530;
17.02.2025;12:10:48.473;ENR FI 20250919 PS EU C 66.0000 0;FLEXIBLE_INSTRUMENT;BLOCK;EUR;17;10.53000000;2638;EXCHANGE_LAST;;1;1;XEUR;1154203681193730881;298530;
17.02.2025;12:12:25.188;ENR FI 20250620 PS EU C 46.0000 0;FLEXIBLE_INSTRUMENT;BLOCK;EUR;18;20.60000000;2500;EXCHANGE_LAST;;1;1;XEUR;1154203681193730882;298530;
17.02.2025;12:57:28.783;ENR SI 20250321 PS AM C 70.00 0;SIMPLE_INSTRUMENT;BLOCK;EUR;19;2.80000000;12000;EXCHANGE_LAST;;1;1;XEUR;12573860;298530;
17.02.2025;13:20:11.863;ENR SI 20250321 PS AM P 58.00 0;SIMPLE_INSTRUMENT;BLOCK;EUR;21;1.60000000;500;EXCHANGE_LAST;;1;1;XEUR;12193257;298530;
17.02.2025;13:33:48.512;ENR SI 20250321 PS AM C 70.00 0;SIMPLE_INSTRUMENT;BLOCK;EUR;22;2.58000000;2500;EXCHANGE_LAST;;1;1;XEUR;12573860;298530;
17.02.2025;13:33:49.840;ENR SI 20250321 PS AM P 70.00 0;SIMPLE_INSTRUMENT;BLOCK;EUR;23;7.96000000;2500;EXCHANGE_LAST;;1;1;XEUR;12573861;298530;
17.02.2025;14:58:38.645;ENR SI 20251219 PS AM P 44.00 0;SIMPLE_INSTRUMENT;BLOCK;EUR;28;3.75000000;400;EXCHANGE_LAST;;1;1;XEUR;11109009;298530;
17.02.2025;16:30:37.747;ENR SI 20250321 PS AM C 70.00 0;SIMPLE_INSTRUMENT;BLOCK;EUR;36;2.12000000;2000;EXCHANGE_LAST;;2;1;XEUR;12573860;298530;
17.02.2025;16:43:19.036;ENR SI 20250321 PS AM C 60.00 0;SIMPLE_INSTRUMENT;BLOCK;EUR;37;6.41000000;9700;EXCHANGE_LAST;;1;1;XEUR;12193252;298530;
17.02.2025;16:43:26.346;ENR SI 20250321 PS AM C 80.00 0;SIMPLE_INSTRUMENT;BLOCK;EUR;38;0.60000000;14550;EXCHANGE_LAST;;1;1;XEUR;12327352;298530;
17.02.2025;16:43:35.035;ENR SI 20250321 PS AM C 70.00 0;SIMPLE_INSTRUMENT;BLOCK;EUR;39;2.12000000;24250;EXCHANGE_LAST;;1;1;XEUR;12573860;298530;
17.02.2025;12:07:44.449;ENUR SI 20250321 PS AM C 11.50 0;SIMPLE_INSTRUMENT;BLOCK;EUR;9;0.31000000;690;EXCHANGE_LAST;;1;1;XEUR;12440802;498;
17.02.2025;12:07:37.602;ENUR SI 20250321 PS AM C 11.50 0;SIMPLE_INSTRUMENT;BLOCK;EUR;10;0.32000000;690;EXCHANGE_LAST;;1;1;XEUR;12440802;498;
17.02.2025;11:04:07.928;ESL SI 20250919 PS AM P 260.00 0;SIMPLE_INSTRUMENT;BLOCK;EUR;8;7.32000000;250;EXCHANGE_LAST;;1;1;XEUR;11880107;481;
17.02.2025;12:56:23.987;F3IA SI 20251219 CS;SIMPLE_INSTRUMENT;BLOCK;EUR;17;0.54500000;500;EXCHANGE_LAST;;1;2;XEUR;6633988;390387;
17.02.2025;14:48:43.356;F3IA SI 20271217 CS;SIMPLE_INSTRUMENT;BLOCK;EUR;45;0.60500000;750;EXCHANGE_LAST;;1;1;XEUR;8422837;390387;
17.02.2025;16:08:21.906;F3IA SI 20261218 CS;SIMPLE_INSTRUMENT;BLOCK;EUR;52;0.64500000;500;EXCHANGE_LAST;;2;1;XEUR;6830373;390387;
17.02.2025;11:41:02.190;F3TE SI 20251219 CS;SIMPLE_INSTRUMENT;BLOCK;EUR;12;0.74500000;500;EXCHANGE_LAST;;1;1;XEUR;6633903;390379;
17.02.2025;12:18:19.435;F3TE SI 20251219 CS;SIMPLE_INSTRUMENT;BLOCK;EUR;14;0.74500000;1000;EXCHANGE_LAST;;1;1;XEUR;6633903;390379;
17.02.2025;09:40:23.896;FBTP SI 20250306 PS;SIMPLE_INSTRUMENT;EFS;EUR;1;119.62000000;280;EXCHANGE_LAST;;1;1;XEUR;11286675;636;
17.02.2025;10:11:10.175;FBTP SI 20250306 PS;SIMPLE_INSTRUMENT;EFP_FIN;EUR;2;119.73000000;817;EXCHANGE_LAST;;1;1;XEUR;11286675;636;
17.02.2025;10:06:19.241;FBTP SI 20250306 PS;SIMPLE_INSTRUMENT;EFP_FIN;EUR;3;119.63000000;895;EXCHANGE_LAST;;1;1;XEUR;11286675;636;
17.02.2025;10:38:43.682;FBTP SI 20250306 PS;SIMPLE_INSTRUMENT;EFP_FIN;EUR;4;119.71000000;560;EXCHANGE_LAST;;1;1;XEUR;11286675;636;
17.02.2025;10:39:10.436;FBTP SI 20250306 PS;SIMPLE_INSTRUMENT;EFP_FIN;EUR;5;119.73000000;671;EXCHANGE_LAST;;1;1;XEUR;11286675;636;
17.02.2025;10:40:08.526;FBTP SI 20250306 PS;SIMPLE_INSTRUMENT;EFP_FIN;EUR;6;119.71000000;143;EXCHANGE_LAST;;1;1;XEUR;11286675;636;
17.02.2025;10:45:38.870;FBTP SI 20250306 PS;SIMPLE_INSTRUMENT;EFP_FIN;EUR;7;119.78000000;224;EXCHANGE_LAST;;1;1;XEUR;11286675;636;
17.02.2025;10:51:35.076;FBTP SI 20250306 PS;SIMPLE_INSTRUMENT;BLOCK;EUR;8;119.75000000;1343;EXCHANGE_LAST;;1;1;XEUR;11286675;636;
17.02.2025;10:54:14.365;FBTP SI 20250306 PS;SIMPLE_INSTRUMENT;EFP_FIN;EUR;9;119.60000000;537;EXCHANGE_LAST;;1;1;XEUR;11286675;636;
17.02.2025;11:29:47.999;FBTP SI 20250306 PS;SIMPLE_INSTRUMENT;EFP_FIN;EUR;10;119.75000000;1164;EXCHANGE_LAST;;1;1;XEUR;11286675;636;
17.02.2025;11:40:36.216;FBTP SI 20250306 PS;SIMPLE_INSTRUMENT;EFP_FIN;EUR;11;119.73000000;1826;EXCHANGE_LAST;;1;1;XEUR;11286675;636;
17.02.2025;11:40:28.921;FBTP SI 20250306 PS;SIMPLE_INSTRUMENT;EFP_FIN;EUR;12;119.72000000;2238;EXCHANGE_LAST;;1;1;XEUR;11286675;636;
17.02.2025;11:43:36.368;FBTP SI 20250306 PS;SIMPLE_INSTRUMENT;EFP_FIN;EUR;13;119.76000000;557;EXCHANGE_LAST;;1;1;XEUR;11286675;636;
17.02.2025;11:55:12.498;FBTP SI 20250306 PS;SIMPLE_INSTRUMENT;EFP_FIN;EUR;14;119.72000000;403;EXCHANGE_LAST;;1;1;XEUR;11286675;636;
17.02.2025;11:57:33.651;FBTP SI 20250306 PS;SIMPLE_INSTRUMENT;EFP_FIN;EUR;15;119.72000000;448;EXCHANGE_LAST;;1;1;XEUR;11286675;636;
17.02.2025;12:04:46.775;FBTP SI 20250306 PS;SIMPLE_INSTRUMENT;EFP_FIN;EUR;16;119.76000000;461;EXCHANGE_LAST;;1;1;XEUR;11286675;636;
17.02.2025;12:04:28.381;FBTP SI 20250306 PS;SIMPLE_INSTRUMENT;EFP_FIN;EUR;17;119.73000000;139;EXCHANGE_LAST;;1;1;XEUR;11286675;636;
17.02.2025;12:10:46.337;FBTP SI 20250306 PS;SIMPLE_INSTRUMENT;BLOCK;EUR;18;119.74000000;1119;EXCHANGE_LAST;;1;1;XEUR;11286675;636;
17.02.2025;12:13:47.330;FBTP SI 20250306 PS;SIMPLE_INSTRUMENT;EFP_FIN;EUR;19;119.73000000;454;EXCHANGE_LAST;;1;1;XEUR;11286675;636;
17.02.2025;12:14:51.782;FBTP SI 20250306 PS;SIMPLE_INSTRUMENT;EFP_FIN;EUR;20;119.79000000;552;EXCHANGE_LAST;;1;1;XEUR;11286675;636;
17.02.2025;13:16:13.635;FBTP SI 20250306 PS;SIMPLE_INSTRUMENT;EFP_FIN;EUR;21;119.79000000;242;EXCHANGE_LAST;;1;1;XEUR;11286675;636;
17.02.2025;13:20:55.887;FBTP SI 20250306 PS;SIMPLE_INSTRUMENT;EFP_FIN;EUR;22;119.82000000;118;EXCHANGE_LAST;;1;1;XEUR;11286675;636;
17.02.2025;13:37:07.214;FBTP SI 20250306 PS;SIMPLE_INSTRUMENT;EFP_FIN;EUR;23;119.76000000;1534;EXCHANGE_LAST;;1;1;XEUR;11286675;636;
17.02.2025;13:46:23.733;FBTP SI 20250306 PS;SIMPLE_INSTRUMENT;EFP_FIN;EUR;25;119.80000000;137;EXCHANGE_LAST;;1;1;XEUR;11286675;636;
17.02.2025;14:10:08.204;FBTP SI 20250306 PS;SIMPLE_INSTRUMENT;BLOCK;EUR;26;119.83000000;1216;EXCHANGE_LAST;;1;1;XEUR;11286675;636;
17.02.2025;14:42:25.209;FBTP SI 20250306 PS;SIMPLE_INSTRUMENT;EFP_FIN;EUR;27;119.86000000;448;EXCHANGE_LAST;;1;1;XEUR;11286675;636;
17.02.2025;14:54:00.239;FBTP SI 20250306 PS;SIMPLE_INSTRUMENT;EFP_FIN;EUR;28;119.85000000;448;EXCHANGE_LAST;;1;1;XEUR;11286675;636;
17.02.2025;15:01:14.425;FBTP SI 20250306 PS;SIMPLE_INSTRUMENT;EFP_FIN;EUR;29;119.85000000;895;EXCHANGE_LAST;;1;1;XEUR;11286675;636;
17.02.2025;15:13:28.471;FBTP SI 20250306 PS;SIMPLE_INSTRUMENT;BLOCK;EUR;30;119.91000000;563;EXCHANGE_LAST;;1;1;XEUR;11286675;636;
17.02.2025;15:33:47.908;FBTP SI 20250306 PS;SIMPLE_INSTRUMENT;BLOCK;EUR;31;119.76000000;1160;EXCHANGE_LAST;;1;1;XEUR;11286675;636;
17.02.2025;15:34:50.902;FBTP SI 20250306 PS;SIMPLE_INSTRUMENT;EFP_FIN;EUR;32;119.93000000;219;EXCHANGE_LAST;;1;1;XEUR;11286675;636;
17.02.2025;15:52:25.830;FBTP SI 20250306 PS;SIMPLE_INSTRUMENT;EFP_FIN;EUR;33;119.89000000;556;EXCHANGE_LAST;;1;1;XEUR;11286675;636;
17.02.2025;16:04:35.271;FBTP SI 20250306 PS;SIMPLE_INSTRUMENT;EFP_FIN;EUR;34;119.91000000;428;EXCHANGE_LAST;;1;1;XEUR;11286675;636;
17.02.2025;08:57:08.202;FBTS SI 20250306 PS;SIMPLE_INSTRUMENT;EFP_FIN;EUR;11;107.33000000;868;EXCHANGE_LAST;;1;1;XEUR;11286677;639;
17.02.2025;10:43:05.138;FBTS SI 20250306 PS;SIMPLE_INSTRUMENT;BLOCK;EUR;23;107.35000000;176;EXCHANGE_LAST;;1;1;XEUR;11286677;639;
17.02.2025;11:18:26.177;FBTS SI 20250306 PS;SIMPLE_INSTRUMENT;EFP_FIN;EUR;26;107.35000000;176;EXCHANGE_LAST;;1;1;XEUR;11286677;639;
17.02.2025;11:22:18.463;FBTS SI 20250306 PS;SIMPLE_INSTRUMENT;EFP_FIN;EUR;27;107.35000000;71;EXCHANGE_LAST;;1;1;XEUR;11286677;639;
17.02.2025;14:17:16.905;FBTS SI 20250306 PS;SIMPLE_INSTRUMENT;EFP_FIN;EUR;40;107.38000000;1423;EXCHANGE_LAST;;1;1;XEUR;11286677;639;
17.02.2025;16:28:32.916;FBTS SI 20250306 PS;SIMPLE_INSTRUMENT;BLOCK;EUR;45;107.39000000;684;EXCHANGE_LAST;;1;1;XEUR;11286677;639;
17.02.2025;12:36:14.019;FCMU SI 20250317 CS;SIMPLE_INSTRUMENT;BLOCK;USD;2;0.04887000;105;EXCHANGE_LAST;;1;1;XEUR;11329545;570874;
17.02.2025;12:59:13.957;FCNS SI 20250317 PS;SIMPLE_INSTRUMENT;EFP_IDX;SEK;3;0.96176000;18;EXCHANGE_LAST;;1;1;XEUR;9136391;402911;
17.02.2025;12:59:13.961;FCNS SI 20250317 PS;SIMPLE_INSTRUMENT;EFP_IDX;SEK;4;0.96177000;28;EXCHANGE_LAST;;1;1;XEUR;9136391;402911;
17.02.2025;16:17:21.432;FCNS SI 20250317 PS;SIMPLE_INSTRUMENT;EFP_IDX;SEK;6;0.96232000;17;EXCHANGE_LAST;;1;1;XEUR;9136391;402911;
17.02.2025;12:32:42.927;FCZU SI 20250317 CS;SIMPLE_INSTRUMENT;BLOCK;USD;1;0.05419000;75;EXCHANGE_LAST;;1;1;XEUR;11329546;570872;
17.02.2025;15:08:26.918;FCZU SI 20250317 CS;SIMPLE_INSTRUMENT;BLOCK;USD;5;0.05420000;75;EXCHANGE_LAST;;1;1;XEUR;11329546;570872;
17.02.2025;09:42:33.641;FDAX SI 20250321 CS;SIMPLE_INSTRUMENT;VOLA;EUR;671088643;22640.00000000;16;EXCHANGE_LAST;;1;1;XEUR;7561255;589;
17.02.2025;10:02:49.983;FDAX SI 20250321 CS;SIMPLE_INSTRUMENT;VOLA;EUR;671088649;22725.00000000;54;EXCHANGE_LAST;;1;1;XEUR;7561255;589;
17.02.2025;10:08:33.877;FDAX SI 20250321 CS;SIMPLE_INSTRUMENT;VOLA;EUR;671088654;22640.00000000;11;EXCHANGE_LAST;;1;1;XEUR;7561255;589;
17.02.2025;09:20:26.833;FEBD SI 20271217 CS;SIMPLE_INSTRUMENT;BLOCK;EUR;3;9.60000000;1936;EXCHANGE_LAST;;1;1;XEUR;7776307;597;
17.02.2025;10:26:54.277;FEBD SI 20261218 CS;SIMPLE_INSTRUMENT;BLOCK;EUR;6;10.40000000;500;EXCHANGE_LAST;;1;1;XEUR;7158212;597;
17.02.2025;10:39:27.177;FEBD SI 20271217 CS;SIMPLE_INSTRUMENT;BLOCK;EUR;7;9.64000000;500;EXCHANGE_LAST;;1;1;XEUR;7776307;597;
17.02.2025;11:31:12.211;FEBD SI 20251219 CS;SIMPLE_INSTRUMENT;BLOCK;EUR;13;10.94000000;310;EXCHANGE_LAST;;1;1;XEUR;5914075;597;
17.02.2025;11:32:55.660;FEBD SI 20261218 CS;SIMPLE_INSTRUMENT;BLOCK;EUR;14;10.40000000;600;EXCHANGE_LAST;;1;1;XEUR;7158212;597;
17.02.2025;11:43:31.409;FEBD SI 20251219 CS;SIMPLE_INSTRUMENT;BLOCK;EUR;15;10.93000000;500;EXCHANGE_LAST;;2;1;XEUR;5914075;597;
17.02.2025;11:43:40.034;FEBD SI 20251219 CS;SIMPLE_INSTRUMENT;BLOCK;EUR;16;10.94000000;500;EXCHANGE_LAST;;2;1;XEUR;5914075;597;
17.02.2025;11:48:04.866;FEBD SI 20271217 CS;SIMPLE_INSTRUMENT;BLOCK;EUR;17;9.64000000;150;EXCHANGE_LAST;;1;1;XEUR;7776307;597;
17.02.2025;11:49:23.879;FEBD SI 20271217 CS;SIMPLE_INSTRUMENT;BLOCK;EUR;18;9.65000000;150;EXCHANGE_LAST;;1;1;XEUR;7776307;597;
17.02.2025;12:11:34.302;FEBD SI 20271217 CS;SIMPLE_INSTRUMENT;BLOCK;EUR;20;9.64000000;300;EXCHANGE_LAST;;1;1;XEUR;7776307;597;
17.02.2025;12:29:23.326;FEBD SI 20271217 CS;SIMPLE_INSTRUMENT;BLOCK;EUR;21;9.66000000;250;EXCHANGE_LAST;;1;1;XEUR;7776307;597;
17.02.2025;14:06:04.984;FEDV SI 20250321 CS;SIMPLE_INSTRUMENT;VOLA;EUR;603979788;1787.00000000;1100;EXCHANGE_LAST;;1;1;XEUR;11359068;596;
17.02.2025;16:09:05.804;FES1 SI 20250321 PS;SIMPLE_INSTRUMENT;BLOCK;EUR;30;10.90000000;300;EXCHANGE_LAST;;1;1;XEUR;11391470;58959;
17.02.2025;09:55:46.998;FESB SI 20250321 CS;SIMPLE_INSTRUMENT;BLOCK;EUR;29;175.70000000;1744;EXCHANGE_LAST;;1;1;XEUR;11359072;605;
17.02.2025;16:13:08.379;FESB SI 20250321 CS;SIMPLE_INSTRUMENT;BLOCK;EUR;34;174.70000000;5000;EXCHANGE_LAST;;1;1;XEUR;11359072;605;
17.02.2025;16:14:02.836;FESB SI 20250321 CS;SIMPLE_INSTRUMENT;BLOCK;EUR;35;174.70000000;5000;EXCHANGE_LAST;;1;1;XEUR;11359072;605;
17.02.2025;16:15:49.555;FESB SI 20250321 CS;SIMPLE_INSTRUMENT;BLOCK;EUR;36;174.70000000;8500;EXCHANGE_LAST;;1;1;XEUR;11359072;605;
17.02.2025;11:24:15.757;FESX SI 20250321 CS;SIMPLE_INSTRUMENT;BLOCK;EUR;1;5522.00000000;4000;EXCHANGE_LAST;;1;1;XEUR;7793482;675;
17.02.2025;16:31:04.029;FESX SI 20250321 CS;SIMPLE_INSTRUMENT;BLOCK;EUR;3;5535.00000000;3000;EXCHANGE_LAST;;1;1;XEUR;7793482;675;
17.02.2025;16:51:20.099;FESX SI 20250321 CS;SIMPLE_INSTRUMENT;BLOCK;EUR;4;5531.00000000;2041;EXCHANGE_LAST;;1;1;XEUR;7793482;675;
17.02.2025;16:50:55.621;FESX SI 20250321 CS;SIMPLE_INSTRUMENT;EFP_IDX;EUR;5;5532.00000000;198;EXCHANGE_LAST;;1;1;XEUR;7793482;675;
17.02.2025;16:50:08.475;FESX SI 20250321 CS;SIMPLE_INSTRUMENT;EFP_IDX;EUR;6;5531.00000000;402;EXCHANGE_LAST;;1;1;XEUR;7793482;675;
17.02.2025;16:49:23.608;FESX SI 20250321 CS;SIMPLE_INSTRUMENT;EFP_IDX;EUR;7;5531.00000000;497;EXCHANGE_LAST;;1;1;XEUR;7793482;675;
17.02.2025;16:50:55.378;FESX SI 20250321 CS;SIMPLE_INSTRUMENT;EFP_IDX;EUR;8;5530.00000000;23;EXCHANGE_LAST;;1;1;XEUR;7793482;675;
17.02.2025;17:01:14.029;FESX SI 20250321 CS;SIMPLE_INSTRUMENT;EFP_IDX;EUR;9;5532.00000000;19;EXCHANGE_LAST;;1;1;XEUR;7793482;675;
17.02.2025;17:00:53.114;FESX SI 20250321 CS;SIMPLE_INSTRUMENT;EFP_IDX;EUR;10;5531.00000000;221;EXCHANGE_LAST;;1;1;XEUR;7793482;675;
17.02.2025;16:50:27.915;FESX SI 20250321 CS;SIMPLE_INSTRUMENT;EFP_IDX;EUR;11;5531.00000000;460;EXCHANGE_LAST;;1;1;XEUR;7793482;675;
17.02.2025;16:50:51.688;FESX SI 20250321 CS;SIMPLE_INSTRUMENT;EFP_IDX;EUR;12;5532.00000000;40;EXCHANGE_LAST;;1;1;XEUR;7793482;675;
17.02.2025;16:51:24.340;FESX SI 20250321 CS;SIMPLE_INSTRUMENT;EFP_IDX;EUR;13;5532.00000000;16;EXCHANGE_LAST;;1;1;XEUR;7793482;675;
17.02.2025;16:51:42.590;FESX SI 20250321 CS;SIMPLE_INSTRUMENT;EFP_IDX;EUR;14;5531.00000000;184;EXCHANGE_LAST;;1;1;XEUR;7793482;675;
17.02.2025;16:52:42.804;FESX SI 20250321 CS;SIMPLE_INSTRUMENT;EFP_IDX;EUR;15;5532.00000000;32;EXCHANGE_LAST;;1;1;XEUR;7793482;675;
17.02.2025;16:53:11.211;FESX SI 20250321 CS;SIMPLE_INSTRUMENT;EFP_IDX;EUR;16;5531.00000000;368;EXCHANGE_LAST;;1;1;XEUR;7793482;675;
17.02.2025;16:54:43.950;FESX SI 20250321 CS;SIMPLE_INSTRUMENT;EFP_IDX;EUR;17;5535.00000000;1000;EXCHANGE_LAST;;1;1;XEUR;7793482;675;
17.02.2025;16:57:17.165;FESX SI 20250321 CS;SIMPLE_INSTRUMENT;EFP_IDX;EUR;18;5531.00000000;552;EXCHANGE_LAST;;1;1;XEUR;7793482;675;
17.02.2025;16:57:25.898;FESX SI 20250321 CS;SIMPLE_INSTRUMENT;EFP_IDX;EUR;19;5532.00000000;48;EXCHANGE_LAST;;1;1;XEUR;7793482;675;
17.02.2025;09:13:06.251;FESX SI 20250321 CS;SIMPLE_INSTRUMENT;VOLA;EUR;637534230;5507.00000000;720;EXCHANGE_LAST;;1;1;XEUR;7793482;675;
17.02.2025;09:22:53.549;FESX SI 20250321 CS;SIMPLE_INSTRUMENT;VOLA;EUR;637534232;5513.00000000;350;EXCHANGE_LAST;;1;1;XEUR;7793482;675;
17.02.2025;09:31:04.052;FESX SI 20250321 CS;SIMPLE_INSTRUMENT;VOLA;EUR;637534234;5505.00000000;400;EXCHANGE_LAST;;1;1;XEUR;7793482;675;
17.02.2025;10:06:58.705;FESX SI 20250321 CS;SIMPLE_INSTRUMENT;VOLA;EUR;637534245;5510.00000000;1;EXCHANGE_LAST;;1;1;XEUR;7793482;675;
17.02.2025;10:36:18.542;FESX SI 20250321 CS;SIMPLE_INSTRUMENT;VOLA;EUR;637534254;5520.00000000;611;EXCHANGE_LAST;;1;1;XEUR;7793482;675;
17.02.2025;10:47:56.669;FESX SI 20250321 CS;SIMPLE_INSTRUMENT;VOLA;EUR;637534260;5520.00000000;60;EXCHANGE_LAST;;1;1;XEUR;7793482;675;
17.02.2025;11:06:59.381;FESX SI 20250321 CS;SIMPLE_INSTRUMENT;VOLA;EUR;637534269;5519.00000000;400;EXCHANGE_LAST;;1;1;XEUR;7793482;675;
17.02.2025;11:07:02.013;FESX SI 20250321 CS;SIMPLE_INSTRUMENT;VOLA;EUR;637534270;5519.00000000;393;EXCHANGE_LAST;;1;1;XEUR;7793482;675;
17.02.2025;12:12:38.892;FESX SI 20250321 CS;SIMPLE_INSTRUMENT;VOLA;EUR;637534284;5516.00000000;450;EXCHANGE_LAST;;1;1;XEUR;7793482;675;
17.02.2025;12:12:32.375;FESX SI 20250321 CS;SIMPLE_INSTRUMENT;VOLA;EUR;637534285;5516.00000000;450;EXCHANGE_LAST;;1;1;XEUR;7793482;675;
17.02.2025;13:16:11.003;FESX SI 20250321 CS;SIMPLE_INSTRUMENT;VOLA;EUR;637534315;5522.00000000;340;EXCHANGE_LAST;;1;1;XEUR;7793482;675;
17.02.2025;13:35:24.026;FESX SI 20250321 CS;SIMPLE_INSTRUMENT;VOLA;EUR;637534323;5524.00000000;345;EXCHANGE_LAST;;1;1;XEUR;7793482;675;
17.02.2025;15:35:22.168;FESX SI 20250321 CS;SIMPLE_INSTRUMENT;VOLA;EUR;637534351;5530.00000000;812;EXCHANGE_LAST;;1;1;XEUR;7793482;675;
17.02.2025;16:05:24.589;FESX SI 20250321 CS;SIMPLE_INSTRUMENT;VOLA;EUR;637534377;5530.00000000;161;EXCHANGE_LAST;;1;1;XEUR;7793482;675;
17.02.2025;09:09:08.445;FEXD SI 20311219 CS;SIMPLE_INSTRUMENT;BLOCK;EUR;2;141.10000000;300;EXCHANGE_LAST;;1;1;XEUR;7158547;693;
17.02.2025;09:20:36.833;FEXD SI 20271217 CS;SIMPLE_INSTRUMENT;BLOCK;EUR;4;154.80000000;594;EXCHANGE_LAST;;1;1;XEUR;2848338;693;
17.02.2025;11:19:34.909;FEXD SI 20261218 CS;SIMPLE_INSTRUMENT;BLOCK;EUR;10;159.60000000;200;EXCHANGE_LAST;;1;1;XEUR;2163053;693;
17.02.2025;11:28:20.268;FEXD SI 20291221 CS;SIMPLE_INSTRUMENT;BLOCK;EUR;12;147.10000000;300;EXCHANGE_LAST;;1;1;XEUR;4631968;693;
17.02.2025;12:43:32.571;FEXD SI 20291221 CS;SIMPLE_INSTRUMENT;BLOCK;EUR;22;147.40000000;500;EXCHANGE_LAST;;1;1;XEUR;4631968;693;
17.02.2025;12:43:48.878;FEXD SI 20301220 CS;SIMPLE_INSTRUMENT;BLOCK;EUR;23;144.50000000;125;EXCHANGE_LAST;;1;1;XEUR;5914108;693;
17.02.2025;12:44:30.436;FEXD SI 20301220 CS;SIMPLE_INSTRUMENT;BLOCK;EUR;24;144.30000000;375;EXCHANGE_LAST;;1;1;XEUR;5914108;693;
17.02.2025;13:22:40.170;FEXD SI 20271217 CS;SIMPLE_INSTRUMENT;BLOCK;EUR;25;154.60000000;525;EXCHANGE_LAST;;1;1;XEUR;2848338;693;
17.02.2025;13:20:19.920;FEXD SI 20291221 CS;SIMPLE_INSTRUMENT;BLOCK;EUR;26;147.10000000;175;EXCHANGE_LAST;;1;1;XEUR;4631968;693;
17.02.2025;13:20:37.695;FEXD SI 20251219 CS;SIMPLE_INSTRUMENT;BLOCK;EUR;27;165.40000000;175;EXCHANGE_LAST;;1;1;XEUR;1548120;693;
17.02.2025;13:20:43.761;FEXD SI 20251219 CS;SIMPLE_INSTRUMENT;BLOCK;EUR;28;165.50000000;175;EXCHANGE_LAST;;1;1;XEUR;1548120;693;
17.02.2025;16:09:41.342;FEXD SI 20251219 CS;SIMPLE_INSTRUMENT;BLOCK;EUR;29;165.50000000;200;EXCHANGE_LAST;;1;1;XEUR;1548120;693;
17.02.2025;16:17:45.769;FEXD SI 20271217 CS;SIMPLE_INSTRUMENT;BLOCK;EUR;31;155.10000000;300;EXCHANGE_LAST;;1;1;XEUR;2848338;693;
17.02.2025;13:47:05.794;FEXD SI 20271217 CS;SIMPLE_INSTRUMENT;VOLA;EUR;301989897;154.60000000;11;EXCHANGE_LAST;;1;1;XEUR;2848338;693;
17.02.2025;14:22:09.359;FEXD SI 20261218 CS;SIMPLE_INSTRUMENT;VOLA;EUR;301989902;159.70000000;150;EXCHANGE_LAST;;1;1;XEUR;2163053;693;
17.02.2025;15:13:39.794;FEXD SI 20271217 CS;SIMPLE_INSTRUMENT;VOLA;EUR;301989906;154.80000000;435;EXCHANGE_LAST;;1;1;XEUR;2848338;693;
17.02.2025;07:39:16.369;FGBL SI 20250306 PS;SIMPLE_INSTRUMENT;EFS;EUR;1;132.12000000;209;EXCHANGE_LAST;;1;1;XEUR;11286679;688;
17.02.2025;07:52:15.832;FGBL SI 20250306 PS;SIMPLE_INSTRUMENT;EFS;EUR;2;132.09000000;271;EXCHANGE_LAST;;1;1;XEUR;11286679;688;
17.02.2025;07:53:45.823;FGBL SI 20250306 PS;SIMPLE_INSTRUMENT;EFS;EUR;3;132.01000000;300;EXCHANGE_LAST;;1;1;XEUR;11286679;688;
17.02.2025;07:58:14.191;FGBL SI 20250306 PS;SIMPLE_INSTRUMENT;EFS;EUR;4;132.06000000;1000;EXCHANGE_LAST;;1;1;XEUR;11286679;688;
17.02.2025;07:58:15.016;FGBL SI 20250306 PS;SIMPLE_INSTRUMENT;EFS;EUR;5;132.08000000;451;EXCHANGE_LAST;;1;1;XEUR;11286679;688;
17.02.2025;07:59:34.658;FGBL SI 20250306 PS;SIMPLE_INSTRUMENT;EFS;EUR;6;132.05000000;451;EXCHANGE_LAST;;1;1;XEUR;11286679;688;
17.02.2025;07:59:44.635;FGBL SI 20250306 PS;SIMPLE_INSTRUMENT;EFS;EUR;7;132.09000000;1000;EXCHANGE_LAST;;1;1;XEUR;11286679;688;
17.02.2025;08:04:33.245;FGBL SI 20250306 PS;SIMPLE_INSTRUMENT;EFS;EUR;8;132.06000000;450;EXCHANGE_LAST;;1;1;XEUR;11286679;688;
17.02.2025;08:04:49.240;FGBL SI 20250306 PS;SIMPLE_INSTRUMENT;EFS;EUR;9;132.04000000;902;EXCHANGE_LAST;;1;1;XEUR;11286679;688;
17.02.2025;08:17:55.431;FGBL SI 20250306 PS;SIMPLE_INSTRUMENT;EFS;EUR;10;132.13000000;283;EXCHANGE_LAST;;1;1;XEUR;11286679;688;
17.02.2025;08:12:52.708;FGBL SI 20250306 PS;SIMPLE_INSTRUMENT;EFS;EUR;11;132.04000000;1532;EXCHANGE_LAST;;1;1;XEUR;11286679;688;
17.02.2025;08:14:49.647;FGBL SI 20250306 PS;SIMPLE_INSTRUMENT;EFS;EUR;12;132.14000000;1000;EXCHANGE_LAST;;1;1;XEUR;11286679;688;
17.02.2025;08:16:02.784;FGBL SI 20250306 PS;SIMPLE_INSTRUMENT;EFS;EUR;13;132.13000000;473;EXCHANGE_LAST;;1;1;XEUR;11286679;688;
17.02.2025;08:20:34.575;FGBL SI 20250306 PS;SIMPLE_INSTRUMENT;EFS;EUR;14;132.13000000;90;EXCHANGE_LAST;;1;1;XEUR;11286679;688;
17.02.2025;08:20:44.317;FGBL SI 20250306 PS;SIMPLE_INSTRUMENT;EFS;EUR;15;132.14000000;300;EXCHANGE_LAST;;1;1;XEUR;11286679;688;
17.02.2025;08:21:23.674;FGBL SI 20250306 PS;SIMPLE_INSTRUMENT;EFS;EUR;16;132.15000000;270;EXCHANGE_LAST;;1;1;XEUR;11286679;688;
17.02.2025;08:22:34.986;FGBL SI 20250306 PS;SIMPLE_INSTRUMENT;EFS;EUR;17;132.10000000;226;EXCHANGE_LAST;;1;1;XEUR;11286679;688;
17.02.2025;08:23:44.960;FGBL SI 20250306 PS;SIMPLE_INSTRUMENT;EFS;EUR;18;132.10000000;902;EXCHANGE_LAST;;1;1;XEUR;11286679;688;
17.02.2025;08:23:53.392;FGBL SI 20250306 PS;SIMPLE_INSTRUMENT;EFS;EUR;19;132.12000000;250;EXCHANGE_LAST;;1;1;XEUR;11286679;688;
17.02.2025;08:23:56.000;FGBL SI 20250306 PS;SIMPLE_INSTRUMENT;EFS;EUR;20;132.11000000;189;EXCHANGE_LAST;;1;1;XEUR;11286679;688;
17.02.2025;08:24:46.894;FGBL SI 20250306 PS;SIMPLE_INSTRUMENT;EFS;EUR;21;132.12000000;208;EXCHANGE_LAST;;1;1;XEUR;11286679;688;
17.02.2025;08:25:36.797;FGBL SI 20250306 PS;SIMPLE_INSTRUMENT;EFS;EUR;22;132.13000000;125;EXCHANGE_LAST;;1;1;XEUR;11286679;688;
17.02.2025;08:26:53.502;FGBL SI 20250306 PS;SIMPLE_INSTRUMENT;EFP_FIN;EUR;23;132.10000000;397;EXCHANGE_LAST;;1;1;XEUR;11286679;688;
17.02.2025;08:29:27.926;FGBL SI 20250306 PS;SIMPLE_INSTRUMENT;EFS;EUR;24;132.16000000;945;EXCHANGE_LAST;;1;1;XEUR;11286679;688;
17.02.2025;08:34:19.527;FGBL SI 20250306 PS;SIMPLE_INSTRUMENT;EFS;EUR;25;132.12000000;417;EXCHANGE_LAST;;1;1;XEUR;11286679;688;
17.02.2025;08:35:28.264;FGBL SI 20250306 PS;SIMPLE_INSTRUMENT;EFS;EUR;26;132.12000000;1000;EXCHANGE_LAST;;1;1;XEUR;11286679;688;
17.02.2025;08:35:53.501;FGBL SI 20250306 PS;SIMPLE_INSTRUMENT;EFS;EUR;27;132.11000000;834;EXCHANGE_LAST;;1;1;XEUR;11286679;688;
17.02.2025;08:37:45.782;FGBL SI 20250306 PS;SIMPLE_INSTRUMENT;EFS;EUR;28;132.15000000;1532;EXCHANGE_LAST;;1;1;XEUR;11286679;688;
17.02.2025;08:38:19.748;FGBL SI 20250306 PS;SIMPLE_INSTRUMENT;EFS;EUR;29;132.10000000;417;EXCHANGE_LAST;;1;1;XEUR;11286679;688;
17.02.2025;08:40:35.698;FGBL SI 20250306 PS;SIMPLE_INSTRUMENT;EFS;EUR;30;132.08000000;470;EXCHANGE_LAST;;1;1;XEUR;11286679;688;
17.02.2025;08:40:40.523;FGBL SI 20250306 PS;SIMPLE_INSTRUMENT;EFS;EUR;31;132.09000000;417;EXCHANGE_LAST;;1;1;XEUR;11286679;688;
17.02.2025;08:43:20.215;FGBL SI 20250306 PS;SIMPLE_INSTRUMENT;EFS;EUR;32;132.10000000;451;EXCHANGE_LAST;;1;1;XEUR;11286679;688;
17.02.2025;08:43:50.878;FGBL SI 20250306 PS;SIMPLE_INSTRUMENT;EFS;EUR;33;132.10000000;451;EXCHANGE_LAST;;1;1;XEUR;11286679;688;
17.02.2025;08:47:44.229;FGBL SI 20250306 PS;SIMPLE_INSTRUMENT;EFS;EUR;34;132.06000000;1000;EXCHANGE_LAST;;1;1;XEUR;11286679;688;
17.02.2025;08:51:55.020;FGBL SI 20250306 PS;SIMPLE_INSTRUMENT;EFP_FIN;EUR;36;132.06000000;155;EXCHANGE_LAST;;1;1;XEUR;11286679;688;
17.02.2025;08:55:29.707;FGBL SI 20250306 PS;SIMPLE_INSTRUMENT;EFS;EUR;37;132.05000000;224;EXCHANGE_LAST;;1;1;XEUR;11286679;688;
17.02.2025;08:58:02.550;FGBL SI 20250306 PS;SIMPLE_INSTRUMENT;EFS;EUR;38;132.14000000;472;EXCHANGE_LAST;;1;1;XEUR;11286679;688;
17.02.2025;08:57:57.034;FGBL SI 20250306 PS;SIMPLE_INSTRUMENT;EFS;EUR;39;132.10000000;181;EXCHANGE_LAST;;1;1;XEUR;11286679;688;
17.02.2025;09:03:48.621;FGBL SI 20250306 PS;SIMPLE_INSTRUMENT;EFS;EUR;40;132.04000000;902;EXCHANGE_LAST;;1;1;XEUR;11286679;688;
17.02.2025;09:04:30.317;FGBL SI 20250306 PS;SIMPLE_INSTRUMENT;EFS;EUR;41;132.12000000;417;EXCHANGE_LAST;;1;1;XEUR;11286679;688;
17.02.2025;09:07:36.200;FGBL SI 20250306 PS;SIMPLE_INSTRUMENT;EFS;EUR;42;132.09000000;417;EXCHANGE_LAST;;1;1;XEUR;11286679;688;
17.02.2025;09:08:44.636;FGBL SI 20250306 PS;SIMPLE_INSTRUMENT;EFS;EUR;43;132.12000000;236;EXCHANGE_LAST;;1;1;XEUR;11286679;688;
17.02.2025;09:09:39.227;FGBL SI 20250306 PS;SIMPLE_INSTRUMENT;EFS;EUR;44;132.11000000;902;EXCHANGE_LAST;;1;1;XEUR;11286679;688;
17.02.2025;09:13:19.812;FGBL SI 20250306 PS;SIMPLE_INSTRUMENT;EFS;EUR;45;132.07000000;757;EXCHANGE_LAST;;1;1;XEUR;11286679;688;
17.02.2025;09:14:22.410;FGBL SI 20250306 PS;SIMPLE_INSTRUMENT;EFS;EUR;46;132.09000000;902;EXCHANGE_LAST;;1;1;XEUR;11286679;688;
17.02.2025;09:17:15.427;FGBL SI 20250306 PS;SIMPLE_INSTRUMENT;EFS;EUR;47;132.11000000;1890;EXCHANGE_LAST;;1;1;XEUR;11286679;688;
17.02.2025;09:17:29.705;FGBL SI 20250306 PS;SIMPLE_INSTRUMENT;EFS;EUR;48;132.06000000;209;EXCHANGE_LAST;;1;1;XEUR;11286679;688;
17.02.2025;09:20:09.029;FGBL SI 20250306 PS;SIMPLE_INSTRUMENT;EFS;EUR;49;132.08000000;245;EXCHANGE_LAST;;1;1;XEUR;11286679;688;
17.02.2025;09:20:58.919;FGBL SI 20250306 PS;SIMPLE_INSTRUMENT;EFS;EUR;50;132.05000000;418;EXCHANGE_LAST;;1;1;XEUR;11286679;688;
17.02.2025;09:22:24.002;FGBL SI 20250306 PS;SIMPLE_INSTRUMENT;EFS;EUR;51;132.12000000;451;EXCHANGE_LAST;;1;1;XEUR;11286679;688;
17.02.2025;09:22:29.022;FGBL SI 20250306 PS;SIMPLE_INSTRUMENT;EFS;EUR;52;132.01000000;418;EXCHANGE_LAST;;1;1;XEUR;11286679;688;
17.02.2025;09:23:31.975;FGBL SI 20250306 PS;SIMPLE_INSTRUMENT;EFS;EUR;53;132.04000000;473;EXCHANGE_LAST;;1;1;XEUR;11286679;688;
17.02.2025;09:26:38.926;FGBL SI 20250306 PS;SIMPLE_INSTRUMENT;EFS;EUR;54;132.02000000;1354;EXCHANGE_LAST;;1;1;XEUR;11286679;688;
17.02.2025;09:27:35.272;FGBL SI 20250306 PS;SIMPLE_INSTRUMENT;EFS;EUR;55;132.03000000;417;EXCHANGE_LAST;;1;1;XEUR;11286679;688;
17.02.2025;09:27:53.176;FGBL SI 20250306 PS;SIMPLE_INSTRUMENT;EFS;EUR;56;132.03000000;45;EXCHANGE_LAST;;1;1;XEUR;11286679;688;
17.02.2025;09:28:28.146;FGBL SI 20250306 PS;SIMPLE_INSTRUMENT;EFS;EUR;57;132.03000000;417;EXCHANGE_LAST;;1;1;XEUR;11286679;688;
17.02.2025;09:34:01.065;FGBL SI 20250306 PS;SIMPLE_INSTRUMENT;EFS;EUR;58;132.01000000;200;EXCHANGE_LAST;;1;1;XEUR;11286679;688;
17.02.2025;09:35:48.737;FGBL SI 20250306 PS;SIMPLE_INSTRUMENT;EFS;EUR;59;132.03000000;946;EXCHANGE_LAST;;1;1;XEUR;11286679;688;
17.02.2025;09:39:09.222;FGBL SI 20250306 PS;SIMPLE_INSTRUMENT;EFP_FIN;EUR;60;132.02000000;283;EXCHANGE_LAST;;1;1;XEUR;11286679;688;
17.02.2025;09:40:59.156;FGBL SI 20250306 PS;SIMPLE_INSTRUMENT;EFS;EUR;61;132.10000000;417;EXCHANGE_LAST;;1;1;XEUR;11286679;688;
17.02.2025;09:48:53.434;FGBL SI 20250306 PS;SIMPLE_INSTRUMENT;BLOCK;EUR;62;132.07000000;2076;EXCHANGE_LAST;;1;1;XEUR;11286679;688;
17.02.2025;09:49:02.944;FGBL SI 20250306 PS;SIMPLE_INSTRUMENT;EFP_FIN;EUR;63;132.09000000;190;EXCHANGE_LAST;;1;1;XEUR;11286679;688;
17.02.2025;09:52:19.179;FGBL SI 20250306 PS;SIMPLE_INSTRUMENT;EFS;EUR;64;132.08000000;1800;EXCHANGE_LAST;;1;1;XEUR;11286679;688;
17.02.2025;09:52:48.916;FGBL SI 20250306 PS;SIMPLE_INSTRUMENT;EFP_FIN;EUR;65;132.03000000;396;EXCHANGE_LAST;;1;1;XEUR;11286679;688;
17.02.2025;09:56:37.947;FGBL SI 20250306 PS;SIMPLE_INSTRUMENT;EFS;EUR;66;132.10000000;210;EXCHANGE_LAST;;1;1;XEUR;11286679;688;
17.02.2025;09:57:24.233;FGBL SI 20250306 PS;SIMPLE_INSTRUMENT;EFS;EUR;67;132.04000000;902;EXCHANGE_LAST;;1;1;XEUR;11286679;688;
17.02.2025;09:57:50.016;FGBL SI 20250306 PS;SIMPLE_INSTRUMENT;EFS;EUR;68;132.08000000;316;EXCHANGE_LAST;;1;1;XEUR;11286679;688;
17.02.2025;10:03:28.646;FGBL SI 20250306 PS;SIMPLE_INSTRUMENT;EFS;EUR;69;132.13000000;542;EXCHANGE_LAST;;1;1;XEUR;11286679;688;
17.02.2025;10:06:48.692;FGBL SI 20250306 PS;SIMPLE_INSTRUMENT;EFP_FIN;EUR;70;132.07000000;269;EXCHANGE_LAST;;1;1;XEUR;11286679;688;
17.02.2025;10:09:15.433;FGBL SI 20250306 PS;SIMPLE_INSTRUMENT;EFS;EUR;71;132.13000000;542;EXCHANGE_LAST;;1;1;XEUR;11286679;688;
17.02.2025;10:15:40.293;FGBL SI 20250306 PS;SIMPLE_INSTRUMENT;EFS;EUR;72;132.01000000;418;EXCHANGE_LAST;;1;1;XEUR;11286679;688;
17.02.2025;10:16:10.316;FGBL SI 20250306 PS;SIMPLE_INSTRUMENT;EFS;EUR;73;132.01000000;300;EXCHANGE_LAST;;1;1;XEUR;11286679;688;
17.02.2025;10:17:29.897;FGBL SI 20250306 PS;SIMPLE_INSTRUMENT;EFS;EUR;74;132.03000000;530;EXCHANGE_LAST;;1;1;XEUR;11286679;688;
17.02.2025;10:18:05.413;FGBL SI 20250306 PS;SIMPLE_INSTRUMENT;EFS;EUR;75;132.01000000;418;EXCHANGE_LAST;;1;1;XEUR;11286679;688;
17.02.2025;10:19:15.162;FGBL SI 20250306 PS;SIMPLE_INSTRUMENT;EFS;EUR;76;132.12000000;417;EXCHANGE_LAST;;1;1;XEUR;11286679;688;
17.02.2025;10:20:30.552;FGBL SI 20250306 PS;SIMPLE_INSTRUMENT;EFS;EUR;77;132.03000000;835;EXCHANGE_LAST;;1;1;XEUR;11286679;688;
17.02.2025;10:21:04.204;FGBL SI 20250306 PS;SIMPLE_INSTRUMENT;EFS;EUR;78;132.00000000;451;EXCHANGE_LAST;;1;1;XEUR;11286679;688;
17.02.2025;10:21:05.593;FGBL SI 20250306 PS;SIMPLE_INSTRUMENT;EFS;EUR;79;132.01000000;835;EXCHANGE_LAST;;1;1;XEUR;11286679;688;
17.02.2025;10:24:21.417;FGBL SI 20250306 PS;SIMPLE_INSTRUMENT;EFS;EUR;80;132.02000000;209;EXCHANGE_LAST;;1;1;XEUR;11286679;688;
17.02.2025;10:25:08.489;FGBL SI 20250306 PS;SIMPLE_INSTRUMENT;EFS;EUR;81;132.12000000;1251;EXCHANGE_LAST;;1;1;XEUR;11286679;688;
17.02.2025;10:25:45.666;FGBL SI 20250306 PS;SIMPLE_INSTRUMENT;EFS;EUR;82;132.01000000;209;EXCHANGE_LAST;;1;1;XEUR;11286679;688;
17.02.2025;10:27:32.853;FGBL SI 20250306 PS;SIMPLE_INSTRUMENT;EFS;EUR;83;132.01000000;417;EXCHANGE_LAST;;1;1;XEUR;11286679;688;
17.02.2025;10:28:36.849;FGBL SI 20250306 PS;SIMPLE_INSTRUMENT;EFS;EUR;84;132.04000000;904;EXCHANGE_LAST;;1;1;XEUR;11286679;688;
17.02.2025;10:36:23.879;FGBL SI 20250306 PS;SIMPLE_INSTRUMENT;EFP_FIN;EUR;85;132.02000000;317;EXCHANGE_LAST;;1;1;XEUR;11286679;688;
17.02.2025;10:39:30.136;FGBL SI 20250306 PS;SIMPLE_INSTRUMENT;EFS;EUR;86;132.01000000;946;EXCHANGE_LAST;;1;1;XEUR;11286679;688;
17.02.2025;10:40:37.071;FGBL SI 20250306 PS;SIMPLE_INSTRUMENT;EFS;EUR;87;132.02000000;179;EXCHANGE_LAST;;1;1;XEUR;11286679;688;
17.02.2025;10:41:21.824;FGBL SI 20250306 PS;SIMPLE_INSTRUMENT;EFS;EUR;88;132.09000000;378;EXCHANGE_LAST;;1;1;XEUR;11286679;688;
17.02.2025;10:45:10.428;FGBL SI 20250306 PS;SIMPLE_INSTRUMENT;EFS;EUR;89;132.02000000;100;EXCHANGE_LAST;;1;1;XEUR;11286679;688;
17.02.2025;10:49:02.723;FGBL SI 20250306 PS;SIMPLE_INSTRUMENT;EFS;EUR;90;132.14000000;417;EXCHANGE_LAST;;1;1;XEUR;11286679;688;
17.02.2025;10:49:57.767;FGBL SI 20250306 PS;SIMPLE_INSTRUMENT;EFS;EUR;91;132.09000000;417;EXCHANGE_LAST;;1;1;XEUR;11286679;688;
17.02.2025;10:52:06.024;FGBL SI 20250306 PS;SIMPLE_INSTRUMENT;EFS;EUR;92;132.14000000;2248;EXCHANGE_LAST;;1;1;XEUR;11286679;688;
17.02.2025;10:52:07.858;FGBL SI 20250306 PS;SIMPLE_INSTRUMENT;EFS;EUR;93;132.16000000;250;EXCHANGE_LAST;;1;1;XEUR;11286679;688;
17.02.2025;10:52:25.400;FGBL SI 20250306 PS;SIMPLE_INSTRUMENT;EFS;EUR;94;132.14000000;417;EXCHANGE_LAST;;1;1;XEUR;11286679;688;
17.02.2025;10:54:47.980;FGBL SI 20250306 PS;SIMPLE_INSTRUMENT;EFS;EUR;95;132.14000000;417;EXCHANGE_LAST;;1;1;XEUR;11286679;688;
17.02.2025;10:55:33.028;FGBL SI 20250306 PS;SIMPLE_INSTRUMENT;EFS;EUR;96;132.14000000;417;EXCHANGE_LAST;;1;1;XEUR;11286679;688;
17.02.2025;10:57:18.107;FGBL SI 20250306 PS;SIMPLE_INSTRUMENT;EFS;EUR;97;132.14000000;292;EXCHANGE_LAST;;1;1;XEUR;11286679;688;
17.02.2025;10:57:28.115;FGBL SI 20250306 PS;SIMPLE_INSTRUMENT;EFS;EUR;98;132.14000000;334;EXCHANGE_LAST;;1;1;XEUR;11286679;688;
17.02.2025;10:58:18.439;FGBL SI 20250306 PS;SIMPLE_INSTRUMENT;EFS;EUR;99;132.13000000;209;EXCHANGE_LAST;;1;1;XEUR;11286679;688;
17.02.2025;10:59:59.005;FGBL SI 20250306 PS;SIMPLE_INSTRUMENT;EFS;EUR;100;132.14000000;209;EXCHANGE_LAST;;1;1;XEUR;11286679;688;
17.02.2025;11:01:03.255;FGBL SI 20250306 PS;SIMPLE_INSTRUMENT;EFS;EUR;101;132.15000000;417;EXCHANGE_LAST;;1;1;XEUR;11286679;688;
17.02.2025;11:01:17.284;FGBL SI 20250306 PS;SIMPLE_INSTRUMENT;EFS;EUR;102;132.15000000;234;EXCHANGE_LAST;;1;1;XEUR;11286679;688;
17.02.2025;11:02:08.742;FGBL SI 20250306 PS;SIMPLE_INSTRUMENT;EFP_FIN;EUR;103;132.12000000;282;EXCHANGE_LAST;;1;1;XEUR;11286679;688;
17.02.2025;11:04:36.211;FGBL SI 20250306 PS;SIMPLE_INSTRUMENT;EFS;EUR;105;132.02000000;1369;EXCHANGE_LAST;;1;1;XEUR;11286679;688;
17.02.2025;11:08:19.303;FGBL SI 20250306 PS;SIMPLE_INSTRUMENT;EFS;EUR;106;132.14000000;225;EXCHANGE_LAST;;1;1;XEUR;11286679;688;
17.02.2025;11:14:19.340;FGBL SI 20250306 PS;SIMPLE_INSTRUMENT;EFP_FIN;EUR;107;132.06000000;186;EXCHANGE_LAST;;1;1;XEUR;11286679;688;
17.02.2025;11:16:46.235;FGBL SI 20250306 PS;SIMPLE_INSTRUMENT;EFS;EUR;108;132.06000000;2706;EXCHANGE_LAST;;1;1;XEUR;11286679;688;
17.02.2025;11:24:14.535;FGBL SI 20250306 PS;SIMPLE_INSTRUMENT;EFS;EUR;109;132.07000000;451;EXCHANGE_LAST;;1;1;XEUR;11286679;688;
17.02.2025;11:29:42.426;FGBL SI 20250306 PS;SIMPLE_INSTRUMENT;EFP_FIN;EUR;110;132.08000000;178;EXCHANGE_LAST;;1;1;XEUR;11286679;688;
17.02.2025;11:34:16.882;FGBL SI 20250306 PS;SIMPLE_INSTRUMENT;EFS;EUR;111;132.05000000;225;EXCHANGE_LAST;;1;1;XEUR;11286679;688;
17.02.2025;11:38:28.591;FGBL SI 20250306 PS;SIMPLE_INSTRUMENT;EFP_FIN;EUR;112;132.13000000;317;EXCHANGE_LAST;;1;1;XEUR;11286679;688;
17.02.2025;11:40:32.457;FGBL SI 20250306 PS;SIMPLE_INSTRUMENT;EFP_FIN;EUR;113;132.06000000;941;EXCHANGE_LAST;;1;1;XEUR;11286679;688;
17.02.2025;11:49:24.544;FGBL SI 20250306 PS;SIMPLE_INSTRUMENT;EFP_FIN;EUR;114;132.07000000;133;EXCHANGE_LAST;;1;1;XEUR;11286679;688;
17.02.2025;11:42:54.035;FGBL SI 20250306 PS;SIMPLE_INSTRUMENT;EFP_FIN;EUR;115;132.07000000;133;EXCHANGE_LAST;;1;1;XEUR;11286679;688;
17.02.2025;11:51:23.658;FGBL SI 20250306 PS;SIMPLE_INSTRUMENT;EFP_FIN;EUR;116;132.07000000;153;EXCHANGE_LAST;;1;1;XEUR;11286679;688;
17.02.2025;11:46:39.231;FGBL SI 20250306 PS;SIMPLE_INSTRUMENT;EFS;EUR;117;132.06000000;140;EXCHANGE_LAST;;1;1;XEUR;11286679;688;
17.02.2025;11:47:33.102;FGBL SI 20250306 PS;SIMPLE_INSTRUMENT;EFS;EUR;118;132.04000000;125;EXCHANGE_LAST;;1;1;XEUR;11286679;688;
17.02.2025;11:48:45.614;FGBL SI 20250306 PS;SIMPLE_INSTRUMENT;EFP_FIN;EUR;119;132.07000000;475;EXCHANGE_LAST;;1;1;XEUR;11286679;688;
17.02.2025;11:51:00.769;FGBL SI 20250306 PS;SIMPLE_INSTRUMENT;BLOCK;EUR;120;132.08000000;2350;EXCHANGE_LAST;;1;1;XEUR;11286679;688;
17.02.2025;11:51:34.009;FGBL SI 20250306 PS;SIMPLE_INSTRUMENT;EFP_FIN;EUR;121;132.03000000;841;EXCHANGE_LAST;;1;1;XEUR;11286679;688;
17.02.2025;12:16:51.567;FGBL SI 20250306 PS;SIMPLE_INSTRUMENT;EFS;EUR;122;132.19000000;417;EXCHANGE_LAST;;1;1;XEUR;11286679;688;
17.02.2025;12:20:11.765;FGBL SI 20250306 PS;SIMPLE_INSTRUMENT;EFS;EUR;123;132.20000000;417;EXCHANGE_LAST;;1;1;XEUR;11286679;688;
17.02.2025;12:20:23.283;FGBL SI 20250306 PS;SIMPLE_INSTRUMENT;EFP_FIN;EUR;124;132.17000000;1857;EXCHANGE_LAST;;1;1;XEUR;11286679;688;
17.02.2025;12:22:06.872;FGBL SI 20250306 PS;SIMPLE_INSTRUMENT;EFS;EUR;125;132.21000000;417;EXCHANGE_LAST;;1;1;XEUR;11286679;688;
17.02.2025;12:22:24.113;FGBL SI 20250306 PS;SIMPLE_INSTRUMENT;EFS;EUR;126;132.20000000;417;EXCHANGE_LAST;;1;1;XEUR;11286679;688;
17.02.2025;12:24:01.985;FGBL SI 20250306 PS;SIMPLE_INSTRUMENT;EFS;EUR;127;132.20000000;417;EXCHANGE_LAST;;1;1;XEUR;11286679;688;
17.02.2025;12:26:12.108;FGBL SI 20250306 PS;SIMPLE_INSTRUMENT;EFS;EUR;128;132.19000000;417;EXCHANGE_LAST;;1;1;XEUR;11286679;688;
17.02.2025;12:27:43.227;FGBL SI 20250306 PS;SIMPLE_INSTRUMENT;EFS;EUR;129;132.18000000;945;EXCHANGE_LAST;;1;1;XEUR;11286679;688;
17.02.2025;12:28:07.225;FGBL SI 20250306 PS;SIMPLE_INSTRUMENT;EFS;EUR;130;132.18000000;209;EXCHANGE_LAST;;1;1;XEUR;11286679;688;
17.02.2025;12:28:37.259;FGBL SI 20250306 PS;SIMPLE_INSTRUMENT;EFS;EUR;131;132.18000000;209;EXCHANGE_LAST;;1;1;XEUR;11286679;688;
17.02.2025;12:29:47.305;FGBL SI 20250306 PS;SIMPLE_INSTRUMENT;EFS;EUR;132;132.19000000;417;EXCHANGE_LAST;;1;1;XEUR;11286679;688;
17.02.2025;12:31:07.360;FGBL SI 20250306 PS;SIMPLE_INSTRUMENT;EFS;EUR;133;132.18000000;417;EXCHANGE_LAST;;1;1;XEUR;11286679;688;
17.02.2025;12:32:13.906;FGBL SI 20250306 PS;SIMPLE_INSTRUMENT;EFS;EUR;134;132.20000000;417;EXCHANGE_LAST;;1;1;XEUR;11286679;688;
17.02.2025;12:32:42.429;FGBL SI 20250306 PS;SIMPLE_INSTRUMENT;EFS;EUR;135;132.20000000;417;EXCHANGE_LAST;;1;1;XEUR;11286679;688;
17.02.2025;12:49:50.517;FGBL SI 20250306 PS;SIMPLE_INSTRUMENT;EFS;EUR;136;132.17000000;375;EXCHANGE_LAST;;1;1;XEUR;11286679;688;
17.02.2025;12:58:34.429;FGBL SI 20250306 PS;SIMPLE_INSTRUMENT;EFS;EUR;137;132.11000000;417;EXCHANGE_LAST;;1;1;XEUR;11286679;688;
17.02.2025;13:01:29.542;FGBL SI 20250306 PS;SIMPLE_INSTRUMENT;EFS;EUR;138;132.11000000;417;EXCHANGE_LAST;;1;1;XEUR;11286679;688;
17.02.2025;13:06:47.343;FGBL SI 20250306 PS;SIMPLE_INSTRUMENT;EFP_FIN;EUR;139;132.10000000;1650;EXCHANGE_LAST;;1;1;XEUR;11286679;688;
17.02.2025;13:13:35.724;FGBL SI 20250306 PS;SIMPLE_INSTRUMENT;EFS;EUR;140;132.10000000;825;EXCHANGE_LAST;;1;1;XEUR;11286679;688;
17.02.2025;13:22:41.260;FGBL SI 20250306 PS;SIMPLE_INSTRUMENT;EFP_FIN;EUR;141;132.11000000;416;EXCHANGE_LAST;;1;1;XEUR;11286679;688;
17.02.2025;13:22:57.040;FGBL SI 20250306 PS;SIMPLE_INSTRUMENT;EFS;EUR;142;132.11000000;237;EXCHANGE_LAST;;1;1;XEUR;11286679;688;
17.02.2025;13:25:26.109;FGBL SI 20250306 PS;SIMPLE_INSTRUMENT;EFS;EUR;143;132.11000000;677;EXCHANGE_LAST;;1;1;XEUR;11286679;688;
17.02.2025;13:31:15.231;FGBL SI 20250306 PS;SIMPLE_INSTRUMENT;EFP_FIN;EUR;144;132.14000000;1857;EXCHANGE_LAST;;1;1;XEUR;11286679;688;
17.02.2025;13:38:21.794;FGBL SI 20250306 PS;SIMPLE_INSTRUMENT;EFP_FIN;EUR;145;132.14000000;250;EXCHANGE_LAST;;1;1;XEUR;11286679;688;
17.02.2025;13:44:29.715;FGBL SI 20250306 PS;SIMPLE_INSTRUMENT;EFS;EUR;146;132.13000000;417;EXCHANGE_LAST;;1;1;XEUR;11286679;688;
17.02.2025;13:47:12.820;FGBL SI 20250306 PS;SIMPLE_INSTRUMENT;EFS;EUR;147;132.14000000;80;EXCHANGE_LAST;;1;1;XEUR;11286679;688;
17.02.2025;13:51:35.009;FGBL SI 20250306 PS;SIMPLE_INSTRUMENT;EFS;EUR;148;132.15000000;417;EXCHANGE_LAST;;1;1;XEUR;11286679;688;
17.02.2025;13:53:05.253;FGBL SI 20250306 PS;SIMPLE_INSTRUMENT;EFS;EUR;149;132.14000000;417;EXCHANGE_LAST;;1;1;XEUR;11286679;688;
17.02.2025;13:53:28.189;FGBL SI 20250306 PS;SIMPLE_INSTRUMENT;EFP_FIN;EUR;150;132.14000000;664;EXCHANGE_LAST;;1;1;XEUR;11286679;688;
17.02.2025;13:54:29.592;FGBL SI 20250306 PS;SIMPLE_INSTRUMENT;EFS;EUR;151;132.15000000;250;EXCHANGE_LAST;;1;1;XEUR;11286679;688;
17.02.2025;13:57:40.261;FGBL SI 20250306 PS;SIMPLE_INSTRUMENT;EFS;EUR;152;132.17000000;417;EXCHANGE_LAST;;1;1;XEUR;11286679;688;
17.02.2025;14:00:04.810;FGBL SI 20250306 PS;SIMPLE_INSTRUMENT;EFS;EUR;153;132.16000000;417;EXCHANGE_LAST;;1;1;XEUR;11286679;688;
17.02.2025;14:00:55.369;FGBL SI 20250306 PS;SIMPLE_INSTRUMENT;EFS;EUR;154;132.17000000;417;EXCHANGE_LAST;;1;1;XEUR;11286679;688;
17.02.2025;14:02:00.895;FGBL SI 20250306 PS;SIMPLE_INSTRUMENT;EFS;EUR;155;132.15000000;417;EXCHANGE_LAST;;1;1;XEUR;11286679;688;
17.02.2025;14:03:16.717;FGBL SI 20250306 PS;SIMPLE_INSTRUMENT;EFS;EUR;156;132.13000000;226;EXCHANGE_LAST;;1;1;XEUR;11286679;688;
17.02.2025;14:03:28.597;FGBL SI 20250306 PS;SIMPLE_INSTRUMENT;EFP_FIN;EUR;157;132.14000000;234;EXCHANGE_LAST;;1;1;XEUR;11286679;688;
17.02.2025;14:07:02.157;FGBL SI 20250306 PS;SIMPLE_INSTRUMENT;EFS;EUR;158;132.17000000;417;EXCHANGE_LAST;;1;1;XEUR;11286679;688;
17.02.2025;14:09:09.734;FGBL SI 20250306 PS;SIMPLE_INSTRUMENT;EFS;EUR;159;132.17000000;226;EXCHANGE_LAST;;1;1;XEUR;11286679;688;
17.02.2025;14:09:15.505;FGBL SI 20250306 PS;SIMPLE_INSTRUMENT;EFS;EUR;160;132.17000000;417;EXCHANGE_LAST;;1;1;XEUR;11286679;688;
17.02.2025;14:10:36.765;FGBL SI 20250306 PS;SIMPLE_INSTRUMENT;EFS;EUR;161;132.19000000;209;EXCHANGE_LAST;;1;1;XEUR;11286679;688;
17.02.2025;14:18:04.478;FGBL SI 20250306 PS;SIMPLE_INSTRUMENT;EFP_FIN;EUR;162;132.18000000;436;EXCHANGE_LAST;;1;1;XEUR;11286679;688;
17.02.2025;14:18:09.761;FGBL SI 20250306 PS;SIMPLE_INSTRUMENT;EFS;EUR;163;132.18000000;946;EXCHANGE_LAST;;1;1;XEUR;11286679;688;
17.02.2025;14:21:16.916;FGBL SI 20250306 PS;SIMPLE_INSTRUMENT;EFP_FIN;EUR;164;132.17000000;960;EXCHANGE_LAST;;1;1;XEUR;11286679;688;
17.02.2025;14:21:52.214;FGBL SI 20250306 PS;SIMPLE_INSTRUMENT;EFS;EUR;165;132.17000000;417;EXCHANGE_LAST;;1;1;XEUR;11286679;688;
17.02.2025;14:22:12.233;FGBL SI 20250306 PS;SIMPLE_INSTRUMENT;EFS;EUR;166;132.17000000;417;EXCHANGE_LAST;;1;1;XEUR;11286679;688;
17.02.2025;14:23:17.282;FGBL SI 20250306 PS;SIMPLE_INSTRUMENT;EFS;EUR;167;132.17000000;417;EXCHANGE_LAST;;1;1;XEUR;11286679;688;
17.02.2025;14:26:07.318;FGBL SI 20250306 PS;SIMPLE_INSTRUMENT;EFP_FIN;EUR;168;132.20000000;891;EXCHANGE_LAST;;1;1;XEUR;11286679;688;
17.02.2025;14:27:03.430;FGBL SI 20250306 PS;SIMPLE_INSTRUMENT;EFS;EUR;169;132.19000000;417;EXCHANGE_LAST;;1;1;XEUR;11286679;688;
17.02.2025;14:28:44.212;FGBL SI 20250306 PS;SIMPLE_INSTRUMENT;EFS;EUR;170;132.17000000;475;EXCHANGE_LAST;;1;1;XEUR;11286679;688;
17.02.2025;14:34:59.537;FGBL SI 20250306 PS;SIMPLE_INSTRUMENT;EFS;EUR;172;132.18000000;209;EXCHANGE_LAST;;1;1;XEUR;11286679;688;
17.02.2025;14:36:02.228;FGBL SI 20250306 PS;SIMPLE_INSTRUMENT;EFS;EUR;173;132.18000000;417;EXCHANGE_LAST;;1;1;XEUR;11286679;688;
17.02.2025;14:37:10.853;FGBL SI 20250306 PS;SIMPLE_INSTRUMENT;EFP_FIN;EUR;174;132.13000000;1114;EXCHANGE_LAST;;1;1;XEUR;11286679;688;
17.02.2025;14:39:01.822;FGBL SI 20250306 PS;SIMPLE_INSTRUMENT;EFS;EUR;175;132.17000000;226;EXCHANGE_LAST;;1;1;XEUR;11286679;688;
17.02.2025;14:44:00.218;FGBL SI 20250306 PS;SIMPLE_INSTRUMENT;EFS;EUR;176;132.18000000;417;EXCHANGE_LAST;;1;1;XEUR;11286679;688;
17.02.2025;14:44:38.675;FGBL SI 20250306 PS;SIMPLE_INSTRUMENT;EFP_FIN;EUR;177;132.17000000;329;EXCHANGE_LAST;;1;1;XEUR;11286679;688;
17.02.2025;14:46:30.366;FGBL SI 20250306 PS;SIMPLE_INSTRUMENT;EFP_FIN;EUR;178;132.17000000;151;EXCHANGE_LAST;;1;1;XEUR;11286679;688;
17.02.2025;14:49:18.157;FGBL SI 20250306 PS;SIMPLE_INSTRUMENT;EFS;EUR;179;132.17000000;331;EXCHANGE_LAST;;1;1;XEUR;11286679;688;
17.02.2025;15:00:06.682;FGBL SI 20250306 PS;SIMPLE_INSTRUMENT;EFS;EUR;180;132.18000000;417;EXCHANGE_LAST;;1;1;XEUR;11286679;688;
17.02.2025;15:05:46.906;FGBL SI 20250306 PS;SIMPLE_INSTRUMENT;EFS;EUR;181;132.19000000;417;EXCHANGE_LAST;;1;1;XEUR;11286679;688;
17.02.2025;15:06:41.950;FGBL SI 20250306 PS;SIMPLE_INSTRUMENT;EFS;EUR;182;132.19000000;417;EXCHANGE_LAST;;1;1;XEUR;11286679;688;
17.02.2025;15:09:32.124;FGBL SI 20250306 PS;SIMPLE_INSTRUMENT;EFS;EUR;183;132.19000000;417;EXCHANGE_LAST;;1;1;XEUR;11286679;688;
17.02.2025;15:16:29.417;FGBL SI 20250306 PS;SIMPLE_INSTRUMENT;EFS;EUR;184;132.22000000;417;EXCHANGE_LAST;;1;1;XEUR;11286679;688;
17.02.2025;15:18:34.557;FGBL SI 20250306 PS;SIMPLE_INSTRUMENT;EFP_FIN;EUR;185;132.23000000;77;EXCHANGE_LAST;;1;1;XEUR;11286679;688;
17.02.2025;15:18:36.283;FGBL SI 20250306 PS;SIMPLE_INSTRUMENT;EFS;EUR;186;132.23000000;417;EXCHANGE_LAST;;1;1;XEUR;11286679;688;
17.02.2025;15:36:57.749;FGBL SI 20250306 PS;SIMPLE_INSTRUMENT;EFS;EUR;187;132.24000000;208;EXCHANGE_LAST;;1;1;XEUR;11286679;688;
17.02.2025;15:37:37.294;FGBL SI 20250306 PS;SIMPLE_INSTRUMENT;EFS;EUR;188;132.24000000;846;EXCHANGE_LAST;;1;1;XEUR;11286679;688;
17.02.2025;15:39:48.599;FGBL SI 20250306 PS;SIMPLE_INSTRUMENT;EFS;EUR;189;132.24000000;208;EXCHANGE_LAST;;1;1;XEUR;11286679;688;
17.02.2025;15:42:54.145;FGBL SI 20250306 PS;SIMPLE_INSTRUMENT;EFS;EUR;190;132.24000000;417;EXCHANGE_LAST;;1;1;XEUR;11286679;688;
17.02.2025;15:45:25.502;FGBL SI 20250306 PS;SIMPLE_INSTRUMENT;EFS;EUR;191;132.22000000;417;EXCHANGE_LAST;;1;1;XEUR;11286679;688;
17.02.2025;15:48:01.751;FGBL SI 20250306 PS;SIMPLE_INSTRUMENT;EFS;EUR;192;132.21000000;208;EXCHANGE_LAST;;1;1;XEUR;11286679;688;
17.02.2025;15:49:34.709;FGBL SI 20250306 PS;SIMPLE_INSTRUMENT;EFS;EUR;193;132.22000000;208;EXCHANGE_LAST;;1;1;XEUR;11286679;688;
17.02.2025;15:53:26.493;FGBL SI 20250306 PS;SIMPLE_INSTRUMENT;EFS;EUR;194;132.22000000;200;EXCHANGE_LAST;;1;1;XEUR;11286679;688;
17.02.2025;15:57:41.781;FGBL SI 20250306 PS;SIMPLE_INSTRUMENT;EFS;EUR;195;132.21000000;708;EXCHANGE_LAST;;1;1;XEUR;11286679;688;
17.02.2025;16:06:46.181;FGBL SI 20250306 PS;SIMPLE_INSTRUMENT;EFP_FIN;EUR;196;132.24000000;117;EXCHANGE_LAST;;1;1;XEUR;11286679;688;
17.02.2025;16:12:49.665;FGBL SI 20250306 PS;SIMPLE_INSTRUMENT;EFP_FIN;EUR;197;132.23000000;192;EXCHANGE_LAST;;1;1;XEUR;11286679;688;
17.02.2025;16:15:24.082;FGBL SI 20250306 PS;SIMPLE_INSTRUMENT;EFS;EUR;198;132.24000000;292;EXCHANGE_LAST;;1;1;XEUR;11286679;688;
17.02.2025;16:18:37.429;FGBL SI 20250306 PS;SIMPLE_INSTRUMENT;EFS;EUR;199;132.23000000;225;EXCHANGE_LAST;;1;1;XEUR;11286679;688;
17.02.2025;16:21:20.328;FGBL SI 20250306 PS;SIMPLE_INSTRUMENT;EFS;EUR;200;132.24000000;4500;EXCHANGE_LAST;;1;1;XEUR;11286679;688;
17.02.2025;16:21:47.259;FGBL SI 20250306 PS;SIMPLE_INSTRUMENT;EFS;EUR;201;132.21000000;901;EXCHANGE_LAST;;1;1;XEUR;11286679;688;
17.02.2025;16:24:48.359;FGBL SI 20250306 PS;SIMPLE_INSTRUMENT;EFS;EUR;202;132.24000000;417;EXCHANGE_LAST;;1;1;XEUR;11286679;688;
17.02.2025;16:31:13.398;FGBL SI 20250306 PS;SIMPLE_INSTRUMENT;EFS;EUR;203;132.22000000;250;EXCHANGE_LAST;;1;1;XEUR;11286679;688;
17.02.2025;16:32:04.531;FGBL SI 20250306 PS;SIMPLE_INSTRUMENT;EFS;EUR;204;132.22000000;167;EXCHANGE_LAST;;1;1;XEUR;11286679;688;
17.02.2025;16:40:35.485;FGBL SI 20250306 PS;SIMPLE_INSTRUMENT;EFS;EUR;205;132.16000000;167;EXCHANGE_LAST;;1;1;XEUR;11286679;688;
17.02.2025;16:45:55.253;FGBL SI 20250306 PS;SIMPLE_INSTRUMENT;EFS;EUR;206;132.14000000;209;EXCHANGE_LAST;;1;1;XEUR;11286679;688;
17.02.2025;16:54:36.420;FGBL SI 20250306 PS;SIMPLE_INSTRUMENT;EFP_FIN;EUR;207;132.14000000;139;EXCHANGE_LAST;;1;1;XEUR;11286679;688;
17.02.2025;16:56:31.270;FGBL SI 20250306 PS;SIMPLE_INSTRUMENT;EFS;EUR;208;132.13000000;417;EXCHANGE_LAST;;1;1;XEUR;11286679;688;
17.02.2025;16:59:57.680;FGBL SI 20250306 PS;SIMPLE_INSTRUMENT;EFS;EUR;209;132.13000000;209;EXCHANGE_LAST;;1;1;XEUR;11286679;688;
17.02.2025;16:59:58.681;FGBL SI 20250306 PS;SIMPLE_INSTRUMENT;EFS;EUR;210;132.12000000;209;EXCHANGE_LAST;;1;1;XEUR;11286679;688;
17.02.2025;17:07:31.643;FGBL SI 20250306 PS;SIMPLE_INSTRUMENT;EFS;EUR;211;132.14000000;417;EXCHANGE_LAST;;1;1;XEUR;11286679;688;
17.02.2025;17:09:16.068;FGBL SI 20250306 PS;SIMPLE_INSTRUMENT;EFS;EUR;212;132.14000000;803;EXCHANGE_LAST;;1;1;XEUR;11286679;688;
17.02.2025;17:21:28.276;FGBL SI 20250306 PS;SIMPLE_INSTRUMENT;EFS;EUR;213;132.22000000;250;EXCHANGE_LAST;;1;1;XEUR;11286679;688;
17.02.2025;07:56:51.003;FGBL SI 20250306 PS;SIMPLE_INSTRUMENT;VOLA;EUR;268435468;132.06000000;120;EXCHANGE_LAST;;1;1;XEUR;11286679;688;
17.02.2025;07:55:56.362;FGBL SI 20250306 PS;SIMPLE_INSTRUMENT;VOLA;EUR;268435469;132.20000000;75;EXCHANGE_LAST;;1;1;XEUR;11286679;688;
17.02.2025;07:57:09.004;FGBL SI 20250306 PS;SIMPLE_INSTRUMENT;VOLA;EUR;268435470;132.06000000;120;EXCHANGE_LAST;;1;1;XEUR;11286679;688;
17.02.2025;07:58:18.383;FGBL SI 20250306 PS;SIMPLE_INSTRUMENT;VOLA;EUR;268435471;132.19000000;35;EXCHANGE_LAST;;1;1;XEUR;11286679;688;
17.02.2025;08:04:42.070;FGBL SI 20250306 PS;SIMPLE_INSTRUMENT;VOLA;EUR;268435475;132.03000000;110;EXCHANGE_LAST;;1;1;XEUR;11286679;688;
17.02.2025;08:23:40.129;FGBL SI 20250306 PS;SIMPLE_INSTRUMENT;VOLA;EUR;268435484;132.11000000;14;EXCHANGE_LAST;;1;1;XEUR;11286679;688;
17.02.2025;08:53:29.097;FGBL SI 20250306 PS;SIMPLE_INSTRUMENT;VOLA;EUR;268435491;132.05000000;43;EXCHANGE_LAST;;1;1;XEUR;11286679;688;
17.02.2025;09:33:36.997;FGBL SI 20250606 PS;SIMPLE_INSTRUMENT;VOLA;EUR;268435502;131.18000000;72;EXCHANGE_LAST;;1;1;XEUR;11820389;688;
17.02.2025;09:34:05.000;FGBL SI 20250606 PS;SIMPLE_INSTRUMENT;VOLA;EUR;268435503;131.18000000;73;EXCHANGE_LAST;;1;1;XEUR;11820389;688;
17.02.2025;09:34:53.006;FGBL SI 20250606 PS;SIMPLE_INSTRUMENT;VOLA;EUR;268435505;131.17000000;37;EXCHANGE_LAST;;1;1;XEUR;11820389;688;
17.02.2025;09:35:30.013;FGBL SI 20250606 PS;SIMPLE_INSTRUMENT;VOLA;EUR;268435506;131.17000000;38;EXCHANGE_LAST;;1;1;XEUR;11820389;688;
17.02.2025;09:47:18.618;FGBL SI 20250606 PS;SIMPLE_INSTRUMENT;VOLA;EUR;268435515;131.18000000;40;EXCHANGE_LAST;;1;1;XEUR;11820389;688;
17.02.2025;09:53:21.678;FGBL SI 20250306 PS;SIMPLE_INSTRUMENT;VOLA;EUR;268435521;132.12000000;162;EXCHANGE_LAST;;1;1;XEUR;11286679;688;
17.02.2025;11:21:51.231;FGBL SI 20250306 PS;SIMPLE_INSTRUMENT;VOLA;EUR;268435549;132.14000000;75;EXCHANGE_LAST;;1;1;XEUR;11286679;688;
17.02.2025;11:22:17.613;FGBL SI 20250306 PS;SIMPLE_INSTRUMENT;VOLA;EUR;268435550;132.14000000;50;EXCHANGE_LAST;;1;1;XEUR;11286679;688;
17.02.2025;11:51:07.955;FGBL SI 20250306 PS;SIMPLE_INSTRUMENT;VOLA;EUR;268435558;132.05000000;60;EXCHANGE_LAST;;1;1;XEUR;11286679;688;
17.02.2025;12:14:47.382;FGBL SI 20250306 PS;SIMPLE_INSTRUMENT;VOLA;EUR;268435562;132.22000000;5;EXCHANGE_LAST;;1;1;XEUR;11286679;688;
17.02.2025;12:15:38.839;FGBL SI 20250306 PS;SIMPLE_INSTRUMENT;VOLA;EUR;268435564;132.22000000;20;EXCHANGE_LAST;;1;1;XEUR;11286679;688;
17.02.2025;12:24:02.275;FGBL SI 20250306 PS;SIMPLE_INSTRUMENT;VOLA;EUR;268435571;132.18000000;56;EXCHANGE_LAST;;1;1;XEUR;11286679;688;
17.02.2025;13:11:28.714;FGBL SI 20250306 PS;SIMPLE_INSTRUMENT;VOLA;EUR;268435582;132.10000000;105;EXCHANGE_LAST;;1;1;XEUR;11286679;688;
17.02.2025;13:12:07.679;FGBL SI 20250306 PS;SIMPLE_INSTRUMENT;VOLA;EUR;268435583;132.10000000;105;EXCHANGE_LAST;;1;1;XEUR;11286679;688;
17.02.2025;14:36:54.108;FGBL SI 20250306 PS;SIMPLE_INSTRUMENT;VOLA;EUR;268435594;132.19000000;78;EXCHANGE_LAST;;1;1;XEUR;11286679;688;
17.02.2025;08:02:58.835;FGBM SI 20250306 PS;SIMPLE_INSTRUMENT;EFS;EUR;1;117.19000000;662;EXCHANGE_LAST;;1;1;XEUR;11286680;689;
17.02.2025;08:04:32.526;FGBM SI 20250306 PS;SIMPLE_INSTRUMENT;EFS;EUR;2;117.20000000;1487;EXCHANGE_LAST;;1;1;XEUR;11286680;689;
17.02.2025;08:06:19.502;FGBM SI 20250306 PS;SIMPLE_INSTRUMENT;EFS;EUR;3;117.19000000;750;EXCHANGE_LAST;;1;1;XEUR;11286680;689;
17.02.2025;08:19:44.975;FGBM SI 20250306 PS;SIMPLE_INSTRUMENT;EFS;EUR;4;117.23000000;947;EXCHANGE_LAST;;1;1;XEUR;11286680;689;
17.02.2025;08:20:35.192;FGBM SI 20250306 PS;SIMPLE_INSTRUMENT;EFS;EUR;5;117.23000000;920;EXCHANGE_LAST;;1;1;XEUR;11286680;689;
17.02.2025;08:22:35.392;FGBM SI 20250306 PS;SIMPLE_INSTRUMENT;EFS;EUR;6;117.23000000;1182;EXCHANGE_LAST;;1;1;XEUR;11286680;689;
17.02.2025;08:23:53.972;FGBM SI 20250306 PS;SIMPLE_INSTRUMENT;EFS;EUR;7;117.24000000;1418;EXCHANGE_LAST;;1;1;XEUR;11286680;689;
17.02.2025;08:26:43.829;FGBM SI 20250306 PS;SIMPLE_INSTRUMENT;EFS;EUR;8;117.25000000;920;EXCHANGE_LAST;;1;1;XEUR;11286680;689;
17.02.2025;08:35:04.746;FGBM SI 20250306 PS;SIMPLE_INSTRUMENT;EFS;EUR;9;117.27000000;500;EXCHANGE_LAST;;1;1;XEUR;11286680;689;
17.02.2025;08:40:53.345;FGBM SI 20250306 PS;SIMPLE_INSTRUMENT;EFS;EUR;10;117.24000000;50;EXCHANGE_LAST;;1;1;XEUR;11286680;689;
17.02.2025;08:44:49.168;FGBM SI 20250306 PS;SIMPLE_INSTRUMENT;EFP_FIN;EUR;12;117.21000000;529;EXCHANGE_LAST;;1;1;XEUR;11286680;689;
17.02.2025;08:46:45.561;FGBM SI 20250306 PS;SIMPLE_INSTRUMENT;EFP_FIN;EUR;13;117.21000000;213;EXCHANGE_LAST;;1;1;XEUR;11286680;689;
17.02.2025;09:00:09.666;FGBM SI 20250306 PS;SIMPLE_INSTRUMENT;EFS;EUR;14;117.27000000;953;EXCHANGE_LAST;;1;1;XEUR;11286680;689;
17.02.2025;09:03:25.238;FGBM SI 20250306 PS;SIMPLE_INSTRUMENT;EFS;EUR;15;117.22000000;460;EXCHANGE_LAST;;1;1;XEUR;11286680;689;
17.02.2025;09:06:26.519;FGBM SI 20250306 PS;SIMPLE_INSTRUMENT;EFS;EUR;16;117.23000000;1486;EXCHANGE_LAST;;1;1;XEUR;11286680;689;
17.02.2025;09:15:31.605;FGBM SI 20250306 PS;SIMPLE_INSTRUMENT;EFS;EUR;17;117.22000000;473;EXCHANGE_LAST;;1;1;XEUR;11286680;689;
17.02.2025;09:21:38.792;FGBM SI 20250306 PS;SIMPLE_INSTRUMENT;EFS;EUR;18;117.21000000;991;EXCHANGE_LAST;;1;1;XEUR;11286680;689;
17.02.2025;09:22:44.034;FGBM SI 20250306 PS;SIMPLE_INSTRUMENT;EFS;EUR;19;117.20000000;745;EXCHANGE_LAST;;1;1;XEUR;11286680;689;
17.02.2025;09:23:04.050;FGBM SI 20250306 PS;SIMPLE_INSTRUMENT;EFS;EUR;20;117.20000000;745;EXCHANGE_LAST;;1;1;XEUR;11286680;689;
17.02.2025;09:24:53.067;FGBM SI 20250306 PS;SIMPLE_INSTRUMENT;EFS;EUR;21;117.19000000;921;EXCHANGE_LAST;;1;1;XEUR;11286680;689;
17.02.2025;09:27:35.333;FGBM SI 20250306 PS;SIMPLE_INSTRUMENT;EFS;EUR;22;117.19000000;745;EXCHANGE_LAST;;1;1;XEUR;11286680;689;
17.02.2025;09:34:12.668;FGBM SI 20250306 PS;SIMPLE_INSTRUMENT;EFS;EUR;23;117.20000000;417;EXCHANGE_LAST;;1;1;XEUR;11286680;689;
17.02.2025;09:50:33.306;FGBM SI 20250306 PS;SIMPLE_INSTRUMENT;EFS;EUR;24;117.23000000;3772;EXCHANGE_LAST;;1;1;XEUR;11286680;689;
17.02.2025;09:55:59.790;FGBM SI 20250306 PS;SIMPLE_INSTRUMENT;EFS;EUR;25;117.21000000;946;EXCHANGE_LAST;;1;1;XEUR;11286680;689;
17.02.2025;10:09:55.497;FGBM SI 20250306 PS;SIMPLE_INSTRUMENT;EFS;EUR;26;117.23000000;1813;EXCHANGE_LAST;;1;1;XEUR;11286680;689;
17.02.2025;10:18:15.423;FGBM SI 20250306 PS;SIMPLE_INSTRUMENT;EFS;EUR;27;117.19000000;1843;EXCHANGE_LAST;;1;1;XEUR;11286680;689;
17.02.2025;10:19:53.906;FGBM SI 20250306 PS;SIMPLE_INSTRUMENT;EFS;EUR;28;117.20000000;1110;EXCHANGE_LAST;;1;1;XEUR;11286680;689;
17.02.2025;10:20:20.543;FGBM SI 20250306 PS;SIMPLE_INSTRUMENT;EFS;EUR;29;117.20000000;921;EXCHANGE_LAST;;1;1;XEUR;11286680;689;
17.02.2025;10:22:51.469;FGBM SI 20250306 PS;SIMPLE_INSTRUMENT;EFS;EUR;30;117.19000000;921;EXCHANGE_LAST;;1;1;XEUR;11286680;689;
17.02.2025;10:28:20.898;FGBM SI 20250306 PS;SIMPLE_INSTRUMENT;EFS;EUR;31;117.20000000;691;EXCHANGE_LAST;;1;1;XEUR;11286680;689;
17.02.2025;10:47:39.800;FGBM SI 20250306 PS;SIMPLE_INSTRUMENT;EFS;EUR;32;117.20000000;496;EXCHANGE_LAST;;1;1;XEUR;11286680;689;
17.02.2025;10:47:51.407;FGBM SI 20250306 PS;SIMPLE_INSTRUMENT;EFS;EUR;33;117.20000000;496;EXCHANGE_LAST;;1;1;XEUR;11286680;689;
17.02.2025;10:51:42.839;FGBM SI 20250306 PS;SIMPLE_INSTRUMENT;EFS;EUR;34;117.25000000;461;EXCHANGE_LAST;;1;1;XEUR;11286680;689;
17.02.2025;10:54:38.182;FGBM SI 20250306 PS;SIMPLE_INSTRUMENT;EFS;EUR;35;117.23000000;1483;EXCHANGE_LAST;;1;1;XEUR;11286680;689;
17.02.2025;10:55:34.029;FGBM SI 20250306 PS;SIMPLE_INSTRUMENT;EFS;EUR;36;117.25000000;921;EXCHANGE_LAST;;1;1;XEUR;11286680;689;
17.02.2025;10:56:48.082;FGBM SI 20250306 PS;SIMPLE_INSTRUMENT;EFS;EUR;37;117.25000000;921;EXCHANGE_LAST;;1;1;XEUR;11286680;689;
17.02.2025;11:02:12.860;FGBM SI 20250306 PS;SIMPLE_INSTRUMENT;EFS;EUR;38;117.25000000;662;EXCHANGE_LAST;;1;1;XEUR;11286680;689;
17.02.2025;11:04:24.248;FGBM SI 20250306 PS;SIMPLE_INSTRUMENT;EFS;EUR;39;117.20000000;1932;EXCHANGE_LAST;;1;1;XEUR;11286680;689;
17.02.2025;11:06:09.463;FGBM SI 20250306 PS;SIMPLE_INSTRUMENT;EFS;EUR;40;117.23000000;921;EXCHANGE_LAST;;1;1;XEUR;11286680;689;
17.02.2025;11:19:40.101;FGBM SI 20250306 PS;SIMPLE_INSTRUMENT;EFS;EUR;41;117.21000000;921;EXCHANGE_LAST;;1;1;XEUR;11286680;689;
17.02.2025;11:46:46.482;FGBM SI 20250306 PS;SIMPLE_INSTRUMENT;EFS;EUR;42;117.19000000;261;EXCHANGE_LAST;;1;1;XEUR;11286680;689;
17.02.2025;11:47:57.028;FGBM SI 20250306 PS;SIMPLE_INSTRUMENT;EFP_FIN;EUR;43;117.20000000;383;EXCHANGE_LAST;;1;1;XEUR;11286680;689;
17.02.2025;11:49:46.523;FGBM SI 20250306 PS;SIMPLE_INSTRUMENT;EFS;EUR;44;117.20000000;921;EXCHANGE_LAST;;1;1;XEUR;11286680;689;
17.02.2025;11:49:52.922;FGBM SI 20250306 PS;SIMPLE_INSTRUMENT;EFP_FIN;EUR;45;117.20000000;296;EXCHANGE_LAST;;1;1;XEUR;11286680;689;
17.02.2025;11:55:32.939;FGBM SI 20250306 PS;SIMPLE_INSTRUMENT;EFP_FIN;EUR;46;117.23000000;275;EXCHANGE_LAST;;1;1;XEUR;11286680;689;
17.02.2025;12:05:41.014;FGBM SI 20250306 PS;SIMPLE_INSTRUMENT;EFS;EUR;47;117.24000000;460;EXCHANGE_LAST;;1;1;XEUR;11286680;689;
17.02.2025;12:24:12.223;FGBM SI 20250306 PS;SIMPLE_INSTRUMENT;EFS;EUR;48;117.26000000;460;EXCHANGE_LAST;;1;1;XEUR;11286680;689;
17.02.2025;12:38:25.620;FGBM SI 20250306 PS;SIMPLE_INSTRUMENT;EFS;EUR;49;117.27000000;990;EXCHANGE_LAST;;1;1;XEUR;11286680;689;
17.02.2025;12:53:18.820;FGBM SI 20250306 PS;SIMPLE_INSTRUMENT;EFS;EUR;50;117.24000000;460;EXCHANGE_LAST;;1;1;XEUR;11286680;689;
17.02.2025;12:54:46.186;FGBM SI 20250306 PS;SIMPLE_INSTRUMENT;EFS;EUR;51;117.25000000;460;EXCHANGE_LAST;;1;1;XEUR;11286680;689;
17.02.2025;12:56:42.386;FGBM SI 20250306 PS;SIMPLE_INSTRUMENT;EFS;EUR;52;117.24000000;460;EXCHANGE_LAST;;1;1;XEUR;11286680;689;
17.02.2025;12:58:15.214;FGBM SI 20250306 PS;SIMPLE_INSTRUMENT;EFS;EUR;53;117.25000000;460;EXCHANGE_LAST;;1;1;XEUR;11286680;689;
17.02.2025;13:14:07.079;FGBM SI 20250306 PS;SIMPLE_INSTRUMENT;EFS;EUR;54;117.26000000;460;EXCHANGE_LAST;;1;1;XEUR;11286680;689;
17.02.2025;13:15:27.141;FGBM SI 20250306 PS;SIMPLE_INSTRUMENT;EFS;EUR;55;117.27000000;460;EXCHANGE_LAST;;1;1;XEUR;11286680;689;
17.02.2025;13:26:28.391;FGBM SI 20250306 PS;SIMPLE_INSTRUMENT;EFP_FIN;EUR;56;117.26000000;166;EXCHANGE_LAST;;1;1;XEUR;11286680;689;
17.02.2025;13:38:09.434;FGBM SI 20250306 PS;SIMPLE_INSTRUMENT;EFS;EUR;57;117.26000000;921;EXCHANGE_LAST;;1;1;XEUR;11286680;689;
17.02.2025;13:38:09.478;FGBM SI 20250306 PS;SIMPLE_INSTRUMENT;EFS;EUR;58;117.26000000;461;EXCHANGE_LAST;;1;1;XEUR;11286680;689;
17.02.2025;13:39:54.502;FGBM SI 20250306 PS;SIMPLE_INSTRUMENT;EFS;EUR;59;117.27000000;921;EXCHANGE_LAST;;1;1;XEUR;11286680;689;
17.02.2025;13:39:59.507;FGBM SI 20250306 PS;SIMPLE_INSTRUMENT;EFS;EUR;60;117.27000000;1842;EXCHANGE_LAST;;1;1;XEUR;11286680;689;
17.02.2025;13:40:44.791;FGBM SI 20250306 PS;SIMPLE_INSTRUMENT;EFS;EUR;61;117.27000000;50;EXCHANGE_LAST;;1;1;XEUR;11286680;689;
17.02.2025;13:40:54.552;FGBM SI 20250306 PS;SIMPLE_INSTRUMENT;EFS;EUR;62;117.27000000;461;EXCHANGE_LAST;;1;1;XEUR;11286680;689;
17.02.2025;13:41:59.605;FGBM SI 20250306 PS;SIMPLE_INSTRUMENT;EFS;EUR;63;117.26000000;461;EXCHANGE_LAST;;1;1;XEUR;11286680;689;
17.02.2025;13:44:04.689;FGBM SI 20250306 PS;SIMPLE_INSTRUMENT;EFS;EUR;64;117.26000000;460;EXCHANGE_LAST;;1;1;XEUR;11286680;689;
17.02.2025;13:54:12.098;FGBM SI 20250306 PS;SIMPLE_INSTRUMENT;EFP_FIN;EUR;65;117.26000000;378;EXCHANGE_LAST;;1;1;XEUR;11286680;689;
17.02.2025;14:19:17.106;FGBM SI 20250306 PS;SIMPLE_INSTRUMENT;EFS;EUR;66;117.27000000;921;EXCHANGE_LAST;;1;1;XEUR;11286680;689;
17.02.2025;14:20:12.139;FGBM SI 20250306 PS;SIMPLE_INSTRUMENT;EFS;EUR;67;117.27000000;921;EXCHANGE_LAST;;1;1;XEUR;11286680;689;
17.02.2025;14:45:09.602;FGBM SI 20250306 PS;SIMPLE_INSTRUMENT;EFP_FIN;EUR;68;117.27000000;315;EXCHANGE_LAST;;1;1;XEUR;11286680;689;
17.02.2025;14:47:38.951;FGBM SI 20250306 PS;SIMPLE_INSTRUMENT;EFP_FIN;EUR;69;117.27000000;278;EXCHANGE_LAST;;1;1;XEUR;11286680;689;
17.02.2025;15:09:32.079;FGBM SI 20250306 PS;SIMPLE_INSTRUMENT;EFS;EUR;70;117.28000000;870;EXCHANGE_LAST;;1;1;XEUR;11286680;689;
17.02.2025;15:11:48.753;FGBM SI 20250306 PS;SIMPLE_INSTRUMENT;EFP_FIN;EUR;71;117.27000000;699;EXCHANGE_LAST;;1;1;XEUR;11286680;689;
17.02.2025;15:28:48.841;FGBM SI 20250306 PS;SIMPLE_INSTRUMENT;EFS;EUR;72;117.30000000;921;EXCHANGE_LAST;;1;1;XEUR;11286680;689;
17.02.2025;15:32:31.775;FGBM SI 20250306 PS;SIMPLE_INSTRUMENT;EFS;EUR;73;117.30000000;460;EXCHANGE_LAST;;1;1;XEUR;11286680;689;
17.02.2025;15:35:46.599;FGBM SI 20250306 PS;SIMPLE_INSTRUMENT;EFP_FIN;EUR;74;117.27000000;473;EXCHANGE_LAST;;1;1;XEUR;11286680;689;
17.02.2025;15:37:00.561;FGBM SI 20250306 PS;SIMPLE_INSTRUMENT;EFP_FIN;EUR;75;117.30000000;198;EXCHANGE_LAST;;1;1;XEUR;11286680;689;
17.02.2025;15:38:20.287;FGBM SI 20250306 PS;SIMPLE_INSTRUMENT;EFS;EUR;76;117.29000000;920;EXCHANGE_LAST;;1;1;XEUR;11286680;689;
17.02.2025;15:44:08.335;FGBM SI 20250306 PS;SIMPLE_INSTRUMENT;EFS;EUR;77;117.29000000;920;EXCHANGE_LAST;;1;1;XEUR;11286680;689;
17.02.2025;15:57:32.242;FGBM SI 20250306 PS;SIMPLE_INSTRUMENT;EFS;EUR;78;117.28000000;756;EXCHANGE_LAST;;1;1;XEUR;11286680;689;
17.02.2025;16:20:10.791;FGBM SI 20250306 PS;SIMPLE_INSTRUMENT;EFS;EUR;79;117.30000000;5000;EXCHANGE_LAST;;1;1;XEUR;11286680;689;
17.02.2025;16:24:48.314;FGBM SI 20250306 PS;SIMPLE_INSTRUMENT;EFS;EUR;80;117.29000000;870;EXCHANGE_LAST;;1;1;XEUR;11286680;689;
17.02.2025;09:37:21.029;FGBM SI 20250606 PS;SIMPLE_INSTRUMENT;VOLA;EUR;268435509;118.20000000;210;EXCHANGE_LAST;;1;1;XEUR;11820390;689;
17.02.2025;09:38:07.034;FGBM SI 20250306 PS;SIMPLE_INSTRUMENT;VOLA;EUR;268435510;117.22000000;70;EXCHANGE_LAST;;1;1;XEUR;11286680;689;
17.02.2025;10:34:04.320;FGBM SI 20250306 PS;SIMPLE_INSTRUMENT;VOLA;EUR;268435535;117.19000000;315;EXCHANGE_LAST;;1;1;XEUR;11286680;689;
17.02.2025;08:18:18.970;FGBS SI 20250306 PS;SIMPLE_INSTRUMENT;EFS;EUR;1;106.74000000;1311;EXCHANGE_LAST;;1;1;XEUR;11286681;690;
17.02.2025;08:30:29.292;FGBS SI 20250306 PS;SIMPLE_INSTRUMENT;EFS;EUR;2;106.74000000;1500;EXCHANGE_LAST;;1;1;XEUR;11286681;690;
17.02.2025;08:49:45.470;FGBS SI 20250306 PS;SIMPLE_INSTRUMENT;EFS;EUR;3;106.72000000;4114;EXCHANGE_LAST;;1;1;XEUR;11286681;690;
17.02.2025;08:53:04.038;FGBS SI 20250306 PS;SIMPLE_INSTRUMENT;EFS;EUR;5;106.72000000;550;EXCHANGE_LAST;;1;1;XEUR;11286681;690;
17.02.2025;08:56:40.783;FGBS SI 20250306 PS;SIMPLE_INSTRUMENT;EFP_FIN;EUR;6;106.72000000;934;EXCHANGE_LAST;;1;1;XEUR;11286681;690;
17.02.2025;08:58:00.842;FGBS SI 20250306 PS;SIMPLE_INSTRUMENT;EFS;EUR;7;106.73000000;1309;EXCHANGE_LAST;;1;1;XEUR;11286681;690;
17.02.2025;09:03:20.618;FGBS SI 20250306 PS;SIMPLE_INSTRUMENT;EFS;EUR;8;106.72000000;5236;EXCHANGE_LAST;;1;1;XEUR;11286681;690;
17.02.2025;09:07:30.141;FGBS SI 20250306 PS;SIMPLE_INSTRUMENT;EFS;EUR;9;106.73000000;5236;EXCHANGE_LAST;;1;1;XEUR;11286681;690;
17.02.2025;09:11:06.643;FGBS SI 20250306 PS;SIMPLE_INSTRUMENT;EFP_FIN;EUR;10;106.73000000;672;EXCHANGE_LAST;;1;1;XEUR;11286681;690;
17.02.2025;09:14:11.542;FGBS SI 20250306 PS;SIMPLE_INSTRUMENT;EFP_FIN;EUR;11;106.73000000;1280;EXCHANGE_LAST;;1;1;XEUR;11286681;690;
17.02.2025;09:14:22.369;FGBS SI 20250306 PS;SIMPLE_INSTRUMENT;EFS;EUR;12;106.72500000;5236;EXCHANGE_LAST;;1;1;XEUR;11286681;690;
17.02.2025;09:24:54.920;FGBS SI 20250306 PS;SIMPLE_INSTRUMENT;EFS;EUR;13;106.73000000;2742;EXCHANGE_LAST;;1;1;XEUR;11286681;690;
17.02.2025;09:37:12.785;FGBS SI 20250306 PS;SIMPLE_INSTRUMENT;EFS;EUR;14;106.72500000;1309;EXCHANGE_LAST;;1;1;XEUR;11286681;690;
17.02.2025;10:08:20.614;FGBS SI 20250306 PS;SIMPLE_INSTRUMENT;EFP_FIN;EUR;15;106.73000000;333;EXCHANGE_LAST;;1;1;XEUR;11286681;690;
17.02.2025;10:19:49.757;FGBS SI 20250306 PS;SIMPLE_INSTRUMENT;EFP_FIN;EUR;16;106.73000000;4419;EXCHANGE_LAST;;1;1;XEUR;11286681;690;
17.02.2025;10:42:04.310;FGBS SI 20250306 PS;SIMPLE_INSTRUMENT;EFP_FIN;EUR;17;106.72000000;3411;EXCHANGE_LAST;;1;1;XEUR;11286681;690;
17.02.2025;10:44:29.466;FGBS SI 20250306 PS;SIMPLE_INSTRUMENT;EFS;EUR;18;106.71500000;2625;EXCHANGE_LAST;;1;1;XEUR;11286681;690;
17.02.2025;10:59:10.151;FGBS SI 20250306 PS;SIMPLE_INSTRUMENT;EFP_FIN;EUR;19;106.73000000;666;EXCHANGE_LAST;;1;1;XEUR;11286681;690;
17.02.2025;11:03:27.073;FGBS SI 20250306 PS;SIMPLE_INSTRUMENT;EFP_FIN;EUR;20;106.72000000;549;EXCHANGE_LAST;;1;1;XEUR;11286681;690;
17.02.2025;11:05:08.668;FGBS SI 20250306 PS;SIMPLE_INSTRUMENT;EFP_FIN;EUR;21;106.73000000;2542;EXCHANGE_LAST;;1;1;XEUR;11286681;690;
17.02.2025;11:12:39.197;FGBS SI 20250306 PS;SIMPLE_INSTRUMENT;EFP_FIN;EUR;22;106.73000000;205;EXCHANGE_LAST;;1;1;XEUR;11286681;690;
17.02.2025;11:15:30.712;FGBS SI 20250306 PS;SIMPLE_INSTRUMENT;EFS;EUR;23;106.73000000;2749;EXCHANGE_LAST;;1;1;XEUR;11286681;690;
17.02.2025;11:38:46.948;FGBS SI 20250306 PS;SIMPLE_INSTRUMENT;EFP_FIN;EUR;24;106.72500000;158;EXCHANGE_LAST;;1;1;XEUR;11286681;690;
17.02.2025;11:55:03.323;FGBS SI 20250306 PS;SIMPLE_INSTRUMENT;EFS;EUR;25;106.72500000;7852;EXCHANGE_LAST;;1;1;XEUR;11286681;690;
17.02.2025;12:24:22.789;FGBS SI 20250306 PS;SIMPLE_INSTRUMENT;EFP_FIN;EUR;26;106.74000000;193;EXCHANGE_LAST;;1;1;XEUR;11286681;690;
17.02.2025;12:42:36.398;FGBS SI 20250306 PS;SIMPLE_INSTRUMENT;EFP_FIN;EUR;27;106.74000000;547;EXCHANGE_LAST;;1;1;XEUR;11286681;690;
17.02.2025;12:42:55.533;FGBS SI 20250306 PS;SIMPLE_INSTRUMENT;EFP_FIN;EUR;28;106.74000000;97;EXCHANGE_LAST;;1;1;XEUR;11286681;690;
17.02.2025;13:13:36.885;FGBS SI 20250306 PS;SIMPLE_INSTRUMENT;EFS;EUR;29;106.74000000;5484;EXCHANGE_LAST;;1;1;XEUR;11286681;690;
17.02.2025;13:17:49.716;FGBS SI 20250306 PS;SIMPLE_INSTRUMENT;EFP_FIN;EUR;30;106.74000000;161;EXCHANGE_LAST;;1;1;XEUR;11286681;690;
17.02.2025;13:19:14.273;FGBS SI 20250306 PS;SIMPLE_INSTRUMENT;EFP_FIN;EUR;31;106.73500000;1011;EXCHANGE_LAST;;1;1;XEUR;11286681;690;
17.02.2025;14:11:14.887;FGBS SI 20250306 PS;SIMPLE_INSTRUMENT;EFS;EUR;32;106.74000000;3126;EXCHANGE_LAST;;1;1;XEUR;11286681;690;
17.02.2025;14:40:22.816;FGBS SI 20250306 PS;SIMPLE_INSTRUMENT;EFP_FIN;EUR;33;106.73000000;532;EXCHANGE_LAST;;1;1;XEUR;11286681;690;
17.02.2025;15:00:15.153;FGBS SI 20250306 PS;SIMPLE_INSTRUMENT;EFS;EUR;34;106.74500000;5235;EXCHANGE_LAST;;1;1;XEUR;11286681;690;
17.02.2025;15:46:34.309;FGBS SI 20250306 PS;SIMPLE_INSTRUMENT;EFP_FIN;EUR;35;106.75000000;467;EXCHANGE_LAST;;1;1;XEUR;11286681;690;
17.02.2025;15:54:35.823;FGBS SI 20250306 PS;SIMPLE_INSTRUMENT;EFS;EUR;36;106.74500000;5234;EXCHANGE_LAST;;1;1;XEUR;11286681;690;
17.02.2025;16:19:08.334;FGBS SI 20250306 PS;SIMPLE_INSTRUMENT;EFP_FIN;EUR;37;106.74000000;415;EXCHANGE_LAST;;1;1;XEUR;11286681;690;
17.02.2025;07:35:22.349;FGBX SI 20250306 PS;SIMPLE_INSTRUMENT;EFS;EUR;1;128.42000000;191;EXCHANGE_LAST;;1;1;XEUR;11286682;691;
17.02.2025;07:57:03.662;FGBX SI 20250306 PS;SIMPLE_INSTRUMENT;EFS;EUR;2;127.90000000;181;EXCHANGE_LAST;;1;1;XEUR;11286682;691;
17.02.2025;08:01:57.789;FGBX SI 20250306 PS;SIMPLE_INSTRUMENT;EFS;EUR;3;128.32000000;72;EXCHANGE_LAST;;1;1;XEUR;11286682;691;
17.02.2025;08:07:17.117;FGBX SI 20250306 PS;SIMPLE_INSTRUMENT;EFS;EUR;4;128.02000000;36;EXCHANGE_LAST;;1;1;XEUR;11286682;691;
17.02.2025;08:16:47.941;FGBX SI 20250306 PS;SIMPLE_INSTRUMENT;EFS;EUR;5;127.92000000;73;EXCHANGE_LAST;;1;1;XEUR;11286682;691;
17.02.2025;08:21:25.108;FGBX SI 20250306 PS;SIMPLE_INSTRUMENT;EFS;EUR;6;128.16000000;191;EXCHANGE_LAST;;1;1;XEUR;11286682;691;
17.02.2025;08:23:48.768;FGBX SI 20250306 PS;SIMPLE_INSTRUMENT;EFS;EUR;7;128.02000000;50;EXCHANGE_LAST;;1;1;XEUR;11286682;691;
17.02.2025;08:27:55.430;FGBX SI 20250306 PS;SIMPLE_INSTRUMENT;EFS;EUR;8;128.16000000;100;EXCHANGE_LAST;;1;1;XEUR;11286682;691;
17.02.2025;08:29:27.926;FGBX SI 20250306 PS;SIMPLE_INSTRUMENT;EFS;EUR;9;128.10000000;383;EXCHANGE_LAST;;1;1;XEUR;11286682;691;
17.02.2025;08:37:36.180;FGBX SI 20250306 PS;SIMPLE_INSTRUMENT;EFS;EUR;10;127.90000000;43;EXCHANGE_LAST;;1;1;XEUR;11286682;691;
17.02.2025;09:18:20.604;FGBX SI 20250306 PS;SIMPLE_INSTRUMENT;BLOCK;EUR;12;128.06000000;766;EXCHANGE_LAST;;1;1;XEUR;11286682;691;
17.02.2025;09:23:28.731;FGBX SI 20250306 PS;SIMPLE_INSTRUMENT;EFS;EUR;13;128.04000000;183;EXCHANGE_LAST;;1;1;XEUR;11286682;691;
17.02.2025;09:44:33.281;FGBX SI 20250306 PS;SIMPLE_INSTRUMENT;EFS;EUR;14;127.68000000;90;EXCHANGE_LAST;;1;1;XEUR;11286682;691;
17.02.2025;09:55:59.790;FGBX SI 20250306 PS;SIMPLE_INSTRUMENT;EFS;EUR;15;127.72000000;184;EXCHANGE_LAST;;1;1;XEUR;11286682;691;
17.02.2025;10:08:24.156;FGBX SI 20250306 PS;SIMPLE_INSTRUMENT;BLOCK;EUR;16;127.88000000;351;EXCHANGE_LAST;;1;1;XEUR;11286682;691;
17.02.2025;10:10:31.265;FGBX SI 20250306 PS;SIMPLE_INSTRUMENT;EFS;EUR;17;127.86000000;384;EXCHANGE_LAST;;1;1;XEUR;11286682;691;
17.02.2025;10:38:19.132;FGBX SI 20250306 PS;SIMPLE_INSTRUMENT;EFS;EUR;18;127.68000000;384;EXCHANGE_LAST;;1;1;XEUR;11286682;691;
17.02.2025;10:39:57.849;FGBX SI 20250306 PS;SIMPLE_INSTRUMENT;EFS;EUR;19;127.72000000;130;EXCHANGE_LAST;;1;1;XEUR;11286682;691;
17.02.2025;10:41:01.141;FGBX SI 20250306 PS;SIMPLE_INSTRUMENT;BLOCK;EUR;20;127.66000000;161;EXCHANGE_LAST;;1;1;XEUR;11286682;691;
17.02.2025;10:41:23.143;FGBX SI 20250306 PS;SIMPLE_INSTRUMENT;BLOCK;EUR;21;127.80000000;161;EXCHANGE_LAST;;1;1;XEUR;11286682;691;
17.02.2025;10:42:49.147;FGBX SI 20250306 PS;SIMPLE_INSTRUMENT;BLOCK;EUR;22;127.64000000;172;EXCHANGE_LAST;;1;1;XEUR;11286682;691;
17.02.2025;10:43:15.150;FGBX SI 20250306 PS;SIMPLE_INSTRUMENT;BLOCK;EUR;24;127.80000000;172;EXCHANGE_LAST;;1;1;XEUR;11286682;691;
17.02.2025;11:03:57.354;FGBX SI 20250306 PS;SIMPLE_INSTRUMENT;EFP_FIN;EUR;25;127.98000000;223;EXCHANGE_LAST;;1;1;XEUR;11286682;691;
17.02.2025;11:29:33.861;FGBX SI 20250306 PS;SIMPLE_INSTRUMENT;EFS;EUR;28;127.82000000;384;EXCHANGE_LAST;;1;1;XEUR;11286682;691;
17.02.2025;11:35:57.298;FGBX SI 20250306 PS;SIMPLE_INSTRUMENT;BLOCK;EUR;29;127.92000000;192;EXCHANGE_LAST;;1;1;XEUR;11286682;691;
17.02.2025;12:07:32.752;FGBX SI 20250306 PS;SIMPLE_INSTRUMENT;EFS;EUR;30;128.06000000;37;EXCHANGE_LAST;;1;1;XEUR;11286682;691;
17.02.2025;12:27:43.248;FGBX SI 20250306 PS;SIMPLE_INSTRUMENT;EFS;EUR;31;128.16000000;382;EXCHANGE_LAST;;1;1;XEUR;11286682;691;
17.02.2025;12:31:31.616;FGBX SI 20250306 PS;SIMPLE_INSTRUMENT;EFP_FIN;EUR;32;128.20000000;382;EXCHANGE_LAST;;1;1;XEUR;11286682;691;
17.02.2025;12:36:34.766;FGBX SI 20250306 PS;SIMPLE_INSTRUMENT;BLOCK;EUR;33;128.16000000;400;EXCHANGE_LAST;;1;1;XEUR;11286682;691;
17.02.2025;12:56:31.313;FGBX SI 20250306 PS;SIMPLE_INSTRUMENT;EFS;EUR;34;127.96000000;220;EXCHANGE_LAST;;1;1;XEUR;11286682;691;
17.02.2025;13:23:03.102;FGBX SI 20250306 PS;SIMPLE_INSTRUMENT;EFS;EUR;35;127.98000000;274;EXCHANGE_LAST;;1;1;XEUR;11286682;691;
17.02.2025;13:24:47.834;FGBX SI 20250306 PS;SIMPLE_INSTRUMENT;EFP_FIN;EUR;36;128.02000000;160;EXCHANGE_LAST;;1;1;XEUR;11286682;691;
17.02.2025;13:25:12.438;FGBX SI 20250306 PS;SIMPLE_INSTRUMENT;EFS;EUR;37;127.98000000;96;EXCHANGE_LAST;;1;1;XEUR;11286682;691;
17.02.2025;13:48:52.932;FGBX SI 20250306 PS;SIMPLE_INSTRUMENT;EFP_FIN;EUR;38;128.04000000;190;EXCHANGE_LAST;;1;1;XEUR;11286682;691;
17.02.2025;14:01:41.625;FGBX SI 20250306 PS;SIMPLE_INSTRUMENT;EFS;EUR;39;128.02000000;192;EXCHANGE_LAST;;1;1;XEUR;11286682;691;
17.02.2025;14:37:53.818;FGBX SI 20250306 PS;SIMPLE_INSTRUMENT;EFS;EUR;41;128.12000000;92;EXCHANGE_LAST;;1;1;XEUR;11286682;691;
17.02.2025;16:02:56.269;FGBX SI 20250306 PS;SIMPLE_INSTRUMENT;EFS;EUR;42;128.30000000;95;EXCHANGE_LAST;;1;1;XEUR;11286682;691;
17.02.2025;16:08:51.221;FGBX SI 20250306 PS;SIMPLE_INSTRUMENT;EFS;EUR;43;128.20000000;47;EXCHANGE_LAST;;1;1;XEUR;11286682;691;
17.02.2025;16:22:15.847;FGBX SI 20250306 PS;SIMPLE_INSTRUMENT;EFS;EUR;44;128.24000000;700;EXCHANGE_LAST;;1;1;XEUR;11286682;691;
17.02.2025;16:36:20.215;FGBX SI 20250306 PS;SIMPLE_INSTRUMENT;EFS;EUR;46;128.20000000;84;EXCHANGE_LAST;;1;1;XEUR;11286682;691;
17.02.2025;16:44:56.994;FGBX SI 20250306 PS;SIMPLE_INSTRUMENT;BLOCK;EUR;47;128.12000000;464;EXCHANGE_LAST;;1;1;XEUR;11286682;691;
17.02.2025;01:11:59.209;FMAU SI 20250321 CS;SIMPLE_INSTRUMENT;BLOCK;USD;4;5971.90500000;468;EXCHANGE_LAST;;1;1;XEUR;7590511;45287;
17.02.2025;00:46:38.542;FMCH SI 20250321 CS;SIMPLE_INSTRUMENT;BLOCK;USD;2;578.76100000;116;EXCHANGE_LAST;;1;1;XEUR;7592069;402909;
17.02.2025;02:47:34.710;FMEA SI 20250321 CS;SIMPLE_INSTRUMENT;BLOCK;USD;7;711.28400000;204;EXCHANGE_LAST;;1;1;XEUR;7589834;12395;
17.02.2025;09:07:37.123;FMEE SI 20250321 CS;SIMPLE_INSTRUMENT;EFP_IDX;USD;28;336.50900000;25;EXCHANGE_LAST;;1;1;XEUR;7589846;12396;
17.02.2025;07:39:26.458;FMEN SI 20250321 CS;SIMPLE_INSTRUMENT;EFP_IDX;EUR;11;538.79400000;37;EXCHANGE_LAST;;1;1;XEUR;7590212;30652;
17.02.2025;08:06:27.257;FMEN SI 20250321 CS;SIMPLE_INSTRUMENT;EFP_IDX;EUR;19;538.57900000;12;EXCHANGE_LAST;;1;1;XEUR;7590212;30652;
17.02.2025;09:03:42.142;FMEN SI 20250321 CS;SIMPLE_INSTRUMENT;BLOCK;EUR;27;538.90000000;90;EXCHANGE_LAST;;1;1;XEUR;7590212;30652;
17.02.2025;08:10:17.643;FMEU SI 20250321 CS;SIMPLE_INSTRUMENT;BLOCK;EUR;20;367.91000000;1000;EXCHANGE_LAST;;1;1;XEUR;7589708;7058;
17.02.2025;08:55:56.205;FMEU SI 20250321 CS;SIMPLE_INSTRUMENT;BLOCK;EUR;26;367.91000000;1050;EXCHANGE_LAST;;1;1;XEUR;7589708;7058;
17.02.2025;08:12:31.139;FMGC SI 20250321 CS;SIMPLE_INSTRUMENT;BLOCK;USD;22;13257.78000000;150;EXCHANGE_LAST;;1;1;XEUR;7590767;48916;
17.02.2025;01:16:29.363;FMHK SI 20250321 CS;SIMPLE_INSTRUMENT;BLOCK;USD;5;57519.27700000;13;EXCHANGE_LAST;;1;1;XEUR;7590500;45282;
17.02.2025;08:47:39.046;FMID SI 20250321 CS;SIMPLE_INSTRUMENT;BLOCK;USD;5;1477.89100000;73;EXCHANGE_LAST;;1;1;XEUR;7590528;45289;
17.02.2025;00:46:05.022;FMIN SI 20250321 CS;SIMPLE_INSTRUMENT;BLOCK;USD;3;1163.84500000;60;EXCHANGE_LAST;;1;1;XEUR;7589865;12404;
17.02.2025;02:12:59.373;FMIN SI 20250321 CS;SIMPLE_INSTRUMENT;BLOCK;USD;6;1163.84500000;575;EXCHANGE_LAST;;1;1;XEUR;7589865;12404;
17.02.2025;08:13:18.309;FMIN SI 20250321 CS;SIMPLE_INSTRUMENT;BLOCK;USD;15;1163.61600000;258;EXCHANGE_LAST;;1;1;XEUR;7589865;12404;
17.02.2025;08:49:09.283;FMIN SI 20250321 CS;SIMPLE_INSTRUMENT;BLOCK;USD;23;1163.84500000;86;EXCHANGE_LAST;;1;1;XEUR;7589865;12404;
17.02.2025;08:54:20.861;FMIN SI 20250321 CS;SIMPLE_INSTRUMENT;BLOCK;USD;24;1163.49700000;175;EXCHANGE_LAST;;1;1;XEUR;7589865;12404;
17.02.2025;07:34:33.831;FMMU SI 20250321 CS;SIMPLE_INSTRUMENT;EFP_IDX;EUR;10;329.76000000;15;EXCHANGE_LAST;;1;1;XEUR;7590724;48138;
17.02.2025;16:58:33.360;FMNB SI 20251218 PS AM C 34.00 0;SIMPLE_INSTRUMENT;BLOCK;EUR;24;5.07000000;250;EXCHANGE_LAST;;1;1;XEUR;12421583;658;
17.02.2025;12:19:14.517;FMSA SI 20250321 CS;SIMPLE_INSTRUMENT;BLOCK;USD;31;1818.21000000;107;EXCHANGE_LAST;;1;1;XEUR;7591259;134861;
17.02.2025;00:28:32.575;FMTH SI 20250321 CS;SIMPLE_INSTRUMENT;BLOCK;USD;1;1102.08500000;550;EXCHANGE_LAST;;2;1;XEUR;7589913;12681;
17.02.2025;01:12:52.142;FMTW SI 20250321 CS;SIMPLE_INSTRUMENT;BLOCK;USD;1;827.43400000;60;EXCHANGE_LAST;;1;1;XEUR;7590882;51884;
17.02.2025;01:17:35.483;FMTW SI 20250321 CS;SIMPLE_INSTRUMENT;BLOCK;USD;2;827.35200000;36;EXCHANGE_LAST;;1;1;XEUR;7590882;51884;
17.02.2025;01:23:56.149;FMTW SI 20250321 CS;SIMPLE_INSTRUMENT;BLOCK;USD;3;827.43400000;277;EXCHANGE_LAST;;1;2;XEUR;7590882;51884;
17.02.2025;02:10:41.106;FMTW SI 20250321 CS;SIMPLE_INSTRUMENT;BLOCK;USD;4;827.51500000;362;EXCHANGE_LAST;;1;1;XEUR;7590882;51884;
17.02.2025;07:48:52.384;FMWN SI 20250321 CS;SIMPLE_INSTRUMENT;EFP_IDX;EUR;13;603.35000000;59;EXCHANGE_LAST;;1;1;XEUR;7590222;30654;
17.02.2025;07:32:16.672;FMWO SI 20250321 CS;SIMPLE_INSTRUMENT;EFP_IDX;USD;8;12402.63000000;1400;EXCHANGE_LAST;;1;1;XEUR;7589707;7059;
17.02.2025;07:33:24.478;FMWO SI 20250321 CS;SIMPLE_INSTRUMENT;EFP_IDX;USD;9;12400.53000000;12;EXCHANGE_LAST;;1;1;XEUR;7589707;7059;
17.02.2025;07:53:34.695;FMWO SI 20250321 CS;SIMPLE_INSTRUMENT;EFP_IDX;USD;14;12399.54000000;97;EXCHANGE_LAST;;1;1;XEUR;7589707;7059;
17.02.2025;08:04:34.080;FMWO SI 20250321 CS;SIMPLE_INSTRUMENT;EFP_IDX;USD;16;12401.78000000;85;EXCHANGE_LAST;;1;1;XEUR;7589707;7059;
17.02.2025;08:05:10.208;FMWO SI 20250321 CS;SIMPLE_INSTRUMENT;EFP_IDX;USD;17;12399.82000000;179;EXCHANGE_LAST;;1;1;XEUR;7589707;7059;
17.02.2025;08:05:41.705;FMWO SI 20250321 CS;SIMPLE_INSTRUMENT;EFP_IDX;USD;18;12400.08000000;133;EXCHANGE_LAST;;1;1;XEUR;7589707;7059;
17.02.2025;08:11:54.258;FMWO SI 20250321 CS;SIMPLE_INSTRUMENT;BLOCK;USD;21;12400.08000000;145;EXCHANGE_LAST;;1;1;XEUR;7589707;7059;
17.02.2025;08:54:44.736;FMWO SI 20250321 CS;SIMPLE_INSTRUMENT;EFP_IDX;USD;25;12400.08000000;62;EXCHANGE_LAST;;1;1;XEUR;7589707;7059;
17.02.2025;11:09:02.748;FMWO SI 20250321 CS;SIMPLE_INSTRUMENT;BLOCK;USD;30;12429.00000000;274;EXCHANGE_LAST;;1;1;XEUR;7589707;7059;
17.02.2025;07:47:44.037;FOAT SI 20250306 PS;SIMPLE_INSTRUMENT;EFS;EUR;1;123.60000000;777;EXCHANGE_LAST;;1;1;XEUR;11286683;749;
17.02.2025;08:02:02.706;FOAT SI 20250306 PS;SIMPLE_INSTRUMENT;EFS;EUR;2;123.54000000;542;EXCHANGE_LAST;;1;1;XEUR;11286683;749;
17.02.2025;08:59:58.441;FOAT SI 20250306 PS;SIMPLE_INSTRUMENT;EFS;EUR;3;123.51000000;200;EXCHANGE_LAST;;1;1;XEUR;11286683;749;
17.02.2025;09:42:03.407;FOAT SI 20250306 PS;SIMPLE_INSTRUMENT;BLOCK;EUR;4;123.55000000;260;EXCHANGE_LAST;;1;1;XEUR;11286683;749;
17.02.2025;09:44:11.136;FOAT SI 20250306 PS;SIMPLE_INSTRUMENT;EFP_FIN;EUR;5;123.50000000;384;EXCHANGE_LAST;;1;1;XEUR;11286683;749;
17.02.2025;09:44:18.316;FOAT SI 20250306 PS;SIMPLE_INSTRUMENT;EFP_FIN;EUR;6;123.55000000;625;EXCHANGE_LAST;;1;1;XEUR;11286683;749;
17.02.2025;09:45:12.239;FOAT SI 20250306 PS;SIMPLE_INSTRUMENT;EFP_FIN;EUR;7;123.57000000;389;EXCHANGE_LAST;;1;1;XEUR;11286683;749;
17.02.2025;09:56:17.661;FOAT SI 20250306 PS;SIMPLE_INSTRUMENT;EFS;EUR;8;123.49000000;103;EXCHANGE_LAST;;1;1;XEUR;11286683;749;
17.02.2025;10:20:17.731;FOAT SI 20250306 PS;SIMPLE_INSTRUMENT;EFP_FIN;EUR;9;123.57000000;233;EXCHANGE_LAST;;1;1;XEUR;11286683;749;
17.02.2025;11:18:53.156;FOAT SI 20250306 PS;SIMPLE_INSTRUMENT;EFP_FIN;EUR;10;123.62000000;205;EXCHANGE_LAST;;1;1;XEUR;11286683;749;
17.02.2025;11:23:15.620;FOAT SI 20250306 PS;SIMPLE_INSTRUMENT;EFP_FIN;EUR;11;123.55000000;88;EXCHANGE_LAST;;1;1;XEUR;11286683;749;
17.02.2025;11:25:58.632;FOAT SI 20250306 PS;SIMPLE_INSTRUMENT;EFP_FIN;EUR;12;123.55000000;70;EXCHANGE_LAST;;1;1;XEUR;11286683;749;
17.02.2025;11:28:53.748;FOAT SI 20250306 PS;SIMPLE_INSTRUMENT;EFP_FIN;EUR;13;123.60000000;250;EXCHANGE_LAST;;1;1;XEUR;11286683;749;
17.02.2025;11:28:30.574;FOAT SI 20250306 PS;SIMPLE_INSTRUMENT;EFP_FIN;EUR;14;123.55000000;97;EXCHANGE_LAST;;1;1;XEUR;11286683;749;
17.02.2025;11:30:38.909;FOAT SI 20250306 PS;SIMPLE_INSTRUMENT;EFP_FIN;EUR;15;123.60000000;417;EXCHANGE_LAST;;1;1;XEUR;11286683;749;
17.02.2025;11:31:49.774;FOAT SI 20250306 PS;SIMPLE_INSTRUMENT;EFP_FIN;EUR;16;123.55000000;176;EXCHANGE_LAST;;1;1;XEUR;11286683;749;
17.02.2025;11:44:41.899;FOAT SI 20250306 PS;SIMPLE_INSTRUMENT;EFP_FIN;EUR;17;123.52000000;506;EXCHANGE_LAST;;1;1;XEUR;11286683;749;
17.02.2025;12:34:58.558;FOAT SI 20250306 PS;SIMPLE_INSTRUMENT;EFP_FIN;EUR;18;123.52000000;521;EXCHANGE_LAST;;1;1;XEUR;11286683;749;
17.02.2025;13:02:21.331;FOAT SI 20250306 PS;SIMPLE_INSTRUMENT;EFP_FIN;EUR;19;123.64000000;652;EXCHANGE_LAST;;1;1;XEUR;11286683;749;
17.02.2025;13:06:57.375;FOAT SI 20250306 PS;SIMPLE_INSTRUMENT;BLOCK;EUR;20;123.63000000;591;EXCHANGE_LAST;;1;1;XEUR;11286683;749;
17.02.2025;13:18:33.600;FOAT SI 20250306 PS;SIMPLE_INSTRUMENT;EFP_FIN;EUR;21;123.63000000;176;EXCHANGE_LAST;;1;1;XEUR;11286683;749;
17.02.2025;13:22:34.242;FOAT SI 20250306 PS;SIMPLE_INSTRUMENT;EFP_FIN;EUR;22;123.63000000;99;EXCHANGE_LAST;;1;1;XEUR;11286683;749;
17.02.2025;13:43:25.124;FOAT SI 20250306 PS;SIMPLE_INSTRUMENT;EFP_FIN;EUR;23;123.63000000;190;EXCHANGE_LAST;;1;1;XEUR;11286683;749;
17.02.2025;13:45:42.174;FOAT SI 20250306 PS;SIMPLE_INSTRUMENT;EFP_FIN;EUR;24;123.66000000;834;EXCHANGE_LAST;;1;1;XEUR;11286683;749;
17.02.2025;13:50:33.401;FOAT SI 20250306 PS;SIMPLE_INSTRUMENT;EFP_FIN;EUR;25;123.68000000;887;EXCHANGE_LAST;;1;1;XEUR;11286683;749;
17.02.2025;13:52:53.186;FOAT SI 20250306 PS;SIMPLE_INSTRUMENT;EFP_FIN;EUR;26;123.66000000;222;EXCHANGE_LAST;;1;1;XEUR;11286683;749;
17.02.2025;13:54:31.901;FOAT SI 20250306 PS;SIMPLE_INSTRUMENT;EFP_FIN;EUR;27;123.68000000;834;EXCHANGE_LAST;;1;1;XEUR;11286683;749;
17.02.2025;13:55:04.572;FOAT SI 20250306 PS;SIMPLE_INSTRUMENT;EFP_FIN;EUR;28;123.68000000;417;EXCHANGE_LAST;;1;1;XEUR;11286683;749;
17.02.2025;14:00:31.200;FOAT SI 20250306 PS;SIMPLE_INSTRUMENT;EFP_FIN;EUR;29;123.68000000;2256;EXCHANGE_LAST;;1;1;XEUR;11286683;749;
17.02.2025;14:07:01.473;FOAT SI 20250306 PS;SIMPLE_INSTRUMENT;EFP_FIN;EUR;30;123.69000000;467;EXCHANGE_LAST;;1;1;XEUR;11286683;749;
17.02.2025;14:16:35.258;FOAT SI 20250306 PS;SIMPLE_INSTRUMENT;BLOCK;EUR;31;123.70000000;500;EXCHANGE_LAST;;1;1;XEUR;11286683;749;
17.02.2025;14:49:17.499;FOAT SI 20250306 PS;SIMPLE_INSTRUMENT;EFP_FIN;EUR;32;123.71000000;3752;EXCHANGE_LAST;;1;1;XEUR;11286683;749;
17.02.2025;14:52:18.144;FOAT SI 20250306 PS;SIMPLE_INSTRUMENT;EFP_FIN;EUR;33;123.66000000;834;EXCHANGE_LAST;;1;1;XEUR;11286683;749;
17.02.2025;14:52:43.129;FOAT SI 20250306 PS;SIMPLE_INSTRUMENT;EFP_FIN;EUR;34;123.70000000;350;EXCHANGE_LAST;;1;1;XEUR;11286683;749;
17.02.2025;14:52:47.400;FOAT SI 20250306 PS;SIMPLE_INSTRUMENT;EFP_FIN;EUR;35;123.71000000;709;EXCHANGE_LAST;;1;1;XEUR;11286683;749;
17.02.2025;14:57:41.527;FOAT SI 20250306 PS;SIMPLE_INSTRUMENT;EFP_FIN;EUR;36;123.74000000;130;EXCHANGE_LAST;;1;1;XEUR;11286683;749;
17.02.2025;15:00:18.369;FOAT SI 20250306 PS;SIMPLE_INSTRUMENT;BLOCK;EUR;37;123.75000000;250;EXCHANGE_LAST;;1;1;XEUR;11286683;749;
17.02.2025;15:16:50.035;FOAT SI 20250306 PS;SIMPLE_INSTRUMENT;EFP_FIN;EUR;38;123.64000000;927;EXCHANGE_LAST;;1;1;XEUR;11286683;749;
17.02.2025;15:20:58.162;FOAT SI 20250306 PS;SIMPLE_INSTRUMENT;EFP_FIN;EUR;39;123.76000000;417;EXCHANGE_LAST;;1;1;XEUR;11286683;749;
17.02.2025;15:40:07.889;FOAT SI 20250306 PS;SIMPLE_INSTRUMENT;EFP_FIN;EUR;40;123.76000000;149;EXCHANGE_LAST;;1;1;XEUR;11286683;749;
17.02.2025;15:56:18.847;FOAT SI 20250306 PS;SIMPLE_INSTRUMENT;EFP_FIN;EUR;41;123.74000000;2282;EXCHANGE_LAST;;1;1;XEUR;11286683;749;
17.02.2025;16:07:10.844;FOAT SI 20250306 PS;SIMPLE_INSTRUMENT;EFP_FIN;EUR;42;123.75000000;1251;EXCHANGE_LAST;;1;1;XEUR;11286683;749;
17.02.2025;16:33:55.680;FOAT SI 20250306 PS;SIMPLE_INSTRUMENT;EFP_FIN;EUR;43;123.78000000;834;EXCHANGE_LAST;;1;1;XEUR;11286683;749;
17.02.2025;16:41:23.872;FOAT SI 20250306 PS;SIMPLE_INSTRUMENT;EFP_FIN;EUR;44;123.76000000;417;EXCHANGE_LAST;;1;1;XEUR;11286683;749;
17.02.2025;16:41:43.999;FOAT SI 20250306 PS;SIMPLE_INSTRUMENT;EFP_FIN;EUR;45;123.76000000;2502;EXCHANGE_LAST;;1;1;XEUR;11286683;749;
17.02.2025;16:53:31.574;FOAT SI 20250306 PS;SIMPLE_INSTRUMENT;EFP_FIN;EUR;46;123.77000000;225;EXCHANGE_LAST;;1;1;XEUR;11286683;749;
17.02.2025;16:53:52.274;FOAT SI 20250306 PS;SIMPLE_INSTRUMENT;EFP_FIN;EUR;47;123.77000000;417;EXCHANGE_LAST;;1;1;XEUR;11286683;749;
17.02.2025;17:03:16.844;FOAT SI 20250306 PS;SIMPLE_INSTRUMENT;EFP_FIN;EUR;48;123.71000000;173;EXCHANGE_LAST;;1;1;XEUR;11286683;749;
17.02.2025;16:44:05.534;FSEG SI 20250321 CS;SIMPLE_INSTRUMENT;EFP_IDX;EUR;32;205.60000000;37;EXCHANGE_LAST;;1;1;XEUR;11393888;109977;
17.02.2025;16:48:05.659;FSEG SI 20250321 CS;SIMPLE_INSTRUMENT;EFP_IDX;EUR;33;205.50000000;35;EXCHANGE_LAST;;1;1;XEUR;11393888;109977;
17.02.2025;16:48:22.705;FSEG SI 20250321 CS;SIMPLE_INSTRUMENT;BLOCK;EUR;34;205.60000000;65;EXCHANGE_LAST;;1;1;XEUR;11393888;109977;
17.02.2025;16:43:18.954;FSMI SI 20250321 CS;SIMPLE_INSTRUMENT;EFP_IDX;CHF;4;12838.00000000;252;EXCHANGE_LAST;;1;1;XEUR;7793721;757;
17.02.2025;16:43:28.954;FSMI SI 20250321 CS;SIMPLE_INSTRUMENT;EFP_IDX;CHF;5;12839.00000000;348;EXCHANGE_LAST;;1;1;XEUR;7793721;757;
