#Date;TrdTime;Contract;ContractType;TrdTyp;Currency;TesId;Prc;Qty;TrdInd;Aggressor;Buy;Sell;Exch;InstrumentId;RelatedProdId;PrcDecomp
20.02.2025;16:38:34.196;A2SG SI 20271217 CS;SIMPLE_INSTRUMENT;BLOCK;EUR;67;1.53000000;700;EXCHANGE_LAST;;1;2;XEUR;8369813;14;
20.02.2025;16:46:30.775;A2SG SI 20261218 CS;SIMPLE_INSTRUMENT;BLOCK;EUR;68;1.53000000;500;EXCHANGE_LAST;;1;1;XEUR;6796964;14;
20.02.2025;17:33:25.560;A2SG SI 20250620 CS;SIMPLE_INSTRUMENT;BLOCK;EUR;88;1.42000000;445;EXCHANGE_LAST;;1;1;XEUR;10827627;14;
20.02.2025;16:57:37.991;A2SM SI 20251219 CS;SIMPLE_INSTRUMENT;BLOCK;EUR;78;6.69000000;100;EXCHANGE_LAST;;1;1;XEUR;5914264;15;
20.02.2025;17:09:52.971;A2SM SI 20251219 CS;SIMPLE_INSTRUMENT;BLOCK;EUR;85;6.69000000;220;EXCHANGE_LAST;;1;1;XEUR;5914264;15;
20.02.2025;16:57:51.451;A2XA SI 20281215 CS;SIMPLE_INSTRUMENT;BLOCK;EUR;75;1.95000000;1000;EXCHANGE_LAST;;2;1;XEUR;6796967;17;
20.02.2025;16:33:31.432;ABBG SI 20250620 CS;SIMPLE_INSTRUMENT;BLOCK;CHF;66;51.98000000;600;EXCHANGE_LAST;;1;1;XEUR;11209548;574520;
20.02.2025;08:18:28.338;ABBN SI 20250307 PS AM P 51.00 0;SIMPLE_INSTRUMENT;BLOCK;CHF;1;0.40000000;1735;EXCHANGE_LAST;;1;1;XEUR;12700830;574517;
20.02.2025;08:57:10.812;ABBN FI 20250319 CS EU C 55.1000 0;FLEXIBLE_INSTRUMENT;BLOCK;CHF;2;0.48000000;1450;EXCHANGE_LAST;;1;1;XEUR;1155389036332854033;574517;
20.02.2025;09:30:00.507;ABBN SI 20250221 PS AM P 51.50 0;SIMPLE_INSTRUMENT;BLOCK;CHF;13;0.09000000;1000;EXCHANGE_LAST;;1;1;XEUR;12279670;574517;
20.02.2025;09:30:25.926;ABBN SI 20250221 PS AM P 52.00 0;SIMPLE_INSTRUMENT;BLOCK;CHF;14;0.15000000;1000;EXCHANGE_LAST;;1;1;XEUR;12279659;574517;
20.02.2025;08:57:33.814;ADEN FI 20250319 CS EU C 23.3500 0;FLEXIBLE_INSTRUMENT;BLOCK;CHF;3;0.45000000;465;EXCHANGE_LAST;;1;1;XEUR;1152921693585424012;44;
20.02.2025;09:23:18.292;ADS SI 20250417 PS AM C 250.00 0;SIMPLE_INSTRUMENT;BLOCK;EUR;3;11.90000000;313;EXCHANGE_LAST;;1;1;XEUR;12613484;50;
20.02.2025;09:23:18.279;ADS SI 20250321 PS AM C 260.00 0;SIMPLE_INSTRUMENT;BLOCK;EUR;4;4.53000000;313;EXCHANGE_LAST;;1;1;XEUR;10828533;50;
20.02.2025;15:52:52.498;ADS SI 20250221 PS AM P 245.00 0;SIMPLE_INSTRUMENT;BLOCK;EUR;14;0.50000000;250;EXCHANGE_LAST;;1;1;XEUR;12237472;50;
20.02.2025;16:20:37.341;ADS SI 20251219 PS AM P 260.00 0;SIMPLE_INSTRUMENT;BLOCK;EUR;15;29.50000000;250;EXCHANGE_LAST;;1;1;XEUR;12430783;50;
20.02.2025;11:47:08.270;AHO SI 20250620 PS AM P 32.00 0;SIMPLE_INSTRUMENT;BLOCK;EUR;3;0.72000000;1000;EXCHANGE_LAST;;1;1;XEUR;7898017;68;
20.02.2025;16:14:05.329;AIR.O.250220.BRT.000004;STANDARD_OPTION_STRATEGY;BLOCK;EUR;38;7.40000000;1000;EXCHANGE_LAST;;1;1;XEUR;72057868915849820;64;
20.02.2025;16:14:05.329;AIR SI 20250321 PS AM P 170.00 0;SIMPLE_INSTRUMENT;BLOCK;EUR;38;3.11000000;1000;PRC_DECOMP_EXCHANGE;;;;XEUR;11291029;64;EXCHANGE
20.02.2025;16:14:05.329;AIR SI 20251219 PS AM P 170.00 0;SIMPLE_INSTRUMENT;BLOCK;EUR;38;10.51000000;1000;PRC_DECOMP_EXCHANGE;;;;XEUR;12431444;64;EXCHANGE
20.02.2025;09:03:19.529;ALC FI 20250319 CS EU C 84.6000 0;FLEXIBLE_INSTRUMENT;BLOCK;CHF;6;0.78000000;1024;EXCHANGE_LAST;;1;1;XEUR;1153480425880956659;130134;
20.02.2025;11:40:14.581;ALV SI 20261218 PS AM P 320.00 0;SIMPLE_INSTRUMENT;BLOCK;EUR;2;34.60000000;300;EXCHANGE_LAST;;1;1;XEUR;7152542;74;
20.02.2025;13:43:41.008;ASG5 SI 20250320 PS AM P 24.00 0;SIMPLE_INSTRUMENT;BLOCK;EUR;4;0.02800000;25000;EXCHANGE_LAST;;1;1;XEUR;10822094;109;
20.02.2025;17:28:48.153;ASGF SI 20250619 CS;SIMPLE_INSTRUMENT;BLOCK;EUR;86;29.41000000;10000;EXCHANGE_LAST;;1;1;XEUR;12186943;949862;
20.02.2025;17:33:14.587;ASGF SI 20250619 CS;SIMPLE_INSTRUMENT;BLOCK;EUR;87;29.82000000;5000;EXCHANGE_LAST;;1;1;XEUR;12186943;949862;
20.02.2025;14:17:41.491;ASM SI 20261218 PS AM P 640.00 0;SIMPLE_INSTRUMENT;BLOCK;EUR;5;87.00000000;150;EXCHANGE_LAST;;1;1;XEUR;7152934;107;
20.02.2025;12:19:36.682;AXA SI 20260619 PS AM P 34.00 0;SIMPLE_INSTRUMENT;BLOCK;EUR;18;3.10000000;2000;EXCHANGE_LAST;;1;1;XEUR;12748950;127;
20.02.2025;12:59:07.174;B2NP SI 20251219 CS;SIMPLE_INSTRUMENT;BLOCK;EUR;24;7.31000000;300;EXCHANGE_LAST;;1;1;XEUR;5914355;131;
20.02.2025;13:01:17.536;B2NP SI 20251219 CS;SIMPLE_INSTRUMENT;BLOCK;EUR;25;7.31000000;250;EXCHANGE_LAST;;1;1;XEUR;5914355;131;
20.02.2025;13:16:23.812;B2NP SI 20250620 CS;SIMPLE_INSTRUMENT;BLOCK;EUR;29;4.79000000;300;EXCHANGE_LAST;;1;1;XEUR;10830225;131;
20.02.2025;14:22:02.278;B2NP SI 20251219 CS;SIMPLE_INSTRUMENT;BLOCK;EUR;40;7.33000000;250;EXCHANGE_LAST;;1;1;XEUR;5914355;131;
20.02.2025;14:34:32.276;B2NP SI 20251219 CS;SIMPLE_INSTRUMENT;BLOCK;EUR;42;7.33000000;250;EXCHANGE_LAST;;1;1;XEUR;5914355;131;
20.02.2025;15:10:40.719;B2NP SI 20251219 CS;SIMPLE_INSTRUMENT;BLOCK;EUR;49;7.35000000;500;EXCHANGE_LAST;;1;1;XEUR;5914355;131;
20.02.2025;12:27:57.985;B3BV SI 20251219 CS;SIMPLE_INSTRUMENT;BLOCK;EUR;20;0.69000000;2300;EXCHANGE_LAST;;2;1;XEUR;5914370;135;
20.02.2025;09:36:02.022;BAEN FI 20250319 CS EU C 61.6000 0;FLEXIBLE_INSTRUMENT;BLOCK;CHF;16;0.62000000;416;EXCHANGE_LAST;;1;1;XEUR;1152922187506660061;159;
20.02.2025;10:43:31.834;BAEN.O.250220.STG.000002;STANDARD_OPTION_STRATEGY;BLOCK;CHF;48;8.65000000;750;EXCHANGE_LAST;;1;1;XEUR;72058276937746718;159;
20.02.2025;10:43:31.834;BAEN SI 20251219 PS AM P 56.00 0;SIMPLE_INSTRUMENT;BLOCK;CHF;48;4.55000000;750;PRC_DECOMP_EXCHANGE;;;;XEUR;12433493;159;EXCHANGE
20.02.2025;10:43:31.834;BAEN SI 20251219 PS AM C 60.00 0;SIMPLE_INSTRUMENT;BLOCK;CHF;48;4.10000000;750;PRC_DECOMP_EXCHANGE;;;;XEUR;5921991;159;EXCHANGE
20.02.2025;11:00:16.399;BAEN SI 20251219 PS AM P 56.00 0;SIMPLE_INSTRUMENT;BLOCK;CHF;52;4.70000000;1550;EXCHANGE_LAST;;1;1;XEUR;12433493;159;
20.02.2025;09:26:33.026;BARN FI 20250319 CS EU C 1089.0000 0;FLEXIBLE_INSTRUMENT;BLOCK;CHF;9;9.51000000;117;EXCHANGE_LAST;;1;1;XEUR;1152922144556981094;149;
20.02.2025;10:23:13.061;BAS.O.250220.STD.000013;STANDARD_OPTION_STRATEGY;BLOCK;EUR;1;3.75000000;500;EXCHANGE_LAST;;1;1;XEUR;72058238283092015;150;
20.02.2025;10:23:13.061;BAS SI 20250321 PS AM C 49.00 0;SIMPLE_INSTRUMENT;BLOCK;EUR;1;1.76000000;500;PRC_DECOMP_EXCHANGE;;;;XEUR;12604618;150;EXCHANGE
20.02.2025;10:23:13.061;BAS SI 20250321 PS AM P 49.00 0;SIMPLE_INSTRUMENT;BLOCK;EUR;1;1.99000000;500;PRC_DECOMP_EXCHANGE;;;;XEUR;12604611;150;EXCHANGE
20.02.2025;12:51:39.570;BAS SI 20261218 PS AM P 40.00 0;SIMPLE_INSTRUMENT;BLOCK;EUR;2;3.45000000;3500;EXCHANGE_LAST;;2;3;XEUR;7467515;150;
20.02.2025;13:22:40.430;BAS SI 20250221 PS AM C 50.00 0;SIMPLE_INSTRUMENT;BLOCK;EUR;3;0.05000000;2500;EXCHANGE_LAST;;1;2;XEUR;12339041;150;
20.02.2025;14:51:25.188;BASE SI 20250620 PS EU C 51.00 0;SIMPLE_INSTRUMENT;BLOCK;EUR;4;1.50000000;1675;EXCHANGE_LAST;;1;1;XEUR;12749000;151;
20.02.2025;14:51:17.242;BASE SI 20250620 PS EU C 51.00 0;SIMPLE_INSTRUMENT;BLOCK;EUR;5;1.51000000;1675;EXCHANGE_LAST;;1;1;XEUR;12749000;151;
20.02.2025;14:55:56.864;BASE SI 20250620 PS EU C 53.00 0;SIMPLE_INSTRUMENT;BLOCK;EUR;6;1.00000000;3350;EXCHANGE_LAST;;1;1;XEUR;12748996;151;
20.02.2025;16:16:13.386;BAY SI 20261218 PS AM P 16.00 0;SIMPLE_INSTRUMENT;BLOCK;EUR;8;1.54000000;2000;EXCHANGE_LAST;;1;1;XEUR;8191902;168;
20.02.2025;12:26:02.449;BBL SI 20250919 PS AM P 280 0;SIMPLE_INSTRUMENT;BLOCK;GBX;2;16.00000000;360;EXCHANGE_LAST;;1;1;XEUR;11873058;173;
20.02.2025;12:26:20.223;BBL SI 20250919 PS AM P 280 0;SIMPLE_INSTRUMENT;BLOCK;GBX;3;16.50000000;1440;EXCHANGE_LAST;;1;1;XEUR;11873058;173;
20.02.2025;09:02:38.044;BEA FI 20250319 CS EU C 705.0000 0;FLEXIBLE_INSTRUMENT;BLOCK;CHF;5;11.00000000;246;EXCHANGE_LAST;;1;1;XEUR;1153672024372019206;174744;
20.02.2025;14:26:23.150;BEI SI 20250321 PS AM C 130.00 0;SIMPLE_INSTRUMENT;BLOCK;EUR;10;2.20000000;1000;EXCHANGE_LAST;;1;1;XEUR;10831373;176;
20.02.2025;11:12:30.877;BMW.N.250220.000012;NON_STANDARD_OPTION_STRATEGY;BLOCK;EUR;5;6.60000000;750;EXCHANGE_LAST;;1;1;XEUR;72058495981109420;210;
20.02.2025;11:12:30.877;BMW SI 20250221 PS AM C 84.00 0;SIMPLE_INSTRUMENT;BLOCK;EUR;5;0.30000000;750;PRC_DECOMP_EXCHANGE;;;;XEUR;12339264;210;EXCHANGE
20.02.2025;11:12:30.877;BMW SI 20250321 PS AM C 84.00 0;SIMPLE_INSTRUMENT;BLOCK;EUR;5;3.45000000;1500;PRC_DECOMP_EXCHANGE;;;;XEUR;10832542;210;EXCHANGE
20.02.2025;11:22:17.398;BMW SI 20250620 PS AM P 72.00 0;SIMPLE_INSTRUMENT;BLOCK;EUR;6;2.48000000;400;EXCHANGE_LAST;;1;1;XEUR;11332528;210;
20.02.2025;11:51:03.122;BMW SI 20250321 PS AM C 85.00 0;SIMPLE_INSTRUMENT;BLOCK;EUR;9;3.11000000;1500;EXCHANGE_LAST;;1;1;XEUR;11862781;210;
20.02.2025;12:01:10.003;BMW SI 20250620 PS AM P 64.00 0;SIMPLE_INSTRUMENT;BLOCK;EUR;11;1.06000000;500;EXCHANGE_LAST;;1;1;XEUR;11352603;210;
20.02.2025;14:27:00.241;BMW SI 20250620 PS AM C 84.00 0;SIMPLE_INSTRUMENT;BLOCK;EUR;22;5.10000000;1500;EXCHANGE_LAST;;1;3;XEUR;7899911;210;
20.02.2025;14:35:35.416;BMW SI 20250620 PS AM C 88.00 0;SIMPLE_INSTRUMENT;BLOCK;EUR;26;3.60000000;922;EXCHANGE_LAST;;1;1;XEUR;11352605;210;
20.02.2025;14:35:46.416;BMW SI 20250620 PS AM C 88.00 0;SIMPLE_INSTRUMENT;BLOCK;EUR;27;3.62000000;1328;EXCHANGE_LAST;;1;1;XEUR;11352605;210;
20.02.2025;14:35:54.417;BMW SI 20250620 PS AM C 96.00 0;SIMPLE_INSTRUMENT;BLOCK;EUR;28;1.50000000;2250;EXCHANGE_LAST;;1;1;XEUR;11352601;210;
20.02.2025;14:38:20.427;BMW SI 20250417 PS AM P 76.00 0;SIMPLE_INSTRUMENT;BLOCK;EUR;29;1.56000000;1500;EXCHANGE_LAST;;1;1;XEUR;12616386;210;
20.02.2025;14:37:48.425;BMW SI 20250417 PS AM P 82.00 0;SIMPLE_INSTRUMENT;BLOCK;EUR;30;3.60000000;750;EXCHANGE_LAST;;1;1;XEUR;12616564;210;
20.02.2025;15:10:09.537;BMW SI 20261218 PS AM P 72.00 0;SIMPLE_INSTRUMENT;BLOCK;EUR;33;7.80000000;1500;EXCHANGE_LAST;;3;1;XEUR;12616541;210;
20.02.2025;16:29:43.808;BMW.O.250220.BLT.000017;STANDARD_OPTION_STRATEGY;BLOCK;EUR;40;2.72000000;1000;EXCHANGE_LAST;;1;1;XEUR;72058495981109425;210;
20.02.2025;16:29:43.808;BMW SI 20250321 PS AM C 84.00 0;SIMPLE_INSTRUMENT;BLOCK;EUR;40;3.29000000;1000;PRC_DECOMP_EXCHANGE;;;;XEUR;10832542;210;EXCHANGE
20.02.2025;16:29:43.808;BMW SI 20250919 PS AM C 84.00 0;SIMPLE_INSTRUMENT;BLOCK;EUR;40;6.01000000;1000;PRC_DECOMP_EXCHANGE;;;;XEUR;11874427;210;EXCHANGE
20.02.2025;11:08:49.692;BNP SI 20261218 PS AM P 60.00 0;SIMPLE_INSTRUMENT;BLOCK;EUR;8;6.43000000;1500;EXCHANGE_LAST;;1;1;XEUR;7154459;237;
20.02.2025;16:39:43.685;BNP SI 20250321 PS AM C 69.00 0;SIMPLE_INSTRUMENT;BLOCK;EUR;39;3.24000000;3311;EXCHANGE_LAST;;1;1;XEUR;12536827;237;
20.02.2025;16:39:43.688;BNP SI 20250321 PS AM C 69.00 0;SIMPLE_INSTRUMENT;BLOCK;EUR;40;3.25000000;989;EXCHANGE_LAST;;1;1;XEUR;12536827;237;
20.02.2025;13:27:52.365;C3AR SI 20261218 CS;SIMPLE_INSTRUMENT;BLOCK;EUR;34;0.88000000;300;EXCHANGE_LAST;;1;1;XEUR;6799833;256;
20.02.2025;15:28:30.551;C3AR SI 20261218 CS;SIMPLE_INSTRUMENT;BLOCK;EUR;50;0.88000000;500;EXCHANGE_LAST;;1;1;XEUR;6799833;256;
20.02.2025;08:58:42.137;CFR FI 20250319 CS EU C 189.0000 0;FLEXIBLE_INSTRUMENT;BLOCK;CHF;4;1.86000000;450;EXCHANGE_LAST;;1;1;XEUR;1152922848931627659;313;
20.02.2025;10:40:13.081;CFR SI 20251219 PS AM C 190.00 0;SIMPLE_INSTRUMENT;BLOCK;CHF;41;14.61000000;350;EXCHANGE_LAST;;1;1;XEUR;12437090;313;
20.02.2025;09:36:24.434;CLN FI 20250319 CS EU C 11.5000 0;FLEXIBLE_INSTRUMENT;BLOCK;CHF;15;0.17000000;1399;EXCHANGE_LAST;;1;1;XEUR;1152922775917177612;296;
20.02.2025;11:12:47.688;COT SI 20251219 PS AM P 240.00 0;SIMPLE_INSTRUMENT;BLOCK;CHF;53;20.62000000;60;EXCHANGE_LAST;;1;1;XEUR;10445209;199899;
20.02.2025;11:12:57.536;COT SI 20260619 PS AM P 240.00 0;SIMPLE_INSTRUMENT;BLOCK;CHF;54;27.71000000;50;EXCHANGE_LAST;;1;1;XEUR;11398028;199899;
20.02.2025;14:54:13.891;CRI5.O.250220.CDIA.000003;STANDARD_OPTION_STRATEGY;BLOCK;EUR;8;-0.32000000;1000;EXCHANGE_LAST;;1;1;XEUR;72058968427474742;320;
20.02.2025;14:54:13.891;CRI5 SI 20250220 PS AM C 47.00 0;SIMPLE_INSTRUMENT;BLOCK;EUR;8;1.05450000;1000;PRC_DECOMP_EXCHANGE;;;;XEUR;12231892;320;EXCHANGE
20.02.2025;14:54:13.891;CRI5 SI 20250320 PS AM C 50.00 0;SIMPLE_INSTRUMENT;BLOCK;EUR;8;0.73450000;1000;PRC_DECOMP_EXCHANGE;;;;XEUR;10822485;320;EXCHANGE
20.02.2025;14:50:38.753;CRI5.N.250220.000002;NON_STANDARD_OPTION_STRATEGY;BLOCK;EUR;9;-1.05000000;1500;EXCHANGE_LAST;;1;1;XEUR;72058968427474741;320;
20.02.2025;14:50:38.753;CRI5 SI 20250220 PS AM C 47.00 0;SIMPLE_INSTRUMENT;BLOCK;EUR;9;1.10150000;1500;PRC_DECOMP_EXCHANGE;;;;XEUR;12231892;320;EXCHANGE
20.02.2025;14:50:38.753;CRI5 SI 20250320 PS AM C 50.00 0;SIMPLE_INSTRUMENT;BLOCK;EUR;9;0.73150000;1500;PRC_DECOMP_EXCHANGE;;;;XEUR;10822485;320;EXCHANGE
20.02.2025;14:50:38.753;CRI5 SI 20250320 PS AM P 48.00 0;SIMPLE_INSTRUMENT;BLOCK;EUR;9;1.42000000;1500;PRC_DECOMP_EXCHANGE;;;;XEUR;10822486;320;EXCHANGE
20.02.2025;16:36:51.130;CRI5 SI 20261217 PS AM P 38.00 0;SIMPLE_INSTRUMENT;BLOCK;EUR;11;4.10000000;2000;EXCHANGE_LAST;;1;1;XEUR;12762036;320;
20.02.2025;10:42:33.591;D3AI SI 20261218 CS;SIMPLE_INSTRUMENT;BLOCK;EUR;9;3.52000000;725;EXCHANGE_LAST;;3;2;XEUR;7144051;443197;
20.02.2025;10:51:37.001;D3AI SI 20261218 CS;SIMPLE_INSTRUMENT;BLOCK;EUR;11;3.52000000;50;EXCHANGE_LAST;;1;1;XEUR;7144051;443197;
20.02.2025;10:53:49.075;D3AI SI 20261218 CS;SIMPLE_INSTRUMENT;BLOCK;EUR;12;3.52000000;110;EXCHANGE_LAST;;1;1;XEUR;7144051;443197;
20.02.2025;11:00:00.868;D3AI SI 20271217 CS;SIMPLE_INSTRUMENT;BLOCK;EUR;13;3.20000000;175;EXCHANGE_LAST;;1;1;XEUR;7144067;443197;
20.02.2025;11:29:26.466;D3AI SI 20271217 CS;SIMPLE_INSTRUMENT;BLOCK;EUR;15;3.20000000;200;EXCHANGE_LAST;;1;2;XEUR;7144067;443197;
20.02.2025;11:27:30.112;D3AI SI 20261218 CS;SIMPLE_INSTRUMENT;BLOCK;EUR;16;3.52000000;300;EXCHANGE_LAST;;1;1;XEUR;7144051;443197;
20.02.2025;09:09:35.356;DAI SI 20250321 PS AM C 64.00 0;SIMPLE_INSTRUMENT;BLOCK;EUR;1;0.69000000;1189;EXCHANGE_LAST;;1;1;XEUR;10884524;443196;
20.02.2025;09:09:53.460;DAI SI 20261218 PS AM C 60.00 0;SIMPLE_INSTRUMENT;BLOCK;EUR;2;6.35000000;1000;EXCHANGE_LAST;;1;1;XEUR;7190187;443196;
20.02.2025;10:07:49.678;DAI SI 20250321 PS AM P 58.00 0;SIMPLE_INSTRUMENT;BLOCK;EUR;3;1.11000000;1500;EXCHANGE_LAST;;1;1;XEUR;12490203;443196;
20.02.2025;10:17:12.727;DAI SI 20250620 PS AM P 60.00 0;SIMPLE_INSTRUMENT;BLOCK;EUR;4;4.97000000;750;EXCHANGE_LAST;;1;1;XEUR;7934298;443196;
20.02.2025;13:11:00.693;DAI SI 20250321 PS AM P 58.00 0;SIMPLE_INSTRUMENT;BLOCK;EUR;16;1.05000000;3000;EXCHANGE_LAST;;2;1;XEUR;12490203;443196;
20.02.2025;16:11:02.602;DAI SI 20250321 PS AM P 58.00 0;SIMPLE_INSTRUMENT;BLOCK;EUR;35;1.05000000;2750;EXCHANGE_LAST;;2;1;XEUR;12490203;443196;
20.02.2025;13:27:17.694;DBK.N.250220.000015;NON_STANDARD_OPTION_STRATEGY;BLOCK;EUR;8;-3.83000000;2500;EXCHANGE_LAST;;1;1;XEUR;72059148816160736;362;
20.02.2025;13:27:17.694;DBK SI 20260619 PS AM C 20.00 0;SIMPLE_INSTRUMENT;BLOCK;EUR;8;2.45000000;5000;PRC_DECOMP_EXCHANGE;;;;XEUR;10253255;362;EXCHANGE
20.02.2025;13:27:17.694;DBK SI 20250620 PS AM C 20.00 0;SIMPLE_INSTRUMENT;BLOCK;EUR;8;1.07000000;2500;PRC_DECOMP_EXCHANGE;;;;XEUR;8883288;362;EXCHANGE
20.02.2025;13:26:36.111;DBK SI 20250228 PS AM P 19.00 0;SIMPLE_INSTRUMENT;BLOCK;EUR;9;0.20000000;3900;EXCHANGE_LAST;;1;1;XEUR;12618615;362;
20.02.2025;15:09:04.524;DBK.O.250220.STD.000024;STANDARD_OPTION_STRATEGY;BLOCK;EUR;11;2.84000000;2500;EXCHANGE_LAST;;1;1;XEUR;72059148816160745;362;
20.02.2025;15:09:04.524;DBK SI 20250620 PS AM C 20.00 0;SIMPLE_INSTRUMENT;BLOCK;EUR;11;1.04000000;2500;PRC_DECOMP_EXCHANGE;;;;XEUR;8883288;362;EXCHANGE
20.02.2025;15:09:04.524;DBK SI 20250620 PS AM P 20.00 0;SIMPLE_INSTRUMENT;BLOCK;EUR;11;1.80000000;2500;PRC_DECOMP_EXCHANGE;;;;XEUR;8883282;362;EXCHANGE
20.02.2025;15:26:26.645;DBK.O.250220.STD.000024;STANDARD_OPTION_STRATEGY;BLOCK;EUR;13;2.84000000;5000;EXCHANGE_LAST;;2;1;XEUR;72059148816160745;362;
20.02.2025;15:26:26.645;DBK SI 20250620 PS AM P 20.00 0;SIMPLE_INSTRUMENT;BLOCK;EUR;13;1.80000000;5000;PRC_DECOMP_MEMBER;;;;XEUR;8883282;362;MEMBER
20.02.2025;15:26:26.645;DBK SI 20250620 PS AM C 20.00 0;SIMPLE_INSTRUMENT;BLOCK;EUR;13;1.04000000;5000;PRC_DECOMP_MEMBER;;;;XEUR;8883288;362;MEMBER
20.02.2025;10:00:55.040;DPW SI 20251219 PS AM P 32.00 0;SIMPLE_INSTRUMENT;BLOCK;EUR;5;1.54000000;2250;EXCHANGE_LAST;;1;2;XEUR;5926786;445;
20.02.2025;10:48:02.016;DPW.N.250220.000007;NON_STANDARD_OPTION_STRATEGY;BLOCK;EUR;6;3.00000000;1000;EXCHANGE_LAST;;1;1;XEUR;72059505298415747;445;
20.02.2025;10:48:02.016;DPW SI 20250321 PS AM C 44.00 0;SIMPLE_INSTRUMENT;BLOCK;EUR;6;0.08000000;3000;PRC_DECOMP_MEMBER;;;;XEUR;10836814;445;MEMBER
20.02.2025;10:48:02.016;DPW SI 20250620 PS AM C 40.00 0;SIMPLE_INSTRUMENT;BLOCK;EUR;6;0.81000000;4000;PRC_DECOMP_MEMBER;;;;XEUR;7902462;445;MEMBER
20.02.2025;10:48:18.272;DPW SI 20250321 PS AM C 42.00 0;SIMPLE_INSTRUMENT;BLOCK;EUR;7;0.09000000;10000;EXCHANGE_LAST;;1;1;XEUR;10836806;445;
20.02.2025;12:24:50.264;DPW SI 20250620 PS AM P 36.00 0;SIMPLE_INSTRUMENT;BLOCK;EUR;12;2.21000000;2000;EXCHANGE_LAST;;1;1;XEUR;7902458;445;
20.02.2025;14:46:48.450;DPW.O.250220.BLT.000011;STANDARD_OPTION_STRATEGY;BLOCK;EUR;18;1.03000000;2000;EXCHANGE_LAST;;1;2;XEUR;72059505298415751;445;
20.02.2025;14:46:48.450;DPW SI 20250221 PS AM C 36.00 0;SIMPLE_INSTRUMENT;BLOCK;EUR;18;0.68000000;2000;PRC_DECOMP_EXCHANGE;;;;XEUR;12243220;445;EXCHANGE
20.02.2025;14:46:48.450;DPW SI 20250321 PS AM C 36.00 0;SIMPLE_INSTRUMENT;BLOCK;EUR;18;1.71000000;2000;PRC_DECOMP_EXCHANGE;;;;XEUR;10836841;445;EXCHANGE
20.02.2025;15:50:26.886;DPW.O.250220.BLT.000012;STANDARD_OPTION_STRATEGY;BLOCK;EUR;20;0.79000000;2000;EXCHANGE_LAST;;2;1;XEUR;72059505298415752;445;
20.02.2025;15:50:26.886;DPW SI 20250919 PS AM C 40.00 0;SIMPLE_INSTRUMENT;BLOCK;EUR;20;1.06000000;2000;PRC_DECOMP_EXCHANGE;;;;XEUR;11878793;445;EXCHANGE
20.02.2025;15:50:26.886;DPW SI 20250321 PS AM C 40.00 0;SIMPLE_INSTRUMENT;BLOCK;EUR;20;0.27000000;2000;PRC_DECOMP_EXCHANGE;;;;XEUR;10836855;445;EXCHANGE
20.02.2025;11:28:52.682;DTE SI 20250919 PS AM P 36.00 0;SIMPLE_INSTRUMENT;BLOCK;EUR;9;3.24000000;2500;EXCHANGE_LAST;;1;1;XEUR;11878530;424;
20.02.2025;11:38:48.193;DTE SI 20250919 PS AM P 39.00 0;SIMPLE_INSTRUMENT;BLOCK;EUR;10;5.70000000;2500;EXCHANGE_LAST;;1;1;XEUR;12795518;424;
20.02.2025;12:41:42.725;DTE.O.250220.BUL.000012;STANDARD_OPTION_STRATEGY;BLOCK;EUR;14;1.45000000;14000;EXCHANGE_LAST;;1;2;XEUR;72059415104107743;424;
20.02.2025;12:41:42.725;DTE SI 20250919 PS AM C 34.50 0;SIMPLE_INSTRUMENT;BLOCK;EUR;14;2.05000000;14000;PRC_DECOMP_EXCHANGE;;;;XEUR;12795513;424;EXCHANGE
20.02.2025;12:41:42.725;DTE SI 20250919 PS AM C 32.00 0;SIMPLE_INSTRUMENT;BLOCK;EUR;14;3.50000000;14000;PRC_DECOMP_EXCHANGE;;;;XEUR;11878534;424;EXCHANGE
20.02.2025;12:06:29.744;E2NT SI 20271217 CS;SIMPLE_INSTRUMENT;BLOCK;EUR;18;0.93500000;750;EXCHANGE_LAST;;1;2;XEUR;5914575;470;
20.02.2025;13:13:17.737;E2NT SI 20271217 CS;SIMPLE_INSTRUMENT;BLOCK;EUR;27;0.93500000;250;EXCHANGE_LAST;;1;1;XEUR;5914575;470;
20.02.2025;13:20:22.176;E2NT SI 20261218 CS;SIMPLE_INSTRUMENT;BLOCK;EUR;30;1.00000000;500;EXCHANGE_LAST;;1;1;XEUR;4632357;470;
20.02.2025;14:02:23.534;E2NT SI 20261218 CS;SIMPLE_INSTRUMENT;BLOCK;EUR;37;1.00000000;300;EXCHANGE_LAST;;1;1;XEUR;4632357;470;
20.02.2025;15:39:15.907;E2NT SI 20271217 CS;SIMPLE_INSTRUMENT;BLOCK;EUR;52;0.93500000;400;EXCHANGE_LAST;;2;1;XEUR;5914575;470;
20.02.2025;11:59:43.059;EAD SI 20261218 PS AM P 160.00 0;SIMPLE_INSTRUMENT;BLOCK;EUR;14;17.90000000;1300;EXCHANGE_LAST;;2;1;XEUR;11013961;465;
20.02.2025;16:05:47.719;EAD SI 20261218 PS AM P 150.00 0;SIMPLE_INSTRUMENT;BLOCK;EUR;36;14.80000000;400;EXCHANGE_LAST;;1;1;XEUR;12602611;465;
20.02.2025;09:09:23.582;ENLH SI 20250220 CS;SIMPLE_INSTRUMENT;BLOCK;EUR;2;6.85000000;1000;EXCHANGE_LAST;;1;1;XEUR;10559024;524976;
20.02.2025;10:39:39.164;ENR SI 20251219 PS AM C 68.00 0;SIMPLE_INSTRUMENT;BLOCK;EUR;8;10.15000000;1000;EXCHANGE_LAST;;1;1;XEUR;12021160;298530;
20.02.2025;14:13:41.245;ENR SI 20251219 PS AM P 56.00 0;SIMPLE_INSTRUMENT;BLOCK;EUR;15;8.63000000;350;EXCHANGE_LAST;;1;1;XEUR;12410304;298530;
20.02.2025;14:48:28.079;EOA SI 20250321 PS AM P 11.00 0;SIMPLE_INSTRUMENT;BLOCK;EUR;32;0.15000000;5000;EXCHANGE_LAST;;1;2;XEUR;10867708;49065;
20.02.2025;08:40:41.959;FBTP SI 20250306 PS;SIMPLE_INSTRUMENT;EFP_FIN;EUR;1;119.17000000;285;EXCHANGE_LAST;;1;1;XEUR;11286675;636;
20.02.2025;09:37:30.976;FBTP SI 20250306 PS;SIMPLE_INSTRUMENT;EFP_FIN;EUR;2;119.14000000;588;EXCHANGE_LAST;;1;1;XEUR;11286675;636;
20.02.2025;10:49:00.144;FBTP SI 20250306 PS;SIMPLE_INSTRUMENT;EFP_FIN;EUR;3;119.26000000;69;EXCHANGE_LAST;;1;1;XEUR;11286675;636;
20.02.2025;11:11:42.936;FBTP SI 20250306 PS;SIMPLE_INSTRUMENT;EFP_FIN;EUR;4;119.22000000;485;EXCHANGE_LAST;;1;1;XEUR;11286675;636;
20.02.2025;12:10:33.089;FBTP SI 20250306 PS;SIMPLE_INSTRUMENT;EFP_FIN;EUR;5;119.14000000;291;EXCHANGE_LAST;;1;1;XEUR;11286675;636;
20.02.2025;14:12:07.421;FBTP SI 20250306 PS;SIMPLE_INSTRUMENT;EFP_FIN;EUR;6;119.17000000;291;EXCHANGE_LAST;;1;1;XEUR;11286675;636;
20.02.2025;15:00:13.163;FBTP SI 20250306 PS;SIMPLE_INSTRUMENT;EFP_FIN;EUR;7;119.29000000;985;EXCHANGE_LAST;;1;1;XEUR;11286675;636;
20.02.2025;15:07:27.922;FBTP SI 20250306 PS;SIMPLE_INSTRUMENT;BLOCK;EUR;8;119.27000000;2000;EXCHANGE_LAST;;1;1;XEUR;11286675;636;
20.02.2025;15:33:43.184;FBTP SI 20250306 PS;SIMPLE_INSTRUMENT;EFP_FIN;EUR;9;119.30000000;895;EXCHANGE_LAST;;1;1;XEUR;11286675;636;
20.02.2025;15:33:50.898;FBTP SI 20250306 PS;SIMPLE_INSTRUMENT;BLOCK;EUR;10;119.30000000;895;EXCHANGE_LAST;;1;1;XEUR;11286675;636;
20.02.2025;16:08:20.787;FBTP SI 20250306 PS;SIMPLE_INSTRUMENT;EFP_FIN;EUR;11;119.29000000;86;EXCHANGE_LAST;;1;1;XEUR;11286675;636;
20.02.2025;16:26:43.688;FBTP SI 20250306 PS;SIMPLE_INSTRUMENT;EFP_FIN;EUR;12;119.31000000;69;EXCHANGE_LAST;;1;1;XEUR;11286675;636;
20.02.2025;14:18:50.534;FBTP SI 20250606 PS;SIMPLE_INSTRUMENT;VOLA;EUR;268435540;118.80000000;28;EXCHANGE_LAST;;1;1;XEUR;11820365;636;
20.02.2025;09:12:40.450;FBTS SI 20250306 PS;SIMPLE_INSTRUMENT;EFP_FIN;EUR;3;107.26000000;501;EXCHANGE_LAST;;1;1;XEUR;11286677;639;
20.02.2025;09:14:23.920;FBTS SI 20250306 PS;SIMPLE_INSTRUMENT;EFP_FIN;EUR;4;107.26000000;1060;EXCHANGE_LAST;;1;1;XEUR;11286677;639;
20.02.2025;09:25:02.045;FBTS SI 20250306 PS;SIMPLE_INSTRUMENT;BLOCK;EUR;5;107.26000000;230;EXCHANGE_LAST;;1;1;XEUR;11286677;639;
20.02.2025;09:32:28.780;FBTS SI 20250306 PS;SIMPLE_INSTRUMENT;EFP_FIN;EUR;6;107.25000000;1440;EXCHANGE_LAST;;1;1;XEUR;11286677;639;
20.02.2025;09:39:14.125;FBTS SI 20250306 PS;SIMPLE_INSTRUMENT;EFP_FIN;EUR;7;107.26000000;449;EXCHANGE_LAST;;1;1;XEUR;11286677;639;
20.02.2025;09:41:18.808;FBTS SI 20250306 PS;SIMPLE_INSTRUMENT;EFP_FIN;EUR;9;107.26000000;604;EXCHANGE_LAST;;1;1;XEUR;11286677;639;
20.02.2025;09:49:24.274;FBTS SI 20250306 PS;SIMPLE_INSTRUMENT;BLOCK;EUR;11;107.26000000;230;EXCHANGE_LAST;;1;1;XEUR;11286677;639;
20.02.2025;09:53:10.844;FBTS SI 20250306 PS;SIMPLE_INSTRUMENT;EFP_FIN;EUR;12;107.28000000;2084;EXCHANGE_LAST;;1;1;XEUR;11286677;639;
20.02.2025;10:12:06.540;FBTS SI 20250306 PS;SIMPLE_INSTRUMENT;EFP_FIN;EUR;13;107.26000000;864;EXCHANGE_LAST;;1;1;XEUR;11286677;639;
20.02.2025;10:34:41.105;FBTS SI 20250306 PS;SIMPLE_INSTRUMENT;EFP_FIN;EUR;14;107.29000000;908;EXCHANGE_LAST;;1;1;XEUR;11286677;639;
20.02.2025;10:35:37.496;FBTS SI 20250306 PS;SIMPLE_INSTRUMENT;EFP_FIN;EUR;15;107.29000000;726;EXCHANGE_LAST;;1;1;XEUR;11286677;639;
20.02.2025;10:42:42.989;FBTS SI 20250306 PS;SIMPLE_INSTRUMENT;EFP_FIN;EUR;17;107.29000000;681;EXCHANGE_LAST;;1;1;XEUR;11286677;639;
20.02.2025;10:49:41.643;FBTS SI 20250306 PS;SIMPLE_INSTRUMENT;EFP_FIN;EUR;19;107.28000000;864;EXCHANGE_LAST;;1;1;XEUR;11286677;639;
20.02.2025;10:52:52.021;FBTS SI 20250306 PS;SIMPLE_INSTRUMENT;EFP_FIN;EUR;20;107.28000000;2152;EXCHANGE_LAST;;1;1;XEUR;11286677;639;
20.02.2025;11:10:44.443;FBTS SI 20250306 PS;SIMPLE_INSTRUMENT;EFP_FIN;EUR;22;107.28000000;864;EXCHANGE_LAST;;1;1;XEUR;11286677;639;
20.02.2025;11:15:13.944;FBTS SI 20250306 PS;SIMPLE_INSTRUMENT;EFP_FIN;EUR;24;107.28000000;2120;EXCHANGE_LAST;;1;1;XEUR;11286677;639;
20.02.2025;11:20:06.497;FBTS SI 20250306 PS;SIMPLE_INSTRUMENT;EFP_FIN;EUR;26;107.27000000;919;EXCHANGE_LAST;;1;1;XEUR;11286677;639;
20.02.2025;11:32:22.977;FBTS SI 20250306 PS;SIMPLE_INSTRUMENT;EFP_FIN;EUR;29;107.26000000;944;EXCHANGE_LAST;;1;1;XEUR;11286677;639;
20.02.2025;11:43:32.397;FBTS SI 20250306 PS;SIMPLE_INSTRUMENT;BLOCK;EUR;30;107.29000000;518;EXCHANGE_LAST;;1;1;XEUR;11286677;639;
20.02.2025;11:44:46.390;FBTS SI 20250306 PS;SIMPLE_INSTRUMENT;BLOCK;EUR;31;107.26000000;2120;EXCHANGE_LAST;;1;1;XEUR;11286677;639;
20.02.2025;11:46:57.867;FBTS SI 20250306 PS;SIMPLE_INSTRUMENT;EFP_FIN;EUR;32;107.27000000;1006;EXCHANGE_LAST;;1;1;XEUR;11286677;639;
20.02.2025;11:47:42.177;FBTS SI 20250306 PS;SIMPLE_INSTRUMENT;EFP_FIN;EUR;33;107.26000000;864;EXCHANGE_LAST;;1;1;XEUR;11286677;639;
20.02.2025;11:49:18.919;FBTS SI 20250306 PS;SIMPLE_INSTRUMENT;EFP_FIN;EUR;34;107.26000000;795;EXCHANGE_LAST;;1;1;XEUR;11286677;639;
20.02.2025;11:56:42.848;FBTS SI 20250306 PS;SIMPLE_INSTRUMENT;BLOCK;EUR;35;107.27000000;6473;EXCHANGE_LAST;;1;1;XEUR;11286677;639;
20.02.2025;12:31:47.342;FBTS SI 20250306 PS;SIMPLE_INSTRUMENT;EFP_FIN;EUR;37;107.29000000;697;EXCHANGE_LAST;;1;1;XEUR;11286677;639;
20.02.2025;13:18:19.193;FBTS SI 20250306 PS;SIMPLE_INSTRUMENT;EFP_FIN;EUR;40;107.30000000;160;EXCHANGE_LAST;;1;1;XEUR;11286677;639;
20.02.2025;13:21:40.202;FBTS SI 20250306 PS;SIMPLE_INSTRUMENT;EFP_FIN;EUR;41;107.32000000;817;EXCHANGE_LAST;;1;1;XEUR;11286677;639;
20.02.2025;13:38:20.389;FBTS SI 20250306 PS;SIMPLE_INSTRUMENT;EFP_FIN;EUR;43;107.30000000;697;EXCHANGE_LAST;;1;1;XEUR;11286677;639;
20.02.2025;13:42:39.248;FBTS SI 20250306 PS;SIMPLE_INSTRUMENT;EFP_FIN;EUR;44;107.32000000;453;EXCHANGE_LAST;;1;1;XEUR;11286677;639;
20.02.2025;13:45:02.592;FBTS SI 20250306 PS;SIMPLE_INSTRUMENT;BLOCK;EUR;45;107.32000000;454;EXCHANGE_LAST;;1;1;XEUR;11286677;639;
20.02.2025;13:56:09.369;FBTS SI 20250306 PS;SIMPLE_INSTRUMENT;BLOCK;EUR;46;107.30000000;454;EXCHANGE_LAST;;1;1;XEUR;11286677;639;
20.02.2025;14:10:21.764;FBTS SI 20250306 PS;SIMPLE_INSTRUMENT;EFP_FIN;EUR;47;107.30000000;1046;EXCHANGE_LAST;;1;1;XEUR;11286677;639;
20.02.2025;14:13:52.895;FBTS SI 20250306 PS;SIMPLE_INSTRUMENT;BLOCK;EUR;48;107.30000000;454;EXCHANGE_LAST;;1;1;XEUR;11286677;639;
20.02.2025;14:17:19.031;FBTS SI 20250306 PS;SIMPLE_INSTRUMENT;EFP_FIN;EUR;49;107.30000000;908;EXCHANGE_LAST;;1;1;XEUR;11286677;639;
20.02.2025;14:27:04.028;FBTS SI 20250306 PS;SIMPLE_INSTRUMENT;EFP_FIN;EUR;50;107.28000000;907;EXCHANGE_LAST;;1;1;XEUR;11286677;639;
20.02.2025;14:27:13.364;FBTS SI 20250306 PS;SIMPLE_INSTRUMENT;EFP_FIN;EUR;51;107.29000000;1312;EXCHANGE_LAST;;1;1;XEUR;11286677;639;
20.02.2025;14:29:57.170;FBTS SI 20250306 PS;SIMPLE_INSTRUMENT;EFP_FIN;EUR;52;107.30000000;454;EXCHANGE_LAST;;1;1;XEUR;11286677;639;
20.02.2025;14:32:26.502;FBTS SI 20250306 PS;SIMPLE_INSTRUMENT;EFP_FIN;EUR;53;107.31000000;908;EXCHANGE_LAST;;1;1;XEUR;11286677;639;
20.02.2025;14:40:20.254;FBTS SI 20250306 PS;SIMPLE_INSTRUMENT;EFP_FIN;EUR;54;107.29000000;1312;EXCHANGE_LAST;;1;1;XEUR;11286677;639;
20.02.2025;14:41:20.201;FBTS SI 20250306 PS;SIMPLE_INSTRUMENT;EFP_FIN;EUR;55;107.30000000;907;EXCHANGE_LAST;;1;1;XEUR;11286677;639;
20.02.2025;14:43:00.115;FBTS SI 20250306 PS;SIMPLE_INSTRUMENT;EFP_FIN;EUR;56;107.31000000;454;EXCHANGE_LAST;;1;1;XEUR;11286677;639;
20.02.2025;14:52:40.498;FBTS SI 20250306 PS;SIMPLE_INSTRUMENT;BLOCK;EUR;57;107.30000000;454;EXCHANGE_LAST;;1;1;XEUR;11286677;639;
20.02.2025;14:52:58.348;FBTS SI 20250306 PS;SIMPLE_INSTRUMENT;EFP_FIN;EUR;58;107.30000000;908;EXCHANGE_LAST;;1;1;XEUR;11286677;639;
20.02.2025;15:07:11.858;FBTS SI 20250306 PS;SIMPLE_INSTRUMENT;EFP_FIN;EUR;62;107.30000000;454;EXCHANGE_LAST;;1;1;XEUR;11286677;639;
20.02.2025;15:27:48.838;FBTS SI 20250306 PS;SIMPLE_INSTRUMENT;EFP_FIN;EUR;64;107.30000000;1728;EXCHANGE_LAST;;1;1;XEUR;11286677;639;
20.02.2025;16:01:14.675;FBTS SI 20250306 PS;SIMPLE_INSTRUMENT;BLOCK;EUR;68;107.32000000;2043;EXCHANGE_LAST;;1;1;XEUR;11286677;639;
20.02.2025;16:10:15.097;FBTS SI 20250306 PS;SIMPLE_INSTRUMENT;EFP_FIN;EUR;70;107.33000000;768;EXCHANGE_LAST;;1;1;XEUR;11286677;639;
20.02.2025;16:14:52.406;FBTS SI 20250306 PS;SIMPLE_INSTRUMENT;EFP_FIN;EUR;71;107.33000000;363;EXCHANGE_LAST;;1;1;XEUR;11286677;639;
20.02.2025;16:25:24.195;FBTS SI 20250306 PS;SIMPLE_INSTRUMENT;EFP_FIN;EUR;72;107.32000000;2179;EXCHANGE_LAST;;1;1;XEUR;11286677;639;
20.02.2025;16:27:08.003;FBTS SI 20250306 PS;SIMPLE_INSTRUMENT;EFP_FIN;EUR;73;107.33000000;1430;EXCHANGE_LAST;;1;1;XEUR;11286677;639;
20.02.2025;16:58:58.643;FBTS SI 20250306 PS;SIMPLE_INSTRUMENT;EFP_FIN;EUR;75;107.32000000;340;EXCHANGE_LAST;;1;1;XEUR;11286677;639;
20.02.2025;10:57:45.770;FCEU SI 20250317 PS;SIMPLE_INSTRUMENT;BLOCK;USD;1;1.04545000;111;EXCHANGE_LAST;;1;1;XEUR;9136240;369376;
20.02.2025;16:19:04.574;FCEY SI 20250317 PS;SIMPLE_INSTRUMENT;BLOCK;JPY;3;156.36300000;600;EXCHANGE_LAST;;1;1;XEUR;9136148;369363;
20.02.2025;11:07:35.712;FCZU SI 20250317 CS;SIMPLE_INSTRUMENT;BLOCK;USD;2;0.05403000;75;EXCHANGE_LAST;;1;1;XEUR;11329546;570872;
20.02.2025;13:08:15.447;FD3D SI 20251219 CS;SIMPLE_INSTRUMENT;BLOCK;EUR;10;109.60000000;200;EXCHANGE_LAST;;1;1;XEUR;5914068;588;
20.02.2025;13:40:04.349;FD3D SI 20251219 CS;SIMPLE_INSTRUMENT;BLOCK;EUR;11;110.00000000;500;EXCHANGE_LAST;;1;1;XEUR;5914068;588;
20.02.2025;13:56:52.449;FD3D SI 20251219 CS;SIMPLE_INSTRUMENT;BLOCK;EUR;15;109.70000000;450;EXCHANGE_LAST;;1;1;XEUR;5914068;588;
20.02.2025;16:07:33.276;FD3D SI 20261218 CS;SIMPLE_INSTRUMENT;BLOCK;EUR;30;107.00000000;175;EXCHANGE_LAST;;1;1;XEUR;7158183;588;
20.02.2025;16:07:34.008;FD3D SI 20261218 CS;SIMPLE_INSTRUMENT;BLOCK;EUR;31;106.90000000;175;EXCHANGE_LAST;;1;1;XEUR;7158183;588;
20.02.2025;15:01:23.279;FDAX SI 20250321 CS;SIMPLE_INSTRUMENT;EFP_IDX;EUR;1;22540.00000000;150;EXCHANGE_LAST;;1;1;XEUR;7561255;589;
20.02.2025;15:39:20.878;FDAX SI 20250321 CS;SIMPLE_INSTRUMENT;EFP_IDX;EUR;2;22540.00000000;125;EXCHANGE_LAST;;1;1;XEUR;7561255;589;
20.02.2025;16:46:44.690;FDAX SI 20250321 CS;SIMPLE_INSTRUMENT;EFP_IDX;EUR;3;22371.00000000;10;EXCHANGE_LAST;;1;1;XEUR;7561255;589;
20.02.2025;16:47:03.853;FDAX SI 20250321 CS;SIMPLE_INSTRUMENT;EFP_IDX;EUR;4;22370.00000000;55;EXCHANGE_LAST;;1;1;XEUR;7561255;589;
20.02.2025;16:47:16.954;FDAX SI 20250321 CS;SIMPLE_INSTRUMENT;EFP_IDX;EUR;5;22370.00000000;75;EXCHANGE_LAST;;1;1;XEUR;7561255;589;
20.02.2025;16:46:21.939;FDAX SI 20250321 CS;SIMPLE_INSTRUMENT;EFP_IDX;EUR;6;22369.00000000;40;EXCHANGE_LAST;;1;1;XEUR;7561255;589;
20.02.2025;09:53:02.462;FDAX SI 20250321 CS;SIMPLE_INSTRUMENT;VOLA;EUR;671088648;22620.00000000;44;EXCHANGE_LAST;;1;1;XEUR;7561255;589;
20.02.2025;09:54:43.907;FDAX SI 20250321 CS;SIMPLE_INSTRUMENT;VOLA;EUR;671088649;22620.00000000;8;EXCHANGE_LAST;;1;1;XEUR;7561255;589;
20.02.2025;12:02:22.391;FDAX SI 20250321 CS;SIMPLE_INSTRUMENT;VOLA;EUR;671088656;22583.00000000;21;EXCHANGE_LAST;;1;1;XEUR;7561255;589;
20.02.2025;12:03:00.123;FDAX SI 20250321 CS;SIMPLE_INSTRUMENT;VOLA;EUR;671088657;22583.00000000;21;EXCHANGE_LAST;;1;1;XEUR;7561255;589;
20.02.2025;15:05:45.485;FDAX SI 20250321 CS;SIMPLE_INSTRUMENT;VOLA;EUR;671088675;22550.00000000;18;EXCHANGE_LAST;;1;1;XEUR;7561255;589;
20.02.2025;15:51:02.375;FDAX SI 20250321 CS;SIMPLE_INSTRUMENT;VOLA;EUR;671088682;22424.00000000;31;EXCHANGE_LAST;;1;1;XEUR;7561255;589;
20.02.2025;15:22:26.265;FEBD SI 20271217 CS;SIMPLE_INSTRUMENT;BLOCK;EUR;24;9.63000000;125;EXCHANGE_LAST;;1;1;XEUR;7776307;597;
20.02.2025;15:22:42.836;FEBD SI 20271217 CS;SIMPLE_INSTRUMENT;BLOCK;EUR;25;9.62000000;125;EXCHANGE_LAST;;1;1;XEUR;7776307;597;
20.02.2025;15:20:55.723;FEBD SI 20251219 CS;SIMPLE_INSTRUMENT;BLOCK;EUR;26;10.99000000;500;EXCHANGE_LAST;;1;1;XEUR;5914075;597;
20.02.2025;12:54:35.801;FEDV SI 20250321 CS;SIMPLE_INSTRUMENT;BLOCK;EUR;8;1790.00000000;4000;EXCHANGE_LAST;;1;1;XEUR;11359068;596;
20.02.2025;12:57:24.536;FEDV SI 20250321 CS;SIMPLE_INSTRUMENT;BLOCK;EUR;9;1790.00000000;1000;EXCHANGE_LAST;;1;1;XEUR;11359068;596;
20.02.2025;16:53:34.326;FEDV SI 20250321 CS;SIMPLE_INSTRUMENT;BLOCK;EUR;36;1782.00000000;420;EXCHANGE_LAST;;1;1;XEUR;11359068;596;
20.02.2025;16:53:03.324;FEDV SI 20250321 CS;SIMPLE_INSTRUMENT;BLOCK;EUR;37;1781.00000000;580;EXCHANGE_LAST;;1;1;XEUR;11359068;596;
20.02.2025;16:22:39.046;FES1 SI 20250321 PS;SIMPLE_INSTRUMENT;BLOCK;EUR;32;8.70000000;750;EXCHANGE_LAST;;1;1;XEUR;11391470;58959;
20.02.2025;09:16:39.719;FESB SI 20250321 CS;SIMPLE_INSTRUMENT;BLOCK;EUR;16;176.00000000;9025;EXCHANGE_LAST;;1;1;XEUR;11359072;605;
20.02.2025;09:45:15.681;FESB SI 20250321 CS;SIMPLE_INSTRUMENT;BLOCK;EUR;18;176.50000000;1680;EXCHANGE_LAST;;1;1;XEUR;11359072;605;
20.02.2025;11:50:35.446;FESB SI 20250321 CS;SIMPLE_INSTRUMENT;BLOCK;EUR;21;176.50000000;4000;EXCHANGE_LAST;;1;1;XEUR;11359072;605;
20.02.2025;11:56:17.347;FESB SI 20250321 CS;SIMPLE_INSTRUMENT;BLOCK;EUR;22;176.70000000;10000;EXCHANGE_LAST;;1;1;XEUR;11359072;605;
20.02.2025;12:00:29.550;FESB SI 20250321 CS;SIMPLE_INSTRUMENT;BLOCK;EUR;23;176.70000000;5000;EXCHANGE_LAST;;1;1;XEUR;11359072;605;
20.02.2025;12:03:35.408;FESB SI 20250321 CS;SIMPLE_INSTRUMENT;BLOCK;EUR;24;176.50000000;2250;EXCHANGE_LAST;;1;1;XEUR;11359072;605;
20.02.2025;12:41:37.338;FESB SI 20250321 CS;SIMPLE_INSTRUMENT;BLOCK;EUR;25;176.70000000;3000;EXCHANGE_LAST;;1;1;XEUR;11359072;605;
20.02.2025;16:51:30.826;FESB SI 20250321 CS;SIMPLE_INSTRUMENT;BLOCK;EUR;39;175.80000000;8908;EXCHANGE_LAST;;1;1;XEUR;11359072;605;
20.02.2025;16:51:30.847;FESB SI 20250321 CS;SIMPLE_INSTRUMENT;BLOCK;EUR;40;175.85000000;10457;EXCHANGE_LAST;;1;1;XEUR;11359072;605;
20.02.2025;16:54:06.181;FESB SI 20250321 CS;SIMPLE_INSTRUMENT;EFP_IDX;EUR;41;175.20000000;706;EXCHANGE_LAST;;1;1;XEUR;11359072;605;
20.02.2025;16:54:27.218;FESB SI 20250321 CS;SIMPLE_INSTRUMENT;EFP_IDX;EUR;42;175.25000000;177;EXCHANGE_LAST;;1;1;XEUR;11359072;605;
20.02.2025;09:30:33.208;FESB SI 20250321 CS;SIMPLE_INSTRUMENT;VOLA;EUR;603979788;176.15000000;600;EXCHANGE_LAST;;1;1;XEUR;11359072;605;
20.02.2025;16:48:43.529;FESB SI 20250321 CS;SIMPLE_INSTRUMENT;VOLA;EUR;603979859;175.50000000;360;EXCHANGE_LAST;;1;1;XEUR;11359072;605;
20.02.2025;15:01:41.493;FESX SI 20250321 CS;SIMPLE_INSTRUMENT;BLOCK;EUR;8;5485.00000000;2158;EXCHANGE_LAST;;1;1;XEUR;7793482;675;
20.02.2025;16:11:38.474;FESX SI 20250321 CS;SIMPLE_INSTRUMENT;BLOCK;EUR;18;5475.00000000;3000;EXCHANGE_LAST;;1;1;XEUR;7793482;675;
20.02.2025;16:52:15.006;FESX SI 20250321 CS;SIMPLE_INSTRUMENT;EFP_IDX;EUR;19;5469.00000000;10;EXCHANGE_LAST;;1;1;XEUR;7793482;675;
20.02.2025;16:52:41.578;FESX SI 20250321 CS;SIMPLE_INSTRUMENT;EFP_IDX;EUR;20;5470.00000000;98;EXCHANGE_LAST;;1;1;XEUR;7793482;675;
20.02.2025;16:49:04.915;FESX SI 20250321 CS;SIMPLE_INSTRUMENT;EFP_IDX;EUR;21;5470.00000000;94;EXCHANGE_LAST;;1;1;XEUR;7793482;675;
20.02.2025;16:49:21.077;FESX SI 20250321 CS;SIMPLE_INSTRUMENT;EFP_IDX;EUR;22;5469.00000000;35;EXCHANGE_LAST;;1;1;XEUR;7793482;675;
20.02.2025;16:53:44.876;FESX SI 20250321 CS;SIMPLE_INSTRUMENT;EFP_IDX;EUR;23;5469.00000000;893;EXCHANGE_LAST;;1;1;XEUR;7793482;675;
20.02.2025;16:54:27.481;FESX SI 20250321 CS;SIMPLE_INSTRUMENT;EFP_IDX;EUR;24;5470.00000000;1007;EXCHANGE_LAST;;1;1;XEUR;7793482;675;
20.02.2025;10:13:42.503;FESX SI 20250321 CS;SIMPLE_INSTRUMENT;VOLA;EUR;637534231;5505.00000000;17;EXCHANGE_LAST;;1;1;XEUR;7793482;675;
20.02.2025;10:24:54.969;FESX SI 20250321 CS;SIMPLE_INSTRUMENT;VOLA;EUR;637534241;5505.00000000;18;EXCHANGE_LAST;;1;1;XEUR;7793482;675;
20.02.2025;10:34:54.615;FESX SI 20250321 CS;SIMPLE_INSTRUMENT;VOLA;EUR;637534248;5500.00000000;246;EXCHANGE_LAST;;1;1;XEUR;7793482;675;
20.02.2025;10:47:30.309;FESX SI 20250321 CS;SIMPLE_INSTRUMENT;VOLA;EUR;637534253;5503.00000000;287;EXCHANGE_LAST;;1;1;XEUR;7793482;675;
20.02.2025;11:31:37.693;FESX SI 20250321 CS;SIMPLE_INSTRUMENT;VOLA;EUR;637534266;5500.00000000;16;EXCHANGE_LAST;;1;1;XEUR;7793482;675;
20.02.2025;13:15:01.281;FESX SI 20250321 CS;SIMPLE_INSTRUMENT;VOLA;EUR;637534290;5500.00000000;45;EXCHANGE_LAST;;1;1;XEUR;7793482;675;
20.02.2025;13:15:41.228;FESX SI 20250321 CS;SIMPLE_INSTRUMENT;VOLA;EUR;637534291;5499.00000000;75;EXCHANGE_LAST;;1;1;XEUR;7793482;675;
20.02.2025;14:01:15.136;FESX SI 20250321 CS;SIMPLE_INSTRUMENT;VOLA;EUR;637534302;5495.00000000;340;EXCHANGE_LAST;;1;1;XEUR;7793482;675;
20.02.2025;15:16:10.639;FESX SI 20250321 CS;SIMPLE_INSTRUMENT;VOLA;EUR;637534332;5500.00000000;2136;EXCHANGE_LAST;;1;1;XEUR;7793482;675;
20.02.2025;15:16:01.017;FESX SI 20250321 CS;SIMPLE_INSTRUMENT;VOLA;EUR;637534334;5505.00000000;22;EXCHANGE_LAST;;1;1;XEUR;7793482;675;
20.02.2025;15:33:35.694;FESX SI 20250321 CS;SIMPLE_INSTRUMENT;VOLA;EUR;637534350;5486.00000000;1400;EXCHANGE_LAST;;1;1;XEUR;7793482;675;
20.02.2025;16:09:36.793;FESX SI 20250321 CS;SIMPLE_INSTRUMENT;VOLA;EUR;637534364;5500.00000000;40;EXCHANGE_LAST;;1;1;XEUR;7793482;675;
20.02.2025;16:41:07.839;FESX SI 20250321 CS;SIMPLE_INSTRUMENT;VOLA;EUR;637534373;5470.00000000;432;EXCHANGE_LAST;;1;1;XEUR;7793482;675;
20.02.2025;11:58:24.462;FEXD SI 20251219 CS;SIMPLE_INSTRUMENT;BLOCK;EUR;4;165.50000000;216;EXCHANGE_LAST;;1;2;XEUR;1548120;693;
20.02.2025;11:58:45.035;FEXD SI 20261218 CS;SIMPLE_INSTRUMENT;BLOCK;EUR;5;158.20000000;216;EXCHANGE_LAST;;1;2;XEUR;2163053;693;
20.02.2025;12:29:32.179;FEXD SI 20250620 CS;SIMPLE_INSTRUMENT;BLOCK;EUR;6;128.30000000;300;EXCHANGE_LAST;;1;1;XEUR;9548493;693;
20.02.2025;12:33:36.558;FEXD SI 20250620 CS;SIMPLE_INSTRUMENT;BLOCK;EUR;7;128.40000000;1000;EXCHANGE_LAST;;1;1;XEUR;9548493;693;
20.02.2025;13:45:49.188;FEXD SI 20281215 CS;SIMPLE_INSTRUMENT;BLOCK;EUR;13;149.10000000;1000;EXCHANGE_LAST;;1;1;XEUR;3680985;693;
20.02.2025;13:45:53.742;FEXD SI 20291221 CS;SIMPLE_INSTRUMENT;BLOCK;EUR;14;145.80000000;1000;EXCHANGE_LAST;;1;1;XEUR;4631968;693;
20.02.2025;14:17:27.378;FEXD.S.DEC28.DEC29.SPD;FUTURES_SPREAD;BLOCK;EUR;16;3.30000000;1000;EXCHANGE_LAST;;1;1;XEUR;72060570450264171;693;
20.02.2025;14:17:27.378;FEXD SI 20281215 CS;SIMPLE_INSTRUMENT;BLOCK;EUR;16;149.00000000;1000;PRC_DECOMP_MEMBER;;;;XEUR;3680985;693;MEMBER
20.02.2025;14:17:27.378;FEXD SI 20291221 CS;SIMPLE_INSTRUMENT;BLOCK;EUR;16;145.70000000;1000;PRC_DECOMP_MEMBER;;;;XEUR;4631968;693;MEMBER
20.02.2025;14:35:10.087;FEXD.S.DEC27.DEC28.SPD;FUTURES_SPREAD;BLOCK;EUR;18;4.20000000;1000;EXCHANGE_LAST;;1;1;XEUR;72060570450264162;693;
20.02.2025;14:35:10.087;FEXD SI 20271217 CS;SIMPLE_INSTRUMENT;BLOCK;EUR;18;153.20000000;1000;PRC_DECOMP_MEMBER;;;;XEUR;2848338;693;MEMBER
20.02.2025;14:35:10.087;FEXD SI 20281215 CS;SIMPLE_INSTRUMENT;BLOCK;EUR;18;149.00000000;1000;PRC_DECOMP_MEMBER;;;;XEUR;3680985;693;MEMBER
20.02.2025;14:46:44.634;FEXD SI 20271217 CS;SIMPLE_INSTRUMENT;BLOCK;EUR;19;153.20000000;150;EXCHANGE_LAST;;1;1;XEUR;2848338;693;
20.02.2025;15:00:54.265;FEXD.S.DEC27.DEC28.SPD;FUTURES_SPREAD;BLOCK;EUR;20;4.20000000;1000;EXCHANGE_LAST;;1;1;XEUR;72060570450264162;693;
20.02.2025;15:00:54.265;FEXD SI 20271217 CS;SIMPLE_INSTRUMENT;BLOCK;EUR;20;153.20000000;1000;PRC_DECOMP_MEMBER;;;;XEUR;2848338;693;MEMBER
20.02.2025;15:00:54.265;FEXD SI 20281215 CS;SIMPLE_INSTRUMENT;BLOCK;EUR;20;149.00000000;1000;PRC_DECOMP_MEMBER;;;;XEUR;3680985;693;MEMBER
20.02.2025;15:36:03.000;FEXD SI 20261218 CS;SIMPLE_INSTRUMENT;BLOCK;EUR;27;158.00000000;300;EXCHANGE_LAST;;1;1;XEUR;2163053;693;
20.02.2025;07:21:27.826;FGBL SI 20250306 PS;SIMPLE_INSTRUMENT;EFS;EUR;1;131.57000000;455;EXCHANGE_LAST;;1;1;XEUR;11286679;688;
20.02.2025;07:28:06.728;FGBL SI 20250306 PS;SIMPLE_INSTRUMENT;EFS;EUR;2;131.56000000;456;EXCHANGE_LAST;;1;1;XEUR;11286679;688;
20.02.2025;07:31:10.959;FGBL SI 20250306 PS;SIMPLE_INSTRUMENT;EFS;EUR;3;131.55000000;420;EXCHANGE_LAST;;1;1;XEUR;11286679;688;
20.02.2025;07:32:20.015;FGBL SI 20250306 PS;SIMPLE_INSTRUMENT;EFS;EUR;4;131.54000000;419;EXCHANGE_LAST;;1;1;XEUR;11286679;688;
20.02.2025;07:32:25.020;FGBL SI 20250306 PS;SIMPLE_INSTRUMENT;EFS;EUR;5;131.55000000;420;EXCHANGE_LAST;;1;1;XEUR;11286679;688;
20.02.2025;07:35:47.794;FGBL SI 20250306 PS;SIMPLE_INSTRUMENT;EFS;EUR;6;131.54000000;456;EXCHANGE_LAST;;1;1;XEUR;11286679;688;
20.02.2025;07:53:14.299;FGBL SI 20250306 PS;SIMPLE_INSTRUMENT;EFP_FIN;EUR;7;131.56000000;540;EXCHANGE_LAST;;1;1;XEUR;11286679;688;
20.02.2025;08:12:59.307;FGBL SI 20250306 PS;SIMPLE_INSTRUMENT;EFS;EUR;8;131.46000000;455;EXCHANGE_LAST;;1;1;XEUR;11286679;688;
20.02.2025;08:37:58.381;FGBL SI 20250306 PS;SIMPLE_INSTRUMENT;EFS;EUR;9;131.44000000;456;EXCHANGE_LAST;;1;1;XEUR;11286679;688;
20.02.2025;08:38:29.383;FGBL SI 20250306 PS;SIMPLE_INSTRUMENT;EFS;EUR;10;131.44000000;228;EXCHANGE_LAST;;1;1;XEUR;11286679;688;
20.02.2025;08:46:43.065;FGBL SI 20250306 PS;SIMPLE_INSTRUMENT;EFP_FIN;EUR;11;131.44000000;507;EXCHANGE_LAST;;1;1;XEUR;11286679;688;
20.02.2025;08:48:12.276;FGBL SI 20250306 PS;SIMPLE_INSTRUMENT;EFS;EUR;12;131.38000000;502;EXCHANGE_LAST;;1;1;XEUR;11286679;688;
20.02.2025;08:49:07.331;FGBL SI 20250306 PS;SIMPLE_INSTRUMENT;EFS;EUR;13;131.37000000;201;EXCHANGE_LAST;;1;1;XEUR;11286679;688;
20.02.2025;08:55:37.039;FGBL SI 20250306 PS;SIMPLE_INSTRUMENT;EFS;EUR;14;131.40000000;476;EXCHANGE_LAST;;1;1;XEUR;11286679;688;
20.02.2025;09:15:46.963;FGBL SI 20250306 PS;SIMPLE_INSTRUMENT;EFS;EUR;15;131.42000000;210;EXCHANGE_LAST;;1;1;XEUR;11286679;688;
20.02.2025;09:33:54.391;FGBL SI 20250306 PS;SIMPLE_INSTRUMENT;EFS;EUR;16;131.40000000;210;EXCHANGE_LAST;;1;1;XEUR;11286679;688;
20.02.2025;09:30:17.043;FGBL SI 20250306 PS;SIMPLE_INSTRUMENT;EFS;EUR;17;131.38000000;210;EXCHANGE_LAST;;1;1;XEUR;11286679;688;
20.02.2025;09:30:32.966;FGBL SI 20250306 PS;SIMPLE_INSTRUMENT;EFP_FIN;EUR;18;131.39000000;202;EXCHANGE_LAST;;1;1;XEUR;11286679;688;
20.02.2025;09:36:49.412;FGBL SI 20250306 PS;SIMPLE_INSTRUMENT;EFP_FIN;EUR;19;131.37000000;217;EXCHANGE_LAST;;1;1;XEUR;11286679;688;
20.02.2025;09:35:32.311;FGBL SI 20250306 PS;SIMPLE_INSTRUMENT;EFP_FIN;EUR;20;131.40000000;382;EXCHANGE_LAST;;1;1;XEUR;11286679;688;
20.02.2025;09:36:23.981;FGBL SI 20250306 PS;SIMPLE_INSTRUMENT;EFP_FIN;EUR;21;131.40000000;238;EXCHANGE_LAST;;1;1;XEUR;11286679;688;
20.02.2025;09:51:03.984;FGBL SI 20250306 PS;SIMPLE_INSTRUMENT;EFS;EUR;22;131.42000000;420;EXCHANGE_LAST;;1;1;XEUR;11286679;688;
20.02.2025;10:00:14.397;FGBL SI 20250306 PS;SIMPLE_INSTRUMENT;EFS;EUR;23;131.42000000;420;EXCHANGE_LAST;;1;1;XEUR;11286679;688;
20.02.2025;10:08:11.142;FGBL SI 20250306 PS;SIMPLE_INSTRUMENT;EFS;EUR;24;131.47000000;238;EXCHANGE_LAST;;1;1;XEUR;11286679;688;
20.02.2025;10:08:50.019;FGBL SI 20250306 PS;SIMPLE_INSTRUMENT;EFS;EUR;25;131.48000000;419;EXCHANGE_LAST;;1;1;XEUR;11286679;688;
20.02.2025;10:12:37.652;FGBL SI 20250306 PS;SIMPLE_INSTRUMENT;EFP_FIN;EUR;26;131.41000000;1857;EXCHANGE_LAST;;1;1;XEUR;11286679;688;
20.02.2025;10:15:39.233;FGBL SI 20250306 PS;SIMPLE_INSTRUMENT;EFS;EUR;27;131.44000000;419;EXCHANGE_LAST;;1;1;XEUR;11286679;688;
20.02.2025;10:16:48.286;FGBL SI 20250306 PS;SIMPLE_INSTRUMENT;EFS;EUR;28;131.48000000;380;EXCHANGE_LAST;;1;1;XEUR;11286679;688;
20.02.2025;10:39:02.818;FGBL SI 20250306 PS;SIMPLE_INSTRUMENT;EFP_FIN;EUR;29;131.44000000;1422;EXCHANGE_LAST;;1;1;XEUR;11286679;688;
20.02.2025;10:39:02.818;FGBL SI 20250306 PS;SIMPLE_INSTRUMENT;EFP_FIN;EUR;30;131.42000000;948;EXCHANGE_LAST;;1;1;XEUR;11286679;688;
20.02.2025;10:41:01.544;FGBL SI 20250306 PS;SIMPLE_INSTRUMENT;EFS;EUR;31;131.47000000;642;EXCHANGE_LAST;;1;1;XEUR;11286679;688;
20.02.2025;10:46:17.694;FGBL SI 20250306 PS;SIMPLE_INSTRUMENT;EFS;EUR;32;131.45000000;182;EXCHANGE_LAST;;1;1;XEUR;11286679;688;
20.02.2025;10:48:02.822;FGBL SI 20250306 PS;SIMPLE_INSTRUMENT;EFS;EUR;33;131.43000000;193;EXCHANGE_LAST;;1;1;XEUR;11286679;688;
20.02.2025;10:49:52.231;FGBL SI 20250306 PS;SIMPLE_INSTRUMENT;EFS;EUR;34;131.42000000;227;EXCHANGE_LAST;;1;1;XEUR;11286679;688;
20.02.2025;10:50:41.704;FGBL SI 20250306 PS;SIMPLE_INSTRUMENT;EFS;EUR;35;131.42000000;420;EXCHANGE_LAST;;1;1;XEUR;11286679;688;
20.02.2025;10:57:06.528;FGBL SI 20250306 PS;SIMPLE_INSTRUMENT;EFS;EUR;36;131.45000000;228;EXCHANGE_LAST;;1;1;XEUR;11286679;688;
20.02.2025;11:09:05.715;FGBL SI 20250306 PS;SIMPLE_INSTRUMENT;EFS;EUR;37;131.38000000;206;EXCHANGE_LAST;;1;1;XEUR;11286679;688;
20.02.2025;11:09:28.158;FGBL SI 20250306 PS;SIMPLE_INSTRUMENT;EFS;EUR;38;131.37000000;695;EXCHANGE_LAST;;1;1;XEUR;11286679;688;
20.02.2025;11:10:35.011;FGBL SI 20250306 PS;SIMPLE_INSTRUMENT;EFP_FIN;EUR;39;131.44000000;70;EXCHANGE_LAST;;1;1;XEUR;11286679;688;
20.02.2025;11:16:39.741;FGBL SI 20250306 PS;SIMPLE_INSTRUMENT;EFS;EUR;40;131.38000000;210;EXCHANGE_LAST;;1;1;XEUR;11286679;688;
20.02.2025;11:17:05.410;FGBL SI 20250306 PS;SIMPLE_INSTRUMENT;EFP_FIN;EUR;41;131.44000000;346;EXCHANGE_LAST;;1;1;XEUR;11286679;688;
20.02.2025;11:17:24.194;FGBL SI 20250306 PS;SIMPLE_INSTRUMENT;EFP_FIN;EUR;42;131.44000000;77;EXCHANGE_LAST;;1;1;XEUR;11286679;688;
20.02.2025;11:20:32.497;FGBL SI 20250306 PS;SIMPLE_INSTRUMENT;EFS;EUR;43;131.36000000;228;EXCHANGE_LAST;;1;1;XEUR;11286679;688;
20.02.2025;11:33:00.809;FGBL SI 20250306 PS;SIMPLE_INSTRUMENT;EFS;EUR;44;131.37000000;236;EXCHANGE_LAST;;1;1;XEUR;11286679;688;
20.02.2025;11:33:48.477;FGBL SI 20250306 PS;SIMPLE_INSTRUMENT;EFS;EUR;45;131.32000000;420;EXCHANGE_LAST;;1;1;XEUR;11286679;688;
20.02.2025;11:38:03.480;FGBL SI 20250306 PS;SIMPLE_INSTRUMENT;EFP_FIN;EUR;46;131.35000000;100;EXCHANGE_LAST;;1;1;XEUR;11286679;688;
20.02.2025;11:38:50.118;FGBL SI 20250306 PS;SIMPLE_INSTRUMENT;EFP_FIN;EUR;47;131.41000000;1480;EXCHANGE_LAST;;1;1;XEUR;11286679;688;
20.02.2025;11:49:39.563;FGBL SI 20250306 PS;SIMPLE_INSTRUMENT;EFS;EUR;48;131.35000000;476;EXCHANGE_LAST;;1;1;XEUR;11286679;688;
20.02.2025;11:49:58.183;FGBL SI 20250306 PS;SIMPLE_INSTRUMENT;EFS;EUR;49;131.34000000;182;EXCHANGE_LAST;;1;1;XEUR;11286679;688;
20.02.2025;11:56:18.122;FGBL SI 20250306 PS;SIMPLE_INSTRUMENT;EFS;EUR;50;131.32000000;685;EXCHANGE_LAST;;1;1;XEUR;11286679;688;
20.02.2025;12:04:48.233;FGBL SI 20250306 PS;SIMPLE_INSTRUMENT;EFP_FIN;EUR;51;131.33000000;239;EXCHANGE_LAST;;1;1;XEUR;11286679;688;
20.02.2025;12:20:48.139;FGBL SI 20250306 PS;SIMPLE_INSTRUMENT;EFS;EUR;52;131.37000000;228;EXCHANGE_LAST;;1;1;XEUR;11286679;688;
20.02.2025;12:42:56.967;FGBL SI 20250306 PS;SIMPLE_INSTRUMENT;EFS;EUR;53;131.42000000;210;EXCHANGE_LAST;;1;1;XEUR;11286679;688;
20.02.2025;12:47:50.332;FGBL SI 20250306 PS;SIMPLE_INSTRUMENT;EFS;EUR;54;131.42000000;456;EXCHANGE_LAST;;1;1;XEUR;11286679;688;
20.02.2025;12:53:26.040;FGBL SI 20250306 PS;SIMPLE_INSTRUMENT;EFS;EUR;55;131.47000000;420;EXCHANGE_LAST;;1;1;XEUR;11286679;688;
20.02.2025;12:53:31.047;FGBL SI 20250306 PS;SIMPLE_INSTRUMENT;EFS;EUR;56;131.47000000;420;EXCHANGE_LAST;;1;1;XEUR;11286679;688;
20.02.2025;12:55:46.735;FGBL SI 20250306 PS;SIMPLE_INSTRUMENT;EFS;EUR;57;131.32000000;437;EXCHANGE_LAST;;1;1;XEUR;11286679;688;
20.02.2025;13:09:44.789;FGBL SI 20250306 PS;SIMPLE_INSTRUMENT;EFS;EUR;59;131.54000000;210;EXCHANGE_LAST;;1;1;XEUR;11286679;688;
20.02.2025;13:10:34.322;FGBL SI 20250306 PS;SIMPLE_INSTRUMENT;EFS;EUR;60;131.52000000;210;EXCHANGE_LAST;;1;1;XEUR;11286679;688;
20.02.2025;13:12:21.726;FGBL SI 20250306 PS;SIMPLE_INSTRUMENT;EFP_FIN;EUR;61;131.53000000;147;EXCHANGE_LAST;;1;1;XEUR;11286679;688;
20.02.2025;13:17:12.554;FGBL SI 20250306 PS;SIMPLE_INSTRUMENT;EFS;EUR;62;131.53000000;228;EXCHANGE_LAST;;1;1;XEUR;11286679;688;
20.02.2025;13:25:41.955;FGBL SI 20250306 PS;SIMPLE_INSTRUMENT;EFS;EUR;63;131.50000000;126;EXCHANGE_LAST;;1;1;XEUR;11286679;688;
20.02.2025;13:26:48.719;FGBL SI 20250306 PS;SIMPLE_INSTRUMENT;EFS;EUR;64;131.47000000;84;EXCHANGE_LAST;;1;1;XEUR;11286679;688;
20.02.2025;13:27:09.134;FGBL SI 20250306 PS;SIMPLE_INSTRUMENT;EFS;EUR;65;131.51000000;419;EXCHANGE_LAST;;1;1;XEUR;11286679;688;
20.02.2025;13:27:27.165;FGBL SI 20250306 PS;SIMPLE_INSTRUMENT;EFS;EUR;66;131.47000000;419;EXCHANGE_LAST;;1;1;XEUR;11286679;688;
20.02.2025;13:28:58.566;FGBL SI 20250306 PS;SIMPLE_INSTRUMENT;EFS;EUR;67;131.48000000;419;EXCHANGE_LAST;;1;1;XEUR;11286679;688;
20.02.2025;13:39:02.201;FGBL SI 20250306 PS;SIMPLE_INSTRUMENT;EFP_FIN;EUR;68;131.49000000;557;EXCHANGE_LAST;;1;1;XEUR;11286679;688;
20.02.2025;13:36:28.048;FGBL SI 20250306 PS;SIMPLE_INSTRUMENT;EFP_FIN;EUR;69;131.49000000;557;EXCHANGE_LAST;;1;1;XEUR;11286679;688;
20.02.2025;13:37:50.007;FGBL SI 20250306 PS;SIMPLE_INSTRUMENT;EFS;EUR;70;131.50000000;420;EXCHANGE_LAST;;1;1;XEUR;11286679;688;
20.02.2025;13:38:25.249;FGBL SI 20250306 PS;SIMPLE_INSTRUMENT;EFP_FIN;EUR;71;131.45000000;908;EXCHANGE_LAST;;1;1;XEUR;11286679;688;
20.02.2025;13:45:56.848;FGBL SI 20250306 PS;SIMPLE_INSTRUMENT;EFS;EUR;72;131.47000000;419;EXCHANGE_LAST;;1;1;XEUR;11286679;688;
20.02.2025;13:48:21.467;FGBL SI 20250306 PS;SIMPLE_INSTRUMENT;EFS;EUR;73;131.48000000;420;EXCHANGE_LAST;;1;1;XEUR;11286679;688;
20.02.2025;13:48:56.734;FGBL SI 20250306 PS;SIMPLE_INSTRUMENT;EFP_FIN;EUR;74;131.50000000;557;EXCHANGE_LAST;;1;1;XEUR;11286679;688;
20.02.2025;13:54:06.712;FGBL SI 20250306 PS;SIMPLE_INSTRUMENT;EFS;EUR;75;131.41000000;420;EXCHANGE_LAST;;1;1;XEUR;11286679;688;
20.02.2025;14:02:40.388;FGBL SI 20250306 PS;SIMPLE_INSTRUMENT;EFS;EUR;76;131.39000000;210;EXCHANGE_LAST;;1;1;XEUR;11286679;688;
20.02.2025;14:07:23.305;FGBL SI 20250306 PS;SIMPLE_INSTRUMENT;EFS;EUR;77;131.39000000;420;EXCHANGE_LAST;;1;1;XEUR;11286679;688;
20.02.2025;14:08:08.338;FGBL SI 20250306 PS;SIMPLE_INSTRUMENT;EFS;EUR;78;131.39000000;420;EXCHANGE_LAST;;1;1;XEUR;11286679;688;
20.02.2025;14:11:48.760;FGBL SI 20250306 PS;SIMPLE_INSTRUMENT;EFS;EUR;79;131.39000000;381;EXCHANGE_LAST;;1;1;XEUR;11286679;688;
20.02.2025;14:14:01.905;FGBL SI 20250306 PS;SIMPLE_INSTRUMENT;EFS;EUR;80;131.38000000;232;EXCHANGE_LAST;;1;1;XEUR;11286679;688;
20.02.2025;14:17:21.851;FGBL SI 20250306 PS;SIMPLE_INSTRUMENT;EFS;EUR;81;131.41000000;250;EXCHANGE_LAST;;1;1;XEUR;11286679;688;
20.02.2025;14:18:39.766;FGBL SI 20250306 PS;SIMPLE_INSTRUMENT;EFS;EUR;82;131.39000000;420;EXCHANGE_LAST;;1;1;XEUR;11286679;688;
20.02.2025;14:18:59.784;FGBL SI 20250306 PS;SIMPLE_INSTRUMENT;EFS;EUR;83;131.39000000;420;EXCHANGE_LAST;;1;1;XEUR;11286679;688;
20.02.2025;14:19:25.805;FGBL SI 20250306 PS;SIMPLE_INSTRUMENT;EFS;EUR;84;131.39000000;420;EXCHANGE_LAST;;1;1;XEUR;11286679;688;
20.02.2025;14:23:27.157;FGBL SI 20250306 PS;SIMPLE_INSTRUMENT;EFS;EUR;85;131.42000000;470;EXCHANGE_LAST;;1;1;XEUR;11286679;688;
20.02.2025;14:24:22.075;FGBL SI 20250306 PS;SIMPLE_INSTRUMENT;EFS;EUR;86;131.42000000;168;EXCHANGE_LAST;;1;1;XEUR;11286679;688;
20.02.2025;14:26:13.375;FGBL SI 20250306 PS;SIMPLE_INSTRUMENT;EFS;EUR;87;131.44000000;420;EXCHANGE_LAST;;1;1;XEUR;11286679;688;
20.02.2025;14:25:55.267;FGBL SI 20250306 PS;SIMPLE_INSTRUMENT;EFP_FIN;EUR;88;131.46000000;260;EXCHANGE_LAST;;1;1;XEUR;11286679;688;
20.02.2025;14:28:24.120;FGBL SI 20250306 PS;SIMPLE_INSTRUMENT;EFS;EUR;89;131.39000000;381;EXCHANGE_LAST;;1;1;XEUR;11286679;688;
20.02.2025;14:33:26.427;FGBL SI 20250306 PS;SIMPLE_INSTRUMENT;EFS;EUR;90;131.47000000;420;EXCHANGE_LAST;;1;1;XEUR;11286679;688;
20.02.2025;14:36:32.420;FGBL SI 20250306 PS;SIMPLE_INSTRUMENT;EFS;EUR;91;131.42000000;143;EXCHANGE_LAST;;1;1;XEUR;11286679;688;
20.02.2025;14:42:51.536;FGBL SI 20250306 PS;SIMPLE_INSTRUMENT;EFS;EUR;92;131.46000000;470;EXCHANGE_LAST;;1;1;XEUR;11286679;688;
20.02.2025;14:43:28.175;FGBL SI 20250306 PS;SIMPLE_INSTRUMENT;EFP_FIN;EUR;93;131.40000000;462;EXCHANGE_LAST;;1;1;XEUR;11286679;688;
20.02.2025;14:43:53.484;FGBL SI 20250306 PS;SIMPLE_INSTRUMENT;EFS;EUR;94;131.46000000;693;EXCHANGE_LAST;;1;1;XEUR;11286679;688;
20.02.2025;14:45:50.496;FGBL SI 20250306 PS;SIMPLE_INSTRUMENT;EFP_FIN;EUR;95;131.40000000;139;EXCHANGE_LAST;;1;1;XEUR;11286679;688;
20.02.2025;14:45:22.955;FGBL SI 20250306 PS;SIMPLE_INSTRUMENT;EFP_FIN;EUR;96;131.49000000;143;EXCHANGE_LAST;;1;1;XEUR;11286679;688;
20.02.2025;14:46:29.842;FGBL SI 20250306 PS;SIMPLE_INSTRUMENT;EFP_FIN;EUR;97;131.40000000;323;EXCHANGE_LAST;;1;1;XEUR;11286679;688;
20.02.2025;14:47:49.570;FGBL SI 20250306 PS;SIMPLE_INSTRUMENT;EFS;EUR;98;131.50000000;445;EXCHANGE_LAST;;1;1;XEUR;11286679;688;
20.02.2025;14:49:40.795;FGBL SI 20250306 PS;SIMPLE_INSTRUMENT;EFS;EUR;99;131.52000000;419;EXCHANGE_LAST;;1;1;XEUR;11286679;688;
20.02.2025;14:53:02.613;FGBL SI 20250306 PS;SIMPLE_INSTRUMENT;EFP_FIN;EUR;100;131.52000000;165;EXCHANGE_LAST;;1;1;XEUR;11286679;688;
20.02.2025;14:56:54.486;FGBL SI 20250306 PS;SIMPLE_INSTRUMENT;EFP_FIN;EUR;101;131.47000000;1136;EXCHANGE_LAST;;1;1;XEUR;11286679;688;
20.02.2025;15:01:53.631;FGBL SI 20250306 PS;SIMPLE_INSTRUMENT;EFS;EUR;102;131.50000000;420;EXCHANGE_LAST;;1;1;XEUR;11286679;688;
20.02.2025;15:02:21.035;FGBL SI 20250306 PS;SIMPLE_INSTRUMENT;EFP_FIN;EUR;103;131.53000000;76;EXCHANGE_LAST;;1;1;XEUR;11286679;688;
20.02.2025;15:02:56.617;FGBL SI 20250306 PS;SIMPLE_INSTRUMENT;EFP_FIN;EUR;104;131.53000000;67;EXCHANGE_LAST;;1;1;XEUR;11286679;688;
20.02.2025;15:07:01.868;FGBL SI 20250306 PS;SIMPLE_INSTRUMENT;EFS;EUR;105;131.62000000;419;EXCHANGE_LAST;;1;1;XEUR;11286679;688;
20.02.2025;15:11:07.933;FGBL SI 20250306 PS;SIMPLE_INSTRUMENT;EFP_FIN;EUR;106;131.50000000;1610;EXCHANGE_LAST;;1;1;XEUR;11286679;688;
20.02.2025;15:19:52.688;FGBL SI 20250306 PS;SIMPLE_INSTRUMENT;EFS;EUR;107;131.57000000;419;EXCHANGE_LAST;;1;1;XEUR;11286679;688;
20.02.2025;15:20:42.096;FGBL SI 20250306 PS;SIMPLE_INSTRUMENT;EFS;EUR;108;131.57000000;210;EXCHANGE_LAST;;1;1;XEUR;11286679;688;
20.02.2025;15:23:05.569;FGBL SI 20250306 PS;SIMPLE_INSTRUMENT;EFS;EUR;109;131.57000000;210;EXCHANGE_LAST;;1;1;XEUR;11286679;688;
20.02.2025;15:23:32.920;FGBL SI 20250306 PS;SIMPLE_INSTRUMENT;EFS;EUR;110;131.57000000;210;EXCHANGE_LAST;;1;1;XEUR;11286679;688;
20.02.2025;15:23:46.087;FGBL SI 20250306 PS;SIMPLE_INSTRUMENT;EFS;EUR;111;131.58000000;210;EXCHANGE_LAST;;1;1;XEUR;11286679;688;
20.02.2025;15:24:43.937;FGBL SI 20250306 PS;SIMPLE_INSTRUMENT;EFS;EUR;112;131.58000000;210;EXCHANGE_LAST;;1;1;XEUR;11286679;688;
20.02.2025;15:28:35.453;FGBL SI 20250306 PS;SIMPLE_INSTRUMENT;EFS;EUR;113;131.60000000;454;EXCHANGE_LAST;;1;1;XEUR;11286679;688;
20.02.2025;15:30:50.862;FGBL SI 20250306 PS;SIMPLE_INSTRUMENT;EFP_FIN;EUR;114;131.56000000;165;EXCHANGE_LAST;;1;1;XEUR;11286679;688;
20.02.2025;15:32:31.749;FGBL SI 20250306 PS;SIMPLE_INSTRUMENT;EFP_FIN;EUR;115;131.57000000;349;EXCHANGE_LAST;;1;1;XEUR;11286679;688;
20.02.2025;15:45:48.566;FGBL SI 20250306 PS;SIMPLE_INSTRUMENT;EFS;EUR;116;131.56000000;420;EXCHANGE_LAST;;1;1;XEUR;11286679;688;
20.02.2025;15:47:47.299;FGBL SI 20250306 PS;SIMPLE_INSTRUMENT;EFP_FIN;EUR;117;131.47000000;947;EXCHANGE_LAST;;1;1;XEUR;11286679;688;
20.02.2025;15:49:43.745;FGBL SI 20250306 PS;SIMPLE_INSTRUMENT;EFS;EUR;118;131.59000000;210;EXCHANGE_LAST;;1;1;XEUR;11286679;688;
20.02.2025;15:51:00.809;FGBL SI 20250306 PS;SIMPLE_INSTRUMENT;EFP_FIN;EUR;119;131.53000000;1394;EXCHANGE_LAST;;1;1;XEUR;11286679;688;
20.02.2025;15:51:03.808;FGBL SI 20250306 PS;SIMPLE_INSTRUMENT;EFS;EUR;120;131.61000000;419;EXCHANGE_LAST;;1;1;XEUR;11286679;688;
20.02.2025;15:52:58.146;FGBL SI 20250306 PS;SIMPLE_INSTRUMENT;EFP_FIN;EUR;121;131.57000000;1114;EXCHANGE_LAST;;1;1;XEUR;11286679;688;
20.02.2025;15:59:17.145;FGBL SI 20250306 PS;SIMPLE_INSTRUMENT;EFS;EUR;122;131.61000000;604;EXCHANGE_LAST;;1;1;XEUR;11286679;688;
20.02.2025;16:00:47.424;FGBL SI 20250306 PS;SIMPLE_INSTRUMENT;EFS;EUR;123;131.61000000;444;EXCHANGE_LAST;;1;1;XEUR;11286679;688;
20.02.2025;16:02:00.027;FGBL SI 20250306 PS;SIMPLE_INSTRUMENT;EFS;EUR;124;131.61000000;419;EXCHANGE_LAST;;1;1;XEUR;11286679;688;
20.02.2025;16:03:39.369;FGBL SI 20250306 PS;SIMPLE_INSTRUMENT;EFS;EUR;125;131.63000000;420;EXCHANGE_LAST;;1;1;XEUR;11286679;688;
20.02.2025;16:04:00.384;FGBL SI 20250306 PS;SIMPLE_INSTRUMENT;EFS;EUR;126;131.65000000;210;EXCHANGE_LAST;;1;1;XEUR;11286679;688;
20.02.2025;16:04:21.648;FGBL SI 20250306 PS;SIMPLE_INSTRUMENT;EFS;EUR;127;131.61000000;210;EXCHANGE_LAST;;1;1;XEUR;11286679;688;
20.02.2025;16:04:57.426;FGBL SI 20250306 PS;SIMPLE_INSTRUMENT;EFS;EUR;128;131.65000000;210;EXCHANGE_LAST;;1;1;XEUR;11286679;688;
20.02.2025;16:05:54.254;FGBL SI 20250306 PS;SIMPLE_INSTRUMENT;EFS;EUR;129;131.61000000;419;EXCHANGE_LAST;;1;1;XEUR;11286679;688;
20.02.2025;16:06:30.492;FGBL SI 20250306 PS;SIMPLE_INSTRUMENT;EFS;EUR;130;131.61000000;419;EXCHANGE_LAST;;1;1;XEUR;11286679;688;
20.02.2025;16:07:20.547;FGBL SI 20250306 PS;SIMPLE_INSTRUMENT;EFS;EUR;131;131.63000000;419;EXCHANGE_LAST;;1;1;XEUR;11286679;688;
20.02.2025;16:08:31.113;FGBL SI 20250306 PS;SIMPLE_INSTRUMENT;EFP_FIN;EUR;132;131.61000000;710;EXCHANGE_LAST;;1;1;XEUR;11286679;688;
20.02.2025;16:13:03.492;FGBL SI 20250306 PS;SIMPLE_INSTRUMENT;EFS;EUR;133;131.65000000;237;EXCHANGE_LAST;;1;1;XEUR;11286679;688;
20.02.2025;16:16:23.126;FGBL SI 20250306 PS;SIMPLE_INSTRUMENT;EFS;EUR;135;131.61000000;237;EXCHANGE_LAST;;1;1;XEUR;11286679;688;
20.02.2025;16:17:58.336;FGBL SI 20250306 PS;SIMPLE_INSTRUMENT;EFP_FIN;EUR;136;131.62000000;109;EXCHANGE_LAST;;1;1;XEUR;11286679;688;
20.02.2025;16:18:02.126;FGBL SI 20250306 PS;SIMPLE_INSTRUMENT;EFS;EUR;137;131.62000000;419;EXCHANGE_LAST;;1;1;XEUR;11286679;688;
20.02.2025;16:21:32.308;FGBL SI 20250306 PS;SIMPLE_INSTRUMENT;EFS;EUR;138;131.62000000;419;EXCHANGE_LAST;;1;1;XEUR;11286679;688;
20.02.2025;16:21:42.318;FGBL SI 20250306 PS;SIMPLE_INSTRUMENT;EFS;EUR;139;131.62000000;419;EXCHANGE_LAST;;1;1;XEUR;11286679;688;
20.02.2025;16:22:10.460;FGBL SI 20250306 PS;SIMPLE_INSTRUMENT;EFP_FIN;EUR;140;131.62000000;155;EXCHANGE_LAST;;1;1;XEUR;11286679;688;
20.02.2025;16:26:41.243;FGBL SI 20250306 PS;SIMPLE_INSTRUMENT;EFS;EUR;141;131.62000000;798;EXCHANGE_LAST;;1;1;XEUR;11286679;688;
20.02.2025;16:31:42.740;FGBL SI 20250306 PS;SIMPLE_INSTRUMENT;EFS;EUR;142;131.64000000;419;EXCHANGE_LAST;;1;1;XEUR;11286679;688;
20.02.2025;16:37:54.696;FGBL SI 20250306 PS;SIMPLE_INSTRUMENT;EFS;EUR;143;131.65000000;237;EXCHANGE_LAST;;1;1;XEUR;11286679;688;
20.02.2025;16:41:25.034;FGBL SI 20250306 PS;SIMPLE_INSTRUMENT;EFS;EUR;144;131.67000000;419;EXCHANGE_LAST;;1;1;XEUR;11286679;688;
20.02.2025;16:43:16.294;FGBL SI 20250306 PS;SIMPLE_INSTRUMENT;EFS;EUR;145;131.63000000;200;EXCHANGE_LAST;;1;1;XEUR;11286679;688;
20.02.2025;16:54:34.482;FGBL SI 20250306 PS;SIMPLE_INSTRUMENT;EFS;EUR;146;131.62000000;1200;EXCHANGE_LAST;;1;1;XEUR;11286679;688;
20.02.2025;16:55:24.725;FGBL SI 20250306 PS;SIMPLE_INSTRUMENT;EFS;EUR;147;131.61000000;420;EXCHANGE_LAST;;1;1;XEUR;11286679;688;
20.02.2025;16:55:54.749;FGBL SI 20250306 PS;SIMPLE_INSTRUMENT;EFS;EUR;148;131.60000000;419;EXCHANGE_LAST;;1;1;XEUR;11286679;688;
20.02.2025;17:04:21.718;FGBL SI 20250306 PS;SIMPLE_INSTRUMENT;EFS;EUR;149;131.62000000;419;EXCHANGE_LAST;;1;1;XEUR;11286679;688;
20.02.2025;17:08:41.600;FGBL SI 20250306 PS;SIMPLE_INSTRUMENT;EFP_FIN;EUR;150;131.63000000;147;EXCHANGE_LAST;;1;1;XEUR;11286679;688;
20.02.2025;08:58:44.015;FGBL SI 20250306 PS;SIMPLE_INSTRUMENT;VOLA;EUR;268435475;131.35000000;30;EXCHANGE_LAST;;1;1;XEUR;11286679;688;
20.02.2025;11:06:36.351;FGBL SI 20250606 PS;SIMPLE_INSTRUMENT;VOLA;EUR;268435496;130.73000000;1265;EXCHANGE_LAST;;1;1;XEUR;11820389;688;
20.02.2025;11:07:10.631;FGBL SI 20250606 PS;SIMPLE_INSTRUMENT;VOLA;EUR;268435497;130.73000000;1265;EXCHANGE_LAST;;1;1;XEUR;11820389;688;
20.02.2025;11:41:07.133;FGBL SI 20250306 PS;SIMPLE_INSTRUMENT;VOLA;EUR;268435506;131.40000000;68;EXCHANGE_LAST;;1;1;XEUR;11286679;688;
20.02.2025;11:44:41.940;FGBL SI 20250306 PS;SIMPLE_INSTRUMENT;VOLA;EUR;268435507;131.40000000;67;EXCHANGE_LAST;;1;1;XEUR;11286679;688;
20.02.2025;12:16:12.588;FGBL SI 20250306 PS;SIMPLE_INSTRUMENT;VOLA;EUR;268435512;131.32000000;35;EXCHANGE_LAST;;1;1;XEUR;11286679;688;
20.02.2025;12:38:04.276;FGBL SI 20250306 PS;SIMPLE_INSTRUMENT;VOLA;EUR;268435516;131.40000000;133;EXCHANGE_LAST;;1;1;XEUR;11286679;688;
20.02.2025;12:54:14.666;FGBL SI 20250306 PS;SIMPLE_INSTRUMENT;VOLA;EUR;268435525;131.38000000;35;EXCHANGE_LAST;;1;1;XEUR;11286679;688;
20.02.2025;13:30:14.000;FGBL SI 20250306 PS;SIMPLE_INSTRUMENT;VOLA;EUR;268435531;131.49000000;43;EXCHANGE_LAST;;1;1;XEUR;11286679;688;
20.02.2025;14:25:42.908;FGBL SI 20250306 PS;SIMPLE_INSTRUMENT;VOLA;EUR;268435544;131.40000000;100;EXCHANGE_LAST;;1;1;XEUR;11286679;688;
20.02.2025;16:20:44.651;FGBL SI 20250306 PS;SIMPLE_INSTRUMENT;VOLA;EUR;268435585;131.40000000;360;EXCHANGE_LAST;;1;1;XEUR;11286679;688;
20.02.2025;16:32:18.510;FGBL SI 20250606 PS;SIMPLE_INSTRUMENT;VOLA;EUR;268435594;130.68000000;38;EXCHANGE_LAST;;1;1;XEUR;11820389;688;
20.02.2025;16:34:22.018;FGBL SI 20250606 PS;SIMPLE_INSTRUMENT;VOLA;EUR;268435595;130.68000000;37;EXCHANGE_LAST;;1;1;XEUR;11820389;688;
20.02.2025;16:37:56.574;FGBL SI 20250306 PS;SIMPLE_INSTRUMENT;VOLA;EUR;268435602;131.65000000;42;EXCHANGE_LAST;;1;1;XEUR;11286679;688;
20.02.2025;08:00:11.473;FGBM SI 20250306 PS;SIMPLE_INSTRUMENT;EFS;EUR;1;117.00000000;1000;EXCHANGE_LAST;;1;1;XEUR;11286680;689;
20.02.2025;08:13:21.047;FGBM SI 20250306 PS;SIMPLE_INSTRUMENT;EFS;EUR;2;116.96000000;463;EXCHANGE_LAST;;1;1;XEUR;11286680;689;
20.02.2025;08:16:38.334;FGBM SI 20250306 PS;SIMPLE_INSTRUMENT;EFS;EUR;3;116.97000000;925;EXCHANGE_LAST;;1;1;XEUR;11286680;689;
20.02.2025;08:19:38.163;FGBM SI 20250306 PS;SIMPLE_INSTRUMENT;EFS;EUR;4;116.95000000;925;EXCHANGE_LAST;;1;1;XEUR;11286680;689;
20.02.2025;08:22:24.437;FGBM SI 20250306 PS;SIMPLE_INSTRUMENT;EFS;EUR;5;116.94000000;925;EXCHANGE_LAST;;1;1;XEUR;11286680;689;
20.02.2025;08:23:27.862;FGBM SI 20250306 PS;SIMPLE_INSTRUMENT;EFS;EUR;6;116.97000000;925;EXCHANGE_LAST;;1;1;XEUR;11286680;689;
20.02.2025;08:24:11.678;FGBM SI 20250306 PS;SIMPLE_INSTRUMENT;EFS;EUR;7;116.97000000;925;EXCHANGE_LAST;;1;1;XEUR;11286680;689;
20.02.2025;08:25:10.225;FGBM SI 20250306 PS;SIMPLE_INSTRUMENT;EFS;EUR;8;116.97000000;925;EXCHANGE_LAST;;1;1;XEUR;11286680;689;
20.02.2025;08:27:40.312;FGBM SI 20250306 PS;SIMPLE_INSTRUMENT;EFS;EUR;9;116.95000000;750;EXCHANGE_LAST;;1;1;XEUR;11286680;689;
20.02.2025;08:33:03.762;FGBM SI 20250306 PS;SIMPLE_INSTRUMENT;EFS;EUR;10;116.96000000;762;EXCHANGE_LAST;;1;1;XEUR;11286680;689;
20.02.2025;08:36:13.068;FGBM SI 20250306 PS;SIMPLE_INSTRUMENT;EFS;EUR;11;116.96000000;500;EXCHANGE_LAST;;1;1;XEUR;11286680;689;
20.02.2025;08:36:55.306;FGBM SI 20250306 PS;SIMPLE_INSTRUMENT;EFS;EUR;12;116.95000000;463;EXCHANGE_LAST;;1;1;XEUR;11286680;689;
20.02.2025;08:43:32.817;FGBM SI 20250306 PS;SIMPLE_INSTRUMENT;EFP_FIN;EUR;13;116.95000000;498;EXCHANGE_LAST;;1;1;XEUR;11286680;689;
20.02.2025;08:47:12.236;FGBM SI 20250306 PS;SIMPLE_INSTRUMENT;EFP_FIN;EUR;14;116.92000000;664;EXCHANGE_LAST;;1;1;XEUR;11286680;689;
20.02.2025;08:54:12.563;FGBM SI 20250306 PS;SIMPLE_INSTRUMENT;EFS;EUR;15;116.94000000;926;EXCHANGE_LAST;;1;1;XEUR;11286680;689;
20.02.2025;08:56:02.103;FGBM SI 20250306 PS;SIMPLE_INSTRUMENT;EFS;EUR;16;116.94000000;925;EXCHANGE_LAST;;1;1;XEUR;11286680;689;
20.02.2025;08:59:23.619;FGBM SI 20250306 PS;SIMPLE_INSTRUMENT;EFS;EUR;17;116.94000000;1184;EXCHANGE_LAST;;1;1;XEUR;11286680;689;
20.02.2025;09:00:51.672;FGBM SI 20250306 PS;SIMPLE_INSTRUMENT;EFS;EUR;18;116.94000000;1184;EXCHANGE_LAST;;1;1;XEUR;11286680;689;
20.02.2025;09:09:08.321;FGBM SI 20250306 PS;SIMPLE_INSTRUMENT;EFP_FIN;EUR;19;116.90000000;945;EXCHANGE_LAST;;1;1;XEUR;11286680;689;
20.02.2025;09:16:11.430;FGBM SI 20250306 PS;SIMPLE_INSTRUMENT;EFP_FIN;EUR;20;116.93000000;332;EXCHANGE_LAST;;1;1;XEUR;11286680;689;
20.02.2025;09:34:39.484;FGBM SI 20250306 PS;SIMPLE_INSTRUMENT;EFP_FIN;EUR;21;116.95000000;166;EXCHANGE_LAST;;1;1;XEUR;11286680;689;
20.02.2025;09:40:31.706;FGBM SI 20250306 PS;SIMPLE_INSTRUMENT;EFP_FIN;EUR;22;116.94000000;227;EXCHANGE_LAST;;1;1;XEUR;11286680;689;
20.02.2025;09:45:35.314;FGBM SI 20250306 PS;SIMPLE_INSTRUMENT;EFP_FIN;EUR;23;116.95000000;498;EXCHANGE_LAST;;1;1;XEUR;11286680;689;
20.02.2025;09:52:11.356;FGBM SI 20250306 PS;SIMPLE_INSTRUMENT;EFP_FIN;EUR;24;116.94000000;908;EXCHANGE_LAST;;1;1;XEUR;11286680;689;
20.02.2025;09:52:23.427;FGBM SI 20250306 PS;SIMPLE_INSTRUMENT;EFS;EUR;25;116.94000000;463;EXCHANGE_LAST;;1;1;XEUR;11286680;689;
20.02.2025;09:52:39.049;FGBM SI 20250306 PS;SIMPLE_INSTRUMENT;EFS;EUR;26;116.95000000;463;EXCHANGE_LAST;;1;1;XEUR;11286680;689;
20.02.2025;09:53:20.644;FGBM SI 20250306 PS;SIMPLE_INSTRUMENT;EFS;EUR;27;116.93000000;463;EXCHANGE_LAST;;1;1;XEUR;11286680;689;
20.02.2025;09:55:28.733;FGBM SI 20250306 PS;SIMPLE_INSTRUMENT;EFS;EUR;28;116.92000000;926;EXCHANGE_LAST;;1;1;XEUR;11286680;689;
20.02.2025;09:57:30.270;FGBM SI 20250306 PS;SIMPLE_INSTRUMENT;EFS;EUR;29;116.93000000;463;EXCHANGE_LAST;;1;1;XEUR;11286680;689;
20.02.2025;09:59:08.748;FGBM SI 20250306 PS;SIMPLE_INSTRUMENT;EFP_FIN;EUR;30;116.95000000;332;EXCHANGE_LAST;;1;1;XEUR;11286680;689;
20.02.2025;09:59:25.838;FGBM SI 20250306 PS;SIMPLE_INSTRUMENT;EFP_FIN;EUR;31;116.93000000;166;EXCHANGE_LAST;;1;1;XEUR;11286680;689;
20.02.2025;09:59:46.974;FGBM SI 20250306 PS;SIMPLE_INSTRUMENT;EFP_FIN;EUR;32;116.93000000;166;EXCHANGE_LAST;;1;1;XEUR;11286680;689;
20.02.2025;10:23:07.485;FGBM SI 20250306 PS;SIMPLE_INSTRUMENT;EFS;EUR;33;116.95000000;952;EXCHANGE_LAST;;1;1;XEUR;11286680;689;
20.02.2025;10:24:40.048;FGBM SI 20250306 PS;SIMPLE_INSTRUMENT;EFP_FIN;EUR;34;116.95000000;910;EXCHANGE_LAST;;1;1;XEUR;11286680;689;
20.02.2025;10:25:23.972;FGBM SI 20250306 PS;SIMPLE_INSTRUMENT;EFP_FIN;EUR;35;116.95000000;455;EXCHANGE_LAST;;1;1;XEUR;11286680;689;
20.02.2025;10:32:59.403;FGBM SI 20250306 PS;SIMPLE_INSTRUMENT;EFS;EUR;36;116.96000000;397;EXCHANGE_LAST;;1;1;XEUR;11286680;689;
20.02.2025;10:42:27.529;FGBM SI 20250306 PS;SIMPLE_INSTRUMENT;EFS;EUR;37;116.97000000;1771;EXCHANGE_LAST;;1;1;XEUR;11286680;689;
20.02.2025;11:03:31.125;FGBM SI 20250306 PS;SIMPLE_INSTRUMENT;EFS;EUR;38;116.93000000;463;EXCHANGE_LAST;;1;1;XEUR;11286680;689;
20.02.2025;11:05:19.789;FGBM SI 20250306 PS;SIMPLE_INSTRUMENT;EFS;EUR;39;116.93000000;430;EXCHANGE_LAST;;1;1;XEUR;11286680;689;
20.02.2025;11:06:53.729;FGBM SI 20250306 PS;SIMPLE_INSTRUMENT;EFP_FIN;EUR;40;116.95000000;80;EXCHANGE_LAST;;1;1;XEUR;11286680;689;
20.02.2025;11:10:23.040;FGBM SI 20250306 PS;SIMPLE_INSTRUMENT;EFP_FIN;EUR;41;116.93000000;439;EXCHANGE_LAST;;1;1;XEUR;11286680;689;
20.02.2025;11:13:56.663;FGBM SI 20250306 PS;SIMPLE_INSTRUMENT;EFS;EUR;42;116.92000000;1428;EXCHANGE_LAST;;1;1;XEUR;11286680;689;
20.02.2025;11:21:59.294;FGBM SI 20250306 PS;SIMPLE_INSTRUMENT;EFP_FIN;EUR;44;116.96000000;540;EXCHANGE_LAST;;1;1;XEUR;11286680;689;
20.02.2025;11:20:54.357;FGBM SI 20250306 PS;SIMPLE_INSTRUMENT;EFP_FIN;EUR;45;116.92000000;455;EXCHANGE_LAST;;1;1;XEUR;11286680;689;
20.02.2025;11:22:08.317;FGBM SI 20250306 PS;SIMPLE_INSTRUMENT;EFP_FIN;EUR;47;116.96000000;1183;EXCHANGE_LAST;;1;1;XEUR;11286680;689;
20.02.2025;11:27:54.526;FGBM SI 20250306 PS;SIMPLE_INSTRUMENT;EFS;EUR;48;116.91000000;925;EXCHANGE_LAST;;1;1;XEUR;11286680;689;
20.02.2025;11:31:19.512;FGBM SI 20250306 PS;SIMPLE_INSTRUMENT;EFP_FIN;EUR;49;116.96000000;108;EXCHANGE_LAST;;1;1;XEUR;11286680;689;
20.02.2025;11:30:05.447;FGBM SI 20250306 PS;SIMPLE_INSTRUMENT;EFP_FIN;EUR;50;116.96000000;270;EXCHANGE_LAST;;1;1;XEUR;11286680;689;
20.02.2025;11:31:13.366;FGBM SI 20250306 PS;SIMPLE_INSTRUMENT;EFS;EUR;51;116.91000000;463;EXCHANGE_LAST;;1;1;XEUR;11286680;689;
20.02.2025;11:33:00.441;FGBM SI 20250306 PS;SIMPLE_INSTRUMENT;EFS;EUR;52;116.91000000;500;EXCHANGE_LAST;;1;1;XEUR;11286680;689;
20.02.2025;11:39:03.845;FGBM SI 20250306 PS;SIMPLE_INSTRUMENT;EFP_FIN;EUR;53;116.91000000;64;EXCHANGE_LAST;;1;1;XEUR;11286680;689;
20.02.2025;11:52:50.297;FGBM SI 20250306 PS;SIMPLE_INSTRUMENT;EFS;EUR;54;116.91000000;926;EXCHANGE_LAST;;1;1;XEUR;11286680;689;
20.02.2025;12:06:04.926;FGBM SI 20250306 PS;SIMPLE_INSTRUMENT;EFP_FIN;EUR;55;116.91000000;185;EXCHANGE_LAST;;1;1;XEUR;11286680;689;
20.02.2025;12:00:37.327;FGBM SI 20250306 PS;SIMPLE_INSTRUMENT;EFS;EUR;56;116.92000000;497;EXCHANGE_LAST;;1;1;XEUR;11286680;689;
20.02.2025;12:03:22.228;FGBM SI 20250306 PS;SIMPLE_INSTRUMENT;EFP_FIN;EUR;57;116.92000000;496;EXCHANGE_LAST;;1;1;XEUR;11286680;689;
20.02.2025;12:09:12.022;FGBM SI 20250306 PS;SIMPLE_INSTRUMENT;EFS;EUR;58;116.94000000;926;EXCHANGE_LAST;;1;1;XEUR;11286680;689;
20.02.2025;12:19:30.275;FGBM SI 20250306 PS;SIMPLE_INSTRUMENT;EFS;EUR;59;116.92000000;603;EXCHANGE_LAST;;1;1;XEUR;11286680;689;
20.02.2025;12:19:47.533;FGBM SI 20250306 PS;SIMPLE_INSTRUMENT;EFS;EUR;60;116.96000000;463;EXCHANGE_LAST;;1;1;XEUR;11286680;689;
20.02.2025;12:19:52.537;FGBM SI 20250306 PS;SIMPLE_INSTRUMENT;EFS;EUR;61;116.96000000;926;EXCHANGE_LAST;;1;1;XEUR;11286680;689;
20.02.2025;12:20:02.547;FGBM SI 20250306 PS;SIMPLE_INSTRUMENT;EFS;EUR;62;116.96000000;463;EXCHANGE_LAST;;1;1;XEUR;11286680;689;
20.02.2025;12:20:08.552;FGBM SI 20250306 PS;SIMPLE_INSTRUMENT;EFS;EUR;63;116.96000000;926;EXCHANGE_LAST;;1;1;XEUR;11286680;689;
20.02.2025;12:22:39.474;FGBM SI 20250306 PS;SIMPLE_INSTRUMENT;EFS;EUR;64;116.95000000;231;EXCHANGE_LAST;;1;1;XEUR;11286680;689;
20.02.2025;12:20:48.584;FGBM SI 20250306 PS;SIMPLE_INSTRUMENT;EFS;EUR;65;116.96000000;2778;EXCHANGE_LAST;;1;1;XEUR;11286680;689;
20.02.2025;12:21:03.445;FGBM SI 20250306 PS;SIMPLE_INSTRUMENT;EFP_FIN;EUR;66;116.91000000;332;EXCHANGE_LAST;;1;1;XEUR;11286680;689;
20.02.2025;12:21:22.278;FGBM SI 20250306 PS;SIMPLE_INSTRUMENT;BLOCK;EUR;67;116.94000000;10000;EXCHANGE_LAST;;1;1;XEUR;11286680;689;
20.02.2025;12:24:45.233;FGBM SI 20250306 PS;SIMPLE_INSTRUMENT;EFS;EUR;69;116.95000000;231;EXCHANGE_LAST;;1;1;XEUR;11286680;689;
20.02.2025;12:27:25.537;FGBM SI 20250306 PS;SIMPLE_INSTRUMENT;EFS;EUR;70;116.95000000;298;EXCHANGE_LAST;;1;1;XEUR;11286680;689;
20.02.2025;12:36:00.868;FGBM SI 20250306 PS;SIMPLE_INSTRUMENT;EFS;EUR;71;116.96000000;463;EXCHANGE_LAST;;1;1;XEUR;11286680;689;
20.02.2025;12:42:12.105;FGBM SI 20250306 PS;SIMPLE_INSTRUMENT;EFP_FIN;EUR;72;116.94000000;1024;EXCHANGE_LAST;;1;1;XEUR;11286680;689;
20.02.2025;12:42:18.636;FGBM SI 20250306 PS;SIMPLE_INSTRUMENT;EFP_FIN;EUR;73;116.96000000;166;EXCHANGE_LAST;;1;1;XEUR;11286680;689;
20.02.2025;12:46:34.126;FGBM SI 20250306 PS;SIMPLE_INSTRUMENT;EFS;EUR;74;116.96000000;952;EXCHANGE_LAST;;1;1;XEUR;11286680;689;
20.02.2025;12:51:49.316;FGBM SI 20250306 PS;SIMPLE_INSTRUMENT;EFP_FIN;EUR;75;116.96000000;431;EXCHANGE_LAST;;1;1;XEUR;11286680;689;
20.02.2025;12:52:08.541;FGBM SI 20250306 PS;SIMPLE_INSTRUMENT;EFS;EUR;76;116.97000000;644;EXCHANGE_LAST;;1;1;XEUR;11286680;689;
20.02.2025;12:52:21.094;FGBM SI 20250306 PS;SIMPLE_INSTRUMENT;EFP_FIN;EUR;77;116.95000000;765;EXCHANGE_LAST;;1;1;XEUR;11286680;689;
20.02.2025;12:53:41.046;FGBM SI 20250306 PS;SIMPLE_INSTRUMENT;EFP_FIN;EUR;78;116.92000000;682;EXCHANGE_LAST;;1;1;XEUR;11286680;689;
20.02.2025;12:54:58.103;FGBM SI 20250306 PS;SIMPLE_INSTRUMENT;EFP_FIN;EUR;79;116.92000000;909;EXCHANGE_LAST;;1;1;XEUR;11286680;689;
20.02.2025;12:58:03.470;FGBM SI 20250306 PS;SIMPLE_INSTRUMENT;EFP_FIN;EUR;80;116.97000000;1424;EXCHANGE_LAST;;1;1;XEUR;11286680;689;
20.02.2025;13:02:16.978;FGBM SI 20250306 PS;SIMPLE_INSTRUMENT;EFP_FIN;EUR;81;116.96000000;1424;EXCHANGE_LAST;;1;1;XEUR;11286680;689;
20.02.2025;13:03:10.624;FGBM SI 20250306 PS;SIMPLE_INSTRUMENT;EFP_FIN;EUR;82;116.92000000;431;EXCHANGE_LAST;;1;1;XEUR;11286680;689;
20.02.2025;13:25:00.769;FGBM SI 20250306 PS;SIMPLE_INSTRUMENT;EFS;EUR;83;117.00000000;262;EXCHANGE_LAST;;1;1;XEUR;11286680;689;
20.02.2025;13:37:05.974;FGBM SI 20250306 PS;SIMPLE_INSTRUMENT;EFS;EUR;84;117.00000000;926;EXCHANGE_LAST;;1;1;XEUR;11286680;689;
20.02.2025;13:38:40.037;FGBM SI 20250306 PS;SIMPLE_INSTRUMENT;EFS;EUR;85;117.00000000;463;EXCHANGE_LAST;;1;1;XEUR;11286680;689;
20.02.2025;13:38:50.047;FGBM SI 20250306 PS;SIMPLE_INSTRUMENT;EFS;EUR;86;117.00000000;463;EXCHANGE_LAST;;1;1;XEUR;11286680;689;
20.02.2025;13:52:12.464;FGBM SI 20250306 PS;SIMPLE_INSTRUMENT;EFS;EUR;87;116.99000000;951;EXCHANGE_LAST;;1;1;XEUR;11286680;689;
20.02.2025;13:54:56.754;FGBM SI 20250306 PS;SIMPLE_INSTRUMENT;EFS;EUR;88;116.96000000;926;EXCHANGE_LAST;;1;1;XEUR;11286680;689;
20.02.2025;14:00:42.843;FGBM SI 20250306 PS;SIMPLE_INSTRUMENT;EFP_FIN;EUR;89;116.97000000;901;EXCHANGE_LAST;;1;1;XEUR;11286680;689;
20.02.2025;14:33:51.449;FGBM SI 20250306 PS;SIMPLE_INSTRUMENT;EFS;EUR;90;117.01000000;926;EXCHANGE_LAST;;1;1;XEUR;11286680;689;
20.02.2025;14:36:25.900;FGBM SI 20250306 PS;SIMPLE_INSTRUMENT;EFP_FIN;EUR;91;116.99000000;2588;EXCHANGE_LAST;;1;1;XEUR;11286680;689;
20.02.2025;14:36:53.975;FGBM SI 20250306 PS;SIMPLE_INSTRUMENT;EFS;EUR;92;116.99000000;925;EXCHANGE_LAST;;1;1;XEUR;11286680;689;
20.02.2025;14:37:35.248;FGBM SI 20250306 PS;SIMPLE_INSTRUMENT;EFS;EUR;93;117.00000000;925;EXCHANGE_LAST;;1;1;XEUR;11286680;689;
20.02.2025;14:40:39.695;FGBM SI 20250306 PS;SIMPLE_INSTRUMENT;EFS;EUR;94;116.98000000;1463;EXCHANGE_LAST;;1;1;XEUR;11286680;689;
20.02.2025;14:42:47.366;FGBM SI 20250306 PS;SIMPLE_INSTRUMENT;EFS;EUR;95;116.98000000;978;EXCHANGE_LAST;;1;1;XEUR;11286680;689;
20.02.2025;14:46:36.076;FGBM SI 20250306 PS;SIMPLE_INSTRUMENT;EFS;EUR;96;117.00000000;925;EXCHANGE_LAST;;1;1;XEUR;11286680;689;
20.02.2025;14:52:34.703;FGBM SI 20250306 PS;SIMPLE_INSTRUMENT;EFS;EUR;97;117.02000000;925;EXCHANGE_LAST;;1;1;XEUR;11286680;689;
20.02.2025;14:53:18.932;FGBM SI 20250306 PS;SIMPLE_INSTRUMENT;EFS;EUR;98;117.01000000;925;EXCHANGE_LAST;;1;1;XEUR;11286680;689;
20.02.2025;14:58:24.171;FGBM SI 20250306 PS;SIMPLE_INSTRUMENT;EFS;EUR;99;117.02000000;925;EXCHANGE_LAST;;1;1;XEUR;11286680;689;
20.02.2025;14:59:01.304;FGBM SI 20250306 PS;SIMPLE_INSTRUMENT;EFS;EUR;100;117.01000000;462;EXCHANGE_LAST;;1;1;XEUR;11286680;689;
20.02.2025;14:59:38.396;FGBM SI 20250306 PS;SIMPLE_INSTRUMENT;EFS;EUR;101;117.00000000;925;EXCHANGE_LAST;;1;1;XEUR;11286680;689;
20.02.2025;15:03:20.849;FGBM SI 20250306 PS;SIMPLE_INSTRUMENT;EFP_FIN;EUR;102;117.02000000;159;EXCHANGE_LAST;;1;1;XEUR;11286680;689;
20.02.2025;15:03:23.704;FGBM SI 20250306 PS;SIMPLE_INSTRUMENT;EFS;EUR;103;117.01000000;926;EXCHANGE_LAST;;1;1;XEUR;11286680;689;
20.02.2025;15:03:33.714;FGBM SI 20250306 PS;SIMPLE_INSTRUMENT;EFS;EUR;104;117.01000000;926;EXCHANGE_LAST;;1;1;XEUR;11286680;689;
20.02.2025;15:05:38.484;FGBM SI 20250306 PS;SIMPLE_INSTRUMENT;EFP_FIN;EUR;105;117.00000000;166;EXCHANGE_LAST;;1;1;XEUR;11286680;689;
20.02.2025;15:05:01.493;FGBM SI 20250306 PS;SIMPLE_INSTRUMENT;EFP_FIN;EUR;106;117.01000000;510;EXCHANGE_LAST;;1;1;XEUR;11286680;689;
20.02.2025;15:09:08.955;FGBM SI 20250306 PS;SIMPLE_INSTRUMENT;EFS;EUR;107;117.05000000;926;EXCHANGE_LAST;;1;1;XEUR;11286680;689;
20.02.2025;15:10:01.121;FGBM SI 20250306 PS;SIMPLE_INSTRUMENT;EFS;EUR;108;117.00000000;600;EXCHANGE_LAST;;1;1;XEUR;11286680;689;
20.02.2025;15:11:13.422;FGBM SI 20250306 PS;SIMPLE_INSTRUMENT;EFS;EUR;109;117.05000000;926;EXCHANGE_LAST;;1;1;XEUR;11286680;689;
20.02.2025;15:18:58.977;FGBM SI 20250306 PS;SIMPLE_INSTRUMENT;EFS;EUR;110;117.03000000;462;EXCHANGE_LAST;;1;1;XEUR;11286680;689;
20.02.2025;15:25:11.039;FGBM SI 20250306 PS;SIMPLE_INSTRUMENT;EFS;EUR;111;117.05000000;1985;EXCHANGE_LAST;;1;1;XEUR;11286680;689;
20.02.2025;15:38:05.603;FGBM SI 20250306 PS;SIMPLE_INSTRUMENT;EFP_FIN;EUR;113;117.02000000;431;EXCHANGE_LAST;;1;1;XEUR;11286680;689;
20.02.2025;15:39:19.814;FGBM SI 20250306 PS;SIMPLE_INSTRUMENT;EFS;EUR;114;117.01000000;1424;EXCHANGE_LAST;;1;1;XEUR;11286680;689;
20.02.2025;15:39:39.086;FGBM SI 20250306 PS;SIMPLE_INSTRUMENT;EFS;EUR;115;116.99000000;760;EXCHANGE_LAST;;1;1;XEUR;11286680;689;
20.02.2025;15:47:18.093;FGBM SI 20250306 PS;SIMPLE_INSTRUMENT;EFS;EUR;116;117.04000000;1412;EXCHANGE_LAST;;1;1;XEUR;11286680;689;
20.02.2025;15:51:02.910;FGBM SI 20250306 PS;SIMPLE_INSTRUMENT;EFS;EUR;117;117.04000000;1994;EXCHANGE_LAST;;1;1;XEUR;11286680;689;
20.02.2025;16:07:47.647;FGBM SI 20250306 PS;SIMPLE_INSTRUMENT;EFS;EUR;118;117.09000000;925;EXCHANGE_LAST;;1;1;XEUR;11286680;689;
20.02.2025;16:16:14.125;FGBM SI 20250306 PS;SIMPLE_INSTRUMENT;EFS;EUR;119;117.06000000;496;EXCHANGE_LAST;;1;1;XEUR;11286680;689;
20.02.2025;16:19:34.535;FGBM SI 20250306 PS;SIMPLE_INSTRUMENT;EFP_FIN;EUR;120;117.01000000;510;EXCHANGE_LAST;;1;1;XEUR;11286680;689;
20.02.2025;16:24:00.235;FGBM SI 20250306 PS;SIMPLE_INSTRUMENT;EFP_FIN;EUR;121;117.07000000;66;EXCHANGE_LAST;;1;1;XEUR;11286680;689;
20.02.2025;16:28:50.896;FGBM SI 20250306 PS;SIMPLE_INSTRUMENT;EFS;EUR;123;117.06000000;462;EXCHANGE_LAST;;1;1;XEUR;11286680;689;
20.02.2025;16:29:09.316;FGBM SI 20250306 PS;SIMPLE_INSTRUMENT;EFS;EUR;124;117.06000000;925;EXCHANGE_LAST;;1;1;XEUR;11286680;689;
20.02.2025;16:29:27.683;FGBM SI 20250306 PS;SIMPLE_INSTRUMENT;EFP_FIN;EUR;125;117.05000000;196;EXCHANGE_LAST;;1;1;XEUR;11286680;689;
20.02.2025;16:30:16.131;FGBM SI 20250306 PS;SIMPLE_INSTRUMENT;EFS;EUR;126;117.06000000;2956;EXCHANGE_LAST;;1;1;XEUR;11286680;689;
20.02.2025;16:32:56.268;FGBM SI 20250306 PS;SIMPLE_INSTRUMENT;EFP_FIN;EUR;127;117.05000000;455;EXCHANGE_LAST;;1;1;XEUR;11286680;689;
20.02.2025;16:32:27.777;FGBM SI 20250306 PS;SIMPLE_INSTRUMENT;EFS;EUR;128;117.06000000;463;EXCHANGE_LAST;;1;1;XEUR;11286680;689;
20.02.2025;16:34:07.857;FGBM SI 20250306 PS;SIMPLE_INSTRUMENT;EFS;EUR;129;117.05000000;463;EXCHANGE_LAST;;1;1;XEUR;11286680;689;
20.02.2025;16:35:02.852;FGBM SI 20250306 PS;SIMPLE_INSTRUMENT;EFP_FIN;EUR;130;117.05000000;196;EXCHANGE_LAST;;1;1;XEUR;11286680;689;
20.02.2025;16:53:36.921;FGBM SI 20250306 PS;SIMPLE_INSTRUMENT;EFS;EUR;131;117.08000000;1000;EXCHANGE_LAST;;1;1;XEUR;11286680;689;
20.02.2025;17:01:42.261;FGBM SI 20250306 PS;SIMPLE_INSTRUMENT;EFS;EUR;132;117.05000000;873;EXCHANGE_LAST;;1;1;XEUR;11286680;689;
20.02.2025;08:24:00.424;FGBS SI 20250306 PS;SIMPLE_INSTRUMENT;EFP_FIN;EUR;1;106.65500000;2500;EXCHANGE_LAST;;1;1;XEUR;11286681;690;
20.02.2025;08:43:30.881;FGBS SI 20250306 PS;SIMPLE_INSTRUMENT;EFP_FIN;EUR;2;106.66000000;330;EXCHANGE_LAST;;1;1;XEUR;11286681;690;
20.02.2025;08:41:04.603;FGBS SI 20250306 PS;SIMPLE_INSTRUMENT;EFP_FIN;EUR;3;106.66500000;2500;EXCHANGE_LAST;;1;1;XEUR;11286681;690;
20.02.2025;08:41:44.765;FGBS SI 20250306 PS;SIMPLE_INSTRUMENT;EFS;EUR;4;106.66000000;2745;EXCHANGE_LAST;;1;1;XEUR;11286681;690;
20.02.2025;08:45:50.593;FGBS SI 20250306 PS;SIMPLE_INSTRUMENT;EFP_FIN;EUR;5;106.66000000;4114;EXCHANGE_LAST;;1;1;XEUR;11286681;690;
20.02.2025;08:48:17.298;FGBS SI 20250306 PS;SIMPLE_INSTRUMENT;EFP_FIN;EUR;6;106.66000000;1449;EXCHANGE_LAST;;1;1;XEUR;11286681;690;
20.02.2025;09:22:40.288;FGBS SI 20250306 PS;SIMPLE_INSTRUMENT;EFP_FIN;EUR;7;106.66000000;149;EXCHANGE_LAST;;1;1;XEUR;11286681;690;
20.02.2025;09:23:04.630;FGBS SI 20250306 PS;SIMPLE_INSTRUMENT;EFP_FIN;EUR;8;106.66000000;223;EXCHANGE_LAST;;1;1;XEUR;11286681;690;
20.02.2025;09:30:48.815;FGBS SI 20250306 PS;SIMPLE_INSTRUMENT;EFP_FIN;EUR;9;106.66000000;495;EXCHANGE_LAST;;1;1;XEUR;11286681;690;
20.02.2025;09:31:29.542;FGBS SI 20250306 PS;SIMPLE_INSTRUMENT;EFS;EUR;10;106.65500000;2745;EXCHANGE_LAST;;1;1;XEUR;11286681;690;
20.02.2025;09:32:43.829;FGBS SI 20250306 PS;SIMPLE_INSTRUMENT;EFP_FIN;EUR;11;106.66000000;496;EXCHANGE_LAST;;1;1;XEUR;11286681;690;
20.02.2025;09:34:54.198;FGBS SI 20250306 PS;SIMPLE_INSTRUMENT;EFP_FIN;EUR;12;106.66000000;248;EXCHANGE_LAST;;1;1;XEUR;11286681;690;
20.02.2025;09:57:21.647;FGBS SI 20250306 PS;SIMPLE_INSTRUMENT;EFP_FIN;EUR;13;106.66000000;285;EXCHANGE_LAST;;1;1;XEUR;11286681;690;
20.02.2025;10:00:29.702;FGBS SI 20250306 PS;SIMPLE_INSTRUMENT;EFP_FIN;EUR;14;106.65000000;1002;EXCHANGE_LAST;;1;1;XEUR;11286681;690;
20.02.2025;10:01:11.233;FGBS SI 20250306 PS;SIMPLE_INSTRUMENT;EFP_FIN;EUR;15;106.65000000;2371;EXCHANGE_LAST;;1;1;XEUR;11286681;690;
20.02.2025;10:51:08.015;FGBS SI 20250306 PS;SIMPLE_INSTRUMENT;EFS;EUR;16;106.66500000;1161;EXCHANGE_LAST;;1;1;XEUR;11286681;690;
20.02.2025;10:52:49.353;FGBS SI 20250306 PS;SIMPLE_INSTRUMENT;EFP_FIN;EUR;17;106.66000000;701;EXCHANGE_LAST;;1;1;XEUR;11286681;690;
20.02.2025;10:55:51.426;FGBS SI 20250306 PS;SIMPLE_INSTRUMENT;EFP_FIN;EUR;18;106.66000000;301;EXCHANGE_LAST;;1;1;XEUR;11286681;690;
20.02.2025;11:06:57.466;FGBS SI 20250306 PS;SIMPLE_INSTRUMENT;EFS;EUR;19;106.66000000;2146;EXCHANGE_LAST;;1;1;XEUR;11286681;690;
20.02.2025;11:09:50.908;FGBS SI 20250306 PS;SIMPLE_INSTRUMENT;EFP_FIN;EUR;20;106.66500000;627;EXCHANGE_LAST;;1;1;XEUR;11286681;690;
20.02.2025;11:12:03.837;FGBS SI 20250306 PS;SIMPLE_INSTRUMENT;EFS;EUR;21;106.65500000;1293;EXCHANGE_LAST;;1;1;XEUR;11286681;690;
20.02.2025;11:19:44.172;FGBS SI 20250306 PS;SIMPLE_INSTRUMENT;EFP_FIN;EUR;22;106.66500000;1064;EXCHANGE_LAST;;1;1;XEUR;11286681;690;
20.02.2025;11:40:09.528;FGBS SI 20250306 PS;SIMPLE_INSTRUMENT;EFP_FIN;EUR;23;106.65000000;280;EXCHANGE_LAST;;1;1;XEUR;11286681;690;
20.02.2025;11:51:52.287;FGBS SI 20250306 PS;SIMPLE_INSTRUMENT;EFP_FIN;EUR;24;106.65000000;421;EXCHANGE_LAST;;1;1;XEUR;11286681;690;
20.02.2025;12:19:59.960;FGBS SI 20250306 PS;SIMPLE_INSTRUMENT;EFP_FIN;EUR;25;106.64500000;904;EXCHANGE_LAST;;1;1;XEUR;11286681;690;
20.02.2025;12:36:47.993;FGBS SI 20250306 PS;SIMPLE_INSTRUMENT;EFS;EUR;26;106.66000000;2635;EXCHANGE_LAST;;1;1;XEUR;11286681;690;
20.02.2025;12:50:18.557;FGBS SI 20250306 PS;SIMPLE_INSTRUMENT;EFS;EUR;27;106.67000000;2620;EXCHANGE_LAST;;1;1;XEUR;11286681;690;
20.02.2025;13:01:41.184;FGBS SI 20250306 PS;SIMPLE_INSTRUMENT;EFS;EUR;28;106.67000000;823;EXCHANGE_LAST;;1;1;XEUR;11286681;690;
20.02.2025;14:34:25.411;FGBS SI 20250306 PS;SIMPLE_INSTRUMENT;EFS;EUR;29;106.65000000;824;EXCHANGE_LAST;;1;1;XEUR;11286681;690;
20.02.2025;15:18:01.994;FGBS SI 20250306 PS;SIMPLE_INSTRUMENT;EFP_FIN;EUR;30;106.69000000;1200;EXCHANGE_LAST;;1;1;XEUR;11286681;690;
20.02.2025;15:22:18.579;FGBS SI 20250306 PS;SIMPLE_INSTRUMENT;EFS;EUR;31;106.69500000;1372;EXCHANGE_LAST;;1;1;XEUR;11286681;690;
20.02.2025;15:24:42.743;FGBS SI 20250306 PS;SIMPLE_INSTRUMENT;EFS;EUR;32;106.69500000;1646;EXCHANGE_LAST;;1;1;XEUR;11286681;690;
20.02.2025;15:28:27.886;FGBS SI 20250306 PS;SIMPLE_INSTRUMENT;EFS;EUR;33;106.70000000;5487;EXCHANGE_LAST;;1;1;XEUR;11286681;690;
20.02.2025;15:39:39.086;FGBS SI 20250306 PS;SIMPLE_INSTRUMENT;EFS;EUR;34;106.67000000;2101;EXCHANGE_LAST;;1;1;XEUR;11286681;690;
20.02.2025;15:53:26.917;FGBS SI 20250306 PS;SIMPLE_INSTRUMENT;EFS;EUR;35;106.69500000;5505;EXCHANGE_LAST;;1;1;XEUR;11286681;690;
20.02.2025;16:09:50.169;FGBS SI 20250306 PS;SIMPLE_INSTRUMENT;EFP_FIN;EUR;36;106.69000000;935;EXCHANGE_LAST;;1;1;XEUR;11286681;690;
20.02.2025;16:18:40.091;FGBS SI 20250306 PS;SIMPLE_INSTRUMENT;EFS;EUR;37;106.70000000;2336;EXCHANGE_LAST;;1;1;XEUR;11286681;690;
20.02.2025;16:20:36.263;FGBS SI 20250306 PS;SIMPLE_INSTRUMENT;EFP_FIN;EUR;38;106.70000000;1075;EXCHANGE_LAST;;1;1;XEUR;11286681;690;
20.02.2025;16:24:01.769;FGBS SI 20250306 PS;SIMPLE_INSTRUMENT;EFP_FIN;EUR;39;106.68000000;276;EXCHANGE_LAST;;1;1;XEUR;11286681;690;
20.02.2025;08:11:09.842;FGBX SI 20250306 PS;SIMPLE_INSTRUMENT;EFP_FIN;EUR;1;126.64000000;296;EXCHANGE_LAST;;1;1;XEUR;11286682;691;
20.02.2025;09:04:15.698;FGBX SI 20250306 PS;SIMPLE_INSTRUMENT;BLOCK;EUR;2;126.58000000;388;EXCHANGE_LAST;;1;1;XEUR;11286682;691;
20.02.2025;09:39:37.984;FGBX SI 20250306 PS;SIMPLE_INSTRUMENT;EFP_FIN;EUR;8;126.32000000;97;EXCHANGE_LAST;;1;1;XEUR;11286682;691;
20.02.2025;09:44:04.240;FGBX SI 20250306 PS;SIMPLE_INSTRUMENT;EFS;EUR;10;126.38000000;73;EXCHANGE_LAST;;1;1;XEUR;11286682;691;
20.02.2025;10:40:37.582;FGBX SI 20250306 PS;SIMPLE_INSTRUMENT;EFS;EUR;16;126.46000000;76;EXCHANGE_LAST;;1;1;XEUR;11286682;691;
20.02.2025;10:48:43.863;FGBX SI 20250306 PS;SIMPLE_INSTRUMENT;EFP_FIN;EUR;18;126.42000000;72;EXCHANGE_LAST;;1;1;XEUR;11286682;691;
20.02.2025;11:06:55.857;FGBX SI 20250306 PS;SIMPLE_INSTRUMENT;EFS;EUR;21;126.30000000;156;EXCHANGE_LAST;;1;1;XEUR;11286682;691;
20.02.2025;11:10:55.826;FGBX SI 20250306 PS;SIMPLE_INSTRUMENT;EFS;EUR;23;126.28000000;93;EXCHANGE_LAST;;1;1;XEUR;11286682;691;
20.02.2025;11:15:26.040;FGBX SI 20250306 PS;SIMPLE_INSTRUMENT;EFS;EUR;25;126.24000000;280;EXCHANGE_LAST;;1;1;XEUR;11286682;691;
20.02.2025;11:22:11.481;FGBX SI 20250306 PS;SIMPLE_INSTRUMENT;EFS;EUR;27;126.30000000;93;EXCHANGE_LAST;;1;1;XEUR;11286682;691;
20.02.2025;11:31:49.037;FGBX SI 20250306 PS;SIMPLE_INSTRUMENT;EFP_FIN;EUR;28;126.22000000;297;EXCHANGE_LAST;;1;1;XEUR;11286682;691;
20.02.2025;12:24:22.071;FGBX SI 20250306 PS;SIMPLE_INSTRUMENT;BLOCK;EUR;36;126.42000000;379;EXCHANGE_LAST;;1;1;XEUR;11286682;691;
20.02.2025;12:47:16.770;FGBX SI 20250306 PS;SIMPLE_INSTRUMENT;EFP_FIN;EUR;38;126.42000000;520;EXCHANGE_LAST;;1;1;XEUR;11286682;691;
20.02.2025;12:48:04.328;FGBX SI 20250306 PS;SIMPLE_INSTRUMENT;EFP_FIN;EUR;39;126.18000000;186;EXCHANGE_LAST;;1;1;XEUR;11286682;691;
20.02.2025;13:33:14.096;FGBX SI 20250306 PS;SIMPLE_INSTRUMENT;EFP_FIN;EUR;42;126.50000000;71;EXCHANGE_LAST;;1;1;XEUR;11286682;691;
20.02.2025;14:55:05.673;FGBX SI 20250306 PS;SIMPLE_INSTRUMENT;EFP_FIN;EUR;59;126.56000000;743;EXCHANGE_LAST;;1;1;XEUR;11286682;691;
20.02.2025;14:56:54.744;FGBX SI 20250306 PS;SIMPLE_INSTRUMENT;EFP_FIN;EUR;60;126.56000000;742;EXCHANGE_LAST;;1;1;XEUR;11286682;691;
20.02.2025;15:07:00.907;FGBX SI 20250306 PS;SIMPLE_INSTRUMENT;EFP_FIN;EUR;61;126.76000000;186;EXCHANGE_LAST;;1;1;XEUR;11286682;691;
20.02.2025;15:08:52.730;FGBX SI 20250306 PS;SIMPLE_INSTRUMENT;EFS;EUR;63;126.52000000;124;EXCHANGE_LAST;;1;1;XEUR;11286682;691;
20.02.2025;15:30:55.743;FGBX SI 20250306 PS;SIMPLE_INSTRUMENT;BLOCK;EUR;65;126.72000000;186;EXCHANGE_LAST;;1;1;XEUR;11286682;691;
20.02.2025;15:47:18.114;FGBX SI 20250306 PS;SIMPLE_INSTRUMENT;EFS;EUR;67;126.64000000;271;EXCHANGE_LAST;;1;1;XEUR;11286682;691;
20.02.2025;16:10:53.904;FGBX SI 20250306 PS;SIMPLE_INSTRUMENT;EFS;EUR;69;126.76000000;116;EXCHANGE_LAST;;1;1;XEUR;11286682;691;
20.02.2025;16:29:01.620;FGBX SI 20250306 PS;SIMPLE_INSTRUMENT;EFS;EUR;74;126.76000000;574;EXCHANGE_LAST;;1;1;XEUR;11286682;691;
20.02.2025;09:44:52.253;FIN FI 20250319 CS EU C 74.7000 0;FLEXIBLE_INSTRUMENT;BLOCK;CHF;18;1.05000000;318;EXCHANGE_LAST;;1;1;XEUR;1152924386529906603;671;
20.02.2025;07:53:33.697;FMAE SI 20250321 CS;SIMPLE_INSTRUMENT;BLOCK;EUR;8;434.42100000;1093;EXCHANGE_LAST;;1;1;XEUR;7590772;48921;
20.02.2025;03:10:45.568;FMAS SI 20250321 CS;SIMPLE_INSTRUMENT;EFP_IDX;USD;1;646.96900000;31;EXCHANGE_LAST;;1;1;XEUR;7589709;7061;
20.02.2025;07:02:01.996;FMAS SI 20250321 CS;SIMPLE_INSTRUMENT;BLOCK;USD;3;646.07000000;298;EXCHANGE_LAST;;1;1;XEUR;7589709;7061;
20.02.2025;07:47:19.280;FMCH SI 20250321 CS;SIMPLE_INSTRUMENT;BLOCK;USD;5;584.16500000;881;EXCHANGE_LAST;;1;1;XEUR;7592069;402909;
20.02.2025;16:34:04.800;FMEF SI 20250321 CS;SIMPLE_INSTRUMENT;BLOCK;USD;34;1143.54400000;1057;EXCHANGE_LAST;;1;1;XEUR;7408970;30657;
20.02.2025;16:34:35.796;FMEF SI 20250321 CS;SIMPLE_INSTRUMENT;BLOCK;USD;35;1143.55200000;121;EXCHANGE_LAST;;1;1;XEUR;7408970;30657;
20.02.2025;14:20:55.280;FMFP SI 20250321 CS;SIMPLE_INSTRUMENT;VOLA;USD;603979830;2465.00000000;12;EXCHANGE_LAST;;1;1;XEUR;7411195;51999;
20.02.2025;08:15:55.961;FMGC SI 20250321 CS;SIMPLE_INSTRUMENT;BLOCK;USD;13;13287.22000000;83;EXCHANGE_LAST;;1;1;XEUR;7590767;48916;
20.02.2025;15:09:01.977;FMGO SI 20250321 CS;SIMPLE_INSTRUMENT;BLOCK;USD;28;5369.00000000;63;EXCHANGE_LAST;;1;1;XEUR;8609359;583623;
20.02.2025;04:54:50.748;FMHK SI 20250321 CS;SIMPLE_INSTRUMENT;BLOCK;USD;2;57395.66100000;47;EXCHANGE_LAST;;2;1;XEUR;7590500;45282;
20.02.2025;07:22:29.474;FMID SI 20250321 CS;SIMPLE_INSTRUMENT;BLOCK;USD;1;1493.80300000;101;EXCHANGE_LAST;;1;1;XEUR;7590528;45289;
20.02.2025;08:51:24.613;FMID SI 20250321 CS;SIMPLE_INSTRUMENT;BLOCK;USD;2;1494.10100000;283;EXCHANGE_LAST;;1;2;XEUR;7590528;45289;
20.02.2025;08:15:04.161;FMPA SI 20250321 CS;SIMPLE_INSTRUMENT;BLOCK;USD;11;8777.47200000;185;EXCHANGE_LAST;;1;1;XEUR;7590728;48143;
20.02.2025;08:15:17.071;FMPA SI 20250321 CS;SIMPLE_INSTRUMENT;BLOCK;USD;12;8774.50900000;130;EXCHANGE_LAST;;1;1;XEUR;7590728;48143;
20.02.2025;16:06:47.248;FMPX SI 20250321 CS;SIMPLE_INSTRUMENT;BLOCK;USD;32;8337.03700000;487;EXCHANGE_LAST;;1;1;XEUR;7590531;45291;
20.02.2025;16:28:22.256;FMPX SI 20250321 CS;SIMPLE_INSTRUMENT;BLOCK;USD;33;8329.89200000;55;EXCHANGE_LAST;;1;1;XEUR;7590531;45291;
20.02.2025;08:50:42.049;FMSA SI 20250321 CS;SIMPLE_INSTRUMENT;BLOCK;USD;15;1833.14100000;165;EXCHANGE_LAST;;1;1;XEUR;7591259;134861;
20.02.2025;09:21:44.597;FMSA SI 20250321 CS;SIMPLE_INSTRUMENT;BLOCK;USD;17;1833.14100000;110;EXCHANGE_LAST;;1;1;XEUR;7591259;134861;
20.02.2025;12:55:52.589;FMSA SI 20250321 CS;SIMPLE_INSTRUMENT;BLOCK;USD;26;1849.13000000;143;EXCHANGE_LAST;;1;1;XEUR;7591259;134861;
20.02.2025;11:01:48.961;FMUA SI 20250321 CS;SIMPLE_INSTRUMENT;BLOCK;USD;3;936.85000000;63;EXCHANGE_LAST;;1;1;XEUR;7590507;45284;
20.02.2025;07:34:37.759;FMWN SI 20250321 CS;SIMPLE_INSTRUMENT;BLOCK;EUR;4;609.53000000;234;EXCHANGE_LAST;;1;1;XEUR;7590222;30654;
20.02.2025;08:28:33.519;FMWN SI 20250321 CS;SIMPLE_INSTRUMENT;BLOCK;EUR;14;609.54000000;635;EXCHANGE_LAST;;1;1;XEUR;7590222;30654;
20.02.2025;07:47:36.718;FMWO SI 20250321 CS;SIMPLE_INSTRUMENT;BLOCK;USD;6;12424.21000000;140;EXCHANGE_LAST;;1;1;XEUR;7589707;7059;
20.02.2025;07:50:41.734;FMWO SI 20250321 CS;SIMPLE_INSTRUMENT;EFP_IDX;USD;7;12424.11000000;159;EXCHANGE_LAST;;1;1;XEUR;7589707;7059;
20.02.2025;08:02:44.304;FMWO SI 20250321 CS;SIMPLE_INSTRUMENT;EFP_IDX;USD;9;12421.65000000;107;EXCHANGE_LAST;;1;1;XEUR;7589707;7059;
20.02.2025;08:04:25.663;FMWO SI 20250321 CS;SIMPLE_INSTRUMENT;BLOCK;USD;10;12424.21000000;455;EXCHANGE_LAST;;1;1;XEUR;7589707;7059;
20.02.2025;11:35:09.709;FMXG SI 20250321 CS;SIMPLE_INSTRUMENT;BLOCK;EUR;19;389.31800000;1630;EXCHANGE_LAST;;1;1;XEUR;7591194;124306;
20.02.2025;07:54:50.517;FOAT SI 20250306 PS;SIMPLE_INSTRUMENT;EFS;EUR;1;123.15000000;546;EXCHANGE_LAST;;1;1;XEUR;11286683;749;
20.02.2025;08:32:19.827;FOAT SI 20250306 PS;SIMPLE_INSTRUMENT;EFP_FIN;EUR;2;123.01000000;662;EXCHANGE_LAST;;1;1;XEUR;11286683;749;
20.02.2025;08:49:17.743;FOAT SI 20250306 PS;SIMPLE_INSTRUMENT;EFP_FIN;EUR;3;123.01000000;265;EXCHANGE_LAST;;1;1;XEUR;11286683;749;
20.02.2025;08:53:28.115;FOAT SI 20250306 PS;SIMPLE_INSTRUMENT;EFP_FIN;EUR;4;123.03000000;1251;EXCHANGE_LAST;;1;1;XEUR;11286683;749;
20.02.2025;09:04:42.799;FOAT SI 20250306 PS;SIMPLE_INSTRUMENT;EFS;EUR;5;123.02000000;819;EXCHANGE_LAST;;1;1;XEUR;11286683;749;
20.02.2025;09:15:08.179;FOAT SI 20250306 PS;SIMPLE_INSTRUMENT;EFP_FIN;EUR;6;123.04000000;355;EXCHANGE_LAST;;1;1;XEUR;11286683;749;
20.02.2025;09:25:05.246;FOAT SI 20250306 PS;SIMPLE_INSTRUMENT;EFP_FIN;EUR;7;123.02000000;1251;EXCHANGE_LAST;;1;1;XEUR;11286683;749;
20.02.2025;09:35:07.789;FOAT SI 20250306 PS;SIMPLE_INSTRUMENT;EFS;EUR;8;123.02000000;1092;EXCHANGE_LAST;;1;1;XEUR;11286683;749;
20.02.2025;09:36:23.528;FOAT SI 20250306 PS;SIMPLE_INSTRUMENT;EFP_FIN;EUR;9;123.10000000;186;EXCHANGE_LAST;;1;1;XEUR;11286683;749;
20.02.2025;10:40:43.736;FOAT SI 20250306 PS;SIMPLE_INSTRUMENT;EFP_FIN;EUR;10;123.09000000;520;EXCHANGE_LAST;;1;1;XEUR;11286683;749;
20.02.2025;10:44:56.996;FOAT SI 20250306 PS;SIMPLE_INSTRUMENT;EFS;EUR;11;123.06000000;1092;EXCHANGE_LAST;;1;1;XEUR;11286683;749;
20.02.2025;10:53:26.023;FOAT SI 20250306 PS;SIMPLE_INSTRUMENT;EFS;EUR;12;123.06000000;1092;EXCHANGE_LAST;;1;1;XEUR;11286683;749;
20.02.2025;11:08:17.981;FOAT SI 20250306 PS;SIMPLE_INSTRUMENT;EFP_FIN;EUR;13;123.02000000;465;EXCHANGE_LAST;;1;1;XEUR;11286683;749;
20.02.2025;11:23:55.741;FOAT SI 20250306 PS;SIMPLE_INSTRUMENT;EFP_FIN;EUR;14;123.02000000;1668;EXCHANGE_LAST;;1;1;XEUR;11286683;749;
20.02.2025;11:25:17.521;FOAT SI 20250306 PS;SIMPLE_INSTRUMENT;EFP_FIN;EUR;15;123.01000000;1251;EXCHANGE_LAST;;1;1;XEUR;11286683;749;
20.02.2025;11:26:54.730;FOAT SI 20250306 PS;SIMPLE_INSTRUMENT;EFP_FIN;EUR;16;123.02000000;337;EXCHANGE_LAST;;1;1;XEUR;11286683;749;
20.02.2025;11:29:36.191;FOAT SI 20250306 PS;SIMPLE_INSTRUMENT;EFP_FIN;EUR;17;123.03000000;1667;EXCHANGE_LAST;;1;1;XEUR;11286683;749;
20.02.2025;11:42:21.198;FOAT SI 20250306 PS;SIMPLE_INSTRUMENT;EFP_FIN;EUR;18;123.02000000;709;EXCHANGE_LAST;;1;1;XEUR;11286683;749;
20.02.2025;12:00:06.328;FOAT SI 20250306 PS;SIMPLE_INSTRUMENT;EFP_FIN;EUR;19;123.05000000;2597;EXCHANGE_LAST;;1;1;XEUR;11286683;749;
20.02.2025;12:33:09.395;FOAT SI 20250306 PS;SIMPLE_INSTRUMENT;BLOCK;EUR;20;123.08000000;6000;EXCHANGE_LAST;;1;1;XEUR;11286683;749;
20.02.2025;12:46:03.063;FOAT SI 20250306 PS;SIMPLE_INSTRUMENT;EFP_FIN;EUR;21;123.06000000;1166;EXCHANGE_LAST;;1;1;XEUR;11286683;749;
20.02.2025;13:01:58.920;FOAT SI 20250306 PS;SIMPLE_INSTRUMENT;EFP_FIN;EUR;22;123.07000000;8339;EXCHANGE_LAST;;1;1;XEUR;11286683;749;
20.02.2025;13:35:50.966;FOAT SI 20250306 PS;SIMPLE_INSTRUMENT;EFP_FIN;EUR;23;123.12000000;75;EXCHANGE_LAST;;1;1;XEUR;11286683;749;
20.02.2025;13:36:10.647;FOAT SI 20250306 PS;SIMPLE_INSTRUMENT;BLOCK;EUR;24;123.12000000;777;EXCHANGE_LAST;;1;1;XEUR;11286683;749;
20.02.2025;13:45:48.032;FOAT SI 20250306 PS;SIMPLE_INSTRUMENT;EFS;EUR;25;123.10000000;1638;EXCHANGE_LAST;;1;1;XEUR;11286683;749;
20.02.2025;13:45:52.355;FOAT SI 20250306 PS;SIMPLE_INSTRUMENT;EFP_FIN;EUR;26;123.07000000;1251;EXCHANGE_LAST;;1;1;XEUR;11286683;749;
20.02.2025;14:11:25.365;FOAT SI 20250306 PS;SIMPLE_INSTRUMENT;BLOCK;EUR;27;123.08000000;622;EXCHANGE_LAST;;1;1;XEUR;11286683;749;
20.02.2025;14:19:21.284;FOAT SI 20250306 PS;SIMPLE_INSTRUMENT;EFP_FIN;EUR;28;123.05000000;726;EXCHANGE_LAST;;1;1;XEUR;11286683;749;
20.02.2025;14:33:50.790;FOAT SI 20250306 PS;SIMPLE_INSTRUMENT;EFP_FIN;EUR;29;123.06000000;888;EXCHANGE_LAST;;1;1;XEUR;11286683;749;
20.02.2025;14:32:23.495;FOAT SI 20250306 PS;SIMPLE_INSTRUMENT;EFP_FIN;EUR;30;123.06000000;888;EXCHANGE_LAST;;1;1;XEUR;11286683;749;
20.02.2025;14:38:21.843;FOAT SI 20250306 PS;SIMPLE_INSTRUMENT;EFP_FIN;EUR;31;123.04000000;309;EXCHANGE_LAST;;1;1;XEUR;11286683;749;
20.02.2025;14:56:46.938;FOAT SI 20250306 PS;SIMPLE_INSTRUMENT;EFP_FIN;EUR;32;123.13000000;289;EXCHANGE_LAST;;1;1;XEUR;11286683;749;
20.02.2025;15:01:44.907;FOAT SI 20250306 PS;SIMPLE_INSTRUMENT;EFP_FIN;EUR;33;123.15000000;1620;EXCHANGE_LAST;;1;1;XEUR;11286683;749;
20.02.2025;15:03:16.669;FOAT SI 20250306 PS;SIMPLE_INSTRUMENT;EFP_FIN;EUR;34;123.12000000;191;EXCHANGE_LAST;;1;1;XEUR;11286683;749;
20.02.2025;15:29:01.843;FOAT SI 20250306 PS;SIMPLE_INSTRUMENT;EFS;EUR;35;123.13000000;335;EXCHANGE_LAST;;1;1;XEUR;11286683;749;
20.02.2025;15:36:05.547;FOAT SI 20250306 PS;SIMPLE_INSTRUMENT;EFP_FIN;EUR;36;123.13000000;834;EXCHANGE_LAST;;1;1;XEUR;11286683;749;
20.02.2025;15:37:43.803;FOAT SI 20250306 PS;SIMPLE_INSTRUMENT;EFP_FIN;EUR;37;123.18000000;250;EXCHANGE_LAST;;1;1;XEUR;11286683;749;
20.02.2025;15:39:28.838;FOAT SI 20250306 PS;SIMPLE_INSTRUMENT;EFP_FIN;EUR;38;123.16000000;222;EXCHANGE_LAST;;1;1;XEUR;11286683;749;
20.02.2025;15:39:56.563;FOAT SI 20250306 PS;SIMPLE_INSTRUMENT;EFP_FIN;EUR;39;123.16000000;222;EXCHANGE_LAST;;1;1;XEUR;11286683;749;
20.02.2025;15:47:14.394;FOAT SI 20250306 PS;SIMPLE_INSTRUMENT;EFP_FIN;EUR;40;123.18000000;417;EXCHANGE_LAST;;1;1;XEUR;11286683;749;
20.02.2025;15:47:36.662;FOAT SI 20250306 PS;SIMPLE_INSTRUMENT;EFP_FIN;EUR;41;123.18000000;1251;EXCHANGE_LAST;;1;1;XEUR;11286683;749;
20.02.2025;16:00:27.689;FOAT SI 20250306 PS;SIMPLE_INSTRUMENT;EFP_FIN;EUR;42;123.02000000;642;EXCHANGE_LAST;;1;1;XEUR;11286683;749;
20.02.2025;16:07:52.083;FOAT SI 20250306 PS;SIMPLE_INSTRUMENT;BLOCK;EUR;43;123.17000000;815;EXCHANGE_LAST;;1;1;XEUR;11286683;749;
20.02.2025;16:13:40.201;FOAT SI 20250306 PS;SIMPLE_INSTRUMENT;EFP_FIN;EUR;44;123.20000000;519;EXCHANGE_LAST;;1;1;XEUR;11286683;749;
20.02.2025;16:13:41.923;FOAT SI 20250306 PS;SIMPLE_INSTRUMENT;EFP_FIN;EUR;45;123.20000000;1667;EXCHANGE_LAST;;1;1;XEUR;11286683;749;
20.02.2025;16:24:36.178;FOAT SI 20250306 PS;SIMPLE_INSTRUMENT;EFP_FIN;EUR;47;123.20000000;417;EXCHANGE_LAST;;1;1;XEUR;11286683;749;
20.02.2025;16:28:39.018;FOAT SI 20250306 PS;SIMPLE_INSTRUMENT;EFP_FIN;EUR;48;123.18000000;64;EXCHANGE_LAST;;1;1;XEUR;11286683;749;
20.02.2025;16:30:40.404;FOAT SI 20250306 PS;SIMPLE_INSTRUMENT;EFP_FIN;EUR;49;123.19000000;525;EXCHANGE_LAST;;1;1;XEUR;11286683;749;
20.02.2025;16:30:44.905;FOAT SI 20250306 PS;SIMPLE_INSTRUMENT;EFP_FIN;EUR;50;123.18000000;85;EXCHANGE_LAST;;1;1;XEUR;11286683;749;
20.02.2025;16:35:11.628;FOAT SI 20250306 PS;SIMPLE_INSTRUMENT;EFP_FIN;EUR;51;123.19000000;777;EXCHANGE_LAST;;1;1;XEUR;11286683;749;
20.02.2025;16:40:49.564;FOAT SI 20250306 PS;SIMPLE_INSTRUMENT;EFP_FIN;EUR;52;123.18000000;1668;EXCHANGE_LAST;;1;1;XEUR;11286683;749;
20.02.2025;17:05:37.642;FOAT SI 20250306 PS;SIMPLE_INSTRUMENT;EFP_FIN;EUR;53;123.18000000;834;EXCHANGE_LAST;;1;1;XEUR;11286683;749;
20.02.2025;14:40:02.590;FOT.O.250220.STG.000001;STANDARD_OPTION_STRATEGY;BLOCK;EUR;6;2.77000000;1000;EXCHANGE_LAST;;1;1;XEUR;72060819558372865;751;
20.02.2025;14:40:02.590;FOT SI 20261218 PS AM P 13.00 0;SIMPLE_INSTRUMENT;BLOCK;EUR;6;1.56000000;1000;PRC_DECOMP_EXCHANGE;;;;XEUR;12442556;751;EXCHANGE
20.02.2025;14:40:02.590;FOT SI 20261218 PS AM C 16.00 0;SIMPLE_INSTRUMENT;BLOCK;EUR;6;1.21000000;1000;PRC_DECOMP_EXCHANGE;;;;XEUR;12442591;751;EXCHANGE
20.02.2025;16:39:57.770;FSCP SI 20250321 CS;SIMPLE_INSTRUMENT;BLOCK;EUR;33;351.30000000;500;EXCHANGE_LAST;;1;1;XEUR;11360241;764;
20.02.2025;16:47:35.168;FSEG SI 20250321 CS;SIMPLE_INSTRUMENT;EFP_IDX;EUR;38;204.10000000;25;EXCHANGE_LAST;;1;1;XEUR;11393888;109977;
20.02.2025;16:47:44.345;FSEG SI 20250321 CS;SIMPLE_INSTRUMENT;EFP_IDX;EUR;39;204.10000000;112;EXCHANGE_LAST;;1;1;XEUR;11393888;109977;
20.02.2025;16:48:04.356;FSEG SI 20250321 CS;SIMPLE_INSTRUMENT;EFP_IDX;EUR;40;204.20000000;6;EXCHANGE_LAST;;1;1;XEUR;11393888;109977;
20.02.2025;16:51:07.161;FSEG SI 20250321 CS;SIMPLE_INSTRUMENT;EFP_IDX;EUR;45;204.20000000;6;EXCHANGE_LAST;;1;1;XEUR;11393888;109977;
20.02.2025;16:51:41.044;FSEG SI 20250321 CS;SIMPLE_INSTRUMENT;EFP_IDX;EUR;49;204.10000000;119;EXCHANGE_LAST;;1;1;XEUR;11393888;109977;
20.02.2025;08:22:35.942;FSMI SI 20250321 CS;SIMPLE_INSTRUMENT;BLOCK;CHF;1;12737.00000000;1000;EXCHANGE_LAST;;1;1;XEUR;7793721;757;
20.02.2025;14:50:14.621;FSMI SI 20250321 CS;SIMPLE_INSTRUMENT;BLOCK;CHF;2;12740.00000000;500;EXCHANGE_LAST;;1;1;XEUR;7793721;757;
20.02.2025;14:50:39.507;FSMI SI 20250321 CS;SIMPLE_INSTRUMENT;EFP_IDX;CHF;3;12740.00000000;250;EXCHANGE_LAST;;1;1;XEUR;7793721;757;
20.02.2025;15:00:08.576;FSMI SI 20250321 CS;SIMPLE_INSTRUMENT;EFP_IDX;CHF;4;12740.00000000;400;EXCHANGE_LAST;;1;1;XEUR;7793721;757;
20.02.2025;15:00:46.474;FSMI SI 20250321 CS;SIMPLE_INSTRUMENT;EFP_IDX;CHF;5;12740.00000000;250;EXCHANGE_LAST;;1;1;XEUR;7793721;757;
20.02.2025;16:46:39.707;FSMI SI 20250321 CS;SIMPLE_INSTRUMENT;EFP_IDX;CHF;6;12770.00000000;84;EXCHANGE_LAST;;1;1;XEUR;7793721;757;
20.02.2025;16:46:56.891;FSMI SI 20250321 CS;SIMPLE_INSTRUMENT;EFP_IDX;CHF;7;12771.00000000;116;EXCHANGE_LAST;;1;1;XEUR;7793721;757;
20.02.2025;11:48:33.590;FSMI SI 20250321 CS;SIMPLE_INSTRUMENT;VOLA;CHF;603979816;12745.00000000;8;EXCHANGE_LAST;;1;1;XEUR;7793721;757;
20.02.2025;13:58:14.679;FSMI SI 20250321 CS;SIMPLE_INSTRUMENT;VOLA;CHF;603979826;12750.00000000;138;EXCHANGE_LAST;;1;1;XEUR;7793721;757;
20.02.2025;16:50:08.452;FSMX SI 20250321 CS;SIMPLE_INSTRUMENT;EFP_IDX;EUR;43;27472.00000000;55;EXCHANGE_LAST;;1;1;XEUR;11405203;396422;
20.02.2025;16:50:17.284;FSMX SI 20250321 CS;SIMPLE_INSTRUMENT;EFP_IDX;EUR;44;27471.00000000;155;EXCHANGE_LAST;;1;1;XEUR;11405203;396422;
20.02.2025;16:52:53.765;FSMX SI 20250321 CS;SIMPLE_INSTRUMENT;EFP_IDX;EUR;48;27471.00000000;278;EXCHANGE_LAST;;1;1;XEUR;11405203;396422;
20.02.2025;16:53:00.707;FSMX SI 20250321 CS;SIMPLE_INSTRUMENT;EFP_IDX;EUR;50;27472.00000000;97;EXCHANGE_LAST;;1;1;XEUR;11405203;396422;
20.02.2025;16:53:09.967;FSMX SI 20250321 CS;SIMPLE_INSTRUMENT;EFP_IDX;EUR;51;27472.00000000;97;EXCHANGE_LAST;;1;1;XEUR;11405203;396422;
20.02.2025;16:53:18.632;FSMX SI 20250321 CS;SIMPLE_INSTRUMENT;EFP_IDX;EUR;52;27471.00000000;278;EXCHANGE_LAST;;1;1;XEUR;11405203;396422;
20.02.2025;15:07:35.169;FSSX SI 20250321 CS;SIMPLE_INSTRUMENT;BLOCK;EUR;23;231.65000000;130;EXCHANGE_LAST;;1;1;XEUR;11401329;300496;
20.02.2025;17:07:12.813;FSSX SI 20250321 CS;SIMPLE_INSTRUMENT;BLOCK;EUR;55;231.20000000;593;EXCHANGE_LAST;;1;1;XEUR;11401329;300496;
20.02.2025;17:08:19.981;FSSX SI 20250321 CS;SIMPLE_INSTRUMENT;BLOCK;EUR;56;231.25000000;395;EXCHANGE_LAST;;1;1;XEUR;11401329;300496;
20.02.2025;11:00:55.832;FSTA SI 20250321 CS;SIMPLE_INSTRUMENT;VOLA;EUR;603979810;607.30000000;243;EXCHANGE_LAST;;1;1;XEUR;11359808;715;
20.02.2025;16:42:56.739;FSTB SI 20250321 CS;SIMPLE_INSTRUMENT;BLOCK;EUR;34;247.70000000;766;EXCHANGE_LAST;;1;1;XEUR;11359807;714;
20.02.2025;16:43:06.550;FSTB SI 20250321 CS;SIMPLE_INSTRUMENT;BLOCK;EUR;35;247.75000000;3064;EXCHANGE_LAST;;1;1;XEUR;11359807;714;
20.02.2025;16:49:57.342;FSTE SI 20250321 CS;SIMPLE_INSTRUMENT;EFP_IDX;EUR;3;365.10000000;29;EXCHANGE_LAST;;1;1;XEUR;11359812;719;
20.02.2025;16:50:06.756;FSTE SI 20250321 CS;SIMPLE_INSTRUMENT;EFP_IDX;EUR;6;365.50000000;39;EXCHANGE_LAST;;1;1;XEUR;11359812;719;
20.02.2025;16:58:20.315;FSTE SI 20250321 CS;SIMPLE_INSTRUMENT;EFP_IDX;EUR;7;365.30000000;560;EXCHANGE_LAST;;1;1;XEUR;11359812;719;
20.02.2025;16:58:26.784;FSTE SI 20250321 CS;SIMPLE_INSTRUMENT;EFP_IDX;EUR;8;365.40000000;240;EXCHANGE_LAST;;1;1;XEUR;11359812;719;
20.02.2025;14:57:03.689;FSTE SI 20250321 CS;SIMPLE_INSTRUMENT;VOLA;EUR;603979836;366.00000000;180;EXCHANGE_LAST;;1;1;XEUR;11359812;719;
20.02.2025;14:57:11.638;FSTE SI 20250321 CS;SIMPLE_INSTRUMENT;VOLA;EUR;603979837;366.00000000;1180;EXCHANGE_LAST;;1;1;XEUR;11359812;719;
20.02.2025;16:43:44.545;FSTO SI 20250321 CS;SIMPLE_INSTRUMENT;EFP_IDX;EUR;1;650.40000000;100;EXCHANGE_LAST;;1;1;XEUR;11359792;711;
20.02.2025;16:43:52.259;FSTO SI 20250321 CS;SIMPLE_INSTRUMENT;EFP_IDX;EUR;2;650.50000000;150;EXCHANGE_LAST;;1;1;XEUR;11359792;711;
20.02.2025;16:49:21.206;FSTU SI 20250321 CS;SIMPLE_INSTRUMENT;EFP_IDX;EUR;41;384.00000000;23;EXCHANGE_LAST;;1;1;XEUR;11359815;730;
