#Date;TrdTime;Contract;ContractType;TrdTyp;Currency;TesId;Prc;Qty;TrdInd;Aggressor;Buy;Sell;Exch;InstrumentId;RelatedProdId;PrcDecomp
23.10.2024;16:48:24.064;A2XA SI 20271217 CS;SIMPLE_INSTRUMENT;BLOCK;EUR;83;2.00000000;500;EXCHANGE_LAST;;1;1;XEUR;5914267;17;
23.10.2024;08:46:52.540;ABBE.O.241023.COMBO.000001;STANDARD_OPTION_STRATEGY;BLOCK;CHF;3;0.36000000;6000;EXCHANGE_LAST;;1;2;XEUR;74525121468960192;574516;
23.10.2024;08:46:52.540;ABBE SI 20250620 PS EU C 52.00 0;SIMPLE_INSTRUMENT;BLOCK;CHF;3;1.90000000;6000;PRC_DECOMP_EXCHANGE;;;;XEUR;9515987;574516;EXCHANGE
23.10.2024;08:46:52.540;ABBE SI 20250620 PS EU P 46.00 0;SIMPLE_INSTRUMENT;BLOCK;CHF;3;2.26000000;6000;PRC_DECOMP_EXCHANGE;;;;XEUR;11409829;574516;EXCHANGE
23.10.2024;11:19:56.862;ABBG SI 20241220 CS;SIMPLE_INSTRUMENT;BLOCK;CHF;21;48.48000000;2500;EXCHANGE_LAST;;1;1;XEUR;8508601;574520;
23.10.2024;13:19:15.855;ADEN SI 20251219 PS AM P 24.00 0;SIMPLE_INSTRUMENT;BLOCK;CHF;44;1.94000000;1500;EXCHANGE_LAST;;1;1;XEUR;7509272;44;
23.10.2024;09:34:31.384;ADS SI 20241220 PS AM P 200.00 0;SIMPLE_INSTRUMENT;BLOCK;EUR;6;3.35000000;411;EXCHANGE_LAST;;1;1;XEUR;4637208;50;
23.10.2024;11:29:23.935;ADS SI 20241220 PS AM P 210.00 0;SIMPLE_INSTRUMENT;BLOCK;EUR;7;6.10000000;300;EXCHANGE_LAST;;1;1;XEUR;11669621;50;
23.10.2024;15:37:43.504;AKU.O.241023.STG.000001;STANDARD_OPTION_STRATEGY;BLOCK;EUR;25;5.23000000;500;EXCHANGE_LAST;;1;1;XEUR;72057929045377821;78;
23.10.2024;15:37:43.504;AKU SI 20250321 PS AM P 60.00 0;SIMPLE_INSTRUMENT;BLOCK;EUR;25;2.93000000;500;PRC_DECOMP_MEMBER;;;;XEUR;10829336;78;MEMBER
23.10.2024;15:37:43.504;AKU SI 20250321 PS AM C 64.00 0;SIMPLE_INSTRUMENT;BLOCK;EUR;25;2.30000000;500;PRC_DECOMP_MEMBER;;;;XEUR;10829442;78;MEMBER
23.10.2024;14:08:27.717;ALV SI 20241220 PS AM P 250.00 0;SIMPLE_INSTRUMENT;BLOCK;EUR;5;1.05000000;300;EXCHANGE_LAST;;1;1;XEUR;10310971;74;
23.10.2024;14:45:15.705;ANN SI 20241220 PS AM C 32.00 0;SIMPLE_INSTRUMENT;BLOCK;EUR;31;0.96000000;1750;EXCHANGE_LAST;;1;1;XEUR;7421949;45202;
23.10.2024;14:44:46.177;AOM SI 20250321 PS AM P 14.00 0;SIMPLE_INSTRUMENT;BLOCK;EUR;22;0.27000000;3200;EXCHANGE_LAST;;1;1;XEUR;11249074;88;
23.10.2024;14:44:53.857;AOM SI 20250321 PS AM P 14.00 0;SIMPLE_INSTRUMENT;BLOCK;EUR;23;0.28000000;4800;EXCHANGE_LAST;;1;1;XEUR;11249074;88;
23.10.2024;07:46:33.010;ASM SI 20241101 PS AM P 640.00 0;SIMPLE_INSTRUMENT;BLOCK;EUR;2;6.85000000;150;EXCHANGE_LAST;;1;1;XEUR;11871893;107;
23.10.2024;11:05:47.855;AXA SI 20241220 PS AM P 32.00 0;SIMPLE_INSTRUMENT;BLOCK;EUR;10;0.33000000;10000;EXCHANGE_LAST;;1;2;XEUR;4638800;127;
23.10.2024;11:24:35.331;AXA SI 20260619 PS AM P 24.00 0;SIMPLE_INSTRUMENT;BLOCK;EUR;11;0.86000000;2500;EXCHANGE_LAST;;1;1;XEUR;9538755;127;
23.10.2024;11:58:40.893;AXA SI 20241220 PS AM P 32.00 0;SIMPLE_INSTRUMENT;BLOCK;EUR;14;0.33000000;2500;EXCHANGE_LAST;;1;1;XEUR;4638800;127;
23.10.2024;15:31:07.080;AXA.O.241023.COMBO.000004;STANDARD_OPTION_STRATEGY;BLOCK;EUR;26;-0.94000000;3000;EXCHANGE_LAST;;1;1;XEUR;72058139498792976;127;
23.10.2024;15:31:07.080;AXA SI 20251219 PS AM P 30.00 0;SIMPLE_INSTRUMENT;BLOCK;EUR;26;1.40000000;3000;PRC_DECOMP_EXCHANGE;;;;XEUR;11479914;127;EXCHANGE
23.10.2024;15:31:07.080;AXA SI 20251219 PS AM C 36.00 0;SIMPLE_INSTRUMENT;BLOCK;EUR;26;2.34000000;3000;PRC_DECOMP_EXCHANGE;;;;XEUR;6271799;127;EXCHANGE
23.10.2024;11:39:32.600;B2AS SI 20251219 CS;SIMPLE_INSTRUMENT;BLOCK;EUR;29;2.25000000;200;EXCHANGE_LAST;;1;1;XEUR;3681119;140;
23.10.2024;15:09:33.491;B2AS SI 20261218 CS;SIMPLE_INSTRUMENT;BLOCK;EUR;66;2.20000000;225;EXCHANGE_LAST;;1;1;XEUR;4632165;140;
23.10.2024;08:22:25.042;B2MW SI 20261218 CS;SIMPLE_INSTRUMENT;BLOCK;EUR;5;4.02000000;40;EXCHANGE_LAST;;1;1;XEUR;4632168;128;
23.10.2024;07:17:31.882;B2NP SI 20261218 CS;SIMPLE_INSTRUMENT;BLOCK;EUR;1;4.46000000;120;EXCHANGE_LAST;;1;1;XEUR;6798320;131;
23.10.2024;07:41:50.200;B2NP SI 20251219 CS;SIMPLE_INSTRUMENT;BLOCK;EUR;3;4.82000000;500;EXCHANGE_LAST;;1;1;XEUR;5914355;131;
23.10.2024;08:03:59.633;B2NP SI 20261218 CS;SIMPLE_INSTRUMENT;BLOCK;EUR;4;4.49000000;500;EXCHANGE_LAST;;1;1;XEUR;6798320;131;
23.10.2024;11:53:19.135;B2NP SI 20261218 CS;SIMPLE_INSTRUMENT;BLOCK;EUR;33;4.53000000;50;EXCHANGE_LAST;;1;1;XEUR;6798320;131;
23.10.2024;15:50:13.645;B2YG SI 20251219 CS;SIMPLE_INSTRUMENT;BLOCK;EUR;78;1.81000000;250;EXCHANGE_LAST;;1;1;XEUR;5914365;45713;
23.10.2024;09:11:52.875;BAS SI 20250321 PS AM C 52.00 0;SIMPLE_INSTRUMENT;BLOCK;EUR;1;1.00000000;1176;EXCHANGE_LAST;;1;1;XEUR;10831049;150;
23.10.2024;09:11:52.876;BAS SI 20250321 PS AM C 52.00 0;SIMPLE_INSTRUMENT;BLOCK;EUR;2;1.02000000;924;EXCHANGE_LAST;;1;1;XEUR;10831049;150;
23.10.2024;13:03:23.897;BAS.O.241023.RTSP.000008;STANDARD_OPTION_STRATEGY;BLOCK;EUR;4;-0.76000000;1500;EXCHANGE_LAST;;1;1;XEUR;72058238283088368;150;
23.10.2024;13:03:23.897;BAS SI 20250321 PS AM C 52.00 0;SIMPLE_INSTRUMENT;BLOCK;EUR;4;0.99000000;1500;PRC_DECOMP_EXCHANGE;;;;XEUR;10831049;150;EXCHANGE
23.10.2024;13:03:23.897;BAS SI 20241220 PS AM P 46.00 0;SIMPLE_INSTRUMENT;BLOCK;EUR;4;1.75000000;1500;PRC_DECOMP_EXCHANGE;;;;XEUR;7509954;150;EXCHANGE
23.10.2024;15:06:34.149;BAS.N.241023.000014;NON_STANDARD_OPTION_STRATEGY;BLOCK;EUR;9;0.32000000;1000;EXCHANGE_LAST;;1;1;XEUR;72058238283088374;150;
23.10.2024;15:06:34.149;BAS SI 20250117 PS AM C 52.00 0;SIMPLE_INSTRUMENT;BLOCK;EUR;9;0.47000000;2000;PRC_DECOMP_EXCHANGE;;;;XEUR;12068945;150;EXCHANGE
23.10.2024;15:06:34.149;BAS SI 20241220 PS AM C 48.00 0;SIMPLE_INSTRUMENT;BLOCK;EUR;9;1.26000000;1000;PRC_DECOMP_EXCHANGE;;;;XEUR;4639209;150;EXCHANGE
23.10.2024;12:07:30.285;BAY SI 20241220 PS AM P 26.00 0;SIMPLE_INSTRUMENT;BLOCK;EUR;3;1.40000000;1000;EXCHANGE_LAST;;1;1;XEUR;10324697;168;
23.10.2024;15:18:42.565;BAY SI 20241220 PS AM P 44.00 0;SIMPLE_INSTRUMENT;BLOCK;EUR;10;18.29000000;3880;EXCHANGE_LAST;;1;1;XEUR;4882024;168;
23.10.2024;15:18:42.606;BAY SI 20241220 PS AM P 48.00 0;SIMPLE_INSTRUMENT;BLOCK;EUR;11;22.29000000;3880;EXCHANGE_LAST;;1;1;XEUR;4639304;168;
23.10.2024;14:31:12.083;BBVD SI 20241115 PS AM C 9.25 0;SIMPLE_INSTRUMENT;BLOCK;EUR;23;0.28000000;3000;EXCHANGE_LAST;;1;1;XEUR;11700120;172;
23.10.2024;09:13:53.073;BEI SI 20241115 PS AM P 128.00 0;SIMPLE_INSTRUMENT;BLOCK;EUR;4;3.55000000;600;EXCHANGE_LAST;;2;2;XEUR;11700136;176;
23.10.2024;09:20:27.062;BMW SI 20241115 PS AM C 82.00 0;SIMPLE_INSTRUMENT;BLOCK;EUR;9;0.46000000;1600;EXCHANGE_LAST;;1;1;XEUR;11700932;210;
23.10.2024;09:51:53.924;BMW SI 20250620 PS AM P 68.00 0;SIMPLE_INSTRUMENT;BLOCK;EUR;20;3.67000000;800;EXCHANGE_LAST;;1;1;XEUR;7899896;210;
23.10.2024;15:18:42.687;BMW SI 20241220 PS AM P 100.00 0;SIMPLE_INSTRUMENT;BLOCK;EUR;33;24.52000000;2750;EXCHANGE_LAST;;1;1;XEUR;4640274;210;
23.10.2024;15:18:42.789;BMW SI 20241220 PS AM P 110.00 0;SIMPLE_INSTRUMENT;BLOCK;EUR;34;34.52000000;1740;EXCHANGE_LAST;;1;1;XEUR;10358056;210;
23.10.2024;15:18:42.890;BMW SI 20241220 PS AM P 96.00 0;SIMPLE_INSTRUMENT;BLOCK;EUR;35;20.52000000;1010;EXCHANGE_LAST;;1;1;XEUR;10398313;210;
23.10.2024;10:41:37.693;BSI SI 20260619 PS AM C 160.00 0;SIMPLE_INSTRUMENT;BLOCK;EUR;15;9.11000000;300;EXCHANGE_LAST;;1;1;XEUR;11392942;76317;
23.10.2024;12:53:50.692;BYG.O.241023.STD.000001;STANDARD_OPTION_STRATEGY;BLOCK;EUR;16;1.69000000;1000;EXCHANGE_LAST;;1;1;XEUR;72058796628777051;280;
23.10.2024;12:53:50.692;BYG SI 20241115 PS AM C 30.00 0;SIMPLE_INSTRUMENT;BLOCK;EUR;16;0.72000000;1000;PRC_DECOMP_EXCHANGE;;;;XEUR;11702062;280;EXCHANGE
23.10.2024;12:53:50.692;BYG SI 20241115 PS AM P 30.00 0;SIMPLE_INSTRUMENT;BLOCK;EUR;16;0.97000000;1000;PRC_DECOMP_EXCHANGE;;;;XEUR;11702068;280;EXCHANGE
23.10.2024;09:31:04.392;CBK.O.241023.STG.000005;STANDARD_OPTION_STRATEGY;BLOCK;EUR;5;3.14000000;4000;EXCHANGE_LAST;;2;1;XEUR;72058745089200524;268;
23.10.2024;09:31:04.392;CBK SI 20250321 PS AM P 12.00 0;SIMPLE_INSTRUMENT;BLOCK;EUR;5;0.21000000;4000;PRC_DECOMP_EXCHANGE;;;;XEUR;10833897;268;EXCHANGE
23.10.2024;09:31:04.392;CBK SI 20250321 PS AM C 14.00 0;SIMPLE_INSTRUMENT;BLOCK;EUR;5;2.93000000;4000;PRC_DECOMP_EXCHANGE;;;;XEUR;10833870;268;EXCHANGE
23.10.2024;09:57:02.227;CFR SI 20241220 PS AM P 120.00 0;SIMPLE_INSTRUMENT;BLOCK;CHF;16;3.45000000;1000;EXCHANGE_LAST;;1;2;XEUR;9996582;313;
23.10.2024;11:29:57.815;CFR SI 20250620 PS AM P 120.00 0;SIMPLE_INSTRUMENT;BLOCK;CHF;29;8.49000000;500;EXCHANGE_LAST;;1;1;XEUR;9996501;313;
23.10.2024;11:30:06.363;CFR SI 20250919 PS AM P 100.00 0;SIMPLE_INSTRUMENT;BLOCK;CHF;30;4.16000000;750;EXCHANGE_LAST;;1;1;XEUR;11876376;313;
23.10.2024;09:26:01.226;CGM FI 20250620 PS EU C 215.0000 0;FLEXIBLE_INSTRUMENT;BLOCK;EUR;6;4.51000000;1000;EXCHANGE_LAST;;1;1;XEUR;1152922866111486839;317;
23.10.2024;07:31:04.391;D3AI SI 20251219 CS;SIMPLE_INSTRUMENT;BLOCK;EUR;2;3.95000000;1000;EXCHANGE_LAST;;1;1;XEUR;7144062;443197;
23.10.2024;10:14:38.899;D3AI SI 20251219 CS;SIMPLE_INSTRUMENT;BLOCK;EUR;14;4.00000000;100;EXCHANGE_LAST;;1;1;XEUR;7144062;443197;
23.10.2024;10:36:20.661;D3AI SI 20251219 CS;SIMPLE_INSTRUMENT;BLOCK;EUR;15;4.00000000;450;EXCHANGE_LAST;;1;3;XEUR;7144062;443197;
23.10.2024;11:20:45.028;D3AI SI 20261218 CS;SIMPLE_INSTRUMENT;BLOCK;EUR;22;3.05000000;100;EXCHANGE_LAST;;1;1;XEUR;7144051;443197;
23.10.2024;15:24:24.705;D3AI SI 20271217 CS;SIMPLE_INSTRUMENT;BLOCK;EUR;69;2.85000000;50;EXCHANGE_LAST;;1;1;XEUR;7144067;443197;
23.10.2024;16:47:26.655;D3AI SI 20271217 CS;SIMPLE_INSTRUMENT;BLOCK;EUR;82;2.85000000;351;EXCHANGE_LAST;;1;1;XEUR;7144067;443197;
23.10.2024;10:30:59.853;DAB SI 20241220 PS AM P 68.00 0;SIMPLE_INSTRUMENT;BLOCK;EUR;23;0.73000000;1500;EXCHANGE_LAST;;1;1;XEUR;4642380;352;
23.10.2024;08:11:15.730;DAI.O.241023.BER.000009;STANDARD_OPTION_STRATEGY;BLOCK;EUR;2;1.22000000;750;EXCHANGE_LAST;;1;1;XEUR;73961106363660376;443196;
23.10.2024;08:11:15.730;DAI SI 20241115 PS AM P 56.00 0;SIMPLE_INSTRUMENT;BLOCK;EUR;2;0.80000000;750;PRC_DECOMP_EXCHANGE;;;;XEUR;11738658;443196;EXCHANGE
23.10.2024;08:11:15.730;DAI SI 20241115 PS AM P 59.00 0;SIMPLE_INSTRUMENT;BLOCK;EUR;2;2.02000000;750;PRC_DECOMP_EXCHANGE;;;;XEUR;11738663;443196;EXCHANGE
23.10.2024;08:22:37.542;DAI SI 20241115 PS AM C 62.00 0;SIMPLE_INSTRUMENT;BLOCK;EUR;3;0.39000000;2065;EXCHANGE_LAST;;1;1;XEUR;11738771;443196;
23.10.2024;08:22:37.544;DAI SI 20241115 PS AM C 62.00 0;SIMPLE_INSTRUMENT;BLOCK;EUR;4;0.40000000;2149;EXCHANGE_LAST;;1;1;XEUR;11738771;443196;
23.10.2024;09:20:00.465;DAI SI 20241115 PS AM C 62.00 0;SIMPLE_INSTRUMENT;BLOCK;EUR;11;0.31000000;1950;EXCHANGE_LAST;;2;1;XEUR;11738771;443196;
23.10.2024;09:34:18.239;DAI.O.241023.BLT.000014;STANDARD_OPTION_STRATEGY;BLOCK;EUR;15;0.17000000;2000;EXCHANGE_LAST;;2;1;XEUR;73961106363660381;443196;
23.10.2024;09:34:18.239;DAI SI 20250117 PS AM C 64.00 0;SIMPLE_INSTRUMENT;BLOCK;EUR;15;0.69000000;2000;PRC_DECOMP_EXCHANGE;;;;XEUR;12107468;443196;EXCHANGE
23.10.2024;09:34:18.239;DAI SI 20241220 PS AM C 64.00 0;SIMPLE_INSTRUMENT;BLOCK;EUR;15;0.52000000;2000;PRC_DECOMP_EXCHANGE;;;;XEUR;7720216;443196;EXCHANGE
23.10.2024;10:07:41.681;DAI.O.241023.STG.000015;STANDARD_OPTION_STRATEGY;BLOCK;EUR;21;9.95000000;1000;EXCHANGE_LAST;;1;1;XEUR;73961106363660382;443196;
23.10.2024;10:07:41.681;DAI SI 20251219 PS AM P 54.00 0;SIMPLE_INSTRUMENT;BLOCK;EUR;21;4.63000000;1000;PRC_DECOMP_EXCHANGE;;;;XEUR;7349882;443196;EXCHANGE
23.10.2024;10:07:41.681;DAI SI 20251219 PS AM C 58.00 0;SIMPLE_INSTRUMENT;BLOCK;EUR;21;5.32000000;1000;PRC_DECOMP_EXCHANGE;;;;XEUR;10374221;443196;EXCHANGE
23.10.2024;10:42:44.763;DAI.O.241023.BER.000013;STANDARD_OPTION_STRATEGY;BLOCK;EUR;24;2.94000000;2000;EXCHANGE_LAST;;1;1;XEUR;73961106363660380;443196;
23.10.2024;10:42:44.763;DAI SI 20251219 PS AM P 48.00 0;SIMPLE_INSTRUMENT;BLOCK;EUR;24;2.73000000;2000;PRC_DECOMP_EXCHANGE;;;;XEUR;7144518;443196;EXCHANGE
23.10.2024;10:42:44.763;DAI SI 20251219 PS AM P 56.00 0;SIMPLE_INSTRUMENT;BLOCK;EUR;24;5.67000000;2000;PRC_DECOMP_EXCHANGE;;;;XEUR;7349881;443196;EXCHANGE
23.10.2024;10:58:22.282;DAI SI 20241220 PS AM P 58.00 0;SIMPLE_INSTRUMENT;BLOCK;EUR;26;2.22000000;1000;EXCHANGE_LAST;;1;1;XEUR;10374218;443196;
23.10.2024;15:18:42.890;DAI SI 20241220 PS AM P 70.00 0;SIMPLE_INSTRUMENT;BLOCK;EUR;36;12.39000000;32600;EXCHANGE_LAST;;1;1;XEUR;7423847;443196;
23.10.2024;15:18:42.992;DAI SI 20241220 PS AM P 72.00 0;SIMPLE_INSTRUMENT;BLOCK;EUR;37;14.39000000;9390;EXCHANGE_LAST;;1;1;XEUR;10455442;443196;
23.10.2024;15:18:43.094;DAI SI 20241220 PS AM P 76.00 0;SIMPLE_INSTRUMENT;BLOCK;EUR;38;18.39000000;23210;EXCHANGE_LAST;;1;1;XEUR;7144575;443196;
23.10.2024;14:54:55.097;DBK SI 20250919 PS AM P 15.00 0;SIMPLE_INSTRUMENT;BLOCK;EUR;10;1.36000000;3000;EXCHANGE_LAST;;1;1;XEUR;11877429;362;
23.10.2024;10:52:51.625;DHE SI 20241115 PS AM C 45.00 0;SIMPLE_INSTRUMENT;BLOCK;EUR;12;1.48000000;250;EXCHANGE_LAST;;1;1;XEUR;12014253;57135;
23.10.2024;12:38:16.693;DHE SI 20241220 PS AM P 26.00 0;SIMPLE_INSTRUMENT;BLOCK;EUR;17;0.50000000;850;EXCHANGE_LAST;;1;1;XEUR;10438016;57135;
23.10.2024;08:48:38.662;DPW.O.241023.BUL.000004;STANDARD_OPTION_STRATEGY;BLOCK;EUR;1;0.56000000;1000;EXCHANGE_LAST;;1;1;XEUR;72059505298412663;445;
23.10.2024;08:48:38.662;DPW SI 20241220 PS AM C 44.00 0;SIMPLE_INSTRUMENT;BLOCK;EUR;1;0.04000000;1000;PRC_DECOMP_EXCHANGE;;;;XEUR;4643151;445;EXCHANGE
23.10.2024;08:48:38.662;DPW SI 20241220 PS AM C 40.00 0;SIMPLE_INSTRUMENT;BLOCK;EUR;1;0.60000000;1000;PRC_DECOMP_EXCHANGE;;;;XEUR;4643149;445;EXCHANGE
23.10.2024;09:11:28.824;DPW SI 20241220 PS AM P 38.00 0;SIMPLE_INSTRUMENT;BLOCK;EUR;6;1.57000000;1349;EXCHANGE_LAST;;2;1;XEUR;10311168;445;
23.10.2024;14:42:26.769;DPW SI 20241220 PS AM C 40.00 0;SIMPLE_INSTRUMENT;BLOCK;EUR;29;0.46000000;2000;EXCHANGE_LAST;;3;2;XEUR;4643149;445;
23.10.2024;10:52:35.907;DPWE.O.241023.BUL.000001;STANDARD_OPTION_STRATEGY;BLOCK;EUR;10;0.49000000;3750;EXCHANGE_LAST;;1;2;XEUR;72256124606221579;46224;
23.10.2024;10:52:35.907;DPWE SI 20250620 PS EU C 38.00 0;SIMPLE_INSTRUMENT;BLOCK;EUR;10;2.05000000;3750;PRC_DECOMP_EXCHANGE;;;;XEUR;11387443;46224;EXCHANGE
23.10.2024;10:52:35.907;DPWE SI 20250620 PS EU C 37.00 0;SIMPLE_INSTRUMENT;BLOCK;EUR;10;2.54000000;3750;PRC_DECOMP_EXCHANGE;;;;XEUR;12127141;46224;EXCHANGE
23.10.2024;10:52:44.620;DPWE.O.241023.BUL.000001;STANDARD_OPTION_STRATEGY;BLOCK;EUR;11;0.50000000;3750;EXCHANGE_LAST;;1;2;XEUR;72256124606221579;46224;
23.10.2024;10:52:44.620;DPWE SI 20250620 PS EU C 37.00 0;SIMPLE_INSTRUMENT;BLOCK;EUR;11;2.54000000;3750;PRC_DECOMP_EXCHANGE;;;;XEUR;12127141;46224;EXCHANGE
23.10.2024;10:52:44.620;DPWE SI 20250620 PS EU C 38.00 0;SIMPLE_INSTRUMENT;BLOCK;EUR;11;2.04000000;3750;PRC_DECOMP_EXCHANGE;;;;XEUR;11387443;46224;EXCHANGE
23.10.2024;14:18:53.051;DTE SI 20250321 PS AM P 27.00 0;SIMPLE_INSTRUMENT;BLOCK;EUR;23;0.68000000;2000;EXCHANGE_LAST;;1;1;XEUR;11523269;424;
23.10.2024;08:50:11.354;DTG SI 20251219 PS AM P 32.00 0;SIMPLE_INSTRUMENT;BLOCK;EUR;6;2.23000000;700;EXCHANGE_LAST;;1;1;XEUR;7280867;455942;
23.10.2024;14:54:54.169;DTG.O.241023.CDIA.000001;STANDARD_OPTION_STRATEGY;BLOCK;EUR;32;-0.52000000;1000;EXCHANGE_LAST;;1;1;XEUR;74015850016804814;455942;
23.10.2024;14:54:54.169;DTG SI 20250117 PS AM C 38.00 0;SIMPLE_INSTRUMENT;BLOCK;EUR;32;1.86000000;1000;PRC_DECOMP_EXCHANGE;;;;XEUR;12107673;455942;EXCHANGE
23.10.2024;14:54:54.169;DTG SI 20241115 PS AM C 36.00 0;SIMPLE_INSTRUMENT;BLOCK;EUR;32;2.38000000;1000;PRC_DECOMP_EXCHANGE;;;;XEUR;11738724;455942;EXCHANGE
23.10.2024;09:33:58.494;E2NL SI 20251219 CS;SIMPLE_INSTRUMENT;BLOCK;EUR;10;0.46800000;1000;EXCHANGE_LAST;;1;1;XEUR;3681293;471;
23.10.2024;09:34:05.018;E2NL SI 20251219 CS;SIMPLE_INSTRUMENT;BLOCK;EUR;11;0.46700000;1000;EXCHANGE_LAST;;1;1;XEUR;3681293;471;
23.10.2024;14:56:29.458;E2NL SI 20271217 CS;SIMPLE_INSTRUMENT;BLOCK;EUR;64;0.42000000;2381;EXCHANGE_LAST;;1;1;XEUR;5914571;471;
23.10.2024;12:21:08.077;E2NT SI 20261218 CS;SIMPLE_INSTRUMENT;BLOCK;EUR;42;0.96000000;800;EXCHANGE_LAST;;1;1;XEUR;4632357;470;
23.10.2024;12:51:02.420;E2NT SI 20251219 CS;SIMPLE_INSTRUMENT;BLOCK;EUR;48;0.99200000;500;EXCHANGE_LAST;;1;1;XEUR;3681294;470;
23.10.2024;12:49:47.274;E2NT SI 20251219 CS;SIMPLE_INSTRUMENT;BLOCK;EUR;49;0.99300000;500;EXCHANGE_LAST;;1;1;XEUR;3681294;470;
23.10.2024;15:35:51.578;E2NT SI 20251219 CS;SIMPLE_INSTRUMENT;BLOCK;EUR;71;0.99500000;200;EXCHANGE_LAST;;1;1;XEUR;3681294;470;
23.10.2024;16:45:45.759;E2NT SI 20271217 CS;SIMPLE_INSTRUMENT;BLOCK;EUR;81;0.90000000;1111;EXCHANGE_LAST;;1;1;XEUR;5914575;470;
23.10.2024;15:09:09.518;EAD SI 20271217 PS AM P 120.00 0;SIMPLE_INSTRUMENT;BLOCK;EUR;24;13.00000000;300;EXCHANGE_LAST;;1;1;XEUR;11013935;465;
23.10.2024;11:30:15.548;EMSN SI 20250919 PS AM P 600.00 0;SIMPLE_INSTRUMENT;BLOCK;CHF;31;21.90000000;500;EXCHANGE_LAST;;1;1;XEUR;11905706;26645;
23.10.2024;08:55:26.034;ENR SI 20250919 PS AM P 28.00 0;SIMPLE_INSTRUMENT;BLOCK;EUR;2;2.12000000;1000;EXCHANGE_LAST;;1;1;XEUR;11919347;298530;
23.10.2024;11:47:45.947;ENR SI 20250620 PS AM P 34.00 0;SIMPLE_INSTRUMENT;BLOCK;EUR;16;3.95000000;2000;EXCHANGE_LAST;;1;1;XEUR;11401321;298530;
23.10.2024;13:36:28.408;ENR SI 20241220 PS AM C 38.00 0;SIMPLE_INSTRUMENT;BLOCK;EUR;21;2.15000000;2000;EXCHANGE_LAST;;1;1;XEUR;11142551;298530;
23.10.2024;13:36:28.766;ENR SI 20241115 PS AM C 38.00 0;SIMPLE_INSTRUMENT;BLOCK;EUR;22;1.30000000;1000;EXCHANGE_LAST;;1;1;XEUR;11859556;298530;
23.10.2024;09:53:13.997;ENT5.O.241023.STG.000002;STANDARD_OPTION_STRATEGY;BLOCK;EUR;12;0.58500000;750;EXCHANGE_LAST;;1;1;XEUR;72059728636683162;497;
23.10.2024;09:53:13.997;ENT5 SI 20241219 PS AM P 14.00 0;SIMPLE_INSTRUMENT;BLOCK;EUR;12;0.43150000;750;PRC_DECOMP_EXCHANGE;;;;XEUR;4630526;497;EXCHANGE
23.10.2024;09:53:13.997;ENT5 SI 20241219 PS AM C 15.00 0;SIMPLE_INSTRUMENT;BLOCK;EUR;12;0.15350000;750;PRC_DECOMP_EXCHANGE;;;;XEUR;9885766;497;EXCHANGE
23.10.2024;08:03:15.724;EOA SI 20241220 PS AM P 11.00 0;SIMPLE_INSTRUMENT;BLOCK;EUR;1;0.06000000;5000;EXCHANGE_LAST;;1;1;XEUR;10241561;49065;
23.10.2024;09:14:47.059;F3TE SI 20250620 CS;SIMPLE_INSTRUMENT;BLOCK;EUR;9;0.45000000;1320;EXCHANGE_LAST;;1;1;XEUR;10882016;390379;
23.10.2024;07:47:01.567;FBTP SI 20241206 PS;SIMPLE_INSTRUMENT;EFP_FIN;EUR;1;120.83000000;144;EXCHANGE_LAST;;1;1;XEUR;10804520;636;
23.10.2024;07:51:39.827;FBTP SI 20241206 PS;SIMPLE_INSTRUMENT;EFP_FIN;EUR;2;120.83000000;543;EXCHANGE_LAST;;1;1;XEUR;10804520;636;
23.10.2024;07:55:08.153;FBTP SI 20241206 PS;SIMPLE_INSTRUMENT;EFP_FIN;EUR;3;120.79000000;136;EXCHANGE_LAST;;1;1;XEUR;10804520;636;
23.10.2024;08:08:07.285;FBTP SI 20241206 PS;SIMPLE_INSTRUMENT;EFP_FIN;EUR;4;120.86000000;502;EXCHANGE_LAST;;1;1;XEUR;10804520;636;
23.10.2024;08:14:27.808;FBTP SI 20241206 PS;SIMPLE_INSTRUMENT;EFP_FIN;EUR;5;120.80000000;292;EXCHANGE_LAST;;1;1;XEUR;10804520;636;
23.10.2024;08:37:35.609;FBTP SI 20241206 PS;SIMPLE_INSTRUMENT;EFP_FIN;EUR;6;120.79000000;893;EXCHANGE_LAST;;1;1;XEUR;10804520;636;
23.10.2024;09:09:06.411;FBTP SI 20241206 PS;SIMPLE_INSTRUMENT;EFP_FIN;EUR;7;120.79000000;268;EXCHANGE_LAST;;1;1;XEUR;10804520;636;
23.10.2024;09:19:29.750;FBTP SI 20241206 PS;SIMPLE_INSTRUMENT;EFP_FIN;EUR;8;120.74000000;447;EXCHANGE_LAST;;1;1;XEUR;10804520;636;
23.10.2024;09:28:09.846;FBTP SI 20241206 PS;SIMPLE_INSTRUMENT;EFP_FIN;EUR;9;120.70000000;127;EXCHANGE_LAST;;1;1;XEUR;10804520;636;
23.10.2024;09:38:15.284;FBTP SI 20241206 PS;SIMPLE_INSTRUMENT;EFP_FIN;EUR;10;120.69000000;118;EXCHANGE_LAST;;1;1;XEUR;10804520;636;
23.10.2024;09:39:37.290;FBTP SI 20241206 PS;SIMPLE_INSTRUMENT;EFP_FIN;EUR;11;120.69000000;67;EXCHANGE_LAST;;1;1;XEUR;10804520;636;
23.10.2024;09:39:51.791;FBTP SI 20241206 PS;SIMPLE_INSTRUMENT;EFP_FIN;EUR;12;120.69000000;264;EXCHANGE_LAST;;1;1;XEUR;10804520;636;
23.10.2024;09:40:58.295;FBTP SI 20241206 PS;SIMPLE_INSTRUMENT;EFP_FIN;EUR;13;120.69000000;90;EXCHANGE_LAST;;1;1;XEUR;10804520;636;
23.10.2024;09:41:06.796;FBTP SI 20241206 PS;SIMPLE_INSTRUMENT;EFP_FIN;EUR;14;120.69000000;84;EXCHANGE_LAST;;1;1;XEUR;10804520;636;
23.10.2024;09:44:22.806;FBTP SI 20241206 PS;SIMPLE_INSTRUMENT;EFP_FIN;EUR;15;120.69000000;84;EXCHANGE_LAST;;1;1;XEUR;10804520;636;
23.10.2024;09:59:21.699;FBTP SI 20241206 PS;SIMPLE_INSTRUMENT;EFP_FIN;EUR;16;120.72000000;1116;EXCHANGE_LAST;;1;1;XEUR;10804520;636;
23.10.2024;10:11:32.821;FBTP SI 20241206 PS;SIMPLE_INSTRUMENT;EFP_FIN;EUR;17;120.80000000;268;EXCHANGE_LAST;;1;1;XEUR;10804520;636;
23.10.2024;10:31:34.114;FBTP SI 20241206 PS;SIMPLE_INSTRUMENT;EFP_FIN;EUR;18;120.79000000;244;EXCHANGE_LAST;;1;1;XEUR;10804520;636;
23.10.2024;10:28:30.184;FBTP SI 20241206 PS;SIMPLE_INSTRUMENT;EFP_FIN;EUR;19;120.79000000;122;EXCHANGE_LAST;;1;1;XEUR;10804520;636;
23.10.2024;10:31:51.926;FBTP SI 20241206 PS;SIMPLE_INSTRUMENT;EFP_FIN;EUR;20;120.80000000;190;EXCHANGE_LAST;;1;1;XEUR;10804520;636;
23.10.2024;10:39:31.421;FBTP SI 20241206 PS;SIMPLE_INSTRUMENT;EFP_FIN;EUR;21;120.79000000;122;EXCHANGE_LAST;;1;1;XEUR;10804520;636;
23.10.2024;10:41:48.318;FBTP SI 20241206 PS;SIMPLE_INSTRUMENT;EFP_FIN;EUR;22;120.81000000;574;EXCHANGE_LAST;;1;1;XEUR;10804520;636;
23.10.2024;11:07:24.659;FBTP SI 20241206 PS;SIMPLE_INSTRUMENT;EFP_FIN;EUR;23;120.81000000;152;EXCHANGE_LAST;;1;1;XEUR;10804520;636;
23.10.2024;11:31:45.569;FBTP SI 20241206 PS;SIMPLE_INSTRUMENT;EFP_FIN;EUR;24;120.80000000;170;EXCHANGE_LAST;;1;1;XEUR;10804520;636;
23.10.2024;11:39:02.767;FBTP SI 20241206 PS;SIMPLE_INSTRUMENT;EFP_FIN;EUR;25;120.77000000;173;EXCHANGE_LAST;;1;1;XEUR;10804520;636;
23.10.2024;11:38:26.632;FBTP SI 20241206 PS;SIMPLE_INSTRUMENT;EFP_FIN;EUR;26;120.80000000;204;EXCHANGE_LAST;;1;1;XEUR;10804520;636;
23.10.2024;11:42:45.315;FBTP SI 20241206 PS;SIMPLE_INSTRUMENT;EFP_FIN;EUR;27;120.81000000;86;EXCHANGE_LAST;;1;1;XEUR;10804520;636;
23.10.2024;11:56:40.044;FBTP SI 20241206 PS;SIMPLE_INSTRUMENT;EFP_FIN;EUR;28;120.80000000;553;EXCHANGE_LAST;;1;1;XEUR;10804520;636;
23.10.2024;12:17:57.177;FBTP SI 20241206 PS;SIMPLE_INSTRUMENT;EFP_FIN;EUR;29;120.78000000;157;EXCHANGE_LAST;;1;1;XEUR;10804520;636;
23.10.2024;12:20:31.606;FBTP SI 20241206 PS;SIMPLE_INSTRUMENT;EFP_FIN;EUR;30;120.85000000;90;EXCHANGE_LAST;;1;1;XEUR;10804520;636;
23.10.2024;12:25:49.639;FBTP SI 20241206 PS;SIMPLE_INSTRUMENT;EFP_FIN;EUR;31;120.80000000;196;EXCHANGE_LAST;;1;1;XEUR;10804520;636;
23.10.2024;12:29:00.208;FBTP SI 20241206 PS;SIMPLE_INSTRUMENT;EFP_FIN;EUR;32;120.78000000;223;EXCHANGE_LAST;;1;1;XEUR;10804520;636;
23.10.2024;13:22:09.766;FBTP SI 20241206 PS;SIMPLE_INSTRUMENT;EFP_FIN;EUR;33;120.74000000;184;EXCHANGE_LAST;;1;1;XEUR;10804520;636;
23.10.2024;13:22:47.576;FBTP SI 20241206 PS;SIMPLE_INSTRUMENT;EFP_FIN;EUR;34;120.74000000;559;EXCHANGE_LAST;;1;1;XEUR;10804520;636;
23.10.2024;13:32:40.614;FBTP SI 20241206 PS;SIMPLE_INSTRUMENT;EFP_FIN;EUR;35;120.74000000;205;EXCHANGE_LAST;;1;1;XEUR;10804520;636;
23.10.2024;13:35:37.402;FBTP SI 20241206 PS;SIMPLE_INSTRUMENT;EFP_FIN;EUR;36;120.78000000;871;EXCHANGE_LAST;;1;1;XEUR;10804520;636;
23.10.2024;13:38:41.995;FBTP SI 20241206 PS;SIMPLE_INSTRUMENT;BLOCK;EUR;37;120.75000000;562;EXCHANGE_LAST;;1;1;XEUR;10804520;636;
23.10.2024;13:42:12.677;FBTP SI 20241206 PS;SIMPLE_INSTRUMENT;EFP_FIN;EUR;38;120.80000000;223;EXCHANGE_LAST;;1;1;XEUR;10804520;636;
23.10.2024;13:45:59.985;FBTP SI 20241206 PS;SIMPLE_INSTRUMENT;EFP_FIN;EUR;39;120.80000000;357;EXCHANGE_LAST;;1;1;XEUR;10804520;636;
23.10.2024;14:09:48.175;FBTP SI 20241206 PS;SIMPLE_INSTRUMENT;EFP_FIN;EUR;40;120.74000000;659;EXCHANGE_LAST;;1;1;XEUR;10804520;636;
23.10.2024;14:16:04.818;FBTP SI 20241206 PS;SIMPLE_INSTRUMENT;EFP_FIN;EUR;41;120.72000000;670;EXCHANGE_LAST;;1;1;XEUR;10804520;636;
23.10.2024;14:23:12.480;FBTP SI 20241206 PS;SIMPLE_INSTRUMENT;EFP_FIN;EUR;42;120.69000000;893;EXCHANGE_LAST;;1;1;XEUR;10804520;636;
23.10.2024;14:42:03.538;FBTP SI 20241206 PS;SIMPLE_INSTRUMENT;EFP_FIN;EUR;43;120.71000000;1346;EXCHANGE_LAST;;1;1;XEUR;10804520;636;
23.10.2024;16:00:17.927;FBTP SI 20241206 PS;SIMPLE_INSTRUMENT;EFP_FIN;EUR;44;120.82000000;122;EXCHANGE_LAST;;1;1;XEUR;10804520;636;
23.10.2024;07:46:44.427;FBTS SI 20241206 PS;SIMPLE_INSTRUMENT;EFP_FIN;EUR;1;107.44000000;1931;EXCHANGE_LAST;;1;1;XEUR;10804522;639;
23.10.2024;07:49:39.586;FBTS SI 20241206 PS;SIMPLE_INSTRUMENT;EFP_FIN;EUR;2;107.44000000;901;EXCHANGE_LAST;;1;1;XEUR;10804522;639;
23.10.2024;07:51:03.478;FBTS SI 20241206 PS;SIMPLE_INSTRUMENT;EFP_FIN;EUR;3;107.44000000;451;EXCHANGE_LAST;;1;1;XEUR;10804522;639;
23.10.2024;08:06:14.900;FBTS SI 20241206 PS;SIMPLE_INSTRUMENT;EFP_FIN;EUR;4;107.41000000;1016;EXCHANGE_LAST;;1;1;XEUR;10804522;639;
23.10.2024;08:19:05.153;FBTS SI 20241206 PS;SIMPLE_INSTRUMENT;EFP_FIN;EUR;7;107.44000000;2414;EXCHANGE_LAST;;1;1;XEUR;10804522;639;
23.10.2024;11:54:50.243;FBTS SI 20241206 PS;SIMPLE_INSTRUMENT;EFP_FIN;EUR;11;107.44000000;222;EXCHANGE_LAST;;1;1;XEUR;10804522;639;
23.10.2024;12:19:04.117;FBTS SI 20241206 PS;SIMPLE_INSTRUMENT;EFP_FIN;EUR;14;107.45000000;389;EXCHANGE_LAST;;1;1;XEUR;10804522;639;
23.10.2024;12:51:38.437;FBTS SI 20241206 PS;SIMPLE_INSTRUMENT;EFP_FIN;EUR;16;107.43000000;1112;EXCHANGE_LAST;;1;1;XEUR;10804522;639;
23.10.2024;13:29:28.233;FBTS SI 20241206 PS;SIMPLE_INSTRUMENT;BLOCK;EUR;19;107.44000000;758;EXCHANGE_LAST;;1;1;XEUR;10804522;639;
23.10.2024;13:37:21.959;FBTS SI 20241206 PS;SIMPLE_INSTRUMENT;BLOCK;EUR;21;107.44000000;2173;EXCHANGE_LAST;;1;1;XEUR;10804522;639;
23.10.2024;13:51:51.423;FBTS SI 20241206 PS;SIMPLE_INSTRUMENT;EFS;EUR;22;107.44000000;1205;EXCHANGE_LAST;;1;1;XEUR;10804522;639;
23.10.2024;14:06:12.244;FBTS SI 20241206 PS;SIMPLE_INSTRUMENT;EFP_FIN;EUR;23;107.44000000;529;EXCHANGE_LAST;;1;1;XEUR;10804522;639;
23.10.2024;14:18:41.578;FBTS SI 20241206 PS;SIMPLE_INSTRUMENT;EFP_FIN;EUR;24;107.44000000;278;EXCHANGE_LAST;;1;1;XEUR;10804522;639;
23.10.2024;14:25:17.487;FBTS SI 20241206 PS;SIMPLE_INSTRUMENT;EFP_FIN;EUR;26;107.44000000;556;EXCHANGE_LAST;;1;1;XEUR;10804522;639;
23.10.2024;14:26:10.846;FBTS SI 20241206 PS;SIMPLE_INSTRUMENT;EFP_FIN;EUR;27;107.44000000;227;EXCHANGE_LAST;;1;1;XEUR;10804522;639;
23.10.2024;15:32:13.438;FBTS SI 20241206 PS;SIMPLE_INSTRUMENT;EFP_FIN;EUR;30;107.44000000;1111;EXCHANGE_LAST;;1;1;XEUR;10804522;639;
23.10.2024;15:36:11.320;FBTS SI 20241206 PS;SIMPLE_INSTRUMENT;EFP_FIN;EUR;32;107.44000000;1668;EXCHANGE_LAST;;1;1;XEUR;10804522;639;
23.10.2024;15:39:48.116;FBTS SI 20241206 PS;SIMPLE_INSTRUMENT;EFP_FIN;EUR;33;107.44000000;278;EXCHANGE_LAST;;1;1;XEUR;10804522;639;
23.10.2024;15:43:19.793;FBTS SI 20241206 PS;SIMPLE_INSTRUMENT;EFP_FIN;EUR;34;107.45000000;378;EXCHANGE_LAST;;1;1;XEUR;10804522;639;
23.10.2024;15:40:50.806;FBTS SI 20241206 PS;SIMPLE_INSTRUMENT;BLOCK;EUR;35;107.45000000;2293;EXCHANGE_LAST;;1;1;XEUR;10804522;639;
23.10.2024;15:47:29.505;FBTS SI 20241206 PS;SIMPLE_INSTRUMENT;EFP_FIN;EUR;37;107.44000000;278;EXCHANGE_LAST;;1;1;XEUR;10804522;639;
23.10.2024;16:20:00.430;FBTS SI 20241206 PS;SIMPLE_INSTRUMENT;EFP_FIN;EUR;41;107.44000000;1173;EXCHANGE_LAST;;1;1;XEUR;10804522;639;
23.10.2024;07:50:16.048;FCEU SI 20241216 PS;SIMPLE_INSTRUMENT;BLOCK;USD;1;1.08050000;850;EXCHANGE_LAST;;1;1;XEUR;7140363;369376;
23.10.2024;09:39:41.481;FCEU SI 20241216 PS;SIMPLE_INSTRUMENT;BLOCK;USD;2;1.08087000;175;EXCHANGE_LAST;;1;1;XEUR;7140363;369376;
23.10.2024;09:39:52.718;FCEU SI 20241216 PS;SIMPLE_INSTRUMENT;BLOCK;USD;3;1.08088000;175;EXCHANGE_LAST;;1;1;XEUR;7140363;369376;
23.10.2024;14:14:56.973;FCEU SI 20241216 PS;SIMPLE_INSTRUMENT;BLOCK;USD;6;1.08056000;148;EXCHANGE_LAST;;1;1;XEUR;7140363;369376;
23.10.2024;16:01:45.647;FCMU SI 20241216 CS;SIMPLE_INSTRUMENT;BLOCK;USD;7;0.04974000;140;EXCHANGE_LAST;;1;1;XEUR;10921066;570874;
23.10.2024;12:39:11.549;FCZU SI 20241216 CS;SIMPLE_INSTRUMENT;BLOCK;USD;4;0.05634000;100;EXCHANGE_LAST;;1;1;XEUR;10921064;570872;
23.10.2024;14:12:53.466;FCZU SI 20241216 CS;SIMPLE_INSTRUMENT;BLOCK;USD;5;0.05593000;200;EXCHANGE_LAST;;1;1;XEUR;10921064;570872;
23.10.2024;15:58:54.273;FDAX SI 20241220 CS;SIMPLE_INSTRUMENT;EFP_IDX;EUR;1;19489.00000000;92;EXCHANGE_LAST;;1;1;XEUR;7296065;589;
23.10.2024;15:59:48.595;FDAX SI 20241220 CS;SIMPLE_INSTRUMENT;EFP_IDX;EUR;2;19488.00000000;158;EXCHANGE_LAST;;1;1;XEUR;7296065;589;
23.10.2024;08:07:40.390;FEBD SI 20261218 CS;SIMPLE_INSTRUMENT;BLOCK;EUR;3;9.17000000;1500;EXCHANGE_LAST;;1;1;XEUR;7158212;597;
23.10.2024;10:10:11.782;FEBD SI 20261218 CS;SIMPLE_INSTRUMENT;BLOCK;EUR;8;9.24000000;1600;EXCHANGE_LAST;;1;1;XEUR;7158212;597;
23.10.2024;10:18:39.190;FEBD SI 20271217 CS;SIMPLE_INSTRUMENT;BLOCK;EUR;11;8.38000000;250;EXCHANGE_LAST;;1;1;XEUR;7776307;597;
23.10.2024;14:06:54.340;FEBD SI 20251219 CS;SIMPLE_INSTRUMENT;BLOCK;EUR;28;10.01000000;250;EXCHANGE_LAST;;1;1;XEUR;5914075;597;
23.10.2024;15:05:07.029;FEBD SI 20271217 CS;SIMPLE_INSTRUMENT;BLOCK;EUR;30;8.42000000;750;EXCHANGE_LAST;;1;2;XEUR;7776307;597;
23.10.2024;15:52:29.517;FEBD SI 20261218 CS;SIMPLE_INSTRUMENT;BLOCK;EUR;36;9.24000000;200;EXCHANGE_LAST;;1;1;XEUR;7158212;597;
23.10.2024;09:46:48.050;FESB SI 20241220 CS;SIMPLE_INSTRUMENT;BLOCK;EUR;21;145.00000000;4312;EXCHANGE_LAST;;1;1;XEUR;10838895;605;
23.10.2024;14:16:23.274;FESB SI 20241220 CS;SIMPLE_INSTRUMENT;BLOCK;EUR;26;145.00000000;2405;EXCHANGE_LAST;;1;1;XEUR;10838895;605;
23.10.2024;11:48:01.280;FESB SI 20241220 CS;SIMPLE_INSTRUMENT;VOLA;EUR;603979802;144.80000000;1000;EXCHANGE_LAST;;1;1;XEUR;10838895;605;
23.10.2024;12:30:44.357;FESB SI 20241220 CS;SIMPLE_INSTRUMENT;VOLA;EUR;603979810;146.00000000;60;EXCHANGE_LAST;;1;1;XEUR;10838895;605;
23.10.2024;15:18:32.621;FESB SI 20241220 CS;SIMPLE_INSTRUMENT;VOLA;EUR;603979824;145.70000000;500;EXCHANGE_LAST;;1;1;XEUR;10838895;605;
23.10.2024;08:03:43.193;FESX SI 20241220 CS;SIMPLE_INSTRUMENT;BLOCK;EUR;1;4958.00000000;2150;EXCHANGE_LAST;;1;1;XEUR;7793479;675;
23.10.2024;09:41:03.492;FESX SI 20241220 CS;SIMPLE_INSTRUMENT;BLOCK;EUR;2;4945.00000000;3000;EXCHANGE_LAST;;1;1;XEUR;7793479;675;
23.10.2024;11:20:03.276;FESX SI 20241220 CS;SIMPLE_INSTRUMENT;BLOCK;EUR;4;4930.00000000;2000;EXCHANGE_LAST;;1;1;XEUR;7793479;675;
23.10.2024;11:21:13.569;FESX SI 20241220 CS;SIMPLE_INSTRUMENT;BLOCK;EUR;5;4930.00000000;2000;EXCHANGE_LAST;;1;1;XEUR;7793479;675;
23.10.2024;11:25:49.339;FESX SI 20241220 CS;SIMPLE_INSTRUMENT;EFP_IDX;EUR;6;4929.00000000;2000;EXCHANGE_LAST;;1;1;XEUR;7793479;675;
23.10.2024;11:33:33.899;FESX SI 20241220 CS;SIMPLE_INSTRUMENT;BLOCK;EUR;7;4930.00000000;2000;EXCHANGE_LAST;;1;1;XEUR;7793479;675;
23.10.2024;11:33:52.898;FESX SI 20241220 CS;SIMPLE_INSTRUMENT;BLOCK;EUR;8;4930.00000000;2000;EXCHANGE_LAST;;1;1;XEUR;7793479;675;
23.10.2024;11:34:09.201;FESX SI 20241220 CS;SIMPLE_INSTRUMENT;BLOCK;EUR;9;4930.00000000;2000;EXCHANGE_LAST;;1;1;XEUR;7793479;675;
23.10.2024;14:55:42.475;FESX SI 20241220 CS;SIMPLE_INSTRUMENT;EFP_IDX;EUR;10;4958.00000000;2000;EXCHANGE_LAST;;1;1;XEUR;7793479;675;
23.10.2024;15:31:04.674;FESX SI 20241220 CS;SIMPLE_INSTRUMENT;EFP_IDX;EUR;11;4942.00000000;1000;EXCHANGE_LAST;;1;1;XEUR;7793479;675;
23.10.2024;15:43:10.482;FESX SI 20241220 CS;SIMPLE_INSTRUMENT;EFP_IDX;EUR;12;4939.00000000;200;EXCHANGE_LAST;;1;1;XEUR;7793479;675;
23.10.2024;15:49:38.272;FESX SI 20241220 CS;SIMPLE_INSTRUMENT;EFP_IDX;EUR;13;4940.00000000;2000;EXCHANGE_LAST;;1;1;XEUR;7793479;675;
23.10.2024;16:01:18.838;FESX SI 20241220 CS;SIMPLE_INSTRUMENT;EFP_IDX;EUR;14;4939.00000000;255;EXCHANGE_LAST;;1;1;XEUR;7793479;675;
23.10.2024;16:02:28.778;FESX SI 20241220 CS;SIMPLE_INSTRUMENT;EFP_IDX;EUR;17;4938.00000000;208;EXCHANGE_LAST;;1;1;XEUR;7793479;675;
23.10.2024;16:04:53.972;FESX SI 20241220 CS;SIMPLE_INSTRUMENT;EFP_IDX;EUR;18;4939.00000000;243;EXCHANGE_LAST;;1;1;XEUR;7793479;675;
23.10.2024;16:06:51.790;FESX SI 20241220 CS;SIMPLE_INSTRUMENT;EFP_IDX;EUR;19;4938.00000000;117;EXCHANGE_LAST;;1;1;XEUR;7793479;675;
23.10.2024;16:49:50.825;FESX SI 20241220 CS;SIMPLE_INSTRUMENT;EFP_IDX;EUR;20;4938.00000000;81;EXCHANGE_LAST;;1;1;XEUR;7793479;675;
23.10.2024;16:50:30.457;FESX SI 20241220 CS;SIMPLE_INSTRUMENT;EFP_IDX;EUR;21;4939.00000000;169;EXCHANGE_LAST;;1;1;XEUR;7793479;675;
23.10.2024;08:45:26.712;FESX SI 20241220 CS;SIMPLE_INSTRUMENT;VOLA;EUR;637534240;4943.00000000;403;EXCHANGE_LAST;;1;1;XEUR;7793479;675;
23.10.2024;08:55:11.747;FESX SI 20241220 CS;SIMPLE_INSTRUMENT;VOLA;EUR;637534248;4942.00000000;4900;EXCHANGE_LAST;;1;1;XEUR;7793479;675;
23.10.2024;09:03:06.968;FESX SI 20241220 CS;SIMPLE_INSTRUMENT;VOLA;EUR;637534250;4935.00000000;102;EXCHANGE_LAST;;1;1;XEUR;7793479;675;
23.10.2024;09:53:51.494;FESX SI 20241220 CS;SIMPLE_INSTRUMENT;VOLA;EUR;637534262;4940.00000000;1178;EXCHANGE_LAST;;1;1;XEUR;7793479;675;
23.10.2024;10:14:57.545;FESX SI 20241220 CS;SIMPLE_INSTRUMENT;VOLA;EUR;637534267;4940.00000000;430;EXCHANGE_LAST;;1;1;XEUR;7793479;675;
23.10.2024;10:22:23.515;FESX SI 20241220 CS;SIMPLE_INSTRUMENT;VOLA;EUR;637534271;4941.00000000;130;EXCHANGE_LAST;;1;1;XEUR;7793479;675;
23.10.2024;10:34:36.165;FESX SI 20241220 CS;SIMPLE_INSTRUMENT;VOLA;EUR;637534281;4940.00000000;430;EXCHANGE_LAST;;1;1;XEUR;7793479;675;
23.10.2024;10:36:04.058;FESX SI 20241220 CS;SIMPLE_INSTRUMENT;VOLA;EUR;637534282;4940.00000000;430;EXCHANGE_LAST;;1;1;XEUR;7793479;675;
23.10.2024;11:42:04.599;FESX SI 20241220 CS;SIMPLE_INSTRUMENT;VOLA;EUR;637534296;4940.00000000;160;EXCHANGE_LAST;;1;1;XEUR;7793479;675;
23.10.2024;11:51:30.020;FESX SI 20241220 CS;SIMPLE_INSTRUMENT;VOLA;EUR;637534298;4935.00000000;358;EXCHANGE_LAST;;1;1;XEUR;7793479;675;
23.10.2024;11:53:31.688;FESX SI 20241220 CS;SIMPLE_INSTRUMENT;VOLA;EUR;637534299;4935.00000000;100;EXCHANGE_LAST;;1;1;XEUR;7793479;675;
23.10.2024;12:10:47.130;FESX SI 20241220 CS;SIMPLE_INSTRUMENT;VOLA;EUR;637534305;4939.00000000;400;EXCHANGE_LAST;;1;1;XEUR;7793479;675;
23.10.2024;13:16:07.330;FESX SI 20241220 CS;SIMPLE_INSTRUMENT;VOLA;EUR;637534317;4939.00000000;300;EXCHANGE_LAST;;1;1;XEUR;7793479;675;
23.10.2024;15:15:25.126;FESX SI 20241220 CS;SIMPLE_INSTRUMENT;VOLA;EUR;637534350;4955.00000000;20;EXCHANGE_LAST;;1;1;XEUR;7793479;675;
23.10.2024;15:15:56.195;FESX SI 20241220 CS;SIMPLE_INSTRUMENT;VOLA;EUR;637534351;4955.00000000;20;EXCHANGE_LAST;;1;1;XEUR;7793479;675;
23.10.2024;15:28:03.175;FESX SI 20241220 CS;SIMPLE_INSTRUMENT;VOLA;EUR;637534355;4940.00000000;100;EXCHANGE_LAST;;1;1;XEUR;7793479;675;
23.10.2024;07:47:50.592;FEXD SI 20261218 CS;SIMPLE_INSTRUMENT;BLOCK;EUR;1;153.30000000;1000;EXCHANGE_LAST;;1;1;XEUR;2163053;693;
23.10.2024;08:18:32.751;FEXD SI 20261218 CS;SIMPLE_INSTRUMENT;BLOCK;EUR;4;153.00000000;150;EXCHANGE_LAST;;1;1;XEUR;2163053;693;
23.10.2024;08:18:46.752;FEXD SI 20261218 CS;SIMPLE_INSTRUMENT;BLOCK;EUR;5;153.10000000;150;EXCHANGE_LAST;;1;1;XEUR;2163053;693;
23.10.2024;10:07:37.008;FEXD SI 20251219 CS;SIMPLE_INSTRUMENT;BLOCK;EUR;7;157.90000000;1000;EXCHANGE_LAST;;1;1;XEUR;1548120;693;
23.10.2024;10:08:21.066;FEXD SI 20261218 CS;SIMPLE_INSTRUMENT;BLOCK;EUR;9;153.40000000;500;EXCHANGE_LAST;;1;1;XEUR;2163053;693;
23.10.2024;10:08:30.743;FEXD SI 20261218 CS;SIMPLE_INSTRUMENT;BLOCK;EUR;10;153.50000000;500;EXCHANGE_LAST;;1;1;XEUR;2163053;693;
23.10.2024;11:00:43.989;FEXD.S.DEC25.DEC26.SPD;FUTURES_SPREAD;BLOCK;EUR;13;4.70000000;400;EXCHANGE_LAST;;1;1;XEUR;72060570450264144;693;
23.10.2024;11:00:43.989;FEXD SI 20261218 CS;SIMPLE_INSTRUMENT;BLOCK;EUR;13;152.90000000;400;PRC_DECOMP_EXCHANGE;;;;XEUR;2163053;693;EXCHANGE
23.10.2024;11:00:43.989;FEXD SI 20251219 CS;SIMPLE_INSTRUMENT;BLOCK;EUR;13;157.60000000;400;PRC_DECOMP_EXCHANGE;;;;XEUR;1548120;693;EXCHANGE
23.10.2024;07:10:48.555;FGBL SI 20241206 PS;SIMPLE_INSTRUMENT;EFS;EUR;1;132.85000000;731;EXCHANGE_LAST;;1;1;XEUR;10804524;688;
23.10.2024;07:37:18.773;FGBL SI 20241206 PS;SIMPLE_INSTRUMENT;EFS;EUR;2;132.91000000;427;EXCHANGE_LAST;;1;1;XEUR;10804524;688;
23.10.2024;07:37:29.086;FGBL SI 20241206 PS;SIMPLE_INSTRUMENT;EFS;EUR;3;132.91000000;427;EXCHANGE_LAST;;1;1;XEUR;10804524;688;
23.10.2024;07:32:31.206;FGBL SI 20241206 PS;SIMPLE_INSTRUMENT;EFS;EUR;4;132.85000000;731;EXCHANGE_LAST;;1;1;XEUR;10804524;688;
23.10.2024;07:37:48.195;FGBL SI 20241206 PS;SIMPLE_INSTRUMENT;EFP_FIN;EUR;5;132.86000000;1052;EXCHANGE_LAST;;1;1;XEUR;10804524;688;
23.10.2024;07:41:04.288;FGBL SI 20241206 PS;SIMPLE_INSTRUMENT;EFS;EUR;6;132.92000000;426;EXCHANGE_LAST;;1;1;XEUR;10804524;688;
23.10.2024;07:42:37.505;FGBL SI 20241206 PS;SIMPLE_INSTRUMENT;EFS;EUR;7;132.93000000;250;EXCHANGE_LAST;;1;1;XEUR;10804524;688;
23.10.2024;07:43:36.814;FGBL SI 20241206 PS;SIMPLE_INSTRUMENT;EFS;EUR;8;132.93000000;426;EXCHANGE_LAST;;1;1;XEUR;10804524;688;
23.10.2024;07:45:47.146;FGBL SI 20241206 PS;SIMPLE_INSTRUMENT;EFS;EUR;9;132.89000000;213;EXCHANGE_LAST;;1;1;XEUR;10804524;688;
23.10.2024;07:46:37.636;FGBL SI 20241206 PS;SIMPLE_INSTRUMENT;EFS;EUR;10;132.87000000;213;EXCHANGE_LAST;;1;1;XEUR;10804524;688;
23.10.2024;07:50:40.065;FGBL SI 20241206 PS;SIMPLE_INSTRUMENT;EFS;EUR;11;132.90000000;213;EXCHANGE_LAST;;1;1;XEUR;10804524;688;
23.10.2024;07:59:10.565;FGBL SI 20241206 PS;SIMPLE_INSTRUMENT;EFS;EUR;12;132.83000000;454;EXCHANGE_LAST;;1;1;XEUR;10804524;688;
23.10.2024;07:59:17.154;FGBL SI 20241206 PS;SIMPLE_INSTRUMENT;EFS;EUR;13;132.85000000;299;EXCHANGE_LAST;;1;1;XEUR;10804524;688;
23.10.2024;08:12:50.757;FGBL SI 20241206 PS;SIMPLE_INSTRUMENT;EFS;EUR;14;132.90000000;180;EXCHANGE_LAST;;1;1;XEUR;10804524;688;
23.10.2024;08:18:49.942;FGBL SI 20241206 PS;SIMPLE_INSTRUMENT;EFS;EUR;15;132.88000000;452;EXCHANGE_LAST;;1;1;XEUR;10804524;688;
23.10.2024;08:25:16.075;FGBL SI 20241206 PS;SIMPLE_INSTRUMENT;EFP_FIN;EUR;16;132.80000000;323;EXCHANGE_LAST;;1;1;XEUR;10804524;688;
23.10.2024;08:27:27.735;FGBL SI 20241206 PS;SIMPLE_INSTRUMENT;EFS;EUR;17;132.87000000;2260;EXCHANGE_LAST;;1;1;XEUR;10804524;688;
23.10.2024;08:32:45.947;FGBL SI 20241206 PS;SIMPLE_INSTRUMENT;EFS;EUR;18;132.88000000;723;EXCHANGE_LAST;;1;1;XEUR;10804524;688;
23.10.2024;08:38:16.964;FGBL SI 20241206 PS;SIMPLE_INSTRUMENT;EFS;EUR;19;132.81000000;731;EXCHANGE_LAST;;1;1;XEUR;10804524;688;
23.10.2024;08:48:05.966;FGBL SI 20241206 PS;SIMPLE_INSTRUMENT;EFS;EUR;20;132.82000000;731;EXCHANGE_LAST;;1;1;XEUR;10804524;688;
23.10.2024;08:51:50.478;FGBL SI 20241206 PS;SIMPLE_INSTRUMENT;EFS;EUR;21;132.77000000;512;EXCHANGE_LAST;;1;1;XEUR;10804524;688;
23.10.2024;08:52:12.597;FGBL SI 20241206 PS;SIMPLE_INSTRUMENT;EFS;EUR;22;132.77000000;512;EXCHANGE_LAST;;1;1;XEUR;10804524;688;
23.10.2024;08:52:46.020;FGBL SI 20241206 PS;SIMPLE_INSTRUMENT;EFP_FIN;EUR;23;132.82000000;849;EXCHANGE_LAST;;1;1;XEUR;10804524;688;
23.10.2024;08:53:13.733;FGBL SI 20241206 PS;SIMPLE_INSTRUMENT;EFS;EUR;24;132.77000000;204;EXCHANGE_LAST;;1;1;XEUR;10804524;688;
23.10.2024;08:55:43.161;FGBL SI 20241206 PS;SIMPLE_INSTRUMENT;EFP_FIN;EUR;25;132.80000000;952;EXCHANGE_LAST;;1;1;XEUR;10804524;688;
23.10.2024;08:55:25.290;FGBL SI 20241206 PS;SIMPLE_INSTRUMENT;EFP_FIN;EUR;26;132.85000000;1402;EXCHANGE_LAST;;1;1;XEUR;10804524;688;
23.10.2024;08:59:25.686;FGBL SI 20241206 PS;SIMPLE_INSTRUMENT;EFS;EUR;27;132.80000000;299;EXCHANGE_LAST;;1;1;XEUR;10804524;688;
23.10.2024;09:01:10.237;FGBL SI 20241206 PS;SIMPLE_INSTRUMENT;EFS;EUR;28;132.80000000;341;EXCHANGE_LAST;;1;1;XEUR;10804524;688;
23.10.2024;09:02:56.004;FGBL SI 20241206 PS;SIMPLE_INSTRUMENT;EFS;EUR;29;132.75000000;213;EXCHANGE_LAST;;1;1;XEUR;10804524;688;
23.10.2024;09:04:43.683;FGBL SI 20241206 PS;SIMPLE_INSTRUMENT;EFS;EUR;30;132.76000000;213;EXCHANGE_LAST;;1;1;XEUR;10804524;688;
23.10.2024;09:07:28.633;FGBL SI 20241206 PS;SIMPLE_INSTRUMENT;EFP_FIN;EUR;31;132.87000000;357;EXCHANGE_LAST;;1;1;XEUR;10804524;688;
23.10.2024;09:16:22.187;FGBL SI 20241206 PS;SIMPLE_INSTRUMENT;EFS;EUR;33;132.81000000;426;EXCHANGE_LAST;;1;1;XEUR;10804524;688;
23.10.2024;09:17:24.402;FGBL SI 20241206 PS;SIMPLE_INSTRUMENT;EFS;EUR;34;132.81000000;426;EXCHANGE_LAST;;1;1;XEUR;10804524;688;
23.10.2024;09:18:33.413;FGBL SI 20241206 PS;SIMPLE_INSTRUMENT;EFS;EUR;35;132.81000000;213;EXCHANGE_LAST;;1;1;XEUR;10804524;688;
23.10.2024;09:29:10.462;FGBL SI 20241206 PS;SIMPLE_INSTRUMENT;EFS;EUR;36;132.81000000;244;EXCHANGE_LAST;;1;1;XEUR;10804524;688;
23.10.2024;09:29:48.597;FGBL SI 20241206 PS;SIMPLE_INSTRUMENT;EFS;EUR;37;132.81000000;452;EXCHANGE_LAST;;1;1;XEUR;10804524;688;
23.10.2024;09:31:20.703;FGBL SI 20241206 PS;SIMPLE_INSTRUMENT;EFS;EUR;38;132.76000000;427;EXCHANGE_LAST;;1;1;XEUR;10804524;688;
23.10.2024;09:31:14.678;FGBL SI 20241206 PS;SIMPLE_INSTRUMENT;EFS;EUR;39;132.74000000;427;EXCHANGE_LAST;;1;1;XEUR;10804524;688;
23.10.2024;09:31:55.698;FGBL SI 20241206 PS;SIMPLE_INSTRUMENT;EFS;EUR;40;132.75000000;488;EXCHANGE_LAST;;1;1;XEUR;10804524;688;
23.10.2024;09:32:11.900;FGBL SI 20241206 PS;SIMPLE_INSTRUMENT;EFS;EUR;41;132.74000000;427;EXCHANGE_LAST;;1;1;XEUR;10804524;688;
23.10.2024;09:33:09.594;FGBL SI 20241206 PS;SIMPLE_INSTRUMENT;EFS;EUR;42;132.75000000;256;EXCHANGE_LAST;;1;1;XEUR;10804524;688;
23.10.2024;09:33:29.186;FGBL SI 20241206 PS;SIMPLE_INSTRUMENT;EFS;EUR;43;132.75000000;256;EXCHANGE_LAST;;1;1;XEUR;10804524;688;
23.10.2024;09:36:21.587;FGBL SI 20241206 PS;SIMPLE_INSTRUMENT;EFS;EUR;44;132.76000000;250;EXCHANGE_LAST;;1;1;XEUR;10804524;688;
23.10.2024;09:43:46.408;FGBL SI 20241206 PS;SIMPLE_INSTRUMENT;EFS;EUR;45;132.81000000;731;EXCHANGE_LAST;;1;1;XEUR;10804524;688;
23.10.2024;09:58:31.692;FGBL SI 20241206 PS;SIMPLE_INSTRUMENT;EFS;EUR;46;132.84000000;243;EXCHANGE_LAST;;1;1;XEUR;10804524;688;
23.10.2024;09:58:37.510;FGBL SI 20241206 PS;SIMPLE_INSTRUMENT;EFS;EUR;47;132.78000000;146;EXCHANGE_LAST;;1;1;XEUR;10804524;688;
23.10.2024;10:00:10.006;FGBL SI 20241206 PS;SIMPLE_INSTRUMENT;EFS;EUR;48;132.81000000;250;EXCHANGE_LAST;;1;1;XEUR;10804524;688;
23.10.2024;10:00:53.041;FGBL SI 20241206 PS;SIMPLE_INSTRUMENT;EFS;EUR;49;132.83000000;257;EXCHANGE_LAST;;1;1;XEUR;10804524;688;
23.10.2024;10:02:32.934;FGBL SI 20241206 PS;SIMPLE_INSTRUMENT;EFP_FIN;EUR;50;132.84000000;736;EXCHANGE_LAST;;1;1;XEUR;10804524;688;
23.10.2024;10:04:11.851;FGBL SI 20241206 PS;SIMPLE_INSTRUMENT;EFS;EUR;51;132.84000000;299;EXCHANGE_LAST;;1;1;XEUR;10804524;688;
23.10.2024;10:10:50.653;FGBL SI 20241206 PS;SIMPLE_INSTRUMENT;EFP_FIN;EUR;52;132.83000000;387;EXCHANGE_LAST;;1;1;XEUR;10804524;688;
23.10.2024;10:13:00.493;FGBL SI 20241206 PS;SIMPLE_INSTRUMENT;EFS;EUR;53;132.85000000;214;EXCHANGE_LAST;;1;1;XEUR;10804524;688;
23.10.2024;10:15:10.679;FGBL SI 20241206 PS;SIMPLE_INSTRUMENT;EFS;EUR;54;132.85000000;214;EXCHANGE_LAST;;1;1;XEUR;10804524;688;
23.10.2024;10:15:47.748;FGBL SI 20241206 PS;SIMPLE_INSTRUMENT;EFS;EUR;55;132.86000000;487;EXCHANGE_LAST;;1;1;XEUR;10804524;688;
23.10.2024;10:16:01.731;FGBL SI 20241206 PS;SIMPLE_INSTRUMENT;EFP_FIN;EUR;56;132.84000000;727;EXCHANGE_LAST;;1;1;XEUR;10804524;688;
23.10.2024;10:17:54.784;FGBL SI 20241206 PS;SIMPLE_INSTRUMENT;EFS;EUR;57;132.89000000;214;EXCHANGE_LAST;;1;1;XEUR;10804524;688;
23.10.2024;10:18:10.886;FGBL SI 20241206 PS;SIMPLE_INSTRUMENT;EFS;EUR;58;132.85000000;214;EXCHANGE_LAST;;1;1;XEUR;10804524;688;
23.10.2024;10:18:13.025;FGBL SI 20241206 PS;SIMPLE_INSTRUMENT;EFS;EUR;59;132.87000000;428;EXCHANGE_LAST;;1;1;XEUR;10804524;688;
23.10.2024;10:18:24.819;FGBL SI 20241206 PS;SIMPLE_INSTRUMENT;EFS;EUR;60;132.89000000;642;EXCHANGE_LAST;;1;1;XEUR;10804524;688;
23.10.2024;10:18:34.742;FGBL SI 20241206 PS;SIMPLE_INSTRUMENT;EFP_FIN;EUR;61;132.74000000;425;EXCHANGE_LAST;;1;1;XEUR;10804524;688;
23.10.2024;10:25:21.227;FGBL SI 20241206 PS;SIMPLE_INSTRUMENT;EFS;EUR;63;132.89000000;214;EXCHANGE_LAST;;1;1;XEUR;10804524;688;
23.10.2024;10:27:45.434;FGBL SI 20241206 PS;SIMPLE_INSTRUMENT;EFP_FIN;EUR;64;132.84000000;738;EXCHANGE_LAST;;1;1;XEUR;10804524;688;
23.10.2024;10:28:43.314;FGBL SI 20241206 PS;SIMPLE_INSTRUMENT;EFP_FIN;EUR;65;132.88000000;168;EXCHANGE_LAST;;1;1;XEUR;10804524;688;
23.10.2024;10:32:12.665;FGBL SI 20241206 PS;SIMPLE_INSTRUMENT;EFS;EUR;66;132.91000000;213;EXCHANGE_LAST;;1;1;XEUR;10804524;688;
23.10.2024;10:32:45.483;FGBL SI 20241206 PS;SIMPLE_INSTRUMENT;EFS;EUR;67;132.92000000;213;EXCHANGE_LAST;;1;1;XEUR;10804524;688;
23.10.2024;10:38:18.806;FGBL SI 20241206 PS;SIMPLE_INSTRUMENT;EFP_FIN;EUR;68;132.89000000;1550;EXCHANGE_LAST;;1;1;XEUR;10804524;688;
23.10.2024;10:40:36.476;FGBL SI 20241206 PS;SIMPLE_INSTRUMENT;EFS;EUR;69;132.83000000;213;EXCHANGE_LAST;;1;1;XEUR;10804524;688;
23.10.2024;10:44:04.242;FGBL SI 20241206 PS;SIMPLE_INSTRUMENT;EFS;EUR;70;132.92000000;430;EXCHANGE_LAST;;1;1;XEUR;10804524;688;
23.10.2024;10:45:55.518;FGBL SI 20241206 PS;SIMPLE_INSTRUMENT;EFP_FIN;EUR;71;132.79000000;132;EXCHANGE_LAST;;1;1;XEUR;10804524;688;
23.10.2024;10:48:55.956;FGBL SI 20241206 PS;SIMPLE_INSTRUMENT;EFS;EUR;72;132.84000000;4900;EXCHANGE_LAST;;1;1;XEUR;10804524;688;
23.10.2024;10:49:44.459;FGBL SI 20241206 PS;SIMPLE_INSTRUMENT;EFP_FIN;EUR;73;132.80000000;1275;EXCHANGE_LAST;;1;1;XEUR;10804524;688;
23.10.2024;10:50:51.373;FGBL SI 20241206 PS;SIMPLE_INSTRUMENT;BLOCK;EUR;74;132.84000000;2436;EXCHANGE_LAST;;1;1;XEUR;10804524;688;
23.10.2024;11:00:00.842;FGBL SI 20241206 PS;SIMPLE_INSTRUMENT;EFP_FIN;EUR;75;132.80000000;727;EXCHANGE_LAST;;1;1;XEUR;10804524;688;
23.10.2024;11:06:35.152;FGBL SI 20241206 PS;SIMPLE_INSTRUMENT;EFP_FIN;EUR;76;132.86000000;387;EXCHANGE_LAST;;1;1;XEUR;10804524;688;
23.10.2024;11:08:13.351;FGBL SI 20241206 PS;SIMPLE_INSTRUMENT;EFS;EUR;77;132.92000000;427;EXCHANGE_LAST;;1;1;XEUR;10804524;688;
23.10.2024;11:09:35.882;FGBL SI 20241206 PS;SIMPLE_INSTRUMENT;EFS;EUR;78;132.92000000;427;EXCHANGE_LAST;;1;1;XEUR;10804524;688;
23.10.2024;11:13:55.840;FGBL SI 20241206 PS;SIMPLE_INSTRUMENT;EFS;EUR;79;132.93000000;380;EXCHANGE_LAST;;1;1;XEUR;10804524;688;
23.10.2024;11:14:55.922;FGBL SI 20241206 PS;SIMPLE_INSTRUMENT;EFP_FIN;EUR;80;132.91000000;446;EXCHANGE_LAST;;1;1;XEUR;10804524;688;
23.10.2024;11:16:44.711;FGBL SI 20241206 PS;SIMPLE_INSTRUMENT;EFP_FIN;EUR;81;132.83000000;387;EXCHANGE_LAST;;1;1;XEUR;10804524;688;
23.10.2024;11:24:22.589;FGBL SI 20241206 PS;SIMPLE_INSTRUMENT;EFP_FIN;EUR;82;132.92000000;1162;EXCHANGE_LAST;;1;1;XEUR;10804524;688;
23.10.2024;11:30:19.905;FGBL SI 20241206 PS;SIMPLE_INSTRUMENT;EFS;EUR;83;132.89000000;452;EXCHANGE_LAST;;1;1;XEUR;10804524;688;
23.10.2024;11:30:30.583;FGBL SI 20241206 PS;SIMPLE_INSTRUMENT;EFP_FIN;EUR;84;132.87000000;578;EXCHANGE_LAST;;1;1;XEUR;10804524;688;
23.10.2024;11:34:33.660;FGBL SI 20241206 PS;SIMPLE_INSTRUMENT;EFS;EUR;85;132.86000000;200;EXCHANGE_LAST;;1;1;XEUR;10804524;688;
23.10.2024;11:41:18.913;FGBL SI 20241206 PS;SIMPLE_INSTRUMENT;EFP_FIN;EUR;86;132.90000000;425;EXCHANGE_LAST;;1;1;XEUR;10804524;688;
23.10.2024;11:56:14.969;FGBL SI 20241206 PS;SIMPLE_INSTRUMENT;BLOCK;EUR;87;132.86000000;10234;EXCHANGE_LAST;;1;1;XEUR;10804524;688;
23.10.2024;12:00:59.358;FGBL SI 20241206 PS;SIMPLE_INSTRUMENT;EFS;EUR;88;132.84000000;428;EXCHANGE_LAST;;1;1;XEUR;10804524;688;
23.10.2024;12:01:19.383;FGBL SI 20241206 PS;SIMPLE_INSTRUMENT;EFS;EUR;89;132.84000000;214;EXCHANGE_LAST;;1;1;XEUR;10804524;688;
23.10.2024;12:02:14.319;FGBL SI 20241206 PS;SIMPLE_INSTRUMENT;EFP_FIN;EUR;90;132.85000000;287;EXCHANGE_LAST;;1;1;XEUR;10804524;688;
23.10.2024;12:04:01.319;FGBL SI 20241206 PS;SIMPLE_INSTRUMENT;EFP_FIN;EUR;91;132.80000000;1274;EXCHANGE_LAST;;1;1;XEUR;10804524;688;
23.10.2024;12:04:53.849;FGBL SI 20241206 PS;SIMPLE_INSTRUMENT;EFS;EUR;92;132.86000000;427;EXCHANGE_LAST;;1;1;XEUR;10804524;688;
23.10.2024;12:06:35.720;FGBL SI 20241206 PS;SIMPLE_INSTRUMENT;EFS;EUR;93;132.84000000;214;EXCHANGE_LAST;;1;1;XEUR;10804524;688;
23.10.2024;12:06:59.858;FGBL SI 20241206 PS;SIMPLE_INSTRUMENT;EFS;EUR;94;132.84000000;428;EXCHANGE_LAST;;1;1;XEUR;10804524;688;
23.10.2024;12:08:25.981;FGBL SI 20241206 PS;SIMPLE_INSTRUMENT;EFS;EUR;95;132.84000000;214;EXCHANGE_LAST;;1;1;XEUR;10804524;688;
23.10.2024;12:10:26.088;FGBL SI 20241206 PS;SIMPLE_INSTRUMENT;EFS;EUR;96;132.94000000;214;EXCHANGE_LAST;;1;1;XEUR;10804524;688;
23.10.2024;12:10:31.094;FGBL SI 20241206 PS;SIMPLE_INSTRUMENT;EFS;EUR;97;132.94000000;214;EXCHANGE_LAST;;1;1;XEUR;10804524;688;
23.10.2024;12:15:16.451;FGBL SI 20241206 PS;SIMPLE_INSTRUMENT;EFS;EUR;98;132.90000000;214;EXCHANGE_LAST;;1;1;XEUR;10804524;688;
23.10.2024;12:19:13.910;FGBL SI 20241206 PS;SIMPLE_INSTRUMENT;EFP_FIN;EUR;99;132.80000000;1007;EXCHANGE_LAST;;1;1;XEUR;10804524;688;
23.10.2024;12:21:13.026;FGBL SI 20241206 PS;SIMPLE_INSTRUMENT;BLOCK;EUR;100;132.94000000;2650;EXCHANGE_LAST;;1;1;XEUR;10804524;688;
23.10.2024;12:25:47.092;FGBL SI 20241206 PS;SIMPLE_INSTRUMENT;EFS;EUR;101;132.83000000;428;EXCHANGE_LAST;;1;1;XEUR;10804524;688;
23.10.2024;12:35:25.273;FGBL SI 20241206 PS;SIMPLE_INSTRUMENT;EFS;EUR;102;132.90000000;730;EXCHANGE_LAST;;1;1;XEUR;10804524;688;
23.10.2024;12:38:36.796;FGBL SI 20241206 PS;SIMPLE_INSTRUMENT;EFP_FIN;EUR;103;132.84000000;333;EXCHANGE_LAST;;1;1;XEUR;10804524;688;
23.10.2024;12:46:13.190;FGBL SI 20241206 PS;SIMPLE_INSTRUMENT;EFP_FIN;EUR;104;132.78000000;180;EXCHANGE_LAST;;1;1;XEUR;10804524;688;
23.10.2024;12:52:34.533;FGBL SI 20241206 PS;SIMPLE_INSTRUMENT;EFP_FIN;EUR;105;132.82000000;298;EXCHANGE_LAST;;1;1;XEUR;10804524;688;
23.10.2024;12:56:50.179;FGBL SI 20241206 PS;SIMPLE_INSTRUMENT;EFS;EUR;106;132.81000000;378;EXCHANGE_LAST;;1;1;XEUR;10804524;688;
23.10.2024;12:58:00.187;FGBL SI 20241206 PS;SIMPLE_INSTRUMENT;EFS;EUR;107;132.82000000;427;EXCHANGE_LAST;;1;1;XEUR;10804524;688;
23.10.2024;12:58:44.442;FGBL SI 20241206 PS;SIMPLE_INSTRUMENT;EFS;EUR;108;132.82000000;213;EXCHANGE_LAST;;1;1;XEUR;10804524;688;
23.10.2024;12:59:06.253;FGBL SI 20241206 PS;SIMPLE_INSTRUMENT;EFP_FIN;EUR;109;132.83000000;195;EXCHANGE_LAST;;1;1;XEUR;10804524;688;
23.10.2024;13:00:11.561;FGBL SI 20241206 PS;SIMPLE_INSTRUMENT;EFS;EUR;110;132.82000000;213;EXCHANGE_LAST;;1;1;XEUR;10804524;688;
23.10.2024;13:07:54.832;FGBL SI 20241206 PS;SIMPLE_INSTRUMENT;EFP_FIN;EUR;111;132.82000000;850;EXCHANGE_LAST;;1;1;XEUR;10804524;688;
23.10.2024;13:08:07.547;FGBL SI 20241206 PS;SIMPLE_INSTRUMENT;EFS;EUR;112;132.84000000;214;EXCHANGE_LAST;;1;1;XEUR;10804524;688;
23.10.2024;13:08:25.743;FGBL SI 20241206 PS;SIMPLE_INSTRUMENT;EFS;EUR;113;132.84000000;428;EXCHANGE_LAST;;1;1;XEUR;10804524;688;
23.10.2024;13:08:45.771;FGBL SI 20241206 PS;SIMPLE_INSTRUMENT;EFS;EUR;114;132.84000000;428;EXCHANGE_LAST;;1;1;XEUR;10804524;688;
23.10.2024;13:11:31.026;FGBL SI 20241206 PS;SIMPLE_INSTRUMENT;EFS;EUR;115;132.84000000;214;EXCHANGE_LAST;;1;1;XEUR;10804524;688;
23.10.2024;13:12:39.583;FGBL SI 20241206 PS;SIMPLE_INSTRUMENT;EFS;EUR;116;132.81000000;487;EXCHANGE_LAST;;1;1;XEUR;10804524;688;
23.10.2024;13:13:25.041;FGBL SI 20241206 PS;SIMPLE_INSTRUMENT;EFS;EUR;117;132.82000000;239;EXCHANGE_LAST;;1;1;XEUR;10804524;688;
23.10.2024;13:14:00.645;FGBL SI 20241206 PS;SIMPLE_INSTRUMENT;EFS;EUR;118;132.82000000;427;EXCHANGE_LAST;;1;1;XEUR;10804524;688;
23.10.2024;13:14:22.641;FGBL SI 20241206 PS;SIMPLE_INSTRUMENT;EFS;EUR;119;132.84000000;214;EXCHANGE_LAST;;1;1;XEUR;10804524;688;
23.10.2024;13:14:59.351;FGBL SI 20241206 PS;SIMPLE_INSTRUMENT;EFS;EUR;120;132.81000000;213;EXCHANGE_LAST;;1;1;XEUR;10804524;688;
23.10.2024;13:17:09.563;FGBL SI 20241206 PS;SIMPLE_INSTRUMENT;EFS;EUR;121;132.84000000;214;EXCHANGE_LAST;;1;1;XEUR;10804524;688;
23.10.2024;13:21:08.023;FGBL SI 20241206 PS;SIMPLE_INSTRUMENT;EFS;EUR;122;132.84000000;428;EXCHANGE_LAST;;1;1;XEUR;10804524;688;
23.10.2024;13:20:53.030;FGBL SI 20241206 PS;SIMPLE_INSTRUMENT;EFS;EUR;123;132.81000000;334;EXCHANGE_LAST;;1;1;XEUR;10804524;688;
23.10.2024;13:22:35.412;FGBL SI 20241206 PS;SIMPLE_INSTRUMENT;EFS;EUR;124;132.82000000;180;EXCHANGE_LAST;;1;1;XEUR;10804524;688;
23.10.2024;13:22:49.390;FGBL SI 20241206 PS;SIMPLE_INSTRUMENT;EFS;EUR;125;132.80000000;85;EXCHANGE_LAST;;1;1;XEUR;10804524;688;
23.10.2024;13:23:15.315;FGBL SI 20241206 PS;SIMPLE_INSTRUMENT;EFS;EUR;126;132.82000000;226;EXCHANGE_LAST;;1;1;XEUR;10804524;688;
23.10.2024;13:26:13.034;FGBL SI 20241206 PS;SIMPLE_INSTRUMENT;EFS;EUR;127;132.77000000;427;EXCHANGE_LAST;;1;1;XEUR;10804524;688;
23.10.2024;13:29:42.247;FGBL SI 20241206 PS;SIMPLE_INSTRUMENT;EFP_FIN;EUR;128;132.80000000;850;EXCHANGE_LAST;;1;1;XEUR;10804524;688;
23.10.2024;13:29:47.284;FGBL SI 20241206 PS;SIMPLE_INSTRUMENT;EFS;EUR;129;132.78000000;2;EXCHANGE_LAST;;1;1;XEUR;10804524;688;
23.10.2024;13:42:58.066;FGBL SI 20241206 PS;SIMPLE_INSTRUMENT;EFS;EUR;130;132.78000000;428;EXCHANGE_LAST;;1;1;XEUR;10804524;688;
23.10.2024;13:53:46.389;FGBL SI 20241206 PS;SIMPLE_INSTRUMENT;EFS;EUR;131;132.78000000;1800;EXCHANGE_LAST;;1;1;XEUR;10804524;688;
23.10.2024;14:09:38.558;FGBL SI 20241206 PS;SIMPLE_INSTRUMENT;EFP_FIN;EUR;132;132.68000000;408;EXCHANGE_LAST;;1;1;XEUR;10804524;688;
23.10.2024;14:17:15.112;FGBL SI 20241206 PS;SIMPLE_INSTRUMENT;EFS;EUR;133;132.69000000;511;EXCHANGE_LAST;;1;1;XEUR;10804524;688;
23.10.2024;14:27:03.731;FGBL SI 20241206 PS;SIMPLE_INSTRUMENT;EFS;EUR;134;132.61000000;245;EXCHANGE_LAST;;1;1;XEUR;10804524;688;
23.10.2024;14:33:33.583;FGBL SI 20241206 PS;SIMPLE_INSTRUMENT;EFS;EUR;135;132.63000000;398;EXCHANGE_LAST;;1;1;XEUR;10804524;688;
23.10.2024;14:37:15.233;FGBL SI 20241206 PS;SIMPLE_INSTRUMENT;EFS;EUR;136;132.62000000;238;EXCHANGE_LAST;;1;1;XEUR;10804524;688;
23.10.2024;14:56:42.210;FGBL SI 20241206 PS;SIMPLE_INSTRUMENT;EFS;EUR;137;132.74000000;214;EXCHANGE_LAST;;1;1;XEUR;10804524;688;
23.10.2024;15:02:26.198;FGBL SI 20241206 PS;SIMPLE_INSTRUMENT;EFS;EUR;138;132.74000000;244;EXCHANGE_LAST;;1;1;XEUR;10804524;688;
23.10.2024;15:04:14.129;FGBL SI 20241206 PS;SIMPLE_INSTRUMENT;EFS;EUR;139;132.72000000;430;EXCHANGE_LAST;;1;1;XEUR;10804524;688;
23.10.2024;15:04:45.809;FGBL SI 20241206 PS;SIMPLE_INSTRUMENT;EFS;EUR;140;132.76000000;38;EXCHANGE_LAST;;1;1;XEUR;10804524;688;
23.10.2024;15:10:17.755;FGBL SI 20241206 PS;SIMPLE_INSTRUMENT;EFS;EUR;141;132.65000000;239;EXCHANGE_LAST;;1;1;XEUR;10804524;688;
23.10.2024;15:13:54.175;FGBL SI 20241206 PS;SIMPLE_INSTRUMENT;EFP_FIN;EUR;142;132.81000000;82;EXCHANGE_LAST;;1;1;XEUR;10804524;688;
23.10.2024;15:21:12.886;FGBL SI 20241206 PS;SIMPLE_INSTRUMENT;EFP_FIN;EUR;143;132.70000000;221;EXCHANGE_LAST;;1;1;XEUR;10804524;688;
23.10.2024;15:19:13.268;FGBL SI 20241206 PS;SIMPLE_INSTRUMENT;EFP_FIN;EUR;144;132.70000000;357;EXCHANGE_LAST;;1;1;XEUR;10804524;688;
23.10.2024;15:30:18.275;FGBL SI 20241206 PS;SIMPLE_INSTRUMENT;EFP_FIN;EUR;145;132.67000000;326;EXCHANGE_LAST;;1;1;XEUR;10804524;688;
23.10.2024;15:38:51.802;FGBL SI 20241206 PS;SIMPLE_INSTRUMENT;EFP_FIN;EUR;146;132.71000000;1134;EXCHANGE_LAST;;1;1;XEUR;10804524;688;
23.10.2024;15:38:54.445;FGBL SI 20241206 PS;SIMPLE_INSTRUMENT;EFS;EUR;147;132.78000000;213;EXCHANGE_LAST;;1;1;XEUR;10804524;688;
23.10.2024;15:39:10.883;FGBL SI 20241206 PS;SIMPLE_INSTRUMENT;EFS;EUR;148;132.76000000;213;EXCHANGE_LAST;;1;1;XEUR;10804524;688;
23.10.2024;15:43:30.577;FGBL SI 20241206 PS;SIMPLE_INSTRUMENT;EFS;EUR;149;132.74000000;750;EXCHANGE_LAST;;1;1;XEUR;10804524;688;
23.10.2024;15:51:03.643;FGBL SI 20241206 PS;SIMPLE_INSTRUMENT;EFS;EUR;150;132.78000000;731;EXCHANGE_LAST;;1;1;XEUR;10804524;688;
23.10.2024;15:52:10.235;FGBL SI 20241206 PS;SIMPLE_INSTRUMENT;EFS;EUR;151;132.66000000;2000;EXCHANGE_LAST;;1;1;XEUR;10804524;688;
23.10.2024;15:55:57.263;FGBL SI 20241206 PS;SIMPLE_INSTRUMENT;EFS;EUR;152;132.85000000;427;EXCHANGE_LAST;;1;1;XEUR;10804524;688;
23.10.2024;16:03:11.365;FGBL SI 20241206 PS;SIMPLE_INSTRUMENT;EFP_FIN;EUR;153;132.83000000;1019;EXCHANGE_LAST;;1;1;XEUR;10804524;688;
23.10.2024;16:05:06.540;FGBL SI 20241206 PS;SIMPLE_INSTRUMENT;EFS;EUR;154;132.87000000;256;EXCHANGE_LAST;;1;1;XEUR;10804524;688;
23.10.2024;07:14:09.610;FGBL SI 20241206 PS;SIMPLE_INSTRUMENT;VOLA;EUR;268435460;132.86000000;18;EXCHANGE_LAST;;1;1;XEUR;10804524;688;
23.10.2024;07:44:11.884;FGBL SI 20241206 PS;SIMPLE_INSTRUMENT;VOLA;EUR;268435468;132.90000000;145;EXCHANGE_LAST;;1;1;XEUR;10804524;688;
23.10.2024;07:45:11.895;FGBL SI 20241206 PS;SIMPLE_INSTRUMENT;VOLA;EUR;268435469;132.90000000;218;EXCHANGE_LAST;;1;1;XEUR;10804524;688;
23.10.2024;09:43:06.973;FGBL SI 20241206 PS;SIMPLE_INSTRUMENT;VOLA;EUR;268435486;132.76000000;15;EXCHANGE_LAST;;1;1;XEUR;10804524;688;
23.10.2024;09:45:28.328;FGBL SI 20241206 PS;SIMPLE_INSTRUMENT;VOLA;EUR;268435488;132.76000000;15;EXCHANGE_LAST;;1;1;XEUR;10804524;688;
23.10.2024;10:18:57.744;FGBL SI 20241206 PS;SIMPLE_INSTRUMENT;VOLA;EUR;268435500;132.88000000;14;EXCHANGE_LAST;;1;1;XEUR;10804524;688;
23.10.2024;10:27:26.983;FGBL SI 20241206 PS;SIMPLE_INSTRUMENT;VOLA;EUR;268435506;132.83000000;12;EXCHANGE_LAST;;1;1;XEUR;10804524;688;
23.10.2024;10:55:58.549;FGBL SI 20241206 PS;SIMPLE_INSTRUMENT;VOLA;EUR;268435513;132.91000000;20;EXCHANGE_LAST;;1;1;XEUR;10804524;688;
23.10.2024;15:39:44.781;FGBL SI 20241206 PS;SIMPLE_INSTRUMENT;VOLA;EUR;268435565;132.77000000;135;EXCHANGE_LAST;;1;1;XEUR;10804524;688;
23.10.2024;15:40:39.568;FGBL SI 20241206 PS;SIMPLE_INSTRUMENT;VOLA;EUR;268435567;132.70000000;18;EXCHANGE_LAST;;1;1;XEUR;10804524;688;
23.10.2024;15:53:50.695;FGBL SI 20241206 PS;SIMPLE_INSTRUMENT;VOLA;EUR;268435575;132.82000000;67;EXCHANGE_LAST;;1;1;XEUR;10804524;688;
23.10.2024;15:53:51.497;FGBL SI 20241206 PS;SIMPLE_INSTRUMENT;VOLA;EUR;268435577;132.82000000;50;EXCHANGE_LAST;;1;1;XEUR;10804524;688;
23.10.2024;06:51:39.557;FGBM SI 20241206 PS;SIMPLE_INSTRUMENT;EFS;EUR;1;118.94000000;1348;EXCHANGE_LAST;;1;1;XEUR;10804525;689;
23.10.2024;07:05:54.714;FGBM SI 20241206 PS;SIMPLE_INSTRUMENT;EFS;EUR;2;118.98000000;425;EXCHANGE_LAST;;1;1;XEUR;10804525;689;
23.10.2024;07:11:09.557;FGBM SI 20241206 PS;SIMPLE_INSTRUMENT;EFS;EUR;3;118.99000000;1391;EXCHANGE_LAST;;1;1;XEUR;10804525;689;
23.10.2024;07:27:09.242;FGBM SI 20241206 PS;SIMPLE_INSTRUMENT;EFS;EUR;4;119.00000000;1392;EXCHANGE_LAST;;1;1;XEUR;10804525;689;
23.10.2024;07:32:03.203;FGBM SI 20241206 PS;SIMPLE_INSTRUMENT;EFS;EUR;5;118.96000000;1392;EXCHANGE_LAST;;1;1;XEUR;10804525;689;
23.10.2024;07:56:51.075;FGBM SI 20241206 PS;SIMPLE_INSTRUMENT;EFS;EUR;6;118.92000000;1392;EXCHANGE_LAST;;1;1;XEUR;10804525;689;
23.10.2024;08:07:37.370;FGBM SI 20241206 PS;SIMPLE_INSTRUMENT;EFS;EUR;7;118.96000000;464;EXCHANGE_LAST;;1;1;XEUR;10804525;689;
23.10.2024;08:14:23.755;FGBM SI 20241206 PS;SIMPLE_INSTRUMENT;EFS;EUR;8;118.98000000;464;EXCHANGE_LAST;;1;1;XEUR;10804525;689;
23.10.2024;08:19:49.605;FGBM SI 20241206 PS;SIMPLE_INSTRUMENT;EFP_FIN;EUR;9;118.92000000;224;EXCHANGE_LAST;;1;1;XEUR;10804525;689;
23.10.2024;08:21:56.923;FGBM SI 20241206 PS;SIMPLE_INSTRUMENT;EFS;EUR;10;118.97000000;1669;EXCHANGE_LAST;;1;1;XEUR;10804525;689;
23.10.2024;08:36:15.788;FGBM SI 20241206 PS;SIMPLE_INSTRUMENT;EFP_FIN;EUR;11;118.95000000;740;EXCHANGE_LAST;;1;1;XEUR;10804525;689;
23.10.2024;08:39:14.002;FGBM SI 20241206 PS;SIMPLE_INSTRUMENT;EFP_FIN;EUR;12;118.95000000;428;EXCHANGE_LAST;;1;1;XEUR;10804525;689;
23.10.2024;08:39:21.968;FGBM SI 20241206 PS;SIMPLE_INSTRUMENT;EFS;EUR;13;118.95000000;1392;EXCHANGE_LAST;;1;1;XEUR;10804525;689;
23.10.2024;08:40:01.684;FGBM SI 20241206 PS;SIMPLE_INSTRUMENT;EFP_FIN;EUR;14;118.96000000;77;EXCHANGE_LAST;;1;1;XEUR;10804525;689;
23.10.2024;08:40:56.835;FGBM SI 20241206 PS;SIMPLE_INSTRUMENT;EFP_FIN;EUR;15;118.94000000;447;EXCHANGE_LAST;;1;1;XEUR;10804525;689;
23.10.2024;08:41:06.127;FGBM SI 20241206 PS;SIMPLE_INSTRUMENT;EFP_FIN;EUR;16;118.95000000;1550;EXCHANGE_LAST;;1;1;XEUR;10804525;689;
23.10.2024;08:46:52.568;FGBM SI 20241206 PS;SIMPLE_INSTRUMENT;EFS;EUR;17;118.92000000;1392;EXCHANGE_LAST;;1;1;XEUR;10804525;689;
23.10.2024;08:49:50.255;FGBM SI 20241206 PS;SIMPLE_INSTRUMENT;EFS;EUR;18;118.96000000;928;EXCHANGE_LAST;;1;1;XEUR;10804525;689;
23.10.2024;08:54:14.713;FGBM SI 20241206 PS;SIMPLE_INSTRUMENT;EFP_FIN;EUR;19;118.93000000;864;EXCHANGE_LAST;;1;1;XEUR;10804525;689;
23.10.2024;08:55:06.613;FGBM SI 20241206 PS;SIMPLE_INSTRUMENT;EFP_FIN;EUR;20;118.92000000;431;EXCHANGE_LAST;;1;1;XEUR;10804525;689;
23.10.2024;08:56:42.121;FGBM SI 20241206 PS;SIMPLE_INSTRUMENT;EFS;EUR;21;118.92000000;850;EXCHANGE_LAST;;1;1;XEUR;10804525;689;
23.10.2024;08:57:45.519;FGBM SI 20241206 PS;SIMPLE_INSTRUMENT;EFP_FIN;EUR;22;118.91000000;194;EXCHANGE_LAST;;1;1;XEUR;10804525;689;
23.10.2024;08:57:07.094;FGBM SI 20241206 PS;SIMPLE_INSTRUMENT;EFS;EUR;23;118.93000000;426;EXCHANGE_LAST;;1;1;XEUR;10804525;689;
23.10.2024;08:57:59.414;FGBM SI 20241206 PS;SIMPLE_INSTRUMENT;EFP_FIN;EUR;24;118.98000000;224;EXCHANGE_LAST;;1;1;XEUR;10804525;689;
23.10.2024;08:58:29.501;FGBM SI 20241206 PS;SIMPLE_INSTRUMENT;EFS;EUR;25;118.93000000;563;EXCHANGE_LAST;;1;1;XEUR;10804525;689;
23.10.2024;09:00:16.444;FGBM SI 20241206 PS;SIMPLE_INSTRUMENT;EFS;EUR;26;118.93000000;643;EXCHANGE_LAST;;1;1;XEUR;10804525;689;
23.10.2024;09:02:20.948;FGBM SI 20241206 PS;SIMPLE_INSTRUMENT;EFP_FIN;EUR;27;118.95000000;224;EXCHANGE_LAST;;1;1;XEUR;10804525;689;
23.10.2024;09:02:08.563;FGBM SI 20241206 PS;SIMPLE_INSTRUMENT;EFS;EUR;28;118.91000000;402;EXCHANGE_LAST;;1;1;XEUR;10804525;689;
23.10.2024;09:03:35.817;FGBM SI 20241206 PS;SIMPLE_INSTRUMENT;EFP_FIN;EUR;29;118.91000000;76;EXCHANGE_LAST;;1;1;XEUR;10804525;689;
23.10.2024;09:03:48.242;FGBM SI 20241206 PS;SIMPLE_INSTRUMENT;EFS;EUR;30;118.92000000;402;EXCHANGE_LAST;;1;1;XEUR;10804525;689;
23.10.2024;09:10:49.386;FGBM SI 20241206 PS;SIMPLE_INSTRUMENT;EFP_FIN;EUR;31;118.92000000;428;EXCHANGE_LAST;;1;1;XEUR;10804525;689;
23.10.2024;09:10:56.662;FGBM SI 20241206 PS;SIMPLE_INSTRUMENT;EFP_FIN;EUR;32;118.93000000;428;EXCHANGE_LAST;;1;1;XEUR;10804525;689;
23.10.2024;09:25:25.639;FGBM SI 20241206 PS;SIMPLE_INSTRUMENT;EFP_FIN;EUR;33;118.95000000;7664;EXCHANGE_LAST;;1;1;XEUR;10804525;689;
23.10.2024;09:27:54.628;FGBM SI 20241206 PS;SIMPLE_INSTRUMENT;EFS;EUR;34;118.93000000;805;EXCHANGE_LAST;;1;1;XEUR;10804525;689;
23.10.2024;09:29:48.618;FGBM SI 20241206 PS;SIMPLE_INSTRUMENT;EFS;EUR;35;118.94000000;861;EXCHANGE_LAST;;1;1;XEUR;10804525;689;
23.10.2024;09:30:10.618;FGBM SI 20241206 PS;SIMPLE_INSTRUMENT;EFS;EUR;36;118.91000000;853;EXCHANGE_LAST;;1;1;XEUR;10804525;689;
23.10.2024;09:30:40.654;FGBM SI 20241206 PS;SIMPLE_INSTRUMENT;EFS;EUR;37;118.91000000;853;EXCHANGE_LAST;;1;1;XEUR;10804525;689;
23.10.2024;09:30:53.187;FGBM SI 20241206 PS;SIMPLE_INSTRUMENT;EFS;EUR;38;118.93000000;860;EXCHANGE_LAST;;1;1;XEUR;10804525;689;
23.10.2024;09:34:07.368;FGBM SI 20241206 PS;SIMPLE_INSTRUMENT;EFS;EUR;39;118.93000000;471;EXCHANGE_LAST;;1;1;XEUR;10804525;689;
23.10.2024;09:36:10.405;FGBM SI 20241206 PS;SIMPLE_INSTRUMENT;EFS;EUR;40;118.91000000;464;EXCHANGE_LAST;;1;1;XEUR;10804525;689;
23.10.2024;09:36:16.721;FGBM SI 20241206 PS;SIMPLE_INSTRUMENT;EFP_FIN;EUR;41;118.91000000;856;EXCHANGE_LAST;;1;1;XEUR;10804525;689;
23.10.2024;09:38:32.076;FGBM SI 20241206 PS;SIMPLE_INSTRUMENT;EFS;EUR;42;118.95000000;852;EXCHANGE_LAST;;1;1;XEUR;10804525;689;
23.10.2024;09:44:43.430;FGBM SI 20241206 PS;SIMPLE_INSTRUMENT;EFP_FIN;EUR;43;118.92000000;1029;EXCHANGE_LAST;;1;1;XEUR;10804525;689;
23.10.2024;09:44:52.569;FGBM SI 20241206 PS;SIMPLE_INSTRUMENT;EFP_FIN;EUR;44;118.92000000;1029;EXCHANGE_LAST;;1;1;XEUR;10804525;689;
23.10.2024;09:47:20.665;FGBM SI 20241206 PS;SIMPLE_INSTRUMENT;EFS;EUR;45;118.95000000;1721;EXCHANGE_LAST;;1;1;XEUR;10804525;689;
23.10.2024;09:49:32.651;FGBM SI 20241206 PS;SIMPLE_INSTRUMENT;EFS;EUR;46;118.95000000;1387;EXCHANGE_LAST;;1;1;XEUR;10804525;689;
23.10.2024;10:00:52.996;FGBM SI 20241206 PS;SIMPLE_INSTRUMENT;EFS;EUR;47;118.99000000;483;EXCHANGE_LAST;;1;1;XEUR;10804525;689;
23.10.2024;10:05:14.155;FGBM SI 20241206 PS;SIMPLE_INSTRUMENT;EFS;EUR;48;119.00000000;426;EXCHANGE_LAST;;1;1;XEUR;10804525;689;
23.10.2024;10:05:34.170;FGBM SI 20241206 PS;SIMPLE_INSTRUMENT;EFS;EUR;49;119.00000000;852;EXCHANGE_LAST;;1;1;XEUR;10804525;689;
23.10.2024;10:10:02.929;FGBM SI 20241206 PS;SIMPLE_INSTRUMENT;EFS;EUR;50;118.99000000;1391;EXCHANGE_LAST;;1;1;XEUR;10804525;689;
23.10.2024;10:30:36.748;FGBM SI 20241206 PS;SIMPLE_INSTRUMENT;EFS;EUR;51;119.02000000;1290;EXCHANGE_LAST;;1;1;XEUR;10804525;689;
23.10.2024;10:30:45.763;FGBM SI 20241206 PS;SIMPLE_INSTRUMENT;EFS;EUR;52;119.02000000;402;EXCHANGE_LAST;;1;1;XEUR;10804525;689;
23.10.2024;10:31:29.175;FGBM SI 20241206 PS;SIMPLE_INSTRUMENT;EFS;EUR;53;119.02000000;402;EXCHANGE_LAST;;1;1;XEUR;10804525;689;
23.10.2024;10:31:44.027;FGBM SI 20241206 PS;SIMPLE_INSTRUMENT;EFS;EUR;54;119.02000000;927;EXCHANGE_LAST;;1;1;XEUR;10804525;689;
23.10.2024;10:32:49.799;FGBM SI 20241206 PS;SIMPLE_INSTRUMENT;EFS;EUR;55;118.95000000;3712;EXCHANGE_LAST;;1;1;XEUR;10804525;689;
23.10.2024;10:36:26.867;FGBM SI 20241206 PS;SIMPLE_INSTRUMENT;EFS;EUR;56;119.00000000;852;EXCHANGE_LAST;;1;1;XEUR;10804525;689;
23.10.2024;10:45:27.396;FGBM SI 20241206 PS;SIMPLE_INSTRUMENT;EFS;EUR;57;118.99000000;852;EXCHANGE_LAST;;1;1;XEUR;10804525;689;
23.10.2024;10:47:21.250;FGBM SI 20241206 PS;SIMPLE_INSTRUMENT;EFS;EUR;58;118.99000000;638;EXCHANGE_LAST;;1;1;XEUR;10804525;689;
23.10.2024;10:50:40.540;FGBM SI 20241206 PS;SIMPLE_INSTRUMENT;EFP_FIN;EUR;59;118.94000000;345;EXCHANGE_LAST;;1;1;XEUR;10804525;689;
23.10.2024;10:58:25.623;FGBM SI 20241206 PS;SIMPLE_INSTRUMENT;EFP_FIN;EUR;60;118.94000000;343;EXCHANGE_LAST;;1;1;XEUR;10804525;689;
23.10.2024;10:59:35.354;FGBM SI 20241206 PS;SIMPLE_INSTRUMENT;EFS;EUR;61;118.99000000;850;EXCHANGE_LAST;;1;1;XEUR;10804525;689;
23.10.2024;11:03:36.855;FGBM SI 20241206 PS;SIMPLE_INSTRUMENT;EFS;EUR;62;118.99000000;425;EXCHANGE_LAST;;1;1;XEUR;10804525;689;
23.10.2024;11:04:27.166;FGBM SI 20241206 PS;SIMPLE_INSTRUMENT;EFS;EUR;63;118.99000000;850;EXCHANGE_LAST;;1;1;XEUR;10804525;689;
23.10.2024;11:14:13.152;FGBM SI 20241206 PS;SIMPLE_INSTRUMENT;EFS;EUR;64;119.00000000;860;EXCHANGE_LAST;;1;1;XEUR;10804525;689;
23.10.2024;11:35:37.087;FGBM SI 20241206 PS;SIMPLE_INSTRUMENT;EFS;EUR;65;119.00000000;852;EXCHANGE_LAST;;1;1;XEUR;10804525;689;
23.10.2024;11:46:48.848;FGBM SI 20241206 PS;SIMPLE_INSTRUMENT;EFS;EUR;66;118.99000000;3008;EXCHANGE_LAST;;1;1;XEUR;10804525;689;
23.10.2024;12:06:53.842;FGBM SI 20241206 PS;SIMPLE_INSTRUMENT;EFS;EUR;67;118.96000000;426;EXCHANGE_LAST;;1;1;XEUR;10804525;689;
23.10.2024;12:07:34.662;FGBM SI 20241206 PS;SIMPLE_INSTRUMENT;EFP_FIN;EUR;68;119.00000000;232;EXCHANGE_LAST;;1;1;XEUR;10804525;689;
23.10.2024;12:08:11.592;FGBM SI 20241206 PS;SIMPLE_INSTRUMENT;EFS;EUR;69;118.97000000;345;EXCHANGE_LAST;;1;1;XEUR;10804525;689;
23.10.2024;12:16:05.320;FGBM SI 20241206 PS;SIMPLE_INSTRUMENT;EFS;EUR;70;119.03000000;1391;EXCHANGE_LAST;;1;1;XEUR;10804525;689;
23.10.2024;12:24:55.102;FGBM SI 20241206 PS;SIMPLE_INSTRUMENT;EFP_FIN;EUR;71;118.97000000;412;EXCHANGE_LAST;;1;1;XEUR;10804525;689;
23.10.2024;12:27:22.431;FGBM SI 20241206 PS;SIMPLE_INSTRUMENT;EFP_FIN;EUR;72;118.98000000;314;EXCHANGE_LAST;;1;1;XEUR;10804525;689;
23.10.2024;12:30:57.396;FGBM SI 20241206 PS;SIMPLE_INSTRUMENT;EFS;EUR;73;118.94000000;426;EXCHANGE_LAST;;1;1;XEUR;10804525;689;
23.10.2024;12:32:46.055;FGBM SI 20241206 PS;SIMPLE_INSTRUMENT;EFP_FIN;EUR;74;119.02000000;428;EXCHANGE_LAST;;1;1;XEUR;10804525;689;
23.10.2024;12:32:58.524;FGBM SI 20241206 PS;SIMPLE_INSTRUMENT;EFS;EUR;75;119.00000000;1391;EXCHANGE_LAST;;1;1;XEUR;10804525;689;
23.10.2024;12:34:17.809;FGBM SI 20241206 PS;SIMPLE_INSTRUMENT;EFS;EUR;76;119.00000000;1391;EXCHANGE_LAST;;1;1;XEUR;10804525;689;
23.10.2024;12:40:28.105;FGBM SI 20241206 PS;SIMPLE_INSTRUMENT;EFS;EUR;77;118.98000000;426;EXCHANGE_LAST;;1;1;XEUR;10804525;689;
23.10.2024;12:46:45.129;FGBM SI 20241206 PS;SIMPLE_INSTRUMENT;EFS;EUR;78;118.98000000;328;EXCHANGE_LAST;;1;1;XEUR;10804525;689;
23.10.2024;12:49:18.384;FGBM SI 20241206 PS;SIMPLE_INSTRUMENT;EFP_FIN;EUR;79;118.99000000;224;EXCHANGE_LAST;;1;1;XEUR;10804525;689;
23.10.2024;13:06:09.470;FGBM SI 20241206 PS;SIMPLE_INSTRUMENT;EFS;EUR;80;119.00000000;500;EXCHANGE_LAST;;1;1;XEUR;10804525;689;
23.10.2024;13:10:49.181;FGBM SI 20241206 PS;SIMPLE_INSTRUMENT;EFS;EUR;81;119.02000000;1016;EXCHANGE_LAST;;1;1;XEUR;10804525;689;
23.10.2024;13:12:05.811;FGBM SI 20241206 PS;SIMPLE_INSTRUMENT;EFP_FIN;EUR;82;118.99000000;856;EXCHANGE_LAST;;1;1;XEUR;10804525;689;
23.10.2024;13:26:46.231;FGBM SI 20241206 PS;SIMPLE_INSTRUMENT;EFS;EUR;83;118.99000000;805;EXCHANGE_LAST;;1;1;XEUR;10804525;689;
23.10.2024;13:29:47.733;FGBM SI 20241206 PS;SIMPLE_INSTRUMENT;EFS;EUR;84;119.01000000;1855;EXCHANGE_LAST;;1;1;XEUR;10804525;689;
23.10.2024;13:29:59.417;FGBM SI 20241206 PS;SIMPLE_INSTRUMENT;EFP_FIN;EUR;85;118.94000000;856;EXCHANGE_LAST;;1;1;XEUR;10804525;689;
23.10.2024;13:54:55.394;FGBM SI 20241206 PS;SIMPLE_INSTRUMENT;EFS;EUR;86;118.99000000;3513;EXCHANGE_LAST;;1;1;XEUR;10804525;689;
23.10.2024;14:03:29.773;FGBM SI 20241206 PS;SIMPLE_INSTRUMENT;EFS;EUR;87;118.95000000;425;EXCHANGE_LAST;;1;1;XEUR;10804525;689;
23.10.2024;14:07:48.306;FGBM SI 20241206 PS;SIMPLE_INSTRUMENT;EFS;EUR;88;118.94000000;425;EXCHANGE_LAST;;1;1;XEUR;10804525;689;
23.10.2024;14:19:33.447;FGBM SI 20241206 PS;SIMPLE_INSTRUMENT;EFP_FIN;EUR;89;118.95000000;642;EXCHANGE_LAST;;1;1;XEUR;10804525;689;
23.10.2024;14:17:20.119;FGBM SI 20241206 PS;SIMPLE_INSTRUMENT;EFS;EUR;90;118.95000000;426;EXCHANGE_LAST;;1;1;XEUR;10804525;689;
23.10.2024;14:17:25.127;FGBM SI 20241206 PS;SIMPLE_INSTRUMENT;EFS;EUR;91;118.95000000;426;EXCHANGE_LAST;;1;1;XEUR;10804525;689;
23.10.2024;14:20:05.470;FGBM SI 20241206 PS;SIMPLE_INSTRUMENT;EFS;EUR;92;118.98000000;1474;EXCHANGE_LAST;;1;1;XEUR;10804525;689;
23.10.2024;14:20:39.993;FGBM SI 20241206 PS;SIMPLE_INSTRUMENT;EFS;EUR;93;118.96000000;426;EXCHANGE_LAST;;1;1;XEUR;10804525;689;
23.10.2024;14:24:29.068;FGBM SI 20241206 PS;SIMPLE_INSTRUMENT;EFP_FIN;EUR;94;118.96000000;197;EXCHANGE_LAST;;1;1;XEUR;10804525;689;
23.10.2024;14:25:58.872;FGBM SI 20241206 PS;SIMPLE_INSTRUMENT;EFS;EUR;95;118.92000000;850;EXCHANGE_LAST;;1;1;XEUR;10804525;689;
23.10.2024;14:26:54.424;FGBM SI 20241206 PS;SIMPLE_INSTRUMENT;EFS;EUR;96;118.98000000;928;EXCHANGE_LAST;;1;1;XEUR;10804525;689;
23.10.2024;14:37:44.640;FGBM SI 20241206 PS;SIMPLE_INSTRUMENT;EFS;EUR;97;118.92000000;464;EXCHANGE_LAST;;1;1;XEUR;10804525;689;
23.10.2024;14:43:49.625;FGBM SI 20241206 PS;SIMPLE_INSTRUMENT;EFP_FIN;EUR;98;118.92000000;651;EXCHANGE_LAST;;1;1;XEUR;10804525;689;
23.10.2024;14:46:49.669;FGBM SI 20241206 PS;SIMPLE_INSTRUMENT;EFP_FIN;EUR;99;118.96000000;115;EXCHANGE_LAST;;1;1;XEUR;10804525;689;
23.10.2024;14:49:22.368;FGBM SI 20241206 PS;SIMPLE_INSTRUMENT;EFS;EUR;100;118.95000000;858;EXCHANGE_LAST;;1;1;XEUR;10804525;689;
23.10.2024;14:53:22.019;FGBM SI 20241206 PS;SIMPLE_INSTRUMENT;EFP_FIN;EUR;101;118.92000000;907;EXCHANGE_LAST;;1;1;XEUR;10804525;689;
23.10.2024;14:54:05.791;FGBM SI 20241206 PS;SIMPLE_INSTRUMENT;EFP_FIN;EUR;102;118.94000000;1916;EXCHANGE_LAST;;1;1;XEUR;10804525;689;
23.10.2024;14:56:59.155;FGBM SI 20241206 PS;SIMPLE_INSTRUMENT;EFS;EUR;103;118.96000000;850;EXCHANGE_LAST;;1;1;XEUR;10804525;689;
23.10.2024;15:04:54.217;FGBM SI 20241206 PS;SIMPLE_INSTRUMENT;EFS;EUR;104;118.95000000;425;EXCHANGE_LAST;;1;1;XEUR;10804525;689;
23.10.2024;15:06:20.359;FGBM SI 20241206 PS;SIMPLE_INSTRUMENT;EFS;EUR;105;118.95000000;425;EXCHANGE_LAST;;1;1;XEUR;10804525;689;
23.10.2024;15:25:10.488;FGBM SI 20241206 PS;SIMPLE_INSTRUMENT;EFS;EUR;107;118.96000000;852;EXCHANGE_LAST;;1;1;XEUR;10804525;689;
23.10.2024;15:25:50.525;FGBM SI 20241206 PS;SIMPLE_INSTRUMENT;EFS;EUR;108;118.96000000;852;EXCHANGE_LAST;;1;1;XEUR;10804525;689;
23.10.2024;15:31:38.690;FGBM SI 20241206 PS;SIMPLE_INSTRUMENT;EFP_FIN;EUR;109;118.95000000;165;EXCHANGE_LAST;;1;1;XEUR;10804525;689;
23.10.2024;15:38:51.781;FGBM SI 20241206 PS;SIMPLE_INSTRUMENT;EFP_FIN;EUR;110;118.94000000;76;EXCHANGE_LAST;;1;1;XEUR;10804525;689;
23.10.2024;15:40:28.056;FGBM SI 20241206 PS;SIMPLE_INSTRUMENT;EFS;EUR;111;118.98000000;850;EXCHANGE_LAST;;1;1;XEUR;10804525;689;
23.10.2024;15:40:32.484;FGBM SI 20241206 PS;SIMPLE_INSTRUMENT;EFS;EUR;112;118.98000000;928;EXCHANGE_LAST;;1;1;XEUR;10804525;689;
23.10.2024;15:41:00.241;FGBM SI 20241206 PS;SIMPLE_INSTRUMENT;EFP_FIN;EUR;113;118.98000000;1150;EXCHANGE_LAST;;1;1;XEUR;10804525;689;
23.10.2024;15:42:19.706;FGBM SI 20241206 PS;SIMPLE_INSTRUMENT;EFS;EUR;114;118.94000000;36;EXCHANGE_LAST;;1;1;XEUR;10804525;689;
23.10.2024;15:53:04.248;FGBM SI 20241206 PS;SIMPLE_INSTRUMENT;EFS;EUR;115;119.00000000;1722;EXCHANGE_LAST;;1;1;XEUR;10804525;689;
23.10.2024;15:53:18.299;FGBM SI 20241206 PS;SIMPLE_INSTRUMENT;EFS;EUR;116;119.01000000;425;EXCHANGE_LAST;;1;1;XEUR;10804525;689;
23.10.2024;15:54:50.192;FGBM SI 20241206 PS;SIMPLE_INSTRUMENT;EFP_FIN;EUR;118;118.94000000;206;EXCHANGE_LAST;;1;1;XEUR;10804525;689;
23.10.2024;15:55:12.700;FGBM SI 20241206 PS;SIMPLE_INSTRUMENT;EFS;EUR;119;118.93000000;1500;EXCHANGE_LAST;;1;1;XEUR;10804525;689;
23.10.2024;15:56:46.441;FGBM SI 20241206 PS;SIMPLE_INSTRUMENT;EFS;EUR;120;119.01000000;850;EXCHANGE_LAST;;1;1;XEUR;10804525;689;
23.10.2024;16:03:09.925;FGBM SI 20241206 PS;SIMPLE_INSTRUMENT;EFS;EUR;121;119.01000000;680;EXCHANGE_LAST;;1;1;XEUR;10804525;689;
23.10.2024;16:07:05.964;FGBM SI 20241206 PS;SIMPLE_INSTRUMENT;EFS;EUR;122;118.99000000;1062;EXCHANGE_LAST;;1;1;XEUR;10804525;689;
23.10.2024;16:13:22.901;FGBM SI 20241206 PS;SIMPLE_INSTRUMENT;EFP_FIN;EUR;123;119.02000000;1790;EXCHANGE_LAST;;1;1;XEUR;10804525;689;
23.10.2024;14:48:57.582;FGBM SI 20241206 PS;SIMPLE_INSTRUMENT;VOLA;EUR;268435534;118.95000000;110;EXCHANGE_LAST;;1;1;XEUR;10804525;689;
23.10.2024;06:51:11.644;FGBS SI 20241206 PS;SIMPLE_INSTRUMENT;EFS;EUR;1;106.90000000;4079;EXCHANGE_LAST;;1;1;XEUR;10804527;690;
23.10.2024;08:14:21.738;FGBS SI 20241206 PS;SIMPLE_INSTRUMENT;BLOCK;EUR;2;106.89500000;14125;EXCHANGE_LAST;;1;1;XEUR;10804527;690;
23.10.2024;08:26:50.347;FGBS SI 20241206 PS;SIMPLE_INSTRUMENT;EFS;EUR;3;106.90000000;2715;EXCHANGE_LAST;;1;1;XEUR;10804527;690;
23.10.2024;08:31:03.941;FGBS SI 20241206 PS;SIMPLE_INSTRUMENT;EFS;EUR;4;106.91000000;4079;EXCHANGE_LAST;;1;1;XEUR;10804527;690;
23.10.2024;08:36:19.390;FGBS SI 20241206 PS;SIMPLE_INSTRUMENT;EFP_FIN;EUR;5;106.89000000;236;EXCHANGE_LAST;;1;1;XEUR;10804527;690;
23.10.2024;08:49:43.254;FGBS SI 20241206 PS;SIMPLE_INSTRUMENT;EFS;EUR;6;106.88500000;2716;EXCHANGE_LAST;;1;1;XEUR;10804527;690;
23.10.2024;08:52:24.971;FGBS SI 20241206 PS;SIMPLE_INSTRUMENT;EFS;EUR;7;106.89000000;2716;EXCHANGE_LAST;;1;1;XEUR;10804527;690;
23.10.2024;08:59:17.026;FGBS SI 20241206 PS;SIMPLE_INSTRUMENT;EFS;EUR;8;106.90000000;6298;EXCHANGE_LAST;;1;1;XEUR;10804527;690;
23.10.2024;08:59:30.555;FGBS SI 20241206 PS;SIMPLE_INSTRUMENT;EFS;EUR;9;106.89000000;2716;EXCHANGE_LAST;;1;1;XEUR;10804527;690;
23.10.2024;09:01:13.873;FGBS SI 20241206 PS;SIMPLE_INSTRUMENT;EFS;EUR;10;106.89000000;2173;EXCHANGE_LAST;;1;1;XEUR;10804527;690;
23.10.2024;09:59:04.103;FGBS SI 20241206 PS;SIMPLE_INSTRUMENT;EFP_FIN;EUR;11;106.90000000;573;EXCHANGE_LAST;;1;1;XEUR;10804527;690;
23.10.2024;10:07:24.705;FGBS SI 20241206 PS;SIMPLE_INSTRUMENT;EFP_FIN;EUR;12;106.91500000;236;EXCHANGE_LAST;;1;1;XEUR;10804527;690;
23.10.2024;10:13:01.637;FGBS SI 20241206 PS;SIMPLE_INSTRUMENT;EFS;EUR;13;106.91500000;7082;EXCHANGE_LAST;;1;1;XEUR;10804527;690;
23.10.2024;10:13:56.742;FGBS SI 20241206 PS;SIMPLE_INSTRUMENT;EFS;EUR;14;106.94000000;2714;EXCHANGE_LAST;;1;1;XEUR;10804527;690;
23.10.2024;10:30:42.874;FGBS SI 20241206 PS;SIMPLE_INSTRUMENT;EFS;EUR;15;106.94000000;2714;EXCHANGE_LAST;;1;1;XEUR;10804527;690;
23.10.2024;10:31:55.796;FGBS SI 20241206 PS;SIMPLE_INSTRUMENT;EFS;EUR;16;106.91000000;10865;EXCHANGE_LAST;;1;1;XEUR;10804527;690;
23.10.2024;10:45:56.249;FGBS SI 20241206 PS;SIMPLE_INSTRUMENT;EFS;EUR;17;106.94000000;2397;EXCHANGE_LAST;;1;1;XEUR;10804527;690;
23.10.2024;10:47:36.325;FGBS SI 20241206 PS;SIMPLE_INSTRUMENT;EFP_FIN;EUR;18;106.93000000;194;EXCHANGE_LAST;;1;1;XEUR;10804527;690;
23.10.2024;10:53:38.179;FGBS SI 20241206 PS;SIMPLE_INSTRUMENT;EFS;EUR;19;106.92000000;2715;EXCHANGE_LAST;;1;1;XEUR;10804527;690;
23.10.2024;10:54:13.527;FGBS SI 20241206 PS;SIMPLE_INSTRUMENT;EFP_FIN;EUR;20;106.91000000;523;EXCHANGE_LAST;;1;1;XEUR;10804527;690;
23.10.2024;11:01:34.507;FGBS SI 20241206 PS;SIMPLE_INSTRUMENT;EFP_FIN;EUR;21;106.93000000;1156;EXCHANGE_LAST;;1;1;XEUR;10804527;690;
23.10.2024;11:04:10.918;FGBS SI 20241206 PS;SIMPLE_INSTRUMENT;EFP_FIN;EUR;22;106.92000000;473;EXCHANGE_LAST;;1;1;XEUR;10804527;690;
23.10.2024;11:05:17.558;FGBS SI 20241206 PS;SIMPLE_INSTRUMENT;EFP_FIN;EUR;23;106.91000000;473;EXCHANGE_LAST;;1;1;XEUR;10804527;690;
23.10.2024;11:13:58.419;FGBS SI 20241206 PS;SIMPLE_INSTRUMENT;EFP_FIN;EUR;24;106.92000000;469;EXCHANGE_LAST;;1;1;XEUR;10804527;690;
23.10.2024;11:11:58.458;FGBS SI 20241206 PS;SIMPLE_INSTRUMENT;EFP_FIN;EUR;25;106.92000000;469;EXCHANGE_LAST;;1;1;XEUR;10804527;690;
23.10.2024;11:13:27.702;FGBS SI 20241206 PS;SIMPLE_INSTRUMENT;EFS;EUR;26;106.92000000;1358;EXCHANGE_LAST;;1;1;XEUR;10804527;690;
23.10.2024;11:16:48.484;FGBS SI 20241206 PS;SIMPLE_INSTRUMENT;EFS;EUR;27;106.92000000;3779;EXCHANGE_LAST;;1;1;XEUR;10804527;690;
23.10.2024;11:27:48.280;FGBS SI 20241206 PS;SIMPLE_INSTRUMENT;EFS;EUR;28;106.92500000;2715;EXCHANGE_LAST;;1;1;XEUR;10804527;690;
23.10.2024;11:30:09.022;FGBS SI 20241206 PS;SIMPLE_INSTRUMENT;EFS;EUR;29;106.93000000;4072;EXCHANGE_LAST;;1;1;XEUR;10804527;690;
23.10.2024;11:32:53.310;FGBS SI 20241206 PS;SIMPLE_INSTRUMENT;EFP_FIN;EUR;30;106.93000000;523;EXCHANGE_LAST;;1;1;XEUR;10804527;690;
23.10.2024;11:38:07.667;FGBS SI 20241206 PS;SIMPLE_INSTRUMENT;EFS;EUR;31;106.92000000;2715;EXCHANGE_LAST;;1;1;XEUR;10804527;690;
23.10.2024;11:39:59.502;FGBS SI 20241206 PS;SIMPLE_INSTRUMENT;EFS;EUR;32;106.92000000;2715;EXCHANGE_LAST;;1;1;XEUR;10804527;690;
23.10.2024;11:51:21.954;FGBS SI 20241206 PS;SIMPLE_INSTRUMENT;EFP_FIN;EUR;33;106.92000000;4307;EXCHANGE_LAST;;1;1;XEUR;10804527;690;
23.10.2024;11:52:11.543;FGBS SI 20241206 PS;SIMPLE_INSTRUMENT;EFP_FIN;EUR;34;106.92500000;250;EXCHANGE_LAST;;1;1;XEUR;10804527;690;
23.10.2024;11:57:30.926;FGBS SI 20241206 PS;SIMPLE_INSTRUMENT;EFP_FIN;EUR;35;106.92000000;168;EXCHANGE_LAST;;1;1;XEUR;10804527;690;
23.10.2024;12:00:18.731;FGBS SI 20241206 PS;SIMPLE_INSTRUMENT;EFS;EUR;36;106.92500000;1629;EXCHANGE_LAST;;1;1;XEUR;10804527;690;
23.10.2024;12:03:32.741;FGBS SI 20241206 PS;SIMPLE_INSTRUMENT;EFP_FIN;EUR;37;106.92500000;535;EXCHANGE_LAST;;1;1;XEUR;10804527;690;
23.10.2024;12:04:38.601;FGBS SI 20241206 PS;SIMPLE_INSTRUMENT;EFP_FIN;EUR;38;106.92000000;4594;EXCHANGE_LAST;;1;1;XEUR;10804527;690;
23.10.2024;12:15:32.539;FGBS SI 20241206 PS;SIMPLE_INSTRUMENT;EFP_FIN;EUR;39;106.92000000;1436;EXCHANGE_LAST;;1;1;XEUR;10804527;690;
23.10.2024;12:36:15.715;FGBS SI 20241206 PS;SIMPLE_INSTRUMENT;EFP_FIN;EUR;40;106.92000000;1436;EXCHANGE_LAST;;1;1;XEUR;10804527;690;
23.10.2024;12:30:20.691;FGBS SI 20241206 PS;SIMPLE_INSTRUMENT;EFP_FIN;EUR;41;106.92000000;359;EXCHANGE_LAST;;1;1;XEUR;10804527;690;
23.10.2024;12:32:15.535;FGBS SI 20241206 PS;SIMPLE_INSTRUMENT;EFP_FIN;EUR;42;106.92000000;2153;EXCHANGE_LAST;;1;1;XEUR;10804527;690;
23.10.2024;12:56:05.373;FGBS SI 20241206 PS;SIMPLE_INSTRUMENT;EFP_FIN;EUR;43;106.92000000;946;EXCHANGE_LAST;;1;1;XEUR;10804527;690;
23.10.2024;13:05:01.640;FGBS SI 20241206 PS;SIMPLE_INSTRUMENT;EFS;EUR;45;106.92500000;1260;EXCHANGE_LAST;;1;1;XEUR;10804527;690;
23.10.2024;13:10:53.812;FGBS SI 20241206 PS;SIMPLE_INSTRUMENT;EFS;EUR;46;106.92000000;2370;EXCHANGE_LAST;;1;1;XEUR;10804527;690;
23.10.2024;13:11:24.691;FGBS SI 20241206 PS;SIMPLE_INSTRUMENT;EFP_FIN;EUR;47;106.92000000;2153;EXCHANGE_LAST;;1;1;XEUR;10804527;690;
23.10.2024;13:18:30.327;FGBS SI 20241206 PS;SIMPLE_INSTRUMENT;EFS;EUR;48;106.90000000;1358;EXCHANGE_LAST;;1;1;XEUR;10804527;690;
23.10.2024;13:33:02.303;FGBS SI 20241206 PS;SIMPLE_INSTRUMENT;EFP_FIN;EUR;49;106.92000000;1159;EXCHANGE_LAST;;1;1;XEUR;10804527;690;
23.10.2024;13:35:12.387;FGBS SI 20241206 PS;SIMPLE_INSTRUMENT;EFP_FIN;EUR;50;106.92000000;709;EXCHANGE_LAST;;1;1;XEUR;10804527;690;
23.10.2024;13:41:07.538;FGBS SI 20241206 PS;SIMPLE_INSTRUMENT;EFP_FIN;EUR;51;106.93000000;718;EXCHANGE_LAST;;1;1;XEUR;10804527;690;
23.10.2024;14:10:35.441;FGBS SI 20241206 PS;SIMPLE_INSTRUMENT;EFS;EUR;52;106.92000000;1411;EXCHANGE_LAST;;1;1;XEUR;10804527;690;
23.10.2024;14:18:14.464;FGBS SI 20241206 PS;SIMPLE_INSTRUMENT;EFS;EUR;53;106.92000000;4313;EXCHANGE_LAST;;1;1;XEUR;10804527;690;
23.10.2024;14:23:57.447;FGBS SI 20241206 PS;SIMPLE_INSTRUMENT;EFP_FIN;EUR;54;106.93000000;718;EXCHANGE_LAST;;1;1;XEUR;10804527;690;
23.10.2024;14:24:10.895;FGBS SI 20241206 PS;SIMPLE_INSTRUMENT;EFP_FIN;EUR;55;106.93000000;718;EXCHANGE_LAST;;1;1;XEUR;10804527;690;
23.10.2024;15:04:15.119;FGBS SI 20241206 PS;SIMPLE_INSTRUMENT;EFS;EUR;56;106.92000000;1050;EXCHANGE_LAST;;1;1;XEUR;10804527;690;
23.10.2024;15:10:32.428;FGBS SI 20241206 PS;SIMPLE_INSTRUMENT;EFS;EUR;57;106.91000000;2517;EXCHANGE_LAST;;1;1;XEUR;10804527;690;
23.10.2024;15:20:08.650;FGBS SI 20241206 PS;SIMPLE_INSTRUMENT;EFS;EUR;58;106.91000000;2500;EXCHANGE_LAST;;1;1;XEUR;10804527;690;
23.10.2024;15:21:41.673;FGBS SI 20241206 PS;SIMPLE_INSTRUMENT;EFP_FIN;EUR;59;106.90000000;347;EXCHANGE_LAST;;1;1;XEUR;10804527;690;
23.10.2024;15:36:11.279;FGBS SI 20241206 PS;SIMPLE_INSTRUMENT;EFP_FIN;EUR;60;106.91000000;217;EXCHANGE_LAST;;1;1;XEUR;10804527;690;
23.10.2024;15:35:42.805;FGBS SI 20241206 PS;SIMPLE_INSTRUMENT;EFP_FIN;EUR;61;106.91000000;206;EXCHANGE_LAST;;1;1;XEUR;10804527;690;
23.10.2024;15:38:51.781;FGBS SI 20241206 PS;SIMPLE_INSTRUMENT;EFP_FIN;EUR;62;106.91000000;357;EXCHANGE_LAST;;1;1;XEUR;10804527;690;
23.10.2024;15:39:18.323;FGBS SI 20241206 PS;SIMPLE_INSTRUMENT;EFS;EUR;63;106.91500000;1630;EXCHANGE_LAST;;1;1;XEUR;10804527;690;
23.10.2024;15:45:04.807;FGBS SI 20241206 PS;SIMPLE_INSTRUMENT;EFS;EUR;64;106.92000000;1629;EXCHANGE_LAST;;1;1;XEUR;10804527;690;
23.10.2024;15:47:39.173;FGBS SI 20241206 PS;SIMPLE_INSTRUMENT;EFS;EUR;65;106.91000000;2500;EXCHANGE_LAST;;1;1;XEUR;10804527;690;
23.10.2024;15:48:54.583;FGBS SI 20241206 PS;SIMPLE_INSTRUMENT;EFS;EUR;66;106.93000000;1900;EXCHANGE_LAST;;1;1;XEUR;10804527;690;
23.10.2024;15:51:19.243;FGBS SI 20241206 PS;SIMPLE_INSTRUMENT;EFS;EUR;67;106.92000000;5039;EXCHANGE_LAST;;1;1;XEUR;10804527;690;
23.10.2024;15:56:36.467;FGBS SI 20241206 PS;SIMPLE_INSTRUMENT;EFP_FIN;EUR;68;106.91500000;785;EXCHANGE_LAST;;1;1;XEUR;10804527;690;
23.10.2024;16:09:34.384;FGBS SI 20241206 PS;SIMPLE_INSTRUMENT;EFS;EUR;69;106.92000000;4072;EXCHANGE_LAST;;1;1;XEUR;10804527;690;
23.10.2024;16:31:30.162;FGBS SI 20241206 PS;SIMPLE_INSTRUMENT;BLOCK;EUR;70;106.91000000;11450;EXCHANGE_LAST;;1;1;XEUR;10804527;690;
23.10.2024;08:45:01.636;FGBS SI 20241206 PS;SIMPLE_INSTRUMENT;VOLA;EUR;268435480;106.91000000;325;EXCHANGE_LAST;;1;1;XEUR;10804527;690;
23.10.2024;10:29:32.403;FGBS SI 20241206 PS;SIMPLE_INSTRUMENT;VOLA;EUR;268435507;106.91000000;325;EXCHANGE_LAST;;1;1;XEUR;10804527;690;
23.10.2024;14:54:22.945;FGBS SI 20241206 PS;SIMPLE_INSTRUMENT;VOLA;EUR;268435539;106.92500000;500;EXCHANGE_LAST;;1;1;XEUR;10804527;690;
23.10.2024;08:08:32.208;FGBX SI 20241206 PS;SIMPLE_INSTRUMENT;EFP_FIN;EUR;5;131.52000000;162;EXCHANGE_LAST;;1;1;XEUR;10804526;691;
23.10.2024;08:13:17.284;FGBX SI 20241206 PS;SIMPLE_INSTRUMENT;EFP_FIN;EUR;6;131.42000000;330;EXCHANGE_LAST;;1;1;XEUR;10804526;691;
23.10.2024;10:36:51.392;FGBX SI 20241206 PS;SIMPLE_INSTRUMENT;EFP_FIN;EUR;8;131.18000000;742;EXCHANGE_LAST;;1;1;XEUR;10804526;691;
23.10.2024;10:44:18.327;FGBX SI 20241206 PS;SIMPLE_INSTRUMENT;EFP_FIN;EUR;9;131.08000000;173;EXCHANGE_LAST;;1;1;XEUR;10804526;691;
23.10.2024;10:48:27.013;FGBX SI 20241206 PS;SIMPLE_INSTRUMENT;EFP_FIN;EUR;10;131.40000000;245;EXCHANGE_LAST;;1;1;XEUR;10804526;691;
23.10.2024;12:18:11.333;FGBX SI 20241206 PS;SIMPLE_INSTRUMENT;EFS;EUR;12;131.28000000;40;EXCHANGE_LAST;;1;1;XEUR;10804526;691;
23.10.2024;12:18:10.966;FGBX SI 20241206 PS;SIMPLE_INSTRUMENT;EFS;EUR;13;131.32000000;40;EXCHANGE_LAST;;1;1;XEUR;10804526;691;
23.10.2024;12:27:46.319;FGBX SI 20241206 PS;SIMPLE_INSTRUMENT;EFS;EUR;15;131.28000000;185;EXCHANGE_LAST;;1;1;XEUR;10804526;691;
23.10.2024;12:53:32.250;FGBX SI 20241206 PS;SIMPLE_INSTRUMENT;EFS;EUR;17;131.14000000;148;EXCHANGE_LAST;;1;1;XEUR;10804526;691;
23.10.2024;12:54:49.239;FGBX SI 20241206 PS;SIMPLE_INSTRUMENT;EFP_FIN;EUR;18;131.14000000;148;EXCHANGE_LAST;;1;1;XEUR;10804526;691;
23.10.2024;13:29:47.754;FGBX SI 20241206 PS;SIMPLE_INSTRUMENT;EFS;EUR;20;131.18000000;369;EXCHANGE_LAST;;1;1;XEUR;10804526;691;
23.10.2024;14:19:30.749;FGBX SI 20241206 PS;SIMPLE_INSTRUMENT;EFS;EUR;25;130.74000000;237;EXCHANGE_LAST;;1;1;XEUR;10804526;691;
23.10.2024;15:20:22.500;FGBX SI 20241206 PS;SIMPLE_INSTRUMENT;EFP_FIN;EUR;28;130.86000000;114;EXCHANGE_LAST;;1;1;XEUR;10804526;691;
23.10.2024;15:28:59.982;FGBX SI 20241206 PS;SIMPLE_INSTRUMENT;EFP_FIN;EUR;29;130.64000000;363;EXCHANGE_LAST;;1;1;XEUR;10804526;691;
23.10.2024;15:34:13.167;FGBX SI 20241206 PS;SIMPLE_INSTRUMENT;EFP_FIN;EUR;31;130.82000000;60;EXCHANGE_LAST;;1;1;XEUR;10804526;691;
23.10.2024;15:43:08.023;FGBX SI 20241206 PS;SIMPLE_INSTRUMENT;EFP_FIN;EUR;36;131.12000000;287;EXCHANGE_LAST;;1;1;XEUR;10804526;691;
23.10.2024;15:49:25.041;FGBX SI 20241206 PS;SIMPLE_INSTRUMENT;EFP_FIN;EUR;38;131.10000000;65;EXCHANGE_LAST;;1;1;XEUR;10804526;691;
23.10.2024;15:56:57.183;FGBX SI 20241206 PS;SIMPLE_INSTRUMENT;EFS;EUR;39;131.24000000;200;EXCHANGE_LAST;;1;1;XEUR;10804526;691;
23.10.2024;16:10:36.888;FGBX SI 20241206 PS;SIMPLE_INSTRUMENT;EFP_FIN;EUR;40;131.00000000;582;EXCHANGE_LAST;;1;1;XEUR;10804526;691;
23.10.2024;10:07:39.070;FIA5 SI 20250320 PS AM C 13.00 0;SIMPLE_INSTRUMENT;BLOCK;EUR;13;0.93000000;1000;EXCHANGE_LAST;;1;1;XEUR;10824870;48227;
23.10.2024;10:08:13.072;FIA5 SI 20250320 PS AM P 12.00 0;SIMPLE_INSTRUMENT;BLOCK;EUR;14;0.83000000;1000;EXCHANGE_LAST;;1;1;XEUR;10824855;48227;
23.10.2024;11:10:21.936;FIA5 SI 20250918 PS AM C 14.00 0;SIMPLE_INSTRUMENT;BLOCK;EUR;16;0.79200000;1000;EXCHANGE_LAST;;1;1;XEUR;11865799;48227;
23.10.2024;11:10:28.872;FIA5 SI 20250918 PS AM P 12.00 0;SIMPLE_INSTRUMENT;BLOCK;EUR;17;1.21800000;1000;EXCHANGE_LAST;;1;1;XEUR;11865834;48227;
23.10.2024;14:41:57.760;FIA5.O.241023.COMBO.000003;STANDARD_OPTION_STRATEGY;BLOCK;EUR;24;0.82000000;2000;EXCHANGE_LAST;;1;2;XEUR;72264727425717744;48227;
23.10.2024;14:41:57.760;FIA5 SI 20250619 PS AM C 16.00 0;SIMPLE_INSTRUMENT;BLOCK;EUR;24;0.24700000;2000;PRC_DECOMP_EXCHANGE;;;;XEUR;9533229;48227;EXCHANGE
23.10.2024;14:41:57.760;FIA5 SI 20250619 PS AM P 12.00 0;SIMPLE_INSTRUMENT;BLOCK;EUR;24;1.06700000;2000;PRC_DECOMP_EXCHANGE;;;;XEUR;9533226;48227;EXCHANGE
23.10.2024;09:05:32.375;FIN SI 20250919 PS AM P 46.00 0;SIMPLE_INSTRUMENT;BLOCK;CHF;5;1.88000000;500;EXCHANGE_LAST;;1;1;XEUR;11881189;671;
23.10.2024;12:39:38.092;FLCP SI 20241220 CS;SIMPLE_INSTRUMENT;EFP_IDX;EUR;18;541.30000000;58;EXCHANGE_LAST;;1;1;XEUR;10839028;669;
23.10.2024;12:39:47.870;FLCP SI 20241220 CS;SIMPLE_INSTRUMENT;EFP_IDX;EUR;19;541.40000000;135;EXCHANGE_LAST;;1;1;XEUR;10839028;669;
23.10.2024;07:58:16.678;FMCH SI 20241220 CS;SIMPLE_INSTRUMENT;BLOCK;USD;20;539.80000000;153;EXCHANGE_LAST;;1;1;XEUR;7196792;402909;
23.10.2024;01:27:08.054;FMEA SI 20241220 CS;SIMPLE_INSTRUMENT;EFP_IDX;USD;2;730.45700000;65;EXCHANGE_LAST;;1;1;XEUR;7191938;12395;
23.10.2024;02:15:31.599;FMEA SI 20241220 CS;SIMPLE_INSTRUMENT;BLOCK;USD;3;730.70900000;682;EXCHANGE_LAST;;1;1;XEUR;7191938;12395;
23.10.2024;07:47:19.878;FMEA SI 20241220 CS;SIMPLE_INSTRUMENT;EFP_IDX;USD;19;730.99800000;439;EXCHANGE_LAST;;1;1;XEUR;7191938;12395;
23.10.2024;07:33:26.666;FMEE SI 20241220 CS;SIMPLE_INSTRUMENT;BLOCK;USD;18;319.10500000;100;EXCHANGE_LAST;;1;1;XEUR;7191941;12396;
23.10.2024;07:33:15.365;FMEL SI 20241220 CS;SIMPLE_INSTRUMENT;BLOCK;USD;17;547.50500000;50;EXCHANGE_LAST;;1;1;XEUR;7191942;12397;
23.10.2024;10:47:15.414;FMEL SI 20241220 CS;SIMPLE_INSTRUMENT;BLOCK;USD;22;547.50500000;54;EXCHANGE_LAST;;1;1;XEUR;7191942;12397;
23.10.2024;07:04:46.607;FMEN SI 20241220 CS;SIMPLE_INSTRUMENT;BLOCK;EUR;15;531.68100000;20;EXCHANGE_LAST;;1;1;XEUR;7192297;30652;
23.10.2024;06:31:15.352;FMES SI 20241220 CS;SIMPLE_INSTRUMENT;BLOCK;EUR;9;572.50300000;81;EXCHANGE_LAST;;1;1;XEUR;7194760;221291;
23.10.2024;06:35:13.125;FMES SI 20241220 CS;SIMPLE_INSTRUMENT;EFP_IDX;EUR;11;572.50300000;1;EXCHANGE_LAST;;1;1;XEUR;7194760;221291;
23.10.2024;07:14:17.171;FMGC SI 20241220 CS;SIMPLE_INSTRUMENT;BLOCK;USD;16;12979.55000000;23;EXCHANGE_LAST;;1;1;XEUR;7193447;48916;
23.10.2024;13:39:45.440;FMGO SI 20241220 CS;SIMPLE_INSTRUMENT;BLOCK;USD;25;5264.00000000;52;EXCHANGE_LAST;;1;1;XEUR;8609363;583623;
23.10.2024;02:17:35.850;FMID SI 20241220 CS;SIMPLE_INSTRUMENT;BLOCK;USD;3;1873.99700000;55;EXCHANGE_LAST;;1;1;XEUR;7192610;45289;
23.10.2024;02:17:05.442;FMIN SI 20241220 CS;SIMPLE_INSTRUMENT;BLOCK;USD;4;1326.46900000;347;EXCHANGE_LAST;;1;1;XEUR;7191968;12404;
23.10.2024;02:18:10.285;FMIN SI 20241220 CS;SIMPLE_INSTRUMENT;BLOCK;USD;5;1325.81000000;188;EXCHANGE_LAST;;1;1;XEUR;7191968;12404;
23.10.2024;02:22:06.460;FMIN SI 20241220 CS;SIMPLE_INSTRUMENT;BLOCK;USD;7;1326.46900000;45;EXCHANGE_LAST;;1;1;XEUR;7191968;12404;
23.10.2024;06:33:53.268;FMMU SI 20241220 CS;SIMPLE_INSTRUMENT;EFP_IDX;EUR;10;300.63500000;9;EXCHANGE_LAST;;1;1;XEUR;7193396;48138;
23.10.2024;10:48:42.800;FMMX SI 20241220 CS;SIMPLE_INSTRUMENT;BLOCK;USD;23;644.81100000;626;EXCHANGE_LAST;;1;1;XEUR;7191984;12545;
23.10.2024;00:18:48.914;FMMY SI 20241220 CS;SIMPLE_INSTRUMENT;BLOCK;USD;1;407.28300000;22;EXCHANGE_LAST;;1;1;XEUR;7191971;12405;
23.10.2024;07:56:12.643;FMPH SI 20241220 CS;SIMPLE_INSTRUMENT;BLOCK;USD;4;488.61600000;38;EXCHANGE_LAST;;1;1;XEUR;7191985;12548;
23.10.2024;07:56:40.065;FMPH SI 20241220 CS;SIMPLE_INSTRUMENT;BLOCK;USD;5;488.61600000;53;EXCHANGE_LAST;;1;1;XEUR;7191985;12548;
23.10.2024;11:00:22.007;FMSA SI 20241220 CS;SIMPLE_INSTRUMENT;BLOCK;USD;24;1787.56300000;100;EXCHANGE_LAST;;1;1;XEUR;7194630;134861;
23.10.2024;00:18:09.984;FMTW SI 20241220 CS;SIMPLE_INSTRUMENT;BLOCK;USD;1;865.45100000;561;EXCHANGE_LAST;;1;1;XEUR;7193559;51884;
23.10.2024;02:16:07.583;FMTW SI 20241220 CS;SIMPLE_INSTRUMENT;BLOCK;USD;2;865.79200000;138;EXCHANGE_LAST;;1;1;XEUR;7193559;51884;
23.10.2024;08:25:14.139;FMTW SI 20241220 CS;SIMPLE_INSTRUMENT;BLOCK;USD;6;865.45100000;239;EXCHANGE_LAST;;1;1;XEUR;7193559;51884;
23.10.2024;06:26:20.872;FMWO SI 20241220 CS;SIMPLE_INSTRUMENT;EFP_IDX;USD;8;11882.78000000;35;EXCHANGE_LAST;;1;1;XEUR;7191849;7059;
23.10.2024;06:36:28.750;FMWO SI 20241220 CS;SIMPLE_INSTRUMENT;EFP_IDX;USD;12;11882.93000000;57;EXCHANGE_LAST;;1;1;XEUR;7191849;7059;
23.10.2024;06:52:13.524;FMWO SI 20241220 CS;SIMPLE_INSTRUMENT;BLOCK;USD;13;11878.73000000;828;EXCHANGE_LAST;;1;1;XEUR;7191849;7059;
23.10.2024;06:52:57.015;FMWO SI 20241220 CS;SIMPLE_INSTRUMENT;EFP_IDX;USD;14;11883.23000000;73;EXCHANGE_LAST;;1;1;XEUR;7191849;7059;
23.10.2024;07:35:51.184;FOAT SI 20241206 PS;SIMPLE_INSTRUMENT;EFP_FIN;EUR;1;125.54000000;225;EXCHANGE_LAST;;1;1;XEUR;10804528;749;
23.10.2024;07:38:06.589;FOAT SI 20241206 PS;SIMPLE_INSTRUMENT;EFP_FIN;EUR;2;125.54000000;449;EXCHANGE_LAST;;1;1;XEUR;10804528;749;
23.10.2024;07:42:07.360;FOAT SI 20241206 PS;SIMPLE_INSTRUMENT;EFP_FIN;EUR;3;125.50000000;225;EXCHANGE_LAST;;1;1;XEUR;10804528;749;
23.10.2024;07:43:29.957;FOAT SI 20241206 PS;SIMPLE_INSTRUMENT;EFP_FIN;EUR;4;125.45000000;1031;EXCHANGE_LAST;;1;1;XEUR;10804528;749;
23.10.2024;07:44:34.497;FOAT SI 20241206 PS;SIMPLE_INSTRUMENT;EFP_FIN;EUR;5;125.53000000;1438;EXCHANGE_LAST;;1;1;XEUR;10804528;749;
23.10.2024;08:15:00.598;FOAT SI 20241206 PS;SIMPLE_INSTRUMENT;EFP_FIN;EUR;6;125.52000000;415;EXCHANGE_LAST;;1;1;XEUR;10804528;749;
23.10.2024;08:17:44.316;FOAT SI 20241206 PS;SIMPLE_INSTRUMENT;EFP_FIN;EUR;7;125.54000000;830;EXCHANGE_LAST;;1;1;XEUR;10804528;749;
23.10.2024;08:20:17.905;FOAT SI 20241206 PS;SIMPLE_INSTRUMENT;EFP_FIN;EUR;8;125.50000000;1245;EXCHANGE_LAST;;1;1;XEUR;10804528;749;
23.10.2024;08:19:49.864;FOAT SI 20241206 PS;SIMPLE_INSTRUMENT;EFP_FIN;EUR;9;125.53000000;775;EXCHANGE_LAST;;1;1;XEUR;10804528;749;
23.10.2024;08:25:03.881;FOAT SI 20241206 PS;SIMPLE_INSTRUMENT;EFP_FIN;EUR;10;125.54000000;830;EXCHANGE_LAST;;1;1;XEUR;10804528;749;
23.10.2024;08:24:25.776;FOAT SI 20241206 PS;SIMPLE_INSTRUMENT;EFP_FIN;EUR;11;125.52000000;831;EXCHANGE_LAST;;1;1;XEUR;10804528;749;
23.10.2024;08:28:44.894;FOAT SI 20241206 PS;SIMPLE_INSTRUMENT;EFP_FIN;EUR;12;125.53000000;775;EXCHANGE_LAST;;1;1;XEUR;10804528;749;
23.10.2024;08:32:57.909;FOAT SI 20241206 PS;SIMPLE_INSTRUMENT;EFP_FIN;EUR;13;125.51000000;775;EXCHANGE_LAST;;1;1;XEUR;10804528;749;
23.10.2024;08:42:16.229;FOAT SI 20241206 PS;SIMPLE_INSTRUMENT;EFP_FIN;EUR;14;125.54000000;775;EXCHANGE_LAST;;1;1;XEUR;10804528;749;
23.10.2024;08:43:17.968;FOAT SI 20241206 PS;SIMPLE_INSTRUMENT;EFP_FIN;EUR;15;125.50000000;317;EXCHANGE_LAST;;1;1;XEUR;10804528;749;
23.10.2024;08:45:13.454;FOAT SI 20241206 PS;SIMPLE_INSTRUMENT;EFP_FIN;EUR;16;125.50000000;507;EXCHANGE_LAST;;1;1;XEUR;10804528;749;
23.10.2024;08:47:34.258;FOAT SI 20241206 PS;SIMPLE_INSTRUMENT;EFP_FIN;EUR;17;125.39000000;415;EXCHANGE_LAST;;1;1;XEUR;10804528;749;
23.10.2024;08:54:39.875;FOAT SI 20241206 PS;SIMPLE_INSTRUMENT;EFP_FIN;EUR;18;125.44000000;415;EXCHANGE_LAST;;1;1;XEUR;10804528;749;
23.10.2024;08:55:07.601;FOAT SI 20241206 PS;SIMPLE_INSTRUMENT;EFP_FIN;EUR;19;125.44000000;2076;EXCHANGE_LAST;;1;1;XEUR;10804528;749;
23.10.2024;08:56:28.036;FOAT SI 20241206 PS;SIMPLE_INSTRUMENT;EFP_FIN;EUR;20;125.45000000;208;EXCHANGE_LAST;;1;1;XEUR;10804528;749;
23.10.2024;09:01:01.178;FOAT SI 20241206 PS;SIMPLE_INSTRUMENT;EFP_FIN;EUR;21;125.44000000;830;EXCHANGE_LAST;;1;1;XEUR;10804528;749;
23.10.2024;09:26:12.481;FOAT SI 20241206 PS;SIMPLE_INSTRUMENT;EFP_FIN;EUR;22;125.52000000;830;EXCHANGE_LAST;;1;1;XEUR;10804528;749;
23.10.2024;09:29:47.378;FOAT SI 20241206 PS;SIMPLE_INSTRUMENT;EFP_FIN;EUR;23;125.44000000;831;EXCHANGE_LAST;;1;1;XEUR;10804528;749;
23.10.2024;09:38:15.785;FOAT SI 20241206 PS;SIMPLE_INSTRUMENT;EFP_FIN;EUR;24;125.40000000;80;EXCHANGE_LAST;;1;1;XEUR;10804528;749;
23.10.2024;09:38:28.505;FOAT SI 20241206 PS;SIMPLE_INSTRUMENT;EFP_FIN;EUR;25;125.45000000;1454;EXCHANGE_LAST;;1;1;XEUR;10804528;749;
23.10.2024;09:41:34.106;FOAT SI 20241206 PS;SIMPLE_INSTRUMENT;BLOCK;EUR;26;125.46000000;521;EXCHANGE_LAST;;1;1;XEUR;10804528;749;
23.10.2024;09:51:52.753;FOAT SI 20241206 PS;SIMPLE_INSTRUMENT;EFP_FIN;EUR;27;125.40000000;361;EXCHANGE_LAST;;1;1;XEUR;10804528;749;
23.10.2024;10:04:00.626;FOAT SI 20241206 PS;SIMPLE_INSTRUMENT;EFP_FIN;EUR;28;125.49000000;258;EXCHANGE_LAST;;1;1;XEUR;10804528;749;
23.10.2024;10:05:34.042;FOAT SI 20241206 PS;SIMPLE_INSTRUMENT;EFP_FIN;EUR;29;125.41000000;169;EXCHANGE_LAST;;1;1;XEUR;10804528;749;
23.10.2024;10:08:25.798;FOAT SI 20241206 PS;SIMPLE_INSTRUMENT;EFP_FIN;EUR;30;125.50000000;161;EXCHANGE_LAST;;1;1;XEUR;10804528;749;
23.10.2024;10:17:57.667;FOAT SI 20241206 PS;SIMPLE_INSTRUMENT;EFP_FIN;EUR;31;125.52000000;453;EXCHANGE_LAST;;1;1;XEUR;10804528;749;
23.10.2024;10:54:43.713;FOAT SI 20241206 PS;SIMPLE_INSTRUMENT;EFP_FIN;EUR;32;125.49000000;192;EXCHANGE_LAST;;1;1;XEUR;10804528;749;
23.10.2024;10:51:36.185;FOAT SI 20241206 PS;SIMPLE_INSTRUMENT;EFP_FIN;EUR;33;125.49000000;128;EXCHANGE_LAST;;1;1;XEUR;10804528;749;
23.10.2024;11:21:26.691;FOAT SI 20241206 PS;SIMPLE_INSTRUMENT;EFP_FIN;EUR;34;125.39000000;169;EXCHANGE_LAST;;1;1;XEUR;10804528;749;
23.10.2024;11:55:50.455;FOAT SI 20241206 PS;SIMPLE_INSTRUMENT;EFP_FIN;EUR;35;125.56000000;1246;EXCHANGE_LAST;;1;1;XEUR;10804528;749;
23.10.2024;12:24:45.756;FOAT SI 20241206 PS;SIMPLE_INSTRUMENT;EFP_FIN;EUR;36;125.57000000;192;EXCHANGE_LAST;;1;1;XEUR;10804528;749;
23.10.2024;12:26:43.763;FOAT SI 20241206 PS;SIMPLE_INSTRUMENT;EFP_FIN;EUR;37;125.57000000;169;EXCHANGE_LAST;;1;1;XEUR;10804528;749;
23.10.2024;12:26:38.262;FOAT SI 20241206 PS;SIMPLE_INSTRUMENT;EFP_FIN;EUR;38;125.57000000;304;EXCHANGE_LAST;;1;1;XEUR;10804528;749;
23.10.2024;13:09:09.286;FOAT SI 20241206 PS;SIMPLE_INSTRUMENT;EFP_FIN;EUR;39;125.46000000;541;EXCHANGE_LAST;;1;1;XEUR;10804528;749;
23.10.2024;13:39:54.258;FOAT SI 20241206 PS;SIMPLE_INSTRUMENT;EFP_FIN;EUR;40;125.43000000;830;EXCHANGE_LAST;;1;1;XEUR;10804528;749;
23.10.2024;13:45:25.901;FOAT SI 20241206 PS;SIMPLE_INSTRUMENT;EFP_FIN;EUR;41;125.48000000;831;EXCHANGE_LAST;;1;1;XEUR;10804528;749;
23.10.2024;13:54:23.304;FOAT SI 20241206 PS;SIMPLE_INSTRUMENT;EFP_FIN;EUR;42;125.43000000;830;EXCHANGE_LAST;;1;1;XEUR;10804528;749;
23.10.2024;14:09:18.730;FOAT SI 20241206 PS;SIMPLE_INSTRUMENT;EFP_FIN;EUR;43;125.50000000;2491;EXCHANGE_LAST;;1;1;XEUR;10804528;749;
23.10.2024;14:07:38.336;FOAT SI 20241206 PS;SIMPLE_INSTRUMENT;EFP_FIN;EUR;44;125.45000000;830;EXCHANGE_LAST;;1;1;XEUR;10804528;749;
23.10.2024;14:41:54.120;FOAT SI 20241206 PS;SIMPLE_INSTRUMENT;EFP_FIN;EUR;45;125.45000000;830;EXCHANGE_LAST;;1;1;XEUR;10804528;749;
23.10.2024;14:51:29.168;FOAT SI 20241206 PS;SIMPLE_INSTRUMENT;EFP_FIN;EUR;46;125.38000000;1827;EXCHANGE_LAST;;1;1;XEUR;10804528;749;
23.10.2024;14:52:53.939;FOAT SI 20241206 PS;SIMPLE_INSTRUMENT;EFP_FIN;EUR;47;125.51000000;83;EXCHANGE_LAST;;1;1;XEUR;10804528;749;
23.10.2024;14:53:05.947;FOAT SI 20241206 PS;SIMPLE_INSTRUMENT;EFP_FIN;EUR;48;125.40000000;830;EXCHANGE_LAST;;1;1;XEUR;10804528;749;
23.10.2024;15:11:48.810;FOAT SI 20241206 PS;SIMPLE_INSTRUMENT;EFP_FIN;EUR;49;125.49000000;121;EXCHANGE_LAST;;1;1;XEUR;10804528;749;
23.10.2024;15:16:00.236;FOAT SI 20241206 PS;SIMPLE_INSTRUMENT;EFP_FIN;EUR;50;125.49000000;124;EXCHANGE_LAST;;1;1;XEUR;10804528;749;
23.10.2024;15:27:55.606;FOAT SI 20241206 PS;SIMPLE_INSTRUMENT;EFP_FIN;EUR;51;125.50000000;830;EXCHANGE_LAST;;1;1;XEUR;10804528;749;
23.10.2024;15:38:51.802;FOAT SI 20241206 PS;SIMPLE_INSTRUMENT;EFP_FIN;EUR;52;125.50000000;58;EXCHANGE_LAST;;1;1;XEUR;10804528;749;
23.10.2024;12:59:01.913;FSCP SI 20241220 CS;SIMPLE_INSTRUMENT;BLOCK;EUR;24;342.40000000;133;EXCHANGE_LAST;;1;1;XEUR;10840104;764;
23.10.2024;12:59:02.631;FSCP SI 20241220 CS;SIMPLE_INSTRUMENT;BLOCK;EUR;25;342.70000000;172;EXCHANGE_LAST;;1;1;XEUR;10840104;764;
23.10.2024;15:57:20.999;FSCP SI 20241220 CS;SIMPLE_INSTRUMENT;EFP_IDX;EUR;39;342.20000000;72;EXCHANGE_LAST;;1;1;XEUR;10840104;764;
23.10.2024;15:57:44.782;FSCP SI 20241220 CS;SIMPLE_INSTRUMENT;EFP_IDX;EUR;40;342.30000000;48;EXCHANGE_LAST;;1;1;XEUR;10840104;764;
23.10.2024;15:45:25.882;FSMI SI 20241220 CS;SIMPLE_INSTRUMENT;EFP_IDX;CHF;1;12171.00000000;315;EXCHANGE_LAST;;1;1;XEUR;7793735;757;
23.10.2024;15:45:40.535;FSMI SI 20241220 CS;SIMPLE_INSTRUMENT;EFP_IDX;CHF;2;12172.00000000;35;EXCHANGE_LAST;;1;1;XEUR;7793735;757;
23.10.2024;15:53:19.954;FSMI SI 20241220 CS;SIMPLE_INSTRUMENT;EFP_IDX;CHF;3;12171.00000000;74;EXCHANGE_LAST;;1;1;XEUR;7793735;757;
23.10.2024;15:53:32.286;FSMI SI 20241220 CS;SIMPLE_INSTRUMENT;EFP_IDX;CHF;4;12172.00000000;8;EXCHANGE_LAST;;1;1;XEUR;7793735;757;
23.10.2024;09:37:05.980;FSTA SI 20241220 CS;SIMPLE_INSTRUMENT;VOLA;EUR;603979784;570.00000000;10;EXCHANGE_LAST;;1;1;XEUR;10839562;715;
23.10.2024;15:43:25.514;FSTB SI 20241220 CS;SIMPLE_INSTRUMENT;BLOCK;EUR;34;205.20000000;499;EXCHANGE_LAST;;1;1;XEUR;10839561;714;
23.10.2024;15:43:13.082;FSTB SI 20241220 CS;SIMPLE_INSTRUMENT;BLOCK;EUR;35;205.50000000;1166;EXCHANGE_LAST;;1;1;XEUR;10839561;714;
23.10.2024;14:36:11.957;FSTE SI 20241220 CS;SIMPLE_INSTRUMENT;BLOCK;EUR;1;340.50000000;757;EXCHANGE_LAST;;1;1;XEUR;10839564;719;
23.10.2024;14:38:50.368;FSTE SI 20241220 CS;SIMPLE_INSTRUMENT;BLOCK;EUR;2;341.00000000;603;EXCHANGE_LAST;;1;1;XEUR;10839564;719;
23.10.2024;09:10:55.064;FSTE SI 20241220 CS;SIMPLE_INSTRUMENT;VOLA;EUR;603979781;341.80000000;15;EXCHANGE_LAST;;1;1;XEUR;10839564;719;
23.10.2024;15:43:55.057;FSTS SI 20241220 CS;SIMPLE_INSTRUMENT;EFP_IDX;EUR;3;547.70000000;850;EXCHANGE_LAST;;1;1;XEUR;10839557;709;
23.10.2024;15:53:49.225;FSTS SI 20241220 CS;SIMPLE_INSTRUMENT;EFP_IDX;EUR;4;547.40000000;420;EXCHANGE_LAST;;1;1;XEUR;10839557;709;
23.10.2024;15:54:07.077;FSTS SI 20241220 CS;SIMPLE_INSTRUMENT;EFP_IDX;EUR;5;547.50000000;280;EXCHANGE_LAST;;1;1;XEUR;10839557;709;
23.10.2024;15:45:40.262;FSTS SI 20241220 CS;SIMPLE_INSTRUMENT;EFP_IDX;EUR;6;547.40000000;210;EXCHANGE_LAST;;1;1;XEUR;10839557;709;
23.10.2024;15:45:57.780;FSTS SI 20241220 CS;SIMPLE_INSTRUMENT;EFP_IDX;EUR;7;547.50000000;140;EXCHANGE_LAST;;1;1;XEUR;10839557;709;
23.10.2024;15:54:37.555;FSTS SI 20241220 CS;SIMPLE_INSTRUMENT;EFP_IDX;EUR;8;547.40000000;89;EXCHANGE_LAST;;1;1;XEUR;10839557;709;
23.10.2024;15:54:46.538;FSTS SI 20241220 CS;SIMPLE_INSTRUMENT;EFP_IDX;EUR;9;547.50000000;61;EXCHANGE_LAST;;1;1;XEUR;10839557;709;
23.10.2024;12:54:09.939;FSTS SI 20241220 CS;SIMPLE_INSTRUMENT;VOLA;EUR;603979817;548.50000000;75;EXCHANGE_LAST;;1;1;XEUR;10839557;709;
23.10.2024;12:55:31.007;FSTS SI 20241220 CS;SIMPLE_INSTRUMENT;VOLA;EUR;603979818;548.50000000;75;EXCHANGE_LAST;;1;1;XEUR;10839557;709;
23.10.2024;09:08:00.284;FTE SI 20241220 PS AM P 9.60 0;SIMPLE_INSTRUMENT;BLOCK;EUR;2;0.15000000;2000;EXCHANGE_LAST;;1;1;XEUR;6499595;724;
23.10.2024;14:29:16.526;FTE SI 20241220 PS AM C 10.60 0;SIMPLE_INSTRUMENT;BLOCK;EUR;20;0.09000000;4000;EXCHANGE_LAST;;1;2;XEUR;11881653;724;
23.10.2024;09:07:37.818;FTEG.S.DEC24.JUN25.SPD;FUTURES_SPREAD;BLOCK;EUR;8;0.25500000;15000;EXCHANGE_LAST;;1;1;XEUR;73734254781005902;390378;
23.10.2024;09:07:37.818;FTEG SI 20250620 CS;SIMPLE_INSTRUMENT;BLOCK;EUR;8;9.65500000;15000;PRC_DECOMP_EXCHANGE;;;;XEUR;11206176;390378;EXCHANGE
23.10.2024;09:07:37.818;FTEG SI 20241220 CS;SIMPLE_INSTRUMENT;BLOCK;EUR;8;9.91000000;15000;PRC_DECOMP_EXCHANGE;;;;XEUR;7057046;390378;EXCHANGE
23.10.2024;10:45:40.942;FTUK SI 20241220 CS;SIMPLE_INSTRUMENT;EFP_IDX;GBP;3;8315.00000000;250;EXCHANGE_LAST;;1;1;XEUR;10450717;346692;
23.10.2024;14:58:07.576;G3ZF SI 20271217 CS;SIMPLE_INSTRUMENT;BLOCK;EUR;61;0.98000000;1020;EXCHANGE_LAST;;1;1;XEUR;8413561;144760;
23.10.2024;11:19:07.436;GEBN SI 20250321 PS AM P 480.00 0;SIMPLE_INSTRUMENT;BLOCK;CHF;27;15.50000000;1500;EXCHANGE_LAST;;1;1;XEUR;10841639;882;
