#Date;TrdTime;Contract;ContractType;TrdTyp;Currency;TesId;Prc;Qty;TrdInd;Aggressor;Buy;Sell;Exch;InstrumentId;RelatedProdId;PrcDecomp
02.05.2025;10:36:04.080;A2XA SI 20250919 CS;SIMPLE_INSTRUMENT;BLOCK;EUR;35;2.15000000;308;EXCHANGE_LAST;;1;1;XEUR;11347325;17;
02.05.2025;10:41:12.205;A2XA SI 20250919 CS;SIMPLE_INSTRUMENT;BLOCK;EUR;38;2.15000000;660;EXCHANGE_LAST;;1;1;XEUR;11347325;17;
02.05.2025;11:30:08.218;A2XA SI 20250919 CS;SIMPLE_INSTRUMENT;BLOCK;EUR;56;2.15000000;440;EXCHANGE_LAST;;1;1;XEUR;11347325;17;
02.05.2025;15:09:47.415;ABBG SI 20250620 CS;SIMPLE_INSTRUMENT;BLOCK;CHF;89;45.28980000;6650;EXCHANGE_LAST;;1;1;XEUR;11209548;574520;
02.05.2025;08:46:39.948;ABBN SI 20250516 PS AM C 44.50 0;SIMPLE_INSTRUMENT;BLOCK;CHF;11;0.84000000;2000;EXCHANGE_LAST;;1;1;XEUR;12854215;574517;
02.05.2025;08:49:38.702;ABBN FI 20250528 CS EU C 46.8000 0;FLEXIBLE_INSTRUMENT;BLOCK;CHF;13;0.37000000;1580;EXCHANGE_LAST;;1;1;XEUR;1155389036332854043;574517;
02.05.2025;08:59:10.575;ABBN.O.250502.BRT.000001;STANDARD_OPTION_STRATEGY;BLOCK;CHF;18;1.89000000;1250;EXCHANGE_LAST;;1;1;XEUR;74525125763938048;574517;
02.05.2025;08:59:10.575;ABBN SI 20251219 PS AM P 42.00 0;SIMPLE_INSTRUMENT;BLOCK;CHF;18;2.68000000;1250;PRC_DECOMP_MEMBER;;;;XEUR;11648494;574517;MEMBER
02.05.2025;08:59:10.575;ABBN SI 20250620 PS AM P 42.00 0;SIMPLE_INSTRUMENT;BLOCK;CHF;18;0.79000000;1250;PRC_DECOMP_MEMBER;;;;XEUR;11409731;574517;MEMBER
02.05.2025;09:17:21.863;AIR.O.250502.STD.000003;STANDARD_OPTION_STRATEGY;BLOCK;EUR;13;35.50000000;300;EXCHANGE_LAST;;1;1;XEUR;72057868915849914;64;
02.05.2025;09:17:21.863;AIR SI 20261218 PS AM C 180.00 0;SIMPLE_INSTRUMENT;BLOCK;EUR;13;19.73000000;300;PRC_DECOMP_EXCHANGE;;;;XEUR;11290371;64;EXCHANGE
02.05.2025;09:17:21.863;AIR SI 20261218 PS AM P 180.00 0;SIMPLE_INSTRUMENT;BLOCK;EUR;13;15.77000000;300;PRC_DECOMP_EXCHANGE;;;;XEUR;11290372;64;EXCHANGE
02.05.2025;14:53:48.960;AKU SI 20250516 PS AM C 58.00 0;SIMPLE_INSTRUMENT;BLOCK;EUR;28;1.05000000;300;EXCHANGE_LAST;;1;1;XEUR;12812607;78;
02.05.2025;09:20:59.385;ALC FI 20250528 CS EU C 84.2500 0;FLEXIBLE_INSTRUMENT;BLOCK;CHF;21;1.01000000;1000;EXCHANGE_LAST;;1;1;XEUR;1153480425880956663;130134;
02.05.2025;15:06:10.889;ALV SI 20261218 PS AM P 160.00 0;SIMPLE_INSTRUMENT;BLOCK;EUR;4;2.65000000;600;EXCHANGE_LAST;;1;2;XEUR;7152565;74;
02.05.2025;09:54:04.754;ANN.O.250502.STD.000007;STANDARD_OPTION_STRATEGY;BLOCK;EUR;6;2.20000000;1000;EXCHANGE_LAST;;1;1;XEUR;72251735149670380;45202;
02.05.2025;09:54:04.754;ANN SI 20250516 PS AM C 28.00 0;SIMPLE_INSTRUMENT;BLOCK;EUR;6;1.86000000;1000;PRC_DECOMP_EXCHANGE;;;;XEUR;12838441;45202;EXCHANGE
02.05.2025;09:54:04.754;ANN SI 20250516 PS AM P 28.00 0;SIMPLE_INSTRUMENT;BLOCK;EUR;6;0.34000000;1000;PRC_DECOMP_EXCHANGE;;;;XEUR;12838443;45202;EXCHANGE
02.05.2025;11:36:31.923;ASIF SI 20250919 CS;SIMPLE_INSTRUMENT;BLOCK;EUR;58;442.48020000;15;EXCHANGE_LAST;;1;1;XEUR;11724528;46864;
02.05.2025;14:21:39.586;ASIF SI 20250516 CS;SIMPLE_INSTRUMENT;BLOCK;EUR;79;442.01000000;250;EXCHANGE_LAST;;1;1;XEUR;11055665;46864;
02.05.2025;09:10:25.020;ASM SI 20250620 PS AM C 650.00 0;SIMPLE_INSTRUMENT;BLOCK;EUR;5;12.80000000;150;EXCHANGE_LAST;;1;1;XEUR;12996052;107;
02.05.2025;09:10:41.798;ASM SI 20250620 PS AM C 690.00 0;SIMPLE_INSTRUMENT;BLOCK;EUR;6;5.15000000;150;EXCHANGE_LAST;;1;1;XEUR;12996046;107;
02.05.2025;10:08:33.468;ASM SI 20251219 PS AM P 560.00 0;SIMPLE_INSTRUMENT;BLOCK;EUR;9;51.00000000;150;EXCHANGE_LAST;;1;1;XEUR;5921400;107;
02.05.2025;13:07:21.344;AXA SI 20250919 PS AM C 38.00 0;SIMPLE_INSTRUMENT;BLOCK;EUR;38;4.45000000;6000;EXCHANGE_LAST;;1;1;XEUR;11872537;127;
02.05.2025;07:55:25.302;AXAG SI 20250620 CS;SIMPLE_INSTRUMENT;BLOCK;EUR;1;40.40000000;5000;EXCHANGE_LAST;;1;1;XEUR;11168731;125;
02.05.2025;10:34:36.613;AXAG SI 20250919 CS;SIMPLE_INSTRUMENT;BLOCK;EUR;33;40.53000000;3500;EXCHANGE_LAST;;1;1;XEUR;11699127;125;
02.05.2025;10:41:29.517;AXAG SI 20250919 CS;SIMPLE_INSTRUMENT;BLOCK;EUR;39;40.53000000;7500;EXCHANGE_LAST;;1;1;XEUR;11699127;125;
02.05.2025;11:30:21.961;AXAG SI 20250919 CS;SIMPLE_INSTRUMENT;BLOCK;EUR;57;40.58000000;5000;EXCHANGE_LAST;;1;1;XEUR;11699127;125;
02.05.2025;13:37:54.310;AXAG SI 20250620 CS;SIMPLE_INSTRUMENT;BLOCK;EUR;72;40.50000000;1600;EXCHANGE_LAST;;1;1;XEUR;11168731;125;
02.05.2025;10:43:18.109;B2AS SI 20250620 CS;SIMPLE_INSTRUMENT;BLOCK;EUR;43;2.25000000;215;EXCHANGE_LAST;;1;1;XEUR;10830335;140;
02.05.2025;13:29:53.938;B2AS SI 20250620 CS;SIMPLE_INSTRUMENT;BLOCK;EUR;71;2.25000000;113;EXCHANGE_LAST;;1;1;XEUR;10830335;140;
02.05.2025;12:46:16.475;B2MW SI 20261218 CS;SIMPLE_INSTRUMENT;BLOCK;EUR;64;2.92000000;50;EXCHANGE_LAST;;1;1;XEUR;4632168;128;
02.05.2025;11:22:14.914;B2NP SI 20251219 CS;SIMPLE_INSTRUMENT;BLOCK;EUR;53;7.28000000;200;EXCHANGE_LAST;;2;1;XEUR;5914355;131;
02.05.2025;14:05:26.218;BAEN FI 20250528 CS EU C 58.0500 0;FLEXIBLE_INSTRUMENT;BLOCK;CHF;50;0.76000000;530;EXCHANGE_LAST;;1;1;XEUR;1152922187506660068;159;
02.05.2025;07:41:20.797;BAS SI 20250516 PS AM C 46.00 0;SIMPLE_INSTRUMENT;BLOCK;EUR;1;0.16000000;2595;EXCHANGE_LAST;;1;1;XEUR;12813680;150;
02.05.2025;07:41:22.675;BAS SI 20250516 PS AM C 46.00 0;SIMPLE_INSTRUMENT;BLOCK;EUR;2;0.15000000;2596;EXCHANGE_LAST;;1;1;XEUR;12813680;150;
02.05.2025;09:22:16.372;BAS SI 20250620 PS AM C 44.00 0;SIMPLE_INSTRUMENT;BLOCK;EUR;5;1.15000000;1000;EXCHANGE_LAST;;2;1;XEUR;7899118;150;
02.05.2025;09:53:34.478;BAS SI 20251219 PS AM C 40.00 0;SIMPLE_INSTRUMENT;BLOCK;EUR;6;5.40000000;2000;EXCHANGE_LAST;;1;1;XEUR;7115423;150;
02.05.2025;10:41:03.399;BAS.O.250502.STD.000030;STANDARD_OPTION_STRATEGY;BLOCK;EUR;8;8.10000000;2000;EXCHANGE_LAST;;2;2;XEUR;72058238283093285;150;
02.05.2025;10:41:03.399;BAS SI 20251219 PS AM P 44.00 0;SIMPLE_INSTRUMENT;BLOCK;EUR;8;4.65000000;2000;PRC_DECOMP_EXCHANGE;;;;XEUR;5951457;150;EXCHANGE
02.05.2025;10:41:03.399;BAS SI 20251219 PS AM C 44.00 0;SIMPLE_INSTRUMENT;BLOCK;EUR;8;3.45000000;2000;PRC_DECOMP_EXCHANGE;;;;XEUR;5951456;150;EXCHANGE
02.05.2025;12:01:11.997;BAS SI 20261218 PS AM P 40.00 0;SIMPLE_INSTRUMENT;BLOCK;EUR;17;4.80000000;1500;EXCHANGE_LAST;;2;1;XEUR;7467515;150;
02.05.2025;10:43:12.677;BASG SI 20250620 CS;SIMPLE_INSTRUMENT;BLOCK;EUR;42;42.05000000;2500;EXCHANGE_LAST;;1;1;XEUR;11169531;171;
02.05.2025;13:28:15.789;BASG SI 20250620 CS;SIMPLE_INSTRUMENT;BLOCK;EUR;70;42.04000000;1300;EXCHANGE_LAST;;1;1;XEUR;11169531;171;
02.05.2025;08:02:39.833;BAY SI 20251219 PS AM C 26.00 0;SIMPLE_INSTRUMENT;BLOCK;EUR;3;2.48000000;6500;EXCHANGE_LAST;;1;4;XEUR;11594950;168;
02.05.2025;11:14:04.277;BAY SI 20260619 PS AM P 24.00 0;SIMPLE_INSTRUMENT;BLOCK;EUR;9;3.83000000;1000;EXCHANGE_LAST;;1;1;XEUR;9539699;168;
02.05.2025;11:18:41.723;BAY SI 20251219 PS AM C 29.00 0;SIMPLE_INSTRUMENT;BLOCK;EUR;10;1.87000000;2000;EXCHANGE_LAST;;1;1;XEUR;12164775;168;
02.05.2025;11:51:28.214;BAY.O.250502.BU23.000049;STANDARD_OPTION_STRATEGY;BLOCK;EUR;14;-0.38000000;2000;EXCHANGE_LAST;;1;2;XEUR;72058315592510148;168;
02.05.2025;11:51:28.214;BAY SI 20250620 PS AM C 27.00 0;SIMPLE_INSTRUMENT;BLOCK;EUR;14;0.84000000;6000;PRC_DECOMP_EXCHANGE;;;;XEUR;11992379;168;EXCHANGE
02.05.2025;11:51:28.214;BAY SI 20250620 PS AM C 25.00 0;SIMPLE_INSTRUMENT;BLOCK;EUR;14;1.45000000;4000;PRC_DECOMP_EXCHANGE;;;;XEUR;11992382;168;EXCHANGE
02.05.2025;11:59:23.435;BAY SI 20250919 PS AM P 25.00 0;SIMPLE_INSTRUMENT;BLOCK;EUR;16;3.12000000;23000;EXCHANGE_LAST;;2;5;XEUR;11992372;168;
02.05.2025;12:17:21.215;BAY SI 20260320 PS AM P 22.00 0;SIMPLE_INSTRUMENT;BLOCK;EUR;20;2.61000000;1000;EXCHANGE_LAST;;1;1;XEUR;12997325;168;
02.05.2025;12:46:35.261;BAY.O.250502.BLT.000050;STANDARD_OPTION_STRATEGY;BLOCK;EUR;24;1.00000000;17000;EXCHANGE_LAST;;2;3;XEUR;72058315592510149;168;
02.05.2025;12:46:35.261;BAY SI 20250919 PS AM C 27.00 0;SIMPLE_INSTRUMENT;BLOCK;EUR;24;1.83000000;17000;PRC_DECOMP_EXCHANGE;;;;XEUR;11992373;168;EXCHANGE
02.05.2025;12:46:35.261;BAY SI 20250620 PS AM C 27.00 0;SIMPLE_INSTRUMENT;BLOCK;EUR;24;0.83000000;17000;PRC_DECOMP_EXCHANGE;;;;XEUR;11992379;168;EXCHANGE
02.05.2025;12:39:54.228;BAY SI 20251219 PS AM C 32.00 0;SIMPLE_INSTRUMENT;BLOCK;EUR;25;1.22000000;20000;EXCHANGE_LAST;;4;2;XEUR;6068399;168;
02.05.2025;13:02:29.816;BAY SI 20250919 PS AM P 25.00 0;SIMPLE_INSTRUMENT;BLOCK;EUR;27;3.12000000;7000;EXCHANGE_LAST;;1;2;XEUR;11992372;168;
02.05.2025;13:17:28.659;BAY SI 20250919 PS AM P 25.00 0;SIMPLE_INSTRUMENT;BLOCK;EUR;29;3.12000000;2000;EXCHANGE_LAST;;1;1;XEUR;11992372;168;
02.05.2025;13:20:35.421;BAY.O.250502.BER.000021;STANDARD_OPTION_STRATEGY;BLOCK;EUR;31;1.48000000;2000;EXCHANGE_LAST;;1;1;XEUR;72058315592510120;168;
02.05.2025;13:20:35.421;BAY SI 20250919 PS AM P 24.00 0;SIMPLE_INSTRUMENT;BLOCK;EUR;31;2.47000000;2000;PRC_DECOMP_EXCHANGE;;;;XEUR;11873099;168;EXCHANGE
02.05.2025;13:20:35.421;BAY SI 20250919 PS AM P 20.00 0;SIMPLE_INSTRUMENT;BLOCK;EUR;31;0.99000000;2000;PRC_DECOMP_EXCHANGE;;;;XEUR;11873110;168;EXCHANGE
02.05.2025;14:09:31.519;BAY SI 20250516 PS AM P 24.00 0;SIMPLE_INSTRUMENT;BLOCK;EUR;32;0.85000000;2000;EXCHANGE_LAST;;1;1;XEUR;12814233;168;
02.05.2025;14:35:25.563;BAY.O.250502.BUL.000019;STANDARD_OPTION_STRATEGY;BLOCK;EUR;34;1.21000000;3000;EXCHANGE_LAST;;2;1;XEUR;72058315592510118;168;
02.05.2025;14:35:25.563;BAY SI 20251219 PS AM C 26.00 0;SIMPLE_INSTRUMENT;BLOCK;EUR;34;2.82000000;3000;PRC_DECOMP_EXCHANGE;;;;XEUR;11594950;168;EXCHANGE
02.05.2025;14:35:25.563;BAY SI 20251219 PS AM C 30.00 0;SIMPLE_INSTRUMENT;BLOCK;EUR;34;1.61000000;3000;PRC_DECOMP_EXCHANGE;;;;XEUR;10804252;168;EXCHANGE
02.05.2025;14:26:53.474;BAY SI 20251219 PS AM C 27.00 0;SIMPLE_INSTRUMENT;BLOCK;EUR;35;2.50000000;2000;EXCHANGE_LAST;;1;1;XEUR;12224661;168;
02.05.2025;15:33:31.658;BAY SI 20250516 PS AM C 25.00 0;SIMPLE_INSTRUMENT;BLOCK;EUR;37;0.63000000;3500;EXCHANGE_LAST;;2;1;XEUR;12814245;168;
02.05.2025;09:09:53.285;BMW SI 20250620 PS AM C 80.00 0;SIMPLE_INSTRUMENT;BLOCK;EUR;7;0.90000000;2500;EXCHANGE_LAST;;1;1;XEUR;11332529;210;
02.05.2025;09:52:01.912;BMW SI 20250620 PS AM C 84.00 0;SIMPLE_INSTRUMENT;BLOCK;EUR;9;0.38000000;2000;EXCHANGE_LAST;;1;1;XEUR;7899911;210;
02.05.2025;08:13:46.897;BNP SI 20260619 PS AM P 64.00 0;SIMPLE_INSTRUMENT;BLOCK;EUR;10;5.74000000;3500;EXCHANGE_LAST;;1;1;XEUR;9541709;237;
02.05.2025;08:13:56.781;BNP SI 20260619 PS AM P 52.00 0;SIMPLE_INSTRUMENT;BLOCK;EUR;11;2.40000000;4000;EXCHANGE_LAST;;1;1;XEUR;9541690;237;
02.05.2025;15:05:15.958;BPV FI 20251002 PS AM P 8.0000 0;FLEXIBLE_INSTRUMENT;BLOCK;EUR;22;0.40000000;2000;EXCHANGE_LAST;;1;1;XEUR;1152922582643638293;251;
02.05.2025;15:04:53.743;BPV FI 20251002 PS AM C 9.5000 0;FLEXIBLE_INSTRUMENT;BLOCK;EUR;23;0.85000000;2000;EXCHANGE_LAST;;1;1;XEUR;1152922582643638294;251;
02.05.2025;14:54:03.464;BPV FI 20251002 PS AM P 8.0000 0;FLEXIBLE_INSTRUMENT;BLOCK;EUR;26;0.40000000;5000;EXCHANGE_LAST;;1;1;XEUR;1152922582643638293;251;
02.05.2025;14:54:10.710;BPV FI 20251002 PS AM C 9.5000 0;FLEXIBLE_INSTRUMENT;BLOCK;EUR;27;0.85000000;5000;EXCHANGE_LAST;;1;1;XEUR;1152922582643638294;251;
02.05.2025;13:35:00.689;BRNT SI 20250620 PS EU C 56.00 0;SIMPLE_INSTRUMENT;BLOCK;USD;1;0.36000000;32048;EXCHANGE_LAST;;1;1;XEUR;7474227;367244;
02.05.2025;14:45:26.996;BSD2 SI 20251219 PS AM P 5.50 0;SIMPLE_INSTRUMENT;BLOCK;EUR;21;0.32000000;2400;EXCHANGE_LAST;;1;1;XEUR;11353278;245;
02.05.2025;09:46:41.101;BSNH SI 20250620 CS;SIMPLE_INSTRUMENT;BLOCK;EUR;11;74.50000000;1250;EXCHANGE_LAST;;1;1;XEUR;11171247;274;
02.05.2025;11:02:51.289;C2BK SI 20250620 CS;SIMPLE_INSTRUMENT;BLOCK;EUR;50;0.65000000;7240;EXCHANGE_LAST;;1;1;XEUR;12178564;949832;
02.05.2025;08:40:05.409;CBK SI 20250620 PS AM C 25.00 0;SIMPLE_INSTRUMENT;BLOCK;EUR;7;0.75000000;5000;EXCHANGE_LAST;;1;1;XEUR;12999583;268;
02.05.2025;11:02:24.132;CBKH SI 20250620 CS;SIMPLE_INSTRUMENT;BLOCK;EUR;49;23.06000000;80000;EXCHANGE_LAST;;1;1;XEUR;11192082;10390;
02.05.2025;13:18:37.474;CBKH SI 20250620 CS;SIMPLE_INSTRUMENT;BLOCK;EUR;68;23.12000000;1050;EXCHANGE_LAST;;1;1;XEUR;11192082;10390;
02.05.2025;09:20:27.375;CFR FI 20250528 CS EU C 154.0000 0;FLEXIBLE_INSTRUMENT;BLOCK;CHF;23;2.86000000;470;EXCHANGE_LAST;;1;1;XEUR;1152922848931627668;313;
02.05.2025;14:13:30.625;CFR SI 20260320 PS AM P 120.00 0;SIMPLE_INSTRUMENT;BLOCK;CHF;51;7.06000000;400;EXCHANGE_LAST;;1;1;XEUR;13000390;313;
02.05.2025;14:45:09.415;CFR SI 20250516 PS AM C 160.00 0;SIMPLE_INSTRUMENT;BLOCK;CHF;55;1.17000000;500;EXCHANGE_LAST;;1;1;XEUR;12816373;313;
02.05.2025;15:29:23.534;CRI5 SI 20260618 PS AM P 28.00 0;SIMPLE_INSTRUMENT;BLOCK;EUR;32;0.97000000;1500;EXCHANGE_LAST;;1;1;XEUR;9530979;320;
02.05.2025;09:48:03.689;D2PW SI 20250620 CS;SIMPLE_INSTRUMENT;BLOCK;EUR;13;1.85000000;340;EXCHANGE_LAST;;1;1;XEUR;10862485;9702;
02.05.2025;12:33:49.717;D3AI SI 20261218 CS;SIMPLE_INSTRUMENT;BLOCK;EUR;62;2.46000000;500;EXCHANGE_LAST;;1;3;XEUR;7144051;443197;
02.05.2025;14:32:35.237;D3AI SI 20271217 CS;SIMPLE_INSTRUMENT;BLOCK;EUR;83;2.60000000;50;EXCHANGE_LAST;;1;1;XEUR;7144067;443197;
02.05.2025;14:45:13.056;D3AI SI 20271217 CS;SIMPLE_INSTRUMENT;BLOCK;EUR;86;2.60000000;50;EXCHANGE_LAST;;1;1;XEUR;7144067;443197;
02.05.2025;07:41:18.484;DAI.O.250502.CDIA.000003;STANDARD_OPTION_STRATEGY;BLOCK;EUR;2;-0.40000000;1500;EXCHANGE_LAST;;1;1;XEUR;73961106363665377;443196;
02.05.2025;07:41:18.484;DAI SI 20250516 PS AM C 52.00 0;SIMPLE_INSTRUMENT;BLOCK;EUR;2;1.15000000;1500;PRC_DECOMP_MEMBER;;;;XEUR;12852507;443196;MEMBER
02.05.2025;07:41:18.484;DAI SI 20250718 PS AM C 55.00 0;SIMPLE_INSTRUMENT;BLOCK;EUR;2;0.75000000;1500;PRC_DECOMP_MEMBER;;;;XEUR;13276268;443196;MEMBER
02.05.2025;08:56:57.993;DAI SI 20250516 PS AM C 52.00 0;SIMPLE_INSTRUMENT;BLOCK;EUR;4;1.16000000;1500;EXCHANGE_LAST;;1;1;XEUR;12852507;443196;
02.05.2025;10:28:57.463;DAI SI 20261218 PS AM C 56.00 0;SIMPLE_INSTRUMENT;BLOCK;EUR;10;3.78000000;2000;EXCHANGE_LAST;;1;1;XEUR;7362235;443196;
02.05.2025;11:51:47.367;DAI.O.250502.STG.000009;STANDARD_OPTION_STRATEGY;BLOCK;EUR;18;14.20000000;800;EXCHANGE_LAST;;1;1;XEUR;73961106363665383;443196;
02.05.2025;11:51:47.367;DAI SI 20271217 PS AM P 50.00 0;SIMPLE_INSTRUMENT;BLOCK;EUR;18;9.38000000;800;PRC_DECOMP_MEMBER;;;;XEUR;9789395;443196;MEMBER
02.05.2025;11:51:47.367;DAI SI 20271217 PS AM C 56.00 0;SIMPLE_INSTRUMENT;BLOCK;EUR;18;4.82000000;800;PRC_DECOMP_MEMBER;;;;XEUR;9836500;443196;MEMBER
02.05.2025;09:36:34.869;DPW SI 20251219 PS AM C 40.00 0;SIMPLE_INSTRUMENT;BLOCK;EUR;5;1.78000000;2076;EXCHANGE_LAST;;1;1;XEUR;5926789;445;
02.05.2025;09:47:53.007;DPWF SI 20250620 CS;SIMPLE_INSTRUMENT;BLOCK;EUR;12;36.35000000;4200;EXCHANGE_LAST;;1;1;XEUR;11173216;444;
02.05.2025;10:43:45.928;DPWF SI 20250620 CS;SIMPLE_INSTRUMENT;BLOCK;EUR;34;37.00000000;2500;EXCHANGE_LAST;;1;1;XEUR;11173216;444;
02.05.2025;13:39:03.712;DPWF SI 20250620 CS;SIMPLE_INSTRUMENT;BLOCK;EUR;69;37.00000000;1000;EXCHANGE_LAST;;1;1;XEUR;11173216;444;
02.05.2025;10:22:33.623;DTE SI 20251219 PS AM C 34.00 0;SIMPLE_INSTRUMENT;BLOCK;EUR;10;1.65000000;16500;EXCHANGE_LAST;;2;3;XEUR;12409336;424;
02.05.2025;10:51:37.728;DTG SI 20250516 PS AM P 33.00 0;SIMPLE_INSTRUMENT;BLOCK;EUR;12;0.60000000;1822;EXCHANGE_LAST;;1;1;XEUR;12852614;455942;
02.05.2025;13:30:15.092;DUFN SI 20250620 PS AM C 38.00 0;SIMPLE_INSTRUMENT;ENLIGHT;CHF;45;2.16000000;350;EXCHANGE_LAST;;1;1;XEUR;11356328;418;
02.05.2025;14:39:13.566;DVC SI 20250619 PS AM C 6.40 0;SIMPLE_INSTRUMENT;BLOCK;EUR;18;0.20000000;4000;EXCHANGE_LAST;;1;1;XEUR;9531095;420;
02.05.2025;14:39:16.708;DVC SI 20250619 PS AM C 7.00 0;SIMPLE_INSTRUMENT;BLOCK;EUR;19;0.05000000;4000;EXCHANGE_LAST;;1;1;XEUR;12988150;420;
02.05.2025;10:08:31.608;E2NT SI 20271217 CS;SIMPLE_INSTRUMENT;BLOCK;EUR;17;0.86000000;1000;EXCHANGE_LAST;;3;1;XEUR;5914575;470;
02.05.2025;10:25:40.332;E2NT SI 20261218 CS;SIMPLE_INSTRUMENT;BLOCK;EUR;31;0.97000000;500;EXCHANGE_LAST;;1;1;XEUR;4632357;470;
02.05.2025;10:44:11.030;E2NT SI 20261218 CS;SIMPLE_INSTRUMENT;BLOCK;EUR;44;0.97000000;400;EXCHANGE_LAST;;1;1;XEUR;4632357;470;
02.05.2025;07:52:43.272;EAD SI 20250516 PS AM C 160.00 0;SIMPLE_INSTRUMENT;BLOCK;EUR;4;1.33000000;400;EXCHANGE_LAST;;1;1;XEUR;13241839;465;
02.05.2025;07:52:45.454;EAD SI 20250516 PS AM C 150.00 0;SIMPLE_INSTRUMENT;BLOCK;EUR;5;5.63000000;400;EXCHANGE_LAST;;1;1;XEUR;13241889;465;
02.05.2025;08:09:45.191;EAD SI 20250516 PS AM C 154.00 0;SIMPLE_INSTRUMENT;BLOCK;EUR;6;3.35000000;1294;EXCHANGE_LAST;;1;1;XEUR;13241869;465;
02.05.2025;08:10:03.527;EAD SI 20250516 PS AM C 160.00 0;SIMPLE_INSTRUMENT;BLOCK;EUR;7;1.13000000;534;EXCHANGE_LAST;;1;1;XEUR;13241839;465;
02.05.2025;08:10:04.484;EAD SI 20250516 PS AM C 160.00 0;SIMPLE_INSTRUMENT;BLOCK;EUR;8;1.15000000;436;EXCHANGE_LAST;;1;1;XEUR;13241839;465;
02.05.2025;10:11:51.361;EAD SI 20250620 PS AM C 150.00 0;SIMPLE_INSTRUMENT;BLOCK;EUR;18;9.62000000;2000;EXCHANGE_LAST;;1;1;XEUR;13242224;465;
02.05.2025;10:12:02.090;EAD SI 20250620 PS AM C 160.00 0;SIMPLE_INSTRUMENT;BLOCK;EUR;19;4.90000000;2000;EXCHANGE_LAST;;1;1;XEUR;13242220;465;
02.05.2025;10:12:12.872;EAD SI 20250620 PS AM C 148.88 1;SIMPLE_INSTRUMENT;BLOCK;EUR;20;10.30000000;2000;EXCHANGE_LAST;;1;1;XEUR;11358077;465;
02.05.2025;10:12:17.535;EAD SI 20250620 PS AM C 158.81 1;SIMPLE_INSTRUMENT;BLOCK;EUR;21;5.40000000;2000;EXCHANGE_LAST;;1;1;XEUR;11013882;465;
02.05.2025;11:07:15.119;EAD.O.250502.BUL.000017;STANDARD_OPTION_STRATEGY;BLOCK;EUR;25;5.05000000;2000;EXCHANGE_LAST;;3;1;XEUR;72059591197748012;465;
02.05.2025;11:07:15.119;EAD SI 20250620 PS AM C 160.00 0;SIMPLE_INSTRUMENT;BLOCK;EUR;25;4.86000000;2000;PRC_DECOMP_EXCHANGE;;;;XEUR;13242220;465;EXCHANGE
02.05.2025;11:07:15.119;EAD SI 20250620 PS AM C 150.00 0;SIMPLE_INSTRUMENT;BLOCK;EUR;25;9.91000000;2000;PRC_DECOMP_EXCHANGE;;;;XEUR;13242224;465;EXCHANGE
02.05.2025;11:07:27.634;EAD.O.250502.BUL.000014;STANDARD_OPTION_STRATEGY;BLOCK;EUR;26;5.25000000;2000;EXCHANGE_LAST;;3;1;XEUR;72059591197748009;465;
02.05.2025;11:07:27.634;EAD SI 20250620 PS AM C 158.81 1;SIMPLE_INSTRUMENT;BLOCK;EUR;26;5.37000000;2000;PRC_DECOMP_EXCHANGE;;;;XEUR;11013882;465;EXCHANGE
02.05.2025;11:07:27.634;EAD SI 20250620 PS AM C 148.88 1;SIMPLE_INSTRUMENT;BLOCK;EUR;26;10.62000000;2000;PRC_DECOMP_EXCHANGE;;;;XEUR;11358077;465;EXCHANGE
02.05.2025;11:08:16.386;EAD SI 20250516 PS AM C 150.00 0;SIMPLE_INSTRUMENT;BLOCK;EUR;27;6.69000000;453;EXCHANGE_LAST;;1;1;XEUR;13241889;465;
02.05.2025;11:08:16.991;EAD SI 20250516 PS AM C 160.00 0;SIMPLE_INSTRUMENT;BLOCK;EUR;28;1.79000000;453;EXCHANGE_LAST;;1;1;XEUR;13241839;465;
02.05.2025;11:26:24.390;EAD SI 20250620 PS AM C 168.74 1;SIMPLE_INSTRUMENT;BLOCK;EUR;29;2.10000000;750;EXCHANGE_LAST;;1;1;XEUR;11358073;465;
02.05.2025;11:26:39.361;EAD SI 20250620 PS AM P 140.00 0;SIMPLE_INSTRUMENT;BLOCK;EUR;30;2.32000000;750;EXCHANGE_LAST;;1;1;XEUR;13242227;465;
02.05.2025;11:26:49.889;EAD SI 20250620 PS AM P 120.00 0;SIMPLE_INSTRUMENT;BLOCK;EUR;31;0.50000000;750;EXCHANGE_LAST;;1;1;XEUR;13242235;465;
02.05.2025;14:58:12.981;EBS SI 20250516 PS AM C 59.00 0;SIMPLE_INSTRUMENT;BLOCK;EUR;7;1.75000000;200;EXCHANGE_LAST;;1;1;XEUR;13240696;456;
02.05.2025;11:30:28.757;ENL5.O.250502.STD.000002;STANDARD_OPTION_STRATEGY;BLOCK;EUR;10;0.43250000;1000;EXCHANGE_LAST;;1;1;XEUR;72059741521586636;500;
02.05.2025;11:30:28.757;ENL5 SI 20250619 PS AM P 7.60 0;SIMPLE_INSTRUMENT;BLOCK;EUR;10;0.19050000;1000;PRC_DECOMP_EXCHANGE;;;;XEUR;11337930;500;EXCHANGE
02.05.2025;11:30:28.757;ENL5 SI 20250619 PS AM C 7.60 0;SIMPLE_INSTRUMENT;BLOCK;EUR;10;0.24200000;1000;PRC_DECOMP_EXCHANGE;;;;XEUR;11337929;500;EXCHANGE
02.05.2025;13:15:28.459;ENL5.O.250502.STD.000002;STANDARD_OPTION_STRATEGY;BLOCK;EUR;12;0.43500000;1000;EXCHANGE_LAST;;1;1;XEUR;72059741521586636;500;
02.05.2025;13:15:28.459;ENL5 SI 20250619 PS AM P 7.60 0;SIMPLE_INSTRUMENT;BLOCK;EUR;12;0.18900000;1000;PRC_DECOMP_EXCHANGE;;;;XEUR;11337930;500;EXCHANGE
02.05.2025;13:15:28.459;ENL5 SI 20250619 PS AM C 7.60 0;SIMPLE_INSTRUMENT;BLOCK;EUR;12;0.24600000;1000;PRC_DECOMP_EXCHANGE;;;;XEUR;11337929;500;EXCHANGE
02.05.2025;14:52:21.358;ENL5 SI 20251218 PS AM P 4.80 0;SIMPLE_INSTRUMENT;BLOCK;EUR;25;0.03100000;1000;EXCHANGE_LAST;;1;1;XEUR;6774379;500;
02.05.2025;08:13:12.016;ENR.O.250502.BUL.000009;STANDARD_OPTION_STRATEGY;BLOCK;EUR;3;5.67000000;1000;EXCHANGE_LAST;;1;1;XEUR;73339770624818840;298530;
02.05.2025;08:13:12.016;ENR SI 20250516 PS AM C 56.00 0;SIMPLE_INSTRUMENT;BLOCK;EUR;3;14.85000000;1000;PRC_DECOMP_EXCHANGE;;;;XEUR;12848233;298530;EXCHANGE
02.05.2025;08:13:12.016;ENR SI 20250516 PS AM C 62.00 0;SIMPLE_INSTRUMENT;BLOCK;EUR;3;9.18000000;1000;PRC_DECOMP_EXCHANGE;;;;XEUR;12848174;298530;EXCHANGE
02.05.2025;09:01:52.861;ENR.O.250502.BRT.000011;STANDARD_OPTION_STRATEGY;BLOCK;EUR;4;1.48000000;1000;EXCHANGE_LAST;;1;1;XEUR;73339770624818842;298530;
02.05.2025;09:01:52.861;ENR SI 20250620 PS AM P 62.00 0;SIMPLE_INSTRUMENT;BLOCK;EUR;4;1.91000000;1000;PRC_DECOMP_EXCHANGE;;;;XEUR;13044601;298530;EXCHANGE
02.05.2025;09:01:52.861;ENR SI 20250516 PS AM P 62.00 0;SIMPLE_INSTRUMENT;BLOCK;EUR;4;0.43000000;1000;PRC_DECOMP_EXCHANGE;;;;XEUR;12848179;298530;EXCHANGE
02.05.2025;10:09:23.267;ENR SI 20250516 PS AM C 74.00 0;SIMPLE_INSTRUMENT;BLOCK;EUR;7;1.70000000;1180;EXCHANGE_LAST;;1;1;XEUR;12848149;298530;
02.05.2025;10:09:32.912;ENR SI 20250516 PS AM C 82.00 0;SIMPLE_INSTRUMENT;BLOCK;EUR;8;0.23000000;354;EXCHANGE_LAST;;1;1;XEUR;12984423;298530;
02.05.2025;10:09:35.053;ENR SI 20250516 PS AM C 82.00 0;SIMPLE_INSTRUMENT;BLOCK;EUR;9;0.22000000;826;EXCHANGE_LAST;;1;1;XEUR;12984423;298530;
02.05.2025;11:16:03.110;ENR SI 20250516 PS AM P 68.00 0;SIMPLE_INSTRUMENT;BLOCK;EUR;11;1.75000000;2000;EXCHANGE_LAST;;1;1;XEUR;12848124;298530;
02.05.2025;13:29:01.938;ENR SI 20250718 PS AM C 70.00 0;SIMPLE_INSTRUMENT;BLOCK;EUR;17;7.63000000;924;EXCHANGE_LAST;;1;1;XEUR;13272292;298530;
02.05.2025;13:29:01.948;ENR SI 20250718 PS AM C 70.00 0;SIMPLE_INSTRUMENT;BLOCK;EUR;18;7.64000000;415;EXCHANGE_LAST;;1;1;XEUR;13272292;298530;
02.05.2025;13:29:42.422;ENR SI 20250718 PS AM C 80.00 0;SIMPLE_INSTRUMENT;BLOCK;EUR;19;3.80000000;417;EXCHANGE_LAST;;1;1;XEUR;13272260;298530;
02.05.2025;13:29:42.450;ENR SI 20250718 PS AM C 80.00 0;SIMPLE_INSTRUMENT;BLOCK;EUR;20;3.78000000;613;EXCHANGE_LAST;;1;1;XEUR;13272260;298530;
02.05.2025;13:30:32.364;ENR SI 20250718 PS AM C 76.00 0;SIMPLE_INSTRUMENT;BLOCK;EUR;21;5.10000000;1260;EXCHANGE_LAST;;1;1;XEUR;13272274;298530;
02.05.2025;13:30:32.372;ENR SI 20250718 PS AM C 76.00 0;SIMPLE_INSTRUMENT;BLOCK;EUR;22;5.09000000;240;EXCHANGE_LAST;;1;1;XEUR;13272274;298530;
02.05.2025;15:05:53.144;ENR SI 20250620 PS AM C 74.00 0;SIMPLE_INSTRUMENT;BLOCK;EUR;24;4.30000000;6150;EXCHANGE_LAST;;1;1;XEUR;13044608;298530;
02.05.2025;15:05:53.145;ENR SI 20250620 PS AM C 74.00 0;SIMPLE_INSTRUMENT;BLOCK;EUR;25;4.29000000;1350;EXCHANGE_LAST;;1;1;XEUR;13044608;298530;
02.05.2025;15:06:09.627;ENR SI 20250620 PS AM C 86.00 0;SIMPLE_INSTRUMENT;BLOCK;EUR;26;1.17000000;2948;EXCHANGE_LAST;;1;1;XEUR;13335294;298530;
02.05.2025;15:06:09.647;ENR SI 20250620 PS AM C 86.00 0;SIMPLE_INSTRUMENT;BLOCK;EUR;27;1.16000000;1452;EXCHANGE_LAST;;1;1;XEUR;13335294;298530;
02.05.2025;15:06:31.730;ENR SI 20250620 PS AM C 88.00 0;SIMPLE_INSTRUMENT;BLOCK;EUR;28;0.96000000;1767;EXCHANGE_LAST;;1;1;XEUR;12573845;298530;
02.05.2025;15:06:31.751;ENR SI 20250620 PS AM C 88.00 0;SIMPLE_INSTRUMENT;BLOCK;EUR;29;0.89000000;1333;EXCHANGE_LAST;;1;1;XEUR;12573845;298530;
02.05.2025;15:06:52.166;ENR SI 20250620 PS AM C 78.00 0;SIMPLE_INSTRUMENT;BLOCK;EUR;30;2.86000000;4975;EXCHANGE_LAST;;1;1;XEUR;13044584;298530;
02.05.2025;15:06:52.186;ENR SI 20250620 PS AM C 78.00 0;SIMPLE_INSTRUMENT;BLOCK;EUR;31;2.83000000;2525;EXCHANGE_LAST;;1;1;XEUR;13044584;298530;
02.05.2025;15:06:55.669;ENR.O.250502.BER-C.000021;STANDARD_OPTION_STRATEGY;BLOCK;EUR;32;0.34000000;1670;EXCHANGE_LAST;;1;1;XEUR;73339770624818852;298530;
02.05.2025;15:06:55.669;ENR SI 20250620 PS AM P 68.00 0;SIMPLE_INSTRUMENT;BLOCK;EUR;32;3.36000000;1670;PRC_DECOMP_EXCHANGE;;;;XEUR;12229467;298530;EXCHANGE
02.05.2025;15:06:55.669;ENR SI 20250620 PS AM C 82.00 0;SIMPLE_INSTRUMENT;BLOCK;EUR;32;1.89000000;1670;PRC_DECOMP_EXCHANGE;;;;XEUR;13307683;298530;EXCHANGE
02.05.2025;15:06:55.669;ENR SI 20250620 PS AM P 60.00 0;SIMPLE_INSTRUMENT;BLOCK;EUR;32;1.13000000;1670;PRC_DECOMP_EXCHANGE;;;;XEUR;12193230;298530;EXCHANGE
02.05.2025;15:07:21.829;ENR SI 20250620 PS AM C 92.00 0;SIMPLE_INSTRUMENT;BLOCK;EUR;33;0.58000000;6937;EXCHANGE_LAST;;1;1;XEUR;12690378;298530;
02.05.2025;15:07:21.850;ENR SI 20250620 PS AM C 92.00 0;SIMPLE_INSTRUMENT;BLOCK;EUR;34;0.59000000;2438;EXCHANGE_LAST;;1;1;XEUR;12690378;298530;
02.05.2025;08:37:05.607;ENT5 SI 20250619 PS AM P 12.00 0;SIMPLE_INSTRUMENT;BLOCK;EUR;2;0.28000000;1500;EXCHANGE_LAST;;1;1;XEUR;7889861;497;
02.05.2025;14:28:12.891;ENT5 SI 20260319 PS AM P 12.00 0;SIMPLE_INSTRUMENT;BLOCK;EUR;15;0.89000000;6350;EXCHANGE_LAST;;3;1;XEUR;12988413;497;
02.05.2025;12:59:14.554;ESSG SI 20250516 CS;SIMPLE_INSTRUMENT;BLOCK;EUR;67;56.47190000;105;EXCHANGE_LAST;;1;1;XEUR;11065661;324377;
02.05.2025;07:32:41.876;FBTP SI 20250606 PS;SIMPLE_INSTRUMENT;BLOCK;EUR;1;120.26000000;718;EXCHANGE_LAST;;1;1;XEUR;11820365;636;
02.05.2025;07:55:10.805;FBTP SI 20250606 PS;SIMPLE_INSTRUMENT;EFP_FIN;EUR;2;120.22000000;824;EXCHANGE_LAST;;1;1;XEUR;11820365;636;
02.05.2025;08:02:07.079;FBTP SI 20250606 PS;SIMPLE_INSTRUMENT;EFP_FIN;EUR;3;120.20000000;354;EXCHANGE_LAST;;1;1;XEUR;11820365;636;
02.05.2025;08:03:59.783;FBTP SI 20250606 PS;SIMPLE_INSTRUMENT;EFP_FIN;EUR;4;120.22000000;111;EXCHANGE_LAST;;1;1;XEUR;11820365;636;
02.05.2025;08:54:47.138;FBTP SI 20250606 PS;SIMPLE_INSTRUMENT;BLOCK;EUR;5;120.30000000;315;EXCHANGE_LAST;;1;1;XEUR;11820365;636;
02.05.2025;10:02:38.317;FBTP SI 20250606 PS;SIMPLE_INSTRUMENT;EFP_FIN;EUR;6;120.32000000;109;EXCHANGE_LAST;;1;1;XEUR;11820365;636;
02.05.2025;10:10:25.828;FBTP SI 20250606 PS;SIMPLE_INSTRUMENT;EFP_FIN;EUR;7;120.24000000;220;EXCHANGE_LAST;;1;1;XEUR;11820365;636;
02.05.2025;10:17:34.066;FBTP SI 20250606 PS;SIMPLE_INSTRUMENT;EFP_FIN;EUR;8;120.32000000;176;EXCHANGE_LAST;;1;1;XEUR;11820365;636;
02.05.2025;11:13:53.164;FBTP SI 20250606 PS;SIMPLE_INSTRUMENT;BLOCK;EUR;9;120.22000000;699;EXCHANGE_LAST;;1;1;XEUR;11820365;636;
02.05.2025;12:31:50.451;FBTP SI 20250606 PS;SIMPLE_INSTRUMENT;EFP_FIN;EUR;10;120.21000000;676;EXCHANGE_LAST;;1;1;XEUR;11820365;636;
02.05.2025;12:44:15.012;FBTP SI 20250606 PS;SIMPLE_INSTRUMENT;EFS;EUR;11;120.18000000;1156;EXCHANGE_LAST;;1;1;XEUR;11820365;636;
02.05.2025;13:19:45.859;FBTP SI 20250606 PS;SIMPLE_INSTRUMENT;EFP_FIN;EUR;12;120.23000000;419;EXCHANGE_LAST;;1;1;XEUR;11820365;636;
02.05.2025;13:35:45.592;FBTP SI 20250606 PS;SIMPLE_INSTRUMENT;EFP_FIN;EUR;13;120.18000000;572;EXCHANGE_LAST;;1;1;XEUR;11820365;636;
02.05.2025;13:49:24.468;FBTP SI 20250606 PS;SIMPLE_INSTRUMENT;BLOCK;EUR;14;120.21000000;457;EXCHANGE_LAST;;1;1;XEUR;11820365;636;
02.05.2025;14:10:16.138;FBTP SI 20250606 PS;SIMPLE_INSTRUMENT;EFP_FIN;EUR;15;120.24000000;208;EXCHANGE_LAST;;1;1;XEUR;11820365;636;
02.05.2025;14:20:02.370;FBTP SI 20250606 PS;SIMPLE_INSTRUMENT;EFP_FIN;EUR;17;120.16000000;354;EXCHANGE_LAST;;1;1;XEUR;11820365;636;
02.05.2025;14:18:45.280;FBTP SI 20250606 PS;SIMPLE_INSTRUMENT;EFP_FIN;EUR;18;120.16000000;442;EXCHANGE_LAST;;1;1;XEUR;11820365;636;
02.05.2025;14:27:57.785;FBTP SI 20250606 PS;SIMPLE_INSTRUMENT;EFP_FIN;EUR;19;120.05000000;208;EXCHANGE_LAST;;1;1;XEUR;11820365;636;
02.05.2025;14:29:08.455;FBTP SI 20250606 PS;SIMPLE_INSTRUMENT;EFP_FIN;EUR;20;120.04000000;884;EXCHANGE_LAST;;1;1;XEUR;11820365;636;
02.05.2025;14:46:22.444;FBTP SI 20250606 PS;SIMPLE_INSTRUMENT;EFP_FIN;EUR;21;120.00000000;470;EXCHANGE_LAST;;1;1;XEUR;11820365;636;
02.05.2025;14:50:29.764;FBTP SI 20250606 PS;SIMPLE_INSTRUMENT;BLOCK;EUR;22;120.04000000;473;EXCHANGE_LAST;;1;1;XEUR;11820365;636;
02.05.2025;14:50:57.082;FBTP SI 20250606 PS;SIMPLE_INSTRUMENT;EFP_FIN;EUR;23;119.99000000;621;EXCHANGE_LAST;;1;1;XEUR;11820365;636;
02.05.2025;14:55:32.755;FBTP SI 20250606 PS;SIMPLE_INSTRUMENT;EFP_FIN;EUR;24;120.04000000;177;EXCHANGE_LAST;;1;1;XEUR;11820365;636;
02.05.2025;15:09:59.840;FBTP SI 20250606 PS;SIMPLE_INSTRUMENT;EFP_FIN;EUR;25;119.95000000;884;EXCHANGE_LAST;;1;1;XEUR;11820365;636;
02.05.2025;15:14:21.574;FBTP SI 20250606 PS;SIMPLE_INSTRUMENT;EFP_FIN;EUR;26;120.00000000;265;EXCHANGE_LAST;;1;1;XEUR;11820365;636;
02.05.2025;08:38:07.476;FBTS SI 20250606 PS;SIMPLE_INSTRUMENT;EFP_FIN;EUR;2;108.16000000;571;EXCHANGE_LAST;;1;1;XEUR;11820367;639;
02.05.2025;10:09:26.704;FBTS SI 20250606 PS;SIMPLE_INSTRUMENT;EFP_FIN;EUR;3;108.16000000;444;EXCHANGE_LAST;;1;1;XEUR;11820367;639;
02.05.2025;10:09:37.676;FBTS SI 20250606 PS;SIMPLE_INSTRUMENT;EFP_FIN;EUR;4;108.16000000;103;EXCHANGE_LAST;;1;1;XEUR;11820367;639;
02.05.2025;10:13:21.175;FBTS SI 20250606 PS;SIMPLE_INSTRUMENT;EFP_FIN;EUR;5;108.17000000;669;EXCHANGE_LAST;;1;1;XEUR;11820367;639;
02.05.2025;13:05:24.546;FBTS SI 20250606 PS;SIMPLE_INSTRUMENT;EFP_FIN;EUR;12;108.15000000;6627;EXCHANGE_LAST;;1;1;XEUR;11820367;639;
02.05.2025;13:46:54.698;FBTS SI 20250606 PS;SIMPLE_INSTRUMENT;EFP_FIN;EUR;14;108.13000000;1046;EXCHANGE_LAST;;1;1;XEUR;11820367;639;
02.05.2025;14:10:04.548;FBTS SI 20250606 PS;SIMPLE_INSTRUMENT;BLOCK;EUR;16;108.12000000;389;EXCHANGE_LAST;;1;1;XEUR;11820367;639;
02.05.2025;14:55:33.260;FBTS SI 20250606 PS;SIMPLE_INSTRUMENT;EFP_FIN;EUR;18;108.09000000;238;EXCHANGE_LAST;;1;1;XEUR;11820367;639;
02.05.2025;15:19:48.927;FBTS SI 20250606 PS;SIMPLE_INSTRUMENT;EFP_FIN;EUR;21;108.09000000;350;EXCHANGE_LAST;;1;1;XEUR;11820367;639;
02.05.2025;15:33:29.919;FBTS SI 20250606 PS;SIMPLE_INSTRUMENT;EFP_FIN;EUR;22;108.08000000;467;EXCHANGE_LAST;;1;1;XEUR;11820367;639;
02.05.2025;14:25:07.825;FD3D SI 20251219 CS;SIMPLE_INSTRUMENT;BLOCK;EUR;25;114.20000000;300;EXCHANGE_LAST;;1;1;XEUR;5914068;588;
02.05.2025;10:19:55.725;FDAX SI 20250620 CS;SIMPLE_INSTRUMENT;BLOCK;EUR;1;23010.00000000;350;EXCHANGE_LAST;;1;1;XEUR;7903800;589;
02.05.2025;15:49:08.466;FDAX SI 20250620 CS;SIMPLE_INSTRUMENT;EFP_IDX;EUR;2;23221.00000000;90;EXCHANGE_LAST;;1;1;XEUR;7903800;589;
02.05.2025;15:49:22.588;FDAX SI 20250620 CS;SIMPLE_INSTRUMENT;EFP_IDX;EUR;3;23223.00000000;122;EXCHANGE_LAST;;1;1;XEUR;7903800;589;
02.05.2025;15:55:55.048;FDAX SI 20250620 CS;SIMPLE_INSTRUMENT;EFP_IDX;EUR;4;23220.00000000;9;EXCHANGE_LAST;;1;1;XEUR;7903800;589;
02.05.2025;15:55:42.363;FDAX SI 20250620 CS;SIMPLE_INSTRUMENT;EFP_IDX;EUR;5;23221.00000000;16;EXCHANGE_LAST;;1;1;XEUR;7903800;589;
02.05.2025;16:00:43.088;FDAX SI 20250620 CS;SIMPLE_INSTRUMENT;EFP_IDX;EUR;6;23220.00000000;14;EXCHANGE_LAST;;1;1;XEUR;7903800;589;
02.05.2025;16:00:53.648;FDAX SI 20250620 CS;SIMPLE_INSTRUMENT;EFP_IDX;EUR;7;23221.00000000;26;EXCHANGE_LAST;;1;1;XEUR;7903800;589;
02.05.2025;16:01:03.681;FDAX SI 20250620 CS;SIMPLE_INSTRUMENT;EFP_IDX;EUR;8;23220.00000000;14;EXCHANGE_LAST;;1;1;XEUR;7903800;589;
02.05.2025;16:01:15.159;FDAX SI 20250620 CS;SIMPLE_INSTRUMENT;EFP_IDX;EUR;9;23221.00000000;26;EXCHANGE_LAST;;1;1;XEUR;7903800;589;
02.05.2025;16:01:22.781;FDAX SI 20250620 CS;SIMPLE_INSTRUMENT;EFP_IDX;EUR;10;23220.00000000;18;EXCHANGE_LAST;;1;1;XEUR;7903800;589;
02.05.2025;16:01:30.975;FDAX SI 20250620 CS;SIMPLE_INSTRUMENT;EFP_IDX;EUR;11;23221.00000000;32;EXCHANGE_LAST;;1;1;XEUR;7903800;589;
02.05.2025;16:01:41.803;FDAX SI 20250620 CS;SIMPLE_INSTRUMENT;EFP_IDX;EUR;12;23220.00000000;24;EXCHANGE_LAST;;1;1;XEUR;7903800;589;
02.05.2025;16:01:49.345;FDAX SI 20250620 CS;SIMPLE_INSTRUMENT;EFP_IDX;EUR;13;23221.00000000;46;EXCHANGE_LAST;;1;1;XEUR;7903800;589;
02.05.2025;16:14:07.942;FDAX SI 20250620 CS;SIMPLE_INSTRUMENT;EFP_IDX;EUR;14;23255.00000000;200;EXCHANGE_LAST;;1;1;XEUR;7903800;589;
02.05.2025;09:48:10.721;FDAX SI 20250620 CS;SIMPLE_INSTRUMENT;VOLA;EUR;671088653;22971.00000000;30;EXCHANGE_LAST;;1;1;XEUR;7903800;589;
02.05.2025;10:40:41.720;FDAX SI 20250620 CS;SIMPLE_INSTRUMENT;VOLA;EUR;671088656;23000.00000000;16;EXCHANGE_LAST;;1;1;XEUR;7903800;589;
02.05.2025;11:34:06.682;FDAX SI 20250620 CS;SIMPLE_INSTRUMENT;VOLA;EUR;671088670;23025.00000000;41;EXCHANGE_LAST;;1;1;XEUR;7903800;589;
02.05.2025;15:06:10.329;FDAX SI 20250620 CS;SIMPLE_INSTRUMENT;VOLA;EUR;671088685;23195.00000000;89;EXCHANGE_LAST;;1;1;XEUR;7903800;589;
02.05.2025;08:04:41.813;FEBD SI 20261218 CS;SIMPLE_INSTRUMENT;BLOCK;EUR;3;10.42000000;700;EXCHANGE_LAST;;1;1;XEUR;7158212;597;
02.05.2025;09:12:03.874;FEBD SI 20261218 CS;SIMPLE_INSTRUMENT;BLOCK;EUR;9;10.41000000;250;EXCHANGE_LAST;;1;1;XEUR;7158212;597;
02.05.2025;10:37:21.001;FEBD SI 20271217 CS;SIMPLE_INSTRUMENT;BLOCK;EUR;11;9.58000000;900;EXCHANGE_LAST;;1;1;XEUR;7776307;597;
02.05.2025;10:30:32.872;FEBD SI 20261218 CS;SIMPLE_INSTRUMENT;BLOCK;EUR;12;10.40000000;800;EXCHANGE_LAST;;2;1;XEUR;7158212;597;
02.05.2025;15:32:54.601;FEBD SI 20271217 CS;SIMPLE_INSTRUMENT;BLOCK;EUR;31;9.60000000;500;EXCHANGE_LAST;;1;1;XEUR;7776307;597;
02.05.2025;09:52:30.336;FESB SI 20250620 CS;SIMPLE_INSTRUMENT;BLOCK;EUR;53;185.40000000;1740;EXCHANGE_LAST;;1;1;XEUR;11880665;605;
02.05.2025;10:05:35.310;FESB SI 20250620 CS;SIMPLE_INSTRUMENT;BLOCK;EUR;55;185.00000000;2753;EXCHANGE_LAST;;1;1;XEUR;11880665;605;
02.05.2025;15:52:44.032;FESB SI 20250620 CS;SIMPLE_INSTRUMENT;EFP_IDX;EUR;68;186.35000000;105;EXCHANGE_LAST;;1;1;XEUR;11880665;605;
02.05.2025;15:52:51.609;FESB SI 20250620 CS;SIMPLE_INSTRUMENT;EFP_IDX;EUR;69;186.30000000;25;EXCHANGE_LAST;;1;1;XEUR;11880665;605;
02.05.2025;10:02:32.057;FESB SI 20250620 CS;SIMPLE_INSTRUMENT;VOLA;EUR;603979812;184.40000000;1020;EXCHANGE_LAST;;1;1;XEUR;11880665;605;
02.05.2025;10:02:37.021;FESB SI 20250620 CS;SIMPLE_INSTRUMENT;VOLA;EUR;603979813;184.45000000;2400;EXCHANGE_LAST;;1;1;XEUR;11880665;605;
02.05.2025;10:13:37.447;FESB SI 20250620 CS;SIMPLE_INSTRUMENT;VOLA;EUR;603979817;185.00000000;300;EXCHANGE_LAST;;1;1;XEUR;11880665;605;
02.05.2025;09:33:56.613;FESX SI 20250620 CS;SIMPLE_INSTRUMENT;BLOCK;EUR;1;5176.00000000;2590;EXCHANGE_LAST;;1;1;XEUR;7904020;675;
02.05.2025;10:04:04.382;FESX SI 20250620 CS;SIMPLE_INSTRUMENT;BLOCK;EUR;2;5175.00000000;2000;EXCHANGE_LAST;;1;1;XEUR;7904020;675;
02.05.2025;10:02:52.270;FESX SI 20250620 CS;SIMPLE_INSTRUMENT;BLOCK;EUR;3;5175.00000000;3000;EXCHANGE_LAST;;1;1;XEUR;7904020;675;
02.05.2025;10:35:53.005;FESX SI 20250620 CS;SIMPLE_INSTRUMENT;BLOCK;EUR;4;5190.00000000;3000;EXCHANGE_LAST;;1;1;XEUR;7904020;675;
02.05.2025;10:38:38.619;FESX SI 20250620 CS;SIMPLE_INSTRUMENT;BLOCK;EUR;5;5190.00000000;2000;EXCHANGE_LAST;;1;1;XEUR;7904020;675;
02.05.2025;15:41:21.869;FESX SI 20250620 CS;SIMPLE_INSTRUMENT;EFP_IDX;EUR;6;5238.00000000;784;EXCHANGE_LAST;;1;1;XEUR;7904020;675;
02.05.2025;15:41:46.167;FESX SI 20250620 CS;SIMPLE_INSTRUMENT;EFP_IDX;EUR;7;5239.00000000;616;EXCHANGE_LAST;;1;1;XEUR;7904020;675;
02.05.2025;15:43:30.185;FESX SI 20250620 CS;SIMPLE_INSTRUMENT;BLOCK;EUR;8;5236.00000000;6000;EXCHANGE_LAST;;1;1;XEUR;7904020;675;
02.05.2025;15:44:35.588;FESX SI 20250620 CS;SIMPLE_INSTRUMENT;EFP_IDX;EUR;9;5237.00000000;72;EXCHANGE_LAST;;1;1;XEUR;7904020;675;
02.05.2025;15:44:46.376;FESX SI 20250620 CS;SIMPLE_INSTRUMENT;EFP_IDX;EUR;10;5238.00000000;1128;EXCHANGE_LAST;;1;1;XEUR;7904020;675;
02.05.2025;15:45:33.704;FESX SI 20250620 CS;SIMPLE_INSTRUMENT;EFP_IDX;EUR;11;5237.00000000;403;EXCHANGE_LAST;;1;1;XEUR;7904020;675;
02.05.2025;15:45:41.352;FESX SI 20250620 CS;SIMPLE_INSTRUMENT;EFP_IDX;EUR;12;5239.00000000;458;EXCHANGE_LAST;;1;1;XEUR;7904020;675;
02.05.2025;15:46:35.357;FESX SI 20250620 CS;SIMPLE_INSTRUMENT;EFP_IDX;EUR;13;5238.00000000;2571;EXCHANGE_LAST;;1;1;XEUR;7904020;675;
02.05.2025;15:46:44.476;FESX SI 20250620 CS;SIMPLE_INSTRUMENT;EFP_IDX;EUR;14;5239.00000000;179;EXCHANGE_LAST;;1;1;XEUR;7904020;675;
02.05.2025;15:53:02.659;FESX SI 20250620 CS;SIMPLE_INSTRUMENT;EFP_IDX;EUR;15;5237.00000000;185;EXCHANGE_LAST;;1;1;XEUR;7904020;675;
02.05.2025;15:53:14.427;FESX SI 20250620 CS;SIMPLE_INSTRUMENT;EFP_IDX;EUR;16;5238.00000000;815;EXCHANGE_LAST;;1;1;XEUR;7904020;675;
02.05.2025;15:57:33.106;FESX SI 20250620 CS;SIMPLE_INSTRUMENT;EFP_IDX;EUR;17;5239.00000000;130;EXCHANGE_LAST;;1;1;XEUR;7904020;675;
02.05.2025;15:57:27.184;FESX SI 20250620 CS;SIMPLE_INSTRUMENT;EFP_IDX;EUR;18;5237.00000000;194;EXCHANGE_LAST;;1;1;XEUR;7904020;675;
02.05.2025;15:57:41.739;FESX SI 20250620 CS;SIMPLE_INSTRUMENT;EFP_IDX;EUR;19;5238.00000000;856;EXCHANGE_LAST;;1;1;XEUR;7904020;675;
02.05.2025;15:55:18.761;FESX SI 20250620 CS;SIMPLE_INSTRUMENT;EFP_IDX;EUR;20;5237.00000000;120;EXCHANGE_LAST;;1;1;XEUR;7904020;675;
02.05.2025;15:55:26.674;FESX SI 20250620 CS;SIMPLE_INSTRUMENT;EFP_IDX;EUR;21;5238.00000000;530;EXCHANGE_LAST;;1;1;XEUR;7904020;675;
02.05.2025;15:57:45.008;FESX SI 20250620 CS;SIMPLE_INSTRUMENT;EFP_IDX;EUR;22;5238.00000000;1870;EXCHANGE_LAST;;1;1;XEUR;7904020;675;
02.05.2025;15:57:06.729;FESX SI 20250620 CS;SIMPLE_INSTRUMENT;EFP_IDX;EUR;23;5237.00000000;74;EXCHANGE_LAST;;1;1;XEUR;7904020;675;
02.05.2025;15:57:15.189;FESX SI 20250620 CS;SIMPLE_INSTRUMENT;EFP_IDX;EUR;24;5238.00000000;326;EXCHANGE_LAST;;1;1;XEUR;7904020;675;
02.05.2025;15:57:33.663;FESX SI 20250620 CS;SIMPLE_INSTRUMENT;EFP_IDX;EUR;25;5238.00000000;815;EXCHANGE_LAST;;1;1;XEUR;7904020;675;
02.05.2025;15:57:50.453;FESX SI 20250620 CS;SIMPLE_INSTRUMENT;EFP_IDX;EUR;26;5237.00000000;185;EXCHANGE_LAST;;1;1;XEUR;7904020;675;
02.05.2025;15:54:49.567;FESX SI 20250620 CS;SIMPLE_INSTRUMENT;EFP_IDX;EUR;27;5238.00000000;978;EXCHANGE_LAST;;1;1;XEUR;7904020;675;
02.05.2025;15:55:03.268;FESX SI 20250620 CS;SIMPLE_INSTRUMENT;EFP_IDX;EUR;28;5237.00000000;222;EXCHANGE_LAST;;1;1;XEUR;7904020;675;
02.05.2025;15:58:02.759;FESX SI 20250620 CS;SIMPLE_INSTRUMENT;EFP_IDX;EUR;29;5239.00000000;45;EXCHANGE_LAST;;1;1;XEUR;7904020;675;
02.05.2025;15:58:10.845;FESX SI 20250620 CS;SIMPLE_INSTRUMENT;EFP_IDX;EUR;30;5238.00000000;655;EXCHANGE_LAST;;1;1;XEUR;7904020;675;
02.05.2025;15:59:00.488;FESX SI 20250620 CS;SIMPLE_INSTRUMENT;EFP_IDX;EUR;31;5237.00000000;157;EXCHANGE_LAST;;1;1;XEUR;7904020;675;
02.05.2025;15:59:32.966;FESX SI 20250620 CS;SIMPLE_INSTRUMENT;EFP_IDX;EUR;32;5238.00000000;693;EXCHANGE_LAST;;1;1;XEUR;7904020;675;
02.05.2025;16:02:02.395;FESX SI 20250620 CS;SIMPLE_INSTRUMENT;EFP_IDX;EUR;33;5239.00000000;65;EXCHANGE_LAST;;1;1;XEUR;7904020;675;
02.05.2025;16:02:12.320;FESX SI 20250620 CS;SIMPLE_INSTRUMENT;EFP_IDX;EUR;34;5238.00000000;935;EXCHANGE_LAST;;1;1;XEUR;7904020;675;
02.05.2025;16:03:37.889;FESX SI 20250620 CS;SIMPLE_INSTRUMENT;EFP_IDX;EUR;35;5238.00000000;1801;EXCHANGE_LAST;;1;1;XEUR;7904020;675;
02.05.2025;16:04:03.369;FESX SI 20250620 CS;SIMPLE_INSTRUMENT;EFP_IDX;EUR;36;5237.00000000;342;EXCHANGE_LAST;;1;1;XEUR;7904020;675;
02.05.2025;16:09:50.143;FESX SI 20250620 CS;SIMPLE_INSTRUMENT;EFP_IDX;EUR;37;5239.00000000;65;EXCHANGE_LAST;;1;1;XEUR;7904020;675;
02.05.2025;16:09:59.970;FESX SI 20250620 CS;SIMPLE_INSTRUMENT;EFP_IDX;EUR;38;5238.00000000;935;EXCHANGE_LAST;;1;1;XEUR;7904020;675;
02.05.2025;08:00:39.204;FESX SI 20250620 CS;SIMPLE_INSTRUMENT;VOLA;EUR;637534234;5180.00000000;480;EXCHANGE_LAST;;1;1;XEUR;7904020;675;
02.05.2025;08:23:28.502;FESX SI 20250620 CS;SIMPLE_INSTRUMENT;VOLA;EUR;637534243;5168.00000000;55;EXCHANGE_LAST;;1;1;XEUR;7904020;675;
02.05.2025;08:23:43.773;FESX SI 20250620 CS;SIMPLE_INSTRUMENT;VOLA;EUR;637534244;5170.00000000;795;EXCHANGE_LAST;;1;1;XEUR;7904020;675;
02.05.2025;08:38:31.350;FESX SI 20250620 CS;SIMPLE_INSTRUMENT;VOLA;EUR;637534254;5176.00000000;224;EXCHANGE_LAST;;1;1;XEUR;7904020;675;
02.05.2025;08:56:51.006;FESX SI 20250620 CS;SIMPLE_INSTRUMENT;VOLA;EUR;637534271;5179.00000000;718;EXCHANGE_LAST;;1;1;XEUR;7904020;675;
02.05.2025;10:00:38.624;FESX SI 20250620 CS;SIMPLE_INSTRUMENT;VOLA;EUR;637534305;5180.00000000;228;EXCHANGE_LAST;;1;1;XEUR;7904020;675;
02.05.2025;10:21:52.026;FESX SI 20250620 CS;SIMPLE_INSTRUMENT;VOLA;EUR;637534319;5180.00000000;1134;EXCHANGE_LAST;;1;1;XEUR;7904020;675;
02.05.2025;10:55:44.552;FESX SI 20250620 CS;SIMPLE_INSTRUMENT;VOLA;EUR;637534330;5175.00000000;150;EXCHANGE_LAST;;1;1;XEUR;7904020;675;
02.05.2025;11:35:41.009;FESX SI 20250620 CS;SIMPLE_INSTRUMENT;VOLA;EUR;637534337;5190.00000000;450;EXCHANGE_LAST;;1;1;XEUR;7904020;675;
02.05.2025;12:26:43.918;FESX SI 20250620 CS;SIMPLE_INSTRUMENT;VOLA;EUR;637534351;5185.00000000;600;EXCHANGE_LAST;;1;1;XEUR;7904020;675;
02.05.2025;12:58:45.183;FESX SI 20250620 CS;SIMPLE_INSTRUMENT;VOLA;EUR;637534357;5180.00000000;50;EXCHANGE_LAST;;1;1;XEUR;7904020;675;
02.05.2025;14:12:06.140;FESX SI 20250620 CS;SIMPLE_INSTRUMENT;VOLA;EUR;637534394;5220.00000000;60;EXCHANGE_LAST;;1;1;XEUR;7904020;675;
02.05.2025;14:23:53.942;FESX SI 20250620 CS;SIMPLE_INSTRUMENT;VOLA;EUR;637534402;5204.00000000;250;EXCHANGE_LAST;;1;1;XEUR;7904020;675;
02.05.2025;14:26:14.039;FESX SI 20250620 CS;SIMPLE_INSTRUMENT;VOLA;EUR;637534403;5206.00000000;2720;EXCHANGE_LAST;;1;1;XEUR;7904020;675;
02.05.2025;14:30:34.496;FESX SI 20250620 CS;SIMPLE_INSTRUMENT;VOLA;EUR;637534409;5220.00000000;440;EXCHANGE_LAST;;1;1;XEUR;7904020;675;
02.05.2025;14:50:02.519;FESX SI 20250620 CS;SIMPLE_INSTRUMENT;VOLA;EUR;637534416;5230.00000000;660;EXCHANGE_LAST;;1;1;XEUR;7904020;675;
02.05.2025;14:56:56.266;FESX SI 20250620 CS;SIMPLE_INSTRUMENT;VOLA;EUR;637534417;5190.00000000;150;EXCHANGE_LAST;;1;1;XEUR;7904020;675;
02.05.2025;14:53:38.942;FESX SI 20250620 CS;SIMPLE_INSTRUMENT;VOLA;EUR;637534422;5230.00000000;220;EXCHANGE_LAST;;1;1;XEUR;7904020;675;
02.05.2025;15:17:44.034;FESX SI 20250620 CS;SIMPLE_INSTRUMENT;VOLA;EUR;637534435;5235.00000000;80;EXCHANGE_LAST;;1;1;XEUR;7904020;675;
02.05.2025;15:28:26.964;FESX SI 20250620 CS;SIMPLE_INSTRUMENT;VOLA;EUR;637534449;5235.00000000;560;EXCHANGE_LAST;;1;1;XEUR;7904020;675;
02.05.2025;15:37:30.651;FESX SI 20250620 CS;SIMPLE_INSTRUMENT;VOLA;EUR;637534454;5235.00000000;345;EXCHANGE_LAST;;1;1;XEUR;7904020;675;
02.05.2025;08:15:21.119;FEXD SI 20261218 CS;SIMPLE_INSTRUMENT;BLOCK;EUR;4;153.00000000;250;EXCHANGE_LAST;;1;1;XEUR;2163053;693;
02.05.2025;08:31:49.449;FEXD SI 20271217 CS;SIMPLE_INSTRUMENT;BLOCK;EUR;5;147.70000000;300;EXCHANGE_LAST;;1;1;XEUR;2848338;693;
02.05.2025;08:31:52.067;FEXD SI 20271217 CS;SIMPLE_INSTRUMENT;BLOCK;EUR;6;147.80000000;300;EXCHANGE_LAST;;1;1;XEUR;2848338;693;
02.05.2025;10:53:29.394;FEXD SI 20261218 CS;SIMPLE_INSTRUMENT;BLOCK;EUR;13;153.30000000;500;EXCHANGE_LAST;;2;1;XEUR;2163053;693;
02.05.2025;11:31:14.792;FEXD SI 20261218 CS;SIMPLE_INSTRUMENT;BLOCK;EUR;15;153.50000000;200;EXCHANGE_LAST;;1;1;XEUR;2163053;693;
02.05.2025;11:31:17.552;FEXD SI 20271217 CS;SIMPLE_INSTRUMENT;BLOCK;EUR;16;148.30000000;200;EXCHANGE_LAST;;1;1;XEUR;2848338;693;
02.05.2025;12:16:52.656;FEXD SI 20271217 CS;SIMPLE_INSTRUMENT;BLOCK;EUR;19;148.00000000;300;EXCHANGE_LAST;;1;1;XEUR;2848338;693;
02.05.2025;14:26:09.974;FEXD.S.DEC26.DEC27.SPD;FUTURES_SPREAD;BLOCK;EUR;24;5.30000000;660;EXCHANGE_LAST;;1;1;XEUR;72060570450264153;693;
02.05.2025;14:26:09.974;FEXD SI 20261218 CS;SIMPLE_INSTRUMENT;BLOCK;EUR;24;154.00000000;660;PRC_DECOMP_EXCHANGE;;;;XEUR;2163053;693;EXCHANGE
02.05.2025;14:26:09.974;FEXD SI 20271217 CS;SIMPLE_INSTRUMENT;BLOCK;EUR;24;148.70000000;660;PRC_DECOMP_EXCHANGE;;;;XEUR;2848338;693;EXCHANGE
02.05.2025;14:32:11.770;FEXD.S.DEC26.DEC27.SPD;FUTURES_SPREAD;BLOCK;EUR;26;5.20000000;250;EXCHANGE_LAST;;1;1;XEUR;72060570450264153;693;
02.05.2025;14:32:11.770;FEXD SI 20271217 CS;SIMPLE_INSTRUMENT;BLOCK;EUR;26;148.70000000;250;PRC_DECOMP_MEMBER;;;;XEUR;2848338;693;MEMBER
02.05.2025;14:32:11.770;FEXD SI 20261218 CS;SIMPLE_INSTRUMENT;BLOCK;EUR;26;153.90000000;250;PRC_DECOMP_MEMBER;;;;XEUR;2163053;693;MEMBER
02.05.2025;14:32:48.867;FEXD SI 20271217 CS;SIMPLE_INSTRUMENT;BLOCK;EUR;27;149.00000000;600;EXCHANGE_LAST;;1;1;XEUR;2848338;693;
02.05.2025;14:32:52.300;FEXD SI 20261218 CS;SIMPLE_INSTRUMENT;BLOCK;EUR;28;154.20000000;600;EXCHANGE_LAST;;1;1;XEUR;2163053;693;
02.05.2025;15:17:31.073;FEXD SI 20250620 CS;SIMPLE_INSTRUMENT;BLOCK;EUR;29;129.70000000;1000;EXCHANGE_LAST;;1;1;XEUR;9548493;693;
02.05.2025;15:17:18.575;FEXD SI 20250620 CS;SIMPLE_INSTRUMENT;BLOCK;EUR;30;129.80000000;1000;EXCHANGE_LAST;;1;1;XEUR;9548493;693;
02.05.2025;06:41:12.638;FGBL SI 20250606 PS;SIMPLE_INSTRUMENT;EFS;EUR;1;131.41000000;244;EXCHANGE_LAST;;1;1;XEUR;11820389;688;
02.05.2025;06:44:43.281;FGBL SI 20250606 PS;SIMPLE_INSTRUMENT;EFS;EUR;2;131.40000000;976;EXCHANGE_LAST;;1;1;XEUR;11820389;688;
02.05.2025;06:45:41.967;FGBL SI 20250606 PS;SIMPLE_INSTRUMENT;EFS;EUR;3;131.44000000;258;EXCHANGE_LAST;;1;1;XEUR;11820389;688;
02.05.2025;06:56:20.775;FGBL SI 20250606 PS;SIMPLE_INSTRUMENT;EFS;EUR;4;131.46000000;430;EXCHANGE_LAST;;1;1;XEUR;11820389;688;
02.05.2025;06:57:48.864;FGBL SI 20250606 PS;SIMPLE_INSTRUMENT;EFS;EUR;5;131.45000000;430;EXCHANGE_LAST;;1;1;XEUR;11820389;688;
02.05.2025;07:03:06.375;FGBL SI 20250606 PS;SIMPLE_INSTRUMENT;EFS;EUR;6;131.35000000;430;EXCHANGE_LAST;;1;1;XEUR;11820389;688;
02.05.2025;07:05:10.428;FGBL SI 20250606 PS;SIMPLE_INSTRUMENT;EFS;EUR;7;131.38000000;861;EXCHANGE_LAST;;1;1;XEUR;11820389;688;
02.05.2025;07:07:15.477;FGBL SI 20250606 PS;SIMPLE_INSTRUMENT;EFS;EUR;8;131.39000000;430;EXCHANGE_LAST;;1;1;XEUR;11820389;688;
02.05.2025;07:08:45.686;FGBL SI 20250606 PS;SIMPLE_INSTRUMENT;EFS;EUR;9;131.40000000;430;EXCHANGE_LAST;;1;1;XEUR;11820389;688;
02.05.2025;07:12:30.122;FGBL SI 20250606 PS;SIMPLE_INSTRUMENT;EFS;EUR;10;131.40000000;1291;EXCHANGE_LAST;;1;1;XEUR;11820389;688;
02.05.2025;07:12:52.755;FGBL SI 20250606 PS;SIMPLE_INSTRUMENT;EFS;EUR;11;131.50000000;341;EXCHANGE_LAST;;1;1;XEUR;11820389;688;
02.05.2025;07:14:14.033;FGBL SI 20250606 PS;SIMPLE_INSTRUMENT;EFS;EUR;12;131.42000000;430;EXCHANGE_LAST;;1;1;XEUR;11820389;688;
02.05.2025;07:18:20.255;FGBL SI 20250606 PS;SIMPLE_INSTRUMENT;EFS;EUR;13;131.54000000;215;EXCHANGE_LAST;;1;1;XEUR;11820389;688;
02.05.2025;07:20:01.966;FGBL SI 20250606 PS;SIMPLE_INSTRUMENT;EFS;EUR;14;131.54000000;215;EXCHANGE_LAST;;1;1;XEUR;11820389;688;
02.05.2025;07:21:06.506;FGBL SI 20250606 PS;SIMPLE_INSTRUMENT;EFS;EUR;15;131.53000000;430;EXCHANGE_LAST;;1;1;XEUR;11820389;688;
02.05.2025;07:22:01.335;FGBL SI 20250606 PS;SIMPLE_INSTRUMENT;EFS;EUR;16;131.52000000;215;EXCHANGE_LAST;;1;1;XEUR;11820389;688;
02.05.2025;07:22:37.070;FGBL SI 20250606 PS;SIMPLE_INSTRUMENT;EFS;EUR;17;131.54000000;215;EXCHANGE_LAST;;1;1;XEUR;11820389;688;
02.05.2025;07:24:03.827;FGBL SI 20250606 PS;SIMPLE_INSTRUMENT;EFS;EUR;18;131.58000000;430;EXCHANGE_LAST;;1;1;XEUR;11820389;688;
02.05.2025;07:29:29.681;FGBL SI 20250606 PS;SIMPLE_INSTRUMENT;EFS;EUR;20;131.57000000;292;EXCHANGE_LAST;;1;1;XEUR;11820389;688;
02.05.2025;07:30:20.117;FGBL SI 20250606 PS;SIMPLE_INSTRUMENT;EFS;EUR;21;131.57000000;973;EXCHANGE_LAST;;1;1;XEUR;11820389;688;
02.05.2025;07:33:48.234;FGBL SI 20250606 PS;SIMPLE_INSTRUMENT;EFS;EUR;22;131.59000000;633;EXCHANGE_LAST;;1;1;XEUR;11820389;688;
02.05.2025;07:47:44.536;FGBL SI 20250606 PS;SIMPLE_INSTRUMENT;EFS;EUR;25;131.48000000;215;EXCHANGE_LAST;;1;1;XEUR;11820389;688;
02.05.2025;07:49:12.493;FGBL SI 20250606 PS;SIMPLE_INSTRUMENT;EFS;EUR;26;131.48000000;430;EXCHANGE_LAST;;1;1;XEUR;11820389;688;
02.05.2025;07:49:38.269;FGBL SI 20250606 PS;SIMPLE_INSTRUMENT;EFS;EUR;27;131.49000000;215;EXCHANGE_LAST;;1;1;XEUR;11820389;688;
02.05.2025;07:50:48.525;FGBL SI 20250606 PS;SIMPLE_INSTRUMENT;EFS;EUR;28;131.48000000;215;EXCHANGE_LAST;;1;1;XEUR;11820389;688;
02.05.2025;07:52:13.298;FGBL SI 20250606 PS;SIMPLE_INSTRUMENT;EFS;EUR;29;131.49000000;215;EXCHANGE_LAST;;1;1;XEUR;11820389;688;
02.05.2025;07:53:17.942;FGBL SI 20250606 PS;SIMPLE_INSTRUMENT;EFS;EUR;30;131.50000000;215;EXCHANGE_LAST;;1;1;XEUR;11820389;688;
02.05.2025;07:59:08.596;FGBL SI 20250606 PS;SIMPLE_INSTRUMENT;EFS;EUR;31;131.60000000;49;EXCHANGE_LAST;;1;1;XEUR;11820389;688;
02.05.2025;08:06:38.525;FGBL SI 20250606 PS;SIMPLE_INSTRUMENT;EFS;EUR;32;131.52000000;974;EXCHANGE_LAST;;1;1;XEUR;11820389;688;
02.05.2025;08:11:02.085;FGBL SI 20250606 PS;SIMPLE_INSTRUMENT;EFS;EUR;33;131.51000000;430;EXCHANGE_LAST;;1;1;XEUR;11820389;688;
02.05.2025;08:11:22.625;FGBL SI 20250606 PS;SIMPLE_INSTRUMENT;EFS;EUR;34;131.51000000;430;EXCHANGE_LAST;;1;1;XEUR;11820389;688;
02.05.2025;08:13:06.753;FGBL SI 20250606 PS;SIMPLE_INSTRUMENT;EFS;EUR;35;131.53000000;215;EXCHANGE_LAST;;1;1;XEUR;11820389;688;
02.05.2025;08:14:32.139;FGBL SI 20250606 PS;SIMPLE_INSTRUMENT;EFS;EUR;36;131.46000000;430;EXCHANGE_LAST;;1;1;XEUR;11820389;688;
02.05.2025;08:46:41.730;FGBL SI 20250606 PS;SIMPLE_INSTRUMENT;EFS;EUR;37;131.61000000;385;EXCHANGE_LAST;;1;1;XEUR;11820389;688;
02.05.2025;08:57:46.474;FGBL SI 20250606 PS;SIMPLE_INSTRUMENT;EFS;EUR;38;131.60000000;171;EXCHANGE_LAST;;1;1;XEUR;11820389;688;
02.05.2025;09:10:42.036;FGBL SI 20250606 PS;SIMPLE_INSTRUMENT;EFS;EUR;39;131.63000000;486;EXCHANGE_LAST;;1;1;XEUR;11820389;688;
02.05.2025;09:24:09.787;FGBL SI 20250606 PS;SIMPLE_INSTRUMENT;EFS;EUR;40;131.69000000;215;EXCHANGE_LAST;;1;1;XEUR;11820389;688;
02.05.2025;09:30:31.952;FGBL SI 20250606 PS;SIMPLE_INSTRUMENT;EFS;EUR;41;131.62000000;215;EXCHANGE_LAST;;1;1;XEUR;11820389;688;
02.05.2025;09:33:17.449;FGBL SI 20250606 PS;SIMPLE_INSTRUMENT;EFS;EUR;42;131.62000000;215;EXCHANGE_LAST;;1;1;XEUR;11820389;688;
02.05.2025;09:34:33.128;FGBL SI 20250606 PS;SIMPLE_INSTRUMENT;EFS;EUR;43;131.65000000;215;EXCHANGE_LAST;;1;1;XEUR;11820389;688;
02.05.2025;09:37:59.066;FGBL SI 20250606 PS;SIMPLE_INSTRUMENT;EFS;EUR;44;131.63000000;214;EXCHANGE_LAST;;1;1;XEUR;11820389;688;
02.05.2025;10:14:17.857;FGBL SI 20250606 PS;SIMPLE_INSTRUMENT;EFP_FIN;EUR;45;131.56000000;481;EXCHANGE_LAST;;1;1;XEUR;11820389;688;
02.05.2025;10:19:49.786;FGBL SI 20250606 PS;SIMPLE_INSTRUMENT;EFS;EUR;46;131.48000000;430;EXCHANGE_LAST;;1;1;XEUR;11820389;688;
02.05.2025;10:20:03.473;FGBL SI 20250606 PS;SIMPLE_INSTRUMENT;EFS;EUR;47;131.48000000;730;EXCHANGE_LAST;;1;1;XEUR;11820389;688;
02.05.2025;10:23:47.917;FGBL SI 20250606 PS;SIMPLE_INSTRUMENT;EFS;EUR;48;131.48000000;645;EXCHANGE_LAST;;1;1;XEUR;11820389;688;
02.05.2025;10:29:23.401;FGBL SI 20250606 PS;SIMPLE_INSTRUMENT;EFS;EUR;49;131.50000000;150;EXCHANGE_LAST;;1;1;XEUR;11820389;688;
02.05.2025;10:33:49.482;FGBL SI 20250606 PS;SIMPLE_INSTRUMENT;EFS;EUR;50;131.51000000;430;EXCHANGE_LAST;;1;1;XEUR;11820389;688;
02.05.2025;10:37:34.755;FGBL SI 20250606 PS;SIMPLE_INSTRUMENT;EFS;EUR;51;131.49000000;430;EXCHANGE_LAST;;1;1;XEUR;11820389;688;
02.05.2025;10:56:14.862;FGBL SI 20250606 PS;SIMPLE_INSTRUMENT;EFP_FIN;EUR;53;131.51000000;84;EXCHANGE_LAST;;1;1;XEUR;11820389;688;
02.05.2025;10:55:00.444;FGBL SI 20250606 PS;SIMPLE_INSTRUMENT;EFS;EUR;54;131.51000000;215;EXCHANGE_LAST;;1;1;XEUR;11820389;688;
02.05.2025;10:55:20.458;FGBL SI 20250606 PS;SIMPLE_INSTRUMENT;EFS;EUR;55;131.51000000;430;EXCHANGE_LAST;;1;1;XEUR;11820389;688;
02.05.2025;11:05:27.280;FGBL SI 20250606 PS;SIMPLE_INSTRUMENT;EFS;EUR;56;131.48000000;195;EXCHANGE_LAST;;1;1;XEUR;11820389;688;
02.05.2025;11:28:58.211;FGBL SI 20250606 PS;SIMPLE_INSTRUMENT;EFS;EUR;57;131.65000000;859;EXCHANGE_LAST;;1;1;XEUR;11820389;688;
02.05.2025;11:30:15.256;FGBL SI 20250606 PS;SIMPLE_INSTRUMENT;EFS;EUR;58;131.53000000;228;EXCHANGE_LAST;;1;1;XEUR;11820389;688;
02.05.2025;11:38:34.174;FGBL SI 20250606 PS;SIMPLE_INSTRUMENT;EFP_FIN;EUR;59;131.51000000;612;EXCHANGE_LAST;;1;1;XEUR;11820389;688;
02.05.2025;11:50:07.648;FGBL SI 20250606 PS;SIMPLE_INSTRUMENT;BLOCK;EUR;60;131.51000000;4000;EXCHANGE_LAST;;1;1;XEUR;11820389;688;
02.05.2025;11:52:38.924;FGBL SI 20250606 PS;SIMPLE_INSTRUMENT;EFS;EUR;61;131.48000000;430;EXCHANGE_LAST;;1;1;XEUR;11820389;688;
02.05.2025;12:12:40.926;FGBL SI 20250606 PS;SIMPLE_INSTRUMENT;EFS;EUR;62;131.42000000;195;EXCHANGE_LAST;;1;1;XEUR;11820389;688;
02.05.2025;12:49:38.733;FGBL SI 20250606 PS;SIMPLE_INSTRUMENT;EFS;EUR;63;131.41000000;430;EXCHANGE_LAST;;1;1;XEUR;11820389;688;
02.05.2025;12:51:45.256;FGBL SI 20250606 PS;SIMPLE_INSTRUMENT;EFS;EUR;64;131.40000000;215;EXCHANGE_LAST;;1;1;XEUR;11820389;688;
02.05.2025;12:59:24.632;FGBL SI 20250606 PS;SIMPLE_INSTRUMENT;EFP_FIN;EUR;65;131.35000000;636;EXCHANGE_LAST;;1;1;XEUR;11820389;688;
02.05.2025;13:24:09.393;FGBL SI 20250606 PS;SIMPLE_INSTRUMENT;EFP_FIN;EUR;66;131.31000000;387;EXCHANGE_LAST;;1;1;XEUR;11820389;688;
02.05.2025;13:30:35.936;FGBL SI 20250606 PS;SIMPLE_INSTRUMENT;EFS;EUR;67;131.33000000;49;EXCHANGE_LAST;;1;1;XEUR;11820389;688;
02.05.2025;13:34:46.179;FGBL SI 20250606 PS;SIMPLE_INSTRUMENT;EFP_FIN;EUR;68;131.32000000;1497;EXCHANGE_LAST;;1;1;XEUR;11820389;688;
02.05.2025;13:40:14.473;FGBL SI 20250606 PS;SIMPLE_INSTRUMENT;EFS;EUR;69;131.36000000;49;EXCHANGE_LAST;;1;1;XEUR;11820389;688;
02.05.2025;13:44:11.244;FGBL SI 20250606 PS;SIMPLE_INSTRUMENT;EFP_FIN;EUR;70;131.38000000;830;EXCHANGE_LAST;;1;1;XEUR;11820389;688;
02.05.2025;13:50:21.014;FGBL SI 20250606 PS;SIMPLE_INSTRUMENT;EFP_FIN;EUR;71;131.40000000;748;EXCHANGE_LAST;;1;1;XEUR;11820389;688;
02.05.2025;13:55:12.510;FGBL SI 20250606 PS;SIMPLE_INSTRUMENT;EFP_FIN;EUR;72;131.45000000;386;EXCHANGE_LAST;;1;1;XEUR;11820389;688;
02.05.2025;14:00:28.975;FGBL SI 20250606 PS;SIMPLE_INSTRUMENT;EFS;EUR;73;131.43000000;487;EXCHANGE_LAST;;1;1;XEUR;11820389;688;
02.05.2025;14:12:14.222;FGBL SI 20250606 PS;SIMPLE_INSTRUMENT;EFS;EUR;74;131.30000000;429;EXCHANGE_LAST;;1;1;XEUR;11820389;688;
02.05.2025;14:13:29.702;FGBL SI 20250606 PS;SIMPLE_INSTRUMENT;EFP_FIN;EUR;75;131.39000000;748;EXCHANGE_LAST;;1;1;XEUR;11820389;688;
02.05.2025;14:14:25.213;FGBL SI 20250606 PS;SIMPLE_INSTRUMENT;EFP_FIN;EUR;76;131.45000000;898;EXCHANGE_LAST;;1;1;XEUR;11820389;688;
02.05.2025;14:21:31.097;FGBL SI 20250606 PS;SIMPLE_INSTRUMENT;EFS;EUR;77;131.20000000;215;EXCHANGE_LAST;;1;1;XEUR;11820389;688;
02.05.2025;14:23:13.770;FGBL SI 20250606 PS;SIMPLE_INSTRUMENT;EFS;EUR;78;131.20000000;215;EXCHANGE_LAST;;1;1;XEUR;11820389;688;
02.05.2025;14:27:47.909;FGBL SI 20250606 PS;SIMPLE_INSTRUMENT;EFS;EUR;79;131.15000000;301;EXCHANGE_LAST;;1;1;XEUR;11820389;688;
02.05.2025;14:27:49.527;FGBL SI 20250606 PS;SIMPLE_INSTRUMENT;EFS;EUR;80;131.18000000;244;EXCHANGE_LAST;;1;1;XEUR;11820389;688;
02.05.2025;14:33:43.459;FGBL SI 20250606 PS;SIMPLE_INSTRUMENT;EFS;EUR;81;131.10000000;216;EXCHANGE_LAST;;1;1;XEUR;11820389;688;
02.05.2025;14:36:20.457;FGBL SI 20250606 PS;SIMPLE_INSTRUMENT;BLOCK;EUR;82;131.15000000;7000;EXCHANGE_LAST;;1;1;XEUR;11820389;688;
02.05.2025;14:40:24.216;FGBL SI 20250606 PS;SIMPLE_INSTRUMENT;EFP_FIN;EUR;83;131.12000000;599;EXCHANGE_LAST;;1;1;XEUR;11820389;688;
02.05.2025;14:44:29.802;FGBL SI 20250606 PS;SIMPLE_INSTRUMENT;EFS;EUR;84;131.41000000;244;EXCHANGE_LAST;;1;1;XEUR;11820389;688;
02.05.2025;14:48:14.815;FGBL SI 20250606 PS;SIMPLE_INSTRUMENT;EFS;EUR;85;131.10000000;977;EXCHANGE_LAST;;1;1;XEUR;11820389;688;
02.05.2025;15:02:57.230;FGBL SI 20250606 PS;SIMPLE_INSTRUMENT;EFP_FIN;EUR;86;131.09000000;557;EXCHANGE_LAST;;1;1;XEUR;11820389;688;
02.05.2025;15:03:00.300;FGBL SI 20250606 PS;SIMPLE_INSTRUMENT;EFS;EUR;87;131.11000000;216;EXCHANGE_LAST;;1;1;XEUR;11820389;688;
02.05.2025;15:06:11.388;FGBL SI 20250606 PS;SIMPLE_INSTRUMENT;EFS;EUR;88;131.07000000;489;EXCHANGE_LAST;;1;1;XEUR;11820389;688;
02.05.2025;15:08:14.202;FGBL SI 20250606 PS;SIMPLE_INSTRUMENT;EFS;EUR;89;131.06000000;244;EXCHANGE_LAST;;1;1;XEUR;11820389;688;
02.05.2025;15:08:23.566;FGBL SI 20250606 PS;SIMPLE_INSTRUMENT;EFP_FIN;EUR;90;131.06000000;187;EXCHANGE_LAST;;1;1;XEUR;11820389;688;
02.05.2025;15:14:30.694;FGBL SI 20250606 PS;SIMPLE_INSTRUMENT;EFS;EUR;91;131.36000000;500;EXCHANGE_LAST;;1;1;XEUR;11820389;688;
02.05.2025;15:18:25.909;FGBL SI 20250606 PS;SIMPLE_INSTRUMENT;EFS;EUR;92;131.04000000;431;EXCHANGE_LAST;;1;1;XEUR;11820389;688;
02.05.2025;15:18:31.173;FGBL SI 20250606 PS;SIMPLE_INSTRUMENT;EFS;EUR;93;131.04000000;196;EXCHANGE_LAST;;1;1;XEUR;11820389;688;
02.05.2025;15:23:45.966;FGBL SI 20250606 PS;SIMPLE_INSTRUMENT;EFS;EUR;94;131.09000000;431;EXCHANGE_LAST;;1;1;XEUR;11820389;688;
02.05.2025;15:24:00.927;FGBL SI 20250606 PS;SIMPLE_INSTRUMENT;EFS;EUR;95;131.12000000;245;EXCHANGE_LAST;;1;1;XEUR;11820389;688;
02.05.2025;15:24:21.470;FGBL SI 20250606 PS;SIMPLE_INSTRUMENT;EFS;EUR;96;131.09000000;431;EXCHANGE_LAST;;1;1;XEUR;11820389;688;
02.05.2025;15:25:10.931;FGBL SI 20250606 PS;SIMPLE_INSTRUMENT;EFS;EUR;97;131.03000000;243;EXCHANGE_LAST;;1;1;XEUR;11820389;688;
02.05.2025;15:26:15.524;FGBL SI 20250606 PS;SIMPLE_INSTRUMENT;EFS;EUR;98;131.05000000;430;EXCHANGE_LAST;;1;1;XEUR;11820389;688;
02.05.2025;15:26:21.277;FGBL SI 20250606 PS;SIMPLE_INSTRUMENT;EFS;EUR;99;131.05000000;430;EXCHANGE_LAST;;1;1;XEUR;11820389;688;
02.05.2025;15:28:15.433;FGBL SI 20250606 PS;SIMPLE_INSTRUMENT;EFS;EUR;100;131.05000000;216;EXCHANGE_LAST;;1;1;XEUR;11820389;688;
02.05.2025;15:39:04.608;FGBL SI 20250606 PS;SIMPLE_INSTRUMENT;EFS;EUR;102;131.02000000;293;EXCHANGE_LAST;;1;1;XEUR;11820389;688;
02.05.2025;15:39:41.096;FGBL SI 20250606 PS;SIMPLE_INSTRUMENT;EFS;EUR;103;131.08000000;171;EXCHANGE_LAST;;1;1;XEUR;11820389;688;
02.05.2025;15:41:05.404;FGBL SI 20250606 PS;SIMPLE_INSTRUMENT;EFS;EUR;104;131.02000000;216;EXCHANGE_LAST;;1;1;XEUR;11820389;688;
02.05.2025;15:46:54.497;FGBL SI 20250606 PS;SIMPLE_INSTRUMENT;EFS;EUR;105;131.04000000;489;EXCHANGE_LAST;;1;1;XEUR;11820389;688;
02.05.2025;15:49:08.880;FGBL SI 20250606 PS;SIMPLE_INSTRUMENT;EFS;EUR;106;131.02000000;150;EXCHANGE_LAST;;1;1;XEUR;11820389;688;
02.05.2025;15:51:11.355;FGBL SI 20250606 PS;SIMPLE_INSTRUMENT;EFS;EUR;107;131.02000000;430;EXCHANGE_LAST;;1;1;XEUR;11820389;688;
02.05.2025;15:51:40.456;FGBL SI 20250606 PS;SIMPLE_INSTRUMENT;EFS;EUR;108;131.02000000;430;EXCHANGE_LAST;;1;1;XEUR;11820389;688;
02.05.2025;15:58:26.006;FGBL SI 20250606 PS;SIMPLE_INSTRUMENT;EFS;EUR;109;130.96000000;647;EXCHANGE_LAST;;1;1;XEUR;11820389;688;
02.05.2025;16:17:49.343;FGBL SI 20250606 PS;SIMPLE_INSTRUMENT;EFS;EUR;110;130.91000000;432;EXCHANGE_LAST;;1;1;XEUR;11820389;688;
02.05.2025;16:23:29.340;FGBL SI 20250606 PS;SIMPLE_INSTRUMENT;EFS;EUR;111;130.89000000;216;EXCHANGE_LAST;;1;1;XEUR;11820389;688;
02.05.2025;08:44:08.270;FGBL SI 20250606 PS;SIMPLE_INSTRUMENT;VOLA;EUR;268435470;131.62000000;65;EXCHANGE_LAST;;1;1;XEUR;11820389;688;
02.05.2025;10:10:43.704;FGBL SI 20250606 PS;SIMPLE_INSTRUMENT;VOLA;EUR;268435483;131.64000000;280;EXCHANGE_LAST;;1;1;XEUR;11820389;688;
02.05.2025;11:41:13.027;FGBL SI 20250606 PS;SIMPLE_INSTRUMENT;VOLA;EUR;268435491;131.55000000;115;EXCHANGE_LAST;;1;1;XEUR;11820389;688;
02.05.2025;11:41:37.038;FGBL SI 20250606 PS;SIMPLE_INSTRUMENT;VOLA;EUR;268435492;131.55000000;115;EXCHANGE_LAST;;1;1;XEUR;11820389;688;
02.05.2025;12:48:15.464;FGBL SI 20250606 PS;SIMPLE_INSTRUMENT;VOLA;EUR;268435501;131.40000000;54;EXCHANGE_LAST;;1;1;XEUR;11820389;688;
02.05.2025;12:49:09.899;FGBL SI 20250606 PS;SIMPLE_INSTRUMENT;VOLA;EUR;268435502;131.40000000;54;EXCHANGE_LAST;;1;1;XEUR;11820389;688;
02.05.2025;13:44:36.966;FGBL SI 20250606 PS;SIMPLE_INSTRUMENT;VOLA;EUR;268435509;131.39000000;165;EXCHANGE_LAST;;1;1;XEUR;11820389;688;
02.05.2025;14:09:56.975;FGBL SI 20250606 PS;SIMPLE_INSTRUMENT;VOLA;EUR;268435519;131.32000000;22;EXCHANGE_LAST;;1;1;XEUR;11820389;688;
02.05.2025;14:51:18.164;FGBL SI 20250606 PS;SIMPLE_INSTRUMENT;VOLA;EUR;268435530;131.14000000;50;EXCHANGE_LAST;;1;1;XEUR;11820389;688;
02.05.2025;15:34:04.465;FGBL SI 20250606 PS;SIMPLE_INSTRUMENT;VOLA;EUR;268435547;131.12000000;18;EXCHANGE_LAST;;1;1;XEUR;11820389;688;
02.05.2025;06:40:22.748;FGBM SI 20250606 PS;SIMPLE_INSTRUMENT;EFS;EUR;1;119.40000000;427;EXCHANGE_LAST;;1;1;XEUR;11820390;689;
02.05.2025;06:43:47.377;FGBM SI 20250606 PS;SIMPLE_INSTRUMENT;EFS;EUR;2;119.40000000;851;EXCHANGE_LAST;;1;1;XEUR;11820390;689;
02.05.2025;06:56:45.064;FGBM SI 20250606 PS;SIMPLE_INSTRUMENT;EFS;EUR;3;119.43000000;804;EXCHANGE_LAST;;1;1;XEUR;11820390;689;
02.05.2025;07:02:26.870;FGBM SI 20250606 PS;SIMPLE_INSTRUMENT;EFS;EUR;4;119.36000000;805;EXCHANGE_LAST;;1;1;XEUR;11820390;689;
02.05.2025;07:03:56.910;FGBM SI 20250606 PS;SIMPLE_INSTRUMENT;EFS;EUR;5;119.39000000;1608;EXCHANGE_LAST;;1;1;XEUR;11820390;689;
02.05.2025;07:06:05.694;FGBM SI 20250606 PS;SIMPLE_INSTRUMENT;EFS;EUR;6;119.38000000;805;EXCHANGE_LAST;;1;1;XEUR;11820390;689;
02.05.2025;07:07:47.870;FGBM SI 20250606 PS;SIMPLE_INSTRUMENT;EFS;EUR;7;119.39000000;805;EXCHANGE_LAST;;1;1;XEUR;11820390;689;
02.05.2025;07:11:47.558;FGBM SI 20250606 PS;SIMPLE_INSTRUMENT;EFS;EUR;8;119.39000000;2413;EXCHANGE_LAST;;1;1;XEUR;11820390;689;
02.05.2025;07:13:31.309;FGBM SI 20250606 PS;SIMPLE_INSTRUMENT;EFS;EUR;9;119.40000000;805;EXCHANGE_LAST;;1;1;XEUR;11820390;689;
02.05.2025;07:19:22.070;FGBM SI 20250606 PS;SIMPLE_INSTRUMENT;EFS;EUR;10;119.43000000;403;EXCHANGE_LAST;;1;1;XEUR;11820390;689;
02.05.2025;07:22:24.630;FGBM SI 20250606 PS;SIMPLE_INSTRUMENT;EFS;EUR;11;119.44000000;1622;EXCHANGE_LAST;;1;1;XEUR;11820390;689;
02.05.2025;07:51:56.340;FGBM SI 20250606 PS;SIMPLE_INSTRUMENT;EFS;EUR;12;119.45000000;427;EXCHANGE_LAST;;1;1;XEUR;11820390;689;
02.05.2025;07:51:32.759;FGBM SI 20250606 PS;SIMPLE_INSTRUMENT;EFS;EUR;13;119.44000000;854;EXCHANGE_LAST;;1;1;XEUR;11820390;689;
02.05.2025;08:09:54.123;FGBM SI 20250606 PS;SIMPLE_INSTRUMENT;EFS;EUR;14;119.48000000;630;EXCHANGE_LAST;;1;1;XEUR;11820390;689;
02.05.2025;08:16:08.608;FGBM SI 20250606 PS;SIMPLE_INSTRUMENT;EFS;EUR;15;119.45000000;426;EXCHANGE_LAST;;1;1;XEUR;11820390;689;
02.05.2025;08:23:01.216;FGBM SI 20250606 PS;SIMPLE_INSTRUMENT;EFS;EUR;16;119.45000000;2295;EXCHANGE_LAST;;1;1;XEUR;11820390;689;
02.05.2025;08:35:53.553;FGBM SI 20250606 PS;SIMPLE_INSTRUMENT;EFS;EUR;17;119.45000000;1837;EXCHANGE_LAST;;1;1;XEUR;11820390;689;
02.05.2025;08:38:08.876;FGBM SI 20250606 PS;SIMPLE_INSTRUMENT;EFS;EUR;18;119.48000000;405;EXCHANGE_LAST;;1;1;XEUR;11820390;689;
02.05.2025;08:39:46.683;FGBM SI 20250606 PS;SIMPLE_INSTRUMENT;EFP_FIN;EUR;19;119.48000000;256;EXCHANGE_LAST;;1;1;XEUR;11820390;689;
02.05.2025;08:50:46.335;FGBM SI 20250606 PS;SIMPLE_INSTRUMENT;EFS;EUR;20;119.47000000;918;EXCHANGE_LAST;;1;1;XEUR;11820390;689;
02.05.2025;09:49:38.237;FGBM SI 20250606 PS;SIMPLE_INSTRUMENT;EFS;EUR;21;119.52000000;4052;EXCHANGE_LAST;;1;1;XEUR;11820390;689;
02.05.2025;09:50:07.653;FGBM SI 20250606 PS;SIMPLE_INSTRUMENT;EFP_FIN;EUR;22;119.51000000;66;EXCHANGE_LAST;;1;1;XEUR;11820390;689;
02.05.2025;09:50:30.474;FGBM SI 20250606 PS;SIMPLE_INSTRUMENT;EFP_FIN;EUR;23;119.51000000;180;EXCHANGE_LAST;;1;1;XEUR;11820390;689;
02.05.2025;09:51:06.377;FGBM SI 20250606 PS;SIMPLE_INSTRUMENT;EFP_FIN;EUR;24;119.51000000;97;EXCHANGE_LAST;;1;1;XEUR;11820390;689;
02.05.2025;09:53:47.402;FGBM SI 20250606 PS;SIMPLE_INSTRUMENT;EFP_FIN;EUR;25;119.52000000;2176;EXCHANGE_LAST;;1;1;XEUR;11820390;689;
02.05.2025;09:55:00.542;FGBM SI 20250606 PS;SIMPLE_INSTRUMENT;EFS;EUR;26;119.48000000;459;EXCHANGE_LAST;;1;1;XEUR;11820390;689;
02.05.2025;10:07:30.558;FGBM SI 20250606 PS;SIMPLE_INSTRUMENT;EFP_FIN;EUR;27;119.51000000;129;EXCHANGE_LAST;;1;1;XEUR;11820390;689;
02.05.2025;10:21:02.639;FGBM SI 20250606 PS;SIMPLE_INSTRUMENT;EFS;EUR;28;119.44000000;853;EXCHANGE_LAST;;1;1;XEUR;11820390;689;
02.05.2025;10:22:13.471;FGBM SI 20250606 PS;SIMPLE_INSTRUMENT;EFS;EUR;29;119.43000000;1207;EXCHANGE_LAST;;1;1;XEUR;11820390;689;
02.05.2025;10:27:50.218;FGBM SI 20250606 PS;SIMPLE_INSTRUMENT;EFP_FIN;EUR;30;119.43000000;1271;EXCHANGE_LAST;;1;1;XEUR;11820390;689;
02.05.2025;10:33:56.234;FGBM SI 20250606 PS;SIMPLE_INSTRUMENT;EFP_FIN;EUR;31;119.43000000;1280;EXCHANGE_LAST;;1;1;XEUR;11820390;689;
02.05.2025;10:35:14.703;FGBM SI 20250606 PS;SIMPLE_INSTRUMENT;EFP_FIN;EUR;32;119.51000000;327;EXCHANGE_LAST;;1;1;XEUR;11820390;689;
02.05.2025;11:26:42.491;FGBM SI 20250606 PS;SIMPLE_INSTRUMENT;EFS;EUR;33;119.45000000;853;EXCHANGE_LAST;;1;1;XEUR;11820390;689;
02.05.2025;11:28:25.109;FGBM SI 20250606 PS;SIMPLE_INSTRUMENT;EFS;EUR;34;119.45000000;427;EXCHANGE_LAST;;1;1;XEUR;11820390;689;
02.05.2025;11:42:11.794;FGBM SI 20250606 PS;SIMPLE_INSTRUMENT;EFS;EUR;35;119.48000000;3673;EXCHANGE_LAST;;1;1;XEUR;11820390;689;
02.05.2025;11:50:38.951;FGBM SI 20250606 PS;SIMPLE_INSTRUMENT;EFS;EUR;36;119.42000000;405;EXCHANGE_LAST;;1;1;XEUR;11820390;689;
02.05.2025;12:14:28.287;FGBM SI 20250606 PS;SIMPLE_INSTRUMENT;EFS;EUR;37;119.41000000;918;EXCHANGE_LAST;;1;1;XEUR;11820390;689;
02.05.2025;12:19:53.297;FGBM SI 20250606 PS;SIMPLE_INSTRUMENT;EFS;EUR;38;119.43000000;919;EXCHANGE_LAST;;1;1;XEUR;11820390;689;
02.05.2025;12:36:54.653;FGBM SI 20250606 PS;SIMPLE_INSTRUMENT;EFP_FIN;EUR;39;119.53000000;2042;EXCHANGE_LAST;;1;1;XEUR;11820390;689;
02.05.2025;12:48:52.222;FGBM SI 20250606 PS;SIMPLE_INSTRUMENT;EFP_FIN;EUR;40;119.41000000;82;EXCHANGE_LAST;;1;1;XEUR;11820390;689;
02.05.2025;12:52:09.472;FGBM SI 20250606 PS;SIMPLE_INSTRUMENT;EFS;EUR;41;119.41000000;486;EXCHANGE_LAST;;1;1;XEUR;11820390;689;
02.05.2025;12:57:32.636;FGBM SI 20250606 PS;SIMPLE_INSTRUMENT;EFS;EUR;42;119.37000000;1197;EXCHANGE_LAST;;1;1;XEUR;11820390;689;
02.05.2025;13:12:00.725;FGBM SI 20250606 PS;SIMPLE_INSTRUMENT;EFS;EUR;43;119.41000000;567;EXCHANGE_LAST;;1;1;XEUR;11820390;689;
02.05.2025;13:20:02.079;FGBM SI 20250606 PS;SIMPLE_INSTRUMENT;EFP_FIN;EUR;44;119.37000000;653;EXCHANGE_LAST;;1;1;XEUR;11820390;689;
02.05.2025;13:21:20.799;FGBM SI 20250606 PS;SIMPLE_INSTRUMENT;EFS;EUR;45;119.36000000;256;EXCHANGE_LAST;;1;1;XEUR;11820390;689;
02.05.2025;13:38:17.252;FGBM SI 20250606 PS;SIMPLE_INSTRUMENT;EFS;EUR;46;119.37000000;811;EXCHANGE_LAST;;1;1;XEUR;11820390;689;
02.05.2025;13:59:26.200;FGBM SI 20250606 PS;SIMPLE_INSTRUMENT;EFS;EUR;47;119.41000000;427;EXCHANGE_LAST;;1;1;XEUR;11820390;689;
02.05.2025;14:00:24.260;FGBM SI 20250606 PS;SIMPLE_INSTRUMENT;EFS;EUR;48;119.41000000;614;EXCHANGE_LAST;;1;1;XEUR;11820390;689;
02.05.2025;14:00:59.222;FGBM SI 20250606 PS;SIMPLE_INSTRUMENT;EFS;EUR;49;119.41000000;427;EXCHANGE_LAST;;1;1;XEUR;11820390;689;
02.05.2025;14:07:46.415;FGBM SI 20250606 PS;SIMPLE_INSTRUMENT;EFP_FIN;EUR;50;119.39000000;243;EXCHANGE_LAST;;1;1;XEUR;11820390;689;
02.05.2025;14:07:10.790;FGBM SI 20250606 PS;SIMPLE_INSTRUMENT;EFP_FIN;EUR;51;119.39000000;534;EXCHANGE_LAST;;1;1;XEUR;11820390;689;
02.05.2025;14:13:51.268;FGBM SI 20250606 PS;SIMPLE_INSTRUMENT;EFP_FIN;EUR;52;119.39000000;159;EXCHANGE_LAST;;1;1;XEUR;11820390;689;
02.05.2025;14:26:16.563;FGBM SI 20250606 PS;SIMPLE_INSTRUMENT;EFP_FIN;EUR;53;119.36000000;77;EXCHANGE_LAST;;1;1;XEUR;11820390;689;
02.05.2025;14:24:42.010;FGBM SI 20250606 PS;SIMPLE_INSTRUMENT;EFP_FIN;EUR;55;119.27000000;295;EXCHANGE_LAST;;1;1;XEUR;11820390;689;
02.05.2025;14:25:54.275;FGBM SI 20250606 PS;SIMPLE_INSTRUMENT;EFP_FIN;EUR;56;119.39000000;453;EXCHANGE_LAST;;1;1;XEUR;11820390;689;
02.05.2025;14:28:24.480;FGBM SI 20250606 PS;SIMPLE_INSTRUMENT;EFP_FIN;EUR;57;119.32000000;310;EXCHANGE_LAST;;1;1;XEUR;11820390;689;
02.05.2025;14:32:06.255;FGBM SI 20250606 PS;SIMPLE_INSTRUMENT;EFS;EUR;58;119.24000000;1500;EXCHANGE_LAST;;1;1;XEUR;11820390;689;
02.05.2025;14:33:36.322;FGBM SI 20250606 PS;SIMPLE_INSTRUMENT;EFS;EUR;59;119.24000000;855;EXCHANGE_LAST;;1;1;XEUR;11820390;689;
02.05.2025;14:35:39.504;FGBM SI 20250606 PS;SIMPLE_INSTRUMENT;EFP_FIN;EUR;60;119.32000000;341;EXCHANGE_LAST;;1;1;XEUR;11820390;689;
02.05.2025;14:43:26.745;FGBM SI 20250606 PS;SIMPLE_INSTRUMENT;EFS;EUR;61;119.25000000;641;EXCHANGE_LAST;;1;1;XEUR;11820390;689;
02.05.2025;14:43:27.798;FGBM SI 20250606 PS;SIMPLE_INSTRUMENT;EFS;EUR;62;119.39000000;919;EXCHANGE_LAST;;1;1;XEUR;11820390;689;
02.05.2025;14:43:41.756;FGBM SI 20250606 PS;SIMPLE_INSTRUMENT;EFS;EUR;63;119.25000000;428;EXCHANGE_LAST;;1;1;XEUR;11820390;689;
02.05.2025;14:43:56.766;FGBM SI 20250606 PS;SIMPLE_INSTRUMENT;EFS;EUR;64;119.25000000;531;EXCHANGE_LAST;;1;1;XEUR;11820390;689;
02.05.2025;14:47:19.231;FGBM SI 20250606 PS;SIMPLE_INSTRUMENT;EFS;EUR;65;119.26000000;405;EXCHANGE_LAST;;1;1;XEUR;11820390;689;
02.05.2025;14:49:55.086;FGBM SI 20250606 PS;SIMPLE_INSTRUMENT;EFS;EUR;66;119.25000000;405;EXCHANGE_LAST;;1;1;XEUR;11820390;689;
02.05.2025;14:53:07.763;FGBM SI 20250606 PS;SIMPLE_INSTRUMENT;EFS;EUR;67;119.24000000;405;EXCHANGE_LAST;;1;1;XEUR;11820390;689;
02.05.2025;14:54:30.210;FGBM SI 20250606 PS;SIMPLE_INSTRUMENT;EFS;EUR;68;119.25000000;1378;EXCHANGE_LAST;;1;1;XEUR;11820390;689;
02.05.2025;14:56:55.581;FGBM SI 20250606 PS;SIMPLE_INSTRUMENT;EFP_FIN;EUR;69;119.25000000;539;EXCHANGE_LAST;;1;1;XEUR;11820390;689;
02.05.2025;14:58:40.129;FGBM SI 20250606 PS;SIMPLE_INSTRUMENT;EFP_FIN;EUR;70;119.24000000;485;EXCHANGE_LAST;;1;1;XEUR;11820390;689;
02.05.2025;15:00:34.315;FGBM SI 20250606 PS;SIMPLE_INSTRUMENT;EFS;EUR;71;119.25000000;854;EXCHANGE_LAST;;1;1;XEUR;11820390;689;
02.05.2025;15:03:38.691;FGBM SI 20250606 PS;SIMPLE_INSTRUMENT;EFS;EUR;72;119.24000000;1709;EXCHANGE_LAST;;1;1;XEUR;11820390;689;
02.05.2025;15:15:54.847;FGBM SI 20250606 PS;SIMPLE_INSTRUMENT;EFS;EUR;73;119.22000000;3243;EXCHANGE_LAST;;1;1;XEUR;11820390;689;
02.05.2025;15:24:53.609;FGBM SI 20250606 PS;SIMPLE_INSTRUMENT;EFS;EUR;74;119.22000000;811;EXCHANGE_LAST;;1;1;XEUR;11820390;689;
02.05.2025;15:25:10.213;FGBM SI 20250606 PS;SIMPLE_INSTRUMENT;EFS;EUR;75;119.22000000;811;EXCHANGE_LAST;;1;1;XEUR;11820390;689;
02.05.2025;15:49:24.483;FGBM SI 20250606 PS;SIMPLE_INSTRUMENT;EFS;EUR;76;119.20000000;811;EXCHANGE_LAST;;1;1;XEUR;11820390;689;
02.05.2025;15:49:58.130;FGBM SI 20250606 PS;SIMPLE_INSTRUMENT;EFS;EUR;77;119.20000000;811;EXCHANGE_LAST;;1;1;XEUR;11820390;689;
02.05.2025;15:57:39.520;FGBM SI 20250606 PS;SIMPLE_INSTRUMENT;EFS;EUR;78;119.16000000;1208;EXCHANGE_LAST;;1;1;XEUR;11820390;689;
02.05.2025;06:55:33.018;FGBS SI 20250606 PS;SIMPLE_INSTRUMENT;EFS;EUR;1;107.47500000;2401;EXCHANGE_LAST;;1;1;XEUR;11820391;690;
02.05.2025;07:05:34.995;FGBS SI 20250606 PS;SIMPLE_INSTRUMENT;EFS;EUR;2;107.46000000;1921;EXCHANGE_LAST;;1;1;XEUR;11820391;690;
02.05.2025;07:21:20.215;FGBS SI 20250606 PS;SIMPLE_INSTRUMENT;EFS;EUR;3;107.48000000;4761;EXCHANGE_LAST;;1;1;XEUR;11820391;690;
02.05.2025;07:38:19.599;FGBS SI 20250606 PS;SIMPLE_INSTRUMENT;EFP_FIN;EUR;4;107.50000000;1220;EXCHANGE_LAST;;1;1;XEUR;11820391;690;
02.05.2025;07:56:03.976;FGBS SI 20250606 PS;SIMPLE_INSTRUMENT;EFP_FIN;EUR;5;107.49000000;1877;EXCHANGE_LAST;;1;1;XEUR;11820391;690;
02.05.2025;08:01:51.567;FGBS SI 20250606 PS;SIMPLE_INSTRUMENT;EFS;EUR;6;107.48500000;5436;EXCHANGE_LAST;;1;1;XEUR;11820391;690;
02.05.2025;08:13:04.134;FGBS SI 20250606 PS;SIMPLE_INSTRUMENT;EFS;EUR;7;107.47000000;2401;EXCHANGE_LAST;;1;1;XEUR;11820391;690;
02.05.2025;08:18:38.085;FGBS SI 20250606 PS;SIMPLE_INSTRUMENT;EFS;EUR;8;107.49000000;2500;EXCHANGE_LAST;;1;1;XEUR;11820391;690;
02.05.2025;08:19:29.365;FGBS SI 20250606 PS;SIMPLE_INSTRUMENT;EFS;EUR;9;107.49000000;2500;EXCHANGE_LAST;;1;1;XEUR;11820391;690;
02.05.2025;08:42:57.482;FGBS SI 20250606 PS;SIMPLE_INSTRUMENT;EFP_FIN;EUR;10;107.50000000;176;EXCHANGE_LAST;;1;1;XEUR;11820391;690;
02.05.2025;08:40:20.418;FGBS SI 20250606 PS;SIMPLE_INSTRUMENT;EFP_FIN;EUR;11;107.50000000;313;EXCHANGE_LAST;;1;1;XEUR;11820391;690;
02.05.2025;08:40:50.217;FGBS SI 20250606 PS;SIMPLE_INSTRUMENT;EFP_FIN;EUR;12;107.48500000;1054;EXCHANGE_LAST;;1;1;XEUR;11820391;690;
02.05.2025;08:44:11.390;FGBS SI 20250606 PS;SIMPLE_INSTRUMENT;EFS;EUR;13;107.50500000;2718;EXCHANGE_LAST;;1;1;XEUR;11820391;690;
02.05.2025;09:11:19.117;FGBS SI 20250606 PS;SIMPLE_INSTRUMENT;EFP_FIN;EUR;14;107.50000000;308;EXCHANGE_LAST;;1;1;XEUR;11820391;690;
02.05.2025;09:11:41.684;FGBS SI 20250606 PS;SIMPLE_INSTRUMENT;EFP_FIN;EUR;15;107.50000000;397;EXCHANGE_LAST;;1;1;XEUR;11820391;690;
02.05.2025;09:53:33.017;FGBS SI 20250606 PS;SIMPLE_INSTRUMENT;EFS;EUR;16;107.50000000;1359;EXCHANGE_LAST;;1;1;XEUR;11820391;690;
02.05.2025;10:22:36.114;FGBS SI 20250606 PS;SIMPLE_INSTRUMENT;EFS;EUR;17;107.49000000;1198;EXCHANGE_LAST;;1;1;XEUR;11820391;690;
02.05.2025;10:23:48.280;FGBS SI 20250606 PS;SIMPLE_INSTRUMENT;EFS;EUR;18;107.49000000;1198;EXCHANGE_LAST;;1;1;XEUR;11820391;690;
02.05.2025;10:33:34.615;FGBS SI 20250606 PS;SIMPLE_INSTRUMENT;EFS;EUR;19;107.49000000;5437;EXCHANGE_LAST;;1;1;XEUR;11820391;690;
02.05.2025;11:24:33.871;FGBS SI 20250606 PS;SIMPLE_INSTRUMENT;EFP_FIN;EUR;20;107.50000000;141;EXCHANGE_LAST;;1;1;XEUR;11820391;690;
02.05.2025;11:28:01.208;FGBS SI 20250606 PS;SIMPLE_INSTRUMENT;EFS;EUR;21;107.51000000;4797;EXCHANGE_LAST;;1;1;XEUR;11820391;690;
02.05.2025;11:34:22.896;FGBS SI 20250606 PS;SIMPLE_INSTRUMENT;EFS;EUR;22;107.50000000;4000;EXCHANGE_LAST;;1;1;XEUR;11820391;690;
02.05.2025;12:00:22.591;FGBS SI 20250606 PS;SIMPLE_INSTRUMENT;EFS;EUR;23;107.49000000;543;EXCHANGE_LAST;;1;1;XEUR;11820391;690;
02.05.2025;12:34:10.288;FGBS SI 20250606 PS;SIMPLE_INSTRUMENT;EFS;EUR;24;107.48000000;1490;EXCHANGE_LAST;;1;1;XEUR;11820391;690;
02.05.2025;12:56:23.302;FGBS SI 20250606 PS;SIMPLE_INSTRUMENT;EFS;EUR;25;107.47000000;3503;EXCHANGE_LAST;;1;1;XEUR;11820391;690;
02.05.2025;13:07:19.439;FGBS SI 20250606 PS;SIMPLE_INSTRUMENT;EFS;EUR;26;107.48000000;1491;EXCHANGE_LAST;;1;1;XEUR;11820391;690;
02.05.2025;13:10:39.157;FGBS SI 20250606 PS;SIMPLE_INSTRUMENT;EFS;EUR;27;107.48500000;1359;EXCHANGE_LAST;;1;1;XEUR;11820391;690;
02.05.2025;13:44:15.667;FGBS SI 20250606 PS;SIMPLE_INSTRUMENT;EFS;EUR;28;107.48000000;1359;EXCHANGE_LAST;;1;1;XEUR;11820391;690;
02.05.2025;14:32:56.765;FGBS SI 20250606 PS;SIMPLE_INSTRUMENT;EFS;EUR;29;107.46000000;2720;EXCHANGE_LAST;;1;1;XEUR;11820391;690;
02.05.2025;14:36:49.050;FGBS SI 20250606 PS;SIMPLE_INSTRUMENT;EFS;EUR;30;107.46500000;975;EXCHANGE_LAST;;1;1;XEUR;11820391;690;
02.05.2025;14:42:04.793;FGBS SI 20250606 PS;SIMPLE_INSTRUMENT;EFS;EUR;31;107.49000000;1359;EXCHANGE_LAST;;1;1;XEUR;11820391;690;
02.05.2025;14:51:52.683;FGBS SI 20250606 PS;SIMPLE_INSTRUMENT;EFP_FIN;EUR;32;107.52500000;1466;EXCHANGE_LAST;;1;1;XEUR;11820391;690;
02.05.2025;14:55:52.838;FGBS SI 20250606 PS;SIMPLE_INSTRUMENT;EFS;EUR;33;107.46000000;2720;EXCHANGE_LAST;;1;1;XEUR;11820391;690;
02.05.2025;15:12:32.781;FGBS SI 20250606 PS;SIMPLE_INSTRUMENT;EFS;EUR;34;107.48000000;3000;EXCHANGE_LAST;;1;1;XEUR;11820391;690;
02.05.2025;15:14:26.672;FGBS SI 20250606 PS;SIMPLE_INSTRUMENT;EFS;EUR;35;107.44500000;9581;EXCHANGE_LAST;;1;1;XEUR;11820391;690;
02.05.2025;15:15:40.332;FGBS SI 20250606 PS;SIMPLE_INSTRUMENT;EFS;EUR;36;107.44500000;816;EXCHANGE_LAST;;1;1;XEUR;11820391;690;
02.05.2025;14:44:08.775;FGBS SI 20250606 PS;SIMPLE_INSTRUMENT;VOLA;EUR;268435525;107.47000000;90;EXCHANGE_LAST;;1;1;XEUR;11820391;690;
02.05.2025;08:36:12.024;FGBX SI 20250606 PS;SIMPLE_INSTRUMENT;EFS;EUR;1;123.82000000;201;EXCHANGE_LAST;;1;1;XEUR;11820392;691;
02.05.2025;10:22:08.923;FGBX SI 20250606 PS;SIMPLE_INSTRUMENT;EFS;EUR;6;123.82000000;201;EXCHANGE_LAST;;1;1;XEUR;11820392;691;
02.05.2025;11:18:37.179;FGBX SI 20250606 PS;SIMPLE_INSTRUMENT;EFP_FIN;EUR;7;123.28000000;60;EXCHANGE_LAST;;1;1;XEUR;11820392;691;
02.05.2025;11:18:42.132;FGBX SI 20250606 PS;SIMPLE_INSTRUMENT;EFS;EUR;8;123.22000000;18;EXCHANGE_LAST;;1;1;XEUR;11820392;691;
02.05.2025;12:10:26.504;FGBX SI 20250606 PS;SIMPLE_INSTRUMENT;EFP_FIN;EUR;9;123.12000000;357;EXCHANGE_LAST;;1;1;XEUR;11820392;691;
02.05.2025;12:29:39.434;FGBX SI 20250606 PS;SIMPLE_INSTRUMENT;EFP_FIN;EUR;10;123.18000000;132;EXCHANGE_LAST;;1;1;XEUR;11820392;691;
02.05.2025;12:53:27.775;FGBX SI 20250606 PS;SIMPLE_INSTRUMENT;EFS;EUR;11;122.90000000;350;EXCHANGE_LAST;;1;1;XEUR;11820392;691;
02.05.2025;13:07:33.506;FGBX SI 20250606 PS;SIMPLE_INSTRUMENT;EFP_FIN;EUR;13;122.90000000;125;EXCHANGE_LAST;;1;1;XEUR;11820392;691;
02.05.2025;14:02:48.443;FGBX SI 20250606 PS;SIMPLE_INSTRUMENT;EFS;EUR;15;123.06000000;203;EXCHANGE_LAST;;1;1;XEUR;11820392;691;
02.05.2025;14:33:35.351;FGBX SI 20250606 PS;SIMPLE_INSTRUMENT;BLOCK;EUR;17;122.44000000;285;EXCHANGE_LAST;;1;1;XEUR;11820392;691;
02.05.2025;15:09:13.227;FGBX SI 20250606 PS;SIMPLE_INSTRUMENT;EFP_FIN;EUR;19;122.34000000;372;EXCHANGE_LAST;;1;1;XEUR;11820392;691;
02.05.2025;15:19:21.913;FGBX SI 20250606 PS;SIMPLE_INSTRUMENT;EFS;EUR;20;122.28000000;180;EXCHANGE_LAST;;1;1;XEUR;11820392;691;
02.05.2025;15:43:23.135;FGBX SI 20250606 PS;SIMPLE_INSTRUMENT;EFP_FIN;EUR;23;122.34000000;186;EXCHANGE_LAST;;1;1;XEUR;11820392;691;
02.05.2025;15:39:19.526;FGBX SI 20250606 PS;SIMPLE_INSTRUMENT;VOLA;EUR;268435550;122.32000000;72;EXCHANGE_LAST;;1;1;XEUR;11820392;691;
02.05.2025;15:10:42.920;FIAK SI 20250619 CS;SIMPLE_INSTRUMENT;BLOCK;EUR;91;8.37300000;2600;EXCHANGE_LAST;;1;1;XEUR;11164348;144766;
02.05.2025;00:40:55.043;FMAU SI 20250620 CS;SIMPLE_INSTRUMENT;BLOCK;USD;2;5775.54900000;980;EXCHANGE_LAST;;1;1;XEUR;7939462;45287;
02.05.2025;01:00:09.973;FMAU SI 20250620 CS;SIMPLE_INSTRUMENT;BLOCK;USD;4;5775.54900000;875;EXCHANGE_LAST;;2;1;XEUR;7939462;45287;
02.05.2025;00:29:34.556;FMCH SI 20250620 CS;SIMPLE_INSTRUMENT;EFP_IDX;USD;1;561.78600000;179;EXCHANGE_LAST;;1;1;XEUR;7940815;402909;
02.05.2025;01:01:29.904;FMCH SI 20250620 CS;SIMPLE_INSTRUMENT;BLOCK;USD;5;562.06500000;536;EXCHANGE_LAST;;1;1;XEUR;7940815;402909;
02.05.2025;04:41:55.870;FMCH SI 20250620 CS;SIMPLE_INSTRUMENT;BLOCK;USD;10;561.84100000;286;EXCHANGE_LAST;;1;1;XEUR;7940815;402909;
02.05.2025;06:15:35.775;FMCH SI 20250620 CS;SIMPLE_INSTRUMENT;EFP_IDX;USD;13;562.01800000;124;EXCHANGE_LAST;;1;1;XEUR;7940815;402909;
02.05.2025;06:18:26.517;FMCH SI 20250620 CS;SIMPLE_INSTRUMENT;BLOCK;USD;15;567.16300000;200;EXCHANGE_LAST;;1;1;XEUR;7940815;402909;
02.05.2025;00:51:15.280;FMEA SI 20250620 CS;SIMPLE_INSTRUMENT;BLOCK;USD;3;701.86000000;50;EXCHANGE_LAST;;1;1;XEUR;7938804;12395;
02.05.2025;06:19:40.408;FMED SI 20250620 CS;SIMPLE_INSTRUMENT;BLOCK;USD;17;10571.97000000;130;EXCHANGE_LAST;;1;1;XEUR;7939645;48144;
02.05.2025;07:14:27.866;FMEE SI 20250620 CS;SIMPLE_INSTRUMENT;BLOCK;USD;42;343.64400000;280;EXCHANGE_LAST;;1;1;XEUR;7938810;12396;
02.05.2025;14:45:04.492;FMEF SI 20250620 CS;SIMPLE_INSTRUMENT;BLOCK;USD;58;1142.00000000;232;EXCHANGE_LAST;;1;1;XEUR;7408968;30657;
02.05.2025;12:21:35.108;FMEG SI 20250620 CS;SIMPLE_INSTRUMENT;BLOCK;EUR;56;333.97000000;200;EXCHANGE_LAST;;1;1;XEUR;7939092;18604;
02.05.2025;07:02:38.381;FMEL SI 20250620 CS;SIMPLE_INSTRUMENT;BLOCK;USD;37;570.20500000;76;EXCHANGE_LAST;;1;1;XEUR;7938814;12397;
02.05.2025;06:27:39.685;FMEM SI 20250620 CS;SIMPLE_INSTRUMENT;BLOCK;USD;24;601.60000000;113;EXCHANGE_LAST;;1;1;XEUR;7938803;12394;
02.05.2025;06:18:19.201;FMES SI 20250620 CS;SIMPLE_INSTRUMENT;EFP_IDX;EUR;14;575.53400000;1;EXCHANGE_LAST;;1;1;XEUR;7940344;221291;
02.05.2025;08:01:09.514;FMFP SI 20250620 CS;SIMPLE_INSTRUMENT;BLOCK;USD;49;2501.62000000;88;EXCHANGE_LAST;;1;1;XEUR;7411194;51999;
02.05.2025;06:30:10.249;FMGC SI 20250620 CS;SIMPLE_INSTRUMENT;BLOCK;USD;27;13382.86000000;60;EXCHANGE_LAST;;1;1;XEUR;7939680;48916;
02.05.2025;07:32:21.235;FMGC SI 20250620 CS;SIMPLE_INSTRUMENT;BLOCK;USD;47;13382.86000000;12;EXCHANGE_LAST;;1;1;XEUR;7939680;48916;
02.05.2025;09:52:00.476;FMGC SI 20250620 CS;SIMPLE_INSTRUMENT;BLOCK;USD;54;13382.36000000;30;EXCHANGE_LAST;;1;1;XEUR;7939680;48916;
02.05.2025;06:43:33.754;FMGM SI 20250620 CS;SIMPLE_INSTRUMENT;EFP_IDX;USD;30;4822.12000000;129;EXCHANGE_LAST;;1;1;XEUR;8609361;583626;
02.05.2025;06:22:33.319;FMGO SI 20250620 CS;SIMPLE_INSTRUMENT;EFP_IDX;USD;18;5570.41000000;4349;EXCHANGE_LAST;;1;1;XEUR;8609371;583623;
02.05.2025;06:23:22.066;FMGO SI 20250919 CS;SIMPLE_INSTRUMENT;EFP_IDX;USD;19;5628.52000000;4302;EXCHANGE_LAST;;1;1;XEUR;8609367;583623;
02.05.2025;13:42:08.034;FMGO SI 20250620 CS;SIMPLE_INSTRUMENT;BLOCK;USD;57;5590.00000000;460;EXCHANGE_LAST;;1;1;XEUR;8609371;583623;
02.05.2025;06:45:25.887;FMGQ SI 20250620 CS;SIMPLE_INSTRUMENT;EFP_IDX;USD;31;4874.99000000;314;EXCHANGE_LAST;;1;1;XEUR;8609386;583625;
02.05.2025;09:26:19.494;FMGQ SI 20250620 CS;SIMPLE_INSTRUMENT;EFP_IDX;USD;52;4874.31000000;488;EXCHANGE_LAST;;1;1;XEUR;8609386;583625;
02.05.2025;03:01:52.758;FMHK SI 20250620 CS;SIMPLE_INSTRUMENT;BLOCK;USD;8;59437.15000000;69;EXCHANGE_LAST;;1;1;XEUR;7939458;45282;
02.05.2025;07:02:54.376;FMHK SI 20250620 CS;SIMPLE_INSTRUMENT;EFP_IDX;USD;38;59319.16100000;3;EXCHANGE_LAST;;1;1;XEUR;7939458;45282;
02.05.2025;08:02:22.100;FMHK SI 20250620 CS;SIMPLE_INSTRUMENT;BLOCK;USD;50;60383.00000000;18;EXCHANGE_LAST;;1;1;XEUR;7939458;45282;
02.05.2025;06:51:54.380;FMID SI 20250620 CS;SIMPLE_INSTRUMENT;EFP_IDX;USD;3;1465.63000000;50;EXCHANGE_LAST;;1;1;XEUR;7939464;45289;
02.05.2025;01:02:41.933;FMIN SI 20250620 CS;SIMPLE_INSTRUMENT;BLOCK;USD;6;1275.06200000;158;EXCHANGE_LAST;;1;1;XEUR;7938852;12404;
02.05.2025;03:46:04.356;FMIN SI 20250620 CS;SIMPLE_INSTRUMENT;BLOCK;USD;9;1275.18400000;50;EXCHANGE_LAST;;1;1;XEUR;7938852;12404;
02.05.2025;05:35:56.615;FMIN SI 20250620 CS;SIMPLE_INSTRUMENT;BLOCK;USD;11;1275.44300000;13;EXCHANGE_LAST;;1;1;XEUR;7938852;12404;
02.05.2025;06:52:47.498;FMIN SI 20250620 CS;SIMPLE_INSTRUMENT;EFP_IDX;USD;36;1274.83000000;60;EXCHANGE_LAST;;1;1;XEUR;7938852;12404;
02.05.2025;07:14:38.783;FMIN SI 20250620 CS;SIMPLE_INSTRUMENT;BLOCK;USD;43;1274.68100000;79;EXCHANGE_LAST;;1;1;XEUR;7938852;12404;
02.05.2025;01:14:11.526;FMJP SI 20250620 CS;SIMPLE_INSTRUMENT;BLOCK;USD;7;9165.94500000;103;EXCHANGE_LAST;;1;1;XEUR;7937445;661;
02.05.2025;06:53:51.205;FMKW SI 20250620 CS;SIMPLE_INSTRUMENT;EFP_IDX;USD;4;1795.81300000;6;EXCHANGE_LAST;;1;1;XEUR;7940358;221298;
02.05.2025;06:30:50.758;FMOV SI 20250620 CS;SIMPLE_INSTRUMENT;BLOCK;USD;28;14285.89000000;235;EXCHANGE_LAST;;1;1;XEUR;7939784;51878;
02.05.2025;07:22:42.325;FMPA SI 20250620 CS;SIMPLE_INSTRUMENT;BLOCK;USD;45;8923.86300000;505;EXCHANGE_LAST;;1;1;XEUR;7939647;48143;
02.05.2025;09:10:11.566;FMPA SI 20250620 CS;SIMPLE_INSTRUMENT;BLOCK;USD;51;8923.86300000;45;EXCHANGE_LAST;;1;1;XEUR;7939647;48143;
02.05.2025;06:12:12.297;FMQA SI 20250620 CS;SIMPLE_INSTRUMENT;BLOCK;USD;1;1718.60000000;15;EXCHANGE_LAST;;1;1;XEUR;7939461;45285;
02.05.2025;06:29:30.035;FMSA SI 20250620 CS;SIMPLE_INSTRUMENT;BLOCK;USD;26;1782.25300000;100;EXCHANGE_LAST;;1;1;XEUR;7940199;134861;
02.05.2025;06:50:48.166;FMSA SI 20250620 CS;SIMPLE_INSTRUMENT;EFP_IDX;USD;35;1781.75000000;90;EXCHANGE_LAST;;1;1;XEUR;7940199;134861;
02.05.2025;07:03:51.710;FMSA SI 20250620 CS;SIMPLE_INSTRUMENT;BLOCK;USD;39;1764.84000000;143;EXCHANGE_LAST;;1;1;XEUR;7940199;134861;
02.05.2025;07:18:50.255;FMSA SI 20250620 CS;SIMPLE_INSTRUMENT;EFP_IDX;USD;44;1781.69000000;120;EXCHANGE_LAST;;1;1;XEUR;7940199;134861;
02.05.2025;07:05:31.624;FMSC SI 20250620 CS;SIMPLE_INSTRUMENT;EFP_IDX;USD;40;690.14800000;22;EXCHANGE_LAST;;1;1;XEUR;7940363;221303;
02.05.2025;07:36:20.665;FMSJ SI 20250620 CS;SIMPLE_INSTRUMENT;BLOCK;USD;48;2625.93700000;13;EXCHANGE_LAST;;1;1;XEUR;7940335;208341;
02.05.2025;06:47:56.798;FMSU SI 20250620 CS;SIMPLE_INSTRUMENT;BLOCK;USD;33;5311.14000000;1029;EXCHANGE_LAST;;1;1;XEUR;7940343;208344;
02.05.2025;06:50:11.060;FMUA SI 20250620 CS;SIMPLE_INSTRUMENT;EFP_IDX;USD;2;966.77000000;17;EXCHANGE_LAST;;1;1;XEUR;7939459;45284;
02.05.2025;07:03:59.305;FMUA SI 20250620 CS;SIMPLE_INSTRUMENT;BLOCK;USD;5;965.74900000;61;EXCHANGE_LAST;;1;1;XEUR;7939459;45284;
02.05.2025;11:02:50.954;FMUA SI 20250620 CS;SIMPLE_INSTRUMENT;BLOCK;USD;6;973.92000000;71;EXCHANGE_LAST;;1;1;XEUR;7939459;45284;
02.05.2025;06:08:42.112;FMWN SI 20250620 CS;SIMPLE_INSTRUMENT;BLOCK;EUR;12;525.15000000;155;EXCHANGE_LAST;;1;1;XEUR;7939177;30654;
02.05.2025;06:19:07.026;FMWO SI 20250620 CS;SIMPLE_INSTRUMENT;EFP_IDX;USD;16;11694.81000000;435;EXCHANGE_LAST;;1;1;XEUR;7938711;7059;
02.05.2025;06:23:44.051;FMWO SI 20250620 CS;SIMPLE_INSTRUMENT;EFP_IDX;USD;20;11695.95600000;1327;EXCHANGE_LAST;;1;1;XEUR;7938711;7059;
02.05.2025;06:26:06.763;FMWO SI 20250620 CS;SIMPLE_INSTRUMENT;BLOCK;USD;21;11696.31000000;243;EXCHANGE_LAST;;1;1;XEUR;7938711;7059;
02.05.2025;06:27:38.433;FMWO SI 20250620 CS;SIMPLE_INSTRUMENT;BLOCK;USD;22;11693.56000000;1646;EXCHANGE_LAST;;1;1;XEUR;7938711;7059;
02.05.2025;06:28:22.102;FMWO SI 20250620 CS;SIMPLE_INSTRUMENT;BLOCK;USD;25;11690.31000000;220;EXCHANGE_LAST;;1;1;XEUR;7938711;7059;
02.05.2025;06:34:30.560;FMWO SI 20250620 CS;SIMPLE_INSTRUMENT;BLOCK;USD;29;11694.56000000;285;EXCHANGE_LAST;;1;1;XEUR;7938711;7059;
02.05.2025;06:47:23.655;FMWO SI 20250620 CS;SIMPLE_INSTRUMENT;EFP_IDX;USD;32;11694.31000000;36;EXCHANGE_LAST;;1;1;XEUR;7938711;7059;
02.05.2025;06:48:02.506;FMWO SI 20250620 CS;SIMPLE_INSTRUMENT;EFP_IDX;USD;34;11689.31000000;29;EXCHANGE_LAST;;1;1;XEUR;7938711;7059;
02.05.2025;07:07:16.931;FMWO SI 20250620 CS;SIMPLE_INSTRUMENT;EFP_IDX;USD;41;11683.36000000;792;EXCHANGE_LAST;;1;1;XEUR;7938711;7059;
02.05.2025;07:26:40.879;FMWO SI 20250620 CS;SIMPLE_INSTRUMENT;BLOCK;USD;46;11694.56000000;315;EXCHANGE_LAST;;1;1;XEUR;7938711;7059;
02.05.2025;06:27:38.880;FMXG SI 20250620 CS;SIMPLE_INSTRUMENT;EFP_IDX;EUR;23;374.21000000;3097;EXCHANGE_LAST;;1;1;XEUR;7940141;124306;
02.05.2025;07:58:36.420;FOAT SI 20250606 PS;SIMPLE_INSTRUMENT;EFP_FIN;EUR;1;125.47000000;343;EXCHANGE_LAST;;1;1;XEUR;11820393;749;
02.05.2025;07:58:36.420;FOAT SI 20250606 PS;SIMPLE_INSTRUMENT;EFP_FIN;EUR;2;125.49000000;729;EXCHANGE_LAST;;1;1;XEUR;11820393;749;
02.05.2025;08:17:14.416;FOAT SI 20250606 PS;SIMPLE_INSTRUMENT;BLOCK;EUR;3;125.50000000;779;EXCHANGE_LAST;;1;1;XEUR;11820393;749;
02.05.2025;08:42:24.926;FOAT SI 20250606 PS;SIMPLE_INSTRUMENT;EFP_FIN;EUR;4;125.52000000;788;EXCHANGE_LAST;;1;1;XEUR;11820393;749;
02.05.2025;08:48:14.427;FOAT SI 20250606 PS;SIMPLE_INSTRUMENT;EFP_FIN;EUR;5;125.53000000;1970;EXCHANGE_LAST;;1;1;XEUR;11820393;749;
02.05.2025;08:49:44.243;FOAT SI 20250606 PS;SIMPLE_INSTRUMENT;EFP_FIN;EUR;6;125.53000000;465;EXCHANGE_LAST;;1;1;XEUR;11820393;749;
02.05.2025;08:50:04.342;FOAT SI 20250606 PS;SIMPLE_INSTRUMENT;EFP_FIN;EUR;7;125.52000000;1182;EXCHANGE_LAST;;1;1;XEUR;11820393;749;
02.05.2025;08:58:19.420;FOAT SI 20250606 PS;SIMPLE_INSTRUMENT;EFP_FIN;EUR;8;125.48000000;1982;EXCHANGE_LAST;;1;1;XEUR;11820393;749;
02.05.2025;09:06:34.829;FOAT SI 20250606 PS;SIMPLE_INSTRUMENT;EFP_FIN;EUR;9;125.52000000;1970;EXCHANGE_LAST;;1;1;XEUR;11820393;749;
02.05.2025;09:06:37.297;FOAT SI 20250606 PS;SIMPLE_INSTRUMENT;BLOCK;EUR;10;125.58000000;394;EXCHANGE_LAST;;1;1;XEUR;11820393;749;
02.05.2025;09:21:30.847;FOAT SI 20250606 PS;SIMPLE_INSTRUMENT;EFP_FIN;EUR;13;125.60000000;788;EXCHANGE_LAST;;1;1;XEUR;11820393;749;
02.05.2025;09:33:21.823;FOAT SI 20250606 PS;SIMPLE_INSTRUMENT;EFP_FIN;EUR;14;125.56000000;788;EXCHANGE_LAST;;1;1;XEUR;11820393;749;
02.05.2025;09:33:45.321;FOAT SI 20250606 PS;SIMPLE_INSTRUMENT;EFP_FIN;EUR;15;125.56000000;1182;EXCHANGE_LAST;;1;1;XEUR;11820393;749;
02.05.2025;09:55:09.736;FOAT SI 20250606 PS;SIMPLE_INSTRUMENT;EFP_FIN;EUR;16;125.50000000;343;EXCHANGE_LAST;;1;1;XEUR;11820393;749;
02.05.2025;09:59:29.753;FOAT SI 20250606 PS;SIMPLE_INSTRUMENT;EFP_FIN;EUR;17;125.51000000;394;EXCHANGE_LAST;;1;1;XEUR;11820393;749;
02.05.2025;10:05:35.527;FOAT SI 20250606 PS;SIMPLE_INSTRUMENT;EFP_FIN;EUR;18;125.55000000;78;EXCHANGE_LAST;;1;1;XEUR;11820393;749;
02.05.2025;10:10:51.781;FOAT SI 20250606 PS;SIMPLE_INSTRUMENT;EFP_FIN;EUR;19;125.60000000;1182;EXCHANGE_LAST;;1;1;XEUR;11820393;749;
02.05.2025;10:11:46.776;FOAT SI 20250606 PS;SIMPLE_INSTRUMENT;EFP_FIN;EUR;20;125.60000000;1970;EXCHANGE_LAST;;1;1;XEUR;11820393;749;
02.05.2025;10:13:56.009;FOAT SI 20250606 PS;SIMPLE_INSTRUMENT;EFP_FIN;EUR;21;125.55000000;234;EXCHANGE_LAST;;1;1;XEUR;11820393;749;
02.05.2025;10:15:59.281;FOAT SI 20250606 PS;SIMPLE_INSTRUMENT;EFS;EUR;22;125.53000000;491;EXCHANGE_LAST;;1;1;XEUR;11820393;749;
02.05.2025;10:20:29.202;FOAT SI 20250606 PS;SIMPLE_INSTRUMENT;EFP_FIN;EUR;23;125.50000000;320;EXCHANGE_LAST;;1;1;XEUR;11820393;749;
02.05.2025;10:21:40.304;FOAT SI 20250606 PS;SIMPLE_INSTRUMENT;EFP_FIN;EUR;24;125.48000000;788;EXCHANGE_LAST;;1;1;XEUR;11820393;749;
02.05.2025;10:24:56.471;FOAT SI 20250606 PS;SIMPLE_INSTRUMENT;EFP_FIN;EUR;25;125.55000000;626;EXCHANGE_LAST;;1;1;XEUR;11820393;749;
02.05.2025;10:26:56.167;FOAT SI 20250606 PS;SIMPLE_INSTRUMENT;EFP_FIN;EUR;26;125.44000000;433;EXCHANGE_LAST;;1;1;XEUR;11820393;749;
02.05.2025;10:28:18.546;FOAT SI 20250606 PS;SIMPLE_INSTRUMENT;EFP_FIN;EUR;27;125.47000000;868;EXCHANGE_LAST;;1;1;XEUR;11820393;749;
02.05.2025;10:28:58.605;FOAT SI 20250606 PS;SIMPLE_INSTRUMENT;EFP_FIN;EUR;28;125.55000000;324;EXCHANGE_LAST;;1;1;XEUR;11820393;749;
02.05.2025;10:30:42.712;FOAT SI 20250606 PS;SIMPLE_INSTRUMENT;EFP_FIN;EUR;29;125.55000000;54;EXCHANGE_LAST;;1;1;XEUR;11820393;749;
02.05.2025;10:32:20.087;FOAT SI 20250606 PS;SIMPLE_INSTRUMENT;EFP_FIN;EUR;30;125.55000000;102;EXCHANGE_LAST;;1;1;XEUR;11820393;749;
02.05.2025;10:42:16.578;FOAT SI 20250606 PS;SIMPLE_INSTRUMENT;EFP_FIN;EUR;31;125.49000000;975;EXCHANGE_LAST;;1;1;XEUR;11820393;749;
02.05.2025;10:45:29.372;FOAT SI 20250606 PS;SIMPLE_INSTRUMENT;EFP_FIN;EUR;32;125.52000000;1970;EXCHANGE_LAST;;1;1;XEUR;11820393;749;
02.05.2025;10:47:47.684;FOAT SI 20250606 PS;SIMPLE_INSTRUMENT;EFP_FIN;EUR;33;125.43000000;693;EXCHANGE_LAST;;1;1;XEUR;11820393;749;
02.05.2025;11:00:07.524;FOAT SI 20250606 PS;SIMPLE_INSTRUMENT;EFP_FIN;EUR;34;125.48000000;236;EXCHANGE_LAST;;1;1;XEUR;11820393;749;
02.05.2025;11:17:11.788;FOAT SI 20250606 PS;SIMPLE_INSTRUMENT;EFP_FIN;EUR;35;125.48000000;1182;EXCHANGE_LAST;;1;1;XEUR;11820393;749;
02.05.2025;11:42:19.126;FOAT SI 20250606 PS;SIMPLE_INSTRUMENT;EFP_FIN;EUR;36;125.60000000;2915;EXCHANGE_LAST;;1;1;XEUR;11820393;749;
02.05.2025;11:52:31.932;FOAT SI 20250606 PS;SIMPLE_INSTRUMENT;EFP_FIN;EUR;37;125.50000000;1576;EXCHANGE_LAST;;1;1;XEUR;11820393;749;
02.05.2025;12:00:49.360;FOAT SI 20250606 PS;SIMPLE_INSTRUMENT;EFP_FIN;EUR;38;125.51000000;788;EXCHANGE_LAST;;1;1;XEUR;11820393;749;
02.05.2025;12:01:44.377;FOAT SI 20250606 PS;SIMPLE_INSTRUMENT;EFP_FIN;EUR;39;125.49000000;985;EXCHANGE_LAST;;1;1;XEUR;11820393;749;
02.05.2025;12:51:39.455;FOAT SI 20250606 PS;SIMPLE_INSTRUMENT;EFS;EUR;41;125.43000000;243;EXCHANGE_LAST;;1;1;XEUR;11820393;749;
02.05.2025;13:01:07.976;FOAT SI 20250606 PS;SIMPLE_INSTRUMENT;EFP_FIN;EUR;42;125.46000000;343;EXCHANGE_LAST;;1;1;XEUR;11820393;749;
02.05.2025;13:06:10.891;FOAT SI 20250606 PS;SIMPLE_INSTRUMENT;EFP_FIN;EUR;43;125.35000000;181;EXCHANGE_LAST;;1;1;XEUR;11820393;749;
02.05.2025;13:16:40.838;FOAT SI 20250606 PS;SIMPLE_INSTRUMENT;EFP_FIN;EUR;44;125.48000000;131;EXCHANGE_LAST;;1;1;XEUR;11820393;749;
02.05.2025;13:26:56.903;FOAT SI 20250606 PS;SIMPLE_INSTRUMENT;EFP_FIN;EUR;45;125.43000000;79;EXCHANGE_LAST;;1;1;XEUR;11820393;749;
02.05.2025;13:37:07.078;FOAT SI 20250606 PS;SIMPLE_INSTRUMENT;EFP_FIN;EUR;46;125.37000000;343;EXCHANGE_LAST;;1;1;XEUR;11820393;749;
02.05.2025;13:45:47.848;FOAT SI 20250606 PS;SIMPLE_INSTRUMENT;EFS;EUR;47;125.33000000;246;EXCHANGE_LAST;;1;1;XEUR;11820393;749;
02.05.2025;13:55:33.218;FOAT SI 20250606 PS;SIMPLE_INSTRUMENT;EFP_FIN;EUR;48;125.40000000;1182;EXCHANGE_LAST;;1;1;XEUR;11820393;749;
02.05.2025;14:56:40.813;FOAT SI 20250606 PS;SIMPLE_INSTRUMENT;EFP_FIN;EUR;49;125.13000000;343;EXCHANGE_LAST;;1;1;XEUR;11820393;749;
02.05.2025;15:48:18.500;FOAT SI 20250606 PS;SIMPLE_INSTRUMENT;EFP_FIN;EUR;50;125.14000000;424;EXCHANGE_LAST;;1;1;XEUR;11820393;749;
02.05.2025;15:51:45.699;FOAT SI 20250606 PS;SIMPLE_INSTRUMENT;EFP_FIN;EUR;51;125.14000000;988;EXCHANGE_LAST;;1;1;XEUR;11820393;749;
02.05.2025;16:06:34.903;FOAT SI 20250606 PS;SIMPLE_INSTRUMENT;EFP_FIN;EUR;52;125.05000000;78;EXCHANGE_LAST;;1;1;XEUR;11820393;749;
02.05.2025;11:30:43.801;FRA SI 20250919 PS AM C 60.00 0;SIMPLE_INSTRUMENT;BLOCK;EUR;13;3.70000000;1000;EXCHANGE_LAST;;1;1;XEUR;11881658;740;
02.05.2025;15:44:07.112;FSEG SI 20250620 CS;SIMPLE_INSTRUMENT;EFP_IDX;EUR;34;197.00000000;94;EXCHANGE_LAST;;1;1;XEUR;11913120;109977;
02.05.2025;15:44:14.113;FSEG SI 20250620 CS;SIMPLE_INSTRUMENT;EFP_IDX;EUR;35;196.90000000;114;EXCHANGE_LAST;;1;1;XEUR;11913120;109977;
02.05.2025;15:59:58.345;FSEG SI 20250620 CS;SIMPLE_INSTRUMENT;EFP_IDX;EUR;42;196.90000000;68;EXCHANGE_LAST;;1;1;XEUR;11913120;109977;
02.05.2025;16:00:30.629;FSEG SI 20250620 CS;SIMPLE_INSTRUMENT;EFP_IDX;EUR;43;197.00000000;46;EXCHANGE_LAST;;1;1;XEUR;11913120;109977;
02.05.2025;14:39:52.538;FSMI SI 20250620 CS;SIMPLE_INSTRUMENT;BLOCK;CHF;1;12210.00000000;800;EXCHANGE_LAST;;1;1;XEUR;7904351;757;
02.05.2025;14:41:44.912;FSMI SI 20250620 CS;SIMPLE_INSTRUMENT;EFP_IDX;CHF;2;12225.00000000;300;EXCHANGE_LAST;;1;1;XEUR;7904351;757;
02.05.2025;14:50:05.692;FSMI SI 20250620 CS;SIMPLE_INSTRUMENT;EFP_IDX;CHF;3;12235.00000000;400;EXCHANGE_LAST;;1;1;XEUR;7904351;757;
02.05.2025;15:16:21.051;FSMI SI 20250620 CS;SIMPLE_INSTRUMENT;BLOCK;CHF;4;12248.00000000;600;EXCHANGE_LAST;;1;1;XEUR;7904351;757;
02.05.2025;15:34:24.105;FSMI SI 20250620 CS;SIMPLE_INSTRUMENT;EFP_IDX;CHF;5;12219.00000000;11;EXCHANGE_LAST;;1;1;XEUR;7904351;757;
02.05.2025;15:34:31.694;FSMI SI 20250620 CS;SIMPLE_INSTRUMENT;EFP_IDX;CHF;6;12220.00000000;39;EXCHANGE_LAST;;1;1;XEUR;7904351;757;
02.05.2025;15:44:30.188;FSMX SI 20250620 CS;SIMPLE_INSTRUMENT;BLOCK;EUR;36;29420.00000000;338;EXCHANGE_LAST;;1;1;XEUR;11923155;396422;
02.05.2025;15:44:42.447;FSMX SI 20250620 CS;SIMPLE_INSTRUMENT;BLOCK;EUR;37;29422.00000000;280;EXCHANGE_LAST;;1;1;XEUR;11923155;396422;
02.05.2025;15:47:41.124;FSTA SI 20250620 CS;SIMPLE_INSTRUMENT;EFP_IDX;EUR;3;514.00000000;141;EXCHANGE_LAST;;1;1;XEUR;11881326;715;
02.05.2025;15:47:48.125;FSTA SI 20250620 CS;SIMPLE_INSTRUMENT;EFP_IDX;EUR;4;513.90000000;329;EXCHANGE_LAST;;1;1;XEUR;11881326;715;
02.05.2025;15:42:03.301;FSTB SI 20250620 CS;SIMPLE_INSTRUMENT;BLOCK;EUR;32;257.10000000;1426;EXCHANGE_LAST;;1;1;XEUR;11881325;714;
02.05.2025;16:06:09.787;FSTC SI 20250620 CS;SIMPLE_INSTRUMENT;EFP_IDX;EUR;7;1247.70000000;100;EXCHANGE_LAST;;1;1;XEUR;11881324;713;
02.05.2025;16:06:09.787;FSTC SI 20250620 CS;SIMPLE_INSTRUMENT;EFP_IDX;EUR;8;1247.80000000;150;EXCHANGE_LAST;;1;1;XEUR;11881324;713;
02.05.2025;16:06:09.726;FSTG SI 20250620 CS;SIMPLE_INSTRUMENT;EFP_IDX;EUR;46;949.10000000;224;EXCHANGE_LAST;;1;1;XEUR;11881328;717;
02.05.2025;16:06:09.747;FSTG SI 20250620 CS;SIMPLE_INSTRUMENT;EFP_IDX;EUR;47;949.20000000;150;EXCHANGE_LAST;;1;1;XEUR;11881328;717;
02.05.2025;15:52:42.097;FSTI SI 20250620 CS;SIMPLE_INSTRUMENT;EFP_IDX;EUR;40;476.70000000;308;EXCHANGE_LAST;;1;1;XEUR;11881319;707;
02.05.2025;15:52:25.659;FSTI SI 20250620 CS;SIMPLE_INSTRUMENT;EFP_IDX;EUR;41;476.80000000;132;EXCHANGE_LAST;;1;1;XEUR;11881319;707;
02.05.2025;10:25:20.210;FSTL SI 20250620 CS;SIMPLE_INSTRUMENT;BLOCK;EUR;10;130.00000000;3000;EXCHANGE_LAST;;1;1;XEUR;11881317;706;
02.05.2025;15:47:59.386;FSTL SI 20250620 CS;SIMPLE_INSTRUMENT;EFP_IDX;EUR;38;130.30000000;2009;EXCHANGE_LAST;;1;1;XEUR;11881317;706;
02.05.2025;15:48:28.016;FSTL SI 20250620 CS;SIMPLE_INSTRUMENT;EFP_IDX;EUR;39;130.40000000;502;EXCHANGE_LAST;;1;1;XEUR;11881317;706;
02.05.2025;13:20:26.765;FSTN SI 20250620 CS;SIMPLE_INSTRUMENT;BLOCK;EUR;23;781.80000000;580;EXCHANGE_LAST;;1;1;XEUR;11881318;704;
02.05.2025;16:06:09.705;FSTN SI 20250620 CS;SIMPLE_INSTRUMENT;EFP_IDX;EUR;44;783.80000000;178;EXCHANGE_LAST;;1;1;XEUR;11881318;704;
02.05.2025;16:06:09.705;FSTN SI 20250620 CS;SIMPLE_INSTRUMENT;EFP_IDX;EUR;45;784.90000000;73;EXCHANGE_LAST;;1;1;XEUR;11881318;704;
02.05.2025;16:06:09.705;FSTO SI 20250620 CS;SIMPLE_INSTRUMENT;EFP_IDX;EUR;5;682.90000000;201;EXCHANGE_LAST;;1;1;XEUR;11881323;711;
02.05.2025;16:06:09.726;FSTO SI 20250620 CS;SIMPLE_INSTRUMENT;EFP_IDX;EUR;6;683.00000000;50;EXCHANGE_LAST;;1;1;XEUR;11881323;711;
02.05.2025;10:42:01.887;FSTR SI 20250620 CS;SIMPLE_INSTRUMENT;BLOCK;EUR;1;441.50000000;260;EXCHANGE_LAST;;1;1;XEUR;11881322;710;
02.05.2025;10:42:27.915;FSTR SI 20250620 CS;SIMPLE_INSTRUMENT;BLOCK;EUR;2;442.60000000;250;EXCHANGE_LAST;;1;1;XEUR;11881322;710;
02.05.2025;15:43:04.922;FSTU SI 20250620 CS;SIMPLE_INSTRUMENT;BLOCK;EUR;33;431.30000000;310;EXCHANGE_LAST;;1;1;XEUR;11881333;730;
02.05.2025;16:06:09.787;FSTZ SI 20250620 CS;SIMPLE_INSTRUMENT;EFP_IDX;EUR;9;1010.30000000;51;EXCHANGE_LAST;;1;1;XEUR;11881336;734;
02.05.2025;16:06:09.808;FSTZ SI 20250620 CS;SIMPLE_INSTRUMENT;EFP_IDX;EUR;10;1010.40000000;202;EXCHANGE_LAST;;1;1;XEUR;11881336;734;
02.05.2025;15:39:27.154;FXXP SI 20250620 CS;SIMPLE_INSTRUMENT;BLOCK;EUR;59;533.00000000;1122;EXCHANGE_LAST;;1;1;XEUR;7904812;816;
02.05.2025;15:39:27.198;FXXP SI 20250620 CS;SIMPLE_INSTRUMENT;BLOCK;EUR;60;533.20000000;1372;EXCHANGE_LAST;;1;1;XEUR;7904812;816;
02.05.2025;15:48:46.258;FXXP SI 20250620 CS;SIMPLE_INSTRUMENT;EFP_IDX;EUR;62;533.20000000;540;EXCHANGE_LAST;;1;1;XEUR;7904812;816;
02.05.2025;15:49:03.261;FXXP SI 20250620 CS;SIMPLE_INSTRUMENT;EFP_IDX;EUR;63;533.30000000;60;EXCHANGE_LAST;;1;1;XEUR;7904812;816;
02.05.2025;16:01:32.494;FXXP SI 20250620 CS;SIMPLE_INSTRUMENT;EFP_IDX;EUR;64;533.10000000;900;EXCHANGE_LAST;;1;1;XEUR;7904812;816;
02.05.2025;16:01:19.263;FXXP SI 20250620 CS;SIMPLE_INSTRUMENT;EFP_IDX;EUR;65;533.20000000;100;EXCHANGE_LAST;;1;1;XEUR;7904812;816;
02.05.2025;16:01:06.538;FXXP SI 20250620 CS;SIMPLE_INSTRUMENT;EFP_IDX;EUR;66;533.10000000;720;EXCHANGE_LAST;;1;1;XEUR;7904812;816;
02.05.2025;16:00:52.478;FXXP SI 20250620 CS;SIMPLE_INSTRUMENT;EFP_IDX;EUR;67;533.20000000;80;EXCHANGE_LAST;;1;1;XEUR;7904812;816;
02.05.2025;14:59:53.609;FXXP SI 20250620 CS;SIMPLE_INSTRUMENT;VOLA;EUR;603979844;531.70000000;119;EXCHANGE_LAST;;1;1;XEUR;7904812;816;
02.05.2025;15:56:50.793;FXXP SI 20250620 CS;SIMPLE_INSTRUMENT;VOLA;EUR;603979854;534.00000000;118;EXCHANGE_LAST;;1;1;XEUR;7904812;816;
02.05.2025;11:01:49.525;GAD SI 20250516 PS AM C 79.00 0;SIMPLE_INSTRUMENT;BLOCK;CHF;31;20.50000000;1000;EXCHANGE_LAST;;1;1;XEUR;13205567;834185;
02.05.2025;08:27:26.672;GEBN SI 20251219 PS AM P 400.00 0;SIMPLE_INSTRUMENT;BLOCK;CHF;9;3.85000000;500;EXCHANGE_LAST;;1;1;XEUR;10407760;882;
02.05.2025;13:25:26.051;GLPG SI 20250620 PS AM C 23.50 0;SIMPLE_INSTRUMENT;BLOCK;EUR;3;1.80000000;400;EXCHANGE_LAST;;1;1;XEUR;13033842;50270;
02.05.2025;13:25:28.999;GLPG SI 20250620 PS AM P 23.50 0;SIMPLE_INSTRUMENT;BLOCK;EUR;4;0.75000000;400;EXCHANGE_LAST;;1;1;XEUR;13033840;50270;
02.05.2025;12:54:17.951;GXI SI 20250516 PS AM C 69.00 0;SIMPLE_INSTRUMENT;BLOCK;EUR;2;1.30000000;250;EXCHANGE_LAST;;1;1;XEUR;12820816;852;
02.05.2025;11:02:08.132;GZF.O.250502.BR23.000001;STANDARD_OPTION_STRATEGY;BLOCK;EUR;24;-1.72000000;2500;EXCHANGE_LAST;;1;2;XEUR;72061266234982150;855;
02.05.2025;11:02:08.132;GZF SI 20281215 PS AM P 16.00 0;SIMPLE_INSTRUMENT;BLOCK;EUR;24;2.18000000;5000;PRC_DECOMP_MEMBER;;;;XEUR;10407756;855;MEMBER
02.05.2025;11:02:08.132;GZF SI 20281215 PS AM P 12.00 0;SIMPLE_INSTRUMENT;BLOCK;EUR;24;0.88000000;7500;PRC_DECOMP_MEMBER;;;;XEUR;10407733;855;MEMBER
02.05.2025;15:23:33.088;GZF.O.250502.COMBO.000002;STANDARD_OPTION_STRATEGY;BLOCK;EUR;44;-0.17000000;3000;EXCHANGE_LAST;;1;1;XEUR;72061266234982151;855;
02.05.2025;15:23:33.088;GZF SI 20260619 PS AM C 22.00 0;SIMPLE_INSTRUMENT;BLOCK;EUR;44;0.28000000;3000;PRC_DECOMP_EXCHANGE;;;;XEUR;9550181;855;EXCHANGE
02.05.2025;15:23:33.088;GZF SI 20260619 PS AM P 10.00 0;SIMPLE_INSTRUMENT;BLOCK;EUR;44;0.11000000;3000;PRC_DECOMP_EXCHANGE;;;;XEUR;9550233;855;EXCHANGE
02.05.2025;11:27:28.300;HMIJ SI 20250620 CS;SIMPLE_INSTRUMENT;BLOCK;EUR;54;2405.48000000;85;EXCHANGE_LAST;;1;1;XEUR;12545026;996457;
02.05.2025;13:59:07.325;HMIJ SI 20250620 CS;SIMPLE_INSTRUMENT;BLOCK;EUR;76;2405.48000000;45;EXCHANGE_LAST;;1;1;XEUR;12545026;996457;
02.05.2025;08:10:51.182;HOLN SI 20250919 PS AM P 68.00 0;SIMPLE_INSTRUMENT;BLOCK;CHF;8;0.54000000;1000;EXCHANGE_LAST;;1;1;XEUR;11884505;943;
02.05.2025;14:01:55.813;HOLN FI 20250528 CS EU C 94.7000 0;FLEXIBLE_INSTRUMENT;BLOCK;CHF;49;0.79000000;620;EXCHANGE_LAST;;1;1;XEUR;1152925554761023160;943;
02.05.2025;10:07:59.547;I2TK SI 20250620 CS;SIMPLE_INSTRUMENT;BLOCK;EUR;20;1.00000000;82;EXCHANGE_LAST;;1;1;XEUR;10842378;919;
02.05.2025;09:26:02.100;IBE FI 20281215 PS EU C 17.5000 0;FLEXIBLE_INSTRUMENT;BLOCK;EUR;7;1.20000000;6660;EXCHANGE_LAST;;1;1;XEUR;1152925404437155753;908;
02.05.2025;09:25:38.779;IBE FI 20281215 PS EU P 17.5000 0;FLEXIBLE_INSTRUMENT;BLOCK;EUR;8;3.71000000;3700;EXCHANGE_LAST;;1;1;XEUR;1152925404437155754;908;
02.05.2025;14:41:34.940;IBE.O.250502.STG.000001;STANDARD_OPTION_STRATEGY;BLOCK;EUR;20;0.89000000;3800;EXCHANGE_LAST;;1;1;XEUR;72061493868237445;908;
02.05.2025;14:41:34.940;IBE SI 20250919 PS AM C 15.50 0;SIMPLE_INSTRUMENT;BLOCK;EUR;20;0.71000000;3800;PRC_DECOMP_EXCHANGE;;;;XEUR;11884150;908;EXCHANGE
02.05.2025;14:41:34.940;IBE SI 20250919 PS AM P 14.00 0;SIMPLE_INSTRUMENT;BLOCK;EUR;20;0.18000000;3800;PRC_DECOMP_EXCHANGE;;;;XEUR;9163649;908;EXCHANGE
02.05.2025;08:22:00.308;IFX SI 20250919 PS AM C 28.00 0;SIMPLE_INSTRUMENT;BLOCK;EUR;6;4.00000000;4000;EXCHANGE_LAST;;1;1;XEUR;11884205;902;
02.05.2025;09:28:30.585;IFX SI 20250516 PS AM C 33.00 0;SIMPLE_INSTRUMENT;BLOCK;EUR;8;0.17000000;2000;EXCHANGE_LAST;;1;1;XEUR;12821459;902;
02.05.2025;11:11:13.195;IFX SI 20250620 PS AM P 28.50 0;SIMPLE_INSTRUMENT;BLOCK;EUR;12;1.33000000;2500;EXCHANGE_LAST;;1;1;XEUR;13008114;902;
02.05.2025;08:48:32.879;INN SI 20250620 PS AM P 14.00 0;SIMPLE_INSTRUMENT;BLOCK;EUR;3;0.06000000;2250;EXCHANGE_LAST;;1;1;XEUR;12579144;1014;
02.05.2025;14:38:29.185;INN SI 20260619 PS AM P 7.92 1;SIMPLE_INSTRUMENT;BLOCK;EUR;16;0.10000000;4500;EXCHANGE_LAST;;1;1;XEUR;9553261;1014;
02.05.2025;14:53:33.502;INN SI 20260619 PS AM C 22.00 0;SIMPLE_INSTRUMENT;BLOCK;EUR;24;0.62000000;4500;EXCHANGE_LAST;;1;1;XEUR;12579378;1014;
02.05.2025;15:29:14.337;INN.O.250502.STG.000006;STANDARD_OPTION_STRATEGY;BLOCK;EUR;31;2.52000000;4500;EXCHANGE_LAST;;1;2;XEUR;72061949134785428;1014;
02.05.2025;15:29:14.337;INN SI 20251219 PS AM P 18.00 0;SIMPLE_INSTRUMENT;BLOCK;EUR;31;1.42000000;4500;PRC_DECOMP_EXCHANGE;;;;XEUR;12579434;1014;EXCHANGE
