#Date;TrdTime;Contract;ContractType;TrdTyp;Currency;TesId;Prc;Qty;TrdInd;Aggressor;Buy;Sell;Exch;InstrumentId;RelatedProdId;PrcDecomp
29.11.2024;12:56:11.979;1COV SI 20251219 PS AM P 52.00 0;SIMPLE_INSTRUMENT;BLOCK;EUR;8;2.95000000;1000;EXCHANGE_LAST;;1;1;XEUR;5919358;48055;
29.11.2024;10:43:20.498;A2LV SI 20261218 CS;SIMPLE_INSTRUMENT;BLOCK;EUR;19;15.10000000;20;EXCHANGE_LAST;;1;1;XEUR;4632085;12;
29.11.2024;10:14:30.436;A2XA SI 20281215 CS;SIMPLE_INSTRUMENT;BLOCK;EUR;7;1.77000000;350;EXCHANGE_LAST;;1;1;XEUR;6796967;17;
29.11.2024;11:01:15.869;A2XA SI 20261218 CS;SIMPLE_INSTRUMENT;BLOCK;EUR;22;2.02500000;500;EXCHANGE_LAST;;3;1;XEUR;4632093;17;
29.11.2024;11:25:07.803;A2XA SI 20261218 CS;SIMPLE_INSTRUMENT;BLOCK;EUR;24;2.02500000;250;EXCHANGE_LAST;;2;1;XEUR;4632093;17;
29.11.2024;12:01:44.302;A2XA SI 20281215 CS;SIMPLE_INSTRUMENT;BLOCK;EUR;31;1.77000000;200;EXCHANGE_LAST;;1;1;XEUR;6796967;17;
29.11.2024;12:05:01.251;A2XA SI 20281215 CS;SIMPLE_INSTRUMENT;BLOCK;EUR;33;1.77000000;250;EXCHANGE_LAST;;1;1;XEUR;6796967;17;
29.11.2024;14:29:06.677;AIR SI 20250221 PS AM C 170.00 0;SIMPLE_INSTRUMENT;BLOCK;EUR;39;1.33000000;479;EXCHANGE_LAST;;1;1;XEUR;12237788;64;
29.11.2024;14:29:18.678;AIR SI 20250221 PS AM C 170.00 0;SIMPLE_INSTRUMENT;BLOCK;EUR;40;1.34000000;518;EXCHANGE_LAST;;1;1;XEUR;12237788;64;
29.11.2024;11:47:23.196;ALV SI 20250321 PS AM C 300.00 0;SIMPLE_INSTRUMENT;BLOCK;EUR;4;7.10000000;300;EXCHANGE_LAST;;1;1;XEUR;10829574;74;
29.11.2024;12:13:38.934;ALV SI 20251219 PS AM P 260.00 0;SIMPLE_INSTRUMENT;BLOCK;EUR;6;11.90000000;850;EXCHANGE_LAST;;1;2;XEUR;10976920;74;
29.11.2024;13:35:07.577;ALV.O.241129.STG.000007;STANDARD_OPTION_STRATEGY;BLOCK;EUR;9;1.85000000;300;EXCHANGE_LAST;;1;1;XEUR;72057911865566591;74;
29.11.2024;13:35:07.577;ALV SI 20241220 PS AM C 320.00 0;SIMPLE_INSTRUMENT;BLOCK;EUR;9;0.01000000;300;PRC_DECOMP_EXCHANGE;;;;XEUR;4638033;74;EXCHANGE
29.11.2024;13:35:07.577;ALV SI 20241220 PS AM P 280.00 0;SIMPLE_INSTRUMENT;BLOCK;EUR;9;1.84000000;300;PRC_DECOMP_EXCHANGE;;;;XEUR;4638032;74;EXCHANGE
29.11.2024;10:57:57.838;AOM SI 20251219 PS AM P 20.00 0;SIMPLE_INSTRUMENT;BLOCK;EUR;18;2.40000000;2000;EXCHANGE_LAST;;1;1;XEUR;11249181;88;
29.11.2024;13:13:37.371;AOM SI 20261218 PS AM P 20.00 0;SIMPLE_INSTRUMENT;BLOCK;EUR;30;3.50000000;1500;EXCHANGE_LAST;;1;2;XEUR;11249317;88;
29.11.2024;16:08:26.773;ARG SI 20241220 PS AM C 630.00 0;SIMPLE_INSTRUMENT;BLOCK;EUR;4;4.12000000;50;EXCHANGE_LAST;;1;1;XEUR;12167905;355435;
29.11.2024;16:08:38.581;ARG SI 20241220 PS AM P 520.00 0;SIMPLE_INSTRUMENT;BLOCK;EUR;5;3.13000000;50;EXCHANGE_LAST;;1;1;XEUR;9684040;355435;
29.11.2024;17:06:04.664;ASGG SI 20241219 CS;SIMPLE_INSTRUMENT;BLOCK;EUR;92;26.84670000;3000;EXCHANGE_LAST;;1;1;XEUR;7028089;106;
29.11.2024;17:06:12.199;ASGP SI 20241219 PS;SIMPLE_INSTRUMENT;BLOCK;EUR;93;26.84000000;30000;EXCHANGE_LAST;;1;1;XEUR;7030010;243405;
29.11.2024;13:29:51.487;ASM SI 20241220 PS AM C 630.00 0;SIMPLE_INSTRUMENT;BLOCK;EUR;5;26.50000000;150;EXCHANGE_LAST;;1;1;XEUR;11872095;107;
29.11.2024;16:41:53.241;AT1.O.241129.COMBO.000002;STANDARD_OPTION_STRATEGY;BLOCK;EUR;10;0.10000000;1253;EXCHANGE_LAST;;1;1;XEUR;72521622304590537;108040;
29.11.2024;16:41:53.241;AT1 SI 20251219 PS AM P 2.40 0;SIMPLE_INSTRUMENT;BLOCK;EUR;10;0.32000000;1253;PRC_DECOMP_EXCHANGE;;;;XEUR;7877315;108040;EXCHANGE
29.11.2024;16:41:53.241;AT1 SI 20251219 PS AM C 4.00 0;SIMPLE_INSTRUMENT;BLOCK;EUR;10;0.22000000;1253;PRC_DECOMP_EXCHANGE;;;;XEUR;5921479;108040;EXCHANGE
29.11.2024;16:42:10.845;AT1.O.241129.COMBO.000002;STANDARD_OPTION_STRATEGY;BLOCK;EUR;11;0.09000000;1156;EXCHANGE_LAST;;1;1;XEUR;72521622304590537;108040;
29.11.2024;16:42:10.845;AT1 SI 20251219 PS AM P 2.40 0;SIMPLE_INSTRUMENT;BLOCK;EUR;11;0.31000000;1156;PRC_DECOMP_EXCHANGE;;;;XEUR;7877315;108040;EXCHANGE
29.11.2024;16:42:10.845;AT1 SI 20251219 PS AM C 4.00 0;SIMPLE_INSTRUMENT;BLOCK;EUR;11;0.22000000;1156;PRC_DECOMP_EXCHANGE;;;;XEUR;5921479;108040;EXCHANGE
29.11.2024;09:18:27.419;AXA SI 20241220 PS AM P 30.00 0;SIMPLE_INSTRUMENT;BLOCK;EUR;1;0.21000000;4500;EXCHANGE_LAST;;1;1;XEUR;9106592;127;
29.11.2024;13:39:33.796;AXA SI 20260619 PS AM C 40.00 0;SIMPLE_INSTRUMENT;BLOCK;EUR;31;0.64000000;1430;EXCHANGE_LAST;;1;1;XEUR;9538772;127;
29.11.2024;13:40:01.902;AXA SI 20260619 PS AM C 40.00 0;SIMPLE_INSTRUMENT;BLOCK;EUR;32;0.65000000;3570;EXCHANGE_LAST;;1;1;XEUR;9538772;127;
29.11.2024;10:12:23.202;B2NP SI 20251219 CS;SIMPLE_INSTRUMENT;BLOCK;EUR;6;5.25000000;50;EXCHANGE_LAST;;1;1;XEUR;5914355;131;
29.11.2024;12:51:26.234;B2NP SI 20261218 CS;SIMPLE_INSTRUMENT;BLOCK;EUR;34;4.30000000;500;EXCHANGE_LAST;;1;1;XEUR;6798320;131;
29.11.2024;12:51:31.122;B2NP SI 20271217 CS;SIMPLE_INSTRUMENT;BLOCK;EUR;35;3.65000000;500;EXCHANGE_LAST;;1;1;XEUR;7086925;131;
29.11.2024;14:22:52.528;B2NP SI 20261218 CS;SIMPLE_INSTRUMENT;BLOCK;EUR;54;4.27000000;100;EXCHANGE_LAST;;1;1;XEUR;6798320;131;
29.11.2024;11:25:45.358;B2YG SI 20251219 CS;SIMPLE_INSTRUMENT;BLOCK;EUR;25;1.85000000;1000;EXCHANGE_LAST;;3;1;XEUR;5914365;45713;
29.11.2024;09:26:32.780;BAS.O.241129.RBER.000009;STANDARD_OPTION_STRATEGY;BLOCK;EUR;3;-0.27000000;2500;EXCHANGE_LAST;;2;1;XEUR;72058238283089799;150;
29.11.2024;09:26:32.780;BAS SI 20241220 PS AM P 40.00 0;SIMPLE_INSTRUMENT;BLOCK;EUR;3;0.39000000;5000;PRC_DECOMP_EXCHANGE;;;;XEUR;4705206;150;EXCHANGE
29.11.2024;09:26:32.780;BAS SI 20241220 PS AM P 42.00 0;SIMPLE_INSTRUMENT;BLOCK;EUR;3;1.05000000;2500;PRC_DECOMP_EXCHANGE;;;;XEUR;7509964;150;EXCHANGE
29.11.2024;11:09:46.790;BAS SI 20241220 PS AM P 41.00 0;SIMPLE_INSTRUMENT;BLOCK;EUR;6;0.57000000;2000;EXCHANGE_LAST;;1;1;XEUR;7509962;150;
29.11.2024;12:23:06.628;BAS.O.241129.BUL.000016;STANDARD_OPTION_STRATEGY;BLOCK;EUR;7;0.36000000;1000;EXCHANGE_LAST;;1;1;XEUR;72058238283089806;150;
29.11.2024;12:23:06.628;BAS SI 20241220 PS AM C 44.00 0;SIMPLE_INSTRUMENT;BLOCK;EUR;7;0.40000000;1000;PRC_DECOMP_EXCHANGE;;;;XEUR;4705199;150;EXCHANGE
29.11.2024;12:23:06.628;BAS SI 20241220 PS AM C 48.00 0;SIMPLE_INSTRUMENT;BLOCK;EUR;7;0.04000000;1000;PRC_DECOMP_EXCHANGE;;;;XEUR;4639209;150;EXCHANGE
29.11.2024;15:51:57.733;BAS SI 20250117 PS AM C 44.00 0;SIMPLE_INSTRUMENT;BLOCK;EUR;9;0.80000000;1000;EXCHANGE_LAST;;1;1;XEUR;12068772;150;
29.11.2024;10:59:19.521;BAY SI 20250221 PS AM C 22.00 0;SIMPLE_INSTRUMENT;BLOCK;EUR;4;0.55000000;3000;EXCHANGE_LAST;;1;1;XEUR;12239444;168;
29.11.2024;10:36:54.301;BMW.O.241129.STG.000010;STANDARD_OPTION_STRATEGY;BLOCK;EUR;3;5.15000000;1400;EXCHANGE_LAST;;1;1;XEUR;72058495981107673;210;
29.11.2024;10:36:54.301;BMW SI 20250321 PS AM C 72.00 0;SIMPLE_INSTRUMENT;BLOCK;EUR;3;3.07000000;1400;PRC_DECOMP_EXCHANGE;;;;XEUR;10832603;210;EXCHANGE
29.11.2024;10:36:54.301;BMW SI 20250321 PS AM P 64.00 0;SIMPLE_INSTRUMENT;BLOCK;EUR;3;2.08000000;1400;PRC_DECOMP_EXCHANGE;;;;XEUR;10832577;210;EXCHANGE
29.11.2024;11:22:04.135;BMW.O.241129.STD.000011;STANDARD_OPTION_STRATEGY;BLOCK;EUR;6;14.90000000;500;EXCHANGE_LAST;;1;1;XEUR;72058495981107674;210;
29.11.2024;11:22:04.135;BMW SI 20251219 PS AM P 68.00 0;SIMPLE_INSTRUMENT;BLOCK;EUR;6;7.45000000;500;PRC_DECOMP_EXCHANGE;;;;XEUR;5923230;210;EXCHANGE
29.11.2024;11:22:04.135;BMW SI 20251219 PS AM C 68.00 0;SIMPLE_INSTRUMENT;BLOCK;EUR;6;7.45000000;500;PRC_DECOMP_EXCHANGE;;;;XEUR;5923229;210;EXCHANGE
29.11.2024;11:54:51.044;BNP SI 20250321 PS AM P 52.00 0;SIMPLE_INSTRUMENT;BLOCK;EUR;26;1.41000000;1500;EXCHANGE_LAST;;1;1;XEUR;10833042;237;
29.11.2024;12:27:25.917;BOSS SI 20251219 PS AM P 24.00 0;SIMPLE_INSTRUMENT;BLOCK;EUR;9;1.95000000;1000;EXCHANGE_LAST;;1;2;XEUR;5923546;230;
29.11.2024;14:22:32.611;BPV SI 20241219 PS AM C 7.20 0;SIMPLE_INSTRUMENT;BLOCK;EUR;8;0.22000000;2000;EXCHANGE_LAST;;2;1;XEUR;8924305;251;
29.11.2024;14:35:20.663;BPV SI 20241219 PS AM C 7.20 0;SIMPLE_INSTRUMENT;BLOCK;EUR;9;0.22000000;250;EXCHANGE_LAST;;1;1;XEUR;8924305;251;
29.11.2024;10:18:36.311;BX7G SI 20241220 CS;SIMPLE_INSTRUMENT;BLOCK;EUR;9;5.65050000;20000;EXCHANGE_LAST;;1;1;XEUR;7047777;3980;
29.11.2024;10:20:48.456;CBK SI 20241220 PS AM P 13.20 0;SIMPLE_INSTRUMENT;BLOCK;EUR;4;0.10000000;2000;EXCHANGE_LAST;;1;1;XEUR;11621370;268;
29.11.2024;15:11:25.838;CFR SI 20250117 PS AM C 130.00 0;SIMPLE_INSTRUMENT;BLOCK;CHF;22;1.90000000;600;EXCHANGE_LAST;;1;1;XEUR;12071409;313;
29.11.2024;17:11:09.484;CR5J SI 20241219 CS;SIMPLE_INSTRUMENT;BLOCK;EUR;96;36.47500000;900;EXCHANGE_LAST;;1;1;XEUR;7029763;50861;
29.11.2024;10:18:57.816;CRI5 SI 20250320 PS AM C 36.00 0;SIMPLE_INSTRUMENT;BLOCK;EUR;1;2.64000000;2500;EXCHANGE_LAST;;1;1;XEUR;10822513;320;
29.11.2024;16:09:15.912;CRI5 SI 20250220 PS AM P 32.00 0;SIMPLE_INSTRUMENT;BLOCK;EUR;14;0.61650000;3441;EXCHANGE_LAST;;1;1;XEUR;12295576;320;
29.11.2024;16:09:15.932;CRI5 SI 20250220 PS AM P 32.00 0;SIMPLE_INSTRUMENT;BLOCK;EUR;15;0.61600000;860;EXCHANGE_LAST;;1;1;XEUR;12295576;320;
29.11.2024;10:40:52.646;D2PW SI 20271217 CS;SIMPLE_INSTRUMENT;BLOCK;EUR;14;1.54000000;1250;EXCHANGE_LAST;;2;2;XEUR;5914516;9702;
29.11.2024;14:21:25.799;D3AI SI 20261218 CS;SIMPLE_INSTRUMENT;BLOCK;EUR;53;2.70000000;100;EXCHANGE_LAST;;1;1;XEUR;7144051;443197;
29.11.2024;09:54:27.548;DAI SI 20241220 PS AM P 52.00 0;SIMPLE_INSTRUMENT;BLOCK;EUR;1;1.08000000;750;EXCHANGE_LAST;;1;1;XEUR;7144860;443196;
29.11.2024;09:54:28.927;DAI SI 20250221 PS AM P 48.00 0;SIMPLE_INSTRUMENT;BLOCK;EUR;2;1.01000000;750;EXCHANGE_LAST;;1;1;XEUR;12277907;443196;
29.11.2024;11:07:38.754;DAI.O.241129.STG.000014;STANDARD_OPTION_STRATEGY;BLOCK;EUR;5;8.75000000;1250;EXCHANGE_LAST;;1;1;XEUR;73961106363662014;443196;
29.11.2024;11:07:38.754;DAI SI 20251219 PS AM C 52.00 0;SIMPLE_INSTRUMENT;BLOCK;EUR;5;4.85000000;1250;PRC_DECOMP_EXCHANGE;;;;XEUR;7144512;443196;EXCHANGE
29.11.2024;11:07:38.754;DAI SI 20251219 PS AM P 48.00 0;SIMPLE_INSTRUMENT;BLOCK;EUR;5;3.90000000;1250;PRC_DECOMP_EXCHANGE;;;;XEUR;7144518;443196;EXCHANGE
29.11.2024;16:12:11.972;DPW SI 20250117 PS AM C 38.00 0;SIMPLE_INSTRUMENT;BLOCK;EUR;8;0.20000000;3102;EXCHANGE_LAST;;1;1;XEUR;12073154;445;
29.11.2024;16:11:48.970;DPW SI 20250117 PS AM C 38.00 0;SIMPLE_INSTRUMENT;BLOCK;EUR;9;0.21000000;3101;EXCHANGE_LAST;;1;1;XEUR;12073154;445;
29.11.2024;13:17:40.030;DTE.O.241129.BER.000014;STANDARD_OPTION_STRATEGY;BLOCK;EUR;6;1.12000000;4000;EXCHANGE_LAST;;1;1;XEUR;72059415104105984;424;
29.11.2024;13:17:40.030;DTE SI 20261218 PS AM P 24.00 0;SIMPLE_INSTRUMENT;BLOCK;EUR;6;0.87000000;4000;PRC_DECOMP_EXCHANGE;;;;XEUR;7156498;424;EXCHANGE
29.11.2024;13:17:40.030;DTE SI 20261218 PS AM P 28.00 0;SIMPLE_INSTRUMENT;BLOCK;EUR;6;1.99000000;4000;PRC_DECOMP_EXCHANGE;;;;XEUR;7356838;424;EXCHANGE
29.11.2024;15:37:34.522;DTEF SI 20241220 CS;SIMPLE_INSTRUMENT;BLOCK;EUR;74;30.17000000;6000;EXCHANGE_LAST;;1;1;XEUR;7034388;430;
29.11.2024;13:23:24.597;E2NT SI 20271217 CS;SIMPLE_INSTRUMENT;BLOCK;EUR;37;0.86000000;500;EXCHANGE_LAST;;1;1;XEUR;5914575;470;
29.11.2024;13:23:55.221;E2NT SI 20261218 CS;SIMPLE_INSTRUMENT;BLOCK;EUR;38;0.94500000;1000;EXCHANGE_LAST;;1;1;XEUR;4632357;470;
29.11.2024;13:48:33.005;E2NT SI 20261218 CS;SIMPLE_INSTRUMENT;BLOCK;EUR;42;0.94500000;300;EXCHANGE_LAST;;1;1;XEUR;4632357;470;
29.11.2024;16:21:19.952;E2NT SI 20251219 CS;SIMPLE_INSTRUMENT;BLOCK;EUR;80;0.99500000;500;EXCHANGE_LAST;;1;1;XEUR;3681294;470;
29.11.2024;16:21:56.457;E2NT SI 20261218 CS;SIMPLE_INSTRUMENT;BLOCK;EUR;81;0.94500000;500;EXCHANGE_LAST;;1;1;XEUR;4632357;470;
29.11.2024;11:19:34.063;EAD SI 20261218 PS AM P 140.00 0;SIMPLE_INSTRUMENT;BLOCK;EUR;21;15.75000000;300;EXCHANGE_LAST;;1;1;XEUR;11013963;465;
29.11.2024;11:31:37.961;EAD SI 20250620 PS AM C 160.00 0;SIMPLE_INSTRUMENT;BLOCK;EUR;22;5.79000000;540;EXCHANGE_LAST;;1;1;XEUR;11013882;465;
29.11.2024;11:32:05.074;EAD SI 20250620 PS AM C 160.00 0;SIMPLE_INSTRUMENT;BLOCK;EUR;23;5.81000000;460;EXCHANGE_LAST;;1;1;XEUR;11013882;465;
29.11.2024;12:39:28.620;ENL5 SI 20250619 PS AM C 6.80 0;SIMPLE_INSTRUMENT;BLOCK;EUR;2;0.30800000;1720;EXCHANGE_LAST;;1;1;XEUR;11337927;500;
29.11.2024;12:39:29.428;ENL5 SI 20250619 PS AM P 6.40 0;SIMPLE_INSTRUMENT;BLOCK;EUR;3;0.23200000;1720;EXCHANGE_LAST;;1;1;XEUR;7889837;500;
29.11.2024;08:45:01.208;ENR SI 20241220 PS AM C 50.00 0;SIMPLE_INSTRUMENT;BLOCK;EUR;1;2.20000000;4750;EXCHANGE_LAST;;1;1;XEUR;12193178;298530;
29.11.2024;15:15:00.253;ENT5.O.241129.BRT.000001;STANDARD_OPTION_STRATEGY;BLOCK;EUR;12;0.25500000;1500;EXCHANGE_LAST;;1;1;XEUR;72059728636684181;497;
29.11.2024;15:15:00.253;ENT5 SI 20241219 PS AM P 13.00 0;SIMPLE_INSTRUMENT;BLOCK;EUR;12;0.08500000;1500;PRC_DECOMP_EXCHANGE;;;;XEUR;10381113;497;EXCHANGE
29.11.2024;15:15:00.253;ENT5 SI 20250320 PS AM P 13.00 0;SIMPLE_INSTRUMENT;BLOCK;EUR;12;0.34000000;1500;PRC_DECOMP_EXCHANGE;;;;XEUR;10822839;497;EXCHANGE
29.11.2024;14:00:46.994;ESL SI 20250221 PS AM P 210.00 0;SIMPLE_INSTRUMENT;BLOCK;EUR;35;2.81000000;392;EXCHANGE_LAST;;1;1;XEUR;12244045;481;
29.11.2024;14:00:55.995;ESL SI 20250221 PS AM P 210.00 0;SIMPLE_INSTRUMENT;BLOCK;EUR;36;2.84000000;291;EXCHANGE_LAST;;1;1;XEUR;12244045;481;
29.11.2024;10:33:48.224;F3TE SI 20251219 CS;SIMPLE_INSTRUMENT;BLOCK;EUR;10;0.72500000;350;EXCHANGE_LAST;;1;1;XEUR;6633903;390379;
29.11.2024;10:33:20.871;F3TE SI 20251219 CS;SIMPLE_INSTRUMENT;BLOCK;EUR;12;0.72500000;400;EXCHANGE_LAST;;1;1;XEUR;6633903;390379;
29.11.2024;14:50:58.919;F3TE SI 20261218 CS;SIMPLE_INSTRUMENT;BLOCK;EUR;60;0.68200000;175;EXCHANGE_LAST;;1;1;XEUR;6633899;390379;
29.11.2024;14:51:03.732;F3TE SI 20261218 CS;SIMPLE_INSTRUMENT;BLOCK;EUR;61;0.68300000;175;EXCHANGE_LAST;;1;1;XEUR;6633899;390379;
29.11.2024;14:53:51.519;F3TE SI 20251219 CS;SIMPLE_INSTRUMENT;BLOCK;EUR;65;0.72500000;500;EXCHANGE_LAST;;1;1;XEUR;6633903;390379;
29.11.2024;07:40:31.234;FBTP SI 20241206 PS;SIMPLE_INSTRUMENT;BLOCK;EUR;1;122.43000000;1000;EXCHANGE_LAST;;1;1;XEUR;10804520;636;
29.11.2024;07:40:42.180;FBTP SI 20250306 PS;SIMPLE_INSTRUMENT;BLOCK;EUR;2;121.84000000;500;EXCHANGE_LAST;;1;1;XEUR;11286675;636;
29.11.2024;07:40:49.212;FBTP SI 20250306 PS;SIMPLE_INSTRUMENT;BLOCK;EUR;3;121.83000000;500;EXCHANGE_LAST;;1;1;XEUR;11286675;636;
29.11.2024;08:37:54.960;FBTP SI 20241206 PS;SIMPLE_INSTRUMENT;BLOCK;EUR;4;122.44000000;1000;EXCHANGE_LAST;;1;1;XEUR;10804520;636;
29.11.2024;08:38:18.654;FBTP SI 20250306 PS;SIMPLE_INSTRUMENT;BLOCK;EUR;5;121.84000000;500;EXCHANGE_LAST;;1;1;XEUR;11286675;636;
29.11.2024;08:38:26.604;FBTP SI 20250306 PS;SIMPLE_INSTRUMENT;BLOCK;EUR;6;121.85000000;500;EXCHANGE_LAST;;1;1;XEUR;11286675;636;
29.11.2024;08:48:24.188;FBTP SI 20241206 PS;SIMPLE_INSTRUMENT;BLOCK;EUR;7;122.36000000;500;EXCHANGE_LAST;;1;1;XEUR;10804520;636;
29.11.2024;08:48:31.202;FBTP SI 20250306 PS;SIMPLE_INSTRUMENT;BLOCK;EUR;8;121.77000000;250;EXCHANGE_LAST;;1;1;XEUR;11286675;636;
29.11.2024;08:48:38.847;FBTP SI 20250306 PS;SIMPLE_INSTRUMENT;BLOCK;EUR;9;121.78000000;250;EXCHANGE_LAST;;1;1;XEUR;11286675;636;
29.11.2024;08:50:03.372;FBTP SI 20241206 PS;SIMPLE_INSTRUMENT;BLOCK;EUR;10;122.38000000;1207;EXCHANGE_LAST;;1;1;XEUR;10804520;636;
29.11.2024;08:50:47.058;FBTP.S.DEC24.MAR25.SPD;FUTURES_SPREAD;BLOCK;EUR;11;0.58000000;676;EXCHANGE_LAST;;1;1;XEUR;72060325637128282;636;
29.11.2024;08:50:47.058;FBTP SI 20241206 PS;SIMPLE_INSTRUMENT;BLOCK;EUR;11;122.38000000;676;PRC_DECOMP_MEMBER;;;;XEUR;10804520;636;MEMBER
29.11.2024;08:50:47.058;FBTP SI 20250306 PS;SIMPLE_INSTRUMENT;BLOCK;EUR;11;121.80000000;676;PRC_DECOMP_MEMBER;;;;XEUR;11286675;636;MEMBER
29.11.2024;08:51:07.238;FBTP.S.DEC24.MAR25.SPD;FUTURES_SPREAD;BLOCK;EUR;12;0.59000000;676;EXCHANGE_LAST;;1;1;XEUR;72060325637128282;636;
29.11.2024;08:51:07.238;FBTP SI 20241206 PS;SIMPLE_INSTRUMENT;BLOCK;EUR;12;122.38000000;676;PRC_DECOMP_MEMBER;;;;XEUR;10804520;636;MEMBER
29.11.2024;08:51:07.238;FBTP SI 20250306 PS;SIMPLE_INSTRUMENT;BLOCK;EUR;12;121.79000000;676;PRC_DECOMP_MEMBER;;;;XEUR;11286675;636;MEMBER
29.11.2024;10:04:22.969;FBTP.S.DEC24.MAR25.SPD;FUTURES_SPREAD;BLOCK;EUR;13;0.59000000;500;EXCHANGE_LAST;;1;1;XEUR;72060325637128282;636;
29.11.2024;10:04:22.969;FBTP SI 20241206 PS;SIMPLE_INSTRUMENT;BLOCK;EUR;13;122.58000000;500;PRC_DECOMP_MEMBER;;;;XEUR;10804520;636;MEMBER
29.11.2024;10:04:22.969;FBTP SI 20250306 PS;SIMPLE_INSTRUMENT;BLOCK;EUR;13;121.99000000;500;PRC_DECOMP_MEMBER;;;;XEUR;11286675;636;MEMBER
29.11.2024;10:04:41.553;FBTP.S.DEC24.MAR25.SPD;FUTURES_SPREAD;BLOCK;EUR;14;0.58000000;500;EXCHANGE_LAST;;1;1;XEUR;72060325637128282;636;
29.11.2024;10:04:41.553;FBTP SI 20250306 PS;SIMPLE_INSTRUMENT;BLOCK;EUR;14;122.00000000;500;PRC_DECOMP_MEMBER;;;;XEUR;11286675;636;MEMBER
29.11.2024;10:04:41.553;FBTP SI 20241206 PS;SIMPLE_INSTRUMENT;BLOCK;EUR;14;122.58000000;500;PRC_DECOMP_MEMBER;;;;XEUR;10804520;636;MEMBER
29.11.2024;10:05:20.142;FBTP.S.DEC24.MAR25.SPD;FUTURES_SPREAD;BLOCK;EUR;15;0.58000000;480;EXCHANGE_LAST;;1;1;XEUR;72060325637128282;636;
29.11.2024;10:05:20.142;FBTP SI 20241206 PS;SIMPLE_INSTRUMENT;BLOCK;EUR;15;122.58000000;480;PRC_DECOMP_MEMBER;;;;XEUR;10804520;636;MEMBER
29.11.2024;10:05:20.142;FBTP SI 20250306 PS;SIMPLE_INSTRUMENT;BLOCK;EUR;15;122.00000000;480;PRC_DECOMP_MEMBER;;;;XEUR;11286675;636;MEMBER
29.11.2024;10:05:55.098;FBTP.S.DEC24.MAR25.SPD;FUTURES_SPREAD;BLOCK;EUR;16;0.59000000;480;EXCHANGE_LAST;;1;1;XEUR;72060325637128282;636;
29.11.2024;10:05:55.098;FBTP SI 20241206 PS;SIMPLE_INSTRUMENT;BLOCK;EUR;16;122.58000000;480;PRC_DECOMP_MEMBER;;;;XEUR;10804520;636;MEMBER
29.11.2024;10:05:55.098;FBTP SI 20250306 PS;SIMPLE_INSTRUMENT;BLOCK;EUR;16;121.99000000;480;PRC_DECOMP_MEMBER;;;;XEUR;11286675;636;MEMBER
29.11.2024;10:14:20.357;FBTP SI 20241206 PS;SIMPLE_INSTRUMENT;EFP_FIN;EUR;17;122.55000000;1072;EXCHANGE_LAST;;1;1;XEUR;10804520;636;
29.11.2024;10:16:26.884;FBTP SI 20241206 PS;SIMPLE_INSTRUMENT;BLOCK;EUR;18;122.50000000;11000;EXCHANGE_LAST;;1;1;XEUR;10804520;636;
29.11.2024;10:17:47.484;FBTP SI 20250306 PS;SIMPLE_INSTRUMENT;BLOCK;EUR;19;121.91000000;5500;EXCHANGE_LAST;;1;1;XEUR;11286675;636;
29.11.2024;10:17:58.576;FBTP SI 20250306 PS;SIMPLE_INSTRUMENT;BLOCK;EUR;20;121.92000000;5500;EXCHANGE_LAST;;1;1;XEUR;11286675;636;
29.11.2024;10:18:17.157;FBTP SI 20241206 PS;SIMPLE_INSTRUMENT;EFP_FIN;EUR;21;122.52000000;893;EXCHANGE_LAST;;1;1;XEUR;10804520;636;
29.11.2024;10:18:50.044;FBTP.S.DEC24.MAR25.SPD;FUTURES_SPREAD;BLOCK;EUR;22;0.59000000;250;EXCHANGE_LAST;;1;1;XEUR;72060325637128282;636;
29.11.2024;10:18:50.044;FBTP SI 20241206 PS;SIMPLE_INSTRUMENT;BLOCK;EUR;22;122.50000000;250;PRC_DECOMP_MEMBER;;;;XEUR;10804520;636;MEMBER
29.11.2024;10:18:50.044;FBTP SI 20250306 PS;SIMPLE_INSTRUMENT;BLOCK;EUR;22;121.91000000;250;PRC_DECOMP_MEMBER;;;;XEUR;11286675;636;MEMBER
29.11.2024;10:19:15.203;FBTP.S.DEC24.MAR25.SPD;FUTURES_SPREAD;BLOCK;EUR;23;0.58000000;250;EXCHANGE_LAST;;1;1;XEUR;72060325637128282;636;
29.11.2024;10:19:15.203;FBTP SI 20241206 PS;SIMPLE_INSTRUMENT;BLOCK;EUR;23;122.50000000;250;PRC_DECOMP_MEMBER;;;;XEUR;10804520;636;MEMBER
29.11.2024;10:19:15.203;FBTP SI 20250306 PS;SIMPLE_INSTRUMENT;BLOCK;EUR;23;121.92000000;250;PRC_DECOMP_MEMBER;;;;XEUR;11286675;636;MEMBER
29.11.2024;10:20:56.193;FBTP.S.DEC24.MAR25.SPD;FUTURES_SPREAD;BLOCK;EUR;24;0.59000000;500;EXCHANGE_LAST;;1;1;XEUR;72060325637128282;636;
29.11.2024;10:20:56.193;FBTP SI 20241206 PS;SIMPLE_INSTRUMENT;BLOCK;EUR;24;122.50000000;500;PRC_DECOMP_MEMBER;;;;XEUR;10804520;636;MEMBER
29.11.2024;10:20:56.193;FBTP SI 20250306 PS;SIMPLE_INSTRUMENT;BLOCK;EUR;24;121.91000000;500;PRC_DECOMP_MEMBER;;;;XEUR;11286675;636;MEMBER
29.11.2024;10:21:07.064;FBTP.S.DEC24.MAR25.SPD;FUTURES_SPREAD;BLOCK;EUR;25;0.58000000;500;EXCHANGE_LAST;;1;1;XEUR;72060325637128282;636;
29.11.2024;10:21:07.064;FBTP SI 20250306 PS;SIMPLE_INSTRUMENT;BLOCK;EUR;25;121.92000000;500;PRC_DECOMP_MEMBER;;;;XEUR;11286675;636;MEMBER
29.11.2024;10:21:07.064;FBTP SI 20241206 PS;SIMPLE_INSTRUMENT;BLOCK;EUR;25;122.50000000;500;PRC_DECOMP_MEMBER;;;;XEUR;10804520;636;MEMBER
29.11.2024;10:31:41.342;FBTP SI 20241206 PS;SIMPLE_INSTRUMENT;EFP_FIN;EUR;26;122.52000000;483;EXCHANGE_LAST;;1;1;XEUR;10804520;636;
29.11.2024;10:35:00.027;FBTP SI 20241206 PS;SIMPLE_INSTRUMENT;EFP_FIN;EUR;27;122.56000000;194;EXCHANGE_LAST;;1;1;XEUR;10804520;636;
29.11.2024;11:01:48.185;FBTP SI 20241206 PS;SIMPLE_INSTRUMENT;EFP_FIN;EUR;28;122.53000000;457;EXCHANGE_LAST;;1;1;XEUR;10804520;636;
29.11.2024;11:04:44.721;FBTP SI 20241206 PS;SIMPLE_INSTRUMENT;EFP_FIN;EUR;29;122.53000000;2420;EXCHANGE_LAST;;1;1;XEUR;10804520;636;
29.11.2024;11:09:53.185;FBTP SI 20241206 PS;SIMPLE_INSTRUMENT;BLOCK;EUR;30;122.52000000;1213;EXCHANGE_LAST;;1;1;XEUR;10804520;636;
29.11.2024;11:11:22.466;FBTP SI 20241206 PS;SIMPLE_INSTRUMENT;BLOCK;EUR;31;122.55000000;610;EXCHANGE_LAST;;1;1;XEUR;10804520;636;
29.11.2024;11:19:25.314;FBTP SI 20241206 PS;SIMPLE_INSTRUMENT;EFP_FIN;EUR;32;122.53000000;115;EXCHANGE_LAST;;1;1;XEUR;10804520;636;
29.11.2024;12:01:05.090;FBTP SI 20241206 PS;SIMPLE_INSTRUMENT;BLOCK;EUR;33;122.68000000;5000;EXCHANGE_LAST;;1;1;XEUR;10804520;636;
29.11.2024;12:01:37.620;FBTP SI 20241206 PS;SIMPLE_INSTRUMENT;BLOCK;EUR;34;122.68000000;3000;EXCHANGE_LAST;;1;1;XEUR;10804520;636;
29.11.2024;12:01:46.791;FBTP SI 20241206 PS;SIMPLE_INSTRUMENT;BLOCK;EUR;35;122.68000000;1000;EXCHANGE_LAST;;1;1;XEUR;10804520;636;
29.11.2024;12:03:01.117;FBTP SI 20250306 PS;SIMPLE_INSTRUMENT;BLOCK;EUR;36;122.09000000;2500;EXCHANGE_LAST;;1;1;XEUR;11286675;636;
29.11.2024;12:03:12.134;FBTP SI 20250306 PS;SIMPLE_INSTRUMENT;BLOCK;EUR;37;122.09000000;1500;EXCHANGE_LAST;;1;1;XEUR;11286675;636;
29.11.2024;12:03:23.817;FBTP SI 20250306 PS;SIMPLE_INSTRUMENT;BLOCK;EUR;38;122.09000000;500;EXCHANGE_LAST;;1;1;XEUR;11286675;636;
29.11.2024;12:03:48.323;FBTP SI 20250306 PS;SIMPLE_INSTRUMENT;BLOCK;EUR;39;122.10000000;2500;EXCHANGE_LAST;;1;1;XEUR;11286675;636;
29.11.2024;12:03:59.689;FBTP SI 20250306 PS;SIMPLE_INSTRUMENT;BLOCK;EUR;40;122.10000000;1500;EXCHANGE_LAST;;1;1;XEUR;11286675;636;
29.11.2024;12:04:08.775;FBTP SI 20250306 PS;SIMPLE_INSTRUMENT;BLOCK;EUR;41;122.10000000;500;EXCHANGE_LAST;;1;1;XEUR;11286675;636;
29.11.2024;14:45:41.354;FBTP SI 20241206 PS;SIMPLE_INSTRUMENT;EFP_FIN;EUR;42;122.61000000;193;EXCHANGE_LAST;;1;1;XEUR;10804520;636;
29.11.2024;14:57:49.930;FBTP SI 20241206 PS;SIMPLE_INSTRUMENT;EFP_FIN;EUR;43;122.66000000;550;EXCHANGE_LAST;;1;1;XEUR;10804520;636;
29.11.2024;15:04:22.658;FBTP SI 20241206 PS;SIMPLE_INSTRUMENT;EFP_FIN;EUR;44;122.70000000;556;EXCHANGE_LAST;;1;1;XEUR;10804520;636;
29.11.2024;15:36:06.707;FBTP SI 20241206 PS;SIMPLE_INSTRUMENT;EFP_FIN;EUR;45;122.64000000;214;EXCHANGE_LAST;;1;1;XEUR;10804520;636;
29.11.2024;15:36:21.547;FBTP SI 20241206 PS;SIMPLE_INSTRUMENT;BLOCK;EUR;46;122.68000000;1138;EXCHANGE_LAST;;1;1;XEUR;10804520;636;
29.11.2024;16:12:27.007;FBTP SI 20241206 PS;SIMPLE_INSTRUMENT;EFP_FIN;EUR;47;122.69000000;447;EXCHANGE_LAST;;1;1;XEUR;10804520;636;
29.11.2024;16:31:06.252;FBTP SI 20241206 PS;SIMPLE_INSTRUMENT;EFP_FIN;EUR;48;122.89000000;287;EXCHANGE_LAST;;1;1;XEUR;10804520;636;
29.11.2024;09:06:33.826;FBTS SI 20241206 PS;SIMPLE_INSTRUMENT;EFP_FIN;EUR;3;107.62000000;969;EXCHANGE_LAST;;1;1;XEUR;10804522;639;
29.11.2024;09:17:03.742;FBTS SI 20241206 PS;SIMPLE_INSTRUMENT;BLOCK;EUR;6;107.62000000;1239;EXCHANGE_LAST;;1;1;XEUR;10804522;639;
29.11.2024;09:17:06.319;FBTS SI 20241206 PS;SIMPLE_INSTRUMENT;BLOCK;EUR;7;107.63000000;2000;EXCHANGE_LAST;;1;1;XEUR;10804522;639;
29.11.2024;09:18:06.091;FBTS SI 20250306 PS;SIMPLE_INSTRUMENT;BLOCK;EUR;10;107.63000000;1000;EXCHANGE_LAST;;1;1;XEUR;11286677;639;
29.11.2024;09:18:15.896;FBTS SI 20250306 PS;SIMPLE_INSTRUMENT;BLOCK;EUR;11;107.64000000;1000;EXCHANGE_LAST;;1;1;XEUR;11286677;639;
29.11.2024;09:20:00.817;FBTS SI 20250306 PS;SIMPLE_INSTRUMENT;BLOCK;EUR;12;107.65000000;908;EXCHANGE_LAST;;1;1;XEUR;11286677;639;
29.11.2024;09:40:55.537;FBTS SI 20250306 PS;SIMPLE_INSTRUMENT;EFP_FIN;EUR;16;107.65000000;1816;EXCHANGE_LAST;;1;1;XEUR;11286677;639;
29.11.2024;09:42:24.067;FBTS SI 20241206 PS;SIMPLE_INSTRUMENT;BLOCK;EUR;17;107.65000000;750;EXCHANGE_LAST;;1;1;XEUR;10804522;639;
29.11.2024;09:55:21.835;FBTS SI 20250306 PS;SIMPLE_INSTRUMENT;BLOCK;EUR;20;107.65000000;375;EXCHANGE_LAST;;1;1;XEUR;11286677;639;
29.11.2024;09:55:35.936;FBTS SI 20250306 PS;SIMPLE_INSTRUMENT;BLOCK;EUR;21;107.66000000;375;EXCHANGE_LAST;;1;1;XEUR;11286677;639;
29.11.2024;10:05:27.976;FBTS SI 20250306 PS;SIMPLE_INSTRUMENT;EFP_FIN;EUR;22;107.66000000;413;EXCHANGE_LAST;;1;1;XEUR;11286677;639;
29.11.2024;10:17:41.815;FBTS SI 20250306 PS;SIMPLE_INSTRUMENT;EFP_FIN;EUR;25;107.66000000;227;EXCHANGE_LAST;;1;1;XEUR;11286677;639;
29.11.2024;10:20:56.171;FBTS SI 20241206 PS;SIMPLE_INSTRUMENT;BLOCK;EUR;26;107.65000000;1812;EXCHANGE_LAST;;1;1;XEUR;10804522;639;
29.11.2024;10:26:52.183;FBTS SI 20241206 PS;SIMPLE_INSTRUMENT;EFP_FIN;EUR;27;107.63000000;1066;EXCHANGE_LAST;;1;1;XEUR;10804522;639;
29.11.2024;10:41:27.614;FBTS SI 20241206 PS;SIMPLE_INSTRUMENT;BLOCK;EUR;30;107.65000000;1200;EXCHANGE_LAST;;1;1;XEUR;10804522;639;
29.11.2024;10:42:05.456;FBTS SI 20250306 PS;SIMPLE_INSTRUMENT;BLOCK;EUR;31;107.66000000;626;EXCHANGE_LAST;;1;1;XEUR;11286677;639;
29.11.2024;10:42:21.799;FBTS SI 20250306 PS;SIMPLE_INSTRUMENT;BLOCK;EUR;32;107.67000000;626;EXCHANGE_LAST;;1;1;XEUR;11286677;639;
29.11.2024;10:45:18.238;FBTS SI 20250306 PS;SIMPLE_INSTRUMENT;EFP_FIN;EUR;33;107.65000000;1816;EXCHANGE_LAST;;1;1;XEUR;11286677;639;
29.11.2024;10:46:33.334;FBTS SI 20250306 PS;SIMPLE_INSTRUMENT;EFP_FIN;EUR;34;107.66000000;454;EXCHANGE_LAST;;1;1;XEUR;11286677;639;
29.11.2024;11:06:47.302;FBTS SI 20241206 PS;SIMPLE_INSTRUMENT;EFP_FIN;EUR;37;107.67000000;2053;EXCHANGE_LAST;;1;1;XEUR;10804522;639;
29.11.2024;11:34:37.820;FBTS SI 20250306 PS;SIMPLE_INSTRUMENT;EFP_FIN;EUR;39;107.71000000;908;EXCHANGE_LAST;;1;1;XEUR;11286677;639;
29.11.2024;11:38:21.196;FBTS SI 20241206 PS;SIMPLE_INSTRUMENT;EFP_FIN;EUR;40;107.67000000;485;EXCHANGE_LAST;;1;1;XEUR;10804522;639;
29.11.2024;12:00:31.026;FBTS SI 20250306 PS;SIMPLE_INSTRUMENT;EFP_FIN;EUR;42;107.66000000;345;EXCHANGE_LAST;;1;1;XEUR;11286677;639;
29.11.2024;12:06:23.423;FBTS SI 20241206 PS;SIMPLE_INSTRUMENT;EFP_FIN;EUR;43;107.72000000;1207;EXCHANGE_LAST;;1;1;XEUR;10804522;639;
29.11.2024;12:25:58.403;FBTS SI 20241206 PS;SIMPLE_INSTRUMENT;BLOCK;EUR;51;107.74000000;500;EXCHANGE_LAST;;1;1;XEUR;10804522;639;
29.11.2024;12:26:15.404;FBTS SI 20250306 PS;SIMPLE_INSTRUMENT;BLOCK;EUR;52;107.75000000;250;EXCHANGE_LAST;;1;1;XEUR;11286677;639;
29.11.2024;12:26:39.407;FBTS SI 20250306 PS;SIMPLE_INSTRUMENT;BLOCK;EUR;53;107.76000000;250;EXCHANGE_LAST;;1;1;XEUR;11286677;639;
29.11.2024;13:01:23.763;FBTS SI 20250306 PS;SIMPLE_INSTRUMENT;EFP_FIN;EUR;54;107.74000000;454;EXCHANGE_LAST;;1;1;XEUR;11286677;639;
29.11.2024;13:27:01.232;FBTS SI 20241206 PS;SIMPLE_INSTRUMENT;EFP_FIN;EUR;56;107.70000000;222;EXCHANGE_LAST;;1;1;XEUR;10804522;639;
29.11.2024;13:36:43.191;FBTS SI 20241206 PS;SIMPLE_INSTRUMENT;EFP_FIN;EUR;60;107.71000000;448;EXCHANGE_LAST;;1;1;XEUR;10804522;639;
29.11.2024;13:39:16.946;FBTS SI 20241206 PS;SIMPLE_INSTRUMENT;EFP_FIN;EUR;61;107.71000000;298;EXCHANGE_LAST;;1;1;XEUR;10804522;639;
29.11.2024;13:48:40.930;FBTS SI 20241206 PS;SIMPLE_INSTRUMENT;EFP_FIN;EUR;62;107.70000000;1175;EXCHANGE_LAST;;1;1;XEUR;10804522;639;
29.11.2024;14:49:32.990;FBTS SI 20241206 PS;SIMPLE_INSTRUMENT;EFP_FIN;EUR;67;107.75000000;484;EXCHANGE_LAST;;1;1;XEUR;10804522;639;
29.11.2024;15:35:28.984;FBTS SI 20241206 PS;SIMPLE_INSTRUMENT;BLOCK;EUR;69;107.72000000;485;EXCHANGE_LAST;;1;1;XEUR;10804522;639;
29.11.2024;16:20:48.332;FCNS SI 20241216 PS;SIMPLE_INSTRUMENT;EFP_IDX;SEK;2;0.98646000;3;EXCHANGE_LAST;;1;1;XEUR;7140409;402911;
29.11.2024;16:20:48.882;FCNS SI 20241216 PS;SIMPLE_INSTRUMENT;EFP_IDX;SEK;3;0.98647000;32;EXCHANGE_LAST;;1;1;XEUR;7140409;402911;
29.11.2024;11:47:38.654;FCPU SI 20241216 PS;SIMPLE_INSTRUMENT;BLOCK;USD;1;1.26900000;594;EXCHANGE_LAST;;1;1;XEUR;7140366;369379;
29.11.2024;10:47:54.824;FD3D SI 20251219 CS;SIMPLE_INSTRUMENT;BLOCK;EUR;10;113.60000000;1000;EXCHANGE_LAST;;1;1;XEUR;5914068;588;
29.11.2024;11:04:06.324;FD3D SI 20251219 CS;SIMPLE_INSTRUMENT;BLOCK;EUR;12;113.60000000;100;EXCHANGE_LAST;;1;1;XEUR;5914068;588;
29.11.2024;11:53:06.546;FD3D SI 20251219 CS;SIMPLE_INSTRUMENT;BLOCK;EUR;20;113.40000000;470;EXCHANGE_LAST;;1;1;XEUR;5914068;588;
29.11.2024;12:17:14.872;FD3D SI 20251219 CS;SIMPLE_INSTRUMENT;BLOCK;EUR;22;113.40000000;250;EXCHANGE_LAST;;1;1;XEUR;5914068;588;
29.11.2024;12:47:57.433;FD3D SI 20251219 CS;SIMPLE_INSTRUMENT;BLOCK;EUR;25;112.70000000;400;EXCHANGE_LAST;;1;1;XEUR;5914068;588;
29.11.2024;16:48:53.633;FDAX SI 20241220 CS;SIMPLE_INSTRUMENT;EFP_IDX;EUR;1;19667.00000000;36;EXCHANGE_LAST;;1;1;XEUR;7296065;589;
29.11.2024;16:49:09.957;FDAX SI 20241220 CS;SIMPLE_INSTRUMENT;EFP_IDX;EUR;2;19666.00000000;44;EXCHANGE_LAST;;1;1;XEUR;7296065;589;
29.11.2024;16:50:37.162;FDAX SI 20241220 CS;SIMPLE_INSTRUMENT;EFP_IDX;EUR;3;19666.00000000;25;EXCHANGE_LAST;;1;1;XEUR;7296065;589;
29.11.2024;16:50:42.663;FDAX SI 20241220 CS;SIMPLE_INSTRUMENT;EFP_IDX;EUR;4;19667.00000000;20;EXCHANGE_LAST;;1;1;XEUR;7296065;589;
29.11.2024;09:38:27.627;FDAX SI 20241220 CS;SIMPLE_INSTRUMENT;VOLA;EUR;671088643;19450.00000000;32;EXCHANGE_LAST;;1;1;XEUR;7296065;589;
29.11.2024;10:32:56.487;FDAX SI 20241220 CS;SIMPLE_INSTRUMENT;VOLA;EUR;671088645;19460.00000000;19;EXCHANGE_LAST;;1;1;XEUR;7296065;589;
29.11.2024;09:54:24.546;FEBD SI 20251219 CS;SIMPLE_INSTRUMENT;BLOCK;EUR;4;10.15000000;300;EXCHANGE_LAST;;1;1;XEUR;5914075;597;
29.11.2024;11:14:59.920;FEBD SI 20251219 CS;SIMPLE_INSTRUMENT;BLOCK;EUR;15;10.15000000;200;EXCHANGE_LAST;;1;1;XEUR;5914075;597;
29.11.2024;13:09:26.363;FEBD SI 20241220 CS;SIMPLE_INSTRUMENT;BLOCK;EUR;33;9.70000000;250;EXCHANGE_LAST;;1;1;XEUR;4631940;597;
29.11.2024;13:09:57.337;FEBD SI 20241220 CS;SIMPLE_INSTRUMENT;BLOCK;EUR;34;9.71000000;250;EXCHANGE_LAST;;1;1;XEUR;4631940;597;
29.11.2024;15:59:33.104;FEBD SI 20251219 CS;SIMPLE_INSTRUMENT;BLOCK;EUR;41;10.13000000;250;EXCHANGE_LAST;;1;1;XEUR;5914075;597;
29.11.2024;16:07:43.168;FEBD SI 20251219 CS;SIMPLE_INSTRUMENT;BLOCK;EUR;42;10.13000000;550;EXCHANGE_LAST;;1;1;XEUR;5914075;597;
29.11.2024;16:35:23.242;FEBD SI 20251219 CS;SIMPLE_INSTRUMENT;BLOCK;EUR;44;10.16000000;250;EXCHANGE_LAST;;1;2;XEUR;5914075;597;
29.11.2024;16:41:53.355;FEBD SI 20250620 CS;SIMPLE_INSTRUMENT;BLOCK;EUR;47;7.32000000;350;EXCHANGE_LAST;;1;1;XEUR;9547772;597;
29.11.2024;16:43:27.865;FEBD SI 20251219 CS;SIMPLE_INSTRUMENT;BLOCK;EUR;52;10.16000000;100;EXCHANGE_LAST;;1;1;XEUR;5914075;597;
29.11.2024;08:51:11.148;FECX SI 20241220 CS;SIMPLE_INSTRUMENT;BLOCK;EUR;2;165.87000000;61;EXCHANGE_LAST;;1;1;XEUR;10920731;410158;
29.11.2024;16:55:15.676;FEDV SI 20241220 CS;SIMPLE_INSTRUMENT;EFP_IDX;EUR;62;1613.00000000;640;EXCHANGE_LAST;;1;1;XEUR;10838883;596;
29.11.2024;16:55:26.900;FEDV SI 20241220 CS;SIMPLE_INSTRUMENT;EFP_IDX;EUR;64;1613.50000000;1360;EXCHANGE_LAST;;1;1;XEUR;10838883;596;
29.11.2024;13:50:55.572;FES1 SI 20241220 PS;SIMPLE_INSTRUMENT;BLOCK;EUR;36;8.80000000;6577;EXCHANGE_LAST;;1;1;XEUR;10869579;58959;
29.11.2024;16:10:36.624;FES1 SI 20241220 PS;SIMPLE_INSTRUMENT;BLOCK;EUR;43;8.70000000;1200;EXCHANGE_LAST;;1;1;XEUR;10869579;58959;
29.11.2024;11:51:03.089;FESB SI 20241220 CS;SIMPLE_INSTRUMENT;BLOCK;EUR;13;138.50000000;10000;EXCHANGE_LAST;;1;1;XEUR;10838895;605;
29.11.2024;12:01:53.112;FESB SI 20241220 CS;SIMPLE_INSTRUMENT;BLOCK;EUR;15;138.70000000;10000;EXCHANGE_LAST;;1;1;XEUR;10838895;605;
29.11.2024;13:05:48.454;FESB SI 20241220 CS;SIMPLE_INSTRUMENT;BLOCK;EUR;16;138.80000000;7000;EXCHANGE_LAST;;1;1;XEUR;10838895;605;
29.11.2024;11:55:23.588;FESB SI 20241220 CS;SIMPLE_INSTRUMENT;VOLA;EUR;603979780;138.50000000;440;EXCHANGE_LAST;;1;1;XEUR;10838895;605;
29.11.2024;16:17:57.150;FESB SI 20241220 CS;SIMPLE_INSTRUMENT;VOLA;EUR;603979799;137.50000000;120;EXCHANGE_LAST;;1;1;XEUR;10838895;605;
29.11.2024;08:23:16.867;FESX.S.DEC24.MAR25.SPD;FUTURES_SPREAD;BLOCK;EUR;1;-24.05000000;6000;EXCHANGE_LAST;;1;1;XEUR;72060493140861185;675;
29.11.2024;08:23:16.867;FESX SI 20250321 CS;SIMPLE_INSTRUMENT;BLOCK;EUR;1;4784.00000000;6000;PRC_DECOMP_EXCHANGE;;;;XEUR;7793482;675;EXCHANGE
29.11.2024;08:23:16.867;FESX SI 20241220 CS;SIMPLE_INSTRUMENT;BLOCK;EUR;1;4759.95000000;6000;PRC_DECOMP_EXCHANGE;;;;XEUR;7793479;675;EXCHANGE
29.11.2024;12:48:13.122;FESX SI 20241220 CS;SIMPLE_INSTRUMENT;BLOCK;EUR;2;4775.00000000;2000;EXCHANGE_LAST;;1;1;XEUR;7793479;675;
29.11.2024;12:51:38.104;FESX SI 20241220 CS;SIMPLE_INSTRUMENT;BLOCK;EUR;3;4780.00000000;4500;EXCHANGE_LAST;;1;1;XEUR;7793479;675;
29.11.2024;15:31:54.277;FESX SI 20241220 CS;SIMPLE_INSTRUMENT;EFP_IDX;EUR;4;4797.00000000;1500;EXCHANGE_LAST;;1;1;XEUR;7793479;675;
29.11.2024;16:49:30.512;FESX SI 20241220 CS;SIMPLE_INSTRUMENT;EFP_IDX;EUR;5;4813.00000000;850;EXCHANGE_LAST;;1;1;XEUR;7793479;675;
29.11.2024;16:49:47.801;FESX SI 20241220 CS;SIMPLE_INSTRUMENT;EFP_IDX;EUR;6;4814.00000000;150;EXCHANGE_LAST;;1;1;XEUR;7793479;675;
29.11.2024;16:50:58.965;FESX SI 20241220 CS;SIMPLE_INSTRUMENT;EFP_IDX;EUR;9;4813.00000000;850;EXCHANGE_LAST;;1;1;XEUR;7793479;675;
29.11.2024;16:51:05.147;FESX SI 20241220 CS;SIMPLE_INSTRUMENT;EFP_IDX;EUR;10;4814.00000000;150;EXCHANGE_LAST;;1;1;XEUR;7793479;675;
29.11.2024;16:54:39.077;FESX SI 20241220 CS;SIMPLE_INSTRUMENT;EFP_IDX;EUR;11;4813.00000000;425;EXCHANGE_LAST;;1;1;XEUR;7793479;675;
29.11.2024;16:54:26.588;FESX SI 20241220 CS;SIMPLE_INSTRUMENT;EFP_IDX;EUR;12;4814.00000000;75;EXCHANGE_LAST;;1;1;XEUR;7793479;675;
29.11.2024;16:51:34.854;FESX SI 20241220 CS;SIMPLE_INSTRUMENT;EFP_IDX;EUR;13;4813.00000000;680;EXCHANGE_LAST;;1;1;XEUR;7793479;675;
29.11.2024;16:51:43.183;FESX SI 20241220 CS;SIMPLE_INSTRUMENT;EFP_IDX;EUR;14;4814.00000000;120;EXCHANGE_LAST;;1;1;XEUR;7793479;675;
29.11.2024;16:51:08.157;FESX SI 20241220 CS;SIMPLE_INSTRUMENT;EFP_IDX;EUR;15;4813.00000000;2295;EXCHANGE_LAST;;1;1;XEUR;7793479;675;
29.11.2024;16:51:08.157;FESX SI 20241220 CS;SIMPLE_INSTRUMENT;EFP_IDX;EUR;16;4814.00000000;405;EXCHANGE_LAST;;1;1;XEUR;7793479;675;
29.11.2024;17:00:06.851;FESX SI 20241220 CS;SIMPLE_INSTRUMENT;EFP_IDX;EUR;17;4813.00000000;285;EXCHANGE_LAST;;1;1;XEUR;7793479;675;
29.11.2024;17:00:39.003;FESX SI 20241220 CS;SIMPLE_INSTRUMENT;EFP_IDX;EUR;18;4814.00000000;15;EXCHANGE_LAST;;1;1;XEUR;7793479;675;
29.11.2024;16:53:11.827;FESX SI 20241220 CS;SIMPLE_INSTRUMENT;EFP_IDX;EUR;19;4813.00000000;90;EXCHANGE_LAST;;1;1;XEUR;7793479;675;
29.11.2024;16:52:59.980;FESX SI 20241220 CS;SIMPLE_INSTRUMENT;EFP_IDX;EUR;20;4814.00000000;60;EXCHANGE_LAST;;1;1;XEUR;7793479;675;
29.11.2024;16:53:53.469;FESX SI 20241220 CS;SIMPLE_INSTRUMENT;EFP_IDX;EUR;21;4813.00000000;180;EXCHANGE_LAST;;1;1;XEUR;7793479;675;
29.11.2024;16:52:06.558;FESX SI 20241220 CS;SIMPLE_INSTRUMENT;EFP_IDX;EUR;22;4813.00000000;665;EXCHANGE_LAST;;1;1;XEUR;7793479;675;
29.11.2024;16:54:14.088;FESX SI 20241220 CS;SIMPLE_INSTRUMENT;EFP_IDX;EUR;23;4814.00000000;120;EXCHANGE_LAST;;1;1;XEUR;7793479;675;
29.11.2024;16:54:45.293;FESX SI 20241220 CS;SIMPLE_INSTRUMENT;EFP_IDX;EUR;24;4813.00000000;425;EXCHANGE_LAST;;1;1;XEUR;7793479;675;
29.11.2024;16:52:21.831;FESX SI 20241220 CS;SIMPLE_INSTRUMENT;EFP_IDX;EUR;25;4814.00000000;35;EXCHANGE_LAST;;1;1;XEUR;7793479;675;
29.11.2024;16:54:30.662;FESX SI 20241220 CS;SIMPLE_INSTRUMENT;EFP_IDX;EUR;26;4814.00000000;75;EXCHANGE_LAST;;1;1;XEUR;7793479;675;
29.11.2024;17:01:01.972;FESX SI 20241220 CS;SIMPLE_INSTRUMENT;EFP_IDX;EUR;27;4813.00000000;60;EXCHANGE_LAST;;1;1;XEUR;7793479;675;
29.11.2024;17:01:26.147;FESX SI 20241220 CS;SIMPLE_INSTRUMENT;EFP_IDX;EUR;28;4814.00000000;40;EXCHANGE_LAST;;1;1;XEUR;7793479;675;
29.11.2024;16:55:04.520;FESX SI 20241220 CS;SIMPLE_INSTRUMENT;EFP_IDX;EUR;29;4813.00000000;425;EXCHANGE_LAST;;1;1;XEUR;7793479;675;
29.11.2024;16:54:02.249;FESX SI 20241220 CS;SIMPLE_INSTRUMENT;EFP_IDX;EUR;30;4814.00000000;75;EXCHANGE_LAST;;1;1;XEUR;7793479;675;
29.11.2024;16:56:39.778;FESX SI 20241220 CS;SIMPLE_INSTRUMENT;EFP_IDX;EUR;31;4813.00000000;300;EXCHANGE_LAST;;1;1;XEUR;7793479;675;
29.11.2024;16:56:57.274;FESX SI 20241220 CS;SIMPLE_INSTRUMENT;EFP_IDX;EUR;32;4814.00000000;200;EXCHANGE_LAST;;1;1;XEUR;7793479;675;
29.11.2024;16:56:24.824;FESX SI 20241220 CS;SIMPLE_INSTRUMENT;EFP_IDX;EUR;33;4812.00000000;22;EXCHANGE_LAST;;1;1;XEUR;7793479;675;
29.11.2024;16:56:29.059;FESX SI 20241220 CS;SIMPLE_INSTRUMENT;EFP_IDX;EUR;34;4814.00000000;300;EXCHANGE_LAST;;1;1;XEUR;7793479;675;
29.11.2024;16:56:39.496;FESX SI 20241220 CS;SIMPLE_INSTRUMENT;EFP_IDX;EUR;35;4813.00000000;198;EXCHANGE_LAST;;1;1;XEUR;7793479;675;
29.11.2024;16:56:55.572;FESX SI 20241220 CS;SIMPLE_INSTRUMENT;EFP_IDX;EUR;36;4813.00000000;1700;EXCHANGE_LAST;;1;1;XEUR;7793479;675;
29.11.2024;16:58:30.948;FESX SI 20241220 CS;SIMPLE_INSTRUMENT;EFP_IDX;EUR;37;4813.00000000;300;EXCHANGE_LAST;;1;1;XEUR;7793479;675;
29.11.2024;16:58:25.064;FESX SI 20241220 CS;SIMPLE_INSTRUMENT;EFP_IDX;EUR;38;4814.00000000;200;EXCHANGE_LAST;;1;1;XEUR;7793479;675;
29.11.2024;17:07:12.435;FESX SI 20241220 CS;SIMPLE_INSTRUMENT;EFP_IDX;EUR;39;4813.00000000;720;EXCHANGE_LAST;;1;1;XEUR;7793479;675;
29.11.2024;17:07:18.339;FESX SI 20241220 CS;SIMPLE_INSTRUMENT;EFP_IDX;EUR;40;4814.00000000;480;EXCHANGE_LAST;;1;1;XEUR;7793479;675;
29.11.2024;17:08:02.884;FESX SI 20241220 CS;SIMPLE_INSTRUMENT;BLOCK;EUR;41;4815.00000000;2000;EXCHANGE_LAST;;1;1;XEUR;7793479;675;
29.11.2024;17:13:37.633;FESX SI 20241220 CS;SIMPLE_INSTRUMENT;BLOCK;EUR;42;4815.00000000;2000;EXCHANGE_LAST;;1;1;XEUR;7793479;675;
29.11.2024;08:47:33.839;FESX SI 20241220 CS;SIMPLE_INSTRUMENT;VOLA;EUR;637534214;4761.00000000;160;EXCHANGE_LAST;;1;1;XEUR;7793479;675;
29.11.2024;09:34:49.590;FESX SI 20241220 CS;SIMPLE_INSTRUMENT;VOLA;EUR;637534237;4756.00000000;556;EXCHANGE_LAST;;1;1;XEUR;7793479;675;
29.11.2024;10:43:59.755;FESX SI 20241220 CS;SIMPLE_INSTRUMENT;VOLA;EUR;637534268;4764.00000000;10;EXCHANGE_LAST;;1;1;XEUR;7793479;675;
29.11.2024;11:03:00.097;FESX SI 20241220 CS;SIMPLE_INSTRUMENT;VOLA;EUR;637534276;4763.00000000;50;EXCHANGE_LAST;;1;1;XEUR;7793479;675;
29.11.2024;13:39:22.562;FESX SI 20241220 CS;SIMPLE_INSTRUMENT;VOLA;EUR;637534301;4779.00000000;247;EXCHANGE_LAST;;1;1;XEUR;7793479;675;
29.11.2024;15:07:30.014;FESX SI 20241220 CS;SIMPLE_INSTRUMENT;VOLA;EUR;637534314;4777.00000000;800;EXCHANGE_LAST;;1;1;XEUR;7793479;675;
29.11.2024;15:37:43.043;FESX SI 20241220 CS;SIMPLE_INSTRUMENT;VOLA;EUR;637534320;4796.00000000;125;EXCHANGE_LAST;;1;1;XEUR;7793479;675;
29.11.2024;15:50:10.624;FESX SI 20241220 CS;SIMPLE_INSTRUMENT;VOLA;EUR;637534323;4789.00000000;339;EXCHANGE_LAST;;1;1;XEUR;7793479;675;
29.11.2024;16:33:06.322;FESX SI 20241220 CS;SIMPLE_INSTRUMENT;VOLA;EUR;637534346;4811.00000000;73;EXCHANGE_LAST;;1;1;XEUR;7793479;675;
29.11.2024;16:48:19.141;FESZ SI 20241220 CS;SIMPLE_INSTRUMENT;EFP_IDX;EUR;3;1264.20000000;5;EXCHANGE_LAST;;1;1;XEUR;10839551;700;
29.11.2024;16:48:31.482;FESZ SI 20241220 CS;SIMPLE_INSTRUMENT;EFP_IDX;EUR;4;1264.30000000;21;EXCHANGE_LAST;;1;1;XEUR;10839551;700;
29.11.2024;09:55:16.043;FEXD SI 20261218 CS;SIMPLE_INSTRUMENT;BLOCK;EUR;5;150.50000000;300;EXCHANGE_LAST;;1;1;XEUR;2163053;693;
29.11.2024;10:06:26.211;FEXD SI 20250620 CS;SIMPLE_INSTRUMENT;BLOCK;EUR;6;125.40000000;500;EXCHANGE_LAST;;1;1;XEUR;9548493;693;
29.11.2024;10:32:38.293;FEXD SI 20261218 CS;SIMPLE_INSTRUMENT;BLOCK;EUR;8;150.10000000;2000;EXCHANGE_LAST;;1;1;XEUR;2163053;693;
29.11.2024;10:40:07.031;FEXD SI 20251219 CS;SIMPLE_INSTRUMENT;BLOCK;EUR;9;158.80000000;700;EXCHANGE_LAST;;1;1;XEUR;1548120;693;
29.11.2024;10:52:06.005;FEXD SI 20251219 CS;SIMPLE_INSTRUMENT;BLOCK;EUR;11;158.80000000;200;EXCHANGE_LAST;;2;1;XEUR;1548120;693;
29.11.2024;11:35:53.444;FEXD SI 20261218 CS;SIMPLE_INSTRUMENT;BLOCK;EUR;16;150.40000000;2000;EXCHANGE_LAST;;1;1;XEUR;2163053;693;
29.11.2024;11:31:12.590;FEXD SI 20261218 CS;SIMPLE_INSTRUMENT;BLOCK;EUR;17;150.40000000;400;EXCHANGE_LAST;;1;1;XEUR;2163053;693;
29.11.2024;12:07:11.643;FEXD SI 20281215 CS;SIMPLE_INSTRUMENT;BLOCK;EUR;21;138.20000000;1000;EXCHANGE_LAST;;1;1;XEUR;3680985;693;
29.11.2024;12:36:53.999;FEXD SI 20251219 CS;SIMPLE_INSTRUMENT;BLOCK;EUR;24;158.90000000;400;EXCHANGE_LAST;;2;1;XEUR;1548120;693;
29.11.2024;13:13:42.189;FEXD SI 20291221 CS;SIMPLE_INSTRUMENT;BLOCK;EUR;26;133.10000000;300;EXCHANGE_LAST;;1;1;XEUR;4631968;693;
29.11.2024;13:13:45.060;FEXD SI 20301220 CS;SIMPLE_INSTRUMENT;BLOCK;EUR;27;128.90000000;300;EXCHANGE_LAST;;1;1;XEUR;5914108;693;
29.11.2024;13:13:48.296;FEXD SI 20311219 CS;SIMPLE_INSTRUMENT;BLOCK;EUR;28;124.90000000;850;EXCHANGE_LAST;;1;1;XEUR;7158547;693;
29.11.2024;13:13:50.253;FEXD SI 20311219 CS;SIMPLE_INSTRUMENT;BLOCK;EUR;29;125.20000000;350;EXCHANGE_LAST;;1;1;XEUR;7158547;693;
29.11.2024;13:13:54.818;FEXD SI 20271217 CS;SIMPLE_INSTRUMENT;BLOCK;EUR;30;143.50000000;300;EXCHANGE_LAST;;1;1;XEUR;2848338;693;
29.11.2024;13:13:59.092;FEXD SI 20281215 CS;SIMPLE_INSTRUMENT;BLOCK;EUR;31;137.90000000;300;EXCHANGE_LAST;;1;1;XEUR;3680985;693;
29.11.2024;13:01:50.897;FEXD SI 20271217 CS;SIMPLE_INSTRUMENT;BLOCK;EUR;32;143.60000000;250;EXCHANGE_LAST;;1;1;XEUR;2848338;693;
29.11.2024;16:46:57.329;FFOX SI 20241220 CS;SIMPLE_INSTRUMENT;BLOCK;EUR;2;4338.30000000;1200;EXCHANGE_LAST;;1;1;XEUR;10839549;695;
29.11.2024;08:08:22.730;FGBL SI 20241206 PS;SIMPLE_INSTRUMENT;EFP_FIN;EUR;1;134.57000000;479;EXCHANGE_LAST;;1;1;XEUR;10804524;688;
29.11.2024;08:12:23.098;FGBL SI 20241206 PS;SIMPLE_INSTRUMENT;EFS;EUR;2;134.58000000;240;EXCHANGE_LAST;;1;1;XEUR;10804524;688;
29.11.2024;08:32:28.833;FGBL SI 20250306 PS;SIMPLE_INSTRUMENT;EFS;EUR;3;136.19000000;150;EXCHANGE_LAST;;1;1;XEUR;11286679;688;
29.11.2024;08:35:34.067;FGBL SI 20241206 PS;SIMPLE_INSTRUMENT;EFS;EUR;4;134.55000000;430;EXCHANGE_LAST;;1;1;XEUR;10804524;688;
29.11.2024;08:36:52.400;FGBL SI 20241206 PS;SIMPLE_INSTRUMENT;EFS;EUR;5;134.59000000;215;EXCHANGE_LAST;;1;1;XEUR;10804524;688;
29.11.2024;08:37:37.470;FGBL SI 20241206 PS;SIMPLE_INSTRUMENT;EFS;EUR;6;134.60000000;215;EXCHANGE_LAST;;1;1;XEUR;10804524;688;
29.11.2024;08:46:27.395;FGBL SI 20241206 PS;SIMPLE_INSTRUMENT;BLOCK;EUR;7;134.52000000;4000;EXCHANGE_LAST;;1;1;XEUR;10804524;688;
29.11.2024;08:46:38.897;FGBL SI 20250306 PS;SIMPLE_INSTRUMENT;BLOCK;EUR;8;136.13000000;2000;EXCHANGE_LAST;;1;1;XEUR;11286679;688;
29.11.2024;08:46:46.938;FGBL SI 20250306 PS;SIMPLE_INSTRUMENT;BLOCK;EUR;9;136.14000000;2000;EXCHANGE_LAST;;1;1;XEUR;11286679;688;
29.11.2024;08:53:50.771;FGBL SI 20241206 PS;SIMPLE_INSTRUMENT;EFS;EUR;10;134.49000000;215;EXCHANGE_LAST;;1;1;XEUR;10804524;688;
29.11.2024;08:59:12.061;FGBL SI 20241206 PS;SIMPLE_INSTRUMENT;EFS;EUR;11;134.49000000;431;EXCHANGE_LAST;;1;1;XEUR;10804524;688;
29.11.2024;09:00:33.121;FGBL SI 20241206 PS;SIMPLE_INSTRUMENT;EFS;EUR;12;134.50000000;258;EXCHANGE_LAST;;1;1;XEUR;10804524;688;
29.11.2024;09:05:22.315;FGBL SI 20241206 PS;SIMPLE_INSTRUMENT;EFS;EUR;13;134.47000000;431;EXCHANGE_LAST;;1;1;XEUR;10804524;688;
29.11.2024;09:06:24.249;FGBL SI 20241206 PS;SIMPLE_INSTRUMENT;EFP_FIN;EUR;14;134.50000000;1798;EXCHANGE_LAST;;1;1;XEUR;10804524;688;
29.11.2024;09:10:36.535;FGBL SI 20241206 PS;SIMPLE_INSTRUMENT;EFS;EUR;15;134.51000000;215;EXCHANGE_LAST;;1;1;XEUR;10804524;688;
29.11.2024;09:11:35.444;FGBL.S.DEC24.MAR25.SPD;FUTURES_SPREAD;BLOCK;EUR;16;-1.61000000;3770;EXCHANGE_LAST;;1;1;XEUR;72060548975427674;688;
29.11.2024;09:11:35.444;FGBL SI 20241206 PS;SIMPLE_INSTRUMENT;BLOCK;EUR;16;134.50000000;3770;PRC_DECOMP_MEMBER;;;;XEUR;10804524;688;MEMBER
29.11.2024;09:11:35.444;FGBL SI 20250306 PS;SIMPLE_INSTRUMENT;BLOCK;EUR;16;136.11000000;3770;PRC_DECOMP_MEMBER;;;;XEUR;11286679;688;MEMBER
29.11.2024;09:13:32.716;FGBL SI 20241206 PS;SIMPLE_INSTRUMENT;EFS;EUR;17;134.53000000;431;EXCHANGE_LAST;;1;1;XEUR;10804524;688;
29.11.2024;09:16:12.458;FGBL SI 20241206 PS;SIMPLE_INSTRUMENT;EFS;EUR;18;134.49000000;384;EXCHANGE_LAST;;1;1;XEUR;10804524;688;
29.11.2024;09:23:16.606;FGBL SI 20241206 PS;SIMPLE_INSTRUMENT;BLOCK;EUR;19;134.48000000;4200;EXCHANGE_LAST;;1;1;XEUR;10804524;688;
29.11.2024;09:24:20.994;FGBL SI 20250306 PS;SIMPLE_INSTRUMENT;BLOCK;EUR;20;136.09000000;2000;EXCHANGE_LAST;;1;1;XEUR;11286679;688;
29.11.2024;09:25:33.220;FGBL SI 20250306 PS;SIMPLE_INSTRUMENT;BLOCK;EUR;21;136.10000000;2000;EXCHANGE_LAST;;1;1;XEUR;11286679;688;
29.11.2024;09:27:44.356;FGBL SI 20241206 PS;SIMPLE_INSTRUMENT;EFS;EUR;22;134.50000000;215;EXCHANGE_LAST;;1;1;XEUR;10804524;688;
29.11.2024;09:29:37.599;FGBL SI 20241206 PS;SIMPLE_INSTRUMENT;EFS;EUR;23;134.50000000;215;EXCHANGE_LAST;;1;1;XEUR;10804524;688;
29.11.2024;09:30:01.473;FGBL SI 20241206 PS;SIMPLE_INSTRUMENT;EFS;EUR;24;134.50000000;215;EXCHANGE_LAST;;1;1;XEUR;10804524;688;
29.11.2024;09:30:43.292;FGBL.S.DEC24.MAR25.SPD;FUTURES_SPREAD;BLOCK;EUR;25;-1.61000000;2147;EXCHANGE_LAST;;1;1;XEUR;72060548975427674;688;
29.11.2024;09:30:43.292;FGBL SI 20250306 PS;SIMPLE_INSTRUMENT;BLOCK;EUR;25;136.11000000;2147;PRC_DECOMP_MEMBER;;;;XEUR;11286679;688;MEMBER
29.11.2024;09:30:43.292;FGBL SI 20241206 PS;SIMPLE_INSTRUMENT;BLOCK;EUR;25;134.50000000;2147;PRC_DECOMP_MEMBER;;;;XEUR;10804524;688;MEMBER
29.11.2024;09:31:01.037;FGBL.S.DEC24.MAR25.SPD;FUTURES_SPREAD;BLOCK;EUR;26;-1.62000000;2147;EXCHANGE_LAST;;1;1;XEUR;72060548975427674;688;
29.11.2024;09:31:01.037;FGBL SI 20241206 PS;SIMPLE_INSTRUMENT;BLOCK;EUR;26;134.50000000;2147;PRC_DECOMP_MEMBER;;;;XEUR;10804524;688;MEMBER
29.11.2024;09:31:01.037;FGBL SI 20250306 PS;SIMPLE_INSTRUMENT;BLOCK;EUR;26;136.12000000;2147;PRC_DECOMP_MEMBER;;;;XEUR;11286679;688;MEMBER
29.11.2024;09:31:46.656;FGBL SI 20241206 PS;SIMPLE_INSTRUMENT;EFS;EUR;27;134.50000000;387;EXCHANGE_LAST;;1;1;XEUR;10804524;688;
29.11.2024;09:34:41.819;FGBL SI 20250306 PS;SIMPLE_INSTRUMENT;EFS;EUR;28;136.09000000;920;EXCHANGE_LAST;;1;1;XEUR;11286679;688;
29.11.2024;09:35:15.164;FGBL SI 20241206 PS;SIMPLE_INSTRUMENT;EFS;EUR;29;134.50000000;387;EXCHANGE_LAST;;1;1;XEUR;10804524;688;
29.11.2024;09:37:38.797;FGBL SI 20241206 PS;SIMPLE_INSTRUMENT;BLOCK;EUR;30;134.50000000;2385;EXCHANGE_LAST;;1;1;XEUR;10804524;688;
29.11.2024;09:38:03.488;FGBL SI 20241206 PS;SIMPLE_INSTRUMENT;EFP_FIN;EUR;31;134.52000000;1028;EXCHANGE_LAST;;1;1;XEUR;10804524;688;
29.11.2024;09:39:01.780;FGBL SI 20250306 PS;SIMPLE_INSTRUMENT;BLOCK;EUR;32;136.12000000;2385;EXCHANGE_LAST;;1;1;XEUR;11286679;688;
29.11.2024;09:39:19.834;FGBL SI 20241206 PS;SIMPLE_INSTRUMENT;EFS;EUR;33;134.51000000;215;EXCHANGE_LAST;;1;1;XEUR;10804524;688;
29.11.2024;09:40:44.902;FGBL SI 20241206 PS;SIMPLE_INSTRUMENT;EFS;EUR;34;134.51000000;215;EXCHANGE_LAST;;1;1;XEUR;10804524;688;
29.11.2024;09:42:10.985;FGBL SI 20241206 PS;SIMPLE_INSTRUMENT;EFS;EUR;35;134.53000000;431;EXCHANGE_LAST;;1;1;XEUR;10804524;688;
29.11.2024;09:43:41.080;FGBL SI 20241206 PS;SIMPLE_INSTRUMENT;EFS;EUR;36;134.53000000;431;EXCHANGE_LAST;;1;1;XEUR;10804524;688;
29.11.2024;09:44:54.211;FGBL SI 20241206 PS;SIMPLE_INSTRUMENT;EFS;EUR;37;134.56000000;430;EXCHANGE_LAST;;1;1;XEUR;10804524;688;
29.11.2024;09:45:26.189;FGBL SI 20241206 PS;SIMPLE_INSTRUMENT;EFS;EUR;38;134.58000000;215;EXCHANGE_LAST;;1;1;XEUR;10804524;688;
29.11.2024;09:45:57.772;FGBL SI 20241206 PS;SIMPLE_INSTRUMENT;EFP_FIN;EUR;39;134.50000000;427;EXCHANGE_LAST;;1;1;XEUR;10804524;688;
29.11.2024;09:47:26.294;FGBL SI 20241206 PS;SIMPLE_INSTRUMENT;EFS;EUR;40;134.58000000;215;EXCHANGE_LAST;;1;1;XEUR;10804524;688;
29.11.2024;09:48:20.263;FGBL SI 20241206 PS;SIMPLE_INSTRUMENT;EFS;EUR;41;134.55000000;542;EXCHANGE_LAST;;1;1;XEUR;10804524;688;
29.11.2024;09:49:03.470;FGBL SI 20241206 PS;SIMPLE_INSTRUMENT;EFS;EUR;42;134.55000000;232;EXCHANGE_LAST;;1;1;XEUR;10804524;688;
29.11.2024;09:49:41.889;FGBL SI 20250306 PS;SIMPLE_INSTRUMENT;EFS;EUR;43;136.21000000;456;EXCHANGE_LAST;;1;1;XEUR;11286679;688;
29.11.2024;09:55:31.644;FGBL SI 20241206 PS;SIMPLE_INSTRUMENT;EFS;EUR;44;134.60000000;215;EXCHANGE_LAST;;1;1;XEUR;10804524;688;
29.11.2024;09:55:41.654;FGBL SI 20241206 PS;SIMPLE_INSTRUMENT;EFS;EUR;45;134.60000000;215;EXCHANGE_LAST;;1;1;XEUR;10804524;688;
29.11.2024;09:59:31.674;FGBL SI 20241206 PS;SIMPLE_INSTRUMENT;EFS;EUR;46;134.61000000;232;EXCHANGE_LAST;;1;1;XEUR;10804524;688;
29.11.2024;10:07:53.193;FGBL SI 20241206 PS;SIMPLE_INSTRUMENT;EFS;EUR;47;134.59000000;215;EXCHANGE_LAST;;1;1;XEUR;10804524;688;
29.11.2024;10:19:03.786;FGBL SI 20250306 PS;SIMPLE_INSTRUMENT;EFS;EUR;48;136.29000000;225;EXCHANGE_LAST;;1;1;XEUR;11286679;688;
29.11.2024;10:26:24.072;FGBL SI 20241206 PS;SIMPLE_INSTRUMENT;EFS;EUR;49;134.48000000;431;EXCHANGE_LAST;;1;1;XEUR;10804524;688;
29.11.2024;10:26:25.074;FGBL SI 20241206 PS;SIMPLE_INSTRUMENT;EFS;EUR;50;134.45000000;215;EXCHANGE_LAST;;1;1;XEUR;10804524;688;
29.11.2024;10:27:14.130;FGBL SI 20241206 PS;SIMPLE_INSTRUMENT;EFS;EUR;51;134.48000000;431;EXCHANGE_LAST;;1;1;XEUR;10804524;688;
29.11.2024;10:29:13.510;FGBL SI 20241206 PS;SIMPLE_INSTRUMENT;EFP_FIN;EUR;52;134.64000000;938;EXCHANGE_LAST;;1;1;XEUR;10804524;688;
29.11.2024;10:33:55.683;FGBL SI 20241206 PS;SIMPLE_INSTRUMENT;BLOCK;EUR;53;134.52000000;4500;EXCHANGE_LAST;;1;1;XEUR;10804524;688;
29.11.2024;10:34:03.515;FGBL SI 20250306 PS;SIMPLE_INSTRUMENT;BLOCK;EUR;54;136.13000000;2250;EXCHANGE_LAST;;1;1;XEUR;11286679;688;
29.11.2024;10:34:11.742;FGBL SI 20250306 PS;SIMPLE_INSTRUMENT;BLOCK;EUR;55;136.14000000;2250;EXCHANGE_LAST;;1;1;XEUR;11286679;688;
29.11.2024;10:34:30.458;FGBL SI 20241206 PS;SIMPLE_INSTRUMENT;EFS;EUR;56;134.51000000;431;EXCHANGE_LAST;;1;1;XEUR;10804524;688;
29.11.2024;10:35:30.956;FGBL SI 20241206 PS;SIMPLE_INSTRUMENT;EFS;EUR;57;134.53000000;430;EXCHANGE_LAST;;1;1;XEUR;10804524;688;
29.11.2024;10:36:03.666;FGBL SI 20241206 PS;SIMPLE_INSTRUMENT;EFS;EUR;58;134.53000000;430;EXCHANGE_LAST;;1;1;XEUR;10804524;688;
29.11.2024;10:36:10.539;FGBL SI 20241206 PS;SIMPLE_INSTRUMENT;EFS;EUR;59;134.51000000;431;EXCHANGE_LAST;;1;1;XEUR;10804524;688;
29.11.2024;10:38:02.169;FGBL SI 20241206 PS;SIMPLE_INSTRUMENT;EFS;EUR;60;134.54000000;430;EXCHANGE_LAST;;1;1;XEUR;10804524;688;
29.11.2024;10:39:55.716;FGBL SI 20241206 PS;SIMPLE_INSTRUMENT;EFS;EUR;61;134.55000000;215;EXCHANGE_LAST;;1;1;XEUR;10804524;688;
29.11.2024;10:41:40.799;FGBL SI 20241206 PS;SIMPLE_INSTRUMENT;EFS;EUR;62;134.54000000;392;EXCHANGE_LAST;;1;1;XEUR;10804524;688;
29.11.2024;10:41:45.804;FGBL SI 20241206 PS;SIMPLE_INSTRUMENT;EFS;EUR;63;134.56000000;392;EXCHANGE_LAST;;1;1;XEUR;10804524;688;
29.11.2024;10:55:17.401;FGBL SI 20241206 PS;SIMPLE_INSTRUMENT;EFS;EUR;64;134.49000000;431;EXCHANGE_LAST;;1;1;XEUR;10804524;688;
29.11.2024;10:55:58.732;FGBL SI 20241206 PS;SIMPLE_INSTRUMENT;EFS;EUR;65;134.55000000;1921;EXCHANGE_LAST;;1;1;XEUR;10804524;688;
29.11.2024;10:56:21.754;FGBL.S.DEC24.MAR25.SPD;FUTURES_SPREAD;BLOCK;EUR;66;-1.61000000;2673;EXCHANGE_LAST;;1;1;XEUR;72060548975427674;688;
29.11.2024;10:56:21.754;FGBL SI 20241206 PS;SIMPLE_INSTRUMENT;BLOCK;EUR;66;134.54000000;2673;PRC_DECOMP_EXCHANGE;;;;XEUR;10804524;688;EXCHANGE
29.11.2024;10:56:21.754;FGBL SI 20250306 PS;SIMPLE_INSTRUMENT;BLOCK;EUR;66;136.15000000;2673;PRC_DECOMP_EXCHANGE;;;;XEUR;11286679;688;EXCHANGE
29.11.2024;11:01:23.313;FGBL SI 20241206 PS;SIMPLE_INSTRUMENT;EFS;EUR;67;134.49000000;226;EXCHANGE_LAST;;1;1;XEUR;10804524;688;
29.11.2024;11:01:51.513;FGBL SI 20241206 PS;SIMPLE_INSTRUMENT;EFS;EUR;68;134.53000000;215;EXCHANGE_LAST;;1;1;XEUR;10804524;688;
29.11.2024;11:03:09.135;FGBL SI 20241206 PS;SIMPLE_INSTRUMENT;EFS;EUR;69;134.52000000;226;EXCHANGE_LAST;;1;1;XEUR;10804524;688;
29.11.2024;11:04:37.798;FGBL SI 20241206 PS;SIMPLE_INSTRUMENT;EFS;EUR;70;134.52000000;226;EXCHANGE_LAST;;1;1;XEUR;10804524;688;
29.11.2024;11:07:53.063;FGBL SI 20241206 PS;SIMPLE_INSTRUMENT;EFS;EUR;71;134.47000000;612;EXCHANGE_LAST;;1;1;XEUR;10804524;688;
29.11.2024;11:07:59.001;FGBL SI 20241206 PS;SIMPLE_INSTRUMENT;EFP_FIN;EUR;72;134.50000000;629;EXCHANGE_LAST;;1;1;XEUR;10804524;688;
29.11.2024;11:10:28.351;FGBL SI 20241206 PS;SIMPLE_INSTRUMENT;EFP_FIN;EUR;73;134.48000000;164;EXCHANGE_LAST;;1;1;XEUR;10804524;688;
29.11.2024;11:20:31.496;FGBL SI 20250306 PS;SIMPLE_INSTRUMENT;BLOCK;EUR;75;136.25000000;19031;EXCHANGE_LAST;;1;1;XEUR;11286679;688;
29.11.2024;11:20:20.495;FGBL SI 20241206 PS;SIMPLE_INSTRUMENT;BLOCK;EUR;76;134.63000000;10000;EXCHANGE_LAST;;1;1;XEUR;10804524;688;
29.11.2024;11:20:13.494;FGBL SI 20241206 PS;SIMPLE_INSTRUMENT;BLOCK;EUR;77;134.64000000;10000;EXCHANGE_LAST;;1;1;XEUR;10804524;688;
29.11.2024;11:24:16.759;FGBL SI 20241206 PS;SIMPLE_INSTRUMENT;EFP_FIN;EUR;78;134.50000000;387;EXCHANGE_LAST;;1;1;XEUR;10804524;688;
29.11.2024;11:24:50.070;FGBL.S.DEC24.MAR25.SPD;FUTURES_SPREAD;BLOCK;EUR;79;-1.62000000;5346;EXCHANGE_LAST;;1;1;XEUR;72060548975427674;688;
29.11.2024;11:24:50.070;FGBL SI 20250306 PS;SIMPLE_INSTRUMENT;BLOCK;EUR;79;136.30000000;5346;PRC_DECOMP_EXCHANGE;;;;XEUR;11286679;688;EXCHANGE
29.11.2024;11:24:50.070;FGBL SI 20241206 PS;SIMPLE_INSTRUMENT;BLOCK;EUR;79;134.68000000;5346;PRC_DECOMP_EXCHANGE;;;;XEUR;10804524;688;EXCHANGE
29.11.2024;11:25:13.991;FGBL.S.DEC24.MAR25.SPD;FUTURES_SPREAD;BLOCK;EUR;80;-1.61000000;3851;EXCHANGE_LAST;;1;1;XEUR;72060548975427674;688;
29.11.2024;11:25:13.991;FGBL SI 20250306 PS;SIMPLE_INSTRUMENT;BLOCK;EUR;80;136.29000000;3851;PRC_DECOMP_EXCHANGE;;;;XEUR;11286679;688;EXCHANGE
29.11.2024;11:25:13.991;FGBL SI 20241206 PS;SIMPLE_INSTRUMENT;BLOCK;EUR;80;134.68000000;3851;PRC_DECOMP_EXCHANGE;;;;XEUR;10804524;688;EXCHANGE
29.11.2024;11:25:51.356;FGBL.S.DEC24.MAR25.SPD;FUTURES_SPREAD;BLOCK;EUR;81;-1.62000000;3852;EXCHANGE_LAST;;1;1;XEUR;72060548975427674;688;
29.11.2024;11:25:51.356;FGBL SI 20250306 PS;SIMPLE_INSTRUMENT;BLOCK;EUR;81;136.29000000;3852;PRC_DECOMP_EXCHANGE;;;;XEUR;11286679;688;EXCHANGE
29.11.2024;11:25:51.356;FGBL SI 20241206 PS;SIMPLE_INSTRUMENT;BLOCK;EUR;81;134.67000000;3852;PRC_DECOMP_EXCHANGE;;;;XEUR;10804524;688;EXCHANGE
29.11.2024;11:37:55.330;FGBL SI 20241206 PS;SIMPLE_INSTRUMENT;EFP_FIN;EUR;82;134.68000000;422;EXCHANGE_LAST;;1;1;XEUR;10804524;688;
29.11.2024;11:32:26.593;FGBL SI 20241206 PS;SIMPLE_INSTRUMENT;EFP_FIN;EUR;83;134.68000000;127;EXCHANGE_LAST;;1;1;XEUR;10804524;688;
29.11.2024;11:41:09.150;FGBL SI 20241206 PS;SIMPLE_INSTRUMENT;EFP_FIN;EUR;84;134.68000000;132;EXCHANGE_LAST;;1;1;XEUR;10804524;688;
29.11.2024;12:06:38.824;FGBL SI 20241206 PS;SIMPLE_INSTRUMENT;EFS;EUR;85;134.65000000;682;EXCHANGE_LAST;;1;1;XEUR;10804524;688;
29.11.2024;12:08:54.784;FGBL SI 20241206 PS;SIMPLE_INSTRUMENT;EFP_FIN;EUR;86;134.63000000;1119;EXCHANGE_LAST;;1;1;XEUR;10804524;688;
29.11.2024;12:09:17.799;FGBL SI 20241206 PS;SIMPLE_INSTRUMENT;EFP_FIN;EUR;87;134.50000000;387;EXCHANGE_LAST;;1;1;XEUR;10804524;688;
29.11.2024;12:10:57.459;FGBL SI 20241206 PS;SIMPLE_INSTRUMENT;EFP_FIN;EUR;88;134.63000000;194;EXCHANGE_LAST;;1;1;XEUR;10804524;688;
29.11.2024;12:13:10.113;FGBL SI 20241206 PS;SIMPLE_INSTRUMENT;EFS;EUR;89;134.66000000;959;EXCHANGE_LAST;;1;1;XEUR;10804524;688;
29.11.2024;12:17:07.649;FGBL SI 20241206 PS;SIMPLE_INSTRUMENT;EFS;EUR;90;134.64000000;215;EXCHANGE_LAST;;1;1;XEUR;10804524;688;
29.11.2024;12:20:17.531;FGBL SI 20241206 PS;SIMPLE_INSTRUMENT;EFS;EUR;91;134.68000000;1015;EXCHANGE_LAST;;1;1;XEUR;10804524;688;
29.11.2024;12:21:08.534;FGBL SI 20250306 PS;SIMPLE_INSTRUMENT;EFS;EUR;92;136.31000000;639;EXCHANGE_LAST;;1;1;XEUR;11286679;688;
29.11.2024;12:27:26.725;FGBL SI 20241206 PS;SIMPLE_INSTRUMENT;EFS;EUR;93;134.72000000;215;EXCHANGE_LAST;;1;1;XEUR;10804524;688;
29.11.2024;12:28:12.314;FGBL SI 20241206 PS;SIMPLE_INSTRUMENT;EFS;EUR;94;134.72000000;430;EXCHANGE_LAST;;1;1;XEUR;10804524;688;
29.11.2024;12:34:25.366;FGBL SI 20241206 PS;SIMPLE_INSTRUMENT;EFS;EUR;95;134.69000000;274;EXCHANGE_LAST;;1;1;XEUR;10804524;688;
29.11.2024;12:39:14.700;FGBL SI 20241206 PS;SIMPLE_INSTRUMENT;EFS;EUR;96;134.68000000;959;EXCHANGE_LAST;;1;1;XEUR;10804524;688;
29.11.2024;12:42:09.496;FGBL SI 20241206 PS;SIMPLE_INSTRUMENT;EFS;EUR;97;134.59000000;274;EXCHANGE_LAST;;1;1;XEUR;10804524;688;
29.11.2024;12:59:48.309;FGBL SI 20241206 PS;SIMPLE_INSTRUMENT;EFS;EUR;98;134.59000000;215;EXCHANGE_LAST;;1;1;XEUR;10804524;688;
29.11.2024;12:59:58.318;FGBL SI 20241206 PS;SIMPLE_INSTRUMENT;EFS;EUR;99;134.59000000;431;EXCHANGE_LAST;;1;1;XEUR;10804524;688;
29.11.2024;13:14:02.495;FGBL.S.DEC24.MAR25.SPD;FUTURES_SPREAD;BLOCK;EUR;100;-1.61000000;2369;EXCHANGE_LAST;;1;1;XEUR;72060548975427674;688;
29.11.2024;13:14:02.495;FGBL SI 20241206 PS;SIMPLE_INSTRUMENT;BLOCK;EUR;100;134.57000000;2369;PRC_DECOMP_EXCHANGE;;;;XEUR;10804524;688;EXCHANGE
29.11.2024;13:14:02.495;FGBL SI 20250306 PS;SIMPLE_INSTRUMENT;BLOCK;EUR;100;136.18000000;2369;PRC_DECOMP_EXCHANGE;;;;XEUR;11286679;688;EXCHANGE
29.11.2024;13:29:18.087;FGBL SI 20241206 PS;SIMPLE_INSTRUMENT;EFS;EUR;101;134.57000000;430;EXCHANGE_LAST;;1;1;XEUR;10804524;688;
29.11.2024;13:30:33.836;FGBL SI 20250306 PS;SIMPLE_INSTRUMENT;BLOCK;EUR;102;136.31000000;2393;EXCHANGE_LAST;;1;1;XEUR;11286679;688;
29.11.2024;13:38:56.365;FGBL SI 20241206 PS;SIMPLE_INSTRUMENT;EFS;EUR;103;134.57000000;430;EXCHANGE_LAST;;1;1;XEUR;10804524;688;
29.11.2024;13:42:54.717;FGBL SI 20241206 PS;SIMPLE_INSTRUMENT;EFS;EUR;104;134.57000000;430;EXCHANGE_LAST;;1;1;XEUR;10804524;688;
29.11.2024;13:46:05.772;FGBL SI 20241206 PS;SIMPLE_INSTRUMENT;EFS;EUR;105;134.57000000;430;EXCHANGE_LAST;;1;1;XEUR;10804524;688;
29.11.2024;13:46:10.880;FGBL SI 20241206 PS;SIMPLE_INSTRUMENT;EFP_FIN;EUR;106;134.68000000;957;EXCHANGE_LAST;;1;1;XEUR;10804524;688;
29.11.2024;13:53:53.180;FGBL SI 20241206 PS;SIMPLE_INSTRUMENT;EFS;EUR;107;134.70000000;138;EXCHANGE_LAST;;1;1;XEUR;10804524;688;
29.11.2024;13:56:30.012;FGBL SI 20241206 PS;SIMPLE_INSTRUMENT;EFP_FIN;EUR;108;134.72000000;593;EXCHANGE_LAST;;1;1;XEUR;10804524;688;
29.11.2024;14:01:16.982;FGBL SI 20241206 PS;SIMPLE_INSTRUMENT;EFS;EUR;109;134.72000000;215;EXCHANGE_LAST;;1;1;XEUR;10804524;688;
29.11.2024;14:17:18.927;FGBL SI 20241206 PS;SIMPLE_INSTRUMENT;EFS;EUR;110;134.77000000;226;EXCHANGE_LAST;;1;1;XEUR;10804524;688;
29.11.2024;14:17:44.388;FGBL SI 20241206 PS;SIMPLE_INSTRUMENT;EFS;EUR;111;134.68000000;96;EXCHANGE_LAST;;1;1;XEUR;10804524;688;
29.11.2024;14:21:21.232;FGBL SI 20241206 PS;SIMPLE_INSTRUMENT;EFS;EUR;112;134.73000000;860;EXCHANGE_LAST;;1;1;XEUR;10804524;688;
29.11.2024;14:21:26.237;FGBL SI 20241206 PS;SIMPLE_INSTRUMENT;EFS;EUR;113;134.73000000;215;EXCHANGE_LAST;;1;1;XEUR;10804524;688;
29.11.2024;14:21:36.248;FGBL SI 20241206 PS;SIMPLE_INSTRUMENT;EFS;EUR;114;134.73000000;430;EXCHANGE_LAST;;1;1;XEUR;10804524;688;
29.11.2024;14:21:41.253;FGBL SI 20241206 PS;SIMPLE_INSTRUMENT;EFS;EUR;115;134.73000000;430;EXCHANGE_LAST;;1;1;XEUR;10804524;688;
29.11.2024;14:33:34.873;FGBL SI 20241206 PS;SIMPLE_INSTRUMENT;EFP_FIN;EUR;117;134.75000000;444;EXCHANGE_LAST;;1;1;XEUR;10804524;688;
29.11.2024;14:35:23.060;FGBL SI 20241206 PS;SIMPLE_INSTRUMENT;EFP_FIN;EUR;118;134.71000000;543;EXCHANGE_LAST;;1;1;XEUR;10804524;688;
29.11.2024;14:35:32.901;FGBL SI 20241206 PS;SIMPLE_INSTRUMENT;EFS;EUR;119;134.69000000;430;EXCHANGE_LAST;;1;1;XEUR;10804524;688;
29.11.2024;14:35:48.597;FGBL SI 20241206 PS;SIMPLE_INSTRUMENT;EFP_FIN;EUR;120;134.71000000;96;EXCHANGE_LAST;;1;1;XEUR;10804524;688;
29.11.2024;14:36:21.881;FGBL SI 20241206 PS;SIMPLE_INSTRUMENT;EFS;EUR;121;134.69000000;430;EXCHANGE_LAST;;1;1;XEUR;10804524;688;
29.11.2024;14:39:24.737;FGBL SI 20241206 PS;SIMPLE_INSTRUMENT;EFS;EUR;122;134.69000000;387;EXCHANGE_LAST;;1;1;XEUR;10804524;688;
29.11.2024;14:40:07.132;FGBL SI 20241206 PS;SIMPLE_INSTRUMENT;EFS;EUR;123;134.69000000;387;EXCHANGE_LAST;;1;1;XEUR;10804524;688;
29.11.2024;14:40:46.956;FGBL SI 20241206 PS;SIMPLE_INSTRUMENT;EFS;EUR;124;134.78000000;512;EXCHANGE_LAST;;1;1;XEUR;10804524;688;
29.11.2024;14:42:11.911;FGBL SI 20241206 PS;SIMPLE_INSTRUMENT;EFS;EUR;125;134.67000000;430;EXCHANGE_LAST;;1;1;XEUR;10804524;688;
29.11.2024;14:53:34.841;FGBL SI 20241206 PS;SIMPLE_INSTRUMENT;EFS;EUR;126;134.77000000;430;EXCHANGE_LAST;;1;1;XEUR;10804524;688;
29.11.2024;14:59:15.365;FGBL SI 20241206 PS;SIMPLE_INSTRUMENT;EFP_FIN;EUR;127;134.70000000;743;EXCHANGE_LAST;;1;1;XEUR;10804524;688;
29.11.2024;15:02:16.994;FGBL SI 20241206 PS;SIMPLE_INSTRUMENT;EFS;EUR;128;134.76000000;144;EXCHANGE_LAST;;1;1;XEUR;10804524;688;
29.11.2024;15:02:47.533;FGBL SI 20250306 PS;SIMPLE_INSTRUMENT;EFS;EUR;129;136.38000000;647;EXCHANGE_LAST;;1;1;XEUR;11286679;688;
29.11.2024;15:03:54.417;FGBL SI 20241206 PS;SIMPLE_INSTRUMENT;EFS;EUR;130;134.77000000;692;EXCHANGE_LAST;;1;1;XEUR;10804524;688;
29.11.2024;15:04:59.741;FGBL SI 20241206 PS;SIMPLE_INSTRUMENT;EFP_FIN;EUR;131;134.77000000;211;EXCHANGE_LAST;;1;1;XEUR;10804524;688;
29.11.2024;15:09:41.270;FGBL SI 20241206 PS;SIMPLE_INSTRUMENT;EFS;EUR;132;134.78000000;215;EXCHANGE_LAST;;1;1;XEUR;10804524;688;
29.11.2024;15:12:55.435;FGBL SI 20241206 PS;SIMPLE_INSTRUMENT;EFS;EUR;133;134.71000000;391;EXCHANGE_LAST;;1;1;XEUR;10804524;688;
29.11.2024;15:14:04.911;FGBL SI 20241206 PS;SIMPLE_INSTRUMENT;EFS;EUR;134;134.73000000;865;EXCHANGE_LAST;;1;1;XEUR;10804524;688;
29.11.2024;15:15:21.039;FGBL SI 20241206 PS;SIMPLE_INSTRUMENT;EFP_FIN;EUR;135;134.73000000;211;EXCHANGE_LAST;;1;1;XEUR;10804524;688;
29.11.2024;15:16:32.742;FGBL SI 20241206 PS;SIMPLE_INSTRUMENT;BLOCK;EUR;136;134.70000000;5000;EXCHANGE_LAST;;1;1;XEUR;10804524;688;
29.11.2024;15:17:46.429;FGBL SI 20250306 PS;SIMPLE_INSTRUMENT;BLOCK;EUR;137;136.32000000;2500;EXCHANGE_LAST;;1;1;XEUR;11286679;688;
29.11.2024;15:17:46.449;FGBL SI 20250306 PS;SIMPLE_INSTRUMENT;BLOCK;EUR;138;136.33000000;2500;EXCHANGE_LAST;;1;1;XEUR;11286679;688;
29.11.2024;15:24:59.506;FGBL SI 20241206 PS;SIMPLE_INSTRUMENT;EFP_FIN;EUR;139;134.77000000;96;EXCHANGE_LAST;;1;1;XEUR;10804524;688;
29.11.2024;15:29:34.877;FGBL SI 20241206 PS;SIMPLE_INSTRUMENT;EFP_FIN;EUR;140;134.64000000;1269;EXCHANGE_LAST;;1;1;XEUR;10804524;688;
29.11.2024;15:38:25.995;FGBL SI 20250306 PS;SIMPLE_INSTRUMENT;EFS;EUR;141;136.26000000;216;EXCHANGE_LAST;;1;1;XEUR;11286679;688;
29.11.2024;15:39:09.019;FGBL SI 20241206 PS;SIMPLE_INSTRUMENT;EFS;EUR;142;134.67000000;430;EXCHANGE_LAST;;1;1;XEUR;10804524;688;
29.11.2024;15:39:50.021;FGBL SI 20241206 PS;SIMPLE_INSTRUMENT;EFS;EUR;143;134.66000000;430;EXCHANGE_LAST;;1;1;XEUR;10804524;688;
29.11.2024;15:44:18.401;FGBL SI 20241206 PS;SIMPLE_INSTRUMENT;EFS;EUR;144;134.73000000;405;EXCHANGE_LAST;;1;1;XEUR;10804524;688;
29.11.2024;15:48:37.926;FGBL SI 20241206 PS;SIMPLE_INSTRUMENT;EFS;EUR;145;134.66000000;450;EXCHANGE_LAST;;1;1;XEUR;10804524;688;
29.11.2024;15:48:54.434;FGBL SI 20241206 PS;SIMPLE_INSTRUMENT;EFS;EUR;146;134.77000000;689;EXCHANGE_LAST;;1;1;XEUR;10804524;688;
29.11.2024;15:50:18.614;FGBL SI 20250306 PS;SIMPLE_INSTRUMENT;EFS;EUR;147;136.38000000;647;EXCHANGE_LAST;;1;1;XEUR;11286679;688;
29.11.2024;15:51:41.566;FGBL SI 20241206 PS;SIMPLE_INSTRUMENT;EFP_FIN;EUR;148;134.65000000;799;EXCHANGE_LAST;;1;1;XEUR;10804524;688;
29.11.2024;15:52:16.205;FGBL SI 20250306 PS;SIMPLE_INSTRUMENT;EFS;EUR;149;136.29000000;432;EXCHANGE_LAST;;1;1;XEUR;11286679;688;
29.11.2024;15:52:33.364;FGBL SI 20241206 PS;SIMPLE_INSTRUMENT;EFS;EUR;150;134.68000000;719;EXCHANGE_LAST;;1;1;XEUR;10804524;688;
29.11.2024;15:56:23.949;FGBL SI 20241206 PS;SIMPLE_INSTRUMENT;EFP_FIN;EUR;151;134.65000000;799;EXCHANGE_LAST;;1;1;XEUR;10804524;688;
29.11.2024;15:56:52.222;FGBL SI 20241206 PS;SIMPLE_INSTRUMENT;EFS;EUR;152;134.68000000;994;EXCHANGE_LAST;;1;1;XEUR;10804524;688;
29.11.2024;15:59:41.803;FGBL SI 20241206 PS;SIMPLE_INSTRUMENT;EFS;EUR;153;134.67000000;530;EXCHANGE_LAST;;1;1;XEUR;10804524;688;
29.11.2024;16:00:45.995;FGBL SI 20241206 PS;SIMPLE_INSTRUMENT;EFS;EUR;154;134.68000000;430;EXCHANGE_LAST;;1;1;XEUR;10804524;688;
29.11.2024;16:01:57.074;FGBL SI 20241206 PS;SIMPLE_INSTRUMENT;EFS;EUR;155;134.71000000;215;EXCHANGE_LAST;;1;1;XEUR;10804524;688;
29.11.2024;16:02:16.091;FGBL SI 20241206 PS;SIMPLE_INSTRUMENT;EFS;EUR;156;134.76000000;430;EXCHANGE_LAST;;1;1;XEUR;10804524;688;
29.11.2024;16:03:03.638;FGBL SI 20241206 PS;SIMPLE_INSTRUMENT;EFS;EUR;157;134.66000000;215;EXCHANGE_LAST;;1;1;XEUR;10804524;688;
29.11.2024;16:10:57.628;FGBL SI 20241206 PS;SIMPLE_INSTRUMENT;EFS;EUR;158;134.76000000;215;EXCHANGE_LAST;;1;1;XEUR;10804524;688;
29.11.2024;16:19:20.213;FGBL SI 20241206 PS;SIMPLE_INSTRUMENT;BLOCK;EUR;159;134.78000000;4428;EXCHANGE_LAST;;1;1;XEUR;10804524;688;
29.11.2024;16:15:51.945;FGBL SI 20241206 PS;SIMPLE_INSTRUMENT;EFS;EUR;160;134.78000000;430;EXCHANGE_LAST;;1;1;XEUR;10804524;688;
29.11.2024;16:18:58.134;FGBL SI 20241206 PS;SIMPLE_INSTRUMENT;EFS;EUR;161;134.76000000;430;EXCHANGE_LAST;;1;1;XEUR;10804524;688;
29.11.2024;16:19:58.196;FGBL SI 20241206 PS;SIMPLE_INSTRUMENT;EFS;EUR;162;134.76000000;430;EXCHANGE_LAST;;1;1;XEUR;10804524;688;
29.11.2024;16:20:11.837;FGBL SI 20241206 PS;SIMPLE_INSTRUMENT;EFS;EUR;163;134.67000000;2900;EXCHANGE_LAST;;1;1;XEUR;10804524;688;
29.11.2024;16:28:34.597;FGBL SI 20241206 PS;SIMPLE_INSTRUMENT;EFS;EUR;164;134.81000000;430;EXCHANGE_LAST;;1;1;XEUR;10804524;688;
29.11.2024;16:28:39.603;FGBL SI 20241206 PS;SIMPLE_INSTRUMENT;EFS;EUR;165;134.81000000;430;EXCHANGE_LAST;;1;1;XEUR;10804524;688;
29.11.2024;16:42:30.048;FGBL SI 20250306 PS;SIMPLE_INSTRUMENT;BLOCK;EUR;166;136.45000000;2047;EXCHANGE_LAST;;1;1;XEUR;11286679;688;
29.11.2024;16:48:20.555;FGBL SI 20241206 PS;SIMPLE_INSTRUMENT;EFS;EUR;167;134.87000000;215;EXCHANGE_LAST;;1;1;XEUR;10804524;688;
29.11.2024;16:48:44.185;FGBL SI 20241206 PS;SIMPLE_INSTRUMENT;EFS;EUR;168;134.87000000;215;EXCHANGE_LAST;;1;1;XEUR;10804524;688;
29.11.2024;16:49:30.776;FGBL SI 20241206 PS;SIMPLE_INSTRUMENT;EFS;EUR;169;134.87000000;215;EXCHANGE_LAST;;1;1;XEUR;10804524;688;
29.11.2024;16:50:35.531;FGBL SI 20241206 PS;SIMPLE_INSTRUMENT;EFS;EUR;170;134.87000000;215;EXCHANGE_LAST;;1;1;XEUR;10804524;688;
29.11.2024;16:56:08.645;FGBL SI 20241206 PS;SIMPLE_INSTRUMENT;EFS;EUR;171;134.85000000;680;EXCHANGE_LAST;;1;1;XEUR;10804524;688;
29.11.2024;13:19:06.217;FGBL SI 20250306 PS;SIMPLE_INSTRUMENT;VOLA;EUR;268435479;136.26000000;40;EXCHANGE_LAST;;1;1;XEUR;11286679;688;
29.11.2024;13:20:19.224;FGBL SI 20250306 PS;SIMPLE_INSTRUMENT;VOLA;EUR;268435480;136.26000000;68;EXCHANGE_LAST;;1;1;XEUR;11286679;688;
29.11.2024;13:42:23.207;FGBL SI 20241206 PS;SIMPLE_INSTRUMENT;VOLA;EUR;268435491;134.66000000;10;EXCHANGE_LAST;;1;1;XEUR;10804524;688;
29.11.2024;13:45:02.801;FGBL SI 20250306 PS;SIMPLE_INSTRUMENT;VOLA;EUR;268435493;136.20000000;278;EXCHANGE_LAST;;1;1;XEUR;11286679;688;
29.11.2024;13:50:20.842;FGBL SI 20250306 PS;SIMPLE_INSTRUMENT;VOLA;EUR;268435495;136.20000000;277;EXCHANGE_LAST;;1;1;XEUR;11286679;688;
29.11.2024;14:06:35.879;FGBL SI 20250306 PS;SIMPLE_INSTRUMENT;VOLA;EUR;268435505;136.29000000;50;EXCHANGE_LAST;;1;1;XEUR;11286679;688;
29.11.2024;14:07:25.240;FGBL SI 20250306 PS;SIMPLE_INSTRUMENT;VOLA;EUR;268435506;136.29000000;50;EXCHANGE_LAST;;1;1;XEUR;11286679;688;
29.11.2024;14:53:39.360;FGBL SI 20250306 PS;SIMPLE_INSTRUMENT;VOLA;EUR;268435518;136.32000000;40;EXCHANGE_LAST;;1;1;XEUR;11286679;688;
29.11.2024;15:34:46.191;FGBL SI 20241206 PS;SIMPLE_INSTRUMENT;VOLA;EUR;268435534;134.73000000;240;EXCHANGE_LAST;;1;1;XEUR;10804524;688;
29.11.2024;15:35:56.206;FGBL SI 20241206 PS;SIMPLE_INSTRUMENT;VOLA;EUR;268435535;134.73000000;75;EXCHANGE_LAST;;1;1;XEUR;10804524;688;
29.11.2024;15:37:36.219;FGBL SI 20241206 PS;SIMPLE_INSTRUMENT;VOLA;EUR;268435536;134.73000000;38;EXCHANGE_LAST;;1;1;XEUR;10804524;688;
29.11.2024;15:38:30.228;FGBL SI 20241206 PS;SIMPLE_INSTRUMENT;VOLA;EUR;268435539;134.73000000;37;EXCHANGE_LAST;;1;1;XEUR;10804524;688;
29.11.2024;08:12:45.744;FGBM SI 20241206 PS;SIMPLE_INSTRUMENT;EFP_FIN;EUR;1;119.66000000;928;EXCHANGE_LAST;;1;1;XEUR;10804525;689;
29.11.2024;08:23:43.123;FGBM SI 20241206 PS;SIMPLE_INSTRUMENT;EFS;EUR;2;119.68000000;435;EXCHANGE_LAST;;1;1;XEUR;10804525;689;
29.11.2024;08:24:56.407;FGBM SI 20241206 PS;SIMPLE_INSTRUMENT;EFS;EUR;3;119.65000000;2303;EXCHANGE_LAST;;1;1;XEUR;10804525;689;
29.11.2024;08:32:32.807;FGBM SI 20250306 PS;SIMPLE_INSTRUMENT;EFS;EUR;4;118.94000000;487;EXCHANGE_LAST;;1;1;XEUR;11286680;689;
29.11.2024;08:35:02.551;FGBM SI 20241206 PS;SIMPLE_INSTRUMENT;EFS;EUR;5;119.65000000;433;EXCHANGE_LAST;;1;1;XEUR;10804525;689;
29.11.2024;08:35:34.022;FGBM SI 20241206 PS;SIMPLE_INSTRUMENT;EFS;EUR;6;119.65000000;825;EXCHANGE_LAST;;1;1;XEUR;10804525;689;
29.11.2024;08:35:43.153;FGBM SI 20241206 PS;SIMPLE_INSTRUMENT;EFS;EUR;7;119.65000000;433;EXCHANGE_LAST;;1;1;XEUR;10804525;689;
29.11.2024;08:45:05.408;FGBM SI 20241206 PS;SIMPLE_INSTRUMENT;EFS;EUR;8;119.64000000;867;EXCHANGE_LAST;;1;1;XEUR;10804525;689;
29.11.2024;08:45:30.425;FGBM SI 20241206 PS;SIMPLE_INSTRUMENT;EFS;EUR;9;119.64000000;867;EXCHANGE_LAST;;1;1;XEUR;10804525;689;
29.11.2024;08:54:19.145;FGBM SI 20250306 PS;SIMPLE_INSTRUMENT;EFS;EUR;10;118.97000000;350;EXCHANGE_LAST;;1;1;XEUR;11286680;689;
29.11.2024;09:51:20.760;FGBM SI 20241206 PS;SIMPLE_INSTRUMENT;BLOCK;EUR;11;119.66000000;5283;EXCHANGE_LAST;;1;1;XEUR;10804525;689;
29.11.2024;09:51:56.331;FGBM SI 20250306 PS;SIMPLE_INSTRUMENT;BLOCK;EUR;12;118.94000000;5283;EXCHANGE_LAST;;1;1;XEUR;11286680;689;
29.11.2024;10:01:47.749;FGBM SI 20241206 PS;SIMPLE_INSTRUMENT;EFP_FIN;EUR;13;119.69000000;894;EXCHANGE_LAST;;1;1;XEUR;10804525;689;
29.11.2024;10:03:16.989;FGBM SI 20241206 PS;SIMPLE_INSTRUMENT;EFS;EUR;14;119.69000000;867;EXCHANGE_LAST;;1;1;XEUR;10804525;689;
29.11.2024;10:15:18.588;FGBM SI 20241206 PS;SIMPLE_INSTRUMENT;EFS;EUR;15;119.65000000;607;EXCHANGE_LAST;;1;1;XEUR;10804525;689;
29.11.2024;10:16:38.047;FGBM SI 20241206 PS;SIMPLE_INSTRUMENT;EFP_FIN;EUR;16;119.62000000;1285;EXCHANGE_LAST;;1;1;XEUR;10804525;689;
29.11.2024;10:54:12.618;FGBM SI 20241206 PS;SIMPLE_INSTRUMENT;EFP_FIN;EUR;17;119.62000000;467;EXCHANGE_LAST;;1;1;XEUR;10804525;689;
29.11.2024;11:00:24.855;FGBM SI 20241206 PS;SIMPLE_INSTRUMENT;EFS;EUR;18;119.65000000;433;EXCHANGE_LAST;;1;1;XEUR;10804525;689;
29.11.2024;11:00:47.647;FGBM SI 20241206 PS;SIMPLE_INSTRUMENT;EFS;EUR;19;119.61000000;433;EXCHANGE_LAST;;1;1;XEUR;10804525;689;
29.11.2024;11:02:31.911;FGBM SI 20241206 PS;SIMPLE_INSTRUMENT;EFS;EUR;20;119.62000000;867;EXCHANGE_LAST;;1;1;XEUR;10804525;689;
29.11.2024;11:17:04.454;FGBM SI 20241206 PS;SIMPLE_INSTRUMENT;EFS;EUR;21;119.69000000;434;EXCHANGE_LAST;;1;1;XEUR;10804525;689;
29.11.2024;11:17:04.500;FGBM SI 20241206 PS;SIMPLE_INSTRUMENT;EFS;EUR;22;119.69000000;434;EXCHANGE_LAST;;1;1;XEUR;10804525;689;
29.11.2024;11:33:11.177;FGBM SI 20241206 PS;SIMPLE_INSTRUMENT;EFS;EUR;23;119.73000000;867;EXCHANGE_LAST;;1;1;XEUR;10804525;689;
29.11.2024;11:38:26.050;FGBM SI 20241206 PS;SIMPLE_INSTRUMENT;EFP_FIN;EUR;24;119.72000000;716;EXCHANGE_LAST;;1;1;XEUR;10804525;689;
29.11.2024;11:38:53.539;FGBM.S.DEC24.MAR25.SPD;FUTURES_SPREAD;BLOCK;EUR;25;0.72000000;8000;EXCHANGE_LAST;;1;1;XEUR;72060553270394970;689;
29.11.2024;11:38:53.539;FGBM SI 20241206 PS;SIMPLE_INSTRUMENT;BLOCK;EUR;25;119.72000000;8000;PRC_DECOMP_MEMBER;;;;XEUR;10804525;689;MEMBER
29.11.2024;11:38:53.539;FGBM SI 20250306 PS;SIMPLE_INSTRUMENT;BLOCK;EUR;25;119.00000000;8000;PRC_DECOMP_MEMBER;;;;XEUR;11286680;689;MEMBER
29.11.2024;11:39:09.100;FGBM.S.DEC24.MAR25.SPD;FUTURES_SPREAD;BLOCK;EUR;26;0.71000000;8000;EXCHANGE_LAST;;1;1;XEUR;72060553270394970;689;
29.11.2024;11:39:09.100;FGBM SI 20241206 PS;SIMPLE_INSTRUMENT;BLOCK;EUR;26;119.72000000;8000;PRC_DECOMP_MEMBER;;;;XEUR;10804525;689;MEMBER
29.11.2024;11:39:09.100;FGBM SI 20250306 PS;SIMPLE_INSTRUMENT;BLOCK;EUR;26;119.01000000;8000;PRC_DECOMP_MEMBER;;;;XEUR;11286680;689;MEMBER
29.11.2024;11:40:28.848;FGBM SI 20241206 PS;SIMPLE_INSTRUMENT;EFP_FIN;EUR;27;119.72000000;716;EXCHANGE_LAST;;1;1;XEUR;10804525;689;
29.11.2024;11:40:16.985;FGBM.S.DEC24.MAR25.SPD;FUTURES_SPREAD;BLOCK;EUR;28;0.71000000;3000;EXCHANGE_LAST;;1;1;XEUR;72060553270394970;689;
29.11.2024;11:40:16.985;FGBM SI 20241206 PS;SIMPLE_INSTRUMENT;BLOCK;EUR;28;119.72000000;3000;PRC_DECOMP_MEMBER;;;;XEUR;10804525;689;MEMBER
29.11.2024;11:40:16.985;FGBM SI 20250306 PS;SIMPLE_INSTRUMENT;BLOCK;EUR;28;119.01000000;3000;PRC_DECOMP_MEMBER;;;;XEUR;11286680;689;MEMBER
29.11.2024;11:40:27.977;FGBM.S.DEC24.MAR25.SPD;FUTURES_SPREAD;BLOCK;EUR;29;0.72000000;3000;EXCHANGE_LAST;;1;1;XEUR;72060553270394970;689;
29.11.2024;11:40:27.977;FGBM SI 20241206 PS;SIMPLE_INSTRUMENT;BLOCK;EUR;29;119.72000000;3000;PRC_DECOMP_MEMBER;;;;XEUR;10804525;689;MEMBER
29.11.2024;11:40:27.977;FGBM SI 20250306 PS;SIMPLE_INSTRUMENT;BLOCK;EUR;29;119.00000000;3000;PRC_DECOMP_MEMBER;;;;XEUR;11286680;689;MEMBER
29.11.2024;11:41:52.620;FGBM SI 20241206 PS;SIMPLE_INSTRUMENT;EFS;EUR;30;119.73000000;867;EXCHANGE_LAST;;1;1;XEUR;10804525;689;
29.11.2024;11:43:18.418;FGBM.S.DEC24.MAR25.SPD;FUTURES_SPREAD;BLOCK;EUR;31;0.72000000;8241;EXCHANGE_LAST;;1;1;XEUR;72060553270394970;689;
29.11.2024;11:43:18.418;FGBM SI 20250306 PS;SIMPLE_INSTRUMENT;BLOCK;EUR;31;119.00000000;8241;PRC_DECOMP_MEMBER;;;;XEUR;11286680;689;MEMBER
29.11.2024;11:43:18.418;FGBM SI 20241206 PS;SIMPLE_INSTRUMENT;BLOCK;EUR;31;119.72000000;8241;PRC_DECOMP_MEMBER;;;;XEUR;10804525;689;MEMBER
29.11.2024;11:44:11.915;FGBM.S.DEC24.MAR25.SPD;FUTURES_SPREAD;BLOCK;EUR;32;0.71000000;8242;EXCHANGE_LAST;;1;1;XEUR;72060553270394970;689;
29.11.2024;11:44:11.915;FGBM SI 20241206 PS;SIMPLE_INSTRUMENT;BLOCK;EUR;32;119.72000000;8242;PRC_DECOMP_MEMBER;;;;XEUR;10804525;689;MEMBER
29.11.2024;11:44:11.915;FGBM SI 20250306 PS;SIMPLE_INSTRUMENT;BLOCK;EUR;32;119.01000000;8242;PRC_DECOMP_MEMBER;;;;XEUR;11286680;689;MEMBER
29.11.2024;11:49:22.958;FGBM SI 20241206 PS;SIMPLE_INSTRUMENT;EFS;EUR;33;119.72000000;867;EXCHANGE_LAST;;1;1;XEUR;10804525;689;
29.11.2024;11:51:38.462;FGBM SI 20241206 PS;SIMPLE_INSTRUMENT;EFP_FIN;EUR;34;119.71000000;459;EXCHANGE_LAST;;1;1;XEUR;10804525;689;
29.11.2024;11:58:33.114;FGBM SI 20241206 PS;SIMPLE_INSTRUMENT;BLOCK;EUR;35;119.70000000;10000;EXCHANGE_LAST;;1;1;XEUR;10804525;689;
29.11.2024;11:58:43.115;FGBM SI 20250306 PS;SIMPLE_INSTRUMENT;BLOCK;EUR;36;118.98000000;5296;EXCHANGE_LAST;;1;1;XEUR;11286680;689;
29.11.2024;11:58:51.116;FGBM SI 20250306 PS;SIMPLE_INSTRUMENT;BLOCK;EUR;37;118.99000000;5296;EXCHANGE_LAST;;1;1;XEUR;11286680;689;
29.11.2024;12:02:23.553;FGBM SI 20241206 PS;SIMPLE_INSTRUMENT;EFS;EUR;38;119.71000000;867;EXCHANGE_LAST;;1;1;XEUR;10804525;689;
29.11.2024;12:02:33.562;FGBM SI 20241206 PS;SIMPLE_INSTRUMENT;EFS;EUR;39;119.71000000;867;EXCHANGE_LAST;;1;1;XEUR;10804525;689;
29.11.2024;12:02:48.576;FGBM SI 20241206 PS;SIMPLE_INSTRUMENT;EFS;EUR;40;119.70000000;867;EXCHANGE_LAST;;1;1;XEUR;10804525;689;
29.11.2024;12:09:35.496;FGBM SI 20241206 PS;SIMPLE_INSTRUMENT;EFS;EUR;41;119.72000000;1742;EXCHANGE_LAST;;1;1;XEUR;10804525;689;
29.11.2024;12:27:03.541;FGBM SI 20250306 PS;SIMPLE_INSTRUMENT;EFS;EUR;42;119.03000000;920;EXCHANGE_LAST;;1;1;XEUR;11286680;689;
29.11.2024;12:28:41.538;FGBM SI 20241206 PS;SIMPLE_INSTRUMENT;EFS;EUR;43;119.74000000;888;EXCHANGE_LAST;;1;1;XEUR;10804525;689;
29.11.2024;12:39:14.700;FGBM SI 20241206 PS;SIMPLE_INSTRUMENT;EFS;EUR;44;119.73000000;1841;EXCHANGE_LAST;;1;1;XEUR;10804525;689;
29.11.2024;12:51:37.922;FGBM SI 20241206 PS;SIMPLE_INSTRUMENT;EFS;EUR;45;119.72000000;867;EXCHANGE_LAST;;1;1;XEUR;10804525;689;
29.11.2024;12:52:17.951;FGBM SI 20241206 PS;SIMPLE_INSTRUMENT;EFS;EUR;46;119.72000000;867;EXCHANGE_LAST;;1;1;XEUR;10804525;689;
29.11.2024;12:54:40.619;FGBM SI 20241206 PS;SIMPLE_INSTRUMENT;EFP_FIN;EUR;47;119.71000000;1713;EXCHANGE_LAST;;1;1;XEUR;10804525;689;
29.11.2024;12:55:33.644;FGBM SI 20241206 PS;SIMPLE_INSTRUMENT;EFS;EUR;48;119.71000000;1309;EXCHANGE_LAST;;1;1;XEUR;10804525;689;
29.11.2024;13:00:10.281;FGBM SI 20241206 PS;SIMPLE_INSTRUMENT;EFP_FIN;EUR;49;119.70000000;123;EXCHANGE_LAST;;1;1;XEUR;10804525;689;
29.11.2024;13:15:56.063;FGBM SI 20241206 PS;SIMPLE_INSTRUMENT;EFP_FIN;EUR;50;119.70000000;89;EXCHANGE_LAST;;1;1;XEUR;10804525;689;
29.11.2024;13:16:49.152;FGBM SI 20241206 PS;SIMPLE_INSTRUMENT;EFP_FIN;EUR;51;119.70000000;92;EXCHANGE_LAST;;1;1;XEUR;10804525;689;
29.11.2024;13:35:36.829;FGBM SI 20241206 PS;SIMPLE_INSTRUMENT;EFS;EUR;52;119.72000000;460;EXCHANGE_LAST;;1;1;XEUR;10804525;689;
29.11.2024;13:40:12.385;FGBM SI 20241206 PS;SIMPLE_INSTRUMENT;EFS;EUR;53;119.73000000;867;EXCHANGE_LAST;;1;1;XEUR;10804525;689;
29.11.2024;13:48:53.788;FGBM SI 20241206 PS;SIMPLE_INSTRUMENT;EFS;EUR;54;119.76000000;500;EXCHANGE_LAST;;1;1;XEUR;10804525;689;
29.11.2024;13:52:43.986;FGBM SI 20241206 PS;SIMPLE_INSTRUMENT;EFS;EUR;55;119.77000000;867;EXCHANGE_LAST;;1;1;XEUR;10804525;689;
29.11.2024;14:05:18.771;FGBM SI 20241206 PS;SIMPLE_INSTRUMENT;EFP_FIN;EUR;56;119.63000000;93;EXCHANGE_LAST;;1;1;XEUR;10804525;689;
29.11.2024;14:10:32.123;FGBM SI 20241206 PS;SIMPLE_INSTRUMENT;EFS;EUR;57;119.80000000;1399;EXCHANGE_LAST;;1;1;XEUR;10804525;689;
29.11.2024;14:10:11.982;FGBM SI 20241206 PS;SIMPLE_INSTRUMENT;EFS;EUR;58;119.77000000;960;EXCHANGE_LAST;;1;1;XEUR;10804525;689;
29.11.2024;14:11:26.303;FGBM SI 20241206 PS;SIMPLE_INSTRUMENT;EFS;EUR;59;119.80000000;433;EXCHANGE_LAST;;1;1;XEUR;10804525;689;
29.11.2024;14:18:44.877;FGBM SI 20241206 PS;SIMPLE_INSTRUMENT;EFS;EUR;60;119.78000000;920;EXCHANGE_LAST;;1;1;XEUR;10804525;689;
29.11.2024;14:20:54.057;FGBM SI 20241206 PS;SIMPLE_INSTRUMENT;EFP_FIN;EUR;61;119.80000000;546;EXCHANGE_LAST;;1;1;XEUR;10804525;689;
29.11.2024;14:21:01.784;FGBM SI 20241206 PS;SIMPLE_INSTRUMENT;EFS;EUR;62;119.77000000;459;EXCHANGE_LAST;;1;1;XEUR;10804525;689;
29.11.2024;14:30:16.482;FGBM SI 20241206 PS;SIMPLE_INSTRUMENT;EFP_FIN;EUR;63;119.76000000;119;EXCHANGE_LAST;;1;1;XEUR;10804525;689;
29.11.2024;14:31:51.051;FGBM SI 20241206 PS;SIMPLE_INSTRUMENT;EFP_FIN;EUR;64;119.76000000;132;EXCHANGE_LAST;;1;1;XEUR;10804525;689;
29.11.2024;14:33:34.927;FGBM SI 20250306 PS;SIMPLE_INSTRUMENT;EFS;EUR;65;119.09000000;250;EXCHANGE_LAST;;1;1;XEUR;11286680;689;
29.11.2024;14:33:47.441;FGBM SI 20241206 PS;SIMPLE_INSTRUMENT;EFP_FIN;EUR;66;119.77000000;446;EXCHANGE_LAST;;1;1;XEUR;10804525;689;
29.11.2024;14:46:52.937;FGBM SI 20241206 PS;SIMPLE_INSTRUMENT;EFP_FIN;EUR;67;119.63000000;62;EXCHANGE_LAST;;1;1;XEUR;10804525;689;
29.11.2024;14:47:45.304;FGBM SI 20241206 PS;SIMPLE_INSTRUMENT;EFP_FIN;EUR;68;119.76000000;183;EXCHANGE_LAST;;1;1;XEUR;10804525;689;
29.11.2024;14:48:31.809;FGBM SI 20241206 PS;SIMPLE_INSTRUMENT;EFS;EUR;69;119.77000000;918;EXCHANGE_LAST;;1;1;XEUR;10804525;689;
29.11.2024;14:49:12.539;FGBM SI 20241206 PS;SIMPLE_INSTRUMENT;EFS;EUR;70;119.80000000;866;EXCHANGE_LAST;;1;1;XEUR;10804525;689;
29.11.2024;14:49:45.974;FGBM SI 20241206 PS;SIMPLE_INSTRUMENT;EFS;EUR;71;119.80000000;433;EXCHANGE_LAST;;1;1;XEUR;10804525;689;
29.11.2024;14:50:43.143;FGBM SI 20241206 PS;SIMPLE_INSTRUMENT;EFS;EUR;72;119.80000000;1731;EXCHANGE_LAST;;1;1;XEUR;10804525;689;
29.11.2024;14:52:27.723;FGBM SI 20241206 PS;SIMPLE_INSTRUMENT;EFS;EUR;73;119.77000000;920;EXCHANGE_LAST;;1;1;XEUR;10804525;689;
29.11.2024;14:57:07.927;FGBM SI 20241206 PS;SIMPLE_INSTRUMENT;EFP_FIN;EUR;74;119.79000000;906;EXCHANGE_LAST;;1;1;XEUR;10804525;689;
29.11.2024;14:58:05.824;FGBM SI 20241206 PS;SIMPLE_INSTRUMENT;EFS;EUR;75;119.80000000;866;EXCHANGE_LAST;;1;1;XEUR;10804525;689;
29.11.2024;15:04:30.352;FGBM SI 20241206 PS;SIMPLE_INSTRUMENT;EFS;EUR;76;119.80000000;433;EXCHANGE_LAST;;1;1;XEUR;10804525;689;
29.11.2024;15:04:45.366;FGBM SI 20241206 PS;SIMPLE_INSTRUMENT;EFS;EUR;77;119.80000000;867;EXCHANGE_LAST;;1;1;XEUR;10804525;689;
29.11.2024;15:05:15.390;FGBM SI 20241206 PS;SIMPLE_INSTRUMENT;EFS;EUR;78;119.80000000;433;EXCHANGE_LAST;;1;1;XEUR;10804525;689;
29.11.2024;15:05:30.402;FGBM SI 20241206 PS;SIMPLE_INSTRUMENT;EFS;EUR;79;119.80000000;433;EXCHANGE_LAST;;1;1;XEUR;10804525;689;
29.11.2024;15:07:51.051;FGBM SI 20241206 PS;SIMPLE_INSTRUMENT;EFS;EUR;80;119.81000000;459;EXCHANGE_LAST;;1;1;XEUR;10804525;689;
29.11.2024;15:13:47.691;FGBM SI 20241206 PS;SIMPLE_INSTRUMENT;EFS;EUR;81;119.80000000;1840;EXCHANGE_LAST;;1;1;XEUR;10804525;689;
29.11.2024;15:28:42.608;FGBM SI 20241206 PS;SIMPLE_INSTRUMENT;EFS;EUR;82;119.73000000;866;EXCHANGE_LAST;;1;1;XEUR;10804525;689;
29.11.2024;15:32:53.631;FGBM SI 20250306 PS;SIMPLE_INSTRUMENT;EFS;EUR;83;119.01000000;972;EXCHANGE_LAST;;1;1;XEUR;11286680;689;
29.11.2024;15:42:12.803;FGBM SI 20241206 PS;SIMPLE_INSTRUMENT;EFS;EUR;84;119.70000000;1219;EXCHANGE_LAST;;1;1;XEUR;10804525;689;
29.11.2024;15:47:39.188;FGBM SI 20241206 PS;SIMPLE_INSTRUMENT;EFS;EUR;85;119.76000000;276;EXCHANGE_LAST;;1;1;XEUR;10804525;689;
29.11.2024;16:02:58.244;FGBM SI 20241206 PS;SIMPLE_INSTRUMENT;EFS;EUR;86;119.76000000;276;EXCHANGE_LAST;;1;1;XEUR;10804525;689;
29.11.2024;16:18:28.108;FGBM SI 20241206 PS;SIMPLE_INSTRUMENT;EFS;EUR;87;119.85000000;433;EXCHANGE_LAST;;1;1;XEUR;10804525;689;
29.11.2024;16:19:08.044;FGBM SI 20241206 PS;SIMPLE_INSTRUMENT;EFS;EUR;88;119.76000000;2700;EXCHANGE_LAST;;1;1;XEUR;10804525;689;
29.11.2024;16:29:14.632;FGBM SI 20241206 PS;SIMPLE_INSTRUMENT;EFS;EUR;89;119.87000000;433;EXCHANGE_LAST;;1;1;XEUR;10804525;689;
29.11.2024;16:37:20.030;FGBM SI 20241206 PS;SIMPLE_INSTRUMENT;EFS;EUR;90;119.89000000;866;EXCHANGE_LAST;;1;1;XEUR;10804525;689;
29.11.2024;16:58:22.917;FGBM SI 20250306 PS;SIMPLE_INSTRUMENT;EFS;EUR;91;119.16000000;1942;EXCHANGE_LAST;;1;1;XEUR;11286680;689;
29.11.2024;16:59:45.922;FGBM SI 20241206 PS;SIMPLE_INSTRUMENT;EFS;EUR;92;119.87000000;1862;EXCHANGE_LAST;;1;1;XEUR;10804525;689;
29.11.2024;08:42:19.354;FGBS SI 20241206 PS;SIMPLE_INSTRUMENT;EFS;EUR;1;106.98500000;5425;EXCHANGE_LAST;;1;1;XEUR;10804527;690;
29.11.2024;08:47:40.515;FGBS SI 20241206 PS;SIMPLE_INSTRUMENT;EFP_FIN;EUR;2;106.98000000;2686;EXCHANGE_LAST;;1;1;XEUR;10804527;690;
29.11.2024;09:05:00.570;FGBS SI 20241206 PS;SIMPLE_INSTRUMENT;EFP_FIN;EUR;3;106.94000000;236;EXCHANGE_LAST;;1;1;XEUR;10804527;690;
29.11.2024;09:09:27.289;FGBS SI 20241206 PS;SIMPLE_INSTRUMENT;EFS;EUR;4;106.94500000;2714;EXCHANGE_LAST;;1;1;XEUR;10804527;690;
29.11.2024;09:12:34.750;FGBS.S.DEC24.MAR25.SPD;FUTURES_SPREAD;BLOCK;EUR;5;-0.27000000;6362;EXCHANGE_LAST;;1;1;XEUR;72060557565362266;690;
29.11.2024;09:12:34.750;FGBS SI 20241206 PS;SIMPLE_INSTRUMENT;BLOCK;EUR;5;106.95500000;6362;PRC_DECOMP_EXCHANGE;;;;XEUR;10804527;690;EXCHANGE
29.11.2024;09:12:34.750;FGBS SI 20250306 PS;SIMPLE_INSTRUMENT;BLOCK;EUR;5;107.22500000;6362;PRC_DECOMP_EXCHANGE;;;;XEUR;11286681;690;EXCHANGE
29.11.2024;09:15:25.608;FGBS SI 20241206 PS;SIMPLE_INSTRUMENT;EFP_FIN;EUR;6;106.94000000;236;EXCHANGE_LAST;;1;1;XEUR;10804527;690;
29.11.2024;09:38:32.529;FGBS SI 20250306 PS;SIMPLE_INSTRUMENT;EFS;EUR;7;107.22500000;8168;EXCHANGE_LAST;;1;1;XEUR;11286681;690;
29.11.2024;10:01:07.542;FGBS SI 20241206 PS;SIMPLE_INSTRUMENT;EFS;EUR;8;106.96500000;2713;EXCHANGE_LAST;;1;1;XEUR;10804527;690;
29.11.2024;10:06:56.969;FGBS SI 20241206 PS;SIMPLE_INSTRUMENT;EFP_FIN;EUR;9;106.95000000;1182;EXCHANGE_LAST;;1;1;XEUR;10804527;690;
29.11.2024;10:23:26.444;FGBS SI 20241206 PS;SIMPLE_INSTRUMENT;EFP_FIN;EUR;10;106.95000000;236;EXCHANGE_LAST;;1;1;XEUR;10804527;690;
29.11.2024;10:24:00.234;FGBS SI 20241206 PS;SIMPLE_INSTRUMENT;EFP_FIN;EUR;11;106.95000000;473;EXCHANGE_LAST;;1;1;XEUR;10804527;690;
29.11.2024;10:24:16.915;FGBS SI 20241206 PS;SIMPLE_INSTRUMENT;EFP_FIN;EUR;12;106.95000000;236;EXCHANGE_LAST;;1;1;XEUR;10804527;690;
29.11.2024;10:24:35.509;FGBS SI 20241206 PS;SIMPLE_INSTRUMENT;EFP_FIN;EUR;13;106.95000000;284;EXCHANGE_LAST;;1;1;XEUR;10804527;690;
29.11.2024;10:25:51.159;FGBS SI 20241206 PS;SIMPLE_INSTRUMENT;EFP_FIN;EUR;14;106.94500000;179;EXCHANGE_LAST;;1;1;XEUR;10804527;690;
29.11.2024;10:31:13.157;FGBS SI 20241206 PS;SIMPLE_INSTRUMENT;EFP_FIN;EUR;15;106.97500000;966;EXCHANGE_LAST;;1;1;XEUR;10804527;690;
29.11.2024;10:33:00.859;FGBS SI 20241206 PS;SIMPLE_INSTRUMENT;EFP_FIN;EUR;16;106.97500000;414;EXCHANGE_LAST;;1;1;XEUR;10804527;690;
29.11.2024;10:38:51.144;FGBS SI 20241206 PS;SIMPLE_INSTRUMENT;EFP_FIN;EUR;17;106.94000000;2686;EXCHANGE_LAST;;1;1;XEUR;10804527;690;
29.11.2024;10:46:52.105;FGBS SI 20241206 PS;SIMPLE_INSTRUMENT;EFS;EUR;18;106.97000000;2713;EXCHANGE_LAST;;1;1;XEUR;10804527;690;
29.11.2024;10:48:04.727;FGBS SI 20241206 PS;SIMPLE_INSTRUMENT;EFP_FIN;EUR;19;106.96000000;473;EXCHANGE_LAST;;1;1;XEUR;10804527;690;
29.11.2024;10:47:24.835;FGBS SI 20241206 PS;SIMPLE_INSTRUMENT;EFP_FIN;EUR;20;106.96000000;473;EXCHANGE_LAST;;1;1;XEUR;10804527;690;
29.11.2024;10:48:27.224;FGBS SI 20241206 PS;SIMPLE_INSTRUMENT;BLOCK;EUR;21;106.97000000;20000;EXCHANGE_LAST;;1;1;XEUR;10804527;690;
29.11.2024;10:48:39.896;FGBS SI 20241206 PS;SIMPLE_INSTRUMENT;EFS;EUR;22;106.96000000;2713;EXCHANGE_LAST;;1;1;XEUR;10804527;690;
29.11.2024;10:50:09.745;FGBS SI 20250306 PS;SIMPLE_INSTRUMENT;BLOCK;EUR;23;107.23500000;10156;EXCHANGE_LAST;;1;1;XEUR;11286681;690;
29.11.2024;10:50:29.723;FGBS SI 20250306 PS;SIMPLE_INSTRUMENT;BLOCK;EUR;24;107.24000000;10156;EXCHANGE_LAST;;1;1;XEUR;11286681;690;
29.11.2024;10:57:12.907;FGBS SI 20241206 PS;SIMPLE_INSTRUMENT;EFP_FIN;EUR;25;106.96000000;946;EXCHANGE_LAST;;1;1;XEUR;10804527;690;
29.11.2024;10:57:50.121;FGBS SI 20241206 PS;SIMPLE_INSTRUMENT;EFP_FIN;EUR;26;106.96000000;1892;EXCHANGE_LAST;;1;1;XEUR;10804527;690;
29.11.2024;11:24:48.509;FGBS SI 20241206 PS;SIMPLE_INSTRUMENT;EFP_FIN;EUR;28;106.96500000;407;EXCHANGE_LAST;;1;1;XEUR;10804527;690;
29.11.2024;11:08:06.522;FGBS SI 20241206 PS;SIMPLE_INSTRUMENT;EFS;EUR;29;106.96000000;2713;EXCHANGE_LAST;;1;1;XEUR;10804527;690;
29.11.2024;11:23:01.704;FGBS SI 20241206 PS;SIMPLE_INSTRUMENT;EFS;EUR;30;106.96000000;2713;EXCHANGE_LAST;;1;1;XEUR;10804527;690;
29.11.2024;11:31:47.912;FGBS SI 20241206 PS;SIMPLE_INSTRUMENT;EFS;EUR;31;106.97000000;2713;EXCHANGE_LAST;;1;1;XEUR;10804527;690;
29.11.2024;11:33:44.232;FGBS SI 20241206 PS;SIMPLE_INSTRUMENT;EFP_FIN;EUR;33;106.99000000;185;EXCHANGE_LAST;;1;1;XEUR;10804527;690;
29.11.2024;11:39:34.332;FGBS SI 20241206 PS;SIMPLE_INSTRUMENT;EFS;EUR;35;107.00500000;2712;EXCHANGE_LAST;;1;1;XEUR;10804527;690;
29.11.2024;11:40:09.057;FGBS SI 20241206 PS;SIMPLE_INSTRUMENT;EFS;EUR;36;107.01000000;2712;EXCHANGE_LAST;;1;1;XEUR;10804527;690;
29.11.2024;11:40:52.204;FGBS SI 20241206 PS;SIMPLE_INSTRUMENT;EFS;EUR;37;107.00500000;3580;EXCHANGE_LAST;;1;1;XEUR;10804527;690;
29.11.2024;11:45:03.072;FGBS SI 20241206 PS;SIMPLE_INSTRUMENT;EFP_FIN;EUR;38;107.00000000;946;EXCHANGE_LAST;;1;1;XEUR;10804527;690;
29.11.2024;11:45:58.421;FGBS SI 20241206 PS;SIMPLE_INSTRUMENT;EFS;EUR;39;107.01000000;2711;EXCHANGE_LAST;;1;1;XEUR;10804527;690;
29.11.2024;11:55:36.470;FGBS SI 20250306 PS;SIMPLE_INSTRUMENT;EFS;EUR;40;107.27000000;2176;EXCHANGE_LAST;;1;1;XEUR;11286681;690;
29.11.2024;11:56:07.802;FGBS.S.DEC24.MAR25.SPD;FUTURES_SPREAD;BLOCK;EUR;41;-0.27500000;5000;EXCHANGE_LAST;;1;1;XEUR;72060557565362266;690;
29.11.2024;11:56:07.802;FGBS SI 20250306 PS;SIMPLE_INSTRUMENT;BLOCK;EUR;41;107.27000000;5000;PRC_DECOMP_EXCHANGE;;;;XEUR;11286681;690;EXCHANGE
29.11.2024;11:56:07.802;FGBS SI 20241206 PS;SIMPLE_INSTRUMENT;BLOCK;EUR;41;106.99500000;5000;PRC_DECOMP_EXCHANGE;;;;XEUR;10804527;690;EXCHANGE
29.11.2024;11:56:15.140;FGBS.S.DEC24.MAR25.SPD;FUTURES_SPREAD;BLOCK;EUR;42;-0.27000000;5000;EXCHANGE_LAST;;1;1;XEUR;72060557565362266;690;
29.11.2024;11:56:15.140;FGBS SI 20241206 PS;SIMPLE_INSTRUMENT;BLOCK;EUR;42;106.99500000;5000;PRC_DECOMP_EXCHANGE;;;;XEUR;10804527;690;EXCHANGE
29.11.2024;11:56:15.140;FGBS SI 20250306 PS;SIMPLE_INSTRUMENT;BLOCK;EUR;42;107.26500000;5000;PRC_DECOMP_EXCHANGE;;;;XEUR;11286681;690;EXCHANGE
29.11.2024;11:57:31.724;FGBS SI 20241206 PS;SIMPLE_INSTRUMENT;EFS;EUR;43;107.00500000;2712;EXCHANGE_LAST;;1;1;XEUR;10804527;690;
29.11.2024;12:03:08.474;FGBS SI 20241206 PS;SIMPLE_INSTRUMENT;EFS;EUR;44;106.96000000;21759;EXCHANGE_LAST;;1;1;XEUR;10804527;690;
29.11.2024;12:04:01.478;FGBS SI 20250306 PS;SIMPLE_INSTRUMENT;EFS;EUR;45;107.23000000;21834;EXCHANGE_LAST;;1;1;XEUR;11286681;690;
29.11.2024;12:08:57.747;FGBS SI 20250306 PS;SIMPLE_INSTRUMENT;EFS;EUR;46;107.27500000;927;EXCHANGE_LAST;;1;1;XEUR;11286681;690;
29.11.2024;12:17:39.521;FGBS SI 20250306 PS;SIMPLE_INSTRUMENT;EFS;EUR;47;107.28000000;3836;EXCHANGE_LAST;;1;1;XEUR;11286681;690;
29.11.2024;12:18:42.525;FGBS SI 20241206 PS;SIMPLE_INSTRUMENT;EFS;EUR;48;107.00000000;5648;EXCHANGE_LAST;;1;1;XEUR;10804527;690;
29.11.2024;12:22:41.305;FGBS SI 20241206 PS;SIMPLE_INSTRUMENT;BLOCK;EUR;49;107.00500000;5170;EXCHANGE_LAST;;1;1;XEUR;10804527;690;
29.11.2024;12:23:25.800;FGBS SI 20250306 PS;SIMPLE_INSTRUMENT;BLOCK;EUR;50;107.28000000;4585;EXCHANGE_LAST;;1;1;XEUR;11286681;690;
29.11.2024;12:26:48.847;FGBS.S.DEC24.MAR25.SPD;FUTURES_SPREAD;BLOCK;EUR;51;-0.27000000;7500;EXCHANGE_LAST;;1;1;XEUR;72060557565362266;690;
29.11.2024;12:26:48.847;FGBS SI 20250306 PS;SIMPLE_INSTRUMENT;BLOCK;EUR;51;107.26500000;7500;PRC_DECOMP_MEMBER;;;;XEUR;11286681;690;MEMBER
29.11.2024;12:26:48.847;FGBS SI 20241206 PS;SIMPLE_INSTRUMENT;BLOCK;EUR;51;106.99500000;7500;PRC_DECOMP_MEMBER;;;;XEUR;10804527;690;MEMBER
29.11.2024;12:28:23.371;FGBS.S.DEC24.MAR25.SPD;FUTURES_SPREAD;BLOCK;EUR;52;-0.27500000;7500;EXCHANGE_LAST;;1;1;XEUR;72060557565362266;690;
29.11.2024;12:28:23.371;FGBS SI 20241206 PS;SIMPLE_INSTRUMENT;BLOCK;EUR;52;106.99500000;7500;PRC_DECOMP_MEMBER;;;;XEUR;10804527;690;MEMBER
29.11.2024;12:28:23.371;FGBS SI 20250306 PS;SIMPLE_INSTRUMENT;BLOCK;EUR;52;107.27000000;7500;PRC_DECOMP_MEMBER;;;;XEUR;11286681;690;MEMBER
29.11.2024;12:36:51.226;FGBS SI 20241206 PS;SIMPLE_INSTRUMENT;EFP_FIN;EUR;53;107.00000000;946;EXCHANGE_LAST;;1;1;XEUR;10804527;690;
29.11.2024;12:38:48.617;FGBS SI 20241206 PS;SIMPLE_INSTRUMENT;EFS;EUR;54;107.01000000;13557;EXCHANGE_LAST;;1;1;XEUR;10804527;690;
29.11.2024;12:39:10.491;FGBS SI 20241206 PS;SIMPLE_INSTRUMENT;EFP_FIN;EUR;55;107.01000000;1608;EXCHANGE_LAST;;1;1;XEUR;10804527;690;
29.11.2024;12:40:32.337;FGBS SI 20250306 PS;SIMPLE_INSTRUMENT;EFS;EUR;56;107.28000000;13600;EXCHANGE_LAST;;1;1;XEUR;11286681;690;
29.11.2024;12:45:19.294;FGBS SI 20241206 PS;SIMPLE_INSTRUMENT;EFS;EUR;57;107.00000000;2712;EXCHANGE_LAST;;1;1;XEUR;10804527;690;
29.11.2024;12:47:18.430;FGBS SI 20241206 PS;SIMPLE_INSTRUMENT;EFP_FIN;EUR;58;106.97000000;946;EXCHANGE_LAST;;1;1;XEUR;10804527;690;
29.11.2024;12:49:51.926;FGBS SI 20241206 PS;SIMPLE_INSTRUMENT;EFS;EUR;59;107.00000000;2712;EXCHANGE_LAST;;1;1;XEUR;10804527;690;
29.11.2024;12:56:18.775;FGBS SI 20241206 PS;SIMPLE_INSTRUMENT;EFS;EUR;60;106.99500000;2713;EXCHANGE_LAST;;1;1;XEUR;10804527;690;
29.11.2024;13:07:36.080;FGBS SI 20241206 PS;SIMPLE_INSTRUMENT;BLOCK;EUR;61;107.00000000;13558;EXCHANGE_LAST;;1;1;XEUR;10804527;690;
29.11.2024;13:08:05.413;FGBS SI 20250306 PS;SIMPLE_INSTRUMENT;BLOCK;EUR;62;107.28000000;13602;EXCHANGE_LAST;;1;1;XEUR;11286681;690;
29.11.2024;13:11:32.334;FGBS SI 20241206 PS;SIMPLE_INSTRUMENT;EFS;EUR;63;107.00000000;2712;EXCHANGE_LAST;;1;1;XEUR;10804527;690;
29.11.2024;13:22:50.129;FGBS SI 20241206 PS;SIMPLE_INSTRUMENT;EFP_FIN;EUR;64;107.01500000;946;EXCHANGE_LAST;;1;1;XEUR;10804527;690;
29.11.2024;13:22:55.246;FGBS SI 20241206 PS;SIMPLE_INSTRUMENT;EFS;EUR;65;107.00000000;2718;EXCHANGE_LAST;;1;1;XEUR;10804527;690;
29.11.2024;13:30:42.868;FGBS SI 20241206 PS;SIMPLE_INSTRUMENT;EFS;EUR;66;107.00000000;2712;EXCHANGE_LAST;;1;1;XEUR;10804527;690;
29.11.2024;13:34:15.726;FGBS SI 20241206 PS;SIMPLE_INSTRUMENT;EFS;EUR;67;107.01000000;1356;EXCHANGE_LAST;;1;1;XEUR;10804527;690;
29.11.2024;13:50:07.812;FGBS SI 20241206 PS;SIMPLE_INSTRUMENT;EFS;EUR;68;106.96000000;21750;EXCHANGE_LAST;;1;1;XEUR;10804527;690;
29.11.2024;13:51:01.816;FGBS SI 20250306 PS;SIMPLE_INSTRUMENT;EFS;EUR;69;107.23000000;21822;EXCHANGE_LAST;;1;1;XEUR;11286681;690;
29.11.2024;14:07:51.822;FGBS SI 20241206 PS;SIMPLE_INSTRUMENT;EFS;EUR;70;107.03500000;2710;EXCHANGE_LAST;;1;1;XEUR;10804527;690;
29.11.2024;14:11:54.059;FGBS SI 20241206 PS;SIMPLE_INSTRUMENT;EFS;EUR;71;107.02000000;2711;EXCHANGE_LAST;;1;1;XEUR;10804527;690;
29.11.2024;14:13:03.442;FGBS SI 20241206 PS;SIMPLE_INSTRUMENT;EFS;EUR;72;107.04000000;1355;EXCHANGE_LAST;;1;1;XEUR;10804527;690;
29.11.2024;14:18:46.051;FGBS SI 20241206 PS;SIMPLE_INSTRUMENT;EFP_FIN;EUR;73;107.02000000;150;EXCHANGE_LAST;;1;1;XEUR;10804527;690;
29.11.2024;14:14:31.548;FGBS SI 20250306 PS;SIMPLE_INSTRUMENT;EFS;EUR;74;107.31000000;2719;EXCHANGE_LAST;;1;1;XEUR;11286681;690;
29.11.2024;14:19:52.055;FGBS SI 20241206 PS;SIMPLE_INSTRUMENT;EFP_FIN;EUR;75;107.02000000;150;EXCHANGE_LAST;;1;1;XEUR;10804527;690;
29.11.2024;14:16:41.445;FGBS SI 20250306 PS;SIMPLE_INSTRUMENT;EFS;EUR;76;107.31000000;2719;EXCHANGE_LAST;;1;1;XEUR;11286681;690;
29.11.2024;14:18:02.815;FGBS SI 20241206 PS;SIMPLE_INSTRUMENT;EFP_FIN;EUR;77;107.02000000;280;EXCHANGE_LAST;;1;1;XEUR;10804527;690;
29.11.2024;14:29:27.050;FGBS SI 20241206 PS;SIMPLE_INSTRUMENT;EFP_FIN;EUR;78;107.03000000;480;EXCHANGE_LAST;;1;1;XEUR;10804527;690;
29.11.2024;14:52:49.011;FGBS SI 20241206 PS;SIMPLE_INSTRUMENT;EFS;EUR;79;107.02000000;11072;EXCHANGE_LAST;;1;1;XEUR;10804527;690;
29.11.2024;14:53:57.016;FGBS SI 20250306 PS;SIMPLE_INSTRUMENT;EFS;EUR;80;107.30000000;11107;EXCHANGE_LAST;;1;1;XEUR;11286681;690;
29.11.2024;14:54:46.397;FGBS SI 20241206 PS;SIMPLE_INSTRUMENT;EFP_FIN;EUR;81;107.04000000;1797;EXCHANGE_LAST;;1;1;XEUR;10804527;690;
29.11.2024;15:03:08.046;FGBS SI 20250306 PS;SIMPLE_INSTRUMENT;EFS;EUR;82;107.31000000;2719;EXCHANGE_LAST;;1;1;XEUR;11286681;690;
29.11.2024;15:14:41.486;FGBS SI 20241206 PS;SIMPLE_INSTRUMENT;EFP_FIN;EUR;83;107.04000000;946;EXCHANGE_LAST;;1;1;XEUR;10804527;690;
29.11.2024;15:12:11.686;FGBS SI 20241206 PS;SIMPLE_INSTRUMENT;EFS;EUR;84;107.04500000;5420;EXCHANGE_LAST;;1;1;XEUR;10804527;690;
29.11.2024;15:21:40.708;FGBS SI 20250306 PS;SIMPLE_INSTRUMENT;BLOCK;EUR;85;107.32000000;5438;EXCHANGE_LAST;;1;1;XEUR;11286681;690;
29.11.2024;15:32:27.693;FGBS SI 20241206 PS;SIMPLE_INSTRUMENT;BLOCK;EUR;86;107.02000000;4000;EXCHANGE_LAST;;1;1;XEUR;10804527;690;
29.11.2024;15:32:41.370;FGBS SI 20241206 PS;SIMPLE_INSTRUMENT;BLOCK;EUR;87;107.02500000;4000;EXCHANGE_LAST;;1;1;XEUR;10804527;690;
29.11.2024;15:33:08.337;FGBS SI 20250306 PS;SIMPLE_INSTRUMENT;BLOCK;EUR;88;107.30000000;8000;EXCHANGE_LAST;;1;1;XEUR;11286681;690;
29.11.2024;15:43:48.879;FGBS SI 20241206 PS;SIMPLE_INSTRUMENT;EFS;EUR;89;107.04000000;10276;EXCHANGE_LAST;;1;1;XEUR;10804527;690;
29.11.2024;15:45:15.265;FGBS SI 20250306 PS;SIMPLE_INSTRUMENT;EFS;EUR;91;107.31500000;10309;EXCHANGE_LAST;;1;1;XEUR;11286681;690;
29.11.2024;15:50:54.199;FGBS SI 20250306 PS;SIMPLE_INSTRUMENT;EFS;EUR;92;107.31000000;2576;EXCHANGE_LAST;;1;1;XEUR;11286681;690;
29.11.2024;15:53:46.365;FGBS SI 20241206 PS;SIMPLE_INSTRUMENT;EFP_FIN;EUR;93;107.03500000;384;EXCHANGE_LAST;;1;1;XEUR;10804527;690;
29.11.2024;15:56:23.219;FGBS SI 20250306 PS;SIMPLE_INSTRUMENT;EFS;EUR;94;107.31000000;2578;EXCHANGE_LAST;;1;1;XEUR;11286681;690;
29.11.2024;15:58:43.359;FGBS SI 20250306 PS;SIMPLE_INSTRUMENT;EFS;EUR;95;107.31500000;10876;EXCHANGE_LAST;;1;1;XEUR;11286681;690;
29.11.2024;15:58:27.227;FGBS SI 20241206 PS;SIMPLE_INSTRUMENT;EFS;EUR;96;107.04000000;2569;EXCHANGE_LAST;;1;1;XEUR;10804527;690;
29.11.2024;15:59:50.232;FGBS SI 20241206 PS;SIMPLE_INSTRUMENT;EFS;EUR;97;107.04000000;1000;EXCHANGE_LAST;;1;1;XEUR;10804527;690;
29.11.2024;16:00:01.560;FGBS SI 20241206 PS;SIMPLE_INSTRUMENT;EFS;EUR;98;107.03500000;10842;EXCHANGE_LAST;;1;1;XEUR;10804527;690;
29.11.2024;16:00:39.236;FGBS SI 20250306 PS;SIMPLE_INSTRUMENT;EFS;EUR;99;107.32000000;1003;EXCHANGE_LAST;;1;1;XEUR;11286681;690;
29.11.2024;16:07:54.089;FGBS SI 20241206 PS;SIMPLE_INSTRUMENT;BLOCK;EUR;100;107.04000000;9586;EXCHANGE_LAST;;1;1;XEUR;10804527;690;
29.11.2024;16:09:15.039;FGBS SI 20250306 PS;SIMPLE_INSTRUMENT;BLOCK;EUR;101;107.31500000;4793;EXCHANGE_LAST;;1;1;XEUR;11286681;690;
29.11.2024;16:09:29.563;FGBS SI 20250306 PS;SIMPLE_INSTRUMENT;BLOCK;EUR;102;107.32000000;4793;EXCHANGE_LAST;;1;1;XEUR;11286681;690;
29.11.2024;16:22:01.876;FGBS SI 20250306 PS;SIMPLE_INSTRUMENT;EFS;EUR;103;107.31000000;2575;EXCHANGE_LAST;;1;1;XEUR;11286681;690;
29.11.2024;16:38:37.558;FGBS SI 20241206 PS;SIMPLE_INSTRUMENT;EFP_FIN;EUR;104;107.03000000;93;EXCHANGE_LAST;;1;1;XEUR;10804527;690;
29.11.2024;16:52:05.425;FGBS SI 20241206 PS;SIMPLE_INSTRUMENT;EFS;EUR;105;107.03000000;2752;EXCHANGE_LAST;;1;1;XEUR;10804527;690;
29.11.2024;16:53:24.514;FGBS SI 20241206 PS;SIMPLE_INSTRUMENT;EFP_FIN;EUR;106;107.03500000;634;EXCHANGE_LAST;;1;1;XEUR;10804527;690;
29.11.2024;16:53:24.514;FGBS SI 20241206 PS;SIMPLE_INSTRUMENT;EFP_FIN;EUR;107;107.00000000;1294;EXCHANGE_LAST;;1;1;XEUR;10804527;690;
29.11.2024;16:54:04.308;FGBS SI 20250306 PS;SIMPLE_INSTRUMENT;EFS;EUR;108;107.31000000;2717;EXCHANGE_LAST;;1;1;XEUR;11286681;690;
29.11.2024;16:55:26.230;FGBS SI 20241206 PS;SIMPLE_INSTRUMENT;EFS;EUR;109;107.07000000;2709;EXCHANGE_LAST;;1;1;XEUR;10804527;690;
29.11.2024;16:59:14.817;FGBS SI 20241206 PS;SIMPLE_INSTRUMENT;EFS;EUR;110;107.07000000;2709;EXCHANGE_LAST;;1;1;XEUR;10804527;690;
29.11.2024;17:05:42.940;FGBS SI 20241206 PS;SIMPLE_INSTRUMENT;EFS;EUR;111;107.06000000;10899;EXCHANGE_LAST;;1;1;XEUR;10804527;690;
29.11.2024;17:06:18.943;FGBS SI 20250306 PS;SIMPLE_INSTRUMENT;EFS;EUR;112;107.34500000;10933;EXCHANGE_LAST;;1;1;XEUR;11286681;690;
29.11.2024;08:35:55.972;FGBX SI 20250306 PS;SIMPLE_INSTRUMENT;EFS;EUR;1;139.46000000;163;EXCHANGE_LAST;;1;1;XEUR;11286682;691;
29.11.2024;08:53:13.229;FGBX SI 20241206 PS;SIMPLE_INSTRUMENT;EFS;EUR;2;139.52000000;512;EXCHANGE_LAST;;1;1;XEUR;10804526;691;
29.11.2024;09:10:22.467;FGBX SI 20241206 PS;SIMPLE_INSTRUMENT;EFP_FIN;EUR;4;139.58000000;310;EXCHANGE_LAST;;1;1;XEUR;10804526;691;
29.11.2024;09:16:34.747;FGBX SI 20241206 PS;SIMPLE_INSTRUMENT;BLOCK;EUR;5;139.50000000;406;EXCHANGE_LAST;;1;1;XEUR;10804526;691;
29.11.2024;09:17:59.571;FGBX SI 20250306 PS;SIMPLE_INSTRUMENT;BLOCK;EUR;8;139.44000000;203;EXCHANGE_LAST;;1;1;XEUR;11286682;691;
29.11.2024;09:17:59.592;FGBX SI 20250306 PS;SIMPLE_INSTRUMENT;BLOCK;EUR;9;139.46000000;203;EXCHANGE_LAST;;1;1;XEUR;11286682;691;
29.11.2024;09:21:47.602;FGBX SI 20241206 PS;SIMPLE_INSTRUMENT;EFP_FIN;EUR;13;139.62000000;1484;EXCHANGE_LAST;;1;1;XEUR;10804526;691;
29.11.2024;10:14:08.958;FGBX.S.DEC24.MAR25.SPD;FUTURES_SPREAD;BLOCK;EUR;23;0.04000000;405;EXCHANGE_LAST;;1;1;XEUR;72060561860329562;691;
29.11.2024;10:14:08.958;FGBX SI 20250306 PS;SIMPLE_INSTRUMENT;BLOCK;EUR;23;139.76000000;405;PRC_DECOMP_EXCHANGE;;;;XEUR;11286682;691;EXCHANGE
29.11.2024;10:14:08.958;FGBX SI 20241206 PS;SIMPLE_INSTRUMENT;BLOCK;EUR;23;139.80000000;405;PRC_DECOMP_EXCHANGE;;;;XEUR;10804526;691;EXCHANGE
29.11.2024;10:14:07.958;FGBX.S.DEC24.MAR25.SPD;FUTURES_SPREAD;BLOCK;EUR;24;0.06000000;405;EXCHANGE_LAST;;1;1;XEUR;72060561860329562;691;
29.11.2024;10:14:07.958;FGBX SI 20241206 PS;SIMPLE_INSTRUMENT;BLOCK;EUR;24;139.82000000;405;PRC_DECOMP_EXCHANGE;;;;XEUR;10804526;691;EXCHANGE
29.11.2024;10:14:07.958;FGBX SI 20250306 PS;SIMPLE_INSTRUMENT;BLOCK;EUR;24;139.76000000;405;PRC_DECOMP_EXCHANGE;;;;XEUR;11286682;691;EXCHANGE
29.11.2024;10:28:00.485;FGBX.S.DEC24.MAR25.SPD;FUTURES_SPREAD;BLOCK;EUR;28;0.06000000;200;EXCHANGE_LAST;;1;1;XEUR;72060561860329562;691;
29.11.2024;10:28:00.485;FGBX SI 20250306 PS;SIMPLE_INSTRUMENT;BLOCK;EUR;28;139.62000000;200;PRC_DECOMP_MEMBER;;;;XEUR;11286682;691;MEMBER
29.11.2024;10:28:00.485;FGBX SI 20241206 PS;SIMPLE_INSTRUMENT;BLOCK;EUR;28;139.68000000;200;PRC_DECOMP_MEMBER;;;;XEUR;10804526;691;MEMBER
29.11.2024;10:28:11.330;FGBX.S.DEC24.MAR25.SPD;FUTURES_SPREAD;BLOCK;EUR;29;0.04000000;200;EXCHANGE_LAST;;1;1;XEUR;72060561860329562;691;
29.11.2024;10:28:11.330;FGBX SI 20250306 PS;SIMPLE_INSTRUMENT;BLOCK;EUR;29;139.64000000;200;PRC_DECOMP_MEMBER;;;;XEUR;11286682;691;MEMBER
29.11.2024;10:28:11.330;FGBX SI 20241206 PS;SIMPLE_INSTRUMENT;BLOCK;EUR;29;139.68000000;200;PRC_DECOMP_MEMBER;;;;XEUR;10804526;691;MEMBER
29.11.2024;10:45:46.326;FGBX SI 20241206 PS;SIMPLE_INSTRUMENT;EFS;EUR;35;139.76000000;85;EXCHANGE_LAST;;1;1;XEUR;10804526;691;
29.11.2024;10:49:50.401;FGBX SI 20241206 PS;SIMPLE_INSTRUMENT;EFP_FIN;EUR;36;139.76000000;330;EXCHANGE_LAST;;1;1;XEUR;10804526;691;
29.11.2024;11:07:52.575;FGBX SI 20241206 PS;SIMPLE_INSTRUMENT;EFP_FIN;EUR;38;139.74000000;332;EXCHANGE_LAST;;1;1;XEUR;10804526;691;
29.11.2024;11:54:25.381;FGBX SI 20241206 PS;SIMPLE_INSTRUMENT;EFP_FIN;EUR;41;140.00000000;80;EXCHANGE_LAST;;1;1;XEUR;10804526;691;
29.11.2024;12:07:39.800;FGBX SI 20241206 PS;SIMPLE_INSTRUMENT;EFS;EUR;44;139.78000000;239;EXCHANGE_LAST;;1;1;XEUR;10804526;691;
29.11.2024;12:11:27.427;FGBX SI 20241206 PS;SIMPLE_INSTRUMENT;BLOCK;EUR;45;139.84000000;341;EXCHANGE_LAST;;1;1;XEUR;10804526;691;
29.11.2024;12:11:34.113;FGBX.S.DEC24.MAR25.SPD;FUTURES_SPREAD;BLOCK;EUR;46;0.04000000;206;EXCHANGE_LAST;;1;1;XEUR;72060561860329562;691;
29.11.2024;12:11:34.113;FGBX SI 20250306 PS;SIMPLE_INSTRUMENT;BLOCK;EUR;46;139.68000000;206;PRC_DECOMP_MEMBER;;;;XEUR;11286682;691;MEMBER
29.11.2024;12:11:34.113;FGBX SI 20241206 PS;SIMPLE_INSTRUMENT;BLOCK;EUR;46;139.72000000;206;PRC_DECOMP_MEMBER;;;;XEUR;10804526;691;MEMBER
29.11.2024;12:11:45.942;FGBX.S.DEC24.MAR25.SPD;FUTURES_SPREAD;BLOCK;EUR;47;0.06000000;206;EXCHANGE_LAST;;1;1;XEUR;72060561860329562;691;
29.11.2024;12:11:45.942;FGBX SI 20241206 PS;SIMPLE_INSTRUMENT;BLOCK;EUR;47;139.74000000;206;PRC_DECOMP_MEMBER;;;;XEUR;10804526;691;MEMBER
29.11.2024;12:11:45.942;FGBX SI 20250306 PS;SIMPLE_INSTRUMENT;BLOCK;EUR;47;139.68000000;206;PRC_DECOMP_MEMBER;;;;XEUR;11286682;691;MEMBER
29.11.2024;12:12:14.350;FGBX.S.DEC24.MAR25.SPD;FUTURES_SPREAD;BLOCK;EUR;48;0.06000000;508;EXCHANGE_LAST;;1;1;XEUR;72060561860329562;691;
29.11.2024;12:12:14.350;FGBX SI 20250306 PS;SIMPLE_INSTRUMENT;BLOCK;EUR;48;139.68000000;508;PRC_DECOMP_MEMBER;;;;XEUR;11286682;691;MEMBER
