#Date;TrdTime;Contract;ContractType;TrdTyp;Currency;TesId;Prc;Qty;TrdInd;Aggressor;Buy;Sell;Exch;InstrumentId;RelatedProdId;PrcDecomp
03.03.2025;12:14:03.530;ABBE.O.250303.COMBO.000002;STANDARD_OPTION_STRATEGY;BLOCK;CHF;20;1.40000000;15000;EXCHANGE_LAST;;1;4;XEUR;74525121468962328;574516;
03.03.2025;12:14:03.530;ABBE SI 20250620 PS EU P 47.00 0;SIMPLE_INSTRUMENT;BLOCK;CHF;20;2.02000000;15000;PRC_DECOMP_EXCHANGE;;;;XEUR;12158215;574516;EXCHANGE
03.03.2025;12:14:03.530;ABBE SI 20250620 PS EU C 54.00 0;SIMPLE_INSTRUMENT;BLOCK;CHF;20;0.62000000;15000;PRC_DECOMP_EXCHANGE;;;;XEUR;12220204;574516;EXCHANGE
03.03.2025;09:10:04.375;ABBN SI 20261218 PS AM P 36.00 0;SIMPLE_INSTRUMENT;BLOCK;CHF;3;1.75000000;1250;EXCHANGE_LAST;;1;1;XEUR;8509369;574517;
03.03.2025;15:04:03.977;ABNF.S.MAR25.APR25.SPD;FUTURES_SPREAD;BLOCK;EUR;79;-0.04160000;5000;EXCHANGE_LAST;;1;1;XEUR;72379467477024870;74942;
03.03.2025;15:04:03.977;ABNF SI 20250321 CS;SIMPLE_INSTRUMENT;BLOCK;EUR;79;18.35310000;5000;PRC_DECOMP_MEMBER;;;;XEUR;10723757;74942;MEMBER
03.03.2025;15:04:03.977;ABNF SI 20250417 CS;SIMPLE_INSTRUMENT;BLOCK;EUR;79;18.39470000;5000;PRC_DECOMP_MEMBER;;;;XEUR;10870198;74942;MEMBER
03.03.2025;08:33:06.180;ADEN SI 20250321 PS AM C 26.00 0;SIMPLE_INSTRUMENT;BLOCK;CHF;2;0.24000000;6000;EXCHANGE_LAST;;1;1;XEUR;10828055;44;
03.03.2025;14:02:34.644;ADEN SI 20250516 PS AM P 22.00 0;SIMPLE_INSTRUMENT;BLOCK;CHF;35;0.67000000;2000;EXCHANGE_LAST;;1;1;XEUR;12811721;44;
03.03.2025;16:38:34.510;ADS SI 20250919 PS AM C 240.00 0;SIMPLE_INSTRUMENT;BLOCK;EUR;14;26.05000000;250;EXCHANGE_LAST;;1;1;XEUR;11870838;50;
03.03.2025;15:01:02.620;ADSG.S.MAR25.APR25.SPD;FUTURES_SPREAD;BLOCK;EUR;76;-0.55920000;1100;EXCHANGE_LAST;;1;1;XEUR;72057800196358359;48;
03.03.2025;15:01:02.620;ADSG SI 20250321 CS;SIMPLE_INSTRUMENT;BLOCK;EUR;76;246.64530000;1100;PRC_DECOMP_MEMBER;;;;XEUR;10692279;48;MEMBER
03.03.2025;15:01:02.620;ADSG SI 20250417 CS;SIMPLE_INSTRUMENT;BLOCK;EUR;76;247.20450000;1100;PRC_DECOMP_MEMBER;;;;XEUR;10827869;48;MEMBER
03.03.2025;09:12:59.290;AKE SI 20250321 PS AM C 84.00 0;SIMPLE_INSTRUMENT;BLOCK;EUR;3;0.62000000;1600;EXCHANGE_LAST;;1;1;XEUR;10829366;77;
03.03.2025;13:30:01.298;ALV SI 20261218 PS AM P 280.00 0;SIMPLE_INSTRUMENT;BLOCK;EUR;3;14.21000000;300;EXCHANGE_LAST;;1;1;XEUR;7152583;74;
03.03.2025;15:09:43.364;ALVG.S.MAR25.APR25.SPD;FUTURES_SPREAD;BLOCK;EUR;81;-0.67540000;600;EXCHANGE_LAST;;1;1;XEUR;72057959110148369;85;
03.03.2025;15:09:43.364;ALVG SI 20250417 CS;SIMPLE_INSTRUMENT;BLOCK;EUR;81;334.01640000;600;PRC_DECOMP_MEMBER;;;;XEUR;10829113;85;MEMBER
03.03.2025;15:09:43.364;ALVG SI 20250321 CS;SIMPLE_INSTRUMENT;BLOCK;EUR;81;333.34100000;600;PRC_DECOMP_MEMBER;;;;XEUR;10693113;85;MEMBER
03.03.2025;14:58:07.747;AMS SI 20250919 PS AM C 12.00 0;SIMPLE_INSTRUMENT;BLOCK;CHF;42;1.03000000;500;EXCHANGE_LAST;;1;1;XEUR;11997279;10807;
03.03.2025;11:42:02.164;ANN SI 20250321 PS AM P 26.00 0;SIMPLE_INSTRUMENT;BLOCK;EUR;7;0.19000000;2000;EXCHANGE_LAST;;1;2;XEUR;10865132;45202;
03.03.2025;15:45:27.217;ANN SI 20250321 PS AM P 28.00 0;SIMPLE_INSTRUMENT;BLOCK;EUR;17;0.65000000;1000;EXCHANGE_LAST;;1;1;XEUR;10865134;45202;
03.03.2025;10:55:52.607;ASM SI 20251219 PS AM P 600.00 0;SIMPLE_INSTRUMENT;BLOCK;EUR;9;45.10000000;150;EXCHANGE_LAST;;1;1;XEUR;12432509;107;
03.03.2025;11:33:34.454;ASMH SI 20250321 CS;SIMPLE_INSTRUMENT;BLOCK;EUR;17;686.50000000;450;EXCHANGE_LAST;;1;1;XEUR;10717245;3979;
03.03.2025;11:33:14.572;ASMH SI 20250417 CS;SIMPLE_INSTRUMENT;BLOCK;EUR;18;688.06000000;450;EXCHANGE_LAST;;1;1;XEUR;10861706;3979;
03.03.2025;14:48:35.962;ASMH.S.MAR25.APR25.SPD;FUTURES_SPREAD;BLOCK;EUR;57;-1.54120000;1000;EXCHANGE_LAST;;1;1;XEUR;72074683712798958;3979;
03.03.2025;14:48:35.962;ASMH SI 20250321 CS;SIMPLE_INSTRUMENT;BLOCK;EUR;57;679.82750000;1000;PRC_DECOMP_MEMBER;;;;XEUR;10717245;3979;MEMBER
03.03.2025;14:48:35.962;ASMH SI 20250417 CS;SIMPLE_INSTRUMENT;BLOCK;EUR;57;681.36870000;1000;PRC_DECOMP_MEMBER;;;;XEUR;10861706;3979;MEMBER
03.03.2025;12:46:48.375;AXA SI 20251219 PS AM P 28.00 0;SIMPLE_INSTRUMENT;BLOCK;EUR;11;0.56000000;28500;EXCHANGE_LAST;;1;1;XEUR;5921734;127;
03.03.2025;12:48:00.501;AXA SI 20260619 PS AM P 33.00 0;SIMPLE_INSTRUMENT;BLOCK;EUR;12;2.42000000;11250;EXCHANGE_LAST;;1;1;XEUR;12767443;127;
03.03.2025;12:48:40.879;AXA SI 20260619 PS AM P 33.00 0;SIMPLE_INSTRUMENT;BLOCK;EUR;13;2.41000000;3750;EXCHANGE_LAST;;1;1;XEUR;12767443;127;
03.03.2025;16:04:14.767;AXA SI 20261218 PS AM P 31.00 0;SIMPLE_INSTRUMENT;BLOCK;EUR;26;2.04000000;1500;EXCHANGE_LAST;;1;1;XEUR;12767518;127;
03.03.2025;16:05:54.275;AXA SI 20260619 PS AM C 40.00 0;SIMPLE_INSTRUMENT;BLOCK;EUR;27;2.00000000;5200;EXCHANGE_LAST;;1;1;XEUR;9538772;127;
03.03.2025;11:56:11.857;B2AS SI 20261218 CS;SIMPLE_INSTRUMENT;BLOCK;EUR;22;2.15000000;250;EXCHANGE_LAST;;1;1;XEUR;4632165;140;
03.03.2025;13:31:05.911;B2NP SI 20271217 CS;SIMPLE_INSTRUMENT;BLOCK;EUR;31;4.52000000;100;EXCHANGE_LAST;;1;1;XEUR;7086925;131;
03.03.2025;14:48:10.974;BAEE.O.250303.COMBO.000001;STANDARD_OPTION_STRATEGY;BLOCK;CHF;40;0.57000000;1250;EXCHANGE_LAST;;2;1;XEUR;75170371585703965;724750;
03.03.2025;14:48:10.974;BAEE SI 20250620 PS EU P 56.00 0;SIMPLE_INSTRUMENT;BLOCK;CHF;40;1.94000000;1250;PRC_DECOMP_EXCHANGE;;;;XEUR;11412283;724750;EXCHANGE
03.03.2025;14:48:10.974;BAEE SI 20250620 PS EU C 64.00 0;SIMPLE_INSTRUMENT;BLOCK;CHF;40;1.37000000;1250;PRC_DECOMP_EXCHANGE;;;;XEUR;11412279;724750;EXCHANGE
03.03.2025;08:15:36.402;BAS SI 20250321 PS AM C 52.00 0;SIMPLE_INSTRUMENT;BLOCK;EUR;1;0.54000000;2094;EXCHANGE_LAST;;1;1;XEUR;10831049;150;
03.03.2025;09:06:55.911;BAS SI 20250321 PS AM C 52.00 0;SIMPLE_INSTRUMENT;BLOCK;EUR;3;0.46000000;1814;EXCHANGE_LAST;;1;1;XEUR;10831049;150;
03.03.2025;11:29:24.345;BAS SI 20250321 PS AM C 56.00 0;SIMPLE_INSTRUMENT;BLOCK;EUR;6;0.11000000;1000;EXCHANGE_LAST;;1;1;XEUR;10831047;150;
03.03.2025;12:41:36.175;BAS SI 20250321 PS AM C 52.00 0;SIMPLE_INSTRUMENT;BLOCK;EUR;7;0.93000000;1102;EXCHANGE_LAST;;1;1;XEUR;10831049;150;
03.03.2025;13:22:16.404;BAS SI 20250321 PS AM C 51.00 0;SIMPLE_INSTRUMENT;BLOCK;EUR;8;1.31000000;10000;EXCHANGE_LAST;;1;4;XEUR;12693213;150;
03.03.2025;13:36:54.475;BAS.O.250303.PDIA.000014;STANDARD_OPTION_STRATEGY;BLOCK;EUR;9;0.80000000;600;EXCHANGE_LAST;;1;1;XEUR;72058238283092192;150;
03.03.2025;13:36:54.475;BAS SI 20250417 PS AM P 48.00 0;SIMPLE_INSTRUMENT;BLOCK;EUR;9;1.04000000;600;PRC_DECOMP_EXCHANGE;;;;XEUR;12615306;150;EXCHANGE
03.03.2025;13:36:54.475;BAS SI 20250321 PS AM P 46.00 0;SIMPLE_INSTRUMENT;BLOCK;EUR;9;0.24000000;600;PRC_DECOMP_EXCHANGE;;;;XEUR;10831044;150;EXCHANGE
03.03.2025;13:44:59.836;BAS.O.250303.COMBO.000015;STANDARD_OPTION_STRATEGY;BLOCK;EUR;12;-0.70000000;1000;EXCHANGE_LAST;;1;1;XEUR;72058238283092193;150;
03.03.2025;13:44:59.836;BAS SI 20250919 PS AM P 40.00 0;SIMPLE_INSTRUMENT;BLOCK;EUR;12;1.03000000;1000;PRC_DECOMP_EXCHANGE;;;;XEUR;11872860;150;EXCHANGE
03.03.2025;13:44:59.836;BAS SI 20250919 PS AM C 56.00 0;SIMPLE_INSTRUMENT;BLOCK;EUR;12;1.73000000;1000;PRC_DECOMP_EXCHANGE;;;;XEUR;11873004;150;EXCHANGE
03.03.2025;14:04:59.704;BAS SI 20250321 PS AM C 52.00 0;SIMPLE_INSTRUMENT;BLOCK;EUR;13;1.14000000;881;EXCHANGE_LAST;;1;1;XEUR;10831049;150;
03.03.2025;15:48:17.600;BAS SI 20250417 PS AM C 52.00 0;SIMPLE_INSTRUMENT;BLOCK;EUR;21;1.73000000;4180;EXCHANGE_LAST;;1;1;XEUR;12693218;150;
03.03.2025;15:48:27.210;BAS SI 20250417 PS AM C 52.00 0;SIMPLE_INSTRUMENT;BLOCK;EUR;22;1.74000000;14820;EXCHANGE_LAST;;1;1;XEUR;12693218;150;
03.03.2025;09:45:52.574;BAY SI 20250620 PS AM C 23.00 0;SIMPLE_INSTRUMENT;BLOCK;EUR;5;1.98000000;10000;EXCHANGE_LAST;;1;5;XEUR;11234139;168;
03.03.2025;14:20:53.284;BAY SI 20250321 PS AM C 24.00 0;SIMPLE_INSTRUMENT;BLOCK;EUR;15;1.23000000;6000;EXCHANGE_LAST;;1;2;XEUR;10831471;168;
03.03.2025;15:19:57.430;BAY SI 20250321 PS AM P 23.00 0;SIMPLE_INSTRUMENT;BLOCK;EUR;17;0.92000000;1000;EXCHANGE_LAST;;1;2;XEUR;11234146;168;
03.03.2025;15:23:21.462;BAY SI 20250321 PS AM P 22.00 0;SIMPLE_INSTRUMENT;BLOCK;EUR;18;0.58000000;500;EXCHANGE_LAST;;1;1;XEUR;10831467;168;
03.03.2025;15:41:01.389;BAY.O.250303.BUL.000056;STANDARD_OPTION_STRATEGY;BLOCK;EUR;20;1.02000000;27000;EXCHANGE_LAST;;3;2;XEUR;72058315592508948;168;
03.03.2025;15:41:01.389;BAY SI 20250620 PS AM C 24.00 0;SIMPLE_INSTRUMENT;BLOCK;EUR;20;2.28000000;27000;PRC_DECOMP_EXCHANGE;;;;XEUR;8112550;168;EXCHANGE
03.03.2025;15:41:01.389;BAY SI 20250620 PS AM C 27.00 0;SIMPLE_INSTRUMENT;BLOCK;EUR;20;1.26000000;27000;PRC_DECOMP_EXCHANGE;;;;XEUR;11992379;168;EXCHANGE
03.03.2025;16:52:53.815;BAY SI 20250417 PS AM C 26.00 0;SIMPLE_INSTRUMENT;BLOCK;EUR;23;0.97000000;2565;EXCHANGE_LAST;;1;1;XEUR;12615434;168;
03.03.2025;16:53:01.571;BAY SI 20250417 PS AM C 26.00 0;SIMPLE_INSTRUMENT;BLOCK;EUR;24;0.98000000;25935;EXCHANGE_LAST;;1;1;XEUR;12615434;168;
03.03.2025;11:34:14.272;BAYG SI 20250321 CS;SIMPLE_INSTRUMENT;BLOCK;EUR;15;23.18000000;10000;EXCHANGE_LAST;;1;1;XEUR;10723979;76034;
03.03.2025;11:34:00.073;BAYG SI 20250417 CS;SIMPLE_INSTRUMENT;BLOCK;EUR;16;23.23000000;10000;EXCHANGE_LAST;;1;1;XEUR;10870515;76034;
03.03.2025;13:25:36.419;BMW SI 20251219 PS AM P 84.00 0;SIMPLE_INSTRUMENT;BLOCK;EUR;14;8.94000000;3750;EXCHANGE_LAST;;1;1;XEUR;5923234;210;
03.03.2025;13:25:40.755;BMW SI 20251219 PS AM P 84.00 0;SIMPLE_INSTRUMENT;BLOCK;EUR;15;8.93000000;1250;EXCHANGE_LAST;;1;1;XEUR;5923234;210;
03.03.2025;13:26:02.910;BMW SI 20251219 PS AM P 76.00 0;SIMPLE_INSTRUMENT;BLOCK;EUR;16;5.43000000;6250;EXCHANGE_LAST;;1;1;XEUR;5923232;210;
03.03.2025;17:14:40.987;BMW FI 20250417 PS EU P 94.0000 0;FLEXIBLE_INSTRUMENT;BLOCK;EUR;51;10.10000000;1000;EXCHANGE_LAST;;1;1;XEUR;1152922406549995225;210;
03.03.2025;14:24:39.831;BMWF.S.MAR25.APR25.SPD;FUTURES_SPREAD;BLOCK;EUR;43;-0.18700000;4000;EXCHANGE_LAST;;1;1;XEUR;72058620535111972;239;
03.03.2025;14:24:39.831;BMWF SI 20250417 CS;SIMPLE_INSTRUMENT;BLOCK;EUR;43;86.18700000;4000;PRC_DECOMP_MEMBER;;;;XEUR;10832713;239;MEMBER
03.03.2025;14:24:39.831;BMWF SI 20250321 CS;SIMPLE_INSTRUMENT;BLOCK;EUR;43;86.00000000;4000;PRC_DECOMP_MEMBER;;;;XEUR;10695616;239;MEMBER
03.03.2025;14:39:01.007;BNP SI 20260619 PS AM P 44.00 0;SIMPLE_INSTRUMENT;BLOCK;EUR;23;1.32000000;500;EXCHANGE_LAST;;1;1;XEUR;9541726;237;
03.03.2025;14:47:37.427;BNPH.S.MAR25.MAY25.SPD;FUTURES_SPREAD;BLOCK;EUR;55;-0.31340000;13000;EXCHANGE_LAST;;1;1;XEUR;72058607650211068;236;
03.03.2025;14:47:37.427;BNPH SI 20250321 CS;SIMPLE_INSTRUMENT;BLOCK;EUR;55;72.99180000;13000;PRC_DECOMP_MEMBER;;;;XEUR;10695531;236;MEMBER
03.03.2025;14:47:37.427;BNPH SI 20250516 CS;SIMPLE_INSTRUMENT;BLOCK;EUR;55;73.30520000;13000;PRC_DECOMP_MEMBER;;;;XEUR;11032339;236;MEMBER
03.03.2025;16:05:52.481;BRBF SI 20251219 CS;SIMPLE_INSTRUMENT;BLOCK;GBX;90;1159.82340000;49;EXCHANGE_LAST;;1;1;XEUR;8674444;249;
03.03.2025;13:18:23.097;BRNT SI 20250417 PS EU C 60.00 0;SIMPLE_INSTRUMENT;BLOCK;USD;1;0.26000000;37871;EXCHANGE_LAST;;1;1;XEUR;12890269;367244;
03.03.2025;14:25:33.074;BSIF.S.MAR25.APR25.SPD;FUTURES_SPREAD;BLOCK;EUR;44;-0.23500000;1000;EXCHANGE_LAST;;1;1;XEUR;72808049378590792;174729;
03.03.2025;14:25:33.074;BSIF SI 20250417 CS;SIMPLE_INSTRUMENT;BLOCK;EUR;44;106.43500000;1000;PRC_DECOMP_MEMBER;;;;XEUR;10873690;174729;MEMBER
03.03.2025;14:25:33.074;BSIF SI 20250321 CS;SIMPLE_INSTRUMENT;BLOCK;EUR;44;106.20000000;1000;PRC_DECOMP_MEMBER;;;;XEUR;10726598;174729;MEMBER
03.03.2025;10:47:38.024;BUCN SI 20250919 PS AM P 380.00 0;SIMPLE_INSTRUMENT;BLOCK;CHF;10;20.60000000;1500;EXCHANGE_LAST;;1;1;XEUR;11912934;108037;
03.03.2025;15:41:46.719;C4RI SI 20261218 CS;SIMPLE_INSTRUMENT;BLOCK;EUR;87;2.92000000;270;EXCHANGE_LAST;;2;1;XEUR;6821680;50862;
03.03.2025;16:07:42.093;CAR SI 20251219 PS AM P 11.00 0;SIMPLE_INSTRUMENT;BLOCK;EUR;25;0.51000000;2000;EXCHANGE_LAST;;1;1;XEUR;12436454;265;
03.03.2025;09:17:17.608;CBK SI 20250321 PS AM P 18.80 0;SIMPLE_INSTRUMENT;BLOCK;EUR;1;0.09000000;1750;EXCHANGE_LAST;;1;1;XEUR;12585503;268;
03.03.2025;14:02:37.265;CFR SI 20250620 PS AM C 180.00 0;SIMPLE_INSTRUMENT;BLOCK;CHF;33;14.45000000;600;EXCHANGE_LAST;;2;1;XEUR;9996502;313;
03.03.2025;14:05:53.012;CFR SI 20250620 PS AM C 180.00 0;SIMPLE_INSTRUMENT;BLOCK;CHF;36;14.45000000;300;EXCHANGE_LAST;;1;1;XEUR;9996502;313;
03.03.2025;16:15:15.715;CFR.O.250303.RBER.000004;STANDARD_OPTION_STRATEGY;BLOCK;CHF;50;-23.20000000;150;EXCHANGE_LAST;;1;1;XEUR;72058938362728594;313;
03.03.2025;16:15:15.715;CFR SI 20271217 PS AM P 180.00 0;SIMPLE_INSTRUMENT;BLOCK;CHF;50;34.80000000;150;PRC_DECOMP_EXCHANGE;;;;XEUR;9996367;313;EXCHANGE
03.03.2025;16:15:15.715;CFR SI 20271217 PS AM P 100.00 0;SIMPLE_INSTRUMENT;BLOCK;CHF;50;5.80000000;300;PRC_DECOMP_EXCHANGE;;;;XEUR;9996375;313;EXCHANGE
03.03.2025;12:57:50.153;CLN.O.250303.RBER.000001;STANDARD_OPTION_STRATEGY;BLOCK;CHF;24;-0.51000000;2000;EXCHANGE_LAST;;1;1;XEUR;72058865348265385;296;
03.03.2025;12:57:50.153;CLN SI 20251219 PS AM P 11.00 0;SIMPLE_INSTRUMENT;BLOCK;CHF;24;1.55000000;2000;PRC_DECOMP_EXCHANGE;;;;XEUR;10619814;296;EXCHANGE
03.03.2025;12:57:50.153;CLN SI 20251219 PS AM P 9.00 0;SIMPLE_INSTRUMENT;BLOCK;CHF;24;0.52000000;4000;PRC_DECOMP_EXCHANGE;;;;XEUR;10619826;296;EXCHANGE
03.03.2025;13:45:09.795;D3AI SI 20261218 CS;SIMPLE_INSTRUMENT;BLOCK;EUR;34;3.45000000;260;EXCHANGE_LAST;;1;1;XEUR;7144051;443197;
03.03.2025;13:58:07.891;DAI SI 20250516 PS AM C 60.00 0;SIMPLE_INSTRUMENT;BLOCK;EUR;18;4.10000000;1500;EXCHANGE_LAST;;1;1;XEUR;12852489;443196;
03.03.2025;13:51:49.223;DAI.O.250303.STD.000010;STANDARD_OPTION_STRATEGY;BLOCK;EUR;21;4.00000000;1000;EXCHANGE_LAST;;1;1;XEUR;73961106363664298;443196;
03.03.2025;13:51:49.223;DAI SI 20250321 PS AM P 60.00 0;SIMPLE_INSTRUMENT;BLOCK;EUR;21;1.32000000;1000;PRC_DECOMP_EXCHANGE;;;;XEUR;10884522;443196;EXCHANGE
03.03.2025;13:51:49.223;DAI SI 20250321 PS AM C 60.00 0;SIMPLE_INSTRUMENT;BLOCK;EUR;21;2.68000000;1000;PRC_DECOMP_EXCHANGE;;;;XEUR;10884520;443196;EXCHANGE
03.03.2025;14:28:49.842;DAIG.S.MAR25.APR25.SPD;FUTURES_SPREAD;BLOCK;EUR;42;-0.13650000;10000;EXCHANGE_LAST;;1;1;XEUR;73961136428417120;443203;
03.03.2025;14:28:49.842;DAIG SI 20250417 CS;SIMPLE_INSTRUMENT;BLOCK;EUR;42;61.43650000;10000;PRC_DECOMP_MEMBER;;;;XEUR;10884414;443203;MEMBER
03.03.2025;14:28:49.842;DAIG SI 20250321 CS;SIMPLE_INSTRUMENT;BLOCK;EUR;42;61.30000000;10000;PRC_DECOMP_MEMBER;;;;XEUR;10734482;443203;MEMBER
03.03.2025;11:52:33.400;DBK SI 20251219 PS AM C 22.00 0;SIMPLE_INSTRUMENT;BLOCK;EUR;7;1.67000000;2750;EXCHANGE_LAST;;1;1;XEUR;7543440;362;
03.03.2025;11:52:43.481;DBK SI 20251219 PS AM C 22.00 0;SIMPLE_INSTRUMENT;BLOCK;EUR;8;1.68000000;2750;EXCHANGE_LAST;;1;1;XEUR;7543440;362;
03.03.2025;13:59:27.693;DBK SI 20261218 PS AM P 12.00 0;SIMPLE_INSTRUMENT;BLOCK;EUR;9;0.60000000;2500;EXCHANGE_LAST;;1;1;XEUR;7155868;362;
03.03.2025;14:02:51.170;DBKE.O.250303.BUL.000001;STANDARD_OPTION_STRATEGY;BLOCK;EUR;10;0.70000000;7500;EXCHANGE_LAST;;1;1;XEUR;72059359269489004;411;
03.03.2025;14:02:51.170;DBKE SI 20250620 PS EU C 19.00 0;SIMPLE_INSTRUMENT;BLOCK;EUR;10;2.38000000;7500;PRC_DECOMP_EXCHANGE;;;;XEUR;11356142;411;EXCHANGE
03.03.2025;14:02:51.170;DBKE SI 20250620 PS EU C 18.00 0;SIMPLE_INSTRUMENT;BLOCK;EUR;10;3.08000000;7500;PRC_DECOMP_EXCHANGE;;;;XEUR;8208340;411;EXCHANGE
03.03.2025;14:02:56.422;DBKE.O.250303.BUL.000001;STANDARD_OPTION_STRATEGY;BLOCK;EUR;11;0.71000000;7500;EXCHANGE_LAST;;1;1;XEUR;72059359269489004;411;
03.03.2025;14:02:56.422;DBKE SI 20250620 PS EU C 19.00 0;SIMPLE_INSTRUMENT;BLOCK;EUR;11;2.37000000;7500;PRC_DECOMP_EXCHANGE;;;;XEUR;11356142;411;EXCHANGE
03.03.2025;14:02:56.422;DBKE SI 20250620 PS EU C 18.00 0;SIMPLE_INSTRUMENT;BLOCK;EUR;11;3.08000000;7500;PRC_DECOMP_EXCHANGE;;;;XEUR;8208340;411;EXCHANGE
03.03.2025;11:50:56.834;DPWF SI 20250321 CS;SIMPLE_INSTRUMENT;BLOCK;EUR;20;38.08100000;10000;EXCHANGE_LAST;;1;1;XEUR;10698111;444;
03.03.2025;14:01:38.784;DTEF SI 20250321 CS;SIMPLE_INSTRUMENT;BLOCK;EUR;39;35.20400000;3000;EXCHANGE_LAST;;1;1;XEUR;10698021;430;
03.03.2025;12:53:15.361;E2NT SI 20250620 CS;SIMPLE_INSTRUMENT;BLOCK;EUR;26;0.50000000;2700;EXCHANGE_LAST;;1;1;XEUR;10837409;470;
03.03.2025;13:27:21.769;E2NT SI 20281215 CS;SIMPLE_INSTRUMENT;BLOCK;EUR;33;0.89500000;1100;EXCHANGE_LAST;;1;1;XEUR;6802271;470;
03.03.2025;12:18:48.608;EAD SI 20251219 PS AM C 200.00 0;SIMPLE_INSTRUMENT;BLOCK;EUR;9;7.15000000;1000;EXCHANGE_LAST;;1;1;XEUR;11013908;465;
03.03.2025;13:19:15.377;EAD SI 20250620 PS AM P 140.00 0;SIMPLE_INSTRUMENT;BLOCK;EUR;15;1.23000000;1000;EXCHANGE_LAST;;1;1;XEUR;11013883;465;
03.03.2025;13:54:34.310;EAD SI 20261218 PS AM P 155.00 0;SIMPLE_INSTRUMENT;BLOCK;EUR;18;13.74000000;350;EXCHANGE_LAST;;1;1;XEUR;12602605;465;
03.03.2025;15:37:39.657;EAD.O.250303.CCOND.000011;STANDARD_OPTION_STRATEGY;BLOCK;EUR;24;2.30000000;500;EXCHANGE_LAST;;1;1;XEUR;72059591197747582;465;
03.03.2025;15:37:39.657;EAD SI 20250417 PS AM C 200.00 0;SIMPLE_INSTRUMENT;BLOCK;EUR;24;0.60000000;500;PRC_DECOMP_MEMBER;;;;XEUR;12620443;465;MEMBER
03.03.2025;15:37:39.657;EAD SI 20250417 PS AM C 185.00 0;SIMPLE_INSTRUMENT;BLOCK;EUR;24;3.75000000;500;PRC_DECOMP_MEMBER;;;;XEUR;12620393;465;MEMBER
03.03.2025;15:37:39.657;EAD SI 20250417 PS AM C 190.00 0;SIMPLE_INSTRUMENT;BLOCK;EUR;24;2.45000000;500;PRC_DECOMP_MEMBER;;;;XEUR;12620400;465;MEMBER
03.03.2025;15:37:39.657;EAD SI 20250417 PS AM C 175.00 0;SIMPLE_INSTRUMENT;BLOCK;EUR;24;7.90000000;500;PRC_DECOMP_MEMBER;;;;XEUR;12620407;465;MEMBER
03.03.2025;13:52:09.747;EF3 FI 20250620 PS AM P 90.0000 0;FLEXIBLE_INSTRUMENT;BLOCK;EUR;17;2.55000000;250;EXCHANGE_LAST;;1;1;XEUR;1152923454522002360;454;
03.03.2025;14:04:38.548;EF3 FI 20250620 PS AM C 105.0000 0;FLEXIBLE_INSTRUMENT;BLOCK;EUR;20;0.98000000;250;EXCHANGE_LAST;;1;1;XEUR;1152923454522002361;454;
03.03.2025;14:05:29.575;EF3 FI 20250620 PS AM P 90.0000 0;FLEXIBLE_INSTRUMENT;BLOCK;EUR;21;2.55000000;250;EXCHANGE_LAST;;1;1;XEUR;1152923454522002360;454;
03.03.2025;09:49:07.884;ENR SI 20261218 PS AM P 36.00 0;SIMPLE_INSTRUMENT;BLOCK;EUR;5;5.15000000;2000;EXCHANGE_LAST;;1;1;XEUR;7185326;298530;
03.03.2025;10:24:18.122;ENT5 SI 20250320 PS AM P 14.00 0;SIMPLE_INSTRUMENT;BLOCK;EUR;7;0.30500000;400;EXCHANGE_LAST;;1;1;XEUR;10822835;497;
03.03.2025;11:53:27.662;ENTH.S.MAR25.APR25.SPD;FUTURES_SPREAD;BLOCK;EUR;21;0.19150000;5000;EXCHANGE_LAST;;1;1;XEUR;74312335904210989;524973;
03.03.2025;11:53:27.662;ENTH SI 20250417 CS;SIMPLE_INSTRUMENT;BLOCK;EUR;21;13.68320000;5000;PRC_DECOMP_EXCHANGE;;;;XEUR;10826279;524973;EXCHANGE
03.03.2025;11:53:27.662;ENTH SI 20250320 CS;SIMPLE_INSTRUMENT;BLOCK;EUR;21;13.87470000;5000;PRC_DECOMP_EXCHANGE;;;;XEUR;10690793;524973;EXCHANGE
03.03.2025;12:41:49.874;ENTH.S.MAR25.APR25.SPD;FUTURES_SPREAD;BLOCK;EUR;23;0.19150000;3000;EXCHANGE_LAST;;1;1;XEUR;74312335904210989;524973;
03.03.2025;12:41:49.874;ENTH SI 20250417 CS;SIMPLE_INSTRUMENT;BLOCK;EUR;23;13.68320000;3000;PRC_DECOMP_EXCHANGE;;;;XEUR;10826279;524973;EXCHANGE
03.03.2025;12:41:49.874;ENTH SI 20250320 CS;SIMPLE_INSTRUMENT;BLOCK;EUR;23;13.87470000;3000;PRC_DECOMP_EXCHANGE;;;;XEUR;10690793;524973;EXCHANGE
03.03.2025;12:49:28.512;ENTH.S.MAR25.JUN25.SPD;FUTURES_SPREAD;BLOCK;EUR;24;0.35800000;6000;EXCHANGE_LAST;;1;1;XEUR;74312335904210990;524973;
03.03.2025;12:49:28.512;ENTH SI 20250320 CS;SIMPLE_INSTRUMENT;BLOCK;EUR;24;13.87460000;6000;PRC_DECOMP_EXCHANGE;;;;XEUR;10690793;524973;EXCHANGE
03.03.2025;12:49:28.512;ENTH SI 20250619 CS;SIMPLE_INSTRUMENT;BLOCK;EUR;24;13.51660000;6000;PRC_DECOMP_EXCHANGE;;;;XEUR;11165310;524973;EXCHANGE
03.03.2025;14:07:15.791;EOA SI 20260619 PS AM P 11.00 0;SIMPLE_INSTRUMENT;BLOCK;EUR;24;0.75000000;1500;EXCHANGE_LAST;;1;1;XEUR;12137397;49065;
03.03.2025;15:03:54.393;EOA SI 20250321 PS AM P 12.00 0;SIMPLE_INSTRUMENT;BLOCK;EUR;34;0.11000000;5000;EXCHANGE_LAST;;1;1;XEUR;10867733;49065;
03.03.2025;08:32:06.259;EVK SI 20250321 PS AM P 19.00 0;SIMPLE_INSTRUMENT;BLOCK;EUR;2;0.50000000;1000;EXCHANGE_LAST;;1;1;XEUR;10862576;10806;
03.03.2025;13:39:51.519;EVK SI 20250321 PS AM C 17.50 0;SIMPLE_INSTRUMENT;BLOCK;EUR;11;2.02000000;500;EXCHANGE_LAST;;1;1;XEUR;12467338;10806;
03.03.2025;13:13:34.150;F3IA SI 20261218 CS;SIMPLE_INSTRUMENT;BLOCK;EUR;29;0.60500000;1500;EXCHANGE_LAST;;1;1;XEUR;6830373;390387;
03.03.2025;16:45:28.962;F3IA SI 20261218 CS;SIMPLE_INSTRUMENT;BLOCK;EUR;118;0.60500000;450;EXCHANGE_LAST;;1;1;XEUR;6830373;390387;
03.03.2025;16:59:44.443;F3IA SI 20261218 CS;SIMPLE_INSTRUMENT;BLOCK;EUR;124;0.60500000;500;EXCHANGE_LAST;;2;2;XEUR;6830373;390387;
03.03.2025;07:26:31.588;FBTP.S.MAR25.JUN25.SPD;FUTURES_SPREAD;BLOCK;EUR;1;0.33000000;565;EXCHANGE_LAST;;1;1;XEUR;72060325637128284;636;
03.03.2025;07:26:31.588;FBTP SI 20250306 PS;SIMPLE_INSTRUMENT;BLOCK;EUR;1;120.41000000;565;PRC_DECOMP_MEMBER;;;;XEUR;11286675;636;MEMBER
03.03.2025;07:26:31.588;FBTP SI 20250606 PS;SIMPLE_INSTRUMENT;BLOCK;EUR;1;120.08000000;565;PRC_DECOMP_MEMBER;;;;XEUR;11820365;636;MEMBER
03.03.2025;07:53:32.834;FBTP SI 20250306 PS;SIMPLE_INSTRUMENT;BLOCK;EUR;2;120.35000000;1221;EXCHANGE_LAST;;1;1;XEUR;11286675;636;
03.03.2025;07:55:28.259;FBTP SI 20250606 PS;SIMPLE_INSTRUMENT;BLOCK;EUR;3;120.02000000;610;EXCHANGE_LAST;;1;1;XEUR;11820365;636;
03.03.2025;07:55:28.279;FBTP SI 20250606 PS;SIMPLE_INSTRUMENT;BLOCK;EUR;4;120.03000000;611;EXCHANGE_LAST;;1;1;XEUR;11820365;636;
03.03.2025;07:58:56.369;FBTP.S.MAR25.JUN25.SPD;FUTURES_SPREAD;BLOCK;EUR;5;0.33000000;500;EXCHANGE_LAST;;1;1;XEUR;72060325637128284;636;
03.03.2025;07:58:56.369;FBTP SI 20250606 PS;SIMPLE_INSTRUMENT;BLOCK;EUR;5;120.05000000;500;PRC_DECOMP_EXCHANGE;;;;XEUR;11820365;636;EXCHANGE
03.03.2025;07:58:56.369;FBTP SI 20250306 PS;SIMPLE_INSTRUMENT;BLOCK;EUR;5;120.38000000;500;PRC_DECOMP_EXCHANGE;;;;XEUR;11286675;636;EXCHANGE
03.03.2025;07:59:16.371;FBTP.S.MAR25.JUN25.SPD;FUTURES_SPREAD;BLOCK;EUR;6;0.32000000;500;EXCHANGE_LAST;;1;1;XEUR;72060325637128284;636;
03.03.2025;07:59:16.371;FBTP SI 20250606 PS;SIMPLE_INSTRUMENT;BLOCK;EUR;6;120.06000000;500;PRC_DECOMP_EXCHANGE;;;;XEUR;11820365;636;EXCHANGE
03.03.2025;07:59:16.371;FBTP SI 20250306 PS;SIMPLE_INSTRUMENT;BLOCK;EUR;6;120.38000000;500;PRC_DECOMP_EXCHANGE;;;;XEUR;11286675;636;EXCHANGE
03.03.2025;08:01:21.378;FBTP.S.MAR25.JUN25.SPD;FUTURES_SPREAD;BLOCK;EUR;7;0.33000000;500;EXCHANGE_LAST;;1;1;XEUR;72060325637128284;636;
03.03.2025;08:01:21.378;FBTP SI 20250606 PS;SIMPLE_INSTRUMENT;BLOCK;EUR;7;120.10000000;500;PRC_DECOMP_EXCHANGE;;;;XEUR;11820365;636;EXCHANGE
03.03.2025;08:01:21.378;FBTP SI 20250306 PS;SIMPLE_INSTRUMENT;BLOCK;EUR;7;120.43000000;500;PRC_DECOMP_EXCHANGE;;;;XEUR;11286675;636;EXCHANGE
03.03.2025;08:01:37.379;FBTP.S.MAR25.JUN25.SPD;FUTURES_SPREAD;BLOCK;EUR;8;0.32000000;500;EXCHANGE_LAST;;1;1;XEUR;72060325637128284;636;
03.03.2025;08:01:37.379;FBTP SI 20250606 PS;SIMPLE_INSTRUMENT;BLOCK;EUR;8;120.11000000;500;PRC_DECOMP_EXCHANGE;;;;XEUR;11820365;636;EXCHANGE
03.03.2025;08:01:37.379;FBTP SI 20250306 PS;SIMPLE_INSTRUMENT;BLOCK;EUR;8;120.43000000;500;PRC_DECOMP_EXCHANGE;;;;XEUR;11286675;636;EXCHANGE
03.03.2025;08:08:02.860;FBTP SI 20250306 PS;SIMPLE_INSTRUMENT;BLOCK;EUR;9;120.37000000;2181;EXCHANGE_LAST;;1;1;XEUR;11286675;636;
03.03.2025;08:08:55.180;FBTP SI 20250606 PS;SIMPLE_INSTRUMENT;BLOCK;EUR;10;120.05000000;1090;EXCHANGE_LAST;;1;1;XEUR;11820365;636;
03.03.2025;08:09:43.433;FBTP SI 20250606 PS;SIMPLE_INSTRUMENT;BLOCK;EUR;11;120.04000000;1091;EXCHANGE_LAST;;1;1;XEUR;11820365;636;
03.03.2025;08:31:11.939;FBTP SI 20250306 PS;SIMPLE_INSTRUMENT;EFP_FIN;EUR;12;120.35000000;1105;EXCHANGE_LAST;;1;1;XEUR;11286675;636;
03.03.2025;08:38:02.959;FBTP SI 20250306 PS;SIMPLE_INSTRUMENT;EFP_FIN;EUR;13;120.42000000;138;EXCHANGE_LAST;;1;1;XEUR;11286675;636;
03.03.2025;08:38:28.123;FBTP SI 20250306 PS;SIMPLE_INSTRUMENT;BLOCK;EUR;14;120.44000000;1000;EXCHANGE_LAST;;1;1;XEUR;11286675;636;
03.03.2025;08:38:51.966;FBTP SI 20250606 PS;SIMPLE_INSTRUMENT;BLOCK;EUR;15;120.11000000;500;EXCHANGE_LAST;;1;1;XEUR;11820365;636;
03.03.2025;08:38:59.923;FBTP SI 20250606 PS;SIMPLE_INSTRUMENT;BLOCK;EUR;16;120.12000000;500;EXCHANGE_LAST;;1;1;XEUR;11820365;636;
03.03.2025;08:47:33.800;FBTP SI 20250306 PS;SIMPLE_INSTRUMENT;BLOCK;EUR;17;120.46000000;609;EXCHANGE_LAST;;1;1;XEUR;11286675;636;
03.03.2025;08:47:48.116;FBTP SI 20250606 PS;SIMPLE_INSTRUMENT;BLOCK;EUR;18;120.13000000;304;EXCHANGE_LAST;;1;1;XEUR;11820365;636;
03.03.2025;08:48:00.558;FBTP SI 20250606 PS;SIMPLE_INSTRUMENT;BLOCK;EUR;19;120.14000000;305;EXCHANGE_LAST;;1;1;XEUR;11820365;636;
03.03.2025;08:48:41.558;FBTP SI 20250306 PS;SIMPLE_INSTRUMENT;BLOCK;EUR;20;120.47000000;2000;EXCHANGE_LAST;;1;1;XEUR;11286675;636;
03.03.2025;08:49:32.703;FBTP SI 20250606 PS;SIMPLE_INSTRUMENT;BLOCK;EUR;21;120.14000000;1000;EXCHANGE_LAST;;1;1;XEUR;11820365;636;
03.03.2025;08:49:44.732;FBTP SI 20250606 PS;SIMPLE_INSTRUMENT;BLOCK;EUR;22;120.15000000;1000;EXCHANGE_LAST;;1;1;XEUR;11820365;636;
03.03.2025;08:50:05.603;FBTP SI 20250306 PS;SIMPLE_INSTRUMENT;BLOCK;EUR;23;120.45000000;3000;EXCHANGE_LAST;;1;1;XEUR;11286675;636;
03.03.2025;08:50:51.846;FBTP SI 20250606 PS;SIMPLE_INSTRUMENT;BLOCK;EUR;24;120.12000000;1500;EXCHANGE_LAST;;1;1;XEUR;11820365;636;
03.03.2025;08:50:51.866;FBTP SI 20250606 PS;SIMPLE_INSTRUMENT;BLOCK;EUR;25;120.13000000;1500;EXCHANGE_LAST;;1;1;XEUR;11820365;636;
03.03.2025;08:53:46.503;FBTP SI 20250306 PS;SIMPLE_INSTRUMENT;BLOCK;EUR;26;120.45000000;1500;EXCHANGE_LAST;;1;1;XEUR;11286675;636;
03.03.2025;08:54:26.375;FBTP SI 20250606 PS;SIMPLE_INSTRUMENT;BLOCK;EUR;27;120.12000000;750;EXCHANGE_LAST;;1;1;XEUR;11820365;636;
03.03.2025;08:54:26.424;FBTP SI 20250606 PS;SIMPLE_INSTRUMENT;BLOCK;EUR;28;120.13000000;750;EXCHANGE_LAST;;1;1;XEUR;11820365;636;
03.03.2025;08:58:51.009;FBTP.S.MAR25.JUN25.SPD;FUTURES_SPREAD;BLOCK;EUR;29;0.32000000;271;EXCHANGE_LAST;;1;1;XEUR;72060325637128284;636;
03.03.2025;08:58:51.009;FBTP SI 20250306 PS;SIMPLE_INSTRUMENT;BLOCK;EUR;29;120.44000000;271;PRC_DECOMP_MEMBER;;;;XEUR;11286675;636;MEMBER
03.03.2025;08:58:51.009;FBTP SI 20250606 PS;SIMPLE_INSTRUMENT;BLOCK;EUR;29;120.12000000;271;PRC_DECOMP_MEMBER;;;;XEUR;11820365;636;MEMBER
03.03.2025;08:59:06.615;FBTP.S.MAR25.JUN25.SPD;FUTURES_SPREAD;BLOCK;EUR;30;0.33000000;271;EXCHANGE_LAST;;1;1;XEUR;72060325637128284;636;
03.03.2025;08:59:06.615;FBTP SI 20250606 PS;SIMPLE_INSTRUMENT;BLOCK;EUR;30;120.11000000;271;PRC_DECOMP_MEMBER;;;;XEUR;11820365;636;MEMBER
03.03.2025;08:59:06.615;FBTP SI 20250306 PS;SIMPLE_INSTRUMENT;BLOCK;EUR;30;120.44000000;271;PRC_DECOMP_MEMBER;;;;XEUR;11286675;636;MEMBER
03.03.2025;09:05:29.852;FBTP.S.MAR25.JUN25.SPD;FUTURES_SPREAD;BLOCK;EUR;31;0.32000000;975;EXCHANGE_LAST;;1;1;XEUR;72060325637128284;636;
03.03.2025;09:05:29.852;FBTP SI 20250306 PS;SIMPLE_INSTRUMENT;BLOCK;EUR;31;120.51000000;975;PRC_DECOMP_EXCHANGE;;;;XEUR;11286675;636;EXCHANGE
03.03.2025;09:05:29.852;FBTP SI 20250606 PS;SIMPLE_INSTRUMENT;BLOCK;EUR;31;120.19000000;975;PRC_DECOMP_EXCHANGE;;;;XEUR;11820365;636;EXCHANGE
03.03.2025;09:05:41.096;FBTP.S.MAR25.JUN25.SPD;FUTURES_SPREAD;BLOCK;EUR;32;0.33000000;975;EXCHANGE_LAST;;1;1;XEUR;72060325637128284;636;
03.03.2025;09:05:41.096;FBTP SI 20250606 PS;SIMPLE_INSTRUMENT;BLOCK;EUR;32;120.21000000;975;PRC_DECOMP_EXCHANGE;;;;XEUR;11820365;636;EXCHANGE
03.03.2025;09:05:41.096;FBTP SI 20250306 PS;SIMPLE_INSTRUMENT;BLOCK;EUR;32;120.54000000;975;PRC_DECOMP_EXCHANGE;;;;XEUR;11286675;636;EXCHANGE
03.03.2025;09:17:07.609;FBTP SI 20250306 PS;SIMPLE_INSTRUMENT;BLOCK;EUR;33;120.50000000;883;EXCHANGE_LAST;;1;1;XEUR;11286675;636;
03.03.2025;09:17:20.783;FBTP.S.MAR25.JUN25.SPD;FUTURES_SPREAD;BLOCK;EUR;34;0.33000000;787;EXCHANGE_LAST;;1;1;XEUR;72060325637128284;636;
03.03.2025;09:17:20.783;FBTP SI 20250606 PS;SIMPLE_INSTRUMENT;BLOCK;EUR;34;120.22000000;787;PRC_DECOMP_MEMBER;;;;XEUR;11820365;636;MEMBER
03.03.2025;09:17:20.783;FBTP SI 20250306 PS;SIMPLE_INSTRUMENT;BLOCK;EUR;34;120.55000000;787;PRC_DECOMP_MEMBER;;;;XEUR;11286675;636;MEMBER
03.03.2025;09:17:31.048;FBTP.S.MAR25.JUN25.SPD;FUTURES_SPREAD;BLOCK;EUR;35;0.32000000;787;EXCHANGE_LAST;;1;1;XEUR;72060325637128284;636;
03.03.2025;09:17:31.048;FBTP SI 20250306 PS;SIMPLE_INSTRUMENT;BLOCK;EUR;35;120.55000000;787;PRC_DECOMP_MEMBER;;;;XEUR;11286675;636;MEMBER
03.03.2025;09:17:31.048;FBTP SI 20250606 PS;SIMPLE_INSTRUMENT;BLOCK;EUR;35;120.23000000;787;PRC_DECOMP_MEMBER;;;;XEUR;11820365;636;MEMBER
03.03.2025;09:17:58.089;FBTP.S.MAR25.JUN25.SPD;FUTURES_SPREAD;BLOCK;EUR;36;0.32000000;507;EXCHANGE_LAST;;1;1;XEUR;72060325637128284;636;
03.03.2025;09:17:58.089;FBTP SI 20250306 PS;SIMPLE_INSTRUMENT;BLOCK;EUR;36;120.55000000;507;PRC_DECOMP_MEMBER;;;;XEUR;11286675;636;MEMBER
03.03.2025;09:17:58.089;FBTP SI 20250606 PS;SIMPLE_INSTRUMENT;BLOCK;EUR;36;120.23000000;507;PRC_DECOMP_MEMBER;;;;XEUR;11820365;636;MEMBER
03.03.2025;09:18:12.778;FBTP.S.MAR25.JUN25.SPD;FUTURES_SPREAD;BLOCK;EUR;37;0.33000000;507;EXCHANGE_LAST;;1;1;XEUR;72060325637128284;636;
03.03.2025;09:18:12.778;FBTP SI 20250606 PS;SIMPLE_INSTRUMENT;BLOCK;EUR;37;120.22000000;507;PRC_DECOMP_MEMBER;;;;XEUR;11820365;636;MEMBER
03.03.2025;09:18:12.778;FBTP SI 20250306 PS;SIMPLE_INSTRUMENT;BLOCK;EUR;37;120.55000000;507;PRC_DECOMP_MEMBER;;;;XEUR;11286675;636;MEMBER
03.03.2025;09:18:22.613;FBTP SI 20250606 PS;SIMPLE_INSTRUMENT;BLOCK;EUR;38;120.17000000;850;EXCHANGE_LAST;;1;1;XEUR;11820365;636;
03.03.2025;09:24:19.211;FBTP.S.MAR25.JUN25.SPD;FUTURES_SPREAD;BLOCK;EUR;39;0.33000000;2082;EXCHANGE_LAST;;1;1;XEUR;72060325637128284;636;
03.03.2025;09:24:19.211;FBTP SI 20250306 PS;SIMPLE_INSTRUMENT;BLOCK;EUR;39;120.51000000;2082;PRC_DECOMP_EXCHANGE;;;;XEUR;11286675;636;EXCHANGE
03.03.2025;09:24:19.211;FBTP SI 20250606 PS;SIMPLE_INSTRUMENT;BLOCK;EUR;39;120.18000000;2082;PRC_DECOMP_EXCHANGE;;;;XEUR;11820365;636;EXCHANGE
03.03.2025;09:25:18.907;FBTP SI 20250306 PS;SIMPLE_INSTRUMENT;EFP_FIN;EUR;40;120.54000000;1916;EXCHANGE_LAST;;1;1;XEUR;11286675;636;
03.03.2025;09:44:42.793;FBTP SI 20250306 PS;SIMPLE_INSTRUMENT;BLOCK;EUR;41;120.38000000;1000;EXCHANGE_LAST;;1;1;XEUR;11286675;636;
03.03.2025;09:45:54.336;FBTP SI 20250306 PS;SIMPLE_INSTRUMENT;EFP_FIN;EUR;42;120.38000000;486;EXCHANGE_LAST;;1;1;XEUR;11286675;636;
03.03.2025;09:46:01.074;FBTP SI 20250606 PS;SIMPLE_INSTRUMENT;BLOCK;EUR;43;120.04000000;500;EXCHANGE_LAST;;1;1;XEUR;11820365;636;
03.03.2025;09:46:12.613;FBTP SI 20250606 PS;SIMPLE_INSTRUMENT;BLOCK;EUR;44;120.05000000;500;EXCHANGE_LAST;;1;1;XEUR;11820365;636;
03.03.2025;09:48:58.049;FBTP SI 20250306 PS;SIMPLE_INSTRUMENT;EFP_FIN;EUR;45;120.46000000;1214;EXCHANGE_LAST;;1;1;XEUR;11286675;636;
03.03.2025;09:54:24.220;FBTP SI 20250306 PS;SIMPLE_INSTRUMENT;EFP_FIN;EUR;46;120.40000000;1165;EXCHANGE_LAST;;1;1;XEUR;11286675;636;
03.03.2025;09:55:42.097;FBTP SI 20250306 PS;SIMPLE_INSTRUMENT;EFP_FIN;EUR;47;120.38000000;389;EXCHANGE_LAST;;1;1;XEUR;11286675;636;
03.03.2025;10:06:06.355;FBTP SI 20250306 PS;SIMPLE_INSTRUMENT;BLOCK;EUR;48;120.34000000;1388;EXCHANGE_LAST;;1;1;XEUR;11286675;636;
03.03.2025;10:08:04.780;FBTP SI 20250606 PS;SIMPLE_INSTRUMENT;BLOCK;EUR;49;120.00000000;694;EXCHANGE_LAST;;1;1;XEUR;11820365;636;
03.03.2025;10:08:20.668;FBTP SI 20250306 PS;SIMPLE_INSTRUMENT;BLOCK;EUR;50;120.39000000;661;EXCHANGE_LAST;;1;1;XEUR;11286675;636;
03.03.2025;10:09:25.384;FBTP SI 20250606 PS;SIMPLE_INSTRUMENT;BLOCK;EUR;51;120.05000000;319;EXCHANGE_LAST;;1;1;XEUR;11820365;636;
03.03.2025;10:09:25.728;FBTP SI 20250606 PS;SIMPLE_INSTRUMENT;BLOCK;EUR;52;120.01000000;694;EXCHANGE_LAST;;1;1;XEUR;11820365;636;
03.03.2025;10:09:42.981;FBTP SI 20250606 PS;SIMPLE_INSTRUMENT;BLOCK;EUR;53;120.06000000;319;EXCHANGE_LAST;;1;1;XEUR;11820365;636;
03.03.2025;10:12:10.409;FBTP SI 20250306 PS;SIMPLE_INSTRUMENT;BLOCK;EUR;54;120.30000000;2461;EXCHANGE_LAST;;1;1;XEUR;11286675;636;
03.03.2025;10:13:19.097;FBTP SI 20250606 PS;SIMPLE_INSTRUMENT;BLOCK;EUR;55;119.96000000;1230;EXCHANGE_LAST;;1;1;XEUR;11820365;636;
03.03.2025;10:13:19.118;FBTP SI 20250606 PS;SIMPLE_INSTRUMENT;BLOCK;EUR;56;119.97000000;1231;EXCHANGE_LAST;;1;1;XEUR;11820365;636;
03.03.2025;10:19:53.947;FBTP SI 20250306 PS;SIMPLE_INSTRUMENT;BLOCK;EUR;57;120.27000000;2403;EXCHANGE_LAST;;1;1;XEUR;11286675;636;
03.03.2025;10:20:46.209;FBTP SI 20250606 PS;SIMPLE_INSTRUMENT;BLOCK;EUR;58;119.93000000;1149;EXCHANGE_LAST;;1;1;XEUR;11820365;636;
03.03.2025;10:20:46.229;FBTP SI 20250606 PS;SIMPLE_INSTRUMENT;BLOCK;EUR;59;119.94000000;1150;EXCHANGE_LAST;;1;1;XEUR;11820365;636;
03.03.2025;10:28:13.827;FBTP.S.MAR25.JUN25.SPD;FUTURES_SPREAD;BLOCK;EUR;61;0.33000000;250;EXCHANGE_LAST;;1;1;XEUR;72060325637128284;636;
03.03.2025;10:28:13.827;FBTP SI 20250306 PS;SIMPLE_INSTRUMENT;BLOCK;EUR;61;120.25000000;250;PRC_DECOMP_EXCHANGE;;;;XEUR;11286675;636;EXCHANGE
03.03.2025;10:28:13.827;FBTP SI 20250606 PS;SIMPLE_INSTRUMENT;BLOCK;EUR;61;119.92000000;250;PRC_DECOMP_EXCHANGE;;;;XEUR;11820365;636;EXCHANGE
03.03.2025;10:28:16.828;FBTP.S.MAR25.JUN25.SPD;FUTURES_SPREAD;BLOCK;EUR;62;0.34000000;250;EXCHANGE_LAST;;1;1;XEUR;72060325637128284;636;
03.03.2025;10:28:16.828;FBTP SI 20250306 PS;SIMPLE_INSTRUMENT;BLOCK;EUR;62;120.26000000;250;PRC_DECOMP_EXCHANGE;;;;XEUR;11286675;636;EXCHANGE
03.03.2025;10:28:16.828;FBTP SI 20250606 PS;SIMPLE_INSTRUMENT;BLOCK;EUR;62;119.92000000;250;PRC_DECOMP_EXCHANGE;;;;XEUR;11820365;636;EXCHANGE
03.03.2025;10:29:12.661;FBTP.S.MAR25.JUN25.SPD;FUTURES_SPREAD;BLOCK;EUR;63;0.34000000;2500;EXCHANGE_LAST;;1;1;XEUR;72060325637128284;636;
03.03.2025;10:29:12.661;FBTP SI 20250606 PS;SIMPLE_INSTRUMENT;BLOCK;EUR;63;119.91000000;2500;PRC_DECOMP_MEMBER;;;;XEUR;11820365;636;MEMBER
03.03.2025;10:29:12.661;FBTP SI 20250306 PS;SIMPLE_INSTRUMENT;BLOCK;EUR;63;120.25000000;2500;PRC_DECOMP_MEMBER;;;;XEUR;11286675;636;MEMBER
03.03.2025;10:29:22.119;FBTP.S.MAR25.JUN25.SPD;FUTURES_SPREAD;BLOCK;EUR;64;0.33000000;2500;EXCHANGE_LAST;;1;1;XEUR;72060325637128284;636;
03.03.2025;10:29:22.119;FBTP SI 20250606 PS;SIMPLE_INSTRUMENT;BLOCK;EUR;64;119.92000000;2500;PRC_DECOMP_MEMBER;;;;XEUR;11820365;636;MEMBER
03.03.2025;10:29:22.119;FBTP SI 20250306 PS;SIMPLE_INSTRUMENT;BLOCK;EUR;64;120.25000000;2500;PRC_DECOMP_MEMBER;;;;XEUR;11286675;636;MEMBER
03.03.2025;10:36:39.253;FBTP SI 20250306 PS;SIMPLE_INSTRUMENT;EFP_FIN;EUR;65;120.29000000;421;EXCHANGE_LAST;;1;1;XEUR;11286675;636;
03.03.2025;10:37:35.548;FBTP SI 20250306 PS;SIMPLE_INSTRUMENT;BLOCK;EUR;66;120.25000000;2000;EXCHANGE_LAST;;1;1;XEUR;11286675;636;
03.03.2025;10:38:20.578;FBTP SI 20250606 PS;SIMPLE_INSTRUMENT;BLOCK;EUR;67;119.91000000;1000;EXCHANGE_LAST;;1;1;XEUR;11820365;636;
03.03.2025;10:38:45.558;FBTP SI 20250606 PS;SIMPLE_INSTRUMENT;BLOCK;EUR;68;119.92000000;1000;EXCHANGE_LAST;;1;1;XEUR;11820365;636;
03.03.2025;10:50:27.288;FBTP SI 20250306 PS;SIMPLE_INSTRUMENT;BLOCK;EUR;69;120.20000000;672;EXCHANGE_LAST;;1;1;XEUR;11286675;636;
03.03.2025;10:50:33.137;FBTP.S.MAR25.JUN25.SPD;FUTURES_SPREAD;BLOCK;EUR;70;0.35000000;965;EXCHANGE_LAST;;1;1;XEUR;72060325637128284;636;
03.03.2025;10:50:33.137;FBTP SI 20250306 PS;SIMPLE_INSTRUMENT;BLOCK;EUR;70;120.16000000;965;PRC_DECOMP_EXCHANGE;;;;XEUR;11286675;636;EXCHANGE
03.03.2025;10:50:33.137;FBTP SI 20250606 PS;SIMPLE_INSTRUMENT;BLOCK;EUR;70;119.81000000;965;PRC_DECOMP_EXCHANGE;;;;XEUR;11820365;636;EXCHANGE
03.03.2025;10:50:42.567;FBTP.S.MAR25.JUN25.SPD;FUTURES_SPREAD;BLOCK;EUR;71;0.35000000;300;EXCHANGE_LAST;;1;1;XEUR;72060325637128284;636;
03.03.2025;10:50:42.567;FBTP SI 20250606 PS;SIMPLE_INSTRUMENT;BLOCK;EUR;71;119.81000000;300;PRC_DECOMP_EXCHANGE;;;;XEUR;11820365;636;EXCHANGE
03.03.2025;10:50:42.567;FBTP SI 20250306 PS;SIMPLE_INSTRUMENT;BLOCK;EUR;71;120.16000000;300;PRC_DECOMP_EXCHANGE;;;;XEUR;11286675;636;EXCHANGE
03.03.2025;10:50:45.758;FBTP SI 20250606 PS;SIMPLE_INSTRUMENT;BLOCK;EUR;72;119.86000000;672;EXCHANGE_LAST;;1;1;XEUR;11820365;636;
03.03.2025;11:19:59.516;FBTP SI 20250306 PS;SIMPLE_INSTRUMENT;BLOCK;EUR;73;120.12000000;941;EXCHANGE_LAST;;1;1;XEUR;11286675;636;
03.03.2025;11:20:13.217;FBTP SI 20250606 PS;SIMPLE_INSTRUMENT;BLOCK;EUR;74;119.77000000;470;EXCHANGE_LAST;;1;1;XEUR;11820365;636;
03.03.2025;11:20:32.059;FBTP SI 20250606 PS;SIMPLE_INSTRUMENT;BLOCK;EUR;75;119.76000000;471;EXCHANGE_LAST;;1;1;XEUR;11820365;636;
03.03.2025;11:28:01.060;FBTP SI 20250306 PS;SIMPLE_INSTRUMENT;BLOCK;EUR;76;120.19000000;421;EXCHANGE_LAST;;1;1;XEUR;11286675;636;
03.03.2025;11:38:02.616;FBTP SI 20250306 PS;SIMPLE_INSTRUMENT;EFP_FIN;EUR;77;120.06000000;555;EXCHANGE_LAST;;1;1;XEUR;11286675;636;
03.03.2025;11:42:00.947;FBTP SI 20250306 PS;SIMPLE_INSTRUMENT;EFP_FIN;EUR;78;120.02000000;410;EXCHANGE_LAST;;1;1;XEUR;11286675;636;
03.03.2025;11:53:58.256;FBTP SI 20250306 PS;SIMPLE_INSTRUMENT;EFP_FIN;EUR;79;119.98000000;614;EXCHANGE_LAST;;1;1;XEUR;11286675;636;
03.03.2025;12:06:11.372;FBTP SI 20250306 PS;SIMPLE_INSTRUMENT;BLOCK;EUR;80;120.00000000;519;EXCHANGE_LAST;;1;1;XEUR;11286675;636;
03.03.2025;12:09:38.604;FBTP SI 20250306 PS;SIMPLE_INSTRUMENT;BLOCK;EUR;81;120.01000000;1588;EXCHANGE_LAST;;1;1;XEUR;11286675;636;
03.03.2025;12:12:11.006;FBTP SI 20250306 PS;SIMPLE_INSTRUMENT;BLOCK;EUR;82;120.00000000;1985;EXCHANGE_LAST;;1;1;XEUR;11286675;636;
03.03.2025;12:14:14.488;FBTP SI 20250606 PS;SIMPLE_INSTRUMENT;BLOCK;EUR;83;119.62000000;993;EXCHANGE_LAST;;1;1;XEUR;11820365;636;
03.03.2025;12:14:26.632;FBTP SI 20250606 PS;SIMPLE_INSTRUMENT;BLOCK;EUR;84;119.61000000;992;EXCHANGE_LAST;;1;1;XEUR;11820365;636;
03.03.2025;12:14:36.196;FBTP SI 20250606 PS;SIMPLE_INSTRUMENT;BLOCK;EUR;85;119.62000000;794;EXCHANGE_LAST;;1;1;XEUR;11820365;636;
03.03.2025;12:14:36.216;FBTP SI 20250606 PS;SIMPLE_INSTRUMENT;BLOCK;EUR;86;119.63000000;794;EXCHANGE_LAST;;1;1;XEUR;11820365;636;
03.03.2025;12:16:37.690;FBTP SI 20250306 PS;SIMPLE_INSTRUMENT;EFP_FIN;EUR;87;120.02000000;448;EXCHANGE_LAST;;1;1;XEUR;11286675;636;
03.03.2025;12:29:58.291;FBTP SI 20250306 PS;SIMPLE_INSTRUMENT;BLOCK;EUR;88;120.08000000;1138;EXCHANGE_LAST;;1;1;XEUR;11286675;636;
03.03.2025;12:30:14.058;FBTP SI 20250606 PS;SIMPLE_INSTRUMENT;BLOCK;EUR;89;119.72000000;547;EXCHANGE_LAST;;1;1;XEUR;11820365;636;
03.03.2025;12:30:25.785;FBTP SI 20250606 PS;SIMPLE_INSTRUMENT;BLOCK;EUR;90;119.71000000;548;EXCHANGE_LAST;;1;1;XEUR;11820365;636;
03.03.2025;13:00:54.560;FBTP SI 20250306 PS;SIMPLE_INSTRUMENT;EFP_FIN;EUR;91;120.01000000;895;EXCHANGE_LAST;;1;1;XEUR;11286675;636;
03.03.2025;13:01:34.957;FBTP SI 20250306 PS;SIMPLE_INSTRUMENT;EFP_FIN;EUR;92;120.09000000;179;EXCHANGE_LAST;;1;1;XEUR;11286675;636;
03.03.2025;13:01:54.013;FBTP SI 20250306 PS;SIMPLE_INSTRUMENT;EFP_FIN;EUR;93;120.09000000;295;EXCHANGE_LAST;;1;1;XEUR;11286675;636;
03.03.2025;13:09:43.677;FBTP.S.MAR25.JUN25.SPD;FUTURES_SPREAD;BLOCK;EUR;94;0.36000000;435;EXCHANGE_LAST;;1;1;XEUR;72060325637128284;636;
03.03.2025;13:09:43.677;FBTP SI 20250606 PS;SIMPLE_INSTRUMENT;BLOCK;EUR;94;119.62000000;435;PRC_DECOMP_MEMBER;;;;XEUR;11820365;636;MEMBER
03.03.2025;13:09:43.677;FBTP SI 20250306 PS;SIMPLE_INSTRUMENT;BLOCK;EUR;94;119.98000000;435;PRC_DECOMP_MEMBER;;;;XEUR;11286675;636;MEMBER
03.03.2025;13:10:01.437;FBTP.S.MAR25.JUN25.SPD;FUTURES_SPREAD;BLOCK;EUR;95;0.37000000;434;EXCHANGE_LAST;;1;1;XEUR;72060325637128284;636;
03.03.2025;13:10:01.437;FBTP SI 20250606 PS;SIMPLE_INSTRUMENT;BLOCK;EUR;95;119.61000000;434;PRC_DECOMP_MEMBER;;;;XEUR;11820365;636;MEMBER
03.03.2025;13:10:01.437;FBTP SI 20250306 PS;SIMPLE_INSTRUMENT;BLOCK;EUR;95;119.98000000;434;PRC_DECOMP_MEMBER;;;;XEUR;11286675;636;MEMBER
03.03.2025;13:22:43.864;FBTP.S.MAR25.JUN25.SPD;FUTURES_SPREAD;BLOCK;EUR;96;0.37000000;1000;EXCHANGE_LAST;;1;1;XEUR;72060325637128284;636;
03.03.2025;13:22:43.864;FBTP SI 20250606 PS;SIMPLE_INSTRUMENT;BLOCK;EUR;96;119.57000000;1000;PRC_DECOMP_EXCHANGE;;;;XEUR;11820365;636;EXCHANGE
03.03.2025;13:22:43.864;FBTP SI 20250306 PS;SIMPLE_INSTRUMENT;BLOCK;EUR;96;119.94000000;1000;PRC_DECOMP_EXCHANGE;;;;XEUR;11286675;636;EXCHANGE
03.03.2025;13:22:55.525;FBTP.S.MAR25.JUN25.SPD;FUTURES_SPREAD;BLOCK;EUR;97;0.38000000;1000;EXCHANGE_LAST;;1;1;XEUR;72060325637128284;636;
03.03.2025;13:22:55.525;FBTP SI 20250606 PS;SIMPLE_INSTRUMENT;BLOCK;EUR;97;119.57000000;1000;PRC_DECOMP_EXCHANGE;;;;XEUR;11820365;636;EXCHANGE
03.03.2025;13:22:55.525;FBTP SI 20250306 PS;SIMPLE_INSTRUMENT;BLOCK;EUR;97;119.95000000;1000;PRC_DECOMP_EXCHANGE;;;;XEUR;11286675;636;EXCHANGE
03.03.2025;13:33:39.009;FBTP SI 20250306 PS;SIMPLE_INSTRUMENT;EFP_FIN;EUR;98;120.02000000;85;EXCHANGE_LAST;;1;1;XEUR;11286675;636;
03.03.2025;13:36:29.577;FBTP.S.MAR25.JUN25.SPD;FUTURES_SPREAD;BLOCK;EUR;99;0.37000000;500;EXCHANGE_LAST;;1;1;XEUR;72060325637128284;636;
03.03.2025;13:36:29.577;FBTP SI 20250306 PS;SIMPLE_INSTRUMENT;BLOCK;EUR;99;119.88000000;500;PRC_DECOMP_EXCHANGE;;;;XEUR;11286675;636;EXCHANGE
03.03.2025;13:36:29.577;FBTP SI 20250606 PS;SIMPLE_INSTRUMENT;BLOCK;EUR;99;119.51000000;500;PRC_DECOMP_EXCHANGE;;;;XEUR;11820365;636;EXCHANGE
03.03.2025;13:35:53.798;FBTP SI 20250306 PS;SIMPLE_INSTRUMENT;EFP_FIN;EUR;100;120.02000000;99;EXCHANGE_LAST;;1;1;XEUR;11286675;636;
03.03.2025;13:36:45.387;FBTP.S.MAR25.JUN25.SPD;FUTURES_SPREAD;BLOCK;EUR;101;0.38000000;500;EXCHANGE_LAST;;1;1;XEUR;72060325637128284;636;
03.03.2025;13:36:45.387;FBTP SI 20250306 PS;SIMPLE_INSTRUMENT;BLOCK;EUR;101;119.89000000;500;PRC_DECOMP_EXCHANGE;;;;XEUR;11286675;636;EXCHANGE
03.03.2025;13:36:45.387;FBTP SI 20250606 PS;SIMPLE_INSTRUMENT;BLOCK;EUR;101;119.51000000;500;PRC_DECOMP_EXCHANGE;;;;XEUR;11820365;636;EXCHANGE
03.03.2025;13:42:46.296;FBTP.S.MAR25.JUN25.SPD;FUTURES_SPREAD;BLOCK;EUR;103;0.37000000;2596;EXCHANGE_LAST;;1;1;XEUR;72060325637128284;636;
03.03.2025;13:42:46.296;FBTP SI 20250606 PS;SIMPLE_INSTRUMENT;BLOCK;EUR;103;119.51000000;2596;PRC_DECOMP_MEMBER;;;;XEUR;11820365;636;MEMBER
03.03.2025;13:42:46.296;FBTP SI 20250306 PS;SIMPLE_INSTRUMENT;BLOCK;EUR;103;119.88000000;2596;PRC_DECOMP_MEMBER;;;;XEUR;11286675;636;MEMBER
03.03.2025;13:43:03.692;FBTP.S.MAR25.JUN25.SPD;FUTURES_SPREAD;BLOCK;EUR;104;0.38000000;2596;EXCHANGE_LAST;;1;1;XEUR;72060325637128284;636;
03.03.2025;13:43:03.692;FBTP SI 20250606 PS;SIMPLE_INSTRUMENT;BLOCK;EUR;104;119.50000000;2596;PRC_DECOMP_MEMBER;;;;XEUR;11820365;636;MEMBER
03.03.2025;13:43:03.692;FBTP SI 20250306 PS;SIMPLE_INSTRUMENT;BLOCK;EUR;104;119.88000000;2596;PRC_DECOMP_MEMBER;;;;XEUR;11286675;636;MEMBER
03.03.2025;13:48:14.526;FBTP SI 20250606 PS;SIMPLE_INSTRUMENT;EFP_FIN;EUR;105;119.53000000;416;EXCHANGE_LAST;;1;1;XEUR;11820365;636;
03.03.2025;13:59:00.840;FBTP SI 20250306 PS;SIMPLE_INSTRUMENT;BLOCK;EUR;106;119.88000000;861;EXCHANGE_LAST;;1;1;XEUR;11286675;636;
03.03.2025;13:59:12.560;FBTP SI 20250306 PS;SIMPLE_INSTRUMENT;BLOCK;EUR;107;119.87000000;860;EXCHANGE_LAST;;1;1;XEUR;11286675;636;
03.03.2025;13:59:43.160;FBTP SI 20250606 PS;SIMPLE_INSTRUMENT;BLOCK;EUR;108;119.50000000;1721;EXCHANGE_LAST;;1;1;XEUR;11820365;636;
03.03.2025;14:00:21.409;FBTP SI 20250306 PS;SIMPLE_INSTRUMENT;EFP_FIN;EUR;109;119.88000000;895;EXCHANGE_LAST;;1;1;XEUR;11286675;636;
03.03.2025;14:01:07.461;FBTP SI 20250606 PS;SIMPLE_INSTRUMENT;EFP_FIN;EUR;110;119.51000000;277;EXCHANGE_LAST;;1;1;XEUR;11820365;636;
03.03.2025;14:01:42.107;FBTP.S.MAR25.JUN25.SPD;FUTURES_SPREAD;BLOCK;EUR;111;0.37000000;897;EXCHANGE_LAST;;1;1;XEUR;72060325637128284;636;
03.03.2025;14:01:42.107;FBTP SI 20250606 PS;SIMPLE_INSTRUMENT;BLOCK;EUR;111;119.50000000;897;PRC_DECOMP_MEMBER;;;;XEUR;11820365;636;MEMBER
03.03.2025;14:01:42.107;FBTP SI 20250306 PS;SIMPLE_INSTRUMENT;BLOCK;EUR;111;119.87000000;897;PRC_DECOMP_MEMBER;;;;XEUR;11286675;636;MEMBER
03.03.2025;14:01:49.554;FBTP.S.MAR25.JUN25.SPD;FUTURES_SPREAD;BLOCK;EUR;112;0.38000000;897;EXCHANGE_LAST;;1;1;XEUR;72060325637128284;636;
03.03.2025;14:01:49.554;FBTP SI 20250306 PS;SIMPLE_INSTRUMENT;BLOCK;EUR;112;119.87000000;897;PRC_DECOMP_MEMBER;;;;XEUR;11286675;636;MEMBER
03.03.2025;14:01:49.554;FBTP SI 20250606 PS;SIMPLE_INSTRUMENT;BLOCK;EUR;112;119.49000000;897;PRC_DECOMP_MEMBER;;;;XEUR;11820365;636;MEMBER
03.03.2025;14:10:24.675;FBTP.S.MAR25.JUN25.SPD;FUTURES_SPREAD;BLOCK;EUR;113;0.38000000;331;EXCHANGE_LAST;;1;1;XEUR;72060325637128284;636;
03.03.2025;14:10:24.675;FBTP SI 20250306 PS;SIMPLE_INSTRUMENT;BLOCK;EUR;113;119.86000000;331;PRC_DECOMP_EXCHANGE;;;;XEUR;11286675;636;EXCHANGE
03.03.2025;14:10:24.675;FBTP SI 20250606 PS;SIMPLE_INSTRUMENT;BLOCK;EUR;113;119.48000000;331;PRC_DECOMP_EXCHANGE;;;;XEUR;11820365;636;EXCHANGE
03.03.2025;14:11:55.617;FBTP.S.MAR25.JUN25.SPD;FUTURES_SPREAD;BLOCK;EUR;114;0.37000000;331;EXCHANGE_LAST;;1;1;XEUR;72060325637128284;636;
03.03.2025;14:11:55.617;FBTP SI 20250306 PS;SIMPLE_INSTRUMENT;BLOCK;EUR;114;119.85000000;331;PRC_DECOMP_EXCHANGE;;;;XEUR;11286675;636;EXCHANGE
03.03.2025;14:11:55.617;FBTP SI 20250606 PS;SIMPLE_INSTRUMENT;BLOCK;EUR;114;119.48000000;331;PRC_DECOMP_EXCHANGE;;;;XEUR;11820365;636;EXCHANGE
03.03.2025;14:12:15.204;FBTP.S.MAR25.JUN25.SPD;FUTURES_SPREAD;BLOCK;EUR;115;0.38000000;1047;EXCHANGE_LAST;;1;1;XEUR;72060325637128284;636;
03.03.2025;14:12:15.204;FBTP SI 20250606 PS;SIMPLE_INSTRUMENT;BLOCK;EUR;115;119.49000000;1047;PRC_DECOMP_MEMBER;;;;XEUR;11820365;636;MEMBER
03.03.2025;14:12:15.204;FBTP SI 20250306 PS;SIMPLE_INSTRUMENT;BLOCK;EUR;115;119.87000000;1047;PRC_DECOMP_MEMBER;;;;XEUR;11286675;636;MEMBER
03.03.2025;14:12:27.412;FBTP.S.MAR25.JUN25.SPD;FUTURES_SPREAD;BLOCK;EUR;116;0.37000000;1047;EXCHANGE_LAST;;1;1;XEUR;72060325637128284;636;
03.03.2025;14:12:27.412;FBTP SI 20250606 PS;SIMPLE_INSTRUMENT;BLOCK;EUR;116;119.50000000;1047;PRC_DECOMP_MEMBER;;;;XEUR;11820365;636;MEMBER
03.03.2025;14:12:27.412;FBTP SI 20250306 PS;SIMPLE_INSTRUMENT;BLOCK;EUR;116;119.87000000;1047;PRC_DECOMP_MEMBER;;;;XEUR;11286675;636;MEMBER
03.03.2025;14:14:48.984;FBTP SI 20250306 PS;SIMPLE_INSTRUMENT;EFP_FIN;EUR;117;119.87000000;582;EXCHANGE_LAST;;1;1;XEUR;11286675;636;
03.03.2025;14:14:57.684;FBTP SI 20250306 PS;SIMPLE_INSTRUMENT;BLOCK;EUR;118;119.87000000;668;EXCHANGE_LAST;;1;1;XEUR;11286675;636;
03.03.2025;14:16:10.491;FBTP SI 20250606 PS;SIMPLE_INSTRUMENT;BLOCK;EUR;119;119.49000000;334;EXCHANGE_LAST;;1;1;XEUR;11820365;636;
03.03.2025;14:16:25.349;FBTP SI 20250606 PS;SIMPLE_INSTRUMENT;BLOCK;EUR;120;119.50000000;334;EXCHANGE_LAST;;1;1;XEUR;11820365;636;
03.03.2025;14:22:56.017;FBTP.S.MAR25.JUN25.SPD;FUTURES_SPREAD;BLOCK;EUR;121;0.37000000;878;EXCHANGE_LAST;;1;1;XEUR;72060325637128284;636;
03.03.2025;14:22:56.017;FBTP SI 20250606 PS;SIMPLE_INSTRUMENT;BLOCK;EUR;121;119.49000000;878;PRC_DECOMP_EXCHANGE;;;;XEUR;11820365;636;EXCHANGE
03.03.2025;14:22:56.017;FBTP SI 20250306 PS;SIMPLE_INSTRUMENT;BLOCK;EUR;121;119.86000000;878;PRC_DECOMP_EXCHANGE;;;;XEUR;11286675;636;EXCHANGE
03.03.2025;14:23:07.307;FBTP.S.MAR25.JUN25.SPD;FUTURES_SPREAD;BLOCK;EUR;122;0.38000000;878;EXCHANGE_LAST;;1;1;XEUR;72060325637128284;636;
03.03.2025;14:23:07.307;FBTP SI 20250306 PS;SIMPLE_INSTRUMENT;BLOCK;EUR;122;119.86000000;878;PRC_DECOMP_EXCHANGE;;;;XEUR;11286675;636;EXCHANGE
03.03.2025;14:23:07.307;FBTP SI 20250606 PS;SIMPLE_INSTRUMENT;BLOCK;EUR;122;119.48000000;878;PRC_DECOMP_EXCHANGE;;;;XEUR;11820365;636;EXCHANGE
03.03.2025;14:24:33.052;FBTP SI 20250306 PS;SIMPLE_INSTRUMENT;BLOCK;EUR;123;119.85000000;623;EXCHANGE_LAST;;1;1;XEUR;11286675;636;
03.03.2025;14:25:02.484;FBTP SI 20250606 PS;SIMPLE_INSTRUMENT;BLOCK;EUR;124;119.47000000;311;EXCHANGE_LAST;;1;1;XEUR;11820365;636;
03.03.2025;14:25:02.506;FBTP SI 20250606 PS;SIMPLE_INSTRUMENT;BLOCK;EUR;125;119.48000000;312;EXCHANGE_LAST;;1;1;XEUR;11820365;636;
03.03.2025;14:32:29.563;FBTP SI 20250306 PS;SIMPLE_INSTRUMENT;BLOCK;EUR;126;119.81000000;2000;EXCHANGE_LAST;;1;1;XEUR;11286675;636;
03.03.2025;14:37:01.843;FBTP SI 20250306 PS;SIMPLE_INSTRUMENT;BLOCK;EUR;128;119.89000000;403;EXCHANGE_LAST;;1;1;XEUR;11286675;636;
03.03.2025;14:36:47.173;FBTP SI 20250306 PS;SIMPLE_INSTRUMENT;EFP_FIN;EUR;129;119.82000000;413;EXCHANGE_LAST;;1;1;XEUR;11286675;636;
03.03.2025;14:36:57.578;FBTP SI 20250606 PS;SIMPLE_INSTRUMENT;BLOCK;EUR;130;119.45000000;1000;EXCHANGE_LAST;;1;1;XEUR;11820365;636;
03.03.2025;14:37:24.580;FBTP SI 20250606 PS;SIMPLE_INSTRUMENT;BLOCK;EUR;131;119.44000000;1000;EXCHANGE_LAST;;1;1;XEUR;11820365;636;
03.03.2025;14:51:11.695;FBTP SI 20250306 PS;SIMPLE_INSTRUMENT;EFP_FIN;EUR;132;119.87000000;249;EXCHANGE_LAST;;1;1;XEUR;11286675;636;
03.03.2025;14:58:42.763;FBTP SI 20250306 PS;SIMPLE_INSTRUMENT;EFP_FIN;EUR;133;119.82000000;398;EXCHANGE_LAST;;1;1;XEUR;11286675;636;
03.03.2025;15:45:40.294;FBTP SI 20250306 PS;SIMPLE_INSTRUMENT;EFP_FIN;EUR;134;120.46000000;138;EXCHANGE_LAST;;1;1;XEUR;11286675;636;
03.03.2025;15:51:29.314;FBTP SI 20250606 PS;SIMPLE_INSTRUMENT;BLOCK;EUR;135;119.43000000;1110;EXCHANGE_LAST;;1;1;XEUR;11820365;636;
03.03.2025;16:29:20.033;FBTP SI 20250306 PS;SIMPLE_INSTRUMENT;EFP_FIN;EUR;136;119.93000000;138;EXCHANGE_LAST;;1;1;XEUR;11286675;636;
03.03.2025;16:31:44.617;FBTP SI 20250306 PS;SIMPLE_INSTRUMENT;EFP_FIN;EUR;137;119.94000000;85;EXCHANGE_LAST;;1;1;XEUR;11286675;636;
03.03.2025;16:45:53.635;FBTP SI 20250606 PS;SIMPLE_INSTRUMENT;BLOCK;EUR;138;119.63000000;442;EXCHANGE_LAST;;1;1;XEUR;11820365;636;
03.03.2025;16:48:33.431;FBTP SI 20250306 PS;SIMPLE_INSTRUMENT;BLOCK;EUR;139;119.99000000;1343;EXCHANGE_LAST;;1;1;XEUR;11286675;636;
03.03.2025;16:49:11.391;FBTP SI 20250606 PS;SIMPLE_INSTRUMENT;EFP_FIN;EUR;140;119.62000000;442;EXCHANGE_LAST;;1;1;XEUR;11820365;636;
03.03.2025;16:50:51.670;FBTP SI 20250606 PS;SIMPLE_INSTRUMENT;EFP_FIN;EUR;141;119.61000000;442;EXCHANGE_LAST;;1;1;XEUR;11820365;636;
03.03.2025;17:12:52.165;FBTP SI 20250606 PS;SIMPLE_INSTRUMENT;EFP_FIN;EUR;142;119.61000000;442;EXCHANGE_LAST;;1;1;XEUR;11820365;636;
03.03.2025;07:59:46.177;FBTS.S.MAR25.JUN25.SPD;FUTURES_SPREAD;BLOCK;EUR;1;0.15000000;1322;EXCHANGE_LAST;;1;1;XEUR;72060338522030172;639;
03.03.2025;07:59:46.177;FBTS SI 20250306 PS;SIMPLE_INSTRUMENT;BLOCK;EUR;1;107.67000000;1322;PRC_DECOMP_EXCHANGE;;;;XEUR;11286677;639;EXCHANGE
03.03.2025;07:59:46.177;FBTS SI 20250606 PS;SIMPLE_INSTRUMENT;BLOCK;EUR;1;107.52000000;1322;PRC_DECOMP_EXCHANGE;;;;XEUR;11820367;639;EXCHANGE
03.03.2025;07:59:51.654;FBTS.S.MAR25.JUN25.SPD;FUTURES_SPREAD;BLOCK;EUR;2;0.16000000;1322;EXCHANGE_LAST;;1;1;XEUR;72060338522030172;639;
03.03.2025;07:59:51.654;FBTS SI 20250606 PS;SIMPLE_INSTRUMENT;BLOCK;EUR;2;107.52000000;1322;PRC_DECOMP_EXCHANGE;;;;XEUR;11820367;639;EXCHANGE
03.03.2025;07:59:51.654;FBTS SI 20250306 PS;SIMPLE_INSTRUMENT;BLOCK;EUR;2;107.68000000;1322;PRC_DECOMP_EXCHANGE;;;;XEUR;11286677;639;EXCHANGE
03.03.2025;08:06:21.693;FBTS SI 20250306 PS;SIMPLE_INSTRUMENT;BLOCK;EUR;4;107.67000000;2000;EXCHANGE_LAST;;1;1;XEUR;11286677;639;
03.03.2025;08:06:55.387;FBTS SI 20250606 PS;SIMPLE_INSTRUMENT;BLOCK;EUR;5;107.51000000;1000;EXCHANGE_LAST;;1;1;XEUR;11820367;639;
03.03.2025;08:06:59.149;FBTS SI 20250606 PS;SIMPLE_INSTRUMENT;BLOCK;EUR;6;107.52000000;1000;EXCHANGE_LAST;;1;1;XEUR;11820367;639;
03.03.2025;08:11:32.511;FBTS.S.MAR25.JUN25.SPD;FUTURES_SPREAD;BLOCK;EUR;7;0.15000000;1250;EXCHANGE_LAST;;1;1;XEUR;72060338522030172;639;
03.03.2025;08:11:32.511;FBTS SI 20250606 PS;SIMPLE_INSTRUMENT;BLOCK;EUR;7;107.52000000;1250;PRC_DECOMP_MEMBER;;;;XEUR;11820367;639;MEMBER
03.03.2025;08:11:32.511;FBTS SI 20250306 PS;SIMPLE_INSTRUMENT;BLOCK;EUR;7;107.67000000;1250;PRC_DECOMP_MEMBER;;;;XEUR;11286677;639;MEMBER
03.03.2025;08:11:42.147;FBTS.S.MAR25.JUN25.SPD;FUTURES_SPREAD;BLOCK;EUR;8;0.16000000;1250;EXCHANGE_LAST;;1;1;XEUR;72060338522030172;639;
03.03.2025;08:11:42.147;FBTS SI 20250306 PS;SIMPLE_INSTRUMENT;BLOCK;EUR;8;107.68000000;1250;PRC_DECOMP_MEMBER;;;;XEUR;11286677;639;MEMBER
03.03.2025;08:11:42.147;FBTS SI 20250606 PS;SIMPLE_INSTRUMENT;BLOCK;EUR;8;107.52000000;1250;PRC_DECOMP_MEMBER;;;;XEUR;11820367;639;MEMBER
03.03.2025;08:12:03.589;FBTS SI 20250306 PS;SIMPLE_INSTRUMENT;BLOCK;EUR;9;107.67000000;3634;EXCHANGE_LAST;;1;1;XEUR;11286677;639;
03.03.2025;08:12:17.954;FBTS SI 20250606 PS;SIMPLE_INSTRUMENT;BLOCK;EUR;10;107.51000000;1817;EXCHANGE_LAST;;1;1;XEUR;11820367;639;
03.03.2025;08:12:22.017;FBTS SI 20250606 PS;SIMPLE_INSTRUMENT;BLOCK;EUR;11;107.52000000;1817;EXCHANGE_LAST;;1;1;XEUR;11820367;639;
03.03.2025;09:06:24.061;FBTS.S.MAR25.JUN25.SPD;FUTURES_SPREAD;BLOCK;EUR;22;0.15000000;343;EXCHANGE_LAST;;1;1;XEUR;72060338522030172;639;
03.03.2025;09:06:24.061;FBTS SI 20250606 PS;SIMPLE_INSTRUMENT;BLOCK;EUR;22;107.56000000;343;PRC_DECOMP_MEMBER;;;;XEUR;11820367;639;MEMBER
03.03.2025;09:06:24.061;FBTS SI 20250306 PS;SIMPLE_INSTRUMENT;BLOCK;EUR;22;107.71000000;343;PRC_DECOMP_MEMBER;;;;XEUR;11286677;639;MEMBER
03.03.2025;09:06:26.769;FBTS.S.MAR25.JUN25.SPD;FUTURES_SPREAD;BLOCK;EUR;24;0.14000000;343;EXCHANGE_LAST;;1;1;XEUR;72060338522030172;639;
03.03.2025;09:06:26.769;FBTS SI 20250606 PS;SIMPLE_INSTRUMENT;BLOCK;EUR;24;107.57000000;343;PRC_DECOMP_MEMBER;;;;XEUR;11820367;639;MEMBER
03.03.2025;09:06:26.769;FBTS SI 20250306 PS;SIMPLE_INSTRUMENT;BLOCK;EUR;24;107.71000000;343;PRC_DECOMP_MEMBER;;;;XEUR;11286677;639;MEMBER
03.03.2025;09:12:51.426;FBTS.S.MAR25.JUN25.SPD;FUTURES_SPREAD;BLOCK;EUR;30;0.14000000;250;EXCHANGE_LAST;;1;1;XEUR;72060338522030172;639;
03.03.2025;09:12:51.426;FBTS SI 20250306 PS;SIMPLE_INSTRUMENT;BLOCK;EUR;30;107.72000000;250;PRC_DECOMP_EXCHANGE;;;;XEUR;11286677;639;EXCHANGE
03.03.2025;09:12:51.426;FBTS SI 20250606 PS;SIMPLE_INSTRUMENT;BLOCK;EUR;30;107.58000000;250;PRC_DECOMP_EXCHANGE;;;;XEUR;11820367;639;EXCHANGE
03.03.2025;09:33:19.161;FBTS SI 20250306 PS;SIMPLE_INSTRUMENT;EFP_FIN;EUR;31;107.71000000;4617;EXCHANGE_LAST;;1;1;XEUR;11286677;639;
03.03.2025;09:33:11.880;FBTS SI 20250306 PS;SIMPLE_INSTRUMENT;EFP_FIN;EUR;32;107.71000000;1000;EXCHANGE_LAST;;1;1;XEUR;11286677;639;
03.03.2025;09:39:36.176;FBTS.S.MAR25.JUN25.SPD;FUTURES_SPREAD;BLOCK;EUR;39;0.14000000;500;EXCHANGE_LAST;;1;1;XEUR;72060338522030172;639;
03.03.2025;09:39:36.176;FBTS SI 20250306 PS;SIMPLE_INSTRUMENT;BLOCK;EUR;39;107.68000000;500;PRC_DECOMP_EXCHANGE;;;;XEUR;11286677;639;EXCHANGE
03.03.2025;09:39:36.176;FBTS SI 20250606 PS;SIMPLE_INSTRUMENT;BLOCK;EUR;39;107.54000000;500;PRC_DECOMP_EXCHANGE;;;;XEUR;11820367;639;EXCHANGE
03.03.2025;09:39:20.175;FBTS.S.MAR25.JUN25.SPD;FUTURES_SPREAD;BLOCK;EUR;40;0.15000000;500;EXCHANGE_LAST;;1;1;XEUR;72060338522030172;639;
03.03.2025;09:39:20.175;FBTS SI 20250306 PS;SIMPLE_INSTRUMENT;BLOCK;EUR;40;107.69000000;500;PRC_DECOMP_EXCHANGE;;;;XEUR;11286677;639;EXCHANGE
03.03.2025;09:39:20.175;FBTS SI 20250606 PS;SIMPLE_INSTRUMENT;BLOCK;EUR;40;107.54000000;500;PRC_DECOMP_EXCHANGE;;;;XEUR;11820367;639;EXCHANGE
03.03.2025;09:51:33.214;FBTS.S.MAR25.JUN25.SPD;FUTURES_SPREAD;BLOCK;EUR;41;0.15000000;508;EXCHANGE_LAST;;1;1;XEUR;72060338522030172;639;
03.03.2025;09:51:33.214;FBTS SI 20250606 PS;SIMPLE_INSTRUMENT;BLOCK;EUR;41;107.54000000;508;PRC_DECOMP_EXCHANGE;;;;XEUR;11820367;639;EXCHANGE
03.03.2025;09:51:33.214;FBTS SI 20250306 PS;SIMPLE_INSTRUMENT;BLOCK;EUR;41;107.69000000;508;PRC_DECOMP_EXCHANGE;;;;XEUR;11286677;639;EXCHANGE
03.03.2025;09:51:21.214;FBTS.S.MAR25.JUN25.SPD;FUTURES_SPREAD;BLOCK;EUR;42;0.14000000;509;EXCHANGE_LAST;;1;1;XEUR;72060338522030172;639;
03.03.2025;09:51:21.214;FBTS SI 20250306 PS;SIMPLE_INSTRUMENT;BLOCK;EUR;42;107.68000000;509;PRC_DECOMP_EXCHANGE;;;;XEUR;11286677;639;EXCHANGE
03.03.2025;09:51:21.214;FBTS SI 20250606 PS;SIMPLE_INSTRUMENT;BLOCK;EUR;42;107.54000000;509;PRC_DECOMP_EXCHANGE;;;;XEUR;11820367;639;EXCHANGE
03.03.2025;09:56:42.032;FBTS.S.MAR25.JUN25.SPD;FUTURES_SPREAD;BLOCK;EUR;46;0.14000000;2500;EXCHANGE_LAST;;1;1;XEUR;72060338522030172;639;
03.03.2025;09:56:42.032;FBTS SI 20250606 PS;SIMPLE_INSTRUMENT;BLOCK;EUR;46;107.53000000;2500;PRC_DECOMP_MEMBER;;;;XEUR;11820367;639;MEMBER
03.03.2025;09:56:42.032;FBTS SI 20250306 PS;SIMPLE_INSTRUMENT;BLOCK;EUR;46;107.67000000;2500;PRC_DECOMP_MEMBER;;;;XEUR;11286677;639;MEMBER
03.03.2025;09:57:12.782;FBTS.S.MAR25.JUN25.SPD;FUTURES_SPREAD;BLOCK;EUR;47;0.15000000;2500;EXCHANGE_LAST;;1;1;XEUR;72060338522030172;639;
03.03.2025;09:57:12.782;FBTS SI 20250306 PS;SIMPLE_INSTRUMENT;BLOCK;EUR;47;107.68000000;2500;PRC_DECOMP_MEMBER;;;;XEUR;11286677;639;MEMBER
03.03.2025;09:57:12.782;FBTS SI 20250606 PS;SIMPLE_INSTRUMENT;BLOCK;EUR;47;107.53000000;2500;PRC_DECOMP_MEMBER;;;;XEUR;11820367;639;MEMBER
03.03.2025;09:57:52.988;FBTS.S.MAR25.JUN25.SPD;FUTURES_SPREAD;BLOCK;EUR;48;0.15000000;500;EXCHANGE_LAST;;1;1;XEUR;72060338522030172;639;
03.03.2025;09:57:52.988;FBTS SI 20250606 PS;SIMPLE_INSTRUMENT;BLOCK;EUR;48;107.53000000;500;PRC_DECOMP_MEMBER;;;;XEUR;11820367;639;MEMBER
03.03.2025;09:57:52.988;FBTS SI 20250306 PS;SIMPLE_INSTRUMENT;BLOCK;EUR;48;107.68000000;500;PRC_DECOMP_MEMBER;;;;XEUR;11286677;639;MEMBER
03.03.2025;09:58:01.596;FBTS.S.MAR25.JUN25.SPD;FUTURES_SPREAD;BLOCK;EUR;49;0.14000000;500;EXCHANGE_LAST;;1;1;XEUR;72060338522030172;639;
03.03.2025;09:58:01.596;FBTS SI 20250606 PS;SIMPLE_INSTRUMENT;BLOCK;EUR;49;107.53000000;500;PRC_DECOMP_MEMBER;;;;XEUR;11820367;639;MEMBER
03.03.2025;09:58:01.596;FBTS SI 20250306 PS;SIMPLE_INSTRUMENT;BLOCK;EUR;49;107.67000000;500;PRC_DECOMP_MEMBER;;;;XEUR;11286677;639;MEMBER
03.03.2025;10:07:51.868;FBTS.S.MAR25.JUN25.SPD;FUTURES_SPREAD;BLOCK;EUR;51;0.15000000;264;EXCHANGE_LAST;;1;1;XEUR;72060338522030172;639;
03.03.2025;10:07:51.868;FBTS SI 20250606 PS;SIMPLE_INSTRUMENT;BLOCK;EUR;51;107.52000000;264;PRC_DECOMP_EXCHANGE;;;;XEUR;11820367;639;EXCHANGE
03.03.2025;10:07:51.868;FBTS SI 20250306 PS;SIMPLE_INSTRUMENT;BLOCK;EUR;51;107.67000000;264;PRC_DECOMP_EXCHANGE;;;;XEUR;11286677;639;EXCHANGE
03.03.2025;10:08:01.888;FBTS.S.MAR25.JUN25.SPD;FUTURES_SPREAD;BLOCK;EUR;53;0.14000000;264;EXCHANGE_LAST;;1;1;XEUR;72060338522030172;639;
03.03.2025;10:08:01.888;FBTS SI 20250606 PS;SIMPLE_INSTRUMENT;BLOCK;EUR;53;107.52000000;264;PRC_DECOMP_EXCHANGE;;;;XEUR;11820367;639;EXCHANGE
03.03.2025;10:08:01.888;FBTS SI 20250306 PS;SIMPLE_INSTRUMENT;BLOCK;EUR;53;107.66000000;264;PRC_DECOMP_EXCHANGE;;;;XEUR;11286677;639;EXCHANGE
03.03.2025;10:21:59.610;FBTS SI 20250306 PS;SIMPLE_INSTRUMENT;BLOCK;EUR;63;107.70000000;710;EXCHANGE_LAST;;1;1;XEUR;11286677;639;
03.03.2025;10:33:18.702;FBTS.S.MAR25.JUN25.SPD;FUTURES_SPREAD;BLOCK;EUR;66;0.14000000;1049;EXCHANGE_LAST;;1;1;XEUR;72060338522030172;639;
03.03.2025;10:33:18.702;FBTS SI 20250606 PS;SIMPLE_INSTRUMENT;BLOCK;EUR;66;107.49000000;1049;PRC_DECOMP_EXCHANGE;;;;XEUR;11820367;639;EXCHANGE
03.03.2025;10:33:18.702;FBTS SI 20250306 PS;SIMPLE_INSTRUMENT;BLOCK;EUR;66;107.63000000;1049;PRC_DECOMP_EXCHANGE;;;;XEUR;11286677;639;EXCHANGE
03.03.2025;10:33:02.051;FBTS.S.MAR25.JUN25.SPD;FUTURES_SPREAD;BLOCK;EUR;67;0.15000000;1049;EXCHANGE_LAST;;1;1;XEUR;72060338522030172;639;
03.03.2025;10:33:02.051;FBTS SI 20250306 PS;SIMPLE_INSTRUMENT;BLOCK;EUR;67;107.64000000;1049;PRC_DECOMP_EXCHANGE;;;;XEUR;11286677;639;EXCHANGE
03.03.2025;10:33:02.051;FBTS SI 20250606 PS;SIMPLE_INSTRUMENT;BLOCK;EUR;67;107.49000000;1049;PRC_DECOMP_EXCHANGE;;;;XEUR;11820367;639;EXCHANGE
03.03.2025;10:28:10.249;FBTS.S.MAR25.JUN25.SPD;FUTURES_SPREAD;BLOCK;EUR;68;0.14000000;1000;EXCHANGE_LAST;;1;1;XEUR;72060338522030172;639;
03.03.2025;10:28:10.249;FBTS SI 20250306 PS;SIMPLE_INSTRUMENT;BLOCK;EUR;68;107.64000000;1000;PRC_DECOMP_MEMBER;;;;XEUR;11286677;639;MEMBER
03.03.2025;10:28:10.249;FBTS SI 20250606 PS;SIMPLE_INSTRUMENT;BLOCK;EUR;68;107.50000000;1000;PRC_DECOMP_MEMBER;;;;XEUR;11820367;639;MEMBER
03.03.2025;10:28:17.240;FBTS.S.MAR25.JUN25.SPD;FUTURES_SPREAD;BLOCK;EUR;69;0.15000000;1000;EXCHANGE_LAST;;1;1;XEUR;72060338522030172;639;
03.03.2025;10:28:17.240;FBTS SI 20250606 PS;SIMPLE_INSTRUMENT;BLOCK;EUR;69;107.50000000;1000;PRC_DECOMP_MEMBER;;;;XEUR;11820367;639;MEMBER
03.03.2025;10:28:17.240;FBTS SI 20250306 PS;SIMPLE_INSTRUMENT;BLOCK;EUR;69;107.65000000;1000;PRC_DECOMP_MEMBER;;;;XEUR;11286677;639;MEMBER
03.03.2025;10:30:41.717;FBTS.S.MAR25.JUN25.SPD;FUTURES_SPREAD;BLOCK;EUR;71;0.15000000;2207;EXCHANGE_LAST;;1;1;XEUR;72060338522030172;639;
03.03.2025;10:30:41.717;FBTS SI 20250306 PS;SIMPLE_INSTRUMENT;BLOCK;EUR;71;107.65000000;2207;PRC_DECOMP_EXCHANGE;;;;XEUR;11286677;639;EXCHANGE
03.03.2025;10:30:41.717;FBTS SI 20250606 PS;SIMPLE_INSTRUMENT;BLOCK;EUR;71;107.50000000;2207;PRC_DECOMP_EXCHANGE;;;;XEUR;11820367;639;EXCHANGE
03.03.2025;10:33:06.991;FBTS SI 20250306 PS;SIMPLE_INSTRUMENT;BLOCK;EUR;72;107.65000000;751;EXCHANGE_LAST;;1;1;XEUR;11286677;639;
03.03.2025;10:33:56.230;FBTS SI 20250606 PS;SIMPLE_INSTRUMENT;BLOCK;EUR;73;107.50000000;375;EXCHANGE_LAST;;1;1;XEUR;11820367;639;
03.03.2025;10:34:12.324;FBTS SI 20250606 PS;SIMPLE_INSTRUMENT;BLOCK;EUR;74;107.51000000;376;EXCHANGE_LAST;;1;1;XEUR;11820367;639;
03.03.2025;10:38:52.171;FBTS SI 20250306 PS;SIMPLE_INSTRUMENT;BLOCK;EUR;78;107.65000000;10000;EXCHANGE_LAST;;1;1;XEUR;11286677;639;
03.03.2025;10:40:15.766;FBTS SI 20250306 PS;SIMPLE_INSTRUMENT;BLOCK;EUR;81;107.65000000;1500;EXCHANGE_LAST;;1;1;XEUR;11286677;639;
03.03.2025;10:40:29.956;FBTS SI 20250606 PS;SIMPLE_INSTRUMENT;BLOCK;EUR;82;107.50000000;750;EXCHANGE_LAST;;1;1;XEUR;11820367;639;
03.03.2025;10:40:34.505;FBTS SI 20250606 PS;SIMPLE_INSTRUMENT;BLOCK;EUR;83;107.50000000;5000;EXCHANGE_LAST;;1;1;XEUR;11820367;639;
03.03.2025;10:40:34.550;FBTS SI 20250606 PS;SIMPLE_INSTRUMENT;BLOCK;EUR;84;107.51000000;5000;EXCHANGE_LAST;;1;1;XEUR;11820367;639;
03.03.2025;10:40:37.433;FBTS SI 20250606 PS;SIMPLE_INSTRUMENT;BLOCK;EUR;85;107.51000000;750;EXCHANGE_LAST;;1;1;XEUR;11820367;639;
03.03.2025;10:41:09.448;FBTS SI 20250306 PS;SIMPLE_INSTRUMENT;BLOCK;EUR;86;107.64000000;1457;EXCHANGE_LAST;;1;1;XEUR;11286677;639;
03.03.2025;10:41:39.712;FBTS SI 20250606 PS;SIMPLE_INSTRUMENT;BLOCK;EUR;87;107.49000000;729;EXCHANGE_LAST;;1;1;XEUR;11820367;639;
03.03.2025;10:41:50.824;FBTS SI 20250606 PS;SIMPLE_INSTRUMENT;BLOCK;EUR;88;107.50000000;728;EXCHANGE_LAST;;1;1;XEUR;11820367;639;
03.03.2025;10:41:57.393;FBTS SI 20250306 PS;SIMPLE_INSTRUMENT;BLOCK;EUR;89;107.67000000;695;EXCHANGE_LAST;;1;1;XEUR;11286677;639;
03.03.2025;10:42:42.324;FBTS SI 20250606 PS;SIMPLE_INSTRUMENT;BLOCK;EUR;90;107.52000000;347;EXCHANGE_LAST;;1;1;XEUR;11820367;639;
03.03.2025;10:43:05.295;FBTS SI 20250606 PS;SIMPLE_INSTRUMENT;BLOCK;EUR;91;107.53000000;348;EXCHANGE_LAST;;1;1;XEUR;11820367;639;
03.03.2025;10:45:28.070;FBTS SI 20250306 PS;SIMPLE_INSTRUMENT;BLOCK;EUR;97;107.65000000;2136;EXCHANGE_LAST;;1;1;XEUR;11286677;639;
03.03.2025;10:46:10.801;FBTS SI 20250606 PS;SIMPLE_INSTRUMENT;BLOCK;EUR;98;107.50000000;1068;EXCHANGE_LAST;;1;1;XEUR;11820367;639;
03.03.2025;10:46:10.821;FBTS SI 20250606 PS;SIMPLE_INSTRUMENT;BLOCK;EUR;99;107.51000000;1068;EXCHANGE_LAST;;1;1;XEUR;11820367;639;
03.03.2025;10:46:36.275;FBTS.S.MAR25.JUN25.SPD;FUTURES_SPREAD;BLOCK;EUR;100;0.15000000;1000;EXCHANGE_LAST;;1;1;XEUR;72060338522030172;639;
03.03.2025;10:46:36.275;FBTS SI 20250306 PS;SIMPLE_INSTRUMENT;BLOCK;EUR;100;107.64000000;1000;PRC_DECOMP_MEMBER;;;;XEUR;11286677;639;MEMBER
03.03.2025;10:46:36.275;FBTS SI 20250606 PS;SIMPLE_INSTRUMENT;BLOCK;EUR;100;107.49000000;1000;PRC_DECOMP_MEMBER;;;;XEUR;11820367;639;MEMBER
03.03.2025;10:46:43.987;FBTS.S.MAR25.JUN25.SPD;FUTURES_SPREAD;BLOCK;EUR;101;0.14000000;1000;EXCHANGE_LAST;;1;1;XEUR;72060338522030172;639;
03.03.2025;10:46:43.987;FBTS SI 20250606 PS;SIMPLE_INSTRUMENT;BLOCK;EUR;101;107.50000000;1000;PRC_DECOMP_MEMBER;;;;XEUR;11820367;639;MEMBER
03.03.2025;10:46:43.987;FBTS SI 20250306 PS;SIMPLE_INSTRUMENT;BLOCK;EUR;101;107.64000000;1000;PRC_DECOMP_MEMBER;;;;XEUR;11286677;639;MEMBER
03.03.2025;11:01:59.627;FBTS SI 20250306 PS;SIMPLE_INSTRUMENT;BLOCK;EUR;114;107.63000000;1475;EXCHANGE_LAST;;1;1;XEUR;11286677;639;
03.03.2025;11:02:59.978;FBTS SI 20250606 PS;SIMPLE_INSTRUMENT;BLOCK;EUR;115;107.48000000;737;EXCHANGE_LAST;;1;1;XEUR;11820367;639;
03.03.2025;11:02:59.996;FBTS SI 20250606 PS;SIMPLE_INSTRUMENT;BLOCK;EUR;116;107.49000000;738;EXCHANGE_LAST;;1;1;XEUR;11820367;639;
03.03.2025;11:22:25.221;FBTS SI 20250306 PS;SIMPLE_INSTRUMENT;EFP_FIN;EUR;120;107.63000000;454;EXCHANGE_LAST;;1;1;XEUR;11286677;639;
03.03.2025;11:25:38.629;FBTS SI 20250306 PS;SIMPLE_INSTRUMENT;EFP_FIN;EUR;122;107.63000000;454;EXCHANGE_LAST;;1;1;XEUR;11286677;639;
03.03.2025;11:27:08.523;FBTS SI 20250306 PS;SIMPLE_INSTRUMENT;BLOCK;EUR;123;107.62000000;454;EXCHANGE_LAST;;1;1;XEUR;11286677;639;
03.03.2025;11:36:51.192;FBTS SI 20250306 PS;SIMPLE_INSTRUMENT;EFP_FIN;EUR;128;107.64000000;1044;EXCHANGE_LAST;;1;1;XEUR;11286677;639;
03.03.2025;11:45:12.475;FBTS SI 20250606 PS;SIMPLE_INSTRUMENT;BLOCK;EUR;139;107.49000000;952;EXCHANGE_LAST;;1;1;XEUR;11820367;639;
03.03.2025;11:53:13.476;FBTS SI 20250306 PS;SIMPLE_INSTRUMENT;EFP_FIN;EUR;144;107.61000000;975;EXCHANGE_LAST;;1;1;XEUR;11286677;639;
03.03.2025;11:59:07.713;FBTS SI 20250306 PS;SIMPLE_INSTRUMENT;BLOCK;EUR;147;107.59000000;2689;EXCHANGE_LAST;;1;1;XEUR;11286677;639;
03.03.2025;11:59:52.873;FBTS SI 20250606 PS;SIMPLE_INSTRUMENT;BLOCK;EUR;148;107.46000000;2416;EXCHANGE_LAST;;1;1;XEUR;11820367;639;
03.03.2025;12:02:17.725;FBTS SI 20250306 PS;SIMPLE_INSTRUMENT;BLOCK;EUR;149;107.60000000;1480;EXCHANGE_LAST;;1;1;XEUR;11286677;639;
03.03.2025;12:02:39.242;FBTS SI 20250606 PS;SIMPLE_INSTRUMENT;BLOCK;EUR;150;107.46000000;664;EXCHANGE_LAST;;1;1;XEUR;11820367;639;
03.03.2025;12:04:31.596;FBTS SI 20250606 PS;SIMPLE_INSTRUMENT;BLOCK;EUR;152;107.47000000;665;EXCHANGE_LAST;;1;1;XEUR;11820367;639;
03.03.2025;12:08:19.594;FBTS SI 20250306 PS;SIMPLE_INSTRUMENT;EFP_FIN;EUR;154;107.61000000;1813;EXCHANGE_LAST;;1;1;XEUR;11286677;639;
03.03.2025;12:09:09.703;FBTS SI 20250306 PS;SIMPLE_INSTRUMENT;BLOCK;EUR;155;107.59000000;2778;EXCHANGE_LAST;;1;1;XEUR;11286677;639;
03.03.2025;12:09:30.204;FBTS SI 20250606 PS;SIMPLE_INSTRUMENT;BLOCK;EUR;156;107.46000000;1250;EXCHANGE_LAST;;1;1;XEUR;11820367;639;
03.03.2025;12:09:40.825;FBTS SI 20250606 PS;SIMPLE_INSTRUMENT;BLOCK;EUR;157;107.45000000;1250;EXCHANGE_LAST;;1;1;XEUR;11820367;639;
03.03.2025;12:15:10.380;FBTS SI 20250606 PS;SIMPLE_INSTRUMENT;EFP_FIN;EUR;166;107.45000000;904;EXCHANGE_LAST;;1;1;XEUR;11820367;639;
03.03.2025;12:22:26.109;FBTS SI 20250606 PS;SIMPLE_INSTRUMENT;EFP_FIN;EUR;169;107.45000000;286;EXCHANGE_LAST;;1;1;XEUR;11820367;639;
03.03.2025;12:28:39.142;FBTS SI 20250306 PS;SIMPLE_INSTRUMENT;BLOCK;EUR;171;107.60000000;2500;EXCHANGE_LAST;;1;1;XEUR;11286677;639;
03.03.2025;12:29:13.189;FBTS SI 20250306 PS;SIMPLE_INSTRUMENT;BLOCK;EUR;172;107.60000000;1500;EXCHANGE_LAST;;1;1;XEUR;11286677;639;
03.03.2025;12:34:02.171;FBTS.S.MAR25.JUN25.SPD;FUTURES_SPREAD;BLOCK;EUR;173;0.13000000;1409;EXCHANGE_LAST;;1;1;XEUR;72060338522030172;639;
03.03.2025;12:34:02.171;FBTS SI 20250606 PS;SIMPLE_INSTRUMENT;BLOCK;EUR;173;107.47000000;1409;PRC_DECOMP_MEMBER;;;;XEUR;11820367;639;MEMBER
03.03.2025;12:34:02.171;FBTS SI 20250306 PS;SIMPLE_INSTRUMENT;BLOCK;EUR;173;107.60000000;1409;PRC_DECOMP_MEMBER;;;;XEUR;11286677;639;MEMBER
03.03.2025;12:34:11.362;FBTS.S.MAR25.JUN25.SPD;FUTURES_SPREAD;BLOCK;EUR;174;0.14000000;1409;EXCHANGE_LAST;;1;1;XEUR;72060338522030172;639;
03.03.2025;12:34:11.362;FBTS SI 20250606 PS;SIMPLE_INSTRUMENT;BLOCK;EUR;174;107.46000000;1409;PRC_DECOMP_MEMBER;;;;XEUR;11820367;639;MEMBER
03.03.2025;12:34:11.362;FBTS SI 20250306 PS;SIMPLE_INSTRUMENT;BLOCK;EUR;174;107.60000000;1409;PRC_DECOMP_MEMBER;;;;XEUR;11286677;639;MEMBER
03.03.2025;12:30:37.603;FBTS SI 20250606 PS;SIMPLE_INSTRUMENT;BLOCK;EUR;175;107.46000000;1250;EXCHANGE_LAST;;1;1;XEUR;11820367;639;
03.03.2025;12:30:37.620;FBTS SI 20250606 PS;SIMPLE_INSTRUMENT;BLOCK;EUR;176;107.47000000;1250;EXCHANGE_LAST;;1;1;XEUR;11820367;639;
03.03.2025;12:31:18.924;FBTS SI 20250606 PS;SIMPLE_INSTRUMENT;BLOCK;EUR;177;107.46000000;750;EXCHANGE_LAST;;1;1;XEUR;11820367;639;
03.03.2025;12:31:18.945;FBTS SI 20250606 PS;SIMPLE_INSTRUMENT;BLOCK;EUR;178;107.47000000;750;EXCHANGE_LAST;;1;1;XEUR;11820367;639;
03.03.2025;12:38:56.204;FBTS SI 20250306 PS;SIMPLE_INSTRUMENT;EFP_FIN;EUR;179;107.59000000;2778;EXCHANGE_LAST;;1;1;XEUR;11286677;639;
03.03.2025;12:42:12.659;FBTS SI 20250306 PS;SIMPLE_INSTRUMENT;BLOCK;EUR;180;107.60000000;596;EXCHANGE_LAST;;1;1;XEUR;11286677;639;
03.03.2025;12:42:36.402;FBTS SI 20250306 PS;SIMPLE_INSTRUMENT;BLOCK;EUR;181;107.60000000;508;EXCHANGE_LAST;;1;1;XEUR;11286677;639;
03.03.2025;12:43:06.668;FBTS SI 20250606 PS;SIMPLE_INSTRUMENT;BLOCK;EUR;183;107.47000000;534;EXCHANGE_LAST;;1;1;XEUR;11820367;639;
03.03.2025;12:51:53.250;FBTS SI 20250606 PS;SIMPLE_INSTRUMENT;EFP_FIN;EUR;187;107.46000000;1428;EXCHANGE_LAST;;1;1;XEUR;11820367;639;
03.03.2025;12:54:46.621;FBTS SI 20250306 PS;SIMPLE_INSTRUMENT;EFP_FIN;EUR;189;107.59000000;962;EXCHANGE_LAST;;1;1;XEUR;11286677;639;
03.03.2025;12:56:42.039;FBTS SI 20250306 PS;SIMPLE_INSTRUMENT;EFP_FIN;EUR;191;107.59000000;454;EXCHANGE_LAST;;1;1;XEUR;11286677;639;
03.03.2025;13:14:52.884;FBTS SI 20250606 PS;SIMPLE_INSTRUMENT;BLOCK;EUR;199;107.46000000;543;EXCHANGE_LAST;;1;1;XEUR;11820367;639;
03.03.2025;13:16:44.438;FBTS SI 20250606 PS;SIMPLE_INSTRUMENT;BLOCK;EUR;200;107.46000000;684;EXCHANGE_LAST;;1;1;XEUR;11820367;639;
03.03.2025;13:18:16.540;FBTS SI 20250606 PS;SIMPLE_INSTRUMENT;BLOCK;EUR;201;107.46000000;885;EXCHANGE_LAST;;1;1;XEUR;11820367;639;
03.03.2025;13:23:18.316;FBTS SI 20250306 PS;SIMPLE_INSTRUMENT;BLOCK;EUR;203;107.60000000;2500;EXCHANGE_LAST;;1;1;XEUR;11286677;639;
03.03.2025;13:23:52.067;FBTS SI 20250606 PS;SIMPLE_INSTRUMENT;BLOCK;EUR;204;107.45000000;1250;EXCHANGE_LAST;;1;1;XEUR;11820367;639;
03.03.2025;13:23:52.111;FBTS SI 20250606 PS;SIMPLE_INSTRUMENT;BLOCK;EUR;205;107.46000000;1250;EXCHANGE_LAST;;1;1;XEUR;11820367;639;
03.03.2025;13:34:55.475;FBTS.S.MAR25.JUN25.SPD;FUTURES_SPREAD;BLOCK;EUR;206;0.15000000;1574;EXCHANGE_LAST;;1;1;XEUR;72060338522030172;639;
03.03.2025;13:34:55.475;FBTS SI 20250606 PS;SIMPLE_INSTRUMENT;BLOCK;EUR;206;107.41000000;1574;PRC_DECOMP_MEMBER;;;;XEUR;11820367;639;MEMBER
03.03.2025;13:34:55.475;FBTS SI 20250306 PS;SIMPLE_INSTRUMENT;BLOCK;EUR;206;107.56000000;1574;PRC_DECOMP_MEMBER;;;;XEUR;11286677;639;MEMBER
03.03.2025;13:35:25.170;FBTS.S.MAR25.JUN25.SPD;FUTURES_SPREAD;BLOCK;EUR;207;0.14000000;1574;EXCHANGE_LAST;;1;1;XEUR;72060338522030172;639;
03.03.2025;13:35:25.170;FBTS SI 20250606 PS;SIMPLE_INSTRUMENT;BLOCK;EUR;207;107.42000000;1574;PRC_DECOMP_MEMBER;;;;XEUR;11820367;639;MEMBER
03.03.2025;13:35:25.170;FBTS SI 20250306 PS;SIMPLE_INSTRUMENT;BLOCK;EUR;207;107.56000000;1574;PRC_DECOMP_MEMBER;;;;XEUR;11286677;639;MEMBER
03.03.2025;13:58:59.006;FBTS SI 20250306 PS;SIMPLE_INSTRUMENT;BLOCK;EUR;209;107.56000000;4442;EXCHANGE_LAST;;1;1;XEUR;11286677;639;
03.03.2025;13:59:52.313;FBTS SI 20250606 PS;SIMPLE_INSTRUMENT;BLOCK;EUR;210;107.41000000;2221;EXCHANGE_LAST;;1;1;XEUR;11820367;639;
03.03.2025;13:59:52.342;FBTS SI 20250606 PS;SIMPLE_INSTRUMENT;BLOCK;EUR;211;107.42000000;2221;EXCHANGE_LAST;;1;1;XEUR;11820367;639;
03.03.2025;14:01:29.021;FBTS SI 20250306 PS;SIMPLE_INSTRUMENT;EFP_FIN;EUR;212;107.56000000;874;EXCHANGE_LAST;;1;1;XEUR;11286677;639;
03.03.2025;14:03:16.427;FBTS SI 20250306 PS;SIMPLE_INSTRUMENT;EFP_FIN;EUR;216;107.56000000;974;EXCHANGE_LAST;;1;1;XEUR;11286677;639;
03.03.2025;14:09:24.597;FBTS SI 20250306 PS;SIMPLE_INSTRUMENT;BLOCK;EUR;220;107.55000000;2834;EXCHANGE_LAST;;1;1;XEUR;11286677;639;
03.03.2025;14:10:07.304;FBTS SI 20250606 PS;SIMPLE_INSTRUMENT;BLOCK;EUR;221;107.40000000;1417;EXCHANGE_LAST;;1;1;XEUR;11820367;639;
03.03.2025;14:10:07.325;FBTS SI 20250606 PS;SIMPLE_INSTRUMENT;BLOCK;EUR;222;107.41000000;1417;EXCHANGE_LAST;;1;1;XEUR;11820367;639;
03.03.2025;14:10:45.491;FBTS SI 20250306 PS;SIMPLE_INSTRUMENT;BLOCK;EUR;224;107.55000000;792;EXCHANGE_LAST;;1;1;XEUR;11286677;639;
03.03.2025;14:12:24.497;FBTS SI 20250606 PS;SIMPLE_INSTRUMENT;BLOCK;EUR;225;107.41000000;352;EXCHANGE_LAST;;1;1;XEUR;11820367;639;
03.03.2025;14:13:05.500;FBTS SI 20250606 PS;SIMPLE_INSTRUMENT;BLOCK;EUR;228;107.40000000;352;EXCHANGE_LAST;;1;1;XEUR;11820367;639;
03.03.2025;14:18:36.460;FBTS SI 20250306 PS;SIMPLE_INSTRUMENT;EFP_FIN;EUR;232;107.55000000;908;EXCHANGE_LAST;;1;1;XEUR;11286677;639;
03.03.2025;14:19:56.464;FBTS SI 20250306 PS;SIMPLE_INSTRUMENT;EFP_FIN;EUR;233;107.56000000;490;EXCHANGE_LAST;;1;1;XEUR;11286677;639;
03.03.2025;14:33:16.900;FBTS SI 20250606 PS;SIMPLE_INSTRUMENT;EFP_FIN;EUR;241;107.42000000;143;EXCHANGE_LAST;;1;1;XEUR;11820367;639;
03.03.2025;14:39:08.557;FBTS SI 20250306 PS;SIMPLE_INSTRUMENT;BLOCK;EUR;243;107.60000000;3500;EXCHANGE_LAST;;1;1;XEUR;11286677;639;
03.03.2025;14:39:34.600;FBTS SI 20250606 PS;SIMPLE_INSTRUMENT;BLOCK;EUR;244;107.46000000;1750;EXCHANGE_LAST;;1;1;XEUR;11820367;639;
03.03.2025;14:39:34.620;FBTS SI 20250606 PS;SIMPLE_INSTRUMENT;BLOCK;EUR;245;107.47000000;1750;EXCHANGE_LAST;;1;1;XEUR;11820367;639;
03.03.2025;14:40:06.525;FBTS SI 20250306 PS;SIMPLE_INSTRUMENT;EFP_FIN;EUR;246;107.53000000;500;EXCHANGE_LAST;;1;1;XEUR;11286677;639;
03.03.2025;14:45:18.041;FBTS SI 20250306 PS;SIMPLE_INSTRUMENT;EFP_FIN;EUR;250;107.57000000;531;EXCHANGE_LAST;;1;1;XEUR;11286677;639;
03.03.2025;14:58:40.695;FBTS.S.MAR25.JUN25.SPD;FUTURES_SPREAD;BLOCK;EUR;255;0.13000000;1093;EXCHANGE_LAST;;1;1;XEUR;72060338522030172;639;
03.03.2025;14:58:40.695;FBTS SI 20250606 PS;SIMPLE_INSTRUMENT;BLOCK;EUR;255;107.41000000;1093;PRC_DECOMP_EXCHANGE;;;;XEUR;11820367;639;EXCHANGE
03.03.2025;14:58:40.695;FBTS SI 20250306 PS;SIMPLE_INSTRUMENT;BLOCK;EUR;255;107.54000000;1093;PRC_DECOMP_EXCHANGE;;;;XEUR;11286677;639;EXCHANGE
03.03.2025;14:58:47.115;FBTS.S.MAR25.JUN25.SPD;FUTURES_SPREAD;BLOCK;EUR;256;0.14000000;1093;EXCHANGE_LAST;;1;1;XEUR;72060338522030172;639;
03.03.2025;14:58:47.115;FBTS SI 20250606 PS;SIMPLE_INSTRUMENT;BLOCK;EUR;256;107.41000000;1093;PRC_DECOMP_EXCHANGE;;;;XEUR;11820367;639;EXCHANGE
03.03.2025;14:58:47.115;FBTS SI 20250306 PS;SIMPLE_INSTRUMENT;BLOCK;EUR;256;107.55000000;1093;PRC_DECOMP_EXCHANGE;;;;XEUR;11286677;639;EXCHANGE
03.03.2025;15:05:15.838;FBTS SI 20250306 PS;SIMPLE_INSTRUMENT;EFP_FIN;EUR;259;107.56000000;874;EXCHANGE_LAST;;1;1;XEUR;11286677;639;
03.03.2025;15:09:20.800;FBTS.S.MAR25.JUN25.SPD;FUTURES_SPREAD;BLOCK;EUR;262;0.14000000;220;EXCHANGE_LAST;;1;1;XEUR;72060338522030172;639;
03.03.2025;15:09:20.800;FBTS SI 20250306 PS;SIMPLE_INSTRUMENT;BLOCK;EUR;262;107.57000000;220;PRC_DECOMP_MEMBER;;;;XEUR;11286677;639;MEMBER
03.03.2025;15:09:20.800;FBTS SI 20250606 PS;SIMPLE_INSTRUMENT;BLOCK;EUR;262;107.43000000;220;PRC_DECOMP_MEMBER;;;;XEUR;11820367;639;MEMBER
03.03.2025;15:09:23.753;FBTS SI 20250306 PS;SIMPLE_INSTRUMENT;BLOCK;EUR;263;107.56000000;1578;EXCHANGE_LAST;;1;1;XEUR;11286677;639;
03.03.2025;15:10:22.347;FBTS SI 20250306 PS;SIMPLE_INSTRUMENT;EFP_FIN;EUR;264;107.56000000;874;EXCHANGE_LAST;;1;1;XEUR;11286677;639;
03.03.2025;15:14:17.292;FBTS SI 20250606 PS;SIMPLE_INSTRUMENT;BLOCK;EUR;267;107.42000000;789;EXCHANGE_LAST;;1;1;XEUR;11820367;639;
03.03.2025;15:14:25.767;FBTS SI 20250606 PS;SIMPLE_INSTRUMENT;BLOCK;EUR;268;107.43000000;789;EXCHANGE_LAST;;1;1;XEUR;11820367;639;
03.03.2025;15:15:00.583;FBTS SI 20250306 PS;SIMPLE_INSTRUMENT;EFP_FIN;EUR;270;107.56000000;842;EXCHANGE_LAST;;1;1;XEUR;11286677;639;
03.03.2025;15:16:26.265;FBTS SI 20250306 PS;SIMPLE_INSTRUMENT;EFP_FIN;EUR;271;107.56000000;746;EXCHANGE_LAST;;1;1;XEUR;11286677;639;
03.03.2025;15:20:38.208;FBTS SI 20250306 PS;SIMPLE_INSTRUMENT;EFP_FIN;EUR;276;107.55000000;454;EXCHANGE_LAST;;1;1;XEUR;11286677;639;
03.03.2025;15:20:40.820;FBTS SI 20250306 PS;SIMPLE_INSTRUMENT;BLOCK;EUR;277;107.55000000;5329;EXCHANGE_LAST;;1;1;XEUR;11286677;639;
03.03.2025;15:23:29.258;FBTS SI 20250606 PS;SIMPLE_INSTRUMENT;BLOCK;EUR;284;107.41000000;2664;EXCHANGE_LAST;;1;1;XEUR;11820367;639;
03.03.2025;15:23:29.279;FBTS SI 20250606 PS;SIMPLE_INSTRUMENT;BLOCK;EUR;285;107.42000000;2665;EXCHANGE_LAST;;1;1;XEUR;11820367;639;
03.03.2025;15:25:25.627;FBTS SI 20250606 PS;SIMPLE_INSTRUMENT;BLOCK;EUR;286;107.43000000;475;EXCHANGE_LAST;;1;1;XEUR;11820367;639;
03.03.2025;15:32:32.715;FBTS SI 20250306 PS;SIMPLE_INSTRUMENT;BLOCK;EUR;291;107.56000000;1068;EXCHANGE_LAST;;1;1;XEUR;11286677;639;
03.03.2025;15:32:32.497;FBTS SI 20250306 PS;SIMPLE_INSTRUMENT;EFP_FIN;EUR;292;107.55000000;454;EXCHANGE_LAST;;1;1;XEUR;11286677;639;
03.03.2025;15:32:55.876;FBTS SI 20250606 PS;SIMPLE_INSTRUMENT;BLOCK;EUR;293;107.43000000;534;EXCHANGE_LAST;;1;1;XEUR;11820367;639;
03.03.2025;15:33:08.989;FBTS SI 20250606 PS;SIMPLE_INSTRUMENT;BLOCK;EUR;295;107.42000000;534;EXCHANGE_LAST;;1;1;XEUR;11820367;639;
03.03.2025;15:34:48.995;FBTS SI 20250306 PS;SIMPLE_INSTRUMENT;BLOCK;EUR;299;107.56000000;665;EXCHANGE_LAST;;1;1;XEUR;11286677;639;
03.03.2025;15:35:52.690;FBTS SI 20250606 PS;SIMPLE_INSTRUMENT;BLOCK;EUR;301;107.43000000;332;EXCHANGE_LAST;;1;1;XEUR;11820367;639;
03.03.2025;15:36:10.572;FBTS SI 20250606 PS;SIMPLE_INSTRUMENT;BLOCK;EUR;302;107.42000000;333;EXCHANGE_LAST;;1;1;XEUR;11820367;639;
03.03.2025;15:43:39.055;FBTS.S.MAR25.JUN25.SPD;FUTURES_SPREAD;BLOCK;EUR;303;0.13000000;1197;EXCHANGE_LAST;;1;1;XEUR;72060338522030172;639;
03.03.2025;15:43:39.055;FBTS SI 20250606 PS;SIMPLE_INSTRUMENT;BLOCK;EUR;303;107.44000000;1197;PRC_DECOMP_EXCHANGE;;;;XEUR;11820367;639;EXCHANGE
03.03.2025;15:43:39.055;FBTS SI 20250306 PS;SIMPLE_INSTRUMENT;BLOCK;EUR;303;107.57000000;1197;PRC_DECOMP_EXCHANGE;;;;XEUR;11286677;639;EXCHANGE
03.03.2025;15:44:09.058;FBTS.S.MAR25.JUN25.SPD;FUTURES_SPREAD;BLOCK;EUR;304;0.12000000;1197;EXCHANGE_LAST;;1;1;XEUR;72060338522030172;639;
03.03.2025;15:44:09.058;FBTS SI 20250306 PS;SIMPLE_INSTRUMENT;BLOCK;EUR;304;107.55000000;1197;PRC_DECOMP_EXCHANGE;;;;XEUR;11286677;639;EXCHANGE
03.03.2025;15:44:09.058;FBTS SI 20250606 PS;SIMPLE_INSTRUMENT;BLOCK;EUR;304;107.43000000;1197;PRC_DECOMP_EXCHANGE;;;;XEUR;11820367;639;EXCHANGE
03.03.2025;15:38:59.845;FBTS SI 20250306 PS;SIMPLE_INSTRUMENT;BLOCK;EUR;305;107.55000000;454;EXCHANGE_LAST;;1;1;XEUR;11286677;639;
03.03.2025;15:46:43.850;FBTS SI 20250306 PS;SIMPLE_INSTRUMENT;BLOCK;EUR;308;107.57000000;3000;EXCHANGE_LAST;;1;1;XEUR;11286677;639;
03.03.2025;15:47:28.774;FBTS SI 20250306 PS;SIMPLE_INSTRUMENT;BLOCK;EUR;310;107.56000000;3768;EXCHANGE_LAST;;1;1;XEUR;11286677;639;
03.03.2025;15:48:28.500;FBTS SI 20250306 PS;SIMPLE_INSTRUMENT;EFP_FIN;EUR;311;107.56000000;1156;EXCHANGE_LAST;;1;1;XEUR;11286677;639;
03.03.2025;15:51:12.725;FBTS SI 20250306 PS;SIMPLE_INSTRUMENT;EFP_FIN;EUR;312;107.60000000;1362;EXCHANGE_LAST;;1;1;XEUR;11286677;639;
03.03.2025;15:51:44.095;FBTS SI 20250606 PS;SIMPLE_INSTRUMENT;BLOCK;EUR;313;107.44000000;1500;EXCHANGE_LAST;;1;1;XEUR;11820367;639;
03.03.2025;15:51:44.115;FBTS SI 20250606 PS;SIMPLE_INSTRUMENT;BLOCK;EUR;314;107.45000000;1500;EXCHANGE_LAST;;1;1;XEUR;11820367;639;
03.03.2025;15:52:35.153;FBTS SI 20250306 PS;SIMPLE_INSTRUMENT;EFP_FIN;EUR;315;107.56000000;1156;EXCHANGE_LAST;;1;1;XEUR;11286677;639;
03.03.2025;15:53:14.381;FBTS SI 20250606 PS;SIMPLE_INSTRUMENT;BLOCK;EUR;316;107.43000000;1884;EXCHANGE_LAST;;1;1;XEUR;11820367;639;
03.03.2025;15:53:14.402;FBTS SI 20250606 PS;SIMPLE_INSTRUMENT;BLOCK;EUR;317;107.44000000;1884;EXCHANGE_LAST;;1;1;XEUR;11820367;639;
03.03.2025;15:55:46.965;FBTS SI 20250306 PS;SIMPLE_INSTRUMENT;BLOCK;EUR;320;107.56000000;545;EXCHANGE_LAST;;1;1;XEUR;11286677;639;
03.03.2025;15:58:37.184;FBTS SI 20250306 PS;SIMPLE_INSTRUMENT;EFP_FIN;EUR;321;107.56000000;1733;EXCHANGE_LAST;;1;1;XEUR;11286677;639;
03.03.2025;16:05:39.326;FBTS SI 20250306 PS;SIMPLE_INSTRUMENT;EFP_FIN;EUR;324;107.56000000;508;EXCHANGE_LAST;;1;1;XEUR;11286677;639;
03.03.2025;16:13:15.784;FBTS SI 20250606 PS;SIMPLE_INSTRUMENT;EFP_FIN;EUR;326;107.44000000;143;EXCHANGE_LAST;;1;1;XEUR;11820367;639;
03.03.2025;16:14:56.299;FBTS SI 20250306 PS;SIMPLE_INSTRUMENT;EFP_FIN;EUR;327;107.57000000;1733;EXCHANGE_LAST;;1;1;XEUR;11286677;639;
03.03.2025;16:22:20.511;FBTS SI 20250306 PS;SIMPLE_INSTRUMENT;EFP_FIN;EUR;331;107.55000000;1816;EXCHANGE_LAST;;1;1;XEUR;11286677;639;
03.03.2025;16:22:41.309;FBTS SI 20250306 PS;SIMPLE_INSTRUMENT;EFP_FIN;EUR;332;107.56000000;1816;EXCHANGE_LAST;;1;1;XEUR;11286677;639;
03.03.2025;16:26:13.892;FBTS SI 20250306 PS;SIMPLE_INSTRUMENT;EFP_FIN;EUR;333;107.57000000;1007;EXCHANGE_LAST;;1;1;XEUR;11286677;639;
03.03.2025;16:30:09.769;FBTS SI 20250306 PS;SIMPLE_INSTRUMENT;EFP_FIN;EUR;335;107.56000000;310;EXCHANGE_LAST;;1;1;XEUR;11286677;639;
03.03.2025;16:30:41.644;FBTS SI 20250306 PS;SIMPLE_INSTRUMENT;EFP_FIN;EUR;336;107.56000000;249;EXCHANGE_LAST;;1;1;XEUR;11286677;639;
03.03.2025;16:39:22.932;FBTS SI 20250306 PS;SIMPLE_INSTRUMENT;EFP_FIN;EUR;340;107.57000000;962;EXCHANGE_LAST;;1;1;XEUR;11286677;639;
03.03.2025;16:41:09.404;FBTS SI 20250306 PS;SIMPLE_INSTRUMENT;EFP_FIN;EUR;342;107.58000000;908;EXCHANGE_LAST;;1;1;XEUR;11286677;639;
03.03.2025;14:53:07.560;FCEU SI 20250317 PS;SIMPLE_INSTRUMENT;BLOCK;USD;5;1.04970000;40;EXCHANGE_LAST;;1;1;XEUR;9136240;369376;
03.03.2025;11:49:53.720;FCNS SI 20250317 PS;SIMPLE_INSTRUMENT;EFP_IDX;SEK;1;0.95326000;64;EXCHANGE_LAST;;1;1;XEUR;9136391;402911;
03.03.2025;11:49:53.724;FCNS SI 20250317 PS;SIMPLE_INSTRUMENT;EFP_IDX;SEK;2;0.95327000;48;EXCHANGE_LAST;;1;1;XEUR;9136391;402911;
03.03.2025;12:29:03.467;FCPU SI 20250317 PS;SIMPLE_INSTRUMENT;EFP_IDX;USD;3;1.26730000;892;EXCHANGE_LAST;;1;1;XEUR;9136249;369379;
03.03.2025;10:10:19.866;FD3D.S.DEC25.DEC26.SPD;FUTURES_SPREAD;BLOCK;EUR;12;4.40000000;300;EXCHANGE_LAST;;1;1;XEUR;72060119478700065;588;
03.03.2025;10:10:19.866;FD3D SI 20261218 CS;SIMPLE_INSTRUMENT;BLOCK;EUR;12;109.60000000;300;PRC_DECOMP_MEMBER;;;;XEUR;7158183;588;MEMBER
03.03.2025;10:10:19.866;FD3D SI 20251219 CS;SIMPLE_INSTRUMENT;BLOCK;EUR;12;114.00000000;300;PRC_DECOMP_MEMBER;;;;XEUR;5914068;588;MEMBER
03.03.2025;12:25:46.481;FDAX SI 20250321 CS;SIMPLE_INSTRUMENT;BLOCK;EUR;1;22904.00000000;300;EXCHANGE_LAST;;1;1;XEUR;7561255;589;
03.03.2025;13:02:27.074;FDAX SI 20250321 CS;SIMPLE_INSTRUMENT;EFP_IDX;EUR;2;22904.00000000;100;EXCHANGE_LAST;;1;1;XEUR;7561255;589;
03.03.2025;16:46:41.113;FDAX SI 20250321 CS;SIMPLE_INSTRUMENT;EFP_IDX;EUR;3;23184.00000000;24;EXCHANGE_LAST;;1;1;XEUR;7561255;589;
03.03.2025;16:46:48.586;FDAX SI 20250321 CS;SIMPLE_INSTRUMENT;EFP_IDX;EUR;4;23185.00000000;26;EXCHANGE_LAST;;1;1;XEUR;7561255;589;
03.03.2025;16:47:06.826;FDAX SI 20250321 CS;SIMPLE_INSTRUMENT;EFP_IDX;EUR;5;23184.00000000;48;EXCHANGE_LAST;;1;1;XEUR;7561255;589;
03.03.2025;16:47:14.171;FDAX SI 20250321 CS;SIMPLE_INSTRUMENT;EFP_IDX;EUR;6;23185.00000000;52;EXCHANGE_LAST;;1;1;XEUR;7561255;589;
03.03.2025;16:51:11.404;FDAX SI 20250321 CS;SIMPLE_INSTRUMENT;EFP_IDX;EUR;7;23187.00000000;194;EXCHANGE_LAST;;1;1;XEUR;7561255;589;
03.03.2025;16:53:18.374;FDAX SI 20250321 CS;SIMPLE_INSTRUMENT;EFP_IDX;EUR;8;23184.00000000;24;EXCHANGE_LAST;;1;1;XEUR;7561255;589;
03.03.2025;16:53:20.794;FDAX SI 20250321 CS;SIMPLE_INSTRUMENT;EFP_IDX;EUR;9;23185.00000000;26;EXCHANGE_LAST;;1;1;XEUR;7561255;589;
03.03.2025;16:53:23.239;FDAX SI 20250321 CS;SIMPLE_INSTRUMENT;EFP_IDX;EUR;10;23185.00000000;55;EXCHANGE_LAST;;1;1;XEUR;7561255;589;
03.03.2025;16:53:25.153;FDAX SI 20250321 CS;SIMPLE_INSTRUMENT;EFP_IDX;EUR;11;23186.00000000;20;EXCHANGE_LAST;;1;1;XEUR;7561255;589;
03.03.2025;17:08:32.380;FDAX SI 20250321 CS;SIMPLE_INSTRUMENT;BLOCK;EUR;12;23174.00000000;500;EXCHANGE_LAST;;1;1;XEUR;7561255;589;
03.03.2025;12:36:43.326;FDAX SI 20250321 CS;SIMPLE_INSTRUMENT;VOLA;EUR;671088649;23083.00000000;21;EXCHANGE_LAST;;1;1;XEUR;7561255;589;
03.03.2025;12:44:37.049;FDAX SI 20250321 CS;SIMPLE_INSTRUMENT;VOLA;EUR;671088651;23160.00000000;49;EXCHANGE_LAST;;1;1;XEUR;7561255;589;
03.03.2025;13:31:46.483;FDAX SI 20250321 CS;SIMPLE_INSTRUMENT;VOLA;EUR;671088658;23200.00000000;11;EXCHANGE_LAST;;1;1;XEUR;7561255;589;
03.03.2025;14:13:22.780;FDAX SI 20250321 CS;SIMPLE_INSTRUMENT;VOLA;EUR;671088665;23200.00000000;10;EXCHANGE_LAST;;1;1;XEUR;7561255;589;
03.03.2025;08:34:37.597;FEBD SI 20271217 CS;SIMPLE_INSTRUMENT;BLOCK;EUR;2;9.76000000;1000;EXCHANGE_LAST;;1;1;XEUR;7776307;597;
03.03.2025;08:51:08.046;FEBD SI 20251219 CS;SIMPLE_INSTRUMENT;BLOCK;EUR;3;11.12000000;250;EXCHANGE_LAST;;1;1;XEUR;5914075;597;
03.03.2025;13:51:41.786;FEBD SI 20271217 CS;SIMPLE_INSTRUMENT;BLOCK;EUR;26;9.89000000;2000;EXCHANGE_LAST;;1;1;XEUR;7776307;597;
03.03.2025;15:18:18.049;FEBD SI 20261218 CS;SIMPLE_INSTRUMENT;BLOCK;EUR;32;10.53000000;500;EXCHANGE_LAST;;1;1;XEUR;7158212;597;
03.03.2025;16:29:21.635;FEBD SI 20281215 CS;SIMPLE_INSTRUMENT;BLOCK;EUR;40;9.11000000;400;EXCHANGE_LAST;;2;2;XEUR;7776305;597;
03.03.2025;16:29:33.228;FEBD SI 20281215 CS;SIMPLE_INSTRUMENT;BLOCK;EUR;41;9.12000000;400;EXCHANGE_LAST;;1;1;XEUR;7776305;597;
03.03.2025;10:02:33.749;FECX SI 20250620 CS;SIMPLE_INSTRUMENT;BLOCK;EUR;10;167.66000000;70;EXCHANGE_LAST;;1;1;XEUR;11949125;410158;
03.03.2025;14:07:07.278;FES1 SI 20250321 PS;SIMPLE_INSTRUMENT;BLOCK;EUR;27;5.00000000;1000;EXCHANGE_LAST;;1;1;XEUR;11391470;58959;
03.03.2025;15:53:20.280;FESB SI 20250321 CS;SIMPLE_INSTRUMENT;BLOCK;EUR;98;187.50000000;6505;EXCHANGE_LAST;;1;1;XEUR;11359072;605;
03.03.2025;16:58:30.640;FESB SI 20250321 CS;SIMPLE_INSTRUMENT;EFP_IDX;EUR;108;186.75000000;204;EXCHANGE_LAST;;1;1;XEUR;11359072;605;
03.03.2025;16:58:32.921;FESB SI 20250321 CS;SIMPLE_INSTRUMENT;EFP_IDX;EUR;109;186.80000000;305;EXCHANGE_LAST;;1;1;XEUR;11359072;605;
03.03.2025;11:28:04.853;FESB SI 20250321 CS;SIMPLE_INSTRUMENT;VOLA;EUR;603979781;185.80000000;300;EXCHANGE_LAST;;1;1;XEUR;11359072;605;
03.03.2025;15:57:20.742;FESB SI 20250321 CS;SIMPLE_INSTRUMENT;VOLA;EUR;603979815;187.00000000;1320;EXCHANGE_LAST;;1;1;XEUR;11359072;605;
03.03.2025;15:58:18.507;FESB SI 20250321 CS;SIMPLE_INSTRUMENT;VOLA;EUR;603979816;187.10000000;390;EXCHANGE_LAST;;1;1;XEUR;11359072;605;
03.03.2025;15:59:06.664;FESB SI 20250321 CS;SIMPLE_INSTRUMENT;VOLA;EUR;603979817;187.00000000;1320;EXCHANGE_LAST;;1;1;XEUR;11359072;605;
03.03.2025;15:59:48.369;FESB SI 20250321 CS;SIMPLE_INSTRUMENT;VOLA;EUR;603979819;187.10000000;390;EXCHANGE_LAST;;1;1;XEUR;11359072;605;
03.03.2025;10:00:03.448;FESX SI 20250321 CS;SIMPLE_INSTRUMENT;EFP_IDX;EUR;1;5468.00000000;99;EXCHANGE_LAST;;1;1;XEUR;7793482;675;
03.03.2025;10:00:14.452;FESX SI 20250321 CS;SIMPLE_INSTRUMENT;EFP_IDX;EUR;2;5469.00000000;522;EXCHANGE_LAST;;1;1;XEUR;7793482;675;
03.03.2025;10:06:56.211;FESX SI 20250321 CS;SIMPLE_INSTRUMENT;BLOCK;EUR;3;5495.00000000;3000;EXCHANGE_LAST;;1;1;XEUR;7793482;675;
03.03.2025;10:11:08.221;FESX SI 20250321 CS;SIMPLE_INSTRUMENT;BLOCK;EUR;4;5495.00000000;2000;EXCHANGE_LAST;;1;1;XEUR;7793482;675;
03.03.2025;10:12:33.840;FESX SI 20250321 CS;SIMPLE_INSTRUMENT;EFP_IDX;EUR;5;5495.00000000;1000;EXCHANGE_LAST;;1;1;XEUR;7793482;675;
03.03.2025;11:07:07.576;FESX SI 20250321 CS;SIMPLE_INSTRUMENT;BLOCK;EUR;6;5510.00000000;2000;EXCHANGE_LAST;;1;1;XEUR;7793482;675;
03.03.2025;11:16:45.950;FESX SI 20250321 CS;SIMPLE_INSTRUMENT;BLOCK;EUR;7;5505.00000000;3000;EXCHANGE_LAST;;1;1;XEUR;7793482;675;
03.03.2025;11:32:18.035;FESX SI 20250321 CS;SIMPLE_INSTRUMENT;EFP_IDX;EUR;8;5505.00000000;850;EXCHANGE_LAST;;1;1;XEUR;7793482;675;
03.03.2025;13:26:54.316;FESX SI 20250321 CS;SIMPLE_INSTRUMENT;BLOCK;EUR;9;5550.00000000;3000;EXCHANGE_LAST;;1;1;XEUR;7793482;675;
03.03.2025;13:45:23.459;FESX SI 20250321 CS;SIMPLE_INSTRUMENT;BLOCK;EUR;10;5555.00000000;2000;EXCHANGE_LAST;;1;1;XEUR;7793482;675;
03.03.2025;16:29:05.903;FESX SI 20250321 CS;SIMPLE_INSTRUMENT;BLOCK;EUR;11;5550.00000000;2408;EXCHANGE_LAST;;1;1;XEUR;7793482;675;
03.03.2025;16:44:40.011;FESX SI 20250321 CS;SIMPLE_INSTRUMENT;EFP_IDX;EUR;12;5545.00000000;62;EXCHANGE_LAST;;1;1;XEUR;7793482;675;
03.03.2025;16:44:53.520;FESX SI 20250321 CS;SIMPLE_INSTRUMENT;EFP_IDX;EUR;13;5546.00000000;138;EXCHANGE_LAST;;1;1;XEUR;7793482;675;
03.03.2025;16:45:24.926;FESX SI 20250321 CS;SIMPLE_INSTRUMENT;EFP_IDX;EUR;14;5545.00000000;24;EXCHANGE_LAST;;1;1;XEUR;7793482;675;
03.03.2025;16:45:33.247;FESX SI 20250321 CS;SIMPLE_INSTRUMENT;EFP_IDX;EUR;15;5546.00000000;376;EXCHANGE_LAST;;1;1;XEUR;7793482;675;
03.03.2025;16:46:09.992;FESX SI 20250321 CS;SIMPLE_INSTRUMENT;EFP_IDX;EUR;17;5546.00000000;174;EXCHANGE_LAST;;1;1;XEUR;7793482;675;
03.03.2025;16:46:30.736;FESX SI 20250321 CS;SIMPLE_INSTRUMENT;EFP_IDX;EUR;19;5545.00000000;426;EXCHANGE_LAST;;1;1;XEUR;7793482;675;
03.03.2025;16:49:25.939;FESX SI 20250321 CS;SIMPLE_INSTRUMENT;EFP_IDX;EUR;20;5546.00000000;407;EXCHANGE_LAST;;1;1;XEUR;7793482;675;
03.03.2025;16:49:55.713;FESX SI 20250321 CS;SIMPLE_INSTRUMENT;EFP_IDX;EUR;21;5545.00000000;93;EXCHANGE_LAST;;1;1;XEUR;7793482;675;
03.03.2025;16:48:48.108;FESX SI 20250321 CS;SIMPLE_INSTRUMENT;EFP_IDX;EUR;22;5546.00000000;428;EXCHANGE_LAST;;1;1;XEUR;7793482;675;
03.03.2025;16:48:58.222;FESX SI 20250321 CS;SIMPLE_INSTRUMENT;EFP_IDX;EUR;23;5545.00000000;192;EXCHANGE_LAST;;1;1;XEUR;7793482;675;
03.03.2025;16:57:16.800;FESX SI 20250321 CS;SIMPLE_INSTRUMENT;EFP_IDX;EUR;24;5545.00000000;92;EXCHANGE_LAST;;1;1;XEUR;7793482;675;
03.03.2025;16:57:25.942;FESX SI 20250321 CS;SIMPLE_INSTRUMENT;EFP_IDX;EUR;25;5546.00000000;408;EXCHANGE_LAST;;1;1;XEUR;7793482;675;
03.03.2025;16:52:06.877;FESX SI 20250321 CS;SIMPLE_INSTRUMENT;EFP_IDX;EUR;26;5545.00000000;62;EXCHANGE_LAST;;1;1;XEUR;7793482;675;
03.03.2025;16:51:57.230;FESX SI 20250321 CS;SIMPLE_INSTRUMENT;EFP_IDX;EUR;27;5546.00000000;138;EXCHANGE_LAST;;1;1;XEUR;7793482;675;
03.03.2025;16:58:17.853;FESX SI 20250321 CS;SIMPLE_INSTRUMENT;EFP_IDX;EUR;28;5545.00000000;155;EXCHANGE_LAST;;1;1;XEUR;7793482;675;
03.03.2025;16:58:08.227;FESX SI 20250321 CS;SIMPLE_INSTRUMENT;EFP_IDX;EUR;29;5546.00000000;345;EXCHANGE_LAST;;1;1;XEUR;7793482;675;
03.03.2025;17:03:13.511;FESX SI 20250321 CS;SIMPLE_INSTRUMENT;EFP_IDX;EUR;30;5545.00000000;527;EXCHANGE_LAST;;1;1;XEUR;7793482;675;
03.03.2025;17:03:33.732;FESX SI 20250321 CS;SIMPLE_INSTRUMENT;EFP_IDX;EUR;31;5546.00000000;1173;EXCHANGE_LAST;;1;1;XEUR;7793482;675;
03.03.2025;17:04:55.092;FESX SI 20250321 CS;SIMPLE_INSTRUMENT;EFP_IDX;EUR;32;5547.00000000;176;EXCHANGE_LAST;;1;1;XEUR;7793482;675;
03.03.2025;17:05:14.309;FESX SI 20250321 CS;SIMPLE_INSTRUMENT;EFP_IDX;EUR;33;5545.00000000;244;EXCHANGE_LAST;;1;1;XEUR;7793482;675;
03.03.2025;17:07:22.472;FESX SI 20250321 CS;SIMPLE_INSTRUMENT;EFP_IDX;EUR;34;5545.00000000;71;EXCHANGE_LAST;;1;1;XEUR;7793482;675;
03.03.2025;17:07:34.974;FESX SI 20250321 CS;SIMPLE_INSTRUMENT;EFP_IDX;EUR;35;5547.00000000;45;EXCHANGE_LAST;;1;1;XEUR;7793482;675;
03.03.2025;17:10:57.428;FESX SI 20250321 CS;SIMPLE_INSTRUMENT;BLOCK;EUR;36;5546.00000000;4000;EXCHANGE_LAST;;1;1;XEUR;7793482;675;
03.03.2025;08:55:50.785;FESX SI 20250321 CS;SIMPLE_INSTRUMENT;VOLA;EUR;637534214;5454.00000000;300;EXCHANGE_LAST;;1;1;XEUR;7793482;675;
03.03.2025;09:15:33.924;FESX SI 20250321 CS;SIMPLE_INSTRUMENT;VOLA;EUR;637534223;5465.00000000;470;EXCHANGE_LAST;;1;1;XEUR;7793482;675;
03.03.2025;09:16:15.646;FESX SI 20250321 CS;SIMPLE_INSTRUMENT;VOLA;EUR;637534224;5464.00000000;235;EXCHANGE_LAST;;1;1;XEUR;7793482;675;
03.03.2025;09:16:17.878;FESX SI 20250321 CS;SIMPLE_INSTRUMENT;VOLA;EUR;637534225;5464.00000000;235;EXCHANGE_LAST;;1;1;XEUR;7793482;675;
03.03.2025;09:19:16.249;FESX SI 20250321 CS;SIMPLE_INSTRUMENT;VOLA;EUR;637534228;5460.00000000;135;EXCHANGE_LAST;;1;1;XEUR;7793482;675;
03.03.2025;09:32:38.286;FESX SI 20250321 CS;SIMPLE_INSTRUMENT;VOLA;EUR;637534232;5478.00000000;163;EXCHANGE_LAST;;1;1;XEUR;7793482;675;
03.03.2025;09:36:11.457;FESX SI 20250321 CS;SIMPLE_INSTRUMENT;VOLA;EUR;637534233;5465.00000000;591;EXCHANGE_LAST;;1;1;XEUR;7793482;675;
03.03.2025;11:21:11.661;FESX SI 20250321 CS;SIMPLE_INSTRUMENT;VOLA;EUR;637534253;5507.00000000;864;EXCHANGE_LAST;;1;1;XEUR;7793482;675;
03.03.2025;12:38:42.772;FESX SI 20250321 CS;SIMPLE_INSTRUMENT;VOLA;EUR;637534265;5544.00000000;126;EXCHANGE_LAST;;1;1;XEUR;7793482;675;
03.03.2025;12:47:37.417;FESX SI 20250321 CS;SIMPLE_INSTRUMENT;VOLA;EUR;637534268;5545.00000000;317;EXCHANGE_LAST;;1;1;XEUR;7793482;675;
03.03.2025;12:51:16.725;FESX SI 20250321 CS;SIMPLE_INSTRUMENT;VOLA;EUR;637534272;5545.00000000;123;EXCHANGE_LAST;;1;1;XEUR;7793482;675;
03.03.2025;13:15:35.274;FESX SI 20250321 CS;SIMPLE_INSTRUMENT;VOLA;EUR;637534283;5562.00000000;582;EXCHANGE_LAST;;1;1;XEUR;7793482;675;
03.03.2025;13:35:05.847;FESX SI 20250321 CS;SIMPLE_INSTRUMENT;VOLA;EUR;637534289;5550.00000000;675;EXCHANGE_LAST;;1;1;XEUR;7793482;675;
03.03.2025;15:50:58.827;FESX SI 20250321 CS;SIMPLE_INSTRUMENT;VOLA;EUR;637534340;5540.00000000;50;EXCHANGE_LAST;;1;1;XEUR;7793482;675;
03.03.2025;16:51:01.146;FESX SI 20250321 CS;SIMPLE_INSTRUMENT;VOLA;EUR;637534366;5545.00000000;90;EXCHANGE_LAST;;1;1;XEUR;7793482;675;
03.03.2025;17:31:24.375;FESX SI 20250321 CS;SIMPLE_INSTRUMENT;VOLA;EUR;637534373;5550.00000000;90;EXCHANGE_LAST;;1;1;XEUR;7793482;675;
03.03.2025;08:30:56.051;FEXD SI 20271217 CS;SIMPLE_INSTRUMENT;BLOCK;EUR;1;152.50000000;350;EXCHANGE_LAST;;1;1;XEUR;2848338;693;
03.03.2025;09:48:00.976;FEXD SI 20251219 CS;SIMPLE_INSTRUMENT;BLOCK;EUR;4;165.50000000;750;EXCHANGE_LAST;;1;1;XEUR;1548120;693;
03.03.2025;09:54:33.184;FEXD SI 20261218 CS;SIMPLE_INSTRUMENT;BLOCK;EUR;8;158.10000000;450;EXCHANGE_LAST;;1;1;XEUR;2163053;693;
03.03.2025;09:54:33.237;FEXD SI 20261218 CS;SIMPLE_INSTRUMENT;BLOCK;EUR;9;158.10000000;663;EXCHANGE_LAST;;1;1;XEUR;2163053;693;
03.03.2025;10:11:36.815;FEXD SI 20271217 CS;SIMPLE_INSTRUMENT;BLOCK;EUR;11;153.20000000;200;EXCHANGE_LAST;;1;1;XEUR;2848338;693;
03.03.2025;11:53:02.481;FEXD SI 20261218 CS;SIMPLE_INSTRUMENT;BLOCK;EUR;18;158.50000000;300;EXCHANGE_LAST;;1;1;XEUR;2163053;693;
03.03.2025;11:55:27.423;FEXD SI 20281215 CS;SIMPLE_INSTRUMENT;BLOCK;EUR;19;149.00000000;100;EXCHANGE_LAST;;1;1;XEUR;3680985;693;
03.03.2025;12:05:23.687;FEXD.S.DEC26.DEC29.SPD;FUTURES_SPREAD;BLOCK;EUR;20;12.50000000;1000;EXCHANGE_LAST;;1;1;XEUR;72060570450264169;693;
03.03.2025;12:05:23.687;FEXD SI 20261218 CS;SIMPLE_INSTRUMENT;BLOCK;EUR;20;158.30000000;1000;PRC_DECOMP_EXCHANGE;;;;XEUR;2163053;693;EXCHANGE
03.03.2025;12:05:23.687;FEXD SI 20291221 CS;SIMPLE_INSTRUMENT;BLOCK;EUR;20;145.80000000;1000;PRC_DECOMP_EXCHANGE;;;;XEUR;4631968;693;EXCHANGE
03.03.2025;13:31:17.819;FEXD SI 20271217 CS;SIMPLE_INSTRUMENT;BLOCK;EUR;23;154.00000000;850;EXCHANGE_LAST;;2;1;XEUR;2848338;693;
03.03.2025;15:34:43.522;FEXD.S.DEC25.DEC28.SPD;FUTURES_SPREAD;BLOCK;EUR;33;15.80000000;500;EXCHANGE_LAST;;1;1;XEUR;72060570450264160;693;
03.03.2025;15:34:43.522;FEXD SI 20251219 CS;SIMPLE_INSTRUMENT;BLOCK;EUR;33;165.80000000;500;PRC_DECOMP_MEMBER;;;;XEUR;1548120;693;MEMBER
03.03.2025;15:34:43.522;FEXD SI 20281215 CS;SIMPLE_INSTRUMENT;BLOCK;EUR;33;150.00000000;500;PRC_DECOMP_MEMBER;;;;XEUR;3680985;693;MEMBER
03.03.2025;16:10:05.257;FEXD.S.DEC25.DEC28.SPD;FUTURES_SPREAD;BLOCK;EUR;36;15.80000000;125;EXCHANGE_LAST;;1;1;XEUR;72060570450264160;693;
03.03.2025;16:10:05.257;FEXD SI 20251219 CS;SIMPLE_INSTRUMENT;BLOCK;EUR;36;165.80000000;125;PRC_DECOMP_MEMBER;;;;XEUR;1548120;693;MEMBER
03.03.2025;16:10:05.257;FEXD SI 20281215 CS;SIMPLE_INSTRUMENT;BLOCK;EUR;36;150.00000000;125;PRC_DECOMP_MEMBER;;;;XEUR;3680985;693;MEMBER
03.03.2025;16:10:19.227;FEXD.S.DEC25.DEC28.SPD;FUTURES_SPREAD;BLOCK;EUR;37;15.80000000;125;EXCHANGE_LAST;;1;1;XEUR;72060570450264160;693;
03.03.2025;16:10:19.227;FEXD SI 20251219 CS;SIMPLE_INSTRUMENT;BLOCK;EUR;37;165.90000000;125;PRC_DECOMP_MEMBER;;;;XEUR;1548120;693;MEMBER
03.03.2025;16:10:19.227;FEXD SI 20281215 CS;SIMPLE_INSTRUMENT;BLOCK;EUR;37;150.10000000;125;PRC_DECOMP_MEMBER;;;;XEUR;3680985;693;MEMBER
03.03.2025;16:38:26.832;FEXD.S.DEC25.DEC28.SPD;FUTURES_SPREAD;BLOCK;EUR;43;15.80000000;250;EXCHANGE_LAST;;1;1;XEUR;72060570450264160;693;
03.03.2025;16:38:26.832;FEXD SI 20281215 CS;SIMPLE_INSTRUMENT;BLOCK;EUR;43;150.00000000;250;PRC_DECOMP_EXCHANGE;;;;XEUR;3680985;693;EXCHANGE
03.03.2025;16:38:26.832;FEXD SI 20251219 CS;SIMPLE_INSTRUMENT;BLOCK;EUR;43;165.80000000;250;PRC_DECOMP_EXCHANGE;;;;XEUR;1548120;693;EXCHANGE
03.03.2025;16:59:48.582;FFOX SI 20250321 CS;SIMPLE_INSTRUMENT;BLOCK;EUR;4;4729.80000000;200;EXCHANGE_LAST;;1;1;XEUR;11338030;695;
03.03.2025;07:29:39.567;FGBL SI 20250306 PS;SIMPLE_INSTRUMENT;EFS;EUR;1;132.74000000;419;EXCHANGE_LAST;;1;1;XEUR;11286679;688;
03.03.2025;07:29:43.569;FGBL SI 20250306 PS;SIMPLE_INSTRUMENT;EFS;EUR;2;132.74000000;419;EXCHANGE_LAST;;1;1;XEUR;11286679;688;
03.03.2025;07:31:20.601;FGBL SI 20250306 PS;SIMPLE_INSTRUMENT;EFS;EUR;3;132.69000000;904;EXCHANGE_LAST;;1;1;XEUR;11286679;688;
03.03.2025;07:33:26.177;FGBL SI 20250606 PS;SIMPLE_INSTRUMENT;EFS;EUR;4;131.86000000;466;EXCHANGE_LAST;;1;1;XEUR;11820389;688;
03.03.2025;07:39:30.163;FGBL SI 20250606 PS;SIMPLE_INSTRUMENT;EFS;EUR;5;131.85000000;680;EXCHANGE_LAST;;1;1;XEUR;11820389;688;
03.03.2025;07:41:11.320;FGBL SI 20250606 PS;SIMPLE_INSTRUMENT;EFS;EUR;6;131.86000000;971;EXCHANGE_LAST;;1;1;XEUR;11820389;688;
03.03.2025;07:45:47.376;FGBL SI 20250306 PS;SIMPLE_INSTRUMENT;EFS;EUR;7;132.74000000;904;EXCHANGE_LAST;;1;1;XEUR;11286679;688;
03.03.2025;07:46:25.190;FGBL SI 20250306 PS;SIMPLE_INSTRUMENT;EFS;EUR;8;132.69000000;419;EXCHANGE_LAST;;1;1;XEUR;11286679;688;
03.03.2025;07:46:46.209;FGBL SI 20250306 PS;SIMPLE_INSTRUMENT;EFS;EUR;9;132.69000000;419;EXCHANGE_LAST;;1;1;XEUR;11286679;688;
03.03.2025;07:52:17.823;FGBL SI 20250606 PS;SIMPLE_INSTRUMENT;EFS;EUR;11;131.84000000;233;EXCHANGE_LAST;;1;1;XEUR;11820389;688;
03.03.2025;07:53:48.931;FGBL SI 20250306 PS;SIMPLE_INSTRUMENT;EFS;EUR;13;132.69000000;904;EXCHANGE_LAST;;1;1;XEUR;11286679;688;
03.03.2025;07:55:00.480;FGBL SI 20250606 PS;SIMPLE_INSTRUMENT;EFS;EUR;14;131.84000000;150;EXCHANGE_LAST;;1;1;XEUR;11820389;688;
03.03.2025;07:56:06.535;FGBL SI 20250306 PS;SIMPLE_INSTRUMENT;EFS;EUR;15;132.68000000;419;EXCHANGE_LAST;;1;1;XEUR;11286679;688;
03.03.2025;07:56:26.553;FGBL SI 20250306 PS;SIMPLE_INSTRUMENT;EFS;EUR;16;132.68000000;209;EXCHANGE_LAST;;1;1;XEUR;11286679;688;
03.03.2025;08:03:20.481;FGBL SI 20250306 PS;SIMPLE_INSTRUMENT;EFS;EUR;17;132.73000000;209;EXCHANGE_LAST;;1;1;XEUR;11286679;688;
03.03.2025;08:04:30.310;FGBL SI 20250306 PS;SIMPLE_INSTRUMENT;EFS;EUR;18;132.73000000;419;EXCHANGE_LAST;;1;1;XEUR;11286679;688;
03.03.2025;08:05:27.374;FGBL SI 20250606 PS;SIMPLE_INSTRUMENT;EFS;EUR;19;131.77000000;677;EXCHANGE_LAST;;1;1;XEUR;11820389;688;
03.03.2025;08:05:33.318;FGBL SI 20250606 PS;SIMPLE_INSTRUMENT;EFS;EUR;20;131.91000000;466;EXCHANGE_LAST;;1;1;XEUR;11820389;688;
03.03.2025;08:11:01.712;FGBL SI 20250306 PS;SIMPLE_INSTRUMENT;EFP_FIN;EUR;21;132.78000000;469;EXCHANGE_LAST;;1;1;XEUR;11286679;688;
03.03.2025;08:24:31.919;FGBL SI 20250606 PS;SIMPLE_INSTRUMENT;EFS;EUR;23;131.82000000;1400;EXCHANGE_LAST;;1;1;XEUR;11820389;688;
03.03.2025;08:26:07.383;FGBL SI 20250606 PS;SIMPLE_INSTRUMENT;EFS;EUR;24;131.78000000;467;EXCHANGE_LAST;;1;1;XEUR;11820389;688;
03.03.2025;08:26:26.101;FGBL SI 20250306 PS;SIMPLE_INSTRUMENT;EFS;EUR;25;132.77000000;450;EXCHANGE_LAST;;1;1;XEUR;11286679;688;
03.03.2025;08:26:29.633;FGBL SI 20250306 PS;SIMPLE_INSTRUMENT;EFS;EUR;26;132.80000000;250;EXCHANGE_LAST;;1;1;XEUR;11286679;688;
03.03.2025;08:27:55.053;FGBL SI 20250606 PS;SIMPLE_INSTRUMENT;EFS;EUR;27;131.87000000;466;EXCHANGE_LAST;;1;1;XEUR;11820389;688;
03.03.2025;08:28:37.277;FGBL SI 20250306 PS;SIMPLE_INSTRUMENT;EFS;EUR;28;132.84000000;136;EXCHANGE_LAST;;1;1;XEUR;11286679;688;
03.03.2025;08:32:03.124;FGBL.S.MAR25.JUN25.SPD;FUTURES_SPREAD;BLOCK;EUR;29;0.89000000;2000;EXCHANGE_LAST;;1;1;XEUR;72060548975427676;688;
03.03.2025;08:32:03.124;FGBL SI 20250306 PS;SIMPLE_INSTRUMENT;BLOCK;EUR;29;132.86000000;2000;PRC_DECOMP_MEMBER;;;;XEUR;11286679;688;MEMBER
03.03.2025;08:32:03.124;FGBL SI 20250606 PS;SIMPLE_INSTRUMENT;BLOCK;EUR;29;131.97000000;2000;PRC_DECOMP_MEMBER;;;;XEUR;11820389;688;MEMBER
03.03.2025;08:32:15.122;FGBL.S.MAR25.JUN25.SPD;FUTURES_SPREAD;BLOCK;EUR;30;0.90000000;2000;EXCHANGE_LAST;;1;1;XEUR;72060548975427676;688;
03.03.2025;08:32:15.122;FGBL SI 20250606 PS;SIMPLE_INSTRUMENT;BLOCK;EUR;30;131.97000000;2000;PRC_DECOMP_MEMBER;;;;XEUR;11820389;688;MEMBER
03.03.2025;08:32:15.122;FGBL SI 20250306 PS;SIMPLE_INSTRUMENT;BLOCK;EUR;30;132.87000000;2000;PRC_DECOMP_MEMBER;;;;XEUR;11286679;688;MEMBER
03.03.2025;08:33:22.617;FGBL.S.MAR25.JUN25.SPD;FUTURES_SPREAD;BLOCK;EUR;31;0.90000000;2937;EXCHANGE_LAST;;1;1;XEUR;72060548975427676;688;
03.03.2025;08:33:22.617;FGBL SI 20250606 PS;SIMPLE_INSTRUMENT;BLOCK;EUR;31;131.97000000;2937;PRC_DECOMP_MEMBER;;;;XEUR;11820389;688;MEMBER
03.03.2025;08:33:22.617;FGBL SI 20250306 PS;SIMPLE_INSTRUMENT;BLOCK;EUR;31;132.87000000;2937;PRC_DECOMP_MEMBER;;;;XEUR;11286679;688;MEMBER
03.03.2025;08:33:30.364;FGBL.S.MAR25.JUN25.SPD;FUTURES_SPREAD;BLOCK;EUR;32;0.89000000;2937;EXCHANGE_LAST;;1;1;XEUR;72060548975427676;688;
03.03.2025;08:33:30.364;FGBL SI 20250306 PS;SIMPLE_INSTRUMENT;BLOCK;EUR;32;132.86000000;2937;PRC_DECOMP_MEMBER;;;;XEUR;11286679;688;MEMBER
03.03.2025;08:33:30.364;FGBL SI 20250606 PS;SIMPLE_INSTRUMENT;BLOCK;EUR;32;131.97000000;2937;PRC_DECOMP_MEMBER;;;;XEUR;11820389;688;MEMBER
03.03.2025;08:35:11.935;FGBL SI 20250306 PS;SIMPLE_INSTRUMENT;EFS;EUR;33;132.85000000;209;EXCHANGE_LAST;;1;1;XEUR;11286679;688;
03.03.2025;08:36:43.825;FGBL SI 20250306 PS;SIMPLE_INSTRUMENT;EFS;EUR;34;132.85000000;906;EXCHANGE_LAST;;1;1;XEUR;11286679;688;
03.03.2025;08:37:22.977;FGBL SI 20250306 PS;SIMPLE_INSTRUMENT;EFS;EUR;35;132.86000000;209;EXCHANGE_LAST;;1;1;XEUR;11286679;688;
03.03.2025;08:38:04.479;FGBL SI 20250606 PS;SIMPLE_INSTRUMENT;EFS;EUR;36;131.95000000;933;EXCHANGE_LAST;;1;1;XEUR;11820389;688;
03.03.2025;08:38:46.462;FGBL SI 20250306 PS;SIMPLE_INSTRUMENT;EFS;EUR;37;132.87000000;226;EXCHANGE_LAST;;1;1;XEUR;11286679;688;
03.03.2025;08:41:53.281;FGBL SI 20250606 PS;SIMPLE_INSTRUMENT;EFS;EUR;38;131.98000000;29;EXCHANGE_LAST;;1;1;XEUR;11820389;688;
03.03.2025;08:44:14.290;FGBL SI 20250306 PS;SIMPLE_INSTRUMENT;EFS;EUR;39;132.89000000;500;EXCHANGE_LAST;;1;1;XEUR;11286679;688;
