#Date;TrdTime;Contract;ContractType;TrdTyp;Currency;TesId;Prc;Qty;TrdInd;Aggressor;Buy;Sell;Exch;InstrumentId;RelatedProdId;PrcDecomp
17.01.2025;09:29:45.417;A2SG SI 20251219 CS;SIMPLE_INSTRUMENT;BLOCK;EUR;5;1.49000000;600;EXCHANGE_LAST;;2;3;XEUR;5914262;14;
17.01.2025;14:33:02.946;A2SM SI 20250321 CS;SIMPLE_INSTRUMENT;BLOCK;EUR;44;1.52000000;110;EXCHANGE_LAST;;1;1;XEUR;10393042;15;
17.01.2025;11:28:31.187;ADEN SI 20251219 PS AM P 18.00 0;SIMPLE_INSTRUMENT;BLOCK;CHF;35;1.30000000;750;EXCHANGE_LAST;;1;1;XEUR;8107751;44;
17.01.2025;10:14:27.562;ADS SI 20250221 PS AM P 235.00 0;SIMPLE_INSTRUMENT;BLOCK;EUR;2;4.70000000;1500;EXCHANGE_LAST;;2;1;XEUR;12237332;50;
17.01.2025;11:20:59.877;ADS SI 20250620 PS AM P 240.00 0;SIMPLE_INSTRUMENT;BLOCK;EUR;8;16.30000000;1000;EXCHANGE_LAST;;1;1;XEUR;7897598;50;
17.01.2025;13:44:12.443;ADS SI 20250321 PS AM C 250.00 0;SIMPLE_INSTRUMENT;BLOCK;EUR;16;8.75000000;1500;EXCHANGE_LAST;;1;2;XEUR;12330809;50;
17.01.2025;09:05:26.416;ALC SI 20251219 PS AM P 60.00 0;SIMPLE_INSTRUMENT;BLOCK;CHF;4;1.20000000;350;EXCHANGE_LAST;;1;1;XEUR;5920608;130134;
17.01.2025;13:34:59.622;ALC.O.250117.RBER.000001;STANDARD_OPTION_STRATEGY;BLOCK;CHF;69;-0.38000000;200;EXCHANGE_LAST;;1;1;XEUR;72616515312039893;130134;
17.01.2025;13:34:59.622;ALC SI 20251219 PS AM P 68.00 0;SIMPLE_INSTRUMENT;BLOCK;CHF;69;2.82000000;200;PRC_DECOMP_EXCHANGE;;;;XEUR;5920610;130134;EXCHANGE
17.01.2025;13:34:59.622;ALC SI 20251219 PS AM P 60.00 0;SIMPLE_INSTRUMENT;BLOCK;CHF;69;1.22000000;400;PRC_DECOMP_EXCHANGE;;;;XEUR;5920608;130134;EXCHANGE
17.01.2025;13:19:35.787;ALV.O.250117.CDIA.000005;STANDARD_OPTION_STRATEGY;BLOCK;EUR;3;-0.06000000;300;EXCHANGE_LAST;;1;1;XEUR;72057911865569045;74;
17.01.2025;13:19:35.787;ALV SI 20250117 PS AM C 305.00 0;SIMPLE_INSTRUMENT;BLOCK;EUR;3;1.14000000;300;PRC_DECOMP_EXCHANGE;;;;XEUR;12067915;74;EXCHANGE
17.01.2025;13:19:35.787;ALV SI 20250221 PS AM C 320.00 0;SIMPLE_INSTRUMENT;BLOCK;EUR;3;1.08000000;300;PRC_DECOMP_EXCHANGE;;;;XEUR;12238094;74;EXCHANGE
17.01.2025;14:22:09.545;ALV SI 20251219 PS AM C 270.00 0;SIMPLE_INSTRUMENT;BLOCK;EUR;6;41.83000000;750;EXCHANGE_LAST;;1;1;XEUR;12333946;74;
17.01.2025;14:22:29.955;ALV SI 20251219 PS AM C 290.00 0;SIMPLE_INSTRUMENT;BLOCK;EUR;7;26.78000000;750;EXCHANGE_LAST;;1;1;XEUR;12056997;74;
17.01.2025;14:22:49.354;ALV SI 20251219 PS AM P 270.00 0;SIMPLE_INSTRUMENT;BLOCK;EUR;8;10.09000000;750;EXCHANGE_LAST;;1;1;XEUR;12333947;74;
17.01.2025;14:23:36.101;ALV SI 20251219 PS AM P 290.00 0;SIMPLE_INSTRUMENT;BLOCK;EUR;9;16.44000000;750;EXCHANGE_LAST;;1;1;XEUR;12056991;74;
17.01.2025;15:08:24.401;ALV.O.250117.COMBO.000017;STANDARD_OPTION_STRATEGY;BLOCK;EUR;11;-19.70000000;300;EXCHANGE_LAST;;1;1;XEUR;72057911865569057;74;
17.01.2025;15:08:24.401;ALV SI 20260619 PS AM C 300.00 0;SIMPLE_INSTRUMENT;BLOCK;EUR;11;25.72000000;300;PRC_DECOMP_EXCHANGE;;;;XEUR;12604562;74;EXCHANGE
17.01.2025;15:08:24.401;ALV SI 20260619 PS AM P 220.00 0;SIMPLE_INSTRUMENT;BLOCK;EUR;11;6.02000000;300;PRC_DECOMP_EXCHANGE;;;;XEUR;12295409;74;EXCHANGE
17.01.2025;16:36:16.380;ALV.O.250117.COMBO.000017;STANDARD_OPTION_STRATEGY;BLOCK;EUR;13;-19.70000000;300;EXCHANGE_LAST;;1;1;XEUR;72057911865569057;74;
17.01.2025;16:36:16.380;ALV SI 20260619 PS AM C 300.00 0;SIMPLE_INSTRUMENT;BLOCK;EUR;13;25.72000000;300;PRC_DECOMP_MEMBER;;;;XEUR;12604562;74;MEMBER
17.01.2025;16:36:16.380;ALV SI 20260619 PS AM P 220.00 0;SIMPLE_INSTRUMENT;BLOCK;EUR;13;6.02000000;300;PRC_DECOMP_MEMBER;;;;XEUR;12295409;74;MEMBER
17.01.2025;13:42:15.408;ASG5.O.250117.BER.000001;STANDARD_OPTION_STRATEGY;BLOCK;EUR;6;0.57500000;10000;EXCHANGE_LAST;;1;1;XEUR;72058062189369522;109;
17.01.2025;13:42:15.408;ASG5 SI 20250320 PS AM P 29.00 0;SIMPLE_INSTRUMENT;BLOCK;EUR;6;0.70300000;10000;PRC_DECOMP_EXCHANGE;;;;XEUR;12420584;109;EXCHANGE
17.01.2025;13:42:15.408;ASG5 SI 20250320 PS AM P 24.00 0;SIMPLE_INSTRUMENT;BLOCK;EUR;6;0.12800000;10000;PRC_DECOMP_EXCHANGE;;;;XEUR;10822094;109;EXCHANGE
17.01.2025;15:04:53.201;ASM SI 20271217 PS AM P 640.00 0;SIMPLE_INSTRUMENT;BLOCK;EUR;11;105.50000000;500;EXCHANGE_LAST;;1;1;XEUR;8773603;107;
17.01.2025;15:37:47.429;ASM SI 20250131 PS AM C 790.00 0;SIMPLE_INSTRUMENT;BLOCK;EUR;12;10.90000000;300;EXCHANGE_LAST;;1;1;XEUR;12432298;107;
17.01.2025;14:42:22.298;ASMH SI 20250117 CS;SIMPLE_INSTRUMENT;BLOCK;EUR;46;743.00000000;600;EXCHANGE_LAST;;1;1;XEUR;10429623;3979;
17.01.2025;14:32:30.615;ASMP SI 20250321 PS;SIMPLE_INSTRUMENT;BLOCK;EUR;43;747.00000000;1300;EXCHANGE_LAST;;1;1;XEUR;10725387;124298;
17.01.2025;08:41:12.537;AXA SI 20251219 PS AM C 30.00 0;SIMPLE_INSTRUMENT;BLOCK;EUR;1;6.20000000;10000;EXCHANGE_LAST;;1;1;XEUR;11479913;127;
17.01.2025;08:41:12.639;AXA SI 20251219 PS AM P 30.00 0;SIMPLE_INSTRUMENT;BLOCK;EUR;2;1.30000000;10000;EXCHANGE_LAST;;1;1;XEUR;11479914;127;
17.01.2025;08:41:12.679;AXA SI 20251219 PS AM P 34.00 0;SIMPLE_INSTRUMENT;BLOCK;EUR;3;2.75000000;8000;EXCHANGE_LAST;;1;1;XEUR;11960008;127;
17.01.2025;08:41:12.720;AXA SI 20251219 PS AM C 34.00 0;SIMPLE_INSTRUMENT;BLOCK;EUR;4;3.16000000;4000;EXCHANGE_LAST;;1;1;XEUR;11960007;127;
17.01.2025;08:41:12.720;AXA SI 20251219 PS AM C 34.00 0;SIMPLE_INSTRUMENT;BLOCK;EUR;5;3.17000000;4000;EXCHANGE_LAST;;1;1;XEUR;11960007;127;
17.01.2025;09:42:13.990;B2MW SI 20261218 CS;SIMPLE_INSTRUMENT;BLOCK;EUR;6;3.99000000;750;EXCHANGE_LAST;;1;2;XEUR;4632168;128;
17.01.2025;16:09:04.487;B2MW SI 20281215 CS;SIMPLE_INSTRUMENT;BLOCK;EUR;64;3.65000000;75;EXCHANGE_LAST;;1;1;XEUR;6798304;128;
17.01.2025;16:15:41.598;B2MW SI 20251219 CS;SIMPLE_INSTRUMENT;BLOCK;EUR;65;4.36000000;125;EXCHANGE_LAST;;1;2;XEUR;3681121;128;
17.01.2025;16:15:47.564;B2MW SI 20261218 CS;SIMPLE_INSTRUMENT;BLOCK;EUR;66;3.99000000;125;EXCHANGE_LAST;;1;2;XEUR;4632168;128;
17.01.2025;12:16:05.380;B2NP SI 20250620 CS;SIMPLE_INSTRUMENT;BLOCK;EUR;19;4.80000000;375;EXCHANGE_LAST;;1;2;XEUR;10830225;131;
17.01.2025;15:38:21.418;B2NP SI 20251219 CS;SIMPLE_INSTRUMENT;BLOCK;EUR;58;5.39000000;450;EXCHANGE_LAST;;1;1;XEUR;5914355;131;
17.01.2025;16:38:01.103;B2NP.S.JUN25.DEC25.SPD;FUTURES_SPREAD;BLOCK;EUR;69;-0.59000000;500;EXCHANGE_LAST;;1;1;XEUR;72058156678643762;131;
17.01.2025;16:38:01.103;B2NP SI 20250620 CS;SIMPLE_INSTRUMENT;BLOCK;EUR;69;4.80000000;500;PRC_DECOMP_MEMBER;;;;XEUR;10830225;131;MEMBER
17.01.2025;16:38:01.103;B2NP SI 20251219 CS;SIMPLE_INSTRUMENT;BLOCK;EUR;69;5.39000000;500;PRC_DECOMP_MEMBER;;;;XEUR;5914355;131;MEMBER
17.01.2025;15:18:56.525;BAEN.O.250117.STG.000004;STANDARD_OPTION_STRATEGY;BLOCK;CHF;93;8.10000000;750;EXCHANGE_LAST;;1;1;XEUR;72058276937746624;159;
17.01.2025;15:18:56.525;BAEN SI 20251219 PS AM C 64.00 0;SIMPLE_INSTRUMENT;BLOCK;CHF;93;3.60000000;750;PRC_DECOMP_EXCHANGE;;;;XEUR;12433504;159;EXCHANGE
17.01.2025;15:18:56.525;BAEN SI 20251219 PS AM P 56.00 0;SIMPLE_INSTRUMENT;BLOCK;CHF;93;4.50000000;750;PRC_DECOMP_EXCHANGE;;;;XEUR;12433493;159;EXCHANGE
17.01.2025;16:38:04.016;BAEN SI 20250620 PS AM C 60.00 0;SIMPLE_INSTRUMENT;BLOCK;CHF;103;3.60000000;8870;EXCHANGE_LAST;;1;1;XEUR;7899037;159;
17.01.2025;16:38:04.787;BAEN SI 20250620 PS AM C 64.00 0;SIMPLE_INSTRUMENT;BLOCK;CHF;104;1.95000000;7835;EXCHANGE_LAST;;1;1;XEUR;11350944;159;
17.01.2025;16:38:05.867;BAEN SI 20250620 PS AM C 64.00 0;SIMPLE_INSTRUMENT;BLOCK;CHF;105;1.97000000;1925;EXCHANGE_LAST;;1;1;XEUR;11350944;159;
17.01.2025;16:30:07.988;BALN SI 20251219 PS AM P 120.00 0;SIMPLE_INSTRUMENT;BLOCK;CHF;101;1.10000000;300;EXCHANGE_LAST;;1;1;XEUR;5922048;147;
17.01.2025;14:53:18.417;BARN SI 20250620 PS AM P 1040.00 0;SIMPLE_INSTRUMENT;BLOCK;CHF;90;39.00000000;750;EXCHANGE_LAST;;3;1;XEUR;9539093;149;
17.01.2025;09:43:43.559;BAS SI 20250131 PS AM C 44.00 0;SIMPLE_INSTRUMENT;BLOCK;EUR;4;1.42000000;400;EXCHANGE_LAST;;1;1;XEUR;12432925;150;
17.01.2025;09:56:13.600;BAS SI 20250321 PS AM C 48.00 0;SIMPLE_INSTRUMENT;BLOCK;EUR;5;1.07000000;2300;EXCHANGE_LAST;;1;1;XEUR;10831045;150;
17.01.2025;10:32:01.335;BAS SI 20250221 PS AM C 50.00 0;SIMPLE_INSTRUMENT;BLOCK;EUR;7;0.24000000;1571;EXCHANGE_LAST;;1;1;XEUR;12339041;150;
17.01.2025;10:32:00.888;BAS SI 20250221 PS AM C 50.00 0;SIMPLE_INSTRUMENT;BLOCK;EUR;8;0.23000000;3666;EXCHANGE_LAST;;1;1;XEUR;12339041;150;
17.01.2025;10:58:16.860;BAS.O.250117.BLT.000019;STANDARD_OPTION_STRATEGY;BLOCK;EUR;9;1.47000000;2500;EXCHANGE_LAST;;1;1;XEUR;72058238283091358;150;
17.01.2025;10:58:16.860;BAS SI 20250321 PS AM C 48.00 0;SIMPLE_INSTRUMENT;BLOCK;EUR;9;0.97000000;2500;PRC_DECOMP_EXCHANGE;;;;XEUR;10831045;150;EXCHANGE
17.01.2025;10:58:16.860;BAS SI 20251219 PS AM C 48.00 0;SIMPLE_INSTRUMENT;BLOCK;EUR;9;2.44000000;2500;PRC_DECOMP_EXCHANGE;;;;XEUR;5922203;150;EXCHANGE
17.01.2025;12:24:32.759;BAS SI 20250221 PS AM C 47.00 0;SIMPLE_INSTRUMENT;BLOCK;EUR;10;0.61000000;1350;EXCHANGE_LAST;;1;1;XEUR;12238970;150;
17.01.2025;12:24:32.785;BAS SI 20250221 PS AM C 47.00 0;SIMPLE_INSTRUMENT;BLOCK;EUR;11;0.59000000;1150;EXCHANGE_LAST;;1;1;XEUR;12238970;150;
17.01.2025;12:58:26.156;BAS SI 20251219 PS AM C 45.00 0;SIMPLE_INSTRUMENT;BLOCK;EUR;12;3.73000000;1250;EXCHANGE_LAST;;1;2;XEUR;7509844;150;
17.01.2025;13:20:21.036;BAS.O.250117.CDIA.000030;STANDARD_OPTION_STRATEGY;BLOCK;EUR;13;-0.10000000;1000;EXCHANGE_LAST;;1;1;XEUR;72058238283091369;150;
17.01.2025;13:20:21.036;BAS SI 20250221 PS AM C 48.00 0;SIMPLE_INSTRUMENT;BLOCK;EUR;13;0.38000000;1000;PRC_DECOMP_EXCHANGE;;;;XEUR;12238967;150;EXCHANGE
17.01.2025;13:20:21.036;BAS SI 20250117 PS AM C 44.00 0;SIMPLE_INSTRUMENT;BLOCK;EUR;13;0.48000000;1000;PRC_DECOMP_EXCHANGE;;;;XEUR;12068772;150;EXCHANGE
17.01.2025;15:47:45.221;BAS SI 20251219 PS AM P 38.00 0;SIMPLE_INSTRUMENT;BLOCK;EUR;15;1.95000000;600;EXCHANGE_LAST;;1;1;XEUR;12433429;150;
17.01.2025;15:47:57.629;BAS SI 20250321 PS AM P 46.00 0;SIMPLE_INSTRUMENT;BLOCK;EUR;16;2.81000000;600;EXCHANGE_LAST;;1;1;XEUR;10831044;150;
17.01.2025;10:22:20.117;BAY SI 20250620 PS AM C 23.00 0;SIMPLE_INSTRUMENT;BLOCK;EUR;6;1.41000000;3500;EXCHANGE_LAST;;1;1;XEUR;11234139;168;
17.01.2025;15:09:20.769;BKW SI 20250221 PS AM C 160.00 0;SIMPLE_INSTRUMENT;ENLIGHT;CHF;92;1.81000000;75;EXCHANGE_LAST;;1;1;XEUR;12240046;218;
17.01.2025;09:57:00.370;BMW SI 20250620 PS AM P 72.00 0;SIMPLE_INSTRUMENT;BLOCK;EUR;2;4.60000000;900;EXCHANGE_LAST;;1;1;XEUR;11332528;210;
17.01.2025;11:01:44.914;BMW SI 20250620 PS AM C 76.00 0;SIMPLE_INSTRUMENT;BLOCK;EUR;6;6.33000000;400;EXCHANGE_LAST;;1;1;XEUR;7899906;210;
17.01.2025;12:39:52.552;BMW SI 20250221 PS AM C 80.00 0;SIMPLE_INSTRUMENT;BLOCK;EUR;10;1.97000000;3500;EXCHANGE_LAST;;1;1;XEUR;12339210;210;
17.01.2025;13:05:05.431;BMW SI 20250321 PS AM P 76.00 0;SIMPLE_INSTRUMENT;BLOCK;EUR;11;3.47000000;600;EXCHANGE_LAST;;1;1;XEUR;10832592;210;
17.01.2025;13:05:14.034;BMW SI 20250221 PS AM P 74.00 0;SIMPLE_INSTRUMENT;BLOCK;EUR;12;1.57000000;600;EXCHANGE_LAST;;1;1;XEUR;12239975;210;
17.01.2025;14:53:03.645;BMW SI 20251219 PS AM P 80.00 0;SIMPLE_INSTRUMENT;BLOCK;EUR;16;10.66000000;1800;EXCHANGE_LAST;;2;1;XEUR;7126198;210;
17.01.2025;14:56:52.656;BMW.O.250117.COMBO.000020;STANDARD_OPTION_STRATEGY;BLOCK;EUR;18;-1.76000000;1000;EXCHANGE_LAST;;2;1;XEUR;72058495981109136;210;
17.01.2025;14:56:52.656;BMW SI 20250321 PS AM P 64.00 0;SIMPLE_INSTRUMENT;BLOCK;EUR;18;0.74000000;1000;PRC_DECOMP_EXCHANGE;;;;XEUR;10832577;210;EXCHANGE
17.01.2025;14:56:52.656;BMW SI 20250321 PS AM C 82.00 0;SIMPLE_INSTRUMENT;BLOCK;EUR;18;2.50000000;1000;PRC_DECOMP_EXCHANGE;;;;XEUR;12434878;210;EXCHANGE
17.01.2025;10:57:49.251;BNP SI 20260619 PS AM P 56.00 0;SIMPLE_INSTRUMENT;BLOCK;EUR;17;6.35000000;500;EXCHANGE_LAST;;1;1;XEUR;9541696;237;
17.01.2025;11:59:48.487;BNP SI 20250321 PS AM P 60.00 0;SIMPLE_INSTRUMENT;BLOCK;EUR;22;1.51000000;1500;EXCHANGE_LAST;;1;1;XEUR;10832956;237;
17.01.2025;15:56:56.489;BNP SI 20261218 PS AM P 48.00 0;SIMPLE_INSTRUMENT;BLOCK;EUR;44;4.22000000;1000;EXCHANGE_LAST;;1;1;XEUR;7154454;237;
17.01.2025;16:28:01.701;BRNT SI 20250321 PS EU C 64.00 0;SIMPLE_INSTRUMENT;BLOCK;USD;1;0.50000000;8832;EXCHANGE_LAST;;1;1;XEUR;7605830;367244;
17.01.2025;10:31:07.178;CBK.O.250117.STD.000007;STANDARD_OPTION_STRATEGY;BLOCK;EUR;3;4.18000000;5000;EXCHANGE_LAST;;1;1;XEUR;72058745089203271;268;
17.01.2025;10:31:07.178;CBK SI 20251219 PS AM C 18.00 0;SIMPLE_INSTRUMENT;BLOCK;EUR;3;1.73000000;5000;PRC_DECOMP_EXCHANGE;;;;XEUR;8883156;268;EXCHANGE
17.01.2025;10:31:07.178;CBK SI 20251219 PS AM P 18.00 0;SIMPLE_INSTRUMENT;BLOCK;EUR;3;2.45000000;5000;PRC_DECOMP_EXCHANGE;;;;XEUR;8883149;268;EXCHANGE
17.01.2025;11:17:40.136;CBK.O.250117.BER.000012;STANDARD_OPTION_STRATEGY;BLOCK;EUR;7;1.69000000;20000;EXCHANGE_LAST;;1;1;XEUR;72058745089203276;268;
17.01.2025;11:17:40.136;CBK SI 20260619 PS AM P 18.00 0;SIMPLE_INSTRUMENT;BLOCK;EUR;7;2.99000000;20000;PRC_DECOMP_EXCHANGE;;;;XEUR;9542141;268;EXCHANGE
17.01.2025;11:17:40.136;CBK SI 20260619 PS AM P 14.00 0;SIMPLE_INSTRUMENT;BLOCK;EUR;7;1.30000000;20000;PRC_DECOMP_EXCHANGE;;;;XEUR;9542185;268;EXCHANGE
17.01.2025;14:49:07.900;CBK SI 20260619 PS AM C 20.00 0;SIMPLE_INSTRUMENT;BLOCK;EUR;19;1.50000000;24000;EXCHANGE_LAST;;1;1;XEUR;9666939;268;
17.01.2025;09:58:59.749;CFR FI 20250219 CS EU C 174.2000 0;FLEXIBLE_INSTRUMENT;BLOCK;CHF;13;2.35000000;300;EXCHANGE_LAST;;1;1;XEUR;1152922848931627656;313;
17.01.2025;10:52:31.837;CFR SI 20250221 PS AM P 160.00 0;SIMPLE_INSTRUMENT;BLOCK;CHF;26;4.15000000;500;EXCHANGE_LAST;;1;1;XEUR;12571786;313;
17.01.2025;12:23:02.903;CFR SI 20250321 PS AM C 170.00 0;SIMPLE_INSTRUMENT;BLOCK;CHF;44;5.65000000;400;EXCHANGE_LAST;;1;1;XEUR;10834867;313;
17.01.2025;12:08:43.627;CFR SI 20250620 PS AM C 160.00 0;SIMPLE_INSTRUMENT;BLOCK;CHF;45;14.50000000;400;EXCHANGE_LAST;;1;1;XEUR;9996505;313;
17.01.2025;12:10:05.024;CFR SI 20250620 PS AM C 180.00 0;SIMPLE_INSTRUMENT;BLOCK;CHF;46;6.72000000;350;EXCHANGE_LAST;;1;1;XEUR;9996502;313;
17.01.2025;12:10:45.249;CFR SI 20250620 PS AM C 160.00 0;SIMPLE_INSTRUMENT;BLOCK;CHF;47;14.50000000;400;EXCHANGE_LAST;;1;1;XEUR;9996505;313;
17.01.2025;12:11:03.472;CFR SI 20250620 PS AM P 160.00 0;SIMPLE_INSTRUMENT;BLOCK;CHF;48;9.88000000;350;EXCHANGE_LAST;;1;1;XEUR;9996509;313;
17.01.2025;12:22:23.782;CFR SI 20250321 PS AM C 164.00 0;SIMPLE_INSTRUMENT;BLOCK;CHF;49;7.80000000;400;EXCHANGE_LAST;;1;1;XEUR;12607513;313;
17.01.2025;17:07:45.192;CFR SI 20250221 PS AM C 170.00 0;SIMPLE_INSTRUMENT;BLOCK;CHF;106;3.50000000;332;EXCHANGE_LAST;;1;1;XEUR;12607525;313;
17.01.2025;17:08:05.320;CFR SI 20250221 PS AM C 170.00 0;SIMPLE_INSTRUMENT;BLOCK;CHF;107;3.54000000;408;EXCHANGE_LAST;;1;1;XEUR;12607525;313;
17.01.2025;15:25:38.610;CGM SI 20251219 PS AM P 160.00 0;SIMPLE_INSTRUMENT;BLOCK;EUR;41;16.80000000;1250;EXCHANGE_LAST;;2;3;XEUR;5924804;317;
17.01.2025;16:00:00.724;CGM SI 20251219 PS AM P 160.00 0;SIMPLE_INSTRUMENT;BLOCK;EUR;45;16.80000000;550;EXCHANGE_LAST;;2;2;XEUR;5924804;317;
17.01.2025;09:46:41.403;CLN SI 20251219 PS AM P 8.00 0;SIMPLE_INSTRUMENT;BLOCK;CHF;11;0.30000000;750;EXCHANGE_LAST;;1;1;XEUR;7510295;296;
17.01.2025;09:46:50.586;CLN SI 20251219 PS AM P 8.00 0;SIMPLE_INSTRUMENT;BLOCK;CHF;12;0.31000000;750;EXCHANGE_LAST;;1;1;XEUR;7510295;296;
17.01.2025;12:59:05.725;CLN SI 20250919 PS AM P 9.00 0;SIMPLE_INSTRUMENT;BLOCK;CHF;59;0.46000000;2000;EXCHANGE_LAST;;1;1;XEUR;11876256;296;
17.01.2025;16:15:51.569;CR5J SI 20250320 CS;SIMPLE_INSTRUMENT;BLOCK;EUR;68;42.61000000;1800;EXCHANGE_LAST;;1;1;XEUR;10689747;50861;
17.01.2025;09:08:21.381;CRI5.N.250117.000001;NON_STANDARD_OPTION_STRATEGY;BLOCK;EUR;1;5.22000000;500;EXCHANGE_LAST;;1;1;XEUR;72058968427474671;320;
17.01.2025;09:08:21.381;CRI5 SI 20250220 PS AM C 47.00 0;SIMPLE_INSTRUMENT;BLOCK;EUR;1;0.22250000;2000;PRC_DECOMP_EXCHANGE;;;;XEUR;12231892;320;EXCHANGE
17.01.2025;09:08:21.381;CRI5 SI 20250220 PS AM C 47.00 0;SIMPLE_INSTRUMENT;BLOCK;EUR;1;0.22300000;500;PRC_DECOMP_EXCHANGE;;;;XEUR;12231892;320;EXCHANGE
17.01.2025;09:08:21.381;CRI5 SI 20250220 PS AM P 42.00 0;SIMPLE_INSTRUMENT;BLOCK;EUR;1;1.36900000;1500;PRC_DECOMP_EXCHANGE;;;;XEUR;12231886;320;EXCHANGE
17.01.2025;10:22:48.228;D2PW SI 20251219 CS;SIMPLE_INSTRUMENT;BLOCK;EUR;9;1.82500000;150;EXCHANGE_LAST;;1;1;XEUR;3681256;9702;
17.01.2025;10:29:29.436;D2PW SI 20251219 CS;SIMPLE_INSTRUMENT;BLOCK;EUR;10;1.82500000;350;EXCHANGE_LAST;;1;3;XEUR;3681256;9702;
17.01.2025;11:52:32.448;D2PW SI 20261218 CS;SIMPLE_INSTRUMENT;BLOCK;EUR;18;1.72000000;160;EXCHANGE_LAST;;1;1;XEUR;4632317;9702;
17.01.2025;13:07:58.366;D2PW SI 20261218 CS;SIMPLE_INSTRUMENT;BLOCK;EUR;31;1.72000000;300;EXCHANGE_LAST;;1;1;XEUR;4632317;9702;
17.01.2025;12:27:35.414;D3AI SI 20261218 CS;SIMPLE_INSTRUMENT;BLOCK;EUR;22;3.28000000;370;EXCHANGE_LAST;;1;1;XEUR;7144051;443197;
17.01.2025;13:16:24.803;D3AI SI 20251219 CS;SIMPLE_INSTRUMENT;BLOCK;EUR;35;4.21000000;250;EXCHANGE_LAST;;1;2;XEUR;7144062;443197;
17.01.2025;13:29:49.936;DAI SI 20250321 PS AM C 58.00 0;SIMPLE_INSTRUMENT;BLOCK;EUR;14;1.85000000;5000;EXCHANGE_LAST;;1;1;XEUR;12490194;443196;
17.01.2025;14:06:03.743;DHE.O.250117.STD.000007;STANDARD_OPTION_STRATEGY;BLOCK;EUR;15;12.70000000;1250;EXCHANGE_LAST;;2;2;XEUR;72302986994400233;57135;
17.01.2025;14:06:03.743;DHE SI 20250919 PS AM C 30.00 0;SIMPLE_INSTRUMENT;BLOCK;EUR;15;6.22000000;1250;PRC_DECOMP_EXCHANGE;;;;XEUR;11910406;57135;EXCHANGE
17.01.2025;14:06:03.743;DHE SI 20250919 PS AM P 30.00 0;SIMPLE_INSTRUMENT;BLOCK;EUR;15;6.48000000;1250;PRC_DECOMP_EXCHANGE;;;;XEUR;11910408;57135;EXCHANGE
17.01.2025;09:09:02.225;DPW.O.250117.BR23.000008;STANDARD_OPTION_STRATEGY;BLOCK;EUR;1;-1.72000000;350;EXCHANGE_LAST;;1;1;XEUR;72059505298415461;445;
17.01.2025;09:09:02.225;DPW SI 20250919 PS AM P 34.00 0;SIMPLE_INSTRUMENT;BLOCK;EUR;1;2.33000000;700;PRC_DECOMP_EXCHANGE;;;;XEUR;11878894;445;EXCHANGE
17.01.2025;09:09:02.225;DPW SI 20250919 PS AM P 30.00 0;SIMPLE_INSTRUMENT;BLOCK;EUR;1;0.98000000;1050;PRC_DECOMP_EXCHANGE;;;;XEUR;11878853;445;EXCHANGE
17.01.2025;15:27:43.038;DPW SI 20250620 PS AM P 34.00 0;SIMPLE_INSTRUMENT;BLOCK;EUR;23;1.87000000;1000;EXCHANGE_LAST;;1;1;XEUR;11357243;445;
17.01.2025;16:07:00.744;DPW SI 20250620 PS AM C 38.00 0;SIMPLE_INSTRUMENT;BLOCK;EUR;24;0.93000000;2160;EXCHANGE_LAST;;1;1;XEUR;11357241;445;
17.01.2025;16:06:53.857;DPW SI 20250620 PS AM C 38.00 0;SIMPLE_INSTRUMENT;BLOCK;EUR;25;0.92000000;1440;EXCHANGE_LAST;;1;1;XEUR;11357241;445;
17.01.2025;12:08:25.635;DTE SI 20251219 PS AM P 30.00 0;SIMPLE_INSTRUMENT;BLOCK;EUR;10;2.03000000;1500;EXCHANGE_LAST;;1;1;XEUR;12052911;424;
17.01.2025;12:47:33.403;DTE SI 20271217 PS AM P 32.00 0;SIMPLE_INSTRUMENT;BLOCK;EUR;11;4.88000000;750;EXCHANGE_LAST;;1;1;XEUR;8779637;424;
17.01.2025;15:04:50.594;DTE SI 20250620 PS AM P 28.00 0;SIMPLE_INSTRUMENT;BLOCK;EUR;21;0.70000000;5000;EXCHANGE_LAST;;1;1;XEUR;7902018;424;
17.01.2025;16:43:18.585;DTEF SI 20250321 CS;SIMPLE_INSTRUMENT;BLOCK;EUR;72;30.44000000;3500;EXCHANGE_LAST;;1;1;XEUR;10698021;430;
17.01.2025;13:33:10.525;DTG.O.250117.CDIA.000006;STANDARD_OPTION_STRATEGY;BLOCK;EUR;15;0.22000000;1000;EXCHANGE_LAST;;1;1;XEUR;74015850016805958;455942;
17.01.2025;13:33:10.525;DTG SI 20250117 PS AM C 38.00 0;SIMPLE_INSTRUMENT;BLOCK;EUR;15;0.68000000;1000;PRC_DECOMP_EXCHANGE;;;;XEUR;12107673;455942;EXCHANGE
17.01.2025;13:33:10.525;DTG SI 20250221 PS AM C 40.00 0;SIMPLE_INSTRUMENT;BLOCK;EUR;15;0.90000000;1000;PRC_DECOMP_EXCHANGE;;;;XEUR;12277994;455942;EXCHANGE
17.01.2025;09:12:37.235;DUFN SI 20250620 PS AM C 36.00 0;SIMPLE_INSTRUMENT;BLOCK;CHF;6;4.60000000;200;EXCHANGE_LAST;;1;1;XEUR;9544828;418;
17.01.2025;09:12:37.233;DUFN SI 20250620 PS AM C 36.00 0;SIMPLE_INSTRUMENT;BLOCK;CHF;7;4.67000000;200;EXCHANGE_LAST;;1;1;XEUR;9544828;418;
17.01.2025;10:38:34.946;DVC SI 20261217 PS AM P 4.80 0;SIMPLE_INSTRUMENT;BLOCK;EUR;3;0.52000000;1000;EXCHANGE_LAST;;1;1;XEUR;12421127;420;
17.01.2025;08:42:11.203;E2DS SI 20250321 CS;SIMPLE_INSTRUMENT;BLOCK;EUR;2;0.50000000;1760;EXCHANGE_LAST;;1;1;XEUR;10442191;151299;
17.01.2025;11:28:05.424;E2NL SI 20250321 CS;SIMPLE_INSTRUMENT;BLOCK;EUR;14;0.21500000;1957;EXCHANGE_LAST;;1;1;XEUR;10403435;471;
17.01.2025;11:46:37.894;E2NL SI 20250321 CS;SIMPLE_INSTRUMENT;BLOCK;EUR;17;0.21500000;435;EXCHANGE_LAST;;1;1;XEUR;10403435;471;
17.01.2025;13:03:18.557;E2NL SI 20250321 CS;SIMPLE_INSTRUMENT;BLOCK;EUR;25;0.21500000;1740;EXCHANGE_LAST;;1;1;XEUR;10403435;471;
17.01.2025;12:59:57.515;E2NL SI 20281215 CS;SIMPLE_INSTRUMENT;BLOCK;EUR;30;0.41000000;2500;EXCHANGE_LAST;;1;1;XEUR;6802276;471;
17.01.2025;15:35:42.627;E2NL SI 20281215 CS;SIMPLE_INSTRUMENT;BLOCK;EUR;56;0.41000000;1500;EXCHANGE_LAST;;1;1;XEUR;6802276;471;
17.01.2025;10:41:21.560;EAD SI 20250117 PS AM C 150.00 0;SIMPLE_INSTRUMENT;BLOCK;EUR;14;10.05000000;1500;EXCHANGE_LAST;;1;1;XEUR;12074178;465;
17.01.2025;10:40:50.380;EAD SI 20250321 PS AM C 155.00 0;SIMPLE_INSTRUMENT;BLOCK;EUR;15;10.06000000;1500;EXCHANGE_LAST;;1;1;XEUR;12440441;465;
17.01.2025;13:57:23.651;EAD SI 20250620 PS AM C 170.00 0;SIMPLE_INSTRUMENT;BLOCK;EUR;31;6.56000000;1500;EXCHANGE_LAST;;1;1;XEUR;11358073;465;
17.01.2025;08:41:15.611;EDSF SI 20250321 CS;SIMPLE_INSTRUMENT;BLOCK;EUR;1;21.20770000;20000;EXCHANGE_LAST;;1;1;XEUR;10732784;377920;
17.01.2025;12:07:02.921;ENL5 SI 20250220 PS AM P 8.20 0;SIMPLE_INSTRUMENT;BLOCK;EUR;5;1.20500000;2000;EXCHANGE_LAST;;2;1;XEUR;12607947;500;
17.01.2025;11:45:59.943;ENLH SI 20250220 CS;SIMPLE_INSTRUMENT;BLOCK;EUR;16;6.99900000;1000;EXCHANGE_LAST;;1;1;XEUR;10559024;524976;
17.01.2025;12:53:27.939;ENLH SI 20250320 CS;SIMPLE_INSTRUMENT;BLOCK;EUR;26;7.02710000;8000;EXCHANGE_LAST;;1;1;XEUR;10690796;524976;
17.01.2025;09:14:00.890;ENR SI 20260619 PS AM P 30.00 0;SIMPLE_INSTRUMENT;BLOCK;EUR;2;2.42000000;600;EXCHANGE_LAST;;1;1;XEUR;12374444;298530;
17.01.2025;10:09:23.993;ENR SI 20250620 PS AM P 46.00 0;SIMPLE_INSTRUMENT;BLOCK;EUR;5;3.61000000;700;EXCHANGE_LAST;;1;1;XEUR;11846965;298530;
17.01.2025;10:47:05.743;ENR SI 20251219 PS AM C 60.00 0;SIMPLE_INSTRUMENT;BLOCK;EUR;6;7.35000000;750;EXCHANGE_LAST;;1;1;XEUR;11859554;298530;
17.01.2025;10:54:02.425;ENR.O.250117.STG.000007;STANDARD_OPTION_STRATEGY;BLOCK;EUR;7;3.44000000;765;EXCHANGE_LAST;;1;1;XEUR;73339770624817683;298530;
17.01.2025;10:54:02.425;ENR SI 20250221 PS AM C 57.00 0;SIMPLE_INSTRUMENT;BLOCK;EUR;7;1.93000000;765;PRC_DECOMP_EXCHANGE;;;;XEUR;12573840;298530;EXCHANGE
17.01.2025;10:54:02.425;ENR SI 20250221 PS AM P 47.00 0;SIMPLE_INSTRUMENT;BLOCK;EUR;7;1.51000000;765;PRC_DECOMP_EXCHANGE;;;;XEUR;12273387;298530;EXCHANGE
17.01.2025;10:53:52.149;ENR.O.250117.STG.000007;STANDARD_OPTION_STRATEGY;BLOCK;EUR;8;3.46000000;935;EXCHANGE_LAST;;1;1;XEUR;73339770624817683;298530;
17.01.2025;10:53:52.149;ENR SI 20250221 PS AM P 47.00 0;SIMPLE_INSTRUMENT;BLOCK;EUR;8;1.52000000;935;PRC_DECOMP_EXCHANGE;;;;XEUR;12273387;298530;EXCHANGE
17.01.2025;10:53:52.149;ENR SI 20250221 PS AM C 57.00 0;SIMPLE_INSTRUMENT;BLOCK;EUR;8;1.94000000;935;PRC_DECOMP_EXCHANGE;;;;XEUR;12573840;298530;EXCHANGE
17.01.2025;13:49:34.659;ENR SI 20250620 PS AM P 40.00 0;SIMPLE_INSTRUMENT;BLOCK;EUR;14;1.83000000;500;EXCHANGE_LAST;;1;1;XEUR;10971100;298530;
17.01.2025;14:52:42.084;ENR SI 20251219 PS AM P 38.00 0;SIMPLE_INSTRUMENT;BLOCK;EUR;20;3.42000000;1000;EXCHANGE_LAST;;1;1;XEUR;12484049;298530;
17.01.2025;11:13:09.596;EOA SI 20250321 PS AM P 11.00 0;SIMPLE_INSTRUMENT;BLOCK;EUR;8;0.36000000;6500;EXCHANGE_LAST;;2;2;XEUR;10867708;49065;
17.01.2025;15:01:32.023;ESL SI 20250321 PS AM P 225.00 0;SIMPLE_INSTRUMENT;BLOCK;EUR;35;2.68000000;350;EXCHANGE_LAST;;1;1;XEUR;12440672;481;
17.01.2025;15:01:34.107;ESL SI 20250321 PS AM P 225.00 0;SIMPLE_INSTRUMENT;BLOCK;EUR;36;2.65000000;299;EXCHANGE_LAST;;1;1;XEUR;12440672;481;
17.01.2025;08:41:33.043;EVK SI 20261218 PS AM C 18.00 0;SIMPLE_INSTRUMENT;BLOCK;EUR;3;1.40000000;5000;EXCHANGE_LAST;;1;1;XEUR;7174708;10806;
17.01.2025;13:46:07.438;EVK SI 20250321 PS AM C 17.50 0;SIMPLE_INSTRUMENT;BLOCK;EUR;14;0.70000000;1000;EXCHANGE_LAST;;1;1;XEUR;12467338;10806;
17.01.2025;16:16:53.834;EVK SI 20250321 PS AM C 18.00 0;SIMPLE_INSTRUMENT;BLOCK;EUR;18;0.42000000;2000;EXCHANGE_LAST;;2;1;XEUR;10862571;10806;
17.01.2025;08:29:59.761;FBTP SI 20250306 PS;SIMPLE_INSTRUMENT;EFP_FIN;EUR;1;119.02000000;1119;EXCHANGE_LAST;;1;1;XEUR;11286675;636;
17.01.2025;08:35:23.257;FBTP SI 20250306 PS;SIMPLE_INSTRUMENT;EFP_FIN;EUR;2;119.09000000;454;EXCHANGE_LAST;;1;1;XEUR;11286675;636;
17.01.2025;08:35:26.478;FBTP SI 20250306 PS;SIMPLE_INSTRUMENT;EFP_FIN;EUR;3;119.12000000;224;EXCHANGE_LAST;;1;1;XEUR;11286675;636;
17.01.2025;08:50:15.039;FBTP SI 20250306 PS;SIMPLE_INSTRUMENT;BLOCK;EUR;4;119.13000000;1037;EXCHANGE_LAST;;1;1;XEUR;11286675;636;
17.01.2025;09:05:19.423;FBTP SI 20250306 PS;SIMPLE_INSTRUMENT;EFP_FIN;EUR;5;119.08000000;448;EXCHANGE_LAST;;1;1;XEUR;11286675;636;
17.01.2025;09:06:44.812;FBTP SI 20250306 PS;SIMPLE_INSTRUMENT;EFP_FIN;EUR;6;119.12000000;224;EXCHANGE_LAST;;1;1;XEUR;11286675;636;
17.01.2025;09:27:53.408;FBTP SI 20250306 PS;SIMPLE_INSTRUMENT;EFP_FIN;EUR;7;119.15000000;522;EXCHANGE_LAST;;1;1;XEUR;11286675;636;
17.01.2025;09:34:00.588;FBTP SI 20250306 PS;SIMPLE_INSTRUMENT;EFP_FIN;EUR;8;119.24000000;224;EXCHANGE_LAST;;1;1;XEUR;11286675;636;
17.01.2025;09:41:21.589;FBTP SI 20250306 PS;SIMPLE_INSTRUMENT;BLOCK;EUR;9;119.12000000;269;EXCHANGE_LAST;;1;1;XEUR;11286675;636;
17.01.2025;09:51:08.567;FBTP SI 20250306 PS;SIMPLE_INSTRUMENT;EFP_FIN;EUR;10;119.22000000;248;EXCHANGE_LAST;;1;1;XEUR;11286675;636;
17.01.2025;10:09:29.854;FBTP SI 20250306 PS;SIMPLE_INSTRUMENT;BLOCK;EUR;11;119.22000000;2327;EXCHANGE_LAST;;1;1;XEUR;11286675;636;
17.01.2025;10:13:04.038;FBTP SI 20250306 PS;SIMPLE_INSTRUMENT;EFP_FIN;EUR;12;119.22000000;613;EXCHANGE_LAST;;1;1;XEUR;11286675;636;
17.01.2025;10:22:05.344;FBTP SI 20250306 PS;SIMPLE_INSTRUMENT;EFP_FIN;EUR;13;119.12000000;224;EXCHANGE_LAST;;1;1;XEUR;11286675;636;
17.01.2025;10:26:59.301;FBTP SI 20250306 PS;SIMPLE_INSTRUMENT;EFP_FIN;EUR;14;119.27000000;224;EXCHANGE_LAST;;1;1;XEUR;11286675;636;
17.01.2025;10:37:03.544;FBTP SI 20250306 PS;SIMPLE_INSTRUMENT;EFS;EUR;15;119.28000000;236;EXCHANGE_LAST;;1;1;XEUR;11286675;636;
17.01.2025;11:01:26.480;FBTP SI 20250306 PS;SIMPLE_INSTRUMENT;BLOCK;EUR;16;119.19000000;500;EXCHANGE_LAST;;1;1;XEUR;11286675;636;
17.01.2025;11:06:37.603;FBTP SI 20250306 PS;SIMPLE_INSTRUMENT;EFP_FIN;EUR;17;119.23000000;448;EXCHANGE_LAST;;1;1;XEUR;11286675;636;
17.01.2025;11:02:49.419;FBTP SI 20250306 PS;SIMPLE_INSTRUMENT;EFP_FIN;EUR;18;119.23000000;338;EXCHANGE_LAST;;1;1;XEUR;11286675;636;
17.01.2025;11:09:16.192;FBTP SI 20250306 PS;SIMPLE_INSTRUMENT;EFP_FIN;EUR;19;119.18000000;672;EXCHANGE_LAST;;1;1;XEUR;11286675;636;
17.01.2025;11:10:01.469;FBTP SI 20250306 PS;SIMPLE_INSTRUMENT;EFP_FIN;EUR;20;119.18000000;224;EXCHANGE_LAST;;1;1;XEUR;11286675;636;
17.01.2025;11:44:27.434;FBTP SI 20250306 PS;SIMPLE_INSTRUMENT;EFP_FIN;EUR;21;119.20000000;134;EXCHANGE_LAST;;1;1;XEUR;11286675;636;
17.01.2025;11:56:05.962;FBTP SI 20250306 PS;SIMPLE_INSTRUMENT;BLOCK;EUR;22;119.24000000;1207;EXCHANGE_LAST;;1;1;XEUR;11286675;636;
17.01.2025;13:18:07.521;FBTP SI 20250306 PS;SIMPLE_INSTRUMENT;BLOCK;EUR;23;119.30000000;473;EXCHANGE_LAST;;1;1;XEUR;11286675;636;
17.01.2025;13:47:21.680;FBTP SI 20250306 PS;SIMPLE_INSTRUMENT;BLOCK;EUR;24;119.30000000;484;EXCHANGE_LAST;;1;1;XEUR;11286675;636;
17.01.2025;13:56:58.137;FBTP SI 20250306 PS;SIMPLE_INSTRUMENT;EFP_FIN;EUR;25;119.33000000;308;EXCHANGE_LAST;;1;1;XEUR;11286675;636;
17.01.2025;13:56:58.157;FBTP SI 20250306 PS;SIMPLE_INSTRUMENT;EFP_FIN;EUR;26;119.33000000;257;EXCHANGE_LAST;;1;1;XEUR;11286675;636;
17.01.2025;13:56:58.157;FBTP SI 20250306 PS;SIMPLE_INSTRUMENT;EFP_FIN;EUR;27;119.33000000;171;EXCHANGE_LAST;;1;1;XEUR;11286675;636;
17.01.2025;14:07:48.225;FBTP SI 20250306 PS;SIMPLE_INSTRUMENT;EFP_FIN;EUR;28;119.24000000;699;EXCHANGE_LAST;;1;1;XEUR;11286675;636;
17.01.2025;14:28:18.875;FBTP SI 20250306 PS;SIMPLE_INSTRUMENT;EFP_FIN;EUR;30;119.23000000;282;EXCHANGE_LAST;;1;1;XEUR;11286675;636;
17.01.2025;15:40:51.105;FBTP SI 20250306 PS;SIMPLE_INSTRUMENT;EFP_FIN;EUR;31;119.12000000;723;EXCHANGE_LAST;;1;1;XEUR;11286675;636;
17.01.2025;16:19:58.008;FBTP SI 20250306 PS;SIMPLE_INSTRUMENT;EFP_FIN;EUR;32;119.07000000;114;EXCHANGE_LAST;;1;1;XEUR;11286675;636;
17.01.2025;09:06:40.375;FBTS SI 20250306 PS;SIMPLE_INSTRUMENT;EFP_FIN;EUR;4;107.15000000;817;EXCHANGE_LAST;;1;1;XEUR;11286677;639;
17.01.2025;09:07:58.878;FBTS SI 20250306 PS;SIMPLE_INSTRUMENT;EFP_FIN;EUR;5;107.14000000;545;EXCHANGE_LAST;;1;1;XEUR;11286677;639;
17.01.2025;09:10:47.619;FBTS SI 20250306 PS;SIMPLE_INSTRUMENT;BLOCK;EUR;6;107.15000000;1081;EXCHANGE_LAST;;1;1;XEUR;11286677;639;
17.01.2025;10:11:50.764;FBTS SI 20250306 PS;SIMPLE_INSTRUMENT;EFP_FIN;EUR;11;107.16000000;626;EXCHANGE_LAST;;1;1;XEUR;11286677;639;
17.01.2025;12:13:20.635;FBTS SI 20250306 PS;SIMPLE_INSTRUMENT;BLOCK;EUR;13;107.13000000;908;EXCHANGE_LAST;;1;1;XEUR;11286677;639;
17.01.2025;13:29:57.632;FBTS SI 20250306 PS;SIMPLE_INSTRUMENT;EFP_FIN;EUR;17;107.19000000;857;EXCHANGE_LAST;;1;1;XEUR;11286677;639;
17.01.2025;13:58:47.256;FBTS SI 20250306 PS;SIMPLE_INSTRUMENT;BLOCK;EUR;18;107.17000000;171;EXCHANGE_LAST;;1;1;XEUR;11286677;639;
17.01.2025;14:14:56.800;FBTS SI 20250306 PS;SIMPLE_INSTRUMENT;EFP_FIN;EUR;19;107.16000000;792;EXCHANGE_LAST;;1;1;XEUR;11286677;639;
17.01.2025;15:07:33.295;FBTS SI 20250306 PS;SIMPLE_INSTRUMENT;EFP_FIN;EUR;21;107.14000000;1561;EXCHANGE_LAST;;1;1;XEUR;11286677;639;
17.01.2025;15:19:40.568;FBTS SI 20250306 PS;SIMPLE_INSTRUMENT;EFP_FIN;EUR;23;107.13000000;962;EXCHANGE_LAST;;1;1;XEUR;11286677;639;
17.01.2025;16:03:18.739;FBTS SI 20250306 PS;SIMPLE_INSTRUMENT;BLOCK;EUR;25;107.13000000;254;EXCHANGE_LAST;;1;1;XEUR;11286677;639;
17.01.2025;16:21:33.045;FBTS SI 20250306 PS;SIMPLE_INSTRUMENT;BLOCK;EUR;28;107.11000000;372;EXCHANGE_LAST;;1;1;XEUR;11286677;639;
17.01.2025;17:08:20.485;FCEP SI 20250317 PS;SIMPLE_INSTRUMENT;BLOCK;GBP;3;0.84703000;148;EXCHANGE_LAST;;1;1;XEUR;9136226;369375;
17.01.2025;07:20:56.365;FCEU SI 20250317 PS;SIMPLE_INSTRUMENT;BLOCK;USD;1;1.03060000;462;EXCHANGE_LAST;;1;1;XEUR;9136240;369376;
17.01.2025;13:36:38.897;FCEY SI 20250317 PS;SIMPLE_INSTRUMENT;BLOCK;JPY;2;159.42000000;137;EXCHANGE_LAST;;1;1;XEUR;9136148;369363;
17.01.2025;13:44:01.127;FDAX SI 20250321 CS;SIMPLE_INSTRUMENT;BLOCK;EUR;1;21000.00000000;340;EXCHANGE_LAST;;1;1;XEUR;7561255;589;
17.01.2025;16:52:04.367;FDAX SI 20250321 CS;SIMPLE_INSTRUMENT;EFP_IDX;EUR;2;21024.00000000;16;EXCHANGE_LAST;;1;1;XEUR;7561255;589;
17.01.2025;16:52:13.265;FDAX SI 20250321 CS;SIMPLE_INSTRUMENT;EFP_IDX;EUR;3;21027.00000000;9;EXCHANGE_LAST;;1;1;XEUR;7561255;589;
17.01.2025;16:52:21.085;FDAX SI 20250321 CS;SIMPLE_INSTRUMENT;EFP_IDX;EUR;4;21028.00000000;69;EXCHANGE_LAST;;1;1;XEUR;7561255;589;
17.01.2025;16:52:22.417;FDAX SI 20250321 CS;SIMPLE_INSTRUMENT;EFP_IDX;EUR;5;21025.00000000;11;EXCHANGE_LAST;;1;1;XEUR;7561255;589;
17.01.2025;16:52:36.453;FDAX SI 20250321 CS;SIMPLE_INSTRUMENT;EFP_IDX;EUR;6;21027.00000000;5;EXCHANGE_LAST;;1;1;XEUR;7561255;589;
17.01.2025;16:52:43.107;FDAX SI 20250321 CS;SIMPLE_INSTRUMENT;EFP_IDX;EUR;7;21028.00000000;40;EXCHANGE_LAST;;1;1;XEUR;7561255;589;
17.01.2025;09:42:51.031;FDAX SI 20250321 CS;SIMPLE_INSTRUMENT;VOLA;EUR;671088650;21000.00000000;49;EXCHANGE_LAST;;1;1;XEUR;7561255;589;
17.01.2025;10:18:35.294;FDAX SI 20250321 CS;SIMPLE_INSTRUMENT;VOLA;EUR;671088657;20970.00000000;13;EXCHANGE_LAST;;1;1;XEUR;7561255;589;
17.01.2025;13:27:05.166;FDAX SI 20250321 CS;SIMPLE_INSTRUMENT;VOLA;EUR;671088667;21000.00000000;17;EXCHANGE_LAST;;1;1;XEUR;7561255;589;
17.01.2025;15:12:17.716;FEBD SI 20261218 CS;SIMPLE_INSTRUMENT;BLOCK;EUR;19;9.94000000;750;EXCHANGE_LAST;;1;1;XEUR;7158212;597;
17.01.2025;15:12:39.565;FEBD SI 20271217 CS;SIMPLE_INSTRUMENT;BLOCK;EUR;20;9.10000000;750;EXCHANGE_LAST;;1;1;XEUR;7776307;597;
17.01.2025;15:48:42.068;FEBD.S.DEC26.DEC29.SPD;FUTURES_SPREAD;BLOCK;EUR;23;2.12000000;500;EXCHANGE_LAST;;1;1;XEUR;72060158133406993;597;
17.01.2025;15:48:42.068;FEBD SI 20291221 CS;SIMPLE_INSTRUMENT;BLOCK;EUR;23;7.81000000;500;PRC_DECOMP_MEMBER;;;;XEUR;8782283;597;MEMBER
17.01.2025;15:48:42.068;FEBD SI 20261218 CS;SIMPLE_INSTRUMENT;BLOCK;EUR;23;9.93000000;500;PRC_DECOMP_MEMBER;;;;XEUR;7158212;597;MEMBER
17.01.2025;16:11:20.670;FECX SI 20250321 CS;SIMPLE_INSTRUMENT;BLOCK;EUR;26;165.37000000;49;EXCHANGE_LAST;;1;1;XEUR;11427948;410158;
17.01.2025;16:10:38.946;FES1 SI 20250321 PS;SIMPLE_INSTRUMENT;BLOCK;EUR;25;15.70000000;900;EXCHANGE_LAST;;1;1;XEUR;11391470;58959;
17.01.2025;10:37:22.239;FESB SI 20250321 CS;SIMPLE_INSTRUMENT;VOLA;EUR;603979802;158.00000000;60;EXCHANGE_LAST;;1;1;XEUR;11359072;605;
17.01.2025;09:01:45.424;FESX SI 20250321 CS;SIMPLE_INSTRUMENT;BLOCK;EUR;1;5150.00000000;2100;EXCHANGE_LAST;;1;1;XEUR;7793482;675;
17.01.2025;09:45:56.179;FESX SI 20250321 CS;SIMPLE_INSTRUMENT;EFP_IDX;EUR;2;5160.00000000;500;EXCHANGE_LAST;;1;1;XEUR;7793482;675;
17.01.2025;10:31:28.398;FESX SI 20250321 CS;SIMPLE_INSTRUMENT;BLOCK;EUR;3;5161.00000000;2600;EXCHANGE_LAST;;1;1;XEUR;7793482;675;
17.01.2025;11:21:53.410;FESX SI 20250321 CS;SIMPLE_INSTRUMENT;BLOCK;EUR;4;5160.00000000;23150;EXCHANGE_LAST;;1;1;XEUR;7793482;675;
17.01.2025;13:38:17.883;FESX SI 20250321 CS;SIMPLE_INSTRUMENT;BLOCK;EUR;5;5160.00000000;3000;EXCHANGE_LAST;;1;1;XEUR;7793482;675;
17.01.2025;13:45:06.207;FESX SI 20250321 CS;SIMPLE_INSTRUMENT;EFP_IDX;EUR;6;5165.00000000;1000;EXCHANGE_LAST;;1;1;XEUR;7793482;675;
17.01.2025;14:29:27.488;FESX SI 20250321 CS;SIMPLE_INSTRUMENT;BLOCK;EUR;7;5169.00000000;2000;EXCHANGE_LAST;;1;1;XEUR;7793482;675;
17.01.2025;16:04:24.284;FESX SI 20250321 CS;SIMPLE_INSTRUMENT;BLOCK;EUR;8;5160.00000000;3375;EXCHANGE_LAST;;1;1;XEUR;7793482;675;
17.01.2025;16:44:47.466;FESX SI 20250321 CS;SIMPLE_INSTRUMENT;EFP_IDX;EUR;9;5163.00000000;20;EXCHANGE_LAST;;1;1;XEUR;7793482;675;
17.01.2025;16:45:06.921;FESX SI 20250321 CS;SIMPLE_INSTRUMENT;EFP_IDX;EUR;10;5164.00000000;80;EXCHANGE_LAST;;1;1;XEUR;7793482;675;
17.01.2025;16:47:51.674;FESX SI 20250321 CS;SIMPLE_INSTRUMENT;EFP_IDX;EUR;11;5165.00000000;25;EXCHANGE_LAST;;1;1;XEUR;7793482;675;
17.01.2025;16:48:06.090;FESX SI 20250321 CS;SIMPLE_INSTRUMENT;EFP_IDX;EUR;12;5164.00000000;475;EXCHANGE_LAST;;1;1;XEUR;7793482;675;
17.01.2025;16:50:47.011;FESX SI 20250321 CS;SIMPLE_INSTRUMENT;EFP_IDX;EUR;13;5165.00000000;75;EXCHANGE_LAST;;1;1;XEUR;7793482;675;
17.01.2025;16:50:27.861;FESX SI 20250321 CS;SIMPLE_INSTRUMENT;EFP_IDX;EUR;14;5164.00000000;1425;EXCHANGE_LAST;;1;1;XEUR;7793482;675;
17.01.2025;16:49:54.692;FESX SI 20250321 CS;SIMPLE_INSTRUMENT;EFP_IDX;EUR;15;5164.00000000;950;EXCHANGE_LAST;;1;1;XEUR;7793482;675;
17.01.2025;16:50:01.511;FESX SI 20250321 CS;SIMPLE_INSTRUMENT;EFP_IDX;EUR;16;5165.00000000;50;EXCHANGE_LAST;;1;1;XEUR;7793482;675;
17.01.2025;16:53:00.351;FESX SI 20250321 CS;SIMPLE_INSTRUMENT;EFP_IDX;EUR;17;5163.00000000;67;EXCHANGE_LAST;;1;1;XEUR;7793482;675;
17.01.2025;16:50:11.185;FESX SI 20250321 CS;SIMPLE_INSTRUMENT;EFP_IDX;EUR;18;5164.00000000;950;EXCHANGE_LAST;;1;1;XEUR;7793482;675;
17.01.2025;16:50:18.149;FESX SI 20250321 CS;SIMPLE_INSTRUMENT;EFP_IDX;EUR;19;5165.00000000;50;EXCHANGE_LAST;;1;1;XEUR;7793482;675;
17.01.2025;16:52:48.184;FESX SI 20250321 CS;SIMPLE_INSTRUMENT;EFP_IDX;EUR;20;5164.00000000;833;EXCHANGE_LAST;;1;1;XEUR;7793482;675;
17.01.2025;16:50:44.452;FESX SI 20250321 CS;SIMPLE_INSTRUMENT;EFP_IDX;EUR;21;5164.00000000;647;EXCHANGE_LAST;;1;1;XEUR;7793482;675;
17.01.2025;16:52:18.589;FESX SI 20250321 CS;SIMPLE_INSTRUMENT;EFP_IDX;EUR;22;5163.00000000;23;EXCHANGE_LAST;;1;1;XEUR;7793482;675;
17.01.2025;16:51:54.498;FESX SI 20250321 CS;SIMPLE_INSTRUMENT;EFP_IDX;EUR;23;5164.00000000;277;EXCHANGE_LAST;;1;1;XEUR;7793482;675;
17.01.2025;16:51:00.630;FESX SI 20250321 CS;SIMPLE_INSTRUMENT;EFP_IDX;EUR;24;5164.00000000;595;EXCHANGE_LAST;;1;1;XEUR;7793482;675;
17.01.2025;16:51:01.054;FESX SI 20250321 CS;SIMPLE_INSTRUMENT;EFP_IDX;EUR;25;5163.00000000;53;EXCHANGE_LAST;;1;1;XEUR;7793482;675;
17.01.2025;16:51:14.920;FESX SI 20250321 CS;SIMPLE_INSTRUMENT;EFP_IDX;EUR;26;5164.00000000;1520;EXCHANGE_LAST;;1;1;XEUR;7793482;675;
17.01.2025;16:51:15.601;FESX SI 20250321 CS;SIMPLE_INSTRUMENT;EFP_IDX;EUR;27;5163.00000000;48;EXCHANGE_LAST;;1;1;XEUR;7793482;675;
17.01.2025;16:51:29.658;FESX SI 20250321 CS;SIMPLE_INSTRUMENT;EFP_IDX;EUR;28;5165.00000000;80;EXCHANGE_LAST;;1;1;XEUR;7793482;675;
17.01.2025;16:55:44.557;FESX SI 20250321 CS;SIMPLE_INSTRUMENT;EFP_IDX;EUR;29;5165.00000000;33;EXCHANGE_LAST;;1;1;XEUR;7793482;675;
17.01.2025;16:56:00.166;FESX SI 20250321 CS;SIMPLE_INSTRUMENT;EFP_IDX;EUR;30;5164.00000000;617;EXCHANGE_LAST;;1;1;XEUR;7793482;675;
17.01.2025;16:54:51.326;FESX SI 20250321 CS;SIMPLE_INSTRUMENT;EFP_IDX;EUR;31;5163.00000000;11;EXCHANGE_LAST;;1;1;XEUR;7793482;675;
17.01.2025;16:54:39.325;FESX SI 20250321 CS;SIMPLE_INSTRUMENT;EFP_IDX;EUR;32;5164.00000000;138;EXCHANGE_LAST;;1;1;XEUR;7793482;675;
17.01.2025;08:38:21.060;FESX SI 20250321 CS;SIMPLE_INSTRUMENT;VOLA;EUR;637534214;5140.00000000;74;EXCHANGE_LAST;;1;1;XEUR;7793482;675;
17.01.2025;08:53:05.840;FESX SI 20250321 CS;SIMPLE_INSTRUMENT;VOLA;EUR;637534221;5155.00000000;10;EXCHANGE_LAST;;1;1;XEUR;7793482;675;
17.01.2025;09:41:35.014;FESX SI 20250321 CS;SIMPLE_INSTRUMENT;VOLA;EUR;637534248;5160.00000000;1300;EXCHANGE_LAST;;1;1;XEUR;7793482;675;
17.01.2025;09:53:07.437;FESX SI 20250321 CS;SIMPLE_INSTRUMENT;VOLA;EUR;637534259;5160.00000000;198;EXCHANGE_LAST;;1;1;XEUR;7793482;675;
17.01.2025;09:52:16.347;FESX SI 20250321 CS;SIMPLE_INSTRUMENT;VOLA;EUR;637534262;5162.00000000;298;EXCHANGE_LAST;;1;1;XEUR;7793482;675;
17.01.2025;09:55:27.106;FESX SI 20250321 CS;SIMPLE_INSTRUMENT;VOLA;EUR;637534263;5160.00000000;411;EXCHANGE_LAST;;1;1;XEUR;7793482;675;
17.01.2025;09:55:41.637;FESX SI 20250321 CS;SIMPLE_INSTRUMENT;VOLA;EUR;637534266;5162.00000000;1080;EXCHANGE_LAST;;1;1;XEUR;7793482;675;
17.01.2025;10:24:35.623;FESX SI 20250321 CS;SIMPLE_INSTRUMENT;VOLA;EUR;637534289;5160.00000000;140;EXCHANGE_LAST;;1;1;XEUR;7793482;675;
17.01.2025;10:41:07.292;FESX SI 20250321 CS;SIMPLE_INSTRUMENT;VOLA;EUR;637534305;5162.00000000;99;EXCHANGE_LAST;;1;1;XEUR;7793482;675;
17.01.2025;11:42:52.580;FESX SI 20250321 CS;SIMPLE_INSTRUMENT;VOLA;EUR;637534334;5160.00000000;240;EXCHANGE_LAST;;1;1;XEUR;7793482;675;
17.01.2025;12:31:11.331;FESX SI 20250321 CS;SIMPLE_INSTRUMENT;VOLA;EUR;637534356;5155.00000000;15;EXCHANGE_LAST;;1;1;XEUR;7793482;675;
17.01.2025;12:34:19.164;FESX SI 20250321 CS;SIMPLE_INSTRUMENT;VOLA;EUR;637534371;5157.00000000;145;EXCHANGE_LAST;;1;1;XEUR;7793482;675;
17.01.2025;12:36:38.979;FESX SI 20250321 CS;SIMPLE_INSTRUMENT;VOLA;EUR;637534375;5161.00000000;50;EXCHANGE_LAST;;1;1;XEUR;7793482;675;
17.01.2025;12:42:06.422;FESX SI 20250321 CS;SIMPLE_INSTRUMENT;VOLA;EUR;637534380;5160.00000000;240;EXCHANGE_LAST;;1;1;XEUR;7793482;675;
17.01.2025;13:28:20.713;FESX SI 20250321 CS;SIMPLE_INSTRUMENT;VOLA;EUR;637534395;5150.00000000;110;EXCHANGE_LAST;;1;1;XEUR;7793482;675;
17.01.2025;13:41:00.467;FESX SI 20250321 CS;SIMPLE_INSTRUMENT;VOLA;EUR;637534400;5166.00000000;1260;EXCHANGE_LAST;;1;1;XEUR;7793482;675;
17.01.2025;14:03:49.493;FESX SI 20250321 CS;SIMPLE_INSTRUMENT;VOLA;EUR;637534411;5163.00000000;224;EXCHANGE_LAST;;1;1;XEUR;7793482;675;
17.01.2025;14:09:05.353;FESX SI 20250321 CS;SIMPLE_INSTRUMENT;VOLA;EUR;637534419;5166.00000000;100;EXCHANGE_LAST;;1;1;XEUR;7793482;675;
17.01.2025;14:19:21.688;FESX SI 20250321 CS;SIMPLE_INSTRUMENT;VOLA;EUR;637534424;5160.00000000;700;EXCHANGE_LAST;;1;1;XEUR;7793482;675;
17.01.2025;14:18:46.078;FESX SI 20250321 CS;SIMPLE_INSTRUMENT;VOLA;EUR;637534425;5165.00000000;259;EXCHANGE_LAST;;1;1;XEUR;7793482;675;
17.01.2025;14:51:44.726;FESX SI 20250321 CS;SIMPLE_INSTRUMENT;VOLA;EUR;637534445;5164.00000000;219;EXCHANGE_LAST;;1;1;XEUR;7793482;675;
17.01.2025;15:23:42.708;FESX SI 20250321 CS;SIMPLE_INSTRUMENT;VOLA;EUR;637534465;5166.00000000;192;EXCHANGE_LAST;;1;1;XEUR;7793482;675;
17.01.2025;15:55:18.104;FESX SI 20250321 CS;SIMPLE_INSTRUMENT;VOLA;EUR;637534490;5164.00000000;1068;EXCHANGE_LAST;;1;1;XEUR;7793482;675;
17.01.2025;16:18:27.917;FESX SI 20250321 CS;SIMPLE_INSTRUMENT;VOLA;EUR;637534505;5161.00000000;968;EXCHANGE_LAST;;1;1;XEUR;7793482;675;
17.01.2025;16:18:32.881;FESX SI 20250321 CS;SIMPLE_INSTRUMENT;VOLA;EUR;637534506;5161.00000000;968;EXCHANGE_LAST;;1;1;XEUR;7793482;675;
17.01.2025;16:53:57.741;FESX SI 20250321 CS;SIMPLE_INSTRUMENT;VOLA;EUR;637534519;5164.00000000;875;EXCHANGE_LAST;;1;1;XEUR;7793482;675;
17.01.2025;09:33:02.314;FEXD SI 20261218 CS;SIMPLE_INSTRUMENT;BLOCK;EUR;1;156.50000000;500;EXCHANGE_LAST;;1;1;XEUR;2163053;693;
17.01.2025;09:32:55.505;FEXD SI 20261218 CS;SIMPLE_INSTRUMENT;BLOCK;EUR;2;156.40000000;500;EXCHANGE_LAST;;1;1;XEUR;2163053;693;
17.01.2025;10:00:54.931;FEXD SI 20261218 CS;SIMPLE_INSTRUMENT;BLOCK;EUR;5;156.60000000;1500;EXCHANGE_LAST;;1;1;XEUR;2163053;693;
17.01.2025;10:16:54.666;FEXD SI 20251219 CS;SIMPLE_INSTRUMENT;BLOCK;EUR;7;159.60000000;400;EXCHANGE_LAST;;1;1;XEUR;1548120;693;
17.01.2025;10:49:28.836;FEXD SI 20261218 CS;SIMPLE_INSTRUMENT;BLOCK;EUR;8;156.40000000;350;EXCHANGE_LAST;;1;1;XEUR;2163053;693;
17.01.2025;10:57:38.907;FEXD SI 20261218 CS;SIMPLE_INSTRUMENT;BLOCK;EUR;9;156.30000000;250;EXCHANGE_LAST;;1;1;XEUR;2163053;693;
17.01.2025;13:32:33.366;FEXD.S.DEC26.DEC27.SPD;FUTURES_SPREAD;BLOCK;EUR;12;5.20000000;150;EXCHANGE_LAST;;1;1;XEUR;72060570450264153;693;
17.01.2025;13:32:33.366;FEXD SI 20271217 CS;SIMPLE_INSTRUMENT;BLOCK;EUR;12;151.60000000;150;PRC_DECOMP_EXCHANGE;;;;XEUR;2848338;693;EXCHANGE
17.01.2025;13:32:33.366;FEXD SI 20261218 CS;SIMPLE_INSTRUMENT;BLOCK;EUR;12;156.80000000;150;PRC_DECOMP_EXCHANGE;;;;XEUR;2163053;693;EXCHANGE
17.01.2025;13:54:44.368;FEXD.S.DEC28.DEC30.SPD;FUTURES_SPREAD;BLOCK;EUR;15;7.60000000;100;EXCHANGE_LAST;;1;1;XEUR;72060570450264202;693;
17.01.2025;13:54:44.368;FEXD SI 20301220 CS;SIMPLE_INSTRUMENT;BLOCK;EUR;15;139.40000000;100;PRC_DECOMP_EXCHANGE;;;;XEUR;5914108;693;EXCHANGE
17.01.2025;13:54:44.368;FEXD SI 20281215 CS;SIMPLE_INSTRUMENT;BLOCK;EUR;15;147.00000000;100;PRC_DECOMP_EXCHANGE;;;;XEUR;3680985;693;EXCHANGE
17.01.2025;14:13:07.456;FEXD.S.DEC25.DEC27.SPD;FUTURES_SPREAD;BLOCK;EUR;16;8.40000000;300;EXCHANGE_LAST;;1;1;XEUR;72060570450264152;693;
17.01.2025;14:13:07.456;FEXD SI 20251219 CS;SIMPLE_INSTRUMENT;BLOCK;EUR;16;159.90000000;300;PRC_DECOMP_EXCHANGE;;;;XEUR;1548120;693;EXCHANGE
17.01.2025;14:13:07.456;FEXD SI 20271217 CS;SIMPLE_INSTRUMENT;BLOCK;EUR;16;151.50000000;300;PRC_DECOMP_EXCHANGE;;;;XEUR;2848338;693;EXCHANGE
17.01.2025;14:49:37.010;FEXD SI 20261218 CS;SIMPLE_INSTRUMENT;BLOCK;EUR;17;156.60000000;200;EXCHANGE_LAST;;1;1;XEUR;2163053;693;
17.01.2025;15:15:02.805;FEXD SI 20261218 CS;SIMPLE_INSTRUMENT;BLOCK;EUR;21;156.60000000;600;EXCHANGE_LAST;;1;1;XEUR;2163053;693;
17.01.2025;15:51:08.196;FEXD SI 20251219 CS;SIMPLE_INSTRUMENT;BLOCK;EUR;22;159.60000000;500;EXCHANGE_LAST;;1;1;XEUR;1548120;693;
17.01.2025;16:07:29.685;FEXD SI 20251219 CS;SIMPLE_INSTRUMENT;BLOCK;EUR;24;159.60000000;800;EXCHANGE_LAST;;2;1;XEUR;1548120;693;
17.01.2025;16:22:31.232;FEXD SI 20251219 CS;SIMPLE_INSTRUMENT;BLOCK;EUR;31;159.60000000;250;EXCHANGE_LAST;;1;1;XEUR;1548120;693;
17.01.2025;08:04:54.366;FGBL SI 20250306 PS;SIMPLE_INSTRUMENT;EFS;EUR;1;131.76000000;414;EXCHANGE_LAST;;1;1;XEUR;11286679;688;
17.01.2025;08:05:50.863;FGBL SI 20250306 PS;SIMPLE_INSTRUMENT;EFS;EUR;2;131.78000000;414;EXCHANGE_LAST;;1;1;XEUR;11286679;688;
17.01.2025;08:08:55.772;FGBL SI 20250306 PS;SIMPLE_INSTRUMENT;EFS;EUR;3;131.82000000;621;EXCHANGE_LAST;;1;1;XEUR;11286679;688;
17.01.2025;08:09:48.182;FGBL SI 20250306 PS;SIMPLE_INSTRUMENT;EFS;EUR;4;131.74000000;1412;EXCHANGE_LAST;;1;1;XEUR;11286679;688;
17.01.2025;08:09:18.329;FGBL SI 20250306 PS;SIMPLE_INSTRUMENT;EFS;EUR;5;131.83000000;415;EXCHANGE_LAST;;1;1;XEUR;11286679;688;
17.01.2025;08:36:31.372;FGBL SI 20250306 PS;SIMPLE_INSTRUMENT;EFS;EUR;6;131.76000000;367;EXCHANGE_LAST;;1;1;XEUR;11286679;688;
17.01.2025;08:39:40.836;FGBL SI 20250306 PS;SIMPLE_INSTRUMENT;EFS;EUR;7;131.75000000;290;EXCHANGE_LAST;;1;1;XEUR;11286679;688;
17.01.2025;08:40:55.923;FGBL SI 20250306 PS;SIMPLE_INSTRUMENT;EFS;EUR;8;131.76000000;415;EXCHANGE_LAST;;1;1;XEUR;11286679;688;
17.01.2025;08:43:07.056;FGBL SI 20250306 PS;SIMPLE_INSTRUMENT;EFS;EUR;9;131.72000000;475;EXCHANGE_LAST;;1;1;XEUR;11286679;688;
17.01.2025;08:44:51.163;FGBL SI 20250306 PS;SIMPLE_INSTRUMENT;EFS;EUR;10;131.71000000;415;EXCHANGE_LAST;;1;1;XEUR;11286679;688;
17.01.2025;08:44:56.168;FGBL SI 20250306 PS;SIMPLE_INSTRUMENT;EFS;EUR;11;131.67000000;415;EXCHANGE_LAST;;1;1;XEUR;11286679;688;
17.01.2025;08:45:01.174;FGBL SI 20250306 PS;SIMPLE_INSTRUMENT;EFS;EUR;12;131.68000000;415;EXCHANGE_LAST;;1;1;XEUR;11286679;688;
17.01.2025;08:45:06.179;FGBL SI 20250306 PS;SIMPLE_INSTRUMENT;EFS;EUR;13;131.68000000;415;EXCHANGE_LAST;;1;1;XEUR;11286679;688;
17.01.2025;08:48:39.904;FGBL SI 20250306 PS;SIMPLE_INSTRUMENT;EFP_FIN;EUR;14;131.74000000;231;EXCHANGE_LAST;;1;1;XEUR;11286679;688;
17.01.2025;08:53:22.007;FGBL SI 20250306 PS;SIMPLE_INSTRUMENT;EFS;EUR;15;131.74000000;300;EXCHANGE_LAST;;1;1;XEUR;11286679;688;
17.01.2025;08:59:03.790;FGBL SI 20250306 PS;SIMPLE_INSTRUMENT;EFP_FIN;EUR;17;131.81000000;1432;EXCHANGE_LAST;;1;1;XEUR;11286679;688;
17.01.2025;08:59:06.879;FGBL SI 20250306 PS;SIMPLE_INSTRUMENT;EFP_FIN;EUR;18;131.71000000;2228;EXCHANGE_LAST;;1;1;XEUR;11286679;688;
17.01.2025;09:07:28.291;FGBL SI 20250306 PS;SIMPLE_INSTRUMENT;EFS;EUR;19;131.71000000;474;EXCHANGE_LAST;;1;1;XEUR;11286679;688;
17.01.2025;09:11:56.230;FGBL SI 20250306 PS;SIMPLE_INSTRUMENT;EFP_FIN;EUR;20;131.69000000;371;EXCHANGE_LAST;;1;1;XEUR;11286679;688;
17.01.2025;09:12:09.554;FGBL SI 20250306 PS;SIMPLE_INSTRUMENT;EFS;EUR;21;131.71000000;210;EXCHANGE_LAST;;1;1;XEUR;11286679;688;
17.01.2025;09:24:26.719;FGBL SI 20250306 PS;SIMPLE_INSTRUMENT;EFS;EUR;22;131.74000000;414;EXCHANGE_LAST;;1;1;XEUR;11286679;688;
17.01.2025;09:28:14.956;FGBL SI 20250306 PS;SIMPLE_INSTRUMENT;EFP_FIN;EUR;23;131.72000000;426;EXCHANGE_LAST;;1;1;XEUR;11286679;688;
17.01.2025;09:29:15.101;FGBL SI 20250306 PS;SIMPLE_INSTRUMENT;EFS;EUR;24;131.77000000;207;EXCHANGE_LAST;;1;1;XEUR;11286679;688;
17.01.2025;09:45:11.093;FGBL SI 20250306 PS;SIMPLE_INSTRUMENT;EFS;EUR;25;131.75000000;284;EXCHANGE_LAST;;1;1;XEUR;11286679;688;
17.01.2025;09:48:24.539;FGBL SI 20250306 PS;SIMPLE_INSTRUMENT;EFS;EUR;26;131.74000000;598;EXCHANGE_LAST;;1;1;XEUR;11286679;688;
17.01.2025;09:49:34.597;FGBL SI 20250306 PS;SIMPLE_INSTRUMENT;EFS;EUR;27;131.71000000;901;EXCHANGE_LAST;;1;1;XEUR;11286679;688;
17.01.2025;09:53:01.762;FGBL SI 20250306 PS;SIMPLE_INSTRUMENT;EFS;EUR;28;131.73000000;207;EXCHANGE_LAST;;1;1;XEUR;11286679;688;
17.01.2025;09:55:00.421;FGBL SI 20250306 PS;SIMPLE_INSTRUMENT;EFS;EUR;29;131.77000000;414;EXCHANGE_LAST;;1;1;XEUR;11286679;688;
17.01.2025;09:56:52.740;FGBL SI 20250306 PS;SIMPLE_INSTRUMENT;EFS;EUR;30;131.76000000;415;EXCHANGE_LAST;;1;1;XEUR;11286679;688;
17.01.2025;09:57:02.749;FGBL SI 20250306 PS;SIMPLE_INSTRUMENT;EFS;EUR;31;131.76000000;415;EXCHANGE_LAST;;1;1;XEUR;11286679;688;
17.01.2025;09:59:48.824;FGBL SI 20250306 PS;SIMPLE_INSTRUMENT;EFS;EUR;32;131.76000000;1422;EXCHANGE_LAST;;1;1;XEUR;11286679;688;
17.01.2025;10:06:04.586;FGBL SI 20250306 PS;SIMPLE_INSTRUMENT;EFS;EUR;33;131.73000000;414;EXCHANGE_LAST;;1;1;XEUR;11286679;688;
17.01.2025;10:11:54.056;FGBL SI 20250306 PS;SIMPLE_INSTRUMENT;EFP_FIN;EUR;34;131.72000000;50;EXCHANGE_LAST;;1;1;XEUR;11286679;688;
17.01.2025;10:14:32.084;FGBL SI 20250306 PS;SIMPLE_INSTRUMENT;EFS;EUR;35;131.68000000;439;EXCHANGE_LAST;;1;1;XEUR;11286679;688;
17.01.2025;10:17:15.338;FGBL SI 20250306 PS;SIMPLE_INSTRUMENT;EFS;EUR;36;131.76000000;207;EXCHANGE_LAST;;1;1;XEUR;11286679;688;
17.01.2025;10:19:41.136;FGBL SI 20250306 PS;SIMPLE_INSTRUMENT;EFS;EUR;37;131.81000000;207;EXCHANGE_LAST;;1;1;XEUR;11286679;688;
17.01.2025;10:25:25.772;FGBL SI 20250306 PS;SIMPLE_INSTRUMENT;EFP_FIN;EUR;38;131.69000000;76;EXCHANGE_LAST;;1;1;XEUR;11286679;688;
17.01.2025;10:29:32.331;FGBL SI 20250306 PS;SIMPLE_INSTRUMENT;EFS;EUR;39;131.76000000;415;EXCHANGE_LAST;;1;1;XEUR;11286679;688;
17.01.2025;10:43:42.922;FGBL SI 20250306 PS;SIMPLE_INSTRUMENT;EFS;EUR;40;131.75000000;474;EXCHANGE_LAST;;1;1;XEUR;11286679;688;
17.01.2025;10:48:08.142;FGBL SI 20250306 PS;SIMPLE_INSTRUMENT;EFS;EUR;41;131.76000000;415;EXCHANGE_LAST;;1;1;XEUR;11286679;688;
17.01.2025;10:48:33.166;FGBL SI 20250306 PS;SIMPLE_INSTRUMENT;EFS;EUR;42;131.76000000;207;EXCHANGE_LAST;;1;1;XEUR;11286679;688;
17.01.2025;10:49:32.138;FGBL SI 20250306 PS;SIMPLE_INSTRUMENT;EFS;EUR;43;131.75000000;920;EXCHANGE_LAST;;1;1;XEUR;11286679;688;
17.01.2025;10:52:58.541;FGBL SI 20250306 PS;SIMPLE_INSTRUMENT;EFS;EUR;44;131.85000000;462;EXCHANGE_LAST;;1;1;XEUR;11286679;688;
17.01.2025;10:57:35.620;FGBL SI 20250306 PS;SIMPLE_INSTRUMENT;EFP_FIN;EUR;45;131.73000000;676;EXCHANGE_LAST;;1;1;XEUR;11286679;688;
17.01.2025;10:58:33.318;FGBL SI 20250306 PS;SIMPLE_INSTRUMENT;EFS;EUR;46;131.75000000;414;EXCHANGE_LAST;;1;1;XEUR;11286679;688;
17.01.2025;10:58:43.584;FGBL SI 20250306 PS;SIMPLE_INSTRUMENT;EFS;EUR;47;131.73000000;415;EXCHANGE_LAST;;1;1;XEUR;11286679;688;
17.01.2025;11:07:53.437;FGBL SI 20250306 PS;SIMPLE_INSTRUMENT;EFS;EUR;48;131.77000000;232;EXCHANGE_LAST;;1;1;XEUR;11286679;688;
17.01.2025;11:07:54.894;FGBL SI 20250306 PS;SIMPLE_INSTRUMENT;EFS;EUR;49;131.80000000;414;EXCHANGE_LAST;;1;1;XEUR;11286679;688;
17.01.2025;11:08:26.258;FGBL SI 20250306 PS;SIMPLE_INSTRUMENT;EFS;EUR;50;131.77000000;232;EXCHANGE_LAST;;1;1;XEUR;11286679;688;
17.01.2025;11:10:44.037;FGBL SI 20250306 PS;SIMPLE_INSTRUMENT;EFS;EUR;51;131.73000000;138;EXCHANGE_LAST;;1;1;XEUR;11286679;688;
17.01.2025;11:16:09.938;FGBL SI 20250306 PS;SIMPLE_INSTRUMENT;EFS;EUR;52;131.79000000;929;EXCHANGE_LAST;;1;1;XEUR;11286679;688;
17.01.2025;11:21:01.596;FGBL SI 20250306 PS;SIMPLE_INSTRUMENT;EFS;EUR;53;131.78000000;415;EXCHANGE_LAST;;1;1;XEUR;11286679;688;
17.01.2025;11:24:22.961;FGBL SI 20250306 PS;SIMPLE_INSTRUMENT;EFS;EUR;54;131.78000000;474;EXCHANGE_LAST;;1;1;XEUR;11286679;688;
17.01.2025;11:24:09.341;FGBL SI 20250306 PS;SIMPLE_INSTRUMENT;EFS;EUR;55;131.80000000;414;EXCHANGE_LAST;;1;1;XEUR;11286679;688;
17.01.2025;11:41:46.982;FGBL SI 20250306 PS;SIMPLE_INSTRUMENT;EFS;EUR;56;131.77000000;207;EXCHANGE_LAST;;1;1;XEUR;11286679;688;
17.01.2025;11:42:38.782;FGBL SI 20250306 PS;SIMPLE_INSTRUMENT;EFS;EUR;57;131.76000000;414;EXCHANGE_LAST;;1;1;XEUR;11286679;688;
17.01.2025;11:54:36.016;FGBL SI 20250306 PS;SIMPLE_INSTRUMENT;EFS;EUR;58;131.80000000;414;EXCHANGE_LAST;;1;1;XEUR;11286679;688;
17.01.2025;11:54:55.655;FGBL SI 20250306 PS;SIMPLE_INSTRUMENT;EFS;EUR;59;131.80000000;414;EXCHANGE_LAST;;1;1;XEUR;11286679;688;
17.01.2025;12:09:47.374;FGBL SI 20250306 PS;SIMPLE_INSTRUMENT;EFP_FIN;EUR;60;131.78000000;922;EXCHANGE_LAST;;1;1;XEUR;11286679;688;
17.01.2025;12:09:54.180;FGBL SI 20250306 PS;SIMPLE_INSTRUMENT;EFS;EUR;61;131.78000000;948;EXCHANGE_LAST;;1;1;XEUR;11286679;688;
17.01.2025;12:28:23.174;FGBL SI 20250306 PS;SIMPLE_INSTRUMENT;EFS;EUR;62;131.91000000;473;EXCHANGE_LAST;;1;1;XEUR;11286679;688;
17.01.2025;12:35:33.273;FGBL SI 20250306 PS;SIMPLE_INSTRUMENT;EFP_FIN;EUR;63;131.90000000;180;EXCHANGE_LAST;;1;1;XEUR;11286679;688;
17.01.2025;13:00:10.367;FGBL SI 20250306 PS;SIMPLE_INSTRUMENT;EFS;EUR;64;131.87000000;414;EXCHANGE_LAST;;1;1;XEUR;11286679;688;
17.01.2025;13:02:09.980;FGBL SI 20250306 PS;SIMPLE_INSTRUMENT;EFS;EUR;65;131.86000000;415;EXCHANGE_LAST;;1;1;XEUR;11286679;688;
17.01.2025;13:02:24.999;FGBL SI 20250306 PS;SIMPLE_INSTRUMENT;EFS;EUR;66;131.86000000;415;EXCHANGE_LAST;;1;1;XEUR;11286679;688;
17.01.2025;13:07:23.360;FGBL SI 20250306 PS;SIMPLE_INSTRUMENT;EFS;EUR;67;131.84000000;230;EXCHANGE_LAST;;1;1;XEUR;11286679;688;
17.01.2025;13:08:11.393;FGBL SI 20250306 PS;SIMPLE_INSTRUMENT;EFP_FIN;EUR;68;131.86000000;234;EXCHANGE_LAST;;1;1;XEUR;11286679;688;
17.01.2025;13:11:00.215;FGBL SI 20250306 PS;SIMPLE_INSTRUMENT;EFS;EUR;69;131.89000000;474;EXCHANGE_LAST;;1;1;XEUR;11286679;688;
17.01.2025;13:12:41.141;FGBL SI 20250306 PS;SIMPLE_INSTRUMENT;EFS;EUR;70;131.96000000;414;EXCHANGE_LAST;;1;1;XEUR;11286679;688;
17.01.2025;13:24:08.638;FGBL SI 20250306 PS;SIMPLE_INSTRUMENT;EFS;EUR;71;131.92000000;190;EXCHANGE_LAST;;1;1;XEUR;11286679;688;
17.01.2025;13:27:24.452;FGBL SI 20250306 PS;SIMPLE_INSTRUMENT;EFS;EUR;72;131.70000000;460;EXCHANGE_LAST;;1;1;XEUR;11286679;688;
17.01.2025;13:31:42.618;FGBL SI 20250306 PS;SIMPLE_INSTRUMENT;EFS;EUR;73;131.92000000;414;EXCHANGE_LAST;;1;1;XEUR;11286679;688;
17.01.2025;13:32:15.943;FGBL SI 20250306 PS;SIMPLE_INSTRUMENT;EFS;EUR;74;131.92000000;414;EXCHANGE_LAST;;1;1;XEUR;11286679;688;
17.01.2025;13:33:52.560;FGBL SI 20250306 PS;SIMPLE_INSTRUMENT;EFS;EUR;75;131.93000000;230;EXCHANGE_LAST;;1;1;XEUR;11286679;688;
17.01.2025;13:39:40.241;FGBL SI 20250306 PS;SIMPLE_INSTRUMENT;EFS;EUR;76;131.91000000;414;EXCHANGE_LAST;;1;1;XEUR;11286679;688;
17.01.2025;13:40:23.900;FGBL SI 20250306 PS;SIMPLE_INSTRUMENT;EFS;EUR;77;131.97000000;414;EXCHANGE_LAST;;1;1;XEUR;11286679;688;
17.01.2025;13:45:14.798;FGBL SI 20250306 PS;SIMPLE_INSTRUMENT;EFS;EUR;78;131.95000000;207;EXCHANGE_LAST;;1;1;XEUR;11286679;688;
17.01.2025;13:43:31.588;FGBL SI 20250306 PS;SIMPLE_INSTRUMENT;EFS;EUR;79;131.94000000;947;EXCHANGE_LAST;;1;1;XEUR;11286679;688;
17.01.2025;13:52:23.362;FGBL SI 20250306 PS;SIMPLE_INSTRUMENT;EFS;EUR;80;131.94000000;414;EXCHANGE_LAST;;1;1;XEUR;11286679;688;
17.01.2025;13:57:35.870;FGBL SI 20250306 PS;SIMPLE_INSTRUMENT;EFS;EUR;81;131.93000000;414;EXCHANGE_LAST;;1;1;XEUR;11286679;688;
17.01.2025;13:58:21.767;FGBL SI 20250306 PS;SIMPLE_INSTRUMENT;EFS;EUR;82;131.93000000;414;EXCHANGE_LAST;;1;1;XEUR;11286679;688;
17.01.2025;13:58:24.309;FGBL SI 20250306 PS;SIMPLE_INSTRUMENT;EFS;EUR;83;131.96000000;2800;EXCHANGE_LAST;;1;1;XEUR;11286679;688;
17.01.2025;13:58:40.364;FGBL SI 20250306 PS;SIMPLE_INSTRUMENT;EFS;EUR;84;131.96000000;934;EXCHANGE_LAST;;1;1;XEUR;11286679;688;
17.01.2025;13:59:35.291;FGBL SI 20250306 PS;SIMPLE_INSTRUMENT;EFS;EUR;85;131.95000000;321;EXCHANGE_LAST;;1;1;XEUR;11286679;688;
17.01.2025;14:02:16.117;FGBL SI 20250306 PS;SIMPLE_INSTRUMENT;EFS;EUR;86;131.89000000;415;EXCHANGE_LAST;;1;1;XEUR;11286679;688;
17.01.2025;14:07:05.065;FGBL SI 20250306 PS;SIMPLE_INSTRUMENT;EFS;EUR;87;131.93000000;414;EXCHANGE_LAST;;1;1;XEUR;11286679;688;
17.01.2025;14:08:22.912;FGBL SI 20250306 PS;SIMPLE_INSTRUMENT;EFS;EUR;88;131.93000000;414;EXCHANGE_LAST;;1;1;XEUR;11286679;688;
17.01.2025;14:08:41.599;FGBL SI 20250306 PS;SIMPLE_INSTRUMENT;EFS;EUR;89;131.90000000;460;EXCHANGE_LAST;;1;1;XEUR;11286679;688;
17.01.2025;14:10:21.362;FGBL SI 20250306 PS;SIMPLE_INSTRUMENT;EFS;EUR;90;131.96000000;2800;EXCHANGE_LAST;;1;1;XEUR;11286679;688;
17.01.2025;14:16:47.058;FGBL SI 20250306 PS;SIMPLE_INSTRUMENT;EFP_FIN;EUR;91;131.90000000;382;EXCHANGE_LAST;;1;1;XEUR;11286679;688;
17.01.2025;14:23:39.280;FGBL SI 20250306 PS;SIMPLE_INSTRUMENT;EFP_FIN;EUR;92;131.90000000;306;EXCHANGE_LAST;;1;1;XEUR;11286679;688;
17.01.2025;14:28:47.082;FGBL SI 20250306 PS;SIMPLE_INSTRUMENT;EFS;EUR;93;131.93000000;414;EXCHANGE_LAST;;1;1;XEUR;11286679;688;
17.01.2025;14:36:20.227;FGBL SI 20250306 PS;SIMPLE_INSTRUMENT;EFS;EUR;94;131.83000000;207;EXCHANGE_LAST;;1;1;XEUR;11286679;688;
17.01.2025;14:36:38.661;FGBL SI 20250306 PS;SIMPLE_INSTRUMENT;EFS;EUR;95;131.80000000;415;EXCHANGE_LAST;;1;1;XEUR;11286679;688;
17.01.2025;14:48:53.902;FGBL SI 20250306 PS;SIMPLE_INSTRUMENT;EFS;EUR;96;131.77000000;414;EXCHANGE_LAST;;1;1;XEUR;11286679;688;
17.01.2025;14:52:15.352;FGBL SI 20250306 PS;SIMPLE_INSTRUMENT;EFS;EUR;97;131.77000000;415;EXCHANGE_LAST;;1;1;XEUR;11286679;688;
17.01.2025;14:53:21.981;FGBL SI 20250306 PS;SIMPLE_INSTRUMENT;EFS;EUR;98;131.77000000;415;EXCHANGE_LAST;;1;1;XEUR;11286679;688;
17.01.2025;14:53:30.401;FGBL SI 20250306 PS;SIMPLE_INSTRUMENT;EFS;EUR;99;131.77000000;415;EXCHANGE_LAST;;1;1;XEUR;11286679;688;
17.01.2025;14:58:06.633;FGBL SI 20250306 PS;SIMPLE_INSTRUMENT;EFS;EUR;100;131.81000000;415;EXCHANGE_LAST;;1;1;XEUR;11286679;688;
17.01.2025;15:11:16.299;FGBL SI 20250306 PS;SIMPLE_INSTRUMENT;EFP_FIN;EUR;101;131.78000000;144;EXCHANGE_LAST;;1;1;XEUR;11286679;688;
17.01.2025;15:13:06.259;FGBL SI 20250306 PS;SIMPLE_INSTRUMENT;EFS;EUR;102;131.79000000;828;EXCHANGE_LAST;;1;1;XEUR;11286679;688;
17.01.2025;15:15:08.041;FGBL SI 20250306 PS;SIMPLE_INSTRUMENT;EFP_FIN;EUR;103;131.76000000;77;EXCHANGE_LAST;;1;1;XEUR;11286679;688;
17.01.2025;15:17:32.582;FGBL SI 20250306 PS;SIMPLE_INSTRUMENT;EFP_FIN;EUR;104;131.78000000;1699;EXCHANGE_LAST;;1;1;XEUR;11286679;688;
17.01.2025;15:26:18.383;FGBL SI 20250306 PS;SIMPLE_INSTRUMENT;EFS;EUR;105;131.85000000;947;EXCHANGE_LAST;;1;1;XEUR;11286679;688;
17.01.2025;15:31:20.842;FGBL SI 20250306 PS;SIMPLE_INSTRUMENT;EFS;EUR;106;131.83000000;237;EXCHANGE_LAST;;1;1;XEUR;11286679;688;
17.01.2025;15:35:20.894;FGBL SI 20250306 PS;SIMPLE_INSTRUMENT;EFS;EUR;107;131.87000000;414;EXCHANGE_LAST;;1;1;XEUR;11286679;688;
17.01.2025;15:46:55.806;FGBL SI 20250306 PS;SIMPLE_INSTRUMENT;EFS;EUR;108;131.84000000;207;EXCHANGE_LAST;;1;1;XEUR;11286679;688;
17.01.2025;15:47:35.837;FGBL SI 20250306 PS;SIMPLE_INSTRUMENT;EFS;EUR;109;131.85000000;415;EXCHANGE_LAST;;1;1;XEUR;11286679;688;
17.01.2025;15:48:15.495;FGBL SI 20250306 PS;SIMPLE_INSTRUMENT;EFS;EUR;110;131.85000000;919;EXCHANGE_LAST;;1;1;XEUR;11286679;688;
17.01.2025;15:51:06.025;FGBL SI 20250306 PS;SIMPLE_INSTRUMENT;EFS;EUR;111;131.81000000;415;EXCHANGE_LAST;;1;1;XEUR;11286679;688;
17.01.2025;16:01:16.548;FGBL SI 20250306 PS;SIMPLE_INSTRUMENT;EFS;EUR;112;131.82000000;415;EXCHANGE_LAST;;1;1;XEUR;11286679;688;
17.01.2025;16:05:41.811;FGBL SI 20250306 PS;SIMPLE_INSTRUMENT;EFS;EUR;113;131.78000000;207;EXCHANGE_LAST;;1;1;XEUR;11286679;688;
17.01.2025;16:06:21.851;FGBL SI 20250306 PS;SIMPLE_INSTRUMENT;EFS;EUR;114;131.78000000;207;EXCHANGE_LAST;;1;1;XEUR;11286679;688;
17.01.2025;16:07:58.693;FGBL SI 20250306 PS;SIMPLE_INSTRUMENT;EFS;EUR;115;131.88000000;895;EXCHANGE_LAST;;1;1;XEUR;11286679;688;
17.01.2025;16:14:47.411;FGBL SI 20250306 PS;SIMPLE_INSTRUMENT;EFS;EUR;116;131.77000000;414;EXCHANGE_LAST;;1;1;XEUR;11286679;688;
17.01.2025;16:16:53.454;FGBL SI 20250306 PS;SIMPLE_INSTRUMENT;EFS;EUR;117;131.77000000;414;EXCHANGE_LAST;;1;1;XEUR;11286679;688;
17.01.2025;16:18:49.359;FGBL SI 20250306 PS;SIMPLE_INSTRUMENT;EFS;EUR;118;131.79000000;372;EXCHANGE_LAST;;1;1;XEUR;11286679;688;
17.01.2025;16:23:18.191;FGBL SI 20250306 PS;SIMPLE_INSTRUMENT;EFS;EUR;119;131.74000000;207;EXCHANGE_LAST;;1;1;XEUR;11286679;688;
17.01.2025;16:32:40.299;FGBL SI 20250306 PS;SIMPLE_INSTRUMENT;EFS;EUR;120;131.71000000;207;EXCHANGE_LAST;;1;1;XEUR;11286679;688;
17.01.2025;16:33:00.214;FGBL SI 20250306 PS;SIMPLE_INSTRUMENT;EFS;EUR;121;131.70000000;207;EXCHANGE_LAST;;1;1;XEUR;11286679;688;
17.01.2025;16:39:25.294;FGBL SI 20250306 PS;SIMPLE_INSTRUMENT;EFS;EUR;122;131.68000000;414;EXCHANGE_LAST;;1;1;XEUR;11286679;688;
17.01.2025;16:39:41.140;FGBL SI 20250306 PS;SIMPLE_INSTRUMENT;EFS;EUR;123;131.71000000;230;EXCHANGE_LAST;;1;1;XEUR;11286679;688;
17.01.2025;16:47:27.744;FGBL SI 20250306 PS;SIMPLE_INSTRUMENT;EFS;EUR;124;131.68000000;414;EXCHANGE_LAST;;1;1;XEUR;11286679;688;
17.01.2025;16:49:56.927;FGBL SI 20250306 PS;SIMPLE_INSTRUMENT;EFS;EUR;125;131.68000000;414;EXCHANGE_LAST;;1;1;XEUR;11286679;688;
17.01.2025;16:56:36.740;FGBL SI 20250306 PS;SIMPLE_INSTRUMENT;EFS;EUR;126;131.67000000;414;EXCHANGE_LAST;;1;1;XEUR;11286679;688;
17.01.2025;17:24:36.884;FGBL SI 20250306 PS;SIMPLE_INSTRUMENT;EFS;EUR;127;131.73000000;414;EXCHANGE_LAST;;1;1;XEUR;11286679;688;
17.01.2025;17:49:42.156;FGBL SI 20250306 PS;SIMPLE_INSTRUMENT;EFS;EUR;128;131.74000000;415;EXCHANGE_LAST;;1;1;XEUR;11286679;688;
17.01.2025;13:17:09.697;FGBL SI 20250306 PS;SIMPLE_INSTRUMENT;VOLA;EUR;268435512;131.88000000;60;EXCHANGE_LAST;;1;1;XEUR;11286679;688;
17.01.2025;13:25:10.554;FGBL SI 20250306 PS;SIMPLE_INSTRUMENT;VOLA;EUR;268435516;131.83000000;7;EXCHANGE_LAST;;1;1;XEUR;11286679;688;
17.01.2025;13:27:02.610;FGBL SI 20250306 PS;SIMPLE_INSTRUMENT;VOLA;EUR;268435519;132.00000000;100;EXCHANGE_LAST;;1;1;XEUR;11286679;688;
17.01.2025;13:28:46.640;FGBL SI 20250306 PS;SIMPLE_INSTRUMENT;VOLA;EUR;268435520;132.00000000;50;EXCHANGE_LAST;;1;1;XEUR;11286679;688;
17.01.2025;14:04:56.959;FGBL SI 20250306 PS;SIMPLE_INSTRUMENT;VOLA;EUR;268435538;131.92000000;220;EXCHANGE_LAST;;1;1;XEUR;11286679;688;
17.01.2025;14:33:04.401;FGBL SI 20250306 PS;SIMPLE_INSTRUMENT;VOLA;EUR;268435543;131.82000000;112;EXCHANGE_LAST;;1;1;XEUR;11286679;688;
17.01.2025;14:33:44.408;FGBL SI 20250306 PS;SIMPLE_INSTRUMENT;VOLA;EUR;268435544;131.82000000;113;EXCHANGE_LAST;;1;1;XEUR;11286679;688;
17.01.2025;16:32:23.943;FGBL SI 20250306 PS;SIMPLE_INSTRUMENT;VOLA;EUR;268435572;131.85000000;110;EXCHANGE_LAST;;1;1;XEUR;11286679;688;
17.01.2025;16:33:04.946;FGBL SI 20250306 PS;SIMPLE_INSTRUMENT;VOLA;EUR;268435573;131.81000000;165;EXCHANGE_LAST;;1;1;XEUR;11286679;688;
17.01.2025;16:33:40.958;FGBL SI 20250306 PS;SIMPLE_INSTRUMENT;VOLA;EUR;268435574;131.81000000;275;EXCHANGE_LAST;;1;1;XEUR;11286679;688;
17.01.2025;08:12:04.998;FGBM SI 20250306 PS;SIMPLE_INSTRUMENT;EFS;EUR;1;117.04000000;497;EXCHANGE_LAST;;1;1;XEUR;11286680;689;
17.01.2025;08:25:08.991;FGBM SI 20250306 PS;SIMPLE_INSTRUMENT;EFS;EUR;2;117.00000000;908;EXCHANGE_LAST;;1;1;XEUR;11286680;689;
17.01.2025;08:26:09.903;FGBM SI 20250306 PS;SIMPLE_INSTRUMENT;EFS;EUR;3;117.03000000;245;EXCHANGE_LAST;;1;1;XEUR;11286680;689;
17.01.2025;08:27:49.747;FGBM SI 20250306 PS;SIMPLE_INSTRUMENT;EFP_FIN;EUR;4;117.05000000;197;EXCHANGE_LAST;;1;1;XEUR;11286680;689;
17.01.2025;08:46:38.419;FGBM SI 20250306 PS;SIMPLE_INSTRUMENT;EFS;EUR;5;117.04000000;920;EXCHANGE_LAST;;1;1;XEUR;11286680;689;
17.01.2025;09:00:08.505;FGBM SI 20250306 PS;SIMPLE_INSTRUMENT;BLOCK;EUR;6;117.02000000;3000;EXCHANGE_LAST;;1;1;XEUR;11286680;689;
17.01.2025;09:09:32.526;FGBM SI 20250306 PS;SIMPLE_INSTRUMENT;EFP_FIN;EUR;8;117.04000000;710;EXCHANGE_LAST;;1;1;XEUR;11286680;689;
17.01.2025;09:08:14.399;FGBM SI 20250306 PS;SIMPLE_INSTRUMENT;EFS;EUR;9;116.98000000;454;EXCHANGE_LAST;;1;1;XEUR;11286680;689;
17.01.2025;09:09:12.177;FGBM SI 20250306 PS;SIMPLE_INSTRUMENT;EFP_FIN;EUR;10;117.04000000;237;EXCHANGE_LAST;;1;1;XEUR;11286680;689;
17.01.2025;09:26:13.130;FGBM SI 20250306 PS;SIMPLE_INSTRUMENT;EFP_FIN;EUR;13;117.00000000;191;EXCHANGE_LAST;;1;1;XEUR;11286680;689;
17.01.2025;09:26:27.855;FGBM SI 20250306 PS;SIMPLE_INSTRUMENT;EFP_FIN;EUR;14;117.01000000;192;EXCHANGE_LAST;;1;1;XEUR;11286680;689;
17.01.2025;09:37:42.477;FGBM SI 20250306 PS;SIMPLE_INSTRUMENT;EFS;EUR;15;117.02000000;500;EXCHANGE_LAST;;1;1;XEUR;11286680;689;
17.01.2025;09:42:50.735;FGBM SI 20250306 PS;SIMPLE_INSTRUMENT;EFP_FIN;EUR;16;117.01000000;65;EXCHANGE_LAST;;1;1;XEUR;11286680;689;
17.01.2025;09:44:50.260;FGBM SI 20250306 PS;SIMPLE_INSTRUMENT;EFS;EUR;17;117.03000000;2979;EXCHANGE_LAST;;1;1;XEUR;11286680;689;
17.01.2025;10:01:56.577;FGBM SI 20250306 PS;SIMPLE_INSTRUMENT;EFS;EUR;18;117.02000000;2979;EXCHANGE_LAST;;1;1;XEUR;11286680;689;
17.01.2025;10:08:19.289;FGBM SI 20250306 PS;SIMPLE_INSTRUMENT;EFS;EUR;19;116.96000000;907;EXCHANGE_LAST;;1;1;XEUR;11286680;689;
17.01.2025;10:09:20.737;FGBM SI 20250306 PS;SIMPLE_INSTRUMENT;EFS;EUR;20;116.97000000;907;EXCHANGE_LAST;;1;1;XEUR;11286680;689;
17.01.2025;10:10:42.172;FGBM SI 20250306 PS;SIMPLE_INSTRUMENT;EFS;EUR;21;116.97000000;907;EXCHANGE_LAST;;1;1;XEUR;11286680;689;
17.01.2025;10:12:34.156;FGBM SI 20250306 PS;SIMPLE_INSTRUMENT;EFS;EUR;22;116.96000000;907;EXCHANGE_LAST;;1;1;XEUR;11286680;689;
17.01.2025;10:13:39.143;FGBM SI 20250306 PS;SIMPLE_INSTRUMENT;EFP_FIN;EUR;23;116.99000000;1879;EXCHANGE_LAST;;1;1;XEUR;11286680;689;
17.01.2025;10:16:12.506;FGBM SI 20250306 PS;SIMPLE_INSTRUMENT;EFS;EUR;24;116.96000000;1930;EXCHANGE_LAST;;1;1;XEUR;11286680;689;
17.01.2025;10:16:41.220;FGBM SI 20250306 PS;SIMPLE_INSTRUMENT;EFS;EUR;25;116.99000000;453;EXCHANGE_LAST;;1;1;XEUR;11286680;689;
17.01.2025;10:23:11.281;FGBM SI 20250306 PS;SIMPLE_INSTRUMENT;EFP_FIN;EUR;26;116.98000000;208;EXCHANGE_LAST;;1;1;XEUR;11286680;689;
17.01.2025;10:41:49.083;FGBM SI 20250306 PS;SIMPLE_INSTRUMENT;EFS;EUR;27;117.01000000;497;EXCHANGE_LAST;;1;1;XEUR;11286680;689;
17.01.2025;10:52:06.503;FGBM SI 20250306 PS;SIMPLE_INSTRUMENT;EFP_FIN;EUR;28;117.01000000;474;EXCHANGE_LAST;;1;1;XEUR;11286680;689;
17.01.2025;10:52:34.611;FGBM SI 20250306 PS;SIMPLE_INSTRUMENT;EFP_FIN;EUR;29;117.00000000;123;EXCHANGE_LAST;;1;1;XEUR;11286680;689;
17.01.2025;10:52:34.611;FGBM SI 20250306 PS;SIMPLE_INSTRUMENT;EFP_FIN;EUR;30;117.01000000;206;EXCHANGE_LAST;;1;1;XEUR;11286680;689;
17.01.2025;10:52:58.541;FGBM SI 20250306 PS;SIMPLE_INSTRUMENT;EFS;EUR;31;117.04000000;1936;EXCHANGE_LAST;;1;1;XEUR;11286680;689;
17.01.2025;10:53:05.175;FGBM SI 20250306 PS;SIMPLE_INSTRUMENT;EFP_FIN;EUR;32;117.01000000;297;EXCHANGE_LAST;;1;1;XEUR;11286680;689;
17.01.2025;10:53:31.458;FGBM SI 20250306 PS;SIMPLE_INSTRUMENT;EFP_FIN;EUR;33;117.01000000;274;EXCHANGE_LAST;;1;1;XEUR;11286680;689;
17.01.2025;10:57:58.088;FGBM SI 20250306 PS;SIMPLE_INSTRUMENT;EFP_FIN;EUR;34;116.99000000;904;EXCHANGE_LAST;;1;1;XEUR;11286680;689;
17.01.2025;11:07:52.107;FGBM SI 20250306 PS;SIMPLE_INSTRUMENT;EFS;EUR;35;117.00000000;969;EXCHANGE_LAST;;1;1;XEUR;11286680;689;
17.01.2025;11:08:24.422;FGBM SI 20250306 PS;SIMPLE_INSTRUMENT;EFS;EUR;36;117.00000000;969;EXCHANGE_LAST;;1;1;XEUR;11286680;689;
17.01.2025;11:11:00.136;FGBM SI 20250306 PS;SIMPLE_INSTRUMENT;EFP_FIN;EUR;37;117.00000000;474;EXCHANGE_LAST;;1;1;XEUR;11286680;689;
17.01.2025;11:11:57.923;FGBM SI 20250306 PS;SIMPLE_INSTRUMENT;EFP_FIN;EUR;38;116.99000000;737;EXCHANGE_LAST;;1;1;XEUR;11286680;689;
17.01.2025;11:14:00.930;FGBM SI 20250306 PS;SIMPLE_INSTRUMENT;EFS;EUR;39;117.01000000;1948;EXCHANGE_LAST;;1;1;XEUR;11286680;689;
17.01.2025;11:13:49.188;FGBM SI 20250306 PS;SIMPLE_INSTRUMENT;EFP_FIN;EUR;40;117.00000000;612;EXCHANGE_LAST;;1;1;XEUR;11286680;689;
17.01.2025;11:49:05.607;FGBM SI 20250306 PS;SIMPLE_INSTRUMENT;EFP_FIN;EUR;41;116.98000000;206;EXCHANGE_LAST;;1;1;XEUR;11286680;689;
17.01.2025;11:49:05.627;FGBM SI 20250306 PS;SIMPLE_INSTRUMENT;EFP_FIN;EUR;42;116.98000000;206;EXCHANGE_LAST;;1;1;XEUR;11286680;689;
17.01.2025;11:49:05.607;FGBM SI 20250306 PS;SIMPLE_INSTRUMENT;EFP_FIN;EUR;43;117.01000000;123;EXCHANGE_LAST;;1;1;XEUR;11286680;689;
17.01.2025;11:49:08.758;FGBM SI 20250306 PS;SIMPLE_INSTRUMENT;EFS;EUR;44;117.03000000;454;EXCHANGE_LAST;;1;1;XEUR;11286680;689;
17.01.2025;11:49:57.952;FGBM SI 20250306 PS;SIMPLE_INSTRUMENT;EFP_FIN;EUR;45;117.04000000;225;EXCHANGE_LAST;;1;1;XEUR;11286680;689;
17.01.2025;11:50:33.819;FGBM SI 20250306 PS;SIMPLE_INSTRUMENT;EFS;EUR;46;117.03000000;454;EXCHANGE_LAST;;1;1;XEUR;11286680;689;
17.01.2025;11:50:43.829;FGBM SI 20250306 PS;SIMPLE_INSTRUMENT;EFS;EUR;47;117.03000000;454;EXCHANGE_LAST;;1;1;XEUR;11286680;689;
17.01.2025;11:51:14.911;FGBM SI 20250306 PS;SIMPLE_INSTRUMENT;EFP_FIN;EUR;48;117.04000000;419;EXCHANGE_LAST;;1;1;XEUR;11286680;689;
17.01.2025;11:52:22.784;FGBM SI 20250306 PS;SIMPLE_INSTRUMENT;EFP_FIN;EUR;49;117.04000000;452;EXCHANGE_LAST;;1;1;XEUR;11286680;689;
17.01.2025;11:52:38.922;FGBM SI 20250306 PS;SIMPLE_INSTRUMENT;EFS;EUR;50;117.03000000;454;EXCHANGE_LAST;;1;1;XEUR;11286680;689;
17.01.2025;11:59:49.233;FGBM SI 20250306 PS;SIMPLE_INSTRUMENT;EFS;EUR;51;117.02000000;908;EXCHANGE_LAST;;1;1;XEUR;11286680;689;
17.01.2025;11:59:54.714;FGBM SI 20250306 PS;SIMPLE_INSTRUMENT;EFP_FIN;EUR;52;117.04000000;452;EXCHANGE_LAST;;1;1;XEUR;11286680;689;
17.01.2025;12:01:24.300;FGBM SI 20250306 PS;SIMPLE_INSTRUMENT;EFS;EUR;53;117.02000000;454;EXCHANGE_LAST;;1;1;XEUR;11286680;689;
17.01.2025;12:02:04.329;FGBM SI 20250306 PS;SIMPLE_INSTRUMENT;EFS;EUR;54;117.02000000;454;EXCHANGE_LAST;;1;1;XEUR;11286680;689;
17.01.2025;12:06:39.287;FGBM SI 20250306 PS;SIMPLE_INSTRUMENT;EFS;EUR;55;117.03000000;453;EXCHANGE_LAST;;1;1;XEUR;11286680;689;
17.01.2025;12:07:42.011;FGBM SI 20250306 PS;SIMPLE_INSTRUMENT;EFS;EUR;56;117.03000000;453;EXCHANGE_LAST;;1;1;XEUR;11286680;689;
17.01.2025;12:12:10.436;FGBM SI 20250306 PS;SIMPLE_INSTRUMENT;EFP_FIN;EUR;57;117.05000000;160;EXCHANGE_LAST;;1;1;XEUR;11286680;689;
17.01.2025;12:15:46.943;FGBM SI 20250306 PS;SIMPLE_INSTRUMENT;EFS;EUR;58;117.05000000;908;EXCHANGE_LAST;;1;1;XEUR;11286680;689;
17.01.2025;12:16:53.049;FGBM SI 20250306 PS;SIMPLE_INSTRUMENT;EFP_FIN;EUR;59;117.04000000;1130;EXCHANGE_LAST;;1;1;XEUR;11286680;689;
17.01.2025;12:21:47.240;FGBM SI 20250306 PS;SIMPLE_INSTRUMENT;EFS;EUR;60;117.06000000;908;EXCHANGE_LAST;;1;1;XEUR;11286680;689;
17.01.2025;12:30:42.638;FGBM SI 20250306 PS;SIMPLE_INSTRUMENT;EFS;EUR;61;117.06000000;454;EXCHANGE_LAST;;1;1;XEUR;11286680;689;
17.01.2025;12:38:57.404;FGBM SI 20250306 PS;SIMPLE_INSTRUMENT;EFP_FIN;EUR;62;117.02000000;2157;EXCHANGE_LAST;;1;1;XEUR;11286680;689;
17.01.2025;12:42:15.770;FGBM SI 20250306 PS;SIMPLE_INSTRUMENT;EFS;EUR;63;117.06000000;453;EXCHANGE_LAST;;1;1;XEUR;11286680;689;
17.01.2025;12:42:49.764;FGBM SI 20250306 PS;SIMPLE_INSTRUMENT;EFP_FIN;EUR;64;117.04000000;863;EXCHANGE_LAST;;1;1;XEUR;11286680;689;
17.01.2025;12:44:31.291;FGBM SI 20250306 PS;SIMPLE_INSTRUMENT;EFS;EUR;65;117.05000000;181;EXCHANGE_LAST;;1;1;XEUR;11286680;689;
17.01.2025;12:44:54.008;FGBM SI 20250306 PS;SIMPLE_INSTRUMENT;EFS;EUR;66;117.05000000;725;EXCHANGE_LAST;;1;1;XEUR;11286680;689;
17.01.2025;12:51:46.977;FGBM SI 20250306 PS;SIMPLE_INSTRUMENT;EFP_FIN;EUR;67;117.04000000;226;EXCHANGE_LAST;;1;1;XEUR;11286680;689;
17.01.2025;12:58:14.776;FGBM SI 20250306 PS;SIMPLE_INSTRUMENT;EFS;EUR;68;117.02000000;908;EXCHANGE_LAST;;1;1;XEUR;11286680;689;
17.01.2025;13:00:17.406;FGBM SI 20250306 PS;SIMPLE_INSTRUMENT;EFP_FIN;EUR;69;117.06000000;371;EXCHANGE_LAST;;1;1;XEUR;11286680;689;
17.01.2025;13:04:23.379;FGBM SI 20250306 PS;SIMPLE_INSTRUMENT;EFP_FIN;EUR;70;117.04000000;170;EXCHANGE_LAST;;1;1;XEUR;11286680;689;
17.01.2025;13:08:06.250;FGBM SI 20250306 PS;SIMPLE_INSTRUMENT;EFP_FIN;EUR;71;117.06000000;226;EXCHANGE_LAST;;1;1;XEUR;11286680;689;
17.01.2025;13:09:20.752;FGBM SI 20250306 PS;SIMPLE_INSTRUMENT;EFS;EUR;72;117.07000000;1928;EXCHANGE_LAST;;1;1;XEUR;11286680;689;
17.01.2025;13:13:44.785;FGBM SI 20250306 PS;SIMPLE_INSTRUMENT;EFP_FIN;EUR;73;117.04000000;863;EXCHANGE_LAST;;1;1;XEUR;11286680;689;
17.01.2025;13:14:07.062;FGBM SI 20250306 PS;SIMPLE_INSTRUMENT;EFS;EUR;74;117.08000000;453;EXCHANGE_LAST;;1;1;XEUR;11286680;689;
17.01.2025;13:15:25.890;FGBM SI 20250306 PS;SIMPLE_INSTRUMENT;EFP_FIN;EUR;75;117.06000000;742;EXCHANGE_LAST;;1;1;XEUR;11286680;689;
17.01.2025;13:15:38.796;FGBM SI 20250306 PS;SIMPLE_INSTRUMENT;EFP_FIN;EUR;76;117.05000000;107;EXCHANGE_LAST;;1;1;XEUR;11286680;689;
17.01.2025;13:17:35.282;FGBM SI 20250306 PS;SIMPLE_INSTRUMENT;EFS;EUR;77;117.08000000;188;EXCHANGE_LAST;;1;1;XEUR;11286680;689;
17.01.2025;13:19:51.916;FGBM SI 20250306 PS;SIMPLE_INSTRUMENT;EFP_FIN;EUR;78;117.04000000;64;EXCHANGE_LAST;;1;1;XEUR;11286680;689;
17.01.2025;13:22:33.254;FGBM SI 20250306 PS;SIMPLE_INSTRUMENT;EFS;EUR;79;117.07000000;453;EXCHANGE_LAST;;1;1;XEUR;11286680;689;
17.01.2025;13:23:47.011;FGBM SI 20250306 PS;SIMPLE_INSTRUMENT;EFP_FIN;EUR;80;117.06000000;529;EXCHANGE_LAST;;1;1;XEUR;11286680;689;
17.01.2025;13:34:27.275;FGBM SI 20250306 PS;SIMPLE_INSTRUMENT;EFP_FIN;EUR;81;117.03000000;863;EXCHANGE_LAST;;1;1;XEUR;11286680;689;
17.01.2025;13:36:05.479;FGBM SI 20250306 PS;SIMPLE_INSTRUMENT;EFP_FIN;EUR;82;117.06000000;613;EXCHANGE_LAST;;1;1;XEUR;11286680;689;
17.01.2025;13:41:50.088;FGBM SI 20250306 PS;SIMPLE_INSTRUMENT;EFS;EUR;83;117.05000000;908;EXCHANGE_LAST;;1;1;XEUR;11286680;689;
17.01.2025;13:41:50.132;FGBM SI 20250306 PS;SIMPLE_INSTRUMENT;EFS;EUR;84;117.07000000;908;EXCHANGE_LAST;;1;1;XEUR;11286680;689;
17.01.2025;13:45:06.510;FGBM SI 20250306 PS;SIMPLE_INSTRUMENT;EFS;EUR;85;117.07000000;487;EXCHANGE_LAST;;1;1;XEUR;11286680;689;
17.01.2025;13:45:19.511;FGBM SI 20250306 PS;SIMPLE_INSTRUMENT;EFS;EUR;86;117.07000000;487;EXCHANGE_LAST;;1;1;XEUR;11286680;689;
17.01.2025;13:45:50.258;FGBM SI 20250306 PS;SIMPLE_INSTRUMENT;EFS;EUR;87;117.07000000;908;EXCHANGE_LAST;;1;1;XEUR;11286680;689;
17.01.2025;14:09:08.793;FGBM SI 20250306 PS;SIMPLE_INSTRUMENT;EFP_FIN;EUR;88;117.06000000;486;EXCHANGE_LAST;;1;1;XEUR;11286680;689;
17.01.2025;14:25:09.243;FGBM SI 20250306 PS;SIMPLE_INSTRUMENT;EFS;EUR;89;117.05000000;596;EXCHANGE_LAST;;1;1;XEUR;11286680;689;
17.01.2025;14:27:22.089;FGBM SI 20250306 PS;SIMPLE_INSTRUMENT;EFS;EUR;90;117.07000000;856;EXCHANGE_LAST;;1;1;XEUR;11286680;689;
17.01.2025;14:28:48.288;FGBM SI 20250306 PS;SIMPLE_INSTRUMENT;EFS;EUR;91;117.01000000;908;EXCHANGE_LAST;;1;1;XEUR;11286680;689;
17.01.2025;14:38:03.649;FGBM SI 20250306 PS;SIMPLE_INSTRUMENT;EFP_FIN;EUR;92;117.03000000;431;EXCHANGE_LAST;;1;1;XEUR;11286680;689;
17.01.2025;14:43:05.764;FGBM SI 20250306 PS;SIMPLE_INSTRUMENT;EFP_FIN;EUR;93;117.05000000;176;EXCHANGE_LAST;;1;1;XEUR;11286680;689;
17.01.2025;14:43:30.666;FGBM SI 20250306 PS;SIMPLE_INSTRUMENT;EFS;EUR;94;117.02000000;968;EXCHANGE_LAST;;1;1;XEUR;11286680;689;
17.01.2025;15:02:14.471;FGBM SI 20250306 PS;SIMPLE_INSTRUMENT;EFS;EUR;95;117.00000000;1712;EXCHANGE_LAST;;1;1;XEUR;11286680;689;
17.01.2025;15:16:44.474;FGBM SI 20250306 PS;SIMPLE_INSTRUMENT;EFS;EUR;96;117.02000000;906;EXCHANGE_LAST;;1;1;XEUR;11286680;689;
17.01.2025;15:34:42.678;FGBM SI 20250306 PS;SIMPLE_INSTRUMENT;EFS;EUR;97;117.04000000;906;EXCHANGE_LAST;;1;1;XEUR;11286680;689;
17.01.2025;15:45:52.879;FGBM SI 20250306 PS;SIMPLE_INSTRUMENT;EFP_FIN;EUR;98;117.03000000;431;EXCHANGE_LAST;;1;1;XEUR;11286680;689;
17.01.2025;15:53:04.098;FGBM SI 20250306 PS;SIMPLE_INSTRUMENT;EFS;EUR;99;117.01000000;1986;EXCHANGE_LAST;;1;1;XEUR;11286680;689;
17.01.2025;15:55:51.257;FGBM SI 20250306 PS;SIMPLE_INSTRUMENT;EFS;EUR;100;117.01000000;454;EXCHANGE_LAST;;1;1;XEUR;11286680;689;
17.01.2025;16:00:56.528;FGBM SI 20250306 PS;SIMPLE_INSTRUMENT;EFS;EUR;101;117.01000000;454;EXCHANGE_LAST;;1;1;XEUR;11286680;689;
17.01.2025;16:03:01.012;FGBM SI 20250306 PS;SIMPLE_INSTRUMENT;EFS;EUR;102;117.01000000;906;EXCHANGE_LAST;;1;1;XEUR;11286680;689;
17.01.2025;16:05:13.324;FGBM SI 20250306 PS;SIMPLE_INSTRUMENT;EFS;EUR;103;117.02000000;964;EXCHANGE_LAST;;1;1;XEUR;11286680;689;
17.01.2025;16:05:28.319;FGBM SI 20250306 PS;SIMPLE_INSTRUMENT;EFP_FIN;EUR;104;116.99000000;79;EXCHANGE_LAST;;1;1;XEUR;11286680;689;
17.01.2025;16:12:31.629;FGBM SI 20250306 PS;SIMPLE_INSTRUMENT;EFS;EUR;105;116.98000000;497;EXCHANGE_LAST;;1;1;XEUR;11286680;689;
17.01.2025;16:13:47.049;FGBM SI 20250306 PS;SIMPLE_INSTRUMENT;EFS;EUR;106;116.98000000;856;EXCHANGE_LAST;;1;1;XEUR;11286680;689;
17.01.2025;16:15:40.187;FGBM SI 20250306 PS;SIMPLE_INSTRUMENT;EFS;EUR;107;116.98000000;453;EXCHANGE_LAST;;1;1;XEUR;11286680;689;
17.01.2025;16:20:57.999;FGBM SI 20250306 PS;SIMPLE_INSTRUMENT;EFS;EUR;108;117.00000000;453;EXCHANGE_LAST;;1;1;XEUR;11286680;689;
17.01.2025;16:24:54.661;FGBM SI 20250306 PS;SIMPLE_INSTRUMENT;EFS;EUR;109;116.95000000;908;EXCHANGE_LAST;;1;1;XEUR;11286680;689;
17.01.2025;16:34:29.021;FGBM SI 20250306 PS;SIMPLE_INSTRUMENT;EFS;EUR;110;116.95000000;1598;EXCHANGE_LAST;;1;1;XEUR;11286680;689;
17.01.2025;16:36:00.132;FGBM SI 20250306 PS;SIMPLE_INSTRUMENT;EFS;EUR;111;116.95000000;454;EXCHANGE_LAST;;1;1;XEUR;11286680;689;
17.01.2025;16:36:10.142;FGBM SI 20250306 PS;SIMPLE_INSTRUMENT;EFS;EUR;112;116.95000000;908;EXCHANGE_LAST;;1;1;XEUR;11286680;689;
17.01.2025;08:07:33.352;FGBS SI 20250306 PS;SIMPLE_INSTRUMENT;EFS;EUR;1;106.68000000;2560;EXCHANGE_LAST;;1;1;XEUR;11286681;690;
17.01.2025;08:08:49.591;FGBS SI 20250306 PS;SIMPLE_INSTRUMENT;EFS;EUR;2;106.67000000;2559;EXCHANGE_LAST;;1;1;XEUR;11286681;690;
17.01.2025;08:40:50.956;FGBS SI 20250306 PS;SIMPLE_INSTRUMENT;EFS;EUR;3;106.64000000;5334;EXCHANGE_LAST;;1;1;XEUR;11286681;690;
17.01.2025;09:01:31.814;FGBS SI 20250306 PS;SIMPLE_INSTRUMENT;EFS;EUR;4;106.65000000;1098;EXCHANGE_LAST;;1;1;XEUR;11286681;690;
17.01.2025;09:30:06.000;FGBS SI 20250306 PS;SIMPLE_INSTRUMENT;BLOCK;EUR;6;106.66000000;13727;EXCHANGE_LAST;;1;1;XEUR;11286681;690;
17.01.2025;09:45:13.808;FGBS SI 20250306 PS;SIMPLE_INSTRUMENT;EFP_FIN;EUR;7;106.65000000;492;EXCHANGE_LAST;;1;1;XEUR;11286681;690;
17.01.2025;10:18:45.635;FGBS SI 20250306 PS;SIMPLE_INSTRUMENT;EFP_FIN;EUR;8;106.64500000;119;EXCHANGE_LAST;;1;1;XEUR;11286681;690;
17.01.2025;10:35:35.920;FGBS SI 20250306 PS;SIMPLE_INSTRUMENT;EFS;EUR;9;106.66000000;2667;EXCHANGE_LAST;;1;1;XEUR;11286681;690;
17.01.2025;10:49:18.043;FGBS SI 20250306 PS;SIMPLE_INSTRUMENT;EFS;EUR;10;106.65000000;5000;EXCHANGE_LAST;;1;1;XEUR;11286681;690;
17.01.2025;10:52:34.590;FGBS SI 20250306 PS;SIMPLE_INSTRUMENT;EFP_FIN;EUR;11;106.65000000;701;EXCHANGE_LAST;;1;1;XEUR;11286681;690;
17.01.2025;10:52:58.561;FGBS SI 20250306 PS;SIMPLE_INSTRUMENT;EFS;EUR;12;106.66000000;2670;EXCHANGE_LAST;;1;1;XEUR;11286681;690;
17.01.2025;11:04:25.050;FGBS SI 20250306 PS;SIMPLE_INSTRUMENT;EFS;EUR;13;106.65000000;1000;EXCHANGE_LAST;;1;1;XEUR;11286681;690;
17.01.2025;11:04:30.151;FGBS SI 20250306 PS;SIMPLE_INSTRUMENT;EFS;EUR;14;106.65000000;1000;EXCHANGE_LAST;;1;1;XEUR;11286681;690;
17.01.2025;11:07:50.614;FGBS SI 20250306 PS;SIMPLE_INSTRUMENT;EFS;EUR;15;106.65000000;1334;EXCHANGE_LAST;;1;1;XEUR;11286681;690;
17.01.2025;11:08:23.171;FGBS SI 20250306 PS;SIMPLE_INSTRUMENT;EFS;EUR;16;106.65000000;1334;EXCHANGE_LAST;;1;1;XEUR;11286681;690;
17.01.2025;11:43:44.137;FGBS SI 20250306 PS;SIMPLE_INSTRUMENT;EFS;EUR;17;106.66000000;445;EXCHANGE_LAST;;1;1;XEUR;11286681;690;
17.01.2025;11:44:22.139;FGBS SI 20250306 PS;SIMPLE_INSTRUMENT;EFS;EUR;18;106.66000000;445;EXCHANGE_LAST;;1;1;XEUR;11286681;690;
17.01.2025;11:44:30.141;FGBS SI 20250306 PS;SIMPLE_INSTRUMENT;EFS;EUR;19;106.66000000;445;EXCHANGE_LAST;;1;1;XEUR;11286681;690;
17.01.2025;13:01:32.239;FGBS SI 20250306 PS;SIMPLE_INSTRUMENT;EFP_FIN;EUR;20;106.67000000;280;EXCHANGE_LAST;;1;1;XEUR;11286681;690;
17.01.2025;13:08:11.672;FGBS SI 20250306 PS;SIMPLE_INSTRUMENT;BLOCK;EUR;21;106.67000000;5330;EXCHANGE_LAST;;1;1;XEUR;11286681;690;
17.01.2025;13:37:47.338;FGBS SI 20250306 PS;SIMPLE_INSTRUMENT;EFP_FIN;EUR;22;106.67000000;349;EXCHANGE_LAST;;1;1;XEUR;11286681;690;
17.01.2025;13:37:59.486;FGBS SI 20250306 PS;SIMPLE_INSTRUMENT;EFP_FIN;EUR;23;106.67000000;1624;EXCHANGE_LAST;;1;1;XEUR;11286681;690;
17.01.2025;13:38:14.334;FGBS SI 20250306 PS;SIMPLE_INSTRUMENT;EFP_FIN;EUR;24;106.67000000;748;EXCHANGE_LAST;;1;1;XEUR;11286681;690;
17.01.2025;13:42:46.501;FGBS SI 20250306 PS;SIMPLE_INSTRUMENT;EFS;EUR;25;106.66000000;1339;EXCHANGE_LAST;;1;1;XEUR;11286681;690;
17.01.2025;13:42:56.502;FGBS SI 20250306 PS;SIMPLE_INSTRUMENT;EFS;EUR;26;106.66000000;1339;EXCHANGE_LAST;;1;1;XEUR;11286681;690;
17.01.2025;13:47:45.028;FGBS SI 20250306 PS;SIMPLE_INSTRUMENT;EFS;EUR;27;106.66500000;2000;EXCHANGE_LAST;;1;1;XEUR;11286681;690;
17.01.2025;13:53:36.989;FGBS SI 20250306 PS;SIMPLE_INSTRUMENT;EFP_FIN;EUR;28;106.66000000;582;EXCHANGE_LAST;;1;1;XEUR;11286681;690;
17.01.2025;13:54:57.189;FGBS SI 20250306 PS;SIMPLE_INSTRUMENT;EFP_FIN;EUR;29;106.66000000;582;EXCHANGE_LAST;;1;1;XEUR;11286681;690;
17.01.2025;13:56:28.811;FGBS SI 20250306 PS;SIMPLE_INSTRUMENT;EFP_FIN;EUR;30;106.66000000;523;EXCHANGE_LAST;;1;1;XEUR;11286681;690;
17.01.2025;14:24:09.544;FGBS SI 20250306 PS;SIMPLE_INSTRUMENT;EFS;EUR;31;106.66000000;1647;EXCHANGE_LAST;;1;1;XEUR;11286681;690;
17.01.2025;14:31:08.854;FGBS SI 20250306 PS;SIMPLE_INSTRUMENT;EFS;EUR;32;106.67000000;2001;EXCHANGE_LAST;;1;1;XEUR;11286681;690;
17.01.2025;14:42:27.747;FGBS SI 20250306 PS;SIMPLE_INSTRUMENT;EFS;EUR;33;106.66000000;2674;EXCHANGE_LAST;;1;1;XEUR;11286681;690;
17.01.2025;15:29:50.539;FGBS SI 20250306 PS;SIMPLE_INSTRUMENT;EFS;EUR;34;106.64500000;2000;EXCHANGE_LAST;;1;1;XEUR;11286681;690;
17.01.2025;15:55:51.975;FGBS SI 20250306 PS;SIMPLE_INSTRUMENT;EFS;EUR;35;106.64000000;2746;EXCHANGE_LAST;;1;1;XEUR;11286681;690;
17.01.2025;16:04:06.842;FGBS SI 20250306 PS;SIMPLE_INSTRUMENT;EFS;EUR;36;106.64500000;2664;EXCHANGE_LAST;;1;1;XEUR;11286681;690;
17.01.2025;10:40:59.959;FGBS SI 20250306 PS;SIMPLE_INSTRUMENT;VOLA;EUR;268435486;106.63500000;60;EXCHANGE_LAST;;1;1;XEUR;11286681;690;
17.01.2025;10:53:34.062;FGBS SI 20250306 PS;SIMPLE_INSTRUMENT;VOLA;EUR;268435493;106.68000000;50;EXCHANGE_LAST;;1;1;XEUR;11286681;690;
17.01.2025;08:34:05.253;FGBX SI 20250306 PS;SIMPLE_INSTRUMENT;EFS;EUR;1;127.54000000;181;EXCHANGE_LAST;;1;1;XEUR;11286682;691;
17.01.2025;09:01:06.132;FGBX SI 20250306 PS;SIMPLE_INSTRUMENT;EFP_FIN;EUR;2;127.50000000;74;EXCHANGE_LAST;;1;1;XEUR;11286682;691;
17.01.2025;08:55:09.481;FGBX SI 20250306 PS;SIMPLE_INSTRUMENT;EFS;EUR;3;127.60000000;193;EXCHANGE_LAST;;1;1;XEUR;11286682;691;
17.01.2025;09:43:13.650;FGBX SI 20250306 PS;SIMPLE_INSTRUMENT;EFP_FIN;EUR;8;127.66000000;96;EXCHANGE_LAST;;1;1;XEUR;11286682;691;
17.01.2025;09:46:08.241;FGBX SI 20250306 PS;SIMPLE_INSTRUMENT;BLOCK;EUR;9;127.66000000;115;EXCHANGE_LAST;;1;1;XEUR;11286682;691;
17.01.2025;10:01:13.161;FGBX SI 20250306 PS;SIMPLE_INSTRUMENT;BLOCK;EUR;10;127.64000000;576;EXCHANGE_LAST;;1;1;XEUR;11286682;691;
17.01.2025;10:44:31.345;FGBX SI 20250306 PS;SIMPLE_INSTRUMENT;EFS;EUR;12;127.62000000;96;EXCHANGE_LAST;;1;1;XEUR;11286682;691;
17.01.2025;13:04:14.380;FGBX SI 20250306 PS;SIMPLE_INSTRUMENT;EFS;EUR;14;128.02000000;100;EXCHANGE_LAST;;1;1;XEUR;11286682;691;
17.01.2025;13:13:39.993;FGBX SI 20250306 PS;SIMPLE_INSTRUMENT;EFS;EUR;15;128.18000000;114;EXCHANGE_LAST;;1;1;XEUR;11286682;691;
17.01.2025;13:19:50.409;FGBX SI 20250306 PS;SIMPLE_INSTRUMENT;EFS;EUR;16;128.14000000;383;EXCHANGE_LAST;;1;1;XEUR;11286682;691;
17.01.2025;14:38:49.709;FGBX SI 20250306 PS;SIMPLE_INSTRUMENT;EFP_FIN;EUR;20;127.96000000;56;EXCHANGE_LAST;;1;1;XEUR;11286682;691;
17.01.2025;15:09:16.365;FGBX SI 20250306 PS;SIMPLE_INSTRUMENT;EFP_FIN;EUR;22;127.82000000;80;EXCHANGE_LAST;;1;1;XEUR;11286682;691;
17.01.2025;15:32:26.847;FGBX SI 20250306 PS;SIMPLE_INSTRUMENT;EFS;EUR;24;127.96000000;96;EXCHANGE_LAST;;1;1;XEUR;11286682;691;
17.01.2025;16:06:30.732;FGBX SI 20250306 PS;SIMPLE_INSTRUMENT;EFP_FIN;EUR;26;127.98000000;70;EXCHANGE_LAST;;1;1;XEUR;11286682;691;
17.01.2025;16:06:36.733;FGBX SI 20250306 PS;SIMPLE_INSTRUMENT;EFP_FIN;EUR;27;128.00000000;70;EXCHANGE_LAST;;1;1;XEUR;11286682;691;
17.01.2025;11:49:38.307;FHZN SI 20250321 PS AM P 210.0 0;SIMPLE_INSTRUMENT;BLOCK;CHF;38;4.25000000;3032;EXCHANGE_LAST;;1;1;XEUR;12469868;45379;
17.01.2025;15:00:14.800;FIA5 SI 20251218 PS AM P 11.00 0;SIMPLE_INSTRUMENT;BLOCK;EUR;10;0.94000000;1200;EXCHANGE_LAST;;1;1;XEUR;12423828;48227;
17.01.2025;10:40:18.010;FIN SI 20251219 PS AM P 60.00 0;SIMPLE_INSTRUMENT;BLOCK;CHF;23;3.90000000;350;EXCHANGE_LAST;;1;1;XEUR;10405616;671;
17.01.2025;11:02:48.920;FIN SI 20251219 PS AM P 60.00 0;SIMPLE_INSTRUMENT;BLOCK;CHF;27;3.90000000;500;EXCHANGE_LAST;;1;1;XEUR;10405616;671;
17.01.2025;12:04:43.321;FIN SI 20250620 PS AM P 60.00 0;SIMPLE_INSTRUMENT;BLOCK;CHF;42;1.95000000;250;EXCHANGE_LAST;;1;1;XEUR;9548257;671;
17.01.2025;13:43:08.365;FIN.O.250117.CDIA.000002;STANDARD_OPTION_STRATEGY;BLOCK;CHF;75;-0.28000000;400;EXCHANGE_LAST;;1;1;XEUR;72060475960989206;671;
17.01.2025;13:43:08.365;FIN SI 20250221 PS AM C 72.00 0;SIMPLE_INSTRUMENT;BLOCK;CHF;75;0.89000000;400;PRC_DECOMP_EXCHANGE;;;;XEUR;12245010;671;EXCHANGE
17.01.2025;13:43:08.365;FIN SI 20250117 PS AM C 68.00 0;SIMPLE_INSTRUMENT;BLOCK;CHF;75;1.17000000;400;PRC_DECOMP_EXCHANGE;;;;XEUR;12075002;671;EXCHANGE
17.01.2025;16:16:02.351;FLCP SI 20250321 CS;SIMPLE_INSTRUMENT;BLOCK;EUR;27;546.40000000;169;EXCHANGE_LAST;;1;1;XEUR;11359273;669;
17.01.2025;16:16:20.205;FLCP SI 20250321 CS;SIMPLE_INSTRUMENT;BLOCK;EUR;28;546.10000000;386;EXCHANGE_LAST;;1;1;XEUR;11359273;669;
17.01.2025;10:29:29.388;FMAS SI 20250321 CS;SIMPLE_INSTRUMENT;BLOCK;USD;34;612.05000000;361;EXCHANGE_LAST;;1;1;XEUR;7589709;7061;
17.01.2025;00:58:01.036;FMAU SI 20250321 CS;SIMPLE_INSTRUMENT;BLOCK;USD;1;5697.92200000;877;EXCHANGE_LAST;;1;1;XEUR;7590511;45287;
17.01.2025;01:28:16.826;FMAU SI 20250321 CS;SIMPLE_INSTRUMENT;BLOCK;USD;2;5697.92200000;4383;EXCHANGE_LAST;;2;1;XEUR;7590511;45287;
17.01.2025;16:49:39.305;FMCE SI 20250321 CS;SIMPLE_INSTRUMENT;BLOCK;EUR;33;522.50000000;916;EXCHANGE_LAST;;1;1;XEUR;9693463;665;
17.01.2025;16:49:51.749;FMCE SI 20250321 CS;SIMPLE_INSTRUMENT;BLOCK;EUR;34;522.70000000;870;EXCHANGE_LAST;;1;1;XEUR;9693463;665;
17.01.2025;03:27:15.422;FMCH SI 20250321 CS;SIMPLE_INSTRUMENT;BLOCK;USD;8;493.07800000;3710;EXCHANGE_LAST;;1;1;XEUR;7592069;402909;
17.01.2025;01:52:44.475;FMEA SI 20250321 CS;SIMPLE_INSTRUMENT;BLOCK;USD;3;678.42100000;222;EXCHANGE_LAST;;1;1;XEUR;7589834;12395;
17.01.2025;03:20:21.844;FMEA SI 20250321 CS;SIMPLE_INSTRUMENT;BLOCK;USD;7;678.42100000;2171;EXCHANGE_LAST;;1;1;XEUR;7589834;12395;
17.01.2025;07:44:09.205;FMED SI 20250321 CS;SIMPLE_INSTRUMENT;BLOCK;USD;17;9385.76000000;540;EXCHANGE_LAST;;1;1;XEUR;7590729;48144;
17.01.2025;07:44:39.826;FMED SI 20250321 CS;SIMPLE_INSTRUMENT;BLOCK;USD;18;9385.51000000;540;EXCHANGE_LAST;;1;1;XEUR;7590729;48144;
17.01.2025;08:16:12.925;FMED SI 20250321 CS;SIMPLE_INSTRUMENT;BLOCK;USD;27;9385.51000000;100;EXCHANGE_LAST;;1;1;XEUR;7590729;48144;
17.01.2025;10:20:35.175;FMED SI 20250321 CS;SIMPLE_INSTRUMENT;BLOCK;USD;33;9385.51000000;590;EXCHANGE_LAST;;1;1;XEUR;7590729;48144;
17.01.2025;08:15:22.919;FMEE SI 20250321 CS;SIMPLE_INSTRUMENT;BLOCK;USD;26;318.10300000;330;EXCHANGE_LAST;;1;1;XEUR;7589846;12396;
17.01.2025;11:41:54.421;FMEE SI 20250321 CS;SIMPLE_INSTRUMENT;BLOCK;USD;35;318.10300000;200;EXCHANGE_LAST;;1;1;XEUR;7589846;12396;
17.01.2025;08:11:30.064;FMEL SI 20250321 CS;SIMPLE_INSTRUMENT;BLOCK;USD;23;489.07100000;115;EXCHANGE_LAST;;1;1;XEUR;7589856;12397;
17.01.2025;08:29:01.152;FMEL SI 20250321 CS;SIMPLE_INSTRUMENT;BLOCK;USD;28;489.07200000;50;EXCHANGE_LAST;;1;1;XEUR;7589856;12397;
17.01.2025;07:51:57.592;FMEM SI 20250321 CS;SIMPLE_INSTRUMENT;EFP_IDX;USD;20;573.21000000;292;EXCHANGE_LAST;;1;1;XEUR;7589821;12394;
17.01.2025;07:24:04.334;FMEN SI 20250321 CS;SIMPLE_INSTRUMENT;BLOCK;EUR;14;521.15900000;45;EXCHANGE_LAST;;1;1;XEUR;7590212;30652;
17.01.2025;08:09:27.946;FMEN SI 20250321 CS;SIMPLE_INSTRUMENT;EFP_IDX;EUR;22;521.65300000;4;EXCHANGE_LAST;;1;1;XEUR;7590212;30652;
17.01.2025;08:24:27.452;FMEU SI 20250321 CS;SIMPLE_INSTRUMENT;EFP_IDX;EUR;29;346.75400000;212;EXCHANGE_LAST;;1;1;XEUR;7589708;7058;
17.01.2025;07:30:12.001;FMGC SI 20250321 CS;SIMPLE_INSTRUMENT;BLOCK;USD;15;12729.74000000;380;EXCHANGE_LAST;;1;1;XEUR;7590767;48916;
17.01.2025;08:12:08.765;FMGC SI 20250321 CS;SIMPLE_INSTRUMENT;BLOCK;USD;24;12729.75000000;88;EXCHANGE_LAST;;1;1;XEUR;7590767;48916;
17.01.2025;07:49:17.476;FMGD SI 20250321 CS;SIMPLE_INSTRUMENT;BLOCK;USD;19;2748.64500000;1761;EXCHANGE_LAST;;1;1;XEUR;8609343;583624;
17.01.2025;14:54:58.417;FMGO SI 20250321 CS;SIMPLE_INSTRUMENT;BLOCK;USD;36;5168.00000000;46;EXCHANGE_LAST;;1;1;XEUR;8609359;583623;
17.01.2025;08:53:34.900;FMHK SI 20250321 CS;SIMPLE_INSTRUMENT;BLOCK;USD;30;54788.76500000;380;EXCHANGE_LAST;;3;1;XEUR;7590500;45282;
17.01.2025;03:54:42.914;FMID SI 20250321 CS;SIMPLE_INSTRUMENT;BLOCK;USD;4;1558.10000000;40;EXCHANGE_LAST;;1;1;XEUR;7590528;45289;
17.01.2025;04:01:14.861;FMID SI 20250321 CS;SIMPLE_INSTRUMENT;BLOCK;USD;5;1559.30000000;40;EXCHANGE_LAST;;1;1;XEUR;7590528;45289;
17.01.2025;02:46:20.614;FMIN SI 20250321 CS;SIMPLE_INSTRUMENT;BLOCK;USD;5;1214.46100000;16;EXCHANGE_LAST;;1;1;XEUR;7589865;12404;
17.01.2025;02:56:01.751;FMIN SI 20250321 CS;SIMPLE_INSTRUMENT;BLOCK;USD;6;1214.45900000;103;EXCHANGE_LAST;;1;1;XEUR;7589865;12404;
17.01.2025;04:01:27.514;FMIN SI 20250321 CS;SIMPLE_INSTRUMENT;BLOCK;USD;10;1214.45900000;457;EXCHANGE_LAST;;1;1;XEUR;7589865;12404;
17.01.2025;05:22:52.827;FMIN SI 20250321 CS;SIMPLE_INSTRUMENT;BLOCK;USD;12;1215.06200000;165;EXCHANGE_LAST;;1;1;XEUR;7589865;12404;
17.01.2025;08:14:35.606;FMPA SI 20250321 CS;SIMPLE_INSTRUMENT;BLOCK;USD;25;8373.47600000;54;EXCHANGE_LAST;;1;1;XEUR;7590728;48143;
17.01.2025;09:28:26.668;FMPA SI 20250321 CS;SIMPLE_INSTRUMENT;BLOCK;USD;31;8373.47600000;473;EXCHANGE_LAST;;1;1;XEUR;7590728;48143;
17.01.2025;03:52:35.164;FMPH SI 20250321 CS;SIMPLE_INSTRUMENT;BLOCK;USD;3;402.10000000;20;EXCHANGE_LAST;;1;1;XEUR;7589869;12548;
17.01.2025;04:01:30.896;FMPH SI 20250321 CS;SIMPLE_INSTRUMENT;BLOCK;USD;6;403.18000000;20;EXCHANGE_LAST;;1;1;XEUR;7589869;12548;
17.01.2025;03:31:29.892;FMTH SI 20250321 CS;SIMPLE_INSTRUMENT;BLOCK;USD;9;1141.10200000;167;EXCHANGE_LAST;;1;1;XEUR;7589913;12681;
17.01.2025;05:15:03.152;FMTH SI 20250321 CS;SIMPLE_INSTRUMENT;BLOCK;USD;11;1141.32900000;150;EXCHANGE_LAST;;1;1;XEUR;7589913;12681;
17.01.2025;06:46:50.853;FMTH SI 20250321 CS;SIMPLE_INSTRUMENT;BLOCK;USD;13;1141.32900000;44;EXCHANGE_LAST;;1;1;XEUR;7589913;12681;
17.01.2025;00:31:20.210;FMTW SI 20250321 CS;SIMPLE_INSTRUMENT;BLOCK;USD;1;837.38700000;101;EXCHANGE_LAST;;1;1;XEUR;7590882;51884;
17.01.2025;00:57:28.811;FMTW SI 20250321 CS;SIMPLE_INSTRUMENT;BLOCK;USD;2;837.38700000;1075;EXCHANGE_LAST;;1;1;XEUR;7590882;51884;
17.01.2025;07:38:20.559;FMTW SI 20250321 CS;SIMPLE_INSTRUMENT;EFP_IDX;USD;7;837.23100000;60;EXCHANGE_LAST;;1;1;XEUR;7590882;51884;
17.01.2025;11:26:05.279;FMUA SI 20250321 CS;SIMPLE_INSTRUMENT;BLOCK;USD;8;889.74000000;11;EXCHANGE_LAST;;1;1;XEUR;7590507;45284;
17.01.2025;16:30:46.840;FMWN SI 20250321 CS;SIMPLE_INSTRUMENT;BLOCK;EUR;37;599.15000000;204;EXCHANGE_LAST;;1;1;XEUR;7590222;30654;
17.01.2025;07:33:17.028;FMWO SI 20250321 CS;SIMPLE_INSTRUMENT;EFP_IDX;USD;16;11956.94000000;243;EXCHANGE_LAST;;1;1;XEUR;7589707;7059;
17.01.2025;07:57:25.110;FMWO SI 20250321 CS;SIMPLE_INSTRUMENT;EFP_IDX;USD;21;11956.45000000;51;EXCHANGE_LAST;;1;1;XEUR;7589707;7059;
17.01.2025;10:07:30.196;FMXG SI 20250321 CS;SIMPLE_INSTRUMENT;BLOCK;EUR;32;367.60000000;1998;EXCHANGE_LAST;;1;1;XEUR;7591194;124306;
17.01.2025;02:44:18.966;FMXJ SI 20250321 CS;SIMPLE_INSTRUMENT;BLOCK;USD;4;572.00000000;5;EXCHANGE_LAST;;1;1;XEUR;7590866;51660;
17.01.2025;08:59:48.498;FOAT SI 20250306 PS;SIMPLE_INSTRUMENT;BLOCK;EUR;1;122.28000000;1660;EXCHANGE_LAST;;1;1;XEUR;11286683;749;
17.01.2025;09:00:51.020;FOAT SI 20250306 PS;SIMPLE_INSTRUMENT;EFP_FIN;EUR;2;122.29000000;415;EXCHANGE_LAST;;1;1;XEUR;11286683;749;
17.01.2025;10:29:43.587;FOAT SI 20250306 PS;SIMPLE_INSTRUMENT;EFP_FIN;EUR;3;122.28000000;544;EXCHANGE_LAST;;1;1;XEUR;11286683;749;
17.01.2025;10:46:52.679;FOAT SI 20250306 PS;SIMPLE_INSTRUMENT;EFP_FIN;EUR;4;122.39000000;1001;EXCHANGE_LAST;;1;1;XEUR;11286683;749;
17.01.2025;11:08:24.582;FOAT SI 20250306 PS;SIMPLE_INSTRUMENT;EFP_FIN;EUR;5;122.28000000;1633;EXCHANGE_LAST;;1;1;XEUR;11286683;749;
17.01.2025;10:55:03.275;FOAT SI 20250306 PS;SIMPLE_INSTRUMENT;EFP_FIN;EUR;6;122.37000000;560;EXCHANGE_LAST;;1;1;XEUR;11286683;749;
17.01.2025;11:23:20.458;FOAT SI 20250306 PS;SIMPLE_INSTRUMENT;EFP_FIN;EUR;7;122.27000000;417;EXCHANGE_LAST;;1;1;XEUR;11286683;749;
17.01.2025;11:49:05.607;FOAT SI 20250306 PS;SIMPLE_INSTRUMENT;EFP_FIN;EUR;8;122.42000000;275;EXCHANGE_LAST;;1;1;XEUR;11286683;749;
17.01.2025;12:13:27.599;FOAT SI 20250306 PS;SIMPLE_INSTRUMENT;EFP_FIN;EUR;9;122.52000000;416;EXCHANGE_LAST;;1;1;XEUR;11286683;749;
17.01.2025;12:36:41.492;FOAT SI 20250306 PS;SIMPLE_INSTRUMENT;EFP_FIN;EUR;10;122.52000000;416;EXCHANGE_LAST;;1;1;XEUR;11286683;749;
17.01.2025;13:02:16.534;FOAT SI 20250306 PS;SIMPLE_INSTRUMENT;EFP_FIN;EUR;11;122.50000000;834;EXCHANGE_LAST;;1;1;XEUR;11286683;749;
17.01.2025;13:21:47.525;FOAT SI 20250306 PS;SIMPLE_INSTRUMENT;EFP_FIN;EUR;12;122.52000000;158;EXCHANGE_LAST;;1;1;XEUR;11286683;749;
17.01.2025;13:31:25.509;FOAT SI 20250306 PS;SIMPLE_INSTRUMENT;EFS;EUR;13;122.51000000;43;EXCHANGE_LAST;;1;1;XEUR;11286683;749;
17.01.2025;13:31:43.747;FOAT SI 20250306 PS;SIMPLE_INSTRUMENT;EFS;EUR;14;122.51000000;176;EXCHANGE_LAST;;1;1;XEUR;11286683;749;
17.01.2025;14:00:59.567;FOAT SI 20250306 PS;SIMPLE_INSTRUMENT;EFP_FIN;EUR;15;122.50000000;1668;EXCHANGE_LAST;;1;1;XEUR;11286683;749;
17.01.2025;14:03:10.442;FOAT SI 20250306 PS;SIMPLE_INSTRUMENT;EFP_FIN;EUR;16;122.54000000;1251;EXCHANGE_LAST;;1;1;XEUR;11286683;749;
17.01.2025;14:05:14.308;FOAT SI 20250306 PS;SIMPLE_INSTRUMENT;EFP_FIN;EUR;17;122.52000000;475;EXCHANGE_LAST;;1;1;XEUR;11286683;749;
17.01.2025;14:05:46.408;FOAT SI 20250306 PS;SIMPLE_INSTRUMENT;EFS;EUR;18;122.48000000;55;EXCHANGE_LAST;;1;1;XEUR;11286683;749;
17.01.2025;14:14:35.819;FOAT SI 20250306 PS;SIMPLE_INSTRUMENT;EFP_FIN;EUR;19;122.48000000;417;EXCHANGE_LAST;;1;1;XEUR;11286683;749;
17.01.2025;14:18:53.542;FOAT SI 20250306 PS;SIMPLE_INSTRUMENT;EFP_FIN;EUR;20;122.47000000;357;EXCHANGE_LAST;;1;1;XEUR;11286683;749;
17.01.2025;14:27:54.831;FOAT SI 20250306 PS;SIMPLE_INSTRUMENT;EFP_FIN;EUR;21;122.50000000;834;EXCHANGE_LAST;;1;1;XEUR;11286683;749;
17.01.2025;14:29:40.850;FOAT SI 20250306 PS;SIMPLE_INSTRUMENT;EFP_FIN;EUR;22;122.52000000;1668;EXCHANGE_LAST;;1;1;XEUR;11286683;749;
17.01.2025;14:44:00.178;FOAT SI 20250306 PS;SIMPLE_INSTRUMENT;EFP_FIN;EUR;23;122.39000000;834;EXCHANGE_LAST;;1;1;XEUR;11286683;749;
17.01.2025;14:50:00.086;FOAT SI 20250306 PS;SIMPLE_INSTRUMENT;EFP_FIN;EUR;24;122.31000000;137;EXCHANGE_LAST;;1;1;XEUR;11286683;749;
17.01.2025;15:19:00.542;FOAT SI 20250306 PS;SIMPLE_INSTRUMENT;EFP_FIN;EUR;25;122.40000000;223;EXCHANGE_LAST;;1;1;XEUR;11286683;749;
17.01.2025;15:46:59.988;FOAT SI 20250306 PS;SIMPLE_INSTRUMENT;EFP_FIN;EUR;26;122.40000000;1071;EXCHANGE_LAST;;1;1;XEUR;11286683;749;
17.01.2025;16:07:49.204;FOAT SI 20250306 PS;SIMPLE_INSTRUMENT;EFP_FIN;EUR;27;122.39000000;1084;EXCHANGE_LAST;;1;1;XEUR;11286683;749;
17.01.2025;16:11:23.625;FOAT SI 20250306 PS;SIMPLE_INSTRUMENT;EFP_FIN;EUR;28;122.41000000;417;EXCHANGE_LAST;;1;1;XEUR;11286683;749;
17.01.2025;16:15:20.365;FOAT SI 20250306 PS;SIMPLE_INSTRUMENT;EFP_FIN;EUR;29;122.39000000;91;EXCHANGE_LAST;;1;1;XEUR;11286683;749;
17.01.2025;16:16:25.595;FOAT SI 20250306 PS;SIMPLE_INSTRUMENT;EFP_FIN;EUR;30;122.39000000;91;EXCHANGE_LAST;;1;1;XEUR;11286683;749;
17.01.2025;16:21:13.281;FOAT SI 20250306 PS;SIMPLE_INSTRUMENT;EFP_FIN;EUR;31;122.33000000;417;EXCHANGE_LAST;;1;1;XEUR;11286683;749;
17.01.2025;16:23:27.560;FOAT SI 20250306 PS;SIMPLE_INSTRUMENT;EFP_FIN;EUR;32;122.43000000;625;EXCHANGE_LAST;;1;1;XEUR;11286683;749;
17.01.2025;16:37:19.962;FOAT SI 20250306 PS;SIMPLE_INSTRUMENT;EFP_FIN;EUR;33;122.33000000;684;EXCHANGE_LAST;;1;1;XEUR;11286683;749;
17.01.2025;14:19:23.351;FRE SI 20250117 PS AM C 35.00 0;SIMPLE_INSTRUMENT;BLOCK;EUR;4;1.23000000;600;EXCHANGE_LAST;;1;1;XEUR;12075475;760;
17.01.2025;14:21:58.361;FRE SI 20250221 PS AM C 36.00 0;SIMPLE_INSTRUMENT;BLOCK;EUR;5;1.15000000;600;EXCHANGE_LAST;;1;1;XEUR;12245643;760;
17.01.2025;16:17:12.016;FSCP SI 20250321 CS;SIMPLE_INSTRUMENT;BLOCK;EUR;29;339.10000000;283;EXCHANGE_LAST;;1;1;XEUR;11360241;764;
17.01.2025;16:17:28.147;FSCP SI 20250321 CS;SIMPLE_INSTRUMENT;BLOCK;EUR;30;339.20000000;602;EXCHANGE_LAST;;1;1;XEUR;11360241;764;
17.01.2025;16:50:44.132;FSEG SI 20250321 CS;SIMPLE_INSTRUMENT;EFP_IDX;EUR;36;194.40000000;4;EXCHANGE_LAST;;1;1;XEUR;11393888;109977;
17.01.2025;16:51:12.182;FSEG SI 20250321 CS;SIMPLE_INSTRUMENT;EFP_IDX;EUR;38;194.30000000;24;EXCHANGE_LAST;;1;1;XEUR;11393888;109977;
17.01.2025;16:52:44.576;FSEG SI 20250321 CS;SIMPLE_INSTRUMENT;EFP_IDX;EUR;39;194.30000000;301;EXCHANGE_LAST;;1;1;XEUR;11393888;109977;
17.01.2025;16:53:12.285;FSEG SI 20250321 CS;SIMPLE_INSTRUMENT;EFP_IDX;EUR;40;194.40000000;53;EXCHANGE_LAST;;1;1;XEUR;11393888;109977;
17.01.2025;08:46:53.282;FSMI SI 20250321 CS;SIMPLE_INSTRUMENT;BLOCK;CHF;1;11959.00000000;1000;EXCHANGE_LAST;;1;1;XEUR;7793721;757;
17.01.2025;13:39:59.566;FSMI SI 20250321 CS;SIMPLE_INSTRUMENT;EFP_IDX;CHF;2;11970.00000000;300;EXCHANGE_LAST;;1;1;XEUR;7793721;757;
17.01.2025;16:41:54.590;FSMX SI 20250321 CS;SIMPLE_INSTRUMENT;BLOCK;EUR;32;25950.00000000;415;EXCHANGE_LAST;;1;1;XEUR;11405203;396422;
17.01.2025;16:50:37.899;FSMX SI 20250321 CS;SIMPLE_INSTRUMENT;BLOCK;EUR;35;25972.00000000;362;EXCHANGE_LAST;;1;1;XEUR;11405203;396422;
17.01.2025;16:51:02.123;FSMX SI 20250321 CS;SIMPLE_INSTRUMENT;BLOCK;EUR;37;25973.00000000;593;EXCHANGE_LAST;;1;1;XEUR;11405203;396422;
17.01.2025;16:55:44.169;FSMX SI 20250321 CS;SIMPLE_INSTRUMENT;EFP_IDX;EUR;41;25969.00000000;144;EXCHANGE_LAST;;1;1;XEUR;11405203;396422;
17.01.2025;16:55:37.421;FSMX SI 20250321 CS;SIMPLE_INSTRUMENT;EFP_IDX;EUR;42;25968.00000000;56;EXCHANGE_LAST;;1;1;XEUR;11405203;396422;
17.01.2025;16:55:35.405;FSMX SI 20250321 CS;SIMPLE_INSTRUMENT;EFP_IDX;EUR;43;25969.00000000;252;EXCHANGE_LAST;;1;1;XEUR;11405203;396422;
17.01.2025;16:55:46.908;FSMX SI 20250321 CS;SIMPLE_INSTRUMENT;EFP_IDX;EUR;44;25968.00000000;98;EXCHANGE_LAST;;1;1;XEUR;11405203;396422;
17.01.2025;12:30:58.013;FSTB SI 20250321 CS;SIMPLE_INSTRUMENT;BLOCK;EUR;10;223.20000000;582;EXCHANGE_LAST;;1;1;XEUR;11359807;714;
17.01.2025;16:12:40.661;FSTE SI 20250321 CS;SIMPLE_INSTRUMENT;BLOCK;EUR;2;357.90000000;486;EXCHANGE_LAST;;1;1;XEUR;11359812;719;
17.01.2025;16:13:05.538;FSTE SI 20250321 CS;SIMPLE_INSTRUMENT;BLOCK;EUR;3;358.00000000;599;EXCHANGE_LAST;;1;1;XEUR;11359812;719;
17.01.2025;16:47:31.402;FSTE SI 20250321 CS;SIMPLE_INSTRUMENT;EFP_IDX;EUR;6;356.80000000;8;EXCHANGE_LAST;;1;1;XEUR;11359812;719;
17.01.2025;16:47:53.001;FSTE SI 20250321 CS;SIMPLE_INSTRUMENT;EFP_IDX;EUR;7;356.90000000;30;EXCHANGE_LAST;;1;1;XEUR;11359812;719;
17.01.2025;16:06:50.144;FSTH SI 20250321 CS;SIMPLE_INSTRUMENT;BLOCK;EUR;1;1100.50000000;350;EXCHANGE_LAST;;1;1;XEUR;11359811;716;
17.01.2025;10:45:33.911;FSTI SI 20250321 CS;SIMPLE_INSTRUMENT;VOLA;EUR;603979803;422.00000000;6;EXCHANGE_LAST;;1;1;XEUR;11359770;707;
17.01.2025;13:02:23.149;FSTL SI 20250321 CS;SIMPLE_INSTRUMENT;BLOCK;EUR;11;126.30000000;1698;EXCHANGE_LAST;;1;1;XEUR;11359767;706;
17.01.2025;16:47:50.132;FSTS SI 20250321 CS;SIMPLE_INSTRUMENT;EFP_IDX;EUR;4;540.30000000;300;EXCHANGE_LAST;;1;1;XEUR;11359775;709;
17.01.2025;16:48:02.133;FSTS SI 20250321 CS;SIMPLE_INSTRUMENT;EFP_IDX;EUR;5;540.40000000;200;EXCHANGE_LAST;;1;1;XEUR;11359775;709;
17.01.2025;11:54:30.162;FSTS SI 20250321 CS;SIMPLE_INSTRUMENT;VOLA;EUR;603979809;540.00000000;14;EXCHANGE_LAST;;1;1;XEUR;11359775;709;
17.01.2025;16:15:42.853;FVS SI 20250122 CS;SIMPLE_INSTRUMENT;VOLA;EUR;301989913;16.80000000;10;EXCHANGE_LAST;;1;1;XEUR;11231184;821;
17.01.2025;13:57:36.251;G3ZF SI 20251219 CS;SIMPLE_INSTRUMENT;BLOCK;EUR;41;1.49000000;550;EXCHANGE_LAST;;1;2;XEUR;5914677;144760;
17.01.2025;14:31:08.149;G3ZF SI 20251219 CS;SIMPLE_INSTRUMENT;BLOCK;EUR;45;1.49000000;950;EXCHANGE_LAST;;1;1;XEUR;5914677;144760;
17.01.2025;08:47:42.231;GEBN.O.250117.PDIA.000001;STANDARD_OPTION_STRATEGY;BLOCK;CHF;3;-3.07000000;1250;EXCHANGE_LAST;;1;1;XEUR;72061382199100314;882;
17.01.2025;08:47:42.231;GEBN SI 20250919 PS AM P 400.00 0;SIMPLE_INSTRUMENT;BLOCK;CHF;3;6.43000000;1250;PRC_DECOMP_EXCHANGE;;;;XEUR;11883548;882;EXCHANGE
17.01.2025;08:47:42.231;GEBN SI 20250321 PS AM P 480.00 0;SIMPLE_INSTRUMENT;BLOCK;CHF;3;9.50000000;1250;PRC_DECOMP_EXCHANGE;;;;XEUR;10841639;882;EXCHANGE
17.01.2025;10:15:36.190;GEBN FI 20250219 CS EU C 526.0000 0;FLEXIBLE_INSTRUMENT;BLOCK;CHF;16;3.12000000;600;EXCHANGE_LAST;;1;1;XEUR;1152925292768014064;882;
17.01.2025;10:22:45.834;GIVN FI 20250219 CS EU C 4120.0000 0;FLEXIBLE_INSTRUMENT;BLOCK;CHF;19;37.30000000;100;EXCHANGE_LAST;;1;1;XEUR;1152925335717689027;892;
17.01.2025;15:49:24.177;GXI SI 20250919 PS AM P 64.00 0;SIMPLE_INSTRUMENT;BLOCK;EUR;12;7.70000000;500;EXCHANGE_LAST;;1;1;XEUR;11882871;852;
17.01.2025;15:41:44.870;GZF.O.250117.STG.000003;STANDARD_OPTION_STRATEGY;BLOCK;EUR;43;3.00000000;2000;EXCHANGE_LAST;;1;1;XEUR;72061266234980978;855;
17.01.2025;15:41:44.870;GZF SI 20271217 PS AM C 16.00 0;SIMPLE_INSTRUMENT;BLOCK;EUR;43;1.18000000;2000;PRC_DECOMP_EXCHANGE;;;;XEUR;8784565;855;EXCHANGE
17.01.2025;15:41:44.870;GZF SI 20271217 PS AM P 14.00 0;SIMPLE_INSTRUMENT;BLOCK;EUR;43;1.82000000;2000;PRC_DECOMP_EXCHANGE;;;;XEUR;8784552;855;EXCHANGE
17.01.2025;16:29:10.531;HELN SI 20251219 PS AM P 120.00 0;SIMPLE_INSTRUMENT;BLOCK;CHF;102;1.25000000;1000;EXCHANGE_LAST;;1;1;XEUR;10407186;838;
17.01.2025;11:56:20.256;HNK SI 20270618 PS AM P 48.00 0;SIMPLE_INSTRUMENT;BLOCK;EUR;4;2.39000000;400;EXCHANGE_LAST;;1;1;XEUR;11363220;947;
17.01.2025;13:10:08.295;I3ES SI 20261218 CS;SIMPLE_INSTRUMENT;BLOCK;EUR;33;0.33500000;5500;EXCHANGE_LAST;;1;1;XEUR;6805357;913;
17.01.2025;15:43:45.835;I3ES SI 20261218 CS;SIMPLE_INSTRUMENT;BLOCK;EUR;59;0.33500000;1000;EXCHANGE_LAST;;1;1;XEUR;6805357;913;
17.01.2025;13:53:56.032;IBE.O.250117.STG.000001;STANDARD_OPTION_STRATEGY;BLOCK;EUR;7;0.86000000;2500;EXCHANGE_LAST;;1;1;XEUR;72061493868237418;908;
17.01.2025;13:53:56.032;IBE SI 20250620 PS AM P 13.50 0;SIMPLE_INSTRUMENT;BLOCK;EUR;7;0.53000000;2500;PRC_DECOMP_MEMBER;;;;XEUR;11362723;908;MEMBER
17.01.2025;13:53:56.032;IBE SI 20250620 PS AM C 14.00 0;SIMPLE_INSTRUMENT;BLOCK;EUR;7;0.33000000;2500;PRC_DECOMP_MEMBER;;;;XEUR;8041780;908;MEMBER
17.01.2025;13:54:14.750;IBE.O.250117.STG.000001;STANDARD_OPTION_STRATEGY;BLOCK;EUR;8;0.87000000;2500;EXCHANGE_LAST;;1;1;XEUR;72061493868237418;908;
17.01.2025;13:54:14.750;IBE SI 20250620 PS AM P 13.50 0;SIMPLE_INSTRUMENT;BLOCK;EUR;8;0.53000000;2500;PRC_DECOMP_MEMBER;;;;XEUR;11362723;908;MEMBER
17.01.2025;13:54:14.750;IBE SI 20250620 PS AM C 14.00 0;SIMPLE_INSTRUMENT;BLOCK;EUR;8;0.34000000;2500;PRC_DECOMP_MEMBER;;;;XEUR;8041780;908;MEMBER
