#Date;TrdTime;Contract;ContractType;TrdTyp;Currency;TesId;Prc;Qty;TrdInd;Aggressor;Buy;Sell;Exch;InstrumentId;RelatedProdId;PrcDecomp
02.06.2025;11:21:30.878;A2XA SI 20271217 CS;SIMPLE_INSTRUMENT;BLOCK;EUR;17;2.15000000;650;EXCHANGE_LAST;;2;2;XEUR;5914267;17;
02.06.2025;15:30:09.731;A2XA SI 20250919 CS;SIMPLE_INSTRUMENT;BLOCK;EUR;36;2.15000000;630;EXCHANGE_LAST;;1;1;XEUR;11347325;17;
02.06.2025;13:11:14.250;ABBN SI 20260619 PS AM P 40.00 0;SIMPLE_INSTRUMENT;BLOCK;CHF;40;2.45000000;1250;EXCHANGE_LAST;;1;1;XEUR;9600925;574517;
02.06.2025;08:15:07.607;ADEN SI 20261218 PS AM P 16.00 0;SIMPLE_INSTRUMENT;BLOCK;CHF;5;1.44000000;1500;EXCHANGE_LAST;;1;1;XEUR;8107677;44;
02.06.2025;09:34:48.379;ADEN SI 20260619 PS AM P 20.00 0;SIMPLE_INSTRUMENT;BLOCK;CHF;13;2.32000000;1500;EXCHANGE_LAST;;1;1;XEUR;9536163;44;
02.06.2025;09:41:04.021;ADS SI 20251219 PS AM C 240.00 0;SIMPLE_INSTRUMENT;BLOCK;EUR;4;10.35000000;300;EXCHANGE_LAST;;1;1;XEUR;5919899;50;
02.06.2025;14:18:12.025;ADS SI 20251219 PS AM C 250.00 0;SIMPLE_INSTRUMENT;BLOCK;EUR;12;7.60000000;300;EXCHANGE_LAST;;1;1;XEUR;13312893;50;
02.06.2025;07:23:37.377;ALC SI 20261218 PS AM P 52.00 0;SIMPLE_INSTRUMENT;BLOCK;CHF;1;2.07000000;600;EXCHANGE_LAST;;1;1;XEUR;7181739;130134;
02.06.2025;11:41:24.295;ALC SI 20260619 PS AM P 60.00 0;SIMPLE_INSTRUMENT;BLOCK;CHF;27;3.00000000;1600;EXCHANGE_LAST;;2;4;XEUR;9584527;130134;
02.06.2025;12:11:44.829;ALC SI 20260619 PS AM P 60.00 0;SIMPLE_INSTRUMENT;BLOCK;CHF;35;3.00000000;400;EXCHANGE_LAST;;1;1;XEUR;9584527;130134;
02.06.2025;14:34:53.939;ALC SI 20260320 PS AM P 56.00 0;SIMPLE_INSTRUMENT;BLOCK;CHF;50;1.45000000;600;EXCHANGE_LAST;;1;1;XEUR;13157314;130134;
02.06.2025;12:28:23.471;ALV SI 20251219 PS AM P 340.00 0;SIMPLE_INSTRUMENT;BLOCK;EUR;7;15.15000000;750;EXCHANGE_LAST;;1;1;XEUR;12365287;74;
02.06.2025;13:50:25.698;ALV.O.250602.BRT.000016;STANDARD_OPTION_STRATEGY;BLOCK;EUR;8;4.88000000;300;EXCHANGE_LAST;;1;1;XEUR;72057911865571904;74;
02.06.2025;13:50:25.698;ALV SI 20250919 PS AM P 340.00 0;SIMPLE_INSTRUMENT;BLOCK;EUR;8;10.44000000;300;PRC_DECOMP_MEMBER;;;;XEUR;11871543;74;MEMBER
02.06.2025;13:50:25.698;ALV SI 20251219 PS AM P 340.00 0;SIMPLE_INSTRUMENT;BLOCK;EUR;8;15.32000000;300;PRC_DECOMP_MEMBER;;;;XEUR;12365287;74;MEMBER
02.06.2025;13:51:30.207;ALVG.S.JUN25.SEP25.SPD;FUTURES_SPREAD;BLOCK;EUR;27;-1.86000000;1250;EXCHANGE_LAST;;1;1;XEUR;72057959110148376;85;
02.06.2025;13:51:30.207;ALVG SI 20250919 CS;SIMPLE_INSTRUMENT;BLOCK;EUR;27;349.86000000;1250;PRC_DECOMP_MEMBER;;;;XEUR;11698574;85;MEMBER
02.06.2025;13:51:30.207;ALVG SI 20250620 CS;SIMPLE_INSTRUMENT;BLOCK;EUR;27;348.00000000;1250;PRC_DECOMP_MEMBER;;;;XEUR;11168195;85;MEMBER
02.06.2025;09:53:15.723;ANN.O.250602.BLT.000004;STANDARD_OPTION_STRATEGY;BLOCK;EUR;3;2.28000000;2000;EXCHANGE_LAST;;1;1;XEUR;72251735149671654;45202;
02.06.2025;09:53:15.723;ANN SI 20260320 PS AM C 30.00 0;SIMPLE_INSTRUMENT;BLOCK;EUR;3;2.56000000;2000;PRC_DECOMP_EXCHANGE;;;;XEUR;13030915;45202;EXCHANGE
02.06.2025;09:53:15.723;ANN SI 20250620 PS AM C 30.00 0;SIMPLE_INSTRUMENT;BLOCK;EUR;3;0.28000000;2000;PRC_DECOMP_EXCHANGE;;;;XEUR;9466244;45202;EXCHANGE
02.06.2025;12:28:00.588;ANN SI 20260320 PS AM P 22.00 0;SIMPLE_INSTRUMENT;BLOCK;EUR;7;0.69000000;12750;EXCHANGE_LAST;;3;2;XEUR;13030933;45202;
02.06.2025;11:52:56.141;ASM SI 20250718 PS AM C 700.00 0;SIMPLE_INSTRUMENT;BLOCK;EUR;7;16.05000000;150;EXCHANGE_LAST;;1;1;XEUR;13305168;107;
02.06.2025;15:32:21.017;AXA.O.250602.STD.000004;STANDARD_OPTION_STRATEGY;BLOCK;EUR;21;7.90000000;1500;EXCHANGE_LAST;;1;1;XEUR;72058139498796613;127;
02.06.2025;15:32:21.017;AXA SI 20260619 PS AM C 40.00 0;SIMPLE_INSTRUMENT;BLOCK;EUR;21;4.74000000;1500;PRC_DECOMP_EXCHANGE;;;;XEUR;9538772;127;EXCHANGE
02.06.2025;15:32:21.017;AXA SI 20260619 PS AM P 40.00 0;SIMPLE_INSTRUMENT;BLOCK;EUR;21;3.16000000;1500;PRC_DECOMP_EXCHANGE;;;;XEUR;9538774;127;EXCHANGE
02.06.2025;15:30:00.945;AXAG.S.JUN25.SEP25.SPD;FUTURES_SPREAD;BLOCK;EUR;35;-0.18750000;7000;EXCHANGE_LAST;;1;1;XEUR;72058130908840264;125;
02.06.2025;15:30:00.945;AXAG SI 20250919 CS;SIMPLE_INSTRUMENT;BLOCK;EUR;35;41.77140000;7000;PRC_DECOMP_EXCHANGE;;;;XEUR;11699127;125;EXCHANGE
02.06.2025;15:30:00.945;AXAG SI 20250620 CS;SIMPLE_INSTRUMENT;BLOCK;EUR;35;41.58390000;7000;PRC_DECOMP_EXCHANGE;;;;XEUR;11168731;125;EXCHANGE
02.06.2025;15:45:43.960;B2MW SI 20261218 CS;SIMPLE_INSTRUMENT;BLOCK;EUR;40;3.40000000;250;EXCHANGE_LAST;;2;1;XEUR;4632168;128;
02.06.2025;11:08:50.277;B2NP SI 20261218 CS;SIMPLE_INSTRUMENT;BLOCK;EUR;16;4.84000000;100;EXCHANGE_LAST;;1;1;XEUR;6798320;131;
02.06.2025;11:27:53.222;B2NP SI 20261218 CS;SIMPLE_INSTRUMENT;BLOCK;EUR;18;4.83000000;100;EXCHANGE_LAST;;1;1;XEUR;6798320;131;
02.06.2025;09:04:11.839;B3BV SI 20261218 CS;SIMPLE_INSTRUMENT;BLOCK;EUR;3;0.66700000;750;EXCHANGE_LAST;;2;1;XEUR;6798345;135;
02.06.2025;09:04:33.510;B3BV SI 20261218 CS;SIMPLE_INSTRUMENT;BLOCK;EUR;4;0.66800000;750;EXCHANGE_LAST;;2;1;XEUR;6798345;135;
02.06.2025;12:15:37.047;B3BV SI 20251219 CS;SIMPLE_INSTRUMENT;BLOCK;EUR;22;0.69000000;500;EXCHANGE_LAST;;1;1;XEUR;5914370;135;
02.06.2025;09:00:28.531;BAS SI 20250620 PS AM P 44.00 0;SIMPLE_INSTRUMENT;BLOCK;EUR;2;2.49000000;3000;EXCHANGE_LAST;;1;2;XEUR;7898970;150;
02.06.2025;13:59:58.559;BAS FI 20251121 CS EU P 35.5000 0;FLEXIBLE_INSTRUMENT;BLOCK;EUR;5;0.93000000;400;EXCHANGE_LAST;;1;1;XEUR;1152922148851955477;150;
02.06.2025;14:29:51.621;BAS SI 20250620 PS AM P 40.00 0;SIMPLE_INSTRUMENT;BLOCK;EUR;6;0.41000000;1000;EXCHANGE_LAST;;1;1;XEUR;7899120;150;
02.06.2025;15:25:22.528;BAS.O.250602.STD.000023;STANDARD_OPTION_STRATEGY;BLOCK;EUR;8;12.56000000;1500;EXCHANGE_LAST;;3;1;XEUR;72058238283094662;150;
02.06.2025;15:25:22.528;BAS SI 20270618 PS AM C 40.00 0;SIMPLE_INSTRUMENT;BLOCK;EUR;8;7.03000000;1500;PRC_DECOMP_EXCHANGE;;;;XEUR;11350908;150;EXCHANGE
02.06.2025;15:25:22.528;BAS SI 20270618 PS AM P 40.00 0;SIMPLE_INSTRUMENT;BLOCK;EUR;8;5.53000000;1500;PRC_DECOMP_EXCHANGE;;;;XEUR;11350906;150;EXCHANGE
02.06.2025;10:52:00.807;BASG.S.JUN25.SEP25.SPD;FUTURES_SPREAD;BLOCK;EUR;15;-0.23500000;5300;EXCHANGE_LAST;;2;2;XEUR;72058328477336871;171;
02.06.2025;10:52:00.807;BASG SI 20250620 CS;SIMPLE_INSTRUMENT;BLOCK;EUR;15;42.00000000;5300;PRC_DECOMP_MEMBER;;;;XEUR;11169531;171;MEMBER
02.06.2025;10:52:00.807;BASG SI 20250919 CS;SIMPLE_INSTRUMENT;BLOCK;EUR;15;42.23500000;5300;PRC_DECOMP_MEMBER;;;;XEUR;11699877;171;MEMBER
02.06.2025;12:53:47.926;BAY SI 20250718 PS AM C 28.00 0;SIMPLE_INSTRUMENT;BLOCK;EUR;4;0.59000000;5000;EXCHANGE_LAST;;1;4;XEUR;13313393;168;
02.06.2025;15:04:13.673;BAYG.S.JUN25.SEP25.SPD;FUTURES_SPREAD;BLOCK;EUR;32;-0.13500000;5000;EXCHANGE_LAST;;1;1;XEUR;72384157581312178;76034;
02.06.2025;15:04:13.673;BAYG SI 20250620 CS;SIMPLE_INSTRUMENT;BLOCK;EUR;32;24.76960000;5000;PRC_DECOMP_EXCHANGE;;;;XEUR;11197544;76034;EXCHANGE
02.06.2025;15:04:13.673;BAYG SI 20250919 CS;SIMPLE_INSTRUMENT;BLOCK;EUR;32;24.90460000;5000;PRC_DECOMP_EXCHANGE;;;;XEUR;11728197;76034;EXCHANGE
02.06.2025;08:43:20.022;BMW.O.250602.STG.000002;STANDARD_OPTION_STRATEGY;BLOCK;EUR;9;13.00000000;800;EXCHANGE_LAST;;1;1;XEUR;72058495981111540;210;
02.06.2025;08:43:20.022;BMW SI 20260320 PS AM C 84.00 0;SIMPLE_INSTRUMENT;BLOCK;EUR;9;5.86000000;800;PRC_DECOMP_EXCHANGE;;;;XEUR;12998589;210;EXCHANGE
02.06.2025;08:43:20.022;BMW SI 20260320 PS AM P 76.00 0;SIMPLE_INSTRUMENT;BLOCK;EUR;9;7.14000000;800;PRC_DECOMP_EXCHANGE;;;;XEUR;12998580;210;EXCHANGE
02.06.2025;09:41:17.728;BMW SI 20260320 PS AM P 76.00 0;SIMPLE_INSTRUMENT;BLOCK;EUR;12;7.25000000;1000;EXCHANGE_LAST;;1;2;XEUR;12998580;210;
02.06.2025;15:30:41.649;BMWF.S.JUN25.SEP25.SPD;FUTURES_SPREAD;BLOCK;EUR;37;-0.39200000;2000;EXCHANGE_LAST;;1;1;XEUR;72058620535111978;239;
02.06.2025;15:30:41.649;BMWF SI 20250620 CS;SIMPLE_INSTRUMENT;BLOCK;EUR;37;78.25510000;2000;PRC_DECOMP_EXCHANGE;;;;XEUR;11170639;239;EXCHANGE
02.06.2025;15:30:41.649;BMWF SI 20250919 CS;SIMPLE_INSTRUMENT;BLOCK;EUR;37;78.64710000;2000;PRC_DECOMP_EXCHANGE;;;;XEUR;11701041;239;EXCHANGE
02.06.2025;10:15:08.392;BNP.O.250602.STG.000001;STANDARD_OPTION_STRATEGY;BLOCK;EUR;7;16.90000000;400;EXCHANGE_LAST;;1;1;XEUR;72058611945201525;237;
02.06.2025;10:15:08.392;BNP SI 20261218 PS AM P 74.00 0;SIMPLE_INSTRUMENT;BLOCK;EUR;7;10.08000000;400;PRC_DECOMP_EXCHANGE;;;;XEUR;12761957;237;EXCHANGE
02.06.2025;10:15:08.392;BNP SI 20261218 PS AM C 80.00 0;SIMPLE_INSTRUMENT;BLOCK;EUR;7;6.82000000;400;PRC_DECOMP_EXCHANGE;;;;XEUR;7207418;237;EXCHANGE
02.06.2025;10:30:49.734;BNP.O.250602.BER.000002;STANDARD_OPTION_STRATEGY;BLOCK;EUR;8;4.88000000;500;EXCHANGE_LAST;;1;1;XEUR;72058611945201526;237;
02.06.2025;10:30:49.734;BNP SI 20260619 PS AM P 74.00 0;SIMPLE_INSTRUMENT;BLOCK;EUR;8;8.03000000;500;PRC_DECOMP_EXCHANGE;;;;XEUR;12761948;237;EXCHANGE
02.06.2025;10:30:49.734;BNP SI 20260619 PS AM P 60.00 0;SIMPLE_INSTRUMENT;BLOCK;EUR;8;3.15000000;500;PRC_DECOMP_EXCHANGE;;;;XEUR;9541702;237;EXCHANGE
02.06.2025;09:08:00.627;BNPH.S.JUN25.SEP25.SPD;FUTURES_SPREAD;BLOCK;EUR;5;-0.41750000;2500;EXCHANGE_LAST;;1;1;XEUR;72058607650212075;236;
02.06.2025;09:08:00.627;BNPH SI 20250919 CS;SIMPLE_INSTRUMENT;BLOCK;EUR;5;77.66020000;2500;PRC_DECOMP_EXCHANGE;;;;XEUR;11701000;236;EXCHANGE
02.06.2025;09:08:00.627;BNPH SI 20250620 CS;SIMPLE_INSTRUMENT;BLOCK;EUR;5;77.24270000;2500;PRC_DECOMP_EXCHANGE;;;;XEUR;11170600;236;EXCHANGE
02.06.2025;15:18:50.325;BOSS SI 20260320 PS AM P 40.00 0;SIMPLE_INSTRUMENT;BLOCK;EUR;13;4.10000000;1250;EXCHANGE_LAST;;1;2;XEUR;12998617;230;
02.06.2025;14:40:30.702;BRNT SI 20250718 PS EU C 60.00 0;SIMPLE_INSTRUMENT;BLOCK;USD;1;0.35000000;26708;EXCHANGE_LAST;;1;1;XEUR;13513038;367244;
02.06.2025;14:40:45.383;BRNT SI 20250718 PS EU C 60.00 0;SIMPLE_INSTRUMENT;BLOCK;USD;2;0.30000000;2968;EXCHANGE_LAST;;1;1;XEUR;13513038;367244;
02.06.2025;13:30:35.986;CBK SI 20261218 PS AM P 24.00 0;SIMPLE_INSTRUMENT;BLOCK;EUR;10;4.17000000;2000;EXCHANGE_LAST;;1;1;XEUR;10982472;268;
02.06.2025;10:09:27.991;CFR SI 20260320 PS AM P 140.00 0;SIMPLE_INSTRUMENT;BLOCK;CHF;19;11.58000000;300;EXCHANGE_LAST;;1;1;XEUR;13000408;313;
02.06.2025;10:31:14.260;CFR SI 20260619 PS AM P 140.00 0;SIMPLE_INSTRUMENT;BLOCK;CHF;20;13.70000000;500;EXCHANGE_LAST;;2;2;XEUR;9996431;313;
02.06.2025;14:31:12.234;CRI5.O.250602.BLT.000001;STANDARD_OPTION_STRATEGY;BLOCK;EUR;14;3.75000000;2000;EXCHANGE_LAST;;1;1;XEUR;72058968427475905;320;
02.06.2025;14:31:12.234;CRI5 SI 20250619 PS AM C 56.00 0;SIMPLE_INSTRUMENT;BLOCK;EUR;14;1.88000000;2000;PRC_DECOMP_EXCHANGE;;;;XEUR;11337254;320;EXCHANGE
02.06.2025;14:31:12.234;CRI5 SI 20251218 PS AM C 56.00 0;SIMPLE_INSTRUMENT;BLOCK;EUR;14;5.63000000;2000;PRC_DECOMP_EXCHANGE;;;;XEUR;12421054;320;EXCHANGE
02.06.2025;09:23:19.920;DBK.O.250602.BER.000004;STANDARD_OPTION_STRATEGY;BLOCK;EUR;3;0.36000000;4000;EXCHANGE_LAST;;1;1;XEUR;72059148816163216;362;
02.06.2025;09:23:19.920;DBK SI 20250620 PS AM P 24.00 0;SIMPLE_INSTRUMENT;BLOCK;EUR;3;0.57000000;4000;PRC_DECOMP_EXCHANGE;;;;XEUR;9544042;362;EXCHANGE
02.06.2025;09:23:19.920;DBK SI 20250620 PS AM P 22.50 0;SIMPLE_INSTRUMENT;BLOCK;EUR;3;0.21000000;4000;PRC_DECOMP_EXCHANGE;;;;XEUR;11094124;362;EXCHANGE
02.06.2025;12:11:57.925;DIEH SI 20250620 CS;SIMPLE_INSTRUMENT;BLOCK;EUR;20;178.95170000;1250;EXCHANGE_LAST;;1;1;XEUR;12865994;1046762;
02.06.2025;08:56:24.268;DPW SI 20251219 PS AM P 36.00 0;SIMPLE_INSTRUMENT;BLOCK;EUR;1;1.67000000;1000;EXCHANGE_LAST;;1;1;XEUR;5926788;445;
02.06.2025;12:15:49.201;DPWF.S.JUN25.SEP25.SPD;FUTURES_SPREAD;BLOCK;EUR;21;-0.21000000;7500;EXCHANGE_LAST;;1;1;XEUR;72059501003407568;444;
02.06.2025;12:15:49.201;DPWF SI 20250620 CS;SIMPLE_INSTRUMENT;BLOCK;EUR;21;39.25000000;7500;PRC_DECOMP_MEMBER;;;;XEUR;11173216;444;MEMBER
02.06.2025;12:15:49.201;DPWF SI 20250919 CS;SIMPLE_INSTRUMENT;BLOCK;EUR;21;39.46000000;7500;PRC_DECOMP_MEMBER;;;;XEUR;11703690;444;MEMBER
02.06.2025;10:47:32.672;DTE SI 20261218 PS AM P 28.00 0;SIMPLE_INSTRUMENT;BLOCK;EUR;4;1.52000000;7000;EXCHANGE_LAST;;1;2;XEUR;7356838;424;
02.06.2025;12:48:59.525;DTE.O.250602.COMBO.000010;STANDARD_OPTION_STRATEGY;BLOCK;EUR;8;0.03000000;2500;EXCHANGE_LAST;;1;1;XEUR;72059415104109740;424;
02.06.2025;12:48:59.525;DTE SI 20251219 PS AM P 31.00 0;SIMPLE_INSTRUMENT;BLOCK;EUR;8;1.13000000;2500;PRC_DECOMP_EXCHANGE;;;;XEUR;12597402;424;EXCHANGE
02.06.2025;12:48:59.525;DTE SI 20251219 PS AM C 36.00 0;SIMPLE_INSTRUMENT;BLOCK;EUR;8;1.10000000;2500;PRC_DECOMP_EXCHANGE;;;;XEUR;8215292;424;EXCHANGE
02.06.2025;10:05:43.329;E2NL SI 20271217 CS;SIMPLE_INSTRUMENT;BLOCK;EUR;8;0.45400000;975;EXCHANGE_LAST;;1;1;XEUR;5914571;471;
02.06.2025;10:05:48.287;E2NL SI 20271217 CS;SIMPLE_INSTRUMENT;BLOCK;EUR;9;0.45100000;975;EXCHANGE_LAST;;1;1;XEUR;5914571;471;
02.06.2025;10:14:33.291;E2NL SI 20271217 CS;SIMPLE_INSTRUMENT;BLOCK;EUR;10;0.45300000;1500;EXCHANGE_LAST;;1;3;XEUR;5914571;471;
02.06.2025;09:02:21.048;EAD SI 20251219 PS AM C 198.51 1;SIMPLE_INSTRUMENT;BLOCK;EUR;3;2.50000000;1000;EXCHANGE_LAST;;1;1;XEUR;11013908;465;
02.06.2025;09:21:36.593;EAD SI 20250919 PS AM C 158.81 1;SIMPLE_INSTRUMENT;BLOCK;EUR;5;11.90000000;300;EXCHANGE_LAST;;1;1;XEUR;11879601;465;
02.06.2025;11:50:52.338;ENR SI 20250718 PS AM C 92.00 0;SIMPLE_INSTRUMENT;BLOCK;EUR;6;4.60000000;2000;EXCHANGE_LAST;;1;3;XEUR;13335302;298530;
02.06.2025;12:48:53.433;ENR.O.250602.COMBO.000011;STANDARD_OPTION_STRATEGY;BLOCK;EUR;9;-0.82000000;2500;EXCHANGE_LAST;;1;1;XEUR;73339770624820245;298530;
02.06.2025;12:48:53.433;ENR SI 20250718 PS AM C 96.00 0;SIMPLE_INSTRUMENT;BLOCK;EUR;9;3.18000000;2500;PRC_DECOMP_EXCHANGE;;;;XEUR;13474824;298530;EXCHANGE
02.06.2025;12:48:53.433;ENR SI 20250718 PS AM P 76.00 0;SIMPLE_INSTRUMENT;BLOCK;EUR;9;2.36000000;2500;PRC_DECOMP_EXCHANGE;;;;XEUR;13272270;298530;EXCHANGE
02.06.2025;13:50:01.222;ENT5.O.250602.STG.000001;STANDARD_OPTION_STRATEGY;BLOCK;EUR;10;1.27000000;2000;EXCHANGE_LAST;;1;2;XEUR;72059728636685280;497;
02.06.2025;13:50:01.222;ENT5 SI 20260618 PS AM P 12.00 0;SIMPLE_INSTRUMENT;BLOCK;EUR;10;0.77600000;2000;PRC_DECOMP_EXCHANGE;;;;XEUR;9531346;497;EXCHANGE
02.06.2025;13:50:01.222;ENT5 SI 20260618 PS AM C 14.00 0;SIMPLE_INSTRUMENT;BLOCK;EUR;10;0.49400000;2000;PRC_DECOMP_EXCHANGE;;;;XEUR;9531347;497;EXCHANGE
02.06.2025;09:06:36.414;EOA SI 20260619 PS AM P 14.00 0;SIMPLE_INSTRUMENT;BLOCK;EUR;11;0.76000000;5000;EXCHANGE_LAST;;1;1;XEUR;9579006;49065;
02.06.2025;16:05:09.887;EUCO SI 20250808 PS EU P 1.1250 0;SIMPLE_INSTRUMENT;BLOCK;USD;1;0.00660000;270;EXCHANGE_LAST;;1;1;XEUR;11679042;369370;
02.06.2025;16:08:48.238;EUCO SI 20250808 PS EU P 1.1250 0;SIMPLE_INSTRUMENT;BLOCK;USD;2;0.00670000;270;EXCHANGE_LAST;;1;1;XEUR;11679042;369370;
02.06.2025;16:10:12.200;EUCO SI 20250808 PS EU P 1.0850 0;SIMPLE_INSTRUMENT;BLOCK;USD;3;0.00100000;270;EXCHANGE_LAST;;1;1;XEUR;11679013;369370;
02.06.2025;16:10:22.828;EUCO SI 20250808 PS EU P 1.0850 0;SIMPLE_INSTRUMENT;BLOCK;USD;4;0.00100000;270;EXCHANGE_LAST;;1;1;XEUR;11679013;369370;
02.06.2025;16:13:29.743;EUCO SI 20250808 PS EU P 1.1050 0;SIMPLE_INSTRUMENT;BLOCK;USD;5;0.00270000;540;EXCHANGE_LAST;;1;1;XEUR;11679028;369370;
02.06.2025;16:13:35.180;EUCO SI 20250808 PS EU P 1.1050 0;SIMPLE_INSTRUMENT;BLOCK;USD;6;0.00270000;540;EXCHANGE_LAST;;1;1;XEUR;11679028;369370;
02.06.2025;12:14:56.997;F3IA SI 20261218 CS;SIMPLE_INSTRUMENT;BLOCK;EUR;23;0.38000000;500;EXCHANGE_LAST;;1;1;XEUR;6830373;390387;
02.06.2025;13:38:17.553;F3IA SI 20261218 CS;SIMPLE_INSTRUMENT;BLOCK;EUR;28;0.38500000;1000;EXCHANGE_LAST;;1;1;XEUR;6830373;390387;
02.06.2025;15:53:40.444;FAU SI 20261218 PS AM C 14.00 0;SIMPLE_INSTRUMENT;BLOCK;EUR;22;0.80000000;5000;EXCHANGE_LAST;;1;1;XEUR;12514977;635;
02.06.2025;07:39:54.849;FBTP.S.JUN25.SEP25.SPD;FUTURES_SPREAD;BLOCK;EUR;1;0.42000000;1000;EXCHANGE_LAST;;1;1;XEUR;72060325637128286;636;
02.06.2025;07:39:54.849;FBTP SI 20250908 PS;SIMPLE_INSTRUMENT;BLOCK;EUR;1;120.41000000;1000;PRC_DECOMP_EXCHANGE;;;;XEUR;12372474;636;EXCHANGE
02.06.2025;07:39:54.849;FBTP SI 20250606 PS;SIMPLE_INSTRUMENT;BLOCK;EUR;1;120.83000000;1000;PRC_DECOMP_EXCHANGE;;;;XEUR;11820365;636;EXCHANGE
02.06.2025;07:40:33.215;FBTP SI 20250606 PS;SIMPLE_INSTRUMENT;BLOCK;EUR;2;120.83000000;614;EXCHANGE_LAST;;1;1;XEUR;11820365;636;
02.06.2025;07:41:06.165;FBTP SI 20250908 PS;SIMPLE_INSTRUMENT;BLOCK;EUR;3;120.40000000;307;EXCHANGE_LAST;;1;1;XEUR;12372474;636;
02.06.2025;07:41:06.185;FBTP SI 20250908 PS;SIMPLE_INSTRUMENT;BLOCK;EUR;4;120.41000000;307;EXCHANGE_LAST;;1;1;XEUR;12372474;636;
02.06.2025;07:43:16.323;FBTP.S.JUN25.SEP25.SPD;FUTURES_SPREAD;BLOCK;EUR;5;0.42000000;500;EXCHANGE_LAST;;1;1;XEUR;72060325637128286;636;
02.06.2025;07:43:16.323;FBTP SI 20250606 PS;SIMPLE_INSTRUMENT;BLOCK;EUR;5;120.80000000;500;PRC_DECOMP_EXCHANGE;;;;XEUR;11820365;636;EXCHANGE
02.06.2025;07:43:16.323;FBTP SI 20250908 PS;SIMPLE_INSTRUMENT;BLOCK;EUR;5;120.38000000;500;PRC_DECOMP_EXCHANGE;;;;XEUR;12372474;636;EXCHANGE
02.06.2025;07:43:35.398;FBTP.S.JUN25.SEP25.SPD;FUTURES_SPREAD;BLOCK;EUR;6;0.43000000;500;EXCHANGE_LAST;;1;1;XEUR;72060325637128286;636;
02.06.2025;07:43:35.398;FBTP SI 20250606 PS;SIMPLE_INSTRUMENT;BLOCK;EUR;6;120.81000000;500;PRC_DECOMP_EXCHANGE;;;;XEUR;11820365;636;EXCHANGE
02.06.2025;07:43:35.398;FBTP SI 20250908 PS;SIMPLE_INSTRUMENT;BLOCK;EUR;6;120.38000000;500;PRC_DECOMP_EXCHANGE;;;;XEUR;12372474;636;EXCHANGE
02.06.2025;07:45:25.227;FBTP.S.JUN25.SEP25.SPD;FUTURES_SPREAD;BLOCK;EUR;7;0.42000000;1500;EXCHANGE_LAST;;1;1;XEUR;72060325637128286;636;
02.06.2025;07:45:25.227;FBTP SI 20250606 PS;SIMPLE_INSTRUMENT;BLOCK;EUR;7;120.79000000;1500;PRC_DECOMP_EXCHANGE;;;;XEUR;11820365;636;EXCHANGE
02.06.2025;07:45:25.227;FBTP SI 20250908 PS;SIMPLE_INSTRUMENT;BLOCK;EUR;7;120.37000000;1500;PRC_DECOMP_EXCHANGE;;;;XEUR;12372474;636;EXCHANGE
02.06.2025;07:45:30.999;FBTP.S.JUN25.SEP25.SPD;FUTURES_SPREAD;BLOCK;EUR;8;0.43000000;1500;EXCHANGE_LAST;;1;1;XEUR;72060325637128286;636;
02.06.2025;07:45:30.999;FBTP SI 20250606 PS;SIMPLE_INSTRUMENT;BLOCK;EUR;8;120.80000000;1500;PRC_DECOMP_EXCHANGE;;;;XEUR;11820365;636;EXCHANGE
02.06.2025;07:45:30.999;FBTP SI 20250908 PS;SIMPLE_INSTRUMENT;BLOCK;EUR;8;120.37000000;1500;PRC_DECOMP_EXCHANGE;;;;XEUR;12372474;636;EXCHANGE
02.06.2025;07:55:22.780;FBTP.S.JUN25.SEP25.SPD;FUTURES_SPREAD;BLOCK;EUR;12;0.42000000;500;EXCHANGE_LAST;;1;1;XEUR;72060325637128286;636;
02.06.2025;07:55:22.780;FBTP SI 20250606 PS;SIMPLE_INSTRUMENT;BLOCK;EUR;12;120.80000000;500;PRC_DECOMP_MEMBER;;;;XEUR;11820365;636;MEMBER
02.06.2025;07:55:22.780;FBTP SI 20250908 PS;SIMPLE_INSTRUMENT;BLOCK;EUR;12;120.38000000;500;PRC_DECOMP_MEMBER;;;;XEUR;12372474;636;MEMBER
02.06.2025;07:55:24.278;FBTP.S.JUN25.SEP25.SPD;FUTURES_SPREAD;BLOCK;EUR;13;0.43000000;500;EXCHANGE_LAST;;1;1;XEUR;72060325637128286;636;
02.06.2025;07:55:24.278;FBTP SI 20250606 PS;SIMPLE_INSTRUMENT;BLOCK;EUR;13;120.80000000;500;PRC_DECOMP_MEMBER;;;;XEUR;11820365;636;MEMBER
02.06.2025;07:55:24.278;FBTP SI 20250908 PS;SIMPLE_INSTRUMENT;BLOCK;EUR;13;120.37000000;500;PRC_DECOMP_MEMBER;;;;XEUR;12372474;636;MEMBER
02.06.2025;07:57:22.329;FBTP SI 20250606 PS;SIMPLE_INSTRUMENT;BLOCK;EUR;14;120.75000000;1000;EXCHANGE_LAST;;1;1;XEUR;11820365;636;
02.06.2025;07:57:29.192;FBTP SI 20250908 PS;SIMPLE_INSTRUMENT;BLOCK;EUR;15;120.32000000;500;EXCHANGE_LAST;;1;1;XEUR;12372474;636;
02.06.2025;07:57:34.080;FBTP SI 20250908 PS;SIMPLE_INSTRUMENT;BLOCK;EUR;16;120.33000000;500;EXCHANGE_LAST;;1;1;XEUR;12372474;636;
02.06.2025;08:18:09.036;FBTP.S.JUN25.SEP25.SPD;FUTURES_SPREAD;BLOCK;EUR;17;0.42000000;500;EXCHANGE_LAST;;1;1;XEUR;72060325637128286;636;
02.06.2025;08:18:09.036;FBTP SI 20250908 PS;SIMPLE_INSTRUMENT;BLOCK;EUR;17;120.28000000;500;PRC_DECOMP_MEMBER;;;;XEUR;12372474;636;MEMBER
02.06.2025;08:18:09.036;FBTP SI 20250606 PS;SIMPLE_INSTRUMENT;BLOCK;EUR;17;120.70000000;500;PRC_DECOMP_MEMBER;;;;XEUR;11820365;636;MEMBER
02.06.2025;08:18:16.053;FBTP.S.JUN25.SEP25.SPD;FUTURES_SPREAD;BLOCK;EUR;18;0.43000000;500;EXCHANGE_LAST;;1;1;XEUR;72060325637128286;636;
02.06.2025;08:18:16.053;FBTP SI 20250606 PS;SIMPLE_INSTRUMENT;BLOCK;EUR;18;120.70000000;500;PRC_DECOMP_MEMBER;;;;XEUR;11820365;636;MEMBER
02.06.2025;08:18:16.053;FBTP SI 20250908 PS;SIMPLE_INSTRUMENT;BLOCK;EUR;18;120.27000000;500;PRC_DECOMP_MEMBER;;;;XEUR;12372474;636;MEMBER
02.06.2025;08:53:55.141;FBTP SI 20250606 PS;SIMPLE_INSTRUMENT;BLOCK;EUR;20;120.64000000;2046;EXCHANGE_LAST;;1;1;XEUR;11820365;636;
02.06.2025;08:52:21.822;FBTP SI 20250606 PS;SIMPLE_INSTRUMENT;EFP_FIN;EUR;22;120.74000000;270;EXCHANGE_LAST;;1;1;XEUR;11820365;636;
02.06.2025;08:54:06.868;FBTP SI 20250908 PS;SIMPLE_INSTRUMENT;BLOCK;EUR;23;120.21000000;1023;EXCHANGE_LAST;;1;1;XEUR;12372474;636;
02.06.2025;08:54:20.901;FBTP SI 20250908 PS;SIMPLE_INSTRUMENT;BLOCK;EUR;24;120.22000000;1023;EXCHANGE_LAST;;1;1;XEUR;12372474;636;
02.06.2025;08:56:17.192;FBTP.S.JUN25.SEP25.SPD;FUTURES_SPREAD;BLOCK;EUR;25;0.42000000;1000;EXCHANGE_LAST;;1;1;XEUR;72060325637128286;636;
02.06.2025;08:56:17.192;FBTP SI 20250606 PS;SIMPLE_INSTRUMENT;BLOCK;EUR;25;120.68000000;1000;PRC_DECOMP_EXCHANGE;;;;XEUR;11820365;636;EXCHANGE
02.06.2025;08:56:17.192;FBTP SI 20250908 PS;SIMPLE_INSTRUMENT;BLOCK;EUR;25;120.26000000;1000;PRC_DECOMP_EXCHANGE;;;;XEUR;12372474;636;EXCHANGE
02.06.2025;09:14:16.475;FBTP SI 20250606 PS;SIMPLE_INSTRUMENT;BLOCK;EUR;26;120.69000000;1000;EXCHANGE_LAST;;1;1;XEUR;11820365;636;
02.06.2025;09:14:45.307;FBTP SI 20250908 PS;SIMPLE_INSTRUMENT;BLOCK;EUR;27;120.26000000;480;EXCHANGE_LAST;;1;1;XEUR;12372474;636;
02.06.2025;09:15:06.104;FBTP SI 20250908 PS;SIMPLE_INSTRUMENT;BLOCK;EUR;28;120.27000000;480;EXCHANGE_LAST;;1;1;XEUR;12372474;636;
02.06.2025;09:24:23.053;FBTP SI 20250606 PS;SIMPLE_INSTRUMENT;EFP_FIN;EUR;29;120.70000000;938;EXCHANGE_LAST;;1;1;XEUR;11820365;636;
02.06.2025;09:25:19.259;FBTP.S.JUN25.SEP25.SPD;FUTURES_SPREAD;BLOCK;EUR;30;0.43000000;343;EXCHANGE_LAST;;1;1;XEUR;72060325637128286;636;
02.06.2025;09:25:19.259;FBTP SI 20250606 PS;SIMPLE_INSTRUMENT;BLOCK;EUR;30;120.80000000;343;PRC_DECOMP_MEMBER;;;;XEUR;11820365;636;MEMBER
02.06.2025;09:25:19.259;FBTP SI 20250908 PS;SIMPLE_INSTRUMENT;BLOCK;EUR;30;120.37000000;343;PRC_DECOMP_MEMBER;;;;XEUR;12372474;636;MEMBER
02.06.2025;09:25:23.482;FBTP.S.JUN25.SEP25.SPD;FUTURES_SPREAD;BLOCK;EUR;31;0.42000000;343;EXCHANGE_LAST;;1;1;XEUR;72060325637128286;636;
02.06.2025;09:25:23.482;FBTP SI 20250908 PS;SIMPLE_INSTRUMENT;BLOCK;EUR;31;120.38000000;343;PRC_DECOMP_MEMBER;;;;XEUR;12372474;636;MEMBER
02.06.2025;09:25:23.482;FBTP SI 20250606 PS;SIMPLE_INSTRUMENT;BLOCK;EUR;31;120.80000000;343;PRC_DECOMP_MEMBER;;;;XEUR;11820365;636;MEMBER
02.06.2025;09:35:34.627;FBTP.S.JUN25.SEP25.SPD;FUTURES_SPREAD;BLOCK;EUR;32;0.41000000;300;EXCHANGE_LAST;;1;1;XEUR;72060325637128286;636;
02.06.2025;09:35:34.627;FBTP SI 20250606 PS;SIMPLE_INSTRUMENT;BLOCK;EUR;32;120.72000000;300;PRC_DECOMP_MEMBER;;;;XEUR;11820365;636;MEMBER
02.06.2025;09:35:34.627;FBTP SI 20250908 PS;SIMPLE_INSTRUMENT;BLOCK;EUR;32;120.31000000;300;PRC_DECOMP_MEMBER;;;;XEUR;12372474;636;MEMBER
02.06.2025;09:40:29.469;FBTP SI 20250606 PS;SIMPLE_INSTRUMENT;BLOCK;EUR;33;120.68000000;1000;EXCHANGE_LAST;;1;1;XEUR;11820365;636;
02.06.2025;09:47:12.137;FBTP SI 20250908 PS;SIMPLE_INSTRUMENT;BLOCK;EUR;36;120.26000000;500;EXCHANGE_LAST;;1;1;XEUR;12372474;636;
02.06.2025;09:47:19.419;FBTP SI 20250908 PS;SIMPLE_INSTRUMENT;BLOCK;EUR;37;120.27000000;500;EXCHANGE_LAST;;1;1;XEUR;12372474;636;
02.06.2025;09:48:06.435;FBTP SI 20250606 PS;SIMPLE_INSTRUMENT;BLOCK;EUR;38;120.68000000;1000;EXCHANGE_LAST;;1;1;XEUR;11820365;636;
02.06.2025;09:48:11.801;FBTP SI 20250908 PS;SIMPLE_INSTRUMENT;BLOCK;EUR;39;120.26000000;500;EXCHANGE_LAST;;1;1;XEUR;12372474;636;
02.06.2025;09:48:20.362;FBTP SI 20250908 PS;SIMPLE_INSTRUMENT;BLOCK;EUR;40;120.27000000;500;EXCHANGE_LAST;;1;1;XEUR;12372474;636;
02.06.2025;09:50:51.791;FBTP SI 20250606 PS;SIMPLE_INSTRUMENT;EFP_FIN;EUR;41;120.69000000;197;EXCHANGE_LAST;;1;1;XEUR;11820365;636;
02.06.2025;09:49:40.773;FBTP SI 20250606 PS;SIMPLE_INSTRUMENT;BLOCK;EUR;42;120.71000000;265;EXCHANGE_LAST;;1;1;XEUR;11820365;636;
02.06.2025;09:51:11.547;FBTP.S.JUN25.SEP25.SPD;FUTURES_SPREAD;BLOCK;EUR;43;0.41000000;1212;EXCHANGE_LAST;;1;1;XEUR;72060325637128286;636;
02.06.2025;09:51:11.547;FBTP SI 20250908 PS;SIMPLE_INSTRUMENT;BLOCK;EUR;43;120.31000000;1212;PRC_DECOMP_EXCHANGE;;;;XEUR;12372474;636;EXCHANGE
02.06.2025;09:51:11.547;FBTP SI 20250606 PS;SIMPLE_INSTRUMENT;BLOCK;EUR;43;120.72000000;1212;PRC_DECOMP_EXCHANGE;;;;XEUR;11820365;636;EXCHANGE
02.06.2025;09:51:35.668;FBTP.S.JUN25.SEP25.SPD;FUTURES_SPREAD;BLOCK;EUR;44;0.41000000;770;EXCHANGE_LAST;;1;1;XEUR;72060325637128286;636;
02.06.2025;09:51:35.668;FBTP SI 20250908 PS;SIMPLE_INSTRUMENT;BLOCK;EUR;44;120.30000000;770;PRC_DECOMP_MEMBER;;;;XEUR;12372474;636;MEMBER
02.06.2025;09:51:35.668;FBTP SI 20250606 PS;SIMPLE_INSTRUMENT;BLOCK;EUR;44;120.71000000;770;PRC_DECOMP_MEMBER;;;;XEUR;11820365;636;MEMBER
02.06.2025;09:51:51.038;FBTP.S.JUN25.SEP25.SPD;FUTURES_SPREAD;BLOCK;EUR;45;0.42000000;1213;EXCHANGE_LAST;;1;1;XEUR;72060325637128286;636;
02.06.2025;09:51:51.038;FBTP SI 20250606 PS;SIMPLE_INSTRUMENT;BLOCK;EUR;45;120.73000000;1213;PRC_DECOMP_EXCHANGE;;;;XEUR;11820365;636;EXCHANGE
02.06.2025;09:51:51.038;FBTP SI 20250908 PS;SIMPLE_INSTRUMENT;BLOCK;EUR;45;120.31000000;1213;PRC_DECOMP_EXCHANGE;;;;XEUR;12372474;636;EXCHANGE
02.06.2025;09:52:32.095;FBTP.S.JUN25.SEP25.SPD;FUTURES_SPREAD;BLOCK;EUR;46;0.42000000;770;EXCHANGE_LAST;;1;1;XEUR;72060325637128286;636;
02.06.2025;09:52:32.095;FBTP SI 20250908 PS;SIMPLE_INSTRUMENT;BLOCK;EUR;46;120.29000000;770;PRC_DECOMP_MEMBER;;;;XEUR;12372474;636;MEMBER
02.06.2025;09:52:32.095;FBTP SI 20250606 PS;SIMPLE_INSTRUMENT;BLOCK;EUR;46;120.71000000;770;PRC_DECOMP_MEMBER;;;;XEUR;11820365;636;MEMBER
02.06.2025;09:52:39.910;FBTP SI 20250606 PS;SIMPLE_INSTRUMENT;BLOCK;EUR;47;120.71000000;10000;EXCHANGE_LAST;;1;1;XEUR;11820365;636;
02.06.2025;09:53:01.901;FBTP SI 20250908 PS;SIMPLE_INSTRUMENT;BLOCK;EUR;48;120.30000000;5000;EXCHANGE_LAST;;1;1;XEUR;12372474;636;
02.06.2025;09:53:16.099;FBTP SI 20250606 PS;SIMPLE_INSTRUMENT;EFP_FIN;EUR;49;120.71000000;422;EXCHANGE_LAST;;1;1;XEUR;11820365;636;
02.06.2025;09:53:19.820;FBTP SI 20250908 PS;SIMPLE_INSTRUMENT;BLOCK;EUR;50;120.29000000;5000;EXCHANGE_LAST;;1;1;XEUR;12372474;636;
02.06.2025;09:56:06.060;FBTP.S.JUN25.SEP25.SPD;FUTURES_SPREAD;BLOCK;EUR;51;0.41000000;304;EXCHANGE_LAST;;1;1;XEUR;72060325637128286;636;
02.06.2025;09:56:06.060;FBTP SI 20250606 PS;SIMPLE_INSTRUMENT;BLOCK;EUR;51;120.71000000;304;PRC_DECOMP_MEMBER;;;;XEUR;11820365;636;MEMBER
02.06.2025;09:56:06.060;FBTP SI 20250908 PS;SIMPLE_INSTRUMENT;BLOCK;EUR;51;120.30000000;304;PRC_DECOMP_MEMBER;;;;XEUR;12372474;636;MEMBER
02.06.2025;09:56:27.080;FBTP.S.JUN25.SEP25.SPD;FUTURES_SPREAD;BLOCK;EUR;52;0.42000000;304;EXCHANGE_LAST;;1;1;XEUR;72060325637128286;636;
02.06.2025;09:56:27.080;FBTP SI 20250606 PS;SIMPLE_INSTRUMENT;BLOCK;EUR;52;120.71000000;304;PRC_DECOMP_MEMBER;;;;XEUR;11820365;636;MEMBER
02.06.2025;09:56:27.080;FBTP SI 20250908 PS;SIMPLE_INSTRUMENT;BLOCK;EUR;52;120.29000000;304;PRC_DECOMP_MEMBER;;;;XEUR;12372474;636;MEMBER
02.06.2025;10:08:42.251;FBTP.S.JUN25.SEP25.SPD;FUTURES_SPREAD;BLOCK;EUR;53;0.43000000;742;EXCHANGE_LAST;;1;1;XEUR;72060325637128286;636;
02.06.2025;10:08:42.251;FBTP SI 20250606 PS;SIMPLE_INSTRUMENT;BLOCK;EUR;53;120.72000000;742;PRC_DECOMP_MEMBER;;;;XEUR;11820365;636;MEMBER
02.06.2025;10:08:42.251;FBTP SI 20250908 PS;SIMPLE_INSTRUMENT;BLOCK;EUR;53;120.29000000;742;PRC_DECOMP_MEMBER;;;;XEUR;12372474;636;MEMBER
02.06.2025;10:09:08.846;FBTP SI 20250606 PS;SIMPLE_INSTRUMENT;EFP_FIN;EUR;54;120.70000000;1769;EXCHANGE_LAST;;1;1;XEUR;11820365;636;
02.06.2025;10:13:13.611;FBTP SI 20250908 PS;SIMPLE_INSTRUMENT;BLOCK;EUR;56;120.31000000;1217;EXCHANGE_LAST;;1;1;XEUR;12372474;636;
02.06.2025;10:12:35.626;FBTP SI 20250606 PS;SIMPLE_INSTRUMENT;BLOCK;EUR;57;120.73000000;1275;EXCHANGE_LAST;;1;1;XEUR;11820365;636;
02.06.2025;10:13:51.534;FBTP SI 20250606 PS;SIMPLE_INSTRUMENT;BLOCK;EUR;58;120.73000000;618;EXCHANGE_LAST;;1;1;XEUR;11820365;636;
02.06.2025;10:13:53.126;FBTP SI 20250606 PS;SIMPLE_INSTRUMENT;BLOCK;EUR;59;120.74000000;618;EXCHANGE_LAST;;1;1;XEUR;11820365;636;
02.06.2025;10:13:40.214;FBTP SI 20250908 PS;SIMPLE_INSTRUMENT;BLOCK;EUR;60;120.30000000;638;EXCHANGE_LAST;;1;1;XEUR;12372474;636;
02.06.2025;10:13:40.234;FBTP SI 20250908 PS;SIMPLE_INSTRUMENT;BLOCK;EUR;61;120.31000000;637;EXCHANGE_LAST;;1;1;XEUR;12372474;636;
02.06.2025;10:14:33.475;FBTP SI 20250606 PS;SIMPLE_INSTRUMENT;BLOCK;EUR;62;120.75000000;1327;EXCHANGE_LAST;;1;1;XEUR;11820365;636;
02.06.2025;10:19:01.947;FBTP.S.JUN25.SEP25.SPD;FUTURES_SPREAD;BLOCK;EUR;63;0.42000000;500;EXCHANGE_LAST;;1;1;XEUR;72060325637128286;636;
02.06.2025;10:19:01.947;FBTP SI 20250606 PS;SIMPLE_INSTRUMENT;BLOCK;EUR;63;120.77000000;500;PRC_DECOMP_EXCHANGE;;;;XEUR;11820365;636;EXCHANGE
02.06.2025;10:19:01.947;FBTP SI 20250908 PS;SIMPLE_INSTRUMENT;BLOCK;EUR;63;120.35000000;500;PRC_DECOMP_EXCHANGE;;;;XEUR;12372474;636;EXCHANGE
02.06.2025;10:19:23.949;FBTP.S.JUN25.SEP25.SPD;FUTURES_SPREAD;BLOCK;EUR;64;0.43000000;500;EXCHANGE_LAST;;1;1;XEUR;72060325637128286;636;
02.06.2025;10:19:23.949;FBTP SI 20250908 PS;SIMPLE_INSTRUMENT;BLOCK;EUR;64;120.35000000;500;PRC_DECOMP_EXCHANGE;;;;XEUR;12372474;636;EXCHANGE
02.06.2025;10:19:23.949;FBTP SI 20250606 PS;SIMPLE_INSTRUMENT;BLOCK;EUR;64;120.78000000;500;PRC_DECOMP_EXCHANGE;;;;XEUR;11820365;636;EXCHANGE
02.06.2025;10:41:35.351;FBTP SI 20250908 PS;SIMPLE_INSTRUMENT;BLOCK;EUR;65;120.44000000;5000;EXCHANGE_LAST;;1;1;XEUR;12372474;636;
02.06.2025;10:41:46.950;FBTP SI 20250908 PS;SIMPLE_INSTRUMENT;BLOCK;EUR;66;120.45000000;5000;EXCHANGE_LAST;;1;1;XEUR;12372474;636;
02.06.2025;10:42:14.974;FBTP SI 20250606 PS;SIMPLE_INSTRUMENT;BLOCK;EUR;67;120.85000000;10000;EXCHANGE_LAST;;1;1;XEUR;11820365;636;
02.06.2025;10:47:02.356;FBTP SI 20250606 PS;SIMPLE_INSTRUMENT;EFP_FIN;EUR;68;120.72000000;289;EXCHANGE_LAST;;1;1;XEUR;11820365;636;
02.06.2025;11:13:12.433;FBTP SI 20250606 PS;SIMPLE_INSTRUMENT;EFP_FIN;EUR;69;120.88000000;1326;EXCHANGE_LAST;;1;1;XEUR;11820365;636;
02.06.2025;11:47:39.517;FBTP SI 20250606 PS;SIMPLE_INSTRUMENT;EFP_FIN;EUR;70;120.92000000;442;EXCHANGE_LAST;;1;1;XEUR;11820365;636;
02.06.2025;11:56:34.787;FBTP SI 20250606 PS;SIMPLE_INSTRUMENT;EFP_FIN;EUR;71;120.93000000;442;EXCHANGE_LAST;;1;1;XEUR;11820365;636;
02.06.2025;12:04:58.940;FBTP.S.JUN25.SEP25.SPD;FUTURES_SPREAD;BLOCK;EUR;72;0.41000000;964;EXCHANGE_LAST;;1;1;XEUR;72060325637128286;636;
02.06.2025;12:04:58.940;FBTP SI 20250606 PS;SIMPLE_INSTRUMENT;BLOCK;EUR;72;120.95000000;964;PRC_DECOMP_EXCHANGE;;;;XEUR;11820365;636;EXCHANGE
02.06.2025;12:04:58.940;FBTP SI 20250908 PS;SIMPLE_INSTRUMENT;BLOCK;EUR;72;120.54000000;964;PRC_DECOMP_EXCHANGE;;;;XEUR;12372474;636;EXCHANGE
02.06.2025;12:04:59.588;FBTP.S.JUN25.SEP25.SPD;FUTURES_SPREAD;BLOCK;EUR;73;0.42000000;965;EXCHANGE_LAST;;1;1;XEUR;72060325637128286;636;
02.06.2025;12:04:59.588;FBTP SI 20250908 PS;SIMPLE_INSTRUMENT;BLOCK;EUR;73;120.54000000;965;PRC_DECOMP_EXCHANGE;;;;XEUR;12372474;636;EXCHANGE
02.06.2025;12:04:59.588;FBTP SI 20250606 PS;SIMPLE_INSTRUMENT;BLOCK;EUR;73;120.96000000;965;PRC_DECOMP_EXCHANGE;;;;XEUR;11820365;636;EXCHANGE
02.06.2025;12:06:33.504;FBTP SI 20250606 PS;SIMPLE_INSTRUMENT;EFP_FIN;EUR;74;120.96000000;129;EXCHANGE_LAST;;1;1;XEUR;11820365;636;
02.06.2025;12:14:42.520;FBTP SI 20250606 PS;SIMPLE_INSTRUMENT;BLOCK;EUR;75;121.00000000;7000;EXCHANGE_LAST;;1;1;XEUR;11820365;636;
02.06.2025;12:15:16.390;FBTP SI 20250606 PS;SIMPLE_INSTRUMENT;EFS;EUR;76;120.94000000;267;EXCHANGE_LAST;;1;1;XEUR;11820365;636;
02.06.2025;12:15:18.391;FBTP SI 20250908 PS;SIMPLE_INSTRUMENT;BLOCK;EUR;77;120.58000000;3500;EXCHANGE_LAST;;1;1;XEUR;12372474;636;
02.06.2025;12:15:31.329;FBTP SI 20250908 PS;SIMPLE_INSTRUMENT;BLOCK;EUR;78;120.59000000;3500;EXCHANGE_LAST;;1;1;XEUR;12372474;636;
02.06.2025;12:17:00.099;FBTP SI 20250606 PS;SIMPLE_INSTRUMENT;EFP_FIN;EUR;79;120.96000000;2211;EXCHANGE_LAST;;1;1;XEUR;11820365;636;
02.06.2025;12:22:33.603;FBTP SI 20250606 PS;SIMPLE_INSTRUMENT;BLOCK;EUR;80;120.90000000;967;EXCHANGE_LAST;;1;1;XEUR;11820365;636;
02.06.2025;12:23:20.047;FBTP SI 20250908 PS;SIMPLE_INSTRUMENT;BLOCK;EUR;81;120.48000000;483;EXCHANGE_LAST;;1;1;XEUR;12372474;636;
02.06.2025;12:23:20.068;FBTP SI 20250908 PS;SIMPLE_INSTRUMENT;BLOCK;EUR;82;120.49000000;484;EXCHANGE_LAST;;1;1;XEUR;12372474;636;
02.06.2025;12:24:52.732;FBTP SI 20250606 PS;SIMPLE_INSTRUMENT;EFP_FIN;EUR;83;120.95000000;442;EXCHANGE_LAST;;1;1;XEUR;11820365;636;
02.06.2025;12:25:56.945;FBTP SI 20250606 PS;SIMPLE_INSTRUMENT;EFP_FIN;EUR;84;120.95000000;442;EXCHANGE_LAST;;1;1;XEUR;11820365;636;
02.06.2025;12:53:40.449;FBTP SI 20250606 PS;SIMPLE_INSTRUMENT;BLOCK;EUR;85;120.94000000;376;EXCHANGE_LAST;;1;1;XEUR;11820365;636;
02.06.2025;12:53:58.449;FBTP SI 20250606 PS;SIMPLE_INSTRUMENT;BLOCK;EUR;86;120.95000000;376;EXCHANGE_LAST;;1;1;XEUR;11820365;636;
02.06.2025;12:54:37.452;FBTP SI 20250908 PS;SIMPLE_INSTRUMENT;BLOCK;EUR;87;120.53000000;752;EXCHANGE_LAST;;1;1;XEUR;12372474;636;
02.06.2025;13:04:05.590;FBTP SI 20250606 PS;SIMPLE_INSTRUMENT;BLOCK;EUR;88;120.90000000;5260;EXCHANGE_LAST;;1;1;XEUR;11820365;636;
02.06.2025;13:04:16.734;FBTP SI 20250908 PS;SIMPLE_INSTRUMENT;BLOCK;EUR;89;120.48000000;2630;EXCHANGE_LAST;;1;1;XEUR;12372474;636;
02.06.2025;13:04:24.197;FBTP SI 20250908 PS;SIMPLE_INSTRUMENT;BLOCK;EUR;90;120.49000000;2630;EXCHANGE_LAST;;1;1;XEUR;12372474;636;
02.06.2025;13:16:44.877;FBTP SI 20250606 PS;SIMPLE_INSTRUMENT;EFP_FIN;EUR;91;120.90000000;354;EXCHANGE_LAST;;1;1;XEUR;11820365;636;
02.06.2025;13:16:59.748;FBTP SI 20250606 PS;SIMPLE_INSTRUMENT;EFP_FIN;EUR;92;120.90000000;752;EXCHANGE_LAST;;1;1;XEUR;11820365;636;
02.06.2025;13:18:17.000;FBTP SI 20250606 PS;SIMPLE_INSTRUMENT;BLOCK;EUR;93;120.90000000;442;EXCHANGE_LAST;;1;1;XEUR;11820365;636;
02.06.2025;13:21:25.116;FBTP SI 20250606 PS;SIMPLE_INSTRUMENT;EFP_FIN;EUR;94;120.90000000;248;EXCHANGE_LAST;;1;1;XEUR;11820365;636;
02.06.2025;13:26:40.360;FBTP SI 20250606 PS;SIMPLE_INSTRUMENT;BLOCK;EUR;95;120.88000000;884;EXCHANGE_LAST;;1;1;XEUR;11820365;636;
02.06.2025;13:38:57.442;FBTP SI 20250606 PS;SIMPLE_INSTRUMENT;EFP_FIN;EUR;96;120.70000000;442;EXCHANGE_LAST;;1;1;XEUR;11820365;636;
02.06.2025;13:51:56.721;FBTP SI 20250606 PS;SIMPLE_INSTRUMENT;BLOCK;EUR;97;121.01000000;5271;EXCHANGE_LAST;;1;1;XEUR;11820365;636;
02.06.2025;13:53:17.262;FBTP SI 20250908 PS;SIMPLE_INSTRUMENT;BLOCK;EUR;98;120.60000000;2500;EXCHANGE_LAST;;1;1;XEUR;12372474;636;
02.06.2025;13:53:17.282;FBTP SI 20250908 PS;SIMPLE_INSTRUMENT;BLOCK;EUR;99;120.61000000;2500;EXCHANGE_LAST;;1;1;XEUR;12372474;636;
02.06.2025;14:07:49.359;FBTP SI 20250606 PS;SIMPLE_INSTRUMENT;BLOCK;EUR;100;121.00000000;3163;EXCHANGE_LAST;;1;1;XEUR;11820365;636;
02.06.2025;14:08:44.844;FBTP SI 20250908 PS;SIMPLE_INSTRUMENT;BLOCK;EUR;101;120.60000000;1500;EXCHANGE_LAST;;1;1;XEUR;12372474;636;
02.06.2025;14:08:44.864;FBTP SI 20250908 PS;SIMPLE_INSTRUMENT;BLOCK;EUR;102;120.61000000;1500;EXCHANGE_LAST;;1;1;XEUR;12372474;636;
02.06.2025;14:11:10.466;FBTP SI 20250606 PS;SIMPLE_INSTRUMENT;EFP_FIN;EUR;103;120.94000000;486;EXCHANGE_LAST;;1;1;XEUR;11820365;636;
02.06.2025;14:27:53.584;FBTP SI 20250606 PS;SIMPLE_INSTRUMENT;EFP_FIN;EUR;104;120.99000000;663;EXCHANGE_LAST;;1;1;XEUR;11820365;636;
02.06.2025;14:31:56.848;FBTP SI 20250606 PS;SIMPLE_INSTRUMENT;EFP_FIN;EUR;105;121.08000000;262;EXCHANGE_LAST;;1;1;XEUR;11820365;636;
02.06.2025;14:36:59.045;FBTP SI 20250606 PS;SIMPLE_INSTRUMENT;EFP_FIN;EUR;106;120.97000000;663;EXCHANGE_LAST;;1;1;XEUR;11820365;636;
02.06.2025;14:41:39.556;FBTP SI 20250606 PS;SIMPLE_INSTRUMENT;EFP_FIN;EUR;107;121.10000000;572;EXCHANGE_LAST;;1;1;XEUR;11820365;636;
02.06.2025;14:45:20.469;FBTP SI 20250606 PS;SIMPLE_INSTRUMENT;EFP_FIN;EUR;108;121.11000000;114;EXCHANGE_LAST;;1;1;XEUR;11820365;636;
02.06.2025;15:06:06.570;FBTP SI 20250606 PS;SIMPLE_INSTRUMENT;EFP_FIN;EUR;109;121.11000000;938;EXCHANGE_LAST;;1;1;XEUR;11820365;636;
02.06.2025;15:07:35.698;FBTP SI 20250606 PS;SIMPLE_INSTRUMENT;EFP_FIN;EUR;110;121.17000000;192;EXCHANGE_LAST;;1;1;XEUR;11820365;636;
02.06.2025;15:10:38.801;FBTP SI 20250606 PS;SIMPLE_INSTRUMENT;EFP_FIN;EUR;111;121.07000000;663;EXCHANGE_LAST;;1;1;XEUR;11820365;636;
02.06.2025;15:13:29.027;FBTP.S.JUN25.SEP25.SPD;FUTURES_SPREAD;BLOCK;EUR;112;0.39000000;1134;EXCHANGE_LAST;;1;1;XEUR;72060325637128286;636;
02.06.2025;15:13:29.027;FBTP SI 20250908 PS;SIMPLE_INSTRUMENT;BLOCK;EUR;112;120.73000000;1134;PRC_DECOMP_EXCHANGE;;;;XEUR;12372474;636;EXCHANGE
02.06.2025;15:13:29.027;FBTP SI 20250606 PS;SIMPLE_INSTRUMENT;BLOCK;EUR;112;121.12000000;1134;PRC_DECOMP_EXCHANGE;;;;XEUR;11820365;636;EXCHANGE
02.06.2025;15:14:00.371;FBTP.S.JUN25.SEP25.SPD;FUTURES_SPREAD;BLOCK;EUR;113;0.40000000;1135;EXCHANGE_LAST;;1;1;XEUR;72060325637128286;636;
02.06.2025;15:14:00.371;FBTP SI 20250606 PS;SIMPLE_INSTRUMENT;BLOCK;EUR;113;121.12000000;1135;PRC_DECOMP_EXCHANGE;;;;XEUR;11820365;636;EXCHANGE
02.06.2025;15:14:00.371;FBTP SI 20250908 PS;SIMPLE_INSTRUMENT;BLOCK;EUR;113;120.72000000;1135;PRC_DECOMP_EXCHANGE;;;;XEUR;12372474;636;EXCHANGE
02.06.2025;15:21:05.185;FBTP SI 20250606 PS;SIMPLE_INSTRUMENT;BLOCK;EUR;114;121.14000000;1583;EXCHANGE_LAST;;1;1;XEUR;11820365;636;
02.06.2025;15:21:11.186;FBTP SI 20250908 PS;SIMPLE_INSTRUMENT;BLOCK;EUR;115;120.74000000;791;EXCHANGE_LAST;;1;1;XEUR;12372474;636;
02.06.2025;15:21:16.186;FBTP SI 20250908 PS;SIMPLE_INSTRUMENT;BLOCK;EUR;116;120.75000000;792;EXCHANGE_LAST;;1;1;XEUR;12372474;636;
02.06.2025;15:34:10.931;FBTP SI 20250606 PS;SIMPLE_INSTRUMENT;BLOCK;EUR;117;121.07000000;1019;EXCHANGE_LAST;;1;1;XEUR;11820365;636;
02.06.2025;15:34:54.491;FBTP SI 20250908 PS;SIMPLE_INSTRUMENT;BLOCK;EUR;118;120.67000000;509;EXCHANGE_LAST;;1;1;XEUR;12372474;636;
02.06.2025;15:35:44.059;FBTP SI 20250908 PS;SIMPLE_INSTRUMENT;BLOCK;EUR;119;120.68000000;510;EXCHANGE_LAST;;1;1;XEUR;12372474;636;
02.06.2025;07:03:13.952;FBTS.S.JUN25.SEP25.SPD;FUTURES_SPREAD;BLOCK;EUR;1;0.03000000;576;EXCHANGE_LAST;;1;1;XEUR;72060338522030174;639;
02.06.2025;07:03:13.952;FBTS SI 20250606 PS;SIMPLE_INSTRUMENT;BLOCK;EUR;1;108.17000000;576;PRC_DECOMP_EXCHANGE;;;;XEUR;11820367;639;EXCHANGE
02.06.2025;07:03:13.952;FBTS SI 20250908 PS;SIMPLE_INSTRUMENT;BLOCK;EUR;1;108.14000000;576;PRC_DECOMP_EXCHANGE;;;;XEUR;12372476;639;EXCHANGE
02.06.2025;07:03:22.342;FBTS.S.JUN25.SEP25.SPD;FUTURES_SPREAD;BLOCK;EUR;2;0.02000000;577;EXCHANGE_LAST;;1;1;XEUR;72060338522030174;639;
02.06.2025;07:03:22.342;FBTS SI 20250606 PS;SIMPLE_INSTRUMENT;BLOCK;EUR;2;108.16000000;577;PRC_DECOMP_EXCHANGE;;;;XEUR;11820367;639;EXCHANGE
02.06.2025;07:03:22.342;FBTS SI 20250908 PS;SIMPLE_INSTRUMENT;BLOCK;EUR;2;108.14000000;577;PRC_DECOMP_EXCHANGE;;;;XEUR;12372476;639;EXCHANGE
02.06.2025;07:07:43.200;FBTS SI 20250606 PS;SIMPLE_INSTRUMENT;BLOCK;EUR;3;108.17000000;1000;EXCHANGE_LAST;;1;1;XEUR;11820367;639;
02.06.2025;07:08:08.201;FBTS SI 20250908 PS;SIMPLE_INSTRUMENT;BLOCK;EUR;4;108.15000000;500;EXCHANGE_LAST;;1;1;XEUR;12372476;639;
02.06.2025;07:08:34.203;FBTS SI 20250908 PS;SIMPLE_INSTRUMENT;BLOCK;EUR;5;108.14000000;500;EXCHANGE_LAST;;1;1;XEUR;12372476;639;
02.06.2025;07:07:16.651;FBTS.S.JUN25.SEP25.SPD;FUTURES_SPREAD;BLOCK;EUR;6;0.02000000;576;EXCHANGE_LAST;;1;1;XEUR;72060338522030174;639;
02.06.2025;07:07:16.651;FBTS SI 20250606 PS;SIMPLE_INSTRUMENT;BLOCK;EUR;6;108.16000000;576;PRC_DECOMP_EXCHANGE;;;;XEUR;11820367;639;EXCHANGE
02.06.2025;07:07:16.651;FBTS SI 20250908 PS;SIMPLE_INSTRUMENT;BLOCK;EUR;6;108.14000000;576;PRC_DECOMP_EXCHANGE;;;;XEUR;12372476;639;EXCHANGE
02.06.2025;07:07:37.898;FBTS.S.JUN25.SEP25.SPD;FUTURES_SPREAD;BLOCK;EUR;7;0.03000000;577;EXCHANGE_LAST;;1;1;XEUR;72060338522030174;639;
02.06.2025;07:07:37.898;FBTS SI 20250908 PS;SIMPLE_INSTRUMENT;BLOCK;EUR;7;108.14000000;577;PRC_DECOMP_EXCHANGE;;;;XEUR;12372476;639;EXCHANGE
02.06.2025;07:07:37.898;FBTS SI 20250606 PS;SIMPLE_INSTRUMENT;BLOCK;EUR;7;108.17000000;577;PRC_DECOMP_EXCHANGE;;;;XEUR;11820367;639;EXCHANGE
02.06.2025;07:08:22.294;FBTS SI 20250606 PS;SIMPLE_INSTRUMENT;BLOCK;EUR;8;108.16000000;2000;EXCHANGE_LAST;;1;1;XEUR;11820367;639;
02.06.2025;07:08:53.902;FBTS SI 20250606 PS;SIMPLE_INSTRUMENT;BLOCK;EUR;9;108.16000000;2000;EXCHANGE_LAST;;1;1;XEUR;11820367;639;
02.06.2025;07:09:14.592;FBTS SI 20250908 PS;SIMPLE_INSTRUMENT;BLOCK;EUR;10;108.13000000;1000;EXCHANGE_LAST;;1;1;XEUR;12372476;639;
02.06.2025;07:09:17.609;FBTS SI 20250908 PS;SIMPLE_INSTRUMENT;BLOCK;EUR;11;108.13000000;1000;EXCHANGE_LAST;;1;1;XEUR;12372476;639;
02.06.2025;07:09:27.849;FBTS SI 20250908 PS;SIMPLE_INSTRUMENT;BLOCK;EUR;12;108.14000000;1000;EXCHANGE_LAST;;1;1;XEUR;12372476;639;
02.06.2025;07:09:30.690;FBTS SI 20250908 PS;SIMPLE_INSTRUMENT;BLOCK;EUR;13;108.14000000;1000;EXCHANGE_LAST;;1;1;XEUR;12372476;639;
02.06.2025;07:12:46.046;FBTS.S.JUN25.SEP25.SPD;FUTURES_SPREAD;BLOCK;EUR;14;0.03000000;1500;EXCHANGE_LAST;;1;1;XEUR;72060338522030174;639;
02.06.2025;07:12:46.046;FBTS SI 20250908 PS;SIMPLE_INSTRUMENT;BLOCK;EUR;14;108.14000000;1500;PRC_DECOMP_EXCHANGE;;;;XEUR;12372476;639;EXCHANGE
02.06.2025;07:12:46.046;FBTS SI 20250606 PS;SIMPLE_INSTRUMENT;BLOCK;EUR;14;108.17000000;1500;PRC_DECOMP_EXCHANGE;;;;XEUR;11820367;639;EXCHANGE
02.06.2025;07:12:51.365;FBTS.S.JUN25.SEP25.SPD;FUTURES_SPREAD;BLOCK;EUR;15;0.02000000;1500;EXCHANGE_LAST;;1;1;XEUR;72060338522030174;639;
02.06.2025;07:12:51.365;FBTS SI 20250606 PS;SIMPLE_INSTRUMENT;BLOCK;EUR;15;108.16000000;1500;PRC_DECOMP_EXCHANGE;;;;XEUR;11820367;639;EXCHANGE
02.06.2025;07:12:51.365;FBTS SI 20250908 PS;SIMPLE_INSTRUMENT;BLOCK;EUR;15;108.14000000;1500;PRC_DECOMP_EXCHANGE;;;;XEUR;12372476;639;EXCHANGE
02.06.2025;07:15:00.359;FBTS.S.JUN25.SEP25.SPD;FUTURES_SPREAD;BLOCK;EUR;16;0.03000000;1500;EXCHANGE_LAST;;1;1;XEUR;72060338522030174;639;
02.06.2025;07:15:00.359;FBTS SI 20250606 PS;SIMPLE_INSTRUMENT;BLOCK;EUR;16;108.17000000;1500;PRC_DECOMP_MEMBER;;;;XEUR;11820367;639;MEMBER
02.06.2025;07:15:00.359;FBTS SI 20250908 PS;SIMPLE_INSTRUMENT;BLOCK;EUR;16;108.14000000;1500;PRC_DECOMP_MEMBER;;;;XEUR;12372476;639;MEMBER
02.06.2025;07:15:12.414;FBTS.S.JUN25.SEP25.SPD;FUTURES_SPREAD;BLOCK;EUR;17;0.02000000;1500;EXCHANGE_LAST;;1;1;XEUR;72060338522030174;639;
02.06.2025;07:15:12.414;FBTS SI 20250908 PS;SIMPLE_INSTRUMENT;BLOCK;EUR;17;108.14000000;1500;PRC_DECOMP_MEMBER;;;;XEUR;12372476;639;MEMBER
02.06.2025;07:15:12.414;FBTS SI 20250606 PS;SIMPLE_INSTRUMENT;BLOCK;EUR;17;108.16000000;1500;PRC_DECOMP_MEMBER;;;;XEUR;11820367;639;MEMBER
02.06.2025;07:27:00.629;FBTS SI 20250606 PS;SIMPLE_INSTRUMENT;BLOCK;EUR;18;108.14000000;2000;EXCHANGE_LAST;;1;1;XEUR;11820367;639;
02.06.2025;07:27:23.781;FBTS SI 20250908 PS;SIMPLE_INSTRUMENT;BLOCK;EUR;19;108.11000000;1000;EXCHANGE_LAST;;1;1;XEUR;12372476;639;
02.06.2025;07:27:30.445;FBTS SI 20250908 PS;SIMPLE_INSTRUMENT;BLOCK;EUR;20;108.12000000;1000;EXCHANGE_LAST;;1;1;XEUR;12372476;639;
02.06.2025;07:31:23.854;FBTS SI 20250606 PS;SIMPLE_INSTRUMENT;EFP_FIN;EUR;21;108.15000000;2398;EXCHANGE_LAST;;1;1;XEUR;11820367;639;
02.06.2025;07:31:37.110;FBTS SI 20250606 PS;SIMPLE_INSTRUMENT;BLOCK;EUR;22;108.14000000;1000;EXCHANGE_LAST;;1;1;XEUR;11820367;639;
02.06.2025;07:32:03.521;FBTS SI 20250908 PS;SIMPLE_INSTRUMENT;BLOCK;EUR;23;108.11000000;500;EXCHANGE_LAST;;1;1;XEUR;12372476;639;
02.06.2025;07:32:03.541;FBTS SI 20250908 PS;SIMPLE_INSTRUMENT;BLOCK;EUR;24;108.12000000;500;EXCHANGE_LAST;;1;1;XEUR;12372476;639;
02.06.2025;07:44:56.424;FBTS SI 20250606 PS;SIMPLE_INSTRUMENT;EFP_FIN;EUR;32;108.14000000;2947;EXCHANGE_LAST;;1;1;XEUR;11820367;639;
02.06.2025;07:48:59.323;FBTS SI 20250606 PS;SIMPLE_INSTRUMENT;BLOCK;EUR;33;108.14000000;1970;EXCHANGE_LAST;;1;1;XEUR;11820367;639;
02.06.2025;07:49:54.284;FBTS SI 20250908 PS;SIMPLE_INSTRUMENT;BLOCK;EUR;36;108.12000000;878;EXCHANGE_LAST;;1;1;XEUR;12372476;639;
02.06.2025;07:50:21.976;FBTS SI 20250908 PS;SIMPLE_INSTRUMENT;BLOCK;EUR;38;108.11000000;879;EXCHANGE_LAST;;1;1;XEUR;12372476;639;
02.06.2025;07:50:28.529;FBTS SI 20250606 PS;SIMPLE_INSTRUMENT;EFP_FIN;EUR;39;108.13000000;1753;EXCHANGE_LAST;;1;1;XEUR;11820367;639;
02.06.2025;07:53:58.038;FBTS.S.JUN25.SEP25.SPD;FUTURES_SPREAD;BLOCK;EUR;40;0.03000000;625;EXCHANGE_LAST;;1;1;XEUR;72060338522030174;639;
02.06.2025;07:53:58.038;FBTS SI 20250908 PS;SIMPLE_INSTRUMENT;BLOCK;EUR;40;108.10000000;625;PRC_DECOMP_EXCHANGE;;;;XEUR;12372476;639;EXCHANGE
02.06.2025;07:53:58.038;FBTS SI 20250606 PS;SIMPLE_INSTRUMENT;BLOCK;EUR;40;108.13000000;625;PRC_DECOMP_EXCHANGE;;;;XEUR;11820367;639;EXCHANGE
02.06.2025;07:54:04.252;FBTS.S.JUN25.SEP25.SPD;FUTURES_SPREAD;BLOCK;EUR;41;0.02000000;625;EXCHANGE_LAST;;1;1;XEUR;72060338522030174;639;
02.06.2025;07:54:04.252;FBTS SI 20250908 PS;SIMPLE_INSTRUMENT;BLOCK;EUR;41;108.11000000;625;PRC_DECOMP_EXCHANGE;;;;XEUR;12372476;639;EXCHANGE
02.06.2025;07:54:04.252;FBTS SI 20250606 PS;SIMPLE_INSTRUMENT;BLOCK;EUR;41;108.13000000;625;PRC_DECOMP_EXCHANGE;;;;XEUR;11820367;639;EXCHANGE
02.06.2025;07:55:20.958;FBTS SI 20250606 PS;SIMPLE_INSTRUMENT;BLOCK;EUR;42;108.13000000;2500;EXCHANGE_LAST;;1;1;XEUR;11820367;639;
02.06.2025;07:56:19.000;FBTS SI 20250908 PS;SIMPLE_INSTRUMENT;BLOCK;EUR;43;108.10000000;1250;EXCHANGE_LAST;;1;1;XEUR;12372476;639;
02.06.2025;07:56:19.020;FBTS SI 20250908 PS;SIMPLE_INSTRUMENT;BLOCK;EUR;44;108.11000000;1250;EXCHANGE_LAST;;1;1;XEUR;12372476;639;
02.06.2025;07:58:52.466;FBTS SI 20250606 PS;SIMPLE_INSTRUMENT;EFP_FIN;EUR;48;108.14000000;1190;EXCHANGE_LAST;;1;1;XEUR;11820367;639;
02.06.2025;07:59:28.262;FBTS SI 20250606 PS;SIMPLE_INSTRUMENT;BLOCK;EUR;49;108.13000000;558;EXCHANGE_LAST;;1;1;XEUR;11820367;639;
02.06.2025;07:59:51.834;FBTS SI 20250908 PS;SIMPLE_INSTRUMENT;BLOCK;EUR;50;108.10000000;279;EXCHANGE_LAST;;1;1;XEUR;12372476;639;
02.06.2025;07:59:51.854;FBTS SI 20250908 PS;SIMPLE_INSTRUMENT;BLOCK;EUR;51;108.11000000;279;EXCHANGE_LAST;;1;1;XEUR;12372476;639;
02.06.2025;08:05:58.454;FBTS SI 20250606 PS;SIMPLE_INSTRUMENT;BLOCK;EUR;54;108.13000000;1500;EXCHANGE_LAST;;1;1;XEUR;11820367;639;
02.06.2025;08:06:28.751;FBTS SI 20250908 PS;SIMPLE_INSTRUMENT;BLOCK;EUR;55;108.11000000;655;EXCHANGE_LAST;;1;1;XEUR;12372476;639;
02.06.2025;08:06:53.780;FBTS.S.JUN25.SEP25.SPD;FUTURES_SPREAD;BLOCK;EUR;56;0.02000000;266;EXCHANGE_LAST;;1;1;XEUR;72060338522030174;639;
02.06.2025;08:06:53.780;FBTS SI 20250606 PS;SIMPLE_INSTRUMENT;BLOCK;EUR;56;108.13000000;266;PRC_DECOMP_MEMBER;;;;XEUR;11820367;639;MEMBER
02.06.2025;08:06:53.780;FBTS SI 20250908 PS;SIMPLE_INSTRUMENT;BLOCK;EUR;56;108.11000000;266;PRC_DECOMP_MEMBER;;;;XEUR;12372476;639;MEMBER
02.06.2025;08:07:14.849;FBTS SI 20250908 PS;SIMPLE_INSTRUMENT;BLOCK;EUR;57;108.10000000;654;EXCHANGE_LAST;;1;1;XEUR;12372476;639;
02.06.2025;08:18:44.461;FBTS.S.JUN25.SEP25.SPD;FUTURES_SPREAD;BLOCK;EUR;62;0.02000000;625;EXCHANGE_LAST;;1;1;XEUR;72060338522030174;639;
02.06.2025;08:18:44.461;FBTS SI 20250606 PS;SIMPLE_INSTRUMENT;BLOCK;EUR;62;108.12000000;625;PRC_DECOMP_EXCHANGE;;;;XEUR;11820367;639;EXCHANGE
02.06.2025;08:18:44.461;FBTS SI 20250908 PS;SIMPLE_INSTRUMENT;BLOCK;EUR;62;108.10000000;625;PRC_DECOMP_EXCHANGE;;;;XEUR;12372476;639;EXCHANGE
02.06.2025;08:18:55.873;FBTS.S.JUN25.SEP25.SPD;FUTURES_SPREAD;BLOCK;EUR;63;0.03000000;625;EXCHANGE_LAST;;1;1;XEUR;72060338522030174;639;
02.06.2025;08:18:55.873;FBTS SI 20250606 PS;SIMPLE_INSTRUMENT;BLOCK;EUR;63;108.13000000;625;PRC_DECOMP_EXCHANGE;;;;XEUR;11820367;639;EXCHANGE
02.06.2025;08:18:55.873;FBTS SI 20250908 PS;SIMPLE_INSTRUMENT;BLOCK;EUR;63;108.10000000;625;PRC_DECOMP_EXCHANGE;;;;XEUR;12372476;639;EXCHANGE
02.06.2025;08:21:13.587;FBTS.S.JUN25.SEP25.SPD;FUTURES_SPREAD;BLOCK;EUR;64;0.02000000;1375;EXCHANGE_LAST;;1;1;XEUR;72060338522030174;639;
02.06.2025;08:21:13.587;FBTS SI 20250606 PS;SIMPLE_INSTRUMENT;BLOCK;EUR;64;108.12000000;1375;PRC_DECOMP_EXCHANGE;;;;XEUR;11820367;639;EXCHANGE
02.06.2025;08:21:13.587;FBTS SI 20250908 PS;SIMPLE_INSTRUMENT;BLOCK;EUR;64;108.10000000;1375;PRC_DECOMP_EXCHANGE;;;;XEUR;12372476;639;EXCHANGE
02.06.2025;08:21:31.064;FBTS.S.JUN25.SEP25.SPD;FUTURES_SPREAD;BLOCK;EUR;65;0.03000000;1375;EXCHANGE_LAST;;1;1;XEUR;72060338522030174;639;
02.06.2025;08:21:31.064;FBTS SI 20250908 PS;SIMPLE_INSTRUMENT;BLOCK;EUR;65;108.10000000;1375;PRC_DECOMP_EXCHANGE;;;;XEUR;12372476;639;EXCHANGE
02.06.2025;08:21:31.064;FBTS SI 20250606 PS;SIMPLE_INSTRUMENT;BLOCK;EUR;65;108.13000000;1375;PRC_DECOMP_EXCHANGE;;;;XEUR;11820367;639;EXCHANGE
02.06.2025;08:21:45.959;FBTS SI 20250606 PS;SIMPLE_INSTRUMENT;EFP_FIN;EUR;66;108.14000000;904;EXCHANGE_LAST;;1;1;XEUR;11820367;639;
02.06.2025;08:23:35.430;FBTS SI 20250606 PS;SIMPLE_INSTRUMENT;EFP_FIN;EUR;67;108.12000000;1190;EXCHANGE_LAST;;1;1;XEUR;11820367;639;
02.06.2025;08:35:19.423;FBTS SI 20250606 PS;SIMPLE_INSTRUMENT;EFP_FIN;EUR;68;108.13000000;2558;EXCHANGE_LAST;;1;1;XEUR;11820367;639;
02.06.2025;08:35:22.897;FBTS SI 20250606 PS;SIMPLE_INSTRUMENT;BLOCK;EUR;70;108.12000000;750;EXCHANGE_LAST;;1;1;XEUR;11820367;639;
02.06.2025;08:35:57.696;FBTS SI 20250908 PS;SIMPLE_INSTRUMENT;BLOCK;EUR;71;108.10000000;335;EXCHANGE_LAST;;1;1;XEUR;12372476;639;
02.06.2025;08:36:19.522;FBTS SI 20250908 PS;SIMPLE_INSTRUMENT;BLOCK;EUR;72;108.09000000;334;EXCHANGE_LAST;;1;1;XEUR;12372476;639;
02.06.2025;08:39:49.089;FBTS SI 20250606 PS;SIMPLE_INSTRUMENT;EFP_FIN;EUR;73;108.12000000;714;EXCHANGE_LAST;;1;1;XEUR;11820367;639;
02.06.2025;08:41:45.138;FBTS SI 20250606 PS;SIMPLE_INSTRUMENT;BLOCK;EUR;76;108.12000000;1964;EXCHANGE_LAST;;1;1;XEUR;11820367;639;
02.06.2025;08:41:55.759;FBTS SI 20250606 PS;SIMPLE_INSTRUMENT;BLOCK;EUR;77;108.13000000;850;EXCHANGE_LAST;;1;1;XEUR;11820367;639;
02.06.2025;08:42:20.695;FBTS SI 20250908 PS;SIMPLE_INSTRUMENT;BLOCK;EUR;78;108.10000000;425;EXCHANGE_LAST;;1;1;XEUR;12372476;639;
02.06.2025;08:42:20.716;FBTS SI 20250908 PS;SIMPLE_INSTRUMENT;BLOCK;EUR;79;108.11000000;425;EXCHANGE_LAST;;1;1;XEUR;12372476;639;
02.06.2025;08:50:01.008;FBTS SI 20250606 PS;SIMPLE_INSTRUMENT;BLOCK;EUR;82;108.10000000;2000;EXCHANGE_LAST;;1;1;XEUR;11820367;639;
02.06.2025;08:50:17.010;FBTS SI 20250908 PS;SIMPLE_INSTRUMENT;BLOCK;EUR;83;108.08000000;1000;EXCHANGE_LAST;;1;1;XEUR;12372476;639;
02.06.2025;08:50:39.011;FBTS SI 20250908 PS;SIMPLE_INSTRUMENT;BLOCK;EUR;84;108.07000000;1000;EXCHANGE_LAST;;1;1;XEUR;12372476;639;
02.06.2025;08:56:05.848;FBTS SI 20250606 PS;SIMPLE_INSTRUMENT;BLOCK;EUR;87;108.10000000;476;EXCHANGE_LAST;;1;1;XEUR;11820367;639;
02.06.2025;08:56:42.117;FBTS SI 20250606 PS;SIMPLE_INSTRUMENT;BLOCK;EUR;89;108.13000000;1330;EXCHANGE_LAST;;1;1;XEUR;11820367;639;
02.06.2025;08:57:02.404;FBTS SI 20250908 PS;SIMPLE_INSTRUMENT;BLOCK;EUR;90;108.10000000;665;EXCHANGE_LAST;;1;1;XEUR;12372476;639;
02.06.2025;08:57:02.425;FBTS SI 20250908 PS;SIMPLE_INSTRUMENT;BLOCK;EUR;91;108.11000000;665;EXCHANGE_LAST;;1;1;XEUR;12372476;639;
02.06.2025;08:57:25.404;FBTS SI 20250606 PS;SIMPLE_INSTRUMENT;BLOCK;EUR;93;108.13000000;1500;EXCHANGE_LAST;;1;1;XEUR;11820367;639;
02.06.2025;08:57:43.501;FBTS SI 20250908 PS;SIMPLE_INSTRUMENT;BLOCK;EUR;95;108.10000000;750;EXCHANGE_LAST;;1;1;XEUR;12372476;639;
02.06.2025;08:57:43.544;FBTS SI 20250908 PS;SIMPLE_INSTRUMENT;BLOCK;EUR;96;108.11000000;750;EXCHANGE_LAST;;1;1;XEUR;12372476;639;
02.06.2025;09:02:14.540;FBTS SI 20250606 PS;SIMPLE_INSTRUMENT;EFP_FIN;EUR;99;108.13000000;619;EXCHANGE_LAST;;1;1;XEUR;11820367;639;
02.06.2025;09:05:08.072;FBTS.S.JUN25.SEP25.SPD;FUTURES_SPREAD;BLOCK;EUR;101;0.03000000;1125;EXCHANGE_LAST;;1;1;XEUR;72060338522030174;639;
02.06.2025;09:05:08.072;FBTS SI 20250606 PS;SIMPLE_INSTRUMENT;BLOCK;EUR;101;108.11000000;1125;PRC_DECOMP_EXCHANGE;;;;XEUR;11820367;639;EXCHANGE
02.06.2025;09:05:08.072;FBTS SI 20250908 PS;SIMPLE_INSTRUMENT;BLOCK;EUR;101;108.08000000;1125;PRC_DECOMP_EXCHANGE;;;;XEUR;12372476;639;EXCHANGE
02.06.2025;09:05:13.262;FBTS.S.JUN25.SEP25.SPD;FUTURES_SPREAD;BLOCK;EUR;102;0.02000000;1125;EXCHANGE_LAST;;1;1;XEUR;72060338522030174;639;
02.06.2025;09:05:13.262;FBTS SI 20250606 PS;SIMPLE_INSTRUMENT;BLOCK;EUR;102;108.10000000;1125;PRC_DECOMP_EXCHANGE;;;;XEUR;11820367;639;EXCHANGE
02.06.2025;09:05:13.262;FBTS SI 20250908 PS;SIMPLE_INSTRUMENT;BLOCK;EUR;102;108.08000000;1125;PRC_DECOMP_EXCHANGE;;;;XEUR;12372476;639;EXCHANGE
02.06.2025;09:07:54.628;FBTS SI 20250606 PS;SIMPLE_INSTRUMENT;BLOCK;EUR;104;108.12000000;1000;EXCHANGE_LAST;;1;1;XEUR;11820367;639;
02.06.2025;09:09:14.688;FBTS.S.JUN25.SEP25.SPD;FUTURES_SPREAD;BLOCK;EUR;105;0.02000000;500;EXCHANGE_LAST;;1;1;XEUR;72060338522030174;639;
02.06.2025;09:09:14.688;FBTS SI 20250606 PS;SIMPLE_INSTRUMENT;BLOCK;EUR;105;108.11000000;500;PRC_DECOMP_EXCHANGE;;;;XEUR;11820367;639;EXCHANGE
02.06.2025;09:09:14.688;FBTS SI 20250908 PS;SIMPLE_INSTRUMENT;BLOCK;EUR;105;108.09000000;500;PRC_DECOMP_EXCHANGE;;;;XEUR;12372476;639;EXCHANGE
02.06.2025;09:09:15.474;FBTS.S.JUN25.SEP25.SPD;FUTURES_SPREAD;BLOCK;EUR;106;0.03000000;500;EXCHANGE_LAST;;1;1;XEUR;72060338522030174;639;
02.06.2025;09:09:15.474;FBTS SI 20250908 PS;SIMPLE_INSTRUMENT;BLOCK;EUR;106;108.08000000;500;PRC_DECOMP_EXCHANGE;;;;XEUR;12372476;639;EXCHANGE
02.06.2025;09:09:15.474;FBTS SI 20250606 PS;SIMPLE_INSTRUMENT;BLOCK;EUR;106;108.11000000;500;PRC_DECOMP_EXCHANGE;;;;XEUR;11820367;639;EXCHANGE
02.06.2025;09:09:46.336;FBTS SI 20250606 PS;SIMPLE_INSTRUMENT;BLOCK;EUR;107;108.11000000;1160;EXCHANGE_LAST;;1;1;XEUR;11820367;639;
02.06.2025;09:09:34.701;FBTS SI 20250908 PS;SIMPLE_INSTRUMENT;BLOCK;EUR;108;108.09000000;500;EXCHANGE_LAST;;1;1;XEUR;12372476;639;
02.06.2025;09:10:05.493;FBTS SI 20250908 PS;SIMPLE_INSTRUMENT;BLOCK;EUR;110;108.09000000;518;EXCHANGE_LAST;;1;1;XEUR;12372476;639;
02.06.2025;09:10:17.807;FBTS SI 20250908 PS;SIMPLE_INSTRUMENT;BLOCK;EUR;111;108.08000000;518;EXCHANGE_LAST;;1;1;XEUR;12372476;639;
02.06.2025;09:10:16.617;FBTS SI 20250908 PS;SIMPLE_INSTRUMENT;BLOCK;EUR;112;108.10000000;500;EXCHANGE_LAST;;1;1;XEUR;12372476;639;
02.06.2025;09:23:57.764;FBTS SI 20250606 PS;SIMPLE_INSTRUMENT;EFP_FIN;EUR;115;108.11000000;511;EXCHANGE_LAST;;1;1;XEUR;11820367;639;
02.06.2025;09:31:35.914;FBTS.S.JUN25.SEP25.SPD;FUTURES_SPREAD;BLOCK;EUR;117;0.02000000;1357;EXCHANGE_LAST;;1;1;XEUR;72060338522030174;639;
02.06.2025;09:31:35.914;FBTS SI 20250606 PS;SIMPLE_INSTRUMENT;BLOCK;EUR;117;108.11000000;1357;PRC_DECOMP_EXCHANGE;;;;XEUR;11820367;639;EXCHANGE
02.06.2025;09:31:35.914;FBTS SI 20250908 PS;SIMPLE_INSTRUMENT;BLOCK;EUR;117;108.09000000;1357;PRC_DECOMP_EXCHANGE;;;;XEUR;12372476;639;EXCHANGE
02.06.2025;09:32:01.563;FBTS.S.JUN25.SEP25.SPD;FUTURES_SPREAD;BLOCK;EUR;118;0.03000000;1358;EXCHANGE_LAST;;1;1;XEUR;72060338522030174;639;
02.06.2025;09:32:01.563;FBTS SI 20250606 PS;SIMPLE_INSTRUMENT;BLOCK;EUR;118;108.12000000;1358;PRC_DECOMP_EXCHANGE;;;;XEUR;11820367;639;EXCHANGE
02.06.2025;09:32:01.563;FBTS SI 20250908 PS;SIMPLE_INSTRUMENT;BLOCK;EUR;118;108.09000000;1358;PRC_DECOMP_EXCHANGE;;;;XEUR;12372476;639;EXCHANGE
02.06.2025;09:33:24.298;FBTS SI 20250606 PS;SIMPLE_INSTRUMENT;EFP_FIN;EUR;120;108.12000000;2455;EXCHANGE_LAST;;1;1;XEUR;11820367;639;
02.06.2025;09:42:04.572;FBTS.S.JUN25.SEP25.SPD;FUTURES_SPREAD;BLOCK;EUR;123;0.02000000;5325;EXCHANGE_LAST;;1;1;XEUR;72060338522030174;639;
02.06.2025;09:42:04.572;FBTS SI 20250606 PS;SIMPLE_INSTRUMENT;BLOCK;EUR;123;108.10000000;5325;PRC_DECOMP_EXCHANGE;;;;XEUR;11820367;639;EXCHANGE
02.06.2025;09:42:04.572;FBTS SI 20250908 PS;SIMPLE_INSTRUMENT;BLOCK;EUR;123;108.08000000;5325;PRC_DECOMP_EXCHANGE;;;;XEUR;12372476;639;EXCHANGE
02.06.2025;09:42:05.692;FBTS.S.JUN25.SEP25.SPD;FUTURES_SPREAD;BLOCK;EUR;124;0.03000000;5326;EXCHANGE_LAST;;1;1;XEUR;72060338522030174;639;
02.06.2025;09:42:05.692;FBTS SI 20250908 PS;SIMPLE_INSTRUMENT;BLOCK;EUR;124;108.08000000;5326;PRC_DECOMP_EXCHANGE;;;;XEUR;12372476;639;EXCHANGE
02.06.2025;09:42:05.692;FBTS SI 20250606 PS;SIMPLE_INSTRUMENT;BLOCK;EUR;124;108.11000000;5326;PRC_DECOMP_EXCHANGE;;;;XEUR;11820367;639;EXCHANGE
02.06.2025;10:06:13.846;FBTS SI 20250606 PS;SIMPLE_INSTRUMENT;BLOCK;EUR;129;108.10000000;4000;EXCHANGE_LAST;;1;1;XEUR;11820367;639;
02.06.2025;10:06:59.980;FBTS SI 20250908 PS;SIMPLE_INSTRUMENT;BLOCK;EUR;130;108.07000000;2000;EXCHANGE_LAST;;1;1;XEUR;12372476;639;
02.06.2025;10:07:12.973;FBTS SI 20250908 PS;SIMPLE_INSTRUMENT;BLOCK;EUR;131;108.08000000;2000;EXCHANGE_LAST;;1;1;XEUR;12372476;639;
02.06.2025;10:09:07.577;FBTS SI 20250606 PS;SIMPLE_INSTRUMENT;BLOCK;EUR;132;108.10000000;952;EXCHANGE_LAST;;1;1;XEUR;11820367;639;
02.06.2025;10:09:29.835;FBTS SI 20250606 PS;SIMPLE_INSTRUMENT;BLOCK;EUR;133;108.10000000;3000;EXCHANGE_LAST;;1;1;XEUR;11820367;639;
02.06.2025;10:10:04.872;FBTS SI 20250908 PS;SIMPLE_INSTRUMENT;BLOCK;EUR;134;108.07000000;1500;EXCHANGE_LAST;;1;1;XEUR;12372476;639;
02.06.2025;10:10:11.309;FBTS SI 20250908 PS;SIMPLE_INSTRUMENT;BLOCK;EUR;135;108.08000000;1500;EXCHANGE_LAST;;1;1;XEUR;12372476;639;
02.06.2025;10:12:58.542;FBTS SI 20250606 PS;SIMPLE_INSTRUMENT;BLOCK;EUR;138;108.10000000;3656;EXCHANGE_LAST;;1;1;XEUR;11820367;639;
02.06.2025;10:13:38.663;FBTS SI 20250606 PS;SIMPLE_INSTRUMENT;BLOCK;EUR;140;108.14000000;1095;EXCHANGE_LAST;;1;1;XEUR;11820367;639;
02.06.2025;10:14:52.069;FBTS SI 20250908 PS;SIMPLE_INSTRUMENT;BLOCK;EUR;142;108.07000000;1828;EXCHANGE_LAST;;1;1;XEUR;12372476;639;
02.06.2025;10:15:03.141;FBTS SI 20250908 PS;SIMPLE_INSTRUMENT;BLOCK;EUR;143;108.08000000;1828;EXCHANGE_LAST;;1;1;XEUR;12372476;639;
02.06.2025;10:16:44.037;FBTS SI 20250606 PS;SIMPLE_INSTRUMENT;BLOCK;EUR;145;108.10000000;8000;EXCHANGE_LAST;;1;1;XEUR;11820367;639;
02.06.2025;10:17:21.665;FBTS SI 20250908 PS;SIMPLE_INSTRUMENT;BLOCK;EUR;147;108.07000000;4000;EXCHANGE_LAST;;1;1;XEUR;12372476;639;
02.06.2025;10:17:28.826;FBTS SI 20250908 PS;SIMPLE_INSTRUMENT;BLOCK;EUR;148;108.08000000;4000;EXCHANGE_LAST;;1;1;XEUR;12372476;639;
02.06.2025;10:35:38.853;FBTS SI 20250606 PS;SIMPLE_INSTRUMENT;EFP_FIN;EUR;151;108.11000000;196;EXCHANGE_LAST;;1;1;XEUR;11820367;639;
02.06.2025;11:11:38.899;FBTS SI 20250606 PS;SIMPLE_INSTRUMENT;EFP_FIN;EUR;155;108.12000000;1428;EXCHANGE_LAST;;1;1;XEUR;11820367;639;
02.06.2025;11:14:25.093;FBTS SI 20250606 PS;SIMPLE_INSTRUMENT;BLOCK;EUR;159;108.13000000;1428;EXCHANGE_LAST;;1;1;XEUR;11820367;639;
02.06.2025;11:15:50.770;FBTS SI 20250606 PS;SIMPLE_INSTRUMENT;BLOCK;EUR;160;108.13000000;305;EXCHANGE_LAST;;1;1;XEUR;11820367;639;
02.06.2025;11:19:56.260;FBTS SI 20250606 PS;SIMPLE_INSTRUMENT;BLOCK;EUR;162;108.13000000;2562;EXCHANGE_LAST;;1;1;XEUR;11820367;639;
02.06.2025;11:20:52.710;FBTS SI 20250908 PS;SIMPLE_INSTRUMENT;BLOCK;EUR;163;108.10000000;2267;EXCHANGE_LAST;;1;1;XEUR;12372476;639;
02.06.2025;11:27:27.232;FBTS SI 20250606 PS;SIMPLE_INSTRUMENT;EFP_FIN;EUR;168;108.13000000;873;EXCHANGE_LAST;;1;1;XEUR;11820367;639;
02.06.2025;11:30:08.931;FBTS SI 20250606 PS;SIMPLE_INSTRUMENT;EFP_FIN;EUR;171;108.13000000;772;EXCHANGE_LAST;;1;1;XEUR;11820367;639;
02.06.2025;11:41:54.452;FBTS SI 20250606 PS;SIMPLE_INSTRUMENT;BLOCK;EUR;172;108.14000000;666;EXCHANGE_LAST;;1;1;XEUR;11820367;639;
02.06.2025;11:47:48.876;FBTS SI 20250606 PS;SIMPLE_INSTRUMENT;BLOCK;EUR;173;108.13000000;619;EXCHANGE_LAST;;1;1;XEUR;11820367;639;
02.06.2025;11:57:13.965;FBTS SI 20250606 PS;SIMPLE_INSTRUMENT;EFP_FIN;EUR;179;108.13000000;278;EXCHANGE_LAST;;1;1;XEUR;11820367;639;
02.06.2025;12:01:06.836;FBTS SI 20250606 PS;SIMPLE_INSTRUMENT;BLOCK;EUR;180;108.14000000;5000;EXCHANGE_LAST;;1;1;XEUR;11820367;639;
02.06.2025;12:01:21.004;FBTS SI 20250908 PS;SIMPLE_INSTRUMENT;BLOCK;EUR;181;108.11000000;1411;EXCHANGE_LAST;;1;1;XEUR;12372476;639;
02.06.2025;12:02:04.002;FBTS SI 20250908 PS;SIMPLE_INSTRUMENT;BLOCK;EUR;182;108.11000000;2500;EXCHANGE_LAST;;1;1;XEUR;12372476;639;
02.06.2025;12:02:16.000;FBTS SI 20250908 PS;SIMPLE_INSTRUMENT;BLOCK;EUR;183;108.12000000;2500;EXCHANGE_LAST;;1;1;XEUR;12372476;639;
02.06.2025;12:05:12.876;FBTS SI 20250606 PS;SIMPLE_INSTRUMENT;BLOCK;EUR;184;108.14000000;2453;EXCHANGE_LAST;;1;1;XEUR;11820367;639;
02.06.2025;12:05:26.942;FBTS SI 20250908 PS;SIMPLE_INSTRUMENT;BLOCK;EUR;185;108.11000000;1227;EXCHANGE_LAST;;1;1;XEUR;12372476;639;
02.06.2025;12:05:42.870;FBTS SI 20250908 PS;SIMPLE_INSTRUMENT;BLOCK;EUR;186;108.12000000;1226;EXCHANGE_LAST;;1;1;XEUR;12372476;639;
02.06.2025;12:09:34.314;FBTS SI 20250606 PS;SIMPLE_INSTRUMENT;BLOCK;EUR;187;108.14000000;1433;EXCHANGE_LAST;;1;1;XEUR;11820367;639;
02.06.2025;12:10:15.318;FBTS SI 20250908 PS;SIMPLE_INSTRUMENT;BLOCK;EUR;188;108.12000000;716;EXCHANGE_LAST;;1;1;XEUR;12372476;639;
02.06.2025;12:10:43.320;FBTS SI 20250908 PS;SIMPLE_INSTRUMENT;BLOCK;EUR;189;108.11000000;717;EXCHANGE_LAST;;1;1;XEUR;12372476;639;
02.06.2025;12:14:40.844;FBTS SI 20250606 PS;SIMPLE_INSTRUMENT;BLOCK;EUR;190;108.14000000;3000;EXCHANGE_LAST;;1;1;XEUR;11820367;639;
02.06.2025;12:14:47.760;FBTS SI 20250908 PS;SIMPLE_INSTRUMENT;BLOCK;EUR;192;108.11000000;1500;EXCHANGE_LAST;;1;1;XEUR;12372476;639;
02.06.2025;12:14:53.528;FBTS SI 20250908 PS;SIMPLE_INSTRUMENT;BLOCK;EUR;193;108.12000000;1500;EXCHANGE_LAST;;1;1;XEUR;12372476;639;
02.06.2025;12:17:13.304;FBTS SI 20250606 PS;SIMPLE_INSTRUMENT;BLOCK;EUR;194;108.14000000;6010;EXCHANGE_LAST;;1;1;XEUR;11820367;639;
02.06.2025;12:17:18.762;FBTS SI 20250908 PS;SIMPLE_INSTRUMENT;BLOCK;EUR;195;108.11000000;2685;EXCHANGE_LAST;;1;1;XEUR;12372476;639;
02.06.2025;12:17:23.258;FBTS SI 20250908 PS;SIMPLE_INSTRUMENT;BLOCK;EUR;196;108.12000000;2685;EXCHANGE_LAST;;1;1;XEUR;12372476;639;
02.06.2025;12:17:28.514;FBTS SI 20250606 PS;SIMPLE_INSTRUMENT;EFP_FIN;EUR;197;108.14000000;2856;EXCHANGE_LAST;;1;1;XEUR;11820367;639;
02.06.2025;12:18:37.428;FBTS SI 20250606 PS;SIMPLE_INSTRUMENT;EFP_FIN;EUR;199;108.13000000;278;EXCHANGE_LAST;;1;1;XEUR;11820367;639;
02.06.2025;12:25:18.498;FBTS SI 20250606 PS;SIMPLE_INSTRUMENT;EFP_FIN;EUR;202;108.14000000;238;EXCHANGE_LAST;;1;1;XEUR;11820367;639;
02.06.2025;12:25:27.743;FBTS SI 20250606 PS;SIMPLE_INSTRUMENT;EFP_FIN;EUR;203;108.14000000;143;EXCHANGE_LAST;;1;1;XEUR;11820367;639;
02.06.2025;12:25:38.950;FBTS SI 20250606 PS;SIMPLE_INSTRUMENT;EFP_FIN;EUR;204;108.14000000;286;EXCHANGE_LAST;;1;1;XEUR;11820367;639;
02.06.2025;12:41:20.525;FBTS SI 20250606 PS;SIMPLE_INSTRUMENT;EFP_FIN;EUR;209;108.14000000;476;EXCHANGE_LAST;;1;1;XEUR;11820367;639;
02.06.2025;12:43:44.847;FBTS SI 20250908 PS;SIMPLE_INSTRUMENT;BLOCK;EUR;213;108.10000000;469;EXCHANGE_LAST;;1;1;XEUR;12372476;639;
02.06.2025;12:45:27.996;FBTS SI 20250908 PS;SIMPLE_INSTRUMENT;BLOCK;EUR;214;108.12000000;1940;EXCHANGE_LAST;;1;1;XEUR;12372476;639;
02.06.2025;12:46:16.449;FBTS SI 20250606 PS;SIMPLE_INSTRUMENT;BLOCK;EUR;215;108.14000000;241;EXCHANGE_LAST;;1;1;XEUR;11820367;639;
02.06.2025;12:46:27.995;FBTS SI 20250606 PS;SIMPLE_INSTRUMENT;EFP_FIN;EUR;216;108.13000000;615;EXCHANGE_LAST;;1;1;XEUR;11820367;639;
02.06.2025;12:48:47.398;FBTS SI 20250908 PS;SIMPLE_INSTRUMENT;BLOCK;EUR;219;108.12000000;544;EXCHANGE_LAST;;1;1;XEUR;12372476;639;
02.06.2025;12:51:06.835;FBTS SI 20250606 PS;SIMPLE_INSTRUMENT;BLOCK;EUR;222;108.14000000;476;EXCHANGE_LAST;;1;1;XEUR;11820367;639;
02.06.2025;12:51:19.785;FBTS SI 20250606 PS;SIMPLE_INSTRUMENT;EFP_FIN;EUR;223;108.14000000;401;EXCHANGE_LAST;;1;1;XEUR;11820367;639;
02.06.2025;12:54:28.440;FBTS SI 20250606 PS;SIMPLE_INSTRUMENT;EFP_FIN;EUR;227;108.14000000;305;EXCHANGE_LAST;;1;1;XEUR;11820367;639;
02.06.2025;12:56:16.567;FBTS SI 20250606 PS;SIMPLE_INSTRUMENT;BLOCK;EUR;228;108.12000000;1009;EXCHANGE_LAST;;1;1;XEUR;11820367;639;
02.06.2025;12:56:23.026;FBTS SI 20250908 PS;SIMPLE_INSTRUMENT;BLOCK;EUR;229;108.09000000;449;EXCHANGE_LAST;;1;1;XEUR;12372476;639;
02.06.2025;12:56:28.519;FBTS SI 20250908 PS;SIMPLE_INSTRUMENT;BLOCK;EUR;230;108.10000000;450;EXCHANGE_LAST;;1;1;XEUR;12372476;639;
02.06.2025;13:02:07.792;FBTS SI 20250606 PS;SIMPLE_INSTRUMENT;BLOCK;EUR;232;108.13000000;5267;EXCHANGE_LAST;;1;1;XEUR;11820367;639;
02.06.2025;13:03:07.208;FBTS.S.JUN25.SEP25.SPD;FUTURES_SPREAD;BLOCK;EUR;233;0.02000000;2281;EXCHANGE_LAST;;1;1;XEUR;72060338522030174;639;
02.06.2025;13:03:07.208;FBTS SI 20250908 PS;SIMPLE_INSTRUMENT;BLOCK;EUR;233;108.10000000;2281;PRC_DECOMP_EXCHANGE;;;;XEUR;12372476;639;EXCHANGE
02.06.2025;13:03:07.208;FBTS SI 20250606 PS;SIMPLE_INSTRUMENT;BLOCK;EUR;233;108.12000000;2281;PRC_DECOMP_EXCHANGE;;;;XEUR;11820367;639;EXCHANGE
02.06.2025;13:03:08.249;FBTS.S.JUN25.SEP25.SPD;FUTURES_SPREAD;BLOCK;EUR;234;0.03000000;2281;EXCHANGE_LAST;;1;1;XEUR;72060338522030174;639;
02.06.2025;13:03:08.249;FBTS SI 20250908 PS;SIMPLE_INSTRUMENT;BLOCK;EUR;234;108.10000000;2281;PRC_DECOMP_EXCHANGE;;;;XEUR;12372476;639;EXCHANGE
02.06.2025;13:03:08.249;FBTS SI 20250606 PS;SIMPLE_INSTRUMENT;BLOCK;EUR;234;108.13000000;2281;PRC_DECOMP_EXCHANGE;;;;XEUR;11820367;639;EXCHANGE
02.06.2025;13:03:20.344;FBTS SI 20250908 PS;SIMPLE_INSTRUMENT;BLOCK;EUR;235;108.11000000;2634;EXCHANGE_LAST;;1;1;XEUR;12372476;639;
02.06.2025;13:03:37.119;FBTS SI 20250908 PS;SIMPLE_INSTRUMENT;BLOCK;EUR;236;108.10000000;2633;EXCHANGE_LAST;;1;1;XEUR;12372476;639;
02.06.2025;13:12:30.284;FBTS SI 20250606 PS;SIMPLE_INSTRUMENT;BLOCK;EUR;238;108.10000000;190;EXCHANGE_LAST;;1;1;XEUR;11820367;639;
02.06.2025;13:12:36.536;FBTS SI 20250606 PS;SIMPLE_INSTRUMENT;BLOCK;EUR;239;108.13000000;2500;EXCHANGE_LAST;;1;1;XEUR;11820367;639;
02.06.2025;13:12:47.878;FBTS SI 20250606 PS;SIMPLE_INSTRUMENT;BLOCK;EUR;240;108.13000000;2000;EXCHANGE_LAST;;1;1;XEUR;11820367;639;
02.06.2025;13:13:00.481;FBTS SI 20250606 PS;SIMPLE_INSTRUMENT;BLOCK;EUR;242;108.13000000;1000;EXCHANGE_LAST;;1;1;XEUR;11820367;639;
02.06.2025;13:13:32.764;FBTS SI 20250908 PS;SIMPLE_INSTRUMENT;BLOCK;EUR;243;108.11000000;1250;EXCHANGE_LAST;;1;1;XEUR;12372476;639;
02.06.2025;13:13:40.576;FBTS SI 20250908 PS;SIMPLE_INSTRUMENT;BLOCK;EUR;244;108.11000000;1000;EXCHANGE_LAST;;1;1;XEUR;12372476;639;
02.06.2025;13:13:47.950;FBTS SI 20250908 PS;SIMPLE_INSTRUMENT;BLOCK;EUR;245;108.11000000;500;EXCHANGE_LAST;;1;1;XEUR;12372476;639;
02.06.2025;13:14:09.751;FBTS SI 20250908 PS;SIMPLE_INSTRUMENT;BLOCK;EUR;246;108.10000000;1250;EXCHANGE_LAST;;1;1;XEUR;12372476;639;
02.06.2025;13:14:20.875;FBTS SI 20250908 PS;SIMPLE_INSTRUMENT;BLOCK;EUR;247;108.10000000;1000;EXCHANGE_LAST;;1;1;XEUR;12372476;639;
02.06.2025;13:14:35.299;FBTS SI 20250908 PS;SIMPLE_INSTRUMENT;BLOCK;EUR;248;108.10000000;500;EXCHANGE_LAST;;1;1;XEUR;12372476;639;
02.06.2025;13:15:29.257;FBTS SI 20250606 PS;SIMPLE_INSTRUMENT;BLOCK;EUR;250;108.14000000;533;EXCHANGE_LAST;;1;1;XEUR;11820367;639;
02.06.2025;13:21:33.969;FBTS SI 20250606 PS;SIMPLE_INSTRUMENT;BLOCK;EUR;253;108.13000000;2000;EXCHANGE_LAST;;1;1;XEUR;11820367;639;
02.06.2025;13:21:59.133;FBTS SI 20250908 PS;SIMPLE_INSTRUMENT;BLOCK;EUR;254;108.11000000;1000;EXCHANGE_LAST;;1;1;XEUR;12372476;639;
02.06.2025;13:22:05.598;FBTS SI 20250908 PS;SIMPLE_INSTRUMENT;BLOCK;EUR;255;108.10000000;1000;EXCHANGE_LAST;;1;1;XEUR;12372476;639;
02.06.2025;13:24:26.803;FBTS SI 20250606 PS;SIMPLE_INSTRUMENT;BLOCK;EUR;256;108.12000000;881;EXCHANGE_LAST;;1;1;XEUR;11820367;639;
02.06.2025;13:24:40.805;FBTS SI 20250908 PS;SIMPLE_INSTRUMENT;BLOCK;EUR;258;108.09000000;393;EXCHANGE_LAST;;1;1;XEUR;12372476;639;
02.06.2025;13:24:44.805;FBTS SI 20250908 PS;SIMPLE_INSTRUMENT;BLOCK;EUR;259;108.10000000;393;EXCHANGE_LAST;;1;1;XEUR;12372476;639;
02.06.2025;13:24:05.550;FBTS SI 20250606 PS;SIMPLE_INSTRUMENT;EFP_FIN;EUR;263;108.13000000;1204;EXCHANGE_LAST;;1;1;XEUR;11820367;639;
02.06.2025;13:24:51.405;FBTS SI 20250606 PS;SIMPLE_INSTRUMENT;BLOCK;EUR;264;108.12000000;303;EXCHANGE_LAST;;1;1;XEUR;11820367;639;
02.06.2025;13:30:10.417;FBTS SI 20250606 PS;SIMPLE_INSTRUMENT;BLOCK;EUR;266;108.13000000;5254;EXCHANGE_LAST;;1;1;XEUR;11820367;639;
02.06.2025;13:30:42.612;FBTS SI 20250908 PS;SIMPLE_INSTRUMENT;BLOCK;EUR;267;108.11000000;2627;EXCHANGE_LAST;;1;1;XEUR;12372476;639;
02.06.2025;13:30:53.570;FBTS SI 20250908 PS;SIMPLE_INSTRUMENT;BLOCK;EUR;268;108.10000000;2627;EXCHANGE_LAST;;1;1;XEUR;12372476;639;
02.06.2025;13:36:43.945;FBTS SI 20250606 PS;SIMPLE_INSTRUMENT;BLOCK;EUR;269;108.13000000;3000;EXCHANGE_LAST;;1;1;XEUR;11820367;639;
02.06.2025;13:37:07.486;FBTS SI 20250908 PS;SIMPLE_INSTRUMENT;BLOCK;EUR;270;108.11000000;1500;EXCHANGE_LAST;;1;1;XEUR;12372476;639;
02.06.2025;13:37:15.349;FBTS SI 20250908 PS;SIMPLE_INSTRUMENT;BLOCK;EUR;271;108.10000000;1500;EXCHANGE_LAST;;1;1;XEUR;12372476;639;
02.06.2025;13:46:38.121;FBTS SI 20250606 PS;SIMPLE_INSTRUMENT;BLOCK;EUR;274;108.13000000;2162;EXCHANGE_LAST;;1;1;XEUR;11820367;639;
02.06.2025;13:46:51.679;FBTS SI 20250908 PS;SIMPLE_INSTRUMENT;BLOCK;EUR;275;108.11000000;1081;EXCHANGE_LAST;;1;1;XEUR;12372476;639;
02.06.2025;13:46:58.926;FBTS SI 20250908 PS;SIMPLE_INSTRUMENT;BLOCK;EUR;276;108.10000000;1081;EXCHANGE_LAST;;1;1;XEUR;12372476;639;
02.06.2025;14:28:59.030;FBTS SI 20250908 PS;SIMPLE_INSTRUMENT;BLOCK;EUR;290;108.11000000;583;EXCHANGE_LAST;;1;1;XEUR;12372476;639;
02.06.2025;14:29:16.306;FBTS SI 20250606 PS;SIMPLE_INSTRUMENT;BLOCK;EUR;291;108.13000000;659;EXCHANGE_LAST;;1;1;XEUR;11820367;639;
02.06.2025;14:58:41.797;FBTS SI 20250908 PS;SIMPLE_INSTRUMENT;BLOCK;EUR;293;108.10000000;773;EXCHANGE_LAST;;1;1;XEUR;12372476;639;
02.06.2025;15:10:14.116;FBTS SI 20250606 PS;SIMPLE_INSTRUMENT;EFP_FIN;EUR;294;108.13000000;803;EXCHANGE_LAST;;1;1;XEUR;11820367;639;
02.06.2025;15:15:44.799;FBTS.S.JUN25.SEP25.SPD;FUTURES_SPREAD;BLOCK;EUR;296;0.02000000;329;EXCHANGE_LAST;;1;1;XEUR;72060338522030174;639;
02.06.2025;15:15:44.799;FBTS SI 20250606 PS;SIMPLE_INSTRUMENT;BLOCK;EUR;296;108.17000000;329;PRC_DECOMP_EXCHANGE;;;;XEUR;11820367;639;EXCHANGE
02.06.2025;15:15:44.799;FBTS SI 20250908 PS;SIMPLE_INSTRUMENT;BLOCK;EUR;296;108.15000000;329;PRC_DECOMP_EXCHANGE;;;;XEUR;12372476;639;EXCHANGE
02.06.2025;15:15:56.332;FBTS.S.JUN25.SEP25.SPD;FUTURES_SPREAD;BLOCK;EUR;297;0.03000000;330;EXCHANGE_LAST;;1;1;XEUR;72060338522030174;639;
02.06.2025;15:15:56.332;FBTS SI 20250908 PS;SIMPLE_INSTRUMENT;BLOCK;EUR;297;108.14000000;330;PRC_DECOMP_EXCHANGE;;;;XEUR;12372476;639;EXCHANGE
02.06.2025;15:15:56.332;FBTS SI 20250606 PS;SIMPLE_INSTRUMENT;BLOCK;EUR;297;108.17000000;330;PRC_DECOMP_EXCHANGE;;;;XEUR;11820367;639;EXCHANGE
02.06.2025;15:29:00.344;FBTS SI 20250606 PS;SIMPLE_INSTRUMENT;BLOCK;EUR;300;108.15000000;2641;EXCHANGE_LAST;;1;1;XEUR;11820367;639;
02.06.2025;15:30:01.619;FBTS SI 20250908 PS;SIMPLE_INSTRUMENT;BLOCK;EUR;301;108.13000000;1180;EXCHANGE_LAST;;1;1;XEUR;12372476;639;
02.06.2025;15:30:04.827;FBTS SI 20250606 PS;SIMPLE_INSTRUMENT;BLOCK;EUR;302;108.15000000;1000;EXCHANGE_LAST;;1;1;XEUR;11820367;639;
02.06.2025;15:30:20.098;FBTS SI 20250908 PS;SIMPLE_INSTRUMENT;BLOCK;EUR;303;108.14000000;500;EXCHANGE_LAST;;1;1;XEUR;12372476;639;
02.06.2025;15:30:26.383;FBTS SI 20250908 PS;SIMPLE_INSTRUMENT;BLOCK;EUR;304;108.14000000;1179;EXCHANGE_LAST;;1;1;XEUR;12372476;639;
02.06.2025;15:30:35.620;FBTS SI 20250908 PS;SIMPLE_INSTRUMENT;BLOCK;EUR;305;108.13000000;500;EXCHANGE_LAST;;1;1;XEUR;12372476;639;
02.06.2025;07:01:13.737;FCPE SI 20250627 CS;SIMPLE_INSTRUMENT;BLOCK;USD;1;160.19000000;10;EXCHANGE_LAST;;1;1;XEUR;7967548;586;
02.06.2025;07:01:33.336;FCPE SI 20250627 CS;SIMPLE_INSTRUMENT;BLOCK;USD;2;160.20000000;47;EXCHANGE_LAST;;1;1;XEUR;7967548;586;
02.06.2025;13:35:10.625;FD3D SI 20251219 CS;SIMPLE_INSTRUMENT;BLOCK;EUR;15;114.30000000;300;EXCHANGE_LAST;;1;2;XEUR;5914068;588;
02.06.2025;15:53:08.344;FDAX SI 20250620 CS;SIMPLE_INSTRUMENT;EFP_IDX;EUR;1;23961.00000000;77;EXCHANGE_LAST;;1;1;XEUR;7903800;589;
02.06.2025;15:53:42.081;FDAX SI 20250620 CS;SIMPLE_INSTRUMENT;EFP_IDX;EUR;2;23962.00000000;156;EXCHANGE_LAST;;1;1;XEUR;7903800;589;
02.06.2025;09:18:02.734;FDAX SI 20250620 CS;SIMPLE_INSTRUMENT;VOLA;EUR;671088645;23930.00000000;35;EXCHANGE_LAST;;1;1;XEUR;7903800;589;
02.06.2025;14:04:24.666;FDAX SI 20250620 CS;SIMPLE_INSTRUMENT;VOLA;EUR;671088648;23890.00000000;69;EXCHANGE_LAST;;1;1;XEUR;7903800;589;
02.06.2025;08:51:44.908;FEBD SI 20271217 CS;SIMPLE_INSTRUMENT;BLOCK;EUR;3;9.72000000;750;EXCHANGE_LAST;;1;1;XEUR;7776307;597;
02.06.2025;16:38:31.733;FEBD SI 20271217 CS;SIMPLE_INSTRUMENT;BLOCK;EUR;37;9.70000000;370;EXCHANGE_LAST;;1;1;XEUR;7776307;597;
02.06.2025;14:21:52.835;FEDV SI 20250620 CS;SIMPLE_INSTRUMENT;BLOCK;EUR;18;1983.00000000;1500;EXCHANGE_LAST;;1;1;XEUR;11880642;596;
02.06.2025;15:47:06.948;FEDV SI 20250620 CS;SIMPLE_INSTRUMENT;BLOCK;EUR;24;1991.00000000;3850;EXCHANGE_LAST;;1;1;XEUR;11880642;596;
02.06.2025;15:47:16.683;FEDV SI 20250620 CS;SIMPLE_INSTRUMENT;BLOCK;EUR;25;1992.00000000;1150;EXCHANGE_LAST;;1;1;XEUR;11880642;596;
02.06.2025;15:47:44.219;FEDV SI 20250620 CS;SIMPLE_INSTRUMENT;EFP_IDX;EUR;34;1991.00000000;60;EXCHANGE_LAST;;1;1;XEUR;11880642;596;
02.06.2025;15:47:53.280;FEDV SI 20250620 CS;SIMPLE_INSTRUMENT;EFP_IDX;EUR;35;1991.50000000;77;EXCHANGE_LAST;;1;1;XEUR;11880642;596;
02.06.2025;13:26:37.614;FEHY SI 20250919 CS;SIMPLE_INSTRUMENT;BLOCK;EUR;14;303.10000000;100;EXCHANGE_LAST;;1;1;XEUR;12517893;574047;
02.06.2025;08:48:49.240;FESE SI 20250620 CS;SIMPLE_INSTRUMENT;VOLA;EUR;603979788;370.50000000;55;EXCHANGE_LAST;;1;1;XEUR;11881257;685;
02.06.2025;09:29:50.749;FESH SI 20250620 CS;SIMPLE_INSTRUMENT;VOLA;EUR;603979798;795.00000000;20;EXCHANGE_LAST;;1;1;XEUR;11881255;686;
02.06.2025;08:52:19.591;FESI SI 20250620 CS;SIMPLE_INSTRUMENT;VOLA;EUR;603979791;507.50000000;31;EXCHANGE_LAST;;1;1;XEUR;11881223;681;
02.06.2025;08:52:41.252;FESI SI 20250620 CS;SIMPLE_INSTRUMENT;VOLA;EUR;603979792;507.50000000;31;EXCHANGE_LAST;;1;1;XEUR;11881223;681;
02.06.2025;08:36:11.078;FESU SI 20250620 CS;SIMPLE_INSTRUMENT;VOLA;EUR;603979783;452.80000000;13;EXCHANGE_LAST;;1;1;XEUR;11880931;673;
02.06.2025;12:50:36.529;FESX SI 20250620 CS;SIMPLE_INSTRUMENT;EFP_IDX;EUR;1;5336.00000000;800;EXCHANGE_LAST;;1;1;XEUR;7904020;675;
02.06.2025;12:50:47.454;FESX SI 20250620 CS;SIMPLE_INSTRUMENT;EFP_IDX;EUR;2;5336.00000000;800;EXCHANGE_LAST;;1;1;XEUR;7904020;675;
02.06.2025;15:44:54.272;FESX SI 20250620 CS;SIMPLE_INSTRUMENT;EFP_IDX;EUR;3;5357.00000000;20;EXCHANGE_LAST;;1;1;XEUR;7904020;675;
02.06.2025;15:45:11.684;FESX SI 20250620 CS;SIMPLE_INSTRUMENT;EFP_IDX;EUR;4;5358.00000000;280;EXCHANGE_LAST;;1;1;XEUR;7904020;675;
02.06.2025;15:41:10.483;FESX SI 20250620 CS;SIMPLE_INSTRUMENT;EFP_IDX;EUR;5;5357.00000000;95;EXCHANGE_LAST;;1;1;XEUR;7904020;675;
02.06.2025;15:41:10.483;FESX SI 20250620 CS;SIMPLE_INSTRUMENT;EFP_IDX;EUR;6;5358.00000000;405;EXCHANGE_LAST;;1;1;XEUR;7904020;675;
02.06.2025;15:42:41.341;FESX SI 20250620 CS;SIMPLE_INSTRUMENT;EFP_IDX;EUR;7;5357.00000000;346;EXCHANGE_LAST;;1;1;XEUR;7904020;675;
02.06.2025;15:42:47.729;FESX SI 20250620 CS;SIMPLE_INSTRUMENT;EFP_IDX;EUR;8;5358.00000000;754;EXCHANGE_LAST;;1;1;XEUR;7904020;675;
02.06.2025;15:50:39.097;FESX SI 20250620 CS;SIMPLE_INSTRUMENT;EFP_IDX;EUR;9;5359.00000000;21;EXCHANGE_LAST;;1;1;XEUR;7904020;675;
02.06.2025;15:50:47.068;FESX SI 20250620 CS;SIMPLE_INSTRUMENT;EFP_IDX;EUR;10;5358.00000000;328;EXCHANGE_LAST;;1;1;XEUR;7904020;675;
02.06.2025;15:49:34.632;FESX SI 20250620 CS;SIMPLE_INSTRUMENT;EFP_IDX;EUR;11;5358.00000000;655;EXCHANGE_LAST;;1;1;XEUR;7904020;675;
02.06.2025;15:49:45.952;FESX SI 20250620 CS;SIMPLE_INSTRUMENT;EFP_IDX;EUR;12;5357.00000000;45;EXCHANGE_LAST;;1;1;XEUR;7904020;675;
02.06.2025;15:49:52.371;FESX SI 20250620 CS;SIMPLE_INSTRUMENT;EFP_IDX;EUR;13;5358.00000000;374;EXCHANGE_LAST;;1;1;XEUR;7904020;675;
02.06.2025;15:49:58.061;FESX SI 20250620 CS;SIMPLE_INSTRUMENT;EFP_IDX;EUR;14;5357.00000000;26;EXCHANGE_LAST;;1;1;XEUR;7904020;675;
02.06.2025;15:50:05.177;FESX SI 20250620 CS;SIMPLE_INSTRUMENT;EFP_IDX;EUR;15;5358.00000000;280;EXCHANGE_LAST;;1;1;XEUR;7904020;675;
02.06.2025;15:50:11.535;FESX SI 20250620 CS;SIMPLE_INSTRUMENT;EFP_IDX;EUR;16;5357.00000000;20;EXCHANGE_LAST;;1;1;XEUR;7904020;675;
02.06.2025;15:49:00.683;FESX SI 20250620 CS;SIMPLE_INSTRUMENT;EFP_IDX;EUR;17;5358.00000000;92;EXCHANGE_LAST;;1;1;XEUR;7904020;675;
02.06.2025;15:49:17.242;FESX SI 20250620 CS;SIMPLE_INSTRUMENT;EFP_IDX;EUR;18;5357.00000000;15;EXCHANGE_LAST;;1;1;XEUR;7904020;675;
02.06.2025;15:52:43.198;FESX SI 20250620 CS;SIMPLE_INSTRUMENT;EFP_IDX;EUR;19;5357.00000000;13;EXCHANGE_LAST;;1;1;XEUR;7904020;675;
02.06.2025;15:52:50.126;FESX SI 20250620 CS;SIMPLE_INSTRUMENT;EFP_IDX;EUR;20;5358.00000000;187;EXCHANGE_LAST;;1;1;XEUR;7904020;675;
02.06.2025;07:55:22.292;FESX SI 20250620 CS;SIMPLE_INSTRUMENT;VOLA;EUR;637534225;5326.00000000;630;EXCHANGE_LAST;;1;1;XEUR;7904020;675;
02.06.2025;08:09:54.980;FESX SI 20250620 CS;SIMPLE_INSTRUMENT;VOLA;EUR;637534231;5330.00000000;228;EXCHANGE_LAST;;1;1;XEUR;7904020;675;
02.06.2025;08:32:50.664;FESX SI 20250620 CS;SIMPLE_INSTRUMENT;VOLA;EUR;637534238;5342.00000000;191;EXCHANGE_LAST;;1;1;XEUR;7904020;675;
02.06.2025;08:34:36.688;FESX SI 20250620 CS;SIMPLE_INSTRUMENT;VOLA;EUR;637534241;5341.00000000;1660;EXCHANGE_LAST;;1;1;XEUR;7904020;675;
02.06.2025;08:50:36.603;FESX SI 20250620 CS;SIMPLE_INSTRUMENT;VOLA;EUR;637534248;5350.00000000;73;EXCHANGE_LAST;;1;1;XEUR;7904020;675;
02.06.2025;09:33:21.072;FESX SI 20250620 CS;SIMPLE_INSTRUMENT;VOLA;EUR;637534258;5339.00000000;300;EXCHANGE_LAST;;1;1;XEUR;7904020;675;
02.06.2025;10:37:47.875;FESX SI 20250620 CS;SIMPLE_INSTRUMENT;VOLA;EUR;637534272;5323.00000000;390;EXCHANGE_LAST;;1;1;XEUR;7904020;675;
02.06.2025;11:34:54.407;FESX SI 20250620 CS;SIMPLE_INSTRUMENT;VOLA;EUR;637534276;5343.00000000;486;EXCHANGE_LAST;;1;1;XEUR;7904020;675;
02.06.2025;12:34:13.996;FESX SI 20250620 CS;SIMPLE_INSTRUMENT;VOLA;EUR;637534287;5338.00000000;435;EXCHANGE_LAST;;1;1;XEUR;7904020;675;
02.06.2025;08:29:45.920;FEXD SI 20251219 CS;SIMPLE_INSTRUMENT;BLOCK;EUR;1;164.90000000;500;EXCHANGE_LAST;;1;1;XEUR;1548120;693;
02.06.2025;13:03:34.073;FEXD SI 20261218 CS;SIMPLE_INSTRUMENT;BLOCK;EUR;11;154.80000000;300;EXCHANGE_LAST;;1;1;XEUR;2163053;693;
02.06.2025;13:03:47.297;FEXD SI 20261218 CS;SIMPLE_INSTRUMENT;BLOCK;EUR;12;154.90000000;300;EXCHANGE_LAST;;1;1;XEUR;2163053;693;
02.06.2025;13:46:07.982;FEXD SI 20261218 CS;SIMPLE_INSTRUMENT;BLOCK;EUR;16;155.00000000;150;EXCHANGE_LAST;;1;1;XEUR;2163053;693;
02.06.2025;13:46:29.420;FEXD SI 20261218 CS;SIMPLE_INSTRUMENT;BLOCK;EUR;17;154.90000000;150;EXCHANGE_LAST;;1;1;XEUR;2163053;693;
02.06.2025;11:28:25.040;FEXD SI 20281215 CS;SIMPLE_INSTRUMENT;VOLA;EUR;301989894;146.00000000;185;EXCHANGE_LAST;;1;1;XEUR;3680985;693;
02.06.2025;15:34:43.544;FFOX SI 20250619 CS;SIMPLE_INSTRUMENT;BLOCK;EUR;9;4731.20000000;100;EXCHANGE_LAST;;1;1;XEUR;11881292;695;
02.06.2025;15:36:35.535;FFOX SI 20250619 CS;SIMPLE_INSTRUMENT;BLOCK;EUR;10;4735.50000000;600;EXCHANGE_LAST;;1;1;XEUR;11881292;695;
02.06.2025;14:47:07.509;FGBC SI 20250620 CS;SIMPLE_INSTRUMENT;BLOCK;GBP;20;142.84000000;100;EXCHANGE_LAST;;1;1;XEUR;11949863;772679;
02.06.2025;07:04:21.854;FGBL SI 20250908 PS;SIMPLE_INSTRUMENT;EFS;EUR;1;130.93000000;424;EXCHANGE_LAST;;1;1;XEUR;12372482;688;
02.06.2025;07:06:11.959;FGBL.S.JUN25.SEP25.SPD;FUTURES_SPREAD;BLOCK;EUR;2;0.19000000;2088;EXCHANGE_LAST;;1;1;XEUR;72060548975427678;688;
02.06.2025;07:06:11.959;FGBL SI 20250908 PS;SIMPLE_INSTRUMENT;BLOCK;EUR;2;130.88000000;2088;PRC_DECOMP_EXCHANGE;;;;XEUR;12372482;688;EXCHANGE
02.06.2025;07:06:11.959;FGBL SI 20250606 PS;SIMPLE_INSTRUMENT;BLOCK;EUR;2;131.07000000;2088;PRC_DECOMP_EXCHANGE;;;;XEUR;11820389;688;EXCHANGE
02.06.2025;07:06:19.630;FGBL.S.JUN25.SEP25.SPD;FUTURES_SPREAD;BLOCK;EUR;3;0.20000000;2088;EXCHANGE_LAST;;1;1;XEUR;72060548975427678;688;
02.06.2025;07:06:19.630;FGBL SI 20250606 PS;SIMPLE_INSTRUMENT;BLOCK;EUR;3;131.08000000;2088;PRC_DECOMP_EXCHANGE;;;;XEUR;11820389;688;EXCHANGE
02.06.2025;07:06:19.630;FGBL SI 20250908 PS;SIMPLE_INSTRUMENT;BLOCK;EUR;3;130.88000000;2088;PRC_DECOMP_EXCHANGE;;;;XEUR;12372482;688;EXCHANGE
02.06.2025;07:06:40.933;FGBL SI 20250908 PS;SIMPLE_INSTRUMENT;EFS;EUR;4;130.92000000;424;EXCHANGE_LAST;;1;1;XEUR;12372482;688;
02.06.2025;07:21:34.990;FGBL SI 20250606 PS;SIMPLE_INSTRUMENT;EFS;EUR;5;130.98000000;217;EXCHANGE_LAST;;1;1;XEUR;11820389;688;
02.06.2025;07:25:32.760;FGBL SI 20250606 PS;SIMPLE_INSTRUMENT;EFS;EUR;6;131.01000000;244;EXCHANGE_LAST;;1;1;XEUR;11820389;688;
02.06.2025;07:31:29.047;FGBL SI 20250606 PS;SIMPLE_INSTRUMENT;EFS;EUR;7;130.87000000;435;EXCHANGE_LAST;;1;1;XEUR;11820389;688;
02.06.2025;07:32:56.467;FGBL SI 20250606 PS;SIMPLE_INSTRUMENT;EFS;EUR;8;130.91000000;435;EXCHANGE_LAST;;1;1;XEUR;11820389;688;
02.06.2025;07:33:31.497;FGBL SI 20250606 PS;SIMPLE_INSTRUMENT;EFS;EUR;9;130.88000000;217;EXCHANGE_LAST;;1;1;XEUR;11820389;688;
02.06.2025;07:34:12.886;FGBL SI 20250606 PS;SIMPLE_INSTRUMENT;EFS;EUR;10;130.89000000;435;EXCHANGE_LAST;;1;1;XEUR;11820389;688;
02.06.2025;07:35:08.649;FGBL SI 20250606 PS;SIMPLE_INSTRUMENT;EFS;EUR;11;130.93000000;435;EXCHANGE_LAST;;1;1;XEUR;11820389;688;
02.06.2025;07:38:46.777;FGBL SI 20250908 PS;SIMPLE_INSTRUMENT;EFS;EUR;12;130.68000000;50;EXCHANGE_LAST;;1;1;XEUR;12372482;688;
02.06.2025;07:39:12.550;FGBL SI 20250606 PS;SIMPLE_INSTRUMENT;EFS;EUR;13;130.89000000;435;EXCHANGE_LAST;;1;1;XEUR;11820389;688;
02.06.2025;07:43:54.963;FGBL SI 20250606 PS;SIMPLE_INSTRUMENT;EFS;EUR;14;130.91000000;217;EXCHANGE_LAST;;1;1;XEUR;11820389;688;
02.06.2025;07:45:28.436;FGBL SI 20250908 PS;SIMPLE_INSTRUMENT;BLOCK;EUR;15;130.69000000;11720;EXCHANGE_LAST;;1;1;XEUR;12372482;688;
02.06.2025;07:45:42.318;FGBL SI 20250606 PS;SIMPLE_INSTRUMENT;EFS;EUR;16;130.88000000;337;EXCHANGE_LAST;;1;1;XEUR;11820389;688;
02.06.2025;07:45:46.319;FGBL SI 20250908 PS;SIMPLE_INSTRUMENT;EFS;EUR;17;130.73000000;334;EXCHANGE_LAST;;1;1;XEUR;12372482;688;
02.06.2025;07:46:21.816;FGBL SI 20250908 PS;SIMPLE_INSTRUMENT;BLOCK;EUR;18;130.69000000;4499;EXCHANGE_LAST;;1;1;XEUR;12372482;688;
02.06.2025;07:47:31.896;FGBL SI 20250908 PS;SIMPLE_INSTRUMENT;EFS;EUR;19;130.68000000;212;EXCHANGE_LAST;;1;1;XEUR;12372482;688;
02.06.2025;07:48:13.008;FGBL SI 20250606 PS;SIMPLE_INSTRUMENT;BLOCK;EUR;20;130.88000000;5928;EXCHANGE_LAST;;1;1;XEUR;11820389;688;
02.06.2025;07:48:40.392;FGBL SI 20250606 PS;SIMPLE_INSTRUMENT;BLOCK;EUR;21;130.89000000;5928;EXCHANGE_LAST;;1;1;XEUR;11820389;688;
02.06.2025;07:49:39.111;FGBL SI 20250606 PS;SIMPLE_INSTRUMENT;EFS;EUR;22;130.91000000;858;EXCHANGE_LAST;;1;1;XEUR;11820389;688;
02.06.2025;07:50:13.112;FGBL SI 20250606 PS;SIMPLE_INSTRUMENT;BLOCK;EUR;23;130.88000000;2249;EXCHANGE_LAST;;1;1;XEUR;11820389;688;
02.06.2025;07:50:19.821;FGBL SI 20250606 PS;SIMPLE_INSTRUMENT;BLOCK;EUR;24;130.89000000;2250;EXCHANGE_LAST;;1;1;XEUR;11820389;688;
02.06.2025;07:50:50.334;FGBL SI 20250606 PS;SIMPLE_INSTRUMENT;EFS;EUR;25;130.92000000;86;EXCHANGE_LAST;;1;1;XEUR;11820389;688;
02.06.2025;07:51:40.292;FGBL SI 20250606 PS;SIMPLE_INSTRUMENT;EFS;EUR;26;130.82000000;435;EXCHANGE_LAST;;1;1;XEUR;11820389;688;
02.06.2025;07:54:25.952;FGBL.S.JUN25.SEP25.SPD;FUTURES_SPREAD;BLOCK;EUR;27;0.19000000;2663;EXCHANGE_LAST;;1;1;XEUR;72060548975427678;688;
02.06.2025;07:54:25.952;FGBL SI 20250606 PS;SIMPLE_INSTRUMENT;BLOCK;EUR;27;130.84000000;2663;PRC_DECOMP_EXCHANGE;;;;XEUR;11820389;688;EXCHANGE
02.06.2025;07:54:25.952;FGBL SI 20250908 PS;SIMPLE_INSTRUMENT;BLOCK;EUR;27;130.65000000;2663;PRC_DECOMP_EXCHANGE;;;;XEUR;12372482;688;EXCHANGE
02.06.2025;07:54:30.953;FGBL.S.JUN25.SEP25.SPD;FUTURES_SPREAD;BLOCK;EUR;28;0.20000000;2664;EXCHANGE_LAST;;1;1;XEUR;72060548975427678;688;
02.06.2025;07:54:30.953;FGBL SI 20250606 PS;SIMPLE_INSTRUMENT;BLOCK;EUR;28;130.84000000;2664;PRC_DECOMP_EXCHANGE;;;;XEUR;11820389;688;EXCHANGE
02.06.2025;07:54:30.953;FGBL SI 20250908 PS;SIMPLE_INSTRUMENT;BLOCK;EUR;28;130.64000000;2664;PRC_DECOMP_EXCHANGE;;;;XEUR;12372482;688;EXCHANGE
02.06.2025;07:53:06.338;FGBL SI 20250606 PS;SIMPLE_INSTRUMENT;EFS;EUR;29;130.81000000;244;EXCHANGE_LAST;;1;1;XEUR;11820389;688;
02.06.2025;07:53:14.735;FGBL SI 20250606 PS;SIMPLE_INSTRUMENT;EFS;EUR;30;130.82000000;217;EXCHANGE_LAST;;1;1;XEUR;11820389;688;
02.06.2025;08:00:13.399;FGBL SI 20250606 PS;SIMPLE_INSTRUMENT;EFS;EUR;31;130.90000000;735;EXCHANGE_LAST;;1;1;XEUR;11820389;688;
02.06.2025;08:01:11.670;FGBL SI 20250908 PS;SIMPLE_INSTRUMENT;EFS;EUR;32;130.71000000;727;EXCHANGE_LAST;;1;1;XEUR;12372482;688;
02.06.2025;08:16:20.906;FGBL SI 20250606 PS;SIMPLE_INSTRUMENT;EFS;EUR;33;130.79000000;302;EXCHANGE_LAST;;1;1;XEUR;11820389;688;
02.06.2025;08:16:20.422;FGBL SI 20250606 PS;SIMPLE_INSTRUMENT;BLOCK;EUR;34;130.79000000;5012;EXCHANGE_LAST;;1;1;XEUR;11820389;688;
02.06.2025;08:16:50.799;FGBL SI 20250606 PS;SIMPLE_INSTRUMENT;BLOCK;EUR;35;130.79000000;5446;EXCHANGE_LAST;;1;1;XEUR;11820389;688;
02.06.2025;08:17:50.415;FGBL SI 20250908 PS;SIMPLE_INSTRUMENT;BLOCK;EUR;36;130.60000000;5259;EXCHANGE_LAST;;1;1;XEUR;12372482;688;
02.06.2025;08:18:25.792;FGBL SI 20250908 PS;SIMPLE_INSTRUMENT;BLOCK;EUR;37;130.60000000;2420;EXCHANGE_LAST;;1;1;XEUR;12372482;688;
02.06.2025;08:18:32.886;FGBL SI 20250908 PS;SIMPLE_INSTRUMENT;BLOCK;EUR;38;130.59000000;2420;EXCHANGE_LAST;;1;1;XEUR;12372482;688;
02.06.2025;08:23:16.929;FGBL SI 20250606 PS;SIMPLE_INSTRUMENT;EFS;EUR;39;130.86000000;648;EXCHANGE_LAST;;1;1;XEUR;11820389;688;
02.06.2025;08:25:44.076;FGBL SI 20250606 PS;SIMPLE_INSTRUMENT;EFS;EUR;40;130.83000000;435;EXCHANGE_LAST;;1;1;XEUR;11820389;688;
02.06.2025;08:26:00.668;FGBL SI 20250606 PS;SIMPLE_INSTRUMENT;EFS;EUR;41;130.92000000;643;EXCHANGE_LAST;;1;1;XEUR;11820389;688;
02.06.2025;08:26:28.780;FGBL SI 20250606 PS;SIMPLE_INSTRUMENT;EFS;EUR;42;130.83000000;435;EXCHANGE_LAST;;1;1;XEUR;11820389;688;
02.06.2025;08:34:20.606;FGBL SI 20250606 PS;SIMPLE_INSTRUMENT;EFS;EUR;43;130.82000000;652;EXCHANGE_LAST;;1;1;XEUR;11820389;688;
02.06.2025;08:34:56.864;FGBL SI 20250606 PS;SIMPLE_INSTRUMENT;EFP_FIN;EUR;44;130.82000000;374;EXCHANGE_LAST;;1;1;XEUR;11820389;688;
02.06.2025;08:35:30.646;FGBL SI 20250606 PS;SIMPLE_INSTRUMENT;BLOCK;EUR;45;130.81000000;2501;EXCHANGE_LAST;;1;1;XEUR;11820389;688;
02.06.2025;08:36:15.814;FGBL SI 20250606 PS;SIMPLE_INSTRUMENT;EFS;EUR;46;130.80000000;435;EXCHANGE_LAST;;1;1;XEUR;11820389;688;
02.06.2025;08:36:23.761;FGBL SI 20250908 PS;SIMPLE_INSTRUMENT;BLOCK;EUR;47;130.61000000;2411;EXCHANGE_LAST;;1;1;XEUR;12372482;688;
02.06.2025;08:37:14.839;FGBL SI 20250606 PS;SIMPLE_INSTRUMENT;BLOCK;EUR;48;130.75000000;5239;EXCHANGE_LAST;;1;1;XEUR;11820389;688;
02.06.2025;08:38:20.095;FGBL SI 20250908 PS;SIMPLE_INSTRUMENT;BLOCK;EUR;49;130.55000000;2619;EXCHANGE_LAST;;1;1;XEUR;12372482;688;
02.06.2025;08:38:20.115;FGBL SI 20250908 PS;SIMPLE_INSTRUMENT;BLOCK;EUR;50;130.56000000;2620;EXCHANGE_LAST;;1;1;XEUR;12372482;688;
02.06.2025;08:38:45.534;FGBL SI 20250606 PS;SIMPLE_INSTRUMENT;EFS;EUR;51;130.82000000;300;EXCHANGE_LAST;;1;1;XEUR;11820389;688;
02.06.2025;08:42:15.141;FGBL SI 20250606 PS;SIMPLE_INSTRUMENT;EFS;EUR;52;130.82000000;240;EXCHANGE_LAST;;1;1;XEUR;11820389;688;
02.06.2025;08:45:47.013;FGBL SI 20250606 PS;SIMPLE_INSTRUMENT;EFP_FIN;EUR;53;130.74000000;465;EXCHANGE_LAST;;1;1;XEUR;11820389;688;
02.06.2025;08:49:27.735;FGBL SI 20250908 PS;SIMPLE_INSTRUMENT;EFS;EUR;54;130.68000000;200;EXCHANGE_LAST;;1;1;XEUR;12372482;688;
02.06.2025;08:51:13.741;FGBL SI 20250908 PS;SIMPLE_INSTRUMENT;EFS;EUR;55;130.67000000;980;EXCHANGE_LAST;;1;1;XEUR;12372482;688;
02.06.2025;08:52:18.744;FGBL SI 20250606 PS;SIMPLE_INSTRUMENT;EFS;EUR;56;130.87000000;989;EXCHANGE_LAST;;1;1;XEUR;11820389;688;
02.06.2025;08:56:18.414;FGBL SI 20250606 PS;SIMPLE_INSTRUMENT;EFS;EUR;57;130.75000000;233;EXCHANGE_LAST;;1;1;XEUR;11820389;688;
02.06.2025;08:56:49.866;FGBL SI 20250908 PS;SIMPLE_INSTRUMENT;EFS;EUR;58;130.54000000;231;EXCHANGE_LAST;;1;1;XEUR;12372482;688;
02.06.2025;08:59:22.104;FGBL SI 20250606 PS;SIMPLE_INSTRUMENT;BLOCK;EUR;60;130.78000000;8397;EXCHANGE_LAST;;1;1;XEUR;11820389;688;
02.06.2025;09:01:19.867;FGBL.S.JUN25.SEP25.SPD;FUTURES_SPREAD;BLOCK;EUR;61;0.19000000;2770;EXCHANGE_LAST;;1;1;XEUR;72060548975427678;688;
02.06.2025;09:01:19.867;FGBL SI 20250606 PS;SIMPLE_INSTRUMENT;BLOCK;EUR;61;130.80000000;2770;PRC_DECOMP_EXCHANGE;;;;XEUR;11820389;688;EXCHANGE
02.06.2025;09:01:19.867;FGBL SI 20250908 PS;SIMPLE_INSTRUMENT;BLOCK;EUR;61;130.61000000;2770;PRC_DECOMP_EXCHANGE;;;;XEUR;12372482;688;EXCHANGE
02.06.2025;08:59:41.289;FGBL SI 20250908 PS;SIMPLE_INSTRUMENT;BLOCK;EUR;62;130.59000000;4198;EXCHANGE_LAST;;1;1;XEUR;12372482;688;
02.06.2025;08:59:57.773;FGBL SI 20250908 PS;SIMPLE_INSTRUMENT;BLOCK;EUR;63;130.58000000;4199;EXCHANGE_LAST;;1;1;XEUR;12372482;688;
02.06.2025;09:03:11.536;FGBL SI 20250908 PS;SIMPLE_INSTRUMENT;EFS;EUR;64;130.60000000;213;EXCHANGE_LAST;;1;1;XEUR;12372482;688;
02.06.2025;09:03:32.892;FGBL SI 20250606 PS;SIMPLE_INSTRUMENT;EFS;EUR;65;130.74000000;859;EXCHANGE_LAST;;1;1;XEUR;11820389;688;
02.06.2025;09:04:27.724;FGBL SI 20250908 PS;SIMPLE_INSTRUMENT;EFS;EUR;66;130.53000000;851;EXCHANGE_LAST;;1;1;XEUR;12372482;688;
02.06.2025;09:06:15.399;FGBL SI 20250606 PS;SIMPLE_INSTRUMENT;EFS;EUR;67;130.76000000;218;EXCHANGE_LAST;;1;1;XEUR;11820389;688;
02.06.2025;09:12:45.695;FGBL SI 20250606 PS;SIMPLE_INSTRUMENT;EFS;EUR;68;130.79000000;100;EXCHANGE_LAST;;1;1;XEUR;11820389;688;
02.06.2025;09:13:01.311;FGBL SI 20250606 PS;SIMPLE_INSTRUMENT;EFS;EUR;69;130.79000000;435;EXCHANGE_LAST;;1;1;XEUR;11820389;688;
02.06.2025;09:13:35.736;FGBL SI 20250606 PS;SIMPLE_INSTRUMENT;EFP_FIN;EUR;70;130.79000000;500;EXCHANGE_LAST;;1;1;XEUR;11820389;688;
02.06.2025;09:14:13.364;FGBL SI 20250908 PS;SIMPLE_INSTRUMENT;EFP_FIN;EUR;71;130.58000000;500;EXCHANGE_LAST;;1;1;XEUR;12372482;688;
02.06.2025;09:16:55.436;FGBL SI 20250606 PS;SIMPLE_INSTRUMENT;EFP_FIN;EUR;72;130.78000000;489;EXCHANGE_LAST;;1;1;XEUR;11820389;688;
02.06.2025;09:18:31.776;FGBL SI 20250606 PS;SIMPLE_INSTRUMENT;EFS;EUR;73;130.80000000;980;EXCHANGE_LAST;;1;1;XEUR;11820389;688;
02.06.2025;09:18:31.755;FGBL SI 20250908 PS;SIMPLE_INSTRUMENT;EFS;EUR;74;130.60000000;971;EXCHANGE_LAST;;1;1;XEUR;12372482;688;
02.06.2025;09:19:00.941;FGBL SI 20250606 PS;SIMPLE_INSTRUMENT;EFS;EUR;75;130.79000000;435;EXCHANGE_LAST;;1;1;XEUR;11820389;688;
02.06.2025;09:19:54.460;FGBL SI 20250606 PS;SIMPLE_INSTRUMENT;BLOCK;EUR;76;130.92000000;2800;EXCHANGE_LAST;;1;1;XEUR;11820389;688;
02.06.2025;09:20:41.008;FGBL SI 20250908 PS;SIMPLE_INSTRUMENT;BLOCK;EUR;77;130.73000000;2700;EXCHANGE_LAST;;1;1;XEUR;12372482;688;
02.06.2025;09:20:57.127;FGBL SI 20250606 PS;SIMPLE_INSTRUMENT;EFS;EUR;78;130.78000000;435;EXCHANGE_LAST;;1;1;XEUR;11820389;688;
02.06.2025;09:22:20.933;FGBL SI 20250606 PS;SIMPLE_INSTRUMENT;EFS;EUR;79;130.78000000;435;EXCHANGE_LAST;;1;1;XEUR;11820389;688;
02.06.2025;09:24:19.764;FGBL SI 20250606 PS;SIMPLE_INSTRUMENT;BLOCK;EUR;80;130.92000000;2800;EXCHANGE_LAST;;1;1;XEUR;11820389;688;
02.06.2025;09:24:33.627;FGBL SI 20250908 PS;SIMPLE_INSTRUMENT;BLOCK;EUR;81;130.73000000;2700;EXCHANGE_LAST;;1;1;XEUR;12372482;688;
02.06.2025;09:25:58.723;FGBL.S.JUN25.SEP25.SPD;FUTURES_SPREAD;BLOCK;EUR;82;0.19000000;2000;EXCHANGE_LAST;;1;1;XEUR;72060548975427678;688;
02.06.2025;09:25:58.723;FGBL SI 20250908 PS;SIMPLE_INSTRUMENT;BLOCK;EUR;82;130.59000000;2000;PRC_DECOMP_EXCHANGE;;;;XEUR;12372482;688;EXCHANGE
02.06.2025;09:25:58.723;FGBL SI 20250606 PS;SIMPLE_INSTRUMENT;BLOCK;EUR;82;130.78000000;2000;PRC_DECOMP_EXCHANGE;;;;XEUR;11820389;688;EXCHANGE
02.06.2025;09:25:48.722;FGBL.S.JUN25.SEP25.SPD;FUTURES_SPREAD;BLOCK;EUR;83;0.20000000;2000;EXCHANGE_LAST;;1;1;XEUR;72060548975427678;688;
02.06.2025;09:25:48.722;FGBL SI 20250908 PS;SIMPLE_INSTRUMENT;BLOCK;EUR;83;130.59000000;2000;PRC_DECOMP_EXCHANGE;;;;XEUR;12372482;688;EXCHANGE
02.06.2025;09:25:48.722;FGBL SI 20250606 PS;SIMPLE_INSTRUMENT;BLOCK;EUR;83;130.79000000;2000;PRC_DECOMP_EXCHANGE;;;;XEUR;11820389;688;EXCHANGE
02.06.2025;09:30:00.684;FGBL SI 20250908 PS;SIMPLE_INSTRUMENT;EFS;EUR;84;130.57000000;298;EXCHANGE_LAST;;1;1;XEUR;12372482;688;
02.06.2025;09:30:07.469;FGBL SI 20250606 PS;SIMPLE_INSTRUMENT;EFS;EUR;85;130.80000000;218;EXCHANGE_LAST;;1;1;XEUR;11820389;688;
02.06.2025;09:30:42.493;FGBL SI 20250606 PS;SIMPLE_INSTRUMENT;EFS;EUR;86;130.80000000;218;EXCHANGE_LAST;;1;1;XEUR;11820389;688;
02.06.2025;09:31:34.072;FGBL SI 20250606 PS;SIMPLE_INSTRUMENT;EFP_FIN;EUR;87;130.78000000;997;EXCHANGE_LAST;;1;1;XEUR;11820389;688;
02.06.2025;09:31:08.724;FGBL SI 20250606 PS;SIMPLE_INSTRUMENT;EFS;EUR;88;130.76000000;262;EXCHANGE_LAST;;1;1;XEUR;11820389;688;
02.06.2025;09:31:42.156;FGBL SI 20250606 PS;SIMPLE_INSTRUMENT;EFP_FIN;EUR;89;130.79000000;208;EXCHANGE_LAST;;1;1;XEUR;11820389;688;
02.06.2025;09:31:45.597;FGBL SI 20250606 PS;SIMPLE_INSTRUMENT;EFS;EUR;90;130.78000000;1743;EXCHANGE_LAST;;1;1;XEUR;11820389;688;
02.06.2025;09:31:47.552;FGBL SI 20250606 PS;SIMPLE_INSTRUMENT;EFS;EUR;91;130.78000000;435;EXCHANGE_LAST;;1;1;XEUR;11820389;688;
02.06.2025;09:32:36.148;FGBL SI 20250606 PS;SIMPLE_INSTRUMENT;EFP_FIN;EUR;92;130.81000000;236;EXCHANGE_LAST;;1;1;XEUR;11820389;688;
02.06.2025;09:32:51.302;FGBL SI 20250908 PS;SIMPLE_INSTRUMENT;EFS;EUR;93;130.58000000;1772;EXCHANGE_LAST;;1;1;XEUR;12372482;688;
02.06.2025;09:36:46.316;FGBL SI 20250606 PS;SIMPLE_INSTRUMENT;EFS;EUR;94;130.83000000;435;EXCHANGE_LAST;;1;1;XEUR;11820389;688;
02.06.2025;09:37:56.831;FGBL SI 20250606 PS;SIMPLE_INSTRUMENT;EFS;EUR;95;130.83000000;435;EXCHANGE_LAST;;1;1;XEUR;11820389;688;
02.06.2025;09:39:25.459;FGBL SI 20250606 PS;SIMPLE_INSTRUMENT;EFS;EUR;96;130.80000000;99;EXCHANGE_LAST;;1;1;XEUR;11820389;688;
02.06.2025;09:39:47.903;FGBL SI 20250606 PS;SIMPLE_INSTRUMENT;EFS;EUR;97;130.81000000;217;EXCHANGE_LAST;;1;1;XEUR;11820389;688;
02.06.2025;09:41:34.667;FGBL SI 20250606 PS;SIMPLE_INSTRUMENT;EFS;EUR;98;130.81000000;435;EXCHANGE_LAST;;1;1;XEUR;11820389;688;
02.06.2025;09:41:45.685;FGBL SI 20250606 PS;SIMPLE_INSTRUMENT;EFP_FIN;EUR;99;130.77000000;748;EXCHANGE_LAST;;1;1;XEUR;11820389;688;
02.06.2025;09:42:30.723;FGBL SI 20250908 PS;SIMPLE_INSTRUMENT;EFS;EUR;100;130.61000000;849;EXCHANGE_LAST;;1;1;XEUR;12372482;688;
02.06.2025;09:42:30.723;FGBL SI 20250908 PS;SIMPLE_INSTRUMENT;EFS;EUR;101;130.61000000;484;EXCHANGE_LAST;;1;1;XEUR;12372482;688;
02.06.2025;09:43:23.727;FGBL SI 20250606 PS;SIMPLE_INSTRUMENT;EFS;EUR;102;130.81000000;217;EXCHANGE_LAST;;1;1;XEUR;11820389;688;
02.06.2025;09:45:09.598;FGBL SI 20250606 PS;SIMPLE_INSTRUMENT;EFS;EUR;103;130.82000000;217;EXCHANGE_LAST;;1;1;XEUR;11820389;688;
02.06.2025;09:45:37.882;FGBL SI 20250606 PS;SIMPLE_INSTRUMENT;EFS;EUR;104;130.82000000;217;EXCHANGE_LAST;;1;1;XEUR;11820389;688;
02.06.2025;09:45:59.229;FGBL SI 20250606 PS;SIMPLE_INSTRUMENT;EFS;EUR;105;130.84000000;435;EXCHANGE_LAST;;1;1;XEUR;11820389;688;
02.06.2025;09:46:05.387;FGBL SI 20250606 PS;SIMPLE_INSTRUMENT;EFS;EUR;106;130.87000000;642;EXCHANGE_LAST;;1;1;XEUR;11820389;688;
02.06.2025;09:49:27.836;FGBL SI 20250606 PS;SIMPLE_INSTRUMENT;EFS;EUR;107;130.84000000;217;EXCHANGE_LAST;;1;1;XEUR;11820389;688;
02.06.2025;09:50:08.879;FGBL SI 20250606 PS;SIMPLE_INSTRUMENT;EFS;EUR;108;130.84000000;435;EXCHANGE_LAST;;1;1;XEUR;11820389;688;
02.06.2025;09:51:38.272;FGBL SI 20250606 PS;SIMPLE_INSTRUMENT;EFS;EUR;109;130.84000000;100;EXCHANGE_LAST;;1;1;XEUR;11820389;688;
02.06.2025;09:54:18.803;FGBL SI 20250606 PS;SIMPLE_INSTRUMENT;EFS;EUR;110;130.79000000;1296;EXCHANGE_LAST;;1;1;XEUR;11820389;688;
02.06.2025;09:53:34.146;FGBL SI 20250606 PS;SIMPLE_INSTRUMENT;EFS;EUR;111;130.85000000;435;EXCHANGE_LAST;;1;1;XEUR;11820389;688;
02.06.2025;09:54:01.802;FGBL SI 20250908 PS;SIMPLE_INSTRUMENT;EFS;EUR;112;130.60000000;1276;EXCHANGE_LAST;;1;1;XEUR;12372482;688;
02.06.2025;09:55:03.792;FGBL SI 20250606 PS;SIMPLE_INSTRUMENT;EFS;EUR;113;130.84000000;217;EXCHANGE_LAST;;1;1;XEUR;11820389;688;
02.06.2025;09:55:37.004;FGBL SI 20250606 PS;SIMPLE_INSTRUMENT;EFS;EUR;114;130.84000000;217;EXCHANGE_LAST;;1;1;XEUR;11820389;688;
02.06.2025;10:03:43.686;FGBL SI 20250606 PS;SIMPLE_INSTRUMENT;EFS;EUR;115;130.80000000;300;EXCHANGE_LAST;;1;1;XEUR;11820389;688;
02.06.2025;10:06:00.055;FGBL SI 20250606 PS;SIMPLE_INSTRUMENT;EFS;EUR;116;130.84000000;435;EXCHANGE_LAST;;1;1;XEUR;11820389;688;
02.06.2025;10:06:23.016;FGBL SI 20250606 PS;SIMPLE_INSTRUMENT;EFP_FIN;EUR;117;130.84000000;61;EXCHANGE_LAST;;1;1;XEUR;11820389;688;
02.06.2025;10:15:27.488;FGBL SI 20250606 PS;SIMPLE_INSTRUMENT;BLOCK;EUR;120;130.86000000;4084;EXCHANGE_LAST;;1;1;XEUR;11820389;688;
02.06.2025;10:15:01.423;FGBL SI 20250606 PS;SIMPLE_INSTRUMENT;EFS;EUR;121;130.86000000;217;EXCHANGE_LAST;;1;1;XEUR;11820389;688;
02.06.2025;10:15:21.438;FGBL SI 20250606 PS;SIMPLE_INSTRUMENT;EFS;EUR;122;130.86000000;217;EXCHANGE_LAST;;1;1;XEUR;11820389;688;
02.06.2025;10:15:47.393;FGBL SI 20250908 PS;SIMPLE_INSTRUMENT;BLOCK;EUR;123;130.67000000;2042;EXCHANGE_LAST;;1;1;XEUR;12372482;688;
02.06.2025;10:16:00.211;FGBL SI 20250908 PS;SIMPLE_INSTRUMENT;BLOCK;EUR;124;130.66000000;2042;EXCHANGE_LAST;;1;1;XEUR;12372482;688;
02.06.2025;10:19:41.158;FGBL SI 20250606 PS;SIMPLE_INSTRUMENT;BLOCK;EUR;125;130.85000000;4000;EXCHANGE_LAST;;1;1;XEUR;11820389;688;
02.06.2025;10:19:55.352;FGBL SI 20250606 PS;SIMPLE_INSTRUMENT;BLOCK;EUR;126;130.86000000;12027;EXCHANGE_LAST;;1;1;XEUR;11820389;688;
02.06.2025;10:20:14.857;FGBL SI 20250908 PS;SIMPLE_INSTRUMENT;BLOCK;EUR;127;130.65000000;2000;EXCHANGE_LAST;;1;1;XEUR;12372482;688;
02.06.2025;10:20:32.085;FGBL SI 20250908 PS;SIMPLE_INSTRUMENT;BLOCK;EUR;128;130.66000000;2000;EXCHANGE_LAST;;1;1;XEUR;12372482;688;
02.06.2025;10:21:16.296;FGBL SI 20250908 PS;SIMPLE_INSTRUMENT;BLOCK;EUR;129;130.66000000;5779;EXCHANGE_LAST;;1;1;XEUR;12372482;688;
02.06.2025;10:21:24.044;FGBL SI 20250908 PS;SIMPLE_INSTRUMENT;BLOCK;EUR;130;130.67000000;5780;EXCHANGE_LAST;;1;1;XEUR;12372482;688;
02.06.2025;10:22:28.442;FGBL.S.JUN25.SEP25.SPD;FUTURES_SPREAD;BLOCK;EUR;131;0.20000000;3047;EXCHANGE_LAST;;1;1;XEUR;72060548975427678;688;
02.06.2025;10:22:28.442;FGBL SI 20250908 PS;SIMPLE_INSTRUMENT;BLOCK;EUR;131;130.65000000;3047;PRC_DECOMP_MEMBER;;;;XEUR;12372482;688;MEMBER
02.06.2025;10:22:28.442;FGBL SI 20250606 PS;SIMPLE_INSTRUMENT;BLOCK;EUR;131;130.85000000;3047;PRC_DECOMP_MEMBER;;;;XEUR;11820389;688;MEMBER
02.06.2025;10:26:56.806;FGBL SI 20250606 PS;SIMPLE_INSTRUMENT;EFS;EUR;132;130.85000000;1952;EXCHANGE_LAST;;1;1;XEUR;11820389;688;
02.06.2025;10:31:37.755;FGBL SI 20250606 PS;SIMPLE_INSTRUMENT;EFS;EUR;133;130.93000000;178;EXCHANGE_LAST;;1;1;XEUR;11820389;688;
02.06.2025;10:33:22.625;FGBL SI 20250908 PS;SIMPLE_INSTRUMENT;EFS;EUR;134;130.65000000;1934;EXCHANGE_LAST;;1;1;XEUR;12372482;688;
02.06.2025;10:35:07.873;FGBL SI 20250606 PS;SIMPLE_INSTRUMENT;EFS;EUR;135;130.90000000;1724;EXCHANGE_LAST;;1;1;XEUR;11820389;688;
02.06.2025;10:36:16.952;FGBL SI 20250908 PS;SIMPLE_INSTRUMENT;EFS;EUR;136;130.71000000;1752;EXCHANGE_LAST;;1;1;XEUR;12372482;688;
02.06.2025;10:37:38.740;FGBL SI 20250908 PS;SIMPLE_INSTRUMENT;EFS;EUR;137;130.72000000;212;EXCHANGE_LAST;;1;1;XEUR;12372482;688;
02.06.2025;10:39:35.823;FGBL SI 20250606 PS;SIMPLE_INSTRUMENT;EFP_FIN;EUR;138;130.96000000;534;EXCHANGE_LAST;;1;1;XEUR;11820389;688;
02.06.2025;10:42:22.750;FGBL SI 20250606 PS;SIMPLE_INSTRUMENT;EFS;EUR;139;130.96000000;1952;EXCHANGE_LAST;;1;1;XEUR;11820389;688;
02.06.2025;10:43:23.336;FGBL SI 20250908 PS;SIMPLE_INSTRUMENT;EFS;EUR;140;130.77000000;1934;EXCHANGE_LAST;;1;1;XEUR;12372482;688;
02.06.2025;10:57:32.268;FGBL SI 20250606 PS;SIMPLE_INSTRUMENT;EFS;EUR;141;130.95000000;507;EXCHANGE_LAST;;1;1;XEUR;11820389;688;
02.06.2025;10:57:37.275;FGBL SI 20250606 PS;SIMPLE_INSTRUMENT;EFS;EUR;142;130.96000000;435;EXCHANGE_LAST;;1;1;XEUR;11820389;688;
02.06.2025;10:58:49.792;FGBL SI 20250606 PS;SIMPLE_INSTRUMENT;EFP_FIN;EUR;143;130.96000000;326;EXCHANGE_LAST;;1;1;XEUR;11820389;688;
02.06.2025;10:59:41.631;FGBL SI 20250606 PS;SIMPLE_INSTRUMENT;EFP_FIN;EUR;144;130.97000000;564;EXCHANGE_LAST;;1;1;XEUR;11820389;688;
02.06.2025;11:01:11.651;FGBL SI 20250908 PS;SIMPLE_INSTRUMENT;EFS;EUR;146;130.67000000;396;EXCHANGE_LAST;;1;1;XEUR;12372482;688;
02.06.2025;11:03:46.524;FGBL SI 20250606 PS;SIMPLE_INSTRUMENT;EFS;EUR;147;130.87000000;400;EXCHANGE_LAST;;1;1;XEUR;11820389;688;
02.06.2025;11:09:15.733;FGBL SI 20250606 PS;SIMPLE_INSTRUMENT;EFP_FIN;EUR;148;130.98000000;116;EXCHANGE_LAST;;1;1;XEUR;11820389;688;
02.06.2025;11:10:01.223;FGBL SI 20250606 PS;SIMPLE_INSTRUMENT;BLOCK;EUR;149;130.95000000;2078;EXCHANGE_LAST;;1;1;XEUR;11820389;688;
02.06.2025;11:10:10.740;FGBL SI 20250606 PS;SIMPLE_INSTRUMENT;BLOCK;EUR;150;130.95000000;4000;EXCHANGE_LAST;;1;1;XEUR;11820389;688;
02.06.2025;11:10:51.168;FGBL SI 20250908 PS;SIMPLE_INSTRUMENT;BLOCK;EUR;151;130.75000000;2000;EXCHANGE_LAST;;1;1;XEUR;12372482;688;
02.06.2025;11:11:29.849;FGBL SI 20250908 PS;SIMPLE_INSTRUMENT;BLOCK;EUR;152;130.76000000;2000;EXCHANGE_LAST;;1;1;XEUR;12372482;688;
02.06.2025;11:11:44.552;FGBL SI 20250908 PS;SIMPLE_INSTRUMENT;EFS;EUR;153;130.79000000;213;EXCHANGE_LAST;;1;1;XEUR;12372482;688;
02.06.2025;11:12:23.533;FGBL SI 20250606 PS;SIMPLE_INSTRUMENT;EFP_FIN;EUR;154;130.98000000;195;EXCHANGE_LAST;;1;1;XEUR;11820389;688;
02.06.2025;11:17:58.539;FGBL SI 20250606 PS;SIMPLE_INSTRUMENT;BLOCK;EUR;155;130.95000000;7412;EXCHANGE_LAST;;1;1;XEUR;11820389;688;
02.06.2025;11:18:50.033;FGBL SI 20250908 PS;SIMPLE_INSTRUMENT;BLOCK;EUR;156;130.75000000;3551;EXCHANGE_LAST;;1;1;XEUR;12372482;688;
02.06.2025;11:19:24.218;FGBL SI 20250908 PS;SIMPLE_INSTRUMENT;BLOCK;EUR;157;130.76000000;3552;EXCHANGE_LAST;;1;1;XEUR;12372482;688;
02.06.2025;11:20:01.922;FGBL SI 20250606 PS;SIMPLE_INSTRUMENT;EFS;EUR;158;130.95000000;979;EXCHANGE_LAST;;1;1;XEUR;11820389;688;
02.06.2025;11:24:04.418;FGBL SI 20250606 PS;SIMPLE_INSTRUMENT;EFS;EUR;159;131.00000000;217;EXCHANGE_LAST;;1;1;XEUR;11820389;688;
