#Date;TrdTime;Contract;ContractType;TrdTyp;Currency;TesId;Prc;Qty;TrdInd;Aggressor;Buy;Sell;Exch;InstrumentId;RelatedProdId;PrcDecomp
17.12.2024;11:28:31.067;A2XA SI 20250321 CS;SIMPLE_INSTRUMENT;BLOCK;EUR;59;0.00100000;1232;EXCHANGE_LAST;;1;1;XEUR;10393043;17;
17.12.2024;14:49:12.535;A2XA SI 20251219 CS;SIMPLE_INSTRUMENT;BLOCK;EUR;155;2.10500000;750;EXCHANGE_LAST;;2;1;XEUR;3681055;17;
17.12.2024;13:55:17.903;ABBE.O.241217.COMBO.000001;STANDARD_OPTION_STRATEGY;BLOCK;CHF;48;-0.66000000;5000;EXCHANGE_LAST;;1;1;XEUR;74525121468961267;574516;
17.12.2024;13:55:17.903;ABBE SI 20250919 PS EU P 47.00 0;SIMPLE_INSTRUMENT;BLOCK;CHF;48;2.11000000;5000;PRC_DECOMP_EXCHANGE;;;;XEUR;12393060;574516;EXCHANGE
17.12.2024;13:55:17.903;ABBE SI 20250919 PS EU C 54.00 0;SIMPLE_INSTRUMENT;BLOCK;CHF;48;2.77000000;5000;PRC_DECOMP_EXCHANGE;;;;XEUR;12393101;574516;EXCHANGE
17.12.2024;11:37:42.911;ABBG SI 20241220 CS;SIMPLE_INSTRUMENT;BLOCK;CHF;70;52.00000000;12000;EXCHANGE_LAST;;2;1;XEUR;8508601;574520;
17.12.2024;12:15:35.469;ABBG SI 20241220 CS;SIMPLE_INSTRUMENT;BLOCK;CHF;80;52.18000000;1000;EXCHANGE_LAST;;1;1;XEUR;8508601;574520;
17.12.2024;12:29:40.443;ABBG SI 20241220 CS;SIMPLE_INSTRUMENT;BLOCK;CHF;95;52.12000000;2000;EXCHANGE_LAST;;1;1;XEUR;8508601;574520;
17.12.2024;13:59:21.577;ABBG.S.DEC24.MAR25.SPD;FUTURES_SPREAD;BLOCK;CHF;119;-0.15000000;7000;EXCHANGE_LAST;;1;1;XEUR;74525138648825903;574520;
17.12.2024;13:59:21.577;ABBG SI 20241220 CS;SIMPLE_INSTRUMENT;BLOCK;CHF;119;51.95850000;7000;PRC_DECOMP_EXCHANGE;;;;XEUR;8508601;574520;EXCHANGE
17.12.2024;13:59:21.577;ABBG SI 20250321 CS;SIMPLE_INSTRUMENT;BLOCK;CHF;119;52.10850000;7000;PRC_DECOMP_EXCHANGE;;;;XEUR;10736154;574520;EXCHANGE
17.12.2024;09:12:18.196;ABBN SI 20250117 PS AM P 49.00 0;SIMPLE_INSTRUMENT;BLOCK;CHF;9;0.22000000;3100;EXCHANGE_LAST;;1;1;XEUR;12109194;574517;
17.12.2024;10:31:50.955;ACR SI 20251219 PS AM P 40.00 0;SIMPLE_INSTRUMENT;BLOCK;EUR;6;1.92000000;500;EXCHANGE_LAST;;1;1;XEUR;9464666;43;
17.12.2024;10:31:32.416;ACR SI 20251219 PS AM C 52.00 0;SIMPLE_INSTRUMENT;BLOCK;EUR;7;2.39000000;500;EXCHANGE_LAST;;1;1;XEUR;9464656;43;
17.12.2024;11:45:25.036;ADS SI 20250321 PS AM C 240.00 0;SIMPLE_INSTRUMENT;BLOCK;EUR;8;16.80000000;500;EXCHANGE_LAST;;1;1;XEUR;10828524;50;
17.12.2024;12:42:53.717;ADS.O.241217.STG.000009;STANDARD_OPTION_STRATEGY;BLOCK;EUR;13;8.80000000;250;EXCHANGE_LAST;;1;1;XEUR;72057808786331223;50;
17.12.2024;12:42:53.717;ADS SI 20250117 PS AM P 240.00 0;SIMPLE_INSTRUMENT;BLOCK;EUR;13;4.60000000;250;PRC_DECOMP_MEMBER;;;;XEUR;12067275;50;MEMBER
17.12.2024;12:42:53.717;ADS SI 20250117 PS AM C 250.00 0;SIMPLE_INSTRUMENT;BLOCK;EUR;13;4.20000000;250;PRC_DECOMP_MEMBER;;;;XEUR;12067271;50;MEMBER
17.12.2024;13:33:51.163;ADS.O.241217.STG.000011;STANDARD_OPTION_STRATEGY;BLOCK;EUR;14;23.80000000;250;EXCHANGE_LAST;;1;1;XEUR;72057808786331225;50;
17.12.2024;13:33:51.163;ADS SI 20250321 PS AM P 240.00 0;SIMPLE_INSTRUMENT;BLOCK;EUR;14;11.90000000;250;PRC_DECOMP_EXCHANGE;;;;XEUR;10828529;50;EXCHANGE
17.12.2024;13:33:51.163;ADS SI 20250321 PS AM C 250.00 0;SIMPLE_INSTRUMENT;BLOCK;EUR;14;11.90000000;250;PRC_DECOMP_EXCHANGE;;;;XEUR;12330809;50;EXCHANGE
17.12.2024;14:30:42.411;ADS SI 20250321 PS AM C 240.00 0;SIMPLE_INSTRUMENT;BLOCK;EUR;16;16.80000000;300;EXCHANGE_LAST;;1;1;XEUR;10828524;50;
17.12.2024;14:55:35.665;ADS SI 20241220 PS AM P 240.00 0;SIMPLE_INSTRUMENT;BLOCK;EUR;18;1.50000000;500;EXCHANGE_LAST;;2;1;XEUR;4637210;50;
17.12.2024;16:36:21.159;ADS.O.241217.BLT.000013;STANDARD_OPTION_STRATEGY;BLOCK;EUR;23;10.87000000;300;EXCHANGE_LAST;;1;1;XEUR;72057808786331227;50;
17.12.2024;16:36:21.159;ADS SI 20241220 PS AM C 250.00 0;SIMPLE_INSTRUMENT;BLOCK;EUR;23;0.26000000;300;PRC_DECOMP_EXCHANGE;;;;XEUR;11870673;50;EXCHANGE
17.12.2024;16:36:21.159;ADS SI 20250321 PS AM C 250.00 0;SIMPLE_INSTRUMENT;BLOCK;EUR;23;11.13000000;300;PRC_DECOMP_EXCHANGE;;;;XEUR;12330809;50;EXCHANGE
17.12.2024;15:01:05.048;AIRO SI 20241220 CS;SIMPLE_INSTRUMENT;BLOCK;EUR;164;158.25000000;500;EXCHANGE_LAST;;1;1;XEUR;8265356;553020;
17.12.2024;09:05:16.482;ALC SI 20260619 PS AM P 88.00 0;SIMPLE_INSTRUMENT;BLOCK;CHF;10;16.27000000;250;EXCHANGE_LAST;;1;1;XEUR;11729723;130134;
17.12.2024;09:05:19.439;ALC SI 20260619 PS AM P 60.00 0;SIMPLE_INSTRUMENT;BLOCK;CHF;11;2.59000000;750;EXCHANGE_LAST;;1;1;XEUR;9584527;130134;
17.12.2024;09:48:31.248;ALC SI 20250919 PS AM P 64.00 0;SIMPLE_INSTRUMENT;BLOCK;CHF;18;1.76000000;400;EXCHANGE_LAST;;1;1;XEUR;12127667;130134;
17.12.2024;10:17:05.186;ALV SI 20250321 PS AM P 275.00 0;SIMPLE_INSTRUMENT;BLOCK;EUR;4;2.80000000;526;EXCHANGE_LAST;;1;1;XEUR;12394541;74;
17.12.2024;11:50:49.430;ANN SI 20251219 PS AM P 28.00 0;SIMPLE_INSTRUMENT;BLOCK;EUR;6;2.58000000;750;EXCHANGE_LAST;;1;1;XEUR;7644476;45202;
17.12.2024;11:50:28.548;ANN SI 20251219 PS AM C 30.00 0;SIMPLE_INSTRUMENT;BLOCK;EUR;7;3.14000000;750;EXCHANGE_LAST;;1;1;XEUR;9466242;45202;
17.12.2024;13:33:16.298;ANN.N.241217.000013;NON_STANDARD_OPTION_STRATEGY;BLOCK;EUR;10;0.10000000;750;EXCHANGE_LAST;;1;1;XEUR;72251735149668223;45202;
17.12.2024;13:33:16.298;ANN SI 20250321 PS AM C 31.00 0;SIMPLE_INSTRUMENT;BLOCK;EUR;10;1.29000000;1500;PRC_DECOMP_MEMBER;;;;XEUR;12206380;45202;MEMBER
17.12.2024;13:33:16.298;ANN SI 20241220 PS AM C 30.00 0;SIMPLE_INSTRUMENT;BLOCK;EUR;10;0.29000000;1500;PRC_DECOMP_MEMBER;;;;XEUR;9466247;45202;MEMBER
17.12.2024;13:33:16.298;ANN SI 20250321 PS AM C 33.00 0;SIMPLE_INSTRUMENT;BLOCK;EUR;10;0.71000000;2250;PRC_DECOMP_MEMBER;;;;XEUR;12334566;45202;MEMBER
17.12.2024;13:33:16.298;ANN SI 20241220 PS AM C 32.00 0;SIMPLE_INSTRUMENT;BLOCK;EUR;10;0.01000000;2250;PRC_DECOMP_MEMBER;;;;XEUR;7421949;45202;MEMBER
17.12.2024;13:45:01.424;ARC SI 20241220 PS AM C 60.00 0;SIMPLE_INSTRUMENT;BLOCK;EUR;17;0.55000000;350;EXCHANGE_LAST;;1;1;XEUR;9021370;524979;
17.12.2024;14:00:48.252;ASGG SI 20241219 CS;SIMPLE_INSTRUMENT;BLOCK;EUR;129;27.87000000;1000;EXCHANGE_LAST;;1;1;XEUR;7028089;106;
17.12.2024;14:41:36.485;ASGG SI 20241219 CS;SIMPLE_INSTRUMENT;BLOCK;EUR;146;27.77000000;3000;EXCHANGE_LAST;;1;1;XEUR;7028089;106;
17.12.2024;14:44:18.651;ASGG SI 20250116 CS;SIMPLE_INSTRUMENT;BLOCK;EUR;149;27.78350000;5000;EXCHANGE_LAST;;1;1;XEUR;10379877;106;
17.12.2024;14:42:58.088;ASGP SI 20241219 PS;SIMPLE_INSTRUMENT;BLOCK;EUR;147;27.77000000;30000;EXCHANGE_LAST;;1;1;XEUR;7030010;243405;
17.12.2024;14:44:57.438;ASGP SI 20250116 PS;SIMPLE_INSTRUMENT;BLOCK;EUR;150;27.78000000;50000;EXCHANGE_LAST;;1;1;XEUR;10388417;243405;
17.12.2024;09:04:37.152;ASIF SI 20241220 CS;SIMPLE_INSTRUMENT;BLOCK;EUR;10;541.20000000;50;EXCHANGE_LAST;;1;1;XEUR;7049610;46864;
17.12.2024;08:57:17.810;ASM SI 20241220 PS AM C 720.00 0;SIMPLE_INSTRUMENT;BLOCK;EUR;1;1.50000000;250;EXCHANGE_LAST;;1;1;XEUR;6011679;107;
17.12.2024;11:31:33.757;ASMH SI 20241220 CS;SIMPLE_INSTRUMENT;BLOCK;EUR;63;708.10000000;110;EXCHANGE_LAST;;1;1;XEUR;7047762;3979;
17.12.2024;10:11:07.446;AXA.O.241217.BRT.000002;STANDARD_OPTION_STRATEGY;BLOCK;EUR;5;0.96000000;1500;EXCHANGE_LAST;;1;1;XEUR;72058139498794158;127;
17.12.2024;10:11:07.446;AXA SI 20250321 PS AM P 34.00 0;SIMPLE_INSTRUMENT;BLOCK;EUR;5;1.33000000;1500;PRC_DECOMP_EXCHANGE;;;;XEUR;10830420;127;EXCHANGE
17.12.2024;10:11:07.446;AXA SI 20241220 PS AM P 34.00 0;SIMPLE_INSTRUMENT;BLOCK;EUR;5;0.37000000;1500;PRC_DECOMP_EXCHANGE;;;;XEUR;10396026;127;EXCHANGE
17.12.2024;15:45:05.684;AXA SI 20251219 PS AM C 40.00 0;SIMPLE_INSTRUMENT;BLOCK;EUR;34;0.51000000;3000;EXCHANGE_LAST;;1;1;XEUR;7227104;127;
17.12.2024;08:59:31.498;AXAG SI 20241220 CS;SIMPLE_INSTRUMENT;BLOCK;EUR;8;33.80000000;4000;EXCHANGE_LAST;;1;1;XEUR;7031589;125;
17.12.2024;11:31:31.237;AXAG SI 20250321 CS;SIMPLE_INSTRUMENT;BLOCK;EUR;64;34.13000000;14000;EXCHANGE_LAST;;1;1;XEUR;10693637;125;
17.12.2024;16:25:12.409;AXAG SI 20241220 CS;SIMPLE_INSTRUMENT;BLOCK;EUR;206;33.65000000;7000;EXCHANGE_LAST;;1;2;XEUR;7031589;125;
17.12.2024;10:25:22.693;B2MW SI 20261218 CS;SIMPLE_INSTRUMENT;BLOCK;EUR;41;4.05000000;150;EXCHANGE_LAST;;1;1;XEUR;4632168;128;
17.12.2024;11:20:03.493;B2MW SI 20261218 CS;SIMPLE_INSTRUMENT;BLOCK;EUR;51;4.05000000;150;EXCHANGE_LAST;;1;2;XEUR;4632168;128;
17.12.2024;11:39:22.990;B2MW SI 20261218 CS;SIMPLE_INSTRUMENT;BLOCK;EUR;69;4.00000000;250;EXCHANGE_LAST;;2;1;XEUR;4632168;128;
17.12.2024;12:41:59.101;B2NP SI 20271217 CS;SIMPLE_INSTRUMENT;BLOCK;EUR;97;3.65000000;300;EXCHANGE_LAST;;1;1;XEUR;7086925;131;
17.12.2024;13:54:50.167;B2NP SI 20261218 CS;SIMPLE_INSTRUMENT;BLOCK;EUR;125;4.41000000;58;EXCHANGE_LAST;;1;1;XEUR;6798320;131;
17.12.2024;16:49:01.867;B2NP SI 20250620 CS;SIMPLE_INSTRUMENT;BLOCK;EUR;224;4.78000000;250;EXCHANGE_LAST;;1;1;XEUR;10830225;131;
17.12.2024;17:53:23.120;B2NP SI 20271217 CS;SIMPLE_INSTRUMENT;BLOCK;EUR;233;3.72000000;254;EXCHANGE_LAST;;1;1;XEUR;7086925;131;
17.12.2024;13:47:21.256;B2YG SI 20251219 CS;SIMPLE_INSTRUMENT;BLOCK;EUR;116;1.87000000;143;EXCHANGE_LAST;;1;1;XEUR;5914365;45713;
17.12.2024;13:53:21.844;B2YG SI 20261218 CS;SIMPLE_INSTRUMENT;BLOCK;EUR;118;1.74000000;123;EXCHANGE_LAST;;1;1;XEUR;6820081;45713;
17.12.2024;13:53:49.355;B2YG SI 20271217 CS;SIMPLE_INSTRUMENT;BLOCK;EUR;123;1.61000000;131;EXCHANGE_LAST;;1;1;XEUR;8405340;45713;
17.12.2024;14:21:30.446;BAEE SI 20250919 PS EU C 52.00 0;SIMPLE_INSTRUMENT;BLOCK;CHF;56;7.83000000;450;EXCHANGE_LAST;;1;1;XEUR;11933236;724750;
17.12.2024;15:52:47.729;BALF SI 20241220 CS;SIMPLE_INSTRUMENT;BLOCK;CHF;194;163.80000000;1000;EXCHANGE_LAST;;1;1;XEUR;7031644;146;
17.12.2024;10:07:10.490;BALN SI 20251219 PS AM C 160.00 0;SIMPLE_INSTRUMENT;BLOCK;CHF;20;10.70000000;200;EXCHANGE_LAST;;1;1;XEUR;5922051;147;
17.12.2024;14:16:18.983;BALN SI 20250919 PS AM P 140.00 0;SIMPLE_INSTRUMENT;BLOCK;CHF;55;3.19000000;200;EXCHANGE_LAST;;1;1;XEUR;11872657;147;
17.12.2024;13:39:25.442;BARN.O.241217.STG.000002;STANDARD_OPTION_STRATEGY;BLOCK;CHF;45;40.32000000;200;EXCHANGE_LAST;;1;1;XEUR;72058233988061160;149;
17.12.2024;13:39:25.442;BARN SI 20250221 PS AM P 1140.00 0;SIMPLE_INSTRUMENT;BLOCK;CHF;45;21.67000000;200;PRC_DECOMP_EXCHANGE;;;;XEUR;12238697;149;EXCHANGE
17.12.2024;13:39:25.442;BARN SI 20250221 PS AM C 1300.00 0;SIMPLE_INSTRUMENT;BLOCK;CHF;45;18.65000000;200;PRC_DECOMP_EXCHANGE;;;;XEUR;12238760;149;EXCHANGE
17.12.2024;11:55:21.591;BAS SI 20250321 PS AM P 42.00 0;SIMPLE_INSTRUMENT;BLOCK;EUR;6;1.37000000;1150;EXCHANGE_LAST;;1;2;XEUR;10830938;150;
17.12.2024;13:41:39.423;BAS SI 20241220 PS AM P 43.00 0;SIMPLE_INSTRUMENT;BLOCK;EUR;7;0.12000000;500;EXCHANGE_LAST;;1;1;XEUR;7509966;150;
17.12.2024;10:08:41.466;BASG SI 20241220 CS;SIMPLE_INSTRUMENT;BLOCK;EUR;36;43.47000000;10000;EXCHANGE_LAST;;1;1;XEUR;7032007;171;
17.12.2024;10:19:41.524;BAY SI 20250321 PS AM P 20.00 0;SIMPLE_INSTRUMENT;BLOCK;EUR;2;1.84000000;1000;EXCHANGE_LAST;;1;1;XEUR;10831440;168;
17.12.2024;11:08:04.514;BAY SI 20260619 PS AM C 21.00 0;SIMPLE_INSTRUMENT;BLOCK;EUR;5;3.10000000;1000;EXCHANGE_LAST;;1;1;XEUR;12334046;168;
17.12.2024;09:54:33.839;BAYG SI 20241220 CS;SIMPLE_INSTRUMENT;BLOCK;EUR;29;19.32000000;10000;EXCHANGE_LAST;;1;1;XEUR;7051807;76034;
17.12.2024;10:06:32.749;BAYG SI 20241220 CS;SIMPLE_INSTRUMENT;BLOCK;EUR;33;19.32000000;16000;EXCHANGE_LAST;;1;1;XEUR;7051807;76034;
17.12.2024;10:09:07.506;BAYG SI 20241220 CS;SIMPLE_INSTRUMENT;BLOCK;EUR;34;19.32000000;20000;EXCHANGE_LAST;;1;1;XEUR;7051807;76034;
17.12.2024;11:42:47.314;BAYG SI 20241220 CS;SIMPLE_INSTRUMENT;BLOCK;EUR;75;19.17000000;5000;EXCHANGE_LAST;;1;1;XEUR;7051807;76034;
17.12.2024;12:09:57.544;BAYG SI 20241220 CS;SIMPLE_INSTRUMENT;BLOCK;EUR;83;19.32000000;3000;EXCHANGE_LAST;;1;1;XEUR;7051807;76034;
17.12.2024;15:59:34.952;BBVG.S.DEC24.MAR25.SPD;FUTURES_SPREAD;BLOCK;EUR;198;-0.08600000;5000;EXCHANGE_LAST;;1;1;XEUR;72058294117597345;163;
17.12.2024;15:59:34.952;BBVG SI 20241220 CS;SIMPLE_INSTRUMENT;BLOCK;EUR;198;9.76940000;5000;PRC_DECOMP_EXCHANGE;;;;XEUR;7031975;163;EXCHANGE
17.12.2024;15:59:34.952;BBVG SI 20250321 CS;SIMPLE_INSTRUMENT;BLOCK;EUR;198;9.85540000;5000;PRC_DECOMP_EXCHANGE;;;;XEUR;10694312;163;EXCHANGE
17.12.2024;15:00:48.999;BMW SI 20241220 PS AM P 76.00 0;SIMPLE_INSTRUMENT;BLOCK;EUR;23;0.19000000;400;EXCHANGE_LAST;;1;1;XEUR;4640268;210;
17.12.2024;10:48:32.720;BMWF.S.DEC24.MAR25.SPD;FUTURES_SPREAD;BLOCK;EUR;45;-0.64000000;3500;EXCHANGE_LAST;;1;1;XEUR;72058620535111967;239;
17.12.2024;10:48:32.720;BMWF SI 20250321 CS;SIMPLE_INSTRUMENT;BLOCK;EUR;45;79.34000000;3500;PRC_DECOMP_MEMBER;;;;XEUR;10695616;239;MEMBER
17.12.2024;10:48:32.720;BMWF SI 20241220 CS;SIMPLE_INSTRUMENT;BLOCK;EUR;45;78.70000000;3500;PRC_DECOMP_MEMBER;;;;XEUR;7032665;239;MEMBER
17.12.2024;15:39:05.794;BNP SI 20241220 PS AM P 57.00 0;SIMPLE_INSTRUMENT;BLOCK;EUR;33;0.12000000;600;EXCHANGE_LAST;;1;1;XEUR;11874789;237;
17.12.2024;11:05:44.718;BNPH SI 20241220 CS;SIMPLE_INSTRUMENT;BLOCK;EUR;50;58.57000000;6500;EXCHANGE_LAST;;1;1;XEUR;7032636;236;
17.12.2024;11:40:38.191;BOSF SI 20241220 CS;SIMPLE_INSTRUMENT;BLOCK;EUR;71;41.47000000;3000;EXCHANGE_LAST;;1;1;XEUR;7032516;231;
17.12.2024;16:35:38.305;BPEF SI 20241219 CS;SIMPLE_INSTRUMENT;BLOCK;EUR;220;6.15000000;1000;EXCHANGE_LAST;;1;1;XEUR;7028212;226;
17.12.2024;13:45:37.007;BSIF SI 20250321 CS;SIMPLE_INSTRUMENT;BLOCK;EUR;117;130.44000000;1000;EXCHANGE_LAST;;1;1;XEUR;10726598;174729;
17.12.2024;13:50:32.237;BSN SI 20251219 PS AM P 56.00 0;SIMPLE_INSTRUMENT;BLOCK;EUR;24;1.37000000;400;EXCHANGE_LAST;;1;1;XEUR;5923920;241;
17.12.2024;16:51:54.890;BYGG SI 20250321 CS;SIMPLE_INSTRUMENT;BLOCK;EUR;225;28.84100000;2250;EXCHANGE_LAST;;1;1;XEUR;10696354;281;
17.12.2024;16:27:56.824;C4RI SI 20250620 CS;SIMPLE_INSTRUMENT;BLOCK;EUR;217;1.57500000;704;EXCHANGE_LAST;;1;1;XEUR;10868044;50862;
17.12.2024;14:19:46.965;CAR SI 20250919 PS AM P 12.00 0;SIMPLE_INSTRUMENT;BLOCK;EUR;25;0.57000000;1500;EXCHANGE_LAST;;1;1;XEUR;11875785;265;
17.12.2024;09:16:25.666;CBK.O.241217.COMBO.000008;STANDARD_OPTION_STRATEGY;BLOCK;EUR;3;0.23000000;2500;EXCHANGE_LAST;;1;1;XEUR;72058745089201976;268;
17.12.2024;09:16:25.666;CBK SI 20260619 PS AM P 12.00 0;SIMPLE_INSTRUMENT;BLOCK;EUR;3;1.15000000;2500;PRC_DECOMP_EXCHANGE;;;;XEUR;9542175;268;EXCHANGE
17.12.2024;09:16:25.666;CBK SI 20260619 PS AM C 20.00 0;SIMPLE_INSTRUMENT;BLOCK;EUR;3;0.92000000;2500;PRC_DECOMP_EXCHANGE;;;;XEUR;9666939;268;EXCHANGE
17.12.2024;09:51:34.808;CFR SI 20250321 PS AM C 136.00 0;SIMPLE_INSTRUMENT;BLOCK;CHF;19;7.85000000;300;EXCHANGE_LAST;;1;1;XEUR;11876473;313;
17.12.2024;11:29:07.022;CFR.O.241217.BUL.000012;STANDARD_OPTION_STRATEGY;BLOCK;CHF;31;9.27000000;400;EXCHANGE_LAST;;1;1;XEUR;72058938362726188;313;
17.12.2024;11:29:07.022;CFR SI 20250620 PS AM C 150.00 0;SIMPLE_INSTRUMENT;BLOCK;CHF;31;5.74000000;400;PRC_DECOMP_EXCHANGE;;;;XEUR;11354572;313;EXCHANGE
17.12.2024;11:29:07.022;CFR SI 20250620 PS AM C 130.00 0;SIMPLE_INSTRUMENT;BLOCK;CHF;31;15.01000000;400;PRC_DECOMP_EXCHANGE;;;;XEUR;11273454;313;EXCHANGE
17.12.2024;14:32:44.261;CFR SI 20250117 PS AM C 140.00 0;SIMPLE_INSTRUMENT;BLOCK;CHF;59;2.95000000;408;EXCHANGE_LAST;;1;1;XEUR;12071497;313;
17.12.2024;15:21:52.974;CFR SI 20260619 PS AM P 100.00 0;SIMPLE_INSTRUMENT;BLOCK;CHF;66;5.10000000;300;EXCHANGE_LAST;;1;1;XEUR;9996427;313;
17.12.2024;12:18:08.653;CFRL SI 20241220 CS;SIMPLE_INSTRUMENT;BLOCK;CHF;85;137.85000000;1275;EXCHANGE_LAST;;1;1;XEUR;10093261;729453;
17.12.2024;09:13:45.217;CR5J SI 20241219 CS;SIMPLE_INSTRUMENT;BLOCK;EUR;16;38.82000000;10000;EXCHANGE_LAST;;1;1;XEUR;7029763;50861;
17.12.2024;14:11:38.070;CR5J SI 20241219 CS;SIMPLE_INSTRUMENT;BLOCK;EUR;131;38.15000000;5000;EXCHANGE_LAST;;1;1;XEUR;7029763;50861;
17.12.2024;14:38:23.865;CR5J SI 20241219 CS;SIMPLE_INSTRUMENT;BLOCK;EUR;144;38.15000000;32000;EXCHANGE_LAST;;1;1;XEUR;7029763;50861;
17.12.2024;16:27:55.530;CR5J.S.DEC24.JUN25.SPD;FUTURES_SPREAD;BLOCK;EUR;216;0.85000000;8000;EXCHANGE_LAST;;1;1;XEUR;72276040369569947;50861;
17.12.2024;16:27:55.530;CR5J SI 20241219 CS;SIMPLE_INSTRUMENT;BLOCK;EUR;216;38.96810000;8000;PRC_DECOMP_EXCHANGE;;;;XEUR;7029763;50861;EXCHANGE
17.12.2024;16:27:55.530;CR5J SI 20250619 CS;SIMPLE_INSTRUMENT;BLOCK;EUR;216;38.11810000;8000;PRC_DECOMP_EXCHANGE;;;;XEUR;11164005;50861;EXCHANGE
17.12.2024;09:07:43.519;CRI5.O.241217.PDIA.000001;STANDARD_OPTION_STRATEGY;BLOCK;EUR;4;2.17000000;1500;EXCHANGE_LAST;;1;1;XEUR;72058968427474635;320;
17.12.2024;09:07:43.519;CRI5 SI 20271216 PS AM P 24.00 0;SIMPLE_INSTRUMENT;BLOCK;EUR;4;2.62950000;1500;PRC_DECOMP_EXCHANGE;;;;XEUR;8850730;320;EXCHANGE
17.12.2024;09:07:43.519;CRI5 SI 20260618 PS AM P 16.00 0;SIMPLE_INSTRUMENT;BLOCK;EUR;4;0.45950000;1500;PRC_DECOMP_EXCHANGE;;;;XEUR;9530999;320;EXCHANGE
17.12.2024;09:42:08.168;CRI5.O.241217.BER.000002;STANDARD_OPTION_STRATEGY;BLOCK;EUR;9;1.08000000;2500;EXCHANGE_LAST;;1;1;XEUR;72058968427474636;320;
17.12.2024;09:42:08.168;CRI5 SI 20261217 PS AM P 24.00 0;SIMPLE_INSTRUMENT;BLOCK;EUR;9;1.66650000;2500;PRC_DECOMP_EXCHANGE;;;;XEUR;7356474;320;EXCHANGE
17.12.2024;09:42:08.168;CRI5 SI 20261217 PS AM P 16.00 0;SIMPLE_INSTRUMENT;BLOCK;EUR;9;0.58650000;2500;PRC_DECOMP_EXCHANGE;;;;XEUR;7147586;320;EXCHANGE
17.12.2024;14:38:25.121;CRIP SI 20241219 PS;SIMPLE_INSTRUMENT;BLOCK;EUR;145;38.15000000;32000;EXCHANGE_LAST;;1;1;XEUR;7030012;243407;
17.12.2024;15:07:38.369;CSF SI 20250919 PS AM P 120.00 0;SIMPLE_INSTRUMENT;BLOCK;EUR;29;5.27000000;250;EXCHANGE_LAST;;1;1;XEUR;11876924;333;
17.12.2024;08:44:00.627;CSGE.O.241217.BRT.000001;STANDARD_OPTION_STRATEGY;BLOCK;CHF;3;0.08000000;2069;EXCHANGE_LAST;;1;1;XEUR;72059015672104640;331;
17.12.2024;08:44:00.627;CSGE SI 20241220 PS EU P 170.17 2;SIMPLE_INSTRUMENT;BLOCK;CHF;3;141.87000000;2069;PRC_DECOMP_EXCHANGE;;;;XEUR;4642020;331;EXCHANGE
17.12.2024;08:44:00.627;CSGE SI 20251219 PS EU P 170.17 2;SIMPLE_INSTRUMENT;BLOCK;CHF;3;141.95000000;2069;PRC_DECOMP_EXCHANGE;;;;XEUR;5925448;331;EXCHANGE
17.12.2024;13:42:51.578;CSGE.O.241217.BRT.000001;STANDARD_OPTION_STRATEGY;BLOCK;CHF;47;0.08000000;3900;EXCHANGE_LAST;;1;1;XEUR;72059015672104640;331;
17.12.2024;13:42:51.578;CSGE SI 20241220 PS EU P 170.17 2;SIMPLE_INSTRUMENT;BLOCK;CHF;47;141.98000000;3900;PRC_DECOMP_EXCHANGE;;;;XEUR;4642020;331;EXCHANGE
17.12.2024;13:42:51.578;CSGE SI 20251219 PS EU P 170.17 2;SIMPLE_INSTRUMENT;BLOCK;CHF;47;142.06000000;3900;PRC_DECOMP_EXCHANGE;;;;XEUR;5925448;331;EXCHANGE
17.12.2024;16:11:57.216;D2TE SI 20250321 CS;SIMPLE_INSTRUMENT;BLOCK;EUR;207;0.00100000;1600;EXCHANGE_LAST;;1;1;XEUR;10400973;359;
17.12.2024;15:55:02.186;D3AI SI 20261218 CS;SIMPLE_INSTRUMENT;BLOCK;EUR;197;2.90000000;417;EXCHANGE_LAST;;1;1;XEUR;7144051;443197;
17.12.2024;12:09:38.205;DAB SI 20251219 PS AM P 76.00 0;SIMPLE_INSTRUMENT;BLOCK;EUR;9;10.35000000;2500;EXCHANGE_LAST;;1;4;XEUR;5925822;352;
17.12.2024;10:19:54.276;DAI SI 20241220 PS AM P 54.00 0;SIMPLE_INSTRUMENT;BLOCK;EUR;5;0.46000000;2000;EXCHANGE_LAST;;1;2;XEUR;7349878;443196;
17.12.2024;13:22:12.471;DAI SI 20250117 PS AM C 59.00 0;SIMPLE_INSTRUMENT;BLOCK;EUR;17;0.26000000;750;EXCHANGE_LAST;;1;1;XEUR;12107385;443196;
17.12.2024;13:21:46.268;DAI SI 20250117 PS AM C 56.00 0;SIMPLE_INSTRUMENT;BLOCK;EUR;18;0.90000000;750;EXCHANGE_LAST;;1;1;XEUR;12107444;443196;
17.12.2024;14:55:28.628;DAI SI 20271217 PS AM P 32.00 0;SIMPLE_INSTRUMENT;BLOCK;EUR;19;3.00000000;2000;EXCHANGE_LAST;;1;1;XEUR;8833453;443196;
17.12.2024;14:54:48.973;DAI SI 20250117 PS AM P 55.00 0;SIMPLE_INSTRUMENT;BLOCK;EUR;21;1.90000000;1000;EXCHANGE_LAST;;1;1;XEUR;12107441;443196;
17.12.2024;14:53:50.179;DAI SI 20250117 PS AM P 51.00 0;SIMPLE_INSTRUMENT;BLOCK;EUR;22;0.50000000;1000;EXCHANGE_LAST;;1;1;XEUR;12107558;443196;
17.12.2024;09:10:00.772;DAIG SI 20241220 CS;SIMPLE_INSTRUMENT;BLOCK;EUR;14;54.45000000;1600;EXCHANGE_LAST;;1;1;XEUR;7144297;443203;
17.12.2024;09:35:35.285;DAIG SI 20241220 CS;SIMPLE_INSTRUMENT;BLOCK;EUR;25;54.50000000;4000;EXCHANGE_LAST;;1;1;XEUR;7144297;443203;
17.12.2024;11:19:10.664;DAIG SI 20241220 CS;SIMPLE_INSTRUMENT;BLOCK;EUR;52;54.67000000;7650;EXCHANGE_LAST;;1;2;XEUR;7144297;443203;
17.12.2024;14:07:54.162;DB1 SI 20251219 PS AM P 200.00 0;SIMPLE_INSTRUMENT;BLOCK;EUR;13;6.90000000;300;EXCHANGE_LAST;;1;1;XEUR;5925940;361;
17.12.2024;14:58:36.223;DBK.O.241217.STG.000019;STANDARD_OPTION_STRATEGY;BLOCK;EUR;17;3.10000000;2500;EXCHANGE_LAST;;1;1;XEUR;72059148816159032;362;
17.12.2024;14:58:36.223;DBK SI 20250620 PS AM C 15.00 0;SIMPLE_INSTRUMENT;BLOCK;EUR;17;2.56000000;2500;PRC_DECOMP_EXCHANGE;;;;XEUR;10812177;362;EXCHANGE
17.12.2024;14:58:36.223;DBK SI 20250620 PS AM P 14.00 0;SIMPLE_INSTRUMENT;BLOCK;EUR;17;0.54000000;2500;PRC_DECOMP_EXCHANGE;;;;XEUR;7901425;362;EXCHANGE
17.12.2024;14:02:18.640;DHE SI 20250620 PS AM P 28.00 0;SIMPLE_INSTRUMENT;BLOCK;EUR;11;4.12000000;500;EXCHANGE_LAST;;1;1;XEUR;7924125;57135;
17.12.2024;10:14:32.028;DPW SI 20250620 PS AM C 33.00 0;SIMPLE_INSTRUMENT;BLOCK;EUR;4;2.80000000;1000;EXCHANGE_LAST;;1;1;XEUR;12372441;445;
17.12.2024;13:03:40.335;DPW SI 20271217 PS AM P 28.00 0;SIMPLE_INSTRUMENT;BLOCK;EUR;8;2.85000000;500;EXCHANGE_LAST;;1;1;XEUR;8780087;445;
17.12.2024;16:59:21.573;DTE SI 20250117 PS AM P 30.00 0;SIMPLE_INSTRUMENT;BLOCK;EUR;17;0.50000000;6000;EXCHANGE_LAST;;1;1;XEUR;12072913;424;
17.12.2024;16:59:58.275;DTE SI 20250117 PS AM P 29.00 0;SIMPLE_INSTRUMENT;BLOCK;EUR;18;0.19000000;8100;EXCHANGE_LAST;;1;1;XEUR;12072875;424;
17.12.2024;16:59:58.843;DTE SI 20250117 PS AM P 29.00 0;SIMPLE_INSTRUMENT;BLOCK;EUR;19;0.18000000;9900;EXCHANGE_LAST;;1;1;XEUR;12072875;424;
17.12.2024;12:47:00.553;DTEF SI 20241220 CS;SIMPLE_INSTRUMENT;BLOCK;EUR;99;29.80000000;4377;EXCHANGE_LAST;;1;1;XEUR;7034388;430;
17.12.2024;16:21:15.305;DTEP.S.DEC24.MAR25.SPD;FUTURES_SPREAD;BLOCK;EUR;213;-0.25000000;16000;EXCHANGE_LAST;;1;1;XEUR;72591411228180550;124289;
17.12.2024;16:21:15.305;DTEP SI 20241220 PS;SIMPLE_INSTRUMENT;BLOCK;EUR;213;30.00910000;16000;PRC_DECOMP_EXCHANGE;;;;XEUR;7052661;124289;EXCHANGE
17.12.2024;16:21:15.305;DTEP SI 20250321 PS;SIMPLE_INSTRUMENT;BLOCK;EUR;213;30.25910000;16000;PRC_DECOMP_EXCHANGE;;;;XEUR;10725370;124289;EXCHANGE
17.12.2024;15:27:05.955;DTG.O.241217.BRT.000006;STANDARD_OPTION_STRATEGY;BLOCK;EUR;26;0.42000000;1000;EXCHANGE_LAST;;1;1;XEUR;74015850016804900;455942;
17.12.2024;15:27:05.955;DTG SI 20241220 PS AM P 38.00 0;SIMPLE_INSTRUMENT;BLOCK;EUR;26;1.09000000;1000;PRC_DECOMP_EXCHANGE;;;;XEUR;10455606;455942;EXCHANGE
17.12.2024;15:27:05.955;DTG SI 20250117 PS AM P 38.00 0;SIMPLE_INSTRUMENT;BLOCK;EUR;26;1.51000000;1000;PRC_DECOMP_EXCHANGE;;;;XEUR;12107674;455942;EXCHANGE
17.12.2024;08:39:20.012;E2NT SI 20271217 CS;SIMPLE_INSTRUMENT;BLOCK;EUR;4;0.86000000;500;EXCHANGE_LAST;;1;1;XEUR;5914575;470;
17.12.2024;11:39:25.105;E2NT SI 20261218 CS;SIMPLE_INSTRUMENT;BLOCK;EUR;73;0.95000000;300;EXCHANGE_LAST;;1;1;XEUR;4632357;470;
17.12.2024;11:54:04.178;E2NT SI 20261218 CS;SIMPLE_INSTRUMENT;BLOCK;EUR;77;0.95000000;400;EXCHANGE_LAST;;1;1;XEUR;4632357;470;
17.12.2024;13:17:40.577;E2NT SI 20271217 CS;SIMPLE_INSTRUMENT;BLOCK;EUR;111;0.85500000;900;EXCHANGE_LAST;;1;1;XEUR;5914575;470;
17.12.2024;13:19:43.192;E2NT SI 20261218 CS;SIMPLE_INSTRUMENT;BLOCK;EUR;113;0.95000000;250;EXCHANGE_LAST;;1;1;XEUR;4632357;470;
17.12.2024;11:14:42.082;EAD.O.241217.BUL-P.000007;STANDARD_OPTION_STRATEGY;BLOCK;EUR;9;10.30000000;500;EXCHANGE_LAST;;1;1;XEUR;72059591197746185;465;
17.12.2024;11:14:42.082;EAD SI 20251219 PS AM C 160.00 0;SIMPLE_INSTRUMENT;BLOCK;EUR;9;17.64000000;500;PRC_DECOMP_EXCHANGE;;;;XEUR;11013928;465;EXCHANGE
17.12.2024;11:14:42.082;EAD SI 20251219 PS AM C 200.00 0;SIMPLE_INSTRUMENT;BLOCK;EUR;9;4.37000000;500;PRC_DECOMP_EXCHANGE;;;;XEUR;11013908;465;EXCHANGE
17.12.2024;11:14:42.082;EAD SI 20251219 PS AM P 120.00 0;SIMPLE_INSTRUMENT;BLOCK;EUR;9;2.97000000;500;PRC_DECOMP_EXCHANGE;;;;XEUR;11013931;465;EXCHANGE
17.12.2024;11:40:05.002;EAD SI 20250620 PS AM P 140.00 0;SIMPLE_INSTRUMENT;BLOCK;EUR;16;3.68000000;1000;EXCHANGE_LAST;;2;1;XEUR;11013883;465;
17.12.2024;09:36:03.182;ENL5 SI 20250220 PS AM P 6.80 0;SIMPLE_INSTRUMENT;BLOCK;EUR;7;0.15750000;1000;EXCHANGE_LAST;;1;1;XEUR;12232157;500;
17.12.2024;09:36:42.097;ENL5 SI 20250320 PS AM P 5.60 0;SIMPLE_INSTRUMENT;BLOCK;EUR;8;0.02000000;1000;EXCHANGE_LAST;;1;1;XEUR;10822783;500;
17.12.2024;12:59:03.179;ENLH SI 20241219 CS;SIMPLE_INSTRUMENT;BLOCK;EUR;101;6.96000000;19400;EXCHANGE_LAST;;1;1;XEUR;7935846;524976;
17.12.2024;09:16:52.545;ENR SI 20250117 PS AM P 42.00 0;SIMPLE_INSTRUMENT;BLOCK;EUR;2;0.26000000;400;EXCHANGE_LAST;;1;1;XEUR;12103167;298530;
17.12.2024;09:13:51.091;ENR.O.241217.PDIA.000005;STANDARD_OPTION_STRATEGY;BLOCK;EUR;3;5.63000000;250;EXCHANGE_LAST;;1;1;XEUR;73339770624816496;298530;
17.12.2024;09:13:51.091;ENR SI 20251219 PS AM P 44.00 0;SIMPLE_INSTRUMENT;BLOCK;EUR;3;6.38000000;250;PRC_DECOMP_EXCHANGE;;;;XEUR;11109009;298530;EXCHANGE
17.12.2024;09:13:51.091;ENR SI 20250321 PS AM P 36.00 0;SIMPLE_INSTRUMENT;BLOCK;EUR;3;0.75000000;250;PRC_DECOMP_EXCHANGE;;;;XEUR;11128503;298530;EXCHANGE
17.12.2024;14:49:32.853;ENR SI 20241220 PS AM C 50.00 0;SIMPLE_INSTRUMENT;BLOCK;EUR;14;1.62000000;500;EXCHANGE_LAST;;1;1;XEUR;12193178;298530;
17.12.2024;09:09:05.623;ENT5 SI 20281214 PS AM P 10.00 0;SIMPLE_INSTRUMENT;BLOCK;EUR;5;1.21000000;750;EXCHANGE_LAST;;1;1;XEUR;10381168;497;
17.12.2024;15:07:44.700;ENTH SI 20241219 CS;SIMPLE_INSTRUMENT;BLOCK;EUR;170;12.90000000;42000;EXCHANGE_LAST;;1;1;XEUR;7935776;524973;
17.12.2024;15:07:49.866;ENTH SI 20250116 CS;SIMPLE_INSTRUMENT;BLOCK;EUR;172;12.91100000;44000;EXCHANGE_LAST;;1;1;XEUR;10390908;524973;
17.12.2024;17:04:30.786;ENTH SI 20241219 CS;SIMPLE_INSTRUMENT;BLOCK;EUR;231;12.81700000;9852;EXCHANGE_LAST;;1;1;XEUR;7935776;524973;
17.12.2024;15:07:47.166;ENTQ SI 20241219 PS;SIMPLE_INSTRUMENT;BLOCK;EUR;171;12.90000000;42000;EXCHANGE_LAST;;1;1;XEUR;7935615;524960;
17.12.2024;15:07:52.264;ENTQ SI 20250116 PS;SIMPLE_INSTRUMENT;BLOCK;EUR;173;12.91000000;44000;EXCHANGE_LAST;;1;1;XEUR;10390905;524960;
17.12.2024;10:28:49.129;EVT SI 20250117 PS AM P 8.50 0;SIMPLE_INSTRUMENT;BLOCK;EUR;5;0.34000000;500;EXCHANGE_LAST;;1;1;XEUR;12136884;547;
17.12.2024;15:52:44.752;F3IA SI 20261218 CS;SIMPLE_INSTRUMENT;BLOCK;EUR;195;0.50000000;631;EXCHANGE_LAST;;1;1;XEUR;6830373;390387;
17.12.2024;16:23:58.523;F3IA SI 20261218 CS;SIMPLE_INSTRUMENT;BLOCK;EUR;215;0.51000000;680;EXCHANGE_LAST;;1;1;XEUR;6830373;390387;
17.12.2024;17:52:22.117;F3IA SI 20271217 CS;SIMPLE_INSTRUMENT;BLOCK;EUR;232;0.54000000;769;EXCHANGE_LAST;;1;1;XEUR;8422837;390387;
17.12.2024;11:04:28.888;FATX SI 20241220 CS;SIMPLE_INSTRUMENT;BLOCK;EUR;32;3606.00000000;1723;EXCHANGE_LAST;;1;1;XEUR;10863639;28699;
17.12.2024;11:05:28.180;FATX SI 20250321 CS;SIMPLE_INSTRUMENT;BLOCK;EUR;33;3625.00000000;1722;EXCHANGE_LAST;;1;1;XEUR;11385582;28699;
17.12.2024;09:11:03.684;FBTP SI 20250306 PS;SIMPLE_INSTRUMENT;EFP_FIN;EUR;1;121.14000000;333;EXCHANGE_LAST;;1;1;XEUR;11286675;636;
17.12.2024;09:28:41.776;FBTP SI 20250306 PS;SIMPLE_INSTRUMENT;EFP_FIN;EUR;3;121.18000000;120;EXCHANGE_LAST;;1;1;XEUR;11286675;636;
17.12.2024;09:42:35.720;FBTP SI 20250306 PS;SIMPLE_INSTRUMENT;EFP_FIN;EUR;4;121.22000000;1037;EXCHANGE_LAST;;1;1;XEUR;11286675;636;
17.12.2024;10:23:31.273;FBTP SI 20250306 PS;SIMPLE_INSTRUMENT;EFP_FIN;EUR;5;121.21000000;395;EXCHANGE_LAST;;1;1;XEUR;11286675;636;
17.12.2024;10:37:26.421;FBTP SI 20250306 PS;SIMPLE_INSTRUMENT;EFP_FIN;EUR;6;121.13000000;143;EXCHANGE_LAST;;1;1;XEUR;11286675;636;
17.12.2024;11:58:04.541;FBTP SI 20250306 PS;SIMPLE_INSTRUMENT;EFP_FIN;EUR;7;121.02000000;743;EXCHANGE_LAST;;1;1;XEUR;11286675;636;
17.12.2024;12:15:48.777;FBTP SI 20250306 PS;SIMPLE_INSTRUMENT;EFP_FIN;EUR;8;121.05000000;572;EXCHANGE_LAST;;1;1;XEUR;11286675;636;
17.12.2024;13:00:33.755;FBTP SI 20250306 PS;SIMPLE_INSTRUMENT;EFP_FIN;EUR;9;120.98000000;344;EXCHANGE_LAST;;1;1;XEUR;11286675;636;
17.12.2024;13:18:31.893;FBTP SI 20250306 PS;SIMPLE_INSTRUMENT;EFP_FIN;EUR;10;121.00000000;163;EXCHANGE_LAST;;1;1;XEUR;11286675;636;
17.12.2024;13:21:25.345;FBTP SI 20250306 PS;SIMPLE_INSTRUMENT;EFP_FIN;EUR;11;121.00000000;203;EXCHANGE_LAST;;1;1;XEUR;11286675;636;
17.12.2024;14:26:15.067;FBTP SI 20250306 PS;SIMPLE_INSTRUMENT;EFP_FIN;EUR;12;121.28000000;183;EXCHANGE_LAST;;1;1;XEUR;11286675;636;
17.12.2024;16:24:24.329;FBTP SI 20250306 PS;SIMPLE_INSTRUMENT;EFP_FIN;EUR;13;121.33000000;90;EXCHANGE_LAST;;1;1;XEUR;11286675;636;
17.12.2024;11:06:15.040;FBTP SI 20250306 PS;SIMPLE_INSTRUMENT;VOLA;EUR;268435488;121.10000000;68;EXCHANGE_LAST;;1;1;XEUR;11286675;636;
17.12.2024;10:26:16.011;FBTS SI 20250306 PS;SIMPLE_INSTRUMENT;EFS;EUR;9;107.52000000;2127;EXCHANGE_LAST;;1;1;XEUR;11286677;639;
17.12.2024;13:16:55.771;FBTS SI 20250306 PS;SIMPLE_INSTRUMENT;EFP_FIN;EUR;13;107.51000000;1372;EXCHANGE_LAST;;1;1;XEUR;11286677;639;
17.12.2024;14:59:22.949;FBTS SI 20250306 PS;SIMPLE_INSTRUMENT;EFP_FIN;EUR;20;107.53000000;318;EXCHANGE_LAST;;1;1;XEUR;11286677;639;
17.12.2024;15:24:18.450;FBTS SI 20250306 PS;SIMPLE_INSTRUMENT;EFP_FIN;EUR;21;107.54000000;397;EXCHANGE_LAST;;1;1;XEUR;11286677;639;
17.12.2024;14:24:37.864;FCZU SI 20250317 CS;SIMPLE_INSTRUMENT;BLOCK;USD;1;0.05490000;100;EXCHANGE_LAST;;1;1;XEUR;11329546;570872;
17.12.2024;14:22:46.520;FD3D SI 20251219 CS;SIMPLE_INSTRUMENT;BLOCK;EUR;105;109.70000000;100;EXCHANGE_LAST;;1;1;XEUR;5914068;588;
17.12.2024;14:22:51.753;FD3D SI 20251219 CS;SIMPLE_INSTRUMENT;BLOCK;EUR;106;109.80000000;100;EXCHANGE_LAST;;1;1;XEUR;5914068;588;
17.12.2024;14:59:03.667;FD3D SI 20251219 CS;SIMPLE_INSTRUMENT;BLOCK;EUR;122;109.70000000;2125;EXCHANGE_LAST;;3;2;XEUR;5914068;588;
17.12.2024;14:59:04.022;FD3D SI 20251219 CS;SIMPLE_INSTRUMENT;BLOCK;EUR;123;109.80000000;2125;EXCHANGE_LAST;;3;2;XEUR;5914068;588;
17.12.2024;16:51:27.064;FD3D SI 20261218 CS;SIMPLE_INSTRUMENT;BLOCK;EUR;144;107.00000000;200;EXCHANGE_LAST;;1;2;XEUR;7158183;588;
17.12.2024;10:38:04.952;FDAX SI 20241220 CS;SIMPLE_INSTRUMENT;EFP_IDX;EUR;1;20340.00000000;150;EXCHANGE_LAST;;1;1;XEUR;7296065;589;
17.12.2024;10:38:34.256;FDAX SI 20241220 CS;SIMPLE_INSTRUMENT;EFP_IDX;EUR;2;20340.00000000;200;EXCHANGE_LAST;;1;1;XEUR;7296065;589;
17.12.2024;13:17:54.937;FDAX.S.DEC24.MAR25.SPD;FUTURES_SPREAD;BLOCK;EUR;3;-192.00000000;375;EXCHANGE_LAST;;1;1;XEUR;72060123773665382;589;
17.12.2024;13:17:54.937;FDAX SI 20250321 CS;SIMPLE_INSTRUMENT;BLOCK;EUR;3;20480.00000000;375;PRC_DECOMP_EXCHANGE;;;;XEUR;7561255;589;EXCHANGE
17.12.2024;13:17:54.937;FDAX SI 20241220 CS;SIMPLE_INSTRUMENT;BLOCK;EUR;3;20288.00000000;375;PRC_DECOMP_EXCHANGE;;;;XEUR;7296065;589;EXCHANGE
17.12.2024;13:17:57.938;FDAX.S.DEC24.MAR25.SPD;FUTURES_SPREAD;BLOCK;EUR;4;-191.50000000;375;EXCHANGE_LAST;;1;1;XEUR;72060123773665382;589;
17.12.2024;13:17:57.938;FDAX SI 20250321 CS;SIMPLE_INSTRUMENT;BLOCK;EUR;4;20480.00000000;375;PRC_DECOMP_EXCHANGE;;;;XEUR;7561255;589;EXCHANGE
17.12.2024;13:17:57.938;FDAX SI 20241220 CS;SIMPLE_INSTRUMENT;BLOCK;EUR;4;20288.50000000;375;PRC_DECOMP_EXCHANGE;;;;XEUR;7296065;589;EXCHANGE
17.12.2024;15:35:16.609;FDAX SI 20241220 CS;SIMPLE_INSTRUMENT;EFP_IDX;EUR;5;20270.00000000;150;EXCHANGE_LAST;;1;1;XEUR;7296065;589;
17.12.2024;16:32:54.880;FDAX SI 20250321 CS;SIMPLE_INSTRUMENT;VOLA;EUR;671088650;20480.00000000;8;EXCHANGE_LAST;;1;1;XEUR;7561255;589;
17.12.2024;09:21:43.913;FEBD SI 20251219 CS;SIMPLE_INSTRUMENT;BLOCK;EUR;17;10.25000000;1500;EXCHANGE_LAST;;1;1;XEUR;5914075;597;
17.12.2024;10:04:48.963;FEBD SI 20251219 CS;SIMPLE_INSTRUMENT;BLOCK;EUR;31;10.24000000;1000;EXCHANGE_LAST;;1;3;XEUR;5914075;597;
17.12.2024;08:31:01.557;FECX.S.DEC24.MAR25.SPD;FUTURES_SPREAD;BLOCK;EUR;1;-1.30000000;80;EXCHANGE_LAST;;1;1;XEUR;73819209234120728;410158;
17.12.2024;08:31:01.557;FECX SI 20250321 CS;SIMPLE_INSTRUMENT;BLOCK;EUR;1;166.85000000;80;PRC_DECOMP_MEMBER;;;;XEUR;11427948;410158;MEMBER
17.12.2024;08:31:01.557;FECX SI 20241220 CS;SIMPLE_INSTRUMENT;BLOCK;EUR;1;165.55000000;80;PRC_DECOMP_MEMBER;;;;XEUR;10920731;410158;MEMBER
17.12.2024;08:59:30.428;FECX.S.DEC24.MAR25.SPD;FUTURES_SPREAD;BLOCK;EUR;10;-1.30000000;60;EXCHANGE_LAST;;1;1;XEUR;73819209234120728;410158;
17.12.2024;08:59:30.428;FECX SI 20250321 CS;SIMPLE_INSTRUMENT;BLOCK;EUR;10;166.85000000;60;PRC_DECOMP_MEMBER;;;;XEUR;11427948;410158;MEMBER
17.12.2024;08:59:30.428;FECX SI 20241220 CS;SIMPLE_INSTRUMENT;BLOCK;EUR;10;165.55000000;60;PRC_DECOMP_MEMBER;;;;XEUR;10920731;410158;MEMBER
17.12.2024;10:38:20.649;FECX.S.DEC24.MAR25.SPD;FUTURES_SPREAD;BLOCK;EUR;45;-1.25000000;425;EXCHANGE_LAST;;1;1;XEUR;73819209234120728;410158;
17.12.2024;10:38:20.649;FECX SI 20250321 CS;SIMPLE_INSTRUMENT;BLOCK;EUR;45;166.95000000;425;PRC_DECOMP_MEMBER;;;;XEUR;11427948;410158;MEMBER
17.12.2024;10:38:20.649;FECX SI 20241220 CS;SIMPLE_INSTRUMENT;BLOCK;EUR;45;165.70000000;425;PRC_DECOMP_MEMBER;;;;XEUR;10920731;410158;MEMBER
17.12.2024;13:57:12.992;FECX SI 20250321 CS;SIMPLE_INSTRUMENT;BLOCK;EUR;99;166.84000000;100;EXCHANGE_LAST;;1;1;XEUR;11427948;410158;
17.12.2024;15:56:38.562;FECX SI 20250321 CS;SIMPLE_INSTRUMENT;BLOCK;EUR;138;166.92000000;34;EXCHANGE_LAST;;1;1;XEUR;11427948;410158;
17.12.2024;09:17:47.047;FEDV.S.DEC24.MAR25.SPD;FUTURES_SPREAD;BLOCK;EUR;15;-11.50000000;1280;EXCHANGE_LAST;;1;1;XEUR;72060153838436444;596;
17.12.2024;09:17:47.047;FEDV SI 20241220 CS;SIMPLE_INSTRUMENT;BLOCK;EUR;15;1620.00000000;1280;PRC_DECOMP_EXCHANGE;;;;XEUR;10838883;596;EXCHANGE
17.12.2024;09:17:47.047;FEDV SI 20250321 CS;SIMPLE_INSTRUMENT;BLOCK;EUR;15;1631.50000000;1280;PRC_DECOMP_EXCHANGE;;;;XEUR;11359068;596;EXCHANGE
17.12.2024;09:17:54.835;FEDV.S.DEC24.MAR25.SPD;FUTURES_SPREAD;BLOCK;EUR;16;-11.00000000;427;EXCHANGE_LAST;;1;1;XEUR;72060153838436444;596;
17.12.2024;09:17:54.835;FEDV SI 20241220 CS;SIMPLE_INSTRUMENT;BLOCK;EUR;16;1620.50000000;427;PRC_DECOMP_EXCHANGE;;;;XEUR;10838883;596;EXCHANGE
17.12.2024;09:17:54.835;FEDV SI 20250321 CS;SIMPLE_INSTRUMENT;BLOCK;EUR;16;1631.50000000;427;PRC_DECOMP_EXCHANGE;;;;XEUR;11359068;596;EXCHANGE
17.12.2024;11:16:33.808;FEDV.S.DEC24.MAR25.SPD;FUTURES_SPREAD;BLOCK;EUR;53;-11.00000000;500;EXCHANGE_LAST;;1;1;XEUR;72060153838436444;596;
17.12.2024;11:16:33.808;FEDV SI 20241220 CS;SIMPLE_INSTRUMENT;BLOCK;EUR;53;1617.50000000;500;PRC_DECOMP_MEMBER;;;;XEUR;10838883;596;MEMBER
17.12.2024;11:16:33.808;FEDV SI 20250321 CS;SIMPLE_INSTRUMENT;BLOCK;EUR;53;1628.50000000;500;PRC_DECOMP_MEMBER;;;;XEUR;11359068;596;MEMBER
17.12.2024;11:16:28.205;FEDV.S.DEC24.MAR25.SPD;FUTURES_SPREAD;BLOCK;EUR;54;-11.50000000;500;EXCHANGE_LAST;;1;1;XEUR;72060153838436444;596;
17.12.2024;11:16:28.205;FEDV SI 20241220 CS;SIMPLE_INSTRUMENT;BLOCK;EUR;54;1617.50000000;500;PRC_DECOMP_MEMBER;;;;XEUR;10838883;596;MEMBER
17.12.2024;11:16:28.205;FEDV SI 20250321 CS;SIMPLE_INSTRUMENT;BLOCK;EUR;54;1629.00000000;500;PRC_DECOMP_MEMBER;;;;XEUR;11359068;596;MEMBER
17.12.2024;11:17:54.597;FEDV SI 20250321 CS;SIMPLE_INSTRUMENT;BLOCK;EUR;55;1629.00000000;250;EXCHANGE_LAST;;1;1;XEUR;11359068;596;
17.12.2024;11:24:13.255;FEDV.S.DEC24.MAR25.SPD;FUTURES_SPREAD;BLOCK;EUR;57;-11.50000000;3450;EXCHANGE_LAST;;2;2;XEUR;72060153838436444;596;
17.12.2024;11:24:13.255;FEDV SI 20250321 CS;SIMPLE_INSTRUMENT;BLOCK;EUR;57;1628.50000000;3450;PRC_DECOMP_EXCHANGE;;;;XEUR;11359068;596;EXCHANGE
17.12.2024;11:24:13.255;FEDV SI 20241220 CS;SIMPLE_INSTRUMENT;BLOCK;EUR;57;1617.00000000;3450;PRC_DECOMP_EXCHANGE;;;;XEUR;10838883;596;EXCHANGE
17.12.2024;11:24:13.607;FEDV.S.DEC24.MAR25.SPD;FUTURES_SPREAD;BLOCK;EUR;58;-11.00000000;1150;EXCHANGE_LAST;;2;2;XEUR;72060153838436444;596;
17.12.2024;11:24:13.607;FEDV SI 20250321 CS;SIMPLE_INSTRUMENT;BLOCK;EUR;58;1628.00000000;1150;PRC_DECOMP_EXCHANGE;;;;XEUR;11359068;596;EXCHANGE
17.12.2024;11:24:13.607;FEDV SI 20241220 CS;SIMPLE_INSTRUMENT;BLOCK;EUR;58;1617.00000000;1150;PRC_DECOMP_EXCHANGE;;;;XEUR;10838883;596;EXCHANGE
17.12.2024;11:41:13.407;FEDV.S.DEC24.MAR25.SPD;FUTURES_SPREAD;BLOCK;EUR;65;-11.00000000;250;EXCHANGE_LAST;;1;1;XEUR;72060153838436444;596;
17.12.2024;11:41:13.407;FEDV SI 20241220 CS;SIMPLE_INSTRUMENT;BLOCK;EUR;65;1617.50000000;250;PRC_DECOMP_MEMBER;;;;XEUR;10838883;596;MEMBER
17.12.2024;11:41:13.407;FEDV SI 20250321 CS;SIMPLE_INSTRUMENT;BLOCK;EUR;65;1628.50000000;250;PRC_DECOMP_MEMBER;;;;XEUR;11359068;596;MEMBER
17.12.2024;11:41:21.222;FEDV.S.DEC24.MAR25.SPD;FUTURES_SPREAD;BLOCK;EUR;66;-11.50000000;750;EXCHANGE_LAST;;1;1;XEUR;72060153838436444;596;
17.12.2024;11:41:21.222;FEDV SI 20241220 CS;SIMPLE_INSTRUMENT;BLOCK;EUR;66;1617.50000000;750;PRC_DECOMP_MEMBER;;;;XEUR;10838883;596;MEMBER
17.12.2024;11:41:21.222;FEDV SI 20250321 CS;SIMPLE_INSTRUMENT;BLOCK;EUR;66;1629.00000000;750;PRC_DECOMP_MEMBER;;;;XEUR;11359068;596;MEMBER
17.12.2024;11:46:13.414;FEDV.S.DEC24.MAR25.SPD;FUTURES_SPREAD;BLOCK;EUR;67;-11.50000000;750;EXCHANGE_LAST;;1;1;XEUR;72060153838436444;596;
17.12.2024;11:46:13.414;FEDV SI 20241220 CS;SIMPLE_INSTRUMENT;BLOCK;EUR;67;1617.00000000;750;PRC_DECOMP_MEMBER;;;;XEUR;10838883;596;MEMBER
17.12.2024;11:46:13.414;FEDV SI 20250321 CS;SIMPLE_INSTRUMENT;BLOCK;EUR;67;1628.50000000;750;PRC_DECOMP_MEMBER;;;;XEUR;11359068;596;MEMBER
17.12.2024;11:46:09.386;FEDV.S.DEC24.MAR25.SPD;FUTURES_SPREAD;BLOCK;EUR;68;-11.00000000;250;EXCHANGE_LAST;;1;1;XEUR;72060153838436444;596;
17.12.2024;11:46:09.386;FEDV SI 20241220 CS;SIMPLE_INSTRUMENT;BLOCK;EUR;68;1617.00000000;250;PRC_DECOMP_MEMBER;;;;XEUR;10838883;596;MEMBER
17.12.2024;11:46:09.386;FEDV SI 20250321 CS;SIMPLE_INSTRUMENT;BLOCK;EUR;68;1628.00000000;250;PRC_DECOMP_MEMBER;;;;XEUR;11359068;596;MEMBER
17.12.2024;11:56:01.048;FEDV.S.DEC24.MAR25.SPD;FUTURES_SPREAD;BLOCK;EUR;72;-11.00000000;475;EXCHANGE_LAST;;1;1;XEUR;72060153838436444;596;
17.12.2024;11:56:01.048;FEDV SI 20241220 CS;SIMPLE_INSTRUMENT;BLOCK;EUR;72;1617.00000000;475;PRC_DECOMP_MEMBER;;;;XEUR;10838883;596;MEMBER
17.12.2024;11:56:01.048;FEDV SI 20250321 CS;SIMPLE_INSTRUMENT;BLOCK;EUR;72;1628.00000000;475;PRC_DECOMP_MEMBER;;;;XEUR;11359068;596;MEMBER
17.12.2024;11:55:53.369;FEDV.S.DEC24.MAR25.SPD;FUTURES_SPREAD;BLOCK;EUR;73;-11.50000000;1425;EXCHANGE_LAST;;1;1;XEUR;72060153838436444;596;
17.12.2024;11:55:53.369;FEDV SI 20241220 CS;SIMPLE_INSTRUMENT;BLOCK;EUR;73;1617.00000000;1425;PRC_DECOMP_MEMBER;;;;XEUR;10838883;596;MEMBER
17.12.2024;11:55:53.369;FEDV SI 20250321 CS;SIMPLE_INSTRUMENT;BLOCK;EUR;73;1628.50000000;1425;PRC_DECOMP_MEMBER;;;;XEUR;11359068;596;MEMBER
17.12.2024;12:04:21.898;FEDV.S.DEC24.MAR25.SPD;FUTURES_SPREAD;BLOCK;EUR;76;-11.00000000;625;EXCHANGE_LAST;;1;1;XEUR;72060153838436444;596;
17.12.2024;12:04:21.898;FEDV SI 20250321 CS;SIMPLE_INSTRUMENT;BLOCK;EUR;76;1628.00000000;625;PRC_DECOMP_MEMBER;;;;XEUR;11359068;596;MEMBER
17.12.2024;12:04:21.898;FEDV SI 20241220 CS;SIMPLE_INSTRUMENT;BLOCK;EUR;76;1617.00000000;625;PRC_DECOMP_MEMBER;;;;XEUR;10838883;596;MEMBER
17.12.2024;12:04:27.003;FEDV.S.DEC24.MAR25.SPD;FUTURES_SPREAD;BLOCK;EUR;77;-11.50000000;1875;EXCHANGE_LAST;;1;1;XEUR;72060153838436444;596;
17.12.2024;12:04:27.003;FEDV SI 20241220 CS;SIMPLE_INSTRUMENT;BLOCK;EUR;77;1617.00000000;1875;PRC_DECOMP_MEMBER;;;;XEUR;10838883;596;MEMBER
17.12.2024;12:04:27.003;FEDV SI 20250321 CS;SIMPLE_INSTRUMENT;BLOCK;EUR;77;1628.50000000;1875;PRC_DECOMP_MEMBER;;;;XEUR;11359068;596;MEMBER
17.12.2024;13:07:36.915;FEDV SI 20241220 CS;SIMPLE_INSTRUMENT;BLOCK;EUR;88;1615.00000000;10000;EXCHANGE_LAST;;4;1;XEUR;10838883;596;
17.12.2024;14:44:28.449;FEDV.S.DEC24.MAR25.SPD;FUTURES_SPREAD;BLOCK;EUR;112;-11.00000000;375;EXCHANGE_LAST;;1;1;XEUR;72060153838436444;596;
17.12.2024;14:44:28.449;FEDV SI 20250321 CS;SIMPLE_INSTRUMENT;BLOCK;EUR;112;1623.50000000;375;PRC_DECOMP_MEMBER;;;;XEUR;11359068;596;MEMBER
17.12.2024;14:44:28.449;FEDV SI 20241220 CS;SIMPLE_INSTRUMENT;BLOCK;EUR;112;1612.50000000;375;PRC_DECOMP_MEMBER;;;;XEUR;10838883;596;MEMBER
17.12.2024;14:44:57.184;FEDV.S.DEC24.MAR25.SPD;FUTURES_SPREAD;BLOCK;EUR;113;-11.50000000;1125;EXCHANGE_LAST;;1;1;XEUR;72060153838436444;596;
17.12.2024;14:44:57.184;FEDV SI 20250321 CS;SIMPLE_INSTRUMENT;BLOCK;EUR;113;1624.00000000;1125;PRC_DECOMP_MEMBER;;;;XEUR;11359068;596;MEMBER
17.12.2024;14:44:57.184;FEDV SI 20241220 CS;SIMPLE_INSTRUMENT;BLOCK;EUR;113;1612.50000000;1125;PRC_DECOMP_MEMBER;;;;XEUR;10838883;596;MEMBER
17.12.2024;14:57:06.412;FEDV.S.DEC24.MAR25.SPD;FUTURES_SPREAD;BLOCK;EUR;124;-11.00000000;125;EXCHANGE_LAST;;1;1;XEUR;72060153838436444;596;
17.12.2024;14:57:06.412;FEDV SI 20250321 CS;SIMPLE_INSTRUMENT;BLOCK;EUR;124;1623.50000000;125;PRC_DECOMP_MEMBER;;;;XEUR;11359068;596;MEMBER
17.12.2024;14:57:06.412;FEDV SI 20241220 CS;SIMPLE_INSTRUMENT;BLOCK;EUR;124;1612.50000000;125;PRC_DECOMP_MEMBER;;;;XEUR;10838883;596;MEMBER
17.12.2024;14:57:41.412;FEDV.S.DEC24.MAR25.SPD;FUTURES_SPREAD;BLOCK;EUR;125;-11.50000000;375;EXCHANGE_LAST;;1;1;XEUR;72060153838436444;596;
17.12.2024;14:57:41.412;FEDV SI 20250321 CS;SIMPLE_INSTRUMENT;BLOCK;EUR;125;1624.00000000;375;PRC_DECOMP_MEMBER;;;;XEUR;11359068;596;MEMBER
17.12.2024;14:57:41.412;FEDV SI 20241220 CS;SIMPLE_INSTRUMENT;BLOCK;EUR;125;1612.50000000;375;PRC_DECOMP_MEMBER;;;;XEUR;10838883;596;MEMBER
17.12.2024;14:00:50.008;FEHY SI 20250321 CS;SIMPLE_INSTRUMENT;BLOCK;EUR;100;295.62000000;155;EXCHANGE_LAST;;1;1;XEUR;11428365;574047;
17.12.2024;08:12:34.036;FESB.S.DEC24.MAR25.SPD;FUTURES_SPREAD;BLOCK;EUR;114;-0.56000000;2068;EXCHANGE_LAST;;1;1;XEUR;72060192493142108;605;
17.12.2024;08:12:34.036;FESB SI 20250321 CS;SIMPLE_INSTRUMENT;BLOCK;EUR;114;147.65000000;2068;PRC_DECOMP_EXCHANGE;;;;XEUR;11359072;605;EXCHANGE
17.12.2024;08:12:34.036;FESB SI 20241220 CS;SIMPLE_INSTRUMENT;BLOCK;EUR;114;147.09000000;2068;PRC_DECOMP_EXCHANGE;;;;XEUR;10838895;605;EXCHANGE
17.12.2024;08:12:25.036;FESB.S.DEC24.MAR25.SPD;FUTURES_SPREAD;BLOCK;EUR;115;-0.58000000;6205;EXCHANGE_LAST;;1;1;XEUR;72060192493142108;605;
17.12.2024;08:12:25.036;FESB SI 20241220 CS;SIMPLE_INSTRUMENT;BLOCK;EUR;115;147.07000000;6205;PRC_DECOMP_EXCHANGE;;;;XEUR;10838895;605;EXCHANGE
17.12.2024;08:12:25.036;FESB SI 20250321 CS;SIMPLE_INSTRUMENT;BLOCK;EUR;115;147.65000000;6205;PRC_DECOMP_EXCHANGE;;;;XEUR;11359072;605;EXCHANGE
17.12.2024;08:15:35.047;FESB.S.DEC24.MAR25.SPD;FUTURES_SPREAD;BLOCK;EUR;117;-0.58000000;5000;EXCHANGE_LAST;;1;1;XEUR;72060192493142108;605;
17.12.2024;08:15:35.047;FESB SI 20250321 CS;SIMPLE_INSTRUMENT;BLOCK;EUR;117;147.80000000;5000;PRC_DECOMP_EXCHANGE;;;;XEUR;11359072;605;EXCHANGE
17.12.2024;08:15:35.047;FESB SI 20241220 CS;SIMPLE_INSTRUMENT;BLOCK;EUR;117;147.22000000;5000;PRC_DECOMP_EXCHANGE;;;;XEUR;10838895;605;EXCHANGE
17.12.2024;08:28:12.086;FESB.S.DEC24.MAR25.SPD;FUTURES_SPREAD;BLOCK;EUR;133;-0.60000000;3089;EXCHANGE_LAST;;1;1;XEUR;72060192493142108;605;
17.12.2024;08:28:12.086;FESB SI 20241220 CS;SIMPLE_INSTRUMENT;BLOCK;EUR;133;146.95000000;3089;PRC_DECOMP_EXCHANGE;;;;XEUR;10838895;605;EXCHANGE
17.12.2024;08:28:12.086;FESB SI 20250321 CS;SIMPLE_INSTRUMENT;BLOCK;EUR;133;147.55000000;3089;PRC_DECOMP_EXCHANGE;;;;XEUR;11359072;605;EXCHANGE
17.12.2024;08:28:24.087;FESB.S.DEC24.MAR25.SPD;FUTURES_SPREAD;BLOCK;EUR;134;-0.58000000;4633;EXCHANGE_LAST;;1;1;XEUR;72060192493142108;605;
17.12.2024;08:28:24.087;FESB SI 20241220 CS;SIMPLE_INSTRUMENT;BLOCK;EUR;134;146.97000000;4633;PRC_DECOMP_EXCHANGE;;;;XEUR;10838895;605;EXCHANGE
17.12.2024;08:28:24.087;FESB SI 20250321 CS;SIMPLE_INSTRUMENT;BLOCK;EUR;134;147.55000000;4633;PRC_DECOMP_EXCHANGE;;;;XEUR;11359072;605;EXCHANGE
17.12.2024;09:31:12.984;FESB.S.DEC24.MAR25.SPD;FUTURES_SPREAD;BLOCK;EUR;196;-0.50000000;8100;EXCHANGE_LAST;;1;1;XEUR;72060192493142108;605;
17.12.2024;09:31:12.984;FESB SI 20250321 CS;SIMPLE_INSTRUMENT;BLOCK;EUR;196;147.00000000;8100;PRC_DECOMP_MEMBER;;;;XEUR;11359072;605;MEMBER
17.12.2024;09:31:12.984;FESB SI 20241220 CS;SIMPLE_INSTRUMENT;BLOCK;EUR;196;146.50000000;8100;PRC_DECOMP_MEMBER;;;;XEUR;10838895;605;MEMBER
17.12.2024;09:31:34.938;FESB.S.DEC24.MAR25.SPD;FUTURES_SPREAD;BLOCK;EUR;197;-1.00000000;1900;EXCHANGE_LAST;;1;1;XEUR;72060192493142108;605;
17.12.2024;09:31:34.938;FESB SI 20250321 CS;SIMPLE_INSTRUMENT;BLOCK;EUR;197;147.50000000;1900;PRC_DECOMP_MEMBER;;;;XEUR;11359072;605;MEMBER
17.12.2024;09:31:34.938;FESB SI 20241220 CS;SIMPLE_INSTRUMENT;BLOCK;EUR;197;146.50000000;1900;PRC_DECOMP_MEMBER;;;;XEUR;10838895;605;MEMBER
17.12.2024;10:27:23.477;FESB.S.DEC24.MAR25.SPD;FUTURES_SPREAD;BLOCK;EUR;277;-0.60000000;3750;EXCHANGE_LAST;;1;1;XEUR;72060192493142108;605;
17.12.2024;10:27:23.477;FESB SI 20241220 CS;SIMPLE_INSTRUMENT;BLOCK;EUR;277;146.15000000;3750;PRC_DECOMP_EXCHANGE;;;;XEUR;10838895;605;EXCHANGE
17.12.2024;10:27:23.477;FESB SI 20250321 CS;SIMPLE_INSTRUMENT;BLOCK;EUR;277;146.75000000;3750;PRC_DECOMP_EXCHANGE;;;;XEUR;11359072;605;EXCHANGE
17.12.2024;10:28:34.210;FESB.S.DEC24.MAR25.SPD;FUTURES_SPREAD;BLOCK;EUR;278;-0.62000000;11250;EXCHANGE_LAST;;1;1;XEUR;72060192493142108;605;
17.12.2024;10:28:34.210;FESB SI 20241220 CS;SIMPLE_INSTRUMENT;BLOCK;EUR;278;146.18000000;11250;PRC_DECOMP_EXCHANGE;;;;XEUR;10838895;605;EXCHANGE
17.12.2024;10:28:34.210;FESB SI 20250321 CS;SIMPLE_INSTRUMENT;BLOCK;EUR;278;146.80000000;11250;PRC_DECOMP_EXCHANGE;;;;XEUR;11359072;605;EXCHANGE
17.12.2024;10:34:32.688;FESB.S.DEC24.MAR25.SPD;FUTURES_SPREAD;BLOCK;EUR;279;-0.62000000;3196;EXCHANGE_LAST;;1;1;XEUR;72060192493142108;605;
17.12.2024;10:34:32.688;FESB SI 20250321 CS;SIMPLE_INSTRUMENT;BLOCK;EUR;279;147.00000000;3196;PRC_DECOMP_EXCHANGE;;;;XEUR;11359072;605;EXCHANGE
17.12.2024;10:34:32.688;FESB SI 20241220 CS;SIMPLE_INSTRUMENT;BLOCK;EUR;279;146.38000000;3196;PRC_DECOMP_EXCHANGE;;;;XEUR;10838895;605;EXCHANGE
17.12.2024;10:34:52.458;FESB.S.DEC24.MAR25.SPD;FUTURES_SPREAD;BLOCK;EUR;280;-0.60000000;3196;EXCHANGE_LAST;;1;1;XEUR;72060192493142108;605;
17.12.2024;10:34:52.458;FESB SI 20241220 CS;SIMPLE_INSTRUMENT;BLOCK;EUR;280;146.40000000;3196;PRC_DECOMP_EXCHANGE;;;;XEUR;10838895;605;EXCHANGE
17.12.2024;10:34:52.458;FESB SI 20250321 CS;SIMPLE_INSTRUMENT;BLOCK;EUR;280;147.00000000;3196;PRC_DECOMP_EXCHANGE;;;;XEUR;11359072;605;EXCHANGE
17.12.2024;11:21:52.108;FESB.S.DEC24.MAR25.SPD;FUTURES_SPREAD;BLOCK;EUR;321;-0.60000000;5000;EXCHANGE_LAST;;1;1;XEUR;72060192493142108;605;
17.12.2024;11:21:52.108;FESB SI 20250321 CS;SIMPLE_INSTRUMENT;BLOCK;EUR;321;147.05000000;5000;PRC_DECOMP_EXCHANGE;;;;XEUR;11359072;605;EXCHANGE
17.12.2024;11:21:52.108;FESB SI 20241220 CS;SIMPLE_INSTRUMENT;BLOCK;EUR;321;146.45000000;5000;PRC_DECOMP_EXCHANGE;;;;XEUR;10838895;605;EXCHANGE
17.12.2024;11:55:08.822;FESB.S.DEC24.MAR25.SPD;FUTURES_SPREAD;BLOCK;EUR;347;-0.60000000;4783;EXCHANGE_LAST;;1;1;XEUR;72060192493142108;605;
17.12.2024;11:55:08.822;FESB SI 20241220 CS;SIMPLE_INSTRUMENT;BLOCK;EUR;347;146.20000000;4783;PRC_DECOMP_MEMBER;;;;XEUR;10838895;605;MEMBER
17.12.2024;11:55:08.822;FESB SI 20250321 CS;SIMPLE_INSTRUMENT;BLOCK;EUR;347;146.80000000;4783;PRC_DECOMP_MEMBER;;;;XEUR;11359072;605;MEMBER
17.12.2024;11:58:19.058;FESB SI 20241220 CS;SIMPLE_INSTRUMENT;BLOCK;EUR;348;146.00000000;6243;EXCHANGE_LAST;;1;1;XEUR;10838895;605;
17.12.2024;11:57:53.069;FESB SI 20250321 CS;SIMPLE_INSTRUMENT;BLOCK;EUR;349;146.65000000;1873;EXCHANGE_LAST;;1;1;XEUR;11359072;605;
17.12.2024;11:58:05.714;FESB SI 20250321 CS;SIMPLE_INSTRUMENT;BLOCK;EUR;350;146.60000000;4370;EXCHANGE_LAST;;1;1;XEUR;11359072;605;
17.12.2024;11:55:32.220;FESB.S.DEC24.MAR25.SPD;FUTURES_SPREAD;BLOCK;EUR;351;-0.62000000;4783;EXCHANGE_LAST;;1;1;XEUR;72060192493142108;605;
17.12.2024;11:55:32.220;FESB SI 20250321 CS;SIMPLE_INSTRUMENT;BLOCK;EUR;351;146.82000000;4783;PRC_DECOMP_MEMBER;;;;XEUR;11359072;605;MEMBER
17.12.2024;11:55:32.220;FESB SI 20241220 CS;SIMPLE_INSTRUMENT;BLOCK;EUR;351;146.20000000;4783;PRC_DECOMP_MEMBER;;;;XEUR;10838895;605;MEMBER
17.12.2024;11:59:33.282;FESB.S.DEC24.MAR25.SPD;FUTURES_SPREAD;BLOCK;EUR;352;-0.50000000;6375;EXCHANGE_LAST;;1;1;XEUR;72060192493142108;605;
17.12.2024;11:59:33.282;FESB SI 20241220 CS;SIMPLE_INSTRUMENT;BLOCK;EUR;352;146.00000000;6375;PRC_DECOMP_MEMBER;;;;XEUR;10838895;605;MEMBER
17.12.2024;11:59:33.282;FESB SI 20250321 CS;SIMPLE_INSTRUMENT;BLOCK;EUR;352;146.50000000;6375;PRC_DECOMP_MEMBER;;;;XEUR;11359072;605;MEMBER
17.12.2024;11:59:08.461;FESB.S.DEC24.MAR25.SPD;FUTURES_SPREAD;BLOCK;EUR;353;-0.70000000;8625;EXCHANGE_LAST;;1;1;XEUR;72060192493142108;605;
17.12.2024;11:59:08.461;FESB SI 20250321 CS;SIMPLE_INSTRUMENT;BLOCK;EUR;353;146.70000000;8625;PRC_DECOMP_MEMBER;;;;XEUR;11359072;605;MEMBER
17.12.2024;11:59:08.461;FESB SI 20241220 CS;SIMPLE_INSTRUMENT;BLOCK;EUR;353;146.00000000;8625;PRC_DECOMP_MEMBER;;;;XEUR;10838895;605;MEMBER
17.12.2024;11:58:33.717;FESB.S.DEC24.MAR25.SPD;FUTURES_SPREAD;BLOCK;EUR;354;-0.62000000;1716;EXCHANGE_LAST;;1;1;XEUR;72060192493142108;605;
17.12.2024;11:58:33.717;FESB SI 20241220 CS;SIMPLE_INSTRUMENT;BLOCK;EUR;354;146.03000000;1716;PRC_DECOMP_EXCHANGE;;;;XEUR;10838895;605;EXCHANGE
17.12.2024;11:58:33.717;FESB SI 20250321 CS;SIMPLE_INSTRUMENT;BLOCK;EUR;354;146.65000000;1716;PRC_DECOMP_EXCHANGE;;;;XEUR;11359072;605;EXCHANGE
17.12.2024;11:58:42.190;FESB.S.DEC24.MAR25.SPD;FUTURES_SPREAD;BLOCK;EUR;355;-0.60000000;1715;EXCHANGE_LAST;;1;1;XEUR;72060192493142108;605;
17.12.2024;11:58:42.190;FESB SI 20250321 CS;SIMPLE_INSTRUMENT;BLOCK;EUR;355;146.65000000;1715;PRC_DECOMP_EXCHANGE;;;;XEUR;11359072;605;EXCHANGE
17.12.2024;11:58:42.190;FESB SI 20241220 CS;SIMPLE_INSTRUMENT;BLOCK;EUR;355;146.05000000;1715;PRC_DECOMP_EXCHANGE;;;;XEUR;10838895;605;EXCHANGE
17.12.2024;12:01:22.511;FESB.S.DEC24.MAR25.SPD;FUTURES_SPREAD;BLOCK;EUR;356;-0.62000000;1974;EXCHANGE_LAST;;1;1;XEUR;72060192493142108;605;
17.12.2024;12:01:22.511;FESB SI 20241220 CS;SIMPLE_INSTRUMENT;BLOCK;EUR;356;146.03000000;1974;PRC_DECOMP_EXCHANGE;;;;XEUR;10838895;605;EXCHANGE
17.12.2024;12:01:22.511;FESB SI 20250321 CS;SIMPLE_INSTRUMENT;BLOCK;EUR;356;146.65000000;1974;PRC_DECOMP_EXCHANGE;;;;XEUR;11359072;605;EXCHANGE
17.12.2024;12:01:31.636;FESB.S.DEC24.MAR25.SPD;FUTURES_SPREAD;BLOCK;EUR;357;-0.60000000;1975;EXCHANGE_LAST;;1;1;XEUR;72060192493142108;605;
17.12.2024;12:01:31.636;FESB SI 20241220 CS;SIMPLE_INSTRUMENT;BLOCK;EUR;357;146.05000000;1975;PRC_DECOMP_EXCHANGE;;;;XEUR;10838895;605;EXCHANGE
17.12.2024;12:01:31.636;FESB SI 20250321 CS;SIMPLE_INSTRUMENT;BLOCK;EUR;357;146.65000000;1975;PRC_DECOMP_EXCHANGE;;;;XEUR;11359072;605;EXCHANGE
17.12.2024;13:09:29.033;FESB SI 20241220 CS;SIMPLE_INSTRUMENT;BLOCK;EUR;377;145.90000000;10000;EXCHANGE_LAST;;1;1;XEUR;10838895;605;
17.12.2024;13:20:31.494;FESB.S.DEC24.MAR25.SPD;FUTURES_SPREAD;BLOCK;EUR;383;-0.62000000;4826;EXCHANGE_LAST;;1;1;XEUR;72060192493142108;605;
17.12.2024;13:20:31.494;FESB SI 20241220 CS;SIMPLE_INSTRUMENT;BLOCK;EUR;383;145.73000000;4826;PRC_DECOMP_EXCHANGE;;;;XEUR;10838895;605;EXCHANGE
17.12.2024;13:20:31.494;FESB SI 20250321 CS;SIMPLE_INSTRUMENT;BLOCK;EUR;383;146.35000000;4826;PRC_DECOMP_EXCHANGE;;;;XEUR;11359072;605;EXCHANGE
17.12.2024;13:20:40.822;FESB.S.DEC24.MAR25.SPD;FUTURES_SPREAD;BLOCK;EUR;384;-0.60000000;4826;EXCHANGE_LAST;;1;1;XEUR;72060192493142108;605;
17.12.2024;13:20:40.822;FESB SI 20241220 CS;SIMPLE_INSTRUMENT;BLOCK;EUR;384;145.75000000;4826;PRC_DECOMP_EXCHANGE;;;;XEUR;10838895;605;EXCHANGE
17.12.2024;13:20:40.822;FESB SI 20250321 CS;SIMPLE_INSTRUMENT;BLOCK;EUR;384;146.35000000;4826;PRC_DECOMP_EXCHANGE;;;;XEUR;11359072;605;EXCHANGE
17.12.2024;14:22:19.847;FESB SI 20250321 CS;SIMPLE_INSTRUMENT;BLOCK;EUR;407;146.30000000;6200;EXCHANGE_LAST;;1;1;XEUR;11359072;605;
17.12.2024;14:47:40.837;FESB.S.DEC24.MAR25.SPD;FUTURES_SPREAD;BLOCK;EUR;431;-0.64000000;2917;EXCHANGE_LAST;;1;1;XEUR;72060192493142108;605;
17.12.2024;14:47:40.837;FESB SI 20241220 CS;SIMPLE_INSTRUMENT;BLOCK;EUR;431;144.81000000;2917;PRC_DECOMP_EXCHANGE;;;;XEUR;10838895;605;EXCHANGE
17.12.2024;14:47:40.837;FESB SI 20250321 CS;SIMPLE_INSTRUMENT;BLOCK;EUR;431;145.45000000;2917;PRC_DECOMP_EXCHANGE;;;;XEUR;11359072;605;EXCHANGE
17.12.2024;14:47:59.154;FESB.S.DEC24.MAR25.SPD;FUTURES_SPREAD;BLOCK;EUR;432;-0.58000000;2083;EXCHANGE_LAST;;1;1;XEUR;72060192493142108;605;
17.12.2024;14:47:59.154;FESB SI 20250321 CS;SIMPLE_INSTRUMENT;BLOCK;EUR;432;145.50000000;2083;PRC_DECOMP_EXCHANGE;;;;XEUR;11359072;605;EXCHANGE
17.12.2024;14:47:59.154;FESB SI 20241220 CS;SIMPLE_INSTRUMENT;BLOCK;EUR;432;144.92000000;2083;PRC_DECOMP_EXCHANGE;;;;XEUR;10838895;605;EXCHANGE
17.12.2024;14:52:33.969;FESB SI 20241220 CS;SIMPLE_INSTRUMENT;BLOCK;EUR;437;145.20000000;10000;EXCHANGE_LAST;;1;1;XEUR;10838895;605;
17.12.2024;15:22:46.466;FESB SI 20241220 CS;SIMPLE_INSTRUMENT;BLOCK;EUR;469;144.90000000;20000;EXCHANGE_LAST;;1;1;XEUR;10838895;605;
17.12.2024;15:25:23.355;FESB SI 20241220 CS;SIMPLE_INSTRUMENT;BLOCK;EUR;472;144.90000000;5000;EXCHANGE_LAST;;1;1;XEUR;10838895;605;
17.12.2024;15:27:26.920;FESB SI 20241220 CS;SIMPLE_INSTRUMENT;BLOCK;EUR;473;144.90000000;5000;EXCHANGE_LAST;;1;1;XEUR;10838895;605;
17.12.2024;15:31:50.858;FESB.S.DEC24.MAR25.SPD;FUTURES_SPREAD;BLOCK;EUR;480;-0.58000000;8329;EXCHANGE_LAST;;1;1;XEUR;72060192493142108;605;
17.12.2024;15:31:50.858;FESB SI 20241220 CS;SIMPLE_INSTRUMENT;BLOCK;EUR;480;145.30000000;8329;PRC_DECOMP_MEMBER;;;;XEUR;10838895;605;MEMBER
17.12.2024;15:31:50.858;FESB SI 20250321 CS;SIMPLE_INSTRUMENT;BLOCK;EUR;480;145.88000000;8329;PRC_DECOMP_MEMBER;;;;XEUR;11359072;605;MEMBER
17.12.2024;15:32:06.790;FESB.S.DEC24.MAR25.SPD;FUTURES_SPREAD;BLOCK;EUR;482;-0.62000000;2776;EXCHANGE_LAST;;1;1;XEUR;72060192493142108;605;
17.12.2024;15:32:06.790;FESB SI 20250321 CS;SIMPLE_INSTRUMENT;BLOCK;EUR;482;145.92000000;2776;PRC_DECOMP_MEMBER;;;;XEUR;11359072;605;MEMBER
17.12.2024;15:32:06.790;FESB SI 20241220 CS;SIMPLE_INSTRUMENT;BLOCK;EUR;482;145.30000000;2776;PRC_DECOMP_MEMBER;;;;XEUR;10838895;605;MEMBER
17.12.2024;16:02:14.517;FESB SI 20241220 CS;SIMPLE_INSTRUMENT;BLOCK;EUR;504;145.20000000;4540;EXCHANGE_LAST;;1;1;XEUR;10838895;605;
17.12.2024;16:40:47.122;FESB.S.DEC24.MAR25.SPD;FUTURES_SPREAD;BLOCK;EUR;536;-0.58000000;2000;EXCHANGE_LAST;;1;1;XEUR;72060192493142108;605;
17.12.2024;16:40:47.122;FESB SI 20241220 CS;SIMPLE_INSTRUMENT;BLOCK;EUR;536;145.02000000;2000;PRC_DECOMP_EXCHANGE;;;;XEUR;10838895;605;EXCHANGE
17.12.2024;16:40:47.122;FESB SI 20250321 CS;SIMPLE_INSTRUMENT;BLOCK;EUR;536;145.60000000;2000;PRC_DECOMP_EXCHANGE;;;;XEUR;11359072;605;EXCHANGE
17.12.2024;16:41:03.598;FESB.S.DEC24.MAR25.SPD;FUTURES_SPREAD;BLOCK;EUR;537;-0.60000000;2000;EXCHANGE_LAST;;1;1;XEUR;72060192493142108;605;
17.12.2024;16:41:03.598;FESB SI 20241220 CS;SIMPLE_INSTRUMENT;BLOCK;EUR;537;145.00000000;2000;PRC_DECOMP_EXCHANGE;;;;XEUR;10838895;605;EXCHANGE
17.12.2024;16:41:03.598;FESB SI 20250321 CS;SIMPLE_INSTRUMENT;BLOCK;EUR;537;145.60000000;2000;PRC_DECOMP_EXCHANGE;;;;XEUR;11359072;605;EXCHANGE
17.12.2024;09:30:26.044;FESB SI 20241220 CS;SIMPLE_INSTRUMENT;VOLA;EUR;603979780;147.40000000;240;EXCHANGE_LAST;;1;1;XEUR;10838895;605;
17.12.2024;09:30:47.061;FESB SI 20241220 CS;SIMPLE_INSTRUMENT;VOLA;EUR;603979781;147.40000000;240;EXCHANGE_LAST;;1;1;XEUR;10838895;605;
17.12.2024;12:44:07.980;FESB SI 20250321 CS;SIMPLE_INSTRUMENT;VOLA;EUR;603979801;146.80000000;600;EXCHANGE_LAST;;1;1;XEUR;11359072;605;
17.12.2024;15:02:05.839;FESB SI 20241220 CS;SIMPLE_INSTRUMENT;VOLA;EUR;603979818;145.50000000;450;EXCHANGE_LAST;;1;1;XEUR;10838895;605;
17.12.2024;09:18:52.476;FESH SI 20241220 CS;SIMPLE_INSTRUMENT;BLOCK;EUR;12;809.90000000;250;EXCHANGE_LAST;;1;1;XEUR;10839522;686;
17.12.2024;09:18:58.585;FESH SI 20250321 CS;SIMPLE_INSTRUMENT;BLOCK;EUR;13;817.20000000;250;EXCHANGE_LAST;;1;1;XEUR;11359715;686;
17.12.2024;12:55:29.096;FESK SI 20241220 CS;SIMPLE_INSTRUMENT;BLOCK;EUR;51;448.80000000;3010;EXCHANGE_LAST;;1;1;XEUR;10876226;285660;
17.12.2024;12:57:12.193;FESK SI 20250321 CS;SIMPLE_INSTRUMENT;BLOCK;EUR;52;452.40000000;2709;EXCHANGE_LAST;;1;1;XEUR;11399139;285660;
17.12.2024;12:57:40.648;FESK SI 20250321 CS;SIMPLE_INSTRUMENT;BLOCK;EUR;53;452.50000000;301;EXCHANGE_LAST;;1;1;XEUR;11399139;285660;
17.12.2024;10:37:48.587;FESL.S.DEC24.MAR25.SPD;FUTURES_SPREAD;BLOCK;EUR;26;-1.20000000;1185;EXCHANGE_LAST;;1;1;XEUR;72060514615689308;680;
17.12.2024;10:37:48.587;FESL SI 20241220 CS;SIMPLE_INSTRUMENT;BLOCK;EUR;26;145.10000000;1185;PRC_DECOMP_EXCHANGE;;;;XEUR;10839396;680;EXCHANGE
17.12.2024;10:37:48.587;FESL SI 20250321 CS;SIMPLE_INSTRUMENT;BLOCK;EUR;26;146.30000000;1185;PRC_DECOMP_EXCHANGE;;;;XEUR;11359619;680;EXCHANGE
17.12.2024;17:10:15.624;FESS SI 20241220 CS;SIMPLE_INSTRUMENT;EFP_IDX;EUR;101;176.90000000;1800;EXCHANGE_LAST;;1;1;XEUR;10839385;679;
17.12.2024;08:52:10.143;FESX.S.DEC24.MAR25.SPD;FUTURES_SPREAD;BLOCK;EUR;1;-26.88000000;3475;EXCHANGE_LAST;;1;1;XEUR;72060493140861185;675;
17.12.2024;08:52:10.143;FESX SI 20241220 CS;SIMPLE_INSTRUMENT;BLOCK;EUR;1;4946.12000000;3475;PRC_DECOMP_EXCHANGE;;;;XEUR;7793479;675;EXCHANGE
17.12.2024;08:52:10.143;FESX SI 20250321 CS;SIMPLE_INSTRUMENT;BLOCK;EUR;1;4973.00000000;3475;PRC_DECOMP_EXCHANGE;;;;XEUR;7793482;675;EXCHANGE
17.12.2024;08:52:10.602;FESX.S.DEC24.MAR25.SPD;FUTURES_SPREAD;BLOCK;EUR;2;-26.87000000;3475;EXCHANGE_LAST;;1;1;XEUR;72060493140861185;675;
17.12.2024;08:52:10.602;FESX SI 20250321 CS;SIMPLE_INSTRUMENT;BLOCK;EUR;2;4973.00000000;3475;PRC_DECOMP_EXCHANGE;;;;XEUR;7793482;675;EXCHANGE
17.12.2024;08:52:10.602;FESX SI 20241220 CS;SIMPLE_INSTRUMENT;BLOCK;EUR;2;4946.13000000;3475;PRC_DECOMP_EXCHANGE;;;;XEUR;7793479;675;EXCHANGE
17.12.2024;08:58:24.623;FESX.S.DEC24.MAR25.SPD;FUTURES_SPREAD;BLOCK;EUR;3;-27.00000000;5986;EXCHANGE_LAST;;1;1;XEUR;72060493140861185;675;
17.12.2024;08:58:24.623;FESX SI 20241220 CS;SIMPLE_INSTRUMENT;BLOCK;EUR;3;4950.00000000;5986;PRC_DECOMP_EXCHANGE;;;;XEUR;7793479;675;EXCHANGE
17.12.2024;08:58:24.623;FESX SI 20250321 CS;SIMPLE_INSTRUMENT;BLOCK;EUR;3;4977.00000000;5986;PRC_DECOMP_EXCHANGE;;;;XEUR;7793482;675;EXCHANGE
17.12.2024;08:58:12.445;FESX.S.DEC24.MAR25.SPD;FUTURES_SPREAD;BLOCK;EUR;4;-26.50000000;3991;EXCHANGE_LAST;;1;1;XEUR;72060493140861185;675;
17.12.2024;08:58:12.445;FESX SI 20250321 CS;SIMPLE_INSTRUMENT;BLOCK;EUR;4;4978.00000000;3991;PRC_DECOMP_EXCHANGE;;;;XEUR;7793482;675;EXCHANGE
17.12.2024;08:58:12.445;FESX SI 20241220 CS;SIMPLE_INSTRUMENT;BLOCK;EUR;4;4951.50000000;3991;PRC_DECOMP_EXCHANGE;;;;XEUR;7793479;675;EXCHANGE
17.12.2024;08:59:42.431;FESX.S.DEC24.MAR25.SPD;FUTURES_SPREAD;BLOCK;EUR;5;-26.87000000;5000;EXCHANGE_LAST;;1;1;XEUR;72060493140861185;675;
17.12.2024;08:59:42.431;FESX SI 20250321 CS;SIMPLE_INSTRUMENT;BLOCK;EUR;5;4972.87000000;5000;PRC_DECOMP_MEMBER;;;;XEUR;7793482;675;MEMBER
17.12.2024;08:59:42.431;FESX SI 20241220 CS;SIMPLE_INSTRUMENT;BLOCK;EUR;5;4946.00000000;5000;PRC_DECOMP_MEMBER;;;;XEUR;7793479;675;MEMBER
17.12.2024;08:59:47.492;FESX.S.DEC24.MAR25.SPD;FUTURES_SPREAD;BLOCK;EUR;6;-26.88000000;5000;EXCHANGE_LAST;;1;1;XEUR;72060493140861185;675;
17.12.2024;08:59:47.492;FESX SI 20250321 CS;SIMPLE_INSTRUMENT;BLOCK;EUR;6;4972.88000000;5000;PRC_DECOMP_MEMBER;;;;XEUR;7793482;675;MEMBER
17.12.2024;08:59:47.492;FESX SI 20241220 CS;SIMPLE_INSTRUMENT;BLOCK;EUR;6;4946.00000000;5000;PRC_DECOMP_MEMBER;;;;XEUR;7793479;675;MEMBER
17.12.2024;09:21:21.731;FESX.S.DEC24.MAR25.SPD;FUTURES_SPREAD;BLOCK;EUR;8;-26.88000000;3150;EXCHANGE_LAST;;1;1;XEUR;72060493140861185;675;
17.12.2024;09:21:21.731;FESX SI 20241220 CS;SIMPLE_INSTRUMENT;BLOCK;EUR;8;4953.12000000;3150;PRC_DECOMP_EXCHANGE;;;;XEUR;7793479;675;EXCHANGE
17.12.2024;09:21:21.731;FESX SI 20250321 CS;SIMPLE_INSTRUMENT;BLOCK;EUR;8;4980.00000000;3150;PRC_DECOMP_EXCHANGE;;;;XEUR;7793482;675;EXCHANGE
17.12.2024;09:21:33.949;FESX.S.DEC24.MAR25.SPD;FUTURES_SPREAD;BLOCK;EUR;9;-26.87000000;3150;EXCHANGE_LAST;;1;1;XEUR;72060493140861185;675;
17.12.2024;09:21:33.949;FESX SI 20241220 CS;SIMPLE_INSTRUMENT;BLOCK;EUR;9;4952.13000000;3150;PRC_DECOMP_EXCHANGE;;;;XEUR;7793479;675;EXCHANGE
17.12.2024;09:21:33.949;FESX SI 20250321 CS;SIMPLE_INSTRUMENT;BLOCK;EUR;9;4979.00000000;3150;PRC_DECOMP_EXCHANGE;;;;XEUR;7793482;675;EXCHANGE
17.12.2024;09:24:17.661;FESX.S.DEC24.MAR25.SPD;FUTURES_SPREAD;BLOCK;EUR;10;-27.00000000;2826;EXCHANGE_LAST;;1;1;XEUR;72060493140861185;675;
17.12.2024;09:24:17.661;FESX SI 20241220 CS;SIMPLE_INSTRUMENT;BLOCK;EUR;10;4952.00000000;2826;PRC_DECOMP_EXCHANGE;;;;XEUR;7793479;675;EXCHANGE
17.12.2024;09:24:17.661;FESX SI 20250321 CS;SIMPLE_INSTRUMENT;BLOCK;EUR;10;4979.00000000;2826;PRC_DECOMP_EXCHANGE;;;;XEUR;7793482;675;EXCHANGE
17.12.2024;09:26:14.023;FESX.S.DEC24.MAR25.SPD;FUTURES_SPREAD;BLOCK;EUR;11;-26.87000000;2197;EXCHANGE_LAST;;1;1;XEUR;72060493140861185;675;
17.12.2024;09:26:14.023;FESX SI 20241220 CS;SIMPLE_INSTRUMENT;BLOCK;EUR;11;4946.00000000;2197;PRC_DECOMP_MEMBER;;;;XEUR;7793479;675;MEMBER
17.12.2024;09:26:14.023;FESX SI 20250321 CS;SIMPLE_INSTRUMENT;BLOCK;EUR;11;4972.87000000;2197;PRC_DECOMP_MEMBER;;;;XEUR;7793482;675;MEMBER
17.12.2024;09:31:30.773;FESX.S.DEC24.MAR25.SPD;FUTURES_SPREAD;BLOCK;EUR;12;-26.95000000;2917;EXCHANGE_LAST;;1;1;XEUR;72060493140861185;675;
17.12.2024;09:31:30.773;FESX SI 20241220 CS;SIMPLE_INSTRUMENT;BLOCK;EUR;12;4955.05000000;2917;PRC_DECOMP_EXCHANGE;;;;XEUR;7793479;675;EXCHANGE
17.12.2024;09:31:30.773;FESX SI 20250321 CS;SIMPLE_INSTRUMENT;BLOCK;EUR;12;4982.00000000;2917;PRC_DECOMP_EXCHANGE;;;;XEUR;7793482;675;EXCHANGE
17.12.2024;09:37:46.883;FESX.S.DEC24.MAR25.SPD;FUTURES_SPREAD;BLOCK;EUR;13;-27.12000000;2997;EXCHANGE_LAST;;1;1;XEUR;72060493140861185;675;
17.12.2024;09:37:46.883;FESX SI 20250321 CS;SIMPLE_INSTRUMENT;BLOCK;EUR;13;4977.12000000;2997;PRC_DECOMP_MEMBER;;;;XEUR;7793482;675;MEMBER
17.12.2024;09:37:46.883;FESX SI 20241220 CS;SIMPLE_INSTRUMENT;BLOCK;EUR;13;4950.00000000;2997;PRC_DECOMP_MEMBER;;;;XEUR;7793479;675;MEMBER
17.12.2024;09:37:58.209;FESX.S.DEC24.MAR25.SPD;FUTURES_SPREAD;BLOCK;EUR;14;-27.13000000;2997;EXCHANGE_LAST;;1;1;XEUR;72060493140861185;675;
17.12.2024;09:37:58.209;FESX SI 20241220 CS;SIMPLE_INSTRUMENT;BLOCK;EUR;14;4950.00000000;2997;PRC_DECOMP_MEMBER;;;;XEUR;7793479;675;MEMBER
17.12.2024;09:37:58.209;FESX SI 20250321 CS;SIMPLE_INSTRUMENT;BLOCK;EUR;14;4977.13000000;2997;PRC_DECOMP_MEMBER;;;;XEUR;7793482;675;MEMBER
17.12.2024;09:42:13.958;FESX.S.DEC24.MAR25.SPD;FUTURES_SPREAD;BLOCK;EUR;15;-27.05000000;5000;EXCHANGE_LAST;;1;1;XEUR;72060493140861185;675;
17.12.2024;09:42:13.958;FESX SI 20241220 CS;SIMPLE_INSTRUMENT;BLOCK;EUR;15;4953.95000000;5000;PRC_DECOMP_EXCHANGE;;;;XEUR;7793479;675;EXCHANGE
17.12.2024;09:42:13.958;FESX SI 20250321 CS;SIMPLE_INSTRUMENT;BLOCK;EUR;15;4981.00000000;5000;PRC_DECOMP_EXCHANGE;;;;XEUR;7793482;675;EXCHANGE
17.12.2024;09:49:05.239;FESX SI 20241220 CS;SIMPLE_INSTRUMENT;BLOCK;EUR;16;4953.00000000;2000;EXCHANGE_LAST;;1;1;XEUR;7793479;675;
17.12.2024;09:49:14.897;FESX.S.DEC24.MAR25.SPD;FUTURES_SPREAD;BLOCK;EUR;17;-27.00000000;10000;EXCHANGE_LAST;;1;2;XEUR;72060493140861185;675;
17.12.2024;09:49:14.897;FESX SI 20241220 CS;SIMPLE_INSTRUMENT;BLOCK;EUR;17;4957.00000000;10000;PRC_DECOMP_EXCHANGE;;;;XEUR;7793479;675;EXCHANGE
17.12.2024;09:49:14.897;FESX SI 20250321 CS;SIMPLE_INSTRUMENT;BLOCK;EUR;17;4984.00000000;10000;PRC_DECOMP_EXCHANGE;;;;XEUR;7793482;675;EXCHANGE
17.12.2024;10:00:40.554;FESX SI 20241220 CS;SIMPLE_INSTRUMENT;BLOCK;EUR;18;4958.00000000;2000;EXCHANGE_LAST;;1;1;XEUR;7793479;675;
17.12.2024;10:21:28.106;FESX.S.DEC24.MAR25.SPD;FUTURES_SPREAD;BLOCK;EUR;21;-27.12000000;5000;EXCHANGE_LAST;;1;1;XEUR;72060493140861185;675;
17.12.2024;10:21:28.106;FESX SI 20241220 CS;SIMPLE_INSTRUMENT;BLOCK;EUR;21;4960.88000000;5000;PRC_DECOMP_EXCHANGE;;;;XEUR;7793479;675;EXCHANGE
17.12.2024;10:21:28.106;FESX SI 20250321 CS;SIMPLE_INSTRUMENT;BLOCK;EUR;21;4988.00000000;5000;PRC_DECOMP_EXCHANGE;;;;XEUR;7793482;675;EXCHANGE
17.12.2024;10:21:36.075;FESX.S.DEC24.MAR25.SPD;FUTURES_SPREAD;BLOCK;EUR;22;-27.13000000;5000;EXCHANGE_LAST;;1;1;XEUR;72060493140861185;675;
17.12.2024;10:21:36.075;FESX SI 20241220 CS;SIMPLE_INSTRUMENT;BLOCK;EUR;22;4960.87000000;5000;PRC_DECOMP_EXCHANGE;;;;XEUR;7793479;675;EXCHANGE
17.12.2024;10:21:36.075;FESX SI 20250321 CS;SIMPLE_INSTRUMENT;BLOCK;EUR;22;4988.00000000;5000;PRC_DECOMP_EXCHANGE;;;;XEUR;7793482;675;EXCHANGE
17.12.2024;10:19:29.396;FESX SI 20241220 CS;SIMPLE_INSTRUMENT;BLOCK;EUR;23;4955.00000000;4200;EXCHANGE_LAST;;1;1;XEUR;7793479;675;
17.12.2024;10:31:26.783;FESX.S.DEC24.MAR25.SPD;FUTURES_SPREAD;BLOCK;EUR;24;-27.12000000;10000;EXCHANGE_LAST;;2;1;XEUR;72060493140861185;675;
17.12.2024;10:31:26.783;FESX SI 20250321 CS;SIMPLE_INSTRUMENT;BLOCK;EUR;24;4987.12000000;10000;PRC_DECOMP_MEMBER;;;;XEUR;7793482;675;MEMBER
17.12.2024;10:31:26.783;FESX SI 20241220 CS;SIMPLE_INSTRUMENT;BLOCK;EUR;24;4960.00000000;10000;PRC_DECOMP_MEMBER;;;;XEUR;7793479;675;MEMBER
17.12.2024;10:31:19.727;FESX.S.DEC24.MAR25.SPD;FUTURES_SPREAD;BLOCK;EUR;25;-27.13000000;10000;EXCHANGE_LAST;;2;1;XEUR;72060493140861185;675;
17.12.2024;10:31:19.727;FESX SI 20241220 CS;SIMPLE_INSTRUMENT;BLOCK;EUR;25;4960.00000000;10000;PRC_DECOMP_MEMBER;;;;XEUR;7793479;675;MEMBER
17.12.2024;10:31:19.727;FESX SI 20250321 CS;SIMPLE_INSTRUMENT;BLOCK;EUR;25;4987.13000000;10000;PRC_DECOMP_MEMBER;;;;XEUR;7793482;675;MEMBER
17.12.2024;10:33:21.425;FESX.S.DEC24.MAR25.SPD;FUTURES_SPREAD;BLOCK;EUR;28;-27.10000000;10000;EXCHANGE_LAST;;1;1;XEUR;72060493140861185;675;
17.12.2024;10:33:21.425;FESX SI 20241220 CS;SIMPLE_INSTRUMENT;BLOCK;EUR;28;4964.90000000;10000;PRC_DECOMP_EXCHANGE;;;;XEUR;7793479;675;EXCHANGE
17.12.2024;10:33:21.425;FESX SI 20250321 CS;SIMPLE_INSTRUMENT;BLOCK;EUR;28;4992.00000000;10000;PRC_DECOMP_EXCHANGE;;;;XEUR;7793482;675;EXCHANGE
17.12.2024;10:29:56.282;FESX.S.DEC24.MAR25.SPD;FUTURES_SPREAD;BLOCK;EUR;29;-27.12000000;2500;EXCHANGE_LAST;;1;1;XEUR;72060493140861185;675;
17.12.2024;10:29:56.282;FESX SI 20241220 CS;SIMPLE_INSTRUMENT;BLOCK;EUR;29;4960.00000000;2500;PRC_DECOMP_MEMBER;;;;XEUR;7793479;675;MEMBER
17.12.2024;10:29:56.282;FESX SI 20250321 CS;SIMPLE_INSTRUMENT;BLOCK;EUR;29;4987.12000000;2500;PRC_DECOMP_MEMBER;;;;XEUR;7793482;675;MEMBER
17.12.2024;10:30:02.875;FESX.S.DEC24.MAR25.SPD;FUTURES_SPREAD;BLOCK;EUR;30;-27.13000000;2500;EXCHANGE_LAST;;1;1;XEUR;72060493140861185;675;
17.12.2024;10:30:02.875;FESX SI 20241220 CS;SIMPLE_INSTRUMENT;BLOCK;EUR;30;4960.00000000;2500;PRC_DECOMP_MEMBER;;;;XEUR;7793479;675;MEMBER
17.12.2024;10:30:02.875;FESX SI 20250321 CS;SIMPLE_INSTRUMENT;BLOCK;EUR;30;4987.13000000;2500;PRC_DECOMP_MEMBER;;;;XEUR;7793482;675;MEMBER
17.12.2024;10:33:45.431;FESX.S.DEC24.MAR25.SPD;FUTURES_SPREAD;BLOCK;EUR;31;-27.12000000;5000;EXCHANGE_LAST;;1;1;XEUR;72060493140861185;675;
17.12.2024;10:33:45.431;FESX SI 20250321 CS;SIMPLE_INSTRUMENT;BLOCK;EUR;31;4991.00000000;5000;PRC_DECOMP_EXCHANGE;;;;XEUR;7793482;675;EXCHANGE
17.12.2024;10:33:45.431;FESX SI 20241220 CS;SIMPLE_INSTRUMENT;BLOCK;EUR;31;4963.88000000;5000;PRC_DECOMP_EXCHANGE;;;;XEUR;7793479;675;EXCHANGE
17.12.2024;10:33:50.461;FESX.S.DEC24.MAR25.SPD;FUTURES_SPREAD;BLOCK;EUR;32;-27.13000000;5000;EXCHANGE_LAST;;1;1;XEUR;72060493140861185;675;
17.12.2024;10:33:50.461;FESX SI 20241220 CS;SIMPLE_INSTRUMENT;BLOCK;EUR;32;4963.87000000;5000;PRC_DECOMP_EXCHANGE;;;;XEUR;7793479;675;EXCHANGE
17.12.2024;10:33:50.461;FESX SI 20250321 CS;SIMPLE_INSTRUMENT;BLOCK;EUR;32;4991.00000000;5000;PRC_DECOMP_EXCHANGE;;;;XEUR;7793482;675;EXCHANGE
17.12.2024;10:35:01.463;FESX.S.DEC24.MAR25.SPD;FUTURES_SPREAD;BLOCK;EUR;33;-27.12000000;3324;EXCHANGE_LAST;;1;1;XEUR;72060493140861185;675;
17.12.2024;10:35:01.463;FESX SI 20250321 CS;SIMPLE_INSTRUMENT;BLOCK;EUR;33;4992.00000000;3324;PRC_DECOMP_EXCHANGE;;;;XEUR;7793482;675;EXCHANGE
17.12.2024;10:35:01.463;FESX SI 20241220 CS;SIMPLE_INSTRUMENT;BLOCK;EUR;33;4964.88000000;3324;PRC_DECOMP_EXCHANGE;;;;XEUR;7793479;675;EXCHANGE
17.12.2024;10:34:48.766;FESX.S.DEC24.MAR25.SPD;FUTURES_SPREAD;BLOCK;EUR;34;-27.13000000;3325;EXCHANGE_LAST;;1;1;XEUR;72060493140861185;675;
17.12.2024;10:34:48.766;FESX SI 20241220 CS;SIMPLE_INSTRUMENT;BLOCK;EUR;34;4964.87000000;3325;PRC_DECOMP_EXCHANGE;;;;XEUR;7793479;675;EXCHANGE
17.12.2024;10:34:48.766;FESX SI 20250321 CS;SIMPLE_INSTRUMENT;BLOCK;EUR;34;4992.00000000;3325;PRC_DECOMP_EXCHANGE;;;;XEUR;7793482;675;EXCHANGE
17.12.2024;10:35:54.769;FESX.S.DEC24.MAR25.SPD;FUTURES_SPREAD;BLOCK;EUR;35;-27.12000000;4000;EXCHANGE_LAST;;1;1;XEUR;72060493140861185;675;
17.12.2024;10:35:54.769;FESX SI 20250321 CS;SIMPLE_INSTRUMENT;BLOCK;EUR;35;4991.00000000;4000;PRC_DECOMP_EXCHANGE;;;;XEUR;7793482;675;EXCHANGE
17.12.2024;10:35:54.769;FESX SI 20241220 CS;SIMPLE_INSTRUMENT;BLOCK;EUR;35;4963.88000000;4000;PRC_DECOMP_EXCHANGE;;;;XEUR;7793479;675;EXCHANGE
17.12.2024;10:36:01.303;FESX.S.DEC24.MAR25.SPD;FUTURES_SPREAD;BLOCK;EUR;36;-27.13000000;4000;EXCHANGE_LAST;;1;1;XEUR;72060493140861185;675;
17.12.2024;10:36:01.303;FESX SI 20241220 CS;SIMPLE_INSTRUMENT;BLOCK;EUR;36;4963.87000000;4000;PRC_DECOMP_EXCHANGE;;;;XEUR;7793479;675;EXCHANGE
17.12.2024;10:36:01.303;FESX SI 20250321 CS;SIMPLE_INSTRUMENT;BLOCK;EUR;36;4991.00000000;4000;PRC_DECOMP_EXCHANGE;;;;XEUR;7793482;675;EXCHANGE
17.12.2024;10:43:18.710;FESX.S.DEC24.MAR25.SPD;FUTURES_SPREAD;BLOCK;EUR;37;-27.12000000;3289;EXCHANGE_LAST;;1;1;XEUR;72060493140861185;675;
17.12.2024;10:43:18.710;FESX SI 20241220 CS;SIMPLE_INSTRUMENT;BLOCK;EUR;37;4966.00000000;3289;PRC_DECOMP_MEMBER;;;;XEUR;7793479;675;MEMBER
17.12.2024;10:43:18.710;FESX SI 20250321 CS;SIMPLE_INSTRUMENT;BLOCK;EUR;37;4993.12000000;3289;PRC_DECOMP_MEMBER;;;;XEUR;7793482;675;MEMBER
17.12.2024;10:43:44.829;FESX.S.DEC24.MAR25.SPD;FUTURES_SPREAD;BLOCK;EUR;38;-27.13000000;3289;EXCHANGE_LAST;;1;1;XEUR;72060493140861185;675;
17.12.2024;10:43:44.829;FESX SI 20250321 CS;SIMPLE_INSTRUMENT;BLOCK;EUR;38;4993.13000000;3289;PRC_DECOMP_MEMBER;;;;XEUR;7793482;675;MEMBER
17.12.2024;10:43:44.829;FESX SI 20241220 CS;SIMPLE_INSTRUMENT;BLOCK;EUR;38;4966.00000000;3289;PRC_DECOMP_MEMBER;;;;XEUR;7793479;675;MEMBER
17.12.2024;10:51:06.177;FESX.S.DEC24.MAR25.SPD;FUTURES_SPREAD;BLOCK;EUR;39;-27.00000000;2081;EXCHANGE_LAST;;1;1;XEUR;72060493140861185;675;
17.12.2024;10:51:06.177;FESX SI 20250321 CS;SIMPLE_INSTRUMENT;BLOCK;EUR;39;4995.00000000;2081;PRC_DECOMP_EXCHANGE;;;;XEUR;7793482;675;EXCHANGE
17.12.2024;10:51:06.177;FESX SI 20241220 CS;SIMPLE_INSTRUMENT;BLOCK;EUR;39;4968.00000000;2081;PRC_DECOMP_EXCHANGE;;;;XEUR;7793479;675;EXCHANGE
17.12.2024;10:51:20.380;FESX.S.DEC24.MAR25.SPD;FUTURES_SPREAD;BLOCK;EUR;40;-27.25000000;2082;EXCHANGE_LAST;;1;1;XEUR;72060493140861185;675;
17.12.2024;10:51:20.380;FESX SI 20241220 CS;SIMPLE_INSTRUMENT;BLOCK;EUR;40;4967.75000000;2082;PRC_DECOMP_EXCHANGE;;;;XEUR;7793479;675;EXCHANGE
17.12.2024;10:51:20.380;FESX SI 20250321 CS;SIMPLE_INSTRUMENT;BLOCK;EUR;40;4995.00000000;2082;PRC_DECOMP_EXCHANGE;;;;XEUR;7793482;675;EXCHANGE
17.12.2024;11:38:04.009;FESX.S.DEC24.MAR25.SPD;FUTURES_SPREAD;BLOCK;EUR;41;-27.04000000;2500;EXCHANGE_LAST;;1;1;XEUR;72060493140861185;675;
17.12.2024;11:38:04.009;FESX SI 20250321 CS;SIMPLE_INSTRUMENT;BLOCK;EUR;41;4993.04000000;2500;PRC_DECOMP_MEMBER;;;;XEUR;7793482;675;MEMBER
17.12.2024;11:38:04.009;FESX SI 20241220 CS;SIMPLE_INSTRUMENT;BLOCK;EUR;41;4966.00000000;2500;PRC_DECOMP_MEMBER;;;;XEUR;7793479;675;MEMBER
17.12.2024;11:38:05.010;FESX.S.DEC24.MAR25.SPD;FUTURES_SPREAD;BLOCK;EUR;42;-27.06000000;2500;EXCHANGE_LAST;;1;1;XEUR;72060493140861185;675;
17.12.2024;11:38:05.010;FESX SI 20250321 CS;SIMPLE_INSTRUMENT;BLOCK;EUR;42;4993.06000000;2500;PRC_DECOMP_MEMBER;;;;XEUR;7793482;675;MEMBER
17.12.2024;11:38:05.010;FESX SI 20241220 CS;SIMPLE_INSTRUMENT;BLOCK;EUR;42;4966.00000000;2500;PRC_DECOMP_MEMBER;;;;XEUR;7793479;675;MEMBER
17.12.2024;11:48:00.903;FESX SI 20241220 CS;SIMPLE_INSTRUMENT;EFP_IDX;EUR;43;4968.00000000;1500;EXCHANGE_LAST;;1;1;XEUR;7793479;675;
17.12.2024;12:02:48.497;FESX.S.DEC24.MAR25.SPD;FUTURES_SPREAD;BLOCK;EUR;44;-27.05000000;4000;EXCHANGE_LAST;;1;1;XEUR;72060493140861185;675;
17.12.2024;12:02:48.497;FESX SI 20250321 CS;SIMPLE_INSTRUMENT;BLOCK;EUR;44;4986.00000000;4000;PRC_DECOMP_EXCHANGE;;;;XEUR;7793482;675;EXCHANGE
17.12.2024;12:02:48.497;FESX SI 20241220 CS;SIMPLE_INSTRUMENT;BLOCK;EUR;44;4958.95000000;4000;PRC_DECOMP_EXCHANGE;;;;XEUR;7793479;675;EXCHANGE
17.12.2024;12:03:04.317;FESX SI 20241220 CS;SIMPLE_INSTRUMENT;BLOCK;EUR;45;4965.00000000;2000;EXCHANGE_LAST;;1;1;XEUR;7793479;675;
17.12.2024;12:17:32.892;FESX SI 20241220 CS;SIMPLE_INSTRUMENT;EFP_IDX;EUR;46;4965.00000000;1000;EXCHANGE_LAST;;1;1;XEUR;7793479;675;
17.12.2024;12:23:17.755;FESX SI 20241220 CS;SIMPLE_INSTRUMENT;EFP_IDX;EUR;47;4965.00000000;1000;EXCHANGE_LAST;;1;1;XEUR;7793479;675;
17.12.2024;12:26:07.901;FESX.S.DEC24.MAR25.SPD;FUTURES_SPREAD;BLOCK;EUR;48;-27.05000000;3500;EXCHANGE_LAST;;1;1;XEUR;72060493140861185;675;
17.12.2024;12:26:07.901;FESX SI 20250321 CS;SIMPLE_INSTRUMENT;BLOCK;EUR;48;4980.00000000;3500;PRC_DECOMP_EXCHANGE;;;;XEUR;7793482;675;EXCHANGE
17.12.2024;12:26:07.901;FESX SI 20241220 CS;SIMPLE_INSTRUMENT;BLOCK;EUR;48;4952.95000000;3500;PRC_DECOMP_EXCHANGE;;;;XEUR;7793479;675;EXCHANGE
17.12.2024;12:33:20.686;FESX.S.DEC24.MAR25.SPD;FUTURES_SPREAD;BLOCK;EUR;49;-27.12000000;2000;EXCHANGE_LAST;;1;1;XEUR;72060493140861185;675;
17.12.2024;12:33:20.686;FESX SI 20250321 CS;SIMPLE_INSTRUMENT;BLOCK;EUR;49;4977.12000000;2000;PRC_DECOMP_MEMBER;;;;XEUR;7793482;675;MEMBER
17.12.2024;12:33:20.686;FESX SI 20241220 CS;SIMPLE_INSTRUMENT;BLOCK;EUR;49;4950.00000000;2000;PRC_DECOMP_MEMBER;;;;XEUR;7793479;675;MEMBER
17.12.2024;12:32:08.802;FESX.S.DEC24.MAR25.SPD;FUTURES_SPREAD;BLOCK;EUR;50;-27.15000000;4000;EXCHANGE_LAST;;1;1;XEUR;72060493140861185;675;
17.12.2024;12:32:08.802;FESX SI 20241220 CS;SIMPLE_INSTRUMENT;BLOCK;EUR;50;4954.85000000;4000;PRC_DECOMP_EXCHANGE;;;;XEUR;7793479;675;EXCHANGE
17.12.2024;12:32:08.802;FESX SI 20250321 CS;SIMPLE_INSTRUMENT;BLOCK;EUR;50;4982.00000000;4000;PRC_DECOMP_EXCHANGE;;;;XEUR;7793482;675;EXCHANGE
17.12.2024;12:33:25.938;FESX.S.DEC24.MAR25.SPD;FUTURES_SPREAD;BLOCK;EUR;51;-27.13000000;2000;EXCHANGE_LAST;;1;1;XEUR;72060493140861185;675;
17.12.2024;12:33:25.938;FESX SI 20250321 CS;SIMPLE_INSTRUMENT;BLOCK;EUR;51;4977.13000000;2000;PRC_DECOMP_MEMBER;;;;XEUR;7793482;675;MEMBER
17.12.2024;12:33:25.938;FESX SI 20241220 CS;SIMPLE_INSTRUMENT;BLOCK;EUR;51;4950.00000000;2000;PRC_DECOMP_MEMBER;;;;XEUR;7793479;675;MEMBER
17.12.2024;12:32:23.681;FESX.S.DEC24.MAR25.SPD;FUTURES_SPREAD;BLOCK;EUR;52;-27.10000000;12332;EXCHANGE_LAST;;1;1;XEUR;72060493140861185;675;
17.12.2024;12:32:23.681;FESX SI 20250321 CS;SIMPLE_INSTRUMENT;BLOCK;EUR;52;4981.00000000;12332;PRC_DECOMP_EXCHANGE;;;;XEUR;7793482;675;EXCHANGE
17.12.2024;12:32:23.681;FESX SI 20241220 CS;SIMPLE_INSTRUMENT;BLOCK;EUR;52;4953.90000000;12332;PRC_DECOMP_EXCHANGE;;;;XEUR;7793479;675;EXCHANGE
17.12.2024;13:36:34.985;FESX.S.DEC24.MAR25.SPD;FUTURES_SPREAD;BLOCK;EUR;53;-26.87000000;2197;EXCHANGE_LAST;;1;1;XEUR;72060493140861185;675;
17.12.2024;13:36:34.985;FESX SI 20241220 CS;SIMPLE_INSTRUMENT;BLOCK;EUR;53;4945.13000000;2197;PRC_DECOMP_EXCHANGE;;;;XEUR;7793479;675;EXCHANGE
17.12.2024;13:36:34.985;FESX SI 20250321 CS;SIMPLE_INSTRUMENT;BLOCK;EUR;53;4972.00000000;2197;PRC_DECOMP_EXCHANGE;;;;XEUR;7793482;675;EXCHANGE
17.12.2024;13:37:18.795;FESX.S.DEC24.MAR25.SPD;FUTURES_SPREAD;BLOCK;EUR;54;-26.88000000;2198;EXCHANGE_LAST;;1;1;XEUR;72060493140861185;675;
17.12.2024;13:37:18.795;FESX SI 20250321 CS;SIMPLE_INSTRUMENT;BLOCK;EUR;54;4972.00000000;2198;PRC_DECOMP_EXCHANGE;;;;XEUR;7793482;675;EXCHANGE
17.12.2024;13:37:18.795;FESX SI 20241220 CS;SIMPLE_INSTRUMENT;BLOCK;EUR;54;4945.12000000;2198;PRC_DECOMP_EXCHANGE;;;;XEUR;7793479;675;EXCHANGE
17.12.2024;13:45:21.705;FESX.S.DEC24.MAR25.SPD;FUTURES_SPREAD;BLOCK;EUR;55;-26.90000000;11472;EXCHANGE_LAST;;1;1;XEUR;72060493140861185;675;
17.12.2024;13:45:21.705;FESX SI 20250321 CS;SIMPLE_INSTRUMENT;BLOCK;EUR;55;4976.00000000;11472;PRC_DECOMP_EXCHANGE;;;;XEUR;7793482;675;EXCHANGE
17.12.2024;13:45:21.705;FESX SI 20241220 CS;SIMPLE_INSTRUMENT;BLOCK;EUR;55;4949.10000000;11472;PRC_DECOMP_EXCHANGE;;;;XEUR;7793479;675;EXCHANGE
17.12.2024;13:48:11.528;FESX.S.DEC24.MAR25.SPD;FUTURES_SPREAD;BLOCK;EUR;56;-27.00000000;3530;EXCHANGE_LAST;;1;1;XEUR;72060493140861185;675;
17.12.2024;13:48:11.528;FESX SI 20250321 CS;SIMPLE_INSTRUMENT;BLOCK;EUR;56;4978.00000000;3530;PRC_DECOMP_EXCHANGE;;;;XEUR;7793482;675;EXCHANGE
17.12.2024;13:48:11.528;FESX SI 20241220 CS;SIMPLE_INSTRUMENT;BLOCK;EUR;56;4951.00000000;3530;PRC_DECOMP_EXCHANGE;;;;XEUR;7793479;675;EXCHANGE
17.12.2024;13:53:45.117;FESX.S.DEC24.MAR25.SPD;FUTURES_SPREAD;BLOCK;EUR;57;-26.87000000;5000;EXCHANGE_LAST;;1;1;XEUR;72060493140861185;675;
17.12.2024;13:53:45.117;FESX SI 20241220 CS;SIMPLE_INSTRUMENT;BLOCK;EUR;57;4950.00000000;5000;PRC_DECOMP_MEMBER;;;;XEUR;7793479;675;MEMBER
17.12.2024;13:53:45.117;FESX SI 20250321 CS;SIMPLE_INSTRUMENT;BLOCK;EUR;57;4976.87000000;5000;PRC_DECOMP_MEMBER;;;;XEUR;7793482;675;MEMBER
17.12.2024;13:53:55.412;FESX.S.DEC24.MAR25.SPD;FUTURES_SPREAD;BLOCK;EUR;58;-26.88000000;5000;EXCHANGE_LAST;;1;1;XEUR;72060493140861185;675;
17.12.2024;13:53:55.412;FESX SI 20241220 CS;SIMPLE_INSTRUMENT;BLOCK;EUR;58;4950.00000000;5000;PRC_DECOMP_MEMBER;;;;XEUR;7793479;675;MEMBER
17.12.2024;13:53:55.412;FESX SI 20250321 CS;SIMPLE_INSTRUMENT;BLOCK;EUR;58;4976.88000000;5000;PRC_DECOMP_MEMBER;;;;XEUR;7793482;675;MEMBER
17.12.2024;13:59:16.996;FESX.S.DEC24.MAR25.SPD;FUTURES_SPREAD;BLOCK;EUR;59;-26.95000000;3594;EXCHANGE_LAST;;1;1;XEUR;72060493140861185;675;
17.12.2024;13:59:16.996;FESX SI 20241220 CS;SIMPLE_INSTRUMENT;BLOCK;EUR;59;4954.05000000;3594;PRC_DECOMP_EXCHANGE;;;;XEUR;7793479;675;EXCHANGE
17.12.2024;13:59:16.996;FESX SI 20250321 CS;SIMPLE_INSTRUMENT;BLOCK;EUR;59;4981.00000000;3594;PRC_DECOMP_EXCHANGE;;;;XEUR;7793482;675;EXCHANGE
17.12.2024;14:04:09.747;FESX.S.DEC24.MAR25.SPD;FUTURES_SPREAD;BLOCK;EUR;60;-26.85000000;2227;EXCHANGE_LAST;;1;1;XEUR;72060493140861185;675;
17.12.2024;14:04:09.747;FESX SI 20250321 CS;SIMPLE_INSTRUMENT;BLOCK;EUR;60;4983.00000000;2227;PRC_DECOMP_EXCHANGE;;;;XEUR;7793482;675;EXCHANGE
17.12.2024;14:04:09.747;FESX SI 20241220 CS;SIMPLE_INSTRUMENT;BLOCK;EUR;60;4956.15000000;2227;PRC_DECOMP_EXCHANGE;;;;XEUR;7793479;675;EXCHANGE
17.12.2024;14:04:18.448;FESX.S.DEC24.MAR25.SPD;FUTURES_SPREAD;BLOCK;EUR;61;-26.85000000;2000;EXCHANGE_LAST;;1;1;XEUR;72060493140861185;675;
17.12.2024;14:04:18.448;FESX SI 20241220 CS;SIMPLE_INSTRUMENT;BLOCK;EUR;61;4956.15000000;2000;PRC_DECOMP_EXCHANGE;;;;XEUR;7793479;675;EXCHANGE
17.12.2024;14:04:18.448;FESX SI 20250321 CS;SIMPLE_INSTRUMENT;BLOCK;EUR;61;4983.00000000;2000;PRC_DECOMP_EXCHANGE;;;;XEUR;7793482;675;EXCHANGE
17.12.2024;14:24:52.851;FESX SI 20250321 CS;SIMPLE_INSTRUMENT;BLOCK;EUR;62;4975.00000000;2200;EXCHANGE_LAST;;1;1;XEUR;7793482;675;
17.12.2024;14:29:29.224;FESX.S.DEC24.MAR25.SPD;FUTURES_SPREAD;BLOCK;EUR;63;-27.00000000;5000;EXCHANGE_LAST;;1;1;XEUR;72060493140861185;675;
17.12.2024;14:29:29.224;FESX SI 20250321 CS;SIMPLE_INSTRUMENT;BLOCK;EUR;63;4977.00000000;5000;PRC_DECOMP_EXCHANGE;;;;XEUR;7793482;675;EXCHANGE
17.12.2024;14:29:29.224;FESX SI 20241220 CS;SIMPLE_INSTRUMENT;BLOCK;EUR;63;4950.00000000;5000;PRC_DECOMP_EXCHANGE;;;;XEUR;7793479;675;EXCHANGE
17.12.2024;14:29:35.197;FESX.S.DEC24.MAR25.SPD;FUTURES_SPREAD;BLOCK;EUR;64;-26.75000000;5000;EXCHANGE_LAST;;1;1;XEUR;72060493140861185;675;
17.12.2024;14:29:35.197;FESX SI 20250321 CS;SIMPLE_INSTRUMENT;BLOCK;EUR;64;4976.00000000;5000;PRC_DECOMP_EXCHANGE;;;;XEUR;7793482;675;EXCHANGE
17.12.2024;14:29:35.197;FESX SI 20241220 CS;SIMPLE_INSTRUMENT;BLOCK;EUR;64;4949.25000000;5000;PRC_DECOMP_EXCHANGE;;;;XEUR;7793479;675;EXCHANGE
17.12.2024;14:30:32.653;FESX.S.DEC24.MAR25.SPD;FUTURES_SPREAD;BLOCK;EUR;65;-27.25000000;2400;EXCHANGE_LAST;;1;1;XEUR;72060493140861185;675;
17.12.2024;14:30:32.653;FESX SI 20241220 CS;SIMPLE_INSTRUMENT;BLOCK;EUR;65;4946.75000000;2400;PRC_DECOMP_EXCHANGE;;;;XEUR;7793479;675;EXCHANGE
17.12.2024;14:30:32.653;FESX SI 20250321 CS;SIMPLE_INSTRUMENT;BLOCK;EUR;65;4974.00000000;2400;PRC_DECOMP_EXCHANGE;;;;XEUR;7793482;675;EXCHANGE
17.12.2024;14:30:36.654;FESX.S.DEC24.MAR25.SPD;FUTURES_SPREAD;BLOCK;EUR;66;-26.75000000;3600;EXCHANGE_LAST;;1;1;XEUR;72060493140861185;675;
17.12.2024;14:30:36.654;FESX SI 20250321 CS;SIMPLE_INSTRUMENT;BLOCK;EUR;66;4974.00000000;3600;PRC_DECOMP_EXCHANGE;;;;XEUR;7793482;675;EXCHANGE
17.12.2024;14:30:36.654;FESX SI 20241220 CS;SIMPLE_INSTRUMENT;BLOCK;EUR;66;4947.25000000;3600;PRC_DECOMP_EXCHANGE;;;;XEUR;7793479;675;EXCHANGE
17.12.2024;14:35:35.755;FESX.S.DEC24.MAR25.SPD;FUTURES_SPREAD;BLOCK;EUR;67;-27.00000000;8619;EXCHANGE_LAST;;1;1;XEUR;72060493140861185;675;
17.12.2024;14:35:35.755;FESX SI 20241220 CS;SIMPLE_INSTRUMENT;BLOCK;EUR;67;4950.00000000;8619;PRC_DECOMP_MEMBER;;;;XEUR;7793479;675;MEMBER
17.12.2024;14:35:35.755;FESX SI 20250321 CS;SIMPLE_INSTRUMENT;BLOCK;EUR;67;4977.00000000;8619;PRC_DECOMP_MEMBER;;;;XEUR;7793482;675;MEMBER
17.12.2024;15:02:26.913;FESX.S.DEC24.MAR25.SPD;FUTURES_SPREAD;BLOCK;EUR;68;-27.20000000;11530;EXCHANGE_LAST;;1;1;XEUR;72060493140861185;675;
17.12.2024;15:02:26.913;FESX SI 20250321 CS;SIMPLE_INSTRUMENT;BLOCK;EUR;68;4974.20000000;11530;PRC_DECOMP_MEMBER;;;;XEUR;7793482;675;MEMBER
17.12.2024;15:02:26.913;FESX SI 20241220 CS;SIMPLE_INSTRUMENT;BLOCK;EUR;68;4947.00000000;11530;PRC_DECOMP_MEMBER;;;;XEUR;7793479;675;MEMBER
17.12.2024;15:41:34.174;FESX SI 20241220 CS;SIMPLE_INSTRUMENT;BLOCK;EUR;69;4950.00000000;4000;EXCHANGE_LAST;;1;1;XEUR;7793479;675;
17.12.2024;15:44:01.796;FESX.S.DEC24.MAR25.SPD;FUTURES_SPREAD;BLOCK;EUR;70;-27.13000000;2000;EXCHANGE_LAST;;1;1;XEUR;72060493140861185;675;
17.12.2024;15:44:01.796;FESX SI 20250321 CS;SIMPLE_INSTRUMENT;BLOCK;EUR;70;4976.00000000;2000;PRC_DECOMP_EXCHANGE;;;;XEUR;7793482;675;EXCHANGE
17.12.2024;15:44:01.796;FESX SI 20241220 CS;SIMPLE_INSTRUMENT;BLOCK;EUR;70;4948.87000000;2000;PRC_DECOMP_EXCHANGE;;;;XEUR;7793479;675;EXCHANGE
17.12.2024;15:44:01.942;FESX.S.DEC24.MAR25.SPD;FUTURES_SPREAD;BLOCK;EUR;71;-27.12000000;2000;EXCHANGE_LAST;;1;1;XEUR;72060493140861185;675;
17.12.2024;15:44:01.942;FESX SI 20250321 CS;SIMPLE_INSTRUMENT;BLOCK;EUR;71;4976.00000000;2000;PRC_DECOMP_EXCHANGE;;;;XEUR;7793482;675;EXCHANGE
17.12.2024;15:44:01.942;FESX SI 20241220 CS;SIMPLE_INSTRUMENT;BLOCK;EUR;71;4948.88000000;2000;PRC_DECOMP_EXCHANGE;;;;XEUR;7793479;675;EXCHANGE
17.12.2024;15:51:59.971;FESX.S.DEC24.MAR25.SPD;FUTURES_SPREAD;BLOCK;EUR;72;-27.12000000;2237;EXCHANGE_LAST;;1;1;XEUR;72060493140861185;675;
17.12.2024;15:51:59.971;FESX SI 20241220 CS;SIMPLE_INSTRUMENT;BLOCK;EUR;72;4949.88000000;2237;PRC_DECOMP_EXCHANGE;;;;XEUR;7793479;675;EXCHANGE
17.12.2024;15:51:59.971;FESX SI 20250321 CS;SIMPLE_INSTRUMENT;BLOCK;EUR;72;4977.00000000;2237;PRC_DECOMP_EXCHANGE;;;;XEUR;7793482;675;EXCHANGE
17.12.2024;16:33:48.577;FESX.S.DEC24.MAR25.SPD;FUTURES_SPREAD;BLOCK;EUR;73;-27.12000000;2500;EXCHANGE_LAST;;1;1;XEUR;72060493140861185;675;
17.12.2024;16:33:48.577;FESX SI 20241220 CS;SIMPLE_INSTRUMENT;BLOCK;EUR;73;4946.88000000;2500;PRC_DECOMP_EXCHANGE;;;;XEUR;7793479;675;EXCHANGE
17.12.2024;16:33:48.577;FESX SI 20250321 CS;SIMPLE_INSTRUMENT;BLOCK;EUR;73;4974.00000000;2500;PRC_DECOMP_EXCHANGE;;;;XEUR;7793482;675;EXCHANGE
17.12.2024;16:33:48.727;FESX.S.DEC24.MAR25.SPD;FUTURES_SPREAD;BLOCK;EUR;74;-27.13000000;2500;EXCHANGE_LAST;;1;1;XEUR;72060493140861185;675;
17.12.2024;16:33:48.727;FESX SI 20241220 CS;SIMPLE_INSTRUMENT;BLOCK;EUR;74;4946.87000000;2500;PRC_DECOMP_EXCHANGE;;;;XEUR;7793479;675;EXCHANGE
17.12.2024;16:33:48.727;FESX SI 20250321 CS;SIMPLE_INSTRUMENT;BLOCK;EUR;74;4974.00000000;2500;PRC_DECOMP_EXCHANGE;;;;XEUR;7793482;675;EXCHANGE
17.12.2024;16:32:01.915;FESX.S.DEC24.MAR25.SPD;FUTURES_SPREAD;BLOCK;EUR;75;-27.12000000;2842;EXCHANGE_LAST;;1;1;XEUR;72060493140861185;675;
17.12.2024;16:32:01.915;FESX SI 20241220 CS;SIMPLE_INSTRUMENT;BLOCK;EUR;75;4945.88000000;2842;PRC_DECOMP_EXCHANGE;;;;XEUR;7793479;675;EXCHANGE
17.12.2024;16:32:01.915;FESX SI 20250321 CS;SIMPLE_INSTRUMENT;BLOCK;EUR;75;4973.00000000;2842;PRC_DECOMP_EXCHANGE;;;;XEUR;7793482;675;EXCHANGE
17.12.2024;16:35:17.374;FESX.S.DEC24.MAR25.SPD;FUTURES_SPREAD;BLOCK;EUR;76;-27.08000000;2900;EXCHANGE_LAST;;1;1;XEUR;72060493140861185;675;
17.12.2024;16:35:17.374;FESX SI 20250321 CS;SIMPLE_INSTRUMENT;BLOCK;EUR;76;4974.00000000;2900;PRC_DECOMP_EXCHANGE;;;;XEUR;7793482;675;EXCHANGE
17.12.2024;16:35:17.374;FESX SI 20241220 CS;SIMPLE_INSTRUMENT;BLOCK;EUR;76;4946.92000000;2900;PRC_DECOMP_EXCHANGE;;;;XEUR;7793479;675;EXCHANGE
17.12.2024;16:35:17.422;FESX.S.DEC24.MAR25.SPD;FUTURES_SPREAD;BLOCK;EUR;77;-27.11000000;2100;EXCHANGE_LAST;;1;1;XEUR;72060493140861185;675;
17.12.2024;16:35:17.422;FESX SI 20241220 CS;SIMPLE_INSTRUMENT;BLOCK;EUR;77;4946.89000000;2100;PRC_DECOMP_EXCHANGE;;;;XEUR;7793479;675;EXCHANGE
17.12.2024;16:35:17.422;FESX SI 20250321 CS;SIMPLE_INSTRUMENT;BLOCK;EUR;77;4974.00000000;2100;PRC_DECOMP_EXCHANGE;;;;XEUR;7793482;675;EXCHANGE
17.12.2024;16:38:35.480;FESX.S.DEC24.MAR25.SPD;FUTURES_SPREAD;BLOCK;EUR;78;-27.09000000;4121;EXCHANGE_LAST;;1;1;XEUR;72060493140861185;675;
17.12.2024;16:38:35.480;FESX SI 20250321 CS;SIMPLE_INSTRUMENT;BLOCK;EUR;78;4977.00000000;4121;PRC_DECOMP_EXCHANGE;;;;XEUR;7793482;675;EXCHANGE
17.12.2024;16:38:35.480;FESX SI 20241220 CS;SIMPLE_INSTRUMENT;BLOCK;EUR;78;4949.91000000;4121;PRC_DECOMP_EXCHANGE;;;;XEUR;7793479;675;EXCHANGE
17.12.2024;16:41:32.274;FESX SI 20241220 CS;SIMPLE_INSTRUMENT;EFP_IDX;EUR;79;4945.00000000;2725;EXCHANGE_LAST;;1;1;XEUR;7793479;675;
17.12.2024;16:41:45.247;FESX SI 20241220 CS;SIMPLE_INSTRUMENT;EFP_IDX;EUR;80;4946.00000000;2275;EXCHANGE_LAST;;1;1;XEUR;7793479;675;
17.12.2024;16:42:58.455;FESX SI 20241220 CS;SIMPLE_INSTRUMENT;EFP_IDX;EUR;81;4946.00000000;552;EXCHANGE_LAST;;1;1;XEUR;7793479;675;
17.12.2024;16:43:10.219;FESX SI 20241220 CS;SIMPLE_INSTRUMENT;EFP_IDX;EUR;82;4947.00000000;48;EXCHANGE_LAST;;1;1;XEUR;7793479;675;
17.12.2024;16:40:40.718;FESX SI 20241220 CS;SIMPLE_INSTRUMENT;EFP_IDX;EUR;83;4945.00000000;150;EXCHANGE_LAST;;1;1;XEUR;7793479;675;
17.12.2024;16:40:35.103;FESX SI 20241220 CS;SIMPLE_INSTRUMENT;EFP_IDX;EUR;84;4946.00000000;125;EXCHANGE_LAST;;1;1;XEUR;7793479;675;
17.12.2024;16:42:34.044;FESX.S.DEC24.MAR25.SPD;FUTURES_SPREAD;BLOCK;EUR;85;-27.25000000;3000;EXCHANGE_LAST;;1;1;XEUR;72060493140861185;675;
17.12.2024;16:42:34.044;FESX SI 20250321 CS;SIMPLE_INSTRUMENT;BLOCK;EUR;85;4976.00000000;3000;PRC_DECOMP_EXCHANGE;;;;XEUR;7793482;675;EXCHANGE
17.12.2024;16:42:34.044;FESX SI 20241220 CS;SIMPLE_INSTRUMENT;BLOCK;EUR;85;4948.75000000;3000;PRC_DECOMP_EXCHANGE;;;;XEUR;7793479;675;EXCHANGE
17.12.2024;16:42:15.076;FESX.S.DEC24.MAR25.SPD;FUTURES_SPREAD;BLOCK;EUR;86;-27.09000000;37000;EXCHANGE_LAST;;1;1;XEUR;72060493140861185;675;
17.12.2024;16:42:15.076;FESX SI 20241220 CS;SIMPLE_INSTRUMENT;BLOCK;EUR;86;4935.00000000;37000;PRC_DECOMP_MEMBER;;;;XEUR;7793479;675;MEMBER
17.12.2024;16:42:15.076;FESX SI 20250321 CS;SIMPLE_INSTRUMENT;BLOCK;EUR;86;4962.09000000;37000;PRC_DECOMP_MEMBER;;;;XEUR;7793482;675;MEMBER
17.12.2024;16:42:43.990;FESX.S.DEC24.MAR25.SPD;FUTURES_SPREAD;BLOCK;EUR;87;-27.10000000;13000;EXCHANGE_LAST;;1;1;XEUR;72060493140861185;675;
17.12.2024;16:42:43.990;FESX SI 20250321 CS;SIMPLE_INSTRUMENT;BLOCK;EUR;87;4962.10000000;13000;PRC_DECOMP_MEMBER;;;;XEUR;7793482;675;MEMBER
17.12.2024;16:42:43.990;FESX SI 20241220 CS;SIMPLE_INSTRUMENT;BLOCK;EUR;87;4935.00000000;13000;PRC_DECOMP_MEMBER;;;;XEUR;7793479;675;MEMBER
17.12.2024;16:46:23.885;FESX SI 20241220 CS;SIMPLE_INSTRUMENT;EFP_IDX;EUR;88;4945.00000000;189;EXCHANGE_LAST;;1;1;XEUR;7793479;675;
17.12.2024;16:46:11.720;FESX SI 20241220 CS;SIMPLE_INSTRUMENT;EFP_IDX;EUR;89;4946.00000000;261;EXCHANGE_LAST;;1;1;XEUR;7793479;675;
17.12.2024;16:47:17.751;FESX SI 20241220 CS;SIMPLE_INSTRUMENT;EFP_IDX;EUR;90;4944.00000000;814;EXCHANGE_LAST;;1;1;XEUR;7793479;675;
17.12.2024;16:47:36.365;FESX SI 20241220 CS;SIMPLE_INSTRUMENT;EFP_IDX;EUR;91;4948.00000000;686;EXCHANGE_LAST;;1;1;XEUR;7793479;675;
17.12.2024;16:53:43.225;FESX SI 20241220 CS;SIMPLE_INSTRUMENT;EFP_IDX;EUR;92;4946.00000000;1160;EXCHANGE_LAST;;1;1;XEUR;7793479;675;
17.12.2024;16:53:26.770;FESX SI 20241220 CS;SIMPLE_INSTRUMENT;EFP_IDX;EUR;93;4945.00000000;840;EXCHANGE_LAST;;1;1;XEUR;7793479;675;
17.12.2024;16:56:03.796;FESX.S.DEC24.MAR25.SPD;FUTURES_SPREAD;BLOCK;EUR;94;-27.09000000;6384;EXCHANGE_LAST;;1;1;XEUR;72060493140861185;675;
17.12.2024;16:56:03.796;FESX SI 20250321 CS;SIMPLE_INSTRUMENT;BLOCK;EUR;94;4963.09000000;6384;PRC_DECOMP_MEMBER;;;;XEUR;7793482;675;MEMBER
17.12.2024;16:56:03.796;FESX SI 20241220 CS;SIMPLE_INSTRUMENT;BLOCK;EUR;94;4936.00000000;6384;PRC_DECOMP_MEMBER;;;;XEUR;7793479;675;MEMBER
17.12.2024;17:13:38.717;FESX.S.DEC24.MAR25.SPD;FUTURES_SPREAD;BLOCK;EUR;96;-27.22000000;2219;EXCHANGE_LAST;;1;1;XEUR;72060493140861185;675;
17.12.2024;17:13:38.717;FESX SI 20250321 CS;SIMPLE_INSTRUMENT;BLOCK;EUR;96;4980.00000000;2219;PRC_DECOMP_MEMBER;;;;XEUR;7793482;675;MEMBER
17.12.2024;17:13:38.717;FESX SI 20241220 CS;SIMPLE_INSTRUMENT;BLOCK;EUR;96;4952.78000000;2219;PRC_DECOMP_MEMBER;;;;XEUR;7793479;675;MEMBER
17.12.2024;17:13:56.377;FESX.S.DEC24.MAR25.SPD;FUTURES_SPREAD;BLOCK;EUR;97;-27.04000000;2480;EXCHANGE_LAST;;1;1;XEUR;72060493140861185;675;
17.12.2024;17:13:56.377;FESX SI 20250321 CS;SIMPLE_INSTRUMENT;BLOCK;EUR;97;4980.00000000;2480;PRC_DECOMP_MEMBER;;;;XEUR;7793482;675;MEMBER
17.12.2024;17:13:56.377;FESX SI 20241220 CS;SIMPLE_INSTRUMENT;BLOCK;EUR;97;4952.96000000;2480;PRC_DECOMP_MEMBER;;;;XEUR;7793479;675;MEMBER
17.12.2024;10:31:41.937;FESX SI 20241220 CS;SIMPLE_INSTRUMENT;VOLA;EUR;637534242;4961.00000000;511;EXCHANGE_LAST;;1;1;XEUR;7793479;675;
17.12.2024;10:32:38.197;FESX SI 20241220 CS;SIMPLE_INSTRUMENT;VOLA;EUR;637534243;4961.00000000;700;EXCHANGE_LAST;;1;1;XEUR;7793479;675;
17.12.2024;12:22:52.822;FESX SI 20241220 CS;SIMPLE_INSTRUMENT;VOLA;EUR;637534259;4950.00000000;250;EXCHANGE_LAST;;1;1;XEUR;7793479;675;
17.12.2024;13:41:47.879;FESX SI 20241220 CS;SIMPLE_INSTRUMENT;VOLA;EUR;637534272;4947.00000000;340;EXCHANGE_LAST;;1;1;XEUR;7793479;675;
17.12.2024;13:47:13.854;FESX SI 20241220 CS;SIMPLE_INSTRUMENT;VOLA;EUR;637534276;4947.00000000;340;EXCHANGE_LAST;;1;1;XEUR;7793479;675;
17.12.2024;14:22:50.145;FESX SI 20241220 CS;SIMPLE_INSTRUMENT;VOLA;EUR;637534283;4952.00000000;620;EXCHANGE_LAST;;1;1;XEUR;7793479;675;
17.12.2024;16:36:55.365;FESX SI 20241220 CS;SIMPLE_INSTRUMENT;VOLA;EUR;637534328;4950.00000000;984;EXCHANGE_LAST;;1;1;XEUR;7793479;675;
17.12.2024;16:40:22.474;FESX SI 20241220 CS;SIMPLE_INSTRUMENT;VOLA;EUR;637534330;4950.00000000;984;EXCHANGE_LAST;;1;1;XEUR;7793479;675;
17.12.2024;11:03:29.701;FESZ.S.DEC24.MAR25.SPD;FUTURES_SPREAD;BLOCK;EUR;31;-12.30000000;479;EXCHANGE_LAST;;1;1;XEUR;72060600515035228;700;
17.12.2024;11:03:29.701;FESZ SI 20250321 CS;SIMPLE_INSTRUMENT;BLOCK;EUR;31;1363.10000000;479;PRC_DECOMP_MEMBER;;;;XEUR;11359744;700;MEMBER
17.12.2024;11:03:29.701;FESZ SI 20241220 CS;SIMPLE_INSTRUMENT;BLOCK;EUR;31;1350.80000000;479;PRC_DECOMP_MEMBER;;;;XEUR;10839551;700;MEMBER
17.12.2024;17:07:27.679;FESZ SI 20241220 CS;SIMPLE_INSTRUMENT;EFP_IDX;EUR;97;1360.40000000;22;EXCHANGE_LAST;;1;1;XEUR;10839551;700;
17.12.2024;17:07:40.452;FESZ SI 20241220 CS;SIMPLE_INSTRUMENT;EFP_IDX;EUR;98;1360.50000000;32;EXCHANGE_LAST;;1;1;XEUR;10839551;700;
17.12.2024;17:07:52.275;FESZ SI 20241220 CS;SIMPLE_INSTRUMENT;EFP_IDX;EUR;99;1360.40000000;48;EXCHANGE_LAST;;1;1;XEUR;10839551;700;
17.12.2024;17:08:01.613;FESZ SI 20241220 CS;SIMPLE_INSTRUMENT;EFP_IDX;EUR;100;1360.50000000;73;EXCHANGE_LAST;;1;1;XEUR;10839551;700;
17.12.2024;17:10:58.869;FESZ SI 20241220 CS;SIMPLE_INSTRUMENT;EFP_IDX;EUR;114;1360.40000000;24;EXCHANGE_LAST;;1;1;XEUR;10839551;700;
17.12.2024;17:11:03.684;FESZ SI 20241220 CS;SIMPLE_INSTRUMENT;EFP_IDX;EUR;115;1360.50000000;95;EXCHANGE_LAST;;1;1;XEUR;10839551;700;
17.12.2024;17:12:21.722;FESZ SI 20241220 CS;SIMPLE_INSTRUMENT;EFP_IDX;EUR;116;1360.40000000;48;EXCHANGE_LAST;;1;1;XEUR;10839551;700;
17.12.2024;17:12:38.031;FESZ SI 20241220 CS;SIMPLE_INSTRUMENT;EFP_IDX;EUR;117;1360.50000000;191;EXCHANGE_LAST;;1;1;XEUR;10839551;700;
17.12.2024;08:34:02.655;FEXD SI 20261218 CS;SIMPLE_INSTRUMENT;BLOCK;EUR;2;152.30000000;225;EXCHANGE_LAST;;1;1;XEUR;2163053;693;
17.12.2024;08:52:03.983;FEXD SI 20251219 CS;SIMPLE_INSTRUMENT;BLOCK;EUR;6;157.70000000;700;EXCHANGE_LAST;;1;1;XEUR;1548120;693;
17.12.2024;09:47:01.190;FEXD SI 20251219 CS;SIMPLE_INSTRUMENT;BLOCK;EUR;24;157.90000000;150;EXCHANGE_LAST;;1;1;XEUR;1548120;693;
17.12.2024;09:47:02.049;FEXD SI 20251219 CS;SIMPLE_INSTRUMENT;BLOCK;EUR;25;157.60000000;150;EXCHANGE_LAST;;1;1;XEUR;1548120;693;
17.12.2024;10:29:37.199;FEXD SI 20261218 CS;SIMPLE_INSTRUMENT;BLOCK;EUR;42;152.50000000;300;EXCHANGE_LAST;;1;1;XEUR;2163053;693;
17.12.2024;11:51:33.808;FEXD SI 20261218 CS;SIMPLE_INSTRUMENT;BLOCK;EUR;71;152.60000000;250;EXCHANGE_LAST;;1;1;XEUR;2163053;693;
17.12.2024;11:59:25.736;FEXD SI 20261218 CS;SIMPLE_INSTRUMENT;BLOCK;EUR;78;152.40000000;250;EXCHANGE_LAST;;1;1;XEUR;2163053;693;
17.12.2024;12:29:56.336;FEXD SI 20261218 CS;SIMPLE_INSTRUMENT;BLOCK;EUR;84;152.40000000;300;EXCHANGE_LAST;;1;1;XEUR;2163053;693;
17.12.2024;13:51:23.064;FEXD SI 20250321 CS;SIMPLE_INSTRUMENT;BLOCK;EUR;95;19.50000000;2000;EXCHANGE_LAST;;1;1;XEUR;11453223;693;
17.12.2024;14:59:10.180;FEXD SI 20261218 CS;SIMPLE_INSTRUMENT;BLOCK;EUR;119;152.50000000;150;EXCHANGE_LAST;;1;1;XEUR;2163053;693;
17.12.2024;16:21:54.604;FEXD SI 20271217 CS;SIMPLE_INSTRUMENT;BLOCK;EUR;143;146.50000000;150;EXCHANGE_LAST;;1;1;XEUR;2848338;693;
17.12.2024;17:14:51.773;FEXD SI 20250321 CS;SIMPLE_INSTRUMENT;BLOCK;EUR;184;19.60000000;500;EXCHANGE_LAST;;1;1;XEUR;11453223;693;
17.12.2024;17:18:40.039;FEXD SI 20250321 CS;SIMPLE_INSTRUMENT;BLOCK;EUR;197;19.60000000;500;EXCHANGE_LAST;;1;1;XEUR;11453223;693;
17.12.2024;17:50:23.695;FEXD SI 20250321 CS;SIMPLE_INSTRUMENT;BLOCK;EUR;198;19.60000000;1500;EXCHANGE_LAST;;1;2;XEUR;11453223;693;
17.12.2024;11:35:32.994;FEXF.S.DEC24.MAR25.SPD;FUTURES_SPREAD;BLOCK;EUR;60;-15.00000000;980;EXCHANGE_LAST;;1;1;XEUR;72060574745231452;694;
17.12.2024;11:35:32.994;FEXF SI 20250321 CS;SIMPLE_INSTRUMENT;BLOCK;EUR;60;2696.00000000;980;PRC_DECOMP_MEMBER;;;;XEUR;11359735;694;MEMBER
17.12.2024;11:35:32.994;FEXF SI 20241220 CS;SIMPLE_INSTRUMENT;BLOCK;EUR;60;2681.00000000;980;PRC_DECOMP_MEMBER;;;;XEUR;10839550;694;MEMBER
17.12.2024;15:22:12.579;FFOX SI 20241220 CS;SIMPLE_INSTRUMENT;BLOCK;EUR;54;4312.20000000;150;EXCHANGE_LAST;;1;1;XEUR;10839549;695;
17.12.2024;15:22:44.580;FFOX SI 20250321 CS;SIMPLE_INSTRUMENT;BLOCK;EUR;55;4280.00000000;150;EXCHANGE_LAST;;1;1;XEUR;11338030;695;
17.12.2024;08:19:58.062;FGBL SI 20250306 PS;SIMPLE_INSTRUMENT;EFS;EUR;1;134.50000000;463;EXCHANGE_LAST;;1;1;XEUR;11286679;688;
17.12.2024;08:31:50.636;FGBL SI 20250306 PS;SIMPLE_INSTRUMENT;EFP_FIN;EUR;2;134.52000000;829;EXCHANGE_LAST;;1;1;XEUR;11286679;688;
17.12.2024;08:44:39.246;FGBL SI 20250306 PS;SIMPLE_INSTRUMENT;EFP_FIN;EUR;3;134.63000000;230;EXCHANGE_LAST;;1;1;XEUR;11286679;688;
17.12.2024;08:49:03.678;FGBL SI 20250306 PS;SIMPLE_INSTRUMENT;EFS;EUR;4;134.70000000;185;EXCHANGE_LAST;;1;1;XEUR;11286679;688;
17.12.2024;08:50:35.641;FGBL SI 20250306 PS;SIMPLE_INSTRUMENT;EFS;EUR;5;134.72000000;350;EXCHANGE_LAST;;1;1;XEUR;11286679;688;
17.12.2024;09:01:02.712;FGBL SI 20250306 PS;SIMPLE_INSTRUMENT;EFP_FIN;EUR;6;134.68000000;194;EXCHANGE_LAST;;1;1;XEUR;11286679;688;
17.12.2024;09:01:51.686;FGBL SI 20250306 PS;SIMPLE_INSTRUMENT;EFS;EUR;7;134.70000000;217;EXCHANGE_LAST;;1;1;XEUR;11286679;688;
17.12.2024;09:15:33.483;FGBL SI 20250306 PS;SIMPLE_INSTRUMENT;EFS;EUR;8;134.90000000;228;EXCHANGE_LAST;;1;1;XEUR;11286679;688;
17.12.2024;09:16:43.840;FGBL SI 20250306 PS;SIMPLE_INSTRUMENT;EFP_FIN;EUR;9;134.72000000;201;EXCHANGE_LAST;;1;1;XEUR;11286679;688;
17.12.2024;09:18:00.127;FGBL SI 20250306 PS;SIMPLE_INSTRUMENT;EFS;EUR;10;134.82000000;178;EXCHANGE_LAST;;1;1;XEUR;11286679;688;
17.12.2024;09:18:48.755;FGBL SI 20250306 PS;SIMPLE_INSTRUMENT;EFS;EUR;11;134.90000000;228;EXCHANGE_LAST;;1;1;XEUR;11286679;688;
17.12.2024;09:21:23.753;FGBL SI 20250306 PS;SIMPLE_INSTRUMENT;EFS;EUR;12;134.93000000;440;EXCHANGE_LAST;;1;1;XEUR;11286679;688;
17.12.2024;09:23:01.013;FGBL SI 20250306 PS;SIMPLE_INSTRUMENT;EFS;EUR;13;134.86000000;659;EXCHANGE_LAST;;1;1;XEUR;11286679;688;
17.12.2024;09:26:44.467;FGBL SI 20250306 PS;SIMPLE_INSTRUMENT;EFS;EUR;14;134.73000000;693;EXCHANGE_LAST;;1;1;XEUR;11286679;688;
17.12.2024;09:27:07.499;FGBL SI 20250306 PS;SIMPLE_INSTRUMENT;EFP_FIN;EUR;15;134.91000000;78;EXCHANGE_LAST;;1;1;XEUR;11286679;688;
17.12.2024;09:27:31.684;FGBL SI 20250306 PS;SIMPLE_INSTRUMENT;EFS;EUR;16;134.88000000;692;EXCHANGE_LAST;;1;1;XEUR;11286679;688;
17.12.2024;09:28:10.570;FGBL SI 20250306 PS;SIMPLE_INSTRUMENT;EFS;EUR;17;134.85000000;231;EXCHANGE_LAST;;1;1;XEUR;11286679;688;
17.12.2024;09:32:34.432;FGBL SI 20250306 PS;SIMPLE_INSTRUMENT;EFS;EUR;18;134.84000000;405;EXCHANGE_LAST;;1;1;XEUR;11286679;688;
17.12.2024;09:34:36.628;FGBL SI 20250306 PS;SIMPLE_INSTRUMENT;EFS;EUR;19;134.82000000;692;EXCHANGE_LAST;;1;1;XEUR;11286679;688;
17.12.2024;09:34:58.777;FGBL SI 20250306 PS;SIMPLE_INSTRUMENT;EFS;EUR;20;134.82000000;215;EXCHANGE_LAST;;1;1;XEUR;11286679;688;
17.12.2024;09:35:04.518;FGBL SI 20250306 PS;SIMPLE_INSTRUMENT;EFS;EUR;21;134.85000000;410;EXCHANGE_LAST;;1;1;XEUR;11286679;688;
17.12.2024;09:35:15.672;FGBL SI 20250306 PS;SIMPLE_INSTRUMENT;EFS;EUR;22;134.84000000;473;EXCHANGE_LAST;;1;1;XEUR;11286679;688;
17.12.2024;09:35:24.269;FGBL SI 20250306 PS;SIMPLE_INSTRUMENT;EFS;EUR;23;134.82000000;429;EXCHANGE_LAST;;1;1;XEUR;11286679;688;
17.12.2024;09:40:09.861;FGBL SI 20250306 PS;SIMPLE_INSTRUMENT;EFS;EUR;24;134.86000000;202;EXCHANGE_LAST;;1;1;XEUR;11286679;688;
17.12.2024;09:41:40.306;FGBL SI 20250306 PS;SIMPLE_INSTRUMENT;EFS;EUR;25;134.86000000;880;EXCHANGE_LAST;;1;1;XEUR;11286679;688;
17.12.2024;09:41:40.628;FGBL SI 20250306 PS;SIMPLE_INSTRUMENT;EFS;EUR;26;134.81000000;462;EXCHANGE_LAST;;1;1;XEUR;11286679;688;
17.12.2024;09:43:13.486;FGBL SI 20250306 PS;SIMPLE_INSTRUMENT;EFS;EUR;27;134.82000000;923;EXCHANGE_LAST;;1;1;XEUR;11286679;688;
17.12.2024;09:50:25.845;FGBL SI 20250306 PS;SIMPLE_INSTRUMENT;EFS;EUR;28;134.86000000;202;EXCHANGE_LAST;;1;1;XEUR;11286679;688;
17.12.2024;09:52:15.094;FGBL SI 20250306 PS;SIMPLE_INSTRUMENT;EFS;EUR;29;134.79000000;404;EXCHANGE_LAST;;1;1;XEUR;11286679;688;
17.12.2024;09:58:05.204;FGBL SI 20250306 PS;SIMPLE_INSTRUMENT;EFS;EUR;30;134.78000000;250;EXCHANGE_LAST;;1;1;XEUR;11286679;688;
17.12.2024;09:57:37.370;FGBL SI 20250306 PS;SIMPLE_INSTRUMENT;EFS;EUR;31;134.79000000;101;EXCHANGE_LAST;;1;1;XEUR;11286679;688;
17.12.2024;09:57:52.380;FGBL SI 20250306 PS;SIMPLE_INSTRUMENT;EFS;EUR;32;134.79000000;101;EXCHANGE_LAST;;1;1;XEUR;11286679;688;
17.12.2024;10:00:07.467;FGBL SI 20250306 PS;SIMPLE_INSTRUMENT;EFS;EUR;33;134.79000000;101;EXCHANGE_LAST;;1;1;XEUR;11286679;688;
17.12.2024;10:05:15.247;FGBL SI 20250306 PS;SIMPLE_INSTRUMENT;EFS;EUR;34;134.85000000;462;EXCHANGE_LAST;;1;1;XEUR;11286679;688;
17.12.2024;10:06:33.253;FGBL SI 20250306 PS;SIMPLE_INSTRUMENT;EFS;EUR;36;134.85000000;231;EXCHANGE_LAST;;1;1;XEUR;11286679;688;
17.12.2024;10:08:17.177;FGBL SI 20250306 PS;SIMPLE_INSTRUMENT;EFS;EUR;37;134.79000000;404;EXCHANGE_LAST;;1;1;XEUR;11286679;688;
17.12.2024;10:09:41.731;FGBL SI 20250306 PS;SIMPLE_INSTRUMENT;EFS;EUR;38;134.76000000;139;EXCHANGE_LAST;;1;1;XEUR;11286679;688;
17.12.2024;10:16:19.206;FGBL SI 20250306 PS;SIMPLE_INSTRUMENT;EFS;EUR;39;134.74000000;213;EXCHANGE_LAST;;1;1;XEUR;11286679;688;
17.12.2024;10:16:51.406;FGBL SI 20250306 PS;SIMPLE_INSTRUMENT;EFS;EUR;40;134.74000000;213;EXCHANGE_LAST;;1;1;XEUR;11286679;688;
17.12.2024;10:20:47.374;FGBL SI 20250306 PS;SIMPLE_INSTRUMENT;EFS;EUR;41;134.72000000;220;EXCHANGE_LAST;;1;1;XEUR;11286679;688;
17.12.2024;10:34:49.663;FGBL SI 20250306 PS;SIMPLE_INSTRUMENT;EFS;EUR;42;134.74000000;268;EXCHANGE_LAST;;1;1;XEUR;11286679;688;
17.12.2024;10:40:24.122;FGBL SI 20250306 PS;SIMPLE_INSTRUMENT;EFP_FIN;EUR;43;134.70000000;187;EXCHANGE_LAST;;1;1;XEUR;11286679;688;
17.12.2024;10:40:26.896;FGBL SI 20250306 PS;SIMPLE_INSTRUMENT;EFS;EUR;44;134.73000000;404;EXCHANGE_LAST;;1;1;XEUR;11286679;688;
17.12.2024;10:44:53.073;FGBL SI 20250306 PS;SIMPLE_INSTRUMENT;EFS;EUR;45;134.72000000;202;EXCHANGE_LAST;;1;1;XEUR;11286679;688;
17.12.2024;10:50:39.450;FGBL SI 20250306 PS;SIMPLE_INSTRUMENT;EFS;EUR;46;134.72000000;220;EXCHANGE_LAST;;1;1;XEUR;11286679;688;
17.12.2024;11:11:58.882;FGBL SI 20250306 PS;SIMPLE_INSTRUMENT;EFP_FIN;EUR;47;134.78000000;794;EXCHANGE_LAST;;1;1;XEUR;11286679;688;
17.12.2024;11:13:44.061;FGBL SI 20250306 PS;SIMPLE_INSTRUMENT;EFS;EUR;48;134.69000000;300;EXCHANGE_LAST;;1;1;XEUR;11286679;688;
17.12.2024;11:15:08.550;FGBL SI 20250306 PS;SIMPLE_INSTRUMENT;EFS;EUR;49;134.85000000;923;EXCHANGE_LAST;;1;1;XEUR;11286679;688;
17.12.2024;11:17:27.366;FGBL SI 20250306 PS;SIMPLE_INSTRUMENT;EFS;EUR;50;134.69000000;404;EXCHANGE_LAST;;1;1;XEUR;11286679;688;
17.12.2024;12:05:04.804;FGBL SI 20250306 PS;SIMPLE_INSTRUMENT;EFP_FIN;EUR;51;134.66000000;624;EXCHANGE_LAST;;1;1;XEUR;11286679;688;
17.12.2024;12:19:48.697;FGBL SI 20250306 PS;SIMPLE_INSTRUMENT;EFS;EUR;52;134.64000000;405;EXCHANGE_LAST;;1;1;XEUR;11286679;688;
17.12.2024;12:21:39.146;FGBL SI 20250306 PS;SIMPLE_INSTRUMENT;EFS;EUR;53;134.67000000;404;EXCHANGE_LAST;;1;1;XEUR;11286679;688;
17.12.2024;12:25:37.225;FGBL SI 20250306 PS;SIMPLE_INSTRUMENT;EFS;EUR;54;134.65000000;318;EXCHANGE_LAST;;1;1;XEUR;11286679;688;
17.12.2024;12:27:05.829;FGBL SI 20250306 PS;SIMPLE_INSTRUMENT;EFS;EUR;55;134.64000000;203;EXCHANGE_LAST;;1;1;XEUR;11286679;688;
17.12.2024;12:35:00.291;FGBL SI 20250306 PS;SIMPLE_INSTRUMENT;EFS;EUR;56;134.66000000;462;EXCHANGE_LAST;;1;1;XEUR;11286679;688;
