#Date;TrdTime;Contract;ContractType;TrdTyp;Currency;TesId;Prc;Qty;TrdInd;Aggressor;Buy;Sell;Exch;InstrumentId;RelatedProdId;PrcDecomp
28.05.2025;11:30:43.066;A2SG SI 20250620 CS;SIMPLE_INSTRUMENT;BLOCK;EUR;35;1.43000000;2648;EXCHANGE_LAST;;1;1;XEUR;10827627;14;
28.05.2025;11:24:01.899;A3BB SI 20291221 CS;SIMPLE_INSTRUMENT;BLOCK;CHF;30;0.79500000;50;EXCHANGE_LAST;;1;1;XEUR;11927871;574519;
28.05.2025;10:57:24.509;ABBN.O.250528.BER.000004;STANDARD_OPTION_STRATEGY;BLOCK;CHF;14;2.15000000;6500;EXCHANGE_LAST;;2;1;XEUR;74525125763939129;574517;
28.05.2025;10:57:24.509;ABBN SI 20250620 PS AM P 50.00 0;SIMPLE_INSTRUMENT;BLOCK;CHF;14;2.60000000;6500;PRC_DECOMP_EXCHANGE;;;;XEUR;11409836;574517;EXCHANGE
28.05.2025;10:57:24.509;ABBN SI 20250620 PS AM P 46.00 0;SIMPLE_INSTRUMENT;BLOCK;CHF;14;0.45000000;6500;PRC_DECOMP_EXCHANGE;;;;XEUR;11409722;574517;EXCHANGE
28.05.2025;14:20:39.604;ABBN FI 20250625 CS EU C 49.4200 0;FLEXIBLE_INSTRUMENT;BLOCK;CHF;44;0.44000000;1500;EXCHANGE_LAST;;1;1;XEUR;1155389036332855047;574517;
28.05.2025;15:27:51.533;ABBN SI 20250620 PS AM C 50.00 0;SIMPLE_INSTRUMENT;BLOCK;CHF;50;0.34000000;1624;EXCHANGE_LAST;;1;1;XEUR;11409838;574517;
28.05.2025;09:12:55.356;ADEN.O.250528.BRT12.000002;STANDARD_OPTION_STRATEGY;BLOCK;CHF;3;-2.13000000;850;EXCHANGE_LAST;;1;1;XEUR;72057783016515959;44;
28.05.2025;09:12:55.356;ADEN SI 20250620 PS AM P 24.00 0;SIMPLE_INSTRUMENT;BLOCK;CHF;3;1.31000000;1700;PRC_DECOMP_EXCHANGE;;;;XEUR;7897564;44;EXCHANGE
28.05.2025;09:12:55.356;ADEN SI 20250718 PS AM P 21.00 0;SIMPLE_INSTRUMENT;BLOCK;CHF;3;0.49000000;850;PRC_DECOMP_EXCHANGE;;;;XEUR;13234119;44;EXCHANGE
28.05.2025;09:25:21.847;ADS SI 20250815 PS AM P 205.00 0;SIMPLE_INSTRUMENT;BLOCK;EUR;5;6.05000000;800;EXCHANGE_LAST;;2;2;XEUR;13403192;50;
28.05.2025;09:39:02.991;ADS SI 20270618 PS AM P 180.00 0;SIMPLE_INSTRUMENT;BLOCK;EUR;6;17.32000000;125;EXCHANGE_LAST;;1;1;XEUR;11348221;50;
28.05.2025;15:19:33.603;AI3A SI 20250718 PS AM C 76.00 0;SIMPLE_INSTRUMENT;BLOCK;EUR;25;1.05000000;181;EXCHANGE_LAST;;1;1;XEUR;13266869;77252;
28.05.2025;08:33:13.452;ALC SI 20260619 PS AM P 60.00 0;SIMPLE_INSTRUMENT;BLOCK;CHF;1;2.47000000;450;EXCHANGE_LAST;;1;1;XEUR;9584527;130134;
28.05.2025;10:33:59.930;ALC SI 20251219 PS AM P 68.00 0;SIMPLE_INSTRUMENT;BLOCK;CHF;11;3.48000000;600;EXCHANGE_LAST;;1;1;XEUR;5920610;130134;
28.05.2025;11:39:41.575;ALV SI 20260619 PS AM C 400.00 0;SIMPLE_INSTRUMENT;BLOCK;EUR;1;10.10000000;500;EXCHANGE_LAST;;1;1;XEUR;9769859;74;
28.05.2025;14:33:38.286;ALV SI 20251219 PS AM P 300.00 0;SIMPLE_INSTRUMENT;BLOCK;EUR;4;5.60000000;3000;EXCHANGE_LAST;;1;3;XEUR;11786626;74;
28.05.2025;13:26:32.672;ANN.O.250528.RBER.000028;STANDARD_OPTION_STRATEGY;BLOCK;EUR;25;-0.24000000;2000;EXCHANGE_LAST;;1;1;XEUR;72251735149671613;45202;
28.05.2025;13:26:32.672;ANN SI 20260320 PS AM P 26.00 0;SIMPLE_INSTRUMENT;BLOCK;EUR;25;1.72000000;2000;PRC_DECOMP_EXCHANGE;;;;XEUR;13030925;45202;EXCHANGE
28.05.2025;13:26:32.672;ANN SI 20260320 PS AM P 22.00 0;SIMPLE_INSTRUMENT;BLOCK;EUR;25;0.74000000;4000;PRC_DECOMP_EXCHANGE;;;;XEUR;13030933;45202;EXCHANGE
28.05.2025;11:30:39.749;ASGF SI 20250619 CS;SIMPLE_INSTRUMENT;BLOCK;EUR;34;33.15790000;30000;EXCHANGE_LAST;;1;1;XEUR;12186943;949862;
28.05.2025;15:37:41.312;B2AS SI 20281215 CS;SIMPLE_INSTRUMENT;BLOCK;EUR;60;1.84000000;100;EXCHANGE_LAST;;1;1;XEUR;6798359;140;
28.05.2025;13:11:41.168;B2MW SI 20261218 CS;SIMPLE_INSTRUMENT;BLOCK;EUR;46;3.39000000;75;EXCHANGE_LAST;;1;2;XEUR;4632168;128;
28.05.2025;13:39:45.401;B2MW SI 20261218 CS;SIMPLE_INSTRUMENT;BLOCK;EUR;50;3.39000000;175;EXCHANGE_LAST;;1;2;XEUR;4632168;128;
28.05.2025;15:46:59.519;B2MW SI 20261218 CS;SIMPLE_INSTRUMENT;BLOCK;EUR;61;3.48000000;100;EXCHANGE_LAST;;1;1;XEUR;4632168;128;
28.05.2025;11:20:09.477;B2NP SI 20250620 CS;SIMPLE_INSTRUMENT;BLOCK;EUR;25;4.79000000;880;EXCHANGE_LAST;;1;1;XEUR;10830225;131;
28.05.2025;15:32:37.372;B2NP SI 20250919 CS;SIMPLE_INSTRUMENT;BLOCK;EUR;55;4.79000000;261;EXCHANGE_LAST;;1;1;XEUR;11350100;131;
28.05.2025;15:39:56.968;B2NP SI 20251219 CS;SIMPLE_INSTRUMENT;BLOCK;EUR;62;7.30000000;120;EXCHANGE_LAST;;1;1;XEUR;5914355;131;
28.05.2025;11:20:25.111;B3AY SI 20291221 CS;SIMPLE_INSTRUMENT;BLOCK;EUR;22;0.56000000;90;EXCHANGE_LAST;;1;1;XEUR;8411324;76035;
28.05.2025;12:01:53.166;BALN SI 20260320 PS AM P 170.00 0;SIMPLE_INSTRUMENT;BLOCK;CHF;23;4.41000000;200;EXCHANGE_LAST;;1;1;XEUR;12996675;147;
28.05.2025;12:29:19.688;BAN SI 20250718 PS AM P 50.00 0;SIMPLE_INSTRUMENT;BLOCK;CHF;28;1.87000000;1000;EXCHANGE_LAST;;1;1;XEUR;13272236;298535;
28.05.2025;13:11:30.346;BAS.O.250528.BUL.000009;STANDARD_OPTION_STRATEGY;BLOCK;EUR;5;4.45000000;1500;EXCHANGE_LAST;;1;1;XEUR;72058238283094613;150;
28.05.2025;13:11:30.346;BAS SI 20281215 PS AM C 52.00 0;SIMPLE_INSTRUMENT;BLOCK;EUR;5;4.52000000;1500;PRC_DECOMP_EXCHANGE;;;;XEUR;10396468;150;EXCHANGE
28.05.2025;13:11:30.346;BAS SI 20281215 PS AM C 40.00 0;SIMPLE_INSTRUMENT;BLOCK;EUR;5;8.97000000;1500;PRC_DECOMP_EXCHANGE;;;;XEUR;10396475;150;EXCHANGE
28.05.2025;13:50:57.414;BAS SI 20251219 PS AM P 34.00 0;SIMPLE_INSTRUMENT;BLOCK;EUR;7;0.77000000;4000;EXCHANGE_LAST;;2;3;XEUR;12433142;150;
28.05.2025;09:36:14.774;BAY SI 20260619 PS AM C 30.00 0;SIMPLE_INSTRUMENT;BLOCK;EUR;2;2.50000000;4000;EXCHANGE_LAST;;2;3;XEUR;10804256;168;
28.05.2025;11:50:11.933;BAY SI 20250620 PS AM C 25.50 0;SIMPLE_INSTRUMENT;BLOCK;EUR;3;0.58000000;3000;EXCHANGE_LAST;;2;1;XEUR;12224678;168;
28.05.2025;13:19:20.582;BAY.O.250528.STG.000028;STANDARD_OPTION_STRATEGY;BLOCK;EUR;6;3.07000000;2000;EXCHANGE_LAST;;2;1;XEUR;72058315592511811;168;
28.05.2025;13:19:20.582;BAY SI 20251219 PS AM P 20.00 0;SIMPLE_INSTRUMENT;BLOCK;EUR;6;1.40000000;2000;PRC_DECOMP_EXCHANGE;;;;XEUR;8112406;168;EXCHANGE
28.05.2025;13:19:20.582;BAY SI 20251219 PS AM C 30.00 0;SIMPLE_INSTRUMENT;BLOCK;EUR;6;1.67000000;2000;PRC_DECOMP_EXCHANGE;;;;XEUR;10804252;168;EXCHANGE
28.05.2025;14:41:42.816;BAYG SI 20250919 CS;SIMPLE_INSTRUMENT;BLOCK;EUR;52;24.90630000;15000;EXCHANGE_LAST;;1;1;XEUR;11728197;76034;
28.05.2025;09:54:48.221;BEI SI 20251219 PS AM C 130.00 0;SIMPLE_INSTRUMENT;BLOCK;EUR;7;4.95000000;400;EXCHANGE_LAST;;1;1;XEUR;12433734;176;
28.05.2025;09:05:17.286;BMW.O.250528.CDIA.000003;STANDARD_OPTION_STRATEGY;BLOCK;EUR;4;4.17000000;550;EXCHANGE_LAST;;1;1;XEUR;72058495981111505;210;
28.05.2025;09:05:17.286;BMW SI 20251219 PS AM C 80.00 0;SIMPLE_INSTRUMENT;BLOCK;EUR;4;5.79000000;550;PRC_DECOMP_EXCHANGE;;;;XEUR;7126197;210;EXCHANGE
28.05.2025;09:05:17.286;BMW SI 20250718 PS AM C 81.00 0;SIMPLE_INSTRUMENT;BLOCK;EUR;4;1.62000000;550;PRC_DECOMP_EXCHANGE;;;;XEUR;13296547;210;EXCHANGE
28.05.2025;09:38:17.844;BMW SI 20260619 PS AM P 60.00 0;SIMPLE_INSTRUMENT;BLOCK;EUR;6;3.25000000;500;EXCHANGE_LAST;;1;1;XEUR;9541203;210;
28.05.2025;08:49:50.793;BNP.O.250528.RBER.000001;STANDARD_OPTION_STRATEGY;BLOCK;EUR;4;-2.18000000;1250;EXCHANGE_LAST;;1;1;XEUR;72058611945201515;237;
28.05.2025;08:49:50.793;BNP SI 20251219 PS AM P 82.00 0;SIMPLE_INSTRUMENT;BLOCK;EUR;4;9.34000000;1250;PRC_DECOMP_EXCHANGE;;;;XEUR;12761982;237;EXCHANGE
28.05.2025;08:49:50.793;BNP SI 20251219 PS AM P 70.00 0;SIMPLE_INSTRUMENT;BLOCK;EUR;4;3.58000000;2500;PRC_DECOMP_EXCHANGE;;;;XEUR;12372400;237;EXCHANGE
28.05.2025;12:13:23.227;BNP SI 20251219 PS AM P 50.00 0;SIMPLE_INSTRUMENT;BLOCK;EUR;14;0.61000000;4000;EXCHANGE_LAST;;1;1;XEUR;6292396;237;
28.05.2025;13:11:59.116;BNP.O.250528.BR23.000004;STANDARD_OPTION_STRATEGY;BLOCK;EUR;16;-6.00000000;1250;EXCHANGE_LAST;;2;1;XEUR;72058611945201518;237;
28.05.2025;13:11:59.116;BNP SI 20291221 PS AM P 56.00 0;SIMPLE_INSTRUMENT;BLOCK;EUR;16;9.58000000;3750;PRC_DECOMP_EXCHANGE;;;;XEUR;12435621;237;EXCHANGE
28.05.2025;13:11:59.116;BNP SI 20291221 PS AM P 72.00 0;SIMPLE_INSTRUMENT;BLOCK;EUR;16;17.37000000;2500;PRC_DECOMP_EXCHANGE;;;;XEUR;12435648;237;EXCHANGE
28.05.2025;11:19:25.197;BNPH SI 20250620 CS;SIMPLE_INSTRUMENT;BLOCK;EUR;23;77.72690000;10000;EXCHANGE_LAST;;1;1;XEUR;11170600;236;
28.05.2025;15:33:50.861;BNPH.S.JUN25.SEP25.SPD;FUTURES_SPREAD;BLOCK;EUR;54;-0.42250000;3000;EXCHANGE_LAST;;1;1;XEUR;72058607650212074;236;
28.05.2025;15:33:50.861;BNPH SI 20250620 CS;SIMPLE_INSTRUMENT;BLOCK;EUR;54;76.60000000;3000;PRC_DECOMP_MEMBER;;;;XEUR;11170600;236;MEMBER
28.05.2025;15:33:50.861;BNPH SI 20250919 CS;SIMPLE_INSTRUMENT;BLOCK;EUR;54;77.02250000;3000;PRC_DECOMP_MEMBER;;;;XEUR;11701000;236;MEMBER
28.05.2025;10:50:25.903;BSN SI 20261218 PS AM C 96.00 0;SIMPLE_INSTRUMENT;BLOCK;EUR;9;1.25000000;500;EXCHANGE_LAST;;1;1;XEUR;8181444;241;
28.05.2025;08:09:23.545;C4RI SI 20261218 CS;SIMPLE_INSTRUMENT;BLOCK;EUR;2;3.05000000;400;EXCHANGE_LAST;;1;1;XEUR;6821680;50862;
28.05.2025;10:07:19.588;C4RI SI 20261218 CS;SIMPLE_INSTRUMENT;BLOCK;EUR;12;3.06000000;400;EXCHANGE_LAST;;1;1;XEUR;6821680;50862;
28.05.2025;10:56:18.262;C4RI SI 20261218 CS;SIMPLE_INSTRUMENT;BLOCK;EUR;17;3.09000000;500;EXCHANGE_LAST;;1;1;XEUR;6821680;50862;
28.05.2025;10:57:16.629;C4RI SI 20271217 CS;SIMPLE_INSTRUMENT;BLOCK;EUR;19;2.84000000;75;EXCHANGE_LAST;;1;1;XEUR;8408414;50862;
28.05.2025;10:57:31.301;C4RI SI 20261218 CS;SIMPLE_INSTRUMENT;BLOCK;EUR;20;3.06000000;75;EXCHANGE_LAST;;1;1;XEUR;6821680;50862;
28.05.2025;12:24:06.956;CAR.O.250528.STG.000006;STANDARD_OPTION_STRATEGY;BLOCK;EUR;15;0.18000000;3500;EXCHANGE_LAST;;1;1;XEUR;72058732204277744;265;
28.05.2025;12:24:06.956;CAR SI 20250718 PS AM C 14.80 0;SIMPLE_INSTRUMENT;BLOCK;EUR;15;0.11000000;3500;PRC_DECOMP_EXCHANGE;;;;XEUR;13238012;265;EXCHANGE
28.05.2025;12:24:06.956;CAR SI 20250718 PS AM P 12.60 0;SIMPLE_INSTRUMENT;BLOCK;EUR;15;0.07000000;3500;PRC_DECOMP_EXCHANGE;;;;XEUR;13238061;265;EXCHANGE
28.05.2025;15:41:58.509;CARG SI 20250620 CS;SIMPLE_INSTRUMENT;BLOCK;EUR;63;13.57200000;2000;EXCHANGE_LAST;;1;1;XEUR;11171232;271;
28.05.2025;11:41:06.741;CBK SI 20291221 PS AM P 16.00 0;SIMPLE_INSTRUMENT;BLOCK;EUR;9;3.53000000;750;EXCHANGE_LAST;;1;1;XEUR;12436510;268;
28.05.2025;12:30:08.761;CBK SI 20251219 PS AM C 26.00 0;SIMPLE_INSTRUMENT;BLOCK;EUR;10;3.79000000;5000;EXCHANGE_LAST;;1;1;XEUR;12436553;268;
28.05.2025;14:34:46.295;CBK SI 20250919 PS AM P 25.00 0;SIMPLE_INSTRUMENT;BLOCK;EUR;12;1.48000000;5000;EXCHANGE_LAST;;1;1;XEUR;13370587;268;
28.05.2025;08:04:49.977;CLX SI 20250620 PS AM P 30.00 0;SIMPLE_INSTRUMENT;BLOCK;EUR;9;0.12000000;500;EXCHANGE_LAST;;1;1;XEUR;10459069;626615;
28.05.2025;07:42:42.006;CON.O.250528.STG.000002;STANDARD_OPTION_STRATEGY;BLOCK;EUR;1;11.40000000;650;EXCHANGE_LAST;;1;1;XEUR;73838373378206313;414620;
28.05.2025;07:42:42.006;CON SI 20251219 PS AM C 80.00 0;SIMPLE_INSTRUMENT;BLOCK;EUR;1;6.42000000;650;PRC_DECOMP_EXCHANGE;;;;XEUR;12488802;414620;EXCHANGE
28.05.2025;07:42:42.006;CON SI 20251219 PS AM P 72.00 0;SIMPLE_INSTRUMENT;BLOCK;EUR;1;4.98000000;650;PRC_DECOMP_EXCHANGE;;;;XEUR;12488801;414620;EXCHANGE
28.05.2025;12:00:31.558;CRI5 SI 20261217 PS AM P 50.00 0;SIMPLE_INSTRUMENT;BLOCK;EUR;20;6.20000000;8500;EXCHANGE_LAST;;1;3;XEUR;12762046;320;
28.05.2025;13:19:54.257;CRTG SI 20250620 CS;SIMPLE_INSTRUMENT;BLOCK;EUR;47;7.48140000;65000;EXCHANGE_LAST;;1;1;XEUR;11172236;335;
28.05.2025;11:25:15.953;D3AI SI 20261218 CS;SIMPLE_INSTRUMENT;BLOCK;EUR;33;2.47000000;75;EXCHANGE_LAST;;1;1;XEUR;7144051;443197;
28.05.2025;15:37:56.795;D3AI SI 20261218 CS;SIMPLE_INSTRUMENT;BLOCK;EUR;59;2.55000000;100;EXCHANGE_LAST;;1;1;XEUR;7144051;443197;
28.05.2025;16:09:15.417;D3AI SI 20261218 CS;SIMPLE_INSTRUMENT;BLOCK;EUR;65;2.55000000;50;EXCHANGE_LAST;;1;1;XEUR;7144051;443197;
28.05.2025;09:14:46.142;DAI SI 20250620 PS AM C 56.00 0;SIMPLE_INSTRUMENT;BLOCK;EUR;5;0.25000000;2000;EXCHANGE_LAST;;1;1;XEUR;8006363;443196;
28.05.2025;14:47:01.617;DAI.O.250528.CDIA.000021;STANDARD_OPTION_STRATEGY;BLOCK;EUR;11;-0.68000000;3000;EXCHANGE_LAST;;2;1;XEUR;73961106363666739;443196;
28.05.2025;14:47:01.617;DAI SI 20251219 PS AM C 64.00 0;SIMPLE_INSTRUMENT;BLOCK;EUR;11;1.13000000;3000;PRC_DECOMP_EXCHANGE;;;;XEUR;7423844;443196;EXCHANGE
28.05.2025;14:47:01.617;DAI SI 20250718 PS AM C 54.00 0;SIMPLE_INSTRUMENT;BLOCK;EUR;11;1.81000000;3000;PRC_DECOMP_EXCHANGE;;;;XEUR;13276270;443196;EXCHANGE
28.05.2025;12:22:15.053;DKSH SI 20260320 PS AM P 64.00 0;SIMPLE_INSTRUMENT;BLOCK;CHF;26;5.20000000;200;EXCHANGE_LAST;;1;1;XEUR;13001604;390;
28.05.2025;10:11:23.616;DPW.O.250528.BUL.000007;STANDARD_OPTION_STRATEGY;BLOCK;EUR;10;0.23000000;2500;EXCHANGE_LAST;;1;3;XEUR;72059505298417726;445;
28.05.2025;10:11:23.616;DPW SI 20250718 PS AM C 43.50 0;SIMPLE_INSTRUMENT;BLOCK;EUR;10;0.14000000;2500;PRC_DECOMP_EXCHANGE;;;;XEUR;13382614;445;EXCHANGE
28.05.2025;10:11:23.616;DPW SI 20250718 PS AM C 42.00 0;SIMPLE_INSTRUMENT;BLOCK;EUR;10;0.37000000;2500;PRC_DECOMP_EXCHANGE;;;;XEUR;13305429;445;EXCHANGE
28.05.2025;14:40:24.056;DPW SI 20260619 PS AM P 32.00 0;SIMPLE_INSTRUMENT;BLOCK;EUR;29;1.57000000;2000;EXCHANGE_LAST;;1;1;XEUR;9545217;445;
28.05.2025;14:43:12.186;DPW SI 20260320 PS AM P 32.00 0;SIMPLE_INSTRUMENT;BLOCK;EUR;30;1.05000000;1000;EXCHANGE_LAST;;1;1;XEUR;13002541;445;
28.05.2025;11:21:16.065;DTE SI 20250620 PS AM P 33.00 0;SIMPLE_INSTRUMENT;BLOCK;EUR;15;0.31000000;2600;EXCHANGE_LAST;;1;1;XEUR;12038061;424;
28.05.2025;13:01:26.473;DTE SI 20261218 PS AM C 40.00 0;SIMPLE_INSTRUMENT;BLOCK;EUR;16;1.52000000;3000;EXCHANGE_LAST;;1;2;XEUR;9260296;424;
28.05.2025;15:37:31.261;DTE SI 20250620 PS AM P 33.00 0;SIMPLE_INSTRUMENT;BLOCK;EUR;32;0.44000000;1500;EXCHANGE_LAST;;1;1;XEUR;12038061;424;
28.05.2025;07:59:58.901;DTG SI 20250919 PS AM P 32.00 0;SIMPLE_INSTRUMENT;ENLIGHT;EUR;2;0.67000000;1300;EXCHANGE_LAST;;1;1;XEUR;11925655;455942;
28.05.2025;11:32:04.842;DVC SI 20251218 PS AM P 4.80 0;SIMPLE_INSTRUMENT;BLOCK;EUR;18;0.22000000;1000;EXCHANGE_LAST;;1;1;XEUR;10380869;420;
28.05.2025;07:59:24.489;EAD SI 20251219 PS AM C 198.51 1;SIMPLE_INSTRUMENT;BLOCK;EUR;1;3.30000000;300;EXCHANGE_LAST;;1;1;XEUR;11013908;465;
28.05.2025;14:24:12.447;ENL5.O.250528.BR23.000001;STANDARD_OPTION_STRATEGY;BLOCK;EUR;21;-1.22000000;1000;EXCHANGE_LAST;;1;2;XEUR;72059741521586647;500;
28.05.2025;14:24:12.447;ENL5 SI 20281214 PS AM P 7.20 0;SIMPLE_INSTRUMENT;BLOCK;EUR;21;1.03000000;2000;PRC_DECOMP_MEMBER;;;;XEUR;10381242;500;MEMBER
28.05.2025;14:24:12.447;ENL5 SI 20281214 PS AM P 4.80 0;SIMPLE_INSTRUMENT;BLOCK;EUR;21;0.28000000;3000;PRC_DECOMP_MEMBER;;;;XEUR;10381252;500;MEMBER
28.05.2025;07:44:06.427;ENR SI 20250718 PS AM P 80.00 0;SIMPLE_INSTRUMENT;BLOCK;EUR;1;4.02000000;830;EXCHANGE_LAST;;1;1;XEUR;13272257;298530;
28.05.2025;07:44:06.831;ENR SI 20250718 PS AM C 92.00 0;SIMPLE_INSTRUMENT;BLOCK;EUR;2;4.37000000;830;EXCHANGE_LAST;;1;1;XEUR;13335302;298530;
28.05.2025;07:44:07.577;ENR SI 20250718 PS AM P 70.00 0;SIMPLE_INSTRUMENT;BLOCK;EUR;3;1.50000000;830;EXCHANGE_LAST;;1;1;XEUR;13272289;298530;
28.05.2025;09:17:53.798;ENR SI 20250815 PS AM C 92.00 0;SIMPLE_INSTRUMENT;BLOCK;EUR;8;6.57000000;1200;EXCHANGE_LAST;;1;1;XEUR;13439758;298530;
28.05.2025;11:15:38.192;ENR SI 20250620 PS AM P 80.00 0;SIMPLE_INSTRUMENT;BLOCK;EUR;13;2.05000000;1500;EXCHANGE_LAST;;1;1;XEUR;12327351;298530;
28.05.2025;11:41:17.810;ENR SI 20291221 PS AM P 68.00 0;SIMPLE_INSTRUMENT;BLOCK;EUR;14;18.39000000;200;EXCHANGE_LAST;;1;1;XEUR;12484144;298530;
28.05.2025;13:05:27.553;ENR SI 20250620 PS AM C 85.00 0;SIMPLE_INSTRUMENT;BLOCK;EUR;17;5.13000000;4975;EXCHANGE_LAST;;1;1;XEUR;13464795;298530;
28.05.2025;13:05:27.555;ENR SI 20250620 PS AM C 85.00 0;SIMPLE_INSTRUMENT;BLOCK;EUR;18;5.10000000;2525;EXCHANGE_LAST;;1;1;XEUR;13464795;298530;
28.05.2025;13:06:26.689;ENR SI 20250620 PS AM C 90.00 0;SIMPLE_INSTRUMENT;BLOCK;EUR;19;2.76000000;6075;EXCHANGE_LAST;;1;1;XEUR;13361559;298530;
28.05.2025;13:06:49.722;ENR SI 20250620 PS AM C 90.00 0;SIMPLE_INSTRUMENT;BLOCK;EUR;20;2.77000000;1425;EXCHANGE_LAST;;1;1;XEUR;13361559;298530;
28.05.2025;13:07:30.574;ENR SI 20250620 PS AM C 96.00 0;SIMPLE_INSTRUMENT;BLOCK;EUR;21;1.20000000;9047;EXCHANGE_LAST;;1;1;XEUR;12778152;298530;
28.05.2025;13:08:16.796;ENR SI 20250620 PS AM C 96.00 0;SIMPLE_INSTRUMENT;BLOCK;EUR;22;1.22000000;328;EXCHANGE_LAST;;1;1;XEUR;12778152;298530;
28.05.2025;13:09:09.312;ENR SI 20250620 PS AM C 100.00 0;SIMPLE_INSTRUMENT;BLOCK;EUR;23;0.61000000;4687;EXCHANGE_LAST;;1;1;XEUR;13499416;298530;
28.05.2025;13:09:09.321;ENR SI 20250620 PS AM C 100.00 0;SIMPLE_INSTRUMENT;BLOCK;EUR;24;0.62000000;4688;EXCHANGE_LAST;;1;1;XEUR;13499416;298530;
28.05.2025;14:35:00.530;ENT5.O.250528.STG.000001;STANDARD_OPTION_STRATEGY;BLOCK;EUR;23;1.30000000;1000;EXCHANGE_LAST;;1;1;XEUR;72059728636685278;497;
28.05.2025;14:35:00.530;ENT5 SI 20260618 PS AM P 12.00 0;SIMPLE_INSTRUMENT;BLOCK;EUR;23;0.84900000;1000;PRC_DECOMP_EXCHANGE;;;;XEUR;9531346;497;EXCHANGE
28.05.2025;14:35:00.530;ENT5 SI 20260618 PS AM C 14.00 0;SIMPLE_INSTRUMENT;BLOCK;EUR;23;0.45100000;1000;PRC_DECOMP_EXCHANGE;;;;XEUR;9531347;497;EXCHANGE
28.05.2025;08:36:51.885;FBTP SI 20250606 PS;SIMPLE_INSTRUMENT;EFP_FIN;EUR;1;120.69000000;780;EXCHANGE_LAST;;1;1;XEUR;11820365;636;
28.05.2025;08:54:29.651;FBTP SI 20250606 PS;SIMPLE_INSTRUMENT;EFP_FIN;EUR;2;120.64000000;884;EXCHANGE_LAST;;1;1;XEUR;11820365;636;
28.05.2025;09:17:15.217;FBTP SI 20250606 PS;SIMPLE_INSTRUMENT;EFP_FIN;EUR;3;120.70000000;442;EXCHANGE_LAST;;1;1;XEUR;11820365;636;
28.05.2025;09:19:15.392;FBTP SI 20250606 PS;SIMPLE_INSTRUMENT;EFP_FIN;EUR;4;120.70000000;442;EXCHANGE_LAST;;1;1;XEUR;11820365;636;
28.05.2025;09:52:20.440;FBTP SI 20250606 PS;SIMPLE_INSTRUMENT;EFP_FIN;EUR;6;120.59000000;305;EXCHANGE_LAST;;1;1;XEUR;11820365;636;
28.05.2025;10:05:46.085;FBTP SI 20250606 PS;SIMPLE_INSTRUMENT;EFP_FIN;EUR;7;120.57000000;197;EXCHANGE_LAST;;1;1;XEUR;11820365;636;
28.05.2025;10:11:57.184;FBTP SI 20250606 PS;SIMPLE_INSTRUMENT;EFP_FIN;EUR;8;120.67000000;971;EXCHANGE_LAST;;1;1;XEUR;11820365;636;
28.05.2025;10:29:47.007;FBTP SI 20250606 PS;SIMPLE_INSTRUMENT;EFP_FIN;EUR;9;120.71000000;878;EXCHANGE_LAST;;1;1;XEUR;11820365;636;
28.05.2025;10:33:43.638;FBTP SI 20250606 PS;SIMPLE_INSTRUMENT;EFP_FIN;EUR;10;120.69000000;86;EXCHANGE_LAST;;1;1;XEUR;11820365;636;
28.05.2025;10:33:55.703;FBTP SI 20250606 PS;SIMPLE_INSTRUMENT;BLOCK;EUR;11;120.67000000;1150;EXCHANGE_LAST;;1;1;XEUR;11820365;636;
28.05.2025;11:07:48.299;FBTP SI 20250606 PS;SIMPLE_INSTRUMENT;EFP_FIN;EUR;12;120.76000000;884;EXCHANGE_LAST;;1;1;XEUR;11820365;636;
28.05.2025;11:13:04.933;FBTP SI 20250606 PS;SIMPLE_INSTRUMENT;EFP_FIN;EUR;13;120.76000000;805;EXCHANGE_LAST;;1;1;XEUR;11820365;636;
28.05.2025;11:32:55.516;FBTP SI 20250606 PS;SIMPLE_INSTRUMENT;EFP_FIN;EUR;14;120.70000000;222;EXCHANGE_LAST;;1;1;XEUR;11820365;636;
28.05.2025;11:39:48.548;FBTP SI 20250606 PS;SIMPLE_INSTRUMENT;EFP_FIN;EUR;15;120.70000000;109;EXCHANGE_LAST;;1;1;XEUR;11820365;636;
28.05.2025;11:46:01.628;FBTP SI 20250606 PS;SIMPLE_INSTRUMENT;EFP_FIN;EUR;16;120.73000000;332;EXCHANGE_LAST;;1;1;XEUR;11820365;636;
28.05.2025;11:51:29.909;FBTP SI 20250606 PS;SIMPLE_INSTRUMENT;BLOCK;EUR;17;120.77000000;840;EXCHANGE_LAST;;1;1;XEUR;11820365;636;
28.05.2025;12:30:41.622;FBTP SI 20250606 PS;SIMPLE_INSTRUMENT;BLOCK;EUR;18;120.88000000;1147;EXCHANGE_LAST;;1;1;XEUR;11820365;636;
28.05.2025;12:34:08.968;FBTP SI 20250606 PS;SIMPLE_INSTRUMENT;EFP_FIN;EUR;19;120.93000000;220;EXCHANGE_LAST;;1;1;XEUR;11820365;636;
28.05.2025;12:39:25.722;FBTP SI 20250606 PS;SIMPLE_INSTRUMENT;EFP_FIN;EUR;20;120.93000000;82;EXCHANGE_LAST;;1;1;XEUR;11820365;636;
28.05.2025;13:01:20.594;FBTP SI 20250606 PS;SIMPLE_INSTRUMENT;EFP_FIN;EUR;21;120.87000000;265;EXCHANGE_LAST;;1;1;XEUR;11820365;636;
28.05.2025;13:14:32.151;FBTP SI 20250606 PS;SIMPLE_INSTRUMENT;EFP_FIN;EUR;22;120.78000000;124;EXCHANGE_LAST;;1;1;XEUR;11820365;636;
28.05.2025;13:30:46.119;FBTP SI 20250606 PS;SIMPLE_INSTRUMENT;EFP_FIN;EUR;23;120.78000000;442;EXCHANGE_LAST;;1;1;XEUR;11820365;636;
28.05.2025;13:38:06.178;FBTP SI 20250606 PS;SIMPLE_INSTRUMENT;EFS;EUR;24;120.81000000;574;EXCHANGE_LAST;;1;1;XEUR;11820365;636;
28.05.2025;13:44:59.012;FBTP SI 20250606 PS;SIMPLE_INSTRUMENT;BLOCK;EUR;25;120.90000000;1370;EXCHANGE_LAST;;1;1;XEUR;11820365;636;
28.05.2025;13:51:12.982;FBTP SI 20250606 PS;SIMPLE_INSTRUMENT;BLOCK;EUR;26;120.90000000;442;EXCHANGE_LAST;;1;1;XEUR;11820365;636;
28.05.2025;13:59:20.992;FBTP SI 20250606 PS;SIMPLE_INSTRUMENT;EFS;EUR;27;120.79000000;632;EXCHANGE_LAST;;1;1;XEUR;11820365;636;
28.05.2025;13:59:51.869;FBTP SI 20250606 PS;SIMPLE_INSTRUMENT;BLOCK;EUR;28;120.90000000;884;EXCHANGE_LAST;;1;1;XEUR;11820365;636;
28.05.2025;14:06:01.991;FBTP SI 20250606 PS;SIMPLE_INSTRUMENT;EFP_FIN;EUR;29;120.72000000;117;EXCHANGE_LAST;;1;1;XEUR;11820365;636;
28.05.2025;14:20:55.948;FBTP SI 20250606 PS;SIMPLE_INSTRUMENT;BLOCK;EUR;30;120.73000000;265;EXCHANGE_LAST;;1;1;XEUR;11820365;636;
28.05.2025;14:22:12.781;FBTP SI 20250606 PS;SIMPLE_INSTRUMENT;BLOCK;EUR;31;120.75000000;744;EXCHANGE_LAST;;1;1;XEUR;11820365;636;
28.05.2025;14:53:21.775;FBTP SI 20250606 PS;SIMPLE_INSTRUMENT;EFP_FIN;EUR;32;120.78000000;58;EXCHANGE_LAST;;1;1;XEUR;11820365;636;
28.05.2025;14:55:49.611;FBTP SI 20250606 PS;SIMPLE_INSTRUMENT;EFP_FIN;EUR;33;120.69000000;110;EXCHANGE_LAST;;1;1;XEUR;11820365;636;
28.05.2025;15:05:40.923;FBTP SI 20250606 PS;SIMPLE_INSTRUMENT;EFP_FIN;EUR;34;120.73000000;82;EXCHANGE_LAST;;1;1;XEUR;11820365;636;
28.05.2025;15:06:51.593;FBTP SI 20250606 PS;SIMPLE_INSTRUMENT;EFP_FIN;EUR;35;120.75000000;97;EXCHANGE_LAST;;1;1;XEUR;11820365;636;
28.05.2025;15:07:20.105;FBTP SI 20250606 PS;SIMPLE_INSTRUMENT;EFP_FIN;EUR;36;120.73000000;66;EXCHANGE_LAST;;1;1;XEUR;11820365;636;
28.05.2025;15:34:37.939;FBTP SI 20250606 PS;SIMPLE_INSTRUMENT;EFP_FIN;EUR;37;120.76000000;105;EXCHANGE_LAST;;1;1;XEUR;11820365;636;
28.05.2025;15:32:44.993;FBTP SI 20250908 PS;SIMPLE_INSTRUMENT;VOLA;EUR;268435527;120.38000000;60;EXCHANGE_LAST;;1;1;XEUR;12372474;636;
28.05.2025;08:28:18.865;FBTS SI 20250606 PS;SIMPLE_INSTRUMENT;EFP_FIN;EUR;3;108.06000000;243;EXCHANGE_LAST;;1;1;XEUR;11820367;639;
28.05.2025;08:34:05.307;FBTS SI 20250606 PS;SIMPLE_INSTRUMENT;EFP_FIN;EUR;5;108.07000000;2626;EXCHANGE_LAST;;1;1;XEUR;11820367;639;
28.05.2025;09:17:08.107;FBTS SI 20250606 PS;SIMPLE_INSTRUMENT;BLOCK;EUR;6;108.07000000;276;EXCHANGE_LAST;;1;1;XEUR;11820367;639;
28.05.2025;09:22:53.441;FBTS SI 20250908 PS;SIMPLE_INSTRUMENT;EFP_FIN;EUR;8;108.00000000;773;EXCHANGE_LAST;;1;1;XEUR;12372476;639;
28.05.2025;09:43:35.683;FBTS SI 20250606 PS;SIMPLE_INSTRUMENT;EFP_FIN;EUR;9;108.04000000;889;EXCHANGE_LAST;;1;1;XEUR;11820367;639;
28.05.2025;09:55:36.779;FBTS SI 20250606 PS;SIMPLE_INSTRUMENT;EFP_FIN;EUR;11;108.07000000;559;EXCHANGE_LAST;;1;1;XEUR;11820367;639;
28.05.2025;09:56:16.280;FBTS SI 20250606 PS;SIMPLE_INSTRUMENT;EFP_FIN;EUR;12;108.03000000;774;EXCHANGE_LAST;;1;1;XEUR;11820367;639;
28.05.2025;09:56:39.783;FBTS SI 20250606 PS;SIMPLE_INSTRUMENT;EFP_FIN;EUR;13;108.07000000;531;EXCHANGE_LAST;;1;1;XEUR;11820367;639;
28.05.2025;11:44:17.832;FBTS SI 20250606 PS;SIMPLE_INSTRUMENT;EFP_FIN;EUR;18;108.06000000;1368;EXCHANGE_LAST;;1;1;XEUR;11820367;639;
28.05.2025;11:57:21.827;FBTS SI 20250606 PS;SIMPLE_INSTRUMENT;EFP_FIN;EUR;19;108.06000000;476;EXCHANGE_LAST;;1;1;XEUR;11820367;639;
28.05.2025;12:24:44.211;FBTS SI 20250606 PS;SIMPLE_INSTRUMENT;EFP_FIN;EUR;20;108.05000000;459;EXCHANGE_LAST;;1;1;XEUR;11820367;639;
28.05.2025;12:45:07.773;FBTS SI 20250606 PS;SIMPLE_INSTRUMENT;EFP_FIN;EUR;23;108.07000000;332;EXCHANGE_LAST;;1;1;XEUR;11820367;639;
28.05.2025;12:44:45.592;FBTS SI 20250606 PS;SIMPLE_INSTRUMENT;EFP_FIN;EUR;24;108.07000000;201;EXCHANGE_LAST;;1;1;XEUR;11820367;639;
28.05.2025;12:46:45.718;FBTS SI 20250606 PS;SIMPLE_INSTRUMENT;EFP_FIN;EUR;25;108.06000000;3210;EXCHANGE_LAST;;1;1;XEUR;11820367;639;
28.05.2025;14:16:28.785;FBTS SI 20250606 PS;SIMPLE_INSTRUMENT;EFP_FIN;EUR;29;108.05000000;199;EXCHANGE_LAST;;1;1;XEUR;11820367;639;
28.05.2025;14:17:11.797;FBTS SI 20250606 PS;SIMPLE_INSTRUMENT;EFP_FIN;EUR;30;108.06000000;266;EXCHANGE_LAST;;1;1;XEUR;11820367;639;
28.05.2025;15:42:32.364;FBTS SI 20250606 PS;SIMPLE_INSTRUMENT;EFP_FIN;EUR;42;108.06000000;321;EXCHANGE_LAST;;1;1;XEUR;11820367;639;
28.05.2025;07:31:05.457;FCEA SI 20250616 PS;SIMPLE_INSTRUMENT;BLOCK;AUD;1;1.76135000;93;EXCHANGE_LAST;;1;1;XEUR;7879002;369373;
28.05.2025;09:14:21.895;FCNS SI 20250616 PS;SIMPLE_INSTRUMENT;EFP_IDX;SEK;2;0.94527000;377;EXCHANGE_LAST;;1;1;XEUR;7879240;402911;
28.05.2025;09:14:22.409;FCNS SI 20250616 PS;SIMPLE_INSTRUMENT;EFP_IDX;SEK;3;0.94528000;146;EXCHANGE_LAST;;1;1;XEUR;7879240;402911;
28.05.2025;11:56:36.281;FCNS SI 20250616 PS;SIMPLE_INSTRUMENT;EFP_IDX;SEK;4;0.94520000;183;EXCHANGE_LAST;;1;1;XEUR;7879240;402911;
28.05.2025;11:56:36.805;FCNS SI 20250616 PS;SIMPLE_INSTRUMENT;EFP_IDX;SEK;5;0.94521000;132;EXCHANGE_LAST;;1;1;XEUR;7879240;402911;
28.05.2025;13:29:37.907;FCNS SI 20250616 PS;SIMPLE_INSTRUMENT;BLOCK;SEK;6;0.94500000;100;EXCHANGE_LAST;;1;1;XEUR;7879240;402911;
28.05.2025;15:24:15.471;FCNS SI 20250616 PS;SIMPLE_INSTRUMENT;EFP_IDX;SEK;7;0.94499000;43;EXCHANGE_LAST;;1;1;XEUR;7879240;402911;
28.05.2025;15:24:15.989;FCNS SI 20250616 PS;SIMPLE_INSTRUMENT;EFP_IDX;SEK;8;0.94500000;57;EXCHANGE_LAST;;1;1;XEUR;7879240;402911;
28.05.2025;13:40:49.390;FD3D SI 20261218 CS;SIMPLE_INSTRUMENT;BLOCK;EUR;59;112.50000000;500;EXCHANGE_LAST;;2;1;XEUR;7158183;588;
28.05.2025;13:47:21.351;FDAX SI 20250620 CS;SIMPLE_INSTRUMENT;BLOCK;EUR;2;24303.00000000;250;EXCHANGE_LAST;;1;1;XEUR;7903800;589;
28.05.2025;15:46:44.962;FDAX SI 20250620 CS;SIMPLE_INSTRUMENT;EFP_IDX;EUR;3;24073.00000000;20;EXCHANGE_LAST;;1;1;XEUR;7903800;589;
28.05.2025;15:46:59.395;FDAX SI 20250620 CS;SIMPLE_INSTRUMENT;EFP_IDX;EUR;4;24074.00000000;5;EXCHANGE_LAST;;1;1;XEUR;7903800;589;
28.05.2025;07:43:19.581;FDAX SI 20250620 CS;SIMPLE_INSTRUMENT;VOLA;EUR;671088643;24330.00000000;20;EXCHANGE_LAST;;1;1;XEUR;7903800;589;
28.05.2025;07:44:10.693;FDAX SI 20250620 CS;SIMPLE_INSTRUMENT;VOLA;EUR;671088645;24330.00000000;21;EXCHANGE_LAST;;1;1;XEUR;7903800;589;
28.05.2025;08:39:36.375;FDAX SI 20250620 CS;SIMPLE_INSTRUMENT;VOLA;EUR;671088652;24315.00000000;46;EXCHANGE_LAST;;1;1;XEUR;7903800;589;
28.05.2025;09:43:39.735;FEBD SI 20271217 CS;SIMPLE_INSTRUMENT;BLOCK;EUR;15;9.66000000;500;EXCHANGE_LAST;;1;1;XEUR;7776307;597;
28.05.2025;09:43:42.681;FEBD SI 20281215 CS;SIMPLE_INSTRUMENT;BLOCK;EUR;16;9.05000000;500;EXCHANGE_LAST;;1;1;XEUR;7776305;597;
28.05.2025;09:56:14.771;FEBD SI 20261218 CS;SIMPLE_INSTRUMENT;BLOCK;EUR;17;10.50000000;350;EXCHANGE_LAST;;1;1;XEUR;7158212;597;
28.05.2025;10:03:40.405;FEBD SI 20261218 CS;SIMPLE_INSTRUMENT;BLOCK;EUR;18;10.50000000;500;EXCHANGE_LAST;;1;1;XEUR;7158212;597;
28.05.2025;10:11:54.358;FEBD.S.DEC27.DEC28.SPD;FUTURES_SPREAD;BLOCK;EUR;19;0.62000000;500;EXCHANGE_LAST;;1;1;XEUR;72060158133407040;597;
28.05.2025;10:11:54.358;FEBD SI 20281215 CS;SIMPLE_INSTRUMENT;BLOCK;EUR;19;9.05000000;500;PRC_DECOMP_MEMBER;;;;XEUR;7776305;597;MEMBER
28.05.2025;10:11:54.358;FEBD SI 20271217 CS;SIMPLE_INSTRUMENT;BLOCK;EUR;19;9.67000000;500;PRC_DECOMP_MEMBER;;;;XEUR;7776307;597;MEMBER
28.05.2025;11:07:16.297;FEBD SI 20261218 CS;SIMPLE_INSTRUMENT;BLOCK;EUR;28;10.53000000;125;EXCHANGE_LAST;;1;1;XEUR;7158212;597;
28.05.2025;11:07:24.298;FEBD SI 20261218 CS;SIMPLE_INSTRUMENT;BLOCK;EUR;29;10.54000000;125;EXCHANGE_LAST;;1;1;XEUR;7158212;597;
28.05.2025;11:23:00.116;FEBD SI 20261218 CS;SIMPLE_INSTRUMENT;BLOCK;EUR;33;10.56000000;200;EXCHANGE_LAST;;1;1;XEUR;7158212;597;
28.05.2025;11:55:50.867;FEBD SI 20261218 CS;SIMPLE_INSTRUMENT;BLOCK;EUR;38;10.56000000;350;EXCHANGE_LAST;;1;2;XEUR;7158212;597;
28.05.2025;13:41:29.437;FEBD SI 20261218 CS;SIMPLE_INSTRUMENT;BLOCK;EUR;60;10.53000000;500;EXCHANGE_LAST;;1;1;XEUR;7158212;597;
28.05.2025;08:11:56.909;FECX SI 20250620 CS;SIMPLE_INSTRUMENT;BLOCK;EUR;3;167.55000000;32;EXCHANGE_LAST;;1;1;XEUR;11949125;410158;
28.05.2025;12:30:50.009;FECX SI 20250620 CS;SIMPLE_INSTRUMENT;BLOCK;EUR;46;167.56000000;100;EXCHANGE_LAST;;1;1;XEUR;11949125;410158;
28.05.2025;10:38:51.708;FEDV SI 20250620 CS;SIMPLE_INSTRUMENT;BLOCK;EUR;21;1988.00000000;2000;EXCHANGE_LAST;;1;1;XEUR;11880642;596;
28.05.2025;11:07:30.309;FEDV SI 20250620 CS;SIMPLE_INSTRUMENT;BLOCK;EUR;30;1988.00000000;2389;EXCHANGE_LAST;;1;1;XEUR;11880642;596;
28.05.2025;15:13:03.114;FEDV SI 20250620 CS;SIMPLE_INSTRUMENT;BLOCK;EUR;76;1990.00000000;1000;EXCHANGE_LAST;;1;1;XEUR;11880642;596;
28.05.2025;16:07:25.513;FEHY SI 20250620 CS;SIMPLE_INSTRUMENT;BLOCK;EUR;87;300.60000000;212;EXCHANGE_LAST;;1;1;XEUR;11949378;574047;
28.05.2025;15:41:58.483;FESB SI 20250620 CS;SIMPLE_INSTRUMENT;EFP_IDX;EUR;37;200.70000000;164;EXCHANGE_LAST;;1;1;XEUR;11880665;605;
28.05.2025;15:42:19.016;FESB SI 20250620 CS;SIMPLE_INSTRUMENT;EFP_IDX;EUR;38;200.80000000;864;EXCHANGE_LAST;;1;1;XEUR;11880665;605;
28.05.2025;15:51:24.777;FESB SI 20250620 CS;SIMPLE_INSTRUMENT;VOLA;EUR;603979831;201.10000000;1000;EXCHANGE_LAST;;1;1;XEUR;11880665;605;
28.05.2025;15:43:04.602;FESE SI 20250620 CS;SIMPLE_INSTRUMENT;BLOCK;EUR;4;367.40000000;475;EXCHANGE_LAST;;1;1;XEUR;11881257;685;
28.05.2025;15:43:04.622;FESE SI 20250620 CS;SIMPLE_INSTRUMENT;BLOCK;EUR;5;367.70000000;275;EXCHANGE_LAST;;1;1;XEUR;11881257;685;
28.05.2025;15:38:05.400;FESX SI 20250620 CS;SIMPLE_INSTRUMENT;BLOCK;EUR;1;5385.00000000;2000;EXCHANGE_LAST;;1;1;XEUR;7904020;675;
28.05.2025;15:42:30.227;FESX SI 20250620 CS;SIMPLE_INSTRUMENT;EFP_IDX;EUR;2;5385.00000000;1500;EXCHANGE_LAST;;1;1;XEUR;7904020;675;
28.05.2025;15:45:08.702;FESX SI 20250620 CS;SIMPLE_INSTRUMENT;BLOCK;EUR;7;5383.00000000;2000;EXCHANGE_LAST;;1;1;XEUR;7904020;675;
28.05.2025;15:45:22.544;FESX SI 20250620 CS;SIMPLE_INSTRUMENT;EFP_IDX;EUR;8;5382.00000000;178;EXCHANGE_LAST;;1;1;XEUR;7904020;675;
28.05.2025;15:45:35.213;FESX SI 20250620 CS;SIMPLE_INSTRUMENT;EFP_IDX;EUR;9;5383.00000000;190;EXCHANGE_LAST;;1;1;XEUR;7904020;675;
28.05.2025;15:46:09.174;FESX SI 20250620 CS;SIMPLE_INSTRUMENT;BLOCK;EUR;10;5383.00000000;9600;EXCHANGE_LAST;;1;1;XEUR;7904020;675;
28.05.2025;15:46:15.551;FESX SI 20250620 CS;SIMPLE_INSTRUMENT;BLOCK;EUR;11;5382.00000000;5400;EXCHANGE_LAST;;1;1;XEUR;7904020;675;
28.05.2025;15:47:58.448;FESX SI 20250620 CS;SIMPLE_INSTRUMENT;BLOCK;EUR;12;5383.00000000;2343;EXCHANGE_LAST;;1;1;XEUR;7904020;675;
28.05.2025;15:48:08.985;FESX SI 20250620 CS;SIMPLE_INSTRUMENT;BLOCK;EUR;13;5382.00000000;2207;EXCHANGE_LAST;;1;1;XEUR;7904020;675;
28.05.2025;15:48:20.659;FESX SI 20250620 CS;SIMPLE_INSTRUMENT;EFP_IDX;EUR;14;5383.00000000;232;EXCHANGE_LAST;;1;1;XEUR;7904020;675;
28.05.2025;15:48:33.142;FESX SI 20250620 CS;SIMPLE_INSTRUMENT;EFP_IDX;EUR;15;5382.00000000;218;EXCHANGE_LAST;;1;1;XEUR;7904020;675;
28.05.2025;15:51:04.498;FESX SI 20250620 CS;SIMPLE_INSTRUMENT;EFP_IDX;EUR;16;5383.00000000;258;EXCHANGE_LAST;;1;1;XEUR;7904020;675;
28.05.2025;15:51:12.452;FESX SI 20250620 CS;SIMPLE_INSTRUMENT;EFP_IDX;EUR;17;5382.00000000;242;EXCHANGE_LAST;;1;1;XEUR;7904020;675;
28.05.2025;16:01:15.769;FESX SI 20250620 CS;SIMPLE_INSTRUMENT;EFP_IDX;EUR;18;5382.00000000;85;EXCHANGE_LAST;;1;1;XEUR;7904020;675;
28.05.2025;16:01:40.566;FESX SI 20250620 CS;SIMPLE_INSTRUMENT;EFP_IDX;EUR;19;5382.00000000;59;EXCHANGE_LAST;;1;1;XEUR;7904020;675;
28.05.2025;16:01:40.282;FESX SI 20250620 CS;SIMPLE_INSTRUMENT;EFP_IDX;EUR;20;5382.00000000;707;EXCHANGE_LAST;;1;1;XEUR;7904020;675;
28.05.2025;16:01:54.413;FESX SI 20250620 CS;SIMPLE_INSTRUMENT;EFP_IDX;EUR;21;5383.00000000;37;EXCHANGE_LAST;;1;1;XEUR;7904020;675;
28.05.2025;16:01:48.989;FESX SI 20250620 CS;SIMPLE_INSTRUMENT;EFP_IDX;EUR;22;5383.00000000;1259;EXCHANGE_LAST;;1;1;XEUR;7904020;675;
28.05.2025;16:01:54.029;FESX SI 20250620 CS;SIMPLE_INSTRUMENT;EFP_IDX;EUR;23;5383.00000000;55;EXCHANGE_LAST;;1;1;XEUR;7904020;675;
28.05.2025;16:03:14.858;FESX SI 20250620 CS;SIMPLE_INSTRUMENT;EFP_IDX;EUR;24;5382.00000000;267;EXCHANGE_LAST;;1;1;XEUR;7904020;675;
28.05.2025;16:12:53.476;FESX SI 20250620 CS;SIMPLE_INSTRUMENT;EFP_IDX;EUR;25;5382.00000000;48;EXCHANGE_LAST;;1;1;XEUR;7904020;675;
28.05.2025;16:12:05.698;FESX SI 20250620 CS;SIMPLE_INSTRUMENT;EFP_IDX;EUR;26;5383.00000000;52;EXCHANGE_LAST;;1;1;XEUR;7904020;675;
28.05.2025;16:03:44.888;FESX SI 20250620 CS;SIMPLE_INSTRUMENT;EFP_IDX;EUR;27;5383.00000000;283;EXCHANGE_LAST;;1;1;XEUR;7904020;675;
28.05.2025;08:24:14.482;FESX SI 20250620 CS;SIMPLE_INSTRUMENT;VOLA;EUR;637534230;5425.00000000;144;EXCHANGE_LAST;;1;1;XEUR;7904020;675;
28.05.2025;08:28:47.807;FESX SI 20250620 CS;SIMPLE_INSTRUMENT;VOLA;EUR;637534232;5424.00000000;87;EXCHANGE_LAST;;1;1;XEUR;7904020;675;
28.05.2025;09:15:32.042;FESX SI 20250620 CS;SIMPLE_INSTRUMENT;VOLA;EUR;637534254;5419.00000000;148;EXCHANGE_LAST;;1;1;XEUR;7904020;675;
28.05.2025;09:15:23.308;FESX SI 20250620 CS;SIMPLE_INSTRUMENT;VOLA;EUR;637534255;5419.00000000;149;EXCHANGE_LAST;;1;1;XEUR;7904020;675;
28.05.2025;09:15:13.150;FESX SI 20250620 CS;SIMPLE_INSTRUMENT;VOLA;EUR;637534256;5419.00000000;149;EXCHANGE_LAST;;1;1;XEUR;7904020;675;
28.05.2025;09:47:20.088;FESX SI 20250620 CS;SIMPLE_INSTRUMENT;VOLA;EUR;637534272;5400.00000000;60;EXCHANGE_LAST;;1;1;XEUR;7904020;675;
28.05.2025;09:54:43.899;FESX SI 20250620 CS;SIMPLE_INSTRUMENT;VOLA;EUR;637534276;5395.00000000;10;EXCHANGE_LAST;;1;1;XEUR;7904020;675;
28.05.2025;11:30:08.917;FESX SI 20250620 CS;SIMPLE_INSTRUMENT;VOLA;EUR;637534318;5406.00000000;960;EXCHANGE_LAST;;1;1;XEUR;7904020;675;
28.05.2025;12:54:57.672;FESX SI 20250620 CS;SIMPLE_INSTRUMENT;VOLA;EUR;637534340;5399.00000000;45;EXCHANGE_LAST;;1;1;XEUR;7904020;675;
28.05.2025;12:58:56.089;FESX SI 20250620 CS;SIMPLE_INSTRUMENT;VOLA;EUR;637534341;5400.00000000;210;EXCHANGE_LAST;;1;1;XEUR;7904020;675;
28.05.2025;13:22:18.939;FESX SI 20250620 CS;SIMPLE_INSTRUMENT;VOLA;EUR;637534350;5394.00000000;50;EXCHANGE_LAST;;1;1;XEUR;7904020;675;
28.05.2025;13:34:22.216;FESX SI 20250620 CS;SIMPLE_INSTRUMENT;VOLA;EUR;637534357;5401.00000000;640;EXCHANGE_LAST;;1;1;XEUR;7904020;675;
28.05.2025;15:51:42.907;FESX SI 20250620 CS;SIMPLE_INSTRUMENT;VOLA;EUR;637534400;5385.00000000;15;EXCHANGE_LAST;;1;1;XEUR;7904020;675;
28.05.2025;07:21:40.287;FEU3 SI 20260316 CS;SIMPLE_INSTRUMENT;BLOCK;EUR;1;98.29000000;3000;EXCHANGE_LAST;;1;1;XEUR;4993987;702;
28.05.2025;11:01:13.353;FEXD SI 20291221 CS;SIMPLE_INSTRUMENT;BLOCK;EUR;25;143.30000000;300;EXCHANGE_LAST;;1;1;XEUR;4631968;693;
28.05.2025;11:01:45.194;FEXD SI 20301220 CS;SIMPLE_INSTRUMENT;BLOCK;EUR;26;140.80000000;300;EXCHANGE_LAST;;1;1;XEUR;5914108;693;
28.05.2025;13:04:11.661;FEXD SI 20261218 CS;SIMPLE_INSTRUMENT;BLOCK;EUR;48;155.00000000;300;EXCHANGE_LAST;;1;1;XEUR;2163053;693;
28.05.2025;13:40:35.272;FEXD SI 20281215 CS;SIMPLE_INSTRUMENT;BLOCK;EUR;52;146.50000000;750;EXCHANGE_LAST;;2;1;XEUR;3680985;693;
28.05.2025;14:20:09.088;FEXD SI 20281215 CS;SIMPLE_INSTRUMENT;BLOCK;EUR;70;146.50000000;1000;EXCHANGE_LAST;;1;1;XEUR;3680985;693;
28.05.2025;14:22:03.110;FEXD SI 20251219 CS;SIMPLE_INSTRUMENT;BLOCK;EUR;71;164.80000000;600;EXCHANGE_LAST;;1;1;XEUR;1548120;693;
28.05.2025;14:25:06.814;FEXD SI 20281215 CS;SIMPLE_INSTRUMENT;BLOCK;EUR;72;146.40000000;400;EXCHANGE_LAST;;1;1;XEUR;3680985;693;
28.05.2025;14:54:50.219;FEXD SI 20261218 CS;SIMPLE_INSTRUMENT;BLOCK;EUR;74;155.00000000;350;EXCHANGE_LAST;;1;1;XEUR;2163053;693;
28.05.2025;14:46:47.525;FEXD SI 20261218 CS;SIMPLE_INSTRUMENT;BLOCK;EUR;75;154.90000000;210;EXCHANGE_LAST;;1;1;XEUR;2163053;693;
28.05.2025;15:15:09.439;FEXD SI 20261218 CS;SIMPLE_INSTRUMENT;BLOCK;EUR;77;154.90000000;100;EXCHANGE_LAST;;1;1;XEUR;2163053;693;
28.05.2025;15:15:45.118;FEXD SI 20261218 CS;SIMPLE_INSTRUMENT;BLOCK;EUR;78;154.80000000;100;EXCHANGE_LAST;;1;1;XEUR;2163053;693;
28.05.2025;07:35:52.196;FGBL SI 20250606 PS;SIMPLE_INSTRUMENT;EFS;EUR;1;130.85000000;979;EXCHANGE_LAST;;1;1;XEUR;11820389;688;
28.05.2025;07:39:34.893;FGBL SI 20250606 PS;SIMPLE_INSTRUMENT;EFS;EUR;2;130.85000000;734;EXCHANGE_LAST;;1;1;XEUR;11820389;688;
28.05.2025;07:47:38.997;FGBL SI 20250606 PS;SIMPLE_INSTRUMENT;EFS;EUR;3;130.86000000;434;EXCHANGE_LAST;;1;1;XEUR;11820389;688;
28.05.2025;07:47:51.765;FGBL SI 20250606 PS;SIMPLE_INSTRUMENT;EFS;EUR;4;130.89000000;953;EXCHANGE_LAST;;1;1;XEUR;11820389;688;
28.05.2025;07:53:33.149;FGBL SI 20250606 PS;SIMPLE_INSTRUMENT;EFS;EUR;5;130.85000000;147;EXCHANGE_LAST;;1;1;XEUR;11820389;688;
28.05.2025;08:01:57.158;FGBL SI 20250606 PS;SIMPLE_INSTRUMENT;EFS;EUR;6;130.92000000;434;EXCHANGE_LAST;;1;1;XEUR;11820389;688;
28.05.2025;08:02:02.163;FGBL SI 20250606 PS;SIMPLE_INSTRUMENT;EFS;EUR;7;130.92000000;434;EXCHANGE_LAST;;1;1;XEUR;11820389;688;
28.05.2025;08:02:12.411;FGBL SI 20250606 PS;SIMPLE_INSTRUMENT;EFP_FIN;EUR;8;130.88000000;290;EXCHANGE_LAST;;1;1;XEUR;11820389;688;
28.05.2025;08:04:37.278;FGBL SI 20250606 PS;SIMPLE_INSTRUMENT;EFS;EUR;9;130.92000000;434;EXCHANGE_LAST;;1;1;XEUR;11820389;688;
28.05.2025;08:05:28.893;FGBL SI 20250606 PS;SIMPLE_INSTRUMENT;EFP_FIN;EUR;10;130.88000000;204;EXCHANGE_LAST;;1;1;XEUR;11820389;688;
28.05.2025;08:15:14.716;FGBL SI 20250606 PS;SIMPLE_INSTRUMENT;EFS;EUR;11;130.87000000;435;EXCHANGE_LAST;;1;1;XEUR;11820389;688;
28.05.2025;08:19:57.454;FGBL SI 20250606 PS;SIMPLE_INSTRUMENT;EFP_FIN;EUR;12;130.88000000;306;EXCHANGE_LAST;;1;1;XEUR;11820389;688;
28.05.2025;08:21:39.460;FGBL SI 20250606 PS;SIMPLE_INSTRUMENT;EFP_FIN;EUR;13;130.87000000;93;EXCHANGE_LAST;;1;1;XEUR;11820389;688;
28.05.2025;08:21:39.534;FGBL SI 20250606 PS;SIMPLE_INSTRUMENT;EFS;EUR;14;130.87000000;509;EXCHANGE_LAST;;1;1;XEUR;11820389;688;
28.05.2025;08:24:28.624;FGBL SI 20250606 PS;SIMPLE_INSTRUMENT;EFS;EUR;15;130.87000000;434;EXCHANGE_LAST;;1;1;XEUR;11820389;688;
28.05.2025;08:25:19.663;FGBL SI 20250606 PS;SIMPLE_INSTRUMENT;EFS;EUR;16;130.87000000;434;EXCHANGE_LAST;;1;1;XEUR;11820389;688;
28.05.2025;08:26:06.083;FGBL SI 20250606 PS;SIMPLE_INSTRUMENT;EFS;EUR;17;130.89000000;432;EXCHANGE_LAST;;1;1;XEUR;11820389;688;
28.05.2025;08:28:26.777;FGBL SI 20250606 PS;SIMPLE_INSTRUMENT;EFS;EUR;18;130.86000000;490;EXCHANGE_LAST;;1;1;XEUR;11820389;688;
28.05.2025;08:28:41.917;FGBL SI 20250606 PS;SIMPLE_INSTRUMENT;EFS;EUR;19;130.84000000;487;EXCHANGE_LAST;;1;1;XEUR;11820389;688;
28.05.2025;08:32:40.156;FGBL SI 20250606 PS;SIMPLE_INSTRUMENT;EFS;EUR;20;130.83000000;217;EXCHANGE_LAST;;1;1;XEUR;11820389;688;
28.05.2025;08:33:07.581;FGBL SI 20250606 PS;SIMPLE_INSTRUMENT;EFS;EUR;21;130.84000000;98;EXCHANGE_LAST;;1;1;XEUR;11820389;688;
28.05.2025;08:33:18.987;FGBL SI 20250606 PS;SIMPLE_INSTRUMENT;EFS;EUR;22;130.83000000;434;EXCHANGE_LAST;;1;1;XEUR;11820389;688;
28.05.2025;08:33:56.540;FGBL SI 20250606 PS;SIMPLE_INSTRUMENT;EFS;EUR;23;130.83000000;434;EXCHANGE_LAST;;1;1;XEUR;11820389;688;
28.05.2025;08:42:49.876;FGBL SI 20250606 PS;SIMPLE_INSTRUMENT;EFS;EUR;24;130.82000000;232;EXCHANGE_LAST;;1;1;XEUR;11820389;688;
28.05.2025;08:42:54.568;FGBL SI 20250606 PS;SIMPLE_INSTRUMENT;EFS;EUR;25;130.83000000;216;EXCHANGE_LAST;;1;1;XEUR;11820389;688;
28.05.2025;08:43:17.570;FGBL SI 20250606 PS;SIMPLE_INSTRUMENT;EFS;EUR;26;130.83000000;216;EXCHANGE_LAST;;1;1;XEUR;11820389;688;
28.05.2025;08:52:31.612;FGBL SI 20250606 PS;SIMPLE_INSTRUMENT;EFS;EUR;27;130.84000000;435;EXCHANGE_LAST;;1;1;XEUR;11820389;688;
28.05.2025;09:06:21.329;FGBL SI 20250606 PS;SIMPLE_INSTRUMENT;EFS;EUR;28;130.79000000;434;EXCHANGE_LAST;;1;1;XEUR;11820389;688;
28.05.2025;09:10:27.220;FGBL SI 20250606 PS;SIMPLE_INSTRUMENT;EFP_FIN;EUR;29;130.82000000;87;EXCHANGE_LAST;;1;1;XEUR;11820389;688;
28.05.2025;09:14:57.696;FGBL SI 20250606 PS;SIMPLE_INSTRUMENT;EFS;EUR;30;130.79000000;491;EXCHANGE_LAST;;1;1;XEUR;11820389;688;
28.05.2025;09:16:13.746;FGBL SI 20250606 PS;SIMPLE_INSTRUMENT;EFP_FIN;EUR;31;130.82000000;101;EXCHANGE_LAST;;1;1;XEUR;11820389;688;
28.05.2025;09:17:14.269;FGBL SI 20250606 PS;SIMPLE_INSTRUMENT;BLOCK;EUR;32;130.85000000;2500;EXCHANGE_LAST;;1;1;XEUR;11820389;688;
28.05.2025;09:18:53.583;FGBL SI 20250606 PS;SIMPLE_INSTRUMENT;EFS;EUR;33;130.83000000;490;EXCHANGE_LAST;;1;1;XEUR;11820389;688;
28.05.2025;09:32:22.094;FGBL SI 20250606 PS;SIMPLE_INSTRUMENT;EFS;EUR;34;130.77000000;217;EXCHANGE_LAST;;1;1;XEUR;11820389;688;
28.05.2025;09:33:44.695;FGBL SI 20250606 PS;SIMPLE_INSTRUMENT;EFS;EUR;35;130.76000000;435;EXCHANGE_LAST;;1;1;XEUR;11820389;688;
28.05.2025;09:38:19.133;FGBL SI 20250606 PS;SIMPLE_INSTRUMENT;EFP_FIN;EUR;36;130.75000000;93;EXCHANGE_LAST;;1;1;XEUR;11820389;688;
28.05.2025;09:38:56.541;FGBL SI 20250606 PS;SIMPLE_INSTRUMENT;EFP_FIN;EUR;37;130.75000000;278;EXCHANGE_LAST;;1;1;XEUR;11820389;688;
28.05.2025;09:40:39.903;FGBL SI 20250606 PS;SIMPLE_INSTRUMENT;EFS;EUR;38;130.82000000;490;EXCHANGE_LAST;;1;1;XEUR;11820389;688;
28.05.2025;09:44:40.746;FGBL SI 20250606 PS;SIMPLE_INSTRUMENT;EFS;EUR;39;130.72000000;488;EXCHANGE_LAST;;1;1;XEUR;11820389;688;
28.05.2025;09:45:48.165;FGBL SI 20250606 PS;SIMPLE_INSTRUMENT;EFS;EUR;40;130.73000000;217;EXCHANGE_LAST;;1;1;XEUR;11820389;688;
28.05.2025;09:50:57.321;FGBL SI 20250606 PS;SIMPLE_INSTRUMENT;EFS;EUR;41;130.73000000;435;EXCHANGE_LAST;;1;1;XEUR;11820389;688;
28.05.2025;09:50:58.478;FGBL SI 20250606 PS;SIMPLE_INSTRUMENT;EFS;EUR;42;130.75000000;509;EXCHANGE_LAST;;1;1;XEUR;11820389;688;
28.05.2025;10:07:47.857;FGBL SI 20250606 PS;SIMPLE_INSTRUMENT;EFP_FIN;EUR;43;130.81000000;232;EXCHANGE_LAST;;1;1;XEUR;11820389;688;
28.05.2025;10:13:29.818;FGBL SI 20250606 PS;SIMPLE_INSTRUMENT;EFS;EUR;44;130.82000000;435;EXCHANGE_LAST;;1;1;XEUR;11820389;688;
28.05.2025;10:13:49.839;FGBL SI 20250606 PS;SIMPLE_INSTRUMENT;EFS;EUR;45;130.82000000;435;EXCHANGE_LAST;;1;1;XEUR;11820389;688;
28.05.2025;10:22:04.107;FGBL SI 20250606 PS;SIMPLE_INSTRUMENT;EFS;EUR;46;130.83000000;434;EXCHANGE_LAST;;1;1;XEUR;11820389;688;
28.05.2025;10:22:53.259;FGBL SI 20250606 PS;SIMPLE_INSTRUMENT;EFP_FIN;EUR;47;130.76000000;168;EXCHANGE_LAST;;1;1;XEUR;11820389;688;
28.05.2025;10:26:40.545;FGBL SI 20250606 PS;SIMPLE_INSTRUMENT;EFP_FIN;EUR;48;130.84000000;136;EXCHANGE_LAST;;1;1;XEUR;11820389;688;
28.05.2025;10:29:42.730;FGBL SI 20250606 PS;SIMPLE_INSTRUMENT;EFS;EUR;49;130.79000000;434;EXCHANGE_LAST;;1;1;XEUR;11820389;688;
28.05.2025;10:31:49.213;FGBL SI 20250606 PS;SIMPLE_INSTRUMENT;EFS;EUR;50;130.79000000;217;EXCHANGE_LAST;;1;1;XEUR;11820389;688;
28.05.2025;10:33:00.637;FGBL SI 20250606 PS;SIMPLE_INSTRUMENT;EFP_FIN;EUR;51;130.82000000;73;EXCHANGE_LAST;;1;1;XEUR;11820389;688;
28.05.2025;10:36:50.712;FGBL SI 20250606 PS;SIMPLE_INSTRUMENT;EFP_FIN;EUR;52;130.84000000;980;EXCHANGE_LAST;;1;1;XEUR;11820389;688;
28.05.2025;10:42:03.645;FGBL SI 20250606 PS;SIMPLE_INSTRUMENT;EFS;EUR;53;130.78000000;217;EXCHANGE_LAST;;1;1;XEUR;11820389;688;
28.05.2025;10:43:38.530;FGBL SI 20250606 PS;SIMPLE_INSTRUMENT;EFS;EUR;54;130.77000000;303;EXCHANGE_LAST;;1;1;XEUR;11820389;688;
28.05.2025;10:43:39.690;FGBL SI 20250606 PS;SIMPLE_INSTRUMENT;EFS;EUR;55;130.78000000;217;EXCHANGE_LAST;;1;1;XEUR;11820389;688;
28.05.2025;10:47:00.546;FGBL SI 20250606 PS;SIMPLE_INSTRUMENT;EFS;EUR;56;130.79000000;349;EXCHANGE_LAST;;1;1;XEUR;11820389;688;
28.05.2025;10:59:29.431;FGBL SI 20250606 PS;SIMPLE_INSTRUMENT;EFP_FIN;EUR;57;130.79000000;200;EXCHANGE_LAST;;1;1;XEUR;11820389;688;
28.05.2025;11:02:47.001;FGBL SI 20250606 PS;SIMPLE_INSTRUMENT;EFP_FIN;EUR;58;130.79000000;401;EXCHANGE_LAST;;1;1;XEUR;11820389;688;
28.05.2025;11:11:58.545;FGBL SI 20250606 PS;SIMPLE_INSTRUMENT;EFS;EUR;59;130.84000000;217;EXCHANGE_LAST;;1;1;XEUR;11820389;688;
28.05.2025;11:12:34.520;FGBL SI 20250606 PS;SIMPLE_INSTRUMENT;EFS;EUR;60;130.85000000;217;EXCHANGE_LAST;;1;1;XEUR;11820389;688;
28.05.2025;11:19:44.735;FGBL SI 20250606 PS;SIMPLE_INSTRUMENT;EFP_FIN;EUR;61;130.78000000;844;EXCHANGE_LAST;;1;1;XEUR;11820389;688;
28.05.2025;11:24:52.744;FGBL SI 20250606 PS;SIMPLE_INSTRUMENT;EFS;EUR;62;130.86000000;217;EXCHANGE_LAST;;1;1;XEUR;11820389;688;
28.05.2025;11:32:51.738;FGBL SI 20250606 PS;SIMPLE_INSTRUMENT;EFS;EUR;63;130.86000000;435;EXCHANGE_LAST;;1;1;XEUR;11820389;688;
28.05.2025;11:53:15.425;FGBL SI 20250606 PS;SIMPLE_INSTRUMENT;EFS;EUR;64;130.91000000;49;EXCHANGE_LAST;;1;1;XEUR;11820389;688;
28.05.2025;11:56:51.984;FGBL SI 20250606 PS;SIMPLE_INSTRUMENT;EFS;EUR;65;130.94000000;87;EXCHANGE_LAST;;1;1;XEUR;11820389;688;
28.05.2025;11:58:18.802;FGBL SI 20250606 PS;SIMPLE_INSTRUMENT;EFS;EUR;66;130.93000000;434;EXCHANGE_LAST;;1;1;XEUR;11820389;688;
28.05.2025;12:01:53.294;FGBL SI 20250606 PS;SIMPLE_INSTRUMENT;EFS;EUR;67;130.94000000;217;EXCHANGE_LAST;;1;1;XEUR;11820389;688;
28.05.2025;12:13:17.424;FGBL SI 20250606 PS;SIMPLE_INSTRUMENT;EFS;EUR;68;130.96000000;217;EXCHANGE_LAST;;1;1;XEUR;11820389;688;
28.05.2025;12:15:45.987;FGBL SI 20250606 PS;SIMPLE_INSTRUMENT;EFP_FIN;EUR;69;130.94000000;421;EXCHANGE_LAST;;1;1;XEUR;11820389;688;
28.05.2025;12:18:05.233;FGBL SI 20250606 PS;SIMPLE_INSTRUMENT;EFS;EUR;70;130.94000000;217;EXCHANGE_LAST;;1;1;XEUR;11820389;688;
28.05.2025;12:20:12.167;FGBL SI 20250606 PS;SIMPLE_INSTRUMENT;EFS;EUR;71;130.95000000;434;EXCHANGE_LAST;;1;1;XEUR;11820389;688;
28.05.2025;12:25:05.683;FGBL SI 20250606 PS;SIMPLE_INSTRUMENT;EFS;EUR;72;130.95000000;434;EXCHANGE_LAST;;1;1;XEUR;11820389;688;
28.05.2025;12:32:00.701;FGBL SI 20250606 PS;SIMPLE_INSTRUMENT;EFS;EUR;73;130.98000000;434;EXCHANGE_LAST;;1;1;XEUR;11820389;688;
28.05.2025;12:33:26.247;FGBL SI 20250606 PS;SIMPLE_INSTRUMENT;EFS;EUR;74;130.95000000;260;EXCHANGE_LAST;;1;1;XEUR;11820389;688;
28.05.2025;12:36:53.163;FGBL SI 20250606 PS;SIMPLE_INSTRUMENT;EFS;EUR;75;130.96000000;460;EXCHANGE_LAST;;1;1;XEUR;11820389;688;
28.05.2025;12:40:24.111;FGBL SI 20250606 PS;SIMPLE_INSTRUMENT;EFS;EUR;76;130.96000000;650;EXCHANGE_LAST;;1;1;XEUR;11820389;688;
28.05.2025;12:41:10.511;FGBL SI 20250606 PS;SIMPLE_INSTRUMENT;EFS;EUR;77;130.96000000;347;EXCHANGE_LAST;;1;1;XEUR;11820389;688;
28.05.2025;12:43:12.292;FGBL SI 20250606 PS;SIMPLE_INSTRUMENT;EFS;EUR;78;130.99000000;460;EXCHANGE_LAST;;1;1;XEUR;11820389;688;
28.05.2025;12:44:44.403;FGBL SI 20250606 PS;SIMPLE_INSTRUMENT;EFS;EUR;79;130.99000000;460;EXCHANGE_LAST;;1;1;XEUR;11820389;688;
28.05.2025;12:56:20.028;FGBL SI 20250606 PS;SIMPLE_INSTRUMENT;EFS;EUR;80;130.93000000;217;EXCHANGE_LAST;;1;1;XEUR;11820389;688;
28.05.2025;12:57:04.271;FGBL SI 20250606 PS;SIMPLE_INSTRUMENT;EFS;EUR;81;130.93000000;217;EXCHANGE_LAST;;1;1;XEUR;11820389;688;
28.05.2025;13:00:48.616;FGBL SI 20250606 PS;SIMPLE_INSTRUMENT;EFS;EUR;82;130.95000000;489;EXCHANGE_LAST;;1;1;XEUR;11820389;688;
28.05.2025;13:04:22.166;FGBL SI 20250606 PS;SIMPLE_INSTRUMENT;EFP_FIN;EUR;83;130.94000000;271;EXCHANGE_LAST;;1;1;XEUR;11820389;688;
28.05.2025;13:04:48.939;FGBL SI 20250606 PS;SIMPLE_INSTRUMENT;EFS;EUR;84;130.96000000;488;EXCHANGE_LAST;;1;1;XEUR;11820389;688;
28.05.2025;13:08:55.088;FGBL SI 20250606 PS;SIMPLE_INSTRUMENT;EFS;EUR;85;130.96000000;1233;EXCHANGE_LAST;;1;1;XEUR;11820389;688;
28.05.2025;13:09:28.672;FGBL SI 20250606 PS;SIMPLE_INSTRUMENT;EFS;EUR;86;130.85000000;435;EXCHANGE_LAST;;1;1;XEUR;11820389;688;
28.05.2025;13:09:57.850;FGBL SI 20250606 PS;SIMPLE_INSTRUMENT;EFS;EUR;87;130.96000000;1233;EXCHANGE_LAST;;1;1;XEUR;11820389;688;
28.05.2025;13:11:39.388;FGBL SI 20250606 PS;SIMPLE_INSTRUMENT;EFS;EUR;88;130.84000000;343;EXCHANGE_LAST;;1;1;XEUR;11820389;688;
28.05.2025;13:13:20.836;FGBL SI 20250606 PS;SIMPLE_INSTRUMENT;EFS;EUR;89;130.89000000;869;EXCHANGE_LAST;;1;1;XEUR;11820389;688;
28.05.2025;13:22:26.233;FGBL SI 20250606 PS;SIMPLE_INSTRUMENT;EFS;EUR;90;130.86000000;435;EXCHANGE_LAST;;1;1;XEUR;11820389;688;
28.05.2025;13:24:25.897;FGBL SI 20250606 PS;SIMPLE_INSTRUMENT;EFS;EUR;91;130.86000000;195;EXCHANGE_LAST;;1;1;XEUR;11820389;688;
28.05.2025;13:24:59.930;FGBL SI 20250606 PS;SIMPLE_INSTRUMENT;EFS;EUR;92;130.86000000;195;EXCHANGE_LAST;;1;1;XEUR;11820389;688;
28.05.2025;13:25:36.360;FGBL SI 20250606 PS;SIMPLE_INSTRUMENT;EFS;EUR;93;130.85000000;217;EXCHANGE_LAST;;1;1;XEUR;11820389;688;
28.05.2025;13:27:18.241;FGBL SI 20250606 PS;SIMPLE_INSTRUMENT;EFS;EUR;94;130.86000000;460;EXCHANGE_LAST;;1;1;XEUR;11820389;688;
28.05.2025;13:27:41.445;FGBL SI 20250606 PS;SIMPLE_INSTRUMENT;EFS;EUR;95;130.83000000;435;EXCHANGE_LAST;;1;1;XEUR;11820389;688;
28.05.2025;13:27:46.452;FGBL SI 20250606 PS;SIMPLE_INSTRUMENT;EFS;EUR;96;130.82000000;217;EXCHANGE_LAST;;1;1;XEUR;11820389;688;
28.05.2025;13:35:17.125;FGBL SI 20250606 PS;SIMPLE_INSTRUMENT;EFS;EUR;97;130.80000000;434;EXCHANGE_LAST;;1;1;XEUR;11820389;688;
28.05.2025;13:36:03.111;FGBL SI 20250606 PS;SIMPLE_INSTRUMENT;EFS;EUR;98;130.81000000;217;EXCHANGE_LAST;;1;1;XEUR;11820389;688;
28.05.2025;13:36:34.705;FGBL SI 20250606 PS;SIMPLE_INSTRUMENT;EFS;EUR;99;130.81000000;217;EXCHANGE_LAST;;1;1;XEUR;11820389;688;
28.05.2025;13:40:52.546;FGBL SI 20250606 PS;SIMPLE_INSTRUMENT;EFS;EUR;100;130.81000000;217;EXCHANGE_LAST;;1;1;XEUR;11820389;688;
28.05.2025;13:42:48.085;FGBL SI 20250606 PS;SIMPLE_INSTRUMENT;EFS;EUR;101;130.79000000;435;EXCHANGE_LAST;;1;1;XEUR;11820389;688;
28.05.2025;13:46:25.764;FGBL SI 20250606 PS;SIMPLE_INSTRUMENT;EFS;EUR;102;130.80000000;1620;EXCHANGE_LAST;;1;1;XEUR;11820389;688;
28.05.2025;13:49:11.992;FGBL SI 20250606 PS;SIMPLE_INSTRUMENT;EFP_FIN;EUR;103;130.80000000;1871;EXCHANGE_LAST;;1;1;XEUR;11820389;688;
28.05.2025;13:50:46.099;FGBL SI 20250606 PS;SIMPLE_INSTRUMENT;EFP_FIN;EUR;104;130.80000000;973;EXCHANGE_LAST;;1;1;XEUR;11820389;688;
28.05.2025;13:53:33.480;FGBL SI 20250606 PS;SIMPLE_INSTRUMENT;EFP_FIN;EUR;105;130.80000000;374;EXCHANGE_LAST;;1;1;XEUR;11820389;688;
28.05.2025;13:57:42.223;FGBL SI 20250606 PS;SIMPLE_INSTRUMENT;EFP_FIN;EUR;106;130.81000000;1663;EXCHANGE_LAST;;1;1;XEUR;11820389;688;
28.05.2025;13:58:50.754;FGBL SI 20250606 PS;SIMPLE_INSTRUMENT;EFP_FIN;EUR;107;130.81000000;75;EXCHANGE_LAST;;1;1;XEUR;11820389;688;
28.05.2025;14:13:13.808;FGBL SI 20250606 PS;SIMPLE_INSTRUMENT;EFP_FIN;EUR;109;130.77000000;674;EXCHANGE_LAST;;1;1;XEUR;11820389;688;
28.05.2025;14:17:26.967;FGBL SI 20250606 PS;SIMPLE_INSTRUMENT;EFP_FIN;EUR;110;130.82000000;679;EXCHANGE_LAST;;1;1;XEUR;11820389;688;
28.05.2025;14:18:00.750;FGBL SI 20250606 PS;SIMPLE_INSTRUMENT;EFS;EUR;111;130.81000000;261;EXCHANGE_LAST;;1;1;XEUR;11820389;688;
28.05.2025;14:23:40.994;FGBL SI 20250606 PS;SIMPLE_INSTRUMENT;EFS;EUR;112;130.82000000;435;EXCHANGE_LAST;;1;1;XEUR;11820389;688;
28.05.2025;14:24:16.023;FGBL SI 20250606 PS;SIMPLE_INSTRUMENT;EFS;EUR;113;130.80000000;217;EXCHANGE_LAST;;1;1;XEUR;11820389;688;
28.05.2025;14:24:21.030;FGBL SI 20250606 PS;SIMPLE_INSTRUMENT;EFS;EUR;114;130.80000000;217;EXCHANGE_LAST;;1;1;XEUR;11820389;688;
28.05.2025;14:25:46.975;FGBL SI 20250606 PS;SIMPLE_INSTRUMENT;EFS;EUR;115;130.81000000;245;EXCHANGE_LAST;;1;1;XEUR;11820389;688;
28.05.2025;14:26:04.706;FGBL SI 20250606 PS;SIMPLE_INSTRUMENT;EFP_FIN;EUR;116;130.80000000;488;EXCHANGE_LAST;;1;1;XEUR;11820389;688;
28.05.2025;14:32:39.598;FGBL SI 20250606 PS;SIMPLE_INSTRUMENT;EFS;EUR;117;130.87000000;217;EXCHANGE_LAST;;1;1;XEUR;11820389;688;
28.05.2025;14:39:45.573;FGBL SI 20250606 PS;SIMPLE_INSTRUMENT;EFP_FIN;EUR;118;130.80000000;559;EXCHANGE_LAST;;1;1;XEUR;11820389;688;
28.05.2025;14:44:58.295;FGBL SI 20250606 PS;SIMPLE_INSTRUMENT;EFP_FIN;EUR;119;130.76000000;78;EXCHANGE_LAST;;1;1;XEUR;11820389;688;
28.05.2025;14:42:41.824;FGBL SI 20250606 PS;SIMPLE_INSTRUMENT;EFP_FIN;EUR;120;130.76000000;194;EXCHANGE_LAST;;1;1;XEUR;11820389;688;
28.05.2025;14:49:33.092;FGBL SI 20250606 PS;SIMPLE_INSTRUMENT;EFS;EUR;121;130.83000000;435;EXCHANGE_LAST;;1;1;XEUR;11820389;688;
28.05.2025;14:49:53.651;FGBL SI 20250606 PS;SIMPLE_INSTRUMENT;EFS;EUR;122;130.86000000;87;EXCHANGE_LAST;;1;1;XEUR;11820389;688;
28.05.2025;14:50:28.137;FGBL SI 20250606 PS;SIMPLE_INSTRUMENT;EFS;EUR;123;130.83000000;435;EXCHANGE_LAST;;1;1;XEUR;11820389;688;
28.05.2025;14:52:07.134;FGBL SI 20250606 PS;SIMPLE_INSTRUMENT;EFS;EUR;124;130.86000000;217;EXCHANGE_LAST;;1;1;XEUR;11820389;688;
28.05.2025;14:54:40.352;FGBL SI 20250606 PS;SIMPLE_INSTRUMENT;EFS;EUR;125;130.83000000;217;EXCHANGE_LAST;;1;1;XEUR;11820389;688;
28.05.2025;14:57:29.219;FGBL SI 20250606 PS;SIMPLE_INSTRUMENT;EFP_FIN;EUR;126;130.89000000;374;EXCHANGE_LAST;;1;1;XEUR;11820389;688;
28.05.2025;14:57:54.973;FGBL SI 20250606 PS;SIMPLE_INSTRUMENT;EFS;EUR;127;130.81000000;217;EXCHANGE_LAST;;1;1;XEUR;11820389;688;
28.05.2025;14:59:38.005;FGBL SI 20250606 PS;SIMPLE_INSTRUMENT;EFP_FIN;EUR;128;130.82000000;935;EXCHANGE_LAST;;1;1;XEUR;11820389;688;
28.05.2025;15:03:55.171;FGBL SI 20250606 PS;SIMPLE_INSTRUMENT;EFS;EUR;129;130.78000000;245;EXCHANGE_LAST;;1;1;XEUR;11820389;688;
28.05.2025;15:10:27.534;FGBL SI 20250606 PS;SIMPLE_INSTRUMENT;EFP_FIN;EUR;130;130.77000000;561;EXCHANGE_LAST;;1;1;XEUR;11820389;688;
28.05.2025;15:12:14.591;FGBL SI 20250606 PS;SIMPLE_INSTRUMENT;EFP_FIN;EUR;131;130.76000000;195;EXCHANGE_LAST;;1;1;XEUR;11820389;688;
28.05.2025;15:14:02.263;FGBL SI 20250606 PS;SIMPLE_INSTRUMENT;EFS;EUR;132;130.80000000;278;EXCHANGE_LAST;;1;1;XEUR;11820389;688;
28.05.2025;15:17:07.126;FGBL SI 20250606 PS;SIMPLE_INSTRUMENT;EFP_FIN;EUR;133;130.81000000;679;EXCHANGE_LAST;;1;1;XEUR;11820389;688;
28.05.2025;15:18:11.246;FGBL SI 20250606 PS;SIMPLE_INSTRUMENT;EFS;EUR;134;130.87000000;217;EXCHANGE_LAST;;1;1;XEUR;11820389;688;
28.05.2025;15:22:58.663;FGBL SI 20250606 PS;SIMPLE_INSTRUMENT;EFS;EUR;135;130.88000000;196;EXCHANGE_LAST;;1;1;XEUR;11820389;688;
28.05.2025;15:23:36.467;FGBL SI 20250606 PS;SIMPLE_INSTRUMENT;EFS;EUR;136;130.88000000;434;EXCHANGE_LAST;;1;1;XEUR;11820389;688;
28.05.2025;15:23:41.471;FGBL SI 20250606 PS;SIMPLE_INSTRUMENT;EFS;EUR;137;130.88000000;217;EXCHANGE_LAST;;1;1;XEUR;11820389;688;
28.05.2025;15:30:49.279;FGBL SI 20250606 PS;SIMPLE_INSTRUMENT;EFP_FIN;EUR;138;130.79000000;123;EXCHANGE_LAST;;1;1;XEUR;11820389;688;
28.05.2025;15:36:28.438;FGBL SI 20250606 PS;SIMPLE_INSTRUMENT;EFP_FIN;EUR;139;130.84000000;241;EXCHANGE_LAST;;1;1;XEUR;11820389;688;
28.05.2025;16:11:55.394;FGBL SI 20250606 PS;SIMPLE_INSTRUMENT;EFS;EUR;140;130.84000000;434;EXCHANGE_LAST;;1;1;XEUR;11820389;688;
28.05.2025;16:42:24.179;FGBL SI 20250606 PS;SIMPLE_INSTRUMENT;EFS;EUR;141;130.79000000;304;EXCHANGE_LAST;;1;1;XEUR;11820389;688;
28.05.2025;16:44:53.443;FGBL SI 20250606 PS;SIMPLE_INSTRUMENT;EFS;EUR;142;130.83000000;347;EXCHANGE_LAST;;1;1;XEUR;11820389;688;
28.05.2025;06:59:55.092;FGBL SI 20250908 PS;SIMPLE_INSTRUMENT;VOLA;EUR;268435460;130.61000000;200;EXCHANGE_LAST;;1;1;XEUR;12372482;688;
28.05.2025;07:00:34.106;FGBL SI 20250908 PS;SIMPLE_INSTRUMENT;VOLA;EUR;268435461;130.61000000;140;EXCHANGE_LAST;;1;1;XEUR;12372482;688;
28.05.2025;08:57:06.587;FGBL SI 20250908 PS;SIMPLE_INSTRUMENT;VOLA;EUR;268435474;130.66000000;35;EXCHANGE_LAST;;1;1;XEUR;12372482;688;
28.05.2025;09:29:55.513;FGBL SI 20250606 PS;SIMPLE_INSTRUMENT;VOLA;EUR;268435484;130.80000000;45;EXCHANGE_LAST;;1;1;XEUR;11820389;688;
28.05.2025;09:31:02.984;FGBL SI 20250606 PS;SIMPLE_INSTRUMENT;VOLA;EUR;268435487;130.80000000;45;EXCHANGE_LAST;;1;1;XEUR;11820389;688;
28.05.2025;09:58:18.859;FGBL SI 20250908 PS;SIMPLE_INSTRUMENT;VOLA;EUR;268435490;130.51000000;43;EXCHANGE_LAST;;1;1;XEUR;12372482;688;
28.05.2025;11:37:14.875;FGBL SI 20250606 PS;SIMPLE_INSTRUMENT;VOLA;EUR;268435498;130.88000000;38;EXCHANGE_LAST;;1;1;XEUR;11820389;688;
28.05.2025;06:50:24.276;FGBM SI 20250606 PS;SIMPLE_INSTRUMENT;EFS;EUR;1;119.02000000;867;EXCHANGE_LAST;;1;1;XEUR;11820390;689;
28.05.2025;07:29:34.847;FGBM SI 20250606 PS;SIMPLE_INSTRUMENT;EFS;EUR;2;119.02000000;867;EXCHANGE_LAST;;1;1;XEUR;11820390;689;
28.05.2025;07:37:15.168;FGBM SI 20250606 PS;SIMPLE_INSTRUMENT;EFS;EUR;3;119.02000000;434;EXCHANGE_LAST;;1;1;XEUR;11820390;689;
28.05.2025;08:06:49.235;FGBM SI 20250606 PS;SIMPLE_INSTRUMENT;EFS;EUR;4;119.01000000;1845;EXCHANGE_LAST;;1;1;XEUR;11820390;689;
28.05.2025;08:12:04.302;FGBM SI 20250606 PS;SIMPLE_INSTRUMENT;EFS;EUR;5;119.01000000;1168;EXCHANGE_LAST;;1;1;XEUR;11820390;689;
28.05.2025;08:34:07.869;FGBM SI 20250606 PS;SIMPLE_INSTRUMENT;EFS;EUR;6;119.02000000;462;EXCHANGE_LAST;;1;1;XEUR;11820390;689;
28.05.2025;08:37:03.067;FGBM SI 20250606 PS;SIMPLE_INSTRUMENT;EFP_FIN;EUR;7;119.01000000;313;EXCHANGE_LAST;;1;1;XEUR;11820390;689;
28.05.2025;08:36:55.600;FGBM SI 20250606 PS;SIMPLE_INSTRUMENT;EFP_FIN;EUR;8;119.01000000;63;EXCHANGE_LAST;;1;1;XEUR;11820390;689;
28.05.2025;08:41:22.093;FGBM SI 20250606 PS;SIMPLE_INSTRUMENT;EFS;EUR;9;119.03000000;1329;EXCHANGE_LAST;;1;1;XEUR;11820390;689;
28.05.2025;08:44:16.574;FGBM SI 20250606 PS;SIMPLE_INSTRUMENT;EFS;EUR;10;119.04000000;1845;EXCHANGE_LAST;;1;1;XEUR;11820390;689;
28.05.2025;08:44:34.899;FGBM SI 20250606 PS;SIMPLE_INSTRUMENT;EFS;EUR;11;119.03000000;357;EXCHANGE_LAST;;1;1;XEUR;11820390;689;
28.05.2025;08:53:57.421;FGBM SI 20250606 PS;SIMPLE_INSTRUMENT;EFP_FIN;EUR;12;119.02000000;678;EXCHANGE_LAST;;1;1;XEUR;11820390;689;
28.05.2025;08:56:52.070;FGBM SI 20250606 PS;SIMPLE_INSTRUMENT;EFS;EUR;13;119.00000000;770;EXCHANGE_LAST;;1;1;XEUR;11820390;689;
28.05.2025;09:00:13.584;FGBM SI 20250606 PS;SIMPLE_INSTRUMENT;EFS;EUR;14;119.00000000;433;EXCHANGE_LAST;;1;1;XEUR;11820390;689;
28.05.2025;09:04:17.297;FGBM SI 20250606 PS;SIMPLE_INSTRUMENT;EFS;EUR;15;119.01000000;433;EXCHANGE_LAST;;1;1;XEUR;11820390;689;
28.05.2025;09:05:41.059;FGBM SI 20250606 PS;SIMPLE_INSTRUMENT;EFS;EUR;16;118.98000000;816;EXCHANGE_LAST;;1;1;XEUR;11820390;689;
28.05.2025;09:07:04.482;FGBM SI 20250606 PS;SIMPLE_INSTRUMENT;EFS;EUR;17;118.99000000;642;EXCHANGE_LAST;;1;1;XEUR;11820390;689;
28.05.2025;09:10:30.995;FGBM SI 20250606 PS;SIMPLE_INSTRUMENT;EFS;EUR;18;118.99000000;867;EXCHANGE_LAST;;1;1;XEUR;11820390;689;
28.05.2025;09:16:13.787;FGBM SI 20250606 PS;SIMPLE_INSTRUMENT;EFP_FIN;EUR;19;119.02000000;61;EXCHANGE_LAST;;1;1;XEUR;11820390;689;
28.05.2025;09:18:19.161;FGBM SI 20250606 PS;SIMPLE_INSTRUMENT;EFP_FIN;EUR;20;119.02000000;980;EXCHANGE_LAST;;1;1;XEUR;11820390;689;
28.05.2025;09:18:19.161;FGBM SI 20250606 PS;SIMPLE_INSTRUMENT;EFP_FIN;EUR;21;119.02000000;852;EXCHANGE_LAST;;1;1;XEUR;11820390;689;
28.05.2025;09:18:19.161;FGBM SI 20250606 PS;SIMPLE_INSTRUMENT;EFP_FIN;EUR;22;119.02000000;299;EXCHANGE_LAST;;1;1;XEUR;11820390;689;
28.05.2025;09:28:26.517;FGBM SI 20250606 PS;SIMPLE_INSTRUMENT;EFS;EUR;23;118.94000000;462;EXCHANGE_LAST;;1;1;XEUR;11820390;689;
28.05.2025;09:28:58.519;FGBM SI 20250606 PS;SIMPLE_INSTRUMENT;EFS;EUR;24;118.94000000;462;EXCHANGE_LAST;;1;1;XEUR;11820390;689;
28.05.2025;09:30:44.512;FGBM SI 20250606 PS;SIMPLE_INSTRUMENT;EFS;EUR;25;118.95000000;923;EXCHANGE_LAST;;1;1;XEUR;11820390;689;
28.05.2025;09:58:38.509;FGBM SI 20250606 PS;SIMPLE_INSTRUMENT;EFP_FIN;EUR;26;118.94000000;168;EXCHANGE_LAST;;1;1;XEUR;11820390;689;
28.05.2025;10:07:11.425;FGBM SI 20250606 PS;SIMPLE_INSTRUMENT;EFS;EUR;27;118.99000000;867;EXCHANGE_LAST;;1;1;XEUR;11820390;689;
28.05.2025;10:13:19.807;FGBM SI 20250606 PS;SIMPLE_INSTRUMENT;EFS;EUR;28;118.98000000;868;EXCHANGE_LAST;;1;1;XEUR;11820390;689;
28.05.2025;10:13:24.231;FGBM SI 20250606 PS;SIMPLE_INSTRUMENT;EFP_FIN;EUR;29;118.98000000;205;EXCHANGE_LAST;;1;1;XEUR;11820390;689;
28.05.2025;10:13:40.476;FGBM SI 20250606 PS;SIMPLE_INSTRUMENT;EFS;EUR;30;118.99000000;391;EXCHANGE_LAST;;1;1;XEUR;11820390;689;
28.05.2025;10:17:47.799;FGBM SI 20250606 PS;SIMPLE_INSTRUMENT;EFP_FIN;EUR;31;118.95000000;384;EXCHANGE_LAST;;1;1;XEUR;11820390;689;
28.05.2025;10:17:50.457;FGBM SI 20250606 PS;SIMPLE_INSTRUMENT;EFS;EUR;32;118.97000000;173;EXCHANGE_LAST;;1;1;XEUR;11820390;689;
28.05.2025;10:20:27.085;FGBM SI 20250606 PS;SIMPLE_INSTRUMENT;EFS;EUR;33;118.98000000;867;EXCHANGE_LAST;;1;1;XEUR;11820390;689;
28.05.2025;10:21:04.788;FGBM SI 20250606 PS;SIMPLE_INSTRUMENT;EFS;EUR;34;118.98000000;867;EXCHANGE_LAST;;1;1;XEUR;11820390;689;
28.05.2025;10:25:21.308;FGBM SI 20250606 PS;SIMPLE_INSTRUMENT;EFS;EUR;35;118.98000000;923;EXCHANGE_LAST;;1;1;XEUR;11820390;689;
28.05.2025;10:27:54.968;FGBM SI 20250606 PS;SIMPLE_INSTRUMENT;EFS;EUR;36;118.95000000;650;EXCHANGE_LAST;;1;1;XEUR;11820390;689;
28.05.2025;10:42:46.300;FGBM SI 20250606 PS;SIMPLE_INSTRUMENT;EFP_FIN;EUR;37;118.97000000;97;EXCHANGE_LAST;;1;1;XEUR;11820390;689;
28.05.2025;11:04:36.270;FGBM SI 20250606 PS;SIMPLE_INSTRUMENT;EFP_FIN;EUR;38;118.98000000;205;EXCHANGE_LAST;;1;1;XEUR;11820390;689;
28.05.2025;11:07:48.429;FGBM SI 20250606 PS;SIMPLE_INSTRUMENT;EFS;EUR;39;118.98000000;217;EXCHANGE_LAST;;1;1;XEUR;11820390;689;
28.05.2025;11:17:12.326;FGBM SI 20250606 PS;SIMPLE_INSTRUMENT;EFP_FIN;EUR;40;118.98000000;301;EXCHANGE_LAST;;1;1;XEUR;11820390;689;
28.05.2025;11:30:08.990;FGBM SI 20250606 PS;SIMPLE_INSTRUMENT;EFS;EUR;41;118.99000000;868;EXCHANGE_LAST;;1;1;XEUR;11820390;689;
28.05.2025;11:49:49.707;FGBM SI 20250606 PS;SIMPLE_INSTRUMENT;EFP_FIN;EUR;42;118.98000000;204;EXCHANGE_LAST;;1;1;XEUR;11820390;689;
28.05.2025;11:58:58.552;FGBM SI 20250606 PS;SIMPLE_INSTRUMENT;EFS;EUR;43;119.03000000;867;EXCHANGE_LAST;;1;1;XEUR;11820390;689;
28.05.2025;12:07:00.017;FGBM SI 20250606 PS;SIMPLE_INSTRUMENT;EFP_FIN;EUR;44;119.03000000;375;EXCHANGE_LAST;;1;1;XEUR;11820390;689;
28.05.2025;12:20:03.188;FGBM SI 20250606 PS;SIMPLE_INSTRUMENT;EFS;EUR;45;119.03000000;694;EXCHANGE_LAST;;1;1;XEUR;11820390;689;
28.05.2025;12:21:43.263;FGBM SI 20250606 PS;SIMPLE_INSTRUMENT;EFS;EUR;46;119.03000000;434;EXCHANGE_LAST;;1;1;XEUR;11820390;689;
28.05.2025;12:31:18.603;FGBM SI 20250606 PS;SIMPLE_INSTRUMENT;EFS;EUR;47;119.03000000;489;EXCHANGE_LAST;;1;1;XEUR;11820390;689;
28.05.2025;12:34:59.140;FGBM SI 20250606 PS;SIMPLE_INSTRUMENT;EFS;EUR;48;119.02000000;780;EXCHANGE_LAST;;1;1;XEUR;11820390;689;
28.05.2025;12:35:37.477;FGBM SI 20250606 PS;SIMPLE_INSTRUMENT;EFS;EUR;49;119.03000000;867;EXCHANGE_LAST;;1;1;XEUR;11820390;689;
28.05.2025;12:38:44.959;FGBM SI 20250606 PS;SIMPLE_INSTRUMENT;EFS;EUR;50;119.03000000;867;EXCHANGE_LAST;;1;1;XEUR;11820390;689;
28.05.2025;12:42:05.396;FGBM SI 20250606 PS;SIMPLE_INSTRUMENT;EFS;EUR;51;119.03000000;867;EXCHANGE_LAST;;1;1;XEUR;11820390;689;
28.05.2025;13:04:43.439;FGBM SI 20250606 PS;SIMPLE_INSTRUMENT;EFS;EUR;52;118.99000000;651;EXCHANGE_LAST;;1;1;XEUR;11820390;689;
28.05.2025;13:05:23.475;FGBM SI 20250606 PS;SIMPLE_INSTRUMENT;EFS;EUR;53;119.01000000;868;EXCHANGE_LAST;;1;1;XEUR;11820390;689;
28.05.2025;13:06:18.528;FGBM SI 20250606 PS;SIMPLE_INSTRUMENT;EFS;EUR;54;118.98000000;868;EXCHANGE_LAST;;1;1;XEUR;11820390;689;
28.05.2025;13:07:45.092;FGBM SI 20250606 PS;SIMPLE_INSTRUMENT;EFP_FIN;EUR;55;119.02000000;269;EXCHANGE_LAST;;1;1;XEUR;11820390;689;
28.05.2025;13:07:48.597;FGBM SI 20250606 PS;SIMPLE_INSTRUMENT;EFS;EUR;56;118.98000000;868;EXCHANGE_LAST;;1;1;XEUR;11820390;689;
28.05.2025;13:15:52.584;FGBM SI 20250606 PS;SIMPLE_INSTRUMENT;EFS;EUR;57;119.02000000;734;EXCHANGE_LAST;;1;1;XEUR;11820390;689;
28.05.2025;13:18:26.667;FGBM SI 20250606 PS;SIMPLE_INSTRUMENT;EFS;EUR;58;119.00000000;1727;EXCHANGE_LAST;;1;1;XEUR;11820390;689;
28.05.2025;13:18:51.781;FGBM SI 20250606 PS;SIMPLE_INSTRUMENT;EFP_FIN;EUR;59;119.02000000;73;EXCHANGE_LAST;;1;1;XEUR;11820390;689;
28.05.2025;13:23:21.272;FGBM SI 20250606 PS;SIMPLE_INSTRUMENT;EFS;EUR;60;118.98000000;868;EXCHANGE_LAST;;1;1;XEUR;11820390;689;
28.05.2025;13:26:39.450;FGBM SI 20250606 PS;SIMPLE_INSTRUMENT;EFS;EUR;61;119.01000000;867;EXCHANGE_LAST;;1;1;XEUR;11820390;689;
28.05.2025;13:27:56.463;FGBM SI 20250606 PS;SIMPLE_INSTRUMENT;EFS;EUR;62;118.98000000;868;EXCHANGE_LAST;;1;1;XEUR;11820390;689;
28.05.2025;13:28:16.208;FGBM SI 20250606 PS;SIMPLE_INSTRUMENT;EFS;EUR;63;119.02000000;738;EXCHANGE_LAST;;1;1;XEUR;11820390;689;
28.05.2025;13:40:38.710;FGBM SI 20250606 PS;SIMPLE_INSTRUMENT;EFS;EUR;64;118.95000000;300;EXCHANGE_LAST;;1;1;XEUR;11820390;689;
28.05.2025;13:46:28.198;FGBM SI 20250606 PS;SIMPLE_INSTRUMENT;EFS;EUR;65;118.98000000;868;EXCHANGE_LAST;;1;1;XEUR;11820390;689;
28.05.2025;13:50:59.964;FGBM SI 20250606 PS;SIMPLE_INSTRUMENT;EFP_FIN;EUR;66;118.99000000;104;EXCHANGE_LAST;;1;1;XEUR;11820390;689;
28.05.2025;13:53:02.577;FGBM SI 20250606 PS;SIMPLE_INSTRUMENT;EFS;EUR;67;118.96000000;646;EXCHANGE_LAST;;1;1;XEUR;11820390;689;
28.05.2025;13:54:06.131;FGBM SI 20250606 PS;SIMPLE_INSTRUMENT;EFP_FIN;EUR;68;119.00000000;212;EXCHANGE_LAST;;1;1;XEUR;11820390;689;
28.05.2025;13:58:33.675;FGBM SI 20250606 PS;SIMPLE_INSTRUMENT;EFS;EUR;69;118.97000000;646;EXCHANGE_LAST;;1;1;XEUR;11820390;689;
28.05.2025;14:05:05.180;FGBM SI 20250606 PS;SIMPLE_INSTRUMENT;EFS;EUR;70;118.97000000;328;EXCHANGE_LAST;;1;1;XEUR;11820390;689;
28.05.2025;14:12:49.038;FGBM SI 20250606 PS;SIMPLE_INSTRUMENT;EFS;EUR;71;118.98000000;923;EXCHANGE_LAST;;1;1;XEUR;11820390;689;
28.05.2025;14:13:07.040;FGBM SI 20250606 PS;SIMPLE_INSTRUMENT;EFS;EUR;72;118.98000000;923;EXCHANGE_LAST;;1;1;XEUR;11820390;689;
28.05.2025;14:16:18.952;FGBM SI 20250606 PS;SIMPLE_INSTRUMENT;EFP_FIN;EUR;73;118.96000000;790;EXCHANGE_LAST;;1;1;XEUR;11820390;689;
28.05.2025;14:18:58.536;FGBM SI 20250606 PS;SIMPLE_INSTRUMENT;EFS;EUR;74;118.96000000;646;EXCHANGE_LAST;;1;1;XEUR;11820390;689;
28.05.2025;14:31:32.918;FGBM SI 20250606 PS;SIMPLE_INSTRUMENT;EFS;EUR;75;118.99000000;408;EXCHANGE_LAST;;1;1;XEUR;11820390;689;
28.05.2025;14:48:04.725;FGBM SI 20250606 PS;SIMPLE_INSTRUMENT;EFS;EUR;77;118.99000000;173;EXCHANGE_LAST;;1;1;XEUR;11820390;689;
28.05.2025;15:00:02.184;FGBM SI 20250606 PS;SIMPLE_INSTRUMENT;EFS;EUR;78;118.99000000;1846;EXCHANGE_LAST;;1;1;XEUR;11820390;689;
28.05.2025;15:00:30.329;FGBM SI 20250606 PS;SIMPLE_INSTRUMENT;EFS;EUR;79;118.96000000;650;EXCHANGE_LAST;;1;1;XEUR;11820390;689;
28.05.2025;15:24:15.486;FGBM SI 20250606 PS;SIMPLE_INSTRUMENT;EFS;EUR;80;118.98000000;92;EXCHANGE_LAST;;1;1;XEUR;11820390;689;
28.05.2025;15:18:09.364;FGBM SI 20250606 PS;SIMPLE_INSTRUMENT;EFP_FIN;EUR;81;118.96000000;426;EXCHANGE_LAST;;1;1;XEUR;11820390;689;
28.05.2025;15:28:06.522;FGBM SI 20250606 PS;SIMPLE_INSTRUMENT;EFS;EUR;82;118.99000000;1500;EXCHANGE_LAST;;1;1;XEUR;11820390;689;
28.05.2025;15:36:28.438;FGBM SI 20250606 PS;SIMPLE_INSTRUMENT;EFP_FIN;EUR;83;118.99000000;737;EXCHANGE_LAST;;1;1;XEUR;11820390;689;
28.05.2025;16:11:16.035;FGBM SI 20250606 PS;SIMPLE_INSTRUMENT;EFP_FIN;EUR;84;118.97000000;404;EXCHANGE_LAST;;1;1;XEUR;11820390;689;
28.05.2025;16:20:47.764;FGBM SI 20250606 PS;SIMPLE_INSTRUMENT;EFS;EUR;85;119.00000000;434;EXCHANGE_LAST;;1;1;XEUR;11820390;689;
28.05.2025;16:21:17.790;FGBM SI 20250606 PS;SIMPLE_INSTRUMENT;EFS;EUR;86;119.00000000;217;EXCHANGE_LAST;;1;1;XEUR;11820390;689;
28.05.2025;16:41:04.418;FGBM SI 20250606 PS;SIMPLE_INSTRUMENT;EFS;EUR;87;118.99000000;1734;EXCHANGE_LAST;;1;1;XEUR;11820390;689;
28.05.2025;16:41:23.331;FGBM SI 20250606 PS;SIMPLE_INSTRUMENT;EFS;EUR;88;118.99000000;1734;EXCHANGE_LAST;;1;1;XEUR;11820390;689;
28.05.2025;11:37:46.521;FGBM SI 20250908 PS;SIMPLE_INSTRUMENT;VOLA;EUR;268435499;117.93000000;45;EXCHANGE_LAST;;1;1;XEUR;12372483;689;
28.05.2025;11:55:55.150;FGBM SI 20250908 PS;SIMPLE_INSTRUMENT;VOLA;EUR;268435502;117.96000000;35;EXCHANGE_LAST;;1;1;XEUR;12372483;689;
28.05.2025;07:34:39.192;FGBS SI 20250606 PS;SIMPLE_INSTRUMENT;EFS;EUR;2;107.34500000;5441;EXCHANGE_LAST;;1;1;XEUR;11820391;690;
28.05.2025;07:50:21.877;FGBS SI 20250606 PS;SIMPLE_INSTRUMENT;EFS;EUR;3;107.34500000;5294;EXCHANGE_LAST;;1;1;XEUR;11820391;690;
28.05.2025;07:52:40.151;FGBS SI 20250606 PS;SIMPLE_INSTRUMENT;EFS;EUR;4;107.34000000;805;EXCHANGE_LAST;;1;1;XEUR;11820391;690;
28.05.2025;08:11:00.677;FGBS SI 20250606 PS;SIMPLE_INSTRUMENT;EFS;EUR;5;107.34000000;3434;EXCHANGE_LAST;;1;1;XEUR;11820391;690;
28.05.2025;08:19:02.863;FGBS SI 20250606 PS;SIMPLE_INSTRUMENT;EFS;EUR;6;107.35000000;2404;EXCHANGE_LAST;;1;1;XEUR;11820391;690;
28.05.2025;08:54:15.302;FGBS SI 20250606 PS;SIMPLE_INSTRUMENT;EFP_FIN;EUR;7;107.34000000;375;EXCHANGE_LAST;;1;1;XEUR;11820391;690;
28.05.2025;08:42:02.564;FGBS SI 20250606 PS;SIMPLE_INSTRUMENT;EFS;EUR;8;107.34000000;1202;EXCHANGE_LAST;;1;1;XEUR;11820391;690;
28.05.2025;08:43:11.569;FGBS SI 20250606 PS;SIMPLE_INSTRUMENT;EFS;EUR;9;107.34000000;1202;EXCHANGE_LAST;;1;1;XEUR;11820391;690;
28.05.2025;08:46:09.394;FGBS SI 20250606 PS;SIMPLE_INSTRUMENT;EFS;EUR;10;107.34500000;1202;EXCHANGE_LAST;;1;1;XEUR;11820391;690;
28.05.2025;09:08:07.321;FGBS SI 20250606 PS;SIMPLE_INSTRUMENT;EFS;EUR;11;107.35000000;2335;EXCHANGE_LAST;;1;1;XEUR;11820391;690;
28.05.2025;09:16:59.681;FGBS SI 20250606 PS;SIMPLE_INSTRUMENT;BLOCK;EUR;12;107.33500000;13904;EXCHANGE_LAST;;1;1;XEUR;11820391;690;
28.05.2025;09:25:33.945;FGBS SI 20250606 PS;SIMPLE_INSTRUMENT;EFP_FIN;EUR;16;107.32500000;1210;EXCHANGE_LAST;;1;1;XEUR;11820391;690;
28.05.2025;09:26:30.324;FGBS SI 20250606 PS;SIMPLE_INSTRUMENT;EFP_FIN;EUR;17;107.33000000;468;EXCHANGE_LAST;;1;1;XEUR;11820391;690;
28.05.2025;09:27:39.521;FGBS SI 20250606 PS;SIMPLE_INSTRUMENT;EFP_FIN;EUR;18;107.35500000;423;EXCHANGE_LAST;;1;1;XEUR;11820391;690;
28.05.2025;09:30:20.324;FGBS SI 20250606 PS;SIMPLE_INSTRUMENT;EFP_FIN;EUR;19;107.33000000;235;EXCHANGE_LAST;;1;1;XEUR;11820391;690;
28.05.2025;09:33:27.533;FGBS SI 20250606 PS;SIMPLE_INSTRUMENT;EFS;EUR;20;107.32000000;4805;EXCHANGE_LAST;;1;1;XEUR;11820391;690;
28.05.2025;09:38:21.499;FGBS SI 20250606 PS;SIMPLE_INSTRUMENT;EFP_FIN;EUR;21;107.35500000;477;EXCHANGE_LAST;;1;1;XEUR;11820391;690;
28.05.2025;09:38:38.585;FGBS SI 20250606 PS;SIMPLE_INSTRUMENT;EFP_FIN;EUR;22;107.35500000;265;EXCHANGE_LAST;;1;1;XEUR;11820391;690;
28.05.2025;09:40:37.496;FGBS SI 20250606 PS;SIMPLE_INSTRUMENT;EFS;EUR;23;107.32000000;1202;EXCHANGE_LAST;;1;1;XEUR;11820391;690;
28.05.2025;09:45:40.750;FGBS SI 20250606 PS;SIMPLE_INSTRUMENT;EFS;EUR;24;107.31500000;2724;EXCHANGE_LAST;;1;1;XEUR;11820391;690;
28.05.2025;09:46:20.325;FGBS SI 20250606 PS;SIMPLE_INSTRUMENT;EFP_FIN;EUR;25;107.33000000;235;EXCHANGE_LAST;;1;1;XEUR;11820391;690;
28.05.2025;10:06:46.826;FGBS SI 20250606 PS;SIMPLE_INSTRUMENT;EFP_FIN;EUR;26;107.33000000;1919;EXCHANGE_LAST;;1;1;XEUR;11820391;690;
28.05.2025;10:07:04.769;FGBS SI 20250606 PS;SIMPLE_INSTRUMENT;EFP_FIN;EUR;27;107.31000000;1206;EXCHANGE_LAST;;1;1;XEUR;11820391;690;
28.05.2025;10:39:10.388;FGBS SI 20250606 PS;SIMPLE_INSTRUMENT;EFP_FIN;EUR;28;107.38000000;465;EXCHANGE_LAST;;1;1;XEUR;11820391;690;
28.05.2025;10:44:22.837;FGBS SI 20250606 PS;SIMPLE_INSTRUMENT;EFS;EUR;29;107.32000000;1940;EXCHANGE_LAST;;1;1;XEUR;11820391;690;
28.05.2025;10:46:46.241;FGBS SI 20250606 PS;SIMPLE_INSTRUMENT;EFS;EUR;30;107.32500000;2724;EXCHANGE_LAST;;1;1;XEUR;11820391;690;
28.05.2025;10:54:47.966;FGBS SI 20250606 PS;SIMPLE_INSTRUMENT;EFP_FIN;EUR;31;107.32000000;469;EXCHANGE_LAST;;1;1;XEUR;11820391;690;
28.05.2025;10:55:35.978;FGBS SI 20250606 PS;SIMPLE_INSTRUMENT;EFP_FIN;EUR;32;107.31500000;2821;EXCHANGE_LAST;;1;1;XEUR;11820391;690;
28.05.2025;11:09:46.575;FGBS SI 20250606 PS;SIMPLE_INSTRUMENT;EFP_FIN;EUR;33;107.32000000;564;EXCHANGE_LAST;;1;1;XEUR;11820391;690;
28.05.2025;11:22:45.529;FGBS SI 20250606 PS;SIMPLE_INSTRUMENT;EFS;EUR;34;107.32000000;958;EXCHANGE_LAST;;1;1;XEUR;11820391;690;
28.05.2025;11:44:55.052;FGBS SI 20250606 PS;SIMPLE_INSTRUMENT;EFP_FIN;EUR;35;107.33000000;938;EXCHANGE_LAST;;1;1;XEUR;11820391;690;
28.05.2025;11:49:02.168;FGBS SI 20250606 PS;SIMPLE_INSTRUMENT;EFS;EUR;36;107.32500000;991;EXCHANGE_LAST;;1;1;XEUR;11820391;690;
28.05.2025;11:49:38.848;FGBS SI 20250606 PS;SIMPLE_INSTRUMENT;EFS;EUR;37;107.32000000;1155;EXCHANGE_LAST;;1;1;XEUR;11820391;690;
28.05.2025;11:59:10.184;FGBS SI 20250606 PS;SIMPLE_INSTRUMENT;EFP_FIN;EUR;38;107.32000000;469;EXCHANGE_LAST;;1;1;XEUR;11820391;690;
28.05.2025;12:19:51.082;FGBS.S.JUN25.SEP25.SPD;FUTURES_SPREAD;BLOCK;EUR;39;-0.06500000;4360;EXCHANGE_LAST;;1;1;XEUR;72060557565362270;690;
28.05.2025;12:19:51.082;FGBS SI 20250908 PS;SIMPLE_INSTRUMENT;BLOCK;EUR;39;107.39000000;4360;PRC_DECOMP_MEMBER;;;;XEUR;12372484;690;MEMBER
28.05.2025;12:19:51.082;FGBS SI 20250606 PS;SIMPLE_INSTRUMENT;BLOCK;EUR;39;107.32500000;4360;PRC_DECOMP_MEMBER;;;;XEUR;11820391;690;MEMBER
28.05.2025;12:22:39.822;FGBS.S.JUN25.SEP25.SPD;FUTURES_SPREAD;BLOCK;EUR;40;-0.06000000;4360;EXCHANGE_LAST;;1;1;XEUR;72060557565362270;690;
28.05.2025;12:22:39.822;FGBS SI 20250606 PS;SIMPLE_INSTRUMENT;BLOCK;EUR;40;107.33000000;4360;PRC_DECOMP_MEMBER;;;;XEUR;11820391;690;MEMBER
28.05.2025;12:22:39.822;FGBS SI 20250908 PS;SIMPLE_INSTRUMENT;BLOCK;EUR;40;107.39000000;4360;PRC_DECOMP_MEMBER;;;;XEUR;12372484;690;MEMBER
28.05.2025;12:24:41.202;FGBS SI 20250606 PS;SIMPLE_INSTRUMENT;EFP_FIN;EUR;41;107.33500000;700;EXCHANGE_LAST;;1;1;XEUR;11820391;690;
28.05.2025;12:31:29.077;FGBS SI 20250606 PS;SIMPLE_INSTRUMENT;EFP_FIN;EUR;42;107.32000000;235;EXCHANGE_LAST;;1;1;XEUR;11820391;690;
28.05.2025;12:44:37.332;FGBS SI 20250606 PS;SIMPLE_INSTRUMENT;EFP_FIN;EUR;43;107.33000000;4692;EXCHANGE_LAST;;1;1;XEUR;11820391;690;
28.05.2025;12:46:12.797;FGBS SI 20250606 PS;SIMPLE_INSTRUMENT;EFP_FIN;EUR;44;107.33000000;252;EXCHANGE_LAST;;1;1;XEUR;11820391;690;
28.05.2025;13:19:48.673;FGBS SI 20250606 PS;SIMPLE_INSTRUMENT;EFP_FIN;EUR;45;107.32500000;1058;EXCHANGE_LAST;;1;1;XEUR;11820391;690;
28.05.2025;13:10:51.122;FGBS SI 20250606 PS;SIMPLE_INSTRUMENT;EFP_FIN;EUR;46;107.33000000;1877;EXCHANGE_LAST;;1;1;XEUR;11820391;690;
28.05.2025;13:11:00.344;FGBS SI 20250606 PS;SIMPLE_INSTRUMENT;EFS;EUR;47;107.32000000;2724;EXCHANGE_LAST;;1;1;XEUR;11820391;690;
28.05.2025;13:11:29.582;FGBS SI 20250606 PS;SIMPLE_INSTRUMENT;EFP_FIN;EUR;48;107.32500000;1350;EXCHANGE_LAST;;1;1;XEUR;11820391;690;
28.05.2025;13:11:38.093;FGBS SI 20250606 PS;SIMPLE_INSTRUMENT;EFS;EUR;49;107.32500000;2724;EXCHANGE_LAST;;1;1;XEUR;11820391;690;
28.05.2025;13:12:07.637;FGBS SI 20250606 PS;SIMPLE_INSTRUMENT;EFP_FIN;EUR;50;107.33000000;1407;EXCHANGE_LAST;;1;1;XEUR;11820391;690;
28.05.2025;13:12:13.675;FGBS SI 20250606 PS;SIMPLE_INSTRUMENT;EFP_FIN;EUR;51;107.32000000;469;EXCHANGE_LAST;;1;1;XEUR;11820391;690;
28.05.2025;13:15:11.851;FGBS SI 20250606 PS;SIMPLE_INSTRUMENT;EFS;EUR;52;107.31000000;1000;EXCHANGE_LAST;;1;1;XEUR;11820391;690;
28.05.2025;13:16:50.851;FGBS SI 20250606 PS;SIMPLE_INSTRUMENT;EFS;EUR;53;107.32000000;2725;EXCHANGE_LAST;;1;1;XEUR;11820391;690;
28.05.2025;13:23:39.860;FGBS SI 20250606 PS;SIMPLE_INSTRUMENT;EFS;EUR;54;107.32000000;4152;EXCHANGE_LAST;;1;1;XEUR;11820391;690;
28.05.2025;13:33:10.993;FGBS SI 20250606 PS;SIMPLE_INSTRUMENT;EFS;EUR;55;107.32000000;1700;EXCHANGE_LAST;;1;1;XEUR;11820391;690;
28.05.2025;13:33:48.432;FGBS SI 20250606 PS;SIMPLE_INSTRUMENT;EFS;EUR;56;107.32000000;1000;EXCHANGE_LAST;;1;1;XEUR;11820391;690;
28.05.2025;13:45:39.899;FGBS SI 20250606 PS;SIMPLE_INSTRUMENT;EFS;EUR;57;107.32000000;1362;EXCHANGE_LAST;;1;1;XEUR;11820391;690;
28.05.2025;13:52:53.327;FGBS SI 20250908 PS;SIMPLE_INSTRUMENT;EFP_FIN;EUR;58;107.38500000;233;EXCHANGE_LAST;;1;1;XEUR;12372484;690;
28.05.2025;13:54:35.979;FGBS SI 20250606 PS;SIMPLE_INSTRUMENT;EFP_FIN;EUR;60;107.32000000;244;EXCHANGE_LAST;;1;1;XEUR;11820391;690;
28.05.2025;14:01:34.710;FGBS SI 20250606 PS;SIMPLE_INSTRUMENT;EFP_FIN;EUR;63;107.33000000;704;EXCHANGE_LAST;;1;1;XEUR;11820391;690;
28.05.2025;14:10:09.736;FGBS SI 20250606 PS;SIMPLE_INSTRUMENT;EFP_FIN;EUR;64;107.33000000;842;EXCHANGE_LAST;;1;1;XEUR;11820391;690;
28.05.2025;14:10:58.030;FGBS SI 20250606 PS;SIMPLE_INSTRUMENT;EFS;EUR;65;107.32500000;2724;EXCHANGE_LAST;;1;1;XEUR;11820391;690;
28.05.2025;14:10:59.072;FGBS SI 20250606 PS;SIMPLE_INSTRUMENT;EFP_FIN;EUR;66;107.33000000;159;EXCHANGE_LAST;;1;1;XEUR;11820391;690;
28.05.2025;14:11:12.636;FGBS SI 20250606 PS;SIMPLE_INSTRUMENT;EFP_FIN;EUR;67;107.33000000;265;EXCHANGE_LAST;;1;1;XEUR;11820391;690;
28.05.2025;14:11:32.033;FGBS SI 20250606 PS;SIMPLE_INSTRUMENT;EFS;EUR;68;107.32500000;2724;EXCHANGE_LAST;;1;1;XEUR;11820391;690;
28.05.2025;14:21:04.708;FGBS SI 20250606 PS;SIMPLE_INSTRUMENT;EFP_FIN;EUR;69;107.32000000;346;EXCHANGE_LAST;;1;1;XEUR;11820391;690;
28.05.2025;14:25:10.362;FGBS SI 20250606 PS;SIMPLE_INSTRUMENT;EFS;EUR;70;107.32000000;2725;EXCHANGE_LAST;;1;1;XEUR;11820391;690;
28.05.2025;14:32:38.782;FGBS SI 20250606 PS;SIMPLE_INSTRUMENT;EFS;EUR;71;107.32000000;2751;EXCHANGE_LAST;;1;1;XEUR;11820391;690;
28.05.2025;14:40:07.621;FGBS SI 20250606 PS;SIMPLE_INSTRUMENT;EFS;EUR;72;107.33000000;5449;EXCHANGE_LAST;;1;1;XEUR;11820391;690;
28.05.2025;14:43:57.007;FGBS SI 20250606 PS;SIMPLE_INSTRUMENT;EFP_FIN;EUR;73;107.32500000;349;EXCHANGE_LAST;;1;1;XEUR;11820391;690;
28.05.2025;14:56:34.335;FGBS SI 20250606 PS;SIMPLE_INSTRUMENT;EFS;EUR;74;107.32000000;2724;EXCHANGE_LAST;;1;1;XEUR;11820391;690;
28.05.2025;14:58:14.177;FGBS SI 20250606 PS;SIMPLE_INSTRUMENT;EFS;EUR;75;107.33000000;5448;EXCHANGE_LAST;;1;1;XEUR;11820391;690;
28.05.2025;15:00:57.161;FGBS SI 20250606 PS;SIMPLE_INSTRUMENT;EFS;EUR;76;107.32000000;2725;EXCHANGE_LAST;;1;1;XEUR;11820391;690;
28.05.2025;15:01:05.282;FGBS SI 20250606 PS;SIMPLE_INSTRUMENT;EFS;EUR;77;107.32000000;2725;EXCHANGE_LAST;;1;1;XEUR;11820391;690;
28.05.2025;15:07:59.209;FGBS SI 20250908 PS;SIMPLE_INSTRUMENT;EFP_FIN;EUR;78;107.38500000;233;EXCHANGE_LAST;;1;1;XEUR;12372484;690;
28.05.2025;15:09:46.302;FGBS SI 20250908 PS;SIMPLE_INSTRUMENT;EFP_FIN;EUR;79;107.38500000;179;EXCHANGE_LAST;;1;1;XEUR;12372484;690;
28.05.2025;15:07:59.028;FGBS SI 20250908 PS;SIMPLE_INSTRUMENT;EFP_FIN;EUR;80;107.38000000;465;EXCHANGE_LAST;;1;1;XEUR;12372484;690;
28.05.2025;15:12:35.933;FGBS SI 20250606 PS;SIMPLE_INSTRUMENT;EFS;EUR;81;107.32000000;2725;EXCHANGE_LAST;;1;1;XEUR;11820391;690;
28.05.2025;15:27:11.408;FGBS SI 20250606 PS;SIMPLE_INSTRUMENT;EFS;EUR;82;107.32500000;1500;EXCHANGE_LAST;;1;1;XEUR;11820391;690;
28.05.2025;15:36:28.418;FGBS SI 20250606 PS;SIMPLE_INSTRUMENT;EFP_FIN;EUR;83;107.33000000;142;EXCHANGE_LAST;;1;1;XEUR;11820391;690;
28.05.2025;15:59:08.013;FGBS SI 20250606 PS;SIMPLE_INSTRUMENT;EFS;EUR;84;107.33000000;1207;EXCHANGE_LAST;;1;1;XEUR;11820391;690;
28.05.2025;15:59:13.675;FGBS SI 20250606 PS;SIMPLE_INSTRUMENT;EFS;EUR;85;107.33000000;1207;EXCHANGE_LAST;;1;1;XEUR;11820391;690;
28.05.2025;07:45:44.225;FGBX SI 20250606 PS;SIMPLE_INSTRUMENT;EFS;EUR;1;120.88000000;430;EXCHANGE_LAST;;1;1;XEUR;11820392;691;
28.05.2025;08:11:13.260;FGBX SI 20250606 PS;SIMPLE_INSTRUMENT;EFS;EUR;2;121.00000000;94;EXCHANGE_LAST;;1;1;XEUR;11820392;691;
28.05.2025;08:29:53.020;FGBX SI 20250606 PS;SIMPLE_INSTRUMENT;EFS;EUR;4;120.86000000;203;EXCHANGE_LAST;;1;1;XEUR;11820392;691;
28.05.2025;09:18:43.250;FGBX SI 20250606 PS;SIMPLE_INSTRUMENT;EFP_FIN;EUR;7;120.74000000;50;EXCHANGE_LAST;;1;1;XEUR;11820392;691;
28.05.2025;09:48:29.575;FGBX SI 20250606 PS;SIMPLE_INSTRUMENT;EFS;EUR;10;120.72000000;430;EXCHANGE_LAST;;1;1;XEUR;11820392;691;
28.05.2025;10:20:46.665;FGBX SI 20250606 PS;SIMPLE_INSTRUMENT;EFS;EUR;14;121.00000000;430;EXCHANGE_LAST;;1;1;XEUR;11820392;691;
28.05.2025;10:41:19.169;FGBX SI 20250606 PS;SIMPLE_INSTRUMENT;EFS;EUR;15;120.86000000;207;EXCHANGE_LAST;;1;1;XEUR;11820392;691;
28.05.2025;11:16:54.415;FGBX SI 20250606 PS;SIMPLE_INSTRUMENT;EFP_FIN;EUR;17;120.80000000;283;EXCHANGE_LAST;;1;1;XEUR;11820392;691;
28.05.2025;12:26:02.146;FGBX SI 20250606 PS;SIMPLE_INSTRUMENT;EFP_FIN;EUR;21;121.34000000;237;EXCHANGE_LAST;;1;1;XEUR;11820392;691;
28.05.2025;12:33:20.564;FGBX SI 20250606 PS;SIMPLE_INSTRUMENT;EFP_FIN;EUR;22;121.28000000;149;EXCHANGE_LAST;;1;1;XEUR;11820392;691;
28.05.2025;13:21:17.676;FGBX SI 20250606 PS;SIMPLE_INSTRUMENT;EFS;EUR;26;121.20000000;365;EXCHANGE_LAST;;1;1;XEUR;11820392;691;
28.05.2025;13:32:42.711;FGBX SI 20250606 PS;SIMPLE_INSTRUMENT;EFS;EUR;27;121.04000000;430;EXCHANGE_LAST;;1;1;XEUR;11820392;691;
28.05.2025;13:49:28.950;FGBX SI 20250606 PS;SIMPLE_INSTRUMENT;EFS;EUR;28;120.90000000;207;EXCHANGE_LAST;;1;1;XEUR;11820392;691;
28.05.2025;14:26:32.264;FGBX SI 20250606 PS;SIMPLE_INSTRUMENT;EFS;EUR;31;120.88000000;104;EXCHANGE_LAST;;1;1;XEUR;11820392;691;
28.05.2025;14:26:39.415;FGBX SI 20250606 PS;SIMPLE_INSTRUMENT;EFS;EUR;32;120.88000000;104;EXCHANGE_LAST;;1;1;XEUR;11820392;691;
28.05.2025;14:30:00.296;FGBX SI 20250606 PS;SIMPLE_INSTRUMENT;EFS;EUR;33;120.88000000;104;EXCHANGE_LAST;;1;1;XEUR;11820392;691;
28.05.2025;14:43:41.633;FGBX SI 20250606 PS;SIMPLE_INSTRUMENT;EFS;EUR;34;121.12000000;413;EXCHANGE_LAST;;1;1;XEUR;11820392;691;
28.05.2025;14:57:57.431;FGBX SI 20250606 PS;SIMPLE_INSTRUMENT;EFS;EUR;35;120.76000000;208;EXCHANGE_LAST;;1;1;XEUR;11820392;691;
28.05.2025;15:00:06.850;FGBX SI 20250606 PS;SIMPLE_INSTRUMENT;BLOCK;EUR;36;120.78000000;208;EXCHANGE_LAST;;1;1;XEUR;11820392;691;
28.05.2025;15:02:30.166;FGBX SI 20250606 PS;SIMPLE_INSTRUMENT;EFS;EUR;37;120.78000000;208;EXCHANGE_LAST;;1;1;XEUR;11820392;691;
28.05.2025;15:04:43.174;FGBX SI 20250606 PS;SIMPLE_INSTRUMENT;EFS;EUR;38;120.86000000;104;EXCHANGE_LAST;;1;1;XEUR;11820392;691;
28.05.2025;15:09:23.214;FGBX.S.JUN25.SEP25.SPD;FUTURES_SPREAD;BLOCK;EUR;39;0.66000000;300;EXCHANGE_LAST;;1;1;XEUR;72060561860329566;691;
28.05.2025;15:09:23.214;FGBX SI 20250606 PS;SIMPLE_INSTRUMENT;BLOCK;EUR;39;120.66000000;300;PRC_DECOMP_EXCHANGE;;;;XEUR;11820392;691;EXCHANGE
28.05.2025;15:09:23.214;FGBX SI 20250908 PS;SIMPLE_INSTRUMENT;BLOCK;EUR;39;120.00000000;300;PRC_DECOMP_EXCHANGE;;;;XEUR;12372485;691;EXCHANGE
28.05.2025;15:14:10.273;FGBX SI 20250606 PS;SIMPLE_INSTRUMENT;EFS;EUR;40;120.78000000;208;EXCHANGE_LAST;;1;1;XEUR;11820392;691;
28.05.2025;15:36:28.418;FGBX SI 20250606 PS;SIMPLE_INSTRUMENT;EFP_FIN;EUR;41;120.80000000;74;EXCHANGE_LAST;;1;1;XEUR;11820392;691;
28.05.2025;11:23:02.310;FGBX SI 20250606 PS;SIMPLE_INSTRUMENT;VOLA;EUR;268435494;121.02000000;36;EXCHANGE_LAST;;1;1;XEUR;11820392;691;
28.05.2025;07:00:44.571;FMAE SI 20250620 CS;SIMPLE_INSTRUMENT;EFP_IDX;EUR;17;398.85900000;713;EXCHANGE_LAST;;1;1;XEUR;7939684;48921;
28.05.2025;07:08:22.784;FMAE SI 20250620 CS;SIMPLE_INSTRUMENT;EFP_IDX;EUR;21;398.85600000;400;EXCHANGE_LAST;;1;1;XEUR;7939684;48921;
28.05.2025;06:15:45.310;FMAP SI 20250620 CS;SIMPLE_INSTRUMENT;BLOCK;USD;11;371.35000000;101;EXCHANGE_LAST;;1;1;XEUR;7939644;48141;
28.05.2025;15:47:49.791;FMCE SI 20250620 CS;SIMPLE_INSTRUMENT;EFP_IDX;EUR;82;573.40000000;200;EXCHANGE_LAST;;1;1;XEUR;9693466;665;
28.05.2025;15:47:37.526;FMCE SI 20250620 CS;SIMPLE_INSTRUMENT;EFP_IDX;EUR;83;573.50000000;800;EXCHANGE_LAST;;1;1;XEUR;9693466;665;
28.05.2025;02:46:42.749;FMCH SI 20250620 CS;SIMPLE_INSTRUMENT;BLOCK;USD;3;582.13100000;969;EXCHANGE_LAST;;1;1;XEUR;7940815;402909;
28.05.2025;07:55:16.450;FMCH SI 20250620 CS;SIMPLE_INSTRUMENT;BLOCK;USD;29;578.80000000;161;EXCHANGE_LAST;;1;1;XEUR;7940815;402909;
28.05.2025;15:57:06.547;FMCP SI 20250620 CS;SIMPLE_INSTRUMENT;EFP_IDX;EUR;88;590.70000000;77;EXCHANGE_LAST;;1;1;XEUR;11880750;662;
28.05.2025;15:57:26.367;FMCP SI 20250620 CS;SIMPLE_INSTRUMENT;EFP_IDX;EUR;89;590.80000000;180;EXCHANGE_LAST;;1;1;XEUR;11880750;662;
28.05.2025;00:55:33.254;FMEA SI 20250620 CS;SIMPLE_INSTRUMENT;BLOCK;USD;1;738.03100000;860;EXCHANGE_LAST;;1;1;XEUR;7938804;12395;
28.05.2025;03:00:43.027;FMEA SI 20250620 CS;SIMPLE_INSTRUMENT;BLOCK;USD;6;738.03100000;1154;EXCHANGE_LAST;;1;1;XEUR;7938804;12395;
28.05.2025;13:21:03.603;FMEF SI 20260320 CS;SIMPLE_INSTRUMENT;BLOCK;USD;31;1190.00000000;198;EXCHANGE_LAST;;1;1;XEUR;7408951;30657;
28.05.2025;16:09:53.871;FMEF SI 20250620 CS;SIMPLE_INSTRUMENT;VOLA;USD;603979833;1160.00000000;108;EXCHANGE_LAST;;1;1;XEUR;7408968;30657;
28.05.2025;07:06:51.852;FMEL SI 20250620 CS;SIMPLE_INSTRUMENT;BLOCK;USD;19;593.38300000;115;EXCHANGE_LAST;;1;1;XEUR;7938814;12397;
28.05.2025;07:43:45.049;FMEL SI 20250620 CS;SIMPLE_INSTRUMENT;BLOCK;USD;27;593.29500000;50;EXCHANGE_LAST;;1;1;XEUR;7938814;12397;
28.05.2025;06:39:41.392;FMEN SI 20250620 CS;SIMPLE_INSTRUMENT;BLOCK;EUR;12;519.85900000;124;EXCHANGE_LAST;;1;1;XEUR;7939172;30652;
28.05.2025;07:25:03.945;FMES SI 20250620 CS;SIMPLE_INSTRUMENT;EFP_IDX;EUR;26;615.89100000;8;EXCHANGE_LAST;;1;1;XEUR;7940344;221291;
28.05.2025;15:45:10.461;FMES SI 20250620 CS;SIMPLE_INSTRUMENT;BLOCK;EUR;39;615.98000000;80;EXCHANGE_LAST;;1;1;XEUR;7940344;221291;
28.05.2025;07:06:30.308;FMGC SI 20250620 CS;SIMPLE_INSTRUMENT;BLOCK;USD;18;14156.07000000;205;EXCHANGE_LAST;;1;1;XEUR;7939680;48916;
28.05.2025;13:37:05.184;FMGO SI 20250620 CS;SIMPLE_INSTRUMENT;BLOCK;USD;32;5602.00000000;96;EXCHANGE_LAST;;1;1;XEUR;8609371;583623;
28.05.2025;08:00:46.646;FMHK SI 20250620 CS;SIMPLE_INSTRUMENT;BLOCK;USD;30;64100.00000000;142;EXCHANGE_LAST;;1;1;XEUR;7939458;45282;
28.05.2025;00:55:48.509;FMID SI 20250620 CS;SIMPLE_INSTRUMENT;BLOCK;USD;4;1614.70200000;315;EXCHANGE_LAST;;1;1;XEUR;7939464;45289;
28.05.2025;03:50:58.278;FMID SI 20250620 CS;SIMPLE_INSTRUMENT;BLOCK;USD;5;1599.40000000;70;EXCHANGE_LAST;;1;1;XEUR;7939464;45289;
28.05.2025;03:54:27.900;FMID SI 20250620 CS;SIMPLE_INSTRUMENT;BLOCK;USD;6;1600.00000000;70;EXCHANGE_LAST;;1;1;XEUR;7939464;45289;
28.05.2025;06:42:33.272;FMIN SI 20250620 CS;SIMPLE_INSTRUMENT;EFP_IDX;USD;13;1293.33000000;67;EXCHANGE_LAST;;1;1;XEUR;7938852;12404;
28.05.2025;02:50:31.825;FMJP SI 20250620 CS;SIMPLE_INSTRUMENT;BLOCK;USD;5;9384.74700000;376;EXCHANGE_LAST;;1;1;XEUR;7937445;661;
28.05.2025;14:59:18.876;FMMX SI 20250620 CS;SIMPLE_INSTRUMENT;BLOCK;USD;33;755.50000000;207;EXCHANGE_LAST;;1;1;XEUR;7938855;12545;
28.05.2025;07:15:49.166;FMMY SI 20250919 CS;SIMPLE_INSTRUMENT;EFP_IDX;USD;22;397.03400000;49;EXCHANGE_LAST;;1;1;XEUR;8427826;12405;
28.05.2025;07:16:13.117;FMMY SI 20250919 CS;SIMPLE_INSTRUMENT;EFP_IDX;USD;23;397.03300000;131;EXCHANGE_LAST;;1;1;XEUR;8427826;12405;
28.05.2025;09:15:49.338;FMNB SI 20261217 PS AM C 60.00 0;SIMPLE_INSTRUMENT;BLOCK;EUR;11;8.41000000;270;EXCHANGE_LAST;;1;1;XEUR;12888757;658;
28.05.2025;07:45:47.786;FMOV SI 20250620 CS;SIMPLE_INSTRUMENT;BLOCK;USD;28;14715.60000000;72;EXCHANGE_LAST;;1;1;XEUR;7939784;51878;
28.05.2025;02:48:15.514;FMPX SI 20250620 CS;SIMPLE_INSTRUMENT;BLOCK;USD;4;8778.51300000;30;EXCHANGE_LAST;;1;1;XEUR;7939465;45291;
28.05.2025;06:09:37.009;FMSA SI 20250620 CS;SIMPLE_INSTRUMENT;EFP_IDX;USD;9;1689.27000000;50;EXCHANGE_LAST;;1;1;XEUR;7940199;134861;
28.05.2025;07:07:12.664;FMSA SI 20250620 CS;SIMPLE_INSTRUMENT;BLOCK;USD;20;1687.19200000;180;EXCHANGE_LAST;;1;1;XEUR;7940199;134861;
28.05.2025;07:20:24.761;FMSA SI 20250620 CS;SIMPLE_INSTRUMENT;EFP_IDX;USD;24;1688.70500000;31;EXCHANGE_LAST;;1;1;XEUR;7940199;134861;
28.05.2025;07:20:55.326;FMSA SI 20250620 CS;SIMPLE_INSTRUMENT;EFP_IDX;USD;25;1688.70400000;70;EXCHANGE_LAST;;1;1;XEUR;7940199;134861;
28.05.2025;06:04:04.195;FMSC SI 20250620 CS;SIMPLE_INSTRUMENT;EFP_IDX;USD;8;731.90100000;9;EXCHANGE_LAST;;1;1;XEUR;7940363;221303;
28.05.2025;00:42:15.382;FMTW SI 20250620 CS;SIMPLE_INSTRUMENT;BLOCK;USD;2;836.17900000;120;EXCHANGE_LAST;;1;1;XEUR;7939790;51884;
28.05.2025;00:45:59.474;FMTW SI 20250620 CS;SIMPLE_INSTRUMENT;BLOCK;USD;3;836.17900000;262;EXCHANGE_LAST;;1;1;XEUR;7939790;51884;
28.05.2025;08:16:30.779;FMTW SI 20250620 CS;SIMPLE_INSTRUMENT;BLOCK;USD;7;836.17900000;60;EXCHANGE_LAST;;1;1;XEUR;7939790;51884;
28.05.2025;06:51:01.583;FMWN SI 20250620 CS;SIMPLE_INSTRUMENT;BLOCK;EUR;14;557.52400000;186;EXCHANGE_LAST;;1;1;XEUR;7939177;30654;
28.05.2025;06:57:44.632;FMWN SI 20250620 CS;SIMPLE_INSTRUMENT;BLOCK;EUR;15;557.50000000;320;EXCHANGE_LAST;;1;1;XEUR;7939177;30654;
28.05.2025;05:57:53.473;FMWO SI 20250620 CS;SIMPLE_INSTRUMENT;EFP_IDX;USD;7;12374.70000000;72;EXCHANGE_LAST;;1;1;XEUR;7938711;7059;
28.05.2025;06:15:14.474;FMWO SI 20250620 CS;SIMPLE_INSTRUMENT;EFP_IDX;USD;10;12365.70000000;81;EXCHANGE_LAST;;1;1;XEUR;7938711;7059;
28.05.2025;06:54:43.744;FMWO SI 20250620 CS;SIMPLE_INSTRUMENT;EFP_IDX;USD;16;12363.70000000;158;EXCHANGE_LAST;;1;1;XEUR;7938711;7059;
28.05.2025;15:27:18.174;FMWO SI 20250620 CS;SIMPLE_INSTRUMENT;BLOCK;USD;36;12344.00000000;456;EXCHANGE_LAST;;1;1;XEUR;7938711;7059;
28.05.2025;15:51:26.276;FMWO SI 20250620 CS;SIMPLE_INSTRUMENT;BLOCK;USD;42;12316.00000000;100;EXCHANGE_LAST;;1;1;XEUR;7938711;7059;
28.05.2025;09:39:52.928;FO4I SI 20250620 CS;SIMPLE_INSTRUMENT;BLOCK;EUR;9;55.65310000;10000;EXCHANGE_LAST;;1;1;XEUR;11196103;57111;
28.05.2025;10:41:05.287;FO4I SI 20250620 CS;SIMPLE_INSTRUMENT;BLOCK;EUR;16;55.69310000;2000;EXCHANGE_LAST;;1;1;XEUR;11196103;57111;
28.05.2025;11:20:08.660;FO4I SI 20250620 CS;SIMPLE_INSTRUMENT;BLOCK;EUR;24;55.69310000;8000;EXCHANGE_LAST;;1;1;XEUR;11196103;57111;
28.05.2025;08:02:59.647;FOAT SI 20250606 PS;SIMPLE_INSTRUMENT;EFP_FIN;EUR;1;125.21000000;131;EXCHANGE_LAST;;1;1;XEUR;11820393;749;
28.05.2025;08:08:20.516;FOAT SI 20250606 PS;SIMPLE_INSTRUMENT;EFP_FIN;EUR;2;125.22000000;107;EXCHANGE_LAST;;1;1;XEUR;11820393;749;
28.05.2025;08:18:04.321;FOAT SI 20250606 PS;SIMPLE_INSTRUMENT;EFP_FIN;EUR;3;125.19000000;327;EXCHANGE_LAST;;1;1;XEUR;11820393;749;
28.05.2025;08:18:55.962;FOAT SI 20250606 PS;SIMPLE_INSTRUMENT;EFP_FIN;EUR;4;125.19000000;826;EXCHANGE_LAST;;1;1;XEUR;11820393;749;
28.05.2025;08:22:59.026;FOAT SI 20250606 PS;SIMPLE_INSTRUMENT;EFP_FIN;EUR;5;125.21000000;131;EXCHANGE_LAST;;1;1;XEUR;11820393;749;
28.05.2025;08:26:05.640;FOAT SI 20250606 PS;SIMPLE_INSTRUMENT;EFP_FIN;EUR;6;125.19000000;413;EXCHANGE_LAST;;1;1;XEUR;11820393;749;
28.05.2025;08:32:20.420;FOAT SI 20250606 PS;SIMPLE_INSTRUMENT;EFP_FIN;EUR;7;125.22000000;87;EXCHANGE_LAST;;1;1;XEUR;11820393;749;
28.05.2025;08:34:52.014;FOAT SI 20250606 PS;SIMPLE_INSTRUMENT;EFP_FIN;EUR;8;125.19000000;413;EXCHANGE_LAST;;1;1;XEUR;11820393;749;
28.05.2025;08:40:45.194;FOAT SI 20250606 PS;SIMPLE_INSTRUMENT;EFP_FIN;EUR;9;125.21000000;619;EXCHANGE_LAST;;1;1;XEUR;11820393;749;
28.05.2025;08:48:23.116;FOAT SI 20250606 PS;SIMPLE_INSTRUMENT;EFP_FIN;EUR;10;125.23000000;65;EXCHANGE_LAST;;1;1;XEUR;11820393;749;
28.05.2025;08:48:46.889;FOAT SI 20250606 PS;SIMPLE_INSTRUMENT;EFP_FIN;EUR;11;125.19000000;413;EXCHANGE_LAST;;1;1;XEUR;11820393;749;
28.05.2025;08:50:09.983;FOAT SI 20250606 PS;SIMPLE_INSTRUMENT;EFP_FIN;EUR;12;125.21000000;88;EXCHANGE_LAST;;1;1;XEUR;11820393;749;
28.05.2025;08:57:30.898;FOAT SI 20250606 PS;SIMPLE_INSTRUMENT;BLOCK;EUR;13;125.15000000;1470;EXCHANGE_LAST;;1;1;XEUR;11820393;749;
28.05.2025;08:58:04.929;FOAT SI 20250606 PS;SIMPLE_INSTRUMENT;EFP_FIN;EUR;14;125.15000000;413;EXCHANGE_LAST;;1;1;XEUR;11820393;749;
28.05.2025;09:16:13.767;FOAT SI 20250606 PS;SIMPLE_INSTRUMENT;EFP_FIN;EUR;15;125.20000000;788;EXCHANGE_LAST;;1;1;XEUR;11820393;749;
28.05.2025;09:16:13.787;FOAT SI 20250606 PS;SIMPLE_INSTRUMENT;EFP_FIN;EUR;16;125.20000000;394;EXCHANGE_LAST;;1;1;XEUR;11820393;749;
28.05.2025;09:25:37.889;FOAT SI 20250606 PS;SIMPLE_INSTRUMENT;EFP_FIN;EUR;17;125.06000000;236;EXCHANGE_LAST;;1;1;XEUR;11820393;749;
28.05.2025;09:40:05.651;FOAT SI 20250606 PS;SIMPLE_INSTRUMENT;EFP_FIN;EUR;18;125.22000000;236;EXCHANGE_LAST;;1;1;XEUR;11820393;749;
28.05.2025;09:52:15.338;FOAT SI 20250606 PS;SIMPLE_INSTRUMENT;EFP_FIN;EUR;19;125.06000000;206;EXCHANGE_LAST;;1;1;XEUR;11820393;749;
28.05.2025;10:14:43.071;FOAT SI 20250606 PS;SIMPLE_INSTRUMENT;EFP_FIN;EUR;20;125.21000000;413;EXCHANGE_LAST;;1;1;XEUR;11820393;749;
28.05.2025;10:17:14.039;FOAT SI 20250606 PS;SIMPLE_INSTRUMENT;EFP_FIN;EUR;21;125.15000000;330;EXCHANGE_LAST;;1;1;XEUR;11820393;749;
28.05.2025;10:17:30.547;FOAT SI 20250606 PS;SIMPLE_INSTRUMENT;EFP_FIN;EUR;22;125.15000000;496;EXCHANGE_LAST;;1;1;XEUR;11820393;749;
28.05.2025;10:21:21.926;FOAT SI 20250606 PS;SIMPLE_INSTRUMENT;EFP_FIN;EUR;23;125.07000000;208;EXCHANGE_LAST;;1;1;XEUR;11820393;749;
28.05.2025;10:23:43.374;FOAT SI 20250606 PS;SIMPLE_INSTRUMENT;EFP_FIN;EUR;24;125.07000000;57;EXCHANGE_LAST;;1;1;XEUR;11820393;749;
28.05.2025;10:50:07.395;FOAT SI 20250606 PS;SIMPLE_INSTRUMENT;BLOCK;EUR;25;125.07000000;981;EXCHANGE_LAST;;1;1;XEUR;11820393;749;
28.05.2025;10:52:29.719;FOAT SI 20250606 PS;SIMPLE_INSTRUMENT;EFP_FIN;EUR;26;125.11000000;440;EXCHANGE_LAST;;1;1;XEUR;11820393;749;
28.05.2025;11:06:01.225;FOAT SI 20250606 PS;SIMPLE_INSTRUMENT;EFP_FIN;EUR;27;125.13000000;118;EXCHANGE_LAST;;1;1;XEUR;11820393;749;
28.05.2025;11:06:07.893;FOAT SI 20250606 PS;SIMPLE_INSTRUMENT;EFP_FIN;EUR;28;125.13000000;5516;EXCHANGE_LAST;;1;1;XEUR;11820393;749;
28.05.2025;11:09:46.041;FOAT SI 20250606 PS;SIMPLE_INSTRUMENT;EFP_FIN;EUR;29;125.13000000;444;EXCHANGE_LAST;;1;1;XEUR;11820393;749;
28.05.2025;11:22:51.247;FOAT SI 20250606 PS;SIMPLE_INSTRUMENT;EFP_FIN;EUR;30;125.17000000;4732;EXCHANGE_LAST;;1;1;XEUR;11820393;749;
28.05.2025;11:24:23.650;FOAT SI 20250606 PS;SIMPLE_INSTRUMENT;EFP_FIN;EUR;31;125.21000000;206;EXCHANGE_LAST;;1;1;XEUR;11820393;749;
28.05.2025;11:35:20.472;FOAT SI 20250606 PS;SIMPLE_INSTRUMENT;EFP_FIN;EUR;32;125.20000000;1970;EXCHANGE_LAST;;1;1;XEUR;11820393;749;
28.05.2025;12:01:10.798;FOAT SI 20250606 PS;SIMPLE_INSTRUMENT;EFP_FIN;EUR;33;125.29000000;210;EXCHANGE_LAST;;1;1;XEUR;11820393;749;
28.05.2025;12:13:33.966;FOAT SI 20250606 PS;SIMPLE_INSTRUMENT;EFP_FIN;EUR;34;125.21000000;826;EXCHANGE_LAST;;1;1;XEUR;11820393;749;
28.05.2025;12:37:21.874;FOAT SI 20250606 PS;SIMPLE_INSTRUMENT;EFP_FIN;EUR;35;125.34000000;1970;EXCHANGE_LAST;;1;1;XEUR;11820393;749;
28.05.2025;12:41:50.770;FOAT SI 20250606 PS;SIMPLE_INSTRUMENT;EFP_FIN;EUR;36;125.34000000;69;EXCHANGE_LAST;;1;1;XEUR;11820393;749;
28.05.2025;12:43:42.664;FOAT SI 20250606 PS;SIMPLE_INSTRUMENT;EFP_FIN;EUR;37;125.34000000;387;EXCHANGE_LAST;;1;1;XEUR;11820393;749;
28.05.2025;12:45:16.504;FOAT SI 20250606 PS;SIMPLE_INSTRUMENT;EFP_FIN;EUR;38;125.32000000;452;EXCHANGE_LAST;;1;1;XEUR;11820393;749;
28.05.2025;12:46:19.792;FOAT SI 20250606 PS;SIMPLE_INSTRUMENT;EFP_FIN;EUR;39;125.30000000;1103;EXCHANGE_LAST;;1;1;XEUR;11820393;749;
28.05.2025;12:50:14.420;FOAT SI 20250606 PS;SIMPLE_INSTRUMENT;EFP_FIN;EUR;40;125.15000000;619;EXCHANGE_LAST;;1;1;XEUR;11820393;749;
28.05.2025;12:58:05.924;FOAT SI 20250606 PS;SIMPLE_INSTRUMENT;EFP_FIN;EUR;41;125.30000000;1103;EXCHANGE_LAST;;1;1;XEUR;11820393;749;
28.05.2025;13:09:27.141;FOAT SI 20250606 PS;SIMPLE_INSTRUMENT;EFP_FIN;EUR;42;125.30000000;3151;EXCHANGE_LAST;;1;1;XEUR;11820393;749;
28.05.2025;14:15:52.006;FOAT SI 20250606 PS;SIMPLE_INSTRUMENT;EFP_FIN;EUR;43;125.15000000;149;EXCHANGE_LAST;;1;1;XEUR;11820393;749;
28.05.2025;14:24:58.636;FOAT SI 20250606 PS;SIMPLE_INSTRUMENT;BLOCK;EUR;44;125.15000000;1658;EXCHANGE_LAST;;1;1;XEUR;11820393;749;
28.05.2025;14:25:14.315;FOAT SI 20250908 PS;SIMPLE_INSTRUMENT;BLOCK;EUR;45;124.15000000;829;EXCHANGE_LAST;;1;1;XEUR;12372486;749;
28.05.2025;14:25:22.969;FOAT SI 20250908 PS;SIMPLE_INSTRUMENT;BLOCK;EUR;46;124.14000000;829;EXCHANGE_LAST;;1;1;XEUR;12372486;749;
28.05.2025;14:26:23.689;FOAT SI 20250606 PS;SIMPLE_INSTRUMENT;EFP_FIN;EUR;47;125.15000000;81;EXCHANGE_LAST;;1;1;XEUR;11820393;749;
28.05.2025;14:28:15.572;FOAT SI 20250908 PS;SIMPLE_INSTRUMENT;BLOCK;EUR;48;124.20000000;921;EXCHANGE_LAST;;1;1;XEUR;12372486;749;
28.05.2025;14:28:26.166;FOAT SI 20250908 PS;SIMPLE_INSTRUMENT;BLOCK;EUR;49;124.19000000;921;EXCHANGE_LAST;;1;1;XEUR;12372486;749;
28.05.2025;14:28:46.021;FOAT SI 20250606 PS;SIMPLE_INSTRUMENT;BLOCK;EUR;50;125.20000000;1842;EXCHANGE_LAST;;1;1;XEUR;11820393;749;
28.05.2025;14:37:28.949;FOAT SI 20250606 PS;SIMPLE_INSTRUMENT;BLOCK;EUR;51;125.27000000;2500;EXCHANGE_LAST;;1;1;XEUR;11820393;749;
28.05.2025;14:37:55.069;FOAT SI 20250908 PS;SIMPLE_INSTRUMENT;BLOCK;EUR;52;124.27000000;1250;EXCHANGE_LAST;;1;1;XEUR;12372486;749;
28.05.2025;14:38:25.513;FOAT SI 20250908 PS;SIMPLE_INSTRUMENT;BLOCK;EUR;53;124.26000000;1250;EXCHANGE_LAST;;1;1;XEUR;12372486;749;
28.05.2025;15:16:07.235;FOAT SI 20250606 PS;SIMPLE_INSTRUMENT;EFP_FIN;EUR;54;125.16000000;89;EXCHANGE_LAST;;1;1;XEUR;11820393;749;
28.05.2025;15:15:10.908;FOAT SI 20250606 PS;SIMPLE_INSTRUMENT;EFP_FIN;EUR;55;125.21000000;778;EXCHANGE_LAST;;1;1;XEUR;11820393;749;
28.05.2025;15:49:33.304;FOAT SI 20250606 PS;SIMPLE_INSTRUMENT;EFP_FIN;EUR;56;125.17000000;476;EXCHANGE_LAST;;1;1;XEUR;11820393;749;
28.05.2025;16:01:12.755;FOAT SI 20250606 PS;SIMPLE_INSTRUMENT;BLOCK;EUR;57;125.12000000;736;EXCHANGE_LAST;;1;1;XEUR;11820393;749;
28.05.2025;16:02:34.657;FOAT SI 20250606 PS;SIMPLE_INSTRUMENT;EFP_FIN;EUR;58;125.25000000;574;EXCHANGE_LAST;;1;1;XEUR;11820393;749;
28.05.2025;16:08:44.617;FOAT SI 20250606 PS;SIMPLE_INSTRUMENT;EFP_FIN;EUR;59;125.22000000;962;EXCHANGE_LAST;;1;1;XEUR;11820393;749;
28.05.2025;16:18:50.500;FOAT SI 20250606 PS;SIMPLE_INSTRUMENT;EFP_FIN;EUR;60;125.25000000;525;EXCHANGE_LAST;;1;1;XEUR;11820393;749;
28.05.2025;14:29:11.831;FRA SI 20250919 PS AM C 64.00 0;SIMPLE_INSTRUMENT;BLOCK;EUR;28;1.65000000;1000;EXCHANGE_LAST;;1;1;XEUR;11881689;740;
28.05.2025;12:19:16.483;FRE SI 20261218 PS AM P 28.00 0;SIMPLE_INSTRUMENT;BLOCK;EUR;2;0.81000000;2000;EXCHANGE_LAST;;1;1;XEUR;7159062;760;
28.05.2025;15:41:32.266;FSEG SI 20250620 CS;SIMPLE_INSTRUMENT;EFP_IDX;EUR;80;201.80000000;32;EXCHANGE_LAST;;1;1;XEUR;11913120;109977;
28.05.2025;15:41:50.987;FSEG SI 20250620 CS;SIMPLE_INSTRUMENT;EFP_IDX;EUR;81;201.90000000;31;EXCHANGE_LAST;;1;1;XEUR;11913120;109977;
28.05.2025;14:12:44.238;FSMI SI 20250620 CS;SIMPLE_INSTRUMENT;EFP_IDX;CHF;1;12210.00000000;300;EXCHANGE_LAST;;1;1;XEUR;7904351;757;
28.05.2025;15:34:10.911;FSMI SI 20250620 CS;SIMPLE_INSTRUMENT;EFP_IDX;CHF;2;12184.00000000;81;EXCHANGE_LAST;;1;1;XEUR;7904351;757;
28.05.2025;15:36:04.209;FSMI SI 20250620 CS;SIMPLE_INSTRUMENT;EFP_IDX;CHF;3;12183.00000000;29;EXCHANGE_LAST;;1;1;XEUR;7904351;757;
28.05.2025;15:38:46.029;FSMI SI 20250620 CS;SIMPLE_INSTRUMENT;EFP_IDX;CHF;4;12186.00000000;1;EXCHANGE_LAST;;1;1;XEUR;7904351;757;
28.05.2025;15:38:58.953;FSMI SI 20250620 CS;SIMPLE_INSTRUMENT;EFP_IDX;CHF;5;12187.00000000;74;EXCHANGE_LAST;;1;1;XEUR;7904351;757;
28.05.2025;15:53:05.784;FSMX SI 20250620 CS;SIMPLE_INSTRUMENT;EFP_IDX;EUR;85;30714.00000000;256;EXCHANGE_LAST;;1;1;XEUR;11923155;396422;
28.05.2025;15:53:14.431;FSMX SI 20250620 CS;SIMPLE_INSTRUMENT;EFP_IDX;EUR;86;30713.00000000;56;EXCHANGE_LAST;;1;1;XEUR;11923155;396422;
28.05.2025;15:59:24.132;FSTC SI 20250620 CS;SIMPLE_INSTRUMENT;EFP_IDX;EUR;8;1271.20000000;200;EXCHANGE_LAST;;1;1;XEUR;11881324;713;
28.05.2025;15:59:42.039;FSTC SI 20250620 CS;SIMPLE_INSTRUMENT;EFP_IDX;EUR;9;1271.30000000;50;EXCHANGE_LAST;;1;1;XEUR;11881324;713;
28.05.2025;15:53:47.559;FSTR SI 20250620 CS;SIMPLE_INSTRUMENT;EFP_IDX;EUR;6;456.50000000;150;EXCHANGE_LAST;;1;1;XEUR;11881322;710;
28.05.2025;15:54:00.446;FSTR SI 20250620 CS;SIMPLE_INSTRUMENT;EFP_IDX;EUR;7;456.60000000;350;EXCHANGE_LAST;;1;1;XEUR;11881322;710;
28.05.2025;15:42:06.480;FSTT SI 20250620 CS;SIMPLE_INSTRUMENT;BLOCK;EUR;3;263.10000000;1000;EXCHANGE_LAST;;1;1;XEUR;11881320;708;
28.05.2025;10:53:09.794;FTE SI 20250815 PS AM P 13.40 0;SIMPLE_INSTRUMENT;BLOCK;EUR;7;0.74000000;5000;EXCHANGE_LAST;;2;2;XEUR;13411003;724;
28.05.2025;10:53:22.175;FTE SI 20250815 PS AM P 13.40 0;SIMPLE_INSTRUMENT;BLOCK;EUR;8;0.73000000;5000;EXCHANGE_LAST;;2;2;XEUR;13411003;724;
28.05.2025;11:37:22.647;FTEG SI 20250620 CS;SIMPLE_INSTRUMENT;BLOCK;EUR;37;12.80000000;2500;EXCHANGE_LAST;;1;1;XEUR;11206176;390378;
28.05.2025;15:26:34.711;FXXP SI 20250620 CS;SIMPLE_INSTRUMENT;EFP_IDX;EUR;34;551.70000000;135;EXCHANGE_LAST;;1;1;XEUR;7904812;816;
28.05.2025;15:27:42.413;FXXP SI 20250620 CS;SIMPLE_INSTRUMENT;EFP_IDX;EUR;35;551.60000000;15;EXCHANGE_LAST;;1;1;XEUR;7904812;816;
28.05.2025;15:49:59.673;FXXP SI 20250620 CS;SIMPLE_INSTRUMENT;EFP_IDX;EUR;40;549.10000000;18;EXCHANGE_LAST;;1;1;XEUR;7904812;816;
28.05.2025;15:50:19.039;FXXP SI 20250620 CS;SIMPLE_INSTRUMENT;EFP_IDX;EUR;41;549.00000000;164;EXCHANGE_LAST;;1;1;XEUR;7904812;816;
28.05.2025;15:53:01.917;FXXP SI 20250620 CS;SIMPLE_INSTRUMENT;EFP_IDX;EUR;43;549.00000000;5033;EXCHANGE_LAST;;1;1;XEUR;7904812;816;
28.05.2025;15:53:59.660;FXXP SI 20250620 CS;SIMPLE_INSTRUMENT;EFP_IDX;EUR;44;548.90000000;11741;EXCHANGE_LAST;;1;1;XEUR;7904812;816;
28.05.2025;15:58:44.103;FXXP SI 20250620 CS;SIMPLE_INSTRUMENT;BLOCK;EUR;45;548.90000000;810;EXCHANGE_LAST;;1;1;XEUR;7904812;816;
28.05.2025;15:58:52.893;FXXP SI 20250620 CS;SIMPLE_INSTRUMENT;BLOCK;EUR;46;549.10000000;390;EXCHANGE_LAST;;1;1;XEUR;7904812;816;
28.05.2025;16:56:57.206;FXXP SI 20250620 CS;SIMPLE_INSTRUMENT;EFP_IDX;EUR;47;548.90000000;75;EXCHANGE_LAST;;1;1;XEUR;7904812;816;
28.05.2025;16:57:11.205;FXXP SI 20250620 CS;SIMPLE_INSTRUMENT;EFP_IDX;EUR;48;549.00000000;75;EXCHANGE_LAST;;1;1;XEUR;7904812;816;
28.05.2025;11:32:36.591;GBRI SI 20250919 CS;SIMPLE_INSTRUMENT;BLOCK;CHF;36;615.17000000;85;EXCHANGE_LAST;;1;1;XEUR;11706329;783;
28.05.2025;10:33:29.858;GEBN SI 20260320 PS AM P 640.00 0;SIMPLE_INSTRUMENT;BLOCK;CHF;12;64.00000000;800;EXCHANGE_LAST;;1;1;XEUR;13007328;882;
28.05.2025;11:03:03.029;GEBN SI 20250620 PS AM C 620.00 0;SIMPLE_INSTRUMENT;BLOCK;CHF;15;9.04000000;905;EXCHANGE_LAST;;1;1;XEUR;12934740;882;
28.05.2025;11:19:55.606;GEBN SI 20250919 PS AM C 520.00 0;SIMPLE_INSTRUMENT;BLOCK;CHF;17;98.10000000;500;EXCHANGE_LAST;;1;1;XEUR;11883525;882;
28.05.2025;11:21:23.100;GEBN SI 20251219 PS AM C 640.00 0;SIMPLE_INSTRUMENT;BLOCK;CHF;20;29.25000000;800;EXCHANGE_LAST;;1;2;XEUR;10407769;882;
28.05.2025;14:56:40.206;GEBN SI 20250620 PS AM C 620.00 0;SIMPLE_INSTRUMENT;BLOCK;CHF;47;8.11000000;1057;EXCHANGE_LAST;;1;1;XEUR;12934740;882;
28.05.2025;12:23:52.933;HOLN SI 20250620 PS AM P 91.00 0;SIMPLE_INSTRUMENT;BLOCK;CHF;27;0.92000000;947;EXCHANGE_LAST;;1;1;XEUR;13008296;943;
28.05.2025;14:25:18.015;HOLN FI 20250625 CS EU C 98.2000 0;FLEXIBLE_INSTRUMENT;BLOCK;CHF;46;0.58000000;600;EXCHANGE_LAST;;1;1;XEUR;1152925554761024164;943;
28.05.2025;07:40:32.684;HSB SI 20250919 PS AM P 800 0;SIMPLE_INSTRUMENT;BLOCK;GBX;1;18.50000000;840;EXCHANGE_LAST;;1;1;XEUR;11884241;937;
28.05.2025;07:40:54.907;HSB SI 20250919 PS AM P 800 0;SIMPLE_INSTRUMENT;BLOCK;GBX;2;18.75000000;560;EXCHANGE_LAST;;1;1;XEUR;11884241;937;
28.05.2025;11:21:09.148;I2FX SI 20291221 CS;SIMPLE_INSTRUMENT;BLOCK;EUR;26;0.29000000;58;EXCHANGE_LAST;;1;1;XEUR;11913817;151321;
28.05.2025;08:31:37.340;I3ES SI 20261218 CS;SIMPLE_INSTRUMENT;BLOCK;EUR;4;0.35500000;2000;EXCHANGE_LAST;;1;1;XEUR;6805357;913;
