#Date;TrdTime;Contract;ContractType;TrdTyp;Currency;TesId;Prc;Qty;TrdInd;Aggressor;Buy;Sell;Exch;InstrumentId;RelatedProdId;PrcDecomp
28.04.2025;10:33:43.874;A2NA SI 20250620 CS;SIMPLE_INSTRUMENT;BLOCK;EUR;28;9.76000000;880;EXCHANGE_LAST;;1;1;XEUR;10872538;151298;
28.04.2025;08:14:40.914;A2SG SI 20271217 CS;SIMPLE_INSTRUMENT;BLOCK;EUR;1;1.58000000;750;EXCHANGE_LAST;;2;2;XEUR;8369813;14;
28.04.2025;12:41:36.883;A2SG SI 20250620 CS;SIMPLE_INSTRUMENT;BLOCK;EUR;63;1.43000000;450;EXCHANGE_LAST;;1;1;XEUR;10827627;14;
28.04.2025;13:10:44.466;A2SG SI 20250620 CS;SIMPLE_INSTRUMENT;BLOCK;EUR;69;1.43000000;1350;EXCHANGE_LAST;;1;1;XEUR;10827627;14;
28.04.2025;13:23:50.472;A2SG SI 20271217 CS;SIMPLE_INSTRUMENT;BLOCK;EUR;72;1.58000000;500;EXCHANGE_LAST;;1;1;XEUR;8369813;14;
28.04.2025;10:41:48.719;A2XA SI 20250620 CS;SIMPLE_INSTRUMENT;BLOCK;EUR;30;2.15000000;602;EXCHANGE_LAST;;1;1;XEUR;10827630;17;
28.04.2025;10:50:29.839;A2XA SI 20250620 CS;SIMPLE_INSTRUMENT;BLOCK;EUR;32;2.15000000;632;EXCHANGE_LAST;;1;1;XEUR;10827630;17;
28.04.2025;11:02:18.478;A2XA SI 20250620 CS;SIMPLE_INSTRUMENT;BLOCK;EUR;40;2.15000000;258;EXCHANGE_LAST;;1;1;XEUR;10827630;17;
28.04.2025;09:06:05.637;ABBN SI 20250919 PS AM C 48.00 0;SIMPLE_INSTRUMENT;BLOCK;CHF;11;1.11000000;2500;EXCHANGE_LAST;;1;1;XEUR;11927915;574517;
28.04.2025;11:59:33.504;ABBN SI 20250718 PS AM P 38.00 0;SIMPLE_INSTRUMENT;BLOCK;CHF;44;0.75000000;1539;EXCHANGE_LAST;;1;1;XEUR;13277901;574517;
28.04.2025;11:59:53.437;ABBN SI 20250718 PS AM P 38.00 0;SIMPLE_INSTRUMENT;BLOCK;CHF;45;0.65000000;1735;EXCHANGE_LAST;;1;1;XEUR;13277901;574517;
28.04.2025;08:53:00.825;ADEF SI 20250516 CS;SIMPLE_INSTRUMENT;BLOCK;CHF;8;21.68170000;2000;EXCHANGE_LAST;;1;1;XEUR;11029030;47;
28.04.2025;08:59:16.143;ADS SI 20250516 PS AM C 230.00 0;SIMPLE_INSTRUMENT;BLOCK;EUR;3;2.55000000;400;EXCHANGE_LAST;;1;1;XEUR;12812032;50;
28.04.2025;14:18:37.355;ADS SI 20250718 PS AM P 205.00 0;SIMPLE_INSTRUMENT;BLOCK;EUR;19;7.00000000;250;EXCHANGE_LAST;;1;1;XEUR;13234347;50;
28.04.2025;10:32:33.813;AEAF SI 20250620 CS;SIMPLE_INSTRUMENT;BLOCK;EUR;27;217.15990000;10000;EXCHANGE_LAST;;1;1;XEUR;11202228;298511;
28.04.2025;10:16:52.400;AKU SI 20250516 PS AM C 58.00 0;SIMPLE_INSTRUMENT;BLOCK;EUR;6;0.44000000;425;EXCHANGE_LAST;;1;1;XEUR;12812607;78;
28.04.2025;10:16:52.444;AKU SI 20250516 PS AM C 58.00 0;SIMPLE_INSTRUMENT;BLOCK;EUR;7;0.45000000;425;EXCHANGE_LAST;;1;1;XEUR;12812607;78;
28.04.2025;10:17:05.215;ALC SI 20250718 PS AM P 78.00 0;SIMPLE_INSTRUMENT;BLOCK;CHF;24;3.28000000;600;EXCHANGE_LAST;;1;1;XEUR;13267518;130134;
28.04.2025;08:20:07.334;ALV SI 20250620 PS AM P 340.00 0;SIMPLE_INSTRUMENT;BLOCK;EUR;4;8.05000000;650;EXCHANGE_LAST;;1;2;XEUR;11349414;74;
28.04.2025;10:06:05.234;ALV SI 20250919 PS AM P 300.00 0;SIMPLE_INSTRUMENT;BLOCK;EUR;8;5.00000000;300;EXCHANGE_LAST;;1;1;XEUR;11871530;74;
28.04.2025;13:02:05.250;ANN.O.250428.BER.000011;STANDARD_OPTION_STRATEGY;BLOCK;EUR;11;0.50000000;2000;EXCHANGE_LAST;;1;2;XEUR;72251735149670350;45202;
28.04.2025;13:02:05.250;ANN SI 20250516 PS AM P 28.00 0;SIMPLE_INSTRUMENT;BLOCK;EUR;11;0.73000000;2000;PRC_DECOMP_EXCHANGE;;;;XEUR;12838443;45202;EXCHANGE
28.04.2025;13:02:05.250;ANN SI 20250516 PS AM P 26.00 0;SIMPLE_INSTRUMENT;BLOCK;EUR;11;0.23000000;2000;PRC_DECOMP_EXCHANGE;;;;XEUR;12838435;45202;EXCHANGE
28.04.2025;12:41:20.787;ASGF SI 20250619 CS;SIMPLE_INSTRUMENT;BLOCK;EUR;62;30.18000000;5000;EXCHANGE_LAST;;1;1;XEUR;12186943;949862;
28.04.2025;13:10:00.782;ASGF SI 20250619 CS;SIMPLE_INSTRUMENT;BLOCK;EUR;68;30.18000000;15000;EXCHANGE_LAST;;1;1;XEUR;12186943;949862;
28.04.2025;10:41:29.698;AXAG SI 20250620 CS;SIMPLE_INSTRUMENT;BLOCK;EUR;29;39.27000000;7000;EXCHANGE_LAST;;1;1;XEUR;11168731;125;
28.04.2025;10:50:25.619;AXAG SI 20250620 CS;SIMPLE_INSTRUMENT;BLOCK;EUR;31;39.41000000;7350;EXCHANGE_LAST;;1;1;XEUR;11168731;125;
28.04.2025;11:01:39.477;AXAG SI 20250620 CS;SIMPLE_INSTRUMENT;BLOCK;EUR;39;39.41000000;3000;EXCHANGE_LAST;;1;1;XEUR;11168731;125;
28.04.2025;13:02:37.914;B2AS SI 20250620 CS;SIMPLE_INSTRUMENT;BLOCK;EUR;65;2.25000000;62;EXCHANGE_LAST;;1;1;XEUR;10830335;140;
28.04.2025;15:49:27.887;B2AS SI 20250620 CS;SIMPLE_INSTRUMENT;BLOCK;EUR;112;2.25000000;81;EXCHANGE_LAST;;1;1;XEUR;10830335;140;
28.04.2025;15:08:41.605;B2NP SI 20261218 CS;SIMPLE_INSTRUMENT;BLOCK;EUR;96;4.86000000;100;EXCHANGE_LAST;;1;1;XEUR;6798320;131;
28.04.2025;15:04:12.212;B2P SI 20271217 CS;SIMPLE_INSTRUMENT;BLOCK;GBX;95;22.50000000;1300;EXCHANGE_LAST;;1;1;XEUR;8773738;130;
28.04.2025;15:27:59.745;B2P SI 20281215 CS;SIMPLE_INSTRUMENT;BLOCK;GBX;101;21.50000000;900;EXCHANGE_LAST;;1;1;XEUR;10395782;130;
28.04.2025;14:19:25.377;B2SN SI 20250620 CS;SIMPLE_INSTRUMENT;BLOCK;EUR;89;2.15000000;865;EXCHANGE_LAST;;1;1;XEUR;10830251;133;
28.04.2025;08:52:03.195;BAEN SI 20251219 PS AM P 42.00 0;SIMPLE_INSTRUMENT;BLOCK;CHF;8;1.66000000;800;EXCHANGE_LAST;;1;1;XEUR;12433489;159;
28.04.2025;10:19:58.780;BAEN SI 20260619 PS AM P 52.00 0;SIMPLE_INSTRUMENT;BLOCK;CHF;25;7.00000000;800;EXCHANGE_LAST;;1;1;XEUR;9539235;159;
28.04.2025;15:35:11.593;BAEN SI 20250620 PS AM C 55.00 0;SIMPLE_INSTRUMENT;BLOCK;CHF;75;1.53000000;1000;EXCHANGE_LAST;;1;1;XEUR;12996826;159;
28.04.2025;08:32:50.850;BALF SI 20250620 CS;SIMPLE_INSTRUMENT;BLOCK;CHF;2;179.00000000;400;EXCHANGE_LAST;;1;1;XEUR;11169022;146;
28.04.2025;10:07:23.350;BAS SI 20250516 PS AM C 45.00 0;SIMPLE_INSTRUMENT;BLOCK;EUR;2;1.19000000;440;EXCHANGE_LAST;;1;1;XEUR;12813667;150;
28.04.2025;11:15:06.089;BAS.O.250428.BUL.000011;STANDARD_OPTION_STRATEGY;BLOCK;EUR;3;0.33000000;800;EXCHANGE_LAST;;1;1;XEUR;72058238283093227;150;
28.04.2025;11:15:06.089;BAS SI 20250516 PS AM C 47.00 0;SIMPLE_INSTRUMENT;BLOCK;EUR;3;0.40000000;800;PRC_DECOMP_EXCHANGE;;;;XEUR;12813641;150;EXCHANGE
28.04.2025;11:15:06.089;BAS SI 20250516 PS AM C 49.00 0;SIMPLE_INSTRUMENT;BLOCK;EUR;3;0.07000000;800;PRC_DECOMP_EXCHANGE;;;;XEUR;12813619;150;EXCHANGE
28.04.2025;11:15:12.291;BAS.O.250428.BUL.000011;STANDARD_OPTION_STRATEGY;BLOCK;EUR;4;0.32000000;1850;EXCHANGE_LAST;;1;1;XEUR;72058238283093227;150;
28.04.2025;11:15:12.291;BAS SI 20250516 PS AM C 47.00 0;SIMPLE_INSTRUMENT;BLOCK;EUR;4;0.39000000;1850;PRC_DECOMP_EXCHANGE;;;;XEUR;12813641;150;EXCHANGE
28.04.2025;11:15:12.291;BAS SI 20250516 PS AM C 49.00 0;SIMPLE_INSTRUMENT;BLOCK;EUR;4;0.07000000;1850;PRC_DECOMP_EXCHANGE;;;;XEUR;12813619;150;EXCHANGE
28.04.2025;12:01:16.764;BAS.O.250428.BUL.000011;STANDARD_OPTION_STRATEGY;BLOCK;EUR;5;0.36000000;800;EXCHANGE_LAST;;1;1;XEUR;72058238283093227;150;
28.04.2025;12:01:16.764;BAS SI 20250516 PS AM C 49.00 0;SIMPLE_INSTRUMENT;BLOCK;EUR;5;0.10000000;800;PRC_DECOMP_EXCHANGE;;;;XEUR;12813619;150;EXCHANGE
28.04.2025;12:01:16.764;BAS SI 20250516 PS AM C 47.00 0;SIMPLE_INSTRUMENT;BLOCK;EUR;5;0.46000000;800;PRC_DECOMP_EXCHANGE;;;;XEUR;12813641;150;EXCHANGE
28.04.2025;14:04:01.295;BAS SI 20251219 PS AM P 36.00 0;SIMPLE_INSTRUMENT;BLOCK;EUR;9;1.52000000;1000;EXCHANGE_LAST;;1;1;XEUR;7115422;150;
28.04.2025;14:25:36.525;BAS SI 20250620 PS AM C 50.00 0;SIMPLE_INSTRUMENT;BLOCK;EUR;10;0.44000000;2000;EXCHANGE_LAST;;1;1;XEUR;10779749;150;
28.04.2025;14:52:07.284;BAS SI 20251219 PS AM C 50.00 0;SIMPLE_INSTRUMENT;BLOCK;EUR;12;2.12000000;2000;EXCHANGE_LAST;;1;3;XEUR;7509829;150;
28.04.2025;15:20:26.194;BAS SI 20261218 PS AM P 44.00 0;SIMPLE_INSTRUMENT;BLOCK;EUR;14;6.55000000;2500;EXCHANGE_LAST;;2;1;XEUR;7153449;150;
28.04.2025;13:01:11.725;BASG SI 20250620 CS;SIMPLE_INSTRUMENT;BLOCK;EUR;64;43.72000000;750;EXCHANGE_LAST;;1;1;XEUR;11169531;171;
28.04.2025;15:49:15.233;BASG SI 20250620 CS;SIMPLE_INSTRUMENT;BLOCK;EUR;111;43.88000000;1000;EXCHANGE_LAST;;1;1;XEUR;11169531;171;
28.04.2025;08:41:46.359;BAY SI 20251219 PS AM P 24.00 0;SIMPLE_INSTRUMENT;BLOCK;EUR;1;3.43000000;5000;EXCHANGE_LAST;;2;3;XEUR;8112387;168;
28.04.2025;13:22:05.025;BAY SI 20250919 PS AM P 22.00 0;SIMPLE_INSTRUMENT;BLOCK;EUR;8;1.92000000;2500;EXCHANGE_LAST;;1;2;XEUR;11873116;168;
28.04.2025;13:56:55.765;BG1 SI 20250620 PS AM C 96.00 0;SIMPLE_INSTRUMENT;BLOCK;EUR;4;4.55000000;220;EXCHANGE_LAST;;1;1;XEUR;11477967;74940;
28.04.2025;14:10:23.379;BG1 SI 20250620 PS AM C 96.00 0;SIMPLE_INSTRUMENT;BLOCK;EUR;5;4.55000000;180;EXCHANGE_LAST;;1;1;XEUR;11477967;74940;
28.04.2025;10:12:18.716;BMW SI 20251219 PS AM P 80.00 0;SIMPLE_INSTRUMENT;BLOCK;EUR;6;10.77000000;2000;EXCHANGE_LAST;;1;1;XEUR;7126198;210;
28.04.2025;10:37:43.242;BMW SI 20250620 PS AM P 76.00 0;SIMPLE_INSTRUMENT;BLOCK;EUR;11;5.37000000;1250;EXCHANGE_LAST;;1;1;XEUR;7899903;210;
28.04.2025;14:14:56.893;BMW SI 20251219 PS AM P 80.00 0;SIMPLE_INSTRUMENT;BLOCK;EUR;28;10.74000000;1500;EXCHANGE_LAST;;1;1;XEUR;7126198;210;
28.04.2025;14:37:30.701;BMW SI 20250516 PS AM C 84.00 0;SIMPLE_INSTRUMENT;BLOCK;EUR;32;0.39000000;1500;EXCHANGE_LAST;;1;1;XEUR;12814728;210;
28.04.2025;15:54:08.888;BMW SI 20250718 PS AM P 70.00 0;SIMPLE_INSTRUMENT;BLOCK;EUR;39;3.20000000;1140;EXCHANGE_LAST;;1;1;XEUR;13237116;210;
28.04.2025;15:54:12.096;BMW SI 20250718 PS AM P 62.00 0;SIMPLE_INSTRUMENT;BLOCK;EUR;42;1.09000000;456;EXCHANGE_LAST;;1;1;XEUR;13237156;210;
28.04.2025;15:54:15.697;BMW SI 20250718 PS AM P 62.00 0;SIMPLE_INSTRUMENT;BLOCK;EUR;43;1.08000000;684;EXCHANGE_LAST;;1;1;XEUR;13237156;210;
28.04.2025;11:11:27.921;BNP SI 20250919 PS AM P 72.00 0;SIMPLE_INSTRUMENT;BLOCK;EUR;21;5.82000000;1500;EXCHANGE_LAST;;1;1;XEUR;11875012;237;
28.04.2025;16:01:22.671;BPV.O.250428.BER.000001;STANDARD_OPTION_STRATEGY;BLOCK;EUR;19;0.07000000;62000;EXCHANGE_LAST;;1;1;XEUR;72058672074719315;251;
28.04.2025;16:01:22.671;BPV SI 20250619 PS AM P 7.20 0;SIMPLE_INSTRUMENT;BLOCK;EUR;19;0.12000000;62000;PRC_DECOMP_MEMBER;;;;XEUR;9530828;251;MEMBER
28.04.2025;16:01:22.671;BPV SI 20250619 PS AM P 5.60 0;SIMPLE_INSTRUMENT;BLOCK;EUR;19;0.05000000;62000;PRC_DECOMP_MEMBER;;;;XEUR;9530886;251;MEMBER
28.04.2025;16:08:01.736;BPV FI 20250717 PS EU P 6.6000 0;FLEXIBLE_INSTRUMENT;BLOCK;EUR;20;0.08000000;62000;EXCHANGE_LAST;;1;1;XEUR;1152922582643638289;251;
28.04.2025;16:24:28.753;BPV FI 20250717 PS EU P 8.2000 0;FLEXIBLE_INSTRUMENT;BLOCK;EUR;22;0.41800000;62000;EXCHANGE_LAST;;1;1;XEUR;1152922582643638288;251;
28.04.2025;14:18:56.916;BSNH SI 20250620 CS;SIMPLE_INSTRUMENT;BLOCK;EUR;88;73.38420000;10000;EXCHANGE_LAST;;1;1;XEUR;11171247;274;
28.04.2025;12:23:00.270;BX7G SI 20250620 CS;SIMPLE_INSTRUMENT;BLOCK;EUR;57;6.49770000;10000;EXCHANGE_LAST;;1;1;XEUR;11191402;3980;
28.04.2025;15:31:29.768;C2BK SI 20250620 CS;SIMPLE_INSTRUMENT;BLOCK;EUR;104;0.65000000;230;EXCHANGE_LAST;;1;1;XEUR;12178564;949832;
28.04.2025;13:49:39.103;C4RI SI 20250620 CS;SIMPLE_INSTRUMENT;BLOCK;EUR;77;1.47600000;4200;EXCHANGE_LAST;;1;1;XEUR;10868044;50862;
28.04.2025;13:49:28.582;C4RI SI 20250620 CS;SIMPLE_INSTRUMENT;BLOCK;EUR;78;1.47700000;2800;EXCHANGE_LAST;;1;1;XEUR;10868044;50862;
28.04.2025;14:09:00.452;CBK FI 20261218 CS EU P 17.0000 0;FLEXIBLE_INSTRUMENT;BLOCK;EUR;11;2.92000000;17100;EXCHANGE_LAST;;1;1;XEUR;1152922655658096404;268;
28.04.2025;14:11:33.413;CBK FI 20261218 CS EU C 17.0000 0;FLEXIBLE_INSTRUMENT;BLOCK;EUR;12;8.80000000;4750;EXCHANGE_LAST;;1;1;XEUR;1152922655658096405;268;
28.04.2025;14:13:30.451;CBK FI 20270319 CS EU P 17.0000 0;FLEXIBLE_INSTRUMENT;BLOCK;EUR;13;3.16000000;17100;EXCHANGE_LAST;;1;1;XEUR;1152922655658096406;268;
28.04.2025;14:14:39.595;CBK FI 20270319 CS EU C 17.0000 0;FLEXIBLE_INSTRUMENT;BLOCK;EUR;14;9.12000000;4750;EXCHANGE_LAST;;1;1;XEUR;1152922655658096407;268;
28.04.2025;14:16:09.308;CBK FI 20270618 CS EU P 17.0000 0;FLEXIBLE_INSTRUMENT;BLOCK;EUR;16;3.49000000;17100;EXCHANGE_LAST;;1;1;XEUR;1152922655658096408;268;
28.04.2025;14:16:44.726;CBK FI 20270618 CS EU C 17.0000 0;FLEXIBLE_INSTRUMENT;BLOCK;EUR;17;8.93000000;4750;EXCHANGE_LAST;;1;1;XEUR;1152922655658096409;268;
28.04.2025;14:17:58.972;CBK FI 20270917 CS EU P 17.0000 0;FLEXIBLE_INSTRUMENT;BLOCK;EUR;18;3.68000000;17100;EXCHANGE_LAST;;1;1;XEUR;1152922655658096410;268;
28.04.2025;14:18:25.516;CBK FI 20270917 CS EU C 17.0000 0;FLEXIBLE_INSTRUMENT;BLOCK;EUR;20;9.20000000;4750;EXCHANGE_LAST;;1;1;XEUR;1152922655658096411;268;
28.04.2025;15:41:21.287;CBK.O.250428.STG.000015;STANDARD_OPTION_STRATEGY;BLOCK;EUR;25;1.44000000;4000;EXCHANGE_LAST;;2;1;XEUR;72058745089204468;268;
28.04.2025;15:41:21.287;CBK SI 20250620 PS AM P 20.00 0;SIMPLE_INSTRUMENT;BLOCK;EUR;25;0.58000000;4000;PRC_DECOMP_EXCHANGE;;;;XEUR;9040231;268;EXCHANGE
28.04.2025;15:41:21.287;CBK SI 20250620 PS AM C 24.00 0;SIMPLE_INSTRUMENT;BLOCK;EUR;25;0.86000000;4000;PRC_DECOMP_EXCHANGE;;;;XEUR;9542275;268;EXCHANGE
28.04.2025;15:31:04.270;CBKH SI 20250620 CS;SIMPLE_INSTRUMENT;BLOCK;EUR;103;22.67500000;2500;EXCHANGE_LAST;;1;1;XEUR;11192082;10390;
28.04.2025;13:41:11.111;CLN SI 20251219 PS AM P 10.00 0;SIMPLE_INSTRUMENT;BLOCK;CHF;57;1.71000000;2000;EXCHANGE_LAST;;1;1;XEUR;7383521;296;
28.04.2025;09:46:17.740;CNYA.O.250428.BUL.000001;STANDARD_OPTION_STRATEGY;BLOCK;USD;1;0.35000000;2357;EXCHANGE_LAST;;1;1;XEUR;74921770288676866;666868;
28.04.2025;09:46:17.740;CNYA SI 20251219 PS AM C 5.75 0;SIMPLE_INSTRUMENT;BLOCK;USD;1;0.01000000;2357;PRC_DECOMP_EXCHANGE;;;;XEUR;12494147;666868;EXCHANGE
28.04.2025;09:46:17.740;CNYA SI 20251219 PS AM C 4.75 0;SIMPLE_INSTRUMENT;BLOCK;USD;1;0.36000000;2357;PRC_DECOMP_EXCHANGE;;;;XEUR;12494140;666868;EXCHANGE
28.04.2025;15:44:02.910;CR5J SI 20250619 CS;SIMPLE_INSTRUMENT;BLOCK;EUR;110;51.92000000;500;EXCHANGE_LAST;;1;1;XEUR;11164005;50861;
28.04.2025;10:14:04.138;CRI5.O.250428.STG.000001;STANDARD_OPTION_STRATEGY;BLOCK;EUR;5;0.67000000;750;EXCHANGE_LAST;;1;1;XEUR;72058968427474863;320;
28.04.2025;10:14:04.138;CRI5 SI 20250515 PS AM P 46.00 0;SIMPLE_INSTRUMENT;BLOCK;EUR;5;0.42750000;750;PRC_DECOMP_EXCHANGE;;;;XEUR;12806505;320;EXCHANGE
28.04.2025;10:14:04.138;CRI5 SI 20250515 PS AM C 58.00 0;SIMPLE_INSTRUMENT;BLOCK;EUR;5;0.24250000;750;PRC_DECOMP_EXCHANGE;;;;XEUR;12883959;320;EXCHANGE
28.04.2025;13:26:44.241;CRI5.O.250428.COMBO.000002;STANDARD_OPTION_STRATEGY;BLOCK;EUR;11;-3.88000000;1000;EXCHANGE_LAST;;1;1;XEUR;72058968427474864;320;
28.04.2025;13:26:44.241;CRI5 SI 20250619 PS AM P 26.00 0;SIMPLE_INSTRUMENT;BLOCK;EUR;11;0.06550000;1000;PRC_DECOMP_EXCHANGE;;;;XEUR;11337269;320;EXCHANGE
28.04.2025;13:26:44.241;CRI5 SI 20250619 PS AM C 50.00 0;SIMPLE_INSTRUMENT;BLOCK;EUR;11;3.94550000;1000;PRC_DECOMP_EXCHANGE;;;;XEUR;11337260;320;EXCHANGE
28.04.2025;13:49:06.247;D2PW SI 20250620 CS;SIMPLE_INSTRUMENT;BLOCK;EUR;82;1.85000000;390;EXCHANGE_LAST;;3;1;XEUR;10862485;9702;
28.04.2025;12:12:23.726;D3AI SI 20250620 CS;SIMPLE_INSTRUMENT;BLOCK;EUR;50;4.30000000;254;EXCHANGE_LAST;;1;2;XEUR;10884356;443197;
28.04.2025;15:28:59.197;D3AI SI 20261218 CS;SIMPLE_INSTRUMENT;BLOCK;EUR;102;2.81000000;50;EXCHANGE_LAST;;1;1;XEUR;7144051;443197;
28.04.2025;16:31:43.037;D4BK SI 20250620 CS;SIMPLE_INSTRUMENT;BLOCK;EUR;117;0.68000000;328;EXCHANGE_LAST;;1;1;XEUR;10868081;51565;
28.04.2025;07:49:25.959;DAI SI 20250516 PS AM P 56.00 0;SIMPLE_INSTRUMENT;BLOCK;EUR;1;4.63000000;1000;EXCHANGE_LAST;;1;1;XEUR;12852499;443196;
28.04.2025;10:25:04.159;DAI.O.250428.STG.000026;STANDARD_OPTION_STRATEGY;BLOCK;EUR;8;9.17000000;1000;EXCHANGE_LAST;;1;1;XEUR;73961106363665318;443196;
28.04.2025;10:25:04.159;DAI SI 20260619 PS AM P 48.00 0;SIMPLE_INSTRUMENT;BLOCK;EUR;8;4.80000000;1000;PRC_DECOMP_EXCHANGE;;;;XEUR;9598287;443196;EXCHANGE
28.04.2025;10:25:04.159;DAI SI 20260619 PS AM C 56.00 0;SIMPLE_INSTRUMENT;BLOCK;EUR;8;4.37000000;1000;PRC_DECOMP_EXCHANGE;;;;XEUR;10074133;443196;EXCHANGE
28.04.2025;12:21:33.366;DAI SI 20251219 PS AM C 46.00 0;SIMPLE_INSTRUMENT;BLOCK;EUR;18;9.48000000;2000;EXCHANGE_LAST;;2;1;XEUR;12490166;443196;
28.04.2025;12:21:47.355;DAI.O.250428.BUL.000032;STANDARD_OPTION_STRATEGY;BLOCK;EUR;19;0.28000000;4500;EXCHANGE_LAST;;2;2;XEUR;73961106363665324;443196;
28.04.2025;12:21:47.355;DAI SI 20250620 PS AM C 64.00 0;SIMPLE_INSTRUMENT;BLOCK;EUR;19;0.13000000;4500;PRC_DECOMP_EXCHANGE;;;;XEUR;11407737;443196;EXCHANGE
28.04.2025;12:21:47.355;DAI SI 20250620 PS AM C 60.00 0;SIMPLE_INSTRUMENT;BLOCK;EUR;19;0.41000000;4500;PRC_DECOMP_EXCHANGE;;;;XEUR;7934293;443196;EXCHANGE
28.04.2025;12:55:20.570;DAI.O.250428.RBUL.000034;STANDARD_OPTION_STRATEGY;BLOCK;EUR;22;-0.53000000;2000;EXCHANGE_LAST;;1;2;XEUR;73961106363665326;443196;
28.04.2025;12:55:20.570;DAI SI 20250620 PS AM C 56.00 0;SIMPLE_INSTRUMENT;BLOCK;EUR;22;1.29000000;2000;PRC_DECOMP_EXCHANGE;;;;XEUR;8006363;443196;EXCHANGE
28.04.2025;12:55:20.570;DAI SI 20250620 PS AM C 60.00 0;SIMPLE_INSTRUMENT;BLOCK;EUR;22;0.38000000;4000;PRC_DECOMP_EXCHANGE;;;;XEUR;7934293;443196;EXCHANGE
28.04.2025;13:35:55.854;DAI SI 20250620 PS AM P 56.00 0;SIMPLE_INSTRUMENT;BLOCK;EUR;24;5.08000000;750;EXCHANGE_LAST;;1;1;XEUR;8006365;443196;
28.04.2025;14:45:33.045;DAI SI 20250620 PS AM P 56.00 0;SIMPLE_INSTRUMENT;BLOCK;EUR;33;5.00000000;2500;EXCHANGE_LAST;;2;2;XEUR;8006365;443196;
28.04.2025;15:35:13.921;DAI SI 20250516 PS AM C 58.00 0;SIMPLE_INSTRUMENT;BLOCK;EUR;37;0.41000000;2000;EXCHANGE_LAST;;1;1;XEUR;12852485;443196;
28.04.2025;15:56:21.491;DAI SI 20250620 PS AM P 52.00 0;SIMPLE_INSTRUMENT;BLOCK;EUR;38;2.68000000;1750;EXCHANGE_LAST;;1;1;XEUR;7934288;443196;
28.04.2025;15:52:32.807;DAI.O.250428.BER.000041;STANDARD_OPTION_STRATEGY;BLOCK;EUR;40;1.37000000;776;EXCHANGE_LAST;;1;1;XEUR;73961106363665333;443196;
28.04.2025;15:52:32.807;DAI SI 20250718 PS AM P 44.50 0;SIMPLE_INSTRUMENT;BLOCK;EUR;40;0.88000000;776;PRC_DECOMP_EXCHANGE;;;;XEUR;13276149;443196;EXCHANGE
28.04.2025;15:52:32.807;DAI SI 20250718 PS AM P 50.00 0;SIMPLE_INSTRUMENT;BLOCK;EUR;40;2.25000000;776;PRC_DECOMP_EXCHANGE;;;;XEUR;13276288;443196;EXCHANGE
28.04.2025;15:52:44.808;DAI.O.250428.BER.000041;STANDARD_OPTION_STRATEGY;BLOCK;EUR;41;1.47000000;814;EXCHANGE_LAST;;1;1;XEUR;73961106363665333;443196;
28.04.2025;15:52:44.808;DAI SI 20250718 PS AM P 50.00 0;SIMPLE_INSTRUMENT;BLOCK;EUR;41;2.31000000;814;PRC_DECOMP_EXCHANGE;;;;XEUR;13276288;443196;EXCHANGE
28.04.2025;15:52:44.808;DAI SI 20250718 PS AM P 44.50 0;SIMPLE_INSTRUMENT;BLOCK;EUR;41;0.84000000;814;PRC_DECOMP_EXCHANGE;;;;XEUR;13276149;443196;EXCHANGE
28.04.2025;12:15:36.337;DAIG SI 20250620 CS;SIMPLE_INSTRUMENT;BLOCK;EUR;48;51.86000000;3000;EXCHANGE_LAST;;1;2;XEUR;11207841;443203;
28.04.2025;12:36:16.650;DB1H SI 20250516 CS;SIMPLE_INSTRUMENT;BLOCK;EUR;60;280.47620000;17860;EXCHANGE_LAST;;1;1;XEUR;11034166;363;
28.04.2025;12:35:49.298;DB1P SI 20250516 PS;SIMPLE_INSTRUMENT;BLOCK;EUR;58;280.46070000;17860;EXCHANGE_LAST;;1;1;XEUR;11070957;567612;
28.04.2025;07:59:19.883;DBK.O.250428.STD.000003;STANDARD_OPTION_STRATEGY;BLOCK;EUR;1;3.04000000;2500;EXCHANGE_LAST;;1;1;XEUR;72059148816161697;362;
28.04.2025;07:59:19.883;DBK SI 20250620 PS AM C 24.00 0;SIMPLE_INSTRUMENT;BLOCK;EUR;1;0.62000000;2500;PRC_DECOMP_MEMBER;;;;XEUR;9544028;362;MEMBER
28.04.2025;07:59:19.883;DBK SI 20250620 PS AM P 24.00 0;SIMPLE_INSTRUMENT;BLOCK;EUR;1;2.42000000;2500;PRC_DECOMP_MEMBER;;;;XEUR;9544042;362;MEMBER
28.04.2025;16:30:45.867;DBKI SI 20250620 CS;SIMPLE_INSTRUMENT;BLOCK;EUR;116;22.04750000;4000;EXCHANGE_LAST;;1;1;XEUR;11195773;51566;
28.04.2025;10:06:06.973;DPW SI 20251219 PS AM P 32.00 0;SIMPLE_INSTRUMENT;BLOCK;EUR;1;1.56000000;2000;EXCHANGE_LAST;;3;2;XEUR;5926786;445;
28.04.2025;12:37:02.219;DPW SI 20250620 PS AM C 36.00 0;SIMPLE_INSTRUMENT;BLOCK;EUR;9;1.84000000;500;EXCHANGE_LAST;;1;1;XEUR;7902454;445;
28.04.2025;14:36:13.845;DPW.O.250428.BER.000008;STANDARD_OPTION_STRATEGY;BLOCK;EUR;25;1.78000000;1000;EXCHANGE_LAST;;1;1;XEUR;72059505298416460;445;
28.04.2025;14:36:13.845;DPW SI 20250919 PS AM P 30.00 0;SIMPLE_INSTRUMENT;BLOCK;EUR;25;0.70000000;1000;PRC_DECOMP_EXCHANGE;;;;XEUR;11878853;445;EXCHANGE
28.04.2025;14:36:13.845;DPW SI 20250919 PS AM P 36.00 0;SIMPLE_INSTRUMENT;BLOCK;EUR;25;2.48000000;1000;PRC_DECOMP_EXCHANGE;;;;XEUR;11878789;445;EXCHANGE
28.04.2025;13:49:00.816;DPWF SI 20250620 CS;SIMPLE_INSTRUMENT;BLOCK;EUR;81;35.96500000;5000;EXCHANGE_LAST;;3;1;XEUR;11173216;444;
28.04.2025;10:49:44.526;DTE SI 20250620 PS AM C 33.00 0;SIMPLE_INSTRUMENT;BLOCK;EUR;6;0.57000000;3000;EXCHANGE_LAST;;2;1;XEUR;12038060;424;
28.04.2025;11:41:03.001;DTE SI 20250919 PS AM C 32.00 0;SIMPLE_INSTRUMENT;BLOCK;EUR;7;1.63000000;6500;EXCHANGE_LAST;;1;3;XEUR;11878534;424;
28.04.2025;14:05:34.498;DTE SI 20250620 PS AM C 34.00 0;SIMPLE_INSTRUMENT;BLOCK;EUR;22;0.29000000;5000;EXCHANGE_LAST;;1;1;XEUR;11356822;424;
28.04.2025;14:55:40.661;DTE SI 20250919 PS AM P 26.00 0;SIMPLE_INSTRUMENT;BLOCK;EUR;26;0.38000000;1500;EXCHANGE_LAST;;1;1;XEUR;11878518;424;
28.04.2025;09:56:03.322;DTEE.O.250428.BUL.000001;STANDARD_OPTION_STRATEGY;BLOCK;EUR;2;2.27000000;4000;EXCHANGE_LAST;;1;1;XEUR;72059436578899277;429;
28.04.2025;09:56:03.322;DTEE SI 20250620 PS EU C 26.00 0;SIMPLE_INSTRUMENT;BLOCK;EUR;2;5.38000000;4000;PRC_DECOMP_EXCHANGE;;;;XEUR;11356582;429;EXCHANGE
28.04.2025;09:56:03.322;DTEE SI 20250620 PS EU C 28.50 0;SIMPLE_INSTRUMENT;BLOCK;EUR;2;3.11000000;4000;PRC_DECOMP_EXCHANGE;;;;XEUR;12061794;429;EXCHANGE
28.04.2025;14:39:27.594;DTEF SI 20250620 CS;SIMPLE_INSTRUMENT;BLOCK;EUR;90;30.92800000;10000;EXCHANGE_LAST;;1;1;XEUR;11173145;430;
28.04.2025;12:32:41.874;DTG SI 20250620 PS AM P 31.00 0;SIMPLE_INSTRUMENT;BLOCK;EUR;21;0.95000000;1500;EXCHANGE_LAST;;2;1;XEUR;13049992;455942;
28.04.2025;13:54:11.171;DYS1.O.250428.STD.000002;STANDARD_OPTION_STRATEGY;BLOCK;EUR;28;9.40000000;600;EXCHANGE_LAST;;1;1;XEUR;72059634147398211;475;
28.04.2025;13:54:11.171;DYS1 SI 20261218 PS AM C 32.00 0;SIMPLE_INSTRUMENT;BLOCK;EUR;28;5.03000000;600;PRC_DECOMP_EXCHANGE;;;;XEUR;12440644;475;EXCHANGE
28.04.2025;13:54:11.171;DYS1 SI 20261218 PS AM P 32.00 0;SIMPLE_INSTRUMENT;BLOCK;EUR;28;4.37000000;600;PRC_DECOMP_EXCHANGE;;;;XEUR;12440652;475;EXCHANGE
28.04.2025;09:37:40.177;E2NL SI 20261218 CS;SIMPLE_INSTRUMENT;BLOCK;EUR;9;0.46000000;1250;EXCHANGE_LAST;;1;1;XEUR;4632356;471;
28.04.2025;10:56:05.771;E2NL SI 20271217 CS;SIMPLE_INSTRUMENT;BLOCK;EUR;35;0.44200000;250;EXCHANGE_LAST;;1;1;XEUR;5914571;471;
28.04.2025;10:56:23.428;E2NL SI 20271217 CS;SIMPLE_INSTRUMENT;BLOCK;EUR;36;0.44300000;250;EXCHANGE_LAST;;1;1;XEUR;5914571;471;
28.04.2025;08:45:41.430;EAD.O.250428.BUL.000002;STANDARD_OPTION_STRATEGY;BLOCK;EUR;5;4.40000000;500;EXCHANGE_LAST;;1;1;XEUR;72059591197747977;465;
28.04.2025;08:45:41.430;EAD SI 20250516 PS AM C 144.00 0;SIMPLE_INSTRUMENT;BLOCK;EUR;5;4.81000000;500;PRC_DECOMP_EXCHANGE;;;;XEUR;13241913;465;EXCHANGE
28.04.2025;08:45:41.430;EAD SI 20250516 PS AM C 160.00 0;SIMPLE_INSTRUMENT;BLOCK;EUR;5;0.41000000;500;PRC_DECOMP_EXCHANGE;;;;XEUR;13241839;465;EXCHANGE
28.04.2025;10:05:46.919;EAD SI 20260320 PS AM P 160.00 0;SIMPLE_INSTRUMENT;BLOCK;EUR;15;23.87000000;400;EXCHANGE_LAST;;1;1;XEUR;13242455;465;
28.04.2025;11:05:29.638;EAD SI 20251219 PS AM P 130.00 0;SIMPLE_INSTRUMENT;BLOCK;EUR;20;7.47000000;750;EXCHANGE_LAST;;1;1;XEUR;13242499;465;
28.04.2025;11:44:47.551;EAD SI 20250620 PS AM C 140.00 0;SIMPLE_INSTRUMENT;BLOCK;EUR;22;10.00000000;500;EXCHANGE_LAST;;1;1;XEUR;13242228;465;
28.04.2025;14:17:07.465;EAD.O.250428.BUL.000008;STANDARD_OPTION_STRATEGY;BLOCK;EUR;29;2.00000000;503;EXCHANGE_LAST;;1;1;XEUR;72059591197747983;465;
28.04.2025;14:17:07.465;EAD SI 20250620 PS AM C 160.00 0;SIMPLE_INSTRUMENT;BLOCK;EUR;29;2.43000000;503;PRC_DECOMP_EXCHANGE;;;;XEUR;13242220;465;EXCHANGE
28.04.2025;14:17:07.465;EAD SI 20250620 PS AM C 175.00 0;SIMPLE_INSTRUMENT;BLOCK;EUR;29;0.43000000;503;PRC_DECOMP_EXCHANGE;;;;XEUR;13242214;465;EXCHANGE
28.04.2025;14:42:32.808;EAD SI 20250620 PS AM C 145.00 0;SIMPLE_INSTRUMENT;BLOCK;EUR;30;8.05000000;350;EXCHANGE_LAST;;1;1;XEUR;13242226;465;
28.04.2025;09:02:18.264;ELI SI 20250620 PS AM P 86.00 0;SIMPLE_INSTRUMENT;BLOCK;EUR;1;3.32000000;182;EXCHANGE_LAST;;1;1;XEUR;13033907;50271;
28.04.2025;09:02:18.285;ELI SI 20250620 PS AM P 86.00 0;SIMPLE_INSTRUMENT;BLOCK;EUR;2;3.33000000;182;EXCHANGE_LAST;;1;1;XEUR;13033907;50271;
28.04.2025;07:14:30.447;ENL5 SI 20250430 PS AM C 7.40 0;SIMPLE_INSTRUMENT;BLOCK;EUR;1;0.18000000;1155;EXCHANGE_LAST;;1;1;XEUR;13004229;500;
28.04.2025;10:00:12.550;ENR.O.250428.STD.000004;STANDARD_OPTION_STRATEGY;BLOCK;EUR;3;10.68000000;1000;EXCHANGE_LAST;;1;1;XEUR;73339770624818772;298530;
28.04.2025;10:00:12.550;ENR SI 20250620 PS AM P 65.00 0;SIMPLE_INSTRUMENT;BLOCK;EUR;3;3.56000000;1000;PRC_DECOMP_EXCHANGE;;;;XEUR;12886454;298530;EXCHANGE
28.04.2025;10:00:12.550;ENR SI 20250620 PS AM C 65.00 0;SIMPLE_INSTRUMENT;BLOCK;EUR;3;7.12000000;1000;PRC_DECOMP_EXCHANGE;;;;XEUR;12886453;298530;EXCHANGE
28.04.2025;13:04:40.887;ENR.O.250428.STD.000004;STANDARD_OPTION_STRATEGY;BLOCK;EUR;12;10.68000000;1000;EXCHANGE_LAST;;1;1;XEUR;73339770624818772;298530;
28.04.2025;13:04:40.887;ENR SI 20250620 PS AM C 65.00 0;SIMPLE_INSTRUMENT;BLOCK;EUR;12;7.37000000;1000;PRC_DECOMP_EXCHANGE;;;;XEUR;12886453;298530;EXCHANGE
28.04.2025;13:04:40.887;ENR SI 20250620 PS AM P 65.00 0;SIMPLE_INSTRUMENT;BLOCK;EUR;12;3.31000000;1000;PRC_DECOMP_EXCHANGE;;;;XEUR;12886454;298530;EXCHANGE
28.04.2025;13:31:51.374;ENR SI 20250516 PS AM P 60.00 0;SIMPLE_INSTRUMENT;BLOCK;EUR;17;0.53000000;750;EXCHANGE_LAST;;1;1;XEUR;12848168;298530;
28.04.2025;13:31:59.273;ENR SI 20250516 PS AM P 66.00 0;SIMPLE_INSTRUMENT;BLOCK;EUR;18;2.00000000;750;EXCHANGE_LAST;;1;1;XEUR;12848203;298530;
28.04.2025;13:32:05.213;ENR SI 20250516 PS AM C 73.00 0;SIMPLE_INSTRUMENT;BLOCK;EUR;19;1.47000000;750;EXCHANGE_LAST;;1;1;XEUR;13307677;298530;
28.04.2025;11:22:55.468;EOA SI 20260619 PS AM C 16.00 0;SIMPLE_INSTRUMENT;BLOCK;EUR;12;0.83000000;2000;EXCHANGE_LAST;;1;1;XEUR;9579011;49065;
28.04.2025;15:59:20.913;F2DR SI 20250620 CS;SIMPLE_INSTRUMENT;BLOCK;EUR;115;3.50000000;82;EXCHANGE_LAST;;1;1;XEUR;10878547;300498;
28.04.2025;16:00:03.493;F3IA SI 20271217 CS;SIMPLE_INSTRUMENT;BLOCK;EUR;114;0.40000000;1200;EXCHANGE_LAST;;1;2;XEUR;8422837;390387;
28.04.2025;15:57:19.593;FATX SI 20250620 CS;SIMPLE_INSTRUMENT;EFP_IDX;EUR;3;3957.00000000;51;EXCHANGE_LAST;;1;1;XEUR;11905432;28699;
28.04.2025;15:57:30.547;FATX SI 20250620 CS;SIMPLE_INSTRUMENT;EFP_IDX;EUR;4;3958.00000000;22;EXCHANGE_LAST;;1;1;XEUR;11905432;28699;
28.04.2025;08:16:19.995;FBTP SI 20250606 PS;SIMPLE_INSTRUMENT;EFP_FIN;EUR;1;120.04000000;1168;EXCHANGE_LAST;;1;1;XEUR;11820365;636;
28.04.2025;09:38:38.039;FBTP SI 20250606 PS;SIMPLE_INSTRUMENT;EFP_FIN;EUR;2;119.96000000;197;EXCHANGE_LAST;;1;1;XEUR;11820365;636;
28.04.2025;12:03:33.531;FBTP SI 20250606 PS;SIMPLE_INSTRUMENT;EFP_FIN;EUR;4;119.88000000;1951;EXCHANGE_LAST;;1;1;XEUR;11820365;636;
28.04.2025;12:20:20.846;FBTP SI 20250606 PS;SIMPLE_INSTRUMENT;BLOCK;EUR;5;119.98000000;1322;EXCHANGE_LAST;;1;1;XEUR;11820365;636;
28.04.2025;12:25:03.372;FBTP SI 20250606 PS;SIMPLE_INSTRUMENT;EFP_FIN;EUR;6;119.88000000;152;EXCHANGE_LAST;;1;1;XEUR;11820365;636;
28.04.2025;12:49:26.457;FBTP SI 20250606 PS;SIMPLE_INSTRUMENT;EFP_FIN;EUR;7;119.87000000;518;EXCHANGE_LAST;;1;1;XEUR;11820365;636;
28.04.2025;13:24:55.538;FBTP SI 20250606 PS;SIMPLE_INSTRUMENT;EFP_FIN;EUR;8;119.89000000;574;EXCHANGE_LAST;;1;1;XEUR;11820365;636;
28.04.2025;15:14:31.658;FBTP SI 20250606 PS;SIMPLE_INSTRUMENT;EFP_FIN;EUR;9;120.01000000;109;EXCHANGE_LAST;;1;1;XEUR;11820365;636;
28.04.2025;15:25:06.563;FBTP SI 20250606 PS;SIMPLE_INSTRUMENT;EFP_FIN;EUR;10;120.02000000;884;EXCHANGE_LAST;;1;1;XEUR;11820365;636;
28.04.2025;13:36:54.311;FBTP SI 20250606 PS;SIMPLE_INSTRUMENT;VOLA;EUR;268435501;119.87000000;28;EXCHANGE_LAST;;1;1;XEUR;11820365;636;
28.04.2025;07:28:13.022;FBTS SI 20250606 PS;SIMPLE_INSTRUMENT;EFP_FIN;EUR;2;108.15000000;1045;EXCHANGE_LAST;;1;1;XEUR;11820367;639;
28.04.2025;10:02:52.514;FBTS SI 20250606 PS;SIMPLE_INSTRUMENT;EFP_FIN;EUR;6;108.13000000;937;EXCHANGE_LAST;;1;1;XEUR;11820367;639;
28.04.2025;11:12:03.263;FBTS SI 20250606 PS;SIMPLE_INSTRUMENT;EFP_FIN;EUR;9;108.12000000;476;EXCHANGE_LAST;;1;1;XEUR;11820367;639;
28.04.2025;11:38:24.225;FBTS SI 20250606 PS;SIMPLE_INSTRUMENT;EFP_FIN;EUR;11;108.13000000;463;EXCHANGE_LAST;;1;1;XEUR;11820367;639;
28.04.2025;11:39:31.439;FBTS SI 20250606 PS;SIMPLE_INSTRUMENT;EFP_FIN;EUR;12;108.13000000;627;EXCHANGE_LAST;;1;1;XEUR;11820367;639;
28.04.2025;13:18:56.952;FBTS SI 20250606 PS;SIMPLE_INSTRUMENT;EFP_FIN;EUR;14;108.14000000;1045;EXCHANGE_LAST;;1;1;XEUR;11820367;639;
28.04.2025;14:09:27.794;FBTS SI 20250606 PS;SIMPLE_INSTRUMENT;EFP_FIN;EUR;15;108.18000000;476;EXCHANGE_LAST;;1;1;XEUR;11820367;639;
28.04.2025;14:18:56.362;FBTS SI 20250606 PS;SIMPLE_INSTRUMENT;BLOCK;EUR;16;108.18000000;807;EXCHANGE_LAST;;1;1;XEUR;11820367;639;
28.04.2025;14:22:37.470;FBTS SI 20250606 PS;SIMPLE_INSTRUMENT;EFP_FIN;EUR;17;108.17000000;807;EXCHANGE_LAST;;1;1;XEUR;11820367;639;
28.04.2025;14:23:54.308;FBTS SI 20250606 PS;SIMPLE_INSTRUMENT;EFP_FIN;EUR;18;108.19000000;2230;EXCHANGE_LAST;;1;1;XEUR;11820367;639;
28.04.2025;15:27:03.644;FBTS SI 20250606 PS;SIMPLE_INSTRUMENT;EFP_FIN;EUR;21;108.17000000;912;EXCHANGE_LAST;;1;1;XEUR;11820367;639;
28.04.2025;08:48:09.702;FCEU SI 20250616 PS;SIMPLE_INSTRUMENT;BLOCK;USD;2;1.13830000;366;EXCHANGE_LAST;;1;1;XEUR;7879022;369376;
28.04.2025;15:18:42.179;FCEU SI 20250616 PS;SIMPLE_INSTRUMENT;BLOCK;USD;3;1.14125000;1141;EXCHANGE_LAST;;1;1;XEUR;7879022;369376;
28.04.2025;06:53:45.579;FCZU SI 20250616 CS;SIMPLE_INSTRUMENT;BLOCK;USD;1;0.05322000;100;EXCHANGE_LAST;;1;1;XEUR;11855446;570872;
28.04.2025;08:41:10.580;FD3D SI 20251219 CS;SIMPLE_INSTRUMENT;BLOCK;EUR;4;114.10000000;350;EXCHANGE_LAST;;1;1;XEUR;5914068;588;
28.04.2025;08:41:37.596;FD3D SI 20251219 CS;SIMPLE_INSTRUMENT;BLOCK;EUR;5;114.20000000;350;EXCHANGE_LAST;;1;1;XEUR;5914068;588;
28.04.2025;09:23:01.591;FD3D SI 20251219 CS;SIMPLE_INSTRUMENT;BLOCK;EUR;7;114.30000000;600;EXCHANGE_LAST;;3;2;XEUR;5914068;588;
28.04.2025;12:11:22.770;FD3D SI 20261218 CS;SIMPLE_INSTRUMENT;BLOCK;EUR;17;110.50000000;500;EXCHANGE_LAST;;1;1;XEUR;7158183;588;
28.04.2025;13:45:08.855;FD3D SI 20261218 CS;SIMPLE_INSTRUMENT;BLOCK;EUR;34;110.50000000;2500;EXCHANGE_LAST;;2;1;XEUR;7158183;588;
28.04.2025;15:43:39.732;FDAX SI 20250620 CS;SIMPLE_INSTRUMENT;EFP_IDX;EUR;1;22423.00000000;61;EXCHANGE_LAST;;1;1;XEUR;7903800;589;
28.04.2025;15:43:03.810;FDAX SI 20250620 CS;SIMPLE_INSTRUMENT;EFP_IDX;EUR;2;22424.00000000;12;EXCHANGE_LAST;;1;1;XEUR;7903800;589;
28.04.2025;09:37:29.348;FDAX SI 20250620 CS;SIMPLE_INSTRUMENT;VOLA;EUR;671088649;22520.00000000;1;EXCHANGE_LAST;;1;1;XEUR;7903800;589;
28.04.2025;14:52:58.385;FDAX SI 20250620 CS;SIMPLE_INSTRUMENT;VOLA;EUR;671088660;22495.00000000;23;EXCHANGE_LAST;;1;1;XEUR;7903800;589;
28.04.2025;15:57:11.173;FDAX SI 20250620 CS;SIMPLE_INSTRUMENT;VOLA;EUR;671088667;22431.00000000;12;EXCHANGE_LAST;;1;1;XEUR;7903800;589;
28.04.2025;15:49:46.369;FDRF SI 20250620 CS;SIMPLE_INSTRUMENT;BLOCK;EUR;113;48.90500000;1000;EXCHANGE_LAST;;1;1;XEUR;11191552;4640;
28.04.2025;11:13:16.101;FEBD SI 20261218 CS;SIMPLE_INSTRUMENT;BLOCK;EUR;10;10.35000000;500;EXCHANGE_LAST;;1;1;XEUR;7158212;597;
28.04.2025;11:21:55.297;FEBD.S.DEC26.DEC27.SPD;FUTURES_SPREAD;BLOCK;EUR;11;0.74000000;900;EXCHANGE_LAST;;1;2;XEUR;72060158133407030;597;
28.04.2025;11:21:55.297;FEBD SI 20271217 CS;SIMPLE_INSTRUMENT;BLOCK;EUR;11;9.61000000;900;PRC_DECOMP_MEMBER;;;;XEUR;7776307;597;MEMBER
28.04.2025;11:21:55.297;FEBD SI 20261218 CS;SIMPLE_INSTRUMENT;BLOCK;EUR;11;10.35000000;900;PRC_DECOMP_MEMBER;;;;XEUR;7158212;597;MEMBER
28.04.2025;11:22:57.302;FEBD SI 20251219 CS;SIMPLE_INSTRUMENT;BLOCK;EUR;12;11.17000000;2000;EXCHANGE_LAST;;1;1;XEUR;5914075;597;
28.04.2025;12:39:29.494;FEBD SI 20291221 CS;SIMPLE_INSTRUMENT;BLOCK;EUR;23;8.36000000;625;EXCHANGE_LAST;;2;2;XEUR;8782283;597;
28.04.2025;12:39:48.556;FEBD SI 20291221 CS;SIMPLE_INSTRUMENT;BLOCK;EUR;24;8.37000000;625;EXCHANGE_LAST;;2;2;XEUR;8782283;597;
28.04.2025;12:40:54.376;FEBD SI 20301220 CS;SIMPLE_INSTRUMENT;BLOCK;EUR;25;7.94000000;1250;EXCHANGE_LAST;;2;2;XEUR;10404976;597;
28.04.2025;12:47:09.964;FEBD SI 20261218 CS;SIMPLE_INSTRUMENT;BLOCK;EUR;28;10.36000000;250;EXCHANGE_LAST;;1;1;XEUR;7158212;597;
28.04.2025;15:41:54.975;FESB SI 20250620 CS;SIMPLE_INSTRUMENT;EFP_IDX;EUR;69;183.70000000;78;EXCHANGE_LAST;;1;1;XEUR;11880665;605;
28.04.2025;15:42:08.258;FESB SI 20250620 CS;SIMPLE_INSTRUMENT;EFP_IDX;EUR;70;183.60000000;183;EXCHANGE_LAST;;1;1;XEUR;11880665;605;
28.04.2025;15:49:10.712;FESB SI 20250620 CS;SIMPLE_INSTRUMENT;EFP_IDX;EUR;75;183.60000000;300;EXCHANGE_LAST;;1;1;XEUR;11880665;605;
28.04.2025;15:49:24.152;FESB SI 20250620 CS;SIMPLE_INSTRUMENT;EFP_IDX;EUR;76;183.65000000;2700;EXCHANGE_LAST;;1;1;XEUR;11880665;605;
28.04.2025;09:52:58.579;FESX SI 20250620 CS;SIMPLE_INSTRUMENT;BLOCK;EUR;1;5135.00000000;4570;EXCHANGE_LAST;;1;1;XEUR;7904020;675;
28.04.2025;10:14:24.937;FESX SI 20250620 CS;SIMPLE_INSTRUMENT;BLOCK;EUR;2;5146.00000000;3000;EXCHANGE_LAST;;1;1;XEUR;7904020;675;
28.04.2025;12:40:01.410;FESX SI 20250620 CS;SIMPLE_INSTRUMENT;BLOCK;EUR;3;5139.00000000;2000;EXCHANGE_LAST;;1;1;XEUR;7904020;675;
28.04.2025;14:14:58.984;FESX SI 20250620 CS;SIMPLE_INSTRUMENT;BLOCK;EUR;4;5145.00000000;2000;EXCHANGE_LAST;;1;1;XEUR;7904020;675;
28.04.2025;15:36:40.969;FESX SI 20250620 CS;SIMPLE_INSTRUMENT;EFP_IDX;EUR;5;5130.00000000;533;EXCHANGE_LAST;;1;1;XEUR;7904020;675;
28.04.2025;15:41:13.254;FESX SI 20250620 CS;SIMPLE_INSTRUMENT;EFP_IDX;EUR;6;5120.00000000;130;EXCHANGE_LAST;;1;1;XEUR;7904020;675;
28.04.2025;15:41:25.900;FESX SI 20250620 CS;SIMPLE_INSTRUMENT;EFP_IDX;EUR;7;5121.00000000;370;EXCHANGE_LAST;;1;1;XEUR;7904020;675;
28.04.2025;15:47:20.477;FESX SI 20250620 CS;SIMPLE_INSTRUMENT;EFP_IDX;EUR;8;5120.00000000;130;EXCHANGE_LAST;;1;1;XEUR;7904020;675;
28.04.2025;15:47:05.111;FESX SI 20250620 CS;SIMPLE_INSTRUMENT;EFP_IDX;EUR;9;5121.00000000;370;EXCHANGE_LAST;;1;1;XEUR;7904020;675;
28.04.2025;15:48:28.431;FESX SI 20250620 CS;SIMPLE_INSTRUMENT;EFP_IDX;EUR;10;5121.00000000;1140;EXCHANGE_LAST;;1;1;XEUR;7904020;675;
28.04.2025;15:47:53.705;FESX SI 20250620 CS;SIMPLE_INSTRUMENT;EFP_IDX;EUR;11;5122.00000000;360;EXCHANGE_LAST;;1;1;XEUR;7904020;675;
28.04.2025;15:47:53.056;FESX SI 20250620 CS;SIMPLE_INSTRUMENT;EFP_IDX;EUR;12;5120.00000000;390;EXCHANGE_LAST;;1;1;XEUR;7904020;675;
28.04.2025;15:48:02.955;FESX SI 20250620 CS;SIMPLE_INSTRUMENT;EFP_IDX;EUR;13;5121.00000000;1110;EXCHANGE_LAST;;1;1;XEUR;7904020;675;
28.04.2025;15:55:06.142;FESX SI 20250620 CS;SIMPLE_INSTRUMENT;EFP_IDX;EUR;14;5120.00000000;8;EXCHANGE_LAST;;1;1;XEUR;7904020;675;
28.04.2025;15:48:08.842;FESX SI 20250620 CS;SIMPLE_INSTRUMENT;EFP_IDX;EUR;15;5120.00000000;147;EXCHANGE_LAST;;1;1;XEUR;7904020;675;
28.04.2025;15:55:12.606;FESX SI 20250620 CS;SIMPLE_INSTRUMENT;EFP_IDX;EUR;16;5121.00000000;742;EXCHANGE_LAST;;1;1;XEUR;7904020;675;
28.04.2025;15:48:26.924;FESX SI 20250620 CS;SIMPLE_INSTRUMENT;EFP_IDX;EUR;17;5122.00000000;107;EXCHANGE_LAST;;1;1;XEUR;7904020;675;
28.04.2025;15:51:31.919;FESX SI 20250620 CS;SIMPLE_INSTRUMENT;EFP_IDX;EUR;18;5121.00000000;255;EXCHANGE_LAST;;1;1;XEUR;7904020;675;
28.04.2025;15:51:47.367;FESX SI 20250620 CS;SIMPLE_INSTRUMENT;EFP_IDX;EUR;19;5120.00000000;178;EXCHANGE_LAST;;1;1;XEUR;7904020;675;
28.04.2025;15:53:05.837;FESX SI 20250620 CS;SIMPLE_INSTRUMENT;EFP_IDX;EUR;20;5121.00000000;370;EXCHANGE_LAST;;1;1;XEUR;7904020;675;
28.04.2025;15:53:16.195;FESX SI 20250620 CS;SIMPLE_INSTRUMENT;EFP_IDX;EUR;21;5120.00000000;130;EXCHANGE_LAST;;1;1;XEUR;7904020;675;
28.04.2025;15:57:59.091;FESX SI 20250620 CS;SIMPLE_INSTRUMENT;BLOCK;EUR;22;5120.00000000;3000;EXCHANGE_LAST;;1;1;XEUR;7904020;675;
28.04.2025;08:16:24.529;FESX SI 20250620 CS;SIMPLE_INSTRUMENT;VOLA;EUR;637534222;5120.00000000;750;EXCHANGE_LAST;;1;1;XEUR;7904020;675;
28.04.2025;09:12:17.468;FESX SI 20250620 CS;SIMPLE_INSTRUMENT;VOLA;EUR;637534238;5129.00000000;851;EXCHANGE_LAST;;1;1;XEUR;7904020;675;
28.04.2025;10:11:54.986;FESX SI 20250620 CS;SIMPLE_INSTRUMENT;VOLA;EUR;637534267;5144.00000000;168;EXCHANGE_LAST;;1;1;XEUR;7904020;675;
28.04.2025;10:14:25.097;FESX SI 20250620 CS;SIMPLE_INSTRUMENT;VOLA;EUR;637534268;5145.00000000;105;EXCHANGE_LAST;;1;1;XEUR;7904020;675;
28.04.2025;11:44:50.293;FESX SI 20250620 CS;SIMPLE_INSTRUMENT;VOLA;EUR;637534297;5130.00000000;10;EXCHANGE_LAST;;1;1;XEUR;7904020;675;
28.04.2025;11:54:12.348;FESX SI 20250620 CS;SIMPLE_INSTRUMENT;VOLA;EUR;637534299;5130.00000000;400;EXCHANGE_LAST;;1;1;XEUR;7904020;675;
28.04.2025;12:15:53.860;FESX SI 20250620 CS;SIMPLE_INSTRUMENT;VOLA;EUR;637534307;5130.00000000;31;EXCHANGE_LAST;;1;1;XEUR;7904020;675;
28.04.2025;12:40:33.949;FESX SI 20250620 CS;SIMPLE_INSTRUMENT;VOLA;EUR;637534314;5130.00000000;40;EXCHANGE_LAST;;1;1;XEUR;7904020;675;
28.04.2025;12:56:54.961;FESX SI 20250620 CS;SIMPLE_INSTRUMENT;VOLA;EUR;637534319;5135.00000000;346;EXCHANGE_LAST;;1;1;XEUR;7904020;675;
28.04.2025;13:18:43.511;FESX SI 20250620 CS;SIMPLE_INSTRUMENT;VOLA;EUR;637534327;5140.00000000;210;EXCHANGE_LAST;;1;1;XEUR;7904020;675;
28.04.2025;13:49:15.532;FESX SI 20250620 CS;SIMPLE_INSTRUMENT;VOLA;EUR;637534333;5150.00000000;500;EXCHANGE_LAST;;1;1;XEUR;7904020;675;
28.04.2025;13:49:21.309;FESX SI 20250620 CS;SIMPLE_INSTRUMENT;VOLA;EUR;637534334;5150.00000000;99;EXCHANGE_LAST;;1;1;XEUR;7904020;675;
28.04.2025;14:54:17.398;FESX SI 20250620 CS;SIMPLE_INSTRUMENT;VOLA;EUR;637534354;5135.00000000;130;EXCHANGE_LAST;;1;1;XEUR;7904020;675;
28.04.2025;15:23:37.741;FESX SI 20250620 CS;SIMPLE_INSTRUMENT;VOLA;EUR;637534367;5129.00000000;967;EXCHANGE_LAST;;1;1;XEUR;7904020;675;
28.04.2025;15:24:32.407;FESX SI 20250620 CS;SIMPLE_INSTRUMENT;VOLA;EUR;637534368;5130.00000000;1680;EXCHANGE_LAST;;1;1;XEUR;7904020;675;
28.04.2025;08:03:40.214;FEXD SI 20271217 CS;SIMPLE_INSTRUMENT;BLOCK;EUR;2;146.80000000;1000;EXCHANGE_LAST;;1;1;XEUR;2848338;693;
28.04.2025;09:49:27.728;FEXD SI 20261218 CS;SIMPLE_INSTRUMENT;BLOCK;EUR;8;152.70000000;350;EXCHANGE_LAST;;1;1;XEUR;2163053;693;
28.04.2025;13:01:27.422;FEXD.S.DEC26.DEC27.SPD;FUTURES_SPREAD;BLOCK;EUR;31;5.40000000;1000;EXCHANGE_LAST;;1;1;XEUR;72060570450264153;693;
28.04.2025;13:01:27.422;FEXD SI 20271217 CS;SIMPLE_INSTRUMENT;BLOCK;EUR;31;147.40000000;1000;PRC_DECOMP_EXCHANGE;;;;XEUR;2848338;693;EXCHANGE
28.04.2025;13:01:27.422;FEXD SI 20261218 CS;SIMPLE_INSTRUMENT;BLOCK;EUR;31;152.80000000;1000;PRC_DECOMP_EXCHANGE;;;;XEUR;2163053;693;EXCHANGE
28.04.2025;13:29:19.319;FEXD SI 20281215 CS;SIMPLE_INSTRUMENT;BLOCK;EUR;32;143.40000000;1355;EXCHANGE_LAST;;1;1;XEUR;3680985;693;
28.04.2025;13:29:23.751;FEXD SI 20261218 CS;SIMPLE_INSTRUMENT;BLOCK;EUR;33;152.40000000;1267;EXCHANGE_LAST;;1;1;XEUR;2163053;693;
28.04.2025;14:02:47.928;FEXD.S.DEC26.DEC28.SPD;FUTURES_SPREAD;BLOCK;EUR;35;9.50000000;1000;EXCHANGE_LAST;;1;1;XEUR;72060570450264161;693;
28.04.2025;14:02:47.928;FEXD SI 20261218 CS;SIMPLE_INSTRUMENT;BLOCK;EUR;35;152.50000000;1000;PRC_DECOMP_MEMBER;;;;XEUR;2163053;693;MEMBER
28.04.2025;14:02:47.928;FEXD SI 20281215 CS;SIMPLE_INSTRUMENT;BLOCK;EUR;35;143.00000000;1000;PRC_DECOMP_MEMBER;;;;XEUR;3680985;693;MEMBER
28.04.2025;14:04:06.843;FEXD.S.DEC26.DEC28.SPD;FUTURES_SPREAD;BLOCK;EUR;36;9.50000000;250;EXCHANGE_LAST;;1;1;XEUR;72060570450264161;693;
28.04.2025;14:04:06.843;FEXD SI 20261218 CS;SIMPLE_INSTRUMENT;BLOCK;EUR;36;152.50000000;250;PRC_DECOMP_MEMBER;;;;XEUR;2163053;693;MEMBER
28.04.2025;14:04:06.843;FEXD SI 20281215 CS;SIMPLE_INSTRUMENT;BLOCK;EUR;36;143.00000000;250;PRC_DECOMP_MEMBER;;;;XEUR;3680985;693;MEMBER
28.04.2025;14:13:14.475;FEXD.S.DEC26.DEC28.SPD;FUTURES_SPREAD;BLOCK;EUR;37;9.50000000;250;EXCHANGE_LAST;;1;1;XEUR;72060570450264161;693;
28.04.2025;14:13:14.475;FEXD SI 20261218 CS;SIMPLE_INSTRUMENT;BLOCK;EUR;37;152.50000000;250;PRC_DECOMP_MEMBER;;;;XEUR;2163053;693;MEMBER
28.04.2025;14:13:14.475;FEXD SI 20281215 CS;SIMPLE_INSTRUMENT;BLOCK;EUR;37;143.00000000;250;PRC_DECOMP_MEMBER;;;;XEUR;3680985;693;MEMBER
28.04.2025;14:20:57.769;FEXD.S.DEC27.DEC28.SPD;FUTURES_SPREAD;BLOCK;EUR;38;4.50000000;1500;EXCHANGE_LAST;;1;2;XEUR;72060570450264162;693;
28.04.2025;14:20:57.769;FEXD SI 20281215 CS;SIMPLE_INSTRUMENT;BLOCK;EUR;38;143.00000000;1500;PRC_DECOMP_MEMBER;;;;XEUR;3680985;693;MEMBER
28.04.2025;14:20:57.769;FEXD SI 20271217 CS;SIMPLE_INSTRUMENT;BLOCK;EUR;38;147.50000000;1500;PRC_DECOMP_MEMBER;;;;XEUR;2848338;693;MEMBER
28.04.2025;14:32:02.346;FEXD SI 20261218 CS;SIMPLE_INSTRUMENT;BLOCK;EUR;40;152.50000000;350;EXCHANGE_LAST;;1;1;XEUR;2163053;693;
28.04.2025;07:10:22.846;FGBL SI 20250606 PS;SIMPLE_INSTRUMENT;EFS;EUR;1;131.41000000;215;EXCHANGE_LAST;;1;1;XEUR;11820389;688;
28.04.2025;07:24:38.210;FGBL SI 20250606 PS;SIMPLE_INSTRUMENT;EFS;EUR;2;131.39000000;215;EXCHANGE_LAST;;1;1;XEUR;11820389;688;
28.04.2025;07:26:06.390;FGBL SI 20250606 PS;SIMPLE_INSTRUMENT;EFS;EUR;3;131.39000000;215;EXCHANGE_LAST;;1;1;XEUR;11820389;688;
28.04.2025;07:32:18.254;FGBL SI 20250606 PS;SIMPLE_INSTRUMENT;EFS;EUR;4;131.34000000;195;EXCHANGE_LAST;;1;1;XEUR;11820389;688;
28.04.2025;07:35:46.786;FGBL SI 20250606 PS;SIMPLE_INSTRUMENT;EFS;EUR;5;131.36000000;430;EXCHANGE_LAST;;1;1;XEUR;11820389;688;
28.04.2025;07:35:56.796;FGBL SI 20250606 PS;SIMPLE_INSTRUMENT;EFS;EUR;6;131.36000000;430;EXCHANGE_LAST;;1;1;XEUR;11820389;688;
28.04.2025;07:46:27.409;FGBL SI 20250606 PS;SIMPLE_INSTRUMENT;EFS;EUR;7;131.36000000;430;EXCHANGE_LAST;;1;1;XEUR;11820389;688;
28.04.2025;07:49:12.417;FGBL SI 20250606 PS;SIMPLE_INSTRUMENT;EFS;EUR;8;131.36000000;859;EXCHANGE_LAST;;1;1;XEUR;11820389;688;
28.04.2025;07:50:51.900;FGBL SI 20250606 PS;SIMPLE_INSTRUMENT;EFS;EUR;9;131.37000000;301;EXCHANGE_LAST;;1;1;XEUR;11820389;688;
28.04.2025;07:51:49.976;FGBL SI 20250606 PS;SIMPLE_INSTRUMENT;EFS;EUR;10;131.36000000;129;EXCHANGE_LAST;;1;1;XEUR;11820389;688;
28.04.2025;07:57:14.941;FGBL SI 20250606 PS;SIMPLE_INSTRUMENT;EFS;EUR;11;131.39000000;498;EXCHANGE_LAST;;1;1;XEUR;11820389;688;
28.04.2025;07:58:07.151;FGBL SI 20250606 PS;SIMPLE_INSTRUMENT;EFS;EUR;12;131.37000000;215;EXCHANGE_LAST;;1;1;XEUR;11820389;688;
28.04.2025;07:58:21.375;FGBL SI 20250606 PS;SIMPLE_INSTRUMENT;EFP_FIN;EUR;13;131.39000000;1123;EXCHANGE_LAST;;1;1;XEUR;11820389;688;
28.04.2025;08:03:49.143;FGBL SI 20250606 PS;SIMPLE_INSTRUMENT;EFS;EUR;14;131.37000000;430;EXCHANGE_LAST;;1;1;XEUR;11820389;688;
28.04.2025;08:06:06.526;FGBL SI 20250606 PS;SIMPLE_INSTRUMENT;EFS;EUR;15;131.38000000;200;EXCHANGE_LAST;;1;1;XEUR;11820389;688;
28.04.2025;08:08:07.582;FGBL SI 20250606 PS;SIMPLE_INSTRUMENT;EFS;EUR;16;131.40000000;49;EXCHANGE_LAST;;1;1;XEUR;11820389;688;
28.04.2025;08:12:14.530;FGBL SI 20250606 PS;SIMPLE_INSTRUMENT;EFS;EUR;17;131.38000000;302;EXCHANGE_LAST;;1;1;XEUR;11820389;688;
28.04.2025;08:13:31.954;FGBL SI 20250606 PS;SIMPLE_INSTRUMENT;EFP_FIN;EUR;18;131.39000000;1122;EXCHANGE_LAST;;1;1;XEUR;11820389;688;
28.04.2025;08:13:41.490;FGBL SI 20250606 PS;SIMPLE_INSTRUMENT;EFS;EUR;19;131.36000000;429;EXCHANGE_LAST;;1;1;XEUR;11820389;688;
28.04.2025;08:13:52.493;FGBL SI 20250606 PS;SIMPLE_INSTRUMENT;EFS;EUR;20;131.36000000;429;EXCHANGE_LAST;;1;1;XEUR;11820389;688;
28.04.2025;08:30:59.361;FGBL SI 20250606 PS;SIMPLE_INSTRUMENT;EFS;EUR;21;131.34000000;488;EXCHANGE_LAST;;1;1;XEUR;11820389;688;
28.04.2025;08:33:48.727;FGBL SI 20250606 PS;SIMPLE_INSTRUMENT;EFS;EUR;22;131.34000000;215;EXCHANGE_LAST;;1;1;XEUR;11820389;688;
28.04.2025;08:34:57.638;FGBL SI 20250606 PS;SIMPLE_INSTRUMENT;EFS;EUR;23;131.35000000;215;EXCHANGE_LAST;;1;1;XEUR;11820389;688;
28.04.2025;08:36:32.519;FGBL SI 20250606 PS;SIMPLE_INSTRUMENT;EFS;EUR;24;131.31000000;430;EXCHANGE_LAST;;1;1;XEUR;11820389;688;
28.04.2025;08:39:10.683;FGBL SI 20250606 PS;SIMPLE_INSTRUMENT;EFP_FIN;EUR;25;131.35000000;1197;EXCHANGE_LAST;;1;1;XEUR;11820389;688;
28.04.2025;08:40:33.952;FGBL SI 20250606 PS;SIMPLE_INSTRUMENT;EFP_FIN;EUR;26;131.37000000;81;EXCHANGE_LAST;;1;1;XEUR;11820389;688;
28.04.2025;08:41:17.798;FGBL SI 20250606 PS;SIMPLE_INSTRUMENT;EFS;EUR;27;131.33000000;455;EXCHANGE_LAST;;1;1;XEUR;11820389;688;
28.04.2025;08:41:47.469;FGBL SI 20250606 PS;SIMPLE_INSTRUMENT;EFS;EUR;28;131.33000000;455;EXCHANGE_LAST;;1;1;XEUR;11820389;688;
28.04.2025;08:42:27.767;FGBL SI 20250606 PS;SIMPLE_INSTRUMENT;EFS;EUR;29;131.29000000;430;EXCHANGE_LAST;;1;1;XEUR;11820389;688;
28.04.2025;08:42:46.397;FGBL SI 20250606 PS;SIMPLE_INSTRUMENT;EFS;EUR;30;131.33000000;455;EXCHANGE_LAST;;1;1;XEUR;11820389;688;
28.04.2025;08:56:35.407;FGBL SI 20250606 PS;SIMPLE_INSTRUMENT;EFP_FIN;EUR;31;131.30000000;748;EXCHANGE_LAST;;1;1;XEUR;11820389;688;
28.04.2025;08:56:43.485;FGBL SI 20250606 PS;SIMPLE_INSTRUMENT;EFS;EUR;32;131.30000000;143;EXCHANGE_LAST;;1;1;XEUR;11820389;688;
28.04.2025;08:56:59.431;FGBL SI 20250606 PS;SIMPLE_INSTRUMENT;EFS;EUR;33;131.30000000;430;EXCHANGE_LAST;;1;1;XEUR;11820389;688;
28.04.2025;09:02:14.676;FGBL SI 20250606 PS;SIMPLE_INSTRUMENT;EFS;EUR;34;131.28000000;430;EXCHANGE_LAST;;1;1;XEUR;11820389;688;
28.04.2025;09:04:24.778;FGBL SI 20250606 PS;SIMPLE_INSTRUMENT;EFS;EUR;35;131.29000000;215;EXCHANGE_LAST;;1;1;XEUR;11820389;688;
28.04.2025;09:09:24.118;FGBL SI 20250606 PS;SIMPLE_INSTRUMENT;EFS;EUR;37;131.31000000;429;EXCHANGE_LAST;;1;1;XEUR;11820389;688;
28.04.2025;09:09:06.117;FGBL SI 20250606 PS;SIMPLE_INSTRUMENT;EFS;EUR;38;131.31000000;429;EXCHANGE_LAST;;1;1;XEUR;11820389;688;
28.04.2025;09:11:46.055;FGBL SI 20250606 PS;SIMPLE_INSTRUMENT;EFS;EUR;39;131.24000000;301;EXCHANGE_LAST;;1;1;XEUR;11820389;688;
28.04.2025;09:15:51.219;FGBL SI 20250606 PS;SIMPLE_INSTRUMENT;EFS;EUR;40;131.27000000;215;EXCHANGE_LAST;;1;1;XEUR;11820389;688;
28.04.2025;09:16:56.487;FGBL SI 20250606 PS;SIMPLE_INSTRUMENT;EFS;EUR;41;131.26000000;215;EXCHANGE_LAST;;1;1;XEUR;11820389;688;
28.04.2025;09:18:01.307;FGBL SI 20250606 PS;SIMPLE_INSTRUMENT;EFS;EUR;42;131.27000000;215;EXCHANGE_LAST;;1;1;XEUR;11820389;688;
28.04.2025;09:31:27.724;FGBL SI 20250606 PS;SIMPLE_INSTRUMENT;EFS;EUR;43;131.25000000;315;EXCHANGE_LAST;;1;1;XEUR;11820389;688;
28.04.2025;09:33:22.969;FGBL SI 20250606 PS;SIMPLE_INSTRUMENT;EFS;EUR;44;131.26000000;430;EXCHANGE_LAST;;1;1;XEUR;11820389;688;
28.04.2025;09:33:58.866;FGBL SI 20250606 PS;SIMPLE_INSTRUMENT;EFS;EUR;45;131.25000000;241;EXCHANGE_LAST;;1;1;XEUR;11820389;688;
28.04.2025;09:37:26.746;FGBL SI 20250606 PS;SIMPLE_INSTRUMENT;EFS;EUR;46;131.25000000;430;EXCHANGE_LAST;;1;1;XEUR;11820389;688;
28.04.2025;09:40:29.202;FGBL SI 20250606 PS;SIMPLE_INSTRUMENT;EFS;EUR;47;131.26000000;172;EXCHANGE_LAST;;1;1;XEUR;11820389;688;
28.04.2025;09:41:18.323;FGBL SI 20250606 PS;SIMPLE_INSTRUMENT;EFS;EUR;48;131.22000000;430;EXCHANGE_LAST;;1;1;XEUR;11820389;688;
28.04.2025;09:42:18.300;FGBL SI 20250606 PS;SIMPLE_INSTRUMENT;EFS;EUR;49;131.21000000;430;EXCHANGE_LAST;;1;1;XEUR;11820389;688;
28.04.2025;09:42:43.405;FGBL SI 20250606 PS;SIMPLE_INSTRUMENT;EFS;EUR;50;131.22000000;430;EXCHANGE_LAST;;1;1;XEUR;11820389;688;
28.04.2025;09:44:27.682;FGBL SI 20250606 PS;SIMPLE_INSTRUMENT;EFS;EUR;51;131.24000000;1720;EXCHANGE_LAST;;1;1;XEUR;11820389;688;
28.04.2025;09:56:55.541;FGBL SI 20250606 PS;SIMPLE_INSTRUMENT;EFS;EUR;52;131.18000000;430;EXCHANGE_LAST;;1;1;XEUR;11820389;688;
28.04.2025;10:12:29.951;FGBL SI 20250606 PS;SIMPLE_INSTRUMENT;EFS;EUR;53;131.19000000;860;EXCHANGE_LAST;;1;1;XEUR;11820389;688;
28.04.2025;10:14:10.548;FGBL SI 20250606 PS;SIMPLE_INSTRUMENT;EFS;EUR;54;131.19000000;258;EXCHANGE_LAST;;1;1;XEUR;11820389;688;
28.04.2025;10:21:58.159;FGBL SI 20250606 PS;SIMPLE_INSTRUMENT;EFS;EUR;55;131.15000000;488;EXCHANGE_LAST;;1;1;XEUR;11820389;688;
28.04.2025;10:29:06.821;FGBL SI 20250606 PS;SIMPLE_INSTRUMENT;EFP_FIN;EUR;56;131.16000000;213;EXCHANGE_LAST;;1;1;XEUR;11820389;688;
28.04.2025;10:38:56.239;FGBL SI 20250606 PS;SIMPLE_INSTRUMENT;EFP_FIN;EUR;57;131.21000000;363;EXCHANGE_LAST;;1;1;XEUR;11820389;688;
28.04.2025;10:50:43.904;FGBL SI 20250606 PS;SIMPLE_INSTRUMENT;EFS;EUR;58;131.13000000;215;EXCHANGE_LAST;;1;1;XEUR;11820389;688;
28.04.2025;10:52:49.553;FGBL SI 20250606 PS;SIMPLE_INSTRUMENT;EFS;EUR;59;131.14000000;215;EXCHANGE_LAST;;1;1;XEUR;11820389;688;
28.04.2025;10:58:28.012;FGBL SI 20250606 PS;SIMPLE_INSTRUMENT;EFP_FIN;EUR;60;131.14000000;170;EXCHANGE_LAST;;1;1;XEUR;11820389;688;
28.04.2025;10:59:46.268;FGBL SI 20250606 PS;SIMPLE_INSTRUMENT;EFS;EUR;61;131.15000000;488;EXCHANGE_LAST;;1;1;XEUR;11820389;688;
28.04.2025;11:04:27.908;FGBL SI 20250606 PS;SIMPLE_INSTRUMENT;EFS;EUR;62;131.16000000;129;EXCHANGE_LAST;;1;1;XEUR;11820389;688;
28.04.2025;11:08:22.040;FGBL SI 20250606 PS;SIMPLE_INSTRUMENT;EFS;EUR;63;131.15000000;128;EXCHANGE_LAST;;1;1;XEUR;11820389;688;
28.04.2025;11:19:02.710;FGBL SI 20250606 PS;SIMPLE_INSTRUMENT;EFP_FIN;EUR;64;131.16000000;170;EXCHANGE_LAST;;1;1;XEUR;11820389;688;
28.04.2025;11:19:05.851;FGBL SI 20250606 PS;SIMPLE_INSTRUMENT;EFS;EUR;65;131.16000000;430;EXCHANGE_LAST;;1;1;XEUR;11820389;688;
28.04.2025;11:29:53.435;FGBL SI 20250606 PS;SIMPLE_INSTRUMENT;EFS;EUR;66;131.13000000;83;EXCHANGE_LAST;;1;1;XEUR;11820389;688;
28.04.2025;11:31:52.597;FGBL SI 20250606 PS;SIMPLE_INSTRUMENT;EFS;EUR;67;131.13000000;215;EXCHANGE_LAST;;1;1;XEUR;11820389;688;
28.04.2025;11:46:49.910;FGBL SI 20250606 PS;SIMPLE_INSTRUMENT;EFS;EUR;68;131.20000000;430;EXCHANGE_LAST;;1;1;XEUR;11820389;688;
28.04.2025;11:48:23.637;FGBL SI 20250606 PS;SIMPLE_INSTRUMENT;EFP_FIN;EUR;69;131.15000000;269;EXCHANGE_LAST;;1;1;XEUR;11820389;688;
28.04.2025;12:01:06.199;FGBL SI 20250606 PS;SIMPLE_INSTRUMENT;EFS;EUR;70;131.16000000;430;EXCHANGE_LAST;;1;1;XEUR;11820389;688;
28.04.2025;12:02:10.733;FGBL SI 20250606 PS;SIMPLE_INSTRUMENT;EFS;EUR;71;131.19000000;107;EXCHANGE_LAST;;1;1;XEUR;11820389;688;
28.04.2025;12:02:44.491;FGBL SI 20250606 PS;SIMPLE_INSTRUMENT;EFS;EUR;72;131.16000000;430;EXCHANGE_LAST;;1;1;XEUR;11820389;688;
28.04.2025;12:25:32.034;FGBL SI 20250606 PS;SIMPLE_INSTRUMENT;EFS;EUR;73;131.20000000;189;EXCHANGE_LAST;;1;1;XEUR;11820389;688;
28.04.2025;12:26:26.749;FGBL SI 20250606 PS;SIMPLE_INSTRUMENT;EFS;EUR;74;131.21000000;860;EXCHANGE_LAST;;1;1;XEUR;11820389;688;
28.04.2025;12:49:47.226;FGBL SI 20250606 PS;SIMPLE_INSTRUMENT;EFS;EUR;75;131.21000000;244;EXCHANGE_LAST;;1;1;XEUR;11820389;688;
28.04.2025;12:59:53.638;FGBL SI 20250606 PS;SIMPLE_INSTRUMENT;EFS;EUR;76;131.06000000;216;EXCHANGE_LAST;;1;1;XEUR;11820389;688;
28.04.2025;13:03:42.102;FGBL SI 20250606 PS;SIMPLE_INSTRUMENT;EFS;EUR;77;131.06000000;432;EXCHANGE_LAST;;1;1;XEUR;11820389;688;
28.04.2025;13:04:12.720;FGBL SI 20250606 PS;SIMPLE_INSTRUMENT;EFS;EUR;78;131.07000000;244;EXCHANGE_LAST;;1;1;XEUR;11820389;688;
28.04.2025;13:04:42.825;FGBL SI 20250606 PS;SIMPLE_INSTRUMENT;EFS;EUR;79;131.09000000;430;EXCHANGE_LAST;;1;1;XEUR;11820389;688;
28.04.2025;13:07:43.171;FGBL SI 20250606 PS;SIMPLE_INSTRUMENT;EFS;EUR;80;131.08000000;244;EXCHANGE_LAST;;1;1;XEUR;11820389;688;
28.04.2025;13:08:18.834;FGBL SI 20250606 PS;SIMPLE_INSTRUMENT;EFS;EUR;81;131.10000000;244;EXCHANGE_LAST;;1;1;XEUR;11820389;688;
28.04.2025;13:09:37.269;FGBL SI 20250606 PS;SIMPLE_INSTRUMENT;EFS;EUR;82;131.16000000;258;EXCHANGE_LAST;;1;1;XEUR;11820389;688;
28.04.2025;13:20:25.642;FGBL SI 20250606 PS;SIMPLE_INSTRUMENT;EFS;EUR;84;131.10000000;215;EXCHANGE_LAST;;1;1;XEUR;11820389;688;
28.04.2025;13:23:47.325;FGBL SI 20250606 PS;SIMPLE_INSTRUMENT;EFS;EUR;85;131.09000000;100;EXCHANGE_LAST;;1;1;XEUR;11820389;688;
28.04.2025;13:25:40.061;FGBL SI 20250606 PS;SIMPLE_INSTRUMENT;EFP_FIN;EUR;86;131.14000000;162;EXCHANGE_LAST;;1;1;XEUR;11820389;688;
28.04.2025;13:27:56.175;FGBL SI 20250606 PS;SIMPLE_INSTRUMENT;EFP_FIN;EUR;87;131.17000000;330;EXCHANGE_LAST;;1;1;XEUR;11820389;688;
28.04.2025;13:31:56.990;FGBL SI 20250606 PS;SIMPLE_INSTRUMENT;EFS;EUR;88;131.09000000;146;EXCHANGE_LAST;;1;1;XEUR;11820389;688;
28.04.2025;13:36:17.014;FGBL SI 20250606 PS;SIMPLE_INSTRUMENT;EFS;EUR;89;131.14000000;430;EXCHANGE_LAST;;1;1;XEUR;11820389;688;
28.04.2025;13:42:17.095;FGBL SI 20250606 PS;SIMPLE_INSTRUMENT;EFS;EUR;90;131.17000000;430;EXCHANGE_LAST;;1;1;XEUR;11820389;688;
28.04.2025;13:44:44.838;FGBL SI 20250606 PS;SIMPLE_INSTRUMENT;EFS;EUR;91;131.18000000;103;EXCHANGE_LAST;;1;1;XEUR;11820389;688;
28.04.2025;13:46:14.984;FGBL SI 20250606 PS;SIMPLE_INSTRUMENT;EFP_FIN;EUR;92;131.19000000;425;EXCHANGE_LAST;;1;1;XEUR;11820389;688;
28.04.2025;13:47:44.457;FGBL SI 20250606 PS;SIMPLE_INSTRUMENT;EFS;EUR;93;131.17000000;215;EXCHANGE_LAST;;1;1;XEUR;11820389;688;
28.04.2025;13:48:18.864;FGBL SI 20250606 PS;SIMPLE_INSTRUMENT;EFS;EUR;94;131.15000000;215;EXCHANGE_LAST;;1;1;XEUR;11820389;688;
28.04.2025;13:49:17.847;FGBL SI 20250606 PS;SIMPLE_INSTRUMENT;EFS;EUR;95;131.15000000;430;EXCHANGE_LAST;;1;1;XEUR;11820389;688;
28.04.2025;13:51:46.649;FGBL SI 20250606 PS;SIMPLE_INSTRUMENT;EFP_FIN;EUR;96;131.07000000;830;EXCHANGE_LAST;;1;1;XEUR;11820389;688;
28.04.2025;13:52:32.881;FGBL SI 20250606 PS;SIMPLE_INSTRUMENT;EFS;EUR;97;131.16000000;215;EXCHANGE_LAST;;1;1;XEUR;11820389;688;
28.04.2025;13:56:38.403;FGBL SI 20250606 PS;SIMPLE_INSTRUMENT;EFS;EUR;98;131.21000000;243;EXCHANGE_LAST;;1;1;XEUR;11820389;688;
28.04.2025;14:02:21.745;FGBL SI 20250606 PS;SIMPLE_INSTRUMENT;EFS;EUR;99;131.14000000;430;EXCHANGE_LAST;;1;1;XEUR;11820389;688;
28.04.2025;14:04:53.438;FGBL SI 20250606 PS;SIMPLE_INSTRUMENT;EFS;EUR;100;131.17000000;430;EXCHANGE_LAST;;1;1;XEUR;11820389;688;
28.04.2025;14:05:34.720;FGBL SI 20250606 PS;SIMPLE_INSTRUMENT;EFP_FIN;EUR;101;131.18000000;374;EXCHANGE_LAST;;1;1;XEUR;11820389;688;
28.04.2025;14:08:32.168;FGBL SI 20250606 PS;SIMPLE_INSTRUMENT;EFS;EUR;102;131.20000000;488;EXCHANGE_LAST;;1;1;XEUR;11820389;688;
28.04.2025;14:14:51.314;FGBL SI 20250606 PS;SIMPLE_INSTRUMENT;EFS;EUR;103;131.18000000;100;EXCHANGE_LAST;;1;1;XEUR;11820389;688;
28.04.2025;14:15:47.697;FGBL SI 20250606 PS;SIMPLE_INSTRUMENT;EFS;EUR;104;131.19000000;244;EXCHANGE_LAST;;1;1;XEUR;11820389;688;
28.04.2025;14:35:01.780;FGBL SI 20250606 PS;SIMPLE_INSTRUMENT;EFS;EUR;105;131.20000000;128;EXCHANGE_LAST;;1;1;XEUR;11820389;688;
28.04.2025;14:36:09.173;FGBL SI 20250606 PS;SIMPLE_INSTRUMENT;EFP_FIN;EUR;106;131.18000000;334;EXCHANGE_LAST;;1;1;XEUR;11820389;688;
28.04.2025;14:38:34.418;FGBL SI 20250606 PS;SIMPLE_INSTRUMENT;EFS;EUR;107;131.18000000;100;EXCHANGE_LAST;;1;1;XEUR;11820389;688;
28.04.2025;14:43:09.541;FGBL SI 20250606 PS;SIMPLE_INSTRUMENT;EFS;EUR;108;131.12000000;488;EXCHANGE_LAST;;1;1;XEUR;11820389;688;
28.04.2025;14:52:03.281;FGBL SI 20250606 PS;SIMPLE_INSTRUMENT;EFP_FIN;EUR;109;131.13000000;144;EXCHANGE_LAST;;1;1;XEUR;11820389;688;
28.04.2025;14:55:41.666;FGBL SI 20250606 PS;SIMPLE_INSTRUMENT;EFS;EUR;110;131.18000000;559;EXCHANGE_LAST;;1;1;XEUR;11820389;688;
28.04.2025;15:01:10.218;FGBL SI 20250606 PS;SIMPLE_INSTRUMENT;EFP_FIN;EUR;111;131.13000000;118;EXCHANGE_LAST;;1;1;XEUR;11820389;688;
28.04.2025;15:06:52.005;FGBL SI 20250606 PS;SIMPLE_INSTRUMENT;EFP_FIN;EUR;112;131.16000000;77;EXCHANGE_LAST;;1;1;XEUR;11820389;688;
28.04.2025;15:04:53.588;FGBL SI 20250606 PS;SIMPLE_INSTRUMENT;EFP_FIN;EUR;113;131.16000000;77;EXCHANGE_LAST;;1;1;XEUR;11820389;688;
28.04.2025;15:06:31.292;FGBL SI 20250606 PS;SIMPLE_INSTRUMENT;EFP_FIN;EUR;114;131.13000000;79;EXCHANGE_LAST;;1;1;XEUR;11820389;688;
28.04.2025;15:06:44.858;FGBL SI 20250606 PS;SIMPLE_INSTRUMENT;EFS;EUR;115;131.17000000;190;EXCHANGE_LAST;;1;1;XEUR;11820389;688;
28.04.2025;15:17:51.039;FGBL SI 20250606 PS;SIMPLE_INSTRUMENT;EFS;EUR;116;131.28000000;214;EXCHANGE_LAST;;1;1;XEUR;11820389;688;
28.04.2025;15:20:19.385;FGBL SI 20250606 PS;SIMPLE_INSTRUMENT;EFP_FIN;EUR;117;131.13000000;636;EXCHANGE_LAST;;1;1;XEUR;11820389;688;
28.04.2025;15:21:14.412;FGBL SI 20250606 PS;SIMPLE_INSTRUMENT;EFP_FIN;EUR;118;131.29000000;145;EXCHANGE_LAST;;1;1;XEUR;11820389;688;
28.04.2025;15:26:06.418;FGBL SI 20250606 PS;SIMPLE_INSTRUMENT;EFS;EUR;119;131.16000000;300;EXCHANGE_LAST;;1;1;XEUR;11820389;688;
28.04.2025;15:35:32.352;FGBL SI 20250606 PS;SIMPLE_INSTRUMENT;EFS;EUR;120;131.27000000;7772;EXCHANGE_LAST;;1;1;XEUR;11820389;688;
28.04.2025;15:35:37.836;FGBL SI 20250606 PS;SIMPLE_INSTRUMENT;EFS;EUR;121;131.20000000;301;EXCHANGE_LAST;;1;1;XEUR;11820389;688;
28.04.2025;15:36:26.731;FGBL SI 20250606 PS;SIMPLE_INSTRUMENT;EFS;EUR;122;131.22000000;200;EXCHANGE_LAST;;1;1;XEUR;11820389;688;
28.04.2025;15:39:34.191;FGBL SI 20250606 PS;SIMPLE_INSTRUMENT;EFS;EUR;123;131.23000000;215;EXCHANGE_LAST;;1;1;XEUR;11820389;688;
28.04.2025;15:40:02.279;FGBL SI 20250606 PS;SIMPLE_INSTRUMENT;EFS;EUR;124;131.23000000;215;EXCHANGE_LAST;;1;1;XEUR;11820389;688;
28.04.2025;15:40:37.507;FGBL SI 20250606 PS;SIMPLE_INSTRUMENT;EFS;EUR;125;131.20000000;215;EXCHANGE_LAST;;1;1;XEUR;11820389;688;
28.04.2025;15:42:51.483;FGBL SI 20250606 PS;SIMPLE_INSTRUMENT;EFP_FIN;EUR;126;131.26000000;1468;EXCHANGE_LAST;;1;1;XEUR;11820389;688;
28.04.2025;15:48:34.922;FGBL SI 20250606 PS;SIMPLE_INSTRUMENT;EFS;EUR;127;131.25000000;200;EXCHANGE_LAST;;1;1;XEUR;11820389;688;
28.04.2025;15:54:59.657;FGBL SI 20250606 PS;SIMPLE_INSTRUMENT;EFS;EUR;128;131.15000000;429;EXCHANGE_LAST;;1;1;XEUR;11820389;688;
28.04.2025;16:23:43.174;FGBL SI 20250606 PS;SIMPLE_INSTRUMENT;EFS;EUR;129;131.03000000;430;EXCHANGE_LAST;;1;1;XEUR;11820389;688;
28.04.2025;16:56:35.723;FGBL SI 20250606 PS;SIMPLE_INSTRUMENT;EFP_FIN;EUR;130;131.19000000;329;EXCHANGE_LAST;;1;1;XEUR;11820389;688;
28.04.2025;09:48:53.705;FGBL SI 20250606 PS;SIMPLE_INSTRUMENT;VOLA;EUR;268435464;131.26000000;25;EXCHANGE_LAST;;1;1;XEUR;11820389;688;
28.04.2025;10:43:58.864;FGBL SI 20250606 PS;SIMPLE_INSTRUMENT;VOLA;EUR;268435470;131.20000000;18;EXCHANGE_LAST;;1;1;XEUR;11820389;688;
28.04.2025;13:40:35.972;FGBL SI 20250606 PS;SIMPLE_INSTRUMENT;VOLA;EUR;268435506;131.12000000;148;EXCHANGE_LAST;;1;1;XEUR;11820389;688;
28.04.2025;13:42:43.940;FGBL SI 20250606 PS;SIMPLE_INSTRUMENT;VOLA;EUR;268435511;131.20000000;188;EXCHANGE_LAST;;1;1;XEUR;11820389;688;
28.04.2025;15:21:38.051;FGBL SI 20250606 PS;SIMPLE_INSTRUMENT;VOLA;EUR;268435535;131.21000000;165;EXCHANGE_LAST;;1;1;XEUR;11820389;688;
28.04.2025;07:20:05.070;FGBM SI 20250606 PS;SIMPLE_INSTRUMENT;EFS;EUR;1;119.44000000;919;EXCHANGE_LAST;;1;1;XEUR;11820390;689;
28.04.2025;07:22:25.769;FGBM SI 20250606 PS;SIMPLE_INSTRUMENT;EFS;EUR;2;119.39000000;438;EXCHANGE_LAST;;1;1;XEUR;11820390;689;
28.04.2025;07:26:21.382;FGBM SI 20250606 PS;SIMPLE_INSTRUMENT;EFS;EUR;3;119.38000000;852;EXCHANGE_LAST;;1;1;XEUR;11820390;689;
28.04.2025;07:28:11.456;FGBM SI 20250606 PS;SIMPLE_INSTRUMENT;EFS;EUR;4;119.38000000;852;EXCHANGE_LAST;;1;1;XEUR;11820390;689;
28.04.2025;07:43:52.166;FGBM SI 20250606 PS;SIMPLE_INSTRUMENT;EFS;EUR;5;119.41000000;1379;EXCHANGE_LAST;;1;1;XEUR;11820390;689;
28.04.2025;07:56:30.546;FGBM SI 20250606 PS;SIMPLE_INSTRUMENT;EFS;EUR;6;119.40000000;919;EXCHANGE_LAST;;1;1;XEUR;11820390;689;
28.04.2025;08:12:19.979;FGBM SI 20250606 PS;SIMPLE_INSTRUMENT;EFS;EUR;7;119.39000000;460;EXCHANGE_LAST;;1;1;XEUR;11820390;689;
28.04.2025;08:23:18.492;FGBM SI 20250606 PS;SIMPLE_INSTRUMENT;EFS;EUR;8;119.37000000;460;EXCHANGE_LAST;;1;1;XEUR;11820390;689;
28.04.2025;08:32:33.476;FGBM SI 20250606 PS;SIMPLE_INSTRUMENT;EFP_FIN;EUR;9;119.40000000;2130;EXCHANGE_LAST;;1;1;XEUR;11820390;689;
28.04.2025;08:32:53.801;FGBM SI 20250606 PS;SIMPLE_INSTRUMENT;EFS;EUR;10;119.36000000;401;EXCHANGE_LAST;;1;1;XEUR;11820390;689;
28.04.2025;08:34:23.607;FGBM SI 20250606 PS;SIMPLE_INSTRUMENT;EFS;EUR;11;119.37000000;401;EXCHANGE_LAST;;1;1;XEUR;11820390;689;
28.04.2025;08:39:05.666;FGBM SI 20250606 PS;SIMPLE_INSTRUMENT;EFS;EUR;12;119.38000000;2553;EXCHANGE_LAST;;1;1;XEUR;11820390;689;
28.04.2025;08:52:57.660;FGBM SI 20250606 PS;SIMPLE_INSTRUMENT;EFS;EUR;13;119.38000000;486;EXCHANGE_LAST;;1;1;XEUR;11820390;689;
28.04.2025;09:01:04.846;FGBM SI 20250606 PS;SIMPLE_INSTRUMENT;EFP_FIN;EUR;14;119.36000000;2129;EXCHANGE_LAST;;1;1;XEUR;11820390;689;
28.04.2025;09:05:27.129;FGBM SI 20250606 PS;SIMPLE_INSTRUMENT;EFP_FIN;EUR;15;119.37000000;122;EXCHANGE_LAST;;1;1;XEUR;11820390;689;
28.04.2025;09:05:42.705;FGBM SI 20250606 PS;SIMPLE_INSTRUMENT;EFP_FIN;EUR;16;119.37000000;243;EXCHANGE_LAST;;1;1;XEUR;11820390;689;
28.04.2025;09:05:44.437;FGBM SI 20250606 PS;SIMPLE_INSTRUMENT;EFP_FIN;EUR;17;119.37000000;82;EXCHANGE_LAST;;1;1;XEUR;11820390;689;
28.04.2025;09:06:26.389;FGBM SI 20250606 PS;SIMPLE_INSTRUMENT;EFP_FIN;EUR;18;119.37000000;81;EXCHANGE_LAST;;1;1;XEUR;11820390;689;
28.04.2025;09:17:07.646;FGBM SI 20250606 PS;SIMPLE_INSTRUMENT;EFP_FIN;EUR;19;119.34000000;255;EXCHANGE_LAST;;1;1;XEUR;11820390;689;
28.04.2025;09:17:06.254;FGBM SI 20250606 PS;SIMPLE_INSTRUMENT;EFP_FIN;EUR;20;119.40000000;1559;EXCHANGE_LAST;;1;1;XEUR;11820390;689;
28.04.2025;09:21:41.942;FGBM SI 20250606 PS;SIMPLE_INSTRUMENT;EFS;EUR;21;119.35000000;919;EXCHANGE_LAST;;1;1;XEUR;11820390;689;
28.04.2025;09:33:33.318;FGBM SI 20250606 PS;SIMPLE_INSTRUMENT;EFP_FIN;EUR;22;119.34000000;184;EXCHANGE_LAST;;1;1;XEUR;11820390;689;
28.04.2025;09:35:13.044;FGBM SI 20250606 PS;SIMPLE_INSTRUMENT;EFS;EUR;23;119.34000000;852;EXCHANGE_LAST;;1;1;XEUR;11820390;689;
28.04.2025;09:43:44.065;FGBM SI 20250606 PS;SIMPLE_INSTRUMENT;EFS;EUR;24;119.34000000;390;EXCHANGE_LAST;;1;1;XEUR;11820390;689;
28.04.2025;09:48:14.758;FGBM SI 20250606 PS;SIMPLE_INSTRUMENT;EFP_FIN;EUR;25;119.34000000;240;EXCHANGE_LAST;;1;1;XEUR;11820390;689;
28.04.2025;09:50:40.467;FGBM SI 20250606 PS;SIMPLE_INSTRUMENT;EFP_FIN;EUR;26;119.32000000;852;EXCHANGE_LAST;;1;1;XEUR;11820390;689;
28.04.2025;09:56:19.636;FGBM SI 20250606 PS;SIMPLE_INSTRUMENT;EFS;EUR;27;119.30000000;802;EXCHANGE_LAST;;1;1;XEUR;11820390;689;
28.04.2025;10:09:23.064;FGBM SI 20250606 PS;SIMPLE_INSTRUMENT;EFS;EUR;28;119.31000000;92;EXCHANGE_LAST;;1;1;XEUR;11820390;689;
28.04.2025;10:16:03.053;FGBM SI 20250606 PS;SIMPLE_INSTRUMENT;EFS;EUR;29;119.30000000;340;EXCHANGE_LAST;;1;1;XEUR;11820390;689;
28.04.2025;10:22:13.011;FGBM SI 20250606 PS;SIMPLE_INSTRUMENT;EFP_FIN;EUR;30;119.29000000;139;EXCHANGE_LAST;;1;1;XEUR;11820390;689;
28.04.2025;10:30:50.143;FGBM SI 20250606 PS;SIMPLE_INSTRUMENT;EFS;EUR;31;119.31000000;851;EXCHANGE_LAST;;1;1;XEUR;11820390;689;
28.04.2025;10:42:34.889;FGBM SI 20250606 PS;SIMPLE_INSTRUMENT;EFP_FIN;EUR;32;119.30000000;852;EXCHANGE_LAST;;1;1;XEUR;11820390;689;
28.04.2025;11:22:56.605;FGBM SI 20250606 PS;SIMPLE_INSTRUMENT;EFS;EUR;33;119.30000000;920;EXCHANGE_LAST;;1;1;XEUR;11820390;689;
28.04.2025;11:23:27.264;FGBM SI 20250606 PS;SIMPLE_INSTRUMENT;EFS;EUR;34;119.29000000;130;EXCHANGE_LAST;;1;1;XEUR;11820390;689;
28.04.2025;11:24:49.278;FGBM SI 20250606 PS;SIMPLE_INSTRUMENT;EFS;EUR;35;119.30000000;851;EXCHANGE_LAST;;1;1;XEUR;11820390;689;
28.04.2025;11:31:16.387;FGBM SI 20250606 PS;SIMPLE_INSTRUMENT;EFP_FIN;EUR;36;119.30000000;852;EXCHANGE_LAST;;1;1;XEUR;11820390;689;
28.04.2025;11:37:29.739;FGBM SI 20250606 PS;SIMPLE_INSTRUMENT;EFP_FIN;EUR;37;119.29000000;780;EXCHANGE_LAST;;1;1;XEUR;11820390;689;
28.04.2025;11:44:29.107;FGBM SI 20250606 PS;SIMPLE_INSTRUMENT;EFS;EUR;38;119.34000000;1216;EXCHANGE_LAST;;1;1;XEUR;11820390;689;
28.04.2025;11:58:45.770;FGBM SI 20250606 PS;SIMPLE_INSTRUMENT;EFS;EUR;39;119.32000000;810;EXCHANGE_LAST;;1;1;XEUR;11820390;689;
28.04.2025;12:13:02.124;FGBM SI 20250606 PS;SIMPLE_INSTRUMENT;EFS;EUR;40;119.30000000;1380;EXCHANGE_LAST;;1;1;XEUR;11820390;689;
28.04.2025;12:25:45.949;FGBM SI 20250606 PS;SIMPLE_INSTRUMENT;EFP_FIN;EUR;41;119.35000000;152;EXCHANGE_LAST;;1;1;XEUR;11820390;689;
28.04.2025;12:24:58.275;FGBM SI 20250606 PS;SIMPLE_INSTRUMENT;EFP_FIN;EUR;42;119.35000000;61;EXCHANGE_LAST;;1;1;XEUR;11820390;689;
28.04.2025;12:25:42.339;FGBM SI 20250606 PS;SIMPLE_INSTRUMENT;EFS;EUR;43;119.35000000;1603;EXCHANGE_LAST;;1;1;XEUR;11820390;689;
28.04.2025;12:27:45.752;FGBM SI 20250606 PS;SIMPLE_INSTRUMENT;EFS;EUR;44;119.33000000;1214;EXCHANGE_LAST;;1;1;XEUR;11820390;689;
28.04.2025;12:34:31.698;FGBM SI 20250606 PS;SIMPLE_INSTRUMENT;EFS;EUR;45;119.30000000;460;EXCHANGE_LAST;;1;1;XEUR;11820390;689;
28.04.2025;12:35:19.137;FGBM SI 20250606 PS;SIMPLE_INSTRUMENT;EFS;EUR;46;119.39000000;2757;EXCHANGE_LAST;;1;1;XEUR;11820390;689;
28.04.2025;12:35:37.127;FGBM SI 20250606 PS;SIMPLE_INSTRUMENT;EFS;EUR;47;119.38000000;2758;EXCHANGE_LAST;;1;1;XEUR;11820390;689;
28.04.2025;13:14:48.878;FGBM SI 20250606 PS;SIMPLE_INSTRUMENT;EFS;EUR;48;119.27000000;460;EXCHANGE_LAST;;1;1;XEUR;11820390;689;
28.04.2025;13:08:23.422;FGBM SI 20250606 PS;SIMPLE_INSTRUMENT;EFS;EUR;49;119.28000000;1382;EXCHANGE_LAST;;1;1;XEUR;11820390;689;
28.04.2025;13:20:40.365;FGBM SI 20250606 PS;SIMPLE_INSTRUMENT;EFS;EUR;50;119.29000000;1840;EXCHANGE_LAST;;1;1;XEUR;11820390;689;
28.04.2025;13:23:18.628;FGBM SI 20250606 PS;SIMPLE_INSTRUMENT;EFS;EUR;51;119.29000000;426;EXCHANGE_LAST;;1;1;XEUR;11820390;689;
28.04.2025;13:50:48.157;FGBM SI 20250606 PS;SIMPLE_INSTRUMENT;EFP_FIN;EUR;52;119.32000000;193;EXCHANGE_LAST;;1;1;XEUR;11820390;689;
28.04.2025;13:54:41.134;FGBM SI 20250606 PS;SIMPLE_INSTRUMENT;EFP_FIN;EUR;53;119.33000000;426;EXCHANGE_LAST;;1;1;XEUR;11820390;689;
28.04.2025;14:06:05.966;FGBM SI 20250606 PS;SIMPLE_INSTRUMENT;EFS;EUR;54;119.36000000;851;EXCHANGE_LAST;;1;1;XEUR;11820390;689;
28.04.2025;14:08:13.716;FGBM SI 20250606 PS;SIMPLE_INSTRUMENT;EFS;EUR;55;119.33000000;551;EXCHANGE_LAST;;1;1;XEUR;11820390;689;
28.04.2025;14:12:13.704;FGBM SI 20250606 PS;SIMPLE_INSTRUMENT;EFS;EUR;56;119.36000000;919;EXCHANGE_LAST;;1;1;XEUR;11820390;689;
28.04.2025;14:13:18.092;FGBM SI 20250606 PS;SIMPLE_INSTRUMENT;EFS;EUR;57;119.35000000;2789;EXCHANGE_LAST;;1;1;XEUR;11820390;689;
28.04.2025;14:14:58.948;FGBM SI 20250606 PS;SIMPLE_INSTRUMENT;EFS;EUR;58;119.35000000;460;EXCHANGE_LAST;;1;1;XEUR;11820390;689;
28.04.2025;14:16:40.679;FGBM SI 20250606 PS;SIMPLE_INSTRUMENT;EFS;EUR;59;119.36000000;1382;EXCHANGE_LAST;;1;1;XEUR;11820390;689;
28.04.2025;14:45:23.755;FGBM SI 20250606 PS;SIMPLE_INSTRUMENT;EFS;EUR;60;119.33000000;808;EXCHANGE_LAST;;1;1;XEUR;11820390;689;
28.04.2025;14:56:13.249;FGBM SI 20250606 PS;SIMPLE_INSTRUMENT;EFP_FIN;EUR;61;119.32000000;192;EXCHANGE_LAST;;1;1;XEUR;11820390;689;
28.04.2025;14:58:39.162;FGBM SI 20250606 PS;SIMPLE_INSTRUMENT;EFP_FIN;EUR;62;119.32000000;163;EXCHANGE_LAST;;1;1;XEUR;11820390;689;
28.04.2025;14:59:39.658;FGBM SI 20250606 PS;SIMPLE_INSTRUMENT;EFP_FIN;EUR;63;119.32000000;252;EXCHANGE_LAST;;1;1;XEUR;11820390;689;
28.04.2025;15:04:54.864;FGBM SI 20250606 PS;SIMPLE_INSTRUMENT;EFP_FIN;EUR;64;119.33000000;82;EXCHANGE_LAST;;1;1;XEUR;11820390;689;
28.04.2025;15:13:51.270;FGBM SI 20250606 PS;SIMPLE_INSTRUMENT;EFS;EUR;65;119.38000000;920;EXCHANGE_LAST;;1;1;XEUR;11820390;689;
28.04.2025;15:39:29.567;FGBM SI 20250606 PS;SIMPLE_INSTRUMENT;EFP_FIN;EUR;66;119.36000000;273;EXCHANGE_LAST;;1;1;XEUR;11820390;689;
28.04.2025;16:55:07.763;FGBM SI 20250606 PS;SIMPLE_INSTRUMENT;EFP_FIN;EUR;67;119.36000000;613;EXCHANGE_LAST;;1;1;XEUR;11820390;689;
28.04.2025;07:37:33.416;FGBS SI 20250606 PS;SIMPLE_INSTRUMENT;EFP_FIN;EUR;1;107.50500000;2928;EXCHANGE_LAST;;1;1;XEUR;11820391;690;
28.04.2025;08:11:42.483;FGBS SI 20250606 PS;SIMPLE_INSTRUMENT;EFS;EUR;2;107.49000000;2393;EXCHANGE_LAST;;1;1;XEUR;11820391;690;
28.04.2025;08:11:56.154;FGBS SI 20250606 PS;SIMPLE_INSTRUMENT;EFP_FIN;EUR;3;107.48000000;481;EXCHANGE_LAST;;1;1;XEUR;11820391;690;
28.04.2025;08:13:46.492;FGBS SI 20250606 PS;SIMPLE_INSTRUMENT;EFS;EUR;4;107.49000000;2393;EXCHANGE_LAST;;1;1;XEUR;11820391;690;
28.04.2025;08:37:22.842;FGBS SI 20250606 PS;SIMPLE_INSTRUMENT;EFP_FIN;EUR;5;107.48000000;980;EXCHANGE_LAST;;1;1;XEUR;11820391;690;
28.04.2025;08:38:03.268;FGBS SI 20250606 PS;SIMPLE_INSTRUMENT;EFP_FIN;EUR;6;107.48000000;653;EXCHANGE_LAST;;1;1;XEUR;11820391;690;
28.04.2025;08:51:29.587;FGBS SI 20250606 PS;SIMPLE_INSTRUMENT;EFS;EUR;7;107.49000000;1437;EXCHANGE_LAST;;1;1;XEUR;11820391;690;
28.04.2025;09:01:15.366;FGBS SI 20250606 PS;SIMPLE_INSTRUMENT;EFS;EUR;8;107.49000000;520;EXCHANGE_LAST;;1;1;XEUR;11820391;690;
28.04.2025;09:05:51.107;FGBS SI 20250606 PS;SIMPLE_INSTRUMENT;EFS;EUR;9;107.49000000;2393;EXCHANGE_LAST;;1;1;XEUR;11820391;690;
28.04.2025;09:05:40.106;FGBS SI 20250606 PS;SIMPLE_INSTRUMENT;EFS;EUR;10;107.49000000;2393;EXCHANGE_LAST;;1;1;XEUR;11820391;690;
28.04.2025;09:13:48.670;FGBS SI 20250606 PS;SIMPLE_INSTRUMENT;EFS;EUR;11;107.49000000;1096;EXCHANGE_LAST;;1;1;XEUR;11820391;690;
28.04.2025;09:47:16.222;FGBS SI 20250606 PS;SIMPLE_INSTRUMENT;EFS;EUR;12;107.48000000;2719;EXCHANGE_LAST;;1;1;XEUR;11820391;690;
28.04.2025;09:59:20.953;FGBS SI 20250606 PS;SIMPLE_INSTRUMENT;EFP_FIN;EUR;13;107.47000000;132;EXCHANGE_LAST;;1;1;XEUR;11820391;690;
28.04.2025;10:40:05.930;FGBS SI 20250606 PS;SIMPLE_INSTRUMENT;EFS;EUR;14;107.47000000;1628;EXCHANGE_LAST;;1;1;XEUR;11820391;690;
28.04.2025;11:18:00.983;FGBS SI 20250606 PS;SIMPLE_INSTRUMENT;EFP_FIN;EUR;15;107.48000000;1314;EXCHANGE_LAST;;1;1;XEUR;11820391;690;
28.04.2025;11:22:58.977;FGBS SI 20250606 PS;SIMPLE_INSTRUMENT;EFS;EUR;16;107.48000000;2534;EXCHANGE_LAST;;1;1;XEUR;11820391;690;
28.04.2025;12:18:48.284;FGBS SI 20250606 PS;SIMPLE_INSTRUMENT;EFS;EUR;17;107.50000000;5435;EXCHANGE_LAST;;1;1;XEUR;11820391;690;
28.04.2025;12:20:43.227;FGBS SI 20250606 PS;SIMPLE_INSTRUMENT;EFP_FIN;EUR;18;107.50000000;1747;EXCHANGE_LAST;;1;1;XEUR;11820391;690;
28.04.2025;12:26:52.406;FGBS SI 20250606 PS;SIMPLE_INSTRUMENT;EFS;EUR;19;107.50000000;4000;EXCHANGE_LAST;;1;1;XEUR;11820391;690;
28.04.2025;13:20:03.195;FGBS SI 20250606 PS;SIMPLE_INSTRUMENT;EFS;EUR;20;107.48000000;5437;EXCHANGE_LAST;;1;1;XEUR;11820391;690;
28.04.2025;13:49:06.175;FGBS SI 20250606 PS;SIMPLE_INSTRUMENT;EFP_FIN;EUR;21;107.47500000;135;EXCHANGE_LAST;;1;1;XEUR;11820391;690;
28.04.2025;13:50:21.773;FGBS SI 20250606 PS;SIMPLE_INSTRUMENT;EFP_FIN;EUR;22;107.47500000;780;EXCHANGE_LAST;;1;1;XEUR;11820391;690;
28.04.2025;14:07:17.851;FGBS SI 20250606 PS;SIMPLE_INSTRUMENT;EFS;EUR;23;107.50000000;2717;EXCHANGE_LAST;;1;1;XEUR;11820391;690;
28.04.2025;14:15:36.579;FGBS SI 20250606 PS;SIMPLE_INSTRUMENT;EFP_FIN;EUR;24;107.50000000;328;EXCHANGE_LAST;;1;1;XEUR;11820391;690;
28.04.2025;14:15:36.579;FGBS SI 20250606 PS;SIMPLE_INSTRUMENT;EFP_FIN;EUR;25;107.50000000;2815;EXCHANGE_LAST;;1;1;XEUR;11820391;690;
28.04.2025;14:39:03.758;FGBS SI 20250606 PS;SIMPLE_INSTRUMENT;EFS;EUR;26;107.50000000;2989;EXCHANGE_LAST;;1;1;XEUR;11820391;690;
28.04.2025;14:41:40.763;FGBS SI 20250606 PS;SIMPLE_INSTRUMENT;EFS;EUR;27;107.49500000;2718;EXCHANGE_LAST;;1;1;XEUR;11820391;690;
28.04.2025;14:44:37.284;FGBS SI 20250606 PS;SIMPLE_INSTRUMENT;EFS;EUR;28;107.50000000;2387;EXCHANGE_LAST;;1;1;XEUR;11820391;690;
28.04.2025;15:03:19.107;FGBS SI 20250606 PS;SIMPLE_INSTRUMENT;EFP_FIN;EUR;29;107.50000000;300;EXCHANGE_LAST;;1;1;XEUR;11820391;690;
28.04.2025;15:18:21.104;FGBS SI 20250606 PS;SIMPLE_INSTRUMENT;EFS;EUR;30;107.51000000;1193;EXCHANGE_LAST;;1;1;XEUR;11820391;690;
28.04.2025;07:28:06.197;FGBX SI 20250606 PS;SIMPLE_INSTRUMENT;EFS;EUR;1;123.60000000;53;EXCHANGE_LAST;;1;1;XEUR;11820392;691;
28.04.2025;07:50:51.593;FGBX SI 20250606 PS;SIMPLE_INSTRUMENT;EFS;EUR;3;123.46000000;202;EXCHANGE_LAST;;1;1;XEUR;11820392;691;
28.04.2025;09:04:24.534;FGBX SI 20250606 PS;SIMPLE_INSTRUMENT;EFS;EUR;4;123.14000000;178;EXCHANGE_LAST;;1;1;XEUR;11820392;691;
28.04.2025;09:47:51.364;FGBX SI 20250606 PS;SIMPLE_INSTRUMENT;EFS;EUR;5;122.86000000;53;EXCHANGE_LAST;;1;1;XEUR;11820392;691;
28.04.2025;10:50:59.794;FGBX SI 20250606 PS;SIMPLE_INSTRUMENT;EFP_FIN;EUR;7;122.72000000;71;EXCHANGE_LAST;;1;1;XEUR;11820392;691;
28.04.2025;11:01:05.988;FGBX SI 20250606 PS;SIMPLE_INSTRUMENT;EFS;EUR;8;122.72000000;95;EXCHANGE_LAST;;1;1;XEUR;11820392;691;
28.04.2025;11:17:03.045;FGBX SI 20250606 PS;SIMPLE_INSTRUMENT;EFP_FIN;EUR;10;122.76000000;72;EXCHANGE_LAST;;1;1;XEUR;11820392;691;
28.04.2025;13:08:22.422;FGBX SI 20250606 PS;SIMPLE_INSTRUMENT;EFS;EUR;13;122.86000000;586;EXCHANGE_LAST;;1;1;XEUR;11820392;691;
28.04.2025;14:35:26.648;FGBX SI 20250606 PS;SIMPLE_INSTRUMENT;EFS;EUR;19;122.84000000;71;EXCHANGE_LAST;;1;1;XEUR;11820392;691;
28.04.2025;14:53:58.389;FGBX SI 20250606 PS;SIMPLE_INSTRUMENT;EFP_FIN;EUR;20;122.76000000;140;EXCHANGE_LAST;;1;1;XEUR;11820392;691;
28.04.2025;15:37:47.332;FGBX SI 20250606 PS;SIMPLE_INSTRUMENT;BLOCK;EUR;22;123.00000000;663;EXCHANGE_LAST;;1;1;XEUR;11820392;691;
28.04.2025;15:38:09.333;FGBX SI 20250606 PS;SIMPLE_INSTRUMENT;BLOCK;EUR;23;123.02000000;662;EXCHANGE_LAST;;1;1;XEUR;11820392;691;
28.04.2025;15:40:04.637;FGBX SI 20250606 PS;SIMPLE_INSTRUMENT;EFS;EUR;24;123.10000000;2962;EXCHANGE_LAST;;1;1;XEUR;11820392;691;
28.04.2025;06:35:49.294;FMCH SI 20250620 CS;SIMPLE_INSTRUMENT;BLOCK;USD;9;559.50000000;80;EXCHANGE_LAST;;1;1;XEUR;7940815;402909;
28.04.2025;09:44:43.310;FMCH SI 20250620 CS;SIMPLE_INSTRUMENT;BLOCK;USD;21;560.60000000;626;EXCHANGE_LAST;;1;1;XEUR;7940815;402909;
28.04.2025;10:01:40.404;FMCH SI 20250620 CS;SIMPLE_INSTRUMENT;BLOCK;USD;25;560.50000000;626;EXCHANGE_LAST;;1;1;XEUR;7940815;402909;
28.04.2025;06:26:15.481;FMCL SI 20250620 CS;SIMPLE_INSTRUMENT;EFP_IDX;USD;3;348.22000000;4;EXCHANGE_LAST;;1;1;XEUR;7938829;12398;
28.04.2025;15:46:12.689;FMCP SI 20250620 CS;SIMPLE_INSTRUMENT;EFP_IDX;EUR;45;550.10000000;360;EXCHANGE_LAST;;1;1;XEUR;11880750;662;
28.04.2025;15:46:30.529;FMCP SI 20250620 CS;SIMPLE_INSTRUMENT;EFP_IDX;EUR;46;550.20000000;40;EXCHANGE_LAST;;1;1;XEUR;11880750;662;
28.04.2025;15:52:39.095;FMCP SI 20250620 CS;SIMPLE_INSTRUMENT;EFP_IDX;EUR;48;550.80000000;34;EXCHANGE_LAST;;1;1;XEUR;11880750;662;
28.04.2025;15:52:55.690;FMCP SI 20250620 CS;SIMPLE_INSTRUMENT;EFP_IDX;EUR;49;550.10000000;106;EXCHANGE_LAST;;1;1;XEUR;11880750;662;
28.04.2025;03:00:13.255;FMEA SI 20250620 CS;SIMPLE_INSTRUMENT;BLOCK;USD;2;690.07200000;1560;EXCHANGE_LAST;;1;1;XEUR;7938804;12395;
28.04.2025;15:48:07.240;FMEF SI 20250620 CS;SIMPLE_INSTRUMENT;BLOCK;USD;68;1103.00000000;141;EXCHANGE_LAST;;1;1;XEUR;7408968;30657;
28.04.2025;15:50:22.248;FMEF SI 20250620 CS;SIMPLE_INSTRUMENT;BLOCK;USD;77;1103.00000000;94;EXCHANGE_LAST;;1;1;XEUR;7408968;30657;
28.04.2025;06:33:25.969;FMEL SI 20250620 CS;SIMPLE_INSTRUMENT;BLOCK;USD;8;569.97900000;190;EXCHANGE_LAST;;1;1;XEUR;7938814;12397;
28.04.2025;06:42:19.989;FMEM SI 20250620 CS;SIMPLE_INSTRUMENT;EFP_IDX;USD;10;593.17000000;69;EXCHANGE_LAST;;1;1;XEUR;7938803;12394;
28.04.2025;06:58:05.854;FMEN SI 20250620 CS;SIMPLE_INSTRUMENT;EFP_IDX;EUR;15;488.34400000;9;EXCHANGE_LAST;;1;1;XEUR;7939172;30652;
28.04.2025;06:28:09.848;FMEU SI 20250620 CS;SIMPLE_INSTRUMENT;EFP_IDX;EUR;5;349.03000000;42;EXCHANGE_LAST;;1;1;XEUR;7938710;7058;
28.04.2025;13:47:01.717;FMGO SI 20250620 CS;SIMPLE_INSTRUMENT;BLOCK;USD;54;5500.00000000;54;EXCHANGE_LAST;;1;1;XEUR;8609371;583623;
28.04.2025;04:33:25.922;FMHK SI 20250620 CS;SIMPLE_INSTRUMENT;BLOCK;USD;3;57952.85000000;16;EXCHANGE_LAST;;1;1;XEUR;7939458;45282;
28.04.2025;01:59:13.517;FMID SI 20250620 CS;SIMPLE_INSTRUMENT;BLOCK;USD;2;1419.50700000;107;EXCHANGE_LAST;;1;1;XEUR;7939464;45289;
28.04.2025;07:21:02.315;FMID SI 20250620 CS;SIMPLE_INSTRUMENT;BLOCK;USD;4;1420.77100000;225;EXCHANGE_LAST;;1;1;XEUR;7939464;45289;
28.04.2025;08:23:43.813;FMID SI 20250620 CS;SIMPLE_INSTRUMENT;BLOCK;USD;5;1420.20700000;362;EXCHANGE_LAST;;1;2;XEUR;7939464;45289;
28.04.2025;06:31:22.200;FMIN SI 20250620 CS;SIMPLE_INSTRUMENT;BLOCK;USD;6;1247.42000000;298;EXCHANGE_LAST;;1;1;XEUR;7938852;12404;
28.04.2025;07:12:14.901;FMIN SI 20250620 CS;SIMPLE_INSTRUMENT;BLOCK;USD;14;1247.87600000;78;EXCHANGE_LAST;;1;1;XEUR;7938852;12404;
28.04.2025;08:42:21.432;FMIN SI 20250620 CS;SIMPLE_INSTRUMENT;BLOCK;USD;19;1247.87600000;72;EXCHANGE_LAST;;1;1;XEUR;7938852;12404;
28.04.2025;10:38:40.585;FMIN SI 20250620 CS;SIMPLE_INSTRUMENT;BLOCK;USD;30;1269.20000000;112;EXCHANGE_LAST;;1;1;XEUR;7938852;12404;
28.04.2025;02:34:23.842;FMJP SI 20250620 CS;SIMPLE_INSTRUMENT;BLOCK;USD;1;8942.48900000;66;EXCHANGE_LAST;;1;1;XEUR;7937445;661;
28.04.2025;11:11:37.936;FMJP SI 20250620 CS;SIMPLE_INSTRUMENT;BLOCK;USD;35;9060.00000000;50;EXCHANGE_LAST;;1;1;XEUR;7937445;661;
28.04.2025;07:13:44.528;FMMU SI 20250620 CS;SIMPLE_INSTRUMENT;EFP_IDX;EUR;16;316.99400000;14;EXCHANGE_LAST;;1;1;XEUR;7939646;48138;
28.04.2025;07:14:48.287;FMMU SI 20250620 CS;SIMPLE_INSTRUMENT;EFP_IDX;EUR;17;316.99300000;66;EXCHANGE_LAST;;1;1;XEUR;7939646;48138;
28.04.2025;00:40:08.335;FMTW SI 20250620 CS;SIMPLE_INSTRUMENT;BLOCK;USD;1;720.98800000;20;EXCHANGE_LAST;;1;1;XEUR;7939790;51884;
28.04.2025;06:32:19.216;FMWN SI 20250620 CS;SIMPLE_INSTRUMENT;BLOCK;EUR;7;519.71000000;550;EXCHANGE_LAST;;1;1;XEUR;7939177;30654;
28.04.2025;06:45:43.202;FMWN SI 20250620 CS;SIMPLE_INSTRUMENT;BLOCK;EUR;11;520.36800000;182;EXCHANGE_LAST;;1;1;XEUR;7939177;30654;
28.04.2025;06:06:53.992;FMWO SI 20250620 CS;SIMPLE_INSTRUMENT;EFP_IDX;USD;4;11579.33000000;132;EXCHANGE_LAST;;1;1;XEUR;7938711;7059;
28.04.2025;06:54:04.798;FMWO SI 20250620 CS;SIMPLE_INSTRUMENT;EFP_IDX;USD;12;11576.83000000;158;EXCHANGE_LAST;;1;1;XEUR;7938711;7059;
28.04.2025;06:51:46.450;FMWO SI 20250620 CS;SIMPLE_INSTRUMENT;EFP_IDX;USD;13;11586.83000000;58;EXCHANGE_LAST;;1;1;XEUR;7938711;7059;
28.04.2025;07:28:59.018;FMWO SI 20250620 CS;SIMPLE_INSTRUMENT;BLOCK;USD;18;11579.12700000;108;EXCHANGE_LAST;;1;1;XEUR;7938711;7059;
28.04.2025;08:51:46.605;FMWO SI 20250620 CS;SIMPLE_INSTRUMENT;BLOCK;USD;20;11565.00000000;336;EXCHANGE_LAST;;1;1;XEUR;7938711;7059;
28.04.2025;15:36:00.060;FMWO SI 20250620 CS;SIMPLE_INSTRUMENT;BLOCK;USD;67;11602.00000000;173;EXCHANGE_LAST;;1;1;XEUR;7938711;7059;
28.04.2025;07:26:55.952;FOAT SI 20250606 PS;SIMPLE_INSTRUMENT;EFP_FIN;EUR;1;125.24000000;472;EXCHANGE_LAST;;1;1;XEUR;11820393;749;
28.04.2025;08:11:32.430;FOAT SI 20250606 PS;SIMPLE_INSTRUMENT;EFP_FIN;EUR;2;125.15000000;322;EXCHANGE_LAST;;1;1;XEUR;11820393;749;
28.04.2025;08:09:15.565;FOAT SI 20250606 PS;SIMPLE_INSTRUMENT;EFP_FIN;EUR;3;125.15000000;256;EXCHANGE_LAST;;1;1;XEUR;11820393;749;
28.04.2025;08:18:04.692;FOAT SI 20250606 PS;SIMPLE_INSTRUMENT;EFP_FIN;EUR;4;125.24000000;79;EXCHANGE_LAST;;1;1;XEUR;11820393;749;
28.04.2025;08:27:29.146;FOAT SI 20250606 PS;SIMPLE_INSTRUMENT;EFP_FIN;EUR;5;125.22000000;1970;EXCHANGE_LAST;;1;1;XEUR;11820393;749;
28.04.2025;08:27:48.224;FOAT SI 20250606 PS;SIMPLE_INSTRUMENT;EFP_FIN;EUR;6;125.18000000;1182;EXCHANGE_LAST;;1;1;XEUR;11820393;749;
28.04.2025;08:38:36.673;FOAT SI 20250606 PS;SIMPLE_INSTRUMENT;EFP_FIN;EUR;7;125.16000000;690;EXCHANGE_LAST;;1;1;XEUR;11820393;749;
28.04.2025;08:43:12.307;FOAT SI 20250606 PS;SIMPLE_INSTRUMENT;EFP_FIN;EUR;8;125.22000000;1576;EXCHANGE_LAST;;1;1;XEUR;11820393;749;
28.04.2025;08:44:45.660;FOAT SI 20250606 PS;SIMPLE_INSTRUMENT;EFP_FIN;EUR;9;125.18000000;168;EXCHANGE_LAST;;1;1;XEUR;11820393;749;
28.04.2025;08:54:07.474;FOAT SI 20250606 PS;SIMPLE_INSTRUMENT;EFP_FIN;EUR;10;125.18000000;433;EXCHANGE_LAST;;1;1;XEUR;11820393;749;
28.04.2025;09:05:08.637;FOAT SI 20250606 PS;SIMPLE_INSTRUMENT;EFP_FIN;EUR;11;125.10000000;1576;EXCHANGE_LAST;;1;1;XEUR;11820393;749;
28.04.2025;09:08:57.391;FOAT SI 20250606 PS;SIMPLE_INSTRUMENT;EFP_FIN;EUR;12;125.20000000;1024;EXCHANGE_LAST;;1;1;XEUR;11820393;749;
28.04.2025;09:21:21.790;FOAT SI 20250606 PS;SIMPLE_INSTRUMENT;EFP_FIN;EUR;13;125.20000000;911;EXCHANGE_LAST;;1;1;XEUR;11820393;749;
28.04.2025;09:10:46.325;FOAT SI 20250606 PS;SIMPLE_INSTRUMENT;EFP_FIN;EUR;14;125.20000000;1182;EXCHANGE_LAST;;1;1;XEUR;11820393;749;
28.04.2025;09:13:56.960;FOAT SI 20250606 PS;SIMPLE_INSTRUMENT;EFP_FIN;EUR;15;125.20000000;365;EXCHANGE_LAST;;1;1;XEUR;11820393;749;
28.04.2025;09:14:43.298;FOAT SI 20250606 PS;SIMPLE_INSTRUMENT;EFS;EUR;16;125.06000000;209;EXCHANGE_LAST;;1;1;XEUR;11820393;749;
28.04.2025;09:33:21.528;FOAT SI 20250606 PS;SIMPLE_INSTRUMENT;EFP_FIN;EUR;17;125.08000000;261;EXCHANGE_LAST;;1;1;XEUR;11820393;749;
28.04.2025;09:39:33.023;FOAT SI 20250606 PS;SIMPLE_INSTRUMENT;EFP_FIN;EUR;18;125.07000000;80;EXCHANGE_LAST;;1;1;XEUR;11820393;749;
28.04.2025;09:44:43.222;FOAT SI 20250606 PS;SIMPLE_INSTRUMENT;EFP_FIN;EUR;19;125.07000000;591;EXCHANGE_LAST;;1;1;XEUR;11820393;749;
28.04.2025;09:52:38.868;FOAT SI 20250606 PS;SIMPLE_INSTRUMENT;EFS;EUR;20;125.01000000;493;EXCHANGE_LAST;;1;1;XEUR;11820393;749;
28.04.2025;09:57:20.601;FOAT SI 20250606 PS;SIMPLE_INSTRUMENT;EFP_FIN;EUR;21;125.03000000;261;EXCHANGE_LAST;;1;1;XEUR;11820393;749;
28.04.2025;10:24:31.953;FOAT SI 20250606 PS;SIMPLE_INSTRUMENT;EFP_FIN;EUR;22;125.04000000;258;EXCHANGE_LAST;;1;1;XEUR;11820393;749;
28.04.2025;10:25:29.965;FOAT SI 20250606 PS;SIMPLE_INSTRUMENT;EFP_FIN;EUR;23;125.01000000;387;EXCHANGE_LAST;;1;1;XEUR;11820393;749;
28.04.2025;10:25:58.633;FOAT SI 20250606 PS;SIMPLE_INSTRUMENT;EFP_FIN;EUR;24;124.99000000;215;EXCHANGE_LAST;;1;1;XEUR;11820393;749;
28.04.2025;10:39:12.918;FOAT SI 20250606 PS;SIMPLE_INSTRUMENT;EFP_FIN;EUR;25;125.03000000;552;EXCHANGE_LAST;;1;1;XEUR;11820393;749;
28.04.2025;10:45:02.001;FOAT SI 20250606 PS;SIMPLE_INSTRUMENT;EFP_FIN;EUR;26;125.04000000;788;EXCHANGE_LAST;;1;1;XEUR;11820393;749;
28.04.2025;10:45:02.001;FOAT SI 20250606 PS;SIMPLE_INSTRUMENT;EFP_FIN;EUR;27;125.04000000;788;EXCHANGE_LAST;;1;1;XEUR;11820393;749;
28.04.2025;11:02:43.569;FOAT SI 20250606 PS;SIMPLE_INSTRUMENT;EFP_FIN;EUR;28;124.98000000;788;EXCHANGE_LAST;;1;1;XEUR;11820393;749;
28.04.2025;11:14:24.625;FOAT SI 20250606 PS;SIMPLE_INSTRUMENT;EFP_FIN;EUR;29;125.01000000;518;EXCHANGE_LAST;;1;1;XEUR;11820393;749;
28.04.2025;11:15:00.904;FOAT SI 20250606 PS;SIMPLE_INSTRUMENT;EFP_FIN;EUR;30;124.98000000;788;EXCHANGE_LAST;;1;1;XEUR;11820393;749;
28.04.2025;11:17:38.152;FOAT SI 20250606 PS;SIMPLE_INSTRUMENT;EFP_FIN;EUR;31;124.98000000;788;EXCHANGE_LAST;;1;1;XEUR;11820393;749;
28.04.2025;11:19:55.403;FOAT SI 20250606 PS;SIMPLE_INSTRUMENT;EFP_FIN;EUR;32;125.02000000;827;EXCHANGE_LAST;;1;1;XEUR;11820393;749;
28.04.2025;11:20:57.972;FOAT SI 20250606 PS;SIMPLE_INSTRUMENT;EFP_FIN;EUR;33;125.00000000;261;EXCHANGE_LAST;;1;1;XEUR;11820393;749;
28.04.2025;11:33:43.011;FOAT SI 20250606 PS;SIMPLE_INSTRUMENT;EFP_FIN;EUR;34;124.96000000;247;EXCHANGE_LAST;;1;1;XEUR;11820393;749;
28.04.2025;11:35:41.774;FOAT SI 20250606 PS;SIMPLE_INSTRUMENT;EFP_FIN;EUR;35;125.02000000;607;EXCHANGE_LAST;;1;1;XEUR;11820393;749;
28.04.2025;11:54:45.559;FOAT SI 20250606 PS;SIMPLE_INSTRUMENT;EFP_FIN;EUR;36;125.02000000;243;EXCHANGE_LAST;;1;1;XEUR;11820393;749;
28.04.2025;11:55:08.716;FOAT SI 20250606 PS;SIMPLE_INSTRUMENT;EFP_FIN;EUR;37;125.02000000;607;EXCHANGE_LAST;;1;1;XEUR;11820393;749;
28.04.2025;11:55:09.505;FOAT SI 20250606 PS;SIMPLE_INSTRUMENT;EFP_FIN;EUR;38;124.97000000;788;EXCHANGE_LAST;;1;1;XEUR;11820393;749;
28.04.2025;11:55:36.254;FOAT SI 20250606 PS;SIMPLE_INSTRUMENT;EFP_FIN;EUR;39;124.97000000;788;EXCHANGE_LAST;;1;1;XEUR;11820393;749;
28.04.2025;11:56:44.519;FOAT SI 20250606 PS;SIMPLE_INSTRUMENT;EFP_FIN;EUR;40;124.96000000;788;EXCHANGE_LAST;;1;1;XEUR;11820393;749;
28.04.2025;12:03:50.059;FOAT SI 20250606 PS;SIMPLE_INSTRUMENT;BLOCK;EUR;41;125.00000000;2073;EXCHANGE_LAST;;1;1;XEUR;11820393;749;
28.04.2025;12:15:58.373;FOAT SI 20250606 PS;SIMPLE_INSTRUMENT;EFP_FIN;EUR;42;125.00000000;851;EXCHANGE_LAST;;1;1;XEUR;11820393;749;
28.04.2025;12:38:51.035;FOAT SI 20250606 PS;SIMPLE_INSTRUMENT;EFP_FIN;EUR;43;125.03000000;364;EXCHANGE_LAST;;1;1;XEUR;11820393;749;
28.04.2025;12:43:59.411;FOAT SI 20250606 PS;SIMPLE_INSTRUMENT;EFP_FIN;EUR;44;125.01000000;788;EXCHANGE_LAST;;1;1;XEUR;11820393;749;
28.04.2025;12:53:31.445;FOAT SI 20250606 PS;SIMPLE_INSTRUMENT;EFP_FIN;EUR;45;125.02000000;788;EXCHANGE_LAST;;1;1;XEUR;11820393;749;
28.04.2025;13:10:46.786;FOAT SI 20250606 PS;SIMPLE_INSTRUMENT;EFP_FIN;EUR;46;124.98000000;788;EXCHANGE_LAST;;1;1;XEUR;11820393;749;
28.04.2025;13:17:31.771;FOAT SI 20250606 PS;SIMPLE_INSTRUMENT;EFP_FIN;EUR;47;125.02000000;788;EXCHANGE_LAST;;1;1;XEUR;11820393;749;
28.04.2025;13:20:06.470;FOAT SI 20250606 PS;SIMPLE_INSTRUMENT;EFP_FIN;EUR;48;125.04000000;360;EXCHANGE_LAST;;1;1;XEUR;11820393;749;
28.04.2025;13:25:33.588;FOAT SI 20250606 PS;SIMPLE_INSTRUMENT;EFP_FIN;EUR;49;124.95000000;869;EXCHANGE_LAST;;1;1;XEUR;11820393;749;
28.04.2025;13:23:03.719;FOAT SI 20250606 PS;SIMPLE_INSTRUMENT;EFS;EUR;50;124.98000000;869;EXCHANGE_LAST;;1;1;XEUR;11820393;749;
28.04.2025;13:23:46.371;FOAT SI 20250606 PS;SIMPLE_INSTRUMENT;EFP_FIN;EUR;51;124.95000000;356;EXCHANGE_LAST;;1;1;XEUR;11820393;749;
28.04.2025;13:41:19.303;FOAT SI 20250606 PS;SIMPLE_INSTRUMENT;EFP_FIN;EUR;52;125.10000000;788;EXCHANGE_LAST;;1;1;XEUR;11820393;749;
28.04.2025;13:53:07.635;FOAT SI 20250606 PS;SIMPLE_INSTRUMENT;EFP_FIN;EUR;53;125.09000000;1182;EXCHANGE_LAST;;1;1;XEUR;11820393;749;
28.04.2025;14:15:36.600;FOAT SI 20250606 PS;SIMPLE_INSTRUMENT;EFP_FIN;EUR;55;125.08000000;788;EXCHANGE_LAST;;1;1;XEUR;11820393;749;
28.04.2025;14:15:36.580;FOAT SI 20250606 PS;SIMPLE_INSTRUMENT;EFP_FIN;EUR;56;125.08000000;1576;EXCHANGE_LAST;;1;1;XEUR;11820393;749;
28.04.2025;14:22:33.165;FOAT SI 20250606 PS;SIMPLE_INSTRUMENT;EFP_FIN;EUR;57;125.06000000;788;EXCHANGE_LAST;;1;1;XEUR;11820393;749;
28.04.2025;14:31:07.976;FOAT SI 20250606 PS;SIMPLE_INSTRUMENT;EFP_FIN;EUR;58;125.06000000;394;EXCHANGE_LAST;;1;1;XEUR;11820393;749;
28.04.2025;14:41:36.276;FOAT SI 20250606 PS;SIMPLE_INSTRUMENT;EFP_FIN;EUR;59;125.10000000;1655;EXCHANGE_LAST;;1;1;XEUR;11820393;749;
28.04.2025;14:40:24.059;FOAT SI 20250606 PS;SIMPLE_INSTRUMENT;EFP_FIN;EUR;60;125.10000000;2452;EXCHANGE_LAST;;1;1;XEUR;11820393;749;
28.04.2025;14:59:52.984;FOAT SI 20250606 PS;SIMPLE_INSTRUMENT;BLOCK;EUR;61;125.07000000;741;EXCHANGE_LAST;;1;1;XEUR;11820393;749;
28.04.2025;15:02:15.376;FOAT SI 20250606 PS;SIMPLE_INSTRUMENT;EFP_FIN;EUR;62;125.06000000;136;EXCHANGE_LAST;;1;1;XEUR;11820393;749;
28.04.2025;15:13:14.995;FOAT SI 20250606 PS;SIMPLE_INSTRUMENT;EFP_FIN;EUR;64;125.16000000;60;EXCHANGE_LAST;;1;1;XEUR;11820393;749;
28.04.2025;15:33:47.309;FOAT SI 20250606 PS;SIMPLE_INSTRUMENT;EFP_FIN;EUR;65;125.16000000;197;EXCHANGE_LAST;;1;1;XEUR;11820393;749;
28.04.2025;15:37:04.580;FOAT SI 20250606 PS;SIMPLE_INSTRUMENT;EFP_FIN;EUR;67;125.20000000;454;EXCHANGE_LAST;;1;1;XEUR;11820393;749;
28.04.2025;15:35:21.615;FOAT SI 20250606 PS;SIMPLE_INSTRUMENT;EFP_FIN;EUR;68;125.20000000;108;EXCHANGE_LAST;;1;1;XEUR;11820393;749;
28.04.2025;15:45:58.234;FOAT SI 20250606 PS;SIMPLE_INSTRUMENT;EFP_FIN;EUR;69;125.15000000;741;EXCHANGE_LAST;;1;1;XEUR;11820393;749;
28.04.2025;15:54:04.763;FOAT SI 20250606 PS;SIMPLE_INSTRUMENT;EFP_FIN;EUR;70;125.11000000;197;EXCHANGE_LAST;;1;1;XEUR;11820393;749;
28.04.2025;16:04:39.164;FOAT SI 20250606 PS;SIMPLE_INSTRUMENT;EFP_FIN;EUR;71;125.11000000;79;EXCHANGE_LAST;;1;1;XEUR;11820393;749;
28.04.2025;12:53:52.384;FOT SI 20250619 PS AM P 12.50 0;SIMPLE_INSTRUMENT;BLOCK;EUR;8;0.18000000;1250;EXCHANGE_LAST;;1;1;XEUR;13125971;751;
28.04.2025;12:54:05.738;FOT SI 20250619 PS AM P 12.50 0;SIMPLE_INSTRUMENT;BLOCK;EUR;9;0.19000000;1250;EXCHANGE_LAST;;1;1;XEUR;13125971;751;
28.04.2025;10:16:46.419;FRE SI 20250516 PS AM C 40.00 0;SIMPLE_INSTRUMENT;BLOCK;EUR;9;1.40000000;1000;EXCHANGE_LAST;;1;1;XEUR;12820232;760;
28.04.2025;15:58:11.705;FSCP SI 20250620 CS;SIMPLE_INSTRUMENT;BLOCK;EUR;50;333.50000000;450;EXCHANGE_LAST;;2;1;XEUR;11881879;764;
28.04.2025;15:58:04.176;FSCP SI 20250620 CS;SIMPLE_INSTRUMENT;BLOCK;EUR;51;333.60000000;1050;EXCHANGE_LAST;;2;1;XEUR;11881879;764;
28.04.2025;15:44:10.018;FSEG SI 20250620 CS;SIMPLE_INSTRUMENT;EFP_IDX;EUR;43;192.10000000;15;EXCHANGE_LAST;;1;1;XEUR;11913120;109977;
28.04.2025;15:44:18.539;FSEG SI 20250620 CS;SIMPLE_INSTRUMENT;EFP_IDX;EUR;44;192.00000000;13;EXCHANGE_LAST;;1;1;XEUR;11913120;109977;
28.04.2025;07:44:12.791;FSLS SI 20250620 CS;SIMPLE_INSTRUMENT;BLOCK;EUR;1;150.80000000;65;EXCHANGE_LAST;;1;1;XEUR;11914927;173550;
28.04.2025;12:43:51.945;FSMI SI 20250620 CS;SIMPLE_INSTRUMENT;BLOCK;CHF;1;11940.00000000;506;EXCHANGE_LAST;;1;1;XEUR;7904351;757;
28.04.2025;15:46:39.491;FSMI SI 20250620 CS;SIMPLE_INSTRUMENT;EFP_IDX;CHF;2;11996.00000000;375;EXCHANGE_LAST;;1;1;XEUR;7904351;757;
28.04.2025;15:46:55.460;FSMI SI 20250620 CS;SIMPLE_INSTRUMENT;EFP_IDX;CHF;3;11995.00000000;125;EXCHANGE_LAST;;1;1;XEUR;7904351;757;
28.04.2025;15:15:55.485;FSMX SI 20250620 CS;SIMPLE_INSTRUMENT;BLOCK;EUR;41;28591.00000000;250;EXCHANGE_LAST;;1;1;XEUR;11923155;396422;
28.04.2025;10:25:17.891;FSTA SI 20250620 CS;SIMPLE_INSTRUMENT;BLOCK;EUR;1;514.60000000;382;EXCHANGE_LAST;;1;1;XEUR;11881326;715;
28.04.2025;15:52:43.512;FSTA SI 20250620 CS;SIMPLE_INSTRUMENT;EFP_IDX;EUR;2;511.20000000;1552;EXCHANGE_LAST;;1;1;XEUR;11881326;715;
28.04.2025;15:48:19.074;FSTB SI 20250620 CS;SIMPLE_INSTRUMENT;BLOCK;EUR;47;253.25000000;2016;EXCHANGE_LAST;;1;1;XEUR;11881325;714;
28.04.2025;15:38:14.608;FSTL SI 20250620 CS;SIMPLE_INSTRUMENT;BLOCK;EUR;42;126.80000000;250;EXCHANGE_LAST;;1;1;XEUR;11881317;706;
28.04.2025;09:59:02.886;FSTS SI 20250620 CS;SIMPLE_INSTRUMENT;VOLA;EUR;603979789;475.40000000;45;EXCHANGE_LAST;;1;1;XEUR;11881321;709;
28.04.2025;09:59:50.018;FSTS SI 20250620 CS;SIMPLE_INSTRUMENT;VOLA;EUR;603979790;475.50000000;45;EXCHANGE_LAST;;1;1;XEUR;11881321;709;
28.04.2025;07:59:33.261;FTE.O.250428.STG.000001;STANDARD_OPTION_STRATEGY;BLOCK;EUR;3;0.78000000;4000;EXCHANGE_LAST;;1;1;XEUR;72060703594263507;724;
28.04.2025;07:59:33.261;FTE SI 20250919 PS AM P 11.00 0;SIMPLE_INSTRUMENT;BLOCK;EUR;3;0.16000000;4000;PRC_DECOMP_EXCHANGE;;;;XEUR;11881723;724;EXCHANGE
28.04.2025;07:59:33.261;FTE SI 20250919 PS AM C 12.00 0;SIMPLE_INSTRUMENT;BLOCK;EUR;3;0.62000000;4000;PRC_DECOMP_EXCHANGE;;;;XEUR;11881747;724;EXCHANGE
28.04.2025;09:54:40.573;FXXP SI 20250620 CS;SIMPLE_INSTRUMENT;BLOCK;EUR;22;520.90000000;300;EXCHANGE_LAST;;1;1;XEUR;7904812;816;
28.04.2025;09:59:17.682;FXXP SI 20250620 CS;SIMPLE_INSTRUMENT;BLOCK;EUR;23;520.60000000;300;EXCHANGE_LAST;;1;1;XEUR;7904812;816;
28.04.2025;10:09:05.643;FXXP SI 20250620 CS;SIMPLE_INSTRUMENT;BLOCK;EUR;26;520.30000000;300;EXCHANGE_LAST;;1;1;XEUR;7904812;816;
28.04.2025;10:18:06.036;FXXP SI 20250620 CS;SIMPLE_INSTRUMENT;BLOCK;EUR;27;520.50000000;300;EXCHANGE_LAST;;1;1;XEUR;7904812;816;
28.04.2025;10:25:17.504;FXXP SI 20250620 CS;SIMPLE_INSTRUMENT;BLOCK;EUR;28;520.20000000;300;EXCHANGE_LAST;;1;1;XEUR;7904812;816;
28.04.2025;10:32:14.626;FXXP SI 20250620 CS;SIMPLE_INSTRUMENT;BLOCK;EUR;29;520.20000000;300;EXCHANGE_LAST;;1;1;XEUR;7904812;816;
28.04.2025;10:41:05.682;FXXP SI 20250620 CS;SIMPLE_INSTRUMENT;BLOCK;EUR;31;520.20000000;300;EXCHANGE_LAST;;1;1;XEUR;7904812;816;
28.04.2025;10:48:30.578;FXXP SI 20250620 CS;SIMPLE_INSTRUMENT;BLOCK;EUR;32;520.10000000;300;EXCHANGE_LAST;;1;1;XEUR;7904812;816;
28.04.2025;10:58:03.965;FXXP SI 20250620 CS;SIMPLE_INSTRUMENT;BLOCK;EUR;33;519.40000000;324;EXCHANGE_LAST;;1;1;XEUR;7904812;816;
28.04.2025;11:06:12.909;FXXP SI 20250620 CS;SIMPLE_INSTRUMENT;BLOCK;EUR;34;519.20000000;300;EXCHANGE_LAST;;1;1;XEUR;7904812;816;
28.04.2025;11:15:00.325;FXXP SI 20250620 CS;SIMPLE_INSTRUMENT;BLOCK;EUR;36;518.80000000;300;EXCHANGE_LAST;;1;1;XEUR;7904812;816;
28.04.2025;11:23:46.132;FXXP SI 20250620 CS;SIMPLE_INSTRUMENT;BLOCK;EUR;37;518.90000000;300;EXCHANGE_LAST;;1;1;XEUR;7904812;816;
28.04.2025;11:32:38.843;FXXP SI 20250620 CS;SIMPLE_INSTRUMENT;BLOCK;EUR;38;519.20000000;300;EXCHANGE_LAST;;1;1;XEUR;7904812;816;
28.04.2025;11:40:06.141;FXXP SI 20250620 CS;SIMPLE_INSTRUMENT;BLOCK;EUR;39;519.70000000;300;EXCHANGE_LAST;;1;1;XEUR;7904812;816;
28.04.2025;11:49:04.193;FXXP SI 20250620 CS;SIMPLE_INSTRUMENT;BLOCK;EUR;40;519.90000000;300;EXCHANGE_LAST;;1;1;XEUR;7904812;816;
28.04.2025;11:56:58.041;FXXP SI 20250620 CS;SIMPLE_INSTRUMENT;BLOCK;EUR;41;519.60000000;300;EXCHANGE_LAST;;1;1;XEUR;7904812;816;
28.04.2025;12:05:48.859;FXXP SI 20250620 CS;SIMPLE_INSTRUMENT;BLOCK;EUR;42;519.60000000;300;EXCHANGE_LAST;;1;1;XEUR;7904812;816;
28.04.2025;12:14:15.467;FXXP SI 20250620 CS;SIMPLE_INSTRUMENT;BLOCK;EUR;43;519.50000000;324;EXCHANGE_LAST;;1;1;XEUR;7904812;816;
28.04.2025;12:22:31.416;FXXP SI 20250620 CS;SIMPLE_INSTRUMENT;BLOCK;EUR;44;519.40000000;300;EXCHANGE_LAST;;1;1;XEUR;7904812;816;
28.04.2025;12:30:48.885;FXXP SI 20250620 CS;SIMPLE_INSTRUMENT;BLOCK;EUR;45;519.70000000;300;EXCHANGE_LAST;;1;1;XEUR;7904812;816;
28.04.2025;12:40:02.679;FXXP SI 20250620 CS;SIMPLE_INSTRUMENT;BLOCK;EUR;46;519.80000000;300;EXCHANGE_LAST;;1;1;XEUR;7904812;816;
28.04.2025;12:48:01.811;FXXP SI 20250620 CS;SIMPLE_INSTRUMENT;BLOCK;EUR;47;520.30000000;300;EXCHANGE_LAST;;1;1;XEUR;7904812;816;
28.04.2025;12:55:54.573;FXXP SI 20250620 CS;SIMPLE_INSTRUMENT;BLOCK;EUR;48;520.30000000;300;EXCHANGE_LAST;;1;1;XEUR;7904812;816;
28.04.2025;13:04:57.845;FXXP SI 20250620 CS;SIMPLE_INSTRUMENT;BLOCK;EUR;49;520.60000000;300;EXCHANGE_LAST;;1;1;XEUR;7904812;816;
28.04.2025;13:13:57.064;FXXP SI 20250620 CS;SIMPLE_INSTRUMENT;BLOCK;EUR;50;520.70000000;300;EXCHANGE_LAST;;1;1;XEUR;7904812;816;
28.04.2025;13:22:41.061;FXXP SI 20250620 CS;SIMPLE_INSTRUMENT;BLOCK;EUR;51;520.80000000;300;EXCHANGE_LAST;;1;1;XEUR;7904812;816;
28.04.2025;13:31:05.338;FXXP SI 20250620 CS;SIMPLE_INSTRUMENT;BLOCK;EUR;52;520.70000000;324;EXCHANGE_LAST;;1;1;XEUR;7904812;816;
28.04.2025;13:39:00.198;FXXP SI 20250620 CS;SIMPLE_INSTRUMENT;BLOCK;EUR;53;520.60000000;300;EXCHANGE_LAST;;1;1;XEUR;7904812;816;
28.04.2025;13:47:51.592;FXXP SI 20250620 CS;SIMPLE_INSTRUMENT;BLOCK;EUR;55;520.90000000;300;EXCHANGE_LAST;;1;1;XEUR;7904812;816;
28.04.2025;13:55:54.651;FXXP SI 20250620 CS;SIMPLE_INSTRUMENT;BLOCK;EUR;56;520.50000000;300;EXCHANGE_LAST;;1;1;XEUR;7904812;816;
28.04.2025;14:04:45.177;FXXP SI 20250620 CS;SIMPLE_INSTRUMENT;BLOCK;EUR;57;520.40000000;300;EXCHANGE_LAST;;1;1;XEUR;7904812;816;
28.04.2025;14:12:46.560;FXXP SI 20250620 CS;SIMPLE_INSTRUMENT;BLOCK;EUR;58;520.80000000;300;EXCHANGE_LAST;;1;1;XEUR;7904812;816;
28.04.2025;14:22:01.969;FXXP SI 20250620 CS;SIMPLE_INSTRUMENT;BLOCK;EUR;59;521.00000000;300;EXCHANGE_LAST;;1;1;XEUR;7904812;816;
28.04.2025;14:29:50.497;FXXP SI 20250620 CS;SIMPLE_INSTRUMENT;BLOCK;EUR;60;520.90000000;300;EXCHANGE_LAST;;1;1;XEUR;7904812;816;
28.04.2025;14:39:02.310;FXXP SI 20250620 CS;SIMPLE_INSTRUMENT;BLOCK;EUR;61;520.80000000;300;EXCHANGE_LAST;;1;1;XEUR;7904812;816;
28.04.2025;14:47:11.111;FXXP SI 20250620 CS;SIMPLE_INSTRUMENT;BLOCK;EUR;62;521.00000000;324;EXCHANGE_LAST;;1;1;XEUR;7904812;816;
28.04.2025;15:00:24.296;FXXP SI 20250620 CS;SIMPLE_INSTRUMENT;BLOCK;EUR;63;520.60000000;375;EXCHANGE_LAST;;1;1;XEUR;7904812;816;
28.04.2025;15:11:59.929;FXXP SI 20250620 CS;SIMPLE_INSTRUMENT;BLOCK;EUR;64;520.30000000;375;EXCHANGE_LAST;;1;1;XEUR;7904812;816;
28.04.2025;15:19:40.127;FXXP SI 20250620 CS;SIMPLE_INSTRUMENT;BLOCK;EUR;65;520.20000000;375;EXCHANGE_LAST;;1;1;XEUR;7904812;816;
28.04.2025;15:30:30.375;FXXP SI 20250620 CS;SIMPLE_INSTRUMENT;BLOCK;EUR;66;519.60000000;374;EXCHANGE_LAST;;1;1;XEUR;7904812;816;
28.04.2025;15:43:29.732;FXXP SI 20250620 CS;SIMPLE_INSTRUMENT;EFP_IDX;EUR;71;519.50000000;1000;EXCHANGE_LAST;;1;1;XEUR;7904812;816;
28.04.2025;15:43:36.700;FXXP SI 20250620 CS;SIMPLE_INSTRUMENT;EFP_IDX;EUR;72;519.60000000;1000;EXCHANGE_LAST;;1;1;XEUR;7904812;816;
28.04.2025;15:46:53.884;FXXP SI 20250620 CS;SIMPLE_INSTRUMENT;EFP_IDX;EUR;73;519.50000000;500;EXCHANGE_LAST;;1;1;XEUR;7904812;816;
28.04.2025;15:47:00.113;FXXP SI 20250620 CS;SIMPLE_INSTRUMENT;EFP_IDX;EUR;74;519.60000000;500;EXCHANGE_LAST;;1;1;XEUR;7904812;816;
28.04.2025;15:52:31.661;FXXP SI 20250620 CS;SIMPLE_INSTRUMENT;EFP_IDX;EUR;78;519.50000000;805;EXCHANGE_LAST;;1;1;XEUR;7904812;816;
28.04.2025;15:52:48.637;FXXP SI 20250620 CS;SIMPLE_INSTRUMENT;EFP_IDX;EUR;79;519.60000000;1972;EXCHANGE_LAST;;1;1;XEUR;7904812;816;
28.04.2025;15:56:25.378;FXXP SI 20250620 CS;SIMPLE_INSTRUMENT;EFP_IDX;EUR;80;519.60000000;249;EXCHANGE_LAST;;1;1;XEUR;7904812;816;
28.04.2025;15:56:48.007;FXXP SI 20250620 CS;SIMPLE_INSTRUMENT;EFP_IDX;EUR;81;519.70000000;582;EXCHANGE_LAST;;1;1;XEUR;7904812;816;
28.04.2025;16:00:44.667;FXXP SI 20250620 CS;SIMPLE_INSTRUMENT;EFP_IDX;EUR;82;519.70000000;60;EXCHANGE_LAST;;1;1;XEUR;7904812;816;
28.04.2025;16:00:06.485;FXXP SI 20250620 CS;SIMPLE_INSTRUMENT;EFP_IDX;EUR;83;519.60000000;240;EXCHANGE_LAST;;1;1;XEUR;7904812;816;
28.04.2025;13:43:37.986;GEBN SI 20250919 PS AM P 520.00 0;SIMPLE_INSTRUMENT;BLOCK;CHF;58;16.60000000;350;EXCHANGE_LAST;;1;1;XEUR;11883521;882;
28.04.2025;10:42:03.653;GIVN SI 20260320 PS AM P 3800.0 0;SIMPLE_INSTRUMENT;BLOCK;CHF;26;292.00000000;150;EXCHANGE_LAST;;1;1;XEUR;13007658;892;
28.04.2025;10:23:09.454;GLEN SI 20250516 PS AM C 300 0;SIMPLE_INSTRUMENT;BLOCK;GBX;3;1.00000000;4600;EXCHANGE_LAST;;1;1;XEUR;12820891;864;
28.04.2025;15:14:46.897;GLPG.O.250428.STD.000001;STANDARD_OPTION_STRATEGY;BLOCK;EUR;6;1.40000000;1000;EXCHANGE_LAST;;1;1;XEUR;72273502043907791;50270;
28.04.2025;15:14:46.897;GLPG SI 20250516 PS AM C 23.50 0;SIMPLE_INSTRUMENT;BLOCK;EUR;6;0.90000000;1000;PRC_DECOMP_MEMBER;;;;XEUR;12840345;50270;MEMBER
28.04.2025;15:14:46.897;GLPG SI 20250516 PS AM P 23.50 0;SIMPLE_INSTRUMENT;BLOCK;EUR;6;0.50000000;1000;PRC_DECOMP_MEMBER;;;;XEUR;12840347;50270;MEMBER
28.04.2025;15:14:51.433;GLPG.O.250428.STD.000002;STANDARD_OPTION_STRATEGY;BLOCK;EUR;7;2.54000000;1000;EXCHANGE_LAST;;1;1;XEUR;72273502043907792;50270;
28.04.2025;15:14:51.433;GLPG SI 20250620 PS AM C 23.50 0;SIMPLE_INSTRUMENT;BLOCK;EUR;7;1.64000000;1000;PRC_DECOMP_MEMBER;;;;XEUR;13033842;50270;MEMBER
28.04.2025;15:14:51.433;GLPG SI 20250620 PS AM P 23.50 0;SIMPLE_INSTRUMENT;BLOCK;EUR;7;0.90000000;1000;PRC_DECOMP_MEMBER;;;;XEUR;13033840;50270;MEMBER
28.04.2025;09:33:35.756;GOB.O.250428.STG.000002;STANDARD_OPTION_STRATEGY;BLOCK;EUR;12;16.00000000;650;EXCHANGE_LAST;;1;1;XEUR;72061347839357219;874;
28.04.2025;09:33:35.756;GOB SI 20260320 PS AM P 88.00 0;SIMPLE_INSTRUMENT;BLOCK;EUR;12;7.80000000;650;PRC_DECOMP_MEMBER;;;;XEUR;13007648;874;MEMBER
28.04.2025;09:33:35.756;GOB SI 20260320 PS AM C 100.00 0;SIMPLE_INSTRUMENT;BLOCK;EUR;12;8.20000000;650;PRC_DECOMP_MEMBER;;;;XEUR;13007608;874;MEMBER
28.04.2025;09:35:37.522;GZF SI 20250516 PS AM P 17.20 0;SIMPLE_INSTRUMENT;BLOCK;EUR;13;0.22000000;4000;EXCHANGE_LAST;;1;1;XEUR;12820984;855;
28.04.2025;11:55:49.470;GZF SI 20251219 PS AM C 18.00 0;SIMPLE_INSTRUMENT;BLOCK;EUR;23;1.03000000;5000;EXCHANGE_LAST;;1;1;XEUR;5932154;855;
28.04.2025;15:15:50.698;GZF SI 20271217 PS AM P 14.00 0;SIMPLE_INSTRUMENT;BLOCK;EUR;31;1.17000000;1250;EXCHANGE_LAST;;1;1;XEUR;8784552;855;
28.04.2025;13:53:11.411;GZFH SI 20250620 CS;SIMPLE_INSTRUMENT;BLOCK;EUR;80;17.72750000;35000;EXCHANGE_LAST;;2;1;XEUR;11199260;144768;
28.04.2025;14:50:39.523;GZFH SI 20250620 CS;SIMPLE_INSTRUMENT;BLOCK;EUR;94;17.60050000;20000;EXCHANGE_LAST;;1;1;XEUR;11199260;144768;
28.04.2025;08:52:59.774;HEI SI 20251219 PS AM P 140.00 0;SIMPLE_INSTRUMENT;BLOCK;EUR;5;6.52000000;525;EXCHANGE_LAST;;1;1;XEUR;10381452;839;
28.04.2025;09:45:30.554;HEI SI 20250620 PS AM C 180.00 0;SIMPLE_INSTRUMENT;BLOCK;EUR;7;5.65000000;500;EXCHANGE_LAST;;1;1;XEUR;10381449;839;
28.04.2025;12:05:17.789;HFG SI 20250620 PS AM C 10.00 0;SIMPLE_INSTRUMENT;BLOCK;EUR;6;0.38000000;350;EXCHANGE_LAST;;1;1;XEUR;8163507;174740;
28.04.2025;13:51:58.449;HNK SI 20261218 PS AM P 64.00 0;SIMPLE_INSTRUMENT;BLOCK;EUR;12;3.40000000;500;EXCHANGE_LAST;;1;1;XEUR;7434903;947;
28.04.2025;15:16:38.512;HOLN SI 20250516 PS AM C 94.00 0;SIMPLE_INSTRUMENT;BLOCK;CHF;70;1.25000000;2000;EXCHANGE_LAST;;2;1;XEUR;12821916;943;
28.04.2025;09:44:37.562;IBE SI 20250718 PS AM C 17.00 0;SIMPLE_INSTRUMENT;BLOCK;EUR;2;0.08000000;4891;EXCHANGE_LAST;;1;1;XEUR;13245022;908;
28.04.2025;09:44:33.561;IBE SI 20250718 PS AM C 17.00 0;SIMPLE_INSTRUMENT;BLOCK;EUR;3;0.10000000;4700;EXCHANGE_LAST;;1;1;XEUR;13245022;908;
28.04.2025;09:55:15.916;IBEG SI 20250620 CS;SIMPLE_INSTRUMENT;BLOCK;EUR;24;15.59600000;12500;EXCHANGE_LAST;;1;1;XEUR;11177321;909;
28.04.2025;09:11:40.699;IFX.O.250428.STG.000005;STANDARD_OPTION_STRATEGY;BLOCK;EUR;4;5.04000000;1200;EXCHANGE_LAST;;1;1;XEUR;72061468098470408;902;
28.04.2025;09:11:40.699;IFX SI 20260619 PS AM P 24.00 0;SIMPLE_INSTRUMENT;BLOCK;EUR;4;2.07000000;1200;PRC_DECOMP_EXCHANGE;;;;XEUR;9551376;902;EXCHANGE
28.04.2025;09:11:40.699;IFX SI 20260619 PS AM C 36.00 0;SIMPLE_INSTRUMENT;BLOCK;EUR;4;2.97000000;1200;PRC_DECOMP_EXCHANGE;;;;XEUR;9551380;902;EXCHANGE
28.04.2025;10:08:23.300;IFX SI 20250516 PS AM C 33.50 0;SIMPLE_INSTRUMENT;BLOCK;EUR;6;0.34000000;2000;EXCHANGE_LAST;;1;1;XEUR;12821708;902;
28.04.2025;10:08:39.333;IFX SI 20250516 PS AM C 35.00 0;SIMPLE_INSTRUMENT;BLOCK;EUR;7;0.16000000;1000;EXCHANGE_LAST;;1;1;XEUR;12821720;902;
28.04.2025;10:08:54.766;IFX SI 20250516 PS AM C 35.00 0;SIMPLE_INSTRUMENT;BLOCK;EUR;8;0.15000000;1000;EXCHANGE_LAST;;1;1;XEUR;12821720;902;
28.04.2025;13:07:31.729;IFX SI 20261218 PS AM C 32.00 0;SIMPLE_INSTRUMENT;BLOCK;EUR;9;5.70000000;1535;EXCHANGE_LAST;;1;1;XEUR;7160336;902;
28.04.2025;13:07:34.180;IFX SI 20261218 PS AM C 28.00 0;SIMPLE_INSTRUMENT;BLOCK;EUR;10;7.54000000;1500;EXCHANGE_LAST;;1;1;XEUR;7160323;902;
28.04.2025;10:21:22.936;ITKG SI 20250516 CS;SIMPLE_INSTRUMENT;BLOCK;EUR;26;56.69610000;15000;EXCHANGE_LAST;;1;1;XEUR;11040010;996;
28.04.2025;13:52:19.801;ITKG SI 20250620 CS;SIMPLE_INSTRUMENT;BLOCK;EUR;84;56.79280000;20000;EXCHANGE_LAST;;1;1;XEUR;11178098;996;
28.04.2025;13:16:04.226;K3BC SI 20250620 CS;SIMPLE_INSTRUMENT;BLOCK;EUR;71;3.15000000;412;EXCHANGE_LAST;;1;1;XEUR;10885383;518109;
28.04.2025;10:21:01.025;KDBI SI 20250516 CS;SIMPLE_INSTRUMENT;BLOCK;EUR;25;79.77480000;10000;EXCHANGE_LAST;;1;1;XEUR;11420379;840012;
28.04.2025;13:15:53.289;KDBI SI 20250620 CS;SIMPLE_INSTRUMENT;BLOCK;EUR;70;80.42080000;4904;EXCHANGE_LAST;;1;1;XEUR;11420377;840012;
28.04.2025;13:54:30.618;KDBI SI 20250620 CS;SIMPLE_INSTRUMENT;BLOCK;EUR;85;80.60000000;10000;EXCHANGE_LAST;;1;1;XEUR;11420377;840012;
28.04.2025;12:19:24.488;L3HA SI 20250620 CS;SIMPLE_INSTRUMENT;BLOCK;EUR;56;0.30000000;1860;EXCHANGE_LAST;;1;1;XEUR;10882823;414625;
