#Date;TrdTime;Contract;ContractType;TrdTyp;Currency;TesId;Prc;Qty;TrdInd;Aggressor;Buy;Sell;Exch;InstrumentId;RelatedProdId;PrcDecomp
11.11.2024;13:50:10.495;1COV SI 20241220 PS AM C 58.00 0;SIMPLE_INSTRUMENT;BLOCK;EUR;6;0.50000000;520;EXCHANGE_LAST;;1;1;XEUR;9903414;48055;
11.11.2024;13:50:38.797;1COV SI 20241220 PS AM C 57.00 0;SIMPLE_INSTRUMENT;BLOCK;EUR;7;1.15000000;780;EXCHANGE_LAST;;1;1;XEUR;10495170;48055;
11.11.2024;13:53:27.720;1COV SI 20241220 PS AM P 50.00 0;SIMPLE_INSTRUMENT;BLOCK;EUR;8;0.15000000;780;EXCHANGE_LAST;;1;1;XEUR;10434909;48055;
11.11.2024;13:53:40.549;1COV SI 20241220 PS AM P 42.00 0;SIMPLE_INSTRUMENT;BLOCK;EUR;9;0.10000000;780;EXCHANGE_LAST;;1;1;XEUR;10434897;48055;
11.11.2024;10:05:52.439;7PIF SI 20241219 CS;SIMPLE_INSTRUMENT;BLOCK;EUR;4;13.14160000;3000;EXCHANGE_LAST;;1;1;XEUR;7029747;48299;
11.11.2024;15:16:42.566;ABBN SI 20260619 PS AM P 44.00 0;SIMPLE_INSTRUMENT;BLOCK;CHF;54;3.07000000;1250;EXCHANGE_LAST;;1;1;XEUR;9600931;574517;
11.11.2024;08:59:34.451;ADEN SI 20250321 PS AM P 22.00 0;SIMPLE_INSTRUMENT;BLOCK;CHF;4;0.46000000;3000;EXCHANGE_LAST;;1;1;XEUR;10827982;44;
11.11.2024;09:48:54.232;ADS SI 20250321 PS AM P 220.00 0;SIMPLE_INSTRUMENT;BLOCK;EUR;1;12.71000000;400;EXCHANGE_LAST;;1;1;XEUR;10828519;50;
11.11.2024;10:02:09.627;ADS SI 20241220 PS AM C 230.00 0;SIMPLE_INSTRUMENT;BLOCK;EUR;2;5.16000000;250;EXCHANGE_LAST;;1;1;XEUR;11021853;50;
11.11.2024;09:35:01.393;ADY SI 20250321 PS AM C 1400.00 0;SIMPLE_INSTRUMENT;BLOCK;EUR;5;71.00000000;400;EXCHANGE_LAST;;1;1;XEUR;10870753;76315;
11.11.2024;09:35:35.298;ADY SI 20250321 PS AM P 1280.00 0;SIMPLE_INSTRUMENT;BLOCK;EUR;8;101.00000000;400;EXCHANGE_LAST;;1;1;XEUR;10870635;76315;
11.11.2024;15:38:11.431;ADY SI 20250620 PS AM P 900.00 0;SIMPLE_INSTRUMENT;BLOCK;EUR;33;23.00000000;750;EXCHANGE_LAST;;1;1;XEUR;9792871;76315;
11.11.2024;15:42:05.539;ADY SI 20250620 PS AM P 920.00 0;SIMPLE_INSTRUMENT;BLOCK;EUR;34;24.55000000;350;EXCHANGE_LAST;;1;1;XEUR;11392776;76315;
11.11.2024;13:52:27.568;AFX.O.241111.PDIA.000003;STANDARD_OPTION_STRATEGY;BLOCK;EUR;6;0.65000000;156;EXCHANGE_LAST;;1;1;XEUR;72057834556105610;56;
11.11.2024;13:52:27.568;AFX SI 20250117 PS AM P 62.00 0;SIMPLE_INSTRUMENT;BLOCK;EUR;6;5.23000000;156;PRC_DECOMP_EXCHANGE;;;;XEUR;12067451;56;EXCHANGE
11.11.2024;13:52:27.568;AFX SI 20241115 PS AM P 64.00 0;SIMPLE_INSTRUMENT;BLOCK;EUR;6;4.58000000;156;PRC_DECOMP_EXCHANGE;;;;XEUR;11698257;56;EXCHANGE
11.11.2024;11:15:47.967;AFXF.S.NOV24.FEB25.SPD;FUTURES_SPREAD;BLOCK;EUR;13;-0.54000000;420;EXCHANGE_LAST;;1;1;XEUR;72193422378664067;31625;
11.11.2024;11:15:47.967;AFXF SI 20241115 CS;SIMPLE_INSTRUMENT;BLOCK;EUR;13;59.05000000;420;PRC_DECOMP_MEMBER;;;;XEUR;10136542;31625;MEMBER
11.11.2024;11:15:47.967;AFXF SI 20250221 CS;SIMPLE_INSTRUMENT;BLOCK;EUR;13;59.59000000;420;PRC_DECOMP_MEMBER;;;;XEUR;10586480;31625;MEMBER
11.11.2024;11:57:54.681;ALC SI 20250321 PS AM C 84.00 0;SIMPLE_INSTRUMENT;BLOCK;CHF;30;3.38000000;500;EXCHANGE_LAST;;1;1;XEUR;10872448;130134;
11.11.2024;13:04:54.546;ALC SI 20251219 PS AM P 68.00 0;SIMPLE_INSTRUMENT;BLOCK;CHF;42;2.55000000;400;EXCHANGE_LAST;;1;1;XEUR;5920610;130134;
11.11.2024;16:12:18.916;ALC.O.241111.PDIA.000006;STANDARD_OPTION_STRATEGY;BLOCK;CHF;64;-2.22000000;1000;EXCHANGE_LAST;;1;1;XEUR;72616515312035810;130134;
11.11.2024;16:12:18.916;ALC SI 20250321 PS AM P 80.00 0;SIMPLE_INSTRUMENT;BLOCK;CHF;64;3.53000000;1000;PRC_DECOMP_EXCHANGE;;;;XEUR;10872453;130134;EXCHANGE
11.11.2024;16:12:18.916;ALC SI 20250620 PS AM P 68.00 0;SIMPLE_INSTRUMENT;BLOCK;CHF;64;1.31000000;1000;PRC_DECOMP_EXCHANGE;;;;XEUR;7926489;130134;EXCHANGE
11.11.2024;09:36:31.232;ALV SI 20241220 PS AM P 230.00 0;SIMPLE_INSTRUMENT;BLOCK;EUR;2;0.41000000;342;EXCHANGE_LAST;;1;1;XEUR;7356366;74;
11.11.2024;11:06:56.006;ALV SI 20241220 PS AM P 220.00 0;SIMPLE_INSTRUMENT;BLOCK;EUR;5;0.33000000;300;EXCHANGE_LAST;;1;1;XEUR;7356357;74;
11.11.2024;15:15:02.925;ALV SI 20241220 PS AM P 270.00 0;SIMPLE_INSTRUMENT;BLOCK;EUR;9;1.55000000;300;EXCHANGE_LAST;;1;1;XEUR;10481685;74;
11.11.2024;15:50:46.933;AMS SI 20250321 PS AM C 8.50 0;SIMPLE_INSTRUMENT;BLOCK;CHF;62;0.69000000;5000;EXCHANGE_LAST;;1;1;XEUR;12132515;10807;
11.11.2024;10:13:53.893;ASM.O.241111.STG.000008;STANDARD_OPTION_STRATEGY;BLOCK;EUR;12;68.80000000;150;EXCHANGE_LAST;;1;1;XEUR;72058053599444011;107;
11.11.2024;10:13:53.893;ASM SI 20250321 PS AM C 680.00 0;SIMPLE_INSTRUMENT;BLOCK;EUR;12;33.54000000;150;PRC_DECOMP_EXCHANGE;;;;XEUR;10830149;107;EXCHANGE
11.11.2024;10:13:53.893;ASM SI 20250321 PS AM P 600.00 0;SIMPLE_INSTRUMENT;BLOCK;EUR;12;35.26000000;150;PRC_DECOMP_EXCHANGE;;;;XEUR;10830140;107;EXCHANGE
11.11.2024;12:20:29.593;ASM SI 20281215 PS AM P 640.00 0;SIMPLE_INSTRUMENT;BLOCK;EUR;20;156.50000000;150;EXCHANGE_LAST;;1;1;XEUR;10395742;107;
11.11.2024;14:13:19.758;ASM SI 20271217 PS AM P 560.00 0;SIMPLE_INSTRUMENT;BLOCK;EUR;30;97.85000000;150;EXCHANGE_LAST;;1;1;XEUR;8773607;107;
11.11.2024;09:37:30.651;AXA SI 20241220 PS AM P 32.00 0;SIMPLE_INSTRUMENT;BLOCK;EUR;11;0.24000000;4000;EXCHANGE_LAST;;2;1;XEUR;4638800;127;
11.11.2024;13:23:06.868;B2NP SI 20281215 CS;SIMPLE_INSTRUMENT;BLOCK;EUR;45;3.66000000;50;EXCHANGE_LAST;;1;1;XEUR;7086921;131;
11.11.2024;14:15:35.438;B2NP SI 20251219 CS;SIMPLE_INSTRUMENT;BLOCK;EUR;50;4.79000000;200;EXCHANGE_LAST;;1;1;XEUR;5914355;131;
11.11.2024;14:48:45.211;B2NP SI 20251219 CS;SIMPLE_INSTRUMENT;BLOCK;EUR;58;4.79000000;150;EXCHANGE_LAST;;1;1;XEUR;5914355;131;
11.11.2024;16:05:42.096;B2NP SI 20251219 CS;SIMPLE_INSTRUMENT;BLOCK;EUR;73;4.79000000;50;EXCHANGE_LAST;;1;1;XEUR;5914355;131;
11.11.2024;16:13:23.285;BALN SI 20250321 PS AM C 170.00 0;SIMPLE_INSTRUMENT;BLOCK;CHF;66;6.50000000;200;EXCHANGE_LAST;;1;1;XEUR;10830611;147;
11.11.2024;08:23:28.132;BAS SI 20241220 PS AM C 50.00 0;SIMPLE_INSTRUMENT;BLOCK;EUR;1;0.21000000;5270;EXCHANGE_LAST;;1;1;XEUR;7509957;150;
11.11.2024;10:29:15.656;BAS SI 20241115 PS AM C 45.00 0;SIMPLE_INSTRUMENT;BLOCK;EUR;2;0.50000000;1500;EXCHANGE_LAST;;1;1;XEUR;11699740;150;
11.11.2024;14:35:28.813;BAS SI 20250117 PS AM C 48.00 0;SIMPLE_INSTRUMENT;BLOCK;EUR;12;0.74000000;5000;EXCHANGE_LAST;;1;3;XEUR;12068805;150;
11.11.2024;15:33:45.932;BAS SI 20241220 PS AM C 50.00 0;SIMPLE_INSTRUMENT;BLOCK;EUR;13;0.18000000;625;EXCHANGE_LAST;;1;1;XEUR;7509957;150;
11.11.2024;15:33:56.660;BAS SI 20241220 PS AM C 50.00 0;SIMPLE_INSTRUMENT;BLOCK;EUR;14;0.19000000;625;EXCHANGE_LAST;;1;1;XEUR;7509957;150;
11.11.2024;11:35:27.814;BAY SI 20251219 PS AM C 40.00 0;SIMPLE_INSTRUMENT;BLOCK;EUR;3;0.64000000;1000;EXCHANGE_LAST;;1;1;XEUR;5922331;168;
11.11.2024;13:01:09.136;BAY.O.241111.COMBO.000017;STANDARD_OPTION_STRATEGY;BLOCK;EUR;4;1.04000000;1000;EXCHANGE_LAST;;1;1;XEUR;72058315592504793;168;
11.11.2024;13:01:09.136;BAY SI 20250620 PS AM C 40.00 0;SIMPLE_INSTRUMENT;BLOCK;EUR;4;0.29000000;1000;PRC_DECOMP_EXCHANGE;;;;XEUR;7998890;168;EXCHANGE
11.11.2024;13:01:09.136;BAY SI 20250620 PS AM P 22.00 0;SIMPLE_INSTRUMENT;BLOCK;EUR;4;1.33000000;1000;PRC_DECOMP_EXCHANGE;;;;XEUR;11234132;168;EXCHANGE
11.11.2024;13:47:26.831;BAY SI 20251219 PS AM P 20.00 0;SIMPLE_INSTRUMENT;BLOCK;EUR;5;1.33000000;1000;EXCHANGE_LAST;;1;1;XEUR;8112406;168;
11.11.2024;09:11:14.123;BMW SI 20241115 PS AM C 68.00 0;SIMPLE_INSTRUMENT;BLOCK;EUR;2;0.57000000;1610;EXCHANGE_LAST;;1;1;XEUR;11701011;210;
11.11.2024;10:15:47.648;BMW SI 20251219 PS AM P 72.00 0;SIMPLE_INSTRUMENT;BLOCK;EUR;4;10.54000000;400;EXCHANGE_LAST;;1;1;XEUR;11992512;210;
11.11.2024;10:54:25.539;BMW SI 20251219 PS AM P 52.00 0;SIMPLE_INSTRUMENT;BLOCK;EUR;7;2.28000000;2500;EXCHANGE_LAST;;2;2;XEUR;5923226;210;
11.11.2024;11:37:50.203;BMW SI 20281215 PS AM P 52.00 0;SIMPLE_INSTRUMENT;BLOCK;EUR;10;7.30000000;2000;EXCHANGE_LAST;;2;2;XEUR;10398357;210;
11.11.2024;14:00:37.372;BMW SI 20241115 PS AM C 68.00 0;SIMPLE_INSTRUMENT;BLOCK;EUR;28;1.17000000;1610;EXCHANGE_LAST;;1;1;XEUR;11701011;210;
11.11.2024;14:00:39.530;BMW SI 20241129 PS AM C 70.00 0;SIMPLE_INSTRUMENT;BLOCK;EUR;29;1.10000000;435;EXCHANGE_LAST;;1;1;XEUR;12070003;210;
11.11.2024;14:00:39.691;BMW SI 20241129 PS AM C 70.00 0;SIMPLE_INSTRUMENT;BLOCK;EUR;30;1.08000000;815;EXCHANGE_LAST;;1;1;XEUR;12070003;210;
11.11.2024;09:28:57.140;BNP.O.241111.STG.000002;STANDARD_OPTION_STRATEGY;BLOCK;EUR;8;4.64000000;900;EXCHANGE_LAST;;1;1;XEUR;72058611945197486;237;
11.11.2024;09:28:57.140;BNP SI 20250321 PS AM P 60.00 0;SIMPLE_INSTRUMENT;BLOCK;EUR;8;2.85000000;900;PRC_DECOMP_EXCHANGE;;;;XEUR;10832956;237;EXCHANGE
11.11.2024;09:28:57.140;BNP SI 20250321 PS AM C 64.00 0;SIMPLE_INSTRUMENT;BLOCK;EUR;8;1.79000000;900;PRC_DECOMP_EXCHANGE;;;;XEUR;10832961;237;EXCHANGE
11.11.2024;10:05:20.532;BNP SI 20260619 PS AM P 52.00 0;SIMPLE_INSTRUMENT;BLOCK;EUR;14;5.31000000;3000;EXCHANGE_LAST;;2;1;XEUR;9541690;237;
11.11.2024;10:50:59.850;BNP SI 20260619 PS AM P 52.00 0;SIMPLE_INSTRUMENT;BLOCK;EUR;17;5.31000000;1000;EXCHANGE_LAST;;1;1;XEUR;9541690;237;
11.11.2024;14:32:10.341;BNP SI 20241220 PS AM P 64.00 0;SIMPLE_INSTRUMENT;BLOCK;EUR;29;3.74000000;1000;EXCHANGE_LAST;;1;1;XEUR;4640398;237;
11.11.2024;14:31:59.965;BNP SI 20241220 PS AM P 64.00 0;SIMPLE_INSTRUMENT;BLOCK;EUR;30;3.75000000;1000;EXCHANGE_LAST;;1;1;XEUR;4640398;237;
11.11.2024;14:11:58.297;BNPH SI 20250516 CS;SIMPLE_INSTRUMENT;BLOCK;EUR;54;60.76400000;500;EXCHANGE_LAST;;1;1;XEUR;11032339;236;
11.11.2024;14:11:45.319;BNPP SI 20241115 PS;SIMPLE_INSTRUMENT;BLOCK;EUR;53;60.76400000;500;EXCHANGE_LAST;;1;1;XEUR;10142630;124293;
11.11.2024;11:04:44.818;BSIF.S.NOV24.MAR25.SPD;FUTURES_SPREAD;BLOCK;EUR;12;-1.31500000;395;EXCHANGE_LAST;;1;1;XEUR;72808049378590788;174729;
11.11.2024;11:04:44.818;BSIF SI 20250321 CS;SIMPLE_INSTRUMENT;BLOCK;EUR;12;112.31500000;395;PRC_DECOMP_MEMBER;;;;XEUR;10726598;174729;MEMBER
11.11.2024;11:04:44.818;BSIF SI 20241115 CS;SIMPLE_INSTRUMENT;BLOCK;EUR;12;111.00000000;395;PRC_DECOMP_MEMBER;;;;XEUR;10143866;174729;MEMBER
11.11.2024;12:03:19.301;CBK SI 20241220 PS AM C 16.60 0;SIMPLE_INSTRUMENT;BLOCK;EUR;4;0.40000000;10000;EXCHANGE_LAST;;1;1;XEUR;11621481;268;
11.11.2024;09:21:23.957;CFR.O.241111.STG.000006;STANDARD_OPTION_STRATEGY;BLOCK;CHF;10;11.25000000;500;EXCHANGE_LAST;;1;1;XEUR;72058938362724884;313;
11.11.2024;09:21:23.957;CFR SI 20250321 PS AM C 130.00 0;SIMPLE_INSTRUMENT;BLOCK;CHF;10;4.04000000;500;PRC_DECOMP_EXCHANGE;;;;XEUR;10834894;313;EXCHANGE
11.11.2024;09:21:23.957;CFR SI 20250321 PS AM P 120.00 0;SIMPLE_INSTRUMENT;BLOCK;CHF;10;7.21000000;500;PRC_DECOMP_EXCHANGE;;;;XEUR;10834886;313;EXCHANGE
11.11.2024;12:33:58.857;CFR.O.241111.BUL.000011;STANDARD_OPTION_STRATEGY;BLOCK;CHF;35;4.47000000;400;EXCHANGE_LAST;;1;1;XEUR;72058938362724889;313;
11.11.2024;12:33:58.857;CFR SI 20250620 PS AM C 130.00 0;SIMPLE_INSTRUMENT;BLOCK;CHF;35;6.71000000;400;PRC_DECOMP_EXCHANGE;;;;XEUR;11273454;313;EXCHANGE
11.11.2024;12:33:58.857;CFR SI 20250620 PS AM C 150.00 0;SIMPLE_INSTRUMENT;BLOCK;CHF;35;2.24000000;400;PRC_DECOMP_EXCHANGE;;;;XEUR;11354572;313;EXCHANGE
11.11.2024;12:49:37.336;CFR SI 20250919 PS AM P 96.00 0;SIMPLE_INSTRUMENT;BLOCK;CHF;38;3.31000000;500;EXCHANGE_LAST;;1;1;XEUR;11876338;313;
11.11.2024;16:14:00.535;CFR SI 20251219 PS AM P 100.00 0;SIMPLE_INSTRUMENT;BLOCK;CHF;65;5.60000000;600;EXCHANGE_LAST;;2;1;XEUR;9996460;313;
11.11.2024;10:33:31.979;CLN SI 20250919 PS AM P 10.00 0;SIMPLE_INSTRUMENT;BLOCK;CHF;20;0.40000000;2000;EXCHANGE_LAST;;1;1;XEUR;11876263;296;
11.11.2024;12:19:46.223;CON.N.241111.000005;NON_STANDARD_OPTION_STRATEGY;BLOCK;EUR;12;0.32000000;520;EXCHANGE_LAST;;1;1;XEUR;73838373378202684;414620;
11.11.2024;12:19:46.223;CON SI 20241220 PS AM P 56.00 0;SIMPLE_INSTRUMENT;BLOCK;EUR;12;1.00000000;520;PRC_DECOMP_MEMBER;;;;XEUR;10454240;414620;MEMBER
11.11.2024;12:19:46.223;CON SI 20250321 PS AM C 76.00 0;SIMPLE_INSTRUMENT;BLOCK;EUR;12;0.63000000;520;PRC_DECOMP_MEMBER;;;;XEUR;10883154;414620;MEMBER
11.11.2024;12:19:46.223;CON SI 20250321 PS AM C 92.00 0;SIMPLE_INSTRUMENT;BLOCK;EUR;12;0.05000000;520;PRC_DECOMP_MEMBER;;;;XEUR;10883146;414620;MEMBER
11.11.2024;12:19:46.223;CON SI 20241220 PS AM P 46.00 0;SIMPLE_INSTRUMENT;BLOCK;EUR;12;0.10000000;520;PRC_DECOMP_MEMBER;;;;XEUR;10454270;414620;MEMBER
11.11.2024;12:27:43.584;CON SI 20241220 PS AM C 70.00 0;SIMPLE_INSTRUMENT;BLOCK;EUR;13;0.49000000;1675;EXCHANGE_LAST;;1;1;XEUR;11999890;414620;
11.11.2024;12:42:04.344;CRI5 SI 20241219 PS AM C 44.00 0;SIMPLE_INSTRUMENT;BLOCK;EUR;21;0.22000000;2500;EXCHANGE_LAST;;1;1;XEUR;9040299;320;
11.11.2024;12:43:10.295;CRI5 SI 20250320 PS AM C 42.00 0;SIMPLE_INSTRUMENT;BLOCK;EUR;22;1.84000000;2500;EXCHANGE_LAST;;1;1;XEUR;10822515;320;
11.11.2024;16:20:39.364;CRI5 SI 20250320 PS AM C 42.00 0;SIMPLE_INSTRUMENT;BLOCK;EUR;36;1.96000000;2000;EXCHANGE_LAST;;1;1;XEUR;10822515;320;
11.11.2024;11:28:03.748;D3AI SI 20251219 CS;SIMPLE_INSTRUMENT;BLOCK;EUR;16;3.80000000;200;EXCHANGE_LAST;;2;1;XEUR;7144062;443197;
11.11.2024;12:13:07.603;DAI SI 20281215 PS AM P 48.00 0;SIMPLE_INSTRUMENT;BLOCK;EUR;11;9.15000000;1350;EXCHANGE_LAST;;2;1;XEUR;10455590;443196;
11.11.2024;13:56:29.291;DAI SI 20271217 PS AM P 28.00 0;SIMPLE_INSTRUMENT;BLOCK;EUR;24;1.57000000;750;EXCHANGE_LAST;;1;1;XEUR;8833463;443196;
11.11.2024;16:55:46.452;DAI.O.241111.BR23.000023;STANDARD_OPTION_STRATEGY;BLOCK;EUR;41;-9.24000000;1000;EXCHANGE_LAST;;1;2;XEUR;73961106363660720;443196;
11.11.2024;16:55:46.452;DAI SI 20281215 PS AM P 36.00 0;SIMPLE_INSTRUMENT;BLOCK;EUR;41;4.50000000;3000;PRC_DECOMP_MEMBER;;;;XEUR;10455502;443196;MEMBER
11.11.2024;16:55:46.452;DAI SI 20281215 PS AM P 52.00 0;SIMPLE_INSTRUMENT;BLOCK;EUR;41;11.37000000;2000;PRC_DECOMP_MEMBER;;;;XEUR;10455577;443196;MEMBER
11.11.2024;16:19:46.992;DB1 SI 20241220 PS AM P 200.00 0;SIMPLE_INSTRUMENT;BLOCK;EUR;31;0.99000000;800;EXCHANGE_LAST;;1;1;XEUR;4642490;361;
11.11.2024;15:17:27.661;DBKE SI 20251219 PS EU P 16.00 0;SIMPLE_INSTRUMENT;BLOCK;EUR;14;1.97000000;8000;EXCHANGE_LAST;;1;1;XEUR;5926148;411;
11.11.2024;08:27:46.922;DHE SI 20241220 PS AM C 42.00 0;SIMPLE_INSTRUMENT;BLOCK;EUR;1;1.16000000;300;EXCHANGE_LAST;;1;1;XEUR;7377984;57135;
11.11.2024;09:47:52.080;DHE SI 20250117 PS AM C 39.00 0;SIMPLE_INSTRUMENT;BLOCK;EUR;3;2.96000000;4600;EXCHANGE_LAST;;1;1;XEUR;12096298;57135;
11.11.2024;09:47:40.404;DHE SI 20241115 PS AM C 37.00 0;SIMPLE_INSTRUMENT;BLOCK;EUR;4;1.50000000;4600;EXCHANGE_LAST;;1;1;XEUR;11805878;57135;
11.11.2024;10:37:01.840;DHE SI 20241220 PS AM C 42.00 0;SIMPLE_INSTRUMENT;BLOCK;EUR;7;1.20000000;200;EXCHANGE_LAST;;1;1;XEUR;7377984;57135;
11.11.2024;10:47:42.941;DPW SI 20241220 PS AM C 38.00 0;SIMPLE_INSTRUMENT;BLOCK;EUR;9;0.26000000;4500;EXCHANGE_LAST;;3;3;XEUR;10311167;445;
11.11.2024;13:19:03.460;DPW.O.241111.COMBO.000012;STANDARD_OPTION_STRATEGY;BLOCK;EUR;17;-0.14000000;1000;EXCHANGE_LAST;;1;1;XEUR;72059505298412906;445;
11.11.2024;13:19:03.460;DPW SI 20241220 PS AM C 38.00 0;SIMPLE_INSTRUMENT;BLOCK;EUR;17;0.28000000;1000;PRC_DECOMP_EXCHANGE;;;;XEUR;10311167;445;EXCHANGE
11.11.2024;13:19:03.460;DPW SI 20241220 PS AM P 32.00 0;SIMPLE_INSTRUMENT;BLOCK;EUR;17;0.14000000;1000;PRC_DECOMP_EXCHANGE;;;;XEUR;4643146;445;EXCHANGE
11.11.2024;14:07:59.388;DPW SI 20241220 PS AM C 37.00 0;SIMPLE_INSTRUMENT;BLOCK;EUR;21;0.47000000;2000;EXCHANGE_LAST;;1;2;XEUR;11878663;445;
11.11.2024;09:43:27.804;DSM.O.241111.STG.000001;STANDARD_OPTION_STRATEGY;BLOCK;EUR;9;7.98000000;500;EXCHANGE_LAST;;1;1;XEUR;72059466643673107;436;
11.11.2024;09:43:27.804;DSM SI 20250321 PS AM C 110.00 0;SIMPLE_INSTRUMENT;BLOCK;EUR;9;4.68000000;500;PRC_DECOMP_MEMBER;;;;XEUR;10836182;436;MEMBER
11.11.2024;09:43:27.804;DSM SI 20250321 PS AM P 100.00 0;SIMPLE_INSTRUMENT;BLOCK;EUR;9;3.30000000;500;PRC_DECOMP_MEMBER;;;;XEUR;10836231;436;MEMBER
11.11.2024;12:51:28.647;DTG SI 20261218 PS AM P 36.00 0;SIMPLE_INSTRUMENT;BLOCK;EUR;15;5.25000000;1500;EXCHANGE_LAST;;1;1;XEUR;7280851;455942;
11.11.2024;12:17:11.229;DYS1 SI 20241220 PS AM C 35.00 0;SIMPLE_INSTRUMENT;BLOCK;EUR;24;0.35000000;1740;EXCHANGE_LAST;;1;1;XEUR;11879847;475;
11.11.2024;08:49:01.640;E2NL SI 20261218 CS;SIMPLE_INSTRUMENT;BLOCK;EUR;1;0.45300000;700;EXCHANGE_LAST;;1;1;XEUR;4632356;471;
11.11.2024;09:23:43.979;E2NL SI 20281215 CS;SIMPLE_INSTRUMENT;BLOCK;EUR;2;0.39600000;2000;EXCHANGE_LAST;;1;1;XEUR;6802276;471;
11.11.2024;09:27:08.336;E2NL SI 20271217 CS;SIMPLE_INSTRUMENT;BLOCK;EUR;3;0.43000000;500;EXCHANGE_LAST;;1;1;XEUR;5914571;471;
11.11.2024;10:18:50.842;E2NL SI 20261218 CS;SIMPLE_INSTRUMENT;BLOCK;EUR;6;0.46200000;1500;EXCHANGE_LAST;;1;1;XEUR;4632356;471;
11.11.2024;10:19:00.842;E2NL SI 20261218 CS;SIMPLE_INSTRUMENT;BLOCK;EUR;7;0.46300000;1500;EXCHANGE_LAST;;1;1;XEUR;4632356;471;
11.11.2024;10:40:01.780;E2NL SI 20281215 CS;SIMPLE_INSTRUMENT;BLOCK;EUR;9;0.40000000;2000;EXCHANGE_LAST;;2;1;XEUR;6802276;471;
11.11.2024;10:57:25.800;E2NL SI 20251219 CS;SIMPLE_INSTRUMENT;BLOCK;EUR;10;0.46200000;1500;EXCHANGE_LAST;;1;4;XEUR;3681293;471;
11.11.2024;10:57:02.029;E2NL SI 20251219 CS;SIMPLE_INSTRUMENT;BLOCK;EUR;11;0.46300000;1500;EXCHANGE_LAST;;1;4;XEUR;3681293;471;
11.11.2024;12:25:29.148;E2NL SI 20251219 CS;SIMPLE_INSTRUMENT;BLOCK;EUR;31;0.46200000;300;EXCHANGE_LAST;;1;1;XEUR;3681293;471;
11.11.2024;12:26:19.418;E2NL SI 20251219 CS;SIMPLE_INSTRUMENT;BLOCK;EUR;32;0.46300000;300;EXCHANGE_LAST;;1;1;XEUR;3681293;471;
11.11.2024;12:05:17.974;E2NT SI 20241220 CS;SIMPLE_INSTRUMENT;BLOCK;EUR;27;0.97000000;6125;EXCHANGE_LAST;;1;1;XEUR;3629727;470;
11.11.2024;13:37:41.529;ENL5.O.241111.BER.000001;STANDARD_OPTION_STRATEGY;BLOCK;EUR;29;0.03750000;2000;EXCHANGE_LAST;;1;1;XEUR;72059741521584539;500;
11.11.2024;13:37:41.529;ENL5 SI 20241219 PS AM P 6.40 0;SIMPLE_INSTRUMENT;BLOCK;EUR;29;0.05750000;2000;PRC_DECOMP_MEMBER;;;;XEUR;4630460;500;MEMBER
11.11.2024;13:37:41.529;ENL5 SI 20241219 PS AM P 6.00 0;SIMPLE_INSTRUMENT;BLOCK;EUR;29;0.02000000;2000;PRC_DECOMP_MEMBER;;;;XEUR;10381216;500;MEMBER
11.11.2024;14:43:11.647;ENL5 SI 20271216 PS AM P 4.80 0;SIMPLE_INSTRUMENT;BLOCK;EUR;32;0.33000000;1000;EXCHANGE_LAST;;1;1;XEUR;8765188;500;
11.11.2024;09:38:17.436;ENR SI 20241115 PS AM P 38.50 0;SIMPLE_INSTRUMENT;BLOCK;EUR;2;0.78000000;1652;EXCHANGE_LAST;;1;1;XEUR;12103078;298530;
11.11.2024;12:21:43.440;ENR SI 20241220 PS AM C 40.00 0;SIMPLE_INSTRUMENT;BLOCK;EUR;11;3.08000000;1750;EXCHANGE_LAST;;1;2;XEUR;5909219;298530;
11.11.2024;13:22:07.055;ENR SI 20250321 PS AM C 42.00 0;SIMPLE_INSTRUMENT;BLOCK;EUR;15;3.87000000;250;EXCHANGE_LAST;;1;1;XEUR;11160295;298530;
11.11.2024;13:24:57.705;ENR SI 20250321 PS AM P 36.00 0;SIMPLE_INSTRUMENT;BLOCK;EUR;18;2.07000000;250;EXCHANGE_LAST;;1;1;XEUR;11128503;298530;
11.11.2024;14:31:05.148;ENR SI 20241220 PS AM C 48.00 0;SIMPLE_INSTRUMENT;BLOCK;EUR;23;0.65000000;3948;EXCHANGE_LAST;;1;1;XEUR;11861375;298530;
11.11.2024;14:31:07.468;ENR SI 20241220 PS AM C 46.00 0;SIMPLE_INSTRUMENT;BLOCK;EUR;24;0.99000000;2700;EXCHANGE_LAST;;1;1;XEUR;11846962;298530;
11.11.2024;14:31:08.108;ENR SI 20241220 PS AM C 40.00 0;SIMPLE_INSTRUMENT;BLOCK;EUR;25;2.80000000;2700;EXCHANGE_LAST;;1;1;XEUR;5909219;298530;
11.11.2024;14:31:08.845;ENR SI 20241220 PS AM C 42.00 0;SIMPLE_INSTRUMENT;BLOCK;EUR;26;2.04000000;4590;EXCHANGE_LAST;;1;1;XEUR;11160292;298530;
11.11.2024;14:31:10.767;ENR SI 20241220 PS AM C 48.00 0;SIMPLE_INSTRUMENT;BLOCK;EUR;27;0.66000000;1790;EXCHANGE_LAST;;1;1;XEUR;11861375;298530;
11.11.2024;15:10:11.566;ENR SI 20241115 PS AM P 38.50 0;SIMPLE_INSTRUMENT;BLOCK;EUR;30;0.86000000;601;EXCHANGE_LAST;;1;1;XEUR;12103078;298530;
11.11.2024;12:02:51.689;ENTH SI 20241219 CS;SIMPLE_INSTRUMENT;BLOCK;EUR;26;13.84990000;14000;EXCHANGE_LAST;;1;1;XEUR;7935776;524973;
11.11.2024;09:35:24.449;ENX SI 20241220 PS AM C 110.00 0;SIMPLE_INSTRUMENT;BLOCK;EUR;6;0.23000000;771;EXCHANGE_LAST;;1;1;XEUR;10458584;626607;
11.11.2024;09:35:24.581;ENX SI 20241220 PS AM C 110.00 0;SIMPLE_INSTRUMENT;BLOCK;EUR;7;0.20000000;549;EXCHANGE_LAST;;1;1;XEUR;10458584;626607;
11.11.2024;08:21:31.179;EOA SI 20241129 PS AM C 12.40 0;SIMPLE_INSTRUMENT;BLOCK;EUR;1;0.13000000;5503;EXCHANGE_LAST;;1;1;XEUR;12094830;49065;
11.11.2024;11:28:14.965;ESSG SI 20241115 CS;SIMPLE_INSTRUMENT;BLOCK;EUR;18;46.61000000;275;EXCHANGE_LAST;;1;1;XEUR;10147805;324377;
11.11.2024;11:29:04.054;ESSG SI 20250516 CS;SIMPLE_INSTRUMENT;BLOCK;EUR;19;47.34800000;275;EXCHANGE_LAST;;1;1;XEUR;11065661;324377;
11.11.2024;12:53:20.807;F3TE SI 20261218 CS;SIMPLE_INSTRUMENT;BLOCK;EUR;39;0.67700000;250;EXCHANGE_LAST;;2;1;XEUR;6633899;390379;
11.11.2024;12:53:39.952;F3TE SI 20261218 CS;SIMPLE_INSTRUMENT;BLOCK;EUR;40;0.67800000;250;EXCHANGE_LAST;;2;1;XEUR;6633899;390379;
11.11.2024;12:52:59.274;F3TE SI 20261218 CS;SIMPLE_INSTRUMENT;BLOCK;EUR;41;0.67700000;125;EXCHANGE_LAST;;1;1;XEUR;6633899;390379;
11.11.2024;12:53:08.104;F3TE SI 20261218 CS;SIMPLE_INSTRUMENT;BLOCK;EUR;42;0.67800000;125;EXCHANGE_LAST;;1;1;XEUR;6633899;390379;
11.11.2024;15:51:52.427;F3TE SI 20251219 CS;SIMPLE_INSTRUMENT;BLOCK;EUR;71;0.72200000;300;EXCHANGE_LAST;;1;1;XEUR;6633903;390379;
11.11.2024;15:52:17.570;F3TE SI 20251219 CS;SIMPLE_INSTRUMENT;BLOCK;EUR;72;0.72300000;300;EXCHANGE_LAST;;1;1;XEUR;6633903;390379;
11.11.2024;16:34:15.779;F3TE SI 20271217 CS;SIMPLE_INSTRUMENT;BLOCK;EUR;81;0.64500000;900;EXCHANGE_LAST;;1;1;XEUR;6633916;390379;
11.11.2024;09:12:07.772;FBTP SI 20241206 PS;SIMPLE_INSTRUMENT;BLOCK;EUR;1;119.79000000;1240;EXCHANGE_LAST;;1;1;XEUR;10804520;636;
11.11.2024;09:19:56.495;FBTP SI 20241206 PS;SIMPLE_INSTRUMENT;EFP_FIN;EUR;2;119.75000000;679;EXCHANGE_LAST;;1;1;XEUR;10804520;636;
11.11.2024;09:28:14.725;FBTP SI 20241206 PS;SIMPLE_INSTRUMENT;EFP_FIN;EUR;3;119.76000000;670;EXCHANGE_LAST;;1;1;XEUR;10804520;636;
11.11.2024;09:44:02.053;FBTP SI 20241206 PS;SIMPLE_INSTRUMENT;EFP_FIN;EUR;4;119.91000000;447;EXCHANGE_LAST;;1;1;XEUR;10804520;636;
11.11.2024;10:08:10.138;FBTP SI 20241206 PS;SIMPLE_INSTRUMENT;EFP_FIN;EUR;5;119.93000000;446;EXCHANGE_LAST;;1;1;XEUR;10804520;636;
11.11.2024;10:25:07.560;FBTP SI 20241206 PS;SIMPLE_INSTRUMENT;EFP_FIN;EUR;6;119.88000000;962;EXCHANGE_LAST;;1;1;XEUR;10804520;636;
11.11.2024;10:41:25.093;FBTP SI 20241206 PS;SIMPLE_INSTRUMENT;EFP_FIN;EUR;8;119.94000000;534;EXCHANGE_LAST;;1;1;XEUR;10804520;636;
11.11.2024;10:44:10.479;FBTP SI 20241206 PS;SIMPLE_INSTRUMENT;EFP_FIN;EUR;10;119.83000000;268;EXCHANGE_LAST;;1;1;XEUR;10804520;636;
11.11.2024;10:46:53.067;FBTP SI 20241206 PS;SIMPLE_INSTRUMENT;EFP_FIN;EUR;11;119.95000000;385;EXCHANGE_LAST;;1;1;XEUR;10804520;636;
11.11.2024;10:47:21.858;FBTP SI 20241206 PS;SIMPLE_INSTRUMENT;BLOCK;EUR;12;119.79000000;7591;EXCHANGE_LAST;;1;1;XEUR;10804520;636;
11.11.2024;11:11:34.521;FBTP SI 20241206 PS;SIMPLE_INSTRUMENT;EFP_FIN;EUR;13;119.70000000;760;EXCHANGE_LAST;;1;1;XEUR;10804520;636;
11.11.2024;11:36:14.191;FBTP SI 20241206 PS;SIMPLE_INSTRUMENT;EFP_FIN;EUR;14;119.80000000;289;EXCHANGE_LAST;;1;1;XEUR;10804520;636;
11.11.2024;11:55:53.860;FBTP SI 20241206 PS;SIMPLE_INSTRUMENT;EFP_FIN;EUR;15;119.82000000;228;EXCHANGE_LAST;;1;1;XEUR;10804520;636;
11.11.2024;11:58:39.308;FBTP SI 20241206 PS;SIMPLE_INSTRUMENT;BLOCK;EUR;16;119.79000000;1900;EXCHANGE_LAST;;1;1;XEUR;10804520;636;
11.11.2024;12:04:15.370;FBTP SI 20241206 PS;SIMPLE_INSTRUMENT;BLOCK;EUR;17;119.79000000;1292;EXCHANGE_LAST;;1;1;XEUR;10804520;636;
11.11.2024;12:11:08.351;FBTP SI 20241206 PS;SIMPLE_INSTRUMENT;EFP_FIN;EUR;18;119.72000000;317;EXCHANGE_LAST;;1;1;XEUR;10804520;636;
11.11.2024;12:43:02.963;FBTP SI 20241206 PS;SIMPLE_INSTRUMENT;EFP_FIN;EUR;19;119.69000000;191;EXCHANGE_LAST;;1;1;XEUR;10804520;636;
11.11.2024;13:20:33.755;FBTP SI 20241206 PS;SIMPLE_INSTRUMENT;EFP_FIN;EUR;21;119.71000000;85;EXCHANGE_LAST;;1;1;XEUR;10804520;636;
11.11.2024;13:21:44.759;FBTP SI 20241206 PS;SIMPLE_INSTRUMENT;EFP_FIN;EUR;22;119.71000000;189;EXCHANGE_LAST;;1;1;XEUR;10804520;636;
11.11.2024;13:23:07.764;FBTP SI 20241206 PS;SIMPLE_INSTRUMENT;EFP_FIN;EUR;23;119.71000000;71;EXCHANGE_LAST;;1;1;XEUR;10804520;636;
11.11.2024;13:25:16.755;FBTP SI 20241206 PS;SIMPLE_INSTRUMENT;BLOCK;EUR;24;119.74000000;1697;EXCHANGE_LAST;;1;1;XEUR;10804520;636;
11.11.2024;13:28:39.518;FBTP SI 20241206 PS;SIMPLE_INSTRUMENT;EFP_FIN;EUR;25;119.65000000;446;EXCHANGE_LAST;;1;1;XEUR;10804520;636;
11.11.2024;13:32:31.067;FBTP SI 20241206 PS;SIMPLE_INSTRUMENT;EFP_FIN;EUR;26;119.60000000;547;EXCHANGE_LAST;;1;1;XEUR;10804520;636;
11.11.2024;13:44:56.915;FBTP SI 20241206 PS;SIMPLE_INSTRUMENT;EFP_FIN;EUR;27;119.60000000;365;EXCHANGE_LAST;;1;1;XEUR;10804520;636;
11.11.2024;13:49:48.809;FBTP SI 20241206 PS;SIMPLE_INSTRUMENT;BLOCK;EUR;28;119.64000000;2269;EXCHANGE_LAST;;1;1;XEUR;10804520;636;
11.11.2024;14:11:22.132;FBTP SI 20241206 PS;SIMPLE_INSTRUMENT;BLOCK;EUR;29;119.94000000;500;EXCHANGE_LAST;;1;1;XEUR;10804520;636;
11.11.2024;14:45:17.330;FBTP SI 20241206 PS;SIMPLE_INSTRUMENT;EFP_FIN;EUR;31;120.00000000;580;EXCHANGE_LAST;;1;1;XEUR;10804520;636;
11.11.2024;14:51:40.519;FBTP SI 20241206 PS;SIMPLE_INSTRUMENT;BLOCK;EUR;32;120.00000000;1314;EXCHANGE_LAST;;1;1;XEUR;10804520;636;
11.11.2024;15:17:44.445;FBTP SI 20241206 PS;SIMPLE_INSTRUMENT;BLOCK;EUR;33;119.99000000;486;EXCHANGE_LAST;;1;1;XEUR;10804520;636;
11.11.2024;15:25:12.934;FBTP SI 20241206 PS;SIMPLE_INSTRUMENT;EFP_FIN;EUR;34;119.92000000;722;EXCHANGE_LAST;;1;1;XEUR;10804520;636;
11.11.2024;15:39:39.438;FBTP SI 20241206 PS;SIMPLE_INSTRUMENT;EFP_FIN;EUR;35;119.92000000;195;EXCHANGE_LAST;;1;1;XEUR;10804520;636;
11.11.2024;15:54:58.497;FBTP SI 20241206 PS;SIMPLE_INSTRUMENT;BLOCK;EUR;37;119.99000000;2233;EXCHANGE_LAST;;1;1;XEUR;10804520;636;
11.11.2024;16:02:37.270;FBTP SI 20241206 PS;SIMPLE_INSTRUMENT;EFP_FIN;EUR;38;119.94000000;202;EXCHANGE_LAST;;1;1;XEUR;10804520;636;
11.11.2024;16:07:08.308;FBTP SI 20241206 PS;SIMPLE_INSTRUMENT;EFP_FIN;EUR;40;120.05000000;675;EXCHANGE_LAST;;1;1;XEUR;10804520;636;
11.11.2024;16:17:04.692;FBTP SI 20241206 PS;SIMPLE_INSTRUMENT;EFP_FIN;EUR;41;119.79000000;152;EXCHANGE_LAST;;1;1;XEUR;10804520;636;
11.11.2024;16:53:05.472;FBTP SI 20241206 PS;SIMPLE_INSTRUMENT;EFP_FIN;EUR;42;120.06000000;568;EXCHANGE_LAST;;1;1;XEUR;10804520;636;
11.11.2024;17:13:41.533;FBTP SI 20241206 PS;SIMPLE_INSTRUMENT;EFP_FIN;EUR;43;119.98000000;893;EXCHANGE_LAST;;1;1;XEUR;10804520;636;
11.11.2024;10:12:25.057;FBTS SI 20241206 PS;SIMPLE_INSTRUMENT;EFP_FIN;EUR;4;107.13000000;261;EXCHANGE_LAST;;1;1;XEUR;10804522;639;
11.11.2024;11:00:26.618;FBTS SI 20241206 PS;SIMPLE_INSTRUMENT;EFP_FIN;EUR;7;107.08000000;327;EXCHANGE_LAST;;1;1;XEUR;10804522;639;
11.11.2024;10:58:18.318;FBTS SI 20241206 PS;SIMPLE_INSTRUMENT;EFP_FIN;EUR;8;107.08000000;164;EXCHANGE_LAST;;1;1;XEUR;10804522;639;
11.11.2024;13:25:24.773;FBTS SI 20241206 PS;SIMPLE_INSTRUMENT;EFP_FIN;EUR;16;107.10000000;130;EXCHANGE_LAST;;1;1;XEUR;10804522;639;
11.11.2024;13:37:49.712;FBTS SI 20241206 PS;SIMPLE_INSTRUMENT;EFP_FIN;EUR;17;107.08000000;213;EXCHANGE_LAST;;1;1;XEUR;10804522;639;
11.11.2024;15:48:30.531;FCDK SI 20241216 PS;SIMPLE_INSTRUMENT;BLOCK;DKK;5;7.45523000;15;EXCHANGE_LAST;;1;1;XEUR;7140412;402917;
11.11.2024;08:32:15.701;FCEU SI 20241216 PS;SIMPLE_INSTRUMENT;BLOCK;USD;1;1.06990000;1000;EXCHANGE_LAST;;1;1;XEUR;7140363;369376;
11.11.2024;10:48:39.200;FCEU SI 20241216 PS;SIMPLE_INSTRUMENT;BLOCK;USD;2;1.06958000;1516;EXCHANGE_LAST;;1;1;XEUR;7140363;369376;
11.11.2024;14:05:21.783;FCMU SI 20241216 CS;SIMPLE_INSTRUMENT;BLOCK;USD;3;0.04857000;230;EXCHANGE_LAST;;1;1;XEUR;10921066;570874;
11.11.2024;14:12:50.933;FCZU SI 20241216 CS;SIMPLE_INSTRUMENT;BLOCK;USD;4;0.05592000;200;EXCHANGE_LAST;;1;1;XEUR;10921064;570872;
11.11.2024;12:44:54.092;FDAX SI 20241220 CS;SIMPLE_INSTRUMENT;BLOCK;EUR;1;19560.00000000;250;EXCHANGE_LAST;;1;1;XEUR;7296065;589;
11.11.2024;16:50:00.149;FDAX SI 20241220 CS;SIMPLE_INSTRUMENT;EFP_IDX;EUR;3;19525.00000000;54;EXCHANGE_LAST;;1;1;XEUR;7296065;589;
11.11.2024;16:54:14.614;FDAX SI 20241220 CS;SIMPLE_INSTRUMENT;EFP_IDX;EUR;4;19526.00000000;6;EXCHANGE_LAST;;1;1;XEUR;7296065;589;
11.11.2024;10:06:16.092;FDAX SI 20241220 CS;SIMPLE_INSTRUMENT;VOLA;EUR;671088646;19515.00000000;6;EXCHANGE_LAST;;1;1;XEUR;7296065;589;
11.11.2024;10:27:32.648;FDAX SI 20241220 CS;SIMPLE_INSTRUMENT;VOLA;EUR;671088649;19525.00000000;2;EXCHANGE_LAST;;1;1;XEUR;7296065;589;
11.11.2024;11:39:34.020;FEBD SI 20251219 CS;SIMPLE_INSTRUMENT;BLOCK;EUR;18;10.08000000;1000;EXCHANGE_LAST;;1;1;XEUR;5914075;597;
11.11.2024;12:17:35.804;FEBD SI 20251219 CS;SIMPLE_INSTRUMENT;BLOCK;EUR;22;10.08000000;1000;EXCHANGE_LAST;;1;1;XEUR;5914075;597;
11.11.2024;14:09:53.499;FESB SI 20241220 CS;SIMPLE_INSTRUMENT;BLOCK;EUR;17;144.90000000;5000;EXCHANGE_LAST;;1;1;XEUR;10838895;605;
11.11.2024;14:15:07.303;FESB SI 20241220 CS;SIMPLE_INSTRUMENT;BLOCK;EUR;18;144.90000000;5000;EXCHANGE_LAST;;1;1;XEUR;10838895;605;
11.11.2024;14:29:48.553;FESB SI 20241220 CS;SIMPLE_INSTRUMENT;BLOCK;EUR;19;145.00000000;10000;EXCHANGE_LAST;;1;1;XEUR;10838895;605;
11.11.2024;14:29:05.128;FESB SI 20241220 CS;SIMPLE_INSTRUMENT;BLOCK;EUR;20;145.00000000;5000;EXCHANGE_LAST;;1;1;XEUR;10838895;605;
11.11.2024;16:57:27.264;FESB SI 20241220 CS;SIMPLE_INSTRUMENT;BLOCK;EUR;32;145.10000000;8641;EXCHANGE_LAST;;1;1;XEUR;10838895;605;
11.11.2024;16:57:46.682;FESB SI 20241220 CS;SIMPLE_INSTRUMENT;BLOCK;EUR;33;145.50000000;1833;EXCHANGE_LAST;;1;1;XEUR;10838895;605;
11.11.2024;11:08:41.783;FESX SI 20241220 CS;SIMPLE_INSTRUMENT;BLOCK;EUR;1;4870.00000000;2000;EXCHANGE_LAST;;1;1;XEUR;7793479;675;
11.11.2024;11:16:00.492;FESX SI 20241220 CS;SIMPLE_INSTRUMENT;BLOCK;EUR;2;4870.00000000;2000;EXCHANGE_LAST;;1;1;XEUR;7793479;675;
11.11.2024;12:09:37.326;FESX SI 20241220 CS;SIMPLE_INSTRUMENT;EFP_IDX;EUR;3;4875.00000000;1000;EXCHANGE_LAST;;1;1;XEUR;7793479;675;
11.11.2024;12:15:21.111;FESX SI 20241220 CS;SIMPLE_INSTRUMENT;BLOCK;EUR;4;4865.00000000;2730;EXCHANGE_LAST;;1;1;XEUR;7793479;675;
11.11.2024;14:11:47.194;FESX SI 20241220 CS;SIMPLE_INSTRUMENT;EFP_IDX;EUR;5;4880.00000000;1000;EXCHANGE_LAST;;1;1;XEUR;7793479;675;
11.11.2024;14:23:48.209;FESX SI 20241220 CS;SIMPLE_INSTRUMENT;EFP_IDX;EUR;6;4880.00000000;1000;EXCHANGE_LAST;;1;1;XEUR;7793479;675;
11.11.2024;16:51:05.928;FESX SI 20241220 CS;SIMPLE_INSTRUMENT;EFP_IDX;EUR;8;4864.00000000;396;EXCHANGE_LAST;;1;1;XEUR;7793479;675;
11.11.2024;16:51:28.546;FESX SI 20241220 CS;SIMPLE_INSTRUMENT;EFP_IDX;EUR;9;4865.00000000;1404;EXCHANGE_LAST;;1;1;XEUR;7793479;675;
11.11.2024;16:59:22.880;FESX SI 20241220 CS;SIMPLE_INSTRUMENT;EFP_IDX;EUR;10;4865.00000000;1500;EXCHANGE_LAST;;1;1;XEUR;7793479;675;
11.11.2024;09:22:40.818;FESX SI 20241220 CS;SIMPLE_INSTRUMENT;VOLA;EUR;637534230;4865.00000000;200;EXCHANGE_LAST;;1;1;XEUR;7793479;675;
11.11.2024;09:23:09.666;FESX SI 20241220 CS;SIMPLE_INSTRUMENT;VOLA;EUR;637534232;4865.00000000;200;EXCHANGE_LAST;;1;1;XEUR;7793479;675;
11.11.2024;10:28:00.566;FESX SI 20241220 CS;SIMPLE_INSTRUMENT;VOLA;EUR;637534256;4860.00000000;377;EXCHANGE_LAST;;1;1;XEUR;7793479;675;
11.11.2024;10:50:46.807;FESX SI 20241220 CS;SIMPLE_INSTRUMENT;VOLA;EUR;637534260;4873.00000000;420;EXCHANGE_LAST;;1;1;XEUR;7793479;675;
11.11.2024;10:51:11.585;FESX SI 20241220 CS;SIMPLE_INSTRUMENT;VOLA;EUR;637534261;4873.00000000;420;EXCHANGE_LAST;;1;1;XEUR;7793479;675;
11.11.2024;12:53:22.309;FESX SI 20241220 CS;SIMPLE_INSTRUMENT;VOLA;EUR;637534294;4870.00000000;625;EXCHANGE_LAST;;1;1;XEUR;7793479;675;
11.11.2024;12:53:31.309;FESX SI 20241220 CS;SIMPLE_INSTRUMENT;VOLA;EUR;637534295;4870.00000000;625;EXCHANGE_LAST;;1;1;XEUR;7793479;675;
11.11.2024;13:57:19.199;FESX SI 20241220 CS;SIMPLE_INSTRUMENT;VOLA;EUR;637534305;4880.00000000;1305;EXCHANGE_LAST;;1;1;XEUR;7793479;675;
11.11.2024;14:10:49.894;FESX SI 20241220 CS;SIMPLE_INSTRUMENT;VOLA;EUR;637534312;4880.00000000;1216;EXCHANGE_LAST;;1;1;XEUR;7793479;675;
11.11.2024;14:17:07.809;FESX SI 20241220 CS;SIMPLE_INSTRUMENT;VOLA;EUR;637534317;4875.00000000;135;EXCHANGE_LAST;;1;1;XEUR;7793479;675;
11.11.2024;14:42:45.174;FESX SI 20241220 CS;SIMPLE_INSTRUMENT;VOLA;EUR;637534335;4875.00000000;240;EXCHANGE_LAST;;1;1;XEUR;7793479;675;
11.11.2024;14:43:38.764;FESX SI 20241220 CS;SIMPLE_INSTRUMENT;VOLA;EUR;637534336;4875.00000000;350;EXCHANGE_LAST;;1;1;XEUR;7793479;675;
11.11.2024;15:47:27.920;FESX SI 20241220 CS;SIMPLE_INSTRUMENT;VOLA;EUR;637534359;4871.00000000;408;EXCHANGE_LAST;;1;1;XEUR;7793479;675;
11.11.2024;15:48:26.555;FESX SI 20241220 CS;SIMPLE_INSTRUMENT;VOLA;EUR;637534361;4871.00000000;408;EXCHANGE_LAST;;1;1;XEUR;7793479;675;
11.11.2024;15:51:57.286;FESX SI 20241220 CS;SIMPLE_INSTRUMENT;VOLA;EUR;637534365;4870.00000000;234;EXCHANGE_LAST;;1;1;XEUR;7793479;675;
11.11.2024;16:34:27.299;FESX SI 20241220 CS;SIMPLE_INSTRUMENT;VOLA;EUR;637534372;4865.00000000;450;EXCHANGE_LAST;;1;1;XEUR;7793479;675;
11.11.2024;09:00:28.342;FEXD SI 20261218 CS;SIMPLE_INSTRUMENT;BLOCK;EUR;1;153.20000000;115;EXCHANGE_LAST;;1;1;XEUR;2163053;693;
11.11.2024;09:00:31.686;FEXD SI 20281215 CS;SIMPLE_INSTRUMENT;BLOCK;EUR;2;142.40000000;115;EXCHANGE_LAST;;1;1;XEUR;3680985;693;
11.11.2024;09:21:44.052;FEXD SI 20251219 CS;SIMPLE_INSTRUMENT;BLOCK;EUR;3;158.60000000;500;EXCHANGE_LAST;;1;1;XEUR;1548120;693;
11.11.2024;10:02:50.577;FEXD SI 20281215 CS;SIMPLE_INSTRUMENT;BLOCK;EUR;4;142.60000000;400;EXCHANGE_LAST;;2;2;XEUR;3680985;693;
11.11.2024;10:20:15.536;FEXD SI 20281215 CS;SIMPLE_INSTRUMENT;BLOCK;EUR;5;142.60000000;150;EXCHANGE_LAST;;1;1;XEUR;3680985;693;
11.11.2024;11:14:21.999;FEXD.S.DEC25.DEC26.SPD;FUTURES_SPREAD;BLOCK;EUR;15;4.90000000;250;EXCHANGE_LAST;;1;1;XEUR;72060570450264144;693;
11.11.2024;11:14:21.999;FEXD SI 20261218 CS;SIMPLE_INSTRUMENT;BLOCK;EUR;15;153.80000000;250;PRC_DECOMP_EXCHANGE;;;;XEUR;2163053;693;EXCHANGE
11.11.2024;11:14:21.999;FEXD SI 20251219 CS;SIMPLE_INSTRUMENT;BLOCK;EUR;15;158.70000000;250;PRC_DECOMP_EXCHANGE;;;;XEUR;1548120;693;EXCHANGE
11.11.2024;12:56:38.564;FEXD SI 20251219 CS;SIMPLE_INSTRUMENT;BLOCK;EUR;26;158.70000000;500;EXCHANGE_LAST;;1;1;XEUR;1548120;693;
11.11.2024;12:58:38.264;FEXD SI 20251219 CS;SIMPLE_INSTRUMENT;BLOCK;EUR;27;158.70000000;500;EXCHANGE_LAST;;1;1;XEUR;1548120;693;
11.11.2024;13:12:15.901;FEXD SI 20251219 CS;SIMPLE_INSTRUMENT;BLOCK;EUR;28;158.70000000;250;EXCHANGE_LAST;;1;1;XEUR;1548120;693;
11.11.2024;14:46:02.345;FEXD SI 20251219 CS;SIMPLE_INSTRUMENT;BLOCK;EUR;34;158.50000000;300;EXCHANGE_LAST;;1;1;XEUR;1548120;693;
11.11.2024;14:46:12.488;FEXD SI 20251219 CS;SIMPLE_INSTRUMENT;BLOCK;EUR;35;158.60000000;300;EXCHANGE_LAST;;1;1;XEUR;1548120;693;
11.11.2024;14:47:44.880;FEXD.S.DEC25.DEC26.SPD;FUTURES_SPREAD;BLOCK;EUR;36;4.80000000;500;EXCHANGE_LAST;;1;1;XEUR;72060570450264144;693;
11.11.2024;14:47:44.880;FEXD SI 20251219 CS;SIMPLE_INSTRUMENT;BLOCK;EUR;36;158.50000000;500;PRC_DECOMP_EXCHANGE;;;;XEUR;1548120;693;EXCHANGE
11.11.2024;14:47:44.880;FEXD SI 20261218 CS;SIMPLE_INSTRUMENT;BLOCK;EUR;36;153.70000000;500;PRC_DECOMP_EXCHANGE;;;;XEUR;2163053;693;EXCHANGE
11.11.2024;08:11:15.118;FGBL SI 20241206 PS;SIMPLE_INSTRUMENT;EFS;EUR;1;132.32000000;188;EXCHANGE_LAST;;1;1;XEUR;10804524;688;
11.11.2024;08:27:17.923;FGBL SI 20241206 PS;SIMPLE_INSTRUMENT;EFS;EUR;2;132.28000000;433;EXCHANGE_LAST;;1;1;XEUR;10804524;688;
11.11.2024;08:28:32.973;FGBL SI 20241206 PS;SIMPLE_INSTRUMENT;EFS;EUR;3;132.28000000;217;EXCHANGE_LAST;;1;1;XEUR;10804524;688;
11.11.2024;08:30:09.036;FGBL SI 20241206 PS;SIMPLE_INSTRUMENT;EFS;EUR;4;132.28000000;217;EXCHANGE_LAST;;1;1;XEUR;10804524;688;
11.11.2024;08:46:40.690;FGBL SI 20241206 PS;SIMPLE_INSTRUMENT;EFS;EUR;5;132.35000000;216;EXCHANGE_LAST;;1;1;XEUR;10804524;688;
11.11.2024;08:47:24.721;FGBL SI 20241206 PS;SIMPLE_INSTRUMENT;EFS;EUR;6;132.35000000;216;EXCHANGE_LAST;;1;1;XEUR;10804524;688;
11.11.2024;08:59:07.884;FGBL SI 20241206 PS;SIMPLE_INSTRUMENT;EFS;EUR;7;132.33000000;391;EXCHANGE_LAST;;1;1;XEUR;10804524;688;
11.11.2024;09:02:54.666;FGBL SI 20241206 PS;SIMPLE_INSTRUMENT;EFS;EUR;8;132.33000000;391;EXCHANGE_LAST;;1;1;XEUR;10804524;688;
11.11.2024;09:04:19.857;FGBL SI 20241206 PS;SIMPLE_INSTRUMENT;EFS;EUR;9;132.25000000;280;EXCHANGE_LAST;;1;1;XEUR;10804524;688;
11.11.2024;09:09:49.736;FGBL SI 20241206 PS;SIMPLE_INSTRUMENT;EFP_FIN;EUR;10;132.35000000;213;EXCHANGE_LAST;;1;1;XEUR;10804524;688;
11.11.2024;09:10:54.344;FGBL SI 20241206 PS;SIMPLE_INSTRUMENT;EFP_FIN;EUR;11;132.41000000;854;EXCHANGE_LAST;;1;1;XEUR;10804524;688;
11.11.2024;09:16:35.711;FGBL SI 20241206 PS;SIMPLE_INSTRUMENT;EFP_FIN;EUR;12;132.30000000;163;EXCHANGE_LAST;;1;1;XEUR;10804524;688;
11.11.2024;09:26:30.641;FGBL SI 20241206 PS;SIMPLE_INSTRUMENT;EFP_FIN;EUR;13;132.30000000;150;EXCHANGE_LAST;;1;1;XEUR;10804524;688;
11.11.2024;09:20:56.678;FGBL SI 20241206 PS;SIMPLE_INSTRUMENT;EFS;EUR;14;132.32000000;620;EXCHANGE_LAST;;1;1;XEUR;10804524;688;
11.11.2024;09:30:24.909;FGBL SI 20241206 PS;SIMPLE_INSTRUMENT;EFP_FIN;EUR;15;132.33000000;775;EXCHANGE_LAST;;1;1;XEUR;10804524;688;
11.11.2024;09:36:06.401;FGBL SI 20241206 PS;SIMPLE_INSTRUMENT;EFP_FIN;EUR;16;132.55000000;194;EXCHANGE_LAST;;1;1;XEUR;10804524;688;
11.11.2024;09:38:26.449;FGBL SI 20241206 PS;SIMPLE_INSTRUMENT;EFS;EUR;17;132.48000000;977;EXCHANGE_LAST;;1;1;XEUR;10804524;688;
11.11.2024;09:45:52.447;FGBL SI 20241206 PS;SIMPLE_INSTRUMENT;EFS;EUR;18;132.56000000;244;EXCHANGE_LAST;;1;1;XEUR;10804524;688;
11.11.2024;09:48:50.308;FGBL SI 20241206 PS;SIMPLE_INSTRUMENT;EFS;EUR;19;132.52000000;433;EXCHANGE_LAST;;1;1;XEUR;10804524;688;
11.11.2024;09:49:03.731;FGBL SI 20241206 PS;SIMPLE_INSTRUMENT;EFS;EUR;20;132.55000000;242;EXCHANGE_LAST;;1;1;XEUR;10804524;688;
11.11.2024;09:53:13.413;FGBL SI 20241206 PS;SIMPLE_INSTRUMENT;EFP_FIN;EUR;21;132.52000000;194;EXCHANGE_LAST;;1;1;XEUR;10804524;688;
11.11.2024;09:55:58.429;FGBL SI 20241206 PS;SIMPLE_INSTRUMENT;EFP_FIN;EUR;22;132.52000000;775;EXCHANGE_LAST;;1;1;XEUR;10804524;688;
11.11.2024;10:01:24.107;FGBL SI 20241206 PS;SIMPLE_INSTRUMENT;EFP_FIN;EUR;23;132.56000000;75;EXCHANGE_LAST;;1;1;XEUR;10804524;688;
11.11.2024;10:01:18.358;FGBL SI 20241206 PS;SIMPLE_INSTRUMENT;EFS;EUR;24;132.55000000;912;EXCHANGE_LAST;;1;1;XEUR;10804524;688;
11.11.2024;10:29:20.485;FGBL SI 20241206 PS;SIMPLE_INSTRUMENT;EFS;EUR;25;132.56000000;244;EXCHANGE_LAST;;1;1;XEUR;10804524;688;
11.11.2024;10:25:12.924;FGBL SI 20241206 PS;SIMPLE_INSTRUMENT;EFS;EUR;26;132.44000000;458;EXCHANGE_LAST;;1;1;XEUR;10804524;688;
11.11.2024;10:33:31.584;FGBL SI 20241206 PS;SIMPLE_INSTRUMENT;EFS;EUR;28;132.35000000;489;EXCHANGE_LAST;;1;1;XEUR;10804524;688;
11.11.2024;10:39:07.919;FGBL SI 20241206 PS;SIMPLE_INSTRUMENT;EFS;EUR;29;132.37000000;433;EXCHANGE_LAST;;1;1;XEUR;10804524;688;
11.11.2024;10:45:25.484;FGBL SI 20241206 PS;SIMPLE_INSTRUMENT;BLOCK;EUR;30;132.29000000;2000;EXCHANGE_LAST;;1;1;XEUR;10804524;688;
11.11.2024;10:50:47.273;FGBL SI 20241206 PS;SIMPLE_INSTRUMENT;EFP_FIN;EUR;31;132.21000000;775;EXCHANGE_LAST;;1;1;XEUR;10804524;688;
11.11.2024;10:51:53.530;FGBL SI 20241206 PS;SIMPLE_INSTRUMENT;EFS;EUR;32;132.21000000;433;EXCHANGE_LAST;;1;1;XEUR;10804524;688;
11.11.2024;10:59:54.984;FGBL SI 20241206 PS;SIMPLE_INSTRUMENT;EFS;EUR;33;132.46000000;306;EXCHANGE_LAST;;1;1;XEUR;10804524;688;
11.11.2024;11:00:19.629;FGBL SI 20241206 PS;SIMPLE_INSTRUMENT;EFS;EUR;34;132.26000000;490;EXCHANGE_LAST;;1;1;XEUR;10804524;688;
11.11.2024;11:12:37.939;FGBL SI 20241206 PS;SIMPLE_INSTRUMENT;EFS;EUR;35;132.24000000;285;EXCHANGE_LAST;;1;1;XEUR;10804524;688;
11.11.2024;11:14:42.207;FGBL SI 20241206 PS;SIMPLE_INSTRUMENT;EFS;EUR;36;132.25000000;490;EXCHANGE_LAST;;1;1;XEUR;10804524;688;
11.11.2024;11:29:06.582;FGBL SI 20241206 PS;SIMPLE_INSTRUMENT;EFS;EUR;37;132.31000000;229;EXCHANGE_LAST;;1;1;XEUR;10804524;688;
11.11.2024;11:33:30.260;FGBL SI 20241206 PS;SIMPLE_INSTRUMENT;EFS;EUR;38;132.25000000;237;EXCHANGE_LAST;;1;1;XEUR;10804524;688;
11.11.2024;11:34:20.419;FGBL SI 20241206 PS;SIMPLE_INSTRUMENT;EFS;EUR;39;132.37000000;316;EXCHANGE_LAST;;1;1;XEUR;10804524;688;
11.11.2024;11:44:34.944;FGBL SI 20241206 PS;SIMPLE_INSTRUMENT;EFP_FIN;EUR;40;132.29000000;191;EXCHANGE_LAST;;1;1;XEUR;10804524;688;
11.11.2024;12:08:05.110;FGBL SI 20241206 PS;SIMPLE_INSTRUMENT;EFS;EUR;41;132.20000000;460;EXCHANGE_LAST;;1;1;XEUR;10804524;688;
11.11.2024;12:09:00.844;FGBL SI 20241206 PS;SIMPLE_INSTRUMENT;EFS;EUR;42;132.16000000;460;EXCHANGE_LAST;;1;1;XEUR;10804524;688;
11.11.2024;12:41:29.458;FGBL SI 20241206 PS;SIMPLE_INSTRUMENT;EFS;EUR;43;132.18000000;250;EXCHANGE_LAST;;1;1;XEUR;10804524;688;
11.11.2024;13:03:06.837;FGBL SI 20241206 PS;SIMPLE_INSTRUMENT;EFS;EUR;44;132.23000000;866;EXCHANGE_LAST;;1;1;XEUR;10804524;688;
11.11.2024;13:03:49.365;FGBL SI 20241206 PS;SIMPLE_INSTRUMENT;EFS;EUR;45;132.23000000;433;EXCHANGE_LAST;;1;1;XEUR;10804524;688;
11.11.2024;13:15:35.767;FGBL SI 20241206 PS;SIMPLE_INSTRUMENT;EFS;EUR;46;132.19000000;866;EXCHANGE_LAST;;1;1;XEUR;10804524;688;
11.11.2024;13:20:33.110;FGBL SI 20241206 PS;SIMPLE_INSTRUMENT;EFS;EUR;47;132.19000000;866;EXCHANGE_LAST;;1;1;XEUR;10804524;688;
11.11.2024;13:20:44.164;FGBL SI 20241206 PS;SIMPLE_INSTRUMENT;EFS;EUR;48;132.19000000;866;EXCHANGE_LAST;;1;1;XEUR;10804524;688;
11.11.2024;13:21:30.472;FGBL SI 20241206 PS;SIMPLE_INSTRUMENT;EFS;EUR;49;131.93000000;273;EXCHANGE_LAST;;1;1;XEUR;10804524;688;
11.11.2024;13:21:40.447;FGBL SI 20241206 PS;SIMPLE_INSTRUMENT;EFS;EUR;50;132.19000000;866;EXCHANGE_LAST;;1;1;XEUR;10804524;688;
11.11.2024;13:23:44.864;FGBL SI 20241206 PS;SIMPLE_INSTRUMENT;EFS;EUR;51;132.15000000;433;EXCHANGE_LAST;;1;1;XEUR;10804524;688;
11.11.2024;13:36:43.638;FGBL SI 20241206 PS;SIMPLE_INSTRUMENT;EFS;EUR;52;132.09000000;433;EXCHANGE_LAST;;1;1;XEUR;10804524;688;
11.11.2024;13:38:16.001;FGBL SI 20241206 PS;SIMPLE_INSTRUMENT;EFS;EUR;53;132.11000000;217;EXCHANGE_LAST;;1;1;XEUR;10804524;688;
11.11.2024;13:39:04.811;FGBL SI 20241206 PS;SIMPLE_INSTRUMENT;EFS;EUR;54;132.11000000;217;EXCHANGE_LAST;;1;1;XEUR;10804524;688;
11.11.2024;13:42:35.711;FGBL SI 20241206 PS;SIMPLE_INSTRUMENT;EFS;EUR;55;132.11000000;600;EXCHANGE_LAST;;1;1;XEUR;10804524;688;
11.11.2024;13:51:42.664;FGBL SI 20241206 PS;SIMPLE_INSTRUMENT;EFS;EUR;56;132.11000000;100;EXCHANGE_LAST;;1;1;XEUR;10804524;688;
11.11.2024;14:10:45.617;FGBL SI 20241206 PS;SIMPLE_INSTRUMENT;EFP_FIN;EUR;57;132.37000000;427;EXCHANGE_LAST;;1;1;XEUR;10804524;688;
11.11.2024;14:12:40.423;FGBL SI 20241206 PS;SIMPLE_INSTRUMENT;EFS;EUR;58;132.36000000;460;EXCHANGE_LAST;;1;1;XEUR;10804524;688;
11.11.2024;14:14:09.089;FGBL SI 20241206 PS;SIMPLE_INSTRUMENT;EFS;EUR;59;132.35000000;494;EXCHANGE_LAST;;1;1;XEUR;10804524;688;
11.11.2024;14:27:04.003;FGBL SI 20241206 PS;SIMPLE_INSTRUMENT;EFS;EUR;60;132.36000000;216;EXCHANGE_LAST;;1;1;XEUR;10804524;688;
11.11.2024;14:32:41.120;FGBL SI 20241206 PS;SIMPLE_INSTRUMENT;EFP_FIN;EUR;61;132.35000000;272;EXCHANGE_LAST;;1;1;XEUR;10804524;688;
11.11.2024;14:43:28.817;FGBL SI 20241206 PS;SIMPLE_INSTRUMENT;EFS;EUR;62;132.40000000;489;EXCHANGE_LAST;;1;1;XEUR;10804524;688;
11.11.2024;14:44:32.081;FGBL SI 20241206 PS;SIMPLE_INSTRUMENT;EFS;EUR;63;132.40000000;687;EXCHANGE_LAST;;1;1;XEUR;10804524;688;
11.11.2024;14:49:43.675;FGBL SI 20241206 PS;SIMPLE_INSTRUMENT;EFS;EUR;64;132.36000000;433;EXCHANGE_LAST;;1;1;XEUR;10804524;688;
11.11.2024;14:49:57.391;FGBL SI 20241206 PS;SIMPLE_INSTRUMENT;EFS;EUR;65;132.36000000;216;EXCHANGE_LAST;;1;1;XEUR;10804524;688;
11.11.2024;14:50:27.483;FGBL SI 20241206 PS;SIMPLE_INSTRUMENT;EFS;EUR;66;132.36000000;216;EXCHANGE_LAST;;1;1;XEUR;10804524;688;
11.11.2024;14:51:26.204;FGBL SI 20241206 PS;SIMPLE_INSTRUMENT;EFS;EUR;67;132.35000000;433;EXCHANGE_LAST;;1;1;XEUR;10804524;688;
11.11.2024;14:52:24.137;FGBL SI 20241206 PS;SIMPLE_INSTRUMENT;EFS;EUR;68;132.36000000;433;EXCHANGE_LAST;;1;1;XEUR;10804524;688;
11.11.2024;14:56:30.761;FGBL SI 20241206 PS;SIMPLE_INSTRUMENT;EFS;EUR;69;132.27000000;433;EXCHANGE_LAST;;1;1;XEUR;10804524;688;
11.11.2024;14:57:09.563;FGBL SI 20241206 PS;SIMPLE_INSTRUMENT;EFS;EUR;70;132.28000000;433;EXCHANGE_LAST;;1;1;XEUR;10804524;688;
11.11.2024;14:57:47.797;FGBL SI 20241206 PS;SIMPLE_INSTRUMENT;EFS;EUR;71;132.28000000;433;EXCHANGE_LAST;;1;1;XEUR;10804524;688;
11.11.2024;15:11:30.598;FGBL SI 20241206 PS;SIMPLE_INSTRUMENT;EFS;EUR;72;132.35000000;433;EXCHANGE_LAST;;1;1;XEUR;10804524;688;
11.11.2024;15:11:36.903;FGBL SI 20241206 PS;SIMPLE_INSTRUMENT;EFS;EUR;73;132.36000000;905;EXCHANGE_LAST;;1;1;XEUR;10804524;688;
11.11.2024;15:18:20.831;FGBL SI 20241206 PS;SIMPLE_INSTRUMENT;EFS;EUR;74;132.29000000;434;EXCHANGE_LAST;;1;1;XEUR;10804524;688;
11.11.2024;15:21:40.121;FGBL SI 20241206 PS;SIMPLE_INSTRUMENT;EFP_FIN;EUR;75;132.40000000;213;EXCHANGE_LAST;;1;1;XEUR;10804524;688;
11.11.2024;15:32:40.981;FGBL SI 20241206 PS;SIMPLE_INSTRUMENT;EFP_FIN;EUR;76;132.31000000;167;EXCHANGE_LAST;;1;1;XEUR;10804524;688;
11.11.2024;15:35:11.497;FGBL SI 20241206 PS;SIMPLE_INSTRUMENT;EFP_FIN;EUR;77;132.31000000;83;EXCHANGE_LAST;;1;1;XEUR;10804524;688;
11.11.2024;15:36:45.662;FGBL SI 20241206 PS;SIMPLE_INSTRUMENT;EFP_FIN;EUR;78;132.31000000;50;EXCHANGE_LAST;;1;1;XEUR;10804524;688;
11.11.2024;15:38:20.061;FGBL SI 20241206 PS;SIMPLE_INSTRUMENT;EFS;EUR;79;132.34000000;433;EXCHANGE_LAST;;1;1;XEUR;10804524;688;
11.11.2024;15:38:41.172;FGBL SI 20241206 PS;SIMPLE_INSTRUMENT;EFS;EUR;80;132.34000000;433;EXCHANGE_LAST;;1;1;XEUR;10804524;688;
11.11.2024;15:43:34.798;FGBL SI 20241206 PS;SIMPLE_INSTRUMENT;EFS;EUR;82;132.29000000;688;EXCHANGE_LAST;;1;1;XEUR;10804524;688;
11.11.2024;15:51:44.742;FGBL SI 20241206 PS;SIMPLE_INSTRUMENT;EFS;EUR;83;132.38000000;368;EXCHANGE_LAST;;1;1;XEUR;10804524;688;
11.11.2024;15:59:46.366;FGBL SI 20241206 PS;SIMPLE_INSTRUMENT;EFS;EUR;85;132.41000000;216;EXCHANGE_LAST;;1;1;XEUR;10804524;688;
11.11.2024;16:00:47.380;FGBL SI 20241206 PS;SIMPLE_INSTRUMENT;EFS;EUR;86;132.43000000;433;EXCHANGE_LAST;;1;1;XEUR;10804524;688;
11.11.2024;16:00:52.542;FGBL SI 20241206 PS;SIMPLE_INSTRUMENT;EFS;EUR;87;132.33000000;244;EXCHANGE_LAST;;1;1;XEUR;10804524;688;
11.11.2024;16:06:34.897;FGBL SI 20241206 PS;SIMPLE_INSTRUMENT;EFS;EUR;89;132.41000000;156;EXCHANGE_LAST;;1;1;XEUR;10804524;688;
11.11.2024;16:15:48.092;FGBL SI 20241206 PS;SIMPLE_INSTRUMENT;EFP_FIN;EUR;90;132.41000000;408;EXCHANGE_LAST;;1;1;XEUR;10804524;688;
11.11.2024;16:44:27.746;FGBL SI 20241206 PS;SIMPLE_INSTRUMENT;EFS;EUR;91;132.46000000;433;EXCHANGE_LAST;;1;1;XEUR;10804524;688;
11.11.2024;16:51:37.775;FGBL SI 20241206 PS;SIMPLE_INSTRUMENT;EFS;EUR;92;132.50000000;228;EXCHANGE_LAST;;1;1;XEUR;10804524;688;
11.11.2024;17:02:31.155;FGBL SI 20241206 PS;SIMPLE_INSTRUMENT;EFS;EUR;93;132.44000000;242;EXCHANGE_LAST;;1;1;XEUR;10804524;688;
11.11.2024;07:36:21.042;FGBL SI 20241206 PS;SIMPLE_INSTRUMENT;VOLA;EUR;268435459;132.24000000;264;EXCHANGE_LAST;;1;1;XEUR;10804524;688;
11.11.2024;07:37:39.971;FGBL SI 20241206 PS;SIMPLE_INSTRUMENT;VOLA;EUR;268435460;132.24000000;264;EXCHANGE_LAST;;1;1;XEUR;10804524;688;
11.11.2024;09:18:21.241;FGBL SI 20241206 PS;SIMPLE_INSTRUMENT;VOLA;EUR;268435468;132.34000000;120;EXCHANGE_LAST;;1;1;XEUR;10804524;688;
11.11.2024;09:37:49.829;FGBL SI 20241206 PS;SIMPLE_INSTRUMENT;VOLA;EUR;268435474;132.28000000;35;EXCHANGE_LAST;;1;1;XEUR;10804524;688;
11.11.2024;09:38:37.842;FGBL SI 20241206 PS;SIMPLE_INSTRUMENT;VOLA;EUR;268435475;132.28000000;30;EXCHANGE_LAST;;1;1;XEUR;10804524;688;
11.11.2024;10:43:53.308;FGBL SI 20241206 PS;SIMPLE_INSTRUMENT;VOLA;EUR;268435487;132.21000000;45;EXCHANGE_LAST;;1;1;XEUR;10804524;688;
11.11.2024;12:17:38.223;FGBL SI 20241206 PS;SIMPLE_INSTRUMENT;VOLA;EUR;268435498;132.29000000;135;EXCHANGE_LAST;;1;1;XEUR;10804524;688;
11.11.2024;12:17:39.222;FGBL SI 20241206 PS;SIMPLE_INSTRUMENT;VOLA;EUR;268435499;132.29000000;140;EXCHANGE_LAST;;1;1;XEUR;10804524;688;
11.11.2024;12:48:57.035;FGBL SI 20241206 PS;SIMPLE_INSTRUMENT;VOLA;EUR;268435503;132.17000000;86;EXCHANGE_LAST;;1;1;XEUR;10804524;688;
11.11.2024;09:05:31.423;FGBM SI 20241206 PS;SIMPLE_INSTRUMENT;EFS;EUR;1;118.61000000;864;EXCHANGE_LAST;;1;1;XEUR;10804525;689;
11.11.2024;09:14:24.112;FGBM SI 20241206 PS;SIMPLE_INSTRUMENT;EFP_FIN;EUR;2;118.56000000;185;EXCHANGE_LAST;;1;1;XEUR;10804525;689;
11.11.2024;09:57:14.949;FGBM SI 20241206 PS;SIMPLE_INSTRUMENT;EFS;EUR;3;118.67000000;931;EXCHANGE_LAST;;1;1;XEUR;10804525;689;
11.11.2024;10:07:32.051;FGBM SI 20241206 PS;SIMPLE_INSTRUMENT;EFS;EUR;4;118.67000000;216;EXCHANGE_LAST;;1;1;XEUR;10804525;689;
11.11.2024;10:15:43.089;FGBM SI 20241206 PS;SIMPLE_INSTRUMENT;EFS;EUR;5;118.66000000;1397;EXCHANGE_LAST;;1;1;XEUR;10804525;689;
11.11.2024;10:38:12.600;FGBM SI 20241206 PS;SIMPLE_INSTRUMENT;EFS;EUR;6;118.63000000;931;EXCHANGE_LAST;;1;1;XEUR;10804525;689;
11.11.2024;10:50:15.732;FGBM SI 20241206 PS;SIMPLE_INSTRUMENT;EFS;EUR;7;118.54000000;818;EXCHANGE_LAST;;1;1;XEUR;10804525;689;
11.11.2024;10:53:42.827;FGBM SI 20241206 PS;SIMPLE_INSTRUMENT;EFP_FIN;EUR;8;118.54000000;403;EXCHANGE_LAST;;1;1;XEUR;10804525;689;
11.11.2024;10:56:55.954;FGBM SI 20241206 PS;SIMPLE_INSTRUMENT;EFS;EUR;9;118.54000000;250;EXCHANGE_LAST;;1;1;XEUR;10804525;689;
11.11.2024;11:23:01.053;FGBM SI 20241206 PS;SIMPLE_INSTRUMENT;EFP_FIN;EUR;11;118.56000000;276;EXCHANGE_LAST;;1;1;XEUR;10804525;689;
11.11.2024;11:27:20.176;FGBM SI 20241206 PS;SIMPLE_INSTRUMENT;EFS;EUR;12;118.59000000;432;EXCHANGE_LAST;;1;1;XEUR;10804525;689;
11.11.2024;11:30:50.365;FGBM SI 20241206 PS;SIMPLE_INSTRUMENT;EFS;EUR;13;118.56000000;1119;EXCHANGE_LAST;;1;1;XEUR;10804525;689;
11.11.2024;11:34:00.029;FGBM SI 20241206 PS;SIMPLE_INSTRUMENT;EFS;EUR;14;118.56000000;932;EXCHANGE_LAST;;1;1;XEUR;10804525;689;
11.11.2024;11:35:32.139;FGBM SI 20241206 PS;SIMPLE_INSTRUMENT;EFS;EUR;15;118.61000000;863;EXCHANGE_LAST;;1;1;XEUR;10804525;689;
11.11.2024;11:36:59.351;FGBM SI 20241206 PS;SIMPLE_INSTRUMENT;EFS;EUR;16;118.60000000;500;EXCHANGE_LAST;;1;1;XEUR;10804525;689;
11.11.2024;12:30:02.252;FGBM SI 20241206 PS;SIMPLE_INSTRUMENT;EFP_FIN;EUR;17;118.52000000;645;EXCHANGE_LAST;;1;1;XEUR;10804525;689;
11.11.2024;13:00:58.590;FGBM SI 20241206 PS;SIMPLE_INSTRUMENT;EFS;EUR;18;118.54000000;1398;EXCHANGE_LAST;;1;1;XEUR;10804525;689;
11.11.2024;13:22:42.877;FGBM SI 20241206 PS;SIMPLE_INSTRUMENT;EFP_FIN;EUR;19;118.48000000;183;EXCHANGE_LAST;;1;1;XEUR;10804525;689;
11.11.2024;13:24:22.768;FGBM SI 20241206 PS;SIMPLE_INSTRUMENT;EFP_FIN;EUR;20;118.53000000;73;EXCHANGE_LAST;;1;1;XEUR;10804525;689;
11.11.2024;13:50:33.659;FGBM SI 20241206 PS;SIMPLE_INSTRUMENT;EFS;EUR;21;118.48000000;187;EXCHANGE_LAST;;1;1;XEUR;10804525;689;
11.11.2024;14:06:25.820;FGBM SI 20241206 PS;SIMPLE_INSTRUMENT;EFS;EUR;22;118.62000000;863;EXCHANGE_LAST;;1;1;XEUR;10804525;689;
11.11.2024;14:13:18.334;FGBM SI 20241206 PS;SIMPLE_INSTRUMENT;EFP_FIN;EUR;23;118.60000000;1863;EXCHANGE_LAST;;1;1;XEUR;10804525;689;
11.11.2024;14:24:23.290;FGBM SI 20241206 PS;SIMPLE_INSTRUMENT;EFP_FIN;EUR;24;118.55000000;476;EXCHANGE_LAST;;1;1;XEUR;10804525;689;
11.11.2024;14:25:55.906;FGBM SI 20241206 PS;SIMPLE_INSTRUMENT;EFP_FIN;EUR;25;118.62000000;862;EXCHANGE_LAST;;1;1;XEUR;10804525;689;
11.11.2024;14:45:08.518;FGBM SI 20241206 PS;SIMPLE_INSTRUMENT;EFS;EUR;26;118.67000000;864;EXCHANGE_LAST;;1;1;XEUR;10804525;689;
11.11.2024;15:00:02.269;FGBM SI 20241206 PS;SIMPLE_INSTRUMENT;EFS;EUR;27;118.61000000;863;EXCHANGE_LAST;;1;1;XEUR;10804525;689;
11.11.2024;15:25:19.287;FGBM SI 20241206 PS;SIMPLE_INSTRUMENT;EFS;EUR;28;118.65000000;1676;EXCHANGE_LAST;;1;1;XEUR;10804525;689;
11.11.2024;15:36:07.603;FGBM SI 20241206 PS;SIMPLE_INSTRUMENT;EFS;EUR;29;118.66000000;863;EXCHANGE_LAST;;1;1;XEUR;10804525;689;
11.11.2024;15:37:00.355;FGBM SI 20241206 PS;SIMPLE_INSTRUMENT;EFS;EUR;30;118.67000000;863;EXCHANGE_LAST;;1;1;XEUR;10804525;689;
11.11.2024;15:37:19.647;FGBM SI 20241206 PS;SIMPLE_INSTRUMENT;EFS;EUR;31;118.67000000;863;EXCHANGE_LAST;;1;1;XEUR;10804525;689;
11.11.2024;15:38:53.518;FGBM SI 20241206 PS;SIMPLE_INSTRUMENT;EFP_FIN;EUR;32;118.64000000;476;EXCHANGE_LAST;;1;1;XEUR;10804525;689;
11.11.2024;15:48:35.091;FGBM SI 20241206 PS;SIMPLE_INSTRUMENT;EFS;EUR;33;118.68000000;875;EXCHANGE_LAST;;1;1;XEUR;10804525;689;
11.11.2024;15:48:48.070;FGBM SI 20241206 PS;SIMPLE_INSTRUMENT;EFS;EUR;34;118.68000000;875;EXCHANGE_LAST;;1;1;XEUR;10804525;689;
11.11.2024;15:53:33.762;FGBM SI 20241206 PS;SIMPLE_INSTRUMENT;EFS;EUR;35;118.67000000;262;EXCHANGE_LAST;;1;1;XEUR;10804525;689;
11.11.2024;15:55:49.397;FGBM SI 20241206 PS;SIMPLE_INSTRUMENT;EFS;EUR;36;118.67000000;300;EXCHANGE_LAST;;1;1;XEUR;10804525;689;
11.11.2024;16:09:27.913;FGBM SI 20241206 PS;SIMPLE_INSTRUMENT;EFP_FIN;EUR;37;118.69000000;153;EXCHANGE_LAST;;1;1;XEUR;10804525;689;
11.11.2024;16:29:53.683;FGBM SI 20241206 PS;SIMPLE_INSTRUMENT;EFS;EUR;38;118.72000000;863;EXCHANGE_LAST;;1;1;XEUR;10804525;689;
11.11.2024;16:44:43.891;FGBM SI 20241206 PS;SIMPLE_INSTRUMENT;EFS;EUR;39;118.70000000;2500;EXCHANGE_LAST;;1;1;XEUR;10804525;689;
11.11.2024;11:00:56.016;FGBM SI 20241206 PS;SIMPLE_INSTRUMENT;VOLA;EUR;268435492;118.60000000;120;EXCHANGE_LAST;;1;1;XEUR;10804525;689;
11.11.2024;09:00:35.313;FGBS SI 20241206 PS;SIMPLE_INSTRUMENT;EFS;EUR;1;106.74000000;1361;EXCHANGE_LAST;;1;1;XEUR;10804527;690;
11.11.2024;09:27:29.427;FGBS SI 20241206 PS;SIMPLE_INSTRUMENT;EFP_FIN;EUR;2;106.66000000;465;EXCHANGE_LAST;;1;1;XEUR;10804527;690;
11.11.2024;10:25:46.887;FGBS SI 20241206 PS;SIMPLE_INSTRUMENT;EFS;EUR;3;106.76000000;1704;EXCHANGE_LAST;;1;1;XEUR;10804527;690;
11.11.2024;10:37:19.597;FGBS SI 20241206 PS;SIMPLE_INSTRUMENT;EFS;EUR;4;106.76000000;2721;EXCHANGE_LAST;;1;1;XEUR;10804527;690;
11.11.2024;10:50:28.601;FGBS SI 20241206 PS;SIMPLE_INSTRUMENT;EFS;EUR;5;106.74000000;4084;EXCHANGE_LAST;;1;1;XEUR;10804527;690;
11.11.2024;11:08:19.382;FGBS SI 20241206 PS;SIMPLE_INSTRUMENT;EFS;EUR;6;106.73000000;4083;EXCHANGE_LAST;;1;1;XEUR;10804527;690;
11.11.2024;11:12:25.199;FGBS SI 20241206 PS;SIMPLE_INSTRUMENT;EFS;EUR;7;106.73000000;7630;EXCHANGE_LAST;;1;1;XEUR;10804527;690;
11.11.2024;11:16:06.909;FGBS SI 20241206 PS;SIMPLE_INSTRUMENT;EFS;EUR;8;106.74000000;400;EXCHANGE_LAST;;1;1;XEUR;10804527;690;
11.11.2024;11:20:24.793;FGBS SI 20241206 PS;SIMPLE_INSTRUMENT;EFS;EUR;9;106.74000000;2722;EXCHANGE_LAST;;1;1;XEUR;10804527;690;
11.11.2024;11:29:39.190;FGBS SI 20241206 PS;SIMPLE_INSTRUMENT;EFS;EUR;10;106.74000000;3267;EXCHANGE_LAST;;1;1;XEUR;10804527;690;
11.11.2024;11:30:44.280;FGBS SI 20241206 PS;SIMPLE_INSTRUMENT;EFP_FIN;EUR;11;106.74500000;1280;EXCHANGE_LAST;;1;1;XEUR;10804527;690;
11.11.2024;11:38:53.671;FGBS SI 20241206 PS;SIMPLE_INSTRUMENT;EFP_FIN;EUR;13;106.75000000;675;EXCHANGE_LAST;;1;1;XEUR;10804527;690;
11.11.2024;11:54:23.321;FGBS SI 20241206 PS;SIMPLE_INSTRUMENT;EFS;EUR;14;106.74000000;2722;EXCHANGE_LAST;;1;1;XEUR;10804527;690;
11.11.2024;12:06:37.559;FGBS SI 20241206 PS;SIMPLE_INSTRUMENT;EFP_FIN;EUR;15;106.75000000;338;EXCHANGE_LAST;;1;1;XEUR;10804527;690;
11.11.2024;12:08:47.724;FGBS SI 20241206 PS;SIMPLE_INSTRUMENT;EFP_FIN;EUR;16;106.74500000;675;EXCHANGE_LAST;;1;1;XEUR;10804527;690;
11.11.2024;12:18:36.736;FGBS SI 20241206 PS;SIMPLE_INSTRUMENT;EFP_FIN;EUR;17;106.75000000;338;EXCHANGE_LAST;;1;1;XEUR;10804527;690;
11.11.2024;12:53:58.260;FGBS SI 20241206 PS;SIMPLE_INSTRUMENT;EFS;EUR;18;106.73500000;3831;EXCHANGE_LAST;;1;1;XEUR;10804527;690;
11.11.2024;12:59:50.421;FGBS SI 20241206 PS;SIMPLE_INSTRUMENT;EFS;EUR;19;106.74000000;4083;EXCHANGE_LAST;;1;1;XEUR;10804527;690;
11.11.2024;14:11:27.384;FGBS SI 20241206 PS;SIMPLE_INSTRUMENT;EFP_FIN;EUR;20;106.76000000;594;EXCHANGE_LAST;;1;1;XEUR;10804527;690;
11.11.2024;14:16:59.650;FGBS SI 20241206 PS;SIMPLE_INSTRUMENT;EFP_FIN;EUR;21;106.75000000;525;EXCHANGE_LAST;;1;1;XEUR;10804527;690;
11.11.2024;14:24:10.289;FGBS SI 20241206 PS;SIMPLE_INSTRUMENT;EFP_FIN;EUR;22;106.74000000;612;EXCHANGE_LAST;;1;1;XEUR;10804527;690;
11.11.2024;15:10:00.246;FGBS SI 20241206 PS;SIMPLE_INSTRUMENT;EFS;EUR;23;106.76500000;4874;EXCHANGE_LAST;;1;1;XEUR;10804527;690;
11.11.2024;15:21:18.547;FGBS SI 20241206 PS;SIMPLE_INSTRUMENT;EFP_FIN;EUR;24;106.75000000;525;EXCHANGE_LAST;;1;1;XEUR;10804527;690;
11.11.2024;15:23:52.197;FGBS SI 20241206 PS;SIMPLE_INSTRUMENT;EFP_FIN;EUR;25;106.75000000;525;EXCHANGE_LAST;;1;1;XEUR;10804527;690;
11.11.2024;15:25:59.461;FGBS SI 20241206 PS;SIMPLE_INSTRUMENT;EFS;EUR;26;106.78500000;4897;EXCHANGE_LAST;;1;1;XEUR;10804527;690;
11.11.2024;15:38:43.518;FGBS SI 20241206 PS;SIMPLE_INSTRUMENT;EFP_FIN;EUR;27;106.78000000;612;EXCHANGE_LAST;;1;1;XEUR;10804527;690;
11.11.2024;15:48:06.329;FGBS SI 20241206 PS;SIMPLE_INSTRUMENT;EFP_FIN;EUR;28;106.78000000;580;EXCHANGE_LAST;;1;1;XEUR;10804527;690;
11.11.2024;15:48:55.031;FGBS SI 20241206 PS;SIMPLE_INSTRUMENT;EFP_FIN;EUR;29;106.75000000;1050;EXCHANGE_LAST;;1;1;XEUR;10804527;690;
11.11.2024;15:56:38.034;FGBS SI 20241206 PS;SIMPLE_INSTRUMENT;EFS;EUR;30;106.78000000;2721;EXCHANGE_LAST;;1;1;XEUR;10804527;690;
11.11.2024;17:21:09.297;FGBS SI 20241206 PS;SIMPLE_INSTRUMENT;EFP_FIN;EUR;31;106.80000000;358;EXCHANGE_LAST;;1;1;XEUR;10804527;690;
11.11.2024;17:23:12.559;FGBS SI 20241206 PS;SIMPLE_INSTRUMENT;EFP_FIN;EUR;32;106.80000000;358;EXCHANGE_LAST;;1;1;XEUR;10804527;690;
11.11.2024;08:30:00.451;FGBX SI 20241206 PS;SIMPLE_INSTRUMENT;EFS;EUR;1;132.44000000;34;EXCHANGE_LAST;;1;1;XEUR;10804526;691;
11.11.2024;09:40:10.570;FGBX SI 20241206 PS;SIMPLE_INSTRUMENT;EFS;EUR;2;133.54000000;361;EXCHANGE_LAST;;1;1;XEUR;10804526;691;
11.11.2024;09:53:09.768;FGBX SI 20241206 PS;SIMPLE_INSTRUMENT;EFP_FIN;EUR;3;133.64000000;99;EXCHANGE_LAST;;1;1;XEUR;10804526;691;
11.11.2024;10:23:32.555;FGBX SI 20241206 PS;SIMPLE_INSTRUMENT;EFS;EUR;5;133.32000000;55;EXCHANGE_LAST;;1;1;XEUR;10804526;691;
11.11.2024;10:34:26.588;FGBX SI 20241206 PS;SIMPLE_INSTRUMENT;EFS;EUR;6;133.18000000;181;EXCHANGE_LAST;;1;1;XEUR;10804526;691;
11.11.2024;11:05:15.092;FGBX SI 20241206 PS;SIMPLE_INSTRUMENT;EFP_FIN;EUR;9;132.80000000;86;EXCHANGE_LAST;;1;1;XEUR;10804526;691;
11.11.2024;11:34:25.263;FGBX SI 20241206 PS;SIMPLE_INSTRUMENT;EFS;EUR;10;132.96000000;88;EXCHANGE_LAST;;1;1;XEUR;10804526;691;
11.11.2024;11:38:27.777;FGBX SI 20241206 PS;SIMPLE_INSTRUMENT;EFP_FIN;EUR;11;132.94000000;85;EXCHANGE_LAST;;1;1;XEUR;10804526;691;
11.11.2024;11:49:27.568;FGBX SI 20241206 PS;SIMPLE_INSTRUMENT;EFP_FIN;EUR;12;133.00000000;165;EXCHANGE_LAST;;1;1;XEUR;10804526;691;
11.11.2024;12:41:36.948;FGBX SI 20241206 PS;SIMPLE_INSTRUMENT;EFS;EUR;13;132.62000000;117;EXCHANGE_LAST;;1;1;XEUR;10804526;691;
11.11.2024;12:52:10.489;FGBX SI 20241206 PS;SIMPLE_INSTRUMENT;EFS;EUR;14;132.64000000;55;EXCHANGE_LAST;;1;1;XEUR;10804526;691;
11.11.2024;13:24:30.397;FGBX SI 20241206 PS;SIMPLE_INSTRUMENT;EFS;EUR;15;132.56000000;99;EXCHANGE_LAST;;1;1;XEUR;10804526;691;
11.11.2024;14:13:58.217;FGBX SI 20241206 PS;SIMPLE_INSTRUMENT;BLOCK;EUR;18;132.98000000;363;EXCHANGE_LAST;;1;1;XEUR;10804526;691;
11.11.2024;14:43:54.819;FGBX SI 20241206 PS;SIMPLE_INSTRUMENT;EFS;EUR;19;133.12000000;181;EXCHANGE_LAST;;1;1;XEUR;10804526;691;
11.11.2024;15:25:16.576;FGBX SI 20241206 PS;SIMPLE_INSTRUMENT;EFS;EUR;20;132.70000000;326;EXCHANGE_LAST;;1;1;XEUR;10804526;691;
11.11.2024;15:44:20.004;FGBX SI 20241206 PS;SIMPLE_INSTRUMENT;EFP_FIN;EUR;21;132.90000000;260;EXCHANGE_LAST;;1;1;XEUR;10804526;691;
11.11.2024;15:50:05.431;FGBX SI 20241206 PS;SIMPLE_INSTRUMENT;BLOCK;EUR;22;132.92000000;297;EXCHANGE_LAST;;1;1;XEUR;10804526;691;
11.11.2024;16:10:29.501;FGBX SI 20241206 PS;SIMPLE_INSTRUMENT;EFP_FIN;EUR;23;133.00000000;186;EXCHANGE_LAST;;1;1;XEUR;10804526;691;
11.11.2024;16:21:19.923;FGBX SI 20241206 PS;SIMPLE_INSTRUMENT;EFP_FIN;EUR;24;133.00000000;460;EXCHANGE_LAST;;1;1;XEUR;10804526;691;
11.11.2024;15:21:39.658;FGBX SI 20241206 PS;SIMPLE_INSTRUMENT;VOLA;EUR;268435507;132.82000000;25;EXCHANGE_LAST;;1;1;XEUR;10804526;691;
11.11.2024;02:41:00.729;FMAU SI 20241220 CS;SIMPLE_INSTRUMENT;BLOCK;USD;2;5985.27800000;305;EXCHANGE_LAST;;1;1;XEUR;7192605;45287;
11.11.2024;08:11:33.427;FMBZ SI 20241220 CS;SIMPLE_INSTRUMENT;BLOCK;USD;10;520.23600000;660;EXCHANGE_LAST;;1;1;XEUR;7196794;402910;
11.11.2024;03:08:27.303;FMEA SI 20241220 CS;SIMPLE_INSTRUMENT;BLOCK;USD;4;724.41400000;169;EXCHANGE_LAST;;1;1;XEUR;7191938;12395;
11.11.2024;08:12:18.329;FMED SI 20241220 CS;SIMPLE_INSTRUMENT;BLOCK;USD;12;9483.56000000;1180;EXCHANGE_LAST;;1;1;XEUR;7193401;48144;
11.11.2024;08:23:58.540;FMED SI 20241220 CS;SIMPLE_INSTRUMENT;BLOCK;USD;14;9483.56000000;265;EXCHANGE_LAST;;1;1;XEUR;7193401;48144;
11.11.2024;08:24:50.569;FMED SI 20241220 CS;SIMPLE_INSTRUMENT;BLOCK;USD;15;9483.56000000;320;EXCHANGE_LAST;;1;1;XEUR;7193401;48144;
11.11.2024;12:04:56.182;FMEF SI 20241220 CS;SIMPLE_INSTRUMENT;BLOCK;USD;16;1127.00000000;234;EXCHANGE_LAST;;1;1;XEUR;7192304;30657;
11.11.2024;16:33:24.420;FMEF SI 20241220 CS;SIMPLE_INSTRUMENT;BLOCK;USD;22;1123.19400000;370;EXCHANGE_LAST;;1;1;XEUR;7192304;30657;
11.11.2024;16:33:58.849;FMEF SI 20241220 CS;SIMPLE_INSTRUMENT;BLOCK;USD;23;1123.19500000;1016;EXCHANGE_LAST;;1;1;XEUR;7192304;30657;
11.11.2024;08:12:43.529;FMEL SI 20241220 CS;SIMPLE_INSTRUMENT;BLOCK;USD;11;532.69400000;20;EXCHANGE_LAST;;1;1;XEUR;7191942;12397;
11.11.2024;07:25:00.339;FMES SI 20241220 CS;SIMPLE_INSTRUMENT;BLOCK;EUR;6;559.47500000;200;EXCHANGE_LAST;;1;1;XEUR;7194760;221291;
11.11.2024;08:12:56.056;FMGC SI 20241220 CS;SIMPLE_INSTRUMENT;BLOCK;USD;13;12968.51000000;40;EXCHANGE_LAST;;1;1;XEUR;7193447;48916;
11.11.2024;14:51:34.894;FMGO SI 20241220 CS;SIMPLE_INSTRUMENT;BLOCK;USD;21;5355.00000000;67;EXCHANGE_LAST;;1;1;XEUR;8609363;583623;
11.11.2024;16:53:21.447;FMGS SI 20241220 CS;SIMPLE_INSTRUMENT;BLOCK;USD;30;27500.00000000;727;EXCHANGE_LAST;;1;1;XEUR;7193445;48912;
11.11.2024;16:53:36.552;FMGS SI 20250321 CS;SIMPLE_INSTRUMENT;BLOCK;USD;31;27887.06200000;717;EXCHANGE_LAST;;1;1;XEUR;7590768;48912;
11.11.2024;00:27:07.782;FMID SI 20241220 CS;SIMPLE_INSTRUMENT;BLOCK;USD;1;1718.74600000;88;EXCHANGE_LAST;;1;1;XEUR;7192610;45289;
11.11.2024;00:33:05.973;FMJP SI 20241220 CS;SIMPLE_INSTRUMENT;BLOCK;USD;1;8802.18400000;345;EXCHANGE_LAST;;2;1;XEUR;7190889;661;
11.11.2024;02:46:11.477;FMJP SI 20241220 CS;SIMPLE_INSTRUMENT;BLOCK;USD;3;8801.74700000;358;EXCHANGE_LAST;;1;1;XEUR;7190889;661;
11.11.2024;08:05:52.968;FMUV SI 20241220 CS;SIMPLE_INSTRUMENT;EFP_IDX;USD;9;5416.63000000;2;EXCHANGE_LAST;;1;1;XEUR;7193402;48147;
11.11.2024;07:34:33.289;FMWO SI 20241220 CS;SIMPLE_INSTRUMENT;EFP_IDX;USD;7;12043.51000000;45;EXCHANGE_LAST;;1;1;XEUR;7191849;7059;
11.11.2024;07:51:52.047;FMWO SI 20241220 CS;SIMPLE_INSTRUMENT;BLOCK;USD;8;12043.48000000;112;EXCHANGE_LAST;;1;1;XEUR;7191849;7059;
11.11.2024;05:36:38.964;FMXJ SI 20241220 CS;SIMPLE_INSTRUMENT;BLOCK;USD;5;605.00000000;6;EXCHANGE_LAST;;1;1;XEUR;7193543;51660;
11.11.2024;08:10:25.468;FOAT SI 20241206 PS;SIMPLE_INSTRUMENT;EFP_FIN;EUR;1;124.69000000;1003;EXCHANGE_LAST;;1;1;XEUR;10804528;749;
11.11.2024;09:55:44.220;FOAT SI 20241206 PS;SIMPLE_INSTRUMENT;EFP_FIN;EUR;2;125.12000000;1663;EXCHANGE_LAST;;1;1;XEUR;10804528;749;
11.11.2024;09:55:52.137;FOAT SI 20241206 PS;SIMPLE_INSTRUMENT;EFP_FIN;EUR;3;125.25000000;415;EXCHANGE_LAST;;1;1;XEUR;10804528;749;
11.11.2024;10:05:45.644;FOAT SI 20241206 PS;SIMPLE_INSTRUMENT;EFP_FIN;EUR;4;125.24000000;176;EXCHANGE_LAST;;1;1;XEUR;10804528;749;
11.11.2024;10:31:17.384;FOAT SI 20241206 PS;SIMPLE_INSTRUMENT;EFP_FIN;EUR;5;125.09000000;332;EXCHANGE_LAST;;1;1;XEUR;10804528;749;
11.11.2024;10:41:28.764;FOAT SI 20241206 PS;SIMPLE_INSTRUMENT;EFS;EUR;6;125.09000000;523;EXCHANGE_LAST;;1;1;XEUR;10804528;749;
11.11.2024;10:58:20.686;FOAT SI 20241206 PS;SIMPLE_INSTRUMENT;EFP_FIN;EUR;7;125.05000000;87;EXCHANGE_LAST;;1;1;XEUR;10804528;749;
11.11.2024;11:03:35.996;FOAT SI 20241206 PS;SIMPLE_INSTRUMENT;EFP_FIN;EUR;8;124.96000000;1287;EXCHANGE_LAST;;1;1;XEUR;10804528;749;
11.11.2024;11:17:27.195;FOAT SI 20241206 PS;SIMPLE_INSTRUMENT;EFP_FIN;EUR;9;124.98000000;1578;EXCHANGE_LAST;;1;1;XEUR;10804528;749;
11.11.2024;11:20:55.210;FOAT SI 20241206 PS;SIMPLE_INSTRUMENT;EFP_FIN;EUR;10;125.28000000;340;EXCHANGE_LAST;;1;1;XEUR;10804528;749;
11.11.2024;13:26:48.777;FOAT SI 20241206 PS;SIMPLE_INSTRUMENT;EFP_FIN;EUR;11;124.87000000;86;EXCHANGE_LAST;;1;1;XEUR;10804528;749;
11.11.2024;13:36:37.748;FOAT SI 20241206 PS;SIMPLE_INSTRUMENT;EFP_FIN;EUR;12;124.95000000;415;EXCHANGE_LAST;;1;1;XEUR;10804528;749;
11.11.2024;14:04:52.521;FOAT SI 20241206 PS;SIMPLE_INSTRUMENT;EFP_FIN;EUR;13;124.99000000;1022;EXCHANGE_LAST;;1;1;XEUR;10804528;749;
11.11.2024;14:13:16.431;FOAT SI 20241206 PS;SIMPLE_INSTRUMENT;EFP_FIN;EUR;14;124.84000000;112;EXCHANGE_LAST;;1;1;XEUR;10804528;749;
11.11.2024;14:31:15.834;FOAT SI 20241206 PS;SIMPLE_INSTRUMENT;EFS;EUR;15;124.96000000;524;EXCHANGE_LAST;;1;1;XEUR;10804528;749;
11.11.2024;14:54:33.097;FOAT SI 20241206 PS;SIMPLE_INSTRUMENT;BLOCK;EUR;16;125.08000000;1043;EXCHANGE_LAST;;1;1;XEUR;10804528;749;
11.11.2024;15:27:33.845;FOAT SI 20241206 PS;SIMPLE_INSTRUMENT;EFP_FIN;EUR;17;124.95000000;415;EXCHANGE_LAST;;1;1;XEUR;10804528;749;
11.11.2024;15:31:02.252;FOAT SI 20241206 PS;SIMPLE_INSTRUMENT;EFP_FIN;EUR;18;124.99000000;2401;EXCHANGE_LAST;;1;1;XEUR;10804528;749;
11.11.2024;15:38:34.574;FOAT SI 20241206 PS;SIMPLE_INSTRUMENT;BLOCK;EUR;19;124.97000000;604;EXCHANGE_LAST;;1;1;XEUR;10804528;749;
11.11.2024;15:42:49.329;FOAT SI 20241206 PS;SIMPLE_INSTRUMENT;EFP_FIN;EUR;20;125.02000000;1636;EXCHANGE_LAST;;1;1;XEUR;10804528;749;
11.11.2024;15:49:33.063;FOAT SI 20241206 PS;SIMPLE_INSTRUMENT;EFP_FIN;EUR;21;124.92000000;194;EXCHANGE_LAST;;1;1;XEUR;10804528;749;
11.11.2024;16:08:33.010;FOAT SI 20241206 PS;SIMPLE_INSTRUMENT;EFP_FIN;EUR;22;125.11000000;623;EXCHANGE_LAST;;1;1;XEUR;10804528;749;
11.11.2024;16:10:24.740;FOAT SI 20241206 PS;SIMPLE_INSTRUMENT;EFP_FIN;EUR;23;125.10000000;623;EXCHANGE_LAST;;1;1;XEUR;10804528;749;
11.11.2024;16:11:50.330;FOAT SI 20241206 PS;SIMPLE_INSTRUMENT;EFP_FIN;EUR;24;125.10000000;415;EXCHANGE_LAST;;1;1;XEUR;10804528;749;
11.11.2024;16:11:54.845;FOAT SI 20241206 PS;SIMPLE_INSTRUMENT;EFP_FIN;EUR;25;125.10000000;88;EXCHANGE_LAST;;1;1;XEUR;10804528;749;
11.11.2024;16:20:34.762;FOAT SI 20241206 PS;SIMPLE_INSTRUMENT;EFP_FIN;EUR;26;125.13000000;132;EXCHANGE_LAST;;1;1;XEUR;10804528;749;
11.11.2024;11:46:04.217;FREH SI 20241115 CS;SIMPLE_INSTRUMENT;BLOCK;EUR;21;33.36000000;1650;EXCHANGE_LAST;;1;1;XEUR;10136938;44367;
11.11.2024;11:46:18.435;FREH SI 20250417 CS;SIMPLE_INSTRUMENT;BLOCK;EUR;22;33.82850000;1650;EXCHANGE_LAST;;1;1;XEUR;10864818;44367;
11.11.2024;16:51:34.704;FSCP SI 20241220 CS;SIMPLE_INSTRUMENT;BLOCK;EUR;42;341.20000000;1059;EXCHANGE_LAST;;1;1;XEUR;10840104;764;
11.11.2024;16:51:42.973;FSCP SI 20241220 CS;SIMPLE_INSTRUMENT;BLOCK;EUR;43;341.30000000;1059;EXCHANGE_LAST;;1;1;XEUR;10840104;764;
11.11.2024;17:09:22.578;FSEG SI 20241220 CS;SIMPLE_INSTRUMENT;EFP_IDX;EUR;50;190.40000000;39;EXCHANGE_LAST;;1;1;XEUR;10871764;109977;
11.11.2024;17:09:58.980;FSEG SI 20241220 CS;SIMPLE_INSTRUMENT;EFP_IDX;EUR;51;190.90000000;11;EXCHANGE_LAST;;1;1;XEUR;10871764;109977;
11.11.2024;16:34:12.414;FSMI SI 20241220 CS;SIMPLE_INSTRUMENT;EFP_IDX;CHF;1;11917.00000000;37;EXCHANGE_LAST;;1;1;XEUR;7793735;757;
11.11.2024;16:34:19.594;FSMI SI 20241220 CS;SIMPLE_INSTRUMENT;EFP_IDX;CHF;2;11918.00000000;43;EXCHANGE_LAST;;1;1;XEUR;7793735;757;
11.11.2024;12:42:09.574;FSMI SI 20241220 CS;SIMPLE_INSTRUMENT;VOLA;CHF;603979785;11930.00000000;30;EXCHANGE_LAST;;1;1;XEUR;7793735;757;
11.11.2024;16:57:53.603;FSTB SI 20241220 CS;SIMPLE_INSTRUMENT;EFP_IDX;EUR;46;208.00000000;10;EXCHANGE_LAST;;1;1;XEUR;10839561;714;
11.11.2024;16:58:14.649;FSTB SI 20241220 CS;SIMPLE_INSTRUMENT;EFP_IDX;EUR;47;207.95000000;490;EXCHANGE_LAST;;1;1;XEUR;10839561;714;
11.11.2024;16:50:06.448;FSTH SI 20241220 CS;SIMPLE_INSTRUMENT;EFP_IDX;EUR;1;1160.30000000;44;EXCHANGE_LAST;;1;1;XEUR;10839563;716;
11.11.2024;16:54:49.412;FSTO SI 20241220 CS;SIMPLE_INSTRUMENT;BLOCK;EUR;2;656.70000000;1457;EXCHANGE_LAST;;1;1;XEUR;10839558;711;
11.11.2024;16:55:07.935;FSTO SI 20241220 CS;SIMPLE_INSTRUMENT;BLOCK;EUR;3;656.80000000;1456;EXCHANGE_LAST;;1;1;XEUR;10839558;711;
11.11.2024;16:59:44.557;FSTS SI 20241220 CS;SIMPLE_INSTRUMENT;EFP_IDX;EUR;4;542.10000000;84;EXCHANGE_LAST;;1;1;XEUR;10839557;709;
11.11.2024;17:00:00.258;FSTS SI 20241220 CS;SIMPLE_INSTRUMENT;EFP_IDX;EUR;5;542.20000000;56;EXCHANGE_LAST;;1;1;XEUR;10839557;709;
11.11.2024;16:57:08.359;FSTU SI 20241220 CS;SIMPLE_INSTRUMENT;BLOCK;EUR;44;392.10000000;1000;EXCHANGE_LAST;;1;1;XEUR;10839570;730;
11.11.2024;16:56:48.680;FSTU SI 20241220 CS;SIMPLE_INSTRUMENT;BLOCK;EUR;45;392.20000000;1000;EXCHANGE_LAST;;1;1;XEUR;10839570;730;
11.11.2024;17:01:32.684;FSTU SI 20241220 CS;SIMPLE_INSTRUMENT;BLOCK;EUR;48;392.10000000;1809;EXCHANGE_LAST;;1;1;XEUR;10839570;730;
11.11.2024;17:01:50.128;FSTU SI 20241220 CS;SIMPLE_INSTRUMENT;BLOCK;EUR;49;392.30000000;1808;EXCHANGE_LAST;;1;1;XEUR;10839570;730;
11.11.2024;15:27:06.948;FTE.O.241111.STG.000003;STANDARD_OPTION_STRATEGY;BLOCK;EUR;35;0.21000000;7500;EXCHANGE_LAST;;1;2;XEUR;72060703594261246;724;
11.11.2024;15:27:06.948;FTE SI 20241220 PS AM P 9.60 0;SIMPLE_INSTRUMENT;BLOCK;EUR;35;0.16000000;7500;PRC_DECOMP_EXCHANGE;;;;XEUR;6499595;724;EXCHANGE
11.11.2024;15:27:06.948;FTE SI 20241220 PS AM C 10.20 0;SIMPLE_INSTRUMENT;BLOCK;EUR;35;0.05000000;7500;PRC_DECOMP_EXCHANGE;;;;XEUR;11881531;724;EXCHANGE
11.11.2024;15:49:56.317;FTUK SI 20241220 CS;SIMPLE_INSTRUMENT;BLOCK;GBP;7;8147.00000000;500;EXCHANGE_LAST;;1;1;XEUR;10450717;346692;
11.11.2024;10:54:34.950;FVS SI 20241120 CS;SIMPLE_INSTRUMENT;VOLA;EUR;301989890;15.95000000;430;EXCHANGE_LAST;;1;1;XEUR;10936046;821;
11.11.2024;16:47:42.226;FXXP SI 20241220 CS;SIMPLE_INSTRUMENT;BLOCK;EUR;24;513.40000000;324;EXCHANGE_LAST;;1;1;XEUR;7793976;816;
11.11.2024;16:47:42.246;FXXP SI 20241220 CS;SIMPLE_INSTRUMENT;BLOCK;EUR;25;513.60000000;395;EXCHANGE_LAST;;1;1;XEUR;7793976;816;
11.11.2024;16:50:26.058;FXXP SI 20241220 CS;SIMPLE_INSTRUMENT;BLOCK;EUR;26;513.20000000;6205;EXCHANGE_LAST;;1;1;XEUR;7793976;816;
11.11.2024;16:50:49.502;FXXP SI 20241220 CS;SIMPLE_INSTRUMENT;BLOCK;EUR;27;513.70000000;396;EXCHANGE_LAST;;1;1;XEUR;7793976;816;
11.11.2024;16:53:00.958;FXXP SI 20241220 CS;SIMPLE_INSTRUMENT;BLOCK;EUR;28;513.30000000;2721;EXCHANGE_LAST;;1;1;XEUR;7793976;816;
11.11.2024;16:53:15.258;FXXP SI 20241220 CS;SIMPLE_INSTRUMENT;BLOCK;EUR;29;513.80000000;371;EXCHANGE_LAST;;1;1;XEUR;7793976;816;
11.11.2024;11:53:58.227;G3ZF SI 20261218 CS;SIMPLE_INSTRUMENT;BLOCK;EUR;23;1.17500000;500;EXCHANGE_LAST;;1;1;XEUR;6825108;144760;
11.11.2024;13:32:03.405;GAD.O.241111.PDIA.000001;STANDARD_OPTION_STRATEGY;BLOCK;CHF;47;0.80000000;300;EXCHANGE_LAST;;1;1;XEUR;75640391331741718;834185;
11.11.2024;13:32:03.405;GAD SI 20241220 PS AM P 82.00 0;SIMPLE_INSTRUMENT;BLOCK;CHF;47;1.06000000;300;PRC_DECOMP_EXCHANGE;;;;XEUR;11940785;834185;EXCHANGE
11.11.2024;13:32:03.405;GAD SI 20241115 PS AM P 78.00 0;SIMPLE_INSTRUMENT;BLOCK;CHF;47;0.26000000;300;PRC_DECOMP_EXCHANGE;;;;XEUR;11749680;834185;EXCHANGE
11.11.2024;09:54:53.486;GEBN SI 20260619 PS AM P 400.00 0;SIMPLE_INSTRUMENT;BLOCK;CHF;13;17.40000000;400;EXCHANGE_LAST;;1;1;XEUR;11361903;882;
11.11.2024;11:58:32.594;GEBN.O.241111.STG.000001;STANDARD_OPTION_STRATEGY;BLOCK;CHF;31;71.00000000;500;EXCHANGE_LAST;;1;1;XEUR;72061382199097259;882;
11.11.2024;11:58:32.594;GEBN SI 20250919 PS AM P 520.00 0;SIMPLE_INSTRUMENT;BLOCK;CHF;31;43.75000000;500;PRC_DECOMP_EXCHANGE;;;;XEUR;11883521;882;EXCHANGE
11.11.2024;11:58:32.594;GEBN SI 20250919 PS AM C 560.00 0;SIMPLE_INSTRUMENT;BLOCK;CHF;31;27.25000000;500;PRC_DECOMP_EXCHANGE;;;;XEUR;11883390;882;EXCHANGE
11.11.2024;09:04:37.120;GIVN.O.241111.BER.000001;STANDARD_OPTION_STRATEGY;BLOCK;CHF;6;319.01000000;375;EXCHANGE_LAST;;1;1;XEUR;72061425148774586;892;
11.11.2024;09:04:37.120;GIVN SI 20241220 PS AM P 4400.0 0;SIMPLE_INSTRUMENT;BLOCK;CHF;6;445.32000000;375;PRC_DECOMP_EXCHANGE;;;;XEUR;10408048;892;EXCHANGE
11.11.2024;09:04:37.120;GIVN SI 20241220 PS AM P 4000.0 0;SIMPLE_INSTRUMENT;BLOCK;CHF;6;126.31000000;375;PRC_DECOMP_EXCHANGE;;;;XEUR;8785177;892;EXCHANGE
11.11.2024;08:15:12.643;GOB SI 20241129 PS AM C 91.00 0;SIMPLE_INSTRUMENT;BLOCK;EUR;1;0.83000000;1075;EXCHANGE_LAST;;1;1;XEUR;12076516;874;
11.11.2024;08:30:31.054;GOB SI 20241115 PS AM C 88.00 0;SIMPLE_INSTRUMENT;BLOCK;EUR;4;1.43000000;300;EXCHANGE_LAST;;1;1;XEUR;11769540;874;
11.11.2024;08:52:37.962;GOB SI 20241115 PS AM C 88.00 0;SIMPLE_INSTRUMENT;BLOCK;EUR;5;1.90000000;300;EXCHANGE_LAST;;1;1;XEUR;11769540;874;
11.11.2024;09:13:56.224;GOB SI 20241115 PS AM C 88.00 0;SIMPLE_INSTRUMENT;BLOCK;EUR;7;1.95000000;400;EXCHANGE_LAST;;1;1;XEUR;11769540;874;
11.11.2024;11:48:35.779;GOB SI 20241115 PS AM C 88.00 0;SIMPLE_INSTRUMENT;BLOCK;EUR;20;2.09000000;500;EXCHANGE_LAST;;1;1;XEUR;11769540;874;
11.11.2024;12:57:53.173;GOB SI 20241115 PS AM C 88.00 0;SIMPLE_INSTRUMENT;BLOCK;EUR;26;2.00000000;300;EXCHANGE_LAST;;1;1;XEUR;11769540;874;
11.11.2024;13:12:33.021;GOB SI 20241115 PS AM C 88.00 0;SIMPLE_INSTRUMENT;BLOCK;EUR;27;1.92000000;400;EXCHANGE_LAST;;1;1;XEUR;11769540;874;
11.11.2024;15:04:37.758;GOB SI 20241115 PS AM C 88.00 0;SIMPLE_INSTRUMENT;BLOCK;EUR;32;1.85000000;400;EXCHANGE_LAST;;1;1;XEUR;11769540;874;
11.11.2024;15:33:39.537;GOB SI 20241115 PS AM C 88.00 0;SIMPLE_INSTRUMENT;BLOCK;EUR;36;1.78000000;395;EXCHANGE_LAST;;1;1;XEUR;11769540;874;
11.11.2024;10:09:22.334;GXI SI 20251219 PS AM P 68.00 0;SIMPLE_INSTRUMENT;BLOCK;EUR;4;7.35000000;200;EXCHANGE_LAST;;1;1;XEUR;5931995;852;
11.11.2024;12:24:50.844;GZF SI 20250919 PS AM P 14.00 0;SIMPLE_INSTRUMENT;BLOCK;EUR;25;0.78000000;2000;EXCHANGE_LAST;;1;1;XEUR;11883276;855;
11.11.2024;08:26:48.632;HEI SI 20241220 PS AM C 130.00 0;SIMPLE_INSTRUMENT;BLOCK;EUR;1;0.88000000;1027;EXCHANGE_LAST;;1;1;XEUR;10406910;839;
11.11.2024;16:28:19.116;HOLN SI 20241220 PS AM C 92.00 0;SIMPLE_INSTRUMENT;BLOCK;CHF;67;2.40000000;750;EXCHANGE_LAST;;1;1;XEUR;8785911;943;
11.11.2024;13:01:05.677;IBE SI 20241220 PS AM P 12.50 0;SIMPLE_INSTRUMENT;BLOCK;EUR;24;0.06000000;3750;EXCHANGE_LAST;;1;1;XEUR;5458885;908;
11.11.2024;13:01:05.678;IBE SI 20241220 PS AM P 12.50 0;SIMPLE_INSTRUMENT;BLOCK;EUR;25;0.07000000;3750;EXCHANGE_LAST;;1;1;XEUR;5458885;908;
11.11.2024;11:30:14.031;IES5.O.241111.PDIA.000002;STANDARD_OPTION_STRATEGY;BLOCK;EUR;18;0.19000000;2000;EXCHANGE_LAST;;1;1;XEUR;72061459508501751;900;
11.11.2024;11:30:14.031;IES5 SI 20250320 PS AM P 3.00 0;SIMPLE_INSTRUMENT;BLOCK;EUR;18;0.03000000;2000;PRC_DECOMP_MEMBER;;;;XEUR;10823170;900;MEMBER
11.11.2024;11:30:14.031;IES5 SI 20251218 PS AM P 3.20 0;SIMPLE_INSTRUMENT;BLOCK;EUR;18;0.22000000;2000;PRC_DECOMP_MEMBER;;;;XEUR;5912465;900;MEMBER
11.11.2024;11:31:27.096;IFX SI 20241220 PS AM C 33.00 0;SIMPLE_INSTRUMENT;BLOCK;EUR;3;0.37000000;2000;EXCHANGE_LAST;;1;1;XEUR;11689534;902;
11.11.2024;13:01:06.954;IFX SI 20250919 PS AM P 28.00 0;SIMPLE_INSTRUMENT;BLOCK;EUR;5;2.71000000;1000;EXCHANGE_LAST;;1;1;XEUR;11884202;902;
11.11.2024;13:08:20.372;IFX SI 20241220 PS AM C 31.00 0;SIMPLE_INSTRUMENT;BLOCK;EUR;7;0.96000000;1000;EXCHANGE_LAST;;1;1;XEUR;10665612;902;
11.11.2024;13:17:23.638;IFX.O.241111.BER.000018;STANDARD_OPTION_STRATEGY;BLOCK;EUR;9;1.58000000;2000;EXCHANGE_LAST;;1;1;XEUR;72061468098466596;902;
11.11.2024;13:17:23.638;IFX SI 20250321 PS AM P 30.00 0;SIMPLE_INSTRUMENT;BLOCK;EUR;9;2.57000000;2000;PRC_DECOMP_EXCHANGE;;;;XEUR;10842306;902;EXCHANGE
11.11.2024;13:17:23.638;IFX SI 20250321 PS AM P 26.00 0;SIMPLE_INSTRUMENT;BLOCK;EUR;9;0.99000000;2000;PRC_DECOMP_EXCHANGE;;;;XEUR;10842324;902;EXCHANGE
11.11.2024;13:35:33.551;IFX SI 20241115 PS AM C 32.00 0;SIMPLE_INSTRUMENT;BLOCK;EUR;10;0.30000000;1000;EXCHANGE_LAST;;1;1;XEUR;11707858;902;
11.11.2024;14:00:18.091;IFX.O.241111.COMBO.000029;STANDARD_OPTION_STRATEGY;BLOCK;EUR;12;-0.22000000;2279;EXCHANGE_LAST;;1;1;XEUR;72061468098466607;902;
11.11.2024;14:00:18.091;IFX SI 20241115 PS AM P 28.50 0;SIMPLE_INSTRUMENT;BLOCK;EUR;12;0.17000000;2279;PRC_DECOMP_EXCHANGE;;;;XEUR;11707785;902;EXCHANGE
11.11.2024;14:00:18.091;IFX SI 20241115 PS AM C 32.50 0;SIMPLE_INSTRUMENT;BLOCK;EUR;12;0.39000000;2279;PRC_DECOMP_EXCHANGE;;;;XEUR;11707862;902;EXCHANGE
11.11.2024;14:00:48.448;IFX.O.241111.BER.000028;STANDARD_OPTION_STRATEGY;BLOCK;EUR;13;0.92000000;1500;EXCHANGE_LAST;;1;1;XEUR;72061468098466606;902;
11.11.2024;14:00:48.448;IFX SI 20250321 PS AM P 28.00 0;SIMPLE_INSTRUMENT;BLOCK;EUR;13;1.64000000;1500;PRC_DECOMP_MEMBER;;;;XEUR;10842328;902;MEMBER
11.11.2024;14:00:48.448;IFX SI 20250321 PS AM P 30.00 0;SIMPLE_INSTRUMENT;BLOCK;EUR;13;2.56000000;1500;PRC_DECOMP_MEMBER;;;;XEUR;10842306;902;MEMBER
11.11.2024;15:57:02.825;IFX SI 20241115 PS AM P 28.00 0;SIMPLE_INSTRUMENT;BLOCK;EUR;15;0.40000000;1350;EXCHANGE_LAST;;1;1;XEUR;11707799;902;
11.11.2024;15:56:57.674;IFX SI 20241115 PS AM P 28.00 0;SIMPLE_INSTRUMENT;BLOCK;EUR;16;0.20000000;1750;EXCHANGE_LAST;;1;1;XEUR;11707799;902;
11.11.2024;16:09:38.296;IFX SI 20241220 PS AM P 29.00 0;SIMPLE_INSTRUMENT;BLOCK;EUR;17;1.09000000;1000;EXCHANGE_LAST;;1;1;XEUR;10665611;902;
11.11.2024;12:04:42.349;IMCF SI 20241115 CS;SIMPLE_INSTRUMENT;BLOCK;EUR;24;154.85000000;220;EXCHANGE_LAST;;1;1;XEUR;10142190;108043;
11.11.2024;12:04:27.813;IMCF SI 20250321 CS;SIMPLE_INSTRUMENT;BLOCK;EUR;25;156.65000000;220;EXCHANGE_LAST;;1;1;XEUR;10724930;108043;
11.11.2024;08:50:56.337;INN.O.241111.STD.000001;STANDARD_OPTION_STRATEGY;BLOCK;EUR;1;3.17000000;6500;EXCHANGE_LAST;;1;1;XEUR;72061949134783196;1014;
11.11.2024;08:50:56.337;INN SI 20251219 PS AM C 14.00 0;SIMPLE_INSTRUMENT;BLOCK;EUR;1;1.96000000;6500;PRC_DECOMP_MEMBER;;;;XEUR;8900203;1014;MEMBER
11.11.2024;08:50:56.337;INN SI 20251219 PS AM P 14.00 0;SIMPLE_INSTRUMENT;BLOCK;EUR;1;1.21000000;6500;PRC_DECOMP_MEMBER;;;;XEUR;8900204;1014;MEMBER
11.11.2024;08:50:49.147;INN.O.241111.STD.000001;STANDARD_OPTION_STRATEGY;BLOCK;EUR;2;3.18000000;6500;EXCHANGE_LAST;;1;1;XEUR;72061949134783196;1014;
11.11.2024;08:50:49.147;INN SI 20251219 PS AM C 14.00 0;SIMPLE_INSTRUMENT;BLOCK;EUR;2;1.97000000;6500;PRC_DECOMP_MEMBER;;;;XEUR;8900203;1014;MEMBER
11.11.2024;08:50:49.147;INN SI 20251219 PS AM P 14.00 0;SIMPLE_INSTRUMENT;BLOCK;EUR;2;1.21000000;6500;PRC_DECOMP_MEMBER;;;;XEUR;8900204;1014;MEMBER
11.11.2024;08:50:42.163;INN.O.241111.STD.000002;STANDARD_OPTION_STRATEGY;BLOCK;EUR;3;2.50000000;11000;EXCHANGE_LAST;;1;1;XEUR;72061949134783197;1014;
11.11.2024;08:50:42.163;INN SI 20250620 PS AM C 16.00 0;SIMPLE_INSTRUMENT;BLOCK;EUR;3;0.67000000;11000;PRC_DECOMP_MEMBER;;;;XEUR;8900412;1014;MEMBER
11.11.2024;08:50:42.163;INN SI 20250620 PS AM P 16.00 0;SIMPLE_INSTRUMENT;BLOCK;EUR;3;1.83000000;11000;PRC_DECOMP_MEMBER;;;;XEUR;8900415;1014;MEMBER
11.11.2024;10:40:04.591;ITK.O.241111.STG.000003;STANDARD_OPTION_STRATEGY;BLOCK;EUR;1;0.60000000;500;EXCHANGE_LAST;;1;1;XEUR;72061884710273109;999;
11.11.2024;10:40:04.591;ITK SI 20241220 PS AM C 56.00 0;SIMPLE_INSTRUMENT;BLOCK;EUR;1;0.50000000;500;PRC_DECOMP_MEMBER;;;;XEUR;6497799;999;MEMBER
11.11.2024;10:40:04.591;ITK SI 20241220 PS AM P 48.00 0;SIMPLE_INSTRUMENT;BLOCK;EUR;1;0.10000000;500;PRC_DECOMP_MEMBER;;;;XEUR;6572931;999;MEMBER
11.11.2024;10:51:49.641;ITK.O.241111.STG.000003;STANDARD_OPTION_STRATEGY;BLOCK;EUR;2;0.60000000;500;EXCHANGE_LAST;;1;1;XEUR;72061884710273109;999;
11.11.2024;10:51:49.641;ITK SI 20241220 PS AM C 56.00 0;SIMPLE_INSTRUMENT;BLOCK;EUR;2;0.50000000;500;PRC_DECOMP_MEMBER;;;;XEUR;6497799;999;MEMBER
11.11.2024;10:51:49.641;ITK SI 20241220 PS AM P 48.00 0;SIMPLE_INSTRUMENT;BLOCK;EUR;2;0.10000000;500;PRC_DECOMP_MEMBER;;;;XEUR;6572931;999;MEMBER
11.11.2024;12:09:53.466;KC4L.S.NOV24.FEB25.SPD;FUTURES_SPREAD;BLOCK;EUR;28;-0.45500000;1410;EXCHANGE_LAST;;1;1;XEUR;74246970796933154;509754;
11.11.2024;12:09:53.466;KC4L SI 20250221 CS;SIMPLE_INSTRUMENT;BLOCK;EUR;28;50.55500000;1410;PRC_DECOMP_MEMBER;;;;XEUR;10602418;509754;MEMBER
11.11.2024;12:09:53.466;KC4L SI 20241115 CS;SIMPLE_INSTRUMENT;BLOCK;EUR;28;50.10000000;1410;PRC_DECOMP_MEMBER;;;;XEUR;10152922;509754;MEMBER
11.11.2024;13:32:09.964;KNIN SI 20251219 PS AM P 180.00 0;SIMPLE_INSTRUMENT;BLOCK;CHF;46;9.40000000;550;EXCHANGE_LAST;;2;2;XEUR;10411448;1091;
11.11.2024;14:15:59.697;KNIN SI 20260619 PS AM P 160.00 0;SIMPLE_INSTRUMENT;BLOCK;CHF;52;8.16000000;200;EXCHANGE_LAST;;1;1;XEUR;11365381;1091;
11.11.2024;16:29:52.408;LONN SI 20250620 PS AM C 560.00 0;SIMPLE_INSTRUMENT;BLOCK;CHF;68;44.90000000;1000;EXCHANGE_LAST;;1;1;XEUR;7908043;1141;
11.11.2024;16:36:48.673;LONN SI 20250620 PS AM C 560.00 0;SIMPLE_INSTRUMENT;BLOCK;CHF;69;44.90000000;500;EXCHANGE_LAST;;1;1;XEUR;7908043;1141;
11.11.2024;12:19:56.555;M2EG SI 20241220 CS;SIMPLE_INSTRUMENT;BLOCK;EUR;30;1.07000000;875;EXCHANGE_LAST;;1;1;XEUR;6858183;412282;
11.11.2024;15:12:46.659;M2EG SI 20241220 CS;SIMPLE_INSTRUMENT;BLOCK;EUR;62;1.07000000;1755;EXCHANGE_LAST;;1;1;XEUR;6858183;412282;
11.11.2024;15:11:38.164;ME9G SI 20241219 CS;SIMPLE_INSTRUMENT;BLOCK;EUR;61;15.22730000;2000;EXCHANGE_LAST;;1;1;XEUR;7028931;1066;
11.11.2024;09:35:34.294;MOH SI 20250321 PS AM C 640.00 0;SIMPLE_INSTRUMENT;BLOCK;EUR;9;24.07000000;120;EXCHANGE_LAST;;1;1;XEUR;10844456;1074;
11.11.2024;09:35:36.527;MOH SI 20250321 PS AM P 560.00 0;SIMPLE_INSTRUMENT;BLOCK;EUR;10;19.23000000;120;EXCHANGE_LAST;;1;1;XEUR;10844462;1074;
11.11.2024;14:13:59.166;MOH.O.241111.PDIA.000012;STANDARD_OPTION_STRATEGY;BLOCK;EUR;28;13.20000000;100;EXCHANGE_LAST;;1;1;XEUR;72062206832829285;1074;
11.11.2024;14:13:59.166;MOH SI 20241220 PS AM P 560.00 0;SIMPLE_INSTRUMENT;BLOCK;EUR;28;7.27000000;100;PRC_DECOMP_EXCHANGE;;;;XEUR;4651814;1074;EXCHANGE
11.11.2024;14:13:59.166;MOH SI 20251219 PS AM P 480.00 0;SIMPLE_INSTRUMENT;BLOCK;EUR;28;20.47000000;100;PRC_DECOMP_EXCHANGE;;;;XEUR;5937051;1074;EXCHANGE
11.11.2024;09:25:48.059;MON FI 20241115 CS EU P 53.0000 0;FLEXIBLE_INSTRUMENT;BLOCK;EUR;4;5.41900000;50;EXCHANGE_LAST;;1;1;XEUR;1153058097451761672;31803;
11.11.2024;12:59:01.242;MON SI 20260618 PS AM P 40.00 0;SIMPLE_INSTRUMENT;BLOCK;EUR;23;3.32000000;150;EXCHANGE_LAST;;1;1;XEUR;11339785;31803;
11.11.2024;14:38:15.922;MRK SI 20241115 PS AM C 154.00 0;SIMPLE_INSTRUMENT;BLOCK;EUR;8;2.27000000;1000;EXCHANGE_LAST;;1;1;XEUR;11712330;1223;
11.11.2024;12:20:57.150;MTXF.S.NOV24.APR25.SPD;FUTURES_SPREAD;BLOCK;EUR;29;-4.53000000;193;EXCHANGE_LAST;;1;1;XEUR;72062881142669457;1231;
11.11.2024;12:20:57.150;MTXF SI 20250417 CS;SIMPLE_INSTRUMENT;BLOCK;EUR;29;321.23000000;193;PRC_DECOMP_MEMBER;;;;XEUR;10848340;1231;MEMBER
11.11.2024;12:20:57.150;MTXF SI 20241115 CS;SIMPLE_INSTRUMENT;BLOCK;EUR;29;316.70000000;193;PRC_DECOMP_MEMBER;;;;XEUR;10124601;1231;MEMBER
11.11.2024;16:05:09.671;MUV2 SI 20250620 PS AM P 440.00 0;SIMPLE_INSTRUMENT;BLOCK;EUR;10;16.30000000;500;EXCHANGE_LAST;;1;2;XEUR;11369434;1234;
11.11.2024;16:49:22.588;N2ES SI 20261218 CS;SIMPLE_INSTRUMENT;BLOCK;CHF;82;3.10000000;275;EXCHANGE_LAST;;1;1;XEUR;6809641;1240;
11.11.2024;16:29:13.672;NDX1 SI 20241220 PS AM C 13.00 0;SIMPLE_INSTRUMENT;BLOCK;EUR;15;0.50000000;768;EXCHANGE_LAST;;1;1;XEUR;10416173;1254;
11.11.2024;16:29:13.674;NDX1 SI 20241220 PS AM C 13.00 0;SIMPLE_INSTRUMENT;BLOCK;EUR;16;0.41000000;832;EXCHANGE_LAST;;1;1;XEUR;10416173;1254;
11.11.2024;10:43:32.400;NESN SI 20260619 PS AM C 76.00 0;SIMPLE_INSTRUMENT;BLOCK;CHF;22;6.90000000;750;EXCHANGE_LAST;;1;1;XEUR;9559435;1263;
11.11.2024;12:04:06.075;NESN.O.241111.BR23.000018;STANDARD_OPTION_STRATEGY;BLOCK;CHF;33;-10.94000000;1000;EXCHANGE_LAST;;1;1;XEUR;72063018581698889;1263;
11.11.2024;12:04:06.075;NESN SI 20250620 PS AM P 84.00 0;SIMPLE_INSTRUMENT;BLOCK;CHF;33;7.81000000;2000;PRC_DECOMP_EXCHANGE;;;;XEUR;7911185;1263;EXCHANGE
11.11.2024;12:04:06.075;NESN SI 20250620 PS AM P 72.00 0;SIMPLE_INSTRUMENT;BLOCK;CHF;33;1.56000000;3000;PRC_DECOMP_EXCHANGE;;;;XEUR;11370076;1263;EXCHANGE
11.11.2024;12:58:27.670;NESN.O.241111.IRTRY.000021;STANDARD_OPTION_STRATEGY;BLOCK;CHF;36;4.59000000;1500;EXCHANGE_LAST;;1;1;XEUR;72063018581698892;1263;
11.11.2024;12:58:27.670;NESN SI 20260619 PS AM C 76.00 0;SIMPLE_INSTRUMENT;BLOCK;CHF;36;6.77000000;1500;PRC_DECOMP_EXCHANGE;;;;XEUR;9559435;1263;EXCHANGE
11.11.2024;12:58:27.670;NESN SI 20260619 PS AM P 60.00 0;SIMPLE_INSTRUMENT;BLOCK;CHF;36;1.09000000;3000;PRC_DECOMP_EXCHANGE;;;;XEUR;9559468;1263;EXCHANGE
11.11.2024;14:02:04.854;NESN SI 20271217 PS AM P 60.00 0;SIMPLE_INSTRUMENT;BLOCK;CHF;49;2.63000000;2200;EXCHANGE_LAST;;2;3;XEUR;8793266;1263;
11.11.2024;14:18:08.117;NESN.O.241111.BER.000029;STANDARD_OPTION_STRATEGY;BLOCK;CHF;50;10.36000000;3000;EXCHANGE_LAST;;1;2;XEUR;72063018581698900;1263;
11.11.2024;14:18:08.117;NESN SI 20250620 PS AM P 68.00 0;SIMPLE_INSTRUMENT;BLOCK;CHF;50;0.70000000;3000;PRC_DECOMP_MEMBER;;;;XEUR;8134428;1263;MEMBER
11.11.2024;14:18:08.117;NESN SI 20250620 PS AM P 88.00 0;SIMPLE_INSTRUMENT;BLOCK;CHF;50;11.06000000;3000;PRC_DECOMP_MEMBER;;;;XEUR;11370068;1263;MEMBER
11.11.2024;14:07:25.547;NESN SI 20271217 PS AM P 60.00 0;SIMPLE_INSTRUMENT;BLOCK;CHF;51;2.63000000;400;EXCHANGE_LAST;;1;1;XEUR;8793266;1263;
11.11.2024;15:41:00.257;NESN.O.241111.STD.000033;STANDARD_OPTION_STRATEGY;BLOCK;CHF;59;5.68000000;750;EXCHANGE_LAST;;1;1;XEUR;72063018581698904;1263;
11.11.2024;15:41:00.257;NESN SI 20250321 PS AM C 80.00 0;SIMPLE_INSTRUMENT;BLOCK;CHF;59;2.46000000;750;PRC_DECOMP_EXCHANGE;;;;XEUR;10849735;1263;EXCHANGE
11.11.2024;15:41:00.257;NESN SI 20250321 PS AM P 80.00 0;SIMPLE_INSTRUMENT;BLOCK;CHF;59;3.22000000;750;PRC_DECOMP_EXCHANGE;;;;XEUR;10849738;1263;EXCHANGE
11.11.2024;09:10:52.927;NOVE.O.241111.COMBO.000001;STANDARD_OPTION_STRATEGY;BLOCK;CHF;7;2.43000000;2000;EXCHANGE_LAST;;1;1;XEUR;75170345815902265;724744;
11.11.2024;09:10:52.927;NOVE SI 20250620 PS EU P 90.00 0;SIMPLE_INSTRUMENT;BLOCK;CHF;7;4.08000000;2000;PRC_DECOMP_EXCHANGE;;;;XEUR;11766584;724744;EXCHANGE
11.11.2024;09:10:52.927;NOVE SI 20250620 PS EU C 100.00 0;SIMPLE_INSTRUMENT;BLOCK;CHF;7;1.65000000;2000;PRC_DECOMP_EXCHANGE;;;;XEUR;10038268;724744;EXCHANGE
11.11.2024;10:56:55.764;NOVE SI 20251219 PS EU C 92.00 0;SIMPLE_INSTRUMENT;BLOCK;CHF;24;6.16000000;1300;EXCHANGE_LAST;;2;1;XEUR;10038036;724744;
11.11.2024;11:20:35.797;NOVH SI 20241220 CS;SIMPLE_INSTRUMENT;BLOCK;CHF;15;93.30500000;1500;EXCHANGE_LAST;;1;1;XEUR;10036551;724742;
11.11.2024;09:11:58.678;NOVN SI 20241220 PS AM C 92.00 0;SIMPLE_INSTRUMENT;BLOCK;CHF;8;2.91000000;400;EXCHANGE_LAST;;1;1;XEUR;10038078;724745;
11.11.2024;09:11:43.677;NOVN SI 20241220 PS AM C 100.00 0;SIMPLE_INSTRUMENT;BLOCK;CHF;9;0.26000000;400;EXCHANGE_LAST;;1;1;XEUR;10038063;724745;
11.11.2024;12:50:30.065;NOVN.O.241111.BER.000010;STANDARD_OPTION_STRATEGY;BLOCK;CHF;37;5.69000000;2000;EXCHANGE_LAST;;1;2;XEUR;75170350110873352;724745;
11.11.2024;12:50:30.065;NOVN SI 20250321 PS AM P 88.00 0;SIMPLE_INSTRUMENT;BLOCK;CHF;37;2.39000000;2000;PRC_DECOMP_EXCHANGE;;;;XEUR;10891568;724745;EXCHANGE
11.11.2024;12:50:30.065;NOVN SI 20250321 PS AM P 98.00 0;SIMPLE_INSTRUMENT;BLOCK;CHF;37;8.08000000;2000;PRC_DECOMP_EXCHANGE;;;;XEUR;11799295;724745;EXCHANGE
11.11.2024;15:36:37.809;NOVN SI 20250321 PS AM P 84.00 0;SIMPLE_INSTRUMENT;BLOCK;CHF;57;1.07000000;1500;EXCHANGE_LAST;;2;1;XEUR;10892100;724745;
11.11.2024;15:48:03.608;NOVN SI 20241220 PS AM P 92.00 0;SIMPLE_INSTRUMENT;BLOCK;CHF;61;1.26000000;500;EXCHANGE_LAST;;1;1;XEUR;10038070;724745;
11.11.2024;10:22:35.865;OBTP SI 20241122 PS AM P 119.00 0;SIMPLE_INSTRUMENT;BLOCK;EUR;27;0.34000000;100;EXCHANGE_LAST;;1;1;XEUR;11242878;58812;
11.11.2024;08:45:04.223;ODAX SI 20241115 CS EU P 19300 0;SIMPLE_INSTRUMENT;BLOCK;EUR;1;66.90000000;500;EXCHANGE_LAST;;1;1;XEUR;11711604;1176;
11.11.2024;08:44:55.195;ODAX SI 20241115 CS EU P 19300 0;SIMPLE_INSTRUMENT;BLOCK;EUR;2;67.00000000;2000;EXCHANGE_LAST;;1;1;XEUR;11711604;1176;
11.11.2024;10:03:53.279;ODAX.O.241111.CDIA.000184;STANDARD_OPTION_STRATEGY;BLOCK;EUR;5;146.50000000;1400;EXCHANGE_LAST;;1;1;XEUR;72062644920386071;1176;
11.11.2024;10:03:53.279;ODAX SI 20250919 CS EU C 21800 0;SIMPLE_INSTRUMENT;BLOCK;EUR;5;294.50000000;1400;PRC_DECOMP_MEMBER;;;;XEUR;11761485;1176;MEMBER
11.11.2024;10:03:53.279;ODAX SI 20250117 CS EU C 20200 0;SIMPLE_INSTRUMENT;BLOCK;EUR;5;148.00000000;1400;PRC_DECOMP_MEMBER;;;;XEUR;12080635;1176;MEMBER
11.11.2024;10:26:25.102;ODAX SI 20250321 CS EU P 19700 0;SIMPLE_INSTRUMENT;BLOCK;EUR;7;611.70000000;400;EXCHANGE_LAST;;1;1;XEUR;11147171;1176;
11.11.2024;10:26:31.508;ODAX SI 20250321 CS EU C 19700 0;SIMPLE_INSTRUMENT;BLOCK;EUR;8;612.30000000;400;EXCHANGE_LAST;;1;1;XEUR;11147173;1176;
11.11.2024;10:51:31.183;ODAX SI 20241220 CS EU P 19000 0;SIMPLE_INSTRUMENT;BLOCK;EUR;11;155.00000000;500;EXCHANGE_LAST;;1;1;XEUR;9516388;1176;
11.11.2024;12:14:55.117;ODAX.O.241111.PDIA.000221;STANDARD_OPTION_STRATEGY;BLOCK;EUR;13;47.30000000;800;EXCHANGE_LAST;;1;1;XEUR;72062644920386108;1176;
11.11.2024;12:14:55.117;ODAX SI 20241122 CS EU P 19200 0;SIMPLE_INSTRUMENT;BLOCK;EUR;13;76.40000000;800;PRC_DECOMP_EXCHANGE;;;;XEUR;12042894;1176;EXCHANGE
11.11.2024;12:14:55.117;ODAX SI 20241115 CS EU P 19150 0;SIMPLE_INSTRUMENT;BLOCK;EUR;13;29.10000000;800;PRC_DECOMP_EXCHANGE;;;;XEUR;11711608;1176;EXCHANGE
11.11.2024;14:11:56.380;ODAX.O.241111.STG.000270;STANDARD_OPTION_STRATEGY;BLOCK;EUR;17;87.00000000;700;EXCHANGE_LAST;;1;1;XEUR;72062644920386157;1176;
11.11.2024;14:11:56.380;ODAX SI 20241220 CS EU C 20400 0;SIMPLE_INSTRUMENT;BLOCK;EUR;17;57.00000000;700;PRC_DECOMP_MEMBER;;;;XEUR;10311351;1176;MEMBER
11.11.2024;14:11:56.380;ODAX SI 20241220 CS EU P 17500 0;SIMPLE_INSTRUMENT;BLOCK;EUR;17;30.00000000;700;PRC_DECOMP_MEMBER;;;;XEUR;10364170;1176;MEMBER
11.11.2024;09:42:10.381;ODAX.V.241111.CDIA+U.000176;OPTION_VOLATILITY_STRATEGY;BLOCK;EUR;671088643;5.00000000;3;EXCHANGE_LAST;;1;1;XEUR;72062644920386063;1176;
11.11.2024;09:42:10.381;ODAX SI 20250620 CS EU C 21000 0;SIMPLE_INSTRUMENT;BLOCK;EUR;671088643;337.30000000;750;PRC_DECOMP_EXCHANGE;;;;XEUR;10808509;1176;EXCHANGE
11.11.2024;09:42:10.381;ODAX SI 20241220 CS EU C 19500 0;SIMPLE_INSTRUMENT;BLOCK;EUR;671088643;332.30000000;750;PRC_DECOMP_EXCHANGE;;;;XEUR;11144407;1176;EXCHANGE
11.11.2024;09:42:10.381;FDAX SI 20241220 CS;SIMPLE_INSTRUMENT;BLOCK;EUR;671088643;19520.00000000;33;PRC_DECOMP_EXCHANGE;;;;XEUR;7296065;1176;EXCHANGE
11.11.2024;10:02:00.521;ODAX.V.241111.BLT-U.000180;OPTION_VOLATILITY_STRATEGY;BLOCK;EUR;671088644;602.40000000;2;EXCHANGE_LAST;;1;1;XEUR;72062644920386067;1176;
11.11.2024;10:02:00.521;ODAX SI 20241115 CS EU C 19600 0;SIMPLE_INSTRUMENT;BLOCK;EUR;671088644;59.00000000;350;PRC_DECOMP_MEMBER;;;;XEUR;11755029;1176;MEMBER
11.11.2024;10:02:00.521;ODAX SI 20250321 CS EU C 19600 0;SIMPLE_INSTRUMENT;BLOCK;EUR;671088644;661.40000000;350;PRC_DECOMP_MEMBER;;;;XEUR;10382406;1176;MEMBER
11.11.2024;10:02:00.521;FDAX SI 20241220 CS;SIMPLE_INSTRUMENT;BLOCK;EUR;671088644;19510.00000000;16;PRC_DECOMP_MEMBER;;;;XEUR;7296065;1176;MEMBER
11.11.2024;10:51:23.846;ODAX.V.241111.CALL-U.000198;OPTION_VOLATILITY_STRATEGY;BLOCK;EUR;671088650;127.00000000;3;EXCHANGE_LAST;;1;1;XEUR;72062644920386085;1176;
11.11.2024;10:51:23.846;FDAX SI 20241220 CS;SIMPLE_INSTRUMENT;BLOCK;EUR;671088650;19540.00000000;69;PRC_DECOMP_EXCHANGE;;;;XEUR;7296065;1176;EXCHANGE
11.11.2024;10:51:23.846;ODAX SI 20241220 CS EU C 20000 0;SIMPLE_INSTRUMENT;BLOCK;EUR;671088650;127.00000000;750;PRC_DECOMP_EXCHANGE;;;;XEUR;10382390;1176;EXCHANGE
11.11.2024;11:48:08.504;ODAX.V.241111.STD-U.000216;OPTION_VOLATILITY_STRATEGY;BLOCK;EUR;671088652;935.10000000;8;EXCHANGE_LAST;;1;1;XEUR;72062644920386103;1176;
11.11.2024;11:48:08.504;ODAX SI 20250117 CS EU P 19200 0;SIMPLE_INSTRUMENT;BLOCK;EUR;671088652;267.60000000;800;PRC_DECOMP_EXCHANGE;;;;XEUR;12080517;1176;EXCHANGE
11.11.2024;11:48:08.504;ODAX SI 20250117 CS EU C 19200 0;SIMPLE_INSTRUMENT;BLOCK;EUR;671088652;667.50000000;800;PRC_DECOMP_EXCHANGE;;;;XEUR;12080532;1176;EXCHANGE
11.11.2024;11:48:08.504;FDAX SI 20241220 CS;SIMPLE_INSTRUMENT;BLOCK;EUR;671088652;19530.00000000;48;PRC_DECOMP_EXCHANGE;;;;XEUR;7296065;1176;EXCHANGE
11.11.2024;12:46:47.139;ODAX.V.241111.BER+U.000232;OPTION_VOLATILITY_STRATEGY;BLOCK;EUR;671088654;42.10000000;2;EXCHANGE_LAST;;1;1;XEUR;72062644920386119;1176;
11.11.2024;12:46:47.139;FDAX SI 20241220 CS;SIMPLE_INSTRUMENT;BLOCK;EUR;671088654;19550.00000000;20;PRC_DECOMP_EXCHANGE;;;;XEUR;7296065;1176;EXCHANGE
11.11.2024;12:46:47.139;ODAX SI 20241115 CS EU P 19400 0;SIMPLE_INSTRUMENT;BLOCK;EUR;671088654;74.30000000;750;PRC_DECOMP_EXCHANGE;;;;XEUR;11711629;1176;EXCHANGE
11.11.2024;12:46:47.139;ODAX SI 20241115 CS EU P 19500 0;SIMPLE_INSTRUMENT;BLOCK;EUR;671088654;116.40000000;750;PRC_DECOMP_EXCHANGE;;;;XEUR;11711620;1176;EXCHANGE
11.11.2024;13:13:22.913;ODAX.V.241111.CALL-U.000241;OPTION_VOLATILITY_STRATEGY;BLOCK;EUR;671088655;555.30000000;4;EXCHANGE_LAST;;1;1;XEUR;72062644920386128;1176;
11.11.2024;13:13:22.913;ODAX SI 20241220 CS EU C 19200 0;SIMPLE_INSTRUMENT;BLOCK;EUR;671088655;555.30000000;500;PRC_DECOMP_EXCHANGE;;;;XEUR;10382366;1176;EXCHANGE
11.11.2024;13:13:22.913;FDAX SI 20241220 CS;SIMPLE_INSTRUMENT;BLOCK;EUR;671088655;19560.00000000;68;PRC_DECOMP_EXCHANGE;;;;XEUR;7296065;1176;EXCHANGE
11.11.2024;14:09:44.942;ODAX.V.241111.PUT+U.000266;OPTION_VOLATILITY_STRATEGY;BLOCK;EUR;671088656;248.00000000;7;EXCHANGE_LAST;;1;1;XEUR;72062644920386153;1176;
11.11.2024;14:09:44.942;ODAX SI 20241220 CS EU P 19400 0;SIMPLE_INSTRUMENT;BLOCK;EUR;671088656;248.00000000;700;PRC_DECOMP_EXCHANGE;;;;XEUR;10382381;1176;EXCHANGE
11.11.2024;14:09:44.942;FDAX SI 20241220 CS;SIMPLE_INSTRUMENT;BLOCK;EUR;671088656;19600.00000000;70;PRC_DECOMP_EXCHANGE;;;;XEUR;7296065;1176;EXCHANGE
11.11.2024;16:09:24.149;ODAX.V.241111.PLAD+U.000312;OPTION_VOLATILITY_STRATEGY;BLOCK;EUR;671088658;29.80000000;8;EXCHANGE_LAST;;1;1;XEUR;72062644920386199;1176;
11.11.2024;16:09:24.149;ODAX SI 20241115 CS EU P 19200 0;SIMPLE_INSTRUMENT;BLOCK;EUR;671088658;36.10000000;1000;PRC_DECOMP_EXCHANGE;;;;XEUR;11711611;1176;EXCHANGE
11.11.2024;16:09:24.149;ODAX SI 20241115 CS EU P 18500 0;SIMPLE_INSTRUMENT;BLOCK;EUR;671088658;4.60000000;1000;PRC_DECOMP_EXCHANGE;;;;XEUR;11711371;1176;EXCHANGE
11.11.2024;16:09:24.149;ODAX SI 20241115 CS EU P 17600 0;SIMPLE_INSTRUMENT;BLOCK;EUR;671088658;1.70000000;1000;PRC_DECOMP_EXCHANGE;;;;XEUR;11711541;1176;EXCHANGE
11.11.2024;16:09:24.149;FDAX SI 20241220 CS;SIMPLE_INSTRUMENT;BLOCK;EUR;671088658;19550.00000000;32;PRC_DECOMP_EXCHANGE;;;;XEUR;7296065;1176;EXCHANGE
11.11.2024;16:27:54.863;ODAX.V.241111.CALL-U.000315;OPTION_VOLATILITY_STRATEGY;BLOCK;EUR;671088659;28.80000000;1;EXCHANGE_LAST;;1;1;XEUR;72062644920386202;1176;
11.11.2024;16:27:54.863;ODAX SI 20241115 CS EU C 19750 0;SIMPLE_INSTRUMENT;BLOCK;EUR;671088659;28.80000000;500;PRC_DECOMP_EXCHANGE;;;;XEUR;11765609;1176;EXCHANGE
11.11.2024;16:27:54.863;FDAX SI 20241220 CS;SIMPLE_INSTRUMENT;BLOCK;EUR;671088659;19540.00000000;17;PRC_DECOMP_EXCHANGE;;;;XEUR;7296065;1176;EXCHANGE
11.11.2024;11:53:14.695;OED3.V.241111.CALL-U.000001;OPTION_VOLATILITY_STRATEGY;BLOCK;EUR;301989891;1.70000000;5;EXCHANGE_LAST;;1;1;XEUR;75376263727939602;772688;
11.11.2024;11:53:14.695;OED3 SI 20241220 PS EU C 150 0;SIMPLE_INSTRUMENT;BLOCK;EUR;301989891;1.70000000;700;PRC_DECOMP_MEMBER;;;;XEUR;10635368;772688;MEMBER
11.11.2024;11:53:14.695;FEXD SI 20271217 CS;SIMPLE_INSTRUMENT;BLOCK;EUR;301989891;147.80000000;305;PRC_DECOMP_MEMBER;;;;XEUR;2848338;772688;MEMBER
11.11.2024;10:01:31.124;OESB SI 20241220 CS EU C 150.0 0;SIMPLE_INSTRUMENT;BLOCK;EUR;1;1.25000000;6500;EXCHANGE_LAST;;1;1;XEUR;6911862;1195;
11.11.2024;10:01:24.753;OESB SI 20250117 CS EU C 153.0 0;SIMPLE_INSTRUMENT;BLOCK;EUR;2;1.40000000;6500;EXCHANGE_LAST;;1;1;XEUR;12081163;1195;
11.11.2024;10:16:31.296;OESB.V.241111.COMBO+U.000048;OPTION_VOLATILITY_STRATEGY;BLOCK;EUR;603979779;0.95000000;300;EXCHANGE_LAST;;2;4;XEUR;72062726523970805;1195;
11.11.2024;10:16:31.296;OESB SI 20241220 CS EU C 150.0 0;SIMPLE_INSTRUMENT;BLOCK;EUR;603979779;1.15000000;30000;PRC_DECOMP_EXCHANGE;;;;XEUR;6911862;1195;EXCHANGE
11.11.2024;10:16:31.296;FESB SI 20241220 CS;SIMPLE_INSTRUMENT;BLOCK;EUR;603979779;144.00000000;17400;PRC_DECOMP_EXCHANGE;;;;XEUR;10838895;1195;EXCHANGE
11.11.2024;10:16:31.296;OESB SI 20241220 CS EU P 140.0 0;SIMPLE_INSTRUMENT;BLOCK;EUR;603979779;2.10000000;30000;PRC_DECOMP_EXCHANGE;;;;XEUR;4634170;1195;EXCHANGE
11.11.2024;08:15:50.867;OESX.O.241111.PBUT.000131;STANDARD_OPTION_STRATEGY;BLOCK;EUR;2;19.00000000;1000;EXCHANGE_LAST;;1;1;XEUR;72062790950163346;1210;
11.11.2024;08:15:50.867;OESX SI 20241220 CS EU P 4500 0;SIMPLE_INSTRUMENT;BLOCK;EUR;2;17.30000000;1000;PRC_DECOMP_EXCHANGE;;;;XEUR;4624485;1210;EXCHANGE
11.11.2024;08:15:50.867;OESX SI 20241220 CS EU P 4800 0;SIMPLE_INSTRUMENT;BLOCK;EUR;2;65.70000000;1000;PRC_DECOMP_EXCHANGE;;;;XEUR;4559476;1210;EXCHANGE
11.11.2024;08:15:50.867;OESX SI 20241220 CS EU P 4650 0;SIMPLE_INSTRUMENT;BLOCK;EUR;2;32.00000000;2000;PRC_DECOMP_EXCHANGE;;;;XEUR;10416387;1210;EXCHANGE
11.11.2024;09:04:05.918;OESX SI 20250620 CS EU C 5200 0;SIMPLE_INSTRUMENT;BLOCK;EUR;11;67.40000000;1000;EXCHANGE_LAST;;1;1;XEUR;8921722;1210;
11.11.2024;09:04:08.364;OESX SI 20250620 CS EU C 5200 0;SIMPLE_INSTRUMENT;BLOCK;EUR;12;67.50000000;1000;EXCHANGE_LAST;;1;1;XEUR;8921722;1210;
11.11.2024;09:35:00.845;OESX SI 20241115 CS EU P 4350 0;SIMPLE_INSTRUMENT;BLOCK;EUR;31;1.10000000;1050;EXCHANGE_LAST;;1;1;XEUR;10264134;1210;
11.11.2024;09:34:54.440;OESX SI 20241220 CS EU C 5125 0;SIMPLE_INSTRUMENT;BLOCK;EUR;32;10.00000000;2499;EXCHANGE_LAST;;1;1;XEUR;11091847;1210;
11.11.2024;10:22:59.243;OESX SI 20250620 CS EU C 5300 0;SIMPLE_INSTRUMENT;BLOCK;EUR;43;44.40000000;4713;EXCHANGE_LAST;;1;1;XEUR;9019679;1210;
11.11.2024;10:22:51.282;OESX SI 20250620 CS EU C 5300 0;SIMPLE_INSTRUMENT;BLOCK;EUR;44;44.50000000;4712;EXCHANGE_LAST;;1;1;XEUR;9019679;1210;
11.11.2024;10:22:42.203;OESX SI 20250321 CS EU C 5300 0;SIMPLE_INSTRUMENT;BLOCK;EUR;45;25.00000000;9425;EXCHANGE_LAST;;1;1;XEUR;9019681;1210;
11.11.2024;10:47:55.798;OESX SI 20250321 CS EU P 4800 0;SIMPLE_INSTRUMENT;BLOCK;EUR;50;124.90000000;1000;EXCHANGE_LAST;;1;1;XEUR;7834897;1210;
11.11.2024;10:48:52.937;OESX SI 20250321 CS EU C 5100 0;SIMPLE_INSTRUMENT;BLOCK;EUR;51;72.40000000;1500;EXCHANGE_LAST;;1;1;XEUR;8903915;1210;
11.11.2024;12:15:07.618;OESX.N.241111.000363;NON_STANDARD_OPTION_STRATEGY;BLOCK;EUR;64;148.80000000;3000;EXCHANGE_LAST;;1;1;XEUR;72062790950163578;1210;
11.11.2024;12:15:07.618;OESX SI 20250620 CS EU P 4600 0;SIMPLE_INSTRUMENT;BLOCK;EUR;64;137.50000000;6000;PRC_DECOMP_EXCHANGE;;;;XEUR;7798338;1210;EXCHANGE
11.11.2024;12:15:07.618;OESX SI 20241220 CS EU P 4500 0;SIMPLE_INSTRUMENT;BLOCK;EUR;64;14.20000000;3000;PRC_DECOMP_EXCHANGE;;;;XEUR;4624485;1210;EXCHANGE
11.11.2024;12:15:07.618;OESX SI 20250620 CS EU C 5250 0;SIMPLE_INSTRUMENT;BLOCK;EUR;64;56.00000000;6000;PRC_DECOMP_EXCHANGE;;;;XEUR;11283762;1210;EXCHANGE
11.11.2024;12:19:56.957;OESX SI 20250117 CS EU P 4650 0;SIMPLE_INSTRUMENT;BLOCK;EUR;65;45.50000000;1127;EXCHANGE_LAST;;1;1;XEUR;10575818;1210;
11.11.2024;12:19:01.269;OESX SI 20250117 CS EU P 4650 0;SIMPLE_INSTRUMENT;BLOCK;EUR;66;45.70000000;9612;EXCHANGE_LAST;;1;1;XEUR;10575818;1210;
11.11.2024;12:17:10.730;OESX.O.241111.BRT.000359;STANDARD_OPTION_STRATEGY;BLOCK;EUR;67;9.80000000;1000;EXCHANGE_LAST;;1;1;XEUR;72062790950163574;1210;
11.11.2024;12:17:10.730;OESX SI 20241115 CS EU P 4975 0;SIMPLE_INSTRUMENT;BLOCK;EUR;67;114.70000000;1000;PRC_DECOMP_EXCHANGE;;;;XEUR;11182647;1210;EXCHANGE
11.11.2024;12:17:10.730;OESX SI 20241122 CS EU P 4975 0;SIMPLE_INSTRUMENT;BLOCK;EUR;67;124.50000000;1000;PRC_DECOMP_EXCHANGE;;;;XEUR;11844554;1210;EXCHANGE
11.11.2024;12:22:17.196;OESX SI 20241115 CS EU P 4675 0;SIMPLE_INSTRUMENT;BLOCK;EUR;68;2.20000000;5505;EXCHANGE_LAST;;1;1;XEUR;11182565;1210;
11.11.2024;12:22:58.006;OESX SI 20241115 CS EU P 4675 0;SIMPLE_INSTRUMENT;BLOCK;EUR;69;2.30000000;4505;EXCHANGE_LAST;;1;1;XEUR;11182565;1210;
11.11.2024;12:33:08.441;OESX SI 20250620 CS EU C 5000 0;SIMPLE_INSTRUMENT;BLOCK;EUR;70;135.10000000;2500;EXCHANGE_LAST;;1;1;XEUR;8719758;1210;
11.11.2024;12:33:01.400;OESX SI 20251219 CS EU C 5300 0;SIMPLE_INSTRUMENT;BLOCK;EUR;72;118.80000000;2000;EXCHANGE_LAST;;1;1;XEUR;6981623;1210;
11.11.2024;12:31:40.747;OESX SI 20241220 CS EU P 4000 0;SIMPLE_INSTRUMENT;BLOCK;EUR;73;3.70000000;1525;EXCHANGE_LAST;;1;1;XEUR;1119124;1210;
11.11.2024;12:31:55.805;OESX SI 20241220 CS EU P 3950 0;SIMPLE_INSTRUMENT;BLOCK;EUR;74;3.40000000;1525;EXCHANGE_LAST;;1;1;XEUR;9528986;1210;
11.11.2024;12:43:28.206;OESX SI 20241122 CS EU P 4150 0;SIMPLE_INSTRUMENT;BLOCK;EUR;75;1.10000000;1509;EXCHANGE_LAST;;1;1;XEUR;11844509;1210;
11.11.2024;12:44:06.548;OESX SI 20241122 CS EU P 4350 0;SIMPLE_INSTRUMENT;BLOCK;EUR;76;1.40000000;1372;EXCHANGE_LAST;;1;1;XEUR;11844525;1210;
11.11.2024;12:44:41.340;OESX SI 20241122 CS EU P 4550 0;SIMPLE_INSTRUMENT;BLOCK;EUR;77;3.10000000;1255;EXCHANGE_LAST;;1;1;XEUR;11844471;1210;
11.11.2024;12:45:26.401;OESX SI 20241122 CS EU P 4750 0;SIMPLE_INSTRUMENT;BLOCK;EUR;78;15.90000000;1152;EXCHANGE_LAST;;1;1;XEUR;11844493;1210;
11.11.2024;12:46:05.086;OESX SI 20241122 CS EU C 4950 0;SIMPLE_INSTRUMENT;BLOCK;EUR;79;15.20000000;1060;EXCHANGE_LAST;;1;1;XEUR;11844555;1210;
11.11.2024;12:42:32.341;OESX SI 20241122 CS EU C 5150 0;SIMPLE_INSTRUMENT;BLOCK;EUR;80;0.60000000;1000;EXCHANGE_LAST;;1;1;XEUR;11844571;1210;
11.11.2024;12:50:29.299;OESX SI 20241220 CS EU P 4900 0;SIMPLE_INSTRUMENT;BLOCK;EUR;83;103.30000000;1700;EXCHANGE_LAST;;1;1;XEUR;4559473;1210;
11.11.2024;12:50:19.298;OESX SI 20241220 CS EU C 5000 0;SIMPLE_INSTRUMENT;BLOCK;EUR;84;34.10000000;1700;EXCHANGE_LAST;;1;1;XEUR;1893939;1210;
11.11.2024;12:50:09.297;OESX SI 20241115 CS EU C 4875 0;SIMPLE_INSTRUMENT;BLOCK;EUR;85;27.20000000;1700;EXCHANGE_LAST;;1;1;XEUR;11182535;1210;
