#Date;TrdTime;Contract;ContractType;TrdTyp;Currency;TesId;Prc;Qty;TrdInd;Aggressor;Buy;Sell;Exch;InstrumentId;RelatedProdId;PrcDecomp
22.10.2024;09:44:24.795;A2SG SI 20261218 CS;SIMPLE_INSTRUMENT;BLOCK;EUR;11;1.37000000;1000;EXCHANGE_LAST;;1;1;XEUR;6796964;14;
22.10.2024;12:20:42.380;ABBN SI 20250620 PS AM P 48.00 0;SIMPLE_INSTRUMENT;BLOCK;CHF;32;3.27000000;1250;EXCHANGE_LAST;;1;1;XEUR;8902740;574517;
22.10.2024;09:06:21.955;ADEN SI 20250620 PS AM P 22.00 0;SIMPLE_INSTRUMENT;BLOCK;CHF;13;0.80000000;3000;EXCHANGE_LAST;;1;2;XEUR;11347907;44;
22.10.2024;10:03:26.402;ADS SI 20251219 PS AM C 240.00 0;SIMPLE_INSTRUMENT;BLOCK;EUR;12;20.52000000;250;EXCHANGE_LAST;;1;1;XEUR;5919899;50;
22.10.2024;13:59:40.021;ADS SI 20250620 PS AM P 160.00 0;SIMPLE_INSTRUMENT;BLOCK;EUR;22;3.22000000;350;EXCHANGE_LAST;;1;1;XEUR;7897586;50;
22.10.2024;10:09:56.558;ALV SI 20250321 PS AM C 300.00 0;SIMPLE_INSTRUMENT;BLOCK;EUR;1;14.25000000;300;EXCHANGE_LAST;;1;1;XEUR;10829574;74;
22.10.2024;10:09:57.563;ALV SI 20250321 PS AM P 280.00 0;SIMPLE_INSTRUMENT;BLOCK;EUR;2;6.05000000;300;EXCHANGE_LAST;;1;1;XEUR;10829572;74;
22.10.2024;13:42:24.974;ALV.O.241022.STD.000010;STANDARD_OPTION_STRATEGY;BLOCK;EUR;4;37.70000000;300;EXCHANGE_LAST;;1;1;XEUR;72057911865565160;74;
22.10.2024;13:42:24.974;ALV SI 20250620 PS AM C 300.00 0;SIMPLE_INSTRUMENT;BLOCK;EUR;4;15.24000000;300;PRC_DECOMP_EXCHANGE;;;;XEUR;11349301;74;EXCHANGE
22.10.2024;13:42:24.974;ALV SI 20250620 PS AM P 300.00 0;SIMPLE_INSTRUMENT;BLOCK;EUR;4;22.46000000;300;PRC_DECOMP_EXCHANGE;;;;XEUR;11349304;74;EXCHANGE
22.10.2024;12:08:41.580;AMS SI 20250321 PS AM P 10.00 0;SIMPLE_INSTRUMENT;BLOCK;CHF;30;1.43000000;1000;EXCHANGE_LAST;;1;1;XEUR;11997774;10807;
22.10.2024;09:54:39.501;ANAG SI 20241220 CS;SIMPLE_INSTRUMENT;BLOCK;EUR;13;120.49950000;9;EXCHANGE_LAST;;1;1;XEUR;7031447;92;
22.10.2024;10:34:49.002;ANN SI 20251219 PS AM C 33.00 0;SIMPLE_INSTRUMENT;BLOCK;EUR;10;2.61000000;1000;EXCHANGE_LAST;;1;1;XEUR;11780347;45202;
22.10.2024;07:47:37.027;ASM SI 20241101 PS AM P 640.00 0;SIMPLE_INSTRUMENT;BLOCK;EUR;1;7.10000000;150;EXCHANGE_LAST;;1;1;XEUR;11871893;107;
22.10.2024;11:27:14.844;ASM SI 20281215 PS AM P 720.00 0;SIMPLE_INSTRUMENT;BLOCK;EUR;8;194.40000000;100;EXCHANGE_LAST;;1;1;XEUR;10395739;107;
22.10.2024;13:59:24.894;ASM SI 20241220 PS AM P 640.00 0;SIMPLE_INSTRUMENT;BLOCK;EUR;15;26.54000000;150;EXCHANGE_LAST;;1;1;XEUR;5892234;107;
22.10.2024;08:57:28.310;AXA.O.241022.BRT.000002;STANDARD_OPTION_STRATEGY;BLOCK;EUR;6;0.32000000;9000;EXCHANGE_LAST;;3;2;XEUR;72058139498792972;127;
22.10.2024;08:57:28.310;AXA SI 20250321 PS AM P 32.00 0;SIMPLE_INSTRUMENT;BLOCK;EUR;6;0.61000000;9000;PRC_DECOMP_EXCHANGE;;;;XEUR;10830414;127;EXCHANGE
22.10.2024;08:57:28.310;AXA SI 20241220 PS AM P 32.00 0;SIMPLE_INSTRUMENT;BLOCK;EUR;6;0.29000000;9000;PRC_DECOMP_EXCHANGE;;;;XEUR;4638800;127;EXCHANGE
22.10.2024;09:10:48.703;B2AT SI 20251219 CS;SIMPLE_INSTRUMENT;BLOCK;GBX;4;200.00000000;450;EXCHANGE_LAST;;2;1;XEUR;5914348;45837;
22.10.2024;12:23:27.829;B2AT SI 20251219 CS;SIMPLE_INSTRUMENT;BLOCK;GBX;30;200.00000000;300;EXCHANGE_LAST;;1;1;XEUR;5914348;45837;
22.10.2024;13:36:43.432;B2AT SI 20251219 CS;SIMPLE_INSTRUMENT;BLOCK;GBX;48;200.00000000;100;EXCHANGE_LAST;;1;1;XEUR;5914348;45837;
22.10.2024;13:28:58.608;BAEN SI 20241115 PS AM P 48.00 0;SIMPLE_INSTRUMENT;BLOCK;CHF;41;0.14000000;1000;EXCHANGE_LAST;;1;1;XEUR;11699805;159;
22.10.2024;13:57:34.742;BAS SI 20250321 PS AM P 42.00 0;SIMPLE_INSTRUMENT;BLOCK;EUR;4;1.20000000;400;EXCHANGE_LAST;;1;1;XEUR;10830938;150;
22.10.2024;14:04:54.459;BAS.O.241022.COMBO.000008;STANDARD_OPTION_STRATEGY;BLOCK;EUR;5;0.50000000;2500;EXCHANGE_LAST;;1;1;XEUR;72058238283088359;150;
22.10.2024;14:04:54.459;BAS SI 20241115 PS AM P 46.00 0;SIMPLE_INSTRUMENT;BLOCK;EUR;5;1.24000000;2500;PRC_DECOMP_EXCHANGE;;;;XEUR;11699752;150;EXCHANGE
22.10.2024;14:04:54.459;BAS SI 20241115 PS AM C 48.00 0;SIMPLE_INSTRUMENT;BLOCK;EUR;5;0.74000000;2500;PRC_DECOMP_EXCHANGE;;;;XEUR;11754659;150;EXCHANGE
22.10.2024;14:34:24.145;BAS SI 20250321 PS AM P 44.00 0;SIMPLE_INSTRUMENT;BLOCK;EUR;7;1.76000000;1500;EXCHANGE_LAST;;2;1;XEUR;10830944;150;
22.10.2024;15:13:21.476;BAS SI 20241220 PS AM P 50.00 0;SIMPLE_INSTRUMENT;BLOCK;EUR;8;4.13000000;2805;EXCHANGE_LAST;;1;1;XEUR;7509833;150;
22.10.2024;13:26:27.574;BASP SI 20241220 PS;SIMPLE_INSTRUMENT;BLOCK;EUR;45;46.60700000;2500;EXCHANGE_LAST;;1;1;XEUR;7052668;124296;
22.10.2024;09:17:03.416;BAY SI 20250321 PS AM C 35.00 0;SIMPLE_INSTRUMENT;BLOCK;EUR;1;0.29000000;750;EXCHANGE_LAST;;1;1;XEUR;11018038;168;
22.10.2024;09:17:14.416;BAY SI 20250321 PS AM C 35.00 0;SIMPLE_INSTRUMENT;BLOCK;EUR;2;0.30000000;750;EXCHANGE_LAST;;1;1;XEUR;11018038;168;
22.10.2024;11:09:01.016;BAY SI 20250919 PS AM P 24.00 0;SIMPLE_INSTRUMENT;BLOCK;EUR;3;2.07000000;1100;EXCHANGE_LAST;;1;1;XEUR;11873099;168;
22.10.2024;10:24:35.249;BC8I SI 20241220 CS;SIMPLE_INSTRUMENT;BLOCK;EUR;17;34.31820000;150;EXCHANGE_LAST;;1;1;XEUR;7057400;414628;
22.10.2024;08:43:43.891;BNP.O.241022.STG.000003;STANDARD_OPTION_STRATEGY;BLOCK;EUR;4;3.99000000;1200;EXCHANGE_LAST;;1;1;XEUR;72058611945197413;237;
22.10.2024;08:43:43.891;BNP SI 20241220 PS AM P 65.00 0;SIMPLE_INSTRUMENT;BLOCK;EUR;4;2.27000000;1200;PRC_DECOMP_EXCHANGE;;;;XEUR;10487267;237;EXCHANGE
22.10.2024;08:43:43.891;BNP SI 20241220 PS AM C 68.00 0;SIMPLE_INSTRUMENT;BLOCK;EUR;4;1.72000000;1200;PRC_DECOMP_EXCHANGE;;;;XEUR;10398827;237;EXCHANGE
22.10.2024;10:17:41.087;BNP.O.241022.STG.000003;STANDARD_OPTION_STRATEGY;BLOCK;EUR;10;3.99000000;800;EXCHANGE_LAST;;1;1;XEUR;72058611945197413;237;
22.10.2024;10:17:41.087;BNP SI 20241220 PS AM P 65.00 0;SIMPLE_INSTRUMENT;BLOCK;EUR;10;2.27000000;800;PRC_DECOMP_MEMBER;;;;XEUR;10487267;237;MEMBER
22.10.2024;10:17:41.087;BNP SI 20241220 PS AM C 68.00 0;SIMPLE_INSTRUMENT;BLOCK;EUR;10;1.72000000;800;PRC_DECOMP_MEMBER;;;;XEUR;10398827;237;MEMBER
22.10.2024;13:03:36.288;BNP FI 20250331 PS EU P 58.0000 0;FLEXIBLE_INSTRUMENT;BLOCK;EUR;17;1.65000000;2500;EXCHANGE_LAST;;1;1;XEUR;1152922522514105439;237;
22.10.2024;13:03:55.514;BNP FI 20250331 PS EU C 72.0000 0;FLEXIBLE_INSTRUMENT;BLOCK;EUR;18;1.60000000;2500;EXCHANGE_LAST;;1;1;XEUR;1152922522514105440;237;
22.10.2024;14:40:48.829;BNP SI 20250321 PS AM P 60.00 0;SIMPLE_INSTRUMENT;BLOCK;EUR;22;1.79000000;2000;EXCHANGE_LAST;;1;1;XEUR;10832956;237;
22.10.2024;09:32:34.872;BOSS SI 20241220 PS AM P 40.00 0;SIMPLE_INSTRUMENT;BLOCK;EUR;9;1.49000000;566;EXCHANGE_LAST;;1;1;XEUR;4640462;230;
22.10.2024;09:06:55.429;CAR SI 20241220 PS AM P 14.00 0;SIMPLE_INSTRUMENT;BLOCK;EUR;7;0.24000000;2000;EXCHANGE_LAST;;1;1;XEUR;4641174;265;
22.10.2024;14:32:56.662;CAR.O.241022.PDIA.000002;STANDARD_OPTION_STRATEGY;BLOCK;EUR;21;0.00000000;2000;EXCHANGE_LAST;;1;1;XEUR;72058732204274475;265;
22.10.2024;14:32:56.662;CAR SI 20241220 PS AM P 11.50 0;SIMPLE_INSTRUMENT;BLOCK;EUR;21;0.05000000;2000;PRC_DECOMP_MEMBER;;;;XEUR;9842808;265;MEMBER
22.10.2024;14:32:56.662;CAR SI 20241115 PS AM P 13.60 0;SIMPLE_INSTRUMENT;BLOCK;EUR;21;0.05000000;2000;PRC_DECOMP_MEMBER;;;;XEUR;11701792;265;MEMBER
22.10.2024;08:30:41.042;CBK SI 20250620 PS AM C 18.00 0;SIMPLE_INSTRUMENT;BLOCK;EUR;4;1.02000000;15000;EXCHANGE_LAST;;5;2;XEUR;8883154;268;
22.10.2024;14:51:43.289;CBK SI 20241220 PS AM C 17.00 0;SIMPLE_INSTRUMENT;BLOCK;EUR;24;0.62000000;1400;EXCHANGE_LAST;;1;1;XEUR;10399778;268;
22.10.2024;14:51:43.290;CBK SI 20241220 PS AM C 17.00 0;SIMPLE_INSTRUMENT;BLOCK;EUR;25;0.61000000;2600;EXCHANGE_LAST;;1;1;XEUR;10399778;268;
22.10.2024;14:52:04.478;CBK SI 20241220 PS AM C 19.00 0;SIMPLE_INSTRUMENT;BLOCK;EUR;26;0.10000000;1960;EXCHANGE_LAST;;1;1;XEUR;10399786;268;
22.10.2024;14:52:04.498;CBK SI 20241220 PS AM C 19.00 0;SIMPLE_INSTRUMENT;BLOCK;EUR;27;0.11000000;2040;EXCHANGE_LAST;;1;1;XEUR;10399786;268;
22.10.2024;09:16:57.361;CFR SI 20241220 PS AM P 122.00 0;SIMPLE_INSTRUMENT;BLOCK;CHF;18;4.10000000;400;EXCHANGE_LAST;;1;1;XEUR;11328187;313;
22.10.2024;12:10:11.015;CGM FI 20250331 PS EU P 200.0000 0;FLEXIBLE_INSTRUMENT;BLOCK;EUR;13;21.32000000;1000;EXCHANGE_LAST;;1;1;XEUR;1152922866111486836;317;
22.10.2024;12:10:05.039;CGM FI 20250331 PS EU C 210.0000 0;FLEXIBLE_INSTRUMENT;BLOCK;EUR;14;4.50000000;1000;EXCHANGE_LAST;;1;1;XEUR;1152922866111486838;317;
22.10.2024;09:31:25.614;CLX SI 20241220 PS AM P 32.00 0;SIMPLE_INSTRUMENT;BLOCK;EUR;7;0.50000000;500;EXCHANGE_LAST;;1;1;XEUR;8999448;626615;
22.10.2024;13:30:10.731;D2PW SI 20251219 CS;SIMPLE_INSTRUMENT;BLOCK;EUR;46;1.77000000;350;EXCHANGE_LAST;;2;1;XEUR;3681256;9702;
22.10.2024;14:48:46.807;D2PW SI 20271217 CS;SIMPLE_INSTRUMENT;BLOCK;EUR;58;1.49000000;50;EXCHANGE_LAST;;1;1;XEUR;5914516;9702;
22.10.2024;15:34:01.165;D3AI SI 20261218 CS;SIMPLE_INSTRUMENT;BLOCK;EUR;67;3.05000000;150;EXCHANGE_LAST;;1;1;XEUR;7144051;443197;
22.10.2024;08:26:47.878;DAI SI 20241220 PS AM P 56.00 0;SIMPLE_INSTRUMENT;BLOCK;EUR;1;1.58000000;750;EXCHANGE_LAST;;1;1;XEUR;7349884;443196;
22.10.2024;09:15:35.266;DAI SI 20241115 PS AM C 58.00 0;SIMPLE_INSTRUMENT;BLOCK;EUR;3;1.34000000;7000;EXCHANGE_LAST;;4;1;XEUR;11738648;443196;
22.10.2024;09:46:01.317;DAI SI 20241115 PS AM C 58.00 0;SIMPLE_INSTRUMENT;BLOCK;EUR;7;1.34000000;2750;EXCHANGE_LAST;;3;2;XEUR;11738648;443196;
22.10.2024;10:30:41.145;DAI SI 20251219 PS AM C 64.00 0;SIMPLE_INSTRUMENT;BLOCK;EUR;8;2.55000000;2000;EXCHANGE_LAST;;2;1;XEUR;7423844;443196;
22.10.2024;11:09:13.930;DAI.O.241022.BER.000012;STANDARD_OPTION_STRATEGY;BLOCK;EUR;10;3.19000000;1500;EXCHANGE_LAST;;1;1;XEUR;73961106363660365;443196;
22.10.2024;11:09:13.930;DAI SI 20250321 PS AM P 52.00 0;SIMPLE_INSTRUMENT;BLOCK;EUR;10;1.49000000;1500;PRC_DECOMP_EXCHANGE;;;;XEUR;10884530;443196;EXCHANGE
22.10.2024;11:09:13.930;DAI SI 20250321 PS AM P 60.00 0;SIMPLE_INSTRUMENT;BLOCK;EUR;10;4.68000000;1500;PRC_DECOMP_EXCHANGE;;;;XEUR;10884522;443196;EXCHANGE
22.10.2024;14:42:32.619;DAI SI 20241220 PS AM C 72.00 0;SIMPLE_INSTRUMENT;BLOCK;EUR;12;0.06000000;2000;EXCHANGE_LAST;;1;2;XEUR;10455439;443196;
22.10.2024;11:42:39.200;DBK.O.241022.BRT.000022;STANDARD_OPTION_STRATEGY;BLOCK;EUR;17;0.36000000;5000;EXCHANGE_LAST;;1;1;XEUR;72059148816157445;362;
22.10.2024;11:42:39.200;DBK SI 20241220 PS AM P 15.00 0;SIMPLE_INSTRUMENT;BLOCK;EUR;17;0.43000000;5000;PRC_DECOMP_EXCHANGE;;;;XEUR;10401612;362;EXCHANGE
22.10.2024;11:42:39.200;DBK SI 20250321 PS AM P 15.00 0;SIMPLE_INSTRUMENT;BLOCK;EUR;17;0.79000000;5000;PRC_DECOMP_EXCHANGE;;;;XEUR;10835698;362;EXCHANGE
22.10.2024;13:17:29.207;DBK.O.241022.BER.000031;STANDARD_OPTION_STRATEGY;BLOCK;EUR;21;0.32000000;3000;EXCHANGE_LAST;;1;1;XEUR;72059148816157454;362;
22.10.2024;13:17:29.207;DBK SI 20241115 PS AM P 15.00 0;SIMPLE_INSTRUMENT;BLOCK;EUR;21;0.21000000;3000;PRC_DECOMP_EXCHANGE;;;;XEUR;11703096;362;EXCHANGE
22.10.2024;13:17:29.207;DBK SI 20241115 PS AM P 16.00 0;SIMPLE_INSTRUMENT;BLOCK;EUR;21;0.53000000;3000;PRC_DECOMP_EXCHANGE;;;;XEUR;11703042;362;EXCHANGE
22.10.2024;15:28:20.676;DBK SI 20250321 PS AM P 12.00 0;SIMPLE_INSTRUMENT;BLOCK;EUR;32;0.20000000;2500;EXCHANGE_LAST;;1;1;XEUR;10835689;362;
22.10.2024;15:28:28.580;DBK SI 20250321 PS AM P 12.00 0;SIMPLE_INSTRUMENT;BLOCK;EUR;33;0.19000000;2500;EXCHANGE_LAST;;1;1;XEUR;10835689;362;
22.10.2024;15:40:02.023;DBK.O.241022.BRT.000037;STANDARD_OPTION_STRATEGY;BLOCK;EUR;34;0.05000000;2500;EXCHANGE_LAST;;1;1;XEUR;72059148816157460;362;
22.10.2024;15:40:02.023;DBK SI 20241220 PS AM P 13.00 0;SIMPLE_INSTRUMENT;BLOCK;EUR;34;0.11000000;2500;PRC_DECOMP_EXCHANGE;;;;XEUR;9311954;362;EXCHANGE
22.10.2024;15:40:02.023;DBK SI 20250117 PS AM P 13.00 0;SIMPLE_INSTRUMENT;BLOCK;EUR;34;0.16000000;2500;PRC_DECOMP_EXCHANGE;;;;XEUR;12072160;362;EXCHANGE
22.10.2024;15:40:15.363;DBK.O.241022.BRT.000037;STANDARD_OPTION_STRATEGY;BLOCK;EUR;35;0.06000000;2500;EXCHANGE_LAST;;1;1;XEUR;72059148816157460;362;
22.10.2024;15:40:15.363;DBK SI 20250117 PS AM P 13.00 0;SIMPLE_INSTRUMENT;BLOCK;EUR;35;0.16000000;2500;PRC_DECOMP_EXCHANGE;;;;XEUR;12072160;362;EXCHANGE
22.10.2024;15:40:15.363;DBK SI 20241220 PS AM P 13.00 0;SIMPLE_INSTRUMENT;BLOCK;EUR;35;0.10000000;2500;PRC_DECOMP_EXCHANGE;;;;XEUR;9311954;362;EXCHANGE
22.10.2024;09:31:46.947;DPW SI 20250919 PS AM P 36.00 0;SIMPLE_INSTRUMENT;BLOCK;EUR;7;2.70000000;750;EXCHANGE_LAST;;1;1;XEUR;11878789;445;
22.10.2024;09:31:52.776;DPW SI 20250919 PS AM C 38.00 0;SIMPLE_INSTRUMENT;BLOCK;EUR;8;2.77000000;750;EXCHANGE_LAST;;1;1;XEUR;11878800;445;
22.10.2024;12:22:59.263;DPW.O.241022.BRT.000004;STANDARD_OPTION_STRATEGY;BLOCK;EUR;13;0.63000000;3000;EXCHANGE_LAST;;2;1;XEUR;72059505298412658;445;
22.10.2024;12:22:59.263;DPW SI 20251219 PS AM P 36.00 0;SIMPLE_INSTRUMENT;BLOCK;EUR;13;2.99000000;3000;PRC_DECOMP_EXCHANGE;;;;XEUR;5926788;445;EXCHANGE
22.10.2024;12:22:59.263;DPW SI 20250620 PS AM P 36.00 0;SIMPLE_INSTRUMENT;BLOCK;EUR;13;2.36000000;3000;PRC_DECOMP_EXCHANGE;;;;XEUR;7902458;445;EXCHANGE
22.10.2024;14:16:10.112;DTE.O.241022.BUL.000011;STANDARD_OPTION_STRATEGY;BLOCK;EUR;16;0.69000000;1708;EXCHANGE_LAST;;1;1;XEUR;72059415104104587;424;
22.10.2024;14:16:10.112;DTE SI 20250321 PS AM C 26.00 0;SIMPLE_INSTRUMENT;BLOCK;EUR;16;2.31000000;1708;PRC_DECOMP_EXCHANGE;;;;XEUR;10836578;424;EXCHANGE
22.10.2024;14:16:10.112;DTE SI 20250321 PS AM C 27.00 0;SIMPLE_INSTRUMENT;BLOCK;EUR;16;1.62000000;1708;PRC_DECOMP_EXCHANGE;;;;XEUR;11523272;424;EXCHANGE
22.10.2024;14:16:15.175;DTE.O.241022.BUL.000011;STANDARD_OPTION_STRATEGY;BLOCK;EUR;17;0.70000000;4392;EXCHANGE_LAST;;1;1;XEUR;72059415104104587;424;
22.10.2024;14:16:15.175;DTE SI 20250321 PS AM C 27.00 0;SIMPLE_INSTRUMENT;BLOCK;EUR;17;1.62000000;4392;PRC_DECOMP_EXCHANGE;;;;XEUR;11523272;424;EXCHANGE
22.10.2024;14:16:15.175;DTE SI 20250321 PS AM C 26.00 0;SIMPLE_INSTRUMENT;BLOCK;EUR;17;2.32000000;4392;PRC_DECOMP_EXCHANGE;;;;XEUR;10836578;424;EXCHANGE
22.10.2024;08:17:46.418;DYS1.O.241022.PDIA.000001;STANDARD_OPTION_STRATEGY;BLOCK;EUR;3;-0.71000000;500;EXCHANGE_LAST;;1;1;XEUR;72059634147397096;475;
22.10.2024;08:17:46.418;DYS1 SI 20250919 PS AM P 28.00 0;SIMPLE_INSTRUMENT;BLOCK;EUR;3;1.11000000;500;PRC_DECOMP_MEMBER;;;;XEUR;11879469;475;MEMBER
22.10.2024;08:17:46.418;DYS1 SI 20241220 PS AM P 34.00 0;SIMPLE_INSTRUMENT;BLOCK;EUR;3;1.82000000;500;PRC_DECOMP_MEMBER;;;;XEUR;10403811;475;MEMBER
22.10.2024;11:53:24.096;E2NT SI 20261218 CS;SIMPLE_INSTRUMENT;BLOCK;EUR;25;0.96000000;250;EXCHANGE_LAST;;1;1;XEUR;4632357;470;
22.10.2024;12:11:06.545;E2NT SI 20251219 CS;SIMPLE_INSTRUMENT;BLOCK;EUR;27;0.98000000;500;EXCHANGE_LAST;;1;1;XEUR;3681294;470;
22.10.2024;12:31:07.246;E2NT SI 20251219 CS;SIMPLE_INSTRUMENT;BLOCK;EUR;32;0.98000000;500;EXCHANGE_LAST;;1;1;XEUR;3681294;470;
22.10.2024;12:42:35.177;E2NT SI 20251219 CS;SIMPLE_INSTRUMENT;BLOCK;EUR;35;0.98000000;500;EXCHANGE_LAST;;1;1;XEUR;3681294;470;
22.10.2024;16:02:11.385;E3AS SI 20261218 CS;SIMPLE_INSTRUMENT;BLOCK;EUR;72;2.50000000;300;EXCHANGE_LAST;;1;2;XEUR;11420319;840007;
22.10.2024;15:15:45.138;EAD SI 20250321 PS AM C 160.00 0;SIMPLE_INSTRUMENT;BLOCK;EUR;25;3.15000000;300;EXCHANGE_LAST;;1;1;XEUR;11013886;465;
22.10.2024;09:02:38.044;ENL5 SI 20241219 PS AM P 6.80 0;SIMPLE_INSTRUMENT;BLOCK;EUR;5;0.07500000;1500;EXCHANGE_LAST;;1;1;XEUR;10381201;500;
22.10.2024;08:46:30.350;ENR SI 20250321 PS AM P 34.00 0;SIMPLE_INSTRUMENT;BLOCK;EUR;3;3.06000000;3000;EXCHANGE_LAST;;1;1;XEUR;11103619;298530;
22.10.2024;09:00:43.281;ENR SI 20250321 PS AM P 34.00 0;SIMPLE_INSTRUMENT;BLOCK;EUR;4;3.06000000;2000;EXCHANGE_LAST;;2;1;XEUR;11103619;298530;
22.10.2024;12:47:36.991;ENR.O.241022.PDIA.000002;STANDARD_OPTION_STRATEGY;BLOCK;EUR;14;3.35000000;1250;EXCHANGE_LAST;;1;1;XEUR;73339770624815044;298530;
22.10.2024;12:47:36.991;ENR SI 20250919 PS AM P 32.00 0;SIMPLE_INSTRUMENT;BLOCK;EUR;14;3.61000000;1250;PRC_DECOMP_EXCHANGE;;;;XEUR;11919336;298530;EXCHANGE
22.10.2024;12:47:36.991;ENR SI 20241220 PS AM P 25.00 0;SIMPLE_INSTRUMENT;BLOCK;EUR;14;0.26000000;1250;PRC_DECOMP_EXCHANGE;;;;XEUR;11142542;298530;EXCHANGE
22.10.2024;15:23:14.049;F3IA SI 20261218 CS;SIMPLE_INSTRUMENT;BLOCK;EUR;65;0.47000000;500;EXCHANGE_LAST;;1;1;XEUR;6830373;390387;
22.10.2024;15:23:27.531;F3IA SI 20271217 CS;SIMPLE_INSTRUMENT;BLOCK;EUR;66;0.47000000;710;EXCHANGE_LAST;;1;2;XEUR;8422837;390387;
22.10.2024;13:30:50.168;F3TE SI 20281215 CS;SIMPLE_INSTRUMENT;BLOCK;EUR;44;0.60000000;1000;EXCHANGE_LAST;;1;1;XEUR;6830366;390379;
22.10.2024;14:34:28.746;F3TE SI 20271217 CS;SIMPLE_INSTRUMENT;BLOCK;EUR;53;0.64700000;500;EXCHANGE_LAST;;1;2;XEUR;6633916;390379;
22.10.2024;14:34:09.473;F3TE SI 20271217 CS;SIMPLE_INSTRUMENT;BLOCK;EUR;54;0.64800000;500;EXCHANGE_LAST;;1;2;XEUR;6633916;390379;
22.10.2024;07:54:24.283;FBTP SI 20241206 PS;SIMPLE_INSTRUMENT;EFP_FIN;EUR;1;120.68000000;1786;EXCHANGE_LAST;;1;1;XEUR;10804520;636;
22.10.2024;08:15:42.347;FBTP SI 20241206 PS;SIMPLE_INSTRUMENT;EFP_FIN;EUR;2;120.69000000;856;EXCHANGE_LAST;;1;1;XEUR;10804520;636;
22.10.2024;08:46:02.435;FBTP SI 20241206 PS;SIMPLE_INSTRUMENT;EFP_FIN;EUR;3;120.74000000;257;EXCHANGE_LAST;;1;1;XEUR;10804520;636;
22.10.2024;08:46:32.369;FBTP SI 20241206 PS;SIMPLE_INSTRUMENT;EFP_FIN;EUR;4;120.58000000;562;EXCHANGE_LAST;;1;1;XEUR;10804520;636;
22.10.2024;08:52:43.811;FBTP SI 20241206 PS;SIMPLE_INSTRUMENT;EFP_FIN;EUR;5;120.60000000;259;EXCHANGE_LAST;;1;1;XEUR;10804520;636;
22.10.2024;09:18:34.534;FBTP SI 20241206 PS;SIMPLE_INSTRUMENT;EFP_FIN;EUR;6;120.57000000;911;EXCHANGE_LAST;;1;1;XEUR;10804520;636;
22.10.2024;09:28:32.278;FBTP SI 20241206 PS;SIMPLE_INSTRUMENT;EFP_FIN;EUR;7;120.69000000;1786;EXCHANGE_LAST;;1;1;XEUR;10804520;636;
22.10.2024;09:31:51.620;FBTP SI 20241206 PS;SIMPLE_INSTRUMENT;EFP_FIN;EUR;8;120.55000000;747;EXCHANGE_LAST;;1;1;XEUR;10804520;636;
22.10.2024;09:46:50.621;FBTP SI 20241206 PS;SIMPLE_INSTRUMENT;EFP_FIN;EUR;9;120.55000000;674;EXCHANGE_LAST;;1;1;XEUR;10804520;636;
22.10.2024;10:11:59.289;FBTP SI 20241206 PS;SIMPLE_INSTRUMENT;EFP_FIN;EUR;10;120.55000000;447;EXCHANGE_LAST;;1;1;XEUR;10804520;636;
22.10.2024;10:13:06.921;FBTP SI 20241206 PS;SIMPLE_INSTRUMENT;EFP_FIN;EUR;11;120.74000000;447;EXCHANGE_LAST;;1;1;XEUR;10804520;636;
22.10.2024;10:16:27.707;FBTP SI 20241206 PS;SIMPLE_INSTRUMENT;EFP_FIN;EUR;12;120.57000000;174;EXCHANGE_LAST;;1;1;XEUR;10804520;636;
22.10.2024;10:20:41.230;FBTP SI 20241206 PS;SIMPLE_INSTRUMENT;EFP_FIN;EUR;13;120.55000000;118;EXCHANGE_LAST;;1;1;XEUR;10804520;636;
22.10.2024;10:35:59.660;FBTP SI 20241206 PS;SIMPLE_INSTRUMENT;EFP_FIN;EUR;15;120.51000000;893;EXCHANGE_LAST;;1;1;XEUR;10804520;636;
22.10.2024;10:39:05.132;FBTP SI 20241206 PS;SIMPLE_INSTRUMENT;EFP_FIN;EUR;16;120.54000000;137;EXCHANGE_LAST;;1;1;XEUR;10804520;636;
22.10.2024;10:42:28.184;FBTP SI 20241206 PS;SIMPLE_INSTRUMENT;EFP_FIN;EUR;17;120.55000000;179;EXCHANGE_LAST;;1;1;XEUR;10804520;636;
22.10.2024;10:42:50.055;FBTP SI 20241206 PS;SIMPLE_INSTRUMENT;EFP_FIN;EUR;18;120.47000000;203;EXCHANGE_LAST;;1;1;XEUR;10804520;636;
22.10.2024;10:45:34.793;FBTP SI 20241206 PS;SIMPLE_INSTRUMENT;EFP_FIN;EUR;19;120.50000000;78;EXCHANGE_LAST;;1;1;XEUR;10804520;636;
22.10.2024;10:58:32.107;FBTP SI 20241206 PS;SIMPLE_INSTRUMENT;EFP_FIN;EUR;21;120.46000000;1134;EXCHANGE_LAST;;1;1;XEUR;10804520;636;
22.10.2024;11:03:51.578;FBTP SI 20241206 PS;SIMPLE_INSTRUMENT;EFP_FIN;EUR;22;120.51000000;73;EXCHANGE_LAST;;1;1;XEUR;10804520;636;
22.10.2024;11:04:00.614;FBTP SI 20241206 PS;SIMPLE_INSTRUMENT;EFP_FIN;EUR;23;120.45000000;730;EXCHANGE_LAST;;1;1;XEUR;10804520;636;
22.10.2024;11:14:15.524;FBTP SI 20241206 PS;SIMPLE_INSTRUMENT;EFP_FIN;EUR;24;120.43000000;1140;EXCHANGE_LAST;;1;1;XEUR;10804520;636;
22.10.2024;11:25:40.937;FBTP SI 20241206 PS;SIMPLE_INSTRUMENT;EFP_FIN;EUR;25;120.54000000;137;EXCHANGE_LAST;;1;1;XEUR;10804520;636;
22.10.2024;11:37:05.962;FBTP SI 20241206 PS;SIMPLE_INSTRUMENT;BLOCK;EUR;26;120.50000000;1124;EXCHANGE_LAST;;1;1;XEUR;10804520;636;
22.10.2024;11:39:32.439;FBTP SI 20241206 PS;SIMPLE_INSTRUMENT;BLOCK;EUR;27;120.58000000;478;EXCHANGE_LAST;;1;1;XEUR;10804520;636;
22.10.2024;11:57:46.790;FBTP SI 20241206 PS;SIMPLE_INSTRUMENT;EFP_FIN;EUR;28;120.65000000;1123;EXCHANGE_LAST;;1;1;XEUR;10804520;636;
22.10.2024;12:02:35.860;FBTP SI 20241206 PS;SIMPLE_INSTRUMENT;BLOCK;EUR;29;120.64000000;320;EXCHANGE_LAST;;1;1;XEUR;10804520;636;
22.10.2024;12:08:34.037;FBTP SI 20241206 PS;SIMPLE_INSTRUMENT;EFP_FIN;EUR;30;120.65000000;200;EXCHANGE_LAST;;1;1;XEUR;10804520;636;
22.10.2024;12:10:21.616;FBTP SI 20241206 PS;SIMPLE_INSTRUMENT;EFP_FIN;EUR;31;120.48000000;121;EXCHANGE_LAST;;1;1;XEUR;10804520;636;
22.10.2024;12:12:21.049;FBTP SI 20241206 PS;SIMPLE_INSTRUMENT;BLOCK;EUR;32;120.66000000;500;EXCHANGE_LAST;;1;1;XEUR;10804520;636;
22.10.2024;12:12:43.403;FBTP SI 20241206 PS;SIMPLE_INSTRUMENT;EFP_FIN;EUR;33;120.71000000;428;EXCHANGE_LAST;;1;1;XEUR;10804520;636;
22.10.2024;12:12:30.167;FBTP SI 20241206 PS;SIMPLE_INSTRUMENT;EFP_FIN;EUR;34;120.55000000;190;EXCHANGE_LAST;;1;1;XEUR;10804520;636;
22.10.2024;12:16:43.240;FBTP SI 20241206 PS;SIMPLE_INSTRUMENT;EFP_FIN;EUR;35;120.68000000;90;EXCHANGE_LAST;;1;1;XEUR;10804520;636;
22.10.2024;12:32:54.748;FBTP SI 20241206 PS;SIMPLE_INSTRUMENT;BLOCK;EUR;36;120.76000000;500;EXCHANGE_LAST;;1;1;XEUR;10804520;636;
22.10.2024;12:41:00.094;FBTP SI 20241206 PS;SIMPLE_INSTRUMENT;EFP_FIN;EUR;37;120.74000000;1161;EXCHANGE_LAST;;1;1;XEUR;10804520;636;
22.10.2024;12:48:49.156;FBTP SI 20241206 PS;SIMPLE_INSTRUMENT;EFP_FIN;EUR;38;120.70000000;539;EXCHANGE_LAST;;1;1;XEUR;10804520;636;
22.10.2024;12:51:39.554;FBTP SI 20241206 PS;SIMPLE_INSTRUMENT;EFP_FIN;EUR;39;120.73000000;224;EXCHANGE_LAST;;1;1;XEUR;10804520;636;
22.10.2024;12:52:35.633;FBTP SI 20241206 PS;SIMPLE_INSTRUMENT;EFP_FIN;EUR;40;120.72000000;120;EXCHANGE_LAST;;1;1;XEUR;10804520;636;
22.10.2024;13:28:01.080;FBTP SI 20241206 PS;SIMPLE_INSTRUMENT;BLOCK;EUR;41;120.78000000;461;EXCHANGE_LAST;;1;1;XEUR;10804520;636;
22.10.2024;13:32:11.543;FBTP SI 20241206 PS;SIMPLE_INSTRUMENT;EFP_FIN;EUR;42;120.81000000;200;EXCHANGE_LAST;;1;1;XEUR;10804520;636;
22.10.2024;13:30:26.626;FBTP SI 20241206 PS;SIMPLE_INSTRUMENT;EFP_FIN;EUR;43;120.79000000;645;EXCHANGE_LAST;;1;1;XEUR;10804520;636;
22.10.2024;13:48:14.599;FBTP SI 20241206 PS;SIMPLE_INSTRUMENT;EFP_FIN;EUR;44;120.82000000;207;EXCHANGE_LAST;;1;1;XEUR;10804520;636;
22.10.2024;13:56:01.701;FBTP SI 20241206 PS;SIMPLE_INSTRUMENT;EFP_FIN;EUR;45;120.81000000;645;EXCHANGE_LAST;;1;1;XEUR;10804520;636;
22.10.2024;14:15:31.915;FBTP SI 20241206 PS;SIMPLE_INSTRUMENT;EFS;EUR;46;120.91000000;2000;EXCHANGE_LAST;;1;1;XEUR;10804520;636;
22.10.2024;14:20:25.982;FBTP SI 20241206 PS;SIMPLE_INSTRUMENT;EFP_FIN;EUR;47;120.72000000;136;EXCHANGE_LAST;;1;1;XEUR;10804520;636;
22.10.2024;14:45:14.345;FBTP SI 20241206 PS;SIMPLE_INSTRUMENT;EFP_FIN;EUR;48;120.75000000;341;EXCHANGE_LAST;;1;1;XEUR;10804520;636;
22.10.2024;14:44:43.298;FBTP SI 20241206 PS;SIMPLE_INSTRUMENT;BLOCK;EUR;49;120.72000000;1122;EXCHANGE_LAST;;1;1;XEUR;10804520;636;
22.10.2024;15:03:51.063;FBTP SI 20241206 PS;SIMPLE_INSTRUMENT;EFP_FIN;EUR;50;120.67000000;922;EXCHANGE_LAST;;1;1;XEUR;10804520;636;
22.10.2024;15:17:10.931;FBTP SI 20241206 PS;SIMPLE_INSTRUMENT;EFP_FIN;EUR;51;120.70000000;257;EXCHANGE_LAST;;1;1;XEUR;10804520;636;
22.10.2024;15:18:25.726;FBTP SI 20241206 PS;SIMPLE_INSTRUMENT;EFS;EUR;52;120.66000000;1309;EXCHANGE_LAST;;1;1;XEUR;10804520;636;
22.10.2024;15:18:41.761;FBTP SI 20241206 PS;SIMPLE_INSTRUMENT;EFP_FIN;EUR;53;120.66000000;66;EXCHANGE_LAST;;1;1;XEUR;10804520;636;
22.10.2024;15:24:14.946;FBTP SI 20241206 PS;SIMPLE_INSTRUMENT;EFP_FIN;EUR;54;120.70000000;171;EXCHANGE_LAST;;1;1;XEUR;10804520;636;
22.10.2024;15:44:56.185;FBTP SI 20241206 PS;SIMPLE_INSTRUMENT;EFP_FIN;EUR;55;120.68000000;228;EXCHANGE_LAST;;1;1;XEUR;10804520;636;
22.10.2024;07:28:04.207;FBTS SI 20241206 PS;SIMPLE_INSTRUMENT;EFP_FIN;EUR;1;107.40000000;1112;EXCHANGE_LAST;;1;1;XEUR;10804522;639;
22.10.2024;08:12:46.369;FBTS SI 20241206 PS;SIMPLE_INSTRUMENT;EFP_FIN;EUR;3;107.34000000;965;EXCHANGE_LAST;;1;1;XEUR;10804522;639;
22.10.2024;08:39:58.202;FBTS SI 20241206 PS;SIMPLE_INSTRUMENT;EFP_FIN;EUR;4;107.35000000;4248;EXCHANGE_LAST;;1;1;XEUR;10804522;639;
22.10.2024;09:26:29.079;FBTS SI 20241206 PS;SIMPLE_INSTRUMENT;EFP_FIN;EUR;12;107.38000000;301;EXCHANGE_LAST;;1;1;XEUR;10804522;639;
22.10.2024;09:29:35.181;FBTS SI 20241206 PS;SIMPLE_INSTRUMENT;EFP_FIN;EUR;13;107.38000000;86;EXCHANGE_LAST;;1;1;XEUR;10804522;639;
22.10.2024;09:31:06.859;FBTS SI 20241206 PS;SIMPLE_INSTRUMENT;EFP_FIN;EUR;14;107.34000000;701;EXCHANGE_LAST;;1;1;XEUR;10804522;639;
22.10.2024;09:35:35.706;FBTS SI 20241206 PS;SIMPLE_INSTRUMENT;EFP_FIN;EUR;15;107.34000000;1661;EXCHANGE_LAST;;1;1;XEUR;10804522;639;
22.10.2024;09:38:05.559;FBTS SI 20241206 PS;SIMPLE_INSTRUMENT;EFP_FIN;EUR;17;107.33000000;297;EXCHANGE_LAST;;1;1;XEUR;10804522;639;
22.10.2024;09:41:58.942;FBTS SI 20241206 PS;SIMPLE_INSTRUMENT;EFP_FIN;EUR;18;107.33000000;3335;EXCHANGE_LAST;;1;1;XEUR;10804522;639;
22.10.2024;11:00:31.109;FBTS SI 20241206 PS;SIMPLE_INSTRUMENT;EFP_FIN;EUR;22;107.36000000;213;EXCHANGE_LAST;;1;1;XEUR;10804522;639;
22.10.2024;11:15:42.881;FBTS SI 20241206 PS;SIMPLE_INSTRUMENT;EFP_FIN;EUR;23;107.31000000;4198;EXCHANGE_LAST;;1;1;XEUR;10804522;639;
22.10.2024;13:01:08.080;FBTS SI 20241206 PS;SIMPLE_INSTRUMENT;EFP_FIN;EUR;26;107.37000000;94;EXCHANGE_LAST;;1;1;XEUR;10804522;639;
22.10.2024;13:25:02.781;FBTS SI 20241206 PS;SIMPLE_INSTRUMENT;EFP_FIN;EUR;29;107.39000000;1112;EXCHANGE_LAST;;1;1;XEUR;10804522;639;
22.10.2024;13:28:48.836;FBTS SI 20241206 PS;SIMPLE_INSTRUMENT;EFP_FIN;EUR;30;107.40000000;175;EXCHANGE_LAST;;1;1;XEUR;10804522;639;
22.10.2024;14:40:03.140;FCEU SI 20241216 PS;SIMPLE_INSTRUMENT;BLOCK;USD;3;1.08200000;925;EXCHANGE_LAST;;1;1;XEUR;7140363;369376;
22.10.2024;07:05:57.648;FCMU SI 20241216 CS;SIMPLE_INSTRUMENT;BLOCK;USD;1;0.04975000;120;EXCHANGE_LAST;;1;1;XEUR;10921066;570874;
22.10.2024;12:37:59.449;FCMU SI 20241216 CS;SIMPLE_INSTRUMENT;BLOCK;USD;2;0.04985000;120;EXCHANGE_LAST;;1;1;XEUR;10921066;570874;
22.10.2024;08:45:40.146;FD3D SI 20261218 CS;SIMPLE_INSTRUMENT;BLOCK;EUR;4;101.00000000;100;EXCHANGE_LAST;;1;1;XEUR;7158183;588;
22.10.2024;08:46:24.251;FD3D SI 20261218 CS;SIMPLE_INSTRUMENT;BLOCK;EUR;5;104.00000000;150;EXCHANGE_LAST;;1;1;XEUR;7158183;588;
22.10.2024;08:47:31.038;FD3D SI 20281215 CS;SIMPLE_INSTRUMENT;BLOCK;EUR;6;98.50000000;150;EXCHANGE_LAST;;1;1;XEUR;10404969;588;
22.10.2024;09:09:21.847;FD3D SI 20261218 CS;SIMPLE_INSTRUMENT;BLOCK;EUR;7;104.50000000;500;EXCHANGE_LAST;;1;1;XEUR;7158183;588;
22.10.2024;15:45:17.961;FD3D SI 20251219 CS;SIMPLE_INSTRUMENT;BLOCK;EUR;34;107.40000000;500;EXCHANGE_LAST;;2;1;XEUR;5914068;588;
22.10.2024;16:12:45.571;FD3D.S.DEC25.DEC26.SPD;FUTURES_SPREAD;BLOCK;EUR;54;0.70000000;250;EXCHANGE_LAST;;2;1;XEUR;72060119478699058;588;
22.10.2024;16:12:45.571;FD3D SI 20261218 CS;SIMPLE_INSTRUMENT;BLOCK;EUR;54;106.70000000;250;PRC_DECOMP_MEMBER;;;;XEUR;7158183;588;MEMBER
22.10.2024;16:12:45.571;FD3D SI 20251219 CS;SIMPLE_INSTRUMENT;BLOCK;EUR;54;107.40000000;250;PRC_DECOMP_MEMBER;;;;XEUR;5914068;588;MEMBER
22.10.2024;16:12:45.929;FD3D.S.DEC25.DEC26.SPD;FUTURES_SPREAD;BLOCK;EUR;55;0.80000000;250;EXCHANGE_LAST;;2;1;XEUR;72060119478699058;588;
22.10.2024;16:12:45.929;FD3D SI 20251219 CS;SIMPLE_INSTRUMENT;BLOCK;EUR;55;107.40000000;250;PRC_DECOMP_MEMBER;;;;XEUR;5914068;588;MEMBER
22.10.2024;16:12:45.929;FD3D SI 20261218 CS;SIMPLE_INSTRUMENT;BLOCK;EUR;55;106.60000000;250;PRC_DECOMP_MEMBER;;;;XEUR;7158183;588;MEMBER
22.10.2024;16:02:57.227;FDAX SI 20241220 CS;SIMPLE_INSTRUMENT;EFP_IDX;EUR;1;19535.00000000;55;EXCHANGE_LAST;;1;1;XEUR;7296065;589;
22.10.2024;15:58:14.744;FDAX SI 20241220 CS;SIMPLE_INSTRUMENT;EFP_IDX;EUR;2;19535.00000000;28;EXCHANGE_LAST;;1;1;XEUR;7296065;589;
22.10.2024;15:58:21.119;FDAX SI 20241220 CS;SIMPLE_INSTRUMENT;EFP_IDX;EUR;3;19534.00000000;2;EXCHANGE_LAST;;1;1;XEUR;7296065;589;
22.10.2024;16:03:14.172;FDAX SI 20241220 CS;SIMPLE_INSTRUMENT;EFP_IDX;EUR;4;19534.00000000;5;EXCHANGE_LAST;;1;1;XEUR;7296065;589;
22.10.2024;15:55:05.041;FDAX SI 20241220 CS;SIMPLE_INSTRUMENT;EFP_IDX;EUR;5;19535.00000000;28;EXCHANGE_LAST;;1;1;XEUR;7296065;589;
22.10.2024;15:55:21.423;FDAX SI 20241220 CS;SIMPLE_INSTRUMENT;EFP_IDX;EUR;6;19534.00000000;3;EXCHANGE_LAST;;1;1;XEUR;7296065;589;
22.10.2024;08:05:10.594;FEBD SI 20261218 CS;SIMPLE_INSTRUMENT;BLOCK;EUR;1;9.21000000;2000;EXCHANGE_LAST;;1;1;XEUR;7158212;597;
22.10.2024;11:19:13.002;FEBD SI 20251219 CS;SIMPLE_INSTRUMENT;BLOCK;EUR;18;9.94000000;500;EXCHANGE_LAST;;1;1;XEUR;5914075;597;
22.10.2024;11:19:20.003;FEBD SI 20251219 CS;SIMPLE_INSTRUMENT;BLOCK;EUR;19;9.95000000;500;EXCHANGE_LAST;;1;1;XEUR;5914075;597;
22.10.2024;15:37:39.182;FEBD.S.DEC26.DEC27.SPD;FUTURES_SPREAD;BLOCK;EUR;30;0.80000000;1500;EXCHANGE_LAST;;1;1;XEUR;72060158133406970;597;
22.10.2024;15:37:39.182;FEBD SI 20261218 CS;SIMPLE_INSTRUMENT;BLOCK;EUR;30;9.19000000;1500;PRC_DECOMP_EXCHANGE;;;;XEUR;7158212;597;EXCHANGE
22.10.2024;15:37:39.182;FEBD SI 20271217 CS;SIMPLE_INSTRUMENT;BLOCK;EUR;30;8.39000000;1500;PRC_DECOMP_EXCHANGE;;;;XEUR;7776307;597;EXCHANGE
22.10.2024;13:25:09.416;FECX SI 20241220 CS;SIMPLE_INSTRUMENT;BLOCK;EUR;26;164.65000000;50;EXCHANGE_LAST;;1;1;XEUR;10920731;410158;
22.10.2024;09:09:17.393;FESB SI 20241220 CS;SIMPLE_INSTRUMENT;BLOCK;EUR;29;145.60000000;2200;EXCHANGE_LAST;;1;1;XEUR;10838895;605;
22.10.2024;09:54:45.857;FESB SI 20241220 CS;SIMPLE_INSTRUMENT;BLOCK;EUR;33;145.00000000;1920;EXCHANGE_LAST;;1;1;XEUR;10838895;605;
22.10.2024;09:51:53.795;FESB SI 20241220 CS;SIMPLE_INSTRUMENT;VOLA;EUR;603979796;145.00000000;367;EXCHANGE_LAST;;1;1;XEUR;10838895;605;
22.10.2024;10:37:08.090;FESB SI 20241220 CS;SIMPLE_INSTRUMENT;VOLA;EUR;603979799;144.00000000;300;EXCHANGE_LAST;;1;1;XEUR;10838895;605;
22.10.2024;14:46:54.210;FESB SI 20241220 CS;SIMPLE_INSTRUMENT;VOLA;EUR;603979812;145.50000000;120;EXCHANGE_LAST;;1;1;XEUR;10838895;605;
22.10.2024;15:57:37.709;FESL SI 20241220 CS;SIMPLE_INSTRUMENT;BLOCK;EUR;5;155.50000000;637;EXCHANGE_LAST;;1;1;XEUR;10839396;680;
22.10.2024;15:57:39.994;FESL SI 20241220 CS;SIMPLE_INSTRUMENT;BLOCK;EUR;6;155.70000000;425;EXCHANGE_LAST;;1;1;XEUR;10839396;680;
22.10.2024;08:43:52.373;FESX SI 20241220 CS;SIMPLE_INSTRUMENT;BLOCK;EUR;1;4965.00000000;2350;EXCHANGE_LAST;;1;1;XEUR;7793479;675;
22.10.2024;11:04:55.811;FESX SI 20241220 CS;SIMPLE_INSTRUMENT;BLOCK;EUR;2;4930.00000000;2000;EXCHANGE_LAST;;1;1;XEUR;7793479;675;
22.10.2024;11:24:14.577;FESX SI 20241220 CS;SIMPLE_INSTRUMENT;BLOCK;EUR;3;4930.00000000;2000;EXCHANGE_LAST;;1;1;XEUR;7793479;675;
22.10.2024;15:50:59.300;FESX SI 20241220 CS;SIMPLE_INSTRUMENT;EFP_IDX;EUR;4;4956.00000000;345;EXCHANGE_LAST;;1;1;XEUR;7793479;675;
22.10.2024;15:50:53.099;FESX SI 20241220 CS;SIMPLE_INSTRUMENT;EFP_IDX;EUR;5;4957.00000000;155;EXCHANGE_LAST;;1;1;XEUR;7793479;675;
22.10.2024;15:51:11.774;FESX SI 20241220 CS;SIMPLE_INSTRUMENT;EFP_IDX;EUR;6;4956.00000000;172;EXCHANGE_LAST;;1;1;XEUR;7793479;675;
22.10.2024;15:51:27.639;FESX SI 20241220 CS;SIMPLE_INSTRUMENT;EFP_IDX;EUR;7;4957.00000000;78;EXCHANGE_LAST;;1;1;XEUR;7793479;675;
22.10.2024;15:58:04.083;FESX SI 20241220 CS;SIMPLE_INSTRUMENT;BLOCK;EUR;8;4960.00000000;3000;EXCHANGE_LAST;;1;1;XEUR;7793479;675;
22.10.2024;16:00:13.559;FESX SI 20241220 CS;SIMPLE_INSTRUMENT;BLOCK;EUR;9;4958.00000000;2000;EXCHANGE_LAST;;1;1;XEUR;7793479;675;
22.10.2024;07:48:53.961;FESX SI 20241220 CS;SIMPLE_INSTRUMENT;VOLA;EUR;637534218;4975.00000000;120;EXCHANGE_LAST;;1;1;XEUR;7793479;675;
22.10.2024;08:32:29.316;FESX SI 20241220 CS;SIMPLE_INSTRUMENT;VOLA;EUR;637534225;4970.00000000;746;EXCHANGE_LAST;;1;1;XEUR;7793479;675;
22.10.2024;08:42:48.185;FESX SI 20241220 CS;SIMPLE_INSTRUMENT;VOLA;EUR;637534237;4964.00000000;477;EXCHANGE_LAST;;1;1;XEUR;7793479;675;
22.10.2024;10:04:24.636;FESX SI 20241220 CS;SIMPLE_INSTRUMENT;VOLA;EUR;637534260;4940.00000000;60;EXCHANGE_LAST;;1;1;XEUR;7793479;675;
22.10.2024;10:32:32.563;FESX SI 20241220 CS;SIMPLE_INSTRUMENT;VOLA;EUR;637534266;4951.00000000;20;EXCHANGE_LAST;;1;1;XEUR;7793479;675;
22.10.2024;11:13:38.040;FESX SI 20241220 CS;SIMPLE_INSTRUMENT;VOLA;EUR;637534274;4952.00000000;60;EXCHANGE_LAST;;1;1;XEUR;7793479;675;
22.10.2024;15:20:13.880;FESX SI 20241220 CS;SIMPLE_INSTRUMENT;VOLA;EUR;637534312;4960.00000000;110;EXCHANGE_LAST;;1;1;XEUR;7793479;675;
22.10.2024;08:18:05.958;FEXD.S.DEC25.DEC26.SPD;FUTURES_SPREAD;BLOCK;EUR;2;4.40000000;875;EXCHANGE_LAST;;1;1;XEUR;72060570450264144;693;
22.10.2024;08:18:05.958;FEXD SI 20261218 CS;SIMPLE_INSTRUMENT;BLOCK;EUR;2;153.10000000;875;PRC_DECOMP_EXCHANGE;;;;XEUR;2163053;693;EXCHANGE
22.10.2024;08:18:05.958;FEXD SI 20251219 CS;SIMPLE_INSTRUMENT;BLOCK;EUR;2;157.50000000;875;PRC_DECOMP_EXCHANGE;;;;XEUR;1548120;693;EXCHANGE
22.10.2024;08:17:53.607;FEXD.S.DEC25.DEC26.SPD;FUTURES_SPREAD;BLOCK;EUR;3;4.30000000;875;EXCHANGE_LAST;;1;1;XEUR;72060570450264144;693;
22.10.2024;08:17:53.607;FEXD SI 20251219 CS;SIMPLE_INSTRUMENT;BLOCK;EUR;3;157.40000000;875;PRC_DECOMP_EXCHANGE;;;;XEUR;1548120;693;EXCHANGE
22.10.2024;08:17:53.607;FEXD SI 20261218 CS;SIMPLE_INSTRUMENT;BLOCK;EUR;3;153.10000000;875;PRC_DECOMP_EXCHANGE;;;;XEUR;2163053;693;EXCHANGE
22.10.2024;09:27:37.807;FEXD SI 20281215 CS;SIMPLE_INSTRUMENT;BLOCK;EUR;8;142.00000000;250;EXCHANGE_LAST;;1;1;XEUR;3680985;693;
22.10.2024;09:29:13.766;FEXD SI 20261218 CS;SIMPLE_INSTRUMENT;BLOCK;EUR;9;152.50000000;275;EXCHANGE_LAST;;1;1;XEUR;2163053;693;
22.10.2024;09:29:38.226;FEXD SI 20261218 CS;SIMPLE_INSTRUMENT;BLOCK;EUR;10;152.40000000;275;EXCHANGE_LAST;;1;1;XEUR;2163053;693;
22.10.2024;09:29:57.661;FEXD SI 20291221 CS;SIMPLE_INSTRUMENT;BLOCK;EUR;11;137.40000000;550;EXCHANGE_LAST;;1;1;XEUR;4631968;693;
22.10.2024;09:30:10.564;FEXD SI 20261218 CS;SIMPLE_INSTRUMENT;BLOCK;EUR;12;153.20000000;750;EXCHANGE_LAST;;1;1;XEUR;2163053;693;
22.10.2024;09:53:07.056;FEXD SI 20251219 CS;SIMPLE_INSTRUMENT;BLOCK;EUR;13;157.30000000;750;EXCHANGE_LAST;;1;1;XEUR;1548120;693;
22.10.2024;09:53:01.350;FEXD SI 20251219 CS;SIMPLE_INSTRUMENT;BLOCK;EUR;14;157.40000000;750;EXCHANGE_LAST;;1;1;XEUR;1548120;693;
22.10.2024;09:40:32.799;FEXD SI 20281215 CS;SIMPLE_INSTRUMENT;BLOCK;EUR;15;141.60000000;500;EXCHANGE_LAST;;1;1;XEUR;3680985;693;
22.10.2024;10:47:42.163;FEXD SI 20261218 CS;SIMPLE_INSTRUMENT;BLOCK;EUR;16;152.60000000;250;EXCHANGE_LAST;;1;1;XEUR;2163053;693;
22.10.2024;11:28:47.024;FEXD SI 20281215 CS;SIMPLE_INSTRUMENT;BLOCK;EUR;20;141.50000000;150;EXCHANGE_LAST;;1;1;XEUR;3680985;693;
22.10.2024;11:28:54.024;FEXD SI 20281215 CS;SIMPLE_INSTRUMENT;BLOCK;EUR;21;141.60000000;150;EXCHANGE_LAST;;1;1;XEUR;3680985;693;
22.10.2024;11:43:24.443;FEXD SI 20261218 CS;SIMPLE_INSTRUMENT;BLOCK;EUR;22;152.70000000;150;EXCHANGE_LAST;;1;1;XEUR;2163053;693;
22.10.2024;12:01:22.007;FEXD SI 20261218 CS;SIMPLE_INSTRUMENT;BLOCK;EUR;23;153.00000000;150;EXCHANGE_LAST;;1;1;XEUR;2163053;693;
22.10.2024;12:12:16.620;FEXD SI 20261218 CS;SIMPLE_INSTRUMENT;BLOCK;EUR;24;153.00000000;150;EXCHANGE_LAST;;1;1;XEUR;2163053;693;
22.10.2024;12:14:17.121;FEXD SI 20261218 CS;SIMPLE_INSTRUMENT;BLOCK;EUR;25;153.10000000;200;EXCHANGE_LAST;;1;1;XEUR;2163053;693;
22.10.2024;07:19:32.531;FGBL SI 20241206 PS;SIMPLE_INSTRUMENT;EFS;EUR;1;132.95000000;486;EXCHANGE_LAST;;1;1;XEUR;10804524;688;
22.10.2024;07:21:50.131;FGBL SI 20241206 PS;SIMPLE_INSTRUMENT;EFP_FIN;EUR;2;132.96000000;278;EXCHANGE_LAST;;1;1;XEUR;10804524;688;
22.10.2024;07:22:11.641;FGBL SI 20241206 PS;SIMPLE_INSTRUMENT;EFS;EUR;3;132.93000000;389;EXCHANGE_LAST;;1;1;XEUR;10804524;688;
22.10.2024;07:27:03.531;FGBL SI 20241206 PS;SIMPLE_INSTRUMENT;EFS;EUR;4;132.91000000;213;EXCHANGE_LAST;;1;1;XEUR;10804524;688;
22.10.2024;07:27:50.534;FGBL SI 20241206 PS;SIMPLE_INSTRUMENT;EFS;EUR;5;132.91000000;213;EXCHANGE_LAST;;1;1;XEUR;10804524;688;
22.10.2024;07:29:09.600;FGBL SI 20241206 PS;SIMPLE_INSTRUMENT;EFS;EUR;6;132.87000000;426;EXCHANGE_LAST;;1;1;XEUR;10804524;688;
22.10.2024;07:44:21.341;FGBL SI 20241206 PS;SIMPLE_INSTRUMENT;EFS;EUR;7;132.80000000;270;EXCHANGE_LAST;;1;1;XEUR;10804524;688;
22.10.2024;07:45:09.516;FGBL SI 20241206 PS;SIMPLE_INSTRUMENT;EFS;EUR;8;132.94000000;249;EXCHANGE_LAST;;1;1;XEUR;10804524;688;
22.10.2024;07:53:26.438;FGBL SI 20241206 PS;SIMPLE_INSTRUMENT;EFS;EUR;9;132.77000000;390;EXCHANGE_LAST;;1;1;XEUR;10804524;688;
22.10.2024;07:57:07.885;FGBL SI 20241206 PS;SIMPLE_INSTRUMENT;EFS;EUR;11;132.77000000;854;EXCHANGE_LAST;;1;1;XEUR;10804524;688;
22.10.2024;07:57:52.295;FGBL SI 20241206 PS;SIMPLE_INSTRUMENT;EFP_FIN;EUR;12;132.75000000;190;EXCHANGE_LAST;;1;1;XEUR;10804524;688;
22.10.2024;07:59:57.990;FGBL SI 20241206 PS;SIMPLE_INSTRUMENT;EFS;EUR;13;132.77000000;427;EXCHANGE_LAST;;1;1;XEUR;10804524;688;
22.10.2024;08:00:23.009;FGBL SI 20241206 PS;SIMPLE_INSTRUMENT;EFS;EUR;14;132.77000000;427;EXCHANGE_LAST;;1;1;XEUR;10804524;688;
22.10.2024;08:05:21.648;FGBL SI 20241206 PS;SIMPLE_INSTRUMENT;EFS;EUR;16;132.91000000;188;EXCHANGE_LAST;;1;1;XEUR;10804524;688;
22.10.2024;08:06:32.737;FGBL SI 20241206 PS;SIMPLE_INSTRUMENT;EFS;EUR;17;132.91000000;198;EXCHANGE_LAST;;1;1;XEUR;10804524;688;
22.10.2024;08:07:01.481;FGBL SI 20241206 PS;SIMPLE_INSTRUMENT;EFS;EUR;18;132.74000000;310;EXCHANGE_LAST;;1;1;XEUR;10804524;688;
22.10.2024;08:07:28.047;FGBL SI 20241206 PS;SIMPLE_INSTRUMENT;EFP_FIN;EUR;19;132.80000000;797;EXCHANGE_LAST;;1;1;XEUR;10804524;688;
22.10.2024;08:08:25.585;FGBL SI 20241206 PS;SIMPLE_INSTRUMENT;EFS;EUR;20;132.79000000;639;EXCHANGE_LAST;;1;1;XEUR;10804524;688;
22.10.2024;08:14:28.354;FGBL SI 20241206 PS;SIMPLE_INSTRUMENT;EFS;EUR;21;132.80000000;426;EXCHANGE_LAST;;1;1;XEUR;10804524;688;
22.10.2024;08:15:59.037;FGBL SI 20241206 PS;SIMPLE_INSTRUMENT;EFS;EUR;22;132.81000000;170;EXCHANGE_LAST;;1;1;XEUR;10804524;688;
22.10.2024;08:16:45.648;FGBL SI 20241206 PS;SIMPLE_INSTRUMENT;EFS;EUR;23;132.83000000;213;EXCHANGE_LAST;;1;1;XEUR;10804524;688;
22.10.2024;08:17:13.029;FGBL SI 20241206 PS;SIMPLE_INSTRUMENT;EFS;EUR;24;132.83000000;213;EXCHANGE_LAST;;1;1;XEUR;10804524;688;
22.10.2024;08:20:18.345;FGBL SI 20241206 PS;SIMPLE_INSTRUMENT;EFS;EUR;25;132.86000000;113;EXCHANGE_LAST;;1;1;XEUR;10804524;688;
22.10.2024;08:22:06.958;FGBL SI 20241206 PS;SIMPLE_INSTRUMENT;EFS;EUR;26;132.83000000;256;EXCHANGE_LAST;;1;1;XEUR;10804524;688;
22.10.2024;08:23:27.000;FGBL SI 20241206 PS;SIMPLE_INSTRUMENT;EFP_FIN;EUR;27;132.80000000;797;EXCHANGE_LAST;;1;1;XEUR;10804524;688;
22.10.2024;08:23:15.190;FGBL SI 20241206 PS;SIMPLE_INSTRUMENT;EFS;EUR;28;132.86000000;426;EXCHANGE_LAST;;1;1;XEUR;10804524;688;
22.10.2024;08:24:11.888;FGBL SI 20241206 PS;SIMPLE_INSTRUMENT;EFS;EUR;29;132.80000000;1462;EXCHANGE_LAST;;1;1;XEUR;10804524;688;
22.10.2024;08:31:50.532;FGBL SI 20241206 PS;SIMPLE_INSTRUMENT;EFS;EUR;30;132.78000000;427;EXCHANGE_LAST;;1;1;XEUR;10804524;688;
22.10.2024;08:32:50.583;FGBL SI 20241206 PS;SIMPLE_INSTRUMENT;EFS;EUR;31;132.78000000;427;EXCHANGE_LAST;;1;1;XEUR;10804524;688;
22.10.2024;08:38:43.443;FGBL SI 20241206 PS;SIMPLE_INSTRUMENT;EFS;EUR;32;132.79000000;341;EXCHANGE_LAST;;1;1;XEUR;10804524;688;
22.10.2024;08:40:44.151;FGBL SI 20241206 PS;SIMPLE_INSTRUMENT;EFS;EUR;33;132.83000000;380;EXCHANGE_LAST;;1;1;XEUR;10804524;688;
22.10.2024;08:49:05.312;FGBL SI 20241206 PS;SIMPLE_INSTRUMENT;EFS;EUR;34;132.73000000;214;EXCHANGE_LAST;;1;1;XEUR;10804524;688;
22.10.2024;08:51:18.029;FGBL SI 20241206 PS;SIMPLE_INSTRUMENT;EFS;EUR;35;132.85000000;731;EXCHANGE_LAST;;1;1;XEUR;10804524;688;
22.10.2024;08:52:37.445;FGBL SI 20241206 PS;SIMPLE_INSTRUMENT;EFS;EUR;36;132.73000000;214;EXCHANGE_LAST;;1;1;XEUR;10804524;688;
22.10.2024;08:53:46.321;FGBL SI 20241206 PS;SIMPLE_INSTRUMENT;EFS;EUR;37;132.70000000;450;EXCHANGE_LAST;;1;1;XEUR;10804524;688;
22.10.2024;08:56:19.188;FGBL SI 20241206 PS;SIMPLE_INSTRUMENT;EFS;EUR;38;132.73000000;426;EXCHANGE_LAST;;1;1;XEUR;10804524;688;
22.10.2024;09:00:44.255;FGBL SI 20241206 PS;SIMPLE_INSTRUMENT;EFP_FIN;EUR;39;132.75000000;420;EXCHANGE_LAST;;1;1;XEUR;10804524;688;
22.10.2024;09:00:52.039;FGBL SI 20241206 PS;SIMPLE_INSTRUMENT;EFS;EUR;40;132.74000000;426;EXCHANGE_LAST;;1;1;XEUR;10804524;688;
22.10.2024;09:02:11.005;FGBL SI 20241206 PS;SIMPLE_INSTRUMENT;EFS;EUR;41;132.74000000;213;EXCHANGE_LAST;;1;1;XEUR;10804524;688;
22.10.2024;09:04:06.376;FGBL SI 20241206 PS;SIMPLE_INSTRUMENT;EFP_FIN;EUR;42;132.72000000;722;EXCHANGE_LAST;;1;1;XEUR;10804524;688;
22.10.2024;09:04:52.975;FGBL SI 20241206 PS;SIMPLE_INSTRUMENT;EFS;EUR;43;132.75000000;426;EXCHANGE_LAST;;1;1;XEUR;10804524;688;
22.10.2024;09:05:29.251;FGBL SI 20241206 PS;SIMPLE_INSTRUMENT;EFS;EUR;44;132.83000000;731;EXCHANGE_LAST;;1;1;XEUR;10804524;688;
22.10.2024;09:07:07.434;FGBL SI 20241206 PS;SIMPLE_INSTRUMENT;EFS;EUR;45;132.74000000;213;EXCHANGE_LAST;;1;1;XEUR;10804524;688;
22.10.2024;09:09:00.064;FGBL SI 20241206 PS;SIMPLE_INSTRUMENT;EFP_FIN;EUR;46;132.79000000;849;EXCHANGE_LAST;;1;1;XEUR;10804524;688;
22.10.2024;09:10:23.939;FGBL SI 20241206 PS;SIMPLE_INSTRUMENT;EFS;EUR;47;132.76000000;213;EXCHANGE_LAST;;1;1;XEUR;10804524;688;
22.10.2024;09:10:39.753;FGBL SI 20241206 PS;SIMPLE_INSTRUMENT;EFS;EUR;48;132.75000000;427;EXCHANGE_LAST;;1;1;XEUR;10804524;688;
22.10.2024;09:10:48.245;FGBL SI 20241206 PS;SIMPLE_INSTRUMENT;EFS;EUR;49;132.77000000;427;EXCHANGE_LAST;;1;1;XEUR;10804524;688;
22.10.2024;09:11:06.816;FGBL SI 20241206 PS;SIMPLE_INSTRUMENT;EFS;EUR;50;132.75000000;426;EXCHANGE_LAST;;1;1;XEUR;10804524;688;
22.10.2024;09:11:32.998;FGBL SI 20241206 PS;SIMPLE_INSTRUMENT;EFS;EUR;51;132.75000000;450;EXCHANGE_LAST;;1;1;XEUR;10804524;688;
22.10.2024;09:13:50.518;FGBL SI 20241206 PS;SIMPLE_INSTRUMENT;EFS;EUR;52;132.76000000;203;EXCHANGE_LAST;;1;1;XEUR;10804524;688;
22.10.2024;09:15:20.325;FGBL SI 20241206 PS;SIMPLE_INSTRUMENT;EFS;EUR;53;132.75000000;226;EXCHANGE_LAST;;1;1;XEUR;10804524;688;
22.10.2024;09:17:07.420;FGBL SI 20241206 PS;SIMPLE_INSTRUMENT;EFS;EUR;54;132.73000000;426;EXCHANGE_LAST;;1;1;XEUR;10804524;688;
22.10.2024;09:19:14.485;FGBL SI 20241206 PS;SIMPLE_INSTRUMENT;EFP_FIN;EUR;55;132.76000000;82;EXCHANGE_LAST;;1;1;XEUR;10804524;688;
22.10.2024;09:29:50.679;FGBL SI 20241206 PS;SIMPLE_INSTRUMENT;EFP_FIN;EUR;56;132.76000000;82;EXCHANGE_LAST;;1;1;XEUR;10804524;688;
22.10.2024;09:27:49.995;FGBL SI 20241206 PS;SIMPLE_INSTRUMENT;EFS;EUR;58;132.71000000;428;EXCHANGE_LAST;;1;1;XEUR;10804524;688;
22.10.2024;09:29:21.710;FGBL SI 20241206 PS;SIMPLE_INSTRUMENT;EFS;EUR;59;132.68000000;213;EXCHANGE_LAST;;1;1;XEUR;10804524;688;
22.10.2024;09:29:30.119;FGBL SI 20241206 PS;SIMPLE_INSTRUMENT;EFS;EUR;60;132.68000000;428;EXCHANGE_LAST;;1;1;XEUR;10804524;688;
22.10.2024;09:32:30.768;FGBL SI 20241206 PS;SIMPLE_INSTRUMENT;EFP_FIN;EUR;61;132.71000000;287;EXCHANGE_LAST;;1;1;XEUR;10804524;688;
22.10.2024;09:37:05.493;FGBL SI 20241206 PS;SIMPLE_INSTRUMENT;EFS;EUR;62;132.76000000;450;EXCHANGE_LAST;;1;1;XEUR;10804524;688;
22.10.2024;09:40:16.599;FGBL SI 20241206 PS;SIMPLE_INSTRUMENT;EFS;EUR;63;132.72000000;250;EXCHANGE_LAST;;1;1;XEUR;10804524;688;
22.10.2024;09:41:18.212;FGBL SI 20241206 PS;SIMPLE_INSTRUMENT;EFS;EUR;64;132.72000000;427;EXCHANGE_LAST;;1;1;XEUR;10804524;688;
22.10.2024;09:44:07.989;FGBL SI 20241206 PS;SIMPLE_INSTRUMENT;EFS;EUR;65;132.73000000;226;EXCHANGE_LAST;;1;1;XEUR;10804524;688;
22.10.2024;09:48:22.950;FGBL SI 20241206 PS;SIMPLE_INSTRUMENT;EFS;EUR;66;132.73000000;428;EXCHANGE_LAST;;1;1;XEUR;10804524;688;
22.10.2024;09:48:47.972;FGBL SI 20241206 PS;SIMPLE_INSTRUMENT;EFS;EUR;67;132.73000000;428;EXCHANGE_LAST;;1;1;XEUR;10804524;688;
22.10.2024;09:49:44.406;FGBL SI 20241206 PS;SIMPLE_INSTRUMENT;EFS;EUR;68;132.72000000;453;EXCHANGE_LAST;;1;1;XEUR;10804524;688;
22.10.2024;09:51:43.578;FGBL SI 20241206 PS;SIMPLE_INSTRUMENT;EFS;EUR;69;132.74000000;213;EXCHANGE_LAST;;1;1;XEUR;10804524;688;
22.10.2024;09:52:07.389;FGBL SI 20241206 PS;SIMPLE_INSTRUMENT;EFS;EUR;70;132.72000000;453;EXCHANGE_LAST;;1;1;XEUR;10804524;688;
22.10.2024;09:53:09.075;FGBL SI 20241206 PS;SIMPLE_INSTRUMENT;EFS;EUR;71;132.72000000;453;EXCHANGE_LAST;;1;1;XEUR;10804524;688;
22.10.2024;09:58:59.533;FGBL SI 20241206 PS;SIMPLE_INSTRUMENT;EFS;EUR;73;132.64000000;488;EXCHANGE_LAST;;1;1;XEUR;10804524;688;
22.10.2024;09:58:36.195;FGBL SI 20241206 PS;SIMPLE_INSTRUMENT;EFP_FIN;EUR;74;132.74000000;192;EXCHANGE_LAST;;1;1;XEUR;10804524;688;
22.10.2024;10:00:58.572;FGBL SI 20241206 PS;SIMPLE_INSTRUMENT;EFS;EUR;75;132.75000000;214;EXCHANGE_LAST;;1;1;XEUR;10804524;688;
22.10.2024;10:02:22.814;FGBL SI 20241206 PS;SIMPLE_INSTRUMENT;EFS;EUR;76;132.74000000;213;EXCHANGE_LAST;;1;1;XEUR;10804524;688;
22.10.2024;10:04:56.111;FGBL SI 20241206 PS;SIMPLE_INSTRUMENT;EFS;EUR;77;132.73000000;427;EXCHANGE_LAST;;1;1;XEUR;10804524;688;
22.10.2024;10:07:50.923;FGBL SI 20241206 PS;SIMPLE_INSTRUMENT;EFS;EUR;78;132.73000000;427;EXCHANGE_LAST;;1;1;XEUR;10804524;688;
22.10.2024;10:17:44.600;FGBL SI 20241206 PS;SIMPLE_INSTRUMENT;EFS;EUR;79;132.73000000;428;EXCHANGE_LAST;;1;1;XEUR;10804524;688;
22.10.2024;10:18:00.612;FGBL SI 20241206 PS;SIMPLE_INSTRUMENT;EFS;EUR;80;132.73000000;214;EXCHANGE_LAST;;1;1;XEUR;10804524;688;
22.10.2024;10:20:36.191;FGBL SI 20241206 PS;SIMPLE_INSTRUMENT;EFS;EUR;81;132.75000000;1950;EXCHANGE_LAST;;1;1;XEUR;10804524;688;
22.10.2024;10:24:25.154;FGBL SI 20241206 PS;SIMPLE_INSTRUMENT;EFP_FIN;EUR;82;132.75000000;849;EXCHANGE_LAST;;1;1;XEUR;10804524;688;
22.10.2024;10:27:51.802;FGBL SI 20241206 PS;SIMPLE_INSTRUMENT;EFS;EUR;83;132.68000000;451;EXCHANGE_LAST;;1;1;XEUR;10804524;688;
22.10.2024;10:27:53.295;FGBL SI 20241206 PS;SIMPLE_INSTRUMENT;EFS;EUR;84;132.71000000;488;EXCHANGE_LAST;;1;1;XEUR;10804524;688;
22.10.2024;10:34:08.794;FGBL SI 20241206 PS;SIMPLE_INSTRUMENT;EFS;EUR;85;132.71000000;488;EXCHANGE_LAST;;1;1;XEUR;10804524;688;
22.10.2024;10:34:37.378;FGBL SI 20241206 PS;SIMPLE_INSTRUMENT;EFS;EUR;86;132.68000000;256;EXCHANGE_LAST;;1;1;XEUR;10804524;688;
22.10.2024;10:36:17.764;FGBL SI 20241206 PS;SIMPLE_INSTRUMENT;EFS;EUR;87;132.71000000;488;EXCHANGE_LAST;;1;1;XEUR;10804524;688;
22.10.2024;10:39:12.607;FGBL SI 20241206 PS;SIMPLE_INSTRUMENT;EFS;EUR;88;132.66000000;428;EXCHANGE_LAST;;1;1;XEUR;10804524;688;
22.10.2024;10:43:57.788;FGBL SI 20241206 PS;SIMPLE_INSTRUMENT;EFS;EUR;89;132.69000000;90;EXCHANGE_LAST;;1;1;XEUR;10804524;688;
22.10.2024;10:45:13.013;FGBL SI 20241206 PS;SIMPLE_INSTRUMENT;EFS;EUR;90;132.73000000;488;EXCHANGE_LAST;;1;1;XEUR;10804524;688;
22.10.2024;10:48:03.667;FGBL SI 20241206 PS;SIMPLE_INSTRUMENT;EFS;EUR;91;132.68000000;177;EXCHANGE_LAST;;1;1;XEUR;10804524;688;
22.10.2024;10:52:25.793;FGBL SI 20241206 PS;SIMPLE_INSTRUMENT;EFS;EUR;92;132.69000000;29;EXCHANGE_LAST;;1;1;XEUR;10804524;688;
22.10.2024;11:01:19.718;FGBL SI 20241206 PS;SIMPLE_INSTRUMENT;EFS;EUR;93;132.63000000;244;EXCHANGE_LAST;;1;1;XEUR;10804524;688;
22.10.2024;11:05:44.212;FGBL SI 20241206 PS;SIMPLE_INSTRUMENT;BLOCK;EUR;94;132.65000000;2500;EXCHANGE_LAST;;1;1;XEUR;10804524;688;
22.10.2024;11:06:00.522;FGBL SI 20241206 PS;SIMPLE_INSTRUMENT;EFS;EUR;95;132.76000000;1463;EXCHANGE_LAST;;1;1;XEUR;10804524;688;
22.10.2024;11:32:12.448;FGBL SI 20241206 PS;SIMPLE_INSTRUMENT;EFS;EUR;96;132.76000000;214;EXCHANGE_LAST;;1;1;XEUR;10804524;688;
22.10.2024;11:33:58.564;FGBL SI 20241206 PS;SIMPLE_INSTRUMENT;EFS;EUR;97;132.78000000;214;EXCHANGE_LAST;;1;1;XEUR;10804524;688;
22.10.2024;11:34:47.602;FGBL SI 20241206 PS;SIMPLE_INSTRUMENT;EFS;EUR;98;132.78000000;214;EXCHANGE_LAST;;1;1;XEUR;10804524;688;
22.10.2024;11:45:24.039;FGBL SI 20241206 PS;SIMPLE_INSTRUMENT;EFS;EUR;99;132.80000000;214;EXCHANGE_LAST;;1;1;XEUR;10804524;688;
22.10.2024;11:47:34.120;FGBL SI 20241206 PS;SIMPLE_INSTRUMENT;EFS;EUR;100;132.78000000;427;EXCHANGE_LAST;;1;1;XEUR;10804524;688;
22.10.2024;11:47:42.993;FGBL SI 20241206 PS;SIMPLE_INSTRUMENT;EFS;EUR;101;132.78000000;221;EXCHANGE_LAST;;1;1;XEUR;10804524;688;
22.10.2024;11:47:46.116;FGBL SI 20241206 PS;SIMPLE_INSTRUMENT;EFS;EUR;102;132.78000000;221;EXCHANGE_LAST;;1;1;XEUR;10804524;688;
22.10.2024;11:48:42.336;FGBL SI 20241206 PS;SIMPLE_INSTRUMENT;EFS;EUR;103;132.63000000;1088;EXCHANGE_LAST;;1;1;XEUR;10804524;688;
22.10.2024;11:48:13.047;FGBL SI 20241206 PS;SIMPLE_INSTRUMENT;EFP_FIN;EUR;104;132.69000000;1274;EXCHANGE_LAST;;1;1;XEUR;10804524;688;
22.10.2024;11:50:59.342;FGBL SI 20241206 PS;SIMPLE_INSTRUMENT;EFS;EUR;105;132.75000000;2253;EXCHANGE_LAST;;1;1;XEUR;10804524;688;
22.10.2024;11:54:22.203;FGBL SI 20241206 PS;SIMPLE_INSTRUMENT;EFS;EUR;106;132.79000000;292;EXCHANGE_LAST;;1;1;XEUR;10804524;688;
22.10.2024;11:52:58.776;FGBL SI 20241206 PS;SIMPLE_INSTRUMENT;EFS;EUR;107;132.74000000;975;EXCHANGE_LAST;;1;1;XEUR;10804524;688;
22.10.2024;12:00:05.858;FGBL SI 20241206 PS;SIMPLE_INSTRUMENT;EFP_FIN;EUR;108;132.65000000;170;EXCHANGE_LAST;;1;1;XEUR;10804524;688;
22.10.2024;12:01:14.692;FGBL SI 20241206 PS;SIMPLE_INSTRUMENT;EFS;EUR;109;132.75000000;427;EXCHANGE_LAST;;1;1;XEUR;10804524;688;
22.10.2024;12:01:38.672;FGBL SI 20241206 PS;SIMPLE_INSTRUMENT;EFS;EUR;110;132.68000000;224;EXCHANGE_LAST;;1;1;XEUR;10804524;688;
22.10.2024;12:07:07.231;FGBL SI 20241206 PS;SIMPLE_INSTRUMENT;EFS;EUR;111;132.75000000;427;EXCHANGE_LAST;;1;1;XEUR;10804524;688;
22.10.2024;12:13:26.053;FGBL SI 20241206 PS;SIMPLE_INSTRUMENT;EFP_FIN;EUR;112;132.75000000;430;EXCHANGE_LAST;;1;1;XEUR;10804524;688;
22.10.2024;12:20:23.509;FGBL SI 20241206 PS;SIMPLE_INSTRUMENT;EFS;EUR;113;132.79000000;1352;EXCHANGE_LAST;;1;1;XEUR;10804524;688;
22.10.2024;12:21:04.231;FGBL SI 20241206 PS;SIMPLE_INSTRUMENT;EFS;EUR;114;132.69000000;731;EXCHANGE_LAST;;1;1;XEUR;10804524;688;
22.10.2024;12:21:05.713;FGBL SI 20241206 PS;SIMPLE_INSTRUMENT;EFS;EUR;115;132.88000000;256;EXCHANGE_LAST;;1;1;XEUR;10804524;688;
22.10.2024;12:23:00.360;FGBL SI 20241206 PS;SIMPLE_INSTRUMENT;EFP_FIN;EUR;116;132.83000000;1051;EXCHANGE_LAST;;1;1;XEUR;10804524;688;
22.10.2024;12:24:10.433;FGBL SI 20241206 PS;SIMPLE_INSTRUMENT;EFS;EUR;117;132.88000000;426;EXCHANGE_LAST;;1;1;XEUR;10804524;688;
22.10.2024;12:26:10.369;FGBL SI 20241206 PS;SIMPLE_INSTRUMENT;EFP_FIN;EUR;118;132.83000000;1051;EXCHANGE_LAST;;1;1;XEUR;10804524;688;
22.10.2024;12:27:26.444;FGBL SI 20241206 PS;SIMPLE_INSTRUMENT;EFS;EUR;119;132.85000000;909;EXCHANGE_LAST;;1;1;XEUR;10804524;688;
22.10.2024;12:34:01.722;FGBL SI 20241206 PS;SIMPLE_INSTRUMENT;EFP_FIN;EUR;120;132.84000000;429;EXCHANGE_LAST;;1;1;XEUR;10804524;688;
22.10.2024;12:40:40.482;FGBL SI 20241206 PS;SIMPLE_INSTRUMENT;EFS;EUR;121;132.84000000;852;EXCHANGE_LAST;;1;1;XEUR;10804524;688;
22.10.2024;12:40:26.706;FGBL SI 20241206 PS;SIMPLE_INSTRUMENT;EFS;EUR;122;132.84000000;852;EXCHANGE_LAST;;1;1;XEUR;10804524;688;
22.10.2024;12:38:53.112;FGBL SI 20241206 PS;SIMPLE_INSTRUMENT;EFP_FIN;EUR;123;132.67000000;125;EXCHANGE_LAST;;1;1;XEUR;10804524;688;
22.10.2024;13:04:20.956;FGBL SI 20241206 PS;SIMPLE_INSTRUMENT;EFS;EUR;125;132.83000000;487;EXCHANGE_LAST;;1;1;XEUR;10804524;688;
22.10.2024;12:50:21.558;FGBL SI 20241206 PS;SIMPLE_INSTRUMENT;EFS;EUR;126;132.87000000;426;EXCHANGE_LAST;;1;1;XEUR;10804524;688;
22.10.2024;12:55:18.916;FGBL SI 20241206 PS;SIMPLE_INSTRUMENT;EFS;EUR;127;132.88000000;487;EXCHANGE_LAST;;1;1;XEUR;10804524;688;
22.10.2024;13:04:55.556;FGBL SI 20241206 PS;SIMPLE_INSTRUMENT;EFS;EUR;128;132.88000000;487;EXCHANGE_LAST;;1;1;XEUR;10804524;688;
22.10.2024;13:00:05.900;FGBL SI 20241206 PS;SIMPLE_INSTRUMENT;EFS;EUR;129;132.89000000;427;EXCHANGE_LAST;;1;1;XEUR;10804524;688;
22.10.2024;13:00:41.649;FGBL SI 20241206 PS;SIMPLE_INSTRUMENT;EFS;EUR;130;132.85000000;901;EXCHANGE_LAST;;1;1;XEUR;10804524;688;
22.10.2024;13:03:25.198;FGBL SI 20241206 PS;SIMPLE_INSTRUMENT;EFS;EUR;131;132.87000000;1974;EXCHANGE_LAST;;1;1;XEUR;10804524;688;
22.10.2024;13:07:04.056;FGBL SI 20241206 PS;SIMPLE_INSTRUMENT;EFS;EUR;133;132.90000000;450;EXCHANGE_LAST;;1;1;XEUR;10804524;688;
22.10.2024;13:14:46.906;FGBL SI 20241206 PS;SIMPLE_INSTRUMENT;EFS;EUR;134;132.90000000;180;EXCHANGE_LAST;;1;1;XEUR;10804524;688;
22.10.2024;13:19:41.653;FGBL SI 20241206 PS;SIMPLE_INSTRUMENT;EFS;EUR;135;132.95000000;298;EXCHANGE_LAST;;1;1;XEUR;10804524;688;
22.10.2024;13:22:11.577;FGBL SI 20241206 PS;SIMPLE_INSTRUMENT;EFS;EUR;136;132.97000000;371;EXCHANGE_LAST;;1;1;XEUR;10804524;688;
22.10.2024;13:23:42.564;FGBL SI 20241206 PS;SIMPLE_INSTRUMENT;EFS;EUR;137;132.86000000;445;EXCHANGE_LAST;;1;1;XEUR;10804524;688;
22.10.2024;13:32:54.890;FGBL SI 20241206 PS;SIMPLE_INSTRUMENT;EFS;EUR;138;132.93000000;505;EXCHANGE_LAST;;1;1;XEUR;10804524;688;
22.10.2024;13:32:29.398;FGBL SI 20241206 PS;SIMPLE_INSTRUMENT;EFS;EUR;139;133.00000000;426;EXCHANGE_LAST;;1;1;XEUR;10804524;688;
22.10.2024;13:32:51.866;FGBL SI 20241206 PS;SIMPLE_INSTRUMENT;EFS;EUR;140;132.93000000;500;EXCHANGE_LAST;;1;1;XEUR;10804524;688;
22.10.2024;13:36:06.490;FGBL SI 20241206 PS;SIMPLE_INSTRUMENT;EFS;EUR;141;133.01000000;213;EXCHANGE_LAST;;1;1;XEUR;10804524;688;
22.10.2024;13:40:04.761;FGBL SI 20241206 PS;SIMPLE_INSTRUMENT;EFP_FIN;EUR;142;133.00000000;1184;EXCHANGE_LAST;;1;1;XEUR;10804524;688;
22.10.2024;13:43:34.452;FGBL SI 20241206 PS;SIMPLE_INSTRUMENT;EFS;EUR;143;133.13000000;426;EXCHANGE_LAST;;1;1;XEUR;10804524;688;
22.10.2024;13:43:52.018;FGBL SI 20241206 PS;SIMPLE_INSTRUMENT;EFS;EUR;144;133.12000000;426;EXCHANGE_LAST;;1;1;XEUR;10804524;688;
22.10.2024;13:44:38.744;FGBL SI 20241206 PS;SIMPLE_INSTRUMENT;EFS;EUR;145;133.12000000;639;EXCHANGE_LAST;;1;1;XEUR;10804524;688;
22.10.2024;13:45:37.944;FGBL SI 20241206 PS;SIMPLE_INSTRUMENT;EFS;EUR;146;133.12000000;255;EXCHANGE_LAST;;1;1;XEUR;10804524;688;
22.10.2024;13:46:28.290;FGBL SI 20241206 PS;SIMPLE_INSTRUMENT;EFS;EUR;147;133.06000000;1524;EXCHANGE_LAST;;1;1;XEUR;10804524;688;
22.10.2024;13:55:43.108;FGBL SI 20241206 PS;SIMPLE_INSTRUMENT;EFP_FIN;EUR;148;132.85000000;4463;EXCHANGE_LAST;;1;1;XEUR;10804524;688;
22.10.2024;14:01:44.743;FGBL SI 20241206 PS;SIMPLE_INSTRUMENT;EFS;EUR;149;133.01000000;730;EXCHANGE_LAST;;1;1;XEUR;10804524;688;
22.10.2024;14:01:47.046;FGBL SI 20241206 PS;SIMPLE_INSTRUMENT;EFS;EUR;150;133.00000000;426;EXCHANGE_LAST;;1;1;XEUR;10804524;688;
22.10.2024;14:05:13.717;FGBL SI 20241206 PS;SIMPLE_INSTRUMENT;EFS;EUR;151;133.08000000;518;EXCHANGE_LAST;;1;1;XEUR;10804524;688;
22.10.2024;14:06:52.611;FGBL SI 20241206 PS;SIMPLE_INSTRUMENT;EFS;EUR;152;133.00000000;225;EXCHANGE_LAST;;1;1;XEUR;10804524;688;
22.10.2024;14:08:52.091;FGBL SI 20241206 PS;SIMPLE_INSTRUMENT;EFS;EUR;153;133.01000000;854;EXCHANGE_LAST;;1;1;XEUR;10804524;688;
22.10.2024;14:18:41.011;FGBL SI 20241206 PS;SIMPLE_INSTRUMENT;EFP_FIN;EUR;154;133.00000000;1550;EXCHANGE_LAST;;1;1;XEUR;10804524;688;
22.10.2024;14:21:29.566;FGBL SI 20241206 PS;SIMPLE_INSTRUMENT;EFS;EUR;155;132.83000000;178;EXCHANGE_LAST;;1;1;XEUR;10804524;688;
22.10.2024;14:22:02.628;FGBL SI 20241206 PS;SIMPLE_INSTRUMENT;EFS;EUR;156;132.98000000;299;EXCHANGE_LAST;;1;1;XEUR;10804524;688;
22.10.2024;14:28:24.241;FGBL SI 20241206 PS;SIMPLE_INSTRUMENT;EFS;EUR;157;132.94000000;901;EXCHANGE_LAST;;1;1;XEUR;10804524;688;
22.10.2024;14:29:40.131;FGBL SI 20241206 PS;SIMPLE_INSTRUMENT;EFS;EUR;158;132.93000000;426;EXCHANGE_LAST;;1;1;XEUR;10804524;688;
22.10.2024;14:29:45.961;FGBL SI 20241206 PS;SIMPLE_INSTRUMENT;EFS;EUR;159;132.99000000;451;EXCHANGE_LAST;;1;1;XEUR;10804524;688;
22.10.2024;14:30:42.708;FGBL SI 20241206 PS;SIMPLE_INSTRUMENT;EFS;EUR;160;132.95000000;225;EXCHANGE_LAST;;1;1;XEUR;10804524;688;
22.10.2024;14:33:11.785;FGBL SI 20241206 PS;SIMPLE_INSTRUMENT;EFP_FIN;EUR;161;132.92000000;215;EXCHANGE_LAST;;1;1;XEUR;10804524;688;
22.10.2024;14:34:49.725;FGBL SI 20241206 PS;SIMPLE_INSTRUMENT;EFP_FIN;EUR;162;132.92000000;1162;EXCHANGE_LAST;;1;1;XEUR;10804524;688;
22.10.2024;14:36:18.513;FGBL SI 20241206 PS;SIMPLE_INSTRUMENT;EFP_FIN;EUR;163;132.93000000;775;EXCHANGE_LAST;;1;1;XEUR;10804524;688;
22.10.2024;14:36:40.528;FGBL SI 20241206 PS;SIMPLE_INSTRUMENT;EFS;EUR;164;133.00000000;221;EXCHANGE_LAST;;1;1;XEUR;10804524;688;
22.10.2024;14:38:06.889;FGBL SI 20241206 PS;SIMPLE_INSTRUMENT;EFP_FIN;EUR;165;132.92000000;775;EXCHANGE_LAST;;1;1;XEUR;10804524;688;
22.10.2024;14:39:18.041;FGBL SI 20241206 PS;SIMPLE_INSTRUMENT;EFS;EUR;166;132.99000000;221;EXCHANGE_LAST;;1;1;XEUR;10804524;688;
22.10.2024;14:39:21.419;FGBL SI 20241206 PS;SIMPLE_INSTRUMENT;EFP_FIN;EUR;167;132.92000000;1550;EXCHANGE_LAST;;1;1;XEUR;10804524;688;
22.10.2024;14:40:00.824;FGBL SI 20241206 PS;SIMPLE_INSTRUMENT;EFP_FIN;EUR;168;132.87000000;840;EXCHANGE_LAST;;1;1;XEUR;10804524;688;
22.10.2024;14:41:41.740;FGBL SI 20241206 PS;SIMPLE_INSTRUMENT;EFS;EUR;169;132.88000000;451;EXCHANGE_LAST;;1;1;XEUR;10804524;688;
22.10.2024;14:43:11.750;FGBL SI 20241206 PS;SIMPLE_INSTRUMENT;EFP_FIN;EUR;170;132.92000000;965;EXCHANGE_LAST;;1;1;XEUR;10804524;688;
22.10.2024;14:53:55.597;FGBL SI 20241206 PS;SIMPLE_INSTRUMENT;EFS;EUR;171;133.04000000;442;EXCHANGE_LAST;;1;1;XEUR;10804524;688;
22.10.2024;14:59:16.181;FGBL SI 20241206 PS;SIMPLE_INSTRUMENT;EFS;EUR;172;132.88000000;427;EXCHANGE_LAST;;1;1;XEUR;10804524;688;
22.10.2024;15:10:02.718;FGBL SI 20241206 PS;SIMPLE_INSTRUMENT;EFS;EUR;173;132.88000000;451;EXCHANGE_LAST;;1;1;XEUR;10804524;688;
22.10.2024;15:10:42.695;FGBL SI 20241206 PS;SIMPLE_INSTRUMENT;EFS;EUR;174;132.85000000;299;EXCHANGE_LAST;;1;1;XEUR;10804524;688;
22.10.2024;15:12:40.334;FGBL SI 20241206 PS;SIMPLE_INSTRUMENT;EFS;EUR;175;132.86000000;117;EXCHANGE_LAST;;1;1;XEUR;10804524;688;
22.10.2024;15:21:33.090;FGBL SI 20241206 PS;SIMPLE_INSTRUMENT;EFS;EUR;176;132.82000000;85;EXCHANGE_LAST;;1;1;XEUR;10804524;688;
22.10.2024;15:52:06.033;FGBL SI 20241206 PS;SIMPLE_INSTRUMENT;EFS;EUR;177;132.78000000;732;EXCHANGE_LAST;;1;1;XEUR;10804524;688;
22.10.2024;16:08:00.080;FGBL SI 20241206 PS;SIMPLE_INSTRUMENT;EFS;EUR;178;132.76000000;1300;EXCHANGE_LAST;;1;1;XEUR;10804524;688;
22.10.2024;16:20:01.620;FGBL SI 20241206 PS;SIMPLE_INSTRUMENT;EFS;EUR;179;132.63000000;226;EXCHANGE_LAST;;1;1;XEUR;10804524;688;
22.10.2024;16:20:21.622;FGBL SI 20241206 PS;SIMPLE_INSTRUMENT;EFS;EUR;180;132.63000000;226;EXCHANGE_LAST;;1;1;XEUR;10804524;688;
22.10.2024;08:05:24.621;FGBL SI 20241206 PS;SIMPLE_INSTRUMENT;VOLA;EUR;268435477;132.75000000;177;EXCHANGE_LAST;;1;1;XEUR;10804524;688;
22.10.2024;08:23:21.792;FGBL SI 20241206 PS;SIMPLE_INSTRUMENT;VOLA;EUR;268435488;132.86000000;8;EXCHANGE_LAST;;1;1;XEUR;10804524;688;
22.10.2024;09:10:52.305;FGBL SI 20241206 PS;SIMPLE_INSTRUMENT;VOLA;EUR;268435508;132.75000000;220;EXCHANGE_LAST;;1;1;XEUR;10804524;688;
22.10.2024;09:12:06.372;FGBL SI 20241206 PS;SIMPLE_INSTRUMENT;VOLA;EUR;268435509;132.75000000;220;EXCHANGE_LAST;;1;1;XEUR;10804524;688;
22.10.2024;10:01:51.700;FGBL SI 20241206 PS;SIMPLE_INSTRUMENT;VOLA;EUR;268435517;132.75000000;238;EXCHANGE_LAST;;1;1;XEUR;10804524;688;
22.10.2024;11:11:09.780;FGBL SI 20250306 PS;SIMPLE_INSTRUMENT;VOLA;EUR;268435529;134.10000000;5;EXCHANGE_LAST;;1;1;XEUR;11286679;688;
22.10.2024;12:03:05.600;FGBL SI 20241206 PS;SIMPLE_INSTRUMENT;VOLA;EUR;268435547;132.73000000;80;EXCHANGE_LAST;;1;1;XEUR;10804524;688;
22.10.2024;13:07:26.826;FGBL SI 20241206 PS;SIMPLE_INSTRUMENT;VOLA;EUR;268435557;132.88000000;292;EXCHANGE_LAST;;1;1;XEUR;10804524;688;
22.10.2024;13:47:30.038;FGBL SI 20241206 PS;SIMPLE_INSTRUMENT;VOLA;EUR;268435569;133.05000000;20;EXCHANGE_LAST;;1;1;XEUR;10804524;688;
22.10.2024;14:29:00.446;FGBL SI 20241206 PS;SIMPLE_INSTRUMENT;VOLA;EUR;268435580;133.00000000;135;EXCHANGE_LAST;;1;1;XEUR;10804524;688;
22.10.2024;14:52:33.669;FGBL SI 20241206 PS;SIMPLE_INSTRUMENT;VOLA;EUR;268435584;133.00000000;20;EXCHANGE_LAST;;1;1;XEUR;10804524;688;
22.10.2024;15:08:41.832;FGBL SI 20241206 PS;SIMPLE_INSTRUMENT;VOLA;EUR;268435591;132.88000000;75;EXCHANGE_LAST;;1;1;XEUR;10804524;688;
22.10.2024;06:46:22.454;FGBM SI 20241206 PS;SIMPLE_INSTRUMENT;EFS;EUR;1;118.94000000;425;EXCHANGE_LAST;;1;1;XEUR;10804525;689;
22.10.2024;06:50:30.595;FGBM SI 20241206 PS;SIMPLE_INSTRUMENT;EFS;EUR;2;118.94000000;1392;EXCHANGE_LAST;;1;1;XEUR;10804525;689;
22.10.2024;07:24:14.461;FGBM SI 20241206 PS;SIMPLE_INSTRUMENT;EFS;EUR;3;118.96000000;850;EXCHANGE_LAST;;1;1;XEUR;10804525;689;
22.10.2024;07:24:54.367;FGBM SI 20241206 PS;SIMPLE_INSTRUMENT;EFS;EUR;4;118.95000000;402;EXCHANGE_LAST;;1;1;XEUR;10804525;689;
22.10.2024;07:25:37.301;FGBM SI 20241206 PS;SIMPLE_INSTRUMENT;EFS;EUR;5;118.95000000;402;EXCHANGE_LAST;;1;1;XEUR;10804525;689;
22.10.2024;07:25:39.744;FGBM SI 20241206 PS;SIMPLE_INSTRUMENT;EFS;EUR;6;118.97000000;425;EXCHANGE_LAST;;1;1;XEUR;10804525;689;
22.10.2024;07:44:44.359;FGBM SI 20241206 PS;SIMPLE_INSTRUMENT;EFS;EUR;7;118.86000000;3709;EXCHANGE_LAST;;1;1;XEUR;10804525;689;
22.10.2024;08:19:13.902;FGBM SI 20241206 PS;SIMPLE_INSTRUMENT;EFS;EUR;8;118.89000000;212;EXCHANGE_LAST;;1;1;XEUR;10804525;689;
22.10.2024;08:21:23.575;FGBM SI 20241206 PS;SIMPLE_INSTRUMENT;EFS;EUR;9;118.90000000;637;EXCHANGE_LAST;;1;1;XEUR;10804525;689;
22.10.2024;08:24:27.117;FGBM SI 20241206 PS;SIMPLE_INSTRUMENT;EFS;EUR;10;118.86000000;1275;EXCHANGE_LAST;;1;1;XEUR;10804525;689;
22.10.2024;08:31:05.490;FGBM SI 20241206 PS;SIMPLE_INSTRUMENT;EFS;EUR;11;118.85000000;852;EXCHANGE_LAST;;1;1;XEUR;10804525;689;
22.10.2024;08:32:05.547;FGBM SI 20241206 PS;SIMPLE_INSTRUMENT;EFS;EUR;12;118.87000000;852;EXCHANGE_LAST;;1;1;XEUR;10804525;689;
22.10.2024;08:43:50.334;FGBM SI 20241206 PS;SIMPLE_INSTRUMENT;BLOCK;EUR;13;118.89000000;28000;EXCHANGE_LAST;;1;1;XEUR;10804525;689;
22.10.2024;08:47:06.004;FGBM SI 20241206 PS;SIMPLE_INSTRUMENT;EFS;EUR;14;118.86000000;1858;EXCHANGE_LAST;;1;1;XEUR;10804525;689;
22.10.2024;08:47:44.440;FGBM SI 20241206 PS;SIMPLE_INSTRUMENT;EFS;EUR;15;118.90000000;2785;EXCHANGE_LAST;;1;1;XEUR;10804525;689;
22.10.2024;08:50:34.450;FGBM SI 20241206 PS;SIMPLE_INSTRUMENT;EFS;EUR;16;118.84000000;929;EXCHANGE_LAST;;1;1;XEUR;10804525;689;
22.10.2024;08:52:11.153;FGBM SI 20241206 PS;SIMPLE_INSTRUMENT;EFS;EUR;17;118.84000000;929;EXCHANGE_LAST;;1;1;XEUR;10804525;689;
22.10.2024;08:55:09.956;FGBM SI 20241206 PS;SIMPLE_INSTRUMENT;EFS;EUR;18;118.83000000;930;EXCHANGE_LAST;;1;1;XEUR;10804525;689;
22.10.2024;08:56:37.115;FGBM SI 20241206 PS;SIMPLE_INSTRUMENT;EFS;EUR;19;118.83000000;929;EXCHANGE_LAST;;1;1;XEUR;10804525;689;
22.10.2024;08:57:47.974;FGBM SI 20241206 PS;SIMPLE_INSTRUMENT;EFS;EUR;20;118.85000000;2786;EXCHANGE_LAST;;1;1;XEUR;10804525;689;
22.10.2024;09:02:06.487;FGBM SI 20241206 PS;SIMPLE_INSTRUMENT;EFS;EUR;21;118.84000000;929;EXCHANGE_LAST;;1;1;XEUR;10804525;689;
22.10.2024;09:02:17.884;FGBM SI 20241206 PS;SIMPLE_INSTRUMENT;EFS;EUR;22;118.86000000;1394;EXCHANGE_LAST;;1;1;XEUR;10804525;689;
22.10.2024;09:04:14.267;FGBM SI 20241206 PS;SIMPLE_INSTRUMENT;EFS;EUR;23;118.86000000;1395;EXCHANGE_LAST;;1;1;XEUR;10804525;689;
22.10.2024;09:13:38.949;FGBM SI 20241206 PS;SIMPLE_INSTRUMENT;EFS;EUR;24;118.86000000;1275;EXCHANGE_LAST;;1;1;XEUR;10804525;689;
22.10.2024;09:14:23.788;FGBM SI 20241206 PS;SIMPLE_INSTRUMENT;EFS;EUR;25;118.86000000;425;EXCHANGE_LAST;;1;1;XEUR;10804525;689;
22.10.2024;09:38:31.796;FGBM SI 20241206 PS;SIMPLE_INSTRUMENT;EFP_FIN;EUR;27;118.82000000;73;EXCHANGE_LAST;;1;1;XEUR;10804525;689;
22.10.2024;09:38:39.071;FGBM SI 20241206 PS;SIMPLE_INSTRUMENT;EFS;EUR;28;118.84000000;858;EXCHANGE_LAST;;1;1;XEUR;10804525;689;
22.10.2024;09:39:13.224;FGBM SI 20241206 PS;SIMPLE_INSTRUMENT;EFS;EUR;29;118.84000000;858;EXCHANGE_LAST;;1;1;XEUR;10804525;689;
22.10.2024;09:39:34.800;FGBM SI 20241206 PS;SIMPLE_INSTRUMENT;EFP_FIN;EUR;30;118.82000000;277;EXCHANGE_LAST;;1;1;XEUR;10804525;689;
22.10.2024;09:43:07.168;FGBM SI 20241206 PS;SIMPLE_INSTRUMENT;EFS;EUR;31;118.84000000;425;EXCHANGE_LAST;;1;1;XEUR;10804525;689;
22.10.2024;09:43:46.587;FGBM SI 20241206 PS;SIMPLE_INSTRUMENT;EFS;EUR;32;118.84000000;929;EXCHANGE_LAST;;1;1;XEUR;10804525;689;
22.10.2024;09:46:23.028;FGBM SI 20241206 PS;SIMPLE_INSTRUMENT;EFS;EUR;33;118.85000000;929;EXCHANGE_LAST;;1;1;XEUR;10804525;689;
22.10.2024;09:49:18.697;FGBM SI 20241206 PS;SIMPLE_INSTRUMENT;EFP_FIN;EUR;34;118.84000000;410;EXCHANGE_LAST;;1;1;XEUR;10804525;689;
22.10.2024;09:56:37.844;FGBM SI 20241206 PS;SIMPLE_INSTRUMENT;EFS;EUR;36;118.85000000;850;EXCHANGE_LAST;;1;1;XEUR;10804525;689;
22.10.2024;09:59:47.738;FGBM SI 20241206 PS;SIMPLE_INSTRUMENT;EFS;EUR;37;118.85000000;425;EXCHANGE_LAST;;1;1;XEUR;10804525;689;
22.10.2024;10:02:06.635;FGBM SI 20241206 PS;SIMPLE_INSTRUMENT;EFS;EUR;38;118.85000000;425;EXCHANGE_LAST;;1;1;XEUR;10804525;689;
22.10.2024;10:07:31.860;FGBM SI 20241206 PS;SIMPLE_INSTRUMENT;EFS;EUR;39;118.83000000;425;EXCHANGE_LAST;;1;1;XEUR;10804525;689;
22.10.2024;10:21:37.417;FGBM SI 20241206 PS;SIMPLE_INSTRUMENT;EFS;EUR;40;118.85000000;3716;EXCHANGE_LAST;;1;1;XEUR;10804525;689;
22.10.2024;10:22:50.971;FGBM SI 20241206 PS;SIMPLE_INSTRUMENT;EFS;EUR;41;118.85000000;1394;EXCHANGE_LAST;;1;1;XEUR;10804525;689;
22.10.2024;10:26:50.004;FGBM SI 20241206 PS;SIMPLE_INSTRUMENT;EFS;EUR;42;118.80000000;859;EXCHANGE_LAST;;1;1;XEUR;10804525;689;
22.10.2024;10:26:58.827;FGBM SI 20241206 PS;SIMPLE_INSTRUMENT;EFS;EUR;43;118.85000000;929;EXCHANGE_LAST;;1;1;XEUR;10804525;689;
22.10.2024;10:28:13.818;FGBM SI 20241206 PS;SIMPLE_INSTRUMENT;EFS;EUR;44;118.80000000;429;EXCHANGE_LAST;;1;1;XEUR;10804525;689;
22.10.2024;10:33:13.687;FGBM SI 20241206 PS;SIMPLE_INSTRUMENT;EFS;EUR;45;118.83000000;938;EXCHANGE_LAST;;1;1;XEUR;10804525;689;
22.10.2024;10:36:19.143;FGBM SI 20241206 PS;SIMPLE_INSTRUMENT;EFP_FIN;EUR;46;118.84000000;226;EXCHANGE_LAST;;1;1;XEUR;10804525;689;
22.10.2024;10:36:27.548;FGBM SI 20241206 PS;SIMPLE_INSTRUMENT;EFS;EUR;47;118.81000000;558;EXCHANGE_LAST;;1;1;XEUR;10804525;689;
22.10.2024;10:43:37.225;FGBM SI 20241206 PS;SIMPLE_INSTRUMENT;EFP_FIN;EUR;48;118.84000000;279;EXCHANGE_LAST;;1;1;XEUR;10804525;689;
22.10.2024;10:41:24.641;FGBM SI 20241206 PS;SIMPLE_INSTRUMENT;EFS;EUR;49;118.79000000;859;EXCHANGE_LAST;;1;1;XEUR;10804525;689;
22.10.2024;10:42:31.402;FGBM SI 20241206 PS;SIMPLE_INSTRUMENT;EFS;EUR;50;118.85000000;929;EXCHANGE_LAST;;1;1;XEUR;10804525;689;
22.10.2024;10:44:08.157;FGBM SI 20241206 PS;SIMPLE_INSTRUMENT;EFS;EUR;51;118.80000000;3718;EXCHANGE_LAST;;1;1;XEUR;10804525;689;
22.10.2024;10:50:51.942;FGBM SI 20241206 PS;SIMPLE_INSTRUMENT;EFS;EUR;52;118.80000000;56;EXCHANGE_LAST;;1;1;XEUR;10804525;689;
22.10.2024;11:03:57.396;FGBM SI 20241206 PS;SIMPLE_INSTRUMENT;EFP_FIN;EUR;54;118.80000000;148;EXCHANGE_LAST;;1;1;XEUR;10804525;689;
22.10.2024;11:05:07.013;FGBM SI 20241206 PS;SIMPLE_INSTRUMENT;EFP_FIN;EUR;56;118.80000000;111;EXCHANGE_LAST;;1;1;XEUR;10804525;689;
22.10.2024;11:05:14.991;FGBM SI 20241206 PS;SIMPLE_INSTRUMENT;EFS;EUR;57;118.77000000;930;EXCHANGE_LAST;;1;1;XEUR;10804525;689;
22.10.2024;11:05:43.307;FGBM SI 20241206 PS;SIMPLE_INSTRUMENT;EFS;EUR;58;118.77000000;930;EXCHANGE_LAST;;1;1;XEUR;10804525;689;
22.10.2024;11:06:57.793;FGBM SI 20241206 PS;SIMPLE_INSTRUMENT;EFS;EUR;59;118.87000000;2787;EXCHANGE_LAST;;1;1;XEUR;10804525;689;
22.10.2024;11:07:57.990;FGBM SI 20241206 PS;SIMPLE_INSTRUMENT;EFS;EUR;60;118.77000000;930;EXCHANGE_LAST;;1;1;XEUR;10804525;689;
22.10.2024;11:17:52.338;FGBM SI 20241206 PS;SIMPLE_INSTRUMENT;EFP_FIN;EUR;61;118.74000000;772;EXCHANGE_LAST;;1;1;XEUR;10804525;689;
22.10.2024;11:35:25.187;FGBM SI 20241206 PS;SIMPLE_INSTRUMENT;EFP_FIN;EUR;62;118.79000000;383;EXCHANGE_LAST;;1;1;XEUR;10804525;689;
22.10.2024;11:45:34.048;FGBM SI 20241206 PS;SIMPLE_INSTRUMENT;EFS;EUR;63;118.85000000;426;EXCHANGE_LAST;;1;1;XEUR;10804525;689;
22.10.2024;11:46:16.174;FGBM SI 20241206 PS;SIMPLE_INSTRUMENT;EFS;EUR;64;118.85000000;1250;EXCHANGE_LAST;;1;1;XEUR;10804525;689;
22.10.2024;11:46:24.081;FGBM SI 20241206 PS;SIMPLE_INSTRUMENT;EFS;EUR;65;118.85000000;852;EXCHANGE_LAST;;1;1;XEUR;10804525;689;
22.10.2024;11:46:38.865;FGBM SI 20241206 PS;SIMPLE_INSTRUMENT;EFS;EUR;66;118.84000000;424;EXCHANGE_LAST;;1;1;XEUR;10804525;689;
22.10.2024;11:46:43.079;FGBM SI 20241206 PS;SIMPLE_INSTRUMENT;EFS;EUR;67;118.84000000;424;EXCHANGE_LAST;;1;1;XEUR;10804525;689;
22.10.2024;11:47:42.199;FGBM SI 20241206 PS;SIMPLE_INSTRUMENT;EFP_FIN;EUR;68;118.79000000;556;EXCHANGE_LAST;;1;1;XEUR;10804525;689;
22.10.2024;11:49:10.814;FGBM SI 20241206 PS;SIMPLE_INSTRUMENT;EFP_FIN;EUR;69;118.86000000;789;EXCHANGE_LAST;;1;1;XEUR;10804525;689;
22.10.2024;11:52:17.970;FGBM SI 20241206 PS;SIMPLE_INSTRUMENT;EFS;EUR;70;118.82000000;425;EXCHANGE_LAST;;1;1;XEUR;10804525;689;
22.10.2024;11:55:16.354;FGBM SI 20241206 PS;SIMPLE_INSTRUMENT;EFS;EUR;71;118.82000000;465;EXCHANGE_LAST;;1;1;XEUR;10804525;689;
22.10.2024;11:59:54.404;FGBM SI 20241206 PS;SIMPLE_INSTRUMENT;EFS;EUR;72;118.83000000;429;EXCHANGE_LAST;;1;1;XEUR;10804525;689;
22.10.2024;12:00:11.675;FGBM SI 20241206 PS;SIMPLE_INSTRUMENT;EFS;EUR;73;118.79000000;428;EXCHANGE_LAST;;1;1;XEUR;10804525;689;
22.10.2024;12:03:37.900;FGBM SI 20241206 PS;SIMPLE_INSTRUMENT;EFS;EUR;76;118.83000000;3000;EXCHANGE_LAST;;1;1;XEUR;10804525;689;
22.10.2024;12:08:15.315;FGBM SI 20241206 PS;SIMPLE_INSTRUMENT;EFS;EUR;77;118.82000000;1388;EXCHANGE_LAST;;1;1;XEUR;10804525;689;
22.10.2024;12:13:14.229;FGBM SI 20241206 PS;SIMPLE_INSTRUMENT;EFP_FIN;EUR;78;118.82000000;447;EXCHANGE_LAST;;1;1;XEUR;10804525;689;
22.10.2024;12:16:09.386;FGBM SI 20241206 PS;SIMPLE_INSTRUMENT;EFS;EUR;79;118.82000000;3436;EXCHANGE_LAST;;1;1;XEUR;10804525;689;
22.10.2024;12:19:33.947;FGBM SI 20241206 PS;SIMPLE_INSTRUMENT;EFP_FIN;EUR;80;118.90000000;1029;EXCHANGE_LAST;;1;1;XEUR;10804525;689;
22.10.2024;12:20:09.232;FGBM SI 20241206 PS;SIMPLE_INSTRUMENT;EFS;EUR;81;118.81000000;1394;EXCHANGE_LAST;;1;1;XEUR;10804525;689;
22.10.2024;12:23:41.261;FGBM SI 20241206 PS;SIMPLE_INSTRUMENT;EFP_FIN;EUR;82;118.83000000;626;EXCHANGE_LAST;;1;1;XEUR;10804525;689;
22.10.2024;12:23:52.262;FGBM SI 20241206 PS;SIMPLE_INSTRUMENT;EFP_FIN;EUR;83;118.91000000;447;EXCHANGE_LAST;;1;1;XEUR;10804525;689;
22.10.2024;12:31:05.222;FGBM SI 20241206 PS;SIMPLE_INSTRUMENT;EFS;EUR;84;118.91000000;858;EXCHANGE_LAST;;1;1;XEUR;10804525;689;
22.10.2024;12:32:49.819;FGBM SI 20241206 PS;SIMPLE_INSTRUMENT;EFS;EUR;85;118.90000000;850;EXCHANGE_LAST;;1;1;XEUR;10804525;689;
22.10.2024;12:35:40.877;FGBM SI 20241206 PS;SIMPLE_INSTRUMENT;EFS;EUR;86;118.90000000;638;EXCHANGE_LAST;;1;1;XEUR;10804525;689;
22.10.2024;12:39:52.108;FGBM SI 20241206 PS;SIMPLE_INSTRUMENT;EFS;EUR;87;118.90000000;213;EXCHANGE_LAST;;1;1;XEUR;10804525;689;
22.10.2024;12:43:39.398;FGBM SI 20241206 PS;SIMPLE_INSTRUMENT;EFS;EUR;88;118.89000000;850;EXCHANGE_LAST;;1;1;XEUR;10804525;689;
22.10.2024;12:45:17.499;FGBM SI 20241206 PS;SIMPLE_INSTRUMENT;EFP_FIN;EUR;89;118.90000000;109;EXCHANGE_LAST;;1;1;XEUR;10804525;689;
22.10.2024;12:45:52.492;FGBM SI 20241206 PS;SIMPLE_INSTRUMENT;EFP_FIN;EUR;90;118.89000000;214;EXCHANGE_LAST;;1;1;XEUR;10804525;689;
22.10.2024;12:51:01.954;FGBM SI 20241206 PS;SIMPLE_INSTRUMENT;EFS;EUR;91;118.92000000;425;EXCHANGE_LAST;;1;1;XEUR;10804525;689;
22.10.2024;13:05:26.205;FGBM SI 20241206 PS;SIMPLE_INSTRUMENT;EFS;EUR;92;118.92000000;807;EXCHANGE_LAST;;1;1;XEUR;10804525;689;
22.10.2024;13:14:36.420;FGBM SI 20241206 PS;SIMPLE_INSTRUMENT;EFP_FIN;EUR;93;118.88000000;1443;EXCHANGE_LAST;;1;1;XEUR;10804525;689;
22.10.2024;13:14:50.658;FGBM SI 20241206 PS;SIMPLE_INSTRUMENT;EFS;EUR;94;118.96000000;200;EXCHANGE_LAST;;1;1;XEUR;10804525;689;
22.10.2024;13:15:21.972;FGBM SI 20241206 PS;SIMPLE_INSTRUMENT;EFS;EUR;95;118.92000000;472;EXCHANGE_LAST;;1;1;XEUR;10804525;689;
22.10.2024;13:17:43.277;FGBM SI 20241206 PS;SIMPLE_INSTRUMENT;EFS;EUR;96;118.96000000;700;EXCHANGE_LAST;;1;1;XEUR;10804525;689;
22.10.2024;13:21:08.603;FGBM SI 20241206 PS;SIMPLE_INSTRUMENT;EFS;EUR;97;118.98000000;700;EXCHANGE_LAST;;1;1;XEUR;10804525;689;
22.10.2024;13:30:40.286;FGBM SI 20241206 PS;SIMPLE_INSTRUMENT;EFP_FIN;EUR;98;118.93000000;183;EXCHANGE_LAST;;1;1;XEUR;10804525;689;
22.10.2024;13:39:27.600;FGBM SI 20241206 PS;SIMPLE_INSTRUMENT;EFS;EUR;99;118.99000000;3498;EXCHANGE_LAST;;1;1;XEUR;10804525;689;
22.10.2024;13:48:23.679;FGBM SI 20241206 PS;SIMPLE_INSTRUMENT;EFS;EUR;100;118.75000000;430;EXCHANGE_LAST;;1;1;XEUR;10804525;689;
22.10.2024;14:05:13.738;FGBM SI 20241206 PS;SIMPLE_INSTRUMENT;EFS;EUR;101;119.06000000;1703;EXCHANGE_LAST;;1;1;XEUR;10804525;689;
22.10.2024;14:05:25.044;FGBM SI 20241206 PS;SIMPLE_INSTRUMENT;EFS;EUR;102;119.00000000;1391;EXCHANGE_LAST;;1;1;XEUR;10804525;689;
22.10.2024;14:13:43.235;FGBM SI 20241206 PS;SIMPLE_INSTRUMENT;EFS;EUR;103;119.01000000;851;EXCHANGE_LAST;;1;1;XEUR;10804525;689;
22.10.2024;14:15:22.363;FGBM SI 20241206 PS;SIMPLE_INSTRUMENT;EFS;EUR;104;118.99000000;851;EXCHANGE_LAST;;1;1;XEUR;10804525;689;
22.10.2024;14:27:52.955;FGBM SI 20241206 PS;SIMPLE_INSTRUMENT;EFS;EUR;105;119.08000000;3432;EXCHANGE_LAST;;1;1;XEUR;10804525;689;
22.10.2024;14:29:23.803;FGBM SI 20241206 PS;SIMPLE_INSTRUMENT;EFS;EUR;106;118.98000000;429;EXCHANGE_LAST;;1;1;XEUR;10804525;689;
22.10.2024;14:33:40.975;FGBM SI 20241206 PS;SIMPLE_INSTRUMENT;EFP_FIN;EUR;107;119.00000000;269;EXCHANGE_LAST;;1;1;XEUR;10804525;689;
22.10.2024;14:37:35.361;FGBM SI 20241206 PS;SIMPLE_INSTRUMENT;EFS;EUR;108;118.93000000;425;EXCHANGE_LAST;;1;1;XEUR;10804525;689;
22.10.2024;14:43:02.001;FGBM SI 20241206 PS;SIMPLE_INSTRUMENT;EFS;EUR;109;118.98000000;858;EXCHANGE_LAST;;1;1;XEUR;10804525;689;
22.10.2024;14:44:08.561;FGBM SI 20241206 PS;SIMPLE_INSTRUMENT;EFS;EUR;110;118.90000000;425;EXCHANGE_LAST;;1;1;XEUR;10804525;689;
22.10.2024;14:50:52.094;FGBM SI 20241206 PS;SIMPLE_INSTRUMENT;EFP_FIN;EUR;111;118.90000000;435;EXCHANGE_LAST;;1;1;XEUR;10804525;689;
22.10.2024;14:57:09.218;FGBM SI 20241206 PS;SIMPLE_INSTRUMENT;EFP_FIN;EUR;112;118.89000000;192;EXCHANGE_LAST;;1;1;XEUR;10804525;689;
22.10.2024;15:00:53.039;FGBM SI 20241206 PS;SIMPLE_INSTRUMENT;EFS;EUR;113;118.91000000;425;EXCHANGE_LAST;;1;1;XEUR;10804525;689;
22.10.2024;15:01:53.314;FGBM SI 20241206 PS;SIMPLE_INSTRUMENT;EFS;EUR;114;118.92000000;849;EXCHANGE_LAST;;1;1;XEUR;10804525;689;
22.10.2024;15:04:42.579;FGBM SI 20241206 PS;SIMPLE_INSTRUMENT;EFS;EUR;115;118.93000000;928;EXCHANGE_LAST;;1;1;XEUR;10804525;689;
22.10.2024;15:11:44.935;FGBM SI 20241206 PS;SIMPLE_INSTRUMENT;EFS;EUR;117;118.93000000;928;EXCHANGE_LAST;;1;1;XEUR;10804525;689;
22.10.2024;15:18:10.015;FGBM SI 20241206 PS;SIMPLE_INSTRUMENT;EFS;EUR;118;118.76000000;425;EXCHANGE_LAST;;1;1;XEUR;10804525;689;
22.10.2024;15:25:35.453;FGBM SI 20241206 PS;SIMPLE_INSTRUMENT;EFP_FIN;EUR;119;118.89000000;180;EXCHANGE_LAST;;1;1;XEUR;10804525;689;
22.10.2024;15:27:14.297;FGBM SI 20241206 PS;SIMPLE_INSTRUMENT;EFS;EUR;120;118.86000000;852;EXCHANGE_LAST;;1;1;XEUR;10804525;689;
22.10.2024;15:28:49.374;FGBM SI 20241206 PS;SIMPLE_INSTRUMENT;EFS;EUR;121;118.86000000;852;EXCHANGE_LAST;;1;1;XEUR;10804525;689;
22.10.2024;15:28:59.386;FGBM SI 20241206 PS;SIMPLE_INSTRUMENT;EFS;EUR;122;118.86000000;852;EXCHANGE_LAST;;1;1;XEUR;10804525;689;
22.10.2024;15:38:49.166;FGBM SI 20241206 PS;SIMPLE_INSTRUMENT;EFP_FIN;EUR;123;118.85000000;535;EXCHANGE_LAST;;1;1;XEUR;10804525;689;
22.10.2024;15:39:06.244;FGBM SI 20241206 PS;SIMPLE_INSTRUMENT;EFS;EUR;124;118.85000000;619;EXCHANGE_LAST;;1;1;XEUR;10804525;689;
22.10.2024;15:40:05.429;FGBM SI 20241206 PS;SIMPLE_INSTRUMENT;EFP_FIN;EUR;125;118.84000000;214;EXCHANGE_LAST;;1;1;XEUR;10804525;689;
22.10.2024;15:42:27.706;FGBM SI 20241206 PS;SIMPLE_INSTRUMENT;EFP_FIN;EUR;126;118.84000000;1285;EXCHANGE_LAST;;1;1;XEUR;10804525;689;
22.10.2024;15:53:28.538;FGBM SI 20241206 PS;SIMPLE_INSTRUMENT;BLOCK;EUR;127;118.85000000;3716;EXCHANGE_LAST;;1;1;XEUR;10804525;689;
22.10.2024;15:55:19.929;FGBM SI 20241206 PS;SIMPLE_INSTRUMENT;EFS;EUR;128;118.86000000;860;EXCHANGE_LAST;;1;1;XEUR;10804525;689;
22.10.2024;16:07:06.343;FGBM SI 20241206 PS;SIMPLE_INSTRUMENT;EFS;EUR;129;118.84000000;2500;EXCHANGE_LAST;;1;1;XEUR;10804525;689;
22.10.2024;16:19:34.618;FGBM SI 20241206 PS;SIMPLE_INSTRUMENT;EFS;EUR;130;118.84000000;430;EXCHANGE_LAST;;1;1;XEUR;10804525;689;
22.10.2024;16:20:11.621;FGBM SI 20241206 PS;SIMPLE_INSTRUMENT;EFS;EUR;131;118.84000000;430;EXCHANGE_LAST;;1;1;XEUR;10804525;689;
22.10.2024;16:23:58.651;FGBM SI 20241206 PS;SIMPLE_INSTRUMENT;EFS;EUR;132;118.90000000;371;EXCHANGE_LAST;;1;1;XEUR;10804525;689;
22.10.2024;16:58:08.226;FGBM SI 20241206 PS;SIMPLE_INSTRUMENT;BLOCK;EUR;133;118.80000000;3500;EXCHANGE_LAST;;1;1;XEUR;10804525;689;
22.10.2024;08:13:28.950;FGBM SI 20241206 PS;SIMPLE_INSTRUMENT;VOLA;EUR;268435481;118.85000000;1150;EXCHANGE_LAST;;1;1;XEUR;10804525;689;
22.10.2024;06:56:59.932;FGBS SI 20241206 PS;SIMPLE_INSTRUMENT;EFP_FIN;EUR;1;106.83000000;523;EXCHANGE_LAST;;1;1;XEUR;10804527;690;
22.10.2024;06:58:12.841;FGBS SI 20241206 PS;SIMPLE_INSTRUMENT;EFP_FIN;EUR;2;106.83000000;757;EXCHANGE_LAST;;1;1;XEUR;10804527;690;
22.10.2024;07:07:51.869;FGBS SI 20241206 PS;SIMPLE_INSTRUMENT;EFP_FIN;EUR;3;106.83000000;851;EXCHANGE_LAST;;1;1;XEUR;10804527;690;
22.10.2024;07:09:19.348;FGBS SI 20241206 PS;SIMPLE_INSTRUMENT;EFP_FIN;EUR;4;106.83000000;523;EXCHANGE_LAST;;1;1;XEUR;10804527;690;
22.10.2024;07:22:36.414;FGBS SI 20241206 PS;SIMPLE_INSTRUMENT;EFS;EUR;5;106.84000000;2512;EXCHANGE_LAST;;1;1;XEUR;10804527;690;
22.10.2024;07:23:11.648;FGBS SI 20241206 PS;SIMPLE_INSTRUMENT;EFS;EUR;6;106.84500000;2718;EXCHANGE_LAST;;1;1;XEUR;10804527;690;
22.10.2024;07:47:17.951;FGBS SI 20241206 PS;SIMPLE_INSTRUMENT;EFS;EUR;8;106.81500000;827;EXCHANGE_LAST;;1;1;XEUR;10804527;690;
22.10.2024;07:49:26.822;FGBS SI 20241206 PS;SIMPLE_INSTRUMENT;EFS;EUR;9;106.81500000;1179;EXCHANGE_LAST;;1;1;XEUR;10804527;690;
22.10.2024;07:55:29.238;FGBS SI 20241206 PS;SIMPLE_INSTRUMENT;EFP_FIN;EUR;10;106.83000000;262;EXCHANGE_LAST;;1;1;XEUR;10804527;690;
22.10.2024;07:55:48.036;FGBS SI 20241206 PS;SIMPLE_INSTRUMENT;EFP_FIN;EUR;11;106.83000000;262;EXCHANGE_LAST;;1;1;XEUR;10804527;690;
22.10.2024;07:56:17.201;FGBS SI 20241206 PS;SIMPLE_INSTRUMENT;EFP_FIN;EUR;12;106.83000000;524;EXCHANGE_LAST;;1;1;XEUR;10804527;690;
22.10.2024;08:26:01.684;FGBS SI 20241206 PS;SIMPLE_INSTRUMENT;EFS;EUR;13;106.81500000;1364;EXCHANGE_LAST;;1;1;XEUR;10804527;690;
22.10.2024;08:33:12.141;FGBS SI 20241206 PS;SIMPLE_INSTRUMENT;EFS;EUR;14;106.82000000;4079;EXCHANGE_LAST;;1;1;XEUR;10804527;690;
22.10.2024;08:36:21.502;FGBS SI 20241206 PS;SIMPLE_INSTRUMENT;EFP_FIN;EUR;15;106.80500000;1892;EXCHANGE_LAST;;1;1;XEUR;10804527;690;
22.10.2024;08:37:47.157;FGBS SI 20241206 PS;SIMPLE_INSTRUMENT;EFS;EUR;16;106.81000000;2513;EXCHANGE_LAST;;1;1;XEUR;10804527;690;
22.10.2024;08:40:20.625;FGBS SI 20241206 PS;SIMPLE_INSTRUMENT;EFS;EUR;17;106.82000000;4079;EXCHANGE_LAST;;1;1;XEUR;10804527;690;
22.10.2024;08:44:39.816;FGBS SI 20241206 PS;SIMPLE_INSTRUMENT;EFP_FIN;EUR;18;106.81000000;261;EXCHANGE_LAST;;1;1;XEUR;10804527;690;
22.10.2024;08:45:07.688;FGBS SI 20241206 PS;SIMPLE_INSTRUMENT;EFP_FIN;EUR;19;106.81000000;1892;EXCHANGE_LAST;;1;1;XEUR;10804527;690;
22.10.2024;08:48:13.928;FGBS SI 20241206 PS;SIMPLE_INSTRUMENT;EFS;EUR;20;106.81000000;2511;EXCHANGE_LAST;;1;1;XEUR;10804527;690;
22.10.2024;08:52:09.576;FGBS SI 20241206 PS;SIMPLE_INSTRUMENT;EFP_FIN;EUR;21;106.80000000;323;EXCHANGE_LAST;;1;1;XEUR;10804527;690;
22.10.2024;08:54:00.781;FGBS SI 20241206 PS;SIMPLE_INSTRUMENT;EFP_FIN;EUR;22;106.80000000;946;EXCHANGE_LAST;;1;1;XEUR;10804527;690;
22.10.2024;08:57:58.220;FGBS SI 20241206 PS;SIMPLE_INSTRUMENT;EFP_FIN;EUR;23;106.80000000;323;EXCHANGE_LAST;;1;1;XEUR;10804527;690;
22.10.2024;08:59:01.184;FGBS SI 20241206 PS;SIMPLE_INSTRUMENT;EFP_FIN;EUR;24;106.80000000;946;EXCHANGE_LAST;;1;1;XEUR;10804527;690;
22.10.2024;09:08:51.590;FGBS SI 20241206 PS;SIMPLE_INSTRUMENT;EFS;EUR;25;106.80000000;2492;EXCHANGE_LAST;;1;1;XEUR;10804527;690;
22.10.2024;09:26:29.761;FGBS SI 20241206 PS;SIMPLE_INSTRUMENT;EFP_FIN;EUR;26;106.81000000;524;EXCHANGE_LAST;;1;1;XEUR;10804527;690;
22.10.2024;09:30:50.604;FGBS SI 20241206 PS;SIMPLE_INSTRUMENT;EFS;EUR;27;106.81500000;1199;EXCHANGE_LAST;;1;1;XEUR;10804527;690;
22.10.2024;09:42:56.608;FGBS SI 20241206 PS;SIMPLE_INSTRUMENT;EFS;EUR;28;106.81500000;5427;EXCHANGE_LAST;;1;1;XEUR;10804527;690;
22.10.2024;10:16:00.761;FGBS SI 20241206 PS;SIMPLE_INSTRUMENT;EFP_FIN;EUR;29;106.81500000;1409;EXCHANGE_LAST;;1;1;XEUR;10804527;690;
22.10.2024;10:18:27.256;FGBS SI 20241206 PS;SIMPLE_INSTRUMENT;EFP_FIN;EUR;30;106.81000000;524;EXCHANGE_LAST;;1;1;XEUR;10804527;690;
22.10.2024;10:36:57.379;FGBS SI 20241206 PS;SIMPLE_INSTRUMENT;EFS;EUR;31;106.80000000;1632;EXCHANGE_LAST;;1;1;XEUR;10804527;690;
22.10.2024;10:39:34.266;FGBS SI 20241206 PS;SIMPLE_INSTRUMENT;EFP_FIN;EUR;32;106.79500000;601;EXCHANGE_LAST;;1;1;XEUR;10804527;690;
22.10.2024;10:43:10.692;FGBS SI 20241206 PS;SIMPLE_INSTRUMENT;EFS;EUR;33;106.79000000;10881;EXCHANGE_LAST;;1;1;XEUR;10804527;690;
22.10.2024;10:43:50.787;FGBS SI 20241206 PS;SIMPLE_INSTRUMENT;EFS;EUR;34;106.80000000;502;EXCHANGE_LAST;;1;1;XEUR;10804527;690;
22.10.2024;10:58:52.222;FGBS SI 20241206 PS;SIMPLE_INSTRUMENT;EFS;EUR;35;106.81000000;5008;EXCHANGE_LAST;;1;1;XEUR;10804527;690;
22.10.2024;11:48:15.334;FGBS SI 20241206 PS;SIMPLE_INSTRUMENT;EFS;EUR;36;106.77000000;6122;EXCHANGE_LAST;;1;1;XEUR;10804527;690;
22.10.2024;11:51:17.162;FGBS SI 20241206 PS;SIMPLE_INSTRUMENT;EFS;EUR;37;106.79000000;5435;EXCHANGE_LAST;;1;1;XEUR;10804527;690;
22.10.2024;11:52:05.373;FGBS SI 20241206 PS;SIMPLE_INSTRUMENT;EFP_FIN;EUR;38;106.79000000;473;EXCHANGE_LAST;;1;1;XEUR;10804527;690;
22.10.2024;11:56:58.694;FGBS SI 20241206 PS;SIMPLE_INSTRUMENT;EFP_FIN;EUR;39;106.78000000;1680;EXCHANGE_LAST;;1;1;XEUR;10804527;690;
22.10.2024;12:06:31.661;FGBS SI 20241206 PS;SIMPLE_INSTRUMENT;EFP_FIN;EUR;40;106.79000000;1569;EXCHANGE_LAST;;1;1;XEUR;10804527;690;
22.10.2024;12:08:40.268;FGBS SI 20241206 PS;SIMPLE_INSTRUMENT;EFS;EUR;41;106.79000000;1360;EXCHANGE_LAST;;1;1;XEUR;10804527;690;
22.10.2024;12:21:48.570;FGBS SI 20241206 PS;SIMPLE_INSTRUMENT;EFS;EUR;42;106.81500000;5438;EXCHANGE_LAST;;1;1;XEUR;10804527;690;
22.10.2024;12:23:04.373;FGBS SI 20241206 PS;SIMPLE_INSTRUMENT;EFS;EUR;43;106.82000000;2719;EXCHANGE_LAST;;1;1;XEUR;10804527;690;
22.10.2024;12:23:43.850;FGBS SI 20241206 PS;SIMPLE_INSTRUMENT;BLOCK;EUR;44;106.81000000;4079;EXCHANGE_LAST;;1;1;XEUR;10804527;690;
22.10.2024;12:28:42.391;FGBS SI 20241206 PS;SIMPLE_INSTRUMENT;EFP_FIN;EUR;45;106.82000000;253;EXCHANGE_LAST;;1;1;XEUR;10804527;690;
22.10.2024;12:28:30.728;FGBS SI 20241206 PS;SIMPLE_INSTRUMENT;EFS;EUR;46;106.81500000;4079;EXCHANGE_LAST;;1;1;XEUR;10804527;690;
22.10.2024;12:29:06.999;FGBS SI 20241206 PS;SIMPLE_INSTRUMENT;EFP_FIN;EUR;47;106.82000000;375;EXCHANGE_LAST;;1;1;XEUR;10804527;690;
22.10.2024;12:34:15.616;FGBS SI 20241206 PS;SIMPLE_INSTRUMENT;EFP_FIN;EUR;48;106.80000000;323;EXCHANGE_LAST;;1;1;XEUR;10804527;690;
22.10.2024;12:40:32.485;FGBS SI 20241206 PS;SIMPLE_INSTRUMENT;EFS;EUR;49;106.81000000;1659;EXCHANGE_LAST;;1;1;XEUR;10804527;690;
22.10.2024;12:49:32.334;FGBS SI 20241206 PS;SIMPLE_INSTRUMENT;EFP_FIN;EUR;50;106.82000000;1702;EXCHANGE_LAST;;1;1;XEUR;10804527;690;
22.10.2024;13:08:30.539;FGBS SI 20241206 PS;SIMPLE_INSTRUMENT;EFS;EUR;51;106.85500000;1359;EXCHANGE_LAST;;1;1;XEUR;10804527;690;
22.10.2024;13:14:34.862;FGBS SI 20241206 PS;SIMPLE_INSTRUMENT;EFS;EUR;52;106.84000000;235;EXCHANGE_LAST;;1;1;XEUR;10804527;690;
22.10.2024;13:20:15.484;FGBS SI 20241206 PS;SIMPLE_INSTRUMENT;EFS;EUR;53;106.83000000;4078;EXCHANGE_LAST;;1;1;XEUR;10804527;690;
22.10.2024;13:28:14.536;FGBS SI 20241206 PS;SIMPLE_INSTRUMENT;EFS;EUR;54;106.85000000;235;EXCHANGE_LAST;;1;1;XEUR;10804527;690;
22.10.2024;13:35:06.824;FGBS SI 20241206 PS;SIMPLE_INSTRUMENT;EFS;EUR;55;106.83000000;2515;EXCHANGE_LAST;;1;1;XEUR;10804527;690;
22.10.2024;13:38:39.924;FGBS SI 20241206 PS;SIMPLE_INSTRUMENT;EFS;EUR;56;106.84500000;5438;EXCHANGE_LAST;;1;1;XEUR;10804527;690;
22.10.2024;13:51:02.533;FGBS SI 20241206 PS;SIMPLE_INSTRUMENT;EFS;EUR;57;106.89500000;4981;EXCHANGE_LAST;;1;1;XEUR;10804527;690;
22.10.2024;13:57:11.605;FGBS SI 20241206 PS;SIMPLE_INSTRUMENT;EFS;EUR;58;106.85000000;12542;EXCHANGE_LAST;;1;1;XEUR;10804527;690;
22.10.2024;13:57:46.398;FGBS SI 20241206 PS;SIMPLE_INSTRUMENT;EFS;EUR;59;106.89500000;3769;EXCHANGE_LAST;;1;1;XEUR;10804527;690;
22.10.2024;13:59:34.866;FGBS SI 20241206 PS;SIMPLE_INSTRUMENT;EFS;EUR;60;106.88500000;3768;EXCHANGE_LAST;;1;1;XEUR;10804527;690;
22.10.2024;14:04:12.881;FGBS SI 20241206 PS;SIMPLE_INSTRUMENT;EFS;EUR;61;106.88500000;2173;EXCHANGE_LAST;;1;1;XEUR;10804527;690;
22.10.2024;14:05:13.717;FGBS SI 20241206 PS;SIMPLE_INSTRUMENT;EFS;EUR;62;106.89000000;286;EXCHANGE_LAST;;1;1;XEUR;10804527;690;
22.10.2024;14:10:44.218;FGBS SI 20241206 PS;SIMPLE_INSTRUMENT;EFP_FIN;EUR;63;106.89000000;264;EXCHANGE_LAST;;1;1;XEUR;10804527;690;
22.10.2024;14:18:37.706;FGBS SI 20241206 PS;SIMPLE_INSTRUMENT;BLOCK;EUR;65;106.86500000;12576;EXCHANGE_LAST;;1;1;XEUR;10804527;690;
22.10.2024;14:20:50.597;FGBS SI 20241206 PS;SIMPLE_INSTRUMENT;EFP_FIN;EUR;66;106.88000000;1420;EXCHANGE_LAST;;1;1;XEUR;10804527;690;
22.10.2024;14:22:20.603;FGBS SI 20241206 PS;SIMPLE_INSTRUMENT;EFP_FIN;EUR;67;106.88000000;710;EXCHANGE_LAST;;1;1;XEUR;10804527;690;
22.10.2024;14:22:32.604;FGBS SI 20241206 PS;SIMPLE_INSTRUMENT;EFP_FIN;EUR;68;106.88000000;568;EXCHANGE_LAST;;1;1;XEUR;10804527;690;
22.10.2024;14:26:24.949;FGBS SI 20241206 PS;SIMPLE_INSTRUMENT;EFS;EUR;69;106.89000000;10057;EXCHANGE_LAST;;1;1;XEUR;10804527;690;
22.10.2024;15:00:00.101;FGBS SI 20241206 PS;SIMPLE_INSTRUMENT;EFP_FIN;EUR;71;106.87000000;481;EXCHANGE_LAST;;1;1;XEUR;10804527;690;
22.10.2024;15:24:32.969;FGBS SI 20241206 PS;SIMPLE_INSTRUMENT;EFP_FIN;EUR;72;106.83000000;236;EXCHANGE_LAST;;1;1;XEUR;10804527;690;
22.10.2024;15:37:33.548;FGBS SI 20241206 PS;SIMPLE_INSTRUMENT;EFS;EUR;73;106.80500000;2515;EXCHANGE_LAST;;1;1;XEUR;10804527;690;
22.10.2024;15:38:42.245;FGBS SI 20241206 PS;SIMPLE_INSTRUMENT;EFS;EUR;74;106.80500000;2178;EXCHANGE_LAST;;1;1;XEUR;10804527;690;
22.10.2024;15:41:33.442;FGBS SI 20241206 PS;SIMPLE_INSTRUMENT;EFS;EUR;75;106.80000000;2000;EXCHANGE_LAST;;1;1;XEUR;10804527;690;
22.10.2024;15:53:47.540;FGBS SI 20241206 PS;SIMPLE_INSTRUMENT;BLOCK;EUR;76;106.80000000;10879;EXCHANGE_LAST;;1;1;XEUR;10804527;690;
22.10.2024;15:58:25.027;FGBS SI 20241206 PS;SIMPLE_INSTRUMENT;EFS;EUR;77;106.80000000;2517;EXCHANGE_LAST;;1;1;XEUR;10804527;690;
22.10.2024;07:45:15.061;FGBX SI 20241206 PS;SIMPLE_INSTRUMENT;EFS;EUR;2;131.40000000;102;EXCHANGE_LAST;;1;1;XEUR;10804526;691;
22.10.2024;08:45:51.874;FGBX SI 20241206 PS;SIMPLE_INSTRUMENT;EFP_FIN;EUR;5;131.36000000;74;EXCHANGE_LAST;;1;1;XEUR;10804526;691;
22.10.2024;08:49:07.445;FGBX SI 20241206 PS;SIMPLE_INSTRUMENT;EFS;EUR;6;131.66000000;551;EXCHANGE_LAST;;1;1;XEUR;10804526;691;
22.10.2024;08:56:59.270;FGBX SI 20241206 PS;SIMPLE_INSTRUMENT;EFP_FIN;EUR;7;131.30000000;370;EXCHANGE_LAST;;1;1;XEUR;10804526;691;
22.10.2024;09:02:00.321;FGBX SI 20241206 PS;SIMPLE_INSTRUMENT;EFS;EUR;8;131.36000000;18;EXCHANGE_LAST;;1;1;XEUR;10804526;691;
22.10.2024;09:03:22.751;FGBX SI 20241206 PS;SIMPLE_INSTRUMENT;EFP_FIN;EUR;9;131.42000000;56;EXCHANGE_LAST;;1;1;XEUR;10804526;691;
22.10.2024;09:18:01.835;FGBX SI 20241206 PS;SIMPLE_INSTRUMENT;EFP_FIN;EUR;10;131.44000000;507;EXCHANGE_LAST;;1;1;XEUR;10804526;691;
22.10.2024;09:23:08.622;FGBX SI 20241206 PS;SIMPLE_INSTRUMENT;EFS;EUR;11;131.38000000;34;EXCHANGE_LAST;;1;1;XEUR;10804526;691;
22.10.2024;10:07:05.760;FGBX SI 20241206 PS;SIMPLE_INSTRUMENT;EFP_FIN;EUR;19;131.32000000;74;EXCHANGE_LAST;;1;1;XEUR;10804526;691;
22.10.2024;10:38:57.607;FGBX SI 20241206 PS;SIMPLE_INSTRUMENT;EFS;EUR;20;131.20000000;366;EXCHANGE_LAST;;1;1;XEUR;10804526;691;
22.10.2024;10:55:03.625;FGBX SI 20241206 PS;SIMPLE_INSTRUMENT;EFS;EUR;21;131.26000000;200;EXCHANGE_LAST;;1;1;XEUR;10804526;691;
22.10.2024;11:41:39.956;FGBX SI 20241206 PS;SIMPLE_INSTRUMENT;EFS;EUR;24;131.58000000;200;EXCHANGE_LAST;;1;1;XEUR;10804526;691;
22.10.2024;11:50:23.325;FGBX SI 20241206 PS;SIMPLE_INSTRUMENT;EFP_FIN;EUR;25;131.54000000;55;EXCHANGE_LAST;;1;1;XEUR;10804526;691;
22.10.2024;13:13:52.996;FGBX SI 20241206 PS;SIMPLE_INSTRUMENT;EFP_FIN;EUR;27;131.68000000;151;EXCHANGE_LAST;;1;1;XEUR;10804526;691;
22.10.2024;13:15:48.375;FGBX SI 20241206 PS;SIMPLE_INSTRUMENT;EFP_FIN;EUR;28;131.84000000;166;EXCHANGE_LAST;;1;1;XEUR;10804526;691;
22.10.2024;14:14:29.911;FGBX SI 20241206 PS;SIMPLE_INSTRUMENT;EFP_FIN;EUR;31;131.80000000;51;EXCHANGE_LAST;;1;1;XEUR;10804526;691;
22.10.2024;14:52:44.431;FGBX SI 20241206 PS;SIMPLE_INSTRUMENT;EFS;EUR;32;132.04000000;165;EXCHANGE_LAST;;1;1;XEUR;10804526;691;
22.10.2024;16:00:33.401;FGBX SI 20241206 PS;SIMPLE_INSTRUMENT;EFS;EUR;33;131.60000000;276;EXCHANGE_LAST;;1;1;XEUR;10804526;691;
22.10.2024;07:59:07.918;FGBX SI 20241206 PS;SIMPLE_INSTRUMENT;VOLA;EUR;268435475;131.44000000;214;EXCHANGE_LAST;;1;1;XEUR;10804526;691;
22.10.2024;10:02:23.330;FGBX SI 20241206 PS;SIMPLE_INSTRUMENT;VOLA;EUR;268435518;131.40000000;140;EXCHANGE_LAST;;1;1;XEUR;10804526;691;
22.10.2024;13:52:53.621;FIA5 SI 20241219 PS AM P 12.00 0;SIMPLE_INSTRUMENT;BLOCK;EUR;14;0.74000000;2000;EXCHANGE_LAST;;1;1;XEUR;8767640;48227;
22.10.2024;13:33:15.443;FIN SI 20251219 PS AM P 48.00 0;SIMPLE_INSTRUMENT;BLOCK;CHF;42;2.88000000;400;EXCHANGE_LAST;;1;1;XEUR;10405635;671;
22.10.2024;03:40:53.953;FMAU SI 20241220 CS;SIMPLE_INSTRUMENT;BLOCK;USD;8;6079.68200000;269;EXCHANGE_LAST;;1;2;XEUR;7192605;45287;
22.10.2024;15:46:13.766;FMCP SI 20241220 CS;SIMPLE_INSTRUMENT;EFP_IDX;EUR;42;544.60000000;141;EXCHANGE_LAST;;1;1;XEUR;10838961;662;
22.10.2024;15:46:30.334;FMCP SI 20241220 CS;SIMPLE_INSTRUMENT;EFP_IDX;EUR;43;544.50000000;35;EXCHANGE_LAST;;1;1;XEUR;10838961;662;
22.10.2024;15:48:28.328;FMCP SI 20241220 CS;SIMPLE_INSTRUMENT;BLOCK;EUR;46;544.50000000;507;EXCHANGE_LAST;;1;1;XEUR;10838961;662;
22.10.2024;15:48:50.452;FMCP SI 20241220 CS;SIMPLE_INSTRUMENT;BLOCK;EUR;47;544.60000000;761;EXCHANGE_LAST;;1;1;XEUR;10838961;662;
22.10.2024;00:29:37.700;FMEA SI 20241220 CS;SIMPLE_INSTRUMENT;BLOCK;USD;1;735.62500000;162;EXCHANGE_LAST;;1;1;XEUR;7191938;12395;
22.10.2024;06:53:36.814;FMES SI 20241220 CS;SIMPLE_INSTRUMENT;BLOCK;EUR;18;572.31200000;18;EXCHANGE_LAST;;1;1;XEUR;7194760;221291;
22.10.2024;06:59:02.524;FMES SI 20241220 CS;SIMPLE_INSTRUMENT;EFP_IDX;EUR;20;572.31200000;7;EXCHANGE_LAST;;1;1;XEUR;7194760;221291;
22.10.2024;10:46:20.987;FMGC SI 20241220 CS;SIMPLE_INSTRUMENT;BLOCK;USD;34;12972.41000000;17;EXCHANGE_LAST;;1;1;XEUR;7193447;48916;
22.10.2024;07:30:48.719;FMGM SI 20241220 CS;SIMPLE_INSTRUMENT;BLOCK;USD;21;4789.06000000;215;EXCHANGE_LAST;;1;1;XEUR;8609377;583626;
22.10.2024;06:40:23.145;FMGO SI 20241220 CS;SIMPLE_INSTRUMENT;EFP_IDX;USD;14;5332.47000000;971;EXCHANGE_LAST;;1;1;XEUR;8609363;583623;
22.10.2024;13:43:01.383;FMGO SI 20241220 CS;SIMPLE_INSTRUMENT;BLOCK;USD;35;5274.25000000;50;EXCHANGE_LAST;;1;1;XEUR;8609363;583623;
22.10.2024;07:35:38.524;FMGQ SI 20241220 CS;SIMPLE_INSTRUMENT;EFP_IDX;USD;22;5175.18000000;72;EXCHANGE_LAST;;1;1;XEUR;8609380;583625;
22.10.2024;07:37:10.552;FMGQ SI 20241220 CS;SIMPLE_INSTRUMENT;BLOCK;USD;23;5174.64000000;487;EXCHANGE_LAST;;1;1;XEUR;8609380;583625;
22.10.2024;06:32:07.159;FMGS SI 20241220 CS;SIMPLE_INSTRUMENT;BLOCK;USD;13;26817.89100000;545;EXCHANGE_LAST;;1;1;XEUR;7193445;48912;
22.10.2024;15:45:08.859;FMGS SI 20241220 CS;SIMPLE_INSTRUMENT;BLOCK;USD;38;26740.00000000;374;EXCHANGE_LAST;;1;1;XEUR;7193445;48912;
22.10.2024;15:45:36.692;FMGS SI 20250321 CS;SIMPLE_INSTRUMENT;BLOCK;USD;39;27100.99000000;369;EXCHANGE_LAST;;1;1;XEUR;7590768;48912;
22.10.2024;16:19:15.326;FMGS SI 20241220 CS;SIMPLE_INSTRUMENT;BLOCK;USD;46;26740.00000000;187;EXCHANGE_LAST;;1;1;XEUR;7193445;48912;
22.10.2024;16:19:33.647;FMGS SI 20250321 CS;SIMPLE_INSTRUMENT;BLOCK;USD;47;27100.99000000;185;EXCHANGE_LAST;;1;1;XEUR;7590768;48912;
22.10.2024;07:54:35.285;FMHK SI 20241220 CS;SIMPLE_INSTRUMENT;BLOCK;USD;24;59670.00000000;11;EXCHANGE_LAST;;1;1;XEUR;7192592;45282;
22.10.2024;02:05:48.385;FMIN SI 20241220 CS;SIMPLE_INSTRUMENT;BLOCK;USD;2;1348.23300000;38;EXCHANGE_LAST;;1;1;XEUR;7191968;12404;
22.10.2024;02:24:13.736;FMIN SI 20241220 CS;SIMPLE_INSTRUMENT;BLOCK;USD;4;1348.63600000;75;EXCHANGE_LAST;;1;1;XEUR;7191968;12404;
22.10.2024;02:26:05.488;FMIN SI 20241220 CS;SIMPLE_INSTRUMENT;BLOCK;USD;6;1348.77000000;15;EXCHANGE_LAST;;1;1;XEUR;7191968;12404;
22.10.2024;03:24:22.870;FMIN SI 20241220 CS;SIMPLE_INSTRUMENT;EFP_IDX;USD;7;1348.23100000;5;EXCHANGE_LAST;;1;1;XEUR;7191968;12404;
22.10.2024;09:26:26.869;FMJP SI 20241220 CS;SIMPLE_INSTRUMENT;BLOCK;USD;30;8610.00000000;300;EXCHANGE_LAST;;1;1;XEUR;7190889;661;
22.10.2024;09:26:13.602;FMJP SI 20250321 CS;SIMPLE_INSTRUMENT;BLOCK;USD;31;8718.91700000;296;EXCHANGE_LAST;;1;1;XEUR;7588794;661;
22.10.2024;06:43:32.939;FMKW SI 20241220 CS;SIMPLE_INSTRUMENT;EFP_IDX;USD;4;1549.53400000;2;EXCHANGE_LAST;;1;1;XEUR;7194775;221298;
22.10.2024;15:40:16.538;FMKW SI 20241220 CS;SIMPLE_INSTRUMENT;EFP_IDX;USD;6;1545.77000000;10;EXCHANGE_LAST;;1;1;XEUR;7194775;221298;
22.10.2024;06:50:54.401;FMOG SI 20241220 CS;SIMPLE_INSTRUMENT;EFP_IDX;USD;16;11623.24000000;498;EXCHANGE_LAST;;1;1;XEUR;7193554;51877;
22.10.2024;15:35:43.334;FMSA SI 20241220 CS;SIMPLE_INSTRUMENT;EFP_IDX;USD;37;1785.79000000;35;EXCHANGE_LAST;;1;1;XEUR;7194630;134861;
22.10.2024;06:55:16.786;FMSC SI 20241220 CS;SIMPLE_INSTRUMENT;BLOCK;USD;19;725.31400000;120;EXCHANGE_LAST;;1;1;XEUR;7194781;221303;
22.10.2024;00:37:25.882;FMTW SI 20241220 CS;SIMPLE_INSTRUMENT;BLOCK;USD;1;869.96600000;345;EXCHANGE_LAST;;1;1;XEUR;7193559;51884;
22.10.2024;02:04:26.143;FMTW SI 20241220 CS;SIMPLE_INSTRUMENT;BLOCK;USD;2;869.96200000;173;EXCHANGE_LAST;;1;1;XEUR;7193559;51884;
22.10.2024;02:05:13.391;FMTW SI 20241220 CS;SIMPLE_INSTRUMENT;BLOCK;USD;3;869.79000000;520;EXCHANGE_LAST;;1;1;XEUR;7193559;51884;
22.10.2024;07:54:42.315;FMTW SI 20241220 CS;SIMPLE_INSTRUMENT;BLOCK;USD;5;869.96600000;100;EXCHANGE_LAST;;1;1;XEUR;7193559;51884;
22.10.2024;06:00:56.889;FMWN SI 20241220 CS;SIMPLE_INSTRUMENT;BLOCK;EUR;9;561.25600000;1340;EXCHANGE_LAST;;1;1;XEUR;7192300;30654;
22.10.2024;06:11:31.794;FMWN SI 20241220 CS;SIMPLE_INSTRUMENT;EFP_IDX;EUR;10;561.33000000;93;EXCHANGE_LAST;;1;1;XEUR;7192300;30654;
22.10.2024;06:50:53.947;FMWN SI 20241220 CS;SIMPLE_INSTRUMENT;BLOCK;EUR;15;561.38000000;300;EXCHANGE_LAST;;1;1;XEUR;7192300;30654;
22.10.2024;09:28:53.755;FMWN SI 20241220 CS;SIMPLE_INSTRUMENT;BLOCK;EUR;32;558.50000000;200;EXCHANGE_LAST;;1;1;XEUR;7192300;30654;
22.10.2024;06:30:46.609;FMWO SI 20241220 CS;SIMPLE_INSTRUMENT;EFP_IDX;USD;11;11912.85000000;158;EXCHANGE_LAST;;1;1;XEUR;7191849;7059;
22.10.2024;06:31:28.671;FMWO SI 20241220 CS;SIMPLE_INSTRUMENT;EFP_IDX;USD;12;11911.45000000;46;EXCHANGE_LAST;;1;1;XEUR;7191849;7059;
22.10.2024;06:51:48.679;FMWO SI 20241220 CS;SIMPLE_INSTRUMENT;EFP_IDX;USD;17;11912.65000000;1150;EXCHANGE_LAST;;1;1;XEUR;7191849;7059;
22.10.2024;14:44:53.446;FMWO SI 20241220 CS;SIMPLE_INSTRUMENT;BLOCK;USD;36;11863.00000000;148;EXCHANGE_LAST;;1;1;XEUR;7191849;7059;
22.10.2024;08:07:14.962;FOAT SI 20241206 PS;SIMPLE_INSTRUMENT;EFP_FIN;EUR;1;125.39000000;269;EXCHANGE_LAST;;1;1;XEUR;10804528;749;
22.10.2024;08:09:17.066;FOAT SI 20241206 PS;SIMPLE_INSTRUMENT;EFS;EUR;2;125.39000000;1044;EXCHANGE_LAST;;1;1;XEUR;10804528;749;
22.10.2024;08:13:31.056;FOAT SI 20241206 PS;SIMPLE_INSTRUMENT;EFP_FIN;EUR;3;125.37000000;415;EXCHANGE_LAST;;1;1;XEUR;10804528;749;
22.10.2024;08:13:43.057;FOAT SI 20241206 PS;SIMPLE_INSTRUMENT;EFP_FIN;EUR;4;125.37000000;415;EXCHANGE_LAST;;1;1;XEUR;10804528;749;
22.10.2024;08:26:09.246;FOAT SI 20241206 PS;SIMPLE_INSTRUMENT;EFP_FIN;EUR;5;125.40000000;958;EXCHANGE_LAST;;1;1;XEUR;10804528;749;
22.10.2024;08:40:50.144;FOAT SI 20241206 PS;SIMPLE_INSTRUMENT;EFP_FIN;EUR;6;125.40000000;2076;EXCHANGE_LAST;;1;1;XEUR;10804528;749;
22.10.2024;08:44:54.898;FOAT SI 20241206 PS;SIMPLE_INSTRUMENT;EFS;EUR;7;125.41000000;522;EXCHANGE_LAST;;1;1;XEUR;10804528;749;
22.10.2024;09:00:56.055;FOAT SI 20241206 PS;SIMPLE_INSTRUMENT;EFS;EUR;8;125.37000000;522;EXCHANGE_LAST;;1;1;XEUR;10804528;749;
22.10.2024;09:10:04.212;FOAT SI 20241206 PS;SIMPLE_INSTRUMENT;EFP_FIN;EUR;9;125.37000000;1661;EXCHANGE_LAST;;1;1;XEUR;10804528;749;
22.10.2024;09:10:50.732;FOAT SI 20241206 PS;SIMPLE_INSTRUMENT;EFP_FIN;EUR;10;125.40000000;106;EXCHANGE_LAST;;1;1;XEUR;10804528;749;
22.10.2024;09:11:19.541;FOAT SI 20241206 PS;SIMPLE_INSTRUMENT;EFP_FIN;EUR;11;125.40000000;147;EXCHANGE_LAST;;1;1;XEUR;10804528;749;
22.10.2024;09:11:40.618;FOAT SI 20241206 PS;SIMPLE_INSTRUMENT;EFP_FIN;EUR;12;125.40000000;323;EXCHANGE_LAST;;1;1;XEUR;10804528;749;
22.10.2024;09:15:47.700;FOAT SI 20241206 PS;SIMPLE_INSTRUMENT;EFP_FIN;EUR;13;125.34000000;191;EXCHANGE_LAST;;1;1;XEUR;10804528;749;
22.10.2024;09:16:24.527;FOAT SI 20241206 PS;SIMPLE_INSTRUMENT;EFS;EUR;14;125.35000000;1043;EXCHANGE_LAST;;1;1;XEUR;10804528;749;
22.10.2024;09:19:16.422;FOAT SI 20241206 PS;SIMPLE_INSTRUMENT;EFP_FIN;EUR;15;125.38000000;1661;EXCHANGE_LAST;;1;1;XEUR;10804528;749;
22.10.2024;09:19:01.001;FOAT SI 20241206 PS;SIMPLE_INSTRUMENT;EFP_FIN;EUR;16;125.35000000;88;EXCHANGE_LAST;;1;1;XEUR;10804528;749;
22.10.2024;09:22:59.199;FOAT SI 20241206 PS;SIMPLE_INSTRUMENT;EFP_FIN;EUR;17;125.34000000;249;EXCHANGE_LAST;;1;1;XEUR;10804528;749;
22.10.2024;09:26:44.039;FOAT SI 20241206 PS;SIMPLE_INSTRUMENT;EFS;EUR;18;125.34000000;522;EXCHANGE_LAST;;1;1;XEUR;10804528;749;
22.10.2024;09:32:14.187;FOAT SI 20241206 PS;SIMPLE_INSTRUMENT;EFS;EUR;19;125.29000000;1044;EXCHANGE_LAST;;1;1;XEUR;10804528;749;
22.10.2024;09:38:51.798;FOAT SI 20241206 PS;SIMPLE_INSTRUMENT;EFP_FIN;EUR;20;125.30000000;57;EXCHANGE_LAST;;1;1;XEUR;10804528;749;
22.10.2024;09:39:19.359;FOAT SI 20241206 PS;SIMPLE_INSTRUMENT;EFP_FIN;EUR;21;125.31000000;775;EXCHANGE_LAST;;1;1;XEUR;10804528;749;
22.10.2024;10:41:57.877;FOAT SI 20241206 PS;SIMPLE_INSTRUMENT;EFP_FIN;EUR;22;125.30000000;236;EXCHANGE_LAST;;1;1;XEUR;10804528;749;
22.10.2024;10:51:17.764;FOAT SI 20241206 PS;SIMPLE_INSTRUMENT;EFS;EUR;23;125.26000000;522;EXCHANGE_LAST;;1;1;XEUR;10804528;749;
22.10.2024;11:11:30.887;FOAT SI 20241206 PS;SIMPLE_INSTRUMENT;BLOCK;EUR;24;125.25000000;365;EXCHANGE_LAST;;1;1;XEUR;10804528;749;
22.10.2024;11:14:40.184;FOAT SI 20241206 PS;SIMPLE_INSTRUMENT;BLOCK;EUR;25;125.26000000;1321;EXCHANGE_LAST;;1;1;XEUR;10804528;749;
22.10.2024;11:15:18.650;FOAT SI 20241206 PS;SIMPLE_INSTRUMENT;EFP_FIN;EUR;26;125.26000000;339;EXCHANGE_LAST;;1;1;XEUR;10804528;749;
22.10.2024;11:23:05.413;FOAT SI 20241206 PS;SIMPLE_INSTRUMENT;BLOCK;EUR;27;125.27000000;522;EXCHANGE_LAST;;1;1;XEUR;10804528;749;
22.10.2024;11:25:25.847;FOAT SI 20241206 PS;SIMPLE_INSTRUMENT;EFP_FIN;EUR;28;125.37000000;166;EXCHANGE_LAST;;1;1;XEUR;10804528;749;
22.10.2024;11:31:59.118;FOAT SI 20241206 PS;SIMPLE_INSTRUMENT;EFP_FIN;EUR;29;125.25000000;415;EXCHANGE_LAST;;1;1;XEUR;10804528;749;
22.10.2024;11:31:52.813;FOAT SI 20241206 PS;SIMPLE_INSTRUMENT;EFP_FIN;EUR;30;125.33000000;830;EXCHANGE_LAST;;1;1;XEUR;10804528;749;
22.10.2024;12:01:51.735;FOAT SI 20241206 PS;SIMPLE_INSTRUMENT;EFP_FIN;EUR;31;125.36000000;249;EXCHANGE_LAST;;1;1;XEUR;10804528;749;
22.10.2024;12:16:41.740;FOAT SI 20241206 PS;SIMPLE_INSTRUMENT;EFP_FIN;EUR;33;125.47000000;84;EXCHANGE_LAST;;1;1;XEUR;10804528;749;
22.10.2024;12:18:38.359;FOAT SI 20241206 PS;SIMPLE_INSTRUMENT;EFP_FIN;EUR;34;125.53000000;514;EXCHANGE_LAST;;1;1;XEUR;10804528;749;
22.10.2024;12:32:33.854;FOAT SI 20241206 PS;SIMPLE_INSTRUMENT;EFP_FIN;EUR;35;125.54000000;415;EXCHANGE_LAST;;1;1;XEUR;10804528;749;
22.10.2024;12:32:53.120;FOAT SI 20241206 PS;SIMPLE_INSTRUMENT;EFP_FIN;EUR;36;125.54000000;415;EXCHANGE_LAST;;1;1;XEUR;10804528;749;
22.10.2024;12:55:40.352;FOAT SI 20241206 PS;SIMPLE_INSTRUMENT;EFP_FIN;EUR;37;125.50000000;830;EXCHANGE_LAST;;1;1;XEUR;10804528;749;
22.10.2024;13:48:16.300;FOAT SI 20241206 PS;SIMPLE_INSTRUMENT;EFP_FIN;EUR;38;125.66000000;524;EXCHANGE_LAST;;1;1;XEUR;10804528;749;
22.10.2024;14:02:58.543;FOAT SI 20241206 PS;SIMPLE_INSTRUMENT;EFP_FIN;EUR;39;125.68000000;194;EXCHANGE_LAST;;1;1;XEUR;10804528;749;
22.10.2024;14:11:31.369;FOAT SI 20241206 PS;SIMPLE_INSTRUMENT;EFP_FIN;EUR;40;125.66000000;87;EXCHANGE_LAST;;1;1;XEUR;10804528;749;
22.10.2024;14:17:51.588;FOAT SI 20241206 PS;SIMPLE_INSTRUMENT;EFP_FIN;EUR;41;125.70000000;415;EXCHANGE_LAST;;1;1;XEUR;10804528;749;
22.10.2024;14:29:58.626;FOAT SI 20241206 PS;SIMPLE_INSTRUMENT;EFP_FIN;EUR;42;125.68000000;194;EXCHANGE_LAST;;1;1;XEUR;10804528;749;
22.10.2024;14:43:45.341;FOAT SI 20241206 PS;SIMPLE_INSTRUMENT;EFP_FIN;EUR;43;125.70000000;881;EXCHANGE_LAST;;1;1;XEUR;10804528;749;
22.10.2024;15:04:46.214;FOAT SI 20241206 PS;SIMPLE_INSTRUMENT;EFP_FIN;EUR;44;125.47000000;1661;EXCHANGE_LAST;;1;1;XEUR;10804528;749;
22.10.2024;15:18:45.262;FOAT SI 20241206 PS;SIMPLE_INSTRUMENT;EFP_FIN;EUR;45;125.50000000;84;EXCHANGE_LAST;;1;1;XEUR;10804528;749;
22.10.2024;15:20:50.137;FOAT SI 20241206 PS;SIMPLE_INSTRUMENT;EFP_FIN;EUR;46;125.46000000;1667;EXCHANGE_LAST;;1;1;XEUR;10804528;749;
22.10.2024;15:34:28.013;FOAT SI 20241206 PS;SIMPLE_INSTRUMENT;EFP_FIN;EUR;47;125.53000000;239;EXCHANGE_LAST;;1;1;XEUR;10804528;749;
22.10.2024;16:05:34.060;FOAT SI 20241206 PS;SIMPLE_INSTRUMENT;EFP_FIN;EUR;49;125.40000000;950;EXCHANGE_LAST;;1;1;XEUR;10804528;749;
22.10.2024;16:53:21.905;FOAT SI 20241206 PS;SIMPLE_INSTRUMENT;EFP_FIN;EUR;50;125.44000000;997;EXCHANGE_LAST;;1;1;XEUR;10804528;749;
22.10.2024;12:05:41.289;FRE.O.241022.BLT.000002;STANDARD_OPTION_STRATEGY;BLOCK;EUR;3;0.59000000;1000;EXCHANGE_LAST;;1;1;XEUR;72060858213104474;760;
22.10.2024;12:05:41.289;FRE SI 20241220 PS AM C 36.00 0;SIMPLE_INSTRUMENT;BLOCK;EUR;3;0.48000000;1000;PRC_DECOMP_EXCHANGE;;;;XEUR;4666026;760;EXCHANGE
