#Date;TrdTime;Contract;ContractType;TrdTyp;Currency;TesId;Prc;Qty;TrdInd;Aggressor;Buy;Sell;Exch;InstrumentId;RelatedProdId;PrcDecomp
18.12.2024;10:04:14.913;1COV SI 20271217 PS AM P 36.00 0;SIMPLE_INSTRUMENT;BLOCK;EUR;1;2.55000000;500;EXCHANGE_LAST;;1;1;XEUR;8812828;48055;
18.12.2024;11:38:34.057;7PIF SI 20241219 CS;SIMPLE_INSTRUMENT;BLOCK;EUR;106;13.74000000;500;EXCHANGE_LAST;;1;1;XEUR;7029747;48299;
18.12.2024;16:31:05.291;A2LV SI 20251219 CS;SIMPLE_INSTRUMENT;BLOCK;EUR;244;15.10000000;100;EXCHANGE_LAST;;2;2;XEUR;3681050;12;
18.12.2024;10:47:59.380;A2SG SI 20261218 CS;SIMPLE_INSTRUMENT;BLOCK;EUR;71;1.44000000;450;EXCHANGE_LAST;;1;1;XEUR;6796964;14;
18.12.2024;09:23:00.609;A2XA SI 20251219 CS;SIMPLE_INSTRUMENT;BLOCK;EUR;21;2.10500000;500;EXCHANGE_LAST;;2;1;XEUR;3681055;17;
18.12.2024;09:32:50.553;ABBG SI 20241220 CS;SIMPLE_INSTRUMENT;BLOCK;CHF;23;51.76000000;3800;EXCHANGE_LAST;;1;1;XEUR;8508601;574520;
18.12.2024;11:54:35.750;ABBN.O.241218.BUL.000004;STANDARD_OPTION_STRATEGY;BLOCK;CHF;28;0.28000000;1200;EXCHANGE_LAST;;1;1;XEUR;74525125763934519;574517;
18.12.2024;11:54:35.750;ABBN SI 20241220 PS AM C 52.50 0;SIMPLE_INSTRUMENT;BLOCK;CHF;28;0.26000000;1200;PRC_DECOMP_EXCHANGE;;;;XEUR;11848937;574517;EXCHANGE
18.12.2024;11:54:35.750;ABBN SI 20241220 PS AM C 52.00 0;SIMPLE_INSTRUMENT;BLOCK;CHF;28;0.54000000;1200;PRC_DECOMP_EXCHANGE;;;;XEUR;8836244;574517;EXCHANGE
18.12.2024;13:14:22.808;ABBN.O.241218.BUL.000005;STANDARD_OPTION_STRATEGY;BLOCK;CHF;39;0.75000000;1250;EXCHANGE_LAST;;1;1;XEUR;74525125763934520;574517;
18.12.2024;13:14:22.808;ABBN SI 20241220 PS AM C 51.00 0;SIMPLE_INSTRUMENT;BLOCK;CHF;39;1.16000000;1250;PRC_DECOMP_EXCHANGE;;;;XEUR;11848925;574517;EXCHANGE
18.12.2024;13:14:22.808;ABBN SI 20241220 PS AM C 52.00 0;SIMPLE_INSTRUMENT;BLOCK;CHF;39;0.41000000;1250;PRC_DECOMP_EXCHANGE;;;;XEUR;8836244;574517;EXCHANGE
18.12.2024;10:48:33.716;ADEF SI 20241220 CS;SIMPLE_INSTRUMENT;BLOCK;CHF;69;22.50000000;700;EXCHANGE_LAST;;1;1;XEUR;7030726;47;
18.12.2024;10:36:02.350;ADEN SI 20251219 PS AM P 20.00 0;SIMPLE_INSTRUMENT;BLOCK;CHF;14;1.85000000;2000;EXCHANGE_LAST;;1;1;XEUR;7753932;44;
18.12.2024;15:02:28.715;ADYF SI 20241220 CS;SIMPLE_INSTRUMENT;BLOCK;EUR;187;1503.60000000;500;EXCHANGE_LAST;;1;1;XEUR;7054833;298509;
18.12.2024;09:51:32.486;AHOI SI 20241220 CS;SIMPLE_INSTRUMENT;BLOCK;EUR;29;31.83000000;5500;EXCHANGE_LAST;;1;1;XEUR;7050398;48791;
18.12.2024;15:05:45.160;AIR SI 20241220 PS AM P 174.00 0;SIMPLE_INSTRUMENT;BLOCK;EUR;28;15.58000000;600;EXCHANGE_LAST;;1;1;XEUR;11871007;64;
18.12.2024;10:59:29.843;AIXE.O.241218.BRT.000001;STANDARD_OPTION_STRATEGY;BLOCK;EUR;6;-0.13000000;500;EXCHANGE_LAST;;1;1;XEUR;75170461780017155;724771;
18.12.2024;10:59:29.843;AIXE SI 20241220 PS EU P 22.00 0;SIMPLE_INSTRUMENT;BLOCK;EUR;6;6.99000000;500;PRC_DECOMP_EXCHANGE;;;;XEUR;10466351;724771;EXCHANGE
18.12.2024;10:59:29.843;AIXE SI 20250321 PS EU P 22.00 0;SIMPLE_INSTRUMENT;BLOCK;EUR;6;6.86000000;500;PRC_DECOMP_EXCHANGE;;;;XEUR;10894133;724771;EXCHANGE
18.12.2024;11:00:16.773;AIXE.O.241218.BRT.000001;STANDARD_OPTION_STRATEGY;BLOCK;EUR;7;-0.14000000;500;EXCHANGE_LAST;;1;1;XEUR;75170461780017155;724771;
18.12.2024;11:00:16.773;AIXE SI 20250321 PS EU P 22.00 0;SIMPLE_INSTRUMENT;BLOCK;EUR;7;6.85000000;500;PRC_DECOMP_EXCHANGE;;;;XEUR;10894133;724771;EXCHANGE
18.12.2024;11:00:16.773;AIXE SI 20241220 PS EU P 22.00 0;SIMPLE_INSTRUMENT;BLOCK;EUR;7;6.99000000;500;PRC_DECOMP_EXCHANGE;;;;XEUR;10466351;724771;EXCHANGE
18.12.2024;11:07:08.729;AKU SI 20250117 PS AM C 60.00 0;SIMPLE_INSTRUMENT;BLOCK;EUR;5;0.50000000;1900;EXCHANGE_LAST;;1;1;XEUR;12067715;78;
18.12.2024;12:01:27.680;ALV SI 20250620 PS AM C 310.00 0;SIMPLE_INSTRUMENT;BLOCK;EUR;1;9.49000000;300;EXCHANGE_LAST;;1;1;XEUR;12056983;74;
18.12.2024;12:12:11.381;ALVG.S.DEC24.JAN25.SPD;FUTURES_SPREAD;BLOCK;EUR;123;-0.69540000;24500;EXCHANGE_LAST;;1;1;XEUR;72057959110148362;85;
18.12.2024;12:12:11.381;ALVG SI 20250117 CS;SIMPLE_INSTRUMENT;BLOCK;EUR;123;299.91570000;24500;PRC_DECOMP_EXCHANGE;;;;XEUR;10394930;85;EXCHANGE
18.12.2024;12:12:11.381;ALVG SI 20241220 CS;SIMPLE_INSTRUMENT;BLOCK;EUR;123;299.22030000;24500;PRC_DECOMP_EXCHANGE;;;;XEUR;7031281;85;EXCHANGE
18.12.2024;13:36:40.844;ALVG SI 20241220 CS;SIMPLE_INSTRUMENT;BLOCK;EUR;151;298.70000000;500;EXCHANGE_LAST;;1;1;XEUR;7031281;85;
18.12.2024;12:12:24.191;ALVP.S.DEC24.JAN25.SPD;FUTURES_SPREAD;BLOCK;EUR;124;-0.67210000;24500;EXCHANGE_LAST;;1;1;XEUR;72591458472820807;124300;
18.12.2024;12:12:24.191;ALVP SI 20241220 PS;SIMPLE_INSTRUMENT;BLOCK;EUR;124;299.23190000;24500;PRC_DECOMP_EXCHANGE;;;;XEUR;7052671;124300;EXCHANGE
18.12.2024;12:12:24.191;ALVP SI 20250117 PS;SIMPLE_INSTRUMENT;BLOCK;EUR;124;299.90400000;24500;PRC_DECOMP_EXCHANGE;;;;XEUR;10441589;124300;EXCHANGE
18.12.2024;10:50:50.394;ANN.N.241218.000011;NON_STANDARD_OPTION_STRATEGY;BLOCK;EUR;7;6.08000000;2000;EXCHANGE_LAST;;1;1;XEUR;72251735149668235;45202;
18.12.2024;10:50:50.394;ANN SI 20260619 PS AM P 28.00 0;SIMPLE_INSTRUMENT;BLOCK;EUR;7;3.44000000;4000;PRC_DECOMP_EXCHANGE;;;;XEUR;9576336;45202;EXCHANGE
18.12.2024;10:50:50.394;ANN SI 20250321 PS AM P 28.00 0;SIMPLE_INSTRUMENT;BLOCK;EUR;7;0.80000000;2000;PRC_DECOMP_EXCHANGE;;;;XEUR;10865134;45202;EXCHANGE
18.12.2024;15:11:02.373;ANN.O.241218.STG.000015;STANDARD_OPTION_STRATEGY;BLOCK;EUR;23;2.62000000;1000;EXCHANGE_LAST;;1;1;XEUR;72251735149668239;45202;
18.12.2024;15:11:02.373;ANN SI 20250321 PS AM P 29.00 0;SIMPLE_INSTRUMENT;BLOCK;EUR;23;1.28000000;1000;PRC_DECOMP_EXCHANGE;;;;XEUR;11988093;45202;EXCHANGE
18.12.2024;15:11:02.373;ANN SI 20250321 PS AM C 31.00 0;SIMPLE_INSTRUMENT;BLOCK;EUR;23;1.34000000;1000;PRC_DECOMP_EXCHANGE;;;;XEUR;12206380;45202;EXCHANGE
18.12.2024;13:08:39.602;ASG5 SI 20270617 PS AM P 20.00 0;SIMPLE_INSTRUMENT;BLOCK;EUR;11;1.17000000;5000;EXCHANGE_LAST;;1;1;XEUR;11336801;109;
18.12.2024;16:08:17.137;ASGG SI 20241219 CS;SIMPLE_INSTRUMENT;BLOCK;EUR;222;27.40000000;350;EXCHANGE_LAST;;1;2;XEUR;7028089;106;
18.12.2024;14:36:42.231;ASM SI 20241220 PS AM P 720.00 0;SIMPLE_INSTRUMENT;BLOCK;EUR;15;12.50000000;200;EXCHANGE_LAST;;1;1;XEUR;6011680;107;
18.12.2024;16:30:53.845;ASM SI 20250321 PS AM P 680.00 0;SIMPLE_INSTRUMENT;BLOCK;EUR;28;33.00000000;550;EXCHANGE_LAST;;1;3;XEUR;10830128;107;
18.12.2024;15:09:26.516;ASMH SI 20250117 CS;SIMPLE_INSTRUMENT;BLOCK;EUR;193;717.12970000;6000;EXCHANGE_LAST;;1;1;XEUR;10429623;3979;
18.12.2024;15:09:53.209;ASMP SI 20250117 PS;SIMPLE_INSTRUMENT;BLOCK;EUR;194;717.10000000;6000;EXCHANGE_LAST;;1;1;XEUR;10441586;124298;
18.12.2024;16:52:27.773;AXA.O.241218.BR23.000004;STANDARD_OPTION_STRATEGY;BLOCK;EUR;36;-4.86000000;2500;EXCHANGE_LAST;;1;2;XEUR;72058139498794163;127;
18.12.2024;16:52:27.773;AXA SI 20281215 PS AM P 20.00 0;SIMPLE_INSTRUMENT;BLOCK;EUR;36;1.76000000;7500;PRC_DECOMP_MEMBER;;;;XEUR;10396083;127;MEMBER
18.12.2024;16:52:27.773;AXA SI 20281215 PS AM P 30.00 0;SIMPLE_INSTRUMENT;BLOCK;EUR;36;5.07000000;5000;PRC_DECOMP_MEMBER;;;;XEUR;11479924;127;MEMBER
18.12.2024;08:53:25.461;AXAG SI 20241220 CS;SIMPLE_INSTRUMENT;BLOCK;EUR;7;33.70000000;1250;EXCHANGE_LAST;;1;1;XEUR;7031589;125;
18.12.2024;09:59:04.302;AXAG SI 20241220 CS;SIMPLE_INSTRUMENT;BLOCK;EUR;38;33.70000000;8000;EXCHANGE_LAST;;1;1;XEUR;7031589;125;
18.12.2024;10:40:48.707;AXAG SI 20241220 CS;SIMPLE_INSTRUMENT;BLOCK;EUR;67;33.68000000;5750;EXCHANGE_LAST;;1;1;XEUR;7031589;125;
18.12.2024;15:43:04.439;B2NP SI 20261218 CS;SIMPLE_INSTRUMENT;BLOCK;EUR;212;4.36000000;100;EXCHANGE_LAST;;1;1;XEUR;6798320;131;
18.12.2024;16:32:41.000;B2NP SI 20250321 CS;SIMPLE_INSTRUMENT;BLOCK;EUR;246;0.00100000;1380;EXCHANGE_LAST;;1;2;XEUR;10395800;131;
18.12.2024;16:41:35.195;B2NP SI 20250321 CS;SIMPLE_INSTRUMENT;BLOCK;EUR;253;0.00100000;890;EXCHANGE_LAST;;1;2;XEUR;10395800;131;
18.12.2024;17:05:11.415;B2NP SI 20271217 CS;SIMPLE_INSTRUMENT;BLOCK;EUR;264;3.58000000;100;EXCHANGE_LAST;;1;1;XEUR;7086925;131;
18.12.2024;12:00:13.745;BAEE.O.241218.COMBO.000001;STANDARD_OPTION_STRATEGY;BLOCK;CHF;29;2.36000000;2000;EXCHANGE_LAST;;1;1;XEUR;75170371585703957;724750;
18.12.2024;12:00:13.745;BAEE SI 20250620 PS EU C 64.00 0;SIMPLE_INSTRUMENT;BLOCK;CHF;29;1.45000000;2000;PRC_DECOMP_EXCHANGE;;;;XEUR;11412279;724750;EXCHANGE
18.12.2024;12:00:13.745;BAEE SI 20250620 PS EU P 56.00 0;SIMPLE_INSTRUMENT;BLOCK;CHF;29;3.81000000;2000;PRC_DECOMP_EXCHANGE;;;;XEUR;11412283;724750;EXCHANGE
18.12.2024;16:10:32.716;BALF.S.DEC24.MAR25.SPD;FUTURES_SPREAD;BLOCK;CHF;225;-0.43000000;400;EXCHANGE_LAST;;1;1;XEUR;72058221103153296;146;
18.12.2024;16:10:32.716;BALF SI 20241220 CS;SIMPLE_INSTRUMENT;BLOCK;CHF;225;163.57120000;400;PRC_DECOMP_EXCHANGE;;;;XEUR;7031644;146;EXCHANGE
18.12.2024;16:10:32.716;BALF SI 20250321 CS;SIMPLE_INSTRUMENT;BLOCK;CHF;225;164.00120000;400;PRC_DECOMP_EXCHANGE;;;;XEUR;10693981;146;EXCHANGE
18.12.2024;11:28:45.383;BAS SI 20250117 PS AM C 45.50 0;SIMPLE_INSTRUMENT;BLOCK;EUR;3;0.37000000;2650;EXCHANGE_LAST;;1;1;XEUR;12068835;150;
18.12.2024;15:11:38.662;BAS.O.241218.BLT.000015;STANDARD_OPTION_STRATEGY;BLOCK;EUR;12;1.97000000;2000;EXCHANGE_LAST;;1;1;XEUR;72058238283090038;150;
18.12.2024;15:11:38.662;BAS SI 20250321 PS AM C 44.00 0;SIMPLE_INSTRUMENT;BLOCK;EUR;12;2.09000000;2000;PRC_DECOMP_EXCHANGE;;;;XEUR;10830941;150;EXCHANGE
18.12.2024;15:11:38.662;BAS SI 20241220 PS AM C 44.00 0;SIMPLE_INSTRUMENT;BLOCK;EUR;12;0.12000000;2000;PRC_DECOMP_EXCHANGE;;;;XEUR;4705199;150;EXCHANGE
18.12.2024;11:12:25.023;BASG SI 20241220 CS;SIMPLE_INSTRUMENT;BLOCK;EUR;82;43.30000000;5000;EXCHANGE_LAST;;1;1;XEUR;7032007;171;
18.12.2024;11:34:00.255;BASG SI 20241220 CS;SIMPLE_INSTRUMENT;BLOCK;EUR;102;43.26500000;4000;EXCHANGE_LAST;;1;1;XEUR;7032007;171;
18.12.2024;14:53:31.127;BASG SI 20250321 CS;SIMPLE_INSTRUMENT;BLOCK;EUR;185;43.58800000;3530;EXCHANGE_LAST;;1;1;XEUR;10694474;171;
18.12.2024;15:29:59.299;BASG SI 20241220 CS;SIMPLE_INSTRUMENT;BLOCK;EUR;208;43.30000000;986;EXCHANGE_LAST;;1;1;XEUR;7032007;171;
18.12.2024;13:15:08.796;BAY SI 20250321 PS AM P 20.00 0;SIMPLE_INSTRUMENT;BLOCK;EUR;5;1.85000000;2000;EXCHANGE_LAST;;1;2;XEUR;10831440;168;
18.12.2024;13:39:46.369;BAY SI 20250321 PS AM C 26.00 0;SIMPLE_INSTRUMENT;BLOCK;EUR;6;0.20000000;3000;EXCHANGE_LAST;;1;1;XEUR;10831479;168;
18.12.2024;13:39:46.370;BAY SI 20250321 PS AM C 26.00 0;SIMPLE_INSTRUMENT;BLOCK;EUR;7;0.21000000;3000;EXCHANGE_LAST;;1;1;XEUR;10831479;168;
18.12.2024;11:06:14.590;BAYG SI 20241220 CS;SIMPLE_INSTRUMENT;BLOCK;EUR;87;19.18000000;4000;EXCHANGE_LAST;;1;1;XEUR;7051807;76034;
18.12.2024;16:03:08.732;BAYG.S.DEC24.MAR25.SPD;FUTURES_SPREAD;BLOCK;EUR;224;-0.16550000;8000;EXCHANGE_LAST;;1;1;XEUR;72384157581312169;76034;
18.12.2024;16:03:08.732;BAYG SI 20250321 CS;SIMPLE_INSTRUMENT;BLOCK;EUR;224;19.36550000;8000;PRC_DECOMP_MEMBER;;;;XEUR;10723979;76034;MEMBER
18.12.2024;16:03:08.732;BAYG SI 20241220 CS;SIMPLE_INSTRUMENT;BLOCK;EUR;224;19.20000000;8000;PRC_DECOMP_MEMBER;;;;XEUR;7051807;76034;MEMBER
18.12.2024;12:42:12.919;BBVD.O.241218.STD.000001;STANDARD_OPTION_STRATEGY;BLOCK;EUR;7;0.19000000;8500;EXCHANGE_LAST;;1;1;XEUR;72058332772304727;172;
18.12.2024;12:42:12.919;BBVD SI 20241220 PS AM P 9.50 0;SIMPLE_INSTRUMENT;BLOCK;EUR;7;0.04000000;8500;PRC_DECOMP_EXCHANGE;;;;XEUR;9539837;172;EXCHANGE
18.12.2024;12:42:12.919;BBVD SI 20241220 PS AM C 9.50 0;SIMPLE_INSTRUMENT;BLOCK;EUR;7;0.15000000;8500;PRC_DECOMP_EXCHANGE;;;;XEUR;9539825;172;EXCHANGE
18.12.2024;10:37:02.980;BG1F SI 20241220 CS;SIMPLE_INSTRUMENT;BLOCK;EUR;62;80.00000000;1500;EXCHANGE_LAST;;1;1;XEUR;7057062;412288;
18.12.2024;15:04:47.914;BMW SI 20250321 PS AM P 80.00 0;SIMPLE_INSTRUMENT;BLOCK;EUR;13;5.03000000;500;EXCHANGE_LAST;;1;1;XEUR;10832597;210;
18.12.2024;13:00:47.252;BMWF SI 20241220 CS;SIMPLE_INSTRUMENT;BLOCK;EUR;139;78.36000000;4500;EXCHANGE_LAST;;1;3;XEUR;7032665;239;
18.12.2024;10:01:24.349;BNPH SI 20241220 CS;SIMPLE_INSTRUMENT;BLOCK;EUR;40;58.60000000;300;EXCHANGE_LAST;;1;1;XEUR;7032636;236;
18.12.2024;16:32:51.001;BNPH.S.DEC24.MAR25.SPD;FUTURES_SPREAD;BLOCK;EUR;245;-0.52000000;15500;EXCHANGE_LAST;;2;1;XEUR;72058607650211064;236;
18.12.2024;16:32:51.001;BNPH SI 20250321 CS;SIMPLE_INSTRUMENT;BLOCK;EUR;245;58.77050000;15500;PRC_DECOMP_EXCHANGE;;;;XEUR;10695531;236;EXCHANGE
18.12.2024;16:32:51.001;BNPH SI 20241220 CS;SIMPLE_INSTRUMENT;BLOCK;EUR;245;58.25050000;15500;PRC_DECOMP_EXCHANGE;;;;XEUR;7032636;236;EXCHANGE
18.12.2024;16:41:44.744;BNPH.S.DEC24.MAR25.SPD;FUTURES_SPREAD;BLOCK;EUR;252;-0.52000000;10000;EXCHANGE_LAST;;2;1;XEUR;72058607650211064;236;
18.12.2024;16:41:44.744;BNPH SI 20250321 CS;SIMPLE_INSTRUMENT;BLOCK;EUR;252;58.77050000;10000;PRC_DECOMP_MEMBER;;;;XEUR;10695531;236;MEMBER
18.12.2024;16:41:44.744;BNPH SI 20241220 CS;SIMPLE_INSTRUMENT;BLOCK;EUR;252;58.25050000;10000;PRC_DECOMP_MEMBER;;;;XEUR;7032636;236;MEMBER
18.12.2024;10:37:37.225;BOSS SI 20251219 PS AM P 40.00 0;SIMPLE_INSTRUMENT;BLOCK;EUR;2;5.45000000;600;EXCHANGE_LAST;;1;1;XEUR;5923554;230;
18.12.2024;10:26:49.971;BSNH.S.DEC24.APR25.SPD;FUTURES_SPREAD;BLOCK;EUR;59;-0.78270000;250;EXCHANGE_LAST;;1;1;XEUR;72058770858967218;274;
18.12.2024;10:26:49.971;BSNH SI 20241220 CS;SIMPLE_INSTRUMENT;BLOCK;EUR;59;64.66000000;250;PRC_DECOMP_MEMBER;;;;XEUR;7032984;274;MEMBER
18.12.2024;10:26:49.971;BSNH SI 20250417 CS;SIMPLE_INSTRUMENT;BLOCK;EUR;59;65.44270000;250;PRC_DECOMP_MEMBER;;;;XEUR;10833548;274;MEMBER
18.12.2024;10:25:25.455;BYGG SI 20241220 CS;SIMPLE_INSTRUMENT;BLOCK;EUR;55;28.53000000;1500;EXCHANGE_LAST;;1;1;XEUR;7033067;281;
18.12.2024;16:28:34.003;C4RI SI 20251219 CS;SIMPLE_INSTRUMENT;BLOCK;EUR;240;2.58000000;400;EXCHANGE_LAST;;2;1;XEUR;5914459;50862;
18.12.2024;09:49:59.374;CARG SI 20241220 CS;SIMPLE_INSTRUMENT;BLOCK;EUR;28;13.68000000;3250;EXCHANGE_LAST;;1;1;XEUR;7032963;271;
18.12.2024;10:29:08.974;CBK.O.241218.COMBO.000034;STANDARD_OPTION_STRATEGY;BLOCK;EUR;1;-0.08000000;23000;EXCHANGE_LAST;;1;2;XEUR;72058745089202021;268;
18.12.2024;10:29:08.974;CBK SI 20250919 PS AM C 18.00 0;SIMPLE_INSTRUMENT;BLOCK;EUR;1;0.84000000;23000;PRC_DECOMP_EXCHANGE;;;;XEUR;11875673;268;EXCHANGE
18.12.2024;10:29:08.974;CBK SI 20250919 PS AM P 13.00 0;SIMPLE_INSTRUMENT;BLOCK;EUR;1;0.76000000;23000;PRC_DECOMP_EXCHANGE;;;;XEUR;11875749;268;EXCHANGE
18.12.2024;10:26:41.575;CFR SI 20241220 PS AM C 140.00 0;SIMPLE_INSTRUMENT;BLOCK;CHF;12;0.35000000;300;EXCHANGE_LAST;;1;1;XEUR;9996592;313;
18.12.2024;11:17:26.880;CFR SI 20241220 PS AM P 140.00 0;SIMPLE_INSTRUMENT;BLOCK;CHF;19;3.20000000;1000;EXCHANGE_LAST;;1;1;XEUR;9996594;313;
18.12.2024;11:47:32.465;CFR SI 20250117 PS AM C 140.00 0;SIMPLE_INSTRUMENT;BLOCK;CHF;23;3.20000000;500;EXCHANGE_LAST;;1;1;XEUR;12071497;313;
18.12.2024;15:57:08.015;CFRE.O.241218.COMBO.000005;STANDARD_OPTION_STRATEGY;BLOCK;CHF;59;-5.20000000;500;EXCHANGE_LAST;;1;1;XEUR;72728162986890591;156129;
18.12.2024;15:57:08.015;CFRE SI 20251219 PS EU P 120.00 0;SIMPLE_INSTRUMENT;BLOCK;CHF;59;7.86000000;500;PRC_DECOMP_EXCHANGE;;;;XEUR;9998119;156129;EXCHANGE
18.12.2024;15:57:08.015;CFRE SI 20251219 PS EU C 140.00 0;SIMPLE_INSTRUMENT;BLOCK;CHF;59;13.06000000;500;PRC_DECOMP_EXCHANGE;;;;XEUR;9998116;156129;EXCHANGE
18.12.2024;10:12:12.206;CFRL SI 20241220 CS;SIMPLE_INSTRUMENT;BLOCK;CHF;47;137.26000000;3000;EXCHANGE_LAST;;1;1;XEUR;10093261;729453;
18.12.2024;11:12:17.534;CFRL SI 20241220 CS;SIMPLE_INSTRUMENT;BLOCK;CHF;91;137.30000000;1725;EXCHANGE_LAST;;1;1;XEUR;10093261;729453;
18.12.2024;11:48:00.079;CFRL SI 20241220 CS;SIMPLE_INSTRUMENT;BLOCK;CHF;107;137.20000000;1400;EXCHANGE_LAST;;1;1;XEUR;10093261;729453;
18.12.2024;12:58:24.269;CFRL SI 20250321 CS;SIMPLE_INSTRUMENT;BLOCK;CHF;140;137.62000000;800;EXCHANGE_LAST;;1;1;XEUR;10741903;729453;
18.12.2024;14:28:13.406;CGM SI 20241220 PS AM P 190.00 0;SIMPLE_INSTRUMENT;BLOCK;EUR;24;36.00000000;350;EXCHANGE_LAST;;1;1;XEUR;10400610;317;
18.12.2024;09:11:34.349;CGMF SI 20241220 CS;SIMPLE_INSTRUMENT;BLOCK;EUR;15;154.25000000;211;EXCHANGE_LAST;;1;1;XEUR;7033256;318;
18.12.2024;10:03:41.201;CLN SI 20251219 PS AM P 9.00 0;SIMPLE_INSTRUMENT;BLOCK;CHF;9;0.58000000;3000;EXCHANGE_LAST;;1;1;XEUR;10619826;296;
18.12.2024;14:40:32.935;CR5J SI 20241219 CS;SIMPLE_INSTRUMENT;BLOCK;EUR;175;38.67000000;1500;EXCHANGE_LAST;;1;1;XEUR;7029763;50861;
18.12.2024;17:15:32.444;CR5J SI 20241219 CS;SIMPLE_INSTRUMENT;BLOCK;EUR;263;38.80000000;3000;EXCHANGE_LAST;;1;1;XEUR;7029763;50861;
18.12.2024;14:38:00.568;CRI5 SI 20250918 PS AM P 32.00 0;SIMPLE_INSTRUMENT;BLOCK;EUR;16;1.53000000;1500;EXCHANGE_LAST;;1;1;XEUR;11863124;320;
18.12.2024;10:48:26.360;CSGE.O.241218.BRT.000001;STANDARD_OPTION_STRATEGY;BLOCK;CHF;17;0.08000000;3000;EXCHANGE_LAST;;1;1;XEUR;72059015672104641;331;
18.12.2024;10:48:26.360;CSGE SI 20241220 PS EU P 170.17 2;SIMPLE_INSTRUMENT;BLOCK;CHF;17;142.09000000;3000;PRC_DECOMP_EXCHANGE;;;;XEUR;4642020;331;EXCHANGE
18.12.2024;10:48:26.360;CSGE SI 20251219 PS EU P 170.17 2;SIMPLE_INSTRUMENT;BLOCK;CHF;17;142.17000000;3000;PRC_DECOMP_EXCHANGE;;;;XEUR;5925448;331;EXCHANGE
18.12.2024;14:22:23.460;CSPX.O.241218.CDIA.000001;STANDARD_OPTION_STRATEGY;BLOCK;USD;1;-15.74000000;3529;EXCHANGE_LAST;;1;1;XEUR;72279253005107212;51609;
18.12.2024;14:22:23.460;CSPX SI 20250620 PS AM C 650.00 0;SIMPLE_INSTRUMENT;BLOCK;USD;1;30.52000000;3529;PRC_DECOMP_EXCHANGE;;;;XEUR;10722305;51609;EXCHANGE
18.12.2024;14:22:23.460;CSPX SI 20250919 PS AM C 700.00 0;SIMPLE_INSTRUMENT;BLOCK;USD;1;14.78000000;3529;PRC_DECOMP_EXCHANGE;;;;XEUR;12415186;51609;EXCHANGE
18.12.2024;14:35:13.518;CSPX.O.241218.CDIA.000001;STANDARD_OPTION_STRATEGY;BLOCK;USD;2;-15.14000000;1229;EXCHANGE_LAST;;1;1;XEUR;72279253005107212;51609;
18.12.2024;14:35:13.518;CSPX SI 20250620 PS AM C 650.00 0;SIMPLE_INSTRUMENT;BLOCK;USD;2;29.94000000;1229;PRC_DECOMP_EXCHANGE;;;;XEUR;10722305;51609;EXCHANGE
18.12.2024;14:35:13.518;CSPX SI 20250919 PS AM C 700.00 0;SIMPLE_INSTRUMENT;BLOCK;USD;2;14.80000000;1229;PRC_DECOMP_EXCHANGE;;;;XEUR;12415186;51609;EXCHANGE
18.12.2024;13:16:40.557;D2PW SI 20261218 CS;SIMPLE_INSTRUMENT;BLOCK;EUR;144;1.68000000;200;EXCHANGE_LAST;;1;1;XEUR;4632317;9702;
18.12.2024;17:01:29.922;D2PW SI 20261218 CS;SIMPLE_INSTRUMENT;BLOCK;EUR;262;1.65000000;150;EXCHANGE_LAST;;1;1;XEUR;4632317;9702;
18.12.2024;17:08:14.760;D2PW SI 20271217 CS;SIMPLE_INSTRUMENT;BLOCK;EUR;265;1.51000000;250;EXCHANGE_LAST;;1;1;XEUR;5914516;9702;
18.12.2024;17:10:57.285;D2PW SI 20261218 CS;SIMPLE_INSTRUMENT;BLOCK;EUR;266;1.65000000;100;EXCHANGE_LAST;;1;1;XEUR;4632317;9702;
18.12.2024;17:10:08.683;D2PW SI 20271217 CS;SIMPLE_INSTRUMENT;BLOCK;EUR;267;1.51000000;150;EXCHANGE_LAST;;1;1;XEUR;5914516;9702;
18.12.2024;11:35:37.762;D3AI SI 20261218 CS;SIMPLE_INSTRUMENT;BLOCK;EUR;103;2.95000000;100;EXCHANGE_LAST;;1;1;XEUR;7144051;443197;
18.12.2024;12:06:08.965;D3AI SI 20251219 CS;SIMPLE_INSTRUMENT;BLOCK;EUR;116;4.00000000;145;EXCHANGE_LAST;;1;1;XEUR;7144062;443197;
18.12.2024;12:09:50.663;D3AI SI 20250321 CS;SIMPLE_INSTRUMENT;BLOCK;EUR;120;0.00100000;307;EXCHANGE_LAST;;1;1;XEUR;10455192;443197;
18.12.2024;15:25:28.644;D3AI SI 20261218 CS;SIMPLE_INSTRUMENT;BLOCK;EUR;196;2.92000000;50;EXCHANGE_LAST;;1;1;XEUR;7144051;443197;
18.12.2024;16:45:06.300;D4BK SI 20261218 CS;SIMPLE_INSTRUMENT;BLOCK;EUR;255;0.87000000;400;EXCHANGE_LAST;;2;1;XEUR;4632322;51565;
18.12.2024;13:32:51.616;DAI.O.241218.STG.000023;STANDARD_OPTION_STRATEGY;BLOCK;EUR;6;5.70000000;1500;EXCHANGE_LAST;;1;1;XEUR;73961106363662394;443196;
18.12.2024;13:32:51.616;DAI SI 20250620 PS AM P 48.00 0;SIMPLE_INSTRUMENT;BLOCK;EUR;6;2.69000000;1500;PRC_DECOMP_EXCHANGE;;;;XEUR;7934260;443196;EXCHANGE
18.12.2024;13:32:51.616;DAI SI 20250620 PS AM C 56.00 0;SIMPLE_INSTRUMENT;BLOCK;EUR;6;3.01000000;1500;PRC_DECOMP_EXCHANGE;;;;XEUR;8006363;443196;EXCHANGE
18.12.2024;13:26:37.986;DAI SI 20251219 PS AM C 56.00 0;SIMPLE_INSTRUMENT;BLOCK;EUR;7;4.05000000;5000;EXCHANGE_LAST;;2;2;XEUR;7349883;443196;
18.12.2024;13:24:41.061;DAI SI 20241220 PS AM P 54.00 0;SIMPLE_INSTRUMENT;BLOCK;EUR;8;0.49000000;2000;EXCHANGE_LAST;;1;2;XEUR;7349878;443196;
18.12.2024;15:17:22.965;DAI SI 20241220 PS AM P 54.00 0;SIMPLE_INSTRUMENT;BLOCK;EUR;15;0.43000000;1000;EXCHANGE_LAST;;1;1;XEUR;7349878;443196;
18.12.2024;15:52:11.668;DAI SI 20241220 PS AM P 54.00 0;SIMPLE_INSTRUMENT;BLOCK;EUR;16;0.45000000;2000;EXCHANGE_LAST;;1;2;XEUR;7349878;443196;
18.12.2024;10:18:30.962;DAIG SI 20241220 CS;SIMPLE_INSTRUMENT;BLOCK;EUR;48;54.12000000;1400;EXCHANGE_LAST;;1;1;XEUR;7144297;443203;
18.12.2024;10:50:01.676;DAIG SI 20241220 CS;SIMPLE_INSTRUMENT;BLOCK;EUR;65;54.15000000;1350;EXCHANGE_LAST;;1;1;XEUR;7144297;443203;
18.12.2024;16:21:15.570;DAIG SI 20241220 CS;SIMPLE_INSTRUMENT;BLOCK;EUR;234;54.00000000;9850;EXCHANGE_LAST;;1;1;XEUR;7144297;443203;
18.12.2024;12:10:07.284;DAIP SI 20250321 PS;SIMPLE_INSTRUMENT;BLOCK;EUR;118;54.57000000;3700;EXCHANGE_LAST;;1;1;XEUR;10725376;124292;
18.12.2024;11:30:14.130;DB1H.S.DEC24.JAN25.SPD;FUTURES_SPREAD;BLOCK;EUR;100;-0.61280000;23485;EXCHANGE_LAST;;1;1;XEUR;72059153111057545;363;
18.12.2024;11:30:14.130;DB1H SI 20241220 CS;SIMPLE_INSTRUMENT;BLOCK;EUR;100;225.34600000;23485;PRC_DECOMP_EXCHANGE;;;;XEUR;7033672;363;EXCHANGE
18.12.2024;11:30:14.130;DB1H SI 20250117 CS;SIMPLE_INSTRUMENT;BLOCK;EUR;100;225.95880000;23485;PRC_DECOMP_EXCHANGE;;;;XEUR;10400981;363;EXCHANGE
18.12.2024;12:11:36.941;DB1H.S.DEC24.JAN25.SPD;FUTURES_SPREAD;BLOCK;EUR;121;-0.52210000;14561;EXCHANGE_LAST;;1;1;XEUR;72059153111057545;363;
18.12.2024;12:11:36.941;DB1H SI 20250117 CS;SIMPLE_INSTRUMENT;BLOCK;EUR;121;225.91350000;14561;PRC_DECOMP_EXCHANGE;;;;XEUR;10400981;363;EXCHANGE
18.12.2024;12:11:36.941;DB1H SI 20241220 CS;SIMPLE_INSTRUMENT;BLOCK;EUR;121;225.39140000;14561;PRC_DECOMP_EXCHANGE;;;;XEUR;7033672;363;EXCHANGE
18.12.2024;11:30:33.929;DB1P.S.DEC24.JAN25.SPD;FUTURES_SPREAD;BLOCK;EUR;101;-0.59530000;23485;EXCHANGE_LAST;;1;1;XEUR;74495469014745114;567612;
18.12.2024;11:30:33.929;DB1P SI 20241220 PS;SIMPLE_INSTRUMENT;BLOCK;EUR;101;225.35480000;23485;PRC_DECOMP_EXCHANGE;;;;XEUR;8465745;567612;EXCHANGE
18.12.2024;11:30:33.929;DB1P SI 20250117 PS;SIMPLE_INSTRUMENT;BLOCK;EUR;101;225.95010000;23485;PRC_DECOMP_EXCHANGE;;;;XEUR;10457146;567612;EXCHANGE
18.12.2024;12:11:52.131;DB1P.S.DEC24.JAN25.SPD;FUTURES_SPREAD;BLOCK;EUR;122;-0.50460000;14561;EXCHANGE_LAST;;1;1;XEUR;74495469014745114;567612;
18.12.2024;12:11:52.131;DB1P SI 20241220 PS;SIMPLE_INSTRUMENT;BLOCK;EUR;122;225.40020000;14561;PRC_DECOMP_EXCHANGE;;;;XEUR;8465745;567612;EXCHANGE
18.12.2024;12:11:52.131;DB1P SI 20250117 PS;SIMPLE_INSTRUMENT;BLOCK;EUR;122;225.90480000;14561;PRC_DECOMP_EXCHANGE;;;;XEUR;10457146;567612;EXCHANGE
18.12.2024;15:18:37.814;DBK.O.241218.STD.000009;STANDARD_OPTION_STRATEGY;BLOCK;EUR;14;4.05000000;2500;EXCHANGE_LAST;;1;1;XEUR;72059148816159042;362;
18.12.2024;15:18:37.814;DBK SI 20251219 PS AM C 16.00 0;SIMPLE_INSTRUMENT;BLOCK;EUR;14;2.48000000;2500;PRC_DECOMP_EXCHANGE;;;;XEUR;5926091;362;EXCHANGE
18.12.2024;15:18:37.814;DBK SI 20251219 PS AM P 16.00 0;SIMPLE_INSTRUMENT;BLOCK;EUR;14;1.57000000;2500;PRC_DECOMP_EXCHANGE;;;;XEUR;5926092;362;EXCHANGE
18.12.2024;14:26:50.087;DPW.O.241218.RBER.000020;STANDARD_OPTION_STRATEGY;BLOCK;EUR;22;-1.38000000;4000;EXCHANGE_LAST;;1;3;XEUR;72059505298414285;445;
18.12.2024;14:26:50.087;DPW SI 20260619 PS AM P 32.00 0;SIMPLE_INSTRUMENT;BLOCK;EUR;22;3.32000000;4000;PRC_DECOMP_EXCHANGE;;;;XEUR;9545217;445;EXCHANGE
18.12.2024;14:26:50.087;DPW SI 20260619 PS AM P 24.00 0;SIMPLE_INSTRUMENT;BLOCK;EUR;22;0.97000000;8000;PRC_DECOMP_EXCHANGE;;;;XEUR;9545204;445;EXCHANGE
18.12.2024;10:53:58.385;DPWF SI 20241220 CS;SIMPLE_INSTRUMENT;BLOCK;EUR;74;34.00000000;3000;EXCHANGE_LAST;;1;1;XEUR;7034453;444;
18.12.2024;11:05:48.968;DPWF SI 20241220 CS;SIMPLE_INSTRUMENT;BLOCK;EUR;85;33.95000000;5000;EXCHANGE_LAST;;1;1;XEUR;7034453;444;
18.12.2024;15:30:04.807;DPWF SI 20241220 CS;SIMPLE_INSTRUMENT;BLOCK;EUR;209;33.94000000;2000;EXCHANGE_LAST;;1;1;XEUR;7034453;444;
18.12.2024;10:24:48.015;DTE SI 20251219 PS AM C 32.00 0;SIMPLE_INSTRUMENT;BLOCK;EUR;4;1.00000000;2000;EXCHANGE_LAST;;1;1;XEUR;7834488;424;
18.12.2024;10:44:53.310;DTE SI 20250321 PS AM C 32.00 0;SIMPLE_INSTRUMENT;BLOCK;EUR;5;0.32000000;5000;EXCHANGE_LAST;;1;1;XEUR;10836640;424;
18.12.2024;12:10:05.548;DTE SI 20250321 PS AM C 32.50 0;SIMPLE_INSTRUMENT;BLOCK;EUR;13;0.21000000;2158;EXCHANGE_LAST;;1;1;XEUR;12352706;424;
18.12.2024;12:10:22.117;DTE SI 20250321 PS AM C 32.50 0;SIMPLE_INSTRUMENT;BLOCK;EUR;14;0.24000000;3150;EXCHANGE_LAST;;1;1;XEUR;12352706;424;
18.12.2024;15:54:34.059;DVC SI 20260618 PS AM P 5.20 0;SIMPLE_INSTRUMENT;BLOCK;EUR;23;0.50000000;800;EXCHANGE_LAST;;1;1;XEUR;11768820;420;
18.12.2024;09:58:35.366;DVCG SI 20241219 CS;SIMPLE_INSTRUMENT;BLOCK;EUR;36;6.07000000;1000;EXCHANGE_LAST;;1;1;XEUR;7029787;51874;
18.12.2024;16:28:56.448;E2NL SI 20251219 CS;SIMPLE_INSTRUMENT;BLOCK;EUR;232;0.45500000;650;EXCHANGE_LAST;;1;1;XEUR;3681293;471;
18.12.2024;16:28:47.481;E2NL SI 20261218 CS;SIMPLE_INSTRUMENT;BLOCK;EUR;233;0.45000000;600;EXCHANGE_LAST;;1;1;XEUR;4632356;471;
18.12.2024;11:49:09.905;E2NT SI 20251219 CS;SIMPLE_INSTRUMENT;BLOCK;EUR;111;1.00000000;800;EXCHANGE_LAST;;1;1;XEUR;3681294;470;
18.12.2024;12:09:50.161;E2NT SI 20261218 CS;SIMPLE_INSTRUMENT;BLOCK;EUR;119;0.94500000;2400;EXCHANGE_LAST;;4;4;XEUR;4632357;470;
18.12.2024;13:48:21.825;E2NT SI 20251219 CS;SIMPLE_INSTRUMENT;BLOCK;EUR;153;0.99500000;500;EXCHANGE_LAST;;1;1;XEUR;3681294;470;
18.12.2024;13:48:33.800;E2NT SI 20261218 CS;SIMPLE_INSTRUMENT;BLOCK;EUR;157;0.94500000;700;EXCHANGE_LAST;;1;1;XEUR;4632357;470;
18.12.2024;13:19:32.852;EAD SI 20251219 PS AM P 140.00 0;SIMPLE_INSTRUMENT;BLOCK;EUR;19;7.50000000;500;EXCHANGE_LAST;;1;1;XEUR;11013929;465;
18.12.2024;08:55:40.296;EADF SI 20241220 CS;SIMPLE_INSTRUMENT;BLOCK;EUR;8;159.00000000;720;EXCHANGE_LAST;;1;1;XEUR;7034890;464;
18.12.2024;12:42:13.907;EADF SI 20241220 CS;SIMPLE_INSTRUMENT;BLOCK;EUR;132;159.58000000;780;EXCHANGE_LAST;;1;1;XEUR;7034890;464;
18.12.2024;10:37:34.136;EBOG SI 20241220 CS;SIMPLE_INSTRUMENT;BLOCK;EUR;63;58.60000000;2000;EXCHANGE_LAST;;1;1;XEUR;7048282;14384;
18.12.2024;12:42:21.718;ENL5.O.241218.STD.000001;STANDARD_OPTION_STRATEGY;BLOCK;EUR;8;0.12100000;2500;EXCHANGE_LAST;;1;1;XEUR;72059741521585556;500;
18.12.2024;12:42:21.718;ENL5 SI 20241219 PS AM P 6.80 0;SIMPLE_INSTRUMENT;BLOCK;EUR;8;0.01300000;2500;PRC_DECOMP_EXCHANGE;;;;XEUR;10381201;500;EXCHANGE
18.12.2024;12:42:21.718;ENL5 SI 20241219 PS AM C 6.80 0;SIMPLE_INSTRUMENT;BLOCK;EUR;8;0.10800000;2500;PRC_DECOMP_EXCHANGE;;;;XEUR;10381217;500;EXCHANGE
18.12.2024;16:18:49.299;ENL5 SI 20250619 PS AM C 7.20 0;SIMPLE_INSTRUMENT;BLOCK;EUR;27;0.18000000;2500;EXCHANGE_LAST;;1;2;XEUR;7889839;500;
18.12.2024;14:47:45.070;ENLH SI 20241219 CS;SIMPLE_INSTRUMENT;BLOCK;EUR;181;6.88000000;2000;EXCHANGE_LAST;;2;1;XEUR;7935846;524976;
18.12.2024;11:43:03.124;ENTH SI 20241219 CS;SIMPLE_INSTRUMENT;BLOCK;EUR;105;12.88000000;10148;EXCHANGE_LAST;;3;1;XEUR;7935776;524973;
18.12.2024;13:55:24.624;EVK SI 20251219 PS AM C 20.00 0;SIMPLE_INSTRUMENT;BLOCK;EUR;10;0.36000000;15000;EXCHANGE_LAST;;1;1;XEUR;5929081;10806;
18.12.2024;15:58:41.503;F3IA SI 20261218 CS;SIMPLE_INSTRUMENT;BLOCK;EUR;220;0.52000000;300;EXCHANGE_LAST;;1;1;XEUR;6830373;390387;
18.12.2024;09:59:28.738;F3TE SI 20241220 CS;SIMPLE_INSTRUMENT;BLOCK;EUR;39;0.72000000;2633;EXCHANGE_LAST;;1;1;XEUR;6633907;390379;
18.12.2024;10:05:14.125;F3TE SI 20241220 CS;SIMPLE_INSTRUMENT;BLOCK;EUR;45;0.72000000;2640;EXCHANGE_LAST;;1;1;XEUR;6633907;390379;
18.12.2024;14:13:03.399;F3TE SI 20261218 CS;SIMPLE_INSTRUMENT;BLOCK;EUR;164;0.60400000;3311;EXCHANGE_LAST;;1;1;XEUR;6633899;390379;
18.12.2024;14:48:59.614;F3TE SI 20261218 CS;SIMPLE_INSTRUMENT;BLOCK;EUR;176;0.68200000;790;EXCHANGE_LAST;;2;2;XEUR;6633899;390379;
18.12.2024;14:49:01.264;F3TE SI 20261218 CS;SIMPLE_INSTRUMENT;BLOCK;EUR;177;0.68300000;790;EXCHANGE_LAST;;2;2;XEUR;6633899;390379;
18.12.2024;12:31:18.297;FATX SI 20241220 CS;SIMPLE_INSTRUMENT;BLOCK;EUR;4;3602.00000000;524;EXCHANGE_LAST;;1;1;XEUR;10863639;28699;
18.12.2024;12:32:14.210;FATX SI 20250321 CS;SIMPLE_INSTRUMENT;BLOCK;EUR;5;3620.00000000;524;EXCHANGE_LAST;;1;1;XEUR;11385582;28699;
18.12.2024;17:05:56.565;FATX SI 20250321 CS;SIMPLE_INSTRUMENT;EFP_IDX;EUR;102;3624.00000000;14;EXCHANGE_LAST;;1;1;XEUR;11385582;28699;
18.12.2024;17:06:17.888;FATX SI 20250321 CS;SIMPLE_INSTRUMENT;EFP_IDX;EUR;103;3625.00000000;2;EXCHANGE_LAST;;1;1;XEUR;11385582;28699;
18.12.2024;09:22:30.859;FBTP SI 20250306 PS;SIMPLE_INSTRUMENT;EFP_FIN;EUR;1;121.11000000;142;EXCHANGE_LAST;;1;1;XEUR;11286675;636;
18.12.2024;09:45:20.527;FBTP SI 20250306 PS;SIMPLE_INSTRUMENT;BLOCK;EUR;2;121.02000000;340;EXCHANGE_LAST;;1;1;XEUR;11286675;636;
18.12.2024;10:23:48.966;FBTP SI 20250306 PS;SIMPLE_INSTRUMENT;EFP_FIN;EUR;3;121.05000000;141;EXCHANGE_LAST;;1;1;XEUR;11286675;636;
18.12.2024;10:27:36.737;FBTP SI 20250306 PS;SIMPLE_INSTRUMENT;EFP_FIN;EUR;4;121.00000000;448;EXCHANGE_LAST;;1;1;XEUR;11286675;636;
18.12.2024;10:30:25.067;FBTP SI 20250306 PS;SIMPLE_INSTRUMENT;EFP_FIN;EUR;5;121.02000000;448;EXCHANGE_LAST;;1;1;XEUR;11286675;636;
18.12.2024;11:32:40.129;FBTP SI 20250306 PS;SIMPLE_INSTRUMENT;EFP_FIN;EUR;6;121.09000000;651;EXCHANGE_LAST;;1;1;XEUR;11286675;636;
18.12.2024;11:34:28.174;FBTP SI 20250306 PS;SIMPLE_INSTRUMENT;EFP_FIN;EUR;7;121.05000000;448;EXCHANGE_LAST;;1;1;XEUR;11286675;636;
18.12.2024;11:38:11.014;FBTP SI 20250306 PS;SIMPLE_INSTRUMENT;EFP_FIN;EUR;8;121.09000000;434;EXCHANGE_LAST;;1;1;XEUR;11286675;636;
18.12.2024;11:56:46.309;FBTP SI 20250306 PS;SIMPLE_INSTRUMENT;EFP_FIN;EUR;9;121.08000000;212;EXCHANGE_LAST;;1;1;XEUR;11286675;636;
18.12.2024;11:58:41.192;FBTP SI 20250306 PS;SIMPLE_INSTRUMENT;BLOCK;EUR;10;121.11000000;1633;EXCHANGE_LAST;;1;1;XEUR;11286675;636;
18.12.2024;12:01:59.449;FBTP SI 20250306 PS;SIMPLE_INSTRUMENT;BLOCK;EUR;11;121.09000000;251;EXCHANGE_LAST;;1;1;XEUR;11286675;636;
18.12.2024;12:19:03.071;FBTP SI 20250306 PS;SIMPLE_INSTRUMENT;EFP_FIN;EUR;12;121.08000000;131;EXCHANGE_LAST;;1;1;XEUR;11286675;636;
18.12.2024;14:07:25.976;FBTP SI 20250306 PS;SIMPLE_INSTRUMENT;EFP_FIN;EUR;13;121.09000000;145;EXCHANGE_LAST;;1;1;XEUR;11286675;636;
18.12.2024;14:45:27.678;FBTP SI 20250306 PS;SIMPLE_INSTRUMENT;EFP_FIN;EUR;14;121.13000000;283;EXCHANGE_LAST;;1;1;XEUR;11286675;636;
18.12.2024;14:54:49.492;FBTP SI 20250306 PS;SIMPLE_INSTRUMENT;EFP_FIN;EUR;15;121.11000000;1277;EXCHANGE_LAST;;1;1;XEUR;11286675;636;
18.12.2024;15:17:04.865;FBTP SI 20250306 PS;SIMPLE_INSTRUMENT;EFP_FIN;EUR;16;121.11000000;224;EXCHANGE_LAST;;1;1;XEUR;11286675;636;
18.12.2024;15:32:31.821;FBTP SI 20250306 PS;SIMPLE_INSTRUMENT;EFP_FIN;EUR;17;121.07000000;448;EXCHANGE_LAST;;1;1;XEUR;11286675;636;
18.12.2024;15:35:33.832;FBTP SI 20250306 PS;SIMPLE_INSTRUMENT;EFP_FIN;EUR;18;121.06000000;224;EXCHANGE_LAST;;1;1;XEUR;11286675;636;
18.12.2024;15:44:18.654;FBTP SI 20250306 PS;SIMPLE_INSTRUMENT;EFP_FIN;EUR;19;121.05000000;163;EXCHANGE_LAST;;1;1;XEUR;11286675;636;
18.12.2024;15:51:45.635;FBTP SI 20250306 PS;SIMPLE_INSTRUMENT;EFP_FIN;EUR;20;121.06000000;224;EXCHANGE_LAST;;1;1;XEUR;11286675;636;
18.12.2024;16:08:11.539;FBTP SI 20250306 PS;SIMPLE_INSTRUMENT;EFP_FIN;EUR;21;121.05000000;2014;EXCHANGE_LAST;;1;1;XEUR;11286675;636;
18.12.2024;16:07:47.800;FBTP SI 20250306 PS;SIMPLE_INSTRUMENT;EFP_FIN;EUR;22;121.05000000;224;EXCHANGE_LAST;;1;1;XEUR;11286675;636;
18.12.2024;16:20:28.842;FBTP SI 20250306 PS;SIMPLE_INSTRUMENT;EFP_FIN;EUR;23;121.07000000;229;EXCHANGE_LAST;;1;1;XEUR;11286675;636;
18.12.2024;16:20:46.844;FBTP SI 20250306 PS;SIMPLE_INSTRUMENT;EFP_FIN;EUR;24;121.07000000;94;EXCHANGE_LAST;;1;1;XEUR;11286675;636;
18.12.2024;16:46:36.795;FBTP SI 20250306 PS;SIMPLE_INSTRUMENT;EFP_FIN;EUR;25;121.09000000;102;EXCHANGE_LAST;;1;1;XEUR;11286675;636;
18.12.2024;08:38:54.819;FBTS SI 20250306 PS;SIMPLE_INSTRUMENT;EFP_FIN;EUR;1;107.53000000;114;EXCHANGE_LAST;;1;1;XEUR;11286677;639;
18.12.2024;08:50:03.823;FBTS SI 20250306 PS;SIMPLE_INSTRUMENT;EFP_FIN;EUR;2;107.53000000;908;EXCHANGE_LAST;;1;1;XEUR;11286677;639;
18.12.2024;08:54:49.715;FBTS SI 20250306 PS;SIMPLE_INSTRUMENT;EFP_FIN;EUR;3;107.54000000;695;EXCHANGE_LAST;;1;1;XEUR;11286677;639;
18.12.2024;09:11:44.114;FBTS SI 20250306 PS;SIMPLE_INSTRUMENT;EFP_FIN;EUR;5;107.56000000;488;EXCHANGE_LAST;;1;1;XEUR;11286677;639;
18.12.2024;09:15:04.621;FBTS SI 20250306 PS;SIMPLE_INSTRUMENT;EFP_FIN;EUR;6;107.54000000;538;EXCHANGE_LAST;;1;1;XEUR;11286677;639;
18.12.2024;09:15:42.621;FBTS SI 20250306 PS;SIMPLE_INSTRUMENT;EFP_FIN;EUR;7;107.55000000;139;EXCHANGE_LAST;;1;1;XEUR;11286677;639;
18.12.2024;09:26:38.892;FBTS SI 20250306 PS;SIMPLE_INSTRUMENT;EFP_FIN;EUR;8;107.53000000;310;EXCHANGE_LAST;;1;1;XEUR;11286677;639;
18.12.2024;09:49:16.334;FBTS SI 20250306 PS;SIMPLE_INSTRUMENT;EFP_FIN;EUR;9;107.52000000;227;EXCHANGE_LAST;;1;1;XEUR;11286677;639;
18.12.2024;10:28:51.737;FBTS SI 20250306 PS;SIMPLE_INSTRUMENT;EFP_FIN;EUR;12;107.54000000;454;EXCHANGE_LAST;;1;1;XEUR;11286677;639;
18.12.2024;10:33:47.113;FBTS SI 20250306 PS;SIMPLE_INSTRUMENT;EFP_FIN;EUR;13;107.55000000;454;EXCHANGE_LAST;;1;1;XEUR;11286677;639;
18.12.2024;11:18:34.939;FBTS SI 20250306 PS;SIMPLE_INSTRUMENT;EFP_FIN;EUR;16;107.54000000;772;EXCHANGE_LAST;;1;1;XEUR;11286677;639;
18.12.2024;11:35:33.985;FBTS SI 20250306 PS;SIMPLE_INSTRUMENT;EFP_FIN;EUR;18;107.55000000;337;EXCHANGE_LAST;;1;1;XEUR;11286677;639;
18.12.2024;12:26:11.861;FBTS SI 20250306 PS;SIMPLE_INSTRUMENT;EFP_FIN;EUR;22;107.56000000;218;EXCHANGE_LAST;;1;1;XEUR;11286677;639;
18.12.2024;12:26:40.584;FBTS SI 20250306 PS;SIMPLE_INSTRUMENT;EFP_FIN;EUR;23;107.56000000;296;EXCHANGE_LAST;;1;1;XEUR;11286677;639;
18.12.2024;15:49:48.104;FBTS SI 20250306 PS;SIMPLE_INSTRUMENT;BLOCK;EUR;31;107.58000000;869;EXCHANGE_LAST;;1;1;XEUR;11286677;639;
18.12.2024;15:53:42.359;FBTS SI 20250306 PS;SIMPLE_INSTRUMENT;EFP_FIN;EUR;32;107.57000000;704;EXCHANGE_LAST;;1;1;XEUR;11286677;639;
18.12.2024;12:45:06.268;FDAX SI 20241220 CS;SIMPLE_INSTRUMENT;EFP_IDX;EUR;1;20315.00000000;160;EXCHANGE_LAST;;1;1;XEUR;7296065;589;
18.12.2024;17:33:55.963;FDAX SI 20241220 CS;SIMPLE_INSTRUMENT;EFP_IDX;EUR;4;20252.00000000;29;EXCHANGE_LAST;;1;1;XEUR;7296065;589;
18.12.2024;17:34:04.223;FDAX SI 20241220 CS;SIMPLE_INSTRUMENT;EFP_IDX;EUR;5;20253.00000000;39;EXCHANGE_LAST;;1;1;XEUR;7296065;589;
18.12.2024;15:56:05.477;FDAX SI 20250321 CS;SIMPLE_INSTRUMENT;VOLA;EUR;671088648;20500.00000000;7;EXCHANGE_LAST;;1;1;XEUR;7561255;589;
18.12.2024;12:44:51.889;FEBD SI 20251219 CS;SIMPLE_INSTRUMENT;BLOCK;EUR;50;10.30000000;1500;EXCHANGE_LAST;;1;1;XEUR;5914075;597;
18.12.2024;12:42:48.460;FEBD SI 20251219 CS;SIMPLE_INSTRUMENT;BLOCK;EUR;51;10.30000000;2175;EXCHANGE_LAST;;1;1;XEUR;5914075;597;
18.12.2024;13:40:35.008;FEBD SI 20251219 CS;SIMPLE_INSTRUMENT;BLOCK;EUR;55;10.30000000;1200;EXCHANGE_LAST;;1;1;XEUR;5914075;597;
18.12.2024;14:22:12.050;FEBD SI 20251219 CS;SIMPLE_INSTRUMENT;BLOCK;EUR;61;10.25000000;300;EXCHANGE_LAST;;1;1;XEUR;5914075;597;
18.12.2024;14:46:53.182;FEBD SI 20251219 CS;SIMPLE_INSTRUMENT;BLOCK;EUR;70;10.32000000;300;EXCHANGE_LAST;;1;1;XEUR;5914075;597;
18.12.2024;14:59:48.741;FEBD SI 20251219 CS;SIMPLE_INSTRUMENT;BLOCK;EUR;75;10.32000000;300;EXCHANGE_LAST;;1;1;XEUR;5914075;597;
18.12.2024;10:50:23.216;FECX.S.DEC24.MAR25.SPD;FUTURES_SPREAD;BLOCK;EUR;30;-1.23000000;429;EXCHANGE_LAST;;1;1;XEUR;73819209234120728;410158;
18.12.2024;10:50:23.216;FECX SI 20250321 CS;SIMPLE_INSTRUMENT;BLOCK;EUR;30;166.78000000;429;PRC_DECOMP_MEMBER;;;;XEUR;11427948;410158;MEMBER
18.12.2024;10:50:23.216;FECX SI 20241220 CS;SIMPLE_INSTRUMENT;BLOCK;EUR;30;165.55000000;429;PRC_DECOMP_MEMBER;;;;XEUR;10920731;410158;MEMBER
18.12.2024;08:45:48.099;FEDV.S.DEC24.MAR25.SPD;FUTURES_SPREAD;BLOCK;EUR;6;-11.00000000;500;EXCHANGE_LAST;;1;1;XEUR;72060153838436444;596;
18.12.2024;08:45:48.099;FEDV SI 20241220 CS;SIMPLE_INSTRUMENT;BLOCK;EUR;6;1614.00000000;500;PRC_DECOMP_EXCHANGE;;;;XEUR;10838883;596;EXCHANGE
18.12.2024;08:45:48.099;FEDV SI 20250321 CS;SIMPLE_INSTRUMENT;BLOCK;EUR;6;1625.00000000;500;PRC_DECOMP_EXCHANGE;;;;XEUR;11359068;596;EXCHANGE
18.12.2024;08:45:57.904;FEDV.S.DEC24.MAR25.SPD;FUTURES_SPREAD;BLOCK;EUR;7;-11.50000000;1500;EXCHANGE_LAST;;1;1;XEUR;72060153838436444;596;
18.12.2024;08:45:57.904;FEDV SI 20250321 CS;SIMPLE_INSTRUMENT;BLOCK;EUR;7;1625.50000000;1500;PRC_DECOMP_EXCHANGE;;;;XEUR;11359068;596;EXCHANGE
18.12.2024;08:45:57.904;FEDV SI 20241220 CS;SIMPLE_INSTRUMENT;BLOCK;EUR;7;1614.00000000;1500;PRC_DECOMP_EXCHANGE;;;;XEUR;10838883;596;EXCHANGE
18.12.2024;10:45:46.512;FEDV SI 20241220 CS;SIMPLE_INSTRUMENT;BLOCK;EUR;28;1614.00000000;2382;EXCHANGE_LAST;;1;1;XEUR;10838883;596;
18.12.2024;10:46:01.413;FEDV SI 20250321 CS;SIMPLE_INSTRUMENT;BLOCK;EUR;29;1625.50000000;2382;EXCHANGE_LAST;;1;1;XEUR;11359068;596;
18.12.2024;11:05:38.045;FEDV.S.DEC24.MAR25.SPD;FUTURES_SPREAD;BLOCK;EUR;32;-11.50000000;1500;EXCHANGE_LAST;;1;1;XEUR;72060153838436444;596;
18.12.2024;11:05:38.045;FEDV SI 20250321 CS;SIMPLE_INSTRUMENT;BLOCK;EUR;32;1629.50000000;1500;PRC_DECOMP_EXCHANGE;;;;XEUR;11359068;596;EXCHANGE
18.12.2024;11:05:38.045;FEDV SI 20241220 CS;SIMPLE_INSTRUMENT;BLOCK;EUR;32;1618.00000000;1500;PRC_DECOMP_EXCHANGE;;;;XEUR;10838883;596;EXCHANGE
18.12.2024;11:05:38.972;FEDV.S.DEC24.MAR25.SPD;FUTURES_SPREAD;BLOCK;EUR;33;-11.00000000;500;EXCHANGE_LAST;;1;1;XEUR;72060153838436444;596;
18.12.2024;11:05:38.972;FEDV SI 20250321 CS;SIMPLE_INSTRUMENT;BLOCK;EUR;33;1629.50000000;500;PRC_DECOMP_EXCHANGE;;;;XEUR;11359068;596;EXCHANGE
18.12.2024;11:05:38.972;FEDV SI 20241220 CS;SIMPLE_INSTRUMENT;BLOCK;EUR;33;1618.50000000;500;PRC_DECOMP_EXCHANGE;;;;XEUR;10838883;596;EXCHANGE
18.12.2024;11:26:49.127;FEDV.S.DEC24.MAR25.SPD;FUTURES_SPREAD;BLOCK;EUR;36;-11.00000000;500;EXCHANGE_LAST;;1;1;XEUR;72060153838436444;596;
18.12.2024;11:26:49.127;FEDV SI 20250321 CS;SIMPLE_INSTRUMENT;BLOCK;EUR;36;1627.00000000;500;PRC_DECOMP_MEMBER;;;;XEUR;11359068;596;MEMBER
18.12.2024;11:26:49.127;FEDV SI 20241220 CS;SIMPLE_INSTRUMENT;BLOCK;EUR;36;1616.00000000;500;PRC_DECOMP_MEMBER;;;;XEUR;10838883;596;MEMBER
18.12.2024;11:27:14.049;FEDV.S.DEC24.MAR25.SPD;FUTURES_SPREAD;BLOCK;EUR;37;-11.50000000;1500;EXCHANGE_LAST;;1;1;XEUR;72060153838436444;596;
18.12.2024;11:27:14.049;FEDV SI 20241220 CS;SIMPLE_INSTRUMENT;BLOCK;EUR;37;1616.00000000;1500;PRC_DECOMP_MEMBER;;;;XEUR;10838883;596;MEMBER
18.12.2024;11:27:14.049;FEDV SI 20250321 CS;SIMPLE_INSTRUMENT;BLOCK;EUR;37;1627.50000000;1500;PRC_DECOMP_MEMBER;;;;XEUR;11359068;596;MEMBER
18.12.2024;11:47:41.626;FEDV.S.DEC24.MAR25.SPD;FUTURES_SPREAD;BLOCK;EUR;43;-11.00000000;1000;EXCHANGE_LAST;;1;1;XEUR;72060153838436444;596;
18.12.2024;11:47:41.626;FEDV SI 20241220 CS;SIMPLE_INSTRUMENT;BLOCK;EUR;43;1616.00000000;1000;PRC_DECOMP_MEMBER;;;;XEUR;10838883;596;MEMBER
18.12.2024;11:47:41.626;FEDV SI 20250321 CS;SIMPLE_INSTRUMENT;BLOCK;EUR;43;1627.00000000;1000;PRC_DECOMP_MEMBER;;;;XEUR;11359068;596;MEMBER
18.12.2024;11:47:58.899;FEDV.S.DEC24.MAR25.SPD;FUTURES_SPREAD;BLOCK;EUR;44;-11.50000000;1000;EXCHANGE_LAST;;1;1;XEUR;72060153838436444;596;
18.12.2024;11:47:58.899;FEDV SI 20250321 CS;SIMPLE_INSTRUMENT;BLOCK;EUR;44;1627.50000000;1000;PRC_DECOMP_MEMBER;;;;XEUR;11359068;596;MEMBER
18.12.2024;11:47:58.899;FEDV SI 20241220 CS;SIMPLE_INSTRUMENT;BLOCK;EUR;44;1616.00000000;1000;PRC_DECOMP_MEMBER;;;;XEUR;10838883;596;MEMBER
18.12.2024;16:39:55.454;FEDV SI 20241220 CS;SIMPLE_INSTRUMENT;EFP_IDX;EUR;100;1612.00000000;1440;EXCHANGE_LAST;;1;1;XEUR;10838883;596;
18.12.2024;16:40:01.318;FEDV SI 20241220 CS;SIMPLE_INSTRUMENT;EFP_IDX;EUR;101;1612.50000000;560;EXCHANGE_LAST;;1;1;XEUR;10838883;596;
18.12.2024;16:53:28.454;FEDV SI 20241220 CS;SIMPLE_INSTRUMENT;EFP_IDX;EUR;105;1612.00000000;936;EXCHANGE_LAST;;1;1;XEUR;10838883;596;
18.12.2024;16:53:20.812;FEDV SI 20241220 CS;SIMPLE_INSTRUMENT;EFP_IDX;EUR;107;1612.50000000;364;EXCHANGE_LAST;;1;1;XEUR;10838883;596;
18.12.2024;16:52:47.541;FEDV SI 20241220 CS;SIMPLE_INSTRUMENT;EFP_IDX;EUR;111;1612.50000000;672;EXCHANGE_LAST;;1;1;XEUR;10838883;596;
18.12.2024;16:52:53.557;FEDV SI 20241220 CS;SIMPLE_INSTRUMENT;EFP_IDX;EUR;112;1612.00000000;1728;EXCHANGE_LAST;;1;1;XEUR;10838883;596;
18.12.2024;16:58:27.948;FEDV SI 20241220 CS;SIMPLE_INSTRUMENT;EFP_IDX;EUR;153;1612.00000000;720;EXCHANGE_LAST;;1;1;XEUR;10838883;596;
18.12.2024;16:58:35.878;FEDV SI 20241220 CS;SIMPLE_INSTRUMENT;EFP_IDX;EUR;154;1612.50000000;280;EXCHANGE_LAST;;1;1;XEUR;10838883;596;
18.12.2024;17:09:46.313;FEDV SI 20241220 CS;SIMPLE_INSTRUMENT;EFP_IDX;EUR;195;1613.00000000;560;EXCHANGE_LAST;;1;1;XEUR;10838883;596;
18.12.2024;17:10:06.145;FEDV SI 20241220 CS;SIMPLE_INSTRUMENT;EFP_IDX;EUR;196;1612.00000000;3440;EXCHANGE_LAST;;1;1;XEUR;10838883;596;
18.12.2024;17:13:47.360;FEDV SI 20241220 CS;SIMPLE_INSTRUMENT;EFP_IDX;EUR;197;1613.00000000;280;EXCHANGE_LAST;;1;1;XEUR;10838883;596;
18.12.2024;17:13:33.189;FEDV SI 20241220 CS;SIMPLE_INSTRUMENT;EFP_IDX;EUR;198;1612.00000000;1720;EXCHANGE_LAST;;1;1;XEUR;10838883;596;
18.12.2024;09:06:00.640;FEDV SI 20241220 CS;SIMPLE_INSTRUMENT;VOLA;EUR;603979781;1612.00000000;90;EXCHANGE_LAST;;1;1;XEUR;10838883;596;
18.12.2024;16:40:59.710;FEHY SI 20241220 CS;SIMPLE_INSTRUMENT;BLOCK;EUR;104;293.60000000;100;EXCHANGE_LAST;;1;1;XEUR;10921067;574047;
18.12.2024;16:42:21.594;FEHY SI 20250321 CS;SIMPLE_INSTRUMENT;BLOCK;EUR;113;295.66000000;100;EXCHANGE_LAST;;1;1;XEUR;11428365;574047;
18.12.2024;16:11:22.172;FES1 SI 20241220 PS;SIMPLE_INSTRUMENT;BLOCK;EUR;87;2.20000000;1000;EXCHANGE_LAST;;1;1;XEUR;10869579;58959;
18.12.2024;09:09:52.229;FESB.S.DEC24.MAR25.SPD;FUTURES_SPREAD;BLOCK;EUR;130;-0.62000000;3128;EXCHANGE_LAST;;1;1;XEUR;72060192493142108;605;
18.12.2024;09:09:52.229;FESB SI 20250321 CS;SIMPLE_INSTRUMENT;BLOCK;EUR;130;146.00000000;3128;PRC_DECOMP_EXCHANGE;;;;XEUR;11359072;605;EXCHANGE
18.12.2024;09:09:52.229;FESB SI 20241220 CS;SIMPLE_INSTRUMENT;BLOCK;EUR;130;145.38000000;3128;PRC_DECOMP_EXCHANGE;;;;XEUR;10838895;605;EXCHANGE
18.12.2024;09:09:56.071;FESB.S.DEC24.MAR25.SPD;FUTURES_SPREAD;BLOCK;EUR;131;-0.60000000;3127;EXCHANGE_LAST;;1;1;XEUR;72060192493142108;605;
18.12.2024;09:09:56.071;FESB SI 20250321 CS;SIMPLE_INSTRUMENT;BLOCK;EUR;131;146.00000000;3127;PRC_DECOMP_EXCHANGE;;;;XEUR;11359072;605;EXCHANGE
18.12.2024;09:09:56.071;FESB SI 20241220 CS;SIMPLE_INSTRUMENT;BLOCK;EUR;131;145.40000000;3127;PRC_DECOMP_EXCHANGE;;;;XEUR;10838895;605;EXCHANGE
18.12.2024;10:12:40.482;FESB SI 20241220 CS;SIMPLE_INSTRUMENT;BLOCK;EUR;158;145.70000000;15765;EXCHANGE_LAST;;1;1;XEUR;10838895;605;
18.12.2024;10:36:49.629;FESB SI 20241220 CS;SIMPLE_INSTRUMENT;BLOCK;EUR;171;146.00000000;20000;EXCHANGE_LAST;;1;1;XEUR;10838895;605;
18.12.2024;11:00:42.204;FESB.S.DEC24.MAR25.SPD;FUTURES_SPREAD;BLOCK;EUR;191;-0.58000000;4469;EXCHANGE_LAST;;1;1;XEUR;72060192493142108;605;
18.12.2024;11:00:42.204;FESB SI 20241220 CS;SIMPLE_INSTRUMENT;BLOCK;EUR;191;146.62000000;4469;PRC_DECOMP_EXCHANGE;;;;XEUR;10838895;605;EXCHANGE
18.12.2024;11:00:42.204;FESB SI 20250321 CS;SIMPLE_INSTRUMENT;BLOCK;EUR;191;147.20000000;4469;PRC_DECOMP_EXCHANGE;;;;XEUR;11359072;605;EXCHANGE
18.12.2024;11:02:51.637;FESB.S.DEC24.MAR25.SPD;FUTURES_SPREAD;BLOCK;EUR;192;-0.66000000;2031;EXCHANGE_LAST;;1;1;XEUR;72060192493142108;605;
18.12.2024;11:02:51.637;FESB SI 20241220 CS;SIMPLE_INSTRUMENT;BLOCK;EUR;192;146.62000000;2031;PRC_DECOMP_MEMBER;;;;XEUR;10838895;605;MEMBER
18.12.2024;11:02:51.637;FESB SI 20250321 CS;SIMPLE_INSTRUMENT;BLOCK;EUR;192;147.28000000;2031;PRC_DECOMP_MEMBER;;;;XEUR;11359072;605;MEMBER
18.12.2024;13:12:41.732;FESB.S.DEC24.MAR25.SPD;FUTURES_SPREAD;BLOCK;EUR;223;-0.62000000;2504;EXCHANGE_LAST;;1;1;XEUR;72060192493142108;605;
18.12.2024;13:12:41.732;FESB SI 20250321 CS;SIMPLE_INSTRUMENT;BLOCK;EUR;223;146.50000000;2504;PRC_DECOMP_EXCHANGE;;;;XEUR;11359072;605;EXCHANGE
18.12.2024;13:12:41.732;FESB SI 20241220 CS;SIMPLE_INSTRUMENT;BLOCK;EUR;223;145.88000000;2504;PRC_DECOMP_EXCHANGE;;;;XEUR;10838895;605;EXCHANGE
18.12.2024;15:44:11.889;FESB.S.DEC24.MAR25.SPD;FUTURES_SPREAD;BLOCK;EUR;241;-0.52000000;1653;EXCHANGE_LAST;;1;1;XEUR;72060192493142108;605;
18.12.2024;15:44:11.889;FESB SI 20241220 CS;SIMPLE_INSTRUMENT;BLOCK;EUR;241;146.60000000;1653;PRC_DECOMP_MEMBER;;;;XEUR;10838895;605;MEMBER
18.12.2024;15:44:11.889;FESB SI 20250321 CS;SIMPLE_INSTRUMENT;BLOCK;EUR;241;147.12000000;1653;PRC_DECOMP_MEMBER;;;;XEUR;11359072;605;MEMBER
18.12.2024;15:44:21.317;FESB.S.DEC24.MAR25.SPD;FUTURES_SPREAD;BLOCK;EUR;244;-0.70000000;1847;EXCHANGE_LAST;;1;1;XEUR;72060192493142108;605;
18.12.2024;15:44:21.317;FESB SI 20250321 CS;SIMPLE_INSTRUMENT;BLOCK;EUR;244;147.30000000;1847;PRC_DECOMP_MEMBER;;;;XEUR;11359072;605;MEMBER
18.12.2024;15:44:21.317;FESB SI 20241220 CS;SIMPLE_INSTRUMENT;BLOCK;EUR;244;146.60000000;1847;PRC_DECOMP_MEMBER;;;;XEUR;10838895;605;MEMBER
18.12.2024;16:51:58.831;FESB SI 20241220 CS;SIMPLE_INSTRUMENT;EFP_IDX;EUR;257;146.05000000;493;EXCHANGE_LAST;;1;1;XEUR;10838895;605;
18.12.2024;16:52:05.820;FESB SI 20241220 CS;SIMPLE_INSTRUMENT;EFP_IDX;EUR;258;146.10000000;739;EXCHANGE_LAST;;1;1;XEUR;10838895;605;
18.12.2024;16:59:42.998;FESB SI 20241220 CS;SIMPLE_INSTRUMENT;EFP_IDX;EUR;259;146.05000000;227;EXCHANGE_LAST;;1;1;XEUR;10838895;605;
18.12.2024;17:00:14.216;FESB SI 20241220 CS;SIMPLE_INSTRUMENT;EFP_IDX;EUR;260;146.10000000;341;EXCHANGE_LAST;;1;1;XEUR;10838895;605;
18.12.2024;16:57:38.172;FESB SI 20241220 CS;SIMPLE_INSTRUMENT;EFP_IDX;EUR;261;146.05000000;622;EXCHANGE_LAST;;1;1;XEUR;10838895;605;
18.12.2024;16:57:25.359;FESB SI 20241220 CS;SIMPLE_INSTRUMENT;EFP_IDX;EUR;262;146.10000000;1451;EXCHANGE_LAST;;1;1;XEUR;10838895;605;
18.12.2024;16:56:56.779;FESB SI 20241220 CS;SIMPLE_INSTRUMENT;BLOCK;EUR;263;146.00000000;6000;EXCHANGE_LAST;;1;1;XEUR;10838895;605;
18.12.2024;17:02:05.500;FESG SI 20241220 CS;SIMPLE_INSTRUMENT;EFP_IDX;EUR;135;1331.50000000;10;EXCHANGE_LAST;;1;1;XEUR;10839536;687;
18.12.2024;17:01:47.912;FESG SI 20241220 CS;SIMPLE_INSTRUMENT;EFP_IDX;EUR;137;1331.40000000;24;EXCHANGE_LAST;;1;1;XEUR;10839536;687;
18.12.2024;16:57:58.478;FESI SI 20241220 CS;SIMPLE_INSTRUMENT;EFP_IDX;EUR;27;427.60000000;210;EXCHANGE_LAST;;1;1;XEUR;10839433;681;
18.12.2024;16:58:07.365;FESI SI 20241220 CS;SIMPLE_INSTRUMENT;EFP_IDX;EUR;29;427.70000000;90;EXCHANGE_LAST;;1;1;XEUR;10839433;681;
18.12.2024;17:00:49.167;FESK SI 20241220 CS;SIMPLE_INSTRUMENT;EFP_IDX;EUR;77;448.80000000;1919;EXCHANGE_LAST;;1;1;XEUR;10876226;285660;
18.12.2024;17:00:36.077;FESK SI 20241220 CS;SIMPLE_INSTRUMENT;EFP_IDX;EUR;78;448.90000000;2346;EXCHANGE_LAST;;1;1;XEUR;10876226;285660;
18.12.2024;10:20:12.863;FESR.S.DEC24.MAR25.SPD;FUTURES_SPREAD;BLOCK;EUR;2;-8.90000000;300;EXCHANGE_LAST;;1;1;XEUR;72060497435820124;676;
18.12.2024;10:20:12.863;FESR SI 20241220 CS;SIMPLE_INSTRUMENT;BLOCK;EUR;2;911.60000000;300;PRC_DECOMP_EXCHANGE;;;;XEUR;10839268;676;EXCHANGE
18.12.2024;10:20:12.863;FESR SI 20250321 CS;SIMPLE_INSTRUMENT;BLOCK;EUR;2;920.50000000;300;PRC_DECOMP_EXCHANGE;;;;XEUR;11359507;676;EXCHANGE
18.12.2024;17:02:34.013;FESR SI 20241220 CS;SIMPLE_INSTRUMENT;EFP_IDX;EUR;92;910.90000000;10;EXCHANGE_LAST;;1;1;XEUR;10839268;676;
18.12.2024;17:02:39.434;FESR SI 20241220 CS;SIMPLE_INSTRUMENT;EFP_IDX;EUR;94;911.00000000;40;EXCHANGE_LAST;;1;1;XEUR;10839268;676;
18.12.2024;17:01:27.226;FESS SI 20241220 CS;SIMPLE_INSTRUMENT;EFP_IDX;EUR;85;175.00000000;87;EXCHANGE_LAST;;1;1;XEUR;10839385;679;
18.12.2024;17:01:32.519;FESS SI 20241220 CS;SIMPLE_INSTRUMENT;EFP_IDX;EUR;86;175.10000000;37;EXCHANGE_LAST;;1;1;XEUR;10839385;679;
18.12.2024;17:39:45.523;FESS SI 20241220 CS;SIMPLE_INSTRUMENT;EFP_IDX;EUR;117;175.10000000;263;EXCHANGE_LAST;;1;1;XEUR;10839385;679;
18.12.2024;17:39:52.932;FESS SI 20241220 CS;SIMPLE_INSTRUMENT;EFP_IDX;EUR;118;175.00000000;613;EXCHANGE_LAST;;1;1;XEUR;10839385;679;
18.12.2024;15:17:05.783;FESU.S.DEC24.MAR25.SPD;FUTURES_SPREAD;BLOCK;EUR;9;0.20000000;250;EXCHANGE_LAST;;1;1;XEUR;72060484550918236;673;
18.12.2024;15:17:05.783;FESU SI 20250321 CS;SIMPLE_INSTRUMENT;BLOCK;EUR;9;375.60000000;250;PRC_DECOMP_EXCHANGE;;;;XEUR;11359368;673;EXCHANGE
18.12.2024;15:17:05.783;FESU SI 20241220 CS;SIMPLE_INSTRUMENT;BLOCK;EUR;9;375.80000000;250;PRC_DECOMP_EXCHANGE;;;;XEUR;10839076;673;EXCHANGE
18.12.2024;16:55:00.370;FESU SI 20241220 CS;SIMPLE_INSTRUMENT;EFP_IDX;EUR;47;375.90000000;181;EXCHANGE_LAST;;1;1;XEUR;10839076;673;
18.12.2024;16:55:05.955;FESU SI 20241220 CS;SIMPLE_INSTRUMENT;EFP_IDX;EUR;48;376.00000000;45;EXCHANGE_LAST;;1;1;XEUR;10839076;673;
18.12.2024;09:33:16.116;FESX.S.DEC24.MAR25.SPD;FUTURES_SPREAD;BLOCK;EUR;1;-27.20000000;12000;EXCHANGE_LAST;;1;1;XEUR;72060493140861185;675;
18.12.2024;09:33:16.116;FESX SI 20241220 CS;SIMPLE_INSTRUMENT;BLOCK;EUR;1;4955.80000000;12000;PRC_DECOMP_EXCHANGE;;;;XEUR;7793479;675;EXCHANGE
18.12.2024;09:33:16.116;FESX SI 20250321 CS;SIMPLE_INSTRUMENT;BLOCK;EUR;1;4983.00000000;12000;PRC_DECOMP_EXCHANGE;;;;XEUR;7793482;675;EXCHANGE
18.12.2024;09:52:18.789;FESX.S.DEC24.MAR25.SPD;FUTURES_SPREAD;BLOCK;EUR;2;-27.10000000;7612;EXCHANGE_LAST;;1;1;XEUR;72060493140861185;675;
18.12.2024;09:52:18.789;FESX SI 20250321 CS;SIMPLE_INSTRUMENT;BLOCK;EUR;2;4985.10000000;7612;PRC_DECOMP_MEMBER;;;;XEUR;7793482;675;MEMBER
18.12.2024;09:52:18.789;FESX SI 20241220 CS;SIMPLE_INSTRUMENT;BLOCK;EUR;2;4958.00000000;7612;PRC_DECOMP_MEMBER;;;;XEUR;7793479;675;MEMBER
18.12.2024;10:17:56.629;FESX SI 20250321 CS;SIMPLE_INSTRUMENT;BLOCK;EUR;3;4990.00000000;2000;EXCHANGE_LAST;;1;1;XEUR;7793482;675;
18.12.2024;10:32:08.947;FESX.S.DEC24.MAR25.SPD;FUTURES_SPREAD;BLOCK;EUR;4;-27.25000000;3476;EXCHANGE_LAST;;1;1;XEUR;72060493140861185;675;
18.12.2024;10:32:08.947;FESX SI 20250321 CS;SIMPLE_INSTRUMENT;BLOCK;EUR;4;4987.00000000;3476;PRC_DECOMP_EXCHANGE;;;;XEUR;7793482;675;EXCHANGE
18.12.2024;10:32:08.947;FESX SI 20241220 CS;SIMPLE_INSTRUMENT;BLOCK;EUR;4;4959.75000000;3476;PRC_DECOMP_EXCHANGE;;;;XEUR;7793479;675;EXCHANGE
18.12.2024;10:32:05.444;FESX.S.DEC24.MAR25.SPD;FUTURES_SPREAD;BLOCK;EUR;5;-27.00000000;3476;EXCHANGE_LAST;;1;1;XEUR;72060493140861185;675;
18.12.2024;10:32:05.444;FESX SI 20250321 CS;SIMPLE_INSTRUMENT;BLOCK;EUR;5;4987.00000000;3476;PRC_DECOMP_EXCHANGE;;;;XEUR;7793482;675;EXCHANGE
18.12.2024;10:32:05.444;FESX SI 20241220 CS;SIMPLE_INSTRUMENT;BLOCK;EUR;5;4960.00000000;3476;PRC_DECOMP_EXCHANGE;;;;XEUR;7793479;675;EXCHANGE
18.12.2024;11:49:38.783;FESX.S.DEC24.MAR25.SPD;FUTURES_SPREAD;BLOCK;EUR;7;-27.12000000;2000;EXCHANGE_LAST;;1;1;XEUR;72060493140861185;675;
18.12.2024;11:49:38.783;FESX SI 20250321 CS;SIMPLE_INSTRUMENT;BLOCK;EUR;7;4997.12000000;2000;PRC_DECOMP_MEMBER;;;;XEUR;7793482;675;MEMBER
18.12.2024;11:49:38.783;FESX SI 20241220 CS;SIMPLE_INSTRUMENT;BLOCK;EUR;7;4970.00000000;2000;PRC_DECOMP_MEMBER;;;;XEUR;7793479;675;MEMBER
18.12.2024;11:49:32.330;FESX.S.DEC24.MAR25.SPD;FUTURES_SPREAD;BLOCK;EUR;8;-27.13000000;2000;EXCHANGE_LAST;;1;1;XEUR;72060493140861185;675;
18.12.2024;11:49:32.330;FESX SI 20250321 CS;SIMPLE_INSTRUMENT;BLOCK;EUR;8;4997.13000000;2000;PRC_DECOMP_MEMBER;;;;XEUR;7793482;675;MEMBER
18.12.2024;11:49:32.330;FESX SI 20241220 CS;SIMPLE_INSTRUMENT;BLOCK;EUR;8;4970.00000000;2000;PRC_DECOMP_MEMBER;;;;XEUR;7793479;675;MEMBER
18.12.2024;11:42:22.722;FESX.S.DEC24.MAR25.SPD;FUTURES_SPREAD;BLOCK;EUR;9;-27.15000000;8283;EXCHANGE_LAST;;1;1;XEUR;72060493140861185;675;
18.12.2024;11:42:22.722;FESX SI 20250321 CS;SIMPLE_INSTRUMENT;BLOCK;EUR;9;4992.15000000;8283;PRC_DECOMP_MEMBER;;;;XEUR;7793482;675;MEMBER
18.12.2024;11:42:22.722;FESX SI 20241220 CS;SIMPLE_INSTRUMENT;BLOCK;EUR;9;4965.00000000;8283;PRC_DECOMP_MEMBER;;;;XEUR;7793479;675;MEMBER
18.12.2024;12:48:10.420;FESX SI 20241220 CS;SIMPLE_INSTRUMENT;BLOCK;EUR;10;4960.00000000;2000;EXCHANGE_LAST;;1;1;XEUR;7793479;675;
18.12.2024;13:55:12.521;FESX.S.DEC24.MAR25.SPD;FUTURES_SPREAD;BLOCK;EUR;11;-27.23000000;11582;EXCHANGE_LAST;;1;1;XEUR;72060493140861185;675;
18.12.2024;13:55:12.521;FESX SI 20241220 CS;SIMPLE_INSTRUMENT;BLOCK;EUR;11;4954.77000000;11582;PRC_DECOMP_EXCHANGE;;;;XEUR;7793479;675;EXCHANGE
18.12.2024;13:55:12.521;FESX SI 20250321 CS;SIMPLE_INSTRUMENT;BLOCK;EUR;11;4982.00000000;11582;PRC_DECOMP_EXCHANGE;;;;XEUR;7793482;675;EXCHANGE
18.12.2024;14:03:20.110;FESX SI 20241220 CS;SIMPLE_INSTRUMENT;BLOCK;EUR;12;4960.00000000;4200;EXCHANGE_LAST;;1;1;XEUR;7793479;675;
18.12.2024;14:39:37.695;FESX SI 20241220 CS;SIMPLE_INSTRUMENT;BLOCK;EUR;13;4956.00000000;3000;EXCHANGE_LAST;;1;1;XEUR;7793479;675;
18.12.2024;14:40:27.639;FESX SI 20241220 CS;SIMPLE_INSTRUMENT;BLOCK;EUR;14;4953.00000000;5280;EXCHANGE_LAST;;1;1;XEUR;7793479;675;
18.12.2024;14:58:02.091;FESX.S.DEC24.MAR25.SPD;FUTURES_SPREAD;BLOCK;EUR;15;-27.37000000;2900;EXCHANGE_LAST;;1;1;XEUR;72060493140861185;675;
18.12.2024;14:58:02.091;FESX SI 20250321 CS;SIMPLE_INSTRUMENT;BLOCK;EUR;15;4987.37000000;2900;PRC_DECOMP_MEMBER;;;;XEUR;7793482;675;MEMBER
18.12.2024;14:58:02.091;FESX SI 20241220 CS;SIMPLE_INSTRUMENT;BLOCK;EUR;15;4960.00000000;2900;PRC_DECOMP_MEMBER;;;;XEUR;7793479;675;MEMBER
18.12.2024;14:58:25.648;FESX.S.DEC24.MAR25.SPD;FUTURES_SPREAD;BLOCK;EUR;16;-27.38000000;2900;EXCHANGE_LAST;;1;1;XEUR;72060493140861185;675;
18.12.2024;14:58:25.648;FESX SI 20241220 CS;SIMPLE_INSTRUMENT;BLOCK;EUR;16;4960.00000000;2900;PRC_DECOMP_MEMBER;;;;XEUR;7793479;675;MEMBER
18.12.2024;14:58:25.648;FESX SI 20250321 CS;SIMPLE_INSTRUMENT;BLOCK;EUR;16;4987.38000000;2900;PRC_DECOMP_MEMBER;;;;XEUR;7793482;675;MEMBER
18.12.2024;15:22:08.929;FESX SI 20241220 CS;SIMPLE_INSTRUMENT;EFP_IDX;EUR;17;4970.00000000;1000;EXCHANGE_LAST;;1;1;XEUR;7793479;675;
18.12.2024;15:23:53.363;FESX SI 20241220 CS;SIMPLE_INSTRUMENT;EFP_IDX;EUR;18;4965.00000000;1000;EXCHANGE_LAST;;1;1;XEUR;7793479;675;
18.12.2024;15:35:11.676;FESX.S.DEC24.MAR25.SPD;FUTURES_SPREAD;BLOCK;EUR;19;-28.12000000;2000;EXCHANGE_LAST;;1;1;XEUR;72060493140861185;675;
18.12.2024;15:35:11.676;FESX SI 20241220 CS;SIMPLE_INSTRUMENT;BLOCK;EUR;19;4960.00000000;2000;PRC_DECOMP_MEMBER;;;;XEUR;7793479;675;MEMBER
18.12.2024;15:35:11.676;FESX SI 20250321 CS;SIMPLE_INSTRUMENT;BLOCK;EUR;19;4988.12000000;2000;PRC_DECOMP_MEMBER;;;;XEUR;7793482;675;MEMBER
18.12.2024;15:35:28.124;FESX.S.DEC24.MAR25.SPD;FUTURES_SPREAD;BLOCK;EUR;20;-28.13000000;2000;EXCHANGE_LAST;;1;1;XEUR;72060493140861185;675;
18.12.2024;15:35:28.124;FESX SI 20250321 CS;SIMPLE_INSTRUMENT;BLOCK;EUR;20;4988.13000000;2000;PRC_DECOMP_MEMBER;;;;XEUR;7793482;675;MEMBER
18.12.2024;15:35:28.124;FESX SI 20241220 CS;SIMPLE_INSTRUMENT;BLOCK;EUR;20;4960.00000000;2000;PRC_DECOMP_MEMBER;;;;XEUR;7793479;675;MEMBER
18.12.2024;15:34:48.110;FESX SI 20241220 CS;SIMPLE_INSTRUMENT;BLOCK;EUR;21;4965.00000000;2000;EXCHANGE_LAST;;1;1;XEUR;7793479;675;
18.12.2024;15:36:09.885;FESX SI 20241220 CS;SIMPLE_INSTRUMENT;EFP_IDX;EUR;22;4970.00000000;1000;EXCHANGE_LAST;;1;1;XEUR;7793479;675;
18.12.2024;16:15:52.486;FESX.S.DEC24.MAR25.SPD;FUTURES_SPREAD;BLOCK;EUR;23;-28.25000000;2000;EXCHANGE_LAST;;1;1;XEUR;72060493140861185;675;
18.12.2024;16:15:52.486;FESX SI 20241220 CS;SIMPLE_INSTRUMENT;BLOCK;EUR;23;4961.75000000;2000;PRC_DECOMP_EXCHANGE;;;;XEUR;7793479;675;EXCHANGE
18.12.2024;16:15:52.486;FESX SI 20250321 CS;SIMPLE_INSTRUMENT;BLOCK;EUR;23;4990.00000000;2000;PRC_DECOMP_EXCHANGE;;;;XEUR;7793482;675;EXCHANGE
18.12.2024;16:15:33.698;FESX.S.DEC24.MAR25.SPD;FUTURES_SPREAD;BLOCK;EUR;24;-28.00000000;2000;EXCHANGE_LAST;;1;1;XEUR;72060493140861185;675;
18.12.2024;16:15:33.698;FESX SI 20241220 CS;SIMPLE_INSTRUMENT;BLOCK;EUR;24;4962.00000000;2000;PRC_DECOMP_EXCHANGE;;;;XEUR;7793479;675;EXCHANGE
18.12.2024;16:15:33.698;FESX SI 20250321 CS;SIMPLE_INSTRUMENT;BLOCK;EUR;24;4990.00000000;2000;PRC_DECOMP_EXCHANGE;;;;XEUR;7793482;675;EXCHANGE
18.12.2024;16:21:02.843;FESX SI 20241220 CS;SIMPLE_INSTRUMENT;EFP_IDX;EUR;25;4965.00000000;1000;EXCHANGE_LAST;;1;1;XEUR;7793479;675;
18.12.2024;16:38:18.946;FESX.S.DEC24.MAR25.SPD;FUTURES_SPREAD;BLOCK;EUR;26;-27.50000000;2000;EXCHANGE_LAST;;1;1;XEUR;72060493140861185;675;
18.12.2024;16:38:18.946;FESX SI 20250321 CS;SIMPLE_INSTRUMENT;BLOCK;EUR;26;4974.50000000;2000;PRC_DECOMP_MEMBER;;;;XEUR;7793482;675;MEMBER
18.12.2024;16:38:18.946;FESX SI 20241220 CS;SIMPLE_INSTRUMENT;BLOCK;EUR;26;4947.00000000;2000;PRC_DECOMP_MEMBER;;;;XEUR;7793479;675;MEMBER
18.12.2024;16:38:45.146;FESX.S.DEC24.MAR25.SPD;FUTURES_SPREAD;BLOCK;EUR;27;-27.49000000;20015;EXCHANGE_LAST;;1;1;XEUR;72060493140861185;675;
18.12.2024;16:38:45.146;FESX SI 20241220 CS;SIMPLE_INSTRUMENT;BLOCK;EUR;27;4947.00000000;20015;PRC_DECOMP_MEMBER;;;;XEUR;7793479;675;MEMBER
18.12.2024;16:38:45.146;FESX SI 20250321 CS;SIMPLE_INSTRUMENT;BLOCK;EUR;27;4974.49000000;20015;PRC_DECOMP_MEMBER;;;;XEUR;7793482;675;MEMBER
18.12.2024;16:48:23.101;FESX SI 20250321 CS;SIMPLE_INSTRUMENT;EFP_IDX;EUR;28;4988.00000000;90;EXCHANGE_LAST;;1;1;XEUR;7793482;675;
18.12.2024;16:48:46.186;FESX SI 20250321 CS;SIMPLE_INSTRUMENT;EFP_IDX;EUR;29;4987.00000000;42;EXCHANGE_LAST;;1;1;XEUR;7793482;675;
18.12.2024;16:51:01.989;FESX SI 20250321 CS;SIMPLE_INSTRUMENT;EFP_IDX;EUR;30;4987.00000000;12;EXCHANGE_LAST;;1;1;XEUR;7793482;675;
18.12.2024;16:51:19.864;FESX SI 20250321 CS;SIMPLE_INSTRUMENT;EFP_IDX;EUR;31;4988.00000000;88;EXCHANGE_LAST;;1;1;XEUR;7793482;675;
18.12.2024;17:01:34.086;FESX SI 20241220 CS;SIMPLE_INSTRUMENT;EFP_IDX;EUR;32;4959.00000000;178;EXCHANGE_LAST;;1;1;XEUR;7793479;675;
18.12.2024;17:01:26.086;FESX SI 20241220 CS;SIMPLE_INSTRUMENT;EFP_IDX;EUR;33;4960.00000000;633;EXCHANGE_LAST;;1;1;XEUR;7793479;675;
18.12.2024;17:01:18.085;FESX SI 20241220 CS;SIMPLE_INSTRUMENT;EFP_IDX;EUR;34;4959.00000000;363;EXCHANGE_LAST;;1;1;XEUR;7793479;675;
18.12.2024;17:01:06.084;FESX SI 20241220 CS;SIMPLE_INSTRUMENT;EFP_IDX;EUR;35;4960.00000000;1287;EXCHANGE_LAST;;1;1;XEUR;7793479;675;
18.12.2024;17:07:32.435;FESX SI 20241220 CS;SIMPLE_INSTRUMENT;EFP_IDX;EUR;41;4960.00000000;718;EXCHANGE_LAST;;1;1;XEUR;7793479;675;
18.12.2024;17:07:49.855;FESX SI 20241220 CS;SIMPLE_INSTRUMENT;EFP_IDX;EUR;42;4959.00000000;202;EXCHANGE_LAST;;1;1;XEUR;7793479;675;
18.12.2024;17:09:49.173;FESX SI 20241220 CS;SIMPLE_INSTRUMENT;BLOCK;EUR;43;4960.00000000;2000;EXCHANGE_LAST;;1;1;XEUR;7793479;675;
18.12.2024;17:12:23.309;FESX SI 20241220 CS;SIMPLE_INSTRUMENT;BLOCK;EUR;44;4960.00000000;9000;EXCHANGE_LAST;;1;1;XEUR;7793479;675;
18.12.2024;17:13:28.648;FESX SI 20241220 CS;SIMPLE_INSTRUMENT;EFP_IDX;EUR;45;4965.00000000;1000;EXCHANGE_LAST;;1;1;XEUR;7793479;675;
18.12.2024;17:17:07.182;FESX SI 20241220 CS;SIMPLE_INSTRUMENT;EFP_IDX;EUR;46;4959.00000000;55;EXCHANGE_LAST;;1;1;XEUR;7793479;675;
18.12.2024;17:17:34.477;FESX SI 20241220 CS;SIMPLE_INSTRUMENT;EFP_IDX;EUR;47;4960.00000000;195;EXCHANGE_LAST;;1;1;XEUR;7793479;675;
18.12.2024;17:16:39.596;FESX SI 20241220 CS;SIMPLE_INSTRUMENT;EFP_IDX;EUR;48;4959.00000000;220;EXCHANGE_LAST;;1;1;XEUR;7793479;675;
18.12.2024;17:16:16.743;FESX SI 20241220 CS;SIMPLE_INSTRUMENT;EFP_IDX;EUR;49;4960.00000000;780;EXCHANGE_LAST;;1;1;XEUR;7793479;675;
18.12.2024;08:42:45.852;FESX SI 20250321 CS;SIMPLE_INSTRUMENT;VOLA;EUR;637534219;4975.00000000;50;EXCHANGE_LAST;;1;1;XEUR;7793482;675;
18.12.2024;08:51:40.780;FESX SI 20241220 CS;SIMPLE_INSTRUMENT;VOLA;EUR;637534220;4945.00000000;525;EXCHANGE_LAST;;1;1;XEUR;7793479;675;
18.12.2024;09:31:35.936;FESX SI 20250321 CS;SIMPLE_INSTRUMENT;VOLA;EUR;637534229;4982.00000000;7;EXCHANGE_LAST;;1;1;XEUR;7793482;675;
18.12.2024;09:53:21.307;FESX SI 20250321 CS;SIMPLE_INSTRUMENT;VOLA;EUR;637534238;4984.00000000;999;EXCHANGE_LAST;;1;1;XEUR;7793482;675;
18.12.2024;09:54:07.495;FESX SI 20250321 CS;SIMPLE_INSTRUMENT;VOLA;EUR;637534239;4984.00000000;738;EXCHANGE_LAST;;1;1;XEUR;7793482;675;
18.12.2024;10:29:11.724;FESX SI 20241220 CS;SIMPLE_INSTRUMENT;VOLA;EUR;637534246;4960.00000000;100;EXCHANGE_LAST;;1;1;XEUR;7793479;675;
18.12.2024;10:29:11.764;FESX SI 20241220 CS;SIMPLE_INSTRUMENT;VOLA;EUR;637534247;4960.00000000;230;EXCHANGE_LAST;;1;1;XEUR;7793479;675;
18.12.2024;11:06:31.677;FESX SI 20241220 CS;SIMPLE_INSTRUMENT;VOLA;EUR;637534262;4960.00000000;900;EXCHANGE_LAST;;1;1;XEUR;7793479;675;
18.12.2024;11:06:39.578;FESX SI 20241220 CS;SIMPLE_INSTRUMENT;VOLA;EUR;637534264;4960.00000000;871;EXCHANGE_LAST;;1;1;XEUR;7793479;675;
18.12.2024;11:42:06.428;FESX SI 20250321 CS;SIMPLE_INSTRUMENT;VOLA;EUR;637534279;4995.00000000;900;EXCHANGE_LAST;;1;1;XEUR;7793482;675;
18.12.2024;13:58:59.034;FESX SI 20241220 CS;SIMPLE_INSTRUMENT;VOLA;EUR;637534294;4950.00000000;1160;EXCHANGE_LAST;;1;1;XEUR;7793479;675;
18.12.2024;16:30:49.060;FESX SI 20250321 CS;SIMPLE_INSTRUMENT;VOLA;EUR;637534343;4998.00000000;1400;EXCHANGE_LAST;;1;1;XEUR;7793482;675;
18.12.2024;10:19:23.313;FESY.S.DEC24.MAR25.SPD;FUTURES_SPREAD;BLOCK;EUR;3;-8.50000000;253;EXCHANGE_LAST;;1;1;XEUR;72060488845885532;674;
18.12.2024;10:19:23.313;FESY SI 20250321 CS;SIMPLE_INSTRUMENT;BLOCK;EUR;3;1088.90000000;253;PRC_DECOMP_EXCHANGE;;;;XEUR;11359411;674;EXCHANGE
18.12.2024;10:19:23.313;FESY SI 20241220 CS;SIMPLE_INSTRUMENT;BLOCK;EUR;3;1080.40000000;253;PRC_DECOMP_EXCHANGE;;;;XEUR;10839149;674;EXCHANGE
18.12.2024;08:21:55.642;FEXD SI 20261218 CS;SIMPLE_INSTRUMENT;BLOCK;EUR;1;152.30000000;147;EXCHANGE_LAST;;1;1;XEUR;2163053;693;
18.12.2024;09:39:01.705;FEXD SI 20321217 CS;SIMPLE_INSTRUMENT;BLOCK;EUR;11;126.60000000;200;EXCHANGE_LAST;;1;1;XEUR;8782940;693;
18.12.2024;11:02:34.355;FEXD SI 20281215 CS;SIMPLE_INSTRUMENT;BLOCK;EUR;31;142.40000000;550;EXCHANGE_LAST;;1;2;XEUR;3680985;693;
18.12.2024;13:48:15.080;FEXD SI 20251219 CS;SIMPLE_INSTRUMENT;BLOCK;EUR;58;157.90000000;396;EXCHANGE_LAST;;1;1;XEUR;1548120;693;
18.12.2024;13:53:57.007;FEXD SI 20251219 CS;SIMPLE_INSTRUMENT;BLOCK;EUR;59;157.80000000;300;EXCHANGE_LAST;;1;1;XEUR;1548120;693;
18.12.2024;14:13:58.513;FEXD SI 20261218 CS;SIMPLE_INSTRUMENT;BLOCK;EUR;60;152.30000000;117;EXCHANGE_LAST;;1;1;XEUR;2163053;693;
18.12.2024;15:12:32.505;FEXD SI 20261218 CS;SIMPLE_INSTRUMENT;BLOCK;EUR;76;152.40000000;500;EXCHANGE_LAST;;1;1;XEUR;2163053;693;
18.12.2024;15:32:16.265;FEXD SI 20250321 CS;SIMPLE_INSTRUMENT;BLOCK;EUR;78;19.60000000;375;EXCHANGE_LAST;;1;1;XEUR;11453223;693;
18.12.2024;15:32:27.509;FEXD SI 20251219 CS;SIMPLE_INSTRUMENT;BLOCK;EUR;79;157.90000000;300;EXCHANGE_LAST;;1;1;XEUR;1548120;693;
18.12.2024;15:32:00.546;FEXD SI 20261218 CS;SIMPLE_INSTRUMENT;BLOCK;EUR;80;152.80000000;138;EXCHANGE_LAST;;1;1;XEUR;2163053;693;
18.12.2024;15:55:36.420;FEXD.S.DEC26.DEC27.SPD;FUTURES_SPREAD;BLOCK;EUR;82;5.60000000;250;EXCHANGE_LAST;;1;1;XEUR;72060570450264153;693;
18.12.2024;15:55:36.420;FEXD SI 20261218 CS;SIMPLE_INSTRUMENT;BLOCK;EUR;82;152.50000000;250;PRC_DECOMP_EXCHANGE;;;;XEUR;2163053;693;EXCHANGE
18.12.2024;15:55:36.420;FEXD SI 20271217 CS;SIMPLE_INSTRUMENT;BLOCK;EUR;82;146.90000000;250;PRC_DECOMP_EXCHANGE;;;;XEUR;2848338;693;EXCHANGE
18.12.2024;16:04:52.229;FEXD SI 20261218 CS;SIMPLE_INSTRUMENT;BLOCK;EUR;83;152.50000000;125;EXCHANGE_LAST;;1;1;XEUR;2163053;693;
18.12.2024;16:01:20.297;FEXD.S.DEC26.DEC27.SPD;FUTURES_SPREAD;BLOCK;EUR;86;5.60000000;250;EXCHANGE_LAST;;1;1;XEUR;72060570450264153;693;
18.12.2024;16:01:20.297;FEXD SI 20261218 CS;SIMPLE_INSTRUMENT;BLOCK;EUR;86;152.50000000;250;PRC_DECOMP_MEMBER;;;;XEUR;2163053;693;MEMBER
18.12.2024;16:01:20.297;FEXD SI 20271217 CS;SIMPLE_INSTRUMENT;BLOCK;EUR;86;146.90000000;250;PRC_DECOMP_MEMBER;;;;XEUR;2848338;693;MEMBER
18.12.2024;16:31:34.186;FEXD SI 20250321 CS;SIMPLE_INSTRUMENT;BLOCK;EUR;95;19.60000000;375;EXCHANGE_LAST;;1;1;XEUR;11453223;693;
18.12.2024;16:33:16.837;FEXD SI 20251219 CS;SIMPLE_INSTRUMENT;BLOCK;EUR;96;157.90000000;375;EXCHANGE_LAST;;1;1;XEUR;1548120;693;
18.12.2024;16:33:27.611;FEXD SI 20251219 CS;SIMPLE_INSTRUMENT;BLOCK;EUR;97;157.80000000;375;EXCHANGE_LAST;;1;1;XEUR;1548120;693;
18.12.2024;16:54:13.845;FEXD.S.DEC25.DEC26.SPD;FUTURES_SPREAD;BLOCK;EUR;125;5.30000000;200;EXCHANGE_LAST;;1;1;XEUR;72060570450264144;693;
18.12.2024;16:54:13.845;FEXD SI 20261218 CS;SIMPLE_INSTRUMENT;BLOCK;EUR;125;152.50000000;200;PRC_DECOMP_MEMBER;;;;XEUR;2163053;693;MEMBER
18.12.2024;16:54:13.845;FEXD SI 20251219 CS;SIMPLE_INSTRUMENT;BLOCK;EUR;125;157.80000000;200;PRC_DECOMP_MEMBER;;;;XEUR;1548120;693;MEMBER
18.12.2024;15:31:50.970;FEXD SI 20261218 CS;SIMPLE_INSTRUMENT;VOLA;EUR;318767115;152.50000000;15;EXCHANGE_LAST;;1;1;XEUR;2163053;693;
18.12.2024;15:32:13.347;FEXD SI 20261218 CS;SIMPLE_INSTRUMENT;VOLA;EUR;318767116;152.50000000;16;EXCHANGE_LAST;;1;1;XEUR;2163053;693;
18.12.2024;15:56:55.023;FEXD SI 20261218 CS;SIMPLE_INSTRUMENT;VOLA;EUR;318767117;152.50000000;20;EXCHANGE_LAST;;1;1;XEUR;2163053;693;
18.12.2024;07:57:07.804;FGBL SI 20250306 PS;SIMPLE_INSTRUMENT;EFS;EUR;1;134.74000000;202;EXCHANGE_LAST;;1;1;XEUR;11286679;688;
18.12.2024;07:57:58.227;FGBL SI 20250306 PS;SIMPLE_INSTRUMENT;EFS;EUR;2;134.75000000;202;EXCHANGE_LAST;;1;1;XEUR;11286679;688;
18.12.2024;07:58:38.320;FGBL SI 20250306 PS;SIMPLE_INSTRUMENT;EFS;EUR;3;134.74000000;202;EXCHANGE_LAST;;1;1;XEUR;11286679;688;
18.12.2024;08:14:36.559;FGBL SI 20250306 PS;SIMPLE_INSTRUMENT;EFP_FIN;EUR;4;134.74000000;360;EXCHANGE_LAST;;1;1;XEUR;11286679;688;
18.12.2024;08:24:23.666;FGBL SI 20250306 PS;SIMPLE_INSTRUMENT;EFP_FIN;EUR;5;134.74000000;418;EXCHANGE_LAST;;1;1;XEUR;11286679;688;
18.12.2024;08:50:26.359;FGBL SI 20250306 PS;SIMPLE_INSTRUMENT;EFS;EUR;6;134.69000000;406;EXCHANGE_LAST;;1;1;XEUR;11286679;688;
18.12.2024;08:51:36.402;FGBL SI 20250306 PS;SIMPLE_INSTRUMENT;EFS;EUR;7;134.72000000;406;EXCHANGE_LAST;;1;1;XEUR;11286679;688;
18.12.2024;08:51:46.409;FGBL SI 20250306 PS;SIMPLE_INSTRUMENT;EFS;EUR;8;134.74000000;406;EXCHANGE_LAST;;1;1;XEUR;11286679;688;
18.12.2024;09:04:43.863;FGBL SI 20250306 PS;SIMPLE_INSTRUMENT;EFP_FIN;EUR;9;134.71000000;186;EXCHANGE_LAST;;1;1;XEUR;11286679;688;
18.12.2024;09:11:20.896;FGBL SI 20250306 PS;SIMPLE_INSTRUMENT;EFP_FIN;EUR;10;134.71000000;223;EXCHANGE_LAST;;1;1;XEUR;11286679;688;
18.12.2024;09:12:53.361;FGBL SI 20250306 PS;SIMPLE_INSTRUMENT;EFP_FIN;EUR;11;134.67000000;371;EXCHANGE_LAST;;1;1;XEUR;11286679;688;
18.12.2024;09:15:29.521;FGBL SI 20250306 PS;SIMPLE_INSTRUMENT;EFS;EUR;12;134.65000000;318;EXCHANGE_LAST;;1;1;XEUR;11286679;688;
18.12.2024;09:33:20.785;FGBL SI 20250306 PS;SIMPLE_INSTRUMENT;EFS;EUR;13;134.58000000;203;EXCHANGE_LAST;;1;1;XEUR;11286679;688;
18.12.2024;09:35:00.842;FGBL SI 20250306 PS;SIMPLE_INSTRUMENT;EFS;EUR;14;134.58000000;203;EXCHANGE_LAST;;1;1;XEUR;11286679;688;
18.12.2024;09:41:56.109;FGBL SI 20250306 PS;SIMPLE_INSTRUMENT;EFS;EUR;15;134.58000000;406;EXCHANGE_LAST;;1;1;XEUR;11286679;688;
18.12.2024;09:43:47.300;FGBL SI 20250306 PS;SIMPLE_INSTRUMENT;EFP_FIN;EUR;16;134.61000000;906;EXCHANGE_LAST;;1;1;XEUR;11286679;688;
18.12.2024;09:45:14.820;FGBL SI 20250306 PS;SIMPLE_INSTRUMENT;EFP_FIN;EUR;17;134.57000000;907;EXCHANGE_LAST;;1;1;XEUR;11286679;688;
18.12.2024;09:46:41.447;FGBL SI 20250306 PS;SIMPLE_INSTRUMENT;EFP_FIN;EUR;18;134.58000000;272;EXCHANGE_LAST;;1;1;XEUR;11286679;688;
18.12.2024;09:46:47.829;FGBL SI 20250306 PS;SIMPLE_INSTRUMENT;EFP_FIN;EUR;19;134.60000000;142;EXCHANGE_LAST;;1;1;XEUR;11286679;688;
18.12.2024;09:50:27.065;FGBL SI 20250306 PS;SIMPLE_INSTRUMENT;EFS;EUR;20;134.59000000;925;EXCHANGE_LAST;;1;1;XEUR;11286679;688;
18.12.2024;09:50:34.618;FGBL SI 20250306 PS;SIMPLE_INSTRUMENT;EFS;EUR;21;134.60000000;100;EXCHANGE_LAST;;1;1;XEUR;11286679;688;
18.12.2024;09:51:48.549;FGBL SI 20250306 PS;SIMPLE_INSTRUMENT;EFS;EUR;22;134.60000000;405;EXCHANGE_LAST;;1;1;XEUR;11286679;688;
18.12.2024;09:55:15.992;FGBL SI 20250306 PS;SIMPLE_INSTRUMENT;EFP_FIN;EUR;23;134.60000000;142;EXCHANGE_LAST;;1;1;XEUR;11286679;688;
18.12.2024;09:56:22.622;FGBL SI 20250306 PS;SIMPLE_INSTRUMENT;EFS;EUR;24;134.57000000;406;EXCHANGE_LAST;;1;1;XEUR;11286679;688;
18.12.2024;09:56:34.149;FGBL SI 20250306 PS;SIMPLE_INSTRUMENT;EFS;EUR;25;134.61000000;405;EXCHANGE_LAST;;1;1;XEUR;11286679;688;
18.12.2024;09:59:02.722;FGBL SI 20250306 PS;SIMPLE_INSTRUMENT;EFP_FIN;EUR;26;134.60000000;231;EXCHANGE_LAST;;1;1;XEUR;11286679;688;
18.12.2024;09:56:51.894;FGBL SI 20250306 PS;SIMPLE_INSTRUMENT;EFS;EUR;27;134.60000000;405;EXCHANGE_LAST;;1;1;XEUR;11286679;688;
18.12.2024;10:04:37.940;FGBL SI 20250306 PS;SIMPLE_INSTRUMENT;EFS;EUR;28;134.57000000;406;EXCHANGE_LAST;;1;1;XEUR;11286679;688;
18.12.2024;10:04:47.063;FGBL SI 20250306 PS;SIMPLE_INSTRUMENT;EFS;EUR;29;134.56000000;283;EXCHANGE_LAST;;1;1;XEUR;11286679;688;
18.12.2024;10:05:05.776;FGBL SI 20250306 PS;SIMPLE_INSTRUMENT;EFS;EUR;30;134.56000000;283;EXCHANGE_LAST;;1;1;XEUR;11286679;688;
18.12.2024;10:07:36.984;FGBL SI 20250306 PS;SIMPLE_INSTRUMENT;EFS;EUR;31;134.56000000;121;EXCHANGE_LAST;;1;1;XEUR;11286679;688;
18.12.2024;10:14:17.402;FGBL SI 20250306 PS;SIMPLE_INSTRUMENT;EFS;EUR;32;134.58000000;440;EXCHANGE_LAST;;1;1;XEUR;11286679;688;
18.12.2024;10:19:24.931;FGBL SI 20250306 PS;SIMPLE_INSTRUMENT;EFS;EUR;33;134.58000000;406;EXCHANGE_LAST;;1;1;XEUR;11286679;688;
18.12.2024;10:17:19.441;FGBL SI 20250306 PS;SIMPLE_INSTRUMENT;EFS;EUR;34;134.57000000;406;EXCHANGE_LAST;;1;1;XEUR;11286679;688;
18.12.2024;10:18:34.539;FGBL SI 20250306 PS;SIMPLE_INSTRUMENT;EFS;EUR;35;134.58000000;406;EXCHANGE_LAST;;1;1;XEUR;11286679;688;
18.12.2024;10:20:27.907;FGBL SI 20250306 PS;SIMPLE_INSTRUMENT;EFS;EUR;36;134.57000000;405;EXCHANGE_LAST;;1;1;XEUR;11286679;688;
18.12.2024;10:27:10.799;FGBL SI 20250306 PS;SIMPLE_INSTRUMENT;EFS;EUR;37;134.61000000;162;EXCHANGE_LAST;;1;1;XEUR;11286679;688;
18.12.2024;10:28:15.835;FGBL SI 20250306 PS;SIMPLE_INSTRUMENT;EFS;EUR;38;134.60000000;406;EXCHANGE_LAST;;1;1;XEUR;11286679;688;
18.12.2024;10:28:45.855;FGBL SI 20250306 PS;SIMPLE_INSTRUMENT;EFS;EUR;39;134.60000000;406;EXCHANGE_LAST;;1;1;XEUR;11286679;688;
18.12.2024;10:30:49.937;FGBL SI 20250306 PS;SIMPLE_INSTRUMENT;EFS;EUR;41;134.58000000;162;EXCHANGE_LAST;;1;1;XEUR;11286679;688;
18.12.2024;10:32:29.853;FGBL SI 20250306 PS;SIMPLE_INSTRUMENT;EFS;EUR;42;134.61000000;405;EXCHANGE_LAST;;1;1;XEUR;11286679;688;
18.12.2024;10:38:39.820;FGBL SI 20250306 PS;SIMPLE_INSTRUMENT;EFS;EUR;43;134.61000000;880;EXCHANGE_LAST;;1;1;XEUR;11286679;688;
18.12.2024;10:42:13.413;FGBL SI 20250306 PS;SIMPLE_INSTRUMENT;EFS;EUR;44;134.60000000;343;EXCHANGE_LAST;;1;1;XEUR;11286679;688;
18.12.2024;10:46:31.988;FGBL SI 20250306 PS;SIMPLE_INSTRUMENT;EFS;EUR;45;134.54000000;202;EXCHANGE_LAST;;1;1;XEUR;11286679;688;
18.12.2024;10:58:08.344;FGBL SI 20250306 PS;SIMPLE_INSTRUMENT;EFS;EUR;46;134.59000000;203;EXCHANGE_LAST;;1;1;XEUR;11286679;688;
18.12.2024;10:54:27.822;FGBL SI 20250306 PS;SIMPLE_INSTRUMENT;EFS;EUR;47;134.52000000;406;EXCHANGE_LAST;;1;1;XEUR;11286679;688;
18.12.2024;10:54:57.842;FGBL SI 20250306 PS;SIMPLE_INSTRUMENT;EFS;EUR;48;134.52000000;406;EXCHANGE_LAST;;1;1;XEUR;11286679;688;
18.12.2024;10:55:02.847;FGBL SI 20250306 PS;SIMPLE_INSTRUMENT;EFS;EUR;49;134.56000000;406;EXCHANGE_LAST;;1;1;XEUR;11286679;688;
18.12.2024;10:55:22.865;FGBL SI 20250306 PS;SIMPLE_INSTRUMENT;EFS;EUR;50;134.52000000;203;EXCHANGE_LAST;;1;1;XEUR;11286679;688;
18.12.2024;11:11:34.458;FGBL SI 20250306 PS;SIMPLE_INSTRUMENT;EFS;EUR;51;134.56000000;406;EXCHANGE_LAST;;1;1;XEUR;11286679;688;
18.12.2024;11:13:59.534;FGBL SI 20250306 PS;SIMPLE_INSTRUMENT;EFS;EUR;52;134.56000000;203;EXCHANGE_LAST;;1;1;XEUR;11286679;688;
18.12.2024;11:14:44.562;FGBL SI 20250306 PS;SIMPLE_INSTRUMENT;EFS;EUR;53;134.56000000;203;EXCHANGE_LAST;;1;1;XEUR;11286679;688;
18.12.2024;11:16:40.483;FGBL SI 20250306 PS;SIMPLE_INSTRUMENT;EFS;EUR;54;134.55000000;405;EXCHANGE_LAST;;1;1;XEUR;11286679;688;
18.12.2024;11:17:15.524;FGBL SI 20250306 PS;SIMPLE_INSTRUMENT;EFS;EUR;55;134.57000000;405;EXCHANGE_LAST;;1;1;XEUR;11286679;688;
18.12.2024;11:31:12.149;FGBL SI 20250306 PS;SIMPLE_INSTRUMENT;EFS;EUR;56;134.58000000;406;EXCHANGE_LAST;;1;1;XEUR;11286679;688;
18.12.2024;11:46:32.693;FGBL SI 20250306 PS;SIMPLE_INSTRUMENT;EFS;EUR;57;134.56000000;406;EXCHANGE_LAST;;1;1;XEUR;11286679;688;
18.12.2024;11:47:47.752;FGBL SI 20250306 PS;SIMPLE_INSTRUMENT;EFS;EUR;58;134.54000000;406;EXCHANGE_LAST;;1;1;XEUR;11286679;688;
18.12.2024;11:48:12.768;FGBL SI 20250306 PS;SIMPLE_INSTRUMENT;EFS;EUR;59;134.54000000;406;EXCHANGE_LAST;;1;1;XEUR;11286679;688;
18.12.2024;11:49:32.240;FGBL SI 20250306 PS;SIMPLE_INSTRUMENT;EFS;EUR;60;134.54000000;405;EXCHANGE_LAST;;1;1;XEUR;11286679;688;
18.12.2024;11:56:03.044;FGBL SI 20250306 PS;SIMPLE_INSTRUMENT;EFS;EUR;61;134.51000000;441;EXCHANGE_LAST;;1;1;XEUR;11286679;688;
18.12.2024;11:58:08.125;FGBL SI 20250306 PS;SIMPLE_INSTRUMENT;EFS;EUR;62;134.51000000;406;EXCHANGE_LAST;;1;1;XEUR;11286679;688;
18.12.2024;11:59:24.176;FGBL SI 20250306 PS;SIMPLE_INSTRUMENT;EFS;EUR;63;134.53000000;406;EXCHANGE_LAST;;1;1;XEUR;11286679;688;
18.12.2024;11:59:48.195;FGBL SI 20250306 PS;SIMPLE_INSTRUMENT;EFS;EUR;64;134.53000000;406;EXCHANGE_LAST;;1;1;XEUR;11286679;688;
18.12.2024;12:00:52.160;FGBL SI 20250306 PS;SIMPLE_INSTRUMENT;EFP_FIN;EUR;65;134.54000000;862;EXCHANGE_LAST;;1;1;XEUR;11286679;688;
18.12.2024;12:01:14.200;FGBL SI 20250306 PS;SIMPLE_INSTRUMENT;EFP_FIN;EUR;66;134.60000000;1317;EXCHANGE_LAST;;1;1;XEUR;11286679;688;
18.12.2024;12:06:34.762;FGBL SI 20250306 PS;SIMPLE_INSTRUMENT;EFS;EUR;67;134.54000000;406;EXCHANGE_LAST;;1;1;XEUR;11286679;688;
18.12.2024;12:14:29.211;FGBL SI 20250306 PS;SIMPLE_INSTRUMENT;EFS;EUR;68;134.54000000;200;EXCHANGE_LAST;;1;1;XEUR;11286679;688;
18.12.2024;12:20:00.714;FGBL SI 20250306 PS;SIMPLE_INSTRUMENT;EFP_FIN;EUR;69;134.53000000;371;EXCHANGE_LAST;;1;1;XEUR;11286679;688;
18.12.2024;12:19:01.153;FGBL SI 20250306 PS;SIMPLE_INSTRUMENT;EFS;EUR;70;134.54000000;881;EXCHANGE_LAST;;1;1;XEUR;11286679;688;
18.12.2024;12:19:01.153;FGBL SI 20250306 PS;SIMPLE_INSTRUMENT;EFS;EUR;71;134.55000000;882;EXCHANGE_LAST;;1;1;XEUR;11286679;688;
18.12.2024;12:20:44.141;FGBL SI 20250306 PS;SIMPLE_INSTRUMENT;EFS;EUR;72;134.54000000;405;EXCHANGE_LAST;;1;1;XEUR;11286679;688;
18.12.2024;12:21:30.970;FGBL SI 20250306 PS;SIMPLE_INSTRUMENT;EFS;EUR;73;134.55000000;812;EXCHANGE_LAST;;1;1;XEUR;11286679;688;
18.12.2024;12:21:40.979;FGBL SI 20250306 PS;SIMPLE_INSTRUMENT;EFS;EUR;74;134.58000000;406;EXCHANGE_LAST;;1;1;XEUR;11286679;688;
18.12.2024;12:22:06.000;FGBL SI 20250306 PS;SIMPLE_INSTRUMENT;EFS;EUR;75;134.55000000;406;EXCHANGE_LAST;;1;1;XEUR;11286679;688;
18.12.2024;12:24:01.086;FGBL SI 20250306 PS;SIMPLE_INSTRUMENT;EFS;EUR;76;134.55000000;406;EXCHANGE_LAST;;1;1;XEUR;11286679;688;
18.12.2024;12:24:47.127;FGBL SI 20250306 PS;SIMPLE_INSTRUMENT;EFS;EUR;77;134.54000000;3839;EXCHANGE_LAST;;1;1;XEUR;11286679;688;
18.12.2024;12:25:47.167;FGBL SI 20250306 PS;SIMPLE_INSTRUMENT;EFS;EUR;78;134.56000000;203;EXCHANGE_LAST;;1;1;XEUR;11286679;688;
18.12.2024;12:36:09.842;FGBL SI 20250306 PS;SIMPLE_INSTRUMENT;EFS;EUR;79;134.55000000;220;EXCHANGE_LAST;;1;1;XEUR;11286679;688;
18.12.2024;12:42:07.822;FGBL SI 20250306 PS;SIMPLE_INSTRUMENT;EFP_FIN;EUR;80;134.56000000;793;EXCHANGE_LAST;;1;1;XEUR;11286679;688;
18.12.2024;12:44:15.870;FGBL SI 20250306 PS;SIMPLE_INSTRUMENT;EFP_FIN;EUR;81;134.53000000;917;EXCHANGE_LAST;;1;1;XEUR;11286679;688;
18.12.2024;12:51:03.541;FGBL SI 20250306 PS;SIMPLE_INSTRUMENT;EFP_FIN;EUR;82;134.49000000;454;EXCHANGE_LAST;;1;1;XEUR;11286679;688;
18.12.2024;12:57:09.915;FGBL SI 20250306 PS;SIMPLE_INSTRUMENT;EFS;EUR;83;134.53000000;105;EXCHANGE_LAST;;1;1;XEUR;11286679;688;
18.12.2024;13:01:30.130;FGBL SI 20250306 PS;SIMPLE_INSTRUMENT;EFP_FIN;EUR;84;134.52000000;793;EXCHANGE_LAST;;1;1;XEUR;11286679;688;
18.12.2024;13:08:55.739;FGBL SI 20250306 PS;SIMPLE_INSTRUMENT;EFS;EUR;85;134.45000000;406;EXCHANGE_LAST;;1;1;XEUR;11286679;688;
18.12.2024;13:14:10.913;FGBL SI 20250306 PS;SIMPLE_INSTRUMENT;EFS;EUR;86;134.45000000;812;EXCHANGE_LAST;;1;1;XEUR;11286679;688;
18.12.2024;13:14:45.935;FGBL SI 20250306 PS;SIMPLE_INSTRUMENT;EFS;EUR;87;134.44000000;406;EXCHANGE_LAST;;1;1;XEUR;11286679;688;
18.12.2024;13:15:19.804;FGBL SI 20250306 PS;SIMPLE_INSTRUMENT;EFS;EUR;88;134.43000000;1215;EXCHANGE_LAST;;1;1;XEUR;11286679;688;
18.12.2024;13:15:34.464;FGBL SI 20250306 PS;SIMPLE_INSTRUMENT;EFS;EUR;89;134.44000000;405;EXCHANGE_LAST;;1;1;XEUR;11286679;688;
18.12.2024;13:17:56.338;FGBL SI 20250306 PS;SIMPLE_INSTRUMENT;EFS;EUR;90;134.45000000;496;EXCHANGE_LAST;;1;1;XEUR;11286679;688;
18.12.2024;13:18:07.056;FGBL SI 20250306 PS;SIMPLE_INSTRUMENT;EFS;EUR;91;134.44000000;406;EXCHANGE_LAST;;1;1;XEUR;11286679;688;
18.12.2024;13:20:13.718;FGBL SI 20250306 PS;SIMPLE_INSTRUMENT;EFP_FIN;EUR;92;134.44000000;275;EXCHANGE_LAST;;1;1;XEUR;11286679;688;
18.12.2024;13:20:16.928;FGBL SI 20250306 PS;SIMPLE_INSTRUMENT;EFS;EUR;93;134.43000000;203;EXCHANGE_LAST;;1;1;XEUR;11286679;688;
18.12.2024;13:24:14.409;FGBL SI 20250306 PS;SIMPLE_INSTRUMENT;EFP_FIN;EUR;94;134.44000000;186;EXCHANGE_LAST;;1;1;XEUR;11286679;688;
18.12.2024;13:23:31.449;FGBL SI 20250306 PS;SIMPLE_INSTRUMENT;EFP_FIN;EUR;95;134.44000000;125;EXCHANGE_LAST;;1;1;XEUR;11286679;688;
18.12.2024;13:48:50.981;FGBL SI 20250306 PS;SIMPLE_INSTRUMENT;EFS;EUR;96;134.44000000;185;EXCHANGE_LAST;;1;1;XEUR;11286679;688;
18.12.2024;14:03:10.731;FGBL SI 20250306 PS;SIMPLE_INSTRUMENT;EFS;EUR;97;134.49000000;406;EXCHANGE_LAST;;1;1;XEUR;11286679;688;
18.12.2024;14:03:30.800;FGBL SI 20250306 PS;SIMPLE_INSTRUMENT;EFS;EUR;98;134.49000000;202;EXCHANGE_LAST;;1;1;XEUR;11286679;688;
18.12.2024;14:04:24.088;FGBL SI 20250306 PS;SIMPLE_INSTRUMENT;EFS;EUR;99;134.54000000;202;EXCHANGE_LAST;;1;1;XEUR;11286679;688;
18.12.2024;14:04:40.406;FGBL SI 20250306 PS;SIMPLE_INSTRUMENT;EFP_FIN;EUR;100;134.50000000;518;EXCHANGE_LAST;;1;1;XEUR;11286679;688;
18.12.2024;14:06:20.847;FGBL SI 20250306 PS;SIMPLE_INSTRUMENT;EFS;EUR;101;134.58000000;203;EXCHANGE_LAST;;1;1;XEUR;11286679;688;
18.12.2024;14:07:56.755;FGBL SI 20250306 PS;SIMPLE_INSTRUMENT;EFS;EUR;102;134.56000000;405;EXCHANGE_LAST;;1;1;XEUR;11286679;688;
18.12.2024;14:11:37.060;FGBL SI 20250306 PS;SIMPLE_INSTRUMENT;EFS;EUR;103;134.58000000;203;EXCHANGE_LAST;;1;1;XEUR;11286679;688;
18.12.2024;14:18:27.316;FGBL SI 20250306 PS;SIMPLE_INSTRUMENT;EFS;EUR;104;134.59000000;406;EXCHANGE_LAST;;1;1;XEUR;11286679;688;
18.12.2024;14:18:42.327;FGBL SI 20250306 PS;SIMPLE_INSTRUMENT;EFS;EUR;105;134.59000000;203;EXCHANGE_LAST;;1;1;XEUR;11286679;688;
18.12.2024;14:18:57.339;FGBL SI 20250306 PS;SIMPLE_INSTRUMENT;EFS;EUR;106;134.59000000;406;EXCHANGE_LAST;;1;1;XEUR;11286679;688;
18.12.2024;14:19:17.355;FGBL SI 20250306 PS;SIMPLE_INSTRUMENT;EFS;EUR;107;134.59000000;203;EXCHANGE_LAST;;1;1;XEUR;11286679;688;
18.12.2024;14:19:32.367;FGBL SI 20250306 PS;SIMPLE_INSTRUMENT;EFS;EUR;108;134.59000000;406;EXCHANGE_LAST;;1;1;XEUR;11286679;688;
18.12.2024;14:21:35.524;FGBL SI 20250306 PS;SIMPLE_INSTRUMENT;EFS;EUR;109;134.60000000;387;EXCHANGE_LAST;;1;1;XEUR;11286679;688;
18.12.2024;14:27:12.697;FGBL SI 20250306 PS;SIMPLE_INSTRUMENT;EFS;EUR;110;134.60000000;283;EXCHANGE_LAST;;1;1;XEUR;11286679;688;
18.12.2024;14:29:46.210;FGBL SI 20250306 PS;SIMPLE_INSTRUMENT;EFS;EUR;111;134.59000000;441;EXCHANGE_LAST;;1;1;XEUR;11286679;688;
18.12.2024;14:45:19.678;FGBL SI 20250306 PS;SIMPLE_INSTRUMENT;EFP_FIN;EUR;112;134.59000000;227;EXCHANGE_LAST;;1;1;XEUR;11286679;688;
18.12.2024;14:50:00.270;FGBL SI 20250306 PS;SIMPLE_INSTRUMENT;EFP_FIN;EUR;113;134.59000000;360;EXCHANGE_LAST;;1;1;XEUR;11286679;688;
18.12.2024;14:51:42.433;FGBL SI 20250306 PS;SIMPLE_INSTRUMENT;EFS;EUR;114;134.62000000;405;EXCHANGE_LAST;;1;1;XEUR;11286679;688;
18.12.2024;14:52:21.887;FGBL SI 20250306 PS;SIMPLE_INSTRUMENT;EFS;EUR;115;134.61000000;243;EXCHANGE_LAST;;1;1;XEUR;11286679;688;
18.12.2024;14:53:14.143;FGBL SI 20250306 PS;SIMPLE_INSTRUMENT;EFS;EUR;116;134.62000000;202;EXCHANGE_LAST;;1;1;XEUR;11286679;688;
18.12.2024;14:55:40.508;FGBL SI 20250306 PS;SIMPLE_INSTRUMENT;EFP_FIN;EUR;117;134.59000000;371;EXCHANGE_LAST;;1;1;XEUR;11286679;688;
18.12.2024;15:00:48.603;FGBL SI 20250306 PS;SIMPLE_INSTRUMENT;EFP_FIN;EUR;118;134.63000000;102;EXCHANGE_LAST;;1;1;XEUR;11286679;688;
18.12.2024;15:12:00.127;FGBL SI 20250306 PS;SIMPLE_INSTRUMENT;EFP_FIN;EUR;119;134.59000000;268;EXCHANGE_LAST;;1;1;XEUR;11286679;688;
18.12.2024;15:27:48.917;FGBL SI 20250306 PS;SIMPLE_INSTRUMENT;EFS;EUR;120;134.51000000;406;EXCHANGE_LAST;;1;1;XEUR;11286679;688;
18.12.2024;15:28:08.942;FGBL SI 20250306 PS;SIMPLE_INSTRUMENT;EFS;EUR;121;134.52000000;406;EXCHANGE_LAST;;1;1;XEUR;11286679;688;
18.12.2024;15:29:07.321;FGBL SI 20250306 PS;SIMPLE_INSTRUMENT;EFS;EUR;122;134.58000000;609;EXCHANGE_LAST;;1;1;XEUR;11286679;688;
18.12.2024;15:35:17.173;FGBL SI 20250306 PS;SIMPLE_INSTRUMENT;EFS;EUR;123;134.52000000;202;EXCHANGE_LAST;;1;1;XEUR;11286679;688;
18.12.2024;15:43:54.976;FGBL SI 20250306 PS;SIMPLE_INSTRUMENT;EFS;EUR;124;134.51000000;463;EXCHANGE_LAST;;1;1;XEUR;11286679;688;
18.12.2024;15:56:45.971;FGBL SI 20250306 PS;SIMPLE_INSTRUMENT;EFS;EUR;125;134.62000000;406;EXCHANGE_LAST;;1;1;XEUR;11286679;688;
18.12.2024;16:05:27.284;FGBL SI 20250306 PS;SIMPLE_INSTRUMENT;EFS;EUR;126;134.64000000;125;EXCHANGE_LAST;;1;1;XEUR;11286679;688;
18.12.2024;16:09:40.428;FGBL SI 20250306 PS;SIMPLE_INSTRUMENT;EFS;EUR;127;134.62000000;406;EXCHANGE_LAST;;1;1;XEUR;11286679;688;
18.12.2024;16:08:01.450;FGBL SI 20250306 PS;SIMPLE_INSTRUMENT;EFP_FIN;EUR;128;134.54000000;371;EXCHANGE_LAST;;1;1;XEUR;11286679;688;
18.12.2024;16:11:38.492;FGBL SI 20250306 PS;SIMPLE_INSTRUMENT;EFS;EUR;129;134.60000000;203;EXCHANGE_LAST;;1;1;XEUR;11286679;688;
18.12.2024;16:12:52.556;FGBL SI 20250306 PS;SIMPLE_INSTRUMENT;EFS;EUR;130;134.60000000;203;EXCHANGE_LAST;;1;1;XEUR;11286679;688;
18.12.2024;16:15:45.419;FGBL SI 20250306 PS;SIMPLE_INSTRUMENT;EFS;EUR;131;134.61000000;88;EXCHANGE_LAST;;1;1;XEUR;11286679;688;
18.12.2024;16:17:58.764;FGBL SI 20250306 PS;SIMPLE_INSTRUMENT;EFS;EUR;132;134.63000000;203;EXCHANGE_LAST;;1;1;XEUR;11286679;688;
18.12.2024;16:23:38.512;FGBL SI 20250306 PS;SIMPLE_INSTRUMENT;EFS;EUR;133;134.64000000;462;EXCHANGE_LAST;;1;1;XEUR;11286679;688;
18.12.2024;16:26:14.073;FGBL SI 20250306 PS;SIMPLE_INSTRUMENT;EFS;EUR;134;134.64000000;406;EXCHANGE_LAST;;1;1;XEUR;11286679;688;
18.12.2024;16:28:41.034;FGBL SI 20250306 PS;SIMPLE_INSTRUMENT;EFS;EUR;135;134.64000000;131;EXCHANGE_LAST;;1;1;XEUR;11286679;688;
18.12.2024;16:40:26.422;FGBL SI 20250306 PS;SIMPLE_INSTRUMENT;EFS;EUR;136;134.62000000;221;EXCHANGE_LAST;;1;1;XEUR;11286679;688;
18.12.2024;16:46:36.795;FGBL SI 20250306 PS;SIMPLE_INSTRUMENT;EFP_FIN;EUR;137;134.62000000;294;EXCHANGE_LAST;;1;1;XEUR;11286679;688;
18.12.2024;16:52:31.092;FGBL SI 20250306 PS;SIMPLE_INSTRUMENT;EFS;EUR;138;134.59000000;405;EXCHANGE_LAST;;1;1;XEUR;11286679;688;
18.12.2024;16:56:19.596;FGBL SI 20250306 PS;SIMPLE_INSTRUMENT;EFS;EUR;139;134.64000000;2000;EXCHANGE_LAST;;1;1;XEUR;11286679;688;
18.12.2024;18:14:58.440;FGBL SI 20250306 PS;SIMPLE_INSTRUMENT;EFS;EUR;140;134.68000000;202;EXCHANGE_LAST;;1;1;XEUR;11286679;688;
18.12.2024;09:12:13.374;FGBL SI 20250306 PS;SIMPLE_INSTRUMENT;VOLA;EUR;268435464;134.71000000;195;EXCHANGE_LAST;;1;1;XEUR;11286679;688;
18.12.2024;10:17:58.962;FGBL SI 20250306 PS;SIMPLE_INSTRUMENT;VOLA;EUR;268435466;134.52000000;40;EXCHANGE_LAST;;1;1;XEUR;11286679;688;
18.12.2024;10:39:00.208;FGBL SI 20250306 PS;SIMPLE_INSTRUMENT;VOLA;EUR;268435469;134.60000000;1029;EXCHANGE_LAST;;1;1;XEUR;11286679;688;
18.12.2024;11:24:38.112;FGBL SI 20250306 PS;SIMPLE_INSTRUMENT;VOLA;EUR;268435477;134.58000000;38;EXCHANGE_LAST;;1;1;XEUR;11286679;688;
18.12.2024;11:27:52.052;FGBL SI 20250306 PS;SIMPLE_INSTRUMENT;VOLA;EUR;268435481;134.57000000;110;EXCHANGE_LAST;;1;1;XEUR;11286679;688;
18.12.2024;11:29:31.010;FGBL SI 20250306 PS;SIMPLE_INSTRUMENT;VOLA;EUR;268435484;134.58000000;24;EXCHANGE_LAST;;1;1;XEUR;11286679;688;
18.12.2024;11:30:46.551;FGBL SI 20250306 PS;SIMPLE_INSTRUMENT;VOLA;EUR;268435485;134.57000000;30;EXCHANGE_LAST;;1;1;XEUR;11286679;688;
18.12.2024;11:30:57.062;FGBL SI 20250306 PS;SIMPLE_INSTRUMENT;VOLA;EUR;268435486;134.57000000;178;EXCHANGE_LAST;;1;1;XEUR;11286679;688;
18.12.2024;11:30:47.131;FGBL SI 20250306 PS;SIMPLE_INSTRUMENT;VOLA;EUR;268435487;134.57000000;30;EXCHANGE_LAST;;1;1;XEUR;11286679;688;
18.12.2024;11:33:03.070;FGBL SI 20250306 PS;SIMPLE_INSTRUMENT;VOLA;EUR;268435488;134.57000000;110;EXCHANGE_LAST;;1;1;XEUR;11286679;688;
18.12.2024;14:37:49.776;FGBL SI 20250306 PS;SIMPLE_INSTRUMENT;VOLA;EUR;268435506;134.60000000;337;EXCHANGE_LAST;;1;1;XEUR;11286679;688;
18.12.2024;14:38:51.285;FGBL SI 20250306 PS;SIMPLE_INSTRUMENT;VOLA;EUR;268435507;134.60000000;338;EXCHANGE_LAST;;1;1;XEUR;11286679;688;
18.12.2024;08:27:17.847;FGBM SI 20250306 PS;SIMPLE_INSTRUMENT;EFS;EUR;1;118.32000000;441;EXCHANGE_LAST;;1;1;XEUR;11286680;689;
18.12.2024;08:28:11.855;FGBM SI 20250306 PS;SIMPLE_INSTRUMENT;EFS;EUR;2;118.32000000;883;EXCHANGE_LAST;;1;1;XEUR;11286680;689;
18.12.2024;08:28:41.889;FGBM SI 20250306 PS;SIMPLE_INSTRUMENT;EFS;EUR;3;118.32000000;883;EXCHANGE_LAST;;1;1;XEUR;11286680;689;
18.12.2024;08:29:13.912;FGBM SI 20250306 PS;SIMPLE_INSTRUMENT;EFS;EUR;4;118.32000000;441;EXCHANGE_LAST;;1;1;XEUR;11286680;689;
18.12.2024;08:40:03.778;FGBM SI 20250306 PS;SIMPLE_INSTRUMENT;EFP_FIN;EUR;6;118.31000000;92;EXCHANGE_LAST;;1;1;XEUR;11286680;689;
18.12.2024;08:43:05.617;FGBM SI 20250306 PS;SIMPLE_INSTRUMENT;EFP_FIN;EUR;7;118.32000000;201;EXCHANGE_LAST;;1;1;XEUR;11286680;689;
18.12.2024;08:43:08.642;FGBM SI 20250306 PS;SIMPLE_INSTRUMENT;EFP_FIN;EUR;8;118.32000000;201;EXCHANGE_LAST;;1;1;XEUR;11286680;689;
18.12.2024;08:51:51.538;FGBM SI 20250306 PS;SIMPLE_INSTRUMENT;EFP_FIN;EUR;9;118.31000000;742;EXCHANGE_LAST;;1;1;XEUR;11286680;689;
18.12.2024;09:11:53.042;FGBM SI 20250306 PS;SIMPLE_INSTRUMENT;EFS;EUR;10;118.31000000;885;EXCHANGE_LAST;;1;1;XEUR;11286680;689;
18.12.2024;09:13:32.863;FGBM SI 20250306 PS;SIMPLE_INSTRUMENT;EFS;EUR;11;118.36000000;187;EXCHANGE_LAST;;1;1;XEUR;11286680;689;
18.12.2024;09:22:27.913;FGBM SI 20250306 PS;SIMPLE_INSTRUMENT;EFS;EUR;12;118.32000000;883;EXCHANGE_LAST;;1;1;XEUR;11286680;689;
18.12.2024;09:23:11.572;FGBM SI 20250306 PS;SIMPLE_INSTRUMENT;EFS;EUR;13;118.31000000;1324;EXCHANGE_LAST;;1;1;XEUR;11286680;689;
18.12.2024;09:27:34.927;FGBM SI 20250306 PS;SIMPLE_INSTRUMENT;EFS;EUR;14;118.29000000;883;EXCHANGE_LAST;;1;1;XEUR;11286680;689;
18.12.2024;09:36:25.895;FGBM SI 20250306 PS;SIMPLE_INSTRUMENT;EFS;EUR;15;118.29000000;443;EXCHANGE_LAST;;1;1;XEUR;11286680;689;
18.12.2024;09:37:10.924;FGBM SI 20250306 PS;SIMPLE_INSTRUMENT;EFS;EUR;16;118.29000000;886;EXCHANGE_LAST;;1;1;XEUR;11286680;689;
18.12.2024;09:37:35.945;FGBM SI 20250306 PS;SIMPLE_INSTRUMENT;EFS;EUR;17;118.29000000;886;EXCHANGE_LAST;;1;1;XEUR;11286680;689;
18.12.2024;10:00:37.938;FGBM SI 20250306 PS;SIMPLE_INSTRUMENT;EFS;EUR;18;118.27000000;250;EXCHANGE_LAST;;1;1;XEUR;11286680;689;
18.12.2024;10:08:30.582;FGBM SI 20250306 PS;SIMPLE_INSTRUMENT;EFP_FIN;EUR;19;118.30000000;390;EXCHANGE_LAST;;1;1;XEUR;11286680;689;
18.12.2024;10:18:34.494;FGBM SI 20250306 PS;SIMPLE_INSTRUMENT;EFS;EUR;20;118.29000000;840;EXCHANGE_LAST;;1;1;XEUR;11286680;689;
18.12.2024;10:26:14.277;FGBM SI 20250306 PS;SIMPLE_INSTRUMENT;EFS;EUR;21;118.30000000;1959;EXCHANGE_LAST;;1;1;XEUR;11286680;689;
18.12.2024;10:31:29.253;FGBM SI 20250306 PS;SIMPLE_INSTRUMENT;EFS;EUR;22;118.30000000;980;EXCHANGE_LAST;;1;1;XEUR;11286680;689;
18.12.2024;10:42:22.672;FGBM SI 20250306 PS;SIMPLE_INSTRUMENT;EFS;EUR;23;118.27000000;706;EXCHANGE_LAST;;1;1;XEUR;11286680;689;
18.12.2024;10:47:53.601;FGBM SI 20250306 PS;SIMPLE_INSTRUMENT;EFP_FIN;EUR;24;118.30000000;431;EXCHANGE_LAST;;1;1;XEUR;11286680;689;
18.12.2024;10:59:19.634;FGBM SI 20250306 PS;SIMPLE_INSTRUMENT;EFP_FIN;EUR;25;118.28000000;1078;EXCHANGE_LAST;;1;1;XEUR;11286680;689;
18.12.2024;11:04:23.288;FGBM SI 20250306 PS;SIMPLE_INSTRUMENT;EFP_FIN;EUR;26;118.26000000;189;EXCHANGE_LAST;;1;1;XEUR;11286680;689;
18.12.2024;11:08:48.363;FGBM SI 20250306 PS;SIMPLE_INSTRUMENT;EFP_FIN;EUR;27;118.29000000;431;EXCHANGE_LAST;;1;1;XEUR;11286680;689;
18.12.2024;11:32:07.975;FGBM SI 20250306 PS;SIMPLE_INSTRUMENT;EFS;EUR;28;118.32000000;1469;EXCHANGE_LAST;;1;1;XEUR;11286680;689;
18.12.2024;11:40:35.866;FGBM SI 20250306 PS;SIMPLE_INSTRUMENT;EFP_FIN;EUR;29;118.29000000;92;EXCHANGE_LAST;;1;1;XEUR;11286680;689;
18.12.2024;11:47:07.541;FGBM SI 20250306 PS;SIMPLE_INSTRUMENT;EFP_FIN;EUR;30;118.29000000;431;EXCHANGE_LAST;;1;1;XEUR;11286680;689;
18.12.2024;12:08:34.810;FGBM SI 20250306 PS;SIMPLE_INSTRUMENT;EFS;EUR;31;118.28000000;441;EXCHANGE_LAST;;1;1;XEUR;11286680;689;
18.12.2024;12:14:55.738;FGBM SI 20250306 PS;SIMPLE_INSTRUMENT;EFS;EUR;32;118.27000000;1365;EXCHANGE_LAST;;1;1;XEUR;11286680;689;
18.12.2024;12:20:09.966;FGBM SI 20250306 PS;SIMPLE_INSTRUMENT;EFS;EUR;33;118.27000000;840;EXCHANGE_LAST;;1;1;XEUR;11286680;689;
18.12.2024;12:21:20.961;FGBM SI 20250306 PS;SIMPLE_INSTRUMENT;EFS;EUR;34;118.27000000;886;EXCHANGE_LAST;;1;1;XEUR;11286680;689;
18.12.2024;12:36:59.379;FGBM SI 20250306 PS;SIMPLE_INSTRUMENT;EFS;EUR;35;118.28000000;441;EXCHANGE_LAST;;1;1;XEUR;11286680;689;
18.12.2024;12:40:23.083;FGBM SI 20250306 PS;SIMPLE_INSTRUMENT;EFS;EUR;36;118.25000000;883;EXCHANGE_LAST;;1;1;XEUR;11286680;689;
18.12.2024;12:43:32.829;FGBM SI 20250306 PS;SIMPLE_INSTRUMENT;EFS;EUR;37;118.24000000;1772;EXCHANGE_LAST;;1;1;XEUR;11286680;689;
18.12.2024;12:43:37.833;FGBM SI 20250306 PS;SIMPLE_INSTRUMENT;EFS;EUR;38;118.23000000;1772;EXCHANGE_LAST;;1;1;XEUR;11286680;689;
18.12.2024;12:44:37.873;FGBM SI 20250306 PS;SIMPLE_INSTRUMENT;EFS;EUR;39;118.24000000;886;EXCHANGE_LAST;;1;1;XEUR;11286680;689;
18.12.2024;12:45:37.912;FGBM SI 20250306 PS;SIMPLE_INSTRUMENT;EFS;EUR;40;118.25000000;886;EXCHANGE_LAST;;1;1;XEUR;11286680;689;
18.12.2024;12:51:19.451;FGBM SI 20250306 PS;SIMPLE_INSTRUMENT;EFS;EUR;41;118.24000000;442;EXCHANGE_LAST;;1;1;XEUR;11286680;689;
18.12.2024;14:14:14.857;FGBM SI 20250306 PS;SIMPLE_INSTRUMENT;EFP_FIN;EUR;43;118.25000000;442;EXCHANGE_LAST;;1;1;XEUR;11286680;689;
18.12.2024;14:18:00.644;FGBM SI 20250306 PS;SIMPLE_INSTRUMENT;EFP_FIN;EUR;44;118.23000000;96;EXCHANGE_LAST;;1;1;XEUR;11286680;689;
18.12.2024;15:01:37.590;FGBM SI 20250306 PS;SIMPLE_INSTRUMENT;EFS;EUR;45;118.31000000;980;EXCHANGE_LAST;;1;1;XEUR;11286680;689;
18.12.2024;15:08:07.233;FGBM SI 20250306 PS;SIMPLE_INSTRUMENT;EFS;EUR;46;118.31000000;490;EXCHANGE_LAST;;1;1;XEUR;11286680;689;
18.12.2024;15:17:38.786;FGBM SI 20250306 PS;SIMPLE_INSTRUMENT;EFS;EUR;47;118.28000000;980;EXCHANGE_LAST;;1;1;XEUR;11286680;689;
18.12.2024;15:24:33.011;FGBM SI 20250306 PS;SIMPLE_INSTRUMENT;EFS;EUR;48;118.31000000;1886;EXCHANGE_LAST;;1;1;XEUR;11286680;689;
18.12.2024;15:26:53.665;FGBM SI 20250306 PS;SIMPLE_INSTRUMENT;EFS;EUR;49;118.26000000;373;EXCHANGE_LAST;;1;1;XEUR;11286680;689;
18.12.2024;15:30:38.298;FGBM SI 20250306 PS;SIMPLE_INSTRUMENT;EFS;EUR;50;118.21000000;382;EXCHANGE_LAST;;1;1;XEUR;11286680;689;
18.12.2024;15:37:30.792;FGBM SI 20250306 PS;SIMPLE_INSTRUMENT;EFS;EUR;51;118.25000000;884;EXCHANGE_LAST;;1;1;XEUR;11286680;689;
18.12.2024;15:50:16.963;FGBM SI 20250306 PS;SIMPLE_INSTRUMENT;EFP_FIN;EUR;52;118.26000000;431;EXCHANGE_LAST;;1;1;XEUR;11286680;689;
18.12.2024;16:08:23.546;FGBM SI 20250306 PS;SIMPLE_INSTRUMENT;EFS;EUR;53;118.31000000;935;EXCHANGE_LAST;;1;1;XEUR;11286680;689;
18.12.2024;16:14:38.642;FGBM SI 20250306 PS;SIMPLE_INSTRUMENT;EFS;EUR;54;118.29000000;443;EXCHANGE_LAST;;1;1;XEUR;11286680;689;
18.12.2024;16:15:28.675;FGBM SI 20250306 PS;SIMPLE_INSTRUMENT;EFS;EUR;55;118.30000000;443;EXCHANGE_LAST;;1;1;XEUR;11286680;689;
18.12.2024;16:18:08.773;FGBM SI 20250306 PS;SIMPLE_INSTRUMENT;EFS;EUR;56;118.30000000;443;EXCHANGE_LAST;;1;1;XEUR;11286680;689;
18.12.2024;16:25:36.358;FGBM SI 20250306 PS;SIMPLE_INSTRUMENT;EFP_FIN;EUR;57;118.29000000;175;EXCHANGE_LAST;;1;1;XEUR;11286680;689;
18.12.2024;16:42:59.136;FGBM SI 20250306 PS;SIMPLE_INSTRUMENT;EFS;EUR;58;118.30000000;980;EXCHANGE_LAST;;1;1;XEUR;11286680;689;
18.12.2024;16:45:30.736;FGBM SI 20250306 PS;SIMPLE_INSTRUMENT;EFS;EUR;59;118.28000000;886;EXCHANGE_LAST;;1;1;XEUR;11286680;689;
18.12.2024;16:46:36.774;FGBM SI 20250306 PS;SIMPLE_INSTRUMENT;EFP_FIN;EUR;60;118.30000000;336;EXCHANGE_LAST;;1;1;XEUR;11286680;689;
18.12.2024;16:49:20.221;FGBM SI 20250306 PS;SIMPLE_INSTRUMENT;EFS;EUR;61;118.29000000;840;EXCHANGE_LAST;;1;1;XEUR;11286680;689;
18.12.2024;16:51:07.024;FGBM SI 20250306 PS;SIMPLE_INSTRUMENT;EFS;EUR;62;118.30000000;980;EXCHANGE_LAST;;1;1;XEUR;11286680;689;
18.12.2024;16:55:04.588;FGBM SI 20250306 PS;SIMPLE_INSTRUMENT;EFS;EUR;63;118.30000000;2000;EXCHANGE_LAST;;1;1;XEUR;11286680;689;
18.12.2024;08:38:01.056;FGBS SI 20250306 PS;SIMPLE_INSTRUMENT;EFS;EUR;1;107.09000000;1364;EXCHANGE_LAST;;1;1;XEUR;11286681;690;
18.12.2024;08:52:27.551;FGBS SI 20250306 PS;SIMPLE_INSTRUMENT;EFS;EUR;2;107.10000000;2728;EXCHANGE_LAST;;1;1;XEUR;11286681;690;
18.12.2024;09:24:53.047;FGBS SI 20250306 PS;SIMPLE_INSTRUMENT;EFS;EUR;3;107.09000000;2000;EXCHANGE_LAST;;1;1;XEUR;11286681;690;
18.12.2024;09:30:32.308;FGBS SI 20250306 PS;SIMPLE_INSTRUMENT;EFP_FIN;EUR;4;107.09000000;467;EXCHANGE_LAST;;1;1;XEUR;11286681;690;
18.12.2024;09:42:26.378;FGBS SI 20250306 PS;SIMPLE_INSTRUMENT;EFP_FIN;EUR;5;107.10000000;142;EXCHANGE_LAST;;1;1;XEUR;11286681;690;
18.12.2024;09:48:14.146;FGBS SI 20250306 PS;SIMPLE_INSTRUMENT;EFP_FIN;EUR;6;107.09000000;328;EXCHANGE_LAST;;1;1;XEUR;11286681;690;
18.12.2024;10:01:59.868;FGBS SI 20250306 PS;SIMPLE_INSTRUMENT;EFS;EUR;7;107.09000000;2183;EXCHANGE_LAST;;1;1;XEUR;11286681;690;
18.12.2024;10:09:47.065;FGBS SI 20250306 PS;SIMPLE_INSTRUMENT;EFP_FIN;EUR;8;107.09000000;234;EXCHANGE_LAST;;1;1;XEUR;11286681;690;
18.12.2024;10:48:43.497;FGBS SI 20250306 PS;SIMPLE_INSTRUMENT;EFS;EUR;9;107.09000000;8184;EXCHANGE_LAST;;1;1;XEUR;11286681;690;
18.12.2024;11:14:07.739;FGBS SI 20250306 PS;SIMPLE_INSTRUMENT;EFP_FIN;EUR;10;107.08500000;937;EXCHANGE_LAST;;1;1;XEUR;11286681;690;
18.12.2024;11:18:59.021;FGBS SI 20250306 PS;SIMPLE_INSTRUMENT;EFS;EUR;11;107.10000000;2728;EXCHANGE_LAST;;1;1;XEUR;11286681;690;
18.12.2024;11:36:53.442;FGBS SI 20250306 PS;SIMPLE_INSTRUMENT;EFS;EUR;12;107.10500000;2727;EXCHANGE_LAST;;1;1;XEUR;11286681;690;
18.12.2024;11:39:01.088;FGBS SI 20250306 PS;SIMPLE_INSTRUMENT;EFP_FIN;EUR;13;107.09500000;495;EXCHANGE_LAST;;1;1;XEUR;11286681;690;
18.12.2024;11:48:32.082;FGBS SI 20250306 PS;SIMPLE_INSTRUMENT;EFP_FIN;EUR;14;107.10000000;1870;EXCHANGE_LAST;;1;1;XEUR;11286681;690;
18.12.2024;11:52:32.373;FGBS SI 20250306 PS;SIMPLE_INSTRUMENT;EFP_FIN;EUR;15;107.09500000;110;EXCHANGE_LAST;;1;1;XEUR;11286681;690;
18.12.2024;12:07:53.842;FGBS SI 20250306 PS;SIMPLE_INSTRUMENT;EFS;EUR;16;107.09000000;2728;EXCHANGE_LAST;;1;1;XEUR;11286681;690;
18.12.2024;12:46:44.404;FGBS SI 20250306 PS;SIMPLE_INSTRUMENT;EFP_FIN;EUR;17;107.10000000;126;EXCHANGE_LAST;;1;1;XEUR;11286681;690;
18.12.2024;13:24:38.571;FGBS SI 20250306 PS;SIMPLE_INSTRUMENT;EFP_FIN;EUR;18;107.09000000;1942;EXCHANGE_LAST;;1;1;XEUR;11286681;690;
18.12.2024;13:50:51.531;FGBS SI 20250306 PS;SIMPLE_INSTRUMENT;EFP_FIN;EUR;19;107.08000000;2038;EXCHANGE_LAST;;1;1;XEUR;11286681;690;
18.12.2024;13:54:20.840;FGBS SI 20250306 PS;SIMPLE_INSTRUMENT;EFP_FIN;EUR;20;107.07000000;265;EXCHANGE_LAST;;1;1;XEUR;11286681;690;
18.12.2024;14:08:38.638;FGBS SI 20250306 PS;SIMPLE_INSTRUMENT;EFP_FIN;EUR;21;107.09000000;656;EXCHANGE_LAST;;1;1;XEUR;11286681;690;
18.12.2024;14:10:26.499;FGBS SI 20250306 PS;SIMPLE_INSTRUMENT;EFS;EUR;24;107.09000000;5201;EXCHANGE_LAST;;1;1;XEUR;11286681;690;
18.12.2024;14:10:42.096;FGBS SI 20250306 PS;SIMPLE_INSTRUMENT;EFP_FIN;EUR;25;107.08000000;994;EXCHANGE_LAST;;1;1;XEUR;11286681;690;
18.12.2024;14:14:30.073;FGBS SI 20250306 PS;SIMPLE_INSTRUMENT;EFP_FIN;EUR;26;107.08000000;497;EXCHANGE_LAST;;1;1;XEUR;11286681;690;
18.12.2024;14:13:46.812;FGBS SI 20250306 PS;SIMPLE_INSTRUMENT;EFP_FIN;EUR;27;107.10000000;931;EXCHANGE_LAST;;1;1;XEUR;11286681;690;
18.12.2024;14:14:07.987;FGBS SI 20250306 PS;SIMPLE_INSTRUMENT;EFP_FIN;EUR;28;107.08000000;1988;EXCHANGE_LAST;;1;1;XEUR;11286681;690;
18.12.2024;14:25:32.878;FGBS SI 20250306 PS;SIMPLE_INSTRUMENT;EFS;EUR;29;107.10500000;1364;EXCHANGE_LAST;;1;1;XEUR;11286681;690;
18.12.2024;14:26:06.596;FGBS SI 20250306 PS;SIMPLE_INSTRUMENT;EFP_FIN;EUR;30;107.09000000;655;EXCHANGE_LAST;;1;1;XEUR;11286681;690;
18.12.2024;14:39:21.858;FGBS SI 20250306 PS;SIMPLE_INSTRUMENT;EFP_FIN;EUR;31;107.10000000;851;EXCHANGE_LAST;;1;1;XEUR;11286681;690;
18.12.2024;14:41:14.328;FGBS SI 20250306 PS;SIMPLE_INSTRUMENT;EFS;EUR;32;107.10500000;1364;EXCHANGE_LAST;;1;1;XEUR;11286681;690;
18.12.2024;14:44:43.306;FGBS SI 20250306 PS;SIMPLE_INSTRUMENT;EFS;EUR;33;107.10000000;1364;EXCHANGE_LAST;;1;1;XEUR;11286681;690;
18.12.2024;14:51:28.573;FGBS SI 20250306 PS;SIMPLE_INSTRUMENT;EFP_FIN;EUR;34;107.11000000;497;EXCHANGE_LAST;;1;1;XEUR;11286681;690;
18.12.2024;15:00:01.584;FGBS SI 20250306 PS;SIMPLE_INSTRUMENT;EFS;EUR;35;107.11000000;2724;EXCHANGE_LAST;;1;1;XEUR;11286681;690;
18.12.2024;15:06:58.028;FGBS SI 20250306 PS;SIMPLE_INSTRUMENT;EFS;EUR;36;107.11500000;1363;EXCHANGE_LAST;;1;1;XEUR;11286681;690;
18.12.2024;15:10:50.094;FGBS SI 20250306 PS;SIMPLE_INSTRUMENT;EFP_FIN;EUR;37;107.10500000;268;EXCHANGE_LAST;;1;1;XEUR;11286681;690;
18.12.2024;15:11:15.275;FGBS SI 20250306 PS;SIMPLE_INSTRUMENT;EFP_FIN;EUR;38;107.10500000;536;EXCHANGE_LAST;;1;1;XEUR;11286681;690;
18.12.2024;15:52:05.996;FGBS SI 20250306 PS;SIMPLE_INSTRUMENT;EFP_FIN;EUR;39;107.09000000;4105;EXCHANGE_LAST;;1;1;XEUR;11286681;690;
18.12.2024;16:09:02.573;FGBS SI 20250306 PS;SIMPLE_INSTRUMENT;EFP_FIN;EUR;40;107.09000000;467;EXCHANGE_LAST;;1;1;XEUR;11286681;690;
18.12.2024;16:24:52.024;FGBS SI 20250306 PS;SIMPLE_INSTRUMENT;EFS;EUR;41;107.10500000;2727;EXCHANGE_LAST;;1;1;XEUR;11286681;690;
18.12.2024;16:36:48.681;FGBS SI 20250306 PS;SIMPLE_INSTRUMENT;EFS;EUR;42;107.11500000;1363;EXCHANGE_LAST;;1;1;XEUR;11286681;690;
18.12.2024;16:38:33.035;FGBS SI 20250306 PS;SIMPLE_INSTRUMENT;EFS;EUR;43;107.11000000;2727;EXCHANGE_LAST;;1;1;XEUR;11286681;690;
18.12.2024;16:38:46.019;FGBS SI 20250306 PS;SIMPLE_INSTRUMENT;EFS;EUR;44;107.12000000;2736;EXCHANGE_LAST;;1;1;XEUR;11286681;690;
18.12.2024;16:40:19.038;FGBS SI 20250306 PS;SIMPLE_INSTRUMENT;EFS;EUR;45;107.11000000;1363;EXCHANGE_LAST;;1;1;XEUR;11286681;690;
18.12.2024;16:46:36.795;FGBS SI 20250306 PS;SIMPLE_INSTRUMENT;EFP_FIN;EUR;46;107.11000000;343;EXCHANGE_LAST;;1;1;XEUR;11286681;690;
18.12.2024;08:55:34.563;FGBX SI 20250306 PS;SIMPLE_INSTRUMENT;EFS;EUR;4;135.66000000;178;EXCHANGE_LAST;;1;1;XEUR;11286682;691;
18.12.2024;10:24:56.083;FGBX SI 20250306 PS;SIMPLE_INSTRUMENT;EFP_FIN;EUR;10;135.34000000;186;EXCHANGE_LAST;;1;1;XEUR;11286682;691;
18.12.2024;10:18:52.906;FGBX SI 20250306 PS;SIMPLE_INSTRUMENT;EFS;EUR;11;135.44000000;51;EXCHANGE_LAST;;1;1;XEUR;11286682;691;
18.12.2024;10:37:31.817;FGBX SI 20250306 PS;SIMPLE_INSTRUMENT;EFS;EUR;14;135.40000000;340;EXCHANGE_LAST;;1;1;XEUR;11286682;691;
18.12.2024;10:43:30.088;FGBX SI 20250306 PS;SIMPLE_INSTRUMENT;EFS;EUR;15;135.38000000;132;EXCHANGE_LAST;;1;1;XEUR;11286682;691;
18.12.2024;11:21:42.201;FGBX SI 20250306 PS;SIMPLE_INSTRUMENT;EFP_FIN;EUR;17;135.28000000;84;EXCHANGE_LAST;;1;1;XEUR;11286682;691;
18.12.2024;12:14:44.737;FGBX SI 20250306 PS;SIMPLE_INSTRUMENT;EFS;EUR;19;135.26000000;253;EXCHANGE_LAST;;1;1;XEUR;11286682;691;
18.12.2024;12:19:01.132;FGBX SI 20250306 PS;SIMPLE_INSTRUMENT;EFS;EUR;20;135.24000000;340;EXCHANGE_LAST;;1;1;XEUR;11286682;691;
18.12.2024;12:19:01.132;FGBX SI 20250306 PS;SIMPLE_INSTRUMENT;EFS;EUR;21;135.28000000;340;EXCHANGE_LAST;;1;1;XEUR;11286682;691;
18.12.2024;13:10:17.370;FGBX SI 20250306 PS;SIMPLE_INSTRUMENT;EFP_FIN;EUR;24;135.06000000;177;EXCHANGE_LAST;;1;1;XEUR;11286682;691;
18.12.2024;14:00:22.237;FGBX SI 20250306 PS;SIMPLE_INSTRUMENT;EFS;EUR;25;135.06000000;85;EXCHANGE_LAST;;1;1;XEUR;11286682;691;
18.12.2024;14:22:19.006;FGBX SI 20250306 PS;SIMPLE_INSTRUMENT;BLOCK;EUR;26;135.34000000;165;EXCHANGE_LAST;;1;1;XEUR;11286682;691;
18.12.2024;14:27:04.013;FGBX SI 20250306 PS;SIMPLE_INSTRUMENT;EFS;EUR;27;135.28000000;90;EXCHANGE_LAST;;1;1;XEUR;11286682;691;
18.12.2024;14:42:25.861;FGBX SI 20250306 PS;SIMPLE_INSTRUMENT;EFS;EUR;28;135.34000000;89;EXCHANGE_LAST;;1;1;XEUR;11286682;691;
18.12.2024;14:45:37.289;FGBX SI 20250306 PS;SIMPLE_INSTRUMENT;EFS;EUR;29;135.32000000;89;EXCHANGE_LAST;;1;1;XEUR;11286682;691;
18.12.2024;15:25:54.813;FGBX SI 20250306 PS;SIMPLE_INSTRUMENT;EFS;EUR;30;135.34000000;357;EXCHANGE_LAST;;1;1;XEUR;11286682;691;
18.12.2024;11:43:39.604;FGDV SI 20241223 CS;SIMPLE_INSTRUMENT;BLOCK;EUR;39;3015.00000000;70;EXCHANGE_LAST;;1;1;XEUR;10919390;47603;
18.12.2024;11:43:43.605;FGDV SI 20250324 CS;SIMPLE_INSTRUMENT;BLOCK;EUR;41;3018.00000000;56;EXCHANGE_LAST;;1;1;XEUR;11426062;47603;
18.12.2024;11:43:47.605;FGDV SI 20250324 CS;SIMPLE_INSTRUMENT;BLOCK;EUR;42;3018.50000000;14;EXCHANGE_LAST;;1;1;XEUR;11426062;47603;
18.12.2024;16:19:20.220;FIA5 SI 20250320 PS AM P 13.00 0;SIMPLE_INSTRUMENT;BLOCK;EUR;25;1.04000000;1500;EXCHANGE_LAST;;1;1;XEUR;10824869;48227;
18.12.2024;14:05:13.549;FIAK SI 20241219 CS;SIMPLE_INSTRUMENT;BLOCK;EUR;161;12.73000000;1700;EXCHANGE_LAST;;1;1;XEUR;7029937;144766;
18.12.2024;16:56:11.607;FIAK SI 20241219 CS;SIMPLE_INSTRUMENT;BLOCK;EUR;261;12.74590000;210;EXCHANGE_LAST;;1;1;XEUR;7029937;144766;
18.12.2024;09:42:02.696;FLCP.S.DEC24.MAR25.SPD;FUTURES_SPREAD;BLOCK;EUR;17;-2.30000000;301;EXCHANGE_LAST;;1;1;XEUR;72060467371049052;669;
18.12.2024;09:42:02.696;FLCP SI 20250321 CS;SIMPLE_INSTRUMENT;BLOCK;EUR;17;537.20000000;301;PRC_DECOMP_EXCHANGE;;;;XEUR;11359273;669;EXCHANGE
