#Date;TrdTime;Contract;ContractType;TrdTyp;Currency;TesId;Prc;Qty;TrdInd;Aggressor;Buy;Sell;Exch;InstrumentId;RelatedProdId;PrcDecomp
13.01.2025;09:17:12.106;2FE SI 20250116 PS AM P 400.00 0;SIMPLE_INSTRUMENT;BLOCK;EUR;3;4.25000000;230;EXCHANGE_LAST;;1;1;XEUR;12064007;57129;
13.01.2025;15:23:18.466;2FE SI 20250220 PS AM C 440.00 0;SIMPLE_INSTRUMENT;BLOCK;EUR;14;5.00000000;200;EXCHANGE_LAST;;1;1;XEUR;12233932;57129;
13.01.2025;12:16:50.172;A2XA SI 20261218 CS;SIMPLE_INSTRUMENT;BLOCK;EUR;25;2.13000000;800;EXCHANGE_LAST;;1;1;XEUR;4632093;17;
13.01.2025;10:43:49.607;ACC SI 20250919 PS AM P 38.00 0;SIMPLE_INSTRUMENT;BLOCK;CHF;22;1.65000000;450;EXCHANGE_LAST;;1;1;XEUR;11929043;626616;
13.01.2025;11:40:26.902;ACEF SI 20250221 CS;SIMPLE_INSTRUMENT;BLOCK;EUR;22;9.42280000;20000;EXCHANGE_LAST;;1;1;XEUR;10560169;33;
13.01.2025;15:46:23.340;ADEN SI 20260619 PS AM P 18.00 0;SIMPLE_INSTRUMENT;BLOCK;CHF;68;2.62000000;2000;EXCHANGE_LAST;;1;1;XEUR;9536155;44;
13.01.2025;10:04:59.926;ADS.O.250113.BLT.000005;STANDARD_OPTION_STRATEGY;BLOCK;EUR;6;3.70000000;1000;EXCHANGE_LAST;;1;2;XEUR;72057808786332321;50;
13.01.2025;10:04:59.926;ADS SI 20250221 PS AM C 250.00 0;SIMPLE_INSTRUMENT;BLOCK;EUR;6;5.12000000;1000;PRC_DECOMP_EXCHANGE;;;;XEUR;12237444;50;EXCHANGE
13.01.2025;10:04:59.926;ADS SI 20250321 PS AM C 250.00 0;SIMPLE_INSTRUMENT;BLOCK;EUR;6;8.82000000;1000;PRC_DECOMP_EXCHANGE;;;;XEUR;12330809;50;EXCHANGE
13.01.2025;09:25:48.144;AIR SI 20250117 PS AM P 156.00 0;SIMPLE_INSTRUMENT;BLOCK;EUR;2;1.72000000;720;EXCHANGE_LAST;;1;1;XEUR;12067601;64;
13.01.2025;10:21:22.690;ALV SI 20250321 PS AM P 240.00 0;SIMPLE_INSTRUMENT;BLOCK;EUR;1;1.05000000;500;EXCHANGE_LAST;;1;1;XEUR;10829583;74;
13.01.2025;10:50:42.404;ALV SI 20250321 PS AM P 300.00 0;SIMPLE_INSTRUMENT;BLOCK;EUR;2;11.98000000;300;EXCHANGE_LAST;;1;1;XEUR;10829577;74;
13.01.2025;11:50:52.090;ALV.O.250113.BER.000010;STANDARD_OPTION_STRATEGY;BLOCK;EUR;5;3.25000000;300;EXCHANGE_LAST;;1;1;XEUR;72057911865568983;74;
13.01.2025;11:50:52.090;ALV SI 20250321 PS AM P 240.00 0;SIMPLE_INSTRUMENT;BLOCK;EUR;5;0.97000000;300;PRC_DECOMP_EXCHANGE;;;;XEUR;10829583;74;EXCHANGE
13.01.2025;11:50:52.090;ALV SI 20250321 PS AM P 280.00 0;SIMPLE_INSTRUMENT;BLOCK;EUR;5;4.22000000;300;PRC_DECOMP_EXCHANGE;;;;XEUR;10829572;74;EXCHANGE
13.01.2025;12:41:17.534;ALV.O.250113.PDIA.000013;STANDARD_OPTION_STRATEGY;BLOCK;EUR;6;-7.90000000;300;EXCHANGE_LAST;;1;1;XEUR;72057911865568986;74;
13.01.2025;12:41:17.534;ALV SI 20250919 PS AM P 280.00 0;SIMPLE_INSTRUMENT;BLOCK;EUR;6;14.57000000;300;PRC_DECOMP_EXCHANGE;;;;XEUR;11871532;74;EXCHANGE
13.01.2025;12:41:17.534;ALV SI 20250620 PS AM P 300.00 0;SIMPLE_INSTRUMENT;BLOCK;EUR;6;22.47000000;300;PRC_DECOMP_EXCHANGE;;;;XEUR;11349304;74;EXCHANGE
13.01.2025;09:50:43.250;ANN.O.250113.BER.000004;STANDARD_OPTION_STRATEGY;BLOCK;EUR;2;0.69000000;2000;EXCHANGE_LAST;;1;1;XEUR;72251735149669384;45202;
13.01.2025;09:50:43.250;ANN SI 20250221 PS AM P 27.00 0;SIMPLE_INSTRUMENT;BLOCK;EUR;2;0.85000000;2000;PRC_DECOMP_EXCHANGE;;;;XEUR;12263649;45202;EXCHANGE
13.01.2025;09:50:43.250;ANN SI 20250221 PS AM P 24.00 0;SIMPLE_INSTRUMENT;BLOCK;EUR;2;0.16000000;2000;PRC_DECOMP_EXCHANGE;;;;XEUR;12263669;45202;EXCHANGE
13.01.2025;13:29:55.118;ARG SI 20250321 PS AM P 640.00 0;SIMPLE_INSTRUMENT;BLOCK;EUR;3;39.50000000;50;EXCHANGE_LAST;;1;1;XEUR;10880660;355435;
13.01.2025;10:16:29.673;ASG5.O.250113.BER.000001;STANDARD_OPTION_STRATEGY;BLOCK;EUR;6;1.55000000;18500;EXCHANGE_LAST;;3;1;XEUR;72058062189369518;109;
13.01.2025;10:16:29.673;ASG5 SI 20250619 PS AM P 28.00 0;SIMPLE_INSTRUMENT;BLOCK;EUR;6;1.91950000;18500;PRC_DECOMP_EXCHANGE;;;;XEUR;8191862;109;EXCHANGE
13.01.2025;10:16:29.673;ASG5 SI 20250619 PS AM P 22.00 0;SIMPLE_INSTRUMENT;BLOCK;EUR;6;0.36950000;18500;PRC_DECOMP_EXCHANGE;;;;XEUR;11336765;109;EXCHANGE
13.01.2025;14:58:26.073;ASI SI 20250221 PS AM C 600.00 0;SIMPLE_INSTRUMENT;BLOCK;EUR;12;23.00000000;200;EXCHANGE_LAST;;1;1;XEUR;12267770;76318;
13.01.2025;11:03:41.014;ASM SI 20251219 PS AM P 680.00 0;SIMPLE_INSTRUMENT;BLOCK;EUR;8;83.40000000;650;EXCHANGE_LAST;;3;2;XEUR;12432513;107;
13.01.2025;12:22:19.928;ASM SI 20251219 PS AM P 680.00 0;SIMPLE_INSTRUMENT;BLOCK;EUR;9;83.40000000;150;EXCHANGE_LAST;;1;1;XEUR;12432513;107;
13.01.2025;16:32:32.803;ASM SI 20250117 PS AM P 690.00 0;SIMPLE_INSTRUMENT;BLOCK;EUR;19;5.90000000;167;EXCHANGE_LAST;;1;1;XEUR;12068375;107;
13.01.2025;12:10:20.286;AXA.O.250113.BRT.000004;STANDARD_OPTION_STRATEGY;BLOCK;EUR;16;0.69000000;3000;EXCHANGE_LAST;;1;1;XEUR;72058139498795199;127;
13.01.2025;12:10:20.286;AXA SI 20250620 PS AM P 30.00 0;SIMPLE_INSTRUMENT;BLOCK;EUR;16;1.25000000;3000;PRC_DECOMP_EXCHANGE;;;;XEUR;10812133;127;EXCHANGE
13.01.2025;12:10:20.286;AXA SI 20251219 PS AM P 30.00 0;SIMPLE_INSTRUMENT;BLOCK;EUR;16;1.94000000;3000;PRC_DECOMP_EXCHANGE;;;;XEUR;11479914;127;EXCHANGE
13.01.2025;14:09:15.026;AXA SI 20251219 PS AM P 28.00 0;SIMPLE_INSTRUMENT;BLOCK;EUR;21;1.37000000;1300;EXCHANGE_LAST;;1;1;XEUR;5921734;127;
13.01.2025;16:54:48.125;AXA SI 20291221 PS AM P 32.00 0;SIMPLE_INSTRUMENT;BLOCK;EUR;27;6.65000000;3000;EXCHANGE_LAST;;2;1;XEUR;12432656;127;
13.01.2025;11:19:07.875;AZNF SI 20250321 CS;SIMPLE_INSTRUMENT;BLOCK;GBX;16;10865.93700000;1;EXCHANGE_LAST;;1;1;XEUR;10693911;137;
13.01.2025;09:24:18.714;B2MW SI 20251219 CS;SIMPLE_INSTRUMENT;BLOCK;EUR;5;4.28000000;100;EXCHANGE_LAST;;1;1;XEUR;3681121;128;
13.01.2025;09:42:42.160;B2MW SI 20261218 CS;SIMPLE_INSTRUMENT;BLOCK;EUR;9;4.05000000;150;EXCHANGE_LAST;;2;1;XEUR;4632168;128;
13.01.2025;10:42:00.245;B2NP SI 20261218 CS;SIMPLE_INSTRUMENT;BLOCK;EUR;12;4.57000000;200;EXCHANGE_LAST;;2;1;XEUR;6798320;131;
13.01.2025;12:16:24.242;B2NP SI 20261218 CS;SIMPLE_INSTRUMENT;BLOCK;EUR;24;4.55500000;185;EXCHANGE_LAST;;1;1;XEUR;6798320;131;
13.01.2025;15:05:54.830;B2NP SI 20261218 CS;SIMPLE_INSTRUMENT;BLOCK;EUR;45;4.57000000;200;EXCHANGE_LAST;;1;1;XEUR;6798320;131;
13.01.2025;15:08:10.193;B2NP SI 20261218 CS;SIMPLE_INSTRUMENT;BLOCK;EUR;47;4.58000000;200;EXCHANGE_LAST;;1;1;XEUR;6798320;131;
13.01.2025;16:07:16.093;B2NP SI 20261218 CS;SIMPLE_INSTRUMENT;BLOCK;EUR;60;4.59000000;650;EXCHANGE_LAST;;1;1;XEUR;6798320;131;
13.01.2025;09:09:38.703;B3BV SI 20251219 CS;SIMPLE_INSTRUMENT;BLOCK;EUR;1;0.76200000;1250;EXCHANGE_LAST;;1;1;XEUR;5914370;135;
13.01.2025;09:09:16.136;B3BV SI 20251219 CS;SIMPLE_INSTRUMENT;BLOCK;EUR;2;0.76300000;1250;EXCHANGE_LAST;;1;1;XEUR;5914370;135;
13.01.2025;09:21:28.912;B3BV SI 20251219 CS;SIMPLE_INSTRUMENT;BLOCK;EUR;3;0.76200000;1250;EXCHANGE_LAST;;2;1;XEUR;5914370;135;
13.01.2025;09:21:09.389;B3BV SI 20251219 CS;SIMPLE_INSTRUMENT;BLOCK;EUR;4;0.76300000;1250;EXCHANGE_LAST;;2;1;XEUR;5914370;135;
13.01.2025;12:02:31.713;BAEN SI 20251219 PS AM P 48.00 0;SIMPLE_INSTRUMENT;BLOCK;CHF;30;2.55000000;600;EXCHANGE_LAST;;1;1;XEUR;5921988;159;
13.01.2025;13:50:34.816;BAN SI 20251219 PS AM C 60.00 0;SIMPLE_INSTRUMENT;BLOCK;CHF;47;4.80000000;500;EXCHANGE_LAST;;1;1;XEUR;10448733;298535;
13.01.2025;09:38:08.901;BARN SI 20251219 PS AM P 920.00 0;SIMPLE_INSTRUMENT;BLOCK;CHF;8;34.90000000;400;EXCHANGE_LAST;;1;1;XEUR;12433090;149;
13.01.2025;12:06:50.890;BAS SI 20281215 PS AM P 36.00 0;SIMPLE_INSTRUMENT;BLOCK;EUR;6;5.45000000;2000;EXCHANGE_LAST;;3;1;XEUR;10396472;150;
13.01.2025;14:38:36.561;BAS SI 20291221 PS AM P 36.00 0;SIMPLE_INSTRUMENT;BLOCK;EUR;7;6.18000000;3000;EXCHANGE_LAST;;3;1;XEUR;12433397;150;
13.01.2025;15:34:08.288;BAS SI 20260619 PS AM P 32.00 0;SIMPLE_INSTRUMENT;BLOCK;EUR;11;1.77000000;1000;EXCHANGE_LAST;;1;1;XEUR;9539306;150;
13.01.2025;16:47:05.868;BASG SI 20250321 CS;SIMPLE_INSTRUMENT;BLOCK;EUR;69;41.97400000;2020;EXCHANGE_LAST;;1;1;XEUR;10694474;171;
13.01.2025;11:19:52.842;BAYE.O.250113.PDIA.000002;STANDARD_OPTION_STRATEGY;BLOCK;EUR;2;0.38000000;3000;EXCHANGE_LAST;;1;1;XEUR;72058345657217979;175;
13.01.2025;11:19:52.842;BAYE SI 20250117 PS EU P 31.50 0;SIMPLE_INSTRUMENT;BLOCK;EUR;2;11.42000000;3000;PRC_DECOMP_EXCHANGE;;;;XEUR;12069200;175;EXCHANGE
13.01.2025;11:19:52.842;BAYE SI 20250321 PS EU P 32.00 0;SIMPLE_INSTRUMENT;BLOCK;EUR;2;11.80000000;3000;PRC_DECOMP_EXCHANGE;;;;XEUR;10831420;175;EXCHANGE
13.01.2025;09:27:33.213;BMW.O.250113.STG.000003;STANDARD_OPTION_STRATEGY;BLOCK;EUR;2;5.95000000;2000;EXCHANGE_LAST;;2;1;XEUR;72058495981109069;210;
13.01.2025;09:27:33.213;BMW SI 20250620 PS AM P 68.00 0;SIMPLE_INSTRUMENT;BLOCK;EUR;2;3.45000000;2000;PRC_DECOMP_MEMBER;;;;XEUR;7899896;210;MEMBER
13.01.2025;09:27:33.213;BMW SI 20250620 PS AM C 84.00 0;SIMPLE_INSTRUMENT;BLOCK;EUR;2;2.50000000;2000;PRC_DECOMP_MEMBER;;;;XEUR;7899911;210;MEMBER
13.01.2025;12:10:56.226;BMW.O.250113.STG.000003;STANDARD_OPTION_STRATEGY;BLOCK;EUR;14;5.95000000;1000;EXCHANGE_LAST;;1;1;XEUR;72058495981109069;210;
13.01.2025;12:10:56.226;BMW SI 20250620 PS AM P 68.00 0;SIMPLE_INSTRUMENT;BLOCK;EUR;14;3.45000000;1000;PRC_DECOMP_MEMBER;;;;XEUR;7899896;210;MEMBER
13.01.2025;12:10:56.226;BMW SI 20250620 PS AM C 84.00 0;SIMPLE_INSTRUMENT;BLOCK;EUR;14;2.50000000;1000;PRC_DECOMP_MEMBER;;;;XEUR;7899911;210;MEMBER
13.01.2025;12:14:16.986;BMW.O.250113.BLT.000006;STANDARD_OPTION_STRATEGY;BLOCK;EUR;15;2.92000000;400;EXCHANGE_LAST;;1;1;XEUR;72058495981109072;210;
13.01.2025;12:14:16.986;BMW SI 20250321 PS AM C 77.00 0;SIMPLE_INSTRUMENT;BLOCK;EUR;15;3.71000000;400;PRC_DECOMP_EXCHANGE;;;;XEUR;12434853;210;EXCHANGE
13.01.2025;12:14:16.986;BMW SI 20250117 PS AM C 77.00 0;SIMPLE_INSTRUMENT;BLOCK;EUR;15;0.79000000;400;PRC_DECOMP_EXCHANGE;;;;XEUR;12070032;210;EXCHANGE
13.01.2025;12:25:08.746;BMW.O.250113.BER.000007;STANDARD_OPTION_STRATEGY;BLOCK;EUR;17;2.63000000;1000;EXCHANGE_LAST;;2;1;XEUR;72058495981109073;210;
13.01.2025;12:25:08.746;BMW SI 20250620 PS AM P 72.00 0;SIMPLE_INSTRUMENT;BLOCK;EUR;17;4.98000000;1000;PRC_DECOMP_EXCHANGE;;;;XEUR;11332528;210;EXCHANGE
13.01.2025;12:25:08.746;BMW SI 20250620 PS AM P 64.00 0;SIMPLE_INSTRUMENT;BLOCK;EUR;17;2.35000000;1000;PRC_DECOMP_EXCHANGE;;;;XEUR;11352603;210;EXCHANGE
13.01.2025;16:36:38.753;BMW SI 20250321 PS AM C 80.00 0;SIMPLE_INSTRUMENT;BLOCK;EUR;25;2.65000000;1000;EXCHANGE_LAST;;1;1;XEUR;10832595;210;
13.01.2025;13:24:37.031;BMWF SI 20250321 CS;SIMPLE_INSTRUMENT;BLOCK;EUR;31;76.26000000;2500;EXCHANGE_LAST;;2;1;XEUR;10695616;239;
13.01.2025;08:50:04.595;BNP SI 20250117 PS AM P 59.00 0;SIMPLE_INSTRUMENT;BLOCK;EUR;1;0.54000000;1000;EXCHANGE_LAST;;1;1;XEUR;12070301;237;
13.01.2025;09:58:26.448;BYG SI 20251219 PS AM P 24.00 0;SIMPLE_INSTRUMENT;BLOCK;EUR;3;0.89000000;750;EXCHANGE_LAST;;1;1;XEUR;5924168;280;
13.01.2025;15:08:19.206;BYG.O.250113.STD.000001;STANDARD_OPTION_STRATEGY;BLOCK;EUR;23;6.00000000;1500;EXCHANGE_LAST;;1;1;XEUR;72058796628777089;280;
13.01.2025;15:08:19.206;BYG SI 20260619 PS AM C 28.00 0;SIMPLE_INSTRUMENT;BLOCK;EUR;23;2.62000000;1500;PRC_DECOMP_EXCHANGE;;;;XEUR;9542702;280;EXCHANGE
13.01.2025;15:08:19.206;BYG SI 20260619 PS AM P 28.00 0;SIMPLE_INSTRUMENT;BLOCK;EUR;23;3.38000000;1500;PRC_DECOMP_EXCHANGE;;;;XEUR;9542671;280;EXCHANGE
13.01.2025;15:26:16.469;C4RI SI 20250620 CS;SIMPLE_INSTRUMENT;BLOCK;EUR;54;1.51000000;2640;EXCHANGE_LAST;;1;1;XEUR;10868044;50862;
13.01.2025;11:39:02.414;CFR SI 20250221 PS AM C 142.00 0;SIMPLE_INSTRUMENT;BLOCK;CHF;27;4.37000000;500;EXCHANGE_LAST;;1;1;XEUR;12295552;313;
13.01.2025;12:01:06.180;CFR SI 20250321 PS AM C 140.00 0;SIMPLE_INSTRUMENT;BLOCK;CHF;33;6.20000000;1500;EXCHANGE_LAST;;2;2;XEUR;10834904;313;
13.01.2025;13:01:59.287;CFR SI 20250919 PS AM P 120.00 0;SIMPLE_INSTRUMENT;BLOCK;CHF;37;6.45000000;500;EXCHANGE_LAST;;1;1;XEUR;11876511;313;
13.01.2025;15:39:49.829;CFR.O.250113.STG.000010;STANDARD_OPTION_STRATEGY;BLOCK;CHF;66;30.00000000;300;EXCHANGE_LAST;;1;1;XEUR;72058938362728325;313;
13.01.2025;15:39:49.829;CFR SI 20260619 PS AM P 140.00 0;SIMPLE_INSTRUMENT;BLOCK;CHF;66;19.53000000;300;PRC_DECOMP_EXCHANGE;;;;XEUR;9996431;313;EXCHANGE
13.01.2025;15:39:49.829;CFR SI 20260619 PS AM C 160.00 0;SIMPLE_INSTRUMENT;BLOCK;CHF;66;10.47000000;300;PRC_DECOMP_EXCHANGE;;;;XEUR;9996432;313;EXCHANGE
13.01.2025;16:36:33.104;CFRL SI 20250321 CS;SIMPLE_INSTRUMENT;BLOCK;CHF;67;139.24000000;800;EXCHANGE_LAST;;1;1;XEUR;10741903;729453;
13.01.2025;09:26:06.815;CLN.O.250113.STD.000001;STANDARD_OPTION_STRATEGY;BLOCK;CHF;4;1.88000000;2500;EXCHANGE_LAST;;1;1;XEUR;72058865348265369;296;
13.01.2025;09:26:06.815;CLN SI 20251219 PS AM C 10.00 0;SIMPLE_INSTRUMENT;BLOCK;CHF;4;0.83000000;2500;PRC_DECOMP_EXCHANGE;;;;XEUR;7383522;296;EXCHANGE
13.01.2025;09:26:06.815;CLN SI 20251219 PS AM P 10.00 0;SIMPLE_INSTRUMENT;BLOCK;CHF;4;1.05000000;2500;PRC_DECOMP_EXCHANGE;;;;XEUR;7383521;296;EXCHANGE
13.01.2025;10:34:58.924;CLN SI 20250919 PS AM P 9.00 0;SIMPLE_INSTRUMENT;BLOCK;CHF;20;0.48000000;2500;EXCHANGE_LAST;;1;1;XEUR;11876256;296;
13.01.2025;08:58:22.658;CON SI 20250321 PS AM C 60.00 0;SIMPLE_INSTRUMENT;BLOCK;EUR;1;6.50000000;1000;EXCHANGE_LAST;;1;1;XEUR;10883131;414620;
13.01.2025;15:23:55.166;CR5J.S.MAR25.JUN25.SPD;FUTURES_SPREAD;BLOCK;EUR;53;1.07750000;30000;EXCHANGE_LAST;;1;1;XEUR;72276040369569950;50861;
13.01.2025;15:23:55.166;CR5J SI 20250320 CS;SIMPLE_INSTRUMENT;BLOCK;EUR;53;40.30760000;30000;PRC_DECOMP_EXCHANGE;;;;XEUR;10689747;50861;EXCHANGE
13.01.2025;15:23:55.166;CR5J SI 20250619 CS;SIMPLE_INSTRUMENT;BLOCK;EUR;53;39.23010000;30000;PRC_DECOMP_EXCHANGE;;;;XEUR;11164005;50861;EXCHANGE
13.01.2025;15:18:14.278;CRI5 SI 20250619 PS AM P 34.00 0;SIMPLE_INSTRUMENT;BLOCK;EUR;13;1.24000000;1500;EXCHANGE_LAST;;1;1;XEUR;11000898;320;
13.01.2025;09:40:36.031;DAI SI 20251219 PS AM P 48.00 0;SIMPLE_INSTRUMENT;BLOCK;EUR;3;3.34000000;750;EXCHANGE_LAST;;1;1;XEUR;7144518;443196;
13.01.2025;11:23:45.849;DAI.O.250113.STD.000010;STANDARD_OPTION_STRATEGY;BLOCK;EUR;8;9.45000000;1000;EXCHANGE_LAST;;1;1;XEUR;73961106363663620;443196;
13.01.2025;11:23:45.849;DAI SI 20250620 PS AM P 52.00 0;SIMPLE_INSTRUMENT;BLOCK;EUR;8;3.62000000;1000;PRC_DECOMP_EXCHANGE;;;;XEUR;7934288;443196;EXCHANGE
13.01.2025;11:23:45.849;DAI SI 20250620 PS AM C 52.00 0;SIMPLE_INSTRUMENT;BLOCK;EUR;8;5.83000000;1000;PRC_DECOMP_EXCHANGE;;;;XEUR;7934269;443196;EXCHANGE
13.01.2025;12:07:33.664;DAI.O.250113.STG.000011;STANDARD_OPTION_STRATEGY;BLOCK;EUR;13;4.55000000;1250;EXCHANGE_LAST;;1;1;XEUR;73961106363663621;443196;
13.01.2025;12:07:33.664;DAI SI 20250620 PS AM P 50.00 0;SIMPLE_INSTRUMENT;BLOCK;EUR;13;2.65000000;1250;PRC_DECOMP_MEMBER;;;;XEUR;11407736;443196;MEMBER
13.01.2025;12:07:33.664;DAI SI 20250620 PS AM C 60.00 0;SIMPLE_INSTRUMENT;BLOCK;EUR;13;1.90000000;1250;PRC_DECOMP_MEMBER;;;;XEUR;7934293;443196;MEMBER
13.01.2025;13:11:15.297;DAI.O.250113.STD.000013;STANDARD_OPTION_STRATEGY;BLOCK;EUR;20;6.63000000;2000;EXCHANGE_LAST;;2;1;XEUR;73961106363663623;443196;
13.01.2025;13:11:15.297;DAI SI 20250321 PS AM C 52.00 0;SIMPLE_INSTRUMENT;BLOCK;EUR;20;5.41000000;2000;PRC_DECOMP_EXCHANGE;;;;XEUR;10884528;443196;EXCHANGE
13.01.2025;13:11:15.297;DAI SI 20250321 PS AM P 52.00 0;SIMPLE_INSTRUMENT;BLOCK;EUR;20;1.22000000;2000;PRC_DECOMP_EXCHANGE;;;;XEUR;10884530;443196;EXCHANGE
13.01.2025;10:45:49.566;DAIG SI 20250321 CS;SIMPLE_INSTRUMENT;BLOCK;EUR;13;56.21750000;4000;EXCHANGE_LAST;;1;1;XEUR;10734482;443203;
13.01.2025;16:44:27.225;DB1 SI 20250221 PS AM C 230.00 0;SIMPLE_INSTRUMENT;BLOCK;EUR;25;4.22000000;250;EXCHANGE_LAST;;1;1;XEUR;12242072;361;
13.01.2025;12:54:39.171;DB1H SI 20250321 CS;SIMPLE_INSTRUMENT;BLOCK;EUR;29;226.92500000;40;EXCHANGE_LAST;;1;1;XEUR;10697369;363;
13.01.2025;11:23:25.354;DHE SI 20251219 PS AM C 34.00 0;SIMPLE_INSTRUMENT;BLOCK;EUR;7;4.65000000;1300;EXCHANGE_LAST;;1;1;XEUR;7377974;57135;
13.01.2025;11:23:39.861;DHE SI 20251219 PS AM C 42.00 0;SIMPLE_INSTRUMENT;BLOCK;EUR;8;2.67000000;2210;EXCHANGE_LAST;;1;1;XEUR;7377970;57135;
13.01.2025;14:23:12.611;DHE SI 20250321 PS AM P 26.00 0;SIMPLE_INSTRUMENT;BLOCK;EUR;20;2.30000000;1250;EXCHANGE_LAST;;1;3;XEUR;10869216;57135;
13.01.2025;11:29:07.833;DPW SI 20291221 PS AM P 32.00 0;SIMPLE_INSTRUMENT;BLOCK;EUR;9;5.95000000;7000;EXCHANGE_LAST;;2;2;XEUR;12439590;445;
13.01.2025;12:33:49.704;DPW SI 20250620 PS AM C 32.00 0;SIMPLE_INSTRUMENT;BLOCK;EUR;12;2.86000000;1000;EXCHANGE_LAST;;1;1;XEUR;7902447;445;
13.01.2025;10:51:59.975;DPWE SI 20291221 PS EU P 20.00 0;SIMPLE_INSTRUMENT;BLOCK;EUR;3;1.63000000;2000;EXCHANGE_LAST;;1;1;XEUR;12470301;46224;
13.01.2025;10:52:15.003;DPWE SI 20291221 PS EU P 32.00 0;SIMPLE_INSTRUMENT;BLOCK;EUR;4;5.76000000;3000;EXCHANGE_LAST;;1;1;XEUR;12470336;46224;
13.01.2025;13:11:18.850;DTE SI 20250321 PS AM C 30.00 0;SIMPLE_INSTRUMENT;BLOCK;EUR;15;0.77000000;1500;EXCHANGE_LAST;;1;1;XEUR;10836585;424;
13.01.2025;13:14:16.222;DTE.O.250113.STD.000004;STANDARD_OPTION_STRATEGY;BLOCK;EUR;16;3.89000000;7000;EXCHANGE_LAST;;1;1;XEUR;72059415104107312;424;
13.01.2025;13:14:16.222;DTE SI 20251219 PS AM C 30.00 0;SIMPLE_INSTRUMENT;BLOCK;EUR;16;1.77000000;7000;PRC_DECOMP_EXCHANGE;;;;XEUR;12052900;424;EXCHANGE
13.01.2025;13:14:16.222;DTE SI 20251219 PS AM P 30.00 0;SIMPLE_INSTRUMENT;BLOCK;EUR;16;2.12000000;7000;PRC_DECOMP_EXCHANGE;;;;XEUR;12052911;424;EXCHANGE
13.01.2025;12:11:29.766;DVCG SI 20250116 CS;SIMPLE_INSTRUMENT;BLOCK;EUR;23;5.58000000;1400;EXCHANGE_LAST;;1;1;XEUR;10385716;51874;
13.01.2025;15:56:27.253;E2NL SI 20250321 CS;SIMPLE_INSTRUMENT;BLOCK;EUR;58;0.21500000;1740;EXCHANGE_LAST;;1;1;XEUR;10403435;471;
13.01.2025;10:55:47.246;EAD SI 20261218 PS AM P 140.00 0;SIMPLE_INSTRUMENT;BLOCK;EUR;8;13.30000000;400;EXCHANGE_LAST;;1;1;XEUR;11013963;465;
13.01.2025;12:03:16.554;EAD SI 20251219 PS AM P 140.00 0;SIMPLE_INSTRUMENT;BLOCK;EUR;14;8.50000000;1300;EXCHANGE_LAST;;3;3;XEUR;11013929;465;
13.01.2025;12:18:47.251;EAD SI 20271217 PS AM P 140.00 0;SIMPLE_INSTRUMENT;BLOCK;EUR;18;16.78000000;400;EXCHANGE_LAST;;1;1;XEUR;11013949;465;
13.01.2025;14:01:46.312;EMM SI 20250919 PS AM P 680.00 0;SIMPLE_INSTRUMENT;BLOCK;CHF;50;29.25000000;250;EXCHANGE_LAST;;1;1;XEUR;11911141;74936;
13.01.2025;10:03:15.464;ENT5 SI 20251218 PS AM P 12.00 0;SIMPLE_INSTRUMENT;BLOCK;EUR;5;0.54000000;500;EXCHANGE_LAST;;1;1;XEUR;5911903;497;
13.01.2025;08:14:42.387;ENUR SI 20250117 PS AM C 10.20 0;SIMPLE_INSTRUMENT;BLOCK;EUR;2;0.05000000;10000;EXCHANGE_LAST;;1;1;XEUR;12440758;498;
13.01.2025;08:34:14.445;FBTP SI 20250306 PS;SIMPLE_INSTRUMENT;BLOCK;EUR;1;117.46000000;3008;EXCHANGE_LAST;;1;1;XEUR;11286675;636;
13.01.2025;08:46:56.613;FBTP SI 20250306 PS;SIMPLE_INSTRUMENT;EFP_FIN;EUR;2;117.33000000;680;EXCHANGE_LAST;;1;1;XEUR;11286675;636;
13.01.2025;09:05:40.778;FBTP SI 20250306 PS;SIMPLE_INSTRUMENT;EFP_FIN;EUR;3;117.32000000;97;EXCHANGE_LAST;;1;1;XEUR;11286675;636;
13.01.2025;09:23:32.328;FBTP SI 20250306 PS;SIMPLE_INSTRUMENT;EFP_FIN;EUR;4;117.34000000;725;EXCHANGE_LAST;;1;1;XEUR;11286675;636;
13.01.2025;10:02:14.909;FBTP SI 20250306 PS;SIMPLE_INSTRUMENT;EFP_FIN;EUR;5;117.32000000;245;EXCHANGE_LAST;;1;1;XEUR;11286675;636;
13.01.2025;10:05:46.136;FBTP SI 20250306 PS;SIMPLE_INSTRUMENT;EFP_FIN;EUR;6;117.32000000;487;EXCHANGE_LAST;;1;1;XEUR;11286675;636;
13.01.2025;10:06:27.580;FBTP SI 20250306 PS;SIMPLE_INSTRUMENT;EFP_FIN;EUR;7;117.29000000;53;EXCHANGE_LAST;;1;1;XEUR;11286675;636;
13.01.2025;10:32:29.684;FBTP SI 20250306 PS;SIMPLE_INSTRUMENT;EFP_FIN;EUR;8;117.26000000;68;EXCHANGE_LAST;;1;1;XEUR;11286675;636;
13.01.2025;10:31:43.434;FBTP SI 20250306 PS;SIMPLE_INSTRUMENT;EFP_FIN;EUR;9;117.19000000;2371;EXCHANGE_LAST;;1;1;XEUR;11286675;636;
13.01.2025;10:32:00.361;FBTP SI 20250306 PS;SIMPLE_INSTRUMENT;EFP_FIN;EUR;10;117.16000000;291;EXCHANGE_LAST;;1;1;XEUR;11286675;636;
13.01.2025;10:32:47.582;FBTP SI 20250306 PS;SIMPLE_INSTRUMENT;EFP_FIN;EUR;11;117.16000000;178;EXCHANGE_LAST;;1;1;XEUR;11286675;636;
13.01.2025;10:39:39.929;FBTP SI 20250306 PS;SIMPLE_INSTRUMENT;EFP_FIN;EUR;12;117.28000000;269;EXCHANGE_LAST;;1;1;XEUR;11286675;636;
13.01.2025;10:40:25.213;FBTP SI 20250306 PS;SIMPLE_INSTRUMENT;EFP_FIN;EUR;13;117.18000000;1081;EXCHANGE_LAST;;1;1;XEUR;11286675;636;
13.01.2025;10:44:25.076;FBTP SI 20250306 PS;SIMPLE_INSTRUMENT;EFP_FIN;EUR;14;117.22000000;85;EXCHANGE_LAST;;1;1;XEUR;11286675;636;
13.01.2025;10:51:53.139;FBTP SI 20250306 PS;SIMPLE_INSTRUMENT;EFP_FIN;EUR;15;117.21000000;1373;EXCHANGE_LAST;;1;1;XEUR;11286675;636;
13.01.2025;10:52:07.136;FBTP SI 20250306 PS;SIMPLE_INSTRUMENT;EFP_FIN;EUR;16;117.36000000;1791;EXCHANGE_LAST;;1;1;XEUR;11286675;636;
13.01.2025;11:01:38.503;FBTP SI 20250306 PS;SIMPLE_INSTRUMENT;BLOCK;EUR;17;117.30000000;270;EXCHANGE_LAST;;1;1;XEUR;11286675;636;
13.01.2025;11:03:58.199;FBTP SI 20250306 PS;SIMPLE_INSTRUMENT;BLOCK;EUR;18;117.36000000;268;EXCHANGE_LAST;;1;1;XEUR;11286675;636;
13.01.2025;11:11:12.548;FBTP SI 20250306 PS;SIMPLE_INSTRUMENT;EFP_FIN;EUR;19;117.19000000;1178;EXCHANGE_LAST;;1;1;XEUR;11286675;636;
13.01.2025;11:33:32.612;FBTP SI 20250306 PS;SIMPLE_INSTRUMENT;EFP_FIN;EUR;20;117.27000000;415;EXCHANGE_LAST;;1;1;XEUR;11286675;636;
13.01.2025;11:44:28.019;FBTP SI 20250306 PS;SIMPLE_INSTRUMENT;EFP_FIN;EUR;21;117.32000000;627;EXCHANGE_LAST;;1;1;XEUR;11286675;636;
13.01.2025;12:07:38.500;FBTP SI 20250306 PS;SIMPLE_INSTRUMENT;EFP_FIN;EUR;22;117.26000000;152;EXCHANGE_LAST;;1;1;XEUR;11286675;636;
13.01.2025;12:18:01.014;FBTP SI 20250306 PS;SIMPLE_INSTRUMENT;EFP_FIN;EUR;23;117.22000000;577;EXCHANGE_LAST;;1;1;XEUR;11286675;636;
13.01.2025;12:35:51.149;FBTP SI 20250306 PS;SIMPLE_INSTRUMENT;EFP_FIN;EUR;24;117.30000000;224;EXCHANGE_LAST;;1;1;XEUR;11286675;636;
13.01.2025;12:51:16.303;FBTP SI 20250306 PS;SIMPLE_INSTRUMENT;EFP_FIN;EUR;25;117.39000000;98;EXCHANGE_LAST;;1;1;XEUR;11286675;636;
13.01.2025;12:55:59.239;FBTP SI 20250306 PS;SIMPLE_INSTRUMENT;BLOCK;EUR;26;117.41000000;1668;EXCHANGE_LAST;;1;1;XEUR;11286675;636;
13.01.2025;13:09:34.233;FBTP SI 20250306 PS;SIMPLE_INSTRUMENT;EFP_FIN;EUR;27;117.30000000;358;EXCHANGE_LAST;;1;1;XEUR;11286675;636;
13.01.2025;13:38:01.883;FBTP SI 20250306 PS;SIMPLE_INSTRUMENT;EFP_FIN;EUR;28;117.18000000;696;EXCHANGE_LAST;;1;1;XEUR;11286675;636;
13.01.2025;13:42:50.158;FBTP SI 20250306 PS;SIMPLE_INSTRUMENT;EFP_FIN;EUR;29;117.44000000;495;EXCHANGE_LAST;;1;1;XEUR;11286675;636;
13.01.2025;13:59:34.132;FBTP SI 20250306 PS;SIMPLE_INSTRUMENT;EFP_FIN;EUR;30;117.38000000;353;EXCHANGE_LAST;;1;1;XEUR;11286675;636;
13.01.2025;14:55:35.551;FBTP SI 20250306 PS;SIMPLE_INSTRUMENT;EFP_FIN;EUR;31;117.54000000;448;EXCHANGE_LAST;;1;1;XEUR;11286675;636;
13.01.2025;15:08:55.022;FBTP SI 20250306 PS;SIMPLE_INSTRUMENT;EFP_FIN;EUR;32;117.53000000;895;EXCHANGE_LAST;;1;1;XEUR;11286675;636;
13.01.2025;15:09:20.280;FBTP SI 20250306 PS;SIMPLE_INSTRUMENT;EFP_FIN;EUR;33;117.51000000;313;EXCHANGE_LAST;;1;1;XEUR;11286675;636;
13.01.2025;15:09:41.957;FBTP SI 20250306 PS;SIMPLE_INSTRUMENT;EFP_FIN;EUR;34;117.53000000;269;EXCHANGE_LAST;;1;1;XEUR;11286675;636;
13.01.2025;15:42:08.966;FBTP SI 20250306 PS;SIMPLE_INSTRUMENT;EFP_FIN;EUR;35;117.49000000;52;EXCHANGE_LAST;;1;1;XEUR;11286675;636;
13.01.2025;15:43:46.143;FBTP SI 20250306 PS;SIMPLE_INSTRUMENT;EFP_FIN;EUR;37;117.49000000;52;EXCHANGE_LAST;;1;1;XEUR;11286675;636;
13.01.2025;15:58:04.331;FBTP SI 20250306 PS;SIMPLE_INSTRUMENT;EFP_FIN;EUR;39;117.51000000;355;EXCHANGE_LAST;;1;1;XEUR;11286675;636;
13.01.2025;15:59:38.873;FBTP SI 20250306 PS;SIMPLE_INSTRUMENT;EFP_FIN;EUR;40;117.51000000;355;EXCHANGE_LAST;;1;1;XEUR;11286675;636;
13.01.2025;16:19:44.290;FBTP SI 20250306 PS;SIMPLE_INSTRUMENT;EFP_FIN;EUR;41;117.49000000;53;EXCHANGE_LAST;;1;1;XEUR;11286675;636;
13.01.2025;16:23:30.724;FBTP SI 20250306 PS;SIMPLE_INSTRUMENT;EFP_FIN;EUR;42;117.49000000;54;EXCHANGE_LAST;;1;1;XEUR;11286675;636;
13.01.2025;09:01:54.477;FBTS SI 20250306 PS;SIMPLE_INSTRUMENT;EFP_FIN;EUR;3;106.73000000;2108;EXCHANGE_LAST;;1;1;XEUR;11286677;639;
13.01.2025;09:55:57.330;FBTS SI 20250306 PS;SIMPLE_INSTRUMENT;EFP_FIN;EUR;10;106.73000000;854;EXCHANGE_LAST;;1;1;XEUR;11286677;639;
13.01.2025;09:56:25.180;FBTS SI 20250306 PS;SIMPLE_INSTRUMENT;EFP_FIN;EUR;11;106.74000000;854;EXCHANGE_LAST;;1;1;XEUR;11286677;639;
13.01.2025;10:02:44.739;FBTS SI 20250306 PS;SIMPLE_INSTRUMENT;BLOCK;EUR;12;106.72000000;264;EXCHANGE_LAST;;1;1;XEUR;11286677;639;
13.01.2025;10:20:40.273;FBTS SI 20250306 PS;SIMPLE_INSTRUMENT;EFP_FIN;EUR;14;106.72000000;316;EXCHANGE_LAST;;1;1;XEUR;11286677;639;
13.01.2025;11:02:01.125;FBTS SI 20250306 PS;SIMPLE_INSTRUMENT;EFP_FIN;EUR;15;106.74000000;569;EXCHANGE_LAST;;1;1;XEUR;11286677;639;
13.01.2025;12:10:11.239;FBTS SI 20250306 PS;SIMPLE_INSTRUMENT;EFP_FIN;EUR;16;106.73000000;221;EXCHANGE_LAST;;1;1;XEUR;11286677;639;
13.01.2025;13:49:14.138;FBTS SI 20250306 PS;SIMPLE_INSTRUMENT;EFP_FIN;EUR;25;106.79000000;1362;EXCHANGE_LAST;;1;1;XEUR;11286677;639;
13.01.2025;15:23:32.490;FBTS SI 20250306 PS;SIMPLE_INSTRUMENT;EFP_FIN;EUR;32;106.79000000;264;EXCHANGE_LAST;;1;1;XEUR;11286677;639;
13.01.2025;15:32:34.324;FBTS SI 20250306 PS;SIMPLE_INSTRUMENT;BLOCK;EUR;33;106.79000000;847;EXCHANGE_LAST;;1;1;XEUR;11286677;639;
13.01.2025;16:26:28.954;FCEU SI 20250317 PS;SIMPLE_INSTRUMENT;BLOCK;USD;2;1.02280000;912;EXCHANGE_LAST;;1;1;XEUR;9136240;369376;
13.01.2025;16:27:03.956;FCEU SI 20250317 PS;SIMPLE_INSTRUMENT;BLOCK;USD;3;1.02280000;858;EXCHANGE_LAST;;1;1;XEUR;9136240;369376;
13.01.2025;08:00:42.344;FCZU SI 20250317 CS;SIMPLE_INSTRUMENT;BLOCK;USD;1;0.05180000;150;EXCHANGE_LAST;;1;1;XEUR;11329546;570872;
13.01.2025;09:37:46.053;FDAX SI 20250321 CS;SIMPLE_INSTRUMENT;VOLA;EUR;671088646;20200.00000000;35;EXCHANGE_LAST;;1;1;XEUR;7561255;589;
13.01.2025;09:11:08.067;FEBD SI 20251219 CS;SIMPLE_INSTRUMENT;BLOCK;EUR;2;10.38000000;183;EXCHANGE_LAST;;1;1;XEUR;5914075;597;
13.01.2025;09:10:47.597;FEBD SI 20251219 CS;SIMPLE_INSTRUMENT;BLOCK;EUR;3;10.39000000;184;EXCHANGE_LAST;;1;1;XEUR;5914075;597;
13.01.2025;09:11:49.435;FEDV SI 20250321 CS;SIMPLE_INSTRUMENT;BLOCK;EUR;5;1635.00000000;6000;EXCHANGE_LAST;;1;1;XEUR;11359068;596;
13.01.2025;16:51:14.725;FEDV SI 20250321 CS;SIMPLE_INSTRUMENT;EFP_IDX;EUR;55;1646.00000000;660;EXCHANGE_LAST;;1;1;XEUR;11359068;596;
13.01.2025;16:51:25.946;FEDV SI 20250321 CS;SIMPLE_INSTRUMENT;EFP_IDX;EUR;56;1646.50000000;340;EXCHANGE_LAST;;1;1;XEUR;11359068;596;
13.01.2025;15:25:20.474;FEHY SI 20250321 CS;SIMPLE_INSTRUMENT;BLOCK;EUR;29;292.90000000;100;EXCHANGE_LAST;;1;1;XEUR;11428365;574047;
13.01.2025;15:43:23.983;FES1 SI 20250321 PS;SIMPLE_INSTRUMENT;BLOCK;EUR;30;16.20000000;150;EXCHANGE_LAST;;1;1;XEUR;11391470;58959;
13.01.2025;15:43:44.693;FES1 SI 20250321 PS;SIMPLE_INSTRUMENT;BLOCK;EUR;31;16.30000000;150;EXCHANGE_LAST;;1;1;XEUR;11391470;58959;
13.01.2025;16:12:43.232;FES1 SI 20250321 PS;SIMPLE_INSTRUMENT;BLOCK;EUR;38;15.90000000;450;EXCHANGE_LAST;;1;1;XEUR;11391470;58959;
13.01.2025;16:15:52.810;FES1 SI 20250321 PS;SIMPLE_INSTRUMENT;BLOCK;EUR;41;15.90000000;156;EXCHANGE_LAST;;1;1;XEUR;11391470;58959;
13.01.2025;10:59:36.295;FESB SI 20250321 CS;SIMPLE_INSTRUMENT;BLOCK;EUR;34;149.90000000;4600;EXCHANGE_LAST;;1;1;XEUR;11359072;605;
13.01.2025;12:09:39.905;FESB SI 20250321 CS;SIMPLE_INSTRUMENT;VOLA;EUR;603979823;149.70000000;120;EXCHANGE_LAST;;1;1;XEUR;11359072;605;
13.01.2025;16:34:36.797;FESB SI 20250321 CS;SIMPLE_INSTRUMENT;VOLA;EUR;603979844;150.50000000;300;EXCHANGE_LAST;;1;1;XEUR;11359072;605;
13.01.2025;10:41:45.844;FESE SI 20250321 CS;SIMPLE_INSTRUMENT;VOLA;EUR;603979804;353.10000000;116;EXCHANGE_LAST;;1;1;XEUR;11359705;685;
13.01.2025;11:01:11.901;FESH SI 20250321 CS;SIMPLE_INSTRUMENT;VOLA;EUR;603979809;844.10000000;38;EXCHANGE_LAST;;1;1;XEUR;11359715;686;
13.01.2025;17:18:05.473;FESI SI 20250321 CS;SIMPLE_INSTRUMENT;BLOCK;EUR;9;424.20000000;5126;EXCHANGE_LAST;;1;1;XEUR;11359634;681;
13.01.2025;17:18:22.590;FESI SI 20250321 CS;SIMPLE_INSTRUMENT;BLOCK;EUR;10;424.70000000;699;EXCHANGE_LAST;;1;1;XEUR;11359634;681;
13.01.2025;10:37:35.244;FESI SI 20250321 CS;SIMPLE_INSTRUMENT;VOLA;EUR;603979801;423.80000000;42;EXCHANGE_LAST;;1;1;XEUR;11359634;681;
13.01.2025;10:45:51.940;FESI SI 20250321 CS;SIMPLE_INSTRUMENT;VOLA;EUR;603979802;423.80000000;41;EXCHANGE_LAST;;1;1;XEUR;11359634;681;
13.01.2025;16:46:18.938;FESU SI 20250321 CS;SIMPLE_INSTRUMENT;EFP_IDX;EUR;5;374.80000000;55;EXCHANGE_LAST;;1;1;XEUR;11359368;673;
13.01.2025;16:46:31.861;FESU SI 20250321 CS;SIMPLE_INSTRUMENT;EFP_IDX;EUR;6;374.90000000;497;EXCHANGE_LAST;;1;1;XEUR;11359368;673;
13.01.2025;10:36:56.519;FESU SI 20250321 CS;SIMPLE_INSTRUMENT;VOLA;EUR;603979800;376.50000000;48;EXCHANGE_LAST;;1;1;XEUR;11359368;673;
13.01.2025;10:10:47.351;FESX SI 20250321 CS;SIMPLE_INSTRUMENT;EFP_IDX;EUR;3;4940.00000000;1000;EXCHANGE_LAST;;1;1;XEUR;7793482;675;
13.01.2025;10:39:09.542;FESX SI 20250321 CS;SIMPLE_INSTRUMENT;BLOCK;EUR;4;4944.00000000;2382;EXCHANGE_LAST;;1;1;XEUR;7793482;675;
13.01.2025;10:55:07.685;FESX SI 20250321 CS;SIMPLE_INSTRUMENT;EFP_IDX;EUR;5;4940.00000000;1000;EXCHANGE_LAST;;1;1;XEUR;7793482;675;
13.01.2025;11:01:44.538;FESX SI 20250321 CS;SIMPLE_INSTRUMENT;EFP_IDX;EUR;6;4940.00000000;1000;EXCHANGE_LAST;;1;1;XEUR;7793482;675;
13.01.2025;16:11:34.409;FESX SI 20250321 CS;SIMPLE_INSTRUMENT;BLOCK;EUR;7;4967.00000000;2000;EXCHANGE_LAST;;1;1;XEUR;7793482;675;
13.01.2025;16:44:47.579;FESX SI 20250321 CS;SIMPLE_INSTRUMENT;EFP_IDX;EUR;10;4970.00000000;395;EXCHANGE_LAST;;1;1;XEUR;7793482;675;
13.01.2025;16:45:10.866;FESX SI 20250321 CS;SIMPLE_INSTRUMENT;EFP_IDX;EUR;11;4971.00000000;105;EXCHANGE_LAST;;1;1;XEUR;7793482;675;
13.01.2025;16:45:59.911;FESX SI 20250321 CS;SIMPLE_INSTRUMENT;EFP_IDX;EUR;12;4970.00000000;806;EXCHANGE_LAST;;1;1;XEUR;7793482;675;
13.01.2025;16:46:01.988;FESX SI 20250321 CS;SIMPLE_INSTRUMENT;EFP_IDX;EUR;13;4970.00000000;790;EXCHANGE_LAST;;1;1;XEUR;7793482;675;
13.01.2025;16:46:06.907;FESX SI 20250321 CS;SIMPLE_INSTRUMENT;EFP_IDX;EUR;14;4971.00000000;214;EXCHANGE_LAST;;1;1;XEUR;7793482;675;
13.01.2025;16:46:14.220;FESX SI 20250321 CS;SIMPLE_INSTRUMENT;EFP_IDX;EUR;15;4971.00000000;210;EXCHANGE_LAST;;1;1;XEUR;7793482;675;
13.01.2025;16:46:29.713;FESX SI 20250321 CS;SIMPLE_INSTRUMENT;EFP_IDX;EUR;16;4970.00000000;531;EXCHANGE_LAST;;1;1;XEUR;7793482;675;
13.01.2025;16:46:35.938;FESX SI 20250321 CS;SIMPLE_INSTRUMENT;EFP_IDX;EUR;17;4971.00000000;49;EXCHANGE_LAST;;1;1;XEUR;7793482;675;
13.01.2025;09:25:14.842;FESX SI 20250321 CS;SIMPLE_INSTRUMENT;VOLA;EUR;637534231;4948.00000000;287;EXCHANGE_LAST;;1;1;XEUR;7793482;675;
13.01.2025;09:26:13.902;FESX SI 20250321 CS;SIMPLE_INSTRUMENT;VOLA;EUR;637534233;4948.00000000;200;EXCHANGE_LAST;;1;1;XEUR;7793482;675;
13.01.2025;09:31:00.615;FESX SI 20250321 CS;SIMPLE_INSTRUMENT;VOLA;EUR;637534238;4947.00000000;1310;EXCHANGE_LAST;;1;1;XEUR;7793482;675;
13.01.2025;09:29:27.581;FESX SI 20250321 CS;SIMPLE_INSTRUMENT;VOLA;EUR;637534239;4946.00000000;383;EXCHANGE_LAST;;1;1;XEUR;7793482;675;
13.01.2025;09:38:03.631;FESX SI 20250321 CS;SIMPLE_INSTRUMENT;VOLA;EUR;637534242;4940.00000000;2720;EXCHANGE_LAST;;1;1;XEUR;7793482;675;
13.01.2025;10:40:06.361;FESX SI 20250321 CS;SIMPLE_INSTRUMENT;VOLA;EUR;637534264;4943.00000000;250;EXCHANGE_LAST;;1;1;XEUR;7793482;675;
13.01.2025;10:40:13.906;FESX SI 20250321 CS;SIMPLE_INSTRUMENT;VOLA;EUR;637534265;4943.00000000;250;EXCHANGE_LAST;;1;1;XEUR;7793482;675;
13.01.2025;10:52:34.783;FESX SI 20250321 CS;SIMPLE_INSTRUMENT;VOLA;EUR;637534275;4940.00000000;295;EXCHANGE_LAST;;1;1;XEUR;7793482;675;
13.01.2025;10:53:14.974;FESX SI 20250321 CS;SIMPLE_INSTRUMENT;VOLA;EUR;637534276;4940.00000000;200;EXCHANGE_LAST;;1;1;XEUR;7793482;675;
13.01.2025;11:12:58.525;FESX SI 20250321 CS;SIMPLE_INSTRUMENT;VOLA;EUR;637534284;4943.00000000;190;EXCHANGE_LAST;;1;1;XEUR;7793482;675;
13.01.2025;12:35:20.889;FESX SI 20250321 CS;SIMPLE_INSTRUMENT;VOLA;EUR;637534315;4945.00000000;473;EXCHANGE_LAST;;1;1;XEUR;7793482;675;
13.01.2025;12:41:46.476;FESX SI 20250321 CS;SIMPLE_INSTRUMENT;VOLA;EUR;637534320;4955.00000000;1484;EXCHANGE_LAST;;1;1;XEUR;7793482;675;
13.01.2025;13:02:15.206;FESX SI 20250321 CS;SIMPLE_INSTRUMENT;VOLA;EUR;637534330;4963.00000000;344;EXCHANGE_LAST;;1;1;XEUR;7793482;675;
13.01.2025;13:03:19.715;FESX SI 20250321 CS;SIMPLE_INSTRUMENT;VOLA;EUR;637534333;4963.00000000;344;EXCHANGE_LAST;;1;1;XEUR;7793482;675;
13.01.2025;14:12:40.347;FESX SI 20250321 CS;SIMPLE_INSTRUMENT;VOLA;EUR;637534355;4954.00000000;480;EXCHANGE_LAST;;1;1;XEUR;7793482;675;
13.01.2025;14:15:27.780;FESX SI 20250321 CS;SIMPLE_INSTRUMENT;VOLA;EUR;637534356;4954.00000000;1440;EXCHANGE_LAST;;1;1;XEUR;7793482;675;
13.01.2025;14:37:31.144;FESX SI 20250321 CS;SIMPLE_INSTRUMENT;VOLA;EUR;637534364;4955.00000000;10;EXCHANGE_LAST;;1;1;XEUR;7793482;675;
13.01.2025;14:58:37.793;FESX SI 20250321 CS;SIMPLE_INSTRUMENT;VOLA;EUR;637534375;4955.00000000;189;EXCHANGE_LAST;;1;1;XEUR;7793482;675;
13.01.2025;15:02:22.187;FESX SI 20250321 CS;SIMPLE_INSTRUMENT;VOLA;EUR;637534377;4955.00000000;189;EXCHANGE_LAST;;1;1;XEUR;7793482;675;
13.01.2025;15:57:23.722;FESX SI 20250321 CS;SIMPLE_INSTRUMENT;VOLA;EUR;637534392;4975.00000000;304;EXCHANGE_LAST;;1;1;XEUR;7793482;675;
13.01.2025;16:33:10.125;FESX SI 20250321 CS;SIMPLE_INSTRUMENT;VOLA;EUR;637534408;4970.00000000;575;EXCHANGE_LAST;;1;1;XEUR;7793482;675;
13.01.2025;11:04:23.596;FESY SI 20250321 CS;SIMPLE_INSTRUMENT;VOLA;EUR;603979810;1070.60000000;27;EXCHANGE_LAST;;1;1;XEUR;11359411;674;
13.01.2025;10:43:12.163;FEXD SI 20261218 CS;SIMPLE_INSTRUMENT;BLOCK;EUR;16;153.70000000;570;EXCHANGE_LAST;;1;1;XEUR;2163053;693;
13.01.2025;12:05:44.539;FEXD SI 20250620 CS;SIMPLE_INSTRUMENT;BLOCK;EUR;20;125.70000000;500;EXCHANGE_LAST;;1;1;XEUR;9548493;693;
13.01.2025;12:05:40.564;FEXD SI 20251219 CS;SIMPLE_INSTRUMENT;BLOCK;EUR;21;158.70000000;500;EXCHANGE_LAST;;1;1;XEUR;1548120;693;
13.01.2025;16:16:19.363;FEXD SI 20261218 CS;SIMPLE_INSTRUMENT;BLOCK;EUR;42;154.30000000;150;EXCHANGE_LAST;;1;1;XEUR;2163053;693;
13.01.2025;16:28:28.152;FEXD SI 20251219 CS;SIMPLE_INSTRUMENT;BLOCK;EUR;43;158.70000000;350;EXCHANGE_LAST;;1;1;XEUR;1548120;693;
13.01.2025;16:28:22.842;FEXD SI 20251219 CS;SIMPLE_INSTRUMENT;BLOCK;EUR;44;158.80000000;350;EXCHANGE_LAST;;1;1;XEUR;1548120;693;
13.01.2025;16:53:40.036;FEXD SI 20251219 CS;SIMPLE_INSTRUMENT;BLOCK;EUR;57;158.70000000;200;EXCHANGE_LAST;;1;1;XEUR;1548120;693;
13.01.2025;17:02:36.954;FEXD SI 20261218 CS;SIMPLE_INSTRUMENT;BLOCK;EUR;58;154.20000000;150;EXCHANGE_LAST;;1;1;XEUR;2163053;693;
13.01.2025;16:14:24.237;FFOX SI 20250321 CS;SIMPLE_INSTRUMENT;BLOCK;EUR;1;4306.80000000;200;EXCHANGE_LAST;;1;1;XEUR;11338030;695;
13.01.2025;08:12:32.025;FGBL SI 20250306 PS;SIMPLE_INSTRUMENT;EFS;EUR;1;130.70000000;415;EXCHANGE_LAST;;1;1;XEUR;11286679;688;
13.01.2025;08:12:57.044;FGBL SI 20250306 PS;SIMPLE_INSTRUMENT;EFS;EUR;2;130.70000000;415;EXCHANGE_LAST;;1;1;XEUR;11286679;688;
13.01.2025;08:16:17.187;FGBL SI 20250306 PS;SIMPLE_INSTRUMENT;EFS;EUR;3;130.70000000;415;EXCHANGE_LAST;;1;1;XEUR;11286679;688;
13.01.2025;08:30:03.645;FGBL SI 20250306 PS;SIMPLE_INSTRUMENT;EFS;EUR;4;130.82000000;179;EXCHANGE_LAST;;1;1;XEUR;11286679;688;
13.01.2025;08:42:39.118;FGBL SI 20250306 PS;SIMPLE_INSTRUMENT;EFP_FIN;EUR;5;130.64000000;1889;EXCHANGE_LAST;;1;1;XEUR;11286679;688;
13.01.2025;08:46:29.498;FGBL SI 20250306 PS;SIMPLE_INSTRUMENT;EFS;EUR;6;130.58000000;416;EXCHANGE_LAST;;1;1;XEUR;11286679;688;
13.01.2025;08:47:34.540;FGBL SI 20250306 PS;SIMPLE_INSTRUMENT;EFS;EUR;7;130.63000000;416;EXCHANGE_LAST;;1;1;XEUR;11286679;688;
13.01.2025;08:52:09.783;FGBL SI 20250306 PS;SIMPLE_INSTRUMENT;EFS;EUR;8;130.61000000;416;EXCHANGE_LAST;;1;1;XEUR;11286679;688;
13.01.2025;08:55:18.319;FGBL SI 20250306 PS;SIMPLE_INSTRUMENT;EFS;EUR;9;130.62000000;415;EXCHANGE_LAST;;1;1;XEUR;11286679;688;
13.01.2025;08:57:58.266;FGBL SI 20250306 PS;SIMPLE_INSTRUMENT;EFS;EUR;10;130.65000000;207;EXCHANGE_LAST;;1;1;XEUR;11286679;688;
13.01.2025;09:09:31.418;FGBL SI 20250306 PS;SIMPLE_INSTRUMENT;EFS;EUR;11;130.61000000;415;EXCHANGE_LAST;;1;1;XEUR;11286679;688;
13.01.2025;09:16:57.471;FGBL SI 20250306 PS;SIMPLE_INSTRUMENT;EFP_FIN;EUR;12;130.63000000;1609;EXCHANGE_LAST;;1;1;XEUR;11286679;688;
13.01.2025;09:28:14.994;FGBL SI 20250306 PS;SIMPLE_INSTRUMENT;EFS;EUR;13;130.63000000;958;EXCHANGE_LAST;;1;1;XEUR;11286679;688;
13.01.2025;09:33:46.269;FGBL SI 20250306 PS;SIMPLE_INSTRUMENT;EFP_FIN;EUR;14;130.60000000;743;EXCHANGE_LAST;;1;1;XEUR;11286679;688;
13.01.2025;09:34:30.030;FGBL SI 20250306 PS;SIMPLE_INSTRUMENT;EFP_FIN;EUR;15;130.62000000;869;EXCHANGE_LAST;;1;1;XEUR;11286679;688;
13.01.2025;09:39:55.925;FGBL SI 20250306 PS;SIMPLE_INSTRUMENT;EFS;EUR;16;130.71000000;207;EXCHANGE_LAST;;1;1;XEUR;11286679;688;
13.01.2025;09:43:05.283;FGBL SI 20250306 PS;SIMPLE_INSTRUMENT;EFS;EUR;17;130.74000000;415;EXCHANGE_LAST;;1;1;XEUR;11286679;688;
13.01.2025;09:45:49.464;FGBL SI 20250306 PS;SIMPLE_INSTRUMENT;EFP_FIN;EUR;18;130.70000000;934;EXCHANGE_LAST;;1;1;XEUR;11286679;688;
13.01.2025;09:48:00.939;FGBL SI 20250306 PS;SIMPLE_INSTRUMENT;EFS;EUR;19;130.71000000;498;EXCHANGE_LAST;;1;1;XEUR;11286679;688;
13.01.2025;09:50:39.763;FGBL SI 20250306 PS;SIMPLE_INSTRUMENT;EFS;EUR;20;130.72000000;207;EXCHANGE_LAST;;1;1;XEUR;11286679;688;
13.01.2025;09:52:15.633;FGBL SI 20250306 PS;SIMPLE_INSTRUMENT;EFS;EUR;21;130.72000000;415;EXCHANGE_LAST;;1;1;XEUR;11286679;688;
13.01.2025;09:52:35.649;FGBL SI 20250306 PS;SIMPLE_INSTRUMENT;EFS;EUR;22;130.72000000;415;EXCHANGE_LAST;;1;1;XEUR;11286679;688;
13.01.2025;09:55:26.780;FGBL SI 20250306 PS;SIMPLE_INSTRUMENT;EFS;EUR;23;130.72000000;415;EXCHANGE_LAST;;1;1;XEUR;11286679;688;
13.01.2025;09:58:02.337;FGBL SI 20250306 PS;SIMPLE_INSTRUMENT;EFS;EUR;24;130.71000000;479;EXCHANGE_LAST;;1;1;XEUR;11286679;688;
13.01.2025;10:00:56.516;FGBL SI 20250306 PS;SIMPLE_INSTRUMENT;EFS;EUR;25;130.77000000;415;EXCHANGE_LAST;;1;1;XEUR;11286679;688;
13.01.2025;10:09:00.917;FGBL SI 20250306 PS;SIMPLE_INSTRUMENT;EFS;EUR;26;130.70000000;239;EXCHANGE_LAST;;1;1;XEUR;11286679;688;
13.01.2025;10:11:20.411;FGBL SI 20250306 PS;SIMPLE_INSTRUMENT;EFS;EUR;27;130.71000000;415;EXCHANGE_LAST;;1;1;XEUR;11286679;688;
13.01.2025;10:18:49.669;FGBL SI 20250306 PS;SIMPLE_INSTRUMENT;EFS;EUR;28;130.70000000;957;EXCHANGE_LAST;;1;1;XEUR;11286679;688;
13.01.2025;10:19:09.667;FGBL SI 20250306 PS;SIMPLE_INSTRUMENT;EFS;EUR;29;130.66000000;38;EXCHANGE_LAST;;1;1;XEUR;11286679;688;
13.01.2025;10:24:40.952;FGBL SI 20250306 PS;SIMPLE_INSTRUMENT;EFS;EUR;30;130.69000000;143;EXCHANGE_LAST;;1;1;XEUR;11286679;688;
13.01.2025;10:26:14.261;FGBL SI 20250306 PS;SIMPLE_INSTRUMENT;EFS;EUR;31;130.68000000;941;EXCHANGE_LAST;;1;1;XEUR;11286679;688;
13.01.2025;10:27:22.370;FGBL SI 20250306 PS;SIMPLE_INSTRUMENT;EFS;EUR;32;130.66000000;156;EXCHANGE_LAST;;1;1;XEUR;11286679;688;
13.01.2025;10:27:57.804;FGBL SI 20250306 PS;SIMPLE_INSTRUMENT;EFS;EUR;33;130.68000000;479;EXCHANGE_LAST;;1;1;XEUR;11286679;688;
13.01.2025;10:32:51.335;FGBL SI 20250306 PS;SIMPLE_INSTRUMENT;EFP_FIN;EUR;34;130.65000000;72;EXCHANGE_LAST;;1;1;XEUR;11286679;688;
13.01.2025;10:33:23.964;FGBL SI 20250306 PS;SIMPLE_INSTRUMENT;EFP_FIN;EUR;35;130.65000000;722;EXCHANGE_LAST;;1;1;XEUR;11286679;688;
13.01.2025;10:38:30.813;FGBL SI 20250306 PS;SIMPLE_INSTRUMENT;EFS;EUR;36;130.71000000;150;EXCHANGE_LAST;;1;1;XEUR;11286679;688;
13.01.2025;10:39:25.855;FGBL SI 20250306 PS;SIMPLE_INSTRUMENT;EFS;EUR;37;130.72000000;415;EXCHANGE_LAST;;1;1;XEUR;11286679;688;
13.01.2025;10:41:01.930;FGBL SI 20250306 PS;SIMPLE_INSTRUMENT;EFS;EUR;38;130.75000000;414;EXCHANGE_LAST;;1;1;XEUR;11286679;688;
13.01.2025;10:45:53.219;FGBL SI 20250306 PS;SIMPLE_INSTRUMENT;EFP_FIN;EUR;39;130.67000000;274;EXCHANGE_LAST;;1;1;XEUR;11286679;688;
13.01.2025;10:52:22.783;FGBL SI 20250306 PS;SIMPLE_INSTRUMENT;EFS;EUR;40;130.76000000;1435;EXCHANGE_LAST;;1;1;XEUR;11286679;688;
13.01.2025;11:15:39.748;FGBL SI 20250306 PS;SIMPLE_INSTRUMENT;EFS;EUR;41;130.76000000;414;EXCHANGE_LAST;;1;1;XEUR;11286679;688;
13.01.2025;11:16:04.478;FGBL SI 20250306 PS;SIMPLE_INSTRUMENT;EFS;EUR;42;130.75000000;415;EXCHANGE_LAST;;1;1;XEUR;11286679;688;
13.01.2025;11:16:28.500;FGBL SI 20250306 PS;SIMPLE_INSTRUMENT;EFS;EUR;43;130.75000000;208;EXCHANGE_LAST;;1;1;XEUR;11286679;688;
13.01.2025;11:23:04.862;FGBL SI 20250306 PS;SIMPLE_INSTRUMENT;EFS;EUR;44;130.78000000;415;EXCHANGE_LAST;;1;1;XEUR;11286679;688;
13.01.2025;11:23:26.626;FGBL SI 20250306 PS;SIMPLE_INSTRUMENT;EFP_FIN;EUR;45;130.76000000;361;EXCHANGE_LAST;;1;1;XEUR;11286679;688;
13.01.2025;11:24:54.964;FGBL SI 20250306 PS;SIMPLE_INSTRUMENT;EFP_FIN;EUR;46;130.73000000;722;EXCHANGE_LAST;;1;1;XEUR;11286679;688;
13.01.2025;11:25:36.828;FGBL SI 20250306 PS;SIMPLE_INSTRUMENT;EFS;EUR;47;130.83000000;207;EXCHANGE_LAST;;1;1;XEUR;11286679;688;
13.01.2025;11:30:06.220;FGBL SI 20250306 PS;SIMPLE_INSTRUMENT;EFS;EUR;48;130.84000000;207;EXCHANGE_LAST;;1;1;XEUR;11286679;688;
13.01.2025;11:30:50.330;FGBL SI 20250306 PS;SIMPLE_INSTRUMENT;EFS;EUR;49;130.85000000;249;EXCHANGE_LAST;;1;1;XEUR;11286679;688;
13.01.2025;11:31:19.929;FGBL SI 20250306 PS;SIMPLE_INSTRUMENT;EFS;EUR;50;130.85000000;230;EXCHANGE_LAST;;1;1;XEUR;11286679;688;
13.01.2025;11:31:55.380;FGBL SI 20250306 PS;SIMPLE_INSTRUMENT;EFS;EUR;51;130.85000000;166;EXCHANGE_LAST;;1;1;XEUR;11286679;688;
13.01.2025;11:34:25.520;FGBL SI 20250306 PS;SIMPLE_INSTRUMENT;EFS;EUR;52;130.84000000;415;EXCHANGE_LAST;;1;1;XEUR;11286679;688;
13.01.2025;11:34:54.907;FGBL SI 20250306 PS;SIMPLE_INSTRUMENT;EFS;EUR;53;130.85000000;415;EXCHANGE_LAST;;1;1;XEUR;11286679;688;
13.01.2025;11:35:42.243;FGBL SI 20250306 PS;SIMPLE_INSTRUMENT;EFS;EUR;54;130.85000000;208;EXCHANGE_LAST;;1;1;XEUR;11286679;688;
13.01.2025;11:37:10.648;FGBL SI 20250306 PS;SIMPLE_INSTRUMENT;EFS;EUR;55;130.83000000;830;EXCHANGE_LAST;;1;1;XEUR;11286679;688;
13.01.2025;11:42:24.683;FGBL SI 20250306 PS;SIMPLE_INSTRUMENT;EFS;EUR;56;130.79000000;415;EXCHANGE_LAST;;1;1;XEUR;11286679;688;
13.01.2025;11:42:31.872;FGBL SI 20250306 PS;SIMPLE_INSTRUMENT;EFS;EUR;57;130.78000000;415;EXCHANGE_LAST;;1;1;XEUR;11286679;688;
13.01.2025;11:43:46.924;FGBL SI 20250306 PS;SIMPLE_INSTRUMENT;EFS;EUR;58;130.78000000;208;EXCHANGE_LAST;;1;1;XEUR;11286679;688;
13.01.2025;11:59:13.129;FGBL SI 20250306 PS;SIMPLE_INSTRUMENT;EFS;EUR;59;130.82000000;83;EXCHANGE_LAST;;1;1;XEUR;11286679;688;
13.01.2025;12:03:06.092;FGBL SI 20250306 PS;SIMPLE_INSTRUMENT;EFS;EUR;60;130.82000000;208;EXCHANGE_LAST;;1;1;XEUR;11286679;688;
13.01.2025;12:07:51.368;FGBL SI 20250306 PS;SIMPLE_INSTRUMENT;EFS;EUR;61;130.82000000;310;EXCHANGE_LAST;;1;1;XEUR;11286679;688;
13.01.2025;12:24:21.418;FGBL SI 20250306 PS;SIMPLE_INSTRUMENT;EFS;EUR;62;130.82000000;1195;EXCHANGE_LAST;;1;1;XEUR;11286679;688;
13.01.2025;12:24:28.769;FGBL SI 20250306 PS;SIMPLE_INSTRUMENT;EFS;EUR;63;130.82000000;938;EXCHANGE_LAST;;1;1;XEUR;11286679;688;
13.01.2025;12:28:20.776;FGBL SI 20250306 PS;SIMPLE_INSTRUMENT;EFS;EUR;64;130.85000000;207;EXCHANGE_LAST;;1;1;XEUR;11286679;688;
13.01.2025;12:31:05.914;FGBL SI 20250306 PS;SIMPLE_INSTRUMENT;EFS;EUR;65;130.85000000;208;EXCHANGE_LAST;;1;1;XEUR;11286679;688;
13.01.2025;12:46:36.092;FGBL SI 20250306 PS;SIMPLE_INSTRUMENT;EFS;EUR;66;130.92000000;478;EXCHANGE_LAST;;1;1;XEUR;11286679;688;
13.01.2025;12:56:53.159;FGBL SI 20250306 PS;SIMPLE_INSTRUMENT;EFS;EUR;67;130.88000000;415;EXCHANGE_LAST;;1;1;XEUR;11286679;688;
13.01.2025;13:10:47.749;FGBL SI 20250306 PS;SIMPLE_INSTRUMENT;EFS;EUR;68;130.88000000;1873;EXCHANGE_LAST;;1;1;XEUR;11286679;688;
13.01.2025;13:12:44.831;FGBL SI 20250306 PS;SIMPLE_INSTRUMENT;EFS;EUR;69;130.85000000;415;EXCHANGE_LAST;;1;1;XEUR;11286679;688;
13.01.2025;13:15:44.954;FGBL SI 20250306 PS;SIMPLE_INSTRUMENT;EFS;EUR;70;130.85000000;208;EXCHANGE_LAST;;1;1;XEUR;11286679;688;
13.01.2025;13:17:50.048;FGBL SI 20250306 PS;SIMPLE_INSTRUMENT;EFS;EUR;71;130.85000000;415;EXCHANGE_LAST;;1;1;XEUR;11286679;688;
13.01.2025;13:25:38.447;FGBL SI 20250306 PS;SIMPLE_INSTRUMENT;EFS;EUR;72;130.85000000;208;EXCHANGE_LAST;;1;1;XEUR;11286679;688;
13.01.2025;13:19:58.056;FGBL SI 20250306 PS;SIMPLE_INSTRUMENT;EFP_FIN;EUR;73;130.84000000;180;EXCHANGE_LAST;;1;1;XEUR;11286679;688;
13.01.2025;13:20:24.358;FGBL SI 20250306 PS;SIMPLE_INSTRUMENT;EFS;EUR;74;130.85000000;208;EXCHANGE_LAST;;1;1;XEUR;11286679;688;
13.01.2025;13:25:52.137;FGBL SI 20250306 PS;SIMPLE_INSTRUMENT;EFS;EUR;75;130.85000000;415;EXCHANGE_LAST;;1;1;XEUR;11286679;688;
13.01.2025;13:22:47.187;FGBL SI 20250306 PS;SIMPLE_INSTRUMENT;EFS;EUR;76;130.88000000;414;EXCHANGE_LAST;;1;1;XEUR;11286679;688;
13.01.2025;13:31:00.548;FGBL SI 20250306 PS;SIMPLE_INSTRUMENT;EFS;EUR;77;130.88000000;840;EXCHANGE_LAST;;1;1;XEUR;11286679;688;
13.01.2025;13:32:36.623;FGBL SI 20250306 PS;SIMPLE_INSTRUMENT;EFS;EUR;78;130.89000000;415;EXCHANGE_LAST;;1;1;XEUR;11286679;688;
13.01.2025;13:34:01.688;FGBL SI 20250306 PS;SIMPLE_INSTRUMENT;EFS;EUR;79;130.89000000;207;EXCHANGE_LAST;;1;1;XEUR;11286679;688;
13.01.2025;13:34:06.693;FGBL SI 20250306 PS;SIMPLE_INSTRUMENT;EFS;EUR;80;130.89000000;208;EXCHANGE_LAST;;1;1;XEUR;11286679;688;
13.01.2025;13:47:29.356;FGBL SI 20250306 PS;SIMPLE_INSTRUMENT;EFS;EUR;81;130.85000000;415;EXCHANGE_LAST;;1;1;XEUR;11286679;688;
13.01.2025;13:47:42.718;FGBL SI 20250306 PS;SIMPLE_INSTRUMENT;EFS;EUR;82;130.85000000;415;EXCHANGE_LAST;;1;1;XEUR;11286679;688;
13.01.2025;13:54:23.818;FGBL SI 20250306 PS;SIMPLE_INSTRUMENT;EFS;EUR;83;130.80000000;208;EXCHANGE_LAST;;1;1;XEUR;11286679;688;
13.01.2025;13:56:09.646;FGBL SI 20250306 PS;SIMPLE_INSTRUMENT;EFS;EUR;84;130.81000000;415;EXCHANGE_LAST;;1;1;XEUR;11286679;688;
13.01.2025;13:55:58.934;FGBL SI 20250306 PS;SIMPLE_INSTRUMENT;EFS;EUR;85;130.80000000;208;EXCHANGE_LAST;;1;1;XEUR;11286679;688;
13.01.2025;13:56:12.989;FGBL SI 20250306 PS;SIMPLE_INSTRUMENT;EFS;EUR;86;130.85000000;208;EXCHANGE_LAST;;1;1;XEUR;11286679;688;
13.01.2025;14:00:43.214;FGBL SI 20250306 PS;SIMPLE_INSTRUMENT;EFS;EUR;88;130.81000000;1875;EXCHANGE_LAST;;1;1;XEUR;11286679;688;
13.01.2025;14:03:07.605;FGBL SI 20250306 PS;SIMPLE_INSTRUMENT;EFP_FIN;EUR;89;130.82000000;156;EXCHANGE_LAST;;1;1;XEUR;11286679;688;
13.01.2025;14:03:33.410;FGBL SI 20250306 PS;SIMPLE_INSTRUMENT;EFP_FIN;EUR;90;130.82000000;156;EXCHANGE_LAST;;1;1;XEUR;11286679;688;
13.01.2025;14:05:55.570;FGBL SI 20250306 PS;SIMPLE_INSTRUMENT;EFS;EUR;91;130.82000000;415;EXCHANGE_LAST;;1;1;XEUR;11286679;688;
13.01.2025;14:06:06.641;FGBL SI 20250306 PS;SIMPLE_INSTRUMENT;EFS;EUR;92;130.80000000;956;EXCHANGE_LAST;;1;1;XEUR;11286679;688;
13.01.2025;14:07:02.234;FGBL SI 20250306 PS;SIMPLE_INSTRUMENT;EFS;EUR;93;130.81000000;1875;EXCHANGE_LAST;;1;1;XEUR;11286679;688;
13.01.2025;14:11:06.789;FGBL SI 20250306 PS;SIMPLE_INSTRUMENT;EFS;EUR;94;130.86000000;1173;EXCHANGE_LAST;;1;1;XEUR;11286679;688;
13.01.2025;14:11:49.207;FGBL SI 20250306 PS;SIMPLE_INSTRUMENT;EFP_FIN;EUR;95;130.83000000;360;EXCHANGE_LAST;;1;1;XEUR;11286679;688;
13.01.2025;14:13:00.953;FGBL SI 20250306 PS;SIMPLE_INSTRUMENT;EFS;EUR;96;130.89000000;415;EXCHANGE_LAST;;1;1;XEUR;11286679;688;
13.01.2025;14:13:05.381;FGBL SI 20250306 PS;SIMPLE_INSTRUMENT;EFS;EUR;97;130.87000000;1405;EXCHANGE_LAST;;1;1;XEUR;11286679;688;
13.01.2025;14:13:13.163;FGBL SI 20250306 PS;SIMPLE_INSTRUMENT;EFS;EUR;98;130.81000000;290;EXCHANGE_LAST;;1;1;XEUR;11286679;688;
13.01.2025;14:14:33.408;FGBL SI 20250306 PS;SIMPLE_INSTRUMENT;EFS;EUR;99;130.87000000;415;EXCHANGE_LAST;;1;1;XEUR;11286679;688;
13.01.2025;14:14:35.026;FGBL SI 20250306 PS;SIMPLE_INSTRUMENT;EFS;EUR;100;130.89000000;415;EXCHANGE_LAST;;1;1;XEUR;11286679;688;
13.01.2025;14:15:06.926;FGBL SI 20250306 PS;SIMPLE_INSTRUMENT;EFS;EUR;101;130.87000000;415;EXCHANGE_LAST;;1;1;XEUR;11286679;688;
13.01.2025;14:16:00.091;FGBL SI 20250306 PS;SIMPLE_INSTRUMENT;EFS;EUR;102;130.93000000;415;EXCHANGE_LAST;;1;1;XEUR;11286679;688;
13.01.2025;14:16:08.445;FGBL SI 20250306 PS;SIMPLE_INSTRUMENT;EFS;EUR;103;130.91000000;1227;EXCHANGE_LAST;;1;1;XEUR;11286679;688;
13.01.2025;14:20:25.338;FGBL SI 20250306 PS;SIMPLE_INSTRUMENT;EFS;EUR;104;130.90000000;830;EXCHANGE_LAST;;1;1;XEUR;11286679;688;
13.01.2025;14:23:29.093;FGBL SI 20250306 PS;SIMPLE_INSTRUMENT;EFS;EUR;105;130.89000000;468;EXCHANGE_LAST;;1;1;XEUR;11286679;688;
13.01.2025;14:31:01.243;FGBL SI 20250306 PS;SIMPLE_INSTRUMENT;EFS;EUR;106;130.90000000;468;EXCHANGE_LAST;;1;1;XEUR;11286679;688;
13.01.2025;14:33:50.423;FGBL SI 20250306 PS;SIMPLE_INSTRUMENT;EFP_FIN;EUR;107;130.89000000;559;EXCHANGE_LAST;;1;1;XEUR;11286679;688;
13.01.2025;14:37:51.848;FGBL SI 20250306 PS;SIMPLE_INSTRUMENT;EFP_FIN;EUR;108;130.82000000;508;EXCHANGE_LAST;;1;1;XEUR;11286679;688;
13.01.2025;14:38:32.395;FGBL SI 20250306 PS;SIMPLE_INSTRUMENT;EFS;EUR;110;130.89000000;500;EXCHANGE_LAST;;1;1;XEUR;11286679;688;
13.01.2025;14:39:08.766;FGBL SI 20250306 PS;SIMPLE_INSTRUMENT;EFP_FIN;EUR;111;130.82000000;169;EXCHANGE_LAST;;1;1;XEUR;11286679;688;
13.01.2025;14:40:59.311;FGBL SI 20250306 PS;SIMPLE_INSTRUMENT;EFP_FIN;EUR;112;130.88000000;215;EXCHANGE_LAST;;1;1;XEUR;11286679;688;
13.01.2025;14:41:16.517;FGBL SI 20250306 PS;SIMPLE_INSTRUMENT;EFS;EUR;113;130.87000000;340;EXCHANGE_LAST;;1;1;XEUR;11286679;688;
13.01.2025;14:41:29.342;FGBL SI 20250306 PS;SIMPLE_INSTRUMENT;EFS;EUR;114;130.90000000;229;EXCHANGE_LAST;;1;1;XEUR;11286679;688;
13.01.2025;14:49:06.147;FGBL SI 20250306 PS;SIMPLE_INSTRUMENT;EFP_FIN;EUR;115;130.93000000;156;EXCHANGE_LAST;;1;1;XEUR;11286679;688;
13.01.2025;14:51:17.091;FGBL SI 20250306 PS;SIMPLE_INSTRUMENT;EFS;EUR;116;130.90000000;468;EXCHANGE_LAST;;1;1;XEUR;11286679;688;
13.01.2025;14:55:12.704;FGBL SI 20250306 PS;SIMPLE_INSTRUMENT;EFS;EUR;117;130.88000000;415;EXCHANGE_LAST;;1;1;XEUR;11286679;688;
13.01.2025;14:57:20.946;FGBL SI 20250306 PS;SIMPLE_INSTRUMENT;EFS;EUR;118;130.88000000;290;EXCHANGE_LAST;;1;1;XEUR;11286679;688;
13.01.2025;14:57:49.733;FGBL SI 20250306 PS;SIMPLE_INSTRUMENT;EFP_FIN;EUR;119;130.89000000;392;EXCHANGE_LAST;;1;1;XEUR;11286679;688;
13.01.2025;15:01:54.734;FGBL SI 20250306 PS;SIMPLE_INSTRUMENT;EFS;EUR;120;130.88000000;415;EXCHANGE_LAST;;1;1;XEUR;11286679;688;
13.01.2025;15:04:19.832;FGBL SI 20250306 PS;SIMPLE_INSTRUMENT;EFS;EUR;121;130.88000000;415;EXCHANGE_LAST;;1;1;XEUR;11286679;688;
13.01.2025;15:05:13.211;FGBL SI 20250306 PS;SIMPLE_INSTRUMENT;EFS;EUR;122;130.87000000;332;EXCHANGE_LAST;;1;1;XEUR;11286679;688;
13.01.2025;15:05:14.271;FGBL SI 20250306 PS;SIMPLE_INSTRUMENT;EFS;EUR;123;130.84000000;415;EXCHANGE_LAST;;1;1;XEUR;11286679;688;
13.01.2025;15:06:41.022;FGBL SI 20250306 PS;SIMPLE_INSTRUMENT;EFS;EUR;124;130.86000000;415;EXCHANGE_LAST;;1;1;XEUR;11286679;688;
13.01.2025;15:07:14.661;FGBL SI 20250306 PS;SIMPLE_INSTRUMENT;EFS;EUR;125;130.86000000;415;EXCHANGE_LAST;;1;1;XEUR;11286679;688;
13.01.2025;15:07:34.374;FGBL SI 20250306 PS;SIMPLE_INSTRUMENT;EFS;EUR;126;130.84000000;415;EXCHANGE_LAST;;1;1;XEUR;11286679;688;
13.01.2025;15:10:01.836;FGBL SI 20250306 PS;SIMPLE_INSTRUMENT;EFP_FIN;EUR;127;130.91000000;570;EXCHANGE_LAST;;1;1;XEUR;11286679;688;
13.01.2025;15:52:58.248;FGBL SI 20250306 PS;SIMPLE_INSTRUMENT;EFP_FIN;EUR;128;130.84000000;70;EXCHANGE_LAST;;1;1;XEUR;11286679;688;
13.01.2025;15:53:19.651;FGBL SI 20250306 PS;SIMPLE_INSTRUMENT;EFP_FIN;EUR;129;130.84000000;105;EXCHANGE_LAST;;1;1;XEUR;11286679;688;
13.01.2025;16:02:08.537;FGBL SI 20250306 PS;SIMPLE_INSTRUMENT;EFS;EUR;130;130.89000000;375;EXCHANGE_LAST;;1;1;XEUR;11286679;688;
13.01.2025;16:10:14.085;FGBL SI 20250306 PS;SIMPLE_INSTRUMENT;EFS;EUR;131;130.84000000;415;EXCHANGE_LAST;;1;1;XEUR;11286679;688;
13.01.2025;16:10:32.653;FGBL SI 20250306 PS;SIMPLE_INSTRUMENT;EFS;EUR;132;130.83000000;415;EXCHANGE_LAST;;1;1;XEUR;11286679;688;
13.01.2025;16:13:32.217;FGBL SI 20250306 PS;SIMPLE_INSTRUMENT;EFS;EUR;133;130.89000000;1575;EXCHANGE_LAST;;1;1;XEUR;11286679;688;
13.01.2025;16:20:10.433;FGBL SI 20250306 PS;SIMPLE_INSTRUMENT;EFS;EUR;134;130.83000000;94;EXCHANGE_LAST;;1;1;XEUR;11286679;688;
13.01.2025;16:24:01.114;FGBL SI 20250306 PS;SIMPLE_INSTRUMENT;EFS;EUR;135;130.80000000;622;EXCHANGE_LAST;;1;1;XEUR;11286679;688;
13.01.2025;16:38:32.136;FGBL SI 20250306 PS;SIMPLE_INSTRUMENT;EFS;EUR;136;130.81000000;1658;EXCHANGE_LAST;;1;1;XEUR;11286679;688;
13.01.2025;16:42:53.708;FGBL SI 20250306 PS;SIMPLE_INSTRUMENT;EFS;EUR;137;130.82000000;1700;EXCHANGE_LAST;;1;1;XEUR;11286679;688;
13.01.2025;17:01:15.469;FGBL SI 20250306 PS;SIMPLE_INSTRUMENT;EFS;EUR;138;130.82000000;415;EXCHANGE_LAST;;1;1;XEUR;11286679;688;
13.01.2025;17:02:52.832;FGBL SI 20250306 PS;SIMPLE_INSTRUMENT;EFS;EUR;139;130.82000000;415;EXCHANGE_LAST;;1;1;XEUR;11286679;688;
13.01.2025;17:04:25.707;FGBL SI 20250306 PS;SIMPLE_INSTRUMENT;EFS;EUR;140;130.82000000;290;EXCHANGE_LAST;;1;1;XEUR;11286679;688;
13.01.2025;17:07:40.338;FGBL SI 20250306 PS;SIMPLE_INSTRUMENT;EFS;EUR;141;130.80000000;207;EXCHANGE_LAST;;1;1;XEUR;11286679;688;
13.01.2025;17:18:31.977;FGBL SI 20250306 PS;SIMPLE_INSTRUMENT;EFS;EUR;142;130.90000000;208;EXCHANGE_LAST;;1;1;XEUR;11286679;688;
13.01.2025;17:18:41.985;FGBL SI 20250306 PS;SIMPLE_INSTRUMENT;EFS;EUR;143;130.90000000;208;EXCHANGE_LAST;;1;1;XEUR;11286679;688;
13.01.2025;09:31:23.646;FGBL SI 20250306 PS;SIMPLE_INSTRUMENT;VOLA;EUR;268435478;130.60000000;30;EXCHANGE_LAST;;1;1;XEUR;11286679;688;
13.01.2025;09:34:06.832;FGBL SI 20250306 PS;SIMPLE_INSTRUMENT;VOLA;EUR;268435479;130.60000000;25;EXCHANGE_LAST;;1;1;XEUR;11286679;688;
13.01.2025;11:04:55.683;FGBL SI 20250306 PS;SIMPLE_INSTRUMENT;VOLA;EUR;268435503;130.65000000;20;EXCHANGE_LAST;;1;1;XEUR;11286679;688;
13.01.2025;11:16:32.809;FGBL SI 20250306 PS;SIMPLE_INSTRUMENT;VOLA;EUR;268435509;130.77000000;141;EXCHANGE_LAST;;1;1;XEUR;11286679;688;
13.01.2025;11:33:08.656;FGBL SI 20250306 PS;SIMPLE_INSTRUMENT;VOLA;EUR;268435513;130.82000000;60;EXCHANGE_LAST;;1;1;XEUR;11286679;688;
13.01.2025;12:10:28.742;FGBL SI 20250306 PS;SIMPLE_INSTRUMENT;VOLA;EUR;268435519;130.77000000;100;EXCHANGE_LAST;;1;1;XEUR;11286679;688;
13.01.2025;14:24:16.394;FGBL SI 20250306 PS;SIMPLE_INSTRUMENT;VOLA;EUR;268435565;130.80000000;33;EXCHANGE_LAST;;1;1;XEUR;11286679;688;
13.01.2025;14:24:37.396;FGBL SI 20250306 PS;SIMPLE_INSTRUMENT;VOLA;EUR;268435566;130.80000000;33;EXCHANGE_LAST;;1;1;XEUR;11286679;688;
13.01.2025;15:48:53.683;FGBL SI 20250306 PS;SIMPLE_INSTRUMENT;VOLA;EUR;268435587;130.90000000;45;EXCHANGE_LAST;;1;1;XEUR;11286679;688;
13.01.2025;15:49:18.686;FGBL SI 20250306 PS;SIMPLE_INSTRUMENT;VOLA;EUR;268435588;130.90000000;45;EXCHANGE_LAST;;1;1;XEUR;11286679;688;
13.01.2025;07:45:44.308;FGBM SI 20250306 PS;SIMPLE_INSTRUMENT;EFP_FIN;EUR;1;116.62000000;345;EXCHANGE_LAST;;1;1;XEUR;11286680;689;
13.01.2025;08:15:57.173;FGBM SI 20250306 PS;SIMPLE_INSTRUMENT;EFS;EUR;2;116.44000000;1815;EXCHANGE_LAST;;1;1;XEUR;11286680;689;
13.01.2025;08:20:41.535;FGBM SI 20250306 PS;SIMPLE_INSTRUMENT;EFP_FIN;EUR;3;116.43000000;259;EXCHANGE_LAST;;1;1;XEUR;11286680;689;
13.01.2025;08:30:01.940;FGBM SI 20250306 PS;SIMPLE_INSTRUMENT;EFP_FIN;EUR;4;116.44000000;1900;EXCHANGE_LAST;;1;1;XEUR;11286680;689;
13.01.2025;08:40:24.222;FGBM SI 20250306 PS;SIMPLE_INSTRUMENT;EFS;EUR;5;116.38000000;908;EXCHANGE_LAST;;1;1;XEUR;11286680;689;
13.01.2025;09:07:46.038;FGBM SI 20250306 PS;SIMPLE_INSTRUMENT;EFS;EUR;6;116.38000000;472;EXCHANGE_LAST;;1;1;XEUR;11286680;689;
13.01.2025;09:18:04.300;FGBM SI 20250306 PS;SIMPLE_INSTRUMENT;EFS;EUR;8;116.38000000;3213;EXCHANGE_LAST;;1;1;XEUR;11286680;689;
13.01.2025;09:18:59.413;FGBM SI 20250306 PS;SIMPLE_INSTRUMENT;EFP_FIN;EUR;9;116.36000000;863;EXCHANGE_LAST;;1;1;XEUR;11286680;689;
13.01.2025;09:19:09.812;FGBM SI 20250306 PS;SIMPLE_INSTRUMENT;EFS;EUR;10;116.38000000;453;EXCHANGE_LAST;;1;1;XEUR;11286680;689;
13.01.2025;09:21:38.080;FGBM SI 20250306 PS;SIMPLE_INSTRUMENT;EFS;EUR;11;116.38000000;453;EXCHANGE_LAST;;1;1;XEUR;11286680;689;
13.01.2025;09:22:47.728;FGBM SI 20250306 PS;SIMPLE_INSTRUMENT;EFP_FIN;EUR;12;116.38000000;452;EXCHANGE_LAST;;1;1;XEUR;11286680;689;
13.01.2025;09:25:24.728;FGBM SI 20250306 PS;SIMPLE_INSTRUMENT;EFS;EUR;13;116.39000000;453;EXCHANGE_LAST;;1;1;XEUR;11286680;689;
13.01.2025;09:25:40.778;FGBM SI 20250306 PS;SIMPLE_INSTRUMENT;EFS;EUR;14;116.38000000;453;EXCHANGE_LAST;;1;1;XEUR;11286680;689;
13.01.2025;09:29:28.932;FGBM SI 20250306 PS;SIMPLE_INSTRUMENT;EFS;EUR;15;116.38000000;906;EXCHANGE_LAST;;1;1;XEUR;11286680;689;
13.01.2025;09:31:10.104;FGBM SI 20250306 PS;SIMPLE_INSTRUMENT;EFS;EUR;16;116.39000000;906;EXCHANGE_LAST;;1;1;XEUR;11286680;689;
13.01.2025;09:36:43.004;FGBM SI 20250306 PS;SIMPLE_INSTRUMENT;EFS;EUR;17;116.38000000;453;EXCHANGE_LAST;;1;1;XEUR;11286680;689;
13.01.2025;09:43:29.300;FGBM SI 20250306 PS;SIMPLE_INSTRUMENT;EFP_FIN;EUR;18;116.39000000;523;EXCHANGE_LAST;;1;1;XEUR;11286680;689;
13.01.2025;09:53:05.051;FGBM SI 20250306 PS;SIMPLE_INSTRUMENT;EFS;EUR;19;116.45000000;427;EXCHANGE_LAST;;1;1;XEUR;11286680;689;
13.01.2025;09:56:38.717;FGBM SI 20250306 PS;SIMPLE_INSTRUMENT;EFS;EUR;20;116.43000000;7500;EXCHANGE_LAST;;1;1;XEUR;11286680;689;
13.01.2025;09:58:43.689;FGBM SI 20250306 PS;SIMPLE_INSTRUMENT;EFS;EUR;21;116.46000000;300;EXCHANGE_LAST;;1;1;XEUR;11286680;689;
13.01.2025;10:07:06.046;FGBM SI 20250306 PS;SIMPLE_INSTRUMENT;EFS;EUR;22;116.45000000;5000;EXCHANGE_LAST;;1;1;XEUR;11286680;689;
13.01.2025;10:06:53.264;FGBM SI 20250306 PS;SIMPLE_INSTRUMENT;EFS;EUR;23;116.43000000;999;EXCHANGE_LAST;;1;1;XEUR;11286680;689;
13.01.2025;10:15:22.163;FGBM SI 20250306 PS;SIMPLE_INSTRUMENT;EFS;EUR;24;116.44000000;1000;EXCHANGE_LAST;;1;1;XEUR;11286680;689;
13.01.2025;10:16:06.404;FGBM SI 20250306 PS;SIMPLE_INSTRUMENT;EFP_FIN;EUR;25;116.43000000;225;EXCHANGE_LAST;;1;1;XEUR;11286680;689;
13.01.2025;10:17:13.787;FGBM SI 20250306 PS;SIMPLE_INSTRUMENT;EFS;EUR;26;116.43000000;1999;EXCHANGE_LAST;;1;1;XEUR;11286680;689;
13.01.2025;10:20:28.045;FGBM SI 20250306 PS;SIMPLE_INSTRUMENT;EFS;EUR;27;116.40000000;908;EXCHANGE_LAST;;1;1;XEUR;11286680;689;
13.01.2025;10:21:38.132;FGBM SI 20250306 PS;SIMPLE_INSTRUMENT;EFS;EUR;28;116.42000000;906;EXCHANGE_LAST;;1;1;XEUR;11286680;689;
13.01.2025;10:22:13.122;FGBM SI 20250306 PS;SIMPLE_INSTRUMENT;EFS;EUR;29;116.40000000;907;EXCHANGE_LAST;;1;1;XEUR;11286680;689;
13.01.2025;10:22:14.123;FGBM SI 20250306 PS;SIMPLE_INSTRUMENT;EFS;EUR;30;116.40000000;907;EXCHANGE_LAST;;1;1;XEUR;11286680;689;
13.01.2025;10:24:01.054;FGBM SI 20250306 PS;SIMPLE_INSTRUMENT;EFS;EUR;31;116.42000000;999;EXCHANGE_LAST;;1;1;XEUR;11286680;689;
13.01.2025;10:25:58.798;FGBM SI 20250306 PS;SIMPLE_INSTRUMENT;EFS;EUR;32;116.42000000;1003;EXCHANGE_LAST;;1;1;XEUR;11286680;689;
13.01.2025;10:26:28.516;FGBM SI 20250306 PS;SIMPLE_INSTRUMENT;EFS;EUR;33;116.42000000;327;EXCHANGE_LAST;;1;1;XEUR;11286680;689;
13.01.2025;10:28:14.405;FGBM SI 20250306 PS;SIMPLE_INSTRUMENT;EFS;EUR;34;116.43000000;907;EXCHANGE_LAST;;1;1;XEUR;11286680;689;
13.01.2025;10:32:42.745;FGBM SI 20250306 PS;SIMPLE_INSTRUMENT;EFS;EUR;35;116.43000000;907;EXCHANGE_LAST;;1;1;XEUR;11286680;689;
13.01.2025;10:41:24.309;FGBM SI 20250306 PS;SIMPLE_INSTRUMENT;EFS;EUR;36;116.46000000;980;EXCHANGE_LAST;;1;1;XEUR;11286680;689;
13.01.2025;10:42:55.242;FGBM SI 20250306 PS;SIMPLE_INSTRUMENT;EFS;EUR;37;116.42000000;1000;EXCHANGE_LAST;;1;1;XEUR;11286680;689;
13.01.2025;10:43:18.113;FGBM SI 20250306 PS;SIMPLE_INSTRUMENT;EFS;EUR;38;116.46000000;978;EXCHANGE_LAST;;1;1;XEUR;11286680;689;
13.01.2025;10:44:04.976;FGBM SI 20250306 PS;SIMPLE_INSTRUMENT;EFS;EUR;39;116.42000000;1134;EXCHANGE_LAST;;1;1;XEUR;11286680;689;
13.01.2025;10:48:21.381;FGBM SI 20250306 PS;SIMPLE_INSTRUMENT;EFS;EUR;40;116.44000000;2000;EXCHANGE_LAST;;1;1;XEUR;11286680;689;
13.01.2025;10:50:29.311;FGBM SI 20250306 PS;SIMPLE_INSTRUMENT;EFP_FIN;EUR;41;116.45000000;523;EXCHANGE_LAST;;1;1;XEUR;11286680;689;
13.01.2025;10:50:50.901;FGBM SI 20250306 PS;SIMPLE_INSTRUMENT;EFS;EUR;42;116.46000000;1499;EXCHANGE_LAST;;1;1;XEUR;11286680;689;
13.01.2025;10:54:55.656;FGBM SI 20250306 PS;SIMPLE_INSTRUMENT;EFS;EUR;43;116.46000000;500;EXCHANGE_LAST;;1;1;XEUR;11286680;689;
13.01.2025;11:04:58.156;FGBM SI 20250306 PS;SIMPLE_INSTRUMENT;EFS;EUR;44;116.44000000;599;EXCHANGE_LAST;;1;1;XEUR;11286680;689;
13.01.2025;11:23:53.254;FGBM SI 20250306 PS;SIMPLE_INSTRUMENT;EFP_FIN;EUR;45;116.49000000;640;EXCHANGE_LAST;;1;1;XEUR;11286680;689;
13.01.2025;11:29:25.232;FGBM SI 20250306 PS;SIMPLE_INSTRUMENT;EFS;EUR;46;116.51000000;907;EXCHANGE_LAST;;1;1;XEUR;11286680;689;
13.01.2025;11:29:48.784;FGBM SI 20250306 PS;SIMPLE_INSTRUMENT;EFS;EUR;47;116.45000000;300;EXCHANGE_LAST;;1;1;XEUR;11286680;689;
13.01.2025;12:08:18.380;FGBM SI 20250306 PS;SIMPLE_INSTRUMENT;EFP_FIN;EUR;48;116.48000000;551;EXCHANGE_LAST;;1;1;XEUR;11286680;689;
13.01.2025;12:20:03.417;FGBM SI 20250306 PS;SIMPLE_INSTRUMENT;EFP_FIN;EUR;49;116.49000000;577;EXCHANGE_LAST;;1;1;XEUR;11286680;689;
13.01.2025;12:22:54.746;FGBM SI 20250306 PS;SIMPLE_INSTRUMENT;EFS;EUR;50;116.50000000;500;EXCHANGE_LAST;;1;1;XEUR;11286680;689;
13.01.2025;13:15:52.667;FGBM SI 20250306 PS;SIMPLE_INSTRUMENT;EFS;EUR;51;116.53000000;905;EXCHANGE_LAST;;1;1;XEUR;11286680;689;
13.01.2025;13:16:58.876;FGBM SI 20250306 PS;SIMPLE_INSTRUMENT;EFS;EUR;52;116.53000000;453;EXCHANGE_LAST;;1;1;XEUR;11286680;689;
13.01.2025;13:29:02.525;FGBM SI 20250306 PS;SIMPLE_INSTRUMENT;EFP_FIN;EUR;53;116.56000000;1156;EXCHANGE_LAST;;1;1;XEUR;11286680;689;
13.01.2025;13:33:26.658;FGBM SI 20250306 PS;SIMPLE_INSTRUMENT;EFS;EUR;54;116.55000000;907;EXCHANGE_LAST;;1;1;XEUR;11286680;689;
13.01.2025;13:33:51.679;FGBM SI 20250306 PS;SIMPLE_INSTRUMENT;EFS;EUR;55;116.55000000;907;EXCHANGE_LAST;;1;1;XEUR;11286680;689;
13.01.2025;13:53:06.866;FGBM SI 20250306 PS;SIMPLE_INSTRUMENT;EFS;EUR;56;116.51000000;489;EXCHANGE_LAST;;1;1;XEUR;11286680;689;
13.01.2025;13:55:23.904;FGBM SI 20250306 PS;SIMPLE_INSTRUMENT;EFS;EUR;57;116.52000000;453;EXCHANGE_LAST;;1;1;XEUR;11286680;689;
13.01.2025;13:55:48.923;FGBM SI 20250306 PS;SIMPLE_INSTRUMENT;EFS;EUR;58;116.52000000;734;EXCHANGE_LAST;;1;1;XEUR;11286680;689;
13.01.2025;13:57:08.999;FGBM SI 20250306 PS;SIMPLE_INSTRUMENT;EFS;EUR;59;116.52000000;734;EXCHANGE_LAST;;1;1;XEUR;11286680;689;
13.01.2025;13:59:24.824;FGBM SI 20250306 PS;SIMPLE_INSTRUMENT;EFS;EUR;60;116.52000000;453;EXCHANGE_LAST;;1;1;XEUR;11286680;689;
13.01.2025;14:07:15.108;FGBM SI 20250306 PS;SIMPLE_INSTRUMENT;EFS;EUR;61;116.54000000;998;EXCHANGE_LAST;;1;1;XEUR;11286680;689;
13.01.2025;14:08:58.675;FGBM SI 20250306 PS;SIMPLE_INSTRUMENT;EFS;EUR;62;116.55000000;2469;EXCHANGE_LAST;;1;1;XEUR;11286680;689;
13.01.2025;14:12:36.062;FGBM SI 20250306 PS;SIMPLE_INSTRUMENT;EFP_FIN;EUR;63;116.52000000;242;EXCHANGE_LAST;;1;1;XEUR;11286680;689;
13.01.2025;14:19:41.880;FGBM SI 20250306 PS;SIMPLE_INSTRUMENT;EFS;EUR;64;116.58000000;905;EXCHANGE_LAST;;1;1;XEUR;11286680;689;
13.01.2025;14:20:25.293;FGBM SI 20250306 PS;SIMPLE_INSTRUMENT;EFS;EUR;65;116.57000000;1707;EXCHANGE_LAST;;1;1;XEUR;11286680;689;
13.01.2025;14:33:59.095;FGBM SI 20250306 PS;SIMPLE_INSTRUMENT;EFS;EUR;66;116.57000000;1787;EXCHANGE_LAST;;1;1;XEUR;11286680;689;
13.01.2025;14:35:07.437;FGBM SI 20250306 PS;SIMPLE_INSTRUMENT;EFS;EUR;67;116.56000000;1028;EXCHANGE_LAST;;1;1;XEUR;11286680;689;
13.01.2025;14:53:56.827;FGBM SI 20250306 PS;SIMPLE_INSTRUMENT;EFS;EUR;68;116.55000000;226;EXCHANGE_LAST;;1;1;XEUR;11286680;689;
13.01.2025;14:54:37.659;FGBM SI 20250306 PS;SIMPLE_INSTRUMENT;EFS;EUR;69;116.55000000;907;EXCHANGE_LAST;;1;1;XEUR;11286680;689;
13.01.2025;14:54:49.451;FGBM SI 20250306 PS;SIMPLE_INSTRUMENT;EFS;EUR;70;116.58000000;453;EXCHANGE_LAST;;1;1;XEUR;11286680;689;
13.01.2025;14:56:01.687;FGBM SI 20250306 PS;SIMPLE_INSTRUMENT;EFS;EUR;71;116.57000000;226;EXCHANGE_LAST;;1;1;XEUR;11286680;689;
13.01.2025;14:58:36.652;FGBM SI 20250306 PS;SIMPLE_INSTRUMENT;EFP_FIN;EUR;72;116.55000000;311;EXCHANGE_LAST;;1;1;XEUR;11286680;689;
13.01.2025;14:59:40.800;FGBM SI 20250306 PS;SIMPLE_INSTRUMENT;EFS;EUR;73;116.57000000;453;EXCHANGE_LAST;;1;1;XEUR;11286680;689;
13.01.2025;15:01:29.312;FGBM SI 20250306 PS;SIMPLE_INSTRUMENT;EFS;EUR;74;116.55000000;682;EXCHANGE_LAST;;1;1;XEUR;11286680;689;
13.01.2025;15:03:49.951;FGBM SI 20250306 PS;SIMPLE_INSTRUMENT;EFP_FIN;EUR;75;116.57000000;1231;EXCHANGE_LAST;;1;1;XEUR;11286680;689;
13.01.2025;15:05:14.226;FGBM SI 20250306 PS;SIMPLE_INSTRUMENT;EFS;EUR;76;116.55000000;853;EXCHANGE_LAST;;1;1;XEUR;11286680;689;
13.01.2025;15:07:34.330;FGBM SI 20250306 PS;SIMPLE_INSTRUMENT;EFS;EUR;77;116.55000000;853;EXCHANGE_LAST;;1;1;XEUR;11286680;689;
13.01.2025;15:08:47.804;FGBM SI 20250306 PS;SIMPLE_INSTRUMENT;EFS;EUR;78;116.54000000;905;EXCHANGE_LAST;;1;1;XEUR;11286680;689;
13.01.2025;15:09:56.321;FGBM SI 20250306 PS;SIMPLE_INSTRUMENT;EFS;EUR;79;116.56000000;905;EXCHANGE_LAST;;1;1;XEUR;11286680;689;
13.01.2025;15:21:25.924;FGBM SI 20250306 PS;SIMPLE_INSTRUMENT;EFS;EUR;80;116.58000000;907;EXCHANGE_LAST;;1;1;XEUR;11286680;689;
13.01.2025;15:21:45.941;FGBM SI 20250306 PS;SIMPLE_INSTRUMENT;EFS;EUR;81;116.56000000;907;EXCHANGE_LAST;;1;1;XEUR;11286680;689;
13.01.2025;15:28:17.229;FGBM SI 20250306 PS;SIMPLE_INSTRUMENT;EFS;EUR;82;116.55000000;907;EXCHANGE_LAST;;1;1;XEUR;11286680;689;
13.01.2025;15:35:30.160;FGBM SI 20250306 PS;SIMPLE_INSTRUMENT;EFP_FIN;EUR;83;116.57000000;857;EXCHANGE_LAST;;1;1;XEUR;11286680;689;
13.01.2025;15:38:17.518;FGBM SI 20250306 PS;SIMPLE_INSTRUMENT;EFS;EUR;84;116.52000000;781;EXCHANGE_LAST;;1;1;XEUR;11286680;689;
13.01.2025;15:38:31.651;FGBM SI 20250306 PS;SIMPLE_INSTRUMENT;EFS;EUR;85;116.52000000;907;EXCHANGE_LAST;;1;1;XEUR;11286680;689;
13.01.2025;15:40:27.738;FGBM SI 20250306 PS;SIMPLE_INSTRUMENT;EFS;EUR;86;116.54000000;453;EXCHANGE_LAST;;1;1;XEUR;11286680;689;
13.01.2025;15:42:57.850;FGBM SI 20250306 PS;SIMPLE_INSTRUMENT;EFS;EUR;87;116.54000000;453;EXCHANGE_LAST;;1;1;XEUR;11286680;689;
13.01.2025;15:53:42.857;FGBM SI 20250306 PS;SIMPLE_INSTRUMENT;EFS;EUR;88;116.55000000;699;EXCHANGE_LAST;;1;1;XEUR;11286680;689;
13.01.2025;16:03:06.409;FGBM SI 20250306 PS;SIMPLE_INSTRUMENT;EFS;EUR;89;116.55000000;783;EXCHANGE_LAST;;1;1;XEUR;11286680;689;
13.01.2025;16:42:04.827;FGBM SI 20250306 PS;SIMPLE_INSTRUMENT;EFS;EUR;90;116.52000000;6200;EXCHANGE_LAST;;1;1;XEUR;11286680;689;
13.01.2025;16:58:23.304;FGBM SI 20250306 PS;SIMPLE_INSTRUMENT;EFS;EUR;91;116.55000000;993;EXCHANGE_LAST;;1;1;XEUR;11286680;689;
13.01.2025;17:05:40.047;FGBM SI 20250306 PS;SIMPLE_INSTRUMENT;EFS;EUR;92;116.51000000;427;EXCHANGE_LAST;;1;1;XEUR;11286680;689;
13.01.2025;17:29:02.403;FGBM SI 20250306 PS;SIMPLE_INSTRUMENT;EFS;EUR;93;116.56000000;907;EXCHANGE_LAST;;1;1;XEUR;11286680;689;
13.01.2025;13:06:19.911;FGBM SI 20250306 PS;SIMPLE_INSTRUMENT;VOLA;EUR;268435546;116.51000000;60;EXCHANGE_LAST;;1;1;XEUR;11286680;689;
13.01.2025;13:07:05.379;FGBM SI 20250306 PS;SIMPLE_INSTRUMENT;VOLA;EUR;268435547;116.51000000;120;EXCHANGE_LAST;;1;1;XEUR;11286680;689;
13.01.2025;13:07:52.204;FGBM SI 20250306 PS;SIMPLE_INSTRUMENT;VOLA;EUR;268435548;116.51000000;30;EXCHANGE_LAST;;1;1;XEUR;11286680;689;
13.01.2025;13:08:35.377;FGBM SI 20250306 PS;SIMPLE_INSTRUMENT;VOLA;EUR;268435549;116.51000000;54;EXCHANGE_LAST;;1;1;XEUR;11286680;689;
13.01.2025;08:08:13.015;FGBS SI 20250306 PS;SIMPLE_INSTRUMENT;EFS;EUR;1;106.51000000;6747;EXCHANGE_LAST;;1;1;XEUR;11286681;690;
13.01.2025;08:43:50.014;FGBS SI 20250306 PS;SIMPLE_INSTRUMENT;EFS;EUR;2;106.47000000;3920;EXCHANGE_LAST;;1;1;XEUR;11286681;690;
13.01.2025;08:50:55.836;FGBS SI 20250306 PS;SIMPLE_INSTRUMENT;EFS;EUR;3;106.47500000;2693;EXCHANGE_LAST;;1;1;XEUR;11286681;690;
13.01.2025;09:33:06.178;FGBS SI 20250306 PS;SIMPLE_INSTRUMENT;EFS;EUR;4;106.48000000;1000;EXCHANGE_LAST;;1;1;XEUR;11286681;690;
13.01.2025;09:32:22.611;FGBS SI 20250306 PS;SIMPLE_INSTRUMENT;EFP_FIN;EUR;5;106.47000000;234;EXCHANGE_LAST;;1;1;XEUR;11286681;690;
13.01.2025;09:37:32.729;FGBS SI 20250306 PS;SIMPLE_INSTRUMENT;EFS;EUR;6;106.48000000;1000;EXCHANGE_LAST;;1;1;XEUR;11286681;690;
13.01.2025;09:40:40.913;FGBS SI 20250306 PS;SIMPLE_INSTRUMENT;EFS;EUR;7;106.48000000;3960;EXCHANGE_LAST;;1;1;XEUR;11286681;690;
13.01.2025;09:45:04.927;FGBS SI 20250306 PS;SIMPLE_INSTRUMENT;EFS;EUR;8;106.49000000;5504;EXCHANGE_LAST;;1;1;XEUR;11286681;690;
13.01.2025;09:45:21.929;FGBS SI 20250306 PS;SIMPLE_INSTRUMENT;EFS;EUR;9;106.50000000;2864;EXCHANGE_LAST;;1;1;XEUR;11286681;690;
13.01.2025;09:46:33.233;FGBS SI 20250306 PS;SIMPLE_INSTRUMENT;EFS;EUR;10;106.50000000;3920;EXCHANGE_LAST;;1;1;XEUR;11286681;690;
13.01.2025;09:49:58.766;FGBS SI 20250306 PS;SIMPLE_INSTRUMENT;EFP_FIN;EUR;11;106.49000000;467;EXCHANGE_LAST;;1;1;XEUR;11286681;690;
13.01.2025;10:11:24.013;FGBS SI 20250306 PS;SIMPLE_INSTRUMENT;EFS;EUR;12;106.49500000;2699;EXCHANGE_LAST;;1;1;XEUR;11286681;690;
13.01.2025;10:17:43.637;FGBS SI 20250306 PS;SIMPLE_INSTRUMENT;BLOCK;EUR;13;106.50000000;6743;EXCHANGE_LAST;;1;1;XEUR;11286681;690;
13.01.2025;10:31:38.627;FGBS SI 20250306 PS;SIMPLE_INSTRUMENT;EFS;EUR;14;106.50000000;2661;EXCHANGE_LAST;;1;1;XEUR;11286681;690;
13.01.2025;10:53:29.072;FGBS SI 20250306 PS;SIMPLE_INSTRUMENT;EFS;EUR;15;106.50000000;2752;EXCHANGE_LAST;;1;1;XEUR;11286681;690;
13.01.2025;10:54:10.901;FGBS SI 20250306 PS;SIMPLE_INSTRUMENT;EFS;EUR;16;106.49500000;2304;EXCHANGE_LAST;;1;1;XEUR;11286681;690;
13.01.2025;11:42:56.233;FGBS SI 20250306 PS;SIMPLE_INSTRUMENT;EFS;EUR;17;106.53000000;2695;EXCHANGE_LAST;;1;1;XEUR;11286681;690;
13.01.2025;11:43:32.018;FGBS SI 20250306 PS;SIMPLE_INSTRUMENT;EFS;EUR;18;106.50500000;1000;EXCHANGE_LAST;;1;1;XEUR;11286681;690;
13.01.2025;11:45:21.325;FGBS SI 20250306 PS;SIMPLE_INSTRUMENT;BLOCK;EUR;19;106.52500000;4126;EXCHANGE_LAST;;1;1;XEUR;11286681;690;
13.01.2025;11:46:03.887;FGBS SI 20250306 PS;SIMPLE_INSTRUMENT;EFS;EUR;20;106.53000000;2695;EXCHANGE_LAST;;1;1;XEUR;11286681;690;
13.01.2025;11:52:40.156;FGBS SI 20250306 PS;SIMPLE_INSTRUMENT;EFP_FIN;EUR;21;106.52500000;468;EXCHANGE_LAST;;1;1;XEUR;11286681;690;
13.01.2025;11:58:58.196;FGBS SI 20250306 PS;SIMPLE_INSTRUMENT;EFP_FIN;EUR;22;106.52500000;3740;EXCHANGE_LAST;;1;1;XEUR;11286681;690;
13.01.2025;12:01:56.695;FGBS SI 20250306 PS;SIMPLE_INSTRUMENT;EFS;EUR;23;106.53000000;2757;EXCHANGE_LAST;;1;1;XEUR;11286681;690;
13.01.2025;12:01:43.693;FGBS SI 20250306 PS;SIMPLE_INSTRUMENT;EFS;EUR;24;106.53000000;2702;EXCHANGE_LAST;;1;1;XEUR;11286681;690;
13.01.2025;12:12:26.092;FGBS SI 20250306 PS;SIMPLE_INSTRUMENT;EFS;EUR;25;106.53000000;4126;EXCHANGE_LAST;;1;1;XEUR;11286681;690;
13.01.2025;12:10:48.305;FGBS SI 20250306 PS;SIMPLE_INSTRUMENT;EFS;EUR;26;106.51500000;2751;EXCHANGE_LAST;;1;1;XEUR;11286681;690;
13.01.2025;12:13:15.849;FGBS SI 20250306 PS;SIMPLE_INSTRUMENT;EFS;EUR;27;106.52000000;4004;EXCHANGE_LAST;;1;1;XEUR;11286681;690;
13.01.2025;12:25:56.424;FGBS SI 20250306 PS;SIMPLE_INSTRUMENT;EFS;EUR;28;106.53000000;4048;EXCHANGE_LAST;;1;1;XEUR;11286681;690;
13.01.2025;12:27:05.494;FGBS SI 20250306 PS;SIMPLE_INSTRUMENT;EFS;EUR;29;106.53000000;5501;EXCHANGE_LAST;;1;1;XEUR;11286681;690;
13.01.2025;12:28:18.906;FGBS SI 20250306 PS;SIMPLE_INSTRUMENT;EFS;EUR;30;106.53000000;6700;EXCHANGE_LAST;;1;1;XEUR;11286681;690;
13.01.2025;12:28:56.059;FGBS SI 20250306 PS;SIMPLE_INSTRUMENT;EFS;EUR;31;106.53000000;1100;EXCHANGE_LAST;;1;1;XEUR;11286681;690;
13.01.2025;12:47:00.837;FGBS SI 20250306 PS;SIMPLE_INSTRUMENT;EFS;EUR;32;106.53000000;2000;EXCHANGE_LAST;;1;1;XEUR;11286681;690;
13.01.2025;13:20:38.776;FGBS SI 20250306 PS;SIMPLE_INSTRUMENT;EFS;EUR;34;106.54500000;2750;EXCHANGE_LAST;;1;1;XEUR;11286681;690;
13.01.2025;13:22:29.782;FGBS SI 20250306 PS;SIMPLE_INSTRUMENT;EFS;EUR;35;106.54500000;2750;EXCHANGE_LAST;;1;1;XEUR;11286681;690;
13.01.2025;13:28:00.381;FGBS SI 20250306 PS;SIMPLE_INSTRUMENT;EFS;EUR;36;106.54000000;2750;EXCHANGE_LAST;;1;1;XEUR;11286681;690;
13.01.2025;13:51:02.001;FGBS SI 20250306 PS;SIMPLE_INSTRUMENT;EFS;EUR;37;106.55000000;5499;EXCHANGE_LAST;;1;1;XEUR;11286681;690;
13.01.2025;14:21:35.796;FGBS SI 20250306 PS;SIMPLE_INSTRUMENT;EFS;EUR;38;106.54000000;1100;EXCHANGE_LAST;;1;1;XEUR;11286681;690;
13.01.2025;14:22:05.941;FGBS SI 20250306 PS;SIMPLE_INSTRUMENT;EFP_FIN;EUR;39;106.53000000;162;EXCHANGE_LAST;;1;1;XEUR;11286681;690;
13.01.2025;14:47:37.408;FGBS SI 20250306 PS;SIMPLE_INSTRUMENT;EFS;EUR;40;106.54000000;1338;EXCHANGE_LAST;;1;1;XEUR;11286681;690;
13.01.2025;14:58:59.372;FGBS SI 20250306 PS;SIMPLE_INSTRUMENT;EFS;EUR;41;106.53500000;1671;EXCHANGE_LAST;;1;1;XEUR;11286681;690;
13.01.2025;15:10:25.458;FGBS SI 20250306 PS;SIMPLE_INSTRUMENT;EFS;EUR;42;106.54000000;550;EXCHANGE_LAST;;1;1;XEUR;11286681;690;
13.01.2025;15:39:12.325;FGBS SI 20250306 PS;SIMPLE_INSTRUMENT;EFP_FIN;EUR;43;106.54500000;782;EXCHANGE_LAST;;1;1;XEUR;11286681;690;
13.01.2025;15:50:47.047;FGBS SI 20250306 PS;SIMPLE_INSTRUMENT;EFP_FIN;EUR;44;106.53000000;783;EXCHANGE_LAST;;1;1;XEUR;11286681;690;
13.01.2025;15:52:42.750;FGBS SI 20250306 PS;SIMPLE_INSTRUMENT;EFS;EUR;45;106.55000000;1100;EXCHANGE_LAST;;1;1;XEUR;11286681;690;
13.01.2025;15:57:09.539;FGBS SI 20250306 PS;SIMPLE_INSTRUMENT;EFS;EUR;46;106.53500000;6709;EXCHANGE_LAST;;1;1;XEUR;11286681;690;
13.01.2025;16:13:43.091;FGBS SI 20250306 PS;SIMPLE_INSTRUMENT;EFS;EUR;47;106.54500000;2750;EXCHANGE_LAST;;1;1;XEUR;11286681;690;
13.01.2025;16:37:34.702;FGBS SI 20250306 PS;SIMPLE_INSTRUMENT;EFS;EUR;48;106.52000000;2008;EXCHANGE_LAST;;1;1;XEUR;11286681;690;
13.01.2025;16:46:21.755;FGBS SI 20250306 PS;SIMPLE_INSTRUMENT;EFP_FIN;EUR;49;106.52000000;935;EXCHANGE_LAST;;1;1;XEUR;11286681;690;
13.01.2025;16:47:16.985;FGBS SI 20250306 PS;SIMPLE_INSTRUMENT;EFS;EUR;50;106.53000000;2751;EXCHANGE_LAST;;1;1;XEUR;11286681;690;
13.01.2025;08:32:49.613;FGBX SI 20250306 PS;SIMPLE_INSTRUMENT;EFS;EUR;1;126.44000000;446;EXCHANGE_LAST;;1;1;XEUR;11286682;691;
13.01.2025;08:51:28.765;FGBX SI 20250306 PS;SIMPLE_INSTRUMENT;EFS;EUR;2;126.20000000;98;EXCHANGE_LAST;;1;1;XEUR;11286682;691;
13.01.2025;09:09:15.326;FGBX SI 20250306 PS;SIMPLE_INSTRUMENT;EFS;EUR;4;126.20000000;92;EXCHANGE_LAST;;1;1;XEUR;11286682;691;
13.01.2025;09:13:38.091;FGBX SI 20250306 PS;SIMPLE_INSTRUMENT;EFP_FIN;EUR;5;126.22000000;135;EXCHANGE_LAST;;1;1;XEUR;11286682;691;
13.01.2025;09:17:52.837;FGBX SI 20250306 PS;SIMPLE_INSTRUMENT;EFS;EUR;6;126.28000000;76;EXCHANGE_LAST;;1;1;XEUR;11286682;691;
13.01.2025;09:28:56.022;FGBX SI 20250306 PS;SIMPLE_INSTRUMENT;BLOCK;EUR;8;126.30000000;390;EXCHANGE_LAST;;1;1;XEUR;11286682;691;
13.01.2025;10:12:41.958;FGBX SI 20250306 PS;SIMPLE_INSTRUMENT;EFS;EUR;13;126.52000000;60;EXCHANGE_LAST;;1;1;XEUR;11286682;691;
13.01.2025;12:19:10.402;FGBX SI 20250306 PS;SIMPLE_INSTRUMENT;EFP_FIN;EUR;17;126.56000000;191;EXCHANGE_LAST;;1;1;XEUR;11286682;691;
13.01.2025;12:25:10.928;FGBX SI 20250306 PS;SIMPLE_INSTRUMENT;EFS;EUR;18;126.56000000;381;EXCHANGE_LAST;;1;1;XEUR;11286682;691;
13.01.2025;12:46:50.071;FGBX SI 20250306 PS;SIMPLE_INSTRUMENT;EFS;EUR;19;126.64000000;97;EXCHANGE_LAST;;1;1;XEUR;11286682;691;
13.01.2025;12:48:02.951;FGBX SI 20250306 PS;SIMPLE_INSTRUMENT;EFS;EUR;20;126.78000000;194;EXCHANGE_LAST;;1;1;XEUR;11286682;691;
13.01.2025;13:00:15.172;FGBX SI 20250306 PS;SIMPLE_INSTRUMENT;EFS;EUR;21;126.60000000;253;EXCHANGE_LAST;;1;1;XEUR;11286682;691;
13.01.2025;13:42:13.722;FGBX SI 20250306 PS;SIMPLE_INSTRUMENT;EFP_FIN;EUR;22;126.62000000;520;EXCHANGE_LAST;;1;1;XEUR;11286682;691;
13.01.2025;13:38:27.679;FGBX SI 20250306 PS;SIMPLE_INSTRUMENT;EFP_FIN;EUR;23;126.60000000;195;EXCHANGE_LAST;;1;1;XEUR;11286682;691;
13.01.2025;13:42:17.340;FGBX SI 20250306 PS;SIMPLE_INSTRUMENT;EFP_FIN;EUR;24;126.62000000;223;EXCHANGE_LAST;;1;1;XEUR;11286682;691;
13.01.2025;13:58:07.530;FGBX SI 20250306 PS;SIMPLE_INSTRUMENT;EFP_FIN;EUR;26;126.40000000;382;EXCHANGE_LAST;;1;1;XEUR;11286682;691;
13.01.2025;14:06:06.276;FGBX SI 20250306 PS;SIMPLE_INSTRUMENT;EFS;EUR;27;126.44000000;195;EXCHANGE_LAST;;1;1;XEUR;11286682;691;
13.01.2025;14:08:15.084;FGBX SI 20250306 PS;SIMPLE_INSTRUMENT;EFS;EUR;28;126.48000000;195;EXCHANGE_LAST;;1;1;XEUR;11286682;691;
13.01.2025;14:13:03.056;FGBX SI 20250306 PS;SIMPLE_INSTRUMENT;EFP_FIN;EUR;29;126.58000000;91;EXCHANGE_LAST;;1;1;XEUR;11286682;691;
13.01.2025;15:04:31.668;FGBX SI 20250306 PS;SIMPLE_INSTRUMENT;EFS;EUR;30;126.48000000;88;EXCHANGE_LAST;;1;1;XEUR;11286682;691;
13.01.2025;15:12:14.464;FGBX SI 20250306 PS;SIMPLE_INSTRUMENT;EFS;EUR;31;126.48000000;39;EXCHANGE_LAST;;1;1;XEUR;11286682;691;
13.01.2025;15:59:24.487;FGBX SI 20250306 PS;SIMPLE_INSTRUMENT;EFP_FIN;EUR;34;126.52000000;498;EXCHANGE_LAST;;1;1;XEUR;11286682;691;
13.01.2025;16:21:29.199;FGBX SI 20250306 PS;SIMPLE_INSTRUMENT;EFP_FIN;EUR;36;126.48000000;743;EXCHANGE_LAST;;1;1;XEUR;11286682;691;
13.01.2025;16:31:26.216;FGBX SI 20250306 PS;SIMPLE_INSTRUMENT;EFP_FIN;EUR;37;126.54000000;78;EXCHANGE_LAST;;1;1;XEUR;11286682;691;
13.01.2025;16:59:25.875;FGBX SI 20250306 PS;SIMPLE_INSTRUMENT;EFS;EUR;38;126.76000000;559;EXCHANGE_LAST;;1;1;XEUR;11286682;691;
13.01.2025;10:27:34.325;FIAK SI 20250320 CS;SIMPLE_INSTRUMENT;BLOCK;EUR;11;12.11390000;200;EXCHANGE_LAST;;1;1;XEUR;10690012;144766;
13.01.2025;14:41:34.991;FMAC SI 20250321 CS;SIMPLE_INSTRUMENT;BLOCK;USD;36;450.90000000;301;EXCHANGE_LAST;;1;1;XEUR;7590499;45281;
13.01.2025;01:14:45.573;FMAU SI 20250321 CS;SIMPLE_INSTRUMENT;BLOCK;USD;4;5628.39500000;113;EXCHANGE_LAST;;1;1;XEUR;7590511;45287;
13.01.2025;01:08:48.351;FMCH SI 20250321 CS;SIMPLE_INSTRUMENT;EFP_IDX;USD;2;478.85200000;208;EXCHANGE_LAST;;1;1;XEUR;7592069;402909;
13.01.2025;08:41:25.981;FMCH SI 20250321 CS;SIMPLE_INSTRUMENT;BLOCK;USD;26;476.21100000;182;EXCHANGE_LAST;;1;1;XEUR;7592069;402909;
13.01.2025;04:39:21.507;FMEA SI 20250321 CS;SIMPLE_INSTRUMENT;BLOCK;USD;9;673.80700000;1740;EXCHANGE_LAST;;1;1;XEUR;7589834;12395;
13.01.2025;06:48:38.431;FMEA SI 20250321 CS;SIMPLE_INSTRUMENT;BLOCK;USD;11;673.80700000;469;EXCHANGE_LAST;;1;1;XEUR;7589834;12395;
13.01.2025;06:49:27.135;FMEA SI 20250321 CS;SIMPLE_INSTRUMENT;BLOCK;USD;12;679.69900000;732;EXCHANGE_LAST;;1;1;XEUR;7589834;12395;
13.01.2025;06:52:32.903;FMEA SI 20250321 CS;SIMPLE_INSTRUMENT;BLOCK;USD;14;673.80700000;737;EXCHANGE_LAST;;1;1;XEUR;7589834;12395;
13.01.2025;08:44:14.836;FMEA SI 20250321 CS;SIMPLE_INSTRUMENT;BLOCK;USD;27;674.00800000;736;EXCHANGE_LAST;;1;1;XEUR;7589834;12395;
13.01.2025;08:46:42.053;FMEA SI 20250321 CS;SIMPLE_INSTRUMENT;BLOCK;USD;28;679.69900000;922;EXCHANGE_LAST;;1;1;XEUR;7589834;12395;
13.01.2025;09:19:32.129;FMED SI 20250321 CS;SIMPLE_INSTRUMENT;BLOCK;USD;30;9191.99000000;430;EXCHANGE_LAST;;1;1;XEUR;7590729;48144;
13.01.2025;10:26:35.173;FMED SI 20250321 CS;SIMPLE_INSTRUMENT;BLOCK;USD;33;9191.99000000;2020;EXCHANGE_LAST;;1;1;XEUR;7590729;48144;
13.01.2025;07:57:47.926;FMEL SI 20250321 CS;SIMPLE_INSTRUMENT;BLOCK;USD;19;476.73200000;211;EXCHANGE_LAST;;1;1;XEUR;7589856;12397;
13.01.2025;08:25:01.753;FMEL SI 20250321 CS;SIMPLE_INSTRUMENT;BLOCK;USD;24;476.73200000;100;EXCHANGE_LAST;;1;1;XEUR;7589856;12397;
13.01.2025;08:40:48.744;FMEL SI 20250321 CS;SIMPLE_INSTRUMENT;BLOCK;USD;25;476.73200000;801;EXCHANGE_LAST;;1;2;XEUR;7589856;12397;
13.01.2025;09:49:36.332;FMEL SI 20250321 CS;SIMPLE_INSTRUMENT;BLOCK;USD;32;476.73200000;210;EXCHANGE_LAST;;1;1;XEUR;7589856;12397;
13.01.2025;08:08:52.786;FMEM SI 20250321 CS;SIMPLE_INSTRUMENT;EFP_IDX;USD;21;568.29000000;143;EXCHANGE_LAST;;1;1;XEUR;7589821;12394;
13.01.2025;08:47:07.745;FMEN SI 20250321 CS;SIMPLE_INSTRUMENT;BLOCK;EUR;29;518.84800000;65;EXCHANGE_LAST;;1;1;XEUR;7590212;30652;
13.01.2025;14:57:34.948;FMEN SI 20250321 CS;SIMPLE_INSTRUMENT;BLOCK;EUR;38;512.00000000;116;EXCHANGE_LAST;;1;1;XEUR;7590212;30652;
13.01.2025;14:58:15.682;FMEN SI 20250321 CS;SIMPLE_INSTRUMENT;BLOCK;EUR;40;511.40000000;91;EXCHANGE_LAST;;1;1;XEUR;7590212;30652;
13.01.2025;16:34:55.430;FMEU SI 20250321 CS;SIMPLE_INSTRUMENT;BLOCK;EUR;41;339.40000000;250;EXCHANGE_LAST;;1;1;XEUR;7589708;7058;
13.01.2025;14:47:42.574;FMGO SI 20250321 CS;SIMPLE_INSTRUMENT;BLOCK;USD;37;5034.00000000;199;EXCHANGE_LAST;;1;1;XEUR;8609359;583623;
13.01.2025;08:21:55.703;FMHK SI 20250321 CS;SIMPLE_INSTRUMENT;BLOCK;USD;23;54326.12000000;180;EXCHANGE_LAST;;1;1;XEUR;7590500;45282;
13.01.2025;00:34:59.058;FMIN SI 20250321 CS;SIMPLE_INSTRUMENT;BLOCK;USD;1;1228.09000000;16;EXCHANGE_LAST;;1;1;XEUR;7589865;12404;
13.01.2025;03:46:52.757;FMIN SI 20250321 CS;SIMPLE_INSTRUMENT;BLOCK;USD;6;1228.44900000;162;EXCHANGE_LAST;;1;1;XEUR;7589865;12404;
13.01.2025;03:51:14.847;FMIN SI 20250321 CS;SIMPLE_INSTRUMENT;BLOCK;USD;7;1228.57100000;106;EXCHANGE_LAST;;1;1;XEUR;7589865;12404;
13.01.2025;04:01:41.538;FMIN SI 20250321 CS;SIMPLE_INSTRUMENT;BLOCK;USD;8;1228.69300000;325;EXCHANGE_LAST;;2;2;XEUR;7589865;12404;
13.01.2025;05:34:47.838;FMIN SI 20250321 CS;SIMPLE_INSTRUMENT;BLOCK;USD;10;1228.44900000;190;EXCHANGE_LAST;;1;1;XEUR;7589865;12404;
13.01.2025;09:35:49.168;FMIN SI 20250321 CS;SIMPLE_INSTRUMENT;BLOCK;USD;31;1228.93700000;81;EXCHANGE_LAST;;1;1;XEUR;7589865;12404;
13.01.2025;11:24:56.817;FMIN SI 20250321 CS;SIMPLE_INSTRUMENT;BLOCK;USD;35;1191.30000000;41;EXCHANGE_LAST;;1;1;XEUR;7589865;12404;
13.01.2025;01:12:15.074;FMJP SI 20250321 CS;SIMPLE_INSTRUMENT;BLOCK;USD;3;8455.65300000;228;EXCHANGE_LAST;;1;1;XEUR;7588794;661;
13.01.2025;07:56:57.380;FMMX SI 20250321 CS;SIMPLE_INSTRUMENT;BLOCK;USD;18;585.31200000;858;EXCHANGE_LAST;;1;1;XEUR;7589867;12545;
13.01.2025;07:31:38.873;FMPA SI 20250321 CS;SIMPLE_INSTRUMENT;BLOCK;USD;15;8328.19900000;206;EXCHANGE_LAST;;1;1;XEUR;7590728;48143;
13.01.2025;08:55:58.248;FMPH SI 20250321 CS;SIMPLE_INSTRUMENT;BLOCK;USD;3;422.01000000;138;EXCHANGE_LAST;;1;1;XEUR;7589869;12548;
13.01.2025;04:02:52.311;FMTW SI 20250321 CS;SIMPLE_INSTRUMENT;BLOCK;USD;1;835.31700000;120;EXCHANGE_LAST;;1;1;XEUR;7590882;51884;
13.01.2025;07:28:27.917;FMTW SI 20250321 CS;SIMPLE_INSTRUMENT;BLOCK;USD;2;835.41000000;40;EXCHANGE_LAST;;1;1;XEUR;7590882;51884;
13.01.2025;10:58:35.543;FMUA SI 20250321 CS;SIMPLE_INSTRUMENT;BLOCK;USD;4;889.98000000;23;EXCHANGE_LAST;;1;1;XEUR;7590507;45284;
13.01.2025;08:07:06.294;FMWN SI 20250321 CS;SIMPLE_INSTRUMENT;BLOCK;EUR;20;585.01000000;720;EXCHANGE_LAST;;1;1;XEUR;7590222;30654;
13.01.2025;06:51:10.436;FMWO SI 20250321 CS;SIMPLE_INSTRUMENT;EFP_IDX;USD;13;11739.78000000;186;EXCHANGE_LAST;;1;1;XEUR;7589707;7059;
13.01.2025;07:39:34.729;FMWO SI 20250321 CS;SIMPLE_INSTRUMENT;EFP_IDX;USD;16;11745.78000000;69;EXCHANGE_LAST;;1;1;XEUR;7589707;7059;
13.01.2025;07:39:57.519;FMWO SI 20250321 CS;SIMPLE_INSTRUMENT;BLOCK;USD;17;11746.77000000;221;EXCHANGE_LAST;;1;1;XEUR;7589707;7059;
13.01.2025;02:55:34.278;FMXJ SI 20250321 CS;SIMPLE_INSTRUMENT;BLOCK;USD;5;563.00000000;5;EXCHANGE_LAST;;1;1;XEUR;7590866;51660;
13.01.2025;08:11:28.146;FMZA SI 20250321 CS;SIMPLE_INSTRUMENT;BLOCK;USD;22;551.37700000;61;EXCHANGE_LAST;;1;1;XEUR;7589899;12680;
13.01.2025;15:02:38.245;FO4.O.250113.STG.000001;STANDARD_OPTION_STRATEGY;BLOCK;EUR;4;4.55000000;200;EXCHANGE_LAST;;1;1;XEUR;72060802378505879;747;
13.01.2025;15:02:38.245;FO4 SI 20251219 PS AM P 40.00 0;SIMPLE_INSTRUMENT;BLOCK;EUR;4;1.95000000;200;PRC_DECOMP_EXCHANGE;;;;XEUR;5930387;747;EXCHANGE
13.01.2025;15:02:38.245;FO4 SI 20251219 PS AM C 48.00 0;SIMPLE_INSTRUMENT;BLOCK;EUR;4;2.60000000;200;PRC_DECOMP_EXCHANGE;;;;XEUR;5930390;747;EXCHANGE
13.01.2025;09:14:29.189;FOAT SI 20250306 PS;SIMPLE_INSTRUMENT;EFP_FIN;EUR;1;120.72000000;1326;EXCHANGE_LAST;;1;1;XEUR;11286683;749;
13.01.2025;09:37:00.966;FOAT SI 20250306 PS;SIMPLE_INSTRUMENT;EFP_FIN;EUR;2;120.75000000;354;EXCHANGE_LAST;;1;1;XEUR;11286683;749;
13.01.2025;09:57:57.582;FOAT SI 20250306 PS;SIMPLE_INSTRUMENT;EFP_FIN;EUR;3;120.75000000;1414;EXCHANGE_LAST;;1;1;XEUR;11286683;749;
13.01.2025;10:17:26.825;FOAT SI 20250306 PS;SIMPLE_INSTRUMENT;EFP_FIN;EUR;4;120.79000000;415;EXCHANGE_LAST;;1;1;XEUR;11286683;749;
13.01.2025;10:19:46.039;FOAT SI 20250306 PS;SIMPLE_INSTRUMENT;EFP_FIN;EUR;5;120.77000000;1070;EXCHANGE_LAST;;1;1;XEUR;11286683;749;
13.01.2025;10:48:29.340;FOAT SI 20250306 PS;SIMPLE_INSTRUMENT;EFP_FIN;EUR;6;120.75000000;223;EXCHANGE_LAST;;1;1;XEUR;11286683;749;
13.01.2025;10:51:49.621;FOAT SI 20250306 PS;SIMPLE_INSTRUMENT;EFP_FIN;EUR;7;120.75000000;223;EXCHANGE_LAST;;1;1;XEUR;11286683;749;
13.01.2025;10:49:58.286;FOAT SI 20250306 PS;SIMPLE_INSTRUMENT;EFP_FIN;EUR;8;120.80000000;796;EXCHANGE_LAST;;1;1;XEUR;11286683;749;
13.01.2025;10:54:57.465;FOAT SI 20250306 PS;SIMPLE_INSTRUMENT;EFP_FIN;EUR;9;120.78000000;533;EXCHANGE_LAST;;1;1;XEUR;11286683;749;
13.01.2025;11:01:08.991;FOAT SI 20250306 PS;SIMPLE_INSTRUMENT;EFP_FIN;EUR;10;120.88000000;511;EXCHANGE_LAST;;1;1;XEUR;11286683;749;
13.01.2025;11:05:46.001;FOAT SI 20250306 PS;SIMPLE_INSTRUMENT;EFP_FIN;EUR;11;120.80000000;503;EXCHANGE_LAST;;1;1;XEUR;11286683;749;
13.01.2025;11:11:49.542;FOAT SI 20250306 PS;SIMPLE_INSTRUMENT;EFP_FIN;EUR;12;120.79000000;417;EXCHANGE_LAST;;1;1;XEUR;11286683;749;
13.01.2025;11:24:58.777;FOAT SI 20250306 PS;SIMPLE_INSTRUMENT;EFP_FIN;EUR;13;120.81000000;1251;EXCHANGE_LAST;;1;1;XEUR;11286683;749;
13.01.2025;11:29:48.461;FOAT SI 20250306 PS;SIMPLE_INSTRUMENT;EFS;EUR;14;120.84000000;56;EXCHANGE_LAST;;1;1;XEUR;11286683;749;
13.01.2025;13:09:12.757;FOAT SI 20250306 PS;SIMPLE_INSTRUMENT;EFP_FIN;EUR;15;120.96000000;154;EXCHANGE_LAST;;1;1;XEUR;11286683;749;
13.01.2025;13:12:05.875;FOAT SI 20250306 PS;SIMPLE_INSTRUMENT;EFP_FIN;EUR;16;120.95000000;840;EXCHANGE_LAST;;1;1;XEUR;11286683;749;
13.01.2025;13:16:43.871;FOAT SI 20250306 PS;SIMPLE_INSTRUMENT;EFP_FIN;EUR;17;120.87000000;1422;EXCHANGE_LAST;;1;1;XEUR;11286683;749;
13.01.2025;13:49:32.947;FOAT SI 20250306 PS;SIMPLE_INSTRUMENT;BLOCK;EUR;18;120.90000000;1098;EXCHANGE_LAST;;1;1;XEUR;11286683;749;
13.01.2025;14:19:56.880;FOAT SI 20250306 PS;SIMPLE_INSTRUMENT;EFP_FIN;EUR;19;120.89000000;208;EXCHANGE_LAST;;1;1;XEUR;11286683;749;
13.01.2025;14:25:20.499;FOAT SI 20250306 PS;SIMPLE_INSTRUMENT;EFP_FIN;EUR;20;120.89000000;227;EXCHANGE_LAST;;1;1;XEUR;11286683;749;
13.01.2025;14:26:57.018;FOAT SI 20250306 PS;SIMPLE_INSTRUMENT;EFS;EUR;21;121.04000000;251;EXCHANGE_LAST;;1;1;XEUR;11286683;749;
13.01.2025;14:36:31.197;FOAT SI 20250306 PS;SIMPLE_INSTRUMENT;BLOCK;EUR;22;120.98000000;250;EXCHANGE_LAST;;1;1;XEUR;11286683;749;
13.01.2025;14:44:21.076;FOAT SI 20250306 PS;SIMPLE_INSTRUMENT;EFP_FIN;EUR;23;120.98000000;2502;EXCHANGE_LAST;;1;1;XEUR;11286683;749;
13.01.2025;14:53:04.227;FOAT SI 20250306 PS;SIMPLE_INSTRUMENT;EFP_FIN;EUR;24;120.98000000;2502;EXCHANGE_LAST;;1;1;XEUR;11286683;749;
13.01.2025;14:53:54.856;FOAT SI 20250306 PS;SIMPLE_INSTRUMENT;EFP_FIN;EUR;25;120.99000000;136;EXCHANGE_LAST;;1;1;XEUR;11286683;749;
13.01.2025;14:55:47.212;FOAT SI 20250306 PS;SIMPLE_INSTRUMENT;EFP_FIN;EUR;26;120.98000000;1017;EXCHANGE_LAST;;1;1;XEUR;11286683;749;
13.01.2025;15:01:15.334;FOAT SI 20250306 PS;SIMPLE_INSTRUMENT;EFP_FIN;EUR;27;120.98000000;417;EXCHANGE_LAST;;1;1;XEUR;11286683;749;
13.01.2025;15:03:03.044;FOAT SI 20250306 PS;SIMPLE_INSTRUMENT;EFP_FIN;EUR;28;120.97000000;201;EXCHANGE_LAST;;1;1;XEUR;11286683;749;
13.01.2025;15:39:05.468;FOAT SI 20250306 PS;SIMPLE_INSTRUMENT;EFP_FIN;EUR;29;121.00000000;255;EXCHANGE_LAST;;1;1;XEUR;11286683;749;
13.01.2025;15:57:22.574;FOAT SI 20250306 PS;SIMPLE_INSTRUMENT;EFP_FIN;EUR;30;120.96000000;174;EXCHANGE_LAST;;1;1;XEUR;11286683;749;
13.01.2025;16:04:08.666;FOAT SI 20250306 PS;SIMPLE_INSTRUMENT;EFP_FIN;EUR;31;121.00000000;74;EXCHANGE_LAST;;1;1;XEUR;11286683;749;
13.01.2025;16:14:37.689;FOAT SI 20250306 PS;SIMPLE_INSTRUMENT;EFP_FIN;EUR;32;121.00000000;834;EXCHANGE_LAST;;1;1;XEUR;11286683;749;
13.01.2025;16:18:35.208;FOAT SI 20250306 PS;SIMPLE_INSTRUMENT;EFP_FIN;EUR;33;120.95000000;400;EXCHANGE_LAST;;1;1;XEUR;11286683;749;
13.01.2025;16:18:09.897;FOAT SI 20250306 PS;SIMPLE_INSTRUMENT;EFP_FIN;EUR;34;120.95000000;100;EXCHANGE_LAST;;1;1;XEUR;11286683;749;
13.01.2025;16:18:43.990;FOAT SI 20250306 PS;SIMPLE_INSTRUMENT;EFP_FIN;EUR;35;120.98000000;136;EXCHANGE_LAST;;1;1;XEUR;11286683;749;
13.01.2025;16:22:15.272;FOAT SI 20250306 PS;SIMPLE_INSTRUMENT;EFP_FIN;EUR;36;121.00000000;629;EXCHANGE_LAST;;1;1;XEUR;11286683;749;
13.01.2025;16:22:37.836;FOAT SI 20250306 PS;SIMPLE_INSTRUMENT;EFP_FIN;EUR;37;120.98000000;400;EXCHANGE_LAST;;1;1;XEUR;11286683;749;
13.01.2025;16:25:17.385;FOAT SI 20250306 PS;SIMPLE_INSTRUMENT;EFP_FIN;EUR;38;120.98000000;851;EXCHANGE_LAST;;1;1;XEUR;11286683;749;
13.01.2025;16:31:08.018;FOAT SI 20250306 PS;SIMPLE_INSTRUMENT;EFP_FIN;EUR;39;120.93000000;917;EXCHANGE_LAST;;1;1;XEUR;11286683;749;
13.01.2025;16:43:59.538;FOAT SI 20250306 PS;SIMPLE_INSTRUMENT;EFP_FIN;EUR;40;120.93000000;421;EXCHANGE_LAST;;1;1;XEUR;11286683;749;
13.01.2025;16:45:58.342;FSCE SI 20250321 CS;SIMPLE_INSTRUMENT;BLOCK;EUR;50;308.80000000;2121;EXCHANGE_LAST;;1;1;XEUR;11360229;763;
13.01.2025;16:46:14.343;FSCE SI 20250321 CS;SIMPLE_INSTRUMENT;BLOCK;EUR;51;308.90000000;530;EXCHANGE_LAST;;1;1;XEUR;11360229;763;
13.01.2025;16:49:53.353;FSCP SI 20250321 CS;SIMPLE_INSTRUMENT;EFP_IDX;EUR;52;328.10000000;60;EXCHANGE_LAST;;1;1;XEUR;11360241;764;
13.01.2025;16:50:07.355;FSCP SI 20250321 CS;SIMPLE_INSTRUMENT;EFP_IDX;EUR;53;328.00000000;140;EXCHANGE_LAST;;1;1;XEUR;11360241;764;
13.01.2025;08:49:33.802;FSMI SI 20250321 CS;SIMPLE_INSTRUMENT;EFP_IDX;CHF;1;11700.00000000;170;EXCHANGE_LAST;;1;1;XEUR;7793721;757;
13.01.2025;08:50:22.199;FSMI SI 20250321 CS;SIMPLE_INSTRUMENT;EFP_IDX;CHF;2;11690.00000000;250;EXCHANGE_LAST;;1;1;XEUR;7793721;757;
13.01.2025;09:58:25.840;FSMI SI 20250321 CS;SIMPLE_INSTRUMENT;BLOCK;CHF;3;11660.00000000;500;EXCHANGE_LAST;;1;1;XEUR;7793721;757;
13.01.2025;12:59:48.768;FSMI SI 20250321 CS;SIMPLE_INSTRUMENT;VOLA;CHF;603979827;11660.00000000;96;EXCHANGE_LAST;;1;1;XEUR;7793721;757;
13.01.2025;14:48:12.884;FSMX SI 20250321 CS;SIMPLE_INSTRUMENT;BLOCK;EUR;27;25187.00000000;265;EXCHANGE_LAST;;1;1;XEUR;11405203;396422;
13.01.2025;16:48:39.824;FSMX SI 20250321 CS;SIMPLE_INSTRUMENT;BLOCK;EUR;54;25192.00000000;420;EXCHANGE_LAST;;1;1;XEUR;11405203;396422;
13.01.2025;16:43:12.188;FSSX SI 20250321 CS;SIMPLE_INSTRUMENT;EFP_IDX;EUR;48;210.20000000;200;EXCHANGE_LAST;;1;1;XEUR;11401329;300496;
13.01.2025;16:43:27.564;FSSX SI 20250321 CS;SIMPLE_INSTRUMENT;EFP_IDX;EUR;49;210.25000000;800;EXCHANGE_LAST;;1;1;XEUR;11401329;300496;
13.01.2025;16:28:59.144;FSTA SI 20250321 CS;SIMPLE_INSTRUMENT;BLOCK;EUR;2;549.70000000;299;EXCHANGE_LAST;;1;1;XEUR;11359808;715;
13.01.2025;11:49:55.322;FSTA SI 20250321 CS;SIMPLE_INSTRUMENT;VOLA;EUR;603979818;546.30000000;2;EXCHANGE_LAST;;1;1;XEUR;11359808;715;
13.01.2025;11:49:46.322;FSTA SI 20250321 CS;SIMPLE_INSTRUMENT;VOLA;EUR;603979819;546.40000000;3;EXCHANGE_LAST;;1;1;XEUR;11359808;715;
13.01.2025;14:45:52.875;FSTB SI 20250321 CS;SIMPLE_INSTRUMENT;BLOCK;EUR;26;213.95000000;450;EXCHANGE_LAST;;1;1;XEUR;11359807;714;
13.01.2025;09:37:29.651;FSTE SI 20250321 CS;SIMPLE_INSTRUMENT;VOLA;EUR;603979785;352.70000000;40;EXCHANGE_LAST;;1;1;XEUR;11359812;719;
13.01.2025;15:15:51.059;FSTG SI 20250321 CS;SIMPLE_INSTRUMENT;BLOCK;EUR;28;882.60000000;319;EXCHANGE_LAST;;1;1;XEUR;11359809;717;
13.01.2025;16:38:24.611;FSTI SI 20250321 CS;SIMPLE_INSTRUMENT;EFP_IDX;EUR;45;407.10000000;139;EXCHANGE_LAST;;1;1;XEUR;11359770;707;
13.01.2025;16:38:35.707;FSTI SI 20250321 CS;SIMPLE_INSTRUMENT;EFP_IDX;EUR;46;407.20000000;554;EXCHANGE_LAST;;1;1;XEUR;11359770;707;
13.01.2025;16:40:41.629;FSTS SI 20250321 CS;SIMPLE_INSTRUMENT;EFP_IDX;EUR;3;523.70000000;39;EXCHANGE_LAST;;1;1;XEUR;11359775;709;
13.01.2025;16:40:46.831;FSTS SI 20250321 CS;SIMPLE_INSTRUMENT;EFP_IDX;EUR;4;523.80000000;361;EXCHANGE_LAST;;1;1;XEUR;11359775;709;
13.01.2025;17:00:52.208;FSTT SI 20250321 CS;SIMPLE_INSTRUMENT;EFP_IDX;EUR;7;230.70000000;75;EXCHANGE_LAST;;1;1;XEUR;11359772;708;
13.01.2025;17:01:12.947;FSTT SI 20250321 CS;SIMPLE_INSTRUMENT;EFP_IDX;EUR;8;230.60000000;675;EXCHANGE_LAST;;1;1;XEUR;11359772;708;
13.01.2025;11:33:09.346;FSTU SI 20250321 CS;SIMPLE_INSTRUMENT;BLOCK;EUR;18;375.00000000;270;EXCHANGE_LAST;;1;1;XEUR;11359815;730;
13.01.2025;11:33:21.427;FSTU SI 20250321 CS;SIMPLE_INSTRUMENT;BLOCK;EUR;19;377.00000000;280;EXCHANGE_LAST;;1;1;XEUR;11359815;730;
13.01.2025;11:25:05.024;FTE.O.250113.STG.000003;STANDARD_OPTION_STRATEGY;BLOCK;EUR;10;0.61000000;2500;EXCHANGE_LAST;;1;1;XEUR;72060703594263365;724;
13.01.2025;11:25:05.024;FTE SI 20250620 PS AM P 9.20 0;SIMPLE_INSTRUMENT;BLOCK;EUR;10;0.25000000;2500;PRC_DECOMP_EXCHANGE;;;;XEUR;11360243;724;EXCHANGE
13.01.2025;11:25:05.024;FTE SI 20250620 PS AM C 10.00 0;SIMPLE_INSTRUMENT;BLOCK;EUR;10;0.36000000;2500;PRC_DECOMP_EXCHANGE;;;;XEUR;7904241;724;EXCHANGE
13.01.2025;11:25:05.034;FTE.O.250113.STG.000003;STANDARD_OPTION_STRATEGY;BLOCK;EUR;11;0.62000000;2500;EXCHANGE_LAST;;1;1;XEUR;72060703594263365;724;
13.01.2025;11:25:05.034;FTE SI 20250620 PS AM P 9.20 0;SIMPLE_INSTRUMENT;BLOCK;EUR;11;0.26000000;2500;PRC_DECOMP_EXCHANGE;;;;XEUR;11360243;724;EXCHANGE
13.01.2025;11:25:05.034;FTE SI 20250620 PS AM C 10.00 0;SIMPLE_INSTRUMENT;BLOCK;EUR;11;0.36000000;2500;PRC_DECOMP_EXCHANGE;;;;XEUR;7904241;724;EXCHANGE
13.01.2025;15:53:37.788;FTE SI 20260619 PS AM C 10.00 0;SIMPLE_INSTRUMENT;BLOCK;EUR;24;0.54000000;5000;EXCHANGE_LAST;;1;1;XEUR;9548552;724;
13.01.2025;15:53:43.834;FTE SI 20260619 PS AM C 10.00 0;SIMPLE_INSTRUMENT;BLOCK;EUR;25;0.55000000;5000;EXCHANGE_LAST;;1;1;XEUR;9548552;724;
13.01.2025;09:18:33.661;FTUK SI 20250321 CS;SIMPLE_INSTRUMENT;BLOCK;GBP;1;8228.00000000;2000;EXCHANGE_LAST;;1;1;XEUR;10880162;346692;
13.01.2025;09:18:37.589;FTUK SI 20250321 CS;SIMPLE_INSTRUMENT;BLOCK;GBP;2;8227.50000000;2000;EXCHANGE_LAST;;1;1;XEUR;10880162;346692;
13.01.2025;16:12:27.388;FTUK SI 20250321 CS;SIMPLE_INSTRUMENT;BLOCK;GBP;8;8230.00000000;500;EXCHANGE_LAST;;1;1;XEUR;10880162;346692;
13.01.2025;16:12:43.576;FTUK SI 20250321 CS;SIMPLE_INSTRUMENT;BLOCK;GBP;9;8230.00000000;500;EXCHANGE_LAST;;1;1;XEUR;10880162;346692;
13.01.2025;16:02:35.939;FUEM SI 20250321 CS;SIMPLE_INSTRUMENT;BLOCK;USD;35;113.77000000;170;EXCHANGE_LAST;;1;1;XEUR;11429254;772680;
13.01.2025;16:02:57.853;FUHY SI 20250321 CS;SIMPLE_INSTRUMENT;BLOCK;USD;36;685.16000000;100;EXCHANGE_LAST;;1;1;XEUR;11850132;909660;
13.01.2025;15:47:41.502;FUIG SI 20250321 CS;SIMPLE_INSTRUMENT;BLOCK;USD;32;3272.10000000;127;EXCHANGE_LAST;;1;1;XEUR;11850128;909659;
13.01.2025;16:52:47.083;FXXP SI 20250321 CS;SIMPLE_INSTRUMENT;EFP_IDX;EUR;42;509.00000000;600;EXCHANGE_LAST;;1;1;XEUR;7793972;816;
13.01.2025;16:52:49.078;FXXP SI 20250321 CS;SIMPLE_INSTRUMENT;EFP_IDX;EUR;43;510.00000000;1400;EXCHANGE_LAST;;1;1;XEUR;7793972;816;
13.01.2025;16:56:24.621;FXXP SI 20250321 CS;SIMPLE_INSTRUMENT;EFP_IDX;EUR;44;509.00000000;660;EXCHANGE_LAST;;1;1;XEUR;7793972;816;
13.01.2025;16:56:25.770;FXXP SI 20250321 CS;SIMPLE_INSTRUMENT;EFP_IDX;EUR;45;510.00000000;1340;EXCHANGE_LAST;;1;1;XEUR;7793972;816;
13.01.2025;17:14:04.295;FXXP SI 20250321 CS;SIMPLE_INSTRUMENT;BLOCK;EUR;46;509.60000000;1013;EXCHANGE_LAST;;1;1;XEUR;7793972;816;
13.01.2025;17:14:54.518;FXXP SI 20250321 CS;SIMPLE_INSTRUMENT;BLOCK;EUR;47;509.70000000;1519;EXCHANGE_LAST;;1;1;XEUR;7793972;816;
13.01.2025;09:18:50.816;FXXP SI 20250321 CS;SIMPLE_INSTRUMENT;VOLA;EUR;603979782;509.00000000;301;EXCHANGE_LAST;;1;1;XEUR;7793972;816;
13.01.2025;09:18:59.248;FXXP SI 20250321 CS;SIMPLE_INSTRUMENT;VOLA;EUR;603979783;509.00000000;100;EXCHANGE_LAST;;1;1;XEUR;7793972;816;
13.01.2025;10:33:24.333;FXXP SI 20250321 CS;SIMPLE_INSTRUMENT;VOLA;EUR;603979794;508.80000000;66;EXCHANGE_LAST;;1;1;XEUR;7793972;816;
13.01.2025;11:34:16.065;FXXP SI 20250321 CS;SIMPLE_INSTRUMENT;VOLA;EUR;603979813;508.40000000;220;EXCHANGE_LAST;;1;1;XEUR;7793972;816;
13.01.2025;15:07:48.417;G3ZF SI 20261218 CS;SIMPLE_INSTRUMENT;BLOCK;EUR;46;1.17000000;700;EXCHANGE_LAST;;1;1;XEUR;6825108;144760;
13.01.2025;09:37:58.157;GEBN SI 20251219 PS AM P 440.00 0;SIMPLE_INSTRUMENT;BLOCK;CHF;7;22.95000000;600;EXCHANGE_LAST;;1;1;XEUR;12444420;882;
13.01.2025;12:10:12.344;GZF.O.250113.PDIA.000002;STANDARD_OPTION_STRATEGY;BLOCK;EUR;15;0.07000000;2500;EXCHANGE_LAST;;1;1;XEUR;72061266234980974;855;
13.01.2025;12:10:12.344;GZF SI 20250117 PS AM P 15.40 0;SIMPLE_INSTRUMENT;BLOCK;EUR;15;0.04000000;2500;PRC_DECOMP_EXCHANGE;;;;XEUR;12076313;855;EXCHANGE
13.01.2025;12:10:12.344;GZF SI 20250221 PS AM P 15.00 0;SIMPLE_INSTRUMENT;BLOCK;EUR;15;0.11000000;2500;PRC_DECOMP_EXCHANGE;;;;XEUR;12246286;855;EXCHANGE
13.01.2025;12:52:26.846;HEFG SI 20250321 CS;SIMPLE_INSTRUMENT;BLOCK;EUR;27;123.82130000;40;EXCHANGE_LAST;;1;1;XEUR;10701440;837;
13.01.2025;10:49:27.987;HFG SI 20251219 PS AM P 10.00 0;SIMPLE_INSTRUMENT;BLOCK;EUR;1;2.07000000;1500;EXCHANGE_LAST;;1;1;XEUR;8163244;174740;
13.01.2025;11:37:33.035;HMI SI 20250620 PS AM P 2120.00 0;SIMPLE_INSTRUMENT;BLOCK;EUR;13;84.00000000;50;EXCHANGE_LAST;;1;1;XEUR;11363303;950;
13.01.2025;15:16:33.148;HOLN SI 20251219 PS AM P 74.00 0;SIMPLE_INSTRUMENT;BLOCK;CHF;61;3.47000000;500;EXCHANGE_LAST;;1;1;XEUR;10772571;943;
13.01.2025;10:53:08.924;HOT SI 20250321 PS AM C 135.00 0;SIMPLE_INSTRUMENT;BLOCK;EUR;3;5.00000000;400;EXCHANGE_LAST;;1;2;XEUR;12445399;938;
13.01.2025;15:09:41.726;HSBH SI 20250117 CS;SIMPLE_INSTRUMENT;BLOCK;GBX;48;796.20000000;2800;EXCHANGE_LAST;;1;1;XEUR;11420369;840010;
13.01.2025;09:54:54.050;IFX SI 20250919 PS AM C 36.00 0;SIMPLE_INSTRUMENT;BLOCK;EUR;2;2.20000000;1000;EXCHANGE_LAST;;1;1;XEUR;11884144;902;
13.01.2025;11:35:12.985;IFX SI 20251219 PS AM P 32.00 0;SIMPLE_INSTRUMENT;BLOCK;EUR;7;4.58000000;1500;EXCHANGE_LAST;;1;1;XEUR;5933327;902;
13.01.2025;12:30:23.859;IFX SI 20250620 PS AM C 34.00 0;SIMPLE_INSTRUMENT;BLOCK;EUR;11;2.11000000;1500;EXCHANGE_LAST;;1;1;XEUR;11362379;902;
13.01.2025;12:41:13.938;IFX SI 20250620 PS AM C 34.00 0;SIMPLE_INSTRUMENT;BLOCK;EUR;12;2.11000000;1500;EXCHANGE_LAST;;1;1;XEUR;11362379;902;
13.01.2025;12:28:39.586;IFXE SI 20250221 PS EU C 34.50 0;SIMPLE_INSTRUMENT;BLOCK;EUR;9;0.70000000;1300;EXCHANGE_LAST;;1;1;XEUR;12246720;903;
13.01.2025;12:28:18.501;IFXE SI 20250221 PS EU C 33.00 0;SIMPLE_INSTRUMENT;BLOCK;EUR;10;1.13000000;1300;EXCHANGE_LAST;;1;1;XEUR;12246740;903;
13.01.2025;13:43:34.400;IFXE SI 20250221 PS EU C 37.00 0;SIMPLE_INSTRUMENT;BLOCK;EUR;13;0.31000000;2000;EXCHANGE_LAST;;1;1;XEUR;12358593;903;
13.01.2025;13:43:51.570;IFXE SI 20250221 PS EU C 35.00 0;SIMPLE_INSTRUMENT;BLOCK;EUR;14;0.65000000;2000;EXCHANGE_LAST;;1;1;XEUR;12246724;903;
13.01.2025;12:54:34.747;IFXG SI 20250321 CS;SIMPLE_INSTRUMENT;BLOCK;EUR;28;31.45280000;200;EXCHANGE_LAST;;1;1;XEUR;10702129;896;
13.01.2025;16:43:17.618;INN SI 20291221 PS AM P 12.00 0;SIMPLE_INSTRUMENT;BLOCK;EUR;22;1.97000000;11000;EXCHANGE_LAST;;4;2;XEUR;12578277;1014;
13.01.2025;11:09:36.196;ITK.O.250113.STG.000003;STANDARD_OPTION_STRATEGY;BLOCK;EUR;1;3.60000000;1500;EXCHANGE_LAST;;1;1;XEUR;72061884710275157;999;
13.01.2025;11:09:36.196;ITK SI 20250620 PS AM C 48.00 0;SIMPLE_INSTRUMENT;BLOCK;EUR;1;1.78000000;1500;PRC_DECOMP_EXCHANGE;;;;XEUR;7906736;999;EXCHANGE
13.01.2025;11:09:36.196;ITK SI 20250620 PS AM P 42.00 0;SIMPLE_INSTRUMENT;BLOCK;EUR;1;1.82000000;1500;PRC_DECOMP_EXCHANGE;;;;XEUR;11364319;999;EXCHANGE
13.01.2025;12:14:59.310;ITK SI 20250620 PS AM P 44.00 0;SIMPLE_INSTRUMENT;BLOCK;EUR;2;2.58000000;10000;EXCHANGE_LAST;;4;1;XEUR;7906737;999;
13.01.2025;12:24:04.454;KC4L SI 20250221 CS;SIMPLE_INSTRUMENT;BLOCK;EUR;26;45.61570000;245;EXCHANGE_LAST;;1;1;XEUR;10602418;509754;
13.01.2025;14:10:20.617;LHA SI 20251219 PS AM P 5.20 0;SIMPLE_INSTRUMENT;BLOCK;EUR;18;0.49000000;1500;EXCHANGE_LAST;;1;1;XEUR;12448751;1126;
13.01.2025;14:10:28.740;LHA SI 20251219 PS AM P 5.20 0;SIMPLE_INSTRUMENT;BLOCK;EUR;19;0.50000000;1500;EXCHANGE_LAST;;1;1;XEUR;12448751;1126;
13.01.2025;15:23:32.630;LHA.O.250113.BER.000007;STANDARD_OPTION_STRATEGY;BLOCK;EUR;23;0.26000000;1500;EXCHANGE_LAST;;1;1;XEUR;72062430171144729;1126;
13.01.2025;15:23:32.630;LHA SI 20251219 PS AM P 4.00 0;SIMPLE_INSTRUMENT;BLOCK;EUR;23;0.16000000;1500;PRC_DECOMP_EXCHANGE;;;;XEUR;6847004;1126;EXCHANGE
13.01.2025;15:23:32.630;LHA SI 20251219 PS AM P 5.00 0;SIMPLE_INSTRUMENT;BLOCK;EUR;23;0.42000000;1500;PRC_DECOMP_EXCHANGE;;;;XEUR;10218155;1126;EXCHANGE
13.01.2025;15:23:20.383;LHA.O.250113.BER.000007;STANDARD_OPTION_STRATEGY;BLOCK;EUR;24;0.27000000;1500;EXCHANGE_LAST;;1;1;XEUR;72062430171144729;1126;
13.01.2025;15:23:20.383;LHA SI 20251219 PS AM P 5.00 0;SIMPLE_INSTRUMENT;BLOCK;EUR;24;0.43000000;1500;PRC_DECOMP_EXCHANGE;;;;XEUR;10218155;1126;EXCHANGE
13.01.2025;15:23:20.383;LHA SI 20251219 PS AM P 4.00 0;SIMPLE_INSTRUMENT;BLOCK;EUR;24;0.16000000;1500;PRC_DECOMP_EXCHANGE;;;;XEUR;6847004;1126;EXCHANGE
13.01.2025;13:01:04.719;LONN SI 20250919 PS AM P 480.00 0;SIMPLE_INSTRUMENT;BLOCK;CHF;39;24.11000000;800;EXCHANGE_LAST;;1;1;XEUR;11887426;1141;
13.01.2025;13:05:28.362;LONN SI 20251219 PS AM C 520.00 0;SIMPLE_INSTRUMENT;BLOCK;CHF;40;69.83000000;2000;EXCHANGE_LAST;;1;2;XEUR;10641242;1141;
13.01.2025;12:19:11.185;LOR SI 20250620 PS AM P 300.00 0;SIMPLE_INSTRUMENT;BLOCK;EUR;17;11.90000000;150;EXCHANGE_LAST;;1;1;XEUR;11366654;1140;
13.01.2025;10:25:50.537;MLXG SI 20250321 CS;SIMPLE_INSTRUMENT;BLOCK;EUR;10;31.08260000;750;EXCHANGE_LAST;;1;1;XEUR;10735532;553017;
13.01.2025;10:57:02.887;MOH SI 20250321 PS AM C 730.00 0;SIMPLE_INSTRUMENT;BLOCK;EUR;9;9.20000000;243;EXCHANGE_LAST;;1;1;XEUR;12447792;1074;
13.01.2025;14:54:28.002;MONF SI 20250320 CS;SIMPLE_INSTRUMENT;BLOCK;EUR;44;53.91000000;130;EXCHANGE_LAST;;1;1;XEUR;10689347;31804;
13.01.2025;13:29:05.009;MUV2 SI 20250620 PS AM P 440.00 0;SIMPLE_INSTRUMENT;BLOCK;EUR;8;16.75000000;200;EXCHANGE_LAST;;1;1;XEUR;11369434;1234;
13.01.2025;15:00:07.444;MUV2 SI 20250117 PS AM P 480.00 0;SIMPLE_INSTRUMENT;BLOCK;EUR;9;5.80000000;405;EXCHANGE_LAST;;1;1;XEUR;12081882;1234;
13.01.2025;15:00:42.240;MUV2 SI 20250221 PS AM P 470.00 0;SIMPLE_INSTRUMENT;BLOCK;EUR;10;9.80000000;405;EXCHANGE_LAST;;1;1;XEUR;12251862;1234;
13.01.2025;15:01:08.015;MUV2 SI 20250221 PS AM C 510.00 0;SIMPLE_INSTRUMENT;BLOCK;EUR;11;4.22000000;405;EXCHANGE_LAST;;1;1;XEUR;12251838;1234;
