#Date;TrdTime;Contract;ContractType;TrdTyp;Currency;TesId;Prc;Qty;TrdInd;Aggressor;Buy;Sell;Exch;InstrumentId;RelatedProdId;PrcDecomp
31.10.2024;12:32:18.333;A2LV SI 20261218 CS;SIMPLE_INSTRUMENT;BLOCK;EUR;36;14.95000000;25;EXCHANGE_LAST;;1;1;XEUR;4632085;12;
31.10.2024;16:32:20.676;A2LV SI 20261218 CS;SIMPLE_INSTRUMENT;BLOCK;EUR;76;14.92000000;10;EXCHANGE_LAST;;1;1;XEUR;4632085;12;
31.10.2024;08:33:38.570;A2XA SI 20251219 CS;SIMPLE_INSTRUMENT;BLOCK;EUR;3;2.08500000;330;EXCHANGE_LAST;;1;1;XEUR;3681055;17;
31.10.2024;12:32:48.334;A2XA SI 20261218 CS;SIMPLE_INSTRUMENT;BLOCK;EUR;37;2.08500000;250;EXCHANGE_LAST;;1;1;XEUR;4632093;17;
31.10.2024;13:46:38.601;A2XA SI 20271217 CS;SIMPLE_INSTRUMENT;BLOCK;EUR;53;1.98000000;95;EXCHANGE_LAST;;1;1;XEUR;5914267;17;
31.10.2024;14:27:57.258;A2XA SI 20271217 CS;SIMPLE_INSTRUMENT;BLOCK;EUR;60;1.98000000;150;EXCHANGE_LAST;;1;1;XEUR;5914267;17;
31.10.2024;12:44:52.107;A9IR SI 20261218 CS;SIMPLE_INSTRUMENT;BLOCK;EUR;38;3.60000000;80;EXCHANGE_LAST;;1;1;XEUR;11420293;840005;
31.10.2024;11:11:33.871;ABBG SI 20241220 CS;SIMPLE_INSTRUMENT;BLOCK;CHF;19;48.27500000;8000;EXCHANGE_LAST;;1;2;XEUR;8508601;574520;
31.10.2024;09:46:15.643;ABBN SI 20241108 PS AM P 47.00 0;SIMPLE_INSTRUMENT;BLOCK;CHF;7;0.37000000;1850;EXCHANGE_LAST;;1;1;XEUR;12000429;574517;
31.10.2024;10:31:27.750;ABBN.O.241031.PDIA.000005;STANDARD_OPTION_STRATEGY;BLOCK;CHF;21;-0.90000000;1750;EXCHANGE_LAST;;1;1;XEUR;74525125763933355;574517;
31.10.2024;10:31:27.750;ABBN SI 20250919 PS AM P 40.00 0;SIMPLE_INSTRUMENT;BLOCK;CHF;21;1.42000000;1750;PRC_DECOMP_EXCHANGE;;;;XEUR;11927934;574517;EXCHANGE
31.10.2024;10:31:27.750;ABBN SI 20251219 PS AM P 30.00 0;SIMPLE_INSTRUMENT;BLOCK;CHF;21;0.52000000;1750;PRC_DECOMP_EXCHANGE;;;;XEUR;9388700;574517;EXCHANGE
31.10.2024;14:21:43.820;ABBN.O.241031.BER.000007;STANDARD_OPTION_STRATEGY;BLOCK;CHF;57;6.31000000;5000;EXCHANGE_LAST;;1;1;XEUR;74525125763933357;574517;
31.10.2024;14:21:43.820;ABBN SI 20250620 PS AM P 44.00 0;SIMPLE_INSTRUMENT;BLOCK;CHF;57;2.18000000;5000;PRC_DECOMP_EXCHANGE;;;;XEUR;8536819;574517;EXCHANGE
31.10.2024;14:21:43.820;ABBN SI 20250620 PS AM P 55.00 0;SIMPLE_INSTRUMENT;BLOCK;CHF;57;8.49000000;5000;PRC_DECOMP_EXCHANGE;;;;XEUR;11848984;574517;EXCHANGE
31.10.2024;09:12:42.574;ADEN.O.241031.STG.000001;STANDARD_OPTION_STRATEGY;BLOCK;CHF;1;1.55000000;500;EXCHANGE_LAST;;1;1;XEUR;72057783016513487;44;
31.10.2024;09:12:42.574;ADEN SI 20241115 PS AM P 27.00 0;SIMPLE_INSTRUMENT;BLOCK;CHF;1;0.93000000;500;PRC_DECOMP_EXCHANGE;;;;XEUR;11697853;44;EXCHANGE
31.10.2024;09:12:42.574;ADEN SI 20241115 PS AM C 28.00 0;SIMPLE_INSTRUMENT;BLOCK;CHF;1;0.62000000;500;PRC_DECOMP_EXCHANGE;;;;XEUR;11697886;44;EXCHANGE
31.10.2024;10:13:12.667;ADEN SI 20250919 PS AM P 22.00 0;SIMPLE_INSTRUMENT;BLOCK;CHF;15;1.22000000;400;EXCHANGE_LAST;;1;1;XEUR;11870206;44;
31.10.2024;10:43:20.770;ADEN.O.241031.STG.000002;STANDARD_OPTION_STRATEGY;BLOCK;CHF;25;4.59000000;1000;EXCHANGE_LAST;;1;1;XEUR;72057783016513488;44;
31.10.2024;10:43:20.770;ADEN SI 20250919 PS AM C 28.00 0;SIMPLE_INSTRUMENT;BLOCK;CHF;25;1.81000000;1000;PRC_DECOMP_EXCHANGE;;;;XEUR;11870235;44;EXCHANGE
31.10.2024;10:43:20.770;ADEN SI 20250919 PS AM P 26.00 0;SIMPLE_INSTRUMENT;BLOCK;CHF;25;2.78000000;1000;PRC_DECOMP_EXCHANGE;;;;XEUR;11870237;44;EXCHANGE
31.10.2024;09:38:31.747;ADS SI 20250919 PS AM P 160.00 0;SIMPLE_INSTRUMENT;BLOCK;EUR;4;4.76000000;250;EXCHANGE_LAST;;1;1;XEUR;11870823;50;
31.10.2024;10:13:19.874;ADS SI 20250321 PS AM P 180.00 0;SIMPLE_INSTRUMENT;BLOCK;EUR;7;3.80000000;300;EXCHANGE_LAST;;1;1;XEUR;10828494;50;
31.10.2024;10:14:58.805;ADY SI 20250620 PS AM P 1480.00 0;SIMPLE_INSTRUMENT;BLOCK;EUR;5;203.90000000;250;EXCHANGE_LAST;;1;1;XEUR;11696085;76315;
31.10.2024;11:33:21.272;AIR SI 20251219 PS AM P 140.00 0;SIMPLE_INSTRUMENT;BLOCK;EUR;9;4.64000000;300;EXCHANGE_LAST;;1;1;XEUR;11290324;64;
31.10.2024;14:22:20.621;AIR SI 20251219 PS AM P 160.00 0;SIMPLE_INSTRUMENT;BLOCK;EUR;20;10.20000000;400;EXCHANGE_LAST;;1;1;XEUR;11290318;64;
31.10.2024;11:28:56.834;ALC SI 20250919 PS AM P 72.00 0;SIMPLE_INSTRUMENT;BLOCK;CHF;35;3.46000000;700;EXCHANGE_LAST;;1;1;XEUR;11913753;130134;
31.10.2024;13:14:06.500;ALC SI 20250919 PS AM P 68.00 0;SIMPLE_INSTRUMENT;BLOCK;CHF;51;2.40000000;500;EXCHANGE_LAST;;1;1;XEUR;11913755;130134;
31.10.2024;13:29:25.457;ALC SI 20251219 PS AM C 84.00 0;SIMPLE_INSTRUMENT;BLOCK;CHF;53;6.13000000;1000;EXCHANGE_LAST;;1;1;XEUR;5920613;130134;
31.10.2024;10:01:00.183;ALV SI 20251219 PS AM P 260.00 0;SIMPLE_INSTRUMENT;BLOCK;EUR;2;12.21000000;300;EXCHANGE_LAST;;1;1;XEUR;10976920;74;
31.10.2024;15:06:58.464;ALV SI 20241115 PS AM C 290.00 0;SIMPLE_INSTRUMENT;BLOCK;EUR;4;4.87000000;377;EXCHANGE_LAST;;1;1;XEUR;11698958;74;
31.10.2024;15:07:15.350;ALV SI 20241115 PS AM C 290.00 0;SIMPLE_INSTRUMENT;BLOCK;EUR;5;4.88000000;323;EXCHANGE_LAST;;1;1;XEUR;11698958;74;
31.10.2024;15:07:30.561;ALV SI 20241115 PS AM C 290.00 0;SIMPLE_INSTRUMENT;BLOCK;EUR;6;4.90000000;300;EXCHANGE_LAST;;1;1;XEUR;11698958;74;
31.10.2024;15:46:01.588;ALV.O.241031.BER.000023;STANDARD_OPTION_STRATEGY;BLOCK;EUR;7;3.25000000;300;EXCHANGE_LAST;;1;1;XEUR;72057911865565266;74;
31.10.2024;15:46:01.588;ALV SI 20241115 PS AM P 285.00 0;SIMPLE_INSTRUMENT;BLOCK;EUR;7;3.81000000;300;PRC_DECOMP_EXCHANGE;;;;XEUR;11698948;74;EXCHANGE
31.10.2024;15:46:01.588;ALV SI 20241115 PS AM P 260.00 0;SIMPLE_INSTRUMENT;BLOCK;EUR;7;0.56000000;300;PRC_DECOMP_EXCHANGE;;;;XEUR;11698869;74;EXCHANGE
31.10.2024;09:04:21.080;ALVE.O.241031.CNV.000001;STANDARD_OPTION_STRATEGY;BLOCK;EUR;1;-32.10000000;700;EXCHANGE_LAST;;1;1;XEUR;72057916160480319;75;
31.10.2024;09:04:21.080;ALVE SI 20251219 PS EU C 320.00 0;SIMPLE_INSTRUMENT;BLOCK;EUR;1;8.41000000;700;PRC_DECOMP_EXCHANGE;;;;XEUR;5920833;75;EXCHANGE
31.10.2024;09:04:21.080;ALVE SI 20251219 PS EU P 320.00 0;SIMPLE_INSTRUMENT;BLOCK;EUR;1;40.51000000;700;PRC_DECOMP_EXCHANGE;;;;XEUR;5920834;75;EXCHANGE
31.10.2024;12:43:36.328;ANI FI 20241219 PS EU C 4.0000 0;FLEXIBLE_INSTRUMENT;BLOCK;EUR;9;1.70000000;800;EXCHANGE_LAST;;1;1;XEUR;1153122826903879688;46874;
31.10.2024;10:15:58.788;ANN.O.241031.BRT.000006;STANDARD_OPTION_STRATEGY;BLOCK;EUR;1;0.55000000;1000;EXCHANGE_LAST;;1;1;XEUR;72251735149666891;45202;
31.10.2024;10:15:58.788;ANN SI 20250321 PS AM P 28.00 0;SIMPLE_INSTRUMENT;BLOCK;EUR;1;1.08000000;1000;PRC_DECOMP_EXCHANGE;;;;XEUR;10865134;45202;EXCHANGE
31.10.2024;10:15:58.788;ANN SI 20241220 PS AM P 28.00 0;SIMPLE_INSTRUMENT;BLOCK;EUR;1;0.53000000;1000;PRC_DECOMP_EXCHANGE;;;;XEUR;7644474;45202;EXCHANGE
31.10.2024;10:55:18.553;ANN SI 20241220 PS AM P 24.00 0;SIMPLE_INSTRUMENT;BLOCK;EUR;4;0.08000000;759;EXCHANGE_LAST;;1;1;XEUR;7733096;45202;
31.10.2024;10:55:20.951;ANN SI 20241220 PS AM P 24.00 0;SIMPLE_INSTRUMENT;BLOCK;EUR;5;0.09000000;760;EXCHANGE_LAST;;1;1;XEUR;7733096;45202;
31.10.2024;09:05:59.078;ASM SI 20250117 PS AM C 740.00 0;SIMPLE_INSTRUMENT;BLOCK;EUR;1;10.53000000;239;EXCHANGE_LAST;;1;1;XEUR;12068372;107;
31.10.2024;10:15:13.454;ASM SI 20250321 PS AM P 600.00 0;SIMPLE_INSTRUMENT;BLOCK;EUR;6;41.80000000;150;EXCHANGE_LAST;;1;1;XEUR;10830140;107;
31.10.2024;16:10:51.412;AXA.O.241031.COMBO.000008;STANDARD_OPTION_STRATEGY;BLOCK;EUR;24;1.67000000;5000;EXCHANGE_LAST;;1;1;XEUR;72058139498793015;127;
31.10.2024;16:10:51.412;AXA SI 20251219 PS AM C 40.00 0;SIMPLE_INSTRUMENT;BLOCK;EUR;24;0.73000000;5000;PRC_DECOMP_EXCHANGE;;;;XEUR;7227104;127;EXCHANGE
31.10.2024;16:10:51.412;AXA SI 20251219 PS AM P 32.00 0;SIMPLE_INSTRUMENT;BLOCK;EUR;24;2.40000000;5000;PRC_DECOMP_EXCHANGE;;;;XEUR;6158498;127;EXCHANGE
31.10.2024;11:04:07.303;B2NP SI 20261218 CS;SIMPLE_INSTRUMENT;BLOCK;EUR;12;4.48000000;50;EXCHANGE_LAST;;1;1;XEUR;6798320;131;
31.10.2024;11:44:36.781;B2NP SI 20271217 CS;SIMPLE_INSTRUMENT;BLOCK;EUR;31;3.95000000;500;EXCHANGE_LAST;;2;1;XEUR;7086925;131;
31.10.2024;12:11:04.164;B2NP SI 20251219 CS;SIMPLE_INSTRUMENT;BLOCK;EUR;32;4.85000000;100;EXCHANGE_LAST;;1;1;XEUR;5914355;131;
31.10.2024;13:09:10.774;B2NP SI 20281215 CS;SIMPLE_INSTRUMENT;BLOCK;EUR;42;3.82000000;250;EXCHANGE_LAST;;1;1;XEUR;7086921;131;
31.10.2024;15:58:10.272;B2NP SI 20271217 CS;SIMPLE_INSTRUMENT;BLOCK;EUR;73;3.99000000;260;EXCHANGE_LAST;;1;2;XEUR;7086925;131;
31.10.2024;09:55:43.973;B3BV SI 20251219 CS;SIMPLE_INSTRUMENT;BLOCK;EUR;8;0.73000000;1000;EXCHANGE_LAST;;1;1;XEUR;5914370;135;
31.10.2024;12:39:01.224;BALN SI 20251219 PS AM P 140.00 0;SIMPLE_INSTRUMENT;BLOCK;CHF;44;4.70000000;300;EXCHANGE_LAST;;1;1;XEUR;5922050;147;
31.10.2024;12:42:00.185;BALN SI 20250919 PS AM C 160.00 0;SIMPLE_INSTRUMENT;BLOCK;CHF;45;12.80000000;200;EXCHANGE_LAST;;1;1;XEUR;11872668;147;
31.10.2024;11:32:41.007;BAN SI 20250919 PS AM C 72.00 0;SIMPLE_INSTRUMENT;BLOCK;CHF;37;6.30000000;600;EXCHANGE_LAST;;1;1;XEUR;11919822;298535;
31.10.2024;08:53:16.038;BAS SI 20241115 PS AM C 47.00 0;SIMPLE_INSTRUMENT;BLOCK;EUR;3;0.18000000;837;EXCHANGE_LAST;;1;1;XEUR;11699761;150;
31.10.2024;08:53:19.623;BAS SI 20241115 PS AM C 47.00 0;SIMPLE_INSTRUMENT;BLOCK;EUR;4;0.19000000;1953;EXCHANGE_LAST;;1;1;XEUR;11699761;150;
31.10.2024;09:04:18.614;BAS SI 20241115 PS AM P 47.00 0;SIMPLE_INSTRUMENT;BLOCK;EUR;6;2.98000000;1030;EXCHANGE_LAST;;1;1;XEUR;11699763;150;
31.10.2024;09:04:36.671;BAS SI 20241115 PS AM P 43.00 0;SIMPLE_INSTRUMENT;BLOCK;EUR;7;0.54000000;1030;EXCHANGE_LAST;;1;1;XEUR;11699801;150;
31.10.2024;09:53:25.836;BAS SI 20241220 PS AM P 43.00 0;SIMPLE_INSTRUMENT;BLOCK;EUR;8;1.03000000;3000;EXCHANGE_LAST;;2;1;XEUR;7509966;150;
31.10.2024;11:44:22.639;BAS SI 20241115 PS AM C 47.00 0;SIMPLE_INSTRUMENT;BLOCK;EUR;9;0.24000000;2109;EXCHANGE_LAST;;1;1;XEUR;11699761;150;
31.10.2024;12:37:00.629;BAS SI 20241115 PS AM C 47.00 0;SIMPLE_INSTRUMENT;BLOCK;EUR;10;0.36000000;1789;EXCHANGE_LAST;;1;1;XEUR;11699761;150;
31.10.2024;15:42:26.571;BAS SI 20250321 PS AM C 52.00 0;SIMPLE_INSTRUMENT;BLOCK;EUR;11;0.60000000;3200;EXCHANGE_LAST;;1;1;XEUR;10831049;150;
31.10.2024;16:50:02.837;BAS SI 20250117 PS AM C 47.00 0;SIMPLE_INSTRUMENT;BLOCK;EUR;13;1.07000000;4800;EXCHANGE_LAST;;1;1;XEUR;12068843;150;
31.10.2024;16:50:02.857;BAS SI 20250117 PS AM C 47.00 0;SIMPLE_INSTRUMENT;BLOCK;EUR;14;1.08000000;3200;EXCHANGE_LAST;;1;1;XEUR;12068843;150;
31.10.2024;16:43:07.665;BASG SI 20241220 CS;SIMPLE_INSTRUMENT;BLOCK;EUR;78;44.71310000;6622;EXCHANGE_LAST;;1;1;XEUR;7032007;171;
31.10.2024;08:43:03.869;BAY SI 20241220 PS AM C 30.00 0;SIMPLE_INSTRUMENT;BLOCK;EUR;2;0.21000000;2000;EXCHANGE_LAST;;1;1;XEUR;10316896;168;
31.10.2024;16:05:32.442;BAY SI 20251219 PS AM P 20.00 0;SIMPLE_INSTRUMENT;BLOCK;EUR;12;1.30000000;1000;EXCHANGE_LAST;;1;1;XEUR;8112406;168;
31.10.2024;13:59:00.594;BMW.O.241031.IRTRY.000009;STANDARD_OPTION_STRATEGY;BLOCK;EUR;16;-1.90000000;500;EXCHANGE_LAST;;1;1;XEUR;72058495981106260;210;
31.10.2024;13:59:00.594;BMW SI 20241220 PS AM C 80.00 0;SIMPLE_INSTRUMENT;BLOCK;EUR;16;0.94000000;500;PRC_DECOMP_EXCHANGE;;;;XEUR;9106634;210;EXCHANGE
31.10.2024;13:59:00.594;BMW SI 20241220 PS AM P 68.00 0;SIMPLE_INSTRUMENT;BLOCK;EUR;16;1.42000000;1000;PRC_DECOMP_EXCHANGE;;;;XEUR;4640266;210;EXCHANGE
31.10.2024;14:09:59.670;BNP SI 20260619 PS AM P 52.00 0;SIMPLE_INSTRUMENT;BLOCK;EUR;18;4.92000000;1500;EXCHANGE_LAST;;2;1;XEUR;9541690;237;
31.10.2024;16:14:06.097;BNP.O.241031.STD.000016;STANDARD_OPTION_STRATEGY;BLOCK;EUR;25;7.55000000;750;EXCHANGE_LAST;;1;1;XEUR;72058611945197447;237;
31.10.2024;16:14:06.097;BNP SI 20250321 PS AM C 64.00 0;SIMPLE_INSTRUMENT;BLOCK;EUR;25;3.34000000;750;PRC_DECOMP_EXCHANGE;;;;XEUR;10832961;237;EXCHANGE
31.10.2024;16:14:06.097;BNP SI 20250321 PS AM P 64.00 0;SIMPLE_INSTRUMENT;BLOCK;EUR;25;4.21000000;750;PRC_DECOMP_EXCHANGE;;;;XEUR;10832936;237;EXCHANGE
31.10.2024;14:33:40.765;BNPH SI 20250321 CS;SIMPLE_INSTRUMENT;BLOCK;EUR;61;62.19500000;10000;EXCHANGE_LAST;;1;1;XEUR;10695531;236;
31.10.2024;16:26:28.076;BOSS SI 20241220 PS AM P 40.00 0;SIMPLE_INSTRUMENT;BLOCK;EUR;19;1.83000000;399;EXCHANGE_LAST;;1;1;XEUR;4640462;230;
31.10.2024;10:10:25.691;BSN.O.241031.STG.000003;STANDARD_OPTION_STRATEGY;BLOCK;EUR;4;6.33000000;1000;EXCHANGE_LAST;;1;2;XEUR;72058629125061094;241;
31.10.2024;10:10:25.691;BSN SI 20251219 PS AM C 72.00 0;SIMPLE_INSTRUMENT;BLOCK;EUR;4;2.21000000;1000;PRC_DECOMP_EXCHANGE;;;;XEUR;5923925;241;EXCHANGE
31.10.2024;10:10:25.691;BSN SI 20251219 PS AM P 64.00 0;SIMPLE_INSTRUMENT;BLOCK;EUR;4;4.12000000;1000;PRC_DECOMP_EXCHANGE;;;;XEUR;5923924;241;EXCHANGE
31.10.2024;09:56:30.983;BUCN SI 20250919 PS AM C 340.00 0;SIMPLE_INSTRUMENT;BLOCK;CHF;10;23.65000000;1000;EXCHANGE_LAST;;1;1;XEUR;11912896;108037;
31.10.2024;11:11:45.209;C2RT SI 20241220 CS;SIMPLE_INSTRUMENT;BLOCK;EUR;20;0.54100000;6195;EXCHANGE_LAST;;1;1;XEUR;4632257;151297;
31.10.2024;11:12:21.224;C2RT SI 20241220 CS;SIMPLE_INSTRUMENT;BLOCK;EUR;21;0.54000000;2655;EXCHANGE_LAST;;1;1;XEUR;4632257;151297;
31.10.2024;11:13:24.878;C2RT SI 20241220 CS;SIMPLE_INSTRUMENT;BLOCK;EUR;23;0.54100000;12372;EXCHANGE_LAST;;1;1;XEUR;4632257;151297;
31.10.2024;11:13:25.949;C2RT SI 20241220 CS;SIMPLE_INSTRUMENT;BLOCK;EUR;24;0.54000000;5303;EXCHANGE_LAST;;1;1;XEUR;4632257;151297;
31.10.2024;11:17:05.308;C2RT SI 20241220 CS;SIMPLE_INSTRUMENT;BLOCK;EUR;26;0.54000000;2655;EXCHANGE_LAST;;1;1;XEUR;4632257;151297;
31.10.2024;11:17:51.764;C2RT SI 20241220 CS;SIMPLE_INSTRUMENT;BLOCK;EUR;27;0.54100000;6195;EXCHANGE_LAST;;1;1;XEUR;4632257;151297;
31.10.2024;13:36:31.152;C2RT SI 20241220 CS;SIMPLE_INSTRUMENT;BLOCK;EUR;48;0.54100000;4336;EXCHANGE_LAST;;1;1;XEUR;4632257;151297;
31.10.2024;13:38:20.253;C2RT SI 20241220 CS;SIMPLE_INSTRUMENT;BLOCK;EUR;50;0.54000000;1859;EXCHANGE_LAST;;1;1;XEUR;4632257;151297;
31.10.2024;15:41:45.744;C4RI SI 20261218 CS;SIMPLE_INSTRUMENT;BLOCK;EUR;68;2.83000000;300;EXCHANGE_LAST;;1;1;XEUR;6821680;50862;
31.10.2024;10:46:41.971;CBK SI 20250321 PS AM P 16.00 0;SIMPLE_INSTRUMENT;BLOCK;EUR;10;1.04000000;6000;EXCHANGE_LAST;;1;1;XEUR;10833936;268;
31.10.2024;09:57:08.894;CFR SI 20250321 PS AM P 130.00 0;SIMPLE_INSTRUMENT;BLOCK;CHF;11;11.10000000;1000;EXCHANGE_LAST;;1;1;XEUR;10834892;313;
31.10.2024;12:21:12.979;CFR SI 20250919 PS AM C 130.00 0;SIMPLE_INSTRUMENT;BLOCK;CHF;41;11.70000000;600;EXCHANGE_LAST;;1;1;XEUR;11876508;313;
31.10.2024;12:39:44.660;CGM SI 20271217 PS AM P 140.00 0;SIMPLE_INSTRUMENT;BLOCK;EUR;12;19.00000000;400;EXCHANGE_LAST;;2;1;XEUR;8777925;317;
31.10.2024;11:08:19.667;CRTG SI 20241220 CS;SIMPLE_INSTRUMENT;BLOCK;EUR;17;5.38990000;100000;EXCHANGE_LAST;;1;1;XEUR;7033481;335;
31.10.2024;11:09:00.224;CRTG SI 20241220 CS;SIMPLE_INSTRUMENT;BLOCK;EUR;18;5.39190000;100000;EXCHANGE_LAST;;1;1;XEUR;7033481;335;
31.10.2024;11:13:14.150;CRTG SI 20241220 CS;SIMPLE_INSTRUMENT;BLOCK;EUR;22;5.40350000;200000;EXCHANGE_LAST;;1;1;XEUR;7033481;335;
31.10.2024;11:13:35.587;CRTG SI 20241220 CS;SIMPLE_INSTRUMENT;BLOCK;EUR;25;5.40220000;200000;EXCHANGE_LAST;;1;1;XEUR;7033481;335;
31.10.2024;13:35:45.025;CRTG SI 20241220 CS;SIMPLE_INSTRUMENT;BLOCK;EUR;46;5.46830000;70000;EXCHANGE_LAST;;1;1;XEUR;7033481;335;
31.10.2024;13:37:01.053;DB1H SI 20241115 CS;SIMPLE_INSTRUMENT;BLOCK;EUR;49;213.29870000;23485;EXCHANGE_LAST;;1;1;XEUR;10113958;363;
31.10.2024;13:36:27.387;DB1P SI 20241115 PS;SIMPLE_INSTRUMENT;BLOCK;EUR;47;213.28980000;23485;EXCHANGE_LAST;;1;1;XEUR;10153591;567612;
31.10.2024;09:52:51.953;DBK.O.241031.PDIA.000004;STANDARD_OPTION_STRATEGY;BLOCK;EUR;6;0.46000000;3000;EXCHANGE_LAST;;1;1;XEUR;72059148816157536;362;
31.10.2024;09:52:51.953;DBK SI 20250321 PS AM P 14.00 0;SIMPLE_INSTRUMENT;BLOCK;EUR;6;0.52000000;3000;PRC_DECOMP_EXCHANGE;;;;XEUR;10835708;362;EXCHANGE
31.10.2024;09:52:51.953;DBK SI 20241220 PS AM P 12.00 0;SIMPLE_INSTRUMENT;BLOCK;EUR;6;0.06000000;3000;PRC_DECOMP_EXCHANGE;;;;XEUR;4642642;362;EXCHANGE
31.10.2024;14:37:51.478;DBK SI 20250117 PS AM P 15.00 0;SIMPLE_INSTRUMENT;BLOCK;EUR;13;0.47000000;2500;EXCHANGE_LAST;;1;1;XEUR;12072173;362;
31.10.2024;14:37:59.905;DBK SI 20250117 PS AM P 15.00 0;SIMPLE_INSTRUMENT;BLOCK;EUR;14;0.48000000;2500;EXCHANGE_LAST;;1;1;XEUR;12072173;362;
31.10.2024;11:35:42.532;DPW.O.241031.IRTRY.000010;STANDARD_OPTION_STRATEGY;BLOCK;EUR;6;-0.69000000;2500;EXCHANGE_LAST;;1;1;XEUR;72059505298412724;445;
31.10.2024;11:35:42.532;DPW SI 20241220 PS AM C 38.00 0;SIMPLE_INSTRUMENT;BLOCK;EUR;6;0.99000000;2500;PRC_DECOMP_MEMBER;;;;XEUR;10311167;445;MEMBER
31.10.2024;11:35:42.532;DPW SI 20241220 PS AM P 36.00 0;SIMPLE_INSTRUMENT;BLOCK;EUR;6;0.84000000;5000;PRC_DECOMP_MEMBER;;;;XEUR;4643148;445;MEMBER
31.10.2024;11:56:40.632;DPW SI 20241115 PS AM P 38.00 0;SIMPLE_INSTRUMENT;BLOCK;EUR;12;1.29000000;1250;EXCHANGE_LAST;;1;1;XEUR;11704033;445;
31.10.2024;12:03:01.412;DPW.O.241031.STG.000011;STANDARD_OPTION_STRATEGY;BLOCK;EUR;13;0.85000000;750;EXCHANGE_LAST;;1;1;XEUR;72059505298412725;445;
31.10.2024;12:03:01.412;DPW SI 20241115 PS AM P 37.00 0;SIMPLE_INSTRUMENT;BLOCK;EUR;13;0.74000000;750;PRC_DECOMP_EXCHANGE;;;;XEUR;11704017;445;EXCHANGE
31.10.2024;12:03:01.412;DPW SI 20241115 PS AM C 40.00 0;SIMPLE_INSTRUMENT;BLOCK;EUR;13;0.11000000;750;PRC_DECOMP_EXCHANGE;;;;XEUR;11704066;445;EXCHANGE
31.10.2024;14:20:08.394;DSM SI 20250117 PS AM P 100.00 0;SIMPLE_INSTRUMENT;BLOCK;EUR;11;1.26000000;647;EXCHANGE_LAST;;1;1;XEUR;12072829;436;
31.10.2024;14:20:08.414;DSM SI 20250117 PS AM P 100.00 0;SIMPLE_INSTRUMENT;BLOCK;EUR;12;1.24000000;715;EXCHANGE_LAST;;1;1;XEUR;12072829;436;
31.10.2024;09:24:44.704;DVC SI 20251218 PS AM P 6.40 0;SIMPLE_INSTRUMENT;BLOCK;EUR;3;0.77000000;3000;EXCHANGE_LAST;;3;1;XEUR;10380889;420;
31.10.2024;15:12:10.130;E2NT SI 20271217 CS;SIMPLE_INSTRUMENT;BLOCK;EUR;65;0.91000000;500;EXCHANGE_LAST;;1;1;XEUR;5914575;470;
31.10.2024;12:17:36.810;E3AS SI 20261218 CS;SIMPLE_INSTRUMENT;BLOCK;EUR;34;2.45000000;80;EXCHANGE_LAST;;1;1;XEUR;11420319;840007;
31.10.2024;10:39:51.871;EAD SI 20250919 PS AM P 110.00 0;SIMPLE_INSTRUMENT;BLOCK;EUR;6;2.80000000;350;EXCHANGE_LAST;;1;1;XEUR;11879573;465;
31.10.2024;13:42:37.091;EAD SI 20250117 PS AM C 150.00 0;SIMPLE_INSTRUMENT;BLOCK;EUR;16;4.24000000;400;EXCHANGE_LAST;;1;1;XEUR;12074178;465;
31.10.2024;11:45:36.274;ENR SI 20241115 PS AM P 36.50 0;SIMPLE_INSTRUMENT;BLOCK;EUR;8;2.00000000;2000;EXCHANGE_LAST;;1;2;XEUR;12103112;298530;
31.10.2024;11:26:08.229;F2OT SI 20241220 CS;SIMPLE_INSTRUMENT;BLOCK;EUR;29;1.15000000;534;EXCHANGE_LAST;;1;1;XEUR;4632397;57104;
31.10.2024;13:14:30.816;F3IA SI 20251219 CS;SIMPLE_INSTRUMENT;BLOCK;EUR;39;0.43000000;100;EXCHANGE_LAST;;1;1;XEUR;6633988;390387;
31.10.2024;13:14:04.484;F3IA SI 20261218 CS;SIMPLE_INSTRUMENT;BLOCK;EUR;40;0.52000000;200;EXCHANGE_LAST;;1;1;XEUR;6830373;390387;
31.10.2024;13:44:14.813;F3IA SI 20251219 CS;SIMPLE_INSTRUMENT;BLOCK;EUR;44;0.46000000;100;EXCHANGE_LAST;;1;1;XEUR;6633988;390387;
31.10.2024;13:44:31.412;F3IA SI 20261218 CS;SIMPLE_INSTRUMENT;BLOCK;EUR;45;0.55000000;200;EXCHANGE_LAST;;2;1;XEUR;6830373;390387;
31.10.2024;14:59:04.730;F3IA SI 20261218 CS;SIMPLE_INSTRUMENT;BLOCK;EUR;63;0.56000000;100;EXCHANGE_LAST;;1;1;XEUR;6830373;390387;
31.10.2024;14:59:24.246;F3IA SI 20251219 CS;SIMPLE_INSTRUMENT;BLOCK;EUR;64;0.45100000;2000;EXCHANGE_LAST;;1;1;XEUR;6633988;390387;
31.10.2024;16:38:02.242;F3IA SI 20251219 CS;SIMPLE_INSTRUMENT;BLOCK;EUR;77;0.44500000;1000;EXCHANGE_LAST;;1;1;XEUR;6633988;390387;
31.10.2024;15:45:48.215;F3TE SI 20261218 CS;SIMPLE_INSTRUMENT;BLOCK;EUR;69;0.68500000;700;EXCHANGE_LAST;;1;1;XEUR;6633899;390379;
31.10.2024;08:38:37.574;FBTP SI 20241206 PS;SIMPLE_INSTRUMENT;EFP_FIN;EUR;1;119.39000000;284;EXCHANGE_LAST;;1;1;XEUR;10804520;636;
31.10.2024;08:51:45.195;FBTP SI 20241206 PS;SIMPLE_INSTRUMENT;EFP_FIN;EUR;2;119.49000000;68;EXCHANGE_LAST;;1;1;XEUR;10804520;636;
31.10.2024;08:56:28.975;FBTP SI 20241206 PS;SIMPLE_INSTRUMENT;EFP_FIN;EUR;3;119.44000000;398;EXCHANGE_LAST;;1;1;XEUR;10804520;636;
31.10.2024;10:05:59.271;FBTP SI 20241206 PS;SIMPLE_INSTRUMENT;EFP_FIN;EUR;4;119.42000000;456;EXCHANGE_LAST;;1;1;XEUR;10804520;636;
31.10.2024;10:18:06.676;FBTP SI 20241206 PS;SIMPLE_INSTRUMENT;EFP_FIN;EUR;5;119.48000000;76;EXCHANGE_LAST;;1;1;XEUR;10804520;636;
31.10.2024;10:32:30.532;FBTP SI 20241206 PS;SIMPLE_INSTRUMENT;EFP_FIN;EUR;6;119.52000000;170;EXCHANGE_LAST;;1;1;XEUR;10804520;636;
31.10.2024;10:41:14.375;FBTP SI 20241206 PS;SIMPLE_INSTRUMENT;EFP_FIN;EUR;7;119.46000000;208;EXCHANGE_LAST;;1;1;XEUR;10804520;636;
31.10.2024;10:47:45.662;FBTP SI 20241206 PS;SIMPLE_INSTRUMENT;EFP_FIN;EUR;8;119.48000000;577;EXCHANGE_LAST;;1;1;XEUR;10804520;636;
31.10.2024;10:51:55.171;FBTP SI 20241206 PS;SIMPLE_INSTRUMENT;EFP_FIN;EUR;9;119.47000000;192;EXCHANGE_LAST;;1;1;XEUR;10804520;636;
31.10.2024;10:55:14.132;FBTP SI 20241206 PS;SIMPLE_INSTRUMENT;EFP_FIN;EUR;10;119.59000000;218;EXCHANGE_LAST;;1;1;XEUR;10804520;636;
31.10.2024;11:41:47.505;FBTP SI 20241206 PS;SIMPLE_INSTRUMENT;EFP_FIN;EUR;11;119.67000000;460;EXCHANGE_LAST;;1;1;XEUR;10804520;636;
31.10.2024;12:11:25.943;FBTP SI 20241206 PS;SIMPLE_INSTRUMENT;EFP_FIN;EUR;12;119.57000000;454;EXCHANGE_LAST;;1;1;XEUR;10804520;636;
31.10.2024;12:24:14.441;FBTP SI 20241206 PS;SIMPLE_INSTRUMENT;EFP_FIN;EUR;13;119.57000000;3988;EXCHANGE_LAST;;1;1;XEUR;10804520;636;
31.10.2024;13:22:01.157;FBTP SI 20241206 PS;SIMPLE_INSTRUMENT;EFP_FIN;EUR;14;119.53000000;140;EXCHANGE_LAST;;1;1;XEUR;10804520;636;
31.10.2024;13:26:15.940;FBTP SI 20241206 PS;SIMPLE_INSTRUMENT;EFP_FIN;EUR;15;119.60000000;90;EXCHANGE_LAST;;1;1;XEUR;10804520;636;
31.10.2024;13:58:46.717;FBTP SI 20241206 PS;SIMPLE_INSTRUMENT;EFP_FIN;EUR;16;119.22000000;854;EXCHANGE_LAST;;1;1;XEUR;10804520;636;
31.10.2024;14:17:21.273;FBTP SI 20241206 PS;SIMPLE_INSTRUMENT;EFP_FIN;EUR;17;119.15000000;666;EXCHANGE_LAST;;1;1;XEUR;10804520;636;
31.10.2024;14:34:58.864;FBTP SI 20241206 PS;SIMPLE_INSTRUMENT;BLOCK;EUR;18;119.30000000;789;EXCHANGE_LAST;;1;1;XEUR;10804520;636;
31.10.2024;14:37:03.871;FBTP SI 20241206 PS;SIMPLE_INSTRUMENT;EFP_FIN;EUR;19;119.33000000;235;EXCHANGE_LAST;;1;1;XEUR;10804520;636;
31.10.2024;15:25:18.513;FBTP SI 20241206 PS;SIMPLE_INSTRUMENT;EFP_FIN;EUR;20;119.14000000;268;EXCHANGE_LAST;;1;1;XEUR;10804520;636;
31.10.2024;15:28:52.850;FBTP SI 20241206 PS;SIMPLE_INSTRUMENT;EFP_FIN;EUR;21;119.15000000;102;EXCHANGE_LAST;;1;1;XEUR;10804520;636;
31.10.2024;16:08:41.990;FBTP SI 20241206 PS;SIMPLE_INSTRUMENT;BLOCK;EUR;22;119.34000000;570;EXCHANGE_LAST;;1;1;XEUR;10804520;636;
31.10.2024;16:25:03.540;FBTP SI 20241206 PS;SIMPLE_INSTRUMENT;EFP_FIN;EUR;23;119.28000000;446;EXCHANGE_LAST;;1;1;XEUR;10804520;636;
31.10.2024;16:30:02.224;FBTP SI 20241206 PS;SIMPLE_INSTRUMENT;EFP_FIN;EUR;24;119.56000000;912;EXCHANGE_LAST;;1;1;XEUR;10804520;636;
31.10.2024;16:38:55.912;FBTP SI 20241206 PS;SIMPLE_INSTRUMENT;EFP_FIN;EUR;25;119.28000000;268;EXCHANGE_LAST;;1;1;XEUR;10804520;636;
31.10.2024;09:19:01.042;FBTS SI 20241206 PS;SIMPLE_INSTRUMENT;BLOCK;EUR;2;106.94000000;3197;EXCHANGE_LAST;;1;1;XEUR;10804522;639;
31.10.2024;09:43:51.184;FBTS SI 20241206 PS;SIMPLE_INSTRUMENT;EFS;EUR;5;106.88000000;4512;EXCHANGE_LAST;;1;1;XEUR;10804522;639;
31.10.2024;09:44:26.330;FBTS SI 20241206 PS;SIMPLE_INSTRUMENT;EFP_FIN;EUR;6;106.85000000;390;EXCHANGE_LAST;;1;1;XEUR;10804522;639;
31.10.2024;09:55:24.350;FBTS SI 20241206 PS;SIMPLE_INSTRUMENT;EFP_FIN;EUR;7;106.85000000;944;EXCHANGE_LAST;;1;1;XEUR;10804522;639;
31.10.2024;10:43:10.370;FBTS SI 20241206 PS;SIMPLE_INSTRUMENT;EFP_FIN;EUR;9;106.94000000;676;EXCHANGE_LAST;;1;1;XEUR;10804522;639;
31.10.2024;10:49:10.318;FBTS SI 20241206 PS;SIMPLE_INSTRUMENT;EFP_FIN;EUR;10;106.95000000;88;EXCHANGE_LAST;;1;1;XEUR;10804522;639;
31.10.2024;10:53:44.766;FBTS SI 20241206 PS;SIMPLE_INSTRUMENT;EFP_FIN;EUR;11;106.85000000;97;EXCHANGE_LAST;;1;1;XEUR;10804522;639;
31.10.2024;11:10:53.946;FBTS SI 20241206 PS;SIMPLE_INSTRUMENT;BLOCK;EUR;12;106.91000000;1113;EXCHANGE_LAST;;1;1;XEUR;10804522;639;
31.10.2024;11:57:55.872;FBTS SI 20241206 PS;SIMPLE_INSTRUMENT;EFP_FIN;EUR;16;106.88000000;997;EXCHANGE_LAST;;1;1;XEUR;10804522;639;
31.10.2024;12:33:55.437;FBTS SI 20241206 PS;SIMPLE_INSTRUMENT;EFP_FIN;EUR;19;106.88000000;1185;EXCHANGE_LAST;;1;1;XEUR;10804522;639;
31.10.2024;12:59:34.557;FBTS SI 20241206 PS;SIMPLE_INSTRUMENT;EFP_FIN;EUR;24;106.88000000;543;EXCHANGE_LAST;;1;1;XEUR;10804522;639;
31.10.2024;13:25:21.397;FBTS SI 20241206 PS;SIMPLE_INSTRUMENT;EFP_FIN;EUR;28;106.87000000;167;EXCHANGE_LAST;;1;1;XEUR;10804522;639;
31.10.2024;13:22:15.796;FBTS SI 20241206 PS;SIMPLE_INSTRUMENT;EFP_FIN;EUR;29;106.87000000;167;EXCHANGE_LAST;;1;1;XEUR;10804522;639;
31.10.2024;14:41:56.886;FBTS SI 20241206 PS;SIMPLE_INSTRUMENT;EFS;EUR;43;106.73000000;4520;EXCHANGE_LAST;;1;1;XEUR;10804522;639;
31.10.2024;14:47:15.921;FBTS SI 20241206 PS;SIMPLE_INSTRUMENT;EFP_FIN;EUR;45;106.77000000;2226;EXCHANGE_LAST;;1;1;XEUR;10804522;639;
31.10.2024;14:57:13.181;FBTS SI 20241206 PS;SIMPLE_INSTRUMENT;EFP_FIN;EUR;46;106.66000000;673;EXCHANGE_LAST;;1;1;XEUR;10804522;639;
31.10.2024;15:02:09.610;FBTS SI 20241206 PS;SIMPLE_INSTRUMENT;EFP_FIN;EUR;48;106.70000000;207;EXCHANGE_LAST;;1;1;XEUR;10804522;639;
31.10.2024;15:17:38.966;FBTS SI 20241206 PS;SIMPLE_INSTRUMENT;EFP_FIN;EUR;54;106.70000000;676;EXCHANGE_LAST;;1;1;XEUR;10804522;639;
31.10.2024;15:12:09.017;FCBU SI 20241203 CS;SIMPLE_INSTRUMENT;BLOCK;USD;1;0.17260000;300;EXCHANGE_LAST;;1;1;XEUR;10350809;570870;
31.10.2024;16:24:41.775;FCNS SI 20241216 PS;SIMPLE_INSTRUMENT;EFP_IDX;SEK;2;0.96792000;8;EXCHANGE_LAST;;1;1;XEUR;7140409;402911;
31.10.2024;16:24:42.206;FCNS SI 20241216 PS;SIMPLE_INSTRUMENT;EFP_IDX;SEK;3;0.96793000;61;EXCHANGE_LAST;;1;1;XEUR;7140409;402911;
31.10.2024;16:22:03.425;FDAX SI 20241220 CS;SIMPLE_INSTRUMENT;EFP_IDX;EUR;1;19150.00000000;200;EXCHANGE_LAST;;1;1;XEUR;7296065;589;
31.10.2024;16:58:06.867;FDAX SI 20241220 CS;SIMPLE_INSTRUMENT;EFP_IDX;EUR;2;19168.00000000;29;EXCHANGE_LAST;;1;1;XEUR;7296065;589;
31.10.2024;16:58:12.792;FDAX SI 20241220 CS;SIMPLE_INSTRUMENT;EFP_IDX;EUR;3;19169.00000000;1;EXCHANGE_LAST;;1;1;XEUR;7296065;589;
31.10.2024;10:31:23.944;FDAX SI 20241220 CS;SIMPLE_INSTRUMENT;VOLA;EUR;671088645;19500.00000000;35;EXCHANGE_LAST;;1;1;XEUR;7296065;589;
31.10.2024;10:31:52.229;FDAX SI 20241220 CS;SIMPLE_INSTRUMENT;VOLA;EUR;671088646;19500.00000000;35;EXCHANGE_LAST;;1;1;XEUR;7296065;589;
31.10.2024;15:43:48.241;FDAX SI 20241220 CS;SIMPLE_INSTRUMENT;VOLA;EUR;671088664;19124.00000000;30;EXCHANGE_LAST;;1;1;XEUR;7296065;589;
31.10.2024;15:46:31.212;FDAX SI 20241220 CS;SIMPLE_INSTRUMENT;VOLA;EUR;671088665;19124.00000000;25;EXCHANGE_LAST;;1;1;XEUR;7296065;589;
31.10.2024;15:48:36.909;FDAX SI 20241220 CS;SIMPLE_INSTRUMENT;VOLA;EUR;671088666;19124.00000000;30;EXCHANGE_LAST;;1;1;XEUR;7296065;589;
31.10.2024;15:49:58.316;FDAX SI 20241220 CS;SIMPLE_INSTRUMENT;VOLA;EUR;671088667;19124.00000000;14;EXCHANGE_LAST;;1;1;XEUR;7296065;589;
31.10.2024;08:40:06.830;FEBD SI 20251219 CS;SIMPLE_INSTRUMENT;BLOCK;EUR;1;10.08000000;1000;EXCHANGE_LAST;;1;1;XEUR;5914075;597;
31.10.2024;09:55:39.999;FEBD SI 20261218 CS;SIMPLE_INSTRUMENT;BLOCK;EUR;6;9.40000000;750;EXCHANGE_LAST;;1;1;XEUR;7158212;597;
31.10.2024;14:50:46.110;FEBD SI 20261218 CS;SIMPLE_INSTRUMENT;BLOCK;EUR;18;9.37000000;2000;EXCHANGE_LAST;;1;1;XEUR;7158212;597;
31.10.2024;16:49:20.213;FEBD.S.DEC26.DEC27.SPD;FUTURES_SPREAD;BLOCK;EUR;32;0.86000000;1500;EXCHANGE_LAST;;2;2;XEUR;72060158133406978;597;
31.10.2024;16:49:20.213;FEBD SI 20261218 CS;SIMPLE_INSTRUMENT;BLOCK;EUR;32;9.38000000;1500;PRC_DECOMP_EXCHANGE;;;;XEUR;7158212;597;EXCHANGE
31.10.2024;16:49:20.213;FEBD SI 20271217 CS;SIMPLE_INSTRUMENT;BLOCK;EUR;32;8.52000000;1500;PRC_DECOMP_EXCHANGE;;;;XEUR;7776307;597;EXCHANGE
31.10.2024;15:00:13.683;FECX SI 20241220 CS;SIMPLE_INSTRUMENT;BLOCK;EUR;19;163.45000000;80;EXCHANGE_LAST;;1;1;XEUR;10920731;410158;
31.10.2024;16:03:07.742;FES1 SI 20241220 PS;SIMPLE_INSTRUMENT;BLOCK;EUR;29;14.30000000;800;EXCHANGE_LAST;;1;1;XEUR;10869579;58959;
31.10.2024;16:22:42.656;FES1 SI 20241220 PS;SIMPLE_INSTRUMENT;BLOCK;EUR;30;14.30000000;350;EXCHANGE_LAST;;1;1;XEUR;10869579;58959;
31.10.2024;09:33:26.651;FESB SI 20241220 CS;SIMPLE_INSTRUMENT;BLOCK;EUR;11;143.75000000;3000;EXCHANGE_LAST;;1;1;XEUR;10838895;605;
31.10.2024;15:28:19.279;FESB SI 20241220 CS;SIMPLE_INSTRUMENT;BLOCK;EUR;23;143.75000000;15000;EXCHANGE_LAST;;1;1;XEUR;10838895;605;
31.10.2024;13:58:35.159;FESB SI 20241220 CS;SIMPLE_INSTRUMENT;VOLA;EUR;603979815;144.30000000;300;EXCHANGE_LAST;;1;1;XEUR;10838895;605;
31.10.2024;14:09:03.328;FESB SI 20241220 CS;SIMPLE_INSTRUMENT;VOLA;EUR;603979818;145.25000000;600;EXCHANGE_LAST;;1;1;XEUR;10838895;605;
31.10.2024;09:42:30.018;FESX SI 20241220 CS;SIMPLE_INSTRUMENT;EFP_IDX;EUR;1;4865.00000000;1000;EXCHANGE_LAST;;1;1;XEUR;7793479;675;
31.10.2024;10:18:09.202;FESX SI 20241220 CS;SIMPLE_INSTRUMENT;BLOCK;EUR;2;4865.00000000;2000;EXCHANGE_LAST;;1;1;XEUR;7793479;675;
31.10.2024;11:31:08.858;FESX SI 20241220 CS;SIMPLE_INSTRUMENT;BLOCK;EUR;3;4860.00000000;5000;EXCHANGE_LAST;;1;1;XEUR;7793479;675;
31.10.2024;11:33:26.454;FESX SI 20241220 CS;SIMPLE_INSTRUMENT;BLOCK;EUR;4;4860.00000000;2000;EXCHANGE_LAST;;1;1;XEUR;7793479;675;
31.10.2024;16:45:30.105;FESX SI 20241220 CS;SIMPLE_INSTRUMENT;EFP_IDX;EUR;5;4842.00000000;435;EXCHANGE_LAST;;1;1;XEUR;7793479;675;
31.10.2024;16:45:01.645;FESX SI 20241220 CS;SIMPLE_INSTRUMENT;EFP_IDX;EUR;6;4843.00000000;65;EXCHANGE_LAST;;1;1;XEUR;7793479;675;
31.10.2024;16:44:50.115;FESX SI 20241220 CS;SIMPLE_INSTRUMENT;EFP_IDX;EUR;7;4842.00000000;1759;EXCHANGE_LAST;;1;1;XEUR;7793479;675;
31.10.2024;16:45:08.309;FESX SI 20241220 CS;SIMPLE_INSTRUMENT;EFP_IDX;EUR;8;4843.00000000;526;EXCHANGE_LAST;;1;1;XEUR;7793479;675;
31.10.2024;16:45:12.261;FESX SI 20241220 CS;SIMPLE_INSTRUMENT;BLOCK;EUR;9;4843.00000000;7487;EXCHANGE_LAST;;1;1;XEUR;7793479;675;
31.10.2024;16:45:17.082;FESX SI 20241220 CS;SIMPLE_INSTRUMENT;BLOCK;EUR;10;4841.00000000;2984;EXCHANGE_LAST;;1;1;XEUR;7793479;675;
31.10.2024;16:46:45.837;FESX SI 20241220 CS;SIMPLE_INSTRUMENT;EFP_IDX;EUR;11;4842.00000000;161;EXCHANGE_LAST;;1;1;XEUR;7793479;675;
31.10.2024;16:46:59.825;FESX SI 20241220 CS;SIMPLE_INSTRUMENT;EFP_IDX;EUR;12;4843.00000000;24;EXCHANGE_LAST;;1;1;XEUR;7793479;675;
31.10.2024;16:51:16.745;FESX SI 20241220 CS;SIMPLE_INSTRUMENT;EFP_IDX;EUR;13;4843.00000000;59;EXCHANGE_LAST;;1;1;XEUR;7793479;675;
31.10.2024;16:50:15.910;FESX SI 20241220 CS;SIMPLE_INSTRUMENT;EFP_IDX;EUR;14;4843.00000000;137;EXCHANGE_LAST;;1;1;XEUR;7793479;675;
31.10.2024;16:57:28.814;FESX SI 20241220 CS;SIMPLE_INSTRUMENT;EFP_IDX;EUR;15;4843.00000000;260;EXCHANGE_LAST;;1;1;XEUR;7793479;675;
31.10.2024;16:50:21.193;FESX SI 20241220 CS;SIMPLE_INSTRUMENT;EFP_IDX;EUR;16;4842.00000000;401;EXCHANGE_LAST;;1;1;XEUR;7793479;675;
31.10.2024;16:57:16.866;FESX SI 20241220 CS;SIMPLE_INSTRUMENT;EFP_IDX;EUR;17;4842.00000000;1740;EXCHANGE_LAST;;1;1;XEUR;7793479;675;
31.10.2024;16:51:57.980;FESX SI 20241220 CS;SIMPLE_INSTRUMENT;EFP_IDX;EUR;18;4842.00000000;391;EXCHANGE_LAST;;1;1;XEUR;7793479;675;
31.10.2024;16:54:59.740;FESX SI 20241220 CS;SIMPLE_INSTRUMENT;EFP_IDX;EUR;19;4842.00000000;820;EXCHANGE_LAST;;1;1;XEUR;7793479;675;
31.10.2024;16:55:05.865;FESX SI 20241220 CS;SIMPLE_INSTRUMENT;EFP_IDX;EUR;20;4843.00000000;180;EXCHANGE_LAST;;1;1;XEUR;7793479;675;
31.10.2024;16:53:16.831;FESX SI 20241220 CS;SIMPLE_INSTRUMENT;EFP_IDX;EUR;21;4842.00000000;1044;EXCHANGE_LAST;;1;1;XEUR;7793479;675;
31.10.2024;16:53:22.973;FESX SI 20241220 CS;SIMPLE_INSTRUMENT;EFP_IDX;EUR;22;4843.00000000;156;EXCHANGE_LAST;;1;1;XEUR;7793479;675;
31.10.2024;16:53:35.703;FESX SI 20241220 CS;SIMPLE_INSTRUMENT;EFP_IDX;EUR;23;4842.00000000;87;EXCHANGE_LAST;;1;1;XEUR;7793479;675;
31.10.2024;16:54:54.788;FESX SI 20241220 CS;SIMPLE_INSTRUMENT;EFP_IDX;EUR;24;4843.00000000;13;EXCHANGE_LAST;;1;1;XEUR;7793479;675;
31.10.2024;16:54:41.553;FESX SI 20241220 CS;SIMPLE_INSTRUMENT;EFP_IDX;EUR;25;4842.00000000;435;EXCHANGE_LAST;;1;1;XEUR;7793479;675;
31.10.2024;16:54:56.918;FESX SI 20241220 CS;SIMPLE_INSTRUMENT;EFP_IDX;EUR;26;4843.00000000;65;EXCHANGE_LAST;;1;1;XEUR;7793479;675;
31.10.2024;16:55:01.313;FESX SI 20241220 CS;SIMPLE_INSTRUMENT;EFP_IDX;EUR;27;4842.00000000;435;EXCHANGE_LAST;;1;1;XEUR;7793479;675;
31.10.2024;16:55:15.644;FESX SI 20241220 CS;SIMPLE_INSTRUMENT;EFP_IDX;EUR;28;4843.00000000;65;EXCHANGE_LAST;;1;1;XEUR;7793479;675;
31.10.2024;16:55:43.594;FESX SI 20241220 CS;SIMPLE_INSTRUMENT;EFP_IDX;EUR;29;4842.00000000;435;EXCHANGE_LAST;;1;1;XEUR;7793479;675;
31.10.2024;16:56:05.424;FESX SI 20241220 CS;SIMPLE_INSTRUMENT;EFP_IDX;EUR;30;4842.00000000;305;EXCHANGE_LAST;;1;1;XEUR;7793479;675;
31.10.2024;16:56:12.776;FESX SI 20241220 CS;SIMPLE_INSTRUMENT;EFP_IDX;EUR;31;4843.00000000;45;EXCHANGE_LAST;;1;1;XEUR;7793479;675;
31.10.2024;16:56:21.855;FESX SI 20241220 CS;SIMPLE_INSTRUMENT;EFP_IDX;EUR;32;4843.00000000;65;EXCHANGE_LAST;;1;1;XEUR;7793479;675;
31.10.2024;17:08:55.796;FESX SI 20241220 CS;SIMPLE_INSTRUMENT;EFP_IDX;EUR;33;4841.00000000;60;EXCHANGE_LAST;;1;1;XEUR;7793479;675;
31.10.2024;16:57:38.281;FESX SI 20241220 CS;SIMPLE_INSTRUMENT;EFP_IDX;EUR;34;4842.00000000;435;EXCHANGE_LAST;;1;1;XEUR;7793479;675;
31.10.2024;17:09:07.190;FESX SI 20241220 CS;SIMPLE_INSTRUMENT;EFP_IDX;EUR;35;4842.00000000;440;EXCHANGE_LAST;;1;1;XEUR;7793479;675;
31.10.2024;16:57:44.539;FESX SI 20241220 CS;SIMPLE_INSTRUMENT;EFP_IDX;EUR;36;4843.00000000;65;EXCHANGE_LAST;;1;1;XEUR;7793479;675;
31.10.2024;16:57:13.115;FESX SI 20241220 CS;SIMPLE_INSTRUMENT;EFP_IDX;EUR;37;4842.00000000;529;EXCHANGE_LAST;;1;1;XEUR;7793479;675;
31.10.2024;16:57:19.973;FESX SI 20241220 CS;SIMPLE_INSTRUMENT;EFP_IDX;EUR;38;4843.00000000;79;EXCHANGE_LAST;;1;1;XEUR;7793479;675;
31.10.2024;16:57:29.359;FESX SI 20241220 CS;SIMPLE_INSTRUMENT;EFP_IDX;EUR;39;4842.00000000;870;EXCHANGE_LAST;;1;1;XEUR;7793479;675;
31.10.2024;16:57:36.852;FESX SI 20241220 CS;SIMPLE_INSTRUMENT;EFP_IDX;EUR;40;4843.00000000;130;EXCHANGE_LAST;;1;1;XEUR;7793479;675;
31.10.2024;16:57:46.533;FESX SI 20241220 CS;SIMPLE_INSTRUMENT;EFP_IDX;EUR;41;4842.00000000;782;EXCHANGE_LAST;;1;1;XEUR;7793479;675;
31.10.2024;16:57:52.352;FESX SI 20241220 CS;SIMPLE_INSTRUMENT;EFP_IDX;EUR;42;4843.00000000;118;EXCHANGE_LAST;;1;1;XEUR;7793479;675;
31.10.2024;16:58:03.382;FESX SI 20241220 CS;SIMPLE_INSTRUMENT;EFP_IDX;EUR;43;4842.00000000;653;EXCHANGE_LAST;;1;1;XEUR;7793479;675;
31.10.2024;16:58:09.127;FESX SI 20241220 CS;SIMPLE_INSTRUMENT;EFP_IDX;EUR;44;4843.00000000;97;EXCHANGE_LAST;;1;1;XEUR;7793479;675;
31.10.2024;17:03:03.596;FESX SI 20241220 CS;SIMPLE_INSTRUMENT;EFP_IDX;EUR;45;4841.00000000;240;EXCHANGE_LAST;;1;1;XEUR;7793479;675;
31.10.2024;17:03:10.793;FESX SI 20241220 CS;SIMPLE_INSTRUMENT;EFP_IDX;EUR;46;4842.00000000;1760;EXCHANGE_LAST;;1;1;XEUR;7793479;675;
31.10.2024;17:08:39.040;FESX SI 20241220 CS;SIMPLE_INSTRUMENT;BLOCK;EUR;47;4842.00000000;2000;EXCHANGE_LAST;;1;1;XEUR;7793479;675;
31.10.2024;17:09:08.794;FESX SI 20241220 CS;SIMPLE_INSTRUMENT;BLOCK;EUR;48;4834.00000000;13300;EXCHANGE_LAST;;1;1;XEUR;7793479;675;
31.10.2024;09:02:45.067;FESX SI 20241220 CS;SIMPLE_INSTRUMENT;VOLA;EUR;637534220;4855.00000000;10;EXCHANGE_LAST;;1;1;XEUR;7793479;675;
31.10.2024;09:31:35.631;FESX SI 20241220 CS;SIMPLE_INSTRUMENT;VOLA;EUR;637534233;4865.00000000;240;EXCHANGE_LAST;;1;1;XEUR;7793479;675;
31.10.2024;09:33:30.829;FESX SI 20241220 CS;SIMPLE_INSTRUMENT;VOLA;EUR;637534235;4865.00000000;240;EXCHANGE_LAST;;1;1;XEUR;7793479;675;
31.10.2024;09:45:10.099;FESX SI 20241220 CS;SIMPLE_INSTRUMENT;VOLA;EUR;637534241;4865.00000000;449;EXCHANGE_LAST;;1;1;XEUR;7793479;675;
31.10.2024;09:47:32.005;FESX SI 20241220 CS;SIMPLE_INSTRUMENT;VOLA;EUR;637534242;4860.00000000;4;EXCHANGE_LAST;;1;1;XEUR;7793479;675;
31.10.2024;10:40:55.003;FESX SI 20241220 CS;SIMPLE_INSTRUMENT;VOLA;EUR;637534270;4860.00000000;150;EXCHANGE_LAST;;1;1;XEUR;7793479;675;
31.10.2024;11:10:50.040;FESX SI 20241220 CS;SIMPLE_INSTRUMENT;VOLA;EUR;637534284;4857.00000000;987;EXCHANGE_LAST;;1;1;XEUR;7793479;675;
31.10.2024;12:20:26.235;FESX SI 20241220 CS;SIMPLE_INSTRUMENT;VOLA;EUR;637534301;4859.00000000;556;EXCHANGE_LAST;;1;1;XEUR;7793479;675;
31.10.2024;12:20:36.236;FESX SI 20241220 CS;SIMPLE_INSTRUMENT;VOLA;EUR;637534303;4859.00000000;557;EXCHANGE_LAST;;1;1;XEUR;7793479;675;
31.10.2024;12:28:44.139;FESX SI 20241220 CS;SIMPLE_INSTRUMENT;VOLA;EUR;637534307;4860.00000000;188;EXCHANGE_LAST;;1;1;XEUR;7793479;675;
31.10.2024;12:30:04.425;FESX SI 20241220 CS;SIMPLE_INSTRUMENT;VOLA;EUR;637534308;4865.00000000;15;EXCHANGE_LAST;;1;1;XEUR;7793479;675;
31.10.2024;14:27:14.590;FESX SI 20241220 CS;SIMPLE_INSTRUMENT;VOLA;EUR;637534333;4850.00000000;460;EXCHANGE_LAST;;1;1;XEUR;7793479;675;
31.10.2024;14:31:32.557;FESX SI 20241220 CS;SIMPLE_INSTRUMENT;VOLA;EUR;637534339;4844.00000000;770;EXCHANGE_LAST;;1;1;XEUR;7793479;675;
31.10.2024;14:58:05.421;FESX SI 20241220 CS;SIMPLE_INSTRUMENT;VOLA;EUR;637534353;4842.00000000;190;EXCHANGE_LAST;;1;1;XEUR;7793479;675;
31.10.2024;15:10:31.376;FESX SI 20241220 CS;SIMPLE_INSTRUMENT;VOLA;EUR;637534363;4822.00000000;1000;EXCHANGE_LAST;;1;1;XEUR;7793479;675;
31.10.2024;15:28:57.496;FESX SI 20241220 CS;SIMPLE_INSTRUMENT;VOLA;EUR;637534379;4823.00000000;3780;EXCHANGE_LAST;;1;1;XEUR;7793479;675;
31.10.2024;15:32:13.936;FESX SI 20241220 CS;SIMPLE_INSTRUMENT;VOLA;EUR;637534381;4827.00000000;7029;EXCHANGE_LAST;;1;1;XEUR;7793479;675;
31.10.2024;16:18:56.620;FESX SI 20241220 CS;SIMPLE_INSTRUMENT;VOLA;EUR;637534404;4830.00000000;45;EXCHANGE_LAST;;1;1;XEUR;7793479;675;
31.10.2024;11:49:47.340;FEU3 SI 20260615 CS;SIMPLE_INSTRUMENT;BLOCK;EUR;46;97.84500000;100;EXCHANGE_LAST;;1;1;XEUR;5330262;702;
31.10.2024;11:54:24.018;FEU3 SI 20261214 CS;SIMPLE_INSTRUMENT;BLOCK;EUR;47;97.78500000;100;EXCHANGE_LAST;;1;1;XEUR;5904411;702;
31.10.2024;11:58:17.284;FEU3 SI 20260914 CS;SIMPLE_INSTRUMENT;BLOCK;EUR;48;97.81500000;200;EXCHANGE_LAST;;1;1;XEUR;5587984;702;
31.10.2024;09:26:09.208;FEXD SI 20261218 CS;SIMPLE_INSTRUMENT;BLOCK;EUR;2;153.30000000;200;EXCHANGE_LAST;;1;1;XEUR;2163053;693;
31.10.2024;09:39:09.601;FEXD.S.DEC25.DEC26.SPD;FUTURES_SPREAD;BLOCK;EUR;3;5.10000000;850;EXCHANGE_LAST;;2;1;XEUR;72060570450264144;693;
31.10.2024;09:39:09.601;FEXD SI 20251219 CS;SIMPLE_INSTRUMENT;BLOCK;EUR;3;158.30000000;850;PRC_DECOMP_EXCHANGE;;;;XEUR;1548120;693;EXCHANGE
31.10.2024;09:39:09.601;FEXD SI 20261218 CS;SIMPLE_INSTRUMENT;BLOCK;EUR;3;153.20000000;850;PRC_DECOMP_EXCHANGE;;;;XEUR;2163053;693;EXCHANGE
31.10.2024;09:52:07.324;FEXD SI 20261218 CS;SIMPLE_INSTRUMENT;BLOCK;EUR;4;153.40000000;100;EXCHANGE_LAST;;1;1;XEUR;2163053;693;
31.10.2024;09:52:07.659;FEXD SI 20261218 CS;SIMPLE_INSTRUMENT;BLOCK;EUR;5;153.30000000;100;EXCHANGE_LAST;;1;1;XEUR;2163053;693;
31.10.2024;10:45:40.622;FEXD.S.DEC25.DEC26.SPD;FUTURES_SPREAD;BLOCK;EUR;9;5.40000000;200;EXCHANGE_LAST;;1;1;XEUR;72060570450264144;693;
31.10.2024;10:45:40.622;FEXD SI 20251219 CS;SIMPLE_INSTRUMENT;BLOCK;EUR;9;158.60000000;200;PRC_DECOMP_EXCHANGE;;;;XEUR;1548120;693;EXCHANGE
31.10.2024;10:45:40.622;FEXD SI 20261218 CS;SIMPLE_INSTRUMENT;BLOCK;EUR;9;153.20000000;200;PRC_DECOMP_EXCHANGE;;;;XEUR;2163053;693;EXCHANGE
31.10.2024;12:25:01.508;FEXD SI 20251219 CS;SIMPLE_INSTRUMENT;BLOCK;EUR;10;158.80000000;128;EXCHANGE_LAST;;1;1;XEUR;1548120;693;
31.10.2024;12:42:37.357;FEXD SI 20261218 CS;SIMPLE_INSTRUMENT;BLOCK;EUR;11;153.60000000;118;EXCHANGE_LAST;;1;1;XEUR;2163053;693;
31.10.2024;12:42:28.357;FEXD SI 20261218 CS;SIMPLE_INSTRUMENT;BLOCK;EUR;12;153.70000000;117;EXCHANGE_LAST;;1;1;XEUR;2163053;693;
31.10.2024;12:48:38.221;FEXD SI 20251219 CS;SIMPLE_INSTRUMENT;BLOCK;EUR;13;158.60000000;1438;EXCHANGE_LAST;;1;1;XEUR;1548120;693;
31.10.2024;12:48:30.924;FEXD SI 20251219 CS;SIMPLE_INSTRUMENT;BLOCK;EUR;14;158.70000000;1438;EXCHANGE_LAST;;1;1;XEUR;1548120;693;
31.10.2024;13:34:49.474;FEXD SI 20251219 CS;SIMPLE_INSTRUMENT;BLOCK;EUR;15;159.00000000;600;EXCHANGE_LAST;;1;1;XEUR;1548120;693;
31.10.2024;14:01:17.382;FEXD.S.DEC25.DEC26.SPD;FUTURES_SPREAD;BLOCK;EUR;16;5.40000000;200;EXCHANGE_LAST;;1;1;XEUR;72060570450264144;693;
31.10.2024;14:01:17.382;FEXD SI 20261218 CS;SIMPLE_INSTRUMENT;BLOCK;EUR;16;153.20000000;200;PRC_DECOMP_MEMBER;;;;XEUR;2163053;693;MEMBER
31.10.2024;14:01:17.382;FEXD SI 20251219 CS;SIMPLE_INSTRUMENT;BLOCK;EUR;16;158.60000000;200;PRC_DECOMP_MEMBER;;;;XEUR;1548120;693;MEMBER
31.10.2024;15:16:36.085;FEXD.S.DEC26.DEC29.SPD;FUTURES_SPREAD;BLOCK;EUR;20;16.10000000;278;EXCHANGE_LAST;;1;1;XEUR;72060570450264169;693;
31.10.2024;15:16:36.085;FEXD SI 20291221 CS;SIMPLE_INSTRUMENT;BLOCK;EUR;20;136.70000000;278;PRC_DECOMP_MEMBER;;;;XEUR;4631968;693;MEMBER
31.10.2024;15:16:36.085;FEXD SI 20261218 CS;SIMPLE_INSTRUMENT;BLOCK;EUR;20;152.80000000;278;PRC_DECOMP_MEMBER;;;;XEUR;2163053;693;MEMBER
31.10.2024;15:14:29.131;FEXD SI 20261218 CS;SIMPLE_INSTRUMENT;BLOCK;EUR;21;152.10000000;250;EXCHANGE_LAST;;1;1;XEUR;2163053;693;
31.10.2024;15:22:25.814;FEXD SI 20261218 CS;SIMPLE_INSTRUMENT;BLOCK;EUR;22;152.80000000;171;EXCHANGE_LAST;;1;1;XEUR;2163053;693;
31.10.2024;15:28:38.121;FEXD SI 20291221 CS;SIMPLE_INSTRUMENT;BLOCK;EUR;23;136.70000000;250;EXCHANGE_LAST;;1;1;XEUR;4631968;693;
31.10.2024;15:54:48.921;FEXD SI 20271217 CS;SIMPLE_INSTRUMENT;BLOCK;EUR;24;146.20000000;125;EXCHANGE_LAST;;1;1;XEUR;2848338;693;
31.10.2024;15:54:59.174;FEXD SI 20271217 CS;SIMPLE_INSTRUMENT;BLOCK;EUR;25;146.30000000;125;EXCHANGE_LAST;;1;1;XEUR;2848338;693;
31.10.2024;15:51:16.307;FEXD SI 20251219 CS;SIMPLE_INSTRUMENT;BLOCK;EUR;26;158.30000000;315;EXCHANGE_LAST;;1;1;XEUR;1548120;693;
31.10.2024;15:56:41.183;FEXD SI 20261218 CS;SIMPLE_INSTRUMENT;BLOCK;EUR;28;152.50000000;250;EXCHANGE_LAST;;1;1;XEUR;2163053;693;
31.10.2024;17:01:14.999;FEXD.S.DEC25.DEC26.SPD;FUTURES_SPREAD;BLOCK;EUR;45;6.10000000;100;EXCHANGE_LAST;;1;1;XEUR;72060570450264144;693;
31.10.2024;17:01:14.999;FEXD SI 20261218 CS;SIMPLE_INSTRUMENT;BLOCK;EUR;45;152.30000000;100;PRC_DECOMP_MEMBER;;;;XEUR;2163053;693;MEMBER
31.10.2024;17:01:14.999;FEXD SI 20251219 CS;SIMPLE_INSTRUMENT;BLOCK;EUR;45;158.40000000;100;PRC_DECOMP_MEMBER;;;;XEUR;1548120;693;MEMBER
31.10.2024;13:09:53.383;FEXD SI 20261218 CS;SIMPLE_INSTRUMENT;VOLA;EUR;318767109;153.50000000;56;EXCHANGE_LAST;;1;1;XEUR;2163053;693;
31.10.2024;16:53:12.056;FEXF SI 20241220 CS;SIMPLE_INSTRUMENT;EFP_IDX;EUR;35;2600.00000000;32;EXCHANGE_LAST;;1;1;XEUR;10839550;694;
31.10.2024;16:53:28.502;FEXF SI 20241220 CS;SIMPLE_INSTRUMENT;EFP_IDX;EUR;37;2600.50000000;68;EXCHANGE_LAST;;1;1;XEUR;10839550;694;
31.10.2024;16:39:41.628;FFOX SI 20241220 CS;SIMPLE_INSTRUMENT;BLOCK;EUR;5;4487.30000000;400;EXCHANGE_LAST;;1;1;XEUR;10839549;695;
31.10.2024;16:55:59.861;FFOX SI 20241220 CS;SIMPLE_INSTRUMENT;BLOCK;EUR;12;4481.00000000;300;EXCHANGE_LAST;;1;1;XEUR;10839549;695;
31.10.2024;08:20:03.021;FGBL SI 20241206 PS;SIMPLE_INSTRUMENT;EFS;EUR;1;131.58000000;432;EXCHANGE_LAST;;1;1;XEUR;10804524;688;
31.10.2024;08:21:14.386;FGBL SI 20241206 PS;SIMPLE_INSTRUMENT;EFS;EUR;2;131.57000000;259;EXCHANGE_LAST;;1;1;XEUR;10804524;688;
31.10.2024;08:22:23.731;FGBL SI 20241206 PS;SIMPLE_INSTRUMENT;EFS;EUR;3;131.59000000;432;EXCHANGE_LAST;;1;1;XEUR;10804524;688;
31.10.2024;08:25:03.073;FGBL SI 20241206 PS;SIMPLE_INSTRUMENT;EFS;EUR;4;131.55000000;486;EXCHANGE_LAST;;1;1;XEUR;10804524;688;
31.10.2024;08:23:55.501;FGBL SI 20241206 PS;SIMPLE_INSTRUMENT;EFS;EUR;5;131.57000000;216;EXCHANGE_LAST;;1;1;XEUR;10804524;688;
31.10.2024;08:24:18.732;FGBL SI 20241206 PS;SIMPLE_INSTRUMENT;EFS;EUR;6;131.57000000;216;EXCHANGE_LAST;;1;1;XEUR;10804524;688;
31.10.2024;08:24:50.382;FGBL SI 20241206 PS;SIMPLE_INSTRUMENT;EFS;EUR;7;131.57000000;216;EXCHANGE_LAST;;1;1;XEUR;10804524;688;
31.10.2024;08:29:25.519;FGBL SI 20241206 PS;SIMPLE_INSTRUMENT;EFS;EUR;8;131.61000000;907;EXCHANGE_LAST;;1;1;XEUR;10804524;688;
31.10.2024;08:31:31.825;FGBL SI 20241206 PS;SIMPLE_INSTRUMENT;EFS;EUR;9;131.59000000;148;EXCHANGE_LAST;;1;1;XEUR;10804524;688;
31.10.2024;08:33:22.738;FGBL SI 20241206 PS;SIMPLE_INSTRUMENT;EFS;EUR;10;131.63000000;148;EXCHANGE_LAST;;1;1;XEUR;10804524;688;
31.10.2024;08:34:49.235;FGBL SI 20241206 PS;SIMPLE_INSTRUMENT;EFS;EUR;11;131.64000000;216;EXCHANGE_LAST;;1;1;XEUR;10804524;688;
31.10.2024;08:37:03.576;FGBL SI 20241206 PS;SIMPLE_INSTRUMENT;EFS;EUR;12;131.64000000;130;EXCHANGE_LAST;;1;1;XEUR;10804524;688;
31.10.2024;08:39:24.228;FGBL SI 20241206 PS;SIMPLE_INSTRUMENT;EFS;EUR;13;131.64000000;87;EXCHANGE_LAST;;1;1;XEUR;10804524;688;
31.10.2024;08:40:17.054;FGBL SI 20241206 PS;SIMPLE_INSTRUMENT;EFS;EUR;14;131.68000000;537;EXCHANGE_LAST;;1;1;XEUR;10804524;688;
31.10.2024;08:47:12.554;FGBL SI 20241206 PS;SIMPLE_INSTRUMENT;EFS;EUR;15;131.64000000;148;EXCHANGE_LAST;;1;1;XEUR;10804524;688;
31.10.2024;08:55:58.621;FGBL SI 20241206 PS;SIMPLE_INSTRUMENT;EFS;EUR;16;131.73000000;431;EXCHANGE_LAST;;1;1;XEUR;10804524;688;
31.10.2024;08:58:01.989;FGBL SI 20241206 PS;SIMPLE_INSTRUMENT;EFS;EUR;17;131.66000000;863;EXCHANGE_LAST;;1;1;XEUR;10804524;688;
31.10.2024;09:08:52.942;FGBL SI 20241206 PS;SIMPLE_INSTRUMENT;EFS;EUR;18;131.51000000;302;EXCHANGE_LAST;;1;1;XEUR;10804524;688;
31.10.2024;09:10:13.357;FGBL SI 20241206 PS;SIMPLE_INSTRUMENT;EFS;EUR;19;131.59000000;136;EXCHANGE_LAST;;1;1;XEUR;10804524;688;
31.10.2024;09:19:02.938;FGBL SI 20241206 PS;SIMPLE_INSTRUMENT;EFS;EUR;20;131.71000000;680;EXCHANGE_LAST;;1;1;XEUR;10804524;688;
31.10.2024;09:21:08.212;FGBL SI 20241206 PS;SIMPLE_INSTRUMENT;EFS;EUR;21;131.74000000;985;EXCHANGE_LAST;;1;1;XEUR;10804524;688;
31.10.2024;09:23:31.734;FGBL SI 20241206 PS;SIMPLE_INSTRUMENT;EFS;EUR;22;131.48000000;181;EXCHANGE_LAST;;1;1;XEUR;10804524;688;
31.10.2024;09:23:43.735;FGBL SI 20241206 PS;SIMPLE_INSTRUMENT;EFS;EUR;23;131.48000000;455;EXCHANGE_LAST;;1;1;XEUR;10804524;688;
31.10.2024;09:23:24.031;FGBL SI 20241206 PS;SIMPLE_INSTRUMENT;EFS;EUR;24;131.47000000;433;EXCHANGE_LAST;;1;1;XEUR;10804524;688;
31.10.2024;09:30:21.175;FGBL SI 20241206 PS;SIMPLE_INSTRUMENT;EFS;EUR;25;131.43000000;216;EXCHANGE_LAST;;1;1;XEUR;10804524;688;
31.10.2024;09:31:29.104;FGBL SI 20241206 PS;SIMPLE_INSTRUMENT;EFS;EUR;26;131.39000000;432;EXCHANGE_LAST;;1;1;XEUR;10804524;688;
31.10.2024;09:32:42.590;FGBL SI 20241206 PS;SIMPLE_INSTRUMENT;EFS;EUR;27;131.40000000;216;EXCHANGE_LAST;;1;1;XEUR;10804524;688;
31.10.2024;09:41:36.660;FGBL SI 20241206 PS;SIMPLE_INSTRUMENT;EFS;EUR;28;131.37000000;148;EXCHANGE_LAST;;1;1;XEUR;10804524;688;
31.10.2024;09:48:29.419;FGBL SI 20241206 PS;SIMPLE_INSTRUMENT;EFS;EUR;29;131.38000000;216;EXCHANGE_LAST;;1;1;XEUR;10804524;688;
31.10.2024;09:45:01.348;FGBL SI 20241206 PS;SIMPLE_INSTRUMENT;EFS;EUR;30;131.50000000;454;EXCHANGE_LAST;;1;1;XEUR;10804524;688;
31.10.2024;09:48:30.545;FGBL SI 20241206 PS;SIMPLE_INSTRUMENT;EFS;EUR;31;131.38000000;216;EXCHANGE_LAST;;1;1;XEUR;10804524;688;
31.10.2024;09:48:39.477;FGBL SI 20241206 PS;SIMPLE_INSTRUMENT;EFS;EUR;32;131.35000000;682;EXCHANGE_LAST;;1;1;XEUR;10804524;688;
31.10.2024;09:49:27.563;FGBL SI 20241206 PS;SIMPLE_INSTRUMENT;EFS;EUR;33;131.38000000;432;EXCHANGE_LAST;;1;1;XEUR;10804524;688;
31.10.2024;09:49:43.610;FGBL SI 20241206 PS;SIMPLE_INSTRUMENT;EFS;EUR;34;131.35000000;988;EXCHANGE_LAST;;1;1;XEUR;10804524;688;
31.10.2024;09:50:36.008;FGBL SI 20241206 PS;SIMPLE_INSTRUMENT;EFS;EUR;35;131.38000000;432;EXCHANGE_LAST;;1;1;XEUR;10804524;688;
31.10.2024;09:52:25.525;FGBL SI 20241206 PS;SIMPLE_INSTRUMENT;EFS;EUR;36;131.38000000;216;EXCHANGE_LAST;;1;1;XEUR;10804524;688;
31.10.2024;09:53:24.778;FGBL SI 20241206 PS;SIMPLE_INSTRUMENT;EFP_FIN;EUR;37;131.36000000;233;EXCHANGE_LAST;;1;1;XEUR;10804524;688;
31.10.2024;09:55:01.939;FGBL SI 20241206 PS;SIMPLE_INSTRUMENT;EFS;EUR;38;131.46000000;433;EXCHANGE_LAST;;1;1;XEUR;10804524;688;
31.10.2024;09:56:52.491;FGBL SI 20241206 PS;SIMPLE_INSTRUMENT;EFS;EUR;39;131.46000000;432;EXCHANGE_LAST;;1;1;XEUR;10804524;688;
31.10.2024;09:58:05.694;FGBL SI 20241206 PS;SIMPLE_INSTRUMENT;EFS;EUR;40;131.46000000;432;EXCHANGE_LAST;;1;1;XEUR;10804524;688;
31.10.2024;09:59:48.184;FGBL SI 20241206 PS;SIMPLE_INSTRUMENT;EFP_FIN;EUR;41;131.47000000;161;EXCHANGE_LAST;;1;1;XEUR;10804524;688;
31.10.2024;10:01:35.274;FGBL SI 20241206 PS;SIMPLE_INSTRUMENT;EFS;EUR;42;131.55000000;432;EXCHANGE_LAST;;1;1;XEUR;10804524;688;
31.10.2024;10:01:47.350;FGBL SI 20241206 PS;SIMPLE_INSTRUMENT;EFS;EUR;43;131.57000000;433;EXCHANGE_LAST;;1;1;XEUR;10804524;688;
31.10.2024;10:02:22.379;FGBL SI 20241206 PS;SIMPLE_INSTRUMENT;EFS;EUR;44;131.57000000;433;EXCHANGE_LAST;;1;1;XEUR;10804524;688;
31.10.2024;10:02:30.715;FGBL SI 20241206 PS;SIMPLE_INSTRUMENT;EFS;EUR;45;131.50000000;455;EXCHANGE_LAST;;1;1;XEUR;10804524;688;
31.10.2024;10:11:49.906;FGBL SI 20241206 PS;SIMPLE_INSTRUMENT;EFS;EUR;46;131.58000000;733;EXCHANGE_LAST;;1;1;XEUR;10804524;688;
31.10.2024;10:23:33.803;FGBL SI 20241206 PS;SIMPLE_INSTRUMENT;EFP_FIN;EUR;47;131.64000000;1196;EXCHANGE_LAST;;1;1;XEUR;10804524;688;
31.10.2024;10:23:59.498;FGBL SI 20241206 PS;SIMPLE_INSTRUMENT;EFS;EUR;48;131.64000000;432;EXCHANGE_LAST;;1;1;XEUR;10804524;688;
31.10.2024;10:26:18.016;FGBL SI 20241206 PS;SIMPLE_INSTRUMENT;EFS;EUR;49;131.60000000;432;EXCHANGE_LAST;;1;1;XEUR;10804524;688;
31.10.2024;10:26:37.349;FGBL SI 20241206 PS;SIMPLE_INSTRUMENT;EFP_FIN;EUR;50;131.61000000;140;EXCHANGE_LAST;;1;1;XEUR;10804524;688;
31.10.2024;10:26:48.114;FGBL SI 20241206 PS;SIMPLE_INSTRUMENT;EFS;EUR;51;131.63000000;432;EXCHANGE_LAST;;1;1;XEUR;10804524;688;
31.10.2024;10:27:16.748;FGBL SI 20241206 PS;SIMPLE_INSTRUMENT;EFS;EUR;52;131.68000000;432;EXCHANGE_LAST;;1;1;XEUR;10804524;688;
31.10.2024;10:29:28.619;FGBL SI 20241206 PS;SIMPLE_INSTRUMENT;EFS;EUR;53;131.62000000;432;EXCHANGE_LAST;;1;1;XEUR;10804524;688;
31.10.2024;10:31:12.188;FGBL SI 20241206 PS;SIMPLE_INSTRUMENT;EFP_FIN;EUR;54;131.64000000;205;EXCHANGE_LAST;;1;1;XEUR;10804524;688;
31.10.2024;10:46:00.828;FGBL SI 20241206 PS;SIMPLE_INSTRUMENT;EFP_FIN;EUR;55;131.66000000;872;EXCHANGE_LAST;;1;1;XEUR;10804524;688;
31.10.2024;10:47:51.687;FGBL SI 20241206 PS;SIMPLE_INSTRUMENT;EFS;EUR;56;131.62000000;108;EXCHANGE_LAST;;1;1;XEUR;10804524;688;
31.10.2024;10:55:12.366;FGBL SI 20241206 PS;SIMPLE_INSTRUMENT;EFS;EUR;57;131.61000000;216;EXCHANGE_LAST;;1;1;XEUR;10804524;688;
31.10.2024;10:56:18.656;FGBL SI 20241206 PS;SIMPLE_INSTRUMENT;EFS;EUR;58;131.61000000;302;EXCHANGE_LAST;;1;1;XEUR;10804524;688;
31.10.2024;11:04:28.552;FGBL SI 20241206 PS;SIMPLE_INSTRUMENT;EFS;EUR;60;131.76000000;903;EXCHANGE_LAST;;1;1;XEUR;10804524;688;
31.10.2024;11:07:45.254;FGBL SI 20241206 PS;SIMPLE_INSTRUMENT;EFS;EUR;61;131.61000000;432;EXCHANGE_LAST;;1;1;XEUR;10804524;688;
31.10.2024;11:09:13.394;FGBL SI 20241206 PS;SIMPLE_INSTRUMENT;EFS;EUR;62;131.62000000;432;EXCHANGE_LAST;;1;1;XEUR;10804524;688;
31.10.2024;11:12:37.693;FGBL SI 20241206 PS;SIMPLE_INSTRUMENT;EFP_FIN;EUR;63;131.60000000;82;EXCHANGE_LAST;;1;1;XEUR;10804524;688;
31.10.2024;11:14:46.765;FGBL SI 20241206 PS;SIMPLE_INSTRUMENT;EFS;EUR;64;131.61000000;739;EXCHANGE_LAST;;1;1;XEUR;10804524;688;
31.10.2024;11:14:51.982;FGBL SI 20241206 PS;SIMPLE_INSTRUMENT;EFP_FIN;EUR;65;131.74000000;937;EXCHANGE_LAST;;1;1;XEUR;10804524;688;
31.10.2024;11:28:45.508;FGBL SI 20241206 PS;SIMPLE_INSTRUMENT;EFS;EUR;66;131.68000000;865;EXCHANGE_LAST;;1;1;XEUR;10804524;688;
31.10.2024;11:29:05.530;FGBL SI 20241206 PS;SIMPLE_INSTRUMENT;EFS;EUR;67;131.68000000;216;EXCHANGE_LAST;;1;1;XEUR;10804524;688;
31.10.2024;11:31:31.683;FGBL SI 20241206 PS;SIMPLE_INSTRUMENT;EFS;EUR;68;131.60000000;432;EXCHANGE_LAST;;1;1;XEUR;10804524;688;
31.10.2024;11:52:17.828;FGBL SI 20241206 PS;SIMPLE_INSTRUMENT;EFP_FIN;EUR;69;131.59000000;607;EXCHANGE_LAST;;1;1;XEUR;10804524;688;
31.10.2024;11:35:21.057;FGBL SI 20241206 PS;SIMPLE_INSTRUMENT;EFS;EUR;70;131.67000000;246;EXCHANGE_LAST;;1;1;XEUR;10804524;688;
31.10.2024;11:37:54.811;FGBL SI 20241206 PS;SIMPLE_INSTRUMENT;EFS;EUR;71;131.60000000;500;EXCHANGE_LAST;;1;1;XEUR;10804524;688;
31.10.2024;11:38:13.654;FGBL SI 20241206 PS;SIMPLE_INSTRUMENT;EFP_FIN;EUR;72;131.66000000;199;EXCHANGE_LAST;;1;1;XEUR;10804524;688;
31.10.2024;11:42:30.457;FGBL SI 20241206 PS;SIMPLE_INSTRUMENT;EFP_FIN;EUR;73;131.60000000;547;EXCHANGE_LAST;;1;1;XEUR;10804524;688;
31.10.2024;11:42:34.872;FGBL SI 20241206 PS;SIMPLE_INSTRUMENT;EFP_FIN;EUR;74;131.76000000;394;EXCHANGE_LAST;;1;1;XEUR;10804524;688;
31.10.2024;11:42:54.143;FGBL SI 20241206 PS;SIMPLE_INSTRUMENT;EFP_FIN;EUR;75;131.64000000;850;EXCHANGE_LAST;;1;1;XEUR;10804524;688;
31.10.2024;11:45:42.279;FGBL SI 20241206 PS;SIMPLE_INSTRUMENT;EFS;EUR;76;131.53000000;649;EXCHANGE_LAST;;1;1;XEUR;10804524;688;
31.10.2024;11:52:07.827;FGBL SI 20241206 PS;SIMPLE_INSTRUMENT;EFP_FIN;EUR;77;131.66000000;295;EXCHANGE_LAST;;1;1;XEUR;10804524;688;
31.10.2024;11:49:27.439;FGBL SI 20241206 PS;SIMPLE_INSTRUMENT;EFS;EUR;78;131.54000000;433;EXCHANGE_LAST;;1;1;XEUR;10804524;688;
31.10.2024;11:52:48.472;FGBL SI 20241206 PS;SIMPLE_INSTRUMENT;EFS;EUR;79;131.54000000;433;EXCHANGE_LAST;;1;1;XEUR;10804524;688;
31.10.2024;11:50:43.704;FGBL SI 20241206 PS;SIMPLE_INSTRUMENT;EFS;EUR;80;131.58000000;453;EXCHANGE_LAST;;1;1;XEUR;10804524;688;
31.10.2024;11:51:43.852;FGBL SI 20241206 PS;SIMPLE_INSTRUMENT;EFS;EUR;81;131.54000000;453;EXCHANGE_LAST;;1;1;XEUR;10804524;688;
31.10.2024;11:51:56.455;FGBL SI 20241206 PS;SIMPLE_INSTRUMENT;EFP_FIN;EUR;82;131.66000000;407;EXCHANGE_LAST;;1;1;XEUR;10804524;688;
31.10.2024;11:54:54.385;FGBL SI 20241206 PS;SIMPLE_INSTRUMENT;EFS;EUR;83;131.52000000;454;EXCHANGE_LAST;;1;1;XEUR;10804524;688;
31.10.2024;11:58:02.311;FGBL SI 20241206 PS;SIMPLE_INSTRUMENT;EFP_FIN;EUR;84;131.57000000;854;EXCHANGE_LAST;;1;1;XEUR;10804524;688;
31.10.2024;11:58:05.887;FGBL SI 20241206 PS;SIMPLE_INSTRUMENT;EFS;EUR;85;131.57000000;453;EXCHANGE_LAST;;1;1;XEUR;10804524;688;
31.10.2024;11:58:50.366;FGBL SI 20241206 PS;SIMPLE_INSTRUMENT;EFS;EUR;86;131.53000000;200;EXCHANGE_LAST;;1;1;XEUR;10804524;688;
31.10.2024;12:00:45.575;FGBL SI 20241206 PS;SIMPLE_INSTRUMENT;EFS;EUR;87;131.52000000;454;EXCHANGE_LAST;;1;1;XEUR;10804524;688;
31.10.2024;12:00:58.573;FGBL SI 20241206 PS;SIMPLE_INSTRUMENT;EFP_FIN;EUR;88;131.52000000;775;EXCHANGE_LAST;;1;1;XEUR;10804524;688;
31.10.2024;12:02:09.912;FGBL SI 20241206 PS;SIMPLE_INSTRUMENT;EFP_FIN;EUR;89;131.56000000;1937;EXCHANGE_LAST;;1;1;XEUR;10804524;688;
31.10.2024;12:02:37.885;FGBL SI 20241206 PS;SIMPLE_INSTRUMENT;EFP_FIN;EUR;90;131.59000000;399;EXCHANGE_LAST;;1;1;XEUR;10804524;688;
31.10.2024;12:04:08.625;FGBL SI 20241206 PS;SIMPLE_INSTRUMENT;EFP_FIN;EUR;91;131.58000000;464;EXCHANGE_LAST;;1;1;XEUR;10804524;688;
31.10.2024;12:05:46.736;FGBL SI 20241206 PS;SIMPLE_INSTRUMENT;EFS;EUR;92;131.51000000;302;EXCHANGE_LAST;;1;1;XEUR;10804524;688;
31.10.2024;12:24:01.440;FGBL SI 20241206 PS;SIMPLE_INSTRUMENT;EFP_FIN;EUR;93;131.61000000;3188;EXCHANGE_LAST;;1;1;XEUR;10804524;688;
31.10.2024;12:28:32.203;FGBL SI 20241206 PS;SIMPLE_INSTRUMENT;EFP_FIN;EUR;94;131.52000000;387;EXCHANGE_LAST;;1;1;XEUR;10804524;688;
31.10.2024;12:29:31.242;FGBL SI 20241206 PS;SIMPLE_INSTRUMENT;EFS;EUR;95;131.53000000;433;EXCHANGE_LAST;;1;1;XEUR;10804524;688;
31.10.2024;12:29:36.246;FGBL SI 20241206 PS;SIMPLE_INSTRUMENT;EFS;EUR;96;131.53000000;87;EXCHANGE_LAST;;1;1;XEUR;10804524;688;
31.10.2024;12:32:17.242;FGBL SI 20241206 PS;SIMPLE_INSTRUMENT;EFS;EUR;98;131.53000000;246;EXCHANGE_LAST;;1;1;XEUR;10804524;688;
31.10.2024;12:34:07.019;FGBL SI 20241206 PS;SIMPLE_INSTRUMENT;EFS;EUR;99;131.48000000;493;EXCHANGE_LAST;;1;1;XEUR;10804524;688;
31.10.2024;12:39:09.610;FGBL SI 20241206 PS;SIMPLE_INSTRUMENT;EFS;EUR;100;131.52000000;907;EXCHANGE_LAST;;1;1;XEUR;10804524;688;
31.10.2024;12:42:17.985;FGBL SI 20241206 PS;SIMPLE_INSTRUMENT;EFP_FIN;EUR;101;131.55000000;775;EXCHANGE_LAST;;1;1;XEUR;10804524;688;
31.10.2024;12:50:24.969;FGBL SI 20241206 PS;SIMPLE_INSTRUMENT;EFS;EUR;102;131.63000000;148;EXCHANGE_LAST;;1;1;XEUR;10804524;688;
31.10.2024;12:53:46.915;FGBL SI 20241206 PS;SIMPLE_INSTRUMENT;EFP_FIN;EUR;103;131.51000000;387;EXCHANGE_LAST;;1;1;XEUR;10804524;688;
31.10.2024;12:56:38.396;FGBL SI 20241206 PS;SIMPLE_INSTRUMENT;EFS;EUR;104;131.55000000;216;EXCHANGE_LAST;;1;1;XEUR;10804524;688;
31.10.2024;12:58:18.471;FGBL SI 20241206 PS;SIMPLE_INSTRUMENT;EFS;EUR;105;131.55000000;216;EXCHANGE_LAST;;1;1;XEUR;10804524;688;
31.10.2024;12:59:28.522;FGBL SI 20241206 PS;SIMPLE_INSTRUMENT;EFS;EUR;106;131.49000000;433;EXCHANGE_LAST;;1;1;XEUR;10804524;688;
31.10.2024;12:59:48.538;FGBL SI 20241206 PS;SIMPLE_INSTRUMENT;EFS;EUR;107;131.46000000;216;EXCHANGE_LAST;;1;1;XEUR;10804524;688;
31.10.2024;13:00:19.141;FGBL SI 20241206 PS;SIMPLE_INSTRUMENT;EFS;EUR;108;131.57000000;216;EXCHANGE_LAST;;1;1;XEUR;10804524;688;
31.10.2024;13:01:28.923;FGBL SI 20241206 PS;SIMPLE_INSTRUMENT;EFS;EUR;109;131.53000000;216;EXCHANGE_LAST;;1;1;XEUR;10804524;688;
31.10.2024;13:02:24.306;FGBL SI 20241206 PS;SIMPLE_INSTRUMENT;EFS;EUR;110;131.53000000;432;EXCHANGE_LAST;;1;1;XEUR;10804524;688;
31.10.2024;13:06:29.554;FGBL SI 20241206 PS;SIMPLE_INSTRUMENT;EFS;EUR;111;131.55000000;260;EXCHANGE_LAST;;1;1;XEUR;10804524;688;
31.10.2024;13:04:13.812;FGBL SI 20241206 PS;SIMPLE_INSTRUMENT;EFS;EUR;112;131.46000000;433;EXCHANGE_LAST;;1;1;XEUR;10804524;688;
31.10.2024;13:04:20.105;FGBL SI 20241206 PS;SIMPLE_INSTRUMENT;EFS;EUR;113;131.47000000;246;EXCHANGE_LAST;;1;1;XEUR;10804524;688;
31.10.2024;13:08:16.511;FGBL SI 20241206 PS;SIMPLE_INSTRUMENT;EFS;EUR;114;131.46000000;216;EXCHANGE_LAST;;1;1;XEUR;10804524;688;
31.10.2024;13:18:54.178;FGBL SI 20241206 PS;SIMPLE_INSTRUMENT;EFS;EUR;115;131.41000000;907;EXCHANGE_LAST;;1;1;XEUR;10804524;688;
31.10.2024;13:20:41.197;FGBL SI 20241206 PS;SIMPLE_INSTRUMENT;EFS;EUR;116;131.48000000;181;EXCHANGE_LAST;;1;1;XEUR;10804524;688;
31.10.2024;13:24:33.114;FGBL SI 20241206 PS;SIMPLE_INSTRUMENT;EFP_FIN;EUR;117;131.40000000;887;EXCHANGE_LAST;;1;1;XEUR;10804524;688;
31.10.2024;13:25:30.217;FGBL SI 20241206 PS;SIMPLE_INSTRUMENT;EFS;EUR;118;131.55000000;571;EXCHANGE_LAST;;1;1;XEUR;10804524;688;
31.10.2024;13:26:12.156;FGBL SI 20241206 PS;SIMPLE_INSTRUMENT;EFS;EUR;119;131.51000000;402;EXCHANGE_LAST;;1;1;XEUR;10804524;688;
31.10.2024;13:26:27.517;FGBL SI 20241206 PS;SIMPLE_INSTRUMENT;EFS;EUR;120;131.41000000;493;EXCHANGE_LAST;;1;1;XEUR;10804524;688;
31.10.2024;13:30:00.826;FGBL SI 20241206 PS;SIMPLE_INSTRUMENT;EFS;EUR;121;131.41000000;493;EXCHANGE_LAST;;1;1;XEUR;10804524;688;
31.10.2024;13:30:24.437;FGBL SI 20241206 PS;SIMPLE_INSTRUMENT;EFS;EUR;122;131.40000000;648;EXCHANGE_LAST;;1;1;XEUR;10804524;688;
31.10.2024;13:33:11.054;FGBL SI 20241206 PS;SIMPLE_INSTRUMENT;EFS;EUR;123;131.42000000;302;EXCHANGE_LAST;;1;1;XEUR;10804524;688;
31.10.2024;13:40:09.595;FGBL SI 20241206 PS;SIMPLE_INSTRUMENT;EFS;EUR;124;131.41000000;99;EXCHANGE_LAST;;1;1;XEUR;10804524;688;
31.10.2024;13:42:23.021;FGBL SI 20241206 PS;SIMPLE_INSTRUMENT;EFP_FIN;EUR;125;131.38000000;327;EXCHANGE_LAST;;1;1;XEUR;10804524;688;
31.10.2024;13:42:51.158;FGBL SI 20241206 PS;SIMPLE_INSTRUMENT;EFS;EUR;126;131.46000000;216;EXCHANGE_LAST;;1;1;XEUR;10804524;688;
31.10.2024;13:43:47.741;FGBL SI 20241206 PS;SIMPLE_INSTRUMENT;EFS;EUR;127;131.33000000;433;EXCHANGE_LAST;;1;1;XEUR;10804524;688;
31.10.2024;13:47:47.890;FGBL SI 20241206 PS;SIMPLE_INSTRUMENT;EFP_FIN;EUR;128;131.31000000;135;EXCHANGE_LAST;;1;1;XEUR;10804524;688;
31.10.2024;13:49:16.790;FGBL SI 20241206 PS;SIMPLE_INSTRUMENT;EFS;EUR;129;131.37000000;1362;EXCHANGE_LAST;;1;1;XEUR;10804524;688;
31.10.2024;13:52:53.186;FGBL SI 20241206 PS;SIMPLE_INSTRUMENT;EFS;EUR;130;131.19000000;433;EXCHANGE_LAST;;1;1;XEUR;10804524;688;
31.10.2024;13:56:20.716;FGBL SI 20241206 PS;SIMPLE_INSTRUMENT;EFS;EUR;131;131.21000000;216;EXCHANGE_LAST;;1;1;XEUR;10804524;688;
31.10.2024;13:56:38.905;FGBL SI 20241206 PS;SIMPLE_INSTRUMENT;EFS;EUR;132;131.60000000;409;EXCHANGE_LAST;;1;1;XEUR;10804524;688;
31.10.2024;13:57:53.055;FGBL SI 20241206 PS;SIMPLE_INSTRUMENT;EFS;EUR;133;131.21000000;460;EXCHANGE_LAST;;1;1;XEUR;10804524;688;
31.10.2024;13:59:28.728;FGBL SI 20241206 PS;SIMPLE_INSTRUMENT;EFS;EUR;134;131.33000000;909;EXCHANGE_LAST;;1;1;XEUR;10804524;688;
31.10.2024;14:03:43.996;FGBL SI 20241206 PS;SIMPLE_INSTRUMENT;EFP_FIN;EUR;135;131.30000000;394;EXCHANGE_LAST;;1;1;XEUR;10804524;688;
31.10.2024;14:06:19.205;FGBL SI 20241206 PS;SIMPLE_INSTRUMENT;EFP_FIN;EUR;136;131.42000000;1743;EXCHANGE_LAST;;1;1;XEUR;10804524;688;
31.10.2024;14:06:50.611;FGBL SI 20241206 PS;SIMPLE_INSTRUMENT;EFP_FIN;EUR;137;131.28000000;115;EXCHANGE_LAST;;1;1;XEUR;10804524;688;
31.10.2024;14:07:50.840;FGBL SI 20241206 PS;SIMPLE_INSTRUMENT;EFS;EUR;138;131.20000000;433;EXCHANGE_LAST;;1;1;XEUR;10804524;688;
31.10.2024;14:12:02.307;FGBL SI 20241206 PS;SIMPLE_INSTRUMENT;EFP_FIN;EUR;139;131.22000000;193;EXCHANGE_LAST;;1;1;XEUR;10804524;688;
31.10.2024;14:13:57.906;FGBL SI 20241206 PS;SIMPLE_INSTRUMENT;EFS;EUR;140;131.22000000;3428;EXCHANGE_LAST;;1;1;XEUR;10804524;688;
31.10.2024;14:15:45.613;FGBL SI 20241206 PS;SIMPLE_INSTRUMENT;EFS;EUR;141;131.31000000;190;EXCHANGE_LAST;;1;1;XEUR;10804524;688;
31.10.2024;14:16:28.825;FGBL SI 20241206 PS;SIMPLE_INSTRUMENT;EFS;EUR;142;131.31000000;242;EXCHANGE_LAST;;1;1;XEUR;10804524;688;
31.10.2024;14:19:45.796;FGBL SI 20241206 PS;SIMPLE_INSTRUMENT;EFP_FIN;EUR;143;131.41000000;204;EXCHANGE_LAST;;1;1;XEUR;10804524;688;
31.10.2024;14:18:42.113;FGBL SI 20241206 PS;SIMPLE_INSTRUMENT;EFP_FIN;EUR;144;131.41000000;204;EXCHANGE_LAST;;1;1;XEUR;10804524;688;
31.10.2024;14:22:15.334;FGBL SI 20241206 PS;SIMPLE_INSTRUMENT;EFS;EUR;145;131.20000000;682;EXCHANGE_LAST;;1;1;XEUR;10804524;688;
31.10.2024;14:22:47.860;FGBL SI 20241206 PS;SIMPLE_INSTRUMENT;BLOCK;EUR;146;131.38000000;3167;EXCHANGE_LAST;;1;1;XEUR;10804524;688;
31.10.2024;14:22:58.825;FGBL SI 20241206 PS;SIMPLE_INSTRUMENT;EFS;EUR;147;131.39000000;1482;EXCHANGE_LAST;;1;1;XEUR;10804524;688;
31.10.2024;14:23:24.827;FGBL SI 20241206 PS;SIMPLE_INSTRUMENT;EFS;EUR;148;131.04000000;2993;EXCHANGE_LAST;;1;1;XEUR;10804524;688;
31.10.2024;14:25:48.098;FGBL SI 20241206 PS;SIMPLE_INSTRUMENT;EFS;EUR;149;131.42000000;1132;EXCHANGE_LAST;;1;1;XEUR;10804524;688;
31.10.2024;14:27:59.737;FGBL SI 20241206 PS;SIMPLE_INSTRUMENT;EFS;EUR;150;131.52000000;493;EXCHANGE_LAST;;1;1;XEUR;10804524;688;
31.10.2024;14:28:03.881;FGBL SI 20241206 PS;SIMPLE_INSTRUMENT;EFS;EUR;151;131.41000000;987;EXCHANGE_LAST;;1;1;XEUR;10804524;688;
31.10.2024;14:30:48.365;FGBL SI 20241206 PS;SIMPLE_INSTRUMENT;EFS;EUR;152;131.47000000;1233;EXCHANGE_LAST;;1;1;XEUR;10804524;688;
31.10.2024;14:33:25.095;FGBL SI 20241206 PS;SIMPLE_INSTRUMENT;EFS;EUR;153;131.39000000;987;EXCHANGE_LAST;;1;1;XEUR;10804524;688;
31.10.2024;14:37:35.292;FGBL SI 20241206 PS;SIMPLE_INSTRUMENT;EFS;EUR;154;131.23000000;494;EXCHANGE_LAST;;1;1;XEUR;10804524;688;
31.10.2024;14:38:12.809;FGBL SI 20241206 PS;SIMPLE_INSTRUMENT;EFS;EUR;155;131.40000000;433;EXCHANGE_LAST;;1;1;XEUR;10804524;688;
31.10.2024;14:38:49.663;FGBL SI 20241206 PS;SIMPLE_INSTRUMENT;EFS;EUR;156;131.45000000;4940;EXCHANGE_LAST;;1;1;XEUR;10804524;688;
31.10.2024;14:43:08.046;FGBL SI 20241206 PS;SIMPLE_INSTRUMENT;EFS;EUR;157;131.43000000;216;EXCHANGE_LAST;;1;1;XEUR;10804524;688;
31.10.2024;14:43:48.084;FGBL SI 20241206 PS;SIMPLE_INSTRUMENT;EFS;EUR;158;131.43000000;433;EXCHANGE_LAST;;1;1;XEUR;10804524;688;
31.10.2024;14:46:48.697;FGBL SI 20241206 PS;SIMPLE_INSTRUMENT;EFP_FIN;EUR;159;131.38000000;94;EXCHANGE_LAST;;1;1;XEUR;10804524;688;
31.10.2024;14:47:08.902;FGBL SI 20241206 PS;SIMPLE_INSTRUMENT;EFS;EUR;160;131.39000000;1482;EXCHANGE_LAST;;1;1;XEUR;10804524;688;
31.10.2024;14:50:58.410;FGBL SI 20241206 PS;SIMPLE_INSTRUMENT;EFP_FIN;EUR;161;131.40000000;202;EXCHANGE_LAST;;1;1;XEUR;10804524;688;
31.10.2024;14:58:25.340;FGBL SI 20241206 PS;SIMPLE_INSTRUMENT;EFS;EUR;162;131.39000000;987;EXCHANGE_LAST;;1;1;XEUR;10804524;688;
31.10.2024;15:00:34.571;FGBL SI 20241206 PS;SIMPLE_INSTRUMENT;EFP_FIN;EUR;163;131.54000000;126;EXCHANGE_LAST;;1;1;XEUR;10804524;688;
31.10.2024;15:00:35.863;FGBL SI 20241206 PS;SIMPLE_INSTRUMENT;EFS;EUR;164;131.43000000;433;EXCHANGE_LAST;;1;1;XEUR;10804524;688;
31.10.2024;15:00:40.869;FGBL SI 20241206 PS;SIMPLE_INSTRUMENT;EFS;EUR;165;131.43000000;433;EXCHANGE_LAST;;1;1;XEUR;10804524;688;
31.10.2024;15:01:04.175;FGBL SI 20241206 PS;SIMPLE_INSTRUMENT;EFS;EUR;166;131.37000000;494;EXCHANGE_LAST;;1;1;XEUR;10804524;688;
31.10.2024;15:02:03.054;FGBL SI 20241206 PS;SIMPLE_INSTRUMENT;EFS;EUR;167;131.51000000;200;EXCHANGE_LAST;;1;1;XEUR;10804524;688;
31.10.2024;15:02:21.953;FGBL SI 20241206 PS;SIMPLE_INSTRUMENT;EFS;EUR;168;131.42000000;216;EXCHANGE_LAST;;1;1;XEUR;10804524;688;
31.10.2024;15:03:05.993;FGBL SI 20241206 PS;SIMPLE_INSTRUMENT;EFS;EUR;169;131.37000000;433;EXCHANGE_LAST;;1;1;XEUR;10804524;688;
31.10.2024;15:05:19.700;FGBL SI 20241206 PS;SIMPLE_INSTRUMENT;EFS;EUR;170;131.39000000;216;EXCHANGE_LAST;;1;1;XEUR;10804524;688;
31.10.2024;15:06:43.314;FGBL SI 20241206 PS;SIMPLE_INSTRUMENT;EFS;EUR;171;131.42000000;432;EXCHANGE_LAST;;1;1;XEUR;10804524;688;
31.10.2024;15:07:37.488;FGBL SI 20241206 PS;SIMPLE_INSTRUMENT;EFS;EUR;172;131.42000000;216;EXCHANGE_LAST;;1;1;XEUR;10804524;688;
31.10.2024;15:08:42.547;FGBL SI 20241206 PS;SIMPLE_INSTRUMENT;EFS;EUR;173;131.32000000;216;EXCHANGE_LAST;;1;1;XEUR;10804524;688;
31.10.2024;15:09:18.348;FGBL SI 20241206 PS;SIMPLE_INSTRUMENT;EFS;EUR;174;131.43000000;216;EXCHANGE_LAST;;1;1;XEUR;10804524;688;
31.10.2024;15:11:03.453;FGBL SI 20241206 PS;SIMPLE_INSTRUMENT;EFP_FIN;EUR;175;131.37000000;84;EXCHANGE_LAST;;1;1;XEUR;10804524;688;
31.10.2024;15:10:05.280;FGBL SI 20241206 PS;SIMPLE_INSTRUMENT;EFS;EUR;176;131.36000000;1296;EXCHANGE_LAST;;1;1;XEUR;10804524;688;
31.10.2024;15:10:39.973;FGBL SI 20241206 PS;SIMPLE_INSTRUMENT;EFS;EUR;177;131.39000000;1482;EXCHANGE_LAST;;1;1;XEUR;10804524;688;
31.10.2024;15:10:57.545;FGBL SI 20241206 PS;SIMPLE_INSTRUMENT;EFS;EUR;178;131.37000000;432;EXCHANGE_LAST;;1;1;XEUR;10804524;688;
31.10.2024;15:12:35.209;FGBL SI 20241206 PS;SIMPLE_INSTRUMENT;EFS;EUR;179;131.34000000;432;EXCHANGE_LAST;;1;1;XEUR;10804524;688;
31.10.2024;15:16:16.973;FGBL SI 20241206 PS;SIMPLE_INSTRUMENT;EFP_FIN;EUR;180;131.38000000;150;EXCHANGE_LAST;;1;1;XEUR;10804524;688;
31.10.2024;15:17:37.059;FGBL SI 20241206 PS;SIMPLE_INSTRUMENT;EFS;EUR;181;131.33000000;1820;EXCHANGE_LAST;;1;1;XEUR;10804524;688;
31.10.2024;15:18:22.073;FGBL SI 20241206 PS;SIMPLE_INSTRUMENT;EFP_FIN;EUR;182;131.32000000;322;EXCHANGE_LAST;;1;1;XEUR;10804524;688;
31.10.2024;15:20:48.558;FGBL SI 20241206 PS;SIMPLE_INSTRUMENT;EFS;EUR;183;131.32000000;216;EXCHANGE_LAST;;1;1;XEUR;10804524;688;
31.10.2024;15:28:08.104;FGBL SI 20241206 PS;SIMPLE_INSTRUMENT;EFS;EUR;184;131.50000000;432;EXCHANGE_LAST;;1;1;XEUR;10804524;688;
31.10.2024;15:29:20.140;FGBL SI 20241206 PS;SIMPLE_INSTRUMENT;EFS;EUR;185;131.46000000;104;EXCHANGE_LAST;;1;1;XEUR;10804524;688;
31.10.2024;15:31:11.422;FGBL SI 20241206 PS;SIMPLE_INSTRUMENT;EFP_FIN;EUR;186;131.36000000;515;EXCHANGE_LAST;;1;1;XEUR;10804524;688;
31.10.2024;15:36:22.109;FGBL SI 20241206 PS;SIMPLE_INSTRUMENT;EFS;EUR;187;131.46000000;909;EXCHANGE_LAST;;1;1;XEUR;10804524;688;
31.10.2024;15:39:53.850;FGBL SI 20241206 PS;SIMPLE_INSTRUMENT;EFS;EUR;188;131.51000000;2767;EXCHANGE_LAST;;1;1;XEUR;10804524;688;
31.10.2024;15:41:22.734;FGBL SI 20241206 PS;SIMPLE_INSTRUMENT;EFS;EUR;189;131.44000000;1500;EXCHANGE_LAST;;1;1;XEUR;10804524;688;
31.10.2024;15:48:55.365;FGBL SI 20241206 PS;SIMPLE_INSTRUMENT;EFS;EUR;190;131.38000000;987;EXCHANGE_LAST;;1;1;XEUR;10804524;688;
31.10.2024;15:56:40.827;FGBL SI 20241206 PS;SIMPLE_INSTRUMENT;EFS;EUR;191;131.45000000;454;EXCHANGE_LAST;;1;1;XEUR;10804524;688;
31.10.2024;15:57:24.362;FGBL SI 20241206 PS;SIMPLE_INSTRUMENT;EFS;EUR;192;131.57000000;129;EXCHANGE_LAST;;1;1;XEUR;10804524;688;
31.10.2024;15:58:30.843;FGBL SI 20241206 PS;SIMPLE_INSTRUMENT;EFS;EUR;193;131.59000000;432;EXCHANGE_LAST;;1;1;XEUR;10804524;688;
31.10.2024;15:59:23.144;FGBL SI 20241206 PS;SIMPLE_INSTRUMENT;EFS;EUR;194;131.46000000;682;EXCHANGE_LAST;;1;1;XEUR;10804524;688;
31.10.2024;15:59:34.396;FGBL SI 20241206 PS;SIMPLE_INSTRUMENT;EFS;EUR;195;131.56000000;200;EXCHANGE_LAST;;1;1;XEUR;10804524;688;
31.10.2024;16:00:53.036;FGBL SI 20241206 PS;SIMPLE_INSTRUMENT;EFS;EUR;196;131.55000000;1173;EXCHANGE_LAST;;1;1;XEUR;10804524;688;
31.10.2024;16:02:12.059;FGBL SI 20241206 PS;SIMPLE_INSTRUMENT;EFS;EUR;197;131.56000000;432;EXCHANGE_LAST;;1;1;XEUR;10804524;688;
31.10.2024;16:03:25.897;FGBL SI 20241206 PS;SIMPLE_INSTRUMENT;EFS;EUR;198;131.55000000;432;EXCHANGE_LAST;;1;1;XEUR;10804524;688;
31.10.2024;16:05:11.154;FGBL SI 20241206 PS;SIMPLE_INSTRUMENT;EFS;EUR;199;131.70000000;431;EXCHANGE_LAST;;1;1;XEUR;10804524;688;
31.10.2024;16:06:06.212;FGBL SI 20241206 PS;SIMPLE_INSTRUMENT;EFS;EUR;200;131.71000000;432;EXCHANGE_LAST;;1;1;XEUR;10804524;688;
31.10.2024;16:06:11.230;FGBL SI 20241206 PS;SIMPLE_INSTRUMENT;EFS;EUR;201;131.75000000;432;EXCHANGE_LAST;;1;1;XEUR;10804524;688;
31.10.2024;16:07:32.218;FGBL SI 20241206 PS;SIMPLE_INSTRUMENT;EFS;EUR;202;131.74000000;1500;EXCHANGE_LAST;;1;1;XEUR;10804524;688;
31.10.2024;16:09:24.350;FGBL SI 20241206 PS;SIMPLE_INSTRUMENT;EFS;EUR;203;131.51000000;909;EXCHANGE_LAST;;1;1;XEUR;10804524;688;
31.10.2024;16:12:56.209;FGBL SI 20241206 PS;SIMPLE_INSTRUMENT;EFS;EUR;204;131.74000000;453;EXCHANGE_LAST;;1;1;XEUR;10804524;688;
31.10.2024;16:20:21.820;FGBL SI 20241206 PS;SIMPLE_INSTRUMENT;EFP_FIN;EUR;205;131.83000000;129;EXCHANGE_LAST;;1;1;XEUR;10804524;688;
31.10.2024;16:22:49.470;FGBL SI 20241206 PS;SIMPLE_INSTRUMENT;EFS;EUR;206;131.80000000;246;EXCHANGE_LAST;;1;1;XEUR;10804524;688;
31.10.2024;16:27:29.786;FGBL SI 20241206 PS;SIMPLE_INSTRUMENT;EFS;EUR;207;131.78000000;226;EXCHANGE_LAST;;1;1;XEUR;10804524;688;
31.10.2024;16:27:53.325;FGBL SI 20241206 PS;SIMPLE_INSTRUMENT;EFS;EUR;208;131.75000000;216;EXCHANGE_LAST;;1;1;XEUR;10804524;688;
31.10.2024;16:28:13.344;FGBL SI 20241206 PS;SIMPLE_INSTRUMENT;EFS;EUR;209;131.75000000;432;EXCHANGE_LAST;;1;1;XEUR;10804524;688;
31.10.2024;16:42:18.585;FGBL SI 20241206 PS;SIMPLE_INSTRUMENT;EFS;EUR;210;131.72000000;680;EXCHANGE_LAST;;1;1;XEUR;10804524;688;
31.10.2024;16:44:28.998;FGBL SI 20241206 PS;SIMPLE_INSTRUMENT;EFS;EUR;211;131.67000000;303;EXCHANGE_LAST;;1;1;XEUR;10804524;688;
31.10.2024;16:45:19.715;FGBL SI 20241206 PS;SIMPLE_INSTRUMENT;EFS;EUR;212;131.69000000;99;EXCHANGE_LAST;;1;1;XEUR;10804524;688;
31.10.2024;16:48:02.936;FGBL SI 20241206 PS;SIMPLE_INSTRUMENT;EFS;EUR;213;131.65000000;216;EXCHANGE_LAST;;1;1;XEUR;10804524;688;
31.10.2024;17:03:01.229;FGBL SI 20241206 PS;SIMPLE_INSTRUMENT;EFS;EUR;214;131.72000000;453;EXCHANGE_LAST;;1;1;XEUR;10804524;688;
31.10.2024;10:03:17.990;FGBL SI 20241206 PS;SIMPLE_INSTRUMENT;VOLA;EUR;268435490;131.33000000;440;EXCHANGE_LAST;;1;1;XEUR;10804524;688;
31.10.2024;10:16:06.133;FGBL SI 20241206 PS;SIMPLE_INSTRUMENT;VOLA;EUR;268435495;131.34000000;30;EXCHANGE_LAST;;1;1;XEUR;10804524;688;
31.10.2024;15:49:57.744;FGBL SI 20241206 PS;SIMPLE_INSTRUMENT;VOLA;EUR;268435557;131.40000000;350;EXCHANGE_LAST;;1;1;XEUR;10804524;688;
31.10.2024;08:14:07.242;FGBM SI 20241206 PS;SIMPLE_INSTRUMENT;EFS;EUR;1;117.97000000;889;EXCHANGE_LAST;;1;1;XEUR;10804525;689;
31.10.2024;08:19:37.969;FGBM SI 20241206 PS;SIMPLE_INSTRUMENT;EFS;EUR;2;118.02000000;937;EXCHANGE_LAST;;1;1;XEUR;10804525;689;
31.10.2024;08:26:33.276;FGBM SI 20241206 PS;SIMPLE_INSTRUMENT;EFS;EUR;3;118.08000000;862;EXCHANGE_LAST;;1;1;XEUR;10804525;689;
31.10.2024;08:29:25.541;FGBM SI 20241206 PS;SIMPLE_INSTRUMENT;EFS;EUR;4;118.08000000;3449;EXCHANGE_LAST;;1;1;XEUR;10804525;689;
31.10.2024;08:29:28.389;FGBM SI 20241206 PS;SIMPLE_INSTRUMENT;EFS;EUR;5;118.09000000;862;EXCHANGE_LAST;;1;1;XEUR;10804525;689;
31.10.2024;08:31:28.462;FGBM SI 20241206 PS;SIMPLE_INSTRUMENT;EFS;EUR;6;118.12000000;862;EXCHANGE_LAST;;1;1;XEUR;10804525;689;
31.10.2024;08:34:44.602;FGBM SI 20241206 PS;SIMPLE_INSTRUMENT;EFS;EUR;7;118.09000000;862;EXCHANGE_LAST;;1;1;XEUR;10804525;689;
31.10.2024;08:35:44.652;FGBM SI 20241206 PS;SIMPLE_INSTRUMENT;EFS;EUR;8;118.12000000;250;EXCHANGE_LAST;;1;1;XEUR;10804525;689;
31.10.2024;08:36:19.676;FGBM SI 20241206 PS;SIMPLE_INSTRUMENT;EFS;EUR;9;118.13000000;862;EXCHANGE_LAST;;1;1;XEUR;10804525;689;
31.10.2024;08:39:45.832;FGBM SI 20241206 PS;SIMPLE_INSTRUMENT;EFS;EUR;10;118.13000000;431;EXCHANGE_LAST;;1;1;XEUR;10804525;689;
31.10.2024;08:40:44.891;FGBM SI 20241206 PS;SIMPLE_INSTRUMENT;EFS;EUR;11;118.13000000;1724;EXCHANGE_LAST;;1;1;XEUR;10804525;689;
31.10.2024;08:40:54.898;FGBM SI 20241206 PS;SIMPLE_INSTRUMENT;EFS;EUR;12;118.13000000;1725;EXCHANGE_LAST;;1;1;XEUR;10804525;689;
31.10.2024;08:41:04.910;FGBM SI 20241206 PS;SIMPLE_INSTRUMENT;EFS;EUR;13;118.13000000;862;EXCHANGE_LAST;;1;1;XEUR;10804525;689;
31.10.2024;08:41:09.918;FGBM SI 20241206 PS;SIMPLE_INSTRUMENT;EFS;EUR;14;118.13000000;862;EXCHANGE_LAST;;1;1;XEUR;10804525;689;
31.10.2024;08:48:00.134;FGBM SI 20241206 PS;SIMPLE_INSTRUMENT;EFS;EUR;15;118.13000000;1810;EXCHANGE_LAST;;1;1;XEUR;10804525;689;
31.10.2024;08:47:50.730;FGBM SI 20241206 PS;SIMPLE_INSTRUMENT;EFS;EUR;16;118.13000000;936;EXCHANGE_LAST;;1;1;XEUR;10804525;689;
31.10.2024;08:53:39.124;FGBM SI 20241206 PS;SIMPLE_INSTRUMENT;EFS;EUR;17;118.00000000;841;EXCHANGE_LAST;;1;1;XEUR;10804525;689;
31.10.2024;08:54:54.725;FGBM SI 20241206 PS;SIMPLE_INSTRUMENT;EFS;EUR;18;118.14000000;813;EXCHANGE_LAST;;1;1;XEUR;10804525;689;
31.10.2024;08:57:43.397;FGBM SI 20241206 PS;SIMPLE_INSTRUMENT;EFP_FIN;EUR;19;118.10000000;103;EXCHANGE_LAST;;1;1;XEUR;10804525;689;
31.10.2024;08:59:58.843;FGBM SI 20241206 PS;SIMPLE_INSTRUMENT;EFS;EUR;20;118.04000000;431;EXCHANGE_LAST;;1;1;XEUR;10804525;689;
31.10.2024;09:02:16.394;FGBM SI 20241206 PS;SIMPLE_INSTRUMENT;EFS;EUR;21;118.13000000;1293;EXCHANGE_LAST;;1;1;XEUR;10804525;689;
31.10.2024;09:06:43.680;FGBM SI 20241206 PS;SIMPLE_INSTRUMENT;EFP_FIN;EUR;22;118.13000000;448;EXCHANGE_LAST;;1;1;XEUR;10804525;689;
31.10.2024;09:18:17.752;FGBM SI 20241206 PS;SIMPLE_INSTRUMENT;EFS;EUR;23;118.04000000;861;EXCHANGE_LAST;;1;1;XEUR;10804525;689;
31.10.2024;09:21:49.227;FGBM SI 20241206 PS;SIMPLE_INSTRUMENT;EFS;EUR;24;118.14000000;2587;EXCHANGE_LAST;;1;1;XEUR;10804525;689;
31.10.2024;09:22:53.066;FGBM SI 20241206 PS;SIMPLE_INSTRUMENT;EFS;EUR;25;118.15000000;1872;EXCHANGE_LAST;;1;1;XEUR;10804525;689;
31.10.2024;09:28:49.342;FGBM SI 20241206 PS;SIMPLE_INSTRUMENT;EFS;EUR;26;117.94000000;129;EXCHANGE_LAST;;1;1;XEUR;10804525;689;
31.10.2024;09:29:29.940;FGBM SI 20241206 PS;SIMPLE_INSTRUMENT;EFS;EUR;27;118.14000000;1022;EXCHANGE_LAST;;1;1;XEUR;10804525;689;
31.10.2024;09:39:18.416;FGBM SI 20241206 PS;SIMPLE_INSTRUMENT;EFP_FIN;EUR;28;117.99000000;370;EXCHANGE_LAST;;1;1;XEUR;10804525;689;
31.10.2024;09:36:01.936;FGBM SI 20241206 PS;SIMPLE_INSTRUMENT;EFP_FIN;EUR;29;118.10000000;569;EXCHANGE_LAST;;1;1;XEUR;10804525;689;
31.10.2024;09:40:22.225;FGBM SI 20241206 PS;SIMPLE_INSTRUMENT;EFP_FIN;EUR;30;117.95000000;184;EXCHANGE_LAST;;1;1;XEUR;10804525;689;
31.10.2024;09:47:47.021;FGBM SI 20241206 PS;SIMPLE_INSTRUMENT;EFS;EUR;31;117.92000000;862;EXCHANGE_LAST;;1;1;XEUR;10804525;689;
31.10.2024;09:56:59.612;FGBM SI 20241206 PS;SIMPLE_INSTRUMENT;EFS;EUR;32;117.94000000;1876;EXCHANGE_LAST;;1;1;XEUR;10804525;689;
31.10.2024;09:57:12.065;FGBM SI 20241206 PS;SIMPLE_INSTRUMENT;EFS;EUR;33;118.02000000;863;EXCHANGE_LAST;;1;1;XEUR;10804525;689;
31.10.2024;10:10:00.664;FGBM SI 20241206 PS;SIMPLE_INSTRUMENT;EFS;EUR;34;118.12000000;936;EXCHANGE_LAST;;1;1;XEUR;10804525;689;
31.10.2024;10:10:52.734;FGBM SI 20241206 PS;SIMPLE_INSTRUMENT;EFS;EUR;35;118.05000000;1405;EXCHANGE_LAST;;1;1;XEUR;10804525;689;
31.10.2024;10:12:13.972;FGBM SI 20241206 PS;SIMPLE_INSTRUMENT;EFS;EUR;36;118.06000000;431;EXCHANGE_LAST;;1;1;XEUR;10804525;689;
31.10.2024;10:13:28.044;FGBM SI 20241206 PS;SIMPLE_INSTRUMENT;EFS;EUR;37;118.06000000;431;EXCHANGE_LAST;;1;1;XEUR;10804525;689;
31.10.2024;10:13:34.050;FGBM SI 20241206 PS;SIMPLE_INSTRUMENT;EFS;EUR;38;118.06000000;431;EXCHANGE_LAST;;1;1;XEUR;10804525;689;
31.10.2024;10:17:03.260;FGBM SI 20241206 PS;SIMPLE_INSTRUMENT;EFS;EUR;39;118.07000000;862;EXCHANGE_LAST;;1;1;XEUR;10804525;689;
31.10.2024;10:18:47.126;FGBM SI 20241206 PS;SIMPLE_INSTRUMENT;EFS;EUR;40;118.06000000;861;EXCHANGE_LAST;;1;1;XEUR;10804525;689;
31.10.2024;10:19:49.105;FGBM SI 20241206 PS;SIMPLE_INSTRUMENT;EFS;EUR;41;118.06000000;430;EXCHANGE_LAST;;1;1;XEUR;10804525;689;
31.10.2024;10:21:43.331;FGBM SI 20241206 PS;SIMPLE_INSTRUMENT;EFS;EUR;42;118.06000000;215;EXCHANGE_LAST;;1;1;XEUR;10804525;689;
31.10.2024;10:23:16.304;FGBM SI 20241206 PS;SIMPLE_INSTRUMENT;EFS;EUR;43;118.05000000;814;EXCHANGE_LAST;;1;1;XEUR;10804525;689;
31.10.2024;10:34:05.118;FGBM SI 20241206 PS;SIMPLE_INSTRUMENT;EFS;EUR;44;118.07000000;188;EXCHANGE_LAST;;1;1;XEUR;10804525;689;
31.10.2024;10:39:19.041;FGBM SI 20241206 PS;SIMPLE_INSTRUMENT;EFP_FIN;EUR;45;118.07000000;346;EXCHANGE_LAST;;1;1;XEUR;10804525;689;
31.10.2024;10:39:27.888;FGBM SI 20241206 PS;SIMPLE_INSTRUMENT;EFS;EUR;46;118.08000000;937;EXCHANGE_LAST;;1;1;XEUR;10804525;689;
31.10.2024;10:43:25.250;FGBM SI 20241206 PS;SIMPLE_INSTRUMENT;EFP_FIN;EUR;47;118.07000000;215;EXCHANGE_LAST;;1;1;XEUR;10804525;689;
31.10.2024;10:43:50.691;FGBM SI 20241206 PS;SIMPLE_INSTRUMENT;EFS;EUR;48;118.07000000;937;EXCHANGE_LAST;;1;1;XEUR;10804525;689;
31.10.2024;10:43:56.621;FGBM SI 20241206 PS;SIMPLE_INSTRUMENT;EFS;EUR;49;118.09000000;936;EXCHANGE_LAST;;1;1;XEUR;10804525;689;
31.10.2024;10:46:28.792;FGBM SI 20241206 PS;SIMPLE_INSTRUMENT;EFS;EUR;50;118.09000000;936;EXCHANGE_LAST;;1;1;XEUR;10804525;689;
31.10.2024;10:47:31.671;FGBM SI 20241206 PS;SIMPLE_INSTRUMENT;EFS;EUR;51;118.05000000;216;EXCHANGE_LAST;;1;1;XEUR;10804525;689;
31.10.2024;10:47:52.442;FGBM SI 20241206 PS;SIMPLE_INSTRUMENT;EFP_FIN;EUR;52;118.08000000;257;EXCHANGE_LAST;;1;1;XEUR;10804525;689;
31.10.2024;10:48:43.525;FGBM SI 20241206 PS;SIMPLE_INSTRUMENT;EFS;EUR;53;118.07000000;1874;EXCHANGE_LAST;;1;1;XEUR;10804525;689;
31.10.2024;10:53:23.410;FGBM SI 20241206 PS;SIMPLE_INSTRUMENT;EFP_FIN;EUR;54;118.03000000;349;EXCHANGE_LAST;;1;1;XEUR;10804525;689;
31.10.2024;10:58:21.260;FGBM SI 20241206 PS;SIMPLE_INSTRUMENT;EFS;EUR;55;118.06000000;1055;EXCHANGE_LAST;;1;1;XEUR;10804525;689;
31.10.2024;11:02:45.095;FGBM SI 20241206 PS;SIMPLE_INSTRUMENT;EFS;EUR;56;118.13000000;1720;EXCHANGE_LAST;;1;1;XEUR;10804525;689;
31.10.2024;11:18:51.116;FGBM SI 20241206 PS;SIMPLE_INSTRUMENT;EFP_FIN;EUR;57;118.04000000;410;EXCHANGE_LAST;;1;1;XEUR;10804525;689;
31.10.2024;11:24:21.941;FGBM SI 20241206 PS;SIMPLE_INSTRUMENT;EFS;EUR;58;118.05000000;861;EXCHANGE_LAST;;1;1;XEUR;10804525;689;
31.10.2024;11:28:00.462;FGBM SI 20241206 PS;SIMPLE_INSTRUMENT;EFS;EUR;59;118.08000000;408;EXCHANGE_LAST;;1;1;XEUR;10804525;689;
31.10.2024;11:44:34.323;FGBM SI 20241206 PS;SIMPLE_INSTRUMENT;EFS;EUR;60;118.10000000;1390;EXCHANGE_LAST;;1;1;XEUR;10804525;689;
31.10.2024;11:54:17.652;FGBM SI 20241206 PS;SIMPLE_INSTRUMENT;EFS;EUR;61;118.03000000;1875;EXCHANGE_LAST;;1;1;XEUR;10804525;689;
31.10.2024;11:56:07.350;FGBM SI 20241206 PS;SIMPLE_INSTRUMENT;EFS;EUR;62;118.03000000;862;EXCHANGE_LAST;;1;1;XEUR;10804525;689;
31.10.2024;12:18:53.105;FGBM SI 20241206 PS;SIMPLE_INSTRUMENT;EFP_FIN;EUR;63;117.98000000;919;EXCHANGE_LAST;;1;1;XEUR;10804525;689;
31.10.2024;12:20:09.885;FGBM SI 20241206 PS;SIMPLE_INSTRUMENT;EFS;EUR;64;118.74000000;60;EXCHANGE_LAST;;1;1;XEUR;10804525;689;
31.10.2024;12:22:23.004;FGBM SI 20241206 PS;SIMPLE_INSTRUMENT;EFP_FIN;EUR;65;117.98000000;856;EXCHANGE_LAST;;1;1;XEUR;10804525;689;
31.10.2024;12:27:23.581;FGBM SI 20241206 PS;SIMPLE_INSTRUMENT;EFS;EUR;66;117.99000000;428;EXCHANGE_LAST;;1;1;XEUR;10804525;689;
31.10.2024;12:31:35.950;FGBM SI 20241206 PS;SIMPLE_INSTRUMENT;EFS;EUR;67;117.97000000;1875;EXCHANGE_LAST;;1;1;XEUR;10804525;689;
31.10.2024;12:33:59.274;FGBM SI 20241206 PS;SIMPLE_INSTRUMENT;EFP_FIN;EUR;68;117.98000000;534;EXCHANGE_LAST;;1;1;XEUR;10804525;689;
31.10.2024;12:37:17.122;FGBM SI 20241206 PS;SIMPLE_INSTRUMENT;EFS;EUR;69;117.99000000;1724;EXCHANGE_LAST;;1;1;XEUR;10804525;689;
31.10.2024;12:37:54.980;FGBM SI 20241206 PS;SIMPLE_INSTRUMENT;EFS;EUR;70;118.00000000;1292;EXCHANGE_LAST;;1;1;XEUR;10804525;689;
31.10.2024;12:39:32.485;FGBM SI 20241206 PS;SIMPLE_INSTRUMENT;EFS;EUR;71;118.00000000;431;EXCHANGE_LAST;;1;1;XEUR;10804525;689;
31.10.2024;12:42:40.194;FGBM SI 20241206 PS;SIMPLE_INSTRUMENT;EFS;EUR;72;118.00000000;1875;EXCHANGE_LAST;;1;1;XEUR;10804525;689;
31.10.2024;12:44:12.615;FGBM SI 20241206 PS;SIMPLE_INSTRUMENT;EFS;EUR;73;118.00000000;919;EXCHANGE_LAST;;1;1;XEUR;10804525;689;
31.10.2024;12:45:14.093;FGBM SI 20241206 PS;SIMPLE_INSTRUMENT;EFS;EUR;75;117.95000000;938;EXCHANGE_LAST;;1;1;XEUR;10804525;689;
31.10.2024;12:47:18.885;FGBM SI 20241206 PS;SIMPLE_INSTRUMENT;EFS;EUR;76;117.97000000;926;EXCHANGE_LAST;;1;1;XEUR;10804525;689;
31.10.2024;12:50:39.491;FGBM SI 20241206 PS;SIMPLE_INSTRUMENT;EFS;EUR;77;117.97000000;1874;EXCHANGE_LAST;;1;1;XEUR;10804525;689;
31.10.2024;12:57:21.753;FGBM SI 20241206 PS;SIMPLE_INSTRUMENT;EFS;EUR;78;117.98000000;407;EXCHANGE_LAST;;1;1;XEUR;10804525;689;
31.10.2024;13:00:40.820;FGBM SI 20241206 PS;SIMPLE_INSTRUMENT;EFS;EUR;79;117.96000000;1875;EXCHANGE_LAST;;1;1;XEUR;10804525;689;
31.10.2024;13:00:43.589;FGBM SI 20241206 PS;SIMPLE_INSTRUMENT;EFS;EUR;80;118.00000000;1875;EXCHANGE_LAST;;1;1;XEUR;10804525;689;
31.10.2024;13:02:13.395;FGBM SI 20241206 PS;SIMPLE_INSTRUMENT;EFP_FIN;EUR;81;117.98000000;257;EXCHANGE_LAST;;1;1;XEUR;10804525;689;
31.10.2024;13:13:58.133;FGBM SI 20241206 PS;SIMPLE_INSTRUMENT;EFP_FIN;EUR;82;117.94000000;116;EXCHANGE_LAST;;1;1;XEUR;10804525;689;
31.10.2024;13:20:05.562;FGBM SI 20241206 PS;SIMPLE_INSTRUMENT;EFS;EUR;83;117.90000000;432;EXCHANGE_LAST;;1;1;XEUR;10804525;689;
31.10.2024;13:21:37.156;FGBM SI 20241206 PS;SIMPLE_INSTRUMENT;EFP_FIN;EUR;84;117.91000000;438;EXCHANGE_LAST;;1;1;XEUR;10804525;689;
31.10.2024;13:23:16.162;FGBM SI 20241206 PS;SIMPLE_INSTRUMENT;EFP_FIN;EUR;85;117.91000000;206;EXCHANGE_LAST;;1;1;XEUR;10804525;689;
31.10.2024;13:28:20.908;FGBM SI 20241206 PS;SIMPLE_INSTRUMENT;EFS;EUR;86;117.85000000;864;EXCHANGE_LAST;;1;1;XEUR;10804525;689;
31.10.2024;13:31:50.770;FGBM SI 20241206 PS;SIMPLE_INSTRUMENT;EFP_FIN;EUR;87;117.92000000;463;EXCHANGE_LAST;;1;1;XEUR;10804525;689;
31.10.2024;13:32:10.189;FGBM SI 20241206 PS;SIMPLE_INSTRUMENT;EFP_FIN;EUR;88;117.91000000;147;EXCHANGE_LAST;;1;1;XEUR;10804525;689;
31.10.2024;13:36:21.347;FGBM SI 20241206 PS;SIMPLE_INSTRUMENT;EFS;EUR;89;117.84000000;1099;EXCHANGE_LAST;;1;1;XEUR;10804525;689;
31.10.2024;13:36:20.018;FGBM SI 20241206 PS;SIMPLE_INSTRUMENT;EFS;EUR;90;117.85000000;431;EXCHANGE_LAST;;1;1;XEUR;10804525;689;
31.10.2024;13:37:27.346;FGBM SI 20241206 PS;SIMPLE_INSTRUMENT;EFS;EUR;91;117.88000000;863;EXCHANGE_LAST;;1;1;XEUR;10804525;689;
31.10.2024;13:42:47.759;FGBM SI 20241206 PS;SIMPLE_INSTRUMENT;EFP_FIN;EUR;92;118.01000000;741;EXCHANGE_LAST;;1;1;XEUR;10804525;689;
31.10.2024;13:46:02.204;FGBM SI 20241206 PS;SIMPLE_INSTRUMENT;EFS;EUR;93;117.79000000;1293;EXCHANGE_LAST;;1;1;XEUR;10804525;689;
31.10.2024;13:47:02.380;FGBM SI 20241206 PS;SIMPLE_INSTRUMENT;EFS;EUR;94;117.83000000;2590;EXCHANGE_LAST;;1;1;XEUR;10804525;689;
31.10.2024;13:50:43.082;FGBM SI 20241206 PS;SIMPLE_INSTRUMENT;EFS;EUR;95;117.77000000;864;EXCHANGE_LAST;;1;1;XEUR;10804525;689;
31.10.2024;13:50:58.095;FGBM SI 20241206 PS;SIMPLE_INSTRUMENT;EFS;EUR;96;117.77000000;432;EXCHANGE_LAST;;1;1;XEUR;10804525;689;
31.10.2024;13:52:13.152;FGBM SI 20241206 PS;SIMPLE_INSTRUMENT;EFS;EUR;97;117.77000000;432;EXCHANGE_LAST;;1;1;XEUR;10804525;689;
31.10.2024;13:52:27.164;FGBM SI 20241206 PS;SIMPLE_INSTRUMENT;EFS;EUR;98;117.79000000;2590;EXCHANGE_LAST;;1;1;XEUR;10804525;689;
31.10.2024;13:56:38.023;FGBM SI 20241206 PS;SIMPLE_INSTRUMENT;EFS;EUR;99;117.77000000;1879;EXCHANGE_LAST;;1;1;XEUR;10804525;689;
31.10.2024;13:58:19.448;FGBM SI 20241206 PS;SIMPLE_INSTRUMENT;EFS;EUR;100;117.72000000;864;EXCHANGE_LAST;;1;1;XEUR;10804525;689;
31.10.2024;14:03:23.775;FGBM SI 20241206 PS;SIMPLE_INSTRUMENT;EFS;EUR;101;117.79000000;1879;EXCHANGE_LAST;;1;1;XEUR;10804525;689;
31.10.2024;14:06:01.962;FGBM SI 20241206 PS;SIMPLE_INSTRUMENT;EFP_FIN;EUR;102;117.79000000;235;EXCHANGE_LAST;;1;1;XEUR;10804525;689;
31.10.2024;14:06:21.792;FGBM SI 20241206 PS;SIMPLE_INSTRUMENT;EFS;EUR;103;117.72000000;431;EXCHANGE_LAST;;1;1;XEUR;10804525;689;
31.10.2024;14:08:11.445;FGBM SI 20241206 PS;SIMPLE_INSTRUMENT;EFS;EUR;104;117.74000000;849;EXCHANGE_LAST;;1;1;XEUR;10804525;689;
31.10.2024;14:13:21.761;FGBM SI 20241206 PS;SIMPLE_INSTRUMENT;EFP_FIN;EUR;105;117.72000000;221;EXCHANGE_LAST;;1;1;XEUR;10804525;689;
31.10.2024;14:15:27.768;FGBM SI 20241206 PS;SIMPLE_INSTRUMENT;EFS;EUR;106;117.75000000;1882;EXCHANGE_LAST;;1;1;XEUR;10804525;689;
31.10.2024;14:20:40.690;FGBM SI 20241206 PS;SIMPLE_INSTRUMENT;EFS;EUR;107;117.87000000;862;EXCHANGE_LAST;;1;1;XEUR;10804525;689;
31.10.2024;14:22:53.721;FGBM SI 20241206 PS;SIMPLE_INSTRUMENT;EFS;EUR;108;117.88000000;1837;EXCHANGE_LAST;;1;1;XEUR;10804525;689;
31.10.2024;14:25:09.097;FGBM SI 20241206 PS;SIMPLE_INSTRUMENT;EFS;EUR;109;117.70000000;470;EXCHANGE_LAST;;1;1;XEUR;10804525;689;
31.10.2024;14:27:25.822;FGBM SI 20241206 PS;SIMPLE_INSTRUMENT;EFS;EUR;110;117.94000000;375;EXCHANGE_LAST;;1;1;XEUR;10804525;689;
31.10.2024;14:28:01.554;FGBM SI 20241206 PS;SIMPLE_INSTRUMENT;EFS;EUR;111;117.92000000;173;EXCHANGE_LAST;;1;1;XEUR;10804525;689;
31.10.2024;14:31:07.267;FGBM SI 20241206 PS;SIMPLE_INSTRUMENT;EFS;EUR;112;117.87000000;863;EXCHANGE_LAST;;1;1;XEUR;10804525;689;
31.10.2024;14:32:09.356;FGBM SI 20241206 PS;SIMPLE_INSTRUMENT;EFP_FIN;EUR;113;117.73000000;308;EXCHANGE_LAST;;1;1;XEUR;10804525;689;
31.10.2024;14:32:03.308;FGBM SI 20241206 PS;SIMPLE_INSTRUMENT;EFP_FIN;EUR;114;117.86000000;255;EXCHANGE_LAST;;1;1;XEUR;10804525;689;
31.10.2024;14:34:02.577;FGBM SI 20241206 PS;SIMPLE_INSTRUMENT;EFS;EUR;115;117.86000000;863;EXCHANGE_LAST;;1;1;XEUR;10804525;689;
31.10.2024;14:34:46.250;FGBM SI 20241206 PS;SIMPLE_INSTRUMENT;EFS;EUR;116;117.73000000;940;EXCHANGE_LAST;;1;1;XEUR;10804525;689;
31.10.2024;14:35:39.722;FGBM SI 20241206 PS;SIMPLE_INSTRUMENT;BLOCK;EUR;117;117.97000000;4500;EXCHANGE_LAST;;1;1;XEUR;10804525;689;
31.10.2024;14:39:30.842;FGBM SI 20241206 PS;SIMPLE_INSTRUMENT;EFS;EUR;118;117.87000000;431;EXCHANGE_LAST;;1;1;XEUR;10804525;689;
31.10.2024;14:43:01.927;FGBM SI 20241206 PS;SIMPLE_INSTRUMENT;EFS;EUR;119;117.91000000;9382;EXCHANGE_LAST;;1;1;XEUR;10804525;689;
31.10.2024;14:44:03.497;FGBM SI 20241206 PS;SIMPLE_INSTRUMENT;EFS;EUR;120;117.86000000;4539;EXCHANGE_LAST;;1;1;XEUR;10804525;689;
31.10.2024;14:55:56.074;FGBM SI 20241206 PS;SIMPLE_INSTRUMENT;EFS;EUR;121;117.93000000;817;EXCHANGE_LAST;;1;1;XEUR;10804525;689;
31.10.2024;14:56:45.836;FGBM SI 20241206 PS;SIMPLE_INSTRUMENT;EFS;EUR;122;117.87000000;939;EXCHANGE_LAST;;1;1;XEUR;10804525;689;
31.10.2024;14:59:44.004;FGBM SI 20241206 PS;SIMPLE_INSTRUMENT;EFP_FIN;EUR;123;117.88000000;864;EXCHANGE_LAST;;1;1;XEUR;10804525;689;
31.10.2024;15:04:10.087;FGBM SI 20241206 PS;SIMPLE_INSTRUMENT;EFP_FIN;EUR;124;117.90000000;78;EXCHANGE_LAST;;1;1;XEUR;10804525;689;
31.10.2024;15:06:03.153;FGBM SI 20241206 PS;SIMPLE_INSTRUMENT;EFS;EUR;125;117.87000000;850;EXCHANGE_LAST;;1;1;XEUR;10804525;689;
31.10.2024;15:06:14.504;FGBM SI 20241206 PS;SIMPLE_INSTRUMENT;EFP_FIN;EUR;126;117.88000000;224;EXCHANGE_LAST;;1;1;XEUR;10804525;689;
31.10.2024;15:06:45.712;FGBM SI 20241206 PS;SIMPLE_INSTRUMENT;EFS;EUR;127;117.88000000;927;EXCHANGE_LAST;;1;1;XEUR;10804525;689;
31.10.2024;15:23:37.644;FGBM SI 20241206 PS;SIMPLE_INSTRUMENT;EFS;EUR;129;117.92000000;200;EXCHANGE_LAST;;1;1;XEUR;10804525;689;
31.10.2024;15:27:58.081;FGBM SI 20241206 PS;SIMPLE_INSTRUMENT;EFS;EUR;130;117.96000000;863;EXCHANGE_LAST;;1;1;XEUR;10804525;689;
31.10.2024;15:30:53.267;FGBM SI 20241206 PS;SIMPLE_INSTRUMENT;EFS;EUR;131;117.91000000;604;EXCHANGE_LAST;;1;1;XEUR;10804525;689;
31.10.2024;15:35:23.808;FGBM SI 20241206 PS;SIMPLE_INSTRUMENT;EFP_FIN;EUR;132;117.93000000;771;EXCHANGE_LAST;;1;1;XEUR;10804525;689;
31.10.2024;15:36:22.109;FGBM SI 20241206 PS;SIMPLE_INSTRUMENT;EFS;EUR;133;117.93000000;1728;EXCHANGE_LAST;;1;1;XEUR;10804525;689;
31.10.2024;15:36:33.609;FGBM SI 20241206 PS;SIMPLE_INSTRUMENT;EFS;EUR;134;117.94000000;863;EXCHANGE_LAST;;1;1;XEUR;10804525;689;
31.10.2024;15:48:39.886;FGBM SI 20241206 PS;SIMPLE_INSTRUMENT;EFP_FIN;EUR;135;117.96000000;772;EXCHANGE_LAST;;1;1;XEUR;10804525;689;
31.10.2024;15:52:19.605;FGBM SI 20241206 PS;SIMPLE_INSTRUMENT;EFS;EUR;136;117.92000000;427;EXCHANGE_LAST;;1;1;XEUR;10804525;689;
31.10.2024;15:51:56.674;FGBM SI 20241206 PS;SIMPLE_INSTRUMENT;EFP_FIN;EUR;137;117.95000000;886;EXCHANGE_LAST;;1;1;XEUR;10804525;689;
31.10.2024;16:05:49.793;FGBM SI 20241206 PS;SIMPLE_INSTRUMENT;EFS;EUR;138;118.12000000;374;EXCHANGE_LAST;;1;1;XEUR;10804525;689;
31.10.2024;16:03:17.273;FGBM SI 20241206 PS;SIMPLE_INSTRUMENT;EFP_FIN;EUR;139;118.00000000;900;EXCHANGE_LAST;;1;1;XEUR;10804525;689;
31.10.2024;16:07:52.393;FGBM SI 20241206 PS;SIMPLE_INSTRUMENT;EFS;EUR;140;117.97000000;3456;EXCHANGE_LAST;;1;1;XEUR;10804525;689;
31.10.2024;16:08:18.690;FGBM SI 20241206 PS;SIMPLE_INSTRUMENT;EFS;EUR;141;118.04000000;937;EXCHANGE_LAST;;1;1;XEUR;10804525;689;
31.10.2024;16:12:22.954;FGBM SI 20241206 PS;SIMPLE_INSTRUMENT;EFS;EUR;142;118.11000000;936;EXCHANGE_LAST;;1;1;XEUR;10804525;689;
31.10.2024;16:12:44.538;FGBM SI 20241206 PS;SIMPLE_INSTRUMENT;EFP_FIN;EUR;143;118.14000000;139;EXCHANGE_LAST;;1;1;XEUR;10804525;689;
31.10.2024;16:18:02.808;FGBM SI 20241206 PS;SIMPLE_INSTRUMENT;EFS;EUR;144;118.15000000;936;EXCHANGE_LAST;;1;1;XEUR;10804525;689;
31.10.2024;16:19:17.010;FGBM SI 20241206 PS;SIMPLE_INSTRUMENT;EFS;EUR;145;117.89000000;424;EXCHANGE_LAST;;1;1;XEUR;10804525;689;
31.10.2024;16:20:13.789;FGBM SI 20241206 PS;SIMPLE_INSTRUMENT;EFS;EUR;146;118.16000000;431;EXCHANGE_LAST;;1;1;XEUR;10804525;689;
31.10.2024;16:21:57.556;FGBM SI 20241206 PS;SIMPLE_INSTRUMENT;EFS;EUR;147;118.14000000;468;EXCHANGE_LAST;;1;1;XEUR;10804525;689;
31.10.2024;16:23:28.128;FGBM SI 20241206 PS;SIMPLE_INSTRUMENT;EFS;EUR;148;118.15000000;863;EXCHANGE_LAST;;1;1;XEUR;10804525;689;
31.10.2024;16:24:46.898;FGBM SI 20241206 PS;SIMPLE_INSTRUMENT;EFS;EUR;149;118.16000000;936;EXCHANGE_LAST;;1;1;XEUR;10804525;689;
31.10.2024;16:27:29.786;FGBM SI 20241206 PS;SIMPLE_INSTRUMENT;EFS;EUR;150;118.15000000;431;EXCHANGE_LAST;;1;1;XEUR;10804525;689;
31.10.2024;16:29:24.539;FGBM SI 20241206 PS;SIMPLE_INSTRUMENT;EFP_FIN;EUR;151;118.11000000;423;EXCHANGE_LAST;;1;1;XEUR;10804525;689;
31.10.2024;16:36:12.688;FGBM SI 20241206 PS;SIMPLE_INSTRUMENT;EFS;EUR;152;118.17000000;937;EXCHANGE_LAST;;1;1;XEUR;10804525;689;
31.10.2024;16:39:18.774;FGBM SI 20241206 PS;SIMPLE_INSTRUMENT;EFS;EUR;153;118.12000000;423;EXCHANGE_LAST;;1;1;XEUR;10804525;689;
31.10.2024;16:44:33.325;FGBM SI 20241206 PS;SIMPLE_INSTRUMENT;EFS;EUR;154;118.12000000;860;EXCHANGE_LAST;;1;1;XEUR;10804525;689;
31.10.2024;16:45:21.947;FGBM SI 20241206 PS;SIMPLE_INSTRUMENT;EFS;EUR;155;118.09000000;860;EXCHANGE_LAST;;1;1;XEUR;10804525;689;
31.10.2024;17:32:56.287;FGBM SI 20241206 PS;SIMPLE_INSTRUMENT;EFS;EUR;156;118.21000000;860;EXCHANGE_LAST;;1;1;XEUR;10804525;689;
31.10.2024;08:29:25.519;FGBS SI 20241206 PS;SIMPLE_INSTRUMENT;EFS;EUR;1;106.56500000;5026;EXCHANGE_LAST;;1;1;XEUR;10804527;690;
31.10.2024;08:40:01.694;FGBS SI 20241206 PS;SIMPLE_INSTRUMENT;EFS;EUR;2;106.54500000;2487;EXCHANGE_LAST;;1;1;XEUR;10804527;690;
31.10.2024;08:59:25.571;FGBS SI 20241206 PS;SIMPLE_INSTRUMENT;EFP_FIN;EUR;3;106.56000000;524;EXCHANGE_LAST;;1;1;XEUR;10804527;690;
31.10.2024;09:01:20.262;FGBS SI 20241206 PS;SIMPLE_INSTRUMENT;EFS;EUR;4;106.57500000;3769;EXCHANGE_LAST;;1;1;XEUR;10804527;690;
31.10.2024;09:08:56.178;FGBS SI 20241206 PS;SIMPLE_INSTRUMENT;EFS;EUR;5;106.56000000;1262;EXCHANGE_LAST;;1;1;XEUR;10804527;690;
31.10.2024;09:20:25.547;FGBS SI 20241206 PS;SIMPLE_INSTRUMENT;EFS;EUR;6;106.58000000;3771;EXCHANGE_LAST;;1;1;XEUR;10804527;690;
31.10.2024;09:21:40.628;FGBS SI 20241206 PS;SIMPLE_INSTRUMENT;EFP_FIN;EUR;7;106.56000000;524;EXCHANGE_LAST;;1;1;XEUR;10804527;690;
31.10.2024;09:24:16.465;FGBS SI 20241206 PS;SIMPLE_INSTRUMENT;EFP_FIN;EUR;8;106.51500000;2095;EXCHANGE_LAST;;1;1;XEUR;10804527;690;
31.10.2024;09:26:57.417;FGBS SI 20241206 PS;SIMPLE_INSTRUMENT;EFS;EUR;9;106.51000000;1092;EXCHANGE_LAST;;1;1;XEUR;10804527;690;
31.10.2024;09:35:14.735;FGBS SI 20241206 PS;SIMPLE_INSTRUMENT;EFP_FIN;EUR;10;106.52000000;340;EXCHANGE_LAST;;1;1;XEUR;10804527;690;
31.10.2024;09:39:23.098;FGBS SI 20241206 PS;SIMPLE_INSTRUMENT;EFP_FIN;EUR;11;106.49000000;1229;EXCHANGE_LAST;;1;1;XEUR;10804527;690;
31.10.2024;09:40:22.829;FGBS SI 20241206 PS;SIMPLE_INSTRUMENT;EFP_FIN;EUR;12;106.50000000;2096;EXCHANGE_LAST;;1;1;XEUR;10804527;690;
31.10.2024;09:44:59.434;FGBS SI 20241206 PS;SIMPLE_INSTRUMENT;EFP_FIN;EUR;13;106.51500000;276;EXCHANGE_LAST;;1;1;XEUR;10804527;690;
31.10.2024;09:44:02.787;FGBS SI 20241206 PS;SIMPLE_INSTRUMENT;EFS;EUR;14;106.51000000;2511;EXCHANGE_LAST;;1;1;XEUR;10804527;690;
31.10.2024;09:45:14.764;FGBS SI 20241206 PS;SIMPLE_INSTRUMENT;EFP_FIN;EUR;15;106.50000000;545;EXCHANGE_LAST;;1;1;XEUR;10804527;690;
31.10.2024;09:49:43.631;FGBS SI 20241206 PS;SIMPLE_INSTRUMENT;EFS;EUR;16;106.48500000;5465;EXCHANGE_LAST;;1;1;XEUR;10804527;690;
31.10.2024;09:52:02.071;FGBS SI 20241206 PS;SIMPLE_INSTRUMENT;EFP_FIN;EUR;17;106.50000000;1048;EXCHANGE_LAST;;1;1;XEUR;10804527;690;
31.10.2024;09:52:28.782;FGBS SI 20241206 PS;SIMPLE_INSTRUMENT;EFS;EUR;18;106.54500000;2730;EXCHANGE_LAST;;1;1;XEUR;10804527;690;
31.10.2024;09:52:51.183;FGBS SI 20241206 PS;SIMPLE_INSTRUMENT;EFP_FIN;EUR;19;106.50000000;524;EXCHANGE_LAST;;1;1;XEUR;10804527;690;
31.10.2024;09:53:07.222;FGBS SI 20241206 PS;SIMPLE_INSTRUMENT;EFP_FIN;EUR;20;106.50000000;314;EXCHANGE_LAST;;1;1;XEUR;10804527;690;
31.10.2024;09:54:14.252;FGBS SI 20241206 PS;SIMPLE_INSTRUMENT;EFS;EUR;21;106.49000000;2732;EXCHANGE_LAST;;1;1;XEUR;10804527;690;
31.10.2024;10:01:40.362;FGBS SI 20241206 PS;SIMPLE_INSTRUMENT;EFP_FIN;EUR;22;106.51000000;862;EXCHANGE_LAST;;1;1;XEUR;10804527;690;
31.10.2024;10:01:59.638;FGBS SI 20241206 PS;SIMPLE_INSTRUMENT;EFS;EUR;23;106.49500000;1258;EXCHANGE_LAST;;1;1;XEUR;10804527;690;
31.10.2024;10:20:03.895;FGBS SI 20241206 PS;SIMPLE_INSTRUMENT;EFS;EUR;24;106.50000000;3770;EXCHANGE_LAST;;1;1;XEUR;10804527;690;
31.10.2024;10:28:10.477;FGBS SI 20241206 PS;SIMPLE_INSTRUMENT;EFP_FIN;EUR;25;106.53000000;235;EXCHANGE_LAST;;1;1;XEUR;10804527;690;
31.10.2024;10:28:39.001;FGBS SI 20241206 PS;SIMPLE_INSTRUMENT;EFP_FIN;EUR;26;106.54500000;383;EXCHANGE_LAST;;1;1;XEUR;10804527;690;
31.10.2024;10:32:41.940;FGBS SI 20241206 PS;SIMPLE_INSTRUMENT;EFP_FIN;EUR;27;106.54000000;336;EXCHANGE_LAST;;1;1;XEUR;10804527;690;
31.10.2024;10:39:07.332;FGBS SI 20241206 PS;SIMPLE_INSTRUMENT;EFS;EUR;28;106.54000000;2730;EXCHANGE_LAST;;1;1;XEUR;10804527;690;
31.10.2024;10:49:20.137;FGBS SI 20241206 PS;SIMPLE_INSTRUMENT;EFP_FIN;EUR;29;106.54000000;336;EXCHANGE_LAST;;1;1;XEUR;10804527;690;
31.10.2024;10:41:42.613;FGBS SI 20241206 PS;SIMPLE_INSTRUMENT;EFS;EUR;30;106.54000000;2730;EXCHANGE_LAST;;1;1;XEUR;10804527;690;
31.10.2024;10:41:57.682;FGBS SI 20241206 PS;SIMPLE_INSTRUMENT;EFS;EUR;31;106.52500000;1911;EXCHANGE_LAST;;1;1;XEUR;10804527;690;
31.10.2024;10:42:18.986;FGBS SI 20241206 PS;SIMPLE_INSTRUMENT;EFS;EUR;32;106.52500000;2731;EXCHANGE_LAST;;1;1;XEUR;10804527;690;
31.10.2024;10:42:11.712;FGBS SI 20241206 PS;SIMPLE_INSTRUMENT;EFP_FIN;EUR;33;106.54000000;1343;EXCHANGE_LAST;;1;1;XEUR;10804527;690;
31.10.2024;10:45:35.721;FGBS SI 20241206 PS;SIMPLE_INSTRUMENT;EFS;EUR;34;106.54000000;2730;EXCHANGE_LAST;;1;1;XEUR;10804527;690;
31.10.2024;10:47:40.947;FGBS SI 20241206 PS;SIMPLE_INSTRUMENT;EFP_FIN;EUR;35;106.51500000;1572;EXCHANGE_LAST;;1;1;XEUR;10804527;690;
31.10.2024;10:47:49.948;FGBS SI 20241206 PS;SIMPLE_INSTRUMENT;EFP_FIN;EUR;36;106.54000000;1048;EXCHANGE_LAST;;1;1;XEUR;10804527;690;
31.10.2024;10:47:49.053;FGBS SI 20241206 PS;SIMPLE_INSTRUMENT;EFS;EUR;37;106.53500000;5462;EXCHANGE_LAST;;1;1;XEUR;10804527;690;
31.10.2024;11:06:35.884;FGBS SI 20241206 PS;SIMPLE_INSTRUMENT;EFS;EUR;38;106.53000000;1365;EXCHANGE_LAST;;1;1;XEUR;10804527;690;
31.10.2024;11:15:39.421;FGBS SI 20241206 PS;SIMPLE_INSTRUMENT;EFS;EUR;39;106.52500000;2433;EXCHANGE_LAST;;1;1;XEUR;10804527;690;
31.10.2024;11:27:13.116;FGBS SI 20241206 PS;SIMPLE_INSTRUMENT;EFP_FIN;EUR;41;106.53500000;2095;EXCHANGE_LAST;;1;1;XEUR;10804527;690;
31.10.2024;11:33:56.603;FGBS SI 20241206 PS;SIMPLE_INSTRUMENT;EFS;EUR;42;106.53000000;2513;EXCHANGE_LAST;;1;1;XEUR;10804527;690;
31.10.2024;11:36:20.061;FGBS SI 20241206 PS;SIMPLE_INSTRUMENT;EFP_FIN;EUR;44;106.53500000;1078;EXCHANGE_LAST;;1;1;XEUR;10804527;690;
31.10.2024;11:36:48.045;FGBS SI 20241206 PS;SIMPLE_INSTRUMENT;EFS;EUR;45;106.53500000;2513;EXCHANGE_LAST;;1;1;XEUR;10804527;690;
31.10.2024;11:58:52.677;FGBS SI 20241206 PS;SIMPLE_INSTRUMENT;EFS;EUR;49;106.51000000;2500;EXCHANGE_LAST;;1;1;XEUR;10804527;690;
31.10.2024;12:02:45.637;FGBS SI 20241206 PS;SIMPLE_INSTRUMENT;EFP_FIN;EUR;50;106.54000000;524;EXCHANGE_LAST;;1;1;XEUR;10804527;690;
31.10.2024;12:06:11.387;FGBS SI 20241206 PS;SIMPLE_INSTRUMENT;EFS;EUR;51;106.52000000;2516;EXCHANGE_LAST;;1;1;XEUR;10804527;690;
31.10.2024;12:08:39.181;FGBS SI 20241206 PS;SIMPLE_INSTRUMENT;EFP_FIN;EUR;52;106.54000000;1048;EXCHANGE_LAST;;1;1;XEUR;10804527;690;
31.10.2024;12:24:07.104;FGBS SI 20241206 PS;SIMPLE_INSTRUMENT;EFS;EUR;54;106.51500000;1235;EXCHANGE_LAST;;1;1;XEUR;10804527;690;
31.10.2024;12:25:00.952;FGBS SI 20241206 PS;SIMPLE_INSTRUMENT;EFS;EUR;55;106.51500000;1235;EXCHANGE_LAST;;1;1;XEUR;10804527;690;
31.10.2024;12:28:54.651;FGBS SI 20241206 PS;SIMPLE_INSTRUMENT;EFS;EUR;56;106.52000000;2731;EXCHANGE_LAST;;1;1;XEUR;10804527;690;
31.10.2024;12:45:10.203;FGBS SI 20241206 PS;SIMPLE_INSTRUMENT;EFS;EUR;57;106.48500000;2732;EXCHANGE_LAST;;1;1;XEUR;10804527;690;
31.10.2024;13:00:23.561;FGBS SI 20241206 PS;SIMPLE_INSTRUMENT;EFP_FIN;EUR;58;106.50000000;638;EXCHANGE_LAST;;1;1;XEUR;10804527;690;
31.10.2024;13:02:26.100;FGBS SI 20241206 PS;SIMPLE_INSTRUMENT;EFP_FIN;EUR;59;106.49000000;473;EXCHANGE_LAST;;1;1;XEUR;10804527;690;
31.10.2024;13:11:00.677;FGBS SI 20241206 PS;SIMPLE_INSTRUMENT;EFP_FIN;EUR;60;106.47000000;713;EXCHANGE_LAST;;1;1;XEUR;10804527;690;
31.10.2024;13:22:56.632;FGBS SI 20241206 PS;SIMPLE_INSTRUMENT;EFP_FIN;EUR;61;106.47000000;3904;EXCHANGE_LAST;;1;1;XEUR;10804527;690;
31.10.2024;13:40:01.981;FGBS SI 20241206 PS;SIMPLE_INSTRUMENT;EFS;EUR;62;106.43000000;13847;EXCHANGE_LAST;;1;1;XEUR;10804527;690;
31.10.2024;13:42:43.918;FGBS SI 20241206 PS;SIMPLE_INSTRUMENT;EFS;EUR;63;106.43500000;4102;EXCHANGE_LAST;;1;1;XEUR;10804527;690;
31.10.2024;13:45:54.182;FGBS SI 20241206 PS;SIMPLE_INSTRUMENT;EFS;EUR;64;106.44000000;4102;EXCHANGE_LAST;;1;1;XEUR;10804527;690;
31.10.2024;13:51:27.585;FGBS SI 20241206 PS;SIMPLE_INSTRUMENT;BLOCK;EUR;65;106.41500000;7542;EXCHANGE_LAST;;1;1;XEUR;10804527;690;
31.10.2024;13:58:33.866;FGBS SI 20241206 PS;SIMPLE_INSTRUMENT;BLOCK;EUR;66;106.40000000;5472;EXCHANGE_LAST;;1;1;XEUR;10804527;690;
31.10.2024;14:03:27.748;FGBS SI 20241206 PS;SIMPLE_INSTRUMENT;BLOCK;EUR;67;106.45000000;4730;EXCHANGE_LAST;;1;1;XEUR;10804527;690;
31.10.2024;14:10:19.125;FGBS SI 20241206 PS;SIMPLE_INSTRUMENT;EFP_FIN;EUR;68;106.40000000;638;EXCHANGE_LAST;;1;1;XEUR;10804527;690;
31.10.2024;14:13:00.060;FGBS SI 20241206 PS;SIMPLE_INSTRUMENT;EFS;EUR;69;106.39000000;636;EXCHANGE_LAST;;1;1;XEUR;10804527;690;
31.10.2024;14:17:12.787;FGBS SI 20241206 PS;SIMPLE_INSTRUMENT;EFP_FIN;EUR;70;106.40000000;110;EXCHANGE_LAST;;1;1;XEUR;10804527;690;
31.10.2024;14:20:42.817;FGBS SI 20241206 PS;SIMPLE_INSTRUMENT;EFS;EUR;71;106.39000000;15873;EXCHANGE_LAST;;1;1;XEUR;10804527;690;
31.10.2024;14:25:29.834;FGBS SI 20241206 PS;SIMPLE_INSTRUMENT;EFS;EUR;72;106.47000000;4100;EXCHANGE_LAST;;1;1;XEUR;10804527;690;
31.10.2024;14:26:33.278;FGBS SI 20241206 PS;SIMPLE_INSTRUMENT;BLOCK;EUR;73;106.46000000;5467;EXCHANGE_LAST;;1;1;XEUR;10804527;690;
31.10.2024;14:29:07.034;FGBS SI 20241206 PS;SIMPLE_INSTRUMENT;EFS;EUR;74;106.46500000;4100;EXCHANGE_LAST;;1;1;XEUR;10804527;690;
31.10.2024;14:31:42.510;FGBS SI 20241206 PS;SIMPLE_INSTRUMENT;EFS;EUR;75;106.49000000;1366;EXCHANGE_LAST;;1;1;XEUR;10804527;690;
31.10.2024;14:32:48.474;FGBS SI 20241206 PS;SIMPLE_INSTRUMENT;EFS;EUR;76;106.39000000;2737;EXCHANGE_LAST;;1;1;XEUR;10804527;690;
31.10.2024;14:34:28.131;FGBS SI 20241206 PS;SIMPLE_INSTRUMENT;EFS;EUR;77;106.45000000;1913;EXCHANGE_LAST;;1;1;XEUR;10804527;690;
31.10.2024;14:37:55.373;FGBS SI 20241206 PS;SIMPLE_INSTRUMENT;EFS;EUR;78;106.39000000;2723;EXCHANGE_LAST;;1;1;XEUR;10804527;690;
31.10.2024;14:57:23.535;FGBS SI 20241206 PS;SIMPLE_INSTRUMENT;EFP_FIN;EUR;79;106.48000000;1424;EXCHANGE_LAST;;1;1;XEUR;10804527;690;
31.10.2024;15:00:13.125;FGBS SI 20241206 PS;SIMPLE_INSTRUMENT;EFS;EUR;80;106.45500000;2734;EXCHANGE_LAST;;1;1;XEUR;10804527;690;
31.10.2024;15:06:50.481;FGBS SI 20241206 PS;SIMPLE_INSTRUMENT;EFS;EUR;81;106.42000000;1258;EXCHANGE_LAST;;1;1;XEUR;10804527;690;
31.10.2024;15:17:24.364;FGBS SI 20241206 PS;SIMPLE_INSTRUMENT;EFS;EUR;82;106.46500000;10071;EXCHANGE_LAST;;1;1;XEUR;10804527;690;
31.10.2024;15:38:12.556;FGBS SI 20241206 PS;SIMPLE_INSTRUMENT;EFP_FIN;EUR;83;106.47500000;607;EXCHANGE_LAST;;1;1;XEUR;10804527;690;
31.10.2024;15:45:11.820;FGBS SI 20241206 PS;SIMPLE_INSTRUMENT;EFS;EUR;84;106.49000000;2514;EXCHANGE_LAST;;1;1;XEUR;10804527;690;
