#Date;TrdTime;Contract;ContractType;TrdTyp;Currency;TesId;Prc;Qty;TrdInd;Aggressor;Buy;Sell;Exch;InstrumentId;RelatedProdId;PrcDecomp
18.03.2025;14:43:55.572;2FE SI 20250619 PS AM P 320.00 0;SIMPLE_INSTRUMENT;BLOCK;EUR;14;3.31550000;100;EXCHANGE_LAST;;1;1;XEUR;9533685;57129;
18.03.2025;14:43:56.270;2FE SI 20251218 PS AM P 340.00 0;SIMPLE_INSTRUMENT;BLOCK;EUR;15;13.91550000;100;EXCHANGE_LAST;;1;1;XEUR;12424359;57129;
18.03.2025;13:46:11.396;A2SG SI 20250620 CS;SIMPLE_INSTRUMENT;BLOCK;EUR;129;1.42000000;1000;EXCHANGE_LAST;;2;1;XEUR;10827627;14;
18.03.2025;17:02:08.573;A2SM SI 20261218 CS;SIMPLE_INSTRUMENT;BLOCK;EUR;227;7.90000000;54;EXCHANGE_LAST;;1;1;XEUR;6796961;15;
18.03.2025;14:42:33.989;A3NN SI 20251219 CS;SIMPLE_INSTRUMENT;BLOCK;EUR;157;1.16000000;500;EXCHANGE_LAST;;1;2;XEUR;7365514;464375;
18.03.2025;12:49:37.759;AALG SI 20250321 CS;SIMPLE_INSTRUMENT;BLOCK;GBX;105;2383.00000000;232;EXCHANGE_LAST;;1;1;XEUR;10692093;23;
18.03.2025;12:07:38.518;ABBG SI 20250321 CS;SIMPLE_INSTRUMENT;BLOCK;CHF;71;49.60000000;5500;EXCHANGE_LAST;;1;1;XEUR;10736154;574520;
18.03.2025;12:39:46.976;ABBG.S.MAR25.JUN25.SPD;FUTURES_SPREAD;BLOCK;CHF;94;0.53000000;2000;EXCHANGE_LAST;;1;1;XEUR;74525138648825909;574520;
18.03.2025;12:39:46.976;ABBG SI 20250620 CS;SIMPLE_INSTRUMENT;BLOCK;CHF;94;48.74530000;2000;PRC_DECOMP_EXCHANGE;;;;XEUR;11209548;574520;EXCHANGE
18.03.2025;12:39:46.976;ABBG SI 20250321 CS;SIMPLE_INSTRUMENT;BLOCK;CHF;94;49.27530000;2000;PRC_DECOMP_EXCHANGE;;;;XEUR;10736154;574520;EXCHANGE
18.03.2025;11:40:14.057;ADEN SI 20250321 PS AM C 29.50 0;SIMPLE_INSTRUMENT;BLOCK;CHF;30;0.43000000;677;EXCHANGE_LAST;;1;1;XEUR;12883654;44;
18.03.2025;11:41:23.500;ADEN SI 20250919 PS AM P 26.00 0;SIMPLE_INSTRUMENT;BLOCK;CHF;32;1.40000000;1000;EXCHANGE_LAST;;1;1;XEUR;11870237;44;
18.03.2025;11:49:50.120;ADEN SI 20251219 PS AM P 18.00 0;SIMPLE_INSTRUMENT;BLOCK;CHF;34;0.36000000;2000;EXCHANGE_LAST;;1;1;XEUR;8107751;44;
18.03.2025;12:17:12.392;ADEN SI 20251219 PS AM P 18.00 0;SIMPLE_INSTRUMENT;BLOCK;CHF;36;0.36000000;1000;EXCHANGE_LAST;;1;1;XEUR;8107751;44;
18.03.2025;15:29:02.236;ADEN SI 20250321 PS AM C 29.50 0;SIMPLE_INSTRUMENT;BLOCK;CHF;68;0.48000000;677;EXCHANGE_LAST;;1;1;XEUR;12883654;44;
18.03.2025;15:50:42.751;ADEN SI 20250321 PS AM C 29.50 0;SIMPLE_INSTRUMENT;BLOCK;CHF;70;0.49000000;609;EXCHANGE_LAST;;1;1;XEUR;12883654;44;
18.03.2025;16:22:24.903;ADEN SI 20250321 PS AM C 29.50 0;SIMPLE_INSTRUMENT;BLOCK;CHF;74;0.55000000;1420;EXCHANGE_LAST;;1;1;XEUR;12883654;44;
18.03.2025;12:05:06.551;ADS SI 20250417 PS AM C 220.00 0;SIMPLE_INSTRUMENT;BLOCK;EUR;20;10.75000000;300;EXCHANGE_LAST;;1;1;XEUR;12613480;50;
18.03.2025;12:18:13.668;ADS SI 20250417 PS AM C 230.00 0;SIMPLE_INSTRUMENT;BLOCK;EUR;22;6.15000000;300;EXCHANGE_LAST;;1;1;XEUR;12613476;50;
18.03.2025;14:31:05.519;ADSG SI 20250321 CS;SIMPLE_INSTRUMENT;BLOCK;EUR;145;222.00000000;2300;EXCHANGE_LAST;;1;1;XEUR;10692279;48;
18.03.2025;10:12:11.326;AI3A SI 20251219 PS AM C 78.00 0;SIMPLE_INSTRUMENT;BLOCK;EUR;2;2.90000000;500;EXCHANGE_LAST;;1;1;XEUR;12476533;77252;
18.03.2025;08:40:27.245;ALV SI 20251219 PS AM P 250.00 0;SIMPLE_INSTRUMENT;BLOCK;EUR;1;3.10000000;6400;EXCHANGE_LAST;;1;1;XEUR;11151281;74;
18.03.2025;08:40:33.853;ALV SI 20260619 PS AM P 310.00 0;SIMPLE_INSTRUMENT;BLOCK;EUR;2;17.45000000;1400;EXCHANGE_LAST;;1;1;XEUR;12715885;74;
18.03.2025;08:44:12.438;ALV SI 20250321 PS AM C 355.00 0;SIMPLE_INSTRUMENT;BLOCK;EUR;4;3.55000000;300;EXCHANGE_LAST;;1;1;XEUR;12607087;74;
18.03.2025;11:39:47.093;ALV SI 20261218 PS AM P 320.00 0;SIMPLE_INSTRUMENT;BLOCK;EUR;5;23.30000000;700;EXCHANGE_LAST;;2;2;XEUR;7152542;74;
18.03.2025;15:50:53.646;ALV SI 20260619 PS AM P 280.00 0;SIMPLE_INSTRUMENT;BLOCK;EUR;10;9.27000000;500;EXCHANGE_LAST;;1;1;XEUR;9537500;74;
18.03.2025;12:22:30.777;ALVG.S.MAR25.JUN25.SPD;FUTURES_SPREAD;BLOCK;EUR;88;9.14520000;100;EXCHANGE_LAST;;1;1;XEUR;72057959110148371;85;
18.03.2025;12:22:30.777;ALVG SI 20250620 CS;SIMPLE_INSTRUMENT;BLOCK;EUR;88;347.35480000;100;PRC_DECOMP_MEMBER;;;;XEUR;11168195;85;MEMBER
18.03.2025;12:22:30.777;ALVG SI 20250321 CS;SIMPLE_INSTRUMENT;BLOCK;EUR;88;356.50000000;100;PRC_DECOMP_MEMBER;;;;XEUR;10693113;85;MEMBER
18.03.2025;13:37:08.725;ALVG SI 20250321 CS;SIMPLE_INSTRUMENT;BLOCK;EUR;120;356.50000000;1000;EXCHANGE_LAST;;1;1;XEUR;10693113;85;
18.03.2025;10:07:23.254;AMS SI 20250919 PS AM P 8.50 0;SIMPLE_INSTRUMENT;BLOCK;CHF;11;1.29000000;2000;EXCHANGE_LAST;;3;1;XEUR;12132579;10807;
18.03.2025;09:14:54.582;ANN SI 20250417 PS AM P 26.00 0;SIMPLE_INSTRUMENT;BLOCK;EUR;4;1.16000000;750;EXCHANGE_LAST;;1;1;XEUR;12640779;45202;
18.03.2025;15:41:36.252;ANN.O.250318.PDIA.000028;STANDARD_OPTION_STRATEGY;BLOCK;EUR;30;1.15000000;3000;EXCHANGE_LAST;;2;1;XEUR;72251735149669894;45202;
18.03.2025;15:41:36.252;ANN SI 20250620 PS AM P 26.00 0;SIMPLE_INSTRUMENT;BLOCK;EUR;30;2.63000000;3000;PRC_DECOMP_EXCHANGE;;;;XEUR;11386652;45202;EXCHANGE
18.03.2025;15:41:36.252;ANN SI 20261218 PS AM P 24.00 0;SIMPLE_INSTRUMENT;BLOCK;EUR;30;3.78000000;3000;PRC_DECOMP_EXCHANGE;;;;XEUR;7733122;45202;EXCHANGE
18.03.2025;16:24:09.202;ANN SI 20251219 PS AM C 26.00 0;SIMPLE_INSTRUMENT;BLOCK;EUR;33;2.53000000;1500;EXCHANGE_LAST;;1;1;XEUR;12469702;45202;
18.03.2025;12:49:52.107;ANTH SI 20250321 CS;SIMPLE_INSTRUMENT;BLOCK;GBX;106;1936.00000000;283;EXCHANGE_LAST;;1;1;XEUR;10693238;89;
18.03.2025;16:05:29.390;AOMH SI 20250321 CS;SIMPLE_INSTRUMENT;BLOCK;EUR;196;25.04000000;812;EXCHANGE_LAST;;1;1;XEUR;11420308;840006;
18.03.2025;13:07:50.405;ASGF SI 20250619 CS;SIMPLE_INSTRUMENT;BLOCK;EUR;113;30.97750000;3500;EXCHANGE_LAST;;1;1;XEUR;12186943;949862;
18.03.2025;13:07:59.790;ASGG SI 20250320 CS;SIMPLE_INSTRUMENT;BLOCK;EUR;116;32.05000000;350;EXCHANGE_LAST;;1;1;XEUR;10687433;106;
18.03.2025;11:58:08.992;ASM SI 20271217 PS AM P 640.00 0;SIMPLE_INSTRUMENT;BLOCK;EUR;6;123.95000000;75;EXCHANGE_LAST;;1;1;XEUR;8773603;107;
18.03.2025;16:33:25.002;ASM.O.250318.CNV.000012;STANDARD_OPTION_STRATEGY;BLOCK;EUR;16;-14.75000000;250;EXCHANGE_LAST;;1;1;XEUR;72058053599446585;107;
18.03.2025;16:33:25.002;ASM SI 20250321 PS AM C 680.00 0;SIMPLE_INSTRUMENT;BLOCK;EUR;16;5.27000000;250;PRC_DECOMP_EXCHANGE;;;;XEUR;10830149;107;EXCHANGE
18.03.2025;16:33:25.002;ASM SI 20250321 PS AM P 680.00 0;SIMPLE_INSTRUMENT;BLOCK;EUR;16;20.02000000;250;PRC_DECOMP_EXCHANGE;;;;XEUR;10830128;107;EXCHANGE
18.03.2025;12:21:41.397;ASMH SI 20250321 CS;SIMPLE_INSTRUMENT;BLOCK;EUR;86;673.40000000;5000;EXCHANGE_LAST;;1;1;XEUR;10717245;3979;
18.03.2025;14:17:54.032;ASMH SI 20250321 CS;SIMPLE_INSTRUMENT;BLOCK;EUR;142;672.30000000;1200;EXCHANGE_LAST;;1;1;XEUR;10717245;3979;
18.03.2025;12:21:43.394;ASMP SI 20250321 PS;SIMPLE_INSTRUMENT;BLOCK;EUR;87;673.40000000;5000;EXCHANGE_LAST;;1;1;XEUR;10725387;124298;
18.03.2025;10:59:38.950;AXA.O.250318.PDIA.000004;STANDARD_OPTION_STRATEGY;BLOCK;EUR;26;0.72000000;1250;EXCHANGE_LAST;;1;1;XEUR;72058139498795399;127;
18.03.2025;10:59:38.950;AXA SI 20250417 PS AM P 34.00 0;SIMPLE_INSTRUMENT;BLOCK;EUR;26;0.11000000;1250;PRC_DECOMP_EXCHANGE;;;;XEUR;12614929;127;EXCHANGE
18.03.2025;10:59:38.950;AXA SI 20250620 PS AM P 36.00 0;SIMPLE_INSTRUMENT;BLOCK;EUR;26;0.83000000;1250;PRC_DECOMP_EXCHANGE;;;;XEUR;8111506;127;EXCHANGE
18.03.2025;12:14:29.952;AXA SI 20260619 PS AM P 36.00 0;SIMPLE_INSTRUMENT;BLOCK;EUR;33;2.91000000;3000;EXCHANGE_LAST;;1;1;XEUR;9538760;127;
18.03.2025;12:14:48.877;AXA SI 20260619 PS AM P 36.00 0;SIMPLE_INSTRUMENT;BLOCK;EUR;34;2.92000000;3000;EXCHANGE_LAST;;1;1;XEUR;9538760;127;
18.03.2025;16:29:05.502;AXA SI 20260619 PS AM P 34.00 0;SIMPLE_INSTRUMENT;BLOCK;EUR;65;2.10000000;7000;EXCHANGE_LAST;;1;1;XEUR;12748950;127;
18.03.2025;16:29:06.827;AXA SI 20260619 PS AM C 34.00 0;SIMPLE_INSTRUMENT;BLOCK;EUR;66;6.50000000;7000;EXCHANGE_LAST;;1;1;XEUR;12748971;127;
18.03.2025;10:45:47.429;AXAG SI 20250321 CS;SIMPLE_INSTRUMENT;BLOCK;EUR;41;39.44000000;15000;EXCHANGE_LAST;;1;1;XEUR;10693637;125;
18.03.2025;10:51:03.388;AXAG SI 20250321 CS;SIMPLE_INSTRUMENT;BLOCK;EUR;43;39.45000000;1500;EXCHANGE_LAST;;1;1;XEUR;10693637;125;
18.03.2025;11:30:27.595;B2AS SI 20250620 CS;SIMPLE_INSTRUMENT;BLOCK;EUR;54;2.25000000;195;EXCHANGE_LAST;;1;1;XEUR;10830335;140;
18.03.2025;11:35:43.161;B2NP SI 20251219 CS;SIMPLE_INSTRUMENT;BLOCK;EUR;58;7.36000000;50;EXCHANGE_LAST;;1;1;XEUR;5914355;131;
18.03.2025;11:39:25.250;B2NP SI 20271217 CS;SIMPLE_INSTRUMENT;BLOCK;EUR;66;4.62000000;75;EXCHANGE_LAST;;1;1;XEUR;7086925;131;
18.03.2025;11:40:05.418;B2NP SI 20271217 CS;SIMPLE_INSTRUMENT;BLOCK;EUR;67;4.63000000;200;EXCHANGE_LAST;;1;1;XEUR;7086925;131;
18.03.2025;12:32:15.281;B2NP SI 20251219 CS;SIMPLE_INSTRUMENT;BLOCK;EUR;93;7.37000000;50;EXCHANGE_LAST;;1;1;XEUR;5914355;131;
18.03.2025;12:32:34.151;B2NP SI 20261218 CS;SIMPLE_INSTRUMENT;BLOCK;EUR;95;4.91500000;110;EXCHANGE_LAST;;1;2;XEUR;6798320;131;
18.03.2025;12:36:13.217;B2NP SI 20261218 CS;SIMPLE_INSTRUMENT;BLOCK;EUR;97;4.89000000;300;EXCHANGE_LAST;;2;2;XEUR;6798320;131;
18.03.2025;13:37:34.506;B2NP SI 20261218 CS;SIMPLE_INSTRUMENT;BLOCK;EUR;126;4.92000000;100;EXCHANGE_LAST;;1;1;XEUR;6798320;131;
18.03.2025;13:38:18.266;B2NP SI 20281215 CS;SIMPLE_INSTRUMENT;BLOCK;EUR;127;4.25000000;200;EXCHANGE_LAST;;1;1;XEUR;7086921;131;
18.03.2025;14:23:11.595;B2NP SI 20251219 CS;SIMPLE_INSTRUMENT;BLOCK;EUR;146;7.37000000;191;EXCHANGE_LAST;;1;1;XEUR;5914355;131;
18.03.2025;15:55:30.256;B2NP SI 20261218 CS;SIMPLE_INSTRUMENT;BLOCK;EUR;189;4.91500000;400;EXCHANGE_LAST;;1;1;XEUR;6798320;131;
18.03.2025;16:22:49.498;B2NP SI 20261218 CS;SIMPLE_INSTRUMENT;BLOCK;EUR;208;4.91000000;300;EXCHANGE_LAST;;1;1;XEUR;6798320;131;
18.03.2025;09:31:12.303;BAEN.O.250318.RBER.000001;STANDARD_OPTION_STRATEGY;BLOCK;CHF;2;-1.23000000;900;EXCHANGE_LAST;;1;1;XEUR;72058276937746750;159;
18.03.2025;09:31:12.303;BAEN SI 20250620 PS AM P 56.00 0;SIMPLE_INSTRUMENT;BLOCK;CHF;2;1.61000000;900;PRC_DECOMP_EXCHANGE;;;;XEUR;11350873;159;EXCHANGE
18.03.2025;09:31:12.303;BAEN SI 20250620 PS AM P 38.00 0;SIMPLE_INSTRUMENT;BLOCK;CHF;2;0.19000000;1800;PRC_DECOMP_EXCHANGE;;;;XEUR;11350899;159;EXCHANGE
18.03.2025;16:19:36.161;BARN SI 20250417 PS AM C 1220.00 0;SIMPLE_INSTRUMENT;BLOCK;CHF;75;34.93000000;500;EXCHANGE_LAST;;1;1;XEUR;12615042;149;
18.03.2025;09:03:16.957;BAS SI 20250321 PS AM P 52.00 0;SIMPLE_INSTRUMENT;BLOCK;EUR;4;0.31000000;1200;EXCHANGE_LAST;;1;1;XEUR;10831046;150;
18.03.2025;09:54:24.760;BAS SI 20250417 PS AM C 52.00 0;SIMPLE_INSTRUMENT;BLOCK;EUR;6;3.05000000;1250;EXCHANGE_LAST;;2;1;XEUR;12693218;150;
18.03.2025;10:04:41.921;BAS SI 20250417 PS AM C 55.00 0;SIMPLE_INSTRUMENT;BLOCK;EUR;8;1.57000000;2500;EXCHANGE_LAST;;1;1;XEUR;12749001;150;
18.03.2025;10:42:22.965;BAS SI 20250620 PS AM C 55.00 0;SIMPLE_INSTRUMENT;BLOCK;EUR;9;2.43000000;2000;EXCHANGE_LAST;;1;1;XEUR;12795232;150;
18.03.2025;11:58:46.757;BAS SI 20261218 PS AM P 54.00 0;SIMPLE_INSTRUMENT;BLOCK;EUR;12;8.45000000;1250;EXCHANGE_LAST;;1;1;XEUR;12749060;150;
18.03.2025;16:07:53.815;BAS SI 20250417 PS AM P 52.00 0;SIMPLE_INSTRUMENT;BLOCK;EUR;24;1.43000000;500;EXCHANGE_LAST;;1;1;XEUR;12693217;150;
18.03.2025;11:30:01.651;BASG SI 20250620 CS;SIMPLE_INSTRUMENT;BLOCK;EUR;57;51.97000000;2500;EXCHANGE_LAST;;1;1;XEUR;11169531;171;
18.03.2025;11:44:06.689;BASG SI 20250321 CS;SIMPLE_INSTRUMENT;BLOCK;EUR;68;53.30000000;12000;EXCHANGE_LAST;;1;1;XEUR;10694474;171;
18.03.2025;12:08:43.619;BASG SI 20250321 CS;SIMPLE_INSTRUMENT;BLOCK;EUR;74;53.46000000;2500;EXCHANGE_LAST;;1;1;XEUR;10694474;171;
18.03.2025;11:17:50.282;BAY SI 20250620 PS AM C 30.00 0;SIMPLE_INSTRUMENT;BLOCK;EUR;11;0.62000000;14000;EXCHANGE_LAST;;1;4;XEUR;10324702;168;
18.03.2025;13:10:32.404;BAY SI 20250620 PS AM P 24.00 0;SIMPLE_INSTRUMENT;BLOCK;EUR;13;1.69000000;2000;EXCHANGE_LAST;;1;1;XEUR;8112563;168;
18.03.2025;13:45:05.408;BAY SI 20250620 PS AM C 30.00 0;SIMPLE_INSTRUMENT;BLOCK;EUR;15;0.62000000;5000;EXCHANGE_LAST;;1;1;XEUR;10324702;168;
18.03.2025;13:59:26.141;BAY SI 20250620 PS AM C 30.00 0;SIMPLE_INSTRUMENT;BLOCK;EUR;18;0.62000000;10000;EXCHANGE_LAST;;2;2;XEUR;10324702;168;
18.03.2025;14:56:54.094;BAY SI 20250417 PS AM C 26.00 0;SIMPLE_INSTRUMENT;BLOCK;EUR;19;0.71000000;1000;EXCHANGE_LAST;;1;1;XEUR;12615434;168;
18.03.2025;15:14:07.120;BAY SI 20250417 PS AM C 26.00 0;SIMPLE_INSTRUMENT;BLOCK;EUR;21;0.64000000;1000;EXCHANGE_LAST;;1;1;XEUR;12615434;168;
18.03.2025;16:12:17.429;BAY SI 20261218 PS AM C 28.00 0;SIMPLE_INSTRUMENT;BLOCK;EUR;25;4.00000000;3000;EXCHANGE_LAST;;2;1;XEUR;8112417;168;
18.03.2025;08:50:29.598;BAYE.O.250318.PDIA.000003;STANDARD_OPTION_STRATEGY;BLOCK;EUR;2;2.02000000;2000;EXCHANGE_LAST;;1;1;XEUR;72058345657218098;175;
18.03.2025;08:50:29.598;BAYE SI 20250620 PS EU P 34.00 0;SIMPLE_INSTRUMENT;BLOCK;EUR;2;9.57000000;2000;PRC_DECOMP_MEMBER;;;;XEUR;11351395;175;MEMBER
18.03.2025;08:50:29.598;BAYE SI 20250321 PS EU P 32.00 0;SIMPLE_INSTRUMENT;BLOCK;EUR;2;7.55000000;2000;PRC_DECOMP_MEMBER;;;;XEUR;10831420;175;MEMBER
18.03.2025;13:06:53.638;BAYG.S.MAR25.APR25.SPD;FUTURES_SPREAD;BLOCK;EUR;117;-0.05100000;7300;EXCHANGE_LAST;;1;2;XEUR;72384157581312172;76034;
18.03.2025;13:06:53.638;BAYG SI 20250321 CS;SIMPLE_INSTRUMENT;BLOCK;EUR;117;23.79620000;7300;PRC_DECOMP_EXCHANGE;;;;XEUR;10723979;76034;EXCHANGE
18.03.2025;13:06:53.638;BAYG SI 20250417 CS;SIMPLE_INSTRUMENT;BLOCK;EUR;117;23.84720000;7300;PRC_DECOMP_EXCHANGE;;;;XEUR;10870515;76034;EXCHANGE
18.03.2025;11:02:19.229;BBVD.O.250318.BER.000001;STANDARD_OPTION_STRATEGY;BLOCK;EUR;5;0.45000000;3000;EXCHANGE_LAST;;1;1;XEUR;72058332772305741;172;
18.03.2025;11:02:19.229;BBVD SI 20250919 PS AM P 11.50 0;SIMPLE_INSTRUMENT;BLOCK;EUR;5;0.53000000;3000;PRC_DECOMP_EXCHANGE;;;;XEUR;11873386;172;EXCHANGE
18.03.2025;11:02:19.229;BBVD SI 20250919 PS AM P 7.50 0;SIMPLE_INSTRUMENT;BLOCK;EUR;5;0.08000000;3000;PRC_DECOMP_EXCHANGE;;;;XEUR;10831090;172;EXCHANGE
18.03.2025;12:51:45.594;BBVD SI 20260320 PS AM P 12.00 0;SIMPLE_INSTRUMENT;BLOCK;EUR;7;1.09000000;5000;EXCHANGE_LAST;;1;1;XEUR;9914293;172;
18.03.2025;15:54:49.830;BBVG SI 20250321 CS;SIMPLE_INSTRUMENT;BLOCK;EUR;185;13.47500000;750;EXCHANGE_LAST;;1;1;XEUR;10694312;163;
18.03.2025;15:55:09.704;BBVG SI 20250620 CS;SIMPLE_INSTRUMENT;BLOCK;EUR;186;13.18610000;750;EXCHANGE_LAST;;1;1;XEUR;11169418;163;
18.03.2025;12:49:20.276;BLTH SI 20250321 CS;SIMPLE_INSTRUMENT;BLOCK;GBX;104;1943.50000000;661;EXCHANGE_LAST;;1;1;XEUR;10725303;115078;
18.03.2025;09:59:44.243;BMW SI 20250620 PS AM P 80.00 0;SIMPLE_INSTRUMENT;BLOCK;EUR;8;4.40000000;1000;EXCHANGE_LAST;;1;1;XEUR;11332526;210;
18.03.2025;11:58:58.518;BMW SI 20251219 PS AM P 80.00 0;SIMPLE_INSTRUMENT;BLOCK;EUR;25;7.38000000;1000;EXCHANGE_LAST;;1;1;XEUR;7126198;210;
18.03.2025;12:55:36.123;BMW.O.250318.RBUL.000017;STANDARD_OPTION_STRATEGY;BLOCK;EUR;32;-2.80000000;500;EXCHANGE_LAST;;1;1;XEUR;72058495981109718;210;
18.03.2025;12:55:36.123;BMW SI 20250321 PS AM C 88.00 0;SIMPLE_INSTRUMENT;BLOCK;EUR;32;0.66000000;1000;PRC_DECOMP_EXCHANGE;;;;XEUR;10832547;210;EXCHANGE
18.03.2025;12:55:36.123;BMW SI 20250321 PS AM C 82.00 0;SIMPLE_INSTRUMENT;BLOCK;EUR;32;4.12000000;500;PRC_DECOMP_EXCHANGE;;;;XEUR;12434878;210;EXCHANGE
18.03.2025;16:07:12.952;BMW SI 20250321 PS AM P 85.00 0;SIMPLE_INSTRUMENT;BLOCK;EUR;58;1.34000000;500;EXCHANGE_LAST;;1;1;XEUR;11862784;210;
18.03.2025;12:19:34.004;BMWF SI 20250321 CS;SIMPLE_INSTRUMENT;BLOCK;EUR;79;85.50000000;2700;EXCHANGE_LAST;;1;1;XEUR;10695616;239;
18.03.2025;08:56:39.614;BNP.O.250318.BER.000004;STANDARD_OPTION_STRATEGY;BLOCK;EUR;1;4.55000000;2000;EXCHANGE_LAST;;1;1;XEUR;72058611945200115;237;
18.03.2025;08:56:39.614;BNP SI 20251219 PS AM P 74.00 0;SIMPLE_INSTRUMENT;BLOCK;EUR;1;6.44000000;2000;PRC_DECOMP_MEMBER;;;;XEUR;12761986;237;MEMBER
18.03.2025;08:56:39.614;BNP SI 20251219 PS AM P 60.00 0;SIMPLE_INSTRUMENT;BLOCK;EUR;1;1.89000000;2000;PRC_DECOMP_MEMBER;;;;XEUR;5995681;237;MEMBER
18.03.2025;09:08:00.459;BNP.O.250318.RTSP.000005;STANDARD_OPTION_STRATEGY;BLOCK;EUR;3;3.20000000;1000;EXCHANGE_LAST;;1;1;XEUR;72058611945200116;237;
18.03.2025;09:08:00.459;BNP SI 20250620 PS AM C 78.00 0;SIMPLE_INSTRUMENT;BLOCK;EUR;3;4.41000000;1000;PRC_DECOMP_EXCHANGE;;;;XEUR;12761989;237;EXCHANGE
18.03.2025;09:08:00.459;BNP SI 20250417 PS AM P 76.00 0;SIMPLE_INSTRUMENT;BLOCK;EUR;3;1.21000000;1000;PRC_DECOMP_EXCHANGE;;;;XEUR;12719216;237;EXCHANGE
18.03.2025;09:19:11.103;BNP SI 20251219 PS AM P 52.00 0;SIMPLE_INSTRUMENT;BLOCK;EUR;6;0.92000000;15500;EXCHANGE_LAST;;1;1;XEUR;5923364;237;
18.03.2025;09:19:40.123;BNP SI 20260619 PS AM P 66.00 0;SIMPLE_INSTRUMENT;BLOCK;EUR;7;5.16000000;6000;EXCHANGE_LAST;;1;1;XEUR;12372394;237;
18.03.2025;09:20:03.774;BNP SI 20260619 PS AM P 66.00 0;SIMPLE_INSTRUMENT;BLOCK;EUR;8;5.17000000;2000;EXCHANGE_LAST;;1;1;XEUR;12372394;237;
18.03.2025;09:21:04.780;BNP SI 20260619 PS AM C 78.00 0;SIMPLE_INSTRUMENT;BLOCK;EUR;9;6.93000000;790;EXCHANGE_LAST;;1;1;XEUR;12761947;237;
18.03.2025;09:21:04.782;BNP SI 20260619 PS AM C 78.00 0;SIMPLE_INSTRUMENT;BLOCK;EUR;10;6.91000000;1390;EXCHANGE_LAST;;1;1;XEUR;12761947;237;
18.03.2025;09:21:17.734;BNP SI 20251219 PS AM C 72.00 0;SIMPLE_INSTRUMENT;BLOCK;EUR;11;9.35000000;1635;EXCHANGE_LAST;;1;1;XEUR;6371615;237;
18.03.2025;09:33:49.598;BNP SI 20250620 PS AM P 80.00 0;SIMPLE_INSTRUMENT;BLOCK;EUR;12;6.33000000;1700;EXCHANGE_LAST;;1;1;XEUR;8114372;237;
18.03.2025;09:37:06.318;BNP.O.250318.STG.000006;STANDARD_OPTION_STRATEGY;BLOCK;EUR;14;6.34000000;800;EXCHANGE_LAST;;1;1;XEUR;72058611945200117;237;
18.03.2025;09:37:06.318;BNP SI 20250919 PS AM P 72.00 0;SIMPLE_INSTRUMENT;BLOCK;EUR;14;3.51000000;800;PRC_DECOMP_EXCHANGE;;;;XEUR;11875012;237;EXCHANGE
18.03.2025;09:37:06.318;BNP SI 20250919 PS AM C 84.00 0;SIMPLE_INSTRUMENT;BLOCK;EUR;14;2.83000000;800;PRC_DECOMP_EXCHANGE;;;;XEUR;11875050;237;EXCHANGE
18.03.2025;10:41:35.667;BNP SI 20250919 PS AM P 64.00 0;SIMPLE_INSTRUMENT;BLOCK;EUR;23;1.50000000;750;EXCHANGE_LAST;;1;1;XEUR;11875028;237;
18.03.2025;12:18:36.848;BNP SI 20250620 PS AM C 82.00 0;SIMPLE_INSTRUMENT;BLOCK;EUR;36;2.73000000;800;EXCHANGE_LAST;;1;1;XEUR;12761999;237;
18.03.2025;12:29:22.044;BNP SI 20260619 PS AM P 70.00 0;SIMPLE_INSTRUMENT;BLOCK;EUR;38;6.60000000;2000;EXCHANGE_LAST;;2;1;XEUR;12372374;237;
18.03.2025;13:16:14.930;BNP SI 20261218 PS AM C 88.00 0;SIMPLE_INSTRUMENT;BLOCK;EUR;44;4.45000000;2000;EXCHANGE_LAST;;1;1;XEUR;7245864;237;
18.03.2025;15:17:11.131;BNP SI 20250620 PS AM P 64.00 0;SIMPLE_INSTRUMENT;BLOCK;EUR;59;0.69000000;500;EXCHANGE_LAST;;1;1;XEUR;8114380;237;
18.03.2025;16:09:03.500;BNP.N.250318.000018;NON_STANDARD_OPTION_STRATEGY;BLOCK;EUR;63;-41.70000000;1000;EXCHANGE_LAST;;1;1;XEUR;72058611945200129;237;
18.03.2025;16:09:03.500;BNP SI 20260619 PS AM P 74.00 0;SIMPLE_INSTRUMENT;BLOCK;EUR;63;8.40000000;4000;PRC_DECOMP_MEMBER;;;;XEUR;12761948;237;MEMBER
18.03.2025;16:09:03.500;BNP SI 20260619 PS AM C 62.00 0;SIMPLE_INSTRUMENT;BLOCK;EUR;63;19.00000000;5000;PRC_DECOMP_MEMBER;;;;XEUR;12372397;237;MEMBER
18.03.2025;16:09:03.500;BNP SI 20260619 PS AM P 62.00 0;SIMPLE_INSTRUMENT;BLOCK;EUR;63;3.90000000;5000;PRC_DECOMP_MEMBER;;;;XEUR;12372396;237;MEMBER
18.03.2025;16:09:03.500;BNP SI 20260619 PS AM C 74.00 0;SIMPLE_INSTRUMENT;BLOCK;EUR;63;9.80000000;4000;PRC_DECOMP_MEMBER;;;;XEUR;12761949;237;MEMBER
18.03.2025;16:50:18.388;BNPH SI 20250321 CS;SIMPLE_INSTRUMENT;BLOCK;EUR;226;80.22900000;19950;EXCHANGE_LAST;;1;3;XEUR;10695531;236;
18.03.2025;17:10:26.576;BNPH SI 20250321 CS;SIMPLE_INSTRUMENT;BLOCK;EUR;229;80.22500000;5000;EXCHANGE_LAST;;1;1;XEUR;10695531;236;
18.03.2025;14:30:48.899;BPV SI 20250619 PS AM P 9.00 0;SIMPLE_INSTRUMENT;BLOCK;EUR;13;0.36750000;1000;EXCHANGE_LAST;;1;1;XEUR;11337104;251;
18.03.2025;11:20:37.598;BSIF SI 20250321 CS;SIMPLE_INSTRUMENT;BLOCK;EUR;51;108.79000000;1000;EXCHANGE_LAST;;1;1;XEUR;10726598;174729;
18.03.2025;12:27:44.487;BSNH SI 20250321 CS;SIMPLE_INSTRUMENT;BLOCK;EUR;92;70.78000000;1500;EXCHANGE_LAST;;1;1;XEUR;10696288;274;
18.03.2025;13:26:30.838;BYG SI 20250919 PS AM C 40.00 0;SIMPLE_INSTRUMENT;BLOCK;EUR;49;0.62000000;1500;EXCHANGE_LAST;;1;1;XEUR;11875946;280;
18.03.2025;13:26:42.696;BYG SI 20250919 PS AM C 40.00 0;SIMPLE_INSTRUMENT;BLOCK;EUR;50;0.63000000;1500;EXCHANGE_LAST;;1;1;XEUR;11875946;280;
18.03.2025;10:14:58.375;BYGG SI 20250321 CS;SIMPLE_INSTRUMENT;BLOCK;EUR;30;36.25000000;4000;EXCHANGE_LAST;;1;1;XEUR;10696354;281;
18.03.2025;15:38:06.064;BYGG SI 20250321 CS;SIMPLE_INSTRUMENT;BLOCK;EUR;169;36.30000000;5100;EXCHANGE_LAST;;1;1;XEUR;10696354;281;
18.03.2025;16:32:33.803;C4RI SI 20250620 CS;SIMPLE_INSTRUMENT;BLOCK;EUR;217;1.47000000;1100;EXCHANGE_LAST;;2;1;XEUR;10868044;50862;
18.03.2025;09:06:29.333;CBK SI 20250620 PS AM P 19.50 0;SIMPLE_INSTRUMENT;BLOCK;EUR;2;0.34000000;6000;EXCHANGE_LAST;;1;1;XEUR;11854126;268;
18.03.2025;12:48:32.858;CBK.O.250318.BUL.000019;STANDARD_OPTION_STRATEGY;BLOCK;EUR;25;0.55000000;1425;EXCHANGE_LAST;;1;1;XEUR;72058745089203987;268;
18.03.2025;12:48:32.858;CBK SI 20250321 PS AM C 26.00 0;SIMPLE_INSTRUMENT;BLOCK;EUR;25;0.12000000;1425;PRC_DECOMP_MEMBER;;;;XEUR;10951966;268;MEMBER
18.03.2025;12:48:32.858;CBK SI 20250321 PS AM C 24.50 0;SIMPLE_INSTRUMENT;BLOCK;EUR;25;0.67000000;1425;PRC_DECOMP_MEMBER;;;;XEUR;12801128;268;MEMBER
18.03.2025;16:11:59.033;CBK.O.250318.RBER.000028;STANDARD_OPTION_STRATEGY;BLOCK;EUR;34;-1.05000000;15000;EXCHANGE_LAST;;1;3;XEUR;72058745089203996;268;
18.03.2025;16:11:59.033;CBK SI 20260619 PS AM P 20.00 0;SIMPLE_INSTRUMENT;BLOCK;EUR;34;1.75000000;15000;PRC_DECOMP_EXCHANGE;;;;XEUR;9666940;268;EXCHANGE
18.03.2025;16:11:59.033;CBK SI 20260619 PS AM P 12.00 0;SIMPLE_INSTRUMENT;BLOCK;EUR;34;0.35000000;30000;PRC_DECOMP_EXCHANGE;;;;XEUR;9542175;268;EXCHANGE
18.03.2025;16:21:20.726;CBK SI 20260619 PS AM P 16.00 0;SIMPLE_INSTRUMENT;BLOCK;EUR;35;0.80000000;45000;EXCHANGE_LAST;;1;1;XEUR;9542135;268;
18.03.2025;16:25:39.217;CBK SI 20260619 PS AM C 24.00 0;SIMPLE_INSTRUMENT;BLOCK;EUR;36;3.82000000;9000;EXCHANGE_LAST;;1;1;XEUR;10982477;268;
18.03.2025;10:10:53.662;CFR.O.250318.BUL.000006;STANDARD_OPTION_STRATEGY;BLOCK;CHF;12;5.25000000;1250;EXCHANGE_LAST;;3;1;XEUR;72058938362728726;313;
18.03.2025;10:10:53.662;CFR SI 20250620 PS AM C 170.00 0;SIMPLE_INSTRUMENT;BLOCK;CHF;12;8.07000000;1250;PRC_DECOMP_EXCHANGE;;;;XEUR;11354567;313;EXCHANGE
18.03.2025;10:10:53.662;CFR SI 20250620 PS AM C 190.00 0;SIMPLE_INSTRUMENT;BLOCK;CHF;12;2.82000000;1250;PRC_DECOMP_EXCHANGE;;;;XEUR;11354560;313;EXCHANGE
18.03.2025;11:15:09.775;CFR SI 20251219 PS AM P 170.00 0;SIMPLE_INSTRUMENT;BLOCK;CHF;24;21.20000000;500;EXCHANGE_LAST;;1;1;XEUR;12437087;313;
18.03.2025;13:39:04.760;CFR.O.250318.BUL.000007;STANDARD_OPTION_STRATEGY;BLOCK;CHF;46;0.56000000;600;EXCHANGE_LAST;;1;1;XEUR;72058938362728727;313;
18.03.2025;13:39:04.760;CFR SI 20250417 PS AM C 174.00 0;SIMPLE_INSTRUMENT;BLOCK;CHF;46;1.99000000;600;PRC_DECOMP_EXCHANGE;;;;XEUR;12617992;313;EXCHANGE
18.03.2025;13:39:04.760;CFR SI 20250417 PS AM C 172.00 0;SIMPLE_INSTRUMENT;BLOCK;CHF;46;2.55000000;600;PRC_DECOMP_EXCHANGE;;;;XEUR;12618013;313;EXCHANGE
18.03.2025;14:37:15.940;CFRL SI 20250321 CS;SIMPLE_INSTRUMENT;BLOCK;CHF;154;164.10000000;400;EXCHANGE_LAST;;1;1;XEUR;10741903;729453;
18.03.2025;16:36:55.546;CFRL SI 20250620 CS;SIMPLE_INSTRUMENT;BLOCK;CHF;218;163.26000000;1800;EXCHANGE_LAST;;2;1;XEUR;11215225;729453;
18.03.2025;13:32:18.296;CGM SI 20261218 PS AM P 120.00 0;SIMPLE_INSTRUMENT;BLOCK;EUR;51;11.40000000;200;EXCHANGE_LAST;;1;1;XEUR;7335082;317;
18.03.2025;15:05:34.465;CGM SI 20261218 PS AM P 120.00 0;SIMPLE_INSTRUMENT;BLOCK;EUR;58;11.40000000;200;EXCHANGE_LAST;;1;1;XEUR;7335082;317;
18.03.2025;10:45:14.329;CGMF SI 20250321 CS;SIMPLE_INSTRUMENT;BLOCK;EUR;40;147.10000000;1250;EXCHANGE_LAST;;1;1;XEUR;10696787;318;
18.03.2025;10:37:20.605;CR5J SI 20250320 CS;SIMPLE_INSTRUMENT;BLOCK;EUR;35;54.00000000;1000;EXCHANGE_LAST;;1;1;XEUR;10689747;50861;
18.03.2025;13:18:09.556;CRI5.O.250318.BUL.000002;STANDARD_OPTION_STRATEGY;BLOCK;EUR;9;1.78500000;3000;EXCHANGE_LAST;;1;1;XEUR;72058968427474793;320;
18.03.2025;13:18:09.556;CRI5 SI 20250619 PS AM C 64.00 0;SIMPLE_INSTRUMENT;BLOCK;EUR;9;0.61800000;3000;PRC_DECOMP_EXCHANGE;;;;XEUR;11480052;320;EXCHANGE
18.03.2025;13:18:09.556;CRI5 SI 20250619 PS AM C 56.00 0;SIMPLE_INSTRUMENT;BLOCK;EUR;9;2.40300000;3000;PRC_DECOMP_EXCHANGE;;;;XEUR;11337254;320;EXCHANGE
18.03.2025;16:40:32.661;CSFF SI 20250321 CS;SIMPLE_INSTRUMENT;BLOCK;EUR;220;251.00000000;1000;EXCHANGE_LAST;;1;1;XEUR;10696863;332;
18.03.2025;11:04:53.271;DAI SI 20250321 PS AM C 60.00 0;SIMPLE_INSTRUMENT;BLOCK;EUR;15;1.75000000;30000;EXCHANGE_LAST;;1;1;XEUR;10884520;443196;
18.03.2025;11:42:43.441;DAI SI 20250321 PS AM P 60.00 0;SIMPLE_INSTRUMENT;BLOCK;EUR;24;0.44000000;1750;EXCHANGE_LAST;;1;1;XEUR;10884522;443196;
18.03.2025;13:27:39.983;DAI.O.250318.CDIA.000016;STANDARD_OPTION_STRATEGY;BLOCK;EUR;35;-0.57000000;1500;EXCHANGE_LAST;;1;1;XEUR;73961106363664547;443196;
18.03.2025;13:27:39.983;DAI SI 20250321 PS AM C 57.00 0;SIMPLE_INSTRUMENT;BLOCK;EUR;35;4.19000000;1500;PRC_DECOMP_EXCHANGE;;;;XEUR;12490199;443196;EXCHANGE
18.03.2025;13:27:39.983;DAI SI 20250417 PS AM C 59.00 0;SIMPLE_INSTRUMENT;BLOCK;EUR;35;3.62000000;1500;PRC_DECOMP_EXCHANGE;;;;XEUR;12655102;443196;EXCHANGE
18.03.2025;14:02:37.657;DAI SI 20250620 PS AM C 64.00 0;SIMPLE_INSTRUMENT;BLOCK;EUR;40;2.05000000;3500;EXCHANGE_LAST;;1;2;XEUR;11407737;443196;
18.03.2025;15:34:45.749;DAI SI 20250321 PS AM C 64.00 0;SIMPLE_INSTRUMENT;BLOCK;EUR;56;0.17000000;6000;EXCHANGE_LAST;;1;3;XEUR;10884524;443196;
18.03.2025;12:44:44.938;DAIG SI 20250321 CS;SIMPLE_INSTRUMENT;BLOCK;EUR;99;61.25000000;3100;EXCHANGE_LAST;;1;1;XEUR;10734482;443203;
18.03.2025;10:25:42.562;DHE SI 20260619 PS AM P 24.00 0;SIMPLE_INSTRUMENT;BLOCK;EUR;7;5.90000000;750;EXCHANGE_LAST;;2;1;XEUR;9580469;57135;
18.03.2025;10:19:30.762;DPW SI 20250321 PS AM C 44.00 0;SIMPLE_INSTRUMENT;BLOCK;EUR;6;0.22000000;1500;EXCHANGE_LAST;;1;1;XEUR;10836814;445;
18.03.2025;10:53:31.326;DPW SI 20251219 PS AM C 44.00 0;SIMPLE_INSTRUMENT;BLOCK;EUR;11;2.89000000;750;EXCHANGE_LAST;;1;1;XEUR;5926791;445;
18.03.2025;10:53:24.632;DPW SI 20261218 PS AM C 44.00 0;SIMPLE_INSTRUMENT;BLOCK;EUR;12;4.41000000;750;EXCHANGE_LAST;;1;1;XEUR;7156801;445;
18.03.2025;11:23:55.739;DPW SI 20250321 PS AM C 42.00 0;SIMPLE_INSTRUMENT;BLOCK;EUR;18;1.24000000;750;EXCHANGE_LAST;;1;1;XEUR;10836806;445;
18.03.2025;14:19:47.708;DPW SI 20250321 PS AM C 42.00 0;SIMPLE_INSTRUMENT;BLOCK;EUR;26;1.25000000;500;EXCHANGE_LAST;;1;1;XEUR;10836806;445;
18.03.2025;14:26:47.527;DPW.O.250318.BER.000018;STANDARD_OPTION_STRATEGY;BLOCK;EUR;27;0.84000000;2500;EXCHANGE_LAST;;1;1;XEUR;72059505298416063;445;
18.03.2025;14:26:47.527;DPW SI 20250417 PS AM P 38.00 0;SIMPLE_INSTRUMENT;BLOCK;EUR;27;0.20000000;2500;PRC_DECOMP_EXCHANGE;;;;XEUR;12619873;445;EXCHANGE
18.03.2025;14:26:47.527;DPW SI 20250417 PS AM P 42.00 0;SIMPLE_INSTRUMENT;BLOCK;EUR;27;1.04000000;2500;PRC_DECOMP_EXCHANGE;;;;XEUR;12774674;445;EXCHANGE
18.03.2025;15:54:33.236;DPW SI 20250620 PS AM P 42.00 0;SIMPLE_INSTRUMENT;BLOCK;EUR;31;2.53000000;550;EXCHANGE_LAST;;1;1;XEUR;11357235;445;
18.03.2025;11:04:49.445;DTE SI 20251219 PS AM C 24.00 0;SIMPLE_INSTRUMENT;BLOCK;EUR;13;9.82000000;8000;EXCHANGE_LAST;;1;1;XEUR;5927133;424;
18.03.2025;11:11:32.034;DTE SI 20250321 PS AM P 32.00 0;SIMPLE_INSTRUMENT;BLOCK;EUR;17;0.03000000;2000;EXCHANGE_LAST;;1;1;XEUR;10836639;424;
18.03.2025;12:10:35.696;DTE SI 20251219 PS AM P 24.00 0;SIMPLE_INSTRUMENT;BLOCK;EUR;23;0.27000000;5500;EXCHANGE_LAST;;3;1;XEUR;5927134;424;
18.03.2025;10:43:17.592;DTEE SI 20251219 PS EU C 25.00 0;SIMPLE_INSTRUMENT;BLOCK;EUR;10;8.72000000;9000;EXCHANGE_LAST;;1;1;XEUR;9660427;429;
18.03.2025;13:18:31.353;DTEF SI 20250321 CS;SIMPLE_INSTRUMENT;BLOCK;EUR;118;33.80000000;10000;EXCHANGE_LAST;;1;1;XEUR;10698021;430;
18.03.2025;13:48:19.982;DTG SI 20260619 PS AM P 36.00 0;SIMPLE_INSTRUMENT;BLOCK;EUR;36;4.16000000;400;EXCHANGE_LAST;;1;1;XEUR;9598355;455942;
18.03.2025;13:57:52.658;DTG.O.250318.CDIA.000006;STANDARD_OPTION_STRATEGY;BLOCK;EUR;42;-0.55000000;998;EXCHANGE_LAST;;1;1;XEUR;74015850016806123;455942;
18.03.2025;13:57:52.658;DTG SI 20250417 PS AM C 40.00 0;SIMPLE_INSTRUMENT;BLOCK;EUR;42;2.22000000;998;PRC_DECOMP_EXCHANGE;;;;XEUR;12655118;455942;EXCHANGE
18.03.2025;13:57:52.658;DTG SI 20250321 PS AM C 38.00 0;SIMPLE_INSTRUMENT;BLOCK;EUR;42;2.77000000;998;PRC_DECOMP_EXCHANGE;;;;XEUR;10884674;455942;EXCHANGE
18.03.2025;12:10:32.876;E2NL SI 20271217 CS;SIMPLE_INSTRUMENT;BLOCK;EUR;73;0.43500000;2000;EXCHANGE_LAST;;2;1;XEUR;5914571;471;
18.03.2025;15:54:58.905;E2NL SI 20250919 CS;SIMPLE_INSTRUMENT;BLOCK;EUR;188;0.47000000;8800;EXCHANGE_LAST;;1;1;XEUR;11357671;471;
18.03.2025;08:53:40.427;E2NU SI 20250620 CS;SIMPLE_INSTRUMENT;BLOCK;EUR;3;0.13000000;575;EXCHANGE_LAST;;1;1;XEUR;10878671;300507;
18.03.2025;10:50:13.877;EAD SI 20250620 PS AM P 110.00 0;SIMPLE_INSTRUMENT;BLOCK;EUR;25;0.25000000;300;EXCHANGE_LAST;;1;1;XEUR;11358088;465;
18.03.2025;16:06:55.941;EIAG SI 20250321 CS;SIMPLE_INSTRUMENT;BLOCK;EUR;200;46.40000000;401;EXCHANGE_LAST;;1;1;XEUR;10699671;509;
18.03.2025;14:33:26.808;EMSN SI 20251219 PS AM P 560.00 0;SIMPLE_INSTRUMENT;BLOCK;CHF;56;23.95000000;400;EXCHANGE_LAST;;1;1;XEUR;11685262;26645;
18.03.2025;16:51:16.571;ENL5.O.250318.STD.000002;STANDARD_OPTION_STRATEGY;BLOCK;EUR;17;1.41000000;1500;EXCHANGE_LAST;;1;1;XEUR;72059741521586601;500;
18.03.2025;16:51:16.571;ENL5 SI 20261217 PS AM P 7.20 0;SIMPLE_INSTRUMENT;BLOCK;EUR;17;0.94450000;1500;PRC_DECOMP_EXCHANGE;;;;XEUR;7147789;500;EXCHANGE
18.03.2025;16:51:16.571;ENL5 SI 20261217 PS AM C 7.20 0;SIMPLE_INSTRUMENT;BLOCK;EUR;17;0.46550000;1500;PRC_DECOMP_EXCHANGE;;;;XEUR;7147816;500;EXCHANGE
18.03.2025;10:27:16.092;ENLH SI 20250320 CS;SIMPLE_INSTRUMENT;BLOCK;EUR;32;7.07200000;28000;EXCHANGE_LAST;;1;1;XEUR;10690796;524976;
18.03.2025;15:54:21.936;ENLH SI 20250918 CS;SIMPLE_INSTRUMENT;BLOCK;EUR;187;6.92300000;20000;EXCHANGE_LAST;;1;1;XEUR;11694243;524976;
18.03.2025;09:11:04.657;ENR SI 20250620 PS AM P 58.00 0;SIMPLE_INSTRUMENT;BLOCK;EUR;1;5.76000000;300;EXCHANGE_LAST;;1;1;XEUR;12193233;298530;
18.03.2025;11:04:22.405;ENR SI 20250321 PS AM C 62.00 0;SIMPLE_INSTRUMENT;BLOCK;EUR;14;1.84000000;2250;EXCHANGE_LAST;;1;1;XEUR;12484035;298530;
18.03.2025;11:04:33.727;ENR SI 20250417 PS AM P 54.00 0;SIMPLE_INSTRUMENT;BLOCK;EUR;15;1.71000000;2250;EXCHANGE_LAST;;1;1;XEUR;12650598;298530;
18.03.2025;11:04:42.920;ENR SI 20250417 PS AM C 68.00 0;SIMPLE_INSTRUMENT;BLOCK;EUR;16;2.28000000;2250;EXCHANGE_LAST;;1;1;XEUR;12650766;298530;
18.03.2025;11:59:20.142;ENR SI 20250321 PS AM C 64.00 0;SIMPLE_INSTRUMENT;BLOCK;EUR;21;1.25000000;4000;EXCHANGE_LAST;;1;1;XEUR;12229450;298530;
18.03.2025;11:59:27.196;ENR SI 20250321 PS AM C 66.00 0;SIMPLE_INSTRUMENT;BLOCK;EUR;22;0.65000000;4000;EXCHANGE_LAST;;1;1;XEUR;12484039;298530;
18.03.2025;16:23:54.274;ENR SI 20260619 PS AM P 56.00 0;SIMPLE_INSTRUMENT;BLOCK;EUR;36;11.80000000;1250;EXCHANGE_LAST;;2;1;XEUR;12797242;298530;
18.03.2025;13:21:04.995;ENT5.O.250318.STD.000002;STANDARD_OPTION_STRATEGY;BLOCK;EUR;10;2.43000000;1000;EXCHANGE_LAST;;2;1;XEUR;72059728636684234;497;
18.03.2025;13:21:04.995;ENT5 SI 20260618 PS AM P 14.00 0;SIMPLE_INSTRUMENT;BLOCK;EUR;10;1.53850000;1000;PRC_DECOMP_EXCHANGE;;;;XEUR;9531317;497;EXCHANGE
18.03.2025;13:21:04.995;ENT5 SI 20260618 PS AM C 14.00 0;SIMPLE_INSTRUMENT;BLOCK;EUR;10;0.89150000;1000;PRC_DECOMP_EXCHANGE;;;;XEUR;9531347;497;EXCHANGE
18.03.2025;08:52:58.662;ENUF SI 20250619 CS;SIMPLE_INSTRUMENT;BLOCK;EUR;2;10.00840000;6500;EXCHANGE_LAST;;1;1;XEUR;11174652;499;
18.03.2025;09:36:48.331;EOA SI 20250919 PS AM C 13.00 0;SIMPLE_INSTRUMENT;BLOCK;EUR;4;0.70000000;4500;EXCHANGE_LAST;;1;1;XEUR;11908993;49065;
18.03.2025;09:36:48.586;EOA SI 20250919 PS AM P 12.00 0;SIMPLE_INSTRUMENT;BLOCK;EUR;5;0.48000000;4500;EXCHANGE_LAST;;1;1;XEUR;11908975;49065;
18.03.2025;13:39:05.408;F3TE SI 20261218 CS;SIMPLE_INSTRUMENT;BLOCK;EUR;125;0.74000000;300;EXCHANGE_LAST;;1;1;XEUR;6633899;390379;
18.03.2025;08:22:32.805;FATX.S.MAR25.JUN25.SPD;FUTURES_SPREAD;BLOCK;EUR;1;156.00000000;427;EXCHANGE_LAST;;1;1;XEUR;72180855304355928;28699;
18.03.2025;08:22:32.805;FATX SI 20250321 CS;SIMPLE_INSTRUMENT;BLOCK;EUR;1;4311.50000000;427;PRC_DECOMP_EXCHANGE;;;;XEUR;11385582;28699;EXCHANGE
18.03.2025;08:22:32.805;FATX SI 20250620 CS;SIMPLE_INSTRUMENT;BLOCK;EUR;1;4155.50000000;427;PRC_DECOMP_EXCHANGE;;;;XEUR;11905432;28699;EXCHANGE
18.03.2025;10:26:06.674;FATX SI 20250321 CS;SIMPLE_INSTRUMENT;BLOCK;EUR;22;4334.00000000;1654;EXCHANGE_LAST;;1;1;XEUR;11385582;28699;
18.03.2025;10:27:14.332;FATX SI 20250620 CS;SIMPLE_INSTRUMENT;BLOCK;EUR;23;4179.00000000;1754;EXCHANGE_LAST;;1;1;XEUR;11905432;28699;
18.03.2025;09:16:04.947;FAU SI 20260619 PS AM P 8.00 0;SIMPLE_INSTRUMENT;BLOCK;EUR;5;1.66000000;1000;EXCHANGE_LAST;;1;1;XEUR;11359482;635;
18.03.2025;08:59:06.987;FBTP SI 20250606 PS;SIMPLE_INSTRUMENT;BLOCK;EUR;1;117.76000000;1344;EXCHANGE_LAST;;1;1;XEUR;11820365;636;
18.03.2025;09:08:27.857;FBTP SI 20250606 PS;SIMPLE_INSTRUMENT;BLOCK;EUR;2;116.79000000;1769;EXCHANGE_LAST;;1;1;XEUR;11820365;636;
18.03.2025;09:17:22.506;FBTP SI 20250606 PS;SIMPLE_INSTRUMENT;BLOCK;EUR;4;116.75000000;606;EXCHANGE_LAST;;1;1;XEUR;11820365;636;
18.03.2025;09:25:17.547;FBTP SI 20250606 PS;SIMPLE_INSTRUMENT;EFP_FIN;EUR;5;116.72000000;389;EXCHANGE_LAST;;1;1;XEUR;11820365;636;
18.03.2025;09:27:42.638;FBTP SI 20250606 PS;SIMPLE_INSTRUMENT;EFP_FIN;EUR;6;116.79000000;1327;EXCHANGE_LAST;;1;1;XEUR;11820365;636;
18.03.2025;09:38:31.084;FBTP SI 20250606 PS;SIMPLE_INSTRUMENT;EFP_FIN;EUR;7;116.78000000;2211;EXCHANGE_LAST;;1;1;XEUR;11820365;636;
18.03.2025;09:48:15.528;FBTP SI 20250606 PS;SIMPLE_INSTRUMENT;EFP_FIN;EUR;8;116.66000000;884;EXCHANGE_LAST;;1;1;XEUR;11820365;636;
18.03.2025;09:49:56.472;FBTP SI 20250606 PS;SIMPLE_INSTRUMENT;EFP_FIN;EUR;9;116.74000000;2163;EXCHANGE_LAST;;1;1;XEUR;11820365;636;
18.03.2025;09:50:58.588;FBTP SI 20250606 PS;SIMPLE_INSTRUMENT;EFP_FIN;EUR;10;116.66000000;221;EXCHANGE_LAST;;1;1;XEUR;11820365;636;
18.03.2025;10:12:33.831;FBTP SI 20250606 PS;SIMPLE_INSTRUMENT;EFP_FIN;EUR;11;116.76000000;935;EXCHANGE_LAST;;1;1;XEUR;11820365;636;
18.03.2025;10:15:29.840;FBTP SI 20250606 PS;SIMPLE_INSTRUMENT;EFP_FIN;EUR;12;116.76000000;935;EXCHANGE_LAST;;1;1;XEUR;11820365;636;
18.03.2025;10:16:48.157;FBTP SI 20250606 PS;SIMPLE_INSTRUMENT;BLOCK;EUR;13;116.63000000;442;EXCHANGE_LAST;;1;1;XEUR;11820365;636;
18.03.2025;10:47:59.026;FBTP SI 20250606 PS;SIMPLE_INSTRUMENT;EFP_FIN;EUR;14;116.68000000;161;EXCHANGE_LAST;;1;1;XEUR;11820365;636;
18.03.2025;10:50:49.470;FBTP SI 20250606 PS;SIMPLE_INSTRUMENT;BLOCK;EUR;15;116.63000000;2211;EXCHANGE_LAST;;1;1;XEUR;11820365;636;
18.03.2025;10:58:58.354;FBTP SI 20250606 PS;SIMPLE_INSTRUMENT;BLOCK;EUR;16;116.69000000;472;EXCHANGE_LAST;;1;1;XEUR;11820365;636;
18.03.2025;11:18:25.339;FBTP SI 20250606 PS;SIMPLE_INSTRUMENT;BLOCK;EUR;17;116.65000000;321;EXCHANGE_LAST;;1;1;XEUR;11820365;636;
18.03.2025;12:02:43.716;FBTP SI 20250606 PS;SIMPLE_INSTRUMENT;EFP_FIN;EUR;18;116.62000000;604;EXCHANGE_LAST;;1;1;XEUR;11820365;636;
18.03.2025;12:18:19.001;FBTP SI 20250606 PS;SIMPLE_INSTRUMENT;BLOCK;EUR;19;116.60000000;454;EXCHANGE_LAST;;1;1;XEUR;11820365;636;
18.03.2025;13:02:47.721;FBTP SI 20250606 PS;SIMPLE_INSTRUMENT;EFP_FIN;EUR;20;116.60000000;93;EXCHANGE_LAST;;1;1;XEUR;11820365;636;
18.03.2025;13:22:18.755;FBTP SI 20250606 PS;SIMPLE_INSTRUMENT;EFP_FIN;EUR;21;116.66000000;52;EXCHANGE_LAST;;1;1;XEUR;11820365;636;
18.03.2025;13:28:27.709;FBTP SI 20250606 PS;SIMPLE_INSTRUMENT;EFP_FIN;EUR;22;116.68000000;88;EXCHANGE_LAST;;1;1;XEUR;11820365;636;
18.03.2025;13:30:29.713;FBTP SI 20250606 PS;SIMPLE_INSTRUMENT;EFP_FIN;EUR;23;116.68000000;72;EXCHANGE_LAST;;1;1;XEUR;11820365;636;
18.03.2025;14:18:30.298;FBTP SI 20250606 PS;SIMPLE_INSTRUMENT;EFP_FIN;EUR;24;116.70000000;123;EXCHANGE_LAST;;1;1;XEUR;11820365;636;
18.03.2025;14:53:47.997;FBTP SI 20250606 PS;SIMPLE_INSTRUMENT;BLOCK;EUR;25;116.71000000;1327;EXCHANGE_LAST;;1;1;XEUR;11820365;636;
18.03.2025;15:05:07.556;FBTP SI 20250606 PS;SIMPLE_INSTRUMENT;EFP_FIN;EUR;26;116.72000000;1327;EXCHANGE_LAST;;1;1;XEUR;11820365;636;
18.03.2025;15:06:16.369;FBTP SI 20250606 PS;SIMPLE_INSTRUMENT;EFP_FIN;EUR;27;116.70000000;134;EXCHANGE_LAST;;1;1;XEUR;11820365;636;
18.03.2025;15:35:43.249;FBTP SI 20250606 PS;SIMPLE_INSTRUMENT;EFP_FIN;EUR;28;116.78000000;432;EXCHANGE_LAST;;1;1;XEUR;11820365;636;
18.03.2025;16:05:48.248;FBTP SI 20250606 PS;SIMPLE_INSTRUMENT;EFP_FIN;EUR;29;116.73000000;1869;EXCHANGE_LAST;;1;1;XEUR;11820365;636;
18.03.2025;09:24:03.163;FBTS SI 20250606 PS;SIMPLE_INSTRUMENT;EFP_FIN;EUR;2;107.14000000;476;EXCHANGE_LAST;;1;1;XEUR;11820367;639;
18.03.2025;09:29:46.384;FBTS SI 20250606 PS;SIMPLE_INSTRUMENT;EFP_FIN;EUR;3;107.14000000;1000;EXCHANGE_LAST;;1;1;XEUR;11820367;639;
18.03.2025;09:56:07.843;FBTS SI 20250606 PS;SIMPLE_INSTRUMENT;EFP_FIN;EUR;5;107.14000000;1037;EXCHANGE_LAST;;1;1;XEUR;11820367;639;
18.03.2025;10:10:54.825;FBTS SI 20250606 PS;SIMPLE_INSTRUMENT;EFP_FIN;EUR;6;107.13000000;813;EXCHANGE_LAST;;1;1;XEUR;11820367;639;
18.03.2025;10:25:14.734;FBTS SI 20250606 PS;SIMPLE_INSTRUMENT;EFP_FIN;EUR;7;107.12000000;122;EXCHANGE_LAST;;1;1;XEUR;11820367;639;
18.03.2025;10:53:56.527;FBTS SI 20250606 PS;SIMPLE_INSTRUMENT;EFP_FIN;EUR;10;107.12000000;238;EXCHANGE_LAST;;1;1;XEUR;11820367;639;
18.03.2025;11:03:30.707;FBTS SI 20250606 PS;SIMPLE_INSTRUMENT;EFP_FIN;EUR;11;107.11000000;343;EXCHANGE_LAST;;1;1;XEUR;11820367;639;
18.03.2025;11:12:44.595;FBTS SI 20250606 PS;SIMPLE_INSTRUMENT;BLOCK;EUR;12;107.12000000;238;EXCHANGE_LAST;;1;1;XEUR;11820367;639;
18.03.2025;12:39:47.632;FBTS SI 20250606 PS;SIMPLE_INSTRUMENT;EFP_FIN;EUR;19;107.10000000;209;EXCHANGE_LAST;;1;1;XEUR;11820367;639;
18.03.2025;13:34:49.605;FBTS SI 20250606 PS;SIMPLE_INSTRUMENT;EFP_FIN;EUR;21;107.11000000;6354;EXCHANGE_LAST;;1;1;XEUR;11820367;639;
18.03.2025;14:22:33.525;FBTS SI 20250606 PS;SIMPLE_INSTRUMENT;EFP_FIN;EUR;22;107.13000000;744;EXCHANGE_LAST;;1;1;XEUR;11820367;639;
18.03.2025;14:32:58.899;FBTS SI 20250606 PS;SIMPLE_INSTRUMENT;BLOCK;EUR;23;107.14000000;539;EXCHANGE_LAST;;1;1;XEUR;11820367;639;
18.03.2025;11:25:14.041;FCEU SI 20250616 PS;SIMPLE_INSTRUMENT;BLOCK;USD;1;1.09865000;75;EXCHANGE_LAST;;1;1;XEUR;7879022;369376;
18.03.2025;13:04:54.818;FCUF SI 20251215 PS;SIMPLE_INSTRUMENT;BLOCK;CHF;2;0.85319000;2400;EXCHANGE_LAST;;1;1;XEUR;8839529;369380;
18.03.2025;13:45:41.191;FD3D SI 20271217 CS;SIMPLE_INSTRUMENT;BLOCK;EUR;120;109.50000000;269;EXCHANGE_LAST;;1;1;XEUR;8782208;588;
18.03.2025;09:37:26.255;FDAX SI 20250321 CS;SIMPLE_INSTRUMENT;EFP_IDX;EUR;1;23400.00000000;100;EXCHANGE_LAST;;1;1;XEUR;7561255;589;
18.03.2025;10:08:20.323;FDAX SI 20250321 CS;SIMPLE_INSTRUMENT;BLOCK;EUR;2;23400.00000000;350;EXCHANGE_LAST;;1;1;XEUR;7561255;589;
18.03.2025;10:09:24.405;FDAX.S.MAR25.JUN25.SPD;FUTURES_SPREAD;BLOCK;EUR;3;-252.50000000;1164;EXCHANGE_LAST;;1;1;XEUR;72060123773665449;589;
18.03.2025;10:09:24.405;FDAX SI 20250620 CS;SIMPLE_INSTRUMENT;BLOCK;EUR;3;23678.00000000;1164;PRC_DECOMP_EXCHANGE;;;;XEUR;7903800;589;EXCHANGE
18.03.2025;10:09:24.405;FDAX SI 20250321 CS;SIMPLE_INSTRUMENT;BLOCK;EUR;3;23425.50000000;1164;PRC_DECOMP_EXCHANGE;;;;XEUR;7561255;589;EXCHANGE
18.03.2025;10:20:25.719;FDAX.S.MAR25.JUN25.SPD;FUTURES_SPREAD;BLOCK;EUR;6;-252.50000000;330;EXCHANGE_LAST;;1;1;XEUR;72060123773665449;589;
18.03.2025;10:20:25.719;FDAX SI 20250620 CS;SIMPLE_INSTRUMENT;BLOCK;EUR;6;23632.00000000;330;PRC_DECOMP_EXCHANGE;;;;XEUR;7903800;589;EXCHANGE
18.03.2025;10:20:25.719;FDAX SI 20250321 CS;SIMPLE_INSTRUMENT;BLOCK;EUR;6;23379.50000000;330;PRC_DECOMP_EXCHANGE;;;;XEUR;7561255;589;EXCHANGE
18.03.2025;10:20:32.720;FDAX.S.MAR25.JUN25.SPD;FUTURES_SPREAD;BLOCK;EUR;7;-252.00000000;329;EXCHANGE_LAST;;1;1;XEUR;72060123773665449;589;
18.03.2025;10:20:32.720;FDAX SI 20250620 CS;SIMPLE_INSTRUMENT;BLOCK;EUR;7;23632.00000000;329;PRC_DECOMP_EXCHANGE;;;;XEUR;7903800;589;EXCHANGE
18.03.2025;10:20:32.720;FDAX SI 20250321 CS;SIMPLE_INSTRUMENT;BLOCK;EUR;7;23380.00000000;329;PRC_DECOMP_EXCHANGE;;;;XEUR;7561255;589;EXCHANGE
18.03.2025;10:22:49.883;FDAX SI 20250321 CS;SIMPLE_INSTRUMENT;EFP_IDX;EUR;8;23440.00000000;150;EXCHANGE_LAST;;1;1;XEUR;7561255;589;
18.03.2025;17:01:57.511;FDAX SI 20250321 CS;SIMPLE_INSTRUMENT;EFP_IDX;EUR;9;23387.00000000;35;EXCHANGE_LAST;;1;1;XEUR;7561255;589;
18.03.2025;17:02:01.037;FDAX SI 20250321 CS;SIMPLE_INSTRUMENT;EFP_IDX;EUR;10;23386.00000000;15;EXCHANGE_LAST;;1;1;XEUR;7561255;589;
18.03.2025;17:03:15.109;FDAX SI 20250321 CS;SIMPLE_INSTRUMENT;EFP_IDX;EUR;11;23387.00000000;75;EXCHANGE_LAST;;1;1;XEUR;7561255;589;
18.03.2025;17:03:24.602;FDAX SI 20250321 CS;SIMPLE_INSTRUMENT;EFP_IDX;EUR;12;23386.00000000;32;EXCHANGE_LAST;;1;1;XEUR;7561255;589;
18.03.2025;17:16:33.577;FDAX SI 20250321 CS;SIMPLE_INSTRUMENT;EFP_IDX;EUR;13;23375.00000000;200;EXCHANGE_LAST;;1;1;XEUR;7561255;589;
18.03.2025;10:41:08.055;FDAX SI 20250321 CS;SIMPLE_INSTRUMENT;VOLA;EUR;671088650;23400.00000000;4;EXCHANGE_LAST;;1;1;XEUR;7561255;589;
18.03.2025;11:35:24.316;FDAX SI 20250321 CS;SIMPLE_INSTRUMENT;VOLA;EUR;671088656;23450.00000000;81;EXCHANGE_LAST;;1;1;XEUR;7561255;589;
18.03.2025;15:55:48.992;FDAX SI 20250321 CS;SIMPLE_INSTRUMENT;VOLA;EUR;671088673;23360.00000000;135;EXCHANGE_LAST;;1;1;XEUR;7561255;589;
18.03.2025;17:28:16.140;FDAX SI 20250321 CS;SIMPLE_INSTRUMENT;VOLA;EUR;671088677;23360.00000000;77;EXCHANGE_LAST;;1;1;XEUR;7561255;589;
18.03.2025;16:39:18.924;FDJ.O.250318.COMBO.000002;STANDARD_OPTION_STRATEGY;BLOCK;EUR;67;2.82000000;500;EXCHANGE_LAST;;1;1;XEUR;72916188065170597;199907;
18.03.2025;16:39:18.924;FDJ SI 20261218 PS AM P 28.00 0;SIMPLE_INSTRUMENT;BLOCK;EUR;67;3.63000000;500;PRC_DECOMP_EXCHANGE;;;;XEUR;12481581;199907;EXCHANGE
18.03.2025;16:39:18.924;FDJ SI 20261218 PS AM C 36.00 0;SIMPLE_INSTRUMENT;BLOCK;EUR;67;0.81000000;500;PRC_DECOMP_EXCHANGE;;;;XEUR;12481487;199907;EXCHANGE
18.03.2025;08:54:36.957;FEBD SI 20271217 CS;SIMPLE_INSTRUMENT;BLOCK;EUR;6;9.88000000;250;EXCHANGE_LAST;;1;1;XEUR;7776307;597;
18.03.2025;09:18:06.283;FEBD SI 20271217 CS;SIMPLE_INSTRUMENT;BLOCK;EUR;19;9.89000000;300;EXCHANGE_LAST;;1;1;XEUR;7776307;597;
18.03.2025;10:40:44.689;FEBD SI 20271217 CS;SIMPLE_INSTRUMENT;BLOCK;EUR;63;9.89000000;700;EXCHANGE_LAST;;1;2;XEUR;7776307;597;
18.03.2025;11:49:58.865;FEBD SI 20271217 CS;SIMPLE_INSTRUMENT;BLOCK;EUR;93;9.91000000;2000;EXCHANGE_LAST;;1;1;XEUR;7776307;597;
18.03.2025;12:27:23.173;FEBD SI 20251219 CS;SIMPLE_INSTRUMENT;BLOCK;EUR;103;11.17000000;1500;EXCHANGE_LAST;;1;2;XEUR;5914075;597;
18.03.2025;13:59:55.535;FEBD SI 20251219 CS;SIMPLE_INSTRUMENT;BLOCK;EUR;122;11.17000000;150;EXCHANGE_LAST;;1;1;XEUR;5914075;597;
18.03.2025;15:16:55.643;FEBD SI 20250620 CS;SIMPLE_INSTRUMENT;BLOCK;EUR;148;7.63000000;250;EXCHANGE_LAST;;1;1;XEUR;9547772;597;
18.03.2025;15:36:01.832;FEBD SI 20261218 CS;SIMPLE_INSTRUMENT;BLOCK;EUR;157;10.52000000;750;EXCHANGE_LAST;;2;1;XEUR;7158212;597;
18.03.2025;09:18:46.545;FECX SI 20250620 CS;SIMPLE_INSTRUMENT;BLOCK;EUR;17;165.55000000;224;EXCHANGE_LAST;;1;1;XEUR;11949125;410158;
18.03.2025;09:36:29.698;FECX.S.MAR25.JUN25.SPD;FUTURES_SPREAD;BLOCK;EUR;31;-1.14000000;80;EXCHANGE_LAST;;1;1;XEUR;73819209234120730;410158;
18.03.2025;09:36:29.698;FECX SI 20250620 CS;SIMPLE_INSTRUMENT;BLOCK;EUR;31;165.68000000;80;PRC_DECOMP_EXCHANGE;;;;XEUR;11949125;410158;EXCHANGE
18.03.2025;09:36:29.698;FECX SI 20250321 CS;SIMPLE_INSTRUMENT;BLOCK;EUR;31;164.54000000;80;PRC_DECOMP_EXCHANGE;;;;XEUR;11427948;410158;EXCHANGE
18.03.2025;10:01:18.801;FECX.S.MAR25.JUN25.SPD;FUTURES_SPREAD;BLOCK;EUR;46;-1.05000000;265;EXCHANGE_LAST;;1;1;XEUR;73819209234120730;410158;
18.03.2025;10:01:18.801;FECX SI 20250620 CS;SIMPLE_INSTRUMENT;BLOCK;EUR;46;165.63000000;265;PRC_DECOMP_EXCHANGE;;;;XEUR;11949125;410158;EXCHANGE
18.03.2025;10:01:18.801;FECX SI 20250321 CS;SIMPLE_INSTRUMENT;BLOCK;EUR;46;164.58000000;265;PRC_DECOMP_EXCHANGE;;;;XEUR;11427948;410158;EXCHANGE
18.03.2025;12:09:22.660;FECX.S.MAR25.JUN25.SPD;FUTURES_SPREAD;BLOCK;EUR;99;-1.01000000;165;EXCHANGE_LAST;;1;1;XEUR;73819209234120730;410158;
18.03.2025;12:09:22.660;FECX SI 20250620 CS;SIMPLE_INSTRUMENT;BLOCK;EUR;99;165.50000000;165;PRC_DECOMP_EXCHANGE;;;;XEUR;11949125;410158;EXCHANGE
18.03.2025;12:09:22.660;FECX SI 20250321 CS;SIMPLE_INSTRUMENT;BLOCK;EUR;99;164.49000000;165;PRC_DECOMP_EXCHANGE;;;;XEUR;11427948;410158;EXCHANGE
18.03.2025;14:18:53.729;FECX.S.MAR25.JUN25.SPD;FUTURES_SPREAD;BLOCK;EUR;125;-0.96000000;110;EXCHANGE_LAST;;1;1;XEUR;73819209234120730;410158;
18.03.2025;14:18:53.729;FECX SI 20250321 CS;SIMPLE_INSTRUMENT;BLOCK;EUR;125;164.50000000;110;PRC_DECOMP_MEMBER;;;;XEUR;11427948;410158;MEMBER
18.03.2025;14:18:53.729;FECX SI 20250620 CS;SIMPLE_INSTRUMENT;BLOCK;EUR;125;165.46000000;110;PRC_DECOMP_MEMBER;;;;XEUR;11949125;410158;MEMBER
18.03.2025;15:47:54.225;FECX SI 20250321 CS;SIMPLE_INSTRUMENT;BLOCK;EUR;163;164.55000000;75;EXCHANGE_LAST;;1;1;XEUR;11427948;410158;
18.03.2025;16:12:06.128;FECX.S.MAR25.JUN25.SPD;FUTURES_SPREAD;BLOCK;EUR;174;-0.96000000;110;EXCHANGE_LAST;;1;1;XEUR;73819209234120730;410158;
18.03.2025;16:12:06.128;FECX SI 20250321 CS;SIMPLE_INSTRUMENT;BLOCK;EUR;174;164.50000000;110;PRC_DECOMP_MEMBER;;;;XEUR;11427948;410158;MEMBER
18.03.2025;16:12:06.128;FECX SI 20250620 CS;SIMPLE_INSTRUMENT;BLOCK;EUR;174;165.46000000;110;PRC_DECOMP_MEMBER;;;;XEUR;11949125;410158;MEMBER
18.03.2025;08:43:34.769;FEDV.S.MAR25.JUN25.SPD;FUTURES_SPREAD;BLOCK;EUR;5;53.10000000;2200;EXCHANGE_LAST;;1;1;XEUR;72060153838436446;596;
18.03.2025;08:43:34.769;FEDV SI 20250321 CS;SIMPLE_INSTRUMENT;BLOCK;EUR;5;1926.10000000;2200;PRC_DECOMP_EXCHANGE;;;;XEUR;11359068;596;EXCHANGE
18.03.2025;08:43:34.769;FEDV SI 20250620 CS;SIMPLE_INSTRUMENT;BLOCK;EUR;5;1873.00000000;2200;PRC_DECOMP_EXCHANGE;;;;XEUR;11880642;596;EXCHANGE
18.03.2025;09:18:24.732;FEDV.S.MAR25.JUN25.SPD;FUTURES_SPREAD;BLOCK;EUR;20;53.10000000;3000;EXCHANGE_LAST;;1;1;XEUR;72060153838436446;596;
18.03.2025;09:18:24.732;FEDV SI 20250620 CS;SIMPLE_INSTRUMENT;BLOCK;EUR;20;1876.90000000;3000;PRC_DECOMP_MEMBER;;;;XEUR;11880642;596;MEMBER
18.03.2025;09:18:24.732;FEDV SI 20250321 CS;SIMPLE_INSTRUMENT;BLOCK;EUR;20;1930.00000000;3000;PRC_DECOMP_MEMBER;;;;XEUR;11359068;596;MEMBER
18.03.2025;09:20:02.024;FEDV.S.MAR25.JUN25.SPD;FUTURES_SPREAD;BLOCK;EUR;25;53.20000000;4000;EXCHANGE_LAST;;1;1;XEUR;72060153838436446;596;
18.03.2025;09:20:02.024;FEDV SI 20250321 CS;SIMPLE_INSTRUMENT;BLOCK;EUR;25;1927.70000000;4000;PRC_DECOMP_EXCHANGE;;;;XEUR;11359068;596;EXCHANGE
18.03.2025;09:20:02.024;FEDV SI 20250620 CS;SIMPLE_INSTRUMENT;BLOCK;EUR;25;1874.50000000;4000;PRC_DECOMP_EXCHANGE;;;;XEUR;11880642;596;EXCHANGE
18.03.2025;10:27:01.175;FEDV.S.MAR25.JUN25.SPD;FUTURES_SPREAD;BLOCK;EUR;58;53.30000000;4000;EXCHANGE_LAST;;1;1;XEUR;72060153838436446;596;
18.03.2025;10:27:01.175;FEDV SI 20250321 CS;SIMPLE_INSTRUMENT;BLOCK;EUR;58;1932.30000000;4000;PRC_DECOMP_MEMBER;;;;XEUR;11359068;596;MEMBER
18.03.2025;10:27:01.175;FEDV SI 20250620 CS;SIMPLE_INSTRUMENT;BLOCK;EUR;58;1879.00000000;4000;PRC_DECOMP_MEMBER;;;;XEUR;11880642;596;MEMBER
18.03.2025;10:53:45.588;FEDV SI 20250321 CS;SIMPLE_INSTRUMENT;BLOCK;EUR;67;1933.00000000;5000;EXCHANGE_LAST;;1;1;XEUR;11359068;596;
18.03.2025;10:55:21.590;FEDV SI 20250321 CS;SIMPLE_INSTRUMENT;BLOCK;EUR;68;1933.00000000;5000;EXCHANGE_LAST;;1;1;XEUR;11359068;596;
18.03.2025;11:29:18.117;FEDV.S.MAR25.JUN25.SPD;FUTURES_SPREAD;BLOCK;EUR;83;53.40000000;1000;EXCHANGE_LAST;;1;1;XEUR;72060153838436446;596;
18.03.2025;11:29:18.117;FEDV SI 20250321 CS;SIMPLE_INSTRUMENT;BLOCK;EUR;83;1935.00000000;1000;PRC_DECOMP_MEMBER;;;;XEUR;11359068;596;MEMBER
18.03.2025;11:29:18.117;FEDV SI 20250620 CS;SIMPLE_INSTRUMENT;BLOCK;EUR;83;1881.60000000;1000;PRC_DECOMP_MEMBER;;;;XEUR;11880642;596;MEMBER
18.03.2025;11:29:26.910;FEDV.S.MAR25.JUN25.SPD;FUTURES_SPREAD;BLOCK;EUR;84;53.30000000;1000;EXCHANGE_LAST;;1;1;XEUR;72060153838436446;596;
18.03.2025;11:29:26.910;FEDV SI 20250620 CS;SIMPLE_INSTRUMENT;BLOCK;EUR;84;1881.70000000;1000;PRC_DECOMP_MEMBER;;;;XEUR;11880642;596;MEMBER
18.03.2025;11:29:26.910;FEDV SI 20250321 CS;SIMPLE_INSTRUMENT;BLOCK;EUR;84;1935.00000000;1000;PRC_DECOMP_MEMBER;;;;XEUR;11359068;596;MEMBER
18.03.2025;12:45:55.455;FEDV SI 20250321 CS;SIMPLE_INSTRUMENT;BLOCK;EUR;107;1934.00000000;5000;EXCHANGE_LAST;;1;1;XEUR;11359068;596;
18.03.2025;14:29:29.531;FEDV.S.MAR25.JUN25.SPD;FUTURES_SPREAD;BLOCK;EUR;130;53.50000000;1000;EXCHANGE_LAST;;1;1;XEUR;72060153838436446;596;
18.03.2025;14:29:29.531;FEDV SI 20250321 CS;SIMPLE_INSTRUMENT;BLOCK;EUR;130;1940.00000000;1000;PRC_DECOMP_MEMBER;;;;XEUR;11359068;596;MEMBER
18.03.2025;14:29:29.531;FEDV SI 20250620 CS;SIMPLE_INSTRUMENT;BLOCK;EUR;130;1886.50000000;1000;PRC_DECOMP_MEMBER;;;;XEUR;11880642;596;MEMBER
18.03.2025;15:27:34.710;FEDV SI 20250321 CS;SIMPLE_INSTRUMENT;BLOCK;EUR;153;1941.00000000;1500;EXCHANGE_LAST;;1;1;XEUR;11359068;596;
18.03.2025;15:38:39.756;FEDV SI 20250321 CS;SIMPLE_INSTRUMENT;BLOCK;EUR;160;1941.00000000;3500;EXCHANGE_LAST;;1;1;XEUR;11359068;596;
18.03.2025;16:52:29.955;FEDV SI 20250321 CS;SIMPLE_INSTRUMENT;BLOCK;EUR;182;1942.00000000;820;EXCHANGE_LAST;;1;1;XEUR;11359068;596;
18.03.2025;16:52:15.954;FEDV SI 20250321 CS;SIMPLE_INSTRUMENT;BLOCK;EUR;183;1941.00000000;1180;EXCHANGE_LAST;;1;1;XEUR;11359068;596;
18.03.2025;09:32:18.601;FEHY.S.MAR25.JUN25.SPD;FUTURES_SPREAD;BLOCK;EUR;30;-1.92000000;150;EXCHANGE_LAST;;1;1;XEUR;74523107129294866;574047;
18.03.2025;09:32:18.601;FEHY SI 20250620 CS;SIMPLE_INSTRUMENT;BLOCK;EUR;30;298.32000000;150;PRC_DECOMP_MEMBER;;;;XEUR;11949378;574047;MEMBER
18.03.2025;09:32:18.601;FEHY SI 20250321 CS;SIMPLE_INSTRUMENT;BLOCK;EUR;30;296.40000000;150;PRC_DECOMP_MEMBER;;;;XEUR;11428365;574047;MEMBER
18.03.2025;09:56:53.530;FEHY.S.MAR25.JUN25.SPD;FUTURES_SPREAD;BLOCK;EUR;44;-2.06000000;663;EXCHANGE_LAST;;1;1;XEUR;74523107129294866;574047;
18.03.2025;09:56:53.530;FEHY SI 20250321 CS;SIMPLE_INSTRUMENT;BLOCK;EUR;44;296.42000000;663;PRC_DECOMP_EXCHANGE;;;;XEUR;11428365;574047;EXCHANGE
18.03.2025;09:56:53.530;FEHY SI 20250620 CS;SIMPLE_INSTRUMENT;BLOCK;EUR;44;298.48000000;663;PRC_DECOMP_EXCHANGE;;;;XEUR;11949378;574047;EXCHANGE
18.03.2025;10:19:44.699;FEHY.S.MAR25.JUN25.SPD;FUTURES_SPREAD;BLOCK;EUR;52;-1.90000000;100;EXCHANGE_LAST;;1;1;XEUR;74523107129294866;574047;
18.03.2025;10:19:44.699;FEHY SI 20250321 CS;SIMPLE_INSTRUMENT;BLOCK;EUR;52;296.52000000;100;PRC_DECOMP_MEMBER;;;;XEUR;11428365;574047;MEMBER
18.03.2025;10:19:44.699;FEHY SI 20250620 CS;SIMPLE_INSTRUMENT;BLOCK;EUR;52;298.42000000;100;PRC_DECOMP_MEMBER;;;;XEUR;11949378;574047;MEMBER
18.03.2025;10:56:31.752;FEHY.S.MAR25.JUN25.SPD;FUTURES_SPREAD;BLOCK;EUR;69;-1.98000000;268;EXCHANGE_LAST;;1;1;XEUR;74523107129294866;574047;
18.03.2025;10:56:31.752;FEHY SI 20250620 CS;SIMPLE_INSTRUMENT;BLOCK;EUR;69;298.38000000;268;PRC_DECOMP_MEMBER;;;;XEUR;11949378;574047;MEMBER
18.03.2025;10:56:31.752;FEHY SI 20250321 CS;SIMPLE_INSTRUMENT;BLOCK;EUR;69;296.40000000;268;PRC_DECOMP_MEMBER;;;;XEUR;11428365;574047;MEMBER
18.03.2025;16:01:20.870;FEHY SI 20250620 CS;SIMPLE_INSTRUMENT;BLOCK;EUR;169;298.22000000;110;EXCHANGE_LAST;;1;1;XEUR;11949378;574047;
18.03.2025;16:08:28.496;FES1 SI 20250321 PS;SIMPLE_INSTRUMENT;BLOCK;EUR;170;-3.20000000;800;EXCHANGE_LAST;;1;1;XEUR;11391470;58959;
18.03.2025;09:17:42.551;FESB SI 20250321 CS;SIMPLE_INSTRUMENT;BLOCK;EUR;176;195.40000000;9589;EXCHANGE_LAST;;1;1;XEUR;11359072;605;
18.03.2025;09:17:48.324;FESB SI 20250620 CS;SIMPLE_INSTRUMENT;BLOCK;EUR;177;190.70000000;5753;EXCHANGE_LAST;;1;1;XEUR;11880665;605;
18.03.2025;09:17:49.869;FESB SI 20250620 CS;SIMPLE_INSTRUMENT;BLOCK;EUR;178;190.75000000;3836;EXCHANGE_LAST;;1;1;XEUR;11880665;605;
18.03.2025;09:22:47.380;FESB.S.MAR25.JUN25.SPD;FUTURES_SPREAD;BLOCK;EUR;186;4.70000000;5000;EXCHANGE_LAST;;1;1;XEUR;72060192493142110;605;
18.03.2025;09:22:47.380;FESB SI 20250321 CS;SIMPLE_INSTRUMENT;BLOCK;EUR;186;194.90000000;5000;PRC_DECOMP_MEMBER;;;;XEUR;11359072;605;MEMBER
18.03.2025;09:22:47.380;FESB SI 20250620 CS;SIMPLE_INSTRUMENT;BLOCK;EUR;186;190.20000000;5000;PRC_DECOMP_MEMBER;;;;XEUR;11880665;605;MEMBER
18.03.2025;09:22:57.245;FESB.S.MAR25.JUN25.SPD;FUTURES_SPREAD;BLOCK;EUR;187;4.60000000;5000;EXCHANGE_LAST;;1;1;XEUR;72060192493142110;605;
18.03.2025;09:22:57.245;FESB SI 20250321 CS;SIMPLE_INSTRUMENT;BLOCK;EUR;187;194.90000000;5000;PRC_DECOMP_MEMBER;;;;XEUR;11359072;605;MEMBER
18.03.2025;09:22:57.245;FESB SI 20250620 CS;SIMPLE_INSTRUMENT;BLOCK;EUR;187;190.30000000;5000;PRC_DECOMP_MEMBER;;;;XEUR;11880665;605;MEMBER
18.03.2025;09:24:33.389;FESB.S.MAR25.JUN25.SPD;FUTURES_SPREAD;BLOCK;EUR;190;4.64000000;2657;EXCHANGE_LAST;;1;1;XEUR;72060192493142110;605;
18.03.2025;09:24:33.389;FESB SI 20250620 CS;SIMPLE_INSTRUMENT;BLOCK;EUR;190;190.45000000;2657;PRC_DECOMP_EXCHANGE;;;;XEUR;11880665;605;EXCHANGE
18.03.2025;09:24:33.389;FESB SI 20250321 CS;SIMPLE_INSTRUMENT;BLOCK;EUR;190;195.09000000;2657;PRC_DECOMP_EXCHANGE;;;;XEUR;11359072;605;EXCHANGE
18.03.2025;09:24:43.186;FESB.S.MAR25.JUN25.SPD;FUTURES_SPREAD;BLOCK;EUR;191;4.66000000;2657;EXCHANGE_LAST;;1;1;XEUR;72060192493142110;605;
18.03.2025;09:24:43.186;FESB SI 20250620 CS;SIMPLE_INSTRUMENT;BLOCK;EUR;191;190.45000000;2657;PRC_DECOMP_EXCHANGE;;;;XEUR;11880665;605;EXCHANGE
18.03.2025;09:24:43.186;FESB SI 20250321 CS;SIMPLE_INSTRUMENT;BLOCK;EUR;191;195.11000000;2657;PRC_DECOMP_EXCHANGE;;;;XEUR;11359072;605;EXCHANGE
18.03.2025;09:48:43.684;FESB.S.MAR25.JUN25.SPD;FUTURES_SPREAD;BLOCK;EUR;217;4.64000000;1650;EXCHANGE_LAST;;1;1;XEUR;72060192493142110;605;
18.03.2025;09:48:43.684;FESB SI 20250321 CS;SIMPLE_INSTRUMENT;BLOCK;EUR;217;195.10000000;1650;PRC_DECOMP_MEMBER;;;;XEUR;11359072;605;MEMBER
18.03.2025;09:48:43.684;FESB SI 20250620 CS;SIMPLE_INSTRUMENT;BLOCK;EUR;217;190.46000000;1650;PRC_DECOMP_MEMBER;;;;XEUR;11880665;605;MEMBER
18.03.2025;09:49:03.312;FESB.S.MAR25.JUN25.SPD;FUTURES_SPREAD;BLOCK;EUR;218;4.66000000;1650;EXCHANGE_LAST;;1;1;XEUR;72060192493142110;605;
18.03.2025;09:49:03.312;FESB SI 20250321 CS;SIMPLE_INSTRUMENT;BLOCK;EUR;218;195.10000000;1650;PRC_DECOMP_MEMBER;;;;XEUR;11359072;605;MEMBER
18.03.2025;09:49:03.312;FESB SI 20250620 CS;SIMPLE_INSTRUMENT;BLOCK;EUR;218;190.44000000;1650;PRC_DECOMP_MEMBER;;;;XEUR;11880665;605;MEMBER
18.03.2025;10:06:56.793;FESB SI 20250321 CS;SIMPLE_INSTRUMENT;BLOCK;EUR;244;195.05000000;1656;EXCHANGE_LAST;;1;1;XEUR;11359072;605;
18.03.2025;10:06:27.158;FESB SI 20250620 CS;SIMPLE_INSTRUMENT;BLOCK;EUR;246;190.40000000;1656;EXCHANGE_LAST;;1;1;XEUR;11880665;605;
18.03.2025;10:14:04.890;FESB.S.MAR25.JUN25.SPD;FUTURES_SPREAD;BLOCK;EUR;258;4.66000000;2775;EXCHANGE_LAST;;1;1;XEUR;72060192493142110;605;
18.03.2025;10:14:04.890;FESB SI 20250321 CS;SIMPLE_INSTRUMENT;BLOCK;EUR;258;195.10000000;2775;PRC_DECOMP_MEMBER;;;;XEUR;11359072;605;MEMBER
18.03.2025;10:14:04.890;FESB SI 20250620 CS;SIMPLE_INSTRUMENT;BLOCK;EUR;258;190.44000000;2775;PRC_DECOMP_MEMBER;;;;XEUR;11880665;605;MEMBER
18.03.2025;10:13:50.166;FESB.S.MAR25.JUN25.SPD;FUTURES_SPREAD;BLOCK;EUR;259;4.64000000;2775;EXCHANGE_LAST;;1;1;XEUR;72060192493142110;605;
18.03.2025;10:13:50.166;FESB SI 20250321 CS;SIMPLE_INSTRUMENT;BLOCK;EUR;259;195.10000000;2775;PRC_DECOMP_MEMBER;;;;XEUR;11359072;605;MEMBER
18.03.2025;10:13:50.166;FESB SI 20250620 CS;SIMPLE_INSTRUMENT;BLOCK;EUR;259;190.46000000;2775;PRC_DECOMP_MEMBER;;;;XEUR;11880665;605;MEMBER
18.03.2025;10:18:09.711;FESB.S.MAR25.JUN25.SPD;FUTURES_SPREAD;BLOCK;EUR;263;4.64000000;2309;EXCHANGE_LAST;;1;1;XEUR;72060192493142110;605;
18.03.2025;10:18:09.711;FESB SI 20250620 CS;SIMPLE_INSTRUMENT;BLOCK;EUR;263;190.10000000;2309;PRC_DECOMP_EXCHANGE;;;;XEUR;11880665;605;EXCHANGE
18.03.2025;10:18:09.711;FESB SI 20250321 CS;SIMPLE_INSTRUMENT;BLOCK;EUR;263;194.74000000;2309;PRC_DECOMP_EXCHANGE;;;;XEUR;11359072;605;EXCHANGE
18.03.2025;10:18:06.711;FESB.S.MAR25.JUN25.SPD;FUTURES_SPREAD;BLOCK;EUR;264;4.68000000;2552;EXCHANGE_LAST;;1;1;XEUR;72060192493142110;605;
18.03.2025;10:18:06.711;FESB SI 20250620 CS;SIMPLE_INSTRUMENT;BLOCK;EUR;264;190.10000000;2552;PRC_DECOMP_EXCHANGE;;;;XEUR;11880665;605;EXCHANGE
18.03.2025;10:18:06.711;FESB SI 20250321 CS;SIMPLE_INSTRUMENT;BLOCK;EUR;264;194.78000000;2552;PRC_DECOMP_EXCHANGE;;;;XEUR;11359072;605;EXCHANGE
18.03.2025;10:17:18.582;FESB.S.MAR25.JUN25.SPD;FUTURES_SPREAD;BLOCK;EUR;265;4.66000000;30000;EXCHANGE_LAST;;1;1;XEUR;72060192493142110;605;
18.03.2025;10:17:18.582;FESB SI 20250321 CS;SIMPLE_INSTRUMENT;BLOCK;EUR;265;195.30000000;30000;PRC_DECOMP_MEMBER;;;;XEUR;11359072;605;MEMBER
18.03.2025;10:17:18.582;FESB SI 20250620 CS;SIMPLE_INSTRUMENT;BLOCK;EUR;265;190.64000000;30000;PRC_DECOMP_MEMBER;;;;XEUR;11880665;605;MEMBER
18.03.2025;10:17:33.720;FESB.S.MAR25.JUN25.SPD;FUTURES_SPREAD;BLOCK;EUR;266;4.64000000;30000;EXCHANGE_LAST;;1;1;XEUR;72060192493142110;605;
18.03.2025;10:17:33.720;FESB SI 20250620 CS;SIMPLE_INSTRUMENT;BLOCK;EUR;266;190.66000000;30000;PRC_DECOMP_MEMBER;;;;XEUR;11880665;605;MEMBER
18.03.2025;10:17:33.720;FESB SI 20250321 CS;SIMPLE_INSTRUMENT;BLOCK;EUR;266;195.30000000;30000;PRC_DECOMP_MEMBER;;;;XEUR;11359072;605;MEMBER
18.03.2025;10:36:54.593;FESB.S.MAR25.JUN25.SPD;FUTURES_SPREAD;BLOCK;EUR;269;4.60000000;2500;EXCHANGE_LAST;;1;1;XEUR;72060192493142110;605;
18.03.2025;10:36:54.593;FESB SI 20250321 CS;SIMPLE_INSTRUMENT;BLOCK;EUR;269;195.00000000;2500;PRC_DECOMP_MEMBER;;;;XEUR;11359072;605;MEMBER
18.03.2025;10:36:54.593;FESB SI 20250620 CS;SIMPLE_INSTRUMENT;BLOCK;EUR;269;190.40000000;2500;PRC_DECOMP_MEMBER;;;;XEUR;11880665;605;MEMBER
18.03.2025;10:36:18.422;FESB.S.MAR25.JUN25.SPD;FUTURES_SPREAD;BLOCK;EUR;270;4.70000000;2500;EXCHANGE_LAST;;1;1;XEUR;72060192493142110;605;
18.03.2025;10:36:18.422;FESB SI 20250620 CS;SIMPLE_INSTRUMENT;BLOCK;EUR;270;190.30000000;2500;PRC_DECOMP_MEMBER;;;;XEUR;11880665;605;MEMBER
18.03.2025;10:36:18.422;FESB SI 20250321 CS;SIMPLE_INSTRUMENT;BLOCK;EUR;270;195.00000000;2500;PRC_DECOMP_MEMBER;;;;XEUR;11359072;605;MEMBER
18.03.2025;10:52:24.490;FESB.S.MAR25.JUN25.SPD;FUTURES_SPREAD;BLOCK;EUR;283;4.60000000;5000;EXCHANGE_LAST;;1;1;XEUR;72060192493142110;605;
18.03.2025;10:52:24.490;FESB SI 20250620 CS;SIMPLE_INSTRUMENT;BLOCK;EUR;283;190.40000000;5000;PRC_DECOMP_MEMBER;;;;XEUR;11880665;605;MEMBER
18.03.2025;10:52:24.490;FESB SI 20250321 CS;SIMPLE_INSTRUMENT;BLOCK;EUR;283;195.00000000;5000;PRC_DECOMP_MEMBER;;;;XEUR;11359072;605;MEMBER
18.03.2025;10:51:28.650;FESB.S.MAR25.JUN25.SPD;FUTURES_SPREAD;BLOCK;EUR;284;4.70000000;5000;EXCHANGE_LAST;;1;1;XEUR;72060192493142110;605;
18.03.2025;10:51:28.650;FESB SI 20250620 CS;SIMPLE_INSTRUMENT;BLOCK;EUR;284;190.30000000;5000;PRC_DECOMP_MEMBER;;;;XEUR;11880665;605;MEMBER
18.03.2025;10:51:28.650;FESB SI 20250321 CS;SIMPLE_INSTRUMENT;BLOCK;EUR;284;195.00000000;5000;PRC_DECOMP_MEMBER;;;;XEUR;11359072;605;MEMBER
18.03.2025;10:52:44.380;FESB.S.MAR25.JUN25.SPD;FUTURES_SPREAD;BLOCK;EUR;285;4.70000000;5000;EXCHANGE_LAST;;1;1;XEUR;72060192493142110;605;
18.03.2025;10:52:44.380;FESB SI 20250620 CS;SIMPLE_INSTRUMENT;BLOCK;EUR;285;190.30000000;5000;PRC_DECOMP_MEMBER;;;;XEUR;11880665;605;MEMBER
18.03.2025;10:52:44.380;FESB SI 20250321 CS;SIMPLE_INSTRUMENT;BLOCK;EUR;285;195.00000000;5000;PRC_DECOMP_MEMBER;;;;XEUR;11359072;605;MEMBER
18.03.2025;10:52:28.890;FESB.S.MAR25.JUN25.SPD;FUTURES_SPREAD;BLOCK;EUR;286;4.60000000;5000;EXCHANGE_LAST;;1;1;XEUR;72060192493142110;605;
18.03.2025;10:52:28.890;FESB SI 20250321 CS;SIMPLE_INSTRUMENT;BLOCK;EUR;286;195.00000000;5000;PRC_DECOMP_MEMBER;;;;XEUR;11359072;605;MEMBER
18.03.2025;10:52:28.890;FESB SI 20250620 CS;SIMPLE_INSTRUMENT;BLOCK;EUR;286;190.40000000;5000;PRC_DECOMP_MEMBER;;;;XEUR;11880665;605;MEMBER
18.03.2025;10:46:11.538;FESB SI 20250321 CS;SIMPLE_INSTRUMENT;BLOCK;EUR;287;194.90000000;5000;EXCHANGE_LAST;;1;1;XEUR;11359072;605;
18.03.2025;10:47:53.221;FESB.S.MAR25.JUN25.SPD;FUTURES_SPREAD;BLOCK;EUR;288;4.64000000;8858;EXCHANGE_LAST;;1;1;XEUR;72060192493142110;605;
18.03.2025;10:47:53.221;FESB SI 20250620 CS;SIMPLE_INSTRUMENT;BLOCK;EUR;288;190.30000000;8858;PRC_DECOMP_EXCHANGE;;;;XEUR;11880665;605;EXCHANGE
18.03.2025;10:47:53.221;FESB SI 20250321 CS;SIMPLE_INSTRUMENT;BLOCK;EUR;288;194.94000000;8858;PRC_DECOMP_EXCHANGE;;;;XEUR;11359072;605;EXCHANGE
18.03.2025;10:53:05.326;FESB.S.MAR25.JUN25.SPD;FUTURES_SPREAD;BLOCK;EUR;291;4.70000000;4733;EXCHANGE_LAST;;1;1;XEUR;72060192493142110;605;
18.03.2025;10:53:05.326;FESB SI 20250620 CS;SIMPLE_INSTRUMENT;BLOCK;EUR;291;190.30000000;4733;PRC_DECOMP_MEMBER;;;;XEUR;11880665;605;MEMBER
18.03.2025;10:53:05.326;FESB SI 20250321 CS;SIMPLE_INSTRUMENT;BLOCK;EUR;291;195.00000000;4733;PRC_DECOMP_MEMBER;;;;XEUR;11359072;605;MEMBER
18.03.2025;10:53:14.619;FESB.S.MAR25.JUN25.SPD;FUTURES_SPREAD;BLOCK;EUR;292;4.60000000;4733;EXCHANGE_LAST;;1;1;XEUR;72060192493142110;605;
18.03.2025;10:53:14.619;FESB SI 20250321 CS;SIMPLE_INSTRUMENT;BLOCK;EUR;292;195.00000000;4733;PRC_DECOMP_MEMBER;;;;XEUR;11359072;605;MEMBER
18.03.2025;10:53:14.619;FESB SI 20250620 CS;SIMPLE_INSTRUMENT;BLOCK;EUR;292;190.40000000;4733;PRC_DECOMP_MEMBER;;;;XEUR;11880665;605;MEMBER
18.03.2025;10:56:00.006;FESB.S.MAR25.JUN25.SPD;FUTURES_SPREAD;BLOCK;EUR;294;4.60000000;2500;EXCHANGE_LAST;;1;1;XEUR;72060192493142110;605;
18.03.2025;10:56:00.006;FESB SI 20250321 CS;SIMPLE_INSTRUMENT;BLOCK;EUR;294;195.00000000;2500;PRC_DECOMP_MEMBER;;;;XEUR;11359072;605;MEMBER
18.03.2025;10:56:00.006;FESB SI 20250620 CS;SIMPLE_INSTRUMENT;BLOCK;EUR;294;190.40000000;2500;PRC_DECOMP_MEMBER;;;;XEUR;11880665;605;MEMBER
18.03.2025;10:55:43.166;FESB.S.MAR25.JUN25.SPD;FUTURES_SPREAD;BLOCK;EUR;295;4.70000000;2500;EXCHANGE_LAST;;1;1;XEUR;72060192493142110;605;
18.03.2025;10:55:43.166;FESB SI 20250620 CS;SIMPLE_INSTRUMENT;BLOCK;EUR;295;190.30000000;2500;PRC_DECOMP_MEMBER;;;;XEUR;11880665;605;MEMBER
18.03.2025;10:55:43.166;FESB SI 20250321 CS;SIMPLE_INSTRUMENT;BLOCK;EUR;295;195.00000000;2500;PRC_DECOMP_MEMBER;;;;XEUR;11359072;605;MEMBER
18.03.2025;10:57:59.328;FESB SI 20250321 CS;SIMPLE_INSTRUMENT;BLOCK;EUR;296;195.00000000;8000;EXCHANGE_LAST;;1;1;XEUR;11359072;605;
18.03.2025;11:04:34.773;FESB.S.MAR25.JUN25.SPD;FUTURES_SPREAD;BLOCK;EUR;299;4.64000000;3075;EXCHANGE_LAST;;1;1;XEUR;72060192493142110;605;
18.03.2025;11:04:34.773;FESB SI 20250321 CS;SIMPLE_INSTRUMENT;BLOCK;EUR;299;194.94000000;3075;PRC_DECOMP_EXCHANGE;;;;XEUR;11359072;605;EXCHANGE
18.03.2025;11:04:34.773;FESB SI 20250620 CS;SIMPLE_INSTRUMENT;BLOCK;EUR;299;190.30000000;3075;PRC_DECOMP_EXCHANGE;;;;XEUR;11880665;605;EXCHANGE
18.03.2025;11:04:17.783;FESB.S.MAR25.JUN25.SPD;FUTURES_SPREAD;BLOCK;EUR;300;4.66000000;3075;EXCHANGE_LAST;;1;1;XEUR;72060192493142110;605;
18.03.2025;11:04:17.783;FESB SI 20250321 CS;SIMPLE_INSTRUMENT;BLOCK;EUR;300;194.96000000;3075;PRC_DECOMP_EXCHANGE;;;;XEUR;11359072;605;EXCHANGE
18.03.2025;11:04:17.783;FESB SI 20250620 CS;SIMPLE_INSTRUMENT;BLOCK;EUR;300;190.30000000;3075;PRC_DECOMP_EXCHANGE;;;;XEUR;11880665;605;EXCHANGE
18.03.2025;11:08:41.543;FESB SI 20250321 CS;SIMPLE_INSTRUMENT;BLOCK;EUR;307;195.00000000;5000;EXCHANGE_LAST;;1;1;XEUR;11359072;605;
18.03.2025;11:14:30.976;FESB.S.MAR25.JUN25.SPD;FUTURES_SPREAD;BLOCK;EUR;312;4.70000000;24486;EXCHANGE_LAST;;1;1;XEUR;72060192493142110;605;
18.03.2025;11:14:30.976;FESB SI 20250620 CS;SIMPLE_INSTRUMENT;BLOCK;EUR;312;190.30000000;24486;PRC_DECOMP_MEMBER;;;;XEUR;11880665;605;MEMBER
18.03.2025;11:14:30.976;FESB SI 20250321 CS;SIMPLE_INSTRUMENT;BLOCK;EUR;312;195.00000000;24486;PRC_DECOMP_MEMBER;;;;XEUR;11359072;605;MEMBER
18.03.2025;11:14:36.218;FESB.S.MAR25.JUN25.SPD;FUTURES_SPREAD;BLOCK;EUR;313;4.60000000;24485;EXCHANGE_LAST;;1;1;XEUR;72060192493142110;605;
18.03.2025;11:14:36.218;FESB SI 20250321 CS;SIMPLE_INSTRUMENT;BLOCK;EUR;313;195.00000000;24485;PRC_DECOMP_MEMBER;;;;XEUR;11359072;605;MEMBER
18.03.2025;11:14:36.218;FESB SI 20250620 CS;SIMPLE_INSTRUMENT;BLOCK;EUR;313;190.40000000;24485;PRC_DECOMP_MEMBER;;;;XEUR;11880665;605;MEMBER
18.03.2025;11:15:17.367;FESB.S.MAR25.JUN25.SPD;FUTURES_SPREAD;BLOCK;EUR;314;4.70000000;15000;EXCHANGE_LAST;;1;1;XEUR;72060192493142110;605;
18.03.2025;11:15:17.367;FESB SI 20250321 CS;SIMPLE_INSTRUMENT;BLOCK;EUR;314;195.00000000;15000;PRC_DECOMP_MEMBER;;;;XEUR;11359072;605;MEMBER
18.03.2025;11:15:17.367;FESB SI 20250620 CS;SIMPLE_INSTRUMENT;BLOCK;EUR;314;190.30000000;15000;PRC_DECOMP_MEMBER;;;;XEUR;11880665;605;MEMBER
18.03.2025;11:15:21.741;FESB.S.MAR25.JUN25.SPD;FUTURES_SPREAD;BLOCK;EUR;316;4.60000000;15000;EXCHANGE_LAST;;1;1;XEUR;72060192493142110;605;
18.03.2025;11:15:21.741;FESB SI 20250321 CS;SIMPLE_INSTRUMENT;BLOCK;EUR;316;195.00000000;15000;PRC_DECOMP_MEMBER;;;;XEUR;11359072;605;MEMBER
18.03.2025;11:15:21.741;FESB SI 20250620 CS;SIMPLE_INSTRUMENT;BLOCK;EUR;316;190.40000000;15000;PRC_DECOMP_MEMBER;;;;XEUR;11880665;605;MEMBER
18.03.2025;11:21:13.222;FESB.S.MAR25.JUN25.SPD;FUTURES_SPREAD;BLOCK;EUR;319;4.60000000;5000;EXCHANGE_LAST;;1;1;XEUR;72060192493142110;605;
18.03.2025;11:21:13.222;FESB SI 20250321 CS;SIMPLE_INSTRUMENT;BLOCK;EUR;319;195.00000000;5000;PRC_DECOMP_MEMBER;;;;XEUR;11359072;605;MEMBER
18.03.2025;11:21:13.222;FESB SI 20250620 CS;SIMPLE_INSTRUMENT;BLOCK;EUR;319;190.40000000;5000;PRC_DECOMP_MEMBER;;;;XEUR;11880665;605;MEMBER
18.03.2025;11:21:13.619;FESB.S.MAR25.JUN25.SPD;FUTURES_SPREAD;BLOCK;EUR;320;4.70000000;5000;EXCHANGE_LAST;;1;1;XEUR;72060192493142110;605;
18.03.2025;11:21:13.619;FESB SI 20250620 CS;SIMPLE_INSTRUMENT;BLOCK;EUR;320;190.30000000;5000;PRC_DECOMP_MEMBER;;;;XEUR;11880665;605;MEMBER
18.03.2025;11:21:13.619;FESB SI 20250321 CS;SIMPLE_INSTRUMENT;BLOCK;EUR;320;195.00000000;5000;PRC_DECOMP_MEMBER;;;;XEUR;11359072;605;MEMBER
18.03.2025;11:46:14.640;FESB SI 20250321 CS;SIMPLE_INSTRUMENT;BLOCK;EUR;343;195.70000000;5000;EXCHANGE_LAST;;1;1;XEUR;11359072;605;
18.03.2025;11:48:20.369;FESB SI 20250321 CS;SIMPLE_INSTRUMENT;BLOCK;EUR;347;194.80000000;10000;EXCHANGE_LAST;;1;1;XEUR;11359072;605;
18.03.2025;11:54:55.333;FESB.S.MAR25.JUN25.SPD;FUTURES_SPREAD;BLOCK;EUR;348;4.60000000;2500;EXCHANGE_LAST;;1;1;XEUR;72060192493142110;605;
18.03.2025;11:54:55.333;FESB SI 20250620 CS;SIMPLE_INSTRUMENT;BLOCK;EUR;348;190.40000000;2500;PRC_DECOMP_MEMBER;;;;XEUR;11880665;605;MEMBER
18.03.2025;11:54:55.333;FESB SI 20250321 CS;SIMPLE_INSTRUMENT;BLOCK;EUR;348;195.00000000;2500;PRC_DECOMP_MEMBER;;;;XEUR;11359072;605;MEMBER
18.03.2025;11:55:03.997;FESB.S.MAR25.JUN25.SPD;FUTURES_SPREAD;BLOCK;EUR;349;4.70000000;2500;EXCHANGE_LAST;;1;1;XEUR;72060192493142110;605;
18.03.2025;11:55:03.997;FESB SI 20250321 CS;SIMPLE_INSTRUMENT;BLOCK;EUR;349;195.00000000;2500;PRC_DECOMP_MEMBER;;;;XEUR;11359072;605;MEMBER
18.03.2025;11:55:03.997;FESB SI 20250620 CS;SIMPLE_INSTRUMENT;BLOCK;EUR;349;190.30000000;2500;PRC_DECOMP_MEMBER;;;;XEUR;11880665;605;MEMBER
18.03.2025;12:07:04.977;FESB.S.MAR25.JUN25.SPD;FUTURES_SPREAD;BLOCK;EUR;353;4.60000000;20000;EXCHANGE_LAST;;2;1;XEUR;72060192493142110;605;
18.03.2025;12:07:04.977;FESB SI 20250620 CS;SIMPLE_INSTRUMENT;BLOCK;EUR;353;190.40000000;20000;PRC_DECOMP_MEMBER;;;;XEUR;11880665;605;MEMBER
18.03.2025;12:07:04.977;FESB SI 20250321 CS;SIMPLE_INSTRUMENT;BLOCK;EUR;353;195.00000000;20000;PRC_DECOMP_MEMBER;;;;XEUR;11359072;605;MEMBER
18.03.2025;12:07:17.924;FESB.S.MAR25.JUN25.SPD;FUTURES_SPREAD;BLOCK;EUR;354;4.70000000;20000;EXCHANGE_LAST;;2;1;XEUR;72060192493142110;605;
18.03.2025;12:07:17.924;FESB SI 20250321 CS;SIMPLE_INSTRUMENT;BLOCK;EUR;354;195.00000000;20000;PRC_DECOMP_MEMBER;;;;XEUR;11359072;605;MEMBER
18.03.2025;12:07:17.924;FESB SI 20250620 CS;SIMPLE_INSTRUMENT;BLOCK;EUR;354;190.30000000;20000;PRC_DECOMP_MEMBER;;;;XEUR;11880665;605;MEMBER
18.03.2025;12:30:57.104;FESB.S.MAR25.JUN25.SPD;FUTURES_SPREAD;BLOCK;EUR;357;4.62000000;1845;EXCHANGE_LAST;;1;1;XEUR;72060192493142110;605;
18.03.2025;12:30:57.104;FESB SI 20250321 CS;SIMPLE_INSTRUMENT;BLOCK;EUR;357;196.07000000;1845;PRC_DECOMP_EXCHANGE;;;;XEUR;11359072;605;EXCHANGE
18.03.2025;12:30:57.104;FESB SI 20250620 CS;SIMPLE_INSTRUMENT;BLOCK;EUR;357;191.45000000;1845;PRC_DECOMP_EXCHANGE;;;;XEUR;11880665;605;EXCHANGE
18.03.2025;12:30:34.103;FESB.S.MAR25.JUN25.SPD;FUTURES_SPREAD;BLOCK;EUR;358;4.68000000;2108;EXCHANGE_LAST;;1;1;XEUR;72060192493142110;605;
18.03.2025;12:30:34.103;FESB SI 20250620 CS;SIMPLE_INSTRUMENT;BLOCK;EUR;358;191.45000000;2108;PRC_DECOMP_EXCHANGE;;;;XEUR;11880665;605;EXCHANGE
18.03.2025;12:30:34.103;FESB SI 20250321 CS;SIMPLE_INSTRUMENT;BLOCK;EUR;358;196.13000000;2108;PRC_DECOMP_EXCHANGE;;;;XEUR;11359072;605;EXCHANGE
18.03.2025;12:33:46.197;FESB.S.MAR25.JUN25.SPD;FUTURES_SPREAD;BLOCK;EUR;359;4.60000000;2500;EXCHANGE_LAST;;1;1;XEUR;72060192493142110;605;
18.03.2025;12:33:46.197;FESB SI 20250620 CS;SIMPLE_INSTRUMENT;BLOCK;EUR;359;191.40000000;2500;PRC_DECOMP_EXCHANGE;;;;XEUR;11880665;605;EXCHANGE
18.03.2025;12:33:46.197;FESB SI 20250321 CS;SIMPLE_INSTRUMENT;BLOCK;EUR;359;196.00000000;2500;PRC_DECOMP_EXCHANGE;;;;XEUR;11359072;605;EXCHANGE
18.03.2025;12:33:54.902;FESB.S.MAR25.JUN25.SPD;FUTURES_SPREAD;BLOCK;EUR;360;4.70000000;2500;EXCHANGE_LAST;;1;1;XEUR;72060192493142110;605;
18.03.2025;12:33:54.902;FESB SI 20250321 CS;SIMPLE_INSTRUMENT;BLOCK;EUR;360;196.10000000;2500;PRC_DECOMP_EXCHANGE;;;;XEUR;11359072;605;EXCHANGE
18.03.2025;12:33:54.902;FESB SI 20250620 CS;SIMPLE_INSTRUMENT;BLOCK;EUR;360;191.40000000;2500;PRC_DECOMP_EXCHANGE;;;;XEUR;11880665;605;EXCHANGE
18.03.2025;13:45:51.759;FESB.S.MAR25.JUN25.SPD;FUTURES_SPREAD;BLOCK;EUR;379;4.64000000;1650;EXCHANGE_LAST;;1;1;XEUR;72060192493142110;605;
18.03.2025;13:45:51.759;FESB SI 20250321 CS;SIMPLE_INSTRUMENT;BLOCK;EUR;379;195.84000000;1650;PRC_DECOMP_EXCHANGE;;;;XEUR;11359072;605;EXCHANGE
18.03.2025;13:45:51.759;FESB SI 20250620 CS;SIMPLE_INSTRUMENT;BLOCK;EUR;379;191.20000000;1650;PRC_DECOMP_EXCHANGE;;;;XEUR;11880665;605;EXCHANGE
18.03.2025;13:46:08.164;FESB.S.MAR25.JUN25.SPD;FUTURES_SPREAD;BLOCK;EUR;380;4.66000000;1650;EXCHANGE_LAST;;1;1;XEUR;72060192493142110;605;
18.03.2025;13:46:08.164;FESB SI 20250620 CS;SIMPLE_INSTRUMENT;BLOCK;EUR;380;191.15000000;1650;PRC_DECOMP_EXCHANGE;;;;XEUR;11880665;605;EXCHANGE
18.03.2025;13:46:08.164;FESB SI 20250321 CS;SIMPLE_INSTRUMENT;BLOCK;EUR;380;195.81000000;1650;PRC_DECOMP_EXCHANGE;;;;XEUR;11359072;605;EXCHANGE
18.03.2025;14:15:35.403;FESB.S.MAR25.JUN25.SPD;FUTURES_SPREAD;BLOCK;EUR;403;4.64000000;2000;EXCHANGE_LAST;;1;1;XEUR;72060192493142110;605;
18.03.2025;14:15:35.403;FESB SI 20250321 CS;SIMPLE_INSTRUMENT;BLOCK;EUR;403;195.94000000;2000;PRC_DECOMP_EXCHANGE;;;;XEUR;11359072;605;EXCHANGE
18.03.2025;14:15:35.403;FESB SI 20250620 CS;SIMPLE_INSTRUMENT;BLOCK;EUR;403;191.30000000;2000;PRC_DECOMP_EXCHANGE;;;;XEUR;11880665;605;EXCHANGE
18.03.2025;14:15:44.221;FESB.S.MAR25.JUN25.SPD;FUTURES_SPREAD;BLOCK;EUR;404;4.66000000;2000;EXCHANGE_LAST;;1;1;XEUR;72060192493142110;605;
18.03.2025;14:15:44.221;FESB SI 20250620 CS;SIMPLE_INSTRUMENT;BLOCK;EUR;404;191.30000000;2000;PRC_DECOMP_EXCHANGE;;;;XEUR;11880665;605;EXCHANGE
18.03.2025;14:15:44.221;FESB SI 20250321 CS;SIMPLE_INSTRUMENT;BLOCK;EUR;404;195.96000000;2000;PRC_DECOMP_EXCHANGE;;;;XEUR;11359072;605;EXCHANGE
18.03.2025;14:51:45.570;FESB SI 20250321 CS;SIMPLE_INSTRUMENT;BLOCK;EUR;427;196.00000000;7494;EXCHANGE_LAST;;1;2;XEUR;11359072;605;
18.03.2025;14:51:52.571;FESB SI 20250620 CS;SIMPLE_INSTRUMENT;BLOCK;EUR;429;191.25000000;3560;EXCHANGE_LAST;;2;1;XEUR;11880665;605;
18.03.2025;14:51:57.572;FESB SI 20250620 CS;SIMPLE_INSTRUMENT;BLOCK;EUR;430;191.45000000;3934;EXCHANGE_LAST;;2;1;XEUR;11880665;605;
18.03.2025;14:56:43.616;FESB.S.MAR25.JUN25.SPD;FUTURES_SPREAD;BLOCK;EUR;432;4.58000000;5828;EXCHANGE_LAST;;1;1;XEUR;72060192493142110;605;
18.03.2025;14:56:43.616;FESB SI 20250321 CS;SIMPLE_INSTRUMENT;BLOCK;EUR;432;196.30000000;5828;PRC_DECOMP_MEMBER;;;;XEUR;11359072;605;MEMBER
18.03.2025;14:56:43.616;FESB SI 20250620 CS;SIMPLE_INSTRUMENT;BLOCK;EUR;432;191.72000000;5828;PRC_DECOMP_MEMBER;;;;XEUR;11880665;605;MEMBER
18.03.2025;14:56:39.884;FESB.S.MAR25.JUN25.SPD;FUTURES_SPREAD;BLOCK;EUR;435;4.76000000;3294;EXCHANGE_LAST;;1;1;XEUR;72060192493142110;605;
18.03.2025;14:56:39.884;FESB SI 20250321 CS;SIMPLE_INSTRUMENT;BLOCK;EUR;435;196.30000000;3294;PRC_DECOMP_MEMBER;;;;XEUR;11359072;605;MEMBER
18.03.2025;14:56:39.884;FESB SI 20250620 CS;SIMPLE_INSTRUMENT;BLOCK;EUR;435;191.54000000;3294;PRC_DECOMP_MEMBER;;;;XEUR;11880665;605;MEMBER
18.03.2025;14:53:54.050;FESB.S.MAR25.JUN25.SPD;FUTURES_SPREAD;BLOCK;EUR;437;4.64000000;4500;EXCHANGE_LAST;;1;1;XEUR;72060192493142110;605;
18.03.2025;14:53:54.050;FESB SI 20250321 CS;SIMPLE_INSTRUMENT;BLOCK;EUR;437;196.34000000;4500;PRC_DECOMP_EXCHANGE;;;;XEUR;11359072;605;EXCHANGE
18.03.2025;14:53:54.050;FESB SI 20250620 CS;SIMPLE_INSTRUMENT;BLOCK;EUR;437;191.70000000;4500;PRC_DECOMP_EXCHANGE;;;;XEUR;11880665;605;EXCHANGE
18.03.2025;14:54:03.864;FESB.S.MAR25.JUN25.SPD;FUTURES_SPREAD;BLOCK;EUR;438;4.66000000;4500;EXCHANGE_LAST;;1;1;XEUR;72060192493142110;605;
18.03.2025;14:54:03.864;FESB SI 20250321 CS;SIMPLE_INSTRUMENT;BLOCK;EUR;438;196.36000000;4500;PRC_DECOMP_EXCHANGE;;;;XEUR;11359072;605;EXCHANGE
18.03.2025;14:54:03.864;FESB SI 20250620 CS;SIMPLE_INSTRUMENT;BLOCK;EUR;438;191.70000000;4500;PRC_DECOMP_EXCHANGE;;;;XEUR;11880665;605;EXCHANGE
18.03.2025;15:15:55.579;FESB.S.MAR25.JUN25.SPD;FUTURES_SPREAD;BLOCK;EUR;455;4.64000000;3133;EXCHANGE_LAST;;1;1;XEUR;72060192493142110;605;
18.03.2025;15:15:55.579;FESB SI 20250321 CS;SIMPLE_INSTRUMENT;BLOCK;EUR;455;196.39000000;3133;PRC_DECOMP_EXCHANGE;;;;XEUR;11359072;605;EXCHANGE
18.03.2025;15:15:55.579;FESB SI 20250620 CS;SIMPLE_INSTRUMENT;BLOCK;EUR;455;191.75000000;3133;PRC_DECOMP_EXCHANGE;;;;XEUR;11880665;605;EXCHANGE
18.03.2025;15:15:52.578;FESB.S.MAR25.JUN25.SPD;FUTURES_SPREAD;BLOCK;EUR;456;4.66000000;3133;EXCHANGE_LAST;;1;1;XEUR;72060192493142110;605;
18.03.2025;15:15:52.578;FESB SI 20250620 CS;SIMPLE_INSTRUMENT;BLOCK;EUR;456;191.75000000;3133;PRC_DECOMP_EXCHANGE;;;;XEUR;11880665;605;EXCHANGE
18.03.2025;15:15:52.578;FESB SI 20250321 CS;SIMPLE_INSTRUMENT;BLOCK;EUR;456;196.41000000;3133;PRC_DECOMP_EXCHANGE;;;;XEUR;11359072;605;EXCHANGE
18.03.2025;15:45:19.795;FESB.S.MAR25.JUN25.SPD;FUTURES_SPREAD;BLOCK;EUR;477;4.64000000;3745;EXCHANGE_LAST;;1;1;XEUR;72060192493142110;605;
18.03.2025;15:45:19.795;FESB SI 20250321 CS;SIMPLE_INSTRUMENT;BLOCK;EUR;477;196.50000000;3745;PRC_DECOMP_MEMBER;;;;XEUR;11359072;605;MEMBER
18.03.2025;15:45:19.795;FESB SI 20250620 CS;SIMPLE_INSTRUMENT;BLOCK;EUR;477;191.86000000;3745;PRC_DECOMP_MEMBER;;;;XEUR;11880665;605;MEMBER
18.03.2025;15:46:11.896;FESB.S.MAR25.JUN25.SPD;FUTURES_SPREAD;BLOCK;EUR;481;4.66000000;3745;EXCHANGE_LAST;;1;1;XEUR;72060192493142110;605;
18.03.2025;15:46:11.896;FESB SI 20250620 CS;SIMPLE_INSTRUMENT;BLOCK;EUR;481;191.84000000;3745;PRC_DECOMP_MEMBER;;;;XEUR;11880665;605;MEMBER
18.03.2025;15:46:11.896;FESB SI 20250321 CS;SIMPLE_INSTRUMENT;BLOCK;EUR;481;196.50000000;3745;PRC_DECOMP_MEMBER;;;;XEUR;11359072;605;MEMBER
18.03.2025;15:56:06.238;FESB SI 20250620 CS;SIMPLE_INSTRUMENT;BLOCK;EUR;484;191.85000000;2100;EXCHANGE_LAST;;1;1;XEUR;11880665;605;
18.03.2025;16:11:06.471;FESB.S.MAR25.JUN25.SPD;FUTURES_SPREAD;BLOCK;EUR;489;4.64000000;2000;EXCHANGE_LAST;;1;1;XEUR;72060192493142110;605;
18.03.2025;16:11:06.471;FESB SI 20250620 CS;SIMPLE_INSTRUMENT;BLOCK;EUR;489;192.16000000;2000;PRC_DECOMP_MEMBER;;;;XEUR;11880665;605;MEMBER
18.03.2025;16:11:06.471;FESB SI 20250321 CS;SIMPLE_INSTRUMENT;BLOCK;EUR;489;196.80000000;2000;PRC_DECOMP_MEMBER;;;;XEUR;11359072;605;MEMBER
18.03.2025;16:52:18.926;FESB SI 20250321 CS;SIMPLE_INSTRUMENT;EFP_IDX;EUR;506;197.20000000;400;EXCHANGE_LAST;;1;1;XEUR;11359072;605;
18.03.2025;16:54:18.860;FESB SI 20250620 CS;SIMPLE_INSTRUMENT;EFP_IDX;EUR;510;192.55000000;140;EXCHANGE_LAST;;1;1;XEUR;11880665;605;
18.03.2025;16:54:07.859;FESB SI 20250620 CS;SIMPLE_INSTRUMENT;EFP_IDX;EUR;511;192.50000000;139;EXCHANGE_LAST;;1;1;XEUR;11880665;605;
18.03.2025;17:02:34.156;FESB SI 20250321 CS;SIMPLE_INSTRUMENT;BLOCK;EUR;516;197.30000000;10000;EXCHANGE_LAST;;1;1;XEUR;11359072;605;
18.03.2025;17:16:23.235;FESB SI 20250321 CS;SIMPLE_INSTRUMENT;BLOCK;EUR;520;197.00000000;10000;EXCHANGE_LAST;;1;1;XEUR;11359072;605;
18.03.2025;09:17:27.431;FESB SI 20250321 CS;SIMPLE_INSTRUMENT;VOLA;EUR;603979778;194.65000000;1000;EXCHANGE_LAST;;1;1;XEUR;11359072;605;
18.03.2025;14:08:56.609;FESB SI 20250321 CS;SIMPLE_INSTRUMENT;VOLA;EUR;603979827;196.70000000;60;EXCHANGE_LAST;;1;1;XEUR;11359072;605;
18.03.2025;16:08:44.267;FESB SI 20250321 CS;SIMPLE_INSTRUMENT;VOLA;EUR;603979841;197.30000000;240;EXCHANGE_LAST;;1;1;XEUR;11359072;605;
18.03.2025;16:43:08.282;FESL SI 20250620 CS;SIMPLE_INSTRUMENT;EFP_IDX;EUR;68;135.40000000;800;EXCHANGE_LAST;;1;1;XEUR;11881191;680;
18.03.2025;16:43:32.241;FESL SI 20250620 CS;SIMPLE_INSTRUMENT;EFP_IDX;EUR;69;135.50000000;1200;EXCHANGE_LAST;;1;1;XEUR;11881191;680;
18.03.2025;10:05:50.259;FESU SI 20250321 CS;SIMPLE_INSTRUMENT;BLOCK;EUR;12;409.30000000;1000;EXCHANGE_LAST;;1;1;XEUR;11359368;673;
18.03.2025;10:05:52.370;FESU SI 20250620 CS;SIMPLE_INSTRUMENT;BLOCK;EUR;13;404.20000000;700;EXCHANGE_LAST;;1;1;XEUR;11880931;673;
18.03.2025;10:05:54.405;FESU SI 20250620 CS;SIMPLE_INSTRUMENT;BLOCK;EUR;14;404.00000000;300;EXCHANGE_LAST;;1;1;XEUR;11880931;673;
18.03.2025;11:38:45.873;FESU SI 20250321 CS;SIMPLE_INSTRUMENT;BLOCK;EUR;31;408.00000000;818;EXCHANGE_LAST;;1;1;XEUR;11359368;673;
18.03.2025;11:38:49.870;FESU SI 20250620 CS;SIMPLE_INSTRUMENT;BLOCK;EUR;32;402.80000000;491;EXCHANGE_LAST;;1;1;XEUR;11880931;673;
18.03.2025;11:38:53.132;FESU SI 20250620 CS;SIMPLE_INSTRUMENT;BLOCK;EUR;33;403.00000000;327;EXCHANGE_LAST;;1;1;XEUR;11880931;673;
18.03.2025;11:56:04.520;FESU SI 20250321 CS;SIMPLE_INSTRUMENT;BLOCK;EUR;37;408.00000000;933;EXCHANGE_LAST;;1;1;XEUR;11359368;673;
18.03.2025;11:56:08.492;FESU SI 20250620 CS;SIMPLE_INSTRUMENT;BLOCK;EUR;38;402.80000000;560;EXCHANGE_LAST;;1;1;XEUR;11880931;673;
18.03.2025;11:56:12.021;FESU SI 20250620 CS;SIMPLE_INSTRUMENT;BLOCK;EUR;39;403.00000000;373;EXCHANGE_LAST;;1;1;XEUR;11880931;673;
18.03.2025;08:05:38.787;FESX.S.MAR25.JUN25.SPD;FUTURES_SPREAD;BLOCK;EUR;4;53.62000000;5825;EXCHANGE_LAST;;1;1;XEUR;72060493140861515;675;
18.03.2025;08:05:38.787;FESX SI 20250321 CS;SIMPLE_INSTRUMENT;BLOCK;EUR;4;5457.62000000;5825;PRC_DECOMP_EXCHANGE;;;;XEUR;7793482;675;EXCHANGE
18.03.2025;08:05:38.787;FESX SI 20250620 CS;SIMPLE_INSTRUMENT;BLOCK;EUR;4;5404.00000000;5825;PRC_DECOMP_EXCHANGE;;;;XEUR;7904020;675;EXCHANGE
18.03.2025;08:06:53.592;FESX.S.MAR25.JUN25.SPD;FUTURES_SPREAD;BLOCK;EUR;5;53.63000000;5825;EXCHANGE_LAST;;1;1;XEUR;72060493140861515;675;
18.03.2025;08:06:53.592;FESX SI 20250620 CS;SIMPLE_INSTRUMENT;BLOCK;EUR;5;5405.00000000;5825;PRC_DECOMP_EXCHANGE;;;;XEUR;7904020;675;EXCHANGE
18.03.2025;08:06:53.592;FESX SI 20250321 CS;SIMPLE_INSTRUMENT;BLOCK;EUR;5;5458.63000000;5825;PRC_DECOMP_EXCHANGE;;;;XEUR;7793482;675;EXCHANGE
18.03.2025;08:09:27.794;FESX.S.MAR25.JUN25.SPD;FUTURES_SPREAD;BLOCK;EUR;6;53.75000000;3750;EXCHANGE_LAST;;1;1;XEUR;72060493140861515;675;
18.03.2025;08:09:27.794;FESX SI 20250620 CS;SIMPLE_INSTRUMENT;BLOCK;EUR;6;5411.25000000;3750;PRC_DECOMP_MEMBER;;;;XEUR;7904020;675;MEMBER
18.03.2025;08:09:27.794;FESX SI 20250321 CS;SIMPLE_INSTRUMENT;BLOCK;EUR;6;5465.00000000;3750;PRC_DECOMP_MEMBER;;;;XEUR;7793482;675;MEMBER
18.03.2025;08:10:39.526;FESX.S.MAR25.JUN25.SPD;FUTURES_SPREAD;BLOCK;EUR;7;53.50000000;3750;EXCHANGE_LAST;;1;1;XEUR;72060493140861515;675;
18.03.2025;08:10:39.526;FESX SI 20250321 CS;SIMPLE_INSTRUMENT;BLOCK;EUR;7;5465.00000000;3750;PRC_DECOMP_MEMBER;;;;XEUR;7793482;675;MEMBER
18.03.2025;08:10:39.526;FESX SI 20250620 CS;SIMPLE_INSTRUMENT;BLOCK;EUR;7;5411.50000000;3750;PRC_DECOMP_MEMBER;;;;XEUR;7904020;675;MEMBER
18.03.2025;08:14:57.095;FESX.S.MAR25.JUN25.SPD;FUTURES_SPREAD;BLOCK;EUR;8;53.50000000;7500;EXCHANGE_LAST;;1;1;XEUR;72060493140861515;675;
18.03.2025;08:14:57.095;FESX SI 20250620 CS;SIMPLE_INSTRUMENT;BLOCK;EUR;8;5411.50000000;7500;PRC_DECOMP_MEMBER;;;;XEUR;7904020;675;MEMBER
18.03.2025;08:14:57.095;FESX SI 20250321 CS;SIMPLE_INSTRUMENT;BLOCK;EUR;8;5465.00000000;7500;PRC_DECOMP_MEMBER;;;;XEUR;7793482;675;MEMBER
18.03.2025;08:51:53.866;FESX SI 20250321 CS;SIMPLE_INSTRUMENT;EFP_IDX;EUR;9;5480.00000000;1000;EXCHANGE_LAST;;1;1;XEUR;7793482;675;
18.03.2025;09:01:43.834;FESX SI 20250321 CS;SIMPLE_INSTRUMENT;BLOCK;EUR;10;5480.00000000;2000;EXCHANGE_LAST;;1;1;XEUR;7793482;675;
18.03.2025;09:03:23.857;FESX.S.MAR25.JUN25.SPD;FUTURES_SPREAD;BLOCK;EUR;11;53.95000000;5675;EXCHANGE_LAST;;1;1;XEUR;72060493140861515;675;
18.03.2025;09:03:23.857;FESX SI 20250620 CS;SIMPLE_INSTRUMENT;BLOCK;EUR;11;5418.05000000;5675;PRC_DECOMP_MEMBER;;;;XEUR;7904020;675;MEMBER
18.03.2025;09:03:23.857;FESX SI 20250321 CS;SIMPLE_INSTRUMENT;BLOCK;EUR;11;5472.00000000;5675;PRC_DECOMP_MEMBER;;;;XEUR;7793482;675;MEMBER
18.03.2025;09:24:06.730;FESX.S.MAR25.JUN25.SPD;FUTURES_SPREAD;BLOCK;EUR;12;54.20000000;2000;EXCHANGE_LAST;;1;1;XEUR;72060493140861515;675;
18.03.2025;09:24:06.730;FESX SI 20250321 CS;SIMPLE_INSTRUMENT;BLOCK;EUR;12;5488.00000000;2000;PRC_DECOMP_MEMBER;;;;XEUR;7793482;675;MEMBER
18.03.2025;09:24:06.730;FESX SI 20250620 CS;SIMPLE_INSTRUMENT;BLOCK;EUR;12;5433.80000000;2000;PRC_DECOMP_MEMBER;;;;XEUR;7904020;675;MEMBER
18.03.2025;09:29:58.936;FESX.S.MAR25.JUN25.SPD;FUTURES_SPREAD;BLOCK;EUR;13;53.90000000;15000;EXCHANGE_LAST;;1;1;XEUR;72060493140861515;675;
18.03.2025;09:29:58.936;FESX SI 20250620 CS;SIMPLE_INSTRUMENT;BLOCK;EUR;13;5438.00000000;15000;PRC_DECOMP_EXCHANGE;;;;XEUR;7904020;675;EXCHANGE
18.03.2025;09:29:58.936;FESX SI 20250321 CS;SIMPLE_INSTRUMENT;BLOCK;EUR;13;5491.90000000;15000;PRC_DECOMP_EXCHANGE;;;;XEUR;7793482;675;EXCHANGE
18.03.2025;09:41:45.268;FESX.S.MAR25.JUN25.SPD;FUTURES_SPREAD;BLOCK;EUR;14;54.05000000;2447;EXCHANGE_LAST;;1;1;XEUR;72060493140861515;675;
18.03.2025;09:41:45.268;FESX SI 20250620 CS;SIMPLE_INSTRUMENT;BLOCK;EUR;14;5440.95000000;2447;PRC_DECOMP_MEMBER;;;;XEUR;7904020;675;MEMBER
18.03.2025;09:41:45.268;FESX SI 20250321 CS;SIMPLE_INSTRUMENT;BLOCK;EUR;14;5495.00000000;2447;PRC_DECOMP_MEMBER;;;;XEUR;7793482;675;MEMBER
18.03.2025;09:45:00.663;FESX.S.MAR25.JUN25.SPD;FUTURES_SPREAD;BLOCK;EUR;15;53.90000000;7425;EXCHANGE_LAST;;1;1;XEUR;72060493140861515;675;
18.03.2025;09:45:00.663;FESX SI 20250321 CS;SIMPLE_INSTRUMENT;BLOCK;EUR;15;5492.00000000;7425;PRC_DECOMP_MEMBER;;;;XEUR;7793482;675;MEMBER
18.03.2025;09:45:00.663;FESX SI 20250620 CS;SIMPLE_INSTRUMENT;BLOCK;EUR;15;5438.10000000;7425;PRC_DECOMP_MEMBER;;;;XEUR;7904020;675;MEMBER
18.03.2025;10:38:56.298;FESX.S.MAR25.JUN25.SPD;FUTURES_SPREAD;BLOCK;EUR;16;54.13000000;2940;EXCHANGE_LAST;;1;1;XEUR;72060493140861515;675;
18.03.2025;10:38:56.298;FESX SI 20250620 CS;SIMPLE_INSTRUMENT;BLOCK;EUR;16;5424.87000000;2940;PRC_DECOMP_MEMBER;;;;XEUR;7904020;675;MEMBER
18.03.2025;10:38:56.298;FESX SI 20250321 CS;SIMPLE_INSTRUMENT;BLOCK;EUR;16;5479.00000000;2940;PRC_DECOMP_MEMBER;;;;XEUR;7793482;675;MEMBER
18.03.2025;10:38:28.997;FESX.S.MAR25.JUN25.SPD;FUTURES_SPREAD;BLOCK;EUR;17;54.12000000;2939;EXCHANGE_LAST;;1;1;XEUR;72060493140861515;675;
18.03.2025;10:38:28.997;FESX SI 20250321 CS;SIMPLE_INSTRUMENT;BLOCK;EUR;17;5479.00000000;2939;PRC_DECOMP_MEMBER;;;;XEUR;7793482;675;MEMBER
18.03.2025;10:38:28.997;FESX SI 20250620 CS;SIMPLE_INSTRUMENT;BLOCK;EUR;17;5424.88000000;2939;PRC_DECOMP_MEMBER;;;;XEUR;7904020;675;MEMBER
18.03.2025;10:44:32.195;FESX.S.MAR25.JUN25.SPD;FUTURES_SPREAD;BLOCK;EUR;18;54.00000000;2000;EXCHANGE_LAST;;1;1;XEUR;72060493140861515;675;
18.03.2025;10:44:32.195;FESX SI 20250321 CS;SIMPLE_INSTRUMENT;BLOCK;EUR;18;5479.00000000;2000;PRC_DECOMP_EXCHANGE;;;;XEUR;7793482;675;EXCHANGE
18.03.2025;10:44:32.195;FESX SI 20250620 CS;SIMPLE_INSTRUMENT;BLOCK;EUR;18;5425.00000000;2000;PRC_DECOMP_EXCHANGE;;;;XEUR;7904020;675;EXCHANGE
18.03.2025;10:45:30.925;FESX.S.MAR25.JUN25.SPD;FUTURES_SPREAD;BLOCK;EUR;19;54.12000000;3750;EXCHANGE_LAST;;1;1;XEUR;72060493140861515;675;
18.03.2025;10:45:30.925;FESX SI 20250620 CS;SIMPLE_INSTRUMENT;BLOCK;EUR;19;5426.00000000;3750;PRC_DECOMP_EXCHANGE;;;;XEUR;7904020;675;EXCHANGE
18.03.2025;10:45:30.925;FESX SI 20250321 CS;SIMPLE_INSTRUMENT;BLOCK;EUR;19;5480.12000000;3750;PRC_DECOMP_EXCHANGE;;;;XEUR;7793482;675;EXCHANGE
18.03.2025;10:45:37.547;FESX.S.MAR25.JUN25.SPD;FUTURES_SPREAD;BLOCK;EUR;20;54.13000000;3750;EXCHANGE_LAST;;1;1;XEUR;72060493140861515;675;
18.03.2025;10:45:37.547;FESX SI 20250620 CS;SIMPLE_INSTRUMENT;BLOCK;EUR;20;5426.00000000;3750;PRC_DECOMP_EXCHANGE;;;;XEUR;7904020;675;EXCHANGE
18.03.2025;10:45:37.547;FESX SI 20250321 CS;SIMPLE_INSTRUMENT;BLOCK;EUR;20;5480.13000000;3750;PRC_DECOMP_EXCHANGE;;;;XEUR;7793482;675;EXCHANGE
18.03.2025;10:48:27.803;FESX.S.MAR25.JUN25.SPD;FUTURES_SPREAD;BLOCK;EUR;21;54.20000000;7553;EXCHANGE_LAST;;1;1;XEUR;72060493140861515;675;
18.03.2025;10:48:27.803;FESX SI 20250620 CS;SIMPLE_INSTRUMENT;BLOCK;EUR;21;5426.00000000;7553;PRC_DECOMP_EXCHANGE;;;;XEUR;7904020;675;EXCHANGE
18.03.2025;10:48:27.803;FESX SI 20250321 CS;SIMPLE_INSTRUMENT;BLOCK;EUR;21;5480.20000000;7553;PRC_DECOMP_EXCHANGE;;;;XEUR;7793482;675;EXCHANGE
18.03.2025;10:48:45.304;FESX.S.MAR25.JUN25.SPD;FUTURES_SPREAD;BLOCK;EUR;22;54.00000000;3287;EXCHANGE_LAST;;1;1;XEUR;72060493140861515;675;
18.03.2025;10:48:45.304;FESX SI 20250620 CS;SIMPLE_INSTRUMENT;BLOCK;EUR;22;5426.00000000;3287;PRC_DECOMP_EXCHANGE;;;;XEUR;7904020;675;EXCHANGE
18.03.2025;10:48:45.304;FESX SI 20250321 CS;SIMPLE_INSTRUMENT;BLOCK;EUR;22;5480.00000000;3287;PRC_DECOMP_EXCHANGE;;;;XEUR;7793482;675;EXCHANGE
18.03.2025;10:49:57.309;FESX.S.MAR25.JUN25.SPD;FUTURES_SPREAD;BLOCK;EUR;23;53.85000000;2672;EXCHANGE_LAST;;1;1;XEUR;72060493140861515;675;
18.03.2025;10:49:57.309;FESX SI 20250620 CS;SIMPLE_INSTRUMENT;BLOCK;EUR;23;5427.00000000;2672;PRC_DECOMP_EXCHANGE;;;;XEUR;7904020;675;EXCHANGE
18.03.2025;10:49:57.309;FESX SI 20250321 CS;SIMPLE_INSTRUMENT;BLOCK;EUR;23;5480.85000000;2672;PRC_DECOMP_EXCHANGE;;;;XEUR;7793482;675;EXCHANGE
18.03.2025;11:10:48.370;FESX.S.MAR25.JUN25.SPD;FUTURES_SPREAD;BLOCK;EUR;24;54.10000000;5613;EXCHANGE_LAST;;1;1;XEUR;72060493140861515;675;
18.03.2025;11:10:48.370;FESX SI 20250620 CS;SIMPLE_INSTRUMENT;BLOCK;EUR;24;5431.00000000;5613;PRC_DECOMP_EXCHANGE;;;;XEUR;7904020;675;EXCHANGE
18.03.2025;11:10:48.370;FESX SI 20250321 CS;SIMPLE_INSTRUMENT;BLOCK;EUR;24;5485.10000000;5613;PRC_DECOMP_EXCHANGE;;;;XEUR;7793482;675;EXCHANGE
18.03.2025;11:48:31.742;FESX.S.MAR25.JUN25.SPD;FUTURES_SPREAD;BLOCK;EUR;25;54.20000000;9944;EXCHANGE_LAST;;1;1;XEUR;72060493140861515;675;
18.03.2025;11:48:31.742;FESX SI 20250321 CS;SIMPLE_INSTRUMENT;BLOCK;EUR;25;5442.00000000;9944;PRC_DECOMP_MEMBER;;;;XEUR;7793482;675;MEMBER
18.03.2025;11:48:31.742;FESX SI 20250620 CS;SIMPLE_INSTRUMENT;BLOCK;EUR;25;5387.80000000;9944;PRC_DECOMP_MEMBER;;;;XEUR;7904020;675;MEMBER
18.03.2025;11:49:40.986;FESX.S.MAR25.JUN25.SPD;FUTURES_SPREAD;BLOCK;EUR;26;54.20000000;2250;EXCHANGE_LAST;;1;1;XEUR;72060493140861515;675;
18.03.2025;11:49:40.986;FESX SI 20250620 CS;SIMPLE_INSTRUMENT;BLOCK;EUR;26;5434.00000000;2250;PRC_DECOMP_EXCHANGE;;;;XEUR;7904020;675;EXCHANGE
18.03.2025;11:49:40.986;FESX SI 20250321 CS;SIMPLE_INSTRUMENT;BLOCK;EUR;26;5488.20000000;2250;PRC_DECOMP_EXCHANGE;;;;XEUR;7793482;675;EXCHANGE
18.03.2025;11:52:51.765;FESX.S.MAR25.JUN25.SPD;FUTURES_SPREAD;BLOCK;EUR;27;55.00000000;4293;EXCHANGE_LAST;;1;1;XEUR;72060493140861515;675;
18.03.2025;11:52:51.765;FESX SI 20250620 CS;SIMPLE_INSTRUMENT;BLOCK;EUR;27;5432.00000000;4293;PRC_DECOMP_MEMBER;;;;XEUR;7904020;675;MEMBER
18.03.2025;11:52:51.765;FESX SI 20250321 CS;SIMPLE_INSTRUMENT;BLOCK;EUR;27;5487.00000000;4293;PRC_DECOMP_MEMBER;;;;XEUR;7793482;675;MEMBER
18.03.2025;11:53:43.746;FESX.S.MAR25.JUN25.SPD;FUTURES_SPREAD;BLOCK;EUR;28;53.00000000;3306;EXCHANGE_LAST;;1;1;XEUR;72060493140861515;675;
18.03.2025;11:53:43.746;FESX SI 20250321 CS;SIMPLE_INSTRUMENT;BLOCK;EUR;28;5487.00000000;3306;PRC_DECOMP_MEMBER;;;;XEUR;7793482;675;MEMBER
18.03.2025;11:53:43.746;FESX SI 20250620 CS;SIMPLE_INSTRUMENT;BLOCK;EUR;28;5434.00000000;3306;PRC_DECOMP_MEMBER;;;;XEUR;7904020;675;MEMBER
18.03.2025;11:58:19.078;FESX.S.MAR25.JUN25.SPD;FUTURES_SPREAD;BLOCK;EUR;29;54.12000000;2500;EXCHANGE_LAST;;1;1;XEUR;72060493140861515;675;
18.03.2025;11:58:19.078;FESX SI 20250620 CS;SIMPLE_INSTRUMENT;BLOCK;EUR;29;5439.00000000;2500;PRC_DECOMP_EXCHANGE;;;;XEUR;7904020;675;EXCHANGE
18.03.2025;11:58:19.078;FESX SI 20250321 CS;SIMPLE_INSTRUMENT;BLOCK;EUR;29;5493.12000000;2500;PRC_DECOMP_EXCHANGE;;;;XEUR;7793482;675;EXCHANGE
18.03.2025;11:58:39.079;FESX.S.MAR25.JUN25.SPD;FUTURES_SPREAD;BLOCK;EUR;30;54.13000000;2500;EXCHANGE_LAST;;1;1;XEUR;72060493140861515;675;
18.03.2025;11:58:39.079;FESX SI 20250620 CS;SIMPLE_INSTRUMENT;BLOCK;EUR;30;5439.00000000;2500;PRC_DECOMP_EXCHANGE;;;;XEUR;7904020;675;EXCHANGE
18.03.2025;11:58:39.079;FESX SI 20250321 CS;SIMPLE_INSTRUMENT;BLOCK;EUR;30;5493.13000000;2500;PRC_DECOMP_EXCHANGE;;;;XEUR;7793482;675;EXCHANGE
18.03.2025;12:09:24.520;FESX.S.MAR25.JUN25.SPD;FUTURES_SPREAD;BLOCK;EUR;31;54.00000000;2500;EXCHANGE_LAST;;1;1;XEUR;72060493140861515;675;
18.03.2025;12:09:24.520;FESX SI 20250620 CS;SIMPLE_INSTRUMENT;BLOCK;EUR;31;5436.00000000;2500;PRC_DECOMP_MEMBER;;;;XEUR;7904020;675;MEMBER
18.03.2025;12:09:24.520;FESX SI 20250321 CS;SIMPLE_INSTRUMENT;BLOCK;EUR;31;5490.00000000;2500;PRC_DECOMP_MEMBER;;;;XEUR;7793482;675;MEMBER
18.03.2025;12:09:35.813;FESX.S.MAR25.JUN25.SPD;FUTURES_SPREAD;BLOCK;EUR;32;54.25000000;2500;EXCHANGE_LAST;;1;1;XEUR;72060493140861515;675;
18.03.2025;12:09:35.813;FESX SI 20250321 CS;SIMPLE_INSTRUMENT;BLOCK;EUR;32;5490.00000000;2500;PRC_DECOMP_MEMBER;;;;XEUR;7793482;675;MEMBER
18.03.2025;12:09:35.813;FESX SI 20250620 CS;SIMPLE_INSTRUMENT;BLOCK;EUR;32;5435.75000000;2500;PRC_DECOMP_MEMBER;;;;XEUR;7904020;675;MEMBER
18.03.2025;12:18:25.558;FESX.S.MAR25.JUN25.SPD;FUTURES_SPREAD;BLOCK;EUR;33;54.12000000;2500;EXCHANGE_LAST;;1;1;XEUR;72060493140861515;675;
18.03.2025;12:18:25.558;FESX SI 20250620 CS;SIMPLE_INSTRUMENT;BLOCK;EUR;33;5433.00000000;2500;PRC_DECOMP_EXCHANGE;;;;XEUR;7904020;675;EXCHANGE
18.03.2025;12:18:25.558;FESX SI 20250321 CS;SIMPLE_INSTRUMENT;BLOCK;EUR;33;5487.12000000;2500;PRC_DECOMP_EXCHANGE;;;;XEUR;7793482;675;EXCHANGE
18.03.2025;12:18:20.533;FESX.S.MAR25.JUN25.SPD;FUTURES_SPREAD;BLOCK;EUR;34;54.13000000;2500;EXCHANGE_LAST;;1;1;XEUR;72060493140861515;675;
18.03.2025;12:18:20.533;FESX SI 20250620 CS;SIMPLE_INSTRUMENT;BLOCK;EUR;34;5433.00000000;2500;PRC_DECOMP_EXCHANGE;;;;XEUR;7904020;675;EXCHANGE
18.03.2025;12:18:20.533;FESX SI 20250321 CS;SIMPLE_INSTRUMENT;BLOCK;EUR;34;5487.13000000;2500;PRC_DECOMP_EXCHANGE;;;;XEUR;7793482;675;EXCHANGE
18.03.2025;12:47:01.477;FESX.S.MAR25.JUN25.SPD;FUTURES_SPREAD;BLOCK;EUR;35;54.12000000;2100;EXCHANGE_LAST;;1;1;XEUR;72060493140861515;675;
18.03.2025;12:47:01.477;FESX SI 20250620 CS;SIMPLE_INSTRUMENT;BLOCK;EUR;35;5441.00000000;2100;PRC_DECOMP_EXCHANGE;;;;XEUR;7904020;675;EXCHANGE
18.03.2025;12:47:01.477;FESX SI 20250321 CS;SIMPLE_INSTRUMENT;BLOCK;EUR;35;5495.12000000;2100;PRC_DECOMP_EXCHANGE;;;;XEUR;7793482;675;EXCHANGE
18.03.2025;12:47:15.353;FESX.S.MAR25.JUN25.SPD;FUTURES_SPREAD;BLOCK;EUR;36;54.13000000;2100;EXCHANGE_LAST;;1;1;XEUR;72060493140861515;675;
18.03.2025;12:47:15.353;FESX SI 20250321 CS;SIMPLE_INSTRUMENT;BLOCK;EUR;36;5495.13000000;2100;PRC_DECOMP_EXCHANGE;;;;XEUR;7793482;675;EXCHANGE
18.03.2025;12:47:15.353;FESX SI 20250620 CS;SIMPLE_INSTRUMENT;BLOCK;EUR;36;5441.00000000;2100;PRC_DECOMP_EXCHANGE;;;;XEUR;7904020;675;EXCHANGE
18.03.2025;13:06:18.808;FESX.S.MAR25.JUN25.SPD;FUTURES_SPREAD;BLOCK;EUR;37;54.00000000;6000;EXCHANGE_LAST;;1;1;XEUR;72060493140861515;675;
18.03.2025;13:06:18.808;FESX SI 20250620 CS;SIMPLE_INSTRUMENT;BLOCK;EUR;37;5436.00000000;6000;PRC_DECOMP_MEMBER;;;;XEUR;7904020;675;MEMBER
18.03.2025;13:06:18.808;FESX SI 20250321 CS;SIMPLE_INSTRUMENT;BLOCK;EUR;37;5490.00000000;6000;PRC_DECOMP_MEMBER;;;;XEUR;7793482;675;MEMBER
18.03.2025;13:26:01.993;FESX.S.MAR25.JUN25.SPD;FUTURES_SPREAD;BLOCK;EUR;38;53.87000000;2000;EXCHANGE_LAST;;1;1;XEUR;72060493140861515;675;
18.03.2025;13:26:01.993;FESX SI 20250620 CS;SIMPLE_INSTRUMENT;BLOCK;EUR;38;5429.00000000;2000;PRC_DECOMP_EXCHANGE;;;;XEUR;7904020;675;EXCHANGE
18.03.2025;13:26:01.993;FESX SI 20250321 CS;SIMPLE_INSTRUMENT;BLOCK;EUR;38;5482.87000000;2000;PRC_DECOMP_EXCHANGE;;;;XEUR;7793482;675;EXCHANGE
18.03.2025;13:27:23.795;FESX.S.MAR25.JUN25.SPD;FUTURES_SPREAD;BLOCK;EUR;39;53.88000000;2000;EXCHANGE_LAST;;1;1;XEUR;72060493140861515;675;
18.03.2025;13:27:23.795;FESX SI 20250321 CS;SIMPLE_INSTRUMENT;BLOCK;EUR;39;5482.88000000;2000;PRC_DECOMP_EXCHANGE;;;;XEUR;7793482;675;EXCHANGE
18.03.2025;13:27:23.795;FESX SI 20250620 CS;SIMPLE_INSTRUMENT;BLOCK;EUR;39;5429.00000000;2000;PRC_DECOMP_EXCHANGE;;;;XEUR;7904020;675;EXCHANGE
18.03.2025;13:30:10.197;FESX.S.MAR25.JUN25.SPD;FUTURES_SPREAD;BLOCK;EUR;40;53.75000000;4034;EXCHANGE_LAST;;1;1;XEUR;72060493140861515;675;
18.03.2025;13:30:10.197;FESX SI 20250620 CS;SIMPLE_INSTRUMENT;BLOCK;EUR;40;5436.25000000;4034;PRC_DECOMP_MEMBER;;;;XEUR;7904020;675;MEMBER
18.03.2025;13:30:10.197;FESX SI 20250321 CS;SIMPLE_INSTRUMENT;BLOCK;EUR;40;5490.00000000;4034;PRC_DECOMP_MEMBER;;;;XEUR;7793482;675;MEMBER
18.03.2025;13:56:55.370;FESX.S.MAR25.JUN25.SPD;FUTURES_SPREAD;BLOCK;EUR;43;53.88000000;2000;EXCHANGE_LAST;;1;1;XEUR;72060493140861515;675;
18.03.2025;13:56:55.370;FESX SI 20250620 CS;SIMPLE_INSTRUMENT;BLOCK;EUR;43;5431.12000000;2000;PRC_DECOMP_MEMBER;;;;XEUR;7904020;675;MEMBER
18.03.2025;13:56:55.370;FESX SI 20250321 CS;SIMPLE_INSTRUMENT;BLOCK;EUR;43;5485.00000000;2000;PRC_DECOMP_MEMBER;;;;XEUR;7793482;675;MEMBER
18.03.2025;13:57:07.016;FESX.S.MAR25.JUN25.SPD;FUTURES_SPREAD;BLOCK;EUR;44;53.87000000;2000;EXCHANGE_LAST;;1;1;XEUR;72060493140861515;675;
18.03.2025;13:57:07.016;FESX SI 20250620 CS;SIMPLE_INSTRUMENT;BLOCK;EUR;44;5431.13000000;2000;PRC_DECOMP_MEMBER;;;;XEUR;7904020;675;MEMBER
18.03.2025;13:57:07.016;FESX SI 20250321 CS;SIMPLE_INSTRUMENT;BLOCK;EUR;44;5485.00000000;2000;PRC_DECOMP_MEMBER;;;;XEUR;7793482;675;MEMBER
18.03.2025;14:05:21.376;FESX.S.MAR25.JUN25.SPD;FUTURES_SPREAD;BLOCK;EUR;45;53.88000000;3360;EXCHANGE_LAST;;1;1;XEUR;72060493140861515;675;
18.03.2025;14:05:21.376;FESX SI 20250620 CS;SIMPLE_INSTRUMENT;BLOCK;EUR;45;5416.00000000;3360;PRC_DECOMP_EXCHANGE;;;;XEUR;7904020;675;EXCHANGE
18.03.2025;14:05:21.376;FESX SI 20250321 CS;SIMPLE_INSTRUMENT;BLOCK;EUR;45;5469.88000000;3360;PRC_DECOMP_EXCHANGE;;;;XEUR;7793482;675;EXCHANGE
18.03.2025;14:07:41.960;FESX.S.MAR25.JUN25.SPD;FUTURES_SPREAD;BLOCK;EUR;47;53.88000000;15212;EXCHANGE_LAST;;2;2;XEUR;72060493140861515;675;
18.03.2025;14:07:41.960;FESX SI 20250620 CS;SIMPLE_INSTRUMENT;BLOCK;EUR;47;5431.12000000;15212;PRC_DECOMP_MEMBER;;;;XEUR;7904020;675;MEMBER
18.03.2025;14:07:41.960;FESX SI 20250321 CS;SIMPLE_INSTRUMENT;BLOCK;EUR;47;5485.00000000;15212;PRC_DECOMP_MEMBER;;;;XEUR;7793482;675;MEMBER
18.03.2025;14:07:53.075;FESX.S.MAR25.JUN25.SPD;FUTURES_SPREAD;BLOCK;EUR;48;53.87000000;15212;EXCHANGE_LAST;;2;2;XEUR;72060493140861515;675;
18.03.2025;14:07:53.075;FESX SI 20250620 CS;SIMPLE_INSTRUMENT;BLOCK;EUR;48;5431.13000000;15212;PRC_DECOMP_MEMBER;;;;XEUR;7904020;675;MEMBER
18.03.2025;14:07:53.075;FESX SI 20250321 CS;SIMPLE_INSTRUMENT;BLOCK;EUR;48;5485.00000000;15212;PRC_DECOMP_MEMBER;;;;XEUR;7793482;675;MEMBER
18.03.2025;14:08:11.909;FESX.S.MAR25.JUN25.SPD;FUTURES_SPREAD;BLOCK;EUR;49;53.80000000;5000;EXCHANGE_LAST;;1;1;XEUR;72060493140861515;675;
18.03.2025;14:08:11.909;FESX SI 20250321 CS;SIMPLE_INSTRUMENT;BLOCK;EUR;49;5470.00000000;5000;PRC_DECOMP_MEMBER;;;;XEUR;7793482;675;MEMBER
18.03.2025;14:08:11.909;FESX SI 20250620 CS;SIMPLE_INSTRUMENT;BLOCK;EUR;49;5416.20000000;5000;PRC_DECOMP_MEMBER;;;;XEUR;7904020;675;MEMBER
18.03.2025;14:18:08.794;FESX.S.MAR25.JUN25.SPD;FUTURES_SPREAD;BLOCK;EUR;50;53.80000000;4000;EXCHANGE_LAST;;1;1;XEUR;72060493140861515;675;
18.03.2025;14:18:08.794;FESX SI 20250620 CS;SIMPLE_INSTRUMENT;BLOCK;EUR;50;5418.00000000;4000;PRC_DECOMP_EXCHANGE;;;;XEUR;7904020;675;EXCHANGE
18.03.2025;14:18:08.794;FESX SI 20250321 CS;SIMPLE_INSTRUMENT;BLOCK;EUR;50;5471.80000000;4000;PRC_DECOMP_EXCHANGE;;;;XEUR;7793482;675;EXCHANGE
18.03.2025;14:21:35.700;FESX.S.MAR25.JUN25.SPD;FUTURES_SPREAD;BLOCK;EUR;51;53.88000000;2661;EXCHANGE_LAST;;1;1;XEUR;72060493140861515;675;
18.03.2025;14:21:35.700;FESX SI 20250620 CS;SIMPLE_INSTRUMENT;BLOCK;EUR;51;5431.12000000;2661;PRC_DECOMP_MEMBER;;;;XEUR;7904020;675;MEMBER
18.03.2025;14:21:35.700;FESX SI 20250321 CS;SIMPLE_INSTRUMENT;BLOCK;EUR;51;5485.00000000;2661;PRC_DECOMP_MEMBER;;;;XEUR;7793482;675;MEMBER
18.03.2025;14:19:59.035;FESX.S.MAR25.JUN25.SPD;FUTURES_SPREAD;BLOCK;EUR;52;54.00000000;11501;EXCHANGE_LAST;;1;1;XEUR;72060493140861515;675;
18.03.2025;14:19:59.035;FESX SI 20250620 CS;SIMPLE_INSTRUMENT;BLOCK;EUR;52;5414.00000000;11501;PRC_DECOMP_EXCHANGE;;;;XEUR;7904020;675;EXCHANGE
18.03.2025;14:19:59.035;FESX SI 20250321 CS;SIMPLE_INSTRUMENT;BLOCK;EUR;52;5468.00000000;11501;PRC_DECOMP_EXCHANGE;;;;XEUR;7793482;675;EXCHANGE
18.03.2025;14:21:11.445;FESX.S.MAR25.JUN25.SPD;FUTURES_SPREAD;BLOCK;EUR;53;53.90000000;13700;EXCHANGE_LAST;;3;1;XEUR;72060493140861515;675;
18.03.2025;14:21:11.445;FESX SI 20250620 CS;SIMPLE_INSTRUMENT;BLOCK;EUR;53;5416.10000000;13700;PRC_DECOMP_MEMBER;;;;XEUR;7904020;675;MEMBER
18.03.2025;14:21:11.445;FESX SI 20250321 CS;SIMPLE_INSTRUMENT;BLOCK;EUR;53;5470.00000000;13700;PRC_DECOMP_MEMBER;;;;XEUR;7793482;675;MEMBER
18.03.2025;14:29:08.500;FESX.S.MAR25.JUN25.SPD;FUTURES_SPREAD;BLOCK;EUR;54;53.80000000;2604;EXCHANGE_LAST;;1;1;XEUR;72060493140861515;675;
18.03.2025;14:29:08.500;FESX SI 20250321 CS;SIMPLE_INSTRUMENT;BLOCK;EUR;54;5474.80000000;2604;PRC_DECOMP_EXCHANGE;;;;XEUR;7793482;675;EXCHANGE
18.03.2025;14:29:08.500;FESX SI 20250620 CS;SIMPLE_INSTRUMENT;BLOCK;EUR;54;5421.00000000;2604;PRC_DECOMP_EXCHANGE;;;;XEUR;7904020;675;EXCHANGE
18.03.2025;14:34:48.243;FESX.S.MAR25.JUN25.SPD;FUTURES_SPREAD;BLOCK;EUR;55;53.75000000;2380;EXCHANGE_LAST;;1;1;XEUR;72060493140861515;675;
18.03.2025;14:34:48.243;FESX SI 20250620 CS;SIMPLE_INSTRUMENT;BLOCK;EUR;55;5426.00000000;2380;PRC_DECOMP_EXCHANGE;;;;XEUR;7904020;675;EXCHANGE
18.03.2025;14:34:48.243;FESX SI 20250321 CS;SIMPLE_INSTRUMENT;BLOCK;EUR;55;5479.75000000;2380;PRC_DECOMP_EXCHANGE;;;;XEUR;7793482;675;EXCHANGE
18.03.2025;14:34:57.499;FESX.S.MAR25.JUN25.SPD;FUTURES_SPREAD;BLOCK;EUR;56;54.00000000;2380;EXCHANGE_LAST;;1;1;XEUR;72060493140861515;675;
18.03.2025;14:34:57.499;FESX SI 20250620 CS;SIMPLE_INSTRUMENT;BLOCK;EUR;56;5427.00000000;2380;PRC_DECOMP_EXCHANGE;;;;XEUR;7904020;675;EXCHANGE
18.03.2025;14:34:57.499;FESX SI 20250321 CS;SIMPLE_INSTRUMENT;BLOCK;EUR;56;5481.00000000;2380;PRC_DECOMP_EXCHANGE;;;;XEUR;7793482;675;EXCHANGE
18.03.2025;14:35:18.089;FESX.S.MAR25.JUN25.SPD;FUTURES_SPREAD;BLOCK;EUR;57;53.87000000;2100;EXCHANGE_LAST;;1;1;XEUR;72060493140861515;675;
18.03.2025;14:35:18.089;FESX SI 20250620 CS;SIMPLE_INSTRUMENT;BLOCK;EUR;57;5426.00000000;2100;PRC_DECOMP_EXCHANGE;;;;XEUR;7904020;675;EXCHANGE
18.03.2025;14:35:18.089;FESX SI 20250321 CS;SIMPLE_INSTRUMENT;BLOCK;EUR;57;5479.87000000;2100;PRC_DECOMP_EXCHANGE;;;;XEUR;7793482;675;EXCHANGE
18.03.2025;14:35:28.500;FESX.S.MAR25.JUN25.SPD;FUTURES_SPREAD;BLOCK;EUR;58;53.88000000;2100;EXCHANGE_LAST;;1;1;XEUR;72060493140861515;675;
18.03.2025;14:35:28.500;FESX SI 20250321 CS;SIMPLE_INSTRUMENT;BLOCK;EUR;58;5478.88000000;2100;PRC_DECOMP_EXCHANGE;;;;XEUR;7793482;675;EXCHANGE
18.03.2025;14:35:28.500;FESX SI 20250620 CS;SIMPLE_INSTRUMENT;BLOCK;EUR;58;5425.00000000;2100;PRC_DECOMP_EXCHANGE;;;;XEUR;7904020;675;EXCHANGE
18.03.2025;14:56:15.434;FESX.S.MAR25.JUN25.SPD;FUTURES_SPREAD;BLOCK;EUR;59;53.90000000;3555;EXCHANGE_LAST;;1;1;XEUR;72060493140861515;675;
18.03.2025;14:56:15.434;FESX SI 20250620 CS;SIMPLE_INSTRUMENT;BLOCK;EUR;59;5420.10000000;3555;PRC_DECOMP_MEMBER;;;;XEUR;7904020;675;MEMBER
18.03.2025;14:56:15.434;FESX SI 20250321 CS;SIMPLE_INSTRUMENT;BLOCK;EUR;59;5474.00000000;3555;PRC_DECOMP_MEMBER;;;;XEUR;7793482;675;MEMBER
18.03.2025;15:03:53.080;FESX.S.MAR25.JUN25.SPD;FUTURES_SPREAD;BLOCK;EUR;60;53.88000000;2587;EXCHANGE_LAST;;1;1;XEUR;72060493140861515;675;
18.03.2025;15:03:53.080;FESX SI 20250620 CS;SIMPLE_INSTRUMENT;BLOCK;EUR;60;5422.12000000;2587;PRC_DECOMP_MEMBER;;;;XEUR;7904020;675;MEMBER
18.03.2025;15:03:53.080;FESX SI 20250321 CS;SIMPLE_INSTRUMENT;BLOCK;EUR;60;5476.00000000;2587;PRC_DECOMP_MEMBER;;;;XEUR;7793482;675;MEMBER
18.03.2025;15:04:04.540;FESX.S.MAR25.JUN25.SPD;FUTURES_SPREAD;BLOCK;EUR;61;53.87000000;2588;EXCHANGE_LAST;;1;1;XEUR;72060493140861515;675;
18.03.2025;15:04:04.540;FESX SI 20250321 CS;SIMPLE_INSTRUMENT;BLOCK;EUR;61;5476.00000000;2588;PRC_DECOMP_MEMBER;;;;XEUR;7793482;675;MEMBER
18.03.2025;15:04:04.540;FESX SI 20250620 CS;SIMPLE_INSTRUMENT;BLOCK;EUR;61;5422.13000000;2588;PRC_DECOMP_MEMBER;;;;XEUR;7904020;675;MEMBER
18.03.2025;15:34:29.385;FESX.S.MAR25.JUN25.SPD;FUTURES_SPREAD;BLOCK;EUR;63;53.95000000;2000;EXCHANGE_LAST;;1;1;XEUR;72060493140861515;675;
18.03.2025;15:34:29.385;FESX SI 20250321 CS;SIMPLE_INSTRUMENT;BLOCK;EUR;63;5470.00000000;2000;PRC_DECOMP_MEMBER;;;;XEUR;7793482;675;MEMBER
18.03.2025;15:34:29.385;FESX SI 20250620 CS;SIMPLE_INSTRUMENT;BLOCK;EUR;63;5416.05000000;2000;PRC_DECOMP_MEMBER;;;;XEUR;7904020;675;MEMBER
