#Date;TrdTime;Contract;ContractType;TrdTyp;Currency;TesId;Prc;Qty;TrdInd;Aggressor;Buy;Sell;Exch;InstrumentId;RelatedProdId;PrcDecomp
25.04.2025;09:26:43.842;A2NA SI 20250620 CS;SIMPLE_INSTRUMENT;BLOCK;EUR;10;9.76000000;123;EXCHANGE_LAST;;1;1;XEUR;10872538;151298;
25.04.2025;09:52:28.980;A2NA SI 20250620 CS;SIMPLE_INSTRUMENT;BLOCK;EUR;16;9.76000000;273;EXCHANGE_LAST;;1;1;XEUR;10872538;151298;
25.04.2025;09:53:55.166;A2NA SI 20250620 CS;SIMPLE_INSTRUMENT;BLOCK;EUR;18;9.76000000;246;EXCHANGE_LAST;;1;1;XEUR;10872538;151298;
25.04.2025;10:56:46.472;A2NA SI 20250620 CS;SIMPLE_INSTRUMENT;BLOCK;EUR;30;9.76000000;445;EXCHANGE_LAST;;1;1;XEUR;10872538;151298;
25.04.2025;12:17:47.950;A2NA SI 20250620 CS;SIMPLE_INSTRUMENT;BLOCK;EUR;40;9.76000000;88;EXCHANGE_LAST;;1;1;XEUR;10872538;151298;
25.04.2025;15:19:45.619;A2SM SI 20271217 CS;SIMPLE_INSTRUMENT;BLOCK;EUR;91;9.30000000;40;EXCHANGE_LAST;;1;1;XEUR;8369816;15;
25.04.2025;15:43:45.051;A2SM SI 20271217 CS;SIMPLE_INSTRUMENT;BLOCK;EUR;102;9.30000000;72;EXCHANGE_LAST;;2;3;XEUR;8369816;15;
25.04.2025;13:01:58.842;A2XA SI 20250620 CS;SIMPLE_INSTRUMENT;BLOCK;EUR;51;2.15000000;1218;EXCHANGE_LAST;;2;2;XEUR;10827630;17;
25.04.2025;13:01:02.238;A2XA SI 20250620 CS;SIMPLE_INSTRUMENT;BLOCK;EUR;55;2.15000000;4413;EXCHANGE_LAST;;1;1;XEUR;10827630;17;
25.04.2025;08:51:23.187;ABBN SI 20250718 PS AM P 41.00 0;SIMPLE_INSTRUMENT;BLOCK;CHF;8;1.59000000;1500;EXCHANGE_LAST;;1;1;XEUR;13277926;574517;
25.04.2025;12:28:09.885;ABBN.O.250425.PDIA.000002;STANDARD_OPTION_STRATEGY;BLOCK;CHF;33;-0.69000000;2000;EXCHANGE_LAST;;1;1;XEUR;74525125763938039;574517;
25.04.2025;12:28:09.885;ABBN SI 20260320 PS AM P 40.00 0;SIMPLE_INSTRUMENT;BLOCK;CHF;33;2.93000000;2000;PRC_DECOMP_EXCHANGE;;;;XEUR;13051985;574517;EXCHANGE
25.04.2025;12:28:09.885;ABBN SI 20250620 PS AM P 46.00 0;SIMPLE_INSTRUMENT;BLOCK;CHF;33;3.62000000;2000;PRC_DECOMP_EXCHANGE;;;;XEUR;11409722;574517;EXCHANGE
25.04.2025;09:44:03.455;ADEN SI 20260320 PS AM P 20.00 0;SIMPLE_INSTRUMENT;BLOCK;CHF;16;2.16000000;1500;EXCHANGE_LAST;;1;1;XEUR;12994367;44;
25.04.2025;15:15:20.009;ADEN SI 20260320 PS AM P 19.00 0;SIMPLE_INSTRUMENT;BLOCK;CHF;58;1.77000000;1500;EXCHANGE_LAST;;1;1;XEUR;12994375;44;
25.04.2025;08:23:07.686;ADS.O.250425.PDIA.000001;STANDARD_OPTION_STRATEGY;BLOCK;EUR;2;-2.68000000;260;EXCHANGE_LAST;;1;1;XEUR;72057808786332810;50;
25.04.2025;08:23:07.686;ADS SI 20250919 PS AM P 200.00 0;SIMPLE_INSTRUMENT;BLOCK;EUR;2;10.75000000;260;PRC_DECOMP_EXCHANGE;;;;XEUR;11870853;50;EXCHANGE
25.04.2025;08:23:07.686;ADS SI 20250620 PS AM P 220.00 0;SIMPLE_INSTRUMENT;BLOCK;EUR;2;13.43000000;260;PRC_DECOMP_EXCHANGE;;;;XEUR;11297076;50;EXCHANGE
25.04.2025;10:51:08.809;ADS SI 20260619 PS AM C 320.00 0;SIMPLE_INSTRUMENT;BLOCK;EUR;11;3.40000000;500;EXCHANGE_LAST;;1;1;XEUR;9536507;50;
25.04.2025;14:12:21.525;ADS SI 20271217 PS AM P 200.00 0;SIMPLE_INSTRUMENT;BLOCK;EUR;19;29.10000000;900;EXCHANGE_LAST;;3;2;XEUR;8771576;50;
25.04.2025;09:24:32.432;AEAF SI 20250620 CS;SIMPLE_INSTRUMENT;BLOCK;EUR;9;216.97790000;1400;EXCHANGE_LAST;;1;1;XEUR;11202228;298511;
25.04.2025;09:52:24.617;AEAF SI 20250620 CS;SIMPLE_INSTRUMENT;BLOCK;EUR;15;216.37570000;3100;EXCHANGE_LAST;;1;1;XEUR;11202228;298511;
25.04.2025;09:53:18.033;AEAF SI 20250620 CS;SIMPLE_INSTRUMENT;BLOCK;EUR;17;216.77720000;2800;EXCHANGE_LAST;;1;1;XEUR;11202228;298511;
25.04.2025;10:53:05.661;AEAF SI 20250620 CS;SIMPLE_INSTRUMENT;BLOCK;EUR;27;216.97790000;5000;EXCHANGE_LAST;;1;1;XEUR;11202228;298511;
25.04.2025;12:17:20.944;AEAF SI 20250620 CS;SIMPLE_INSTRUMENT;BLOCK;EUR;39;217.17860000;1000;EXCHANGE_LAST;;1;1;XEUR;11202228;298511;
25.04.2025;08:47:17.488;AIRF SI 20250919 CS;SIMPLE_INSTRUMENT;BLOCK;EUR;2;178.05680000;55;EXCHANGE_LAST;;1;1;XEUR;11749663;840004;
25.04.2025;10:06:19.504;ALC SI 20250516 PS AM C 80.00 0;SIMPLE_INSTRUMENT;ENLIGHT;CHF;17;1.76000000;1000;EXCHANGE_LAST;;1;1;XEUR;12843701;130134;
25.04.2025;11:41:18.276;ALC.O.250425.IRTSP.000002;STANDARD_OPTION_STRATEGY;BLOCK;CHF;24;0.74000000;400;EXCHANGE_LAST;;1;1;XEUR;72616515312040016;130134;
25.04.2025;11:41:18.276;ALC SI 20260320 PS AM P 64.00 0;SIMPLE_INSTRUMENT;BLOCK;CHF;24;2.12000000;400;PRC_DECOMP_EXCHANGE;;;;XEUR;13038254;130134;EXCHANGE
25.04.2025;11:41:18.276;ALC SI 20250919 PS AM C 84.00 0;SIMPLE_INSTRUMENT;BLOCK;CHF;24;2.86000000;400;PRC_DECOMP_EXCHANGE;;;;XEUR;11913761;130134;EXCHANGE
25.04.2025;13:17:31.600;ANN SI 20261218 PS AM P 24.00 0;SIMPLE_INSTRUMENT;BLOCK;EUR;20;2.55000000;4000;EXCHANGE_LAST;;1;2;XEUR;7733122;45202;
25.04.2025;09:13:02.803;ASM.O.250425.BUL.000002;STANDARD_OPTION_STRATEGY;BLOCK;EUR;10;3.00000000;300;EXCHANGE_LAST;;1;1;XEUR;72058053599446798;107;
25.04.2025;09:13:02.803;ASM SI 20250516 PS AM C 700.00 0;SIMPLE_INSTRUMENT;BLOCK;EUR;10;0.83000000;300;PRC_DECOMP_EXCHANGE;;;;XEUR;12813021;107;EXCHANGE
25.04.2025;09:13:02.803;ASM SI 20250516 PS AM C 650.00 0;SIMPLE_INSTRUMENT;BLOCK;EUR;10;3.83000000;300;PRC_DECOMP_EXCHANGE;;;;XEUR;12813044;107;EXCHANGE
25.04.2025;14:02:17.443;ASM SI 20281215 PS AM C 600.00 0;SIMPLE_INSTRUMENT;BLOCK;EUR;31;158.50000000;200;EXCHANGE_LAST;;1;2;XEUR;12761927;107;
25.04.2025;13:56:27.545;ASMH SI 20250620 CS;SIMPLE_INSTRUMENT;BLOCK;EUR;74;586.68850000;600;EXCHANGE_LAST;;1;1;XEUR;11191365;3979;
25.04.2025;13:01:31.856;AXAG SI 20250620 CS;SIMPLE_INSTRUMENT;BLOCK;EUR;50;38.88000000;14000;EXCHANGE_LAST;;2;2;XEUR;11168731;125;
25.04.2025;13:00:39.866;AXAG SI 20250620 CS;SIMPLE_INSTRUMENT;BLOCK;EUR;54;38.52290000;50000;EXCHANGE_LAST;;1;1;XEUR;11168731;125;
25.04.2025;13:55:21.781;B2MW SI 20250620 CS;SIMPLE_INSTRUMENT;BLOCK;EUR;75;4.30000000;72;EXCHANGE_LAST;;1;1;XEUR;10830088;128;
25.04.2025;10:16:55.456;B2NP SI 20251219 CS;SIMPLE_INSTRUMENT;BLOCK;EUR;23;7.31000000;500;EXCHANGE_LAST;;1;1;XEUR;5914355;131;
25.04.2025;13:03:43.482;B2NP SI 20251219 CS;SIMPLE_INSTRUMENT;BLOCK;EUR;56;7.31000000;50;EXCHANGE_LAST;;1;1;XEUR;5914355;131;
25.04.2025;09:33:07.493;B3BV SI 20261218 CS;SIMPLE_INSTRUMENT;BLOCK;EUR;7;0.66000000;500;EXCHANGE_LAST;;1;2;XEUR;6798345;135;
25.04.2025;10:57:40.888;B3BV SI 20261218 CS;SIMPLE_INSTRUMENT;BLOCK;EUR;31;0.66000000;750;EXCHANGE_LAST;;1;1;XEUR;6798345;135;
25.04.2025;13:48:52.482;BAEN SI 20260320 PS AM P 44.00 0;SIMPLE_INSTRUMENT;BLOCK;CHF;50;2.68000000;1250;EXCHANGE_LAST;;1;1;XEUR;12996748;159;
25.04.2025;09:41:11.726;BAS SI 20251219 PS AM P 36.00 0;SIMPLE_INSTRUMENT;BLOCK;EUR;6;1.57000000;4000;EXCHANGE_LAST;;1;1;XEUR;7115422;150;
25.04.2025;14:35:17.089;BAS.O.250425.BUL.000011;STANDARD_OPTION_STRATEGY;BLOCK;EUR;8;2.50000000;1855;EXCHANGE_LAST;;1;1;XEUR;72058238283093215;150;
25.04.2025;14:35:17.089;BAS SI 20251219 PS AM C 60.00 0;SIMPLE_INSTRUMENT;BLOCK;EUR;8;0.36000000;1855;PRC_DECOMP_EXCHANGE;;;;XEUR;5922207;150;EXCHANGE
25.04.2025;14:35:17.089;BAS SI 20251219 PS AM C 47.00 0;SIMPLE_INSTRUMENT;BLOCK;EUR;8;2.86000000;1855;PRC_DECOMP_EXCHANGE;;;;XEUR;7509822;150;EXCHANGE
25.04.2025;14:35:20.537;BAS.O.250425.BUL.000011;STANDARD_OPTION_STRATEGY;BLOCK;EUR;9;2.52000000;618;EXCHANGE_LAST;;1;1;XEUR;72058238283093215;150;
25.04.2025;14:35:20.537;BAS SI 20251219 PS AM C 47.00 0;SIMPLE_INSTRUMENT;BLOCK;EUR;9;2.87000000;618;PRC_DECOMP_EXCHANGE;;;;XEUR;7509822;150;EXCHANGE
25.04.2025;14:35:20.537;BAS SI 20251219 PS AM C 60.00 0;SIMPLE_INSTRUMENT;BLOCK;EUR;9;0.35000000;618;PRC_DECOMP_EXCHANGE;;;;XEUR;5922207;150;EXCHANGE
25.04.2025;09:27:20.667;BAY SI 20250919 PS AM P 24.00 0;SIMPLE_INSTRUMENT;BLOCK;EUR;5;3.15000000;12000;EXCHANGE_LAST;;2;4;XEUR;11873099;168;
25.04.2025;10:41:27.821;BAY SI 20251219 PS AM C 22.00 0;SIMPLE_INSTRUMENT;BLOCK;EUR;7;3.24000000;5500;EXCHANGE_LAST;;2;1;XEUR;12231598;168;
25.04.2025;15:46:26.847;BAY SI 20250919 PS AM C 25.50 0;SIMPLE_INSTRUMENT;BLOCK;EUR;10;1.49000000;49149;EXCHANGE_LAST;;1;1;XEUR;12224646;168;
25.04.2025;15:46:28.813;BAY SI 20250919 PS AM C 25.50 0;SIMPLE_INSTRUMENT;BLOCK;EUR;11;1.50000000;15351;EXCHANGE_LAST;;1;1;XEUR;12224646;168;
25.04.2025;09:14:51.857;BMW SI 20250620 PS AM C 80.00 0;SIMPLE_INSTRUMENT;BLOCK;EUR;1;1.35000000;750;EXCHANGE_LAST;;1;1;XEUR;11332529;210;
25.04.2025;13:57:51.619;BMW SI 20260320 PS AM C 88.00 0;SIMPLE_INSTRUMENT;BLOCK;EUR;16;2.94000000;1000;EXCHANGE_LAST;;1;1;XEUR;12998571;210;
25.04.2025;15:29:48.267;BMW SI 20281215 PS AM P 68.00 0;SIMPLE_INSTRUMENT;BLOCK;EUR;21;12.70000000;1000;EXCHANGE_LAST;;2;1;XEUR;10398349;210;
25.04.2025;13:55:29.304;BMWF SI 20250620 CS;SIMPLE_INSTRUMENT;BLOCK;EUR;76;72.43000000;800;EXCHANGE_LAST;;1;1;XEUR;11170639;239;
25.04.2025;09:36:52.223;BNP SI 20260320 PS AM C 72.00 0;SIMPLE_INSTRUMENT;BLOCK;EUR;4;5.01000000;1200;EXCHANGE_LAST;;1;1;XEUR;12999117;237;
25.04.2025;10:48:33.824;C4RI SI 20261218 CS;SIMPLE_INSTRUMENT;BLOCK;EUR;26;2.86000000;100;EXCHANGE_LAST;;1;1;XEUR;6821680;50862;
25.04.2025;11:14:14.606;C4RI SI 20261218 CS;SIMPLE_INSTRUMENT;BLOCK;EUR;33;2.86500000;100;EXCHANGE_LAST;;1;2;XEUR;6821680;50862;
25.04.2025;11:15:20.579;C4RI SI 20261218 CS;SIMPLE_INSTRUMENT;BLOCK;EUR;34;2.86000000;200;EXCHANGE_LAST;;1;1;XEUR;6821680;50862;
25.04.2025;14:45:59.753;CBK.O.250425.BRT.000006;STANDARD_OPTION_STRATEGY;BLOCK;EUR;22;2.28000000;3500;EXCHANGE_LAST;;1;1;XEUR;72058745089204453;268;
25.04.2025;14:45:59.753;CBK SI 20260619 PS AM P 20.00 0;SIMPLE_INSTRUMENT;BLOCK;EUR;22;3.08000000;3500;PRC_DECOMP_EXCHANGE;;;;XEUR;9666940;268;EXCHANGE
25.04.2025;14:45:59.753;CBK SI 20250620 PS AM P 20.00 0;SIMPLE_INSTRUMENT;BLOCK;EUR;22;0.80000000;3500;PRC_DECOMP_EXCHANGE;;;;XEUR;9040231;268;EXCHANGE
25.04.2025;08:10:33.440;CFR.O.250425.BRT.000003;STANDARD_OPTION_STRATEGY;BLOCK;CHF;5;7.74000000;600;EXCHANGE_LAST;;1;1;XEUR;72058938362728913;313;
25.04.2025;08:10:33.440;CFR SI 20251219 PS AM P 140.00 0;SIMPLE_INSTRUMENT;BLOCK;CHF;5;13.08000000;600;PRC_DECOMP_EXCHANGE;;;;XEUR;9996465;313;EXCHANGE
25.04.2025;08:10:33.440;CFR SI 20250620 PS AM P 140.00 0;SIMPLE_INSTRUMENT;BLOCK;CHF;5;5.34000000;600;PRC_DECOMP_EXCHANGE;;;;XEUR;9996499;313;EXCHANGE
25.04.2025;10:27:05.472;CFR SI 20260619 PS AM C 140.00 0;SIMPLE_INSTRUMENT;BLOCK;CHF;18;21.25000000;500;EXCHANGE_LAST;;1;1;XEUR;9996426;313;
25.04.2025;13:31:00.984;CLN SI 20250516 PS AM P 10.00 0;SIMPLE_INSTRUMENT;BLOCK;CHF;49;1.07000000;4000;EXCHANGE_LAST;;1;1;XEUR;12816083;296;
25.04.2025;11:20:12.767;CONI SI 20250516 CS;SIMPLE_INSTRUMENT;BLOCK;EUR;35;67.61000000;500;EXCHANGE_LAST;;1;1;XEUR;11068570;414627;
25.04.2025;13:32:54.696;CR5J SI 20250619 CS;SIMPLE_INSTRUMENT;BLOCK;EUR;69;50.04920000;25000;EXCHANGE_LAST;;1;1;XEUR;11164005;50861;
25.04.2025;08:26:11.210;CRI5 SI 20250515 PS AM C 60.00 0;SIMPLE_INSTRUMENT;BLOCK;EUR;9;0.08000000;1000;EXCHANGE_LAST;;1;1;XEUR;12884015;320;
25.04.2025;10:55:38.030;CRI5 SI 20250918 PS AM P 44.00 0;SIMPLE_INSTRUMENT;BLOCK;EUR;14;2.02000000;2500;EXCHANGE_LAST;;2;2;XEUR;11863165;320;
25.04.2025;08:55:40.636;D2PW SI 20261218 CS;SIMPLE_INSTRUMENT;BLOCK;EUR;3;1.70000000;200;EXCHANGE_LAST;;1;1;XEUR;4632317;9702;
25.04.2025;09:30:53.613;D2PW SI 20261218 CS;SIMPLE_INSTRUMENT;BLOCK;EUR;11;1.70000000;100;EXCHANGE_LAST;;1;1;XEUR;4632317;9702;
25.04.2025;13:56:39.213;D2PW SI 20281215 CS;SIMPLE_INSTRUMENT;BLOCK;EUR;77;1.50000000;125;EXCHANGE_LAST;;1;1;XEUR;6818646;9702;
25.04.2025;15:37:25.965;D2PW SI 20250620 CS;SIMPLE_INSTRUMENT;BLOCK;EUR;99;1.85000000;385;EXCHANGE_LAST;;1;1;XEUR;10862485;9702;
25.04.2025;09:25:28.072;D3AI SI 20250620 CS;SIMPLE_INSTRUMENT;BLOCK;EUR;5;4.30000000;420;EXCHANGE_LAST;;1;1;XEUR;10884356;443197;
25.04.2025;10:10:01.158;D3AI SI 20250620 CS;SIMPLE_INSTRUMENT;BLOCK;EUR;22;4.30000000;126;EXCHANGE_LAST;;1;1;XEUR;10884356;443197;
25.04.2025;13:37:41.828;D3AI SI 20281215 CS;SIMPLE_INSTRUMENT;BLOCK;EUR;71;2.65000000;100;EXCHANGE_LAST;;1;1;XEUR;7144065;443197;
25.04.2025;15:24:01.574;D3AI SI 20281215 CS;SIMPLE_INSTRUMENT;BLOCK;EUR;93;2.65000000;200;EXCHANGE_LAST;;1;1;XEUR;7144065;443197;
25.04.2025;09:56:19.697;DAI SI 20250718 PS AM P 50.00 0;SIMPLE_INSTRUMENT;BLOCK;EUR;3;2.70000000;1500;EXCHANGE_LAST;;1;1;XEUR;13276288;443196;
25.04.2025;11:03:01.432;DAI.O.250425.COMBO.000024;STANDARD_OPTION_STRATEGY;BLOCK;EUR;7;0.23000000;2000;EXCHANGE_LAST;;2;1;XEUR;73961106363665281;443196;
25.04.2025;11:03:01.432;DAI SI 20250620 PS AM C 57.00 0;SIMPLE_INSTRUMENT;BLOCK;EUR;7;0.83000000;2000;PRC_DECOMP_EXCHANGE;;;;XEUR;13049924;443196;EXCHANGE
25.04.2025;11:03:01.432;DAI SI 20250620 PS AM P 47.00 0;SIMPLE_INSTRUMENT;BLOCK;EUR;7;1.06000000;2000;PRC_DECOMP_EXCHANGE;;;;XEUR;13049652;443196;EXCHANGE
25.04.2025;11:58:42.656;DAI.O.250425.BER.000025;STANDARD_OPTION_STRATEGY;BLOCK;EUR;9;2.93000000;750;EXCHANGE_LAST;;1;1;XEUR;73961106363665282;443196;
25.04.2025;11:58:42.656;DAI SI 20251219 PS AM P 44.00 0;SIMPLE_INSTRUMENT;BLOCK;EUR;9;2.22000000;750;PRC_DECOMP_MEMBER;;;;XEUR;7491310;443196;MEMBER
25.04.2025;11:58:42.656;DAI SI 20251219 PS AM P 52.00 0;SIMPLE_INSTRUMENT;BLOCK;EUR;9;5.15000000;750;PRC_DECOMP_MEMBER;;;;XEUR;7144530;443196;MEMBER
25.04.2025;14:00:28.877;DAI SI 20251219 PS AM C 60.00 0;SIMPLE_INSTRUMENT;BLOCK;EUR;15;1.68000000;1000;EXCHANGE_LAST;;1;1;XEUR;7144524;443196;
25.04.2025;14:38:16.892;DAI SI 20250620 PS AM P 60.00 0;SIMPLE_INSTRUMENT;BLOCK;EUR;18;9.17000000;2000;EXCHANGE_LAST;;1;2;XEUR;7934298;443196;
25.04.2025;15:25:10.855;DAI.O.250425.STG.000035;STANDARD_OPTION_STRATEGY;BLOCK;EUR;20;6.65000000;3000;EXCHANGE_LAST;;3;1;XEUR;73961106363665292;443196;
25.04.2025;15:25:10.855;DAI SI 20251219 PS AM C 60.00 0;SIMPLE_INSTRUMENT;BLOCK;EUR;20;1.81000000;3000;PRC_DECOMP_EXCHANGE;;;;XEUR;7144524;443196;EXCHANGE
25.04.2025;15:25:10.855;DAI SI 20251219 PS AM P 52.00 0;SIMPLE_INSTRUMENT;BLOCK;EUR;20;4.84000000;3000;PRC_DECOMP_EXCHANGE;;;;XEUR;7144530;443196;EXCHANGE
25.04.2025;09:30:14.687;DAIG SI 20250620 CS;SIMPLE_INSTRUMENT;BLOCK;EUR;4;50.73000000;5000;EXCHANGE_LAST;;1;1;XEUR;11207841;443203;
25.04.2025;10:09:47.687;DAIG SI 20250620 CS;SIMPLE_INSTRUMENT;BLOCK;EUR;21;51.02000000;1500;EXCHANGE_LAST;;1;1;XEUR;11207841;443203;
25.04.2025;08:31:20.853;DHE SI 20250620 PS AM C 28.00 0;SIMPLE_INSTRUMENT;BLOCK;EUR;3;1.80000000;1000;EXCHANGE_LAST;;1;1;XEUR;7924123;57135;
25.04.2025;08:31:21.807;DHE SI 20250620 PS AM C 24.00 0;SIMPLE_INSTRUMENT;BLOCK;EUR;4;3.85000000;1000;EXCHANGE_LAST;;1;1;XEUR;7924120;57135;
25.04.2025;08:34:32.143;DHE SI 20251219 PS AM C 30.00 0;SIMPLE_INSTRUMENT;BLOCK;EUR;5;3.62000000;2000;EXCHANGE_LAST;;1;1;XEUR;7377994;57135;
25.04.2025;08:34:32.141;DHE SI 20251219 PS AM C 26.00 0;SIMPLE_INSTRUMENT;BLOCK;EUR;6;5.15000000;2000;EXCHANGE_LAST;;1;1;XEUR;12474048;57135;
25.04.2025;14:03:33.469;DHE SI 20250620 PS AM C 28.00 0;SIMPLE_INSTRUMENT;BLOCK;EUR;22;1.47000000;350;EXCHANGE_LAST;;1;1;XEUR;7924123;57135;
25.04.2025;15:34:37.597;DPW SI 20251219 PS AM P 40.00 0;SIMPLE_INSTRUMENT;BLOCK;EUR;27;5.30000000;2000;EXCHANGE_LAST;;1;1;XEUR;5926790;445;
25.04.2025;15:37:13.927;DPWF SI 20250620 CS;SIMPLE_INSTRUMENT;BLOCK;EUR;98;35.98500000;5000;EXCHANGE_LAST;;1;1;XEUR;11173216;444;
25.04.2025;14:58:22.948;DTE SI 20250919 PS AM P 26.00 0;SIMPLE_INSTRUMENT;BLOCK;EUR;23;0.33000000;1500;EXCHANGE_LAST;;1;1;XEUR;11878518;424;
25.04.2025;15:40:04.758;DTE SI 20250620 PS AM C 34.00 0;SIMPLE_INSTRUMENT;BLOCK;EUR;25;0.40000000;2950;EXCHANGE_LAST;;1;1;XEUR;11356822;424;
25.04.2025;15:39:40.096;DTE SI 20250620 PS AM C 34.00 0;SIMPLE_INSTRUMENT;BLOCK;EUR;26;0.38000000;14651;EXCHANGE_LAST;;1;1;XEUR;11356822;424;
25.04.2025;12:45:11.885;E2NT SI 20251219 CS;SIMPLE_INSTRUMENT;BLOCK;EUR;49;1.01000000;500;EXCHANGE_LAST;;1;1;XEUR;3681294;470;
25.04.2025;13:11:50.958;E2NT.S.DEC27.DEC29.SPD;FUTURES_SPREAD;BLOCK;EUR;53;0.17500000;2500;EXCHANGE_LAST;;2;2;XEUR;72059612672557096;470;
25.04.2025;13:11:50.958;E2NT SI 20291221 CS;SIMPLE_INSTRUMENT;BLOCK;EUR;53;0.70500000;2500;PRC_DECOMP_MEMBER;;;;XEUR;8378976;470;MEMBER
25.04.2025;13:11:50.958;E2NT SI 20271217 CS;SIMPLE_INSTRUMENT;BLOCK;EUR;53;0.88000000;2500;PRC_DECOMP_MEMBER;;;;XEUR;5914575;470;MEMBER
25.04.2025;08:24:21.359;EAD SI 20250516 PS AM C 160.00 0;SIMPLE_INSTRUMENT;BLOCK;EUR;2;0.32000000;1170;EXCHANGE_LAST;;1;1;XEUR;13241839;465;
25.04.2025;08:24:24.357;EAD SI 20250516 PS AM C 150.00 0;SIMPLE_INSTRUMENT;BLOCK;EUR;3;1.81000000;1170;EXCHANGE_LAST;;1;1;XEUR;13241889;465;
25.04.2025;10:51:59.339;EF3G SI 20250516 CS;SIMPLE_INSTRUMENT;BLOCK;EUR;28;115.25040000;25;EXCHANGE_LAST;;1;1;XEUR;11035460;455;
25.04.2025;07:39:26.831;EMSN SI 20250620 PS AM P 600.00 0;SIMPLE_INSTRUMENT;BLOCK;CHF;2;21.34000000;600;EXCHANGE_LAST;;1;1;XEUR;11685292;26645;
25.04.2025;07:39:15.914;EMSN SI 20260320 PS AM P 520.00 0;SIMPLE_INSTRUMENT;BLOCK;CHF;3;19.23000000;300;EXCHANGE_LAST;;1;1;XEUR;13030273;26645;
25.04.2025;10:55:47.701;ENL5 SI 20250619 PS AM C 7.80 0;SIMPLE_INSTRUMENT;BLOCK;EUR;15;0.11000000;3000;EXCHANGE_LAST;;2;1;XEUR;12988447;500;
25.04.2025;14:41:38.391;ENL5 SI 20250619 PS AM C 7.60 0;SIMPLE_INSTRUMENT;BLOCK;EUR;34;0.20000000;2500;EXCHANGE_LAST;;1;1;XEUR;11337929;500;
25.04.2025;09:48:40.924;ENR SI 20250718 PS AM P 68.00 0;SIMPLE_INSTRUMENT;BLOCK;EUR;11;6.75000000;3000;EXCHANGE_LAST;;1;2;XEUR;13272296;298530;
25.04.2025;10:04:44.769;ENR.O.250425.STD.000003;STANDARD_OPTION_STRATEGY;BLOCK;EUR;12;10.63000000;1500;EXCHANGE_LAST;;1;1;XEUR;73339770624818753;298530;
25.04.2025;10:04:44.769;ENR SI 20250620 PS AM C 65.00 0;SIMPLE_INSTRUMENT;BLOCK;EUR;12;6.62000000;1500;PRC_DECOMP_EXCHANGE;;;;XEUR;12886453;298530;EXCHANGE
25.04.2025;10:04:44.769;ENR SI 20250620 PS AM P 65.00 0;SIMPLE_INSTRUMENT;BLOCK;EUR;12;4.01000000;1500;PRC_DECOMP_EXCHANGE;;;;XEUR;12886454;298530;EXCHANGE
25.04.2025;10:09:43.111;ENR SI 20250516 PS AM C 70.00 0;SIMPLE_INSTRUMENT;BLOCK;EUR;13;2.07000000;4500;EXCHANGE_LAST;;3;3;XEUR;12848129;298530;
25.04.2025;10:37:55.954;ENR SI 20250516 PS AM C 70.00 0;SIMPLE_INSTRUMENT;BLOCK;EUR;16;2.07000000;4500;EXCHANGE_LAST;;2;4;XEUR;12848129;298530;
25.04.2025;13:57:43.522;ENRF SI 20250516 CS;SIMPLE_INSTRUMENT;BLOCK;EUR;73;67.06070000;5500;EXCHANGE_LAST;;1;1;XEUR;11064071;298508;
25.04.2025;07:25:33.299;ENT5 SI 20250918 PS AM C 12.00 0;SIMPLE_INSTRUMENT;BLOCK;EUR;2;1.15000000;750;EXCHANGE_LAST;;1;1;XEUR;11863462;497;
25.04.2025;07:46:13.778;ENT5 SI 20260618 PS AM P 12.00 0;SIMPLE_INSTRUMENT;BLOCK;EUR;3;1.14000000;750;EXCHANGE_LAST;;1;1;XEUR;9531346;497;
25.04.2025;11:47:24.978;ENUR SI 20250516 PS AM C 8.00 0;SIMPLE_INSTRUMENT;BLOCK;EUR;19;0.22000000;1232;EXCHANGE_LAST;;1;1;XEUR;12919609;498;
25.04.2025;11:52:26.015;ENUR SI 20250619 PS AM C 8.50 0;SIMPLE_INSTRUMENT;BLOCK;EUR;20;0.14000000;1232;EXCHANGE_LAST;;1;1;XEUR;13003850;498;
25.04.2025;14:43:57.350;ENUR SI 20250619 PS AM C 9.00 0;SIMPLE_INSTRUMENT;BLOCK;EUR;32;0.08000000;2000;EXCHANGE_LAST;;1;1;XEUR;11337750;498;
25.04.2025;12:23:44.772;EOA SI 20250919 PS AM P 15.00 0;SIMPLE_INSTRUMENT;BLOCK;EUR;10;0.93000000;4000;EXCHANGE_LAST;;1;1;XEUR;11908908;49065;
25.04.2025;13:39:54.327;EOA SI 20260619 PS AM P 14.00 0;SIMPLE_INSTRUMENT;BLOCK;EUR;13;1.15000000;2000;EXCHANGE_LAST;;1;1;XEUR;9579006;49065;
25.04.2025;13:39:38.429;EOA SI 20260619 PS AM C 16.00 0;SIMPLE_INSTRUMENT;BLOCK;EUR;14;0.79000000;2000;EXCHANGE_LAST;;1;1;XEUR;9579011;49065;
25.04.2025;13:36:53.098;F3IA SI 20271217 CS;SIMPLE_INSTRUMENT;BLOCK;EUR;70;0.38000000;400;EXCHANGE_LAST;;1;1;XEUR;8422837;390387;
25.04.2025;08:23:09.266;FBTP SI 20250606 PS;SIMPLE_INSTRUMENT;EFP_FIN;EUR;1;120.39000000;793;EXCHANGE_LAST;;1;1;XEUR;11820365;636;
25.04.2025;09:23:50.030;FBTP SI 20250606 PS;SIMPLE_INSTRUMENT;EFP_FIN;EUR;2;120.29000000;220;EXCHANGE_LAST;;1;1;XEUR;11820365;636;
25.04.2025;09:38:43.735;FBTP SI 20250606 PS;SIMPLE_INSTRUMENT;EFP_FIN;EUR;3;120.30000000;130;EXCHANGE_LAST;;1;1;XEUR;11820365;636;
25.04.2025;09:39:56.307;FBTP SI 20250606 PS;SIMPLE_INSTRUMENT;EFP_FIN;EUR;4;120.30000000;131;EXCHANGE_LAST;;1;1;XEUR;11820365;636;
25.04.2025;11:40:50.527;FBTP SI 20250606 PS;SIMPLE_INSTRUMENT;EFS;EUR;5;120.23000000;102;EXCHANGE_LAST;;1;1;XEUR;11820365;636;
25.04.2025;12:37:57.472;FBTP SI 20250606 PS;SIMPLE_INSTRUMENT;EFP_FIN;EUR;6;120.23000000;142;EXCHANGE_LAST;;1;1;XEUR;11820365;636;
25.04.2025;12:40:36.444;FBTP SI 20250606 PS;SIMPLE_INSTRUMENT;BLOCK;EUR;7;120.23000000;442;EXCHANGE_LAST;;1;1;XEUR;11820365;636;
25.04.2025;13:52:17.330;FBTP SI 20250606 PS;SIMPLE_INSTRUMENT;EFP_FIN;EUR;8;120.21000000;2886;EXCHANGE_LAST;;1;1;XEUR;11820365;636;
25.04.2025;14:28:08.028;FBTP SI 20250606 PS;SIMPLE_INSTRUMENT;EFP_FIN;EUR;9;120.18000000;100;EXCHANGE_LAST;;1;1;XEUR;11820365;636;
25.04.2025;14:32:17.754;FBTP SI 20250606 PS;SIMPLE_INSTRUMENT;EFP_FIN;EUR;10;120.18000000;150;EXCHANGE_LAST;;1;1;XEUR;11820365;636;
25.04.2025;14:38:17.274;FBTP SI 20250606 PS;SIMPLE_INSTRUMENT;EFP_FIN;EUR;11;120.16000000;481;EXCHANGE_LAST;;1;1;XEUR;11820365;636;
25.04.2025;14:59:27.395;FBTP SI 20250606 PS;SIMPLE_INSTRUMENT;EFP_FIN;EUR;12;120.13000000;354;EXCHANGE_LAST;;1;1;XEUR;11820365;636;
25.04.2025;15:07:42.172;FBTP SI 20250606 PS;SIMPLE_INSTRUMENT;EFP_FIN;EUR;13;120.21000000;807;EXCHANGE_LAST;;1;1;XEUR;11820365;636;
25.04.2025;15:09:03.249;FBTP SI 20250606 PS;SIMPLE_INSTRUMENT;EFP_FIN;EUR;14;120.06000000;94;EXCHANGE_LAST;;1;1;XEUR;11820365;636;
25.04.2025;15:14:47.929;FBTP SI 20250606 PS;SIMPLE_INSTRUMENT;EFP_FIN;EUR;15;120.06000000;327;EXCHANGE_LAST;;1;1;XEUR;11820365;636;
25.04.2025;15:23:13.682;FBTP SI 20250606 PS;SIMPLE_INSTRUMENT;BLOCK;EUR;16;120.07000000;515;EXCHANGE_LAST;;1;1;XEUR;11820365;636;
25.04.2025;15:27:18.620;FBTP SI 20250606 PS;SIMPLE_INSTRUMENT;EFP_FIN;EUR;17;120.15000000;343;EXCHANGE_LAST;;1;1;XEUR;11820365;636;
25.04.2025;14:19:42.000;FBTP SI 20250606 PS;SIMPLE_INSTRUMENT;VOLA;EUR;268435521;120.19000000;106;EXCHANGE_LAST;;1;1;XEUR;11820365;636;
25.04.2025;10:14:36.264;FBTS SI 20250606 PS;SIMPLE_INSTRUMENT;EFP_FIN;EUR;8;108.19000000;476;EXCHANGE_LAST;;1;1;XEUR;11820367;639;
25.04.2025;10:31:36.230;FBTS SI 20250606 PS;SIMPLE_INSTRUMENT;EFP_FIN;EUR;9;108.26000000;1306;EXCHANGE_LAST;;1;1;XEUR;11820367;639;
25.04.2025;10:49:48.873;FBTS SI 20250606 PS;SIMPLE_INSTRUMENT;EFP_FIN;EUR;10;108.18000000;476;EXCHANGE_LAST;;1;1;XEUR;11820367;639;
25.04.2025;11:48:49.366;FBTS SI 20250606 PS;SIMPLE_INSTRUMENT;EFP_FIN;EUR;11;108.19000000;1170;EXCHANGE_LAST;;1;1;XEUR;11820367;639;
25.04.2025;12:12:22.851;FBTS SI 20250606 PS;SIMPLE_INSTRUMENT;EFP_FIN;EUR;12;108.19000000;779;EXCHANGE_LAST;;1;1;XEUR;11820367;639;
25.04.2025;12:26:38.645;FBTS SI 20250606 PS;SIMPLE_INSTRUMENT;EFP_FIN;EUR;13;108.19000000;584;EXCHANGE_LAST;;1;1;XEUR;11820367;639;
25.04.2025;13:15:26.066;FBTS SI 20250606 PS;SIMPLE_INSTRUMENT;EFP_FIN;EUR;14;108.19000000;116;EXCHANGE_LAST;;1;1;XEUR;11820367;639;
25.04.2025;13:47:50.589;FBTS SI 20250606 PS;SIMPLE_INSTRUMENT;EFS;EUR;16;108.18000000;2308;EXCHANGE_LAST;;1;1;XEUR;11820367;639;
25.04.2025;15:28:17.535;FBTS SI 20250606 PS;SIMPLE_INSTRUMENT;BLOCK;EUR;20;108.14000000;656;EXCHANGE_LAST;;1;1;XEUR;11820367;639;
25.04.2025;13:51:10.562;FCBU SI 20250505 CS;SIMPLE_INSTRUMENT;BLOCK;USD;4;0.17520000;200;EXCHANGE_LAST;;1;1;XEUR;11129772;570870;
25.04.2025;07:10:21.008;FCEU SI 20250616 PS;SIMPLE_INSTRUMENT;BLOCK;USD;1;1.13820000;200;EXCHANGE_LAST;;1;1;XEUR;7879022;369376;
25.04.2025;09:31:44.487;FCPU SI 20250616 PS;SIMPLE_INSTRUMENT;BLOCK;USD;2;1.33030000;835;EXCHANGE_LAST;;1;1;XEUR;7879040;369379;
25.04.2025;11:24:36.032;FCZU SI 20250616 CS;SIMPLE_INSTRUMENT;BLOCK;USD;3;0.05289000;125;EXCHANGE_LAST;;1;1;XEUR;11855446;570872;
25.04.2025;07:41:39.936;FD3D SI 20251219 CS;SIMPLE_INSTRUMENT;BLOCK;EUR;4;114.60000000;1000;EXCHANGE_LAST;;1;1;XEUR;5914068;588;
25.04.2025;07:50:21.963;FD3D SI 20251219 CS;SIMPLE_INSTRUMENT;BLOCK;EUR;5;114.40000000;500;EXCHANGE_LAST;;1;1;XEUR;5914068;588;
25.04.2025;08:28:56.369;FD3D SI 20251219 CS;SIMPLE_INSTRUMENT;BLOCK;EUR;8;114.20000000;120;EXCHANGE_LAST;;1;1;XEUR;5914068;588;
25.04.2025;16:00:21.980;FDAX SI 20250620 CS;SIMPLE_INSTRUMENT;EFP_IDX;EUR;1;22397.00000000;21;EXCHANGE_LAST;;1;1;XEUR;7903800;589;
25.04.2025;16:00:36.049;FDAX SI 20250620 CS;SIMPLE_INSTRUMENT;EFP_IDX;EUR;2;22398.00000000;17;EXCHANGE_LAST;;1;1;XEUR;7903800;589;
25.04.2025;11:38:23.809;FDAX SI 20250620 CS;SIMPLE_INSTRUMENT;VOLA;EUR;671088649;22364.00000000;90;EXCHANGE_LAST;;1;1;XEUR;7903800;589;
25.04.2025;08:31:17.803;FEBD SI 20261218 CS;SIMPLE_INSTRUMENT;BLOCK;EUR;7;10.34000000;500;EXCHANGE_LAST;;1;2;XEUR;7158212;597;
25.04.2025;13:42:46.609;FEBD SI 20261218 CS;SIMPLE_INSTRUMENT;BLOCK;EUR;34;10.32000000;300;EXCHANGE_LAST;;1;1;XEUR;7158212;597;
25.04.2025;13:43:35.331;FEBD SI 20271217 CS;SIMPLE_INSTRUMENT;BLOCK;EUR;35;9.57000000;150;EXCHANGE_LAST;;1;1;XEUR;7776307;597;
25.04.2025;13:44:15.652;FEBD SI 20271217 CS;SIMPLE_INSTRUMENT;BLOCK;EUR;36;9.56000000;150;EXCHANGE_LAST;;1;1;XEUR;7776307;597;
25.04.2025;14:34:03.480;FEBD.S.DEC26.DEC27.SPD;FUTURES_SPREAD;BLOCK;EUR;48;0.77000000;350;EXCHANGE_LAST;;1;1;XEUR;72060158133407029;597;
25.04.2025;14:34:03.480;FEBD SI 20271217 CS;SIMPLE_INSTRUMENT;BLOCK;EUR;48;9.53000000;350;PRC_DECOMP_MEMBER;;;;XEUR;7776307;597;MEMBER
25.04.2025;14:34:03.480;FEBD SI 20261218 CS;SIMPLE_INSTRUMENT;BLOCK;EUR;48;10.30000000;350;PRC_DECOMP_MEMBER;;;;XEUR;7158212;597;MEMBER
25.04.2025;10:06:48.010;FEDV SI 20250620 CS;SIMPLE_INSTRUMENT;BLOCK;EUR;17;1854.50000000;199;EXCHANGE_LAST;;1;1;XEUR;11880642;596;
25.04.2025;10:23:21.569;FEDV SI 20250620 CS;SIMPLE_INSTRUMENT;BLOCK;EUR;18;1853.00000000;300;EXCHANGE_LAST;;1;1;XEUR;11880642;596;
25.04.2025;15:25:56.011;FES1 SI 20250620 PS;SIMPLE_INSTRUMENT;BLOCK;EUR;55;-49.90000000;550;EXCHANGE_LAST;;1;1;XEUR;11910814;58959;
25.04.2025;15:47:11.043;FESA SI 20250620 CS;SIMPLE_INSTRUMENT;BLOCK;EUR;9;493.40000000;700;EXCHANGE_LAST;;1;1;XEUR;11880666;606;
25.04.2025;15:47:32.309;FESA SI 20250620 CS;SIMPLE_INSTRUMENT;BLOCK;EUR;10;493.50000000;300;EXCHANGE_LAST;;1;1;XEUR;11880666;606;
25.04.2025;07:43:58.554;FESB SI 20250620 CS;SIMPLE_INSTRUMENT;BLOCK;EUR;43;179.40000000;2820;EXCHANGE_LAST;;1;1;XEUR;11880665;605;
25.04.2025;15:54:18.135;FESB SI 20250620 CS;SIMPLE_INSTRUMENT;EFP_IDX;EUR;65;181.60000000;2000;EXCHANGE_LAST;;1;1;XEUR;11880665;605;
25.04.2025;15:17:34.065;FESB SI 20250620 CS;SIMPLE_INSTRUMENT;VOLA;EUR;603979822;181.20000000;180;EXCHANGE_LAST;;1;1;XEUR;11880665;605;
25.04.2025;10:27:31.854;FESX SI 20250620 CS;SIMPLE_INSTRUMENT;BLOCK;EUR;1;5109.00000000;6000;EXCHANGE_LAST;;1;1;XEUR;7904020;675;
25.04.2025;12:36:23.868;FESX SI 20250620 CS;SIMPLE_INSTRUMENT;BLOCK;EUR;2;5094.00000000;2000;EXCHANGE_LAST;;1;1;XEUR;7904020;675;
25.04.2025;13:00:18.243;FESX SI 20250620 CS;SIMPLE_INSTRUMENT;BLOCK;EUR;3;5100.00000000;9000;EXCHANGE_LAST;;1;1;XEUR;7904020;675;
25.04.2025;13:02:50.712;FESX SI 20250620 CS;SIMPLE_INSTRUMENT;BLOCK;EUR;4;5108.00000000;2000;EXCHANGE_LAST;;1;1;XEUR;7904020;675;
25.04.2025;13:07:52.478;FESX SI 20250620 CS;SIMPLE_INSTRUMENT;EFP_IDX;EUR;5;5105.00000000;1000;EXCHANGE_LAST;;1;1;XEUR;7904020;675;
25.04.2025;13:32:32.246;FESX SI 20250620 CS;SIMPLE_INSTRUMENT;EFP_IDX;EUR;6;5110.00000000;1000;EXCHANGE_LAST;;1;1;XEUR;7904020;675;
25.04.2025;13:55:56.696;FESX SI 20250620 CS;SIMPLE_INSTRUMENT;BLOCK;EUR;7;5109.00000000;3000;EXCHANGE_LAST;;1;1;XEUR;7904020;675;
25.04.2025;15:49:28.690;FESX SI 20250620 CS;SIMPLE_INSTRUMENT;EFP_IDX;EUR;8;5104.00000000;237;EXCHANGE_LAST;;1;1;XEUR;7904020;675;
25.04.2025;15:49:36.703;FESX SI 20250620 CS;SIMPLE_INSTRUMENT;EFP_IDX;EUR;9;5105.00000000;388;EXCHANGE_LAST;;1;1;XEUR;7904020;675;
25.04.2025;15:46:00.009;FESX SI 20250620 CS;SIMPLE_INSTRUMENT;EFP_IDX;EUR;10;5104.00000000;380;EXCHANGE_LAST;;1;1;XEUR;7904020;675;
25.04.2025;15:45:46.249;FESX SI 20250620 CS;SIMPLE_INSTRUMENT;EFP_IDX;EUR;11;5105.00000000;620;EXCHANGE_LAST;;1;1;XEUR;7904020;675;
25.04.2025;15:45:06.398;FESX SI 20250620 CS;SIMPLE_INSTRUMENT;EFP_IDX;EUR;12;5104.00000000;3775;EXCHANGE_LAST;;1;1;XEUR;7904020;675;
25.04.2025;15:45:12.359;FESX SI 20250620 CS;SIMPLE_INSTRUMENT;EFP_IDX;EUR;13;5105.00000000;1225;EXCHANGE_LAST;;1;1;XEUR;7904020;675;
25.04.2025;15:45:48.706;FESX SI 20250620 CS;SIMPLE_INSTRUMENT;EFP_IDX;EUR;14;5104.00000000;228;EXCHANGE_LAST;;1;1;XEUR;7904020;675;
25.04.2025;15:45:58.777;FESX SI 20250620 CS;SIMPLE_INSTRUMENT;EFP_IDX;EUR;15;5105.00000000;372;EXCHANGE_LAST;;1;1;XEUR;7904020;675;
25.04.2025;15:53:25.355;FESX SI 20250620 CS;SIMPLE_INSTRUMENT;EFP_IDX;EUR;16;5105.00000000;612;EXCHANGE_LAST;;1;1;XEUR;7904020;675;
25.04.2025;15:53:57.381;FESX SI 20250620 CS;SIMPLE_INSTRUMENT;EFP_IDX;EUR;17;5104.00000000;1888;EXCHANGE_LAST;;1;1;XEUR;7904020;675;
25.04.2025;15:49:48.915;FESX SI 20250620 CS;SIMPLE_INSTRUMENT;EFP_IDX;EUR;18;5104.00000000;380;EXCHANGE_LAST;;1;1;XEUR;7904020;675;
25.04.2025;15:53:43.666;FESX SI 20250620 CS;SIMPLE_INSTRUMENT;EFP_IDX;EUR;19;5105.00000000;1225;EXCHANGE_LAST;;1;1;XEUR;7904020;675;
25.04.2025;15:49:57.186;FESX SI 20250620 CS;SIMPLE_INSTRUMENT;EFP_IDX;EUR;20;5105.00000000;620;EXCHANGE_LAST;;1;1;XEUR;7904020;675;
25.04.2025;15:54:08.624;FESX SI 20250620 CS;SIMPLE_INSTRUMENT;BLOCK;EUR;21;5104.00000000;3775;EXCHANGE_LAST;;1;1;XEUR;7904020;675;
25.04.2025;15:52:31.373;FESX SI 20250620 CS;SIMPLE_INSTRUMENT;EFP_IDX;EUR;22;5104.00000000;542;EXCHANGE_LAST;;1;1;XEUR;7904020;675;
25.04.2025;15:52:38.356;FESX SI 20250620 CS;SIMPLE_INSTRUMENT;EFP_IDX;EUR;23;5105.00000000;318;EXCHANGE_LAST;;1;1;XEUR;7904020;675;
25.04.2025;15:55:26.270;FESX SI 20250620 CS;SIMPLE_INSTRUMENT;EFP_IDX;EUR;24;5104.00000000;570;EXCHANGE_LAST;;1;1;XEUR;7904020;675;
25.04.2025;15:55:36.956;FESX SI 20250620 CS;SIMPLE_INSTRUMENT;EFP_IDX;EUR;25;5105.00000000;930;EXCHANGE_LAST;;1;1;XEUR;7904020;675;
25.04.2025;15:54:11.336;FESX SI 20250620 CS;SIMPLE_INSTRUMENT;EFP_IDX;EUR;26;5103.00000000;59;EXCHANGE_LAST;;1;1;XEUR;7904020;675;
25.04.2025;15:54:29.774;FESX SI 20250620 CS;SIMPLE_INSTRUMENT;EFP_IDX;EUR;27;5104.00000000;391;EXCHANGE_LAST;;1;1;XEUR;7904020;675;
25.04.2025;16:00:35.484;FESX SI 20250620 CS;SIMPLE_INSTRUMENT;EFP_IDX;EUR;28;5104.00000000;152;EXCHANGE_LAST;;1;1;XEUR;7904020;675;
25.04.2025;16:00:27.818;FESX SI 20250620 CS;SIMPLE_INSTRUMENT;EFP_IDX;EUR;29;5105.00000000;148;EXCHANGE_LAST;;1;1;XEUR;7904020;675;
25.04.2025;15:59:45.967;FESX SI 20250620 CS;SIMPLE_INSTRUMENT;EFP_IDX;EUR;30;5104.00000000;604;EXCHANGE_LAST;;1;1;XEUR;7904020;675;
25.04.2025;15:59:31.447;FESX SI 20250620 CS;SIMPLE_INSTRUMENT;EFP_IDX;EUR;31;5105.00000000;196;EXCHANGE_LAST;;1;1;XEUR;7904020;675;
25.04.2025;07:25:19.929;FESX SI 20250620 CS;SIMPLE_INSTRUMENT;VOLA;EUR;637534212;5094.00000000;660;EXCHANGE_LAST;;1;1;XEUR;7904020;675;
25.04.2025;07:54:37.015;FESX SI 20250620 CS;SIMPLE_INSTRUMENT;VOLA;EUR;637534222;5080.00000000;630;EXCHANGE_LAST;;1;1;XEUR;7904020;675;
25.04.2025;08:23:56.679;FESX SI 20250620 CS;SIMPLE_INSTRUMENT;VOLA;EUR;637534237;5090.00000000;180;EXCHANGE_LAST;;1;1;XEUR;7904020;675;
25.04.2025;08:42:17.559;FESX SI 20250620 CS;SIMPLE_INSTRUMENT;VOLA;EUR;637534247;5095.00000000;183;EXCHANGE_LAST;;1;1;XEUR;7904020;675;
25.04.2025;09:28:04.719;FESX SI 20250620 CS;SIMPLE_INSTRUMENT;VOLA;EUR;637534284;5100.00000000;145;EXCHANGE_LAST;;1;1;XEUR;7904020;675;
25.04.2025;10:20:14.985;FESX SI 20250620 CS;SIMPLE_INSTRUMENT;VOLA;EUR;637534310;5093.00000000;1092;EXCHANGE_LAST;;1;1;XEUR;7904020;675;
25.04.2025;10:28:22.488;FESX SI 20250620 CS;SIMPLE_INSTRUMENT;VOLA;EUR;637534322;5093.00000000;2000;EXCHANGE_LAST;;1;1;XEUR;7904020;675;
25.04.2025;11:20:13.603;FESX SI 20250620 CS;SIMPLE_INSTRUMENT;VOLA;EUR;637534350;5110.00000000;350;EXCHANGE_LAST;;1;1;XEUR;7904020;675;
25.04.2025;12:51:29.021;FESX SI 20250620 CS;SIMPLE_INSTRUMENT;VOLA;EUR;637534376;5100.00000000;120;EXCHANGE_LAST;;1;1;XEUR;7904020;675;
25.04.2025;13:51:51.321;FESX SI 20250620 CS;SIMPLE_INSTRUMENT;VOLA;EUR;637534398;5090.00000000;64;EXCHANGE_LAST;;1;1;XEUR;7904020;675;
25.04.2025;08:45:38.633;FEXD SI 20251219 CS;SIMPLE_INSTRUMENT;BLOCK;EUR;9;164.70000000;250;EXCHANGE_LAST;;1;1;XEUR;1548120;693;
25.04.2025;08:45:32.464;FEXD SI 20251219 CS;SIMPLE_INSTRUMENT;BLOCK;EUR;10;164.80000000;250;EXCHANGE_LAST;;1;1;XEUR;1548120;693;
25.04.2025;08:48:29.290;FEXD SI 20261218 CS;SIMPLE_INSTRUMENT;BLOCK;EUR;11;152.00000000;500;EXCHANGE_LAST;;1;1;XEUR;2163053;693;
25.04.2025;09:03:44.665;FEXD SI 20261218 CS;SIMPLE_INSTRUMENT;BLOCK;EUR;12;152.00000000;350;EXCHANGE_LAST;;1;1;XEUR;2163053;693;
25.04.2025;09:55:03.349;FEXD SI 20250620 CS;SIMPLE_INSTRUMENT;BLOCK;EUR;15;129.60000000;500;EXCHANGE_LAST;;1;1;XEUR;9548493;693;
25.04.2025;09:54:46.921;FEXD SI 20250620 CS;SIMPLE_INSTRUMENT;BLOCK;EUR;16;129.70000000;500;EXCHANGE_LAST;;1;1;XEUR;9548493;693;
25.04.2025;10:28:05.787;FEXD.S.DEC27.DEC28.SPD;FUTURES_SPREAD;BLOCK;EUR;19;4.30000000;130;EXCHANGE_LAST;;1;1;XEUR;72060570450264162;693;
25.04.2025;10:28:05.787;FEXD SI 20281215 CS;SIMPLE_INSTRUMENT;BLOCK;EUR;19;142.80000000;130;PRC_DECOMP_EXCHANGE;;;;XEUR;3680985;693;EXCHANGE
25.04.2025;10:28:05.787;FEXD SI 20271217 CS;SIMPLE_INSTRUMENT;BLOCK;EUR;19;147.10000000;130;PRC_DECOMP_EXCHANGE;;;;XEUR;2848338;693;EXCHANGE
25.04.2025;12:53:25.590;FEXD SI 20301220 CS;SIMPLE_INSTRUMENT;BLOCK;EUR;28;136.50000000;400;EXCHANGE_LAST;;1;1;XEUR;5914108;693;
25.04.2025;13:10:26.737;FEXD SI 20261218 CS;SIMPLE_INSTRUMENT;BLOCK;EUR;30;151.80000000;300;EXCHANGE_LAST;;1;1;XEUR;2163053;693;
25.04.2025;14:24:47.585;FEXD SI 20251219 CS;SIMPLE_INSTRUMENT;BLOCK;EUR;47;164.70000000;270;EXCHANGE_LAST;;1;1;XEUR;1548120;693;
25.04.2025;15:02:32.743;FEXD SI 20251219 CS;SIMPLE_INSTRUMENT;BLOCK;EUR;52;164.80000000;175;EXCHANGE_LAST;;1;1;XEUR;1548120;693;
25.04.2025;15:22:10.717;FEXD SI 20251219 CS;SIMPLE_INSTRUMENT;BLOCK;EUR;53;164.70000000;468;EXCHANGE_LAST;;2;2;XEUR;1548120;693;
25.04.2025;15:13:20.521;FEXD SI 20251219 CS;SIMPLE_INSTRUMENT;BLOCK;EUR;54;164.80000000;500;EXCHANGE_LAST;;1;1;XEUR;1548120;693;
25.04.2025;06:27:18.541;FGBL SI 20250606 PS;SIMPLE_INSTRUMENT;EFS;EUR;1;131.72000000;429;EXCHANGE_LAST;;1;1;XEUR;11820389;688;
25.04.2025;06:27:56.835;FGBL SI 20250606 PS;SIMPLE_INSTRUMENT;EFS;EUR;2;131.71000000;857;EXCHANGE_LAST;;1;1;XEUR;11820389;688;
25.04.2025;06:29:30.030;FGBL SI 20250606 PS;SIMPLE_INSTRUMENT;EFS;EUR;3;131.74000000;857;EXCHANGE_LAST;;1;1;XEUR;11820389;688;
25.04.2025;07:25:24.396;FGBL SI 20250606 PS;SIMPLE_INSTRUMENT;EFS;EUR;4;131.76000000;429;EXCHANGE_LAST;;1;1;XEUR;11820389;688;
25.04.2025;07:28:53.482;FGBL SI 20250606 PS;SIMPLE_INSTRUMENT;EFS;EUR;5;131.75000000;429;EXCHANGE_LAST;;1;1;XEUR;11820389;688;
25.04.2025;07:29:59.607;FGBL SI 20250606 PS;SIMPLE_INSTRUMENT;EFS;EUR;6;131.74000000;171;EXCHANGE_LAST;;1;1;XEUR;11820389;688;
25.04.2025;07:45:42.939;FGBL SI 20250606 PS;SIMPLE_INSTRUMENT;EFS;EUR;7;131.73000000;222;EXCHANGE_LAST;;1;1;XEUR;11820389;688;
25.04.2025;07:45:57.100;FGBL SI 20250606 PS;SIMPLE_INSTRUMENT;EFS;EUR;8;131.73000000;128;EXCHANGE_LAST;;1;1;XEUR;11820389;688;
25.04.2025;07:49:07.390;FGBL SI 20250606 PS;SIMPLE_INSTRUMENT;EFS;EUR;9;131.74000000;429;EXCHANGE_LAST;;1;1;XEUR;11820389;688;
25.04.2025;07:55:55.186;FGBL SI 20250606 PS;SIMPLE_INSTRUMENT;EFP_FIN;EUR;10;131.74000000;84;EXCHANGE_LAST;;1;1;XEUR;11820389;688;
25.04.2025;07:57:24.959;FGBL SI 20250606 PS;SIMPLE_INSTRUMENT;EFS;EUR;11;131.72000000;643;EXCHANGE_LAST;;1;1;XEUR;11820389;688;
25.04.2025;08:02:14.907;FGBL SI 20250606 PS;SIMPLE_INSTRUMENT;EFS;EUR;12;131.71000000;214;EXCHANGE_LAST;;1;1;XEUR;11820389;688;
25.04.2025;08:03:44.135;FGBL SI 20250606 PS;SIMPLE_INSTRUMENT;EFS;EUR;13;131.71000000;214;EXCHANGE_LAST;;1;1;XEUR;11820389;688;
25.04.2025;08:04:46.454;FGBL SI 20250606 PS;SIMPLE_INSTRUMENT;EFS;EUR;14;131.71000000;429;EXCHANGE_LAST;;1;1;XEUR;11820389;688;
25.04.2025;08:07:23.838;FGBL SI 20250606 PS;SIMPLE_INSTRUMENT;EFS;EUR;15;131.71000000;214;EXCHANGE_LAST;;1;1;XEUR;11820389;688;
25.04.2025;08:08:28.898;FGBL SI 20250606 PS;SIMPLE_INSTRUMENT;EFS;EUR;16;131.72000000;429;EXCHANGE_LAST;;1;1;XEUR;11820389;688;
25.04.2025;08:13:42.009;FGBL SI 20250606 PS;SIMPLE_INSTRUMENT;EFS;EUR;17;131.69000000;214;EXCHANGE_LAST;;1;1;XEUR;11820389;688;
25.04.2025;08:21:06.669;FGBL SI 20250606 PS;SIMPLE_INSTRUMENT;EFS;EUR;18;131.74000000;342;EXCHANGE_LAST;;1;1;XEUR;11820389;688;
25.04.2025;08:22:02.275;FGBL SI 20250606 PS;SIMPLE_INSTRUMENT;EFS;EUR;19;131.77000000;214;EXCHANGE_LAST;;1;1;XEUR;11820389;688;
25.04.2025;08:23:00.861;FGBL SI 20250606 PS;SIMPLE_INSTRUMENT;EFS;EUR;20;131.70000000;214;EXCHANGE_LAST;;1;1;XEUR;11820389;688;
25.04.2025;08:23:59.124;FGBL SI 20250606 PS;SIMPLE_INSTRUMENT;EFS;EUR;21;131.70000000;214;EXCHANGE_LAST;;1;1;XEUR;11820389;688;
25.04.2025;08:25:29.114;FGBL SI 20250606 PS;SIMPLE_INSTRUMENT;EFS;EUR;22;131.71000000;429;EXCHANGE_LAST;;1;1;XEUR;11820389;688;
25.04.2025;08:26:11.111;FGBL SI 20250606 PS;SIMPLE_INSTRUMENT;EFS;EUR;23;131.70000000;214;EXCHANGE_LAST;;1;1;XEUR;11820389;688;
25.04.2025;08:36:46.782;FGBL SI 20250606 PS;SIMPLE_INSTRUMENT;EFS;EUR;24;131.73000000;343;EXCHANGE_LAST;;1;1;XEUR;11820389;688;
25.04.2025;08:38:37.310;FGBL SI 20250606 PS;SIMPLE_INSTRUMENT;EFS;EUR;25;131.72000000;97;EXCHANGE_LAST;;1;1;XEUR;11820389;688;
25.04.2025;08:46:29.826;FGBL SI 20250606 PS;SIMPLE_INSTRUMENT;EFS;EUR;26;131.70000000;98;EXCHANGE_LAST;;1;1;XEUR;11820389;688;
25.04.2025;08:47:57.513;FGBL SI 20250606 PS;SIMPLE_INSTRUMENT;EFS;EUR;27;131.65000000;429;EXCHANGE_LAST;;1;1;XEUR;11820389;688;
25.04.2025;08:49:27.581;FGBL SI 20250606 PS;SIMPLE_INSTRUMENT;EFS;EUR;28;131.65000000;215;EXCHANGE_LAST;;1;1;XEUR;11820389;688;
25.04.2025;08:49:53.422;FGBL SI 20250606 PS;SIMPLE_INSTRUMENT;EFP_FIN;EUR;29;131.63000000;798;EXCHANGE_LAST;;1;1;XEUR;11820389;688;
25.04.2025;08:51:43.908;FGBL SI 20250606 PS;SIMPLE_INSTRUMENT;EFS;EUR;30;131.66000000;349;EXCHANGE_LAST;;1;1;XEUR;11820389;688;
25.04.2025;08:52:38.905;FGBL SI 20250606 PS;SIMPLE_INSTRUMENT;EFP_FIN;EUR;31;131.69000000;227;EXCHANGE_LAST;;1;1;XEUR;11820389;688;
25.04.2025;08:54:04.770;FGBL SI 20250606 PS;SIMPLE_INSTRUMENT;EFP_FIN;EUR;32;131.75000000;325;EXCHANGE_LAST;;1;1;XEUR;11820389;688;
25.04.2025;09:14:47.342;FGBL SI 20250606 PS;SIMPLE_INSTRUMENT;EFS;EUR;33;131.63000000;100;EXCHANGE_LAST;;1;1;XEUR;11820389;688;
25.04.2025;09:15:24.126;FGBL SI 20250606 PS;SIMPLE_INSTRUMENT;EFP_FIN;EUR;34;131.61000000;75;EXCHANGE_LAST;;1;1;XEUR;11820389;688;
25.04.2025;09:15:58.523;FGBL SI 20250606 PS;SIMPLE_INSTRUMENT;EFP_FIN;EUR;35;131.61000000;81;EXCHANGE_LAST;;1;1;XEUR;11820389;688;
25.04.2025;09:18:12.010;FGBL SI 20250606 PS;SIMPLE_INSTRUMENT;EFP_FIN;EUR;36;131.59000000;424;EXCHANGE_LAST;;1;1;XEUR;11820389;688;
25.04.2025;09:19:24.015;FGBL SI 20250606 PS;SIMPLE_INSTRUMENT;EFS;EUR;37;131.65000000;486;EXCHANGE_LAST;;1;1;XEUR;11820389;688;
25.04.2025;09:22:06.863;FGBL SI 20250606 PS;SIMPLE_INSTRUMENT;EFP_FIN;EUR;38;131.56000000;1123;EXCHANGE_LAST;;1;1;XEUR;11820389;688;
25.04.2025;09:22:21.025;FGBL SI 20250606 PS;SIMPLE_INSTRUMENT;EFP_FIN;EUR;39;131.65000000;556;EXCHANGE_LAST;;1;1;XEUR;11820389;688;
25.04.2025;09:24:19.869;FGBL SI 20250606 PS;SIMPLE_INSTRUMENT;EFP_FIN;EUR;40;131.58000000;131;EXCHANGE_LAST;;1;1;XEUR;11820389;688;
25.04.2025;09:26:46.082;FGBL SI 20250606 PS;SIMPLE_INSTRUMENT;EFS;EUR;41;131.56000000;858;EXCHANGE_LAST;;1;1;XEUR;11820389;688;
25.04.2025;09:27:31.414;FGBL SI 20250606 PS;SIMPLE_INSTRUMENT;EFS;EUR;42;131.64000000;322;EXCHANGE_LAST;;1;1;XEUR;11820389;688;
25.04.2025;09:29:08.407;FGBL SI 20250606 PS;SIMPLE_INSTRUMENT;EFS;EUR;43;131.57000000;129;EXCHANGE_LAST;;1;1;XEUR;11820389;688;
25.04.2025;09:34:45.354;FGBL SI 20250606 PS;SIMPLE_INSTRUMENT;EFS;EUR;44;131.59000000;243;EXCHANGE_LAST;;1;1;XEUR;11820389;688;
25.04.2025;09:36:23.641;FGBL SI 20250606 PS;SIMPLE_INSTRUMENT;EFS;EUR;45;131.57000000;429;EXCHANGE_LAST;;1;1;XEUR;11820389;688;
25.04.2025;09:38:59.449;FGBL SI 20250606 PS;SIMPLE_INSTRUMENT;EFS;EUR;46;131.57000000;1000;EXCHANGE_LAST;;1;1;XEUR;11820389;688;
25.04.2025;09:49:49.825;FGBL SI 20250606 PS;SIMPLE_INSTRUMENT;EFS;EUR;47;131.69000000;292;EXCHANGE_LAST;;1;1;XEUR;11820389;688;
25.04.2025;09:53:31.449;FGBL SI 20250606 PS;SIMPLE_INSTRUMENT;EFP_FIN;EUR;48;131.60000000;748;EXCHANGE_LAST;;1;1;XEUR;11820389;688;
25.04.2025;09:53:57.299;FGBL SI 20250606 PS;SIMPLE_INSTRUMENT;EFS;EUR;49;131.59000000;227;EXCHANGE_LAST;;1;1;XEUR;11820389;688;
25.04.2025;09:54:08.204;FGBL SI 20250606 PS;SIMPLE_INSTRUMENT;EFS;EUR;50;131.63000000;730;EXCHANGE_LAST;;1;1;XEUR;11820389;688;
25.04.2025;09:54:52.887;FGBL SI 20250606 PS;SIMPLE_INSTRUMENT;EFS;EUR;51;131.60000000;215;EXCHANGE_LAST;;1;1;XEUR;11820389;688;
25.04.2025;09:56:29.366;FGBL SI 20250606 PS;SIMPLE_INSTRUMENT;EFS;EUR;52;131.56000000;429;EXCHANGE_LAST;;1;1;XEUR;11820389;688;
25.04.2025;10:16:14.107;FGBL SI 20250606 PS;SIMPLE_INSTRUMENT;EFP_FIN;EUR;53;131.60000000;305;EXCHANGE_LAST;;1;1;XEUR;11820389;688;
25.04.2025;10:08:42.573;FGBL SI 20250606 PS;SIMPLE_INSTRUMENT;EFS;EUR;54;131.61000000;243;EXCHANGE_LAST;;1;1;XEUR;11820389;688;
25.04.2025;10:11:21.146;FGBL SI 20250606 PS;SIMPLE_INSTRUMENT;EFS;EUR;55;131.58000000;215;EXCHANGE_LAST;;1;1;XEUR;11820389;688;
25.04.2025;10:11:46.170;FGBL SI 20250606 PS;SIMPLE_INSTRUMENT;EFS;EUR;56;131.58000000;215;EXCHANGE_LAST;;1;1;XEUR;11820389;688;
25.04.2025;10:15:31.348;FGBL SI 20250606 PS;SIMPLE_INSTRUMENT;EFS;EUR;57;131.56000000;429;EXCHANGE_LAST;;1;1;XEUR;11820389;688;
25.04.2025;10:19:57.108;FGBL SI 20250606 PS;SIMPLE_INSTRUMENT;EFS;EUR;58;131.57000000;429;EXCHANGE_LAST;;1;1;XEUR;11820389;688;
25.04.2025;10:21:28.561;FGBL SI 20250606 PS;SIMPLE_INSTRUMENT;EFS;EUR;59;131.54000000;215;EXCHANGE_LAST;;1;1;XEUR;11820389;688;
25.04.2025;10:22:06.992;FGBL SI 20250606 PS;SIMPLE_INSTRUMENT;EFS;EUR;60;131.54000000;429;EXCHANGE_LAST;;1;1;XEUR;11820389;688;
25.04.2025;10:24:21.709;FGBL SI 20250606 PS;SIMPLE_INSTRUMENT;EFS;EUR;61;131.55000000;215;EXCHANGE_LAST;;1;1;XEUR;11820389;688;
25.04.2025;10:28:19.748;FGBL SI 20250606 PS;SIMPLE_INSTRUMENT;EFP_FIN;EUR;62;131.55000000;386;EXCHANGE_LAST;;1;1;XEUR;11820389;688;
25.04.2025;10:33:14.630;FGBL SI 20250606 PS;SIMPLE_INSTRUMENT;EFS;EUR;63;131.55000000;429;EXCHANGE_LAST;;1;1;XEUR;11820389;688;
25.04.2025;10:35:41.288;FGBL SI 20250606 PS;SIMPLE_INSTRUMENT;EFS;EUR;64;131.55000000;429;EXCHANGE_LAST;;1;1;XEUR;11820389;688;
25.04.2025;10:37:45.248;FGBL SI 20250606 PS;SIMPLE_INSTRUMENT;EFS;EUR;65;131.58000000;292;EXCHANGE_LAST;;1;1;XEUR;11820389;688;
25.04.2025;10:49:40.141;FGBL SI 20250606 PS;SIMPLE_INSTRUMENT;EFS;EUR;66;131.56000000;389;EXCHANGE_LAST;;1;1;XEUR;11820389;688;
25.04.2025;11:33:27.473;FGBL SI 20250606 PS;SIMPLE_INSTRUMENT;EFS;EUR;67;131.68000000;429;EXCHANGE_LAST;;1;1;XEUR;11820389;688;
25.04.2025;11:35:28.809;FGBL SI 20250606 PS;SIMPLE_INSTRUMENT;EFS;EUR;68;131.65000000;429;EXCHANGE_LAST;;1;1;XEUR;11820389;688;
25.04.2025;11:37:58.989;FGBL SI 20250606 PS;SIMPLE_INSTRUMENT;EFS;EUR;69;131.66000000;214;EXCHANGE_LAST;;1;1;XEUR;11820389;688;
25.04.2025;11:39:12.955;FGBL SI 20250606 PS;SIMPLE_INSTRUMENT;EFS;EUR;70;131.66000000;214;EXCHANGE_LAST;;1;1;XEUR;11820389;688;
25.04.2025;11:41:51.271;FGBL SI 20250606 PS;SIMPLE_INSTRUMENT;EFS;EUR;71;131.65000000;429;EXCHANGE_LAST;;1;1;XEUR;11820389;688;
25.04.2025;11:53:56.041;FGBL SI 20250606 PS;SIMPLE_INSTRUMENT;EFS;EUR;72;131.68000000;292;EXCHANGE_LAST;;1;1;XEUR;11820389;688;
25.04.2025;11:53:59.971;FGBL SI 20250606 PS;SIMPLE_INSTRUMENT;EFS;EUR;73;131.69000000;428;EXCHANGE_LAST;;1;1;XEUR;11820389;688;
25.04.2025;11:58:06.983;FGBL SI 20250606 PS;SIMPLE_INSTRUMENT;EFS;EUR;74;131.66000000;243;EXCHANGE_LAST;;1;1;XEUR;11820389;688;
25.04.2025;12:00:41.463;FGBL SI 20250606 PS;SIMPLE_INSTRUMENT;EFP_FIN;EUR;75;131.70000000;240;EXCHANGE_LAST;;1;1;XEUR;11820389;688;
25.04.2025;12:04:15.869;FGBL SI 20250606 PS;SIMPLE_INSTRUMENT;EFP_FIN;EUR;76;131.70000000;363;EXCHANGE_LAST;;1;1;XEUR;11820389;688;
25.04.2025;12:03:58.077;FGBL SI 20250606 PS;SIMPLE_INSTRUMENT;EFS;EUR;77;131.67000000;243;EXCHANGE_LAST;;1;1;XEUR;11820389;688;
25.04.2025;12:06:35.781;FGBL SI 20250606 PS;SIMPLE_INSTRUMENT;EFP_FIN;EUR;78;131.69000000;374;EXCHANGE_LAST;;1;1;XEUR;11820389;688;
25.04.2025;12:06:50.991;FGBL SI 20250606 PS;SIMPLE_INSTRUMENT;EFP_FIN;EUR;79;131.71000000;726;EXCHANGE_LAST;;1;1;XEUR;11820389;688;
25.04.2025;12:16:04.550;FGBL SI 20250606 PS;SIMPLE_INSTRUMENT;EFP_FIN;EUR;80;131.70000000;218;EXCHANGE_LAST;;1;1;XEUR;11820389;688;
25.04.2025;12:24:01.668;FGBL SI 20250606 PS;SIMPLE_INSTRUMENT;EFP_FIN;EUR;81;131.69000000;464;EXCHANGE_LAST;;1;1;XEUR;11820389;688;
25.04.2025;12:29:51.854;FGBL SI 20250606 PS;SIMPLE_INSTRUMENT;EFP_FIN;EUR;82;131.70000000;218;EXCHANGE_LAST;;1;1;XEUR;11820389;688;
25.04.2025;12:31:35.155;FGBL SI 20250606 PS;SIMPLE_INSTRUMENT;EFS;EUR;83;131.73000000;214;EXCHANGE_LAST;;1;1;XEUR;11820389;688;
25.04.2025;12:32:04.201;FGBL SI 20250606 PS;SIMPLE_INSTRUMENT;EFS;EUR;84;131.73000000;214;EXCHANGE_LAST;;1;1;XEUR;11820389;688;
25.04.2025;12:43:11.879;FGBL SI 20250606 PS;SIMPLE_INSTRUMENT;EFS;EUR;85;131.72000000;243;EXCHANGE_LAST;;1;1;XEUR;11820389;688;
25.04.2025;12:44:02.958;FGBL SI 20250606 PS;SIMPLE_INSTRUMENT;EFS;EUR;86;131.65000000;429;EXCHANGE_LAST;;1;1;XEUR;11820389;688;
25.04.2025;12:44:54.485;FGBL SI 20250606 PS;SIMPLE_INSTRUMENT;EFS;EUR;87;131.65000000;214;EXCHANGE_LAST;;1;1;XEUR;11820389;688;
25.04.2025;12:55:52.939;FGBL SI 20250606 PS;SIMPLE_INSTRUMENT;EFS;EUR;88;131.70000000;429;EXCHANGE_LAST;;1;1;XEUR;11820389;688;
25.04.2025;12:57:20.161;FGBL SI 20250606 PS;SIMPLE_INSTRUMENT;EFP_FIN;EUR;89;131.68000000;748;EXCHANGE_LAST;;1;1;XEUR;11820389;688;
25.04.2025;13:00:54.838;FGBL SI 20250606 PS;SIMPLE_INSTRUMENT;EFP_FIN;EUR;90;131.70000000;1020;EXCHANGE_LAST;;1;1;XEUR;11820389;688;
25.04.2025;13:02:30.341;FGBL SI 20250606 PS;SIMPLE_INSTRUMENT;EFS;EUR;91;131.69000000;215;EXCHANGE_LAST;;1;1;XEUR;11820389;688;
25.04.2025;13:05:05.545;FGBL SI 20250606 PS;SIMPLE_INSTRUMENT;EFS;EUR;92;131.71000000;642;EXCHANGE_LAST;;1;1;XEUR;11820389;688;
25.04.2025;13:13:08.966;FGBL SI 20250606 PS;SIMPLE_INSTRUMENT;EFS;EUR;93;131.71000000;214;EXCHANGE_LAST;;1;1;XEUR;11820389;688;
25.04.2025;13:13:43.734;FGBL SI 20250606 PS;SIMPLE_INSTRUMENT;EFS;EUR;94;131.71000000;214;EXCHANGE_LAST;;1;1;XEUR;11820389;688;
25.04.2025;13:17:25.951;FGBL SI 20250606 PS;SIMPLE_INSTRUMENT;EFS;EUR;95;131.71000000;300;EXCHANGE_LAST;;1;1;XEUR;11820389;688;
25.04.2025;13:18:07.523;FGBL SI 20250606 PS;SIMPLE_INSTRUMENT;EFS;EUR;96;131.71000000;214;EXCHANGE_LAST;;1;1;XEUR;11820389;688;
25.04.2025;13:25:09.417;FGBL SI 20250606 PS;SIMPLE_INSTRUMENT;EFS;EUR;97;131.66000000;429;EXCHANGE_LAST;;1;1;XEUR;11820389;688;
25.04.2025;13:28:49.801;FGBL SI 20250606 PS;SIMPLE_INSTRUMENT;EFP_FIN;EUR;98;131.68000000;218;EXCHANGE_LAST;;1;1;XEUR;11820389;688;
25.04.2025;13:30:57.048;FGBL SI 20250606 PS;SIMPLE_INSTRUMENT;EFP_FIN;EUR;99;131.66000000;210;EXCHANGE_LAST;;1;1;XEUR;11820389;688;
25.04.2025;13:33:49.271;FGBL SI 20250606 PS;SIMPLE_INSTRUMENT;EFS;EUR;100;131.68000000;1240;EXCHANGE_LAST;;1;1;XEUR;11820389;688;
25.04.2025;13:47:56.616;FGBL SI 20250606 PS;SIMPLE_INSTRUMENT;EFS;EUR;101;131.65000000;429;EXCHANGE_LAST;;1;1;XEUR;11820389;688;
25.04.2025;13:55:44.326;FGBL SI 20250606 PS;SIMPLE_INSTRUMENT;EFP_FIN;EUR;102;131.65000000;725;EXCHANGE_LAST;;1;1;XEUR;11820389;688;
25.04.2025;13:56:26.485;FGBL SI 20250606 PS;SIMPLE_INSTRUMENT;EFS;EUR;103;131.67000000;600;EXCHANGE_LAST;;1;1;XEUR;11820389;688;
25.04.2025;13:57:28.935;FGBL SI 20250606 PS;SIMPLE_INSTRUMENT;EFS;EUR;104;131.67000000;600;EXCHANGE_LAST;;1;1;XEUR;11820389;688;
25.04.2025;13:58:23.264;FGBL SI 20250606 PS;SIMPLE_INSTRUMENT;EFS;EUR;105;131.67000000;429;EXCHANGE_LAST;;1;1;XEUR;11820389;688;
25.04.2025;14:05:59.486;FGBL SI 20250606 PS;SIMPLE_INSTRUMENT;EFS;EUR;106;131.65000000;214;EXCHANGE_LAST;;1;1;XEUR;11820389;688;
25.04.2025;14:09:03.291;FGBL SI 20250606 PS;SIMPLE_INSTRUMENT;EFP_FIN;EUR;107;131.66000000;135;EXCHANGE_LAST;;1;1;XEUR;11820389;688;
25.04.2025;14:13:29.133;FGBL SI 20250606 PS;SIMPLE_INSTRUMENT;EFP_FIN;EUR;108;131.66000000;659;EXCHANGE_LAST;;1;1;XEUR;11820389;688;
25.04.2025;14:18:48.281;FGBL SI 20250606 PS;SIMPLE_INSTRUMENT;EFS;EUR;109;131.60000000;215;EXCHANGE_LAST;;1;1;XEUR;11820389;688;
25.04.2025;14:14:28.681;FGBL SI 20250606 PS;SIMPLE_INSTRUMENT;EFS;EUR;110;131.60000000;429;EXCHANGE_LAST;;1;1;XEUR;11820389;688;
25.04.2025;14:14:47.275;FGBL SI 20250606 PS;SIMPLE_INSTRUMENT;EFS;EUR;111;131.60000000;195;EXCHANGE_LAST;;1;1;XEUR;11820389;688;
25.04.2025;14:15:18.733;FGBL SI 20250606 PS;SIMPLE_INSTRUMENT;EFS;EUR;112;131.62000000;429;EXCHANGE_LAST;;1;1;XEUR;11820389;688;
25.04.2025;14:16:58.817;FGBL SI 20250606 PS;SIMPLE_INSTRUMENT;EFS;EUR;113;131.63000000;129;EXCHANGE_LAST;;1;1;XEUR;11820389;688;
25.04.2025;14:17:31.223;FGBL SI 20250606 PS;SIMPLE_INSTRUMENT;EFS;EUR;114;131.66000000;324;EXCHANGE_LAST;;1;1;XEUR;11820389;688;
25.04.2025;14:18:53.893;FGBL SI 20250606 PS;SIMPLE_INSTRUMENT;EFS;EUR;115;131.64000000;429;EXCHANGE_LAST;;1;1;XEUR;11820389;688;
25.04.2025;14:19:08.906;FGBL SI 20250606 PS;SIMPLE_INSTRUMENT;EFS;EUR;116;131.66000000;429;EXCHANGE_LAST;;1;1;XEUR;11820389;688;
25.04.2025;14:19:38.936;FGBL SI 20250606 PS;SIMPLE_INSTRUMENT;EFS;EUR;117;131.64000000;429;EXCHANGE_LAST;;1;1;XEUR;11820389;688;
25.04.2025;14:19:53.950;FGBL SI 20250606 PS;SIMPLE_INSTRUMENT;EFS;EUR;118;131.67000000;429;EXCHANGE_LAST;;1;1;XEUR;11820389;688;
25.04.2025;14:19:58.957;FGBL SI 20250606 PS;SIMPLE_INSTRUMENT;EFS;EUR;119;131.64000000;429;EXCHANGE_LAST;;1;1;XEUR;11820389;688;
25.04.2025;14:24:25.959;FGBL SI 20250606 PS;SIMPLE_INSTRUMENT;EFS;EUR;120;131.67000000;243;EXCHANGE_LAST;;1;1;XEUR;11820389;688;
25.04.2025;14:24:56.226;FGBL SI 20250606 PS;SIMPLE_INSTRUMENT;EFP_FIN;EUR;121;131.67000000;247;EXCHANGE_LAST;;1;1;XEUR;11820389;688;
25.04.2025;14:25:14.189;FGBL SI 20250606 PS;SIMPLE_INSTRUMENT;EFS;EUR;122;131.67000000;429;EXCHANGE_LAST;;1;1;XEUR;11820389;688;
25.04.2025;14:28:39.019;FGBL SI 20250606 PS;SIMPLE_INSTRUMENT;EFP_FIN;EUR;123;131.70000000;225;EXCHANGE_LAST;;1;1;XEUR;11820389;688;
25.04.2025;14:28:23.778;FGBL SI 20250606 PS;SIMPLE_INSTRUMENT;EFS;EUR;124;131.60000000;243;EXCHANGE_LAST;;1;1;XEUR;11820389;688;
25.04.2025;14:31:16.767;FGBL SI 20250606 PS;SIMPLE_INSTRUMENT;EFP_FIN;EUR;125;131.72000000;680;EXCHANGE_LAST;;1;1;XEUR;11820389;688;
25.04.2025;14:31:38.001;FGBL SI 20250606 PS;SIMPLE_INSTRUMENT;EFS;EUR;126;131.67000000;243;EXCHANGE_LAST;;1;1;XEUR;11820389;688;
25.04.2025;14:36:24.492;FGBL SI 20250606 PS;SIMPLE_INSTRUMENT;EFS;EUR;127;131.66000000;214;EXCHANGE_LAST;;1;1;XEUR;11820389;688;
25.04.2025;14:37:13.377;FGBL SI 20250606 PS;SIMPLE_INSTRUMENT;EFS;EUR;128;131.67000000;215;EXCHANGE_LAST;;1;1;XEUR;11820389;688;
25.04.2025;14:39:20.395;FGBL SI 20250606 PS;SIMPLE_INSTRUMENT;EFS;EUR;129;131.65000000;429;EXCHANGE_LAST;;1;1;XEUR;11820389;688;
25.04.2025;14:57:05.155;FGBL SI 20250606 PS;SIMPLE_INSTRUMENT;EFS;EUR;130;131.64000000;429;EXCHANGE_LAST;;1;1;XEUR;11820389;688;
25.04.2025;14:57:41.514;FGBL SI 20250606 PS;SIMPLE_INSTRUMENT;EFS;EUR;131;131.64000000;429;EXCHANGE_LAST;;1;1;XEUR;11820389;688;
25.04.2025;14:59:37.161;FGBL SI 20250606 PS;SIMPLE_INSTRUMENT;EFS;EUR;132;131.64000000;214;EXCHANGE_LAST;;1;1;XEUR;11820389;688;
25.04.2025;15:02:43.273;FGBL SI 20250606 PS;SIMPLE_INSTRUMENT;EFS;EUR;133;131.63000000;673;EXCHANGE_LAST;;1;1;XEUR;11820389;688;
25.04.2025;15:04:28.173;FGBL SI 20250606 PS;SIMPLE_INSTRUMENT;EFP_FIN;EUR;134;131.71000000;249;EXCHANGE_LAST;;1;1;XEUR;11820389;688;
25.04.2025;15:15:45.226;FGBL SI 20250606 PS;SIMPLE_INSTRUMENT;EFS;EUR;135;131.57000000;215;EXCHANGE_LAST;;1;1;XEUR;11820389;688;
25.04.2025;15:15:50.233;FGBL SI 20250606 PS;SIMPLE_INSTRUMENT;EFS;EUR;136;131.57000000;215;EXCHANGE_LAST;;1;1;XEUR;11820389;688;
25.04.2025;15:17:10.305;FGBL SI 20250606 PS;SIMPLE_INSTRUMENT;EFS;EUR;137;131.57000000;215;EXCHANGE_LAST;;1;1;XEUR;11820389;688;
25.04.2025;15:32:35.249;FGBL SI 20250606 PS;SIMPLE_INSTRUMENT;EFP_FIN;EUR;138;131.57000000;77;EXCHANGE_LAST;;1;1;XEUR;11820389;688;
25.04.2025;15:26:36.212;FGBL SI 20250606 PS;SIMPLE_INSTRUMENT;EFS;EUR;139;131.56000000;1290;EXCHANGE_LAST;;1;1;XEUR;11820389;688;
25.04.2025;15:26:55.730;FGBL SI 20250606 PS;SIMPLE_INSTRUMENT;EFS;EUR;140;131.58000000;215;EXCHANGE_LAST;;1;1;XEUR;11820389;688;
25.04.2025;15:27:00.737;FGBL SI 20250606 PS;SIMPLE_INSTRUMENT;EFS;EUR;141;131.58000000;215;EXCHANGE_LAST;;1;1;XEUR;11820389;688;
25.04.2025;15:42:33.821;FGBL SI 20250606 PS;SIMPLE_INSTRUMENT;EFP_FIN;EUR;142;131.57000000;920;EXCHANGE_LAST;;1;1;XEUR;11820389;688;
25.04.2025;15:31:44.898;FGBL SI 20250606 PS;SIMPLE_INSTRUMENT;EFS;EUR;143;131.57000000;146;EXCHANGE_LAST;;1;1;XEUR;11820389;688;
25.04.2025;15:39:47.489;FGBL SI 20250606 PS;SIMPLE_INSTRUMENT;EFS;EUR;145;131.61000000;1700;EXCHANGE_LAST;;1;1;XEUR;11820389;688;
25.04.2025;15:54:29.946;FGBL SI 20250606 PS;SIMPLE_INSTRUMENT;EFS;EUR;146;131.57000000;436;EXCHANGE_LAST;;1;1;XEUR;11820389;688;
25.04.2025;15:58:51.491;FGBL SI 20250606 PS;SIMPLE_INSTRUMENT;EFS;EUR;147;131.61000000;215;EXCHANGE_LAST;;1;1;XEUR;11820389;688;
25.04.2025;16:02:49.605;FGBL SI 20250606 PS;SIMPLE_INSTRUMENT;EFS;EUR;148;131.62000000;214;EXCHANGE_LAST;;1;1;XEUR;11820389;688;
25.04.2025;16:08:08.923;FGBL SI 20250606 PS;SIMPLE_INSTRUMENT;EFS;EUR;149;131.62000000;486;EXCHANGE_LAST;;1;1;XEUR;11820389;688;
25.04.2025;16:10:33.751;FGBL SI 20250606 PS;SIMPLE_INSTRUMENT;EFS;EUR;150;131.62000000;385;EXCHANGE_LAST;;1;1;XEUR;11820389;688;
25.04.2025;08:33:42.314;FGBL SI 20250606 PS;SIMPLE_INSTRUMENT;VOLA;EUR;268435465;131.73000000;24;EXCHANGE_LAST;;1;1;XEUR;11820389;688;
25.04.2025;08:36:38.297;FGBL SI 20250606 PS;SIMPLE_INSTRUMENT;VOLA;EUR;268435466;131.66000000;712;EXCHANGE_LAST;;1;1;XEUR;11820389;688;
25.04.2025;08:36:47.298;FGBL SI 20250606 PS;SIMPLE_INSTRUMENT;VOLA;EUR;268435467;131.66000000;488;EXCHANGE_LAST;;1;1;XEUR;11820389;688;
25.04.2025;10:26:24.497;FGBL SI 20250606 PS;SIMPLE_INSTRUMENT;VOLA;EUR;268435489;131.63000000;50;EXCHANGE_LAST;;1;1;XEUR;11820389;688;
25.04.2025;11:26:06.870;FGBL SI 20250606 PS;SIMPLE_INSTRUMENT;VOLA;EUR;268435503;131.68000000;45;EXCHANGE_LAST;;1;1;XEUR;11820389;688;
25.04.2025;11:47:01.558;FGBL SI 20250606 PS;SIMPLE_INSTRUMENT;VOLA;EUR;268435508;131.72000000;60;EXCHANGE_LAST;;1;1;XEUR;11820389;688;
25.04.2025;14:29:43.068;FGBL SI 20250606 PS;SIMPLE_INSTRUMENT;VOLA;EUR;268435526;131.62000000;75;EXCHANGE_LAST;;1;1;XEUR;11820389;688;
25.04.2025;14:47:12.737;FGBL SI 20250606 PS;SIMPLE_INSTRUMENT;VOLA;EUR;268435533;131.64000000;39;EXCHANGE_LAST;;1;1;XEUR;11820389;688;
25.04.2025;06:25:17.125;FGBM SI 20250606 PS;SIMPLE_INSTRUMENT;EFS;EUR;1;119.55000000;801;EXCHANGE_LAST;;1;1;XEUR;11820390;689;
25.04.2025;06:26:00.290;FGBM SI 20250606 PS;SIMPLE_INSTRUMENT;EFS;EUR;2;119.54000000;1602;EXCHANGE_LAST;;1;1;XEUR;11820390;689;
25.04.2025;06:28:51.488;FGBM SI 20250606 PS;SIMPLE_INSTRUMENT;EFS;EUR;3;119.56000000;1601;EXCHANGE_LAST;;1;1;XEUR;11820390;689;
25.04.2025;06:57:39.339;FGBM SI 20250606 PS;SIMPLE_INSTRUMENT;EFS;EUR;4;119.49000000;425;EXCHANGE_LAST;;1;1;XEUR;11820390;689;
25.04.2025;06:56:42.034;FGBM SI 20250606 PS;SIMPLE_INSTRUMENT;EFS;EUR;5;119.49000000;425;EXCHANGE_LAST;;1;1;XEUR;11820390;689;
25.04.2025;06:57:57.449;FGBM SI 20250606 PS;SIMPLE_INSTRUMENT;EFS;EUR;6;119.49000000;425;EXCHANGE_LAST;;1;1;XEUR;11820390;689;
25.04.2025;06:58:32.967;FGBM SI 20250606 PS;SIMPLE_INSTRUMENT;EFS;EUR;7;119.49000000;425;EXCHANGE_LAST;;1;1;XEUR;11820390;689;
25.04.2025;06:59:44.706;FGBM SI 20250606 PS;SIMPLE_INSTRUMENT;EFS;EUR;8;119.47000000;425;EXCHANGE_LAST;;1;1;XEUR;11820390;689;
25.04.2025;07:00:26.678;FGBM SI 20250606 PS;SIMPLE_INSTRUMENT;EFS;EUR;9;119.47000000;425;EXCHANGE_LAST;;1;1;XEUR;11820390;689;
25.04.2025;07:21:29.237;FGBM SI 20250606 PS;SIMPLE_INSTRUMENT;EFS;EUR;10;119.54000000;799;EXCHANGE_LAST;;1;1;XEUR;11820390;689;
25.04.2025;07:23:02.008;FGBM SI 20250606 PS;SIMPLE_INSTRUMENT;EFP_FIN;EUR;11;119.50000000;396;EXCHANGE_LAST;;1;1;XEUR;11820390;689;
25.04.2025;07:24:42.105;FGBM SI 20250606 PS;SIMPLE_INSTRUMENT;EFS;EUR;12;119.58000000;801;EXCHANGE_LAST;;1;1;XEUR;11820390;689;
25.04.2025;07:29:54.204;FGBM SI 20250606 PS;SIMPLE_INSTRUMENT;EFS;EUR;13;119.56000000;4587;EXCHANGE_LAST;;1;1;XEUR;11820390;689;
25.04.2025;07:55:53.775;FGBM SI 20250606 PS;SIMPLE_INSTRUMENT;EFS;EUR;14;119.55000000;1201;EXCHANGE_LAST;;1;1;XEUR;11820390;689;
25.04.2025;08:00:04.161;FGBM SI 20250606 PS;SIMPLE_INSTRUMENT;EFS;EUR;15;119.56000000;400;EXCHANGE_LAST;;1;1;XEUR;11820390;689;
25.04.2025;08:00:41.445;FGBM SI 20250606 PS;SIMPLE_INSTRUMENT;EFS;EUR;16;119.56000000;400;EXCHANGE_LAST;;1;1;XEUR;11820390;689;
25.04.2025;08:00:58.491;FGBM SI 20250606 PS;SIMPLE_INSTRUMENT;EFS;EUR;17;119.56000000;850;EXCHANGE_LAST;;1;1;XEUR;11820390;689;
25.04.2025;08:13:43.778;FGBM SI 20250606 PS;SIMPLE_INSTRUMENT;EFS;EUR;18;119.55000000;4587;EXCHANGE_LAST;;1;1;XEUR;11820390;689;
25.04.2025;08:23:04.260;FGBM SI 20250606 PS;SIMPLE_INSTRUMENT;EFS;EUR;19;119.56000000;367;EXCHANGE_LAST;;1;1;XEUR;11820390;689;
25.04.2025;08:34:48.219;FGBM SI 20250606 PS;SIMPLE_INSTRUMENT;EFS;EUR;20;119.57000000;1834;EXCHANGE_LAST;;1;1;XEUR;11820390;689;
25.04.2025;08:37:41.846;FGBM SI 20250606 PS;SIMPLE_INSTRUMENT;EFS;EUR;21;119.56000000;809;EXCHANGE_LAST;;1;1;XEUR;11820390;689;
25.04.2025;08:50:49.758;FGBM SI 20250606 PS;SIMPLE_INSTRUMENT;EFP_FIN;EUR;22;119.57000000;608;EXCHANGE_LAST;;1;1;XEUR;11820390;689;
25.04.2025;08:56:59.780;FGBM SI 20250606 PS;SIMPLE_INSTRUMENT;EFP_FIN;EUR;23;119.56000000;996;EXCHANGE_LAST;;1;1;XEUR;11820390;689;
25.04.2025;08:57:02.574;FGBM SI 20250606 PS;SIMPLE_INSTRUMENT;EFP_FIN;EUR;24;119.56000000;142;EXCHANGE_LAST;;1;1;XEUR;11820390;689;
25.04.2025;08:59:12.056;FGBM SI 20250606 PS;SIMPLE_INSTRUMENT;EFS;EUR;25;119.54000000;826;EXCHANGE_LAST;;1;1;XEUR;11820390;689;
25.04.2025;08:59:42.941;FGBM SI 20250606 PS;SIMPLE_INSTRUMENT;EFS;EUR;26;119.54000000;459;EXCHANGE_LAST;;1;1;XEUR;11820390;689;
25.04.2025;09:00:23.702;FGBM SI 20250606 PS;SIMPLE_INSTRUMENT;EFP_FIN;EUR;27;119.55000000;1225;EXCHANGE_LAST;;1;1;XEUR;11820390;689;
25.04.2025;09:26:36.079;FGBM SI 20250606 PS;SIMPLE_INSTRUMENT;EFS;EUR;28;119.50000000;607;EXCHANGE_LAST;;1;1;XEUR;11820390;689;
25.04.2025;09:32:21.364;FGBM SI 20250606 PS;SIMPLE_INSTRUMENT;EFS;EUR;29;119.48000000;3672;EXCHANGE_LAST;;1;1;XEUR;11820390;689;
25.04.2025;09:47:39.152;FGBM SI 20250606 PS;SIMPLE_INSTRUMENT;EFS;EUR;30;119.49000000;851;EXCHANGE_LAST;;1;1;XEUR;11820390;689;
25.04.2025;09:49:12.044;FGBM SI 20250606 PS;SIMPLE_INSTRUMENT;EFS;EUR;31;119.48000000;850;EXCHANGE_LAST;;1;1;XEUR;11820390;689;
25.04.2025;09:49:38.777;FGBM SI 20250606 PS;SIMPLE_INSTRUMENT;EFS;EUR;32;119.48000000;850;EXCHANGE_LAST;;1;1;XEUR;11820390;689;
25.04.2025;09:51:50.433;FGBM SI 20250606 PS;SIMPLE_INSTRUMENT;EFS;EUR;33;119.48000000;850;EXCHANGE_LAST;;1;1;XEUR;11820390;689;
25.04.2025;09:53:01.348;FGBM SI 20250606 PS;SIMPLE_INSTRUMENT;EFS;EUR;34;119.49000000;425;EXCHANGE_LAST;;1;1;XEUR;11820390;689;
25.04.2025;09:53:46.119;FGBM SI 20250606 PS;SIMPLE_INSTRUMENT;EFS;EUR;35;119.48000000;404;EXCHANGE_LAST;;1;1;XEUR;11820390;689;
25.04.2025;10:17:27.429;FGBM SI 20250606 PS;SIMPLE_INSTRUMENT;EFS;EUR;36;119.42000000;425;EXCHANGE_LAST;;1;1;XEUR;11820390;689;
25.04.2025;10:18:48.768;FGBM SI 20250606 PS;SIMPLE_INSTRUMENT;EFP_FIN;EUR;37;119.48000000;163;EXCHANGE_LAST;;1;1;XEUR;11820390;689;
25.04.2025;10:18:25.664;FGBM SI 20250606 PS;SIMPLE_INSTRUMENT;EFS;EUR;38;119.46000000;801;EXCHANGE_LAST;;1;1;XEUR;11820390;689;
25.04.2025;10:19:39.907;FGBM SI 20250606 PS;SIMPLE_INSTRUMENT;EFP_FIN;EUR;39;119.50000000;204;EXCHANGE_LAST;;1;1;XEUR;11820390;689;
25.04.2025;10:22:53.388;FGBM SI 20250606 PS;SIMPLE_INSTRUMENT;EFP_FIN;EUR;40;119.49000000;297;EXCHANGE_LAST;;1;1;XEUR;11820390;689;
25.04.2025;10:46:45.275;FGBM SI 20250606 PS;SIMPLE_INSTRUMENT;EFS;EUR;41;119.46000000;459;EXCHANGE_LAST;;1;1;XEUR;11820390;689;
25.04.2025;10:53:19.098;FGBM SI 20250606 PS;SIMPLE_INSTRUMENT;EFS;EUR;42;119.53000000;850;EXCHANGE_LAST;;1;1;XEUR;11820390;689;
25.04.2025;10:53:44.123;FGBM SI 20250606 PS;SIMPLE_INSTRUMENT;EFS;EUR;43;119.53000000;425;EXCHANGE_LAST;;1;1;XEUR;11820390;689;
25.04.2025;10:54:30.160;FGBM SI 20250606 PS;SIMPLE_INSTRUMENT;EFS;EUR;44;119.53000000;850;EXCHANGE_LAST;;1;1;XEUR;11820390;689;
25.04.2025;10:55:34.104;FGBM SI 20250606 PS;SIMPLE_INSTRUMENT;EFS;EUR;45;119.53000000;1835;EXCHANGE_LAST;;1;1;XEUR;11820390;689;
25.04.2025;12:08:46.448;FGBM SI 20250606 PS;SIMPLE_INSTRUMENT;EFS;EUR;46;119.54000000;918;EXCHANGE_LAST;;1;1;XEUR;11820390;689;
25.04.2025;12:23:39.091;FGBM SI 20250606 PS;SIMPLE_INSTRUMENT;EFP_FIN;EUR;47;119.54000000;572;EXCHANGE_LAST;;1;1;XEUR;11820390;689;
25.04.2025;12:33:57.723;FGBM SI 20250606 PS;SIMPLE_INSTRUMENT;EFS;EUR;48;119.55000000;1699;EXCHANGE_LAST;;1;1;XEUR;11820390;689;
25.04.2025;12:34:33.481;FGBM SI 20250606 PS;SIMPLE_INSTRUMENT;EFP_FIN;EUR;49;119.55000000;316;EXCHANGE_LAST;;1;1;XEUR;11820390;689;
25.04.2025;12:41:29.633;FGBM SI 20250606 PS;SIMPLE_INSTRUMENT;EFS;EUR;50;119.52000000;849;EXCHANGE_LAST;;1;1;XEUR;11820390;689;
25.04.2025;12:41:52.114;FGBM SI 20250606 PS;SIMPLE_INSTRUMENT;EFP_FIN;EUR;51;119.55000000;791;EXCHANGE_LAST;;1;1;XEUR;11820390;689;
25.04.2025;12:42:58.006;FGBM SI 20250606 PS;SIMPLE_INSTRUMENT;EFS;EUR;52;119.51000000;849;EXCHANGE_LAST;;1;1;XEUR;11820390;689;
25.04.2025;12:54:31.333;FGBM SI 20250606 PS;SIMPLE_INSTRUMENT;EFS;EUR;53;119.54000000;801;EXCHANGE_LAST;;1;1;XEUR;11820390;689;
25.04.2025;12:56:35.285;FGBM SI 20250606 PS;SIMPLE_INSTRUMENT;EFS;EUR;54;119.52000000;1376;EXCHANGE_LAST;;1;1;XEUR;11820390;689;
25.04.2025;13:03:13.744;FGBM SI 20250606 PS;SIMPLE_INSTRUMENT;EFS;EUR;55;119.54000000;849;EXCHANGE_LAST;;1;1;XEUR;11820390;689;
25.04.2025;13:04:29.194;FGBM SI 20250606 PS;SIMPLE_INSTRUMENT;EFP_FIN;EUR;56;119.52000000;140;EXCHANGE_LAST;;1;1;XEUR;11820390;689;
25.04.2025;13:16:40.280;FGBM SI 20250606 PS;SIMPLE_INSTRUMENT;EFS;EUR;57;119.54000000;425;EXCHANGE_LAST;;1;1;XEUR;11820390;689;
25.04.2025;13:25:16.491;FGBM SI 20250606 PS;SIMPLE_INSTRUMENT;EFS;EUR;58;119.50000000;850;EXCHANGE_LAST;;1;1;XEUR;11820390;689;
25.04.2025;13:25:42.601;FGBM SI 20250606 PS;SIMPLE_INSTRUMENT;EFS;EUR;59;119.50000000;2130;EXCHANGE_LAST;;1;1;XEUR;11820390;689;
25.04.2025;13:38:10.094;FGBM SI 20250606 PS;SIMPLE_INSTRUMENT;EFS;EUR;60;119.49000000;851;EXCHANGE_LAST;;1;1;XEUR;11820390;689;
25.04.2025;13:40:15.221;FGBM SI 20250606 PS;SIMPLE_INSTRUMENT;EFS;EUR;61;119.49000000;405;EXCHANGE_LAST;;1;1;XEUR;11820390;689;
25.04.2025;14:00:53.358;FGBM SI 20250606 PS;SIMPLE_INSTRUMENT;EFS;EUR;62;119.50000000;917;EXCHANGE_LAST;;1;1;XEUR;11820390;689;
25.04.2025;14:05:58.538;FGBM SI 20250606 PS;SIMPLE_INSTRUMENT;EFP_FIN;EUR;63;119.52000000;375;EXCHANGE_LAST;;1;1;XEUR;11820390;689;
25.04.2025;14:11:02.486;FGBM SI 20250606 PS;SIMPLE_INSTRUMENT;EFP_FIN;EUR;64;119.50000000;198;EXCHANGE_LAST;;1;1;XEUR;11820390;689;
25.04.2025;14:08:47.777;FGBM SI 20250606 PS;SIMPLE_INSTRUMENT;EFP_FIN;EUR;65;119.50000000;96;EXCHANGE_LAST;;1;1;XEUR;11820390;689;
25.04.2025;14:11:20.487;FGBM SI 20250606 PS;SIMPLE_INSTRUMENT;EFP_FIN;EUR;66;119.50000000;204;EXCHANGE_LAST;;1;1;XEUR;11820390;689;
25.04.2025;14:11:10.449;FGBM SI 20250606 PS;SIMPLE_INSTRUMENT;EFP_FIN;EUR;67;119.50000000;612;EXCHANGE_LAST;;1;1;XEUR;11820390;689;
25.04.2025;14:14:38.691;FGBM SI 20250606 PS;SIMPLE_INSTRUMENT;EFS;EUR;68;119.49000000;851;EXCHANGE_LAST;;1;1;XEUR;11820390;689;
25.04.2025;14:14:43.694;FGBM SI 20250606 PS;SIMPLE_INSTRUMENT;EFS;EUR;69;119.48000000;851;EXCHANGE_LAST;;1;1;XEUR;11820390;689;
25.04.2025;14:28:27.544;FGBM SI 20250606 PS;SIMPLE_INSTRUMENT;EFP_FIN;EUR;70;119.52000000;471;EXCHANGE_LAST;;1;1;XEUR;11820390;689;
25.04.2025;14:19:23.920;FGBM SI 20250606 PS;SIMPLE_INSTRUMENT;EFS;EUR;72;119.50000000;425;EXCHANGE_LAST;;1;1;XEUR;11820390;689;
25.04.2025;14:19:28.926;FGBM SI 20250606 PS;SIMPLE_INSTRUMENT;EFS;EUR;73;119.50000000;425;EXCHANGE_LAST;;1;1;XEUR;11820390;689;
25.04.2025;14:20:51.756;FGBM SI 20250606 PS;SIMPLE_INSTRUMENT;EFS;EUR;75;119.50000000;918;EXCHANGE_LAST;;1;1;XEUR;11820390;689;
25.04.2025;14:20:47.154;FGBM SI 20250606 PS;SIMPLE_INSTRUMENT;EFS;EUR;76;119.49000000;637;EXCHANGE_LAST;;1;1;XEUR;11820390;689;
25.04.2025;14:21:39.094;FGBM SI 20250606 PS;SIMPLE_INSTRUMENT;EFS;EUR;77;119.49000000;1062;EXCHANGE_LAST;;1;1;XEUR;11820390;689;
25.04.2025;14:22:48.088;FGBM SI 20250606 PS;SIMPLE_INSTRUMENT;EFP_FIN;EUR;78;119.49000000;384;EXCHANGE_LAST;;1;1;XEUR;11820390;689;
25.04.2025;14:29:53.633;FGBM SI 20250606 PS;SIMPLE_INSTRUMENT;EFP_FIN;EUR;79;119.52000000;160;EXCHANGE_LAST;;1;1;XEUR;11820390;689;
25.04.2025;14:55:04.339;FGBM SI 20250606 PS;SIMPLE_INSTRUMENT;EFS;EUR;80;119.50000000;273;EXCHANGE_LAST;;1;1;XEUR;11820390;689;
25.04.2025;14:55:27.956;FGBM SI 20250606 PS;SIMPLE_INSTRUMENT;EFS;EUR;81;119.51000000;801;EXCHANGE_LAST;;1;1;XEUR;11820390;689;
25.04.2025;14:56:03.280;FGBM SI 20250606 PS;SIMPLE_INSTRUMENT;EFS;EUR;82;119.51000000;801;EXCHANGE_LAST;;1;1;XEUR;11820390;689;
25.04.2025;14:59:38.553;FGBM SI 20250606 PS;SIMPLE_INSTRUMENT;EFP_FIN;EUR;83;119.52000000;2735;EXCHANGE_LAST;;1;1;XEUR;11820390;689;
25.04.2025;15:01:29.300;FGBM SI 20250606 PS;SIMPLE_INSTRUMENT;EFS;EUR;84;119.51000000;1256;EXCHANGE_LAST;;1;1;XEUR;11820390;689;
25.04.2025;15:01:46.055;FGBM SI 20250606 PS;SIMPLE_INSTRUMENT;EFP_FIN;EUR;85;119.51000000;128;EXCHANGE_LAST;;1;1;XEUR;11820390;689;
25.04.2025;15:24:01.039;FGBM SI 20250606 PS;SIMPLE_INSTRUMENT;EFP_FIN;EUR;86;119.47000000;172;EXCHANGE_LAST;;1;1;XEUR;11820390;689;
25.04.2025;15:38:38.150;FGBM SI 20250606 PS;SIMPLE_INSTRUMENT;EFS;EUR;87;119.49000000;9000;EXCHANGE_LAST;;1;1;XEUR;11820390;689;
25.04.2025;15:45:51.292;FGBM SI 20250606 PS;SIMPLE_INSTRUMENT;EFP_FIN;EUR;88;119.49000000;132;EXCHANGE_LAST;;1;1;XEUR;11820390;689;
25.04.2025;15:47:55.946;FGBM SI 20250606 PS;SIMPLE_INSTRUMENT;EFS;EUR;89;119.49000000;275;EXCHANGE_LAST;;1;1;XEUR;11820390;689;
25.04.2025;15:55:37.382;FGBM SI 20250606 PS;SIMPLE_INSTRUMENT;EFS;EUR;90;119.49000000;918;EXCHANGE_LAST;;1;1;XEUR;11820390;689;
25.04.2025;15:59:14.116;FGBM SI 20250606 PS;SIMPLE_INSTRUMENT;EFS;EUR;91;119.50000000;850;EXCHANGE_LAST;;1;1;XEUR;11820390;689;
25.04.2025;16:07:17.410;FGBM SI 20250606 PS;SIMPLE_INSTRUMENT;EFS;EUR;92;119.51000000;918;EXCHANGE_LAST;;1;1;XEUR;11820390;689;
25.04.2025;16:10:41.463;FGBM SI 20250606 PS;SIMPLE_INSTRUMENT;EFS;EUR;93;119.53000000;849;EXCHANGE_LAST;;1;1;XEUR;11820390;689;
25.04.2025;07:30:15.870;FGBS SI 20250606 PS;SIMPLE_INSTRUMENT;EFS;EUR;1;107.52000000;1434;EXCHANGE_LAST;;1;1;XEUR;11820391;690;
25.04.2025;07:38:14.050;FGBS SI 20250606 PS;SIMPLE_INSTRUMENT;EFS;EUR;2;107.55000000;2173;EXCHANGE_LAST;;1;1;XEUR;11820391;690;
25.04.2025;07:40:47.306;FGBS SI 20250606 PS;SIMPLE_INSTRUMENT;EFS;EUR;3;107.55000000;770;EXCHANGE_LAST;;1;1;XEUR;11820391;690;
25.04.2025;07:50:05.423;FGBS SI 20250606 PS;SIMPLE_INSTRUMENT;EFP_FIN;EUR;4;107.55000000;339;EXCHANGE_LAST;;1;1;XEUR;11820391;690;
25.04.2025;08:05:15.470;FGBS SI 20250606 PS;SIMPLE_INSTRUMENT;EFP_FIN;EUR;5;107.55500000;938;EXCHANGE_LAST;;1;1;XEUR;11820391;690;
25.04.2025;08:06:20.639;FGBS SI 20250606 PS;SIMPLE_INSTRUMENT;EFS;EUR;6;107.55000000;2715;EXCHANGE_LAST;;1;1;XEUR;11820391;690;
25.04.2025;08:21:20.260;FGBS SI 20250606 PS;SIMPLE_INSTRUMENT;EFP_FIN;EUR;7;107.54500000;3810;EXCHANGE_LAST;;1;1;XEUR;11820391;690;
25.04.2025;08:24:40.756;FGBS SI 20250606 PS;SIMPLE_INSTRUMENT;EFP_FIN;EUR;8;107.55000000;469;EXCHANGE_LAST;;1;1;XEUR;11820391;690;
25.04.2025;08:33:50.717;FGBS SI 20250606 PS;SIMPLE_INSTRUMENT;EFP_FIN;EUR;9;107.55000000;938;EXCHANGE_LAST;;1;1;XEUR;11820391;690;
25.04.2025;09:58:31.049;FGBS SI 20250606 PS;SIMPLE_INSTRUMENT;EFP_FIN;EUR;10;107.52000000;354;EXCHANGE_LAST;;1;1;XEUR;11820391;690;
25.04.2025;10:04:18.625;FGBS SI 20250606 PS;SIMPLE_INSTRUMENT;EFS;EUR;11;107.51500000;2717;EXCHANGE_LAST;;1;1;XEUR;11820391;690;
25.04.2025;10:06:36.731;FGBS SI 20250606 PS;SIMPLE_INSTRUMENT;EFS;EUR;12;107.52000000;2717;EXCHANGE_LAST;;1;1;XEUR;11820391;690;
25.04.2025;10:16:23.313;FGBS SI 20250606 PS;SIMPLE_INSTRUMENT;EFP_FIN;EUR;13;107.52000000;136;EXCHANGE_LAST;;1;1;XEUR;11820391;690;
25.04.2025;10:16:55.754;FGBS SI 20250606 PS;SIMPLE_INSTRUMENT;EFP_FIN;EUR;14;107.52000000;254;EXCHANGE_LAST;;1;1;XEUR;11820391;690;
25.04.2025;10:23:54.786;FGBS SI 20250606 PS;SIMPLE_INSTRUMENT;EFP_FIN;EUR;15;107.52000000;240;EXCHANGE_LAST;;1;1;XEUR;11820391;690;
25.04.2025;10:33:21.054;FGBS SI 20250606 PS;SIMPLE_INSTRUMENT;EFP_FIN;EUR;16;107.51000000;1022;EXCHANGE_LAST;;1;1;XEUR;11820391;690;
25.04.2025;10:34:35.257;FGBS SI 20250606 PS;SIMPLE_INSTRUMENT;EFP_FIN;EUR;17;107.55000000;108;EXCHANGE_LAST;;1;1;XEUR;11820391;690;
25.04.2025;11:09:21.732;FGBS SI 20250606 PS;SIMPLE_INSTRUMENT;EFS;EUR;18;107.54000000;2716;EXCHANGE_LAST;;1;1;XEUR;11820391;690;
25.04.2025;13:04:34.183;FGBS SI 20250606 PS;SIMPLE_INSTRUMENT;EFS;EUR;19;107.53000000;6035;EXCHANGE_LAST;;1;1;XEUR;11820391;690;
25.04.2025;13:58:55.351;FGBS SI 20250606 PS;SIMPLE_INSTRUMENT;EFS;EUR;20;107.53000000;1419;EXCHANGE_LAST;;1;1;XEUR;11820391;690;
25.04.2025;14:09:41.773;FGBS SI 20250606 PS;SIMPLE_INSTRUMENT;EFP_FIN;EUR;22;107.53500000;241;EXCHANGE_LAST;;1;1;XEUR;11820391;690;
25.04.2025;14:12:42.403;FGBS SI 20250606 PS;SIMPLE_INSTRUMENT;EFP_FIN;EUR;23;107.52000000;366;EXCHANGE_LAST;;1;1;XEUR;11820391;690;
25.04.2025;14:12:42.403;FGBS SI 20250606 PS;SIMPLE_INSTRUMENT;EFP_FIN;EUR;24;107.52000000;732;EXCHANGE_LAST;;1;1;XEUR;11820391;690;
25.04.2025;14:16:09.359;FGBS SI 20250606 PS;SIMPLE_INSTRUMENT;EFP_FIN;EUR;25;107.53500000;263;EXCHANGE_LAST;;1;1;XEUR;11820391;690;
25.04.2025;14:14:25.994;FGBS SI 20250606 PS;SIMPLE_INSTRUMENT;EFP_FIN;EUR;26;107.53000000;1830;EXCHANGE_LAST;;1;1;XEUR;11820391;690;
25.04.2025;14:34:13.255;FGBS SI 20250606 PS;SIMPLE_INSTRUMENT;EFP_FIN;EUR;27;107.53500000;790;EXCHANGE_LAST;;1;1;XEUR;11820391;690;
25.04.2025;15:21:11.532;FGBS SI 20250606 PS;SIMPLE_INSTRUMENT;EFS;EUR;28;107.51500000;7196;EXCHANGE_LAST;;1;1;XEUR;11820391;690;
25.04.2025;15:48:09.299;FGBS SI 20250606 PS;SIMPLE_INSTRUMENT;EFP_FIN;EUR;29;107.52000000;71;EXCHANGE_LAST;;1;1;XEUR;11820391;690;
25.04.2025;15:51:21.693;FGBS SI 20250606 PS;SIMPLE_INSTRUMENT;EFS;EUR;32;107.54000000;2716;EXCHANGE_LAST;;1;1;XEUR;11820391;690;
25.04.2025;15:55:17.785;FGBS SI 20250606 PS;SIMPLE_INSTRUMENT;EFS;EUR;33;107.52000000;2000;EXCHANGE_LAST;;1;1;XEUR;11820391;690;
25.04.2025;07:28:43.572;FGBX SI 20250606 PS;SIMPLE_INSTRUMENT;EFS;EUR;1;124.28000000;200;EXCHANGE_LAST;;1;1;XEUR;11820392;691;
25.04.2025;08:02:18.945;FGBX SI 20250606 PS;SIMPLE_INSTRUMENT;EFP_FIN;EUR;2;124.22000000;384;EXCHANGE_LAST;;1;1;XEUR;11820392;691;
25.04.2025;08:11:09.139;FGBX SI 20250606 PS;SIMPLE_INSTRUMENT;EFP_FIN;EUR;3;124.22000000;383;EXCHANGE_LAST;;1;1;XEUR;11820392;691;
25.04.2025;08:50:56.192;FGBX SI 20250606 PS;SIMPLE_INSTRUMENT;EFS;EUR;4;124.14000000;144;EXCHANGE_LAST;;1;1;XEUR;11820392;691;
25.04.2025;09:28:39.003;FGBX SI 20250606 PS;SIMPLE_INSTRUMENT;EFP_FIN;EUR;5;124.02000000;56;EXCHANGE_LAST;;1;1;XEUR;11820392;691;
25.04.2025;09:29:11.102;FGBX SI 20250606 PS;SIMPLE_INSTRUMENT;EFS;EUR;6;123.94000000;88;EXCHANGE_LAST;;1;1;XEUR;11820392;691;
25.04.2025;09:55:12.043;FGBX SI 20250606 PS;SIMPLE_INSTRUMENT;EFS;EUR;7;124.10000000;301;EXCHANGE_LAST;;1;1;XEUR;11820392;691;
25.04.2025;13:25:54.539;FGBX SI 20250606 PS;SIMPLE_INSTRUMENT;EFS;EUR;15;124.22000000;750;EXCHANGE_LAST;;1;1;XEUR;11820392;691;
25.04.2025;14:08:14.159;FGBX SI 20250606 PS;SIMPLE_INSTRUMENT;EFP_FIN;EUR;17;124.30000000;139;EXCHANGE_LAST;;1;1;XEUR;11820392;691;
25.04.2025;14:14:25.274;FGBX SI 20250606 PS;SIMPLE_INSTRUMENT;EFS;EUR;18;124.22000000;750;EXCHANGE_LAST;;1;1;XEUR;11820392;691;
25.04.2025;14:42:44.596;FGBX SI 20250606 PS;SIMPLE_INSTRUMENT;EFS;EUR;19;124.18000000;88;EXCHANGE_LAST;;1;1;XEUR;11820392;691;
25.04.2025;15:55:16.611;FGBX SI 20250606 PS;SIMPLE_INSTRUMENT;EFS;EUR;21;124.10000000;53;EXCHANGE_LAST;;1;1;XEUR;11820392;691;
25.04.2025;15:14:27.440;FIA5.O.250425.STD.000004;STANDARD_OPTION_STRATEGY;BLOCK;EUR;40;2.41000000;1500;EXCHANGE_LAST;;1;2;XEUR;72264727425720303;48227;
25.04.2025;15:14:27.440;FIA5 SI 20251218 PS AM P 8.00 0;SIMPLE_INSTRUMENT;BLOCK;EUR;40;1.05400000;1500;PRC_DECOMP_EXCHANGE;;;;XEUR;10385073;48227;EXCHANGE
25.04.2025;15:14:27.440;FIA5 SI 20251218 PS AM C 8.00 0;SIMPLE_INSTRUMENT;BLOCK;EUR;40;1.35600000;1500;PRC_DECOMP_EXCHANGE;;;;XEUR;10385069;48227;EXCHANGE
25.04.2025;15:39:02.681;FLCE SI 20250620 CS;SIMPLE_INSTRUMENT;BLOCK;EUR;60;553.90000000;1131;EXCHANGE_LAST;;1;1;XEUR;11880801;668;
25.04.2025;15:39:26.392;FLCE SI 20250620 CS;SIMPLE_INSTRUMENT;BLOCK;EUR;61;554.10000000;1068;EXCHANGE_LAST;;1;1;XEUR;11880801;668;
25.04.2025;06:09:41.776;FMAP SI 20250620 CS;SIMPLE_INSTRUMENT;BLOCK;USD;16;348.80000000;39;EXCHANGE_LAST;;1;1;XEUR;7939644;48141;
25.04.2025;09:55:05.486;FMAS SI 20250620 CS;SIMPLE_INSTRUMENT;BLOCK;USD;53;623.82000000;419;EXCHANGE_LAST;;1;1;XEUR;7938712;7061;
25.04.2025;02:31:35.036;FMAU SI 20250620 CS;SIMPLE_INSTRUMENT;BLOCK;USD;7;5663.71100000;48;EXCHANGE_LAST;;1;1;XEUR;7939462;45287;
25.04.2025;15:26:00.376;FMCE SI 20250620 CS;SIMPLE_INSTRUMENT;BLOCK;EUR;56;529.40000000;242;EXCHANGE_LAST;;1;1;XEUR;9693466;665;
25.04.2025;15:26:08.376;FMCE SI 20250620 CS;SIMPLE_INSTRUMENT;BLOCK;EUR;57;529.60000000;264;EXCHANGE_LAST;;1;1;XEUR;9693466;665;
25.04.2025;02:38:43.347;FMCH SI 20250620 CS;SIMPLE_INSTRUMENT;BLOCK;USD;9;556.84400000;1938;EXCHANGE_LAST;;1;1;XEUR;7940815;402909;
25.04.2025;03:11:21.003;FMCH SI 20250620 CS;SIMPLE_INSTRUMENT;BLOCK;USD;10;557.12100000;1810;EXCHANGE_LAST;;1;1;XEUR;7940815;402909;
25.04.2025;08:17:06.130;FMCH SI 20250620 CS;SIMPLE_INSTRUMENT;BLOCK;USD;46;560.02300000;124;EXCHANGE_LAST;;1;1;XEUR;7940815;402909;
25.04.2025;09:40:28.728;FMCH SI 20250620 CS;SIMPLE_INSTRUMENT;BLOCK;USD;52;561.00000000;279;EXCHANGE_LAST;;1;1;XEUR;7940815;402909;
25.04.2025;02:17:59.456;FMEA SI 20250620 CS;SIMPLE_INSTRUMENT;BLOCK;USD;4;686.79800000;630;EXCHANGE_LAST;;1;1;XEUR;7938804;12395;
25.04.2025;07:16:48.850;FMEE SI 20250620 CS;SIMPLE_INSTRUMENT;BLOCK;USD;41;342.10000000;210;EXCHANGE_LAST;;1;1;XEUR;7938810;12396;
25.04.2025;06:53:07.046;FMEL SI 20250620 CS;SIMPLE_INSTRUMENT;BLOCK;USD;33;567.68000000;28;EXCHANGE_LAST;;1;1;XEUR;7938814;12397;
25.04.2025;06:53:25.807;FMEL SI 20250620 CS;SIMPLE_INSTRUMENT;BLOCK;USD;34;567.68000000;114;EXCHANGE_LAST;;1;1;XEUR;7938814;12397;
25.04.2025;07:10:05.216;FMEL SI 20250620 CS;SIMPLE_INSTRUMENT;BLOCK;USD;40;567.73600000;70;EXCHANGE_LAST;;1;1;XEUR;7938814;12397;
25.04.2025;06:26:32.206;FMEN SI 20250620 CS;SIMPLE_INSTRUMENT;BLOCK;EUR;17;487.34500000;434;EXCHANGE_LAST;;1;1;XEUR;7939172;30652;
25.04.2025;07:08:16.450;FMES SI 20250620 CS;SIMPLE_INSTRUMENT;BLOCK;EUR;38;560.70600000;11;EXCHANGE_LAST;;1;1;XEUR;7940344;221291;
25.04.2025;06:44:17.534;FMEU SI 20250620 CS;SIMPLE_INSTRUMENT;EFP_IDX;EUR;26;347.73000000;44;EXCHANGE_LAST;;1;1;XEUR;7938710;7058;
25.04.2025;06:53:09.904;FMEU SI 20250620 CS;SIMPLE_INSTRUMENT;EFP_IDX;EUR;35;347.71000000;95;EXCHANGE_LAST;;1;1;XEUR;7938710;7058;
25.04.2025;18:42:09.662;FMFP.S.JUN25.DEC29.SPD;FUTURES_SPREAD;BLOCK;USD;68;-215.02100000;82;EXCHANGE_LAST;;1;1;XEUR;72280928042353249;51999;
25.04.2025;18:42:09.662;FMFP SI 20250620 CS;SIMPLE_INSTRUMENT;BLOCK;USD;68;2471.50000000;82;PRC_DECOMP_MEMBER;;;;XEUR;7411194;51999;MEMBER
25.04.2025;18:42:09.662;FMFP SI 20291221 CS;SIMPLE_INSTRUMENT;BLOCK;USD;68;2686.52100000;82;PRC_DECOMP_MEMBER;;;;XEUR;12516542;51999;MEMBER
25.04.2025;06:50:55.116;FMGC SI 20250620 CS;SIMPLE_INSTRUMENT;BLOCK;USD;30;13246.90000000;200;EXCHANGE_LAST;;1;1;XEUR;7939680;48916;
25.04.2025;07:09:41.864;FMGC SI 20250620 CS;SIMPLE_INSTRUMENT;BLOCK;USD;39;13246.90000000;72;EXCHANGE_LAST;;1;1;XEUR;7939680;48916;
25.04.2025;05:45:50.865;FMGM SI 20250620 CS;SIMPLE_INSTRUMENT;EFP_IDX;USD;15;4723.20000000;405;EXCHANGE_LAST;;1;1;XEUR;8609361;583626;
25.04.2025;06:37:34.628;FMGO SI 20250620 CS;SIMPLE_INSTRUMENT;BLOCK;USD;22;5481.67000000;229;EXCHANGE_LAST;;1;1;XEUR;8609371;583623;
25.04.2025;07:45:19.722;FMGO SI 20250620 CS;SIMPLE_INSTRUMENT;EFP_IDX;USD;44;5483.25000000;3;EXCHANGE_LAST;;1;1;XEUR;8609371;583623;
25.04.2025;13:46:49.145;FMGO SI 20250620 CS;SIMPLE_INSTRUMENT;BLOCK;USD;55;5475.00000000;80;EXCHANGE_LAST;;1;1;XEUR;8609371;583623;
25.04.2025;06:44:00.981;FMGQ SI 20250620 CS;SIMPLE_INSTRUMENT;EFP_IDX;USD;25;4788.69000000;1049;EXCHANGE_LAST;;1;1;XEUR;8609386;583625;
25.04.2025;06:43:56.023;FMGS SI 20250620 CS;SIMPLE_INSTRUMENT;BLOCK;USD;24;25293.66400000;300;EXCHANGE_LAST;;1;1;XEUR;7939679;48912;
25.04.2025;02:36:57.974;FMHK SI 20250620 CS;SIMPLE_INSTRUMENT;BLOCK;USD;8;57845.42300000;14;EXCHANGE_LAST;;1;1;XEUR;7939458;45282;
25.04.2025;06:57:29.798;FMID SI 20250620 CS;SIMPLE_INSTRUMENT;EFP_IDX;USD;2;1402.36000000;432;EXCHANGE_LAST;;1;1;XEUR;7939464;45289;
25.04.2025;09:19:18.721;FMID SI 20250620 CS;SIMPLE_INSTRUMENT;EFP_IDX;USD;3;1421.34100000;671;EXCHANGE_LAST;;1;1;XEUR;7939464;45289;
25.04.2025;09:19:23.989;FMID SI 20250620 CS;SIMPLE_INSTRUMENT;EFP_IDX;USD;4;1421.34000000;362;EXCHANGE_LAST;;1;1;XEUR;7939464;45289;
25.04.2025;01:13:45.297;FMIN SI 20250620 CS;SIMPLE_INSTRUMENT;BLOCK;USD;1;1267.65800000;198;EXCHANGE_LAST;;1;1;XEUR;7938852;12404;
25.04.2025;01:24:26.738;FMIN SI 20250620 CS;SIMPLE_INSTRUMENT;BLOCK;USD;2;1267.78400000;800;EXCHANGE_LAST;;1;1;XEUR;7938852;12404;
25.04.2025;02:25:20.695;FMIN SI 20250620 CS;SIMPLE_INSTRUMENT;BLOCK;USD;5;1267.65800000;179;EXCHANGE_LAST;;1;1;XEUR;7938852;12404;
25.04.2025;04:54:34.001;FMIN SI 20250620 CS;SIMPLE_INSTRUMENT;BLOCK;USD;11;1267.53200000;40;EXCHANGE_LAST;;1;1;XEUR;7938852;12404;
25.04.2025;04:58:25.861;FMIN SI 20250620 CS;SIMPLE_INSTRUMENT;BLOCK;USD;13;1267.53200000;16;EXCHANGE_LAST;;1;1;XEUR;7938852;12404;
25.04.2025;05:36:39.021;FMIN SI 20250620 CS;SIMPLE_INSTRUMENT;BLOCK;USD;14;1268.03600000;160;EXCHANGE_LAST;;1;1;XEUR;7938852;12404;
25.04.2025;06:49:39.105;FMIN SI 20250620 CS;SIMPLE_INSTRUMENT;BLOCK;USD;29;1267.40600000;57;EXCHANGE_LAST;;1;1;XEUR;7938852;12404;
25.04.2025;07:07:57.274;FMIN SI 20250620 CS;SIMPLE_INSTRUMENT;BLOCK;USD;37;1268.79300000;296;EXCHANGE_LAST;;1;1;XEUR;7938852;12404;
25.04.2025;08:39:41.411;FMIN SI 20250620 CS;SIMPLE_INSTRUMENT;BLOCK;USD;47;1268.03600000;872;EXCHANGE_LAST;;1;1;XEUR;7938852;12404;
25.04.2025;09:32:36.775;FMIN SI 20250620 CS;SIMPLE_INSTRUMENT;BLOCK;USD;51;1267.65800000;122;EXCHANGE_LAST;;1;1;XEUR;7938852;12404;
25.04.2025;06:36:16.994;FMJP SI 20250620 CS;SIMPLE_INSTRUMENT;BLOCK;USD;20;8897.28900000;1120;EXCHANGE_LAST;;1;1;XEUR;7937445;661;
25.04.2025;06:33:03.433;FMMX SI 20250620 CS;SIMPLE_INSTRUMENT;BLOCK;USD;18;714.67300000;1105;EXCHANGE_LAST;;1;1;XEUR;7938855;12545;
25.04.2025;02:09:11.484;FMPA SI 20250620 CS;SIMPLE_INSTRUMENT;BLOCK;USD;3;8766.00000000;2;EXCHANGE_LAST;;1;1;XEUR;7939647;48143;
25.04.2025;07:57:47.435;FMSW SI 20250620 CS;SIMPLE_INSTRUMENT;BLOCK;USD;45;4043.19300000;223;EXCHANGE_LAST;;1;1;XEUR;7940342;208343;
25.04.2025;01:02:58.900;FMTW SI 20250620 CS;SIMPLE_INSTRUMENT;BLOCK;USD;1;703.45400000;20;EXCHANGE_LAST;;1;1;XEUR;7939790;51884;
25.04.2025;06:51:14.405;FMWN SI 20250620 CS;SIMPLE_INSTRUMENT;BLOCK;EUR;31;516.20500000;1711;EXCHANGE_LAST;;1;1;XEUR;7939177;30654;
25.04.2025;06:35:44.457;FMWO SI 20250620 CS;SIMPLE_INSTRUMENT;BLOCK;USD;21;11514.88000000;110;EXCHANGE_LAST;;1;1;XEUR;7938711;7059;
25.04.2025;06:42:56.603;FMWO SI 20250620 CS;SIMPLE_INSTRUMENT;EFP_IDX;USD;23;11507.94000000;58;EXCHANGE_LAST;;1;1;XEUR;7938711;7059;
25.04.2025;06:47:24.356;FMWO SI 20250620 CS;SIMPLE_INSTRUMENT;EFP_IDX;USD;27;11509.28000000;548;EXCHANGE_LAST;;1;1;XEUR;7938711;7059;
25.04.2025;06:48:10.689;FMWO SI 20250620 CS;SIMPLE_INSTRUMENT;EFP_IDX;USD;28;11509.28000000;46;EXCHANGE_LAST;;1;1;XEUR;7938711;7059;
25.04.2025;06:51:30.814;FMWO SI 20250620 CS;SIMPLE_INSTRUMENT;BLOCK;USD;32;11511.93000000;192;EXCHANGE_LAST;;1;1;XEUR;7938711;7059;
25.04.2025;06:59:23.074;FMWO SI 20250620 CS;SIMPLE_INSTRUMENT;EFP_IDX;USD;36;11513.43000000;44;EXCHANGE_LAST;;1;1;XEUR;7938711;7059;
25.04.2025;07:18:27.232;FMWO SI 20250620 CS;SIMPLE_INSTRUMENT;EFP_IDX;USD;42;11508.90000000;54;EXCHANGE_LAST;;1;1;XEUR;7938711;7059;
25.04.2025;10:03:55.609;FMXG SI 20250620 CS;SIMPLE_INSTRUMENT;BLOCK;EUR;54;369.03000000;478;EXCHANGE_LAST;;1;1;XEUR;7940141;124306;
25.04.2025;08:05:31.757;FOAT SI 20250606 PS;SIMPLE_INSTRUMENT;EFP_FIN;EUR;1;125.64000000;788;EXCHANGE_LAST;;1;1;XEUR;11820393;749;
25.04.2025;08:24:16.209;FOAT SI 20250606 PS;SIMPLE_INSTRUMENT;EFP_FIN;EUR;2;125.58000000;136;EXCHANGE_LAST;;1;1;XEUR;11820393;749;
25.04.2025;08:28:56.673;FOAT SI 20250606 PS;SIMPLE_INSTRUMENT;EFP_FIN;EUR;3;125.62000000;210;EXCHANGE_LAST;;1;1;XEUR;11820393;749;
25.04.2025;08:31:44.799;FOAT SI 20250606 PS;SIMPLE_INSTRUMENT;EFP_FIN;EUR;4;125.60000000;182;EXCHANGE_LAST;;1;1;XEUR;11820393;749;
25.04.2025;08:52:16.764;FOAT SI 20250606 PS;SIMPLE_INSTRUMENT;EFP_FIN;EUR;5;125.65000000;328;EXCHANGE_LAST;;1;1;XEUR;11820393;749;
25.04.2025;08:54:29.968;FOAT SI 20250606 PS;SIMPLE_INSTRUMENT;EFP_FIN;EUR;6;125.55000000;236;EXCHANGE_LAST;;1;1;XEUR;11820393;749;
25.04.2025;08:54:18.724;FOAT SI 20250606 PS;SIMPLE_INSTRUMENT;EFP_FIN;EUR;7;125.62000000;1576;EXCHANGE_LAST;;1;1;XEUR;11820393;749;
25.04.2025;09:14:47.444;FOAT SI 20250606 PS;SIMPLE_INSTRUMENT;EFP_FIN;EUR;8;125.55000000;182;EXCHANGE_LAST;;1;1;XEUR;11820393;749;
25.04.2025;09:41:33.534;FOAT SI 20250606 PS;SIMPLE_INSTRUMENT;EFP_FIN;EUR;9;125.52000000;310;EXCHANGE_LAST;;1;1;XEUR;11820393;749;
25.04.2025;09:45:11.183;FOAT SI 20250606 PS;SIMPLE_INSTRUMENT;EFP_FIN;EUR;10;125.57000000;538;EXCHANGE_LAST;;1;1;XEUR;11820393;749;
25.04.2025;09:48:06.506;FOAT SI 20250606 PS;SIMPLE_INSTRUMENT;EFP_FIN;EUR;11;125.48000000;729;EXCHANGE_LAST;;1;1;XEUR;11820393;749;
25.04.2025;09:53:38.522;FOAT SI 20250606 PS;SIMPLE_INSTRUMENT;EFP_FIN;EUR;12;125.52000000;132;EXCHANGE_LAST;;1;1;XEUR;11820393;749;
25.04.2025;09:58:02.101;FOAT SI 20250606 PS;SIMPLE_INSTRUMENT;EFP_FIN;EUR;13;125.50000000;394;EXCHANGE_LAST;;1;1;XEUR;11820393;749;
25.04.2025;09:58:50.637;FOAT SI 20250606 PS;SIMPLE_INSTRUMENT;EFP_FIN;EUR;14;125.50000000;394;EXCHANGE_LAST;;1;1;XEUR;11820393;749;
25.04.2025;09:59:14.814;FOAT SI 20250606 PS;SIMPLE_INSTRUMENT;EFP_FIN;EUR;15;125.50000000;394;EXCHANGE_LAST;;1;1;XEUR;11820393;749;
25.04.2025;10:20:58.898;FOAT SI 20250606 PS;SIMPLE_INSTRUMENT;EFP_FIN;EUR;16;125.50000000;1596;EXCHANGE_LAST;;1;1;XEUR;11820393;749;
25.04.2025;10:57:17.035;FOAT SI 20250606 PS;SIMPLE_INSTRUMENT;EFP_FIN;EUR;17;125.49000000;196;EXCHANGE_LAST;;1;1;XEUR;11820393;749;
25.04.2025;10:54:02.806;FOAT SI 20250606 PS;SIMPLE_INSTRUMENT;EFP_FIN;EUR;18;125.49000000;158;EXCHANGE_LAST;;1;1;XEUR;11820393;749;
25.04.2025;11:27:04.093;FOAT SI 20250606 PS;SIMPLE_INSTRUMENT;EFP_FIN;EUR;19;125.51000000;313;EXCHANGE_LAST;;1;1;XEUR;11820393;749;
25.04.2025;11:29:01.522;FOAT SI 20250606 PS;SIMPLE_INSTRUMENT;EFP_FIN;EUR;20;125.51000000;182;EXCHANGE_LAST;;1;1;XEUR;11820393;749;
25.04.2025;11:30:49.155;FOAT SI 20250606 PS;SIMPLE_INSTRUMENT;EFP_FIN;EUR;21;125.47000000;182;EXCHANGE_LAST;;1;1;XEUR;11820393;749;
25.04.2025;11:33:06.807;FOAT SI 20250606 PS;SIMPLE_INSTRUMENT;EFP_FIN;EUR;22;125.52000000;670;EXCHANGE_LAST;;1;1;XEUR;11820393;749;
25.04.2025;12:02:05.585;FOAT SI 20250606 PS;SIMPLE_INSTRUMENT;EFP_FIN;EUR;23;125.60000000;2285;EXCHANGE_LAST;;1;1;XEUR;11820393;749;
25.04.2025;12:11:40.832;FOAT SI 20250606 PS;SIMPLE_INSTRUMENT;EFP_FIN;EUR;24;125.54000000;152;EXCHANGE_LAST;;1;1;XEUR;11820393;749;
25.04.2025;12:31:40.777;FOAT SI 20250606 PS;SIMPLE_INSTRUMENT;EFP_FIN;EUR;25;125.55000000;788;EXCHANGE_LAST;;1;1;XEUR;11820393;749;
25.04.2025;13:42:08.233;FOAT SI 20250606 PS;SIMPLE_INSTRUMENT;EFP_FIN;EUR;26;125.54000000;788;EXCHANGE_LAST;;1;1;XEUR;11820393;749;
25.04.2025;14:09:33.464;FOAT SI 20250606 PS;SIMPLE_INSTRUMENT;EFP_FIN;EUR;27;125.50000000;308;EXCHANGE_LAST;;1;1;XEUR;11820393;749;
25.04.2025;14:24:03.746;FOAT SI 20250606 PS;SIMPLE_INSTRUMENT;EFP_FIN;EUR;28;125.44000000;394;EXCHANGE_LAST;;1;1;XEUR;11820393;749;
25.04.2025;14:24:53.231;FOAT SI 20250606 PS;SIMPLE_INSTRUMENT;BLOCK;EUR;29;125.49000000;1576;EXCHANGE_LAST;;1;1;XEUR;11820393;749;
25.04.2025;14:37:00.064;FOAT SI 20250606 PS;SIMPLE_INSTRUMENT;EFP_FIN;EUR;30;125.45000000;394;EXCHANGE_LAST;;1;1;XEUR;11820393;749;
25.04.2025;15:16:26.134;FOAT SI 20250606 PS;SIMPLE_INSTRUMENT;EFP_FIN;EUR;31;125.38000000;86;EXCHANGE_LAST;;1;1;XEUR;11820393;749;
25.04.2025;15:22:16.488;FOAT SI 20250606 PS;SIMPLE_INSTRUMENT;EFP_FIN;EUR;32;125.38000000;78;EXCHANGE_LAST;;1;1;XEUR;11820393;749;
25.04.2025;15:24:33.818;FOAT SI 20250606 PS;SIMPLE_INSTRUMENT;EFP_FIN;EUR;33;125.38000000;78;EXCHANGE_LAST;;1;1;XEUR;11820393;749;
25.04.2025;15:29:04.188;FOAT SI 20250606 PS;SIMPLE_INSTRUMENT;EFP_FIN;EUR;34;125.40000000;433;EXCHANGE_LAST;;1;1;XEUR;11820393;749;
25.04.2025;15:29:27.638;FOAT SI 20250606 PS;SIMPLE_INSTRUMENT;EFP_FIN;EUR;35;125.40000000;749;EXCHANGE_LAST;;1;1;XEUR;11820393;749;
25.04.2025;15:50:20.480;FOAT SI 20250606 PS;SIMPLE_INSTRUMENT;EFP_FIN;EUR;36;125.43000000;459;EXCHANGE_LAST;;1;1;XEUR;11820393;749;
25.04.2025;15:48:59.912;FSCP SI 20250620 CS;SIMPLE_INSTRUMENT;BLOCK;EUR;68;330.80000000;700;EXCHANGE_LAST;;1;1;XEUR;11881879;764;
25.04.2025;15:50:52.251;FSCP SI 20250620 CS;SIMPLE_INSTRUMENT;EFP_IDX;EUR;73;330.80000000;628;EXCHANGE_LAST;;1;1;XEUR;11881879;764;
25.04.2025;15:43:30.741;FSEG SI 20250620 CS;SIMPLE_INSTRUMENT;EFP_IDX;EUR;63;191.00000000;88;EXCHANGE_LAST;;1;1;XEUR;11913120;109977;
25.04.2025;15:43:51.263;FSEG SI 20250620 CS;SIMPLE_INSTRUMENT;EFP_IDX;EUR;64;190.90000000;204;EXCHANGE_LAST;;1;1;XEUR;11913120;109977;
25.04.2025;15:51:25.162;FSEG SI 20250620 CS;SIMPLE_INSTRUMENT;EFP_IDX;EUR;74;191.00000000;18;EXCHANGE_LAST;;1;1;XEUR;11913120;109977;
25.04.2025;15:51:37.421;FSEG SI 20250620 CS;SIMPLE_INSTRUMENT;EFP_IDX;EUR;75;190.90000000;41;EXCHANGE_LAST;;1;1;XEUR;11913120;109977;
25.04.2025;10:29:47.942;FSMI SI 20250620 CS;SIMPLE_INSTRUMENT;BLOCK;CHF;1;11950.00000000;800;EXCHANGE_LAST;;1;1;XEUR;7904351;757;
25.04.2025;14:58:50.308;FSMI SI 20250620 CS;SIMPLE_INSTRUMENT;BLOCK;CHF;2;11915.00000000;800;EXCHANGE_LAST;;1;1;XEUR;7904351;757;
25.04.2025;15:22:24.581;FSMI SI 20250620 CS;SIMPLE_INSTRUMENT;EFP_IDX;CHF;3;11915.00000000;300;EXCHANGE_LAST;;1;1;XEUR;7904351;757;
25.04.2025;15:53:22.989;FSMI SI 20250620 CS;SIMPLE_INSTRUMENT;EFP_IDX;CHF;4;11909.00000000;63;EXCHANGE_LAST;;1;1;XEUR;7904351;757;
25.04.2025;15:53:29.236;FSMI SI 20250620 CS;SIMPLE_INSTRUMENT;EFP_IDX;CHF;5;11910.00000000;13;EXCHANGE_LAST;;1;1;XEUR;7904351;757;
25.04.2025;15:58:27.566;FSMX SI 20250620 CS;SIMPLE_INSTRUMENT;BLOCK;EUR;69;28475.00000000;1029;EXCHANGE_LAST;;1;1;XEUR;11923155;396422;
25.04.2025;15:57:57.130;FSMX SI 20250620 CS;SIMPLE_INSTRUMENT;BLOCK;EUR;70;28480.00000000;463;EXCHANGE_LAST;;1;1;XEUR;11923155;396422;
25.04.2025;15:35:36.665;FSSX SI 20250620 CS;SIMPLE_INSTRUMENT;BLOCK;EUR;59;218.50000000;161;EXCHANGE_LAST;;1;1;XEUR;11919748;300496;
25.04.2025;15:52:05.460;FSTA SI 20250620 CS;SIMPLE_INSTRUMENT;EFP_IDX;EUR;1;510.50000000;300;EXCHANGE_LAST;;1;1;XEUR;11881326;715;
25.04.2025;15:52:12.642;FSTA SI 20250620 CS;SIMPLE_INSTRUMENT;EFP_IDX;EUR;2;510.60000000;200;EXCHANGE_LAST;;1;1;XEUR;11881326;715;
25.04.2025;15:44:49.229;FSTA SI 20250620 CS;SIMPLE_INSTRUMENT;EFP_IDX;EUR;4;510.50000000;300;EXCHANGE_LAST;;1;1;XEUR;11881326;715;
25.04.2025;15:44:52.392;FSTA SI 20250620 CS;SIMPLE_INSTRUMENT;EFP_IDX;EUR;6;510.60000000;200;EXCHANGE_LAST;;1;1;XEUR;11881326;715;
25.04.2025;15:45:23.298;FSTA SI 20250620 CS;SIMPLE_INSTRUMENT;EFP_IDX;EUR;7;510.50000000;450;EXCHANGE_LAST;;1;1;XEUR;11881326;715;
25.04.2025;15:45:43.786;FSTA SI 20250620 CS;SIMPLE_INSTRUMENT;EFP_IDX;EUR;8;510.60000000;50;EXCHANGE_LAST;;1;1;XEUR;11881326;715;
25.04.2025;16:11:04.014;FSTE SI 20250620 CS;SIMPLE_INSTRUMENT;EFP_IDX;EUR;11;327.60000000;246;EXCHANGE_LAST;;1;1;XEUR;11881330;719;
25.04.2025;16:11:16.137;FSTE SI 20250620 CS;SIMPLE_INSTRUMENT;EFP_IDX;EUR;12;327.70000000;164;EXCHANGE_LAST;;1;1;XEUR;11881330;719;
25.04.2025;16:11:25.484;FSTH SI 20250620 CS;SIMPLE_INSTRUMENT;EFP_IDX;EUR;13;1015.40000000;58;EXCHANGE_LAST;;1;1;XEUR;11881327;716;
25.04.2025;16:11:34.583;FSTH SI 20250620 CS;SIMPLE_INSTRUMENT;EFP_IDX;EUR;14;1015.50000000;14;EXCHANGE_LAST;;1;1;XEUR;11881327;716;
25.04.2025;15:50:20.722;FSTN SI 20250620 CS;SIMPLE_INSTRUMENT;EFP_IDX;EUR;71;752.30000000;97;EXCHANGE_LAST;;1;1;XEUR;11881318;704;
25.04.2025;15:50:47.977;FSTN SI 20250620 CS;SIMPLE_INSTRUMENT;EFP_IDX;EUR;72;752.20000000;25;EXCHANGE_LAST;;1;1;XEUR;11881318;704;
25.04.2025;15:42:30.319;FSTO SI 20250620 CS;SIMPLE_INSTRUMENT;EFP_IDX;EUR;3;665.00000000;50;EXCHANGE_LAST;;1;1;XEUR;11881323;711;
25.04.2025;15:42:45.924;FSTO SI 20250620 CS;SIMPLE_INSTRUMENT;EFP_IDX;EUR;5;665.10000000;117;EXCHANGE_LAST;;1;1;XEUR;11881323;711;
25.04.2025;16:11:44.520;FSTO SI 20250620 CS;SIMPLE_INSTRUMENT;EFP_IDX;EUR;15;665.40000000;28;EXCHANGE_LAST;;1;1;XEUR;11881323;711;
25.04.2025;16:11:51.087;FSTO SI 20250620 CS;SIMPLE_INSTRUMENT;EFP_IDX;EUR;16;665.50000000;42;EXCHANGE_LAST;;1;1;XEUR;11881323;711;
25.04.2025;16:11:58.216;FSTT SI 20250620 CS;SIMPLE_INSTRUMENT;EFP_IDX;EUR;17;248.20000000;57;EXCHANGE_LAST;;1;1;XEUR;11881320;708;
25.04.2025;16:12:06.617;FSTT SI 20250620 CS;SIMPLE_INSTRUMENT;EFP_IDX;EUR;18;248.40000000;47;EXCHANGE_LAST;;1;1;XEUR;11881320;708;
25.04.2025;16:12:18.674;FSTU SI 20250620 CS;SIMPLE_INSTRUMENT;EFP_IDX;EUR;80;423.90000000;64;EXCHANGE_LAST;;1;1;XEUR;11881333;730;
25.04.2025;16:12:25.332;FSTU SI 20250620 CS;SIMPLE_INSTRUMENT;EFP_IDX;EUR;81;424.00000000;64;EXCHANGE_LAST;;1;1;XEUR;11881333;730;
25.04.2025;15:56:07.872;FSTX SI 20250620 CS;SIMPLE_INSTRUMENT;EFP_IDX;EUR;76;4322.00000000;41;EXCHANGE_LAST;;1;1;XEUR;11881331;728;
25.04.2025;15:56:31.594;FSTX SI 20250620 CS;SIMPLE_INSTRUMENT;EFP_IDX;EUR;77;4325.00000000;72;EXCHANGE_LAST;;1;1;XEUR;11881331;728;
25.04.2025;16:03:18.821;FSTX SI 20250620 CS;SIMPLE_INSTRUMENT;EFP_IDX;EUR;78;4324.00000000;15;EXCHANGE_LAST;;1;1;XEUR;11881331;728;
25.04.2025;16:03:38.802;FSTX SI 20250620 CS;SIMPLE_INSTRUMENT;EFP_IDX;EUR;79;4325.00000000;14;EXCHANGE_LAST;;1;1;XEUR;11881331;728;
25.04.2025;14:16:07.137;FVS SI 20250917 CS;SIMPLE_INSTRUMENT;BLOCK;EUR;56;22.00000000;2400;EXCHANGE_LAST;;1;1;XEUR;12684218;821;
25.04.2025;15:46:20.435;FXXP SI 20250620 CS;SIMPLE_INSTRUMENT;BLOCK;EUR;57;516.80000000;890;EXCHANGE_LAST;;1;1;XEUR;7904812;816;
25.04.2025;15:46:42.436;FXXP SI 20250620 CS;SIMPLE_INSTRUMENT;BLOCK;EUR;58;517.00000000;729;EXCHANGE_LAST;;1;1;XEUR;7904812;816;
25.04.2025;15:46:17.601;FXXP SI 20250620 CS;SIMPLE_INSTRUMENT;EFP_IDX;EUR;59;517.00000000;45;EXCHANGE_LAST;;1;1;XEUR;7904812;816;
25.04.2025;15:46:50.853;FXXP SI 20250620 CS;SIMPLE_INSTRUMENT;EFP_IDX;EUR;60;516.90000000;105;EXCHANGE_LAST;;1;1;XEUR;7904812;816;
25.04.2025;15:50:48.157;FXXP SI 20250620 CS;SIMPLE_INSTRUMENT;EFP_IDX;EUR;61;516.90000000;4500;EXCHANGE_LAST;;1;1;XEUR;7904812;816;
25.04.2025;15:50:54.708;FXXP SI 20250620 CS;SIMPLE_INSTRUMENT;EFP_IDX;EUR;62;517.00000000;500;EXCHANGE_LAST;;1;1;XEUR;7904812;816;
25.04.2025;15:59:33.283;FXXP SI 20250620 CS;SIMPLE_INSTRUMENT;EFP_IDX;EUR;63;516.90000000;900;EXCHANGE_LAST;;1;1;XEUR;7904812;816;
25.04.2025;15:59:39.333;FXXP SI 20250620 CS;SIMPLE_INSTRUMENT;EFP_IDX;EUR;64;517.00000000;100;EXCHANGE_LAST;;1;1;XEUR;7904812;816;
25.04.2025;16:12:32.599;FXXP SI 20250620 CS;SIMPLE_INSTRUMENT;EFP_IDX;EUR;66;517.00000000;118;EXCHANGE_LAST;;1;1;XEUR;7904812;816;
25.04.2025;16:12:39.414;FXXP SI 20250620 CS;SIMPLE_INSTRUMENT;EFP_IDX;EUR;67;516.90000000;1062;EXCHANGE_LAST;;1;1;XEUR;7904812;816;
25.04.2025;14:50:06.839;FXXP SI 20250620 CS;SIMPLE_INSTRUMENT;VOLA;EUR;603979816;517.00000000;229;EXCHANGE_LAST;;1;1;XEUR;7904812;816;
25.04.2025;09:47:14.240;G3ZF SI 20281215 CS;SIMPLE_INSTRUMENT;BLOCK;EUR;14;1.03000000;1000;EXCHANGE_LAST;;1;1;XEUR;9955522;144760;
25.04.2025;10:08:15.086;GLEN.O.250425.PDIA.000001;STANDARD_OPTION_STRATEGY;BLOCK;GBX;8;-2.25000000;400;EXCHANGE_LAST;;1;1;XEUR;72061304889673898;864;
25.04.2025;10:08:15.086;GLEN SI 20250620 PS AM P 280 0;SIMPLE_INSTRUMENT;BLOCK;GBX;8;24.00000000;400;PRC_DECOMP_EXCHANGE;;;;XEUR;9873112;864;EXCHANGE
25.04.2025;10:08:15.086;GLEN SI 20260320 PS AM P 240 0;SIMPLE_INSTRUMENT;BLOCK;GBX;8;21.75000000;400;PRC_DECOMP_EXCHANGE;;;;XEUR;13007105;864;EXCHANGE
25.04.2025;10:08:26.816;GLEN.O.250425.PDIA.000001;STANDARD_OPTION_STRATEGY;BLOCK;GBX;9;-1.50000000;500;EXCHANGE_LAST;;1;1;XEUR;72061304889673898;864;
25.04.2025;10:08:26.816;GLEN SI 20250620 PS AM P 280 0;SIMPLE_INSTRUMENT;BLOCK;GBX;9;23.50000000;500;PRC_DECOMP_EXCHANGE;;;;XEUR;9873112;864;EXCHANGE
25.04.2025;10:08:26.816;GLEN SI 20260320 PS AM P 240 0;SIMPLE_INSTRUMENT;BLOCK;GBX;9;22.00000000;500;PRC_DECOMP_EXCHANGE;;;;XEUR;13007105;864;EXCHANGE
25.04.2025;08:06:25.017;GOB SI 20250516 PS AM C 100.00 0;SIMPLE_INSTRUMENT;BLOCK;EUR;1;0.96000000;916;EXCHANGE_LAST;;1;1;XEUR;12821292;874;
25.04.2025;12:11:07.626;GOB SI 20250620 PS AM P 60.00 0;SIMPLE_INSTRUMENT;BLOCK;EUR;9;0.31000000;350;EXCHANGE_LAST;;1;1;XEUR;8125875;874;
25.04.2025;13:26:37.150;HAG SI 20251219 PS AM P 60.00 0;SIMPLE_INSTRUMENT;BLOCK;EUR;16;9.40000000;250;EXCHANGE_LAST;;1;1;XEUR;10917159;791700;
25.04.2025;11:44:56.608;HEI SI 20251219 PS AM P 140.00 0;SIMPLE_INSTRUMENT;BLOCK;EUR;3;7.05000000;750;EXCHANGE_LAST;;1;1;XEUR;10381452;839;
25.04.2025;13:45:54.603;HMI SI 20250620 PS AM P 2340.00 0;SIMPLE_INSTRUMENT;BLOCK;EUR;16;79.33000000;50;EXCHANGE_LAST;;1;1;XEUR;13008846;950;
25.04.2025;13:45:54.589;HMI SI 20250620 PS AM C 2580.00 0;SIMPLE_INSTRUMENT;BLOCK;EUR;17;30.67000000;50;EXCHANGE_LAST;;1;1;XEUR;13008804;950;
25.04.2025;14:34:28.505;HMI SI 20250620 PS AM C 2580.00 0;SIMPLE_INSTRUMENT;BLOCK;EUR;19;29.00000000;50;EXCHANGE_LAST;;1;1;XEUR;13008804;950;
25.04.2025;13:24:18.481;HNK SI 20250620 PS AM C 84.00 0;SIMPLE_INSTRUMENT;BLOCK;EUR;26;0.71000000;762;EXCHANGE_LAST;;1;1;XEUR;11363284;947;
25.04.2025;13:24:29.512;HNK SI 20250620 PS AM P 76.00 0;SIMPLE_INSTRUMENT;BLOCK;EUR;27;1.69000000;762;EXCHANGE_LAST;;1;1;XEUR;11363299;947;
25.04.2025;10:34:31.811;HYQF SI 20250718 CS;SIMPLE_INSTRUMENT;BLOCK;EUR;24;200.89970000;20;EXCHANGE_LAST;;1;1;XEUR;11408051;481921;
25.04.2025;13:39:11.678;IBE SI 20250620 PS AM C 15.50 0;SIMPLE_INSTRUMENT;BLOCK;EUR;28;0.45000000;1500;EXCHANGE_LAST;;1;1;XEUR;11362750;908;
25.04.2025;13:39:22.790;IBE SI 20250620 PS AM C 15.50 0;SIMPLE_INSTRUMENT;BLOCK;EUR;29;0.46000000;4500;EXCHANGE_LAST;;1;1;XEUR;11362750;908;
25.04.2025;07:24:09.818;IES5 SI 20260319 PS AM C 4.40 0;SIMPLE_INSTRUMENT;BLOCK;EUR;1;0.46000000;1000;EXCHANGE_LAST;;1;1;XEUR;12988739;900;
25.04.2025;12:04:24.232;IES5 SI 20281214 PS AM P 4.00 0;SIMPLE_INSTRUMENT;BLOCK;EUR;22;0.79000000;1600;EXCHANGE_LAST;;1;1;XEUR;10381944;900;
25.04.2025;07:38:49.024;IFX SI 20291221 PS AM P 16.00 0;SIMPLE_INSTRUMENT;BLOCK;EUR;1;2.18000000;2500;EXCHANGE_LAST;;1;1;XEUR;12445156;902;
25.04.2025;09:09:45.997;IFX SI 20251219 PS AM P 32.00 0;SIMPLE_INSTRUMENT;BLOCK;EUR;4;4.88000000;8000;EXCHANGE_LAST;;2;1;XEUR;5933327;902;
25.04.2025;09:00:56.975;IFX SI 20250919 PS AM C 30.00 0;SIMPLE_INSTRUMENT;BLOCK;EUR;5;3.18000000;5000;EXCHANGE_LAST;;2;2;XEUR;11884224;902;
25.04.2025;09:16:12.883;IFX.O.250425.COMBO.000007;STANDARD_OPTION_STRATEGY;BLOCK;EUR;6;-0.81000000;4000;EXCHANGE_LAST;;2;1;XEUR;72061468098470393;902;
25.04.2025;09:16:12.883;IFX SI 20250919 PS AM P 24.00 0;SIMPLE_INSTRUMENT;BLOCK;EUR;6;0.92000000;4000;PRC_DECOMP_EXCHANGE;;;;XEUR;11884190;902;EXCHANGE
25.04.2025;09:16:12.883;IFX SI 20250919 PS AM C 34.00 0;SIMPLE_INSTRUMENT;BLOCK;EUR;6;1.73000000;4000;PRC_DECOMP_EXCHANGE;;;;XEUR;11884133;902;EXCHANGE
25.04.2025;09:51:32.570;IFX.O.250425.PDIA.000008;STANDARD_OPTION_STRATEGY;BLOCK;EUR;9;1.78000000;1500;EXCHANGE_LAST;;1;1;XEUR;72061468098470394;902;
25.04.2025;09:51:32.570;IFX SI 20250620 PS AM P 32.00 0;SIMPLE_INSTRUMENT;BLOCK;EUR;9;3.21000000;1500;PRC_DECOMP_MEMBER;;;;XEUR;7905933;902;MEMBER
25.04.2025;09:51:32.570;IFX SI 20250718 PS AM P 34.00 0;SIMPLE_INSTRUMENT;BLOCK;EUR;9;4.99000000;1500;PRC_DECOMP_MEMBER;;;;XEUR;13310077;902;MEMBER
25.04.2025;10:59:12.209;IFX SI 20260320 PS AM P 24.00 0;SIMPLE_INSTRUMENT;BLOCK;EUR;13;1.79000000;3750;EXCHANGE_LAST;;2;1;XEUR;13008003;902;
25.04.2025;11:05:36.040;IFX SI 20250919 PS AM P 26.00 0;SIMPLE_INSTRUMENT;BLOCK;EUR;14;1.45000000;3000;EXCHANGE_LAST;;1;1;XEUR;11884208;902;
25.04.2025;15:16:57.961;IFX SI 20250516 PS AM C 34.00 0;SIMPLE_INSTRUMENT;BLOCK;EUR;23;0.25000000;1500;EXCHANGE_LAST;;1;1;XEUR;12821712;902;
25.04.2025;14:40:33.214;IMCF SI 20250516 CS;SIMPLE_INSTRUMENT;BLOCK;EUR;87;118.14710000;3000;EXCHANGE_LAST;;1;1;XEUR;11060317;108043;
25.04.2025;08:01:40.037;ITK.O.250425.STG.000001;STANDARD_OPTION_STRATEGY;BLOCK;EUR;1;5.15000000;1054;EXCHANGE_LAST;;1;1;XEUR;72061884710275269;999;
25.04.2025;08:01:40.037;ITK SI 20250919 PS AM P 56.00 0;SIMPLE_INSTRUMENT;BLOCK;EUR;1;2.87000000;1054;PRC_DECOMP_EXCHANGE;;;;XEUR;11885683;999;EXCHANGE
25.04.2025;08:01:40.037;ITK SI 20250919 PS AM C 60.00 0;SIMPLE_INSTRUMENT;BLOCK;EUR;1;2.28000000;1054;PRC_DECOMP_EXCHANGE;;;;XEUR;11885678;999;EXCHANGE
25.04.2025;11:46:44.324;KNIN SI 20250919 PS AM C 200.00 0;SIMPLE_INSTRUMENT;BLOCK;CHF;27;5.60000000;200;EXCHANGE_LAST;;1;1;XEUR;11886801;1091;
25.04.2025;12:26:54.098;KNIN SI 20250620 PS AM P 200.00 0;SIMPLE_INSTRUMENT;BLOCK;CHF;34;18.90000000;150;EXCHANGE_LAST;;1;1;XEUR;9554163;1091;
25.04.2025;14:58:01.995;KNIN SI 20251219 PS AM C 220.00 0;SIMPLE_INSTRUMENT;BLOCK;CHF;56;3.79000000;1714;EXCHANGE_LAST;;1;1;XEUR;10786467;1091;
25.04.2025;15:37:37.856;L3HA SI 20261218 CS;SIMPLE_INSTRUMENT;BLOCK;EUR;100;0.27000000;1000;EXCHANGE_LAST;;1;1;XEUR;6866241;414625;
25.04.2025;13:02:32.454;LHA SI 20250516 PS AM C 6.70 0;SIMPLE_INSTRUMENT;BLOCK;EUR;18;0.11000000;17600;EXCHANGE_LAST;;1;1;XEUR;12824232;1126;
25.04.2025;13:02:33.427;LHA SI 20250516 PS AM C 7.20 0;SIMPLE_INSTRUMENT;BLOCK;EUR;19;0.01000000;17600;EXCHANGE_LAST;;1;1;XEUR;12824214;1126;
25.04.2025;07:58:03.122;LOGN.O.250425.BER.000001;STANDARD_OPTION_STRATEGY;BLOCK;CHF;4;4.51000000;700;EXCHANGE_LAST;;1;1;XEUR;72062503185571093;1143;
25.04.2025;07:58:03.122;LOGN SI 20251219 PS AM P 52.00 0;SIMPLE_INSTRUMENT;BLOCK;CHF;4;2.98000000;700;PRC_DECOMP_EXCHANGE;;;;XEUR;7299610;1143;EXCHANGE
25.04.2025;07:58:03.122;LOGN SI 20251219 PS AM P 64.00 0;SIMPLE_INSTRUMENT;BLOCK;CHF;4;7.49000000;700;PRC_DECOMP_EXCHANGE;;;;XEUR;12449199;1143;EXCHANGE
25.04.2025;12:09:55.022;LOGN SI 20250620 PS AM P 68.00 0;SIMPLE_INSTRUMENT;BLOCK;CHF;29;6.41000000;1000;EXCHANGE_LAST;;1;1;XEUR;7908146;1143;
25.04.2025;10:50:12.291;LONN SI 20251219 PS AM P 520.00 0;SIMPLE_INSTRUMENT;BLOCK;CHF;19;28.55000000;3000;EXCHANGE_LAST;;1;1;XEUR;10641243;1141;
25.04.2025;11:18:41.681;LONN SI 20250620 PS AM C 600.00 0;SIMPLE_INSTRUMENT;BLOCK;CHF;20;12.00000000;2000;EXCHANGE_LAST;;1;1;XEUR;11366147;1141;
25.04.2025;12:03:09.331;LONN SI 20250516 PS AM C 520.00 0;SIMPLE_INSTRUMENT;BLOCK;CHF;28;56.10000000;450;EXCHANGE_LAST;;1;1;XEUR;12823972;1141;
25.04.2025;10:38:36.203;LOR.O.250425.STG.000003;STANDARD_OPTION_STRATEGY;BLOCK;EUR;6;42.00000000;175;EXCHANGE_LAST;;1;1;XEUR;72062490300665232;1140;
25.04.2025;10:38:36.203;LOR SI 20251219 PS AM C 400.00 0;SIMPLE_INSTRUMENT;BLOCK;EUR;6;19.00000000;175;PRC_DECOMP_MEMBER;;;;XEUR;5936386;1140;MEMBER
25.04.2025;10:38:36.203;LOR SI 20251219 PS AM P 360.00 0;SIMPLE_INSTRUMENT;BLOCK;EUR;6;23.00000000;175;PRC_DECOMP_MEMBER;;;;XEUR;5936385;1140;MEMBER
25.04.2025;12:11:09.816;LOR SI 20250620 PS AM P 340.00 0;SIMPLE_INSTRUMENT;BLOCK;EUR;7;4.30000000;200;EXCHANGE_LAST;;1;1;XEUR;11366648;1140;
25.04.2025;12:26:48.821;M2RK SI 20250620 CS;SIMPLE_INSTRUMENT;BLOCK;EUR;43;2.20000000;115;EXCHANGE_LAST;;1;1;XEUR;10865363;45715;
25.04.2025;10:55:22.613;M3OH SI 20271217 CS;SIMPLE_INSTRUMENT;BLOCK;EUR;29;12.50000000;60;EXCHANGE_LAST;;1;2;XEUR;8405167;45419;
25.04.2025;14:36:58.035;M3OH SI 20250620 CS;SIMPLE_INSTRUMENT;BLOCK;EUR;86;7.50000000;209;EXCHANGE_LAST;;1;1;XEUR;10865286;45419;
25.04.2025;13:18:17.426;MOH SI 20250620 PS AM P 490.00 0;SIMPLE_INSTRUMENT;BLOCK;EUR;15;16.72000000;250;EXCHANGE_LAST;;1;1;XEUR;13010512;1074;
25.04.2025;12:37:53.514;MOHG SI 20250620 CS;SIMPLE_INSTRUMENT;BLOCK;EUR;47;502.30080000;2500;EXCHANGE_LAST;;1;1;XEUR;11193896;45418;
25.04.2025;12:27:58.600;MRKH SI 20250620 CS;SIMPLE_INSTRUMENT;BLOCK;EUR;42;119.33000000;1500;EXCHANGE_LAST;;1;1;XEUR;11193539;44366;
25.04.2025;08:48:27.473;MTX.O.250425.STG.000001;STANDARD_OPTION_STRATEGY;BLOCK;EUR;7;52.00000000;200;EXCHANGE_LAST;;1;1;XEUR;72062868257779930;1228;
25.04.2025;08:48:27.473;MTX SI 20251219 PS AM C 300.00 0;SIMPLE_INSTRUMENT;BLOCK;EUR;7;26.90000000;200;PRC_DECOMP_EXCHANGE;;;;XEUR;12452009;1228;EXCHANGE
25.04.2025;08:48:27.473;MTX SI 20251219 PS AM P 280.00 0;SIMPLE_INSTRUMENT;BLOCK;EUR;7;25.10000000;200;PRC_DECOMP_EXCHANGE;;;;XEUR;5937365;1228;EXCHANGE
25.04.2025;08:30:52.598;MUV2 SI 20251219 PS AM C 680.00 0;SIMPLE_INSTRUMENT;BLOCK;EUR;1;14.25000000;200;EXCHANGE_LAST;;1;1;XEUR;12452321;1234;
25.04.2025;14:35:13.685;N2DB SI 20261218 CS;SIMPLE_INSTRUMENT;BLOCK;EUR;84;1.05000000;1000;EXCHANGE_LAST;;1;1;XEUR;6822151;57102;
25.04.2025;15:27:31.190;N2DB SI 20260619 CS;SIMPLE_INSTRUMENT;BLOCK;EUR;95;0.80000000;500;EXCHANGE_LAST;;1;2;XEUR;13034384;57102;
25.04.2025;11:14:03.056;NESE SI 20250620 PS EU C 72.00 0;SIMPLE_INSTRUMENT;BLOCK;CHF;21;15.03000000;1000;EXCHANGE_LAST;;1;1;XEUR;11369736;1257;
