#Date;TrdTime;Contract;ContractType;TrdTyp;Currency;TesId;Prc;Qty;TrdInd;Aggressor;Buy;Sell;Exch;InstrumentId;RelatedProdId;PrcDecomp
08.11.2024;10:36:16.896;7PIF SI 20241219 CS;SIMPLE_INSTRUMENT;BLOCK;EUR;23;13.08780000;2000;EXCHANGE_LAST;;1;1;XEUR;7029747;48299;
08.11.2024;14:39:54.071;A2LV SI 20281215 CS;SIMPLE_INSTRUMENT;BLOCK;EUR;108;14.75000000;15;EXCHANGE_LAST;;1;1;XEUR;6796963;12;
08.11.2024;10:12:48.890;A2XA SI 20271217 CS;SIMPLE_INSTRUMENT;BLOCK;EUR;11;1.96000000;500;EXCHANGE_LAST;;1;1;XEUR;5914267;17;
08.11.2024;10:34:37.136;A2XA SI 20271217 CS;SIMPLE_INSTRUMENT;BLOCK;EUR;20;1.96000000;100;EXCHANGE_LAST;;1;1;XEUR;5914267;17;
08.11.2024;11:52:06.637;A2XA SI 20281215 CS;SIMPLE_INSTRUMENT;BLOCK;EUR;51;1.90000000;122;EXCHANGE_LAST;;1;1;XEUR;6796967;17;
08.11.2024;14:56:03.619;A2XA SI 20250321 CS;SIMPLE_INSTRUMENT;BLOCK;EUR;123;0.00100000;352;EXCHANGE_LAST;;1;1;XEUR;10393043;17;
08.11.2024;15:26:17.230;A2XA SI 20271217 CS;SIMPLE_INSTRUMENT;BLOCK;EUR;131;1.95000000;100;EXCHANGE_LAST;;1;1;XEUR;5914267;17;
08.11.2024;13:51:52.567;ABBE SI 20241115 PS EU P 49.50 0;SIMPLE_INSTRUMENT;BLOCK;CHF;62;0.45000000;1781;EXCHANGE_LAST;;1;1;XEUR;11740326;574516;
08.11.2024;10:40:31.805;ABBG SI 20241220 CS;SIMPLE_INSTRUMENT;BLOCK;CHF;26;50.31000000;1000;EXCHANGE_LAST;;1;1;XEUR;8508601;574520;
08.11.2024;15:06:06.462;ABBG SI 20241220 CS;SIMPLE_INSTRUMENT;BLOCK;CHF;127;50.06800000;1800;EXCHANGE_LAST;;1;1;XEUR;8508601;574520;
08.11.2024;10:51:24.781;ADEN SI 20250919 PS AM P 18.00 0;SIMPLE_INSTRUMENT;BLOCK;CHF;25;0.52000000;400;EXCHANGE_LAST;;1;1;XEUR;11870282;44;
08.11.2024;13:58:08.177;ADS SI 20241220 PS AM P 220.00 0;SIMPLE_INSTRUMENT;BLOCK;EUR;13;7.39000000;250;EXCHANGE_LAST;;1;1;XEUR;10394239;50;
08.11.2024;13:57:52.304;ADS SI 20241220 PS AM C 240.00 0;SIMPLE_INSTRUMENT;BLOCK;EUR;14;1.84000000;250;EXCHANGE_LAST;;1;1;XEUR;4637209;50;
08.11.2024;16:09:52.136;ADS SI 20250321 PS AM P 200.00 0;SIMPLE_INSTRUMENT;BLOCK;EUR;18;6.73000000;500;EXCHANGE_LAST;;1;2;XEUR;10828480;50;
08.11.2024;13:06:47.514;AHO SI 20250620 PS AM P 30.00 0;SIMPLE_INSTRUMENT;BLOCK;EUR;17;0.86000000;3500;EXCHANGE_LAST;;1;1;XEUR;11348879;68;
08.11.2024;13:05:24.757;ALCF SI 20241220 CS;SIMPLE_INSTRUMENT;BLOCK;CHF;83;80.45700000;1500;EXCHANGE_LAST;;1;1;XEUR;7052689;130133;
08.11.2024;09:18:15.724;ALV SI 20241220 PS AM P 260.00 0;SIMPLE_INSTRUMENT;BLOCK;EUR;1;1.23000000;300;EXCHANGE_LAST;;1;1;XEUR;10310973;74;
08.11.2024;13:28:34.684;ALV SI 20250321 PS AM P 270.00 0;SIMPLE_INSTRUMENT;BLOCK;EUR;5;5.00000000;850;EXCHANGE_LAST;;1;2;XEUR;10976922;74;
08.11.2024;13:13:40.204;AMS SI 20250321 PS AM C 8.00 0;SIMPLE_INSTRUMENT;BLOCK;CHF;56;0.85000000;500;EXCHANGE_LAST;;1;1;XEUR;11997677;10807;
08.11.2024;10:32:39.959;ASM SI 20250620 PS AM C 720.00 0;SIMPLE_INSTRUMENT;BLOCK;EUR;4;33.75000000;150;EXCHANGE_LAST;;1;1;XEUR;7898590;107;
08.11.2024;13:05:09.004;ASMH.S.NOV24.JAN25.SPD;FUTURES_SPREAD;BLOCK;EUR;84;-3.93000000;260;EXCHANGE_LAST;;1;1;XEUR;72074683712798950;3979;
08.11.2024;13:05:09.004;ASMH SI 20250117 CS;SIMPLE_INSTRUMENT;BLOCK;EUR;84;625.43000000;260;PRC_DECOMP_MEMBER;;;;XEUR;10429623;3979;MEMBER
08.11.2024;13:05:09.004;ASMH SI 20241115 CS;SIMPLE_INSTRUMENT;BLOCK;EUR;84;621.50000000;260;PRC_DECOMP_MEMBER;;;;XEUR;10134763;3979;MEMBER
08.11.2024;14:36:38.112;AXAG.S.DEC24.MAR25.SPD;FUTURES_SPREAD;BLOCK;EUR;113;-0.24500000;6000;EXCHANGE_LAST;;1;1;XEUR;72058130908840250;125;
08.11.2024;14:36:38.112;AXAG SI 20241220 CS;SIMPLE_INSTRUMENT;BLOCK;EUR;113;34.28080000;6000;PRC_DECOMP_EXCHANGE;;;;XEUR;7031589;125;EXCHANGE
08.11.2024;14:36:38.112;AXAG SI 20250321 CS;SIMPLE_INSTRUMENT;BLOCK;EUR;113;34.52580000;6000;PRC_DECOMP_EXCHANGE;;;;XEUR;10693637;125;EXCHANGE
08.11.2024;14:44:32.695;AXAG.S.DEC24.MAR25.SPD;FUTURES_SPREAD;BLOCK;EUR;118;-0.24500000;4000;EXCHANGE_LAST;;1;1;XEUR;72058130908840250;125;
08.11.2024;14:44:32.695;AXAG SI 20250321 CS;SIMPLE_INSTRUMENT;BLOCK;EUR;118;34.52580000;4000;PRC_DECOMP_MEMBER;;;;XEUR;10693637;125;MEMBER
08.11.2024;14:44:32.695;AXAG SI 20241220 CS;SIMPLE_INSTRUMENT;BLOCK;EUR;118;34.28080000;4000;PRC_DECOMP_MEMBER;;;;XEUR;7031589;125;MEMBER
08.11.2024;09:41:58.885;B2MW SI 20251219 CS;SIMPLE_INSTRUMENT;BLOCK;EUR;7;3.80000000;50;EXCHANGE_LAST;;1;1;XEUR;3681121;128;
08.11.2024;09:54:39.031;B2MW SI 20251219 CS;SIMPLE_INSTRUMENT;BLOCK;EUR;9;3.72000000;100;EXCHANGE_LAST;;1;1;XEUR;3681121;128;
08.11.2024;11:54:52.854;B2MW SI 20281215 CS;SIMPLE_INSTRUMENT;BLOCK;EUR;53;3.17000000;55;EXCHANGE_LAST;;1;1;XEUR;6798304;128;
08.11.2024;10:13:29.124;B2NP SI 20261218 CS;SIMPLE_INSTRUMENT;BLOCK;EUR;12;4.36000000;150;EXCHANGE_LAST;;1;1;XEUR;6798320;131;
08.11.2024;10:13:37.067;B2NP SI 20261218 CS;SIMPLE_INSTRUMENT;BLOCK;EUR;13;4.35000000;150;EXCHANGE_LAST;;1;1;XEUR;6798320;131;
08.11.2024;11:43:04.263;B2NP SI 20251219 CS;SIMPLE_INSTRUMENT;BLOCK;EUR;50;4.76000000;200;EXCHANGE_LAST;;1;1;XEUR;5914355;131;
08.11.2024;13:01:30.478;B2NP SI 20251219 CS;SIMPLE_INSTRUMENT;BLOCK;EUR;76;4.76000000;200;EXCHANGE_LAST;;2;1;XEUR;5914355;131;
08.11.2024;13:01:19.478;B2NP SI 20261218 CS;SIMPLE_INSTRUMENT;BLOCK;EUR;77;4.31000000;200;EXCHANGE_LAST;;2;1;XEUR;6798320;131;
08.11.2024;13:01:09.478;B2NP SI 20271217 CS;SIMPLE_INSTRUMENT;BLOCK;EUR;78;3.92000000;200;EXCHANGE_LAST;;2;1;XEUR;7086925;131;
08.11.2024;15:16:54.164;B2NP SI 20261218 CS;SIMPLE_INSTRUMENT;BLOCK;EUR;128;4.33000000;50;EXCHANGE_LAST;;1;1;XEUR;6798320;131;
08.11.2024;15:46:01.047;B2NP SI 20281215 CS;SIMPLE_INSTRUMENT;BLOCK;EUR;139;3.66000000;100;EXCHANGE_LAST;;1;1;XEUR;7086921;131;
08.11.2024;16:22:13.488;B2NP SI 20251219 CS;SIMPLE_INSTRUMENT;BLOCK;EUR;144;4.76000000;50;EXCHANGE_LAST;;1;1;XEUR;5914355;131;
08.11.2024;16:43:44.305;B2NP SI 20251219 CS;SIMPLE_INSTRUMENT;BLOCK;EUR;151;4.77000000;100;EXCHANGE_LAST;;1;1;XEUR;5914355;131;
08.11.2024;12:56:23.185;B3BV SI 20251219 CS;SIMPLE_INSTRUMENT;BLOCK;EUR;75;0.74000000;500;EXCHANGE_LAST;;1;1;XEUR;5914370;135;
08.11.2024;08:24:01.399;BAS SI 20241129 PS AM C 47.00 0;SIMPLE_INSTRUMENT;BLOCK;EUR;1;0.40000000;2110;EXCHANGE_LAST;;1;1;XEUR;12068884;150;
08.11.2024;13:10:51.246;BAS.O.241108.RTSP.000013;STANDARD_OPTION_STRATEGY;BLOCK;EUR;4;-0.62000000;1000;EXCHANGE_LAST;;1;1;XEUR;72058238283088529;150;
08.11.2024;13:10:51.246;BAS SI 20241220 PS AM P 44.00 0;SIMPLE_INSTRUMENT;BLOCK;EUR;4;1.45000000;1000;PRC_DECOMP_EXCHANGE;;;;XEUR;4705204;150;EXCHANGE
08.11.2024;13:10:51.246;BAS SI 20250321 PS AM C 50.00 0;SIMPLE_INSTRUMENT;BLOCK;EUR;4;0.83000000;1000;PRC_DECOMP_EXCHANGE;;;;XEUR;10831042;150;EXCHANGE
08.11.2024;13:10:19.570;BAS.O.241108.RTSP.000013;STANDARD_OPTION_STRATEGY;BLOCK;EUR;5;-0.63000000;1000;EXCHANGE_LAST;;1;1;XEUR;72058238283088529;150;
08.11.2024;13:10:19.570;BAS SI 20241220 PS AM P 44.00 0;SIMPLE_INSTRUMENT;BLOCK;EUR;5;1.46000000;1000;PRC_DECOMP_EXCHANGE;;;;XEUR;4705204;150;EXCHANGE
08.11.2024;13:10:19.570;BAS SI 20250321 PS AM C 50.00 0;SIMPLE_INSTRUMENT;BLOCK;EUR;5;0.83000000;1000;PRC_DECOMP_EXCHANGE;;;;XEUR;10831042;150;EXCHANGE
08.11.2024;13:50:39.141;BAS.O.241108.COMBO.000017;STANDARD_OPTION_STRATEGY;BLOCK;EUR;6;1.22000000;3500;EXCHANGE_LAST;;2;3;XEUR;72058238283088533;150;
08.11.2024;13:50:39.141;BAS SI 20250620 PS AM C 50.00 0;SIMPLE_INSTRUMENT;BLOCK;EUR;6;0.98000000;3500;PRC_DECOMP_EXCHANGE;;;;XEUR;10779749;150;EXCHANGE
08.11.2024;13:50:39.141;BAS SI 20250620 PS AM P 40.00 0;SIMPLE_INSTRUMENT;BLOCK;EUR;6;2.20000000;3500;PRC_DECOMP_EXCHANGE;;;;XEUR;7899120;150;EXCHANGE
08.11.2024;15:53:17.163;BAS SI 20260619 PS AM P 36.00 0;SIMPLE_INSTRUMENT;BLOCK;EUR;8;2.50000000;1200;EXCHANGE_LAST;;1;1;XEUR;9539328;150;
08.11.2024;15:21:33.260;BAY SI 20250919 PS AM P 20.00 0;SIMPLE_INSTRUMENT;BLOCK;EUR;7;1.18000000;1000;EXCHANGE_LAST;;1;1;XEUR;11873110;168;
08.11.2024;16:08:54.149;BAYG SI 20241220 CS;SIMPLE_INSTRUMENT;BLOCK;EUR;142;24.18500000;3000;EXCHANGE_LAST;;1;1;XEUR;7051807;76034;
08.11.2024;10:28:09.177;BBVD SI 20241220 PS AM C 9.50 0;SIMPLE_INSTRUMENT;BLOCK;EUR;3;0.23000000;5000;EXCHANGE_LAST;;1;1;XEUR;9539825;172;
08.11.2024;11:15:16.183;BBVD SI 20241220 PS AM C 10.00 0;SIMPLE_INSTRUMENT;BLOCK;EUR;9;0.12000000;1920;EXCHANGE_LAST;;1;1;XEUR;8715594;172;
08.11.2024;11:15:05.183;BBVD SI 20241220 PS AM P 8.00 0;SIMPLE_INSTRUMENT;BLOCK;EUR;10;0.07000000;1920;EXCHANGE_LAST;;1;1;XEUR;8112625;172;
08.11.2024;13:01:09.442;BBVD SI 20250620 PS AM P 9.00 0;SIMPLE_INSTRUMENT;BLOCK;EUR;16;0.79000000;8000;EXCHANGE_LAST;;1;1;XEUR;8215213;172;
08.11.2024;08:25:19.057;BMW SI 20241129 PS AM C 72.00 0;SIMPLE_INSTRUMENT;BLOCK;EUR;1;0.64000000;1175;EXCHANGE_LAST;;1;1;XEUR;12070007;210;
08.11.2024;10:39:28.061;BMW.O.241108.STG.000016;STANDARD_OPTION_STRATEGY;BLOCK;EUR;5;8.19000000;750;EXCHANGE_LAST;;1;1;XEUR;72058495981106365;210;
08.11.2024;10:39:28.061;BMW SI 20250620 PS AM P 64.00 0;SIMPLE_INSTRUMENT;BLOCK;EUR;5;4.80000000;750;PRC_DECOMP_EXCHANGE;;;;XEUR;11352603;210;EXCHANGE
08.11.2024;10:39:28.061;BMW SI 20250620 PS AM C 72.00 0;SIMPLE_INSTRUMENT;BLOCK;EUR;5;3.39000000;750;PRC_DECOMP_EXCHANGE;;;;XEUR;11332527;210;EXCHANGE
08.11.2024;12:22:41.129;BMW SI 20250919 PS AM P 60.00 0;SIMPLE_INSTRUMENT;BLOCK;EUR;14;3.70000000;700;EXCHANGE_LAST;;1;1;XEUR;11874324;210;
08.11.2024;13:41:13.495;BMW SI 20250321 PS AM P 64.00 0;SIMPLE_INSTRUMENT;BLOCK;EUR;15;2.57000000;800;EXCHANGE_LAST;;1;1;XEUR;10832577;210;
08.11.2024;14:59:42.516;BMW.O.241108.BER.000012;STANDARD_OPTION_STRATEGY;BLOCK;EUR;17;1.00000000;500;EXCHANGE_LAST;;1;1;XEUR;72058495981106361;210;
08.11.2024;14:59:42.516;BMW SI 20241220 PS AM P 96.00 0;SIMPLE_INSTRUMENT;BLOCK;EUR;17;28.92000000;500;PRC_DECOMP_EXCHANGE;;;;XEUR;10398313;210;EXCHANGE
08.11.2024;14:59:42.516;BMW SI 20241220 PS AM P 95.00 0;SIMPLE_INSTRUMENT;BLOCK;EUR;17;27.92000000;500;PRC_DECOMP_EXCHANGE;;;;XEUR;9393924;210;EXCHANGE
08.11.2024;15:09:14.717;BMW.O.241108.BER.000028;STANDARD_OPTION_STRATEGY;BLOCK;EUR;20;6.13000000;800;EXCHANGE_LAST;;1;2;XEUR;72058495981106377;210;
08.11.2024;15:09:14.717;BMW SI 20250620 PS AM P 60.00 0;SIMPLE_INSTRUMENT;BLOCK;EUR;20;3.20000000;800;PRC_DECOMP_EXCHANGE;;;;XEUR;7899890;210;EXCHANGE
08.11.2024;15:09:14.717;BMW SI 20250620 PS AM P 72.00 0;SIMPLE_INSTRUMENT;BLOCK;EUR;20;9.33000000;800;PRC_DECOMP_EXCHANGE;;;;XEUR;11332528;210;EXCHANGE
08.11.2024;15:33:26.497;BMW.O.241108.BER.000030;STANDARD_OPTION_STRATEGY;BLOCK;EUR;25;10.00000000;400;EXCHANGE_LAST;;1;1;XEUR;72058495981106379;210;
08.11.2024;15:33:26.497;BMW SI 20241220 PS AM P 110.00 0;SIMPLE_INSTRUMENT;BLOCK;EUR;25;42.99000000;400;PRC_DECOMP_EXCHANGE;;;;XEUR;10358056;210;EXCHANGE
08.11.2024;15:33:26.497;BMW SI 20241220 PS AM P 100.00 0;SIMPLE_INSTRUMENT;BLOCK;EUR;25;32.99000000;400;PRC_DECOMP_EXCHANGE;;;;XEUR;4640274;210;EXCHANGE
08.11.2024;16:21:08.503;BMW SI 20250321 PS AM C 68.00 0;SIMPLE_INSTRUMENT;BLOCK;EUR;27;4.28000000;1000;EXCHANGE_LAST;;1;1;XEUR;10832599;210;
08.11.2024;08:55:23.659;BNP SI 20241220 PS AM C 60.00 0;SIMPLE_INSTRUMENT;BLOCK;EUR;4;1.76000000;1420;EXCHANGE_LAST;;1;1;XEUR;4640395;237;
08.11.2024;09:45:49.406;BNP.O.241108.BUL.000005;STANDARD_OPTION_STRATEGY;BLOCK;EUR;8;0.29000000;800;EXCHANGE_LAST;;1;1;XEUR;72058611945197478;237;
08.11.2024;09:45:49.406;BNP SI 20241220 PS AM C 64.00 0;SIMPLE_INSTRUMENT;BLOCK;EUR;8;0.50000000;800;PRC_DECOMP_MEMBER;;;;XEUR;4640397;237;MEMBER
08.11.2024;09:45:49.406;BNP SI 20241220 PS AM C 66.00 0;SIMPLE_INSTRUMENT;BLOCK;EUR;8;0.21000000;800;PRC_DECOMP_MEMBER;;;;XEUR;11874807;237;MEMBER
08.11.2024;09:46:00.989;BNP.O.241108.BUL.000005;STANDARD_OPTION_STRATEGY;BLOCK;EUR;9;0.31000000;1150;EXCHANGE_LAST;;1;1;XEUR;72058611945197478;237;
08.11.2024;09:46:00.989;BNP SI 20241220 PS AM C 66.00 0;SIMPLE_INSTRUMENT;BLOCK;EUR;9;0.19000000;1150;PRC_DECOMP_MEMBER;;;;XEUR;11874807;237;MEMBER
08.11.2024;09:46:00.989;BNP SI 20241220 PS AM C 64.00 0;SIMPLE_INSTRUMENT;BLOCK;EUR;9;0.50000000;1150;PRC_DECOMP_MEMBER;;;;XEUR;4640397;237;MEMBER
08.11.2024;10:19:00.273;BNP SI 20241220 PS AM P 56.00 0;SIMPLE_INSTRUMENT;BLOCK;EUR;12;0.64000000;1000;EXCHANGE_LAST;;1;1;XEUR;4640394;237;
08.11.2024;11:04:46.732;BNP SI 20250919 PS AM P 56.00 0;SIMPLE_INSTRUMENT;BLOCK;EUR;17;4.77000000;750;EXCHANGE_LAST;;1;1;XEUR;11875183;237;
08.11.2024;11:04:58.055;BNP SI 20250919 PS AM P 46.00 0;SIMPLE_INSTRUMENT;BLOCK;EUR;18;1.60000000;1500;EXCHANGE_LAST;;1;1;XEUR;11875151;237;
08.11.2024;11:12:13.863;BNP.O.241108.STG.000009;STANDARD_OPTION_STRATEGY;BLOCK;EUR;19;4.89000000;2000;EXCHANGE_LAST;;1;1;XEUR;72058611945197482;237;
08.11.2024;11:12:13.863;BNP SI 20250321 PS AM P 56.00 0;SIMPLE_INSTRUMENT;BLOCK;EUR;19;1.74000000;2000;PRC_DECOMP_MEMBER;;;;XEUR;10832950;237;MEMBER
08.11.2024;11:12:13.863;BNP SI 20250321 PS AM C 60.00 0;SIMPLE_INSTRUMENT;BLOCK;EUR;19;3.15000000;2000;PRC_DECOMP_MEMBER;;;;XEUR;10832953;237;MEMBER
08.11.2024;14:25:23.612;BNP SI 20271217 PS AM P 40.00 0;SIMPLE_INSTRUMENT;BLOCK;EUR;31;3.55000000;1500;EXCHANGE_LAST;;1;1;XEUR;8776272;237;
08.11.2024;15:24:55.511;BNP.O.241108.STD.000011;STANDARD_OPTION_STRATEGY;BLOCK;EUR;34;19.10000000;2000;EXCHANGE_LAST;;2;2;XEUR;72058611945197484;237;
08.11.2024;15:24:55.511;BNP SI 20271217 PS AM C 60.00 0;SIMPLE_INSTRUMENT;BLOCK;EUR;34;6.12000000;2000;PRC_DECOMP_EXCHANGE;;;;XEUR;8776300;237;EXCHANGE
08.11.2024;15:24:55.511;BNP SI 20271217 PS AM P 60.00 0;SIMPLE_INSTRUMENT;BLOCK;EUR;34;12.98000000;2000;PRC_DECOMP_EXCHANGE;;;;XEUR;8776307;237;EXCHANGE
08.11.2024;15:40:58.030;BNP.O.241108.BER.000010;STANDARD_OPTION_STRATEGY;BLOCK;EUR;36;4.47000000;2400;EXCHANGE_LAST;;2;1;XEUR;72058611945197483;237;
08.11.2024;15:40:58.030;BNP SI 20271217 PS AM P 40.00 0;SIMPLE_INSTRUMENT;BLOCK;EUR;36;4.15000000;2400;PRC_DECOMP_EXCHANGE;;;;XEUR;8776272;237;EXCHANGE
08.11.2024;15:40:58.030;BNP SI 20271217 PS AM P 52.00 0;SIMPLE_INSTRUMENT;BLOCK;EUR;36;8.62000000;2400;PRC_DECOMP_EXCHANGE;;;;XEUR;8776314;237;EXCHANGE
08.11.2024;13:41:36.425;BPV SI 20250320 PS AM P 5.60 0;SIMPLE_INSTRUMENT;BLOCK;EUR;22;0.15100000;1500;EXCHANGE_LAST;;1;1;XEUR;10822356;251;
08.11.2024;10:22:59.749;BPVJ SI 20241219 CS;SIMPLE_INSTRUMENT;BLOCK;EUR;14;6.42330000;10000;EXCHANGE_LAST;;1;1;XEUR;7029761;48715;
08.11.2024;11:16:29.908;BSI SI 20260619 PS AM C 140.00 0;SIMPLE_INSTRUMENT;BLOCK;EUR;11;13.80000000;250;EXCHANGE_LAST;;1;1;XEUR;11392944;76317;
08.11.2024;12:05:46.071;BUCN SI 20250919 PS AM P 300.00 0;SIMPLE_INSTRUMENT;BLOCK;CHF;43;12.40000000;1000;EXCHANGE_LAST;;1;1;XEUR;11912908;108037;
08.11.2024;09:30:26.725;BYG.O.241108.IRTSP.000001;STANDARD_OPTION_STRATEGY;BLOCK;EUR;6;-1.26000000;2000;EXCHANGE_LAST;;1;1;XEUR;72058796628777060;280;
08.11.2024;09:30:26.725;BYG SI 20250321 PS AM P 30.00 0;SIMPLE_INSTRUMENT;BLOCK;EUR;6;1.45000000;2000;PRC_DECOMP_EXCHANGE;;;;XEUR;10833984;280;EXCHANGE
08.11.2024;09:30:26.725;BYG SI 20241220 PS AM C 32.00 0;SIMPLE_INSTRUMENT;BLOCK;EUR;6;0.19000000;2000;PRC_DECOMP_EXCHANGE;;;;XEUR;4640965;280;EXCHANGE
08.11.2024;11:07:25.866;C4RI SI 20241220 CS;SIMPLE_INSTRUMENT;BLOCK;EUR;21;2.72900000;2625;EXCHANGE_LAST;;1;1;XEUR;4632261;50862;
08.11.2024;12:15:32.685;C4RI SI 20261218 CS;SIMPLE_INSTRUMENT;BLOCK;EUR;62;2.83000000;200;EXCHANGE_LAST;;1;2;XEUR;6821680;50862;
08.11.2024;10:47:55.910;CBK SI 20241220 PS AM C 16.20 0;SIMPLE_INSTRUMENT;BLOCK;EUR;5;0.46000000;1250;EXCHANGE_LAST;;1;1;XEUR;11621475;268;
08.11.2024;10:46:19.978;CFR SI 20250620 PS AM P 110.00 0;SIMPLE_INSTRUMENT;BLOCK;CHF;22;5.48000000;500;EXCHANGE_LAST;;1;1;XEUR;11354574;313;
08.11.2024;10:46:22.180;CFR SI 20250620 PS AM C 140.00 0;SIMPLE_INSTRUMENT;BLOCK;CHF;23;4.02000000;500;EXCHANGE_LAST;;1;1;XEUR;9996498;313;
08.11.2024;11:57:12.150;CFR SI 20241220 PS AM P 120.00 0;SIMPLE_INSTRUMENT;BLOCK;CHF;36;3.60000000;500;EXCHANGE_LAST;;1;1;XEUR;9996582;313;
08.11.2024;11:57:17.579;CFR SI 20250117 PS AM P 108.00 0;SIMPLE_INSTRUMENT;BLOCK;CHF;37;1.46000000;500;EXCHANGE_LAST;;1;1;XEUR;12071431;313;
08.11.2024;11:56:36.305;CFR SI 20250620 PS AM P 120.00 0;SIMPLE_INSTRUMENT;BLOCK;CHF;41;10.10000000;1350;EXCHANGE_LAST;;2;2;XEUR;9996501;313;
08.11.2024;13:07:21.258;CFR SI 20250321 PS AM P 120.00 0;SIMPLE_INSTRUMENT;BLOCK;CHF;50;6.36000000;500;EXCHANGE_LAST;;1;1;XEUR;10834886;313;
08.11.2024;13:07:27.516;CFR SI 20250919 PS AM P 100.00 0;SIMPLE_INSTRUMENT;BLOCK;CHF;51;4.14000000;750;EXCHANGE_LAST;;1;1;XEUR;11876376;313;
08.11.2024;15:03:15.289;CFR.O.241108.BRT.000011;STANDARD_OPTION_STRATEGY;BLOCK;CHF;75;1.47000000;300;EXCHANGE_LAST;;1;1;XEUR;72058938362724874;313;
08.11.2024;15:03:15.289;CFR SI 20241220 PS AM P 114.00 0;SIMPLE_INSTRUMENT;BLOCK;CHF;75;1.90000000;300;PRC_DECOMP_EXCHANGE;;;;XEUR;11820173;313;EXCHANGE
08.11.2024;15:03:15.289;CFR SI 20241115 PS AM P 114.00 0;SIMPLE_INSTRUMENT;BLOCK;CHF;75;0.43000000;300;PRC_DECOMP_EXCHANGE;;;;XEUR;11702434;313;EXCHANGE
08.11.2024;15:39:56.473;CFR SI 20250919 PS AM P 120.00 0;SIMPLE_INSTRUMENT;BLOCK;CHF;80;11.40000000;300;EXCHANGE_LAST;;1;1;XEUR;11876511;313;
08.11.2024;16:25:39.915;CFR SI 20250620 PS AM P 120.00 0;SIMPLE_INSTRUMENT;BLOCK;CHF;90;9.78000000;500;EXCHANGE_LAST;;1;1;XEUR;9996501;313;
08.11.2024;16:29:34.936;CFR SI 20250620 PS AM P 120.00 0;SIMPLE_INSTRUMENT;BLOCK;CHF;91;9.78000000;500;EXCHANGE_LAST;;1;1;XEUR;9996501;313;
08.11.2024;10:45:13.464;CFRL SI 20241115 CS;SIMPLE_INSTRUMENT;BLOCK;CHF;29;122.00000000;275;EXCHANGE_LAST;;1;1;XEUR;10160336;729453;
08.11.2024;10:45:34.051;CFRL SI 20250815 CS;SIMPLE_INSTRUMENT;BLOCK;CHF;31;122.78000000;275;EXCHANGE_LAST;;1;1;XEUR;11576690;729453;
08.11.2024;15:57:28.286;CGM.O.241108.PDIA.000003;STANDARD_OPTION_STRATEGY;BLOCK;EUR;37;1.80000000;300;EXCHANGE_LAST;;1;1;XEUR;72058955542570376;317;
08.11.2024;15:57:28.286;CGM SI 20241220 PS AM P 150.00 0;SIMPLE_INSTRUMENT;BLOCK;EUR;37;1.95000000;300;PRC_DECOMP_EXCHANGE;;;;XEUR;10400599;317;EXCHANGE
08.11.2024;15:57:28.286;CGM SI 20250321 PS AM P 140.00 0;SIMPLE_INSTRUMENT;BLOCK;EUR;37;3.75000000;300;PRC_DECOMP_EXCHANGE;;;;XEUR;10834783;317;EXCHANGE
08.11.2024;09:31:49.685;CNYA SI 20241220 PS AM C 5.50 0;SIMPLE_INSTRUMENT;BLOCK;USD;1;0.10000000;1468;EXCHANGE_LAST;;1;1;XEUR;10459526;666868;
08.11.2024;16:39:58.824;CR5J SI 20241219 CS;SIMPLE_INSTRUMENT;BLOCK;EUR;150;39.34500000;500;EXCHANGE_LAST;;1;1;XEUR;7029763;50861;
08.11.2024;16:32:44.170;CRI5 SI 20241219 PS AM C 44.00 0;SIMPLE_INSTRUMENT;BLOCK;EUR;26;0.17000000;2000;EXCHANGE_LAST;;1;1;XEUR;9040299;320;
08.11.2024;09:21:38.024;D2PW SI 20251219 CS;SIMPLE_INSTRUMENT;BLOCK;EUR;2;1.80000000;125;EXCHANGE_LAST;;2;1;XEUR;3681256;9702;
08.11.2024;11:22:32.314;D3AI SI 20251219 CS;SIMPLE_INSTRUMENT;BLOCK;EUR;46;3.77000000;50;EXCHANGE_LAST;;1;1;XEUR;7144062;443197;
08.11.2024;11:27:24.378;D3AI SI 20251219 CS;SIMPLE_INSTRUMENT;BLOCK;EUR;47;3.77000000;200;EXCHANGE_LAST;;2;1;XEUR;7144062;443197;
08.11.2024;11:34:23.650;D3AI SI 20251219 CS;SIMPLE_INSTRUMENT;BLOCK;EUR;49;3.77000000;100;EXCHANGE_LAST;;1;1;XEUR;7144062;443197;
08.11.2024;12:10:57.663;D3AI SI 20251219 CS;SIMPLE_INSTRUMENT;BLOCK;EUR;60;3.78000000;100;EXCHANGE_LAST;;1;1;XEUR;7144062;443197;
08.11.2024;12:15:55.261;D3AI SI 20281215 CS;SIMPLE_INSTRUMENT;BLOCK;EUR;61;2.35000000;50;EXCHANGE_LAST;;1;1;XEUR;7144065;443197;
08.11.2024;13:42:21.184;D3AI SI 20251219 CS;SIMPLE_INSTRUMENT;BLOCK;EUR;91;3.80000000;250;EXCHANGE_LAST;;2;1;XEUR;7144062;443197;
08.11.2024;14:47:37.808;D3AI SI 20261218 CS;SIMPLE_INSTRUMENT;BLOCK;EUR;119;2.87000000;100;EXCHANGE_LAST;;1;1;XEUR;7144051;443197;
08.11.2024;10:55:14.592;DAI SI 20251219 PS AM P 52.00 0;SIMPLE_INSTRUMENT;BLOCK;EUR;6;5.85000000;2500;EXCHANGE_LAST;;1;2;XEUR;7144530;443196;
08.11.2024;10:58:09.303;DAI.O.241108.IRTRY.000020;STANDARD_OPTION_STRATEGY;BLOCK;EUR;9;1.38000000;1000;EXCHANGE_LAST;;1;1;XEUR;73961106363660675;443196;
08.11.2024;10:58:09.303;DAI SI 20250620 PS AM C 56.00 0;SIMPLE_INSTRUMENT;BLOCK;EUR;9;2.56000000;1000;PRC_DECOMP_EXCHANGE;;;;XEUR;8006363;443196;EXCHANGE
08.11.2024;10:58:09.303;DAI SI 20250620 PS AM P 36.00 0;SIMPLE_INSTRUMENT;BLOCK;EUR;9;0.59000000;2000;PRC_DECOMP_EXCHANGE;;;;XEUR;8173914;443196;EXCHANGE
08.11.2024;11:17:34.335;DAI SI 20251219 PS AM P 52.00 0;SIMPLE_INSTRUMENT;BLOCK;EUR;11;5.85000000;750;EXCHANGE_LAST;;1;1;XEUR;7144530;443196;
08.11.2024;11:30:13.518;DAI.O.241108.BUL.000022;STANDARD_OPTION_STRATEGY;BLOCK;EUR;13;5.70000000;3000;EXCHANGE_LAST;;2;1;XEUR;73961106363660677;443196;
08.11.2024;11:30:13.518;DAI SI 20261218 PS AM C 50.00 0;SIMPLE_INSTRUMENT;BLOCK;EUR;13;7.51000000;3000;PRC_DECOMP_EXCHANGE;;;;XEUR;7722759;443196;EXCHANGE
08.11.2024;11:30:13.518;DAI SI 20261218 PS AM C 68.00 0;SIMPLE_INSTRUMENT;BLOCK;EUR;13;1.81000000;3000;PRC_DECOMP_EXCHANGE;;;;XEUR;7190185;443196;EXCHANGE
08.11.2024;15:38:11.043;DAI.O.241108.BER.000039;STANDARD_OPTION_STRATEGY;BLOCK;EUR;23;6.00000000;750;EXCHANGE_LAST;;1;1;XEUR;73961106363660694;443196;
08.11.2024;15:38:11.043;DAI SI 20241220 PS AM P 76.00 0;SIMPLE_INSTRUMENT;BLOCK;EUR;23;23.77000000;750;PRC_DECOMP_EXCHANGE;;;;XEUR;7144575;443196;EXCHANGE
08.11.2024;15:38:11.043;DAI SI 20241220 PS AM P 70.00 0;SIMPLE_INSTRUMENT;BLOCK;EUR;23;17.77000000;750;PRC_DECOMP_EXCHANGE;;;;XEUR;7423847;443196;EXCHANGE
08.11.2024;16:34:20.927;DAI.O.241108.STD.000041;STANDARD_OPTION_STRATEGY;BLOCK;EUR;29;18.90000000;850;EXCHANGE_LAST;;1;2;XEUR;73961106363660696;443196;
08.11.2024;16:34:20.927;DAI SI 20281215 PS AM P 48.00 0;SIMPLE_INSTRUMENT;BLOCK;EUR;29;9.19000000;850;PRC_DECOMP_EXCHANGE;;;;XEUR;10455590;443196;EXCHANGE
08.11.2024;16:34:20.927;DAI SI 20281215 PS AM C 48.00 0;SIMPLE_INSTRUMENT;BLOCK;EUR;29;9.71000000;850;PRC_DECOMP_EXCHANGE;;;;XEUR;10455588;443196;EXCHANGE
08.11.2024;12:42:41.768;DBK SI 20260619 PS AM P 12.00 0;SIMPLE_INSTRUMENT;BLOCK;EUR;10;1.07000000;6500;EXCHANGE_LAST;;2;2;XEUR;9544004;362;
08.11.2024;10:10:06.316;DPW SI 20251219 PS AM C 36.00 0;SIMPLE_INSTRUMENT;BLOCK;EUR;1;2.69000000;1000;EXCHANGE_LAST;;1;1;XEUR;5926787;445;
08.11.2024;11:15:55.695;DPW SI 20250321 PS AM P 34.00 0;SIMPLE_INSTRUMENT;BLOCK;EUR;6;1.16000000;2500;EXCHANGE_LAST;;1;1;XEUR;10836847;445;
08.11.2024;11:15:59.545;DPW SI 20250321 PS AM C 36.00 0;SIMPLE_INSTRUMENT;BLOCK;EUR;7;1.76000000;2500;EXCHANGE_LAST;;1;1;XEUR;10836841;445;
08.11.2024;12:38:36.512;DPW SI 20261218 PS AM P 28.00 0;SIMPLE_INSTRUMENT;BLOCK;EUR;9;1.82000000;2000;EXCHANGE_LAST;;2;1;XEUR;7493556;445;
08.11.2024;12:41:36.546;DPWP FI 20250124 PS;FLEXIBLE_INSTRUMENT;BLOCK;EUR;71;35.79270000;13200;EXCHANGE_LAST;;1;1;XEUR;1153455326092066829;124290;
08.11.2024;10:47:44.660;DTE.O.241108.STG.000004;STANDARD_OPTION_STRATEGY;BLOCK;EUR;2;0.97000000;2500;EXCHANGE_LAST;;1;1;XEUR;72059415104104708;424;
08.11.2024;10:47:44.660;DTE SI 20250321 PS AM P 27.00 0;SIMPLE_INSTRUMENT;BLOCK;EUR;2;0.45000000;2500;PRC_DECOMP_EXCHANGE;;;;XEUR;11523269;424;EXCHANGE
08.11.2024;10:47:44.660;DTE SI 20250321 PS AM C 30.00 0;SIMPLE_INSTRUMENT;BLOCK;EUR;2;0.52000000;2500;PRC_DECOMP_EXCHANGE;;;;XEUR;10836585;424;EXCHANGE
08.11.2024;11:04:51.318;DTE.O.241108.STD.000005;STANDARD_OPTION_STRATEGY;BLOCK;EUR;4;2.10000000;2000;EXCHANGE_LAST;;1;1;XEUR;72059415104104709;424;
08.11.2024;11:04:51.318;DTE SI 20250321 PS AM P 28.50 0;SIMPLE_INSTRUMENT;BLOCK;EUR;4;0.98000000;2000;PRC_DECOMP_EXCHANGE;;;;XEUR;11813491;424;EXCHANGE
08.11.2024;11:04:51.318;DTE SI 20250321 PS AM C 28.50 0;SIMPLE_INSTRUMENT;BLOCK;EUR;4;1.12000000;2000;PRC_DECOMP_EXCHANGE;;;;XEUR;11813488;424;EXCHANGE
08.11.2024;11:08:36.564;DTE SI 20250321 PS AM P 27.00 0;SIMPLE_INSTRUMENT;BLOCK;EUR;5;0.45000000;4000;EXCHANGE_LAST;;1;1;XEUR;11523269;424;
08.11.2024;12:50:01.644;DTEF.S.NOV24.MAR25.SPD;FUTURES_SPREAD;BLOCK;EUR;74;-0.32900000;5350;EXCHANGE_LAST;;1;1;XEUR;72059440873865432;430;
08.11.2024;12:50:01.644;DTEF SI 20250321 CS;SIMPLE_INSTRUMENT;BLOCK;EUR;74;28.71900000;5350;PRC_DECOMP_MEMBER;;;;XEUR;10698021;430;MEMBER
08.11.2024;12:50:01.644;DTEF SI 20241115 CS;SIMPLE_INSTRUMENT;BLOCK;EUR;74;28.39000000;5350;PRC_DECOMP_MEMBER;;;;XEUR;10114728;430;MEMBER
08.11.2024;10:42:01.611;E2NL SI 20251219 CS;SIMPLE_INSTRUMENT;BLOCK;EUR;28;0.45500000;2500;EXCHANGE_LAST;;1;1;XEUR;3681293;471;
08.11.2024;11:30:24.593;E2NL SI 20271217 CS;SIMPLE_INSTRUMENT;BLOCK;EUR;48;0.41500000;3000;EXCHANGE_LAST;;2;1;XEUR;5914571;471;
08.11.2024;11:55:10.862;E2NL SI 20281215 CS;SIMPLE_INSTRUMENT;BLOCK;EUR;54;0.40000000;580;EXCHANGE_LAST;;1;1;XEUR;6802276;471;
08.11.2024;14:53:53.421;E2NL SI 20271217 CS;SIMPLE_INSTRUMENT;BLOCK;EUR;122;0.43000000;800;EXCHANGE_LAST;;1;1;XEUR;5914571;471;
08.11.2024;15:48:19.448;E2NL SI 20281215 CS;SIMPLE_INSTRUMENT;BLOCK;EUR;140;0.39500000;4000;EXCHANGE_LAST;;1;2;XEUR;6802276;471;
08.11.2024;10:59:26.430;E2NT SI 20271217 CS;SIMPLE_INSTRUMENT;BLOCK;EUR;39;0.88000000;1000;EXCHANGE_LAST;;1;1;XEUR;5914575;470;
08.11.2024;11:11:47.896;E2NT SI 20271217 CS;SIMPLE_INSTRUMENT;BLOCK;EUR;41;0.89000000;500;EXCHANGE_LAST;;1;1;XEUR;5914575;470;
08.11.2024;11:56:18.877;E2NT SI 20281215 CS;SIMPLE_INSTRUMENT;BLOCK;EUR;56;0.87000000;333;EXCHANGE_LAST;;1;1;XEUR;6802271;470;
08.11.2024;10:07:51.970;EAD SI 20251219 PS AM C 140.00 0;SIMPLE_INSTRUMENT;BLOCK;EUR;10;17.50000000;300;EXCHANGE_LAST;;1;1;XEUR;11013930;465;
08.11.2024;09:30:08.047;ENL5 SI 20241114 PS AM P 6.50 0;SIMPLE_INSTRUMENT;BLOCK;EUR;2;0.01900000;1000;EXCHANGE_LAST;;1;1;XEUR;11691712;500;
08.11.2024;15:22:06.896;ENL5 SI 20241114 PS AM P 6.60 0;SIMPLE_INSTRUMENT;BLOCK;EUR;25;0.02750000;1000;EXCHANGE_LAST;;1;1;XEUR;11691718;500;
08.11.2024;12:15:13.257;ENR SI 20241220 PS AM P 35.00 0;SIMPLE_INSTRUMENT;BLOCK;EUR;8;0.91000000;1000;EXCHANGE_LAST;;1;1;XEUR;11919282;298530;
08.11.2024;13:51:56.557;ENR SI 20241115 PS AM P 35.00 0;SIMPLE_INSTRUMENT;BLOCK;EUR;10;0.32000000;1000;EXCHANGE_LAST;;1;1;XEUR;11839867;298530;
08.11.2024;14:29:36.335;ENR SI 20241115 PS AM C 40.00 0;SIMPLE_INSTRUMENT;BLOCK;EUR;11;1.28000000;1000;EXCHANGE_LAST;;1;1;XEUR;11866499;298530;
08.11.2024;15:04:25.671;ENR.O.241108.BER.000011;STANDARD_OPTION_STRATEGY;BLOCK;EUR;12;1.80000000;750;EXCHANGE_LAST;;1;1;XEUR;73339770624815168;298530;
08.11.2024;15:04:25.671;ENR SI 20250321 PS AM P 34.00 0;SIMPLE_INSTRUMENT;BLOCK;EUR;12;1.83000000;750;PRC_DECOMP_EXCHANGE;;;;XEUR;11103619;298530;EXCHANGE
08.11.2024;15:04:25.671;ENR SI 20250321 PS AM P 16.00 0;SIMPLE_INSTRUMENT;BLOCK;EUR;12;0.03000000;750;PRC_DECOMP_EXCHANGE;;;;XEUR;10878297;298530;EXCHANGE
08.11.2024;15:27:06.014;ENR.N.241108.000013;NON_STANDARD_OPTION_STRATEGY;BLOCK;EUR;13;11.15000000;2000;EXCHANGE_LAST;;1;1;XEUR;73339770624815170;298530;
08.11.2024;15:27:06.014;ENR SI 20241220 PS AM C 37.00 0;SIMPLE_INSTRUMENT;BLOCK;EUR;13;3.70000000;2000;PRC_DECOMP_EXCHANGE;;;;XEUR;11919304;298530;EXCHANGE
08.11.2024;15:27:06.014;ENR SI 20241220 PS AM C 38.00 0;SIMPLE_INSTRUMENT;BLOCK;EUR;13;3.09000000;2000;PRC_DECOMP_EXCHANGE;;;;XEUR;11142551;298530;EXCHANGE
08.11.2024;15:27:06.014;ENR SI 20241220 PS AM C 36.00 0;SIMPLE_INSTRUMENT;BLOCK;EUR;13;4.36000000;2000;PRC_DECOMP_EXCHANGE;;;;XEUR;5804938;298530;EXCHANGE
08.11.2024;15:42:04.904;ENR SI 20241115 PS AM P 38.00 0;SIMPLE_INSTRUMENT;BLOCK;EUR;15;1.06000000;1500;EXCHANGE_LAST;;1;2;XEUR;11859557;298530;
08.11.2024;15:43:24.074;ENR SI 20241220 PS AM C 38.00 0;SIMPLE_INSTRUMENT;BLOCK;EUR;16;3.05000000;8194;EXCHANGE_LAST;;1;1;XEUR;11142551;298530;
08.11.2024;09:52:48.367;EOA SI 20250321 PS AM P 11.00 0;SIMPLE_INSTRUMENT;BLOCK;EUR;3;0.21000000;20000;EXCHANGE_LAST;;2;1;XEUR;10867708;49065;
08.11.2024;10:54:00.939;EOA SI 20250919 PS AM P 10.00 0;SIMPLE_INSTRUMENT;BLOCK;EUR;8;0.28000000;2500;EXCHANGE_LAST;;1;1;XEUR;11908969;49065;
08.11.2024;15:02:44.694;EOA.O.241108.BRT.000007;STANDARD_OPTION_STRATEGY;BLOCK;EUR;19;0.82000000;3000;EXCHANGE_LAST;;1;1;XEUR;72268326608329282;49065;
08.11.2024;15:02:44.694;EOA SI 20250321 PS AM P 12.00 0;SIMPLE_INSTRUMENT;BLOCK;EUR;19;0.55000000;3000;PRC_DECOMP_EXCHANGE;;;;XEUR;10867733;49065;EXCHANGE
08.11.2024;15:02:44.694;EOA SI 20260619 PS AM P 12.00 0;SIMPLE_INSTRUMENT;BLOCK;EUR;19;1.37000000;3000;PRC_DECOMP_EXCHANGE;;;;XEUR;9578995;49065;EXCHANGE
08.11.2024;16:31:14.619;F3IA SI 20261218 CS;SIMPLE_INSTRUMENT;BLOCK;EUR;148;0.48000000;1400;EXCHANGE_LAST;;2;2;XEUR;6830373;390387;
08.11.2024;16:51:11.101;F3IA SI 20261218 CS;SIMPLE_INSTRUMENT;BLOCK;EUR;154;0.48000000;500;EXCHANGE_LAST;;2;1;XEUR;6830373;390387;
08.11.2024;10:44:14.899;F3TE SI 20271217 CS;SIMPLE_INSTRUMENT;BLOCK;EUR;30;0.64500000;500;EXCHANGE_LAST;;1;1;XEUR;6633916;390379;
08.11.2024;10:44:45.084;F3TE SI 20281215 CS;SIMPLE_INSTRUMENT;BLOCK;EUR;32;0.60000000;750;EXCHANGE_LAST;;1;1;XEUR;6830366;390379;
08.11.2024;11:57:32.273;F3TE SI 20281215 CS;SIMPLE_INSTRUMENT;BLOCK;EUR;58;0.60000000;483;EXCHANGE_LAST;;1;1;XEUR;6830366;390379;
08.11.2024;13:21:36.683;F3TE SI 20251219 CS;SIMPLE_INSTRUMENT;BLOCK;EUR;87;0.72000000;500;EXCHANGE_LAST;;1;1;XEUR;6633903;390379;
08.11.2024;13:53:23.609;F3TE SI 20261218 CS;SIMPLE_INSTRUMENT;BLOCK;EUR;92;0.69000000;2225;EXCHANGE_LAST;;1;1;XEUR;6633899;390379;
08.11.2024;13:53:26.471;F3TE SI 20251219 CS;SIMPLE_INSTRUMENT;BLOCK;EUR;93;0.72000000;2225;EXCHANGE_LAST;;1;1;XEUR;6633903;390379;
08.11.2024;13:53:28.883;F3TE SI 20241220 CS;SIMPLE_INSTRUMENT;BLOCK;EUR;94;0.75000000;2225;EXCHANGE_LAST;;1;1;XEUR;6633907;390379;
08.11.2024;15:07:54.370;F3TE SI 20281215 CS;SIMPLE_INSTRUMENT;BLOCK;EUR;125;0.58700000;1250;EXCHANGE_LAST;;4;3;XEUR;6830366;390379;
08.11.2024;15:07:47.990;F3TE SI 20281215 CS;SIMPLE_INSTRUMENT;BLOCK;EUR;126;0.58800000;1250;EXCHANGE_LAST;;4;3;XEUR;6830366;390379;
08.11.2024;15:41:39.323;F3TE SI 20261218 CS;SIMPLE_INSTRUMENT;BLOCK;EUR;137;0.68200000;150;EXCHANGE_LAST;;1;1;XEUR;6633899;390379;
08.11.2024;15:41:51.334;F3TE SI 20261218 CS;SIMPLE_INSTRUMENT;BLOCK;EUR;138;0.68300000;150;EXCHANGE_LAST;;1;1;XEUR;6633899;390379;
08.11.2024;08:15:45.163;FBTP SI 20241206 PS;SIMPLE_INSTRUMENT;EFP_FIN;EUR;1;119.29000000;480;EXCHANGE_LAST;;1;1;XEUR;10804520;636;
08.11.2024;09:06:09.497;FBTP SI 20241206 PS;SIMPLE_INSTRUMENT;EFP_FIN;EUR;2;119.40000000;127;EXCHANGE_LAST;;1;1;XEUR;10804520;636;
08.11.2024;09:23:32.433;FBTP SI 20241206 PS;SIMPLE_INSTRUMENT;EFP_FIN;EUR;3;119.34000000;438;EXCHANGE_LAST;;1;1;XEUR;10804520;636;
08.11.2024;09:52:58.358;FBTP SI 20241206 PS;SIMPLE_INSTRUMENT;BLOCK;EUR;4;119.29000000;373;EXCHANGE_LAST;;1;1;XEUR;10804520;636;
08.11.2024;09:56:35.014;FBTP SI 20241206 PS;SIMPLE_INSTRUMENT;EFP_FIN;EUR;5;119.28000000;118;EXCHANGE_LAST;;1;1;XEUR;10804520;636;
08.11.2024;10:01:27.521;FBTP SI 20241206 PS;SIMPLE_INSTRUMENT;EFP_FIN;EUR;6;119.45000000;177;EXCHANGE_LAST;;1;1;XEUR;10804520;636;
08.11.2024;10:19:15.017;FBTP SI 20241206 PS;SIMPLE_INSTRUMENT;BLOCK;EUR;7;119.17000000;308;EXCHANGE_LAST;;1;1;XEUR;10804520;636;
08.11.2024;10:29:05.133;FBTP SI 20241206 PS;SIMPLE_INSTRUMENT;EFP_FIN;EUR;8;119.13000000;285;EXCHANGE_LAST;;1;1;XEUR;10804520;636;
08.11.2024;11:14:07.283;FBTP SI 20241206 PS;SIMPLE_INSTRUMENT;EFP_FIN;EUR;9;119.16000000;95;EXCHANGE_LAST;;1;1;XEUR;10804520;636;
08.11.2024;11:24:17.347;FBTP SI 20241206 PS;SIMPLE_INSTRUMENT;EFP_FIN;EUR;10;119.18000000;96;EXCHANGE_LAST;;1;1;XEUR;10804520;636;
08.11.2024;12:21:36.068;FBTP SI 20241206 PS;SIMPLE_INSTRUMENT;EFP_FIN;EUR;11;119.12000000;382;EXCHANGE_LAST;;1;1;XEUR;10804520;636;
08.11.2024;12:31:33.750;FBTP SI 20241206 PS;SIMPLE_INSTRUMENT;EFP_FIN;EUR;12;119.10000000;285;EXCHANGE_LAST;;1;1;XEUR;10804520;636;
08.11.2024;12:48:01.188;FBTP SI 20241206 PS;SIMPLE_INSTRUMENT;EFP_FIN;EUR;13;119.10000000;237;EXCHANGE_LAST;;1;1;XEUR;10804520;636;
08.11.2024;12:50:17.455;FBTP SI 20241206 PS;SIMPLE_INSTRUMENT;EFP_FIN;EUR;14;119.10000000;240;EXCHANGE_LAST;;1;1;XEUR;10804520;636;
08.11.2024;12:50:47.639;FBTP SI 20241206 PS;SIMPLE_INSTRUMENT;EFP_FIN;EUR;15;119.20000000;475;EXCHANGE_LAST;;1;1;XEUR;10804520;636;
08.11.2024;12:51:42.020;FBTP SI 20241206 PS;SIMPLE_INSTRUMENT;EFP_FIN;EUR;16;119.10000000;221;EXCHANGE_LAST;;1;1;XEUR;10804520;636;
08.11.2024;12:59:42.634;FBTP SI 20241206 PS;SIMPLE_INSTRUMENT;EFP_FIN;EUR;17;119.37000000;580;EXCHANGE_LAST;;1;1;XEUR;10804520;636;
08.11.2024;14:17:27.129;FBTP SI 20241206 PS;SIMPLE_INSTRUMENT;EFP_FIN;EUR;19;119.30000000;228;EXCHANGE_LAST;;1;1;XEUR;10804520;636;
08.11.2024;14:21:12.341;FBTP SI 20241206 PS;SIMPLE_INSTRUMENT;EFP_FIN;EUR;20;119.14000000;893;EXCHANGE_LAST;;1;1;XEUR;10804520;636;
08.11.2024;14:28:53.926;FBTP SI 20241206 PS;SIMPLE_INSTRUMENT;BLOCK;EUR;21;119.23000000;1339;EXCHANGE_LAST;;1;1;XEUR;10804520;636;
08.11.2024;14:32:41.967;FBTP SI 20241206 PS;SIMPLE_INSTRUMENT;BLOCK;EUR;22;119.26000000;876;EXCHANGE_LAST;;1;1;XEUR;10804520;636;
08.11.2024;14:34:30.746;FBTP SI 20241206 PS;SIMPLE_INSTRUMENT;EFP_FIN;EUR;23;119.26000000;92;EXCHANGE_LAST;;1;1;XEUR;10804520;636;
08.11.2024;14:42:03.913;FBTP SI 20241206 PS;SIMPLE_INSTRUMENT;EFP_FIN;EUR;24;119.30000000;228;EXCHANGE_LAST;;1;1;XEUR;10804520;636;
08.11.2024;14:43:15.524;FBTP SI 20241206 PS;SIMPLE_INSTRUMENT;EFP_FIN;EUR;25;119.30000000;228;EXCHANGE_LAST;;1;1;XEUR;10804520;636;
08.11.2024;14:46:28.761;FBTP SI 20241206 PS;SIMPLE_INSTRUMENT;EFP_FIN;EUR;26;119.30000000;975;EXCHANGE_LAST;;1;1;XEUR;10804520;636;
08.11.2024;15:44:48.030;FBTP SI 20241206 PS;SIMPLE_INSTRUMENT;EFP_FIN;EUR;27;119.50000000;193;EXCHANGE_LAST;;1;1;XEUR;10804520;636;
08.11.2024;08:51:01.290;FBTS SI 20241206 PS;SIMPLE_INSTRUMENT;EFP_FIN;EUR;2;107.08000000;470;EXCHANGE_LAST;;1;1;XEUR;10804522;639;
08.11.2024;09:32:01.291;FBTS SI 20241206 PS;SIMPLE_INSTRUMENT;EFP_FIN;EUR;5;107.07000000;4381;EXCHANGE_LAST;;1;1;XEUR;10804522;639;
08.11.2024;10:24:10.986;FBTS SI 20241206 PS;SIMPLE_INSTRUMENT;EFP_FIN;EUR;9;107.05000000;669;EXCHANGE_LAST;;1;1;XEUR;10804522;639;
08.11.2024;11:38:57.959;FBTS SI 20241206 PS;SIMPLE_INSTRUMENT;EFP_FIN;EUR;14;107.01000000;2167;EXCHANGE_LAST;;1;1;XEUR;10804522;639;
08.11.2024;11:40:07.963;FBTS SI 20241206 PS;SIMPLE_INSTRUMENT;EFP_FIN;EUR;15;107.01000000;2723;EXCHANGE_LAST;;1;1;XEUR;10804522;639;
08.11.2024;12:21:42.439;FBTS SI 20241206 PS;SIMPLE_INSTRUMENT;EFP_FIN;EUR;18;106.99000000;299;EXCHANGE_LAST;;1;1;XEUR;10804522;639;
08.11.2024;13:09:11.311;FBTS SI 20241206 PS;SIMPLE_INSTRUMENT;EFP_FIN;EUR;20;107.04000000;568;EXCHANGE_LAST;;1;1;XEUR;10804522;639;
08.11.2024;14:52:48.278;FBTS SI 20241206 PS;SIMPLE_INSTRUMENT;EFP_FIN;EUR;28;106.98000000;93;EXCHANGE_LAST;;1;1;XEUR;10804522;639;
08.11.2024;14:45:51.005;FCEU.S.NOV24.DEC24.SPD;FUTURES_SPREAD;BLOCK;USD;6;-0.00121000;886;EXCHANGE_LAST;;1;1;XEUR;73644051877855584;369376;
08.11.2024;14:45:51.005;FCEU SI 20241118 PS;SIMPLE_INSTRUMENT;BLOCK;USD;6;1.07855000;886;PRC_DECOMP_EXCHANGE;;;;XEUR;9783643;369376;EXCHANGE
08.11.2024;14:45:51.005;FCEU SI 20241216 PS;SIMPLE_INSTRUMENT;BLOCK;USD;6;1.07976000;886;PRC_DECOMP_EXCHANGE;;;;XEUR;7140363;369376;EXCHANGE
08.11.2024;15:27:54.129;FCEU SI 20241216 PS;SIMPLE_INSTRUMENT;BLOCK;USD;7;1.07570000;129;EXCHANGE_LAST;;1;1;XEUR;7140363;369376;
08.11.2024;08:33:06.748;FCMU SI 20241216 CS;SIMPLE_INSTRUMENT;BLOCK;USD;2;0.05013000;100;EXCHANGE_LAST;;1;1;XEUR;10921066;570874;
08.11.2024;11:13:03.881;FCMU SI 20241216 CS;SIMPLE_INSTRUMENT;BLOCK;USD;3;0.05000000;130;EXCHANGE_LAST;;1;1;XEUR;10921066;570874;
08.11.2024;14:24:46.534;FCNS SI 20241216 PS;SIMPLE_INSTRUMENT;EFP_IDX;SEK;4;0.98125000;527;EXCHANGE_LAST;;1;1;XEUR;7140409;402911;
08.11.2024;14:24:47.004;FCNS SI 20241216 PS;SIMPLE_INSTRUMENT;EFP_IDX;SEK;5;0.98126000;352;EXCHANGE_LAST;;1;1;XEUR;7140409;402911;
08.11.2024;15:59:55.547;FCNS SI 20241216 PS;SIMPLE_INSTRUMENT;EFP_IDX;SEK;8;0.98103000;8;EXCHANGE_LAST;;1;1;XEUR;7140409;402911;
08.11.2024;08:04:12.751;FCZU SI 20241216 CS;SIMPLE_INSTRUMENT;BLOCK;USD;1;0.05721000;100;EXCHANGE_LAST;;1;1;XEUR;10921064;570872;
08.11.2024;10:28:47.195;FD3D SI 20251219 CS;SIMPLE_INSTRUMENT;BLOCK;EUR;12;109.20000000;300;EXCHANGE_LAST;;1;1;XEUR;5914068;588;
08.11.2024;10:28:51.566;FD3D SI 20251219 CS;SIMPLE_INSTRUMENT;BLOCK;EUR;13;109.30000000;300;EXCHANGE_LAST;;1;1;XEUR;5914068;588;
08.11.2024;16:48:36.184;FDAX SI 20241220 CS;SIMPLE_INSTRUMENT;EFP_IDX;EUR;1;19290.00000000;26;EXCHANGE_LAST;;1;1;XEUR;7296065;589;
08.11.2024;16:48:55.788;FDAX SI 20241220 CS;SIMPLE_INSTRUMENT;EFP_IDX;EUR;2;19291.00000000;24;EXCHANGE_LAST;;1;1;XEUR;7296065;589;
08.11.2024;16:59:01.431;FDAX SI 20241220 CS;SIMPLE_INSTRUMENT;EFP_IDX;EUR;3;19281.00000000;100;EXCHANGE_LAST;;1;1;XEUR;7296065;589;
08.11.2024;09:43:40.443;FDAX SI 20241220 CS;SIMPLE_INSTRUMENT;VOLA;EUR;671088646;19390.00000000;13;EXCHANGE_LAST;;1;1;XEUR;7296065;589;
08.11.2024;15:17:42.645;FEBD SI 20241220 CS;SIMPLE_INSTRUMENT;BLOCK;EUR;31;9.68000000;450;EXCHANGE_LAST;;1;1;XEUR;4631940;597;
08.11.2024;16:22:20.840;FES1 SI 20241220 PS;SIMPLE_INSTRUMENT;BLOCK;EUR;35;10.90000000;350;EXCHANGE_LAST;;1;1;XEUR;10869579;58959;
08.11.2024;11:15:48.821;FESB SI 20241220 CS;SIMPLE_INSTRUMENT;VOLA;EUR;603979799;139.95000000;90;EXCHANGE_LAST;;1;1;XEUR;10838895;605;
08.11.2024;12:30:56.058;FESB SI 20241220 CS;SIMPLE_INSTRUMENT;VOLA;EUR;603979806;141.15000000;120;EXCHANGE_LAST;;1;1;XEUR;10838895;605;
08.11.2024;15:59:49.567;FESK SI 20241220 CS;SIMPLE_INSTRUMENT;BLOCK;EUR;2;423.40000000;599;EXCHANGE_LAST;;1;1;XEUR;10876226;285660;
08.11.2024;16:00:20.093;FESK SI 20241220 CS;SIMPLE_INSTRUMENT;BLOCK;EUR;3;424.40000000;251;EXCHANGE_LAST;;1;1;XEUR;10876226;285660;
08.11.2024;09:40:33.950;FESX SI 20241220 CS;SIMPLE_INSTRUMENT;BLOCK;EUR;1;4844.00000000;2600;EXCHANGE_LAST;;1;1;XEUR;7793479;675;
08.11.2024;13:14:42.889;FESX SI 20241220 CS;SIMPLE_INSTRUMENT;BLOCK;EUR;2;4829.00000000;3520;EXCHANGE_LAST;;1;1;XEUR;7793479;675;
08.11.2024;14:43:57.168;FESX SI 20241220 CS;SIMPLE_INSTRUMENT;BLOCK;EUR;3;4820.00000000;4500;EXCHANGE_LAST;;1;1;XEUR;7793479;675;
08.11.2024;15:53:52.432;FESX SI 20241220 CS;SIMPLE_INSTRUMENT;BLOCK;EUR;4;4808.00000000;3250;EXCHANGE_LAST;;1;1;XEUR;7793479;675;
08.11.2024;16:43:35.407;FESX SI 20241220 CS;SIMPLE_INSTRUMENT;EFP_IDX;EUR;5;4813.00000000;176;EXCHANGE_LAST;;1;1;XEUR;7793479;675;
08.11.2024;16:43:45.068;FESX SI 20241220 CS;SIMPLE_INSTRUMENT;EFP_IDX;EUR;6;4814.00000000;184;EXCHANGE_LAST;;1;1;XEUR;7793479;675;
08.11.2024;16:44:54.398;FESX SI 20241220 CS;SIMPLE_INSTRUMENT;EFP_IDX;EUR;7;4813.00000000;444;EXCHANGE_LAST;;1;1;XEUR;7793479;675;
08.11.2024;16:45:09.231;FESX SI 20241220 CS;SIMPLE_INSTRUMENT;EFP_IDX;EUR;8;4814.00000000;156;EXCHANGE_LAST;;1;1;XEUR;7793479;675;
08.11.2024;16:45:23.967;FESX SI 20241220 CS;SIMPLE_INSTRUMENT;EFP_IDX;EUR;9;4813.00000000;49;EXCHANGE_LAST;;1;1;XEUR;7793479;675;
08.11.2024;16:45:38.621;FESX SI 20241220 CS;SIMPLE_INSTRUMENT;EFP_IDX;EUR;10;4814.00000000;51;EXCHANGE_LAST;;1;1;XEUR;7793479;675;
08.11.2024;16:48:55.949;FESX SI 20241220 CS;SIMPLE_INSTRUMENT;BLOCK;EUR;11;4800.00000000;2000;EXCHANGE_LAST;;1;1;XEUR;7793479;675;
08.11.2024;16:53:30.278;FESX SI 20241220 CS;SIMPLE_INSTRUMENT;EFP_IDX;EUR;12;4813.00000000;922;EXCHANGE_LAST;;1;1;XEUR;7793479;675;
08.11.2024;16:53:12.412;FESX SI 20241220 CS;SIMPLE_INSTRUMENT;EFP_IDX;EUR;13;4814.00000000;578;EXCHANGE_LAST;;1;1;XEUR;7793479;675;
08.11.2024;16:54:07.494;FESX SI 20241220 CS;SIMPLE_INSTRUMENT;BLOCK;EUR;14;4800.00000000;4000;EXCHANGE_LAST;;1;1;XEUR;7793479;675;
08.11.2024;16:52:59.175;FESX SI 20241220 CS;SIMPLE_INSTRUMENT;EFP_IDX;EUR;15;4813.00000000;122;EXCHANGE_LAST;;1;1;XEUR;7793479;675;
08.11.2024;16:53:10.581;FESX SI 20241220 CS;SIMPLE_INSTRUMENT;EFP_IDX;EUR;16;4814.00000000;128;EXCHANGE_LAST;;1;1;XEUR;7793479;675;
08.11.2024;09:24:10.537;FESX SI 20241220 CS;SIMPLE_INSTRUMENT;VOLA;EUR;637534227;4845.00000000;130;EXCHANGE_LAST;;1;1;XEUR;7793479;675;
08.11.2024;09:42:01.641;FESX SI 20241220 CS;SIMPLE_INSTRUMENT;VOLA;EUR;637534240;4846.00000000;624;EXCHANGE_LAST;;1;1;XEUR;7793479;675;
08.11.2024;09:55:44.258;FESX SI 20241220 CS;SIMPLE_INSTRUMENT;VOLA;EUR;637534248;4849.00000000;206;EXCHANGE_LAST;;1;1;XEUR;7793479;675;
08.11.2024;10:02:09.609;FESX SI 20241220 CS;SIMPLE_INSTRUMENT;VOLA;EUR;637534253;4822.00000000;20;EXCHANGE_LAST;;1;1;XEUR;7793479;675;
08.11.2024;11:06:19.363;FESX SI 20241220 CS;SIMPLE_INSTRUMENT;VOLA;EUR;637534278;4805.00000000;1760;EXCHANGE_LAST;;1;1;XEUR;7793479;675;
08.11.2024;11:12:57.007;FESX SI 20241220 CS;SIMPLE_INSTRUMENT;VOLA;EUR;637534280;4810.00000000;99;EXCHANGE_LAST;;1;1;XEUR;7793479;675;
08.11.2024;12:06:37.269;FESX SI 20241220 CS;SIMPLE_INSTRUMENT;VOLA;EUR;637534300;4828.00000000;145;EXCHANGE_LAST;;1;1;XEUR;7793479;675;
08.11.2024;13:51:05.718;FESX SI 20241220 CS;SIMPLE_INSTRUMENT;VOLA;EUR;637534335;4826.00000000;75;EXCHANGE_LAST;;1;1;XEUR;7793479;675;
08.11.2024;13:51:51.500;FESX SI 20241220 CS;SIMPLE_INSTRUMENT;VOLA;EUR;637534336;4825.00000000;240;EXCHANGE_LAST;;1;1;XEUR;7793479;675;
08.11.2024;14:23:03.310;FESX SI 20241220 CS;SIMPLE_INSTRUMENT;VOLA;EUR;637534352;4820.00000000;450;EXCHANGE_LAST;;1;1;XEUR;7793479;675;
08.11.2024;15:23:20.222;FESX SI 20241220 CS;SIMPLE_INSTRUMENT;VOLA;EUR;637534364;4812.00000000;122;EXCHANGE_LAST;;1;1;XEUR;7793479;675;
08.11.2024;15:23:10.116;FESX SI 20241220 CS;SIMPLE_INSTRUMENT;VOLA;EUR;637534366;4812.00000000;123;EXCHANGE_LAST;;1;1;XEUR;7793479;675;
08.11.2024;15:23:36.439;FESX SI 20241220 CS;SIMPLE_INSTRUMENT;VOLA;EUR;637534367;4812.00000000;122;EXCHANGE_LAST;;1;1;XEUR;7793479;675;
08.11.2024;15:23:44.307;FESX SI 20241220 CS;SIMPLE_INSTRUMENT;VOLA;EUR;637534368;4812.00000000;123;EXCHANGE_LAST;;1;1;XEUR;7793479;675;
08.11.2024;15:41:10.093;FESX SI 20241220 CS;SIMPLE_INSTRUMENT;VOLA;EUR;637534375;4820.00000000;900;EXCHANGE_LAST;;1;1;XEUR;7793479;675;
08.11.2024;16:05:02.411;FESX SI 20241220 CS;SIMPLE_INSTRUMENT;VOLA;EUR;637534386;4820.00000000;220;EXCHANGE_LAST;;1;1;XEUR;7793479;675;
08.11.2024;16:07:41.838;FESX SI 20241220 CS;SIMPLE_INSTRUMENT;VOLA;EUR;637534389;4815.00000000;450;EXCHANGE_LAST;;1;1;XEUR;7793479;675;
08.11.2024;16:08:29.226;FESX SI 20241220 CS;SIMPLE_INSTRUMENT;VOLA;EUR;637534391;4815.00000000;450;EXCHANGE_LAST;;1;1;XEUR;7793479;675;
08.11.2024;16:30:41.516;FESX SI 20241220 CS;SIMPLE_INSTRUMENT;VOLA;EUR;637534399;4845.00000000;10;EXCHANGE_LAST;;1;1;XEUR;7793479;675;
08.11.2024;16:37:20.391;FESX SI 20241220 CS;SIMPLE_INSTRUMENT;VOLA;EUR;637534404;4845.00000000;10;EXCHANGE_LAST;;1;1;XEUR;7793479;675;
08.11.2024;16:44:56.466;FESX SI 20241220 CS;SIMPLE_INSTRUMENT;VOLA;EUR;637534406;4810.00000000;120;EXCHANGE_LAST;;1;1;XEUR;7793479;675;
08.11.2024;16:58:29.126;FESX SI 20241220 CS;SIMPLE_INSTRUMENT;VOLA;EUR;637534407;4810.00000000;100;EXCHANGE_LAST;;1;1;XEUR;7793479;675;
08.11.2024;10:19:47.332;FEXD SI 20261218 CS;SIMPLE_INSTRUMENT;BLOCK;EUR;11;152.40000000;900;EXCHANGE_LAST;;1;1;XEUR;2163053;693;
08.11.2024;10:38:58.373;FEXD SI 20250620 CS;SIMPLE_INSTRUMENT;BLOCK;EUR;15;125.00000000;500;EXCHANGE_LAST;;1;1;XEUR;9548493;693;
08.11.2024;10:39:03.013;FEXD SI 20251219 CS;SIMPLE_INSTRUMENT;BLOCK;EUR;16;157.70000000;500;EXCHANGE_LAST;;1;1;XEUR;1548120;693;
08.11.2024;13:32:58.436;FEXD SI 20271217 CS;SIMPLE_INSTRUMENT;BLOCK;EUR;26;146.50000000;813;EXCHANGE_LAST;;1;1;XEUR;2848338;693;
08.11.2024;15:39:30.023;FEXD SI 20321217 CS;SIMPLE_INSTRUMENT;BLOCK;EUR;32;123.50000000;500;EXCHANGE_LAST;;2;1;XEUR;8782940;693;
08.11.2024;16:03:16.728;FEXD SI 20261218 CS;SIMPLE_INSTRUMENT;BLOCK;EUR;34;152.50000000;175;EXCHANGE_LAST;;1;1;XEUR;2163053;693;
08.11.2024;09:33:29.234;FEXD SI 20251219 CS;SIMPLE_INSTRUMENT;VOLA;EUR;318767109;158.00000000;192;EXCHANGE_LAST;;1;1;XEUR;1548120;693;
08.11.2024;07:47:02.905;FGBL SI 20241206 PS;SIMPLE_INSTRUMENT;EFS;EUR;1;131.45000000;183;EXCHANGE_LAST;;1;1;XEUR;10804524;688;
08.11.2024;08:17:00.098;FGBL SI 20241206 PS;SIMPLE_INSTRUMENT;EFS;EUR;2;131.85000000;173;EXCHANGE_LAST;;1;1;XEUR;10804524;688;
08.11.2024;08:20:29.767;FGBL SI 20241206 PS;SIMPLE_INSTRUMENT;EFS;EUR;3;131.93000000;434;EXCHANGE_LAST;;1;1;XEUR;10804524;688;
08.11.2024;08:23:00.256;FGBL SI 20241206 PS;SIMPLE_INSTRUMENT;EFS;EUR;4;131.92000000;491;EXCHANGE_LAST;;1;1;XEUR;10804524;688;
08.11.2024;08:27:40.190;FGBL SI 20241206 PS;SIMPLE_INSTRUMENT;EFS;EUR;5;131.76000000;217;EXCHANGE_LAST;;1;1;XEUR;10804524;688;
08.11.2024;08:31:20.356;FGBL SI 20241206 PS;SIMPLE_INSTRUMENT;EFS;EUR;6;131.76000000;217;EXCHANGE_LAST;;1;1;XEUR;10804524;688;
08.11.2024;08:32:55.900;FGBL SI 20241206 PS;SIMPLE_INSTRUMENT;EFS;EUR;7;131.75000000;246;EXCHANGE_LAST;;1;1;XEUR;10804524;688;
08.11.2024;08:33:00.422;FGBL SI 20241206 PS;SIMPLE_INSTRUMENT;EFS;EUR;8;131.78000000;434;EXCHANGE_LAST;;1;1;XEUR;10804524;688;
08.11.2024;08:34:13.621;FGBL SI 20241206 PS;SIMPLE_INSTRUMENT;EFS;EUR;9;131.90000000;173;EXCHANGE_LAST;;1;1;XEUR;10804524;688;
08.11.2024;08:35:20.052;FGBL SI 20241206 PS;SIMPLE_INSTRUMENT;EFS;EUR;10;131.84000000;434;EXCHANGE_LAST;;1;1;XEUR;10804524;688;
08.11.2024;08:36:29.008;FGBL SI 20241206 PS;SIMPLE_INSTRUMENT;EFS;EUR;11;131.82000000;217;EXCHANGE_LAST;;1;1;XEUR;10804524;688;
08.11.2024;08:40:23.599;FGBL SI 20241206 PS;SIMPLE_INSTRUMENT;EFS;EUR;12;131.77000000;434;EXCHANGE_LAST;;1;1;XEUR;10804524;688;
08.11.2024;08:41:56.530;FGBL SI 20241206 PS;SIMPLE_INSTRUMENT;EFS;EUR;13;131.76000000;867;EXCHANGE_LAST;;1;1;XEUR;10804524;688;
08.11.2024;08:46:11.853;FGBL SI 20241206 PS;SIMPLE_INSTRUMENT;EFS;EUR;14;131.73000000;246;EXCHANGE_LAST;;1;1;XEUR;10804524;688;
08.11.2024;08:46:33.813;FGBL SI 20241206 PS;SIMPLE_INSTRUMENT;EFS;EUR;15;131.75000000;246;EXCHANGE_LAST;;1;1;XEUR;10804524;688;
08.11.2024;08:48:26.375;FGBL SI 20241206 PS;SIMPLE_INSTRUMENT;EFS;EUR;16;131.72000000;246;EXCHANGE_LAST;;1;1;XEUR;10804524;688;
08.11.2024;08:55:55.043;FGBL SI 20241206 PS;SIMPLE_INSTRUMENT;EFS;EUR;17;131.74000000;456;EXCHANGE_LAST;;1;1;XEUR;10804524;688;
08.11.2024;08:57:02.558;FGBL SI 20241206 PS;SIMPLE_INSTRUMENT;EFS;EUR;18;131.91000000;434;EXCHANGE_LAST;;1;1;XEUR;10804524;688;
08.11.2024;09:00:00.896;FGBL SI 20241206 PS;SIMPLE_INSTRUMENT;EFS;EUR;19;131.92000000;182;EXCHANGE_LAST;;1;1;XEUR;10804524;688;
08.11.2024;09:19:35.479;FGBL SI 20241206 PS;SIMPLE_INSTRUMENT;EFS;EUR;20;131.76000000;90;EXCHANGE_LAST;;1;1;XEUR;10804524;688;
08.11.2024;09:05:23.735;FGBL SI 20241206 PS;SIMPLE_INSTRUMENT;EFS;EUR;21;131.94000000;912;EXCHANGE_LAST;;1;1;XEUR;10804524;688;
08.11.2024;09:05:21.406;FGBL SI 20241206 PS;SIMPLE_INSTRUMENT;EFP_FIN;EUR;22;131.75000000;213;EXCHANGE_LAST;;1;1;XEUR;10804524;688;
08.11.2024;09:07:43.041;FGBL SI 20241206 PS;SIMPLE_INSTRUMENT;EFS;EUR;23;131.90000000;434;EXCHANGE_LAST;;1;1;XEUR;10804524;688;
08.11.2024;09:11:50.531;FGBL SI 20241206 PS;SIMPLE_INSTRUMENT;EFS;EUR;24;131.86000000;738;EXCHANGE_LAST;;1;1;XEUR;10804524;688;
08.11.2024;09:11:50.318;FGBL SI 20241206 PS;SIMPLE_INSTRUMENT;EFS;EUR;25;131.87000000;491;EXCHANGE_LAST;;1;1;XEUR;10804524;688;
08.11.2024;09:13:44.581;FGBL SI 20241206 PS;SIMPLE_INSTRUMENT;EFS;EUR;26;131.75000000;1968;EXCHANGE_LAST;;1;1;XEUR;10804524;688;
08.11.2024;09:14:46.097;FGBL SI 20241206 PS;SIMPLE_INSTRUMENT;EFS;EUR;27;131.90000000;265;EXCHANGE_LAST;;1;1;XEUR;10804524;688;
08.11.2024;09:30:17.773;FGBL SI 20241206 PS;SIMPLE_INSTRUMENT;EFP_FIN;EUR;28;131.92000000;311;EXCHANGE_LAST;;1;1;XEUR;10804524;688;
08.11.2024;09:22:01.229;FGBL SI 20241206 PS;SIMPLE_INSTRUMENT;EFS;EUR;29;131.88000000;200;EXCHANGE_LAST;;1;1;XEUR;10804524;688;
08.11.2024;09:22:34.711;FGBL SI 20241206 PS;SIMPLE_INSTRUMENT;EFS;EUR;30;131.89000000;217;EXCHANGE_LAST;;1;1;XEUR;10804524;688;
08.11.2024;09:30:16.918;FGBL SI 20241206 PS;SIMPLE_INSTRUMENT;EFS;EUR;31;131.90000000;456;EXCHANGE_LAST;;1;1;XEUR;10804524;688;
08.11.2024;09:33:30.716;FGBL SI 20241206 PS;SIMPLE_INSTRUMENT;EFS;EUR;32;131.87000000;260;EXCHANGE_LAST;;1;1;XEUR;10804524;688;
08.11.2024;09:34:00.222;FGBL SI 20241206 PS;SIMPLE_INSTRUMENT;EFP_FIN;EUR;33;131.92000000;154;EXCHANGE_LAST;;1;1;XEUR;10804524;688;
08.11.2024;09:34:25.524;FGBL SI 20241206 PS;SIMPLE_INSTRUMENT;EFS;EUR;34;131.87000000;174;EXCHANGE_LAST;;1;1;XEUR;10804524;688;
08.11.2024;09:38:27.073;FGBL SI 20241206 PS;SIMPLE_INSTRUMENT;EFS;EUR;35;131.87000000;246;EXCHANGE_LAST;;1;1;XEUR;10804524;688;
08.11.2024;09:43:07.769;FGBL SI 20241206 PS;SIMPLE_INSTRUMENT;EFS;EUR;36;131.88000000;433;EXCHANGE_LAST;;1;1;XEUR;10804524;688;
08.11.2024;09:51:17.958;FGBL SI 20241206 PS;SIMPLE_INSTRUMENT;EFS;EUR;37;131.87000000;217;EXCHANGE_LAST;;1;1;XEUR;10804524;688;
08.11.2024;09:53:52.153;FGBL SI 20241206 PS;SIMPLE_INSTRUMENT;EFS;EUR;38;131.88000000;492;EXCHANGE_LAST;;1;1;XEUR;10804524;688;
08.11.2024;09:54:38.084;FGBL SI 20241206 PS;SIMPLE_INSTRUMENT;EFS;EUR;39;131.88000000;464;EXCHANGE_LAST;;1;1;XEUR;10804524;688;
08.11.2024;09:54:38.324;FGBL SI 20241206 PS;SIMPLE_INSTRUMENT;EFS;EUR;40;131.85000000;591;EXCHANGE_LAST;;1;1;XEUR;10804524;688;
08.11.2024;09:55:07.948;FGBL SI 20241206 PS;SIMPLE_INSTRUMENT;EFS;EUR;41;131.87000000;1474;EXCHANGE_LAST;;1;1;XEUR;10804524;688;
08.11.2024;09:55:54.674;FGBL SI 20241206 PS;SIMPLE_INSTRUMENT;EFS;EUR;42;131.88000000;479;EXCHANGE_LAST;;1;1;XEUR;10804524;688;
08.11.2024;10:00:24.195;FGBL SI 20241206 PS;SIMPLE_INSTRUMENT;EFS;EUR;43;131.83000000;260;EXCHANGE_LAST;;1;1;XEUR;10804524;688;
08.11.2024;10:03:57.897;FGBL SI 20241206 PS;SIMPLE_INSTRUMENT;EFS;EUR;44;131.86000000;228;EXCHANGE_LAST;;1;1;XEUR;10804524;688;
08.11.2024;10:04:38.676;FGBL SI 20241206 PS;SIMPLE_INSTRUMENT;EFS;EUR;45;131.88000000;275;EXCHANGE_LAST;;1;1;XEUR;10804524;688;
08.11.2024;10:06:28.567;FGBL SI 20241206 PS;SIMPLE_INSTRUMENT;EFS;EUR;46;131.86000000;250;EXCHANGE_LAST;;1;1;XEUR;10804524;688;
08.11.2024;10:10:15.474;FGBL SI 20241206 PS;SIMPLE_INSTRUMENT;EFP_FIN;EUR;47;131.83000000;126;EXCHANGE_LAST;;1;1;XEUR;10804524;688;
08.11.2024;10:08:03.337;FGBL SI 20241206 PS;SIMPLE_INSTRUMENT;EFS;EUR;48;131.84000000;492;EXCHANGE_LAST;;1;1;XEUR;10804524;688;
08.11.2024;10:18:11.484;FGBL SI 20241206 PS;SIMPLE_INSTRUMENT;EFP_FIN;EUR;49;131.88000000;709;EXCHANGE_LAST;;1;1;XEUR;10804524;688;
08.11.2024;10:23:49.620;FGBL SI 20241206 PS;SIMPLE_INSTRUMENT;EFS;EUR;50;131.85000000;983;EXCHANGE_LAST;;1;1;XEUR;10804524;688;
08.11.2024;10:34:09.151;FGBL SI 20241206 PS;SIMPLE_INSTRUMENT;EFS;EUR;51;131.83000000;303;EXCHANGE_LAST;;1;1;XEUR;10804524;688;
08.11.2024;10:35:41.682;FGBL SI 20241206 PS;SIMPLE_INSTRUMENT;EFP_FIN;EUR;52;131.82000000;244;EXCHANGE_LAST;;1;1;XEUR;10804524;688;
08.11.2024;10:37:56.147;FGBL SI 20241206 PS;SIMPLE_INSTRUMENT;EFS;EUR;53;131.84000000;217;EXCHANGE_LAST;;1;1;XEUR;10804524;688;
08.11.2024;10:39:11.334;FGBL SI 20241206 PS;SIMPLE_INSTRUMENT;EFS;EUR;54;131.79000000;217;EXCHANGE_LAST;;1;1;XEUR;10804524;688;
08.11.2024;10:40:39.713;FGBL SI 20241206 PS;SIMPLE_INSTRUMENT;EFP_FIN;EUR;55;131.83000000;162;EXCHANGE_LAST;;1;1;XEUR;10804524;688;
08.11.2024;10:40:54.094;FGBL SI 20241206 PS;SIMPLE_INSTRUMENT;EFS;EUR;56;131.80000000;434;EXCHANGE_LAST;;1;1;XEUR;10804524;688;
08.11.2024;10:45:07.520;FGBL SI 20241206 PS;SIMPLE_INSTRUMENT;EFS;EUR;57;131.81000000;492;EXCHANGE_LAST;;1;1;XEUR;10804524;688;
08.11.2024;10:47:13.098;FGBL SI 20241206 PS;SIMPLE_INSTRUMENT;EFS;EUR;58;131.83000000;1475;EXCHANGE_LAST;;1;1;XEUR;10804524;688;
08.11.2024;10:48:35.860;FGBL SI 20241206 PS;SIMPLE_INSTRUMENT;EFS;EUR;59;131.90000000;303;EXCHANGE_LAST;;1;1;XEUR;10804524;688;
08.11.2024;10:48:47.783;FGBL SI 20241206 PS;SIMPLE_INSTRUMENT;EFS;EUR;60;131.90000000;100;EXCHANGE_LAST;;1;1;XEUR;10804524;688;
08.11.2024;10:51:48.648;FGBL SI 20241206 PS;SIMPLE_INSTRUMENT;EFS;EUR;61;131.86000000;217;EXCHANGE_LAST;;1;1;XEUR;10804524;688;
08.11.2024;10:52:03.670;FGBL SI 20241206 PS;SIMPLE_INSTRUMENT;EFS;EUR;62;131.86000000;434;EXCHANGE_LAST;;1;1;XEUR;10804524;688;
08.11.2024;10:53:30.891;FGBL SI 20241206 PS;SIMPLE_INSTRUMENT;EFS;EUR;63;131.86000000;491;EXCHANGE_LAST;;1;1;XEUR;10804524;688;
08.11.2024;10:56:04.740;FGBL SI 20241206 PS;SIMPLE_INSTRUMENT;EFS;EUR;64;131.90000000;1250;EXCHANGE_LAST;;1;1;XEUR;10804524;688;
08.11.2024;10:56:50.986;FGBL SI 20241206 PS;SIMPLE_INSTRUMENT;EFP_FIN;EUR;65;131.87000000;165;EXCHANGE_LAST;;1;1;XEUR;10804524;688;
08.11.2024;10:59:37.907;FGBL SI 20241206 PS;SIMPLE_INSTRUMENT;EFP_FIN;EUR;66;131.87000000;116;EXCHANGE_LAST;;1;1;XEUR;10804524;688;
08.11.2024;11:02:29.164;FGBL SI 20241206 PS;SIMPLE_INSTRUMENT;EFS;EUR;67;131.84000000;217;EXCHANGE_LAST;;1;1;XEUR;10804524;688;
08.11.2024;11:03:55.533;FGBL SI 20241206 PS;SIMPLE_INSTRUMENT;EFP_FIN;EUR;68;131.88000000;1550;EXCHANGE_LAST;;1;1;XEUR;10804524;688;
08.11.2024;11:07:44.398;FGBL SI 20241206 PS;SIMPLE_INSTRUMENT;EFS;EUR;69;131.83000000;526;EXCHANGE_LAST;;1;1;XEUR;10804524;688;
08.11.2024;11:13:43.295;FGBL SI 20241206 PS;SIMPLE_INSTRUMENT;EFS;EUR;70;131.79000000;590;EXCHANGE_LAST;;1;1;XEUR;10804524;688;
08.11.2024;11:16:09.417;FGBL SI 20241206 PS;SIMPLE_INSTRUMENT;EFS;EUR;71;131.87000000;912;EXCHANGE_LAST;;1;1;XEUR;10804524;688;
08.11.2024;11:18:10.212;FGBL SI 20241206 PS;SIMPLE_INSTRUMENT;EFP_FIN;EUR;72;131.86000000;120;EXCHANGE_LAST;;1;1;XEUR;10804524;688;
08.11.2024;11:19:22.100;FGBL SI 20241206 PS;SIMPLE_INSTRUMENT;EFP_FIN;EUR;73;131.80000000;271;EXCHANGE_LAST;;1;1;XEUR;10804524;688;
08.11.2024;11:20:58.201;FGBL SI 20241206 PS;SIMPLE_INSTRUMENT;EFP_FIN;EUR;74;131.86000000;1124;EXCHANGE_LAST;;1;1;XEUR;10804524;688;
08.11.2024;11:30:02.194;FGBL SI 20241206 PS;SIMPLE_INSTRUMENT;EFS;EUR;75;131.70000000;435;EXCHANGE_LAST;;1;1;XEUR;10804524;688;
08.11.2024;11:33:01.738;FGBL SI 20241206 PS;SIMPLE_INSTRUMENT;EFP_FIN;EUR;76;131.82000000;84;EXCHANGE_LAST;;1;1;XEUR;10804524;688;
08.11.2024;11:33:37.607;FGBL SI 20241206 PS;SIMPLE_INSTRUMENT;EFS;EUR;77;131.73000000;434;EXCHANGE_LAST;;1;1;XEUR;10804524;688;
08.11.2024;11:33:43.694;FGBL SI 20241206 PS;SIMPLE_INSTRUMENT;EFS;EUR;78;131.83000000;246;EXCHANGE_LAST;;1;1;XEUR;10804524;688;
08.11.2024;11:37:59.824;FGBL SI 20241206 PS;SIMPLE_INSTRUMENT;EFS;EUR;79;131.74000000;246;EXCHANGE_LAST;;1;1;XEUR;10804524;688;
08.11.2024;11:46:23.146;FGBL SI 20241206 PS;SIMPLE_INSTRUMENT;EFS;EUR;80;131.67000000;435;EXCHANGE_LAST;;1;1;XEUR;10804524;688;
08.11.2024;11:53:03.670;FGBL SI 20241206 PS;SIMPLE_INSTRUMENT;EFP_FIN;EUR;81;131.70000000;77;EXCHANGE_LAST;;1;1;XEUR;10804524;688;
08.11.2024;11:57:15.918;FGBL SI 20241206 PS;SIMPLE_INSTRUMENT;EFP_FIN;EUR;82;131.70000000;806;EXCHANGE_LAST;;1;1;XEUR;10804524;688;
08.11.2024;11:58:57.603;FGBL SI 20241206 PS;SIMPLE_INSTRUMENT;EFS;EUR;83;131.74000000;541;EXCHANGE_LAST;;1;1;XEUR;10804524;688;
08.11.2024;12:06:38.004;FGBL SI 20241206 PS;SIMPLE_INSTRUMENT;EFP_FIN;EUR;84;131.67000000;311;EXCHANGE_LAST;;1;1;XEUR;10804524;688;
08.11.2024;12:14:33.607;FGBL SI 20241206 PS;SIMPLE_INSTRUMENT;EFP_FIN;EUR;85;131.67000000;194;EXCHANGE_LAST;;1;1;XEUR;10804524;688;
08.11.2024;12:33:47.746;FGBL SI 20241206 PS;SIMPLE_INSTRUMENT;EFP_FIN;EUR;86;131.63000000;343;EXCHANGE_LAST;;1;1;XEUR;10804524;688;
08.11.2024;12:41:50.180;FGBL SI 20241206 PS;SIMPLE_INSTRUMENT;EFP_FIN;EUR;87;131.72000000;221;EXCHANGE_LAST;;1;1;XEUR;10804524;688;
08.11.2024;13:17:17.105;FGBL SI 20241206 PS;SIMPLE_INSTRUMENT;EFS;EUR;88;131.82000000;217;EXCHANGE_LAST;;1;1;XEUR;10804524;688;
08.11.2024;13:29:17.598;FGBL SI 20241206 PS;SIMPLE_INSTRUMENT;EFS;EUR;89;131.74000000;434;EXCHANGE_LAST;;1;1;XEUR;10804524;688;
08.11.2024;13:38:52.216;FGBL SI 20241206 PS;SIMPLE_INSTRUMENT;EFS;EUR;90;131.82000000;913;EXCHANGE_LAST;;1;1;XEUR;10804524;688;
08.11.2024;13:40:34.789;FGBL SI 20241206 PS;SIMPLE_INSTRUMENT;EFS;EUR;91;131.74000000;217;EXCHANGE_LAST;;1;1;XEUR;10804524;688;
08.11.2024;13:41:22.344;FGBL SI 20241206 PS;SIMPLE_INSTRUMENT;EFS;EUR;92;131.74000000;217;EXCHANGE_LAST;;1;1;XEUR;10804524;688;
08.11.2024;13:45:41.223;FGBL SI 20241206 PS;SIMPLE_INSTRUMENT;EFS;EUR;93;131.78000000;914;EXCHANGE_LAST;;1;1;XEUR;10804524;688;
08.11.2024;13:46:57.884;FGBL SI 20241206 PS;SIMPLE_INSTRUMENT;EFS;EUR;94;131.75000000;246;EXCHANGE_LAST;;1;1;XEUR;10804524;688;
08.11.2024;13:51:50.348;FGBL SI 20241206 PS;SIMPLE_INSTRUMENT;EFS;EUR;95;131.74000000;246;EXCHANGE_LAST;;1;1;XEUR;10804524;688;
08.11.2024;14:08:16.428;FGBL SI 20241206 PS;SIMPLE_INSTRUMENT;EFS;EUR;96;131.70000000;435;EXCHANGE_LAST;;1;1;XEUR;10804524;688;
08.11.2024;14:09:27.334;FGBL SI 20241206 PS;SIMPLE_INSTRUMENT;EFS;EUR;97;131.68000000;217;EXCHANGE_LAST;;1;1;XEUR;10804524;688;
08.11.2024;14:11:19.266;FGBL SI 20241206 PS;SIMPLE_INSTRUMENT;EFP_FIN;EUR;98;131.74000000;775;EXCHANGE_LAST;;1;1;XEUR;10804524;688;
08.11.2024;14:13:33.216;FGBL SI 20241206 PS;SIMPLE_INSTRUMENT;EFP_FIN;EUR;99;131.72000000;213;EXCHANGE_LAST;;1;1;XEUR;10804524;688;
08.11.2024;14:15:04.098;FGBL SI 20241206 PS;SIMPLE_INSTRUMENT;EFP_FIN;EUR;100;131.70000000;850;EXCHANGE_LAST;;1;1;XEUR;10804524;688;
08.11.2024;14:15:19.868;FGBL SI 20241206 PS;SIMPLE_INSTRUMENT;EFS;EUR;101;131.65000000;434;EXCHANGE_LAST;;1;1;XEUR;10804524;688;
08.11.2024;14:17:05.533;FGBL SI 20241206 PS;SIMPLE_INSTRUMENT;EFS;EUR;102;131.65000000;217;EXCHANGE_LAST;;1;1;XEUR;10804524;688;
08.11.2024;14:19:32.070;FGBL SI 20241206 PS;SIMPLE_INSTRUMENT;EFP_FIN;EUR;103;131.73000000;109;EXCHANGE_LAST;;1;1;XEUR;10804524;688;
08.11.2024;14:21:49.360;FGBL SI 20241206 PS;SIMPLE_INSTRUMENT;EFS;EUR;104;131.72000000;492;EXCHANGE_LAST;;1;1;XEUR;10804524;688;
08.11.2024;14:22:27.480;FGBL SI 20241206 PS;SIMPLE_INSTRUMENT;EFP_FIN;EUR;105;131.69000000;488;EXCHANGE_LAST;;1;1;XEUR;10804524;688;
08.11.2024;14:26:57.502;FGBL SI 20241206 PS;SIMPLE_INSTRUMENT;EFP_FIN;EUR;106;131.75000000;294;EXCHANGE_LAST;;1;1;XEUR;10804524;688;
08.11.2024;14:30:32.549;FGBL SI 20241206 PS;SIMPLE_INSTRUMENT;EFS;EUR;107;131.70000000;285;EXCHANGE_LAST;;1;1;XEUR;10804524;688;
08.11.2024;14:36:48.702;FGBL SI 20241206 PS;SIMPLE_INSTRUMENT;EFS;EUR;108;131.84000000;527;EXCHANGE_LAST;;1;1;XEUR;10804524;688;
08.11.2024;14:38:43.800;FGBL SI 20241206 PS;SIMPLE_INSTRUMENT;EFS;EUR;109;131.81000000;263;EXCHANGE_LAST;;1;1;XEUR;10804524;688;
08.11.2024;14:39:08.830;FGBL SI 20241206 PS;SIMPLE_INSTRUMENT;EFS;EUR;110;131.81000000;263;EXCHANGE_LAST;;1;1;XEUR;10804524;688;
08.11.2024;14:39:23.847;FGBL SI 20241206 PS;SIMPLE_INSTRUMENT;EFS;EUR;111;131.81000000;263;EXCHANGE_LAST;;1;1;XEUR;10804524;688;
08.11.2024;14:39:48.868;FGBL SI 20241206 PS;SIMPLE_INSTRUMENT;EFS;EUR;112;131.81000000;527;EXCHANGE_LAST;;1;1;XEUR;10804524;688;
08.11.2024;14:41:27.554;FGBL SI 20241206 PS;SIMPLE_INSTRUMENT;EFS;EUR;113;131.83000000;434;EXCHANGE_LAST;;1;1;XEUR;10804524;688;
08.11.2024;14:51:48.197;FGBL SI 20241206 PS;SIMPLE_INSTRUMENT;EFS;EUR;114;131.83000000;235;EXCHANGE_LAST;;1;1;XEUR;10804524;688;
08.11.2024;15:03:23.776;FGBL SI 20241206 PS;SIMPLE_INSTRUMENT;EFP_FIN;EUR;115;131.85000000;164;EXCHANGE_LAST;;1;1;XEUR;10804524;688;
08.11.2024;15:10:06.659;FGBL SI 20241206 PS;SIMPLE_INSTRUMENT;EFP_FIN;EUR;116;131.85000000;123;EXCHANGE_LAST;;1;1;XEUR;10804524;688;
08.11.2024;15:00:06.827;FGBL SI 20241206 PS;SIMPLE_INSTRUMENT;EFS;EUR;117;131.78000000;248;EXCHANGE_LAST;;1;1;XEUR;10804524;688;
08.11.2024;15:07:45.147;FGBL SI 20241206 PS;SIMPLE_INSTRUMENT;EFS;EUR;118;131.91000000;217;EXCHANGE_LAST;;1;1;XEUR;10804524;688;
08.11.2024;15:09:12.226;FGBL SI 20241206 PS;SIMPLE_INSTRUMENT;EFS;EUR;119;131.99000000;217;EXCHANGE_LAST;;1;1;XEUR;10804524;688;
08.11.2024;15:10:03.263;FGBL SI 20241206 PS;SIMPLE_INSTRUMENT;EFS;EUR;120;131.68000000;492;EXCHANGE_LAST;;1;1;XEUR;10804524;688;
08.11.2024;15:11:07.316;FGBL SI 20241206 PS;SIMPLE_INSTRUMENT;EFS;EUR;121;131.99000000;434;EXCHANGE_LAST;;1;1;XEUR;10804524;688;
08.11.2024;15:17:56.474;FGBL SI 20241206 PS;SIMPLE_INSTRUMENT;EFS;EUR;122;132.09000000;433;EXCHANGE_LAST;;1;1;XEUR;10804524;688;
08.11.2024;15:19:12.787;FGBL SI 20241206 PS;SIMPLE_INSTRUMENT;EFP_FIN;EUR;123;131.75000000;774;EXCHANGE_LAST;;1;1;XEUR;10804524;688;
08.11.2024;15:21:12.739;FGBL SI 20241206 PS;SIMPLE_INSTRUMENT;EFS;EUR;124;132.12000000;433;EXCHANGE_LAST;;1;1;XEUR;10804524;688;
08.11.2024;15:26:29.091;FGBL SI 20241206 PS;SIMPLE_INSTRUMENT;EFS;EUR;125;131.94000000;250;EXCHANGE_LAST;;1;1;XEUR;10804524;688;
08.11.2024;15:30:04.545;FGBL SI 20241206 PS;SIMPLE_INSTRUMENT;EFS;EUR;126;132.10000000;981;EXCHANGE_LAST;;1;1;XEUR;10804524;688;
08.11.2024;15:30:27.452;FGBL SI 20241206 PS;SIMPLE_INSTRUMENT;EFS;EUR;127;132.10000000;244;EXCHANGE_LAST;;1;1;XEUR;10804524;688;
08.11.2024;15:31:17.558;FGBL SI 20241206 PS;SIMPLE_INSTRUMENT;EFP_FIN;EUR;128;132.09000000;160;EXCHANGE_LAST;;1;1;XEUR;10804524;688;
08.11.2024;15:36:15.421;FGBL SI 20241206 PS;SIMPLE_INSTRUMENT;EFS;EUR;129;132.12000000;1552;EXCHANGE_LAST;;1;1;XEUR;10804524;688;
08.11.2024;15:36:08.294;FGBL SI 20241206 PS;SIMPLE_INSTRUMENT;EFS;EUR;130;132.13000000;735;EXCHANGE_LAST;;1;1;XEUR;10804524;688;
08.11.2024;15:37:09.616;FGBL SI 20241206 PS;SIMPLE_INSTRUMENT;EFP_FIN;EUR;131;132.13000000;377;EXCHANGE_LAST;;1;1;XEUR;10804524;688;
08.11.2024;15:37:24.422;FGBL SI 20241206 PS;SIMPLE_INSTRUMENT;EFS;EUR;132;132.04000000;434;EXCHANGE_LAST;;1;1;XEUR;10804524;688;
08.11.2024;15:37:56.608;FGBL SI 20241206 PS;SIMPLE_INSTRUMENT;EFP_FIN;EUR;133;132.10000000;243;EXCHANGE_LAST;;1;1;XEUR;10804524;688;
08.11.2024;15:41:28.505;FGBL SI 20241206 PS;SIMPLE_INSTRUMENT;EFP_FIN;EUR;134;132.10000000;1021;EXCHANGE_LAST;;1;1;XEUR;10804524;688;
08.11.2024;15:46:44.211;FGBL SI 20241206 PS;SIMPLE_INSTRUMENT;EFP_FIN;EUR;135;132.09000000;1162;EXCHANGE_LAST;;1;1;XEUR;10804524;688;
08.11.2024;15:47:52.454;FGBL SI 20241206 PS;SIMPLE_INSTRUMENT;EFS;EUR;136;132.07000000;433;EXCHANGE_LAST;;1;1;XEUR;10804524;688;
08.11.2024;15:48:46.750;FGBL SI 20241206 PS;SIMPLE_INSTRUMENT;EFS;EUR;137;132.05000000;490;EXCHANGE_LAST;;1;1;XEUR;10804524;688;
08.11.2024;15:53:16.090;FGBL SI 20241206 PS;SIMPLE_INSTRUMENT;EFS;EUR;138;132.03000000;196;EXCHANGE_LAST;;1;1;XEUR;10804524;688;
08.11.2024;15:51:11.003;FGBL SI 20241206 PS;SIMPLE_INSTRUMENT;EFS;EUR;139;132.07000000;433;EXCHANGE_LAST;;1;1;XEUR;10804524;688;
08.11.2024;15:53:55.399;FGBL SI 20241206 PS;SIMPLE_INSTRUMENT;EFP_FIN;EUR;140;131.74000000;728;EXCHANGE_LAST;;1;1;XEUR;10804524;688;
08.11.2024;15:55:09.632;FGBL SI 20241206 PS;SIMPLE_INSTRUMENT;EFS;EUR;141;132.06000000;462;EXCHANGE_LAST;;1;1;XEUR;10804524;688;
08.11.2024;15:57:38.559;FGBL SI 20241206 PS;SIMPLE_INSTRUMENT;EFP_FIN;EUR;142;132.09000000;77;EXCHANGE_LAST;;1;1;XEUR;10804524;688;
08.11.2024;16:02:12.450;FGBL SI 20241206 PS;SIMPLE_INSTRUMENT;EFS;EUR;143;132.02000000;434;EXCHANGE_LAST;;1;1;XEUR;10804524;688;
08.11.2024;16:03:49.714;FGBL SI 20241206 PS;SIMPLE_INSTRUMENT;EFP_FIN;EUR;144;131.98000000;514;EXCHANGE_LAST;;1;1;XEUR;10804524;688;
08.11.2024;16:04:02.560;FGBL SI 20241206 PS;SIMPLE_INSTRUMENT;EFS;EUR;145;132.00000000;82;EXCHANGE_LAST;;1;1;XEUR;10804524;688;
08.11.2024;16:05:32.585;FGBL SI 20241206 PS;SIMPLE_INSTRUMENT;EFS;EUR;146;132.00000000;217;EXCHANGE_LAST;;1;1;XEUR;10804524;688;
08.11.2024;16:07:38.686;FGBL SI 20241206 PS;SIMPLE_INSTRUMENT;EFS;EUR;147;132.03000000;245;EXCHANGE_LAST;;1;1;XEUR;10804524;688;
08.11.2024;16:08:21.979;FGBL SI 20241206 PS;SIMPLE_INSTRUMENT;EFS;EUR;148;132.07000000;329;EXCHANGE_LAST;;1;1;XEUR;10804524;688;
08.11.2024;16:15:11.538;FGBL SI 20241206 PS;SIMPLE_INSTRUMENT;EFP_FIN;EUR;149;132.07000000;312;EXCHANGE_LAST;;1;1;XEUR;10804524;688;
08.11.2024;16:16:33.041;FGBL SI 20241206 PS;SIMPLE_INSTRUMENT;EFS;EUR;150;132.07000000;260;EXCHANGE_LAST;;1;1;XEUR;10804524;688;
08.11.2024;16:21:17.630;FGBL SI 20241206 PS;SIMPLE_INSTRUMENT;EFS;EUR;151;132.05000000;245;EXCHANGE_LAST;;1;1;XEUR;10804524;688;
08.11.2024;16:27:10.228;FGBL SI 20241206 PS;SIMPLE_INSTRUMENT;EFS;EUR;152;132.04000000;229;EXCHANGE_LAST;;1;1;XEUR;10804524;688;
08.11.2024;16:28:22.383;FGBL SI 20241206 PS;SIMPLE_INSTRUMENT;EFP_FIN;EUR;153;132.05000000;775;EXCHANGE_LAST;;1;1;XEUR;10804524;688;
08.11.2024;16:31:35.743;FGBL SI 20241206 PS;SIMPLE_INSTRUMENT;EFS;EUR;154;132.02000000;229;EXCHANGE_LAST;;1;1;XEUR;10804524;688;
08.11.2024;16:34:09.834;FGBL SI 20241206 PS;SIMPLE_INSTRUMENT;EFS;EUR;155;132.02000000;434;EXCHANGE_LAST;;1;1;XEUR;10804524;688;
08.11.2024;16:34:44.916;FGBL SI 20241206 PS;SIMPLE_INSTRUMENT;EFS;EUR;156;132.03000000;434;EXCHANGE_LAST;;1;1;XEUR;10804524;688;
08.11.2024;16:40:41.588;FGBL SI 20241206 PS;SIMPLE_INSTRUMENT;EFS;EUR;157;132.00000000;609;EXCHANGE_LAST;;1;1;XEUR;10804524;688;
08.11.2024;16:54:46.684;FGBL SI 20241206 PS;SIMPLE_INSTRUMENT;EFS;EUR;158;132.05000000;434;EXCHANGE_LAST;;1;1;XEUR;10804524;688;
08.11.2024;16:56:11.977;FGBL SI 20241206 PS;SIMPLE_INSTRUMENT;EFS;EUR;159;132.06000000;433;EXCHANGE_LAST;;1;1;XEUR;10804524;688;
08.11.2024;16:58:11.825;FGBL SI 20241206 PS;SIMPLE_INSTRUMENT;EFS;EUR;160;132.00000000;434;EXCHANGE_LAST;;1;1;XEUR;10804524;688;
08.11.2024;07:21:41.240;FGBL SI 20241206 PS;SIMPLE_INSTRUMENT;VOLA;EUR;268435460;131.21000000;715;EXCHANGE_LAST;;1;1;XEUR;10804524;688;
08.11.2024;08:30:50.795;FGBL SI 20241206 PS;SIMPLE_INSTRUMENT;VOLA;EUR;268435472;131.78000000;122;EXCHANGE_LAST;;1;1;XEUR;10804524;688;
08.11.2024;08:31:24.799;FGBL SI 20241206 PS;SIMPLE_INSTRUMENT;VOLA;EUR;268435473;131.78000000;123;EXCHANGE_LAST;;1;1;XEUR;10804524;688;
08.11.2024;09:01:08.053;FGBL SI 20241206 PS;SIMPLE_INSTRUMENT;VOLA;EUR;268435480;131.73000000;12;EXCHANGE_LAST;;1;1;XEUR;10804524;688;
08.11.2024;09:09:05.125;FGBL SI 20241206 PS;SIMPLE_INSTRUMENT;VOLA;EUR;268435485;131.73000000;90;EXCHANGE_LAST;;1;1;XEUR;10804524;688;
08.11.2024;09:32:51.869;FGBL SI 20241206 PS;SIMPLE_INSTRUMENT;VOLA;EUR;268435490;131.73000000;60;EXCHANGE_LAST;;1;1;XEUR;10804524;688;
08.11.2024;10:23:04.073;FGBL SI 20241206 PS;SIMPLE_INSTRUMENT;VOLA;EUR;268435506;131.90000000;15;EXCHANGE_LAST;;1;1;XEUR;10804524;688;
08.11.2024;10:23:04.929;FGBL SI 20250306 PS;SIMPLE_INSTRUMENT;VOLA;EUR;268435508;133.30000000;70;EXCHANGE_LAST;;1;1;XEUR;11286679;688;
08.11.2024;10:23:06.008;FGBL SI 20250306 PS;SIMPLE_INSTRUMENT;VOLA;EUR;268435510;133.30000000;70;EXCHANGE_LAST;;1;1;XEUR;11286679;688;
08.11.2024;10:24:18.382;FGBL SI 20250306 PS;SIMPLE_INSTRUMENT;VOLA;EUR;268435511;133.22000000;56;EXCHANGE_LAST;;1;1;XEUR;11286679;688;
08.11.2024;10:43:02.565;FGBL SI 20241206 PS;SIMPLE_INSTRUMENT;VOLA;EUR;268435515;131.73000000;60;EXCHANGE_LAST;;1;1;XEUR;10804524;688;
08.11.2024;10:48:28.377;FGBL SI 20241206 PS;SIMPLE_INSTRUMENT;VOLA;EUR;268435518;131.89000000;85;EXCHANGE_LAST;;1;1;XEUR;10804524;688;
08.11.2024;10:48:54.091;FGBL SI 20241206 PS;SIMPLE_INSTRUMENT;VOLA;EUR;268435519;131.89000000;84;EXCHANGE_LAST;;1;1;XEUR;10804524;688;
08.11.2024;10:54:23.640;FGBL SI 20241206 PS;SIMPLE_INSTRUMENT;VOLA;EUR;268435522;131.89000000;20;EXCHANGE_LAST;;1;1;XEUR;10804524;688;
08.11.2024;10:55:36.838;FGBL SI 20241206 PS;SIMPLE_INSTRUMENT;VOLA;EUR;268435523;131.89000000;9;EXCHANGE_LAST;;1;1;XEUR;10804524;688;
08.11.2024;11:10:06.164;FGBL SI 20241206 PS;SIMPLE_INSTRUMENT;VOLA;EUR;268435525;131.89000000;35;EXCHANGE_LAST;;1;1;XEUR;10804524;688;
08.11.2024;11:19:48.164;FGBL SI 20241206 PS;SIMPLE_INSTRUMENT;VOLA;EUR;268435528;131.89000000;41;EXCHANGE_LAST;;1;1;XEUR;10804524;688;
08.11.2024;11:20:11.553;FGBL SI 20241206 PS;SIMPLE_INSTRUMENT;VOLA;EUR;268435529;131.89000000;41;EXCHANGE_LAST;;1;1;XEUR;10804524;688;
08.11.2024;13:02:25.299;FGBL SI 20241206 PS;SIMPLE_INSTRUMENT;VOLA;EUR;268435537;131.73000000;60;EXCHANGE_LAST;;1;1;XEUR;10804524;688;
08.11.2024;13:51:27.818;FGBL SI 20241206 PS;SIMPLE_INSTRUMENT;VOLA;EUR;268435545;131.70000000;195;EXCHANGE_LAST;;1;1;XEUR;10804524;688;
08.11.2024;13:51:57.330;FGBL SI 20241206 PS;SIMPLE_INSTRUMENT;VOLA;EUR;268435546;131.70000000;55;EXCHANGE_LAST;;1;1;XEUR;10804524;688;
08.11.2024;15:20:36.962;FGBL SI 20241206 PS;SIMPLE_INSTRUMENT;VOLA;EUR;268435570;131.70000000;80;EXCHANGE_LAST;;1;1;XEUR;10804524;688;
08.11.2024;15:21:24.499;FGBL SI 20241206 PS;SIMPLE_INSTRUMENT;VOLA;EUR;268435571;131.70000000;120;EXCHANGE_LAST;;1;1;XEUR;10804524;688;
08.11.2024;15:22:04.052;FGBL SI 20241206 PS;SIMPLE_INSTRUMENT;VOLA;EUR;268435572;131.70000000;80;EXCHANGE_LAST;;1;1;XEUR;10804524;688;
08.11.2024;15:23:00.486;FGBL SI 20241206 PS;SIMPLE_INSTRUMENT;VOLA;EUR;268435573;131.70000000;40;EXCHANGE_LAST;;1;1;XEUR;10804524;688;
08.11.2024;15:29:37.756;FGBL SI 20241206 PS;SIMPLE_INSTRUMENT;VOLA;EUR;268435575;132.13000000;90;EXCHANGE_LAST;;1;1;XEUR;10804524;688;
08.11.2024;08:08:28.142;FGBM SI 20241206 PS;SIMPLE_INSTRUMENT;EFS;EUR;1;118.46000000;864;EXCHANGE_LAST;;1;1;XEUR;10804525;689;
08.11.2024;08:14:56.395;FGBM SI 20241206 PS;SIMPLE_INSTRUMENT;EFS;EUR;2;118.42000000;1379;EXCHANGE_LAST;;1;1;XEUR;10804525;689;
08.11.2024;08:34:44.212;FGBM SI 20241206 PS;SIMPLE_INSTRUMENT;EFS;EUR;3;118.45000000;333;EXCHANGE_LAST;;1;1;XEUR;10804525;689;
08.11.2024;08:35:53.553;FGBM SI 20241206 PS;SIMPLE_INSTRUMENT;EFS;EUR;4;118.43000000;1736;EXCHANGE_LAST;;1;1;XEUR;10804525;689;
08.11.2024;08:37:47.684;FGBM SI 20241206 PS;SIMPLE_INSTRUMENT;EFS;EUR;5;118.44000000;432;EXCHANGE_LAST;;1;1;XEUR;10804525;689;
08.11.2024;08:38:32.240;FGBM SI 20241206 PS;SIMPLE_INSTRUMENT;EFS;EUR;6;118.44000000;1866;EXCHANGE_LAST;;1;1;XEUR;10804525;689;
08.11.2024;08:51:30.486;FGBM SI 20241206 PS;SIMPLE_INSTRUMENT;EFS;EUR;8;118.38000000;554;EXCHANGE_LAST;;1;1;XEUR;10804525;689;
08.11.2024;08:53:48.063;FGBM SI 20241206 PS;SIMPLE_INSTRUMENT;EFS;EUR;9;118.41000000;474;EXCHANGE_LAST;;1;1;XEUR;10804525;689;
08.11.2024;08:54:01.231;FGBM SI 20241206 PS;SIMPLE_INSTRUMENT;EFS;EUR;10;118.38000000;424;EXCHANGE_LAST;;1;1;XEUR;10804525;689;
08.11.2024;08:55:53.324;FGBM SI 20241206 PS;SIMPLE_INSTRUMENT;EFS;EUR;11;118.39000000;848;EXCHANGE_LAST;;1;1;XEUR;10804525;689;
08.11.2024;08:55:57.506;FGBM SI 20241206 PS;SIMPLE_INSTRUMENT;EFS;EUR;12;118.46000000;864;EXCHANGE_LAST;;1;1;XEUR;10804525;689;
08.11.2024;09:05:38.913;FGBM SI 20241206 PS;SIMPLE_INSTRUMENT;EFS;EUR;13;118.48000000;466;EXCHANGE_LAST;;1;1;XEUR;10804525;689;
08.11.2024;09:07:05.734;FGBM SI 20241206 PS;SIMPLE_INSTRUMENT;EFS;EUR;14;118.43000000;432;EXCHANGE_LAST;;1;1;XEUR;10804525;689;
08.11.2024;09:08:33.636;FGBM SI 20241206 PS;SIMPLE_INSTRUMENT;EFS;EUR;15;118.43000000;432;EXCHANGE_LAST;;1;1;XEUR;10804525;689;
08.11.2024;09:11:37.530;FGBM SI 20241206 PS;SIMPLE_INSTRUMENT;EFS;EUR;16;118.44000000;1401;EXCHANGE_LAST;;1;1;XEUR;10804525;689;
08.11.2024;09:15:14.381;FGBM SI 20241206 PS;SIMPLE_INSTRUMENT;EFS;EUR;17;118.45000000;864;EXCHANGE_LAST;;1;1;XEUR;10804525;689;
08.11.2024;09:19:22.298;FGBM SI 20241206 PS;SIMPLE_INSTRUMENT;EFS;EUR;18;118.49000000;300;EXCHANGE_LAST;;1;1;XEUR;10804525;689;
08.11.2024;09:21:15.650;FGBM SI 20241206 PS;SIMPLE_INSTRUMENT;EFS;EUR;19;118.43000000;432;EXCHANGE_LAST;;1;1;XEUR;10804525;689;
08.11.2024;09:22:45.728;FGBM SI 20241206 PS;SIMPLE_INSTRUMENT;EFS;EUR;20;118.42000000;346;EXCHANGE_LAST;;1;1;XEUR;10804525;689;
08.11.2024;09:22:45.773;FGBM SI 20241206 PS;SIMPLE_INSTRUMENT;EFS;EUR;21;118.42000000;519;EXCHANGE_LAST;;1;1;XEUR;10804525;689;
08.11.2024;09:26:33.362;FGBM SI 20241206 PS;SIMPLE_INSTRUMENT;EFS;EUR;22;118.42000000;43;EXCHANGE_LAST;;1;1;XEUR;10804525;689;
08.11.2024;09:29:18.500;FGBM SI 20241206 PS;SIMPLE_INSTRUMENT;EFS;EUR;23;118.42000000;156;EXCHANGE_LAST;;1;1;XEUR;10804525;689;
08.11.2024;09:30:54.491;FGBM SI 20241206 PS;SIMPLE_INSTRUMENT;EFS;EUR;24;118.44000000;2;EXCHANGE_LAST;;1;1;XEUR;10804525;689;
08.11.2024;09:33:59.220;FGBM SI 20241206 PS;SIMPLE_INSTRUMENT;EFS;EUR;25;118.42000000;128;EXCHANGE_LAST;;1;1;XEUR;10804525;689;
08.11.2024;09:41:21.276;FGBM SI 20241206 PS;SIMPLE_INSTRUMENT;EFS;EUR;26;118.42000000;817;EXCHANGE_LAST;;1;1;XEUR;10804525;689;
08.11.2024;09:45:05.864;FGBM SI 20241206 PS;SIMPLE_INSTRUMENT;EFP_FIN;EUR;27;118.43000000;210;EXCHANGE_LAST;;1;1;XEUR;10804525;689;
08.11.2024;09:57:58.997;FGBM SI 20241206 PS;SIMPLE_INSTRUMENT;EFS;EUR;28;118.39000000;863;EXCHANGE_LAST;;1;1;XEUR;10804525;689;
08.11.2024;09:58:25.839;FGBM SI 20241206 PS;SIMPLE_INSTRUMENT;EFS;EUR;29;118.39000000;863;EXCHANGE_LAST;;1;1;XEUR;10804525;689;
08.11.2024;09:58:56.909;FGBM SI 20241206 PS;SIMPLE_INSTRUMENT;EFS;EUR;30;118.39000000;863;EXCHANGE_LAST;;1;1;XEUR;10804525;689;
08.11.2024;10:25:32.448;FGBM SI 20241206 PS;SIMPLE_INSTRUMENT;EFS;EUR;31;118.37000000;935;EXCHANGE_LAST;;1;1;XEUR;10804525;689;
08.11.2024;10:27:10.437;FGBM SI 20241206 PS;SIMPLE_INSTRUMENT;EFS;EUR;32;118.39000000;1401;EXCHANGE_LAST;;1;1;XEUR;10804525;689;
08.11.2024;10:30:41.361;FGBM SI 20241206 PS;SIMPLE_INSTRUMENT;EFP_FIN;EUR;33;118.38000000;380;EXCHANGE_LAST;;1;1;XEUR;10804525;689;
08.11.2024;10:34:13.868;FGBM SI 20241206 PS;SIMPLE_INSTRUMENT;EFP_FIN;EUR;34;118.38000000;278;EXCHANGE_LAST;;1;1;XEUR;10804525;689;
08.11.2024;10:36:07.439;FGBM SI 20241206 PS;SIMPLE_INSTRUMENT;EFP_FIN;EUR;35;118.38000000;76;EXCHANGE_LAST;;1;1;XEUR;10804525;689;
08.11.2024;10:45:07.562;FGBM SI 20241206 PS;SIMPLE_INSTRUMENT;EFS;EUR;36;118.38000000;934;EXCHANGE_LAST;;1;1;XEUR;10804525;689;
08.11.2024;10:46:00.659;FGBM SI 20241206 PS;SIMPLE_INSTRUMENT;EFP_FIN;EUR;37;118.39000000;297;EXCHANGE_LAST;;1;1;XEUR;10804525;689;
08.11.2024;10:57:50.175;FGBM SI 20241206 PS;SIMPLE_INSTRUMENT;EFP_FIN;EUR;38;118.38000000;106;EXCHANGE_LAST;;1;1;XEUR;10804525;689;
08.11.2024;10:50:34.816;FGBM SI 20241206 PS;SIMPLE_INSTRUMENT;EFS;EUR;39;118.44000000;467;EXCHANGE_LAST;;1;1;XEUR;10804525;689;
08.11.2024;11:12:43.741;FGBM SI 20241206 PS;SIMPLE_INSTRUMENT;EFS;EUR;40;118.38000000;1120;EXCHANGE_LAST;;1;1;XEUR;10804525;689;
08.11.2024;11:14:28.678;FGBM SI 20241206 PS;SIMPLE_INSTRUMENT;EFS;EUR;41;118.41000000;433;EXCHANGE_LAST;;1;1;XEUR;10804525;689;
08.11.2024;11:17:38.678;FGBM SI 20241206 PS;SIMPLE_INSTRUMENT;EFS;EUR;42;118.37000000;200;EXCHANGE_LAST;;1;1;XEUR;10804525;689;
08.11.2024;11:18:39.040;FGBM SI 20241206 PS;SIMPLE_INSTRUMENT;EFS;EUR;43;118.37000000;234;EXCHANGE_LAST;;1;1;XEUR;10804525;689;
08.11.2024;11:20:35.117;FGBM SI 20241206 PS;SIMPLE_INSTRUMENT;EFP_FIN;EUR;44;118.42000000;410;EXCHANGE_LAST;;1;1;XEUR;10804525;689;
08.11.2024;11:21:47.039;FGBM SI 20241206 PS;SIMPLE_INSTRUMENT;EFP_FIN;EUR;45;118.43000000;366;EXCHANGE_LAST;;1;1;XEUR;10804525;689;
08.11.2024;11:31:08.935;FGBM SI 20241206 PS;SIMPLE_INSTRUMENT;EFS;EUR;46;118.36000000;69;EXCHANGE_LAST;;1;1;XEUR;10804525;689;
08.11.2024;11:32:02.352;FGBM SI 20241206 PS;SIMPLE_INSTRUMENT;EFS;EUR;47;118.31000000;934;EXCHANGE_LAST;;1;1;XEUR;10804525;689;
08.11.2024;11:37:32.253;FGBM SI 20241206 PS;SIMPLE_INSTRUMENT;EFP_FIN;EUR;48;118.38000000;152;EXCHANGE_LAST;;1;1;XEUR;10804525;689;
08.11.2024;11:47:57.464;FGBM SI 20241206 PS;SIMPLE_INSTRUMENT;EFP_FIN;EUR;49;118.31000000;368;EXCHANGE_LAST;;1;1;XEUR;10804525;689;
08.11.2024;11:51:19.472;FGBM SI 20241206 PS;SIMPLE_INSTRUMENT;EFS;EUR;50;118.31000000;467;EXCHANGE_LAST;;1;1;XEUR;10804525;689;
08.11.2024;11:54:41.438;FGBM SI 20241206 PS;SIMPLE_INSTRUMENT;EFS;EUR;51;118.32000000;467;EXCHANGE_LAST;;1;1;XEUR;10804525;689;
08.11.2024;11:57:27.294;FGBM SI 20241206 PS;SIMPLE_INSTRUMENT;EFS;EUR;52;118.34000000;1027;EXCHANGE_LAST;;1;1;XEUR;10804525;689;
08.11.2024;12:02:01.728;FGBM SI 20241206 PS;SIMPLE_INSTRUMENT;EFP_FIN;EUR;53;118.40000000;192;EXCHANGE_LAST;;1;1;XEUR;10804525;689;
08.11.2024;12:23:28.284;FGBM SI 20241206 PS;SIMPLE_INSTRUMENT;EFP_FIN;EUR;55;118.32000000;645;EXCHANGE_LAST;;1;1;XEUR;10804525;689;
08.11.2024;12:12:12.996;FGBM SI 20241206 PS;SIMPLE_INSTRUMENT;EFP_FIN;EUR;56;118.32000000;354;EXCHANGE_LAST;;1;1;XEUR;10804525;689;
08.11.2024;12:06:23.425;FGBM SI 20241206 PS;SIMPLE_INSTRUMENT;EFP_FIN;EUR;57;118.32000000;177;EXCHANGE_LAST;;1;1;XEUR;10804525;689;
08.11.2024;12:09:37.249;FGBM SI 20241206 PS;SIMPLE_INSTRUMENT;EFS;EUR;58;118.30000000;864;EXCHANGE_LAST;;1;1;XEUR;10804525;689;
08.11.2024;12:11:22.510;FGBM SI 20241206 PS;SIMPLE_INSTRUMENT;EFP_FIN;EUR;59;118.33000000;428;EXCHANGE_LAST;;1;1;XEUR;10804525;689;
08.11.2024;12:25:07.405;FGBM SI 20241206 PS;SIMPLE_INSTRUMENT;EFP_FIN;EUR;60;118.38000000;429;EXCHANGE_LAST;;1;1;XEUR;10804525;689;
08.11.2024;12:33:48.142;FGBM SI 20241206 PS;SIMPLE_INSTRUMENT;EFS;EUR;61;118.33000000;303;EXCHANGE_LAST;;1;1;XEUR;10804525;689;
08.11.2024;12:35:19.972;FGBM SI 20241206 PS;SIMPLE_INSTRUMENT;EFP_FIN;EUR;62;118.40000000;154;EXCHANGE_LAST;;1;1;XEUR;10804525;689;
08.11.2024;13:01:29.046;FGBM SI 20241206 PS;SIMPLE_INSTRUMENT;EFP_FIN;EUR;63;118.38000000;856;EXCHANGE_LAST;;1;1;XEUR;10804525;689;
08.11.2024;13:24:14.873;FGBM SI 20241206 PS;SIMPLE_INSTRUMENT;EFP_FIN;EUR;64;118.38000000;1226;EXCHANGE_LAST;;1;1;XEUR;10804525;689;
08.11.2024;13:34:31.670;FGBM SI 20241206 PS;SIMPLE_INSTRUMENT;EFP_FIN;EUR;65;118.34000000;183;EXCHANGE_LAST;;1;1;XEUR;10804525;689;
08.11.2024;13:41:12.562;FGBM SI 20241206 PS;SIMPLE_INSTRUMENT;EFS;EUR;66;118.37000000;1734;EXCHANGE_LAST;;1;1;XEUR;10804525;689;
08.11.2024;13:44:20.997;FGBM SI 20241206 PS;SIMPLE_INSTRUMENT;EFS;EUR;67;118.34000000;1735;EXCHANGE_LAST;;1;1;XEUR;10804525;689;
08.11.2024;14:08:39.338;FGBM SI 20241206 PS;SIMPLE_INSTRUMENT;EFS;EUR;68;118.29000000;863;EXCHANGE_LAST;;1;1;XEUR;10804525;689;
08.11.2024;14:24:22.793;FGBM SI 20241206 PS;SIMPLE_INSTRUMENT;EFP_FIN;EUR;69;118.30000000;735;EXCHANGE_LAST;;1;1;XEUR;10804525;689;
08.11.2024;14:32:19.873;FGBM SI 20241206 PS;SIMPLE_INSTRUMENT;EFS;EUR;71;118.30000000;626;EXCHANGE_LAST;;1;1;XEUR;10804525;689;
08.11.2024;14:42:02.643;FGBM SI 20241206 PS;SIMPLE_INSTRUMENT;EFS;EUR;72;118.28000000;150;EXCHANGE_LAST;;1;1;XEUR;10804525;689;
08.11.2024;14:53:19.553;FGBM SI 20241206 PS;SIMPLE_INSTRUMENT;EFS;EUR;73;118.35000000;2561;EXCHANGE_LAST;;1;1;XEUR;10804525;689;
08.11.2024;15:00:45.076;FGBM SI 20241206 PS;SIMPLE_INSTRUMENT;EFS;EUR;74;118.34000000;374;EXCHANGE_LAST;;1;1;XEUR;10804525;689;
08.11.2024;15:46:50.515;FGBM SI 20241206 PS;SIMPLE_INSTRUMENT;EFP_FIN;EUR;75;118.43000000;387;EXCHANGE_LAST;;1;1;XEUR;10804525;689;
08.11.2024;15:55:09.461;FGBM SI 20241206 PS;SIMPLE_INSTRUMENT;EFP_FIN;EUR;76;118.44000000;171;EXCHANGE_LAST;;1;1;XEUR;10804525;689;
08.11.2024;15:54:26.098;FGBM SI 20241206 PS;SIMPLE_INSTRUMENT;EFS;EUR;77;118.44000000;3;EXCHANGE_LAST;;1;1;XEUR;10804525;689;
08.11.2024;15:57:43.648;FGBM SI 20241206 PS;SIMPLE_INSTRUMENT;EFS;EUR;79;118.44000000;154;EXCHANGE_LAST;;1;1;XEUR;10804525;689;
08.11.2024;15:58:58.559;FGBM SI 20241206 PS;SIMPLE_INSTRUMENT;EFS;EUR;80;118.44000000;734;EXCHANGE_LAST;;1;1;XEUR;10804525;689;
08.11.2024;16:00:26.643;FGBM SI 20241206 PS;SIMPLE_INSTRUMENT;EFS;EUR;81;118.43000000;216;EXCHANGE_LAST;;1;1;XEUR;10804525;689;
08.11.2024;16:06:57.416;FGBM SI 20241206 PS;SIMPLE_INSTRUMENT;EFS;EUR;82;118.42000000;868;EXCHANGE_LAST;;1;1;XEUR;10804525;689;
08.11.2024;16:09:05.113;FGBM SI 20241206 PS;SIMPLE_INSTRUMENT;EFS;EUR;83;118.42000000;933;EXCHANGE_LAST;;1;1;XEUR;10804525;689;
08.11.2024;16:09:05.113;FGBM SI 20241206 PS;SIMPLE_INSTRUMENT;EFS;EUR;84;118.41000000;933;EXCHANGE_LAST;;1;1;XEUR;10804525;689;
08.11.2024;16:13:10.103;FGBM SI 20241206 PS;SIMPLE_INSTRUMENT;EFS;EUR;85;118.45000000;350;EXCHANGE_LAST;;1;1;XEUR;10804525;689;
08.11.2024;16:13:46.687;FGBM SI 20241206 PS;SIMPLE_INSTRUMENT;EFS;EUR;86;118.43000000;187;EXCHANGE_LAST;;1;1;XEUR;10804525;689;
08.11.2024;16:28:38.512;FGBM SI 20241206 PS;SIMPLE_INSTRUMENT;EFS;EUR;89;118.45000000;933;EXCHANGE_LAST;;1;1;XEUR;10804525;689;
08.11.2024;16:32:58.951;FGBM SI 20241206 PS;SIMPLE_INSTRUMENT;EFS;EUR;90;118.45000000;432;EXCHANGE_LAST;;1;1;XEUR;10804525;689;
08.11.2024;16:34:44.871;FGBM SI 20241206 PS;SIMPLE_INSTRUMENT;EFS;EUR;91;118.45000000;819;EXCHANGE_LAST;;1;1;XEUR;10804525;689;
08.11.2024;16:39:56.643;FGBM SI 20241206 PS;SIMPLE_INSTRUMENT;EFS;EUR;92;118.42000000;604;EXCHANGE_LAST;;1;1;XEUR;10804525;689;
08.11.2024;16:45:16.123;FGBM SI 20241206 PS;SIMPLE_INSTRUMENT;BLOCK;EUR;93;118.44000000;5800;EXCHANGE_LAST;;1;1;XEUR;10804525;689;
08.11.2024;16:55:20.460;FGBM SI 20241206 PS;SIMPLE_INSTRUMENT;EFS;EUR;94;118.46000000;817;EXCHANGE_LAST;;1;1;XEUR;10804525;689;
08.11.2024;17:24:23.918;FGBM SI 20241206 PS;SIMPLE_INSTRUMENT;EFS;EUR;96;118.44000000;865;EXCHANGE_LAST;;1;1;XEUR;10804525;689;
08.11.2024;17:44:31.059;FGBM SI 20241206 PS;SIMPLE_INSTRUMENT;EFS;EUR;97;118.45000000;932;EXCHANGE_LAST;;1;1;XEUR;10804525;689;
08.11.2024;16:40:00.371;FGBM SI 20241206 PS;SIMPLE_INSTRUMENT;VOLA;EUR;268435586;118.46000000;788;EXCHANGE_LAST;;1;1;XEUR;10804525;689;
08.11.2024;08:06:00.353;FGBS SI 20241206 PS;SIMPLE_INSTRUMENT;EFS;EUR;1;106.69000000;2527;EXCHANGE_LAST;;1;1;XEUR;10804527;690;
08.11.2024;08:09:44.540;FGBS SI 20241206 PS;SIMPLE_INSTRUMENT;EFS;EUR;2;106.73000000;2723;EXCHANGE_LAST;;1;1;XEUR;10804527;690;
08.11.2024;08:13:02.398;FGBS SI 20241206 PS;SIMPLE_INSTRUMENT;EFS;EUR;3;106.73500000;1372;EXCHANGE_LAST;;1;1;XEUR;10804527;690;
08.11.2024;08:14:24.619;FGBS SI 20241206 PS;SIMPLE_INSTRUMENT;EFS;EUR;4;106.73500000;2722;EXCHANGE_LAST;;1;1;XEUR;10804527;690;
08.11.2024;08:16:02.946;FGBS SI 20241206 PS;SIMPLE_INSTRUMENT;EFS;EUR;5;106.69000000;2527;EXCHANGE_LAST;;1;1;XEUR;10804527;690;
08.11.2024;08:18:18.765;FGBS SI 20241206 PS;SIMPLE_INSTRUMENT;EFS;EUR;6;106.72000000;2723;EXCHANGE_LAST;;1;1;XEUR;10804527;690;
08.11.2024;08:19:52.372;FGBS SI 20241206 PS;SIMPLE_INSTRUMENT;EFS;EUR;7;106.72000000;2725;EXCHANGE_LAST;;1;1;XEUR;10804527;690;
08.11.2024;08:24:16.112;FGBS SI 20241206 PS;SIMPLE_INSTRUMENT;EFS;EUR;8;106.73000000;2723;EXCHANGE_LAST;;1;1;XEUR;10804527;690;
08.11.2024;08:44:39.848;FGBS SI 20241206 PS;SIMPLE_INSTRUMENT;EFS;EUR;9;106.70000000;1362;EXCHANGE_LAST;;1;1;XEUR;10804527;690;
08.11.2024;08:46:33.813;FGBS SI 20241206 PS;SIMPLE_INSTRUMENT;EFS;EUR;10;106.69500000;1362;EXCHANGE_LAST;;1;1;XEUR;10804527;690;
08.11.2024;08:47:27.679;FGBS SI 20241206 PS;SIMPLE_INSTRUMENT;EFS;EUR;11;106.69500000;1362;EXCHANGE_LAST;;1;1;XEUR;10804527;690;
08.11.2024;08:52:27.224;FGBS SI 20241206 PS;SIMPLE_INSTRUMENT;EFS;EUR;12;106.69000000;10932;EXCHANGE_LAST;;1;1;XEUR;10804527;690;
08.11.2024;08:56:21.619;FGBS SI 20241206 PS;SIMPLE_INSTRUMENT;EFS;EUR;13;106.69000000;5449;EXCHANGE_LAST;;1;1;XEUR;10804527;690;
08.11.2024;09:19:29.201;FGBS SI 20241206 PS;SIMPLE_INSTRUMENT;EFS;EUR;14;106.70000000;500;EXCHANGE_LAST;;1;1;XEUR;10804527;690;
08.11.2024;09:04:04.908;FGBS SI 20241206 PS;SIMPLE_INSTRUMENT;EFS;EUR;15;106.71000000;1362;EXCHANGE_LAST;;1;1;XEUR;10804527;690;
08.11.2024;09:34:02.028;FGBS SI 20241206 PS;SIMPLE_INSTRUMENT;EFS;EUR;16;106.71000000;2724;EXCHANGE_LAST;;1;1;XEUR;10804527;690;
08.11.2024;09:43:28.721;FGBS SI 20241206 PS;SIMPLE_INSTRUMENT;EFS;EUR;17;106.71000000;302;EXCHANGE_LAST;;1;1;XEUR;10804527;690;
08.11.2024;09:52:27.147;FGBS SI 20241206 PS;SIMPLE_INSTRUMENT;EFS;EUR;18;106.70000000;2724;EXCHANGE_LAST;;1;1;XEUR;10804527;690;
08.11.2024;09:53:21.942;FGBS SI 20241206 PS;SIMPLE_INSTRUMENT;EFS;EUR;19;106.70000000;5448;EXCHANGE_LAST;;1;1;XEUR;10804527;690;
08.11.2024;10:05:39.190;FGBS SI 20241206 PS;SIMPLE_INSTRUMENT;EFS;EUR;20;106.70000000;2724;EXCHANGE_LAST;;1;1;XEUR;10804527;690;
08.11.2024;10:15:15.240;FGBS SI 20241206 PS;SIMPLE_INSTRUMENT;EFS;EUR;21;106.69000000;4087;EXCHANGE_LAST;;1;1;XEUR;10804527;690;
08.11.2024;10:24:24.283;FGBS SI 20241206 PS;SIMPLE_INSTRUMENT;EFS;EUR;22;106.69000000;2725;EXCHANGE_LAST;;1;1;XEUR;10804527;690;
08.11.2024;10:25:24.144;FGBS SI 20241206 PS;SIMPLE_INSTRUMENT;EFS;EUR;23;106.68500000;4086;EXCHANGE_LAST;;1;1;XEUR;10804527;690;
08.11.2024;10:33:41.945;FGBS SI 20241206 PS;SIMPLE_INSTRUMENT;BLOCK;EUR;24;106.69000000;6896;EXCHANGE_LAST;;1;1;XEUR;10804527;690;
08.11.2024;10:58:01.897;FGBS SI 20241206 PS;SIMPLE_INSTRUMENT;EFP_FIN;EUR;25;106.69000000;319;EXCHANGE_LAST;;1;1;XEUR;10804527;690;
08.11.2024;11:19:23.662;FGBS SI 20241206 PS;SIMPLE_INSTRUMENT;EFS;EUR;26;106.70000000;935;EXCHANGE_LAST;;1;1;XEUR;10804527;690;
08.11.2024;11:29:38.345;FGBS SI 20241206 PS;SIMPLE_INSTRUMENT;EFP_FIN;EUR;27;106.69000000;4705;EXCHANGE_LAST;;1;1;XEUR;10804527;690;
08.11.2024;11:31:50.676;FGBS SI 20241206 PS;SIMPLE_INSTRUMENT;EFP_FIN;EUR;28;106.67500000;2024;EXCHANGE_LAST;;1;1;XEUR;10804527;690;
08.11.2024;11:33:01.596;FGBS SI 20241206 PS;SIMPLE_INSTRUMENT;EFS;EUR;29;106.69000000;1362;EXCHANGE_LAST;;1;1;XEUR;10804527;690;
08.11.2024;11:59:06.686;FGBS SI 20241206 PS;SIMPLE_INSTRUMENT;EFS;EUR;30;106.67500000;4087;EXCHANGE_LAST;;1;1;XEUR;10804527;690;
08.11.2024;12:01:23.378;FGBS SI 20241206 PS;SIMPLE_INSTRUMENT;EFP_FIN;EUR;31;106.67500000;337;EXCHANGE_LAST;;1;1;XEUR;10804527;690;
08.11.2024;12:14:15.088;FGBS SI 20241206 PS;SIMPLE_INSTRUMENT;EFS;EUR;32;106.66000000;1363;EXCHANGE_LAST;;1;1;XEUR;10804527;690;
08.11.2024;13:04:30.330;FGBS SI 20241206 PS;SIMPLE_INSTRUMENT;EFS;EUR;33;106.69000000;3795;EXCHANGE_LAST;;1;1;XEUR;10804527;690;
08.11.2024;13:34:21.202;FGBS SI 20241206 PS;SIMPLE_INSTRUMENT;EFS;EUR;34;106.68000000;2725;EXCHANGE_LAST;;1;1;XEUR;10804527;690;
08.11.2024;13:45:02.377;FGBS SI 20241206 PS;SIMPLE_INSTRUMENT;EFS;EUR;35;106.66000000;1363;EXCHANGE_LAST;;1;1;XEUR;10804527;690;
08.11.2024;13:57:40.044;FGBS SI 20241206 PS;SIMPLE_INSTRUMENT;EFS;EUR;36;106.66000000;1363;EXCHANGE_LAST;;1;1;XEUR;10804527;690;
08.11.2024;13:58:09.754;FGBS SI 20241206 PS;SIMPLE_INSTRUMENT;EFS;EUR;37;106.68000000;4087;EXCHANGE_LAST;;1;1;XEUR;10804527;690;
08.11.2024;14:19:08.147;FGBS SI 20241206 PS;SIMPLE_INSTRUMENT;EFS;EUR;38;106.66000000;2725;EXCHANGE_LAST;;1;1;XEUR;10804527;690;
08.11.2024;14:26:47.827;FGBS SI 20241206 PS;SIMPLE_INSTRUMENT;EFS;EUR;39;106.66500000;1825;EXCHANGE_LAST;;1;1;XEUR;10804527;690;
08.11.2024;14:25:48.260;FGBS SI 20241206 PS;SIMPLE_INSTRUMENT;EFP_FIN;EUR;40;106.67000000;206;EXCHANGE_LAST;;1;1;XEUR;10804527;690;
08.11.2024;14:41:49.266;FGBS SI 20241206 PS;SIMPLE_INSTRUMENT;EFP_FIN;EUR;41;106.67000000;639;EXCHANGE_LAST;;1;1;XEUR;10804527;690;
08.11.2024;14:49:02.141;FGBS SI 20241206 PS;SIMPLE_INSTRUMENT;EFS;EUR;42;106.66000000;2725;EXCHANGE_LAST;;1;1;XEUR;10804527;690;
08.11.2024;14:54:40.496;FGBS SI 20241206 PS;SIMPLE_INSTRUMENT;EFS;EUR;44;106.65500000;2533;EXCHANGE_LAST;;1;1;XEUR;10804527;690;
08.11.2024;15:01:23.079;FGBS SI 20241206 PS;SIMPLE_INSTRUMENT;EFS;EUR;45;106.66000000;1090;EXCHANGE_LAST;;1;1;XEUR;10804527;690;
08.11.2024;15:07:44.265;FGBS SI 20241206 PS;SIMPLE_INSTRUMENT;EFS;EUR;46;106.66500000;2725;EXCHANGE_LAST;;1;1;XEUR;10804527;690;
08.11.2024;15:11:17.109;FGBS SI 20241206 PS;SIMPLE_INSTRUMENT;EFP_FIN;EUR;47;106.67000000;2515;EXCHANGE_LAST;;1;1;XEUR;10804527;690;
08.11.2024;15:12:53.168;FGBS SI 20241206 PS;SIMPLE_INSTRUMENT;EFP_FIN;EUR;48;106.66000000;1324;EXCHANGE_LAST;;1;1;XEUR;10804527;690;
08.11.2024;15:24:31.475;FGBS SI 20241206 PS;SIMPLE_INSTRUMENT;EFP_FIN;EUR;49;106.67500000;1924;EXCHANGE_LAST;;1;1;XEUR;10804527;690;
08.11.2024;15:47:31.365;FGBS SI 20241206 PS;SIMPLE_INSTRUMENT;EFS;EUR;50;106.69000000;2724;EXCHANGE_LAST;;1;1;XEUR;10804527;690;
08.11.2024;15:56:20.179;FGBS SI 20241206 PS;SIMPLE_INSTRUMENT;EFS;EUR;51;106.69000000;4086;EXCHANGE_LAST;;1;1;XEUR;10804527;690;
08.11.2024;15:59:30.905;FGBS SI 20241206 PS;SIMPLE_INSTRUMENT;EFP_FIN;EUR;52;106.68000000;675;EXCHANGE_LAST;;1;1;XEUR;10804527;690;
08.11.2024;16:03:06.702;FGBS SI 20241206 PS;SIMPLE_INSTRUMENT;EFP_FIN;EUR;53;106.68000000;337;EXCHANGE_LAST;;1;1;XEUR;10804527;690;
08.11.2024;16:03:38.745;FGBS SI 20241206 PS;SIMPLE_INSTRUMENT;EFS;EUR;54;106.69000000;5016;EXCHANGE_LAST;;1;1;XEUR;10804527;690;
08.11.2024;16:07:33.941;FGBS SI 20241206 PS;SIMPLE_INSTRUMENT;EFP_FIN;EUR;55;106.68500000;95;EXCHANGE_LAST;;1;1;XEUR;10804527;690;
08.11.2024;16:09:05.113;FGBS SI 20241206 PS;SIMPLE_INSTRUMENT;EFS;EUR;56;106.68500000;2724;EXCHANGE_LAST;;1;1;XEUR;10804527;690;
08.11.2024;16:22:53.948;FGBS SI 20241206 PS;SIMPLE_INSTRUMENT;EFS;EUR;57;106.68500000;6811;EXCHANGE_LAST;;1;1;XEUR;10804527;690;
08.11.2024;16:28:37.279;FGBS SI 20241206 PS;SIMPLE_INSTRUMENT;EFS;EUR;58;106.70000000;2724;EXCHANGE_LAST;;1;1;XEUR;10804527;690;
08.11.2024;16:28:59.820;FGBS SI 20241206 PS;SIMPLE_INSTRUMENT;EFP_FIN;EUR;59;106.70500000;245;EXCHANGE_LAST;;1;1;XEUR;10804527;690;
08.11.2024;16:57:04.415;FGBS SI 20241206 PS;SIMPLE_INSTRUMENT;EFS;EUR;60;106.71000000;4085;EXCHANGE_LAST;;1;1;XEUR;10804527;690;
08.11.2024;17:30:49.719;FGBS SI 20241206 PS;SIMPLE_INSTRUMENT;EFS;EUR;61;106.72000000;764;EXCHANGE_LAST;;1;1;XEUR;10804527;690;
08.11.2024;08:49:10.461;FGBX SI 20241206 PS;SIMPLE_INSTRUMENT;EFS;EUR;1;130.42000000;91;EXCHANGE_LAST;;1;1;XEUR;10804526;691;
08.11.2024;08:53:51.826;FGBX SI 20241206 PS;SIMPLE_INSTRUMENT;EFP_FIN;EUR;3;130.48000000;55;EXCHANGE_LAST;;1;1;XEUR;10804526;691;
08.11.2024;09:04:29.500;FGBX SI 20241206 PS;SIMPLE_INSTRUMENT;EFP_FIN;EUR;4;130.38000000;631;EXCHANGE_LAST;;1;1;XEUR;10804526;691;
08.11.2024;09:43:34.527;FGBX SI 20241206 PS;SIMPLE_INSTRUMENT;EFS;EUR;6;130.90000000;55;EXCHANGE_LAST;;1;1;XEUR;10804526;691;
08.11.2024;09:58:35.363;FGBX SI 20241206 PS;SIMPLE_INSTRUMENT;EFP_FIN;EUR;7;131.02000000;188;EXCHANGE_LAST;;1;1;XEUR;10804526;691;
08.11.2024;10:16:15.840;FGBX SI 20241206 PS;SIMPLE_INSTRUMENT;EFS;EUR;8;130.94000000;85;EXCHANGE_LAST;;1;1;XEUR;10804526;691;
08.11.2024;10:24:19.751;FGBX SI 20241206 PS;SIMPLE_INSTRUMENT;EFS;EUR;10;130.98000000;93;EXCHANGE_LAST;;1;1;XEUR;10804526;691;
08.11.2024;10:27:37.466;FGBX SI 20241206 PS;SIMPLE_INSTRUMENT;EFS;EUR;11;130.96000000;92;EXCHANGE_LAST;;1;1;XEUR;10804526;691;
08.11.2024;11:23:01.144;FGBX SI 20241206 PS;SIMPLE_INSTRUMENT;EFP_FIN;EUR;12;130.90000000;223;EXCHANGE_LAST;;1;1;XEUR;10804526;691;
08.11.2024;11:36:47.383;FGBX SI 20241206 PS;SIMPLE_INSTRUMENT;EFP_FIN;EUR;13;130.62000000;86;EXCHANGE_LAST;;1;1;XEUR;10804526;691;
08.11.2024;12:05:33.886;FGBX SI 20241206 PS;SIMPLE_INSTRUMENT;EFP_FIN;EUR;16;130.74000000;556;EXCHANGE_LAST;;1;1;XEUR;10804526;691;
08.11.2024;11:54:30.078;FGBX SI 20241206 PS;SIMPLE_INSTRUMENT;EFP_FIN;EUR;17;130.58000000;86;EXCHANGE_LAST;;1;1;XEUR;10804526;691;
08.11.2024;12:24:35.346;FGBX SI 20241206 PS;SIMPLE_INSTRUMENT;EFS;EUR;19;130.62000000;55;EXCHANGE_LAST;;1;1;XEUR;10804526;691;
08.11.2024;13:10:20.949;FGBX SI 20241206 PS;SIMPLE_INSTRUMENT;EFS;EUR;21;131.28000000;1000;EXCHANGE_LAST;;1;1;XEUR;10804526;691;
08.11.2024;13:12:12.887;FGBX SI 20241206 PS;SIMPLE_INSTRUMENT;EFP_FIN;EUR;22;130.58000000;141;EXCHANGE_LAST;;1;1;XEUR;10804526;691;
08.11.2024;13:28:55.114;FGBX SI 20241206 PS;SIMPLE_INSTRUMENT;EFS;EUR;23;131.24000000;92;EXCHANGE_LAST;;1;1;XEUR;10804526;691;
08.11.2024;13:29:11.751;FGBX SI 20241206 PS;SIMPLE_INSTRUMENT;EFS;EUR;24;131.32000000;92;EXCHANGE_LAST;;1;1;XEUR;10804526;691;
08.11.2024;13:33:46.304;FGBX SI 20241206 PS;SIMPLE_INSTRUMENT;EFS;EUR;25;131.18000000;92;EXCHANGE_LAST;;1;1;XEUR;10804526;691;
08.11.2024;14:37:16.504;FGBX SI 20241206 PS;SIMPLE_INSTRUMENT;EFS;EUR;26;131.50000000;37;EXCHANGE_LAST;;1;1;XEUR;10804526;691;
08.11.2024;14:46:54.510;FGBX SI 20241206 PS;SIMPLE_INSTRUMENT;EFS;EUR;27;131.38000000;880;EXCHANGE_LAST;;1;1;XEUR;10804526;691;
08.11.2024;15:05:04.765;FGBX SI 20241206 PS;SIMPLE_INSTRUMENT;EFS;EUR;29;131.74000000;92;EXCHANGE_LAST;;1;1;XEUR;10804526;691;
08.11.2024;15:10:06.644;FGBX SI 20241206 PS;SIMPLE_INSTRUMENT;EFS;EUR;30;131.76000000;92;EXCHANGE_LAST;;1;1;XEUR;10804526;691;
08.11.2024;15:12:32.455;FGBX SI 20241206 PS;SIMPLE_INSTRUMENT;EFS;EUR;31;131.78000000;92;EXCHANGE_LAST;;1;1;XEUR;10804526;691;
08.11.2024;15:40:20.344;FGBX SI 20241206 PS;SIMPLE_INSTRUMENT;EFS;EUR;32;131.74000000;92;EXCHANGE_LAST;;1;1;XEUR;10804526;691;
08.11.2024;15:46:13.256;FGBX SI 20241206 PS;SIMPLE_INSTRUMENT;EFS;EUR;33;132.24000000;183;EXCHANGE_LAST;;1;1;XEUR;10804526;691;
08.11.2024;15:56:14.561;FGBX SI 20241206 PS;SIMPLE_INSTRUMENT;EFS;EUR;34;132.30000000;87;EXCHANGE_LAST;;1;1;XEUR;10804526;691;
08.11.2024;16:01:28.639;FGBX SI 20241206 PS;SIMPLE_INSTRUMENT;EFS;EUR;35;131.78000000;92;EXCHANGE_LAST;;1;1;XEUR;10804526;691;
08.11.2024;16:23:26.141;FGBX SI 20241206 PS;SIMPLE_INSTRUMENT;EFS;EUR;36;132.24000000;272;EXCHANGE_LAST;;1;1;XEUR;10804526;691;
08.11.2024;15:44:11.313;FHZN SI 20241220 PS AM P 200.0 0;SIMPLE_INSTRUMENT;BLOCK;CHF;81;5.20000000;4365;EXCHANGE_LAST;;1;1;XEUR;11089237;45379;
08.11.2024;15:44:13.507;FHZN SI 20250117 PS AM P 195.0 0;SIMPLE_INSTRUMENT;BLOCK;CHF;82;4.02000000;4365;EXCHANGE_LAST;;1;1;XEUR;12093566;45379;
08.11.2024;08:47:33.600;FMAE SI 20241220 CS;SIMPLE_INSTRUMENT;BLOCK;EUR;34;407.01200000;300;EXCHANGE_LAST;;1;1;XEUR;7193451;48921;
08.11.2024;00:47:09.881;FMCH SI 20241220 CS;SIMPLE_INSTRUMENT;BLOCK;USD;2;544.56400000;200;EXCHANGE_LAST;;1;1;XEUR;7196792;402909;
08.11.2024;05:45:04.165;FMCH SI 20241220 CS;SIMPLE_INSTRUMENT;BLOCK;USD;9;544.56400000;194;EXCHANGE_LAST;;1;1;XEUR;7196792;402909;
08.11.2024;06:12:57.913;FMCH SI 20241220 CS;SIMPLE_INSTRUMENT;BLOCK;USD;11;544.56400000;986;EXCHANGE_LAST;;1;1;XEUR;7196792;402909;
08.11.2024;12:58:53.672;FMCH SI 20241220 CS;SIMPLE_INSTRUMENT;BLOCK;USD;40;544.56400000;800;EXCHANGE_LAST;;1;1;XEUR;7196792;402909;
08.11.2024;15:06:04.747;FMCH SI 20241220 CS;SIMPLE_INSTRUMENT;BLOCK;USD;42;526.00000000;563;EXCHANGE_LAST;;1;1;XEUR;7196792;402909;
08.11.2024;00:46:54.067;FMEA SI 20241220 CS;SIMPLE_INSTRUMENT;BLOCK;USD;1;725.17100000;298;EXCHANGE_LAST;;1;1;XEUR;7191938;12395;
08.11.2024;06:12:43.415;FMEA SI 20241220 CS;SIMPLE_INSTRUMENT;BLOCK;USD;10;725.17100000;150;EXCHANGE_LAST;;1;1;XEUR;7191938;12395;
08.11.2024;07:57:53.420;FMED SI 20241220 CS;SIMPLE_INSTRUMENT;BLOCK;USD;22;9601.47000000;530;EXCHANGE_LAST;;1;1;XEUR;7193401;48144;
08.11.2024;07:58:09.167;FMED SI 20241220 CS;SIMPLE_INSTRUMENT;BLOCK;USD;24;9601.47000000;530;EXCHANGE_LAST;;1;1;XEUR;7193401;48144;
08.11.2024;08:15:44.885;FMED SI 20241220 CS;SIMPLE_INSTRUMENT;BLOCK;USD;30;9601.97000000;1060;EXCHANGE_LAST;;1;1;XEUR;7193401;48144;
08.11.2024;08:32:48.177;FMED SI 20241220 CS;SIMPLE_INSTRUMENT;BLOCK;USD;33;9601.47000000;1052;EXCHANGE_LAST;;1;1;XEUR;7193401;48144;
08.11.2024;16:19:28.465;FMEF SI 20241220 CS;SIMPLE_INSTRUMENT;BLOCK;USD;43;1131.00000000;383;EXCHANGE_LAST;;1;1;XEUR;7192304;30657;
08.11.2024;15:23:00.781;FMEF SI 20241220 CS;SIMPLE_INSTRUMENT;VOLA;USD;603979835;1133.00000000;383;EXCHANGE_LAST;;1;1;XEUR;7192304;30657;
08.11.2024;07:39:22.469;FMEL SI 20241220 CS;SIMPLE_INSTRUMENT;BLOCK;USD;18;546.62000000;386;EXCHANGE_LAST;;1;1;XEUR;7191942;12397;
08.11.2024;09:34:37.057;FMEL SI 20241220 CS;SIMPLE_INSTRUMENT;BLOCK;USD;37;546.62000000;50;EXCHANGE_LAST;;1;1;XEUR;7191942;12397;
08.11.2024;07:19:36.501;FMES SI 20241220 CS;SIMPLE_INSTRUMENT;EFP_IDX;EUR;15;562.19800000;30;EXCHANGE_LAST;;1;1;XEUR;7194760;221291;
08.11.2024;10:39:21.811;FMGM SI 20241220 CS;SIMPLE_INSTRUMENT;BLOCK;USD;39;4775.00000000;36;EXCHANGE_LAST;;1;1;XEUR;8609377;583626;
08.11.2024;08:13:59.693;FMGO SI 20241220 CS;SIMPLE_INSTRUMENT;EFP_IDX;USD;29;5296.99000000;11;EXCHANGE_LAST;;1;1;XEUR;8609363;583623;
08.11.2024;14:52:38.664;FMGO SI 20241220 CS;SIMPLE_INSTRUMENT;BLOCK;USD;41;5329.00000000;9;EXCHANGE_LAST;;1;1;XEUR;8609363;583623;
08.11.2024;07:37:01.493;FMGQ SI 20241220 CS;SIMPLE_INSTRUMENT;BLOCK;USD;17;5169.27000000;105;EXCHANGE_LAST;;1;1;XEUR;8609380;583625;
08.11.2024;08:12:02.160;FMGQ SI 20241220 CS;SIMPLE_INSTRUMENT;EFP_IDX;USD;28;5161.75000000;77;EXCHANGE_LAST;;1;1;XEUR;8609380;583625;
08.11.2024;09:05:55.656;FMHK SI 20241220 CS;SIMPLE_INSTRUMENT;BLOCK;USD;36;60605.13000000;42;EXCHANGE_LAST;;2;1;XEUR;7192592;45282;
08.11.2024;02:06:49.342;FMIN SI 20241220 CS;SIMPLE_INSTRUMENT;BLOCK;USD;3;1303.11900000;30;EXCHANGE_LAST;;1;1;XEUR;7191968;12404;
08.11.2024;03:01:06.502;FMIN SI 20241220 CS;SIMPLE_INSTRUMENT;EFP_IDX;USD;4;1304.15400000;88;EXCHANGE_LAST;;1;1;XEUR;7191968;12404;
08.11.2024;04:14:02.757;FMIN SI 20241220 CS;SIMPLE_INSTRUMENT;BLOCK;USD;7;1303.77000000;704;EXCHANGE_LAST;;1;1;XEUR;7191968;12404;
08.11.2024;04:06:11.715;FMJP SI 20241220 CS;SIMPLE_INSTRUMENT;BLOCK;USD;6;8771.01700000;573;EXCHANGE_LAST;;1;1;XEUR;7190889;661;
08.11.2024;08:28:27.770;FMOG SI 20241220 CS;SIMPLE_INSTRUMENT;EFP_IDX;USD;32;11825.52000000;17;EXCHANGE_LAST;;1;1;XEUR;7193554;51877;
08.11.2024;08:49:00.776;FMSA SI 20241220 CS;SIMPLE_INSTRUMENT;BLOCK;USD;35;1802.92300000;110;EXCHANGE_LAST;;1;1;XEUR;7194630;134861;
08.11.2024;08:01:19.777;FMSC SI 20241220 CS;SIMPLE_INSTRUMENT;BLOCK;USD;26;745.89300000;6;EXCHANGE_LAST;;1;1;XEUR;7194781;221303;
08.11.2024;08:18:17.383;FMSM SI 20241220 CS;SIMPLE_INSTRUMENT;EFP_IDX;USD;31;1745.25000000;40;EXCHANGE_LAST;;1;1;XEUR;7194745;208342;
08.11.2024;03:26:51.577;FMTH SI 20241220 CS;SIMPLE_INSTRUMENT;BLOCK;USD;5;1243.40400000;400;EXCHANGE_LAST;;1;1;XEUR;7192052;12681;
08.11.2024;07:39:57.590;FMUQ SI 20241220 CS;SIMPLE_INSTRUMENT;BLOCK;USD;19;6185.89000000;57;EXCHANGE_LAST;;1;1;XEUR;7193400;48146;
08.11.2024;06:47:08.185;FMWN SI 20241220 CS;SIMPLE_INSTRUMENT;BLOCK;EUR;12;569.87000000;2241;EXCHANGE_LAST;;1;1;XEUR;7192300;30654;
08.11.2024;08:00:51.472;FMWN SI 20241220 CS;SIMPLE_INSTRUMENT;BLOCK;EUR;23;568.80000000;300;EXCHANGE_LAST;;1;1;XEUR;7192300;30654;
08.11.2024;07:04:56.421;FMWO SI 20241220 CS;SIMPLE_INSTRUMENT;EFP_IDX;USD;13;12035.21000000;72;EXCHANGE_LAST;;1;1;XEUR;7191849;7059;
08.11.2024;07:04:56.441;FMWO SI 20241220 CS;SIMPLE_INSTRUMENT;EFP_IDX;USD;14;12035.71000000;232;EXCHANGE_LAST;;1;1;XEUR;7191849;7059;
08.11.2024;07:33:22.384;FMWO SI 20241220 CS;SIMPLE_INSTRUMENT;BLOCK;USD;16;12035.46000000;100;EXCHANGE_LAST;;1;1;XEUR;7191849;7059;
08.11.2024;07:54:35.641;FMWO SI 20241220 CS;SIMPLE_INSTRUMENT;EFP_IDX;USD;21;12035.21000000;57;EXCHANGE_LAST;;1;1;XEUR;7191849;7059;
08.11.2024;08:06:32.965;FMWO SI 20241220 CS;SIMPLE_INSTRUMENT;EFP_IDX;USD;27;12037.46000000;16;EXCHANGE_LAST;;1;1;XEUR;7191849;7059;
08.11.2024;05:37:28.204;FMXJ SI 20241220 CS;SIMPLE_INSTRUMENT;BLOCK;USD;8;615.20000000;6;EXCHANGE_LAST;;1;1;XEUR;7193543;51660;
08.11.2024;08:59:58.861;FOAT SI 20241206 PS;SIMPLE_INSTRUMENT;EFP_FIN;EUR;1;124.44000000;257;EXCHANGE_LAST;;1;1;XEUR;10804528;749;
08.11.2024;09:05:53.604;FOAT SI 20241206 PS;SIMPLE_INSTRUMENT;EFS;EUR;2;124.41000000;263;EXCHANGE_LAST;;1;1;XEUR;10804528;749;
08.11.2024;09:10:41.930;FOAT SI 20241206 PS;SIMPLE_INSTRUMENT;EFS;EUR;3;124.55000000;263;EXCHANGE_LAST;;1;1;XEUR;10804528;749;
08.11.2024;09:24:37.563;FOAT SI 20241206 PS;SIMPLE_INSTRUMENT;EFP_FIN;EUR;4;124.53000000;177;EXCHANGE_LAST;;1;1;XEUR;10804528;749;
08.11.2024;09:25:36.775;FOAT SI 20241206 PS;SIMPLE_INSTRUMENT;EFP_FIN;EUR;5;124.55000000;147;EXCHANGE_LAST;;1;1;XEUR;10804528;749;
08.11.2024;09:52:58.802;FOAT SI 20241206 PS;SIMPLE_INSTRUMENT;EFP_FIN;EUR;6;124.51000000;2490;EXCHANGE_LAST;;1;1;XEUR;10804528;749;
08.11.2024;09:44:37.566;FOAT SI 20241206 PS;SIMPLE_INSTRUMENT;EFP_FIN;EUR;7;124.51000000;1080;EXCHANGE_LAST;;1;1;XEUR;10804528;749;
08.11.2024;09:44:52.101;FOAT SI 20241206 PS;SIMPLE_INSTRUMENT;EFP_FIN;EUR;8;124.52000000;200;EXCHANGE_LAST;;1;1;XEUR;10804528;749;
08.11.2024;10:06:54.720;FOAT SI 20241206 PS;SIMPLE_INSTRUMENT;EFP_FIN;EUR;10;124.45000000;257;EXCHANGE_LAST;;1;1;XEUR;10804528;749;
08.11.2024;10:12:59.000;FOAT SI 20241206 PS;SIMPLE_INSTRUMENT;EFP_FIN;EUR;11;124.42000000;1835;EXCHANGE_LAST;;1;1;XEUR;10804528;749;
08.11.2024;10:22:31.353;FOAT SI 20241206 PS;SIMPLE_INSTRUMENT;EFP_FIN;EUR;12;124.39000000;237;EXCHANGE_LAST;;1;1;XEUR;10804528;749;
08.11.2024;10:23:54.982;FOAT SI 20241206 PS;SIMPLE_INSTRUMENT;EFP_FIN;EUR;13;124.40000000;220;EXCHANGE_LAST;;1;1;XEUR;10804528;749;
08.11.2024;10:38:32.797;FOAT SI 20241206 PS;SIMPLE_INSTRUMENT;EFP_FIN;EUR;14;124.42000000;3099;EXCHANGE_LAST;;1;1;XEUR;10804528;749;
08.11.2024;10:38:45.143;FOAT SI 20241206 PS;SIMPLE_INSTRUMENT;EFP_FIN;EUR;15;124.52000000;580;EXCHANGE_LAST;;1;1;XEUR;10804528;749;
08.11.2024;10:51:31.481;FOAT SI 20241206 PS;SIMPLE_INSTRUMENT;EFP_FIN;EUR;16;124.43000000;204;EXCHANGE_LAST;;1;1;XEUR;10804528;749;
08.11.2024;11:18:50.441;FOAT SI 20241206 PS;SIMPLE_INSTRUMENT;EFP_FIN;EUR;17;124.41000000;3081;EXCHANGE_LAST;;1;1;XEUR;10804528;749;
08.11.2024;11:22:46.103;FOAT SI 20241206 PS;SIMPLE_INSTRUMENT;EFP_FIN;EUR;18;124.42000000;282;EXCHANGE_LAST;;1;1;XEUR;10804528;749;
08.11.2024;11:23:04.276;FOAT SI 20241206 PS;SIMPLE_INSTRUMENT;EFP_FIN;EUR;19;124.42000000;133;EXCHANGE_LAST;;1;1;XEUR;10804528;749;
08.11.2024;11:23:22.500;FOAT SI 20241206 PS;SIMPLE_INSTRUMENT;EFP_FIN;EUR;20;124.42000000;1661;EXCHANGE_LAST;;1;1;XEUR;10804528;749;
08.11.2024;11:23:48.515;FOAT SI 20241206 PS;SIMPLE_INSTRUMENT;EFP_FIN;EUR;21;124.42000000;831;EXCHANGE_LAST;;1;1;XEUR;10804528;749;
08.11.2024;11:34:57.326;FOAT SI 20241206 PS;SIMPLE_INSTRUMENT;EFP_FIN;EUR;22;124.44000000;784;EXCHANGE_LAST;;1;1;XEUR;10804528;749;
08.11.2024;11:46:58.301;FOAT SI 20241206 PS;SIMPLE_INSTRUMENT;EFP_FIN;EUR;23;124.43000000;258;EXCHANGE_LAST;;1;1;XEUR;10804528;749;
08.11.2024;11:55:56.677;FOAT SI 20241206 PS;SIMPLE_INSTRUMENT;EFP_FIN;EUR;24;124.44000000;346;EXCHANGE_LAST;;1;1;XEUR;10804528;749;
08.11.2024;13:12:59.140;FOAT SI 20241206 PS;SIMPLE_INSTRUMENT;EFP_FIN;EUR;25;124.48000000;173;EXCHANGE_LAST;;1;1;XEUR;10804528;749;
08.11.2024;13:25:39.661;FOAT SI 20241206 PS;SIMPLE_INSTRUMENT;EFP_FIN;EUR;26;124.52000000;440;EXCHANGE_LAST;;1;1;XEUR;10804528;749;
08.11.2024;13:28:28.191;FOAT SI 20241206 PS;SIMPLE_INSTRUMENT;EFP_FIN;EUR;27;124.44000000;440;EXCHANGE_LAST;;1;1;XEUR;10804528;749;
08.11.2024;14:05:41.973;FOAT SI 20241206 PS;SIMPLE_INSTRUMENT;EFP_FIN;EUR;28;124.42000000;502;EXCHANGE_LAST;;1;1;XEUR;10804528;749;
08.11.2024;14:25:42.383;FOAT SI 20241206 PS;SIMPLE_INSTRUMENT;EFP_FIN;EUR;29;124.35000000;415;EXCHANGE_LAST;;1;1;XEUR;10804528;749;
08.11.2024;14:53:29.914;FOAT SI 20241206 PS;SIMPLE_INSTRUMENT;EFP_FIN;EUR;30;124.40000000;98;EXCHANGE_LAST;;1;1;XEUR;10804528;749;
08.11.2024;14:54:32.918;FOAT SI 20241206 PS;SIMPLE_INSTRUMENT;EFP_FIN;EUR;31;124.42000000;79;EXCHANGE_LAST;;1;1;XEUR;10804528;749;
08.11.2024;14:57:41.490;FOAT SI 20241206 PS;SIMPLE_INSTRUMENT;EFS;EUR;32;124.46000000;264;EXCHANGE_LAST;;1;1;XEUR;10804528;749;
08.11.2024;15:02:04.886;FOAT SI 20241206 PS;SIMPLE_INSTRUMENT;EFP_FIN;EUR;33;124.40000000;98;EXCHANGE_LAST;;1;1;XEUR;10804528;749;
08.11.2024;15:21:59.047;FOAT SI 20241206 PS;SIMPLE_INSTRUMENT;EFP_FIN;EUR;34;124.65000000;65;EXCHANGE_LAST;;1;1;XEUR;10804528;749;
