#Date;TrdTime;Contract;ContractType;TrdTyp;Currency;TesId;Prc;Qty;TrdInd;Aggressor;Buy;Sell;Exch;InstrumentId;RelatedProdId;PrcDecomp
13.02.2025;16:28:12.795;2FE.O.250213.STG.000002;STANDARD_OPTION_STRATEGY;BLOCK;EUR;15;70.75000000;100;EXCHANGE_LAST;;1;1;XEUR;72302961224584371;57129;
13.02.2025;16:28:12.795;2FE SI 20251218 PS AM C 480.00 0;SIMPLE_INSTRUMENT;BLOCK;EUR;15;44.52050000;100;PRC_DECOMP_EXCHANGE;;;;XEUR;10437765;57129;EXCHANGE
13.02.2025;16:28:12.795;2FE SI 20251218 PS AM P 440.00 0;SIMPLE_INSTRUMENT;BLOCK;EUR;15;26.22950000;100;PRC_DECOMP_EXCHANGE;;;;XEUR;12424365;57129;EXCHANGE
13.02.2025;11:31:56.874;A2XA SI 20251219 CS;SIMPLE_INSTRUMENT;BLOCK;EUR;29;2.44000000;255;EXCHANGE_LAST;;1;1;XEUR;3681055;17;
13.02.2025;12:41:39.776;A2XA SI 20251219 CS;SIMPLE_INSTRUMENT;BLOCK;EUR;36;2.41000000;255;EXCHANGE_LAST;;1;1;XEUR;3681055;17;
13.02.2025;14:05:49.037;A2XA SI 20271217 CS;SIMPLE_INSTRUMENT;BLOCK;EUR;83;2.10000000;500;EXCHANGE_LAST;;1;1;XEUR;5914267;17;
13.02.2025;16:17:34.171;A2XA SI 20281215 CS;SIMPLE_INSTRUMENT;BLOCK;EUR;109;1.97000000;250;EXCHANGE_LAST;;1;1;XEUR;6796967;17;
13.02.2025;16:36:41.926;A2XA SI 20281215 CS;SIMPLE_INSTRUMENT;BLOCK;EUR;113;1.97000000;250;EXCHANGE_LAST;;1;1;XEUR;6796967;17;
13.02.2025;08:48:04.343;ABBN FI 20250312 CS EU C 52.7500 0;FLEXIBLE_INSTRUMENT;BLOCK;CHF;4;0.43000000;1400;EXCHANGE_LAST;;1;1;XEUR;1155389036332854032;574517;
13.02.2025;14:47:08.748;ABBN.O.250213.BER.000001;STANDARD_OPTION_STRATEGY;BLOCK;CHF;66;6.55000000;11000;EXCHANGE_LAST;;1;2;XEUR;74525125763937678;574517;
13.02.2025;14:47:08.748;ABBN SI 20250919 PS AM P 47.00 0;SIMPLE_INSTRUMENT;BLOCK;CHF;66;2.00000000;11000;PRC_DECOMP_EXCHANGE;;;;XEUR;12393065;574517;EXCHANGE
13.02.2025;14:47:08.748;ABBN SI 20250919 PS AM P 58.00 0;SIMPLE_INSTRUMENT;BLOCK;CHF;66;8.55000000;11000;PRC_DECOMP_EXCHANGE;;;;XEUR;12393098;574517;EXCHANGE
13.02.2025;14:39:06.520;ACC SI 20251219 PS AM P 34.00 0;SIMPLE_INSTRUMENT;BLOCK;CHF;63;0.95000000;500;EXCHANGE_LAST;;1;1;XEUR;12494024;626616;
13.02.2025;14:06:34.867;ACR SI 20250321 PS AM C 55.00 0;SIMPLE_INSTRUMENT;BLOCK;EUR;9;0.45000000;2184;EXCHANGE_LAST;;1;1;XEUR;12602304;43;
13.02.2025;14:19:27.880;ADS SI 20250221 PS AM P 255.00 0;SIMPLE_INSTRUMENT;BLOCK;EUR;7;1.60000000;500;EXCHANGE_LAST;;1;1;XEUR;12237450;50;
13.02.2025;14:38:16.065;ADY.O.250213.STG.000004;STANDARD_OPTION_STRATEGY;BLOCK;EUR;11;175.00000000;750;EXCHANGE_LAST;;1;1;XEUR;72385364467126410;76315;
13.02.2025;14:38:16.065;ADY SI 20250620 PS AM C 1960.00 0;SIMPLE_INSTRUMENT;BLOCK;EUR;11;83.54000000;750;PRC_DECOMP_EXCHANGE;;;;XEUR;10806033;76315;EXCHANGE
13.02.2025;14:38:16.065;ADY SI 20250620 PS AM P 1700.00 0;SIMPLE_INSTRUMENT;BLOCK;EUR;11;91.46000000;750;PRC_DECOMP_EXCHANGE;;;;XEUR;12334731;76315;EXCHANGE
13.02.2025;08:50:59.731;AKU SI 20250221 PS AM C 58.00 0;SIMPLE_INSTRUMENT;BLOCK;EUR;2;0.80000000;1700;EXCHANGE_LAST;;1;1;XEUR;12237907;78;
13.02.2025;16:01:45.350;ALC SI 20260619 PS AM P 68.00 0;SIMPLE_INSTRUMENT;BLOCK;CHF;72;3.11000000;500;EXCHANGE_LAST;;1;1;XEUR;9584528;130134;
13.02.2025;08:39:04.010;ALV SI 20260619 PS AM C 310.00 0;SIMPLE_INSTRUMENT;BLOCK;EUR;1;31.50000000;900;EXCHANGE_LAST;;1;1;XEUR;12715881;74;
13.02.2025;08:39:45.295;ALV SI 20260619 PS AM P 310.00 0;SIMPLE_INSTRUMENT;BLOCK;EUR;2;24.70000000;300;EXCHANGE_LAST;;1;1;XEUR;12715885;74;
13.02.2025;08:40:07.609;ALV SI 20260619 PS AM P 310.00 0;SIMPLE_INSTRUMENT;BLOCK;EUR;3;24.80000000;600;EXCHANGE_LAST;;1;1;XEUR;12715885;74;
13.02.2025;08:40:25.946;ALV SI 20251219 PS AM C 280.00 0;SIMPLE_INSTRUMENT;BLOCK;EUR;4;50.50000000;1250;EXCHANGE_LAST;;1;1;XEUR;5920783;74;
13.02.2025;08:41:02.937;ALV SI 20251219 PS AM P 280.00 0;SIMPLE_INSTRUMENT;BLOCK;EUR;5;8.30000000;1250;EXCHANGE_LAST;;1;1;XEUR;5920784;74;
13.02.2025;11:10:05.440;ALV SI 20250417 PS AM P 305.00 0;SIMPLE_INSTRUMENT;BLOCK;EUR;7;2.58000000;496;EXCHANGE_LAST;;1;1;XEUR;12614202;74;
13.02.2025;13:14:15.854;ALV.O.250213.CDIA.000021;STANDARD_OPTION_STRATEGY;BLOCK;EUR;8;-0.40000000;300;EXCHANGE_LAST;;1;1;XEUR;72057911865569331;74;
13.02.2025;13:14:15.854;ALV SI 20250417 PS AM C 330.00 0;SIMPLE_INSTRUMENT;BLOCK;EUR;8;9.96000000;300;PRC_DECOMP_EXCHANGE;;;;XEUR;12614408;74;EXCHANGE
13.02.2025;13:14:15.854;ALV SI 20250221 PS AM C 320.00 0;SIMPLE_INSTRUMENT;BLOCK;EUR;8;10.36000000;300;PRC_DECOMP_EXCHANGE;;;;XEUR;12238094;74;EXCHANGE
13.02.2025;14:33:04.019;ALV.O.250213.CDIA.000021;STANDARD_OPTION_STRATEGY;BLOCK;EUR;9;-0.56000000;500;EXCHANGE_LAST;;1;1;XEUR;72057911865569331;74;
13.02.2025;14:33:04.019;ALV SI 20250417 PS AM C 330.00 0;SIMPLE_INSTRUMENT;BLOCK;EUR;9;10.14000000;500;PRC_DECOMP_EXCHANGE;;;;XEUR;12614408;74;EXCHANGE
13.02.2025;14:33:04.019;ALV SI 20250221 PS AM C 320.00 0;SIMPLE_INSTRUMENT;BLOCK;EUR;9;10.70000000;500;PRC_DECOMP_EXCHANGE;;;;XEUR;12238094;74;EXCHANGE
13.02.2025;12:41:32.644;AMS SI 20250321 PS AM C 9.50 0;SIMPLE_INSTRUMENT;BLOCK;CHF;41;0.27000000;2500;EXCHANGE_LAST;;1;1;XEUR;12132513;10807;
13.02.2025;12:41:33.189;AMS SI 20250321 PS AM C 9.50 0;SIMPLE_INSTRUMENT;BLOCK;CHF;42;0.28000000;2500;EXCHANGE_LAST;;1;1;XEUR;12132513;10807;
13.02.2025;12:59:52.006;ASM SI 20250417 PS AM C 730.00 0;SIMPLE_INSTRUMENT;BLOCK;EUR;8;42.80000000;150;EXCHANGE_LAST;;1;1;XEUR;12614752;107;
13.02.2025;10:45:28.387;B2AS SI 20271217 CS;SIMPLE_INSTRUMENT;BLOCK;EUR;21;2.20000000;500;EXCHANGE_LAST;;1;1;XEUR;5914347;140;
13.02.2025;13:27:28.574;B2AS SI 20271217 CS;SIMPLE_INSTRUMENT;BLOCK;EUR;45;2.22000000;250;EXCHANGE_LAST;;1;1;XEUR;5914347;140;
13.02.2025;15:22:03.421;B2AS SI 20261218 CS;SIMPLE_INSTRUMENT;BLOCK;EUR;94;2.26000000;165;EXCHANGE_LAST;;1;1;XEUR;4632165;140;
13.02.2025;17:10:19.400;B2AS SI 20251219 CS;SIMPLE_INSTRUMENT;BLOCK;EUR;122;2.24500000;150;EXCHANGE_LAST;;1;1;XEUR;3681119;140;
13.02.2025;15:01:51.719;B2MW SI 20251219 CS;SIMPLE_INSTRUMENT;BLOCK;EUR;91;4.40000000;250;EXCHANGE_LAST;;2;2;XEUR;3681121;128;
13.02.2025;10:14:39.851;B2NP SI 20261218 CS;SIMPLE_INSTRUMENT;BLOCK;EUR;16;4.84000000;200;EXCHANGE_LAST;;1;1;XEUR;6798320;131;
13.02.2025;10:27:20.085;B2NP SI 20261218 CS;SIMPLE_INSTRUMENT;BLOCK;EUR;18;4.84000000;600;EXCHANGE_LAST;;3;4;XEUR;6798320;131;
13.02.2025;13:29:42.031;B2NP SI 20271217 CS;SIMPLE_INSTRUMENT;BLOCK;EUR;49;4.45000000;50;EXCHANGE_LAST;;1;1;XEUR;7086925;131;
13.02.2025;13:30:04.449;B2NP SI 20281215 CS;SIMPLE_INSTRUMENT;BLOCK;EUR;50;4.02000000;50;EXCHANGE_LAST;;1;1;XEUR;7086921;131;
13.02.2025;15:37:16.216;B2NP SI 20261218 CS;SIMPLE_INSTRUMENT;BLOCK;EUR;100;4.83000000;150;EXCHANGE_LAST;;1;1;XEUR;6798320;131;
13.02.2025;16:10:36.262;BAN SI 20251219 PS AM P 46.00 0;SIMPLE_INSTRUMENT;BLOCK;CHF;76;2.55000000;750;EXCHANGE_LAST;;1;1;XEUR;12484522;298535;
13.02.2025;08:36:59.525;BAS SI 20250417 PS AM P 48.00 0;SIMPLE_INSTRUMENT;BLOCK;EUR;1;1.35000000;2200;EXCHANGE_LAST;;1;1;XEUR;12615306;150;
13.02.2025;08:37:00.251;BAS SI 20250417 PS AM P 46.00 0;SIMPLE_INSTRUMENT;BLOCK;EUR;2;0.76000000;2200;EXCHANGE_LAST;;1;1;XEUR;12615350;150;
13.02.2025;08:52:13.247;BAS SI 20250221 PS AM C 50.00 0;SIMPLE_INSTRUMENT;BLOCK;EUR;3;1.20000000;1500;EXCHANGE_LAST;;1;2;XEUR;12339041;150;
13.02.2025;09:04:44.255;BAS SI 20281215 PS AM P 36.00 0;SIMPLE_INSTRUMENT;BLOCK;EUR;4;3.89000000;500;EXCHANGE_LAST;;1;1;XEUR;10396472;150;
13.02.2025;09:01:33.168;BAS SI 20250221 PS AM C 50.00 0;SIMPLE_INSTRUMENT;BLOCK;EUR;5;1.01000000;5237;EXCHANGE_LAST;;1;1;XEUR;12339041;150;
13.02.2025;09:01:35.791;BAS SI 20250321 PS AM C 55.00 0;SIMPLE_INSTRUMENT;BLOCK;EUR;6;0.50000000;5237;EXCHANGE_LAST;;1;1;XEUR;12749009;150;
13.02.2025;09:04:25.940;BAS SI 20250620 PS AM C 52.00 0;SIMPLE_INSTRUMENT;BLOCK;EUR;7;2.15000000;76200;EXCHANGE_LAST;;1;1;XEUR;7898973;150;
13.02.2025;09:05:49.263;BAS SI 20250620 PS AM C 48.00 0;SIMPLE_INSTRUMENT;BLOCK;EUR;8;4.12000000;48260;EXCHANGE_LAST;;1;1;XEUR;7898967;150;
13.02.2025;09:06:00.264;BAS SI 20250620 PS AM C 48.00 0;SIMPLE_INSTRUMENT;BLOCK;EUR;9;4.13000000;2540;EXCHANGE_LAST;;1;1;XEUR;7898967;150;
13.02.2025;10:12:02.246;BAS.O.250213.BER.000016;STANDARD_OPTION_STRATEGY;BLOCK;EUR;10;0.85000000;500;EXCHANGE_LAST;;1;1;XEUR;72058238283091805;150;
13.02.2025;10:12:02.246;BAS SI 20250417 PS AM P 48.00 0;SIMPLE_INSTRUMENT;BLOCK;EUR;10;1.51000000;500;PRC_DECOMP_EXCHANGE;;;;XEUR;12615306;150;EXCHANGE
13.02.2025;10:12:02.246;BAS SI 20250417 PS AM P 45.00 0;SIMPLE_INSTRUMENT;BLOCK;EUR;10;0.66000000;500;PRC_DECOMP_EXCHANGE;;;;XEUR;12615319;150;EXCHANGE
13.02.2025;10:20:18.798;BAS.O.250213.BU13.000017;STANDARD_OPTION_STRATEGY;BLOCK;EUR;11;0.81000000;1000;EXCHANGE_LAST;;1;1;XEUR;72058238283091806;150;
13.02.2025;10:20:18.798;BAS SI 20250321 PS AM C 53.00 0;SIMPLE_INSTRUMENT;BLOCK;EUR;11;0.99000000;3000;PRC_DECOMP_MEMBER;;;;XEUR;12719175;150;MEMBER
13.02.2025;10:20:18.798;BAS SI 20250321 PS AM C 50.00 0;SIMPLE_INSTRUMENT;BLOCK;EUR;11;2.16000000;1000;PRC_DECOMP_MEMBER;;;;XEUR;10831042;150;MEMBER
13.02.2025;10:56:42.806;BAS.O.250213.BER.000018;STANDARD_OPTION_STRATEGY;BLOCK;EUR;15;0.98000000;7000;EXCHANGE_LAST;;3;2;XEUR;72058238283091807;150;
13.02.2025;10:56:42.806;BAS SI 20250321 PS AM P 42.00 0;SIMPLE_INSTRUMENT;BLOCK;EUR;15;0.12000000;7000;PRC_DECOMP_EXCHANGE;;;;XEUR;10830938;150;EXCHANGE
13.02.2025;10:56:42.806;BAS SI 20250321 PS AM P 48.00 0;SIMPLE_INSTRUMENT;BLOCK;EUR;15;1.10000000;7000;PRC_DECOMP_EXCHANGE;;;;XEUR;10831041;150;EXCHANGE
13.02.2025;11:02:19.227;BAS.O.250213.BLT.000022;STANDARD_OPTION_STRATEGY;BLOCK;EUR;16;1.19000000;2000;EXCHANGE_LAST;;2;1;XEUR;72058238283091811;150;
13.02.2025;11:02:19.227;BAS SI 20250919 PS AM C 56.00 0;SIMPLE_INSTRUMENT;BLOCK;EUR;16;1.66000000;2000;PRC_DECOMP_EXCHANGE;;;;XEUR;11873004;150;EXCHANGE
13.02.2025;11:02:19.227;BAS SI 20250321 PS AM C 56.00 0;SIMPLE_INSTRUMENT;BLOCK;EUR;16;0.47000000;2000;PRC_DECOMP_EXCHANGE;;;;XEUR;10831047;150;EXCHANGE
13.02.2025;12:26:43.769;BAS SI 20250321 PS AM C 53.00 0;SIMPLE_INSTRUMENT;BLOCK;EUR;17;1.03000000;3000;EXCHANGE_LAST;;1;1;XEUR;12719175;150;
13.02.2025;13:09:44.438;BAS.O.250213.COMBO.000036;STANDARD_OPTION_STRATEGY;BLOCK;EUR;20;-0.24000000;3500;EXCHANGE_LAST;;2;2;XEUR;72058238283091825;150;
13.02.2025;13:09:44.438;BAS SI 20250919 PS AM C 56.00 0;SIMPLE_INSTRUMENT;BLOCK;EUR;20;1.69000000;3500;PRC_DECOMP_EXCHANGE;;;;XEUR;11873004;150;EXCHANGE
13.02.2025;13:09:44.438;BAS SI 20250919 PS AM P 42.00 0;SIMPLE_INSTRUMENT;BLOCK;EUR;20;1.45000000;3500;PRC_DECOMP_EXCHANGE;;;;XEUR;11872869;150;EXCHANGE
13.02.2025;13:14:11.664;BAS SI 20250221 PS AM P 47.00 0;SIMPLE_INSTRUMENT;BLOCK;EUR;21;0.13000000;419;EXCHANGE_LAST;;1;1;XEUR;12238969;150;
13.02.2025;13:29:09.044;BAS.O.250213.BER.000041;STANDARD_OPTION_STRATEGY;BLOCK;EUR;22;0.58000000;1000;EXCHANGE_LAST;;1;1;XEUR;72058238283091830;150;
13.02.2025;13:29:09.044;BAS SI 20250417 PS AM P 48.00 0;SIMPLE_INSTRUMENT;BLOCK;EUR;22;1.42000000;1000;PRC_DECOMP_EXCHANGE;;;;XEUR;12615306;150;EXCHANGE
13.02.2025;13:29:09.044;BAS SI 20250417 PS AM P 46.00 0;SIMPLE_INSTRUMENT;BLOCK;EUR;22;0.84000000;1000;PRC_DECOMP_EXCHANGE;;;;XEUR;12615350;150;EXCHANGE
13.02.2025;15:00:46.415;BAS SI 20260619 PS AM P 56.00 0;SIMPLE_INSTRUMENT;BLOCK;EUR;23;10.10000000;500;EXCHANGE_LAST;;1;1;XEUR;12749078;150;
13.02.2025;15:07:33.444;BAS SI 20250221 PS AM C 52.00 0;SIMPLE_INSTRUMENT;BLOCK;EUR;24;0.51000000;600;EXCHANGE_LAST;;1;1;XEUR;12693177;150;
13.02.2025;16:16:20.625;BAS SI 20281215 PS AM P 40.00 0;SIMPLE_INSTRUMENT;BLOCK;EUR;28;5.32000000;500;EXCHANGE_LAST;;1;1;XEUR;10396478;150;
13.02.2025;16:35:11.275;BAS.O.250213.STD.000057;STANDARD_OPTION_STRATEGY;BLOCK;EUR;29;9.75000000;500;EXCHANGE_LAST;;1;1;XEUR;72058238283091846;150;
13.02.2025;16:35:11.275;BAS SI 20251219 PS AM C 50.00 0;SIMPLE_INSTRUMENT;BLOCK;EUR;29;4.97000000;500;PRC_DECOMP_EXCHANGE;;;;XEUR;7509829;150;EXCHANGE
13.02.2025;16:35:11.275;BAS SI 20251219 PS AM P 50.00 0;SIMPLE_INSTRUMENT;BLOCK;EUR;29;4.78000000;500;PRC_DECOMP_EXCHANGE;;;;XEUR;7509798;150;EXCHANGE
13.02.2025;08:46:12.675;BASG SI 20250321 CS;SIMPLE_INSTRUMENT;BLOCK;EUR;1;50.40730000;350;EXCHANGE_LAST;;1;1;XEUR;10694474;171;
13.02.2025;10:18:25.502;BAY SI 20250919 PS AM C 31.00 0;SIMPLE_INSTRUMENT;BLOCK;EUR;12;0.47000000;2000;EXCHANGE_LAST;;1;1;XEUR;11992374;168;
13.02.2025;12:15:37.229;BMW SI 20250321 PS AM C 84.00 0;SIMPLE_INSTRUMENT;BLOCK;EUR;14;2.03000000;1000;EXCHANGE_LAST;;1;1;XEUR;10832542;210;
13.02.2025;14:36:52.792;BMW.O.250213.BLT.000011;STANDARD_OPTION_STRATEGY;BLOCK;EUR;29;2.06000000;1000;EXCHANGE_LAST;;1;1;XEUR;72058495981109318;210;
13.02.2025;14:36:52.792;BMW SI 20250321 PS AM C 80.00 0;SIMPLE_INSTRUMENT;BLOCK;EUR;29;3.25000000;1000;PRC_DECOMP_EXCHANGE;;;;XEUR;10832595;210;EXCHANGE
13.02.2025;14:36:52.792;BMW SI 20250221 PS AM C 80.00 0;SIMPLE_INSTRUMENT;BLOCK;EUR;29;1.19000000;1000;PRC_DECOMP_EXCHANGE;;;;XEUR;12339210;210;EXCHANGE
13.02.2025;14:45:45.102;BMW SI 20250221 PS AM C 80.00 0;SIMPLE_INSTRUMENT;BLOCK;EUR;30;1.62000000;1000;EXCHANGE_LAST;;1;1;XEUR;12339210;210;
13.02.2025;14:44:34.191;BMW.O.250213.PDIA.000010;STANDARD_OPTION_STRATEGY;BLOCK;EUR;32;33.36000000;1000;EXCHANGE_LAST;;1;1;XEUR;72058495981109317;210;
13.02.2025;14:44:34.191;BMW SI 20250620 PS AM P 84.00 0;SIMPLE_INSTRUMENT;BLOCK;EUR;32;10.48000000;1000;PRC_DECOMP_EXCHANGE;;;;XEUR;7899908;210;EXCHANGE
13.02.2025;14:44:34.191;BMW SI 20251219 PS AM P 120.00 0;SIMPLE_INSTRUMENT;BLOCK;EUR;32;43.84000000;1000;PRC_DECOMP_EXCHANGE;;;;XEUR;6191410;210;EXCHANGE
13.02.2025;14:48:48.089;BMW.O.250213.BLT.000012;STANDARD_OPTION_STRATEGY;BLOCK;EUR;33;1.08000000;1000;EXCHANGE_LAST;;1;1;XEUR;72058495981109319;210;
13.02.2025;14:48:48.089;BMW SI 20250221 PS AM C 72.00 0;SIMPLE_INSTRUMENT;BLOCK;EUR;33;7.43000000;1000;PRC_DECOMP_EXCHANGE;;;;XEUR;12240015;210;EXCHANGE
13.02.2025;14:48:48.089;BMW SI 20250321 PS AM C 72.00 0;SIMPLE_INSTRUMENT;BLOCK;EUR;33;8.51000000;1000;PRC_DECOMP_EXCHANGE;;;;XEUR;10832603;210;EXCHANGE
13.02.2025;15:27:50.901;BMW SI 20250321 PS AM P 64.00 0;SIMPLE_INSTRUMENT;BLOCK;EUR;36;0.29000000;400;EXCHANGE_LAST;;1;1;XEUR;10832577;210;
13.02.2025;15:27:51.261;BMW SI 20250919 PS AM P 68.00 0;SIMPLE_INSTRUMENT;BLOCK;EUR;37;3.24000000;400;EXCHANGE_LAST;;1;1;XEUR;11874410;210;
13.02.2025;15:31:19.605;BMW SI 20250221 PS AM C 80.00 0;SIMPLE_INSTRUMENT;BLOCK;EUR;39;1.62000000;2000;EXCHANGE_LAST;;1;2;XEUR;12339210;210;
13.02.2025;16:10:12.123;BNP SI 20250321 PS AM C 69.00 0;SIMPLE_INSTRUMENT;BLOCK;EUR;22;2.66000000;524;EXCHANGE_LAST;;1;1;XEUR;12536827;237;
13.02.2025;16:10:12.135;BNP SI 20250321 PS AM C 69.00 0;SIMPLE_INSTRUMENT;BLOCK;EUR;23;2.69000000;676;EXCHANGE_LAST;;1;1;XEUR;12536827;237;
13.02.2025;10:20:15.835;BOSF SI 20250417 CS;SIMPLE_INSTRUMENT;BLOCK;EUR;17;46.41120000;160;EXCHANGE_LAST;;1;1;XEUR;10832425;231;
13.02.2025;12:45:05.087;BPV SI 20250619 PS AM P 7.60 0;SIMPLE_INSTRUMENT;BLOCK;EUR;7;0.38500000;1000;EXCHANGE_LAST;;1;1;XEUR;11337100;251;
13.02.2025;15:41:15.758;BPV SI 20250918 PS AM P 7.20 0;SIMPLE_INSTRUMENT;BLOCK;EUR;13;0.38500000;1000;EXCHANGE_LAST;;1;1;XEUR;11863040;251;
13.02.2025;13:15:31.488;BSD2 SI 20260619 PS AM C 6.50 0;SIMPLE_INSTRUMENT;BLOCK;EUR;9;0.38000000;10000;EXCHANGE_LAST;;1;1;XEUR;12435876;245;
13.02.2025;09:26:32.313;BSI.O.250213.RBUL.000001;STANDARD_OPTION_STRATEGY;BLOCK;EUR;3;-0.35000000;250;EXCHANGE_LAST;;1;1;XEUR;72385373057061380;76317;
13.02.2025;09:26:32.313;BSI SI 20250221 PS AM C 125.00 0;SIMPLE_INSTRUMENT;BLOCK;EUR;3;1.47000000;250;PRC_DECOMP_EXCHANGE;;;;XEUR;12267776;76317;EXCHANGE
13.02.2025;09:26:32.313;BSI SI 20250221 PS AM C 130.00 0;SIMPLE_INSTRUMENT;BLOCK;EUR;3;0.56000000;500;PRC_DECOMP_EXCHANGE;;;;XEUR;12267752;76317;EXCHANGE
13.02.2025;09:27:05.758;BSI.O.250213.RBUL.000001;STANDARD_OPTION_STRATEGY;BLOCK;EUR;4;-0.35000000;250;EXCHANGE_LAST;;1;1;XEUR;72385373057061380;76317;
13.02.2025;09:27:05.758;BSI SI 20250221 PS AM C 125.00 0;SIMPLE_INSTRUMENT;BLOCK;EUR;4;1.47000000;250;PRC_DECOMP_MEMBER;;;;XEUR;12267776;76317;MEMBER
13.02.2025;09:27:05.758;BSI SI 20250221 PS AM C 130.00 0;SIMPLE_INSTRUMENT;BLOCK;EUR;4;0.56000000;500;PRC_DECOMP_MEMBER;;;;XEUR;12267752;76317;MEMBER
13.02.2025;15:37:37.550;BYG.O.250213.STD.000002;STANDARD_OPTION_STRATEGY;BLOCK;EUR;17;9.70000000;2000;EXCHANGE_LAST;;1;1;XEUR;72058796628777096;280;
13.02.2025;15:37:37.550;BYG SI 20281215 PS AM C 28.00 0;SIMPLE_INSTRUMENT;BLOCK;EUR;17;5.46000000;2000;PRC_DECOMP_EXCHANGE;;;;XEUR;10399848;280;EXCHANGE
13.02.2025;15:37:37.550;BYG SI 20281215 PS AM P 28.00 0;SIMPLE_INSTRUMENT;BLOCK;EUR;17;4.24000000;2000;PRC_DECOMP_EXCHANGE;;;;XEUR;10399841;280;EXCHANGE
13.02.2025;09:26:18.807;C4RI SI 20261218 CS;SIMPLE_INSTRUMENT;BLOCK;EUR;9;2.86500000;400;EXCHANGE_LAST;;1;1;XEUR;6821680;50862;
13.02.2025;13:14:58.060;C4RI SI 20251219 CS;SIMPLE_INSTRUMENT;BLOCK;EUR;42;2.81500000;75;EXCHANGE_LAST;;1;1;XEUR;5914459;50862;
13.02.2025;17:08:25.801;C4RI SI 20261218 CS;SIMPLE_INSTRUMENT;BLOCK;EUR;121;2.87000000;300;EXCHANGE_LAST;;2;2;XEUR;6821680;50862;
13.02.2025;10:36:01.518;CBK SI 20271217 PS AM C 19.00 0;SIMPLE_INSTRUMENT;BLOCK;EUR;2;3.68000000;4000;EXCHANGE_LAST;;1;1;XEUR;12771068;268;
13.02.2025;12:44:05.082;D3AI SI 20251219 CS;SIMPLE_INSTRUMENT;BLOCK;EUR;37;4.25000000;150;EXCHANGE_LAST;;2;1;XEUR;7144062;443197;
13.02.2025;08:53:06.737;DAI SI 20251219 PS AM C 64.00 0;SIMPLE_INSTRUMENT;BLOCK;EUR;1;2.97000000;2000;EXCHANGE_LAST;;1;1;XEUR;7423844;443196;
13.02.2025;09:35:17.987;DAI SI 20251219 PS AM P 60.00 0;SIMPLE_INSTRUMENT;BLOCK;EUR;4;6.90000000;2000;EXCHANGE_LAST;;1;2;XEUR;7144540;443196;
13.02.2025;10:42:16.733;DAI SI 20251219 PS AM P 64.00 0;SIMPLE_INSTRUMENT;BLOCK;EUR;6;9.42000000;1000;EXCHANGE_LAST;;1;1;XEUR;7423841;443196;
13.02.2025;12:17:58.631;DAI SI 20261218 PS AM C 54.00 0;SIMPLE_INSTRUMENT;BLOCK;EUR;16;10.04000000;750;EXCHANGE_LAST;;1;1;XEUR;7362237;443196;
13.02.2025;13:16:37.901;DAI SI 20261218 PS AM P 60.00 0;SIMPLE_INSTRUMENT;BLOCK;EUR;24;9.55000000;2250;EXCHANGE_LAST;;1;3;XEUR;7190188;443196;
13.02.2025;13:50:28.483;DAI.O.250213.STD.000023;STANDARD_OPTION_STRATEGY;BLOCK;EUR;26;11.75000000;750;EXCHANGE_LAST;;1;1;XEUR;73961106363663971;443196;
13.02.2025;13:50:28.483;DAI SI 20251219 PS AM P 60.00 0;SIMPLE_INSTRUMENT;BLOCK;EUR;26;6.52000000;750;PRC_DECOMP_EXCHANGE;;;;XEUR;7144540;443196;EXCHANGE
13.02.2025;13:50:28.483;DAI SI 20251219 PS AM C 60.00 0;SIMPLE_INSTRUMENT;BLOCK;EUR;26;5.23000000;750;PRC_DECOMP_EXCHANGE;;;;XEUR;7144524;443196;EXCHANGE
13.02.2025;13:57:57.605;DAI SI 20250620 PS AM P 58.00 0;SIMPLE_INSTRUMENT;BLOCK;EUR;27;4.06000000;2500;EXCHANGE_LAST;;1;1;XEUR;10374223;443196;
13.02.2025;12:38:59.234;DB1 SI 20250620 PS AM P 240.00 0;SIMPLE_INSTRUMENT;BLOCK;EUR;27;7.60000000;250;EXCHANGE_LAST;;1;1;XEUR;7901385;361;
13.02.2025;16:24:51.284;DHE SI 20250321 PS AM C 34.00 0;SIMPLE_INSTRUMENT;BLOCK;EUR;52;0.58000000;250;EXCHANGE_LAST;;1;1;XEUR;10869218;57135;
13.02.2025;08:22:50.534;DPW SI 20250221 PS AM C 36.50 0;SIMPLE_INSTRUMENT;BLOCK;EUR;2;0.51000000;1240;EXCHANGE_LAST;;1;1;XEUR;12243297;445;
13.02.2025;09:05:43.008;DPW SI 20250221 PS AM C 36.50 0;SIMPLE_INSTRUMENT;BLOCK;EUR;8;0.41000000;1488;EXCHANGE_LAST;;1;1;XEUR;12243297;445;
13.02.2025;10:37:04.639;DPW SI 20250620 PS AM C 40.00 0;SIMPLE_INSTRUMENT;BLOCK;EUR;15;0.61000000;2000;EXCHANGE_LAST;;1;1;XEUR;7902462;445;
13.02.2025;11:50:37.515;DPW SI 20250221 PS AM C 36.50 0;SIMPLE_INSTRUMENT;BLOCK;EUR;21;0.66000000;1042;EXCHANGE_LAST;;1;1;XEUR;12243297;445;
13.02.2025;12:56:05.062;DPW.O.250213.STG.000012;STANDARD_OPTION_STRATEGY;BLOCK;EUR;29;3.07000000;1500;EXCHANGE_LAST;;3;1;XEUR;72059505298415681;445;
13.02.2025;12:56:05.062;DPW SI 20250620 PS AM P 34.00 0;SIMPLE_INSTRUMENT;BLOCK;EUR;29;1.41000000;1500;PRC_DECOMP_EXCHANGE;;;;XEUR;11357243;445;EXCHANGE
13.02.2025;12:56:05.062;DPW SI 20250620 PS AM C 37.00 0;SIMPLE_INSTRUMENT;BLOCK;EUR;29;1.66000000;1500;PRC_DECOMP_EXCHANGE;;;;XEUR;12361760;445;EXCHANGE
13.02.2025;13:58:40.056;DPW SI 20250221 PS AM C 36.50 0;SIMPLE_INSTRUMENT;BLOCK;EUR;30;0.60000000;500;EXCHANGE_LAST;;1;1;XEUR;12243297;445;
13.02.2025;16:19:20.031;DPW SI 20250221 PS AM C 36.50 0;SIMPLE_INSTRUMENT;BLOCK;EUR;51;0.78000000;965;EXCHANGE_LAST;;1;1;XEUR;12243297;445;
13.02.2025;10:28:33.376;DTE SI 20250221 PS AM P 33.00 0;SIMPLE_INSTRUMENT;BLOCK;EUR;13;0.20000000;3000;EXCHANGE_LAST;;1;1;XEUR;12243030;424;
13.02.2025;10:28:35.703;DTE SI 20250221 PS AM P 32.00 0;SIMPLE_INSTRUMENT;BLOCK;EUR;14;0.05000000;3000;EXCHANGE_LAST;;1;1;XEUR;12243002;424;
13.02.2025;11:53:58.407;DTG SI 20250221 PS AM C 42.50 0;SIMPLE_INSTRUMENT;BLOCK;EUR;11;0.74000000;1108;EXCHANGE_LAST;;1;1;XEUR;12655165;455942;
13.02.2025;13:44:39.080;DTG SI 20250221 PS AM C 42.50 0;SIMPLE_INSTRUMENT;BLOCK;EUR;25;0.76000000;554;EXCHANGE_LAST;;1;1;XEUR;12655165;455942;
13.02.2025;10:35:42.207;E2NL SI 20261218 CS;SIMPLE_INSTRUMENT;BLOCK;EUR;19;0.45500000;1100;EXCHANGE_LAST;;1;1;XEUR;4632356;471;
13.02.2025;16:35:11.551;E2NL SI 20281215 CS;SIMPLE_INSTRUMENT;BLOCK;EUR;111;0.40000000;1200;EXCHANGE_LAST;;1;1;XEUR;6802276;471;
13.02.2025;12:02:12.227;EAD SI 20261218 PS AM P 145.00 0;SIMPLE_INSTRUMENT;BLOCK;EUR;3;11.30000000;400;EXCHANGE_LAST;;1;1;XEUR;12602609;465;
13.02.2025;14:33:01.392;EAD.O.250213.STG.000007;STANDARD_OPTION_STRATEGY;BLOCK;EUR;10;13.50000000;500;EXCHANGE_LAST;;1;1;XEUR;72059591197747475;465;
13.02.2025;14:33:01.392;EAD SI 20250321 PS AM P 150.00 0;SIMPLE_INSTRUMENT;BLOCK;EUR;10;0.85000000;500;PRC_DECOMP_EXCHANGE;;;;XEUR;11013887;465;EXCHANGE
13.02.2025;14:33:01.392;EAD SI 20250321 PS AM C 160.00 0;SIMPLE_INSTRUMENT;BLOCK;EUR;10;12.65000000;500;PRC_DECOMP_EXCHANGE;;;;XEUR;11013886;465;EXCHANGE
13.02.2025;15:55:17.123;EADG SI 20250321 CS;SIMPLE_INSTRUMENT;BLOCK;EUR;102;170.18000000;250;EXCHANGE_LAST;;1;1;XEUR;11420362;840008;
13.02.2025;10:04:27.494;ENR SI 20250620 PS AM C 68.00 0;SIMPLE_INSTRUMENT;BLOCK;EUR;12;5.45000000;1000;EXCHANGE_LAST;;1;1;XEUR;12229466;298530;
13.02.2025;14:40:04.278;ENR SI 20251219 PS AM P 44.00 0;SIMPLE_INSTRUMENT;BLOCK;EUR;35;4.06000000;350;EXCHANGE_LAST;;1;1;XEUR;11109009;298530;
13.02.2025;15:12:24.342;ENR SI 20250221 PS AM C 70.00 0;SIMPLE_INSTRUMENT;BLOCK;EUR;40;0.13000000;11000;EXCHANGE_LAST;;1;1;XEUR;12344727;298530;
13.02.2025;16:01:36.713;ENR SI 20250321 PS AM C 68.00 0;SIMPLE_INSTRUMENT;BLOCK;EUR;46;2.20000000;800;EXCHANGE_LAST;;1;1;XEUR;12229452;298530;
13.02.2025;16:06:18.651;ENR SI 20250321 PS AM C 60.00 0;SIMPLE_INSTRUMENT;BLOCK;EUR;47;5.52000000;2400;EXCHANGE_LAST;;1;1;XEUR;12193252;298530;
13.02.2025;16:06:22.963;ENR SI 20250321 PS AM C 76.00 0;SIMPLE_INSTRUMENT;BLOCK;EUR;48;0.90000000;2400;EXCHANGE_LAST;;1;1;XEUR;12309976;298530;
13.02.2025;16:06:26.436;ENR SI 20250321 PS AM C 66.00 0;SIMPLE_INSTRUMENT;BLOCK;EUR;49;2.92000000;2400;EXCHANGE_LAST;;1;1;XEUR;12484039;298530;
13.02.2025;16:08:25.706;ENR FI 20250321 PS AM C 82.0000 0;FLEXIBLE_INSTRUMENT;BLOCK;EUR;50;0.35000000;2400;EXCHANGE_LAST;;1;1;XEUR;1154203681193730880;298530;
13.02.2025;15:08:37.178;ENUR SI 20250221 PS AM C 11.00 0;SIMPLE_INSTRUMENT;BLOCK;EUR;12;0.10000000;4227;EXCHANGE_LAST;;1;1;XEUR;12244040;498;
13.02.2025;11:48:32.900;F3IA SI 20251219 CS;SIMPLE_INSTRUMENT;BLOCK;EUR;33;0.53500000;750;EXCHANGE_LAST;;2;2;XEUR;6633988;390387;
13.02.2025;09:06:54.768;F3TE SI 20261218 CS;SIMPLE_INSTRUMENT;BLOCK;EUR;6;0.73000000;1000;EXCHANGE_LAST;;1;1;XEUR;6633899;390379;
13.02.2025;10:02:52.845;F3TE SI 20251219 CS;SIMPLE_INSTRUMENT;BLOCK;EUR;14;0.74700000;250;EXCHANGE_LAST;;1;1;XEUR;6633903;390379;
13.02.2025;10:03:19.015;F3TE SI 20251219 CS;SIMPLE_INSTRUMENT;BLOCK;EUR;15;0.74800000;250;EXCHANGE_LAST;;1;1;XEUR;6633903;390379;
13.02.2025;13:20:18.011;F3TE SI 20261218 CS;SIMPLE_INSTRUMENT;BLOCK;EUR;43;0.73000000;1000;EXCHANGE_LAST;;1;1;XEUR;6633899;390379;
13.02.2025;08:13:54.519;FBTP SI 20250306 PS;SIMPLE_INSTRUMENT;BLOCK;EUR;1;119.82000000;1170;EXCHANGE_LAST;;1;1;XEUR;11286675;636;
13.02.2025;08:22:51.355;FBTP SI 20250306 PS;SIMPLE_INSTRUMENT;BLOCK;EUR;2;119.89000000;932;EXCHANGE_LAST;;1;1;XEUR;11286675;636;
13.02.2025;08:42:01.486;FBTP SI 20250306 PS;SIMPLE_INSTRUMENT;EFP_FIN;EUR;3;119.94000000;201;EXCHANGE_LAST;;1;1;XEUR;11286675;636;
13.02.2025;08:40:29.746;FBTP SI 20250306 PS;SIMPLE_INSTRUMENT;EFP_FIN;EUR;4;119.94000000;100;EXCHANGE_LAST;;1;1;XEUR;11286675;636;
13.02.2025;08:53:54.585;FBTP SI 20250306 PS;SIMPLE_INSTRUMENT;EFP_FIN;EUR;5;119.94000000;290;EXCHANGE_LAST;;1;1;XEUR;11286675;636;
13.02.2025;08:54:19.990;FBTP SI 20250306 PS;SIMPLE_INSTRUMENT;EFP_FIN;EUR;6;119.94000000;207;EXCHANGE_LAST;;1;1;XEUR;11286675;636;
13.02.2025;09:03:14.591;FBTP SI 20250306 PS;SIMPLE_INSTRUMENT;EFP_FIN;EUR;7;119.93000000;100;EXCHANGE_LAST;;1;1;XEUR;11286675;636;
13.02.2025;09:06:33.027;FBTP SI 20250306 PS;SIMPLE_INSTRUMENT;EFP_FIN;EUR;8;119.93000000;167;EXCHANGE_LAST;;1;1;XEUR;11286675;636;
13.02.2025;09:18:33.871;FBTP SI 20250306 PS;SIMPLE_INSTRUMENT;EFP_FIN;EUR;9;119.96000000;69;EXCHANGE_LAST;;1;1;XEUR;11286675;636;
13.02.2025;09:18:40.168;FBTP SI 20250306 PS;SIMPLE_INSTRUMENT;EFP_FIN;EUR;10;119.96000000;69;EXCHANGE_LAST;;1;1;XEUR;11286675;636;
13.02.2025;09:23:16.704;FBTP SI 20250306 PS;SIMPLE_INSTRUMENT;EFP_FIN;EUR;11;119.95000000;346;EXCHANGE_LAST;;1;1;XEUR;11286675;636;
13.02.2025;09:44:11.726;FBTP SI 20250306 PS;SIMPLE_INSTRUMENT;EFP_FIN;EUR;12;119.98000000;484;EXCHANGE_LAST;;1;1;XEUR;11286675;636;
13.02.2025;09:47:35.864;FBTP SI 20250306 PS;SIMPLE_INSTRUMENT;EFP_FIN;EUR;13;119.98000000;236;EXCHANGE_LAST;;1;1;XEUR;11286675;636;
13.02.2025;09:47:51.420;FBTP SI 20250306 PS;SIMPLE_INSTRUMENT;EFP_FIN;EUR;14;120.00000000;1626;EXCHANGE_LAST;;1;1;XEUR;11286675;636;
13.02.2025;09:48:50.430;FBTP SI 20250306 PS;SIMPLE_INSTRUMENT;EFP_FIN;EUR;15;119.98000000;895;EXCHANGE_LAST;;1;1;XEUR;11286675;636;
13.02.2025;09:49:36.488;FBTP SI 20250306 PS;SIMPLE_INSTRUMENT;EFP_FIN;EUR;16;119.98000000;448;EXCHANGE_LAST;;1;1;XEUR;11286675;636;
13.02.2025;10:08:06.239;FBTP SI 20250306 PS;SIMPLE_INSTRUMENT;EFP_FIN;EUR;17;120.01000000;167;EXCHANGE_LAST;;1;1;XEUR;11286675;636;
13.02.2025;10:27:06.392;FBTP SI 20250306 PS;SIMPLE_INSTRUMENT;EFP_FIN;EUR;18;120.07000000;3580;EXCHANGE_LAST;;1;1;XEUR;11286675;636;
13.02.2025;10:28:17.506;FBTP SI 20250306 PS;SIMPLE_INSTRUMENT;EFP_FIN;EUR;19;120.08000000;1576;EXCHANGE_LAST;;1;1;XEUR;11286675;636;
13.02.2025;10:53:24.982;FBTP SI 20250306 PS;SIMPLE_INSTRUMENT;EFP_FIN;EUR;20;120.13000000;895;EXCHANGE_LAST;;1;1;XEUR;11286675;636;
13.02.2025;10:53:47.984;FBTP SI 20250306 PS;SIMPLE_INSTRUMENT;EFP_FIN;EUR;21;120.13000000;895;EXCHANGE_LAST;;1;1;XEUR;11286675;636;
13.02.2025;10:54:46.988;FBTP SI 20250306 PS;SIMPLE_INSTRUMENT;EFP_FIN;EUR;22;120.16000000;895;EXCHANGE_LAST;;1;1;XEUR;11286675;636;
13.02.2025;11:00:11.333;FBTP SI 20250306 PS;SIMPLE_INSTRUMENT;EFP_FIN;EUR;23;120.16000000;895;EXCHANGE_LAST;;1;1;XEUR;11286675;636;
13.02.2025;11:11:10.695;FBTP SI 20250306 PS;SIMPLE_INSTRUMENT;EFP_FIN;EUR;24;119.98000000;1800;EXCHANGE_LAST;;1;1;XEUR;11286675;636;
13.02.2025;11:15:57.565;FBTP SI 20250306 PS;SIMPLE_INSTRUMENT;EFP_FIN;EUR;25;120.24000000;448;EXCHANGE_LAST;;1;1;XEUR;11286675;636;
13.02.2025;11:20:00.135;FBTP SI 20250306 PS;SIMPLE_INSTRUMENT;EFP_FIN;EUR;26;120.08000000;895;EXCHANGE_LAST;;1;1;XEUR;11286675;636;
13.02.2025;11:21:33.240;FBTP SI 20250306 PS;SIMPLE_INSTRUMENT;EFP_FIN;EUR;27;120.15000000;779;EXCHANGE_LAST;;1;1;XEUR;11286675;636;
13.02.2025;11:25:07.312;FBTP SI 20250306 PS;SIMPLE_INSTRUMENT;EFP_FIN;EUR;28;120.15000000;1343;EXCHANGE_LAST;;1;1;XEUR;11286675;636;
13.02.2025;11:39:20.112;FBTP SI 20250306 PS;SIMPLE_INSTRUMENT;EFP_FIN;EUR;29;120.22000000;553;EXCHANGE_LAST;;1;1;XEUR;11286675;636;
13.02.2025;11:44:46.358;FBTP SI 20250306 PS;SIMPLE_INSTRUMENT;EFP_FIN;EUR;30;120.24000000;229;EXCHANGE_LAST;;1;1;XEUR;11286675;636;
13.02.2025;11:47:39.175;FBTP SI 20250306 PS;SIMPLE_INSTRUMENT;EFP_FIN;EUR;31;120.25000000;895;EXCHANGE_LAST;;1;1;XEUR;11286675;636;
13.02.2025;11:50:18.320;FBTP SI 20250306 PS;SIMPLE_INSTRUMENT;EFP_FIN;EUR;32;120.24000000;448;EXCHANGE_LAST;;1;1;XEUR;11286675;636;
13.02.2025;12:26:50.155;FBTP SI 20250306 PS;SIMPLE_INSTRUMENT;EFP_FIN;EUR;33;120.35000000;973;EXCHANGE_LAST;;1;1;XEUR;11286675;636;
13.02.2025;13:19:32.373;FBTP SI 20250306 PS;SIMPLE_INSTRUMENT;BLOCK;EUR;34;120.37000000;448;EXCHANGE_LAST;;1;1;XEUR;11286675;636;
13.02.2025;13:22:38.986;FBTP SI 20250306 PS;SIMPLE_INSTRUMENT;EFP_FIN;EUR;35;120.27000000;448;EXCHANGE_LAST;;1;1;XEUR;11286675;636;
13.02.2025;13:48:34.603;FBTP SI 20250306 PS;SIMPLE_INSTRUMENT;EFP_FIN;EUR;36;120.27000000;313;EXCHANGE_LAST;;1;1;XEUR;11286675;636;
13.02.2025;14:13:30.222;FBTP SI 20250306 PS;SIMPLE_INSTRUMENT;EFP_FIN;EUR;37;120.36000000;530;EXCHANGE_LAST;;1;1;XEUR;11286675;636;
13.02.2025;14:31:10.904;FBTP SI 20250306 PS;SIMPLE_INSTRUMENT;EFP_FIN;EUR;38;120.29000000;895;EXCHANGE_LAST;;1;1;XEUR;11286675;636;
13.02.2025;14:53:06.279;FBTP SI 20250306 PS;SIMPLE_INSTRUMENT;EFS;EUR;40;120.39000000;112;EXCHANGE_LAST;;1;1;XEUR;11286675;636;
13.02.2025;15:06:35.830;FBTP SI 20250306 PS;SIMPLE_INSTRUMENT;EFP_FIN;EUR;41;120.34000000;895;EXCHANGE_LAST;;1;1;XEUR;11286675;636;
13.02.2025;15:09:28.007;FBTP SI 20250306 PS;SIMPLE_INSTRUMENT;BLOCK;EUR;42;120.41000000;553;EXCHANGE_LAST;;1;1;XEUR;11286675;636;
13.02.2025;15:17:25.369;FBTP SI 20250306 PS;SIMPLE_INSTRUMENT;EFP_FIN;EUR;43;120.33000000;1522;EXCHANGE_LAST;;1;1;XEUR;11286675;636;
13.02.2025;15:28:38.288;FBTP SI 20250306 PS;SIMPLE_INSTRUMENT;EFP_FIN;EUR;44;120.38000000;267;EXCHANGE_LAST;;1;1;XEUR;11286675;636;
13.02.2025;15:57:36.950;FBTP SI 20250306 PS;SIMPLE_INSTRUMENT;EFP_FIN;EUR;45;120.40000000;380;EXCHANGE_LAST;;1;1;XEUR;11286675;636;
13.02.2025;16:02:52.292;FBTP SI 20250306 PS;SIMPLE_INSTRUMENT;EFP_FIN;EUR;46;120.37000000;448;EXCHANGE_LAST;;1;1;XEUR;11286675;636;
13.02.2025;16:16:49.702;FBTP SI 20250306 PS;SIMPLE_INSTRUMENT;BLOCK;EUR;47;120.43000000;601;EXCHANGE_LAST;;1;1;XEUR;11286675;636;
13.02.2025;16:24:00.942;FBTP SI 20250306 PS;SIMPLE_INSTRUMENT;EFP_FIN;EUR;48;120.36000000;1036;EXCHANGE_LAST;;1;1;XEUR;11286675;636;
13.02.2025;16:26:24.277;FBTP SI 20250306 PS;SIMPLE_INSTRUMENT;EFP_FIN;EUR;49;120.38000000;345;EXCHANGE_LAST;;1;1;XEUR;11286675;636;
13.02.2025;16:31:38.624;FBTP SI 20250306 PS;SIMPLE_INSTRUMENT;EFP_FIN;EUR;50;120.40000000;2538;EXCHANGE_LAST;;1;1;XEUR;11286675;636;
13.02.2025;16:32:25.541;FBTP SI 20250306 PS;SIMPLE_INSTRUMENT;EFP_FIN;EUR;51;120.37000000;895;EXCHANGE_LAST;;1;1;XEUR;11286675;636;
13.02.2025;16:32:46.026;FBTP SI 20250306 PS;SIMPLE_INSTRUMENT;EFP_FIN;EUR;52;120.40000000;173;EXCHANGE_LAST;;1;1;XEUR;11286675;636;
13.02.2025;16:33:13.176;FBTP SI 20250306 PS;SIMPLE_INSTRUMENT;EFP_FIN;EUR;53;120.40000000;69;EXCHANGE_LAST;;1;1;XEUR;11286675;636;
13.02.2025;16:34:46.055;FBTP SI 20250306 PS;SIMPLE_INSTRUMENT;EFP_FIN;EUR;54;120.40000000;103;EXCHANGE_LAST;;1;1;XEUR;11286675;636;
13.02.2025;16:35:33.016;FBTP SI 20250306 PS;SIMPLE_INSTRUMENT;BLOCK;EUR;55;119.95000000;281;EXCHANGE_LAST;;1;1;XEUR;11286675;636;
13.02.2025;16:41:57.900;FBTP SI 20250306 PS;SIMPLE_INSTRUMENT;EFP_FIN;EUR;56;120.45000000;547;EXCHANGE_LAST;;1;1;XEUR;11286675;636;
13.02.2025;16:45:01.507;FBTP SI 20250306 PS;SIMPLE_INSTRUMENT;EFP_FIN;EUR;57;120.40000000;111;EXCHANGE_LAST;;1;1;XEUR;11286675;636;
13.02.2025;16:47:15.094;FBTP SI 20250306 PS;SIMPLE_INSTRUMENT;EFP_FIN;EUR;58;120.37000000;69;EXCHANGE_LAST;;1;1;XEUR;11286675;636;
13.02.2025;16:47:27.791;FBTP SI 20250306 PS;SIMPLE_INSTRUMENT;EFP_FIN;EUR;59;120.45000000;996;EXCHANGE_LAST;;1;1;XEUR;11286675;636;
13.02.2025;16:48:14.890;FBTP SI 20250306 PS;SIMPLE_INSTRUMENT;EFP_FIN;EUR;60;120.40000000;111;EXCHANGE_LAST;;1;1;XEUR;11286675;636;
13.02.2025;08:51:44.571;FBTS SI 20250306 PS;SIMPLE_INSTRUMENT;EFP_FIN;EUR;8;107.38000000;1700;EXCHANGE_LAST;;1;1;XEUR;11286677;639;
13.02.2025;09:21:09.279;FBTS SI 20250306 PS;SIMPLE_INSTRUMENT;BLOCK;EUR;14;107.39000000;575;EXCHANGE_LAST;;1;1;XEUR;11286677;639;
13.02.2025;09:23:17.166;FBTS SI 20250306 PS;SIMPLE_INSTRUMENT;EFP_FIN;EUR;16;107.39000000;575;EXCHANGE_LAST;;1;1;XEUR;11286677;639;
13.02.2025;09:34:38.892;FBTS SI 20250306 PS;SIMPLE_INSTRUMENT;BLOCK;EUR;20;107.39000000;272;EXCHANGE_LAST;;1;1;XEUR;11286677;639;
13.02.2025;10:10:48.653;FBTS SI 20250306 PS;SIMPLE_INSTRUMENT;BLOCK;EUR;26;107.39000000;676;EXCHANGE_LAST;;1;1;XEUR;11286677;639;
13.02.2025;10:20:18.203;FBTS SI 20250306 PS;SIMPLE_INSTRUMENT;EFP_FIN;EUR;28;107.39000000;1726;EXCHANGE_LAST;;1;1;XEUR;11286677;639;
13.02.2025;10:20:25.367;FBTS SI 20250306 PS;SIMPLE_INSTRUMENT;EFP_FIN;EUR;29;107.39000000;676;EXCHANGE_LAST;;1;1;XEUR;11286677;639;
13.02.2025;10:24:22.498;FBTS SI 20250306 PS;SIMPLE_INSTRUMENT;EFP_FIN;EUR;30;107.39000000;575;EXCHANGE_LAST;;1;1;XEUR;11286677;639;
13.02.2025;10:52:14.712;FBTS SI 20250306 PS;SIMPLE_INSTRUMENT;EFP_FIN;EUR;34;107.42000000;628;EXCHANGE_LAST;;1;1;XEUR;11286677;639;
13.02.2025;11:05:18.977;FBTS SI 20250306 PS;SIMPLE_INSTRUMENT;EFP_FIN;EUR;37;107.41000000;126;EXCHANGE_LAST;;1;1;XEUR;11286677;639;
13.02.2025;11:29:09.036;FBTS SI 20250306 PS;SIMPLE_INSTRUMENT;EFP_FIN;EUR;41;107.45000000;380;EXCHANGE_LAST;;1;1;XEUR;11286677;639;
13.02.2025;11:46:13.323;FBTS SI 20250306 PS;SIMPLE_INSTRUMENT;EFP_FIN;EUR;42;107.45000000;575;EXCHANGE_LAST;;1;1;XEUR;11286677;639;
13.02.2025;11:55:41.485;FBTS SI 20250306 PS;SIMPLE_INSTRUMENT;BLOCK;EUR;43;107.45000000;675;EXCHANGE_LAST;;1;1;XEUR;11286677;639;
13.02.2025;11:57:21.708;FBTS SI 20250306 PS;SIMPLE_INSTRUMENT;EFP_FIN;EUR;44;107.45000000;681;EXCHANGE_LAST;;1;1;XEUR;11286677;639;
13.02.2025;12:32:36.907;FBTS SI 20250306 PS;SIMPLE_INSTRUMENT;EFP_FIN;EUR;48;107.48000000;1056;EXCHANGE_LAST;;1;1;XEUR;11286677;639;
13.02.2025;14:21:52.370;FBTS SI 20250306 PS;SIMPLE_INSTRUMENT;EFP_FIN;EUR;55;107.45000000;2302;EXCHANGE_LAST;;1;1;XEUR;11286677;639;
13.02.2025;15:06:08.320;FBTS SI 20250306 PS;SIMPLE_INSTRUMENT;EFP_FIN;EUR;71;107.49000000;1123;EXCHANGE_LAST;;1;1;XEUR;11286677;639;
13.02.2025;15:26:11.470;FBTS SI 20250306 PS;SIMPLE_INSTRUMENT;EFP_FIN;EUR;77;107.48000000;278;EXCHANGE_LAST;;1;1;XEUR;11286677;639;
13.02.2025;15:56:30.163;FBTS SI 20250306 PS;SIMPLE_INSTRUMENT;EFP_FIN;EUR;84;107.49000000;844;EXCHANGE_LAST;;1;1;XEUR;11286677;639;
13.02.2025;16:12:00.178;FBTS SI 20250306 PS;SIMPLE_INSTRUMENT;EFP_FIN;EUR;88;107.50000000;633;EXCHANGE_LAST;;1;1;XEUR;11286677;639;
13.02.2025;16:24:50.601;FBTS SI 20250306 PS;SIMPLE_INSTRUMENT;EFP_FIN;EUR;91;107.49000000;863;EXCHANGE_LAST;;1;1;XEUR;11286677;639;
13.02.2025;16:35:29.305;FBTS SI 20250306 PS;SIMPLE_INSTRUMENT;EFP_FIN;EUR;94;107.49000000;633;EXCHANGE_LAST;;1;1;XEUR;11286677;639;
13.02.2025;16:36:25.518;FBTS SI 20250306 PS;SIMPLE_INSTRUMENT;EFP_FIN;EUR;95;107.49000000;863;EXCHANGE_LAST;;1;1;XEUR;11286677;639;
13.02.2025;16:52:39.306;FBTS SI 20250306 PS;SIMPLE_INSTRUMENT;EFP_FIN;EUR;99;107.49000000;228;EXCHANGE_LAST;;1;1;XEUR;11286677;639;
13.02.2025;17:08:47.523;FBTS SI 20250306 PS;SIMPLE_INSTRUMENT;EFP_FIN;EUR;103;107.49000000;60;EXCHANGE_LAST;;1;1;XEUR;11286677;639;
13.02.2025;17:36:23.696;FBTS SI 20250306 PS;SIMPLE_INSTRUMENT;EFP_FIN;EUR;105;107.49000000;725;EXCHANGE_LAST;;1;1;XEUR;11286677;639;
13.02.2025;08:02:35.854;FCEU SI 20250317 PS;SIMPLE_INSTRUMENT;BLOCK;USD;1;1.04420000;375;EXCHANGE_LAST;;1;1;XEUR;9136240;369376;
13.02.2025;16:13:07.487;FCEU SI 20250317 PS;SIMPLE_INSTRUMENT;BLOCK;USD;3;1.04471000;242;EXCHANGE_LAST;;1;1;XEUR;9136240;369376;
13.02.2025;16:14:23.234;FCEU SI 20250317 PS;SIMPLE_INSTRUMENT;BLOCK;USD;4;1.04471000;375;EXCHANGE_LAST;;1;1;XEUR;9136240;369376;
13.02.2025;10:07:33.792;FCMU SI 20250317 CS;SIMPLE_INSTRUMENT;BLOCK;USD;2;0.04843000;140;EXCHANGE_LAST;;1;1;XEUR;11329545;570874;
13.02.2025;08:38:34.873;FDAX SI 20250321 CS;SIMPLE_INSTRUMENT;EFP_IDX;EUR;1;22470.00000000;100;EXCHANGE_LAST;;1;1;XEUR;7561255;589;
13.02.2025;11:10:59.333;FDAX SI 20250321 CS;SIMPLE_INSTRUMENT;EFP_IDX;EUR;2;22540.00000000;100;EXCHANGE_LAST;;1;1;XEUR;7561255;589;
13.02.2025;11:59:05.143;FDAX SI 20250321 CS;SIMPLE_INSTRUMENT;EFP_IDX;EUR;3;22540.00000000;100;EXCHANGE_LAST;;1;1;XEUR;7561255;589;
13.02.2025;15:53:15.732;FDAX SI 20250321 CS;SIMPLE_INSTRUMENT;EFP_IDX;EUR;4;22615.00000000;100;EXCHANGE_LAST;;1;1;XEUR;7561255;589;
13.02.2025;15:53:31.196;FDAX SI 20250321 CS;SIMPLE_INSTRUMENT;EFP_IDX;EUR;5;22615.00000000;100;EXCHANGE_LAST;;1;1;XEUR;7561255;589;
13.02.2025;16:48:18.051;FDAX SI 20250321 CS;SIMPLE_INSTRUMENT;EFP_IDX;EUR;6;22694.00000000;13;EXCHANGE_LAST;;1;1;XEUR;7561255;589;
13.02.2025;16:48:27.497;FDAX SI 20250321 CS;SIMPLE_INSTRUMENT;EFP_IDX;EUR;7;22695.00000000;15;EXCHANGE_LAST;;1;1;XEUR;7561255;589;
13.02.2025;10:16:13.130;FDAX SI 20250321 CS;SIMPLE_INSTRUMENT;VOLA;EUR;671088646;22500.00000000;14;EXCHANGE_LAST;;1;1;XEUR;7561255;589;
13.02.2025;10:37:41.067;FDAX SI 20250321 CS;SIMPLE_INSTRUMENT;VOLA;EUR;671088654;22506.00000000;120;EXCHANGE_LAST;;1;1;XEUR;7561255;589;
13.02.2025;10:39:10.165;FDAX SI 20250321 CS;SIMPLE_INSTRUMENT;VOLA;EUR;671088655;22506.00000000;8;EXCHANGE_LAST;;1;1;XEUR;7561255;589;
13.02.2025;11:06:10.176;FDAX SI 20250321 CS;SIMPLE_INSTRUMENT;VOLA;EUR;671088659;22490.00000000;70;EXCHANGE_LAST;;1;1;XEUR;7561255;589;
13.02.2025;13:21:07.672;FDAX SI 20250321 CS;SIMPLE_INSTRUMENT;VOLA;EUR;671088665;22590.00000000;48;EXCHANGE_LAST;;1;1;XEUR;7561255;589;
13.02.2025;15:22:57.519;FDAX SI 20250321 CS;SIMPLE_INSTRUMENT;VOLA;EUR;671088670;22608.00000000;22;EXCHANGE_LAST;;1;1;XEUR;7561255;589;
13.02.2025;15:31:58.165;FDAX SI 20250321 CS;SIMPLE_INSTRUMENT;VOLA;EUR;671088672;22640.00000000;11;EXCHANGE_LAST;;1;1;XEUR;7561255;589;
13.02.2025;16:20:27.840;FDAX SI 20250321 CS;SIMPLE_INSTRUMENT;VOLA;EUR;671088679;22675.00000000;58;EXCHANGE_LAST;;1;1;XEUR;7561255;589;
13.02.2025;16:49:14.385;FDAX SI 20250321 CS;SIMPLE_INSTRUMENT;VOLA;EUR;671088683;22610.00000000;65;EXCHANGE_LAST;;1;1;XEUR;7561255;589;
13.02.2025;08:56:01.416;FEBD SI 20271217 CS;SIMPLE_INSTRUMENT;BLOCK;EUR;4;9.43000000;500;EXCHANGE_LAST;;1;1;XEUR;7776307;597;
13.02.2025;10:46:05.511;FEBD SI 20261218 CS;SIMPLE_INSTRUMENT;BLOCK;EUR;21;10.32000000;200;EXCHANGE_LAST;;1;1;XEUR;7158212;597;
13.02.2025;10:57:10.802;FEBD SI 20261218 CS;SIMPLE_INSTRUMENT;BLOCK;EUR;25;10.32000000;100;EXCHANGE_LAST;;1;1;XEUR;7158212;597;
13.02.2025;11:34:10.604;FEBD SI 20251219 CS;SIMPLE_INSTRUMENT;BLOCK;EUR;37;10.91000000;2000;EXCHANGE_LAST;;2;1;XEUR;5914075;597;
13.02.2025;11:53:51.223;FEBD.S.DEC26.DEC27.SPD;FUTURES_SPREAD;BLOCK;EUR;43;0.83000000;125;EXCHANGE_LAST;;1;1;XEUR;72060158133407006;597;
13.02.2025;11:53:51.223;FEBD SI 20271217 CS;SIMPLE_INSTRUMENT;BLOCK;EUR;43;9.47000000;125;PRC_DECOMP_MEMBER;;;;XEUR;7776307;597;MEMBER
13.02.2025;11:53:51.223;FEBD SI 20261218 CS;SIMPLE_INSTRUMENT;BLOCK;EUR;43;10.30000000;125;PRC_DECOMP_MEMBER;;;;XEUR;7158212;597;MEMBER
13.02.2025;11:54:08.933;FEBD.S.DEC26.DEC27.SPD;FUTURES_SPREAD;BLOCK;EUR;44;0.84000000;125;EXCHANGE_LAST;;1;1;XEUR;72060158133407006;597;
13.02.2025;11:54:08.933;FEBD SI 20261218 CS;SIMPLE_INSTRUMENT;BLOCK;EUR;44;10.30000000;125;PRC_DECOMP_MEMBER;;;;XEUR;7158212;597;MEMBER
13.02.2025;11:54:08.933;FEBD SI 20271217 CS;SIMPLE_INSTRUMENT;BLOCK;EUR;44;9.46000000;125;PRC_DECOMP_MEMBER;;;;XEUR;7776307;597;MEMBER
13.02.2025;13:38:28.518;FEBD SI 20271217 CS;SIMPLE_INSTRUMENT;BLOCK;EUR;55;9.50000000;1000;EXCHANGE_LAST;;1;1;XEUR;7776307;597;
13.02.2025;13:44:37.274;FEBD SI 20271217 CS;SIMPLE_INSTRUMENT;BLOCK;EUR;56;9.50000000;250;EXCHANGE_LAST;;1;1;XEUR;7776307;597;
13.02.2025;13:48:18.420;FEBD SI 20281215 CS;SIMPLE_INSTRUMENT;BLOCK;EUR;57;8.75000000;500;EXCHANGE_LAST;;1;1;XEUR;7776305;597;
13.02.2025;13:49:40.654;FEBD SI 20271217 CS;SIMPLE_INSTRUMENT;BLOCK;EUR;58;9.50000000;250;EXCHANGE_LAST;;1;1;XEUR;7776307;597;
13.02.2025;13:51:27.796;FEBD SI 20281215 CS;SIMPLE_INSTRUMENT;BLOCK;EUR;59;8.75000000;1000;EXCHANGE_LAST;;1;1;XEUR;7776305;597;
13.02.2025;14:25:33.253;FEBD SI 20251219 CS;SIMPLE_INSTRUMENT;BLOCK;EUR;64;10.91000000;100;EXCHANGE_LAST;;1;1;XEUR;5914075;597;
13.02.2025;14:26:02.066;FEBD SI 20251219 CS;SIMPLE_INSTRUMENT;BLOCK;EUR;65;10.92000000;100;EXCHANGE_LAST;;1;1;XEUR;5914075;597;
13.02.2025;17:19:43.340;FEBD SI 20261218 CS;SIMPLE_INSTRUMENT;BLOCK;EUR;132;10.32000000;750;EXCHANGE_LAST;;1;1;XEUR;7158212;597;
13.02.2025;17:25:57.083;FEBD SI 20271217 CS;SIMPLE_INSTRUMENT;BLOCK;EUR;133;9.49000000;100;EXCHANGE_LAST;;1;1;XEUR;7776307;597;
13.02.2025;17:26:51.484;FEBD SI 20271217 CS;SIMPLE_INSTRUMENT;BLOCK;EUR;134;9.49000000;500;EXCHANGE_LAST;;1;1;XEUR;7776307;597;
13.02.2025;17:27:14.141;FEBD SI 20261218 CS;SIMPLE_INSTRUMENT;BLOCK;EUR;135;10.32000000;100;EXCHANGE_LAST;;1;1;XEUR;7158212;597;
13.02.2025;08:27:29.460;FECX SI 20250321 CS;SIMPLE_INSTRUMENT;BLOCK;EUR;1;166.39000000;675;EXCHANGE_LAST;;1;1;XEUR;11427948;410158;
13.02.2025;13:12:32.694;FECX SI 20250321 CS;SIMPLE_INSTRUMENT;BLOCK;EUR;52;166.65000000;100;EXCHANGE_LAST;;1;1;XEUR;11427948;410158;
13.02.2025;16:54:55.507;FEDV SI 20250321 CS;SIMPLE_INSTRUMENT;BLOCK;EUR;99;1777.00000000;1600;EXCHANGE_LAST;;1;1;XEUR;11359068;596;
13.02.2025;16:54:51.659;FEDV SI 20250321 CS;SIMPLE_INSTRUMENT;BLOCK;EUR;100;1776.50000000;400;EXCHANGE_LAST;;1;1;XEUR;11359068;596;
13.02.2025;09:29:32.031;FEHY SI 20250321 CS;SIMPLE_INSTRUMENT;BLOCK;EUR;7;297.52000000;225;EXCHANGE_LAST;;1;1;XEUR;11428365;574047;
13.02.2025;16:38:16.449;FESB SI 20250321 CS;SIMPLE_INSTRUMENT;BLOCK;EUR;40;172.00000000;5000;EXCHANGE_LAST;;1;1;XEUR;11359072;605;
13.02.2025;17:00:27.340;FESB SI 20250321 CS;SIMPLE_INSTRUMENT;BLOCK;EUR;55;171.80000000;5000;EXCHANGE_LAST;;1;1;XEUR;11359072;605;
13.02.2025;10:42:44.233;FESB SI 20250321 CS;SIMPLE_INSTRUMENT;VOLA;EUR;603979793;172.50000000;240;EXCHANGE_LAST;;1;1;XEUR;11359072;605;
13.02.2025;11:03:02.023;FESB SI 20250321 CS;SIMPLE_INSTRUMENT;VOLA;EUR;603979799;171.95000000;2808;EXCHANGE_LAST;;1;1;XEUR;11359072;605;
13.02.2025;11:03:16.025;FESB SI 20250321 CS;SIMPLE_INSTRUMENT;VOLA;EUR;603979800;172.00000000;1872;EXCHANGE_LAST;;1;1;XEUR;11359072;605;
13.02.2025;15:22:02.236;FESB SI 20250321 CS;SIMPLE_INSTRUMENT;VOLA;EUR;603979836;172.60000000;300;EXCHANGE_LAST;;1;1;XEUR;11359072;605;
13.02.2025;16:53:26.657;FESB SI 20250321 CS;SIMPLE_INSTRUMENT;VOLA;EUR;603979865;171.00000000;300;EXCHANGE_LAST;;1;1;XEUR;11359072;605;
13.02.2025;09:19:15.037;FESX SI 20250321 CS;SIMPLE_INSTRUMENT;EFP_IDX;EUR;1;5450.00000000;1000;EXCHANGE_LAST;;1;1;XEUR;7793482;675;
13.02.2025;09:30:40.971;FESX SI 20250321 CS;SIMPLE_INSTRUMENT;BLOCK;EUR;2;5455.00000000;2000;EXCHANGE_LAST;;1;1;XEUR;7793482;675;
13.02.2025;09:57:25.525;FESX SI 20250321 CS;SIMPLE_INSTRUMENT;BLOCK;EUR;3;5450.00000000;2000;EXCHANGE_LAST;;1;1;XEUR;7793482;675;
13.02.2025;10:11:07.157;FESX SI 20250321 CS;SIMPLE_INSTRUMENT;EFP_IDX;EUR;4;5464.00000000;1000;EXCHANGE_LAST;;1;1;XEUR;7793482;675;
13.02.2025;10:10:33.444;FESX SI 20250321 CS;SIMPLE_INSTRUMENT;BLOCK;EUR;5;5472.00000000;2273;EXCHANGE_LAST;;1;1;XEUR;7793482;675;
13.02.2025;11:00:34.182;FESX SI 20250321 CS;SIMPLE_INSTRUMENT;BLOCK;EUR;6;5475.00000000;2000;EXCHANGE_LAST;;1;1;XEUR;7793482;675;
13.02.2025;11:04:26.351;FESX SI 20250321 CS;SIMPLE_INSTRUMENT;BLOCK;EUR;7;5475.00000000;2000;EXCHANGE_LAST;;1;1;XEUR;7793482;675;
13.02.2025;11:04:31.129;FESX SI 20250321 CS;SIMPLE_INSTRUMENT;BLOCK;EUR;8;5476.00000000;8805;EXCHANGE_LAST;;1;1;XEUR;7793482;675;
13.02.2025;11:34:25.601;FESX SI 20250321 CS;SIMPLE_INSTRUMENT;EFP_IDX;EUR;9;5492.00000000;2625;EXCHANGE_LAST;;1;1;XEUR;7793482;675;
13.02.2025;11:34:36.743;FESX SI 20250321 CS;SIMPLE_INSTRUMENT;EFP_IDX;EUR;10;5491.00000000;375;EXCHANGE_LAST;;1;1;XEUR;7793482;675;
13.02.2025;11:35:15.183;FESX SI 20250321 CS;SIMPLE_INSTRUMENT;BLOCK;EUR;11;5491.00000000;3300;EXCHANGE_LAST;;1;1;XEUR;7793482;675;
13.02.2025;13:31:15.605;FESX SI 20250321 CS;SIMPLE_INSTRUMENT;BLOCK;EUR;12;5485.00000000;2096;EXCHANGE_LAST;;1;1;XEUR;7793482;675;
13.02.2025;14:35:53.439;FESX SI 20250321 CS;SIMPLE_INSTRUMENT;BLOCK;EUR;13;5496.00000000;2700;EXCHANGE_LAST;;1;1;XEUR;7793482;675;
13.02.2025;16:47:46.587;FESX SI 20250321 CS;SIMPLE_INSTRUMENT;EFP_IDX;EUR;14;5509.00000000;99;EXCHANGE_LAST;;1;1;XEUR;7793482;675;
13.02.2025;16:48:21.253;FESX SI 20250321 CS;SIMPLE_INSTRUMENT;EFP_IDX;EUR;15;5508.00000000;184;EXCHANGE_LAST;;1;1;XEUR;7793482;675;
13.02.2025;16:50:11.481;FESX SI 20250321 CS;SIMPLE_INSTRUMENT;EFP_IDX;EUR;16;5509.00000000;337;EXCHANGE_LAST;;1;1;XEUR;7793482;675;
13.02.2025;16:50:25.950;FESX SI 20250321 CS;SIMPLE_INSTRUMENT;EFP_IDX;EUR;17;5508.00000000;563;EXCHANGE_LAST;;1;1;XEUR;7793482;675;
13.02.2025;16:56:15.303;FESX SI 20250321 CS;SIMPLE_INSTRUMENT;EFP_IDX;EUR;18;5508.00000000;375;EXCHANGE_LAST;;1;1;XEUR;7793482;675;
13.02.2025;16:56:20.889;FESX SI 20250321 CS;SIMPLE_INSTRUMENT;EFP_IDX;EUR;19;5509.00000000;125;EXCHANGE_LAST;;1;1;XEUR;7793482;675;
13.02.2025;17:03:57.503;FESX SI 20250321 CS;SIMPLE_INSTRUMENT;EFP_IDX;EUR;20;5508.00000000;938;EXCHANGE_LAST;;1;1;XEUR;7793482;675;
13.02.2025;17:25:06.403;FESX SI 20250321 CS;SIMPLE_INSTRUMENT;EFP_IDX;EUR;22;5509.00000000;562;EXCHANGE_LAST;;1;1;XEUR;7793482;675;
13.02.2025;08:26:01.836;FESX SI 20250321 CS;SIMPLE_INSTRUMENT;VOLA;EUR;637534213;5465.00000000;420;EXCHANGE_LAST;;1;1;XEUR;7793482;675;
13.02.2025;09:50:33.687;FESX SI 20250321 CS;SIMPLE_INSTRUMENT;VOLA;EUR;637534259;5465.00000000;390;EXCHANGE_LAST;;1;1;XEUR;7793482;675;
13.02.2025;10:26:03.029;FESX SI 20250321 CS;SIMPLE_INSTRUMENT;VOLA;EUR;637534278;5473.00000000;177;EXCHANGE_LAST;;1;1;XEUR;7793482;675;
13.02.2025;10:48:40.564;FESX SI 20250321 CS;SIMPLE_INSTRUMENT;VOLA;EUR;637534290;5476.00000000;630;EXCHANGE_LAST;;1;1;XEUR;7793482;675;
13.02.2025;10:53:33.989;FESX SI 20250321 CS;SIMPLE_INSTRUMENT;VOLA;EUR;637534293;5470.00000000;98;EXCHANGE_LAST;;1;1;XEUR;7793482;675;
13.02.2025;11:28:19.052;FESX SI 20250321 CS;SIMPLE_INSTRUMENT;VOLA;EUR;637534326;5486.00000000;370;EXCHANGE_LAST;;1;1;XEUR;7793482;675;
13.02.2025;11:30:12.931;FESX SI 20250321 CS;SIMPLE_INSTRUMENT;VOLA;EUR;637534328;5486.00000000;150;EXCHANGE_LAST;;1;1;XEUR;7793482;675;
13.02.2025;11:33:59.730;FESX SI 20250321 CS;SIMPLE_INSTRUMENT;VOLA;EUR;637534330;5455.00000000;10;EXCHANGE_LAST;;1;1;XEUR;7793482;675;
13.02.2025;12:10:14.412;FESX SI 20250321 CS;SIMPLE_INSTRUMENT;VOLA;EUR;637534342;5473.00000000;4541;EXCHANGE_LAST;;1;1;XEUR;7793482;675;
13.02.2025;13:01:46.490;FESX SI 20250321 CS;SIMPLE_INSTRUMENT;VOLA;EUR;637534355;5480.00000000;560;EXCHANGE_LAST;;1;1;XEUR;7793482;675;
13.02.2025;13:27:43.178;FESX SI 20250321 CS;SIMPLE_INSTRUMENT;VOLA;EUR;637534361;5484.00000000;75;EXCHANGE_LAST;;1;1;XEUR;7793482;675;
13.02.2025;13:35:28.852;FESX SI 20250321 CS;SIMPLE_INSTRUMENT;VOLA;EUR;637534373;5487.00000000;320;EXCHANGE_LAST;;1;1;XEUR;7793482;675;
13.02.2025;13:53:42.710;FESX SI 20250321 CS;SIMPLE_INSTRUMENT;VOLA;EUR;637534378;5492.00000000;10;EXCHANGE_LAST;;1;1;XEUR;7793482;675;
13.02.2025;14:13:08.601;FESX SI 20250321 CS;SIMPLE_INSTRUMENT;VOLA;EUR;637534385;5490.00000000;550;EXCHANGE_LAST;;1;1;XEUR;7793482;675;
13.02.2025;14:21:00.801;FESX SI 20250321 CS;SIMPLE_INSTRUMENT;VOLA;EUR;637534393;5490.00000000;560;EXCHANGE_LAST;;1;1;XEUR;7793482;675;
13.02.2025;14:24:50.803;FESX SI 20250321 CS;SIMPLE_INSTRUMENT;VOLA;EUR;637534399;5495.00000000;670;EXCHANGE_LAST;;1;1;XEUR;7793482;675;
13.02.2025;14:29:26.344;FESX SI 20250321 CS;SIMPLE_INSTRUMENT;VOLA;EUR;637534402;5490.00000000;28;EXCHANGE_LAST;;1;1;XEUR;7793482;675;
13.02.2025;14:40:00.736;FESX SI 20250321 CS;SIMPLE_INSTRUMENT;VOLA;EUR;637534411;5490.00000000;240;EXCHANGE_LAST;;1;1;XEUR;7793482;675;
13.02.2025;15:10:21.848;FESX SI 20250321 CS;SIMPLE_INSTRUMENT;VOLA;EUR;637534423;5498.00000000;234;EXCHANGE_LAST;;1;1;XEUR;7793482;675;
13.02.2025;15:15:38.855;FESX SI 20250321 CS;SIMPLE_INSTRUMENT;VOLA;EUR;637534436;5483.00000000;160;EXCHANGE_LAST;;1;1;XEUR;7793482;675;
13.02.2025;15:19:37.865;FESX SI 20250321 CS;SIMPLE_INSTRUMENT;VOLA;EUR;637534441;5495.00000000;611;EXCHANGE_LAST;;1;1;XEUR;7793482;675;
13.02.2025;15:57:59.994;FESX SI 20250321 CS;SIMPLE_INSTRUMENT;VOLA;EUR;637534460;5499.00000000;113;EXCHANGE_LAST;;1;1;XEUR;7793482;675;
13.02.2025;16:20:59.390;FESX SI 20250321 CS;SIMPLE_INSTRUMENT;VOLA;EUR;637534473;5495.00000000;100;EXCHANGE_LAST;;1;1;XEUR;7793482;675;
13.02.2025;16:30:49.211;FESX SI 20250321 CS;SIMPLE_INSTRUMENT;VOLA;EUR;637534485;5495.00000000;10;EXCHANGE_LAST;;1;1;XEUR;7793482;675;
13.02.2025;08:49:04.827;FEXD SI 20261218 CS;SIMPLE_INSTRUMENT;BLOCK;EUR;3;158.90000000;100;EXCHANGE_LAST;;1;1;XEUR;2163053;693;
13.02.2025;09:39:33.301;FEXD SI 20281215 CS;SIMPLE_INSTRUMENT;BLOCK;EUR;11;149.10000000;250;EXCHANGE_LAST;;1;1;XEUR;3680985;693;
13.02.2025;09:39:53.301;FEXD SI 20291221 CS;SIMPLE_INSTRUMENT;BLOCK;EUR;12;145.80000000;250;EXCHANGE_LAST;;1;1;XEUR;4631968;693;
13.02.2025;10:46:15.110;FEXD.S.DEC27.DEC28.SPD;FUTURES_SPREAD;BLOCK;EUR;20;4.50000000;100;EXCHANGE_LAST;;1;1;XEUR;72060570450264162;693;
13.02.2025;10:46:15.110;FEXD SI 20281215 CS;SIMPLE_INSTRUMENT;BLOCK;EUR;20;149.20000000;100;PRC_DECOMP_EXCHANGE;;;;XEUR;3680985;693;EXCHANGE
13.02.2025;10:46:15.110;FEXD SI 20271217 CS;SIMPLE_INSTRUMENT;BLOCK;EUR;20;153.70000000;100;PRC_DECOMP_EXCHANGE;;;;XEUR;2848338;693;EXCHANGE
13.02.2025;11:13:32.269;FEXD SI 20251219 CS;SIMPLE_INSTRUMENT;BLOCK;EUR;26;165.30000000;175;EXCHANGE_LAST;;1;1;XEUR;1548120;693;
13.02.2025;11:37:41.952;FEXD SI 20250620 CS;SIMPLE_INSTRUMENT;BLOCK;EUR;32;127.50000000;200;EXCHANGE_LAST;;1;1;XEUR;9548493;693;
13.02.2025;12:02:42.662;FEXD.S.DEC26.DEC27.SPD;FUTURES_SPREAD;BLOCK;EUR;45;5.30000000;150;EXCHANGE_LAST;;1;1;XEUR;72060570450264153;693;
13.02.2025;12:02:42.662;FEXD SI 20261218 CS;SIMPLE_INSTRUMENT;BLOCK;EUR;45;159.20000000;150;PRC_DECOMP_MEMBER;;;;XEUR;2163053;693;MEMBER
13.02.2025;12:02:42.662;FEXD SI 20271217 CS;SIMPLE_INSTRUMENT;BLOCK;EUR;45;153.90000000;150;PRC_DECOMP_MEMBER;;;;XEUR;2848338;693;MEMBER
13.02.2025;12:02:47.534;FEXD.S.DEC26.DEC27.SPD;FUTURES_SPREAD;BLOCK;EUR;46;5.30000000;150;EXCHANGE_LAST;;1;1;XEUR;72060570450264153;693;
13.02.2025;12:02:47.534;FEXD SI 20271217 CS;SIMPLE_INSTRUMENT;BLOCK;EUR;46;153.80000000;150;PRC_DECOMP_MEMBER;;;;XEUR;2848338;693;MEMBER
13.02.2025;12:02:47.534;FEXD SI 20261218 CS;SIMPLE_INSTRUMENT;BLOCK;EUR;46;159.10000000;150;PRC_DECOMP_MEMBER;;;;XEUR;2163053;693;MEMBER
13.02.2025;12:21:39.480;FEXD SI 20250620 CS;SIMPLE_INSTRUMENT;BLOCK;EUR;47;127.50000000;250;EXCHANGE_LAST;;1;1;XEUR;9548493;693;
13.02.2025;12:25:56.062;FEXD SI 20261218 CS;SIMPLE_INSTRUMENT;BLOCK;EUR;48;159.00000000;500;EXCHANGE_LAST;;1;1;XEUR;2163053;693;
13.02.2025;12:26:15.720;FEXD SI 20281215 CS;SIMPLE_INSTRUMENT;BLOCK;EUR;49;149.00000000;500;EXCHANGE_LAST;;1;1;XEUR;3680985;693;
13.02.2025;14:16:25.842;FEXD SI 20261218 CS;SIMPLE_INSTRUMENT;BLOCK;EUR;62;159.00000000;1000;EXCHANGE_LAST;;1;1;XEUR;2163053;693;
13.02.2025;14:16:28.634;FEXD SI 20281215 CS;SIMPLE_INSTRUMENT;BLOCK;EUR;63;149.20000000;1000;EXCHANGE_LAST;;1;1;XEUR;3680985;693;
13.02.2025;15:33:49.292;FEXD SI 20261218 CS;SIMPLE_INSTRUMENT;BLOCK;EUR;69;159.30000000;500;EXCHANGE_LAST;;1;1;XEUR;2163053;693;
13.02.2025;15:33:55.391;FEXD SI 20261218 CS;SIMPLE_INSTRUMENT;BLOCK;EUR;70;159.40000000;500;EXCHANGE_LAST;;1;1;XEUR;2163053;693;
13.02.2025;15:46:03.620;FEXD SI 20281215 CS;SIMPLE_INSTRUMENT;BLOCK;EUR;71;149.90000000;1000;EXCHANGE_LAST;;1;1;XEUR;3680985;693;
13.02.2025;15:46:15.621;FEXD SI 20281215 CS;SIMPLE_INSTRUMENT;BLOCK;EUR;72;150.00000000;1000;EXCHANGE_LAST;;1;1;XEUR;3680985;693;
13.02.2025;15:38:45.242;FEXD SI 20281215 CS;SIMPLE_INSTRUMENT;BLOCK;EUR;73;149.70000000;250;EXCHANGE_LAST;;1;1;XEUR;3680985;693;
13.02.2025;15:38:46.350;FEXD SI 20281215 CS;SIMPLE_INSTRUMENT;BLOCK;EUR;74;149.80000000;250;EXCHANGE_LAST;;1;1;XEUR;3680985;693;
13.02.2025;15:43:42.017;FEXD SI 20281215 CS;SIMPLE_INSTRUMENT;BLOCK;EUR;76;149.70000000;125;EXCHANGE_LAST;;1;1;XEUR;3680985;693;
13.02.2025;15:49:54.556;FEXD SI 20281215 CS;SIMPLE_INSTRUMENT;BLOCK;EUR;77;149.70000000;125;EXCHANGE_LAST;;1;1;XEUR;3680985;693;
13.02.2025;16:13:47.203;FEXD SI 20261218 CS;SIMPLE_INSTRUMENT;BLOCK;EUR;79;159.50000000;250;EXCHANGE_LAST;;1;1;XEUR;2163053;693;
13.02.2025;08:04:14.897;FGBL SI 20250306 PS;SIMPLE_INSTRUMENT;EFS;EUR;1;132.22000000;250;EXCHANGE_LAST;;1;1;XEUR;11286679;688;
13.02.2025;08:13:36.154;FGBL SI 20250306 PS;SIMPLE_INSTRUMENT;EFS;EUR;2;132.27000000;417;EXCHANGE_LAST;;1;1;XEUR;11286679;688;
13.02.2025;08:14:57.047;FGBL SI 20250306 PS;SIMPLE_INSTRUMENT;EFS;EUR;3;132.24000000;455;EXCHANGE_LAST;;1;1;XEUR;11286679;688;
13.02.2025;08:18:10.750;FGBL SI 20250306 PS;SIMPLE_INSTRUMENT;EFS;EUR;4;132.26000000;150;EXCHANGE_LAST;;1;1;XEUR;11286679;688;
13.02.2025;08:28:17.781;FGBL SI 20250306 PS;SIMPLE_INSTRUMENT;EFS;EUR;5;132.32000000;834;EXCHANGE_LAST;;1;1;XEUR;11286679;688;
13.02.2025;08:39:02.852;FGBL SI 20250306 PS;SIMPLE_INSTRUMENT;EFS;EUR;6;132.30000000;1252;EXCHANGE_LAST;;1;1;XEUR;11286679;688;
13.02.2025;08:44:07.149;FGBL SI 20250306 PS;SIMPLE_INSTRUMENT;EFS;EUR;7;132.31000000;417;EXCHANGE_LAST;;1;1;XEUR;11286679;688;
13.02.2025;08:53:25.624;FGBL SI 20250306 PS;SIMPLE_INSTRUMENT;EFS;EUR;10;132.32000000;589;EXCHANGE_LAST;;1;1;XEUR;11286679;688;
13.02.2025;08:49:04.765;FGBL SI 20250306 PS;SIMPLE_INSTRUMENT;EFS;EUR;11;132.31000000;208;EXCHANGE_LAST;;1;1;XEUR;11286679;688;
13.02.2025;08:50:00.162;FGBL SI 20250306 PS;SIMPLE_INSTRUMENT;EFS;EUR;12;132.31000000;208;EXCHANGE_LAST;;1;1;XEUR;11286679;688;
13.02.2025;08:52:02.979;FGBL SI 20250306 PS;SIMPLE_INSTRUMENT;EFS;EUR;13;132.31000000;452;EXCHANGE_LAST;;1;1;XEUR;11286679;688;
13.02.2025;08:58:10.387;FGBL SI 20250306 PS;SIMPLE_INSTRUMENT;EFS;EUR;14;132.29000000;208;EXCHANGE_LAST;;1;1;XEUR;11286679;688;
13.02.2025;09:12:42.305;FGBL SI 20250306 PS;SIMPLE_INSTRUMENT;EFS;EUR;16;132.31000000;417;EXCHANGE_LAST;;1;1;XEUR;11286679;688;
13.02.2025;09:16:55.676;FGBL SI 20250306 PS;SIMPLE_INSTRUMENT;EFS;EUR;17;132.32000000;226;EXCHANGE_LAST;;1;1;XEUR;11286679;688;
13.02.2025;09:17:26.082;FGBL SI 20250306 PS;SIMPLE_INSTRUMENT;EFS;EUR;18;132.30000000;209;EXCHANGE_LAST;;1;1;XEUR;11286679;688;
13.02.2025;09:20:22.793;FGBL SI 20250306 PS;SIMPLE_INSTRUMENT;EFS;EUR;19;132.31000000;417;EXCHANGE_LAST;;1;1;XEUR;11286679;688;
13.02.2025;09:23:50.194;FGBL SI 20250306 PS;SIMPLE_INSTRUMENT;EFS;EUR;20;132.31000000;226;EXCHANGE_LAST;;1;1;XEUR;11286679;688;
13.02.2025;09:31:45.032;FGBL SI 20250306 PS;SIMPLE_INSTRUMENT;EFS;EUR;21;132.32000000;454;EXCHANGE_LAST;;1;1;XEUR;11286679;688;
13.02.2025;09:32:23.501;FGBL SI 20250306 PS;SIMPLE_INSTRUMENT;EFS;EUR;22;132.30000000;1881;EXCHANGE_LAST;;1;1;XEUR;11286679;688;
13.02.2025;09:38:48.994;FGBL SI 20250306 PS;SIMPLE_INSTRUMENT;EFS;EUR;24;132.29000000;250;EXCHANGE_LAST;;1;1;XEUR;11286679;688;
13.02.2025;09:39:23.893;FGBL SI 20250306 PS;SIMPLE_INSTRUMENT;EFS;EUR;25;132.32000000;944;EXCHANGE_LAST;;1;1;XEUR;11286679;688;
13.02.2025;09:40:12.006;FGBL SI 20250306 PS;SIMPLE_INSTRUMENT;EFP_FIN;EUR;26;132.30000000;809;EXCHANGE_LAST;;1;1;XEUR;11286679;688;
13.02.2025;09:58:08.297;FGBL SI 20250306 PS;SIMPLE_INSTRUMENT;EFS;EUR;27;132.34000000;397;EXCHANGE_LAST;;1;1;XEUR;11286679;688;
13.02.2025;10:00:25.150;FGBL SI 20250306 PS;SIMPLE_INSTRUMENT;EFS;EUR;28;132.33000000;919;EXCHANGE_LAST;;1;1;XEUR;11286679;688;
13.02.2025;10:04:22.116;FGBL SI 20250306 PS;SIMPLE_INSTRUMENT;EFS;EUR;29;132.34000000;417;EXCHANGE_LAST;;1;1;XEUR;11286679;688;
13.02.2025;10:23:32.466;FGBL SI 20250306 PS;SIMPLE_INSTRUMENT;EFS;EUR;30;132.38000000;416;EXCHANGE_LAST;;1;1;XEUR;11286679;688;
13.02.2025;10:25:44.210;FGBL SI 20250306 PS;SIMPLE_INSTRUMENT;EFS;EUR;31;132.35000000;250;EXCHANGE_LAST;;1;1;XEUR;11286679;688;
13.02.2025;10:30:53.318;FGBL SI 20250306 PS;SIMPLE_INSTRUMENT;EFP_FIN;EUR;32;132.33000000;155;EXCHANGE_LAST;;1;1;XEUR;11286679;688;
13.02.2025;10:31:45.453;FGBL SI 20250306 PS;SIMPLE_INSTRUMENT;EFP_FIN;EUR;33;132.30000000;412;EXCHANGE_LAST;;1;1;XEUR;11286679;688;
13.02.2025;10:32:20.808;FGBL SI 20250306 PS;SIMPLE_INSTRUMENT;EFP_FIN;EUR;34;132.34000000;1486;EXCHANGE_LAST;;1;1;XEUR;11286679;688;
13.02.2025;10:51:06.500;FGBL SI 20250306 PS;SIMPLE_INSTRUMENT;EFS;EUR;36;132.47000000;208;EXCHANGE_LAST;;1;1;XEUR;11286679;688;
13.02.2025;10:52:04.606;FGBL SI 20250306 PS;SIMPLE_INSTRUMENT;EFS;EUR;37;132.47000000;226;EXCHANGE_LAST;;1;1;XEUR;11286679;688;
13.02.2025;10:52:39.015;FGBL SI 20250306 PS;SIMPLE_INSTRUMENT;EFS;EUR;38;132.47000000;233;EXCHANGE_LAST;;1;1;XEUR;11286679;688;
13.02.2025;10:52:57.886;FGBL SI 20250306 PS;SIMPLE_INSTRUMENT;EFS;EUR;39;132.44000000;707;EXCHANGE_LAST;;1;1;XEUR;11286679;688;
13.02.2025;10:55:34.935;FGBL SI 20250306 PS;SIMPLE_INSTRUMENT;EFS;EUR;40;132.46000000;226;EXCHANGE_LAST;;1;1;XEUR;11286679;688;
13.02.2025;11:01:14.439;FGBL SI 20250306 PS;SIMPLE_INSTRUMENT;EFP_FIN;EUR;41;132.32000000;230;EXCHANGE_LAST;;1;1;XEUR;11286679;688;
13.02.2025;11:02:30.903;FGBL SI 20250306 PS;SIMPLE_INSTRUMENT;EFP_FIN;EUR;42;132.32000000;327;EXCHANGE_LAST;;1;1;XEUR;11286679;688;
13.02.2025;11:17:43.196;FGBL SI 20250306 PS;SIMPLE_INSTRUMENT;EFS;EUR;43;132.51000000;292;EXCHANGE_LAST;;1;1;XEUR;11286679;688;
13.02.2025;11:18:53.308;FGBL SI 20250306 PS;SIMPLE_INSTRUMENT;EFP_FIN;EUR;44;132.31000000;405;EXCHANGE_LAST;;1;1;XEUR;11286679;688;
13.02.2025;11:22:08.647;FGBL SI 20250306 PS;SIMPLE_INSTRUMENT;EFS;EUR;45;132.51000000;416;EXCHANGE_LAST;;1;1;XEUR;11286679;688;
13.02.2025;11:22:12.992;FGBL SI 20250306 PS;SIMPLE_INSTRUMENT;EFS;EUR;46;132.50000000;706;EXCHANGE_LAST;;1;1;XEUR;11286679;688;
13.02.2025;11:24:01.952;FGBL SI 20250306 PS;SIMPLE_INSTRUMENT;EFS;EUR;47;132.52000000;416;EXCHANGE_LAST;;1;1;XEUR;11286679;688;
13.02.2025;11:27:58.209;FGBL SI 20250306 PS;SIMPLE_INSTRUMENT;EFS;EUR;48;132.36000000;943;EXCHANGE_LAST;;1;1;XEUR;11286679;688;
13.02.2025;11:30:19.166;FGBL SI 20250306 PS;SIMPLE_INSTRUMENT;EFS;EUR;49;132.52000000;2081;EXCHANGE_LAST;;1;1;XEUR;11286679;688;
13.02.2025;11:32:01.091;FGBL SI 20250306 PS;SIMPLE_INSTRUMENT;EFS;EUR;50;132.52000000;2081;EXCHANGE_LAST;;1;1;XEUR;11286679;688;
13.02.2025;11:32:29.348;FGBL SI 20250306 PS;SIMPLE_INSTRUMENT;EFS;EUR;51;132.54000000;402;EXCHANGE_LAST;;1;1;XEUR;11286679;688;
13.02.2025;11:36:55.871;FGBL SI 20250306 PS;SIMPLE_INSTRUMENT;EFS;EUR;52;132.52000000;416;EXCHANGE_LAST;;1;1;XEUR;11286679;688;
13.02.2025;11:38:52.496;FGBL SI 20250306 PS;SIMPLE_INSTRUMENT;EFS;EUR;53;132.52000000;416;EXCHANGE_LAST;;1;1;XEUR;11286679;688;
13.02.2025;11:39:11.448;FGBL SI 20250306 PS;SIMPLE_INSTRUMENT;EFS;EUR;54;132.54000000;417;EXCHANGE_LAST;;1;1;XEUR;11286679;688;
13.02.2025;11:39:26.050;FGBL SI 20250306 PS;SIMPLE_INSTRUMENT;EFS;EUR;55;132.54000000;416;EXCHANGE_LAST;;1;1;XEUR;11286679;688;
13.02.2025;11:39:55.916;FGBL SI 20250306 PS;SIMPLE_INSTRUMENT;EFS;EUR;56;132.53000000;471;EXCHANGE_LAST;;1;1;XEUR;11286679;688;
13.02.2025;11:41:30.401;FGBL SI 20250306 PS;SIMPLE_INSTRUMENT;EFP_FIN;EUR;57;132.52000000;378;EXCHANGE_LAST;;1;1;XEUR;11286679;688;
13.02.2025;11:41:25.154;FGBL SI 20250306 PS;SIMPLE_INSTRUMENT;EFS;EUR;58;132.52000000;565;EXCHANGE_LAST;;1;1;XEUR;11286679;688;
13.02.2025;11:42:12.035;FGBL SI 20250306 PS;SIMPLE_INSTRUMENT;EFP_FIN;EUR;59;132.53000000;139;EXCHANGE_LAST;;1;1;XEUR;11286679;688;
13.02.2025;11:44:10.344;FGBL SI 20250306 PS;SIMPLE_INSTRUMENT;EFS;EUR;60;132.55000000;208;EXCHANGE_LAST;;1;1;XEUR;11286679;688;
13.02.2025;11:45:45.229;FGBL SI 20250306 PS;SIMPLE_INSTRUMENT;EFS;EUR;61;132.54000000;200;EXCHANGE_LAST;;1;1;XEUR;11286679;688;
13.02.2025;11:47:01.418;FGBL SI 20250306 PS;SIMPLE_INSTRUMENT;EFS;EUR;62;132.55000000;208;EXCHANGE_LAST;;1;1;XEUR;11286679;688;
13.02.2025;11:50:41.883;FGBL SI 20250306 PS;SIMPLE_INSTRUMENT;EFS;EUR;64;132.71000000;208;EXCHANGE_LAST;;1;1;XEUR;11286679;688;
13.02.2025;11:50:50.842;FGBL SI 20250306 PS;SIMPLE_INSTRUMENT;EFS;EUR;65;132.55000000;416;EXCHANGE_LAST;;1;1;XEUR;11286679;688;
13.02.2025;11:51:37.281;FGBL SI 20250306 PS;SIMPLE_INSTRUMENT;EFS;EUR;66;132.68000000;208;EXCHANGE_LAST;;1;1;XEUR;11286679;688;
13.02.2025;11:57:14.269;FGBL SI 20250306 PS;SIMPLE_INSTRUMENT;EFS;EUR;67;132.50000000;706;EXCHANGE_LAST;;1;1;XEUR;11286679;688;
13.02.2025;11:58:26.204;FGBL SI 20250306 PS;SIMPLE_INSTRUMENT;EFS;EUR;68;132.68000000;208;EXCHANGE_LAST;;1;1;XEUR;11286679;688;
13.02.2025;11:59:27.108;FGBL SI 20250306 PS;SIMPLE_INSTRUMENT;EFS;EUR;69;132.69000000;705;EXCHANGE_LAST;;1;1;XEUR;11286679;688;
13.02.2025;12:01:16.941;FGBL SI 20250306 PS;SIMPLE_INSTRUMENT;EFS;EUR;70;132.53000000;659;EXCHANGE_LAST;;1;1;XEUR;11286679;688;
13.02.2025;12:03:29.352;FGBL SI 20250306 PS;SIMPLE_INSTRUMENT;EFS;EUR;71;132.69000000;416;EXCHANGE_LAST;;1;1;XEUR;11286679;688;
13.02.2025;12:03:29.397;FGBL SI 20250306 PS;SIMPLE_INSTRUMENT;EFS;EUR;72;132.67000000;416;EXCHANGE_LAST;;1;1;XEUR;11286679;688;
13.02.2025;12:03:29.502;FGBL SI 20250306 PS;SIMPLE_INSTRUMENT;EFS;EUR;73;132.64000000;416;EXCHANGE_LAST;;1;1;XEUR;11286679;688;
13.02.2025;12:03:44.354;FGBL SI 20250306 PS;SIMPLE_INSTRUMENT;EFS;EUR;74;132.68000000;416;EXCHANGE_LAST;;1;1;XEUR;11286679;688;
13.02.2025;12:04:42.757;FGBL SI 20250306 PS;SIMPLE_INSTRUMENT;EFS;EUR;75;132.69000000;443;EXCHANGE_LAST;;1;1;XEUR;11286679;688;
13.02.2025;12:05:21.296;FGBL SI 20250306 PS;SIMPLE_INSTRUMENT;EFP_FIN;EUR;76;132.54000000;1348;EXCHANGE_LAST;;1;1;XEUR;11286679;688;
13.02.2025;12:10:04.667;FGBL SI 20250306 PS;SIMPLE_INSTRUMENT;EFS;EUR;77;132.68000000;1129;EXCHANGE_LAST;;1;1;XEUR;11286679;688;
13.02.2025;12:13:24.793;FGBL SI 20250306 PS;SIMPLE_INSTRUMENT;EFS;EUR;78;132.70000000;470;EXCHANGE_LAST;;1;1;XEUR;11286679;688;
13.02.2025;12:19:38.643;FGBL SI 20250306 PS;SIMPLE_INSTRUMENT;EFS;EUR;79;132.72000000;832;EXCHANGE_LAST;;1;1;XEUR;11286679;688;
13.02.2025;12:24:45.355;FGBL SI 20250306 PS;SIMPLE_INSTRUMENT;EFS;EUR;80;132.50000000;659;EXCHANGE_LAST;;1;1;XEUR;11286679;688;
13.02.2025;12:25:29.104;FGBL SI 20250306 PS;SIMPLE_INSTRUMENT;EFS;EUR;81;132.72000000;208;EXCHANGE_LAST;;1;1;XEUR;11286679;688;
13.02.2025;12:35:12.604;FGBL SI 20250306 PS;SIMPLE_INSTRUMENT;EFP_FIN;EUR;82;132.65000000;93;EXCHANGE_LAST;;1;1;XEUR;11286679;688;
13.02.2025;12:38:15.261;FGBL SI 20250306 PS;SIMPLE_INSTRUMENT;EFP_FIN;EUR;83;132.70000000;192;EXCHANGE_LAST;;1;1;XEUR;11286679;688;
13.02.2025;12:44:38.365;FGBL SI 20250306 PS;SIMPLE_INSTRUMENT;EFP_FIN;EUR;84;132.70000000;307;EXCHANGE_LAST;;1;1;XEUR;11286679;688;
13.02.2025;12:45:09.446;FGBL SI 20250306 PS;SIMPLE_INSTRUMENT;EFP_FIN;EUR;85;132.70000000;729;EXCHANGE_LAST;;1;1;XEUR;11286679;688;
13.02.2025;12:45:44.717;FGBL SI 20250306 PS;SIMPLE_INSTRUMENT;EFP_FIN;EUR;86;132.70000000;575;EXCHANGE_LAST;;1;1;XEUR;11286679;688;
13.02.2025;12:47:05.730;FGBL SI 20250306 PS;SIMPLE_INSTRUMENT;EFP_FIN;EUR;87;132.70000000;384;EXCHANGE_LAST;;1;1;XEUR;11286679;688;
13.02.2025;12:51:08.636;FGBL SI 20250306 PS;SIMPLE_INSTRUMENT;EFS;EUR;88;132.72000000;200;EXCHANGE_LAST;;1;1;XEUR;11286679;688;
13.02.2025;12:53:59.478;FGBL SI 20250306 PS;SIMPLE_INSTRUMENT;EFP_FIN;EUR;89;132.70000000;384;EXCHANGE_LAST;;1;1;XEUR;11286679;688;
13.02.2025;13:06:23.117;FGBL SI 20250306 PS;SIMPLE_INSTRUMENT;EFS;EUR;90;132.25000000;227;EXCHANGE_LAST;;1;1;XEUR;11286679;688;
13.02.2025;13:07:50.725;FGBL SI 20250306 PS;SIMPLE_INSTRUMENT;EFS;EUR;91;132.68000000;416;EXCHANGE_LAST;;1;1;XEUR;11286679;688;
13.02.2025;13:07:44.662;FGBL SI 20250306 PS;SIMPLE_INSTRUMENT;EFS;EUR;92;132.64000000;251;EXCHANGE_LAST;;1;1;XEUR;11286679;688;
13.02.2025;13:07:54.670;FGBL SI 20250306 PS;SIMPLE_INSTRUMENT;EFS;EUR;93;132.69000000;503;EXCHANGE_LAST;;1;1;XEUR;11286679;688;
13.02.2025;13:09:04.716;FGBL SI 20250306 PS;SIMPLE_INSTRUMENT;EFS;EUR;94;132.64000000;503;EXCHANGE_LAST;;1;1;XEUR;11286679;688;
13.02.2025;13:09:14.724;FGBL SI 20250306 PS;SIMPLE_INSTRUMENT;EFS;EUR;95;132.69000000;503;EXCHANGE_LAST;;1;1;XEUR;11286679;688;
13.02.2025;13:09:24.732;FGBL SI 20250306 PS;SIMPLE_INSTRUMENT;EFS;EUR;96;132.64000000;251;EXCHANGE_LAST;;1;1;XEUR;11286679;688;
13.02.2025;13:11:57.260;FGBL SI 20250306 PS;SIMPLE_INSTRUMENT;EFS;EUR;97;132.63000000;208;EXCHANGE_LAST;;1;1;XEUR;11286679;688;
13.02.2025;13:18:28.605;FGBL SI 20250306 PS;SIMPLE_INSTRUMENT;EFS;EUR;99;132.62000000;416;EXCHANGE_LAST;;1;1;XEUR;11286679;688;
13.02.2025;13:15:00.932;FGBL SI 20250306 PS;SIMPLE_INSTRUMENT;EFS;EUR;100;132.63000000;416;EXCHANGE_LAST;;1;1;XEUR;11286679;688;
13.02.2025;13:18:31.057;FGBL SI 20250306 PS;SIMPLE_INSTRUMENT;EFS;EUR;101;132.63000000;416;EXCHANGE_LAST;;1;1;XEUR;11286679;688;
13.02.2025;13:18:51.070;FGBL SI 20250306 PS;SIMPLE_INSTRUMENT;EFS;EUR;102;132.64000000;302;EXCHANGE_LAST;;1;1;XEUR;11286679;688;
13.02.2025;13:19:11.088;FGBL SI 20250306 PS;SIMPLE_INSTRUMENT;EFS;EUR;103;132.64000000;201;EXCHANGE_LAST;;1;1;XEUR;11286679;688;
13.02.2025;13:23:17.834;FGBL SI 20250306 PS;SIMPLE_INSTRUMENT;EFS;EUR;104;132.64000000;220;EXCHANGE_LAST;;1;1;XEUR;11286679;688;
13.02.2025;13:27:21.371;FGBL SI 20250306 PS;SIMPLE_INSTRUMENT;EFS;EUR;105;132.62000000;416;EXCHANGE_LAST;;1;1;XEUR;11286679;688;
13.02.2025;13:28:11.403;FGBL SI 20250306 PS;SIMPLE_INSTRUMENT;EFS;EUR;106;132.64000000;208;EXCHANGE_LAST;;1;1;XEUR;11286679;688;
13.02.2025;13:34:27.512;FGBL SI 20250306 PS;SIMPLE_INSTRUMENT;EFP_FIN;EUR;107;132.56000000;412;EXCHANGE_LAST;;1;1;XEUR;11286679;688;
13.02.2025;13:43:08.457;FGBL SI 20250306 PS;SIMPLE_INSTRUMENT;EFS;EUR;108;132.67000000;416;EXCHANGE_LAST;;1;1;XEUR;11286679;688;
13.02.2025;13:44:05.991;FGBL SI 20250306 PS;SIMPLE_INSTRUMENT;EFS;EUR;109;132.65000000;660;EXCHANGE_LAST;;1;1;XEUR;11286679;688;
13.02.2025;13:47:43.869;FGBL SI 20250306 PS;SIMPLE_INSTRUMENT;EFS;EUR;110;132.72000000;624;EXCHANGE_LAST;;1;1;XEUR;11286679;688;
13.02.2025;13:47:03.104;FGBL SI 20250306 PS;SIMPLE_INSTRUMENT;EFS;EUR;111;132.72000000;208;EXCHANGE_LAST;;1;1;XEUR;11286679;688;
13.02.2025;14:03:37.855;FGBL SI 20250306 PS;SIMPLE_INSTRUMENT;EFS;EUR;112;132.76000000;416;EXCHANGE_LAST;;1;1;XEUR;11286679;688;
13.02.2025;14:04:01.664;FGBL SI 20250306 PS;SIMPLE_INSTRUMENT;EFP_FIN;EUR;113;132.70000000;1742;EXCHANGE_LAST;;1;1;XEUR;11286679;688;
13.02.2025;14:04:37.289;FGBL SI 20250306 PS;SIMPLE_INSTRUMENT;EFS;EUR;114;132.81000000;208;EXCHANGE_LAST;;1;1;XEUR;11286679;688;
13.02.2025;14:08:37.519;FGBL SI 20250306 PS;SIMPLE_INSTRUMENT;EFP_FIN;EUR;115;132.78000000;496;EXCHANGE_LAST;;1;1;XEUR;11286679;688;
13.02.2025;14:18:25.669;FGBL SI 20250306 PS;SIMPLE_INSTRUMENT;EFP_FIN;EUR;116;132.78000000;77;EXCHANGE_LAST;;1;1;XEUR;11286679;688;
13.02.2025;14:18:43.187;FGBL SI 20250306 PS;SIMPLE_INSTRUMENT;EFS;EUR;117;132.80000000;441;EXCHANGE_LAST;;1;1;XEUR;11286679;688;
13.02.2025;14:20:42.676;FGBL SI 20250306 PS;SIMPLE_INSTRUMENT;EFS;EUR;118;132.83000000;416;EXCHANGE_LAST;;1;1;XEUR;11286679;688;
13.02.2025;14:21:33.371;FGBL SI 20250306 PS;SIMPLE_INSTRUMENT;EFS;EUR;119;132.83000000;441;EXCHANGE_LAST;;1;1;XEUR;11286679;688;
13.02.2025;14:23:40.526;FGBL SI 20250306 PS;SIMPLE_INSTRUMENT;EFS;EUR;120;132.83000000;940;EXCHANGE_LAST;;1;1;XEUR;11286679;688;
13.02.2025;14:26:28.715;FGBL SI 20250306 PS;SIMPLE_INSTRUMENT;EFS;EUR;121;132.81000000;416;EXCHANGE_LAST;;1;1;XEUR;11286679;688;
13.02.2025;14:28:27.635;FGBL SI 20250306 PS;SIMPLE_INSTRUMENT;EFS;EUR;122;132.83000000;470;EXCHANGE_LAST;;1;1;XEUR;11286679;688;
13.02.2025;14:29:09.212;FGBL SI 20250306 PS;SIMPLE_INSTRUMENT;EFS;EUR;123;132.83000000;469;EXCHANGE_LAST;;1;1;XEUR;11286679;688;
13.02.2025;14:30:32.846;FGBL SI 20250306 PS;SIMPLE_INSTRUMENT;EFS;EUR;124;132.83000000;470;EXCHANGE_LAST;;1;1;XEUR;11286679;688;
13.02.2025;14:32:42.608;FGBL SI 20250306 PS;SIMPLE_INSTRUMENT;EFS;EUR;125;132.84000000;470;EXCHANGE_LAST;;1;1;XEUR;11286679;688;
13.02.2025;14:38:44.218;FGBL SI 20250306 PS;SIMPLE_INSTRUMENT;EFS;EUR;126;132.84000000;469;EXCHANGE_LAST;;1;1;XEUR;11286679;688;
13.02.2025;14:39:54.367;FGBL SI 20250306 PS;SIMPLE_INSTRUMENT;EFS;EUR;127;132.89000000;416;EXCHANGE_LAST;;1;1;XEUR;11286679;688;
13.02.2025;14:41:02.956;FGBL SI 20250306 PS;SIMPLE_INSTRUMENT;EFS;EUR;128;132.86000000;416;EXCHANGE_LAST;;1;1;XEUR;11286679;688;
13.02.2025;14:41:17.745;FGBL SI 20250306 PS;SIMPLE_INSTRUMENT;EFS;EUR;129;132.82000000;939;EXCHANGE_LAST;;1;1;XEUR;11286679;688;
13.02.2025;14:41:13.632;FGBL SI 20250306 PS;SIMPLE_INSTRUMENT;EFP_FIN;EUR;130;132.85000000;1335;EXCHANGE_LAST;;1;1;XEUR;11286679;688;
13.02.2025;14:45:38.530;FGBL SI 20250306 PS;SIMPLE_INSTRUMENT;EFS;EUR;131;132.85000000;249;EXCHANGE_LAST;;1;1;XEUR;11286679;688;
13.02.2025;14:47:02.763;FGBL SI 20250306 PS;SIMPLE_INSTRUMENT;EFS;EUR;132;132.85000000;416;EXCHANGE_LAST;;1;1;XEUR;11286679;688;
13.02.2025;14:48:52.014;FGBL SI 20250306 PS;SIMPLE_INSTRUMENT;EFS;EUR;133;132.90000000;94;EXCHANGE_LAST;;1;1;XEUR;11286679;688;
13.02.2025;14:49:05.746;FGBL SI 20250306 PS;SIMPLE_INSTRUMENT;EFS;EUR;134;132.89000000;1324;EXCHANGE_LAST;;1;1;XEUR;11286679;688;
13.02.2025;14:49:37.061;FGBL SI 20250306 PS;SIMPLE_INSTRUMENT;EFS;EUR;135;132.90000000;225;EXCHANGE_LAST;;1;1;XEUR;11286679;688;
13.02.2025;14:50:59.809;FGBL SI 20250306 PS;SIMPLE_INSTRUMENT;EFS;EUR;136;132.85000000;302;EXCHANGE_LAST;;1;1;XEUR;11286679;688;
13.02.2025;14:51:04.815;FGBL SI 20250306 PS;SIMPLE_INSTRUMENT;EFS;EUR;137;132.85000000;416;EXCHANGE_LAST;;1;1;XEUR;11286679;688;
13.02.2025;14:52:01.126;FGBL SI 20250306 PS;SIMPLE_INSTRUMENT;EFS;EUR;138;132.85000000;416;EXCHANGE_LAST;;1;1;XEUR;11286679;688;
13.02.2025;14:52:16.427;FGBL SI 20250306 PS;SIMPLE_INSTRUMENT;EFS;EUR;139;132.84000000;451;EXCHANGE_LAST;;1;1;XEUR;11286679;688;
13.02.2025;14:54:15.050;FGBL SI 20250306 PS;SIMPLE_INSTRUMENT;EFS;EUR;140;132.85000000;226;EXCHANGE_LAST;;1;1;XEUR;11286679;688;
13.02.2025;14:54:58.276;FGBL SI 20250306 PS;SIMPLE_INSTRUMENT;EFS;EUR;141;132.81000000;410;EXCHANGE_LAST;;1;1;XEUR;11286679;688;
13.02.2025;14:55:18.597;FGBL SI 20250306 PS;SIMPLE_INSTRUMENT;EFS;EUR;142;132.84000000;188;EXCHANGE_LAST;;1;1;XEUR;11286679;688;
13.02.2025;14:56:08.536;FGBL SI 20250306 PS;SIMPLE_INSTRUMENT;EFS;EUR;143;132.33000000;227;EXCHANGE_LAST;;1;1;XEUR;11286679;688;
13.02.2025;14:56:23.520;FGBL SI 20250306 PS;SIMPLE_INSTRUMENT;EFS;EUR;144;132.84000000;200;EXCHANGE_LAST;;1;1;XEUR;11286679;688;
13.02.2025;14:56:31.022;FGBL SI 20250306 PS;SIMPLE_INSTRUMENT;EFS;EUR;145;132.90000000;416;EXCHANGE_LAST;;1;1;XEUR;11286679;688;
13.02.2025;14:56:33.167;FGBL SI 20250306 PS;SIMPLE_INSTRUMENT;EFS;EUR;146;132.84000000;150;EXCHANGE_LAST;;1;1;XEUR;11286679;688;
13.02.2025;14:58:47.803;FGBL SI 20250306 PS;SIMPLE_INSTRUMENT;EFS;EUR;147;132.89000000;416;EXCHANGE_LAST;;1;1;XEUR;11286679;688;
13.02.2025;15:02:07.427;FGBL SI 20250306 PS;SIMPLE_INSTRUMENT;EFS;EUR;148;132.87000000;316;EXCHANGE_LAST;;1;1;XEUR;11286679;688;
13.02.2025;15:03:09.882;FGBL SI 20250306 PS;SIMPLE_INSTRUMENT;EFS;EUR;149;132.89000000;220;EXCHANGE_LAST;;1;1;XEUR;11286679;688;
13.02.2025;15:03:31.291;FGBL SI 20250306 PS;SIMPLE_INSTRUMENT;EFS;EUR;150;132.82000000;208;EXCHANGE_LAST;;1;1;XEUR;11286679;688;
13.02.2025;15:04:41.347;FGBL SI 20250306 PS;SIMPLE_INSTRUMENT;EFS;EUR;151;132.81000000;208;EXCHANGE_LAST;;1;1;XEUR;11286679;688;
13.02.2025;15:05:55.429;FGBL SI 20250306 PS;SIMPLE_INSTRUMENT;EFS;EUR;152;132.90000000;220;EXCHANGE_LAST;;1;1;XEUR;11286679;688;
13.02.2025;15:06:24.414;FGBL SI 20250306 PS;SIMPLE_INSTRUMENT;EFS;EUR;153;132.85000000;452;EXCHANGE_LAST;;1;1;XEUR;11286679;688;
13.02.2025;15:09:30.330;FGBL SI 20250306 PS;SIMPLE_INSTRUMENT;EFS;EUR;154;132.82000000;282;EXCHANGE_LAST;;1;1;XEUR;11286679;688;
13.02.2025;15:18:41.373;FGBL SI 20250306 PS;SIMPLE_INSTRUMENT;EFP_FIN;EUR;155;132.88000000;77;EXCHANGE_LAST;;1;1;XEUR;11286679;688;
13.02.2025;15:10:56.766;FGBL SI 20250306 PS;SIMPLE_INSTRUMENT;EFS;EUR;156;132.85000000;416;EXCHANGE_LAST;;1;1;XEUR;11286679;688;
13.02.2025;15:14:18.829;FGBL SI 20250306 PS;SIMPLE_INSTRUMENT;EFS;EUR;157;132.89000000;470;EXCHANGE_LAST;;1;1;XEUR;11286679;688;
13.02.2025;15:17:30.593;FGBL SI 20250306 PS;SIMPLE_INSTRUMENT;EFS;EUR;158;132.70000000;416;EXCHANGE_LAST;;1;1;XEUR;11286679;688;
13.02.2025;15:19:05.695;FGBL SI 20250306 PS;SIMPLE_INSTRUMENT;EFP_FIN;EUR;159;132.90000000;1992;EXCHANGE_LAST;;1;1;XEUR;11286679;688;
13.02.2025;15:22:51.365;FGBL SI 20250306 PS;SIMPLE_INSTRUMENT;EFS;EUR;160;132.72000000;832;EXCHANGE_LAST;;1;1;XEUR;11286679;688;
13.02.2025;15:26:06.715;FGBL SI 20250306 PS;SIMPLE_INSTRUMENT;EFS;EUR;161;132.78000000;141;EXCHANGE_LAST;;1;1;XEUR;11286679;688;
13.02.2025;15:27:14.655;FGBL SI 20250306 PS;SIMPLE_INSTRUMENT;EFS;EUR;162;132.69000000;416;EXCHANGE_LAST;;1;1;XEUR;11286679;688;
13.02.2025;15:27:22.905;FGBL SI 20250306 PS;SIMPLE_INSTRUMENT;EFS;EUR;163;132.75000000;188;EXCHANGE_LAST;;1;1;XEUR;11286679;688;
13.02.2025;15:28:08.604;FGBL SI 20250306 PS;SIMPLE_INSTRUMENT;EFS;EUR;164;132.51000000;71;EXCHANGE_LAST;;1;1;XEUR;11286679;688;
13.02.2025;15:29:21.007;FGBL SI 20250306 PS;SIMPLE_INSTRUMENT;EFS;EUR;165;132.69000000;208;EXCHANGE_LAST;;1;1;XEUR;11286679;688;
13.02.2025;15:30:19.162;FGBL SI 20250306 PS;SIMPLE_INSTRUMENT;EFS;EUR;166;132.73000000;416;EXCHANGE_LAST;;1;1;XEUR;11286679;688;
13.02.2025;15:32:18.409;FGBL SI 20250306 PS;SIMPLE_INSTRUMENT;EFS;EUR;167;132.80000000;416;EXCHANGE_LAST;;1;1;XEUR;11286679;688;
13.02.2025;15:32:35.141;FGBL SI 20250306 PS;SIMPLE_INSTRUMENT;EFS;EUR;168;132.72000000;832;EXCHANGE_LAST;;1;1;XEUR;11286679;688;
13.02.2025;15:33:06.214;FGBL SI 20250306 PS;SIMPLE_INSTRUMENT;EFS;EUR;169;132.82000000;1409;EXCHANGE_LAST;;1;1;XEUR;11286679;688;
13.02.2025;15:33:28.449;FGBL SI 20250306 PS;SIMPLE_INSTRUMENT;EFS;EUR;170;132.80000000;416;EXCHANGE_LAST;;1;1;XEUR;11286679;688;
13.02.2025;15:36:48.783;FGBL SI 20250306 PS;SIMPLE_INSTRUMENT;EFS;EUR;171;132.84000000;208;EXCHANGE_LAST;;1;1;XEUR;11286679;688;
13.02.2025;15:37:58.925;FGBL SI 20250306 PS;SIMPLE_INSTRUMENT;EFS;EUR;172;132.83000000;208;EXCHANGE_LAST;;1;1;XEUR;11286679;688;
13.02.2025;15:41:06.578;FGBL SI 20250306 PS;SIMPLE_INSTRUMENT;EFS;EUR;173;132.76000000;470;EXCHANGE_LAST;;1;1;XEUR;11286679;688;
13.02.2025;15:41:43.904;FGBL SI 20250306 PS;SIMPLE_INSTRUMENT;EFS;EUR;174;132.81000000;166;EXCHANGE_LAST;;1;1;XEUR;11286679;688;
13.02.2025;15:43:34.325;FGBL SI 20250306 PS;SIMPLE_INSTRUMENT;EFS;EUR;175;132.82000000;1351;EXCHANGE_LAST;;1;1;XEUR;11286679;688;
13.02.2025;15:46:19.971;FGBL SI 20250306 PS;SIMPLE_INSTRUMENT;EFS;EUR;176;132.75000000;1;EXCHANGE_LAST;;1;1;XEUR;11286679;688;
13.02.2025;15:47:28.946;FGBL SI 20250306 PS;SIMPLE_INSTRUMENT;EFP_FIN;EUR;177;132.78000000;1445;EXCHANGE_LAST;;1;1;XEUR;11286679;688;
13.02.2025;15:47:16.778;FGBL SI 20250306 PS;SIMPLE_INSTRUMENT;EFS;EUR;178;132.80000000;153;EXCHANGE_LAST;;1;1;XEUR;11286679;688;
13.02.2025;15:50:26.127;FGBL SI 20250306 PS;SIMPLE_INSTRUMENT;EFS;EUR;179;132.86000000;333;EXCHANGE_LAST;;1;1;XEUR;11286679;688;
13.02.2025;15:51:47.810;FGBL SI 20250306 PS;SIMPLE_INSTRUMENT;EFS;EUR;180;132.87000000;141;EXCHANGE_LAST;;1;1;XEUR;11286679;688;
13.02.2025;15:58:16.392;FGBL SI 20250306 PS;SIMPLE_INSTRUMENT;EFS;EUR;181;132.91000000;416;EXCHANGE_LAST;;1;1;XEUR;11286679;688;
13.02.2025;15:58:49.249;FGBL SI 20250306 PS;SIMPLE_INSTRUMENT;EFS;EUR;182;132.90000000;939;EXCHANGE_LAST;;1;1;XEUR;11286679;688;
13.02.2025;16:01:01.566;FGBL SI 20250306 PS;SIMPLE_INSTRUMENT;EFS;EUR;183;132.89000000;415;EXCHANGE_LAST;;1;1;XEUR;11286679;688;
13.02.2025;16:01:21.204;FGBL SI 20250306 PS;SIMPLE_INSTRUMENT;EFS;EUR;184;132.85000000;36;EXCHANGE_LAST;;1;1;XEUR;11286679;688;
13.02.2025;16:03:58.829;FGBL SI 20250306 PS;SIMPLE_INSTRUMENT;EFP_FIN;EUR;185;132.86000000;934;EXCHANGE_LAST;;1;1;XEUR;11286679;688;
13.02.2025;16:03:58.945;FGBL SI 20250306 PS;SIMPLE_INSTRUMENT;EFS;EUR;186;132.86000000;234;EXCHANGE_LAST;;1;1;XEUR;11286679;688;
13.02.2025;16:04:45.023;FGBL SI 20250306 PS;SIMPLE_INSTRUMENT;EFS;EUR;187;132.92000000;469;EXCHANGE_LAST;;1;1;XEUR;11286679;688;
13.02.2025;16:08:25.333;FGBL SI 20250306 PS;SIMPLE_INSTRUMENT;EFP_FIN;EUR;188;132.91000000;238;EXCHANGE_LAST;;1;1;XEUR;11286679;688;
13.02.2025;16:13:14.778;FGBL SI 20250306 PS;SIMPLE_INSTRUMENT;EFS;EUR;189;132.82000000;451;EXCHANGE_LAST;;1;1;XEUR;11286679;688;
13.02.2025;16:19:39.150;FGBL SI 20250306 PS;SIMPLE_INSTRUMENT;EFS;EUR;190;132.85000000;235;EXCHANGE_LAST;;1;1;XEUR;11286679;688;
13.02.2025;16:26:36.230;FGBL SI 20250306 PS;SIMPLE_INSTRUMENT;EFS;EUR;191;132.73000000;328;EXCHANGE_LAST;;1;1;XEUR;11286679;688;
13.02.2025;16:28:58.620;FGBL SI 20250306 PS;SIMPLE_INSTRUMENT;EFS;EUR;192;132.84000000;831;EXCHANGE_LAST;;1;1;XEUR;11286679;688;
13.02.2025;16:29:38.647;FGBL SI 20250306 PS;SIMPLE_INSTRUMENT;EFS;EUR;193;132.84000000;416;EXCHANGE_LAST;;1;1;XEUR;11286679;688;
13.02.2025;16:30:20.908;FGBL SI 20250306 PS;SIMPLE_INSTRUMENT;EFS;EUR;194;132.84000000;235;EXCHANGE_LAST;;1;1;XEUR;11286679;688;
13.02.2025;16:30:46.041;FGBL SI 20250306 PS;SIMPLE_INSTRUMENT;EFS;EUR;195;132.91000000;470;EXCHANGE_LAST;;1;1;XEUR;11286679;688;
13.02.2025;16:30:48.693;FGBL SI 20250306 PS;SIMPLE_INSTRUMENT;EFS;EUR;196;132.83000000;416;EXCHANGE_LAST;;1;1;XEUR;11286679;688;
13.02.2025;16:31:59.794;FGBL SI 20250306 PS;SIMPLE_INSTRUMENT;EFS;EUR;197;132.83000000;104;EXCHANGE_LAST;;1;1;XEUR;11286679;688;
13.02.2025;16:32:29.765;FGBL SI 20250306 PS;SIMPLE_INSTRUMENT;EFS;EUR;198;132.83000000;104;EXCHANGE_LAST;;1;1;XEUR;11286679;688;
13.02.2025;16:40:19.839;FGBL SI 20250306 PS;SIMPLE_INSTRUMENT;EFS;EUR;199;132.81000000;416;EXCHANGE_LAST;;1;1;XEUR;11286679;688;
13.02.2025;16:40:48.353;FGBL SI 20250306 PS;SIMPLE_INSTRUMENT;EFS;EUR;200;132.82000000;45;EXCHANGE_LAST;;1;1;XEUR;11286679;688;
13.02.2025;16:41:15.176;FGBL SI 20250306 PS;SIMPLE_INSTRUMENT;EFS;EUR;201;132.80000000;5000;EXCHANGE_LAST;;1;1;XEUR;11286679;688;
13.02.2025;16:43:44.347;FGBL SI 20250306 PS;SIMPLE_INSTRUMENT;EFS;EUR;202;132.81000000;416;EXCHANGE_LAST;;1;1;XEUR;11286679;688;
13.02.2025;16:49:09.413;FGBL SI 20250306 PS;SIMPLE_INSTRUMENT;EFS;EUR;203;132.83000000;759;EXCHANGE_LAST;;1;1;XEUR;11286679;688;
13.02.2025;16:50:34.440;FGBL SI 20250306 PS;SIMPLE_INSTRUMENT;EFS;EUR;204;132.90000000;270;EXCHANGE_LAST;;1;1;XEUR;11286679;688;
13.02.2025;16:57:19.886;FGBL SI 20250306 PS;SIMPLE_INSTRUMENT;EFS;EUR;205;132.82000000;374;EXCHANGE_LAST;;1;1;XEUR;11286679;688;
13.02.2025;16:59:11.444;FGBL SI 20250306 PS;SIMPLE_INSTRUMENT;EFS;EUR;206;132.82000000;1907;EXCHANGE_LAST;;1;1;XEUR;11286679;688;
13.02.2025;17:07:01.898;FGBL SI 20250306 PS;SIMPLE_INSTRUMENT;EFP_FIN;EUR;207;132.39000000;1356;EXCHANGE_LAST;;1;1;XEUR;11286679;688;
13.02.2025;17:08:02.862;FGBL SI 20250306 PS;SIMPLE_INSTRUMENT;EFS;EUR;208;132.79000000;207;EXCHANGE_LAST;;1;1;XEUR;11286679;688;
13.02.2025;17:09:02.086;FGBL SI 20250306 PS;SIMPLE_INSTRUMENT;EFS;EUR;209;132.85000000;470;EXCHANGE_LAST;;1;1;XEUR;11286679;688;
13.02.2025;17:10:17.289;FGBL SI 20250306 PS;SIMPLE_INSTRUMENT;EFS;EUR;210;132.85000000;94;EXCHANGE_LAST;;1;1;XEUR;11286679;688;
13.02.2025;17:21:24.735;FGBL SI 20250306 PS;SIMPLE_INSTRUMENT;EFS;EUR;211;132.85000000;93;EXCHANGE_LAST;;1;1;XEUR;11286679;688;
13.02.2025;09:23:35.661;FGBL SI 20250306 PS;SIMPLE_INSTRUMENT;VOLA;EUR;268435464;132.28000000;100;EXCHANGE_LAST;;1;1;XEUR;11286679;688;
13.02.2025;09:41:37.762;FGBL SI 20250306 PS;SIMPLE_INSTRUMENT;VOLA;EUR;268435481;132.30000000;270;EXCHANGE_LAST;;1;1;XEUR;11286679;688;
13.02.2025;10:23:51.237;FGBL SI 20250306 PS;SIMPLE_INSTRUMENT;VOLA;EUR;268435493;132.32000000;108;EXCHANGE_LAST;;1;1;XEUR;11286679;688;
13.02.2025;10:24:20.240;FGBL SI 20250306 PS;SIMPLE_INSTRUMENT;VOLA;EUR;268435494;132.32000000;108;EXCHANGE_LAST;;1;1;XEUR;11286679;688;
13.02.2025;10:45:24.396;FGBL SI 20250306 PS;SIMPLE_INSTRUMENT;VOLA;EUR;268435501;132.41000000;15;EXCHANGE_LAST;;1;1;XEUR;11286679;688;
13.02.2025;11:18:52.249;FGBL SI 20250306 PS;SIMPLE_INSTRUMENT;VOLA;EUR;268435512;132.48000000;100;EXCHANGE_LAST;;1;1;XEUR;11286679;688;
13.02.2025;11:49:05.374;FGBL SI 20250606 PS;SIMPLE_INSTRUMENT;VOLA;EUR;268435516;131.65000000;36;EXCHANGE_LAST;;1;1;XEUR;11820389;688;
13.02.2025;11:55:04.089;FGBL SI 20250606 PS;SIMPLE_INSTRUMENT;VOLA;EUR;268435520;131.66000000;45;EXCHANGE_LAST;;1;1;XEUR;11820389;688;
13.02.2025;12:21:48.569;FGBL SI 20250306 PS;SIMPLE_INSTRUMENT;VOLA;EUR;268435536;132.68000000;60;EXCHANGE_LAST;;1;1;XEUR;11286679;688;
13.02.2025;12:23:19.008;FGBL SI 20250306 PS;SIMPLE_INSTRUMENT;VOLA;EUR;268435538;132.68000000;40;EXCHANGE_LAST;;1;1;XEUR;11286679;688;
13.02.2025;12:32:04.991;FGBL SI 20250606 PS;SIMPLE_INSTRUMENT;VOLA;EUR;268435547;131.85000000;35;EXCHANGE_LAST;;1;1;XEUR;11820389;688;
13.02.2025;12:32:19.992;FGBL SI 20250606 PS;SIMPLE_INSTRUMENT;VOLA;EUR;268435548;131.85000000;35;EXCHANGE_LAST;;1;1;XEUR;11820389;688;
13.02.2025;13:52:20.608;FGBL SI 20250306 PS;SIMPLE_INSTRUMENT;VOLA;EUR;268435572;132.64000000;101;EXCHANGE_LAST;;1;1;XEUR;11286679;688;
13.02.2025;14:24:16.816;FGBL SI 20250306 PS;SIMPLE_INSTRUMENT;VOLA;EUR;268435580;132.70000000;70;EXCHANGE_LAST;;1;1;XEUR;11286679;688;
13.02.2025;16:03:29.613;FGBL SI 20250306 PS;SIMPLE_INSTRUMENT;VOLA;EUR;268435599;132.92000000;7;EXCHANGE_LAST;;1;1;XEUR;11286679;688;
13.02.2025;16:35:32.478;FGBL SI 20250606 PS;SIMPLE_INSTRUMENT;VOLA;EUR;268435613;131.98000000;65;EXCHANGE_LAST;;1;1;XEUR;11820389;688;
13.02.2025;08:16:09.969;FGBM SI 20250306 PS;SIMPLE_INSTRUMENT;EFS;EUR;2;117.24000000;1981;EXCHANGE_LAST;;1;1;XEUR;11286680;689;
13.02.2025;09:15:34.571;FGBM SI 20250306 PS;SIMPLE_INSTRUMENT;EFP_FIN;EUR;3;117.26000000;1424;EXCHANGE_LAST;;1;1;XEUR;11286680;689;
13.02.2025;09:22:10.163;FGBM SI 20250306 PS;SIMPLE_INSTRUMENT;EFS;EUR;4;117.26000000;952;EXCHANGE_LAST;;1;1;XEUR;11286680;689;
13.02.2025;09:22:33.912;FGBM SI 20250306 PS;SIMPLE_INSTRUMENT;EFP_FIN;EUR;5;117.26000000;355;EXCHANGE_LAST;;1;1;XEUR;11286680;689;
13.02.2025;09:40:45.069;FGBM SI 20250306 PS;SIMPLE_INSTRUMENT;EFP_FIN;EUR;6;117.25000000;467;EXCHANGE_LAST;;1;1;XEUR;11286680;689;
13.02.2025;09:41:02.308;FGBM SI 20250306 PS;SIMPLE_INSTRUMENT;EFP_FIN;EUR;7;117.25000000;646;EXCHANGE_LAST;;1;1;XEUR;11286680;689;
13.02.2025;09:41:20.646;FGBM SI 20250306 PS;SIMPLE_INSTRUMENT;EFP_FIN;EUR;8;117.25000000;148;EXCHANGE_LAST;;1;1;XEUR;11286680;689;
13.02.2025;09:43:34.429;FGBM SI 20250306 PS;SIMPLE_INSTRUMENT;EFP_FIN;EUR;9;117.26000000;653;EXCHANGE_LAST;;1;1;XEUR;11286680;689;
13.02.2025;09:46:32.621;FGBM SI 20250306 PS;SIMPLE_INSTRUMENT;EFS;EUR;10;117.25000000;920;EXCHANGE_LAST;;1;1;XEUR;11286680;689;
13.02.2025;09:52:06.282;FGBM SI 20250306 PS;SIMPLE_INSTRUMENT;EFS;EUR;11;117.25000000;690;EXCHANGE_LAST;;1;1;XEUR;11286680;689;
13.02.2025;09:54:54.836;FGBM SI 20250306 PS;SIMPLE_INSTRUMENT;EFP_FIN;EUR;12;117.26000000;237;EXCHANGE_LAST;;1;1;XEUR;11286680;689;
13.02.2025;09:56:32.040;FGBM SI 20250306 PS;SIMPLE_INSTRUMENT;EFS;EUR;13;117.27000000;984;EXCHANGE_LAST;;1;1;XEUR;11286680;689;
13.02.2025;09:58:23.924;FGBM SI 20250306 PS;SIMPLE_INSTRUMENT;EFS;EUR;14;117.27000000;460;EXCHANGE_LAST;;1;1;XEUR;11286680;689;
13.02.2025;10:00:00.524;FGBM SI 20250306 PS;SIMPLE_INSTRUMENT;EFS;EUR;15;117.27000000;1938;EXCHANGE_LAST;;1;1;XEUR;11286680;689;
13.02.2025;10:02:47.324;FGBM SI 20250306 PS;SIMPLE_INSTRUMENT;EFS;EUR;16;117.28000000;991;EXCHANGE_LAST;;1;1;XEUR;11286680;689;
13.02.2025;10:15:02.277;FGBM SI 20250306 PS;SIMPLE_INSTRUMENT;EFS;EUR;17;117.28000000;456;EXCHANGE_LAST;;1;1;XEUR;11286680;689;
13.02.2025;10:16:23.945;FGBM SI 20250306 PS;SIMPLE_INSTRUMENT;EFS;EUR;18;117.29000000;100;EXCHANGE_LAST;;1;1;XEUR;11286680;689;
13.02.2025;10:16:15.685;FGBM SI 20250306 PS;SIMPLE_INSTRUMENT;EFP_FIN;EUR;19;117.25000000;699;EXCHANGE_LAST;;1;1;XEUR;11286680;689;
13.02.2025;10:17:36.337;FGBM SI 20250306 PS;SIMPLE_INSTRUMENT;EFP_FIN;EUR;20;117.28000000;431;EXCHANGE_LAST;;1;1;XEUR;11286680;689;
13.02.2025;10:44:15.692;FGBM SI 20250306 PS;SIMPLE_INSTRUMENT;EFP_FIN;EUR;21;117.32000000;835;EXCHANGE_LAST;;1;1;XEUR;11286680;689;
13.02.2025;10:50:16.578;FGBM SI 20250306 PS;SIMPLE_INSTRUMENT;EFS;EUR;22;117.34000000;919;EXCHANGE_LAST;;1;1;XEUR;11286680;689;
13.02.2025;11:11:38.375;FGBM SI 20250306 PS;SIMPLE_INSTRUMENT;EFP_FIN;EUR;23;117.34000000;419;EXCHANGE_LAST;;1;1;XEUR;11286680;689;
13.02.2025;11:19:00.989;FGBM SI 20250306 PS;SIMPLE_INSTRUMENT;EFP_FIN;EUR;24;117.33000000;783;EXCHANGE_LAST;;1;1;XEUR;11286680;689;
13.02.2025;11:19:36.895;FGBM SI 20250306 PS;SIMPLE_INSTRUMENT;EFP_FIN;EUR;25;117.34000000;233;EXCHANGE_LAST;;1;1;XEUR;11286680;689;
13.02.2025;11:23:25.796;FGBM SI 20250306 PS;SIMPLE_INSTRUMENT;EFP_FIN;EUR;26;117.26000000;1959;EXCHANGE_LAST;;1;1;XEUR;11286680;689;
13.02.2025;11:27:24.523;FGBM SI 20250306 PS;SIMPLE_INSTRUMENT;EFP_FIN;EUR;27;117.35000000;909;EXCHANGE_LAST;;1;1;XEUR;11286680;689;
13.02.2025;11:41:21.046;FGBM SI 20250306 PS;SIMPLE_INSTRUMENT;EFP_FIN;EUR;28;117.37000000;337;EXCHANGE_LAST;;1;1;XEUR;11286680;689;
13.02.2025;11:41:27.113;FGBM SI 20250306 PS;SIMPLE_INSTRUMENT;EFS;EUR;29;117.37000000;919;EXCHANGE_LAST;;1;1;XEUR;11286680;689;
13.02.2025;11:43:21.705;FGBM SI 20250306 PS;SIMPLE_INSTRUMENT;EFP_FIN;EUR;30;117.37000000;159;EXCHANGE_LAST;;1;1;XEUR;11286680;689;
13.02.2025;12:08:15.246;FGBM SI 20250306 PS;SIMPLE_INSTRUMENT;EFS;EUR;31;117.45000000;1980;EXCHANGE_LAST;;1;1;XEUR;11286680;689;
13.02.2025;12:08:14.513;FGBM SI 20250306 PS;SIMPLE_INSTRUMENT;EFS;EUR;32;117.46000000;919;EXCHANGE_LAST;;1;1;XEUR;11286680;689;
13.02.2025;12:20:37.655;FGBM SI 20250306 PS;SIMPLE_INSTRUMENT;EFP_FIN;EUR;33;117.46000000;198;EXCHANGE_LAST;;1;1;XEUR;11286680;689;
13.02.2025;12:23:10.812;FGBM SI 20250306 PS;SIMPLE_INSTRUMENT;EFS;EUR;34;117.46000000;919;EXCHANGE_LAST;;1;1;XEUR;11286680;689;
13.02.2025;12:26:13.355;FGBM SI 20250306 PS;SIMPLE_INSTRUMENT;EFS;EUR;35;117.46000000;919;EXCHANGE_LAST;;1;1;XEUR;11286680;689;
13.02.2025;12:28:08.770;FGBM SI 20250306 PS;SIMPLE_INSTRUMENT;EFP_FIN;EUR;36;117.46000000;910;EXCHANGE_LAST;;1;1;XEUR;11286680;689;
13.02.2025;12:36:40.328;FGBM SI 20250306 PS;SIMPLE_INSTRUMENT;EFP_FIN;EUR;37;117.46000000;863;EXCHANGE_LAST;;1;1;XEUR;11286680;689;
13.02.2025;12:37:16.905;FGBM SI 20250306 PS;SIMPLE_INSTRUMENT;EFP_FIN;EUR;38;117.46000000;475;EXCHANGE_LAST;;1;1;XEUR;11286680;689;
13.02.2025;12:39:15.240;FGBM SI 20250306 PS;SIMPLE_INSTRUMENT;EFP_FIN;EUR;39;117.47000000;105;EXCHANGE_LAST;;1;1;XEUR;11286680;689;
13.02.2025;12:41:34.231;FGBM SI 20250306 PS;SIMPLE_INSTRUMENT;EFP_FIN;EUR;40;117.46000000;773;EXCHANGE_LAST;;1;1;XEUR;11286680;689;
13.02.2025;13:16:05.153;FGBM SI 20250306 PS;SIMPLE_INSTRUMENT;EFS;EUR;41;117.44000000;1787;EXCHANGE_LAST;;1;1;XEUR;11286680;689;
13.02.2025;13:20:03.964;FGBM SI 20250306 PS;SIMPLE_INSTRUMENT;EFS;EUR;42;117.42000000;459;EXCHANGE_LAST;;1;1;XEUR;11286680;689;
13.02.2025;13:20:29.736;FGBM SI 20250306 PS;SIMPLE_INSTRUMENT;EFS;EUR;43;117.42000000;459;EXCHANGE_LAST;;1;1;XEUR;11286680;689;
13.02.2025;14:03:31.419;FGBM SI 20250306 PS;SIMPLE_INSTRUMENT;EFS;EUR;44;117.50000000;380;EXCHANGE_LAST;;1;1;XEUR;11286680;689;
13.02.2025;14:06:55.070;FGBM SI 20250306 PS;SIMPLE_INSTRUMENT;EFS;EUR;45;117.47000000;919;EXCHANGE_LAST;;1;1;XEUR;11286680;689;
13.02.2025;14:11:33.659;FGBM SI 20250306 PS;SIMPLE_INSTRUMENT;EFS;EUR;46;117.48000000;918;EXCHANGE_LAST;;1;1;XEUR;11286680;689;
13.02.2025;14:13:33.214;FGBM SI 20250306 PS;SIMPLE_INSTRUMENT;EFS;EUR;47;117.48000000;918;EXCHANGE_LAST;;1;1;XEUR;11286680;689;
13.02.2025;14:16:36.521;FGBM SI 20250306 PS;SIMPLE_INSTRUMENT;EFS;EUR;48;117.49000000;918;EXCHANGE_LAST;;1;1;XEUR;11286680;689;
13.02.2025;14:19:45.597;FGBM SI 20250306 PS;SIMPLE_INSTRUMENT;EFS;EUR;49;117.50000000;918;EXCHANGE_LAST;;1;1;XEUR;11286680;689;
13.02.2025;14:20:42.631;FGBM SI 20250306 PS;SIMPLE_INSTRUMENT;EFS;EUR;50;117.51000000;870;EXCHANGE_LAST;;1;1;XEUR;11286680;689;
13.02.2025;14:37:30.818;FGBM SI 20250306 PS;SIMPLE_INSTRUMENT;EFP_FIN;EUR;51;117.53000000;937;EXCHANGE_LAST;;1;1;XEUR;11286680;689;
13.02.2025;14:41:37.265;FGBM SI 20250306 PS;SIMPLE_INSTRUMENT;EFS;EUR;52;117.51000000;459;EXCHANGE_LAST;;1;1;XEUR;11286680;689;
13.02.2025;14:42:08.477;FGBM SI 20250306 PS;SIMPLE_INSTRUMENT;EFS;EUR;53;117.51000000;1908;EXCHANGE_LAST;;1;1;XEUR;11286680;689;
13.02.2025;14:43:17.615;FGBM SI 20250306 PS;SIMPLE_INSTRUMENT;EFS;EUR;54;117.51000000;500;EXCHANGE_LAST;;1;1;XEUR;11286680;689;
13.02.2025;14:44:39.552;FGBM SI 20250306 PS;SIMPLE_INSTRUMENT;EFS;EUR;55;117.53000000;459;EXCHANGE_LAST;;1;1;XEUR;11286680;689;
13.02.2025;14:45:44.322;FGBM SI 20250306 PS;SIMPLE_INSTRUMENT;EFS;EUR;56;117.51000000;560;EXCHANGE_LAST;;1;1;XEUR;11286680;689;
13.02.2025;14:46:33.383;FGBM SI 20250306 PS;SIMPLE_INSTRUMENT;EFP_FIN;EUR;57;117.51000000;95;EXCHANGE_LAST;;1;1;XEUR;11286680;689;
13.02.2025;14:46:54.653;FGBM SI 20250306 PS;SIMPLE_INSTRUMENT;EFS;EUR;58;117.54000000;735;EXCHANGE_LAST;;1;1;XEUR;11286680;689;
13.02.2025;14:48:20.576;FGBM SI 20250306 PS;SIMPLE_INSTRUMENT;EFS;EUR;59;117.50000000;230;EXCHANGE_LAST;;1;1;XEUR;11286680;689;
13.02.2025;14:49:47.629;FGBM SI 20250306 PS;SIMPLE_INSTRUMENT;EFS;EUR;60;117.51000000;230;EXCHANGE_LAST;;1;1;XEUR;11286680;689;
13.02.2025;14:56:20.470;FGBM SI 20250306 PS;SIMPLE_INSTRUMENT;EFS;EUR;61;117.52000000;1836;EXCHANGE_LAST;;1;1;XEUR;11286680;689;
13.02.2025;15:00:18.367;FGBM SI 20250306 PS;SIMPLE_INSTRUMENT;EFS;EUR;62;117.54000000;918;EXCHANGE_LAST;;1;1;XEUR;11286680;689;
13.02.2025;15:01:08.169;FGBM SI 20250306 PS;SIMPLE_INSTRUMENT;EFP_FIN;EUR;63;117.46000000;860;EXCHANGE_LAST;;1;1;XEUR;11286680;689;
13.02.2025;15:03:01.139;FGBM SI 20250306 PS;SIMPLE_INSTRUMENT;EFP_FIN;EUR;64;117.34000000;367;EXCHANGE_LAST;;1;1;XEUR;11286680;689;
13.02.2025;15:08:36.452;FGBM SI 20250306 PS;SIMPLE_INSTRUMENT;EFS;EUR;65;117.53000000;869;EXCHANGE_LAST;;1;1;XEUR;11286680;689;
13.02.2025;15:08:48.850;FGBM SI 20250306 PS;SIMPLE_INSTRUMENT;EFP_FIN;EUR;66;117.50000000;950;EXCHANGE_LAST;;1;1;XEUR;11286680;689;
13.02.2025;15:11:38.669;FGBM SI 20250306 PS;SIMPLE_INSTRUMENT;EFP_FIN;EUR;67;117.53000000;309;EXCHANGE_LAST;;1;1;XEUR;11286680;689;
13.02.2025;15:18:53.375;FGBM SI 20250306 PS;SIMPLE_INSTRUMENT;EFP_FIN;EUR;68;117.52000000;86;EXCHANGE_LAST;;1;1;XEUR;11286680;689;
13.02.2025;15:13:15.860;FGBM SI 20250306 PS;SIMPLE_INSTRUMENT;EFS;EUR;69;117.51000000;459;EXCHANGE_LAST;;1;1;XEUR;11286680;689;
13.02.2025;15:14:12.942;FGBM SI 20250306 PS;SIMPLE_INSTRUMENT;EFP_FIN;EUR;70;117.52000000;1424;EXCHANGE_LAST;;1;1;XEUR;11286680;689;
13.02.2025;15:15:46.291;FGBM SI 20250306 PS;SIMPLE_INSTRUMENT;EFS;EUR;71;117.52000000;1886;EXCHANGE_LAST;;1;1;XEUR;11286680;689;
13.02.2025;15:22:20.863;FGBM SI 20250306 PS;SIMPLE_INSTRUMENT;EFP_FIN;EUR;72;117.52000000;531;EXCHANGE_LAST;;1;1;XEUR;11286680;689;
13.02.2025;15:28:23.910;FGBM SI 20250306 PS;SIMPLE_INSTRUMENT;EFS;EUR;73;117.50000000;374;EXCHANGE_LAST;;1;1;XEUR;11286680;689;
13.02.2025;15:32:33.012;FGBM SI 20250306 PS;SIMPLE_INSTRUMENT;EFS;EUR;74;117.51000000;395;EXCHANGE_LAST;;1;1;XEUR;11286680;689;
13.02.2025;15:44:05.829;FGBM SI 20250306 PS;SIMPLE_INSTRUMENT;EFS;EUR;75;117.51000000;460;EXCHANGE_LAST;;1;1;XEUR;11286680;689;
13.02.2025;15:44:15.838;FGBM SI 20250306 PS;SIMPLE_INSTRUMENT;EFS;EUR;76;117.51000000;1379;EXCHANGE_LAST;;1;1;XEUR;11286680;689;
13.02.2025;15:45:05.870;FGBM SI 20250306 PS;SIMPLE_INSTRUMENT;EFS;EUR;77;117.51000000;919;EXCHANGE_LAST;;1;1;XEUR;11286680;689;
13.02.2025;15:46:08.314;FGBM SI 20250306 PS;SIMPLE_INSTRUMENT;EFP_FIN;EUR;78;117.50000000;387;EXCHANGE_LAST;;1;1;XEUR;11286680;689;
13.02.2025;15:49:09.494;FGBM SI 20250306 PS;SIMPLE_INSTRUMENT;EFS;EUR;79;117.52000000;918;EXCHANGE_LAST;;1;1;XEUR;11286680;689;
13.02.2025;15:50:26.081;FGBM SI 20250306 PS;SIMPLE_INSTRUMENT;EFS;EUR;80;117.53000000;696;EXCHANGE_LAST;;1;1;XEUR;11286680;689;
13.02.2025;15:51:19.155;FGBM SI 20250306 PS;SIMPLE_INSTRUMENT;EFP_FIN;EUR;81;117.51000000;859;EXCHANGE_LAST;;1;1;XEUR;11286680;689;
13.02.2025;16:04:39.761;FGBM SI 20250306 PS;SIMPLE_INSTRUMENT;EFP_FIN;EUR;82;117.53000000;208;EXCHANGE_LAST;;1;1;XEUR;11286680;689;
13.02.2025;16:08:02.781;FGBM SI 20250306 PS;SIMPLE_INSTRUMENT;EFS;EUR;83;117.52000000;460;EXCHANGE_LAST;;1;1;XEUR;11286680;689;
13.02.2025;16:18:45.870;FGBM SI 20250306 PS;SIMPLE_INSTRUMENT;EFS;EUR;84;117.52000000;283;EXCHANGE_LAST;;1;1;XEUR;11286680;689;
13.02.2025;16:23:51.439;FGBM SI 20250306 PS;SIMPLE_INSTRUMENT;EFP_FIN;EUR;85;117.54000000;2157;EXCHANGE_LAST;;1;1;XEUR;11286680;689;
13.02.2025;16:23:44.406;FGBM SI 20250306 PS;SIMPLE_INSTRUMENT;EFP_FIN;EUR;86;117.53000000;408;EXCHANGE_LAST;;1;1;XEUR;11286680;689;
13.02.2025;16:31:59.749;FGBM SI 20250306 PS;SIMPLE_INSTRUMENT;EFS;EUR;87;117.52000000;217;EXCHANGE_LAST;;1;1;XEUR;11286680;689;
13.02.2025;16:33:29.809;FGBM SI 20250306 PS;SIMPLE_INSTRUMENT;EFS;EUR;88;117.52000000;217;EXCHANGE_LAST;;1;1;XEUR;11286680;689;
13.02.2025;16:45:20.634;FGBM SI 20250306 PS;SIMPLE_INSTRUMENT;EFP_FIN;EUR;89;117.53000000;91;EXCHANGE_LAST;;1;1;XEUR;11286680;689;
13.02.2025;16:47:08.133;FGBM SI 20250306 PS;SIMPLE_INSTRUMENT;EFS;EUR;90;117.52000000;494;EXCHANGE_LAST;;1;1;XEUR;11286680;689;
13.02.2025;16:50:11.331;FGBM SI 20250306 PS;SIMPLE_INSTRUMENT;EFP_FIN;EUR;91;117.53000000;6652;EXCHANGE_LAST;;1;1;XEUR;11286680;689;
13.02.2025;16:51:05.235;FGBM SI 20250306 PS;SIMPLE_INSTRUMENT;EFS;EUR;92;117.52000000;781;EXCHANGE_LAST;;1;1;XEUR;11286680;689;
13.02.2025;16:57:23.442;FGBM SI 20250306 PS;SIMPLE_INSTRUMENT;EFS;EUR;93;117.52000000;1993;EXCHANGE_LAST;;1;1;XEUR;11286680;689;
13.02.2025;17:04:36.237;FGBM SI 20250306 PS;SIMPLE_INSTRUMENT;EFS;EUR;94;117.53000000;459;EXCHANGE_LAST;;1;1;XEUR;11286680;689;
13.02.2025;17:05:00.713;FGBM SI 20250306 PS;SIMPLE_INSTRUMENT;EFS;EUR;95;117.53000000;459;EXCHANGE_LAST;;1;1;XEUR;11286680;689;
13.02.2025;17:09:05.741;FGBM SI 20250306 PS;SIMPLE_INSTRUMENT;EFS;EUR;96;117.53000000;459;EXCHANGE_LAST;;1;1;XEUR;11286680;689;
13.02.2025;17:11:21.951;FGBM SI 20250306 PS;SIMPLE_INSTRUMENT;EFS;EUR;97;117.54000000;459;EXCHANGE_LAST;;1;1;XEUR;11286680;689;
13.02.2025;09:07:06.856;FGBM SI 20250306 PS;SIMPLE_INSTRUMENT;VOLA;EUR;268435461;117.29000000;216;EXCHANGE_LAST;;1;1;XEUR;11286680;689;
13.02.2025;12:46:13.220;FGBM SI 20250306 PS;SIMPLE_INSTRUMENT;VOLA;EUR;268435553;117.47000000;310;EXCHANGE_LAST;;1;1;XEUR;11286680;689;
13.02.2025;12:46:42.172;FGBM SI 20250306 PS;SIMPLE_INSTRUMENT;VOLA;EUR;268435554;117.47000000;155;EXCHANGE_LAST;;1;1;XEUR;11286680;689;
13.02.2025;12:47:13.618;FGBM SI 20250306 PS;SIMPLE_INSTRUMENT;VOLA;EUR;268435555;117.47000000;155;EXCHANGE_LAST;;1;1;XEUR;11286680;689;
13.02.2025;15:15:19.944;FGBM SI 20250306 PS;SIMPLE_INSTRUMENT;VOLA;EUR;268435585;117.51000000;680;EXCHANGE_LAST;;1;1;XEUR;11286680;689;
13.02.2025;08:31:11.762;FGBS SI 20250306 PS;SIMPLE_INSTRUMENT;EFS;EUR;1;106.74000000;2194;EXCHANGE_LAST;;1;1;XEUR;11286681;690;
13.02.2025;08:33:40.011;FGBS SI 20250306 PS;SIMPLE_INSTRUMENT;EFS;EUR;2;106.75000000;2742;EXCHANGE_LAST;;1;1;XEUR;11286681;690;
13.02.2025;08:43:37.453;FGBS SI 20250306 PS;SIMPLE_INSTRUMENT;EFS;EUR;3;106.75000000;2467;EXCHANGE_LAST;;1;1;XEUR;11286681;690;
13.02.2025;09:05:59.152;FGBS SI 20250306 PS;SIMPLE_INSTRUMENT;EFS;EUR;4;106.74000000;2742;EXCHANGE_LAST;;1;1;XEUR;11286681;690;
13.02.2025;10:16:50.475;FGBS SI 20250306 PS;SIMPLE_INSTRUMENT;EFS;EUR;5;106.74000000;2029;EXCHANGE_LAST;;1;1;XEUR;11286681;690;
13.02.2025;10:26:49.506;FGBS SI 20250306 PS;SIMPLE_INSTRUMENT;EFS;EUR;6;106.74500000;2636;EXCHANGE_LAST;;1;1;XEUR;11286681;690;
13.02.2025;10:47:17.697;FGBS SI 20250306 PS;SIMPLE_INSTRUMENT;EFP_FIN;EUR;7;106.74000000;800;EXCHANGE_LAST;;1;1;XEUR;11286681;690;
13.02.2025;10:47:53.301;FGBS SI 20250306 PS;SIMPLE_INSTRUMENT;EFS;EUR;8;106.75000000;4113;EXCHANGE_LAST;;1;1;XEUR;11286681;690;
13.02.2025;10:57:09.823;FGBS SI 20250306 PS;SIMPLE_INSTRUMENT;EFP_FIN;EUR;9;106.75000000;110;EXCHANGE_LAST;;1;1;XEUR;11286681;690;
13.02.2025;11:04:29.989;FGBS SI 20250306 PS;SIMPLE_INSTRUMENT;EFP_FIN;EUR;10;106.75000000;701;EXCHANGE_LAST;;1;1;XEUR;11286681;690;
13.02.2025;11:07:37.085;FGBS SI 20250306 PS;SIMPLE_INSTRUMENT;EFP_FIN;EUR;11;106.75000000;1351;EXCHANGE_LAST;;1;1;XEUR;11286681;690;
13.02.2025;11:16:51.061;FGBS SI 20250306 PS;SIMPLE_INSTRUMENT;EFP_FIN;EUR;12;106.76000000;995;EXCHANGE_LAST;;1;1;XEUR;11286681;690;
13.02.2025;11:17:59.739;FGBS SI 20250306 PS;SIMPLE_INSTRUMENT;EFS;EUR;13;106.75000000;1052;EXCHANGE_LAST;;1;1;XEUR;11286681;690;
13.02.2025;11:22:02.024;FGBS SI 20250306 PS;SIMPLE_INSTRUMENT;EFS;EUR;14;106.76000000;4112;EXCHANGE_LAST;;1;1;XEUR;11286681;690;
13.02.2025;11:39:53.148;FGBS SI 20250306 PS;SIMPLE_INSTRUMENT;EFS;EUR;15;106.77000000;3289;EXCHANGE_LAST;;1;1;XEUR;11286681;690;
13.02.2025;11:52:27.384;FGBS SI 20250306 PS;SIMPLE_INSTRUMENT;EFS;EUR;16;106.77000000;4523;EXCHANGE_LAST;;1;1;XEUR;11286681;690;
13.02.2025;11:55:18.262;FGBS SI 20250306 PS;SIMPLE_INSTRUMENT;EFS;EUR;17;106.77000000;4111;EXCHANGE_LAST;;1;1;XEUR;11286681;690;
13.02.2025;11:59:51.995;FGBS SI 20250306 PS;SIMPLE_INSTRUMENT;EFS;EUR;18;106.77000000;3838;EXCHANGE_LAST;;1;1;XEUR;11286681;690;
13.02.2025;12:00:29.112;FGBS SI 20250306 PS;SIMPLE_INSTRUMENT;EFS;EUR;19;106.80000000;4109;EXCHANGE_LAST;;1;1;XEUR;11286681;690;
13.02.2025;12:23:22.351;FGBS SI 20250306 PS;SIMPLE_INSTRUMENT;EFS;EUR;20;106.77000000;3837;EXCHANGE_LAST;;1;1;XEUR;11286681;690;
13.02.2025;12:27:20.756;FGBS SI 20250306 PS;SIMPLE_INSTRUMENT;EFP_FIN;EUR;21;106.77000000;935;EXCHANGE_LAST;;1;1;XEUR;11286681;690;
13.02.2025;14:22:09.521;FGBS SI 20250306 PS;SIMPLE_INSTRUMENT;EFS;EUR;22;106.80500000;5480;EXCHANGE_LAST;;1;1;XEUR;11286681;690;
13.02.2025;14:26:50.565;FGBS SI 20250306 PS;SIMPLE_INSTRUMENT;EFS;EUR;23;106.80000000;5484;EXCHANGE_LAST;;1;1;XEUR;11286681;690;
13.02.2025;15:13:48.600;FGBS SI 20250306 PS;SIMPLE_INSTRUMENT;EFP_FIN;EUR;25;106.82000000;394;EXCHANGE_LAST;;1;1;XEUR;11286681;690;
13.02.2025;15:25:58.525;FGBS SI 20250306 PS;SIMPLE_INSTRUMENT;EFS;EUR;26;106.76500000;412;EXCHANGE_LAST;;1;1;XEUR;11286681;690;
13.02.2025;15:40:18.767;FGBS SI 20250306 PS;SIMPLE_INSTRUMENT;EFS;EUR;27;106.80500000;2739;EXCHANGE_LAST;;1;1;XEUR;11286681;690;
13.02.2025;16:04:45.023;FGBS SI 20250306 PS;SIMPLE_INSTRUMENT;EFS;EUR;28;106.83000000;2739;EXCHANGE_LAST;;1;1;XEUR;11286681;690;
13.02.2025;16:07:29.007;FGBS SI 20250306 PS;SIMPLE_INSTRUMENT;EFS;EUR;29;106.83000000;2736;EXCHANGE_LAST;;1;1;XEUR;11286681;690;
13.02.2025;16:10:24.244;FGBS SI 20250306 PS;SIMPLE_INSTRUMENT;EFS;EUR;30;106.81000000;1916;EXCHANGE_LAST;;1;1;XEUR;11286681;690;
13.02.2025;16:12:26.989;FGBS SI 20250306 PS;SIMPLE_INSTRUMENT;EFP_FIN;EUR;31;106.83000000;336;EXCHANGE_LAST;;1;1;XEUR;11286681;690;
13.02.2025;16:25:04.978;FGBS SI 20250306 PS;SIMPLE_INSTRUMENT;EFP_FIN;EUR;32;106.83000000;3696;EXCHANGE_LAST;;1;1;XEUR;11286681;690;
13.02.2025;17:07:26.279;FGBS SI 20250306 PS;SIMPLE_INSTRUMENT;EFS;EUR;33;106.82000000;1206;EXCHANGE_LAST;;1;1;XEUR;11286681;690;
13.02.2025;08:14:59.965;FGBX SI 20250306 PS;SIMPLE_INSTRUMENT;EFS;EUR;1;128.42000000;382;EXCHANGE_LAST;;1;1;XEUR;11286682;691;
13.02.2025;08:16:33.189;FGBX SI 20250306 PS;SIMPLE_INSTRUMENT;EFS;EUR;2;128.44000000;182;EXCHANGE_LAST;;1;1;XEUR;11286682;691;
13.02.2025;08:26:27.693;FGBX SI 20250306 PS;SIMPLE_INSTRUMENT;EFP_FIN;EUR;4;128.54000000;372;EXCHANGE_LAST;;1;1;XEUR;11286682;691;
13.02.2025;08:47:16.204;FGBX SI 20250306 PS;SIMPLE_INSTRUMENT;EFS;EUR;5;128.72000000;274;EXCHANGE_LAST;;1;1;XEUR;11286682;691;
13.02.2025;08:50:11.112;FGBX SI 20250306 PS;SIMPLE_INSTRUMENT;EFS;EUR;6;128.72000000;95;EXCHANGE_LAST;;1;1;XEUR;11286682;691;
13.02.2025;08:51:14.441;FGBX SI 20250306 PS;SIMPLE_INSTRUMENT;EFS;EUR;7;128.78000000;192;EXCHANGE_LAST;;1;1;XEUR;11286682;691;
13.02.2025;08:53:51.424;FGBX SI 20250306 PS;SIMPLE_INSTRUMENT;EFS;EUR;9;128.72000000;95;EXCHANGE_LAST;;1;1;XEUR;11286682;691;
13.02.2025;08:59:18.808;FGBX SI 20250306 PS;SIMPLE_INSTRUMENT;EFS;EUR;11;128.74000000;96;EXCHANGE_LAST;;1;1;XEUR;11286682;691;
13.02.2025;09:17:09.605;FGBX SI 20250306 PS;SIMPLE_INSTRUMENT;EFS;EUR;12;128.72000000;183;EXCHANGE_LAST;;1;1;XEUR;11286682;691;
13.02.2025;09:17:55.299;FGBX SI 20250306 PS;SIMPLE_INSTRUMENT;EFS;EUR;13;128.80000000;203;EXCHANGE_LAST;;1;1;XEUR;11286682;691;
13.02.2025;09:21:41.143;FGBX SI 20250306 PS;SIMPLE_INSTRUMENT;EFS;EUR;15;128.72000000;380;EXCHANGE_LAST;;1;1;XEUR;11286682;691;
13.02.2025;09:23:29.464;FGBX SI 20250306 PS;SIMPLE_INSTRUMENT;EFS;EUR;17;128.76000000;95;EXCHANGE_LAST;;1;1;XEUR;11286682;691;
13.02.2025;09:28:23.280;FGBX SI 20250306 PS;SIMPLE_INSTRUMENT;EFP_FIN;EUR;18;128.84000000;357;EXCHANGE_LAST;;1;1;XEUR;11286682;691;
13.02.2025;09:28:47.065;FGBX SI 20250306 PS;SIMPLE_INSTRUMENT;EFS;EUR;19;128.88000000;95;EXCHANGE_LAST;;1;1;XEUR;11286682;691;
13.02.2025;09:38:11.011;FGBX SI 20250306 PS;SIMPLE_INSTRUMENT;EFS;EUR;21;128.82000000;380;EXCHANGE_LAST;;1;1;XEUR;11286682;691;
13.02.2025;09:42:07.918;FGBX SI 20250306 PS;SIMPLE_INSTRUMENT;BLOCK;EUR;22;128.82000000;321;EXCHANGE_LAST;;1;1;XEUR;11286682;691;
13.02.2025;09:44:51.673;FGBX SI 20250306 PS;SIMPLE_INSTRUMENT;EFP_FIN;EUR;23;128.78000000;344;EXCHANGE_LAST;;1;1;XEUR;11286682;691;
13.02.2025;09:55:38.140;FGBX SI 20250306 PS;SIMPLE_INSTRUMENT;EFS;EUR;24;128.84000000;180;EXCHANGE_LAST;;1;1;XEUR;11286682;691;
13.02.2025;09:57:22.548;FGBX SI 20250306 PS;SIMPLE_INSTRUMENT;BLOCK;EUR;25;128.80000000;380;EXCHANGE_LAST;;1;1;XEUR;11286682;691;
13.02.2025;10:12:34.839;FGBX SI 20250306 PS;SIMPLE_INSTRUMENT;EFP_FIN;EUR;27;128.82000000;369;EXCHANGE_LAST;;1;1;XEUR;11286682;691;
13.02.2025;10:26:26.443;FGBX SI 20250306 PS;SIMPLE_INSTRUMENT;EFP_FIN;EUR;31;128.88000000;379;EXCHANGE_LAST;;1;1;XEUR;11286682;691;
13.02.2025;10:35:22.530;FGBX SI 20250306 PS;SIMPLE_INSTRUMENT;EFP_FIN;EUR;32;128.84000000;100;EXCHANGE_LAST;;1;1;XEUR;11286682;691;
13.02.2025;10:38:19.685;FGBX SI 20250306 PS;SIMPLE_INSTRUMENT;EFS;EUR;33;128.88000000;380;EXCHANGE_LAST;;1;1;XEUR;11286682;691;
