#Date;TrdTime;Contract;ContractType;TrdTyp;Currency;TesId;Prc;Qty;TrdInd;Aggressor;Buy;Sell;Exch;InstrumentId;RelatedProdId;PrcDecomp
02.12.2024;15:53:01.096;1COV SI 20241220 PS AM C 60.00 0;SIMPLE_INSTRUMENT;BLOCK;EUR;5;0.08000000;2000;EXCHANGE_LAST;;1;1;XEUR;4683796;48055;
02.12.2024;15:56:31.472;A2XA SI 20251219 CS;SIMPLE_INSTRUMENT;BLOCK;EUR;29;2.08000000;200;EXCHANGE_LAST;;2;2;XEUR;3681055;17;
02.12.2024;15:55:47.809;A2XA SI 20261218 CS;SIMPLE_INSTRUMENT;BLOCK;EUR;30;2.00000000;500;EXCHANGE_LAST;;1;1;XEUR;4632093;17;
02.12.2024;16:07:07.030;A2XA SI 20241220 CS;SIMPLE_INSTRUMENT;BLOCK;EUR;33;1.98000000;267;EXCHANGE_LAST;;1;1;XEUR;3629711;17;
02.12.2024;16:07:17.483;A2XA SI 20251219 CS;SIMPLE_INSTRUMENT;BLOCK;EUR;34;2.08000000;267;EXCHANGE_LAST;;1;1;XEUR;3681055;17;
02.12.2024;16:07:27.226;A2XA SI 20261218 CS;SIMPLE_INSTRUMENT;BLOCK;EUR;35;2.00000000;267;EXCHANGE_LAST;;1;1;XEUR;4632093;17;
02.12.2024;16:08:40.907;A2XA SI 20271217 CS;SIMPLE_INSTRUMENT;BLOCK;EUR;36;1.95000000;267;EXCHANGE_LAST;;1;1;XEUR;5914267;17;
02.12.2024;16:27:37.589;A2XA SI 20261218 CS;SIMPLE_INSTRUMENT;BLOCK;EUR;39;2.00000000;250;EXCHANGE_LAST;;1;1;XEUR;4632093;17;
02.12.2024;16:47:38.724;A2XA SI 20261218 CS;SIMPLE_INSTRUMENT;BLOCK;EUR;44;2.00000000;950;EXCHANGE_LAST;;3;3;XEUR;4632093;17;
02.12.2024;17:03:43.423;A2XA SI 20271217 CS;SIMPLE_INSTRUMENT;BLOCK;EUR;46;1.86000000;900;EXCHANGE_LAST;;5;1;XEUR;5914267;17;
02.12.2024;16:17:35.456;ABBE.O.241202.COMBO.000002;STANDARD_OPTION_STRATEGY;BLOCK;CHF;50;-0.28000000;5000;EXCHANGE_LAST;;1;1;XEUR;74525121468961242;574516;
02.12.2024;16:17:35.456;ABBE SI 20250620 PS EU C 55.00 0;SIMPLE_INSTRUMENT;BLOCK;CHF;50;1.47000000;5000;PRC_DECOMP_EXCHANGE;;;;XEUR;12220207;574516;EXCHANGE
02.12.2024;16:17:35.456;ABBE SI 20250620 PS EU P 44.00 0;SIMPLE_INSTRUMENT;BLOCK;CHF;50;1.19000000;5000;PRC_DECOMP_EXCHANGE;;;;XEUR;8536811;574516;EXCHANGE
02.12.2024;10:48:51.590;ADEN.O.241202.BER.000001;STANDARD_OPTION_STRATEGY;BLOCK;CHF;9;2.09000000;4000;EXCHANGE_LAST;;1;1;XEUR;72057783016514573;44;
02.12.2024;10:48:51.590;ADEN SI 20250321 PS AM P 26.00 0;SIMPLE_INSTRUMENT;BLOCK;CHF;9;2.96000000;4000;PRC_DECOMP_EXCHANGE;;;;XEUR;10828050;44;EXCHANGE
02.12.2024;10:48:51.590;ADEN SI 20250321 PS AM P 22.00 0;SIMPLE_INSTRUMENT;BLOCK;CHF;9;0.87000000;4000;PRC_DECOMP_EXCHANGE;;;;XEUR;10827982;44;EXCHANGE
02.12.2024;09:18:06.967;ADY.O.241202.STG.000001;STANDARD_OPTION_STRATEGY;BLOCK;EUR;3;175.50000000;495;EXCHANGE_LAST;;1;1;XEUR;72385364467125361;76315;
02.12.2024;09:18:06.967;ADY SI 20250321 PS AM C 1400.00 0;SIMPLE_INSTRUMENT;BLOCK;EUR;3;109.26000000;495;PRC_DECOMP_EXCHANGE;;;;XEUR;10870753;76315;EXCHANGE
02.12.2024;09:18:06.967;ADY SI 20250321 PS AM P 1280.00 0;SIMPLE_INSTRUMENT;BLOCK;EUR;3;66.24000000;495;PRC_DECOMP_EXCHANGE;;;;XEUR;10870635;76315;EXCHANGE
02.12.2024;08:43:44.657;AIR SI 20241227 PS AM C 162.00 0;SIMPLE_INSTRUMENT;BLOCK;EUR;1;1.31000000;695;EXCHANGE_LAST;;1;1;XEUR;12237597;64;
02.12.2024;09:23:06.368;ALC SI 20250117 PS AM P 78.00 0;SIMPLE_INSTRUMENT;ENLIGHT;CHF;4;1.71000000;1000;EXCHANGE_LAST;;1;1;XEUR;12098736;130134;
02.12.2024;13:34:14.197;ANN SI 20250221 PS AM P 28.50 0;SIMPLE_INSTRUMENT;BLOCK;EUR;4;0.43000000;982;EXCHANGE_LAST;;1;1;XEUR;12297273;45202;
02.12.2024;13:34:35.669;ANN SI 20250221 PS AM P 28.50 0;SIMPLE_INSTRUMENT;BLOCK;EUR;5;0.42000000;3930;EXCHANGE_LAST;;1;1;XEUR;12297273;45202;
02.12.2024;14:55:59.373;ASG5 FI 20250430 PS EU P 23.5000 0;FLEXIBLE_INSTRUMENT;BLOCK;EUR;19;0.50000000;25000;EXCHANGE_LAST;;1;1;XEUR;1152921972758285308;109;
02.12.2024;14:57:07.742;ASG5 FI 20250515 PS EU P 23.5000 0;FLEXIBLE_INSTRUMENT;BLOCK;EUR;20;0.55000000;25000;EXCHANGE_LAST;;1;1;XEUR;1152921972758285309;109;
02.12.2024;12:38:05.730;ASM SI 20241220 PS AM P 620.00 0;SIMPLE_INSTRUMENT;BLOCK;EUR;12;7.58000000;150;EXCHANGE_LAST;;1;1;XEUR;11872096;107;
02.12.2024;11:24:38.974;AXA SI 20250321 PS AM P 33.00 0;SIMPLE_INSTRUMENT;BLOCK;EUR;25;1.44000000;1500;EXCHANGE_LAST;;1;1;XEUR;11678098;127;
02.12.2024;16:09:58.118;AXAE.O.241202.CNV.000001;STANDARD_OPTION_STRATEGY;BLOCK;EUR;34;-2.62000000;3000;EXCHANGE_LAST;;1;1;XEUR;72058135203809551;126;
02.12.2024;16:09:58.118;AXAE SI 20271217 PS EU C 32.00 0;SIMPLE_INSTRUMENT;BLOCK;EUR;34;2.85000000;3000;PRC_DECOMP_EXCHANGE;;;;XEUR;8773774;126;EXCHANGE
02.12.2024;16:09:58.118;AXAE SI 20271217 PS EU P 32.00 0;SIMPLE_INSTRUMENT;BLOCK;EUR;34;5.47000000;3000;PRC_DECOMP_EXCHANGE;;;;XEUR;8773770;126;EXCHANGE
02.12.2024;11:02:15.051;B2AS SI 20251219 CS;SIMPLE_INSTRUMENT;BLOCK;EUR;11;2.19000000;779;EXCHANGE_LAST;;1;1;XEUR;3681119;140;
02.12.2024;12:16:41.544;B2NP SI 20261218 CS;SIMPLE_INSTRUMENT;BLOCK;EUR;17;4.21000000;450;EXCHANGE_LAST;;1;1;XEUR;6798320;131;
02.12.2024;16:15:52.980;B2NP SI 20261218 CS;SIMPLE_INSTRUMENT;BLOCK;EUR;37;4.19000000;150;EXCHANGE_LAST;;1;1;XEUR;6798320;131;
02.12.2024;16:20:52.725;B2NP SI 20261218 CS;SIMPLE_INSTRUMENT;BLOCK;EUR;38;4.21000000;100;EXCHANGE_LAST;;1;1;XEUR;6798320;131;
02.12.2024;16:59:40.162;B2YG SI 20251219 CS;SIMPLE_INSTRUMENT;BLOCK;EUR;45;1.83000000;250;EXCHANGE_LAST;;2;2;XEUR;5914365;45713;
02.12.2024;12:17:49.055;BAEN.O.241202.STG.000002;STANDARD_OPTION_STRATEGY;BLOCK;CHF;22;8.86000000;600;EXCHANGE_LAST;;1;1;XEUR;72058276937743560;159;
02.12.2024;12:17:49.055;BAEN SI 20250919 PS AM P 56.00 0;SIMPLE_INSTRUMENT;BLOCK;CHF;22;4.92000000;600;PRC_DECOMP_EXCHANGE;;;;XEUR;11872885;159;EXCHANGE
02.12.2024;12:17:49.055;BAEN SI 20250919 PS AM C 60.00 0;SIMPLE_INSTRUMENT;BLOCK;CHF;22;3.94000000;600;PRC_DECOMP_EXCHANGE;;;;XEUR;11872862;159;EXCHANGE
02.12.2024;09:09:10.185;BAN SI 20241220 PS AM P 64.00 0;SIMPLE_INSTRUMENT;BLOCK;CHF;2;0.58000000;500;EXCHANGE_LAST;;1;1;XEUR;10448579;298535;
02.12.2024;09:09:10.206;BAN SI 20250919 PS AM P 60.00 0;SIMPLE_INSTRUMENT;BLOCK;CHF;3;3.89000000;500;EXCHANGE_LAST;;1;1;XEUR;11919784;298535;
02.12.2024;10:05:28.772;BAN SI 20250919 PS AM C 72.00 0;SIMPLE_INSTRUMENT;BLOCK;CHF;5;5.08000000;500;EXCHANGE_LAST;;1;1;XEUR;11919822;298535;
02.12.2024;10:37:46.468;BAN SI 20250919 PS AM P 60.00 0;SIMPLE_INSTRUMENT;BLOCK;CHF;8;3.95000000;500;EXCHANGE_LAST;;1;1;XEUR;11919784;298535;
02.12.2024;10:46:10.699;BAS SI 20241206 PS AM C 44.00 0;SIMPLE_INSTRUMENT;BLOCK;EUR;1;0.21000000;1690;EXCHANGE_LAST;;1;1;XEUR;12139096;150;
02.12.2024;15:16:30.179;BAS SI 20250321 PS AM C 52.00 0;SIMPLE_INSTRUMENT;BLOCK;EUR;2;0.29000000;13150;EXCHANGE_LAST;;1;1;XEUR;10831049;150;
02.12.2024;15:16:49.819;BAS SI 20250321 PS AM C 48.00 0;SIMPLE_INSTRUMENT;BLOCK;EUR;3;0.88000000;7820;EXCHANGE_LAST;;1;1;XEUR;10831045;150;
02.12.2024;15:16:49.829;BAS SI 20250321 PS AM C 48.00 0;SIMPLE_INSTRUMENT;BLOCK;EUR;4;0.87000000;680;EXCHANGE_LAST;;1;1;XEUR;10831045;150;
02.12.2024;16:00:17.249;BBVD.O.241202.STD.000001;STANDARD_OPTION_STRATEGY;BLOCK;EUR;21;1.11000000;2500;EXCHANGE_LAST;;1;1;XEUR;72058332772304718;172;
02.12.2024;16:00:17.249;BBVD SI 20250321 PS AM P 9.00 0;SIMPLE_INSTRUMENT;BLOCK;EUR;21;0.55000000;2500;PRC_DECOMP_EXCHANGE;;;;XEUR;8373390;172;EXCHANGE
02.12.2024;16:00:17.249;BBVD SI 20250321 PS AM C 9.00 0;SIMPLE_INSTRUMENT;BLOCK;EUR;21;0.56000000;2500;PRC_DECOMP_EXCHANGE;;;;XEUR;8373374;172;EXCHANGE
02.12.2024;09:00:56.149;BMW SI 20241220 PS AM P 76.00 0;SIMPLE_INSTRUMENT;BLOCK;EUR;1;6.98000000;400;EXCHANGE_LAST;;1;1;XEUR;4640268;210;
02.12.2024;11:24:15.585;BMW SI 20250221 PS AM P 72.00 0;SIMPLE_INSTRUMENT;BLOCK;EUR;4;3.60000000;1000;EXCHANGE_LAST;;1;1;XEUR;12240018;210;
02.12.2024;12:55:27.403;BMW SI 20241206 PS AM C 71.00 0;SIMPLE_INSTRUMENT;BLOCK;EUR;8;1.86000000;400;EXCHANGE_LAST;;1;1;XEUR;12139363;210;
02.12.2024;13:11:09.771;BMW SI 20241206 PS AM C 71.00 0;SIMPLE_INSTRUMENT;BLOCK;EUR;9;1.70000000;400;EXCHANGE_LAST;;1;1;XEUR;12139363;210;
02.12.2024;13:26:59.806;BMW.O.241202.STG.000023;STANDARD_OPTION_STRATEGY;BLOCK;EUR;10;7.07000000;730;EXCHANGE_LAST;;1;1;XEUR;72058495981107706;210;
02.12.2024;13:26:59.806;BMW SI 20250321 PS AM C 72.00 0;SIMPLE_INSTRUMENT;BLOCK;EUR;10;4.68000000;730;PRC_DECOMP_EXCHANGE;;;;XEUR;10832603;210;EXCHANGE
02.12.2024;13:26:59.806;BMW SI 20250321 PS AM P 68.00 0;SIMPLE_INSTRUMENT;BLOCK;EUR;10;2.39000000;730;PRC_DECOMP_EXCHANGE;;;;XEUR;10832601;210;EXCHANGE
02.12.2024;13:26:38.782;BMW SI 20241206 PS AM C 71.00 0;SIMPLE_INSTRUMENT;BLOCK;EUR;11;1.65000000;610;EXCHANGE_LAST;;1;1;XEUR;12139363;210;
02.12.2024;13:49:13.839;BMW SI 20241220 PS AM P 70.00 0;SIMPLE_INSTRUMENT;BLOCK;EUR;17;0.81000000;1500;EXCHANGE_LAST;;1;1;XEUR;11838718;210;
02.12.2024;16:36:46.039;BMW SI 20250620 PS AM P 72.00 0;SIMPLE_INSTRUMENT;BLOCK;EUR;20;6.66000000;500;EXCHANGE_LAST;;1;1;XEUR;11332528;210;
02.12.2024;15:21:59.711;BOSS SI 20251219 PS AM P 24.00 0;SIMPLE_INSTRUMENT;BLOCK;EUR;6;1.81000000;1250;EXCHANGE_LAST;;1;1;XEUR;5923546;230;
02.12.2024;14:39:47.024;BX7G SI 20241220 CS;SIMPLE_INSTRUMENT;BLOCK;EUR;24;5.79780000;20000;EXCHANGE_LAST;;1;1;XEUR;7047777;3980;
02.12.2024;16:01:05.100;BYGG SI 20241220 CS;SIMPLE_INSTRUMENT;BLOCK;EUR;31;27.99620000;500;EXCHANGE_LAST;;1;1;XEUR;7033067;281;
02.12.2024;16:01:13.587;BYGG SI 20250321 CS;SIMPLE_INSTRUMENT;BLOCK;EUR;32;28.22820000;500;EXCHANGE_LAST;;1;1;XEUR;10696354;281;
02.12.2024;09:26:09.964;CAR SI 20241220 PS AM P 14.00 0;SIMPLE_INSTRUMENT;BLOCK;EUR;7;0.41000000;2000;EXCHANGE_LAST;;1;1;XEUR;4641174;265;
02.12.2024;11:00:17.915;CFR SI 20241220 PS AM P 122.00 0;SIMPLE_INSTRUMENT;BLOCK;CHF;13;2.72000000;500;EXCHANGE_LAST;;1;1;XEUR;11328187;313;
02.12.2024;11:10:17.220;CFR SI 20241220 PS AM P 130.00 0;SIMPLE_INSTRUMENT;BLOCK;CHF;15;7.20000000;300;EXCHANGE_LAST;;1;1;XEUR;10400562;313;
02.12.2024;13:02:46.429;CLN SI 20250221 PS AM P 9.50 0;SIMPLE_INSTRUMENT;BLOCK;CHF;33;0.10000000;1200;EXCHANGE_LAST;;1;1;XEUR;12241424;296;
02.12.2024;11:56:37.689;CLNP.S.DEC24.MAR25.SPD;FUTURES_SPREAD;BLOCK;EUR;16;-0.25000000;1965;EXCHANGE_LAST;;1;1;XEUR;72310632036171863;58915;
02.12.2024;11:56:37.689;CLNP SI 20241220 PS;SIMPLE_INSTRUMENT;BLOCK;EUR;16;34.06720000;1965;PRC_DECOMP_EXCHANGE;;;;XEUR;7051440;58915;EXCHANGE
02.12.2024;11:56:37.689;CLNP SI 20250321 PS;SIMPLE_INSTRUMENT;BLOCK;EUR;16;34.31720000;1965;PRC_DECOMP_EXCHANGE;;;;XEUR;10723266;58915;EXCHANGE
02.12.2024;14:18:09.250;D3AI SI 20271217 CS;SIMPLE_INSTRUMENT;BLOCK;EUR;22;2.40000000;200;EXCHANGE_LAST;;1;1;XEUR;7144067;443197;
02.12.2024;16:25:32.917;DHE SI 20250919 PS AM P 28.00 0;SIMPLE_INSTRUMENT;BLOCK;EUR;6;3.90000000;4455;EXCHANGE_LAST;;1;1;XEUR;11910412;57135;
02.12.2024;16:25:44.537;DHE SI 20250919 PS AM P 28.00 0;SIMPLE_INSTRUMENT;BLOCK;EUR;7;3.89000000;3045;EXCHANGE_LAST;;1;1;XEUR;11910412;57135;
02.12.2024;10:50:10.919;DPW SI 20241220 PS AM P 36.00 0;SIMPLE_INSTRUMENT;BLOCK;EUR;1;1.51000000;2500;EXCHANGE_LAST;;1;1;XEUR;4643148;445;
02.12.2024;12:16:54.212;DPW SI 20250620 PS AM P 32.00 0;SIMPLE_INSTRUMENT;BLOCK;EUR;3;1.34000000;3000;EXCHANGE_LAST;;1;1;XEUR;7902450;445;
02.12.2024;08:58:51.032;DSM SI 20241220 PS AM C 108.00 0;SIMPLE_INSTRUMENT;BLOCK;EUR;1;0.84000000;506;EXCHANGE_LAST;;1;1;XEUR;11878276;436;
02.12.2024;08:58:51.033;DSM SI 20241220 PS AM C 108.00 0;SIMPLE_INSTRUMENT;BLOCK;EUR;2;0.85000000;506;EXCHANGE_LAST;;1;1;XEUR;11878276;436;
02.12.2024;11:21:22.999;DYS1.N.241202.000002;NON_STANDARD_OPTION_STRATEGY;BLOCK;EUR;24;3.50000000;250;EXCHANGE_LAST;;1;1;XEUR;72059634147398112;475;
02.12.2024;11:21:22.999;DYS1 SI 20260619 PS AM P 22.00 0;SIMPLE_INSTRUMENT;BLOCK;EUR;24;0.50000000;500;PRC_DECOMP_EXCHANGE;;;;XEUR;11358111;475;EXCHANGE
02.12.2024;11:21:22.999;DYS1 SI 20250321 PS AM P 32.00 0;SIMPLE_INSTRUMENT;BLOCK;EUR;24;1.50000000;750;PRC_DECOMP_EXCHANGE;;;;XEUR;10837781;475;EXCHANGE
02.12.2024;10:16:28.512;EAD SI 20250620 PS AM C 200.00 0;SIMPLE_INSTRUMENT;BLOCK;EUR;12;0.58000000;540;EXCHANGE_LAST;;1;1;XEUR;11013878;465;
02.12.2024;10:16:37.638;EAD SI 20250620 PS AM C 200.00 0;SIMPLE_INSTRUMENT;BLOCK;EUR;13;0.57000000;460;EXCHANGE_LAST;;1;1;XEUR;11013878;465;
02.12.2024;12:08:55.784;ENT5 SI 20241212 PS AM C 13.60 0;SIMPLE_INSTRUMENT;BLOCK;EUR;9;0.10500000;1583;EXCHANGE_LAST;;1;1;XEUR;12171538;497;
02.12.2024;14:10:54.676;ENT5 SI 20250220 PS AM C 14.60 0;SIMPLE_INSTRUMENT;BLOCK;EUR;14;0.12000000;514;EXCHANGE_LAST;;1;1;XEUR;12232135;497;
02.12.2024;14:10:55.485;ENT5 SI 20250220 PS AM C 14.60 0;SIMPLE_INSTRUMENT;BLOCK;EUR;15;0.11500000;1818;EXCHANGE_LAST;;1;1;XEUR;12232135;497;
02.12.2024;11:40:03.527;F3IA SI 20251219 CS;SIMPLE_INSTRUMENT;BLOCK;EUR;12;0.33000000;950;EXCHANGE_LAST;;2;2;XEUR;6633988;390387;
02.12.2024;11:39:49.129;F3IA SI 20281215 CS;SIMPLE_INSTRUMENT;BLOCK;EUR;13;0.33000000;2000;EXCHANGE_LAST;;2;1;XEUR;9964653;390387;
02.12.2024;11:38:44.152;F3IA SI 20281215 CS;SIMPLE_INSTRUMENT;BLOCK;EUR;15;0.33000000;250;EXCHANGE_LAST;;1;1;XEUR;9964653;390387;
02.12.2024;14:01:58.786;F3IA SI 20251219 CS;SIMPLE_INSTRUMENT;BLOCK;EUR;19;0.37000000;500;EXCHANGE_LAST;;2;1;XEUR;6633988;390387;
02.12.2024;10:36:36.083;F3TE SI 20241220 CS;SIMPLE_INSTRUMENT;BLOCK;EUR;8;0.72000000;1755;EXCHANGE_LAST;;1;1;XEUR;6633907;390379;
02.12.2024;17:28:21.473;F3TE SI 20241220 CS;SIMPLE_INSTRUMENT;BLOCK;EUR;50;0.72000000;993;EXCHANGE_LAST;;1;1;XEUR;6633907;390379;
02.12.2024;07:52:03.238;FBTP SI 20241206 PS;SIMPLE_INSTRUMENT;BLOCK;EUR;1;122.90000000;600;EXCHANGE_LAST;;1;1;XEUR;10804520;636;
02.12.2024;07:52:59.245;FBTP SI 20250306 PS;SIMPLE_INSTRUMENT;BLOCK;EUR;2;122.31000000;602;EXCHANGE_LAST;;1;1;XEUR;11286675;636;
02.12.2024;08:57:03.912;FBTP.S.DEC24.MAR25.SPD;FUTURES_SPREAD;BLOCK;EUR;3;0.57000000;1000;EXCHANGE_LAST;;1;1;XEUR;72060325637128282;636;
02.12.2024;08:57:03.912;FBTP SI 20241206 PS;SIMPLE_INSTRUMENT;BLOCK;EUR;3;123.14000000;1000;PRC_DECOMP_EXCHANGE;;;;XEUR;10804520;636;EXCHANGE
02.12.2024;08:57:03.912;FBTP SI 20250306 PS;SIMPLE_INSTRUMENT;BLOCK;EUR;3;122.57000000;1000;PRC_DECOMP_EXCHANGE;;;;XEUR;11286675;636;EXCHANGE
02.12.2024;09:03:42.994;FBTP.S.DEC24.MAR25.SPD;FUTURES_SPREAD;BLOCK;EUR;4;0.58000000;279;EXCHANGE_LAST;;1;1;XEUR;72060325637128282;636;
02.12.2024;09:03:42.994;FBTP SI 20250306 PS;SIMPLE_INSTRUMENT;BLOCK;EUR;4;122.57000000;279;PRC_DECOMP_EXCHANGE;;;;XEUR;11286675;636;EXCHANGE
02.12.2024;09:03:42.994;FBTP SI 20241206 PS;SIMPLE_INSTRUMENT;BLOCK;EUR;4;123.15000000;279;PRC_DECOMP_EXCHANGE;;;;XEUR;10804520;636;EXCHANGE
02.12.2024;09:03:43.995;FBTP.S.DEC24.MAR25.SPD;FUTURES_SPREAD;BLOCK;EUR;5;0.57000000;279;EXCHANGE_LAST;;1;1;XEUR;72060325637128282;636;
02.12.2024;09:03:43.995;FBTP SI 20241206 PS;SIMPLE_INSTRUMENT;BLOCK;EUR;5;123.14000000;279;PRC_DECOMP_EXCHANGE;;;;XEUR;10804520;636;EXCHANGE
02.12.2024;09:03:43.995;FBTP SI 20250306 PS;SIMPLE_INSTRUMENT;BLOCK;EUR;5;122.57000000;279;PRC_DECOMP_EXCHANGE;;;;XEUR;11286675;636;EXCHANGE
02.12.2024;09:07:36.349;FBTP SI 20241206 PS;SIMPLE_INSTRUMENT;BLOCK;EUR;6;123.17000000;2000;EXCHANGE_LAST;;1;1;XEUR;10804520;636;
02.12.2024;09:07:47.779;FBTP SI 20241206 PS;SIMPLE_INSTRUMENT;BLOCK;EUR;7;123.17000000;3000;EXCHANGE_LAST;;1;1;XEUR;10804520;636;
02.12.2024;09:08:23.146;FBTP SI 20250306 PS;SIMPLE_INSTRUMENT;BLOCK;EUR;8;122.59000000;1000;EXCHANGE_LAST;;1;1;XEUR;11286675;636;
02.12.2024;09:10:02.503;FBTP SI 20250306 PS;SIMPLE_INSTRUMENT;BLOCK;EUR;9;122.59000000;1500;EXCHANGE_LAST;;1;1;XEUR;11286675;636;
02.12.2024;09:11:02.486;FBTP SI 20250306 PS;SIMPLE_INSTRUMENT;BLOCK;EUR;10;122.60000000;1500;EXCHANGE_LAST;;1;1;XEUR;11286675;636;
02.12.2024;09:11:14.322;FBTP SI 20250306 PS;SIMPLE_INSTRUMENT;BLOCK;EUR;11;122.60000000;1000;EXCHANGE_LAST;;1;1;XEUR;11286675;636;
02.12.2024;09:11:50.910;FBTP SI 20241206 PS;SIMPLE_INSTRUMENT;BLOCK;EUR;12;123.16000000;6752;EXCHANGE_LAST;;1;1;XEUR;10804520;636;
02.12.2024;09:12:50.914;FBTP SI 20250306 PS;SIMPLE_INSTRUMENT;BLOCK;EUR;13;122.59000000;3376;EXCHANGE_LAST;;1;1;XEUR;11286675;636;
02.12.2024;09:13:25.917;FBTP SI 20250306 PS;SIMPLE_INSTRUMENT;BLOCK;EUR;14;122.58000000;3376;EXCHANGE_LAST;;1;1;XEUR;11286675;636;
02.12.2024;09:15:50.376;FBTP.S.DEC24.MAR25.SPD;FUTURES_SPREAD;BLOCK;EUR;15;0.58000000;1425;EXCHANGE_LAST;;1;1;XEUR;72060325637128282;636;
02.12.2024;09:15:50.376;FBTP SI 20250306 PS;SIMPLE_INSTRUMENT;BLOCK;EUR;15;122.65000000;1425;PRC_DECOMP_MEMBER;;;;XEUR;11286675;636;MEMBER
02.12.2024;09:15:50.376;FBTP SI 20241206 PS;SIMPLE_INSTRUMENT;BLOCK;EUR;15;123.23000000;1425;PRC_DECOMP_MEMBER;;;;XEUR;10804520;636;MEMBER
02.12.2024;09:16:15.176;FBTP.S.DEC24.MAR25.SPD;FUTURES_SPREAD;BLOCK;EUR;16;0.57000000;1425;EXCHANGE_LAST;;1;1;XEUR;72060325637128282;636;
02.12.2024;09:16:15.176;FBTP SI 20250306 PS;SIMPLE_INSTRUMENT;BLOCK;EUR;16;122.66000000;1425;PRC_DECOMP_MEMBER;;;;XEUR;11286675;636;MEMBER
02.12.2024;09:16:15.176;FBTP SI 20241206 PS;SIMPLE_INSTRUMENT;BLOCK;EUR;16;123.23000000;1425;PRC_DECOMP_MEMBER;;;;XEUR;10804520;636;MEMBER
02.12.2024;09:17:52.145;FBTP.S.DEC24.MAR25.SPD;FUTURES_SPREAD;BLOCK;EUR;17;0.58000000;447;EXCHANGE_LAST;;1;1;XEUR;72060325637128282;636;
02.12.2024;09:17:52.145;FBTP SI 20250306 PS;SIMPLE_INSTRUMENT;BLOCK;EUR;17;122.64000000;447;PRC_DECOMP_EXCHANGE;;;;XEUR;11286675;636;EXCHANGE
02.12.2024;09:17:52.145;FBTP SI 20241206 PS;SIMPLE_INSTRUMENT;BLOCK;EUR;17;123.22000000;447;PRC_DECOMP_EXCHANGE;;;;XEUR;10804520;636;EXCHANGE
02.12.2024;09:18:35.201;FBTP SI 20241206 PS;SIMPLE_INSTRUMENT;BLOCK;EUR;18;123.20000000;2391;EXCHANGE_LAST;;1;1;XEUR;10804520;636;
02.12.2024;09:21:45.916;FBTP SI 20250306 PS;SIMPLE_INSTRUMENT;BLOCK;EUR;21;122.62000000;1196;EXCHANGE_LAST;;1;1;XEUR;11286675;636;
02.12.2024;09:21:45.936;FBTP SI 20250306 PS;SIMPLE_INSTRUMENT;BLOCK;EUR;22;122.63000000;1195;EXCHANGE_LAST;;1;1;XEUR;11286675;636;
02.12.2024;09:25:08.294;FBTP SI 20241206 PS;SIMPLE_INSTRUMENT;BLOCK;EUR;24;123.20000000;750;EXCHANGE_LAST;;1;1;XEUR;10804520;636;
02.12.2024;09:25:48.781;FBTP SI 20250306 PS;SIMPLE_INSTRUMENT;BLOCK;EUR;25;122.62000000;375;EXCHANGE_LAST;;1;1;XEUR;11286675;636;
02.12.2024;09:25:48.802;FBTP SI 20250306 PS;SIMPLE_INSTRUMENT;BLOCK;EUR;26;122.63000000;375;EXCHANGE_LAST;;1;1;XEUR;11286675;636;
02.12.2024;09:30:51.596;FBTP.S.DEC24.MAR25.SPD;FUTURES_SPREAD;BLOCK;EUR;28;0.57000000;549;EXCHANGE_LAST;;1;1;XEUR;72060325637128282;636;
02.12.2024;09:30:51.596;FBTP SI 20241206 PS;SIMPLE_INSTRUMENT;BLOCK;EUR;28;123.21000000;549;PRC_DECOMP_MEMBER;;;;XEUR;10804520;636;MEMBER
02.12.2024;09:30:51.596;FBTP SI 20250306 PS;SIMPLE_INSTRUMENT;BLOCK;EUR;28;122.64000000;549;PRC_DECOMP_MEMBER;;;;XEUR;11286675;636;MEMBER
02.12.2024;09:31:00.688;FBTP SI 20241206 PS;SIMPLE_INSTRUMENT;EFP_FIN;EUR;29;123.20000000;723;EXCHANGE_LAST;;1;1;XEUR;10804520;636;
02.12.2024;09:34:02.514;FBTP SI 20241206 PS;SIMPLE_INSTRUMENT;BLOCK;EUR;30;123.20000000;292;EXCHANGE_LAST;;1;1;XEUR;10804520;636;
02.12.2024;09:35:23.308;FBTP SI 20250306 PS;SIMPLE_INSTRUMENT;BLOCK;EUR;31;122.63000000;293;EXCHANGE_LAST;;1;1;XEUR;11286675;636;
02.12.2024;09:43:06.792;FBTP SI 20250306 PS;SIMPLE_INSTRUMENT;EFP_FIN;EUR;32;122.59000000;224;EXCHANGE_LAST;;1;1;XEUR;11286675;636;
02.12.2024;09:46:39.136;FBTP.S.DEC24.MAR25.SPD;FUTURES_SPREAD;BLOCK;EUR;33;0.57000000;576;EXCHANGE_LAST;;1;1;XEUR;72060325637128282;636;
02.12.2024;09:46:39.136;FBTP SI 20250306 PS;SIMPLE_INSTRUMENT;BLOCK;EUR;33;122.52000000;576;PRC_DECOMP_EXCHANGE;;;;XEUR;11286675;636;EXCHANGE
02.12.2024;09:46:39.136;FBTP SI 20241206 PS;SIMPLE_INSTRUMENT;BLOCK;EUR;33;123.09000000;576;PRC_DECOMP_EXCHANGE;;;;XEUR;10804520;636;EXCHANGE
02.12.2024;09:46:28.792;FBTP.S.DEC24.MAR25.SPD;FUTURES_SPREAD;BLOCK;EUR;34;0.58000000;576;EXCHANGE_LAST;;1;1;XEUR;72060325637128282;636;
02.12.2024;09:46:28.792;FBTP SI 20250306 PS;SIMPLE_INSTRUMENT;BLOCK;EUR;34;122.53000000;576;PRC_DECOMP_EXCHANGE;;;;XEUR;11286675;636;EXCHANGE
02.12.2024;09:46:28.792;FBTP SI 20241206 PS;SIMPLE_INSTRUMENT;BLOCK;EUR;34;123.11000000;576;PRC_DECOMP_EXCHANGE;;;;XEUR;10804520;636;EXCHANGE
02.12.2024;09:56:16.866;FBTP.S.DEC24.MAR25.SPD;FUTURES_SPREAD;BLOCK;EUR;35;0.57000000;273;EXCHANGE_LAST;;1;1;XEUR;72060325637128282;636;
02.12.2024;09:56:16.866;FBTP SI 20241206 PS;SIMPLE_INSTRUMENT;BLOCK;EUR;35;123.09000000;273;PRC_DECOMP_EXCHANGE;;;;XEUR;10804520;636;EXCHANGE
02.12.2024;09:56:16.866;FBTP SI 20250306 PS;SIMPLE_INSTRUMENT;BLOCK;EUR;35;122.52000000;273;PRC_DECOMP_EXCHANGE;;;;XEUR;11286675;636;EXCHANGE
02.12.2024;09:55:58.090;FBTP.S.DEC24.MAR25.SPD;FUTURES_SPREAD;BLOCK;EUR;36;0.58000000;273;EXCHANGE_LAST;;1;1;XEUR;72060325637128282;636;
02.12.2024;09:55:58.090;FBTP SI 20250306 PS;SIMPLE_INSTRUMENT;BLOCK;EUR;36;122.51000000;273;PRC_DECOMP_EXCHANGE;;;;XEUR;11286675;636;EXCHANGE
02.12.2024;09:55:58.090;FBTP SI 20241206 PS;SIMPLE_INSTRUMENT;BLOCK;EUR;36;123.09000000;273;PRC_DECOMP_EXCHANGE;;;;XEUR;10804520;636;EXCHANGE
02.12.2024;10:08:13.884;FBTP SI 20241206 PS;SIMPLE_INSTRUMENT;BLOCK;EUR;37;123.14000000;273;EXCHANGE_LAST;;1;1;XEUR;10804520;636;
02.12.2024;10:08:20.886;FBTP SI 20250306 PS;SIMPLE_INSTRUMENT;BLOCK;EUR;38;122.56000000;274;EXCHANGE_LAST;;1;1;XEUR;11286675;636;
02.12.2024;10:16:05.306;FBTP SI 20241206 PS;SIMPLE_INSTRUMENT;EFP_FIN;EUR;39;123.13000000;786;EXCHANGE_LAST;;1;1;XEUR;10804520;636;
02.12.2024;10:17:42.362;FBTP.S.DEC24.MAR25.SPD;FUTURES_SPREAD;BLOCK;EUR;40;0.57000000;1124;EXCHANGE_LAST;;1;1;XEUR;72060325637128282;636;
02.12.2024;10:17:42.362;FBTP SI 20250306 PS;SIMPLE_INSTRUMENT;BLOCK;EUR;40;122.64000000;1124;PRC_DECOMP_EXCHANGE;;;;XEUR;11286675;636;EXCHANGE
02.12.2024;10:17:42.362;FBTP SI 20241206 PS;SIMPLE_INSTRUMENT;BLOCK;EUR;40;123.21000000;1124;PRC_DECOMP_EXCHANGE;;;;XEUR;10804520;636;EXCHANGE
02.12.2024;10:17:50.409;FBTP.S.DEC24.MAR25.SPD;FUTURES_SPREAD;BLOCK;EUR;41;0.58000000;1124;EXCHANGE_LAST;;1;1;XEUR;72060325637128282;636;
02.12.2024;10:17:50.409;FBTP SI 20250306 PS;SIMPLE_INSTRUMENT;BLOCK;EUR;41;122.62000000;1124;PRC_DECOMP_EXCHANGE;;;;XEUR;11286675;636;EXCHANGE
02.12.2024;10:17:50.409;FBTP SI 20241206 PS;SIMPLE_INSTRUMENT;BLOCK;EUR;41;123.20000000;1124;PRC_DECOMP_EXCHANGE;;;;XEUR;10804520;636;EXCHANGE
02.12.2024;10:20:32.348;FBTP.S.DEC24.MAR25.SPD;FUTURES_SPREAD;BLOCK;EUR;42;0.58000000;691;EXCHANGE_LAST;;1;1;XEUR;72060325637128282;636;
02.12.2024;10:20:32.348;FBTP SI 20250306 PS;SIMPLE_INSTRUMENT;BLOCK;EUR;42;122.58000000;691;PRC_DECOMP_EXCHANGE;;;;XEUR;11286675;636;EXCHANGE
02.12.2024;10:20:32.348;FBTP SI 20241206 PS;SIMPLE_INSTRUMENT;BLOCK;EUR;42;123.16000000;691;PRC_DECOMP_EXCHANGE;;;;XEUR;10804520;636;EXCHANGE
02.12.2024;10:23:42.351;FBTP.S.DEC24.MAR25.SPD;FUTURES_SPREAD;BLOCK;EUR;43;0.57000000;702;EXCHANGE_LAST;;1;1;XEUR;72060325637128282;636;
02.12.2024;10:23:42.351;FBTP SI 20241206 PS;SIMPLE_INSTRUMENT;BLOCK;EUR;43;123.20000000;702;PRC_DECOMP_EXCHANGE;;;;XEUR;10804520;636;EXCHANGE
02.12.2024;10:23:42.351;FBTP SI 20250306 PS;SIMPLE_INSTRUMENT;BLOCK;EUR;43;122.63000000;702;PRC_DECOMP_EXCHANGE;;;;XEUR;11286675;636;EXCHANGE
02.12.2024;10:23:46.484;FBTP.S.DEC24.MAR25.SPD;FUTURES_SPREAD;BLOCK;EUR;44;0.58000000;702;EXCHANGE_LAST;;1;1;XEUR;72060325637128282;636;
02.12.2024;10:23:46.484;FBTP SI 20250306 PS;SIMPLE_INSTRUMENT;BLOCK;EUR;44;122.63000000;702;PRC_DECOMP_EXCHANGE;;;;XEUR;11286675;636;EXCHANGE
02.12.2024;10:23:46.484;FBTP SI 20241206 PS;SIMPLE_INSTRUMENT;BLOCK;EUR;44;123.21000000;702;PRC_DECOMP_EXCHANGE;;;;XEUR;10804520;636;EXCHANGE
02.12.2024;10:25:35.967;FBTP SI 20241206 PS;SIMPLE_INSTRUMENT;EFP_FIN;EUR;45;123.16000000;447;EXCHANGE_LAST;;1;1;XEUR;10804520;636;
02.12.2024;10:44:49.267;FBTP SI 20241206 PS;SIMPLE_INSTRUMENT;BLOCK;EUR;46;123.08000000;2000;EXCHANGE_LAST;;1;1;XEUR;10804520;636;
02.12.2024;10:45:22.244;FBTP SI 20250306 PS;SIMPLE_INSTRUMENT;BLOCK;EUR;47;122.51000000;1000;EXCHANGE_LAST;;1;1;XEUR;11286675;636;
02.12.2024;10:45:32.627;FBTP SI 20250306 PS;SIMPLE_INSTRUMENT;BLOCK;EUR;48;122.50000000;1000;EXCHANGE_LAST;;1;1;XEUR;11286675;636;
02.12.2024;10:52:30.145;FBTP SI 20241206 PS;SIMPLE_INSTRUMENT;EFP_FIN;EUR;49;123.14000000;471;EXCHANGE_LAST;;1;1;XEUR;10804520;636;
02.12.2024;11:09:26.527;FBTP SI 20241206 PS;SIMPLE_INSTRUMENT;BLOCK;EUR;50;123.22000000;660;EXCHANGE_LAST;;1;1;XEUR;10804520;636;
02.12.2024;11:09:40.329;FBTP SI 20250306 PS;SIMPLE_INSTRUMENT;BLOCK;EUR;51;122.64000000;330;EXCHANGE_LAST;;1;1;XEUR;11286675;636;
02.12.2024;11:09:46.299;FBTP SI 20250306 PS;SIMPLE_INSTRUMENT;BLOCK;EUR;52;122.65000000;330;EXCHANGE_LAST;;1;1;XEUR;11286675;636;
02.12.2024;11:26:24.099;FBTP SI 20241206 PS;SIMPLE_INSTRUMENT;EFP_FIN;EUR;53;123.18000000;1208;EXCHANGE_LAST;;1;1;XEUR;10804520;636;
02.12.2024;11:27:49.135;FBTP SI 20241206 PS;SIMPLE_INSTRUMENT;EFP_FIN;EUR;54;123.18000000;160;EXCHANGE_LAST;;1;1;XEUR;10804520;636;
02.12.2024;12:08:23.749;FBTP SI 20241206 PS;SIMPLE_INSTRUMENT;BLOCK;EUR;55;123.29000000;1000;EXCHANGE_LAST;;1;1;XEUR;10804520;636;
02.12.2024;12:08:44.161;FBTP SI 20250306 PS;SIMPLE_INSTRUMENT;BLOCK;EUR;56;122.71000000;500;EXCHANGE_LAST;;1;1;XEUR;11286675;636;
02.12.2024;12:08:56.013;FBTP SI 20250306 PS;SIMPLE_INSTRUMENT;BLOCK;EUR;57;122.72000000;500;EXCHANGE_LAST;;1;1;XEUR;11286675;636;
02.12.2024;12:11:28.472;FBTP SI 20241206 PS;SIMPLE_INSTRUMENT;EFP_FIN;EUR;58;123.30000000;246;EXCHANGE_LAST;;1;1;XEUR;10804520;636;
02.12.2024;12:14:55.879;FBTP SI 20241206 PS;SIMPLE_INSTRUMENT;BLOCK;EUR;59;123.29000000;776;EXCHANGE_LAST;;1;1;XEUR;10804520;636;
02.12.2024;12:15:09.622;FBTP SI 20250306 PS;SIMPLE_INSTRUMENT;BLOCK;EUR;60;122.71000000;388;EXCHANGE_LAST;;1;1;XEUR;11286675;636;
02.12.2024;12:14:40.771;FBTP SI 20241206 PS;SIMPLE_INSTRUMENT;BLOCK;EUR;61;123.40000000;900;EXCHANGE_LAST;;1;1;XEUR;10804520;636;
02.12.2024;12:15:23.186;FBTP SI 20250306 PS;SIMPLE_INSTRUMENT;BLOCK;EUR;62;122.72000000;388;EXCHANGE_LAST;;1;1;XEUR;11286675;636;
02.12.2024;12:15:42.405;FBTP SI 20250306 PS;SIMPLE_INSTRUMENT;BLOCK;EUR;63;122.82000000;450;EXCHANGE_LAST;;1;1;XEUR;11286675;636;
02.12.2024;12:15:50.269;FBTP SI 20250306 PS;SIMPLE_INSTRUMENT;BLOCK;EUR;64;122.83000000;450;EXCHANGE_LAST;;1;1;XEUR;11286675;636;
02.12.2024;12:31:15.488;FBTP SI 20241206 PS;SIMPLE_INSTRUMENT;BLOCK;EUR;65;123.34000000;5177;EXCHANGE_LAST;;1;1;XEUR;10804520;636;
02.12.2024;12:32:10.580;FBTP SI 20250306 PS;SIMPLE_INSTRUMENT;BLOCK;EUR;66;122.77000000;2589;EXCHANGE_LAST;;1;1;XEUR;11286675;636;
02.12.2024;12:32:26.528;FBTP SI 20250306 PS;SIMPLE_INSTRUMENT;BLOCK;EUR;67;122.76000000;2588;EXCHANGE_LAST;;1;1;XEUR;11286675;636;
02.12.2024;12:32:37.831;FBTP SI 20241206 PS;SIMPLE_INSTRUMENT;EFP_FIN;EUR;68;123.26000000;337;EXCHANGE_LAST;;1;1;XEUR;10804520;636;
02.12.2024;13:02:12.690;FBTP.S.DEC24.MAR25.SPD;FUTURES_SPREAD;BLOCK;EUR;69;0.57000000;342;EXCHANGE_LAST;;1;1;XEUR;72060325637128282;636;
02.12.2024;13:02:12.690;FBTP SI 20241206 PS;SIMPLE_INSTRUMENT;BLOCK;EUR;69;123.30000000;342;PRC_DECOMP_EXCHANGE;;;;XEUR;10804520;636;EXCHANGE
02.12.2024;13:02:12.690;FBTP SI 20250306 PS;SIMPLE_INSTRUMENT;BLOCK;EUR;69;122.73000000;342;PRC_DECOMP_EXCHANGE;;;;XEUR;11286675;636;EXCHANGE
02.12.2024;13:06:41.617;FBTP SI 20241206 PS;SIMPLE_INSTRUMENT;EFP_FIN;EUR;70;123.36000000;516;EXCHANGE_LAST;;1;1;XEUR;10804520;636;
02.12.2024;13:11:04.633;FBTP SI 20241206 PS;SIMPLE_INSTRUMENT;EFP_FIN;EUR;71;123.31000000;283;EXCHANGE_LAST;;1;1;XEUR;10804520;636;
02.12.2024;13:13:42.799;FBTP SI 20241206 PS;SIMPLE_INSTRUMENT;EFP_FIN;EUR;72;123.34000000;389;EXCHANGE_LAST;;1;1;XEUR;10804520;636;
02.12.2024;13:23:34.762;FBTP SI 20241206 PS;SIMPLE_INSTRUMENT;EFP_FIN;EUR;73;123.33000000;802;EXCHANGE_LAST;;1;1;XEUR;10804520;636;
02.12.2024;13:28:19.542;FBTP.S.DEC24.MAR25.SPD;FUTURES_SPREAD;BLOCK;EUR;74;0.58000000;274;EXCHANGE_LAST;;1;1;XEUR;72060325637128282;636;
02.12.2024;13:28:19.542;FBTP SI 20241206 PS;SIMPLE_INSTRUMENT;BLOCK;EUR;74;123.17000000;274;PRC_DECOMP_EXCHANGE;;;;XEUR;10804520;636;EXCHANGE
02.12.2024;13:28:19.542;FBTP SI 20250306 PS;SIMPLE_INSTRUMENT;BLOCK;EUR;74;122.59000000;274;PRC_DECOMP_EXCHANGE;;;;XEUR;11286675;636;EXCHANGE
02.12.2024;13:28:36.084;FBTP.S.DEC24.MAR25.SPD;FUTURES_SPREAD;BLOCK;EUR;75;0.57000000;274;EXCHANGE_LAST;;1;1;XEUR;72060325637128282;636;
02.12.2024;13:28:36.084;FBTP SI 20241206 PS;SIMPLE_INSTRUMENT;BLOCK;EUR;75;123.15000000;274;PRC_DECOMP_EXCHANGE;;;;XEUR;10804520;636;EXCHANGE
02.12.2024;13:28:36.084;FBTP SI 20250306 PS;SIMPLE_INSTRUMENT;BLOCK;EUR;75;122.58000000;274;PRC_DECOMP_EXCHANGE;;;;XEUR;11286675;636;EXCHANGE
02.12.2024;13:37:55.669;FBTP.S.DEC24.MAR25.SPD;FUTURES_SPREAD;BLOCK;EUR;76;0.57000000;500;EXCHANGE_LAST;;1;1;XEUR;72060325637128282;636;
02.12.2024;13:37:55.669;FBTP SI 20241206 PS;SIMPLE_INSTRUMENT;BLOCK;EUR;76;123.15000000;500;PRC_DECOMP_EXCHANGE;;;;XEUR;10804520;636;EXCHANGE
02.12.2024;13:37:55.669;FBTP SI 20250306 PS;SIMPLE_INSTRUMENT;BLOCK;EUR;76;122.58000000;500;PRC_DECOMP_EXCHANGE;;;;XEUR;11286675;636;EXCHANGE
02.12.2024;13:38:04.624;FBTP.S.DEC24.MAR25.SPD;FUTURES_SPREAD;BLOCK;EUR;77;0.58000000;500;EXCHANGE_LAST;;1;1;XEUR;72060325637128282;636;
02.12.2024;13:38:04.624;FBTP SI 20241206 PS;SIMPLE_INSTRUMENT;BLOCK;EUR;77;123.16000000;500;PRC_DECOMP_EXCHANGE;;;;XEUR;10804520;636;EXCHANGE
02.12.2024;13:38:04.624;FBTP SI 20250306 PS;SIMPLE_INSTRUMENT;BLOCK;EUR;77;122.58000000;500;PRC_DECOMP_EXCHANGE;;;;XEUR;11286675;636;EXCHANGE
02.12.2024;13:44:37.707;FBTP SI 20241206 PS;SIMPLE_INSTRUMENT;EFP_FIN;EUR;78;123.16000000;289;EXCHANGE_LAST;;1;1;XEUR;10804520;636;
02.12.2024;13:48:17.911;FBTP SI 20241206 PS;SIMPLE_INSTRUMENT;EFP_FIN;EUR;79;123.20000000;548;EXCHANGE_LAST;;1;1;XEUR;10804520;636;
02.12.2024;13:49:03.484;FBTP SI 20241206 PS;SIMPLE_INSTRUMENT;EFP_FIN;EUR;80;123.35000000;650;EXCHANGE_LAST;;1;1;XEUR;10804520;636;
02.12.2024;13:50:45.703;FBTP SI 20241206 PS;SIMPLE_INSTRUMENT;BLOCK;EUR;81;123.14000000;1019;EXCHANGE_LAST;;1;1;XEUR;10804520;636;
02.12.2024;13:51:10.759;FBTP SI 20241206 PS;SIMPLE_INSTRUMENT;BLOCK;EUR;82;123.20000000;3000;EXCHANGE_LAST;;1;1;XEUR;10804520;636;
02.12.2024;13:52:07.138;FBTP SI 20250306 PS;SIMPLE_INSTRUMENT;BLOCK;EUR;83;122.57000000;510;EXCHANGE_LAST;;1;1;XEUR;11286675;636;
02.12.2024;13:52:04.762;FBTP SI 20250306 PS;SIMPLE_INSTRUMENT;BLOCK;EUR;84;122.63000000;1500;EXCHANGE_LAST;;1;1;XEUR;11286675;636;
02.12.2024;13:52:21.264;FBTP SI 20250306 PS;SIMPLE_INSTRUMENT;BLOCK;EUR;85;122.56000000;509;EXCHANGE_LAST;;1;1;XEUR;11286675;636;
02.12.2024;13:52:40.765;FBTP SI 20250306 PS;SIMPLE_INSTRUMENT;BLOCK;EUR;86;122.62000000;1500;EXCHANGE_LAST;;1;1;XEUR;11286675;636;
02.12.2024;13:53:45.771;FBTP SI 20241206 PS;SIMPLE_INSTRUMENT;BLOCK;EUR;87;123.20000000;500;EXCHANGE_LAST;;1;1;XEUR;10804520;636;
02.12.2024;13:54:18.773;FBTP SI 20250306 PS;SIMPLE_INSTRUMENT;BLOCK;EUR;88;122.63000000;250;EXCHANGE_LAST;;1;1;XEUR;11286675;636;
02.12.2024;13:54:45.776;FBTP SI 20250306 PS;SIMPLE_INSTRUMENT;BLOCK;EUR;89;122.62000000;250;EXCHANGE_LAST;;1;1;XEUR;11286675;636;
02.12.2024;14:12:20.379;FBTP SI 20250306 PS;SIMPLE_INSTRUMENT;EFP_FIN;EUR;90;122.53000000;268;EXCHANGE_LAST;;1;1;XEUR;11286675;636;
02.12.2024;14:12:53.073;FBTP SI 20241206 PS;SIMPLE_INSTRUMENT;BLOCK;EUR;91;123.11000000;1981;EXCHANGE_LAST;;1;1;XEUR;10804520;636;
02.12.2024;14:13:00.170;FBTP SI 20250306 PS;SIMPLE_INSTRUMENT;BLOCK;EUR;92;122.53000000;990;EXCHANGE_LAST;;1;1;XEUR;11286675;636;
02.12.2024;14:13:09.459;FBTP SI 20250306 PS;SIMPLE_INSTRUMENT;BLOCK;EUR;93;122.54000000;991;EXCHANGE_LAST;;1;1;XEUR;11286675;636;
02.12.2024;14:14:17.837;FBTP SI 20241206 PS;SIMPLE_INSTRUMENT;BLOCK;EUR;94;123.20000000;2000;EXCHANGE_LAST;;1;1;XEUR;10804520;636;
02.12.2024;14:14:50.839;FBTP SI 20250306 PS;SIMPLE_INSTRUMENT;BLOCK;EUR;95;122.63000000;1000;EXCHANGE_LAST;;1;1;XEUR;11286675;636;
02.12.2024;14:15:16.841;FBTP SI 20250306 PS;SIMPLE_INSTRUMENT;BLOCK;EUR;96;122.62000000;1000;EXCHANGE_LAST;;1;1;XEUR;11286675;636;
02.12.2024;14:22:52.330;FBTP.S.DEC24.MAR25.SPD;FUTURES_SPREAD;BLOCK;EUR;97;0.57000000;598;EXCHANGE_LAST;;1;1;XEUR;72060325637128282;636;
02.12.2024;14:22:52.330;FBTP SI 20250306 PS;SIMPLE_INSTRUMENT;BLOCK;EUR;97;122.55000000;598;PRC_DECOMP_MEMBER;;;;XEUR;11286675;636;MEMBER
02.12.2024;14:22:52.330;FBTP SI 20241206 PS;SIMPLE_INSTRUMENT;BLOCK;EUR;97;123.12000000;598;PRC_DECOMP_MEMBER;;;;XEUR;10804520;636;MEMBER
02.12.2024;14:23:01.431;FBTP.S.DEC24.MAR25.SPD;FUTURES_SPREAD;BLOCK;EUR;98;0.58000000;598;EXCHANGE_LAST;;1;1;XEUR;72060325637128282;636;
02.12.2024;14:23:01.431;FBTP SI 20241206 PS;SIMPLE_INSTRUMENT;BLOCK;EUR;98;123.13000000;598;PRC_DECOMP_MEMBER;;;;XEUR;10804520;636;MEMBER
02.12.2024;14:23:01.431;FBTP SI 20250306 PS;SIMPLE_INSTRUMENT;BLOCK;EUR;98;122.55000000;598;PRC_DECOMP_MEMBER;;;;XEUR;11286675;636;MEMBER
02.12.2024;14:26:44.371;FBTP.S.DEC24.MAR25.SPD;FUTURES_SPREAD;BLOCK;EUR;99;0.58000000;271;EXCHANGE_LAST;;1;1;XEUR;72060325637128282;636;
02.12.2024;14:26:44.371;FBTP SI 20241206 PS;SIMPLE_INSTRUMENT;BLOCK;EUR;99;123.17000000;271;PRC_DECOMP_EXCHANGE;;;;XEUR;10804520;636;EXCHANGE
02.12.2024;14:26:44.371;FBTP SI 20250306 PS;SIMPLE_INSTRUMENT;BLOCK;EUR;99;122.59000000;271;PRC_DECOMP_EXCHANGE;;;;XEUR;11286675;636;EXCHANGE
02.12.2024;14:26:45.028;FBTP.S.DEC24.MAR25.SPD;FUTURES_SPREAD;BLOCK;EUR;100;0.57000000;271;EXCHANGE_LAST;;1;1;XEUR;72060325637128282;636;
02.12.2024;14:26:45.028;FBTP SI 20250306 PS;SIMPLE_INSTRUMENT;BLOCK;EUR;100;122.59000000;271;PRC_DECOMP_EXCHANGE;;;;XEUR;11286675;636;EXCHANGE
02.12.2024;14:26:45.028;FBTP SI 20241206 PS;SIMPLE_INSTRUMENT;BLOCK;EUR;100;123.16000000;271;PRC_DECOMP_EXCHANGE;;;;XEUR;10804520;636;EXCHANGE
02.12.2024;14:33:46.036;FBTP.S.DEC24.MAR25.SPD;FUTURES_SPREAD;BLOCK;EUR;101;0.57000000;2037;EXCHANGE_LAST;;1;1;XEUR;72060325637128282;636;
02.12.2024;14:33:46.036;FBTP SI 20241206 PS;SIMPLE_INSTRUMENT;BLOCK;EUR;101;123.20000000;2037;PRC_DECOMP_MEMBER;;;;XEUR;10804520;636;MEMBER
02.12.2024;14:33:46.036;FBTP SI 20250306 PS;SIMPLE_INSTRUMENT;BLOCK;EUR;101;122.63000000;2037;PRC_DECOMP_MEMBER;;;;XEUR;11286675;636;MEMBER
02.12.2024;14:33:26.813;FBTP.S.DEC24.MAR25.SPD;FUTURES_SPREAD;BLOCK;EUR;102;0.58000000;2038;EXCHANGE_LAST;;1;1;XEUR;72060325637128282;636;
02.12.2024;14:33:26.813;FBTP SI 20250306 PS;SIMPLE_INSTRUMENT;BLOCK;EUR;102;122.62000000;2038;PRC_DECOMP_MEMBER;;;;XEUR;11286675;636;MEMBER
02.12.2024;14:33:26.813;FBTP SI 20241206 PS;SIMPLE_INSTRUMENT;BLOCK;EUR;102;123.20000000;2038;PRC_DECOMP_MEMBER;;;;XEUR;10804520;636;MEMBER
02.12.2024;14:48:37.318;FBTP SI 20241206 PS;SIMPLE_INSTRUMENT;BLOCK;EUR;103;123.13000000;1019;EXCHANGE_LAST;;1;1;XEUR;10804520;636;
02.12.2024;14:48:43.265;FBTP SI 20250306 PS;SIMPLE_INSTRUMENT;BLOCK;EUR;104;122.53000000;509;EXCHANGE_LAST;;1;1;XEUR;11286675;636;
02.12.2024;14:48:48.592;FBTP SI 20250306 PS;SIMPLE_INSTRUMENT;BLOCK;EUR;105;122.54000000;510;EXCHANGE_LAST;;1;1;XEUR;11286675;636;
02.12.2024;14:50:55.245;FBTP SI 20241206 PS;SIMPLE_INSTRUMENT;EFP_FIN;EUR;106;123.18000000;124;EXCHANGE_LAST;;1;1;XEUR;10804520;636;
02.12.2024;15:02:24.113;FBTP SI 20241206 PS;SIMPLE_INSTRUMENT;BLOCK;EUR;107;123.15000000;642;EXCHANGE_LAST;;1;1;XEUR;10804520;636;
02.12.2024;15:02:25.288;FBTP SI 20250306 PS;SIMPLE_INSTRUMENT;BLOCK;EUR;108;122.56000000;660;EXCHANGE_LAST;;1;1;XEUR;11286675;636;
02.12.2024;15:03:20.735;FBTP SI 20250306 PS;SIMPLE_INSTRUMENT;EFP_FIN;EUR;109;122.75000000;895;EXCHANGE_LAST;;1;1;XEUR;11286675;636;
02.12.2024;15:06:53.044;FBTP SI 20241206 PS;SIMPLE_INSTRUMENT;BLOCK;EUR;110;123.18000000;893;EXCHANGE_LAST;;1;1;XEUR;10804520;636;
02.12.2024;15:16:23.674;FBTP SI 20241206 PS;SIMPLE_INSTRUMENT;EFP_FIN;EUR;111;123.05000000;304;EXCHANGE_LAST;;1;1;XEUR;10804520;636;
02.12.2024;15:21:23.661;FBTP SI 20250306 PS;SIMPLE_INSTRUMENT;EFP_FIN;EUR;112;122.56000000;224;EXCHANGE_LAST;;1;1;XEUR;11286675;636;
02.12.2024;15:20:01.534;FBTP SI 20241206 PS;SIMPLE_INSTRUMENT;EFP_FIN;EUR;113;122.97000000;134;EXCHANGE_LAST;;1;1;XEUR;10804520;636;
02.12.2024;15:58:29.123;FBTP SI 20241206 PS;SIMPLE_INSTRUMENT;BLOCK;EUR;114;123.00000000;854;EXCHANGE_LAST;;1;1;XEUR;10804520;636;
02.12.2024;15:58:34.507;FBTP SI 20241206 PS;SIMPLE_INSTRUMENT;BLOCK;EUR;115;122.99000000;855;EXCHANGE_LAST;;1;1;XEUR;10804520;636;
02.12.2024;15:58:40.668;FBTP SI 20250306 PS;SIMPLE_INSTRUMENT;BLOCK;EUR;116;122.41000000;1709;EXCHANGE_LAST;;1;1;XEUR;11286675;636;
02.12.2024;16:05:44.116;FBTP SI 20241206 PS;SIMPLE_INSTRUMENT;BLOCK;EUR;117;122.97000000;724;EXCHANGE_LAST;;1;1;XEUR;10804520;636;
02.12.2024;16:06:03.447;FBTP SI 20250306 PS;SIMPLE_INSTRUMENT;BLOCK;EUR;118;122.38000000;362;EXCHANGE_LAST;;1;1;XEUR;11286675;636;
02.12.2024;16:07:09.469;FBTP SI 20250306 PS;SIMPLE_INSTRUMENT;BLOCK;EUR;119;122.37000000;362;EXCHANGE_LAST;;1;1;XEUR;11286675;636;
02.12.2024;16:26:42.978;FBTP SI 20241206 PS;SIMPLE_INSTRUMENT;EFP_FIN;EUR;120;123.06000000;774;EXCHANGE_LAST;;1;1;XEUR;10804520;636;
02.12.2024;16:30:27.935;FBTP SI 20241206 PS;SIMPLE_INSTRUMENT;EFP_FIN;EUR;121;123.03000000;768;EXCHANGE_LAST;;1;1;XEUR;10804520;636;
02.12.2024;07:43:58.269;FBTS.S.DEC24.MAR25.SPD;FUTURES_SPREAD;BLOCK;EUR;1;-0.03000000;500;EXCHANGE_LAST;;1;1;XEUR;72060338522030170;639;
02.12.2024;07:43:58.269;FBTS SI 20241206 PS;SIMPLE_INSTRUMENT;BLOCK;EUR;1;107.82000000;500;PRC_DECOMP_EXCHANGE;;;;XEUR;10804522;639;EXCHANGE
02.12.2024;07:43:58.269;FBTS SI 20250306 PS;SIMPLE_INSTRUMENT;BLOCK;EUR;1;107.85000000;500;PRC_DECOMP_EXCHANGE;;;;XEUR;11286677;639;EXCHANGE
02.12.2024;07:44:00.269;FBTS.S.DEC24.MAR25.SPD;FUTURES_SPREAD;BLOCK;EUR;2;-0.02000000;500;EXCHANGE_LAST;;1;1;XEUR;72060338522030170;639;
02.12.2024;07:44:00.269;FBTS SI 20250306 PS;SIMPLE_INSTRUMENT;BLOCK;EUR;2;107.85000000;500;PRC_DECOMP_EXCHANGE;;;;XEUR;11286677;639;EXCHANGE
02.12.2024;07:44:00.269;FBTS SI 20241206 PS;SIMPLE_INSTRUMENT;BLOCK;EUR;2;107.83000000;500;PRC_DECOMP_EXCHANGE;;;;XEUR;10804522;639;EXCHANGE
02.12.2024;09:15:42.670;FBTS SI 20241206 PS;SIMPLE_INSTRUMENT;BLOCK;EUR;14;107.90000000;4000;EXCHANGE_LAST;;1;1;XEUR;10804522;639;
02.12.2024;09:16:24.466;FBTS SI 20250306 PS;SIMPLE_INSTRUMENT;BLOCK;EUR;15;107.93000000;2000;EXCHANGE_LAST;;1;1;XEUR;11286677;639;
02.12.2024;09:16:24.513;FBTS SI 20250306 PS;SIMPLE_INSTRUMENT;BLOCK;EUR;16;107.94000000;2000;EXCHANGE_LAST;;1;1;XEUR;11286677;639;
02.12.2024;09:21:34.699;FBTS SI 20241206 PS;SIMPLE_INSTRUMENT;BLOCK;EUR;19;107.90000000;8152;EXCHANGE_LAST;;1;1;XEUR;10804522;639;
02.12.2024;09:22:37.013;FBTS SI 20250306 PS;SIMPLE_INSTRUMENT;BLOCK;EUR;20;107.93000000;4076;EXCHANGE_LAST;;1;1;XEUR;11286677;639;
02.12.2024;09:22:37.034;FBTS SI 20250306 PS;SIMPLE_INSTRUMENT;BLOCK;EUR;21;107.94000000;4076;EXCHANGE_LAST;;1;1;XEUR;11286677;639;
02.12.2024;09:24:18.088;FBTS SI 20241206 PS;SIMPLE_INSTRUMENT;BLOCK;EUR;23;107.89000000;500;EXCHANGE_LAST;;1;1;XEUR;10804522;639;
02.12.2024;09:24:57.088;FBTS SI 20241206 PS;SIMPLE_INSTRUMENT;BLOCK;EUR;24;107.88000000;500;EXCHANGE_LAST;;1;1;XEUR;10804522;639;
02.12.2024;09:25:28.423;FBTS SI 20250306 PS;SIMPLE_INSTRUMENT;BLOCK;EUR;25;107.92000000;1000;EXCHANGE_LAST;;1;1;XEUR;11286677;639;
02.12.2024;09:25:53.614;FBTS SI 20241206 PS;SIMPLE_INSTRUMENT;BLOCK;EUR;26;107.90000000;300;EXCHANGE_LAST;;1;1;XEUR;10804522;639;
02.12.2024;09:26:10.127;FBTS SI 20241206 PS;SIMPLE_INSTRUMENT;BLOCK;EUR;27;107.89000000;534;EXCHANGE_LAST;;1;1;XEUR;10804522;639;
02.12.2024;09:26:45.933;FBTS SI 20241206 PS;SIMPLE_INSTRUMENT;BLOCK;EUR;28;107.88000000;535;EXCHANGE_LAST;;1;1;XEUR;10804522;639;
02.12.2024;09:26:53.692;FBTS SI 20250306 PS;SIMPLE_INSTRUMENT;BLOCK;EUR;29;107.93000000;150;EXCHANGE_LAST;;1;1;XEUR;11286677;639;
02.12.2024;09:26:53.712;FBTS SI 20250306 PS;SIMPLE_INSTRUMENT;BLOCK;EUR;30;107.94000000;150;EXCHANGE_LAST;;1;1;XEUR;11286677;639;
02.12.2024;09:27:59.182;FBTS SI 20250306 PS;SIMPLE_INSTRUMENT;BLOCK;EUR;31;107.92000000;1069;EXCHANGE_LAST;;1;1;XEUR;11286677;639;
02.12.2024;09:31:57.574;FBTS SI 20241206 PS;SIMPLE_INSTRUMENT;EFP_FIN;EUR;32;107.88000000;10246;EXCHANGE_LAST;;1;1;XEUR;10804522;639;
02.12.2024;09:42:10.452;FBTS SI 20241206 PS;SIMPLE_INSTRUMENT;BLOCK;EUR;33;107.88000000;6506;EXCHANGE_LAST;;1;1;XEUR;10804522;639;
02.12.2024;09:43:19.209;FBTS SI 20241206 PS;SIMPLE_INSTRUMENT;EFP_FIN;EUR;34;107.88000000;2207;EXCHANGE_LAST;;1;1;XEUR;10804522;639;
02.12.2024;09:43:21.084;FBTS SI 20250306 PS;SIMPLE_INSTRUMENT;BLOCK;EUR;35;107.91000000;3253;EXCHANGE_LAST;;1;1;XEUR;11286677;639;
02.12.2024;09:43:21.106;FBTS SI 20250306 PS;SIMPLE_INSTRUMENT;BLOCK;EUR;36;107.92000000;3253;EXCHANGE_LAST;;1;1;XEUR;11286677;639;
02.12.2024;09:55:38.271;FBTS SI 20241206 PS;SIMPLE_INSTRUMENT;BLOCK;EUR;41;107.86000000;479;EXCHANGE_LAST;;1;1;XEUR;10804522;639;
02.12.2024;09:56:06.092;FBTS SI 20250306 PS;SIMPLE_INSTRUMENT;BLOCK;EUR;42;107.89000000;239;EXCHANGE_LAST;;1;1;XEUR;11286677;639;
02.12.2024;09:56:17.293;FBTS SI 20250306 PS;SIMPLE_INSTRUMENT;BLOCK;EUR;43;107.90000000;240;EXCHANGE_LAST;;1;1;XEUR;11286677;639;
02.12.2024;09:59:59.547;FBTS SI 20241206 PS;SIMPLE_INSTRUMENT;EFP_FIN;EUR;44;107.88000000;221;EXCHANGE_LAST;;1;1;XEUR;10804522;639;
02.12.2024;10:00:48.723;FBTS SI 20241206 PS;SIMPLE_INSTRUMENT;EFP_FIN;EUR;45;107.88000000;221;EXCHANGE_LAST;;1;1;XEUR;10804522;639;
02.12.2024;10:01:07.056;FBTS SI 20241206 PS;SIMPLE_INSTRUMENT;EFP_FIN;EUR;47;107.88000000;1494;EXCHANGE_LAST;;1;1;XEUR;10804522;639;
02.12.2024;10:08:29.078;FBTS SI 20241206 PS;SIMPLE_INSTRUMENT;EFP_FIN;EUR;55;107.88000000;2418;EXCHANGE_LAST;;1;1;XEUR;10804522;639;
02.12.2024;10:11:08.222;FBTS SI 20241206 PS;SIMPLE_INSTRUMENT;EFP_FIN;EUR;56;107.87000000;631;EXCHANGE_LAST;;1;1;XEUR;10804522;639;
02.12.2024;10:16:05.412;FBTS SI 20241206 PS;SIMPLE_INSTRUMENT;BLOCK;EUR;58;107.88000000;3854;EXCHANGE_LAST;;1;1;XEUR;10804522;639;
02.12.2024;10:17:36.791;FBTS SI 20241206 PS;SIMPLE_INSTRUMENT;EFP_FIN;EUR;59;107.89000000;3760;EXCHANGE_LAST;;1;1;XEUR;10804522;639;
02.12.2024;10:22:24.998;FBTS SI 20241206 PS;SIMPLE_INSTRUMENT;BLOCK;EUR;63;107.89000000;3761;EXCHANGE_LAST;;1;1;XEUR;10804522;639;
02.12.2024;10:27:43.549;FBTS SI 20241206 PS;SIMPLE_INSTRUMENT;EFP_FIN;EUR;64;107.90000000;221;EXCHANGE_LAST;;1;1;XEUR;10804522;639;
02.12.2024;10:25:14.575;FBTS.S.DEC24.MAR25.SPD;FUTURES_SPREAD;BLOCK;EUR;65;-0.03000000;432;EXCHANGE_LAST;;1;1;XEUR;72060338522030170;639;
02.12.2024;10:25:14.575;FBTS SI 20241206 PS;SIMPLE_INSTRUMENT;BLOCK;EUR;65;107.91000000;432;PRC_DECOMP_MEMBER;;;;XEUR;10804522;639;MEMBER
02.12.2024;10:25:14.575;FBTS SI 20250306 PS;SIMPLE_INSTRUMENT;BLOCK;EUR;65;107.94000000;432;PRC_DECOMP_MEMBER;;;;XEUR;11286677;639;MEMBER
02.12.2024;10:26:51.012;FBTS SI 20241206 PS;SIMPLE_INSTRUMENT;BLOCK;EUR;70;107.91000000;1500;EXCHANGE_LAST;;1;1;XEUR;10804522;639;
02.12.2024;10:26:57.588;FBTS SI 20250306 PS;SIMPLE_INSTRUMENT;BLOCK;EUR;71;107.94000000;750;EXCHANGE_LAST;;1;1;XEUR;11286677;639;
02.12.2024;10:27:06.401;FBTS SI 20250306 PS;SIMPLE_INSTRUMENT;BLOCK;EUR;72;107.95000000;750;EXCHANGE_LAST;;1;1;XEUR;11286677;639;
02.12.2024;10:48:49.657;FBTS SI 20241206 PS;SIMPLE_INSTRUMENT;EFP_FIN;EUR;78;107.88000000;221;EXCHANGE_LAST;;1;1;XEUR;10804522;639;
02.12.2024;10:50:10.409;FBTS SI 20250306 PS;SIMPLE_INSTRUMENT;EFP_FIN;EUR;79;107.92000000;680;EXCHANGE_LAST;;1;1;XEUR;11286677;639;
02.12.2024;10:50:22.805;FBTS SI 20250306 PS;SIMPLE_INSTRUMENT;EFP_FIN;EUR;80;107.91000000;681;EXCHANGE_LAST;;1;1;XEUR;11286677;639;
02.12.2024;10:52:40.743;FBTS SI 20241206 PS;SIMPLE_INSTRUMENT;BLOCK;EUR;81;107.88000000;2000;EXCHANGE_LAST;;1;1;XEUR;10804522;639;
02.12.2024;10:53:14.152;FBTS SI 20250306 PS;SIMPLE_INSTRUMENT;BLOCK;EUR;82;107.91000000;1000;EXCHANGE_LAST;;1;1;XEUR;11286677;639;
02.12.2024;10:53:14.701;FBTS SI 20250306 PS;SIMPLE_INSTRUMENT;EFP_FIN;EUR;83;107.91000000;908;EXCHANGE_LAST;;1;1;XEUR;11286677;639;
02.12.2024;10:53:45.392;FBTS SI 20241206 PS;SIMPLE_INSTRUMENT;EFP_FIN;EUR;84;107.87000000;1692;EXCHANGE_LAST;;1;1;XEUR;10804522;639;
02.12.2024;10:54:52.671;FBTS SI 20250306 PS;SIMPLE_INSTRUMENT;BLOCK;EUR;85;107.92000000;1000;EXCHANGE_LAST;;1;1;XEUR;11286677;639;
02.12.2024;11:01:26.767;FBTS SI 20241206 PS;SIMPLE_INSTRUMENT;BLOCK;EUR;88;107.90000000;3366;EXCHANGE_LAST;;1;1;XEUR;10804522;639;
02.12.2024;11:04:00.513;FBTS SI 20250306 PS;SIMPLE_INSTRUMENT;BLOCK;EUR;89;107.94000000;1683;EXCHANGE_LAST;;1;1;XEUR;11286677;639;
02.12.2024;11:09:43.403;FBTS SI 20241206 PS;SIMPLE_INSTRUMENT;BLOCK;EUR;90;107.88000000;249;EXCHANGE_LAST;;1;1;XEUR;10804522;639;
02.12.2024;11:09:44.490;FBTS SI 20250306 PS;SIMPLE_INSTRUMENT;BLOCK;EUR;91;107.92000000;259;EXCHANGE_LAST;;1;1;XEUR;11286677;639;
02.12.2024;11:06:40.083;FBTS SI 20250306 PS;SIMPLE_INSTRUMENT;BLOCK;EUR;92;107.93000000;1683;EXCHANGE_LAST;;1;1;XEUR;11286677;639;
02.12.2024;11:27:49.135;FBTS SI 20241206 PS;SIMPLE_INSTRUMENT;EFP_FIN;EUR;98;107.87000000;1743;EXCHANGE_LAST;;1;1;XEUR;10804522;639;
02.12.2024;11:34:24.929;FBTS SI 20241206 PS;SIMPLE_INSTRUMENT;EFP_FIN;EUR;103;107.88000000;97;EXCHANGE_LAST;;1;1;XEUR;10804522;639;
02.12.2024;11:39:20.336;FBTS SI 20241206 PS;SIMPLE_INSTRUMENT;EFP_FIN;EUR;104;107.89000000;1324;EXCHANGE_LAST;;1;1;XEUR;10804522;639;
02.12.2024;11:43:21.483;FBTS SI 20250306 PS;SIMPLE_INSTRUMENT;EFP_FIN;EUR;105;107.92000000;1361;EXCHANGE_LAST;;1;1;XEUR;11286677;639;
02.12.2024;11:46:01.563;FBTS SI 20241206 PS;SIMPLE_INSTRUMENT;EFP_FIN;EUR;108;107.87000000;3469;EXCHANGE_LAST;;1;1;XEUR;10804522;639;
02.12.2024;11:52:09.687;FBTS SI 20250306 PS;SIMPLE_INSTRUMENT;EFP_FIN;EUR;110;107.91000000;1454;EXCHANGE_LAST;;1;1;XEUR;11286677;639;
02.12.2024;11:52:35.422;FBTS SI 20250306 PS;SIMPLE_INSTRUMENT;EFP_FIN;EUR;111;107.93000000;1816;EXCHANGE_LAST;;1;1;XEUR;11286677;639;
02.12.2024;11:53:15.889;FBTS SI 20241206 PS;SIMPLE_INSTRUMENT;EFP_FIN;EUR;112;107.87000000;940;EXCHANGE_LAST;;1;1;XEUR;10804522;639;
02.12.2024;11:53:50.987;FBTS SI 20241206 PS;SIMPLE_INSTRUMENT;EFP_FIN;EUR;113;107.88000000;204;EXCHANGE_LAST;;1;1;XEUR;10804522;639;
02.12.2024;12:03:02.488;FBTS SI 20241206 PS;SIMPLE_INSTRUMENT;EFP_FIN;EUR;118;107.88000000;940;EXCHANGE_LAST;;1;1;XEUR;10804522;639;
02.12.2024;12:05:11.394;FBTS SI 20250306 PS;SIMPLE_INSTRUMENT;EFP_FIN;EUR;119;107.88000000;1589;EXCHANGE_LAST;;1;1;XEUR;11286677;639;
02.12.2024;12:28:19.313;FBTS SI 20241206 PS;SIMPLE_INSTRUMENT;BLOCK;EUR;132;107.90000000;2698;EXCHANGE_LAST;;1;1;XEUR;10804522;639;
02.12.2024;12:28:33.193;FBTS SI 20250306 PS;SIMPLE_INSTRUMENT;EFP_FIN;EUR;133;107.89000000;908;EXCHANGE_LAST;;1;1;XEUR;11286677;639;
02.12.2024;12:28:38.343;FBTS SI 20250306 PS;SIMPLE_INSTRUMENT;BLOCK;EUR;134;107.92000000;1349;EXCHANGE_LAST;;1;1;XEUR;11286677;639;
02.12.2024;12:28:46.246;FBTS SI 20250306 PS;SIMPLE_INSTRUMENT;BLOCK;EUR;135;107.93000000;1349;EXCHANGE_LAST;;1;1;XEUR;11286677;639;
02.12.2024;12:39:33.285;FBTS SI 20241206 PS;SIMPLE_INSTRUMENT;BLOCK;EUR;138;107.89000000;830;EXCHANGE_LAST;;1;1;XEUR;10804522;639;
02.12.2024;12:41:00.828;FBTS SI 20250306 PS;SIMPLE_INSTRUMENT;EFP_FIN;EUR;139;107.89000000;590;EXCHANGE_LAST;;1;1;XEUR;11286677;639;
02.12.2024;12:45:04.696;FBTS SI 20250306 PS;SIMPLE_INSTRUMENT;EFP_FIN;EUR;140;107.92000000;908;EXCHANGE_LAST;;1;1;XEUR;11286677;639;
02.12.2024;12:53:30.602;FBTS SI 20250306 PS;SIMPLE_INSTRUMENT;EFP_FIN;EUR;141;107.93000000;1452;EXCHANGE_LAST;;1;1;XEUR;11286677;639;
02.12.2024;12:54:18.576;FBTS SI 20241206 PS;SIMPLE_INSTRUMENT;EFP_FIN;EUR;143;107.91000000;2237;EXCHANGE_LAST;;1;1;XEUR;10804522;639;
02.12.2024;12:56:20.817;FBTS SI 20250306 PS;SIMPLE_INSTRUMENT;EFP_FIN;EUR;144;107.92000000;908;EXCHANGE_LAST;;1;1;XEUR;11286677;639;
02.12.2024;13:02:11.304;FBTS SI 20241206 PS;SIMPLE_INSTRUMENT;EFP_FIN;EUR;147;107.91000000;344;EXCHANGE_LAST;;1;1;XEUR;10804522;639;
02.12.2024;13:05:23.114;FBTS SI 20241206 PS;SIMPLE_INSTRUMENT;BLOCK;EUR;148;107.89000000;940;EXCHANGE_LAST;;1;1;XEUR;10804522;639;
02.12.2024;13:10:03.098;FBTS SI 20241206 PS;SIMPLE_INSTRUMENT;EFP_FIN;EUR;151;107.90000000;141;EXCHANGE_LAST;;1;1;XEUR;10804522;639;
02.12.2024;13:10:15.651;FBTS SI 20241206 PS;SIMPLE_INSTRUMENT;EFP_FIN;EUR;152;107.90000000;1880;EXCHANGE_LAST;;1;1;XEUR;10804522;639;
02.12.2024;13:12:19.966;FBTS SI 20241206 PS;SIMPLE_INSTRUMENT;BLOCK;EUR;153;107.93000000;940;EXCHANGE_LAST;;1;1;XEUR;10804522;639;
02.12.2024;13:13:29.212;FBTS SI 20250306 PS;SIMPLE_INSTRUMENT;EFP_FIN;EUR;154;107.92000000;681;EXCHANGE_LAST;;1;1;XEUR;11286677;639;
02.12.2024;13:28:43.030;FBTS SI 20241206 PS;SIMPLE_INSTRUMENT;EFP_FIN;EUR;157;107.90000000;1410;EXCHANGE_LAST;;1;1;XEUR;10804522;639;
02.12.2024;13:30:06.129;FBTS SI 20241206 PS;SIMPLE_INSTRUMENT;BLOCK;EUR;158;107.87000000;947;EXCHANGE_LAST;;1;1;XEUR;10804522;639;
02.12.2024;13:31:26.939;FBTS SI 20241206 PS;SIMPLE_INSTRUMENT;EFP_FIN;EUR;161;107.90000000;940;EXCHANGE_LAST;;1;1;XEUR;10804522;639;
02.12.2024;13:33:45.293;FBTS SI 20250306 PS;SIMPLE_INSTRUMENT;BLOCK;EUR;162;107.91000000;474;EXCHANGE_LAST;;1;1;XEUR;11286677;639;
02.12.2024;13:34:05.337;FBTS SI 20250306 PS;SIMPLE_INSTRUMENT;BLOCK;EUR;163;107.90000000;473;EXCHANGE_LAST;;1;1;XEUR;11286677;639;
02.12.2024;13:36:27.557;FBTS.S.DEC24.MAR25.SPD;FUTURES_SPREAD;BLOCK;EUR;164;-0.03000000;509;EXCHANGE_LAST;;1;1;XEUR;72060338522030170;639;
02.12.2024;13:36:27.557;FBTS SI 20241206 PS;SIMPLE_INSTRUMENT;BLOCK;EUR;164;107.87000000;509;PRC_DECOMP_MEMBER;;;;XEUR;10804522;639;MEMBER
02.12.2024;13:36:27.557;FBTS SI 20250306 PS;SIMPLE_INSTRUMENT;BLOCK;EUR;164;107.90000000;509;PRC_DECOMP_MEMBER;;;;XEUR;11286677;639;MEMBER
02.12.2024;13:36:38.325;FBTS.S.DEC24.MAR25.SPD;FUTURES_SPREAD;BLOCK;EUR;165;-0.04000000;509;EXCHANGE_LAST;;1;1;XEUR;72060338522030170;639;
02.12.2024;13:36:38.325;FBTS SI 20250306 PS;SIMPLE_INSTRUMENT;BLOCK;EUR;165;107.91000000;509;PRC_DECOMP_MEMBER;;;;XEUR;11286677;639;MEMBER
02.12.2024;13:36:38.325;FBTS SI 20241206 PS;SIMPLE_INSTRUMENT;BLOCK;EUR;165;107.87000000;509;PRC_DECOMP_MEMBER;;;;XEUR;10804522;639;MEMBER
02.12.2024;13:38:13.476;FBTS SI 20241206 PS;SIMPLE_INSTRUMENT;EFP_FIN;EUR;166;107.86000000;1880;EXCHANGE_LAST;;1;1;XEUR;10804522;639;
02.12.2024;13:44:39.735;FBTS SI 20241206 PS;SIMPLE_INSTRUMENT;BLOCK;EUR;171;107.87000000;500;EXCHANGE_LAST;;1;1;XEUR;10804522;639;
02.12.2024;13:46:15.740;FBTS SI 20250306 PS;SIMPLE_INSTRUMENT;BLOCK;EUR;172;107.90000000;250;EXCHANGE_LAST;;1;1;XEUR;11286677;639;
02.12.2024;13:47:19.745;FBTS SI 20250306 PS;SIMPLE_INSTRUMENT;BLOCK;EUR;173;107.91000000;250;EXCHANGE_LAST;;1;1;XEUR;11286677;639;
02.12.2024;13:48:11.274;FBTS SI 20241206 PS;SIMPLE_INSTRUMENT;BLOCK;EUR;174;107.86000000;1065;EXCHANGE_LAST;;1;1;XEUR;10804522;639;
02.12.2024;13:49:27.702;FBTS SI 20250306 PS;SIMPLE_INSTRUMENT;BLOCK;EUR;176;107.89000000;532;EXCHANGE_LAST;;1;1;XEUR;11286677;639;
02.12.2024;13:49:40.864;FBTS SI 20250306 PS;SIMPLE_INSTRUMENT;BLOCK;EUR;177;107.90000000;533;EXCHANGE_LAST;;1;1;XEUR;11286677;639;
02.12.2024;13:50:24.021;FBTS SI 20241206 PS;SIMPLE_INSTRUMENT;BLOCK;EUR;178;107.86000000;2000;EXCHANGE_LAST;;1;1;XEUR;10804522;639;
02.12.2024;13:51:17.296;FBTS SI 20250306 PS;SIMPLE_INSTRUMENT;BLOCK;EUR;179;107.89000000;1000;EXCHANGE_LAST;;1;1;XEUR;11286677;639;
02.12.2024;13:51:26.321;FBTS SI 20250306 PS;SIMPLE_INSTRUMENT;BLOCK;EUR;180;107.90000000;1000;EXCHANGE_LAST;;1;1;XEUR;11286677;639;
02.12.2024;13:55:02.930;FBTS SI 20241206 PS;SIMPLE_INSTRUMENT;EFP_FIN;EUR;181;107.93000000;2350;EXCHANGE_LAST;;1;1;XEUR;10804522;639;
02.12.2024;14:05:37.581;FBTS SI 20241206 PS;SIMPLE_INSTRUMENT;BLOCK;EUR;184;107.87000000;4481;EXCHANGE_LAST;;1;1;XEUR;10804522;639;
02.12.2024;14:09:48.706;FBTS SI 20250306 PS;SIMPLE_INSTRUMENT;BLOCK;EUR;187;107.90000000;2102;EXCHANGE_LAST;;1;1;XEUR;11286677;639;
02.12.2024;14:10:16.479;FBTS SI 20250306 PS;SIMPLE_INSTRUMENT;BLOCK;EUR;188;107.91000000;2102;EXCHANGE_LAST;;1;1;XEUR;11286677;639;
02.12.2024;14:14:51.930;FBTS SI 20241206 PS;SIMPLE_INSTRUMENT;EFP_FIN;EUR;191;107.87000000;940;EXCHANGE_LAST;;1;1;XEUR;10804522;639;
02.12.2024;14:32:04.073;FBTS SI 20241206 PS;SIMPLE_INSTRUMENT;BLOCK;EUR;194;107.88000000;4709;EXCHANGE_LAST;;1;1;XEUR;10804522;639;
02.12.2024;14:57:09.289;FBTS SI 20250306 PS;SIMPLE_INSTRUMENT;EFP_FIN;EUR;200;107.91000000;681;EXCHANGE_LAST;;1;1;XEUR;11286677;639;
02.12.2024;15:05:13.144;FBTS SI 20241206 PS;SIMPLE_INSTRUMENT;BLOCK;EUR;204;107.86000000;2143;EXCHANGE_LAST;;1;1;XEUR;10804522;639;
02.12.2024;15:07:42.291;FBTS SI 20241206 PS;SIMPLE_INSTRUMENT;BLOCK;EUR;205;107.88000000;940;EXCHANGE_LAST;;1;1;XEUR;10804522;639;
02.12.2024;15:08:10.402;FBTS SI 20241206 PS;SIMPLE_INSTRUMENT;BLOCK;EUR;206;107.89000000;2803;EXCHANGE_LAST;;1;1;XEUR;10804522;639;
02.12.2024;15:34:06.136;FBTS SI 20250306 PS;SIMPLE_INSTRUMENT;EFP_FIN;EUR;210;107.91000000;908;EXCHANGE_LAST;;1;1;XEUR;11286677;639;
02.12.2024;15:38:55.592;FBTS.S.DEC24.MAR25.SPD;FUTURES_SPREAD;BLOCK;EUR;211;-0.03000000;5892;EXCHANGE_LAST;;1;1;XEUR;72060338522030170;639;
02.12.2024;15:38:55.592;FBTS SI 20241206 PS;SIMPLE_INSTRUMENT;BLOCK;EUR;211;107.89000000;5892;PRC_DECOMP_EXCHANGE;;;;XEUR;10804522;639;EXCHANGE
02.12.2024;15:38:55.592;FBTS SI 20250306 PS;SIMPLE_INSTRUMENT;BLOCK;EUR;211;107.92000000;5892;PRC_DECOMP_EXCHANGE;;;;XEUR;11286677;639;EXCHANGE
02.12.2024;15:38:47.591;FBTS.S.DEC24.MAR25.SPD;FUTURES_SPREAD;BLOCK;EUR;214;-0.02000000;5893;EXCHANGE_LAST;;1;1;XEUR;72060338522030170;639;
02.12.2024;15:38:47.591;FBTS SI 20241206 PS;SIMPLE_INSTRUMENT;BLOCK;EUR;214;107.90000000;5893;PRC_DECOMP_EXCHANGE;;;;XEUR;10804522;639;EXCHANGE
02.12.2024;15:38:47.591;FBTS SI 20250306 PS;SIMPLE_INSTRUMENT;BLOCK;EUR;214;107.92000000;5893;PRC_DECOMP_EXCHANGE;;;;XEUR;11286677;639;EXCHANGE
02.12.2024;15:47:28.956;FBTS SI 20250306 PS;SIMPLE_INSTRUMENT;EFP_FIN;EUR;216;107.91000000;908;EXCHANGE_LAST;;1;1;XEUR;11286677;639;
02.12.2024;15:57:59.493;FBTS SI 20250306 PS;SIMPLE_INSTRUMENT;EFP_FIN;EUR;218;107.90000000;908;EXCHANGE_LAST;;1;1;XEUR;11286677;639;
02.12.2024;16:04:50.949;FBTS SI 20241206 PS;SIMPLE_INSTRUMENT;BLOCK;EUR;219;107.88000000;1398;EXCHANGE_LAST;;1;1;XEUR;10804522;639;
02.12.2024;16:04:56.406;FBTS SI 20250306 PS;SIMPLE_INSTRUMENT;BLOCK;EUR;220;107.90000000;699;EXCHANGE_LAST;;1;1;XEUR;11286677;639;
02.12.2024;16:05:02.586;FBTS SI 20250306 PS;SIMPLE_INSTRUMENT;BLOCK;EUR;221;107.91000000;699;EXCHANGE_LAST;;1;1;XEUR;11286677;639;
02.12.2024;16:21:59.055;FBTS SI 20241206 PS;SIMPLE_INSTRUMENT;EFP_FIN;EUR;225;107.87000000;1208;EXCHANGE_LAST;;1;1;XEUR;10804522;639;
02.12.2024;16:30:05.756;FBTS SI 20241206 PS;SIMPLE_INSTRUMENT;EFP_FIN;EUR;227;107.89000000;2350;EXCHANGE_LAST;;1;1;XEUR;10804522;639;
02.12.2024;16:32:24.374;FBTS SI 20250306 PS;SIMPLE_INSTRUMENT;EFP_FIN;EUR;228;107.92000000;908;EXCHANGE_LAST;;1;1;XEUR;11286677;639;
02.12.2024;16:46:54.808;FBTS SI 20241206 PS;SIMPLE_INSTRUMENT;EFP_FIN;EUR;230;107.89000000;2344;EXCHANGE_LAST;;1;1;XEUR;10804522;639;
02.12.2024;15:00:10.680;FCBU SI 20250103 CS;SIMPLE_INSTRUMENT;BLOCK;USD;6;0.16431000;200;EXCHANGE_LAST;;1;1;XEUR;10519769;570870;
02.12.2024;08:48:39.051;FCEU SI 20241216 PS;SIMPLE_INSTRUMENT;BLOCK;USD;2;1.05070000;154;EXCHANGE_LAST;;1;1;XEUR;7140363;369376;
02.12.2024;12:04:15.615;FCEU SI 20241216 PS;SIMPLE_INSTRUMENT;BLOCK;USD;4;1.05250000;90;EXCHANGE_LAST;;1;1;XEUR;7140363;369376;
02.12.2024;16:14:01.828;FCEU SI 20241216 PS;SIMPLE_INSTRUMENT;BLOCK;USD;8;1.04745000;258;EXCHANGE_LAST;;1;1;XEUR;7140363;369376;
02.12.2024;08:01:07.393;FCPE SI 20241230 CS;SIMPLE_INSTRUMENT;BLOCK;USD;1;172.68000000;38;EXCHANGE_LAST;;1;1;XEUR;4680365;586;
02.12.2024;08:01:31.802;FCPE SI 20241230 CS;SIMPLE_INSTRUMENT;BLOCK;USD;2;172.67000000;12;EXCHANGE_LAST;;1;1;XEUR;4680365;586;
02.12.2024;15:21:42.676;FCPU SI 20241216 PS;SIMPLE_INSTRUMENT;BLOCK;USD;7;1.26270000;659;EXCHANGE_LAST;;1;1;XEUR;7140366;369379;
02.12.2024;07:50:50.199;FCZU SI 20241216 CS;SIMPLE_INSTRUMENT;BLOCK;USD;1;0.05495000;195;EXCHANGE_LAST;;1;1;XEUR;10921064;570872;
02.12.2024;10:10:43.164;FCZU SI 20241216 CS;SIMPLE_INSTRUMENT;BLOCK;USD;3;0.05498000;130;EXCHANGE_LAST;;1;1;XEUR;10921064;570872;
02.12.2024;12:31:32.542;FCZU SI 20241216 CS;SIMPLE_INSTRUMENT;BLOCK;USD;5;0.05483000;100;EXCHANGE_LAST;;1;1;XEUR;10921064;570872;
02.12.2024;11:07:26.319;FD3D SI 20271217 CS;SIMPLE_INSTRUMENT;BLOCK;EUR;11;106.50000000;350;EXCHANGE_LAST;;1;1;XEUR;8782208;588;
02.12.2024;15:51:42.335;FDAX SI 20241220 CS;SIMPLE_INSTRUMENT;EFP_IDX;EUR;1;19875.00000000;100;EXCHANGE_LAST;;1;1;XEUR;7296065;589;
02.12.2024;16:38:23.213;FDAX SI 20241220 CS;SIMPLE_INSTRUMENT;EFP_IDX;EUR;2;19950.00000000;200;EXCHANGE_LAST;;1;1;XEUR;7296065;589;
02.12.2024;16:51:15.560;FDAX SI 20241220 CS;SIMPLE_INSTRUMENT;EFP_IDX;EUR;3;19971.00000000;23;EXCHANGE_LAST;;1;1;XEUR;7296065;589;
02.12.2024;16:51:21.959;FDAX SI 20241220 CS;SIMPLE_INSTRUMENT;EFP_IDX;EUR;4;19972.00000000;37;EXCHANGE_LAST;;1;1;XEUR;7296065;589;
02.12.2024;10:10:59.110;FDAX SI 20241220 CS;SIMPLE_INSTRUMENT;VOLA;EUR;671088644;19670.00000000;20;EXCHANGE_LAST;;1;1;XEUR;7296065;589;
02.12.2024;10:10:52.519;FDAX SI 20241220 CS;SIMPLE_INSTRUMENT;VOLA;EUR;671088645;19670.00000000;33;EXCHANGE_LAST;;1;1;XEUR;7296065;589;
02.12.2024;16:29:21.329;FDAX SI 20241220 CS;SIMPLE_INSTRUMENT;VOLA;EUR;671088664;19950.00000000;58;EXCHANGE_LAST;;1;1;XEUR;7296065;589;
02.12.2024;15:56:30.423;FEBD SI 20251219 CS;SIMPLE_INSTRUMENT;BLOCK;EUR;24;10.15000000;1000;EXCHANGE_LAST;;1;1;XEUR;5914075;597;
02.12.2024;16:17:36.104;FES1 SI 20241220 PS;SIMPLE_INSTRUMENT;BLOCK;EUR;25;10.10000000;500;EXCHANGE_LAST;;1;1;XEUR;10869579;58959;
02.12.2024;08:57:56.437;FESB SI 20241220 CS;SIMPLE_INSTRUMENT;BLOCK;EUR;34;138.50000000;4400;EXCHANGE_LAST;;1;1;XEUR;10838895;605;
02.12.2024;12:15:11.104;FESB SI 20241220 CS;SIMPLE_INSTRUMENT;BLOCK;EUR;40;139.00000000;5000;EXCHANGE_LAST;;1;1;XEUR;10838895;605;
02.12.2024;14:07:08.720;FESB SI 20241220 CS;SIMPLE_INSTRUMENT;BLOCK;EUR;44;140.00000000;8400;EXCHANGE_LAST;;1;1;XEUR;10838895;605;
02.12.2024;15:18:24.939;FESB SI 20241220 CS;SIMPLE_INSTRUMENT;BLOCK;EUR;48;139.40000000;3500;EXCHANGE_LAST;;1;1;XEUR;10838895;605;
02.12.2024;15:45:31.792;FESB SI 20241220 CS;SIMPLE_INSTRUMENT;BLOCK;EUR;49;139.40000000;3500;EXCHANGE_LAST;;1;1;XEUR;10838895;605;
02.12.2024;17:04:12.973;FESB SI 20241220 CS;SIMPLE_INSTRUMENT;EFP_IDX;EUR;66;139.55000000;24;EXCHANGE_LAST;;1;1;XEUR;10838895;605;
02.12.2024;17:03:53.972;FESB SI 20241220 CS;SIMPLE_INSTRUMENT;EFP_IDX;EUR;67;139.60000000;212;EXCHANGE_LAST;;1;1;XEUR;10838895;605;
02.12.2024;15:04:12.094;FESB SI 20241220 CS;SIMPLE_INSTRUMENT;VOLA;EUR;603979802;140.50000000;300;EXCHANGE_LAST;;1;1;XEUR;10838895;605;
02.12.2024;15:19:47.761;FESB SI 20241220 CS;SIMPLE_INSTRUMENT;VOLA;EUR;603979803;140.50000000;300;EXCHANGE_LAST;;1;1;XEUR;10838895;605;
02.12.2024;16:27:29.631;FESB SI 20241220 CS;SIMPLE_INSTRUMENT;VOLA;EUR;603979806;139.00000000;600;EXCHANGE_LAST;;1;1;XEUR;10838895;605;
02.12.2024;08:24:02.478;FESX SI 20241220 CS;SIMPLE_INSTRUMENT;BLOCK;EUR;1;4760.00000000;2000;EXCHANGE_LAST;;1;1;XEUR;7793479;675;
02.12.2024;09:34:51.397;FESX SI 20241220 CS;SIMPLE_INSTRUMENT;BLOCK;EUR;2;4788.00000000;3000;EXCHANGE_LAST;;1;1;XEUR;7793479;675;
02.12.2024;10:51:00.312;FESX SI 20241220 CS;SIMPLE_INSTRUMENT;BLOCK;EUR;3;4815.00000000;5000;EXCHANGE_LAST;;1;1;XEUR;7793479;675;
02.12.2024;12:19:19.217;FESX.S.DEC24.MAR25.SPD;FUTURES_SPREAD;BLOCK;EUR;4;-24.90000000;2500;EXCHANGE_LAST;;1;1;XEUR;72060493140861185;675;
02.12.2024;12:19:19.217;FESX SI 20241220 CS;SIMPLE_INSTRUMENT;BLOCK;EUR;4;4842.10000000;2500;PRC_DECOMP_EXCHANGE;;;;XEUR;7793479;675;EXCHANGE
02.12.2024;12:19:19.217;FESX SI 20250321 CS;SIMPLE_INSTRUMENT;BLOCK;EUR;4;4867.00000000;2500;PRC_DECOMP_EXCHANGE;;;;XEUR;7793482;675;EXCHANGE
02.12.2024;12:55:48.546;FESX SI 20241220 CS;SIMPLE_INSTRUMENT;BLOCK;EUR;5;4840.00000000;4000;EXCHANGE_LAST;;1;1;XEUR;7793479;675;
02.12.2024;13:37:55.263;FESX SI 20241220 CS;SIMPLE_INSTRUMENT;EFP_IDX;EUR;6;4845.00000000;1000;EXCHANGE_LAST;;1;1;XEUR;7793479;675;
02.12.2024;15:03:48.817;FESX SI 20241220 CS;SIMPLE_INSTRUMENT;EFP_IDX;EUR;7;4834.00000000;500;EXCHANGE_LAST;;1;1;XEUR;7793479;675;
02.12.2024;16:45:33.922;FESX SI 20241220 CS;SIMPLE_INSTRUMENT;EFP_IDX;EUR;8;4857.00000000;892;EXCHANGE_LAST;;1;1;XEUR;7793479;675;
02.12.2024;16:45:44.548;FESX SI 20241220 CS;SIMPLE_INSTRUMENT;EFP_IDX;EUR;9;4856.00000000;18;EXCHANGE_LAST;;1;1;XEUR;7793479;675;
02.12.2024;16:45:57.074;FESX SI 20241220 CS;SIMPLE_INSTRUMENT;EFP_IDX;EUR;10;4857.00000000;291;EXCHANGE_LAST;;1;1;XEUR;7793479;675;
02.12.2024;16:46:03.113;FESX SI 20241220 CS;SIMPLE_INSTRUMENT;EFP_IDX;EUR;11;4856.00000000;49;EXCHANGE_LAST;;1;1;XEUR;7793479;675;
02.12.2024;16:55:30.289;FESX SI 20241220 CS;SIMPLE_INSTRUMENT;EFP_IDX;EUR;12;4856.00000000;44;EXCHANGE_LAST;;1;1;XEUR;7793479;675;
02.12.2024;16:55:48.017;FESX SI 20241220 CS;SIMPLE_INSTRUMENT;EFP_IDX;EUR;13;4857.00000000;256;EXCHANGE_LAST;;1;1;XEUR;7793479;675;
02.12.2024;16:51:36.774;FESX SI 20241220 CS;SIMPLE_INSTRUMENT;EFP_IDX;EUR;14;4857.00000000;582;EXCHANGE_LAST;;1;1;XEUR;7793479;675;
02.12.2024;16:52:08.420;FESX SI 20241220 CS;SIMPLE_INSTRUMENT;EFP_IDX;EUR;15;4858.00000000;68;EXCHANGE_LAST;;1;1;XEUR;7793479;675;
02.12.2024;16:52:29.501;FESX SI 20241220 CS;SIMPLE_INSTRUMENT;EFP_IDX;EUR;16;4856.00000000;25;EXCHANGE_LAST;;1;1;XEUR;7793479;675;
02.12.2024;16:52:52.340;FESX SI 20241220 CS;SIMPLE_INSTRUMENT;EFP_IDX;EUR;17;4857.00000000;1225;EXCHANGE_LAST;;1;1;XEUR;7793479;675;
02.12.2024;16:51:50.482;FESX SI 20241220 CS;SIMPLE_INSTRUMENT;EFP_IDX;EUR;18;4857.00000000;385;EXCHANGE_LAST;;1;1;XEUR;7793479;675;
02.12.2024;16:51:56.533;FESX SI 20241220 CS;SIMPLE_INSTRUMENT;EFP_IDX;EUR;19;4858.00000000;115;EXCHANGE_LAST;;1;1;XEUR;7793479;675;
02.12.2024;16:52:08.051;FESX SI 20241220 CS;SIMPLE_INSTRUMENT;EFP_IDX;EUR;20;4857.00000000;193;EXCHANGE_LAST;;1;1;XEUR;7793479;675;
02.12.2024;16:52:14.732;FESX SI 20241220 CS;SIMPLE_INSTRUMENT;EFP_IDX;EUR;21;4858.00000000;57;EXCHANGE_LAST;;1;1;XEUR;7793479;675;
02.12.2024;16:53:51.115;FESX SI 20241220 CS;SIMPLE_INSTRUMENT;EFP_IDX;EUR;22;4857.00000000;885;EXCHANGE_LAST;;1;1;XEUR;7793479;675;
02.12.2024;16:53:21.117;FESX SI 20241220 CS;SIMPLE_INSTRUMENT;EFP_IDX;EUR;23;4858.00000000;265;EXCHANGE_LAST;;1;1;XEUR;7793479;675;
02.12.2024;16:57:13.922;FESX SI 20241220 CS;SIMPLE_INSTRUMENT;EFP_IDX;EUR;24;4857.00000000;385;EXCHANGE_LAST;;1;1;XEUR;7793479;675;
02.12.2024;16:57:19.469;FESX SI 20241220 CS;SIMPLE_INSTRUMENT;EFP_IDX;EUR;25;4858.00000000;115;EXCHANGE_LAST;;1;1;XEUR;7793479;675;
02.12.2024;16:55:12.030;FESX SI 20241220 CS;SIMPLE_INSTRUMENT;EFP_IDX;EUR;26;4857.00000000;77;EXCHANGE_LAST;;1;1;XEUR;7793479;675;
02.12.2024;16:55:34.626;FESX SI 20241220 CS;SIMPLE_INSTRUMENT;EFP_IDX;EUR;27;4858.00000000;23;EXCHANGE_LAST;;1;1;XEUR;7793479;675;
02.12.2024;17:00:45.756;FESX SI 20241220 CS;SIMPLE_INSTRUMENT;EFP_IDX;EUR;30;4856.00000000;30;EXCHANGE_LAST;;1;1;XEUR;7793479;675;
02.12.2024;17:00:46.844;FESX SI 20241220 CS;SIMPLE_INSTRUMENT;EFP_IDX;EUR;31;4857.00000000;1470;EXCHANGE_LAST;;1;1;XEUR;7793479;675;
02.12.2024;17:12:36.318;FESX SI 20241220 CS;SIMPLE_INSTRUMENT;EFP_IDX;EUR;32;4856.00000000;10;EXCHANGE_LAST;;1;1;XEUR;7793479;675;
02.12.2024;17:12:54.498;FESX SI 20241220 CS;SIMPLE_INSTRUMENT;EFP_IDX;EUR;33;4857.00000000;490;EXCHANGE_LAST;;1;1;XEUR;7793479;675;
02.12.2024;08:34:13.681;FESX SI 20241220 CS;SIMPLE_INSTRUMENT;VOLA;EUR;637534211;4780.00000000;180;EXCHANGE_LAST;;1;1;XEUR;7793479;675;
02.12.2024;09:32:05.791;FESX SI 20241220 CS;SIMPLE_INSTRUMENT;VOLA;EUR;637534220;4788.00000000;361;EXCHANGE_LAST;;1;1;XEUR;7793479;675;
02.12.2024;12:01:52.160;FESX SI 20241220 CS;SIMPLE_INSTRUMENT;VOLA;EUR;637534243;4830.00000000;10;EXCHANGE_LAST;;1;1;XEUR;7793479;675;
02.12.2024;13:30:14.808;FESX SI 20241220 CS;SIMPLE_INSTRUMENT;VOLA;EUR;637534265;4850.00000000;320;EXCHANGE_LAST;;1;1;XEUR;7793479;675;
02.12.2024;14:31:02.982;FESX SI 20241220 CS;SIMPLE_INSTRUMENT;VOLA;EUR;637534285;4842.00000000;367;EXCHANGE_LAST;;1;1;XEUR;7793479;675;
02.12.2024;14:38:44.535;FESX SI 20241220 CS;SIMPLE_INSTRUMENT;VOLA;EUR;637534289;4836.00000000;90;EXCHANGE_LAST;;1;1;XEUR;7793479;675;
02.12.2024;15:16:16.997;FESX SI 20241220 CS;SIMPLE_INSTRUMENT;VOLA;EUR;637534296;4825.00000000;13;EXCHANGE_LAST;;1;1;XEUR;7793479;675;
02.12.2024;15:26:40.950;FESX SI 20241220 CS;SIMPLE_INSTRUMENT;VOLA;EUR;637534300;4828.00000000;84;EXCHANGE_LAST;;1;1;XEUR;7793479;675;
02.12.2024;09:16:52.752;FEXD.S.DEC25.DEC26.SPD;FUTURES_SPREAD;BLOCK;EUR;1;8.10000000;750;EXCHANGE_LAST;;1;1;XEUR;72060570450264144;693;
02.12.2024;09:16:52.752;FEXD SI 20251219 CS;SIMPLE_INSTRUMENT;BLOCK;EUR;1;158.80000000;750;PRC_DECOMP_EXCHANGE;;;;XEUR;1548120;693;EXCHANGE
02.12.2024;09:16:52.752;FEXD SI 20261218 CS;SIMPLE_INSTRUMENT;BLOCK;EUR;1;150.70000000;750;PRC_DECOMP_EXCHANGE;;;;XEUR;2163053;693;EXCHANGE
02.12.2024;10:28:05.460;FEXD SI 20271217 CS;SIMPLE_INSTRUMENT;BLOCK;EUR;5;144.60000000;100;EXCHANGE_LAST;;1;1;XEUR;2848338;693;
02.12.2024;10:28:19.303;FEXD SI 20261218 CS;SIMPLE_INSTRUMENT;BLOCK;EUR;6;150.90000000;100;EXCHANGE_LAST;;1;1;XEUR;2163053;693;
02.12.2024;10:32:31.317;FEXD.S.DEC27.DEC28.SPD;FUTURES_SPREAD;BLOCK;EUR;8;5.40000000;275;EXCHANGE_LAST;;1;1;XEUR;72060570450264162;693;
02.12.2024;10:32:31.317;FEXD SI 20271217 CS;SIMPLE_INSTRUMENT;BLOCK;EUR;8;144.40000000;275;PRC_DECOMP_EXCHANGE;;;;XEUR;2848338;693;EXCHANGE
02.12.2024;10:32:31.317;FEXD SI 20281215 CS;SIMPLE_INSTRUMENT;BLOCK;EUR;8;139.00000000;275;PRC_DECOMP_EXCHANGE;;;;XEUR;3680985;693;EXCHANGE
02.12.2024;12:41:51.207;FEXD.S.DEC26.DEC27.SPD;FUTURES_SPREAD;BLOCK;EUR;16;6.10000000;100;EXCHANGE_LAST;;1;1;XEUR;72060570450264153;693;
02.12.2024;12:41:51.207;FEXD SI 20271217 CS;SIMPLE_INSTRUMENT;BLOCK;EUR;16;145.20000000;100;PRC_DECOMP_EXCHANGE;;;;XEUR;2848338;693;EXCHANGE
02.12.2024;12:41:51.207;FEXD SI 20261218 CS;SIMPLE_INSTRUMENT;BLOCK;EUR;16;151.30000000;100;PRC_DECOMP_EXCHANGE;;;;XEUR;2163053;693;EXCHANGE
02.12.2024;14:55:22.334;FEXD SI 20291221 CS;SIMPLE_INSTRUMENT;BLOCK;EUR;20;134.40000000;132;EXCHANGE_LAST;;1;1;XEUR;4631968;693;
02.12.2024;16:14:19.095;FFOX SI 20241220 CS;SIMPLE_INSTRUMENT;BLOCK;EUR;9;4371.70000000;500;EXCHANGE_LAST;;1;1;XEUR;10839549;695;
02.12.2024;07:48:49.158;FGBL SI 20241206 PS;SIMPLE_INSTRUMENT;EFS;EUR;1;135.10000000;363;EXCHANGE_LAST;;1;1;XEUR;10804524;688;
02.12.2024;08:05:29.994;FGBL SI 20241206 PS;SIMPLE_INSTRUMENT;EFS;EUR;2;135.16000000;100;EXCHANGE_LAST;;1;1;XEUR;10804524;688;
02.12.2024;08:08:47.762;FGBL SI 20241206 PS;SIMPLE_INSTRUMENT;EFS;EUR;3;135.06000000;228;EXCHANGE_LAST;;1;1;XEUR;10804524;688;
02.12.2024;08:16:40.093;FGBL SI 20241206 PS;SIMPLE_INSTRUMENT;EFS;EUR;4;135.06000000;429;EXCHANGE_LAST;;1;1;XEUR;10804524;688;
02.12.2024;08:16:59.368;FGBL SI 20241206 PS;SIMPLE_INSTRUMENT;EFS;EUR;5;135.06000000;429;EXCHANGE_LAST;;1;1;XEUR;10804524;688;
02.12.2024;08:19:02.645;FGBL SI 20241206 PS;SIMPLE_INSTRUMENT;EFS;EUR;6;135.06000000;429;EXCHANGE_LAST;;1;1;XEUR;10804524;688;
02.12.2024;08:19:20.615;FGBL SI 20241206 PS;SIMPLE_INSTRUMENT;EFS;EUR;7;135.06000000;429;EXCHANGE_LAST;;1;1;XEUR;10804524;688;
02.12.2024;08:20:07.756;FGBL SI 20241206 PS;SIMPLE_INSTRUMENT;EFS;EUR;8;135.11000000;424;EXCHANGE_LAST;;1;1;XEUR;10804524;688;
02.12.2024;08:22:38.449;FGBL SI 20241206 PS;SIMPLE_INSTRUMENT;EFS;EUR;9;135.10000000;429;EXCHANGE_LAST;;1;1;XEUR;10804524;688;
02.12.2024;08:23:01.745;FGBL SI 20241206 PS;SIMPLE_INSTRUMENT;EFP_FIN;EUR;10;135.11000000;953;EXCHANGE_LAST;;1;1;XEUR;10804524;688;
02.12.2024;08:37:52.895;FGBL.S.DEC24.MAR25.SPD;FUTURES_SPREAD;BLOCK;EUR;11;-1.68000000;3336;EXCHANGE_LAST;;1;1;XEUR;72060548975427674;688;
02.12.2024;08:37:52.895;FGBL SI 20241206 PS;SIMPLE_INSTRUMENT;BLOCK;EUR;11;135.20000000;3336;PRC_DECOMP_EXCHANGE;;;;XEUR;10804524;688;EXCHANGE
02.12.2024;08:37:52.895;FGBL SI 20250306 PS;SIMPLE_INSTRUMENT;BLOCK;EUR;11;136.88000000;3336;PRC_DECOMP_EXCHANGE;;;;XEUR;11286679;688;EXCHANGE
02.12.2024;08:39:18.155;FGBL SI 20241206 PS;SIMPLE_INSTRUMENT;EFS;EUR;12;135.07000000;1375;EXCHANGE_LAST;;1;1;XEUR;10804524;688;
02.12.2024;08:39:54.109;FGBL SI 20241206 PS;SIMPLE_INSTRUMENT;EFS;EUR;13;135.09000000;286;EXCHANGE_LAST;;1;1;XEUR;10804524;688;
02.12.2024;08:40:02.812;FGBL SI 20241206 PS;SIMPLE_INSTRUMENT;EFS;EUR;14;135.15000000;524;EXCHANGE_LAST;;1;1;XEUR;10804524;688;
02.12.2024;08:40:45.814;FGBL SI 20250306 PS;SIMPLE_INSTRUMENT;EFS;EUR;15;136.81000000;497;EXCHANGE_LAST;;1;1;XEUR;11286679;688;
02.12.2024;08:41:04.637;FGBL SI 20250306 PS;SIMPLE_INSTRUMENT;EFS;EUR;16;136.77000000;1279;EXCHANGE_LAST;;1;1;XEUR;11286679;688;
02.12.2024;08:41:42.518;FGBL SI 20241206 PS;SIMPLE_INSTRUMENT;EFS;EUR;17;135.18000000;429;EXCHANGE_LAST;;1;1;XEUR;10804524;688;
02.12.2024;08:42:07.819;FGBL SI 20250306 PS;SIMPLE_INSTRUMENT;EFS;EUR;18;136.79000000;681;EXCHANGE_LAST;;1;1;XEUR;11286679;688;
02.12.2024;08:43:04.822;FGBL SI 20241206 PS;SIMPLE_INSTRUMENT;EFS;EUR;19;135.09000000;716;EXCHANGE_LAST;;1;1;XEUR;10804524;688;
02.12.2024;08:45:45.831;FGBL SI 20250306 PS;SIMPLE_INSTRUMENT;EFS;EUR;20;136.84000000;432;EXCHANGE_LAST;;1;1;XEUR;11286679;688;
02.12.2024;08:46:55.147;FGBL.S.DEC24.MAR25.SPD;FUTURES_SPREAD;BLOCK;EUR;21;-1.68000000;2283;EXCHANGE_LAST;;1;1;XEUR;72060548975427674;688;
02.12.2024;08:46:55.147;FGBL SI 20250306 PS;SIMPLE_INSTRUMENT;BLOCK;EUR;21;136.88000000;2283;PRC_DECOMP_EXCHANGE;;;;XEUR;11286679;688;EXCHANGE
02.12.2024;08:46:55.147;FGBL SI 20241206 PS;SIMPLE_INSTRUMENT;BLOCK;EUR;21;135.20000000;2283;PRC_DECOMP_EXCHANGE;;;;XEUR;10804524;688;EXCHANGE
02.12.2024;08:47:20.013;FGBL SI 20241206 PS;SIMPLE_INSTRUMENT;EFS;EUR;22;135.17000000;172;EXCHANGE_LAST;;1;1;XEUR;10804524;688;
02.12.2024;08:48:02.448;FGBL SI 20250306 PS;SIMPLE_INSTRUMENT;EFS;EUR;23;136.79000000;864;EXCHANGE_LAST;;1;1;XEUR;11286679;688;
02.12.2024;08:49:57.454;FGBL SI 20241206 PS;SIMPLE_INSTRUMENT;EFS;EUR;24;135.10000000;717;EXCHANGE_LAST;;1;1;XEUR;10804524;688;
02.12.2024;08:50:23.947;FGBL SI 20241206 PS;SIMPLE_INSTRUMENT;EFP_FIN;EUR;25;135.19000000;1162;EXCHANGE_LAST;;1;1;XEUR;10804524;688;
02.12.2024;08:52:09.267;FGBL SI 20250306 PS;SIMPLE_INSTRUMENT;EFS;EUR;26;136.78000000;681;EXCHANGE_LAST;;1;1;XEUR;11286679;688;
02.12.2024;08:53:21.123;FGBL SI 20241206 PS;SIMPLE_INSTRUMENT;EFS;EUR;27;135.26000000;429;EXCHANGE_LAST;;1;1;XEUR;10804524;688;
02.12.2024;08:57:25.321;FGBL SI 20241206 PS;SIMPLE_INSTRUMENT;EFP_FIN;EUR;28;135.27000000;1937;EXCHANGE_LAST;;1;1;XEUR;10804524;688;
02.12.2024;08:58:20.703;FGBL SI 20241206 PS;SIMPLE_INSTRUMENT;EFP_FIN;EUR;29;135.21000000;953;EXCHANGE_LAST;;1;1;XEUR;10804524;688;
02.12.2024;08:58:38.216;FGBL SI 20250306 PS;SIMPLE_INSTRUMENT;EFS;EUR;30;136.76000000;681;EXCHANGE_LAST;;1;1;XEUR;11286679;688;
02.12.2024;08:58:58.313;FGBL SI 20241206 PS;SIMPLE_INSTRUMENT;EFS;EUR;31;135.24000000;909;EXCHANGE_LAST;;1;1;XEUR;10804524;688;
02.12.2024;08:59:59.221;FGBL SI 20241206 PS;SIMPLE_INSTRUMENT;EFS;EUR;32;135.22000000;716;EXCHANGE_LAST;;1;1;XEUR;10804524;688;
02.12.2024;09:00:04.574;FGBL SI 20241206 PS;SIMPLE_INSTRUMENT;EFP_FIN;EUR;33;135.19000000;387;EXCHANGE_LAST;;1;1;XEUR;10804524;688;
02.12.2024;09:06:16.472;FGBL SI 20241206 PS;SIMPLE_INSTRUMENT;EFS;EUR;34;135.29000000;369;EXCHANGE_LAST;;1;1;XEUR;10804524;688;
02.12.2024;09:07:16.822;FGBL SI 20250306 PS;SIMPLE_INSTRUMENT;EFS;EUR;35;136.99000000;350;EXCHANGE_LAST;;1;1;XEUR;11286679;688;
02.12.2024;09:08:57.707;FGBL SI 20250306 PS;SIMPLE_INSTRUMENT;EFS;EUR;36;136.99000000;453;EXCHANGE_LAST;;1;1;XEUR;11286679;688;
02.12.2024;09:08:58.746;FGBL SI 20241206 PS;SIMPLE_INSTRUMENT;EFS;EUR;37;135.28000000;429;EXCHANGE_LAST;;1;1;XEUR;10804524;688;
02.12.2024;09:09:07.755;FGBL SI 20241206 PS;SIMPLE_INSTRUMENT;EFS;EUR;38;135.28000000;429;EXCHANGE_LAST;;1;1;XEUR;10804524;688;
02.12.2024;09:09:52.788;FGBL SI 20241206 PS;SIMPLE_INSTRUMENT;EFS;EUR;39;135.28000000;429;EXCHANGE_LAST;;1;1;XEUR;10804524;688;
02.12.2024;09:11:56.500;FGBL SI 20241206 PS;SIMPLE_INSTRUMENT;EFS;EUR;40;135.16000000;716;EXCHANGE_LAST;;1;1;XEUR;10804524;688;
02.12.2024;09:13:11.269;FGBL SI 20250306 PS;SIMPLE_INSTRUMENT;EFS;EUR;41;136.83000000;680;EXCHANGE_LAST;;1;1;XEUR;11286679;688;
02.12.2024;09:14:34.035;FGBL SI 20241206 PS;SIMPLE_INSTRUMENT;EFP_FIN;EUR;42;135.32000000;775;EXCHANGE_LAST;;1;1;XEUR;10804524;688;
02.12.2024;09:16:54.081;FGBL SI 20241206 PS;SIMPLE_INSTRUMENT;EFS;EUR;43;135.37000000;335;EXCHANGE_LAST;;1;1;XEUR;10804524;688;
02.12.2024;09:32:15.451;FGBL SI 20241206 PS;SIMPLE_INSTRUMENT;EFP_FIN;EUR;44;135.32000000;1904;EXCHANGE_LAST;;1;1;XEUR;10804524;688;
02.12.2024;09:44:34.711;FGBL SI 20250306 PS;SIMPLE_INSTRUMENT;EFS;EUR;45;136.96000000;453;EXCHANGE_LAST;;1;1;XEUR;11286679;688;
02.12.2024;09:46:12.620;FGBL SI 20241206 PS;SIMPLE_INSTRUMENT;BLOCK;EUR;46;135.25000000;10000;EXCHANGE_LAST;;1;1;XEUR;10804524;688;
02.12.2024;09:46:18.053;FGBL SI 20241206 PS;SIMPLE_INSTRUMENT;EFS;EUR;47;135.20000000;477;EXCHANGE_LAST;;1;1;XEUR;10804524;688;
02.12.2024;09:47:00.507;FGBL SI 20250306 PS;SIMPLE_INSTRUMENT;BLOCK;EUR;48;136.94000000;4754;EXCHANGE_LAST;;1;1;XEUR;11286679;688;
02.12.2024;09:47:11.363;FGBL SI 20250306 PS;SIMPLE_INSTRUMENT;BLOCK;EUR;49;136.95000000;4755;EXCHANGE_LAST;;1;1;XEUR;11286679;688;
02.12.2024;09:49:06.427;FGBL SI 20241206 PS;SIMPLE_INSTRUMENT;EFS;EUR;50;135.18000000;599;EXCHANGE_LAST;;1;1;XEUR;10804524;688;
02.12.2024;09:50:31.487;FGBL SI 20241206 PS;SIMPLE_INSTRUMENT;EFS;EUR;51;135.18000000;175;EXCHANGE_LAST;;1;1;XEUR;10804524;688;
02.12.2024;09:51:23.892;FGBL SI 20241206 PS;SIMPLE_INSTRUMENT;BLOCK;EUR;52;135.23000000;2500;EXCHANGE_LAST;;1;1;XEUR;10804524;688;
02.12.2024;09:51:24.301;FGBL SI 20241206 PS;SIMPLE_INSTRUMENT;EFS;EUR;53;135.14000000;215;EXCHANGE_LAST;;1;1;XEUR;10804524;688;
02.12.2024;09:51:27.950;FGBL SI 20241206 PS;SIMPLE_INSTRUMENT;EFP_FIN;EUR;54;135.16000000;85;EXCHANGE_LAST;;1;1;XEUR;10804524;688;
02.12.2024;09:52:15.128;FGBL SI 20241206 PS;SIMPLE_INSTRUMENT;EFS;EUR;55;135.14000000;215;EXCHANGE_LAST;;1;1;XEUR;10804524;688;
02.12.2024;09:53:21.604;FGBL SI 20241206 PS;SIMPLE_INSTRUMENT;EFS;EUR;56;135.10000000;430;EXCHANGE_LAST;;1;1;XEUR;10804524;688;
02.12.2024;09:54:50.067;FGBL SI 20241206 PS;SIMPLE_INSTRUMENT;BLOCK;EUR;57;135.13000000;5775;EXCHANGE_LAST;;1;1;XEUR;10804524;688;
02.12.2024;09:55:47.571;FGBL SI 20250306 PS;SIMPLE_INSTRUMENT;BLOCK;EUR;58;136.82000000;2786;EXCHANGE_LAST;;1;1;XEUR;11286679;688;
02.12.2024;09:56:14.573;FGBL SI 20250306 PS;SIMPLE_INSTRUMENT;BLOCK;EUR;59;136.83000000;2786;EXCHANGE_LAST;;1;1;XEUR;11286679;688;
02.12.2024;09:56:16.863;FGBL SI 20241206 PS;SIMPLE_INSTRUMENT;EFS;EUR;60;135.12000000;215;EXCHANGE_LAST;;1;1;XEUR;10804524;688;
02.12.2024;09:58:29.494;FGBL SI 20241206 PS;SIMPLE_INSTRUMENT;EFS;EUR;61;135.12000000;955;EXCHANGE_LAST;;1;1;XEUR;10804524;688;
02.12.2024;10:01:07.178;FGBL SI 20250306 PS;SIMPLE_INSTRUMENT;EFS;EUR;62;136.80000000;907;EXCHANGE_LAST;;1;1;XEUR;11286679;688;
02.12.2024;10:03:33.004;FGBL.S.DEC24.MAR25.SPD;FUTURES_SPREAD;BLOCK;EUR;63;-1.70000000;2451;EXCHANGE_LAST;;1;1;XEUR;72060548975427674;688;
02.12.2024;10:03:33.004;FGBL SI 20250306 PS;SIMPLE_INSTRUMENT;BLOCK;EUR;63;136.81000000;2451;PRC_DECOMP_EXCHANGE;;;;XEUR;11286679;688;EXCHANGE
02.12.2024;10:03:33.004;FGBL SI 20241206 PS;SIMPLE_INSTRUMENT;BLOCK;EUR;63;135.11000000;2451;PRC_DECOMP_EXCHANGE;;;;XEUR;10804524;688;EXCHANGE
02.12.2024;10:08:02.180;FGBL SI 20241206 PS;SIMPLE_INSTRUMENT;EFS;EUR;64;135.12000000;430;EXCHANGE_LAST;;1;1;XEUR;10804524;688;
02.12.2024;10:08:12.189;FGBL SI 20241206 PS;SIMPLE_INSTRUMENT;EFS;EUR;65;135.12000000;430;EXCHANGE_LAST;;1;1;XEUR;10804524;688;
02.12.2024;10:12:23.422;FGBL SI 20241206 PS;SIMPLE_INSTRUMENT;EFS;EUR;66;135.15000000;907;EXCHANGE_LAST;;1;1;XEUR;10804524;688;
02.12.2024;10:12:35.472;FGBL SI 20241206 PS;SIMPLE_INSTRUMENT;EFP_FIN;EUR;67;135.09000000;1918;EXCHANGE_LAST;;1;1;XEUR;10804524;688;
02.12.2024;10:13:50.427;FGBL SI 20250306 PS;SIMPLE_INSTRUMENT;EFS;EUR;68;136.85000000;862;EXCHANGE_LAST;;1;1;XEUR;11286679;688;
02.12.2024;10:19:20.329;FGBL SI 20241206 PS;SIMPLE_INSTRUMENT;EFP_FIN;EUR;69;135.30000000;504;EXCHANGE_LAST;;1;1;XEUR;10804524;688;
02.12.2024;10:20:22.750;FGBL SI 20241206 PS;SIMPLE_INSTRUMENT;EFP_FIN;EUR;70;135.13000000;502;EXCHANGE_LAST;;1;1;XEUR;10804524;688;
02.12.2024;10:21:37.178;FGBL SI 20241206 PS;SIMPLE_INSTRUMENT;EFP_FIN;EUR;71;135.30000000;387;EXCHANGE_LAST;;1;1;XEUR;10804524;688;
02.12.2024;10:23:04.394;FGBL SI 20241206 PS;SIMPLE_INSTRUMENT;EFS;EUR;72;135.15000000;82;EXCHANGE_LAST;;1;1;XEUR;10804524;688;
02.12.2024;10:23:27.637;FGBL SI 20250306 PS;SIMPLE_INSTRUMENT;EFS;EUR;73;136.76000000;182;EXCHANGE_LAST;;1;1;XEUR;11286679;688;
02.12.2024;10:26:12.099;FGBL SI 20250306 PS;SIMPLE_INSTRUMENT;EFS;EUR;74;136.86000000;379;EXCHANGE_LAST;;1;1;XEUR;11286679;688;
02.12.2024;10:25:05.170;FGBL SI 20241206 PS;SIMPLE_INSTRUMENT;EFS;EUR;75;135.21000000;344;EXCHANGE_LAST;;1;1;XEUR;10804524;688;
02.12.2024;10:26:23.699;FGBL SI 20250306 PS;SIMPLE_INSTRUMENT;EFS;EUR;76;136.28000000;456;EXCHANGE_LAST;;1;1;XEUR;11286679;688;
02.12.2024;10:26:15.968;FGBL SI 20241206 PS;SIMPLE_INSTRUMENT;EFS;EUR;77;135.26000000;399;EXCHANGE_LAST;;1;1;XEUR;10804524;688;
02.12.2024;10:28:00.595;FGBL SI 20250306 PS;SIMPLE_INSTRUMENT;EFS;EUR;78;136.83000000;432;EXCHANGE_LAST;;1;1;XEUR;11286679;688;
02.12.2024;10:29:53.665;FGBL SI 20241206 PS;SIMPLE_INSTRUMENT;EFP_FIN;EUR;79;135.20000000;302;EXCHANGE_LAST;;1;1;XEUR;10804524;688;
02.12.2024;10:30:45.843;FGBL SI 20241206 PS;SIMPLE_INSTRUMENT;EFS;EUR;80;135.28000000;450;EXCHANGE_LAST;;1;1;XEUR;10804524;688;
02.12.2024;10:31:00.606;FGBL SI 20241206 PS;SIMPLE_INSTRUMENT;EFS;EUR;81;135.14000000;455;EXCHANGE_LAST;;1;1;XEUR;10804524;688;
02.12.2024;10:31:31.067;FGBL SI 20241206 PS;SIMPLE_INSTRUMENT;EFS;EUR;82;135.28000000;180;EXCHANGE_LAST;;1;1;XEUR;10804524;688;
02.12.2024;10:32:29.285;FGBL SI 20241206 PS;SIMPLE_INSTRUMENT;BLOCK;EUR;83;135.20000000;4541;EXCHANGE_LAST;;1;1;XEUR;10804524;688;
02.12.2024;10:33:32.754;FGBL.S.DEC24.MAR25.SPD;FUTURES_SPREAD;BLOCK;EUR;84;-1.70000000;5142;EXCHANGE_LAST;;1;1;XEUR;72060548975427674;688;
02.12.2024;10:33:32.754;FGBL SI 20241206 PS;SIMPLE_INSTRUMENT;BLOCK;EUR;84;135.14000000;5142;PRC_DECOMP_EXCHANGE;;;;XEUR;10804524;688;EXCHANGE
02.12.2024;10:33:32.754;FGBL SI 20250306 PS;SIMPLE_INSTRUMENT;BLOCK;EUR;84;136.84000000;5142;PRC_DECOMP_EXCHANGE;;;;XEUR;11286679;688;EXCHANGE
02.12.2024;10:33:41.754;FGBL.S.DEC24.MAR25.SPD;FUTURES_SPREAD;BLOCK;EUR;85;-1.69000000;5141;EXCHANGE_LAST;;1;1;XEUR;72060548975427674;688;
02.12.2024;10:33:41.754;FGBL SI 20241206 PS;SIMPLE_INSTRUMENT;BLOCK;EUR;85;135.15000000;5141;PRC_DECOMP_EXCHANGE;;;;XEUR;10804524;688;EXCHANGE
02.12.2024;10:33:41.754;FGBL SI 20250306 PS;SIMPLE_INSTRUMENT;BLOCK;EUR;85;136.84000000;5141;PRC_DECOMP_EXCHANGE;;;;XEUR;11286679;688;EXCHANGE
02.12.2024;10:34:45.996;FGBL SI 20250306 PS;SIMPLE_INSTRUMENT;EFS;EUR;86;137.01000000;427;EXCHANGE_LAST;;1;1;XEUR;11286679;688;
02.12.2024;10:34:50.330;FGBL SI 20250306 PS;SIMPLE_INSTRUMENT;BLOCK;EUR;87;136.89000000;2270;EXCHANGE_LAST;;1;1;XEUR;11286679;688;
02.12.2024;10:34:50.350;FGBL SI 20250306 PS;SIMPLE_INSTRUMENT;BLOCK;EUR;88;136.90000000;2271;EXCHANGE_LAST;;1;1;XEUR;11286679;688;
02.12.2024;10:35:03.805;FGBL SI 20241206 PS;SIMPLE_INSTRUMENT;EFP_FIN;EUR;89;135.18000000;422;EXCHANGE_LAST;;1;1;XEUR;10804524;688;
02.12.2024;10:35:16.366;FGBL SI 20250306 PS;SIMPLE_INSTRUMENT;EFS;EUR;90;137.01000000;171;EXCHANGE_LAST;;1;1;XEUR;11286679;688;
02.12.2024;10:35:28.393;FGBL SI 20250306 PS;SIMPLE_INSTRUMENT;EFS;EUR;91;136.85000000;100;EXCHANGE_LAST;;1;1;XEUR;11286679;688;
02.12.2024;10:37:53.222;FGBL SI 20250306 PS;SIMPLE_INSTRUMENT;EFS;EUR;92;136.92000000;129;EXCHANGE_LAST;;1;1;XEUR;11286679;688;
02.12.2024;10:38:11.940;FGBL SI 20250306 PS;SIMPLE_INSTRUMENT;EFS;EUR;93;136.87000000;640;EXCHANGE_LAST;;1;1;XEUR;11286679;688;
02.12.2024;10:42:51.717;FGBL SI 20241206 PS;SIMPLE_INSTRUMENT;EFS;EUR;94;135.11000000;232;EXCHANGE_LAST;;1;1;XEUR;10804524;688;
02.12.2024;10:42:55.157;FGBL SI 20250306 PS;SIMPLE_INSTRUMENT;EFS;EUR;95;136.79000000;216;EXCHANGE_LAST;;1;1;XEUR;11286679;688;
02.12.2024;10:49:17.082;FGBL SI 20241206 PS;SIMPLE_INSTRUMENT;EFS;EUR;96;135.20000000;229;EXCHANGE_LAST;;1;1;XEUR;10804524;688;
02.12.2024;10:50:45.804;FGBL SI 20241206 PS;SIMPLE_INSTRUMENT;EFP_FIN;EUR;97;135.16000000;1428;EXCHANGE_LAST;;1;1;XEUR;10804524;688;
02.12.2024;10:52:19.291;FGBL SI 20241206 PS;SIMPLE_INSTRUMENT;EFP_FIN;EUR;98;135.12000000;232;EXCHANGE_LAST;;1;1;XEUR;10804524;688;
02.12.2024;10:55:52.080;FGBL SI 20241206 PS;SIMPLE_INSTRUMENT;EFP_FIN;EUR;99;135.32000000;388;EXCHANGE_LAST;;1;1;XEUR;10804524;688;
02.12.2024;10:57:00.683;FGBL.S.DEC24.MAR25.SPD;FUTURES_SPREAD;BLOCK;EUR;100;-1.68000000;2130;EXCHANGE_LAST;;1;1;XEUR;72060548975427674;688;
02.12.2024;10:57:00.683;FGBL SI 20241206 PS;SIMPLE_INSTRUMENT;BLOCK;EUR;100;135.22000000;2130;PRC_DECOMP_EXCHANGE;;;;XEUR;10804524;688;EXCHANGE
02.12.2024;10:57:00.683;FGBL SI 20250306 PS;SIMPLE_INSTRUMENT;BLOCK;EUR;100;136.90000000;2130;PRC_DECOMP_EXCHANGE;;;;XEUR;11286679;688;EXCHANGE
02.12.2024;11:15:27.874;FGBL SI 20241206 PS;SIMPLE_INSTRUMENT;EFS;EUR;101;135.19000000;477;EXCHANGE_LAST;;1;1;XEUR;10804524;688;
02.12.2024;11:28:16.890;FGBL SI 20241206 PS;SIMPLE_INSTRUMENT;EFS;EUR;102;135.22000000;215;EXCHANGE_LAST;;1;1;XEUR;10804524;688;
02.12.2024;11:34:19.798;FGBL SI 20250306 PS;SIMPLE_INSTRUMENT;EFS;EUR;103;136.96000000;449;EXCHANGE_LAST;;1;1;XEUR;11286679;688;
02.12.2024;11:34:58.029;FGBL SI 20241206 PS;SIMPLE_INSTRUMENT;EFS;EUR;104;135.24000000;215;EXCHANGE_LAST;;1;1;XEUR;10804524;688;
02.12.2024;11:36:14.805;FGBL SI 20241206 PS;SIMPLE_INSTRUMENT;EFS;EUR;105;135.25000000;472;EXCHANGE_LAST;;1;1;XEUR;10804524;688;
02.12.2024;11:40:14.887;FGBL SI 20241206 PS;SIMPLE_INSTRUMENT;EFS;EUR;106;135.23000000;258;EXCHANGE_LAST;;1;1;XEUR;10804524;688;
02.12.2024;11:41:57.287;FGBL SI 20241206 PS;SIMPLE_INSTRUMENT;EFS;EUR;107;135.25000000;429;EXCHANGE_LAST;;1;1;XEUR;10804524;688;
02.12.2024;11:44:20.168;FGBL SI 20241206 PS;SIMPLE_INSTRUMENT;EFS;EUR;108;135.26000000;215;EXCHANGE_LAST;;1;1;XEUR;10804524;688;
02.12.2024;11:51:26.340;FGBL SI 20241206 PS;SIMPLE_INSTRUMENT;EFS;EUR;109;135.23000000;477;EXCHANGE_LAST;;1;1;XEUR;10804524;688;
02.12.2024;11:51:52.128;FGBL SI 20241206 PS;SIMPLE_INSTRUMENT;EFS;EUR;110;135.24000000;240;EXCHANGE_LAST;;1;1;XEUR;10804524;688;
02.12.2024;11:52:18.386;FGBL SI 20241206 PS;SIMPLE_INSTRUMENT;EFS;EUR;111;135.28000000;429;EXCHANGE_LAST;;1;1;XEUR;10804524;688;
02.12.2024;11:55:12.931;FGBL SI 20241206 PS;SIMPLE_INSTRUMENT;EFS;EUR;112;135.24000000;141;EXCHANGE_LAST;;1;1;XEUR;10804524;688;
02.12.2024;11:56:50.400;FGBL SI 20241206 PS;SIMPLE_INSTRUMENT;EFS;EUR;113;135.28000000;429;EXCHANGE_LAST;;1;1;XEUR;10804524;688;
02.12.2024;11:58:38.966;FGBL.S.DEC24.MAR25.SPD;FUTURES_SPREAD;BLOCK;EUR;114;-1.69000000;9974;EXCHANGE_LAST;;1;1;XEUR;72060548975427674;688;
02.12.2024;11:58:38.966;FGBL SI 20241206 PS;SIMPLE_INSTRUMENT;BLOCK;EUR;114;135.28000000;9974;PRC_DECOMP_MEMBER;;;;XEUR;10804524;688;MEMBER
02.12.2024;11:58:38.966;FGBL SI 20250306 PS;SIMPLE_INSTRUMENT;BLOCK;EUR;114;136.97000000;9974;PRC_DECOMP_MEMBER;;;;XEUR;11286679;688;MEMBER
02.12.2024;11:58:57.060;FGBL.S.DEC24.MAR25.SPD;FUTURES_SPREAD;BLOCK;EUR;115;-1.70000000;9975;EXCHANGE_LAST;;1;1;XEUR;72060548975427674;688;
02.12.2024;11:58:57.060;FGBL SI 20250306 PS;SIMPLE_INSTRUMENT;BLOCK;EUR;115;136.98000000;9975;PRC_DECOMP_MEMBER;;;;XEUR;11286679;688;MEMBER
02.12.2024;11:58:57.060;FGBL SI 20241206 PS;SIMPLE_INSTRUMENT;BLOCK;EUR;115;135.28000000;9975;PRC_DECOMP_MEMBER;;;;XEUR;10804524;688;MEMBER
02.12.2024;12:03:19.319;FGBL SI 20241206 PS;SIMPLE_INSTRUMENT;EFS;EUR;116;135.23000000;228;EXCHANGE_LAST;;1;1;XEUR;10804524;688;
02.12.2024;12:08:13.531;FGBL SI 20241206 PS;SIMPLE_INSTRUMENT;EFP_FIN;EUR;117;135.27000000;449;EXCHANGE_LAST;;1;1;XEUR;10804524;688;
02.12.2024;12:09:06.382;FGBL SI 20241206 PS;SIMPLE_INSTRUMENT;BLOCK;EUR;118;135.35000000;2162;EXCHANGE_LAST;;1;1;XEUR;10804524;688;
02.12.2024;12:10:09.544;FGBL SI 20250306 PS;SIMPLE_INSTRUMENT;BLOCK;EUR;119;137.05000000;2671;EXCHANGE_LAST;;1;1;XEUR;11286679;688;
02.12.2024;12:12:47.449;FGBL SI 20250306 PS;SIMPLE_INSTRUMENT;EFS;EUR;120;137.02000000;860;EXCHANGE_LAST;;1;1;XEUR;11286679;688;
02.12.2024;12:12:50.190;FGBL SI 20241206 PS;SIMPLE_INSTRUMENT;EFS;EUR;121;135.27000000;429;EXCHANGE_LAST;;1;1;XEUR;10804524;688;
02.12.2024;12:13:50.246;FGBL SI 20241206 PS;SIMPLE_INSTRUMENT;EFS;EUR;122;135.26000000;429;EXCHANGE_LAST;;1;1;XEUR;10804524;688;
02.12.2024;12:14:30.280;FGBL SI 20241206 PS;SIMPLE_INSTRUMENT;EFS;EUR;123;135.26000000;215;EXCHANGE_LAST;;1;1;XEUR;10804524;688;
02.12.2024;12:21:23.532;FGBL SI 20241206 PS;SIMPLE_INSTRUMENT;EFS;EUR;126;135.22000000;215;EXCHANGE_LAST;;1;1;XEUR;10804524;688;
02.12.2024;12:22:53.600;FGBL SI 20241206 PS;SIMPLE_INSTRUMENT;EFS;EUR;128;135.22000000;215;EXCHANGE_LAST;;1;1;XEUR;10804524;688;
02.12.2024;12:24:10.068;FGBL SI 20241206 PS;SIMPLE_INSTRUMENT;EFS;EUR;130;135.19000000;906;EXCHANGE_LAST;;1;1;XEUR;10804524;688;
02.12.2024;12:25:13.454;FGBL SI 20241206 PS;SIMPLE_INSTRUMENT;EFP_FIN;EUR;131;135.18000000;953;EXCHANGE_LAST;;1;1;XEUR;10804524;688;
02.12.2024;12:25:49.480;FGBL SI 20241206 PS;SIMPLE_INSTRUMENT;EFS;EUR;132;135.27000000;272;EXCHANGE_LAST;;1;1;XEUR;10804524;688;
02.12.2024;12:37:20.993;FGBL SI 20241206 PS;SIMPLE_INSTRUMENT;EFS;EUR;133;135.21000000;320;EXCHANGE_LAST;;1;1;XEUR;10804524;688;
02.12.2024;12:38:53.920;FGBL SI 20250306 PS;SIMPLE_INSTRUMENT;EFS;EUR;134;136.91000000;305;EXCHANGE_LAST;;1;1;XEUR;11286679;688;
02.12.2024;12:39:00.348;FGBL SI 20241206 PS;SIMPLE_INSTRUMENT;EFS;EUR;135;135.35000000;429;EXCHANGE_LAST;;1;1;XEUR;10804524;688;
02.12.2024;12:40:41.824;FGBL SI 20241206 PS;SIMPLE_INSTRUMENT;EFP_FIN;EUR;136;135.25000000;387;EXCHANGE_LAST;;1;1;XEUR;10804524;688;
02.12.2024;12:43:16.535;FGBL SI 20241206 PS;SIMPLE_INSTRUMENT;EFS;EUR;137;135.35000000;429;EXCHANGE_LAST;;1;1;XEUR;10804524;688;
02.12.2024;12:44:00.072;FGBL SI 20241206 PS;SIMPLE_INSTRUMENT;BLOCK;EUR;138;135.35000000;7450;EXCHANGE_LAST;;1;1;XEUR;10804524;688;
02.12.2024;12:44:59.076;FGBL SI 20250306 PS;SIMPLE_INSTRUMENT;BLOCK;EUR;139;137.04000000;3725;EXCHANGE_LAST;;1;1;XEUR;11286679;688;
02.12.2024;12:45:27.078;FGBL SI 20250306 PS;SIMPLE_INSTRUMENT;BLOCK;EUR;140;137.05000000;3725;EXCHANGE_LAST;;1;1;XEUR;11286679;688;
02.12.2024;12:48:46.392;FGBL SI 20241206 PS;SIMPLE_INSTRUMENT;BLOCK;EUR;141;135.26000000;2676;EXCHANGE_LAST;;1;1;XEUR;10804524;688;
02.12.2024;12:49:06.349;FGBL SI 20241206 PS;SIMPLE_INSTRUMENT;BLOCK;EUR;142;135.30000000;5461;EXCHANGE_LAST;;1;1;XEUR;10804524;688;
02.12.2024;12:59:02.691;FGBL SI 20250306 PS;SIMPLE_INSTRUMENT;EFS;EUR;143;136.91000000;345;EXCHANGE_LAST;;1;1;XEUR;11286679;688;
02.12.2024;13:02:47.604;FGBL SI 20241206 PS;SIMPLE_INSTRUMENT;EFS;EUR;144;135.24000000;207;EXCHANGE_LAST;;1;1;XEUR;10804524;688;
02.12.2024;13:02:57.413;FGBL SI 20241206 PS;SIMPLE_INSTRUMENT;BLOCK;EUR;145;135.28000000;7635;EXCHANGE_LAST;;1;1;XEUR;10804524;688;
02.12.2024;13:05:53.895;FGBL SI 20241206 PS;SIMPLE_INSTRUMENT;EFS;EUR;146;135.30000000;1813;EXCHANGE_LAST;;1;1;XEUR;10804524;688;
02.12.2024;13:07:11.160;FGBL SI 20250306 PS;SIMPLE_INSTRUMENT;BLOCK;EUR;147;136.98000000;7074;EXCHANGE_LAST;;1;1;XEUR;11286679;688;
02.12.2024;13:07:38.202;FGBL SI 20241206 PS;SIMPLE_INSTRUMENT;EFP_FIN;EUR;149;135.21000000;286;EXCHANGE_LAST;;1;1;XEUR;10804524;688;
02.12.2024;13:07:38.657;FGBL SI 20241206 PS;SIMPLE_INSTRUMENT;BLOCK;EUR;150;135.24000000;7725;EXCHANGE_LAST;;1;1;XEUR;10804524;688;
02.12.2024;13:08:28.051;FGBL SI 20250306 PS;SIMPLE_INSTRUMENT;EFS;EUR;151;137.02000000;1722;EXCHANGE_LAST;;1;1;XEUR;11286679;688;
02.12.2024;13:08:30.157;FGBL SI 20250306 PS;SIMPLE_INSTRUMENT;BLOCK;EUR;152;136.93000000;7182;EXCHANGE_LAST;;1;1;XEUR;11286679;688;
02.12.2024;13:09:09.627;FGBL SI 20241206 PS;SIMPLE_INSTRUMENT;EFS;EUR;153;135.22000000;191;EXCHANGE_LAST;;1;1;XEUR;10804524;688;
02.12.2024;13:09:44.974;FGBL SI 20241206 PS;SIMPLE_INSTRUMENT;BLOCK;EUR;154;135.24000000;5017;EXCHANGE_LAST;;1;1;XEUR;10804524;688;
02.12.2024;13:11:03.180;FGBL SI 20250306 PS;SIMPLE_INSTRUMENT;BLOCK;EUR;155;136.93000000;2331;EXCHANGE_LAST;;1;1;XEUR;11286679;688;
02.12.2024;13:11:23.367;FGBL SI 20250306 PS;SIMPLE_INSTRUMENT;BLOCK;EUR;156;136.94000000;2331;EXCHANGE_LAST;;1;1;XEUR;11286679;688;
02.12.2024;13:11:57.762;FGBL SI 20241206 PS;SIMPLE_INSTRUMENT;EFS;EUR;157;135.25000000;429;EXCHANGE_LAST;;1;1;XEUR;10804524;688;
02.12.2024;13:13:27.580;FGBL SI 20241206 PS;SIMPLE_INSTRUMENT;EFS;EUR;158;135.25000000;215;EXCHANGE_LAST;;1;1;XEUR;10804524;688;
02.12.2024;13:14:16.898;FGBL SI 20241206 PS;SIMPLE_INSTRUMENT;EFS;EUR;159;135.27000000;858;EXCHANGE_LAST;;1;1;XEUR;10804524;688;
02.12.2024;13:14:41.860;FGBL SI 20250306 PS;SIMPLE_INSTRUMENT;BLOCK;EUR;160;136.98000000;4684;EXCHANGE_LAST;;1;1;XEUR;11286679;688;
02.12.2024;13:14:43.217;FGBL SI 20241206 PS;SIMPLE_INSTRUMENT;EFP_FIN;EUR;161;135.34000000;929;EXCHANGE_LAST;;1;1;XEUR;10804524;688;
02.12.2024;13:15:03.815;FGBL SI 20250306 PS;SIMPLE_INSTRUMENT;BLOCK;EUR;162;136.99000000;2940;EXCHANGE_LAST;;1;1;XEUR;11286679;688;
02.12.2024;13:15:04.195;FGBL SI 20241206 PS;SIMPLE_INSTRUMENT;EFS;EUR;163;135.27000000;215;EXCHANGE_LAST;;1;1;XEUR;10804524;688;
02.12.2024;13:16:28.824;FGBL SI 20241206 PS;SIMPLE_INSTRUMENT;EFS;EUR;164;135.26000000;429;EXCHANGE_LAST;;1;1;XEUR;10804524;688;
02.12.2024;13:18:45.842;FGBL SI 20241206 PS;SIMPLE_INSTRUMENT;EFS;EUR;165;135.27000000;715;EXCHANGE_LAST;;1;1;XEUR;10804524;688;
02.12.2024;13:18:35.397;FGBL SI 20241206 PS;SIMPLE_INSTRUMENT;EFS;EUR;167;135.24000000;430;EXCHANGE_LAST;;1;1;XEUR;10804524;688;
02.12.2024;13:18:40.358;FGBL SI 20241206 PS;SIMPLE_INSTRUMENT;EFS;EUR;168;135.24000000;430;EXCHANGE_LAST;;1;1;XEUR;10804524;688;
02.12.2024;13:20:14.540;FGBL SI 20241206 PS;SIMPLE_INSTRUMENT;EFS;EUR;170;135.25000000;343;EXCHANGE_LAST;;1;1;XEUR;10804524;688;
02.12.2024;13:20:17.236;FGBL SI 20250306 PS;SIMPLE_INSTRUMENT;EFS;EUR;171;136.97000000;216;EXCHANGE_LAST;;1;1;XEUR;11286679;688;
02.12.2024;13:21:01.913;FGBL SI 20241206 PS;SIMPLE_INSTRUMENT;EFS;EUR;172;135.22000000;228;EXCHANGE_LAST;;1;1;XEUR;10804524;688;
02.12.2024;13:32:27.827;FGBL SI 20250306 PS;SIMPLE_INSTRUMENT;EFS;EUR;173;136.85000000;227;EXCHANGE_LAST;;1;1;XEUR;11286679;688;
02.12.2024;13:35:40.158;FGBL SI 20241206 PS;SIMPLE_INSTRUMENT;EFP_FIN;EUR;174;135.16000000;387;EXCHANGE_LAST;;1;1;XEUR;10804524;688;
02.12.2024;13:36:22.087;FGBL SI 20241206 PS;SIMPLE_INSTRUMENT;EFS;EUR;175;135.27000000;477;EXCHANGE_LAST;;1;1;XEUR;10804524;688;
02.12.2024;13:36:42.031;FGBL SI 20241206 PS;SIMPLE_INSTRUMENT;BLOCK;EUR;176;135.15000000;5535;EXCHANGE_LAST;;1;1;XEUR;10804524;688;
02.12.2024;13:37:10.446;FGBL SI 20250306 PS;SIMPLE_INSTRUMENT;BLOCK;EUR;177;136.83000000;2767;EXCHANGE_LAST;;1;1;XEUR;11286679;688;
02.12.2024;13:37:34.807;FGBL SI 20250306 PS;SIMPLE_INSTRUMENT;BLOCK;EUR;178;136.84000000;2768;EXCHANGE_LAST;;1;1;XEUR;11286679;688;
02.12.2024;13:37:51.316;FGBL SI 20250306 PS;SIMPLE_INSTRUMENT;EFS;EUR;179;136.95000000;453;EXCHANGE_LAST;;1;1;XEUR;11286679;688;
02.12.2024;13:41:13.334;FGBL SI 20241206 PS;SIMPLE_INSTRUMENT;EFS;EUR;180;135.14000000;215;EXCHANGE_LAST;;1;1;XEUR;10804524;688;
02.12.2024;13:41:24.159;FGBL SI 20241206 PS;SIMPLE_INSTRUMENT;EFS;EUR;181;135.10000000;430;EXCHANGE_LAST;;1;1;XEUR;10804524;688;
02.12.2024;13:42:29.217;FGBL SI 20241206 PS;SIMPLE_INSTRUMENT;EFS;EUR;182;135.09000000;215;EXCHANGE_LAST;;1;1;XEUR;10804524;688;
02.12.2024;13:42:54.235;FGBL SI 20241206 PS;SIMPLE_INSTRUMENT;EFS;EUR;183;135.09000000;215;EXCHANGE_LAST;;1;1;XEUR;10804524;688;
02.12.2024;13:45:23.865;FGBL.S.DEC24.MAR25.SPD;FUTURES_SPREAD;BLOCK;EUR;184;-1.69000000;2174;EXCHANGE_LAST;;1;1;XEUR;72060548975427674;688;
02.12.2024;13:45:23.865;FGBL SI 20250306 PS;SIMPLE_INSTRUMENT;BLOCK;EUR;184;136.83000000;2174;PRC_DECOMP_EXCHANGE;;;;XEUR;11286679;688;EXCHANGE
02.12.2024;13:45:23.865;FGBL SI 20241206 PS;SIMPLE_INSTRUMENT;BLOCK;EUR;184;135.14000000;2174;PRC_DECOMP_EXCHANGE;;;;XEUR;10804524;688;EXCHANGE
02.12.2024;13:45:30.905;FGBL.S.DEC24.MAR25.SPD;FUTURES_SPREAD;BLOCK;EUR;185;-1.68000000;2174;EXCHANGE_LAST;;1;1;XEUR;72060548975427674;688;
02.12.2024;13:45:30.905;FGBL SI 20241206 PS;SIMPLE_INSTRUMENT;BLOCK;EUR;185;135.14000000;2174;PRC_DECOMP_EXCHANGE;;;;XEUR;10804524;688;EXCHANGE
02.12.2024;13:45:30.905;FGBL SI 20250306 PS;SIMPLE_INSTRUMENT;BLOCK;EUR;185;136.82000000;2174;PRC_DECOMP_EXCHANGE;;;;XEUR;11286679;688;EXCHANGE
02.12.2024;13:48:09.910;FGBL SI 20241206 PS;SIMPLE_INSTRUMENT;EFP_FIN;EUR;186;135.16000000;472;EXCHANGE_LAST;;1;1;XEUR;10804524;688;
02.12.2024;13:48:20.904;FGBL SI 20241206 PS;SIMPLE_INSTRUMENT;EFP_FIN;EUR;187;135.14000000;725;EXCHANGE_LAST;;1;1;XEUR;10804524;688;
02.12.2024;13:48:34.384;FGBL SI 20241206 PS;SIMPLE_INSTRUMENT;EFP_FIN;EUR;189;135.14000000;82;EXCHANGE_LAST;;1;1;XEUR;10804524;688;
02.12.2024;13:48:39.583;FGBL SI 20241206 PS;SIMPLE_INSTRUMENT;EFS;EUR;190;135.14000000;215;EXCHANGE_LAST;;1;1;XEUR;10804524;688;
02.12.2024;13:48:40.584;FGBL SI 20241206 PS;SIMPLE_INSTRUMENT;EFS;EUR;191;135.14000000;215;EXCHANGE_LAST;;1;1;XEUR;10804524;688;
02.12.2024;13:48:59.987;FGBL SI 20241206 PS;SIMPLE_INSTRUMENT;EFS;EUR;192;135.12000000;191;EXCHANGE_LAST;;1;1;XEUR;10804524;688;
02.12.2024;13:51:40.537;FGBL SI 20241206 PS;SIMPLE_INSTRUMENT;EFS;EUR;193;135.14000000;96;EXCHANGE_LAST;;1;1;XEUR;10804524;688;
02.12.2024;13:52:07.439;FGBL SI 20241206 PS;SIMPLE_INSTRUMENT;EFP_FIN;EUR;194;135.16000000;1162;EXCHANGE_LAST;;1;1;XEUR;10804524;688;
02.12.2024;13:52:45.333;FGBL SI 20250306 PS;SIMPLE_INSTRUMENT;EFP_FIN;EUR;195;136.78000000;674;EXCHANGE_LAST;;1;1;XEUR;11286679;688;
02.12.2024;13:53:45.949;FGBL SI 20241206 PS;SIMPLE_INSTRUMENT;EFS;EUR;196;135.12000000;430;EXCHANGE_LAST;;1;1;XEUR;10804524;688;
02.12.2024;13:54:36.775;FGBL SI 20250306 PS;SIMPLE_INSTRUMENT;EFS;EUR;197;136.82000000;640;EXCHANGE_LAST;;1;1;XEUR;11286679;688;
02.12.2024;13:55:04.544;FGBL SI 20241206 PS;SIMPLE_INSTRUMENT;EFS;EUR;198;135.11000000;215;EXCHANGE_LAST;;1;1;XEUR;10804524;688;
02.12.2024;13:55:55.342;FGBL SI 20241206 PS;SIMPLE_INSTRUMENT;EFS;EUR;199;135.32000000;906;EXCHANGE_LAST;;1;1;XEUR;10804524;688;
02.12.2024;13:59:17.672;FGBL SI 20250306 PS;SIMPLE_INSTRUMENT;EFS;EUR;200;136.81000000;438;EXCHANGE_LAST;;1;1;XEUR;11286679;688;
02.12.2024;14:01:34.832;FGBL SI 20241206 PS;SIMPLE_INSTRUMENT;EFS;EUR;201;135.13000000;935;EXCHANGE_LAST;;1;1;XEUR;10804524;688;
02.12.2024;14:02:35.205;FGBL SI 20250306 PS;SIMPLE_INSTRUMENT;EFS;EUR;202;136.82000000;889;EXCHANGE_LAST;;1;1;XEUR;11286679;688;
02.12.2024;14:02:36.858;FGBL SI 20250306 PS;SIMPLE_INSTRUMENT;EFS;EUR;203;136.82000000;227;EXCHANGE_LAST;;1;1;XEUR;11286679;688;
02.12.2024;14:04:33.805;FGBL SI 20241206 PS;SIMPLE_INSTRUMENT;BLOCK;EUR;204;135.20000000;4000;EXCHANGE_LAST;;1;1;XEUR;10804524;688;
02.12.2024;14:05:24.237;FGBL SI 20241206 PS;SIMPLE_INSTRUMENT;EFS;EUR;205;135.19000000;715;EXCHANGE_LAST;;1;1;XEUR;10804524;688;
02.12.2024;14:05:23.809;FGBL SI 20250306 PS;SIMPLE_INSTRUMENT;BLOCK;EUR;206;136.88000000;2000;EXCHANGE_LAST;;1;1;XEUR;11286679;688;
02.12.2024;14:05:53.811;FGBL SI 20250306 PS;SIMPLE_INSTRUMENT;BLOCK;EUR;207;136.89000000;2000;EXCHANGE_LAST;;1;1;XEUR;11286679;688;
02.12.2024;14:07:30.639;FGBL SI 20241206 PS;SIMPLE_INSTRUMENT;EFS;EUR;208;135.13000000;935;EXCHANGE_LAST;;1;1;XEUR;10804524;688;
02.12.2024;14:08:22.188;FGBL SI 20250306 PS;SIMPLE_INSTRUMENT;EFS;EUR;209;136.83000000;889;EXCHANGE_LAST;;1;1;XEUR;11286679;688;
02.12.2024;14:11:33.573;FGBL.S.DEC24.MAR25.SPD;FUTURES_SPREAD;BLOCK;EUR;210;-1.69000000;2017;EXCHANGE_LAST;;1;1;XEUR;72060548975427674;688;
02.12.2024;14:11:33.573;FGBL SI 20241206 PS;SIMPLE_INSTRUMENT;BLOCK;EUR;210;135.23000000;2017;PRC_DECOMP_EXCHANGE;;;;XEUR;10804524;688;EXCHANGE
02.12.2024;14:11:33.573;FGBL SI 20250306 PS;SIMPLE_INSTRUMENT;BLOCK;EUR;210;136.92000000;2017;PRC_DECOMP_EXCHANGE;;;;XEUR;11286679;688;EXCHANGE
02.12.2024;14:13:25.652;FGBL SI 20241206 PS;SIMPLE_INSTRUMENT;EFS;EUR;211;135.18000000;243;EXCHANGE_LAST;;1;1;XEUR;10804524;688;
02.12.2024;14:14:33.710;FGBL SI 20250306 PS;SIMPLE_INSTRUMENT;EFS;EUR;212;136.86000000;231;EXCHANGE_LAST;;1;1;XEUR;11286679;688;
02.12.2024;14:17:03.734;FGBL SI 20241206 PS;SIMPLE_INSTRUMENT;EFS;EUR;213;135.22000000;681;EXCHANGE_LAST;;1;1;XEUR;10804524;688;
02.12.2024;14:18:52.583;FGBL SI 20241206 PS;SIMPLE_INSTRUMENT;EFS;EUR;214;135.19000000;191;EXCHANGE_LAST;;1;1;XEUR;10804524;688;
02.12.2024;14:21:48.614;FGBL SI 20241206 PS;SIMPLE_INSTRUMENT;EFP_FIN;EUR;215;135.20000000;422;EXCHANGE_LAST;;1;1;XEUR;10804524;688;
02.12.2024;14:23:04.802;FGBL SI 20250306 PS;SIMPLE_INSTRUMENT;EFP_FIN;EUR;216;137.00000000;865;EXCHANGE_LAST;;1;1;XEUR;11286679;688;
02.12.2024;14:24:13.701;FGBL SI 20241206 PS;SIMPLE_INSTRUMENT;EFP_FIN;EUR;217;135.26000000;1162;EXCHANGE_LAST;;1;1;XEUR;10804524;688;
02.12.2024;14:25:33.412;FGBL SI 20241206 PS;SIMPLE_INSTRUMENT;EFS;EUR;218;135.25000000;430;EXCHANGE_LAST;;1;1;XEUR;10804524;688;
02.12.2024;14:27:18.484;FGBL SI 20241206 PS;SIMPLE_INSTRUMENT;EFS;EUR;219;135.25000000;172;EXCHANGE_LAST;;1;1;XEUR;10804524;688;
02.12.2024;14:30:19.717;FGBL SI 20241206 PS;SIMPLE_INSTRUMENT;EFS;EUR;220;135.24000000;361;EXCHANGE_LAST;;1;1;XEUR;10804524;688;
02.12.2024;14:33:28.898;FGBL SI 20241206 PS;SIMPLE_INSTRUMENT;BLOCK;EUR;221;135.25000000;6327;EXCHANGE_LAST;;1;1;XEUR;10804524;688;
02.12.2024;14:37:14.910;FGBL SI 20250306 PS;SIMPLE_INSTRUMENT;BLOCK;EUR;222;136.94000000;2948;EXCHANGE_LAST;;1;1;XEUR;11286679;688;
02.12.2024;14:37:56.913;FGBL SI 20250306 PS;SIMPLE_INSTRUMENT;BLOCK;EUR;223;136.95000000;2949;EXCHANGE_LAST;;1;1;XEUR;11286679;688;
02.12.2024;14:38:23.902;FGBL SI 20241206 PS;SIMPLE_INSTRUMENT;EFS;EUR;224;135.26000000;532;EXCHANGE_LAST;;1;1;XEUR;10804524;688;
02.12.2024;14:40:45.006;FGBL SI 20241206 PS;SIMPLE_INSTRUMENT;EFS;EUR;225;135.24000000;532;EXCHANGE_LAST;;1;1;XEUR;10804524;688;
02.12.2024;14:43:31.584;FGBL SI 20241206 PS;SIMPLE_INSTRUMENT;EFS;EUR;226;135.22000000;477;EXCHANGE_LAST;;1;1;XEUR;10804524;688;
02.12.2024;14:43:40.692;FGBL SI 20241206 PS;SIMPLE_INSTRUMENT;EFS;EUR;227;135.23000000;477;EXCHANGE_LAST;;1;1;XEUR;10804524;688;
02.12.2024;14:49:07.923;FGBL SI 20241206 PS;SIMPLE_INSTRUMENT;EFS;EUR;228;135.22000000;477;EXCHANGE_LAST;;1;1;XEUR;10804524;688;
02.12.2024;14:51:00.365;FGBL SI 20241206 PS;SIMPLE_INSTRUMENT;EFS;EUR;229;135.24000000;429;EXCHANGE_LAST;;1;1;XEUR;10804524;688;
02.12.2024;14:51:25.621;FGBL SI 20241206 PS;SIMPLE_INSTRUMENT;EFS;EUR;230;135.23000000;429;EXCHANGE_LAST;;1;1;XEUR;10804524;688;
02.12.2024;14:52:13.003;FGBL SI 20241206 PS;SIMPLE_INSTRUMENT;EFS;EUR;231;135.21000000;429;EXCHANGE_LAST;;1;1;XEUR;10804524;688;
02.12.2024;14:52:31.617;FGBL SI 20241206 PS;SIMPLE_INSTRUMENT;EFS;EUR;232;135.22000000;215;EXCHANGE_LAST;;1;1;XEUR;10804524;688;
02.12.2024;14:52:52.397;FGBL SI 20241206 PS;SIMPLE_INSTRUMENT;EFS;EUR;233;135.21000000;429;EXCHANGE_LAST;;1;1;XEUR;10804524;688;
02.12.2024;14:53:25.287;FGBL SI 20241206 PS;SIMPLE_INSTRUMENT;EFS;EUR;234;135.25000000;2239;EXCHANGE_LAST;;1;1;XEUR;10804524;688;
02.12.2024;14:53:31.780;FGBL SI 20250306 PS;SIMPLE_INSTRUMENT;EFS;EUR;235;136.77000000;227;EXCHANGE_LAST;;1;1;XEUR;11286679;688;
02.12.2024;14:53:52.873;FGBL SI 20241206 PS;SIMPLE_INSTRUMENT;EFS;EUR;236;135.25000000;429;EXCHANGE_LAST;;1;1;XEUR;10804524;688;
02.12.2024;14:54:18.654;FGBL SI 20241206 PS;SIMPLE_INSTRUMENT;EFS;EUR;237;135.25000000;429;EXCHANGE_LAST;;1;1;XEUR;10804524;688;
02.12.2024;14:55:23.705;FGBL SI 20241206 PS;SIMPLE_INSTRUMENT;EFS;EUR;238;135.10000000;246;EXCHANGE_LAST;;1;1;XEUR;10804524;688;
02.12.2024;14:55:51.763;FGBL SI 20241206 PS;SIMPLE_INSTRUMENT;EFS;EUR;239;135.23000000;215;EXCHANGE_LAST;;1;1;XEUR;10804524;688;
02.12.2024;15:00:30.363;FGBL.S.DEC24.MAR25.SPD;FUTURES_SPREAD;BLOCK;EUR;240;-1.70000000;2820;EXCHANGE_LAST;;1;1;XEUR;72060548975427674;688;
02.12.2024;15:00:30.363;FGBL SI 20241206 PS;SIMPLE_INSTRUMENT;BLOCK;EUR;240;135.25000000;2820;PRC_DECOMP_MEMBER;;;;XEUR;10804524;688;MEMBER
02.12.2024;15:00:30.363;FGBL SI 20250306 PS;SIMPLE_INSTRUMENT;BLOCK;EUR;240;136.95000000;2820;PRC_DECOMP_MEMBER;;;;XEUR;11286679;688;MEMBER
02.12.2024;14:57:51.939;FGBL SI 20250306 PS;SIMPLE_INSTRUMENT;EFP_FIN;EUR;241;136.92000000;384;EXCHANGE_LAST;;1;1;XEUR;11286679;688;
02.12.2024;14:58:19.490;FGBL SI 20241206 PS;SIMPLE_INSTRUMENT;EFS;EUR;242;135.24000000;3778;EXCHANGE_LAST;;1;1;XEUR;10804524;688;
02.12.2024;14:59:26.071;FGBL SI 20250306 PS;SIMPLE_INSTRUMENT;EFS;EUR;243;136.95000000;3517;EXCHANGE_LAST;;1;1;XEUR;11286679;688;
02.12.2024;14:59:28.430;FGBL SI 20241206 PS;SIMPLE_INSTRUMENT;EFS;EUR;244;135.24000000;463;EXCHANGE_LAST;;1;1;XEUR;10804524;688;
02.12.2024;15:00:25.800;FGBL SI 20250306 PS;SIMPLE_INSTRUMENT;EFS;EUR;245;136.95000000;431;EXCHANGE_LAST;;1;1;XEUR;11286679;688;
02.12.2024;15:01:02.025;FGBL SI 20241206 PS;SIMPLE_INSTRUMENT;EFS;EUR;246;135.20000000;430;EXCHANGE_LAST;;1;1;XEUR;10804524;688;
02.12.2024;15:04:10.945;FGBL.S.DEC24.MAR25.SPD;FUTURES_SPREAD;BLOCK;EUR;247;-1.69000000;2987;EXCHANGE_LAST;;1;1;XEUR;72060548975427674;688;
02.12.2024;15:04:10.945;FGBL SI 20250306 PS;SIMPLE_INSTRUMENT;BLOCK;EUR;247;136.88000000;2987;PRC_DECOMP_EXCHANGE;;;;XEUR;11286679;688;EXCHANGE
02.12.2024;15:04:10.945;FGBL SI 20241206 PS;SIMPLE_INSTRUMENT;BLOCK;EUR;247;135.19000000;2987;PRC_DECOMP_EXCHANGE;;;;XEUR;10804524;688;EXCHANGE
02.12.2024;15:05:17.485;FGBL.S.DEC24.MAR25.SPD;FUTURES_SPREAD;BLOCK;EUR;248;-1.70000000;2988;EXCHANGE_LAST;;1;1;XEUR;72060548975427674;688;
02.12.2024;15:05:17.485;FGBL SI 20250306 PS;SIMPLE_INSTRUMENT;BLOCK;EUR;248;136.95000000;2988;PRC_DECOMP_EXCHANGE;;;;XEUR;11286679;688;EXCHANGE
02.12.2024;15:05:17.485;FGBL SI 20241206 PS;SIMPLE_INSTRUMENT;BLOCK;EUR;248;135.25000000;2988;PRC_DECOMP_EXCHANGE;;;;XEUR;10804524;688;EXCHANGE
