#Date;TrdTime;Contract;ContractType;TrdTyp;Currency;TesId;Prc;Qty;TrdInd;Aggressor;Buy;Sell;Exch;InstrumentId;RelatedProdId;PrcDecomp
05.12.2024;11:15:00.959;A2XA SI 20251219 CS;SIMPLE_INSTRUMENT;BLOCK;EUR;20;2.08500000;300;EXCHANGE_LAST;;1;2;XEUR;3681055;17;
05.12.2024;11:12:07.195;A2XA SI 20271217 CS;SIMPLE_INSTRUMENT;BLOCK;EUR;22;1.86000000;150;EXCHANGE_LAST;;1;1;XEUR;5914267;17;
05.12.2024;16:41:09.813;A2XA SI 20271217 CS;SIMPLE_INSTRUMENT;BLOCK;EUR;89;1.87000000;500;EXCHANGE_LAST;;1;1;XEUR;5914267;17;
05.12.2024;11:04:47.986;ABBN FI 20250108 CS EU C 54.0000 0;FLEXIBLE_INSTRUMENT;BLOCK;CHF;28;0.33000000;2300;EXCHANGE_LAST;;1;1;XEUR;1155389036332851025;574517;
05.12.2024;15:29:57.783;ABBN.O.241205.STG.000006;STANDARD_OPTION_STRATEGY;BLOCK;CHF;71;2.68000000;1250;EXCHANGE_LAST;;1;1;XEUR;74525125763934469;574517;
05.12.2024;15:29:57.783;ABBN SI 20250321 PS AM C 55.00 0;SIMPLE_INSTRUMENT;BLOCK;CHF;71;1.14000000;1250;PRC_DECOMP_EXCHANGE;;;;XEUR;11849014;574517;EXCHANGE
05.12.2024;15:29:57.783;ABBN SI 20250321 PS AM P 50.00 0;SIMPLE_INSTRUMENT;BLOCK;CHF;71;1.54000000;1250;PRC_DECOMP_EXCHANGE;;;;XEUR;10886861;574517;EXCHANGE
05.12.2024;16:05:30.344;ABBN.O.241205.BER.000007;STANDARD_OPTION_STRATEGY;BLOCK;CHF;82;6.24000000;1000;EXCHANGE_LAST;;1;1;XEUR;74525125763934470;574517;
05.12.2024;16:05:30.344;ABBN SI 20250620 PS AM P 58.00 0;SIMPLE_INSTRUMENT;BLOCK;CHF;82;7.66000000;1000;PRC_DECOMP_EXCHANGE;;;;XEUR;12220216;574517;EXCHANGE
05.12.2024;16:05:30.344;ABBN SI 20250620 PS AM P 46.00 0;SIMPLE_INSTRUMENT;BLOCK;CHF;82;1.42000000;1000;PRC_DECOMP_EXCHANGE;;;;XEUR;11409722;574517;EXCHANGE
05.12.2024;08:32:41.830;ADEN SI 20250221 PS AM P 18.00 0;SIMPLE_INSTRUMENT;BLOCK;CHF;3;0.17000000;1000;EXCHANGE_LAST;;1;1;XEUR;12308784;44;
05.12.2024;08:32:41.830;ADEN SI 20250221 PS AM P 18.00 0;SIMPLE_INSTRUMENT;BLOCK;CHF;4;0.16000000;1000;EXCHANGE_LAST;;1;1;XEUR;12308784;44;
05.12.2024;11:25:16.966;ADEN FI 20250108 CS EU C 24.3000 0;FLEXIBLE_INSTRUMENT;BLOCK;CHF;40;0.18000000;500;EXCHANGE_LAST;;1;1;XEUR;1152921693585423009;44;
05.12.2024;13:43:27.424;ADS SI 20250117 PS AM C 250.00 0;SIMPLE_INSTRUMENT;BLOCK;EUR;17;3.75000000;500;EXCHANGE_LAST;;1;1;XEUR;12067271;50;
05.12.2024;15:43:22.439;ADY.O.241205.STG.000002;STANDARD_OPTION_STRATEGY;BLOCK;EUR;20;292.00000000;400;EXCHANGE_LAST;;1;1;XEUR;72385364467125366;76315;
05.12.2024;15:43:22.439;ADY SI 20251219 PS AM C 1600.00 0;SIMPLE_INSTRUMENT;BLOCK;EUR;20;177.43000000;400;PRC_DECOMP_EXCHANGE;;;;XEUR;10666922;76315;EXCHANGE
05.12.2024;15:43:22.439;ADY SI 20251219 PS AM P 1280.00 0;SIMPLE_INSTRUMENT;BLOCK;EUR;20;114.57000000;400;PRC_DECOMP_EXCHANGE;;;;XEUR;10439845;76315;EXCHANGE
05.12.2024;12:35:29.813;AI3F SI 20250321 CS;SIMPLE_INSTRUMENT;BLOCK;EUR;42;70.18010000;250;EXCHANGE_LAST;;1;1;XEUR;10693006;70;
05.12.2024;08:19:54.324;AKU SI 20250117 PS AM C 63.00 0;SIMPLE_INSTRUMENT;BLOCK;EUR;3;0.42000000;2206;EXCHANGE_LAST;;1;1;XEUR;12067680;78;
05.12.2024;10:08:34.468;ALC FI 20250108 CS EU C 80.5000 0;FLEXIBLE_INSTRUMENT;BLOCK;CHF;17;0.42000000;920;EXCHANGE_LAST;;1;1;XEUR;1153480425880953654;130134;
05.12.2024;09:49:40.326;ALV SI 20241220 PS AM P 300.00 0;SIMPLE_INSTRUMENT;BLOCK;EUR;1;3.42000000;300;EXCHANGE_LAST;;1;1;XEUR;10368144;74;
05.12.2024;10:48:07.445;ALV SI 20260619 PS AM P 200.00 0;SIMPLE_INSTRUMENT;BLOCK;EUR;2;4.15000000;300;EXCHANGE_LAST;;1;1;XEUR;9537492;74;
05.12.2024;15:06:10.729;ANN SI 20250321 PS AM C 34.00 0;SIMPLE_INSTRUMENT;BLOCK;EUR;12;1.05000000;2000;EXCHANGE_LAST;;1;2;XEUR;10865131;45202;
05.12.2024;09:03:50.428;ASM SI 20260619 PS AM P 560.00 0;SIMPLE_INSTRUMENT;BLOCK;EUR;6;52.65000000;200;EXCHANGE_LAST;;1;1;XEUR;9538538;107;
05.12.2024;10:53:42.258;AXA SI 20271217 PS AM P 22.00 0;SIMPLE_INSTRUMENT;BLOCK;EUR;6;1.35000000;2000;EXCHANGE_LAST;;2;1;XEUR;8773970;127;
05.12.2024;11:18:56.003;AXA.O.241205.STG.000005;STANDARD_OPTION_STRATEGY;BLOCK;EUR;8;1.38000000;2500;EXCHANGE_LAST;;1;1;XEUR;72058139498794129;127;
05.12.2024;11:18:56.003;AXA SI 20250321 PS AM C 36.00 0;SIMPLE_INSTRUMENT;BLOCK;EUR;8;0.45000000;2500;PRC_DECOMP_MEMBER;;;;XEUR;10830417;127;MEMBER
05.12.2024;11:18:56.003;AXA SI 20250321 PS AM P 32.00 0;SIMPLE_INSTRUMENT;BLOCK;EUR;8;0.93000000;2500;PRC_DECOMP_MEMBER;;;;XEUR;10830414;127;MEMBER
05.12.2024;14:41:00.906;AXAG.S.DEC24.MAR25.SPD;FUTURES_SPREAD;BLOCK;EUR;57;-0.26000000;5500;EXCHANGE_LAST;;3;2;XEUR;72058130908840253;125;
05.12.2024;14:41:00.906;AXAG SI 20241220 CS;SIMPLE_INSTRUMENT;BLOCK;EUR;57;32.88660000;5500;PRC_DECOMP_EXCHANGE;;;;XEUR;7031589;125;EXCHANGE
05.12.2024;14:41:00.906;AXAG SI 20250321 CS;SIMPLE_INSTRUMENT;BLOCK;EUR;57;33.14660000;5500;PRC_DECOMP_EXCHANGE;;;;XEUR;10693637;125;EXCHANGE
05.12.2024;10:33:36.202;B2MW SI 20251219 CS;SIMPLE_INSTRUMENT;BLOCK;EUR;7;4.10000000;100;EXCHANGE_LAST;;1;2;XEUR;3681121;128;
05.12.2024;10:31:10.758;B2MW SI 20251219 CS;SIMPLE_INSTRUMENT;BLOCK;EUR;9;4.15000000;50;EXCHANGE_LAST;;1;1;XEUR;3681121;128;
05.12.2024;10:31:33.162;B2MW SI 20251219 CS;SIMPLE_INSTRUMENT;BLOCK;EUR;10;4.18000000;320;EXCHANGE_LAST;;1;1;XEUR;3681121;128;
05.12.2024;10:56:39.916;B2MW SI 20251219 CS;SIMPLE_INSTRUMENT;BLOCK;EUR;13;4.25000000;600;EXCHANGE_LAST;;1;1;XEUR;3681121;128;
05.12.2024;12:50:15.873;B2NP SI 20251219 CS;SIMPLE_INSTRUMENT;BLOCK;EUR;43;5.25000000;200;EXCHANGE_LAST;;1;2;XEUR;5914355;131;
05.12.2024;15:45:43.340;B2NP SI 20251219 CS;SIMPLE_INSTRUMENT;BLOCK;EUR;73;5.28000000;250;EXCHANGE_LAST;;1;2;XEUR;5914355;131;
05.12.2024;16:03:47.658;B2NP SI 20261218 CS;SIMPLE_INSTRUMENT;BLOCK;EUR;80;4.24000000;150;EXCHANGE_LAST;;2;2;XEUR;6798320;131;
05.12.2024;16:05:12.768;B2NP SI 20271217 CS;SIMPLE_INSTRUMENT;BLOCK;EUR;81;3.53000000;150;EXCHANGE_LAST;;1;2;XEUR;7086925;131;
05.12.2024;16:23:26.796;B2NP SI 20271217 CS;SIMPLE_INSTRUMENT;BLOCK;EUR;85;3.53000000;75;EXCHANGE_LAST;;1;1;XEUR;7086925;131;
05.12.2024;17:04:39.059;B2NP SI 20271217 CS;SIMPLE_INSTRUMENT;BLOCK;EUR;95;3.53000000;50;EXCHANGE_LAST;;1;1;XEUR;7086925;131;
05.12.2024;10:13:02.895;B2YG SI 20251219 CS;SIMPLE_INSTRUMENT;BLOCK;EUR;5;1.84000000;200;EXCHANGE_LAST;;1;1;XEUR;5914365;45713;
05.12.2024;11:20:41.203;BAEN FI 20250108 CS EU C 61.1000 0;FLEXIBLE_INSTRUMENT;BLOCK;CHF;37;0.53000000;426;EXCHANGE_LAST;;1;1;XEUR;1152922187506657056;159;
05.12.2024;09:56:21.504;BARN FI 20250108 CS EU C 1380.0000 0;FLEXIBLE_INSTRUMENT;BLOCK;CHF;11;5.60000000;163;EXCHANGE_LAST;;1;1;XEUR;1152922144556979091;149;
05.12.2024;14:45:28.190;BASG SI 20241220 CS;SIMPLE_INSTRUMENT;BLOCK;EUR;59;43.63100000;3500;EXCHANGE_LAST;;2;1;XEUR;7032007;171;
05.12.2024;13:14:52.856;BBVD.O.241205.STD.000001;STANDARD_OPTION_STRATEGY;BLOCK;EUR;12;0.43000000;6500;EXCHANGE_LAST;;1;1;XEUR;72058332772304719;172;
05.12.2024;13:14:52.856;BBVD SI 20241220 PS AM P 9.50 0;SIMPLE_INSTRUMENT;BLOCK;EUR;12;0.22000000;6500;PRC_DECOMP_EXCHANGE;;;;XEUR;9539837;172;EXCHANGE
05.12.2024;13:14:52.856;BBVD SI 20241220 PS AM C 9.50 0;SIMPLE_INSTRUMENT;BLOCK;EUR;12;0.21000000;6500;PRC_DECOMP_EXCHANGE;;;;XEUR;9539825;172;EXCHANGE
05.12.2024;13:15:00.339;BEI.O.241205.STD.000002;STANDARD_OPTION_STRATEGY;BLOCK;EUR;14;19.20000000;600;EXCHANGE_LAST;;1;2;XEUR;72058349952189211;176;
05.12.2024;13:15:00.339;BEI SI 20251219 PS AM P 120.00 0;SIMPLE_INSTRUMENT;BLOCK;EUR;14;7.22000000;600;PRC_DECOMP_EXCHANGE;;;;XEUR;5922712;176;EXCHANGE
05.12.2024;13:15:00.339;BEI SI 20251219 PS AM C 120.00 0;SIMPLE_INSTRUMENT;BLOCK;EUR;14;11.98000000;600;PRC_DECOMP_EXCHANGE;;;;XEUR;5922711;176;EXCHANGE
05.12.2024;14:06:28.455;BMW.O.241205.STD.000015;STANDARD_OPTION_STRATEGY;BLOCK;EUR;18;12.60000000;600;EXCHANGE_LAST;;1;1;XEUR;72058495981107765;210;
05.12.2024;14:06:28.455;BMW SI 20250620 PS AM C 72.00 0;SIMPLE_INSTRUMENT;BLOCK;EUR;18;6.85000000;600;PRC_DECOMP_EXCHANGE;;;;XEUR;11332527;210;EXCHANGE
05.12.2024;14:06:28.455;BMW SI 20250620 PS AM P 72.00 0;SIMPLE_INSTRUMENT;BLOCK;EUR;18;5.75000000;600;PRC_DECOMP_EXCHANGE;;;;XEUR;11332528;210;EXCHANGE
05.12.2024;14:30:24.074;BMW SI 20241220 PS AM C 80.00 0;SIMPLE_INSTRUMENT;BLOCK;EUR;22;0.16000000;750;EXCHANGE_LAST;;1;1;XEUR;9106634;210;
05.12.2024;16:41:29.055;BMW SI 20250321 PS AM C 88.00 0;SIMPLE_INSTRUMENT;BLOCK;EUR;29;0.71000000;1000;EXCHANGE_LAST;;1;1;XEUR;10832547;210;
05.12.2024;16:41:35.374;BMW SI 20250321 PS AM C 88.00 0;SIMPLE_INSTRUMENT;BLOCK;EUR;30;0.72000000;1000;EXCHANGE_LAST;;1;1;XEUR;10832547;210;
05.12.2024;16:41:39.189;BMW SI 20250620 PS AM C 84.00 0;SIMPLE_INSTRUMENT;BLOCK;EUR;31;2.33000000;2000;EXCHANGE_LAST;;1;1;XEUR;7899911;210;
05.12.2024;11:34:31.161;BMWF.S.DEC24.MAR25.SPD;FUTURES_SPREAD;BLOCK;EUR;32;-0.62000000;6000;EXCHANGE_LAST;;1;1;XEUR;72058620535111966;239;
05.12.2024;11:34:31.161;BMWF SI 20241220 CS;SIMPLE_INSTRUMENT;BLOCK;EUR;32;74.10000000;6000;PRC_DECOMP_MEMBER;;;;XEUR;7032665;239;MEMBER
05.12.2024;11:34:31.161;BMWF SI 20250321 CS;SIMPLE_INSTRUMENT;BLOCK;EUR;32;74.72000000;6000;PRC_DECOMP_MEMBER;;;;XEUR;10695616;239;MEMBER
05.12.2024;15:53:41.302;BMWF SI 20241220 CS;SIMPLE_INSTRUMENT;BLOCK;EUR;75;74.46500000;3850;EXCHANGE_LAST;;1;1;XEUR;7032665;239;
05.12.2024;12:09:54.116;BNP.N.241205.000005;NON_STANDARD_OPTION_STRATEGY;BLOCK;EUR;10;77.70000000;1000;EXCHANGE_LAST;;1;1;XEUR;72058611945198658;237;
05.12.2024;12:09:54.116;BNP SI 20270618 PS AM P 50.00 0;SIMPLE_INSTRUMENT;BLOCK;EUR;10;7.19000000;5000;PRC_DECOMP_EXCHANGE;;;;XEUR;12361662;237;EXCHANGE
05.12.2024;12:09:54.116;BNP SI 20281215 PS AM P 40.00 0;SIMPLE_INSTRUMENT;BLOCK;EUR;10;5.22000000;7000;PRC_DECOMP_EXCHANGE;;;;XEUR;10398940;237;EXCHANGE
05.12.2024;12:09:54.116;BNP SI 20281215 PS AM P 40.00 0;SIMPLE_INSTRUMENT;BLOCK;EUR;10;5.21000000;1000;PRC_DECOMP_EXCHANGE;;;;XEUR;10398940;237;EXCHANGE
05.12.2024;15:45:59.746;BNP.O.241205.BUL.000007;STANDARD_OPTION_STRATEGY;BLOCK;EUR;19;1.30000000;800;EXCHANGE_LAST;;1;1;XEUR;72058611945198660;237;
05.12.2024;15:45:59.746;BNP SI 20250321 PS AM C 64.00 0;SIMPLE_INSTRUMENT;BLOCK;EUR;19;0.89000000;800;PRC_DECOMP_EXCHANGE;;;;XEUR;10832961;237;EXCHANGE
05.12.2024;15:45:59.746;BNP SI 20250321 PS AM C 60.00 0;SIMPLE_INSTRUMENT;BLOCK;EUR;19;2.19000000;800;PRC_DECOMP_EXCHANGE;;;;XEUR;10832953;237;EXCHANGE
05.12.2024;16:47:58.953;BNP SI 20260619 PS AM P 52.00 0;SIMPLE_INSTRUMENT;BLOCK;EUR;21;6.15000000;2500;EXCHANGE_LAST;;2;1;XEUR;9541690;237;
05.12.2024;14:50:21.841;BOSS SI 20241220 PS AM C 38.00 0;SIMPLE_INSTRUMENT;BLOCK;EUR;21;1.45000000;1000;EXCHANGE_LAST;;1;2;XEUR;10398370;230;
05.12.2024;08:02:22.899;BPV SI 20250619 PS AM P 5.20 0;SIMPLE_INSTRUMENT;BLOCK;EUR;1;0.08400000;10884;EXCHANGE_LAST;;1;1;XEUR;11337121;251;
05.12.2024;08:05:10.171;BPV FI 20250619 PS AM P 6.6000 0;FLEXIBLE_INSTRUMENT;BLOCK;EUR;2;0.42000000;10884;EXCHANGE_LAST;;1;1;XEUR;1152922582643638278;251;
05.12.2024;17:00:42.586;BPV SI 20250619 PS AM P 5.20 0;SIMPLE_INSTRUMENT;BLOCK;EUR;22;0.12000000;2695;EXCHANGE_LAST;;1;1;XEUR;11337121;251;
05.12.2024;17:00:43.130;BPV SI 20250619 PS AM P 5.20 0;SIMPLE_INSTRUMENT;BLOCK;EUR;23;0.13000000;10783;EXCHANGE_LAST;;1;1;XEUR;11337121;251;
05.12.2024;16:59:41.907;BPV FI 20250619 PS AM P 6.6000 0;FLEXIBLE_INSTRUMENT;BLOCK;EUR;24;0.44000000;13478;EXCHANGE_LAST;;1;1;XEUR;1152922582643638278;251;
05.12.2024;14:47:02.441;BPVJ SI 20241219 CS;SIMPLE_INSTRUMENT;BLOCK;EUR;60;7.34000000;5250;EXCHANGE_LAST;;1;2;XEUR;7029761;48715;
05.12.2024;10:25:08.737;BSD2 SI 20241220 PS AM C 4.00 0;SIMPLE_INSTRUMENT;BLOCK;EUR;7;0.59000000;2000;EXCHANGE_LAST;;1;1;XEUR;4640643;245;
05.12.2024;15:51:59.242;C4RI SI 20251219 CS;SIMPLE_INSTRUMENT;BLOCK;EUR;74;2.58000000;200;EXCHANGE_LAST;;1;1;XEUR;5914459;50862;
05.12.2024;16:07:16.264;C4RI SI 20261218 CS;SIMPLE_INSTRUMENT;BLOCK;EUR;82;2.68000000;100;EXCHANGE_LAST;;1;1;XEUR;6821680;50862;
05.12.2024;16:14:31.978;C4RI SI 20251219 CS;SIMPLE_INSTRUMENT;BLOCK;EUR;83;2.58000000;150;EXCHANGE_LAST;;1;1;XEUR;5914459;50862;
05.12.2024;11:22:28.679;CBK SI 20261218 PS AM P 10.00 0;SIMPLE_INSTRUMENT;BLOCK;EUR;3;0.81000000;6000;EXCHANGE_LAST;;1;1;XEUR;7154955;268;
05.12.2024;11:48:30.667;CBK SI 20261218 PS AM P 10.00 0;SIMPLE_INSTRUMENT;BLOCK;EUR;4;0.81000000;3000;EXCHANGE_LAST;;2;1;XEUR;7154955;268;
05.12.2024;09:39:17.419;CBKE SI 20260619 PS EU P 14.00 0;SIMPLE_INSTRUMENT;BLOCK;EUR;1;1.97000000;1250;EXCHANGE_LAST;;1;1;XEUR;9543038;304;
05.12.2024;09:39:00.147;CBKE SI 20260619 PS EU P 14.00 0;SIMPLE_INSTRUMENT;BLOCK;EUR;2;1.96000000;1250;EXCHANGE_LAST;;1;1;XEUR;9543038;304;
05.12.2024;10:54:58.460;CFR FI 20250108 CS EU C 135.1000 0;FLEXIBLE_INSTRUMENT;BLOCK;CHF;25;1.49000000;710;EXCHANGE_LAST;;1;1;XEUR;1152922848931625651;313;
05.12.2024;11:51:44.941;CFR SI 20250117 PS AM C 140.00 0;SIMPLE_INSTRUMENT;BLOCK;CHF;49;1.23000000;706;EXCHANGE_LAST;;1;1;XEUR;12071497;313;
05.12.2024;11:43:55.686;CLN FI 20250108 CS EU C 11.2000 0;FLEXIBLE_INSTRUMENT;BLOCK;CHF;45;0.01000000;750;EXCHANGE_LAST;;1;1;XEUR;1152922775917176609;296;
05.12.2024;11:43:40.741;CLN FI 20250108 CS EU C 11.2000 0;FLEXIBLE_INSTRUMENT;BLOCK;CHF;46;0.10000000;767;EXCHANGE_LAST;;1;1;XEUR;1152922775917176609;296;
05.12.2024;09:24:10.492;CON SI 20241220 PS AM C 70.00 0;SIMPLE_INSTRUMENT;BLOCK;EUR;2;0.31000000;1000;EXCHANGE_LAST;;1;1;XEUR;11999890;414620;
05.12.2024;17:02:04.665;CRI5 SI 20250619 PS AM C 40.00 0;SIMPLE_INSTRUMENT;BLOCK;EUR;25;2.55000000;12492;EXCHANGE_LAST;;1;1;XEUR;9531009;320;
05.12.2024;17:02:08.337;CRI5 SI 20250619 PS AM C 44.00 0;SIMPLE_INSTRUMENT;BLOCK;EUR;26;1.24400000;12492;EXCHANGE_LAST;;1;1;XEUR;9543488;320;
05.12.2024;12:22:56.721;D2PW SI 20251219 CS;SIMPLE_INSTRUMENT;BLOCK;EUR;41;1.82000000;1000;EXCHANGE_LAST;;2;1;XEUR;3681256;9702;
05.12.2024;09:57:12.090;DAI.O.241205.BER.000013;STANDARD_OPTION_STRATEGY;BLOCK;EUR;3;7.71000000;1300;EXCHANGE_LAST;;1;1;XEUR;73961106363662095;443196;
05.12.2024;09:57:12.090;DAI SI 20281215 PS AM P 40.00 0;SIMPLE_INSTRUMENT;BLOCK;EUR;3;5.58000000;1300;PRC_DECOMP_EXCHANGE;;;;XEUR;10455510;443196;EXCHANGE
05.12.2024;09:57:12.090;DAI SI 20281215 PS AM P 56.00 0;SIMPLE_INSTRUMENT;BLOCK;EUR;3;13.29000000;1300;PRC_DECOMP_EXCHANGE;;;;XEUR;11961685;443196;EXCHANGE
05.12.2024;12:18:11.289;DAI SI 20241220 PS AM C 54.00 0;SIMPLE_INSTRUMENT;BLOCK;EUR;15;0.68000000;2314;EXCHANGE_LAST;;1;1;XEUR;7349880;443196;
05.12.2024;15:07:57.298;DAI.O.241205.STD.000026;STANDARD_OPTION_STRATEGY;BLOCK;EUR;28;14.20000000;1000;EXCHANGE_LAST;;2;1;XEUR;73961106363662108;443196;
05.12.2024;15:07:57.298;DAI SI 20261218 PS AM P 52.00 0;SIMPLE_INSTRUMENT;BLOCK;EUR;28;7.57000000;1000;PRC_DECOMP_EXCHANGE;;;;XEUR;7190097;443196;EXCHANGE
05.12.2024;15:07:57.298;DAI SI 20261218 PS AM C 52.00 0;SIMPLE_INSTRUMENT;BLOCK;EUR;28;6.63000000;1000;PRC_DECOMP_EXCHANGE;;;;XEUR;7190093;443196;EXCHANGE
05.12.2024;16:47:15.820;DAIG.S.DEC24.MAR25.SPD;FUTURES_SPREAD;BLOCK;EUR;93;-0.43500000;1400;EXCHANGE_LAST;;1;1;XEUR;73961136428417117;443203;
05.12.2024;16:47:15.820;DAIG SI 20241220 CS;SIMPLE_INSTRUMENT;BLOCK;EUR;93;53.12390000;1400;PRC_DECOMP_EXCHANGE;;;;XEUR;7144297;443203;EXCHANGE
05.12.2024;16:47:15.820;DAIG SI 20250321 CS;SIMPLE_INSTRUMENT;BLOCK;EUR;93;53.55890000;1400;PRC_DECOMP_EXCHANGE;;;;XEUR;10734482;443203;EXCHANGE
05.12.2024;16:07:53.178;DPW.O.241205.IRTSP.000011;STANDARD_OPTION_STRATEGY;ENLIGHT;EUR;14;-2.50000000;1200;EXCHANGE_LAST;;1;1;XEUR;72059505298414127;445;
05.12.2024;16:07:53.178;DPW SI 20261218 PS AM P 32.00 0;SIMPLE_INSTRUMENT;ENLIGHT;EUR;14;3.22000000;1200;PRC_DECOMP_EXCHANGE;;;;XEUR;7428780;445;EXCHANGE
05.12.2024;16:07:53.178;DPW SI 20250117 PS AM C 36.00 0;SIMPLE_INSTRUMENT;ENLIGHT;EUR;14;0.72000000;1200;PRC_DECOMP_EXCHANGE;;;;XEUR;12073084;445;EXCHANGE
05.12.2024;09:04:06.742;DTE SI 20241220 PS AM P 29.00 0;SIMPLE_INSTRUMENT;BLOCK;EUR;3;0.05000000;3000;EXCHANGE_LAST;;1;1;XEUR;11878497;424;
05.12.2024;09:58:10.825;E2NT SI 20251219 CS;SIMPLE_INSTRUMENT;BLOCK;EUR;2;0.99500000;350;EXCHANGE_LAST;;1;1;XEUR;3681294;470;
05.12.2024;11:17:53.030;E2NT SI 20261218 CS;SIMPLE_INSTRUMENT;BLOCK;EUR;17;0.95500000;500;EXCHANGE_LAST;;1;2;XEUR;4632357;470;
05.12.2024;11:11:57.324;E2NT SI 20251219 CS;SIMPLE_INSTRUMENT;BLOCK;EUR;19;1.00000000;500;EXCHANGE_LAST;;1;1;XEUR;3681294;470;
05.12.2024;13:35:05.611;E2NT SI 20251219 CS;SIMPLE_INSTRUMENT;BLOCK;EUR;52;1.00000000;500;EXCHANGE_LAST;;1;1;XEUR;3681294;470;
05.12.2024;14:46:08.058;EAD SI 20250221 PS AM C 160.00 0;SIMPLE_INSTRUMENT;BLOCK;EUR;16;4.41000000;400;EXCHANGE_LAST;;1;1;XEUR;12244211;465;
05.12.2024;14:15:19.476;ENT5 SI 20241219 PS AM C 14.00 0;SIMPLE_INSTRUMENT;BLOCK;EUR;16;0.06000000;1000;EXCHANGE_LAST;;1;1;XEUR;4630525;497;
05.12.2024;15:44:38.653;ENT5 SI 20241219 PS AM P 14.00 0;SIMPLE_INSTRUMENT;BLOCK;EUR;21;0.63000000;1000;EXCHANGE_LAST;;1;1;XEUR;4630526;497;
05.12.2024;11:21:41.439;EOA SI 20241220 PS AM P 12.00 0;SIMPLE_INSTRUMENT;BLOCK;EUR;10;0.20000000;6500;EXCHANGE_LAST;;1;2;XEUR;4644610;49065;
05.12.2024;09:34:51.252;F3TE SI 20251219 CS;SIMPLE_INSTRUMENT;BLOCK;EUR;1;0.72500000;300;EXCHANGE_LAST;;1;1;XEUR;6633903;390379;
05.12.2024;10:32:32.054;F3TE SI 20251219 CS;SIMPLE_INSTRUMENT;BLOCK;EUR;8;0.72500000;300;EXCHANGE_LAST;;2;1;XEUR;6633903;390379;
05.12.2024;11:13:03.197;F3TE SI 20251219 CS;SIMPLE_INSTRUMENT;BLOCK;EUR;18;0.72500000;250;EXCHANGE_LAST;;1;1;XEUR;6633903;390379;
05.12.2024;13:28:13.949;F3TE SI 20261218 CS;SIMPLE_INSTRUMENT;BLOCK;EUR;51;0.68000000;1000;EXCHANGE_LAST;;1;1;XEUR;6633899;390379;
05.12.2024;08:38:39.229;FBTP SI 20241206 PS;SIMPLE_INSTRUMENT;BLOCK;EUR;1;123.57000000;1763;EXCHANGE_LAST;;1;1;XEUR;10804520;636;
05.12.2024;08:58:03.800;FBTP SI 20241206 PS;SIMPLE_INSTRUMENT;EFP_FIN;EUR;2;123.54000000;255;EXCHANGE_LAST;;1;1;XEUR;10804520;636;
05.12.2024;09:06:01.033;FBTP SI 20250306 PS;SIMPLE_INSTRUMENT;EFP_FIN;EUR;3;122.92000000;358;EXCHANGE_LAST;;1;1;XEUR;11286675;636;
05.12.2024;09:49:04.427;FBTP SI 20250306 PS;SIMPLE_INSTRUMENT;EFP_FIN;EUR;4;122.84000000;321;EXCHANGE_LAST;;1;1;XEUR;11286675;636;
05.12.2024;10:19:07.043;FBTP SI 20250306 PS;SIMPLE_INSTRUMENT;EFS;EUR;5;122.91000000;1137;EXCHANGE_LAST;;1;1;XEUR;11286675;636;
05.12.2024;10:47:49.815;FBTP SI 20250306 PS;SIMPLE_INSTRUMENT;EFP_FIN;EUR;6;123.03000000;114;EXCHANGE_LAST;;1;1;XEUR;11286675;636;
05.12.2024;10:57:47.845;FBTP SI 20250306 PS;SIMPLE_INSTRUMENT;EFP_FIN;EUR;7;123.03000000;425;EXCHANGE_LAST;;1;1;XEUR;11286675;636;
05.12.2024;11:31:13.519;FBTP SI 20250306 PS;SIMPLE_INSTRUMENT;BLOCK;EUR;8;123.16000000;1791;EXCHANGE_LAST;;1;1;XEUR;11286675;636;
05.12.2024;11:33:55.991;FBTP SI 20250306 PS;SIMPLE_INSTRUMENT;EFP_FIN;EUR;9;123.15000000;895;EXCHANGE_LAST;;1;1;XEUR;11286675;636;
05.12.2024;11:47:22.292;FBTP SI 20250306 PS;SIMPLE_INSTRUMENT;EFP_FIN;EUR;10;123.19000000;1342;EXCHANGE_LAST;;1;1;XEUR;11286675;636;
05.12.2024;12:22:06.410;FBTP SI 20250306 PS;SIMPLE_INSTRUMENT;EFP_FIN;EUR;11;123.23000000;1391;EXCHANGE_LAST;;1;1;XEUR;11286675;636;
05.12.2024;12:42:30.760;FBTP SI 20250306 PS;SIMPLE_INSTRUMENT;EFP_FIN;EUR;12;123.15000000;895;EXCHANGE_LAST;;1;1;XEUR;11286675;636;
05.12.2024;12:43:54.340;FBTP SI 20250306 PS;SIMPLE_INSTRUMENT;EFP_FIN;EUR;13;123.15000000;1343;EXCHANGE_LAST;;1;1;XEUR;11286675;636;
05.12.2024;12:46:34.290;FBTP SI 20250306 PS;SIMPLE_INSTRUMENT;EFP_FIN;EUR;14;123.04000000;93;EXCHANGE_LAST;;1;1;XEUR;11286675;636;
05.12.2024;12:47:05.770;FBTP SI 20250306 PS;SIMPLE_INSTRUMENT;EFP_FIN;EUR;15;123.04000000;93;EXCHANGE_LAST;;1;1;XEUR;11286675;636;
05.12.2024;13:03:53.506;FBTP SI 20250306 PS;SIMPLE_INSTRUMENT;EFP_FIN;EUR;16;123.06000000;371;EXCHANGE_LAST;;1;1;XEUR;11286675;636;
05.12.2024;13:25:50.764;FBTP SI 20250306 PS;SIMPLE_INSTRUMENT;EFP_FIN;EUR;17;123.07000000;92;EXCHANGE_LAST;;1;1;XEUR;11286675;636;
05.12.2024;13:27:00.769;FBTP SI 20250306 PS;SIMPLE_INSTRUMENT;EFP_FIN;EUR;18;123.07000000;67;EXCHANGE_LAST;;1;1;XEUR;11286675;636;
05.12.2024;14:07:25.786;FBTP SI 20250306 PS;SIMPLE_INSTRUMENT;BLOCK;EUR;19;122.93000000;664;EXCHANGE_LAST;;1;1;XEUR;11286675;636;
05.12.2024;14:25:52.980;FBTP SI 20250306 PS;SIMPLE_INSTRUMENT;EFS;EUR;20;123.08000000;805;EXCHANGE_LAST;;1;1;XEUR;11286675;636;
05.12.2024;15:01:27.033;FBTP SI 20250306 PS;SIMPLE_INSTRUMENT;EFP_FIN;EUR;21;122.99000000;335;EXCHANGE_LAST;;1;1;XEUR;11286675;636;
05.12.2024;16:08:40.406;FBTP SI 20250306 PS;SIMPLE_INSTRUMENT;EFP_FIN;EUR;22;123.03000000;1046;EXCHANGE_LAST;;1;1;XEUR;11286675;636;
05.12.2024;16:10:55.304;FBTP SI 20250306 PS;SIMPLE_INSTRUMENT;BLOCK;EUR;23;123.02000000;663;EXCHANGE_LAST;;1;1;XEUR;11286675;636;
05.12.2024;16:26:33.265;FBTP SI 20250306 PS;SIMPLE_INSTRUMENT;EFP_FIN;EUR;24;122.98000000;184;EXCHANGE_LAST;;1;1;XEUR;11286675;636;
05.12.2024;16:27:57.675;FBTP SI 20250306 PS;SIMPLE_INSTRUMENT;EFP_FIN;EUR;25;122.97000000;1107;EXCHANGE_LAST;;1;1;XEUR;11286675;636;
05.12.2024;16:28:03.576;FBTP SI 20250306 PS;SIMPLE_INSTRUMENT;EFP_FIN;EUR;26;123.06000000;220;EXCHANGE_LAST;;1;1;XEUR;11286675;636;
05.12.2024;16:33:03.329;FBTP SI 20250306 PS;SIMPLE_INSTRUMENT;EFP_FIN;EUR;27;123.07000000;102;EXCHANGE_LAST;;1;1;XEUR;11286675;636;
05.12.2024;10:32:37.994;FBTP SI 20250306 PS;SIMPLE_INSTRUMENT;VOLA;EUR;268435490;123.00000000;75;EXCHANGE_LAST;;1;1;XEUR;11286675;636;
05.12.2024;09:53:36.999;FBTS SI 20241206 PS;SIMPLE_INSTRUMENT;EFP_FIN;EUR;3;107.91000000;141;EXCHANGE_LAST;;1;1;XEUR;10804522;639;
05.12.2024;09:59:43.073;FBTS SI 20250306 PS;SIMPLE_INSTRUMENT;EFP_FIN;EUR;5;107.86000000;328;EXCHANGE_LAST;;1;1;XEUR;11286677;639;
05.12.2024;10:12:10.068;FBTS SI 20241206 PS;SIMPLE_INSTRUMENT;BLOCK;EUR;8;107.92000000;6176;EXCHANGE_LAST;;1;1;XEUR;10804522;639;
05.12.2024;10:13:54.803;FBTS SI 20241206 PS;SIMPLE_INSTRUMENT;EFP_FIN;EUR;9;107.93000000;224;EXCHANGE_LAST;;1;1;XEUR;10804522;639;
05.12.2024;10:16:17.900;FBTS SI 20250306 PS;SIMPLE_INSTRUMENT;EFP_FIN;EUR;10;107.86000000;1393;EXCHANGE_LAST;;1;1;XEUR;11286677;639;
05.12.2024;10:30:15.626;FBTS SI 20250306 PS;SIMPLE_INSTRUMENT;BLOCK;EUR;12;107.85000000;1997;EXCHANGE_LAST;;1;1;XEUR;11286677;639;
05.12.2024;10:51:41.291;FBTS SI 20250306 PS;SIMPLE_INSTRUMENT;BLOCK;EUR;13;107.87000000;2079;EXCHANGE_LAST;;1;1;XEUR;11286677;639;
05.12.2024;11:01:20.808;FBTS SI 20241206 PS;SIMPLE_INSTRUMENT;EFP_FIN;EUR;15;107.95000000;470;EXCHANGE_LAST;;1;1;XEUR;10804522;639;
05.12.2024;11:28:58.127;FBTS SI 20241206 PS;SIMPLE_INSTRUMENT;EFP_FIN;EUR;16;107.97000000;141;EXCHANGE_LAST;;1;1;XEUR;10804522;639;
05.12.2024;11:36:42.421;FBTS SI 20241206 PS;SIMPLE_INSTRUMENT;BLOCK;EUR;18;107.94000000;475;EXCHANGE_LAST;;1;1;XEUR;10804522;639;
05.12.2024;11:39:43.626;FBTS SI 20250306 PS;SIMPLE_INSTRUMENT;BLOCK;EUR;19;107.92000000;665;EXCHANGE_LAST;;1;1;XEUR;11286677;639;
05.12.2024;11:41:30.187;FBTS SI 20241206 PS;SIMPLE_INSTRUMENT;BLOCK;EUR;20;107.94000000;470;EXCHANGE_LAST;;1;1;XEUR;10804522;639;
05.12.2024;12:03:18.339;FBTS SI 20250306 PS;SIMPLE_INSTRUMENT;EFP_FIN;EUR;21;107.92000000;908;EXCHANGE_LAST;;1;1;XEUR;11286677;639;
05.12.2024;12:07:02.759;FBTS SI 20250306 PS;SIMPLE_INSTRUMENT;EFP_FIN;EUR;23;107.92000000;1022;EXCHANGE_LAST;;1;1;XEUR;11286677;639;
05.12.2024;12:58:50.362;FBTS SI 20250306 PS;SIMPLE_INSTRUMENT;EFP_FIN;EUR;27;107.89000000;567;EXCHANGE_LAST;;1;1;XEUR;11286677;639;
05.12.2024;13:58:17.134;FBTS SI 20250306 PS;SIMPLE_INSTRUMENT;BLOCK;EUR;33;107.94000000;494;EXCHANGE_LAST;;1;1;XEUR;11286677;639;
05.12.2024;14:23:02.104;FBTS SI 20241206 PS;SIMPLE_INSTRUMENT;EFP_FIN;EUR;35;107.90000000;188;EXCHANGE_LAST;;1;1;XEUR;10804522;639;
05.12.2024;15:56:22.306;FBTS SI 20241206 PS;SIMPLE_INSTRUMENT;EFP_FIN;EUR;38;107.88000000;75;EXCHANGE_LAST;;1;1;XEUR;10804522;639;
05.12.2024;16:28:23.712;FBTS SI 20250306 PS;SIMPLE_INSTRUMENT;EFP_FIN;EUR;42;107.80000000;281;EXCHANGE_LAST;;1;1;XEUR;11286677;639;
05.12.2024;13:39:08.219;FCBU SI 20250103 CS;SIMPLE_INSTRUMENT;BLOCK;USD;3;0.16610000;300;EXCHANGE_LAST;;1;1;XEUR;10519769;570870;
05.12.2024;15:33:07.631;FCBU SI 20250103 CS;SIMPLE_INSTRUMENT;BLOCK;USD;7;0.16680000;450;EXCHANGE_LAST;;1;1;XEUR;10519769;570870;
05.12.2024;09:02:25.691;FCEU SI 20241216 PS;SIMPLE_INSTRUMENT;BLOCK;USD;1;1.05310000;82;EXCHANGE_LAST;;1;1;XEUR;7140363;369376;
05.12.2024;12:05:15.613;FCEU SI 20241216 PS;SIMPLE_INSTRUMENT;BLOCK;USD;2;1.05395000;617;EXCHANGE_LAST;;1;1;XEUR;7140363;369376;
05.12.2024;14:46:29.740;FCEU SI 20241216 PS;SIMPLE_INSTRUMENT;BLOCK;USD;4;1.05895000;90;EXCHANGE_LAST;;1;1;XEUR;7140363;369376;
05.12.2024;14:46:37.310;FCEU SI 20241216 PS;SIMPLE_INSTRUMENT;BLOCK;USD;5;1.05896000;90;EXCHANGE_LAST;;1;1;XEUR;7140363;369376;
05.12.2024;15:19:36.219;FCMU SI 20241216 CS;SIMPLE_INSTRUMENT;BLOCK;USD;6;0.04940000;110;EXCHANGE_LAST;;1;1;XEUR;10921066;570874;
05.12.2024;15:47:57.175;FDAX SI 20241220 CS;SIMPLE_INSTRUMENT;EFP_IDX;EUR;1;20390.00000000;200;EXCHANGE_LAST;;1;1;XEUR;7296065;589;
05.12.2024;16:53:09.997;FDAX SI 20241220 CS;SIMPLE_INSTRUMENT;EFP_IDX;EUR;2;20390.00000000;5;EXCHANGE_LAST;;1;1;XEUR;7296065;589;
05.12.2024;16:53:00.636;FDAX SI 20241220 CS;SIMPLE_INSTRUMENT;EFP_IDX;EUR;3;20391.00000000;20;EXCHANGE_LAST;;1;1;XEUR;7296065;589;
05.12.2024;15:16:07.676;FDAX SI 20241220 CS;SIMPLE_INSTRUMENT;VOLA;EUR;671088651;20390.00000000;10;EXCHANGE_LAST;;1;1;XEUR;7296065;589;
05.12.2024;08:41:31.603;FEBD SI 20271217 CS;SIMPLE_INSTRUMENT;BLOCK;EUR;1;8.37000000;750;EXCHANGE_LAST;;1;1;XEUR;7776307;597;
05.12.2024;09:37:22.102;FEBD SI 20261218 CS;SIMPLE_INSTRUMENT;BLOCK;EUR;14;9.38000000;500;EXCHANGE_LAST;;1;1;XEUR;7158212;597;
05.12.2024;09:43:57.391;FEBD SI 20251219 CS;SIMPLE_INSTRUMENT;BLOCK;EUR;15;10.17000000;450;EXCHANGE_LAST;;1;1;XEUR;5914075;597;
05.12.2024;09:44:21.440;FEBD SI 20261218 CS;SIMPLE_INSTRUMENT;BLOCK;EUR;16;9.36000000;450;EXCHANGE_LAST;;1;1;XEUR;7158212;597;
05.12.2024;12:41:04.472;FEBD.S.DEC26.DEC27.SPD;FUTURES_SPREAD;BLOCK;EUR;36;0.96000000;500;EXCHANGE_LAST;;1;1;XEUR;72060158133406986;597;
05.12.2024;12:41:04.472;FEBD SI 20271217 CS;SIMPLE_INSTRUMENT;BLOCK;EUR;36;8.42000000;500;PRC_DECOMP_MEMBER;;;;XEUR;7776307;597;MEMBER
05.12.2024;12:41:04.472;FEBD SI 20261218 CS;SIMPLE_INSTRUMENT;BLOCK;EUR;36;9.38000000;500;PRC_DECOMP_MEMBER;;;;XEUR;7158212;597;MEMBER
05.12.2024;15:16:14.154;FEBD SI 20251219 CS;SIMPLE_INSTRUMENT;BLOCK;EUR;48;10.20000000;500;EXCHANGE_LAST;;1;1;XEUR;5914075;597;
05.12.2024;12:04:08.652;FEHY.S.DEC24.MAR25.SPD;FUTURES_SPREAD;BLOCK;EUR;33;-1.70000000;300;EXCHANGE_LAST;;1;1;XEUR;74523107129294864;574047;
05.12.2024;12:04:08.652;FEHY SI 20250321 CS;SIMPLE_INSTRUMENT;BLOCK;EUR;33;295.22000000;300;PRC_DECOMP_EXCHANGE;;;;XEUR;11428365;574047;EXCHANGE
05.12.2024;12:04:08.652;FEHY SI 20241220 CS;SIMPLE_INSTRUMENT;BLOCK;EUR;33;293.52000000;300;PRC_DECOMP_EXCHANGE;;;;XEUR;10921067;574047;EXCHANGE
05.12.2024;10:45:04.569;FESB SI 20241220 CS;SIMPLE_INSTRUMENT;BLOCK;EUR;22;144.70000000;5000;EXCHANGE_LAST;;1;1;XEUR;10838895;605;
05.12.2024;10:59:17.463;FESB SI 20241220 CS;SIMPLE_INSTRUMENT;BLOCK;EUR;23;144.70000000;5000;EXCHANGE_LAST;;1;1;XEUR;10838895;605;
05.12.2024;11:40:50.165;FESB SI 20241220 CS;SIMPLE_INSTRUMENT;EFP_IDX;EUR;24;144.60000000;2000;EXCHANGE_LAST;;1;1;XEUR;10838895;605;
05.12.2024;11:16:06.237;FESB SI 20241220 CS;SIMPLE_INSTRUMENT;BLOCK;EUR;25;144.70000000;15000;EXCHANGE_LAST;;1;1;XEUR;10838895;605;
05.12.2024;16:41:42.354;FESB SI 20241220 CS;SIMPLE_INSTRUMENT;EFP_IDX;EUR;38;146.50000000;9000;EXCHANGE_LAST;;1;1;XEUR;10838895;605;
05.12.2024;17:04:41.760;FESB SI 20241220 CS;SIMPLE_INSTRUMENT;BLOCK;EUR;39;146.50000000;3000;EXCHANGE_LAST;;1;1;XEUR;10838895;605;
05.12.2024;12:05:56.217;FESB SI 20241220 CS;SIMPLE_INSTRUMENT;VOLA;EUR;603979804;144.80000000;600;EXCHANGE_LAST;;1;1;XEUR;10838895;605;
05.12.2024;15:39:25.448;FESB SI 20241220 CS;SIMPLE_INSTRUMENT;VOLA;EUR;603979824;146.00000000;1080;EXCHANGE_LAST;;1;1;XEUR;10838895;605;
05.12.2024;16:09:22.717;FESB SI 20241220 CS;SIMPLE_INSTRUMENT;VOLA;EUR;603979826;146.05000000;1000;EXCHANGE_LAST;;1;1;XEUR;10838895;605;
05.12.2024;16:39:33.092;FESB SI 20241220 CS;SIMPLE_INSTRUMENT;VOLA;EUR;603979836;146.20000000;15000;EXCHANGE_LAST;;1;1;XEUR;10838895;605;
05.12.2024;16:39:39.488;FESB SI 20241220 CS;SIMPLE_INSTRUMENT;VOLA;EUR;603979837;146.20000000;13542;EXCHANGE_LAST;;1;1;XEUR;10838895;605;
05.12.2024;09:50:35.704;FESH SI 20241220 CS;SIMPLE_INSTRUMENT;VOLA;EUR;603979789;818.80000000;18;EXCHANGE_LAST;;1;1;XEUR;10839522;686;
05.12.2024;10:01:18.111;FESH SI 20241220 CS;SIMPLE_INSTRUMENT;VOLA;EUR;603979792;819.20000000;21;EXCHANGE_LAST;;1;1;XEUR;10839522;686;
05.12.2024;09:51:07.916;FESX SI 20241220 CS;SIMPLE_INSTRUMENT;BLOCK;EUR;1;4957.00000000;6000;EXCHANGE_LAST;;1;1;XEUR;7793479;675;
05.12.2024;09:51:19.264;FESX SI 20241220 CS;SIMPLE_INSTRUMENT;EFP_IDX;EUR;2;4955.00000000;1000;EXCHANGE_LAST;;1;1;XEUR;7793479;675;
05.12.2024;09:56:06.853;FESX SI 20241220 CS;SIMPLE_INSTRUMENT;BLOCK;EUR;3;4949.00000000;2664;EXCHANGE_LAST;;1;1;XEUR;7793479;675;
05.12.2024;10:01:11.925;FESX SI 20241220 CS;SIMPLE_INSTRUMENT;BLOCK;EUR;4;4950.00000000;2900;EXCHANGE_LAST;;1;1;XEUR;7793479;675;
05.12.2024;13:02:02.669;FESX SI 20241220 CS;SIMPLE_INSTRUMENT;BLOCK;EUR;5;4952.00000000;2720;EXCHANGE_LAST;;1;1;XEUR;7793479;675;
05.12.2024;13:35:26.621;FESX SI 20241220 CS;SIMPLE_INSTRUMENT;EFP_IDX;EUR;6;4948.00000000;1000;EXCHANGE_LAST;;1;1;XEUR;7793479;675;
05.12.2024;13:57:34.876;FESX SI 20241220 CS;SIMPLE_INSTRUMENT;EFP_IDX;EUR;7;4948.00000000;1000;EXCHANGE_LAST;;1;1;XEUR;7793479;675;
05.12.2024;14:48:16.356;FESX SI 20241220 CS;SIMPLE_INSTRUMENT;EFP_IDX;EUR;8;4952.00000000;1000;EXCHANGE_LAST;;1;1;XEUR;7793479;675;
05.12.2024;14:51:54.649;FESX SI 20241220 CS;SIMPLE_INSTRUMENT;BLOCK;EUR;9;4950.00000000;2000;EXCHANGE_LAST;;1;1;XEUR;7793479;675;
05.12.2024;15:11:57.580;FESX SI 20241220 CS;SIMPLE_INSTRUMENT;BLOCK;EUR;10;4957.00000000;2480;EXCHANGE_LAST;;1;1;XEUR;7793479;675;
05.12.2024;15:23:28.737;FESX SI 20241220 CS;SIMPLE_INSTRUMENT;EFP_IDX;EUR;11;4950.00000000;1000;EXCHANGE_LAST;;1;1;XEUR;7793479;675;
05.12.2024;15:29:11.619;FESX SI 20241220 CS;SIMPLE_INSTRUMENT;BLOCK;EUR;12;4952.00000000;2500;EXCHANGE_LAST;;1;1;XEUR;7793479;675;
05.12.2024;16:05:55.376;FESX SI 20241220 CS;SIMPLE_INSTRUMENT;BLOCK;EUR;13;4955.00000000;2000;EXCHANGE_LAST;;1;1;XEUR;7793479;675;
05.12.2024;16:19:31.727;FESX SI 20241220 CS;SIMPLE_INSTRUMENT;EFP_IDX;EUR;14;4959.00000000;1000;EXCHANGE_LAST;;1;1;XEUR;7793479;675;
05.12.2024;16:38:27.263;FESX SI 20241220 CS;SIMPLE_INSTRUMENT;EFP_IDX;EUR;15;4959.00000000;1000;EXCHANGE_LAST;;1;1;XEUR;7793479;675;
05.12.2024;16:46:25.832;FESX SI 20241220 CS;SIMPLE_INSTRUMENT;EFP_IDX;EUR;16;4959.00000000;1000;EXCHANGE_LAST;;1;1;XEUR;7793479;675;
05.12.2024;16:47:46.359;FESX SI 20241220 CS;SIMPLE_INSTRUMENT;EFP_IDX;EUR;17;4959.00000000;238;EXCHANGE_LAST;;1;1;XEUR;7793479;675;
05.12.2024;16:47:34.285;FESX SI 20241220 CS;SIMPLE_INSTRUMENT;EFP_IDX;EUR;18;4960.00000000;567;EXCHANGE_LAST;;1;1;XEUR;7793479;675;
05.12.2024;16:51:26.599;FESX SI 20241220 CS;SIMPLE_INSTRUMENT;EFP_IDX;EUR;19;4959.00000000;221;EXCHANGE_LAST;;1;1;XEUR;7793479;675;
05.12.2024;16:51:34.028;FESX SI 20241220 CS;SIMPLE_INSTRUMENT;EFP_IDX;EUR;20;4960.00000000;529;EXCHANGE_LAST;;1;1;XEUR;7793479;675;
05.12.2024;16:51:46.014;FESX SI 20241220 CS;SIMPLE_INSTRUMENT;EFP_IDX;EUR;21;4959.00000000;187;EXCHANGE_LAST;;1;1;XEUR;7793479;675;
05.12.2024;16:51:29.983;FESX SI 20241220 CS;SIMPLE_INSTRUMENT;EFP_IDX;EUR;22;4959.00000000;236;EXCHANGE_LAST;;1;1;XEUR;7793479;675;
05.12.2024;16:50:51.326;FESX SI 20241220 CS;SIMPLE_INSTRUMENT;EFP_IDX;EUR;23;4960.00000000;913;EXCHANGE_LAST;;1;1;XEUR;7793479;675;
05.12.2024;16:51:09.958;FESX SI 20241220 CS;SIMPLE_INSTRUMENT;EFP_IDX;EUR;24;4960.00000000;564;EXCHANGE_LAST;;1;1;XEUR;7793479;675;
05.12.2024;16:52:50.242;FESX SI 20241220 CS;SIMPLE_INSTRUMENT;EFP_IDX;EUR;25;4959.00000000;210;EXCHANGE_LAST;;1;1;XEUR;7793479;675;
05.12.2024;16:52:55.053;FESX SI 20241220 CS;SIMPLE_INSTRUMENT;EFP_IDX;EUR;26;4960.00000000;290;EXCHANGE_LAST;;1;1;XEUR;7793479;675;
05.12.2024;16:51:21.100;FESX SI 20241220 CS;SIMPLE_INSTRUMENT;EFP_IDX;EUR;27;4959.00000000;145;EXCHANGE_LAST;;1;1;XEUR;7793479;675;
05.12.2024;16:51:28.231;FESX SI 20241220 CS;SIMPLE_INSTRUMENT;EFP_IDX;EUR;28;4960.00000000;200;EXCHANGE_LAST;;1;1;XEUR;7793479;675;
05.12.2024;16:53:04.598;FESX SI 20241220 CS;SIMPLE_INSTRUMENT;EFP_IDX;EUR;29;4959.00000000;148;EXCHANGE_LAST;;1;1;XEUR;7793479;675;
05.12.2024;16:52:40.898;FESX SI 20241220 CS;SIMPLE_INSTRUMENT;EFP_IDX;EUR;30;4960.00000000;352;EXCHANGE_LAST;;1;1;XEUR;7793479;675;
05.12.2024;16:53:43.535;FESX SI 20241220 CS;SIMPLE_INSTRUMENT;EFP_IDX;EUR;31;4959.00000000;64;EXCHANGE_LAST;;1;1;XEUR;7793479;675;
05.12.2024;16:53:49.649;FESX SI 20241220 CS;SIMPLE_INSTRUMENT;EFP_IDX;EUR;32;4960.00000000;152;EXCHANGE_LAST;;1;1;XEUR;7793479;675;
05.12.2024;16:54:11.728;FESX SI 20241220 CS;SIMPLE_INSTRUMENT;EFP_IDX;EUR;33;4959.00000000;65;EXCHANGE_LAST;;1;1;XEUR;7793479;675;
05.12.2024;16:54:18.012;FESX SI 20241220 CS;SIMPLE_INSTRUMENT;EFP_IDX;EUR;34;4960.00000000;319;EXCHANGE_LAST;;1;1;XEUR;7793479;675;
05.12.2024;16:59:35.326;FESX SI 20241220 CS;SIMPLE_INSTRUMENT;EFP_IDX;EUR;35;4959.00000000;42;EXCHANGE_LAST;;1;1;XEUR;7793479;675;
05.12.2024;16:58:57.305;FESX SI 20241220 CS;SIMPLE_INSTRUMENT;EFP_IDX;EUR;36;4960.00000000;58;EXCHANGE_LAST;;1;1;XEUR;7793479;675;
05.12.2024;17:04:09.652;FESX SI 20241220 CS;SIMPLE_INSTRUMENT;EFP_IDX;EUR;37;4959.00000000;118;EXCHANGE_LAST;;1;1;XEUR;7793479;675;
05.12.2024;17:04:24.951;FESX SI 20241220 CS;SIMPLE_INSTRUMENT;EFP_IDX;EUR;38;4960.00000000;282;EXCHANGE_LAST;;1;1;XEUR;7793479;675;
05.12.2024;08:50:59.640;FESX SI 20241220 CS;SIMPLE_INSTRUMENT;VOLA;EUR;637534224;4950.00000000;170;EXCHANGE_LAST;;1;1;XEUR;7793479;675;
05.12.2024;09:11:37.042;FESX SI 20241220 CS;SIMPLE_INSTRUMENT;VOLA;EUR;637534237;4955.00000000;1100;EXCHANGE_LAST;;1;1;XEUR;7793479;675;
05.12.2024;09:14:03.002;FESX SI 20241220 CS;SIMPLE_INSTRUMENT;VOLA;EUR;637534239;4958.00000000;583;EXCHANGE_LAST;;1;1;XEUR;7793479;675;
05.12.2024;10:06:36.130;FESX SI 20241220 CS;SIMPLE_INSTRUMENT;VOLA;EUR;637534279;4955.00000000;688;EXCHANGE_LAST;;1;1;XEUR;7793479;675;
05.12.2024;10:06:29.175;FESX SI 20241220 CS;SIMPLE_INSTRUMENT;VOLA;EUR;637534280;4955.00000000;687;EXCHANGE_LAST;;1;1;XEUR;7793479;675;
05.12.2024;10:46:27.713;FESX SI 20241220 CS;SIMPLE_INSTRUMENT;VOLA;EUR;637534311;4958.00000000;1044;EXCHANGE_LAST;;1;1;XEUR;7793479;675;
05.12.2024;10:46:42.179;FESX SI 20241220 CS;SIMPLE_INSTRUMENT;VOLA;EUR;637534312;4958.00000000;180;EXCHANGE_LAST;;1;1;XEUR;7793479;675;
05.12.2024;10:52:56.309;FESX SI 20241220 CS;SIMPLE_INSTRUMENT;VOLA;EUR;637534319;4957.00000000;132;EXCHANGE_LAST;;1;1;XEUR;7793479;675;
05.12.2024;11:08:25.480;FESX SI 20241220 CS;SIMPLE_INSTRUMENT;VOLA;EUR;637534321;4945.00000000;10;EXCHANGE_LAST;;1;1;XEUR;7793479;675;
05.12.2024;11:26:03.825;FESX SI 20241220 CS;SIMPLE_INSTRUMENT;VOLA;EUR;637534338;4946.00000000;488;EXCHANGE_LAST;;1;1;XEUR;7793479;675;
05.12.2024;11:25:52.824;FESX SI 20241220 CS;SIMPLE_INSTRUMENT;VOLA;EUR;637534339;4946.00000000;488;EXCHANGE_LAST;;1;1;XEUR;7793479;675;
05.12.2024;13:43:47.321;FESX SI 20241220 CS;SIMPLE_INSTRUMENT;VOLA;EUR;637534372;4950.00000000;1378;EXCHANGE_LAST;;1;1;XEUR;7793479;675;
05.12.2024;14:15:37.043;FESX SI 20241220 CS;SIMPLE_INSTRUMENT;VOLA;EUR;637534387;4905.00000000;15;EXCHANGE_LAST;;1;1;XEUR;7793479;675;
05.12.2024;14:33:15.244;FESX SI 20241220 CS;SIMPLE_INSTRUMENT;VOLA;EUR;637534400;4951.00000000;400;EXCHANGE_LAST;;1;1;XEUR;7793479;675;
05.12.2024;14:33:36.452;FESX SI 20241220 CS;SIMPLE_INSTRUMENT;VOLA;EUR;637534401;4951.00000000;400;EXCHANGE_LAST;;1;1;XEUR;7793479;675;
05.12.2024;14:34:42.885;FESX SI 20241220 CS;SIMPLE_INSTRUMENT;VOLA;EUR;637534402;4951.00000000;1000;EXCHANGE_LAST;;1;1;XEUR;7793479;675;
05.12.2024;15:36:12.971;FESX SI 20241220 CS;SIMPLE_INSTRUMENT;VOLA;EUR;637534425;4947.00000000;190;EXCHANGE_LAST;;1;1;XEUR;7793479;675;
05.12.2024;15:37:13.231;FESX SI 20241220 CS;SIMPLE_INSTRUMENT;VOLA;EUR;637534426;4947.00000000;10;EXCHANGE_LAST;;1;1;XEUR;7793479;675;
05.12.2024;15:38:19.058;FESX SI 20241220 CS;SIMPLE_INSTRUMENT;VOLA;EUR;637534427;4953.00000000;30;EXCHANGE_LAST;;1;1;XEUR;7793479;675;
05.12.2024;15:52:46.732;FESX SI 20241220 CS;SIMPLE_INSTRUMENT;VOLA;EUR;637534435;4951.00000000;351;EXCHANGE_LAST;;1;1;XEUR;7793479;675;
05.12.2024;15:54:26.798;FESX SI 20241220 CS;SIMPLE_INSTRUMENT;VOLA;EUR;637534436;4951.00000000;351;EXCHANGE_LAST;;1;1;XEUR;7793479;675;
05.12.2024;16:04:11.727;FESX SI 20241220 CS;SIMPLE_INSTRUMENT;VOLA;EUR;637534447;4957.00000000;240;EXCHANGE_LAST;;1;1;XEUR;7793479;675;
05.12.2024;16:20:34.589;FESX SI 20241220 CS;SIMPLE_INSTRUMENT;VOLA;EUR;637534455;4955.00000000;2976;EXCHANGE_LAST;;1;1;XEUR;7793479;675;
05.12.2024;16:40:45.160;FESX SI 20241220 CS;SIMPLE_INSTRUMENT;VOLA;EUR;637534476;4956.00000000;208;EXCHANGE_LAST;;1;1;XEUR;7793479;675;
05.12.2024;09:09:49.391;FEXD SI 20251219 CS;SIMPLE_INSTRUMENT;BLOCK;EUR;2;158.80000000;1250;EXCHANGE_LAST;;1;1;XEUR;1548120;693;
05.12.2024;09:09:52.026;FEXD SI 20251219 CS;SIMPLE_INSTRUMENT;BLOCK;EUR;3;159.00000000;1500;EXCHANGE_LAST;;1;1;XEUR;1548120;693;
05.12.2024;09:32:48.579;FEXD SI 20261218 CS;SIMPLE_INSTRUMENT;BLOCK;EUR;6;152.00000000;125;EXCHANGE_LAST;;1;1;XEUR;2163053;693;
05.12.2024;09:34:24.431;FEXD SI 20251219 CS;SIMPLE_INSTRUMENT;BLOCK;EUR;7;159.00000000;100;EXCHANGE_LAST;;1;1;XEUR;1548120;693;
05.12.2024;09:33:17.932;FEXD SI 20291221 CS;SIMPLE_INSTRUMENT;BLOCK;EUR;8;136.20000000;125;EXCHANGE_LAST;;1;1;XEUR;4631968;693;
05.12.2024;09:34:35.427;FEXD SI 20261218 CS;SIMPLE_INSTRUMENT;BLOCK;EUR;9;152.00000000;100;EXCHANGE_LAST;;1;1;XEUR;2163053;693;
05.12.2024;09:34:45.596;FEXD SI 20271217 CS;SIMPLE_INSTRUMENT;BLOCK;EUR;10;146.00000000;100;EXCHANGE_LAST;;1;1;XEUR;2848338;693;
05.12.2024;09:34:54.810;FEXD SI 20281215 CS;SIMPLE_INSTRUMENT;BLOCK;EUR;11;141.00000000;100;EXCHANGE_LAST;;1;1;XEUR;3680985;693;
05.12.2024;11:01:36.712;FEXD SI 20261218 CS;SIMPLE_INSTRUMENT;BLOCK;EUR;21;152.00000000;530;EXCHANGE_LAST;;1;1;XEUR;2163053;693;
05.12.2024;11:09:00.051;FEXD.S.DEC29.DEC30.SPD;FUTURES_SPREAD;BLOCK;EUR;22;4.00000000;600;EXCHANGE_LAST;;2;1;XEUR;72060570450264203;693;
05.12.2024;11:09:00.051;FEXD SI 20301220 CS;SIMPLE_INSTRUMENT;BLOCK;EUR;22;131.50000000;600;PRC_DECOMP_EXCHANGE;;;;XEUR;5914108;693;EXCHANGE
05.12.2024;11:09:00.051;FEXD SI 20291221 CS;SIMPLE_INSTRUMENT;BLOCK;EUR;22;135.50000000;600;PRC_DECOMP_EXCHANGE;;;;XEUR;4631968;693;EXCHANGE
05.12.2024;11:57:31.294;FEXD SI 20251219 CS;SIMPLE_INSTRUMENT;BLOCK;EUR;27;158.80000000;370;EXCHANGE_LAST;;2;2;XEUR;1548120;693;
05.12.2024;11:57:39.318;FEXD SI 20261218 CS;SIMPLE_INSTRUMENT;BLOCK;EUR;28;151.80000000;370;EXCHANGE_LAST;;2;2;XEUR;2163053;693;
05.12.2024;12:59:24.726;FEXD SI 20261218 CS;SIMPLE_INSTRUMENT;BLOCK;EUR;38;152.00000000;486;EXCHANGE_LAST;;1;2;XEUR;2163053;693;
05.12.2024;13:56:32.319;FEXD SI 20251219 CS;SIMPLE_INSTRUMENT;BLOCK;EUR;41;158.60000000;135;EXCHANGE_LAST;;1;1;XEUR;1548120;693;
05.12.2024;13:59:26.513;FEXD SI 20251219 CS;SIMPLE_INSTRUMENT;BLOCK;EUR;43;158.60000000;450;EXCHANGE_LAST;;2;1;XEUR;1548120;693;
05.12.2024;14:02:52.590;FEXD SI 20251219 CS;SIMPLE_INSTRUMENT;BLOCK;EUR;44;158.90000000;100;EXCHANGE_LAST;;1;1;XEUR;1548120;693;
05.12.2024;15:46:39.703;FEXD.S.DEC27.DEC28.SPD;FUTURES_SPREAD;BLOCK;EUR;51;4.90000000;1000;EXCHANGE_LAST;;1;1;XEUR;72060570450264162;693;
05.12.2024;15:46:39.703;FEXD SI 20271217 CS;SIMPLE_INSTRUMENT;BLOCK;EUR;51;145.90000000;1000;PRC_DECOMP_MEMBER;;;;XEUR;2848338;693;MEMBER
05.12.2024;15:46:39.703;FEXD SI 20281215 CS;SIMPLE_INSTRUMENT;BLOCK;EUR;51;141.00000000;1000;PRC_DECOMP_MEMBER;;;;XEUR;3680985;693;MEMBER
05.12.2024;15:49:38.838;FEXD SI 20251219 CS;SIMPLE_INSTRUMENT;BLOCK;EUR;52;158.80000000;100;EXCHANGE_LAST;;1;1;XEUR;1548120;693;
05.12.2024;08:08:44.209;FGBL SI 20250306 PS;SIMPLE_INSTRUMENT;EFS;EUR;1;136.79000000;363;EXCHANGE_LAST;;1;1;XEUR;11286679;688;
05.12.2024;08:18:14.641;FGBL SI 20250306 PS;SIMPLE_INSTRUMENT;EFS;EUR;2;136.72000000;215;EXCHANGE_LAST;;1;1;XEUR;11286679;688;
05.12.2024;08:23:28.553;FGBL SI 20250306 PS;SIMPLE_INSTRUMENT;EFS;EUR;3;136.63000000;401;EXCHANGE_LAST;;1;1;XEUR;11286679;688;
05.12.2024;08:24:38.616;FGBL SI 20250306 PS;SIMPLE_INSTRUMENT;EFS;EUR;4;136.67000000;401;EXCHANGE_LAST;;1;1;XEUR;11286679;688;
05.12.2024;08:24:58.634;FGBL SI 20250306 PS;SIMPLE_INSTRUMENT;EFS;EUR;5;136.61000000;401;EXCHANGE_LAST;;1;1;XEUR;11286679;688;
05.12.2024;08:26:13.687;FGBL SI 20250306 PS;SIMPLE_INSTRUMENT;EFS;EUR;6;136.63000000;401;EXCHANGE_LAST;;1;1;XEUR;11286679;688;
05.12.2024;08:26:39.588;FGBL SI 20250306 PS;SIMPLE_INSTRUMENT;EFS;EUR;7;136.69000000;228;EXCHANGE_LAST;;1;1;XEUR;11286679;688;
05.12.2024;08:26:42.488;FGBL SI 20250306 PS;SIMPLE_INSTRUMENT;EFS;EUR;8;136.69000000;302;EXCHANGE_LAST;;1;1;XEUR;11286679;688;
05.12.2024;08:28:07.792;FGBL SI 20241206 PS;SIMPLE_INSTRUMENT;EFP_FIN;EUR;9;135.03000000;775;EXCHANGE_LAST;;1;1;XEUR;10804524;688;
05.12.2024;08:34:30.040;FGBL SI 20250306 PS;SIMPLE_INSTRUMENT;EFS;EUR;10;136.62000000;401;EXCHANGE_LAST;;1;1;XEUR;11286679;688;
05.12.2024;08:34:40.051;FGBL SI 20250306 PS;SIMPLE_INSTRUMENT;EFS;EUR;11;136.60000000;401;EXCHANGE_LAST;;1;1;XEUR;11286679;688;
05.12.2024;08:40:09.443;FGBL SI 20241206 PS;SIMPLE_INSTRUMENT;EFP_FIN;EUR;12;135.13000000;1473;EXCHANGE_LAST;;1;1;XEUR;10804524;688;
05.12.2024;08:41:01.990;FGBL SI 20250306 PS;SIMPLE_INSTRUMENT;EFS;EUR;13;136.63000000;431;EXCHANGE_LAST;;1;1;XEUR;11286679;688;
05.12.2024;08:46:28.040;FGBL SI 20250306 PS;SIMPLE_INSTRUMENT;EFS;EUR;14;136.63000000;216;EXCHANGE_LAST;;1;1;XEUR;11286679;688;
05.12.2024;08:48:15.587;FGBL SI 20250306 PS;SIMPLE_INSTRUMENT;EFS;EUR;15;136.58000000;401;EXCHANGE_LAST;;1;1;XEUR;11286679;688;
05.12.2024;08:50:49.446;FGBL SI 20241206 PS;SIMPLE_INSTRUMENT;EFP_FIN;EUR;16;134.99000000;248;EXCHANGE_LAST;;1;1;XEUR;10804524;688;
05.12.2024;08:52:14.547;FGBL SI 20241206 PS;SIMPLE_INSTRUMENT;BLOCK;EUR;17;134.94000000;4197;EXCHANGE_LAST;;1;1;XEUR;10804524;688;
05.12.2024;08:52:49.553;FGBL SI 20241206 PS;SIMPLE_INSTRUMENT;BLOCK;EUR;18;134.94000000;4884;EXCHANGE_LAST;;1;1;XEUR;10804524;688;
05.12.2024;08:53:38.624;FGBL SI 20250306 PS;SIMPLE_INSTRUMENT;EFS;EUR;19;136.61000000;318;EXCHANGE_LAST;;1;1;XEUR;11286679;688;
05.12.2024;08:55:22.848;FGBL SI 20250306 PS;SIMPLE_INSTRUMENT;EFS;EUR;20;136.57000000;399;EXCHANGE_LAST;;1;1;XEUR;11286679;688;
05.12.2024;08:55:46.957;FGBL SI 20250306 PS;SIMPLE_INSTRUMENT;EFS;EUR;21;136.54000000;401;EXCHANGE_LAST;;1;1;XEUR;11286679;688;
05.12.2024;09:03:37.232;FGBL SI 20241206 PS;SIMPLE_INSTRUMENT;EFP_FIN;EUR;22;135.02000000;775;EXCHANGE_LAST;;1;1;XEUR;10804524;688;
05.12.2024;09:04:26.916;FGBL SI 20250306 PS;SIMPLE_INSTRUMENT;EFS;EUR;23;136.55000000;400;EXCHANGE_LAST;;1;1;XEUR;11286679;688;
05.12.2024;09:05:32.318;FGBL SI 20250306 PS;SIMPLE_INSTRUMENT;EFS;EUR;24;136.53000000;647;EXCHANGE_LAST;;1;1;XEUR;11286679;688;
05.12.2024;09:09:42.591;FGBL SI 20250306 PS;SIMPLE_INSTRUMENT;EFS;EUR;25;136.57000000;401;EXCHANGE_LAST;;1;1;XEUR;11286679;688;
05.12.2024;09:10:32.630;FGBL SI 20250306 PS;SIMPLE_INSTRUMENT;EFS;EUR;26;136.57000000;401;EXCHANGE_LAST;;1;1;XEUR;11286679;688;
05.12.2024;09:10:33.633;FGBL SI 20250306 PS;SIMPLE_INSTRUMENT;EFS;EUR;27;136.57000000;401;EXCHANGE_LAST;;1;1;XEUR;11286679;688;
05.12.2024;09:10:35.107;FGBL SI 20250306 PS;SIMPLE_INSTRUMENT;EFS;EUR;28;136.57000000;215;EXCHANGE_LAST;;1;1;XEUR;11286679;688;
05.12.2024;09:18:49.543;FGBL SI 20250306 PS;SIMPLE_INSTRUMENT;EFS;EUR;29;136.56000000;216;EXCHANGE_LAST;;1;1;XEUR;11286679;688;
05.12.2024;09:19:35.637;FGBL SI 20250306 PS;SIMPLE_INSTRUMENT;EFS;EUR;30;136.56000000;46;EXCHANGE_LAST;;1;1;XEUR;11286679;688;
05.12.2024;09:20:04.395;FGBL SI 20250306 PS;SIMPLE_INSTRUMENT;EFP_FIN;EUR;31;136.60000000;195;EXCHANGE_LAST;;1;1;XEUR;11286679;688;
05.12.2024;09:21:19.077;FGBL SI 20250306 PS;SIMPLE_INSTRUMENT;EFS;EUR;32;136.54000000;401;EXCHANGE_LAST;;1;1;XEUR;11286679;688;
05.12.2024;09:21:19.122;FGBL SI 20250306 PS;SIMPLE_INSTRUMENT;EFS;EUR;33;136.56000000;401;EXCHANGE_LAST;;1;1;XEUR;11286679;688;
05.12.2024;09:21:39.089;FGBL SI 20250306 PS;SIMPLE_INSTRUMENT;EFS;EUR;35;136.57000000;401;EXCHANGE_LAST;;1;1;XEUR;11286679;688;
05.12.2024;09:29:45.766;FGBL SI 20250306 PS;SIMPLE_INSTRUMENT;EFS;EUR;37;136.52000000;45;EXCHANGE_LAST;;1;1;XEUR;11286679;688;
05.12.2024;09:35:54.475;FGBL SI 20250306 PS;SIMPLE_INSTRUMENT;EFS;EUR;38;136.58000000;647;EXCHANGE_LAST;;1;1;XEUR;11286679;688;
05.12.2024;09:39:36.600;FGBL SI 20250306 PS;SIMPLE_INSTRUMENT;EFS;EUR;39;136.54000000;455;EXCHANGE_LAST;;1;1;XEUR;11286679;688;
05.12.2024;09:40:01.333;FGBL SI 20250306 PS;SIMPLE_INSTRUMENT;EFP_FIN;EUR;40;136.56000000;980;EXCHANGE_LAST;;1;1;XEUR;11286679;688;
05.12.2024;09:40:08.887;FGBL SI 20250306 PS;SIMPLE_INSTRUMENT;EFS;EUR;41;136.57000000;647;EXCHANGE_LAST;;1;1;XEUR;11286679;688;
05.12.2024;09:58:43.265;FGBL SI 20241206 PS;SIMPLE_INSTRUMENT;EFP_FIN;EUR;42;134.88000000;387;EXCHANGE_LAST;;1;1;XEUR;10804524;688;
05.12.2024;09:59:16.750;FGBL SI 20250306 PS;SIMPLE_INSTRUMENT;EFS;EUR;43;136.59000000;399;EXCHANGE_LAST;;1;1;XEUR;11286679;688;
05.12.2024;10:02:02.544;FGBL SI 20250306 PS;SIMPLE_INSTRUMENT;EFS;EUR;44;136.58000000;399;EXCHANGE_LAST;;1;1;XEUR;11286679;688;
05.12.2024;10:03:21.660;FGBL SI 20250306 PS;SIMPLE_INSTRUMENT;EFP_FIN;EUR;45;136.60000000;966;EXCHANGE_LAST;;1;1;XEUR;11286679;688;
05.12.2024;10:11:05.017;FGBL SI 20241206 PS;SIMPLE_INSTRUMENT;EFS;EUR;46;134.94000000;843;EXCHANGE_LAST;;1;1;XEUR;10804524;688;
05.12.2024;10:12:31.728;FGBL SI 20250306 PS;SIMPLE_INSTRUMENT;EFS;EUR;47;136.56000000;200;EXCHANGE_LAST;;1;1;XEUR;11286679;688;
05.12.2024;10:16:41.804;FGBL SI 20241206 PS;SIMPLE_INSTRUMENT;EFP_FIN;EUR;49;134.86000000;103;EXCHANGE_LAST;;1;1;XEUR;10804524;688;
05.12.2024;10:15:06.073;FGBL SI 20250306 PS;SIMPLE_INSTRUMENT;EFS;EUR;50;136.57000000;799;EXCHANGE_LAST;;1;1;XEUR;11286679;688;
05.12.2024;10:16:10.864;FGBL SI 20250306 PS;SIMPLE_INSTRUMENT;EFS;EUR;51;136.59000000;280;EXCHANGE_LAST;;1;1;XEUR;11286679;688;
05.12.2024;10:17:36.698;FGBL SI 20250306 PS;SIMPLE_INSTRUMENT;EFS;EUR;52;136.59000000;399;EXCHANGE_LAST;;1;1;XEUR;11286679;688;
05.12.2024;10:20:14.833;FGBL SI 20241206 PS;SIMPLE_INSTRUMENT;EFP_FIN;EUR;53;134.86000000;387;EXCHANGE_LAST;;1;1;XEUR;10804524;688;
05.12.2024;10:42:30.801;FGBL SI 20250306 PS;SIMPLE_INSTRUMENT;EFS;EUR;54;136.67000000;173;EXCHANGE_LAST;;1;1;XEUR;11286679;688;
05.12.2024;10:51:35.734;FGBL SI 20250306 PS;SIMPLE_INSTRUMENT;EFS;EUR;55;136.70000000;401;EXCHANGE_LAST;;1;1;XEUR;11286679;688;
05.12.2024;10:52:35.779;FGBL SI 20250306 PS;SIMPLE_INSTRUMENT;EFS;EUR;56;136.70000000;200;EXCHANGE_LAST;;1;1;XEUR;11286679;688;
05.12.2024;10:52:55.799;FGBL SI 20250306 PS;SIMPLE_INSTRUMENT;EFS;EUR;57;136.70000000;400;EXCHANGE_LAST;;1;1;XEUR;11286679;688;
05.12.2024;10:57:41.744;FGBL SI 20250306 PS;SIMPLE_INSTRUMENT;EFS;EUR;58;136.73000000;52;EXCHANGE_LAST;;1;1;XEUR;11286679;688;
05.12.2024;11:02:20.570;FGBL SI 20250306 PS;SIMPLE_INSTRUMENT;EFS;EUR;59;136.70000000;401;EXCHANGE_LAST;;1;1;XEUR;11286679;688;
05.12.2024;11:02:26.129;FGBL SI 20250306 PS;SIMPLE_INSTRUMENT;EFS;EUR;60;136.69000000;224;EXCHANGE_LAST;;1;1;XEUR;11286679;688;
05.12.2024;11:03:40.817;FGBL SI 20250306 PS;SIMPLE_INSTRUMENT;EFS;EUR;61;136.71000000;399;EXCHANGE_LAST;;1;1;XEUR;11286679;688;
05.12.2024;11:07:12.638;FGBL SI 20250306 PS;SIMPLE_INSTRUMENT;EFS;EUR;62;136.71000000;401;EXCHANGE_LAST;;1;1;XEUR;11286679;688;
05.12.2024;11:12:44.872;FGBL SI 20250306 PS;SIMPLE_INSTRUMENT;EFP_FIN;EUR;63;136.73000000;115;EXCHANGE_LAST;;1;1;XEUR;11286679;688;
05.12.2024;11:13:18.228;FGBL SI 20250306 PS;SIMPLE_INSTRUMENT;EFS;EUR;64;136.73000000;200;EXCHANGE_LAST;;1;1;XEUR;11286679;688;
05.12.2024;11:19:28.002;FGBL SI 20250306 PS;SIMPLE_INSTRUMENT;EFS;EUR;65;136.74000000;500;EXCHANGE_LAST;;1;1;XEUR;11286679;688;
05.12.2024;11:23:24.563;FGBL SI 20250306 PS;SIMPLE_INSTRUMENT;EFP_FIN;EUR;66;136.72000000;210;EXCHANGE_LAST;;1;1;XEUR;11286679;688;
05.12.2024;11:24:00.881;FGBL SI 20250306 PS;SIMPLE_INSTRUMENT;EFS;EUR;67;136.74000000;182;EXCHANGE_LAST;;1;1;XEUR;11286679;688;
05.12.2024;11:33:38.659;FGBL SI 20250306 PS;SIMPLE_INSTRUMENT;EFS;EUR;68;136.69000000;500;EXCHANGE_LAST;;1;1;XEUR;11286679;688;
05.12.2024;11:38:00.384;FGBL SI 20250306 PS;SIMPLE_INSTRUMENT;EFS;EUR;69;136.69000000;602;EXCHANGE_LAST;;1;1;XEUR;11286679;688;
05.12.2024;11:43:11.350;FGBL SI 20250306 PS;SIMPLE_INSTRUMENT;EFP_FIN;EUR;70;136.70000000;72;EXCHANGE_LAST;;1;1;XEUR;11286679;688;
05.12.2024;11:57:08.332;FGBL SI 20250306 PS;SIMPLE_INSTRUMENT;EFS;EUR;71;136.75000000;863;EXCHANGE_LAST;;1;1;XEUR;11286679;688;
05.12.2024;12:16:01.782;FGBL SI 20250306 PS;SIMPLE_INSTRUMENT;EFS;EUR;72;136.68000000;200;EXCHANGE_LAST;;1;1;XEUR;11286679;688;
05.12.2024;12:19:49.403;FGBL SI 20250306 PS;SIMPLE_INSTRUMENT;EFS;EUR;73;136.72000000;227;EXCHANGE_LAST;;1;1;XEUR;11286679;688;
05.12.2024;12:30:39.239;FGBL SI 20250306 PS;SIMPLE_INSTRUMENT;EFS;EUR;74;136.58000000;200;EXCHANGE_LAST;;1;1;XEUR;11286679;688;
05.12.2024;12:31:54.327;FGBL SI 20250306 PS;SIMPLE_INSTRUMENT;EFS;EUR;75;136.58000000;200;EXCHANGE_LAST;;1;1;XEUR;11286679;688;
05.12.2024;12:37:51.457;FGBL SI 20250306 PS;SIMPLE_INSTRUMENT;EFS;EUR;76;136.71000000;227;EXCHANGE_LAST;;1;1;XEUR;11286679;688;
05.12.2024;13:14:29.074;FGBL SI 20250306 PS;SIMPLE_INSTRUMENT;EFS;EUR;77;136.45000000;401;EXCHANGE_LAST;;1;1;XEUR;11286679;688;
05.12.2024;13:14:39.091;FGBL SI 20250306 PS;SIMPLE_INSTRUMENT;EFS;EUR;78;136.45000000;200;EXCHANGE_LAST;;1;1;XEUR;11286679;688;
05.12.2024;13:14:39.136;FGBL SI 20250306 PS;SIMPLE_INSTRUMENT;EFS;EUR;79;136.44000000;401;EXCHANGE_LAST;;1;1;XEUR;11286679;688;
05.12.2024;13:14:44.090;FGBL SI 20250306 PS;SIMPLE_INSTRUMENT;EFS;EUR;80;136.44000000;401;EXCHANGE_LAST;;1;1;XEUR;11286679;688;
05.12.2024;13:14:53.894;FGBL SI 20250306 PS;SIMPLE_INSTRUMENT;EFS;EUR;81;136.47000000;1296;EXCHANGE_LAST;;1;1;XEUR;11286679;688;
05.12.2024;13:20:39.386;FGBL SI 20250306 PS;SIMPLE_INSTRUMENT;EFS;EUR;82;136.47000000;401;EXCHANGE_LAST;;1;1;XEUR;11286679;688;
05.12.2024;13:23:31.315;FGBL SI 20250306 PS;SIMPLE_INSTRUMENT;EFS;EUR;83;136.51000000;400;EXCHANGE_LAST;;1;1;XEUR;11286679;688;
05.12.2024;13:28:14.724;FGBL SI 20250306 PS;SIMPLE_INSTRUMENT;EFS;EUR;84;136.53000000;200;EXCHANGE_LAST;;1;1;XEUR;11286679;688;
05.12.2024;13:31:07.026;FGBL SI 20250306 PS;SIMPLE_INSTRUMENT;EFS;EUR;85;136.53000000;399;EXCHANGE_LAST;;1;1;XEUR;11286679;688;
05.12.2024;13:32:04.878;FGBL SI 20250306 PS;SIMPLE_INSTRUMENT;EFS;EUR;86;136.51000000;401;EXCHANGE_LAST;;1;1;XEUR;11286679;688;
05.12.2024;13:32:23.749;FGBL SI 20250306 PS;SIMPLE_INSTRUMENT;EFS;EUR;87;136.54000000;160;EXCHANGE_LAST;;1;1;XEUR;11286679;688;
05.12.2024;13:38:36.199;FGBL SI 20250306 PS;SIMPLE_INSTRUMENT;EFS;EUR;88;136.47000000;401;EXCHANGE_LAST;;1;1;XEUR;11286679;688;
05.12.2024;13:40:31.301;FGBL SI 20250306 PS;SIMPLE_INSTRUMENT;EFS;EUR;89;136.43000000;401;EXCHANGE_LAST;;1;1;XEUR;11286679;688;
05.12.2024;13:41:14.519;FGBL SI 20250306 PS;SIMPLE_INSTRUMENT;BLOCK;EUR;90;136.49000000;5051;EXCHANGE_LAST;;1;1;XEUR;11286679;688;
05.12.2024;13:43:43.124;FGBL SI 20250306 PS;SIMPLE_INSTRUMENT;EFS;EUR;91;136.47000000;215;EXCHANGE_LAST;;1;1;XEUR;11286679;688;
05.12.2024;13:44:57.082;FGBL SI 20250306 PS;SIMPLE_INSTRUMENT;EFS;EUR;92;136.40000000;1294;EXCHANGE_LAST;;1;1;XEUR;11286679;688;
05.12.2024;13:45:27.438;FGBL SI 20250306 PS;SIMPLE_INSTRUMENT;EFS;EUR;93;136.46000000;215;EXCHANGE_LAST;;1;1;XEUR;11286679;688;
05.12.2024;13:49:53.881;FGBL SI 20250306 PS;SIMPLE_INSTRUMENT;EFS;EUR;94;136.40000000;224;EXCHANGE_LAST;;1;1;XEUR;11286679;688;
05.12.2024;13:50:16.762;FGBL SI 20250306 PS;SIMPLE_INSTRUMENT;EFS;EUR;95;136.26000000;401;EXCHANGE_LAST;;1;1;XEUR;11286679;688;
05.12.2024;13:50:27.788;FGBL SI 20250306 PS;SIMPLE_INSTRUMENT;EFS;EUR;96;136.40000000;224;EXCHANGE_LAST;;1;1;XEUR;11286679;688;
05.12.2024;13:51:53.556;FGBL SI 20250306 PS;SIMPLE_INSTRUMENT;EFS;EUR;97;136.35000000;799;EXCHANGE_LAST;;1;1;XEUR;11286679;688;
05.12.2024;13:53:17.897;FGBL SI 20250306 PS;SIMPLE_INSTRUMENT;EFS;EUR;98;136.24000000;137;EXCHANGE_LAST;;1;1;XEUR;11286679;688;
05.12.2024;13:53:25.984;FGBL SI 20250306 PS;SIMPLE_INSTRUMENT;EFS;EUR;99;136.25000000;200;EXCHANGE_LAST;;1;1;XEUR;11286679;688;
05.12.2024;13:54:09.004;FGBL SI 20250306 PS;SIMPLE_INSTRUMENT;EFS;EUR;100;136.27000000;200;EXCHANGE_LAST;;1;1;XEUR;11286679;688;
05.12.2024;13:55:26.979;FGBL SI 20250306 PS;SIMPLE_INSTRUMENT;EFS;EUR;101;136.25000000;401;EXCHANGE_LAST;;1;1;XEUR;11286679;688;
05.12.2024;13:57:17.943;FGBL SI 20250306 PS;SIMPLE_INSTRUMENT;EFS;EUR;102;136.24000000;200;EXCHANGE_LAST;;1;1;XEUR;11286679;688;
05.12.2024;14:13:08.449;FGBL SI 20250306 PS;SIMPLE_INSTRUMENT;EFS;EUR;103;136.15000000;228;EXCHANGE_LAST;;1;1;XEUR;11286679;688;
05.12.2024;14:01:58.276;FGBL SI 20250306 PS;SIMPLE_INSTRUMENT;EFS;EUR;104;136.18000000;228;EXCHANGE_LAST;;1;1;XEUR;11286679;688;
05.12.2024;14:03:01.189;FGBL SI 20250306 PS;SIMPLE_INSTRUMENT;EFS;EUR;105;136.17000000;200;EXCHANGE_LAST;;1;1;XEUR;11286679;688;
05.12.2024;14:04:31.109;FGBL SI 20250306 PS;SIMPLE_INSTRUMENT;EFP_FIN;EUR;106;136.33000000;677;EXCHANGE_LAST;;1;1;XEUR;11286679;688;
05.12.2024;14:17:19.796;FGBL SI 20250306 PS;SIMPLE_INSTRUMENT;EFS;EUR;107;136.27000000;1367;EXCHANGE_LAST;;1;1;XEUR;11286679;688;
05.12.2024;14:18:53.604;FGBL SI 20250306 PS;SIMPLE_INSTRUMENT;EFS;EUR;108;136.34000000;455;EXCHANGE_LAST;;1;1;XEUR;11286679;688;
05.12.2024;14:20:14.298;FGBL SI 20250306 PS;SIMPLE_INSTRUMENT;EFS;EUR;109;136.24000000;401;EXCHANGE_LAST;;1;1;XEUR;11286679;688;
05.12.2024;14:20:24.315;FGBL SI 20250306 PS;SIMPLE_INSTRUMENT;EFS;EUR;110;136.24000000;401;EXCHANGE_LAST;;1;1;XEUR;11286679;688;
05.12.2024;14:20:29.320;FGBL SI 20250306 PS;SIMPLE_INSTRUMENT;EFS;EUR;111;136.24000000;201;EXCHANGE_LAST;;1;1;XEUR;11286679;688;
05.12.2024;14:24:33.819;FGBL SI 20250306 PS;SIMPLE_INSTRUMENT;EFS;EUR;112;136.31000000;911;EXCHANGE_LAST;;1;1;XEUR;11286679;688;
05.12.2024;14:22:29.842;FGBL SI 20250306 PS;SIMPLE_INSTRUMENT;EFP_FIN;EUR;113;136.30000000;198;EXCHANGE_LAST;;1;1;XEUR;11286679;688;
05.12.2024;14:26:08.319;FGBL SI 20250306 PS;SIMPLE_INSTRUMENT;EFS;EUR;114;136.32000000;363;EXCHANGE_LAST;;1;1;XEUR;11286679;688;
05.12.2024;14:31:32.841;FGBL SI 20250306 PS;SIMPLE_INSTRUMENT;EFS;EUR;115;136.18000000;217;EXCHANGE_LAST;;1;1;XEUR;11286679;688;
05.12.2024;14:34:19.349;FGBL SI 20250306 PS;SIMPLE_INSTRUMENT;BLOCK;EUR;116;136.23000000;5051;EXCHANGE_LAST;;1;1;XEUR;11286679;688;
05.12.2024;14:35:41.317;FGBL SI 20250306 PS;SIMPLE_INSTRUMENT;EFS;EUR;117;136.26000000;91;EXCHANGE_LAST;;1;1;XEUR;11286679;688;
05.12.2024;14:36:03.319;FGBL SI 20250306 PS;SIMPLE_INSTRUMENT;EFS;EUR;118;136.26000000;182;EXCHANGE_LAST;;1;1;XEUR;11286679;688;
05.12.2024;14:37:56.861;FGBL SI 20250306 PS;SIMPLE_INSTRUMENT;EFS;EUR;119;136.16000000;1825;EXCHANGE_LAST;;1;1;XEUR;11286679;688;
05.12.2024;14:37:40.860;FGBL SI 20250306 PS;SIMPLE_INSTRUMENT;EFS;EUR;120;136.16000000;456;EXCHANGE_LAST;;1;1;XEUR;11286679;688;
05.12.2024;14:50:45.502;FGBL SI 20250306 PS;SIMPLE_INSTRUMENT;EFS;EUR;121;136.13000000;200;EXCHANGE_LAST;;1;1;XEUR;11286679;688;
05.12.2024;14:52:08.787;FGBL SI 20250306 PS;SIMPLE_INSTRUMENT;EFS;EUR;122;136.16000000;200;EXCHANGE_LAST;;1;1;XEUR;11286679;688;
05.12.2024;14:53:04.735;FGBL SI 20250306 PS;SIMPLE_INSTRUMENT;EFS;EUR;123;136.16000000;200;EXCHANGE_LAST;;1;1;XEUR;11286679;688;
05.12.2024;14:56:25.990;FGBL SI 20250306 PS;SIMPLE_INSTRUMENT;EFS;EUR;124;136.12000000;400;EXCHANGE_LAST;;1;1;XEUR;11286679;688;
05.12.2024;14:57:27.540;FGBL SI 20250306 PS;SIMPLE_INSTRUMENT;EFS;EUR;125;136.13000000;200;EXCHANGE_LAST;;1;1;XEUR;11286679;688;
05.12.2024;14:58:18.116;FGBL SI 20250306 PS;SIMPLE_INSTRUMENT;EFS;EUR;126;136.13000000;400;EXCHANGE_LAST;;1;1;XEUR;11286679;688;
05.12.2024;14:58:56.325;FGBL SI 20250306 PS;SIMPLE_INSTRUMENT;EFP_FIN;EUR;127;136.15000000;540;EXCHANGE_LAST;;1;1;XEUR;11286679;688;
05.12.2024;15:06:42.440;FGBL SI 20250306 PS;SIMPLE_INSTRUMENT;EFS;EUR;128;136.04000000;1826;EXCHANGE_LAST;;1;1;XEUR;11286679;688;
05.12.2024;15:11:19.455;FGBL SI 20250306 PS;SIMPLE_INSTRUMENT;EFS;EUR;129;136.05000000;91;EXCHANGE_LAST;;1;1;XEUR;11286679;688;
05.12.2024;15:12:45.016;FGBL SI 20250306 PS;SIMPLE_INSTRUMENT;EFS;EUR;130;136.09000000;378;EXCHANGE_LAST;;1;1;XEUR;11286679;688;
05.12.2024;15:14:40.767;FGBL SI 20250306 PS;SIMPLE_INSTRUMENT;EFS;EUR;131;136.13000000;120;EXCHANGE_LAST;;1;1;XEUR;11286679;688;
05.12.2024;15:21:19.301;FGBL SI 20250306 PS;SIMPLE_INSTRUMENT;EFS;EUR;132;136.14000000;228;EXCHANGE_LAST;;1;1;XEUR;11286679;688;
05.12.2024;15:21:41.773;FGBL SI 20250306 PS;SIMPLE_INSTRUMENT;EFP_FIN;EUR;133;136.12000000;586;EXCHANGE_LAST;;1;1;XEUR;11286679;688;
05.12.2024;15:31:13.625;FGBL SI 20241206 PS;SIMPLE_INSTRUMENT;EFS;EUR;134;134.60000000;1802;EXCHANGE_LAST;;1;1;XEUR;10804524;688;
05.12.2024;15:32:02.811;FGBL SI 20250306 PS;SIMPLE_INSTRUMENT;EFP_FIN;EUR;135;136.19000000;77;EXCHANGE_LAST;;1;1;XEUR;11286679;688;
05.12.2024;15:32:51.189;FGBL SI 20250306 PS;SIMPLE_INSTRUMENT;EFS;EUR;136;136.21000000;800;EXCHANGE_LAST;;1;1;XEUR;11286679;688;
05.12.2024;15:45:10.551;FGBL SI 20250306 PS;SIMPLE_INSTRUMENT;EFS;EUR;137;136.20000000;216;EXCHANGE_LAST;;1;1;XEUR;11286679;688;
05.12.2024;15:45:02.582;FGBL SI 20250306 PS;SIMPLE_INSTRUMENT;EFS;EUR;138;136.17000000;96;EXCHANGE_LAST;;1;1;XEUR;11286679;688;
05.12.2024;15:56:24.527;FGBL SI 20250306 PS;SIMPLE_INSTRUMENT;EFS;EUR;139;136.17000000;400;EXCHANGE_LAST;;1;1;XEUR;11286679;688;
05.12.2024;15:58:19.338;FGBL SI 20250306 PS;SIMPLE_INSTRUMENT;EFS;EUR;140;136.15000000;400;EXCHANGE_LAST;;1;1;XEUR;11286679;688;
05.12.2024;16:02:25.225;FGBL SI 20250306 PS;SIMPLE_INSTRUMENT;EFS;EUR;141;136.15000000;201;EXCHANGE_LAST;;1;1;XEUR;11286679;688;
05.12.2024;16:02:35.235;FGBL SI 20250306 PS;SIMPLE_INSTRUMENT;EFS;EUR;142;136.15000000;201;EXCHANGE_LAST;;1;1;XEUR;11286679;688;
05.12.2024;16:04:22.015;FGBL SI 20250306 PS;SIMPLE_INSTRUMENT;EFP_FIN;EUR;143;136.17000000;184;EXCHANGE_LAST;;1;1;XEUR;11286679;688;
05.12.2024;16:04:33.949;FGBL SI 20250306 PS;SIMPLE_INSTRUMENT;EFS;EUR;144;136.18000000;345;EXCHANGE_LAST;;1;1;XEUR;11286679;688;
05.12.2024;16:08:18.931;FGBL SI 20250306 PS;SIMPLE_INSTRUMENT;EFS;EUR;145;136.18000000;200;EXCHANGE_LAST;;1;1;XEUR;11286679;688;
05.12.2024;16:10:57.643;FGBL SI 20250306 PS;SIMPLE_INSTRUMENT;EFS;EUR;146;136.13000000;200;EXCHANGE_LAST;;1;1;XEUR;11286679;688;
05.12.2024;16:18:03.830;FGBL SI 20250306 PS;SIMPLE_INSTRUMENT;EFP_FIN;EUR;147;136.14000000;81;EXCHANGE_LAST;;1;1;XEUR;11286679;688;
05.12.2024;16:20:14.036;FGBL SI 20250306 PS;SIMPLE_INSTRUMENT;EFS;EUR;148;136.13000000;228;EXCHANGE_LAST;;1;1;XEUR;11286679;688;
05.12.2024;16:21:47.141;FGBL SI 20250306 PS;SIMPLE_INSTRUMENT;EFS;EUR;149;136.19000000;401;EXCHANGE_LAST;;1;1;XEUR;11286679;688;
05.12.2024;16:21:53.153;FGBL SI 20250306 PS;SIMPLE_INSTRUMENT;EFS;EUR;150;136.16000000;201;EXCHANGE_LAST;;1;1;XEUR;11286679;688;
05.12.2024;16:21:57.154;FGBL SI 20250306 PS;SIMPLE_INSTRUMENT;EFS;EUR;151;136.16000000;201;EXCHANGE_LAST;;1;1;XEUR;11286679;688;
05.12.2024;16:22:07.163;FGBL SI 20250306 PS;SIMPLE_INSTRUMENT;EFS;EUR;152;136.16000000;201;EXCHANGE_LAST;;1;1;XEUR;11286679;688;
05.12.2024;16:22:17.172;FGBL SI 20250306 PS;SIMPLE_INSTRUMENT;EFS;EUR;153;136.19000000;401;EXCHANGE_LAST;;1;1;XEUR;11286679;688;
05.12.2024;16:26:54.080;FGBL SI 20250306 PS;SIMPLE_INSTRUMENT;EFP_FIN;EUR;154;136.10000000;198;EXCHANGE_LAST;;1;1;XEUR;11286679;688;
05.12.2024;16:28:07.444;FGBL SI 20250306 PS;SIMPLE_INSTRUMENT;EFS;EUR;155;136.22000000;401;EXCHANGE_LAST;;1;1;XEUR;11286679;688;
05.12.2024;16:40:05.452;FGBL SI 20250306 PS;SIMPLE_INSTRUMENT;EFS;EUR;156;136.21000000;648;EXCHANGE_LAST;;1;1;XEUR;11286679;688;
05.12.2024;16:51:55.201;FGBL SI 20250306 PS;SIMPLE_INSTRUMENT;EFS;EUR;157;136.16000000;400;EXCHANGE_LAST;;1;1;XEUR;11286679;688;
05.12.2024;17:15:45.360;FGBL SI 20250306 PS;SIMPLE_INSTRUMENT;EFS;EUR;158;136.23000000;200;EXCHANGE_LAST;;1;1;XEUR;11286679;688;
05.12.2024;17:22:43.261;FGBL SI 20250306 PS;SIMPLE_INSTRUMENT;EFS;EUR;159;136.24000000;2000;EXCHANGE_LAST;;1;1;XEUR;11286679;688;
05.12.2024;07:49:49.454;FGBL SI 20250306 PS;SIMPLE_INSTRUMENT;VOLA;EUR;268435462;136.77000000;90;EXCHANGE_LAST;;1;1;XEUR;11286679;688;
05.12.2024;07:50:17.457;FGBL SI 20250306 PS;SIMPLE_INSTRUMENT;VOLA;EUR;268435463;136.77000000;90;EXCHANGE_LAST;;1;1;XEUR;11286679;688;
05.12.2024;09:57:47.893;FGBL SI 20250306 PS;SIMPLE_INSTRUMENT;VOLA;EUR;268435481;136.55000000;315;EXCHANGE_LAST;;1;1;XEUR;11286679;688;
05.12.2024;10:28:37.856;FGBL SI 20250306 PS;SIMPLE_INSTRUMENT;VOLA;EUR;268435488;136.53000000;40;EXCHANGE_LAST;;1;1;XEUR;11286679;688;
05.12.2024;11:56:54.622;FGBL SI 20250306 PS;SIMPLE_INSTRUMENT;VOLA;EUR;268435506;136.77000000;50;EXCHANGE_LAST;;1;1;XEUR;11286679;688;
05.12.2024;13:08:05.378;FGBL SI 20250306 PS;SIMPLE_INSTRUMENT;VOLA;EUR;268435513;136.49000000;5;EXCHANGE_LAST;;1;1;XEUR;11286679;688;
05.12.2024;13:39:23.930;FGBL SI 20250306 PS;SIMPLE_INSTRUMENT;VOLA;EUR;268435516;136.53000000;150;EXCHANGE_LAST;;1;1;XEUR;11286679;688;
05.12.2024;13:41:34.332;FGBL SI 20250306 PS;SIMPLE_INSTRUMENT;VOLA;EUR;268435517;136.53000000;95;EXCHANGE_LAST;;1;1;XEUR;11286679;688;
05.12.2024;14:04:35.366;FGBL SI 20250306 PS;SIMPLE_INSTRUMENT;VOLA;EUR;268435524;136.47000000;625;EXCHANGE_LAST;;1;1;XEUR;11286679;688;
05.12.2024;14:34:44.515;FGBL SI 20250306 PS;SIMPLE_INSTRUMENT;VOLA;EUR;268435532;136.28000000;6;EXCHANGE_LAST;;1;1;XEUR;11286679;688;
05.12.2024;15:02:49.495;FGBL SI 20250306 PS;SIMPLE_INSTRUMENT;VOLA;EUR;268435543;136.28000000;285;EXCHANGE_LAST;;1;1;XEUR;11286679;688;
05.12.2024;15:03:30.501;FGBL SI 20250306 PS;SIMPLE_INSTRUMENT;VOLA;EUR;268435544;136.28000000;285;EXCHANGE_LAST;;1;1;XEUR;11286679;688;
05.12.2024;15:04:38.480;FGBL SI 20250306 PS;SIMPLE_INSTRUMENT;VOLA;EUR;268435545;136.13000000;402;EXCHANGE_LAST;;1;1;XEUR;11286679;688;
05.12.2024;15:38:50.309;FGBL SI 20250306 PS;SIMPLE_INSTRUMENT;VOLA;EUR;268435556;136.30000000;40;EXCHANGE_LAST;;1;1;XEUR;11286679;688;
05.12.2024;16:14:29.674;FGBL SI 20250306 PS;SIMPLE_INSTRUMENT;VOLA;EUR;268435570;136.15000000;55;EXCHANGE_LAST;;1;1;XEUR;11286679;688;
05.12.2024;16:15:05.692;FGBL SI 20250306 PS;SIMPLE_INSTRUMENT;VOLA;EUR;268435571;136.15000000;55;EXCHANGE_LAST;;1;1;XEUR;11286679;688;
05.12.2024;08:19:54.683;FGBM SI 20250306 PS;SIMPLE_INSTRUMENT;EFS;EUR;1;119.14000000;486;EXCHANGE_LAST;;1;1;XEUR;11286680;689;
05.12.2024;08:25:11.224;FGBM SI 20250306 PS;SIMPLE_INSTRUMENT;EFS;EUR;2;119.09000000;553;EXCHANGE_LAST;;1;1;XEUR;11286680;689;
05.12.2024;08:35:05.069;FGBM SI 20250306 PS;SIMPLE_INSTRUMENT;EFS;EUR;3;119.09000000;437;EXCHANGE_LAST;;1;1;XEUR;11286680;689;
05.12.2024;08:36:11.740;FGBM SI 20250306 PS;SIMPLE_INSTRUMENT;EFS;EUR;4;119.08000000;874;EXCHANGE_LAST;;1;1;XEUR;11286680;689;
05.12.2024;08:36:35.037;FGBM SI 20250306 PS;SIMPLE_INSTRUMENT;EFS;EUR;5;119.07000000;4095;EXCHANGE_LAST;;1;1;XEUR;11286680;689;
05.12.2024;08:54:33.568;FGBM SI 20241206 PS;SIMPLE_INSTRUMENT;BLOCK;EUR;6;119.77000000;4165;EXCHANGE_LAST;;1;1;XEUR;10804525;689;
05.12.2024;08:57:49.576;FGBM SI 20250306 PS;SIMPLE_INSTRUMENT;EFS;EUR;8;119.07000000;1941;EXCHANGE_LAST;;1;1;XEUR;11286680;689;
05.12.2024;09:00:55.597;FGBM SI 20250306 PS;SIMPLE_INSTRUMENT;EFS;EUR;9;119.09000000;750;EXCHANGE_LAST;;1;1;XEUR;11286680;689;
05.12.2024;09:07:28.901;FGBM SI 20250306 PS;SIMPLE_INSTRUMENT;EFS;EUR;10;119.08000000;922;EXCHANGE_LAST;;1;1;XEUR;11286680;689;
05.12.2024;09:20:34.564;FGBM SI 20250306 PS;SIMPLE_INSTRUMENT;EFS;EUR;11;119.04000000;176;EXCHANGE_LAST;;1;1;XEUR;11286680;689;
05.12.2024;09:21:08.338;FGBM SI 20250306 PS;SIMPLE_INSTRUMENT;EFS;EUR;12;119.04000000;924;EXCHANGE_LAST;;1;1;XEUR;11286680;689;
05.12.2024;09:26:29.345;FGBM SI 20250306 PS;SIMPLE_INSTRUMENT;EFS;EUR;13;119.08000000;877;EXCHANGE_LAST;;1;1;XEUR;11286680;689;
05.12.2024;09:35:18.572;FGBM SI 20250306 PS;SIMPLE_INSTRUMENT;EFS;EUR;14;119.08000000;655;EXCHANGE_LAST;;1;1;XEUR;11286680;689;
05.12.2024;09:36:09.505;FGBM SI 20250306 PS;SIMPLE_INSTRUMENT;EFS;EUR;15;119.08000000;218;EXCHANGE_LAST;;1;1;XEUR;11286680;689;
05.12.2024;09:36:38.614;FGBM SI 20250306 PS;SIMPLE_INSTRUMENT;EFP_FIN;EUR;16;119.06000000;541;EXCHANGE_LAST;;1;1;XEUR;11286680;689;
05.12.2024;09:40:24.777;FGBM SI 20250306 PS;SIMPLE_INSTRUMENT;EFS;EUR;17;119.05000000;655;EXCHANGE_LAST;;1;1;XEUR;11286680;689;
05.12.2024;09:56:50.562;FGBM SI 20250306 PS;SIMPLE_INSTRUMENT;EFS;EUR;18;119.07000000;486;EXCHANGE_LAST;;1;1;XEUR;11286680;689;
05.12.2024;10:04:45.998;FGBM SI 20241206 PS;SIMPLE_INSTRUMENT;EFS;EUR;19;119.80000000;790;EXCHANGE_LAST;;1;1;XEUR;10804525;689;
05.12.2024;10:12:33.606;FGBM SI 20250306 PS;SIMPLE_INSTRUMENT;EFP_FIN;EUR;20;119.09000000;884;EXCHANGE_LAST;;1;1;XEUR;11286680;689;
05.12.2024;10:20:03.126;FGBM SI 20250306 PS;SIMPLE_INSTRUMENT;EFP_FIN;EUR;21;119.04000000;134;EXCHANGE_LAST;;1;1;XEUR;11286680;689;
05.12.2024;10:27:27.571;FGBM SI 20250306 PS;SIMPLE_INSTRUMENT;EFS;EUR;22;119.05000000;972;EXCHANGE_LAST;;1;1;XEUR;11286680;689;
05.12.2024;10:32:17.364;FGBM SI 20241206 PS;SIMPLE_INSTRUMENT;EFP_FIN;EUR;23;119.79000000;428;EXCHANGE_LAST;;1;1;XEUR;10804525;689;
05.12.2024;10:38:12.637;FGBM SI 20250306 PS;SIMPLE_INSTRUMENT;EFP_FIN;EUR;24;119.05000000;370;EXCHANGE_LAST;;1;1;XEUR;11286680;689;
05.12.2024;10:41:59.081;FGBM SI 20241206 PS;SIMPLE_INSTRUMENT;EFP_FIN;EUR;25;119.81000000;856;EXCHANGE_LAST;;1;1;XEUR;10804525;689;
05.12.2024;10:44:37.801;FGBM SI 20241206 PS;SIMPLE_INSTRUMENT;EFP_FIN;EUR;26;119.78000000;428;EXCHANGE_LAST;;1;1;XEUR;10804525;689;
05.12.2024;10:51:34.013;FGBM SI 20241206 PS;SIMPLE_INSTRUMENT;EFP_FIN;EUR;27;119.78000000;445;EXCHANGE_LAST;;1;1;XEUR;10804525;689;
05.12.2024;10:48:34.222;FGBM SI 20250306 PS;SIMPLE_INSTRUMENT;EFP_FIN;EUR;28;119.04000000;200;EXCHANGE_LAST;;1;1;XEUR;11286680;689;
05.12.2024;10:50:28.449;FGBM SI 20250306 PS;SIMPLE_INSTRUMENT;EFP_FIN;EUR;29;119.05000000;431;EXCHANGE_LAST;;1;1;XEUR;11286680;689;
05.12.2024;10:53:00.807;FGBM SI 20250306 PS;SIMPLE_INSTRUMENT;EFS;EUR;30;119.13000000;876;EXCHANGE_LAST;;1;1;XEUR;11286680;689;
05.12.2024;10:54:50.836;FGBM SI 20250306 PS;SIMPLE_INSTRUMENT;EFP_FIN;EUR;31;119.06000000;183;EXCHANGE_LAST;;1;1;XEUR;11286680;689;
05.12.2024;11:19:00.707;FGBM SI 20250306 PS;SIMPLE_INSTRUMENT;EFP_FIN;EUR;32;119.14000000;475;EXCHANGE_LAST;;1;1;XEUR;11286680;689;
05.12.2024;11:21:33.701;FGBM SI 20250306 PS;SIMPLE_INSTRUMENT;EFS;EUR;33;119.15000000;388;EXCHANGE_LAST;;1;1;XEUR;11286680;689;
05.12.2024;11:25:53.958;FGBM SI 20241206 PS;SIMPLE_INSTRUMENT;EFP_FIN;EUR;34;119.88000000;425;EXCHANGE_LAST;;1;1;XEUR;10804525;689;
05.12.2024;11:28:20.842;FGBM SI 20250306 PS;SIMPLE_INSTRUMENT;EFP_FIN;EUR;35;119.15000000;431;EXCHANGE_LAST;;1;1;XEUR;11286680;689;
05.12.2024;11:41:23.827;FGBM SI 20250306 PS;SIMPLE_INSTRUMENT;EFP_FIN;EUR;36;119.14000000;647;EXCHANGE_LAST;;1;1;XEUR;11286680;689;
05.12.2024;11:46:13.890;FGBM SI 20241206 PS;SIMPLE_INSTRUMENT;EFP_FIN;EUR;37;119.85000000;935;EXCHANGE_LAST;;1;1;XEUR;10804525;689;
05.12.2024;12:01:06.856;FGBM SI 20250306 PS;SIMPLE_INSTRUMENT;EFS;EUR;38;119.15000000;876;EXCHANGE_LAST;;1;1;XEUR;11286680;689;
05.12.2024;12:03:16.948;FGBM SI 20250306 PS;SIMPLE_INSTRUMENT;EFS;EUR;39;119.15000000;876;EXCHANGE_LAST;;1;1;XEUR;11286680;689;
05.12.2024;12:11:18.445;FGBM SI 20241206 PS;SIMPLE_INSTRUMENT;EFP_FIN;EUR;40;119.88000000;514;EXCHANGE_LAST;;1;1;XEUR;10804525;689;
05.12.2024;12:17:18.796;FGBM SI 20250306 PS;SIMPLE_INSTRUMENT;EFS;EUR;41;119.15000000;389;EXCHANGE_LAST;;1;1;XEUR;11286680;689;
05.12.2024;12:27:00.500;FGBM SI 20241206 PS;SIMPLE_INSTRUMENT;EFP_FIN;EUR;42;119.85000000;856;EXCHANGE_LAST;;1;1;XEUR;10804525;689;
05.12.2024;12:30:17.792;FGBM SI 20241206 PS;SIMPLE_INSTRUMENT;EFP_FIN;EUR;43;119.85000000;428;EXCHANGE_LAST;;1;1;XEUR;10804525;689;
05.12.2024;12:35:38.621;FGBM SI 20250306 PS;SIMPLE_INSTRUMENT;EFS;EUR;44;119.12000000;460;EXCHANGE_LAST;;1;1;XEUR;11286680;689;
05.12.2024;12:45:34.892;FGBM SI 20250306 PS;SIMPLE_INSTRUMENT;EFS;EUR;45;119.04000000;877;EXCHANGE_LAST;;1;1;XEUR;11286680;689;
05.12.2024;12:50:19.972;FGBM SI 20250306 PS;SIMPLE_INSTRUMENT;EFS;EUR;46;119.04000000;972;EXCHANGE_LAST;;1;1;XEUR;11286680;689;
05.12.2024;13:13:17.847;FGBM SI 20250306 PS;SIMPLE_INSTRUMENT;EFS;EUR;47;119.03000000;2770;EXCHANGE_LAST;;1;1;XEUR;11286680;689;
05.12.2024;13:32:34.901;FGBM SI 20250306 PS;SIMPLE_INSTRUMENT;EFS;EUR;48;119.04000000;877;EXCHANGE_LAST;;1;1;XEUR;11286680;689;
05.12.2024;13:32:49.915;FGBM SI 20250306 PS;SIMPLE_INSTRUMENT;EFS;EUR;49;119.04000000;438;EXCHANGE_LAST;;1;1;XEUR;11286680;689;
05.12.2024;13:33:04.935;FGBM SI 20250306 PS;SIMPLE_INSTRUMENT;EFS;EUR;50;119.04000000;877;EXCHANGE_LAST;;1;1;XEUR;11286680;689;
05.12.2024;13:33:24.958;FGBM SI 20250306 PS;SIMPLE_INSTRUMENT;EFS;EUR;51;119.04000000;877;EXCHANGE_LAST;;1;1;XEUR;11286680;689;
05.12.2024;13:35:10.032;FGBM SI 20250306 PS;SIMPLE_INSTRUMENT;EFS;EUR;52;119.05000000;438;EXCHANGE_LAST;;1;1;XEUR;11286680;689;
05.12.2024;13:35:27.732;FGBM SI 20250306 PS;SIMPLE_INSTRUMENT;EFP_FIN;EUR;53;119.03000000;481;EXCHANGE_LAST;;1;1;XEUR;11286680;689;
05.12.2024;13:36:06.010;FGBM SI 20250306 PS;SIMPLE_INSTRUMENT;EFP_FIN;EUR;54;119.04000000;806;EXCHANGE_LAST;;1;1;XEUR;11286680;689;
05.12.2024;13:44:58.562;FGBM SI 20250306 PS;SIMPLE_INSTRUMENT;EFS;EUR;55;119.00000000;973;EXCHANGE_LAST;;1;1;XEUR;11286680;689;
05.12.2024;13:45:06.502;FGBM SI 20250306 PS;SIMPLE_INSTRUMENT;EFS;EUR;56;119.00000000;877;EXCHANGE_LAST;;1;1;XEUR;11286680;689;
05.12.2024;13:58:35.505;FGBM SI 20250306 PS;SIMPLE_INSTRUMENT;EFP_FIN;EUR;58;118.93000000;1857;EXCHANGE_LAST;;1;1;XEUR;11286680;689;
05.12.2024;13:58:37.121;FGBM SI 20250306 PS;SIMPLE_INSTRUMENT;EFS;EUR;59;118.87000000;709;EXCHANGE_LAST;;1;1;XEUR;11286680;689;
05.12.2024;14:02:33.305;FGBM SI 20250306 PS;SIMPLE_INSTRUMENT;EFS;EUR;60;118.87000000;1755;EXCHANGE_LAST;;1;1;XEUR;11286680;689;
05.12.2024;14:11:14.565;FGBM SI 20250306 PS;SIMPLE_INSTRUMENT;EFS;EUR;61;118.87000000;438;EXCHANGE_LAST;;1;1;XEUR;11286680;689;
05.12.2024;14:10:41.086;FGBM SI 20250306 PS;SIMPLE_INSTRUMENT;EFS;EUR;62;118.89000000;1941;EXCHANGE_LAST;;1;1;XEUR;11286680;689;
05.12.2024;14:15:09.796;FGBM SI 20250306 PS;SIMPLE_INSTRUMENT;EFS;EUR;63;118.92000000;1947;EXCHANGE_LAST;;1;1;XEUR;11286680;689;
05.12.2024;14:17:23.904;FGBM SI 20250306 PS;SIMPLE_INSTRUMENT;EFS;EUR;64;118.86000000;3687;EXCHANGE_LAST;;1;1;XEUR;11286680;689;
05.12.2024;14:21:22.645;FGBM SI 20250306 PS;SIMPLE_INSTRUMENT;EFP_FIN;EUR;65;118.91000000;225;EXCHANGE_LAST;;1;1;XEUR;11286680;689;
05.12.2024;14:37:41.324;FGBM SI 20250306 PS;SIMPLE_INSTRUMENT;EFS;EUR;66;118.83000000;921;EXCHANGE_LAST;;1;1;XEUR;11286680;689;
05.12.2024;14:45:06.554;FGBM SI 20250306 PS;SIMPLE_INSTRUMENT;EFP_FIN;EUR;67;118.81000000;902;EXCHANGE_LAST;;1;1;XEUR;11286680;689;
05.12.2024;14:55:23.963;FGBM SI 20250306 PS;SIMPLE_INSTRUMENT;EFS;EUR;68;118.84000000;874;EXCHANGE_LAST;;1;1;XEUR;11286680;689;
05.12.2024;15:02:36.221;FGBM SI 20250306 PS;SIMPLE_INSTRUMENT;EFS;EUR;69;118.80000000;276;EXCHANGE_LAST;;1;1;XEUR;11286680;689;
05.12.2024;15:04:12.016;FGBM SI 20250306 PS;SIMPLE_INSTRUMENT;EFS;EUR;70;118.78000000;1301;EXCHANGE_LAST;;1;1;XEUR;11286680;689;
05.12.2024;15:06:46.414;FGBM SI 20250306 PS;SIMPLE_INSTRUMENT;EFS;EUR;71;118.81000000;1052;EXCHANGE_LAST;;1;1;XEUR;11286680;689;
05.12.2024;15:51:05.806;FGBM SI 20250306 PS;SIMPLE_INSTRUMENT;EFP_FIN;EUR;72;118.83000000;218;EXCHANGE_LAST;;1;1;XEUR;11286680;689;
05.12.2024;15:54:36.370;FGBM SI 20250306 PS;SIMPLE_INSTRUMENT;EFS;EUR;73;118.82000000;922;EXCHANGE_LAST;;1;1;XEUR;11286680;689;
05.12.2024;15:55:02.450;FGBM SI 20250306 PS;SIMPLE_INSTRUMENT;EFP_FIN;EUR;74;118.83000000;202;EXCHANGE_LAST;;1;1;XEUR;11286680;689;
05.12.2024;16:00:15.133;FGBM SI 20250306 PS;SIMPLE_INSTRUMENT;EFS;EUR;75;118.81000000;710;EXCHANGE_LAST;;1;1;XEUR;11286680;689;
05.12.2024;16:09:38.621;FGBM SI 20250306 PS;SIMPLE_INSTRUMENT;EFS;EUR;76;118.80000000;922;EXCHANGE_LAST;;1;1;XEUR;11286680;689;
05.12.2024;16:14:46.802;FGBM SI 20250306 PS;SIMPLE_INSTRUMENT;EFS;EUR;77;118.77000000;710;EXCHANGE_LAST;;1;1;XEUR;11286680;689;
05.12.2024;16:21:12.114;FGBM SI 20250306 PS;SIMPLE_INSTRUMENT;EFS;EUR;78;118.83000000;707;EXCHANGE_LAST;;1;1;XEUR;11286680;689;
05.12.2024;16:22:40.647;FGBM SI 20250306 PS;SIMPLE_INSTRUMENT;EFS;EUR;79;118.81000000;487;EXCHANGE_LAST;;1;1;XEUR;11286680;689;
05.12.2024;17:21:23.116;FGBM SI 20250306 PS;SIMPLE_INSTRUMENT;EFS;EUR;80;118.84000000;3000;EXCHANGE_LAST;;1;1;XEUR;11286680;689;
05.12.2024;07:43:41.011;FGBS SI 20250306 PS;SIMPLE_INSTRUMENT;EFS;EUR;1;107.34500000;1359;EXCHANGE_LAST;;1;1;XEUR;11286681;690;
05.12.2024;07:54:35.703;FGBS SI 20250306 PS;SIMPLE_INSTRUMENT;EFS;EUR;2;107.35000000;2718;EXCHANGE_LAST;;1;1;XEUR;11286681;690;
05.12.2024;08:15:18.885;FGBS SI 20241206 PS;SIMPLE_INSTRUMENT;EFS;EUR;3;107.04000000;942;EXCHANGE_LAST;;1;1;XEUR;10804527;690;
05.12.2024;08:15:22.661;FGBS SI 20250306 PS;SIMPLE_INSTRUMENT;EFS;EUR;4;107.32500000;929;EXCHANGE_LAST;;1;1;XEUR;11286681;690;
05.12.2024;08:23:47.158;FGBS SI 20250306 PS;SIMPLE_INSTRUMENT;EFP_FIN;EUR;5;107.32000000;222;EXCHANGE_LAST;;1;1;XEUR;11286681;690;
05.12.2024;08:23:54.696;FGBS SI 20250306 PS;SIMPLE_INSTRUMENT;EFS;EUR;6;107.34000000;1087;EXCHANGE_LAST;;1;1;XEUR;11286681;690;
05.12.2024;08:24:08.690;FGBS SI 20250306 PS;SIMPLE_INSTRUMENT;EFP_FIN;EUR;7;107.32000000;222;EXCHANGE_LAST;;1;1;XEUR;11286681;690;
05.12.2024;08:26:18.573;FGBS SI 20250306 PS;SIMPLE_INSTRUMENT;EFS;EUR;8;107.31000000;1500;EXCHANGE_LAST;;1;1;XEUR;11286681;690;
05.12.2024;08:30:40.657;FGBS SI 20250306 PS;SIMPLE_INSTRUMENT;EFS;EUR;9;107.30000000;2720;EXCHANGE_LAST;;1;1;XEUR;11286681;690;
05.12.2024;08:44:53.201;FGBS SI 20250306 PS;SIMPLE_INSTRUMENT;EFS;EUR;10;107.29500000;1290;EXCHANGE_LAST;;1;1;XEUR;11286681;690;
05.12.2024;08:50:13.332;FGBS SI 20250306 PS;SIMPLE_INSTRUMENT;EFS;EUR;11;107.29500000;3869;EXCHANGE_LAST;;1;1;XEUR;11286681;690;
05.12.2024;08:52:40.080;FGBS SI 20250306 PS;SIMPLE_INSTRUMENT;EFP_FIN;EUR;12;107.30000000;468;EXCHANGE_LAST;;1;1;XEUR;11286681;690;
05.12.2024;08:54:13.657;FGBS SI 20250306 PS;SIMPLE_INSTRUMENT;EFS;EUR;13;107.29500000;3867;EXCHANGE_LAST;;1;1;XEUR;11286681;690;
05.12.2024;08:56:43.204;FGBS SI 20250306 PS;SIMPLE_INSTRUMENT;EFS;EUR;14;107.35000000;2718;EXCHANGE_LAST;;1;1;XEUR;11286681;690;
05.12.2024;08:57:51.015;FGBS SI 20250306 PS;SIMPLE_INSTRUMENT;EFP_FIN;EUR;15;107.31000000;187;EXCHANGE_LAST;;1;1;XEUR;11286681;690;
05.12.2024;09:06:32.188;FGBS SI 20250306 PS;SIMPLE_INSTRUMENT;EFS;EUR;17;107.30000000;2580;EXCHANGE_LAST;;1;1;XEUR;11286681;690;
05.12.2024;09:08:13.880;FGBS SI 20250306 PS;SIMPLE_INSTRUMENT;EFS;EUR;18;107.30000000;2720;EXCHANGE_LAST;;1;1;XEUR;11286681;690;
05.12.2024;09:17:46.788;FGBS SI 20250306 PS;SIMPLE_INSTRUMENT;EFS;EUR;19;107.29500000;1291;EXCHANGE_LAST;;1;1;XEUR;11286681;690;
05.12.2024;09:19:41.867;FGBS SI 20250306 PS;SIMPLE_INSTRUMENT;EFS;EUR;20;107.30000000;5167;EXCHANGE_LAST;;1;1;XEUR;11286681;690;
05.12.2024;09:19:47.815;FGBS SI 20250306 PS;SIMPLE_INSTRUMENT;EFS;EUR;21;107.29500000;2584;EXCHANGE_LAST;;1;1;XEUR;11286681;690;
05.12.2024;09:21:24.028;FGBS SI 20241206 PS;SIMPLE_INSTRUMENT;EFP_FIN;EUR;22;107.02000000;1913;EXCHANGE_LAST;;1;1;XEUR;10804527;690;
05.12.2024;09:26:32.083;FGBS SI 20250306 PS;SIMPLE_INSTRUMENT;EFS;EUR;23;107.29500000;1360;EXCHANGE_LAST;;1;1;XEUR;11286681;690;
05.12.2024;09:34:57.138;FGBS SI 20250306 PS;SIMPLE_INSTRUMENT;EFS;EUR;25;107.30500000;3877;EXCHANGE_LAST;;1;1;XEUR;11286681;690;
05.12.2024;09:40:31.889;FGBS SI 20250306 PS;SIMPLE_INSTRUMENT;EFS;EUR;26;107.30000000;3877;EXCHANGE_LAST;;1;1;XEUR;11286681;690;
05.12.2024;09:43:22.879;FGBS SI 20250306 PS;SIMPLE_INSTRUMENT;EFS;EUR;27;107.29500000;680;EXCHANGE_LAST;;1;1;XEUR;11286681;690;
05.12.2024;09:47:59.034;FGBS SI 20250306 PS;SIMPLE_INSTRUMENT;EFP_FIN;EUR;28;107.30000000;248;EXCHANGE_LAST;;1;1;XEUR;11286681;690;
05.12.2024;09:56:07.756;FGBS SI 20250306 PS;SIMPLE_INSTRUMENT;EFS;EUR;29;107.31000000;2000;EXCHANGE_LAST;;1;1;XEUR;11286681;690;
05.12.2024;09:57:22.943;FGBS SI 20250306 PS;SIMPLE_INSTRUMENT;EFS;EUR;30;107.30000000;1298;EXCHANGE_LAST;;1;1;XEUR;11286681;690;
05.12.2024;10:24:29.982;FGBS SI 20250306 PS;SIMPLE_INSTRUMENT;EFP_FIN;EUR;31;107.28000000;443;EXCHANGE_LAST;;1;1;XEUR;11286681;690;
05.12.2024;10:26:38.274;FGBS SI 20250306 PS;SIMPLE_INSTRUMENT;EFS;EUR;32;107.28500000;2720;EXCHANGE_LAST;;1;1;XEUR;11286681;690;
05.12.2024;10:27:41.202;FGBS SI 20250306 PS;SIMPLE_INSTRUMENT;EFP_FIN;EUR;33;107.30000000;443;EXCHANGE_LAST;;1;1;XEUR;11286681;690;
05.12.2024;10:29:22.660;FGBS SI 20250306 PS;SIMPLE_INSTRUMENT;EFS;EUR;34;107.29500000;1500;EXCHANGE_LAST;;1;1;XEUR;11286681;690;
05.12.2024;10:33:55.087;FGBS SI 20250306 PS;SIMPLE_INSTRUMENT;EFS;EUR;35;107.29000000;2720;EXCHANGE_LAST;;1;1;XEUR;11286681;690;
05.12.2024;11:00:53.426;FGBS SI 20250306 PS;SIMPLE_INSTRUMENT;EFP_FIN;EUR;36;107.32000000;1136;EXCHANGE_LAST;;1;1;XEUR;11286681;690;
05.12.2024;11:21:21.895;FGBS SI 20250306 PS;SIMPLE_INSTRUMENT;EFS;EUR;37;107.32000000;1296;EXCHANGE_LAST;;1;1;XEUR;11286681;690;
05.12.2024;11:41:46.708;FGBS SI 20250306 PS;SIMPLE_INSTRUMENT;BLOCK;EUR;38;107.31000000;5441;EXCHANGE_LAST;;1;1;XEUR;11286681;690;
05.12.2024;12:24:23.990;FGBS SI 20250306 PS;SIMPLE_INSTRUMENT;EFP_FIN;EUR;39;107.30000000;248;EXCHANGE_LAST;;1;1;XEUR;11286681;690;
05.12.2024;12:28:40.198;FGBS SI 20250306 PS;SIMPLE_INSTRUMENT;EFS;EUR;40;107.30000000;2720;EXCHANGE_LAST;;1;1;XEUR;11286681;690;
05.12.2024;12:28:55.705;FGBS SI 20250306 PS;SIMPLE_INSTRUMENT;EFS;EUR;41;107.29500000;1360;EXCHANGE_LAST;;1;1;XEUR;11286681;690;
05.12.2024;13:06:38.257;FGBS SI 20250306 PS;SIMPLE_INSTRUMENT;EFS;EUR;42;107.27500000;2176;EXCHANGE_LAST;;1;1;XEUR;11286681;690;
05.12.2024;13:21:33.651;FGBS SI 20250306 PS;SIMPLE_INSTRUMENT;EFP_FIN;EUR;43;107.27500000;420;EXCHANGE_LAST;;1;1;XEUR;11286681;690;
05.12.2024;13:43:17.994;FGBS SI 20250306 PS;SIMPLE_INSTRUMENT;EFS;EUR;44;107.27000000;2721;EXCHANGE_LAST;;1;1;XEUR;11286681;690;
05.12.2024;14:00:18.292;FGBS SI 20250306 PS;SIMPLE_INSTRUMENT;EFS;EUR;45;107.26000000;1361;EXCHANGE_LAST;;1;1;XEUR;11286681;690;
05.12.2024;14:30:55.301;FGBS SI 20250306 PS;SIMPLE_INSTRUMENT;EFS;EUR;47;107.24000000;1361;EXCHANGE_LAST;;1;1;XEUR;11286681;690;
05.12.2024;14:51:57.242;FGBS SI 20250306 PS;SIMPLE_INSTRUMENT;EFS;EUR;48;107.22000000;2723;EXCHANGE_LAST;;1;1;XEUR;11286681;690;
05.12.2024;15:31:24.878;FGBS SI 20250306 PS;SIMPLE_INSTRUMENT;EFP_FIN;EUR;49;107.24000000;935;EXCHANGE_LAST;;1;1;XEUR;11286681;690;
05.12.2024;15:31:26.630;FGBS SI 20241206 PS;SIMPLE_INSTRUMENT;EFP_FIN;EUR;50;106.96000000;227;EXCHANGE_LAST;;1;1;XEUR;10804527;690;
05.12.2024;15:47:43.594;FGBS SI 20250306 PS;SIMPLE_INSTRUMENT;EFS;EUR;52;107.21000000;1290;EXCHANGE_LAST;;1;1;XEUR;11286681;690;
05.12.2024;16:13:12.768;FGBS SI 20250306 PS;SIMPLE_INSTRUMENT;EFS;EUR;53;107.20500000;2573;EXCHANGE_LAST;;1;1;XEUR;11286681;690;
05.12.2024;16:41:15.251;FGBS SI 20250306 PS;SIMPLE_INSTRUMENT;EFS;EUR;54;107.19500000;3867;EXCHANGE_LAST;;1;1;XEUR;11286681;690;
05.12.2024;17:00:36.792;FGBS SI 20250306 PS;SIMPLE_INSTRUMENT;EFS;EUR;55;107.18000000;2724;EXCHANGE_LAST;;1;1;XEUR;11286681;690;
05.12.2024;17:06:13.264;FGBS SI 20250306 PS;SIMPLE_INSTRUMENT;EFS;EUR;56;107.19000000;1000;EXCHANGE_LAST;;1;1;XEUR;11286681;690;
05.12.2024;08:38:20.413;FGBX SI 20241206 PS;SIMPLE_INSTRUMENT;BLOCK;EUR;1;141.10000000;1511;EXCHANGE_LAST;;1;1;XEUR;10804526;691;
05.12.2024;08:38:40.415;FGBX SI 20241206 PS;SIMPLE_INSTRUMENT;BLOCK;EUR;2;141.10000000;1442;EXCHANGE_LAST;;1;1;XEUR;10804526;691;
05.12.2024;09:57:23.002;FGBX SI 20250306 PS;SIMPLE_INSTRUMENT;EFS;EUR;4;140.66000000;85;EXCHANGE_LAST;;1;1;XEUR;11286682;691;
05.12.2024;10:12:05.021;FGBX SI 20241206 PS;SIMPLE_INSTRUMENT;EFS;EUR;7;140.80000000;165;EXCHANGE_LAST;;1;1;XEUR;10804526;691;
05.12.2024;10:27:16.647;FGBX SI 20250306 PS;SIMPLE_INSTRUMENT;EFP_FIN;EUR;11;140.82000000;203;EXCHANGE_LAST;;1;1;XEUR;11286682;691;
05.12.2024;10:53:03.830;FGBX SI 20250306 PS;SIMPLE_INSTRUMENT;EFP_FIN;EUR;14;140.80000000;58;EXCHANGE_LAST;;1;1;XEUR;11286682;691;
05.12.2024;11:30:20.332;FGBX SI 20250306 PS;SIMPLE_INSTRUMENT;EFP_FIN;EUR;17;141.20000000;80;EXCHANGE_LAST;;1;1;XEUR;11286682;691;
05.12.2024;12:06:57.709;FGBX SI 20241206 PS;SIMPLE_INSTRUMENT;BLOCK;EUR;22;141.48000000;650;EXCHANGE_LAST;;1;1;XEUR;10804526;691;
05.12.2024;12:15:40.108;FGBX SI 20250306 PS;SIMPLE_INSTRUMENT;EFP_FIN;EUR;24;141.54000000;185;EXCHANGE_LAST;;1;1;XEUR;11286682;691;
05.12.2024;12:18:28.987;FGBX SI 20250306 PS;SIMPLE_INSTRUMENT;EFS;EUR;25;141.56000000;68;EXCHANGE_LAST;;1;1;XEUR;11286682;691;
05.12.2024;12:59:43.085;FGBX SI 20250306 PS;SIMPLE_INSTRUMENT;EFS;EUR;28;140.84000000;48;EXCHANGE_LAST;;1;1;XEUR;11286682;691;
05.12.2024;13:19:20.329;FGBX SI 20250306 PS;SIMPLE_INSTRUMENT;EFP_FIN;EUR;29;140.84000000;1917;EXCHANGE_LAST;;1;1;XEUR;11286682;691;
05.12.2024;13:19:00.152;FGBX SI 20250306 PS;SIMPLE_INSTRUMENT;EFP_FIN;EUR;30;140.84000000;742;EXCHANGE_LAST;;1;1;XEUR;11286682;691;
05.12.2024;13:19:04.722;FGBX SI 20250306 PS;SIMPLE_INSTRUMENT;EFP_FIN;EUR;31;141.04000000;557;EXCHANGE_LAST;;1;1;XEUR;11286682;691;
05.12.2024;13:38:42.796;FGBX SI 20250306 PS;SIMPLE_INSTRUMENT;EFS;EUR;32;140.82000000;169;EXCHANGE_LAST;;1;1;XEUR;11286682;691;
05.12.2024;14:19:16.236;FGBX SI 20250306 PS;SIMPLE_INSTRUMENT;EFS;EUR;34;140.60000000;136;EXCHANGE_LAST;;1;1;XEUR;11286682;691;
05.12.2024;15:29:36.063;FGBX SI 20250306 PS;SIMPLE_INSTRUMENT;EFS;EUR;36;140.38000000;215;EXCHANGE_LAST;;1;1;XEUR;11286682;691;
05.12.2024;15:35:29.045;FGBX SI 20241206 PS;SIMPLE_INSTRUMENT;EFS;EUR;37;140.46000000;684;EXCHANGE_LAST;;1;1;XEUR;10804526;691;
05.12.2024;15:59:43.530;FGBX SI 20250306 PS;SIMPLE_INSTRUMENT;EFS;EUR;39;140.26000000;115;EXCHANGE_LAST;;1;1;XEUR;11286682;691;
05.12.2024;16:07:48.811;FGBX SI 20250306 PS;SIMPLE_INSTRUMENT;EFS;EUR;40;140.34000000;170;EXCHANGE_LAST;;1;1;XEUR;11286682;691;
05.12.2024;16:11:54.139;FGBX SI 20250306 PS;SIMPLE_INSTRUMENT;EFS;EUR;41;140.28000000;171;EXCHANGE_LAST;;1;1;XEUR;11286682;691;
05.12.2024;19:27:48.739;FGBX SI 20250306 PS;SIMPLE_INSTRUMENT;BLOCK;EUR;43;140.92000000;129;EXCHANGE_LAST;;1;1;XEUR;11286682;691;
05.12.2024;08:33:36.970;FIA5 SI 20241219 PS AM C 12.40 0;SIMPLE_INSTRUMENT;BLOCK;EUR;4;0.31000000;500;EXCHANGE_LAST;;1;1;XEUR;11865775;48227;
05.12.2024;08:33:37.627;FIA5 SI 20241219 PS AM C 13.20 0;SIMPLE_INSTRUMENT;BLOCK;EUR;5;0.10000000;500;EXCHANGE_LAST;;1;1;XEUR;11865789;48227;
05.12.2024;11:44:15.086;FIA5 SI 20241219 PS AM C 12.40 0;SIMPLE_INSTRUMENT;BLOCK;EUR;9;0.46000000;200;EXCHANGE_LAST;;1;1;XEUR;11865775;48227;
05.12.2024;11:44:18.902;FIA5 SI 20241219 PS AM C 13.20 0;SIMPLE_INSTRUMENT;BLOCK;EUR;10;0.19000000;200;EXCHANGE_LAST;;1;1;XEUR;11865789;48227;
05.12.2024;13:14:47.176;FIA5 SI 20241219 PS AM C 12.40 0;SIMPLE_INSTRUMENT;BLOCK;EUR;13;0.47000000;200;EXCHANGE_LAST;;1;1;XEUR;11865775;48227;
05.12.2024;13:15:12.272;FIA5 SI 20241219 PS AM C 13.20 0;SIMPLE_INSTRUMENT;BLOCK;EUR;14;0.19000000;200;EXCHANGE_LAST;;1;1;XEUR;11865789;48227;
05.12.2024;09:01:55.792;FIN SI 20250919 PS AM C 68.00 0;SIMPLE_INSTRUMENT;BLOCK;CHF;6;6.85000000;500;EXCHANGE_LAST;;1;1;XEUR;11881211;671;
05.12.2024;14:37:15.093;FIN FI 20250108 CS EU C 73.3000 0;FLEXIBLE_INSTRUMENT;BLOCK;CHF;65;0.90000000;310;EXCHANGE_LAST;;1;1;XEUR;1152924386529904598;671;
05.12.2024;16:38:35.107;FMAS SI 20241220 CS;SIMPLE_INSTRUMENT;BLOCK;USD;34;634.80000000;350;EXCHANGE_LAST;;1;1;XEUR;7191852;7061;
05.12.2024;08:09:12.042;FMBZ SI 20241220 CS;SIMPLE_INSTRUMENT;BLOCK;USD;16;480.27200000;112;EXCHANGE_LAST;;1;1;XEUR;7196794;402910;
05.12.2024;02:35:32.836;FMCH SI 20241220 CS;SIMPLE_INSTRUMENT;BLOCK;USD;3;497.30000000;453;EXCHANGE_LAST;;1;1;XEUR;7196792;402909;
05.12.2024;02:35:35.860;FMCH SI 20250321 CS;SIMPLE_INSTRUMENT;BLOCK;USD;4;503.01900000;451;EXCHANGE_LAST;;1;1;XEUR;7592069;402909;
05.12.2024;04:13:36.533;FMCH SI 20241220 CS;SIMPLE_INSTRUMENT;BLOCK;USD;9;499.00000000;4008;EXCHANGE_LAST;;2;1;XEUR;7196792;402909;
05.12.2024;04:13:54.572;FMCH SI 20250321 CS;SIMPLE_INSTRUMENT;BLOCK;USD;10;504.58900000;3964;EXCHANGE_LAST;;1;2;XEUR;7592069;402909;
05.12.2024;07:19:06.647;FMCH SI 20241220 CS;SIMPLE_INSTRUMENT;BLOCK;USD;12;502.86900000;2230;EXCHANGE_LAST;;1;1;XEUR;7196792;402909;
05.12.2024;16:56:36.872;FMCP SI 20241220 CS;SIMPLE_INSTRUMENT;EFP_IDX;EUR;75;548.40000000;151;EXCHANGE_LAST;;1;1;XEUR;10838961;662;
05.12.2024;16:56:54.535;FMCP SI 20241220 CS;SIMPLE_INSTRUMENT;EFP_IDX;EUR;76;548.50000000;17;EXCHANGE_LAST;;1;1;XEUR;10838961;662;
05.12.2024;01:40:24.219;FMEA SI 20241220 CS;SIMPLE_INSTRUMENT;BLOCK;USD;1;698.31600000;50;EXCHANGE_LAST;;1;1;XEUR;7191938;12395;
05.12.2024;02:20:03.333;FMEA SI 20241220 CS;SIMPLE_INSTRUMENT;BLOCK;USD;2;698.45500000;359;EXCHANGE_LAST;;1;1;XEUR;7191938;12395;
05.12.2024;14:18:16.929;FMED SI 20241220 CS;SIMPLE_INSTRUMENT;BLOCK;USD;31;9507.00000000;4210;EXCHANGE_LAST;;1;1;XEUR;7193401;48144;
05.12.2024;14:18:33.976;FMED SI 20250321 CS;SIMPLE_INSTRUMENT;BLOCK;USD;32;9632.96800000;4155;EXCHANGE_LAST;;1;1;XEUR;7590729;48144;
05.12.2024;16:36:18.442;FMEF SI 20241220 CS;SIMPLE_INSTRUMENT;BLOCK;USD;36;1103.62700000;408;EXCHANGE_LAST;;1;1;XEUR;7192304;30657;
05.12.2024;16:37:02.632;FMEF SI 20241220 CS;SIMPLE_INSTRUMENT;BLOCK;USD;37;1103.62800000;328;EXCHANGE_LAST;;1;1;XEUR;7192304;30657;
05.12.2024;08:16:11.606;FMEN SI 20241220 CS;SIMPLE_INSTRUMENT;EFP_IDX;EUR;18;523.55400000;3;EXCHANGE_LAST;;1;1;XEUR;7192297;30652;
05.12.2024;07:45:33.162;FMES SI 20241220 CS;SIMPLE_INSTRUMENT;BLOCK;EUR;14;566.59000000;30;EXCHANGE_LAST;;1;1;XEUR;7194760;221291;
05.12.2024;12:12:47.317;FMGC SI 20241220 CS;SIMPLE_INSTRUMENT;BLOCK;USD;27;13292.67000000;755;EXCHANGE_LAST;;1;1;XEUR;7193447;48916;
05.12.2024;15:18:55.951;FMGO SI 20241220 CS;SIMPLE_INSTRUMENT;BLOCK;USD;33;5390.00000000;85;EXCHANGE_LAST;;1;1;XEUR;8609363;583623;
05.12.2024;17:55:10.381;FMGS SI 20241220 CS;SIMPLE_INSTRUMENT;BLOCK;USD;42;27920.00000000;1160;EXCHANGE_LAST;;1;1;XEUR;7193445;48912;
05.12.2024;17:55:38.968;FMGS SI 20250321 CS;SIMPLE_INSTRUMENT;BLOCK;USD;43;28321.35000000;1144;EXCHANGE_LAST;;1;1;XEUR;7590768;48912;
05.12.2024;09:07:55.294;FMID SI 20241220 CS;SIMPLE_INSTRUMENT;BLOCK;USD;4;1696.33400000;120;EXCHANGE_LAST;;1;1;XEUR;7192610;45289;
05.12.2024;02:44:53.492;FMIN SI 20241220 CS;SIMPLE_INSTRUMENT;BLOCK;USD;5;1307.78900000;78;EXCHANGE_LAST;;1;1;XEUR;7191968;12404;
05.12.2024;04:23:00.833;FMIN SI 20241220 CS;SIMPLE_INSTRUMENT;BLOCK;USD;11;1306.87600000;100;EXCHANGE_LAST;;1;1;XEUR;7191968;12404;
05.12.2024;08:11:00.449;FMIN SI 20241220 CS;SIMPLE_INSTRUMENT;BLOCK;USD;17;1306.74500000;80;EXCHANGE_LAST;;1;1;XEUR;7191968;12404;
05.12.2024;09:19:36.364;FMIN SI 20241220 CS;SIMPLE_INSTRUMENT;BLOCK;USD;21;1306.61500000;230;EXCHANGE_LAST;;1;1;XEUR;7191968;12404;
05.12.2024;07:13:29.330;FMPH SI 20241220 CS;SIMPLE_INSTRUMENT;BLOCK;USD;1;435.20500000;53;EXCHANGE_LAST;;1;1;XEUR;7191985;12548;
05.12.2024;12:40:12.154;FMSA SI 20241220 CS;SIMPLE_INSTRUMENT;BLOCK;USD;28;1760.23600000;150;EXCHANGE_LAST;;1;1;XEUR;7194630;134861;
05.12.2024;12:40:12.677;FMSA SI 20241220 CS;SIMPLE_INSTRUMENT;BLOCK;USD;29;1760.23600000;91;EXCHANGE_LAST;;1;1;XEUR;7194630;134861;
05.12.2024;02:51:06.078;FMTH SI 20241220 CS;SIMPLE_INSTRUMENT;BLOCK;USD;6;1216.74000000;1236;EXCHANGE_LAST;;1;1;XEUR;7192052;12681;
05.12.2024;07:19:05.535;FMTW SI 20241220 CS;SIMPLE_INSTRUMENT;BLOCK;USD;2;840.74100000;475;EXCHANGE_LAST;;1;1;XEUR;7193559;51884;
05.12.2024;07:44:34.546;FMUA SI 20241220 CS;SIMPLE_INSTRUMENT;EFP_IDX;USD;3;798.24900000;40;EXCHANGE_LAST;;1;1;XEUR;7192603;45284;
05.12.2024;08:09:12.005;FMWN SI 20241220 CS;SIMPLE_INSTRUMENT;BLOCK;EUR;15;592.98000000;1130;EXCHANGE_LAST;;1;1;XEUR;7192300;30654;
05.12.2024;16:36:04.535;FMWN SI 20241220 CS;SIMPLE_INSTRUMENT;BLOCK;EUR;35;591.70000000;200;EXCHANGE_LAST;;1;1;XEUR;7192300;30654;
05.12.2024;07:22:53.730;FMWO SI 20241220 CS;SIMPLE_INSTRUMENT;EFP_IDX;USD;13;12203.39000000;189;EXCHANGE_LAST;;1;1;XEUR;7191849;7059;
05.12.2024;08:16:50.025;FMWO SI 20241220 CS;SIMPLE_INSTRUMENT;EFP_IDX;USD;19;12203.64000000;117;EXCHANGE_LAST;;1;1;XEUR;7191849;7059;
05.12.2024;08:19:11.017;FMWO SI 20241220 CS;SIMPLE_INSTRUMENT;EFP_IDX;USD;20;12204.64000000;89;EXCHANGE_LAST;;1;1;XEUR;7191849;7059;
05.12.2024;12:56:08.140;FMWO SI 20241220 CS;SIMPLE_INSTRUMENT;BLOCK;USD;30;12207.00000000;133;EXCHANGE_LAST;;1;1;XEUR;7191849;7059;
05.12.2024;08:37:19.397;FOAT SI 20241206 PS;SIMPLE_INSTRUMENT;BLOCK;EUR;1;126.84000000;830;EXCHANGE_LAST;;1;1;XEUR;10804528;749;
05.12.2024;08:37:47.405;FOAT SI 20241206 PS;SIMPLE_INSTRUMENT;BLOCK;EUR;2;126.84000000;638;EXCHANGE_LAST;;1;1;XEUR;10804528;749;
05.12.2024;08:59:38.609;FOAT.S.DEC24.MAR25.SPD;FUTURES_SPREAD;BLOCK;EUR;3;0.63000000;2988;EXCHANGE_LAST;;1;1;XEUR;72060810968432730;749;
05.12.2024;08:59:38.609;FOAT SI 20250306 PS;SIMPLE_INSTRUMENT;BLOCK;EUR;3;126.25000000;2988;PRC_DECOMP_EXCHANGE;;;;XEUR;11286683;749;EXCHANGE
05.12.2024;08:59:38.609;FOAT SI 20241206 PS;SIMPLE_INSTRUMENT;BLOCK;EUR;3;126.88000000;2988;PRC_DECOMP_EXCHANGE;;;;XEUR;10804528;749;EXCHANGE
05.12.2024;09:28:09.304;FOAT SI 20250306 PS;SIMPLE_INSTRUMENT;EFP_FIN;EUR;4;126.19000000;501;EXCHANGE_LAST;;1;1;XEUR;11286683;749;
05.12.2024;09:45:31.015;FOAT SI 20250306 PS;SIMPLE_INSTRUMENT;EFP_FIN;EUR;5;126.17000000;774;EXCHANGE_LAST;;1;1;XEUR;11286683;749;
05.12.2024;09:49:48.113;FOAT SI 20250306 PS;SIMPLE_INSTRUMENT;EFP_FIN;EUR;6;126.21000000;211;EXCHANGE_LAST;;1;1;XEUR;11286683;749;
05.12.2024;10:32:34.670;FOAT SI 20250306 PS;SIMPLE_INSTRUMENT;EFP_FIN;EUR;7;126.25000000;306;EXCHANGE_LAST;;1;1;XEUR;11286683;749;
05.12.2024;10:37:31.693;FOAT SI 20250306 PS;SIMPLE_INSTRUMENT;EFP_FIN;EUR;8;126.30000000;520;EXCHANGE_LAST;;1;1;XEUR;11286683;749;
05.12.2024;10:40:00.766;FOAT SI 20250306 PS;SIMPLE_INSTRUMENT;EFP_FIN;EUR;9;126.27000000;490;EXCHANGE_LAST;;1;1;XEUR;11286683;749;
05.12.2024;10:43:29.802;FOAT SI 20250306 PS;SIMPLE_INSTRUMENT;EFP_FIN;EUR;10;126.29000000;196;EXCHANGE_LAST;;1;1;XEUR;11286683;749;
05.12.2024;10:50:00.947;FOAT SI 20250306 PS;SIMPLE_INSTRUMENT;EFP_FIN;EUR;11;126.31000000;258;EXCHANGE_LAST;;1;1;XEUR;11286683;749;
05.12.2024;10:56:08.840;FOAT SI 20250306 PS;SIMPLE_INSTRUMENT;EFP_FIN;EUR;12;126.29000000;100;EXCHANGE_LAST;;1;1;XEUR;11286683;749;
05.12.2024;10:59:00.323;FOAT SI 20250306 PS;SIMPLE_INSTRUMENT;EFP_FIN;EUR;13;126.36000000;458;EXCHANGE_LAST;;1;1;XEUR;11286683;749;
05.12.2024;10:59:37.851;FOAT SI 20250306 PS;SIMPLE_INSTRUMENT;EFP_FIN;EUR;14;126.29000000;81;EXCHANGE_LAST;;1;1;XEUR;11286683;749;
05.12.2024;11:08:13.189;FOAT SI 20241206 PS;SIMPLE_INSTRUMENT;EFS;EUR;15;127.03000000;263;EXCHANGE_LAST;;1;1;XEUR;10804528;749;
05.12.2024;11:14:14.071;FOAT SI 20250306 PS;SIMPLE_INSTRUMENT;EFP_FIN;EUR;16;126.45000000;773;EXCHANGE_LAST;;1;1;XEUR;11286683;749;
05.12.2024;11:22:31.397;FOAT SI 20250306 PS;SIMPLE_INSTRUMENT;EFP_FIN;EUR;17;126.45000000;834;EXCHANGE_LAST;;1;1;XEUR;11286683;749;
05.12.2024;11:29:08.271;FOAT SI 20250306 PS;SIMPLE_INSTRUMENT;EFP_FIN;EUR;18;126.36000000;1042;EXCHANGE_LAST;;1;1;XEUR;11286683;749;
05.12.2024;11:29:42.902;FOAT SI 20250306 PS;SIMPLE_INSTRUMENT;EFP_FIN;EUR;19;126.36000000;128;EXCHANGE_LAST;;1;1;XEUR;11286683;749;
05.12.2024;11:40:45.311;FOAT SI 20250306 PS;SIMPLE_INSTRUMENT;EFP_FIN;EUR;20;126.41000000;625;EXCHANGE_LAST;;1;1;XEUR;11286683;749;
05.12.2024;11:43:16.450;FOAT SI 20250306 PS;SIMPLE_INSTRUMENT;EFP_FIN;EUR;21;126.43000000;326;EXCHANGE_LAST;;1;1;XEUR;11286683;749;
05.12.2024;12:35:20.225;FOAT SI 20250306 PS;SIMPLE_INSTRUMENT;EFP_FIN;EUR;22;126.28000000;201;EXCHANGE_LAST;;1;1;XEUR;11286683;749;
05.12.2024;12:38:42.186;FOAT SI 20250306 PS;SIMPLE_INSTRUMENT;EFP_FIN;EUR;23;126.13000000;834;EXCHANGE_LAST;;1;1;XEUR;11286683;749;
05.12.2024;13:14:40.390;FOAT SI 20241206 PS;SIMPLE_INSTRUMENT;BLOCK;EUR;24;126.82000000;2039;EXCHANGE_LAST;;1;1;XEUR;10804528;749;
05.12.2024;13:15:06.390;FOAT SI 20250306 PS;SIMPLE_INSTRUMENT;BLOCK;EUR;25;126.20000000;1020;EXCHANGE_LAST;;1;1;XEUR;11286683;749;
05.12.2024;13:15:23.491;FOAT SI 20250306 PS;SIMPLE_INSTRUMENT;BLOCK;EUR;26;126.19000000;1019;EXCHANGE_LAST;;1;1;XEUR;11286683;749;
05.12.2024;13:23:33.756;FOAT SI 20250306 PS;SIMPLE_INSTRUMENT;EFP_FIN;EUR;27;126.16000000;81;EXCHANGE_LAST;;1;1;XEUR;11286683;749;
05.12.2024;13:24:12.336;FOAT SI 20250306 PS;SIMPLE_INSTRUMENT;EFP_FIN;EUR;28;126.14000000;834;EXCHANGE_LAST;;1;1;XEUR;11286683;749;
05.12.2024;13:25:13.558;FOAT SI 20250306 PS;SIMPLE_INSTRUMENT;EFP_FIN;EUR;29;126.26000000;542;EXCHANGE_LAST;;1;1;XEUR;11286683;749;
05.12.2024;13:29:26.112;FOAT SI 20250306 PS;SIMPLE_INSTRUMENT;BLOCK;EUR;30;126.16000000;1868;EXCHANGE_LAST;;1;1;XEUR;11286683;749;
05.12.2024;13:44:01.447;FOAT SI 20250306 PS;SIMPLE_INSTRUMENT;EFP_FIN;EUR;31;126.29000000;834;EXCHANGE_LAST;;1;1;XEUR;11286683;749;
05.12.2024;13:47:39.600;FOAT SI 20250306 PS;SIMPLE_INSTRUMENT;EFP_FIN;EUR;32;126.20000000;834;EXCHANGE_LAST;;1;1;XEUR;11286683;749;
05.12.2024;14:08:55.295;FOAT SI 20250306 PS;SIMPLE_INSTRUMENT;EFP_FIN;EUR;33;126.35000000;1251;EXCHANGE_LAST;;1;1;XEUR;11286683;749;
05.12.2024;14:19:29.804;FOAT SI 20250306 PS;SIMPLE_INSTRUMENT;EFP_FIN;EUR;34;126.24000000;251;EXCHANGE_LAST;;1;1;XEUR;11286683;749;
05.12.2024;14:19:28.197;FOAT SI 20250306 PS;SIMPLE_INSTRUMENT;EFS;EUR;35;126.31000000;100;EXCHANGE_LAST;;1;1;XEUR;11286683;749;
05.12.2024;14:23:37.949;FOAT SI 20250306 PS;SIMPLE_INSTRUMENT;EFP_FIN;EUR;36;126.12000000;73;EXCHANGE_LAST;;1;1;XEUR;11286683;749;
05.12.2024;14:25:33.178;FOAT SI 20250306 PS;SIMPLE_INSTRUMENT;EFP_FIN;EUR;37;126.12000000;291;EXCHANGE_LAST;;1;1;XEUR;11286683;749;
05.12.2024;14:48:44.595;FOAT SI 20250306 PS;SIMPLE_INSTRUMENT;BLOCK;EUR;38;126.12000000;703;EXCHANGE_LAST;;1;1;XEUR;11286683;749;
05.12.2024;14:57:14.321;FOAT SI 20250306 PS;SIMPLE_INSTRUMENT;EFP_FIN;EUR;39;126.07000000;709;EXCHANGE_LAST;;1;1;XEUR;11286683;749;
05.12.2024;15:02:01.785;FOAT SI 20250306 PS;SIMPLE_INSTRUMENT;EFS;EUR;40;126.07000000;250;EXCHANGE_LAST;;1;1;XEUR;11286683;749;
05.12.2024;15:06:04.007;FOAT SI 20250306 PS;SIMPLE_INSTRUMENT;EFP_FIN;EUR;41;126.08000000;353;EXCHANGE_LAST;;1;1;XEUR;11286683;749;
05.12.2024;15:25:43.471;FOAT SI 20250306 PS;SIMPLE_INSTRUMENT;BLOCK;EUR;42;126.17000000;2400;EXCHANGE_LAST;;1;1;XEUR;11286683;749;
05.12.2024;15:44:51.556;FOAT SI 20250306 PS;SIMPLE_INSTRUMENT;EFS;EUR;43;126.18000000;250;EXCHANGE_LAST;;1;1;XEUR;11286683;749;
05.12.2024;16:04:17.941;FOAT SI 20250306 PS;SIMPLE_INSTRUMENT;EFS;EUR;44;126.22000000;250;EXCHANGE_LAST;;1;1;XEUR;11286683;749;
05.12.2024;16:32:50.601;FOAT SI 20250306 PS;SIMPLE_INSTRUMENT;EFP_FIN;EUR;45;126.23000000;448;EXCHANGE_LAST;;1;1;XEUR;11286683;749;
05.12.2024;16:50:10.566;FSCE SI 20241220 CS;SIMPLE_INSTRUMENT;BLOCK;EUR;55;318.10000000;336;EXCHANGE_LAST;;1;1;XEUR;10840030;763;
05.12.2024;16:50:14.558;FSCE SI 20241220 CS;SIMPLE_INSTRUMENT;BLOCK;EUR;56;318.00000000;784;EXCHANGE_LAST;;1;1;XEUR;10840030;763;
05.12.2024;16:54:41.310;FSCP SI 20241220 CS;SIMPLE_INSTRUMENT;BLOCK;EUR;57;340.60000000;198;EXCHANGE_LAST;;1;1;XEUR;10840104;764;
05.12.2024;16:54:42.000;FSCP SI 20241220 CS;SIMPLE_INSTRUMENT;BLOCK;EUR;58;340.50000000;197;EXCHANGE_LAST;;1;1;XEUR;10840104;764;
05.12.2024;16:50:48.547;FSCP SI 20241220 CS;SIMPLE_INSTRUMENT;EFP_IDX;EUR;63;340.50000000;112;EXCHANGE_LAST;;1;1;XEUR;10840104;764;
05.12.2024;16:51:10.996;FSCP SI 20241220 CS;SIMPLE_INSTRUMENT;EFP_IDX;EUR;64;340.60000000;78;EXCHANGE_LAST;;1;1;XEUR;10840104;764;
05.12.2024;16:54:03.078;FSEG SI 20241220 CS;SIMPLE_INSTRUMENT;EFP_IDX;EUR;71;193.00000000;55;EXCHANGE_LAST;;1;1;XEUR;10871764;109977;
05.12.2024;16:54:21.849;FSEG SI 20241220 CS;SIMPLE_INSTRUMENT;EFP_IDX;EUR;72;193.10000000;69;EXCHANGE_LAST;;1;1;XEUR;10871764;109977;
05.12.2024;11:43:03.849;FSMD SI 20251219 CS;SIMPLE_INSTRUMENT;BLOCK;CHF;3;383.50000000;125;EXCHANGE_LAST;;1;3;XEUR;5914128;756;
05.12.2024;16:40:54.248;FSMI SI 20241220 CS;SIMPLE_INSTRUMENT;EFP_IDX;CHF;1;11799.00000000;15;EXCHANGE_LAST;;1;1;XEUR;7793735;757;
05.12.2024;16:40:55.356;FSMI SI 20241220 CS;SIMPLE_INSTRUMENT;EFP_IDX;CHF;2;11798.00000000;35;EXCHANGE_LAST;;1;1;XEUR;7793735;757;
05.12.2024;17:01:26.743;FSMX SI 20241220 CS;SIMPLE_INSTRUMENT;EFP_IDX;EUR;67;27183.00000000;280;EXCHANGE_LAST;;1;1;XEUR;10882019;396422;
05.12.2024;17:01:11.525;FSMX SI 20241220 CS;SIMPLE_INSTRUMENT;EFP_IDX;EUR;68;27182.00000000;70;EXCHANGE_LAST;;1;1;XEUR;10882019;396422;
05.12.2024;17:02:16.857;FSMX SI 20241220 CS;SIMPLE_INSTRUMENT;EFP_IDX;EUR;69;27182.00000000;70;EXCHANGE_LAST;;1;1;XEUR;10882019;396422;
05.12.2024;17:01:54.431;FSMX SI 20241220 CS;SIMPLE_INSTRUMENT;EFP_IDX;EUR;70;27183.00000000;280;EXCHANGE_LAST;;1;1;XEUR;10882019;396422;
05.12.2024;17:09:24.570;FSMX SI 20241220 CS;SIMPLE_INSTRUMENT;BLOCK;EUR;77;27176.00000000;720;EXCHANGE_LAST;;1;1;XEUR;10882019;396422;
05.12.2024;17:09:47.785;FSMX SI 20241220 CS;SIMPLE_INSTRUMENT;BLOCK;EUR;78;27174.00000000;1015;EXCHANGE_LAST;;1;1;XEUR;10882019;396422;
05.12.2024;15:25:14.379;FSTA SI 20241220 CS;SIMPLE_INSTRUMENT;BLOCK;EUR;6;542.30000000;435;EXCHANGE_LAST;;1;1;XEUR;10839562;715;
05.12.2024;09:24:22.613;FSTA SI 20241220 CS;SIMPLE_INSTRUMENT;VOLA;EUR;603979784;541.30000000;28;EXCHANGE_LAST;;1;1;XEUR;10839562;715;
05.12.2024;15:37:12.719;FSTB SI 20241220 CS;SIMPLE_INSTRUMENT;BLOCK;EUR;49;211.30000000;868;EXCHANGE_LAST;;1;1;XEUR;10839561;714;
05.12.2024;15:37:16.279;FSTB SI 20241220 CS;SIMPLE_INSTRUMENT;BLOCK;EUR;50;211.10000000;372;EXCHANGE_LAST;;1;1;XEUR;10839561;714;
05.12.2024;15:38:33.262;FSTE SI 20241220 CS;SIMPLE_INSTRUMENT;BLOCK;EUR;7;338.90000000;322;EXCHANGE_LAST;;1;1;XEUR;10839564;719;
05.12.2024;16:15:32.152;FSTE SI 20241220 CS;SIMPLE_INSTRUMENT;BLOCK;EUR;8;338.70000000;327;EXCHANGE_LAST;;1;1;XEUR;10839564;719;
05.12.2024;16:15:58.155;FSTE SI 20241220 CS;SIMPLE_INSTRUMENT;BLOCK;EUR;9;338.60000000;491;EXCHANGE_LAST;;1;1;XEUR;10839564;719;
05.12.2024;16:52:08.774;FSTL SI 20241220 CS;SIMPLE_INSTRUMENT;BLOCK;EUR;65;131.20000000;1209;EXCHANGE_LAST;;1;1;XEUR;10839554;706;
05.12.2024;16:52:13.774;FSTL SI 20241220 CS;SIMPLE_INSTRUMENT;BLOCK;EUR;66;131.30000000;766;EXCHANGE_LAST;;1;1;XEUR;10839554;706;
05.12.2024;16:56:26.078;FSTL SI 20241220 CS;SIMPLE_INSTRUMENT;EFP_IDX;EUR;73;131.10000000;141;EXCHANGE_LAST;;1;1;XEUR;10839554;706;
05.12.2024;16:56:30.803;FSTL SI 20241220 CS;SIMPLE_INSTRUMENT;EFP_IDX;EUR;74;131.40000000;66;EXCHANGE_LAST;;1;1;XEUR;10839554;706;
05.12.2024;11:40:20.767;FSTS SI 20241220 CS;SIMPLE_INSTRUMENT;VOLA;EUR;603979796;550.30000000;10;EXCHANGE_LAST;;1;1;XEUR;10839557;709;
05.12.2024;17:37:08.456;FSTV SI 20241220 CS;SIMPLE_INSTRUMENT;BLOCK;EUR;12;278.30000000;780;EXCHANGE_LAST;;1;1;XEUR;10839571;731;
05.12.2024;17:37:09.751;FSTV SI 20241220 CS;SIMPLE_INSTRUMENT;BLOCK;EUR;13;278.40000000;261;EXCHANGE_LAST;;1;1;XEUR;10839571;731;
05.12.2024;16:57:16.664;FSTX SI 20241220 CS;SIMPLE_INSTRUMENT;EFP_IDX;EUR;59;4408.00000000;5;EXCHANGE_LAST;;1;1;XEUR;10839568;728;
05.12.2024;16:57:21.621;FSTX SI 20241220 CS;SIMPLE_INSTRUMENT;EFP_IDX;EUR;60;4409.00000000;245;EXCHANGE_LAST;;1;1;XEUR;10839568;728;
05.12.2024;16:51:38.360;FSTX SI 20241220 CS;SIMPLE_INSTRUMENT;EFP_IDX;EUR;61;4408.00000000;30;EXCHANGE_LAST;;1;1;XEUR;10839568;728;
05.12.2024;16:51:42.792;FSTX SI 20241220 CS;SIMPLE_INSTRUMENT;EFP_IDX;EUR;62;4409.00000000;1470;EXCHANGE_LAST;;1;1;XEUR;10839568;728;
05.12.2024;15:21:43.895;FSTY SI 20241220 CS;SIMPLE_INSTRUMENT;BLOCK;EUR;4;823.80000000;274;EXCHANGE_LAST;;1;1;XEUR;10839569;729;
05.12.2024;15:22:56.120;FSTY SI 20241220 CS;SIMPLE_INSTRUMENT;BLOCK;EUR;5;823.90000000;426;EXCHANGE_LAST;;1;1;XEUR;10839569;729;
05.12.2024;14:53:20.568;FTE.O.241205.BER.000002;STANDARD_OPTION_STRATEGY;BLOCK;EUR;17;0.28000000;5000;EXCHANGE_LAST;;1;1;XEUR;72060703594262303;724;
05.12.2024;14:53:20.568;FTE SI 20241220 PS AM P 10.00 0;SIMPLE_INSTRUMENT;BLOCK;EUR;17;0.37000000;5000;PRC_DECOMP_EXCHANGE;;;;XEUR;6499597;724;EXCHANGE
05.12.2024;14:53:20.568;FTE SI 20241220 PS AM P 9.60 0;SIMPLE_INSTRUMENT;BLOCK;EUR;17;0.09000000;5000;PRC_DECOMP_EXCHANGE;;;;XEUR;6499595;724;EXCHANGE
05.12.2024;11:40:10.193;FTEG SI 20241220 CS;SIMPLE_INSTRUMENT;BLOCK;EUR;33;9.46650000;40000;EXCHANGE_LAST;;1;1;XEUR;7057046;390378;
05.12.2024;11:43:33.377;FTEG SI 20241220 CS;SIMPLE_INSTRUMENT;BLOCK;EUR;34;9.46650000;20000;EXCHANGE_LAST;;1;1;XEUR;7057046;390378;
05.12.2024;10:51:31.795;FUEM SI 20241220 CS;SIMPLE_INSTRUMENT;BLOCK;USD;19;116.25000000;400;EXCHANGE_LAST;;1;1;XEUR;10921824;772680;
05.12.2024;12:39:16.785;FUEM SI 20241220 CS;SIMPLE_INSTRUMENT;BLOCK;USD;34;116.23000000;200;EXCHANGE_LAST;;1;1;XEUR;10921824;772680;
05.12.2024;19:25:40.753;FXXE.S.DEC24.MAR25.SPD;FUTURES_SPREAD;BLOCK;EUR;79;-2.90000000;612;EXCHANGE_LAST;;1;1;XEUR;72061111616143452;819;
05.12.2024;19:25:40.753;FXXE SI 20241220 CS;SIMPLE_INSTRUMENT;BLOCK;EUR;79;511.50000000;612;PRC_DECOMP_MEMBER;;;;XEUR;10840551;819;MEMBER
05.12.2024;19:25:40.753;FXXE SI 20250321 CS;SIMPLE_INSTRUMENT;BLOCK;EUR;79;514.40000000;612;PRC_DECOMP_MEMBER;;;;XEUR;11360753;819;MEMBER
05.12.2024;19:27:01.235;FXXE.S.DEC24.MAR25.SPD;FUTURES_SPREAD;BLOCK;EUR;80;-3.00000000;612;EXCHANGE_LAST;;1;1;XEUR;72061111616143452;819;
05.12.2024;19:27:01.235;FXXE SI 20250321 CS;SIMPLE_INSTRUMENT;BLOCK;EUR;80;514.40000000;612;PRC_DECOMP_MEMBER;;;;XEUR;11360753;819;MEMBER
