#Date;TrdTime;Contract;ContractType;TrdTyp;Currency;TesId;Prc;Qty;TrdInd;Aggressor;Buy;Sell;Exch;InstrumentId;RelatedProdId;PrcDecomp
04.02.2025;09:30:48.210;A2XA SI 20251219 CS;SIMPLE_INSTRUMENT;BLOCK;EUR;11;2.20000000;100;EXCHANGE_LAST;;1;1;XEUR;3681055;17;
04.02.2025;10:09:20.486;A2XA SI 20251219 CS;SIMPLE_INSTRUMENT;BLOCK;EUR;19;2.28000000;250;EXCHANGE_LAST;;1;1;XEUR;3681055;17;
04.02.2025;10:10:01.745;A2XA SI 20251219 CS;SIMPLE_INSTRUMENT;BLOCK;EUR;22;2.17000000;720;EXCHANGE_LAST;;1;1;XEUR;3681055;17;
04.02.2025;10:10:13.803;A2XA SI 20261218 CS;SIMPLE_INSTRUMENT;BLOCK;EUR;23;2.18000000;720;EXCHANGE_LAST;;1;1;XEUR;4632093;17;
04.02.2025;10:10:27.886;A2XA SI 20271217 CS;SIMPLE_INSTRUMENT;BLOCK;EUR;24;2.09000000;720;EXCHANGE_LAST;;1;1;XEUR;5914267;17;
04.02.2025;11:01:15.720;A2XA SI 20261218 CS;SIMPLE_INSTRUMENT;BLOCK;EUR;33;2.26000000;550;EXCHANGE_LAST;;1;1;XEUR;4632093;17;
04.02.2025;11:21:14.769;A2XA SI 20251219 CS;SIMPLE_INSTRUMENT;BLOCK;EUR;34;2.28000000;3480;EXCHANGE_LAST;;4;3;XEUR;3681055;17;
04.02.2025;13:07:12.961;A2XA SI 20261218 CS;SIMPLE_INSTRUMENT;BLOCK;EUR;60;2.23000000;500;EXCHANGE_LAST;;2;1;XEUR;4632093;17;
04.02.2025;13:13:08.858;A2XA SI 20261218 CS;SIMPLE_INSTRUMENT;BLOCK;EUR;63;2.21000000;500;EXCHANGE_LAST;;1;1;XEUR;4632093;17;
04.02.2025;13:16:25.256;A2XA SI 20251219 CS;SIMPLE_INSTRUMENT;BLOCK;EUR;65;2.28000000;100;EXCHANGE_LAST;;1;1;XEUR;3681055;17;
04.02.2025;16:42:37.688;A2XA SI 20261218 CS;SIMPLE_INSTRUMENT;BLOCK;EUR;107;2.26000000;400;EXCHANGE_LAST;;1;2;XEUR;4632093;17;
04.02.2025;09:59:24.843;ABBN SI 20250221 PS AM C 49.50 0;SIMPLE_INSTRUMENT;BLOCK;CHF;9;0.66000000;1250;EXCHANGE_LAST;;1;1;XEUR;12279677;574517;
04.02.2025;10:50:19.770;ADS SI 20250321 PS AM P 240.00 0;SIMPLE_INSTRUMENT;BLOCK;EUR;3;4.90000000;250;EXCHANGE_LAST;;1;1;XEUR;10828529;50;
04.02.2025;13:44:08.555;ADS SI 20250620 PS AM P 240.00 0;SIMPLE_INSTRUMENT;BLOCK;EUR;6;11.45000000;1000;EXCHANGE_LAST;;1;3;XEUR;7897598;50;
04.02.2025;16:36:25.154;ADS SI 20250221 PS AM C 255.00 0;SIMPLE_INSTRUMENT;BLOCK;EUR;11;4.90000000;400;EXCHANGE_LAST;;1;1;XEUR;12237457;50;
04.02.2025;14:37:16.083;AI3F SI 20250321 CS;SIMPLE_INSTRUMENT;BLOCK;EUR;82;71.88030000;40;EXCHANGE_LAST;;1;1;XEUR;10693006;70;
04.02.2025;10:36:23.661;ALV SI 20261218 PS AM C 260.00 0;SIMPLE_INSTRUMENT;BLOCK;EUR;3;58.10000000;300;EXCHANGE_LAST;;1;1;XEUR;12604552;74;
04.02.2025;10:44:18.075;ALV.N.250204.000003;NON_STANDARD_OPTION_STRATEGY;BLOCK;EUR;5;44.10000000;150;EXCHANGE_LAST;;1;1;XEUR;72057911865569217;74;
04.02.2025;10:44:18.075;ALV SI 20250417 PS AM C 320.00 0;SIMPLE_INSTRUMENT;BLOCK;EUR;5;5.40000000;300;PRC_DECOMP_MEMBER;;;;XEUR;12614184;74;MEMBER
04.02.2025;10:44:18.075;ALV SI 20260619 PS AM C 320.00 0;SIMPLE_INSTRUMENT;BLOCK;EUR;5;18.30000000;450;PRC_DECOMP_MEMBER;;;;XEUR;9537494;74;MEMBER
04.02.2025;09:21:25.305;ASM.O.250204.STG.000001;STANDARD_OPTION_STRATEGY;BLOCK;EUR;2;9.50000000;150;EXCHANGE_LAST;;1;1;XEUR;72058053599446397;107;
04.02.2025;09:21:25.305;ASM SI 20250221 PS AM P 650.00 0;SIMPLE_INSTRUMENT;BLOCK;EUR;2;5.33000000;150;PRC_DECOMP_EXCHANGE;;;;XEUR;12238570;107;EXCHANGE
04.02.2025;09:21:25.305;ASM SI 20250221 PS AM C 770.00 0;SIMPLE_INSTRUMENT;BLOCK;EUR;2;4.17000000;150;PRC_DECOMP_EXCHANGE;;;;XEUR;12338872;107;EXCHANGE
04.02.2025;10:08:57.487;ASM SI 20250321 PS AM P 640.00 0;SIMPLE_INSTRUMENT;BLOCK;EUR;4;12.61000000;200;EXCHANGE_LAST;;1;1;XEUR;10830146;107;
04.02.2025;10:08:59.617;ASM SI 20250620 PS AM P 640.00 0;SIMPLE_INSTRUMENT;BLOCK;EUR;5;33.41000000;200;EXCHANGE_LAST;;1;1;XEUR;7898589;107;
04.02.2025;15:03:57.952;ASM SI 20250321 PS AM C 800.00 0;SIMPLE_INSTRUMENT;BLOCK;EUR;14;9.07000000;150;EXCHANGE_LAST;;1;1;XEUR;10830167;107;
04.02.2025;10:31:37.506;AXA SI 20251219 PS AM P 32.00 0;SIMPLE_INSTRUMENT;BLOCK;EUR;7;1.45000000;1500;EXCHANGE_LAST;;1;1;XEUR;6158498;127;
04.02.2025;14:22:25.898;AXA SI 20261218 PS AM P 32.00 0;SIMPLE_INSTRUMENT;BLOCK;EUR;13;2.84000000;2000;EXCHANGE_LAST;;1;1;XEUR;7153195;127;
04.02.2025;08:04:46.062;AXAE SI 20271217 PS EU P 36.00 0;SIMPLE_INSTRUMENT;BLOCK;EUR;1;5.91000000;10000;EXCHANGE_LAST;;1;1;XEUR;8773749;126;
04.02.2025;08:04:48.503;AXAE SI 20271217 PS EU C 36.00 0;SIMPLE_INSTRUMENT;BLOCK;EUR;2;3.10000000;10000;EXCHANGE_LAST;;1;1;XEUR;8773754;126;
04.02.2025;10:09:30.972;AXAE.O.250204.CNV.000001;STANDARD_OPTION_STRATEGY;BLOCK;EUR;5;-2.81000000;8000;EXCHANGE_LAST;;1;1;XEUR;72058135203809558;126;
04.02.2025;10:09:30.972;AXAE SI 20271217 PS EU P 36.00 0;SIMPLE_INSTRUMENT;BLOCK;EUR;5;6.14000000;8000;PRC_DECOMP_MEMBER;;;;XEUR;8773749;126;MEMBER
04.02.2025;10:09:30.972;AXAE SI 20271217 PS EU C 36.00 0;SIMPLE_INSTRUMENT;BLOCK;EUR;5;3.33000000;8000;PRC_DECOMP_MEMBER;;;;XEUR;8773754;126;MEMBER
04.02.2025;15:59:34.942;B2AS SI 20251219 CS;SIMPLE_INSTRUMENT;BLOCK;EUR;94;2.23500000;200;EXCHANGE_LAST;;1;1;XEUR;3681119;140;
04.02.2025;16:16:47.501;B2AS SI 20261218 CS;SIMPLE_INSTRUMENT;BLOCK;EUR;97;2.23000000;75;EXCHANGE_LAST;;1;1;XEUR;4632165;140;
04.02.2025;16:16:58.183;B2AS SI 20271217 CS;SIMPLE_INSTRUMENT;BLOCK;EUR;98;2.18000000;75;EXCHANGE_LAST;;1;1;XEUR;5914347;140;
04.02.2025;08:37:59.059;B2NP SI 20261218 CS;SIMPLE_INSTRUMENT;BLOCK;EUR;1;4.75000000;500;EXCHANGE_LAST;;1;1;XEUR;6798320;131;
04.02.2025;08:41:54.427;B2NP SI 20261218 CS;SIMPLE_INSTRUMENT;BLOCK;EUR;3;4.70000000;250;EXCHANGE_LAST;;1;1;XEUR;6798320;131;
04.02.2025;08:34:08.856;B2NP SI 20251219 CS;SIMPLE_INSTRUMENT;BLOCK;EUR;4;6.60000000;500;EXCHANGE_LAST;;1;1;XEUR;5914355;131;
04.02.2025;10:17:27.221;B2NP SI 20250620 CS;SIMPLE_INSTRUMENT;BLOCK;EUR;28;4.78000000;100;EXCHANGE_LAST;;1;1;XEUR;10830225;131;
04.02.2025;11:39:45.666;B2NP SI 20271217 CS;SIMPLE_INSTRUMENT;BLOCK;EUR;38;4.35000000;500;EXCHANGE_LAST;;1;1;XEUR;7086925;131;
04.02.2025;12:19:37.830;B2NP SI 20261218 CS;SIMPLE_INSTRUMENT;BLOCK;EUR;51;4.75000000;300;EXCHANGE_LAST;;1;1;XEUR;6798320;131;
04.02.2025;12:30:05.298;B2NP SI 20261218 CS;SIMPLE_INSTRUMENT;BLOCK;EUR;54;4.75000000;100;EXCHANGE_LAST;;1;1;XEUR;6798320;131;
04.02.2025;13:14:33.670;B2NP.S.DEC26.DEC27.SPD;FUTURES_SPREAD;BLOCK;EUR;64;0.40000000;750;EXCHANGE_LAST;;2;2;XEUR;72058156678643764;131;
04.02.2025;13:14:33.670;B2NP SI 20261218 CS;SIMPLE_INSTRUMENT;BLOCK;EUR;64;4.71000000;750;PRC_DECOMP_MEMBER;;;;XEUR;6798320;131;MEMBER
04.02.2025;13:14:33.670;B2NP SI 20271217 CS;SIMPLE_INSTRUMENT;BLOCK;EUR;64;4.31000000;750;PRC_DECOMP_MEMBER;;;;XEUR;7086925;131;MEMBER
04.02.2025;13:23:35.126;B2NP SI 20261218 CS;SIMPLE_INSTRUMENT;BLOCK;EUR;68;4.73000000;1000;EXCHANGE_LAST;;1;1;XEUR;6798320;131;
04.02.2025;13:59:44.080;B2NP SI 20261218 CS;SIMPLE_INSTRUMENT;BLOCK;EUR;74;4.73000000;100;EXCHANGE_LAST;;1;1;XEUR;6798320;131;
04.02.2025;16:33:51.394;B2NP SI 20261218 CS;SIMPLE_INSTRUMENT;BLOCK;EUR;106;4.74000000;100;EXCHANGE_LAST;;1;1;XEUR;6798320;131;
04.02.2025;12:11:01.882;BAEN SI 20250321 PS AM C 57.00 0;SIMPLE_INSTRUMENT;BLOCK;CHF;33;1.57000000;800;EXCHANGE_LAST;;1;1;XEUR;12433306;159;
04.02.2025;12:34:05.328;BAEN SI 20250321 PS AM C 56.00 0;SIMPLE_INSTRUMENT;BLOCK;CHF;37;1.90000000;500;EXCHANGE_LAST;;1;1;XEUR;10830992;159;
04.02.2025;14:52:14.130;BAEN SI 20261218 PS AM P 44.00 0;SIMPLE_INSTRUMENT;BLOCK;CHF;43;3.70000000;500;EXCHANGE_LAST;;1;1;XEUR;7153555;159;
04.02.2025;15:52:49.195;BAEN SI 20250620 PS AM C 60.00 0;SIMPLE_INSTRUMENT;BLOCK;CHF;48;1.53000000;400;EXCHANGE_LAST;;1;1;XEUR;7899037;159;
04.02.2025;14:18:58.976;BAN SI 20251219 PS AM P 44.00 0;SIMPLE_INSTRUMENT;BLOCK;CHF;41;2.31000000;650;EXCHANGE_LAST;;1;1;XEUR;10448730;298535;
04.02.2025;09:36:33.146;BAS SI 20250221 PS AM C 46.50 0;SIMPLE_INSTRUMENT;BLOCK;EUR;3;0.49000000;1000;EXCHANGE_LAST;;1;1;XEUR;12238982;150;
04.02.2025;09:36:46.774;BAS SI 20250221 PS AM C 46.50 0;SIMPLE_INSTRUMENT;BLOCK;EUR;4;0.50000000;1000;EXCHANGE_LAST;;1;1;XEUR;12238982;150;
04.02.2025;12:36:28.056;BAS.O.250204.COMBO.000009;STANDARD_OPTION_STRATEGY;BLOCK;EUR;6;-0.26000000;2000;EXCHANGE_LAST;;1;1;XEUR;72058238283091611;150;
04.02.2025;12:36:28.056;BAS SI 20250221 PS AM P 43.00 0;SIMPLE_INSTRUMENT;BLOCK;EUR;6;0.40000000;2000;PRC_DECOMP_MEMBER;;;;XEUR;12239060;150;MEMBER
04.02.2025;12:36:28.056;BAS SI 20250221 PS AM C 46.00 0;SIMPLE_INSTRUMENT;BLOCK;EUR;6;0.66000000;2000;PRC_DECOMP_MEMBER;;;;XEUR;12238977;150;MEMBER
04.02.2025;14:20:36.805;BASG SI 20250321 CS;SIMPLE_INSTRUMENT;BLOCK;EUR;77;45.02400000;3000;EXCHANGE_LAST;;1;1;XEUR;10694474;171;
04.02.2025;09:13:33.434;BAY SI 20261218 PS AM C 24.00 0;SIMPLE_INSTRUMENT;BLOCK;EUR;1;3.41000000;5000;EXCHANGE_LAST;;1;1;XEUR;8112438;168;
04.02.2025;16:26:07.889;BMW SI 20250321 PS AM P 76.00 0;SIMPLE_INSTRUMENT;BLOCK;EUR;9;2.96000000;600;EXCHANGE_LAST;;1;1;XEUR;10832592;210;
04.02.2025;14:12:44.714;BNP.O.250204.STG.000010;STANDARD_OPTION_STRATEGY;BLOCK;EUR;11;4.17000000;1000;EXCHANGE_LAST;;1;1;XEUR;72058611945199868;237;
04.02.2025;14:12:44.714;BNP SI 20250620 PS AM P 58.00 0;SIMPLE_INSTRUMENT;BLOCK;EUR;11;1.88000000;1000;PRC_DECOMP_EXCHANGE;;;;XEUR;12372390;237;EXCHANGE
04.02.2025;14:12:44.714;BNP SI 20250620 PS AM C 68.00 0;SIMPLE_INSTRUMENT;BLOCK;EUR;11;2.29000000;1000;PRC_DECOMP_EXCHANGE;;;;XEUR;11352721;237;EXCHANGE
04.02.2025;16:54:46.747;BNP SI 20271217 PS AM P 64.00 0;SIMPLE_INSTRUMENT;BLOCK;EUR;24;13.55000000;3500;EXCHANGE_LAST;;2;2;XEUR;8776292;237;
04.02.2025;16:39:33.424;BNPH SI 20250321 CS;SIMPLE_INSTRUMENT;BLOCK;EUR;109;66.90000000;2000;EXCHANGE_LAST;;1;1;XEUR;10695531;236;
04.02.2025;15:47:14.972;BRNT SI 20250620 PS EU P 50.00 0;SIMPLE_INSTRUMENT;BLOCK;USD;1;2.15000000;15188;EXCHANGE_LAST;;1;1;XEUR;7288595;367244;
04.02.2025;15:47:17.673;BRNT SI 20250620 PS EU C 56.00 0;SIMPLE_INSTRUMENT;BLOCK;USD;2;2.05000000;15188;EXCHANGE_LAST;;1;1;XEUR;7474227;367244;
04.02.2025;10:43:41.620;BSI SI 20261218 PS AM C 160.00 0;SIMPLE_INSTRUMENT;BLOCK;EUR;8;18.15000000;250;EXCHANGE_LAST;;1;1;XEUR;12475900;76317;
04.02.2025;11:56:40.497;CFR SI 20250620 PS AM C 180.00 0;SIMPLE_INSTRUMENT;BLOCK;CHF;30;10.65000000;500;EXCHANGE_LAST;;1;1;XEUR;9996502;313;
04.02.2025;12:46:09.256;CFR SI 20250620 PS AM C 180.00 0;SIMPLE_INSTRUMENT;BLOCK;CHF;39;10.65000000;300;EXCHANGE_LAST;;1;1;XEUR;9996502;313;
04.02.2025;09:44:26.404;DAI.O.250204.COMBO.000004;STANDARD_OPTION_STRATEGY;BLOCK;EUR;1;-0.34000000;2000;EXCHANGE_LAST;;1;1;XEUR;73961106363663896;443196;
04.02.2025;09:44:26.404;DAI SI 20250321 PS AM P 52.00 0;SIMPLE_INSTRUMENT;BLOCK;EUR;1;0.90000000;2000;PRC_DECOMP_EXCHANGE;;;;XEUR;10884530;443196;EXCHANGE
04.02.2025;09:44:26.404;DAI SI 20250321 PS AM C 60.00 0;SIMPLE_INSTRUMENT;BLOCK;EUR;1;1.24000000;2000;PRC_DECOMP_EXCHANGE;;;;XEUR;10884520;443196;EXCHANGE
04.02.2025;16:00:03.117;DAI SI 20250221 PS AM C 58.00 0;SIMPLE_INSTRUMENT;BLOCK;EUR;6;1.19000000;1000;EXCHANGE_LAST;;1;1;XEUR;12277882;443196;
04.02.2025;16:25:20.051;DB1 SI 20251219 PS AM P 220.00 0;SIMPLE_INSTRUMENT;BLOCK;EUR;11;8.10000000;250;EXCHANGE_LAST;;1;1;XEUR;12437945;361;
04.02.2025;12:34:53.981;DBK.N.250204.000012;NON_STANDARD_OPTION_STRATEGY;BLOCK;EUR;4;2.81000000;2500;EXCHANGE_LAST;;1;1;XEUR;72059148816160534;362;
04.02.2025;12:34:53.981;DBK SI 20251219 PS AM P 12.00 0;SIMPLE_INSTRUMENT;BLOCK;EUR;4;0.31000000;2500;PRC_DECOMP_EXCHANGE;;;;XEUR;5926088;362;EXCHANGE
04.02.2025;12:34:53.981;DBK SI 20251219 PS AM P 17.00 0;SIMPLE_INSTRUMENT;BLOCK;EUR;4;1.56000000;5000;PRC_DECOMP_EXCHANGE;;;;XEUR;12352685;362;EXCHANGE
04.02.2025;09:42:39.166;DPW SI 20250620 PS AM P 30.00 0;SIMPLE_INSTRUMENT;BLOCK;EUR;4;0.96000000;2000;EXCHANGE_LAST;;1;1;XEUR;11357258;445;
04.02.2025;12:13:25.216;DPW.O.250204.BR23.000004;STANDARD_OPTION_STRATEGY;BLOCK;EUR;6;-3.18000000;1750;EXCHANGE_LAST;;3;2;XEUR;72059505298415608;445;
04.02.2025;12:13:25.216;DPW SI 20251219 PS AM P 34.00 0;SIMPLE_INSTRUMENT;BLOCK;EUR;6;3.21000000;3500;PRC_DECOMP_EXCHANGE;;;;XEUR;12418065;445;EXCHANGE
04.02.2025;12:13:25.216;DPW SI 20251219 PS AM P 28.00 0;SIMPLE_INSTRUMENT;BLOCK;EUR;6;1.08000000;5250;PRC_DECOMP_EXCHANGE;;;;XEUR;5926784;445;EXCHANGE
04.02.2025;15:24:35.334;DTE.O.250204.COMBO.000021;STANDARD_OPTION_STRATEGY;BLOCK;EUR;9;-1.02000000;2000;EXCHANGE_LAST;;1;1;XEUR;72059415104107516;424;
04.02.2025;15:24:35.334;DTE SI 20251219 PS AM C 34.00 0;SIMPLE_INSTRUMENT;BLOCK;EUR;9;1.46000000;2000;PRC_DECOMP_EXCHANGE;;;;XEUR;12409336;424;EXCHANGE
04.02.2025;15:24:35.334;DTE SI 20251219 PS AM P 25.00 0;SIMPLE_INSTRUMENT;BLOCK;EUR;9;0.44000000;2000;PRC_DECOMP_EXCHANGE;;;;XEUR;11262847;424;EXCHANGE
04.02.2025;12:20:29.633;DUFN SI 20260619 PS AM C 48.00 0;SIMPLE_INSTRUMENT;BLOCK;CHF;35;2.35000000;1000;EXCHANGE_LAST;;1;1;XEUR;11356361;418;
04.02.2025;11:52:13.115;E2NT SI 20251219 CS;SIMPLE_INSTRUMENT;BLOCK;EUR;43;0.99900000;250;EXCHANGE_LAST;;1;1;XEUR;3681294;470;
04.02.2025;11:52:44.073;E2NT SI 20251219 CS;SIMPLE_INSTRUMENT;BLOCK;EUR;44;0.99700000;750;EXCHANGE_LAST;;1;1;XEUR;3681294;470;
04.02.2025;11:55:46.446;E2NT SI 20261218 CS;SIMPLE_INSTRUMENT;BLOCK;EUR;46;0.98500000;1000;EXCHANGE_LAST;;1;1;XEUR;4632357;470;
04.02.2025;13:42:55.157;E2NT SI 20251219 CS;SIMPLE_INSTRUMENT;BLOCK;EUR;71;1.01000000;500;EXCHANGE_LAST;;1;2;XEUR;3681294;470;
04.02.2025;14:28:04.236;E2NT SI 20271217 CS;SIMPLE_INSTRUMENT;BLOCK;EUR;80;0.91000000;500;EXCHANGE_LAST;;1;1;XEUR;5914575;470;
04.02.2025;13:22:06.337;E3OA SI 20251219 CS;SIMPLE_INSTRUMENT;BLOCK;EUR;66;0.55000000;1900;EXCHANGE_LAST;;1;1;XEUR;5914584;49063;
04.02.2025;13:36:51.124;ENL5 SI 20250220 PS AM C 7.00 0;SIMPLE_INSTRUMENT;BLOCK;EUR;12;0.05100000;550;EXCHANGE_LAST;;1;1;XEUR;12232151;500;
04.02.2025;11:05:14.608;ENT5 SI 20250320 PS AM C 14.00 0;SIMPLE_INSTRUMENT;BLOCK;EUR;9;0.19000000;500;EXCHANGE_LAST;;1;1;XEUR;10822837;497;
04.02.2025;14:04:42.622;ENT5.O.250204.STG.000001;STANDARD_OPTION_STRATEGY;BLOCK;EUR;13;0.56500000;500;EXCHANGE_LAST;;1;1;XEUR;72059728636684218;497;
04.02.2025;14:04:42.622;ENT5 SI 20250320 PS AM C 13.80 0;SIMPLE_INSTRUMENT;BLOCK;EUR;13;0.27000000;500;PRC_DECOMP_MEMBER;;;;XEUR;12421359;497;MEMBER
04.02.2025;14:04:42.622;ENT5 SI 20250320 PS AM P 13.40 0;SIMPLE_INSTRUMENT;BLOCK;EUR;13;0.29500000;500;PRC_DECOMP_MEMBER;;;;XEUR;12421356;497;MEMBER
04.02.2025;12:03:01.444;F3TE SI 20271217 CS;SIMPLE_INSTRUMENT;BLOCK;EUR;47;0.68200000;750;EXCHANGE_LAST;;1;2;XEUR;6633916;390379;
04.02.2025;12:02:49.135;F3TE SI 20271217 CS;SIMPLE_INSTRUMENT;BLOCK;EUR;48;0.68300000;750;EXCHANGE_LAST;;1;2;XEUR;6633916;390379;
04.02.2025;08:15:43.245;FBTP SI 20250306 PS;SIMPLE_INSTRUMENT;EFP_FIN;EUR;1;120.10000000;464;EXCHANGE_LAST;;1;1;XEUR;11286675;636;
04.02.2025;09:01:44.796;FBTP SI 20250306 PS;SIMPLE_INSTRUMENT;EFP_FIN;EUR;2;120.06000000;580;EXCHANGE_LAST;;1;1;XEUR;11286675;636;
04.02.2025;09:09:30.449;FBTP SI 20250306 PS;SIMPLE_INSTRUMENT;EFP_FIN;EUR;3;120.02000000;580;EXCHANGE_LAST;;1;1;XEUR;11286675;636;
04.02.2025;09:15:30.144;FBTP SI 20250306 PS;SIMPLE_INSTRUMENT;EFP_FIN;EUR;4;120.00000000;856;EXCHANGE_LAST;;1;1;XEUR;11286675;636;
04.02.2025;10:12:30.467;FBTP SI 20250306 PS;SIMPLE_INSTRUMENT;EFP_FIN;EUR;5;119.97000000;1282;EXCHANGE_LAST;;1;1;XEUR;11286675;636;
04.02.2025;10:23:17.823;FBTP SI 20250306 PS;SIMPLE_INSTRUMENT;EFP_FIN;EUR;6;120.00000000;427;EXCHANGE_LAST;;1;1;XEUR;11286675;636;
04.02.2025;10:23:55.827;FBTP SI 20250306 PS;SIMPLE_INSTRUMENT;EFP_FIN;EUR;7;119.96000000;92;EXCHANGE_LAST;;1;1;XEUR;11286675;636;
04.02.2025;11:00:29.568;FBTP SI 20250306 PS;SIMPLE_INSTRUMENT;EFP_FIN;EUR;8;119.98000000;448;EXCHANGE_LAST;;1;1;XEUR;11286675;636;
04.02.2025;11:20:31.945;FBTP SI 20250306 PS;SIMPLE_INSTRUMENT;EFP_FIN;EUR;9;120.07000000;303;EXCHANGE_LAST;;1;1;XEUR;11286675;636;
04.02.2025;11:45:09.317;FBTP SI 20250306 PS;SIMPLE_INSTRUMENT;EFP_FIN;EUR;10;120.02000000;138;EXCHANGE_LAST;;1;1;XEUR;11286675;636;
04.02.2025;11:54:02.060;FBTP SI 20250306 PS;SIMPLE_INSTRUMENT;EFP_FIN;EUR;11;120.10000000;3435;EXCHANGE_LAST;;1;1;XEUR;11286675;636;
04.02.2025;12:04:49.971;FBTP SI 20250306 PS;SIMPLE_INSTRUMENT;BLOCK;EUR;12;120.06000000;869;EXCHANGE_LAST;;1;1;XEUR;11286675;636;
04.02.2025;12:04:58.148;FBTP SI 20250306 PS;SIMPLE_INSTRUMENT;EFP_FIN;EUR;13;120.04000000;346;EXCHANGE_LAST;;1;1;XEUR;11286675;636;
04.02.2025;12:08:09.305;FBTP SI 20250306 PS;SIMPLE_INSTRUMENT;EFP_FIN;EUR;14;120.06000000;3133;EXCHANGE_LAST;;1;1;XEUR;11286675;636;
04.02.2025;12:10:56.760;FBTP SI 20250306 PS;SIMPLE_INSTRUMENT;BLOCK;EUR;15;120.08000000;581;EXCHANGE_LAST;;1;1;XEUR;11286675;636;
04.02.2025;12:12:48.746;FBTP SI 20250306 PS;SIMPLE_INSTRUMENT;EFP_FIN;EUR;16;120.07000000;1925;EXCHANGE_LAST;;1;1;XEUR;11286675;636;
04.02.2025;12:14:29.242;FBTP SI 20250306 PS;SIMPLE_INSTRUMENT;EFP_FIN;EUR;17;120.06000000;5372;EXCHANGE_LAST;;1;1;XEUR;11286675;636;
04.02.2025;12:14:57.675;FBTP SI 20250306 PS;SIMPLE_INSTRUMENT;EFP_FIN;EUR;18;120.06000000;59;EXCHANGE_LAST;;1;1;XEUR;11286675;636;
04.02.2025;12:43:26.946;FBTP SI 20250306 PS;SIMPLE_INSTRUMENT;BLOCK;EUR;19;120.08000000;1021;EXCHANGE_LAST;;1;1;XEUR;11286675;636;
04.02.2025;12:54:40.319;FBTP SI 20250306 PS;SIMPLE_INSTRUMENT;EFP_FIN;EUR;20;120.06000000;895;EXCHANGE_LAST;;1;1;XEUR;11286675;636;
04.02.2025;13:06:47.408;FBTP SI 20250306 PS;SIMPLE_INSTRUMENT;EFP_FIN;EUR;21;120.05000000;870;EXCHANGE_LAST;;1;1;XEUR;11286675;636;
04.02.2025;13:30:28.765;FBTP SI 20250306 PS;SIMPLE_INSTRUMENT;EFP_FIN;EUR;22;120.00000000;272;EXCHANGE_LAST;;1;1;XEUR;11286675;636;
04.02.2025;13:44:43.411;FBTP SI 20250306 PS;SIMPLE_INSTRUMENT;EFP_FIN;EUR;23;119.94000000;2588;EXCHANGE_LAST;;1;1;XEUR;11286675;636;
04.02.2025;13:59:52.497;FBTP SI 20250306 PS;SIMPLE_INSTRUMENT;EFP_FIN;EUR;25;119.95000000;931;EXCHANGE_LAST;;1;1;XEUR;11286675;636;
04.02.2025;14:00:55.201;FBTP SI 20250306 PS;SIMPLE_INSTRUMENT;BLOCK;EUR;26;119.90000000;895;EXCHANGE_LAST;;1;1;XEUR;11286675;636;
04.02.2025;14:01:20.338;FBTP SI 20250306 PS;SIMPLE_INSTRUMENT;EFP_FIN;EUR;27;119.92000000;895;EXCHANGE_LAST;;1;1;XEUR;11286675;636;
04.02.2025;14:04:59.964;FBTP SI 20250306 PS;SIMPLE_INSTRUMENT;EFP_FIN;EUR;29;119.93000000;986;EXCHANGE_LAST;;1;1;XEUR;11286675;636;
04.02.2025;14:08:29.723;FBTP SI 20250306 PS;SIMPLE_INSTRUMENT;EFP_FIN;EUR;30;119.95000000;291;EXCHANGE_LAST;;1;1;XEUR;11286675;636;
04.02.2025;14:10:57.844;FBTP SI 20250306 PS;SIMPLE_INSTRUMENT;BLOCK;EUR;31;119.97000000;580;EXCHANGE_LAST;;1;1;XEUR;11286675;636;
04.02.2025;14:17:20.302;FBTP SI 20250306 PS;SIMPLE_INSTRUMENT;EFP_FIN;EUR;32;119.98000000;341;EXCHANGE_LAST;;1;1;XEUR;11286675;636;
04.02.2025;14:27:00.610;FBTP SI 20250306 PS;SIMPLE_INSTRUMENT;EFP_FIN;EUR;33;120.08000000;224;EXCHANGE_LAST;;1;1;XEUR;11286675;636;
04.02.2025;15:54:04.389;FBTP SI 20250306 PS;SIMPLE_INSTRUMENT;EFP_FIN;EUR;34;120.12000000;346;EXCHANGE_LAST;;1;1;XEUR;11286675;636;
04.02.2025;16:57:18.459;FBTP SI 20250306 PS;SIMPLE_INSTRUMENT;EFP_FIN;EUR;35;120.31000000;2319;EXCHANGE_LAST;;1;1;XEUR;11286675;636;
04.02.2025;08:42:30.370;FBTS SI 20250306 PS;SIMPLE_INSTRUMENT;EFP_FIN;EUR;2;107.51000000;908;EXCHANGE_LAST;;1;1;XEUR;11286677;639;
04.02.2025;09:55:28.966;FBTS SI 20250306 PS;SIMPLE_INSTRUMENT;EFP_FIN;EUR;4;107.46000000;1391;EXCHANGE_LAST;;1;1;XEUR;11286677;639;
04.02.2025;10:06:38.644;FBTS SI 20250306 PS;SIMPLE_INSTRUMENT;EFP_FIN;EUR;6;107.48000000;149;EXCHANGE_LAST;;1;1;XEUR;11286677;639;
04.02.2025;10:06:57.273;FBTS SI 20250306 PS;SIMPLE_INSTRUMENT;EFP_FIN;EUR;7;107.47000000;441;EXCHANGE_LAST;;1;1;XEUR;11286677;639;
04.02.2025;10:08:11.974;FBTS SI 20250306 PS;SIMPLE_INSTRUMENT;EFP_FIN;EUR;8;107.48000000;179;EXCHANGE_LAST;;1;1;XEUR;11286677;639;
04.02.2025;10:31:35.047;FBTS SI 20250306 PS;SIMPLE_INSTRUMENT;EFP_FIN;EUR;10;107.47000000;104;EXCHANGE_LAST;;1;1;XEUR;11286677;639;
04.02.2025;11:06:18.828;FBTS SI 20250306 PS;SIMPLE_INSTRUMENT;EFP_FIN;EUR;15;107.50000000;908;EXCHANGE_LAST;;1;1;XEUR;11286677;639;
04.02.2025;11:43:37.415;FBTS SI 20250306 PS;SIMPLE_INSTRUMENT;EFP_FIN;EUR;18;107.51000000;1135;EXCHANGE_LAST;;1;1;XEUR;11286677;639;
04.02.2025;11:46:13.708;FBTS SI 20250306 PS;SIMPLE_INSTRUMENT;EFP_FIN;EUR;19;107.49000000;917;EXCHANGE_LAST;;1;1;XEUR;11286677;639;
04.02.2025;12:02:35.087;FBTS SI 20250306 PS;SIMPLE_INSTRUMENT;EFP_FIN;EUR;20;107.50000000;1058;EXCHANGE_LAST;;1;1;XEUR;11286677;639;
04.02.2025;12:05:51.961;FBTS SI 20250306 PS;SIMPLE_INSTRUMENT;EFP_FIN;EUR;21;107.51000000;908;EXCHANGE_LAST;;1;1;XEUR;11286677;639;
04.02.2025;12:08:33.935;FBTS SI 20250306 PS;SIMPLE_INSTRUMENT;EFP_FIN;EUR;22;107.50000000;2225;EXCHANGE_LAST;;1;1;XEUR;11286677;639;
04.02.2025;14:09:06.834;FBTS SI 20250306 PS;SIMPLE_INSTRUMENT;BLOCK;EUR;28;107.47000000;1534;EXCHANGE_LAST;;1;1;XEUR;11286677;639;
04.02.2025;14:39:50.761;FBTS SI 20250306 PS;SIMPLE_INSTRUMENT;EFP_FIN;EUR;32;107.50000000;908;EXCHANGE_LAST;;1;1;XEUR;11286677;639;
04.02.2025;14:54:51.945;FBTS SI 20250306 PS;SIMPLE_INSTRUMENT;BLOCK;EUR;34;107.51000000;227;EXCHANGE_LAST;;1;1;XEUR;11286677;639;
04.02.2025;14:55:44.190;FBTS SI 20250306 PS;SIMPLE_INSTRUMENT;EFP_FIN;EUR;35;107.51000000;238;EXCHANGE_LAST;;1;1;XEUR;11286677;639;
04.02.2025;16:23:48.077;FBTS SI 20250306 PS;SIMPLE_INSTRUMENT;EFP_FIN;EUR;44;107.52000000;363;EXCHANGE_LAST;;1;1;XEUR;11286677;639;
04.02.2025;16:24:32.362;FBTS SI 20250306 PS;SIMPLE_INSTRUMENT;EFP_FIN;EUR;45;107.49000000;1085;EXCHANGE_LAST;;1;1;XEUR;11286677;639;
04.02.2025;16:44:44.532;FBTS SI 20250306 PS;SIMPLE_INSTRUMENT;EFP_FIN;EUR;46;107.53000000;1816;EXCHANGE_LAST;;1;1;XEUR;11286677;639;
04.02.2025;16:45:08.097;FBTS SI 20250306 PS;SIMPLE_INSTRUMENT;BLOCK;EUR;47;107.53000000;1816;EXCHANGE_LAST;;1;1;XEUR;11286677;639;
04.02.2025;13:17:16.341;FCBU SI 20250304 CS;SIMPLE_INSTRUMENT;BLOCK;USD;4;0.17090000;275;EXCHANGE_LAST;;1;1;XEUR;10795698;570870;
04.02.2025;15:36:37.476;FCEU SI 20251215 PS;SIMPLE_INSTRUMENT;BLOCK;USD;5;1.05342000;1300;EXCHANGE_LAST;;1;1;XEUR;8839526;369376;
04.02.2025;17:04:09.088;FCEU SI 20250317 PS;SIMPLE_INSTRUMENT;BLOCK;USD;6;1.03985000;200;EXCHANGE_LAST;;1;1;XEUR;9136240;369376;
04.02.2025;10:48:34.190;FCEY SI 20250317 PS;SIMPLE_INSTRUMENT;BLOCK;JPY;3;160.00000000;269;EXCHANGE_LAST;;1;1;XEUR;9136148;369363;
04.02.2025;08:50:06.848;FCMU SI 20250317 CS;SIMPLE_INSTRUMENT;BLOCK;USD;2;0.04862000;100;EXCHANGE_LAST;;1;1;XEUR;11329545;570874;
04.02.2025;08:37:22.869;FCZU SI 20250317 CS;SIMPLE_INSTRUMENT;BLOCK;USD;1;0.05317000;75;EXCHANGE_LAST;;1;1;XEUR;11329546;570872;
04.02.2025;09:21:35.121;FD3D SI 20251219 CS;SIMPLE_INSTRUMENT;BLOCK;EUR;7;109.00000000;350;EXCHANGE_LAST;;1;1;XEUR;5914068;588;
04.02.2025;15:07:12.756;FD3D SI 20251219 CS;SIMPLE_INSTRUMENT;BLOCK;EUR;64;108.50000000;450;EXCHANGE_LAST;;1;1;XEUR;5914068;588;
04.02.2025;16:00:27.594;FD3D SI 20251219 CS;SIMPLE_INSTRUMENT;BLOCK;EUR;73;108.70000000;100;EXCHANGE_LAST;;2;1;XEUR;5914068;588;
04.02.2025;15:59:54.483;FD3D SI 20251219 CS;SIMPLE_INSTRUMENT;BLOCK;EUR;74;108.80000000;100;EXCHANGE_LAST;;2;1;XEUR;5914068;588;
04.02.2025;16:40:25.577;FD3D SI 20251219 CS;SIMPLE_INSTRUMENT;BLOCK;EUR;83;109.00000000;150;EXCHANGE_LAST;;1;1;XEUR;5914068;588;
04.02.2025;16:26:19.454;FDAX SI 20250321 CS;SIMPLE_INSTRUMENT;EFP_IDX;EUR;1;21590.00000000;100;EXCHANGE_LAST;;1;1;XEUR;7561255;589;
04.02.2025;16:52:08.583;FDAX SI 20250321 CS;SIMPLE_INSTRUMENT;EFP_IDX;EUR;2;21602.00000000;8;EXCHANGE_LAST;;1;1;XEUR;7561255;589;
04.02.2025;16:52:16.363;FDAX SI 20250321 CS;SIMPLE_INSTRUMENT;EFP_IDX;EUR;3;21603.00000000;17;EXCHANGE_LAST;;1;1;XEUR;7561255;589;
04.02.2025;10:01:51.167;FDAX SI 20250321 CS;SIMPLE_INSTRUMENT;VOLA;EUR;671088646;21495.00000000;28;EXCHANGE_LAST;;1;1;XEUR;7561255;589;
04.02.2025;08:20:24.075;FEBD SI 20261218 CS;SIMPLE_INSTRUMENT;BLOCK;EUR;1;10.05000000;1000;EXCHANGE_LAST;;1;1;XEUR;7158212;597;
04.02.2025;08:49:30.854;FEBD SI 20261218 CS;SIMPLE_INSTRUMENT;BLOCK;EUR;3;10.07000000;300;EXCHANGE_LAST;;1;1;XEUR;7158212;597;
04.02.2025;09:16:27.349;FEBD SI 20251219 CS;SIMPLE_INSTRUMENT;BLOCK;EUR;5;10.83000000;750;EXCHANGE_LAST;;1;1;XEUR;5914075;597;
04.02.2025;09:28:57.290;FEBD SI 20261218 CS;SIMPLE_INSTRUMENT;BLOCK;EUR;6;10.09000000;300;EXCHANGE_LAST;;1;1;XEUR;7158212;597;
04.02.2025;09:22:35.914;FEBD SI 20251219 CS;SIMPLE_INSTRUMENT;BLOCK;EUR;8;10.85000000;600;EXCHANGE_LAST;;1;1;XEUR;5914075;597;
04.02.2025;09:22:38.326;FEBD SI 20261218 CS;SIMPLE_INSTRUMENT;BLOCK;EUR;9;10.15000000;600;EXCHANGE_LAST;;1;1;XEUR;7158212;597;
04.02.2025;09:30:02.744;FEBD SI 20251219 CS;SIMPLE_INSTRUMENT;BLOCK;EUR;10;10.84000000;500;EXCHANGE_LAST;;1;1;XEUR;5914075;597;
04.02.2025;09:32:40.989;FEBD SI 20251219 CS;SIMPLE_INSTRUMENT;BLOCK;EUR;13;10.81000000;750;EXCHANGE_LAST;;1;1;XEUR;5914075;597;
04.02.2025;10:32:58.096;FEBD SI 20251219 CS;SIMPLE_INSTRUMENT;BLOCK;EUR;25;10.82000000;250;EXCHANGE_LAST;;1;1;XEUR;5914075;597;
04.02.2025;10:37:03.614;FEBD SI 20251219 CS;SIMPLE_INSTRUMENT;BLOCK;EUR;28;10.82000000;500;EXCHANGE_LAST;;1;1;XEUR;5914075;597;
04.02.2025;10:55:39.943;FEBD SI 20251219 CS;SIMPLE_INSTRUMENT;BLOCK;EUR;29;10.81000000;750;EXCHANGE_LAST;;1;3;XEUR;5914075;597;
04.02.2025;12:34:42.743;FEBD SI 20251219 CS;SIMPLE_INSTRUMENT;BLOCK;EUR;57;10.81000000;250;EXCHANGE_LAST;;1;1;XEUR;5914075;597;
04.02.2025;14:14:12.222;FEBD.S.DEC25.DEC26.SPD;FUTURES_SPREAD;BLOCK;EUR;62;0.67000000;500;EXCHANGE_LAST;;1;1;XEUR;72060158133406997;597;
04.02.2025;14:14:12.222;FEBD SI 20251219 CS;SIMPLE_INSTRUMENT;BLOCK;EUR;62;10.82000000;500;PRC_DECOMP_MEMBER;;;;XEUR;5914075;597;MEMBER
04.02.2025;14:14:12.222;FEBD SI 20261218 CS;SIMPLE_INSTRUMENT;BLOCK;EUR;62;10.15000000;500;PRC_DECOMP_MEMBER;;;;XEUR;7158212;597;MEMBER
04.02.2025;16:05:02.978;FEBD SI 20251219 CS;SIMPLE_INSTRUMENT;BLOCK;EUR;79;10.82000000;500;EXCHANGE_LAST;;1;1;XEUR;5914075;597;
04.02.2025;16:42:12.570;FEBD SI 20251219 CS;SIMPLE_INSTRUMENT;BLOCK;EUR;84;10.82000000;200;EXCHANGE_LAST;;1;1;XEUR;5914075;597;
04.02.2025;16:46:18.029;FEBD SI 20251219 CS;SIMPLE_INSTRUMENT;BLOCK;EUR;87;10.82000000;150;EXCHANGE_LAST;;1;1;XEUR;5914075;597;
04.02.2025;16:54:49.270;FEBD SI 20251219 CS;SIMPLE_INSTRUMENT;BLOCK;EUR;90;10.81000000;250;EXCHANGE_LAST;;1;1;XEUR;5914075;597;
04.02.2025;17:11:37.870;FEBD SI 20251219 CS;SIMPLE_INSTRUMENT;BLOCK;EUR;97;10.82000000;100;EXCHANGE_LAST;;1;1;XEUR;5914075;597;
04.02.2025;09:45:01.414;FECX SI 20250321 CS;SIMPLE_INSTRUMENT;BLOCK;EUR;15;166.57000000;61;EXCHANGE_LAST;;1;1;XEUR;11427948;410158;
04.02.2025;12:26:40.602;FESB SI 20250321 CS;SIMPLE_INSTRUMENT;BLOCK;EUR;32;159.10000000;1740;EXCHANGE_LAST;;1;1;XEUR;11359072;605;
04.02.2025;15:30:41.865;FESB SI 20250321 CS;SIMPLE_INSTRUMENT;BLOCK;EUR;35;160.00000000;10000;EXCHANGE_LAST;;1;1;XEUR;11359072;605;
04.02.2025;16:29:55.958;FESB SI 20250321 CS;SIMPLE_INSTRUMENT;BLOCK;EUR;38;161.30000000;2280;EXCHANGE_LAST;;1;1;XEUR;11359072;605;
04.02.2025;16:45:27.276;FESB SI 20250321 CS;SIMPLE_INSTRUMENT;EFP_IDX;EUR;41;161.60000000;1400;EXCHANGE_LAST;;1;1;XEUR;11359072;605;
04.02.2025;16:45:47.314;FESB SI 20250321 CS;SIMPLE_INSTRUMENT;EFP_IDX;EUR;42;161.65000000;2100;EXCHANGE_LAST;;1;1;XEUR;11359072;605;
04.02.2025;11:15:02.194;FESB SI 20250321 CS;SIMPLE_INSTRUMENT;VOLA;EUR;603979798;159.25000000;600;EXCHANGE_LAST;;1;1;XEUR;11359072;605;
04.02.2025;10:21:35.262;FESH SI 20250321 CS;SIMPLE_INSTRUMENT;VOLA;EUR;603979792;896.80000000;13;EXCHANGE_LAST;;1;1;XEUR;11359715;686;
04.02.2025;10:04:58.084;FESS SI 20250321 CS;SIMPLE_INSTRUMENT;VOLA;EUR;603979781;185.40000000;88;EXCHANGE_LAST;;1;1;XEUR;11359603;679;
04.02.2025;10:27:48.455;FEST SI 20250321 CS;SIMPLE_INSTRUMENT;VOLA;EUR;603979795;351.40000000;8;EXCHANGE_LAST;;1;1;XEUR;11359586;678;
04.02.2025;10:27:58.569;FEST SI 20250321 CS;SIMPLE_INSTRUMENT;VOLA;EUR;603979796;351.40000000;7;EXCHANGE_LAST;;1;1;XEUR;11359586;678;
04.02.2025;09:43:26.202;FESX SI 20250321 CS;SIMPLE_INSTRUMENT;BLOCK;EUR;1;5220.00000000;3000;EXCHANGE_LAST;;1;1;XEUR;7793482;675;
04.02.2025;10:01:50.080;FESX SI 20250321 CS;SIMPLE_INSTRUMENT;BLOCK;EUR;2;5230.00000000;3000;EXCHANGE_LAST;;1;1;XEUR;7793482;675;
04.02.2025;10:36:55.222;FESX SI 20250321 CS;SIMPLE_INSTRUMENT;BLOCK;EUR;3;5225.00000000;2000;EXCHANGE_LAST;;1;1;XEUR;7793482;675;
04.02.2025;16:44:13.665;FESX SI 20250321 CS;SIMPLE_INSTRUMENT;EFP_IDX;EUR;4;5275.00000000;198;EXCHANGE_LAST;;1;1;XEUR;7793482;675;
04.02.2025;16:44:37.555;FESX SI 20250321 CS;SIMPLE_INSTRUMENT;EFP_IDX;EUR;5;5276.00000000;102;EXCHANGE_LAST;;1;1;XEUR;7793482;675;
04.02.2025;16:51:15.374;FESX SI 20250321 CS;SIMPLE_INSTRUMENT;EFP_IDX;EUR;6;5275.00000000;359;EXCHANGE_LAST;;1;1;XEUR;7793482;675;
04.02.2025;16:51:28.998;FESX SI 20250321 CS;SIMPLE_INSTRUMENT;EFP_IDX;EUR;7;5276.00000000;185;EXCHANGE_LAST;;1;1;XEUR;7793482;675;
04.02.2025;16:53:19.867;FESX SI 20250321 CS;SIMPLE_INSTRUMENT;EFP_IDX;EUR;8;5275.00000000;267;EXCHANGE_LAST;;1;1;XEUR;7793482;675;
04.02.2025;16:52:58.204;FESX SI 20250321 CS;SIMPLE_INSTRUMENT;EFP_IDX;EUR;9;5276.00000000;233;EXCHANGE_LAST;;1;1;XEUR;7793482;675;
04.02.2025;16:53:02.660;FESX SI 20250321 CS;SIMPLE_INSTRUMENT;EFP_IDX;EUR;10;5275.00000000;660;EXCHANGE_LAST;;1;1;XEUR;7793482;675;
04.02.2025;16:53:10.781;FESX SI 20250321 CS;SIMPLE_INSTRUMENT;EFP_IDX;EUR;11;5276.00000000;340;EXCHANGE_LAST;;1;1;XEUR;7793482;675;
04.02.2025;16:55:07.109;FESX SI 20250321 CS;SIMPLE_INSTRUMENT;EFP_IDX;EUR;12;5275.00000000;330;EXCHANGE_LAST;;1;1;XEUR;7793482;675;
04.02.2025;16:54:37.417;FESX SI 20250321 CS;SIMPLE_INSTRUMENT;EFP_IDX;EUR;13;5276.00000000;170;EXCHANGE_LAST;;1;1;XEUR;7793482;675;
04.02.2025;17:00:37.219;FESX SI 20250321 CS;SIMPLE_INSTRUMENT;EFP_IDX;EUR;14;5276.00000000;120;EXCHANGE_LAST;;1;1;XEUR;7793482;675;
04.02.2025;17:00:21.218;FESX SI 20250321 CS;SIMPLE_INSTRUMENT;EFP_IDX;EUR;15;5275.00000000;187;EXCHANGE_LAST;;1;1;XEUR;7793482;675;
04.02.2025;09:41:54.649;FESX SI 20250321 CS;SIMPLE_INSTRUMENT;VOLA;EUR;637534223;5229.00000000;477;EXCHANGE_LAST;;1;1;XEUR;7793482;675;
04.02.2025;09:52:05.939;FESX SI 20250321 CS;SIMPLE_INSTRUMENT;VOLA;EUR;637534235;5230.00000000;420;EXCHANGE_LAST;;1;1;XEUR;7793482;675;
04.02.2025;09:56:17.311;FESX SI 20250321 CS;SIMPLE_INSTRUMENT;VOLA;EUR;637534241;5230.00000000;75;EXCHANGE_LAST;;1;1;XEUR;7793482;675;
04.02.2025;10:04:25.720;FESX SI 20250321 CS;SIMPLE_INSTRUMENT;VOLA;EUR;637534249;5232.00000000;513;EXCHANGE_LAST;;1;1;XEUR;7793482;675;
04.02.2025;10:10:46.919;FESX SI 20250321 CS;SIMPLE_INSTRUMENT;VOLA;EUR;637534255;5230.00000000;960;EXCHANGE_LAST;;1;1;XEUR;7793482;675;
04.02.2025;10:15:00.437;FESX SI 20250321 CS;SIMPLE_INSTRUMENT;VOLA;EUR;637534259;5205.00000000;10;EXCHANGE_LAST;;1;1;XEUR;7793482;675;
04.02.2025;10:38:02.229;FESX SI 20250321 CS;SIMPLE_INSTRUMENT;VOLA;EUR;637534268;5205.00000000;10;EXCHANGE_LAST;;1;1;XEUR;7793482;675;
04.02.2025;10:39:02.023;FESX SI 20250321 CS;SIMPLE_INSTRUMENT;VOLA;EUR;637534269;5239.00000000;1000;EXCHANGE_LAST;;1;1;XEUR;7793482;675;
04.02.2025;12:41:19.697;FESX SI 20250321 CS;SIMPLE_INSTRUMENT;VOLA;EUR;637534289;5245.00000000;560;EXCHANGE_LAST;;1;1;XEUR;7793482;675;
04.02.2025;12:47:25.060;FESX SI 20250321 CS;SIMPLE_INSTRUMENT;VOLA;EUR;637534293;5248.00000000;162;EXCHANGE_LAST;;1;1;XEUR;7793482;675;
04.02.2025;13:11:43.229;FESX SI 20250321 CS;SIMPLE_INSTRUMENT;VOLA;EUR;637534303;5250.00000000;30;EXCHANGE_LAST;;1;1;XEUR;7793482;675;
04.02.2025;15:39:33.294;FESX SI 20250321 CS;SIMPLE_INSTRUMENT;VOLA;EUR;637534347;5274.00000000;130;EXCHANGE_LAST;;1;1;XEUR;7793482;675;
04.02.2025;09:47:47.996;FEXD SI 20251219 CS;SIMPLE_INSTRUMENT;BLOCK;EUR;16;164.20000000;450;EXCHANGE_LAST;;1;1;XEUR;1548120;693;
04.02.2025;09:47:49.888;FEXD SI 20261218 CS;SIMPLE_INSTRUMENT;BLOCK;EUR;17;158.80000000;450;EXCHANGE_LAST;;1;1;XEUR;2163053;693;
04.02.2025;10:20:20.212;FEXD SI 20251219 CS;SIMPLE_INSTRUMENT;BLOCK;EUR;18;164.40000000;1000;EXCHANGE_LAST;;1;1;XEUR;1548120;693;
04.02.2025;10:22:53.582;FEXD SI 20251219 CS;SIMPLE_INSTRUMENT;BLOCK;EUR;20;164.20000000;200;EXCHANGE_LAST;;1;1;XEUR;1548120;693;
04.02.2025;10:26:09.057;FEXD SI 20291221 CS;SIMPLE_INSTRUMENT;BLOCK;EUR;21;144.10000000;200;EXCHANGE_LAST;;1;1;XEUR;4631968;693;
04.02.2025;10:26:16.821;FEXD SI 20281215 CS;SIMPLE_INSTRUMENT;BLOCK;EUR;22;148.00000000;200;EXCHANGE_LAST;;1;1;XEUR;3680985;693;
04.02.2025;10:26:22.443;FEXD SI 20271217 CS;SIMPLE_INSTRUMENT;BLOCK;EUR;23;152.60000000;200;EXCHANGE_LAST;;1;1;XEUR;2848338;693;
04.02.2025;10:26:28.188;FEXD SI 20261218 CS;SIMPLE_INSTRUMENT;BLOCK;EUR;24;158.60000000;200;EXCHANGE_LAST;;1;1;XEUR;2163053;693;
04.02.2025;10:33:03.370;FEXD SI 20251219 CS;SIMPLE_INSTRUMENT;BLOCK;EUR;26;164.40000000;308;EXCHANGE_LAST;;1;1;XEUR;1548120;693;
04.02.2025;10:33:06.984;FEXD SI 20251219 CS;SIMPLE_INSTRUMENT;BLOCK;EUR;27;164.50000000;307;EXCHANGE_LAST;;1;1;XEUR;1548120;693;
04.02.2025;11:00:15.634;FEXD.S.DEC28.DEC30.SPD;FUTURES_SPREAD;BLOCK;EUR;31;7.20000000;2250;EXCHANGE_LAST;;3;1;XEUR;72060570450264202;693;
04.02.2025;11:00:15.634;FEXD SI 20301220 CS;SIMPLE_INSTRUMENT;BLOCK;EUR;31;140.80000000;2250;PRC_DECOMP_MEMBER;;;;XEUR;5914108;693;MEMBER
04.02.2025;11:00:15.634;FEXD SI 20281215 CS;SIMPLE_INSTRUMENT;BLOCK;EUR;31;148.00000000;2250;PRC_DECOMP_MEMBER;;;;XEUR;3680985;693;MEMBER
04.02.2025;11:07:37.841;FEXD.S.DEC28.DEC30.SPD;FUTURES_SPREAD;BLOCK;EUR;37;7.20000000;250;EXCHANGE_LAST;;1;1;XEUR;72060570450264202;693;
04.02.2025;11:07:37.841;FEXD SI 20301220 CS;SIMPLE_INSTRUMENT;BLOCK;EUR;37;140.80000000;250;PRC_DECOMP_MEMBER;;;;XEUR;5914108;693;MEMBER
04.02.2025;11:07:37.841;FEXD SI 20281215 CS;SIMPLE_INSTRUMENT;BLOCK;EUR;37;148.00000000;250;PRC_DECOMP_MEMBER;;;;XEUR;3680985;693;MEMBER
04.02.2025;11:11:40.330;FEXD.S.DEC28.DEC30.SPD;FUTURES_SPREAD;BLOCK;EUR;39;7.20000000;250;EXCHANGE_LAST;;1;1;XEUR;72060570450264202;693;
04.02.2025;11:11:40.330;FEXD SI 20301220 CS;SIMPLE_INSTRUMENT;BLOCK;EUR;39;140.80000000;250;PRC_DECOMP_MEMBER;;;;XEUR;5914108;693;MEMBER
04.02.2025;11:11:40.330;FEXD SI 20281215 CS;SIMPLE_INSTRUMENT;BLOCK;EUR;39;148.00000000;250;PRC_DECOMP_MEMBER;;;;XEUR;3680985;693;MEMBER
04.02.2025;11:46:19.132;FEXD.S.DEC25.DEC26.SPD;FUTURES_SPREAD;BLOCK;EUR;50;5.90000000;200;EXCHANGE_LAST;;1;1;XEUR;72060570450264144;693;
04.02.2025;11:46:19.132;FEXD SI 20261218 CS;SIMPLE_INSTRUMENT;BLOCK;EUR;50;158.50000000;200;PRC_DECOMP_EXCHANGE;;;;XEUR;2163053;693;EXCHANGE
04.02.2025;11:46:19.132;FEXD SI 20251219 CS;SIMPLE_INSTRUMENT;BLOCK;EUR;50;164.40000000;200;PRC_DECOMP_EXCHANGE;;;;XEUR;1548120;693;EXCHANGE
04.02.2025;12:12:27.775;FEXD.S.DEC27.DEC28.SPD;FUTURES_SPREAD;BLOCK;EUR;51;4.60000000;1250;EXCHANGE_LAST;;2;1;XEUR;72060570450264162;693;
04.02.2025;12:12:27.775;FEXD SI 20271217 CS;SIMPLE_INSTRUMENT;BLOCK;EUR;51;152.10000000;1250;PRC_DECOMP_MEMBER;;;;XEUR;2848338;693;MEMBER
04.02.2025;12:12:27.775;FEXD SI 20281215 CS;SIMPLE_INSTRUMENT;BLOCK;EUR;51;147.50000000;1250;PRC_DECOMP_MEMBER;;;;XEUR;3680985;693;MEMBER
04.02.2025;15:16:12.733;FEXD SI 20251219 CS;SIMPLE_INSTRUMENT;BLOCK;EUR;66;164.30000000;625;EXCHANGE_LAST;;1;1;XEUR;1548120;693;
04.02.2025;15:16:27.951;FEXD SI 20251219 CS;SIMPLE_INSTRUMENT;BLOCK;EUR;67;164.20000000;625;EXCHANGE_LAST;;1;1;XEUR;1548120;693;
04.02.2025;15:48:05.954;FEXD SI 20271217 CS;SIMPLE_INSTRUMENT;BLOCK;EUR;71;152.50000000;500;EXCHANGE_LAST;;1;1;XEUR;2848338;693;
04.02.2025;15:48:10.054;FEXD SI 20271217 CS;SIMPLE_INSTRUMENT;BLOCK;EUR;72;152.50000000;500;EXCHANGE_LAST;;1;1;XEUR;2848338;693;
04.02.2025;16:00:24.441;FEXD SI 20250620 CS;SIMPLE_INSTRUMENT;BLOCK;EUR;77;127.30000000;500;EXCHANGE_LAST;;1;1;XEUR;9548493;693;
04.02.2025;16:14:50.046;FEXD.S.DEC26.DEC28.SPD;FUTURES_SPREAD;BLOCK;EUR;80;10.50000000;1000;EXCHANGE_LAST;;1;1;XEUR;72060570450264161;693;
04.02.2025;16:14:50.046;FEXD SI 20261218 CS;SIMPLE_INSTRUMENT;BLOCK;EUR;80;158.50000000;1000;PRC_DECOMP_MEMBER;;;;XEUR;2163053;693;MEMBER
04.02.2025;16:14:50.046;FEXD SI 20281215 CS;SIMPLE_INSTRUMENT;BLOCK;EUR;80;148.00000000;1000;PRC_DECOMP_MEMBER;;;;XEUR;3680985;693;MEMBER
04.02.2025;16:25:54.537;FEXD.S.DEC27.DEC28.SPD;FUTURES_SPREAD;BLOCK;EUR;81;4.60000000;500;EXCHANGE_LAST;;1;1;XEUR;72060570450264162;693;
04.02.2025;16:25:54.537;FEXD SI 20281215 CS;SIMPLE_INSTRUMENT;BLOCK;EUR;81;147.50000000;500;PRC_DECOMP_MEMBER;;;;XEUR;3680985;693;MEMBER
04.02.2025;16:25:54.537;FEXD SI 20271217 CS;SIMPLE_INSTRUMENT;BLOCK;EUR;81;152.10000000;500;PRC_DECOMP_MEMBER;;;;XEUR;2848338;693;MEMBER
04.02.2025;07:38:42.803;FGBL SI 20250306 PS;SIMPLE_INSTRUMENT;EFS;EUR;1;132.90000000;459;EXCHANGE_LAST;;1;1;XEUR;11286679;688;
04.02.2025;08:27:04.551;FGBL SI 20250306 PS;SIMPLE_INSTRUMENT;EFS;EUR;2;132.91000000;207;EXCHANGE_LAST;;1;1;XEUR;11286679;688;
04.02.2025;08:28:10.445;FGBL SI 20250306 PS;SIMPLE_INSTRUMENT;EFS;EUR;3;132.91000000;207;EXCHANGE_LAST;;1;1;XEUR;11286679;688;
04.02.2025;08:34:15.938;FGBL SI 20250306 PS;SIMPLE_INSTRUMENT;EFP_FIN;EUR;4;132.87000000;931;EXCHANGE_LAST;;1;1;XEUR;11286679;688;
04.02.2025;08:38:40.358;FGBL SI 20250306 PS;SIMPLE_INSTRUMENT;EFS;EUR;5;132.93000000;2272;EXCHANGE_LAST;;1;1;XEUR;11286679;688;
04.02.2025;08:47:05.293;FGBL SI 20250306 PS;SIMPLE_INSTRUMENT;EFS;EUR;6;133.06000000;621;EXCHANGE_LAST;;1;1;XEUR;11286679;688;
04.02.2025;08:47:15.691;FGBL SI 20250306 PS;SIMPLE_INSTRUMENT;EFP_FIN;EUR;7;132.90000000;1857;EXCHANGE_LAST;;1;1;XEUR;11286679;688;
04.02.2025;08:50:19.409;FGBL SI 20250306 PS;SIMPLE_INSTRUMENT;EFS;EUR;8;133.06000000;414;EXCHANGE_LAST;;1;1;XEUR;11286679;688;
04.02.2025;09:02:36.370;FGBL SI 20250306 PS;SIMPLE_INSTRUMENT;EFP_FIN;EUR;9;133.06000000;422;EXCHANGE_LAST;;1;1;XEUR;11286679;688;
04.02.2025;09:07:26.385;FGBL SI 20250306 PS;SIMPLE_INSTRUMENT;EFS;EUR;10;133.00000000;469;EXCHANGE_LAST;;1;1;XEUR;11286679;688;
04.02.2025;09:21:32.247;FGBL SI 20250306 PS;SIMPLE_INSTRUMENT;EFS;EUR;11;132.94000000;235;EXCHANGE_LAST;;1;1;XEUR;11286679;688;
04.02.2025;09:26:15.022;FGBL SI 20250306 PS;SIMPLE_INSTRUMENT;EFS;EUR;12;132.98000000;207;EXCHANGE_LAST;;1;1;XEUR;11286679;688;
04.02.2025;09:28:37.217;FGBL SI 20250306 PS;SIMPLE_INSTRUMENT;EFP_FIN;EUR;13;133.00000000;575;EXCHANGE_LAST;;1;1;XEUR;11286679;688;
04.02.2025;09:37:52.818;FGBL SI 20250306 PS;SIMPLE_INSTRUMENT;EFP_FIN;EUR;14;132.97000000;326;EXCHANGE_LAST;;1;1;XEUR;11286679;688;
04.02.2025;09:53:21.666;FGBL SI 20250306 PS;SIMPLE_INSTRUMENT;EFS;EUR;15;132.93000000;414;EXCHANGE_LAST;;1;1;XEUR;11286679;688;
04.02.2025;09:55:45.790;FGBL SI 20250306 PS;SIMPLE_INSTRUMENT;EFS;EUR;16;132.94000000;414;EXCHANGE_LAST;;1;1;XEUR;11286679;688;
04.02.2025;09:56:06.178;FGBL SI 20250306 PS;SIMPLE_INSTRUMENT;EFS;EUR;17;132.90000000;415;EXCHANGE_LAST;;1;1;XEUR;11286679;688;
04.02.2025;09:56:47.341;FGBL SI 20250306 PS;SIMPLE_INSTRUMENT;EFS;EUR;18;132.93000000;414;EXCHANGE_LAST;;1;1;XEUR;11286679;688;
04.02.2025;10:08:01.545;FGBL SI 20250306 PS;SIMPLE_INSTRUMENT;EFS;EUR;19;132.89000000;500;EXCHANGE_LAST;;1;1;XEUR;11286679;688;
04.02.2025;10:23:44.098;FGBL SI 20250306 PS;SIMPLE_INSTRUMENT;EFP_FIN;EUR;20;132.84000000;679;EXCHANGE_LAST;;1;1;XEUR;11286679;688;
04.02.2025;10:31:09.691;FGBL SI 20250306 PS;SIMPLE_INSTRUMENT;EFS;EUR;21;132.87000000;939;EXCHANGE_LAST;;1;1;XEUR;11286679;688;
04.02.2025;10:32:51.697;FGBL SI 20250306 PS;SIMPLE_INSTRUMENT;EFS;EUR;22;132.87000000;469;EXCHANGE_LAST;;1;1;XEUR;11286679;688;
04.02.2025;10:47:01.927;FGBL SI 20250306 PS;SIMPLE_INSTRUMENT;EFS;EUR;23;132.86000000;1356;EXCHANGE_LAST;;1;1;XEUR;11286679;688;
04.02.2025;11:02:34.969;FGBL SI 20250306 PS;SIMPLE_INSTRUMENT;EFS;EUR;24;132.96000000;282;EXCHANGE_LAST;;1;1;XEUR;11286679;688;
04.02.2025;11:05:43.982;FGBL SI 20250306 PS;SIMPLE_INSTRUMENT;EFS;EUR;25;132.95000000;227;EXCHANGE_LAST;;1;1;XEUR;11286679;688;
04.02.2025;11:06:56.650;FGBL SI 20250306 PS;SIMPLE_INSTRUMENT;EFS;EUR;26;132.96000000;469;EXCHANGE_LAST;;1;1;XEUR;11286679;688;
04.02.2025;11:07:56.293;FGBL SI 20250306 PS;SIMPLE_INSTRUMENT;EFS;EUR;27;132.91000000;300;EXCHANGE_LAST;;1;1;XEUR;11286679;688;
04.02.2025;11:08:16.653;FGBL SI 20250306 PS;SIMPLE_INSTRUMENT;EFS;EUR;28;132.96000000;414;EXCHANGE_LAST;;1;1;XEUR;11286679;688;
04.02.2025;11:10:54.763;FGBL SI 20250306 PS;SIMPLE_INSTRUMENT;EFS;EUR;29;132.96000000;414;EXCHANGE_LAST;;1;1;XEUR;11286679;688;
04.02.2025;11:12:54.910;FGBL SI 20250306 PS;SIMPLE_INSTRUMENT;EFS;EUR;30;132.89000000;253;EXCHANGE_LAST;;1;1;XEUR;11286679;688;
04.02.2025;11:14:24.997;FGBL SI 20250306 PS;SIMPLE_INSTRUMENT;EFS;EUR;32;132.96000000;414;EXCHANGE_LAST;;1;1;XEUR;11286679;688;
04.02.2025;11:16:45.643;FGBL SI 20250306 PS;SIMPLE_INSTRUMENT;EFS;EUR;33;132.96000000;207;EXCHANGE_LAST;;1;1;XEUR;11286679;688;
04.02.2025;11:17:52.192;FGBL SI 20250306 PS;SIMPLE_INSTRUMENT;EFS;EUR;34;132.97000000;584;EXCHANGE_LAST;;1;1;XEUR;11286679;688;
04.02.2025;11:18:34.814;FGBL SI 20250306 PS;SIMPLE_INSTRUMENT;EFS;EUR;35;132.97000000;207;EXCHANGE_LAST;;1;1;XEUR;11286679;688;
04.02.2025;11:21:11.803;FGBL SI 20250306 PS;SIMPLE_INSTRUMENT;EFS;EUR;36;132.97000000;414;EXCHANGE_LAST;;1;1;XEUR;11286679;688;
04.02.2025;11:25:54.453;FGBL SI 20250306 PS;SIMPLE_INSTRUMENT;EFS;EUR;37;132.96000000;99;EXCHANGE_LAST;;1;1;XEUR;11286679;688;
04.02.2025;11:31:52.355;FGBL SI 20250306 PS;SIMPLE_INSTRUMENT;EFS;EUR;38;132.96000000;363;EXCHANGE_LAST;;1;1;XEUR;11286679;688;
04.02.2025;11:37:41.939;FGBL SI 20250306 PS;SIMPLE_INSTRUMENT;EFS;EUR;39;132.95000000;500;EXCHANGE_LAST;;1;1;XEUR;11286679;688;
04.02.2025;11:44:05.486;FGBL SI 20250306 PS;SIMPLE_INSTRUMENT;EFS;EUR;40;132.96000000;474;EXCHANGE_LAST;;1;1;XEUR;11286679;688;
04.02.2025;11:48:10.302;FGBL SI 20250306 PS;SIMPLE_INSTRUMENT;EFS;EUR;41;132.95000000;829;EXCHANGE_LAST;;1;1;XEUR;11286679;688;
04.02.2025;11:54:20.596;FGBL SI 20250306 PS;SIMPLE_INSTRUMENT;EFS;EUR;42;132.95000000;415;EXCHANGE_LAST;;1;1;XEUR;11286679;688;
04.02.2025;11:54:35.608;FGBL SI 20250306 PS;SIMPLE_INSTRUMENT;EFS;EUR;43;132.97000000;415;EXCHANGE_LAST;;1;1;XEUR;11286679;688;
04.02.2025;11:58:18.958;FGBL SI 20250306 PS;SIMPLE_INSTRUMENT;EFP_FIN;EUR;44;132.96000000;396;EXCHANGE_LAST;;1;1;XEUR;11286679;688;
04.02.2025;12:05:46.295;FGBL SI 20250306 PS;SIMPLE_INSTRUMENT;EFS;EUR;45;132.94000000;414;EXCHANGE_LAST;;1;1;XEUR;11286679;688;
04.02.2025;12:16:16.878;FGBL SI 20250306 PS;SIMPLE_INSTRUMENT;EFS;EUR;46;132.94000000;235;EXCHANGE_LAST;;1;1;XEUR;11286679;688;
04.02.2025;12:22:32.161;FGBL SI 20250306 PS;SIMPLE_INSTRUMENT;EFS;EUR;47;132.92000000;238;EXCHANGE_LAST;;1;1;XEUR;11286679;688;
04.02.2025;12:30:15.395;FGBL SI 20250306 PS;SIMPLE_INSTRUMENT;EFS;EUR;48;132.91000000;469;EXCHANGE_LAST;;1;1;XEUR;11286679;688;
04.02.2025;12:33:32.460;FGBL SI 20250306 PS;SIMPLE_INSTRUMENT;EFS;EUR;49;132.89000000;188;EXCHANGE_LAST;;1;1;XEUR;11286679;688;
04.02.2025;12:34:08.179;FGBL SI 20250306 PS;SIMPLE_INSTRUMENT;EFS;EUR;50;132.95000000;909;EXCHANGE_LAST;;1;1;XEUR;11286679;688;
04.02.2025;13:00:21.160;FGBL SI 20250306 PS;SIMPLE_INSTRUMENT;EFS;EUR;51;132.94000000;207;EXCHANGE_LAST;;1;1;XEUR;11286679;688;
04.02.2025;13:11:27.098;FGBL SI 20250306 PS;SIMPLE_INSTRUMENT;EFS;EUR;52;132.88000000;622;EXCHANGE_LAST;;1;1;XEUR;11286679;688;
04.02.2025;13:14:37.240;FGBL SI 20250306 PS;SIMPLE_INSTRUMENT;EFS;EUR;53;132.88000000;415;EXCHANGE_LAST;;1;1;XEUR;11286679;688;
04.02.2025;13:17:02.352;FGBL SI 20250306 PS;SIMPLE_INSTRUMENT;EFS;EUR;54;132.84000000;415;EXCHANGE_LAST;;1;1;XEUR;11286679;688;
04.02.2025;13:21:28.217;FGBL SI 20250306 PS;SIMPLE_INSTRUMENT;EFS;EUR;55;132.87000000;464;EXCHANGE_LAST;;1;1;XEUR;11286679;688;
04.02.2025;13:25:36.827;FGBL SI 20250306 PS;SIMPLE_INSTRUMENT;EFS;EUR;56;132.90000000;232;EXCHANGE_LAST;;1;1;XEUR;11286679;688;
04.02.2025;13:38:34.182;FGBL SI 20250306 PS;SIMPLE_INSTRUMENT;EFS;EUR;57;132.82000000;445;EXCHANGE_LAST;;1;1;XEUR;11286679;688;
04.02.2025;13:38:36.430;FGBL SI 20250306 PS;SIMPLE_INSTRUMENT;EFS;EUR;58;132.77000000;414;EXCHANGE_LAST;;1;1;XEUR;11286679;688;
04.02.2025;13:38:39.616;FGBL SI 20250306 PS;SIMPLE_INSTRUMENT;EFS;EUR;59;132.87000000;1496;EXCHANGE_LAST;;1;1;XEUR;11286679;688;
04.02.2025;13:41:51.756;FGBL SI 20250306 PS;SIMPLE_INSTRUMENT;EFP_FIN;EUR;60;132.92000000;1576;EXCHANGE_LAST;;1;1;XEUR;11286679;688;
04.02.2025;13:44:09.594;FGBL SI 20250306 PS;SIMPLE_INSTRUMENT;EFS;EUR;61;132.81000000;415;EXCHANGE_LAST;;1;1;XEUR;11286679;688;
04.02.2025;13:46:04.638;FGBL SI 20250306 PS;SIMPLE_INSTRUMENT;EFS;EUR;62;132.82000000;415;EXCHANGE_LAST;;1;1;XEUR;11286679;688;
04.02.2025;13:46:29.660;FGBL SI 20250306 PS;SIMPLE_INSTRUMENT;EFS;EUR;63;132.82000000;415;EXCHANGE_LAST;;1;1;XEUR;11286679;688;
04.02.2025;13:46:39.669;FGBL SI 20250306 PS;SIMPLE_INSTRUMENT;EFS;EUR;64;132.82000000;415;EXCHANGE_LAST;;1;1;XEUR;11286679;688;
04.02.2025;13:47:09.789;FGBL SI 20250306 PS;SIMPLE_INSTRUMENT;EFS;EUR;65;132.82000000;220;EXCHANGE_LAST;;1;1;XEUR;11286679;688;
04.02.2025;13:49:43.194;FGBL SI 20250306 PS;SIMPLE_INSTRUMENT;EFS;EUR;66;132.79000000;195;EXCHANGE_LAST;;1;1;XEUR;11286679;688;
04.02.2025;13:50:09.863;FGBL SI 20250306 PS;SIMPLE_INSTRUMENT;EFS;EUR;67;132.79000000;415;EXCHANGE_LAST;;1;1;XEUR;11286679;688;
04.02.2025;13:55:03.068;FGBL SI 20250306 PS;SIMPLE_INSTRUMENT;EFS;EUR;68;132.77000000;415;EXCHANGE_LAST;;1;1;XEUR;11286679;688;
04.02.2025;14:00:51.280;FGBL SI 20250306 PS;SIMPLE_INSTRUMENT;EFS;EUR;69;132.75000000;235;EXCHANGE_LAST;;1;1;XEUR;11286679;688;
04.02.2025;14:06:47.846;FGBL SI 20250306 PS;SIMPLE_INSTRUMENT;EFP_FIN;EUR;70;132.80000000;1166;EXCHANGE_LAST;;1;1;XEUR;11286679;688;
04.02.2025;14:08:30.818;FGBL SI 20250306 PS;SIMPLE_INSTRUMENT;EFP_FIN;EUR;71;132.80000000;1612;EXCHANGE_LAST;;1;1;XEUR;11286679;688;
04.02.2025;14:09:11.979;FGBL SI 20250306 PS;SIMPLE_INSTRUMENT;EFP_FIN;EUR;72;132.80000000;743;EXCHANGE_LAST;;1;1;XEUR;11286679;688;
04.02.2025;14:09:38.631;FGBL SI 20250306 PS;SIMPLE_INSTRUMENT;EFS;EUR;73;132.81000000;414;EXCHANGE_LAST;;1;1;XEUR;11286679;688;
04.02.2025;14:12:38.792;FGBL SI 20250306 PS;SIMPLE_INSTRUMENT;EFP_FIN;EUR;74;132.79000000;412;EXCHANGE_LAST;;1;1;XEUR;11286679;688;
04.02.2025;14:14:44.179;FGBL SI 20250306 PS;SIMPLE_INSTRUMENT;EFS;EUR;75;132.87000000;450;EXCHANGE_LAST;;1;1;XEUR;11286679;688;
04.02.2025;14:16:54.554;FGBL SI 20250306 PS;SIMPLE_INSTRUMENT;EFS;EUR;76;132.87000000;235;EXCHANGE_LAST;;1;1;XEUR;11286679;688;
04.02.2025;14:20:57.252;FGBL SI 20250306 PS;SIMPLE_INSTRUMENT;EFS;EUR;78;132.83000000;235;EXCHANGE_LAST;;1;1;XEUR;11286679;688;
04.02.2025;14:23:14.330;FGBL SI 20250306 PS;SIMPLE_INSTRUMENT;EFS;EUR;79;132.91000000;415;EXCHANGE_LAST;;1;1;XEUR;11286679;688;
04.02.2025;14:24:09.372;FGBL SI 20250306 PS;SIMPLE_INSTRUMENT;EFS;EUR;80;132.91000000;207;EXCHANGE_LAST;;1;1;XEUR;11286679;688;
04.02.2025;14:24:24.528;FGBL SI 20250306 PS;SIMPLE_INSTRUMENT;EFS;EUR;81;132.75000000;100;EXCHANGE_LAST;;1;1;XEUR;11286679;688;
04.02.2025;14:24:34.393;FGBL SI 20250306 PS;SIMPLE_INSTRUMENT;EFS;EUR;82;132.91000000;207;EXCHANGE_LAST;;1;1;XEUR;11286679;688;
04.02.2025;14:25:04.419;FGBL SI 20250306 PS;SIMPLE_INSTRUMENT;EFS;EUR;83;132.91000000;415;EXCHANGE_LAST;;1;1;XEUR;11286679;688;
04.02.2025;14:26:24.892;FGBL SI 20250306 PS;SIMPLE_INSTRUMENT;EFS;EUR;84;132.86000000;939;EXCHANGE_LAST;;1;1;XEUR;11286679;688;
04.02.2025;14:27:34.153;FGBL SI 20250306 PS;SIMPLE_INSTRUMENT;EFS;EUR;85;132.75000000;400;EXCHANGE_LAST;;1;1;XEUR;11286679;688;
04.02.2025;14:31:14.699;FGBL SI 20250306 PS;SIMPLE_INSTRUMENT;EFS;EUR;86;132.97000000;332;EXCHANGE_LAST;;1;1;XEUR;11286679;688;
04.02.2025;14:37:33.035;FGBL SI 20250306 PS;SIMPLE_INSTRUMENT;EFS;EUR;87;132.87000000;470;EXCHANGE_LAST;;1;1;XEUR;11286679;688;
04.02.2025;14:41:46.525;FGBL SI 20250306 PS;SIMPLE_INSTRUMENT;EFS;EUR;88;132.98000000;414;EXCHANGE_LAST;;1;1;XEUR;11286679;688;
04.02.2025;14:41:32.111;FGBL SI 20250306 PS;SIMPLE_INSTRUMENT;EFS;EUR;89;132.83000000;235;EXCHANGE_LAST;;1;1;XEUR;11286679;688;
04.02.2025;14:43:47.235;FGBL SI 20250306 PS;SIMPLE_INSTRUMENT;EFS;EUR;90;132.97000000;300;EXCHANGE_LAST;;1;1;XEUR;11286679;688;
04.02.2025;14:45:23.418;FGBL SI 20250306 PS;SIMPLE_INSTRUMENT;EFP_FIN;EUR;91;132.83000000;1706;EXCHANGE_LAST;;1;1;XEUR;11286679;688;
04.02.2025;14:45:55.798;FGBL SI 20250306 PS;SIMPLE_INSTRUMENT;EFS;EUR;92;132.98000000;414;EXCHANGE_LAST;;1;1;XEUR;11286679;688;
04.02.2025;14:46:47.821;FGBL SI 20250306 PS;SIMPLE_INSTRUMENT;EFS;EUR;93;132.98000000;207;EXCHANGE_LAST;;1;1;XEUR;11286679;688;
04.02.2025;14:50:50.186;FGBL SI 20250306 PS;SIMPLE_INSTRUMENT;EFS;EUR;94;133.01000000;373;EXCHANGE_LAST;;1;1;XEUR;11286679;688;
04.02.2025;14:56:21.790;FGBL SI 20250306 PS;SIMPLE_INSTRUMENT;EFS;EUR;95;133.01000000;502;EXCHANGE_LAST;;1;1;XEUR;11286679;688;
04.02.2025;14:57:19.240;FGBL SI 20250306 PS;SIMPLE_INSTRUMENT;EFP_FIN;EUR;96;132.98000000;206;EXCHANGE_LAST;;1;1;XEUR;11286679;688;
04.02.2025;15:10:25.959;FGBL SI 20250306 PS;SIMPLE_INSTRUMENT;EFS;EUR;97;133.03000000;414;EXCHANGE_LAST;;1;1;XEUR;11286679;688;
04.02.2025;15:06:55.596;FGBL SI 20250306 PS;SIMPLE_INSTRUMENT;EFS;EUR;98;133.02000000;414;EXCHANGE_LAST;;1;1;XEUR;11286679;688;
04.02.2025;15:09:07.249;FGBL SI 20250306 PS;SIMPLE_INSTRUMENT;EFS;EUR;99;133.05000000;621;EXCHANGE_LAST;;1;1;XEUR;11286679;688;
04.02.2025;15:19:11.299;FGBL SI 20250306 PS;SIMPLE_INSTRUMENT;EFS;EUR;100;132.98000000;414;EXCHANGE_LAST;;1;1;XEUR;11286679;688;
04.02.2025;15:21:19.965;FGBL SI 20250306 PS;SIMPLE_INSTRUMENT;EFP_FIN;EUR;101;133.00000000;74;EXCHANGE_LAST;;1;1;XEUR;11286679;688;
04.02.2025;15:21:53.056;FGBL SI 20250306 PS;SIMPLE_INSTRUMENT;EFP_FIN;EUR;102;133.00000000;355;EXCHANGE_LAST;;1;1;XEUR;11286679;688;
04.02.2025;15:26:43.258;FGBL SI 20250306 PS;SIMPLE_INSTRUMENT;EFS;EUR;103;133.04000000;414;EXCHANGE_LAST;;1;1;XEUR;11286679;688;
04.02.2025;15:29:40.088;FGBL SI 20250306 PS;SIMPLE_INSTRUMENT;EFS;EUR;104;133.03000000;375;EXCHANGE_LAST;;1;1;XEUR;11286679;688;
04.02.2025;15:37:00.291;FGBL SI 20250306 PS;SIMPLE_INSTRUMENT;EFP_FIN;EUR;105;133.01000000;198;EXCHANGE_LAST;;1;1;XEUR;11286679;688;
04.02.2025;15:33:45.496;FGBL SI 20250306 PS;SIMPLE_INSTRUMENT;EFS;EUR;106;132.98000000;415;EXCHANGE_LAST;;1;1;XEUR;11286679;688;
04.02.2025;15:34:55.378;FGBL SI 20250306 PS;SIMPLE_INSTRUMENT;EFS;EUR;107;132.96000000;439;EXCHANGE_LAST;;1;1;XEUR;11286679;688;
04.02.2025;15:40:01.773;FGBL SI 20250306 PS;SIMPLE_INSTRUMENT;EFP_FIN;EUR;108;133.01000000;198;EXCHANGE_LAST;;1;1;XEUR;11286679;688;
04.02.2025;15:37:51.569;FGBL SI 20250306 PS;SIMPLE_INSTRUMENT;EFS;EUR;109;132.97000000;414;EXCHANGE_LAST;;1;1;XEUR;11286679;688;
04.02.2025;15:42:43.523;FGBL SI 20250306 PS;SIMPLE_INSTRUMENT;EFP_FIN;EUR;110;133.00000000;185;EXCHANGE_LAST;;1;1;XEUR;11286679;688;
04.02.2025;15:42:55.978;FGBL SI 20250306 PS;SIMPLE_INSTRUMENT;EFS;EUR;111;133.01000000;414;EXCHANGE_LAST;;1;1;XEUR;11286679;688;
04.02.2025;15:47:02.159;FGBL SI 20250306 PS;SIMPLE_INSTRUMENT;EFS;EUR;112;132.99000000;414;EXCHANGE_LAST;;1;1;XEUR;11286679;688;
04.02.2025;15:48:34.486;FGBL SI 20250306 PS;SIMPLE_INSTRUMENT;EFP_FIN;EUR;113;133.03000000;119;EXCHANGE_LAST;;1;1;XEUR;11286679;688;
04.02.2025;15:55:57.573;FGBL SI 20250306 PS;SIMPLE_INSTRUMENT;EFS;EUR;114;133.05000000;414;EXCHANGE_LAST;;1;1;XEUR;11286679;688;
04.02.2025;15:57:42.660;FGBL SI 20250306 PS;SIMPLE_INSTRUMENT;EFS;EUR;115;133.05000000;370;EXCHANGE_LAST;;1;1;XEUR;11286679;688;
04.02.2025;16:01:02.820;FGBL SI 20250306 PS;SIMPLE_INSTRUMENT;EFS;EUR;116;133.04000000;414;EXCHANGE_LAST;;1;1;XEUR;11286679;688;
04.02.2025;16:02:27.279;FGBL SI 20250306 PS;SIMPLE_INSTRUMENT;EFS;EUR;117;133.05000000;470;EXCHANGE_LAST;;1;1;XEUR;11286679;688;
04.02.2025;16:03:31.900;FGBL SI 20250306 PS;SIMPLE_INSTRUMENT;EFS;EUR;118;133.06000000;937;EXCHANGE_LAST;;1;1;XEUR;11286679;688;
04.02.2025;16:04:30.309;FGBL SI 20250306 PS;SIMPLE_INSTRUMENT;EFS;EUR;119;133.05000000;234;EXCHANGE_LAST;;1;1;XEUR;11286679;688;
04.02.2025;16:08:13.192;FGBL SI 20250306 PS;SIMPLE_INSTRUMENT;EFS;EUR;120;133.12000000;828;EXCHANGE_LAST;;1;1;XEUR;11286679;688;
04.02.2025;16:08:28.349;FGBL SI 20250306 PS;SIMPLE_INSTRUMENT;EFS;EUR;121;133.09000000;414;EXCHANGE_LAST;;1;1;XEUR;11286679;688;
04.02.2025;16:09:09.615;FGBL SI 20250306 PS;SIMPLE_INSTRUMENT;EFP_FIN;EUR;122;133.06000000;77;EXCHANGE_LAST;;1;1;XEUR;11286679;688;
04.02.2025;16:09:23.254;FGBL SI 20250306 PS;SIMPLE_INSTRUMENT;EFS;EUR;123;133.12000000;414;EXCHANGE_LAST;;1;1;XEUR;11286679;688;
04.02.2025;16:09:35.486;FGBL SI 20250306 PS;SIMPLE_INSTRUMENT;EFS;EUR;124;133.09000000;290;EXCHANGE_LAST;;1;1;XEUR;11286679;688;
04.02.2025;16:09:52.130;FGBL SI 20250306 PS;SIMPLE_INSTRUMENT;EFS;EUR;125;133.12000000;414;EXCHANGE_LAST;;1;1;XEUR;11286679;688;
04.02.2025;16:12:53.422;FGBL SI 20250306 PS;SIMPLE_INSTRUMENT;EFS;EUR;126;133.16000000;414;EXCHANGE_LAST;;1;1;XEUR;11286679;688;
04.02.2025;16:13:16.446;FGBL SI 20250306 PS;SIMPLE_INSTRUMENT;EFS;EUR;127;133.07000000;452;EXCHANGE_LAST;;1;1;XEUR;11286679;688;
04.02.2025;16:13:40.219;FGBL SI 20250306 PS;SIMPLE_INSTRUMENT;EFS;EUR;128;133.14000000;414;EXCHANGE_LAST;;1;1;XEUR;11286679;688;
04.02.2025;16:16:15.689;FGBL SI 20250306 PS;SIMPLE_INSTRUMENT;EFS;EUR;129;132.99000000;3751;EXCHANGE_LAST;;1;1;XEUR;11286679;688;
04.02.2025;16:18:23.664;FGBL SI 20250306 PS;SIMPLE_INSTRUMENT;EFS;EUR;130;133.15000000;414;EXCHANGE_LAST;;1;1;XEUR;11286679;688;
04.02.2025;16:18:28.668;FGBL SI 20250306 PS;SIMPLE_INSTRUMENT;EFS;EUR;131;133.17000000;828;EXCHANGE_LAST;;1;1;XEUR;11286679;688;
04.02.2025;16:22:33.461;FGBL SI 20250306 PS;SIMPLE_INSTRUMENT;EFS;EUR;132;133.10000000;451;EXCHANGE_LAST;;1;1;XEUR;11286679;688;
04.02.2025;16:28:05.138;FGBL SI 20250306 PS;SIMPLE_INSTRUMENT;EFS;EUR;133;133.16000000;414;EXCHANGE_LAST;;1;1;XEUR;11286679;688;
04.02.2025;16:29:01.483;FGBL SI 20250306 PS;SIMPLE_INSTRUMENT;EFS;EUR;134;133.12000000;468;EXCHANGE_LAST;;1;1;XEUR;11286679;688;
04.02.2025;16:32:30.042;FGBL SI 20250306 PS;SIMPLE_INSTRUMENT;EFS;EUR;135;133.14000000;414;EXCHANGE_LAST;;1;1;XEUR;11286679;688;
04.02.2025;16:33:28.233;FGBL SI 20250306 PS;SIMPLE_INSTRUMENT;EFS;EUR;136;133.17000000;800;EXCHANGE_LAST;;1;1;XEUR;11286679;688;
04.02.2025;16:34:12.963;FGBL SI 20250306 PS;SIMPLE_INSTRUMENT;EFP_FIN;EUR;137;133.14000000;290;EXCHANGE_LAST;;1;1;XEUR;11286679;688;
04.02.2025;16:36:58.847;FGBL SI 20250306 PS;SIMPLE_INSTRUMENT;EFS;EUR;138;133.20000000;414;EXCHANGE_LAST;;1;1;XEUR;11286679;688;
04.02.2025;16:41:32.374;FGBL SI 20250306 PS;SIMPLE_INSTRUMENT;EFP_FIN;EUR;139;133.16000000;278;EXCHANGE_LAST;;1;1;XEUR;11286679;688;
04.02.2025;16:43:09.682;FGBL SI 20250306 PS;SIMPLE_INSTRUMENT;EFS;EUR;140;133.18000000;451;EXCHANGE_LAST;;1;1;XEUR;11286679;688;
04.02.2025;16:48:44.064;FGBL SI 20250306 PS;SIMPLE_INSTRUMENT;EFS;EUR;141;132.79000000;415;EXCHANGE_LAST;;1;1;XEUR;11286679;688;
04.02.2025;16:50:53.506;FGBL SI 20250306 PS;SIMPLE_INSTRUMENT;EFS;EUR;142;133.14000000;207;EXCHANGE_LAST;;1;1;XEUR;11286679;688;
04.02.2025;16:51:45.923;FGBL SI 20250306 PS;SIMPLE_INSTRUMENT;EFS;EUR;143;133.15000000;207;EXCHANGE_LAST;;1;1;XEUR;11286679;688;
04.02.2025;16:54:34.360;FGBL SI 20250306 PS;SIMPLE_INSTRUMENT;EFS;EUR;144;133.16000000;171;EXCHANGE_LAST;;1;1;XEUR;11286679;688;
04.02.2025;17:05:33.854;FGBL SI 20250306 PS;SIMPLE_INSTRUMENT;EFS;EUR;145;133.15000000;414;EXCHANGE_LAST;;1;1;XEUR;11286679;688;
04.02.2025;17:14:42.929;FGBL SI 20250306 PS;SIMPLE_INSTRUMENT;EFS;EUR;146;133.14000000;414;EXCHANGE_LAST;;1;1;XEUR;11286679;688;
04.02.2025;17:34:23.815;FGBL SI 20250306 PS;SIMPLE_INSTRUMENT;EFS;EUR;147;133.21000000;233;EXCHANGE_LAST;;1;1;XEUR;11286679;688;
04.02.2025;07:40:56.351;FGBL SI 20250306 PS;SIMPLE_INSTRUMENT;VOLA;EUR;268435461;132.86000000;40;EXCHANGE_LAST;;1;1;XEUR;11286679;688;
04.02.2025;08:55:52.541;FGBL SI 20250606 PS;SIMPLE_INSTRUMENT;VOLA;EUR;268435473;132.15000000;13;EXCHANGE_LAST;;1;1;XEUR;11820389;688;
04.02.2025;09:53:32.755;FGBL SI 20250306 PS;SIMPLE_INSTRUMENT;VOLA;EUR;268435492;132.95000000;155;EXCHANGE_LAST;;1;1;XEUR;11286679;688;
04.02.2025;10:12:42.847;FGBL SI 20250306 PS;SIMPLE_INSTRUMENT;VOLA;EUR;268435495;132.90000000;105;EXCHANGE_LAST;;1;1;XEUR;11286679;688;
04.02.2025;10:12:43.610;FGBL SI 20250306 PS;SIMPLE_INSTRUMENT;VOLA;EUR;268435496;132.90000000;105;EXCHANGE_LAST;;1;1;XEUR;11286679;688;
04.02.2025;12:36:05.916;FGBL SI 20250306 PS;SIMPLE_INSTRUMENT;VOLA;EUR;268435514;132.90000000;30;EXCHANGE_LAST;;1;1;XEUR;11286679;688;
04.02.2025;12:36:45.774;FGBL SI 20250306 PS;SIMPLE_INSTRUMENT;VOLA;EUR;268435515;132.90000000;37;EXCHANGE_LAST;;1;1;XEUR;11286679;688;
04.02.2025;13:40:35.217;FGBL SI 20250306 PS;SIMPLE_INSTRUMENT;VOLA;EUR;268435525;132.85000000;120;EXCHANGE_LAST;;1;1;XEUR;11286679;688;
04.02.2025;15:50:56.269;FGBL SI 20250306 PS;SIMPLE_INSTRUMENT;VOLA;EUR;268435551;132.99000000;300;EXCHANGE_LAST;;1;1;XEUR;11286679;688;
04.02.2025;08:08:00.940;FGBM SI 20250306 PS;SIMPLE_INSTRUMENT;EFS;EUR;1;117.64000000;912;EXCHANGE_LAST;;1;1;XEUR;11286680;689;
04.02.2025;08:09:28.415;FGBM SI 20250306 PS;SIMPLE_INSTRUMENT;EFS;EUR;2;117.64000000;912;EXCHANGE_LAST;;1;1;XEUR;11286680;689;
04.02.2025;08:12:09.482;FGBM SI 20250306 PS;SIMPLE_INSTRUMENT;EFS;EUR;3;117.65000000;911;EXCHANGE_LAST;;1;1;XEUR;11286680;689;
04.02.2025;08:14:02.155;FGBM SI 20250306 PS;SIMPLE_INSTRUMENT;EFS;EUR;4;117.66000000;911;EXCHANGE_LAST;;1;1;XEUR;11286680;689;
04.02.2025;08:19:22.162;FGBM SI 20250306 PS;SIMPLE_INSTRUMENT;EFS;EUR;5;117.66000000;456;EXCHANGE_LAST;;1;1;XEUR;11286680;689;
04.02.2025;08:31:23.015;FGBM SI 20250306 PS;SIMPLE_INSTRUMENT;EFS;EUR;6;117.66000000;986;EXCHANGE_LAST;;1;1;XEUR;11286680;689;
04.02.2025;08:44:54.420;FGBM SI 20250306 PS;SIMPLE_INSTRUMENT;EFP_FIN;EUR;7;117.65000000;344;EXCHANGE_LAST;;1;1;XEUR;11286680;689;
04.02.2025;09:01:04.880;FGBM SI 20250306 PS;SIMPLE_INSTRUMENT;EFP_FIN;EUR;8;117.74000000;431;EXCHANGE_LAST;;1;1;XEUR;11286680;689;
04.02.2025;09:01:54.589;FGBM SI 20250306 PS;SIMPLE_INSTRUMENT;EFP_FIN;EUR;9;117.71000000;431;EXCHANGE_LAST;;1;1;XEUR;11286680;689;
04.02.2025;09:15:47.674;FGBM SI 20250306 PS;SIMPLE_INSTRUMENT;EFP_FIN;EUR;10;117.70000000;345;EXCHANGE_LAST;;1;1;XEUR;11286680;689;
04.02.2025;09:07:17.077;FGBM SI 20250306 PS;SIMPLE_INSTRUMENT;EFP_FIN;EUR;11;117.69000000;431;EXCHANGE_LAST;;1;1;XEUR;11286680;689;
04.02.2025;09:10:53.284;FGBM SI 20250306 PS;SIMPLE_INSTRUMENT;EFS;EUR;12;117.70000000;911;EXCHANGE_LAST;;1;1;XEUR;11286680;689;
04.02.2025;09:12:30.552;FGBM SI 20250306 PS;SIMPLE_INSTRUMENT;EFS;EUR;13;117.70000000;911;EXCHANGE_LAST;;1;1;XEUR;11286680;689;
04.02.2025;09:14:21.416;FGBM SI 20250306 PS;SIMPLE_INSTRUMENT;EFP_FIN;EUR;14;117.68000000;431;EXCHANGE_LAST;;1;1;XEUR;11286680;689;
04.02.2025;09:17:04.041;FGBM SI 20250306 PS;SIMPLE_INSTRUMENT;EFS;EUR;15;117.71000000;469;EXCHANGE_LAST;;1;1;XEUR;11286680;689;
04.02.2025;09:19:40.947;FGBM SI 20250306 PS;SIMPLE_INSTRUMENT;EFS;EUR;16;117.64000000;1973;EXCHANGE_LAST;;1;1;XEUR;11286680;689;
04.02.2025;09:20:10.210;FGBM SI 20250306 PS;SIMPLE_INSTRUMENT;EFS;EUR;17;117.72000000;198;EXCHANGE_LAST;;1;1;XEUR;11286680;689;
04.02.2025;09:34:43.925;FGBM SI 20250306 PS;SIMPLE_INSTRUMENT;EFP_FIN;EUR;18;117.70000000;863;EXCHANGE_LAST;;1;1;XEUR;11286680;689;
04.02.2025;09:36:31.794;FGBM SI 20250306 PS;SIMPLE_INSTRUMENT;EFP_FIN;EUR;19;117.70000000;345;EXCHANGE_LAST;;1;1;XEUR;11286680;689;
04.02.2025;09:36:55.886;FGBM SI 20250306 PS;SIMPLE_INSTRUMENT;EFP_FIN;EUR;20;117.69000000;525;EXCHANGE_LAST;;1;1;XEUR;11286680;689;
04.02.2025;09:37:54.837;FGBM SI 20250306 PS;SIMPLE_INSTRUMENT;EFP_FIN;EUR;21;117.68000000;263;EXCHANGE_LAST;;1;1;XEUR;11286680;689;
04.02.2025;09:37:55.054;FGBM SI 20250306 PS;SIMPLE_INSTRUMENT;EFP_FIN;EUR;22;117.73000000;272;EXCHANGE_LAST;;1;1;XEUR;11286680;689;
04.02.2025;09:44:07.495;FGBM SI 20250306 PS;SIMPLE_INSTRUMENT;EFP_FIN;EUR;23;117.70000000;267;EXCHANGE_LAST;;1;1;XEUR;11286680;689;
04.02.2025;09:45:03.184;FGBM SI 20250306 PS;SIMPLE_INSTRUMENT;EFS;EUR;24;117.67000000;744;EXCHANGE_LAST;;1;1;XEUR;11286680;689;
04.02.2025;09:55:12.124;FGBM SI 20250306 PS;SIMPLE_INSTRUMENT;EFP_FIN;EUR;25;117.65000000;547;EXCHANGE_LAST;;1;1;XEUR;11286680;689;
04.02.2025;09:55:14.035;FGBM SI 20250306 PS;SIMPLE_INSTRUMENT;EFS;EUR;26;117.66000000;986;EXCHANGE_LAST;;1;1;XEUR;11286680;689;
04.02.2025;09:56:33.789;FGBM SI 20250306 PS;SIMPLE_INSTRUMENT;EFS;EUR;27;117.65000000;986;EXCHANGE_LAST;;1;1;XEUR;11286680;689;
04.02.2025;09:59:32.998;FGBM SI 20250306 PS;SIMPLE_INSTRUMENT;EFP_FIN;EUR;28;117.64000000;434;EXCHANGE_LAST;;1;1;XEUR;11286680;689;
04.02.2025;10:14:10.042;FGBM SI 20250306 PS;SIMPLE_INSTRUMENT;EFS;EUR;29;117.63000000;911;EXCHANGE_LAST;;1;1;XEUR;11286680;689;
04.02.2025;10:14:48.998;FGBM SI 20250306 PS;SIMPLE_INSTRUMENT;EFS;EUR;30;117.63000000;911;EXCHANGE_LAST;;1;1;XEUR;11286680;689;
04.02.2025;10:17:17.646;FGBM SI 20250306 PS;SIMPLE_INSTRUMENT;EFS;EUR;31;117.61000000;912;EXCHANGE_LAST;;1;1;XEUR;11286680;689;
04.02.2025;10:18:19.653;FGBM SI 20250306 PS;SIMPLE_INSTRUMENT;EFP_FIN;EUR;32;117.61000000;462;EXCHANGE_LAST;;1;1;XEUR;11286680;689;
04.02.2025;10:22:27.395;FGBM SI 20250306 PS;SIMPLE_INSTRUMENT;EFS;EUR;33;117.64000000;1381;EXCHANGE_LAST;;1;1;XEUR;11286680;689;
04.02.2025;10:29:13.073;FGBM SI 20250306 PS;SIMPLE_INSTRUMENT;EFS;EUR;34;117.63000000;485;EXCHANGE_LAST;;1;1;XEUR;11286680;689;
04.02.2025;10:38:49.396;FGBM SI 20250306 PS;SIMPLE_INSTRUMENT;EFP_FIN;EUR;35;117.63000000;98;EXCHANGE_LAST;;1;1;XEUR;11286680;689;
04.02.2025;10:55:42.792;FGBM SI 20250306 PS;SIMPLE_INSTRUMENT;EFS;EUR;36;117.65000000;1910;EXCHANGE_LAST;;1;1;XEUR;11286680;689;
04.02.2025;11:00:49.857;FGBM SI 20250306 PS;SIMPLE_INSTRUMENT;EFP_FIN;EUR;37;117.64000000;235;EXCHANGE_LAST;;1;1;XEUR;11286680;689;
04.02.2025;11:01:04.673;FGBM SI 20250306 PS;SIMPLE_INSTRUMENT;EFP_FIN;EUR;38;117.64000000;434;EXCHANGE_LAST;;1;1;XEUR;11286680;689;
04.02.2025;11:03:26.738;FGBM SI 20250306 PS;SIMPLE_INSTRUMENT;EFP_FIN;EUR;39;117.64000000;868;EXCHANGE_LAST;;1;1;XEUR;11286680;689;
04.02.2025;11:04:13.976;FGBM SI 20250306 PS;SIMPLE_INSTRUMENT;EFS;EUR;40;117.67000000;955;EXCHANGE_LAST;;1;1;XEUR;11286680;689;
04.02.2025;11:04:33.914;FGBM SI 20250306 PS;SIMPLE_INSTRUMENT;EFS;EUR;41;117.67000000;911;EXCHANGE_LAST;;1;1;XEUR;11286680;689;
04.02.2025;11:05:57.421;FGBM SI 20250306 PS;SIMPLE_INSTRUMENT;EFS;EUR;42;117.67000000;1972;EXCHANGE_LAST;;1;1;XEUR;11286680;689;
04.02.2025;11:07:58.010;FGBM SI 20250306 PS;SIMPLE_INSTRUMENT;EFS;EUR;43;117.69000000;79;EXCHANGE_LAST;;1;1;XEUR;11286680;689;
04.02.2025;11:10:15.595;FGBM SI 20250306 PS;SIMPLE_INSTRUMENT;EFS;EUR;44;117.67000000;456;EXCHANGE_LAST;;1;1;XEUR;11286680;689;
04.02.2025;11:30:41.004;FGBM SI 20250306 PS;SIMPLE_INSTRUMENT;EFS;EUR;45;117.68000000;764;EXCHANGE_LAST;;1;1;XEUR;11286680;689;
04.02.2025;11:32:34.876;FGBM SI 20250306 PS;SIMPLE_INSTRUMENT;EFP_FIN;EUR;46;117.61000000;168;EXCHANGE_LAST;;1;1;XEUR;11286680;689;
04.02.2025;11:38:07.864;FGBM SI 20250306 PS;SIMPLE_INSTRUMENT;EFS;EUR;47;117.67000000;912;EXCHANGE_LAST;;1;1;XEUR;11286680;689;
04.02.2025;11:40:23.534;FGBM SI 20250306 PS;SIMPLE_INSTRUMENT;EFP_FIN;EUR;48;117.69000000;262;EXCHANGE_LAST;;1;1;XEUR;11286680;689;
04.02.2025;11:58:22.636;FGBM SI 20250306 PS;SIMPLE_INSTRUMENT;EFP_FIN;EUR;49;117.68000000;258;EXCHANGE_LAST;;1;1;XEUR;11286680;689;
04.02.2025;11:59:20.393;FGBM SI 20250306 PS;SIMPLE_INSTRUMENT;EFS;EUR;50;117.67000000;483;EXCHANGE_LAST;;1;1;XEUR;11286680;689;
04.02.2025;12:03:03.864;FGBM SI 20250306 PS;SIMPLE_INSTRUMENT;EFS;EUR;51;117.66000000;986;EXCHANGE_LAST;;1;1;XEUR;11286680;689;
04.02.2025;12:15:18.277;FGBM SI 20250306 PS;SIMPLE_INSTRUMENT;EFS;EUR;52;117.66000000;986;EXCHANGE_LAST;;1;1;XEUR;11286680;689;
04.02.2025;12:23:43.881;FGBM SI 20250306 PS;SIMPLE_INSTRUMENT;EFS;EUR;53;117.65000000;911;EXCHANGE_LAST;;1;1;XEUR;11286680;689;
04.02.2025;12:41:30.936;FGBM SI 20250306 PS;SIMPLE_INSTRUMENT;EFP_FIN;EUR;54;117.66000000;227;EXCHANGE_LAST;;1;1;XEUR;11286680;689;
04.02.2025;12:41:07.401;FGBM SI 20250306 PS;SIMPLE_INSTRUMENT;EFP_FIN;EUR;55;117.68000000;228;EXCHANGE_LAST;;1;1;XEUR;11286680;689;
04.02.2025;12:46:08.873;FGBM SI 20250306 PS;SIMPLE_INSTRUMENT;EFP_FIN;EUR;56;117.66000000;454;EXCHANGE_LAST;;1;1;XEUR;11286680;689;
04.02.2025;12:51:10.963;FGBM SI 20250306 PS;SIMPLE_INSTRUMENT;EFS;EUR;57;117.68000000;483;EXCHANGE_LAST;;1;1;XEUR;11286680;689;
04.02.2025;12:56:01.212;FGBM SI 20250306 PS;SIMPLE_INSTRUMENT;EFS;EUR;58;117.68000000;456;EXCHANGE_LAST;;1;1;XEUR;11286680;689;
04.02.2025;13:06:05.611;FGBM SI 20250306 PS;SIMPLE_INSTRUMENT;EFP_FIN;EUR;59;117.65000000;462;EXCHANGE_LAST;;1;1;XEUR;11286680;689;
04.02.2025;13:11:33.250;FGBM SI 20250306 PS;SIMPLE_INSTRUMENT;EFS;EUR;60;117.64000000;912;EXCHANGE_LAST;;1;1;XEUR;11286680;689;
04.02.2025;13:16:11.602;FGBM SI 20250306 PS;SIMPLE_INSTRUMENT;EFP_FIN;EUR;61;117.65000000;289;EXCHANGE_LAST;;1;1;XEUR;11286680;689;
04.02.2025;13:20:31.690;FGBM SI 20250306 PS;SIMPLE_INSTRUMENT;EFP_FIN;EUR;62;117.61000000;421;EXCHANGE_LAST;;1;1;XEUR;11286680;689;
04.02.2025;13:22:24.302;FGBM SI 20250306 PS;SIMPLE_INSTRUMENT;BLOCK;EUR;63;117.61000000;7000;EXCHANGE_LAST;;1;1;XEUR;11286680;689;
04.02.2025;13:24:08.655;FGBM SI 20250306 PS;SIMPLE_INSTRUMENT;EFS;EUR;64;117.64000000;684;EXCHANGE_LAST;;1;1;XEUR;11286680;689;
04.02.2025;13:40:45.752;FGBM SI 20250306 PS;SIMPLE_INSTRUMENT;EFP_FIN;EUR;65;117.65000000;1875;EXCHANGE_LAST;;1;1;XEUR;11286680;689;
04.02.2025;13:43:02.917;FGBM SI 20250306 PS;SIMPLE_INSTRUMENT;EFS;EUR;66;117.60000000;456;EXCHANGE_LAST;;1;1;XEUR;11286680;689;
04.02.2025;13:44:16.656;FGBM SI 20250306 PS;SIMPLE_INSTRUMENT;EFS;EUR;67;117.59000000;478;EXCHANGE_LAST;;1;1;XEUR;11286680;689;
04.02.2025;13:44:09.549;FGBM SI 20250306 PS;SIMPLE_INSTRUMENT;EFS;EUR;68;117.60000000;863;EXCHANGE_LAST;;1;1;XEUR;11286680;689;
04.02.2025;13:44:15.129;FGBM SI 20250306 PS;SIMPLE_INSTRUMENT;EFS;EUR;69;117.60000000;456;EXCHANGE_LAST;;1;1;XEUR;11286680;689;
04.02.2025;13:45:44.619;FGBM SI 20250306 PS;SIMPLE_INSTRUMENT;EFS;EUR;70;117.61000000;1369;EXCHANGE_LAST;;1;1;XEUR;11286680;689;
04.02.2025;13:48:15.483;FGBM SI 20250306 PS;SIMPLE_INSTRUMENT;EFS;EUR;71;117.60000000;406;EXCHANGE_LAST;;1;1;XEUR;11286680;689;
04.02.2025;13:52:32.960;FGBM SI 20250306 PS;SIMPLE_INSTRUMENT;EFS;EUR;72;117.62000000;1913;EXCHANGE_LAST;;1;1;XEUR;11286680;689;
04.02.2025;13:57:08.801;FGBM SI 20250306 PS;SIMPLE_INSTRUMENT;EFP_FIN;EUR;73;117.62000000;1878;EXCHANGE_LAST;;1;1;XEUR;11286680;689;
04.02.2025;13:59:32.816;FGBM SI 20250306 PS;SIMPLE_INSTRUMENT;EFS;EUR;74;117.59000000;494;EXCHANGE_LAST;;1;1;XEUR;11286680;689;
04.02.2025;14:09:22.411;FGBM SI 20250306 PS;SIMPLE_INSTRUMENT;EFS;EUR;75;117.61000000;912;EXCHANGE_LAST;;1;1;XEUR;11286680;689;
04.02.2025;14:14:59.547;FGBM SI 20250306 PS;SIMPLE_INSTRUMENT;EFS;EUR;76;117.62000000;493;EXCHANGE_LAST;;1;1;XEUR;11286680;689;
04.02.2025;14:24:57.832;FGBM SI 20250306 PS;SIMPLE_INSTRUMENT;EFP_FIN;EUR;77;117.62000000;142;EXCHANGE_LAST;;1;1;XEUR;11286680;689;
04.02.2025;14:25:13.888;FGBM SI 20250306 PS;SIMPLE_INSTRUMENT;EFS;EUR;78;117.62000000;1973;EXCHANGE_LAST;;1;1;XEUR;11286680;689;
04.02.2025;14:40:10.106;FGBM SI 20250306 PS;SIMPLE_INSTRUMENT;EFS;EUR;81;117.61000000;987;EXCHANGE_LAST;;1;1;XEUR;11286680;689;
04.02.2025;14:53:52.522;FGBM SI 20250306 PS;SIMPLE_INSTRUMENT;EFP_FIN;EUR;82;117.69000000;148;EXCHANGE_LAST;;1;1;XEUR;11286680;689;
04.02.2025;14:52:23.168;FGBM SI 20250306 PS;SIMPLE_INSTRUMENT;EFS;EUR;83;117.67000000;1681;EXCHANGE_LAST;;1;1;XEUR;11286680;689;
04.02.2025;14:54:51.718;FGBM SI 20250306 PS;SIMPLE_INSTRUMENT;EFS;EUR;84;117.68000000;456;EXCHANGE_LAST;;1;1;XEUR;11286680;689;
04.02.2025;15:15:40.951;FGBM SI 20250306 PS;SIMPLE_INSTRUMENT;EFP_FIN;EUR;86;117.68000000;357;EXCHANGE_LAST;;1;1;XEUR;11286680;689;
04.02.2025;15:20:27.582;FGBM SI 20250306 PS;SIMPLE_INSTRUMENT;EFP_FIN;EUR;87;117.69000000;95;EXCHANGE_LAST;;1;1;XEUR;11286680;689;
04.02.2025;15:22:44.498;FGBM SI 20250306 PS;SIMPLE_INSTRUMENT;EFP_FIN;EUR;88;117.70000000;184;EXCHANGE_LAST;;1;1;XEUR;11286680;689;
04.02.2025;15:33:50.938;FGBM SI 20250306 PS;SIMPLE_INSTRUMENT;EFS;EUR;89;117.70000000;862;EXCHANGE_LAST;;1;1;XEUR;11286680;689;
04.02.2025;15:34:03.612;FGBM SI 20250306 PS;SIMPLE_INSTRUMENT;EFS;EUR;90;117.68000000;911;EXCHANGE_LAST;;1;1;XEUR;11286680;689;
04.02.2025;16:00:17.785;FGBM SI 20250306 PS;SIMPLE_INSTRUMENT;EFS;EUR;91;117.70000000;912;EXCHANGE_LAST;;1;1;XEUR;11286680;689;
04.02.2025;16:05:12.312;FGBM SI 20250306 PS;SIMPLE_INSTRUMENT;EFS;EUR;93;117.71000000;493;EXCHANGE_LAST;;1;1;XEUR;11286680;689;
04.02.2025;16:08:03.182;FGBM SI 20250306 PS;SIMPLE_INSTRUMENT;EFS;EUR;94;117.74000000;912;EXCHANGE_LAST;;1;1;XEUR;11286680;689;
04.02.2025;16:12:44.562;FGBM SI 20250306 PS;SIMPLE_INSTRUMENT;EFS;EUR;95;117.74000000;455;EXCHANGE_LAST;;1;1;XEUR;11286680;689;
04.02.2025;16:15:19.853;FGBM SI 20250306 PS;SIMPLE_INSTRUMENT;EFS;EUR;96;117.68000000;3944;EXCHANGE_LAST;;1;1;XEUR;11286680;689;
04.02.2025;16:18:21.623;FGBM SI 20250306 PS;SIMPLE_INSTRUMENT;EFP_FIN;EUR;97;117.66000000;390;EXCHANGE_LAST;;1;1;XEUR;11286680;689;
04.02.2025;16:28:12.446;FGBM SI 20250306 PS;SIMPLE_INSTRUMENT;EFS;EUR;98;117.76000000;455;EXCHANGE_LAST;;1;1;XEUR;11286680;689;
04.02.2025;16:29:28.485;FGBM SI 20250306 PS;SIMPLE_INSTRUMENT;EFS;EUR;99;117.71000000;1972;EXCHANGE_LAST;;1;1;XEUR;11286680;689;
04.02.2025;16:29:43.149;FGBM SI 20250306 PS;SIMPLE_INSTRUMENT;EFS;EUR;100;117.77000000;455;EXCHANGE_LAST;;1;1;XEUR;11286680;689;
04.02.2025;16:33:01.831;FGBM SI 20250306 PS;SIMPLE_INSTRUMENT;EFS;EUR;101;117.77000000;3000;EXCHANGE_LAST;;1;1;XEUR;11286680;689;
04.02.2025;16:35:56.523;FGBM SI 20250306 PS;SIMPLE_INSTRUMENT;EFS;EUR;102;117.76000000;912;EXCHANGE_LAST;;1;1;XEUR;11286680;689;
04.02.2025;16:36:16.337;FGBM SI 20250306 PS;SIMPLE_INSTRUMENT;EFS;EUR;103;117.78000000;862;EXCHANGE_LAST;;1;1;XEUR;11286680;689;
04.02.2025;16:36:37.438;FGBM SI 20250306 PS;SIMPLE_INSTRUMENT;EFP_FIN;EUR;104;117.74000000;106;EXCHANGE_LAST;;1;1;XEUR;11286680;689;
04.02.2025;16:36:37.478;FGBM SI 20250306 PS;SIMPLE_INSTRUMENT;EFP_FIN;EUR;105;117.74000000;310;EXCHANGE_LAST;;1;1;XEUR;11286680;689;
04.02.2025;16:44:35.078;FGBM SI 20250306 PS;SIMPLE_INSTRUMENT;EFP_FIN;EUR;106;117.76000000;431;EXCHANGE_LAST;;1;1;XEUR;11286680;689;
04.02.2025;16:44:58.573;FGBM SI 20250306 PS;SIMPLE_INSTRUMENT;EFP_FIN;EUR;107;117.76000000;432;EXCHANGE_LAST;;1;1;XEUR;11286680;689;
04.02.2025;16:46:11.986;FGBM SI 20250306 PS;SIMPLE_INSTRUMENT;EFS;EUR;108;117.75000000;912;EXCHANGE_LAST;;1;1;XEUR;11286680;689;
04.02.2025;16:47:42.058;FGBM SI 20250306 PS;SIMPLE_INSTRUMENT;EFS;EUR;109;117.76000000;912;EXCHANGE_LAST;;1;1;XEUR;11286680;689;
04.02.2025;17:04:26.208;FGBM SI 20250306 PS;SIMPLE_INSTRUMENT;EFS;EUR;110;117.76000000;190;EXCHANGE_LAST;;1;1;XEUR;11286680;689;
04.02.2025;17:04:48.813;FGBM SI 20250306 PS;SIMPLE_INSTRUMENT;EFS;EUR;111;117.75000000;912;EXCHANGE_LAST;;1;1;XEUR;11286680;689;
04.02.2025;17:05:33.899;FGBM SI 20250306 PS;SIMPLE_INSTRUMENT;EFS;EUR;112;117.75000000;912;EXCHANGE_LAST;;1;1;XEUR;11286680;689;
04.02.2025;17:12:51.585;FGBM SI 20250306 PS;SIMPLE_INSTRUMENT;EFS;EUR;113;117.76000000;862;EXCHANGE_LAST;;1;1;XEUR;11286680;689;
04.02.2025;17:45:40.945;FGBM SI 20250306 PS;SIMPLE_INSTRUMENT;EFS;EUR;114;117.69000000;626;EXCHANGE_LAST;;1;1;XEUR;11286680;689;
04.02.2025;09:33:48.204;FGBM SI 20250306 PS;SIMPLE_INSTRUMENT;VOLA;EUR;268435481;117.70000000;121;EXCHANGE_LAST;;1;1;XEUR;11286680;689;
04.02.2025;08:58:54.623;FGBS SI 20250306 PS;SIMPLE_INSTRUMENT;EFP_FIN;EUR;1;106.90000000;1403;EXCHANGE_LAST;;1;1;XEUR;11286681;690;
04.02.2025;09:00:18.750;FGBS SI 20250306 PS;SIMPLE_INSTRUMENT;EFP_FIN;EUR;2;106.92000000;1524;EXCHANGE_LAST;;1;1;XEUR;11286681;690;
04.02.2025;09:12:25.458;FGBS SI 20250306 PS;SIMPLE_INSTRUMENT;EFS;EUR;3;106.91000000;4103;EXCHANGE_LAST;;1;1;XEUR;11286681;690;
04.02.2025;09:16:09.213;FGBS SI 20250306 PS;SIMPLE_INSTRUMENT;EFS;EUR;4;106.91500000;2735;EXCHANGE_LAST;;1;1;XEUR;11286681;690;
04.02.2025;09:19:48.641;FGBS SI 20250306 PS;SIMPLE_INSTRUMENT;EFS;EUR;5;106.90000000;2736;EXCHANGE_LAST;;1;1;XEUR;11286681;690;
04.02.2025;09:21:33.588;FGBS SI 20250306 PS;SIMPLE_INSTRUMENT;EFS;EUR;6;106.91500000;2735;EXCHANGE_LAST;;1;1;XEUR;11286681;690;
04.02.2025;09:37:20.469;FGBS SI 20250306 PS;SIMPLE_INSTRUMENT;EFS;EUR;7;106.90500000;1906;EXCHANGE_LAST;;1;1;XEUR;11286681;690;
04.02.2025;09:56:11.167;FGBS SI 20250306 PS;SIMPLE_INSTRUMENT;EFP_FIN;EUR;8;106.92000000;208;EXCHANGE_LAST;;1;1;XEUR;11286681;690;
04.02.2025;10:06:17.872;FGBS SI 20250306 PS;SIMPLE_INSTRUMENT;EFP_FIN;EUR;9;106.90000000;189;EXCHANGE_LAST;;1;1;XEUR;11286681;690;
04.02.2025;10:07:22.474;FGBS SI 20250306 PS;SIMPLE_INSTRUMENT;EFP_FIN;EUR;10;106.90000000;157;EXCHANGE_LAST;;1;1;XEUR;11286681;690;
04.02.2025;10:07:42.146;FGBS SI 20250306 PS;SIMPLE_INSTRUMENT;EFP_FIN;EUR;11;106.90000000;157;EXCHANGE_LAST;;1;1;XEUR;11286681;690;
04.02.2025;10:15:18.097;FGBS SI 20250306 PS;SIMPLE_INSTRUMENT;EFS;EUR;12;106.88500000;2616;EXCHANGE_LAST;;1;1;XEUR;11286681;690;
04.02.2025;10:15:22.644;FGBS SI 20250306 PS;SIMPLE_INSTRUMENT;EFS;EUR;13;106.88500000;2736;EXCHANGE_LAST;;1;1;XEUR;11286681;690;
04.02.2025;10:29:08.268;FGBS SI 20250306 PS;SIMPLE_INSTRUMENT;EFS;EUR;14;106.88000000;2736;EXCHANGE_LAST;;1;1;XEUR;11286681;690;
04.02.2025;10:31:58.121;FGBS SI 20250306 PS;SIMPLE_INSTRUMENT;EFS;EUR;15;106.88000000;2736;EXCHANGE_LAST;;1;1;XEUR;11286681;690;
04.02.2025;10:32:07.694;FGBS SI 20250306 PS;SIMPLE_INSTRUMENT;EFS;EUR;16;106.88000000;5473;EXCHANGE_LAST;;1;1;XEUR;11286681;690;
04.02.2025;10:44:54.765;FGBS SI 20250306 PS;SIMPLE_INSTRUMENT;EFS;EUR;17;106.88000000;5297;EXCHANGE_LAST;;1;1;XEUR;11286681;690;
04.02.2025;10:47:07.921;FGBS SI 20250306 PS;SIMPLE_INSTRUMENT;EFS;EUR;18;106.88000000;5314;EXCHANGE_LAST;;1;1;XEUR;11286681;690;
04.02.2025;10:46:59.232;FGBS SI 20250306 PS;SIMPLE_INSTRUMENT;EFP_FIN;EUR;19;106.88000000;563;EXCHANGE_LAST;;1;1;XEUR;11286681;690;
04.02.2025;10:55:15.765;FGBS SI 20250306 PS;SIMPLE_INSTRUMENT;EFP_FIN;EUR;20;106.88000000;813;EXCHANGE_LAST;;1;1;XEUR;11286681;690;
04.02.2025;11:02:20.967;FGBS SI 20250306 PS;SIMPLE_INSTRUMENT;EFS;EUR;21;106.90000000;1642;EXCHANGE_LAST;;1;1;XEUR;11286681;690;
04.02.2025;11:03:36.973;FGBS SI 20250306 PS;SIMPLE_INSTRUMENT;EFS;EUR;22;106.90000000;1324;EXCHANGE_LAST;;1;1;XEUR;11286681;690;
04.02.2025;11:04:53.769;FGBS SI 20250306 PS;SIMPLE_INSTRUMENT;EFS;EUR;23;106.89500000;2736;EXCHANGE_LAST;;1;1;XEUR;11286681;690;
04.02.2025;11:09:30.682;FGBS SI 20250306 PS;SIMPLE_INSTRUMENT;EFS;EUR;24;106.89500000;3972;EXCHANGE_LAST;;1;1;XEUR;11286681;690;
04.02.2025;11:43:03.562;FGBS SI 20250306 PS;SIMPLE_INSTRUMENT;EFS;EUR;25;106.89500000;2761;EXCHANGE_LAST;;1;1;XEUR;11286681;690;
04.02.2025;12:05:51.798;FGBS SI 20250306 PS;SIMPLE_INSTRUMENT;EFP_FIN;EUR;26;106.90000000;1191;EXCHANGE_LAST;;1;1;XEUR;11286681;690;
04.02.2025;12:14:22.188;FGBS SI 20250306 PS;SIMPLE_INSTRUMENT;EFS;EUR;27;106.89000000;1368;EXCHANGE_LAST;;1;1;XEUR;11286681;690;
04.02.2025;12:32:26.907;FGBS SI 20250306 PS;SIMPLE_INSTRUMENT;EFP_FIN;EUR;28;106.90000000;220;EXCHANGE_LAST;;1;1;XEUR;11286681;690;
04.02.2025;12:32:38.669;FGBS SI 20250306 PS;SIMPLE_INSTRUMENT;EFS;EUR;29;106.89000000;1094;EXCHANGE_LAST;;1;1;XEUR;11286681;690;
04.02.2025;13:20:01.210;FGBS SI 20250306 PS;SIMPLE_INSTRUMENT;EFS;EUR;30;106.88500000;1377;EXCHANGE_LAST;;1;1;XEUR;11286681;690;
04.02.2025;14:20:30.325;FGBS SI 20250306 PS;SIMPLE_INSTRUMENT;EFS;EUR;31;106.88000000;2736;EXCHANGE_LAST;;1;1;XEUR;11286681;690;
04.02.2025;14:23:25.388;FGBS SI 20250306 PS;SIMPLE_INSTRUMENT;EFS;EUR;33;106.88500000;10573;EXCHANGE_LAST;;1;1;XEUR;11286681;690;
04.02.2025;14:26:41.761;FGBS SI 20250306 PS;SIMPLE_INSTRUMENT;EFS;EUR;34;106.88000000;1500;EXCHANGE_LAST;;1;1;XEUR;11286681;690;
04.02.2025;14:28:58.632;FGBS SI 20250306 PS;SIMPLE_INSTRUMENT;EFS;EUR;35;106.88000000;2500;EXCHANGE_LAST;;1;1;XEUR;11286681;690;
04.02.2025;14:29:41.190;FGBS SI 20250306 PS;SIMPLE_INSTRUMENT;EFP_FIN;EUR;36;106.90000000;467;EXCHANGE_LAST;;1;1;XEUR;11286681;690;
04.02.2025;14:35:30.544;FGBS SI 20250306 PS;SIMPLE_INSTRUMENT;EFS;EUR;37;106.89500000;2736;EXCHANGE_LAST;;1;1;XEUR;11286681;690;
04.02.2025;14:36:35.277;FGBS SI 20250306 PS;SIMPLE_INSTRUMENT;EFS;EUR;38;106.88500000;2736;EXCHANGE_LAST;;1;1;XEUR;11286681;690;
04.02.2025;14:38:43.101;FGBS SI 20250306 PS;SIMPLE_INSTRUMENT;EFS;EUR;39;106.88000000;1368;EXCHANGE_LAST;;1;1;XEUR;11286681;690;
04.02.2025;14:44:21.582;FGBS SI 20250306 PS;SIMPLE_INSTRUMENT;EFS;EUR;40;106.88000000;2736;EXCHANGE_LAST;;1;1;XEUR;11286681;690;
04.02.2025;14:45:13.598;FGBS SI 20250306 PS;SIMPLE_INSTRUMENT;EFS;EUR;41;106.88500000;10573;EXCHANGE_LAST;;1;1;XEUR;11286681;690;
04.02.2025;14:45:54.952;FGBS SI 20250306 PS;SIMPLE_INSTRUMENT;EFS;EUR;42;106.90000000;2736;EXCHANGE_LAST;;1;1;XEUR;11286681;690;
04.02.2025;14:47:11.153;FGBS SI 20250306 PS;SIMPLE_INSTRUMENT;EFS;EUR;43;106.88000000;2541;EXCHANGE_LAST;;1;1;XEUR;11286681;690;
04.02.2025;14:49:32.106;FGBS SI 20250306 PS;SIMPLE_INSTRUMENT;EFS;EUR;44;106.89000000;5419;EXCHANGE_LAST;;1;1;XEUR;11286681;690;
04.02.2025;15:15:56.394;FGBS SI 20250306 PS;SIMPLE_INSTRUMENT;EFS;EUR;45;106.89000000;5419;EXCHANGE_LAST;;1;1;XEUR;11286681;690;
04.02.2025;15:27:22.110;FGBS SI 20250306 PS;SIMPLE_INSTRUMENT;EFS;EUR;46;106.90500000;5281;EXCHANGE_LAST;;1;1;XEUR;11286681;690;
04.02.2025;16:01:15.264;FGBS SI 20250306 PS;SIMPLE_INSTRUMENT;EFS;EUR;47;106.89500000;2736;EXCHANGE_LAST;;1;1;XEUR;11286681;690;
04.02.2025;16:01:24.478;FGBS SI 20250306 PS;SIMPLE_INSTRUMENT;EFS;EUR;48;106.90500000;2736;EXCHANGE_LAST;;1;1;XEUR;11286681;690;
04.02.2025;16:13:26.387;FGBS SI 20250306 PS;SIMPLE_INSTRUMENT;EFS;EUR;49;106.91500000;5281;EXCHANGE_LAST;;1;1;XEUR;11286681;690;
04.02.2025;16:13:40.277;FGBS SI 20250306 PS;SIMPLE_INSTRUMENT;EFS;EUR;50;106.90500000;2730;EXCHANGE_LAST;;1;1;XEUR;11286681;690;
04.02.2025;16:20:42.238;FGBS SI 20250306 PS;SIMPLE_INSTRUMENT;EFS;EUR;51;106.93000000;5469;EXCHANGE_LAST;;1;1;XEUR;11286681;690;
04.02.2025;16:21:31.957;FGBS SI 20250306 PS;SIMPLE_INSTRUMENT;EFS;EUR;52;106.90000000;2726;EXCHANGE_LAST;;1;1;XEUR;11286681;690;
04.02.2025;16:23:58.605;FGBS SI 20250306 PS;SIMPLE_INSTRUMENT;EFP_FIN;EUR;53;106.92000000;183;EXCHANGE_LAST;;1;1;XEUR;11286681;690;
04.02.2025;16:29:58.052;FGBS SI 20250306 PS;SIMPLE_INSTRUMENT;EFS;EUR;54;106.93000000;6325;EXCHANGE_LAST;;1;1;XEUR;11286681;690;
04.02.2025;16:31:51.126;FGBS SI 20250306 PS;SIMPLE_INSTRUMENT;EFS;EUR;55;106.92500000;3000;EXCHANGE_LAST;;1;1;XEUR;11286681;690;
04.02.2025;16:34:24.306;FGBS SI 20250306 PS;SIMPLE_INSTRUMENT;EFS;EUR;56;106.92500000;6325;EXCHANGE_LAST;;1;1;XEUR;11286681;690;
04.02.2025;16:37:45.514;FGBS SI 20250306 PS;SIMPLE_INSTRUMENT;EFS;EUR;57;106.91500000;3162;EXCHANGE_LAST;;1;1;XEUR;11286681;690;
04.02.2025;16:53:16.322;FGBS SI 20250306 PS;SIMPLE_INSTRUMENT;EFS;EUR;58;106.92500000;986;EXCHANGE_LAST;;1;1;XEUR;11286681;690;
04.02.2025;13:01:36.190;FGBS SI 20250606 PS;SIMPLE_INSTRUMENT;VOLA;EUR;268435520;106.99000000;190;EXCHANGE_LAST;;1;1;XEUR;11820391;690;
04.02.2025;08:38:09.988;FGBX SI 20250306 PS;SIMPLE_INSTRUMENT;EFS;EUR;1;129.98000000;94;EXCHANGE_LAST;;1;1;XEUR;11286682;691;
04.02.2025;09:34:24.109;FGBX SI 20250306 PS;SIMPLE_INSTRUMENT;EFP_FIN;EUR;3;130.12000000;149;EXCHANGE_LAST;;1;1;XEUR;11286682;691;
04.02.2025;09:56:25.310;FGBX SI 20250306 PS;SIMPLE_INSTRUMENT;EFS;EUR;5;129.98000000;132;EXCHANGE_LAST;;1;1;XEUR;11286682;691;
04.02.2025;10:20:59.692;FGBX SI 20250306 PS;SIMPLE_INSTRUMENT;EFS;EUR;9;130.20000000;375;EXCHANGE_LAST;;1;1;XEUR;11286682;691;
04.02.2025;10:34:11.702;FGBX SI 20250306 PS;SIMPLE_INSTRUMENT;EFS;EUR;11;129.86000000;188;EXCHANGE_LAST;;1;1;XEUR;11286682;691;
04.02.2025;10:40:12.585;FGBX SI 20250306 PS;SIMPLE_INSTRUMENT;EFP_FIN;EUR;12;129.86000000;180;EXCHANGE_LAST;;1;1;XEUR;11286682;691;
04.02.2025;10:48:56.771;FGBX SI 20250306 PS;SIMPLE_INSTRUMENT;EFP_FIN;EUR;13;129.94000000;91;EXCHANGE_LAST;;1;1;XEUR;11286682;691;
04.02.2025;11:01:30.953;FGBX SI 20250306 PS;SIMPLE_INSTRUMENT;EFS;EUR;14;130.06000000;73;EXCHANGE_LAST;;1;1;XEUR;11286682;691;
04.02.2025;11:10:39.776;FGBX SI 20250306 PS;SIMPLE_INSTRUMENT;EFP_FIN;EUR;16;130.02000000;156;EXCHANGE_LAST;;1;1;XEUR;11286682;691;
04.02.2025;11:39:47.231;FGBX SI 20250306 PS;SIMPLE_INSTRUMENT;EFP_FIN;EUR;17;130.08000000;50;EXCHANGE_LAST;;1;1;XEUR;11286682;691;
04.02.2025;13:22:56.413;FGBX SI 20250306 PS;SIMPLE_INSTRUMENT;EFP_FIN;EUR;23;129.98000000;93;EXCHANGE_LAST;;1;1;XEUR;11286682;691;
04.02.2025;13:23:15.824;FGBX SI 20250306 PS;SIMPLE_INSTRUMENT;BLOCK;EUR;24;129.96000000;261;EXCHANGE_LAST;;1;1;XEUR;11286682;691;
04.02.2025;13:24:26.890;FGBX SI 20250306 PS;SIMPLE_INSTRUMENT;BLOCK;EUR;25;130.00000000;261;EXCHANGE_LAST;;1;1;XEUR;11286682;691;
04.02.2025;13:30:15.596;FGBX SI 20250306 PS;SIMPLE_INSTRUMENT;EFP_FIN;EUR;26;129.88000000;200;EXCHANGE_LAST;;1;1;XEUR;11286682;691;
04.02.2025;13:44:59.766;FGBX SI 20250306 PS;SIMPLE_INSTRUMENT;EFP_FIN;EUR;27;130.08000000;363;EXCHANGE_LAST;;1;1;XEUR;11286682;691;
04.02.2025;14:09:37.839;FGBX SI 20250306 PS;SIMPLE_INSTRUMENT;EFP_FIN;EUR;29;129.82000000;182;EXCHANGE_LAST;;1;1;XEUR;11286682;691;
04.02.2025;14:18:22.163;FGBX SI 20250306 PS;SIMPLE_INSTRUMENT;EFP_FIN;EUR;30;129.74000000;180;EXCHANGE_LAST;;1;1;XEUR;11286682;691;
04.02.2025;14:21:52.516;FGBX SI 20250306 PS;SIMPLE_INSTRUMENT;EFS;EUR;31;129.94000000;188;EXCHANGE_LAST;;1;1;XEUR;11286682;691;
04.02.2025;14:45:04.162;FGBX SI 20250306 PS;SIMPLE_INSTRUMENT;EFS;EUR;33;130.18000000;362;EXCHANGE_LAST;;1;1;XEUR;11286682;691;
04.02.2025;15:10:15.537;FGBX SI 20250306 PS;SIMPLE_INSTRUMENT;BLOCK;EUR;36;130.30000000;188;EXCHANGE_LAST;;1;1;XEUR;11286682;691;
04.02.2025;15:38:56.116;FGBX SI 20250306 PS;SIMPLE_INSTRUMENT;EFS;EUR;37;130.30000000;112;EXCHANGE_LAST;;1;1;XEUR;11286682;691;
04.02.2025;15:47:05.135;FGBX SI 20250306 PS;SIMPLE_INSTRUMENT;EFP_FIN;EUR;38;130.30000000;61;EXCHANGE_LAST;;1;1;XEUR;11286682;691;
04.02.2025;15:53:43.626;FGBX SI 20250306 PS;SIMPLE_INSTRUMENT;EFP_FIN;EUR;39;130.34000000;180;EXCHANGE_LAST;;1;1;XEUR;11286682;691;
04.02.2025;15:56:22.091;FGBX SI 20250306 PS;SIMPLE_INSTRUMENT;EFS;EUR;40;130.36000000;180;EXCHANGE_LAST;;1;1;XEUR;11286682;691;
04.02.2025;16:03:49.869;FGBX SI 20250306 PS;SIMPLE_INSTRUMENT;EFS;EUR;41;130.48000000;180;EXCHANGE_LAST;;1;1;XEUR;11286682;691;
04.02.2025;16:07:18.565;FGBX SI 20250306 PS;SIMPLE_INSTRUMENT;EFP_FIN;EUR;42;130.28000000;180;EXCHANGE_LAST;;1;1;XEUR;11286682;691;
04.02.2025;16:15:18.224;FGBX SI 20250306 PS;SIMPLE_INSTRUMENT;EFS;EUR;43;130.26000000;749;EXCHANGE_LAST;;1;1;XEUR;11286682;691;
04.02.2025;17:03:10.702;FGBX SI 20250306 PS;SIMPLE_INSTRUMENT;EFS;EUR;48;130.66000000;36;EXCHANGE_LAST;;1;1;XEUR;11286682;691;
04.02.2025;17:33:16.928;FGBX SI 20250306 PS;SIMPLE_INSTRUMENT;EFS;EUR;49;130.76000000;91;EXCHANGE_LAST;;1;1;XEUR;11286682;691;
04.02.2025;11:18:02.387;FIA5 SI 20251218 PS AM P 11.00 0;SIMPLE_INSTRUMENT;BLOCK;EUR;10;0.92500000;1000;EXCHANGE_LAST;;1;1;XEUR;12423828;48227;
04.02.2025;08:04:29.194;FMAE SI 20250321 CS;SIMPLE_INSTRUMENT;EFP_IDX;EUR;22;425.83000000;300;EXCHANGE_LAST;;1;1;XEUR;7590772;48921;
04.02.2025;16:49:35.341;FMCP SI 20250321 CS;SIMPLE_INSTRUMENT;BLOCK;EUR;85;557.40000000;111;EXCHANGE_LAST;;1;1;XEUR;11359149;662;
04.02.2025;16:49:58.739;FMCP SI 20250321 CS;SIMPLE_INSTRUMENT;BLOCK;EUR;86;557.50000000;112;EXCHANGE_LAST;;1;1;XEUR;11359149;662;
04.02.2025;08:48:14.414;FMED SI 20250321 CS;SIMPLE_INSTRUMENT;BLOCK;USD;24;9646.41000000;525;EXCHANGE_LAST;;1;1;XEUR;7590729;48144;
04.02.2025;08:58:46.847;FMED SI 20250321 CS;SIMPLE_INSTRUMENT;BLOCK;USD;25;9646.41000000;1045;EXCHANGE_LAST;;1;1;XEUR;7590729;48144;
04.02.2025;09:46:46.570;FMEE SI 20250321 CS;SIMPLE_INSTRUMENT;BLOCK;USD;26;324.75000000;305;EXCHANGE_LAST;;1;1;XEUR;7589846;12396;
04.02.2025;09:46:58.832;FMEE SI 20250321 CS;SIMPLE_INSTRUMENT;BLOCK;USD;27;324.91100000;375;EXCHANGE_LAST;;1;1;XEUR;7589846;12396;
04.02.2025;09:50:44.191;FMEE SI 20250321 CS;SIMPLE_INSTRUMENT;BLOCK;USD;28;324.75000000;160;EXCHANGE_LAST;;1;1;XEUR;7589846;12396;
04.02.2025;10:06:08.859;FMEE SI 20250321 CS;SIMPLE_INSTRUMENT;BLOCK;USD;29;324.91100000;150;EXCHANGE_LAST;;1;1;XEUR;7589846;12396;
04.02.2025;10:05:22.452;FMEE SI 20250321 CS;SIMPLE_INSTRUMENT;BLOCK;USD;30;324.75000000;200;EXCHANGE_LAST;;1;1;XEUR;7589846;12396;
04.02.2025;12:19:28.138;FMEF SI 20250919 CS;SIMPLE_INSTRUMENT;VOLA;USD;603979806;1105.00000000;360;EXCHANGE_LAST;;1;1;XEUR;7408966;30657;
04.02.2025;08:09:19.804;FMEL SI 20250321 CS;SIMPLE_INSTRUMENT;BLOCK;USD;23;518.82400000;183;EXCHANGE_LAST;;1;1;XEUR;7589856;12397;
04.02.2025;07:23:56.634;FMEN SI 20250321 CS;SIMPLE_INSTRUMENT;EFP_IDX;EUR;11;524.24000000;194;EXCHANGE_LAST;;1;1;XEUR;7590212;30652;
04.02.2025;07:24:05.040;FMEN SI 20250321 CS;SIMPLE_INSTRUMENT;EFP_IDX;EUR;12;524.23000000;32;EXCHANGE_LAST;;1;1;XEUR;7590212;30652;
04.02.2025;07:49:29.135;FMEN SI 20250321 CS;SIMPLE_INSTRUMENT;BLOCK;EUR;19;523.92500000;58;EXCHANGE_LAST;;1;1;XEUR;7590212;30652;
04.02.2025;06:53:05.253;FMES SI 20250321 CS;SIMPLE_INSTRUMENT;EFP_IDX;EUR;7;576.02300000;7;EXCHANGE_LAST;;1;1;XEUR;7591454;221291;
04.02.2025;07:42:31.219;FMEU SI 20250321 CS;SIMPLE_INSTRUMENT;BLOCK;EUR;16;356.11000000;280;EXCHANGE_LAST;;1;1;XEUR;7589708;7058;
04.02.2025;14:45:35.269;FMGO SI 20250321 CS;SIMPLE_INSTRUMENT;BLOCK;USD;34;5290.00000000;221;EXCHANGE_LAST;;1;1;XEUR;8609359;583623;
04.02.2025;01:43:39.517;FMID SI 20250321 CS;SIMPLE_INSTRUMENT;BLOCK;USD;1;1542.37100000;120;EXCHANGE_LAST;;1;1;XEUR;7590528;45289;
04.02.2025;08:18:05.739;FMID SI 20250321 CS;SIMPLE_INSTRUMENT;BLOCK;USD;4;1542.37200000;191;EXCHANGE_LAST;;1;1;XEUR;7590528;45289;
04.02.2025;00:26:24.031;FMIN SI 20250321 CS;SIMPLE_INSTRUMENT;EFP_IDX;USD;1;1196.34800000;17;EXCHANGE_LAST;;1;1;XEUR;7589865;12404;
04.02.2025;00:40:33.487;FMIN SI 20250321 CS;SIMPLE_INSTRUMENT;BLOCK;USD;2;1196.94600000;10;EXCHANGE_LAST;;1;1;XEUR;7589865;12404;
04.02.2025;03:43:51.374;FMIN SI 20250321 CS;SIMPLE_INSTRUMENT;BLOCK;USD;5;1196.34800000;200;EXCHANGE_LAST;;1;1;XEUR;7589865;12404;
04.02.2025;03:49:24.910;FMIN SI 20250321 CS;SIMPLE_INSTRUMENT;BLOCK;USD;6;1195.51500000;400;EXCHANGE_LAST;;1;1;XEUR;7589865;12404;
04.02.2025;07:49:01.530;FMIN SI 20250321 CS;SIMPLE_INSTRUMENT;BLOCK;USD;17;1195.75300000;63;EXCHANGE_LAST;;1;1;XEUR;7589865;12404;
04.02.2025;10:13:55.199;FMIN SI 20250321 CS;SIMPLE_INSTRUMENT;BLOCK;USD;31;1216.65500000;69;EXCHANGE_LAST;;1;1;XEUR;7589865;12404;
04.02.2025;03:08:20.448;FMMY SI 20250321 CS;SIMPLE_INSTRUMENT;BLOCK;USD;4;375.75900000;53;EXCHANGE_LAST;;1;1;XEUR;7589866;12405;
04.02.2025;12:25:59.622;FMSA SI 20250321 CS;SIMPLE_INSTRUMENT;BLOCK;USD;33;1841.25000000;108;EXCHANGE_LAST;;1;1;XEUR;7591259;134861;
04.02.2025;01:45:40.454;FMTH SI 20250321 CS;SIMPLE_INSTRUMENT;BLOCK;USD;3;1114.12400000;337;EXCHANGE_LAST;;1;1;XEUR;7589913;12681;
04.02.2025;08:21:16.976;FMUA SI 20250321 CS;SIMPLE_INSTRUMENT;BLOCK;USD;5;919.84000000;10;EXCHANGE_LAST;;1;1;XEUR;7590507;45284;
04.02.2025;11:02:19.769;FMUA SI 20250321 CS;SIMPLE_INSTRUMENT;BLOCK;USD;6;917.57000000;79;EXCHANGE_LAST;;1;1;XEUR;7590507;45284;
04.02.2025;14:06:20.668;FMUA SI 20250321 CS;SIMPLE_INSTRUMENT;BLOCK;USD;7;918.87000000;21;EXCHANGE_LAST;;1;1;XEUR;7590507;45284;
04.02.2025;07:29:14.578;FMWN SI 20250321 CS;SIMPLE_INSTRUMENT;BLOCK;EUR;14;599.91000000;773;EXCHANGE_LAST;;1;1;XEUR;7590222;30654;
04.02.2025;07:38:43.049;FMWN SI 20250321 CS;SIMPLE_INSTRUMENT;EFP_IDX;EUR;15;599.91000000;10;EXCHANGE_LAST;;1;1;XEUR;7590222;30654;
04.02.2025;07:48:27.233;FMWN SI 20250321 CS;SIMPLE_INSTRUMENT;BLOCK;EUR;18;599.05000000;140;EXCHANGE_LAST;;1;1;XEUR;7590222;30654;
04.02.2025;06:54:02.608;FMWO SI 20250321 CS;SIMPLE_INSTRUMENT;EFP_IDX;USD;8;12092.74000000;148;EXCHANGE_LAST;;1;1;XEUR;7589707;7059;
04.02.2025;07:21:47.793;FMWO SI 20250321 CS;SIMPLE_INSTRUMENT;BLOCK;USD;9;12093.23000000;220;EXCHANGE_LAST;;1;1;XEUR;7589707;7059;
04.02.2025;07:22:54.984;FMWO SI 20250321 CS;SIMPLE_INSTRUMENT;EFP_IDX;USD;10;12092.00000000;55;EXCHANGE_LAST;;1;1;XEUR;7589707;7059;
04.02.2025;15:56:55.162;FMWP SI 20250321 CS;SIMPLE_INSTRUMENT;BLOCK;USD;36;3840.50000000;3130;EXCHANGE_LAST;;1;1;XEUR;7408973;30656;
04.02.2025;15:57:09.216;FMWP SI 20291221 CS;SIMPLE_INSTRUMENT;BLOCK;USD;37;4499.14600000;3130;EXCHANGE_LAST;;1;1;XEUR;12515981;30656;
04.02.2025;08:02:26.591;FMWZ SI 20250321 CS;SIMPLE_INSTRUMENT;BLOCK;USD;21;1295.09000000;2234;EXCHANGE_LAST;;1;1;XEUR;9508166;674556;
04.02.2025;07:53:04.178;FOAT SI 20250306 PS;SIMPLE_INSTRUMENT;EFS;EUR;1;123.96000000;262;EXCHANGE_LAST;;1;1;XEUR;11286683;749;
04.02.2025;08:25:30.069;FOAT SI 20250306 PS;SIMPLE_INSTRUMENT;EFP_FIN;EUR;2;123.93000000;260;EXCHANGE_LAST;;1;1;XEUR;11286683;749;
04.02.2025;08:31:59.565;FOAT SI 20250306 PS;SIMPLE_INSTRUMENT;EFP_FIN;EUR;3;123.93000000;355;EXCHANGE_LAST;;1;1;XEUR;11286683;749;
04.02.2025;08:34:45.716;FOAT SI 20250306 PS;SIMPLE_INSTRUMENT;EFP_FIN;EUR;4;123.95000000;834;EXCHANGE_LAST;;1;1;XEUR;11286683;749;
04.02.2025;08:58:08.918;FOAT SI 20250306 PS;SIMPLE_INSTRUMENT;EFP_FIN;EUR;5;123.93000000;1237;EXCHANGE_LAST;;1;1;XEUR;11286683;749;
04.02.2025;08:51:34.028;FOAT SI 20250306 PS;SIMPLE_INSTRUMENT;EFP_FIN;EUR;6;124.07000000;1074;EXCHANGE_LAST;;1;1;XEUR;11286683;749;
04.02.2025;08:55:03.552;FOAT SI 20250306 PS;SIMPLE_INSTRUMENT;EFP_FIN;EUR;7;123.93000000;792;EXCHANGE_LAST;;1;1;XEUR;11286683;749;
04.02.2025;08:56:34.939;FOAT SI 20250306 PS;SIMPLE_INSTRUMENT;EFP_FIN;EUR;8;124.02000000;2502;EXCHANGE_LAST;;1;1;XEUR;11286683;749;
04.02.2025;08:58:43.093;FOAT SI 20250306 PS;SIMPLE_INSTRUMENT;EFP_FIN;EUR;9;124.12000000;1751;EXCHANGE_LAST;;1;1;XEUR;11286683;749;
04.02.2025;08:58:59.235;FOAT SI 20250306 PS;SIMPLE_INSTRUMENT;EFP_FIN;EUR;10;124.12000000;334;EXCHANGE_LAST;;1;1;XEUR;11286683;749;
04.02.2025;08:59:13.134;FOAT SI 20250306 PS;SIMPLE_INSTRUMENT;EFP_FIN;EUR;11;124.07000000;2085;EXCHANGE_LAST;;1;1;XEUR;11286683;749;
04.02.2025;08:59:36.955;FOAT SI 20250306 PS;SIMPLE_INSTRUMENT;EFP_FIN;EUR;12;124.10000000;178;EXCHANGE_LAST;;1;1;XEUR;11286683;749;
04.02.2025;09:03:40.656;FOAT SI 20250306 PS;SIMPLE_INSTRUMENT;EFP_FIN;EUR;13;124.10000000;1251;EXCHANGE_LAST;;1;1;XEUR;11286683;749;
04.02.2025;09:31:00.261;FOAT SI 20250306 PS;SIMPLE_INSTRUMENT;EFP_FIN;EUR;14;124.12000000;3544;EXCHANGE_LAST;;1;1;XEUR;11286683;749;
04.02.2025;09:34:00.637;FOAT SI 20250306 PS;SIMPLE_INSTRUMENT;EFP_FIN;EUR;15;123.95000000;834;EXCHANGE_LAST;;1;1;XEUR;11286683;749;
04.02.2025;09:34:26.137;FOAT SI 20250306 PS;SIMPLE_INSTRUMENT;EFP_FIN;EUR;16;123.95000000;1251;EXCHANGE_LAST;;1;1;XEUR;11286683;749;
04.02.2025;09:50:18.534;FOAT SI 20250306 PS;SIMPLE_INSTRUMENT;EFP_FIN;EUR;17;123.93000000;2085;EXCHANGE_LAST;;1;1;XEUR;11286683;749;
04.02.2025;09:50:55.055;FOAT SI 20250306 PS;SIMPLE_INSTRUMENT;EFP_FIN;EUR;18;124.09000000;138;EXCHANGE_LAST;;1;1;XEUR;11286683;749;
04.02.2025;09:54:23.057;FOAT SI 20250306 PS;SIMPLE_INSTRUMENT;EFP_FIN;EUR;19;124.04000000;1251;EXCHANGE_LAST;;1;1;XEUR;11286683;749;
04.02.2025;09:56:44.428;FOAT SI 20250306 PS;SIMPLE_INSTRUMENT;EFP_FIN;EUR;20;124.00000000;527;EXCHANGE_LAST;;1;1;XEUR;11286683;749;
04.02.2025;09:59:57.761;FOAT SI 20250306 PS;SIMPLE_INSTRUMENT;EFP_FIN;EUR;21;124.04000000;2502;EXCHANGE_LAST;;1;1;XEUR;11286683;749;
04.02.2025;10:05:55.037;FOAT SI 20250306 PS;SIMPLE_INSTRUMENT;EFP_FIN;EUR;22;124.04000000;417;EXCHANGE_LAST;;1;1;XEUR;11286683;749;
04.02.2025;10:06:31.081;FOAT SI 20250306 PS;SIMPLE_INSTRUMENT;EFP_FIN;EUR;23;124.02000000;1978;EXCHANGE_LAST;;1;1;XEUR;11286683;749;
04.02.2025;10:06:58.965;FOAT SI 20250306 PS;SIMPLE_INSTRUMENT;EFP_FIN;EUR;24;124.04000000;1251;EXCHANGE_LAST;;1;1;XEUR;11286683;749;
04.02.2025;10:11:57.682;FOAT SI 20250306 PS;SIMPLE_INSTRUMENT;EFP_FIN;EUR;25;124.09000000;346;EXCHANGE_LAST;;1;1;XEUR;11286683;749;
04.02.2025;10:13:55.891;FOAT SI 20250306 PS;SIMPLE_INSTRUMENT;EFP_FIN;EUR;26;123.98000000;834;EXCHANGE_LAST;;1;1;XEUR;11286683;749;
04.02.2025;10:21:56.092;FOAT SI 20250306 PS;SIMPLE_INSTRUMENT;EFP_FIN;EUR;27;123.98000000;583;EXCHANGE_LAST;;1;1;XEUR;11286683;749;
04.02.2025;10:27:50.573;FOAT SI 20250306 PS;SIMPLE_INSTRUMENT;EFP_FIN;EUR;28;123.95000000;2085;EXCHANGE_LAST;;1;1;XEUR;11286683;749;
04.02.2025;10:33:12.140;FOAT SI 20250306 PS;SIMPLE_INSTRUMENT;EFP_FIN;EUR;29;123.97000000;1251;EXCHANGE_LAST;;1;1;XEUR;11286683;749;
04.02.2025;10:33:24.116;FOAT SI 20250306 PS;SIMPLE_INSTRUMENT;EFP_FIN;EUR;30;123.98000000;1001;EXCHANGE_LAST;;1;1;XEUR;11286683;749;
04.02.2025;10:51:37.858;FOAT SI 20250306 PS;SIMPLE_INSTRUMENT;EFP_FIN;EUR;31;123.96000000;1001;EXCHANGE_LAST;;1;1;XEUR;11286683;749;
04.02.2025;11:00:03.834;FOAT SI 20250306 PS;SIMPLE_INSTRUMENT;EFP_FIN;EUR;32;123.99000000;160;EXCHANGE_LAST;;1;1;XEUR;11286683;749;
04.02.2025;11:22:37.348;FOAT SI 20250306 PS;SIMPLE_INSTRUMENT;EFP_FIN;EUR;33;123.96000000;223;EXCHANGE_LAST;;1;1;XEUR;11286683;749;
04.02.2025;11:27:07.099;FOAT SI 20250306 PS;SIMPLE_INSTRUMENT;EFP_FIN;EUR;34;124.02000000;536;EXCHANGE_LAST;;1;1;XEUR;11286683;749;
04.02.2025;11:34:42.255;FOAT SI 20250306 PS;SIMPLE_INSTRUMENT;EFP_FIN;EUR;35;123.96000000;1042;EXCHANGE_LAST;;1;1;XEUR;11286683;749;
04.02.2025;11:38:17.198;FOAT SI 20250306 PS;SIMPLE_INSTRUMENT;EFP_FIN;EUR;36;124.02000000;334;EXCHANGE_LAST;;1;1;XEUR;11286683;749;
04.02.2025;11:50:57.762;FOAT SI 20250306 PS;SIMPLE_INSTRUMENT;EFP_FIN;EUR;37;124.03000000;375;EXCHANGE_LAST;;1;1;XEUR;11286683;749;
04.02.2025;12:04:58.148;FOAT SI 20250306 PS;SIMPLE_INSTRUMENT;EFP_FIN;EUR;38;123.96000000;667;EXCHANGE_LAST;;1;1;XEUR;11286683;749;
04.02.2025;12:40:29.758;FOAT SI 20250306 PS;SIMPLE_INSTRUMENT;EFP_FIN;EUR;39;124.03000000;365;EXCHANGE_LAST;;1;1;XEUR;11286683;749;
04.02.2025;12:48:16.709;FOAT SI 20250306 PS;SIMPLE_INSTRUMENT;EFP_FIN;EUR;40;124.01000000;382;EXCHANGE_LAST;;1;1;XEUR;11286683;749;
04.02.2025;13:01:53.583;FOAT SI 20250306 PS;SIMPLE_INSTRUMENT;EFP_FIN;EUR;41;124.04000000;834;EXCHANGE_LAST;;1;1;XEUR;11286683;749;
04.02.2025;13:36:56.740;FOAT SI 20250306 PS;SIMPLE_INSTRUMENT;EFS;EUR;42;123.97000000;525;EXCHANGE_LAST;;1;1;XEUR;11286683;749;
04.02.2025;13:38:19.744;FOAT SI 20250306 PS;SIMPLE_INSTRUMENT;EFS;EUR;43;124.04000000;315;EXCHANGE_LAST;;1;1;XEUR;11286683;749;
04.02.2025;13:49:14.697;FOAT SI 20250306 PS;SIMPLE_INSTRUMENT;EFP_FIN;EUR;44;124.00000000;834;EXCHANGE_LAST;;1;1;XEUR;11286683;749;
04.02.2025;13:49:32.761;FOAT SI 20250306 PS;SIMPLE_INSTRUMENT;EFP_FIN;EUR;45;124.00000000;834;EXCHANGE_LAST;;1;1;XEUR;11286683;749;
04.02.2025;13:57:33.178;FOAT SI 20250306 PS;SIMPLE_INSTRUMENT;EFP_FIN;EUR;46;123.94000000;611;EXCHANGE_LAST;;1;1;XEUR;11286683;749;
04.02.2025;14:21:11.570;FOAT SI 20250306 PS;SIMPLE_INSTRUMENT;EFP_FIN;EUR;47;123.98000000;268;EXCHANGE_LAST;;1;1;XEUR;11286683;749;
04.02.2025;14:21:20.149;FOAT SI 20250306 PS;SIMPLE_INSTRUMENT;BLOCK;EUR;48;123.96000000;536;EXCHANGE_LAST;;1;1;XEUR;11286683;749;
04.02.2025;14:24:05.384;FOAT SI 20250306 PS;SIMPLE_INSTRUMENT;EFP_FIN;EUR;49;124.04000000;622;EXCHANGE_LAST;;1;1;XEUR;11286683;749;
04.02.2025;14:30:36.100;FOAT SI 20250306 PS;SIMPLE_INSTRUMENT;EFP_FIN;EUR;50;123.98000000;87;EXCHANGE_LAST;;1;1;XEUR;11286683;749;
04.02.2025;14:36:28.683;FOAT SI 20250306 PS;SIMPLE_INSTRUMENT;EFP_FIN;EUR;51;124.04000000;920;EXCHANGE_LAST;;1;1;XEUR;11286683;749;
04.02.2025;14:41:19.809;FOAT SI 20250306 PS;SIMPLE_INSTRUMENT;EFP_FIN;EUR;52;124.04000000;129;EXCHANGE_LAST;;1;1;XEUR;11286683;749;
04.02.2025;15:13:41.949;FOAT SI 20250306 PS;SIMPLE_INSTRUMENT;EFP_FIN;EUR;53;124.07000000;544;EXCHANGE_LAST;;1;1;XEUR;11286683;749;
04.02.2025;15:11:54.144;FOAT SI 20250306 PS;SIMPLE_INSTRUMENT;EFP_FIN;EUR;54;124.07000000;485;EXCHANGE_LAST;;1;1;XEUR;11286683;749;
04.02.2025;15:23:53.538;FOAT SI 20250306 PS;SIMPLE_INSTRUMENT;EFP_FIN;EUR;55;124.06000000;888;EXCHANGE_LAST;;1;1;XEUR;11286683;749;
04.02.2025;15:25:02.349;FOAT SI 20250306 PS;SIMPLE_INSTRUMENT;EFS;EUR;56;124.02000000;270;EXCHANGE_LAST;;1;1;XEUR;11286683;749;
04.02.2025;15:59:51.692;FOAT SI 20250306 PS;SIMPLE_INSTRUMENT;EFS;EUR;57;124.01000000;262;EXCHANGE_LAST;;1;1;XEUR;11286683;749;
04.02.2025;16:00:38.061;FOAT SI 20250306 PS;SIMPLE_INSTRUMENT;EFS;EUR;58;124.05000000;108;EXCHANGE_LAST;;1;1;XEUR;11286683;749;
04.02.2025;16:03:57.145;FOAT SI 20250306 PS;SIMPLE_INSTRUMENT;EFP_FIN;EUR;59;124.09000000;834;EXCHANGE_LAST;;1;1;XEUR;11286683;749;
04.02.2025;16:10:34.487;FOAT SI 20250306 PS;SIMPLE_INSTRUMENT;EFP_FIN;EUR;60;124.07000000;89;EXCHANGE_LAST;;1;1;XEUR;11286683;749;
04.02.2025;16:27:12.117;FOAT SI 20250306 PS;SIMPLE_INSTRUMENT;EFP_FIN;EUR;61;124.15000000;1668;EXCHANGE_LAST;;1;1;XEUR;11286683;749;
04.02.2025;16:29:27.101;FOAT SI 20250306 PS;SIMPLE_INSTRUMENT;BLOCK;EUR;62;124.16000000;1080;EXCHANGE_LAST;;1;1;XEUR;11286683;749;
04.02.2025;16:35:36.818;FOAT SI 20250306 PS;SIMPLE_INSTRUMENT;EFP_FIN;EUR;63;124.18000000;834;EXCHANGE_LAST;;1;1;XEUR;11286683;749;
04.02.2025;16:36:37.461;FOAT SI 20250306 PS;SIMPLE_INSTRUMENT;EFP_FIN;EUR;64;124.16000000;834;EXCHANGE_LAST;;1;1;XEUR;11286683;749;
04.02.2025;16:36:37.461;FOAT SI 20250306 PS;SIMPLE_INSTRUMENT;EFP_FIN;EUR;65;124.16000000;834;EXCHANGE_LAST;;1;1;XEUR;11286683;749;
04.02.2025;16:45:30.175;FOAT SI 20250306 PS;SIMPLE_INSTRUMENT;BLOCK;EUR;66;124.07000000;2143;EXCHANGE_LAST;;1;1;XEUR;11286683;749;
04.02.2025;16:47:36.000;FOAT SI 20250306 PS;SIMPLE_INSTRUMENT;EFP_FIN;EUR;67;124.14000000;834;EXCHANGE_LAST;;1;1;XEUR;11286683;749;
04.02.2025;16:57:55.101;FOAT SI 20250306 PS;SIMPLE_INSTRUMENT;EFP_FIN;EUR;68;124.18000000;417;EXCHANGE_LAST;;1;1;XEUR;11286683;749;
04.02.2025;17:55:04.402;FOAT SI 20250306 PS;SIMPLE_INSTRUMENT;EFP_FIN;EUR;69;124.20000000;834;EXCHANGE_LAST;;1;1;XEUR;11286683;749;
04.02.2025;12:12:18.677;FRE SI 20251219 PS AM C 40.00 0;SIMPLE_INSTRUMENT;BLOCK;EUR;6;2.05000000;1000;EXCHANGE_LAST;;1;1;XEUR;5930646;760;
04.02.2025;12:24:42.533;FSCP SI 20250321 CS;SIMPLE_INSTRUMENT;BLOCK;EUR;55;345.30000000;765;EXCHANGE_LAST;;1;1;XEUR;11360241;764;
04.02.2025;17:00:49.080;FSEG SI 20250321 CS;SIMPLE_INSTRUMENT;EFP_IDX;EUR;91;198.50000000;52;EXCHANGE_LAST;;1;1;XEUR;11393888;109977;
04.02.2025;17:01:05.246;FSEG SI 20250321 CS;SIMPLE_INSTRUMENT;EFP_IDX;EUR;92;198.60000000;22;EXCHANGE_LAST;;1;1;XEUR;11393888;109977;
04.02.2025;17:02:58.984;FSEG SI 20250321 CS;SIMPLE_INSTRUMENT;EFP_IDX;EUR;93;198.50000000;28;EXCHANGE_LAST;;1;1;XEUR;11393888;109977;
04.02.2025;17:03:23.188;FSEG SI 20250321 CS;SIMPLE_INSTRUMENT;EFP_IDX;EUR;94;198.60000000;12;EXCHANGE_LAST;;1;1;XEUR;11393888;109977;
04.02.2025;17:05:25.589;FSEG SI 20250321 CS;SIMPLE_INSTRUMENT;EFP_IDX;EUR;95;198.50000000;33;EXCHANGE_LAST;;1;1;XEUR;11393888;109977;
04.02.2025;17:05:57.434;FSEG SI 20250321 CS;SIMPLE_INSTRUMENT;EFP_IDX;EUR;96;198.60000000;8;EXCHANGE_LAST;;1;1;XEUR;11393888;109977;
04.02.2025;15:29:59.553;FSMI SI 20250321 CS;SIMPLE_INSTRUMENT;BLOCK;CHF;1;12440.00000000;500;EXCHANGE_LAST;;1;1;XEUR;7793721;757;
04.02.2025;16:34:08.219;FSMI SI 20250321 CS;SIMPLE_INSTRUMENT;EFP_IDX;CHF;2;12441.00000000;116;EXCHANGE_LAST;;1;1;XEUR;7793721;757;
04.02.2025;16:34:17.195;FSMI SI 20250321 CS;SIMPLE_INSTRUMENT;EFP_IDX;CHF;3;12442.00000000;37;EXCHANGE_LAST;;1;1;XEUR;7793721;757;
04.02.2025;16:52:29.365;FSMI SI 20250321 CS;SIMPLE_INSTRUMENT;BLOCK;CHF;4;12430.00000000;500;EXCHANGE_LAST;;1;1;XEUR;7793721;757;
04.02.2025;14:58:15.368;FSMI SI 20250321 CS;SIMPLE_INSTRUMENT;VOLA;CHF;603979830;12452.00000000;65;EXCHANGE_LAST;;1;1;XEUR;7793721;757;
04.02.2025;14:58:38.370;FSMI SI 20250321 CS;SIMPLE_INSTRUMENT;VOLA;CHF;603979831;12452.00000000;64;EXCHANGE_LAST;;1;1;XEUR;7793721;757;
04.02.2025;14:59:06.082;FSMI SI 20250321 CS;SIMPLE_INSTRUMENT;VOLA;CHF;603979832;12440.00000000;240;EXCHANGE_LAST;;1;1;XEUR;7793721;757;
04.02.2025;14:59:08.638;FSMI SI 20250321 CS;SIMPLE_INSTRUMENT;VOLA;CHF;603979833;12440.00000000;60;EXCHANGE_LAST;;1;1;XEUR;7793721;757;
04.02.2025;14:57:31.414;FSTA SI 20250321 CS;SIMPLE_INSTRUMENT;BLOCK;EUR;2;578.10000000;974;EXCHANGE_LAST;;1;1;XEUR;11359808;715;
04.02.2025;11:28:54.892;FSTA SI 20250321 CS;SIMPLE_INSTRUMENT;VOLA;EUR;603979800;563.90000000;88;EXCHANGE_LAST;;1;1;XEUR;11359808;715;
04.02.2025;15:58:08.134;FSTA SI 20250321 CS;SIMPLE_INSTRUMENT;VOLA;EUR;603979846;577.20000000;116;EXCHANGE_LAST;;1;1;XEUR;11359808;715;
04.02.2025;16:45:22.917;FSTB SI 20250321 CS;SIMPLE_INSTRUMENT;BLOCK;EUR;88;228.55000000;299;EXCHANGE_LAST;;1;1;XEUR;11359807;714;
04.02.2025;16:45:33.081;FSTB SI 20250321 CS;SIMPLE_INSTRUMENT;BLOCK;EUR;89;228.75000000;412;EXCHANGE_LAST;;1;1;XEUR;11359807;714;
04.02.2025;15:17:24.519;FSTE SI 20250321 CS;SIMPLE_INSTRUMENT;BLOCK;EUR;5;349.80000000;276;EXCHANGE_LAST;;1;1;XEUR;11359812;719;
04.02.2025;15:17:41.065;FSTE SI 20250321 CS;SIMPLE_INSTRUMENT;BLOCK;EUR;6;350.40000000;809;EXCHANGE_LAST;;1;1;XEUR;11359812;719;
04.02.2025;10:23:03.667;FSTE SI 20250321 CS;SIMPLE_INSTRUMENT;VOLA;EUR;603979794;347.80000000;34;EXCHANGE_LAST;;1;1;XEUR;11359812;719;
04.02.2025;16:39:54.986;FSTR SI 20250321 CS;SIMPLE_INSTRUMENT;BLOCK;EUR;9;448.70000000;727;EXCHANGE_LAST;;1;1;XEUR;11359791;710;
04.02.2025;16:40:08.205;FSTR SI 20250321 CS;SIMPLE_INSTRUMENT;BLOCK;EUR;10;448.80000000;357;EXCHANGE_LAST;;1;1;XEUR;11359791;710;
04.02.2025;16:16:45.892;FSTS SI 20250321 CS;SIMPLE_INSTRUMENT;BLOCK;EUR;7;529.60000000;440;EXCHANGE_LAST;;1;1;XEUR;11359775;709;
04.02.2025;16:17:24.391;FSTS SI 20250321 CS;SIMPLE_INSTRUMENT;BLOCK;EUR;8;529.70000000;660;EXCHANGE_LAST;;1;1;XEUR;11359775;709;
04.02.2025;15:09:05.977;FSTT SI 20250321 CS;SIMPLE_INSTRUMENT;BLOCK;EUR;3;238.90000000;301;EXCHANGE_LAST;;1;1;XEUR;11359772;708;
04.02.2025;15:09:26.408;FSTT SI 20250321 CS;SIMPLE_INSTRUMENT;BLOCK;EUR;4;239.10000000;499;EXCHANGE_LAST;;1;1;XEUR;11359772;708;
04.02.2025;14:17:07.821;FSTV SI 20250321 CS;SIMPLE_INSTRUMENT;BLOCK;EUR;1;278.30000000;1758;EXCHANGE_LAST;;1;1;XEUR;11359817;731;
04.02.2025;16:45:43.920;FXXP SI 20250321 CS;SIMPLE_INSTRUMENT;EFP_IDX;EUR;39;536.30000000;585;EXCHANGE_LAST;;1;1;XEUR;7793972;816;
