#Date;TrdTime;Contract;ContractType;TrdTyp;Currency;TesId;Prc;Qty;TrdInd;Aggressor;Buy;Sell;Exch;InstrumentId;RelatedProdId;PrcDecomp
27.01.2025;16:00:20.134;A2SG SI 20250620 CS;SIMPLE_INSTRUMENT;BLOCK;EUR;55;1.46500000;440;EXCHANGE_LAST;;1;2;XEUR;10827627;14;
27.01.2025;11:22:48.844;ABBN SI 20251219 PS AM P 40.00 0;SIMPLE_INSTRUMENT;BLOCK;CHF;23;1.15000000;1000;EXCHANGE_LAST;;1;1;XEUR;8509432;574517;
27.01.2025;13:05:54.589;ABBN SI 20250221 PS AM C 52.00 0;SIMPLE_INSTRUMENT;BLOCK;CHF;34;1.10000000;1500;EXCHANGE_LAST;;1;1;XEUR;12279669;574517;
27.01.2025;14:17:33.599;ABBN.O.250127.PDIA.000004;STANDARD_OPTION_STRATEGY;BLOCK;CHF;43;-2.76000000;1250;EXCHANGE_LAST;;1;1;XEUR;74525125763937637;574517;
27.01.2025;14:17:33.599;ABBN SI 20250620 PS AM P 52.00 0;SIMPLE_INSTRUMENT;BLOCK;CHF;43;3.94000000;1250;PRC_DECOMP_EXCHANGE;;;;XEUR;9516004;574517;EXCHANGE
27.01.2025;14:17:33.599;ABBN SI 20251219 PS AM P 40.00 0;SIMPLE_INSTRUMENT;BLOCK;CHF;43;1.18000000;1250;PRC_DECOMP_EXCHANGE;;;;XEUR;8509432;574517;EXCHANGE
27.01.2025;14:29:25.225;ABBN SI 20250620 PS AM P 47.00 0;SIMPLE_INSTRUMENT;BLOCK;CHF;48;1.73000000;1000;EXCHANGE_LAST;;1;1;XEUR;11849038;574517;
27.01.2025;11:36:00.589;ACEF SI 20250221 CS;SIMPLE_INSTRUMENT;BLOCK;EUR;16;9.62100000;20000;EXCHANGE_LAST;;1;1;XEUR;10560169;33;
27.01.2025;11:48:15.536;ADS SI 20250321 PS AM C 255.00 0;SIMPLE_INSTRUMENT;BLOCK;EUR;9;11.00000000;300;EXCHANGE_LAST;;1;1;XEUR;12430879;50;
27.01.2025;14:35:42.578;AFX SI 20281215 PS AM P 68.00 0;SIMPLE_INSTRUMENT;BLOCK;EUR;6;20.50000000;500;EXCHANGE_LAST;;1;1;XEUR;10394301;56;
27.01.2025;12:21:21.227;AIR SI 20261218 PS AM P 140.00 0;SIMPLE_INSTRUMENT;BLOCK;EUR;13;6.75000000;300;EXCHANGE_LAST;;1;1;XEUR;11290376;64;
27.01.2025;09:24:51.020;ALV SI 20251219 PS AM P 290.00 0;SIMPLE_INSTRUMENT;BLOCK;EUR;1;13.97000000;300;EXCHANGE_LAST;;1;1;XEUR;12056991;74;
27.01.2025;12:24:24.946;ANN SI 20261218 PS AM P 24.00 0;SIMPLE_INSTRUMENT;BLOCK;EUR;16;2.58000000;1000;EXCHANGE_LAST;;1;1;XEUR;7733122;45202;
27.01.2025;09:35:44.973;ASM SI 20251219 PS AM P 560.00 0;SIMPLE_INSTRUMENT;BLOCK;EUR;1;52.41000000;150;EXCHANGE_LAST;;1;1;XEUR;5921400;107;
27.01.2025;11:12:31.104;ASM.N.250127.000012;NON_STANDARD_OPTION_STRATEGY;BLOCK;EUR;4;140.00000000;75;EXCHANGE_LAST;;1;1;XEUR;72058053599446345;107;
27.01.2025;11:12:31.104;ASM SI 20291221 PS AM P 480.00 0;SIMPLE_INSTRUMENT;BLOCK;EUR;4;95.84000000;150;PRC_DECOMP_EXCHANGE;;;;XEUR;12432619;107;EXCHANGE
27.01.2025;11:12:31.104;ASM SI 20291221 PS AM P 360.00 0;SIMPLE_INSTRUMENT;BLOCK;EUR;4;51.68000000;75;PRC_DECOMP_EXCHANGE;;;;XEUR;12432610;107;EXCHANGE
27.01.2025;11:17:41.568;ASM SI 20250417 PS AM C 730.00 0;SIMPLE_INSTRUMENT;BLOCK;EUR;7;20.70000000;150;EXCHANGE_LAST;;1;1;XEUR;12614752;107;
27.01.2025;12:03:36.044;ASM SI 20260619 PS AM P 560.00 0;SIMPLE_INSTRUMENT;BLOCK;EUR;8;69.00000000;250;EXCHANGE_LAST;;1;1;XEUR;9538538;107;
27.01.2025;12:50:04.455;ASM SI 20250919 PS AM P 560.00 0;SIMPLE_INSTRUMENT;BLOCK;EUR;10;40.05000000;150;EXCHANGE_LAST;;1;1;XEUR;11872147;107;
27.01.2025;15:39:47.082;ASM SI 20251219 PS AM P 640.00 0;SIMPLE_INSTRUMENT;BLOCK;EUR;13;83.25000000;150;EXCHANGE_LAST;;1;1;XEUR;5921402;107;
27.01.2025;10:22:00.952;ASMH SI 20250321 CS;SIMPLE_INSTRUMENT;BLOCK;EUR;5;622.54890000;110;EXCHANGE_LAST;;1;1;XEUR;10717245;3979;
27.01.2025;13:31:23.174;B2NP SI 20261218 CS;SIMPLE_INSTRUMENT;BLOCK;EUR;28;4.81000000;208;EXCHANGE_LAST;;1;1;XEUR;6798320;131;
27.01.2025;13:40:05.363;B2NP SI 20261218 CS;SIMPLE_INSTRUMENT;BLOCK;EUR;30;4.81000000;100;EXCHANGE_LAST;;1;1;XEUR;6798320;131;
27.01.2025;13:43:38.709;B2NP SI 20261218 CS;SIMPLE_INSTRUMENT;BLOCK;EUR;31;4.79000000;250;EXCHANGE_LAST;;1;1;XEUR;6798320;131;
27.01.2025;15:31:29.246;B2NP SI 20261218 CS;SIMPLE_INSTRUMENT;BLOCK;EUR;53;4.79000000;208;EXCHANGE_LAST;;2;2;XEUR;6798320;131;
27.01.2025;14:28:59.992;BARN SI 20251219 PS AM P 960.00 0;SIMPLE_INSTRUMENT;BLOCK;CHF;47;68.50000000;300;EXCHANGE_LAST;;1;1;XEUR;10396331;149;
27.01.2025;10:07:05.881;BAS SI 20251219 PS AM P 46.00 0;SIMPLE_INSTRUMENT;BLOCK;EUR;1;4.50000000;2500;EXCHANGE_LAST;;3;1;XEUR;7509825;150;
27.01.2025;11:41:16.571;BAS SI 20250221 PS AM P 46.50 0;SIMPLE_INSTRUMENT;BLOCK;EUR;2;1.05000000;1500;EXCHANGE_LAST;;1;1;XEUR;12238980;150;
27.01.2025;12:28:43.305;BAS.O.250127.COMBO.000017;STANDARD_OPTION_STRATEGY;BLOCK;EUR;4;-0.35000000;2500;EXCHANGE_LAST;;2;1;XEUR;72058238283091494;150;
27.01.2025;12:28:43.305;BAS SI 20250221 PS AM C 48.00 0;SIMPLE_INSTRUMENT;BLOCK;EUR;4;0.92000000;2500;PRC_DECOMP_EXCHANGE;;;;XEUR;12238967;150;EXCHANGE
27.01.2025;12:28:43.305;BAS SI 20250221 PS AM P 45.00 0;SIMPLE_INSTRUMENT;BLOCK;EUR;4;0.57000000;2500;PRC_DECOMP_EXCHANGE;;;;XEUR;12238984;150;EXCHANGE
27.01.2025;14:50:34.363;BAS SI 20250221 PS AM C 48.00 0;SIMPLE_INSTRUMENT;BLOCK;EUR;7;0.92000000;2000;EXCHANGE_LAST;;1;2;XEUR;12238967;150;
27.01.2025;16:08:43.096;BAS SI 20250221 PS AM C 49.00 0;SIMPLE_INSTRUMENT;BLOCK;EUR;9;0.66000000;2500;EXCHANGE_LAST;;1;2;XEUR;12339045;150;
27.01.2025;16:16:01.975;BAS.O.250127.BUL.000034;STANDARD_OPTION_STRATEGY;BLOCK;EUR;10;1.43000000;2000;EXCHANGE_LAST;;2;1;XEUR;72058238283091511;150;
27.01.2025;16:16:01.975;BAS SI 20250321 PS AM C 48.00 0;SIMPLE_INSTRUMENT;BLOCK;EUR;10;1.78000000;2000;PRC_DECOMP_EXCHANGE;;;;XEUR;10831045;150;EXCHANGE
27.01.2025;16:16:01.975;BAS SI 20250321 PS AM C 54.00 0;SIMPLE_INSTRUMENT;BLOCK;EUR;10;0.35000000;2000;PRC_DECOMP_EXCHANGE;;;;XEUR;12604647;150;EXCHANGE
27.01.2025;16:10:26.317;BAS SI 20250620 PS AM C 50.00 0;SIMPLE_INSTRUMENT;BLOCK;EUR;11;1.69000000;1500;EXCHANGE_LAST;;1;2;XEUR;10779749;150;
27.01.2025;14:44:24.393;BAY SI 20251219 PS AM C 36.00 0;SIMPLE_INSTRUMENT;BLOCK;EUR;5;0.46000000;1000;EXCHANGE_LAST;;1;1;XEUR;5922329;168;
27.01.2025;15:23:45.135;BMW SI 20250620 PS AM C 84.00 0;SIMPLE_INSTRUMENT;BLOCK;EUR;27;3.89000000;2000;EXCHANGE_LAST;;1;1;XEUR;7899911;210;
27.01.2025;16:40:14.555;BMW SI 20250221 PS AM C 82.00 0;SIMPLE_INSTRUMENT;BLOCK;EUR;32;2.40000000;1000;EXCHANGE_LAST;;1;2;XEUR;12339270;210;
27.01.2025;09:13:28.824;BNP SI 20260619 PS AM P 52.00 0;SIMPLE_INSTRUMENT;BLOCK;EUR;1;4.12000000;4000;EXCHANGE_LAST;;1;1;XEUR;9541690;237;
27.01.2025;10:36:00.146;BNP SI 20260619 PS AM C 68.00 0;SIMPLE_INSTRUMENT;BLOCK;EUR;6;3.90000000;600;EXCHANGE_LAST;;1;1;XEUR;11479994;237;
27.01.2025;10:36:04.847;BNP SI 20261218 PS AM C 64.00 0;SIMPLE_INSTRUMENT;BLOCK;EUR;7;5.91000000;500;EXCHANGE_LAST;;1;1;XEUR;7154480;237;
27.01.2025;11:25:43.063;BNP.O.250127.STG.000002;STANDARD_OPTION_STRATEGY;BLOCK;EUR;11;4.55000000;1000;EXCHANGE_LAST;;1;1;XEUR;72058611945199826;237;
27.01.2025;11:25:43.063;BNP SI 20250620 PS AM P 58.00 0;SIMPLE_INSTRUMENT;BLOCK;EUR;11;2.61000000;1000;PRC_DECOMP_EXCHANGE;;;;XEUR;12372390;237;EXCHANGE
27.01.2025;11:25:43.063;BNP SI 20250620 PS AM C 68.00 0;SIMPLE_INSTRUMENT;BLOCK;EUR;11;1.94000000;1000;PRC_DECOMP_EXCHANGE;;;;XEUR;11352721;237;EXCHANGE
27.01.2025;15:21:55.878;BNP SI 20251219 PS AM C 70.00 0;SIMPLE_INSTRUMENT;BLOCK;EUR;17;2.23000000;1500;EXCHANGE_LAST;;1;1;XEUR;12372401;237;
27.01.2025;16:30:38.470;BNP.O.250127.BRT.000005;STANDARD_OPTION_STRATEGY;BLOCK;EUR;27;2.80000000;3000;EXCHANGE_LAST;;2;1;XEUR;72058611945199829;237;
27.01.2025;16:30:38.470;BNP SI 20251219 PS AM P 64.00 0;SIMPLE_INSTRUMENT;BLOCK;EUR;27;6.86000000;3000;PRC_DECOMP_EXCHANGE;;;;XEUR;6155595;237;EXCHANGE
27.01.2025;16:30:38.470;BNP SI 20260619 PS AM P 64.00 0;SIMPLE_INSTRUMENT;BLOCK;EUR;27;9.66000000;3000;PRC_DECOMP_EXCHANGE;;;;XEUR;9541709;237;EXCHANGE
27.01.2025;13:20:50.901;BNPH SI 20250321 CS;SIMPLE_INSTRUMENT;BLOCK;EUR;27;64.29000000;6500;EXCHANGE_LAST;;1;1;XEUR;10695531;236;
27.01.2025;16:07:51.502;BNR SI 20250221 PS AM C 61.00 0;SIMPLE_INSTRUMENT;BLOCK;EUR;12;1.06000000;196;EXCHANGE_LAST;;1;1;XEUR;12616578;235;
27.01.2025;11:34:05.167;BUCN SI 20251219 PS AM P 320.00 0;SIMPLE_INSTRUMENT;BLOCK;CHF;25;22.70000000;500;EXCHANGE_LAST;;1;1;XEUR;10440714;108037;
27.01.2025;13:51:09.478;CBK SI 20250919 PS AM P 16.00 0;SIMPLE_INSTRUMENT;BLOCK;EUR;10;1.00000000;1250;EXCHANGE_LAST;;1;1;XEUR;11875656;268;
27.01.2025;08:37:30.212;CON SI 20250221 PS AM C 70.00 0;SIMPLE_INSTRUMENT;BLOCK;EUR;2;2.20000000;271;EXCHANGE_LAST;;1;1;XEUR;12276930;414620;
27.01.2025;17:09:17.821;D3AI SI 20251219 CS;SIMPLE_INSTRUMENT;BLOCK;EUR;67;4.22500000;100;EXCHANGE_LAST;;1;1;XEUR;7144062;443197;
27.01.2025;09:36:39.687;DAI SI 20251219 PS AM P 48.00 0;SIMPLE_INSTRUMENT;BLOCK;EUR;6;2.81000000;1000;EXCHANGE_LAST;;1;1;XEUR;7144518;443196;
27.01.2025;11:23:02.284;DAI.O.250127.STG.000006;STANDARD_OPTION_STRATEGY;BLOCK;EUR;10;7.36000000;750;EXCHANGE_LAST;;1;1;XEUR;73961106363663816;443196;
27.01.2025;11:23:02.284;DAI SI 20251219 PS AM P 52.00 0;SIMPLE_INSTRUMENT;BLOCK;EUR;10;4.16000000;750;PRC_DECOMP_MEMBER;;;;XEUR;7144530;443196;MEMBER
27.01.2025;11:23:02.284;DAI SI 20251219 PS AM C 60.00 0;SIMPLE_INSTRUMENT;BLOCK;EUR;10;3.20000000;750;PRC_DECOMP_MEMBER;;;;XEUR;7144524;443196;MEMBER
27.01.2025;12:13:35.247;DAI.O.250127.STD.000009;STANDARD_OPTION_STRATEGY;BLOCK;EUR;14;13.90000000;1000;EXCHANGE_LAST;;1;1;XEUR;73961106363663819;443196;
27.01.2025;12:13:35.247;DAI SI 20260619 PS AM P 56.00 0;SIMPLE_INSTRUMENT;BLOCK;EUR;14;8.08000000;1000;PRC_DECOMP_EXCHANGE;;;;XEUR;10074135;443196;EXCHANGE
27.01.2025;12:13:35.247;DAI SI 20260619 PS AM C 56.00 0;SIMPLE_INSTRUMENT;BLOCK;EUR;14;5.82000000;1000;PRC_DECOMP_EXCHANGE;;;;XEUR;10074133;443196;EXCHANGE
27.01.2025;16:20:53.242;DBK SI 20250221 PS AM C 20.00 0;SIMPLE_INSTRUMENT;BLOCK;EUR;22;0.28000000;4000;EXCHANGE_LAST;;1;1;XEUR;12339737;362;
27.01.2025;15:36:08.345;DHE SI 20250221 PS AM C 31.00 0;SIMPLE_INSTRUMENT;BLOCK;EUR;26;0.81000000;1570;EXCHANGE_LAST;;1;1;XEUR;12266610;57135;
27.01.2025;11:11:37.989;DPW FI 20250718 CS EU P 29.5000 0;FLEXIBLE_INSTRUMENT;BLOCK;EUR;13;0.65000000;500;EXCHANGE_LAST;;1;1;XEUR;1152923415867306758;445;
27.01.2025;16:21:43.349;DPW SI 20250417 PS AM C 38.00 0;SIMPLE_INSTRUMENT;BLOCK;EUR;29;0.91000000;1500;EXCHANGE_LAST;;1;3;XEUR;12619869;445;
27.01.2025;10:39:11.115;DTE SI 20250919 PS AM P 32.00 0;SIMPLE_INSTRUMENT;BLOCK;EUR;11;3.46000000;2000;EXCHANGE_LAST;;1;1;XEUR;11878535;424;
27.01.2025;11:32:13.061;DTE.O.250127.RBER.000001;STANDARD_OPTION_STRATEGY;BLOCK;EUR;14;-0.58000000;2500;EXCHANGE_LAST;;1;1;XEUR;72059415104107408;424;
27.01.2025;11:32:13.061;DTE SI 20250221 PS AM P 30.00 0;SIMPLE_INSTRUMENT;BLOCK;EUR;14;0.68000000;2500;PRC_DECOMP_EXCHANGE;;;;XEUR;12242896;424;EXCHANGE
27.01.2025;11:32:13.061;DTE SI 20250221 PS AM P 27.00 0;SIMPLE_INSTRUMENT;BLOCK;EUR;14;0.05000000;5000;PRC_DECOMP_EXCHANGE;;;;XEUR;12242871;424;EXCHANGE
27.01.2025;10:42:13.864;E2NL SI 20250321 CS;SIMPLE_INSTRUMENT;BLOCK;EUR;7;0.21500000;8750;EXCHANGE_LAST;;1;1;XEUR;10403435;471;
27.01.2025;14:45:43.583;E2NL SI 20250321 CS;SIMPLE_INSTRUMENT;BLOCK;EUR;44;0.21500000;8750;EXCHANGE_LAST;;1;1;XEUR;10403435;471;
27.01.2025;15:59:34.651;E2NL SI 20281215 CS;SIMPLE_INSTRUMENT;BLOCK;EUR;57;0.40200000;1500;EXCHANGE_LAST;;1;1;XEUR;6802276;471;
27.01.2025;15:59:51.468;E2NL SI 20281215 CS;SIMPLE_INSTRUMENT;BLOCK;EUR;58;0.40300000;1500;EXCHANGE_LAST;;1;1;XEUR;6802276;471;
27.01.2025;11:55:14.483;EMSN.O.250127.STD.000001;STANDARD_OPTION_STRATEGY;BLOCK;CHF;27;100.25000000;250;EXCHANGE_LAST;;1;1;XEUR;72172033441534581;26645;
27.01.2025;11:55:14.483;EMSN SI 20251219 PS AM C 640.00 0;SIMPLE_INSTRUMENT;BLOCK;CHF;27;46.72000000;250;PRC_DECOMP_EXCHANGE;;;;XEUR;11685269;26645;EXCHANGE
27.01.2025;11:55:14.483;EMSN SI 20251219 PS AM P 640.00 0;SIMPLE_INSTRUMENT;BLOCK;CHF;27;53.53000000;250;PRC_DECOMP_EXCHANGE;;;;XEUR;11685268;26645;EXCHANGE
27.01.2025;10:42:11.967;ENLH SI 20250320 CS;SIMPLE_INSTRUMENT;BLOCK;EUR;6;6.77980000;20000;EXCHANGE_LAST;;1;1;XEUR;10690796;524976;
27.01.2025;14:45:41.989;ENLH SI 20250320 CS;SIMPLE_INSTRUMENT;BLOCK;EUR;43;6.78990000;20000;EXCHANGE_LAST;;1;1;XEUR;10690796;524976;
27.01.2025;08:54:21.462;ENR SI 20250221 PS AM P 44.00 0;SIMPLE_INSTRUMENT;BLOCK;EUR;1;1.53000000;5000;EXCHANGE_LAST;;1;1;XEUR;12273391;298530;
27.01.2025;08:55:28.182;ENR SI 20250221 PS AM P 50.00 0;SIMPLE_INSTRUMENT;BLOCK;EUR;2;4.88000000;1235;EXCHANGE_LAST;;1;1;XEUR;12273421;298530;
27.01.2025;08:55:39.546;ENR SI 20250221 PS AM P 50.00 0;SIMPLE_INSTRUMENT;BLOCK;EUR;3;4.86000000;3765;EXCHANGE_LAST;;1;1;XEUR;12273421;298530;
27.01.2025;08:55:50.168;ENR SI 20250221 PS AM C 57.00 0;SIMPLE_INSTRUMENT;BLOCK;EUR;4;1.84000000;5000;EXCHANGE_LAST;;1;1;XEUR;12573840;298530;
27.01.2025;09:05:08.381;ENR SI 20250417 PS AM C 60.00 0;SIMPLE_INSTRUMENT;BLOCK;EUR;5;3.30000000;3670;EXCHANGE_LAST;;1;1;XEUR;12650613;298530;
27.01.2025;09:53:15.709;ENR SI 20250221 PS AM P 42.00 0;SIMPLE_INSTRUMENT;BLOCK;EUR;7;1.18000000;2000;EXCHANGE_LAST;;1;1;XEUR;12273399;298530;
27.01.2025;11:54:24.111;ENR SI 20250321 PS AM C 64.00 0;SIMPLE_INSTRUMENT;BLOCK;EUR;15;1.05000000;1000;EXCHANGE_LAST;;1;1;XEUR;12229450;298530;
27.01.2025;12:59:39.891;ENR SI 20251219 PS AM P 38.00 0;SIMPLE_INSTRUMENT;BLOCK;EUR;17;4.61000000;276;EXCHANGE_LAST;;1;1;XEUR;12484049;298530;
27.01.2025;12:59:27.352;ENR SI 20251219 PS AM P 38.00 0;SIMPLE_INSTRUMENT;BLOCK;EUR;18;4.63000000;3724;EXCHANGE_LAST;;1;1;XEUR;12484049;298530;
27.01.2025;14:16:46.496;ENR SI 20250321 PS AM C 64.00 0;SIMPLE_INSTRUMENT;BLOCK;EUR;20;1.05000000;500;EXCHANGE_LAST;;1;1;XEUR;12229450;298530;
27.01.2025;14:27:07.739;ENR SI 20250221 PS AM P 50.00 0;SIMPLE_INSTRUMENT;BLOCK;EUR;21;5.47000000;2711;EXCHANGE_LAST;;1;1;XEUR;12273421;298530;
27.01.2025;14:27:11.599;ENR SI 20250221 PS AM P 50.00 0;SIMPLE_INSTRUMENT;BLOCK;EUR;22;5.50000000;789;EXCHANGE_LAST;;1;1;XEUR;12273421;298530;
27.01.2025;15:32:43.475;ENR.O.250127.BUL.000035;STANDARD_OPTION_STRATEGY;BLOCK;EUR;24;1.48000000;1625;EXCHANGE_LAST;;1;1;XEUR;73339770624817809;298530;
27.01.2025;15:32:43.475;ENR SI 20250321 PS AM C 58.00 0;SIMPLE_INSTRUMENT;BLOCK;EUR;24;1.92000000;1625;PRC_DECOMP_EXCHANGE;;;;XEUR;12193256;298530;EXCHANGE
27.01.2025;15:32:43.475;ENR SI 20250321 PS AM C 68.00 0;SIMPLE_INSTRUMENT;BLOCK;EUR;24;0.44000000;1625;PRC_DECOMP_EXCHANGE;;;;XEUR;12229452;298530;EXCHANGE
27.01.2025;15:52:52.040;ENR.O.250127.RBUL.000036;STANDARD_OPTION_STRATEGY;BLOCK;EUR;27;-0.35000000;500;EXCHANGE_LAST;;1;1;XEUR;73339770624817810;298530;
27.01.2025;15:52:52.040;ENR SI 20250417 PS AM C 68.00 0;SIMPLE_INSTRUMENT;BLOCK;EUR;27;0.75000000;1000;PRC_DECOMP_MEMBER;;;;XEUR;12650766;298530;MEMBER
27.01.2025;15:52:52.040;ENR SI 20250417 PS AM C 60.00 0;SIMPLE_INSTRUMENT;BLOCK;EUR;27;1.85000000;500;PRC_DECOMP_MEMBER;;;;XEUR;12650613;298530;MEMBER
27.01.2025;16:11:14.532;ENR.O.250127.BUL.000035;STANDARD_OPTION_STRATEGY;BLOCK;EUR;28;1.40000000;680;EXCHANGE_LAST;;1;1;XEUR;73339770624817809;298530;
27.01.2025;16:11:14.532;ENR SI 20250321 PS AM C 58.00 0;SIMPLE_INSTRUMENT;BLOCK;EUR;28;1.86000000;680;PRC_DECOMP_EXCHANGE;;;;XEUR;12193256;298530;EXCHANGE
27.01.2025;16:11:14.532;ENR SI 20250321 PS AM C 68.00 0;SIMPLE_INSTRUMENT;BLOCK;EUR;28;0.46000000;680;PRC_DECOMP_EXCHANGE;;;;XEUR;12229452;298530;EXCHANGE
27.01.2025;16:00:29.313;EUZ SI 20250919 PS AM C 56.00 0;SIMPLE_INSTRUMENT;BLOCK;EUR;8;5.29000000;297;EXCHANGE_LAST;;1;1;XEUR;12183632;949855;
27.01.2025;08:06:47.398;FBTP SI 20250306 PS;SIMPLE_INSTRUMENT;EFS;EUR;1;119.12000000;1130;EXCHANGE_LAST;;1;1;XEUR;11286675;636;
27.01.2025;08:53:42.670;FBTP SI 20250306 PS;SIMPLE_INSTRUMENT;BLOCK;EUR;2;119.15000000;896;EXCHANGE_LAST;;1;1;XEUR;11286675;636;
27.01.2025;08:59:34.275;FBTP SI 20250306 PS;SIMPLE_INSTRUMENT;EFP_FIN;EUR;3;119.11000000;895;EXCHANGE_LAST;;1;1;XEUR;11286675;636;
27.01.2025;09:00:10.333;FBTP SI 20250306 PS;SIMPLE_INSTRUMENT;EFP_FIN;EUR;4;119.11000000;707;EXCHANGE_LAST;;1;1;XEUR;11286675;636;
27.01.2025;09:13:42.622;FBTP SI 20250306 PS;SIMPLE_INSTRUMENT;EFP_FIN;EUR;5;119.09000000;420;EXCHANGE_LAST;;1;1;XEUR;11286675;636;
27.01.2025;09:58:34.301;FBTP SI 20250306 PS;SIMPLE_INSTRUMENT;EFP_FIN;EUR;6;119.23000000;224;EXCHANGE_LAST;;1;1;XEUR;11286675;636;
27.01.2025;10:16:39.812;FBTP SI 20250306 PS;SIMPLE_INSTRUMENT;EFP_FIN;EUR;7;119.13000000;268;EXCHANGE_LAST;;1;1;XEUR;11286675;636;
27.01.2025;10:21:23.808;FBTP SI 20250306 PS;SIMPLE_INSTRUMENT;BLOCK;EUR;8;119.23000000;447;EXCHANGE_LAST;;1;1;XEUR;11286675;636;
27.01.2025;10:33:16.642;FBTP SI 20250306 PS;SIMPLE_INSTRUMENT;BLOCK;EUR;9;119.14000000;1000;EXCHANGE_LAST;;1;1;XEUR;11286675;636;
27.01.2025;10:35:20.010;FBTP SI 20250306 PS;SIMPLE_INSTRUMENT;EFP_FIN;EUR;10;119.18000000;116;EXCHANGE_LAST;;1;1;XEUR;11286675;636;
27.01.2025;10:42:38.775;FBTP SI 20250306 PS;SIMPLE_INSTRUMENT;EFP_FIN;EUR;11;119.18000000;89;EXCHANGE_LAST;;1;1;XEUR;11286675;636;
27.01.2025;10:53:48.626;FBTP SI 20250306 PS;SIMPLE_INSTRUMENT;BLOCK;EUR;12;119.23000000;273;EXCHANGE_LAST;;1;1;XEUR;11286675;636;
27.01.2025;11:10:20.060;FBTP SI 20250306 PS;SIMPLE_INSTRUMENT;EFP_FIN;EUR;13;119.24000000;478;EXCHANGE_LAST;;1;1;XEUR;11286675;636;
27.01.2025;11:24:42.653;FBTP SI 20250306 PS;SIMPLE_INSTRUMENT;BLOCK;EUR;14;119.27000000;1500;EXCHANGE_LAST;;1;1;XEUR;11286675;636;
27.01.2025;11:53:13.813;FBTP SI 20250306 PS;SIMPLE_INSTRUMENT;BLOCK;EUR;15;119.30000000;295;EXCHANGE_LAST;;1;1;XEUR;11286675;636;
27.01.2025;11:54:25.517;FBTP SI 20250306 PS;SIMPLE_INSTRUMENT;BLOCK;EUR;16;119.31000000;458;EXCHANGE_LAST;;1;1;XEUR;11286675;636;
27.01.2025;12:07:35.000;FBTP SI 20250306 PS;SIMPLE_INSTRUMENT;BLOCK;EUR;17;119.29000000;1000;EXCHANGE_LAST;;1;1;XEUR;11286675;636;
27.01.2025;12:16:08.459;FBTP SI 20250306 PS;SIMPLE_INSTRUMENT;EFP_FIN;EUR;18;119.34000000;581;EXCHANGE_LAST;;1;1;XEUR;11286675;636;
27.01.2025;12:17:43.226;FBTP SI 20250306 PS;SIMPLE_INSTRUMENT;EFP_FIN;EUR;19;119.33000000;187;EXCHANGE_LAST;;1;1;XEUR;11286675;636;
27.01.2025;12:33:31.885;FBTP SI 20250306 PS;SIMPLE_INSTRUMENT;EFP_FIN;EUR;20;119.29000000;497;EXCHANGE_LAST;;1;1;XEUR;11286675;636;
27.01.2025;12:38:30.656;FBTP SI 20250306 PS;SIMPLE_INSTRUMENT;EFP_FIN;EUR;21;119.26000000;232;EXCHANGE_LAST;;1;1;XEUR;11286675;636;
27.01.2025;13:02:26.674;FBTP SI 20250306 PS;SIMPLE_INSTRUMENT;EFP_FIN;EUR;22;119.33000000;191;EXCHANGE_LAST;;1;1;XEUR;11286675;636;
27.01.2025;13:02:26.674;FBTP SI 20250306 PS;SIMPLE_INSTRUMENT;EFP_FIN;EUR;23;119.33000000;162;EXCHANGE_LAST;;1;1;XEUR;11286675;636;
27.01.2025;13:27:48.634;FBTP SI 20250306 PS;SIMPLE_INSTRUMENT;EFP_FIN;EUR;24;119.30000000;78;EXCHANGE_LAST;;1;1;XEUR;11286675;636;
27.01.2025;13:32:55.350;FBTP SI 20250306 PS;SIMPLE_INSTRUMENT;EFP_FIN;EUR;25;119.20000000;226;EXCHANGE_LAST;;1;1;XEUR;11286675;636;
27.01.2025;13:33:00.573;FBTP SI 20250306 PS;SIMPLE_INSTRUMENT;EFP_FIN;EUR;26;119.30000000;74;EXCHANGE_LAST;;1;1;XEUR;11286675;636;
27.01.2025;13:48:08.209;FBTP SI 20250306 PS;SIMPLE_INSTRUMENT;BLOCK;EUR;27;119.15000000;1726;EXCHANGE_LAST;;1;1;XEUR;11286675;636;
27.01.2025;13:48:02.465;FBTP SI 20250306 PS;SIMPLE_INSTRUMENT;EFP_FIN;EUR;28;119.20000000;254;EXCHANGE_LAST;;1;1;XEUR;11286675;636;
27.01.2025;13:59:17.556;FBTP SI 20250306 PS;SIMPLE_INSTRUMENT;EFP_FIN;EUR;29;119.14000000;57;EXCHANGE_LAST;;1;1;XEUR;11286675;636;
27.01.2025;13:59:34.959;FBTP SI 20250306 PS;SIMPLE_INSTRUMENT;EFP_FIN;EUR;30;119.16000000;134;EXCHANGE_LAST;;1;1;XEUR;11286675;636;
27.01.2025;14:21:17.091;FBTP SI 20250306 PS;SIMPLE_INSTRUMENT;EFP_FIN;EUR;31;119.16000000;79;EXCHANGE_LAST;;1;1;XEUR;11286675;636;
27.01.2025;14:37:51.036;FBTP SI 20250306 PS;SIMPLE_INSTRUMENT;EFP_FIN;EUR;32;119.16000000;52;EXCHANGE_LAST;;1;1;XEUR;11286675;636;
27.01.2025;15:17:51.138;FBTP SI 20250306 PS;SIMPLE_INSTRUMENT;EFP_FIN;EUR;33;119.04000000;717;EXCHANGE_LAST;;1;1;XEUR;11286675;636;
27.01.2025;15:20:20.357;FBTP SI 20250306 PS;SIMPLE_INSTRUMENT;EFP_FIN;EUR;34;119.09000000;75;EXCHANGE_LAST;;1;1;XEUR;11286675;636;
27.01.2025;15:21:26.361;FBTP SI 20250306 PS;SIMPLE_INSTRUMENT;EFP_FIN;EUR;35;119.10000000;916;EXCHANGE_LAST;;1;1;XEUR;11286675;636;
27.01.2025;15:38:04.114;FBTP SI 20250306 PS;SIMPLE_INSTRUMENT;EFP_FIN;EUR;36;119.07000000;988;EXCHANGE_LAST;;1;1;XEUR;11286675;636;
27.01.2025;15:49:30.325;FBTP SI 20250306 PS;SIMPLE_INSTRUMENT;EFS;EUR;37;119.04000000;1130;EXCHANGE_LAST;;1;1;XEUR;11286675;636;
27.01.2025;16:18:10.189;FBTP SI 20250306 PS;SIMPLE_INSTRUMENT;EFP_FIN;EUR;38;119.04000000;274;EXCHANGE_LAST;;1;1;XEUR;11286675;636;
27.01.2025;17:12:53.761;FBTP SI 20250306 PS;SIMPLE_INSTRUMENT;EFP_FIN;EUR;39;119.10000000;627;EXCHANGE_LAST;;1;1;XEUR;11286675;636;
27.01.2025;17:33:38.606;FBTP SI 20250306 PS;SIMPLE_INSTRUMENT;EFP_FIN;EUR;40;119.03000000;448;EXCHANGE_LAST;;1;1;XEUR;11286675;636;
27.01.2025;09:14:41.245;FBTS SI 20250306 PS;SIMPLE_INSTRUMENT;EFP_FIN;EUR;3;107.08000000;439;EXCHANGE_LAST;;1;1;XEUR;11286677;639;
27.01.2025;09:35:17.409;FBTS SI 20250306 PS;SIMPLE_INSTRUMENT;EFP_FIN;EUR;5;107.09000000;630;EXCHANGE_LAST;;1;1;XEUR;11286677;639;
27.01.2025;09:44:47.779;FBTS SI 20250306 PS;SIMPLE_INSTRUMENT;BLOCK;EUR;8;107.08000000;441;EXCHANGE_LAST;;1;1;XEUR;11286677;639;
27.01.2025;09:52:20.645;FBTS SI 20250306 PS;SIMPLE_INSTRUMENT;EFP_FIN;EUR;9;107.08000000;454;EXCHANGE_LAST;;1;1;XEUR;11286677;639;
27.01.2025;10:17:28.033;FBTS SI 20250306 PS;SIMPLE_INSTRUMENT;EFP_FIN;EUR;10;107.06000000;877;EXCHANGE_LAST;;1;1;XEUR;11286677;639;
27.01.2025;10:19:15.230;FBTS SI 20250306 PS;SIMPLE_INSTRUMENT;EFP_FIN;EUR;11;107.06000000;454;EXCHANGE_LAST;;1;1;XEUR;11286677;639;
27.01.2025;10:22:26.017;FBTS SI 20250306 PS;SIMPLE_INSTRUMENT;EFP_FIN;EUR;12;107.09000000;1172;EXCHANGE_LAST;;1;1;XEUR;11286677;639;
27.01.2025;10:23:49.335;FBTS SI 20250306 PS;SIMPLE_INSTRUMENT;EFP_FIN;EUR;13;107.09000000;528;EXCHANGE_LAST;;1;1;XEUR;11286677;639;
27.01.2025;10:28:25.153;FBTS SI 20250306 PS;SIMPLE_INSTRUMENT;EFP_FIN;EUR;14;107.07000000;219;EXCHANGE_LAST;;1;1;XEUR;11286677;639;
27.01.2025;11:10:25.216;FBTS SI 20250306 PS;SIMPLE_INSTRUMENT;EFP_FIN;EUR;15;107.08000000;965;EXCHANGE_LAST;;1;1;XEUR;11286677;639;
27.01.2025;11:27:46.909;FBTS SI 20250306 PS;SIMPLE_INSTRUMENT;EFP_FIN;EUR;16;107.08000000;219;EXCHANGE_LAST;;1;1;XEUR;11286677;639;
27.01.2025;12:17:18.431;FBTS SI 20250306 PS;SIMPLE_INSTRUMENT;EFP_FIN;EUR;19;107.12000000;715;EXCHANGE_LAST;;1;1;XEUR;11286677;639;
27.01.2025;13:01:44.012;FBTS SI 20250306 PS;SIMPLE_INSTRUMENT;EFP_FIN;EUR;22;107.11000000;264;EXCHANGE_LAST;;1;1;XEUR;11286677;639;
27.01.2025;13:34:23.523;FBTS SI 20250306 PS;SIMPLE_INSTRUMENT;EFP_FIN;EUR;24;107.08000000;877;EXCHANGE_LAST;;1;1;XEUR;11286677;639;
27.01.2025;14:21:33.177;FBTS SI 20250306 PS;SIMPLE_INSTRUMENT;EFP_FIN;EUR;29;107.06000000;661;EXCHANGE_LAST;;1;1;XEUR;11286677;639;
27.01.2025;15:15:59.877;FBTS SI 20250306 PS;SIMPLE_INSTRUMENT;EFP_FIN;EUR;30;107.05000000;908;EXCHANGE_LAST;;1;1;XEUR;11286677;639;
27.01.2025;15:18:38.273;FBTS SI 20250306 PS;SIMPLE_INSTRUMENT;EFP_FIN;EUR;31;107.04000000;195;EXCHANGE_LAST;;1;1;XEUR;11286677;639;
27.01.2025;15:22:08.853;FBTS SI 20250306 PS;SIMPLE_INSTRUMENT;EFP_FIN;EUR;32;107.06000000;2224;EXCHANGE_LAST;;1;1;XEUR;11286677;639;
27.01.2025;15:40:56.552;FBTS SI 20250306 PS;SIMPLE_INSTRUMENT;EFP_FIN;EUR;35;107.05000000;172;EXCHANGE_LAST;;1;1;XEUR;11286677;639;
27.01.2025;15:42:25.802;FBTS SI 20250306 PS;SIMPLE_INSTRUMENT;EFP_FIN;EUR;36;107.05000000;1362;EXCHANGE_LAST;;1;1;XEUR;11286677;639;
27.01.2025;15:42:58.130;FBTS SI 20250306 PS;SIMPLE_INSTRUMENT;EFP_FIN;EUR;37;107.03000000;877;EXCHANGE_LAST;;1;1;XEUR;11286677;639;
27.01.2025;14:34:27.985;FCBU SI 20250204 CS;SIMPLE_INSTRUMENT;BLOCK;USD;6;0.16780000;200;EXCHANGE_LAST;;1;1;XEUR;10653727;570870;
27.01.2025;08:39:52.558;FCEU SI 20250317 PS;SIMPLE_INSTRUMENT;BLOCK;USD;2;1.05006000;160;EXCHANGE_LAST;;1;1;XEUR;9136240;369376;
27.01.2025;08:57:29.658;FCME SI 20250317 CS;SIMPLE_INSTRUMENT;BLOCK;EUR;3;0.04619000;150;EXCHANGE_LAST;;1;1;XEUR;11329544;570873;
27.01.2025;14:32:16.505;FCME SI 20250317 CS;SIMPLE_INSTRUMENT;BLOCK;EUR;5;0.04577000;150;EXCHANGE_LAST;;1;1;XEUR;11329544;570873;
27.01.2025;08:27:53.320;FCZU SI 20250317 CS;SIMPLE_INSTRUMENT;BLOCK;USD;1;0.05352000;100;EXCHANGE_LAST;;1;1;XEUR;11329546;570872;
27.01.2025;11:03:47.803;FD3D SI 20251219 CS;SIMPLE_INSTRUMENT;BLOCK;EUR;14;105.90000000;500;EXCHANGE_LAST;;1;1;XEUR;5914068;588;
27.01.2025;13:27:16.985;FD3D SI 20251219 CS;SIMPLE_INSTRUMENT;BLOCK;EUR;20;105.90000000;400;EXCHANGE_LAST;;1;2;XEUR;5914068;588;
27.01.2025;13:56:14.902;FD3D SI 20251219 CS;SIMPLE_INSTRUMENT;BLOCK;EUR;26;105.90000000;200;EXCHANGE_LAST;;1;1;XEUR;5914068;588;
27.01.2025;15:13:21.857;FD3D SI 20261218 CS;SIMPLE_INSTRUMENT;BLOCK;EUR;28;104.00000000;120;EXCHANGE_LAST;;1;1;XEUR;7158183;588;
27.01.2025;10:48:37.224;FDAX SI 20250321 CS;SIMPLE_INSTRUMENT;EFP_IDX;EUR;1;21242.00000000;200;EXCHANGE_LAST;;1;1;XEUR;7561255;589;
27.01.2025;11:12:41.243;FDAX SI 20250321 CS;SIMPLE_INSTRUMENT;BLOCK;EUR;2;21242.00000000;400;EXCHANGE_LAST;;1;1;XEUR;7561255;589;
27.01.2025;08:25:49.742;FDAX SI 20250321 CS;SIMPLE_INSTRUMENT;VOLA;EUR;671088642;21290.00000000;58;EXCHANGE_LAST;;1;1;XEUR;7561255;589;
27.01.2025;11:49:21.697;FDAX SI 20250321 CS;SIMPLE_INSTRUMENT;VOLA;EUR;671088648;21270.00000000;37;EXCHANGE_LAST;;1;1;XEUR;7561255;589;
27.01.2025;11:49:23.954;FDAX SI 20250321 CS;SIMPLE_INSTRUMENT;VOLA;EUR;671088649;21270.00000000;37;EXCHANGE_LAST;;1;1;XEUR;7561255;589;
27.01.2025;10:41:56.912;FEBD.S.DEC26.DEC27.SPD;FUTURES_SPREAD;BLOCK;EUR;10;0.77000000;500;EXCHANGE_LAST;;1;1;XEUR;72060158133407001;597;
27.01.2025;10:41:56.912;FEBD SI 20271217 CS;SIMPLE_INSTRUMENT;BLOCK;EUR;10;9.30000000;500;PRC_DECOMP_MEMBER;;;;XEUR;7776307;597;MEMBER
27.01.2025;10:41:56.912;FEBD SI 20261218 CS;SIMPLE_INSTRUMENT;BLOCK;EUR;10;10.07000000;500;PRC_DECOMP_MEMBER;;;;XEUR;7158212;597;MEMBER
27.01.2025;10:41:31.571;FEBD.S.DEC26.DEC27.SPD;FUTURES_SPREAD;BLOCK;EUR;11;0.75000000;700;EXCHANGE_LAST;;2;1;XEUR;72060158133407001;597;
27.01.2025;10:41:31.571;FEBD SI 20271217 CS;SIMPLE_INSTRUMENT;BLOCK;EUR;11;9.31000000;700;PRC_DECOMP_EXCHANGE;;;;XEUR;7776307;597;EXCHANGE
27.01.2025;10:41:31.571;FEBD SI 20261218 CS;SIMPLE_INSTRUMENT;BLOCK;EUR;11;10.06000000;700;PRC_DECOMP_EXCHANGE;;;;XEUR;7158212;597;EXCHANGE
27.01.2025;10:47:24.007;FEBD.S.DEC26.DEC27.SPD;FUTURES_SPREAD;BLOCK;EUR;13;0.78000000;250;EXCHANGE_LAST;;1;1;XEUR;72060158133407001;597;
27.01.2025;10:47:24.007;FEBD SI 20261218 CS;SIMPLE_INSTRUMENT;BLOCK;EUR;13;10.08000000;250;PRC_DECOMP_EXCHANGE;;;;XEUR;7158212;597;EXCHANGE
27.01.2025;10:47:24.007;FEBD SI 20271217 CS;SIMPLE_INSTRUMENT;BLOCK;EUR;13;9.30000000;250;PRC_DECOMP_EXCHANGE;;;;XEUR;7776307;597;EXCHANGE
27.01.2025;14:24:42.956;FEBD SI 20261218 CS;SIMPLE_INSTRUMENT;BLOCK;EUR;27;10.06000000;1000;EXCHANGE_LAST;;1;1;XEUR;7158212;597;
27.01.2025;16:08:28.182;FEBD SI 20251219 CS;SIMPLE_INSTRUMENT;BLOCK;EUR;31;10.38000000;500;EXCHANGE_LAST;;1;1;XEUR;5914075;597;
27.01.2025;16:08:32.747;FEBD SI 20251219 CS;SIMPLE_INSTRUMENT;BLOCK;EUR;32;10.39000000;500;EXCHANGE_LAST;;1;1;XEUR;5914075;597;
27.01.2025;16:28:23.021;FEDV SI 20250321 CS;SIMPLE_INSTRUMENT;BLOCK;EUR;33;1722.00000000;5000;EXCHANGE_LAST;;1;1;XEUR;11359068;596;
27.01.2025;16:35:51.750;FEDV SI 20250321 CS;SIMPLE_INSTRUMENT;BLOCK;EUR;36;1723.00000000;1000;EXCHANGE_LAST;;1;1;XEUR;11359068;596;
27.01.2025;16:37:59.106;FEDV SI 20250321 CS;SIMPLE_INSTRUMENT;BLOCK;EUR;37;1723.50000000;500;EXCHANGE_LAST;;1;1;XEUR;11359068;596;
27.01.2025;16:43:45.650;FEDV SI 20250321 CS;SIMPLE_INSTRUMENT;EFP_IDX;EUR;40;1722.50000000;930;EXCHANGE_LAST;;1;1;XEUR;11359068;596;
27.01.2025;16:44:14.936;FEDV SI 20250321 CS;SIMPLE_INSTRUMENT;EFP_IDX;EUR;41;1720.50000000;1070;EXCHANGE_LAST;;1;1;XEUR;11359068;596;
27.01.2025;16:08:18.319;FES1 SI 20250321 PS;SIMPLE_INSTRUMENT;BLOCK;EUR;30;14.20000000;600;EXCHANGE_LAST;;1;1;XEUR;11391470;58959;
27.01.2025;12:45:11.820;FESB SI 20250321 CS;SIMPLE_INSTRUMENT;BLOCK;EUR;27;159.75000000;2561;EXCHANGE_LAST;;1;1;XEUR;11359072;605;
27.01.2025;13:25:48.795;FESB SI 20250321 CS;SIMPLE_INSTRUMENT;VOLA;EUR;603979812;160.00000000;1800;EXCHANGE_LAST;;1;1;XEUR;11359072;605;
27.01.2025;13:27:21.642;FESB SI 20250321 CS;SIMPLE_INSTRUMENT;VOLA;EUR;603979814;160.00000000;1200;EXCHANGE_LAST;;1;1;XEUR;11359072;605;
27.01.2025;16:13:24.833;FESB SI 20250321 CS;SIMPLE_INSTRUMENT;VOLA;EUR;603979838;160.45000000;600;EXCHANGE_LAST;;1;1;XEUR;11359072;605;
27.01.2025;13:35:54.988;FESI SI 20250321 CS;SIMPLE_INSTRUMENT;VOLA;EUR;603979820;453.50000000;30;EXCHANGE_LAST;;1;1;XEUR;11359634;681;
27.01.2025;13:35:59.937;FESI SI 20250321 CS;SIMPLE_INSTRUMENT;VOLA;EUR;603979821;453.50000000;31;EXCHANGE_LAST;;1;1;XEUR;11359634;681;
27.01.2025;16:44:11.267;FEST SI 20250321 CS;SIMPLE_INSTRUMENT;VOLA;EUR;603979842;336.50000000;18;EXCHANGE_LAST;;1;1;XEUR;11359586;678;
27.01.2025;16:44:19.745;FEST SI 20250321 CS;SIMPLE_INSTRUMENT;VOLA;EUR;603979843;336.50000000;17;EXCHANGE_LAST;;1;1;XEUR;11359586;678;
27.01.2025;10:49:28.472;FESX SI 20250321 CS;SIMPLE_INSTRUMENT;EFP_IDX;EUR;1;5160.00000000;1500;EXCHANGE_LAST;;1;1;XEUR;7793482;675;
27.01.2025;11:29:52.207;FESX SI 20250321 CS;SIMPLE_INSTRUMENT;BLOCK;EUR;2;5155.00000000;2500;EXCHANGE_LAST;;1;1;XEUR;7793482;675;
27.01.2025;13:24:10.470;FESX SI 20250321 CS;SIMPLE_INSTRUMENT;BLOCK;EUR;3;5181.00000000;2000;EXCHANGE_LAST;;1;1;XEUR;7793482;675;
27.01.2025;13:47:55.339;FESX SI 20250321 CS;SIMPLE_INSTRUMENT;BLOCK;EUR;4;5190.00000000;2700;EXCHANGE_LAST;;1;1;XEUR;7793482;675;
27.01.2025;16:25:41.449;FESX SI 20250321 CS;SIMPLE_INSTRUMENT;BLOCK;EUR;7;5210.00000000;2000;EXCHANGE_LAST;;1;1;XEUR;7793482;675;
27.01.2025;16:47:05.001;FESX SI 20250321 CS;SIMPLE_INSTRUMENT;EFP_IDX;EUR;8;5202.00000000;62;EXCHANGE_LAST;;1;1;XEUR;7793482;675;
27.01.2025;16:47:23.600;FESX SI 20250321 CS;SIMPLE_INSTRUMENT;EFP_IDX;EUR;9;5203.00000000;50;EXCHANGE_LAST;;1;1;XEUR;7793482;675;
27.01.2025;16:57:55.975;FESX SI 20250321 CS;SIMPLE_INSTRUMENT;EFP_IDX;EUR;10;5203.00000000;140;EXCHANGE_LAST;;1;1;XEUR;7793482;675;
27.01.2025;16:58:20.045;FESX SI 20250321 CS;SIMPLE_INSTRUMENT;EFP_IDX;EUR;11;5202.00000000;60;EXCHANGE_LAST;;1;1;XEUR;7793482;675;
27.01.2025;16:53:12.975;FESX SI 20250321 CS;SIMPLE_INSTRUMENT;EFP_IDX;EUR;12;5210.00000000;1000;EXCHANGE_LAST;;1;1;XEUR;7793482;675;
27.01.2025;17:09:50.013;FESX SI 20250321 CS;SIMPLE_INSTRUMENT;EFP_IDX;EUR;13;5205.00000000;1000;EXCHANGE_LAST;;1;1;XEUR;7793482;675;
27.01.2025;16:59:57.631;FESX SI 20250321 CS;SIMPLE_INSTRUMENT;EFP_IDX;EUR;14;5202.00000000;1621;EXCHANGE_LAST;;1;1;XEUR;7793482;675;
27.01.2025;17:00:12.315;FESX SI 20250321 CS;SIMPLE_INSTRUMENT;EFP_IDX;EUR;15;5203.00000000;541;EXCHANGE_LAST;;1;1;XEUR;7793482;675;
27.01.2025;08:28:29.050;FESX SI 20250321 CS;SIMPLE_INSTRUMENT;VOLA;EUR;637534214;5160.00000000;520;EXCHANGE_LAST;;1;1;XEUR;7793482;675;
27.01.2025;09:37:40.963;FESX SI 20250321 CS;SIMPLE_INSTRUMENT;VOLA;EUR;637534228;5160.00000000;740;EXCHANGE_LAST;;1;1;XEUR;7793482;675;
27.01.2025;09:37:40.046;FESX SI 20250321 CS;SIMPLE_INSTRUMENT;VOLA;EUR;637534229;5160.00000000;1000;EXCHANGE_LAST;;1;1;XEUR;7793482;675;
27.01.2025;09:42:24.984;FESX SI 20250321 CS;SIMPLE_INSTRUMENT;VOLA;EUR;637534231;5160.00000000;480;EXCHANGE_LAST;;1;1;XEUR;7793482;675;
27.01.2025;09:47:30.856;FESX SI 20250321 CS;SIMPLE_INSTRUMENT;VOLA;EUR;637534234;5159.00000000;1721;EXCHANGE_LAST;;1;1;XEUR;7793482;675;
27.01.2025;10:05:40.942;FESX SI 20250321 CS;SIMPLE_INSTRUMENT;VOLA;EUR;637534245;5163.00000000;1074;EXCHANGE_LAST;;1;1;XEUR;7793482;675;
27.01.2025;10:17:00.476;FESX SI 20250321 CS;SIMPLE_INSTRUMENT;VOLA;EUR;637534253;5164.00000000;1750;EXCHANGE_LAST;;1;1;XEUR;7793482;675;
27.01.2025;10:31:03.063;FESX SI 20250321 CS;SIMPLE_INSTRUMENT;VOLA;EUR;637534257;5160.00000000;600;EXCHANGE_LAST;;1;1;XEUR;7793482;675;
27.01.2025;11:01:43.652;FESX SI 20250321 CS;SIMPLE_INSTRUMENT;VOLA;EUR;637534263;5155.00000000;110;EXCHANGE_LAST;;1;1;XEUR;7793482;675;
27.01.2025;14:54:28.049;FESX SI 20250321 CS;SIMPLE_INSTRUMENT;VOLA;EUR;637534298;5198.00000000;86;EXCHANGE_LAST;;1;1;XEUR;7793482;675;
27.01.2025;14:54:35.650;FESX SI 20250321 CS;SIMPLE_INSTRUMENT;VOLA;EUR;637534299;5199.00000000;29;EXCHANGE_LAST;;1;1;XEUR;7793482;675;
27.01.2025;15:27:57.983;FESX SI 20250321 CS;SIMPLE_INSTRUMENT;VOLA;EUR;637534313;5200.00000000;2980;EXCHANGE_LAST;;1;1;XEUR;7793482;675;
27.01.2025;08:30:14.415;FEXD SI 20261218 CS;SIMPLE_INSTRUMENT;BLOCK;EUR;1;156.90000000;250;EXCHANGE_LAST;;1;1;XEUR;2163053;693;
27.01.2025;10:02:13.065;FEXD.S.DEC26.DEC27.SPD;FUTURES_SPREAD;BLOCK;EUR;7;5.80000000;250;EXCHANGE_LAST;;1;1;XEUR;72060570450264153;693;
27.01.2025;10:02:13.065;FEXD SI 20271217 CS;SIMPLE_INSTRUMENT;BLOCK;EUR;7;151.70000000;250;PRC_DECOMP_MEMBER;;;;XEUR;2848338;693;MEMBER
27.01.2025;10:02:13.065;FEXD SI 20261218 CS;SIMPLE_INSTRUMENT;BLOCK;EUR;7;157.50000000;250;PRC_DECOMP_MEMBER;;;;XEUR;2163053;693;MEMBER
27.01.2025;10:08:04.696;FEXD SI 20250620 CS;SIMPLE_INSTRUMENT;BLOCK;EUR;8;127.70000000;250;EXCHANGE_LAST;;1;1;XEUR;9548493;693;
27.01.2025;10:57:26.319;FEXD SI 20261218 CS;SIMPLE_INSTRUMENT;BLOCK;EUR;12;157.10000000;150;EXCHANGE_LAST;;1;1;XEUR;2163053;693;
27.01.2025;11:39:38.795;FEXD SI 20261218 CS;SIMPLE_INSTRUMENT;BLOCK;EUR;15;157.30000000;250;EXCHANGE_LAST;;1;1;XEUR;2163053;693;
27.01.2025;12:06:17.426;FEXD.S.DEC28.DEC29.SPD;FUTURES_SPREAD;BLOCK;EUR;17;3.90000000;200;EXCHANGE_LAST;;1;1;XEUR;72060570450264171;693;
27.01.2025;12:06:17.426;FEXD SI 20291221 CS;SIMPLE_INSTRUMENT;BLOCK;EUR;17;143.80000000;200;PRC_DECOMP_EXCHANGE;;;;XEUR;4631968;693;EXCHANGE
27.01.2025;12:06:17.426;FEXD SI 20281215 CS;SIMPLE_INSTRUMENT;BLOCK;EUR;17;147.70000000;200;PRC_DECOMP_EXCHANGE;;;;XEUR;3680985;693;EXCHANGE
27.01.2025;12:34:37.009;FEXD SI 20251219 CS;SIMPLE_INSTRUMENT;BLOCK;EUR;18;160.70000000;250;EXCHANGE_LAST;;1;1;XEUR;1548120;693;
27.01.2025;13:00:36.054;FEXD SI 20261218 CS;SIMPLE_INSTRUMENT;BLOCK;EUR;19;157.50000000;395;EXCHANGE_LAST;;1;1;XEUR;2163053;693;
27.01.2025;13:54:13.814;FEXD SI 20251219 CS;SIMPLE_INSTRUMENT;BLOCK;EUR;25;160.70000000;600;EXCHANGE_LAST;;1;1;XEUR;1548120;693;
27.01.2025;15:46:31.989;FEXD.S.DEC25.DEC26.SPD;FUTURES_SPREAD;BLOCK;EUR;29;2.70000000;500;EXCHANGE_LAST;;1;1;XEUR;72060570450264144;693;
27.01.2025;15:46:31.989;FEXD SI 20261218 CS;SIMPLE_INSTRUMENT;BLOCK;EUR;29;158.40000000;500;PRC_DECOMP_EXCHANGE;;;;XEUR;2163053;693;EXCHANGE
27.01.2025;15:46:31.989;FEXD SI 20251219 CS;SIMPLE_INSTRUMENT;BLOCK;EUR;29;161.10000000;500;PRC_DECOMP_EXCHANGE;;;;XEUR;1548120;693;EXCHANGE
27.01.2025;16:34:46.972;FEXD SI 20261218 CS;SIMPLE_INSTRUMENT;BLOCK;EUR;34;158.30000000;385;EXCHANGE_LAST;;1;1;XEUR;2163053;693;
27.01.2025;16:35:04.889;FEXD SI 20250321 CS;SIMPLE_INSTRUMENT;BLOCK;EUR;35;19.50000000;500;EXCHANGE_LAST;;1;1;XEUR;11453223;693;
27.01.2025;16:55:22.874;FEXD.S.DEC26.DEC27.SPD;FUTURES_SPREAD;BLOCK;EUR;46;5.70000000;750;EXCHANGE_LAST;;1;1;XEUR;72060570450264153;693;
27.01.2025;16:55:22.874;FEXD SI 20261218 CS;SIMPLE_INSTRUMENT;BLOCK;EUR;46;158.20000000;750;PRC_DECOMP_MEMBER;;;;XEUR;2163053;693;MEMBER
27.01.2025;16:55:22.874;FEXD SI 20271217 CS;SIMPLE_INSTRUMENT;BLOCK;EUR;46;152.50000000;750;PRC_DECOMP_MEMBER;;;;XEUR;2848338;693;MEMBER
27.01.2025;16:54:38.148;FEXD SI 20261218 CS;SIMPLE_INSTRUMENT;BLOCK;EUR;47;158.30000000;200;EXCHANGE_LAST;;1;1;XEUR;2163053;693;
27.01.2025;16:54:28.148;FEXD SI 20261218 CS;SIMPLE_INSTRUMENT;BLOCK;EUR;48;158.40000000;200;EXCHANGE_LAST;;1;1;XEUR;2163053;693;
27.01.2025;07:41:54.102;FGBL SI 20250306 PS;SIMPLE_INSTRUMENT;EFS;EUR;1;131.73000000;415;EXCHANGE_LAST;;1;1;XEUR;11286679;688;
27.01.2025;08:23:26.470;FGBL SI 20250306 PS;SIMPLE_INSTRUMENT;EFS;EUR;2;131.79000000;798;EXCHANGE_LAST;;1;1;XEUR;11286679;688;
27.01.2025;08:24:02.003;FGBL SI 20250306 PS;SIMPLE_INSTRUMENT;EFS;EUR;3;131.84000000;454;EXCHANGE_LAST;;1;1;XEUR;11286679;688;
27.01.2025;08:36:54.684;FGBL SI 20250306 PS;SIMPLE_INSTRUMENT;EFS;EUR;4;131.71000000;950;EXCHANGE_LAST;;1;1;XEUR;11286679;688;
27.01.2025;08:42:51.196;FGBL SI 20250306 PS;SIMPLE_INSTRUMENT;EFS;EUR;5;131.78000000;193;EXCHANGE_LAST;;1;1;XEUR;11286679;688;
27.01.2025;08:49:36.954;FGBL SI 20250306 PS;SIMPLE_INSTRUMENT;EFS;EUR;6;131.72000000;284;EXCHANGE_LAST;;1;1;XEUR;11286679;688;
27.01.2025;09:06:00.176;FGBL SI 20250306 PS;SIMPLE_INSTRUMENT;EFS;EUR;7;131.90000000;414;EXCHANGE_LAST;;1;1;XEUR;11286679;688;
27.01.2025;09:07:53.077;FGBL SI 20250306 PS;SIMPLE_INSTRUMENT;EFS;EUR;8;131.90000000;414;EXCHANGE_LAST;;1;1;XEUR;11286679;688;
27.01.2025;09:10:26.182;FGBL SI 20250306 PS;SIMPLE_INSTRUMENT;EFS;EUR;9;131.89000000;207;EXCHANGE_LAST;;1;1;XEUR;11286679;688;
27.01.2025;09:16:10.077;FGBL SI 20250306 PS;SIMPLE_INSTRUMENT;EFS;EUR;10;132.05000000;414;EXCHANGE_LAST;;1;1;XEUR;11286679;688;
27.01.2025;09:17:05.945;FGBL SI 20250306 PS;SIMPLE_INSTRUMENT;EFP_FIN;EUR;11;131.93000000;575;EXCHANGE_LAST;;1;1;XEUR;11286679;688;
27.01.2025;09:17:47.578;FGBL SI 20250306 PS;SIMPLE_INSTRUMENT;EFS;EUR;12;132.02000000;414;EXCHANGE_LAST;;1;1;XEUR;11286679;688;
27.01.2025;09:18:03.929;FGBL SI 20250306 PS;SIMPLE_INSTRUMENT;EFS;EUR;13;131.98000000;473;EXCHANGE_LAST;;1;1;XEUR;11286679;688;
27.01.2025;09:19:01.219;FGBL SI 20250306 PS;SIMPLE_INSTRUMENT;EFS;EUR;14;131.97000000;473;EXCHANGE_LAST;;1;1;XEUR;11286679;688;
27.01.2025;09:19:24.199;FGBL SI 20250306 PS;SIMPLE_INSTRUMENT;EFS;EUR;15;132.02000000;414;EXCHANGE_LAST;;1;1;XEUR;11286679;688;
27.01.2025;09:20:19.834;FGBL SI 20250306 PS;SIMPLE_INSTRUMENT;EFS;EUR;16;131.96000000;398;EXCHANGE_LAST;;1;1;XEUR;11286679;688;
27.01.2025;09:21:12.793;FGBL SI 20250306 PS;SIMPLE_INSTRUMENT;EFS;EUR;17;132.03000000;902;EXCHANGE_LAST;;1;1;XEUR;11286679;688;
27.01.2025;09:22:20.893;FGBL SI 20250306 PS;SIMPLE_INSTRUMENT;EFS;EUR;18;131.98000000;473;EXCHANGE_LAST;;1;1;XEUR;11286679;688;
27.01.2025;09:24:13.813;FGBL SI 20250306 PS;SIMPLE_INSTRUMENT;EFS;EUR;19;132.03000000;472;EXCHANGE_LAST;;1;1;XEUR;11286679;688;
27.01.2025;09:25:29.820;FGBL SI 20250306 PS;SIMPLE_INSTRUMENT;EFS;EUR;20;131.98000000;473;EXCHANGE_LAST;;1;1;XEUR;11286679;688;
27.01.2025;09:29:22.417;FGBL SI 20250306 PS;SIMPLE_INSTRUMENT;EFS;EUR;21;131.95000000;537;EXCHANGE_LAST;;1;1;XEUR;11286679;688;
27.01.2025;09:32:21.642;FGBL SI 20250306 PS;SIMPLE_INSTRUMENT;EFS;EUR;22;131.94000000;473;EXCHANGE_LAST;;1;1;XEUR;11286679;688;
27.01.2025;09:40:52.007;FGBL SI 20250306 PS;SIMPLE_INSTRUMENT;EFS;EUR;23;131.96000000;946;EXCHANGE_LAST;;1;1;XEUR;11286679;688;
27.01.2025;09:44:35.861;FGBL SI 20250306 PS;SIMPLE_INSTRUMENT;EFS;EUR;25;131.89000000;474;EXCHANGE_LAST;;1;1;XEUR;11286679;688;
27.01.2025;09:47:17.583;FGBL SI 20250306 PS;SIMPLE_INSTRUMENT;EFS;EUR;26;131.86000000;415;EXCHANGE_LAST;;1;1;XEUR;11286679;688;
27.01.2025;09:48:05.254;FGBL SI 20250306 PS;SIMPLE_INSTRUMENT;EFS;EUR;27;131.86000000;415;EXCHANGE_LAST;;1;1;XEUR;11286679;688;
27.01.2025;09:51:17.507;FGBL SI 20250306 PS;SIMPLE_INSTRUMENT;EFP_FIN;EUR;29;131.91000000;903;EXCHANGE_LAST;;1;1;XEUR;11286679;688;
27.01.2025;09:52:37.003;FGBL SI 20250306 PS;SIMPLE_INSTRUMENT;EFS;EUR;30;131.86000000;249;EXCHANGE_LAST;;1;1;XEUR;11286679;688;
27.01.2025;09:58:48.383;FGBL SI 20250306 PS;SIMPLE_INSTRUMENT;EFS;EUR;31;131.85000000;473;EXCHANGE_LAST;;1;1;XEUR;11286679;688;
27.01.2025;10:01:44.168;FGBL SI 20250306 PS;SIMPLE_INSTRUMENT;EFS;EUR;32;131.79000000;112;EXCHANGE_LAST;;1;1;XEUR;11286679;688;
27.01.2025;10:07:05.573;FGBL SI 20250306 PS;SIMPLE_INSTRUMENT;EFS;EUR;33;131.86000000;207;EXCHANGE_LAST;;1;1;XEUR;11286679;688;
27.01.2025;10:13:25.626;FGBL SI 20250306 PS;SIMPLE_INSTRUMENT;EFS;EUR;34;131.78000000;415;EXCHANGE_LAST;;1;1;XEUR;11286679;688;
27.01.2025;10:23:50.711;FGBL SI 20250306 PS;SIMPLE_INSTRUMENT;EFP_FIN;EUR;35;131.79000000;801;EXCHANGE_LAST;;1;1;XEUR;11286679;688;
27.01.2025;10:29:38.078;FGBL SI 20250306 PS;SIMPLE_INSTRUMENT;EFP_FIN;EUR;36;131.88000000;453;EXCHANGE_LAST;;1;1;XEUR;11286679;688;
27.01.2025;10:32:58.058;FGBL SI 20250306 PS;SIMPLE_INSTRUMENT;EFS;EUR;37;131.84000000;829;EXCHANGE_LAST;;1;1;XEUR;11286679;688;
27.01.2025;10:35:27.033;FGBL SI 20250306 PS;SIMPLE_INSTRUMENT;EFS;EUR;38;131.83000000;829;EXCHANGE_LAST;;1;1;XEUR;11286679;688;
27.01.2025;10:36:34.652;FGBL SI 20250306 PS;SIMPLE_INSTRUMENT;EFP_FIN;EUR;39;131.81000000;804;EXCHANGE_LAST;;1;1;XEUR;11286679;688;
27.01.2025;10:44:52.541;FGBL SI 20250306 PS;SIMPLE_INSTRUMENT;EFP_FIN;EUR;40;131.81000000;469;EXCHANGE_LAST;;1;1;XEUR;11286679;688;
27.01.2025;10:47:15.653;FGBL SI 20250306 PS;SIMPLE_INSTRUMENT;EFS;EUR;41;131.92000000;208;EXCHANGE_LAST;;1;1;XEUR;11286679;688;
27.01.2025;10:53:05.499;FGBL SI 20250306 PS;SIMPLE_INSTRUMENT;EFS;EUR;42;131.93000000;290;EXCHANGE_LAST;;1;1;XEUR;11286679;688;
27.01.2025;10:54:32.705;FGBL SI 20250306 PS;SIMPLE_INSTRUMENT;EFS;EUR;43;131.90000000;307;EXCHANGE_LAST;;1;1;XEUR;11286679;688;
27.01.2025;10:57:11.198;FGBL SI 20250306 PS;SIMPLE_INSTRUMENT;EFS;EUR;44;131.82000000;413;EXCHANGE_LAST;;1;1;XEUR;11286679;688;
27.01.2025;10:58:21.295;FGBL SI 20250306 PS;SIMPLE_INSTRUMENT;EFS;EUR;45;131.80000000;142;EXCHANGE_LAST;;1;1;XEUR;11286679;688;
27.01.2025;11:02:22.770;FGBL SI 20250306 PS;SIMPLE_INSTRUMENT;EFS;EUR;46;132.00000000;473;EXCHANGE_LAST;;1;1;XEUR;11286679;688;
27.01.2025;11:04:04.150;FGBL SI 20250306 PS;SIMPLE_INSTRUMENT;EFS;EUR;47;132.04000000;415;EXCHANGE_LAST;;1;1;XEUR;11286679;688;
27.01.2025;11:05:31.086;FGBL SI 20250306 PS;SIMPLE_INSTRUMENT;EFS;EUR;48;132.04000000;150;EXCHANGE_LAST;;1;1;XEUR;11286679;688;
27.01.2025;11:06:07.187;FGBL SI 20250306 PS;SIMPLE_INSTRUMENT;EFS;EUR;49;132.05000000;414;EXCHANGE_LAST;;1;1;XEUR;11286679;688;
27.01.2025;11:06:50.703;FGBL SI 20250306 PS;SIMPLE_INSTRUMENT;EFP_FIN;EUR;50;132.00000000;238;EXCHANGE_LAST;;1;1;XEUR;11286679;688;
27.01.2025;11:07:22.743;FGBL SI 20250306 PS;SIMPLE_INSTRUMENT;EFS;EUR;51;131.99000000;95;EXCHANGE_LAST;;1;1;XEUR;11286679;688;
27.01.2025;11:07:08.004;FGBL SI 20250306 PS;SIMPLE_INSTRUMENT;EFS;EUR;52;132.04000000;450;EXCHANGE_LAST;;1;1;XEUR;11286679;688;
27.01.2025;11:23:20.271;FGBL SI 20250306 PS;SIMPLE_INSTRUMENT;EFS;EUR;53;132.07000000;414;EXCHANGE_LAST;;1;1;XEUR;11286679;688;
27.01.2025;11:24:30.444;FGBL SI 20250306 PS;SIMPLE_INSTRUMENT;EFS;EUR;54;132.08000000;414;EXCHANGE_LAST;;1;1;XEUR;11286679;688;
27.01.2025;11:25:21.656;FGBL SI 20250306 PS;SIMPLE_INSTRUMENT;EFP_FIN;EUR;55;132.01000000;1200;EXCHANGE_LAST;;1;1;XEUR;11286679;688;
27.01.2025;11:25:45.693;FGBL SI 20250306 PS;SIMPLE_INSTRUMENT;EFS;EUR;56;132.07000000;166;EXCHANGE_LAST;;1;1;XEUR;11286679;688;
27.01.2025;11:29:29.857;FGBL SI 20250306 PS;SIMPLE_INSTRUMENT;EFS;EUR;57;132.09000000;207;EXCHANGE_LAST;;1;1;XEUR;11286679;688;
27.01.2025;11:32:58.681;FGBL SI 20250306 PS;SIMPLE_INSTRUMENT;EFS;EUR;58;132.00000000;946;EXCHANGE_LAST;;1;1;XEUR;11286679;688;
27.01.2025;11:35:00.864;FGBL SI 20250306 PS;SIMPLE_INSTRUMENT;EFS;EUR;59;132.10000000;225;EXCHANGE_LAST;;1;1;XEUR;11286679;688;
27.01.2025;11:35:14.781;FGBL SI 20250306 PS;SIMPLE_INSTRUMENT;EFS;EUR;60;132.10000000;333;EXCHANGE_LAST;;1;1;XEUR;11286679;688;
27.01.2025;11:42:59.220;FGBL SI 20250306 PS;SIMPLE_INSTRUMENT;EFS;EUR;61;132.02000000;461;EXCHANGE_LAST;;1;1;XEUR;11286679;688;
27.01.2025;11:43:32.343;FGBL SI 20250306 PS;SIMPLE_INSTRUMENT;EFS;EUR;62;132.03000000;414;EXCHANGE_LAST;;1;1;XEUR;11286679;688;
27.01.2025;11:48:52.984;FGBL SI 20250306 PS;SIMPLE_INSTRUMENT;EFS;EUR;63;132.01000000;450;EXCHANGE_LAST;;1;1;XEUR;11286679;688;
27.01.2025;11:53:12.743;FGBL SI 20250306 PS;SIMPLE_INSTRUMENT;EFS;EUR;64;132.02000000;449;EXCHANGE_LAST;;1;1;XEUR;11286679;688;
27.01.2025;11:57:18.437;FGBL SI 20250306 PS;SIMPLE_INSTRUMENT;EFS;EUR;65;132.08000000;414;EXCHANGE_LAST;;1;1;XEUR;11286679;688;
27.01.2025;11:57:55.179;FGBL SI 20250306 PS;SIMPLE_INSTRUMENT;EFS;EUR;66;132.08000000;414;EXCHANGE_LAST;;1;1;XEUR;11286679;688;
27.01.2025;11:58:32.502;FGBL SI 20250306 PS;SIMPLE_INSTRUMENT;EFS;EUR;67;132.06000000;414;EXCHANGE_LAST;;1;1;XEUR;11286679;688;
27.01.2025;12:01:24.583;FGBL SI 20250306 PS;SIMPLE_INSTRUMENT;EFS;EUR;68;132.06000000;207;EXCHANGE_LAST;;1;1;XEUR;11286679;688;
27.01.2025;12:06:45.160;FGBL SI 20250306 PS;SIMPLE_INSTRUMENT;EFP_FIN;EUR;69;132.05000000;800;EXCHANGE_LAST;;1;1;XEUR;11286679;688;
27.01.2025;12:06:58.783;FGBL SI 20250306 PS;SIMPLE_INSTRUMENT;EFS;EUR;70;132.06000000;1765;EXCHANGE_LAST;;1;1;XEUR;11286679;688;
27.01.2025;12:07:43.811;FGBL SI 20250306 PS;SIMPLE_INSTRUMENT;EFP_FIN;EUR;71;132.13000000;743;EXCHANGE_LAST;;1;1;XEUR;11286679;688;
27.01.2025;12:09:57.366;FGBL SI 20250306 PS;SIMPLE_INSTRUMENT;EFS;EUR;72;132.08000000;414;EXCHANGE_LAST;;1;1;XEUR;11286679;688;
27.01.2025;12:10:46.558;FGBL SI 20250306 PS;SIMPLE_INSTRUMENT;EFS;EUR;73;132.07000000;400;EXCHANGE_LAST;;1;1;XEUR;11286679;688;
27.01.2025;12:11:29.983;FGBL SI 20250306 PS;SIMPLE_INSTRUMENT;EFS;EUR;74;132.08000000;414;EXCHANGE_LAST;;1;1;XEUR;11286679;688;
27.01.2025;12:13:45.549;FGBL SI 20250306 PS;SIMPLE_INSTRUMENT;EFS;EUR;75;132.03000000;414;EXCHANGE_LAST;;1;1;XEUR;11286679;688;
27.01.2025;12:18:20.541;FGBL SI 20250306 PS;SIMPLE_INSTRUMENT;EFS;EUR;76;132.03000000;415;EXCHANGE_LAST;;1;1;XEUR;11286679;688;
27.01.2025;12:18:54.426;FGBL SI 20250306 PS;SIMPLE_INSTRUMENT;EFS;EUR;77;132.04000000;828;EXCHANGE_LAST;;1;1;XEUR;11286679;688;
27.01.2025;12:19:35.772;FGBL SI 20250306 PS;SIMPLE_INSTRUMENT;EFS;EUR;78;132.04000000;828;EXCHANGE_LAST;;1;1;XEUR;11286679;688;
27.01.2025;12:23:08.680;FGBL SI 20250306 PS;SIMPLE_INSTRUMENT;EFS;EUR;79;132.03000000;319;EXCHANGE_LAST;;1;1;XEUR;11286679;688;
27.01.2025;12:27:11.476;FGBL SI 20250306 PS;SIMPLE_INSTRUMENT;EFS;EUR;80;131.99000000;124;EXCHANGE_LAST;;1;1;XEUR;11286679;688;
27.01.2025;12:33:08.924;FGBL SI 20250306 PS;SIMPLE_INSTRUMENT;EFP_FIN;EUR;81;132.10000000;81;EXCHANGE_LAST;;1;1;XEUR;11286679;688;
27.01.2025;12:34:07.206;FGBL SI 20250306 PS;SIMPLE_INSTRUMENT;EFS;EUR;82;131.99000000;332;EXCHANGE_LAST;;1;1;XEUR;11286679;688;
27.01.2025;12:41:18.245;FGBL SI 20250306 PS;SIMPLE_INSTRUMENT;EFP_FIN;EUR;83;131.98000000;395;EXCHANGE_LAST;;1;1;XEUR;11286679;688;
27.01.2025;12:41:33.219;FGBL SI 20250306 PS;SIMPLE_INSTRUMENT;EFS;EUR;84;131.95000000;237;EXCHANGE_LAST;;1;1;XEUR;11286679;688;
27.01.2025;12:50:11.909;FGBL SI 20250306 PS;SIMPLE_INSTRUMENT;EFS;EUR;85;132.01000000;225;EXCHANGE_LAST;;1;1;XEUR;11286679;688;
27.01.2025;12:51:33.685;FGBL SI 20250306 PS;SIMPLE_INSTRUMENT;EFS;EUR;86;131.93000000;473;EXCHANGE_LAST;;1;1;XEUR;11286679;688;
27.01.2025;13:03:58.614;FGBL SI 20250306 PS;SIMPLE_INSTRUMENT;EFS;EUR;87;131.94000000;622;EXCHANGE_LAST;;1;1;XEUR;11286679;688;
27.01.2025;13:05:43.962;FGBL SI 20250306 PS;SIMPLE_INSTRUMENT;EFS;EUR;88;131.98000000;122;EXCHANGE_LAST;;1;1;XEUR;11286679;688;
27.01.2025;13:06:36.919;FGBL SI 20250306 PS;SIMPLE_INSTRUMENT;EFS;EUR;89;131.94000000;207;EXCHANGE_LAST;;1;1;XEUR;11286679;688;
27.01.2025;13:08:01.656;FGBL SI 20250306 PS;SIMPLE_INSTRUMENT;EFS;EUR;90;131.94000000;415;EXCHANGE_LAST;;1;1;XEUR;11286679;688;
27.01.2025;13:10:05.736;FGBL SI 20250306 PS;SIMPLE_INSTRUMENT;EFS;EUR;91;131.94000000;207;EXCHANGE_LAST;;1;1;XEUR;11286679;688;
27.01.2025;13:12:52.559;FGBL SI 20250306 PS;SIMPLE_INSTRUMENT;EFS;EUR;92;131.96000000;414;EXCHANGE_LAST;;1;1;XEUR;11286679;688;
27.01.2025;13:16:15.797;FGBL SI 20250306 PS;SIMPLE_INSTRUMENT;EFS;EUR;93;131.97000000;829;EXCHANGE_LAST;;1;1;XEUR;11286679;688;
27.01.2025;13:23:48.343;FGBL SI 20250306 PS;SIMPLE_INSTRUMENT;EFS;EUR;94;131.85000000;830;EXCHANGE_LAST;;1;1;XEUR;11286679;688;
27.01.2025;13:28:23.543;FGBL SI 20250306 PS;SIMPLE_INSTRUMENT;EFS;EUR;95;131.79000000;415;EXCHANGE_LAST;;1;1;XEUR;11286679;688;
27.01.2025;13:29:23.587;FGBL SI 20250306 PS;SIMPLE_INSTRUMENT;EFS;EUR;96;131.78000000;332;EXCHANGE_LAST;;1;1;XEUR;11286679;688;
27.01.2025;13:40:25.808;FGBL SI 20250306 PS;SIMPLE_INSTRUMENT;EFS;EUR;97;131.80000000;282;EXCHANGE_LAST;;1;1;XEUR;11286679;688;
27.01.2025;13:43:20.556;FGBL SI 20250306 PS;SIMPLE_INSTRUMENT;EFS;EUR;98;131.80000000;207;EXCHANGE_LAST;;1;1;XEUR;11286679;688;
27.01.2025;13:48:14.746;FGBL SI 20250306 PS;SIMPLE_INSTRUMENT;EFS;EUR;99;131.80000000;415;EXCHANGE_LAST;;1;1;XEUR;11286679;688;
27.01.2025;13:48:22.833;FGBL SI 20250306 PS;SIMPLE_INSTRUMENT;EFS;EUR;100;131.79000000;451;EXCHANGE_LAST;;1;1;XEUR;11286679;688;
27.01.2025;13:51:25.219;FGBL SI 20250306 PS;SIMPLE_INSTRUMENT;EFP_FIN;EUR;101;131.81000000;1399;EXCHANGE_LAST;;1;1;XEUR;11286679;688;
27.01.2025;13:56:28.800;FGBL SI 20250306 PS;SIMPLE_INSTRUMENT;EFS;EUR;102;131.96000000;681;EXCHANGE_LAST;;1;1;XEUR;11286679;688;
27.01.2025;14:09:19.637;FGBL SI 20250306 PS;SIMPLE_INSTRUMENT;EFS;EUR;103;131.76000000;415;EXCHANGE_LAST;;1;1;XEUR;11286679;688;
27.01.2025;14:10:15.664;FGBL SI 20250306 PS;SIMPLE_INSTRUMENT;EFP_FIN;EUR;104;131.77000000;632;EXCHANGE_LAST;;1;1;XEUR;11286679;688;
27.01.2025;14:16:04.925;FGBL SI 20250306 PS;SIMPLE_INSTRUMENT;EFS;EUR;105;131.80000000;207;EXCHANGE_LAST;;1;1;XEUR;11286679;688;
27.01.2025;14:27:13.093;FGBL SI 20250306 PS;SIMPLE_INSTRUMENT;EFS;EUR;106;131.78000000;415;EXCHANGE_LAST;;1;1;XEUR;11286679;688;
27.01.2025;14:36:30.662;FGBL SI 20250306 PS;SIMPLE_INSTRUMENT;EFS;EUR;107;131.77000000;207;EXCHANGE_LAST;;1;1;XEUR;11286679;688;
27.01.2025;14:38:43.375;FGBL SI 20250306 PS;SIMPLE_INSTRUMENT;EFP_FIN;EUR;108;131.77000000;156;EXCHANGE_LAST;;1;1;XEUR;11286679;688;
27.01.2025;14:39:54.872;FGBL SI 20250306 PS;SIMPLE_INSTRUMENT;EFP_FIN;EUR;109;131.77000000;293;EXCHANGE_LAST;;1;1;XEUR;11286679;688;
27.01.2025;14:40:29.381;FGBL SI 20250306 PS;SIMPLE_INSTRUMENT;EFS;EUR;110;131.79000000;94;EXCHANGE_LAST;;1;1;XEUR;11286679;688;
27.01.2025;14:45:05.731;FGBL SI 20250306 PS;SIMPLE_INSTRUMENT;EFS;EUR;111;131.67000000;415;EXCHANGE_LAST;;1;1;XEUR;11286679;688;
27.01.2025;14:46:05.931;FGBL SI 20250306 PS;SIMPLE_INSTRUMENT;EFS;EUR;112;131.67000000;207;EXCHANGE_LAST;;1;1;XEUR;11286679;688;
27.01.2025;14:47:38.773;FGBL SI 20250306 PS;SIMPLE_INSTRUMENT;EFS;EUR;113;131.76000000;230;EXCHANGE_LAST;;1;1;XEUR;11286679;688;
27.01.2025;14:51:22.000;FGBL SI 20250306 PS;SIMPLE_INSTRUMENT;EFS;EUR;114;131.67000000;475;EXCHANGE_LAST;;1;1;XEUR;11286679;688;
27.01.2025;14:52:38.785;FGBL SI 20250306 PS;SIMPLE_INSTRUMENT;EFS;EUR;115;131.68000000;474;EXCHANGE_LAST;;1;1;XEUR;11286679;688;
27.01.2025;14:56:51.790;FGBL SI 20250306 PS;SIMPLE_INSTRUMENT;EFS;EUR;117;131.65000000;227;EXCHANGE_LAST;;1;1;XEUR;11286679;688;
27.01.2025;15:00:01.533;FGBL SI 20250306 PS;SIMPLE_INSTRUMENT;EFS;EUR;118;131.59000000;415;EXCHANGE_LAST;;1;1;XEUR;11286679;688;
27.01.2025;15:02:21.671;FGBL SI 20250306 PS;SIMPLE_INSTRUMENT;EFS;EUR;119;131.59000000;416;EXCHANGE_LAST;;1;1;XEUR;11286679;688;
27.01.2025;15:02:21.716;FGBL SI 20250306 PS;SIMPLE_INSTRUMENT;EFS;EUR;120;131.59000000;416;EXCHANGE_LAST;;1;1;XEUR;11286679;688;
27.01.2025;15:04:47.879;FGBL SI 20250306 PS;SIMPLE_INSTRUMENT;EFP_FIN;EUR;121;131.60000000;632;EXCHANGE_LAST;;1;1;XEUR;11286679;688;
27.01.2025;15:07:16.890;FGBL SI 20250306 PS;SIMPLE_INSTRUMENT;EFS;EUR;122;131.57000000;416;EXCHANGE_LAST;;1;1;XEUR;11286679;688;
27.01.2025;15:07:26.899;FGBL SI 20250306 PS;SIMPLE_INSTRUMENT;EFS;EUR;123;131.59000000;416;EXCHANGE_LAST;;1;1;XEUR;11286679;688;
27.01.2025;15:08:02.929;FGBL SI 20250306 PS;SIMPLE_INSTRUMENT;EFS;EUR;124;131.66000000;225;EXCHANGE_LAST;;1;1;XEUR;11286679;688;
27.01.2025;15:11:27.555;FGBL SI 20250306 PS;SIMPLE_INSTRUMENT;EFS;EUR;125;131.58000000;190;EXCHANGE_LAST;;1;1;XEUR;11286679;688;
27.01.2025;15:16:26.343;FGBL SI 20250306 PS;SIMPLE_INSTRUMENT;EFS;EUR;126;131.54000000;2848;EXCHANGE_LAST;;1;1;XEUR;11286679;688;
27.01.2025;15:29:02.025;FGBL SI 20250306 PS;SIMPLE_INSTRUMENT;EFS;EUR;127;131.63000000;332;EXCHANGE_LAST;;1;1;XEUR;11286679;688;
27.01.2025;15:36:16.286;FGBL SI 20250306 PS;SIMPLE_INSTRUMENT;EFS;EUR;128;131.59000000;415;EXCHANGE_LAST;;1;1;XEUR;11286679;688;
27.01.2025;15:37:51.113;FGBL SI 20250306 PS;SIMPLE_INSTRUMENT;EFS;EUR;129;131.55000000;415;EXCHANGE_LAST;;1;1;XEUR;11286679;688;
27.01.2025;15:43:36.427;FGBL SI 20250306 PS;SIMPLE_INSTRUMENT;EFS;EUR;130;131.50000000;499;EXCHANGE_LAST;;1;1;XEUR;11286679;688;
27.01.2025;15:44:39.319;FGBL SI 20250306 PS;SIMPLE_INSTRUMENT;EFS;EUR;131;131.52000000;414;EXCHANGE_LAST;;1;1;XEUR;11286679;688;
27.01.2025;15:52:11.453;FGBL SI 20250306 PS;SIMPLE_INSTRUMENT;EFS;EUR;132;131.56000000;1424;EXCHANGE_LAST;;1;1;XEUR;11286679;688;
27.01.2025;16:23:47.951;FGBL SI 20250306 PS;SIMPLE_INSTRUMENT;EFS;EUR;133;131.65000000;207;EXCHANGE_LAST;;1;1;XEUR;11286679;688;
27.01.2025;16:27:54.291;FGBL SI 20250306 PS;SIMPLE_INSTRUMENT;EFS;EUR;134;131.66000000;208;EXCHANGE_LAST;;1;1;XEUR;11286679;688;
27.01.2025;16:28:15.307;FGBL SI 20250306 PS;SIMPLE_INSTRUMENT;EFS;EUR;135;131.66000000;415;EXCHANGE_LAST;;1;1;XEUR;11286679;688;
27.01.2025;16:32:30.299;FGBL SI 20250306 PS;SIMPLE_INSTRUMENT;EFS;EUR;136;131.66000000;460;EXCHANGE_LAST;;1;1;XEUR;11286679;688;
27.01.2025;16:32:53.226;FGBL SI 20250306 PS;SIMPLE_INSTRUMENT;EFS;EUR;137;131.69000000;474;EXCHANGE_LAST;;1;1;XEUR;11286679;688;
27.01.2025;16:34:56.660;FGBL SI 20250306 PS;SIMPLE_INSTRUMENT;EFS;EUR;138;131.67000000;475;EXCHANGE_LAST;;1;1;XEUR;11286679;688;
27.01.2025;16:40:03.086;FGBL SI 20250306 PS;SIMPLE_INSTRUMENT;EFS;EUR;139;131.68000000;190;EXCHANGE_LAST;;1;1;XEUR;11286679;688;
27.01.2025;16:45:41.069;FGBL SI 20250306 PS;SIMPLE_INSTRUMENT;EFS;EUR;140;131.70000000;208;EXCHANGE_LAST;;1;1;XEUR;11286679;688;
27.01.2025;16:45:46.075;FGBL SI 20250306 PS;SIMPLE_INSTRUMENT;EFS;EUR;141;131.70000000;208;EXCHANGE_LAST;;1;1;XEUR;11286679;688;
27.01.2025;16:52:21.354;FGBL SI 20250306 PS;SIMPLE_INSTRUMENT;EFS;EUR;142;131.70000000;208;EXCHANGE_LAST;;1;1;XEUR;11286679;688;
27.01.2025;16:52:28.359;FGBL SI 20250306 PS;SIMPLE_INSTRUMENT;EFS;EUR;143;131.70000000;208;EXCHANGE_LAST;;1;1;XEUR;11286679;688;
27.01.2025;16:56:53.221;FGBL SI 20250306 PS;SIMPLE_INSTRUMENT;EFS;EUR;144;131.64000000;471;EXCHANGE_LAST;;1;1;XEUR;11286679;688;
27.01.2025;17:04:27.841;FGBL SI 20250306 PS;SIMPLE_INSTRUMENT;EFS;EUR;145;131.71000000;415;EXCHANGE_LAST;;1;1;XEUR;11286679;688;
27.01.2025;17:04:32.846;FGBL SI 20250306 PS;SIMPLE_INSTRUMENT;EFS;EUR;146;131.71000000;291;EXCHANGE_LAST;;1;1;XEUR;11286679;688;
27.01.2025;17:04:37.852;FGBL SI 20250306 PS;SIMPLE_INSTRUMENT;EFS;EUR;147;131.69000000;415;EXCHANGE_LAST;;1;1;XEUR;11286679;688;
27.01.2025;17:04:57.868;FGBL SI 20250306 PS;SIMPLE_INSTRUMENT;EFS;EUR;148;131.72000000;208;EXCHANGE_LAST;;1;1;XEUR;11286679;688;
27.01.2025;17:06:23.057;FGBL SI 20250306 PS;SIMPLE_INSTRUMENT;EFS;EUR;149;131.71000000;414;EXCHANGE_LAST;;1;1;XEUR;11286679;688;
27.01.2025;17:16:03.332;FGBL SI 20250306 PS;SIMPLE_INSTRUMENT;EFS;EUR;150;131.65000000;207;EXCHANGE_LAST;;1;1;XEUR;11286679;688;
27.01.2025;17:18:03.820;FGBL SI 20250306 PS;SIMPLE_INSTRUMENT;EFS;EUR;151;131.67000000;237;EXCHANGE_LAST;;1;1;XEUR;11286679;688;
27.01.2025;17:30:04.973;FGBL SI 20250306 PS;SIMPLE_INSTRUMENT;EFS;EUR;152;131.60000000;415;EXCHANGE_LAST;;1;1;XEUR;11286679;688;
27.01.2025;17:30:25.011;FGBL SI 20250306 PS;SIMPLE_INSTRUMENT;EFS;EUR;153;131.64000000;208;EXCHANGE_LAST;;1;1;XEUR;11286679;688;
27.01.2025;17:54:04.655;FGBL SI 20250306 PS;SIMPLE_INSTRUMENT;EFS;EUR;154;131.61000000;238;EXCHANGE_LAST;;1;1;XEUR;11286679;688;
27.01.2025;09:00:06.194;FGBL SI 20250306 PS;SIMPLE_INSTRUMENT;VOLA;EUR;268435476;131.76000000;80;EXCHANGE_LAST;;1;1;XEUR;11286679;688;
27.01.2025;10:43:02.782;FGBL SI 20250306 PS;SIMPLE_INSTRUMENT;VOLA;EUR;268435492;131.81000000;18;EXCHANGE_LAST;;1;1;XEUR;11286679;688;
27.01.2025;10:56:58.503;FGBL SI 20250306 PS;SIMPLE_INSTRUMENT;VOLA;EUR;268435497;131.86000000;40;EXCHANGE_LAST;;1;1;XEUR;11286679;688;
27.01.2025;10:58:09.291;FGBL SI 20250306 PS;SIMPLE_INSTRUMENT;VOLA;EUR;268435498;131.86000000;120;EXCHANGE_LAST;;1;1;XEUR;11286679;688;
27.01.2025;11:27:10.211;FGBL SI 20250306 PS;SIMPLE_INSTRUMENT;VOLA;EUR;268435500;132.10000000;60;EXCHANGE_LAST;;1;1;XEUR;11286679;688;
27.01.2025;11:31:55.857;FGBL SI 20250306 PS;SIMPLE_INSTRUMENT;VOLA;EUR;268435504;132.08000000;15;EXCHANGE_LAST;;1;1;XEUR;11286679;688;
27.01.2025;15:01:15.107;FGBL SI 20250306 PS;SIMPLE_INSTRUMENT;VOLA;EUR;268435540;131.78000000;48;EXCHANGE_LAST;;1;1;XEUR;11286679;688;
27.01.2025;15:06:29.510;FGBL SI 20250306 PS;SIMPLE_INSTRUMENT;VOLA;EUR;268435543;131.64000000;49;EXCHANGE_LAST;;1;1;XEUR;11286679;688;
27.01.2025;16:32:16.545;FGBL SI 20250306 PS;SIMPLE_INSTRUMENT;VOLA;EUR;268435556;131.65000000;88;EXCHANGE_LAST;;1;1;XEUR;11286679;688;
27.01.2025;16:32:54.549;FGBL SI 20250306 PS;SIMPLE_INSTRUMENT;VOLA;EUR;268435557;131.65000000;87;EXCHANGE_LAST;;1;1;XEUR;11286679;688;
27.01.2025;07:39:20.239;FGBM SI 20250306 PS;SIMPLE_INSTRUMENT;EFS;EUR;1;116.92000000;910;EXCHANGE_LAST;;1;1;XEUR;11286680;689;
27.01.2025;07:50:31.398;FGBM SI 20250306 PS;SIMPLE_INSTRUMENT;EFS;EUR;2;116.88000000;228;EXCHANGE_LAST;;1;1;XEUR;11286680;689;
27.01.2025;07:59:55.372;FGBM SI 20250306 PS;SIMPLE_INSTRUMENT;EFS;EUR;3;116.90000000;994;EXCHANGE_LAST;;1;1;XEUR;11286680;689;
27.01.2025;08:17:57.755;FGBM SI 20250306 PS;SIMPLE_INSTRUMENT;EFS;EUR;4;116.90000000;995;EXCHANGE_LAST;;1;1;XEUR;11286680;689;
27.01.2025;08:25:19.853;FGBM SI 20250306 PS;SIMPLE_INSTRUMENT;EFP_FIN;EUR;5;116.92000000;2157;EXCHANGE_LAST;;1;1;XEUR;11286680;689;
27.01.2025;08:31:17.420;FGBM SI 20250306 PS;SIMPLE_INSTRUMENT;EFS;EUR;6;116.92000000;80;EXCHANGE_LAST;;1;1;XEUR;11286680;689;
27.01.2025;09:01:53.135;FGBM SI 20250306 PS;SIMPLE_INSTRUMENT;EFS;EUR;7;116.96000000;455;EXCHANGE_LAST;;1;1;XEUR;11286680;689;
27.01.2025;09:02:54.471;FGBM SI 20250306 PS;SIMPLE_INSTRUMENT;EFS;EUR;8;116.97000000;455;EXCHANGE_LAST;;1;1;XEUR;11286680;689;
27.01.2025;09:04:04.504;FGBM SI 20250306 PS;SIMPLE_INSTRUMENT;EFS;EUR;9;116.98000000;455;EXCHANGE_LAST;;1;1;XEUR;11286680;689;
27.01.2025;09:20:54.486;FGBM SI 20250306 PS;SIMPLE_INSTRUMENT;EFS;EUR;10;116.91000000;3245;EXCHANGE_LAST;;1;1;XEUR;11286680;689;
27.01.2025;09:27:50.997;FGBM SI 20250306 PS;SIMPLE_INSTRUMENT;EFS;EUR;11;116.99000000;474;EXCHANGE_LAST;;1;1;XEUR;11286680;689;
27.01.2025;09:28:11.484;FGBM SI 20250306 PS;SIMPLE_INSTRUMENT;EFS;EUR;12;117.01000000;1124;EXCHANGE_LAST;;1;1;XEUR;11286680;689;
27.01.2025;09:34:25.496;FGBM SI 20250306 PS;SIMPLE_INSTRUMENT;EFS;EUR;13;117.00000000;1508;EXCHANGE_LAST;;1;1;XEUR;11286680;689;
27.01.2025;10:04:14.416;FGBM SI 20250306 PS;SIMPLE_INSTRUMENT;EFP_FIN;EUR;14;116.93000000;680;EXCHANGE_LAST;;1;1;XEUR;11286680;689;
27.01.2025;10:04:20.976;FGBM SI 20250306 PS;SIMPLE_INSTRUMENT;EFS;EUR;15;116.95000000;993;EXCHANGE_LAST;;1;1;XEUR;11286680;689;
27.01.2025;10:06:03.133;FGBM SI 20250306 PS;SIMPLE_INSTRUMENT;EFS;EUR;16;116.92000000;948;EXCHANGE_LAST;;1;1;XEUR;11286680;689;
27.01.2025;10:17:34.826;FGBM SI 20250306 PS;SIMPLE_INSTRUMENT;EFS;EUR;17;116.93000000;912;EXCHANGE_LAST;;1;1;XEUR;11286680;689;
27.01.2025;10:23:16.402;FGBM SI 20250306 PS;SIMPLE_INSTRUMENT;EFP_FIN;EUR;18;116.92000000;264;EXCHANGE_LAST;;1;1;XEUR;11286680;689;
27.01.2025;10:30:34.428;FGBM SI 20250306 PS;SIMPLE_INSTRUMENT;EFP_FIN;EUR;19;116.92000000;264;EXCHANGE_LAST;;1;1;XEUR;11286680;689;
27.01.2025;10:32:00.522;FGBM SI 20250306 PS;SIMPLE_INSTRUMENT;EFS;EUR;20;116.95000000;1720;EXCHANGE_LAST;;1;1;XEUR;11286680;689;
27.01.2025;10:34:38.551;FGBM SI 20250306 PS;SIMPLE_INSTRUMENT;EFS;EUR;21;116.94000000;1720;EXCHANGE_LAST;;1;1;XEUR;11286680;689;
27.01.2025;10:51:34.872;FGBM SI 20250306 PS;SIMPLE_INSTRUMENT;EFP_FIN;EUR;22;116.92000000;295;EXCHANGE_LAST;;1;1;XEUR;11286680;689;
27.01.2025;10:51:42.836;FGBM SI 20250306 PS;SIMPLE_INSTRUMENT;EFP_FIN;EUR;23;116.93000000;832;EXCHANGE_LAST;;1;1;XEUR;11286680;689;
27.01.2025;11:08:49.606;FGBM SI 20250306 PS;SIMPLE_INSTRUMENT;EFS;EUR;24;117.03000000;993;EXCHANGE_LAST;;1;1;XEUR;11286680;689;
27.01.2025;11:28:39.665;FGBM SI 20250306 PS;SIMPLE_INSTRUMENT;EFS;EUR;25;117.08000000;992;EXCHANGE_LAST;;1;1;XEUR;11286680;689;
27.01.2025;11:31:38.676;FGBM SI 20250306 PS;SIMPLE_INSTRUMENT;EFS;EUR;26;117.04000000;3972;EXCHANGE_LAST;;1;1;XEUR;11286680;689;
27.01.2025;11:36:53.463;FGBM SI 20250306 PS;SIMPLE_INSTRUMENT;EFS;EUR;27;117.09000000;996;EXCHANGE_LAST;;1;1;XEUR;11286680;689;
27.01.2025;11:38:16.775;FGBM SI 20250306 PS;SIMPLE_INSTRUMENT;EFS;EUR;28;117.07000000;1984;EXCHANGE_LAST;;1;1;XEUR;11286680;689;
27.01.2025;11:41:57.738;FGBM SI 20250306 PS;SIMPLE_INSTRUMENT;EFS;EUR;29;117.05000000;993;EXCHANGE_LAST;;1;1;XEUR;11286680;689;
27.01.2025;11:41:49.738;FGBM SI 20250306 PS;SIMPLE_INSTRUMENT;EFS;EUR;30;117.05000000;993;EXCHANGE_LAST;;1;1;XEUR;11286680;689;
27.01.2025;11:45:42.783;FGBM SI 20250306 PS;SIMPLE_INSTRUMENT;EFS;EUR;31;117.02000000;474;EXCHANGE_LAST;;1;1;XEUR;11286680;689;
27.01.2025;11:51:12.742;FGBM SI 20250306 PS;SIMPLE_INSTRUMENT;EFS;EUR;34;117.05000000;397;EXCHANGE_LAST;;1;1;XEUR;11286680;689;
27.01.2025;11:53:07.754;FGBM SI 20250306 PS;SIMPLE_INSTRUMENT;EFS;EUR;35;117.03000000;472;EXCHANGE_LAST;;1;1;XEUR;11286680;689;
27.01.2025;12:01:17.428;FGBM SI 20250306 PS;SIMPLE_INSTRUMENT;EFP_FIN;EUR;36;117.06000000;740;EXCHANGE_LAST;;1;1;XEUR;11286680;689;
27.01.2025;12:16:03.979;FGBM SI 20250306 PS;SIMPLE_INSTRUMENT;EFP_FIN;EUR;37;117.08000000;140;EXCHANGE_LAST;;1;1;XEUR;11286680;689;
27.01.2025;12:23:11.408;FGBM SI 20250306 PS;SIMPLE_INSTRUMENT;EFS;EUR;38;117.04000000;682;EXCHANGE_LAST;;1;1;XEUR;11286680;689;
27.01.2025;12:24:53.520;FGBM SI 20250306 PS;SIMPLE_INSTRUMENT;EFS;EUR;39;117.05000000;910;EXCHANGE_LAST;;1;1;XEUR;11286680;689;
27.01.2025;12:25:43.661;FGBM SI 20250306 PS;SIMPLE_INSTRUMENT;EFS;EUR;40;117.05000000;455;EXCHANGE_LAST;;1;1;XEUR;11286680;689;
27.01.2025;12:26:36.874;FGBM SI 20250306 PS;SIMPLE_INSTRUMENT;EFS;EUR;41;117.05000000;911;EXCHANGE_LAST;;1;1;XEUR;11286680;689;
27.01.2025;12:29:40.532;FGBM SI 20250306 PS;SIMPLE_INSTRUMENT;EFS;EUR;42;117.05000000;911;EXCHANGE_LAST;;1;1;XEUR;11286680;689;
27.01.2025;12:29:28.539;FGBM SI 20250306 PS;SIMPLE_INSTRUMENT;EFS;EUR;43;117.05000000;285;EXCHANGE_LAST;;1;1;XEUR;11286680;689;
27.01.2025;12:31:06.541;FGBM SI 20250306 PS;SIMPLE_INSTRUMENT;EFP_FIN;EUR;44;117.09000000;725;EXCHANGE_LAST;;1;1;XEUR;11286680;689;
27.01.2025;13:03:17.355;FGBM SI 20250306 PS;SIMPLE_INSTRUMENT;EFP_FIN;EUR;45;117.03000000;287;EXCHANGE_LAST;;1;1;XEUR;11286680;689;
27.01.2025;13:11:33.499;FGBM SI 20250306 PS;SIMPLE_INSTRUMENT;EFS;EUR;46;117.01000000;860;EXCHANGE_LAST;;1;1;XEUR;11286680;689;
27.01.2025;13:12:14.421;FGBM SI 20250306 PS;SIMPLE_INSTRUMENT;EFS;EUR;47;116.99000000;1907;EXCHANGE_LAST;;1;1;XEUR;11286680;689;
27.01.2025;13:13:04.351;FGBM SI 20250306 PS;SIMPLE_INSTRUMENT;EFP_FIN;EUR;48;117.02000000;431;EXCHANGE_LAST;;1;1;XEUR;11286680;689;
27.01.2025;13:14:30.851;FGBM SI 20250306 PS;SIMPLE_INSTRUMENT;EFS;EUR;49;117.01000000;1719;EXCHANGE_LAST;;1;1;XEUR;11286680;689;
27.01.2025;13:19:12.153;FGBM SI 20250306 PS;SIMPLE_INSTRUMENT;EFS;EUR;50;116.95000000;911;EXCHANGE_LAST;;1;1;XEUR;11286680;689;
27.01.2025;13:21:07.235;FGBM SI 20250306 PS;SIMPLE_INSTRUMENT;EFS;EUR;51;116.96000000;1823;EXCHANGE_LAST;;1;1;XEUR;11286680;689;
27.01.2025;13:29:53.614;FGBM SI 20250306 PS;SIMPLE_INSTRUMENT;EFS;EUR;52;116.90000000;912;EXCHANGE_LAST;;1;1;XEUR;11286680;689;
27.01.2025;13:37:12.726;FGBM SI 20250306 PS;SIMPLE_INSTRUMENT;EFS;EUR;53;116.90000000;80;EXCHANGE_LAST;;1;1;XEUR;11286680;689;
27.01.2025;13:47:24.501;FGBM SI 20250306 PS;SIMPLE_INSTRUMENT;EFS;EUR;54;116.91000000;946;EXCHANGE_LAST;;1;1;XEUR;11286680;689;
27.01.2025;14:00:59.815;FGBM SI 20250306 PS;SIMPLE_INSTRUMENT;EFP_FIN;EUR;55;117.05000000;482;EXCHANGE_LAST;;1;1;XEUR;11286680;689;
27.01.2025;14:27:29.714;FGBM SI 20250306 PS;SIMPLE_INSTRUMENT;EFS;EUR;56;116.92000000;4167;EXCHANGE_LAST;;1;1;XEUR;11286680;689;
27.01.2025;14:45:34.936;FGBM SI 20250306 PS;SIMPLE_INSTRUMENT;EFS;EUR;57;116.89000000;912;EXCHANGE_LAST;;1;1;XEUR;11286680;689;
27.01.2025;15:00:46.568;FGBM SI 20250306 PS;SIMPLE_INSTRUMENT;EFS;EUR;58;116.84000000;912;EXCHANGE_LAST;;1;1;XEUR;11286680;689;
27.01.2025;15:03:06.817;FGBM SI 20250306 PS;SIMPLE_INSTRUMENT;EFS;EUR;59;116.90000000;945;EXCHANGE_LAST;;1;1;XEUR;11286680;689;
27.01.2025;15:12:12.981;FGBM SI 20250306 PS;SIMPLE_INSTRUMENT;EFS;EUR;60;116.84000000;729;EXCHANGE_LAST;;1;1;XEUR;11286680;689;
27.01.2025;15:18:43.246;FGBM SI 20250306 PS;SIMPLE_INSTRUMENT;EFS;EUR;61;116.85000000;1892;EXCHANGE_LAST;;1;1;XEUR;11286680;689;
27.01.2025;15:23:53.972;FGBM SI 20250306 PS;SIMPLE_INSTRUMENT;EFS;EUR;62;116.91000000;1989;EXCHANGE_LAST;;1;1;XEUR;11286680;689;
27.01.2025;15:33:43.314;FGBM SI 20250306 PS;SIMPLE_INSTRUMENT;EFP_FIN;EUR;63;116.84000000;106;EXCHANGE_LAST;;1;1;XEUR;11286680;689;
27.01.2025;15:47:41.947;FGBM SI 20250306 PS;SIMPLE_INSTRUMENT;EFS;EUR;64;116.84000000;947;EXCHANGE_LAST;;1;1;XEUR;11286680;689;
27.01.2025;15:49:23.544;FGBM SI 20250306 PS;SIMPLE_INSTRUMENT;EFP_FIN;EUR;65;116.81000000;846;EXCHANGE_LAST;;1;1;XEUR;11286680;689;
27.01.2025;15:55:17.587;FGBM SI 20250306 PS;SIMPLE_INSTRUMENT;EFS;EUR;66;116.81000000;398;EXCHANGE_LAST;;1;1;XEUR;11286680;689;
27.01.2025;15:52:44.191;FGBM SI 20250306 PS;SIMPLE_INSTRUMENT;EFS;EUR;67;116.83000000;1997;EXCHANGE_LAST;;1;1;XEUR;11286680;689;
27.01.2025;16:00:46.914;FGBM SI 20250306 PS;SIMPLE_INSTRUMENT;EFS;EUR;68;116.80000000;948;EXCHANGE_LAST;;1;1;XEUR;11286680;689;
27.01.2025;16:02:03.153;FGBM SI 20250306 PS;SIMPLE_INSTRUMENT;EFP_FIN;EUR;69;116.84000000;154;EXCHANGE_LAST;;1;1;XEUR;11286680;689;
27.01.2025;16:14:07.995;FGBM SI 20250306 PS;SIMPLE_INSTRUMENT;EFP_FIN;EUR;70;116.83000000;263;EXCHANGE_LAST;;1;1;XEUR;11286680;689;
27.01.2025;16:15:07.246;FGBM SI 20250306 PS;SIMPLE_INSTRUMENT;EFS;EUR;71;116.81000000;2800;EXCHANGE_LAST;;1;1;XEUR;11286680;689;
27.01.2025;16:30:43.521;FGBM SI 20250306 PS;SIMPLE_INSTRUMENT;EFP_FIN;EUR;72;116.85000000;259;EXCHANGE_LAST;;1;1;XEUR;11286680;689;
27.01.2025;16:42:10.924;FGBM SI 20250306 PS;SIMPLE_INSTRUMENT;EFS;EUR;73;116.89000000;456;EXCHANGE_LAST;;1;1;XEUR;11286680;689;
27.01.2025;16:43:45.996;FGBM SI 20250306 PS;SIMPLE_INSTRUMENT;EFS;EUR;74;116.89000000;456;EXCHANGE_LAST;;1;1;XEUR;11286680;689;
27.01.2025;16:58:42.605;FGBM SI 20250306 PS;SIMPLE_INSTRUMENT;EFS;EUR;75;116.89000000;912;EXCHANGE_LAST;;1;1;XEUR;11286680;689;
27.01.2025;17:06:38.811;FGBM SI 20250306 PS;SIMPLE_INSTRUMENT;EFS;EUR;76;116.88000000;994;EXCHANGE_LAST;;1;1;XEUR;11286680;689;
27.01.2025;17:07:42.652;FGBM SI 20250306 PS;SIMPLE_INSTRUMENT;EFS;EUR;77;116.88000000;455;EXCHANGE_LAST;;1;1;XEUR;11286680;689;
27.01.2025;17:09:04.440;FGBM SI 20250306 PS;SIMPLE_INSTRUMENT;EFS;EUR;78;116.89000000;455;EXCHANGE_LAST;;1;1;XEUR;11286680;689;
27.01.2025;17:28:10.931;FGBM SI 20250306 PS;SIMPLE_INSTRUMENT;EFS;EUR;79;116.85000000;430;EXCHANGE_LAST;;1;1;XEUR;11286680;689;
27.01.2025;17:30:04.928;FGBM SI 20250306 PS;SIMPLE_INSTRUMENT;EFS;EUR;80;116.85000000;860;EXCHANGE_LAST;;1;1;XEUR;11286680;689;
27.01.2025;10:53:49.867;FGBM SI 20250306 PS;SIMPLE_INSTRUMENT;VOLA;EUR;268435494;116.97000000;900;EXCHANGE_LAST;;1;1;XEUR;11286680;689;
27.01.2025;11:47:19.454;FGBM SI 20250306 PS;SIMPLE_INSTRUMENT;VOLA;EUR;268435510;116.99000000;1280;EXCHANGE_LAST;;1;1;XEUR;11286680;689;
27.01.2025;11:49:28.202;FGBM SI 20250306 PS;SIMPLE_INSTRUMENT;VOLA;EUR;268435512;116.99000000;320;EXCHANGE_LAST;;1;1;XEUR;11286680;689;
27.01.2025;11:52:29.331;FGBM SI 20250306 PS;SIMPLE_INSTRUMENT;VOLA;EUR;268435515;116.99000000;320;EXCHANGE_LAST;;1;1;XEUR;11286680;689;
27.01.2025;11:56:06.872;FGBM SI 20250306 PS;SIMPLE_INSTRUMENT;VOLA;EUR;268435517;116.99000000;480;EXCHANGE_LAST;;1;1;XEUR;11286680;689;
27.01.2025;08:11:00.586;FGBS SI 20250306 PS;SIMPLE_INSTRUMENT;EFS;EUR;1;106.56000000;2749;EXCHANGE_LAST;;1;1;XEUR;11286681;690;
27.01.2025;08:27:32.183;FGBS SI 20250306 PS;SIMPLE_INSTRUMENT;EFS;EUR;2;106.57000000;5498;EXCHANGE_LAST;;1;1;XEUR;11286681;690;
27.01.2025;08:28:22.892;FGBS SI 20250306 PS;SIMPLE_INSTRUMENT;EFS;EUR;3;106.58000000;2749;EXCHANGE_LAST;;1;1;XEUR;11286681;690;
27.01.2025;08:41:13.434;FGBS SI 20250306 PS;SIMPLE_INSTRUMENT;EFS;EUR;4;106.58000000;637;EXCHANGE_LAST;;1;1;XEUR;11286681;690;
27.01.2025;09:14:07.885;FGBS SI 20250306 PS;SIMPLE_INSTRUMENT;EFP_FIN;EUR;6;106.58000000;208;EXCHANGE_LAST;;1;1;XEUR;11286681;690;
27.01.2025;09:20:11.790;FGBS SI 20250306 PS;SIMPLE_INSTRUMENT;EFS;EUR;7;106.60000000;5243;EXCHANGE_LAST;;1;1;XEUR;11286681;690;
27.01.2025;09:25:21.335;FGBS SI 20250306 PS;SIMPLE_INSTRUMENT;EFS;EUR;8;106.59000000;3880;EXCHANGE_LAST;;1;1;XEUR;11286681;690;
27.01.2025;09:50:32.619;FGBS SI 20250306 PS;SIMPLE_INSTRUMENT;EFS;EUR;9;106.57000000;2757;EXCHANGE_LAST;;1;1;XEUR;11286681;690;
27.01.2025;09:54:01.354;FGBS SI 20250306 PS;SIMPLE_INSTRUMENT;EFP_FIN;EUR;10;106.57500000;214;EXCHANGE_LAST;;1;1;XEUR;11286681;690;
27.01.2025;09:57:50.472;FGBS SI 20250306 PS;SIMPLE_INSTRUMENT;EFP_FIN;EUR;11;106.58000000;535;EXCHANGE_LAST;;1;1;XEUR;11286681;690;
27.01.2025;10:19:43.966;FGBS SI 20250306 PS;SIMPLE_INSTRUMENT;EFS;EUR;12;106.57000000;2301;EXCHANGE_LAST;;1;1;XEUR;11286681;690;
27.01.2025;10:51:06.726;FGBS SI 20250306 PS;SIMPLE_INSTRUMENT;EFS;EUR;13;106.58000000;1374;EXCHANGE_LAST;;1;1;XEUR;11286681;690;
27.01.2025;10:54:16.098;FGBS SI 20250306 PS;SIMPLE_INSTRUMENT;EFS;EUR;14;106.59000000;760;EXCHANGE_LAST;;1;1;XEUR;11286681;690;
27.01.2025;10:56:27.105;FGBS SI 20250306 PS;SIMPLE_INSTRUMENT;BLOCK;EUR;15;106.58000000;5497;EXCHANGE_LAST;;1;1;XEUR;11286681;690;
27.01.2025;11:06:31.155;FGBS SI 20250306 PS;SIMPLE_INSTRUMENT;EFS;EUR;16;106.58500000;2749;EXCHANGE_LAST;;1;1;XEUR;11286681;690;
27.01.2025;11:10:52.613;FGBS SI 20250306 PS;SIMPLE_INSTRUMENT;EFS;EUR;17;106.59000000;2749;EXCHANGE_LAST;;1;1;XEUR;11286681;690;
27.01.2025;11:22:59.418;FGBS SI 20250306 PS;SIMPLE_INSTRUMENT;EFS;EUR;18;106.60500000;1374;EXCHANGE_LAST;;1;1;XEUR;11286681;690;
27.01.2025;11:29:44.670;FGBS SI 20250306 PS;SIMPLE_INSTRUMENT;EFS;EUR;19;106.60500000;5495;EXCHANGE_LAST;;1;1;XEUR;11286681;690;
27.01.2025;11:31:28.047;FGBS SI 20250306 PS;SIMPLE_INSTRUMENT;EFS;EUR;20;106.62000000;5000;EXCHANGE_LAST;;1;1;XEUR;11286681;690;
27.01.2025;11:34:07.989;FGBS SI 20250306 PS;SIMPLE_INSTRUMENT;EFP_FIN;EUR;22;106.61000000;208;EXCHANGE_LAST;;1;1;XEUR;11286681;690;
27.01.2025;11:35:11.717;FGBS SI 20250306 PS;SIMPLE_INSTRUMENT;EFS;EUR;23;106.62000000;1207;EXCHANGE_LAST;;1;1;XEUR;11286681;690;
27.01.2025;11:36:15.748;FGBS SI 20250306 PS;SIMPLE_INSTRUMENT;EFS;EUR;24;106.60000000;2748;EXCHANGE_LAST;;1;1;XEUR;11286681;690;
27.01.2025;11:39:31.472;FGBS SI 20250306 PS;SIMPLE_INSTRUMENT;EFS;EUR;25;106.62000000;5494;EXCHANGE_LAST;;1;1;XEUR;11286681;690;
27.01.2025;11:44:04.940;FGBS SI 20250306 PS;SIMPLE_INSTRUMENT;EFS;EUR;26;106.62000000;2747;EXCHANGE_LAST;;1;1;XEUR;11286681;690;
27.01.2025;11:48:15.970;FGBS SI 20250306 PS;SIMPLE_INSTRUMENT;EFS;EUR;27;106.61000000;1099;EXCHANGE_LAST;;1;1;XEUR;11286681;690;
27.01.2025;11:50:24.394;FGBS SI 20250306 PS;SIMPLE_INSTRUMENT;EFS;EUR;29;106.62500000;7834;EXCHANGE_LAST;;1;1;XEUR;11286681;690;
27.01.2025;11:50:34.734;FGBS SI 20250306 PS;SIMPLE_INSTRUMENT;EFS;EUR;30;106.63000000;2747;EXCHANGE_LAST;;1;1;XEUR;11286681;690;
27.01.2025;11:56:57.887;FGBS SI 20250306 PS;SIMPLE_INSTRUMENT;EFS;EUR;31;106.61000000;1926;EXCHANGE_LAST;;1;1;XEUR;11286681;690;
27.01.2025;12:06:22.781;FGBS SI 20250306 PS;SIMPLE_INSTRUMENT;EFS;EUR;32;106.62000000;10255;EXCHANGE_LAST;;1;1;XEUR;11286681;690;
27.01.2025;12:13:56.883;FGBS SI 20250306 PS;SIMPLE_INSTRUMENT;EFS;EUR;33;106.61500000;1353;EXCHANGE_LAST;;1;1;XEUR;11286681;690;
27.01.2025;12:50:53.176;FGBS SI 20250306 PS;SIMPLE_INSTRUMENT;EFS;EUR;34;106.60500000;2747;EXCHANGE_LAST;;1;1;XEUR;11286681;690;
27.01.2025;12:51:08.682;FGBS SI 20250306 PS;SIMPLE_INSTRUMENT;EFS;EUR;35;106.60000000;2747;EXCHANGE_LAST;;1;1;XEUR;11286681;690;
27.01.2025;13:19:31.827;FGBS SI 20250306 PS;SIMPLE_INSTRUMENT;EFS;EUR;36;106.59500000;1374;EXCHANGE_LAST;;1;1;XEUR;11286681;690;
27.01.2025;13:22:51.864;FGBS SI 20250306 PS;SIMPLE_INSTRUMENT;EFP_FIN;EUR;37;106.62000000;467;EXCHANGE_LAST;;1;1;XEUR;11286681;690;
27.01.2025;13:28:30.759;FGBS SI 20250306 PS;SIMPLE_INSTRUMENT;EFS;EUR;38;106.59500000;3028;EXCHANGE_LAST;;1;1;XEUR;11286681;690;
27.01.2025;14:30:42.722;FGBS SI 20250306 PS;SIMPLE_INSTRUMENT;EFP_FIN;EUR;39;106.58000000;963;EXCHANGE_LAST;;1;1;XEUR;11286681;690;
27.01.2025;14:36:57.984;FGBS SI 20250306 PS;SIMPLE_INSTRUMENT;EFP_FIN;EUR;40;106.57000000;4675;EXCHANGE_LAST;;1;1;XEUR;11286681;690;
27.01.2025;15:03:14.170;FGBS SI 20250306 PS;SIMPLE_INSTRUMENT;EFS;EUR;41;106.56000000;1000;EXCHANGE_LAST;;1;1;XEUR;11286681;690;
27.01.2025;15:03:25.918;FGBS SI 20250306 PS;SIMPLE_INSTRUMENT;EFS;EUR;42;106.56000000;2616;EXCHANGE_LAST;;1;1;XEUR;11286681;690;
27.01.2025;15:15:54.197;FGBS SI 20250306 PS;SIMPLE_INSTRUMENT;EFS;EUR;43;106.56000000;500;EXCHANGE_LAST;;1;1;XEUR;11286681;690;
27.01.2025;15:18:49.864;FGBS SI 20250306 PS;SIMPLE_INSTRUMENT;EFS;EUR;44;106.54000000;5500;EXCHANGE_LAST;;1;1;XEUR;11286681;690;
27.01.2025;15:27:30.739;FGBS SI 20250306 PS;SIMPLE_INSTRUMENT;EFP_FIN;EUR;45;106.55000000;830;EXCHANGE_LAST;;1;1;XEUR;11286681;690;
27.01.2025;15:51:03.618;FGBS SI 20250306 PS;SIMPLE_INSTRUMENT;EFP_FIN;EUR;46;106.54000000;415;EXCHANGE_LAST;;1;1;XEUR;11286681;690;
27.01.2025;15:51:15.517;FGBS SI 20250306 PS;SIMPLE_INSTRUMENT;EFP_FIN;EUR;47;106.54000000;935;EXCHANGE_LAST;;1;1;XEUR;11286681;690;
27.01.2025;15:51:23.240;FGBS SI 20250306 PS;SIMPLE_INSTRUMENT;EFP_FIN;EUR;48;106.54500000;839;EXCHANGE_LAST;;1;1;XEUR;11286681;690;
27.01.2025;16:14:02.310;FGBS SI 20250306 PS;SIMPLE_INSTRUMENT;EFS;EUR;49;106.54500000;3800;EXCHANGE_LAST;;1;1;XEUR;11286681;690;
27.01.2025;17:19:08.653;FGBS SI 20250306 PS;SIMPLE_INSTRUMENT;EFS;EUR;50;106.56000000;1375;EXCHANGE_LAST;;1;1;XEUR;11286681;690;
27.01.2025;12:34:14.315;FGBS SI 20250306 PS;SIMPLE_INSTRUMENT;VOLA;EUR;268435523;106.61000000;342;EXCHANGE_LAST;;1;1;XEUR;11286681;690;
27.01.2025;08:23:47.565;FGBX SI 20250306 PS;SIMPLE_INSTRUMENT;EFP_FIN;EUR;1;128.24000000;186;EXCHANGE_LAST;;1;1;XEUR;11286682;691;
27.01.2025;09:02:49.211;FGBX SI 20250306 PS;SIMPLE_INSTRUMENT;EFP_FIN;EUR;2;128.28000000;177;EXCHANGE_LAST;;1;1;XEUR;11286682;691;
27.01.2025;09:36:28.560;FGBX SI 20250306 PS;SIMPLE_INSTRUMENT;EFS;EUR;6;128.34000000;365;EXCHANGE_LAST;;1;1;XEUR;11286682;691;
27.01.2025;09:45:58.904;FGBX SI 20250306 PS;SIMPLE_INSTRUMENT;EFS;EUR;7;128.34000000;212;EXCHANGE_LAST;;1;1;XEUR;11286682;691;
27.01.2025;11:34:27.686;FGBX SI 20250306 PS;SIMPLE_INSTRUMENT;EFS;EUR;17;128.54000000;75;EXCHANGE_LAST;;1;1;XEUR;11286682;691;
27.01.2025;11:53:52.139;FGBX SI 20250306 PS;SIMPLE_INSTRUMENT;EFS;EUR;18;128.50000000;95;EXCHANGE_LAST;;1;1;XEUR;11286682;691;
27.01.2025;12:49:45.644;FGBX SI 20250306 PS;SIMPLE_INSTRUMENT;EFS;EUR;20;128.42000000;90;EXCHANGE_LAST;;1;1;XEUR;11286682;691;
27.01.2025;12:57:49.396;FGBX SI 20250306 PS;SIMPLE_INSTRUMENT;EFP_FIN;EUR;21;128.28000000;193;EXCHANGE_LAST;;1;1;XEUR;11286682;691;
27.01.2025;13:30:36.050;FGBX SI 20250306 PS;SIMPLE_INSTRUMENT;BLOCK;EUR;23;128.22000000;572;EXCHANGE_LAST;;1;1;XEUR;11286682;691;
27.01.2025;13:35:09.039;FGBX SI 20250306 PS;SIMPLE_INSTRUMENT;EFS;EUR;25;128.54000000;75;EXCHANGE_LAST;;1;1;XEUR;11286682;691;
27.01.2025;13:36:23.497;FGBX SI 20250306 PS;SIMPLE_INSTRUMENT;EFP_FIN;EUR;26;128.00000000;186;EXCHANGE_LAST;;1;1;XEUR;11286682;691;
27.01.2025;13:45:46.644;FGBX SI 20250306 PS;SIMPLE_INSTRUMENT;EFP_FIN;EUR;27;128.08000000;372;EXCHANGE_LAST;;1;1;XEUR;11286682;691;
27.01.2025;13:46:37.294;FGBX SI 20250306 PS;SIMPLE_INSTRUMENT;EFP_FIN;EUR;28;128.08000000;384;EXCHANGE_LAST;;1;1;XEUR;11286682;691;
27.01.2025;15:24:55.447;FGBX SI 20250306 PS;SIMPLE_INSTRUMENT;EFS;EUR;33;127.80000000;384;EXCHANGE_LAST;;1;1;XEUR;11286682;691;
27.01.2025;15:26:51.092;FGBX SI 20250306 PS;SIMPLE_INSTRUMENT;EFP_FIN;EUR;34;127.70000000;186;EXCHANGE_LAST;;1;1;XEUR;11286682;691;
27.01.2025;09:36:17.392;FIA5 SI 20251218 PS AM P 11.00 0;SIMPLE_INSTRUMENT;BLOCK;EUR;2;0.88000000;1000;EXCHANGE_LAST;;1;1;XEUR;12423828;48227;
27.01.2025;16:36:55.370;FIAK SI 20250320 CS;SIMPLE_INSTRUMENT;BLOCK;EUR;62;13.06300000;3000;EXCHANGE_LAST;;1;1;XEUR;10690012;144766;
27.01.2025;08:20:20.625;FMAE SI 20250321 CS;SIMPLE_INSTRUMENT;BLOCK;EUR;17;424.34200000;400;EXCHANGE_LAST;;1;1;XEUR;7590772;48921;
27.01.2025;00:26:00.020;FMAU SI 20250321 CS;SIMPLE_INSTRUMENT;BLOCK;USD;2;5830.12200000;173;EXCHANGE_LAST;;1;1;XEUR;7590511;45287;
27.01.2025;10:39:08.375;FME SI 20250620 PS AM C 44.00 0;SIMPLE_INSTRUMENT;BLOCK;EUR;4;5.40000000;1300;EXCHANGE_LAST;;1;1;XEUR;7903968;663;
27.01.2025;10:39:38.310;FME SI 20250620 PS AM C 50.00 0;SIMPLE_INSTRUMENT;BLOCK;EUR;5;2.42000000;2100;EXCHANGE_LAST;;1;1;XEUR;11359696;663;
27.01.2025;00:25:41.056;FMEA SI 20250321 CS;SIMPLE_INSTRUMENT;BLOCK;USD;1;692.24500000;68;EXCHANGE_LAST;;1;1;XEUR;7589834;12395;
27.01.2025;08:18:01.846;FMED SI 20250321 CS;SIMPLE_INSTRUMENT;BLOCK;USD;16;9756.85000000;515;EXCHANGE_LAST;;1;1;XEUR;7590729;48144;
27.01.2025;08:32:07.196;FMED SI 20250321 CS;SIMPLE_INSTRUMENT;BLOCK;USD;19;9756.85000000;1545;EXCHANGE_LAST;;1;1;XEUR;7590729;48144;
27.01.2025;10:49:52.876;FMEF SI 20250321 CS;SIMPLE_INSTRUMENT;BLOCK;USD;25;1095.52000000;31;EXCHANGE_LAST;;1;1;XEUR;7408970;30657;
27.01.2025;07:55:29.867;FMEN SI 20250321 CS;SIMPLE_INSTRUMENT;BLOCK;EUR;13;522.52500000;365;EXCHANGE_LAST;;1;1;XEUR;7590212;30652;
27.01.2025;07:37:09.246;FMES SI 20250321 CS;SIMPLE_INSTRUMENT;EFP_IDX;EUR;8;568.70000000;13;EXCHANGE_LAST;;1;1;XEUR;7591454;221291;
27.01.2025;14:48:46.398;FMGO SI 20250321 CS;SIMPLE_INSTRUMENT;BLOCK;USD;28;5246.00000000;42;EXCHANGE_LAST;;1;1;XEUR;8609359;583623;
27.01.2025;07:04:08.125;FMHK SI 20250321 CS;SIMPLE_INSTRUMENT;BLOCK;USD;6;55618.22500000;50;EXCHANGE_LAST;;1;1;XEUR;7590500;45282;
27.01.2025;07:47:04.335;FMIN SI 20250321 CS;SIMPLE_INSTRUMENT;BLOCK;USD;11;1200.37700000;83;EXCHANGE_LAST;;1;1;XEUR;7589865;12404;
27.01.2025;09:26:07.737;FMIN SI 20250321 CS;SIMPLE_INSTRUMENT;BLOCK;USD;23;1200.37700000;164;EXCHANGE_LAST;;1;2;XEUR;7589865;12404;
27.01.2025;02:53:29.015;FMJP SI 20250321 CS;SIMPLE_INSTRUMENT;BLOCK;USD;3;8671.81200000;367;EXCHANGE_LAST;;1;1;XEUR;7588794;661;
27.01.2025;03:10:16.837;FMTH SI 20250321 CS;SIMPLE_INSTRUMENT;BLOCK;USD;4;1169.46500000;860;EXCHANGE_LAST;;1;1;XEUR;7589913;12681;
27.01.2025;08:06:54.774;FMWN SI 20250321 CS;SIMPLE_INSTRUMENT;EFP_IDX;EUR;14;597.19000000;55;EXCHANGE_LAST;;1;1;XEUR;7590222;30654;
27.01.2025;06:56:39.982;FMWO SI 20250321 CS;SIMPLE_INSTRUMENT;EFP_IDX;USD;5;12298.14000000;123;EXCHANGE_LAST;;1;1;XEUR;7589707;7059;
27.01.2025;07:20:23.471;FMWO SI 20250321 CS;SIMPLE_INSTRUMENT;BLOCK;USD;7;12295.39000000;194;EXCHANGE_LAST;;1;1;XEUR;7589707;7059;
27.01.2025;07:45:32.815;FMWO SI 20250321 CS;SIMPLE_INSTRUMENT;EFP_IDX;USD;10;12293.89000000;56;EXCHANGE_LAST;;1;1;XEUR;7589707;7059;
27.01.2025;07:46:15.142;FMWO SI 20250321 CS;SIMPLE_INSTRUMENT;BLOCK;USD;12;12296.64000000;260;EXCHANGE_LAST;;1;1;XEUR;7589707;7059;
27.01.2025;08:11:20.241;FMWO SI 20250321 CS;SIMPLE_INSTRUMENT;EFP_IDX;USD;15;12295.39000000;249;EXCHANGE_LAST;;1;1;XEUR;7589707;7059;
27.01.2025;08:21:46.420;FMWO SI 20250321 CS;SIMPLE_INSTRUMENT;BLOCK;USD;18;12292.58600000;4336;EXCHANGE_LAST;;1;1;XEUR;7589707;7059;
27.01.2025;08:43:12.529;FMWO SI 20250321 CS;SIMPLE_INSTRUMENT;EFP_IDX;USD;20;12296.64000000;40;EXCHANGE_LAST;;1;1;XEUR;7589707;7059;
27.01.2025;11:17:13.096;FMWO SI 20250321 CS;SIMPLE_INSTRUMENT;BLOCK;USD;26;12055.00000000;125;EXCHANGE_LAST;;1;1;XEUR;7589707;7059;
27.01.2025;08:57:01.232;FOAT SI 20250306 PS;SIMPLE_INSTRUMENT;EFP_FIN;EUR;1;122.77000000;834;EXCHANGE_LAST;;1;1;XEUR;11286683;749;
27.01.2025;08:58:48.120;FOAT SI 20250306 PS;SIMPLE_INSTRUMENT;EFP_FIN;EUR;2;122.74000000;834;EXCHANGE_LAST;;1;1;XEUR;11286683;749;
27.01.2025;09:09:59.259;FOAT SI 20250306 PS;SIMPLE_INSTRUMENT;EFP_FIN;EUR;4;122.76000000;250;EXCHANGE_LAST;;1;1;XEUR;11286683;749;
27.01.2025;09:10:51.140;FOAT SI 20250306 PS;SIMPLE_INSTRUMENT;EFS;EUR;5;122.77000000;548;EXCHANGE_LAST;;1;1;XEUR;11286683;749;
27.01.2025;09:11:29.699;FOAT SI 20250306 PS;SIMPLE_INSTRUMENT;EFP_FIN;EUR;6;122.76000000;1001;EXCHANGE_LAST;;1;1;XEUR;11286683;749;
27.01.2025;09:20:25.799;FOAT SI 20250306 PS;SIMPLE_INSTRUMENT;EFP_FIN;EUR;7;122.77000000;1251;EXCHANGE_LAST;;1;1;XEUR;11286683;749;
27.01.2025;09:35:31.916;FOAT SI 20250306 PS;SIMPLE_INSTRUMENT;EFP_FIN;EUR;8;122.82000000;1251;EXCHANGE_LAST;;1;1;XEUR;11286683;749;
27.01.2025;10:11:31.278;FOAT SI 20250306 PS;SIMPLE_INSTRUMENT;EFP_FIN;EUR;10;122.65000000;2085;EXCHANGE_LAST;;1;1;XEUR;11286683;749;
27.01.2025;10:27:08.652;FOAT SI 20250306 PS;SIMPLE_INSTRUMENT;EFP_FIN;EUR;11;122.66000000;250;EXCHANGE_LAST;;1;1;XEUR;11286683;749;
27.01.2025;10:28:27.798;FOAT SI 20250306 PS;SIMPLE_INSTRUMENT;BLOCK;EUR;12;122.69000000;925;EXCHANGE_LAST;;1;1;XEUR;11286683;749;
27.01.2025;10:33:50.632;FOAT SI 20250306 PS;SIMPLE_INSTRUMENT;EFP_FIN;EUR;13;122.68000000;2085;EXCHANGE_LAST;;1;1;XEUR;11286683;749;
27.01.2025;10:36:37.309;FOAT SI 20250306 PS;SIMPLE_INSTRUMENT;EFP_FIN;EUR;14;122.66000000;584;EXCHANGE_LAST;;1;1;XEUR;11286683;749;
27.01.2025;10:43:34.109;FOAT SI 20250306 PS;SIMPLE_INSTRUMENT;EFP_FIN;EUR;15;122.77000000;1001;EXCHANGE_LAST;;1;1;XEUR;11286683;749;
27.01.2025;10:44:52.541;FOAT SI 20250306 PS;SIMPLE_INSTRUMENT;EFP_FIN;EUR;16;122.71000000;541;EXCHANGE_LAST;;1;1;XEUR;11286683;749;
27.01.2025;10:49:20.981;FOAT SI 20250306 PS;SIMPLE_INSTRUMENT;EFP_FIN;EUR;17;122.71000000;834;EXCHANGE_LAST;;1;1;XEUR;11286683;749;
27.01.2025;10:49:50.131;FOAT SI 20250306 PS;SIMPLE_INSTRUMENT;EFP_FIN;EUR;18;122.72000000;834;EXCHANGE_LAST;;1;1;XEUR;11286683;749;
27.01.2025;11:35:03.996;FOAT SI 20250306 PS;SIMPLE_INSTRUMENT;EFP_FIN;EUR;19;122.89000000;1852;EXCHANGE_LAST;;1;1;XEUR;11286683;749;
27.01.2025;11:43:19.995;FOAT SI 20250306 PS;SIMPLE_INSTRUMENT;EFP_FIN;EUR;20;122.89000000;417;EXCHANGE_LAST;;1;1;XEUR;11286683;749;
27.01.2025;11:44:49.887;FOAT SI 20250306 PS;SIMPLE_INSTRUMENT;EFP_FIN;EUR;21;122.88000000;834;EXCHANGE_LAST;;1;1;XEUR;11286683;749;
27.01.2025;11:48:46.715;FOAT SI 20250306 PS;SIMPLE_INSTRUMENT;BLOCK;EUR;22;122.78000000;1044;EXCHANGE_LAST;;1;1;XEUR;11286683;749;
27.01.2025;11:57:49.203;FOAT SI 20250306 PS;SIMPLE_INSTRUMENT;EFP_FIN;EUR;24;122.89000000;834;EXCHANGE_LAST;;1;1;XEUR;11286683;749;
27.01.2025;12:16:12.859;FOAT SI 20250306 PS;SIMPLE_INSTRUMENT;EFP_FIN;EUR;25;122.89000000;417;EXCHANGE_LAST;;1;1;XEUR;11286683;749;
27.01.2025;13:22:57.488;FOAT SI 20250306 PS;SIMPLE_INSTRUMENT;EFP_FIN;EUR;26;122.77000000;208;EXCHANGE_LAST;;1;1;XEUR;11286683;749;
27.01.2025;13:24:05.540;FOAT SI 20250306 PS;SIMPLE_INSTRUMENT;EFP_FIN;EUR;27;122.85000000;117;EXCHANGE_LAST;;1;1;XEUR;11286683;749;
27.01.2025;13:25:02.056;FOAT SI 20250306 PS;SIMPLE_INSTRUMENT;EFP_FIN;EUR;28;122.85000000;731;EXCHANGE_LAST;;1;1;XEUR;11286683;749;
27.01.2025;13:46:25.092;FOAT SI 20250306 PS;SIMPLE_INSTRUMENT;EFP_FIN;EUR;29;122.85000000;211;EXCHANGE_LAST;;1;1;XEUR;11286683;749;
27.01.2025;14:26:40.669;FOAT SI 20250306 PS;SIMPLE_INSTRUMENT;EFP_FIN;EUR;30;122.85000000;85;EXCHANGE_LAST;;1;1;XEUR;11286683;749;
27.01.2025;14:49:44.988;FOAT SI 20250306 PS;SIMPLE_INSTRUMENT;EFP_FIN;EUR;31;122.80000000;584;EXCHANGE_LAST;;1;1;XEUR;11286683;749;
27.01.2025;15:00:16.753;FOAT SI 20250306 PS;SIMPLE_INSTRUMENT;EFP_FIN;EUR;32;122.80000000;195;EXCHANGE_LAST;;1;1;XEUR;11286683;749;
27.01.2025;15:17:48.348;FOAT SI 20250306 PS;SIMPLE_INSTRUMENT;EFP_FIN;EUR;33;122.65000000;798;EXCHANGE_LAST;;1;1;XEUR;11286683;749;
27.01.2025;15:38:44.361;FOAT SI 20250306 PS;SIMPLE_INSTRUMENT;EFP_FIN;EUR;34;122.53000000;141;EXCHANGE_LAST;;1;1;XEUR;11286683;749;
27.01.2025;16:02:49.634;FOAT SI 20250306 PS;SIMPLE_INSTRUMENT;EFP_FIN;EUR;35;122.55000000;172;EXCHANGE_LAST;;1;1;XEUR;11286683;749;
27.01.2025;16:52:33.115;FOAT SI 20250306 PS;SIMPLE_INSTRUMENT;EFP_FIN;EUR;36;122.64000000;390;EXCHANGE_LAST;;1;1;XEUR;11286683;749;
27.01.2025;17:01:16.872;FOAT SI 20250306 PS;SIMPLE_INSTRUMENT;EFS;EUR;37;122.62000000;549;EXCHANGE_LAST;;1;1;XEUR;11286683;749;
27.01.2025;17:28:26.535;FOAT SI 20250306 PS;SIMPLE_INSTRUMENT;EFS;EUR;38;122.62000000;542;EXCHANGE_LAST;;1;1;XEUR;11286683;749;
27.01.2025;16:42:01.752;FSCP SI 20250321 CS;SIMPLE_INSTRUMENT;EFP_IDX;EUR;38;341.40000000;141;EXCHANGE_LAST;;1;1;XEUR;11360241;764;
27.01.2025;16:42:12.141;FSCP SI 20250321 CS;SIMPLE_INSTRUMENT;EFP_IDX;EUR;39;341.60000000;169;EXCHANGE_LAST;;1;1;XEUR;11360241;764;
27.01.2025;16:46:47.471;FSEG SI 20250321 CS;SIMPLE_INSTRUMENT;BLOCK;EUR;42;196.50000000;76;EXCHANGE_LAST;;1;1;XEUR;11393888;109977;
27.01.2025;16:46:50.997;FSEG SI 20250321 CS;SIMPLE_INSTRUMENT;BLOCK;EUR;43;196.40000000;228;EXCHANGE_LAST;;1;1;XEUR;11393888;109977;
27.01.2025;16:48:53.282;FSEG SI 20250321 CS;SIMPLE_INSTRUMENT;EFP_IDX;EUR;44;196.50000000;77;EXCHANGE_LAST;;1;1;XEUR;11393888;109977;
27.01.2025;16:49:15.492;FSEG SI 20250321 CS;SIMPLE_INSTRUMENT;EFP_IDX;EUR;45;196.40000000;144;EXCHANGE_LAST;;1;1;XEUR;11393888;109977;
27.01.2025;16:49:13.458;FSLI SI 20250321 CS;SIMPLE_INSTRUMENT;EFP_IDX;CHF;1;2049.90000000;85;EXCHANGE_LAST;;1;1;XEUR;11359997;755;
27.01.2025;16:49:26.455;FSLI SI 20250321 CS;SIMPLE_INSTRUMENT;EFP_IDX;CHF;2;2050.00000000;127;EXCHANGE_LAST;;1;1;XEUR;11359997;755;
27.01.2025;16:37:06.415;FSMI SI 20250321 CS;SIMPLE_INSTRUMENT;EFP_IDX;CHF;1;12388.00000000;29;EXCHANGE_LAST;;1;1;XEUR;7793721;757;
27.01.2025;16:37:15.733;FSMI SI 20250321 CS;SIMPLE_INSTRUMENT;EFP_IDX;CHF;2;12389.00000000;46;EXCHANGE_LAST;;1;1;XEUR;7793721;757;
27.01.2025;17:05:07.659;FSMM SI 20250321 CS;SIMPLE_INSTRUMENT;EFP_IDX;CHF;3;2756.00000000;202;EXCHANGE_LAST;;1;1;XEUR;11360086;758;
27.01.2025;17:05:19.157;FSMM SI 20250321 CS;SIMPLE_INSTRUMENT;EFP_IDX;CHF;4;2755.00000000;60;EXCHANGE_LAST;;1;1;XEUR;11360086;758;
27.01.2025;12:43:32.538;FSTE SI 20250321 CS;SIMPLE_INSTRUMENT;BLOCK;EUR;1;344.10000000;1188;EXCHANGE_LAST;;1;1;XEUR;11359812;719;
27.01.2025;14:11:04.611;FSTO SI 20250321 CS;SIMPLE_INSTRUMENT;BLOCK;EUR;2;633.80000000;478;EXCHANGE_LAST;;1;1;XEUR;11359792;711;
27.01.2025;14:11:37.762;FSTO SI 20250321 CS;SIMPLE_INSTRUMENT;BLOCK;EUR;3;634.00000000;293;EXCHANGE_LAST;;1;1;XEUR;11359792;711;
27.01.2025;11:38:05.132;FSTS SI 20250321 CS;SIMPLE_INSTRUMENT;VOLA;EUR;603979798;530.00000000;22;EXCHANGE_LAST;;1;1;XEUR;11359775;709;
27.01.2025;13:29:10.223;FSTS SI 20250321 CS;SIMPLE_INSTRUMENT;VOLA;EUR;603979816;532.70000000;21;EXCHANGE_LAST;;1;1;XEUR;11359775;709;
27.01.2025;17:02:20.596;FSTT SI 20250321 CS;SIMPLE_INSTRUMENT;EFP_IDX;EUR;9;233.40000000;450;EXCHANGE_LAST;;1;1;XEUR;11359772;708;
27.01.2025;17:02:27.098;FSTT SI 20250321 CS;SIMPLE_INSTRUMENT;EFP_IDX;EUR;10;233.50000000;450;EXCHANGE_LAST;;1;1;XEUR;11359772;708;
27.01.2025;14:12:15.238;FSTY SI 20250321 CS;SIMPLE_INSTRUMENT;BLOCK;EUR;4;810.70000000;431;EXCHANGE_LAST;;1;1;XEUR;11359816;729;
27.01.2025;14:12:26.096;FSTY SI 20250321 CS;SIMPLE_INSTRUMENT;BLOCK;EUR;5;810.80000000;442;EXCHANGE_LAST;;1;1;XEUR;11359816;729;
27.01.2025;14:39:22.182;FSTY SI 20250321 CS;SIMPLE_INSTRUMENT;BLOCK;EUR;6;814.60000000;551;EXCHANGE_LAST;;1;1;XEUR;11359816;729;
27.01.2025;14:41:01.050;FSTY SI 20250321 CS;SIMPLE_INSTRUMENT;BLOCK;EUR;7;814.80000000;450;EXCHANGE_LAST;;1;1;XEUR;11359816;729;
27.01.2025;15:21:18.292;FSTY SI 20250321 CS;SIMPLE_INSTRUMENT;BLOCK;EUR;8;823.30000000;575;EXCHANGE_LAST;;1;1;XEUR;11359816;729;
27.01.2025;10:03:03.894;FVS.S.FEB25.APR25.SPD;FUTURES_SPREAD;BLOCK;EUR;24;-0.65000000;1000;EXCHANGE_LAST;;1;1;XEUR;72061120206078937;821;
27.01.2025;10:03:03.894;FVS SI 20250219 CS;SIMPLE_INSTRUMENT;BLOCK;EUR;24;17.60000000;1000;PRC_DECOMP_EXCHANGE;;;;XEUR;11334509;821;EXCHANGE
27.01.2025;10:03:03.894;FVS SI 20250416 CS;SIMPLE_INSTRUMENT;BLOCK;EUR;24;18.25000000;1000;PRC_DECOMP_EXCHANGE;;;;XEUR;11763481;821;EXCHANGE
27.01.2025;16:52:07.930;FXXP SI 20250321 CS;SIMPLE_INSTRUMENT;EFP_IDX;EUR;31;530.30000000;600;EXCHANGE_LAST;;1;1;XEUR;7793972;816;
27.01.2025;16:52:27.972;FXXP SI 20250321 CS;SIMPLE_INSTRUMENT;EFP_IDX;EUR;32;530.40000000;400;EXCHANGE_LAST;;1;1;XEUR;7793972;816;
27.01.2025;16:56:53.588;FXXP SI 20250321 CS;SIMPLE_INSTRUMENT;BLOCK;EUR;33;530.30000000;1200;EXCHANGE_LAST;;1;1;XEUR;7793972;816;
27.01.2025;16:56:58.258;FXXP SI 20250321 CS;SIMPLE_INSTRUMENT;BLOCK;EUR;34;530.40000000;800;EXCHANGE_LAST;;1;1;XEUR;7793972;816;
27.01.2025;12:05:46.638;FXXP SI 20250321 CS;SIMPLE_INSTRUMENT;VOLA;EUR;603979802;527.00000000;259;EXCHANGE_LAST;;1;1;XEUR;7793972;816;
27.01.2025;16:49:21.458;FXXP SI 20250321 CS;SIMPLE_INSTRUMENT;VOLA;EUR;603979845;530.70000000;13;EXCHANGE_LAST;;1;1;XEUR;7793972;816;
27.01.2025;11:06:35.816;G3ZF SI 20251219 CS;SIMPLE_INSTRUMENT;BLOCK;EUR;10;1.48000000;1100;EXCHANGE_LAST;;4;3;XEUR;5914677;144760;
27.01.2025;11:52:08.069;GEBN SI 20251219 PS AM P 440.00 0;SIMPLE_INSTRUMENT;BLOCK;CHF;28;20.10000000;1000;EXCHANGE_LAST;;1;1;XEUR;12444420;882;
27.01.2025;13:29:43.293;GEBN SI 20250221 PS AM C 500.00 0;SIMPLE_INSTRUMENT;BLOCK;CHF;38;9.70000000;300;EXCHANGE_LAST;;1;1;XEUR;12246424;882;
27.01.2025;15:56:27.378;GEBN SI 20250919 PS AM C 520.00 0;SIMPLE_INSTRUMENT;BLOCK;CHF;56;21.10000000;1000;EXCHANGE_LAST;;1;1;XEUR;11883525;882;
27.01.2025;14:24:01.703;GIVN SI 20250321 PS AM P 4000.0 0;SIMPLE_INSTRUMENT;BLOCK;CHF;45;106.50000000;250;EXCHANGE_LAST;;1;1;XEUR;10841907;892;
27.01.2025;13:16:34.833;GOB.O.250127.STD.000002;STANDARD_OPTION_STRATEGY;BLOCK;EUR;15;17.45000000;300;EXCHANGE_LAST;;1;1;XEUR;72061347839357111;874;
27.01.2025;13:16:34.833;GOB SI 20251219 PS AM P 92.00 0;SIMPLE_INSTRUMENT;BLOCK;EUR;15;10.69000000;300;PRC_DECOMP_EXCHANGE;;;;XEUR;12444749;874;EXCHANGE
27.01.2025;13:16:34.833;GOB SI 20251219 PS AM C 92.00 0;SIMPLE_INSTRUMENT;BLOCK;EUR;15;6.76000000;300;PRC_DECOMP_EXCHANGE;;;;XEUR;12444752;874;EXCHANGE
27.01.2025;16:02:44.593;GOB.O.250127.STD.000002;STANDARD_OPTION_STRATEGY;BLOCK;EUR;23;17.45000000;500;EXCHANGE_LAST;;1;1;XEUR;72061347839357111;874;
27.01.2025;16:02:44.593;GOB SI 20251219 PS AM P 92.00 0;SIMPLE_INSTRUMENT;BLOCK;EUR;23;10.69000000;500;PRC_DECOMP_MEMBER;;;;XEUR;12444749;874;MEMBER
27.01.2025;16:02:44.593;GOB SI 20251219 PS AM C 92.00 0;SIMPLE_INSTRUMENT;BLOCK;EUR;23;6.76000000;500;PRC_DECOMP_MEMBER;;;;XEUR;12444752;874;MEMBER
27.01.2025;11:19:01.397;GZF FI 20250718 CS EU P 13.3000 0;FLEXIBLE_INSTRUMENT;BLOCK;EUR;10;0.31000000;1250;EXCHANGE_LAST;;1;1;XEUR;1152925176803895227;855;
27.01.2025;12:12:25.815;H3OL SI 20251219 CS;SIMPLE_INSTRUMENT;BLOCK;CHF;23;3.00000000;100;EXCHANGE_LAST;;1;1;XEUR;5914720;58836;
27.01.2025;11:06:42.386;HMI SI 20250417 PS AM C 2560.00 0;SIMPLE_INSTRUMENT;BLOCK;EUR;9;197.00000000;50;EXCHANGE_LAST;;1;1;XEUR;12624211;950;
27.01.2025;12:25:16.952;HMI SI 20260619 PS AM P 2400.00 0;SIMPLE_INSTRUMENT;BLOCK;EUR;14;199.00000000;50;EXCHANGE_LAST;;1;1;XEUR;11114381;950;
27.01.2025;11:57:24.029;HOLN SI 20250221 PS AM P 89.00 0;SIMPLE_INSTRUMENT;BLOCK;CHF;29;1.58000000;800;EXCHANGE_LAST;;1;1;XEUR;12247270;943;
27.01.2025;11:27:00.432;I3ES SI 20261218 CS;SIMPLE_INSTRUMENT;BLOCK;EUR;12;0.33200000;1000;EXCHANGE_LAST;;2;2;XEUR;6805357;913;
27.01.2025;11:27:54.292;I3ES SI 20261218 CS;SIMPLE_INSTRUMENT;BLOCK;EUR;13;0.33300000;1000;EXCHANGE_LAST;;2;2;XEUR;6805357;913;
27.01.2025;15:22:35.314;I3ES SI 20251219 CS;SIMPLE_INSTRUMENT;BLOCK;EUR;52;0.35100000;1400;EXCHANGE_LAST;;1;1;XEUR;5914756;913;
27.01.2025;14:15:28.491;IBE SI 20250321 PS AM P 12.50 0;SIMPLE_INSTRUMENT;BLOCK;EUR;11;0.07000000;15000;EXCHANGE_LAST;;1;1;XEUR;10842356;908;
27.01.2025;09:25:40.787;IFX SI 20260619 PS AM P 24.00 0;SIMPLE_INSTRUMENT;BLOCK;EUR;3;1.91000000;1000;EXCHANGE_LAST;;1;1;XEUR;9551376;902;
27.01.2025;15:00:18.067;IFX SI 20250620 PS AM P 34.00 0;SIMPLE_INSTRUMENT;BLOCK;EUR;17;3.71000000;1125;EXCHANGE_LAST;;1;1;XEUR;11362370;902;
27.01.2025;15:00:10.798;IFX SI 20250620 PS AM P 34.00 0;SIMPLE_INSTRUMENT;BLOCK;EUR;18;3.69000000;1375;EXCHANGE_LAST;;1;1;XEUR;11362370;902;
27.01.2025;15:00:24.020;IFX SI 20250919 PS AM P 26.00 0;SIMPLE_INSTRUMENT;BLOCK;EUR;19;1.24000000;2500;EXCHANGE_LAST;;1;1;XEUR;11884208;902;
27.01.2025;13:21:19.345;IGLN SI 20250221 PS AM P 52.00 0;SIMPLE_INSTRUMENT;BLOCK;USD;1;0.20000000;14000;EXCHANGE_LAST;;1;1;XEUR;12267627;75966;
27.01.2025;13:21:19.345;IGLN SI 20250221 PS AM P 52.00 0;SIMPLE_INSTRUMENT;BLOCK;USD;2;0.19000000;6000;EXCHANGE_LAST;;1;1;XEUR;12267627;75966;
27.01.2025;12:11:29.170;KNIN SI 20260619 PS AM P 160.00 0;SIMPLE_INSTRUMENT;BLOCK;CHF;31;7.75000000;300;EXCHANGE_LAST;;1;1;XEUR;11365381;1091;
27.01.2025;11:00:43.836;LHAP SI 20250321 PS;SIMPLE_INSTRUMENT;BLOCK;EUR;8;6.27900000;16400;EXCHANGE_LAST;;1;1;XEUR;10732773;377915;
27.01.2025;11:07:05.235;LRCF SI 20250417 CS;SIMPLE_INSTRUMENT;BLOCK;EUR;9;95.95250000;500;EXCHANGE_LAST;;1;1;XEUR;10843994;1039;
27.01.2025;10:04:45.150;MOH SI 20250417 PS AM P 550.00 0;SIMPLE_INSTRUMENT;BLOCK;EUR;4;1.95000000;200;EXCHANGE_LAST;;1;2;XEUR;12625208;1074;
27.01.2025;10:55:44.050;MOH SI 20250321 PS AM C 760.00 0;SIMPLE_INSTRUMENT;BLOCK;EUR;8;26.90000000;150;EXCHANGE_LAST;;1;1;XEUR;10844477;1074;
27.01.2025;16:18:25.493;MOH SI 20250131 PS AM C 760.00 0;SIMPLE_INSTRUMENT;BLOCK;EUR;26;18.01000000;118;EXCHANGE_LAST;;1;1;XEUR;12608485;1074;
27.01.2025;09:44:54.776;MUV2 SI 20250321 PS AM P 480.00 0;SIMPLE_INSTRUMENT;BLOCK;EUR;2;3.88000000;400;EXCHANGE_LAST;;1;1;XEUR;10848681;1234;
27.01.2025;09:45:04.710;MUV2 SI 20250321 PS AM C 540.00 0;SIMPLE_INSTRUMENT;BLOCK;EUR;3;12.31000000;200;EXCHANGE_LAST;;1;1;XEUR;12452070;1234;
27.01.2025;14:45:38.188;N2DB SI 20250620 CS;SIMPLE_INSTRUMENT;BLOCK;EUR;42;0.94500000;300;EXCHANGE_LAST;;3;1;XEUR;10868552;57102;
27.01.2025;14:58:03.887;N2DB SI 20250620 CS;SIMPLE_INSTRUMENT;BLOCK;EUR;47;0.95500000;750;EXCHANGE_LAST;;2;2;XEUR;10868552;57102;
27.01.2025;12:52:15.854;N4OA SI 20250321 CS;SIMPLE_INSTRUMENT;BLOCK;EUR;26;0.03000000;17915;EXCHANGE_LAST;;1;1;XEUR;10435751;48717;
27.01.2025;08:37:24.949;NAG SI 20250417 PS AM C 88.00 0;SIMPLE_INSTRUMENT;BLOCK;EUR;1;3.60000000;468;EXCHANGE_LAST;;1;1;XEUR;12655382;481918;
27.01.2025;15:13:32.090;NDB.O.250127.STG.000001;STANDARD_OPTION_STRATEGY;BLOCK;EUR;12;1.07000000;5000;EXCHANGE_LAST;;1;1;XEUR;72062954157114401;1248;
27.01.2025;15:13:32.090;NDB SI 20250919 PS AM C 12.00 0;SIMPLE_INSTRUMENT;BLOCK;EUR;12;0.36000000;5000;PRC_DECOMP_EXCHANGE;;;;XEUR;11890650;1248;EXCHANGE
27.01.2025;15:13:32.090;NDB SI 20250919 PS AM P 11.00 0;SIMPLE_INSTRUMENT;BLOCK;EUR;12;0.71000000;5000;PRC_DECOMP_EXCHANGE;;;;XEUR;11890652;1248;EXCHANGE
27.01.2025;16:52:51.137;NESE SI 20251219 PS EU C 76.00 0;SIMPLE_INSTRUMENT;BLOCK;CHF;64;4.45000000;750;EXCHANGE_LAST;;1;1;XEUR;5937914;1257;
27.01.2025;11:30:53.796;NESG SI 20250321 CS;SIMPLE_INSTRUMENT;BLOCK;CHF;15;76.31480000;250;EXCHANGE_LAST;;1;1;XEUR;10707780;1256;
27.01.2025;09:54:22.051;NESN SI 20250620 PS AM P 66.00 0;SIMPLE_INSTRUMENT;BLOCK;CHF;7;0.64000000;3000;EXCHANGE_LAST;;1;1;XEUR;12331601;1263;
27.01.2025;09:54:22.133;NESN SI 20250620 PS AM P 80.00 0;SIMPLE_INSTRUMENT;BLOCK;CHF;8;7.35000000;2000;EXCHANGE_LAST;;1;1;XEUR;11370065;1263;
27.01.2025;10:07:37.969;NESN SI 20250321 PS AM P 76.00 0;SIMPLE_INSTRUMENT;BLOCK;CHF;9;2.22000000;3500;EXCHANGE_LAST;;1;1;XEUR;10849732;1263;
27.01.2025;10:12:46.711;NESN SI 20251219 PS AM P 64.00 0;SIMPLE_INSTRUMENT;BLOCK;CHF;10;1.13000000;2000;EXCHANGE_LAST;;1;1;XEUR;11446255;1263;
27.01.2025;10:33:53.596;NESN SI 20251219 PS AM P 75.00 0;SIMPLE_INSTRUMENT;BLOCK;CHF;12;5.18000000;1000;EXCHANGE_LAST;;1;1;XEUR;12331744;1263;
27.01.2025;13:16:10.413;NESN.O.250127.BER.000020;STANDARD_OPTION_STRATEGY;BLOCK;CHF;35;3.78000000;2000;EXCHANGE_LAST;;1;1;XEUR;72063018581704460;1263;
27.01.2025;13:16:10.413;NESN SI 20250321 PS AM P 72.00 0;SIMPLE_INSTRUMENT;BLOCK;CHF;35;0.60000000;2000;PRC_DECOMP_EXCHANGE;;;;XEUR;10849709;1263;EXCHANGE
27.01.2025;13:16:10.413;NESN SI 20250321 PS AM P 80.00 0;SIMPLE_INSTRUMENT;BLOCK;CHF;35;4.38000000;2000;PRC_DECOMP_EXCHANGE;;;;XEUR;10849738;1263;EXCHANGE
27.01.2025;15:41:49.166;NESN SI 20250207 PS AM C 78.00 0;SIMPLE_INSTRUMENT;BLOCK;CHF;55;0.76000000;1000;EXCHANGE_LAST;;1;1;XEUR;12538935;1263;
27.01.2025;16:45:58.025;NESN.O.250127.RTSP.000026;STANDARD_OPTION_STRATEGY;BLOCK;CHF;62;1.88000000;1000;EXCHANGE_LAST;;1;1;XEUR;72063018581704466;1263;
27.01.2025;16:45:58.025;NESN SI 20250620 PS AM P 68.00 0;SIMPLE_INSTRUMENT;BLOCK;CHF;62;0.73000000;1000;PRC_DECOMP_EXCHANGE;;;;XEUR;8134428;1263;EXCHANGE
27.01.2025;16:45:58.025;NESN SI 20251219 PS AM C 81.00 0;SIMPLE_INSTRUMENT;BLOCK;CHF;62;2.61000000;1000;PRC_DECOMP_EXCHANGE;;;;XEUR;12331660;1263;EXCHANGE
27.01.2025;12:48:16.644;NO3H SI 20250321 CS;SIMPLE_INSTRUMENT;BLOCK;EUR;24;4.39320000;80000;EXCHANGE_LAST;;1;1;XEUR;10721265;48718;
27.01.2025;12:48:25.862;NO3H SI 20250321 CS;SIMPLE_INSTRUMENT;BLOCK;EUR;25;4.40310000;130000;EXCHANGE_LAST;;1;1;XEUR;10721265;48718;
27.01.2025;12:16:40.568;NOA3 SI 20250221 PS AM C 4.50 0;SIMPLE_INSTRUMENT;BLOCK;EUR;9;0.16000000;7000;EXCHANGE_LAST;;1;2;XEUR;12252693;1275;
27.01.2025;16:08:25.589;NOVE.O.250127.COMBO.000008;STANDARD_OPTION_STRATEGY;BLOCK;CHF;58;-0.10000000;4000;EXCHANGE_LAST;;2;2;XEUR;75170345815905658;724744;
27.01.2025;16:08:25.589;NOVE SI 20250919 PS EU C 94.00 0;SIMPLE_INSTRUMENT;BLOCK;CHF;58;3.11000000;4000;PRC_DECOMP_EXCHANGE;;;;XEUR;11949756;724744;EXCHANGE
27.01.2025;16:08:25.589;NOVE SI 20250919 PS EU P 85.00 0;SIMPLE_INSTRUMENT;BLOCK;CHF;58;3.01000000;4000;PRC_DECOMP_EXCHANGE;;;;XEUR;12310716;724744;EXCHANGE
27.01.2025;08:57:44.487;NOVH SI 20250321 CS;SIMPLE_INSTRUMENT;BLOCK;CHF;1;88.92000000;400;EXCHANGE_LAST;;1;1;XEUR;10739776;724742;
27.01.2025;10:07:58.824;NOVH SI 20250321 CS;SIMPLE_INSTRUMENT;BLOCK;CHF;4;89.39090000;200;EXCHANGE_LAST;;1;1;XEUR;10739776;724742;
27.01.2025;14:42:37.128;NOVH SI 20250221 CS;SIMPLE_INSTRUMENT;BLOCK;CHF;41;92.00000000;4000;EXCHANGE_LAST;;1;1;XEUR;10606951;724742;
27.01.2025;09:42:35.321;NOVN SI 20260619 PS AM P 76.00 0;SIMPLE_INSTRUMENT;BLOCK;CHF;3;2.77000000;1000;EXCHANGE_LAST;;1;1;XEUR;10037235;724745;
27.01.2025;12:50:12.891;NOVN SI 20261218 PS AM P 76.00 0;SIMPLE_INSTRUMENT;BLOCK;CHF;33;3.50000000;600;EXCHANGE_LAST;;1;1;XEUR;10037069;724745;
27.01.2025;14:29:34.859;NOVN SI 20261218 PS AM P 76.00 0;SIMPLE_INSTRUMENT;BLOCK;CHF;46;3.50000000;500;EXCHANGE_LAST;;1;1;XEUR;10037069;724745;
27.01.2025;14:59:07.972;NOVN SI 20250919 PS AM P 94.00 0;SIMPLE_INSTRUMENT;BLOCK;CHF;49;7.54000000;750;EXCHANGE_LAST;;1;1;XEUR;12310838;724745;
27.01.2025;14:59:15.534;NOVN SI 20250919 PS AM P 76.00 0;SIMPLE_INSTRUMENT;BLOCK;CHF;50;0.92000000;1500;EXCHANGE_LAST;;1;1;XEUR;11933209;724745;
27.01.2025;10:19:28.652;OBTP.V.250127.CALL-U.000001;OPTION_VOLATILITY_STRATEGY;BLOCK;EUR;268435488;0.22000000;2;EXCHANGE_LAST;;1;1;XEUR;72310189654565836;58812;
27.01.2025;10:19:28.652;FBTP SI 20250606 PS;SIMPLE_INSTRUMENT;BLOCK;EUR;268435488;118.82000000;28;PRC_DECOMP_EXCHANGE;;;;XEUR;11820365;58812;EXCHANGE
27.01.2025;10:19:28.652;OBTP SI 20250321 PS AM C 122.00 0;SIMPLE_INSTRUMENT;BLOCK;EUR;268435488;0.22000000;200;PRC_DECOMP_EXCHANGE;;;;XEUR;12474452;58812;EXCHANGE
27.01.2025;08:24:55.304;ODAX SI 20250221 CS EU P 20700 0;SIMPLE_INSTRUMENT;BLOCK;EUR;1;145.00000000;1200;EXCHANGE_LAST;;1;1;XEUR;12306234;1176;
27.01.2025;10:27:11.747;ODAX.O.250127.BER.000208;STANDARD_OPTION_STRATEGY;BLOCK;EUR;5;1.30000000;3800;EXCHANGE_LAST;;1;1;XEUR;72062644920404191;1176;
27.01.2025;10:27:11.747;ODAX SI 20250221 CS EU P 19550 0;SIMPLE_INSTRUMENT;BLOCK;EUR;5;34.00000000;3800;PRC_DECOMP_MEMBER;;;;XEUR;12250572;1176;MEMBER
27.01.2025;10:27:11.747;ODAX SI 20250221 CS EU P 19500 0;SIMPLE_INSTRUMENT;BLOCK;EUR;5;32.70000000;3800;PRC_DECOMP_MEMBER;;;;XEUR;12250565;1176;MEMBER
27.01.2025;11:47:44.218;ODAX SI 20250620 CS EU P 20000 0;SIMPLE_INSTRUMENT;BLOCK;EUR;6;349.40000000;900;EXCHANGE_LAST;;1;1;XEUR;10952212;1176;
27.01.2025;11:47:46.791;ODAX SI 20250620 CS EU C 22800 0;SIMPLE_INSTRUMENT;BLOCK;EUR;7;224.90000000;900;EXCHANGE_LAST;;1;1;XEUR;12362251;1176;
27.01.2025;13:50:39.497;ODAX.O.250127.BER.000299;STANDARD_OPTION_STRATEGY;BLOCK;EUR;10;57.00000000;800;EXCHANGE_LAST;;1;1;XEUR;72062644920404282;1176;
27.01.2025;13:50:39.497;ODAX SI 20250131 CS EU P 21000 0;SIMPLE_INSTRUMENT;BLOCK;EUR;10;71.30000000;800;PRC_DECOMP_EXCHANGE;;;;XEUR;12450474;1176;EXCHANGE
27.01.2025;13:50:39.497;ODAX SI 20250131 CS EU P 20500 0;SIMPLE_INSTRUMENT;BLOCK;EUR;10;14.30000000;800;PRC_DECOMP_EXCHANGE;;;;XEUR;12450231;1176;EXCHANGE
27.01.2025;15:25:38.247;ODAX SI 20250417 CS EU P 18000 0;SIMPLE_INSTRUMENT;BLOCK;EUR;11;65.00000000;900;EXCHANGE_LAST;;1;1;XEUR;12674020;1176;
27.01.2025;15:44:26.927;ODAX SI 20250321 CS EU P 19000 0;SIMPLE_INSTRUMENT;BLOCK;EUR;12;59.50000000;3000;EXCHANGE_LAST;;1;1;XEUR;10382401;1176;
27.01.2025;09:33:35.347;ODAX.V.250127.STD-U.000182;OPTION_VOLATILITY_STRATEGY;BLOCK;EUR;671088643;1757.00000000;2;EXCHANGE_LAST;;1;1;XEUR;72062644920404165;1176;
27.01.2025;09:33:35.347;ODAX SI 20250620 CS EU P 20700 0;SIMPLE_INSTRUMENT;BLOCK;EUR;671088643;480.00000000;400;PRC_DECOMP_EXCHANGE;;;;XEUR;12353032;1176;EXCHANGE
27.01.2025;09:33:35.347;FDAX SI 20250321 CS;SIMPLE_INSTRUMENT;BLOCK;EUR;671088643;21250.00000000;26;PRC_DECOMP_EXCHANGE;;;;XEUR;7561255;1176;EXCHANGE
27.01.2025;09:33:35.347;ODAX SI 20250620 CS EU C 20700 0;SIMPLE_INSTRUMENT;BLOCK;EUR;671088643;1277.00000000;400;PRC_DECOMP_EXCHANGE;;;;XEUR;12353033;1176;EXCHANGE
27.01.2025;09:33:51.601;ODAX.V.250127.STD-U.000185;OPTION_VOLATILITY_STRATEGY;BLOCK;EUR;671088644;1757.00000000;1;EXCHANGE_LAST;;1;1;XEUR;72062644920404168;1176;
27.01.2025;09:33:51.601;ODAX SI 20250620 CS EU C 20700 0;SIMPLE_INSTRUMENT;BLOCK;EUR;671088644;1277.00000000;350;PRC_DECOMP_EXCHANGE;;;;XEUR;12353033;1176;EXCHANGE
