#Date;TrdTime;Contract;ContractType;TrdTyp;Currency;TesId;Prc;Qty;TrdInd;Aggressor;Buy;Sell;Exch;InstrumentId;RelatedProdId;PrcDecomp
04.11.2024;11:14:03.118;2FE SI 20251218 PS AM P 400.00 0;SIMPLE_INSTRUMENT;BLOCK;EUR;4;28.65000000;200;EXCHANGE_LAST;;2;1;XEUR;10437729;57129;
04.11.2024;15:25:57.482;A2XA SI 20251219 CS;SIMPLE_INSTRUMENT;BLOCK;EUR;38;2.08000000;250;EXCHANGE_LAST;;1;1;XEUR;3681055;17;
04.11.2024;15:28:59.106;A2XA SI 20261218 CS;SIMPLE_INSTRUMENT;BLOCK;EUR;39;2.07000000;350;EXCHANGE_LAST;;1;1;XEUR;4632093;17;
04.11.2024;15:50:47.377;A2XA SI 20261218 CS;SIMPLE_INSTRUMENT;BLOCK;EUR;43;2.07000000;200;EXCHANGE_LAST;;1;1;XEUR;4632093;17;
04.11.2024;16:15:56.321;A2XA SI 20251219 CS;SIMPLE_INSTRUMENT;BLOCK;EUR;45;2.08000000;250;EXCHANGE_LAST;;1;1;XEUR;3681055;17;
04.11.2024;10:43:50.043;ABBG SI 20241220 CS;SIMPLE_INSTRUMENT;BLOCK;CHF;9;48.62000000;1000;EXCHANGE_LAST;;1;1;XEUR;8508601;574520;
04.11.2024;09:32:25.372;ABBN SI 20241115 PS AM C 52.00 0;SIMPLE_INSTRUMENT;BLOCK;CHF;6;0.07000000;2000;EXCHANGE_LAST;;1;1;XEUR;11740465;574517;
04.11.2024;14:49:41.830;ABBN SI 20251219 PS AM P 47.00 0;SIMPLE_INSTRUMENT;BLOCK;CHF;45;4.17000000;1250;EXCHANGE_LAST;;1;1;XEUR;11848990;574517;
04.11.2024;14:53:26.502;ABBN SI 20271217 PS AM P 32.00 0;SIMPLE_INSTRUMENT;BLOCK;CHF;47;1.92000000;1250;EXCHANGE_LAST;;1;1;XEUR;8836130;574517;
04.11.2024;08:39:15.474;ADEN.O.241104.BER.000001;STANDARD_OPTION_STRATEGY;BLOCK;CHF;1;0.55000000;3000;EXCHANGE_LAST;;1;1;XEUR;72057783016513491;44;
04.11.2024;08:39:15.474;ADEN SI 20250321 PS AM P 24.00 0;SIMPLE_INSTRUMENT;BLOCK;CHF;1;0.73000000;3000;PRC_DECOMP_EXCHANGE;;;;XEUR;10827978;44;EXCHANGE
04.11.2024;08:39:15.474;ADEN SI 20250321 PS AM P 18.00 0;SIMPLE_INSTRUMENT;BLOCK;CHF;1;0.18000000;3000;PRC_DECOMP_EXCHANGE;;;;XEUR;10827991;44;EXCHANGE
04.11.2024;09:42:29.570;ADEN SI 20241220 PS AM P 26.00 0;SIMPLE_INSTRUMENT;BLOCK;CHF;7;0.65000000;1000;EXCHANGE_LAST;;1;1;XEUR;10393468;44;
04.11.2024;09:45:13.608;ADS.O.241104.STG.000003;STANDARD_OPTION_STRATEGY;BLOCK;EUR;5;29.40000000;250;EXCHANGE_LAST;;1;1;XEUR;72057808786329987;50;
04.11.2024;09:45:13.608;ADS SI 20250321 PS AM C 260.00 0;SIMPLE_INSTRUMENT;BLOCK;EUR;5;4.71000000;250;PRC_DECOMP_EXCHANGE;;;;XEUR;10828533;50;EXCHANGE
04.11.2024;09:45:13.608;ADS SI 20250321 PS AM P 240.00 0;SIMPLE_INSTRUMENT;BLOCK;EUR;5;24.69000000;250;PRC_DECOMP_EXCHANGE;;;;XEUR;10828529;50;EXCHANGE
04.11.2024;12:58:59.464;ADS SI 20251219 PS AM P 200.00 0;SIMPLE_INSTRUMENT;BLOCK;EUR;11;15.55000000;500;EXCHANGE_LAST;;1;1;XEUR;5919898;50;
04.11.2024;16:01:51.443;ADS SI 20250321 PS AM C 240.00 0;SIMPLE_INSTRUMENT;BLOCK;EUR;31;8.65000000;400;EXCHANGE_LAST;;1;1;XEUR;10828524;50;
04.11.2024;16:11:12.013;ADS SI 20241220 PS AM C 260.00 0;SIMPLE_INSTRUMENT;BLOCK;EUR;32;0.82000000;725;EXCHANGE_LAST;;1;1;XEUR;10394230;50;
04.11.2024;09:44:33.409;AIR SI 20241220 PS AM P 154.55 1;SIMPLE_INSTRUMENT;BLOCK;EUR;2;1.26000000;300;EXCHANGE_LAST;;1;1;XEUR;10394420;64;
04.11.2024;10:06:27.394;AIR SI 20250321 PS AM P 160.00 0;SIMPLE_INSTRUMENT;BLOCK;EUR;3;4.69000000;650;EXCHANGE_LAST;;1;1;XEUR;11291027;64;
04.11.2024;09:21:20.822;ALV SI 20241220 PS AM P 260.00 0;SIMPLE_INSTRUMENT;BLOCK;EUR;2;1.57000000;300;EXCHANGE_LAST;;1;1;XEUR;10310973;74;
04.11.2024;10:46:33.021;ALV SI 20241220 PS AM C 320.00 0;SIMPLE_INSTRUMENT;BLOCK;EUR;4;0.65000000;300;EXCHANGE_LAST;;1;1;XEUR;4638033;74;
04.11.2024;15:18:12.483;ALV SI 20241220 PS AM P 265.00 0;SIMPLE_INSTRUMENT;BLOCK;EUR;5;1.76000000;300;EXCHANGE_LAST;;1;1;XEUR;11871462;74;
04.11.2024;10:41:16.667;ANN.O.241104.PDIA.000003;STANDARD_OPTION_STRATEGY;BLOCK;EUR;6;1.25000000;750;EXCHANGE_LAST;;1;1;XEUR;72251735149666899;45202;
04.11.2024;10:41:16.667;ANN SI 20250117 PS AM P 30.00 0;SIMPLE_INSTRUMENT;BLOCK;EUR;6;1.46000000;750;PRC_DECOMP_EXCHANGE;;;;XEUR;12093423;45202;EXCHANGE
04.11.2024;10:41:16.667;ANN SI 20241220 PS AM P 26.00 0;SIMPLE_INSTRUMENT;BLOCK;EUR;6;0.21000000;750;PRC_DECOMP_EXCHANGE;;;;XEUR;9147879;45202;EXCHANGE
04.11.2024;11:52:06.745;ASM SI 20281215 PS AM P 640.00 0;SIMPLE_INSTRUMENT;BLOCK;EUR;6;163.00000000;75;EXCHANGE_LAST;;1;1;XEUR;10395742;107;
04.11.2024;12:30:02.296;ASM SI 20250919 PS AM P 560.00 0;SIMPLE_INSTRUMENT;BLOCK;EUR;7;46.95000000;200;EXCHANGE_LAST;;1;1;XEUR;11872147;107;
04.11.2024;11:28:14.009;AXA SI 20250620 PS AM P 26.00 0;SIMPLE_INSTRUMENT;BLOCK;EUR;8;0.51000000;3750;EXCHANGE_LAST;;1;3;XEUR;9735899;127;
04.11.2024;11:40:37.502;AXA.O.241104.BRT12.000007;STANDARD_OPTION_STRATEGY;BLOCK;EUR;10;0.73000000;3000;EXCHANGE_LAST;;1;1;XEUR;72058139498793031;127;
04.11.2024;11:40:37.502;AXA SI 20241220 PS AM P 28.00 0;SIMPLE_INSTRUMENT;BLOCK;EUR;10;0.15000000;6000;PRC_DECOMP_EXCHANGE;;;;XEUR;4638798;127;EXCHANGE
04.11.2024;11:40:37.502;AXA SI 20250117 PS AM P 34.00 0;SIMPLE_INSTRUMENT;BLOCK;EUR;10;1.03000000;3000;PRC_DECOMP_EXCHANGE;;;;XEUR;12068570;127;EXCHANGE
04.11.2024;12:50:15.152;AXA SI 20251219 PS AM P 30.00 0;SIMPLE_INSTRUMENT;BLOCK;EUR;16;1.66000000;2500;EXCHANGE_LAST;;1;1;XEUR;11479914;127;
04.11.2024;16:01:10.600;B2AS SI 20251219 CS;SIMPLE_INSTRUMENT;BLOCK;EUR;44;2.25000000;350;EXCHANGE_LAST;;1;1;XEUR;3681119;140;
04.11.2024;16:46:48.066;B2AS SI 20271217 CS;SIMPLE_INSTRUMENT;BLOCK;EUR;51;2.07500000;200;EXCHANGE_LAST;;2;1;XEUR;5914347;140;
04.11.2024;15:14:52.092;B2YG SI 20250321 CS;SIMPLE_INSTRUMENT;BLOCK;EUR;37;0.00100000;450;EXCHANGE_LAST;;2;1;XEUR;10433757;45713;
04.11.2024;11:12:48.133;BAS SI 20250321 PS AM P 42.00 0;SIMPLE_INSTRUMENT;BLOCK;EUR;2;1.30000000;5500;EXCHANGE_LAST;;2;3;XEUR;10830938;150;
04.11.2024;12:31:03.104;BAS SI 20241220 PS AM P 36.00 0;SIMPLE_INSTRUMENT;BLOCK;EUR;3;0.10000000;1993;EXCHANGE_LAST;;1;1;XEUR;4705203;150;
04.11.2024;13:43:24.808;BAY SI 20250620 PS AM P 28.00 0;SIMPLE_INSTRUMENT;BLOCK;EUR;4;4.18000000;2000;EXCHANGE_LAST;;1;1;XEUR;8112559;168;
04.11.2024;16:36:05.816;BAY SI 20250321 PS AM C 28.00 0;SIMPLE_INSTRUMENT;BLOCK;EUR;5;1.13000000;1000;EXCHANGE_LAST;;1;1;XEUR;10831463;168;
04.11.2024;09:20:46.820;BBVD SI 20241220 PS AM C 9.50 0;SIMPLE_INSTRUMENT;BLOCK;EUR;2;0.40000000;1755;EXCHANGE_LAST;;1;1;XEUR;9539825;172;
04.11.2024;09:20:39.820;BBVD SI 20241220 PS AM C 9.50 0;SIMPLE_INSTRUMENT;BLOCK;EUR;3;0.45000000;1495;EXCHANGE_LAST;;1;1;XEUR;9539825;172;
04.11.2024;14:52:51.147;BBVD.O.241104.STG.000001;STANDARD_OPTION_STRATEGY;BLOCK;EUR;15;0.33000000;3000;EXCHANGE_LAST;;1;1;XEUR;72058332772304705;172;
04.11.2024;14:52:51.147;BBVD SI 20241220 PS AM P 8.00 0;SIMPLE_INSTRUMENT;BLOCK;EUR;15;0.08000000;3000;PRC_DECOMP_EXCHANGE;;;;XEUR;8112625;172;EXCHANGE
04.11.2024;14:52:51.147;BBVD SI 20241220 PS AM C 10.00 0;SIMPLE_INSTRUMENT;BLOCK;EUR;15;0.25000000;3000;PRC_DECOMP_EXCHANGE;;;;XEUR;8715594;172;EXCHANGE
04.11.2024;15:07:19.933;BBVD SI 20241115 PS AM P 9.25 0;SIMPLE_INSTRUMENT;BLOCK;EUR;17;0.14000000;3500;EXCHANGE_LAST;;1;1;XEUR;11700155;172;
04.11.2024;09:50:44.379;BEI SI 20250321 PS AM P 130.00 0;SIMPLE_INSTRUMENT;BLOCK;EUR;6;7.08000000;500;EXCHANGE_LAST;;1;1;XEUR;10831365;176;
04.11.2024;09:50:46.088;BEI SI 20250321 PS AM C 130.00 0;SIMPLE_INSTRUMENT;BLOCK;EUR;7;4.67000000;500;EXCHANGE_LAST;;1;1;XEUR;10831373;176;
04.11.2024;08:59:32.963;BMW.O.241104.RBER.000003;STANDARD_OPTION_STRATEGY;BLOCK;EUR;1;-2.29000000;400;EXCHANGE_LAST;;1;1;XEUR;72058495981106280;210;
04.11.2024;08:59:32.963;BMW SI 20250620 PS AM P 64.00 0;SIMPLE_INSTRUMENT;BLOCK;EUR;1;2.94000000;800;PRC_DECOMP_MEMBER;;;;XEUR;11352603;210;MEMBER
04.11.2024;08:59:32.963;BMW SI 20250620 PS AM P 76.00 0;SIMPLE_INSTRUMENT;BLOCK;EUR;1;8.17000000;400;PRC_DECOMP_MEMBER;;;;XEUR;7899903;210;MEMBER
04.11.2024;11:42:02.845;BMW SI 20241115 PS AM P 72.00 0;SIMPLE_INSTRUMENT;BLOCK;EUR;9;1.37000000;1000;EXCHANGE_LAST;;1;1;XEUR;11701028;210;
04.11.2024;15:25:33.044;BMW SI 20251219 PS AM P 68.00 0;SIMPLE_INSTRUMENT;BLOCK;EUR;24;5.87000000;1000;EXCHANGE_LAST;;2;1;XEUR;5923230;210;
04.11.2024;16:03:50.816;BMW SI 20250321 PS AM P 72.00 0;SIMPLE_INSTRUMENT;BLOCK;EUR;28;3.99000000;1000;EXCHANGE_LAST;;1;2;XEUR;10832605;210;
04.11.2024;16:36:27.429;BMW SI 20250321 PS AM C 76.00 0;SIMPLE_INSTRUMENT;BLOCK;EUR;29;3.78000000;400;EXCHANGE_LAST;;1;1;XEUR;10832590;210;
04.11.2024;10:35:12.979;BNP SI 20241220 PS AM P 64.00 0;SIMPLE_INSTRUMENT;BLOCK;EUR;5;2.43000000;500;EXCHANGE_LAST;;1;1;XEUR;4640398;237;
04.11.2024;11:07:57.445;BNP.O.241104.STG.000002;STANDARD_OPTION_STRATEGY;BLOCK;EUR;7;6.23000000;1000;EXCHANGE_LAST;;1;1;XEUR;72058611945197455;237;
04.11.2024;11:07:57.445;BNP SI 20250620 PS AM P 52.00 0;SIMPLE_INSTRUMENT;BLOCK;EUR;7;1.90000000;1000;PRC_DECOMP_EXCHANGE;;;;XEUR;7900150;237;EXCHANGE
04.11.2024;11:07:57.445;BNP SI 20250620 PS AM C 64.00 0;SIMPLE_INSTRUMENT;BLOCK;EUR;7;4.33000000;1000;PRC_DECOMP_EXCHANGE;;;;XEUR;8114358;237;EXCHANGE
04.11.2024;12:56:23.601;BNP.O.241104.STD.000003;STANDARD_OPTION_STRATEGY;BLOCK;EUR;17;13.10000000;1500;EXCHANGE_LAST;;1;1;XEUR;72058611945197456;237;
04.11.2024;12:56:23.601;BNP SI 20251219 PS AM C 60.00 0;SIMPLE_INSTRUMENT;BLOCK;EUR;17;7.20000000;1500;PRC_DECOMP_EXCHANGE;;;;XEUR;5995680;237;EXCHANGE
04.11.2024;12:56:23.601;BNP SI 20251219 PS AM P 60.00 0;SIMPLE_INSTRUMENT;BLOCK;EUR;17;5.90000000;1500;PRC_DECOMP_EXCHANGE;;;;XEUR;5995681;237;EXCHANGE
04.11.2024;16:37:33.996;BNP SI 20241220 PS AM P 64.00 0;SIMPLE_INSTRUMENT;BLOCK;EUR;32;2.56000000;1500;EXCHANGE_LAST;;1;1;XEUR;4640398;237;
04.11.2024;14:07:11.949;BSN SI 20250919 PS AM P 64.00 0;SIMPLE_INSTRUMENT;BLOCK;EUR;22;3.33000000;500;EXCHANGE_LAST;;1;1;XEUR;11875282;241;
04.11.2024;15:14:39.980;BYGG SI 20250321 CS;SIMPLE_INSTRUMENT;BLOCK;EUR;36;29.76500000;5000;EXCHANGE_LAST;;2;1;XEUR;10696354;281;
04.11.2024;15:44:10.225;BYGG SI 20250321 CS;SIMPLE_INSTRUMENT;BLOCK;EUR;42;29.76500000;3000;EXCHANGE_LAST;;1;1;XEUR;10696354;281;
04.11.2024;09:08:42.507;C2RT SI 20241220 CS;SIMPLE_INSTRUMENT;BLOCK;EUR;2;0.54100000;3408;EXCHANGE_LAST;;1;1;XEUR;4632257;151297;
04.11.2024;09:09:46.305;C2RT SI 20241220 CS;SIMPLE_INSTRUMENT;BLOCK;EUR;3;0.54000000;1460;EXCHANGE_LAST;;1;1;XEUR;4632257;151297;
04.11.2024;10:36:28.342;C2RT SI 20241220 CS;SIMPLE_INSTRUMENT;BLOCK;EUR;7;0.54100000;5266;EXCHANGE_LAST;;1;1;XEUR;4632257;151297;
04.11.2024;10:37:02.537;C2RT SI 20241220 CS;SIMPLE_INSTRUMENT;BLOCK;EUR;8;0.54000000;2257;EXCHANGE_LAST;;1;1;XEUR;4632257;151297;
04.11.2024;11:08:24.769;C2RT SI 20241220 CS;SIMPLE_INSTRUMENT;BLOCK;EUR;12;0.54100000;4956;EXCHANGE_LAST;;1;1;XEUR;4632257;151297;
04.11.2024;11:08:32.499;C2RT SI 20241220 CS;SIMPLE_INSTRUMENT;BLOCK;EUR;13;0.54000000;2124;EXCHANGE_LAST;;1;1;XEUR;4632257;151297;
04.11.2024;13:11:27.056;C4RI SI 20241220 CS;SIMPLE_INSTRUMENT;BLOCK;EUR;26;2.69500000;1000;EXCHANGE_LAST;;1;1;XEUR;4632261;50862;
04.11.2024;14:11:12.811;C4RI SI 20241220 CS;SIMPLE_INSTRUMENT;BLOCK;EUR;29;2.71000000;500;EXCHANGE_LAST;;1;1;XEUR;4632261;50862;
04.11.2024;08:46:14.037;CBK SI 20250321 PS AM P 14.00 0;SIMPLE_INSTRUMENT;BLOCK;EUR;1;0.47000000;3000;EXCHANGE_LAST;;1;1;XEUR;10833878;268;
04.11.2024;08:46:54.293;CBK SI 20241220 PS AM P 11.00 0;SIMPLE_INSTRUMENT;BLOCK;EUR;2;0.03000000;3000;EXCHANGE_LAST;;1;1;XEUR;10399721;268;
04.11.2024;12:23:57.639;CBK SI 20241115 PS AM C 17.00 0;SIMPLE_INSTRUMENT;BLOCK;EUR;9;0.30000000;2000;EXCHANGE_LAST;;1;1;XEUR;11838767;268;
04.11.2024;13:37:01.908;CBK SI 20241220 PS AM C 17.00 0;SIMPLE_INSTRUMENT;BLOCK;EUR;14;0.51000000;8000;EXCHANGE_LAST;;2;2;XEUR;10399778;268;
04.11.2024;13:30:56.749;CBK.N.241104.000008;NON_STANDARD_OPTION_STRATEGY;BLOCK;EUR;15;0.68000000;2000;EXCHANGE_LAST;;1;1;XEUR;72058745089200564;268;
04.11.2024;13:30:56.749;CBK SI 20250321 PS AM P 14.00 0;SIMPLE_INSTRUMENT;BLOCK;EUR;15;0.47000000;2000;PRC_DECOMP_EXCHANGE;;;;XEUR;10833878;268;EXCHANGE
04.11.2024;13:30:56.749;CBK SI 20250321 PS AM P 12.00 0;SIMPLE_INSTRUMENT;BLOCK;EUR;15;0.21000000;2000;PRC_DECOMP_EXCHANGE;;;;XEUR;10833897;268;EXCHANGE
04.11.2024;13:43:29.408;CBK SI 20241220 PS AM C 17.00 0;SIMPLE_INSTRUMENT;BLOCK;EUR;17;0.55000000;10000;EXCHANGE_LAST;;1;1;XEUR;10399778;268;
04.11.2024;13:48:54.698;CBK SI 20251219 PS AM P 12.00 0;SIMPLE_INSTRUMENT;BLOCK;EUR;18;0.68000000;1250;EXCHANGE_LAST;;1;1;XEUR;6472277;268;
04.11.2024;13:49:14.340;CBK SI 20251219 PS AM P 12.00 0;SIMPLE_INSTRUMENT;BLOCK;EUR;19;0.67000000;1250;EXCHANGE_LAST;;1;1;XEUR;6472277;268;
04.11.2024;14:37:25.028;CBK SI 20241220 PS AM C 17.00 0;SIMPLE_INSTRUMENT;BLOCK;EUR;22;0.51000000;3000;EXCHANGE_LAST;;1;1;XEUR;10399778;268;
04.11.2024;14:56:12.319;CBK SI 20241115 PS AM C 17.00 0;SIMPLE_INSTRUMENT;BLOCK;EUR;23;0.22000000;2750;EXCHANGE_LAST;;2;1;XEUR;11838767;268;
04.11.2024;14:56:02.219;CBK SI 20241115 PS AM C 17.00 0;SIMPLE_INSTRUMENT;BLOCK;EUR;24;0.23000000;2750;EXCHANGE_LAST;;2;1;XEUR;11838767;268;
04.11.2024;15:01:03.167;CBK SI 20241220 PS AM C 17.00 0;SIMPLE_INSTRUMENT;BLOCK;EUR;25;0.51000000;1500;EXCHANGE_LAST;;1;1;XEUR;10399778;268;
04.11.2024;11:11:38.057;CFR SI 20241115 PS AM C 152.00 0;SIMPLE_INSTRUMENT;BLOCK;CHF;20;0.20000000;1013;EXCHANGE_LAST;;1;1;XEUR;11702392;313;
04.11.2024;13:21:20.312;CFR.O.241104.BLT.000007;STANDARD_OPTION_STRATEGY;BLOCK;CHF;27;3.02000000;400;EXCHANGE_LAST;;1;1;XEUR;72058938362724833;313;
04.11.2024;13:21:20.312;CFR SI 20241220 PS AM C 134.00 0;SIMPLE_INSTRUMENT;BLOCK;CHF;27;3.17000000;400;PRC_DECOMP_EXCHANGE;;;;XEUR;11328180;313;EXCHANGE
04.11.2024;13:21:20.312;CFR SI 20250321 PS AM C 134.00 0;SIMPLE_INSTRUMENT;BLOCK;CHF;27;6.19000000;400;PRC_DECOMP_EXCHANGE;;;;XEUR;11876479;313;EXCHANGE
04.11.2024;13:34:22.166;CFR SI 20241220 PS AM P 130.00 0;SIMPLE_INSTRUMENT;BLOCK;CHF;33;7.39000000;300;EXCHANGE_LAST;;1;1;XEUR;10400562;313;
04.11.2024;15:01:48.836;CRI5 SI 20271216 PS AM P 28.00 0;SIMPLE_INSTRUMENT;BLOCK;EUR;16;3.37000000;2250;EXCHANGE_LAST;;1;1;XEUR;8978805;320;
04.11.2024;09:08:08.105;CRTG SI 20241220 CS;SIMPLE_INSTRUMENT;BLOCK;EUR;1;5.66210000;55000;EXCHANGE_LAST;;1;1;XEUR;7033481;335;
04.11.2024;10:35:59.164;CRTG SI 20241220 CS;SIMPLE_INSTRUMENT;BLOCK;EUR;6;5.66210000;85000;EXCHANGE_LAST;;1;1;XEUR;7033481;335;
04.11.2024;11:08:17.396;CRTG SI 20241220 CS;SIMPLE_INSTRUMENT;BLOCK;EUR;11;5.65410000;80000;EXCHANGE_LAST;;1;1;XEUR;7033481;335;
04.11.2024;09:09:24.925;DAI SI 20241115 PS AM C 56.00 0;SIMPLE_INSTRUMENT;BLOCK;EUR;2;1.30000000;1000;EXCHANGE_LAST;;1;1;XEUR;11738656;443196;
04.11.2024;10:31:02.970;DAI SI 20241220 PS AM P 44.00 0;SIMPLE_INSTRUMENT;BLOCK;EUR;6;0.12000000;2000;EXCHANGE_LAST;;1;1;XEUR;7491325;443196;
04.11.2024;15:37:33.733;DAI SI 20241220 PS AM P 64.00 0;SIMPLE_INSTRUMENT;BLOCK;EUR;25;7.71000000;780;EXCHANGE_LAST;;1;1;XEUR;7720215;443196;
04.11.2024;16:04:42.366;DAI SI 20241115 PS AM C 57.00 0;SIMPLE_INSTRUMENT;BLOCK;EUR;27;0.87000000;3000;EXCHANGE_LAST;;2;3;XEUR;11738644;443196;
04.11.2024;09:33:47.664;DB1 SI 20241220 PS AM C 220.00 0;SIMPLE_INSTRUMENT;BLOCK;EUR;1;3.88000000;250;EXCHANGE_LAST;;1;1;XEUR;10401105;361;
04.11.2024;11:28:30.950;DPW SI 20241220 PS AM P 38.00 0;SIMPLE_INSTRUMENT;BLOCK;EUR;8;1.35000000;1100;EXCHANGE_LAST;;1;1;XEUR;10311168;445;
04.11.2024;12:02:17.850;DPW SI 20241220 PS AM P 37.00 0;SIMPLE_INSTRUMENT;BLOCK;EUR;9;0.97000000;1500;EXCHANGE_LAST;;1;1;XEUR;11878660;445;
04.11.2024;13:10:35.814;DPW SI 20241220 PS AM C 40.00 0;SIMPLE_INSTRUMENT;BLOCK;EUR;11;0.52000000;750;EXCHANGE_LAST;;1;1;XEUR;4643149;445;
04.11.2024;15:57:46.472;DPW.O.241104.BER.000023;STANDARD_OPTION_STRATEGY;BLOCK;EUR;15;2.48000000;3000;EXCHANGE_LAST;;3;1;XEUR;72059505298412765;445;
04.11.2024;15:57:46.472;DPW SI 20260619 PS AM P 28.00 0;SIMPLE_INSTRUMENT;BLOCK;EUR;15;1.29000000;3000;PRC_DECOMP_EXCHANGE;;;;XEUR;9545210;445;EXCHANGE
04.11.2024;15:57:46.472;DPW SI 20260619 PS AM P 36.00 0;SIMPLE_INSTRUMENT;BLOCK;EUR;15;3.77000000;3000;PRC_DECOMP_EXCHANGE;;;;XEUR;9545227;445;EXCHANGE
04.11.2024;16:01:57.587;DPW SI 20241220 PS AM P 36.00 0;SIMPLE_INSTRUMENT;BLOCK;EUR;16;0.73000000;1100;EXCHANGE_LAST;;1;1;XEUR;4643148;445;
04.11.2024;16:02:02.768;DPW SI 20250919 PS AM P 32.00 0;SIMPLE_INSTRUMENT;BLOCK;EUR;17;1.30000000;1100;EXCHANGE_LAST;;1;1;XEUR;11878882;445;
04.11.2024;16:38:34.309;DPW SI 20250321 PS AM P 34.00 0;SIMPLE_INSTRUMENT;BLOCK;EUR;18;0.79000000;1000;EXCHANGE_LAST;;1;1;XEUR;10836847;445;
04.11.2024;10:14:08.881;DTE.O.241104.COMBO.000009;STANDARD_OPTION_STRATEGY;BLOCK;EUR;2;-0.94000000;3500;EXCHANGE_LAST;;2;1;XEUR;72059415104104683;424;
04.11.2024;10:14:08.881;DTE SI 20250321 PS AM P 26.00 0;SIMPLE_INSTRUMENT;BLOCK;EUR;2;0.35000000;3500;PRC_DECOMP_EXCHANGE;;;;XEUR;10836576;424;EXCHANGE
04.11.2024;10:14:08.881;DTE SI 20250321 PS AM C 28.00 0;SIMPLE_INSTRUMENT;BLOCK;EUR;2;1.29000000;3500;PRC_DECOMP_EXCHANGE;;;;XEUR;10836589;424;EXCHANGE
04.11.2024;14:09:17.216;DTE SI 20250919 PS AM P 24.00 0;SIMPLE_INSTRUMENT;BLOCK;EUR;12;0.46000000;1500;EXCHANGE_LAST;;1;1;XEUR;11878522;424;
04.11.2024;14:09:32.888;DTE SI 20250919 PS AM P 24.00 0;SIMPLE_INSTRUMENT;BLOCK;EUR;13;0.47000000;1500;EXCHANGE_LAST;;1;1;XEUR;11878522;424;
04.11.2024;11:59:49.897;EAD SI 20250321 PS AM C 150.00 0;SIMPLE_INSTRUMENT;BLOCK;EUR;11;5.56000000;400;EXCHANGE_LAST;;1;1;XEUR;11013888;465;
04.11.2024;11:59:50.462;EAD SI 20250321 PS AM P 140.00 0;SIMPLE_INSTRUMENT;BLOCK;EUR;12;7.79000000;400;EXCHANGE_LAST;;1;1;XEUR;11013889;465;
04.11.2024;13:54:06.399;ENL5.O.241104.STG.000008;STANDARD_OPTION_STRATEGY;BLOCK;EUR;9;0.71000000;1100;EXCHANGE_LAST;;1;1;XEUR;72059741521584528;500;
04.11.2024;13:54:06.399;ENL5 SI 20241219 PS AM P 5.60 0;SIMPLE_INSTRUMENT;BLOCK;EUR;9;0.01000000;1100;PRC_DECOMP_EXCHANGE;;;;XEUR;4630458;500;EXCHANGE
04.11.2024;13:54:06.399;ENL5 SI 20241219 PS AM C 6.40 0;SIMPLE_INSTRUMENT;BLOCK;EUR;9;0.70000000;1100;PRC_DECOMP_EXCHANGE;;;;XEUR;4630459;500;EXCHANGE
04.11.2024;13:54:16.399;ENL5.O.241104.STG.000008;STANDARD_OPTION_STRATEGY;BLOCK;EUR;10;0.73000000;900;EXCHANGE_LAST;;1;1;XEUR;72059741521584528;500;
04.11.2024;13:54:16.399;ENL5 SI 20241219 PS AM C 6.40 0;SIMPLE_INSTRUMENT;BLOCK;EUR;10;0.71000000;900;PRC_DECOMP_EXCHANGE;;;;XEUR;4630459;500;EXCHANGE
04.11.2024;13:54:16.399;ENL5 SI 20241219 PS AM P 5.60 0;SIMPLE_INSTRUMENT;BLOCK;EUR;10;0.02000000;900;PRC_DECOMP_EXCHANGE;;;;XEUR;4630458;500;EXCHANGE
04.11.2024;10:16:02.152;ENR SI 20241115 PS AM P 38.00 0;SIMPLE_INSTRUMENT;BLOCK;EUR;3;1.80000000;1000;EXCHANGE_LAST;;1;1;XEUR;11859557;298530;
04.11.2024;15:43:00.373;EOA SI 20250620 PS AM C 12.00 0;SIMPLE_INSTRUMENT;BLOCK;EUR;26;1.07000000;5000;EXCHANGE_LAST;;1;1;XEUR;7922839;49065;
04.11.2024;09:38:34.096;ESL.O.241104.STG.000002;STANDARD_OPTION_STRATEGY;BLOCK;EUR;1;16.25000000;300;EXCHANGE_LAST;;1;1;XEUR;72059659917205251;481;
04.11.2024;09:38:34.096;ESL SI 20250321 PS AM P 220.00 0;SIMPLE_INSTRUMENT;BLOCK;EUR;1;10.60000000;300;PRC_DECOMP_MEMBER;;;;XEUR;10838338;481;MEMBER
04.11.2024;09:38:34.096;ESL SI 20250321 PS AM C 240.00 0;SIMPLE_INSTRUMENT;BLOCK;EUR;1;5.65000000;300;PRC_DECOMP_MEMBER;;;;XEUR;10838334;481;MEMBER
04.11.2024;09:18:06.770;FBTP SI 20241206 PS;SIMPLE_INSTRUMENT;EFP_FIN;EUR;1;119.36000000;120;EXCHANGE_LAST;;1;1;XEUR;10804520;636;
04.11.2024;11:31:56.813;FBTP SI 20241206 PS;SIMPLE_INSTRUMENT;EFP_FIN;EUR;2;119.41000000;134;EXCHANGE_LAST;;1;1;XEUR;10804520;636;
04.11.2024;11:35:02.254;FBTP SI 20241206 PS;SIMPLE_INSTRUMENT;EFP_FIN;EUR;3;119.41000000;534;EXCHANGE_LAST;;1;1;XEUR;10804520;636;
04.11.2024;12:04:15.449;FBTP SI 20241206 PS;SIMPLE_INSTRUMENT;EFP_FIN;EUR;4;119.47000000;204;EXCHANGE_LAST;;1;1;XEUR;10804520;636;
04.11.2024;12:13:04.150;FBTP SI 20241206 PS;SIMPLE_INSTRUMENT;EFP_FIN;EUR;5;119.50000000;114;EXCHANGE_LAST;;1;1;XEUR;10804520;636;
04.11.2024;12:44:03.651;FBTP SI 20241206 PS;SIMPLE_INSTRUMENT;EFP_FIN;EUR;6;119.53000000;293;EXCHANGE_LAST;;1;1;XEUR;10804520;636;
04.11.2024;12:56:53.060;FBTP SI 20241206 PS;SIMPLE_INSTRUMENT;EFP_FIN;EUR;7;119.49000000;81;EXCHANGE_LAST;;1;1;XEUR;10804520;636;
04.11.2024;13:55:21.031;FBTP SI 20241206 PS;SIMPLE_INSTRUMENT;EFP_FIN;EUR;8;119.49000000;226;EXCHANGE_LAST;;1;1;XEUR;10804520;636;
04.11.2024;13:57:08.494;FBTP SI 20241206 PS;SIMPLE_INSTRUMENT;EFP_FIN;EUR;9;119.46000000;226;EXCHANGE_LAST;;1;1;XEUR;10804520;636;
04.11.2024;14:03:52.360;FBTP SI 20241206 PS;SIMPLE_INSTRUMENT;EFP_FIN;EUR;10;119.46000000;76;EXCHANGE_LAST;;1;1;XEUR;10804520;636;
04.11.2024;14:01:23.507;FBTP SI 20241206 PS;SIMPLE_INSTRUMENT;EFP_FIN;EUR;11;119.50000000;340;EXCHANGE_LAST;;1;1;XEUR;10804520;636;
04.11.2024;14:26:48.482;FBTP SI 20241206 PS;SIMPLE_INSTRUMENT;EFP_FIN;EUR;12;119.51000000;214;EXCHANGE_LAST;;1;1;XEUR;10804520;636;
04.11.2024;15:28:02.853;FBTP SI 20241206 PS;SIMPLE_INSTRUMENT;EFP_FIN;EUR;13;119.57000000;326;EXCHANGE_LAST;;1;1;XEUR;10804520;636;
04.11.2024;15:45:34.990;FBTP SI 20241206 PS;SIMPLE_INSTRUMENT;EFP_FIN;EUR;14;119.57000000;101;EXCHANGE_LAST;;1;1;XEUR;10804520;636;
04.11.2024;16:26:21.931;FBTP SI 20241206 PS;SIMPLE_INSTRUMENT;EFP_FIN;EUR;15;119.51000000;284;EXCHANGE_LAST;;1;1;XEUR;10804520;636;
04.11.2024;16:30:27.919;FBTP SI 20241206 PS;SIMPLE_INSTRUMENT;EFP_FIN;EUR;16;119.43000000;65;EXCHANGE_LAST;;1;1;XEUR;10804520;636;
04.11.2024;09:12:43.532;FBTS SI 20241206 PS;SIMPLE_INSTRUMENT;EFP_FIN;EUR;4;106.88000000;977;EXCHANGE_LAST;;1;1;XEUR;10804522;639;
04.11.2024;10:27:40.249;FBTS SI 20241206 PS;SIMPLE_INSTRUMENT;EFP_FIN;EUR;9;106.88000000;724;EXCHANGE_LAST;;1;1;XEUR;10804522;639;
04.11.2024;10:28:19.522;FBTS SI 20241206 PS;SIMPLE_INSTRUMENT;EFP_FIN;EUR;10;106.86000000;290;EXCHANGE_LAST;;1;1;XEUR;10804522;639;
04.11.2024;10:40:48.436;FBTS SI 20241206 PS;SIMPLE_INSTRUMENT;EFP_FIN;EUR;13;106.87000000;624;EXCHANGE_LAST;;1;1;XEUR;10804522;639;
04.11.2024;11:28:52.976;FBTS SI 20241206 PS;SIMPLE_INSTRUMENT;EFP_FIN;EUR;18;106.88000000;342;EXCHANGE_LAST;;1;1;XEUR;10804522;639;
04.11.2024;12:32:22.894;FBTS SI 20241206 PS;SIMPLE_INSTRUMENT;EFS;EUR;23;106.91000000;3080;EXCHANGE_LAST;;1;1;XEUR;10804522;639;
04.11.2024;13:52:04.347;FBTS SI 20241206 PS;SIMPLE_INSTRUMENT;EFP_FIN;EUR;30;106.88000000;588;EXCHANGE_LAST;;1;1;XEUR;10804522;639;
04.11.2024;16:52:51.691;FBTS SI 20241206 PS;SIMPLE_INSTRUMENT;EFP_FIN;EUR;35;106.88000000;372;EXCHANGE_LAST;;1;1;XEUR;10804522;639;
04.11.2024;15:24:51.745;FCBU SI 20241203 CS;SIMPLE_INSTRUMENT;BLOCK;USD;2;0.17235000;400;EXCHANGE_LAST;;1;1;XEUR;10350809;570870;
04.11.2024;15:07:06.178;FCEU SI 20241216 PS;SIMPLE_INSTRUMENT;BLOCK;USD;1;1.09150000;1300;EXCHANGE_LAST;;1;1;XEUR;7140363;369376;
04.11.2024;16:14:21.389;FCEU SI 20241216 PS;SIMPLE_INSTRUMENT;BLOCK;USD;3;1.09168000;9;EXCHANGE_LAST;;1;1;XEUR;7140363;369376;
04.11.2024;16:29:50.797;FD3D SI 20251219 CS;SIMPLE_INSTRUMENT;BLOCK;EUR;31;107.90000000;150;EXCHANGE_LAST;;1;1;XEUR;5914068;588;
04.11.2024;16:50:43.410;FDAX SI 20241220 CS;SIMPLE_INSTRUMENT;EFP_IDX;EUR;1;19236.00000000;65;EXCHANGE_LAST;;1;1;XEUR;7296065;589;
04.11.2024;16:52:41.024;FDAX SI 20241220 CS;SIMPLE_INSTRUMENT;EFP_IDX;EUR;2;19237.00000000;35;EXCHANGE_LAST;;1;1;XEUR;7296065;589;
04.11.2024;09:31:06.190;FDAX SI 20241220 CS;SIMPLE_INSTRUMENT;VOLA;EUR;671088644;19310.00000000;73;EXCHANGE_LAST;;1;1;XEUR;7296065;589;
04.11.2024;08:55:33.769;FEBD SI 20251219 CS;SIMPLE_INSTRUMENT;BLOCK;EUR;4;10.08000000;1000;EXCHANGE_LAST;;1;1;XEUR;5914075;597;
04.11.2024;08:55:22.842;FEBD SI 20251219 CS;SIMPLE_INSTRUMENT;BLOCK;EUR;5;10.09000000;1000;EXCHANGE_LAST;;1;1;XEUR;5914075;597;
04.11.2024;10:56:54.024;FEBD SI 20251219 CS;SIMPLE_INSTRUMENT;BLOCK;EUR;14;10.11000000;1500;EXCHANGE_LAST;;1;1;XEUR;5914075;597;
04.11.2024;10:59:11.029;FEBD SI 20251219 CS;SIMPLE_INSTRUMENT;BLOCK;EUR;15;10.10000000;1139;EXCHANGE_LAST;;1;1;XEUR;5914075;597;
04.11.2024;13:37:47.121;FEBD SI 20251219 CS;SIMPLE_INSTRUMENT;BLOCK;EUR;20;10.09000000;2000;EXCHANGE_LAST;;1;1;XEUR;5914075;597;
04.11.2024;16:16:04.338;FES1 SI 20241220 PS;SIMPLE_INSTRUMENT;BLOCK;EUR;30;13.80000000;300;EXCHANGE_LAST;;1;1;XEUR;10869579;58959;
04.11.2024;10:21:26.598;FESB SI 20241220 CS;SIMPLE_INSTRUMENT;BLOCK;EUR;29;148.45000000;2425;EXCHANGE_LAST;;1;1;XEUR;10838895;605;
04.11.2024;15:12:34.164;FESB SI 20241220 CS;SIMPLE_INSTRUMENT;BLOCK;EUR;30;148.60000000;2760;EXCHANGE_LAST;;1;1;XEUR;10838895;605;
04.11.2024;10:13:50.818;FESB SI 20241220 CS;SIMPLE_INSTRUMENT;VOLA;EUR;603979793;147.20000000;240;EXCHANGE_LAST;;1;1;XEUR;10838895;605;
04.11.2024;09:05:41.279;FESX SI 20241220 CS;SIMPLE_INSTRUMENT;BLOCK;EUR;1;4886.00000000;3000;EXCHANGE_LAST;;1;1;XEUR;7793479;675;
04.11.2024;09:47:27.982;FESX SI 20241220 CS;SIMPLE_INSTRUMENT;BLOCK;EUR;3;4895.00000000;2066;EXCHANGE_LAST;;1;1;XEUR;7793479;675;
04.11.2024;10:18:18.533;FESX SI 20241220 CS;SIMPLE_INSTRUMENT;BLOCK;EUR;4;4905.00000000;10000;EXCHANGE_LAST;;1;1;XEUR;7793479;675;
04.11.2024;12:21:08.630;FESX SI 20241220 CS;SIMPLE_INSTRUMENT;BLOCK;EUR;5;4900.00000000;3000;EXCHANGE_LAST;;1;1;XEUR;7793479;675;
04.11.2024;13:22:44.086;FESX SI 20241220 CS;SIMPLE_INSTRUMENT;BLOCK;EUR;8;4900.00000000;6000;EXCHANGE_LAST;;1;1;XEUR;7793479;675;
04.11.2024;16:06:44.611;FESX SI 20241220 CS;SIMPLE_INSTRUMENT;BLOCK;EUR;10;4876.00000000;9000;EXCHANGE_LAST;;1;1;XEUR;7793479;675;
04.11.2024;16:51:00.156;FESX SI 20241220 CS;SIMPLE_INSTRUMENT;EFP_IDX;EUR;11;4865.00000000;400;EXCHANGE_LAST;;1;1;XEUR;7793479;675;
04.11.2024;16:51:16.071;FESX SI 20241220 CS;SIMPLE_INSTRUMENT;EFP_IDX;EUR;12;4866.00000000;600;EXCHANGE_LAST;;1;1;XEUR;7793479;675;
04.11.2024;16:54:49.340;FESX SI 20241220 CS;SIMPLE_INSTRUMENT;EFP_IDX;EUR;13;4865.00000000;560;EXCHANGE_LAST;;1;1;XEUR;7793479;675;
04.11.2024;16:54:49.340;FESX SI 20241220 CS;SIMPLE_INSTRUMENT;EFP_IDX;EUR;14;4866.00000000;840;EXCHANGE_LAST;;1;1;XEUR;7793479;675;
04.11.2024;08:32:24.821;FESX SI 20241220 CS;SIMPLE_INSTRUMENT;VOLA;EUR;637534210;4889.00000000;252;EXCHANGE_LAST;;1;1;XEUR;7793479;675;
04.11.2024;09:23:26.270;FESX SI 20241220 CS;SIMPLE_INSTRUMENT;VOLA;EUR;637534215;4892.00000000;400;EXCHANGE_LAST;;1;1;XEUR;7793479;675;
04.11.2024;09:23:32.609;FESX SI 20241220 CS;SIMPLE_INSTRUMENT;VOLA;EUR;637534216;4892.00000000;75;EXCHANGE_LAST;;1;1;XEUR;7793479;675;
04.11.2024;09:40:22.319;FESX SI 20241220 CS;SIMPLE_INSTRUMENT;VOLA;EUR;637534218;4893.00000000;585;EXCHANGE_LAST;;1;1;XEUR;7793479;675;
04.11.2024;10:19:35.361;FESX SI 20241220 CS;SIMPLE_INSTRUMENT;VOLA;EUR;637534226;4905.00000000;75;EXCHANGE_LAST;;1;1;XEUR;7793479;675;
04.11.2024;10:19:26.453;FESX SI 20241220 CS;SIMPLE_INSTRUMENT;VOLA;EUR;637534227;4905.00000000;75;EXCHANGE_LAST;;1;1;XEUR;7793479;675;
04.11.2024;13:08:01.567;FESX SI 20241220 CS;SIMPLE_INSTRUMENT;VOLA;EUR;637534246;4895.00000000;400;EXCHANGE_LAST;;1;1;XEUR;7793479;675;
04.11.2024;14:19:26.827;FESX SI 20241220 CS;SIMPLE_INSTRUMENT;VOLA;EUR;637534272;4881.00000000;160;EXCHANGE_LAST;;1;1;XEUR;7793479;675;
04.11.2024;15:06:23.913;FESX SI 20241220 CS;SIMPLE_INSTRUMENT;VOLA;EUR;637534292;4890.00000000;272;EXCHANGE_LAST;;1;1;XEUR;7793479;675;
04.11.2024;15:15:17.340;FESX SI 20241220 CS;SIMPLE_INSTRUMENT;VOLA;EUR;637534295;4890.00000000;100;EXCHANGE_LAST;;1;1;XEUR;7793479;675;
04.11.2024;15:23:10.828;FESX SI 20241220 CS;SIMPLE_INSTRUMENT;VOLA;EUR;637534297;4875.00000000;79;EXCHANGE_LAST;;1;1;XEUR;7793479;675;
04.11.2024;15:37:48.301;FESX SI 20241220 CS;SIMPLE_INSTRUMENT;VOLA;EUR;637534305;4880.00000000;2490;EXCHANGE_LAST;;1;1;XEUR;7793479;675;
04.11.2024;16:40:15.212;FESX SI 20241220 CS;SIMPLE_INSTRUMENT;VOLA;EUR;637534321;4872.00000000;400;EXCHANGE_LAST;;1;1;XEUR;7793479;675;
04.11.2024;16:41:39.279;FESX SI 20241220 CS;SIMPLE_INSTRUMENT;VOLA;EUR;637534322;4872.00000000;200;EXCHANGE_LAST;;1;1;XEUR;7793479;675;
04.11.2024;10:02:45.772;FESY SI 20241220 CS;SIMPLE_INSTRUMENT;VOLA;EUR;603979790;989.90000000;10;EXCHANGE_LAST;;1;1;XEUR;10839149;674;
04.11.2024;12:07:37.000;FEU3 SI 20241216 CS;SIMPLE_INSTRUMENT;BLOCK;EUR;23;97.15500000;120;EXCHANGE_LAST;;1;1;XEUR;3672245;702;
04.11.2024;12:08:04.952;FEU3 SI 20250317 CS;SIMPLE_INSTRUMENT;BLOCK;EUR;24;97.66000000;210;EXCHANGE_LAST;;1;1;XEUR;3931818;702;
04.11.2024;12:10:42.480;FEU3 SI 20250616 CS;SIMPLE_INSTRUMENT;BLOCK;EUR;25;97.88500000;100;EXCHANGE_LAST;;1;1;XEUR;4148223;702;
04.11.2024;12:11:17.456;FEU3 SI 20250915 CS;SIMPLE_INSTRUMENT;BLOCK;EUR;26;97.95500000;342;EXCHANGE_LAST;;1;1;XEUR;4396833;702;
04.11.2024;12:12:03.368;FEU3 SI 20251215 CS;SIMPLE_INSTRUMENT;BLOCK;EUR;28;97.95500000;2491;EXCHANGE_LAST;;1;1;XEUR;4624157;702;
04.11.2024;12:13:11.956;FEU3 SI 20260316 CS;SIMPLE_INSTRUMENT;BLOCK;EUR;29;97.92500000;595;EXCHANGE_LAST;;1;1;XEUR;4993987;702;
04.11.2024;12:14:19.649;FEU3 SI 20260615 CS;SIMPLE_INSTRUMENT;BLOCK;EUR;30;97.88500000;5577;EXCHANGE_LAST;;1;1;XEUR;5330262;702;
04.11.2024;12:15:27.898;FEU3 SI 20260914 CS;SIMPLE_INSTRUMENT;BLOCK;EUR;32;97.84500000;4043;EXCHANGE_LAST;;1;1;XEUR;5587984;702;
04.11.2024;12:16:34.410;FEU3 SI 20261214 CS;SIMPLE_INSTRUMENT;BLOCK;EUR;33;97.83500000;1050;EXCHANGE_LAST;;1;1;XEUR;5904411;702;
04.11.2024;12:18:27.097;FEU3 SI 20270315 CS;SIMPLE_INSTRUMENT;BLOCK;EUR;34;97.78500000;224;EXCHANGE_LAST;;1;1;XEUR;6200673;702;
04.11.2024;12:19:28.618;FEU3 SI 20270614 CS;SIMPLE_INSTRUMENT;BLOCK;EUR;35;97.76500000;280;EXCHANGE_LAST;;1;1;XEUR;6498499;702;
04.11.2024;08:53:11.211;FEXD.S.DEC26.DEC27.SPD;FUTURES_SPREAD;BLOCK;EUR;1;5.70000000;113;EXCHANGE_LAST;;1;1;XEUR;72060570450264153;693;
04.11.2024;08:53:11.211;FEXD SI 20261218 CS;SIMPLE_INSTRUMENT;BLOCK;EUR;1;153.50000000;113;PRC_DECOMP_MEMBER;;;;XEUR;2163053;693;MEMBER
04.11.2024;08:53:11.211;FEXD SI 20271217 CS;SIMPLE_INSTRUMENT;BLOCK;EUR;1;147.80000000;113;PRC_DECOMP_MEMBER;;;;XEUR;2848338;693;MEMBER
04.11.2024;08:53:19.001;FEXD.S.DEC26.DEC27.SPD;FUTURES_SPREAD;BLOCK;EUR;2;5.60000000;112;EXCHANGE_LAST;;1;1;XEUR;72060570450264153;693;
04.11.2024;08:53:19.001;FEXD SI 20271217 CS;SIMPLE_INSTRUMENT;BLOCK;EUR;2;147.90000000;112;PRC_DECOMP_MEMBER;;;;XEUR;2848338;693;MEMBER
04.11.2024;08:53:19.001;FEXD SI 20261218 CS;SIMPLE_INSTRUMENT;BLOCK;EUR;2;153.50000000;112;PRC_DECOMP_MEMBER;;;;XEUR;2163053;693;MEMBER
04.11.2024;08:53:38.712;FEXD.S.DEC27.DEC28.SPD;FUTURES_SPREAD;BLOCK;EUR;3;5.30000000;100;EXCHANGE_LAST;;1;1;XEUR;72060570450264162;693;
04.11.2024;08:53:38.712;FEXD SI 20271217 CS;SIMPLE_INSTRUMENT;BLOCK;EUR;3;148.00000000;100;PRC_DECOMP_EXCHANGE;;;;XEUR;2848338;693;EXCHANGE
04.11.2024;08:53:38.712;FEXD SI 20281215 CS;SIMPLE_INSTRUMENT;BLOCK;EUR;3;142.70000000;100;PRC_DECOMP_EXCHANGE;;;;XEUR;3680985;693;EXCHANGE
04.11.2024;08:55:47.974;FEXD SI 20251219 CS;SIMPLE_INSTRUMENT;BLOCK;EUR;6;158.70000000;375;EXCHANGE_LAST;;1;1;XEUR;1548120;693;
04.11.2024;08:55:40.689;FEXD SI 20251219 CS;SIMPLE_INSTRUMENT;BLOCK;EUR;7;158.80000000;375;EXCHANGE_LAST;;1;1;XEUR;1548120;693;
04.11.2024;09:23:23.929;FEXD SI 20251219 CS;SIMPLE_INSTRUMENT;BLOCK;EUR;8;158.70000000;159;EXCHANGE_LAST;;1;1;XEUR;1548120;693;
04.11.2024;09:23:31.413;FEXD SI 20251219 CS;SIMPLE_INSTRUMENT;BLOCK;EUR;9;158.80000000;159;EXCHANGE_LAST;;1;1;XEUR;1548120;693;
04.11.2024;11:40:03.767;FEXD SI 20251219 CS;SIMPLE_INSTRUMENT;BLOCK;EUR;16;158.70000000;150;EXCHANGE_LAST;;1;1;XEUR;1548120;693;
04.11.2024;11:40:23.956;FEXD SI 20251219 CS;SIMPLE_INSTRUMENT;BLOCK;EUR;17;158.80000000;150;EXCHANGE_LAST;;1;1;XEUR;1548120;693;
04.11.2024;12:32:33.395;FEXD.S.DEC25.DEC26.SPD;FUTURES_SPREAD;BLOCK;EUR;18;4.70000000;600;EXCHANGE_LAST;;1;1;XEUR;72060570450264144;693;
04.11.2024;12:32:33.395;FEXD SI 20261218 CS;SIMPLE_INSTRUMENT;BLOCK;EUR;18;153.80000000;600;PRC_DECOMP_EXCHANGE;;;;XEUR;2163053;693;EXCHANGE
04.11.2024;12:32:33.395;FEXD SI 20251219 CS;SIMPLE_INSTRUMENT;BLOCK;EUR;18;158.50000000;600;PRC_DECOMP_EXCHANGE;;;;XEUR;1548120;693;EXCHANGE
04.11.2024;12:57:38.749;FEXD.S.DEC26.DEC28.SPD;FUTURES_SPREAD;BLOCK;EUR;19;11.20000000;500;EXCHANGE_LAST;;1;1;XEUR;72060570450264161;693;
04.11.2024;12:57:38.749;FEXD SI 20281215 CS;SIMPLE_INSTRUMENT;BLOCK;EUR;19;142.70000000;500;PRC_DECOMP_MEMBER;;;;XEUR;3680985;693;MEMBER
04.11.2024;12:57:38.749;FEXD SI 20261218 CS;SIMPLE_INSTRUMENT;BLOCK;EUR;19;153.90000000;500;PRC_DECOMP_MEMBER;;;;XEUR;2163053;693;MEMBER
04.11.2024;15:39:29.229;FEXD SI 20261218 CS;SIMPLE_INSTRUMENT;BLOCK;EUR;26;153.50000000;503;EXCHANGE_LAST;;1;1;XEUR;2163053;693;
04.11.2024;08:25:25.186;FGBL SI 20241206 PS;SIMPLE_INSTRUMENT;EFS;EUR;1;131.41000000;216;EXCHANGE_LAST;;1;1;XEUR;10804524;688;
04.11.2024;08:25:35.911;FGBL SI 20241206 PS;SIMPLE_INSTRUMENT;EFS;EUR;2;131.41000000;216;EXCHANGE_LAST;;1;1;XEUR;10804524;688;
04.11.2024;08:34:28.588;FGBL SI 20241206 PS;SIMPLE_INSTRUMENT;EFS;EUR;3;131.52000000;432;EXCHANGE_LAST;;1;1;XEUR;10804524;688;
04.11.2024;09:19:46.471;FGBL SI 20241206 PS;SIMPLE_INSTRUMENT;EFS;EUR;4;131.48000000;195;EXCHANGE_LAST;;1;1;XEUR;10804524;688;
04.11.2024;09:24:48.781;FGBL SI 20241206 PS;SIMPLE_INSTRUMENT;EFS;EUR;5;131.43000000;433;EXCHANGE_LAST;;1;1;XEUR;10804524;688;
04.11.2024;09:25:03.800;FGBL SI 20241206 PS;SIMPLE_INSTRUMENT;EFS;EUR;6;131.43000000;433;EXCHANGE_LAST;;1;1;XEUR;10804524;688;
04.11.2024;09:26:57.976;FGBL SI 20241206 PS;SIMPLE_INSTRUMENT;EFS;EUR;7;131.49000000;216;EXCHANGE_LAST;;1;1;XEUR;10804524;688;
04.11.2024;09:27:08.451;FGBL SI 20241206 PS;SIMPLE_INSTRUMENT;EFS;EUR;8;131.50000000;225;EXCHANGE_LAST;;1;1;XEUR;10804524;688;
04.11.2024;09:29:26.929;FGBL SI 20241206 PS;SIMPLE_INSTRUMENT;EFS;EUR;9;131.47000000;216;EXCHANGE_LAST;;1;1;XEUR;10804524;688;
04.11.2024;09:29:41.156;FGBL SI 20241206 PS;SIMPLE_INSTRUMENT;EFS;EUR;10;131.49000000;247;EXCHANGE_LAST;;1;1;XEUR;10804524;688;
04.11.2024;09:39:04.514;FGBL SI 20241206 PS;SIMPLE_INSTRUMENT;EFS;EUR;11;131.43000000;433;EXCHANGE_LAST;;1;1;XEUR;10804524;688;
04.11.2024;09:40:22.777;FGBL SI 20241206 PS;SIMPLE_INSTRUMENT;EFS;EUR;12;131.49000000;740;EXCHANGE_LAST;;1;1;XEUR;10804524;688;
04.11.2024;09:47:37.540;FGBL SI 20241206 PS;SIMPLE_INSTRUMENT;EFS;EUR;13;131.44000000;810;EXCHANGE_LAST;;1;1;XEUR;10804524;688;
04.11.2024;09:54:06.125;FGBL SI 20241206 PS;SIMPLE_INSTRUMENT;EFS;EUR;14;131.52000000;433;EXCHANGE_LAST;;1;1;XEUR;10804524;688;
04.11.2024;10:02:23.518;FGBL SI 20241206 PS;SIMPLE_INSTRUMENT;EFP_FIN;EUR;15;131.46000000;182;EXCHANGE_LAST;;1;1;XEUR;10804524;688;
04.11.2024;09:57:04.638;FGBL SI 20241206 PS;SIMPLE_INSTRUMENT;EFS;EUR;16;131.48000000;432;EXCHANGE_LAST;;1;1;XEUR;10804524;688;
04.11.2024;09:58:06.433;FGBL SI 20241206 PS;SIMPLE_INSTRUMENT;EFS;EUR;17;131.48000000;432;EXCHANGE_LAST;;1;1;XEUR;10804524;688;
04.11.2024;09:59:36.339;FGBL SI 20241206 PS;SIMPLE_INSTRUMENT;EFS;EUR;18;131.49000000;433;EXCHANGE_LAST;;1;1;XEUR;10804524;688;
04.11.2024;10:00:36.379;FGBL SI 20241206 PS;SIMPLE_INSTRUMENT;EFS;EUR;19;131.47000000;386;EXCHANGE_LAST;;1;1;XEUR;10804524;688;
04.11.2024;10:05:35.189;FGBL SI 20241206 PS;SIMPLE_INSTRUMENT;EFP_FIN;EUR;20;131.50000000;607;EXCHANGE_LAST;;1;1;XEUR;10804524;688;
04.11.2024;10:10:47.187;FGBL SI 20241206 PS;SIMPLE_INSTRUMENT;EFP_FIN;EUR;21;131.50000000;83;EXCHANGE_LAST;;1;1;XEUR;10804524;688;
04.11.2024;10:12:39.619;FGBL SI 20241206 PS;SIMPLE_INSTRUMENT;EFP_FIN;EUR;22;131.42000000;783;EXCHANGE_LAST;;1;1;XEUR;10804524;688;
04.11.2024;10:15:07.780;FGBL SI 20241206 PS;SIMPLE_INSTRUMENT;EFP_FIN;EUR;23;131.35000000;1621;EXCHANGE_LAST;;1;1;XEUR;10804524;688;
04.11.2024;10:16:59.043;FGBL SI 20241206 PS;SIMPLE_INSTRUMENT;EFS;EUR;24;131.30000000;434;EXCHANGE_LAST;;1;1;XEUR;10804524;688;
04.11.2024;10:17:27.571;FGBL SI 20241206 PS;SIMPLE_INSTRUMENT;EFS;EUR;25;131.35000000;433;EXCHANGE_LAST;;1;1;XEUR;10804524;688;
04.11.2024;10:17:39.075;FGBL SI 20241206 PS;SIMPLE_INSTRUMENT;EFS;EUR;26;131.30000000;434;EXCHANGE_LAST;;1;1;XEUR;10804524;688;
04.11.2024;10:17:44.081;FGBL SI 20241206 PS;SIMPLE_INSTRUMENT;EFS;EUR;27;131.27000000;434;EXCHANGE_LAST;;1;1;XEUR;10804524;688;
04.11.2024;10:19:49.179;FGBL SI 20241206 PS;SIMPLE_INSTRUMENT;EFS;EUR;28;131.32000000;434;EXCHANGE_LAST;;1;1;XEUR;10804524;688;
04.11.2024;10:24:24.362;FGBL SI 20241206 PS;SIMPLE_INSTRUMENT;EFS;EUR;29;131.31000000;434;EXCHANGE_LAST;;1;1;XEUR;10804524;688;
04.11.2024;10:26:18.244;FGBL SI 20241206 PS;SIMPLE_INSTRUMENT;EFS;EUR;30;131.30000000;905;EXCHANGE_LAST;;1;1;XEUR;10804524;688;
04.11.2024;10:32:23.075;FGBL SI 20241206 PS;SIMPLE_INSTRUMENT;EFS;EUR;31;131.32000000;227;EXCHANGE_LAST;;1;1;XEUR;10804524;688;
04.11.2024;10:36:39.188;FGBL SI 20241206 PS;SIMPLE_INSTRUMENT;EFS;EUR;32;131.40000000;197;EXCHANGE_LAST;;1;1;XEUR;10804524;688;
04.11.2024;10:38:17.601;FGBL SI 20241206 PS;SIMPLE_INSTRUMENT;EFS;EUR;33;131.42000000;389;EXCHANGE_LAST;;1;1;XEUR;10804524;688;
04.11.2024;10:44:07.299;FGBL SI 20241206 PS;SIMPLE_INSTRUMENT;EFS;EUR;34;131.31000000;1158;EXCHANGE_LAST;;1;1;XEUR;10804524;688;
04.11.2024;10:44:26.136;FGBL SI 20241206 PS;SIMPLE_INSTRUMENT;EFS;EUR;35;131.42000000;173;EXCHANGE_LAST;;1;1;XEUR;10804524;688;
04.11.2024;10:52:12.239;FGBL SI 20241206 PS;SIMPLE_INSTRUMENT;EFS;EUR;36;131.38000000;453;EXCHANGE_LAST;;1;1;XEUR;10804524;688;
04.11.2024;10:55:51.605;FGBL SI 20241206 PS;SIMPLE_INSTRUMENT;EFP_FIN;EUR;37;131.42000000;82;EXCHANGE_LAST;;1;1;XEUR;10804524;688;
04.11.2024;10:58:22.290;FGBL SI 20241206 PS;SIMPLE_INSTRUMENT;EFP_FIN;EUR;38;131.43000000;82;EXCHANGE_LAST;;1;1;XEUR;10804524;688;
04.11.2024;11:03:08.354;FGBL SI 20241206 PS;SIMPLE_INSTRUMENT;EFS;EUR;39;131.48000000;494;EXCHANGE_LAST;;1;1;XEUR;10804524;688;
04.11.2024;11:11:18.913;FGBL SI 20241206 PS;SIMPLE_INSTRUMENT;EFS;EUR;40;131.48000000;678;EXCHANGE_LAST;;1;1;XEUR;10804524;688;
04.11.2024;11:13:51.751;FGBL SI 20241206 PS;SIMPLE_INSTRUMENT;EFS;EUR;41;131.47000000;2000;EXCHANGE_LAST;;1;1;XEUR;10804524;688;
04.11.2024;11:17:48.025;FGBL SI 20241206 PS;SIMPLE_INSTRUMENT;EFP_FIN;EUR;42;131.54000000;99;EXCHANGE_LAST;;1;1;XEUR;10804524;688;
04.11.2024;11:20:08.892;FGBL SI 20241206 PS;SIMPLE_INSTRUMENT;EFS;EUR;43;131.57000000;1910;EXCHANGE_LAST;;1;1;XEUR;10804524;688;
04.11.2024;11:21:53.657;FGBL SI 20241206 PS;SIMPLE_INSTRUMENT;EFS;EUR;44;131.60000000;433;EXCHANGE_LAST;;1;1;XEUR;10804524;688;
04.11.2024;11:23:20.949;FGBL SI 20241206 PS;SIMPLE_INSTRUMENT;EFP_FIN;EUR;45;131.54000000;774;EXCHANGE_LAST;;1;1;XEUR;10804524;688;
04.11.2024;11:25:56.250;FGBL SI 20241206 PS;SIMPLE_INSTRUMENT;EFS;EUR;46;131.50000000;453;EXCHANGE_LAST;;1;1;XEUR;10804524;688;
04.11.2024;11:28:35.403;FGBL SI 20241206 PS;SIMPLE_INSTRUMENT;EFS;EUR;47;131.50000000;985;EXCHANGE_LAST;;1;1;XEUR;10804524;688;
04.11.2024;11:29:04.979;FGBL SI 20241206 PS;SIMPLE_INSTRUMENT;EFS;EUR;48;131.55000000;433;EXCHANGE_LAST;;1;1;XEUR;10804524;688;
04.11.2024;11:29:30.000;FGBL SI 20241206 PS;SIMPLE_INSTRUMENT;EFS;EUR;49;131.54000000;433;EXCHANGE_LAST;;1;1;XEUR;10804524;688;
04.11.2024;11:30:20.037;FGBL SI 20241206 PS;SIMPLE_INSTRUMENT;EFS;EUR;50;131.55000000;260;EXCHANGE_LAST;;1;1;XEUR;10804524;688;
04.11.2024;11:40:10.460;FGBL SI 20241206 PS;SIMPLE_INSTRUMENT;EFS;EUR;51;131.53000000;433;EXCHANGE_LAST;;1;1;XEUR;10804524;688;
04.11.2024;11:40:20.470;FGBL SI 20241206 PS;SIMPLE_INSTRUMENT;EFS;EUR;52;131.52000000;433;EXCHANGE_LAST;;1;1;XEUR;10804524;688;
04.11.2024;11:45:53.209;FGBL SI 20241206 PS;SIMPLE_INSTRUMENT;EFS;EUR;53;131.55000000;905;EXCHANGE_LAST;;1;1;XEUR;10804524;688;
04.11.2024;11:49:32.475;FGBL SI 20241206 PS;SIMPLE_INSTRUMENT;EFS;EUR;54;131.55000000;1600;EXCHANGE_LAST;;1;1;XEUR;10804524;688;
04.11.2024;11:48:41.796;FGBL SI 20241206 PS;SIMPLE_INSTRUMENT;EFS;EUR;55;131.56000000;433;EXCHANGE_LAST;;1;1;XEUR;10804524;688;
04.11.2024;11:51:16.903;FGBL SI 20241206 PS;SIMPLE_INSTRUMENT;EFS;EUR;56;131.60000000;432;EXCHANGE_LAST;;1;1;XEUR;10804524;688;
04.11.2024;11:51:57.927;FGBL SI 20241206 PS;SIMPLE_INSTRUMENT;EFS;EUR;57;131.59000000;432;EXCHANGE_LAST;;1;1;XEUR;10804524;688;
04.11.2024;11:53:51.531;FGBL SI 20241206 PS;SIMPLE_INSTRUMENT;EFP_FIN;EUR;58;131.60000000;421;EXCHANGE_LAST;;1;1;XEUR;10804524;688;
04.11.2024;11:57:18.204;FGBL SI 20241206 PS;SIMPLE_INSTRUMENT;EFS;EUR;59;131.60000000;216;EXCHANGE_LAST;;1;1;XEUR;10804524;688;
04.11.2024;12:03:18.917;FGBL SI 20241206 PS;SIMPLE_INSTRUMENT;EFS;EUR;60;131.65000000;199;EXCHANGE_LAST;;1;1;XEUR;10804524;688;
04.11.2024;12:21:20.332;FGBL SI 20241206 PS;SIMPLE_INSTRUMENT;EFS;EUR;61;131.60000000;181;EXCHANGE_LAST;;1;1;XEUR;10804524;688;
04.11.2024;12:21:30.247;FGBL SI 20241206 PS;SIMPLE_INSTRUMENT;EFS;EUR;62;131.66000000;433;EXCHANGE_LAST;;1;1;XEUR;10804524;688;
04.11.2024;12:25:10.399;FGBL SI 20241206 PS;SIMPLE_INSTRUMENT;EFS;EUR;63;131.64000000;865;EXCHANGE_LAST;;1;1;XEUR;10804524;688;
04.11.2024;12:28:30.541;FGBL SI 20241206 PS;SIMPLE_INSTRUMENT;EFS;EUR;64;131.63000000;386;EXCHANGE_LAST;;1;1;XEUR;10804524;688;
04.11.2024;12:33:22.577;FGBL SI 20241206 PS;SIMPLE_INSTRUMENT;BLOCK;EUR;65;131.64000000;5000;EXCHANGE_LAST;;1;1;XEUR;10804524;688;
04.11.2024;12:34:43.690;FGBL SI 20241206 PS;SIMPLE_INSTRUMENT;EFS;EUR;66;131.65000000;740;EXCHANGE_LAST;;1;1;XEUR;10804524;688;
04.11.2024;12:34:52.358;FGBL SI 20241206 PS;SIMPLE_INSTRUMENT;EFS;EUR;67;131.65000000;455;EXCHANGE_LAST;;1;1;XEUR;10804524;688;
04.11.2024;12:54:40.760;FGBL SI 20241206 PS;SIMPLE_INSTRUMENT;EFS;EUR;68;131.59000000;500;EXCHANGE_LAST;;1;1;XEUR;10804524;688;
04.11.2024;12:56:31.405;FGBL SI 20241206 PS;SIMPLE_INSTRUMENT;EFS;EUR;69;131.65000000;985;EXCHANGE_LAST;;1;1;XEUR;10804524;688;
04.11.2024;12:57:42.849;FGBL SI 20241206 PS;SIMPLE_INSTRUMENT;EFS;EUR;70;131.65000000;985;EXCHANGE_LAST;;1;1;XEUR;10804524;688;
04.11.2024;12:57:52.236;FGBL SI 20241206 PS;SIMPLE_INSTRUMENT;EFS;EUR;71;131.59000000;99;EXCHANGE_LAST;;1;1;XEUR;10804524;688;
04.11.2024;13:15:08.496;FGBL SI 20241206 PS;SIMPLE_INSTRUMENT;EFS;EUR;72;131.62000000;432;EXCHANGE_LAST;;1;1;XEUR;10804524;688;
04.11.2024;13:19:18.479;FGBL SI 20241206 PS;SIMPLE_INSTRUMENT;EFS;EUR;73;131.62000000;226;EXCHANGE_LAST;;1;1;XEUR;10804524;688;
04.11.2024;13:20:50.086;FGBL SI 20241206 PS;SIMPLE_INSTRUMENT;EFS;EUR;74;131.65000000;432;EXCHANGE_LAST;;1;1;XEUR;10804524;688;
04.11.2024;13:22:36.329;FGBL SI 20241206 PS;SIMPLE_INSTRUMENT;EFP_FIN;EUR;75;131.68000000;1162;EXCHANGE_LAST;;1;1;XEUR;10804524;688;
04.11.2024;13:30:44.373;FGBL SI 20241206 PS;SIMPLE_INSTRUMENT;EFP_FIN;EUR;76;131.65000000;3098;EXCHANGE_LAST;;1;1;XEUR;10804524;688;
04.11.2024;13:36:07.589;FGBL SI 20241206 PS;SIMPLE_INSTRUMENT;EFS;EUR;77;131.64000000;432;EXCHANGE_LAST;;1;1;XEUR;10804524;688;
04.11.2024;13:39:54.570;FGBL SI 20241206 PS;SIMPLE_INSTRUMENT;EFP_FIN;EUR;78;131.63000000;447;EXCHANGE_LAST;;1;1;XEUR;10804524;688;
04.11.2024;13:40:19.811;FGBL SI 20241206 PS;SIMPLE_INSTRUMENT;EFS;EUR;79;131.67000000;1000;EXCHANGE_LAST;;1;1;XEUR;10804524;688;
04.11.2024;13:40:27.959;FGBL SI 20241206 PS;SIMPLE_INSTRUMENT;EFP_FIN;EUR;80;131.65000000;67;EXCHANGE_LAST;;1;1;XEUR;10804524;688;
04.11.2024;13:49:07.864;FGBL SI 20241206 PS;SIMPLE_INSTRUMENT;EFS;EUR;81;131.69000000;432;EXCHANGE_LAST;;1;1;XEUR;10804524;688;
04.11.2024;13:50:06.547;FGBL SI 20241206 PS;SIMPLE_INSTRUMENT;EFP_FIN;EUR;82;131.64000000;195;EXCHANGE_LAST;;1;1;XEUR;10804524;688;
04.11.2024;13:53:36.192;FGBL SI 20241206 PS;SIMPLE_INSTRUMENT;EFS;EUR;83;131.69000000;432;EXCHANGE_LAST;;1;1;XEUR;10804524;688;
04.11.2024;13:57:13.539;FGBL SI 20241206 PS;SIMPLE_INSTRUMENT;EFS;EUR;84;131.68000000;210;EXCHANGE_LAST;;1;1;XEUR;10804524;688;
04.11.2024;13:58:32.344;FGBL SI 20241206 PS;SIMPLE_INSTRUMENT;EFS;EUR;85;131.63000000;200;EXCHANGE_LAST;;1;1;XEUR;10804524;688;
04.11.2024;13:59:35.267;FGBL SI 20241206 PS;SIMPLE_INSTRUMENT;EFS;EUR;86;131.63000000;2470;EXCHANGE_LAST;;1;1;XEUR;10804524;688;
04.11.2024;13:59:52.279;FGBL SI 20241206 PS;SIMPLE_INSTRUMENT;EFP_FIN;EUR;87;131.62000000;244;EXCHANGE_LAST;;1;1;XEUR;10804524;688;
04.11.2024;14:06:59.270;FGBL SI 20241206 PS;SIMPLE_INSTRUMENT;EFP_FIN;EUR;88;131.64000000;613;EXCHANGE_LAST;;1;1;XEUR;10804524;688;
04.11.2024;14:08:23.378;FGBL SI 20241206 PS;SIMPLE_INSTRUMENT;EFP_FIN;EUR;89;131.63000000;205;EXCHANGE_LAST;;1;1;XEUR;10804524;688;
04.11.2024;14:15:49.347;FGBL SI 20241206 PS;SIMPLE_INSTRUMENT;EFS;EUR;90;131.72000000;216;EXCHANGE_LAST;;1;1;XEUR;10804524;688;
04.11.2024;14:17:04.066;FGBL SI 20241206 PS;SIMPLE_INSTRUMENT;EFS;EUR;91;131.73000000;216;EXCHANGE_LAST;;1;1;XEUR;10804524;688;
04.11.2024;14:17:23.025;FGBL SI 20241206 PS;SIMPLE_INSTRUMENT;EFS;EUR;92;131.72000000;500;EXCHANGE_LAST;;1;1;XEUR;10804524;688;
04.11.2024;14:24:36.155;FGBL SI 20241206 PS;SIMPLE_INSTRUMENT;EFP_FIN;EUR;93;131.72000000;123;EXCHANGE_LAST;;1;1;XEUR;10804524;688;
04.11.2024;14:28:38.121;FGBL SI 20241206 PS;SIMPLE_INSTRUMENT;EFP_FIN;EUR;94;131.72000000;86;EXCHANGE_LAST;;1;1;XEUR;10804524;688;
04.11.2024;14:29:31.638;FGBL SI 20241206 PS;SIMPLE_INSTRUMENT;EFS;EUR;95;131.73000000;519;EXCHANGE_LAST;;1;1;XEUR;10804524;688;
04.11.2024;14:29:41.648;FGBL SI 20241206 PS;SIMPLE_INSTRUMENT;EFS;EUR;96;131.72000000;525;EXCHANGE_LAST;;1;1;XEUR;10804524;688;
04.11.2024;14:31:38.567;FGBL SI 20241206 PS;SIMPLE_INSTRUMENT;EFP_FIN;EUR;97;131.72000000;449;EXCHANGE_LAST;;1;1;XEUR;10804524;688;
04.11.2024;14:41:54.756;FGBL SI 20241206 PS;SIMPLE_INSTRUMENT;EFS;EUR;98;131.66000000;97;EXCHANGE_LAST;;1;1;XEUR;10804524;688;
04.11.2024;14:42:23.197;FGBL SI 20241206 PS;SIMPLE_INSTRUMENT;EFS;EUR;99;131.58000000;433;EXCHANGE_LAST;;1;1;XEUR;10804524;688;
04.11.2024;14:51:59.342;FGBL SI 20241206 PS;SIMPLE_INSTRUMENT;EFS;EUR;100;131.61000000;148;EXCHANGE_LAST;;1;1;XEUR;10804524;688;
04.11.2024;14:53:03.817;FGBL SI 20241206 PS;SIMPLE_INSTRUMENT;EFS;EUR;101;131.73000000;180;EXCHANGE_LAST;;1;1;XEUR;10804524;688;
04.11.2024;14:53:35.621;FGBL SI 20241206 PS;SIMPLE_INSTRUMENT;EFS;EUR;102;131.56000000;723;EXCHANGE_LAST;;1;1;XEUR;10804524;688;
04.11.2024;14:56:31.231;FGBL SI 20241206 PS;SIMPLE_INSTRUMENT;EFS;EUR;103;131.66000000;525;EXCHANGE_LAST;;1;1;XEUR;10804524;688;
04.11.2024;15:03:23.784;FGBL SI 20241206 PS;SIMPLE_INSTRUMENT;EFP_FIN;EUR;104;131.55000000;352;EXCHANGE_LAST;;1;1;XEUR;10804524;688;
04.11.2024;15:06:40.662;FGBL SI 20241206 PS;SIMPLE_INSTRUMENT;EFP_FIN;EUR;105;131.71000000;1063;EXCHANGE_LAST;;1;1;XEUR;10804524;688;
04.11.2024;15:07:35.253;FGBL SI 20241206 PS;SIMPLE_INSTRUMENT;EFS;EUR;106;131.76000000;432;EXCHANGE_LAST;;1;1;XEUR;10804524;688;
04.11.2024;15:13:10.470;FGBL SI 20241206 PS;SIMPLE_INSTRUMENT;EFS;EUR;107;131.80000000;525;EXCHANGE_LAST;;1;1;XEUR;10804524;688;
04.11.2024;15:15:41.634;FGBL SI 20241206 PS;SIMPLE_INSTRUMENT;EFS;EUR;108;131.73000000;216;EXCHANGE_LAST;;1;1;XEUR;10804524;688;
04.11.2024;15:15:42.592;FGBL SI 20241206 PS;SIMPLE_INSTRUMENT;EFS;EUR;109;131.70000000;624;EXCHANGE_LAST;;1;1;XEUR;10804524;688;
04.11.2024;15:18:46.812;FGBL SI 20241206 PS;SIMPLE_INSTRUMENT;EFS;EUR;110;131.73000000;216;EXCHANGE_LAST;;1;1;XEUR;10804524;688;
04.11.2024;15:23:56.310;FGBL SI 20241206 PS;SIMPLE_INSTRUMENT;EFP_FIN;EUR;111;131.80000000;205;EXCHANGE_LAST;;1;1;XEUR;10804524;688;
04.11.2024;15:37:47.469;FGBL SI 20241206 PS;SIMPLE_INSTRUMENT;EFS;EUR;112;131.87000000;432;EXCHANGE_LAST;;1;1;XEUR;10804524;688;
04.11.2024;15:38:57.513;FGBL SI 20241206 PS;SIMPLE_INSTRUMENT;EFS;EUR;113;131.85000000;525;EXCHANGE_LAST;;1;1;XEUR;10804524;688;
04.11.2024;15:39:07.523;FGBL SI 20241206 PS;SIMPLE_INSTRUMENT;EFS;EUR;114;131.84000000;525;EXCHANGE_LAST;;1;1;XEUR;10804524;688;
04.11.2024;15:39:52.128;FGBL SI 20241206 PS;SIMPLE_INSTRUMENT;EFS;EUR;115;131.84000000;1376;EXCHANGE_LAST;;1;1;XEUR;10804524;688;
04.11.2024;15:47:48.892;FGBL SI 20241206 PS;SIMPLE_INSTRUMENT;EFS;EUR;116;131.74000000;432;EXCHANGE_LAST;;1;1;XEUR;10804524;688;
04.11.2024;15:47:50.253;FGBL SI 20241206 PS;SIMPLE_INSTRUMENT;EFS;EUR;117;131.80000000;452;EXCHANGE_LAST;;1;1;XEUR;10804524;688;
04.11.2024;15:47:53.899;FGBL SI 20241206 PS;SIMPLE_INSTRUMENT;EFS;EUR;118;131.75000000;432;EXCHANGE_LAST;;1;1;XEUR;10804524;688;
04.11.2024;15:48:28.937;FGBL SI 20241206 PS;SIMPLE_INSTRUMENT;EFS;EUR;119;131.73000000;432;EXCHANGE_LAST;;1;1;XEUR;10804524;688;
04.11.2024;16:01:31.417;FGBL SI 20241206 PS;SIMPLE_INSTRUMENT;EFS;EUR;120;131.80000000;295;EXCHANGE_LAST;;1;1;XEUR;10804524;688;
04.11.2024;16:03:20.381;FGBL SI 20241206 PS;SIMPLE_INSTRUMENT;EFP_FIN;EUR;121;131.79000000;244;EXCHANGE_LAST;;1;1;XEUR;10804524;688;
04.11.2024;16:05:19.088;FGBL SI 20241206 PS;SIMPLE_INSTRUMENT;EFS;EUR;122;131.63000000;226;EXCHANGE_LAST;;1;1;XEUR;10804524;688;
04.11.2024;16:10:49.595;FGBL SI 20241206 PS;SIMPLE_INSTRUMENT;EFS;EUR;123;131.78000000;737;EXCHANGE_LAST;;1;1;XEUR;10804524;688;
04.11.2024;16:17:28.259;FGBL SI 20241206 PS;SIMPLE_INSTRUMENT;EFP_FIN;EUR;124;131.86000000;1245;EXCHANGE_LAST;;1;1;XEUR;10804524;688;
04.11.2024;16:20:32.482;FGBL SI 20241206 PS;SIMPLE_INSTRUMENT;EFP_FIN;EUR;125;131.80000000;395;EXCHANGE_LAST;;1;1;XEUR;10804524;688;
04.11.2024;16:41:54.594;FGBL SI 20241206 PS;SIMPLE_INSTRUMENT;EFS;EUR;126;131.76000000;400;EXCHANGE_LAST;;1;1;XEUR;10804524;688;
04.11.2024;16:50:39.401;FGBL SI 20241206 PS;SIMPLE_INSTRUMENT;EFS;EUR;127;131.74000000;432;EXCHANGE_LAST;;1;1;XEUR;10804524;688;
04.11.2024;16:50:44.406;FGBL SI 20241206 PS;SIMPLE_INSTRUMENT;EFS;EUR;128;131.74000000;432;EXCHANGE_LAST;;1;1;XEUR;10804524;688;
04.11.2024;17:02:19.212;FGBL SI 20241206 PS;SIMPLE_INSTRUMENT;EFP_FIN;EUR;129;131.80000000;425;EXCHANGE_LAST;;1;1;XEUR;10804524;688;
04.11.2024;17:04:56.367;FGBL SI 20241206 PS;SIMPLE_INSTRUMENT;BLOCK;EUR;130;131.74000000;3000;EXCHANGE_LAST;;1;1;XEUR;10804524;688;
04.11.2024;08:40:30.802;FGBL SI 20241206 PS;SIMPLE_INSTRUMENT;VOLA;EUR;268435464;131.44000000;55;EXCHANGE_LAST;;1;1;XEUR;10804524;688;
04.11.2024;08:40:31.545;FGBL SI 20241206 PS;SIMPLE_INSTRUMENT;VOLA;EUR;268435465;131.44000000;55;EXCHANGE_LAST;;1;1;XEUR;10804524;688;
04.11.2024;12:12:35.848;FGBL SI 20241206 PS;SIMPLE_INSTRUMENT;VOLA;EUR;268435502;131.54000000;50;EXCHANGE_LAST;;1;1;XEUR;10804524;688;
04.11.2024;12:12:56.852;FGBL SI 20241206 PS;SIMPLE_INSTRUMENT;VOLA;EUR;268435503;131.54000000;50;EXCHANGE_LAST;;1;1;XEUR;10804524;688;
04.11.2024;15:16:24.091;FGBL SI 20241206 PS;SIMPLE_INSTRUMENT;VOLA;EUR;268435547;131.65000000;260;EXCHANGE_LAST;;1;1;XEUR;10804524;688;
04.11.2024;15:16:55.103;FGBL SI 20241206 PS;SIMPLE_INSTRUMENT;VOLA;EUR;268435548;131.65000000;260;EXCHANGE_LAST;;1;1;XEUR;10804524;688;
04.11.2024;16:45:05.871;FGBL SI 20241206 PS;SIMPLE_INSTRUMENT;VOLA;EUR;268435554;131.79000000;70;EXCHANGE_LAST;;1;1;XEUR;10804524;688;
04.11.2024;16:56:11.990;FGBL SI 20250306 PS;SIMPLE_INSTRUMENT;VOLA;EUR;268435559;133.29000000;105;EXCHANGE_LAST;;1;1;XEUR;11286679;688;
04.11.2024;16:56:40.995;FGBL SI 20250306 PS;SIMPLE_INSTRUMENT;VOLA;EUR;268435560;133.29000000;105;EXCHANGE_LAST;;1;1;XEUR;11286679;688;
04.11.2024;07:57:09.161;FGBM SI 20241206 PS;SIMPLE_INSTRUMENT;EFS;EUR;1;118.10000000;861;EXCHANGE_LAST;;1;1;XEUR;10804525;689;
04.11.2024;07:58:19.214;FGBM SI 20241206 PS;SIMPLE_INSTRUMENT;EFP_FIN;EUR;2;118.19000000;56;EXCHANGE_LAST;;1;1;XEUR;10804525;689;
04.11.2024;08:26:43.011;FGBM SI 20241206 PS;SIMPLE_INSTRUMENT;EFS;EUR;3;118.02000000;937;EXCHANGE_LAST;;1;1;XEUR;10804525;689;
04.11.2024;08:31:38.711;FGBM SI 20241206 PS;SIMPLE_INSTRUMENT;EFS;EUR;4;118.09000000;861;EXCHANGE_LAST;;1;1;XEUR;10804525;689;
04.11.2024;09:08:05.930;FGBM SI 20241206 PS;SIMPLE_INSTRUMENT;EFP_FIN;EUR;5;118.10000000;602;EXCHANGE_LAST;;1;1;XEUR;10804525;689;
04.11.2024;09:10:21.905;FGBM SI 20241206 PS;SIMPLE_INSTRUMENT;EFS;EUR;6;118.09000000;431;EXCHANGE_LAST;;1;1;XEUR;10804525;689;
04.11.2024;09:29:12.124;FGBM SI 20241206 PS;SIMPLE_INSTRUMENT;EFP_FIN;EUR;7;118.07000000;166;EXCHANGE_LAST;;1;1;XEUR;10804525;689;
04.11.2024;09:31:34.132;FGBM SI 20241206 PS;SIMPLE_INSTRUMENT;EFP_FIN;EUR;8;118.07000000;296;EXCHANGE_LAST;;1;1;XEUR;10804525;689;
04.11.2024;09:30:49.462;FGBM SI 20241206 PS;SIMPLE_INSTRUMENT;EFS;EUR;9;118.05000000;861;EXCHANGE_LAST;;1;1;XEUR;10804525;689;
04.11.2024;09:36:30.702;FGBM SI 20241206 PS;SIMPLE_INSTRUMENT;EFS;EUR;10;118.04000000;861;EXCHANGE_LAST;;1;1;XEUR;10804525;689;
04.11.2024;09:39:05.869;FGBM SI 20241206 PS;SIMPLE_INSTRUMENT;EFS;EUR;11;118.03000000;1312;EXCHANGE_LAST;;1;1;XEUR;10804525;689;
04.11.2024;10:03:06.475;FGBM SI 20241206 PS;SIMPLE_INSTRUMENT;EFS;EUR;12;118.02000000;863;EXCHANGE_LAST;;1;1;XEUR;10804525;689;
04.11.2024;10:10:12.742;FGBM SI 20241206 PS;SIMPLE_INSTRUMENT;EFS;EUR;13;117.98000000;863;EXCHANGE_LAST;;1;1;XEUR;10804525;689;
04.11.2024;10:10:17.747;FGBM SI 20241206 PS;SIMPLE_INSTRUMENT;EFS;EUR;14;117.98000000;863;EXCHANGE_LAST;;1;1;XEUR;10804525;689;
04.11.2024;10:14:40.627;FGBM SI 20241206 PS;SIMPLE_INSTRUMENT;EFS;EUR;15;118.05000000;938;EXCHANGE_LAST;;1;1;XEUR;10804525;689;
04.11.2024;10:16:27.971;FGBM SI 20241206 PS;SIMPLE_INSTRUMENT;EFS;EUR;16;117.95000000;431;EXCHANGE_LAST;;1;1;XEUR;10804525;689;
04.11.2024;10:16:41.416;FGBM SI 20241206 PS;SIMPLE_INSTRUMENT;EFP_FIN;EUR;17;117.99000000;1184;EXCHANGE_LAST;;1;1;XEUR;10804525;689;
04.11.2024;10:18:52.852;FGBM SI 20241206 PS;SIMPLE_INSTRUMENT;EFS;EUR;18;117.97000000;830;EXCHANGE_LAST;;1;1;XEUR;10804525;689;
04.11.2024;10:20:39.593;FGBM SI 20241206 PS;SIMPLE_INSTRUMENT;EFP_FIN;EUR;19;118.07000000;338;EXCHANGE_LAST;;1;1;XEUR;10804525;689;
04.11.2024;10:28:24.946;FGBM SI 20241206 PS;SIMPLE_INSTRUMENT;EFP_FIN;EUR;20;117.95000000;688;EXCHANGE_LAST;;1;1;XEUR;10804525;689;
04.11.2024;10:32:19.081;FGBM SI 20241206 PS;SIMPLE_INSTRUMENT;EFP_FIN;EUR;21;118.07000000;338;EXCHANGE_LAST;;1;1;XEUR;10804525;689;
04.11.2024;10:39:26.820;FGBM SI 20241206 PS;SIMPLE_INSTRUMENT;EFP_FIN;EUR;22;117.99000000;197;EXCHANGE_LAST;;1;1;XEUR;10804525;689;
04.11.2024;10:39:58.161;FGBM SI 20241206 PS;SIMPLE_INSTRUMENT;EFP_FIN;EUR;23;117.98000000;134;EXCHANGE_LAST;;1;1;XEUR;10804525;689;
04.11.2024;10:43:14.789;FGBM SI 20241206 PS;SIMPLE_INSTRUMENT;EFS;EUR;24;118.00000000;860;EXCHANGE_LAST;;1;1;XEUR;10804525;689;
04.11.2024;11:07:03.029;FGBM SI 20241206 PS;SIMPLE_INSTRUMENT;EFS;EUR;25;118.05000000;432;EXCHANGE_LAST;;1;1;XEUR;10804525;689;
04.11.2024;11:10:04.416;FGBM SI 20241206 PS;SIMPLE_INSTRUMENT;EFP_FIN;EUR;26;118.01000000;224;EXCHANGE_LAST;;1;1;XEUR;10804525;689;
04.11.2024;11:10:04.416;FGBM SI 20241206 PS;SIMPLE_INSTRUMENT;EFP_FIN;EUR;27;118.01000000;224;EXCHANGE_LAST;;1;1;XEUR;10804525;689;
04.11.2024;11:13:33.292;FGBM SI 20241206 PS;SIMPLE_INSTRUMENT;EFS;EUR;28;118.08000000;431;EXCHANGE_LAST;;1;1;XEUR;10804525;689;
04.11.2024;11:13:38.298;FGBM SI 20241206 PS;SIMPLE_INSTRUMENT;EFS;EUR;29;118.08000000;862;EXCHANGE_LAST;;1;1;XEUR;10804525;689;
04.11.2024;11:14:48.353;FGBM SI 20241206 PS;SIMPLE_INSTRUMENT;EFS;EUR;30;118.08000000;862;EXCHANGE_LAST;;1;1;XEUR;10804525;689;
04.11.2024;11:45:43.807;FGBM SI 20241206 PS;SIMPLE_INSTRUMENT;EFP_FIN;EUR;31;118.07000000;338;EXCHANGE_LAST;;1;1;XEUR;10804525;689;
04.11.2024;11:56:58.187;FGBM SI 20241206 PS;SIMPLE_INSTRUMENT;EFS;EUR;33;118.09000000;431;EXCHANGE_LAST;;1;1;XEUR;10804525;689;
04.11.2024;12:01:26.833;FGBM SI 20241206 PS;SIMPLE_INSTRUMENT;EFP_FIN;EUR;34;118.07000000;67;EXCHANGE_LAST;;1;1;XEUR;10804525;689;
04.11.2024;12:03:21.962;FGBM SI 20241206 PS;SIMPLE_INSTRUMENT;EFP_FIN;EUR;35;118.07000000;271;EXCHANGE_LAST;;1;1;XEUR;10804525;689;
04.11.2024;12:10:07.857;FGBM SI 20241206 PS;SIMPLE_INSTRUMENT;EFS;EUR;36;118.11000000;468;EXCHANGE_LAST;;1;1;XEUR;10804525;689;
04.11.2024;12:13:04.171;FGBM SI 20241206 PS;SIMPLE_INSTRUMENT;EFP_FIN;EUR;37;118.11000000;224;EXCHANGE_LAST;;1;1;XEUR;10804525;689;
04.11.2024;12:14:18.392;FGBM SI 20241206 PS;SIMPLE_INSTRUMENT;EFS;EUR;38;118.14000000;646;EXCHANGE_LAST;;1;1;XEUR;10804525;689;
04.11.2024;12:20:36.515;FGBM SI 20241206 PS;SIMPLE_INSTRUMENT;EFS;EUR;39;118.16000000;861;EXCHANGE_LAST;;1;1;XEUR;10804525;689;
04.11.2024;13:03:20.200;FGBM SI 20241206 PS;SIMPLE_INSTRUMENT;EFS;EUR;40;118.10000000;5000;EXCHANGE_LAST;;1;1;XEUR;10804525;689;
04.11.2024;12:58:25.977;FGBM SI 20241206 PS;SIMPLE_INSTRUMENT;EFS;EUR;41;118.13000000;3000;EXCHANGE_LAST;;1;1;XEUR;10804525;689;
04.11.2024;13:00:29.099;FGBM SI 20241206 PS;SIMPLE_INSTRUMENT;EFS;EUR;42;118.12000000;937;EXCHANGE_LAST;;1;1;XEUR;10804525;689;
04.11.2024;13:22:55.438;FGBM SI 20241206 PS;SIMPLE_INSTRUMENT;EFS;EUR;43;118.10000000;861;EXCHANGE_LAST;;1;1;XEUR;10804525;689;
04.11.2024;13:30:20.811;FGBM SI 20241206 PS;SIMPLE_INSTRUMENT;EFS;EUR;44;118.07000000;861;EXCHANGE_LAST;;1;1;XEUR;10804525;689;
04.11.2024;13:30:31.096;FGBM SI 20241206 PS;SIMPLE_INSTRUMENT;EFS;EUR;45;118.06000000;863;EXCHANGE_LAST;;1;1;XEUR;10804525;689;
04.11.2024;13:38:43.209;FGBM SI 20241206 PS;SIMPLE_INSTRUMENT;EFP_FIN;EUR;46;118.07000000;659;EXCHANGE_LAST;;1;1;XEUR;10804525;689;
04.11.2024;13:56:49.118;FGBM SI 20241206 PS;SIMPLE_INSTRUMENT;EFS;EUR;47;118.07000000;859;EXCHANGE_LAST;;1;1;XEUR;10804525;689;
04.11.2024;13:59:16.768;FGBM SI 20241206 PS;SIMPLE_INSTRUMENT;EFS;EUR;48;118.07000000;120;EXCHANGE_LAST;;1;1;XEUR;10804525;689;
04.11.2024;14:12:52.017;FGBM SI 20241206 PS;SIMPLE_INSTRUMENT;EFP_FIN;EUR;49;118.07000000;103;EXCHANGE_LAST;;1;1;XEUR;10804525;689;
04.11.2024;14:42:08.184;FGBM SI 20241206 PS;SIMPLE_INSTRUMENT;EFS;EUR;50;118.04000000;863;EXCHANGE_LAST;;1;1;XEUR;10804525;689;
04.11.2024;14:49:03.482;FGBM SI 20241206 PS;SIMPLE_INSTRUMENT;EFS;EUR;51;118.05000000;863;EXCHANGE_LAST;;1;1;XEUR;10804525;689;
04.11.2024;14:50:31.772;FGBM SI 20241206 PS;SIMPLE_INSTRUMENT;EFS;EUR;52;118.05000000;655;EXCHANGE_LAST;;1;1;XEUR;10804525;689;
04.11.2024;14:53:13.291;FGBM SI 20241206 PS;SIMPLE_INSTRUMENT;EFS;EUR;53;118.09000000;431;EXCHANGE_LAST;;1;1;XEUR;10804525;689;
04.11.2024;14:56:59.987;FGBM SI 20241206 PS;SIMPLE_INSTRUMENT;EFS;EUR;54;118.12000000;430;EXCHANGE_LAST;;1;1;XEUR;10804525;689;
04.11.2024;14:58:08.154;FGBM SI 20241206 PS;SIMPLE_INSTRUMENT;EFS;EUR;55;118.13000000;861;EXCHANGE_LAST;;1;1;XEUR;10804525;689;
04.11.2024;15:02:43.792;FGBM SI 20241206 PS;SIMPLE_INSTRUMENT;EFS;EUR;56;118.13000000;215;EXCHANGE_LAST;;1;1;XEUR;10804525;689;
04.11.2024;15:08:33.931;FGBM SI 20241206 PS;SIMPLE_INSTRUMENT;EFS;EUR;57;118.16000000;861;EXCHANGE_LAST;;1;1;XEUR;10804525;689;
04.11.2024;15:09:14.454;FGBM SI 20241206 PS;SIMPLE_INSTRUMENT;EFS;EUR;58;118.12000000;468;EXCHANGE_LAST;;1;1;XEUR;10804525;689;
04.11.2024;15:16:15.305;FGBM SI 20241206 PS;SIMPLE_INSTRUMENT;EFP_FIN;EUR;59;118.08000000;309;EXCHANGE_LAST;;1;1;XEUR;10804525;689;
04.11.2024;15:13:14.953;FGBM SI 20241206 PS;SIMPLE_INSTRUMENT;EFP_FIN;EUR;60;118.18000000;1056;EXCHANGE_LAST;;1;1;XEUR;10804525;689;
04.11.2024;15:14:18.916;FGBM SI 20241206 PS;SIMPLE_INSTRUMENT;EFS;EUR;61;118.19000000;429;EXCHANGE_LAST;;1;1;XEUR;10804525;689;
04.11.2024;15:17:36.787;FGBM SI 20241206 PS;SIMPLE_INSTRUMENT;EFS;EUR;62;118.13000000;407;EXCHANGE_LAST;;1;1;XEUR;10804525;689;
04.11.2024;15:16:55.700;FGBM SI 20241206 PS;SIMPLE_INSTRUMENT;EFS;EUR;63;118.13000000;407;EXCHANGE_LAST;;1;1;XEUR;10804525;689;
04.11.2024;15:21:57.928;FGBM SI 20241206 PS;SIMPLE_INSTRUMENT;EFP_FIN;EUR;64;118.22000000;415;EXCHANGE_LAST;;1;1;XEUR;10804525;689;
04.11.2024;15:31:43.517;FGBM SI 20241206 PS;SIMPLE_INSTRUMENT;EFS;EUR;65;118.22000000;748;EXCHANGE_LAST;;1;1;XEUR;10804525;689;
04.11.2024;15:40:31.160;FGBM SI 20241206 PS;SIMPLE_INSTRUMENT;EFS;EUR;66;118.10000000;429;EXCHANGE_LAST;;1;1;XEUR;10804525;689;
04.11.2024;15:42:21.412;FGBM SI 20241206 PS;SIMPLE_INSTRUMENT;EFS;EUR;67;118.21000000;430;EXCHANGE_LAST;;1;1;XEUR;10804525;689;
04.11.2024;15:42:52.116;FGBM SI 20241206 PS;SIMPLE_INSTRUMENT;EFP_FIN;EUR;68;118.20000000;383;EXCHANGE_LAST;;1;1;XEUR;10804525;689;
04.11.2024;15:43:11.752;FGBM SI 20241206 PS;SIMPLE_INSTRUMENT;EFS;EUR;69;118.21000000;181;EXCHANGE_LAST;;1;1;XEUR;10804525;689;
04.11.2024;15:47:54.718;FGBM SI 20241206 PS;SIMPLE_INSTRUMENT;EFS;EUR;70;118.18000000;430;EXCHANGE_LAST;;1;1;XEUR;10804525;689;
04.11.2024;15:59:25.377;FGBM SI 20241206 PS;SIMPLE_INSTRUMENT;EFS;EUR;71;118.20000000;259;EXCHANGE_LAST;;1;1;XEUR;10804525;689;
04.11.2024;16:02:15.483;FGBM SI 20241206 PS;SIMPLE_INSTRUMENT;EFS;EUR;72;118.19000000;1724;EXCHANGE_LAST;;1;1;XEUR;10804525;689;
04.11.2024;16:05:08.490;FGBM SI 20241206 PS;SIMPLE_INSTRUMENT;EFS;EUR;73;118.18000000;172;EXCHANGE_LAST;;1;1;XEUR;10804525;689;
04.11.2024;16:08:21.241;FGBM SI 20241206 PS;SIMPLE_INSTRUMENT;EFP_FIN;EUR;74;118.21000000;455;EXCHANGE_LAST;;1;1;XEUR;10804525;689;
04.11.2024;16:08:43.503;FGBM SI 20241206 PS;SIMPLE_INSTRUMENT;EFP_FIN;EUR;75;118.21000000;129;EXCHANGE_LAST;;1;1;XEUR;10804525;689;
04.11.2024;16:15:11.822;FGBM SI 20241206 PS;SIMPLE_INSTRUMENT;EFP_FIN;EUR;76;118.19000000;856;EXCHANGE_LAST;;1;1;XEUR;10804525;689;
04.11.2024;16:33:39.448;FGBM SI 20241206 PS;SIMPLE_INSTRUMENT;EFP_FIN;EUR;77;118.18000000;463;EXCHANGE_LAST;;1;1;XEUR;10804525;689;
04.11.2024;16:38:09.222;FGBM SI 20241206 PS;SIMPLE_INSTRUMENT;EFS;EUR;78;118.18000000;4500;EXCHANGE_LAST;;1;1;XEUR;10804525;689;
04.11.2024;16:40:18.615;FGBM SI 20241206 PS;SIMPLE_INSTRUMENT;EFS;EUR;79;118.18000000;430;EXCHANGE_LAST;;1;1;XEUR;10804525;689;
04.11.2024;16:41:23.937;FGBM SI 20241206 PS;SIMPLE_INSTRUMENT;EFS;EUR;80;118.18000000;430;EXCHANGE_LAST;;1;1;XEUR;10804525;689;
04.11.2024;16:45:26.251;FGBM SI 20241206 PS;SIMPLE_INSTRUMENT;EFP_FIN;EUR;81;118.19000000;214;EXCHANGE_LAST;;1;1;XEUR;10804525;689;
04.11.2024;17:20:47.594;FGBM SI 20241206 PS;SIMPLE_INSTRUMENT;EFS;EUR;82;118.17000000;431;EXCHANGE_LAST;;1;1;XEUR;10804525;689;
04.11.2024;08:18:15.378;FGBS SI 20241206 PS;SIMPLE_INSTRUMENT;EFS;EUR;1;106.52000000;4260;EXCHANGE_LAST;;1;1;XEUR;10804527;690;
04.11.2024;09:18:42.004;FGBS SI 20241206 PS;SIMPLE_INSTRUMENT;EFS;EUR;2;106.54000000;491;EXCHANGE_LAST;;1;1;XEUR;10804527;690;
04.11.2024;09:27:24.999;FGBS SI 20241206 PS;SIMPLE_INSTRUMENT;EFP_FIN;EUR;3;106.52500000;789;EXCHANGE_LAST;;1;1;XEUR;10804527;690;
04.11.2024;09:37:47.209;FGBS SI 20241206 PS;SIMPLE_INSTRUMENT;EFS;EUR;4;106.53000000;4097;EXCHANGE_LAST;;1;1;XEUR;10804527;690;
04.11.2024;09:52:01.179;FGBS SI 20241206 PS;SIMPLE_INSTRUMENT;EFS;EUR;5;106.53000000;1000;EXCHANGE_LAST;;1;1;XEUR;10804527;690;
04.11.2024;09:56:55.637;FGBS SI 20241206 PS;SIMPLE_INSTRUMENT;EFP_FIN;EUR;6;106.53000000;562;EXCHANGE_LAST;;1;1;XEUR;10804527;690;
04.11.2024;10:02:24.186;FGBS SI 20241206 PS;SIMPLE_INSTRUMENT;EFP_FIN;EUR;7;106.54500000;1119;EXCHANGE_LAST;;1;1;XEUR;10804527;690;
04.11.2024;10:06:56.066;FGBS SI 20241206 PS;SIMPLE_INSTRUMENT;EFS;EUR;8;106.53500000;2259;EXCHANGE_LAST;;1;1;XEUR;10804527;690;
04.11.2024;10:12:13.995;FGBS SI 20241206 PS;SIMPLE_INSTRUMENT;EFP_FIN;EUR;9;106.54500000;134;EXCHANGE_LAST;;1;1;XEUR;10804527;690;
04.11.2024;10:22:48.068;FGBS SI 20241206 PS;SIMPLE_INSTRUMENT;EFS;EUR;10;106.51500000;1000;EXCHANGE_LAST;;1;1;XEUR;10804527;690;
04.11.2024;10:40:27.702;FGBS SI 20241206 PS;SIMPLE_INSTRUMENT;EFS;EUR;11;106.53000000;2731;EXCHANGE_LAST;;1;1;XEUR;10804527;690;
04.11.2024;10:42:21.293;FGBS SI 20241206 PS;SIMPLE_INSTRUMENT;EFS;EUR;12;106.51000000;6130;EXCHANGE_LAST;;1;1;XEUR;10804527;690;
04.11.2024;10:49:52.412;FGBS SI 20241206 PS;SIMPLE_INSTRUMENT;EFP_FIN;EUR;14;106.51000000;253;EXCHANGE_LAST;;1;1;XEUR;10804527;690;
04.11.2024;10:53:08.287;FGBS SI 20241206 PS;SIMPLE_INSTRUMENT;EFS;EUR;15;106.54000000;2055;EXCHANGE_LAST;;1;1;XEUR;10804527;690;
04.11.2024;11:01:55.348;FGBS SI 20241206 PS;SIMPLE_INSTRUMENT;EFS;EUR;16;106.52000000;2731;EXCHANGE_LAST;;1;1;XEUR;10804527;690;
04.11.2024;11:01:46.350;FGBS SI 20241206 PS;SIMPLE_INSTRUMENT;EFS;EUR;17;106.53000000;2731;EXCHANGE_LAST;;1;1;XEUR;10804527;690;
04.11.2024;11:09:47.073;FGBS SI 20241206 PS;SIMPLE_INSTRUMENT;EFS;EUR;18;106.53500000;3756;EXCHANGE_LAST;;1;1;XEUR;10804527;690;
04.11.2024;11:18:29.374;FGBS SI 20241206 PS;SIMPLE_INSTRUMENT;EFS;EUR;19;106.52000000;2731;EXCHANGE_LAST;;1;1;XEUR;10804527;690;
04.11.2024;11:28:41.623;FGBS SI 20241206 PS;SIMPLE_INSTRUMENT;EFS;EUR;20;106.55000000;1000;EXCHANGE_LAST;;1;1;XEUR;10804527;690;
04.11.2024;11:35:15.830;FGBS SI 20241206 PS;SIMPLE_INSTRUMENT;EFS;EUR;21;106.55000000;1000;EXCHANGE_LAST;;1;1;XEUR;10804527;690;
04.11.2024;11:56:31.188;FGBS SI 20241206 PS;SIMPLE_INSTRUMENT;EFP_FIN;EUR;22;106.56500000;473;EXCHANGE_LAST;;1;1;XEUR;10804527;690;
04.11.2024;12:10:07.835;FGBS SI 20241206 PS;SIMPLE_INSTRUMENT;EFS;EUR;27;106.57000000;1365;EXCHANGE_LAST;;1;1;XEUR;10804527;690;
04.11.2024;12:14:08.995;FGBS SI 20241206 PS;SIMPLE_INSTRUMENT;EFS;EUR;31;106.57000000;2502;EXCHANGE_LAST;;1;1;XEUR;10804527;690;
04.11.2024;12:25:10.595;FGBS SI 20241206 PS;SIMPLE_INSTRUMENT;EFS;EUR;36;106.58000000;1902;EXCHANGE_LAST;;1;1;XEUR;10804527;690;
04.11.2024;12:31:38.613;FGBS SI 20241206 PS;SIMPLE_INSTRUMENT;EFS;EUR;37;106.58000000;5000;EXCHANGE_LAST;;1;1;XEUR;10804527;690;
04.11.2024;12:33:42.887;FGBS SI 20241206 PS;SIMPLE_INSTRUMENT;EFS;EUR;39;106.58000000;2529;EXCHANGE_LAST;;1;1;XEUR;10804527;690;
04.11.2024;12:36:22.943;FGBS SI 20241206 PS;SIMPLE_INSTRUMENT;EFS;EUR;43;106.57500000;3000;EXCHANGE_LAST;;1;1;XEUR;10804527;690;
04.11.2024;12:42:47.494;FGBS SI 20241206 PS;SIMPLE_INSTRUMENT;EFP_FIN;EUR;44;106.58000000;832;EXCHANGE_LAST;;1;1;XEUR;10804527;690;
04.11.2024;12:46:11.577;FGBS SI 20241206 PS;SIMPLE_INSTRUMENT;EFP_FIN;EUR;45;106.55500000;638;EXCHANGE_LAST;;1;1;XEUR;10804527;690;
04.11.2024;13:22:14.379;FGBS SI 20241206 PS;SIMPLE_INSTRUMENT;EFS;EUR;53;106.52000000;2731;EXCHANGE_LAST;;1;1;XEUR;10804527;690;
04.11.2024;13:45:26.620;FGBS SI 20241206 PS;SIMPLE_INSTRUMENT;EFP_FIN;EUR;54;106.53000000;368;EXCHANGE_LAST;;1;1;XEUR;10804527;690;
04.11.2024;13:50:50.343;FGBS SI 20241206 PS;SIMPLE_INSTRUMENT;EFP_FIN;EUR;55;106.53000000;691;EXCHANGE_LAST;;1;1;XEUR;10804527;690;
04.11.2024;14:02:19.498;FGBS SI 20241206 PS;SIMPLE_INSTRUMENT;EFP_FIN;EUR;56;106.53000000;2086;EXCHANGE_LAST;;1;1;XEUR;10804527;690;
04.11.2024;14:27:23.174;FGBS SI 20241206 PS;SIMPLE_INSTRUMENT;EFS;EUR;57;106.54000000;2730;EXCHANGE_LAST;;1;1;XEUR;10804527;690;
04.11.2024;14:36:52.241;FGBS SI 20241206 PS;SIMPLE_INSTRUMENT;EFP_FIN;EUR;58;106.53000000;339;EXCHANGE_LAST;;1;1;XEUR;10804527;690;
04.11.2024;15:03:09.437;FGBS SI 20241206 PS;SIMPLE_INSTRUMENT;EFS;EUR;59;106.53500000;1736;EXCHANGE_LAST;;1;1;XEUR;10804527;690;
04.11.2024;15:37:34.760;FGBS SI 20241206 PS;SIMPLE_INSTRUMENT;EFP_FIN;EUR;60;106.58000000;992;EXCHANGE_LAST;;1;1;XEUR;10804527;690;
04.11.2024;15:43:35.066;FGBS SI 20241206 PS;SIMPLE_INSTRUMENT;EFP_FIN;EUR;61;106.57000000;902;EXCHANGE_LAST;;1;1;XEUR;10804527;690;
04.11.2024;15:46:49.915;FGBS SI 20241206 PS;SIMPLE_INSTRUMENT;EFP_FIN;EUR;62;106.53000000;198;EXCHANGE_LAST;;1;1;XEUR;10804527;690;
04.11.2024;15:49:32.820;FGBS SI 20241206 PS;SIMPLE_INSTRUMENT;EFS;EUR;63;106.57000000;2731;EXCHANGE_LAST;;1;1;XEUR;10804527;690;
04.11.2024;15:50:05.084;FGBS SI 20241206 PS;SIMPLE_INSTRUMENT;EFP_FIN;EUR;64;106.58000000;368;EXCHANGE_LAST;;1;1;XEUR;10804527;690;
04.11.2024;15:52:41.844;FGBS SI 20241206 PS;SIMPLE_INSTRUMENT;EFS;EUR;65;106.56500000;2729;EXCHANGE_LAST;;1;1;XEUR;10804527;690;
04.11.2024;15:59:27.332;FGBS SI 20241206 PS;SIMPLE_INSTRUMENT;EFS;EUR;66;106.57000000;2729;EXCHANGE_LAST;;1;1;XEUR;10804527;690;
04.11.2024;16:01:36.190;FGBS SI 20241206 PS;SIMPLE_INSTRUMENT;EFS;EUR;67;106.56500000;2729;EXCHANGE_LAST;;1;1;XEUR;10804527;690;
04.11.2024;16:16:52.415;FGBS SI 20241206 PS;SIMPLE_INSTRUMENT;EFS;EUR;68;106.57000000;2729;EXCHANGE_LAST;;1;1;XEUR;10804527;690;
04.11.2024;16:20:39.986;FGBS SI 20241206 PS;SIMPLE_INSTRUMENT;EFS;EUR;69;106.57500000;3129;EXCHANGE_LAST;;1;1;XEUR;10804527;690;
04.11.2024;16:26:39.573;FGBS SI 20241206 PS;SIMPLE_INSTRUMENT;EFP_FIN;EUR;70;106.57500000;473;EXCHANGE_LAST;;1;1;XEUR;10804527;690;
04.11.2024;07:57:15.478;FGBX SI 20241206 PS;SIMPLE_INSTRUMENT;BLOCK;EUR;1;131.12000000;193;EXCHANGE_LAST;;1;1;XEUR;10804526;691;
04.11.2024;08:27:29.482;FGBX SI 20241206 PS;SIMPLE_INSTRUMENT;EFS;EUR;2;131.18000000;185;EXCHANGE_LAST;;1;1;XEUR;10804526;691;
04.11.2024;08:58:22.492;FGBX SI 20241206 PS;SIMPLE_INSTRUMENT;EFP_FIN;EUR;3;131.36000000;211;EXCHANGE_LAST;;1;1;XEUR;10804526;691;
04.11.2024;09:36:45.996;FGBX SI 20241206 PS;SIMPLE_INSTRUMENT;EFS;EUR;5;131.26000000;92;EXCHANGE_LAST;;1;1;XEUR;10804526;691;
04.11.2024;09:59:20.423;FGBX SI 20241206 PS;SIMPLE_INSTRUMENT;EFP_FIN;EUR;6;131.30000000;185;EXCHANGE_LAST;;1;1;XEUR;10804526;691;
04.11.2024;10:13:30.204;FGBX SI 20241206 PS;SIMPLE_INSTRUMENT;EFS;EUR;7;131.20000000;92;EXCHANGE_LAST;;1;1;XEUR;10804526;691;
04.11.2024;10:18:06.219;FGBX SI 20241206 PS;SIMPLE_INSTRUMENT;EFS;EUR;8;131.22000000;84;EXCHANGE_LAST;;1;1;XEUR;10804526;691;
04.11.2024;10:33:15.621;FGBX SI 20241206 PS;SIMPLE_INSTRUMENT;EFS;EUR;11;131.48000000;84;EXCHANGE_LAST;;1;1;XEUR;10804526;691;
04.11.2024;10:35:24.189;FGBX SI 20241206 PS;SIMPLE_INSTRUMENT;EFP_FIN;EUR;12;131.12000000;742;EXCHANGE_LAST;;1;1;XEUR;10804526;691;
04.11.2024;10:54:53.982;FGBX SI 20241206 PS;SIMPLE_INSTRUMENT;EFS;EUR;14;131.62000000;169;EXCHANGE_LAST;;1;1;XEUR;10804526;691;
04.11.2024;11:08:48.045;FGBX SI 20241206 PS;SIMPLE_INSTRUMENT;EFP_FIN;EUR;15;131.82000000;184;EXCHANGE_LAST;;1;1;XEUR;10804526;691;
04.11.2024;11:24:56.563;FGBX SI 20241206 PS;SIMPLE_INSTRUMENT;EFP_FIN;EUR;16;131.26000000;185;EXCHANGE_LAST;;1;1;XEUR;10804526;691;
04.11.2024;11:27:22.199;FGBX SI 20241206 PS;SIMPLE_INSTRUMENT;EFS;EUR;17;131.82000000;169;EXCHANGE_LAST;;1;1;XEUR;10804526;691;
04.11.2024;11:31:35.366;FGBX SI 20241206 PS;SIMPLE_INSTRUMENT;EFP_FIN;EUR;19;132.00000000;135;EXCHANGE_LAST;;1;1;XEUR;10804526;691;
04.11.2024;11:52:00.965;FGBX SI 20241206 PS;SIMPLE_INSTRUMENT;EFP_FIN;EUR;20;132.04000000;83;EXCHANGE_LAST;;1;1;XEUR;10804526;691;
04.11.2024;11:59:04.502;FGBX SI 20241206 PS;SIMPLE_INSTRUMENT;EFP_FIN;EUR;21;131.96000000;80;EXCHANGE_LAST;;1;1;XEUR;10804526;691;
04.11.2024;12:30:02.088;FGBX SI 20241206 PS;SIMPLE_INSTRUMENT;EFS;EUR;22;132.08000000;284;EXCHANGE_LAST;;1;1;XEUR;10804526;691;
04.11.2024;12:56:23.885;FGBX SI 20241206 PS;SIMPLE_INSTRUMENT;EFP_FIN;EUR;24;131.28000000;185;EXCHANGE_LAST;;1;1;XEUR;10804526;691;
04.11.2024;13:02:21.178;FGBX SI 20241206 PS;SIMPLE_INSTRUMENT;EFP_FIN;EUR;25;132.08000000;106;EXCHANGE_LAST;;1;1;XEUR;10804526;691;
04.11.2024;13:10:14.724;FGBX SI 20241206 PS;SIMPLE_INSTRUMENT;EFS;EUR;26;132.10000000;351;EXCHANGE_LAST;;1;1;XEUR;10804526;691;
04.11.2024;13:15:26.715;FGBX SI 20241206 PS;SIMPLE_INSTRUMENT;EFP_FIN;EUR;27;132.24000000;59;EXCHANGE_LAST;;1;1;XEUR;10804526;691;
04.11.2024;13:27:49.006;FGBX SI 20241206 PS;SIMPLE_INSTRUMENT;EFP_FIN;EUR;28;132.18000000;82;EXCHANGE_LAST;;1;1;XEUR;10804526;691;
04.11.2024;13:49:55.339;FGBX SI 20241206 PS;SIMPLE_INSTRUMENT;EFS;EUR;29;132.14000000;302;EXCHANGE_LAST;;1;1;XEUR;10804526;691;
04.11.2024;14:10:59.030;FGBX SI 20241206 PS;SIMPLE_INSTRUMENT;EFS;EUR;31;132.22000000;92;EXCHANGE_LAST;;1;1;XEUR;10804526;691;
04.11.2024;15:03:48.906;FGBX SI 20241206 PS;SIMPLE_INSTRUMENT;EFP_FIN;EUR;32;132.22000000;50;EXCHANGE_LAST;;1;1;XEUR;10804526;691;
04.11.2024;15:37:12.886;FGBX SI 20241206 PS;SIMPLE_INSTRUMENT;EFP_FIN;EUR;33;132.20000000;334;EXCHANGE_LAST;;1;1;XEUR;10804526;691;
04.11.2024;15:54:07.855;FGBX SI 20241206 PS;SIMPLE_INSTRUMENT;EFP_FIN;EUR;34;132.70000000;275;EXCHANGE_LAST;;1;1;XEUR;10804526;691;
04.11.2024;13:29:27.259;FHZN SI 20241220 PS AM P 200.0 0;SIMPLE_INSTRUMENT;BLOCK;CHF;31;4.60000000;4365;EXCHANGE_LAST;;1;1;XEUR;11089237;45379;
04.11.2024;12:44:19.068;FIA5 SI 20250619 PS AM C 13.00 0;SIMPLE_INSTRUMENT;BLOCK;EUR;8;1.11000000;200;EXCHANGE_LAST;;1;1;XEUR;11340124;48227;
04.11.2024;15:56:01.854;FIA5.O.241104.BER.000006;STANDARD_OPTION_STRATEGY;BLOCK;EUR;21;3.57500000;500;EXCHANGE_LAST;;1;1;XEUR;72264727425717776;48227;
04.11.2024;15:56:01.854;FIA5 SI 20241219 PS AM P 17.00 0;SIMPLE_INSTRUMENT;BLOCK;EUR;21;4.32900000;500;PRC_DECOMP_EXCHANGE;;;;XEUR;10375987;48227;EXCHANGE
04.11.2024;15:56:01.854;FIA5 SI 20241219 PS AM P 13.00 0;SIMPLE_INSTRUMENT;BLOCK;EUR;21;0.75400000;500;PRC_DECOMP_EXCHANGE;;;;XEUR;10375983;48227;EXCHANGE
04.11.2024;16:13:36.674;FIAK SI 20241219 CS;SIMPLE_INSTRUMENT;BLOCK;EUR;46;12.71470000;150;EXCHANGE_LAST;;1;1;XEUR;7029937;144766;
04.11.2024;08:38:26.353;FMAE SI 20241220 CS;SIMPLE_INSTRUMENT;BLOCK;EUR;22;392.79300000;58;EXCHANGE_LAST;;1;1;XEUR;7193451;48921;
04.11.2024;08:39:04.523;FMAP SI 20241220 CS;SIMPLE_INSTRUMENT;EFP_IDX;USD;23;349.53000000;207;EXCHANGE_LAST;;1;1;XEUR;7193397;48141;
04.11.2024;15:01:53.618;FMCE SI 20241220 CS;SIMPLE_INSTRUMENT;BLOCK;EUR;23;505.90000000;100;EXCHANGE_LAST;;1;1;XEUR;9693447;665;
04.11.2024;15:00:53.803;FMCE SI 20241220 CS;SIMPLE_INSTRUMENT;BLOCK;EUR;24;506.00000000;100;EXCHANGE_LAST;;1;1;XEUR;9693447;665;
04.11.2024;07:24:00.226;FMCH SI 20241220 CS;SIMPLE_INSTRUMENT;BLOCK;USD;5;526.52900000;417;EXCHANGE_LAST;;1;1;XEUR;7196792;402909;
04.11.2024;03:24:02.787;FMEA SI 20241220 CS;SIMPLE_INSTRUMENT;BLOCK;USD;1;713.58200000;560;EXCHANGE_LAST;;1;1;XEUR;7191938;12395;
04.11.2024;07:55:15.492;FMED SI 20241220 CS;SIMPLE_INSTRUMENT;BLOCK;USD;12;9666.67000000;1510;EXCHANGE_LAST;;1;1;XEUR;7193401;48144;
04.11.2024;08:05:48.014;FMED SI 20241220 CS;SIMPLE_INSTRUMENT;BLOCK;USD;18;9666.80300000;10322;EXCHANGE_LAST;;1;1;XEUR;7193401;48144;
04.11.2024;08:07:41.546;FMED SI 20241220 CS;SIMPLE_INSTRUMENT;BLOCK;USD;19;9666.67000000;1040;EXCHANGE_LAST;;1;1;XEUR;7193401;48144;
04.11.2024;08:40:25.385;FMED SI 20241220 CS;SIMPLE_INSTRUMENT;BLOCK;USD;21;9666.67000000;1402;EXCHANGE_LAST;;2;1;XEUR;7193401;48144;
04.11.2024;08:40:30.143;FMED SI 20241220 CS;SIMPLE_INSTRUMENT;BLOCK;USD;24;9666.67000000;5615;EXCHANGE_LAST;;1;1;XEUR;7193401;48144;
04.11.2024;09:28:47.283;FMEF SI 20241220 CS;SIMPLE_INSTRUMENT;BLOCK;USD;26;1134.00000000;149;EXCHANGE_LAST;;1;1;XEUR;7192304;30657;
04.11.2024;17:42:11.059;FMEF SI 20241220 CS;SIMPLE_INSTRUMENT;BLOCK;USD;34;1134.50000000;17630;EXCHANGE_LAST;;1;1;XEUR;7192304;30657;
04.11.2024;08:08:20.355;FMEG SI 20241220 CS;SIMPLE_INSTRUMENT;EFP_IDX;EUR;20;331.39000000;100;EXCHANGE_LAST;;1;1;XEUR;7192219;18604;
04.11.2024;07:46:13.621;FMEM SI 20241220 CS;SIMPLE_INSTRUMENT;BLOCK;USD;7;602.02200000;2620;EXCHANGE_LAST;;1;1;XEUR;7191937;12394;
04.11.2024;08:00:37.364;FMEN SI 20241220 CS;SIMPLE_INSTRUMENT;EFP_IDX;EUR;14;520.01100000;232;EXCHANGE_LAST;;1;1;XEUR;7192297;30652;
04.11.2024;08:04:35.790;FMEN SI 20241220 CS;SIMPLE_INSTRUMENT;EFP_IDX;EUR;16;519.75700000;18;EXCHANGE_LAST;;1;1;XEUR;7192297;30652;
04.11.2024;09:26:05.566;FMFP SI 20241220 CS;SIMPLE_INSTRUMENT;BLOCK;USD;25;2366.00000000;16;EXCHANGE_LAST;;1;1;XEUR;7193657;51999;
04.11.2024;07:53:56.298;FMGC SI 20241220 CS;SIMPLE_INSTRUMENT;BLOCK;USD;10;12641.89000000;53;EXCHANGE_LAST;;1;1;XEUR;7193447;48916;
04.11.2024;07:17:50.156;FMGS SI 20241220 CS;SIMPLE_INSTRUMENT;EFP_IDX;USD;4;26245.35000000;2003;EXCHANGE_LAST;;1;1;XEUR;7193445;48912;
04.11.2024;07:57:39.401;FMHK SI 20241220 CS;SIMPLE_INSTRUMENT;BLOCK;USD;13;60250.00000000;26;EXCHANGE_LAST;;1;1;XEUR;7192592;45282;
04.11.2024;10:11:54.745;FMIN SI 20241220 CS;SIMPLE_INSTRUMENT;BLOCK;USD;28;1291.92800000;55;EXCHANGE_LAST;;1;1;XEUR;7191968;12404;
04.11.2024;10:04:16.458;FMJP SI 20241220 CS;SIMPLE_INSTRUMENT;BLOCK;USD;27;8446.73000000;6148;EXCHANGE_LAST;;1;1;XEUR;7190889;661;
04.11.2024;07:08:14.321;FMMY SI 20241220 CS;SIMPLE_INSTRUMENT;BLOCK;USD;3;392.74000000;180;EXCHANGE_LAST;;1;1;XEUR;7191971;12405;
04.11.2024;16:18:57.172;FMPX SI 20241220 CS;SIMPLE_INSTRUMENT;BLOCK;USD;31;8287.28600000;24;EXCHANGE_LAST;;1;1;XEUR;7192613;45291;
04.11.2024;07:28:43.056;FMTW SI 20241220 CS;SIMPLE_INSTRUMENT;BLOCK;USD;1;836.26000000;92;EXCHANGE_LAST;;1;1;XEUR;7193559;51884;
04.11.2024;07:06:04.799;FMUQ SI 20241220 CS;SIMPLE_INSTRUMENT;EFP_IDX;USD;2;5946.22000000;12653;EXCHANGE_LAST;;1;1;XEUR;7193400;48146;
04.11.2024;07:33:03.736;FMWO SI 20241220 CS;SIMPLE_INSTRUMENT;EFP_IDX;USD;6;11637.63000000;14;EXCHANGE_LAST;;1;1;XEUR;7191849;7059;
04.11.2024;07:48:11.240;FMWO SI 20241220 CS;SIMPLE_INSTRUMENT;EFP_IDX;USD;9;11636.63000000;1381;EXCHANGE_LAST;;1;1;XEUR;7191849;7059;
04.11.2024;07:54:42.480;FMWO SI 20241220 CS;SIMPLE_INSTRUMENT;EFP_IDX;USD;11;11637.38000000;90;EXCHANGE_LAST;;1;1;XEUR;7191849;7059;
04.11.2024;08:03:48.359;FMWO SI 20241220 CS;SIMPLE_INSTRUMENT;EFP_IDX;USD;15;11637.63000000;45;EXCHANGE_LAST;;1;1;XEUR;7191849;7059;
04.11.2024;09:07:56.276;FOAT SI 20241206 PS;SIMPLE_INSTRUMENT;EFP_FIN;EUR;1;124.28000000;450;EXCHANGE_LAST;;1;1;XEUR;10804528;749;
04.11.2024;09:07:36.680;FOAT SI 20241206 PS;SIMPLE_INSTRUMENT;EFP_FIN;EUR;2;124.28000000;180;EXCHANGE_LAST;;1;1;XEUR;10804528;749;
04.11.2024;09:25:34.072;FOAT SI 20241206 PS;SIMPLE_INSTRUMENT;EFP_FIN;EUR;3;124.25000000;623;EXCHANGE_LAST;;1;1;XEUR;10804528;749;
04.11.2024;09:25:34.072;FOAT SI 20241206 PS;SIMPLE_INSTRUMENT;EFP_FIN;EUR;4;124.25000000;623;EXCHANGE_LAST;;1;1;XEUR;10804528;749;
04.11.2024;09:29:19.114;FOAT SI 20241206 PS;SIMPLE_INSTRUMENT;EFP_FIN;EUR;5;124.30000000;86;EXCHANGE_LAST;;1;1;XEUR;10804528;749;
04.11.2024;09:52:14.272;FOAT SI 20241206 PS;SIMPLE_INSTRUMENT;EFP_FIN;EUR;6;124.34000000;1541;EXCHANGE_LAST;;1;1;XEUR;10804528;749;
04.11.2024;09:58:57.416;FOAT SI 20241206 PS;SIMPLE_INSTRUMENT;EFP_FIN;EUR;7;124.30000000;831;EXCHANGE_LAST;;1;1;XEUR;10804528;749;
04.11.2024;10:21:16.608;FOAT SI 20241206 PS;SIMPLE_INSTRUMENT;EFP_FIN;EUR;8;124.30000000;457;EXCHANGE_LAST;;1;1;XEUR;10804528;749;
04.11.2024;10:22:09.183;FOAT SI 20241206 PS;SIMPLE_INSTRUMENT;EFP_FIN;EUR;9;124.30000000;50;EXCHANGE_LAST;;1;1;XEUR;10804528;749;
04.11.2024;10:24:43.977;FOAT SI 20241206 PS;SIMPLE_INSTRUMENT;EFP_FIN;EUR;10;124.20000000;450;EXCHANGE_LAST;;1;1;XEUR;10804528;749;
04.11.2024;10:34:22.695;FOAT SI 20241206 PS;SIMPLE_INSTRUMENT;EFP_FIN;EUR;11;124.22000000;141;EXCHANGE_LAST;;1;1;XEUR;10804528;749;
04.11.2024;10:38:48.337;FOAT SI 20241206 PS;SIMPLE_INSTRUMENT;EFP_FIN;EUR;12;124.22000000;208;EXCHANGE_LAST;;1;1;XEUR;10804528;749;
04.11.2024;10:38:54.854;FOAT SI 20241206 PS;SIMPLE_INSTRUMENT;EFP_FIN;EUR;13;124.22000000;623;EXCHANGE_LAST;;1;1;XEUR;10804528;749;
04.11.2024;11:00:02.079;FOAT SI 20241206 PS;SIMPLE_INSTRUMENT;EFP_FIN;EUR;14;124.32000000;88;EXCHANGE_LAST;;1;1;XEUR;10804528;749;
04.11.2024;11:00:45.838;FOAT SI 20241206 PS;SIMPLE_INSTRUMENT;EFP_FIN;EUR;15;124.32000000;831;EXCHANGE_LAST;;1;1;XEUR;10804528;749;
04.11.2024;11:14:36.268;FOAT SI 20241206 PS;SIMPLE_INSTRUMENT;EFP_FIN;EUR;16;124.38000000;831;EXCHANGE_LAST;;1;1;XEUR;10804528;749;
04.11.2024;11:16:32.325;FOAT SI 20241206 PS;SIMPLE_INSTRUMENT;EFP_FIN;EUR;17;124.42000000;208;EXCHANGE_LAST;;1;1;XEUR;10804528;749;
04.11.2024;11:18:49.506;FOAT SI 20241206 PS;SIMPLE_INSTRUMENT;EFP_FIN;EUR;18;124.34000000;130;EXCHANGE_LAST;;1;1;XEUR;10804528;749;
04.11.2024;11:22:58.975;FOAT SI 20241206 PS;SIMPLE_INSTRUMENT;EFP_FIN;EUR;19;124.39000000;1661;EXCHANGE_LAST;;1;1;XEUR;10804528;749;
04.11.2024;11:31:06.567;FOAT SI 20241206 PS;SIMPLE_INSTRUMENT;EFP_FIN;EUR;20;124.41000000;208;EXCHANGE_LAST;;1;1;XEUR;10804528;749;
04.11.2024;11:42:07.489;FOAT SI 20241206 PS;SIMPLE_INSTRUMENT;EFS;EUR;21;124.37000000;331;EXCHANGE_LAST;;1;1;XEUR;10804528;749;
04.11.2024;11:42:43.294;FOAT SI 20241206 PS;SIMPLE_INSTRUMENT;EFP_FIN;EUR;22;124.41000000;553;EXCHANGE_LAST;;1;1;XEUR;10804528;749;
04.11.2024;12:16:05.328;FOAT SI 20241206 PS;SIMPLE_INSTRUMENT;BLOCK;EUR;23;124.38000000;881;EXCHANGE_LAST;;1;1;XEUR;10804528;749;
04.11.2024;12:19:15.270;FOAT SI 20241206 PS;SIMPLE_INSTRUMENT;EFP_FIN;EUR;24;124.32000000;220;EXCHANGE_LAST;;1;1;XEUR;10804528;749;
04.11.2024;13:26:08.281;FOAT SI 20241206 PS;SIMPLE_INSTRUMENT;EFP_FIN;EUR;25;124.47000000;183;EXCHANGE_LAST;;1;1;XEUR;10804528;749;
04.11.2024;13:35:43.025;FOAT SI 20241206 PS;SIMPLE_INSTRUMENT;BLOCK;EUR;26;124.38000000;888;EXCHANGE_LAST;;1;1;XEUR;10804528;749;
04.11.2024;13:37:46.088;FOAT SI 20241206 PS;SIMPLE_INSTRUMENT;EFP_FIN;EUR;27;124.38000000;79;EXCHANGE_LAST;;1;1;XEUR;10804528;749;
04.11.2024;14:34:41.085;FOAT SI 20241206 PS;SIMPLE_INSTRUMENT;EFP_FIN;EUR;28;124.46000000;429;EXCHANGE_LAST;;1;1;XEUR;10804528;749;
04.11.2024;14:45:24.481;FOAT SI 20241206 PS;SIMPLE_INSTRUMENT;EFP_FIN;EUR;29;124.34000000;208;EXCHANGE_LAST;;1;1;XEUR;10804528;749;
04.11.2024;15:25:06.085;FOAT SI 20241206 PS;SIMPLE_INSTRUMENT;EFP_FIN;EUR;30;124.56000000;134;EXCHANGE_LAST;;1;1;XEUR;10804528;749;
04.11.2024;15:46:02.137;FOAT SI 20241206 PS;SIMPLE_INSTRUMENT;EFP_FIN;EUR;31;124.35000000;249;EXCHANGE_LAST;;1;1;XEUR;10804528;749;
04.11.2024;16:09:32.959;FOAT SI 20241206 PS;SIMPLE_INSTRUMENT;EFP_FIN;EUR;32;124.56000000;176;EXCHANGE_LAST;;1;1;XEUR;10804528;749;
04.11.2024;16:22:39.422;FOAT SI 20241206 PS;SIMPLE_INSTRUMENT;EFP_FIN;EUR;33;124.55000000;202;EXCHANGE_LAST;;1;1;XEUR;10804528;749;
04.11.2024;16:34:15.156;FOAT SI 20241206 PS;SIMPLE_INSTRUMENT;EFP_FIN;EUR;34;124.51000000;415;EXCHANGE_LAST;;1;1;XEUR;10804528;749;
04.11.2024;10:44:14.685;FRA SI 20241115 PS AM C 51.00 0;SIMPLE_INSTRUMENT;BLOCK;EUR;7;1.20000000;517;EXCHANGE_LAST;;1;1;XEUR;11784673;740;
04.11.2024;16:45:10.876;FSEG SI 20241220 CS;SIMPLE_INSTRUMENT;EFP_IDX;EUR;34;189.60000000;29;EXCHANGE_LAST;;1;1;XEUR;10871764;109977;
04.11.2024;16:45:34.034;FSEG SI 20241220 CS;SIMPLE_INSTRUMENT;EFP_IDX;EUR;35;189.70000000;297;EXCHANGE_LAST;;1;1;XEUR;10871764;109977;
04.11.2024;12:24:22.071;FSMI.S.DEC24.MAR25.SPD;FUTURES_SPREAD;BLOCK;CHF;1;10.00000000;800;EXCHANGE_LAST;;1;1;XEUR;72060845328171104;757;
04.11.2024;12:24:22.071;FSMI SI 20250321 CS;SIMPLE_INSTRUMENT;BLOCK;CHF;1;11983.00000000;800;PRC_DECOMP_EXCHANGE;;;;XEUR;7793721;757;EXCHANGE
04.11.2024;12:24:22.071;FSMI SI 20241220 CS;SIMPLE_INSTRUMENT;BLOCK;CHF;1;11993.00000000;800;PRC_DECOMP_EXCHANGE;;;;XEUR;7793735;757;EXCHANGE
04.11.2024;12:24:33.072;FSMI.S.DEC24.MAR25.SPD;FUTURES_SPREAD;BLOCK;CHF;2;11.00000000;800;EXCHANGE_LAST;;1;1;XEUR;72060845328171104;757;
04.11.2024;12:24:33.072;FSMI SI 20241220 CS;SIMPLE_INSTRUMENT;BLOCK;CHF;2;11995.00000000;800;PRC_DECOMP_EXCHANGE;;;;XEUR;7793735;757;EXCHANGE
04.11.2024;12:24:33.072;FSMI SI 20250321 CS;SIMPLE_INSTRUMENT;BLOCK;CHF;2;11984.00000000;800;PRC_DECOMP_EXCHANGE;;;;XEUR;7793721;757;EXCHANGE
04.11.2024;09:27:07.352;FSMI SI 20241220 CS;SIMPLE_INSTRUMENT;VOLA;CHF;603979780;11960.00000000;140;EXCHANGE_LAST;;1;1;XEUR;7793735;757;
04.11.2024;16:04:37.561;FSMI SI 20241220 CS;SIMPLE_INSTRUMENT;VOLA;CHF;603979823;11938.00000000;137;EXCHANGE_LAST;;1;1;XEUR;7793735;757;
04.11.2024;16:42:05.813;FSMX SI 20241220 CS;SIMPLE_INSTRUMENT;EFP_IDX;EUR;32;26542.00000000;693;EXCHANGE_LAST;;1;1;XEUR;10882019;396422;
04.11.2024;16:42:01.397;FSMX SI 20241220 CS;SIMPLE_INSTRUMENT;EFP_IDX;EUR;33;26541.00000000;7;EXCHANGE_LAST;;1;1;XEUR;10882019;396422;
04.11.2024;16:50:50.600;FSMX SI 20241220 CS;SIMPLE_INSTRUMENT;BLOCK;EUR;37;26589.00000000;277;EXCHANGE_LAST;;1;1;XEUR;10882019;396422;
04.11.2024;16:51:18.040;FSMX SI 20241220 CS;SIMPLE_INSTRUMENT;BLOCK;EUR;38;26591.00000000;326;EXCHANGE_LAST;;1;1;XEUR;10882019;396422;
04.11.2024;12:34:36.998;FST3 SI 20250319 CS;SIMPLE_INSTRUMENT;BLOCK;EUR;40;97.76500000;259;EXCHANGE_LAST;;1;1;XEUR;8924075;620947;
04.11.2024;12:36:33.512;FST3 SI 20250917 CS;SIMPLE_INSTRUMENT;BLOCK;EUR;41;98.07000000;4212;EXCHANGE_LAST;;1;1;XEUR;8924071;620947;
04.11.2024;12:54:27.456;FST3 SI 20251217 CS;SIMPLE_INSTRUMENT;BLOCK;EUR;46;98.07750000;9601;EXCHANGE_LAST;;1;1;XEUR;9145439;620947;
04.11.2024;12:59:41.097;FST3 SI 20260318 CS;SIMPLE_INSTRUMENT;BLOCK;EUR;47;98.04000000;7580;EXCHANGE_LAST;;1;1;XEUR;9621596;620947;
04.11.2024;13:00:12.762;FST3 SI 20260617 CS;SIMPLE_INSTRUMENT;BLOCK;EUR;48;98.00000000;5417;EXCHANGE_LAST;;1;1;XEUR;10001631;620947;
04.11.2024;13:02:00.342;FST3 SI 20260916 CS;SIMPLE_INSTRUMENT;BLOCK;EUR;49;97.98500000;6477;EXCHANGE_LAST;;1;1;XEUR;10486121;620947;
04.11.2024;13:03:28.945;FST3 SI 20261216 CS;SIMPLE_INSTRUMENT;BLOCK;EUR;50;97.95250000;3066;EXCHANGE_LAST;;1;1;XEUR;10938395;620947;
04.11.2024;13:04:27.282;FST3 SI 20270317 CS;SIMPLE_INSTRUMENT;BLOCK;EUR;51;97.89000000;445;EXCHANGE_LAST;;1;1;XEUR;11335774;620947;
04.11.2024;13:17:45.762;FST3 SI 20241218 CS;SIMPLE_INSTRUMENT;BLOCK;EUR;52;97.27500000;1211;EXCHANGE_LAST;;1;1;XEUR;8924074;620947;
04.11.2024;13:11:47.205;FSTA SI 20241220 CS;SIMPLE_INSTRUMENT;EFP_IDX;EUR;1;560.90000000;88;EXCHANGE_LAST;;1;1;XEUR;10839562;715;
04.11.2024;13:11:38.204;FSTA SI 20241220 CS;SIMPLE_INSTRUMENT;EFP_IDX;EUR;2;560.80000000;136;EXCHANGE_LAST;;1;1;XEUR;10839562;715;
04.11.2024;15:36:32.457;FSTB SI 20241220 CS;SIMPLE_INSTRUMENT;EFP_IDX;EUR;25;209.60000000;841;EXCHANGE_LAST;;1;1;XEUR;10839561;714;
04.11.2024;15:36:47.457;FSTB SI 20241220 CS;SIMPLE_INSTRUMENT;EFP_IDX;EUR;27;209.55000000;361;EXCHANGE_LAST;;1;1;XEUR;10839561;714;
04.11.2024;16:04:23.354;FSTB SI 20241220 CS;SIMPLE_INSTRUMENT;BLOCK;EUR;29;209.20000000;375;EXCHANGE_LAST;;1;1;XEUR;10839561;714;
04.11.2024;16:46:38.531;FSTB SI 20241220 CS;SIMPLE_INSTRUMENT;EFP_IDX;EUR;36;209.10000000;202;EXCHANGE_LAST;;1;1;XEUR;10839561;714;
04.11.2024;15:41:45.119;FSTE SI 20241220 CS;SIMPLE_INSTRUMENT;BLOCK;EUR;3;338.30000000;290;EXCHANGE_LAST;;1;1;XEUR;10839564;719;
04.11.2024;15:41:59.904;FSTE SI 20241220 CS;SIMPLE_INSTRUMENT;BLOCK;EUR;4;338.80000000;250;EXCHANGE_LAST;;1;1;XEUR;10839564;719;
04.11.2024;15:39:18.781;FSTG SI 20241220 CS;SIMPLE_INSTRUMENT;BLOCK;EUR;28;876.20000000;289;EXCHANGE_LAST;;1;1;XEUR;10839565;717;
04.11.2024;16:55:37.872;FSTL SI 20241220 CS;SIMPLE_INSTRUMENT;EFP_IDX;EUR;39;131.10000000;64;EXCHANGE_LAST;;1;1;XEUR;10839554;706;
04.11.2024;16:55:50.953;FSTL SI 20241220 CS;SIMPLE_INSTRUMENT;EFP_IDX;EUR;40;131.20000000;42;EXCHANGE_LAST;;1;1;XEUR;10839554;706;
04.11.2024;17:02:43.468;FSTS SI 20241220 CS;SIMPLE_INSTRUMENT;BLOCK;EUR;7;548.80000000;800;EXCHANGE_LAST;;2;1;XEUR;10839557;709;
04.11.2024;16:15:41.178;FSTV SI 20241220 CS;SIMPLE_INSTRUMENT;EFP_IDX;EUR;5;256.70000000;172;EXCHANGE_LAST;;1;1;XEUR;10839571;731;
04.11.2024;16:15:52.727;FSTV SI 20241220 CS;SIMPLE_INSTRUMENT;EFP_IDX;EUR;6;256.80000000;258;EXCHANGE_LAST;;1;1;XEUR;10839571;731;
04.11.2024;10:01:24.800;FSTY SI 20241220 CS;SIMPLE_INSTRUMENT;VOLA;EUR;603979789;766.40000000;17;EXCHANGE_LAST;;1;1;XEUR;10839569;729;
04.11.2024;09:21:48.179;FTUK SI 20241220 CS;SIMPLE_INSTRUMENT;BLOCK;GBP;2;8236.00000000;4000;EXCHANGE_LAST;;1;1;XEUR;10450717;346692;
04.11.2024;09:28:12.372;FUEM SI 20241220 CS;SIMPLE_INSTRUMENT;BLOCK;USD;11;114.27000000;450;EXCHANGE_LAST;;1;1;XEUR;10921824;772680;
04.11.2024;09:32:02.896;FVS SI 20241218 CS;SIMPLE_INSTRUMENT;VOLA;EUR;301989893;18.45000000;60;EXCHANGE_LAST;;1;1;XEUR;11022006;821;
04.11.2024;16:53:23.442;FXXP SI 20241220 CS;SIMPLE_INSTRUMENT;EFP_IDX;EUR;32;510.50000000;28;EXCHANGE_LAST;;1;1;XEUR;7793976;816;
04.11.2024;16:53:35.706;FXXP SI 20241220 CS;SIMPLE_INSTRUMENT;EFP_IDX;EUR;33;510.40000000;64;EXCHANGE_LAST;;1;1;XEUR;7793976;816;
04.11.2024;18:07:42.642;FXXP SI 20241220 CS;SIMPLE_INSTRUMENT;BLOCK;EUR;35;510.70000000;507;EXCHANGE_LAST;;1;1;XEUR;7793976;816;
04.11.2024;14:46:52.449;GBRI SI 20241220 CS;SIMPLE_INSTRUMENT;BLOCK;CHF;34;534.25000000;100;EXCHANGE_LAST;;1;1;XEUR;7036601;783;
04.11.2024;15:39:52.243;GEBN SI 20250919 PS AM C 520.00 0;SIMPLE_INSTRUMENT;BLOCK;CHF;60;49.00000000;750;EXCHANGE_LAST;;1;1;XEUR;11883525;882;
04.11.2024;15:43:17.130;HEI SI 20241220 PS AM P 92.00 0;SIMPLE_INSTRUMENT;BLOCK;EUR;6;0.86000000;300;EXCHANGE_LAST;;1;1;XEUR;4647502;839;
04.11.2024;15:43:25.586;HEI SI 20250919 PS AM P 88.00 0;SIMPLE_INSTRUMENT;BLOCK;EUR;7;4.16000000;300;EXCHANGE_LAST;;1;1;XEUR;11882820;839;
04.11.2024;09:40:27.648;HOLN.O.241104.PDIA.000001;STANDARD_OPTION_STRATEGY;BLOCK;CHF;9;7.10000000;1600;EXCHANGE_LAST;;1;1;XEUR;72061644192119474;943;
04.11.2024;09:40:27.648;HOLN SI 20251219 PS AM P 84.00 0;SIMPLE_INSTRUMENT;BLOCK;CHF;9;7.44000000;1600;PRC_DECOMP_EXCHANGE;;;;XEUR;6272406;943;EXCHANGE
04.11.2024;09:40:27.648;HOLN SI 20260619 PS AM P 92.00 0;SIMPLE_INSTRUMENT;BLOCK;CHF;9;14.54000000;1600;PRC_DECOMP_EXCHANGE;;;;XEUR;9551546;943;EXCHANGE
04.11.2024;16:26:16.289;IDI SI 20241220 PS AM P 4.00 0;SIMPLE_INSTRUMENT;BLOCK;CHF;65;3.05000000;500;EXCHANGE_LAST;;1;1;XEUR;8815608;57132;
04.11.2024;14:31:17.465;IES5 SI 20270617 PS AM P 3.20 0;SIMPLE_INSTRUMENT;BLOCK;EUR;11;0.39500000;1000;EXCHANGE_LAST;;1;1;XEUR;11338328;900;
04.11.2024;14:49:10.015;IES5 SI 20270617 PS AM P 3.20 0;SIMPLE_INSTRUMENT;BLOCK;EUR;14;0.39500000;1000;EXCHANGE_LAST;;1;1;XEUR;11338328;900;
04.11.2024;12:59:38.888;IFX.O.241104.BRT.000008;STANDARD_OPTION_STRATEGY;BLOCK;EUR;12;1.57000000;2000;EXCHANGE_LAST;;1;1;XEUR;72061468098466517;902;
04.11.2024;12:59:38.888;IFX SI 20250620 PS AM P 30.00 0;SIMPLE_INSTRUMENT;BLOCK;EUR;12;3.53000000;2000;PRC_DECOMP_EXCHANGE;;;;XEUR;11362381;902;EXCHANGE
04.11.2024;12:59:38.888;IFX SI 20241220 PS AM P 30.00 0;SIMPLE_INSTRUMENT;BLOCK;EUR;12;1.96000000;2000;PRC_DECOMP_EXCHANGE;;;;XEUR;10408521;902;EXCHANGE
04.11.2024;15:46:37.467;IFX.N.241104.000011;NON_STANDARD_OPTION_STRATEGY;BLOCK;EUR;29;1.77000000;1100;EXCHANGE_LAST;;1;1;XEUR;72061468098466520;902;
04.11.2024;15:46:37.467;IFX SI 20241220 PS AM P 26.00 0;SIMPLE_INSTRUMENT;BLOCK;EUR;29;0.60000000;1100;PRC_DECOMP_EXCHANGE;;;;XEUR;10408527;902;EXCHANGE
04.11.2024;15:46:37.467;IFX SI 20241220 PS AM P 28.00 0;SIMPLE_INSTRUMENT;BLOCK;EUR;29;1.17000000;1100;PRC_DECOMP_EXCHANGE;;;;XEUR;4648442;902;EXCHANGE
04.11.2024;16:05:52.394;IFX SI 20241220 PS AM P 30.00 0;SIMPLE_INSTRUMENT;BLOCK;EUR;30;1.98000000;1500;EXCHANGE_LAST;;1;1;XEUR;10408521;902;
04.11.2024;16:35:37.067;IFX SI 20250620 PS AM C 32.00 0;SIMPLE_INSTRUMENT;BLOCK;EUR;33;2.30000000;1000;EXCHANGE_LAST;;1;1;XEUR;7905931;902;
04.11.2024;14:31:17.988;IGLN SI 20241220 PS AM P 47.25 0;SIMPLE_INSTRUMENT;BLOCK;USD;1;0.06000000;10000;EXCHANGE_LAST;;1;1;XEUR;10997349;75966;
04.11.2024;14:31:17.989;IGLN SI 20241220 PS AM P 47.25 0;SIMPLE_INSTRUMENT;BLOCK;USD;2;0.07000000;10000;EXCHANGE_LAST;;1;1;XEUR;10997349;75966;
04.11.2024;15:45:22.099;INN SI 20281215 PS AM P 12.00 0;SIMPLE_INSTRUMENT;BLOCK;EUR;20;1.71000000;3000;EXCHANGE_LAST;;1;1;XEUR;10410370;1014;
04.11.2024;11:41:23.608;KDBI SI 20241220 CS;SIMPLE_INSTRUMENT;BLOCK;EUR;21;67.86080000;10000;EXCHANGE_LAST;;1;1;XEUR;11420388;840012;
04.11.2024;11:47:44.631;KDBI SI 20241220 CS;SIMPLE_INSTRUMENT;BLOCK;EUR;22;67.82060000;10000;EXCHANGE_LAST;;1;1;XEUR;11420388;840012;
04.11.2024;09:37:41.215;KNIN SI 20241220 PS AM C 225.00 0;SIMPLE_INSTRUMENT;BLOCK;CHF;8;4.10000000;250;EXCHANGE_LAST;;1;1;XEUR;8858220;1091;
04.11.2024;12:21:12.068;KNIN.O.241104.COMBO.000003;STANDARD_OPTION_STRATEGY;BLOCK;CHF;25;6.90000000;375;EXCHANGE_LAST;;1;1;XEUR;72062279847256560;1091;
04.11.2024;12:21:12.068;KNIN SI 20241220 PS AM C 240.00 0;SIMPLE_INSTRUMENT;BLOCK;CHF;25;0.97000000;375;PRC_DECOMP_EXCHANGE;;;;XEUR;8788166;1091;EXCHANGE
04.11.2024;12:21:12.068;KNIN SI 20241220 PS AM P 220.00 0;SIMPLE_INSTRUMENT;BLOCK;CHF;25;7.87000000;375;PRC_DECOMP_EXCHANGE;;;;XEUR;8858221;1091;EXCHANGE
04.11.2024;13:30:56.361;LISP SI 20250919 PS AM P 8800.0 0;SIMPLE_INSTRUMENT;BLOCK;CHF;30;262.00000000;350;EXCHANGE_LAST;;1;1;XEUR;11887675;1149;
04.11.2024;15:11:21.881;LISP.O.241104.STD.000001;STANDARD_OPTION_STRATEGY;BLOCK;CHF;53;1330.00000000;150;EXCHANGE_LAST;;1;1;XEUR;72062528955357210;1149;
04.11.2024;15:11:21.881;LISP SI 20250620 PS AM C 10400.0 0;SIMPLE_INSTRUMENT;BLOCK;CHF;53;588.34000000;150;PRC_DECOMP_EXCHANGE;;;;XEUR;9555178;1149;EXCHANGE
04.11.2024;15:11:21.881;LISP SI 20250620 PS AM P 10400.0 0;SIMPLE_INSTRUMENT;BLOCK;CHF;53;741.66000000;150;PRC_DECOMP_EXCHANGE;;;;XEUR;9555170;1149;EXCHANGE
04.11.2024;15:20:39.208;LOGN SI 20241220 PS AM P 68.00 0;SIMPLE_INSTRUMENT;BLOCK;CHF;55;1.50000000;500;EXCHANGE_LAST;;1;1;XEUR;7299629;1143;
04.11.2024;10:38:52.686;LOR SI 20251219 PS AM C 360.00 0;SIMPLE_INSTRUMENT;BLOCK;EUR;6;29.10000000;250;EXCHANGE_LAST;;1;1;XEUR;5936384;1140;
04.11.2024;12:03:03.656;LOR SI 20250321 PS AM C 400.00 0;SIMPLE_INSTRUMENT;BLOCK;EUR;13;5.64000000;150;EXCHANGE_LAST;;1;1;XEUR;10846059;1140;
04.11.2024;12:03:04.370;LOR SI 20250321 PS AM P 360.00 0;SIMPLE_INSTRUMENT;BLOCK;EUR;14;25.76000000;150;EXCHANGE_LAST;;1;1;XEUR;10846067;1140;
04.11.2024;13:34:12.689;LOR SI 20251219 PS AM P 280.00 0;SIMPLE_INSTRUMENT;BLOCK;EUR;20;8.75000000;350;EXCHANGE_LAST;;1;1;XEUR;5936381;1140;
04.11.2024;16:19:28.414;LOR SI 20251219 PS AM C 360.00 0;SIMPLE_INSTRUMENT;BLOCK;EUR;31;28.25000000;200;EXCHANGE_LAST;;1;1;XEUR;5936384;1140;
04.11.2024;16:18:10.841;MLXG SI 20241220 CS;SIMPLE_INSTRUMENT;BLOCK;EUR;47;31.20790000;650;EXCHANGE_LAST;;1;1;XEUR;8265275;553017;
04.11.2024;14:20:43.101;MOH SI 20241220 PS AM P 560.00 0;SIMPLE_INSTRUMENT;BLOCK;EUR;24;8.01000000;100;EXCHANGE_LAST;;1;1;XEUR;4651814;1074;
04.11.2024;14:21:06.277;MOH SI 20251219 PS AM P 480.00 0;SIMPLE_INSTRUMENT;BLOCK;EUR;25;20.76000000;100;EXCHANGE_LAST;;1;1;XEUR;5937051;1074;
04.11.2024;09:19:40.366;MUV2 SI 20241220 PS AM P 440.00 0;SIMPLE_INSTRUMENT;BLOCK;EUR;1;4.90000000;200;EXCHANGE_LAST;;1;1;XEUR;10415697;1234;
04.11.2024;10:22:11.288;MUV2 SI 20250117 PS AM C 460.00 0;SIMPLE_INSTRUMENT;BLOCK;EUR;3;25.15000000;300;EXCHANGE_LAST;;1;1;XEUR;12081689;1234;
04.11.2024;16:33:55.999;NESG SI 20250321 CS;SIMPLE_INSTRUMENT;BLOCK;CHF;50;82.49000000;3500;EXCHANGE_LAST;;1;2;XEUR;10707780;1256;
04.11.2024;09:09:04.449;NESN SI 20250919 PS AM P 76.00 0;SIMPLE_INSTRUMENT;BLOCK;CHF;4;2.79000000;1500;EXCHANGE_LAST;;1;1;XEUR;11891490;1263;
04.11.2024;10:09:41.316;NESN SI 20241220 PS AM P 84.00 0;SIMPLE_INSTRUMENT;BLOCK;CHF;13;2.86000000;1500;EXCHANGE_LAST;;1;1;XEUR;4652628;1263;
04.11.2024;10:09:15.008;NESN SI 20250919 PS AM P 84.00 0;SIMPLE_INSTRUMENT;BLOCK;CHF;14;6.67000000;1500;EXCHANGE_LAST;;1;1;XEUR;11891520;1263;
04.11.2024;10:28:10.003;NESN SI 20260619 PS AM C 92.00 0;SIMPLE_INSTRUMENT;BLOCK;CHF;17;2.35000000;750;EXCHANGE_LAST;;1;1;XEUR;9559450;1263;
04.11.2024;13:04:06.768;NESN SI 20260619 PS AM P 68.00 0;SIMPLE_INSTRUMENT;BLOCK;CHF;26;2.25000000;2000;EXCHANGE_LAST;;1;1;XEUR;9559474;1263;
04.11.2024;15:21:23.690;NESN SI 20250321 PS AM P 84.00 0;SIMPLE_INSTRUMENT;BLOCK;CHF;51;3.88000000;750;EXCHANGE_LAST;;1;1;XEUR;10849726;1263;
04.11.2024;15:25:36.943;NESN.O.241104.BRT.000022;STANDARD_OPTION_STRATEGY;BLOCK;CHF;58;3.46000000;1000;EXCHANGE_LAST;;1;1;XEUR;72063018581698729;1263;
04.11.2024;15:25:36.943;NESN SI 20241115 PS AM P 80.00 0;SIMPLE_INSTRUMENT;BLOCK;CHF;58;0.30000000;1000;PRC_DECOMP_EXCHANGE;;;;XEUR;11713086;1263;EXCHANGE
04.11.2024;15:25:36.943;NESN SI 20250620 PS AM P 80.00 0;SIMPLE_INSTRUMENT;BLOCK;CHF;58;3.76000000;1000;PRC_DECOMP_EXCHANGE;;;;XEUR;11370065;1263;EXCHANGE
04.11.2024;16:39:19.877;NESN SI 20241220 PS AM C 87.00 0;SIMPLE_INSTRUMENT;BLOCK;CHF;66;0.49000000;750;EXCHANGE_LAST;;1;1;XEUR;11891471;1263;
04.11.2024;14:35:31.195;NOA3 SI 20241220 PS AM P 4.20 0;SIMPLE_INSTRUMENT;BLOCK;EUR;13;0.11000000;10000;EXCHANGE_LAST;;1;2;XEUR;11155975;1275;
04.11.2024;09:45:23.314;NOVN.O.241104.BUL.000003;STANDARD_OPTION_STRATEGY;BLOCK;CHF;10;1.25000000;1000;EXCHANGE_LAST;;1;1;XEUR;75170350110873281;724745;
04.11.2024;09:45:23.314;NOVN SI 20241115 PS AM C 96.00 0;SIMPLE_INSTRUMENT;BLOCK;CHF;10;1.35000000;1000;PRC_DECOMP_EXCHANGE;;;;XEUR;11744379;724745;EXCHANGE
04.11.2024;09:45:23.314;NOVN SI 20241115 PS AM C 102.00 0;SIMPLE_INSTRUMENT;BLOCK;CHF;10;0.10000000;1000;PRC_DECOMP_EXCHANGE;;;;XEUR;11744401;724745;EXCHANGE
04.11.2024;10:15:41.393;NOVN SI 20250117 PS AM C 93.00 0;SIMPLE_INSTRUMENT;BLOCK;CHF;15;4.51000000;1250;EXCHANGE_LAST;;1;1;XEUR;12113087;724745;
04.11.2024;11:46:41.274;NOVN.O.241104.BLT.000012;STANDARD_OPTION_STRATEGY;BLOCK;CHF;24;0.87000000;1000;EXCHANGE_LAST;;1;2;XEUR;75170350110873290;724745;
04.11.2024;11:46:41.274;NOVN SI 20241115 PS AM C 98.00 0;SIMPLE_INSTRUMENT;BLOCK;CHF;24;0.60000000;1000;PRC_DECOMP_MEMBER;;;;XEUR;11744368;724745;MEMBER
04.11.2024;11:46:41.274;NOVN SI 20241220 PS AM C 98.00 0;SIMPLE_INSTRUMENT;BLOCK;CHF;24;1.47000000;1000;PRC_DECOMP_MEMBER;;;;XEUR;10497521;724745;MEMBER
04.11.2024;14:52:52.340;NOVN SI 20241115 PS AM P 94.00 0;SIMPLE_INSTRUMENT;BLOCK;CHF;46;0.73000000;500;EXCHANGE_LAST;;1;1;XEUR;11744354;724745;
04.11.2024;15:02:56.079;NOVN SI 20250117 PS AM P 96.00 0;SIMPLE_INSTRUMENT;BLOCK;CHF;49;2.83000000;1500;EXCHANGE_LAST;;1;1;XEUR;12113238;724745;
04.11.2024;15:22:47.198;NOVN SI 20250919 PS AM P 84.00 0;SIMPLE_INSTRUMENT;BLOCK;CHF;57;2.46000000;1500;EXCHANGE_LAST;;1;1;XEUR;11933157;724745;
04.11.2024;11:32:44.438;OBTP.O.241104.BER.000001;STANDARD_OPTION_STRATEGY;BLOCK;EUR;38;0.81000000;500;EXCHANGE_LAST;;1;1;XEUR;72310189654561513;58812;
04.11.2024;11:32:44.438;OBTP SI 20241122 PS AM P 118.00 0;SIMPLE_INSTRUMENT;BLOCK;EUR;38;0.38000000;500;PRC_DECOMP_EXCHANGE;;;;XEUR;11242890;58812;EXCHANGE
04.11.2024;11:32:44.438;OBTP SI 20241122 PS AM P 120.00 0;SIMPLE_INSTRUMENT;BLOCK;EUR;38;1.19000000;500;PRC_DECOMP_EXCHANGE;;;;XEUR;11242882;58812;EXCHANGE
04.11.2024;09:29:06.303;ODAX SI 20250620 CS EU C 21000 0;SIMPLE_INSTRUMENT;BLOCK;EUR;3;320.30000000;1450;EXCHANGE_LAST;;1;1;XEUR;10808509;1176;
04.11.2024;14:52:23.018;ODAX SI 20241220 CS EU P 17300 0;SIMPLE_INSTRUMENT;BLOCK;EUR;8;74.00000000;3800;EXCHANGE_LAST;;1;1;XEUR;10358532;1176;
04.11.2024;14:52:19.998;ODAX SI 20241220 CS EU P 17700 0;SIMPLE_INSTRUMENT;BLOCK;EUR;9;102.00000000;3800;EXCHANGE_LAST;;1;1;XEUR;10413397;1176;
04.11.2024;16:32:41.190;ODAX.O.241104.BER.000091;STANDARD_OPTION_STRATEGY;BLOCK;EUR;11;28.50000000;1300;EXCHANGE_LAST;;1;1;XEUR;72062644920384493;1176;
04.11.2024;16:32:41.190;ODAX SI 20241220 CS EU P 17300 0;SIMPLE_INSTRUMENT;BLOCK;EUR;11;73.50000000;1300;PRC_DECOMP_MEMBER;;;;XEUR;10358532;1176;MEMBER
04.11.2024;16:32:41.190;ODAX SI 20241220 CS EU P 17700 0;SIMPLE_INSTRUMENT;BLOCK;EUR;11;102.00000000;1300;PRC_DECOMP_MEMBER;;;;XEUR;10413397;1176;MEMBER
04.11.2024;09:54:57.784;ODAX.V.241104.BR23-U.000156;OPTION_VOLATILITY_STRATEGY;BLOCK;EUR;671088645;-106.80000000;3;EXCHANGE_LAST;;1;1;XEUR;72062644920384558;1176;
04.11.2024;09:54:57.784;ODAX SI 20241115 CS EU P 18500 0;SIMPLE_INSTRUMENT;BLOCK;EUR;671088645;73.50000000;750;PRC_DECOMP_MEMBER;;;;XEUR;11711371;1176;MEMBER
04.11.2024;09:54:57.784;ODAX SI 20241115 CS EU P 17000 0;SIMPLE_INSTRUMENT;BLOCK;EUR;671088645;13.40000000;1125;PRC_DECOMP_MEMBER;;;;XEUR;11755092;1176;MEMBER
04.11.2024;09:54:57.784;FDAX SI 20241220 CS;SIMPLE_INSTRUMENT;BLOCK;EUR;671088645;19330.00000000;18;PRC_DECOMP_MEMBER;;;;XEUR;7296065;1176;MEMBER
04.11.2024;10:58:18.280;ODAX.V.241104.BER+U.000166;OPTION_VOLATILITY_STRATEGY;BLOCK;EUR;671088646;51.00000000;1;EXCHANGE_LAST;;1;1;XEUR;72062644920384568;1176;
04.11.2024;10:58:18.280;ODAX SI 20241115 CS EU P 17300 0;SIMPLE_INSTRUMENT;BLOCK;EUR;671088646;15.00000000;700;PRC_DECOMP_MEMBER;;;;XEUR;11711187;1176;MEMBER
04.11.2024;10:58:18.280;FDAX SI 20241220 CS;SIMPLE_INSTRUMENT;BLOCK;EUR;671088646;19360.00000000;17;PRC_DECOMP_MEMBER;;;;XEUR;7296065;1176;MEMBER
04.11.2024;10:58:18.280;ODAX SI 20241115 CS EU P 18500 0;SIMPLE_INSTRUMENT;BLOCK;EUR;671088646;66.00000000;700;PRC_DECOMP_MEMBER;;;;XEUR;11711371;1176;MEMBER
04.11.2024;11:30:42.067;ODAX.V.241104.BLT-U.000171;OPTION_VOLATILITY_STRATEGY;BLOCK;EUR;671088647;184.70000000;6;EXCHANGE_LAST;;1;1;XEUR;72062644920384573;1176;
04.11.2024;11:30:42.067;FDAX SI 20241220 CS;SIMPLE_INSTRUMENT;BLOCK;EUR;671088647;19360.00000000;12;PRC_DECOMP_EXCHANGE;;;;XEUR;7296065;1176;EXCHANGE
04.11.2024;11:30:42.067;ODAX SI 20241115 CS EU C 19500 0;SIMPLE_INSTRUMENT;BLOCK;EUR;671088647;146.80000000;750;PRC_DECOMP_EXCHANGE;;;;XEUR;11711618;1176;EXCHANGE
04.11.2024;11:30:42.067;ODAX SI 20241220 CS EU C 19500 0;SIMPLE_INSTRUMENT;BLOCK;EUR;671088647;331.50000000;750;PRC_DECOMP_EXCHANGE;;;;XEUR;11144407;1176;EXCHANGE
04.11.2024;15:49:44.734;ODAX.V.241104.PUT+U.000212;OPTION_VOLATILITY_STRATEGY;BLOCK;EUR;671088650;234.50000000;2;EXCHANGE_LAST;;1;1;XEUR;72062644920384614;1176;
04.11.2024;15:49:44.734;ODAX SI 20241220 CS EU P 18700 0;SIMPLE_INSTRUMENT;BLOCK;EUR;671088650;234.50000000;750;PRC_DECOMP_EXCHANGE;;;;XEUR;10804711;1176;EXCHANGE
04.11.2024;15:49:44.734;FDAX SI 20241220 CS;SIMPLE_INSTRUMENT;BLOCK;EUR;671088650;19290.00000000;44;PRC_DECOMP_EXCHANGE;;;;XEUR;7296065;1176;EXCHANGE
04.11.2024;10:00:11.464;OESB SI 20250117 CS EU P 124.0 0;SIMPLE_INSTRUMENT;BLOCK;EUR;8;0.75000000;24500;EXCHANGE_LAST;;1;1;XEUR;12081047;1195;
04.11.2024;10:00:11.466;OESB SI 20250117 CS EU P 124.0 0;SIMPLE_INSTRUMENT;BLOCK;EUR;9;0.80000000;10500;EXCHANGE_LAST;;1;1;XEUR;12081047;1195;
04.11.2024;10:00:40.602;OESB SI 20250117 CS EU P 121.0 0;SIMPLE_INSTRUMENT;BLOCK;EUR;10;0.60000000;35000;EXCHANGE_LAST;;1;1;XEUR;12132118;1195;
04.11.2024;10:10:19.488;OESB SI 20250620 CS EU P 130.0 0;SIMPLE_INSTRUMENT;BLOCK;EUR;15;4.90000000;6000;EXCHANGE_LAST;;1;1;XEUR;7566308;1195;
04.11.2024;10:11:02.501;OESB SI 20251219 CS EU P 130.0 0;SIMPLE_INSTRUMENT;BLOCK;EUR;16;8.10000000;6000;EXCHANGE_LAST;;1;1;XEUR;6911873;1195;
04.11.2024;14:51:32.305;OESB SI 20250321 CS EU P 100.0 0;SIMPLE_INSTRUMENT;BLOCK;EUR;37;0.50000000;6000;EXCHANGE_LAST;;1;1;XEUR;10413966;1195;
04.11.2024;16:24:43.254;OESB SI 20241220 CS EU P 140.0 0;SIMPLE_INSTRUMENT;BLOCK;EUR;50;1.95000000;6099;EXCHANGE_LAST;;1;1;XEUR;4634170;1195;
04.11.2024;16:24:55.255;OESB SI 20241115 CS EU P 130.0 0;SIMPLE_INSTRUMENT;BLOCK;EUR;51;0.10000000;6099;EXCHANGE_LAST;;1;1;XEUR;11711706;1195;
04.11.2024;09:51:20.963;OESB.V.241104.BR23-U.000051;OPTION_VOLATILITY_STRATEGY;BLOCK;EUR;603979782;-0.60000000;30;EXCHANGE_LAST;;1;1;XEUR;72062726523970445;1195;
04.11.2024;09:51:20.963;OESB SI 20241115 CS EU P 140.0 0;SIMPLE_INSTRUMENT;BLOCK;EUR;603979782;0.60000000;9000;PRC_DECOMP_EXCHANGE;;;;XEUR;11711724;1195;EXCHANGE
04.11.2024;09:51:20.963;OESB SI 20241115 CS EU P 144.0 0;SIMPLE_INSTRUMENT;BLOCK;EUR;603979782;1.20000000;6000;PRC_DECOMP_EXCHANGE;;;;XEUR;11711743;1195;EXCHANGE
04.11.2024;09:51:20.963;FESB SI 20241220 CS;SIMPLE_INSTRUMENT;BLOCK;EUR;603979782;148.30000000;300;PRC_DECOMP_EXCHANGE;;;;XEUR;10838895;1195;EXCHANGE
