#Date;TrdTime;Contract;ContractType;TrdTyp;Currency;TesId;Prc;Qty;TrdInd;Aggressor;Buy;Sell;Exch;InstrumentId;RelatedProdId;PrcDecomp
13.11.2024;16:35:50.015;7PIF SI 20241219 CS;SIMPLE_INSTRUMENT;BLOCK;EUR;113;12.74600000;2000;EXCHANGE_LAST;;1;1;XEUR;7029747;48299;
13.11.2024;09:15:47.059;A2LV SI 20251219 CS;SIMPLE_INSTRUMENT;BLOCK;EUR;3;14.90000000;100;EXCHANGE_LAST;;2;1;XEUR;3681050;12;
13.11.2024;09:21:27.706;A2LV SI 20251219 CS;SIMPLE_INSTRUMENT;BLOCK;EUR;6;14.95000000;50;EXCHANGE_LAST;;1;1;XEUR;3681050;12;
13.11.2024;14:53:27.096;A2LV SI 20251219 CS;SIMPLE_INSTRUMENT;BLOCK;EUR;69;14.95000000;50;EXCHANGE_LAST;;1;1;XEUR;3681050;12;
13.11.2024;15:49:53.262;A2LV SI 20251219 CS;SIMPLE_INSTRUMENT;BLOCK;EUR;85;14.95000000;25;EXCHANGE_LAST;;1;1;XEUR;3681050;12;
13.11.2024;16:07:49.374;A2LV SI 20251219 CS;SIMPLE_INSTRUMENT;BLOCK;EUR;95;14.95000000;50;EXCHANGE_LAST;;1;1;XEUR;3681050;12;
13.11.2024;13:51:25.890;A2XA SI 20251219 CS;SIMPLE_INSTRUMENT;BLOCK;EUR;55;2.08000000;125;EXCHANGE_LAST;;1;1;XEUR;3681055;17;
13.11.2024;16:21:51.013;A2XA SI 20271217 CS;SIMPLE_INSTRUMENT;BLOCK;EUR;100;1.94000000;300;EXCHANGE_LAST;;1;1;XEUR;5914267;17;
13.11.2024;10:04:02.373;ABBN SI 20241220 PS AM P 50.50 0;SIMPLE_INSTRUMENT;BLOCK;CHF;14;1.88000000;1800;EXCHANGE_LAST;;1;1;XEUR;11848924;574517;
13.11.2024;09:50:29.624;ADEN.O.241113.STG.000003;STANDARD_OPTION_STRATEGY;BLOCK;CHF;13;2.25000000;2100;EXCHANGE_LAST;;1;1;XEUR;72057783016513522;44;
13.11.2024;09:50:29.624;ADEN SI 20250321 PS AM C 26.00 0;SIMPLE_INSTRUMENT;BLOCK;CHF;13;0.69000000;2100;PRC_DECOMP_MEMBER;;;;XEUR;10828055;44;MEMBER
13.11.2024;09:50:29.624;ADEN SI 20250321 PS AM P 24.00 0;SIMPLE_INSTRUMENT;BLOCK;CHF;13;1.56000000;2100;PRC_DECOMP_MEMBER;;;;XEUR;10827978;44;MEMBER
13.11.2024;11:23:03.468;ADEN SI 20250620 PS AM P 20.00 0;SIMPLE_INSTRUMENT;BLOCK;CHF;31;0.99000000;400;EXCHANGE_LAST;;1;1;XEUR;7956255;44;
13.11.2024;11:43:07.905;ADEN SI 20250620 PS AM P 20.00 0;SIMPLE_INSTRUMENT;BLOCK;CHF;35;0.95000000;2000;EXCHANGE_LAST;;1;1;XEUR;7956255;44;
13.11.2024;14:11:39.512;ADEN SI 20250919 PS AM P 20.00 0;SIMPLE_INSTRUMENT;BLOCK;CHF;52;1.25000000;1750;EXCHANGE_LAST;;1;1;XEUR;11870213;44;
13.11.2024;16:15:41.967;ADEN.O.241113.PDIA.000006;STANDARD_OPTION_STRATEGY;BLOCK;CHF;61;-0.15000000;1000;EXCHANGE_LAST;;1;1;XEUR;72057783016513525;44;
13.11.2024;16:15:41.967;ADEN SI 20251219 PS AM P 20.00 0;SIMPLE_INSTRUMENT;BLOCK;CHF;61;1.52000000;1000;PRC_DECOMP_EXCHANGE;;;;XEUR;7753932;44;EXCHANGE
13.11.2024;16:15:41.967;ADEN SI 20250321 PS AM P 24.00 0;SIMPLE_INSTRUMENT;BLOCK;CHF;61;1.67000000;1000;PRC_DECOMP_EXCHANGE;;;;XEUR;10827978;44;EXCHANGE
13.11.2024;12:11:49.138;ADS SI 20250620 PS AM C 240.00 0;SIMPLE_INSTRUMENT;BLOCK;EUR;7;11.41000000;250;EXCHANGE_LAST;;1;1;XEUR;7897600;50;
13.11.2024;16:30:58.954;ADS SI 20250321 PS AM P 190.00 0;SIMPLE_INSTRUMENT;BLOCK;EUR;12;5.05000000;500;EXCHANGE_LAST;;1;1;XEUR;10828471;50;
13.11.2024;17:08:46.863;ADS.O.241113.STG.000007;STANDARD_OPTION_STRATEGY;BLOCK;EUR;13;21.70000000;500;EXCHANGE_LAST;;2;1;XEUR;72057808786330035;50;
13.11.2024;17:08:46.863;ADS SI 20250321 PS AM C 240.00 0;SIMPLE_INSTRUMENT;BLOCK;EUR;13;6.70000000;500;PRC_DECOMP_MEMBER;;;;XEUR;10828524;50;MEMBER
13.11.2024;17:08:46.863;ADS SI 20250321 PS AM P 220.00 0;SIMPLE_INSTRUMENT;BLOCK;EUR;13;15.00000000;500;PRC_DECOMP_MEMBER;;;;XEUR;10828519;50;MEMBER
13.11.2024;12:43:22.165;AER.O.241113.STD.000001;STANDARD_OPTION_STRATEGY;BLOCK;GBX;6;180.00000000;250;EXCHANGE_LAST;;1;1;XEUR;72057847440998404;59;
13.11.2024;12:43:22.165;AER SI 20250620 PS AM P 1400 0;SIMPLE_INSTRUMENT;BLOCK;GBX;6;105.00000000;250;PRC_DECOMP_EXCHANGE;;;;XEUR;9536686;59;EXCHANGE
13.11.2024;12:43:22.165;AER SI 20250620 PS AM C 1400 0;SIMPLE_INSTRUMENT;BLOCK;GBX;6;75.00000000;250;PRC_DECOMP_EXCHANGE;;;;XEUR;9536755;59;EXCHANGE
13.11.2024;11:16:06.118;ALC SI 20250321 PS AM P 72.00 0;SIMPLE_INSTRUMENT;BLOCK;CHF;26;2.91000000;1500;EXCHANGE_LAST;;1;1;XEUR;10872515;130134;
13.11.2024;11:16:07.033;ALC SI 20250321 PS AM C 80.00 0;SIMPLE_INSTRUMENT;BLOCK;CHF;27;1.69000000;1500;EXCHANGE_LAST;;1;1;XEUR;10872454;130134;
13.11.2024;11:06:10.142;ALVG.S.NOV24.DEC24.SPD;FUTURES_SPREAD;BLOCK;EUR;24;-0.90630000;24500;EXCHANGE_LAST;;1;1;XEUR;72057959110148361;85;
13.11.2024;11:06:10.142;ALVG SI 20241115 CS;SIMPLE_INSTRUMENT;BLOCK;EUR;24;282.98740000;24500;PRC_DECOMP_EXCHANGE;;;;XEUR;10109549;85;EXCHANGE
13.11.2024;11:06:10.142;ALVG SI 20241220 CS;SIMPLE_INSTRUMENT;BLOCK;EUR;24;283.89370000;24500;PRC_DECOMP_EXCHANGE;;;;XEUR;7031281;85;EXCHANGE
13.11.2024;11:06:42.112;ALVP.S.NOV24.DEC24.SPD;FUTURES_SPREAD;BLOCK;EUR;26;-0.87840000;24500;EXCHANGE_LAST;;1;1;XEUR;72591458472820806;124300;
13.11.2024;11:06:42.112;ALVP SI 20241115 PS;SIMPLE_INSTRUMENT;BLOCK;EUR;26;283.00140000;24500;PRC_DECOMP_EXCHANGE;;;;XEUR;10142648;124300;EXCHANGE
13.11.2024;11:06:42.112;ALVP SI 20241220 PS;SIMPLE_INSTRUMENT;BLOCK;EUR;26;283.87980000;24500;PRC_DECOMP_EXCHANGE;;;;XEUR;7052671;124300;EXCHANGE
13.11.2024;09:47:30.627;ASG5.O.241113.COMBO.000001;STANDARD_OPTION_STRATEGY;BLOCK;EUR;2;0.23000000;1000;EXCHANGE_LAST;;1;1;XEUR;72058062189367498;109;
13.11.2024;09:47:30.627;ASG5 SI 20250320 PS AM C 28.00 0;SIMPLE_INSTRUMENT;BLOCK;EUR;2;0.23450000;1000;PRC_DECOMP_EXCHANGE;;;;XEUR;10822067;109;EXCHANGE
13.11.2024;09:47:30.627;ASG5 SI 20250320 PS AM P 24.00 0;SIMPLE_INSTRUMENT;BLOCK;EUR;2;0.46450000;1000;PRC_DECOMP_EXCHANGE;;;;XEUR;10822094;109;EXCHANGE
13.11.2024;15:28:38.722;ASM SI 20250620 PS AM P 600.00 0;SIMPLE_INSTRUMENT;BLOCK;EUR;19;51.72000000;150;EXCHANGE_LAST;;1;1;XEUR;11349935;107;
13.11.2024;15:28:38.610;ASM SI 20250620 PS AM C 720.00 0;SIMPLE_INSTRUMENT;BLOCK;EUR;20;35.68000000;150;EXCHANGE_LAST;;1;1;XEUR;7898590;107;
13.11.2024;10:23:47.490;AXA SI 20251219 PS AM P 32.00 0;SIMPLE_INSTRUMENT;BLOCK;EUR;7;2.50000000;1750;EXCHANGE_LAST;;1;1;XEUR;6158498;127;
13.11.2024;10:24:10.531;AXA SI 20251219 PS AM P 32.00 0;SIMPLE_INSTRUMENT;BLOCK;EUR;8;2.49000000;1750;EXCHANGE_LAST;;1;1;XEUR;6158498;127;
13.11.2024;10:24:35.749;AXA SI 20251219 PS AM C 32.00 0;SIMPLE_INSTRUMENT;BLOCK;EUR;9;3.17000000;3500;EXCHANGE_LAST;;1;1;XEUR;6158497;127;
13.11.2024;11:21:04.879;AXA SI 20260619 PS AM P 30.00 0;SIMPLE_INSTRUMENT;BLOCK;EUR;15;2.70000000;3000;EXCHANGE_LAST;;2;1;XEUR;11479916;127;
13.11.2024;14:00:57.925;AXA.O.241113.RBER.000005;STANDARD_OPTION_STRATEGY;BLOCK;EUR;30;-0.05000000;2000;EXCHANGE_LAST;;1;1;XEUR;72058139498793076;127;
13.11.2024;14:00:57.925;AXA SI 20241220 PS AM P 30.00 0;SIMPLE_INSTRUMENT;BLOCK;EUR;30;0.21000000;2000;PRC_DECOMP_EXCHANGE;;;;XEUR;9106592;127;EXCHANGE
13.11.2024;14:00:57.925;AXA SI 20241220 PS AM P 25.00 0;SIMPLE_INSTRUMENT;BLOCK;EUR;30;0.08000000;4000;PRC_DECOMP_EXCHANGE;;;;XEUR;4796823;127;EXCHANGE
13.11.2024;16:05:34.532;AXA.O.241113.BR23.000008;STANDARD_OPTION_STRATEGY;BLOCK;EUR;36;-5.30000000;2250;EXCHANGE_LAST;;2;2;XEUR;72058139498793079;127;
13.11.2024;16:05:34.532;AXA SI 20281215 PS AM P 20.00 0;SIMPLE_INSTRUMENT;BLOCK;EUR;36;1.74000000;6750;PRC_DECOMP_MEMBER;;;;XEUR;10396083;127;MEMBER
13.11.2024;16:05:34.532;AXA SI 20281215 PS AM P 30.00 0;SIMPLE_INSTRUMENT;BLOCK;EUR;36;5.26000000;4500;PRC_DECOMP_MEMBER;;;;XEUR;11479924;127;MEMBER
13.11.2024;16:30:08.671;AXA SI 20250919 PS AM P 28.00 0;SIMPLE_INSTRUMENT;BLOCK;EUR;46;1.07000000;1250;EXCHANGE_LAST;;1;1;XEUR;11872447;127;
13.11.2024;16:38:40.356;AXNF SI 20241114 CS;SIMPLE_INSTRUMENT;BLOCK;EUR;117;23.81000000;55;EXCHANGE_LAST;;1;1;XEUR;10105631;32917;
13.11.2024;14:25:22.015;B2NP SI 20251219 CS;SIMPLE_INSTRUMENT;BLOCK;EUR;62;4.80500000;100;EXCHANGE_LAST;;1;1;XEUR;5914355;131;
13.11.2024;16:22:56.704;B2NP SI 20251219 CS;SIMPLE_INSTRUMENT;BLOCK;EUR;101;4.81000000;100;EXCHANGE_LAST;;1;1;XEUR;5914355;131;
13.11.2024;16:25:36.998;B2NP SI 20251219 CS;SIMPLE_INSTRUMENT;BLOCK;EUR;102;4.81500000;100;EXCHANGE_LAST;;1;1;XEUR;5914355;131;
13.11.2024;16:37:51.720;B2NP SI 20251219 CS;SIMPLE_INSTRUMENT;BLOCK;EUR;114;4.81000000;400;EXCHANGE_LAST;;1;1;XEUR;5914355;131;
13.11.2024;16:05:42.765;B2PV SI 20241220 CS;SIMPLE_INSTRUMENT;BLOCK;EUR;94;0.96000000;10590;EXCHANGE_LAST;;1;1;XEUR;12178599;949834;
13.11.2024;13:26:32.293;B2YG SI 20261218 CS;SIMPLE_INSTRUMENT;BLOCK;EUR;50;1.68000000;400;EXCHANGE_LAST;;2;3;XEUR;6820081;45713;
13.11.2024;14:07:15.452;B2YG SI 20261218 CS;SIMPLE_INSTRUMENT;BLOCK;EUR;61;1.68000000;200;EXCHANGE_LAST;;1;1;XEUR;6820081;45713;
13.11.2024;15:09:26.152;B2YG SI 20271217 CS;SIMPLE_INSTRUMENT;BLOCK;EUR;74;1.59000000;1125;EXCHANGE_LAST;;1;2;XEUR;8405340;45713;
13.11.2024;11:46:13.876;BALN.O.241113.STG.000001;STANDARD_OPTION_STRATEGY;BLOCK;CHF;37;8.41000000;300;EXCHANGE_LAST;;1;1;XEUR;72058225398130541;147;
13.11.2024;11:46:13.876;BALN SI 20250321 PS AM P 160.00 0;SIMPLE_INSTRUMENT;BLOCK;CHF;37;4.40000000;300;PRC_DECOMP_EXCHANGE;;;;XEUR;10830607;147;EXCHANGE
13.11.2024;11:46:13.876;BALN SI 20250321 PS AM C 170.00 0;SIMPLE_INSTRUMENT;BLOCK;CHF;37;4.01000000;300;PRC_DECOMP_EXCHANGE;;;;XEUR;10830611;147;EXCHANGE
13.11.2024;09:20:29.831;BAS SI 20270618 PS AM P 48.00 0;SIMPLE_INSTRUMENT;BLOCK;EUR;1;10.33000000;1000;EXCHANGE_LAST;;1;1;XEUR;11350894;150;
13.11.2024;12:46:18.022;BAS SI 20241220 PS AM P 44.00 0;SIMPLE_INSTRUMENT;BLOCK;EUR;11;2.12000000;5500;EXCHANGE_LAST;;1;4;XEUR;4705204;150;
13.11.2024;14:04:35.518;BAS SI 20271217 PS AM P 40.00 0;SIMPLE_INSTRUMENT;BLOCK;EUR;14;6.20000000;5000;EXCHANGE_LAST;;4;2;XEUR;8774163;150;
13.11.2024;14:16:36.243;BAS SI 20241220 PS AM P 40.00 0;SIMPLE_INSTRUMENT;BLOCK;EUR;16;0.57000000;1000;EXCHANGE_LAST;;1;1;XEUR;4705206;150;
13.11.2024;15:17:17.081;BAS SI 20250117 PS AM C 44.00 0;SIMPLE_INSTRUMENT;BLOCK;EUR;19;1.30000000;1500;EXCHANGE_LAST;;1;1;XEUR;12068772;150;
13.11.2024;09:35:03.762;BAY SI 20250321 PS AM C 26.00 0;SIMPLE_INSTRUMENT;BLOCK;EUR;2;0.49000000;10000;EXCHANGE_LAST;;1;1;XEUR;10831479;168;
13.11.2024;09:35:07.433;BAY SI 20250321 PS AM P 19.00 0;SIMPLE_INSTRUMENT;BLOCK;EUR;3;1.11000000;10000;EXCHANGE_LAST;;1;1;XEUR;10831451;168;
13.11.2024;10:11:08.383;BAY.O.241113.CLAD.000042;STANDARD_OPTION_STRATEGY;BLOCK;EUR;4;0.61000000;2000;EXCHANGE_LAST;;1;1;XEUR;72058315592504962;168;
13.11.2024;10:11:08.383;BAY SI 20250620 PS AM C 24.00 0;SIMPLE_INSTRUMENT;BLOCK;EUR;4;1.35000000;2000;PRC_DECOMP_EXCHANGE;;;;XEUR;8112550;168;EXCHANGE
13.11.2024;10:11:08.383;BAY SI 20250620 PS AM C 30.00 0;SIMPLE_INSTRUMENT;BLOCK;EUR;4;0.47000000;2000;PRC_DECOMP_EXCHANGE;;;;XEUR;10324702;168;EXCHANGE
13.11.2024;10:11:08.383;BAY SI 20250620 PS AM C 34.00 0;SIMPLE_INSTRUMENT;BLOCK;EUR;4;0.27000000;2000;PRC_DECOMP_EXCHANGE;;;;XEUR;11237934;168;EXCHANGE
13.11.2024;12:39:36.393;BAY SI 20250321 PS AM C 28.00 0;SIMPLE_INSTRUMENT;BLOCK;EUR;10;0.27000000;4000;EXCHANGE_LAST;;1;1;XEUR;10831463;168;
13.11.2024;12:51:25.751;BAY SI 20250620 PS AM P 26.00 0;SIMPLE_INSTRUMENT;BLOCK;EUR;13;5.88000000;11500;EXCHANGE_LAST;;3;2;XEUR;10324699;168;
13.11.2024;14:50:36.619;BAY SI 20261218 PS AM P 18.00 0;SIMPLE_INSTRUMENT;BLOCK;EUR;18;2.58000000;2000;EXCHANGE_LAST;;1;1;XEUR;8112434;168;
13.11.2024;16:40:09.144;BAYG.S.DEC24.MAR25.SPD;FUTURES_SPREAD;BLOCK;EUR;118;-0.16300000;7500;EXCHANGE_LAST;;1;1;XEUR;72384157581312163;76034;
13.11.2024;16:40:09.144;BAYG SI 20241220 CS;SIMPLE_INSTRUMENT;BLOCK;EUR;118;20.95500000;7500;PRC_DECOMP_EXCHANGE;;;;XEUR;7051807;76034;EXCHANGE
13.11.2024;16:40:09.144;BAYG SI 20250321 CS;SIMPLE_INSTRUMENT;BLOCK;EUR;118;21.11800000;7500;PRC_DECOMP_EXCHANGE;;;;XEUR;10723979;76034;EXCHANGE
13.11.2024;13:40:25.892;BBVD SI 20250919 PS AM P 7.50 0;SIMPLE_INSTRUMENT;BLOCK;EUR;12;0.38000000;3000;EXCHANGE_LAST;;1;1;XEUR;10831090;172;
13.11.2024;09:23:38.274;BMW.O.241113.STG.000008;STANDARD_OPTION_STRATEGY;BLOCK;EUR;6;5.13000000;600;EXCHANGE_LAST;;1;1;XEUR;72058495981106419;210;
13.11.2024;09:23:38.274;BMW SI 20250321 PS AM P 64.00 0;SIMPLE_INSTRUMENT;BLOCK;EUR;6;2.73000000;600;PRC_DECOMP_MEMBER;;;;XEUR;10832577;210;MEMBER
13.11.2024;09:23:38.274;BMW SI 20250321 PS AM C 72.00 0;SIMPLE_INSTRUMENT;BLOCK;EUR;6;2.40000000;600;PRC_DECOMP_MEMBER;;;;XEUR;10832603;210;MEMBER
13.11.2024;12:24:09.695;BMW.O.241113.BRT.000014;STANDARD_OPTION_STRATEGY;BLOCK;EUR;20;0.00000000;645;EXCHANGE_LAST;;1;1;XEUR;72058495981106425;210;
13.11.2024;12:24:09.695;BMW SI 20241115 PS AM P 76.00 0;SIMPLE_INSTRUMENT;BLOCK;EUR;20;10.02000000;645;PRC_DECOMP_EXCHANGE;;;;XEUR;11701036;210;EXCHANGE
13.11.2024;12:24:09.695;BMW SI 20241220 PS AM P 76.00 0;SIMPLE_INSTRUMENT;BLOCK;EUR;20;10.02000000;645;PRC_DECOMP_EXCHANGE;;;;XEUR;4640268;210;EXCHANGE
13.11.2024;14:26:33.489;BMW.O.241113.COMBO.000019;STANDARD_OPTION_STRATEGY;BLOCK;EUR;26;1.54000000;1250;EXCHANGE_LAST;;1;1;XEUR;72058495981106430;210;
13.11.2024;14:26:33.489;BMW SI 20261218 PS AM P 52.00 0;SIMPLE_INSTRUMENT;BLOCK;EUR;26;4.66000000;1250;PRC_DECOMP_MEMBER;;;;XEUR;7481157;210;MEMBER
13.11.2024;14:26:33.489;BMW SI 20261218 PS AM C 84.00 0;SIMPLE_INSTRUMENT;BLOCK;EUR;26;3.12000000;1250;PRC_DECOMP_MEMBER;;;;XEUR;7154227;210;MEMBER
13.11.2024;16:30:07.239;BMW.O.241113.BER.000024;STANDARD_OPTION_STRATEGY;BLOCK;EUR;36;3.00000000;500;EXCHANGE_LAST;;1;1;XEUR;72058495981106435;210;
13.11.2024;16:30:07.239;BMW SI 20241220 PS AM P 92.00 0;SIMPLE_INSTRUMENT;BLOCK;EUR;36;25.94000000;500;PRC_DECOMP_EXCHANGE;;;;XEUR;4640272;210;EXCHANGE
13.11.2024;16:30:07.239;BMW SI 20241220 PS AM P 95.00 0;SIMPLE_INSTRUMENT;BLOCK;EUR;36;28.94000000;500;PRC_DECOMP_EXCHANGE;;;;XEUR;9393924;210;EXCHANGE
13.11.2024;08:51:03.186;BNP.O.241113.STD.000002;STANDARD_OPTION_STRATEGY;BLOCK;EUR;1;12.40000000;4000;EXCHANGE_LAST;;1;1;XEUR;72058611945197503;237;
13.11.2024;08:51:03.186;BNP SI 20251219 PS AM C 56.00 0;SIMPLE_INSTRUMENT;BLOCK;EUR;1;6.99000000;4000;PRC_DECOMP_EXCHANGE;;;;XEUR;5923365;237;EXCHANGE
13.11.2024;08:51:03.186;BNP SI 20251219 PS AM P 56.00 0;SIMPLE_INSTRUMENT;BLOCK;EUR;1;5.41000000;4000;PRC_DECOMP_EXCHANGE;;;;XEUR;5923366;237;EXCHANGE
13.11.2024;11:22:38.216;BNP.O.241113.BR23.000004;STANDARD_OPTION_STRATEGY;BLOCK;EUR;14;-8.50000000;1525;EXCHANGE_LAST;;2;4;XEUR;72058611945197505;237;
13.11.2024;11:22:38.216;BNP SI 20281215 PS AM P 52.00 0;SIMPLE_INSTRUMENT;BLOCK;EUR;14;10.25000000;3050;PRC_DECOMP_MEMBER;;;;XEUR;10398963;237;MEMBER
13.11.2024;11:22:38.216;BNP SI 20281215 PS AM P 36.00 0;SIMPLE_INSTRUMENT;BLOCK;EUR;14;4.00000000;4575;PRC_DECOMP_MEMBER;;;;XEUR;10398953;237;MEMBER
13.11.2024;12:19:55.582;BNP.O.241113.IRTRY.000007;STANDARD_OPTION_STRATEGY;BLOCK;EUR;20;1.98000000;500;EXCHANGE_LAST;;1;1;XEUR;72058611945197508;237;
13.11.2024;12:19:55.582;BNP SI 20250321 PS AM C 60.00 0;SIMPLE_INSTRUMENT;BLOCK;EUR;20;3.22000000;500;PRC_DECOMP_EXCHANGE;;;;XEUR;10832953;237;EXCHANGE
13.11.2024;12:19:55.582;BNP SI 20250321 PS AM P 50.00 0;SIMPLE_INSTRUMENT;BLOCK;EUR;20;0.62000000;1000;PRC_DECOMP_EXCHANGE;;;;XEUR;10833033;237;EXCHANGE
13.11.2024;13:14:29.485;BNP.O.241113.STG.000011;STANDARD_OPTION_STRATEGY;BLOCK;EUR;24;5.05000000;2000;EXCHANGE_LAST;;1;1;XEUR;72058611945197512;237;
13.11.2024;13:14:29.485;BNP SI 20250321 PS AM C 60.00 0;SIMPLE_INSTRUMENT;BLOCK;EUR;24;3.25000000;2000;PRC_DECOMP_EXCHANGE;;;;XEUR;10832953;237;EXCHANGE
13.11.2024;13:14:29.485;BNP SI 20250321 PS AM P 56.00 0;SIMPLE_INSTRUMENT;BLOCK;EUR;24;1.80000000;2000;PRC_DECOMP_EXCHANGE;;;;XEUR;10832950;237;EXCHANGE
13.11.2024;15:45:58.954;BNP.O.241113.BER.000014;STANDARD_OPTION_STRATEGY;BLOCK;EUR;38;1.63000000;2000;EXCHANGE_LAST;;1;1;XEUR;72058611945197515;237;
13.11.2024;15:45:58.954;BNP SI 20271217 PS AM P 24.00 0;SIMPLE_INSTRUMENT;BLOCK;EUR;38;1.43000000;2000;PRC_DECOMP_EXCHANGE;;;;XEUR;8776371;237;EXCHANGE
13.11.2024;15:45:58.954;BNP SI 20271217 PS AM P 36.00 0;SIMPLE_INSTRUMENT;BLOCK;EUR;38;3.06000000;2000;PRC_DECOMP_EXCHANGE;;;;XEUR;8776277;237;EXCHANGE
13.11.2024;16:22:51.751;BNP SI 20250321 PS AM P 60.00 0;SIMPLE_INSTRUMENT;BLOCK;EUR;45;3.46000000;1500;EXCHANGE_LAST;;1;1;XEUR;10832956;237;
13.11.2024;11:09:44.599;BNPH SI 20241115 CS;SIMPLE_INSTRUMENT;BLOCK;EUR;33;59.52150000;78500;EXCHANGE_LAST;;1;1;XEUR;10112039;236;
13.11.2024;11:10:30.746;BNPP SI 20241115 PS;SIMPLE_INSTRUMENT;BLOCK;EUR;34;59.52090000;78500;EXCHANGE_LAST;;1;1;XEUR;10142630;124293;
13.11.2024;08:46:17.362;BPVJ SI 20241114 CS;SIMPLE_INSTRUMENT;BLOCK;EUR;1;6.90000000;4000;EXCHANGE_LAST;;1;1;XEUR;10106025;48715;
13.11.2024;16:05:08.959;BPVJ SI 20241219 CS;SIMPLE_INSTRUMENT;BLOCK;EUR;92;6.42850000;12000;EXCHANGE_LAST;;1;1;XEUR;7029761;48715;
13.11.2024;11:50:19.711;C4RI SI 20251219 CS;SIMPLE_INSTRUMENT;BLOCK;EUR;39;2.77000000;600;EXCHANGE_LAST;;3;2;XEUR;5914459;50862;
13.11.2024;12:30:26.509;CBK SI 20250919 PS AM P 11.00 0;SIMPLE_INSTRUMENT;BLOCK;EUR;8;0.36000000;5000;EXCHANGE_LAST;;1;1;XEUR;11875740;268;
13.11.2024;10:28:32.161;CFR SI 20250117 PS AM C 122.00 0;SIMPLE_INSTRUMENT;BLOCK;CHF;21;3.94000000;500;EXCHANGE_LAST;;1;1;XEUR;12071402;313;
13.11.2024;10:36:42.063;CFR SI 20251219 PS AM P 76.00 0;SIMPLE_INSTRUMENT;BLOCK;CHF;24;1.80000000;500;EXCHANGE_LAST;;1;1;XEUR;9996475;313;
13.11.2024;12:50:01.420;CFR SI 20260619 PS AM P 84.00 0;SIMPLE_INSTRUMENT;BLOCK;CHF;44;4.05000000;600;EXCHANGE_LAST;;1;1;XEUR;9996439;313;
13.11.2024;13:49:23.429;CFR SI 20241220 PS AM C 128.00 0;SIMPLE_INSTRUMENT;BLOCK;CHF;50;1.21000000;693;EXCHANGE_LAST;;1;1;XEUR;11328184;313;
13.11.2024;12:22:44.430;CMAI SI 20241220 CS;SIMPLE_INSTRUMENT;BLOCK;EUR;41;2.50140000;100000;EXCHANGE_LAST;;1;1;XEUR;7033218;300;
13.11.2024;10:14:35.629;CR5J SI 20241114 CS;SIMPLE_INSTRUMENT;BLOCK;EUR;11;40.51150000;50000;EXCHANGE_LAST;;1;1;XEUR;10106038;50861;
13.11.2024;11:11:30.848;CR5J SI 20241114 CS;SIMPLE_INSTRUMENT;BLOCK;EUR;35;40.62150000;12500;EXCHANGE_LAST;;1;1;XEUR;10106038;50861;
13.11.2024;11:43:16.125;CRI5 SI 20251218 PS AM P 36.00 0;SIMPLE_INSTRUMENT;BLOCK;EUR;7;3.47000000;2000;EXCHANGE_LAST;;1;1;XEUR;9040329;320;
13.11.2024;15:10:38.559;CRI5.O.241113.STG.000001;STANDARD_OPTION_STRATEGY;BLOCK;EUR;16;5.70000000;1500;EXCHANGE_LAST;;1;1;XEUR;72058968427473592;320;
13.11.2024;15:10:38.559;CRI5 SI 20250918 PS AM C 44.00 0;SIMPLE_INSTRUMENT;BLOCK;EUR;16;2.12750000;1500;PRC_DECOMP_EXCHANGE;;;;XEUR;11863167;320;EXCHANGE
13.11.2024;15:10:38.559;CRI5 SI 20250918 PS AM P 38.00 0;SIMPLE_INSTRUMENT;BLOCK;EUR;16;3.57250000;1500;PRC_DECOMP_EXCHANGE;;;;XEUR;11863130;320;EXCHANGE
13.11.2024;12:56:18.491;D2PW SI 20261218 CS;SIMPLE_INSTRUMENT;BLOCK;EUR;43;1.67500000;700;EXCHANGE_LAST;;1;1;XEUR;4632317;9702;
13.11.2024;16:35:47.125;D2PW SI 20251219 CS;SIMPLE_INSTRUMENT;BLOCK;EUR;112;1.81000000;100;EXCHANGE_LAST;;1;1;XEUR;3681256;9702;
13.11.2024;15:50:19.328;D3AI SI 20281215 CS;SIMPLE_INSTRUMENT;BLOCK;EUR;84;2.25000000;150;EXCHANGE_LAST;;1;1;XEUR;7144065;443197;
13.11.2024;16:24:22.483;D3AI SI 20281215 CS;SIMPLE_INSTRUMENT;BLOCK;EUR;103;2.25000000;50;EXCHANGE_LAST;;1;1;XEUR;7144065;443197;
13.11.2024;16:35:00.321;D3AI SI 20281215 CS;SIMPLE_INSTRUMENT;BLOCK;EUR;110;2.25000000;50;EXCHANGE_LAST;;1;1;XEUR;7144065;443197;
13.11.2024;10:11:36.871;DAI.O.241113.STG.000011;STANDARD_OPTION_STRATEGY;BLOCK;EUR;9;7.31000000;750;EXCHANGE_LAST;;1;1;XEUR;73961106363660745;443196;
13.11.2024;10:11:36.871;DAI SI 20250919 PS AM P 46.00 0;SIMPLE_INSTRUMENT;BLOCK;EUR;9;3.12000000;750;PRC_DECOMP_EXCHANGE;;;;XEUR;11925593;443196;EXCHANGE
13.11.2024;10:11:36.871;DAI SI 20250919 PS AM C 52.00 0;SIMPLE_INSTRUMENT;BLOCK;EUR;9;4.19000000;750;PRC_DECOMP_EXCHANGE;;;;XEUR;11925614;443196;EXCHANGE
13.11.2024;10:52:32.798;DAI SI 20250321 PS AM C 56.00 0;SIMPLE_INSTRUMENT;BLOCK;EUR;12;1.52000000;2000;EXCHANGE_LAST;;1;1;XEUR;10884531;443196;
13.11.2024;11:43:20.289;DAI.O.241113.STD.000013;STANDARD_OPTION_STRATEGY;BLOCK;EUR;17;13.25000000;1000;EXCHANGE_LAST;;1;1;XEUR;73961106363660747;443196;
13.11.2024;11:43:20.289;DAI SI 20260619 PS AM C 52.00 0;SIMPLE_INSTRUMENT;BLOCK;EUR;17;5.21000000;1000;PRC_DECOMP_EXCHANGE;;;;XEUR;9598260;443196;EXCHANGE
13.11.2024;11:43:20.289;DAI SI 20260619 PS AM P 52.00 0;SIMPLE_INSTRUMENT;BLOCK;EUR;17;8.04000000;1000;PRC_DECOMP_EXCHANGE;;;;XEUR;9598266;443196;EXCHANGE
13.11.2024;12:06:29.655;DAI SI 20261218 PS AM P 36.00 0;SIMPLE_INSTRUMENT;BLOCK;EUR;19;2.60000000;1000;EXCHANGE_LAST;;1;2;XEUR;7737734;443196;
13.11.2024;12:32:01.291;DAI SI 20241220 PS AM C 54.00 0;SIMPLE_INSTRUMENT;BLOCK;EUR;21;0.79000000;3000;EXCHANGE_LAST;;1;1;XEUR;7349880;443196;
13.11.2024;15:27:58.674;DAIG.S.DEC24.MAR25.SPD;FUTURES_SPREAD;BLOCK;EUR;83;-0.41000000;5000;EXCHANGE_LAST;;1;1;XEUR;73961136428417110;443203;
13.11.2024;15:27:58.674;DAIG SI 20250321 CS;SIMPLE_INSTRUMENT;BLOCK;EUR;83;52.65520000;5000;PRC_DECOMP_EXCHANGE;;;;XEUR;10734482;443203;EXCHANGE
13.11.2024;15:27:58.674;DAIG SI 20241220 CS;SIMPLE_INSTRUMENT;BLOCK;EUR;83;52.24520000;5000;PRC_DECOMP_EXCHANGE;;;;XEUR;7144297;443203;EXCHANGE
13.11.2024;10:35:36.716;DB1H.S.NOV24.DEC24.SPD;FUTURES_SPREAD;BLOCK;EUR;19;-0.67290000;23485;EXCHANGE_LAST;;1;1;XEUR;72059153111057544;363;
13.11.2024;10:35:36.716;DB1H SI 20241115 CS;SIMPLE_INSTRUMENT;BLOCK;EUR;19;209.66400000;23485;PRC_DECOMP_EXCHANGE;;;;XEUR;10113958;363;EXCHANGE
13.11.2024;10:35:36.716;DB1H SI 20241220 CS;SIMPLE_INSTRUMENT;BLOCK;EUR;19;210.33690000;23485;PRC_DECOMP_EXCHANGE;;;;XEUR;7033672;363;EXCHANGE
13.11.2024;11:05:21.896;DB1H.S.NOV24.DEC24.SPD;FUTURES_SPREAD;BLOCK;EUR;22;-0.66230000;14561;EXCHANGE_LAST;;1;1;XEUR;72059153111057544;363;
13.11.2024;11:05:21.896;DB1H SI 20241220 CS;SIMPLE_INSTRUMENT;BLOCK;EUR;22;210.33160000;14561;PRC_DECOMP_EXCHANGE;;;;XEUR;7033672;363;EXCHANGE
13.11.2024;11:05:21.896;DB1H SI 20241115 CS;SIMPLE_INSTRUMENT;BLOCK;EUR;22;209.66930000;14561;PRC_DECOMP_EXCHANGE;;;;XEUR;10113958;363;EXCHANGE
13.11.2024;10:35:58.409;DB1P.S.NOV24.DEC24.SPD;FUTURES_SPREAD;BLOCK;EUR;20;-0.65260000;23485;EXCHANGE_LAST;;1;1;XEUR;74495469014745113;567612;
13.11.2024;10:35:58.409;DB1P SI 20241220 PS;SIMPLE_INSTRUMENT;BLOCK;EUR;20;210.32680000;23485;PRC_DECOMP_EXCHANGE;;;;XEUR;8465745;567612;EXCHANGE
13.11.2024;10:35:58.409;DB1P SI 20241115 PS;SIMPLE_INSTRUMENT;BLOCK;EUR;20;209.67420000;23485;PRC_DECOMP_EXCHANGE;;;;XEUR;10153591;567612;EXCHANGE
13.11.2024;11:05:50.265;DB1P.S.NOV24.DEC24.SPD;FUTURES_SPREAD;BLOCK;EUR;23;-0.64190000;14561;EXCHANGE_LAST;;1;1;XEUR;74495469014745113;567612;
13.11.2024;11:05:50.265;DB1P SI 20241115 PS;SIMPLE_INSTRUMENT;BLOCK;EUR;23;209.67950000;14561;PRC_DECOMP_EXCHANGE;;;;XEUR;10153591;567612;EXCHANGE
13.11.2024;11:05:50.265;DB1P SI 20241220 PS;SIMPLE_INSTRUMENT;BLOCK;EUR;23;210.32140000;14561;PRC_DECOMP_EXCHANGE;;;;XEUR;8465745;567612;EXCHANGE
13.11.2024;12:07:49.960;DBK SI 20251219 PS AM P 14.00 0;SIMPLE_INSTRUMENT;BLOCK;EUR;6;1.25000000;5000;EXCHANGE_LAST;;1;1;XEUR;5926090;362;
13.11.2024;08:58:48.229;DPW SI 20241220 PS AM C 36.00 0;SIMPLE_INSTRUMENT;BLOCK;EUR;1;0.44000000;2500;EXCHANGE_LAST;;1;1;XEUR;4643147;445;
13.11.2024;09:24:40.851;DPW.O.241113.STG.000008;STANDARD_OPTION_STRATEGY;BLOCK;EUR;3;2.75000000;1500;EXCHANGE_LAST;;1;1;XEUR;72059505298412926;445;
13.11.2024;09:24:40.851;DPW SI 20250321 PS AM C 36.00 0;SIMPLE_INSTRUMENT;BLOCK;EUR;3;1.39000000;1500;PRC_DECOMP_MEMBER;;;;XEUR;10836841;445;MEMBER
13.11.2024;09:24:40.851;DPW SI 20250321 PS AM P 34.00 0;SIMPLE_INSTRUMENT;BLOCK;EUR;3;1.36000000;1500;PRC_DECOMP_MEMBER;;;;XEUR;10836847;445;MEMBER
13.11.2024;12:26:58.372;DPW SI 20281215 PS AM P 32.00 0;SIMPLE_INSTRUMENT;BLOCK;EUR;16;4.90000000;4000;EXCHANGE_LAST;;3;1;XEUR;10403173;445;
13.11.2024;13:48:30.438;DPW SI 20270618 PS AM P 36.00 0;SIMPLE_INSTRUMENT;BLOCK;EUR;22;6.26000000;1000;EXCHANGE_LAST;;1;1;XEUR;11357319;445;
13.11.2024;16:00:34.709;DPW SI 20250620 PS AM P 24.00 0;SIMPLE_INSTRUMENT;BLOCK;EUR;38;0.33000000;2000;EXCHANGE_LAST;;1;2;XEUR;7902435;445;
13.11.2024;09:29:41.104;DTE.O.241113.IRTRY.000006;STANDARD_OPTION_STRATEGY;BLOCK;EUR;4;0.22000000;2500;EXCHANGE_LAST;;1;1;XEUR;72059415104104766;424;
13.11.2024;09:29:41.104;DTE SI 20241220 PS AM P 26.50 0;SIMPLE_INSTRUMENT;BLOCK;EUR;4;0.11000000;5000;PRC_DECOMP_EXCHANGE;;;;XEUR;11878471;424;EXCHANGE
13.11.2024;09:29:41.104;DTE SI 20241220 PS AM C 28.50 0;SIMPLE_INSTRUMENT;BLOCK;EUR;4;0.44000000;2500;PRC_DECOMP_EXCHANGE;;;;XEUR;11878499;424;EXCHANGE
13.11.2024;10:32:39.466;DTE SI 20261218 PS AM P 28.00 0;SIMPLE_INSTRUMENT;BLOCK;EUR;12;2.84000000;2000;EXCHANGE_LAST;;1;1;XEUR;7356838;424;
13.11.2024;10:39:49.980;DTE SI 20241115 PS AM P 28.00 0;SIMPLE_INSTRUMENT;BLOCK;EUR;13;0.27000000;1500;EXCHANGE_LAST;;1;1;XEUR;11703860;424;
13.11.2024;11:55:55.410;DTE.O.241113.STG.000013;STANDARD_OPTION_STRATEGY;BLOCK;EUR;14;0.99000000;2000;EXCHANGE_LAST;;1;1;XEUR;72059415104104773;424;
13.11.2024;11:55:55.410;DTE SI 20250321 PS AM C 30.00 0;SIMPLE_INSTRUMENT;BLOCK;EUR;14;0.43000000;2000;PRC_DECOMP_EXCHANGE;;;;XEUR;10836585;424;EXCHANGE
13.11.2024;11:55:55.410;DTE SI 20250321 PS AM P 27.00 0;SIMPLE_INSTRUMENT;BLOCK;EUR;14;0.56000000;2000;PRC_DECOMP_EXCHANGE;;;;XEUR;11523269;424;EXCHANGE
13.11.2024;14:18:53.256;DTE SI 20250117 PS AM C 29.00 0;SIMPLE_INSTRUMENT;BLOCK;EUR;24;0.36000000;3532;EXCHANGE_LAST;;1;1;XEUR;12072872;424;
13.11.2024;11:53:36.849;DTEF.S.DEC24.MAR25.SPD;FUTURES_SPREAD;BLOCK;EUR;40;-0.19500000;10000;EXCHANGE_LAST;;1;2;XEUR;72059440873865433;430;
13.11.2024;11:53:36.849;DTEF SI 20250321 CS;SIMPLE_INSTRUMENT;BLOCK;EUR;40;28.33390000;10000;PRC_DECOMP_EXCHANGE;;;;XEUR;10698021;430;EXCHANGE
13.11.2024;11:53:36.849;DTEF SI 20241220 CS;SIMPLE_INSTRUMENT;BLOCK;EUR;40;28.13890000;10000;PRC_DECOMP_EXCHANGE;;;;XEUR;7034388;430;EXCHANGE
13.11.2024;15:59:44.010;E2NL SI 20271217 CS;SIMPLE_INSTRUMENT;BLOCK;EUR;89;0.42500000;1600;EXCHANGE_LAST;;1;1;XEUR;5914571;471;
13.11.2024;16:54:50.538;E2NL SI 20271217 CS;SIMPLE_INSTRUMENT;BLOCK;EUR;120;0.42500000;1200;EXCHANGE_LAST;;1;1;XEUR;5914571;471;
13.11.2024;09:22:51.395;E2NT SI 20241220 CS;SIMPLE_INSTRUMENT;BLOCK;EUR;8;0.97000000;4387;EXCHANGE_LAST;;1;1;XEUR;3629727;470;
13.11.2024;11:09:00.655;E2NT SI 20261218 CS;SIMPLE_INSTRUMENT;BLOCK;EUR;31;0.97000000;300;EXCHANGE_LAST;;1;1;XEUR;4632357;470;
13.11.2024;11:09:00.429;E2NT SI 20271217 CS;SIMPLE_INSTRUMENT;BLOCK;EUR;32;0.92000000;300;EXCHANGE_LAST;;1;1;XEUR;5914575;470;
13.11.2024;09:10:07.137;ENR SI 20250321 PS AM C 36.00 0;SIMPLE_INSTRUMENT;BLOCK;EUR;2;12.14000000;27500;EXCHANGE_LAST;;1;1;XEUR;11128504;298530;
13.11.2024;09:57:28.305;ENR SI 20250620 PS AM C 36.00 0;SIMPLE_INSTRUMENT;BLOCK;EUR;6;12.01000000;21290;EXCHANGE_LAST;;1;1;XEUR;10941907;298530;
13.11.2024;10:26:36.747;ENR SI 20241220 PS AM C 44.00 0;SIMPLE_INSTRUMENT;BLOCK;EUR;8;3.35000000;60000;EXCHANGE_LAST;;1;1;XEUR;5981055;298530;
13.11.2024;10:26:43.473;ENR SI 20241220 PS AM C 48.00 0;SIMPLE_INSTRUMENT;BLOCK;EUR;9;1.85000000;60000;EXCHANGE_LAST;;1;1;XEUR;11861375;298530;
13.11.2024;10:26:50.536;ENR SI 20241220 PS AM C 44.00 0;SIMPLE_INSTRUMENT;BLOCK;EUR;10;3.35000000;67300;EXCHANGE_LAST;;1;1;XEUR;5981055;298530;
13.11.2024;10:26:54.930;ENR SI 20241220 PS AM C 48.00 0;SIMPLE_INSTRUMENT;BLOCK;EUR;11;1.85000000;67300;EXCHANGE_LAST;;1;1;XEUR;11861375;298530;
13.11.2024;13:00:29.359;ENR SI 20241115 PS AM C 40.00 0;SIMPLE_INSTRUMENT;BLOCK;EUR;17;3.70000000;500;EXCHANGE_LAST;;1;1;XEUR;11866499;298530;
13.11.2024;13:09:40.186;ENR SI 20241115 PS AM C 40.00 0;SIMPLE_INSTRUMENT;BLOCK;EUR;18;3.85000000;500;EXCHANGE_LAST;;1;1;XEUR;11866499;298530;
13.11.2024;14:51:47.102;ENR SI 20250919 PS AM P 14.00 0;SIMPLE_INSTRUMENT;BLOCK;EUR;25;0.15000000;5000;EXCHANGE_LAST;;1;1;XEUR;11919321;298530;
13.11.2024;15:17:21.375;ENR SI 20251219 PS AM P 28.00 0;SIMPLE_INSTRUMENT;BLOCK;EUR;29;1.41000000;600;EXCHANGE_LAST;;1;1;XEUR;5928374;298530;
13.11.2024;15:19:30.670;ENR SI 20241220 PS AM P 39.00 0;SIMPLE_INSTRUMENT;BLOCK;EUR;30;0.60000000;1370;EXCHANGE_LAST;;1;1;XEUR;11919295;298530;
13.11.2024;15:19:35.336;ENR SI 20241220 PS AM C 44.00 0;SIMPLE_INSTRUMENT;BLOCK;EUR;32;3.32000000;1370;EXCHANGE_LAST;;1;1;XEUR;5981055;298530;
13.11.2024;15:57:52.940;ENR SI 20241115 PS AM C 40.00 0;SIMPLE_INSTRUMENT;BLOCK;EUR;34;5.15000000;3500;EXCHANGE_LAST;;1;1;XEUR;11866499;298530;
13.11.2024;15:58:32.397;ENR SI 20241220 PS AM C 50.00 0;SIMPLE_INSTRUMENT;BLOCK;EUR;36;1.55000000;1169;EXCHANGE_LAST;;1;1;XEUR;12193178;298530;
13.11.2024;15:58:33.990;ENR SI 20241220 PS AM C 50.00 0;SIMPLE_INSTRUMENT;BLOCK;EUR;37;1.52000000;2331;EXCHANGE_LAST;;1;1;XEUR;12193178;298530;
13.11.2024;16:09:18.296;ENR SI 20241220 PS AM C 42.00 0;SIMPLE_INSTRUMENT;BLOCK;EUR;39;4.98000000;4590;EXCHANGE_LAST;;1;1;XEUR;11160292;298530;
13.11.2024;16:09:14.328;ENR SI 20241220 PS AM C 48.00 0;SIMPLE_INSTRUMENT;BLOCK;EUR;40;1.91000000;2296;EXCHANGE_LAST;;1;1;XEUR;11861375;298530;
13.11.2024;16:09:10.487;ENR SI 20241220 PS AM C 48.00 0;SIMPLE_INSTRUMENT;BLOCK;EUR;41;1.90000000;3442;EXCHANGE_LAST;;1;1;XEUR;11861375;298530;
13.11.2024;09:54:51.726;ENT5 SI 20251218 PS AM P 14.00 0;SIMPLE_INSTRUMENT;BLOCK;EUR;3;1.58000000;2000;EXCHANGE_LAST;;2;2;XEUR;5911905;497;
13.11.2024;09:22:20.316;ENTH SI 20241219 CS;SIMPLE_INSTRUMENT;BLOCK;EUR;7;13.63610000;10000;EXCHANGE_LAST;;1;1;XEUR;7935776;524973;
13.11.2024;13:05:45.352;EOA.O.241113.STD.000006;STANDARD_OPTION_STRATEGY;BLOCK;EUR;22;0.67000000;2000;EXCHANGE_LAST;;1;1;XEUR;72268326608329314;49065;
13.11.2024;13:05:45.352;EOA SI 20241220 PS AM C 12.00 0;SIMPLE_INSTRUMENT;BLOCK;EUR;22;0.25000000;2000;PRC_DECOMP_EXCHANGE;;;;XEUR;4644609;49065;EXCHANGE
13.11.2024;13:05:45.352;EOA SI 20241220 PS AM P 12.00 0;SIMPLE_INSTRUMENT;BLOCK;EUR;22;0.42000000;2000;PRC_DECOMP_EXCHANGE;;;;XEUR;4644610;49065;EXCHANGE
13.11.2024;14:50:08.570;EOA SI 20241220 PS AM P 10.00 0;SIMPLE_INSTRUMENT;BLOCK;EUR;27;0.04000000;2000;EXCHANGE_LAST;;1;1;XEUR;4644608;49065;
13.11.2024;14:50:28.910;EOA SI 20241220 PS AM P 10.00 0;SIMPLE_INSTRUMENT;BLOCK;EUR;28;0.03000000;3000;EXCHANGE_LAST;;1;1;XEUR;4644608;49065;
13.11.2024;10:23:19.885;F3TE SI 20241220 CS;SIMPLE_INSTRUMENT;BLOCK;EUR;15;0.72000000;2633;EXCHANGE_LAST;;1;1;XEUR;6633907;390379;
13.11.2024;11:04:41.343;F3TE SI 20241220 CS;SIMPLE_INSTRUMENT;BLOCK;EUR;30;0.72000000;8800;EXCHANGE_LAST;;1;1;XEUR;6633907;390379;
13.11.2024;11:59:37.883;F3TE SI 20251219 CS;SIMPLE_INSTRUMENT;BLOCK;EUR;38;0.72500000;1000;EXCHANGE_LAST;;1;1;XEUR;6633903;390379;
13.11.2024;13:10:51.714;F3TE SI 20261218 CS;SIMPLE_INSTRUMENT;BLOCK;EUR;46;0.67700000;350;EXCHANGE_LAST;;2;1;XEUR;6633899;390379;
13.11.2024;13:10:53.225;F3TE SI 20261218 CS;SIMPLE_INSTRUMENT;BLOCK;EUR;47;0.67800000;350;EXCHANGE_LAST;;2;1;XEUR;6633899;390379;
13.11.2024;13:29:45.684;F3TE SI 20250620 CS;SIMPLE_INSTRUMENT;BLOCK;EUR;52;0.45000000;3520;EXCHANGE_LAST;;1;1;XEUR;10882016;390379;
13.11.2024;14:38:23.779;F3TE SI 20261218 CS;SIMPLE_INSTRUMENT;BLOCK;EUR;64;0.67700000;150;EXCHANGE_LAST;;1;1;XEUR;6633899;390379;
13.11.2024;14:38:37.851;F3TE SI 20261218 CS;SIMPLE_INSTRUMENT;BLOCK;EUR;65;0.67800000;150;EXCHANGE_LAST;;1;1;XEUR;6633899;390379;
13.11.2024;14:47:35.463;F3TE SI 20261218 CS;SIMPLE_INSTRUMENT;BLOCK;EUR;67;0.67700000;250;EXCHANGE_LAST;;1;1;XEUR;6633899;390379;
13.11.2024;14:47:25.364;F3TE SI 20261218 CS;SIMPLE_INSTRUMENT;BLOCK;EUR;68;0.67800000;250;EXCHANGE_LAST;;1;1;XEUR;6633899;390379;
13.11.2024;15:05:16.157;F3TE SI 20261218 CS;SIMPLE_INSTRUMENT;BLOCK;EUR;72;0.67800000;250;EXCHANGE_LAST;;1;1;XEUR;6633899;390379;
13.11.2024;15:05:24.871;F3TE SI 20261218 CS;SIMPLE_INSTRUMENT;BLOCK;EUR;73;0.67700000;250;EXCHANGE_LAST;;1;1;XEUR;6633899;390379;
13.11.2024;09:05:47.032;FBTP SI 20241206 PS;SIMPLE_INSTRUMENT;EFP_FIN;EUR;1;119.55000000;268;EXCHANGE_LAST;;1;1;XEUR;10804520;636;
13.11.2024;09:15:43.005;FBTP SI 20241206 PS;SIMPLE_INSTRUMENT;EFP_FIN;EUR;2;119.54000000;383;EXCHANGE_LAST;;1;1;XEUR;10804520;636;
13.11.2024;09:22:11.703;FBTP SI 20241206 PS;SIMPLE_INSTRUMENT;EFP_FIN;EUR;3;119.60000000;268;EXCHANGE_LAST;;1;1;XEUR;10804520;636;
13.11.2024;09:28:05.436;FBTP SI 20241206 PS;SIMPLE_INSTRUMENT;EFP_FIN;EUR;4;119.44000000;127;EXCHANGE_LAST;;1;1;XEUR;10804520;636;
13.11.2024;09:40:03.355;FBTP SI 20241206 PS;SIMPLE_INSTRUMENT;EFP_FIN;EUR;5;119.59000000;167;EXCHANGE_LAST;;1;1;XEUR;10804520;636;
13.11.2024;09:45:15.618;FBTP SI 20241206 PS;SIMPLE_INSTRUMENT;EFP_FIN;EUR;6;119.58000000;190;EXCHANGE_LAST;;1;1;XEUR;10804520;636;
13.11.2024;09:57:43.416;FBTP SI 20241206 PS;SIMPLE_INSTRUMENT;EFP_FIN;EUR;7;119.58000000;190;EXCHANGE_LAST;;1;1;XEUR;10804520;636;
13.11.2024;09:58:00.727;FBTP SI 20241206 PS;SIMPLE_INSTRUMENT;EFP_FIN;EUR;8;119.58000000;198;EXCHANGE_LAST;;1;1;XEUR;10804520;636;
13.11.2024;09:58:15.047;FBTP SI 20241206 PS;SIMPLE_INSTRUMENT;EFP_FIN;EUR;9;119.58000000;84;EXCHANGE_LAST;;1;1;XEUR;10804520;636;
13.11.2024;09:58:31.405;FBTP SI 20241206 PS;SIMPLE_INSTRUMENT;EFP_FIN;EUR;10;119.59000000;128;EXCHANGE_LAST;;1;1;XEUR;10804520;636;
13.11.2024;10:06:03.506;FBTP SI 20241206 PS;SIMPLE_INSTRUMENT;EFP_FIN;EUR;11;119.59000000;446;EXCHANGE_LAST;;1;1;XEUR;10804520;636;
13.11.2024;10:09:50.568;FBTP SI 20241206 PS;SIMPLE_INSTRUMENT;EFP_FIN;EUR;12;119.55000000;102;EXCHANGE_LAST;;1;1;XEUR;10804520;636;
13.11.2024;10:22:25.631;FBTP SI 20241206 PS;SIMPLE_INSTRUMENT;EFP_FIN;EUR;13;119.50000000;319;EXCHANGE_LAST;;1;1;XEUR;10804520;636;
13.11.2024;10:24:54.298;FBTP SI 20241206 PS;SIMPLE_INSTRUMENT;EFP_FIN;EUR;14;119.50000000;236;EXCHANGE_LAST;;1;1;XEUR;10804520;636;
13.11.2024;10:23:56.221;FBTP SI 20241206 PS;SIMPLE_INSTRUMENT;EFP_FIN;EUR;15;119.50000000;371;EXCHANGE_LAST;;1;1;XEUR;10804520;636;
13.11.2024;10:34:06.059;FBTP SI 20241206 PS;SIMPLE_INSTRUMENT;EFP_FIN;EUR;16;119.40000000;578;EXCHANGE_LAST;;1;1;XEUR;10804520;636;
13.11.2024;10:51:09.004;FBTP SI 20241206 PS;SIMPLE_INSTRUMENT;EFP_FIN;EUR;17;119.43000000;1250;EXCHANGE_LAST;;1;1;XEUR;10804520;636;
13.11.2024;10:57:19.773;FBTP SI 20241206 PS;SIMPLE_INSTRUMENT;EFP_FIN;EUR;18;119.39000000;114;EXCHANGE_LAST;;1;1;XEUR;10804520;636;
13.11.2024;10:57:50.978;FBTP SI 20241206 PS;SIMPLE_INSTRUMENT;EFP_FIN;EUR;19;119.41000000;205;EXCHANGE_LAST;;1;1;XEUR;10804520;636;
13.11.2024;11:01:15.386;FBTP SI 20241206 PS;SIMPLE_INSTRUMENT;BLOCK;EUR;20;119.43000000;788;EXCHANGE_LAST;;1;1;XEUR;10804520;636;
13.11.2024;11:16:23.597;FBTP SI 20241206 PS;SIMPLE_INSTRUMENT;EFP_FIN;EUR;21;119.39000000;1368;EXCHANGE_LAST;;1;1;XEUR;10804520;636;
13.11.2024;11:51:03.069;FBTP SI 20241206 PS;SIMPLE_INSTRUMENT;EFP_FIN;EUR;22;119.50000000;857;EXCHANGE_LAST;;1;1;XEUR;10804520;636;
13.11.2024;12:00:56.550;FBTP SI 20241206 PS;SIMPLE_INSTRUMENT;EFP_FIN;EUR;23;119.52000000;182;EXCHANGE_LAST;;1;1;XEUR;10804520;636;
13.11.2024;12:40:03.980;FBTP SI 20241206 PS;SIMPLE_INSTRUMENT;EFP_FIN;EUR;24;119.40000000;76;EXCHANGE_LAST;;1;1;XEUR;10804520;636;
13.11.2024;13:31:00.624;FBTP SI 20241206 PS;SIMPLE_INSTRUMENT;EFP_FIN;EUR;25;119.52000000;223;EXCHANGE_LAST;;1;1;XEUR;10804520;636;
13.11.2024;13:54:46.679;FBTP SI 20241206 PS;SIMPLE_INSTRUMENT;EFP_FIN;EUR;26;119.63000000;893;EXCHANGE_LAST;;1;1;XEUR;10804520;636;
13.11.2024;15:06:41.947;FBTP SI 20241206 PS;SIMPLE_INSTRUMENT;BLOCK;EUR;27;119.81000000;2233;EXCHANGE_LAST;;1;1;XEUR;10804520;636;
13.11.2024;15:15:57.282;FBTP SI 20241206 PS;SIMPLE_INSTRUMENT;BLOCK;EUR;28;119.66000000;2456;EXCHANGE_LAST;;1;1;XEUR;10804520;636;
13.11.2024;15:30:15.092;FBTP SI 20241206 PS;SIMPLE_INSTRUMENT;EFP_FIN;EUR;30;119.72000000;319;EXCHANGE_LAST;;1;1;XEUR;10804520;636;
13.11.2024;15:30:25.095;FBTP SI 20241206 PS;SIMPLE_INSTRUMENT;EFP_FIN;EUR;31;119.61000000;212;EXCHANGE_LAST;;1;1;XEUR;10804520;636;
13.11.2024;15:50:31.265;FBTP SI 20241206 PS;SIMPLE_INSTRUMENT;EFP_FIN;EUR;32;119.52000000;135;EXCHANGE_LAST;;1;1;XEUR;10804520;636;
13.11.2024;16:40:13.419;FBTP SI 20241206 PS;SIMPLE_INSTRUMENT;EFP_FIN;EUR;33;119.66000000;238;EXCHANGE_LAST;;1;1;XEUR;10804520;636;
13.11.2024;16:47:48.213;FBTP SI 20241206 PS;SIMPLE_INSTRUMENT;BLOCK;EUR;34;119.63000000;2233;EXCHANGE_LAST;;1;1;XEUR;10804520;636;
13.11.2024;09:28:31.019;FBTS SI 20241206 PS;SIMPLE_INSTRUMENT;EFP_FIN;EUR;3;107.13000000;300;EXCHANGE_LAST;;1;1;XEUR;10804522;639;
13.11.2024;09:53:22.191;FBTS SI 20241206 PS;SIMPLE_INSTRUMENT;EFP_FIN;EUR;4;107.11000000;300;EXCHANGE_LAST;;1;1;XEUR;10804522;639;
13.11.2024;09:54:10.747;FBTS SI 20241206 PS;SIMPLE_INSTRUMENT;EFP_FIN;EUR;5;107.10000000;1200;EXCHANGE_LAST;;1;1;XEUR;10804522;639;
13.11.2024;13:21:34.355;FBTS SI 20241206 PS;SIMPLE_INSTRUMENT;BLOCK;EUR;14;107.06000000;503;EXCHANGE_LAST;;1;1;XEUR;10804522;639;
13.11.2024;14:46:51.401;FBTS SI 20241206 PS;SIMPLE_INSTRUMENT;BLOCK;EUR;18;107.23000000;1200;EXCHANGE_LAST;;1;1;XEUR;10804522;639;
13.11.2024;14:47:46.221;FBTS SI 20241206 PS;SIMPLE_INSTRUMENT;EFP_FIN;EUR;19;107.22000000;1028;EXCHANGE_LAST;;1;1;XEUR;10804522;639;
13.11.2024;14:56:21.813;FBTS SI 20241206 PS;SIMPLE_INSTRUMENT;EFP_FIN;EUR;20;107.21000000;1088;EXCHANGE_LAST;;1;1;XEUR;10804522;639;
13.11.2024;15:06:13.848;FBTS SI 20241206 PS;SIMPLE_INSTRUMENT;EFP_FIN;EUR;22;107.22000000;2172;EXCHANGE_LAST;;1;1;XEUR;10804522;639;
13.11.2024;15:15:53.566;FBTS SI 20241206 PS;SIMPLE_INSTRUMENT;EFP_FIN;EUR;23;107.18000000;194;EXCHANGE_LAST;;1;1;XEUR;10804522;639;
13.11.2024;12:30:12.385;FCEU SI 20241216 PS;SIMPLE_INSTRUMENT;BLOCK;USD;2;1.06435000;98;EXCHANGE_LAST;;1;1;XEUR;7140363;369376;
13.11.2024;08:55:04.145;FCIN SI 20241230 CS;SIMPLE_INSTRUMENT;BLOCK;USD;3;143.58000000;20;EXCHANGE_LAST;;1;1;XEUR;4680363;580;
13.11.2024;08:53:13.415;FCPE SI 20241230 CS;SIMPLE_INSTRUMENT;BLOCK;USD;1;172.83000000;28;EXCHANGE_LAST;;1;1;XEUR;4680365;586;
13.11.2024;08:53:38.362;FCPE SI 20241230 CS;SIMPLE_INSTRUMENT;BLOCK;USD;2;172.82000000;23;EXCHANGE_LAST;;1;1;XEUR;4680365;586;
13.11.2024;09:42:16.418;FCZU SI 20241216 CS;SIMPLE_INSTRUMENT;BLOCK;USD;1;0.05544000;200;EXCHANGE_LAST;;1;1;XEUR;10921064;570872;
13.11.2024;16:44:09.528;FCZU SI 20241216 CS;SIMPLE_INSTRUMENT;BLOCK;USD;3;0.05490000;100;EXCHANGE_LAST;;1;1;XEUR;10921064;570872;
13.11.2024;16:38:30.678;FDAX SI 20241220 CS;SIMPLE_INSTRUMENT;BLOCK;EUR;1;19038.00000000;300;EXCHANGE_LAST;;1;1;XEUR;7296065;589;
13.11.2024;16:38:31.972;FDAX SI 20241220 CS;SIMPLE_INSTRUMENT;EFP_IDX;EUR;2;19038.00000000;100;EXCHANGE_LAST;;1;1;XEUR;7296065;589;
13.11.2024;16:45:05.851;FDAX SI 20241220 CS;SIMPLE_INSTRUMENT;EFP_IDX;EUR;3;19070.00000000;200;EXCHANGE_LAST;;1;1;XEUR;7296065;589;
13.11.2024;16:48:53.582;FDAX SI 20241220 CS;SIMPLE_INSTRUMENT;EFP_IDX;EUR;4;19074.00000000;22;EXCHANGE_LAST;;1;1;XEUR;7296065;589;
13.11.2024;16:48:59.427;FDAX SI 20241220 CS;SIMPLE_INSTRUMENT;EFP_IDX;EUR;5;19075.00000000;3;EXCHANGE_LAST;;1;1;XEUR;7296065;589;
13.11.2024;16:56:23.454;FDAX SI 20241220 CS;SIMPLE_INSTRUMENT;EFP_IDX;EUR;6;19074.00000000;100;EXCHANGE_LAST;;1;1;XEUR;7296065;589;
13.11.2024;10:46:20.418;FDAX SI 20241220 CS;SIMPLE_INSTRUMENT;VOLA;EUR;671088648;19100.00000000;61;EXCHANGE_LAST;;1;1;XEUR;7296065;589;
13.11.2024;10:47:04.422;FDAX SI 20241220 CS;SIMPLE_INSTRUMENT;VOLA;EUR;671088649;19100.00000000;10;EXCHANGE_LAST;;1;1;XEUR;7296065;589;
13.11.2024;13:58:29.833;FDAX SI 20241220 CS;SIMPLE_INSTRUMENT;VOLA;EUR;671088658;19035.00000000;9;EXCHANGE_LAST;;1;1;XEUR;7296065;589;
13.11.2024;14:52:24.598;FDAX SI 20241220 CS;SIMPLE_INSTRUMENT;VOLA;EUR;671088663;19010.00000000;38;EXCHANGE_LAST;;1;1;XEUR;7296065;589;
13.11.2024;15:43:56.513;FDAX SI 20241220 CS;SIMPLE_INSTRUMENT;VOLA;EUR;671088670;18957.00000000;12;EXCHANGE_LAST;;1;1;XEUR;7296065;589;
13.11.2024;13:04:17.815;FEBD SI 20251219 CS;SIMPLE_INSTRUMENT;BLOCK;EUR;25;10.06000000;4661;EXCHANGE_LAST;;1;1;XEUR;5914075;597;
13.11.2024;15:09:28.124;FEBD SI 20271217 CS;SIMPLE_INSTRUMENT;BLOCK;EUR;36;8.40000000;200;EXCHANGE_LAST;;1;1;XEUR;7776307;597;
13.11.2024;15:54:50.063;FEBD SI 20271217 CS;SIMPLE_INSTRUMENT;BLOCK;EUR;37;8.39000000;250;EXCHANGE_LAST;;1;1;XEUR;7776307;597;
13.11.2024;12:59:49.339;FECX SI 20241220 CS;SIMPLE_INSTRUMENT;BLOCK;EUR;23;164.50000000;80;EXCHANGE_LAST;;1;1;XEUR;10920731;410158;
13.11.2024;16:25:39.653;FECX SI 20241220 CS;SIMPLE_INSTRUMENT;BLOCK;EUR;43;164.67000000;201;EXCHANGE_LAST;;1;1;XEUR;10920731;410158;
13.11.2024;14:32:29.344;FEDV SI 20241220 CS;SIMPLE_INSTRUMENT;BLOCK;EUR;28;1598.00000000;800;EXCHANGE_LAST;;1;1;XEUR;10838883;596;
13.11.2024;16:44:28.591;FESB SI 20241220 CS;SIMPLE_INSTRUMENT;EFP_IDX;EUR;46;141.70000000;190;EXCHANGE_LAST;;1;1;XEUR;10838895;605;
13.11.2024;16:44:46.634;FESB SI 20241220 CS;SIMPLE_INSTRUMENT;EFP_IDX;EUR;47;141.90000000;127;EXCHANGE_LAST;;1;1;XEUR;10838895;605;
13.11.2024;11:41:58.859;FESB SI 20241220 CS;SIMPLE_INSTRUMENT;VOLA;EUR;603979812;143.30000000;300;EXCHANGE_LAST;;1;1;XEUR;10838895;605;
13.11.2024;16:53:12.715;FESI SI 20241220 CS;SIMPLE_INSTRUMENT;BLOCK;EUR;8;413.10000000;997;EXCHANGE_LAST;;1;1;XEUR;10839433;681;
13.11.2024;16:52:42.805;FESI SI 20241220 CS;SIMPLE_INSTRUMENT;BLOCK;EUR;9;413.00000000;2326;EXCHANGE_LAST;;1;1;XEUR;10839433;681;
13.11.2024;09:21:09.244;FESX SI 20241220 CS;SIMPLE_INSTRUMENT;BLOCK;EUR;1;4758.00000000;3100;EXCHANGE_LAST;;1;1;XEUR;7793479;675;
13.11.2024;09:46:45.065;FESX SI 20241220 CS;SIMPLE_INSTRUMENT;BLOCK;EUR;2;4764.00000000;3000;EXCHANGE_LAST;;1;1;XEUR;7793479;675;
13.11.2024;09:49:22.271;FESX SI 20241220 CS;SIMPLE_INSTRUMENT;BLOCK;EUR;3;4764.00000000;3000;EXCHANGE_LAST;;1;1;XEUR;7793479;675;
13.11.2024;09:57:04.233;FESX SI 20241220 CS;SIMPLE_INSTRUMENT;BLOCK;EUR;4;4765.00000000;6000;EXCHANGE_LAST;;1;1;XEUR;7793479;675;
13.11.2024;10:37:12.753;FESX SI 20241220 CS;SIMPLE_INSTRUMENT;BLOCK;EUR;5;4750.00000000;2000;EXCHANGE_LAST;;1;1;XEUR;7793479;675;
13.11.2024;10:41:00.798;FESX SI 20241220 CS;SIMPLE_INSTRUMENT;BLOCK;EUR;6;4750.00000000;2000;EXCHANGE_LAST;;1;1;XEUR;7793479;675;
13.11.2024;10:52:20.660;FESX SI 20241220 CS;SIMPLE_INSTRUMENT;BLOCK;EUR;7;4760.00000000;5000;EXCHANGE_LAST;;1;1;XEUR;7793479;675;
13.11.2024;11:55:55.322;FESX SI 20241220 CS;SIMPLE_INSTRUMENT;BLOCK;EUR;8;4760.00000000;2000;EXCHANGE_LAST;;1;1;XEUR;7793479;675;
13.11.2024;12:22:52.876;FESX SI 20241220 CS;SIMPLE_INSTRUMENT;BLOCK;EUR;9;4765.00000000;2000;EXCHANGE_LAST;;1;1;XEUR;7793479;675;
13.11.2024;12:57:35.558;FESX SI 20241220 CS;SIMPLE_INSTRUMENT;BLOCK;EUR;10;4745.00000000;2000;EXCHANGE_LAST;;1;1;XEUR;7793479;675;
13.11.2024;12:59:29.213;FESX SI 20241220 CS;SIMPLE_INSTRUMENT;BLOCK;EUR;11;4745.00000000;3000;EXCHANGE_LAST;;1;1;XEUR;7793479;675;
13.11.2024;13:36:54.986;FESX SI 20241220 CS;SIMPLE_INSTRUMENT;EFP_IDX;EUR;12;4745.00000000;1000;EXCHANGE_LAST;;1;1;XEUR;7793479;675;
13.11.2024;13:48:40.570;FESX SI 20241220 CS;SIMPLE_INSTRUMENT;BLOCK;EUR;13;4735.00000000;4325;EXCHANGE_LAST;;1;1;XEUR;7793479;675;
13.11.2024;14:37:07.439;FESX SI 20241220 CS;SIMPLE_INSTRUMENT;BLOCK;EUR;14;4734.00000000;2500;EXCHANGE_LAST;;1;1;XEUR;7793479;675;
13.11.2024;14:42:50.234;FESX SI 20241220 CS;SIMPLE_INSTRUMENT;BLOCK;EUR;15;4765.00000000;5000;EXCHANGE_LAST;;1;1;XEUR;7793479;675;
13.11.2024;14:48:06.718;FESX SI 20241220 CS;SIMPLE_INSTRUMENT;BLOCK;EUR;16;4765.00000000;3000;EXCHANGE_LAST;;1;1;XEUR;7793479;675;
13.11.2024;15:02:54.156;FESX SI 20241220 CS;SIMPLE_INSTRUMENT;BLOCK;EUR;18;4735.00000000;4200;EXCHANGE_LAST;;1;1;XEUR;7793479;675;
13.11.2024;15:13:26.932;FESX SI 20241220 CS;SIMPLE_INSTRUMENT;BLOCK;EUR;19;4733.00000000;2100;EXCHANGE_LAST;;1;1;XEUR;7793479;675;
13.11.2024;15:16:09.592;FESX SI 20241220 CS;SIMPLE_INSTRUMENT;BLOCK;EUR;20;4720.00000000;3630;EXCHANGE_LAST;;1;1;XEUR;7793479;675;
13.11.2024;15:25:41.337;FESX SI 20241220 CS;SIMPLE_INSTRUMENT;BLOCK;EUR;21;4765.00000000;4000;EXCHANGE_LAST;;1;1;XEUR;7793479;675;
13.11.2024;15:30:11.210;FESX SI 20241220 CS;SIMPLE_INSTRUMENT;BLOCK;EUR;22;4725.00000000;3000;EXCHANGE_LAST;;1;1;XEUR;7793479;675;
13.11.2024;16:32:07.217;FESX SI 20241220 CS;SIMPLE_INSTRUMENT;BLOCK;EUR;23;4740.00000000;2265;EXCHANGE_LAST;;1;1;XEUR;7793479;675;
13.11.2024;16:49:55.419;FESX SI 20241220 CS;SIMPLE_INSTRUMENT;EFP_IDX;EUR;24;4750.00000000;222;EXCHANGE_LAST;;1;1;XEUR;7793479;675;
13.11.2024;16:50:35.421;FESX SI 20241220 CS;SIMPLE_INSTRUMENT;EFP_IDX;EUR;25;4748.00000000;168;EXCHANGE_LAST;;1;1;XEUR;7793479;675;
13.11.2024;16:50:20.213;FESX SI 20241220 CS;SIMPLE_INSTRUMENT;EFP_IDX;EUR;26;4748.00000000;214;EXCHANGE_LAST;;1;1;XEUR;7793479;675;
13.11.2024;16:50:26.057;FESX SI 20241220 CS;SIMPLE_INSTRUMENT;EFP_IDX;EUR;27;4749.00000000;536;EXCHANGE_LAST;;1;1;XEUR;7793479;675;
13.11.2024;16:50:26.399;FESX SI 20241220 CS;SIMPLE_INSTRUMENT;EFP_IDX;EUR;28;4748.00000000;39;EXCHANGE_LAST;;1;1;XEUR;7793479;675;
13.11.2024;16:50:43.277;FESX SI 20241220 CS;SIMPLE_INSTRUMENT;EFP_IDX;EUR;29;4749.00000000;149;EXCHANGE_LAST;;1;1;XEUR;7793479;675;
13.11.2024;17:19:13.596;FESX SI 20241220 CS;SIMPLE_INSTRUMENT;BLOCK;EUR;30;4749.00000000;5000;EXCHANGE_LAST;;1;1;XEUR;7793479;675;
13.11.2024;09:37:32.577;FESX SI 20241220 CS;SIMPLE_INSTRUMENT;VOLA;EUR;637534250;4765.00000000;41;EXCHANGE_LAST;;1;1;XEUR;7793479;675;
13.11.2024;09:39:36.499;FESX SI 20241220 CS;SIMPLE_INSTRUMENT;VOLA;EUR;637534251;4765.00000000;657;EXCHANGE_LAST;;1;1;XEUR;7793479;675;
13.11.2024;09:51:13.599;FESX SI 20241220 CS;SIMPLE_INSTRUMENT;VOLA;EUR;637534257;4765.00000000;449;EXCHANGE_LAST;;1;1;XEUR;7793479;675;
13.11.2024;09:51:49.101;FESX SI 20241220 CS;SIMPLE_INSTRUMENT;VOLA;EUR;637534258;4765.00000000;449;EXCHANGE_LAST;;1;1;XEUR;7793479;675;
13.11.2024;09:55:58.607;FESX SI 20241220 CS;SIMPLE_INSTRUMENT;VOLA;EUR;637534259;4750.00000000;330;EXCHANGE_LAST;;1;1;XEUR;7793479;675;
13.11.2024;10:05:14.834;FESX SI 20241220 CS;SIMPLE_INSTRUMENT;VOLA;EUR;637534267;4750.00000000;1190;EXCHANGE_LAST;;1;1;XEUR;7793479;675;
13.11.2024;10:05:51.296;FESX SI 20241220 CS;SIMPLE_INSTRUMENT;VOLA;EUR;637534268;4751.00000000;397;EXCHANGE_LAST;;1;1;XEUR;7793479;675;
13.11.2024;11:52:38.583;FESX SI 20241220 CS;SIMPLE_INSTRUMENT;VOLA;EUR;637534309;4750.00000000;154;EXCHANGE_LAST;;1;1;XEUR;7793479;675;
13.11.2024;12:52:46.620;FESX SI 20241220 CS;SIMPLE_INSTRUMENT;VOLA;EUR;637534332;4738.00000000;400;EXCHANGE_LAST;;1;1;XEUR;7793479;675;
13.11.2024;14:01:55.431;FESX SI 20241220 CS;SIMPLE_INSTRUMENT;VOLA;EUR;637534367;4745.00000000;615;EXCHANGE_LAST;;1;1;XEUR;7793479;675;
13.11.2024;14:28:12.452;FESX SI 20241220 CS;SIMPLE_INSTRUMENT;VOLA;EUR;637534380;4735.00000000;980;EXCHANGE_LAST;;1;1;XEUR;7793479;675;
13.11.2024;14:39:53.450;FESX SI 20241220 CS;SIMPLE_INSTRUMENT;VOLA;EUR;637534383;4730.00000000;363;EXCHANGE_LAST;;1;1;XEUR;7793479;675;
13.11.2024;14:55:57.420;FESX SI 20241220 CS;SIMPLE_INSTRUMENT;VOLA;EUR;637534397;4730.00000000;250;EXCHANGE_LAST;;1;1;XEUR;7793479;675;
13.11.2024;15:03:37.502;FESX SI 20241220 CS;SIMPLE_INSTRUMENT;VOLA;EUR;637534405;4715.00000000;1737;EXCHANGE_LAST;;1;1;XEUR;7793479;675;
13.11.2024;15:29:56.890;FESX SI 20241220 CS;SIMPLE_INSTRUMENT;VOLA;EUR;637534424;4720.00000000;1980;EXCHANGE_LAST;;1;1;XEUR;7793479;675;
13.11.2024;15:29:10.637;FESX SI 20241220 CS;SIMPLE_INSTRUMENT;VOLA;EUR;637534425;4714.00000000;240;EXCHANGE_LAST;;1;1;XEUR;7793479;675;
13.11.2024;16:38:13.122;FESX SI 20241220 CS;SIMPLE_INSTRUMENT;VOLA;EUR;637534501;4740.00000000;80;EXCHANGE_LAST;;1;1;XEUR;7793479;675;
13.11.2024;09:50:57.887;FEXD SI 20271217 CS;SIMPLE_INSTRUMENT;BLOCK;EUR;1;145.70000000;500;EXCHANGE_LAST;;1;1;XEUR;2848338;693;
13.11.2024;09:40:10.450;FEXD SI 20251219 CS;SIMPLE_INSTRUMENT;BLOCK;EUR;2;158.20000000;180;EXCHANGE_LAST;;1;1;XEUR;1548120;693;
13.11.2024;09:51:06.269;FEXD SI 20271217 CS;SIMPLE_INSTRUMENT;BLOCK;EUR;3;145.70000000;650;EXCHANGE_LAST;;3;1;XEUR;2848338;693;
13.11.2024;09:51:03.584;FEXD SI 20271217 CS;SIMPLE_INSTRUMENT;BLOCK;EUR;5;145.80000000;100;EXCHANGE_LAST;;1;1;XEUR;2848338;693;
13.11.2024;09:51:35.697;FEXD SI 20261218 CS;SIMPLE_INSTRUMENT;BLOCK;EUR;6;152.20000000;100;EXCHANGE_LAST;;1;1;XEUR;2163053;693;
13.11.2024;10:27:48.965;FEXD.S.DEC26.DEC27.SPD;FUTURES_SPREAD;BLOCK;EUR;8;6.10000000;200;EXCHANGE_LAST;;1;1;XEUR;72060570450264153;693;
13.11.2024;10:27:48.965;FEXD SI 20271217 CS;SIMPLE_INSTRUMENT;BLOCK;EUR;8;145.80000000;200;PRC_DECOMP_EXCHANGE;;;;XEUR;2848338;693;EXCHANGE
13.11.2024;10:27:48.965;FEXD SI 20261218 CS;SIMPLE_INSTRUMENT;BLOCK;EUR;8;151.90000000;200;PRC_DECOMP_EXCHANGE;;;;XEUR;2163053;693;EXCHANGE
13.11.2024;11:03:09.805;FEXD.S.DEC26.DEC27.SPD;FUTURES_SPREAD;BLOCK;EUR;13;6.20000000;250;EXCHANGE_LAST;;1;1;XEUR;72060570450264153;693;
13.11.2024;11:03:09.805;FEXD SI 20271217 CS;SIMPLE_INSTRUMENT;BLOCK;EUR;13;145.90000000;250;PRC_DECOMP_MEMBER;;;;XEUR;2848338;693;MEMBER
13.11.2024;11:03:09.805;FEXD SI 20261218 CS;SIMPLE_INSTRUMENT;BLOCK;EUR;13;152.10000000;250;PRC_DECOMP_MEMBER;;;;XEUR;2163053;693;MEMBER
13.11.2024;11:07:08.762;FEXD.S.DEC28.DEC29.SPD;FUTURES_SPREAD;BLOCK;EUR;14;5.10000000;2000;EXCHANGE_LAST;;1;1;XEUR;72060570450264171;693;
13.11.2024;11:07:08.762;FEXD SI 20281215 CS;SIMPLE_INSTRUMENT;BLOCK;EUR;14;140.40000000;2000;PRC_DECOMP_MEMBER;;;;XEUR;3680985;693;MEMBER
13.11.2024;11:07:08.762;FEXD SI 20291221 CS;SIMPLE_INSTRUMENT;BLOCK;EUR;14;135.30000000;2000;PRC_DECOMP_MEMBER;;;;XEUR;4631968;693;MEMBER
13.11.2024;12:02:42.727;FEXD SI 20251219 CS;SIMPLE_INSTRUMENT;BLOCK;EUR;17;158.10000000;400;EXCHANGE_LAST;;1;2;XEUR;1548120;693;
13.11.2024;12:59:32.082;FEXD SI 20251219 CS;SIMPLE_INSTRUMENT;BLOCK;EUR;22;157.80000000;1489;EXCHANGE_LAST;;1;1;XEUR;1548120;693;
13.11.2024;14:09:28.294;FEXD SI 20261218 CS;SIMPLE_INSTRUMENT;BLOCK;EUR;27;151.70000000;500;EXCHANGE_LAST;;1;1;XEUR;2163053;693;
13.11.2024;14:59:07.733;FEXD SI 20251219 CS;SIMPLE_INSTRUMENT;BLOCK;EUR;33;157.80000000;213;EXCHANGE_LAST;;1;1;XEUR;1548120;693;
13.11.2024;15:03:25.917;FEXD SI 20261218 CS;SIMPLE_INSTRUMENT;BLOCK;EUR;34;151.70000000;180;EXCHANGE_LAST;;1;1;XEUR;2163053;693;
13.11.2024;15:50:19.765;FEXD SI 20251219 CS;SIMPLE_INSTRUMENT;BLOCK;EUR;38;157.90000000;500;EXCHANGE_LAST;;1;1;XEUR;1548120;693;
13.11.2024;15:56:13.406;FEXD SI 20261218 CS;SIMPLE_INSTRUMENT;BLOCK;EUR;39;151.90000000;1500;EXCHANGE_LAST;;1;1;XEUR;2163053;693;
13.11.2024;16:20:52.230;FEXD SI 20261218 CS;SIMPLE_INSTRUMENT;BLOCK;EUR;41;151.60000000;250;EXCHANGE_LAST;;1;1;XEUR;2163053;693;
13.11.2024;16:30:46.593;FEXD SI 20251219 CS;SIMPLE_INSTRUMENT;BLOCK;EUR;42;157.90000000;100;EXCHANGE_LAST;;1;1;XEUR;1548120;693;
13.11.2024;10:44:47.792;FEXF SI 20241220 CS;SIMPLE_INSTRUMENT;BLOCK;EUR;11;2562.00000000;250;EXCHANGE_LAST;;1;1;XEUR;10839550;694;
13.11.2024;07:51:40.586;FGBL SI 20241206 PS;SIMPLE_INSTRUMENT;EFS;EUR;1;131.84000000;217;EXCHANGE_LAST;;1;1;XEUR;10804524;688;
13.11.2024;08:09:06.438;FGBL SI 20241206 PS;SIMPLE_INSTRUMENT;EFS;EUR;2;131.80000000;464;EXCHANGE_LAST;;1;1;XEUR;10804524;688;
13.11.2024;08:17:03.440;FGBL SI 20241206 PS;SIMPLE_INSTRUMENT;EFS;EUR;3;131.77000000;250;EXCHANGE_LAST;;1;1;XEUR;10804524;688;
13.11.2024;08:18:11.043;FGBL SI 20241206 PS;SIMPLE_INSTRUMENT;EFP_FIN;EUR;4;131.80000000;765;EXCHANGE_LAST;;1;1;XEUR;10804524;688;
13.11.2024;08:28:57.983;FGBL SI 20241206 PS;SIMPLE_INSTRUMENT;EFS;EUR;5;131.79000000;434;EXCHANGE_LAST;;1;1;XEUR;10804524;688;
13.11.2024;08:32:07.300;FGBL SI 20241206 PS;SIMPLE_INSTRUMENT;EFS;EUR;6;131.85000000;174;EXCHANGE_LAST;;1;1;XEUR;10804524;688;
13.11.2024;08:33:34.811;FGBL SI 20241206 PS;SIMPLE_INSTRUMENT;EFS;EUR;7;131.82000000;217;EXCHANGE_LAST;;1;1;XEUR;10804524;688;
13.11.2024;08:34:54.652;FGBL SI 20241206 PS;SIMPLE_INSTRUMENT;EFS;EUR;8;131.84000000;217;EXCHANGE_LAST;;1;1;XEUR;10804524;688;
13.11.2024;08:36:31.760;FGBL SI 20241206 PS;SIMPLE_INSTRUMENT;EFS;EUR;9;131.84000000;217;EXCHANGE_LAST;;1;1;XEUR;10804524;688;
13.11.2024;08:38:51.021;FGBL SI 20241206 PS;SIMPLE_INSTRUMENT;EFS;EUR;10;131.85000000;1966;EXCHANGE_LAST;;1;1;XEUR;10804524;688;
13.11.2024;08:51:53.444;FGBL SI 20241206 PS;SIMPLE_INSTRUMENT;EFS;EUR;11;131.98000000;434;EXCHANGE_LAST;;1;1;XEUR;10804524;688;
13.11.2024;08:52:20.559;FGBL SI 20241206 PS;SIMPLE_INSTRUMENT;EFS;EUR;12;131.94000000;232;EXCHANGE_LAST;;1;1;XEUR;10804524;688;
13.11.2024;08:54:52.716;FGBL SI 20241206 PS;SIMPLE_INSTRUMENT;EFS;EUR;13;132.02000000;530;EXCHANGE_LAST;;1;1;XEUR;10804524;688;
13.11.2024;09:02:32.769;FGBL SI 20241206 PS;SIMPLE_INSTRUMENT;EFS;EUR;14;131.99000000;98;EXCHANGE_LAST;;1;1;XEUR;10804524;688;
13.11.2024;09:06:32.287;FGBL SI 20241206 PS;SIMPLE_INSTRUMENT;EFS;EUR;15;131.99000000;217;EXCHANGE_LAST;;1;1;XEUR;10804524;688;
13.11.2024;09:29:45.036;FGBL SI 20241206 PS;SIMPLE_INSTRUMENT;EFS;EUR;16;132.07000000;217;EXCHANGE_LAST;;1;1;XEUR;10804524;688;
13.11.2024;09:36:55.349;FGBL SI 20241206 PS;SIMPLE_INSTRUMENT;EFS;EUR;17;132.09000000;217;EXCHANGE_LAST;;1;1;XEUR;10804524;688;
13.11.2024;09:39:12.878;FGBL SI 20241206 PS;SIMPLE_INSTRUMENT;EFS;EUR;18;132.09000000;156;EXCHANGE_LAST;;1;1;XEUR;10804524;688;
13.11.2024;09:41:37.445;FGBL SI 20241206 PS;SIMPLE_INSTRUMENT;EFP_FIN;EUR;19;132.04000000;119;EXCHANGE_LAST;;1;1;XEUR;10804524;688;
13.11.2024;09:42:40.593;FGBL SI 20241206 PS;SIMPLE_INSTRUMENT;EFS;EUR;20;132.05000000;869;EXCHANGE_LAST;;1;1;XEUR;10804524;688;
13.11.2024;09:47:41.787;FGBL SI 20241206 PS;SIMPLE_INSTRUMENT;EFS;EUR;21;132.05000000;869;EXCHANGE_LAST;;1;1;XEUR;10804524;688;
13.11.2024;09:47:51.795;FGBL SI 20241206 PS;SIMPLE_INSTRUMENT;EFS;EUR;22;131.97000000;217;EXCHANGE_LAST;;1;1;XEUR;10804524;688;
13.11.2024;10:00:17.783;FGBL SI 20241206 PS;SIMPLE_INSTRUMENT;EFP_FIN;EUR;23;132.06000000;484;EXCHANGE_LAST;;1;1;XEUR;10804524;688;
13.11.2024;10:01:47.989;FGBL SI 20241206 PS;SIMPLE_INSTRUMENT;EFP_FIN;EUR;24;131.94000000;194;EXCHANGE_LAST;;1;1;XEUR;10804524;688;
13.11.2024;10:10:19.757;FGBL SI 20241206 PS;SIMPLE_INSTRUMENT;EFS;EUR;25;131.92000000;500;EXCHANGE_LAST;;1;1;XEUR;10804524;688;
13.11.2024;10:27:39.325;FGBL SI 20241206 PS;SIMPLE_INSTRUMENT;EFS;EUR;26;131.91000000;201;EXCHANGE_LAST;;1;1;XEUR;10804524;688;
13.11.2024;10:31:07.046;FGBL SI 20241206 PS;SIMPLE_INSTRUMENT;EFS;EUR;27;131.83000000;217;EXCHANGE_LAST;;1;1;XEUR;10804524;688;
13.11.2024;10:31:59.225;FGBL SI 20241206 PS;SIMPLE_INSTRUMENT;EFS;EUR;28;131.83000000;217;EXCHANGE_LAST;;1;1;XEUR;10804524;688;
13.11.2024;10:33:46.657;FGBL SI 20241206 PS;SIMPLE_INSTRUMENT;EFS;EUR;29;131.81000000;435;EXCHANGE_LAST;;1;1;XEUR;10804524;688;
13.11.2024;10:33:52.382;FGBL SI 20241206 PS;SIMPLE_INSTRUMENT;EFS;EUR;30;131.78000000;261;EXCHANGE_LAST;;1;1;XEUR;10804524;688;
13.11.2024;10:34:35.003;FGBL SI 20241206 PS;SIMPLE_INSTRUMENT;EFS;EUR;31;131.78000000;217;EXCHANGE_LAST;;1;1;XEUR;10804524;688;
13.11.2024;10:36:31.099;FGBL SI 20241206 PS;SIMPLE_INSTRUMENT;EFS;EUR;32;131.79000000;340;EXCHANGE_LAST;;1;1;XEUR;10804524;688;
13.11.2024;10:47:18.939;FGBL SI 20241206 PS;SIMPLE_INSTRUMENT;EFS;EUR;33;131.83000000;983;EXCHANGE_LAST;;1;1;XEUR;10804524;688;
13.11.2024;10:50:54.778;FGBL SI 20241206 PS;SIMPLE_INSTRUMENT;EFP_FIN;EUR;34;131.85000000;419;EXCHANGE_LAST;;1;1;XEUR;10804524;688;
13.11.2024;10:51:59.808;FGBL SI 20241206 PS;SIMPLE_INSTRUMENT;EFS;EUR;35;131.91000000;434;EXCHANGE_LAST;;1;1;XEUR;10804524;688;
13.11.2024;10:59:38.075;FGBL SI 20241206 PS;SIMPLE_INSTRUMENT;EFP_FIN;EUR;36;131.86000000;123;EXCHANGE_LAST;;1;1;XEUR;10804524;688;
13.11.2024;11:00:23.706;FGBL SI 20241206 PS;SIMPLE_INSTRUMENT;EFS;EUR;37;131.84000000;435;EXCHANGE_LAST;;1;1;XEUR;10804524;688;
13.11.2024;11:02:16.695;FGBL SI 20241206 PS;SIMPLE_INSTRUMENT;EFS;EUR;38;131.84000000;492;EXCHANGE_LAST;;1;1;XEUR;10804524;688;
13.11.2024;11:03:51.191;FGBL SI 20241206 PS;SIMPLE_INSTRUMENT;EFS;EUR;39;131.85000000;434;EXCHANGE_LAST;;1;1;XEUR;10804524;688;
13.11.2024;11:05:35.375;FGBL SI 20241206 PS;SIMPLE_INSTRUMENT;EFS;EUR;40;131.83000000;217;EXCHANGE_LAST;;1;1;XEUR;10804524;688;
13.11.2024;11:06:09.015;FGBL SI 20241206 PS;SIMPLE_INSTRUMENT;EFS;EUR;41;131.82000000;304;EXCHANGE_LAST;;1;1;XEUR;10804524;688;
13.11.2024;11:06:47.420;FGBL SI 20241206 PS;SIMPLE_INSTRUMENT;EFS;EUR;42;131.84000000;492;EXCHANGE_LAST;;1;1;XEUR;10804524;688;
13.11.2024;11:08:49.102;FGBL SI 20241206 PS;SIMPLE_INSTRUMENT;EFS;EUR;43;131.76000000;435;EXCHANGE_LAST;;1;1;XEUR;10804524;688;
13.11.2024;11:14:06.494;FGBL SI 20241206 PS;SIMPLE_INSTRUMENT;EFP_FIN;EUR;44;131.84000000;93;EXCHANGE_LAST;;1;1;XEUR;10804524;688;
13.11.2024;11:15:42.922;FGBL SI 20241206 PS;SIMPLE_INSTRUMENT;EFS;EUR;45;131.85000000;492;EXCHANGE_LAST;;1;1;XEUR;10804524;688;
13.11.2024;11:22:52.238;FGBL SI 20241206 PS;SIMPLE_INSTRUMENT;EFS;EUR;46;131.75000000;217;EXCHANGE_LAST;;1;1;XEUR;10804524;688;
13.11.2024;11:30:40.508;FGBL SI 20241206 PS;SIMPLE_INSTRUMENT;EFS;EUR;47;131.78000000;435;EXCHANGE_LAST;;1;1;XEUR;10804524;688;
13.11.2024;11:31:07.037;FGBL SI 20241206 PS;SIMPLE_INSTRUMENT;EFS;EUR;48;131.78000000;435;EXCHANGE_LAST;;1;1;XEUR;10804524;688;
13.11.2024;11:34:34.902;FGBL SI 20241206 PS;SIMPLE_INSTRUMENT;EFP_FIN;EUR;49;131.91000000;213;EXCHANGE_LAST;;1;1;XEUR;10804524;688;
13.11.2024;11:34:41.012;FGBL SI 20241206 PS;SIMPLE_INSTRUMENT;EFS;EUR;50;131.83000000;463;EXCHANGE_LAST;;1;1;XEUR;10804524;688;
13.11.2024;11:42:29.763;FGBL SI 20241206 PS;SIMPLE_INSTRUMENT;EFS;EUR;51;131.81000000;393;EXCHANGE_LAST;;1;1;XEUR;10804524;688;
13.11.2024;11:44:47.104;FGBL SI 20241206 PS;SIMPLE_INSTRUMENT;EFP_FIN;EUR;52;131.85000000;50;EXCHANGE_LAST;;1;1;XEUR;10804524;688;
13.11.2024;11:44:48.716;FGBL SI 20241206 PS;SIMPLE_INSTRUMENT;EFP_FIN;EUR;53;131.85000000;50;EXCHANGE_LAST;;1;1;XEUR;10804524;688;
13.11.2024;11:46:27.546;FGBL SI 20241206 PS;SIMPLE_INSTRUMENT;EFS;EUR;54;131.85000000;388;EXCHANGE_LAST;;1;1;XEUR;10804524;688;
13.11.2024;11:57:12.639;FGBL SI 20241206 PS;SIMPLE_INSTRUMENT;EFS;EUR;55;131.84000000;247;EXCHANGE_LAST;;1;1;XEUR;10804524;688;
13.11.2024;11:58:57.966;FGBL SI 20241206 PS;SIMPLE_INSTRUMENT;EFS;EUR;56;131.89000000;217;EXCHANGE_LAST;;1;1;XEUR;10804524;688;
13.11.2024;12:13:22.093;FGBL SI 20241206 PS;SIMPLE_INSTRUMENT;EFP_FIN;EUR;58;131.87000000;244;EXCHANGE_LAST;;1;1;XEUR;10804524;688;
13.11.2024;12:15:32.248;FGBL SI 20241206 PS;SIMPLE_INSTRUMENT;EFP_FIN;EUR;59;132.04000000;213;EXCHANGE_LAST;;1;1;XEUR;10804524;688;
13.11.2024;12:16:28.281;FGBL SI 20241206 PS;SIMPLE_INSTRUMENT;EFS;EUR;60;131.79000000;434;EXCHANGE_LAST;;1;1;XEUR;10804524;688;
13.11.2024;12:25:16.661;FGBL SI 20241206 PS;SIMPLE_INSTRUMENT;EFP_FIN;EUR;61;131.91000000;851;EXCHANGE_LAST;;1;1;XEUR;10804524;688;
13.11.2024;12:30:21.823;FGBL SI 20241206 PS;SIMPLE_INSTRUMENT;EFP_FIN;EUR;62;131.81000000;1236;EXCHANGE_LAST;;1;1;XEUR;10804524;688;
13.11.2024;12:43:52.921;FGBL SI 20241206 PS;SIMPLE_INSTRUMENT;EFS;EUR;63;131.74000000;246;EXCHANGE_LAST;;1;1;XEUR;10804524;688;
13.11.2024;12:44:40.763;FGBL SI 20241206 PS;SIMPLE_INSTRUMENT;EFP_FIN;EUR;64;131.83000000;387;EXCHANGE_LAST;;1;1;XEUR;10804524;688;
13.11.2024;13:09:31.950;FGBL SI 20241206 PS;SIMPLE_INSTRUMENT;EFP_FIN;EUR;65;131.82000000;388;EXCHANGE_LAST;;1;1;XEUR;10804524;688;
13.11.2024;13:13:51.913;FGBL SI 20241206 PS;SIMPLE_INSTRUMENT;EFP_FIN;EUR;66;131.73000000;344;EXCHANGE_LAST;;1;1;XEUR;10804524;688;
13.11.2024;13:16:53.557;FGBL SI 20241206 PS;SIMPLE_INSTRUMENT;EFP_FIN;EUR;67;131.59000000;289;EXCHANGE_LAST;;1;1;XEUR;10804524;688;
13.11.2024;13:16:58.527;FGBL SI 20241206 PS;SIMPLE_INSTRUMENT;EFS;EUR;68;131.64000000;490;EXCHANGE_LAST;;1;1;XEUR;10804524;688;
13.11.2024;13:28:13.860;FGBL SI 20241206 PS;SIMPLE_INSTRUMENT;EFS;EUR;69;131.64000000;231;EXCHANGE_LAST;;1;1;XEUR;10804524;688;
13.11.2024;13:29:04.100;FGBL SI 20241206 PS;SIMPLE_INSTRUMENT;EFS;EUR;70;131.67000000;435;EXCHANGE_LAST;;1;1;XEUR;10804524;688;
13.11.2024;13:40:08.157;FGBL SI 20241206 PS;SIMPLE_INSTRUMENT;EFP_FIN;EUR;71;131.65000000;387;EXCHANGE_LAST;;1;1;XEUR;10804524;688;
13.11.2024;13:44:49.956;FGBL SI 20241206 PS;SIMPLE_INSTRUMENT;EFS;EUR;72;131.74000000;183;EXCHANGE_LAST;;1;1;XEUR;10804524;688;
13.11.2024;13:51:31.733;FGBL SI 20241206 PS;SIMPLE_INSTRUMENT;EFS;EUR;73;131.97000000;212;EXCHANGE_LAST;;1;1;XEUR;10804524;688;
13.11.2024;14:00:27.610;FGBL SI 20241206 PS;SIMPLE_INSTRUMENT;EFS;EUR;74;131.95000000;434;EXCHANGE_LAST;;1;1;XEUR;10804524;688;
13.11.2024;14:00:42.539;FGBL SI 20241206 PS;SIMPLE_INSTRUMENT;EFS;EUR;75;131.96000000;434;EXCHANGE_LAST;;1;1;XEUR;10804524;688;
13.11.2024;14:01:15.539;FGBL SI 20241206 PS;SIMPLE_INSTRUMENT;EFS;EUR;76;131.91000000;185;EXCHANGE_LAST;;1;1;XEUR;10804524;688;
13.11.2024;14:07:38.137;FGBL SI 20241206 PS;SIMPLE_INSTRUMENT;EFS;EUR;77;131.94000000;470;EXCHANGE_LAST;;1;1;XEUR;10804524;688;
13.11.2024;14:08:11.680;FGBL SI 20241206 PS;SIMPLE_INSTRUMENT;EFP_FIN;EUR;78;132.00000000;67;EXCHANGE_LAST;;1;1;XEUR;10804524;688;
13.11.2024;14:09:09.010;FGBL SI 20241206 PS;SIMPLE_INSTRUMENT;EFS;EUR;79;131.95000000;246;EXCHANGE_LAST;;1;1;XEUR;10804524;688;
13.11.2024;14:10:43.334;FGBL SI 20241206 PS;SIMPLE_INSTRUMENT;EFS;EUR;80;131.96000000;217;EXCHANGE_LAST;;1;1;XEUR;10804524;688;
13.11.2024;14:11:05.400;FGBL SI 20241206 PS;SIMPLE_INSTRUMENT;EFS;EUR;81;131.92000000;217;EXCHANGE_LAST;;1;1;XEUR;10804524;688;
13.11.2024;14:12:06.935;FGBL SI 20241206 PS;SIMPLE_INSTRUMENT;EFS;EUR;82;131.96000000;217;EXCHANGE_LAST;;1;1;XEUR;10804524;688;
13.11.2024;14:12:31.569;FGBL SI 20241206 PS;SIMPLE_INSTRUMENT;EFS;EUR;83;131.91000000;217;EXCHANGE_LAST;;1;1;XEUR;10804524;688;
13.11.2024;14:13:42.461;FGBL SI 20241206 PS;SIMPLE_INSTRUMENT;EFS;EUR;84;132.00000000;1000;EXCHANGE_LAST;;1;1;XEUR;10804524;688;
13.11.2024;14:17:26.259;FGBL SI 20241206 PS;SIMPLE_INSTRUMENT;EFP_FIN;EUR;85;132.00000000;206;EXCHANGE_LAST;;1;1;XEUR;10804524;688;
13.11.2024;14:18:57.748;FGBL SI 20241206 PS;SIMPLE_INSTRUMENT;EFS;EUR;86;132.07000000;434;EXCHANGE_LAST;;1;1;XEUR;10804524;688;
13.11.2024;14:19:02.754;FGBL SI 20241206 PS;SIMPLE_INSTRUMENT;EFS;EUR;87;132.04000000;869;EXCHANGE_LAST;;1;1;XEUR;10804524;688;
13.11.2024;14:19:32.780;FGBL SI 20241206 PS;SIMPLE_INSTRUMENT;EFS;EUR;88;132.04000000;434;EXCHANGE_LAST;;1;1;XEUR;10804524;688;
13.11.2024;14:21:12.878;FGBL SI 20241206 PS;SIMPLE_INSTRUMENT;EFS;EUR;89;132.06000000;434;EXCHANGE_LAST;;1;1;XEUR;10804524;688;
13.11.2024;14:21:57.921;FGBL SI 20241206 PS;SIMPLE_INSTRUMENT;EFS;EUR;90;132.06000000;434;EXCHANGE_LAST;;1;1;XEUR;10804524;688;
13.11.2024;14:24:23.067;FGBL SI 20241206 PS;SIMPLE_INSTRUMENT;EFS;EUR;91;132.05000000;434;EXCHANGE_LAST;;1;1;XEUR;10804524;688;
13.11.2024;14:29:38.374;FGBL SI 20241206 PS;SIMPLE_INSTRUMENT;EFS;EUR;92;132.05000000;434;EXCHANGE_LAST;;1;1;XEUR;10804524;688;
13.11.2024;14:33:58.550;FGBL SI 20241206 PS;SIMPLE_INSTRUMENT;EFS;EUR;93;131.99000000;781;EXCHANGE_LAST;;1;1;XEUR;10804524;688;
13.11.2024;14:34:32.060;FGBL SI 20241206 PS;SIMPLE_INSTRUMENT;EFS;EUR;94;131.99000000;434;EXCHANGE_LAST;;1;1;XEUR;10804524;688;
13.11.2024;14:35:12.723;FGBL SI 20241206 PS;SIMPLE_INSTRUMENT;EFS;EUR;95;132.04000000;491;EXCHANGE_LAST;;1;1;XEUR;10804524;688;
13.11.2024;14:37:48.694;FGBL SI 20241206 PS;SIMPLE_INSTRUMENT;EFS;EUR;96;131.96000000;435;EXCHANGE_LAST;;1;1;XEUR;10804524;688;
13.11.2024;14:38:58.751;FGBL SI 20241206 PS;SIMPLE_INSTRUMENT;EFS;EUR;97;131.95000000;435;EXCHANGE_LAST;;1;1;XEUR;10804524;688;
13.11.2024;14:39:48.792;FGBL SI 20241206 PS;SIMPLE_INSTRUMENT;EFS;EUR;98;131.87000000;435;EXCHANGE_LAST;;1;1;XEUR;10804524;688;
13.11.2024;14:40:01.591;FGBL SI 20241206 PS;SIMPLE_INSTRUMENT;EFS;EUR;99;131.94000000;491;EXCHANGE_LAST;;1;1;XEUR;10804524;688;
13.11.2024;14:42:38.904;FGBL SI 20241206 PS;SIMPLE_INSTRUMENT;EFS;EUR;100;131.87000000;217;EXCHANGE_LAST;;1;1;XEUR;10804524;688;
13.11.2024;14:51:40.372;FGBL SI 20241206 PS;SIMPLE_INSTRUMENT;EFS;EUR;101;131.95000000;434;EXCHANGE_LAST;;1;1;XEUR;10804524;688;
13.11.2024;14:52:16.457;FGBL SI 20241206 PS;SIMPLE_INSTRUMENT;EFS;EUR;102;131.94000000;434;EXCHANGE_LAST;;1;1;XEUR;10804524;688;
13.11.2024;14:58:15.521;FGBL SI 20241206 PS;SIMPLE_INSTRUMENT;EFS;EUR;103;131.90000000;435;EXCHANGE_LAST;;1;1;XEUR;10804524;688;
13.11.2024;14:58:25.529;FGBL SI 20241206 PS;SIMPLE_INSTRUMENT;EFS;EUR;104;131.90000000;435;EXCHANGE_LAST;;1;1;XEUR;10804524;688;
13.11.2024;15:03:51.171;FGBL SI 20241206 PS;SIMPLE_INSTRUMENT;EFP_FIN;EUR;105;131.84000000;398;EXCHANGE_LAST;;1;1;XEUR;10804524;688;
13.11.2024;15:05:33.397;FGBL SI 20241206 PS;SIMPLE_INSTRUMENT;EFS;EUR;106;131.86000000;434;EXCHANGE_LAST;;1;1;XEUR;10804524;688;
13.11.2024;15:06:02.254;FGBL SI 20241206 PS;SIMPLE_INSTRUMENT;EFP_FIN;EUR;107;131.84000000;387;EXCHANGE_LAST;;1;1;XEUR;10804524;688;
13.11.2024;15:06:06.576;FGBL SI 20241206 PS;SIMPLE_INSTRUMENT;EFS;EUR;108;131.84000000;434;EXCHANGE_LAST;;1;1;XEUR;10804524;688;
13.11.2024;15:11:56.431;FGBL SI 20241206 PS;SIMPLE_INSTRUMENT;EFS;EUR;109;131.90000000;1000;EXCHANGE_LAST;;1;1;XEUR;10804524;688;
13.11.2024;15:16:58.594;FGBL SI 20241206 PS;SIMPLE_INSTRUMENT;EFS;EUR;110;131.74000000;217;EXCHANGE_LAST;;1;1;XEUR;10804524;688;
13.11.2024;15:18:47.793;FGBL SI 20241206 PS;SIMPLE_INSTRUMENT;EFS;EUR;111;131.75000000;489;EXCHANGE_LAST;;1;1;XEUR;10804524;688;
13.11.2024;15:19:49.370;FGBL SI 20241206 PS;SIMPLE_INSTRUMENT;EFS;EUR;112;131.74000000;217;EXCHANGE_LAST;;1;1;XEUR;10804524;688;
13.11.2024;15:20:28.495;FGBL SI 20241206 PS;SIMPLE_INSTRUMENT;EFS;EUR;113;131.78000000;217;EXCHANGE_LAST;;1;1;XEUR;10804524;688;
13.11.2024;15:20:43.515;FGBL SI 20241206 PS;SIMPLE_INSTRUMENT;EFS;EUR;114;131.78000000;217;EXCHANGE_LAST;;1;1;XEUR;10804524;688;
13.11.2024;15:20:53.429;FGBL SI 20241206 PS;SIMPLE_INSTRUMENT;EFS;EUR;115;131.77000000;434;EXCHANGE_LAST;;1;1;XEUR;10804524;688;
13.11.2024;15:22:45.803;FGBL SI 20241206 PS;SIMPLE_INSTRUMENT;EFS;EUR;117;131.80000000;217;EXCHANGE_LAST;;1;1;XEUR;10804524;688;
13.11.2024;15:22:55.662;FGBL SI 20241206 PS;SIMPLE_INSTRUMENT;EFS;EUR;118;131.80000000;217;EXCHANGE_LAST;;1;1;XEUR;10804524;688;
13.11.2024;15:27:24.411;FGBL SI 20241206 PS;SIMPLE_INSTRUMENT;EFS;EUR;119;131.76000000;492;EXCHANGE_LAST;;1;1;XEUR;10804524;688;
13.11.2024;15:32:54.023;FGBL SI 20241206 PS;SIMPLE_INSTRUMENT;EFS;EUR;120;131.76000000;435;EXCHANGE_LAST;;1;1;XEUR;10804524;688;
13.11.2024;15:34:47.249;FGBL SI 20241206 PS;SIMPLE_INSTRUMENT;EFP_FIN;EUR;121;131.84000000;409;EXCHANGE_LAST;;1;1;XEUR;10804524;688;
13.11.2024;15:47:02.265;FGBL SI 20241206 PS;SIMPLE_INSTRUMENT;EFP_FIN;EUR;122;131.75000000;82;EXCHANGE_LAST;;1;1;XEUR;10804524;688;
13.11.2024;15:38:03.289;FGBL SI 20241206 PS;SIMPLE_INSTRUMENT;EFS;EUR;124;131.84000000;492;EXCHANGE_LAST;;1;1;XEUR;10804524;688;
13.11.2024;15:41:02.236;FGBL SI 20241206 PS;SIMPLE_INSTRUMENT;EFS;EUR;125;131.83000000;714;EXCHANGE_LAST;;1;1;XEUR;10804524;688;
13.11.2024;15:41:14.424;FGBL SI 20241206 PS;SIMPLE_INSTRUMENT;EFS;EUR;126;131.81000000;217;EXCHANGE_LAST;;1;1;XEUR;10804524;688;
13.11.2024;15:42:27.737;FGBL SI 20241206 PS;SIMPLE_INSTRUMENT;EFS;EUR;127;131.79000000;736;EXCHANGE_LAST;;1;1;XEUR;10804524;688;
13.11.2024;15:42:03.506;FGBL SI 20241206 PS;SIMPLE_INSTRUMENT;EFS;EUR;128;131.74000000;232;EXCHANGE_LAST;;1;1;XEUR;10804524;688;
13.11.2024;15:42:19.396;FGBL SI 20241206 PS;SIMPLE_INSTRUMENT;EFS;EUR;129;131.73000000;435;EXCHANGE_LAST;;1;1;XEUR;10804524;688;
13.11.2024;15:42:23.240;FGBL SI 20241206 PS;SIMPLE_INSTRUMENT;EFS;EUR;130;131.75000000;492;EXCHANGE_LAST;;1;1;XEUR;10804524;688;
13.11.2024;15:44:04.466;FGBL SI 20241206 PS;SIMPLE_INSTRUMENT;EFS;EUR;131;131.75000000;435;EXCHANGE_LAST;;1;1;XEUR;10804524;688;
13.11.2024;15:48:25.645;FGBL SI 20241206 PS;SIMPLE_INSTRUMENT;EFS;EUR;132;131.84000000;435;EXCHANGE_LAST;;1;1;XEUR;10804524;688;
13.11.2024;15:53:20.905;FGBL SI 20241206 PS;SIMPLE_INSTRUMENT;EFS;EUR;133;131.86000000;435;EXCHANGE_LAST;;1;1;XEUR;10804524;688;
13.11.2024;15:54:50.952;FGBL SI 20241206 PS;SIMPLE_INSTRUMENT;EFS;EUR;134;131.84000000;197;EXCHANGE_LAST;;1;1;XEUR;10804524;688;
13.11.2024;15:55:34.950;FGBL SI 20241206 PS;SIMPLE_INSTRUMENT;EFS;EUR;135;131.85000000;217;EXCHANGE_LAST;;1;1;XEUR;10804524;688;
13.11.2024;15:56:25.986;FGBL SI 20241206 PS;SIMPLE_INSTRUMENT;EFS;EUR;136;131.87000000;304;EXCHANGE_LAST;;1;1;XEUR;10804524;688;
13.11.2024;15:56:30.958;FGBL SI 20241206 PS;SIMPLE_INSTRUMENT;EFS;EUR;137;131.83000000;217;EXCHANGE_LAST;;1;1;XEUR;10804524;688;
13.11.2024;15:57:44.011;FGBL SI 20241206 PS;SIMPLE_INSTRUMENT;EFS;EUR;138;131.75000000;217;EXCHANGE_LAST;;1;1;XEUR;10804524;688;
13.11.2024;15:58:47.165;FGBL SI 20241206 PS;SIMPLE_INSTRUMENT;EFS;EUR;139;131.93000000;261;EXCHANGE_LAST;;1;1;XEUR;10804524;688;
13.11.2024;15:58:49.552;FGBL SI 20241206 PS;SIMPLE_INSTRUMENT;EFS;EUR;140;131.75000000;217;EXCHANGE_LAST;;1;1;XEUR;10804524;688;
13.11.2024;16:05:10.965;FGBL SI 20241206 PS;SIMPLE_INSTRUMENT;EFS;EUR;141;131.92000000;927;EXCHANGE_LAST;;1;1;XEUR;10804524;688;
13.11.2024;16:05:59.022;FGBL SI 20241206 PS;SIMPLE_INSTRUMENT;EFS;EUR;142;131.87000000;928;EXCHANGE_LAST;;1;1;XEUR;10804524;688;
13.11.2024;16:06:51.333;FGBL SI 20241206 PS;SIMPLE_INSTRUMENT;EFS;EUR;143;131.82000000;488;EXCHANGE_LAST;;1;1;XEUR;10804524;688;
13.11.2024;16:07:57.510;FGBL SI 20241206 PS;SIMPLE_INSTRUMENT;EFS;EUR;144;131.83000000;337;EXCHANGE_LAST;;1;1;XEUR;10804524;688;
13.11.2024;16:16:30.986;FGBL SI 20241206 PS;SIMPLE_INSTRUMENT;EFS;EUR;145;131.81000000;434;EXCHANGE_LAST;;1;1;XEUR;10804524;688;
13.11.2024;16:19:14.307;FGBL SI 20241206 PS;SIMPLE_INSTRUMENT;EFS;EUR;146;131.92000000;812;EXCHANGE_LAST;;1;1;XEUR;10804524;688;
13.11.2024;16:20:17.567;FGBL SI 20241206 PS;SIMPLE_INSTRUMENT;EFS;EUR;147;131.83000000;265;EXCHANGE_LAST;;1;1;XEUR;10804524;688;
13.11.2024;16:24:12.502;FGBL SI 20241206 PS;SIMPLE_INSTRUMENT;EFS;EUR;148;131.79000000;233;EXCHANGE_LAST;;1;1;XEUR;10804524;688;
13.11.2024;16:28:30.026;FGBL SI 20241206 PS;SIMPLE_INSTRUMENT;EFS;EUR;149;131.78000000;700;EXCHANGE_LAST;;1;1;XEUR;10804524;688;
13.11.2024;16:34:09.532;FGBL SI 20241206 PS;SIMPLE_INSTRUMENT;EFS;EUR;150;131.78000000;435;EXCHANGE_LAST;;1;1;XEUR;10804524;688;
13.11.2024;16:34:55.562;FGBL SI 20241206 PS;SIMPLE_INSTRUMENT;EFS;EUR;151;131.77000000;435;EXCHANGE_LAST;;1;1;XEUR;10804524;688;
13.11.2024;16:44:24.647;FGBL SI 20241206 PS;SIMPLE_INSTRUMENT;EFP_FIN;EUR;152;131.88000000;489;EXCHANGE_LAST;;1;1;XEUR;10804524;688;
13.11.2024;16:44:35.523;FGBL SI 20241206 PS;SIMPLE_INSTRUMENT;EFP_FIN;EUR;153;131.84000000;493;EXCHANGE_LAST;;1;1;XEUR;10804524;688;
13.11.2024;16:50:57.727;FGBL SI 20241206 PS;SIMPLE_INSTRUMENT;EFS;EUR;154;131.85000000;983;EXCHANGE_LAST;;1;1;XEUR;10804524;688;
13.11.2024;16:51:17.698;FGBL SI 20241206 PS;SIMPLE_INSTRUMENT;EFS;EUR;155;131.78000000;890;EXCHANGE_LAST;;1;1;XEUR;10804524;688;
13.11.2024;16:52:31.410;FGBL SI 20241206 PS;SIMPLE_INSTRUMENT;EFS;EUR;156;131.89000000;87;EXCHANGE_LAST;;1;1;XEUR;10804524;688;
13.11.2024;16:57:31.393;FGBL SI 20241206 PS;SIMPLE_INSTRUMENT;EFS;EUR;157;131.76000000;479;EXCHANGE_LAST;;1;1;XEUR;10804524;688;
13.11.2024;17:08:29.524;FGBL SI 20241206 PS;SIMPLE_INSTRUMENT;EFP_FIN;EUR;158;131.81000000;199;EXCHANGE_LAST;;1;1;XEUR;10804524;688;
13.11.2024;17:13:07.886;FGBL SI 20241206 PS;SIMPLE_INSTRUMENT;EFS;EUR;159;131.75000000;304;EXCHANGE_LAST;;1;1;XEUR;10804524;688;
13.11.2024;09:10:36.000;FGBL SI 20241206 PS;SIMPLE_INSTRUMENT;VOLA;EUR;268435469;131.87000000;98;EXCHANGE_LAST;;1;1;XEUR;10804524;688;
13.11.2024;09:11:06.004;FGBL SI 20241206 PS;SIMPLE_INSTRUMENT;VOLA;EUR;268435470;131.87000000;97;EXCHANGE_LAST;;1;1;XEUR;10804524;688;
13.11.2024;10:03:18.946;FGBL SI 20250306 PS;SIMPLE_INSTRUMENT;VOLA;EUR;268435479;133.25000000;430;EXCHANGE_LAST;;1;1;XEUR;11286679;688;
13.11.2024;10:05:14.960;FGBL SI 20250306 PS;SIMPLE_INSTRUMENT;VOLA;EUR;268435480;133.25000000;140;EXCHANGE_LAST;;1;1;XEUR;11286679;688;
13.11.2024;10:40:10.747;FGBL SI 20241206 PS;SIMPLE_INSTRUMENT;VOLA;EUR;268435485;131.90000000;40;EXCHANGE_LAST;;1;1;XEUR;10804524;688;
13.11.2024;10:40:35.750;FGBL SI 20241206 PS;SIMPLE_INSTRUMENT;VOLA;EUR;268435486;131.90000000;40;EXCHANGE_LAST;;1;1;XEUR;10804524;688;
13.11.2024;12:16:28.182;FGBL SI 20241206 PS;SIMPLE_INSTRUMENT;VOLA;EUR;268435495;131.85000000;95;EXCHANGE_LAST;;1;1;XEUR;10804524;688;
13.11.2024;13:17:59.368;FGBL SI 20241206 PS;SIMPLE_INSTRUMENT;VOLA;EUR;268435503;131.76000000;25;EXCHANGE_LAST;;1;1;XEUR;10804524;688;
13.11.2024;14:31:54.131;FGBL SI 20241206 PS;SIMPLE_INSTRUMENT;VOLA;EUR;268435514;132.00000000;150;EXCHANGE_LAST;;1;1;XEUR;10804524;688;
13.11.2024;14:47:32.541;FGBL SI 20241206 PS;SIMPLE_INSTRUMENT;VOLA;EUR;268435517;131.85000000;175;EXCHANGE_LAST;;1;1;XEUR;10804524;688;
13.11.2024;14:48:13.548;FGBL SI 20241206 PS;SIMPLE_INSTRUMENT;VOLA;EUR;268435518;131.85000000;175;EXCHANGE_LAST;;1;1;XEUR;10804524;688;
13.11.2024;15:23:42.043;FGBL SI 20241206 PS;SIMPLE_INSTRUMENT;VOLA;EUR;268435522;131.88000000;75;EXCHANGE_LAST;;1;1;XEUR;10804524;688;
13.11.2024;15:23:55.044;FGBL SI 20241206 PS;SIMPLE_INSTRUMENT;VOLA;EUR;268435523;131.87000000;173;EXCHANGE_LAST;;1;1;XEUR;10804524;688;
13.11.2024;07:41:29.422;FGBM SI 20241206 PS;SIMPLE_INSTRUMENT;EFS;EUR;1;118.37000000;264;EXCHANGE_LAST;;1;1;XEUR;10804525;689;
13.11.2024;07:53:32.943;FGBM SI 20241206 PS;SIMPLE_INSTRUMENT;EFS;EUR;2;118.41000000;433;EXCHANGE_LAST;;1;1;XEUR;10804525;689;
13.11.2024;08:05:21.719;FGBM SI 20241206 PS;SIMPLE_INSTRUMENT;EFS;EUR;3;118.38000000;650;EXCHANGE_LAST;;1;1;XEUR;10804525;689;
13.11.2024;08:06:37.217;FGBM SI 20241206 PS;SIMPLE_INSTRUMENT;EFP_FIN;EUR;4;118.35000000;922;EXCHANGE_LAST;;1;1;XEUR;10804525;689;
13.11.2024;08:09:47.002;FGBM SI 20241206 PS;SIMPLE_INSTRUMENT;EFS;EUR;5;118.37000000;433;EXCHANGE_LAST;;1;1;XEUR;10804525;689;
13.11.2024;08:10:58.687;FGBM SI 20241206 PS;SIMPLE_INSTRUMENT;EFS;EUR;6;118.37000000;216;EXCHANGE_LAST;;1;1;XEUR;10804525;689;
13.11.2024;08:12:19.930;FGBM SI 20241206 PS;SIMPLE_INSTRUMENT;EFS;EUR;7;118.35000000;352;EXCHANGE_LAST;;1;1;XEUR;10804525;689;
13.11.2024;08:13:48.889;FGBM SI 20241206 PS;SIMPLE_INSTRUMENT;EFS;EUR;8;118.38000000;1401;EXCHANGE_LAST;;1;1;XEUR;10804525;689;
13.11.2024;08:27:56.165;FGBM SI 20241206 PS;SIMPLE_INSTRUMENT;EFS;EUR;9;118.37000000;820;EXCHANGE_LAST;;1;1;XEUR;10804525;689;
13.11.2024;08:28:35.152;FGBM SI 20241206 PS;SIMPLE_INSTRUMENT;EFS;EUR;10;118.38000000;867;EXCHANGE_LAST;;1;1;XEUR;10804525;689;
13.11.2024;08:31:06.714;FGBM SI 20241206 PS;SIMPLE_INSTRUMENT;EFS;EUR;11;118.37000000;328;EXCHANGE_LAST;;1;1;XEUR;10804525;689;
13.11.2024;08:31:44.931;FGBM SI 20241206 PS;SIMPLE_INSTRUMENT;EFP_FIN;EUR;12;118.36000000;257;EXCHANGE_LAST;;1;1;XEUR;10804525;689;
13.11.2024;08:37:34.718;FGBM SI 20241206 PS;SIMPLE_INSTRUMENT;EFS;EUR;13;118.40000000;860;EXCHANGE_LAST;;1;1;XEUR;10804525;689;
13.11.2024;08:46:58.232;FGBM SI 20241206 PS;SIMPLE_INSTRUMENT;EFS;EUR;14;118.38000000;413;EXCHANGE_LAST;;1;1;XEUR;10804525;689;
13.11.2024;08:51:09.159;FGBM SI 20241206 PS;SIMPLE_INSTRUMENT;EFS;EUR;15;118.46000000;1399;EXCHANGE_LAST;;1;1;XEUR;10804525;689;
13.11.2024;08:58:08.036;FGBM SI 20241206 PS;SIMPLE_INSTRUMENT;EFP_FIN;EUR;16;118.47000000;183;EXCHANGE_LAST;;1;1;XEUR;10804525;689;
13.11.2024;09:05:33.224;FGBM SI 20241206 PS;SIMPLE_INSTRUMENT;EFP_FIN;EUR;17;118.39000000;223;EXCHANGE_LAST;;1;1;XEUR;10804525;689;
13.11.2024;09:13:14.159;FGBM SI 20241206 PS;SIMPLE_INSTRUMENT;EFP_FIN;EUR;18;118.39000000;1116;EXCHANGE_LAST;;1;1;XEUR;10804525;689;
13.11.2024;09:14:12.121;FGBM SI 20241206 PS;SIMPLE_INSTRUMENT;EFP_FIN;EUR;19;118.45000000;213;EXCHANGE_LAST;;1;1;XEUR;10804525;689;
13.11.2024;09:36:56.298;FGBM SI 20241206 PS;SIMPLE_INSTRUMENT;EFP_FIN;EUR;20;118.48000000;548;EXCHANGE_LAST;;1;1;XEUR;10804525;689;
13.11.2024;09:39:04.345;FGBM SI 20241206 PS;SIMPLE_INSTRUMENT;EFS;EUR;21;118.48000000;1758;EXCHANGE_LAST;;1;1;XEUR;10804525;689;
13.11.2024;09:40:22.698;FGBM SI 20241206 PS;SIMPLE_INSTRUMENT;EFP_FIN;EUR;22;118.48000000;428;EXCHANGE_LAST;;1;1;XEUR;10804525;689;
13.11.2024;09:47:18.628;FGBM SI 20241206 PS;SIMPLE_INSTRUMENT;EFS;EUR;23;118.48000000;865;EXCHANGE_LAST;;1;1;XEUR;10804525;689;
13.11.2024;09:47:08.978;FGBM SI 20241206 PS;SIMPLE_INSTRUMENT;EFS;EUR;24;118.48000000;865;EXCHANGE_LAST;;1;1;XEUR;10804525;689;
13.11.2024;10:01:30.691;FGBM SI 20241206 PS;SIMPLE_INSTRUMENT;EFS;EUR;25;118.41000000;865;EXCHANGE_LAST;;1;1;XEUR;10804525;689;
13.11.2024;10:21:36.040;FGBM SI 20241206 PS;SIMPLE_INSTRUMENT;EFS;EUR;26;118.40000000;933;EXCHANGE_LAST;;1;1;XEUR;10804525;689;
13.11.2024;10:22:20.154;FGBM SI 20241206 PS;SIMPLE_INSTRUMENT;EFS;EUR;27;118.39000000;867;EXCHANGE_LAST;;1;1;XEUR;10804525;689;
13.11.2024;10:33:35.017;FGBM SI 20241206 PS;SIMPLE_INSTRUMENT;EFP_FIN;EUR;28;118.40000000;214;EXCHANGE_LAST;;1;1;XEUR;10804525;689;
13.11.2024;10:27:28.004;FGBM SI 20241206 PS;SIMPLE_INSTRUMENT;EFS;EUR;29;118.36000000;433;EXCHANGE_LAST;;1;1;XEUR;10804525;689;
13.11.2024;10:27:46.411;FGBM SI 20241206 PS;SIMPLE_INSTRUMENT;EFS;EUR;30;118.36000000;433;EXCHANGE_LAST;;1;1;XEUR;10804525;689;
13.11.2024;10:32:32.937;FGBM SI 20241206 PS;SIMPLE_INSTRUMENT;EFP_FIN;EUR;31;118.40000000;428;EXCHANGE_LAST;;1;1;XEUR;10804525;689;
13.11.2024;10:32:58.877;FGBM SI 20241206 PS;SIMPLE_INSTRUMENT;EFS;EUR;32;118.34000000;410;EXCHANGE_LAST;;1;1;XEUR;10804525;689;
13.11.2024;10:35:38.869;FGBM SI 20241206 PS;SIMPLE_INSTRUMENT;EFS;EUR;33;118.34000000;866;EXCHANGE_LAST;;1;1;XEUR;10804525;689;
13.11.2024;10:35:51.845;FGBM SI 20241206 PS;SIMPLE_INSTRUMENT;EFS;EUR;34;118.34000000;866;EXCHANGE_LAST;;1;1;XEUR;10804525;689;
13.11.2024;10:39:57.816;FGBM SI 20241206 PS;SIMPLE_INSTRUMENT;EFS;EUR;35;118.34000000;2683;EXCHANGE_LAST;;1;1;XEUR;10804525;689;
13.11.2024;10:40:16.453;FGBM SI 20241206 PS;SIMPLE_INSTRUMENT;EFS;EUR;36;118.38000000;866;EXCHANGE_LAST;;1;1;XEUR;10804525;689;
13.11.2024;10:40:16.916;FGBM SI 20241206 PS;SIMPLE_INSTRUMENT;EFS;EUR;37;118.37000000;650;EXCHANGE_LAST;;1;1;XEUR;10804525;689;
13.11.2024;10:51:09.547;FGBM SI 20241206 PS;SIMPLE_INSTRUMENT;EFS;EUR;38;118.42000000;819;EXCHANGE_LAST;;1;1;XEUR;10804525;689;
13.11.2024;11:00:43.723;FGBM SI 20241206 PS;SIMPLE_INSTRUMENT;EFS;EUR;39;118.38000000;867;EXCHANGE_LAST;;1;1;XEUR;10804525;689;
13.11.2024;11:02:13.078;FGBM SI 20241206 PS;SIMPLE_INSTRUMENT;EFS;EUR;40;118.38000000;820;EXCHANGE_LAST;;1;1;XEUR;10804525;689;
13.11.2024;11:02:56.333;FGBM SI 20241206 PS;SIMPLE_INSTRUMENT;EFS;EUR;41;118.38000000;820;EXCHANGE_LAST;;1;1;XEUR;10804525;689;
13.11.2024;11:06:56.817;FGBM SI 20241206 PS;SIMPLE_INSTRUMENT;EFS;EUR;42;118.39000000;865;EXCHANGE_LAST;;1;1;XEUR;10804525;689;
13.11.2024;11:08:29.086;FGBM SI 20241206 PS;SIMPLE_INSTRUMENT;EFS;EUR;43;118.36000000;1734;EXCHANGE_LAST;;1;1;XEUR;10804525;689;
13.11.2024;11:20:06.541;FGBM SI 20241206 PS;SIMPLE_INSTRUMENT;EFS;EUR;44;118.35000000;867;EXCHANGE_LAST;;1;1;XEUR;10804525;689;
13.11.2024;11:22:41.337;FGBM SI 20241206 PS;SIMPLE_INSTRUMENT;EFS;EUR;45;118.34000000;433;EXCHANGE_LAST;;1;1;XEUR;10804525;689;
13.11.2024;11:23:46.728;FGBM SI 20241206 PS;SIMPLE_INSTRUMENT;EFS;EUR;46;118.36000000;867;EXCHANGE_LAST;;1;1;XEUR;10804525;689;
13.11.2024;11:27:33.492;FGBM SI 20241206 PS;SIMPLE_INSTRUMENT;EFP_FIN;EUR;47;118.37000000;626;EXCHANGE_LAST;;1;1;XEUR;10804525;689;
13.11.2024;11:32:21.481;FGBM SI 20241206 PS;SIMPLE_INSTRUMENT;EFP_FIN;EUR;48;118.35000000;1111;EXCHANGE_LAST;;1;1;XEUR;10804525;689;
13.11.2024;11:42:33.291;FGBM SI 20241206 PS;SIMPLE_INSTRUMENT;EFS;EUR;49;118.37000000;2639;EXCHANGE_LAST;;1;1;XEUR;10804525;689;
13.11.2024;11:44:43.559;FGBM SI 20241206 PS;SIMPLE_INSTRUMENT;EFS;EUR;50;118.39000000;867;EXCHANGE_LAST;;1;1;XEUR;10804525;689;
13.11.2024;11:50:38.790;FGBM SI 20241206 PS;SIMPLE_INSTRUMENT;EFS;EUR;51;118.37000000;433;EXCHANGE_LAST;;1;1;XEUR;10804525;689;
13.11.2024;11:52:25.214;FGBM SI 20241206 PS;SIMPLE_INSTRUMENT;EFP_FIN;EUR;52;118.38000000;459;EXCHANGE_LAST;;1;1;XEUR;10804525;689;
13.11.2024;11:53:38.914;FGBM SI 20241206 PS;SIMPLE_INSTRUMENT;EFS;EUR;53;118.37000000;867;EXCHANGE_LAST;;1;1;XEUR;10804525;689;
13.11.2024;12:05:11.891;FGBM SI 20241206 PS;SIMPLE_INSTRUMENT;EFS;EUR;54;118.35000000;866;EXCHANGE_LAST;;1;1;XEUR;10804525;689;
13.11.2024;12:30:57.446;FGBM SI 20241206 PS;SIMPLE_INSTRUMENT;EFS;EUR;55;118.34000000;867;EXCHANGE_LAST;;1;1;XEUR;10804525;689;
13.11.2024;12:41:52.090;FGBM SI 20241206 PS;SIMPLE_INSTRUMENT;EFS;EUR;56;118.28000000;866;EXCHANGE_LAST;;1;1;XEUR;10804525;689;
13.11.2024;12:57:34.451;FGBM SI 20241206 PS;SIMPLE_INSTRUMENT;EFS;EUR;57;118.27000000;867;EXCHANGE_LAST;;1;1;XEUR;10804525;689;
13.11.2024;13:11:40.677;FGBM SI 20241206 PS;SIMPLE_INSTRUMENT;EFS;EUR;58;118.26000000;1402;EXCHANGE_LAST;;1;1;XEUR;10804525;689;
13.11.2024;13:17:02.196;FGBM SI 20241206 PS;SIMPLE_INSTRUMENT;EFS;EUR;59;118.21000000;868;EXCHANGE_LAST;;1;1;XEUR;10804525;689;
13.11.2024;13:28:21.847;FGBM SI 20241206 PS;SIMPLE_INSTRUMENT;EFS;EUR;60;118.20000000;94;EXCHANGE_LAST;;1;1;XEUR;10804525;689;
13.11.2024;13:28:28.319;FGBM SI 20241206 PS;SIMPLE_INSTRUMENT;EFS;EUR;61;118.21000000;2683;EXCHANGE_LAST;;1;1;XEUR;10804525;689;
13.11.2024;13:31:42.371;FGBM SI 20241206 PS;SIMPLE_INSTRUMENT;EFS;EUR;62;118.23000000;468;EXCHANGE_LAST;;1;1;XEUR;10804525;689;
13.11.2024;13:46:12.755;FGBM SI 20241206 PS;SIMPLE_INSTRUMENT;EFS;EUR;63;118.48000000;433;EXCHANGE_LAST;;1;1;XEUR;10804525;689;
13.11.2024;13:52:25.522;FGBM SI 20241206 PS;SIMPLE_INSTRUMENT;EFS;EUR;64;118.44000000;404;EXCHANGE_LAST;;1;1;XEUR;10804525;689;
13.11.2024;14:01:31.018;FGBM SI 20241206 PS;SIMPLE_INSTRUMENT;EFS;EUR;65;118.48000000;866;EXCHANGE_LAST;;1;1;XEUR;10804525;689;
13.11.2024;14:02:31.058;FGBM SI 20241206 PS;SIMPLE_INSTRUMENT;EFS;EUR;66;118.49000000;866;EXCHANGE_LAST;;1;1;XEUR;10804525;689;
13.11.2024;14:04:37.148;FGBM SI 20241206 PS;SIMPLE_INSTRUMENT;EFS;EUR;67;118.49000000;433;EXCHANGE_LAST;;1;1;XEUR;10804525;689;
13.11.2024;14:04:59.218;FGBM SI 20241206 PS;SIMPLE_INSTRUMENT;EFS;EUR;68;118.41000000;875;EXCHANGE_LAST;;1;1;XEUR;10804525;689;
13.11.2024;14:05:07.694;FGBM SI 20241206 PS;SIMPLE_INSTRUMENT;EFS;EUR;69;118.43000000;433;EXCHANGE_LAST;;1;1;XEUR;10804525;689;
13.11.2024;14:06:01.218;FGBM SI 20241206 PS;SIMPLE_INSTRUMENT;EFS;EUR;70;118.49000000;866;EXCHANGE_LAST;;1;1;XEUR;10804525;689;
13.11.2024;14:06:22.236;FGBM SI 20241206 PS;SIMPLE_INSTRUMENT;EFS;EUR;71;118.49000000;866;EXCHANGE_LAST;;1;1;XEUR;10804525;689;
13.11.2024;14:14:54.597;FGBM SI 20241206 PS;SIMPLE_INSTRUMENT;EFS;EUR;72;118.48000000;1730;EXCHANGE_LAST;;1;1;XEUR;10804525;689;
13.11.2024;14:15:55.449;FGBM SI 20241206 PS;SIMPLE_INSTRUMENT;EFS;EUR;73;118.49000000;865;EXCHANGE_LAST;;1;1;XEUR;10804525;689;
13.11.2024;14:28:22.747;FGBM SI 20241206 PS;SIMPLE_INSTRUMENT;EFS;EUR;74;118.48000000;432;EXCHANGE_LAST;;1;1;XEUR;10804525;689;
13.11.2024;14:29:37.555;FGBM SI 20241206 PS;SIMPLE_INSTRUMENT;EFS;EUR;75;118.50000000;1399;EXCHANGE_LAST;;1;1;XEUR;10804525;689;
13.11.2024;14:31:44.481;FGBM SI 20241206 PS;SIMPLE_INSTRUMENT;EFS;EUR;76;118.49000000;559;EXCHANGE_LAST;;1;1;XEUR;10804525;689;
13.11.2024;14:39:17.054;FGBM SI 20241206 PS;SIMPLE_INSTRUMENT;EFS;EUR;77;118.51000000;1399;EXCHANGE_LAST;;1;1;XEUR;10804525;689;
13.11.2024;14:52:41.366;FGBM SI 20241206 PS;SIMPLE_INSTRUMENT;EFP_FIN;EUR;78;118.45000000;153;EXCHANGE_LAST;;1;1;XEUR;10804525;689;
13.11.2024;15:18:10.719;FGBM SI 20241206 PS;SIMPLE_INSTRUMENT;EFP_FIN;EUR;79;118.45000000;77;EXCHANGE_LAST;;1;1;XEUR;10804525;689;
13.11.2024;15:27:35.899;FGBM SI 20241206 PS;SIMPLE_INSTRUMENT;EFS;EUR;80;118.40000000;468;EXCHANGE_LAST;;1;1;XEUR;10804525;689;
13.11.2024;15:29:58.897;FGBM SI 20241206 PS;SIMPLE_INSTRUMENT;EFS;EUR;81;118.41000000;433;EXCHANGE_LAST;;1;1;XEUR;10804525;689;
13.11.2024;15:30:18.915;FGBM SI 20241206 PS;SIMPLE_INSTRUMENT;EFS;EUR;82;118.41000000;433;EXCHANGE_LAST;;1;1;XEUR;10804525;689;
13.11.2024;15:31:23.959;FGBM SI 20241206 PS;SIMPLE_INSTRUMENT;EFS;EUR;83;118.41000000;433;EXCHANGE_LAST;;1;1;XEUR;10804525;689;
13.11.2024;15:32:44.013;FGBM SI 20241206 PS;SIMPLE_INSTRUMENT;EFS;EUR;84;118.37000000;867;EXCHANGE_LAST;;1;1;XEUR;10804525;689;
13.11.2024;15:35:26.960;FGBM SI 20241206 PS;SIMPLE_INSTRUMENT;EFS;EUR;85;118.36000000;2474;EXCHANGE_LAST;;1;1;XEUR;10804525;689;
13.11.2024;15:37:35.623;FGBM SI 20241206 PS;SIMPLE_INSTRUMENT;EFS;EUR;86;118.41000000;433;EXCHANGE_LAST;;1;1;XEUR;10804525;689;
13.11.2024;15:40:02.232;FGBM SI 20241206 PS;SIMPLE_INSTRUMENT;EFS;EUR;87;118.40000000;1355;EXCHANGE_LAST;;1;1;XEUR;10804525;689;
13.11.2024;15:45:00.508;FGBM SI 20241206 PS;SIMPLE_INSTRUMENT;EFS;EUR;88;118.37000000;867;EXCHANGE_LAST;;1;1;XEUR;10804525;689;
13.11.2024;15:45:56.747;FGBM SI 20241206 PS;SIMPLE_INSTRUMENT;EFS;EUR;89;118.35000000;1401;EXCHANGE_LAST;;1;1;XEUR;10804525;689;
13.11.2024;15:46:14.923;FGBM SI 20241206 PS;SIMPLE_INSTRUMENT;EFS;EUR;90;118.36000000;883;EXCHANGE_LAST;;1;1;XEUR;10804525;689;
13.11.2024;15:48:48.226;FGBM SI 20241206 PS;SIMPLE_INSTRUMENT;EFP_FIN;EUR;91;118.40000000;77;EXCHANGE_LAST;;1;1;XEUR;10804525;689;
13.11.2024;15:50:02.300;FGBM SI 20241206 PS;SIMPLE_INSTRUMENT;EFS;EUR;92;118.40000000;466;EXCHANGE_LAST;;1;1;XEUR;10804525;689;
13.11.2024;15:53:20.860;FGBM SI 20241206 PS;SIMPLE_INSTRUMENT;EFS;EUR;93;118.42000000;821;EXCHANGE_LAST;;1;1;XEUR;10804525;689;
13.11.2024;15:58:47.120;FGBM SI 20241206 PS;SIMPLE_INSTRUMENT;EFS;EUR;94;118.45000000;492;EXCHANGE_LAST;;1;1;XEUR;10804525;689;
13.11.2024;15:59:14.067;FGBM SI 20241206 PS;SIMPLE_INSTRUMENT;EFP_FIN;EUR;95;118.47000000;327;EXCHANGE_LAST;;1;1;XEUR;10804525;689;
13.11.2024;16:02:39.021;FGBM SI 20241206 PS;SIMPLE_INSTRUMENT;EFP_FIN;EUR;96;118.41000000;1722;EXCHANGE_LAST;;1;1;XEUR;10804525;689;
13.11.2024;16:11:07.640;FGBM SI 20241206 PS;SIMPLE_INSTRUMENT;EFS;EUR;97;118.41000000;867;EXCHANGE_LAST;;1;1;XEUR;10804525;689;
13.11.2024;16:12:38.708;FGBM SI 20241206 PS;SIMPLE_INSTRUMENT;EFS;EUR;98;118.40000000;433;EXCHANGE_LAST;;1;1;XEUR;10804525;689;
13.11.2024;16:12:39.466;FGBM SI 20241206 PS;SIMPLE_INSTRUMENT;EFS;EUR;99;118.41000000;433;EXCHANGE_LAST;;1;1;XEUR;10804525;689;
13.11.2024;16:13:15.967;FGBM SI 20241206 PS;SIMPLE_INSTRUMENT;EFS;EUR;100;118.41000000;433;EXCHANGE_LAST;;1;1;XEUR;10804525;689;
13.11.2024;16:15:36.325;FGBM SI 20241206 PS;SIMPLE_INSTRUMENT;EFS;EUR;101;118.41000000;433;EXCHANGE_LAST;;1;1;XEUR;10804525;689;
13.11.2024;16:21:36.221;FGBM SI 20241206 PS;SIMPLE_INSTRUMENT;EFS;EUR;102;118.42000000;882;EXCHANGE_LAST;;1;1;XEUR;10804525;689;
13.11.2024;16:44:35.523;FGBM SI 20241206 PS;SIMPLE_INSTRUMENT;EFP_FIN;EUR;103;118.44000000;746;EXCHANGE_LAST;;1;1;XEUR;10804525;689;
13.11.2024;16:56:30.449;FGBM SI 20241206 PS;SIMPLE_INSTRUMENT;EFS;EUR;104;118.41000000;865;EXCHANGE_LAST;;1;1;XEUR;10804525;689;
13.11.2024;16:58:20.869;FGBM SI 20241206 PS;SIMPLE_INSTRUMENT;EFS;EUR;105;118.41000000;865;EXCHANGE_LAST;;1;1;XEUR;10804525;689;
13.11.2024;15:31:26.097;FGBM SI 20241206 PS;SIMPLE_INSTRUMENT;VOLA;EUR;268435527;118.46000000;742;EXCHANGE_LAST;;1;1;XEUR;10804525;689;
13.11.2024;07:54:22.598;FGBS SI 20241206 PS;SIMPLE_INSTRUMENT;EFS;EUR;1;106.76000000;2722;EXCHANGE_LAST;;1;1;XEUR;10804527;690;
13.11.2024;08:52:58.753;FGBS SI 20241206 PS;SIMPLE_INSTRUMENT;EFP_FIN;EUR;2;106.77500000;320;EXCHANGE_LAST;;1;1;XEUR;10804527;690;
13.11.2024;09:42:29.727;FGBS SI 20241206 PS;SIMPLE_INSTRUMENT;EFP_FIN;EUR;3;106.76500000;710;EXCHANGE_LAST;;1;1;XEUR;10804527;690;
13.11.2024;10:02:25.859;FGBS SI 20241206 PS;SIMPLE_INSTRUMENT;EFP_FIN;EUR;4;106.76500000;1313;EXCHANGE_LAST;;1;1;XEUR;10804527;690;
13.11.2024;10:35:52.153;FGBS SI 20241206 PS;SIMPLE_INSTRUMENT;EFS;EUR;5;106.74000000;1361;EXCHANGE_LAST;;1;1;XEUR;10804527;690;
13.11.2024;11:29:15.463;FGBS SI 20241206 PS;SIMPLE_INSTRUMENT;EFP_FIN;EUR;6;106.75500000;1668;EXCHANGE_LAST;;1;1;XEUR;10804527;690;
13.11.2024;11:33:17.780;FGBS SI 20241206 PS;SIMPLE_INSTRUMENT;EFP_FIN;EUR;7;106.74500000;411;EXCHANGE_LAST;;1;1;XEUR;10804527;690;
13.11.2024;13:13:25.547;FGBS SI 20241206 PS;SIMPLE_INSTRUMENT;EFS;EUR;8;106.70000000;2724;EXCHANGE_LAST;;1;1;XEUR;10804527;690;
13.11.2024;13:56:27.407;FGBS SI 20241206 PS;SIMPLE_INSTRUMENT;EFS;EUR;9;106.76000000;2721;EXCHANGE_LAST;;1;1;XEUR;10804527;690;
13.11.2024;13:58:12.418;FGBS SI 20241206 PS;SIMPLE_INSTRUMENT;EFS;EUR;10;106.76500000;2769;EXCHANGE_LAST;;1;1;XEUR;10804527;690;
13.11.2024;14:00:56.379;FGBS SI 20241206 PS;SIMPLE_INSTRUMENT;EFS;EUR;11;106.76000000;1024;EXCHANGE_LAST;;1;1;XEUR;10804527;690;
13.11.2024;14:38:34.585;FGBS SI 20241206 PS;SIMPLE_INSTRUMENT;EFS;EUR;12;106.78000000;2721;EXCHANGE_LAST;;1;1;XEUR;10804527;690;
13.11.2024;14:41:04.709;FGBS SI 20241206 PS;SIMPLE_INSTRUMENT;EFS;EUR;13;106.77500000;2721;EXCHANGE_LAST;;1;1;XEUR;10804527;690;
13.11.2024;14:49:56.994;FGBS SI 20241206 PS;SIMPLE_INSTRUMENT;EFS;EUR;14;106.76000000;1000;EXCHANGE_LAST;;1;1;XEUR;10804527;690;
13.11.2024;14:57:27.801;FGBS SI 20241206 PS;SIMPLE_INSTRUMENT;BLOCK;EUR;15;106.78000000;4730;EXCHANGE_LAST;;1;1;XEUR;10804527;690;
13.11.2024;15:01:30.719;FGBS SI 20241206 PS;SIMPLE_INSTRUMENT;BLOCK;EUR;16;106.77500000;6755;EXCHANGE_LAST;;1;1;XEUR;10804527;690;
13.11.2024;15:13:35.653;FGBS SI 20241206 PS;SIMPLE_INSTRUMENT;EFP_FIN;EUR;17;106.76000000;217;EXCHANGE_LAST;;1;1;XEUR;10804527;690;
13.11.2024;15:22:09.579;FGBS SI 20241206 PS;SIMPLE_INSTRUMENT;EFP_FIN;EUR;18;106.76500000;549;EXCHANGE_LAST;;1;1;XEUR;10804527;690;
13.11.2024;15:26:27.822;FGBS SI 20241206 PS;SIMPLE_INSTRUMENT;EFS;EUR;19;106.76500000;2721;EXCHANGE_LAST;;1;1;XEUR;10804527;690;
13.11.2024;15:26:45.109;FGBS SI 20241206 PS;SIMPLE_INSTRUMENT;EFS;EUR;20;106.76000000;1360;EXCHANGE_LAST;;1;1;XEUR;10804527;690;
13.11.2024;15:31:36.358;FGBS SI 20241206 PS;SIMPLE_INSTRUMENT;EFS;EUR;21;106.76000000;1000;EXCHANGE_LAST;;1;1;XEUR;10804527;690;
13.11.2024;15:34:14.452;FGBS SI 20241206 PS;SIMPLE_INSTRUMENT;EFS;EUR;22;106.76000000;1200;EXCHANGE_LAST;;1;1;XEUR;10804527;690;
13.11.2024;15:37:46.240;FGBS SI 20241206 PS;SIMPLE_INSTRUMENT;EFP_FIN;EUR;23;106.76000000;236;EXCHANGE_LAST;;1;1;XEUR;10804527;690;
13.11.2024;15:40:28.350;FGBS SI 20241206 PS;SIMPLE_INSTRUMENT;EFP_FIN;EUR;24;106.76000000;290;EXCHANGE_LAST;;1;1;XEUR;10804527;690;
13.11.2024;15:43:42.773;FGBS SI 20241206 PS;SIMPLE_INSTRUMENT;EFP_FIN;EUR;25;106.76000000;444;EXCHANGE_LAST;;1;1;XEUR;10804527;690;
13.11.2024;15:44:32.376;FGBS SI 20241206 PS;SIMPLE_INSTRUMENT;EFS;EUR;26;106.75500000;2575;EXCHANGE_LAST;;1;1;XEUR;10804527;690;
13.11.2024;15:48:32.411;FGBS SI 20241206 PS;SIMPLE_INSTRUMENT;EFP_FIN;EUR;27;106.75000000;2493;EXCHANGE_LAST;;1;1;XEUR;10804527;690;
13.11.2024;16:02:32.928;FGBS SI 20241206 PS;SIMPLE_INSTRUMENT;EFP_FIN;EUR;28;106.75000000;518;EXCHANGE_LAST;;1;1;XEUR;10804527;690;
13.11.2024;16:20:07.338;FGBS SI 20241206 PS;SIMPLE_INSTRUMENT;EFS;EUR;29;106.77000000;2571;EXCHANGE_LAST;;1;1;XEUR;10804527;690;
13.11.2024;16:44:35.502;FGBS SI 20241206 PS;SIMPLE_INSTRUMENT;EFP_FIN;EUR;30;106.78000000;260;EXCHANGE_LAST;;1;1;XEUR;10804527;690;
13.11.2024;09:00:08.322;FGBX SI 20241206 PS;SIMPLE_INSTRUMENT;EFP_FIN;EUR;1;132.84000000;115;EXCHANGE_LAST;;1;1;XEUR;10804526;691;
13.11.2024;09:14:41.513;FGBX SI 20241206 PS;SIMPLE_INSTRUMENT;BLOCK;EUR;2;133.02000000;386;EXCHANGE_LAST;;1;1;XEUR;10804526;691;
13.11.2024;10:07:33.773;FGBX SI 20241206 PS;SIMPLE_INSTRUMENT;EFS;EUR;6;133.02000000;171;EXCHANGE_LAST;;1;1;XEUR;10804526;691;
13.11.2024;10:27:28.324;FGBX SI 20241206 PS;SIMPLE_INSTRUMENT;EFS;EUR;7;133.22000000;74;EXCHANGE_LAST;;1;1;XEUR;10804526;691;
13.11.2024;10:37:37.775;FGBX SI 20241206 PS;SIMPLE_INSTRUMENT;EFP_FIN;EUR;8;133.00000000;85;EXCHANGE_LAST;;1;1;XEUR;10804526;691;
13.11.2024;10:49:27.945;FGBX SI 20241206 PS;SIMPLE_INSTRUMENT;EFS;EUR;9;133.10000000;171;EXCHANGE_LAST;;1;1;XEUR;10804526;691;
13.11.2024;11:40:18.168;FGBX SI 20241206 PS;SIMPLE_INSTRUMENT;EFP_FIN;EUR;10;133.00000000;85;EXCHANGE_LAST;;1;1;XEUR;10804526;691;
13.11.2024;11:53:43.643;FGBX SI 20241206 PS;SIMPLE_INSTRUMENT;EFS;EUR;11;133.28000000;85;EXCHANGE_LAST;;1;1;XEUR;10804526;691;
13.11.2024;12:28:01.426;FGBX SI 20241206 PS;SIMPLE_INSTRUMENT;EFP_FIN;EUR;12;133.08000000;170;EXCHANGE_LAST;;1;1;XEUR;10804526;691;
13.11.2024;12:29:25.002;FGBX SI 20241206 PS;SIMPLE_INSTRUMENT;EFS;EUR;13;133.06000000;17;EXCHANGE_LAST;;1;1;XEUR;10804526;691;
13.11.2024;13:25:29.138;FGBX SI 20241206 PS;SIMPLE_INSTRUMENT;EFS;EUR;15;133.00000000;170;EXCHANGE_LAST;;1;1;XEUR;10804526;691;
13.11.2024;14:08:51.787;FGBX SI 20241206 PS;SIMPLE_INSTRUMENT;EFS;EUR;16;133.30000000;172;EXCHANGE_LAST;;1;1;XEUR;10804526;691;
13.11.2024;14:36:17.585;FGBX SI 20241206 PS;SIMPLE_INSTRUMENT;EFS;EUR;17;133.58000000;79;EXCHANGE_LAST;;1;1;XEUR;10804526;691;
13.11.2024;15:04:01.667;FGBX SI 20241206 PS;SIMPLE_INSTRUMENT;EFP_FIN;EUR;21;133.20000000;168;EXCHANGE_LAST;;1;1;XEUR;10804526;691;
13.11.2024;15:34:21.216;FGBX SI 20241206 PS;SIMPLE_INSTRUMENT;EFP_FIN;EUR;24;133.04000000;272;EXCHANGE_LAST;;1;1;XEUR;10804526;691;
13.11.2024;15:39:13.529;FGBX SI 20241206 PS;SIMPLE_INSTRUMENT;EFP_FIN;EUR;25;133.44000000;90;EXCHANGE_LAST;;1;1;XEUR;10804526;691;
13.11.2024;15:43:10.136;FGBX SI 20241206 PS;SIMPLE_INSTRUMENT;EFP_FIN;EUR;26;132.82000000;383;EXCHANGE_LAST;;1;1;XEUR;10804526;691;
13.11.2024;15:54:09.282;FGBX SI 20241206 PS;SIMPLE_INSTRUMENT;EFS;EUR;27;132.72000000;200;EXCHANGE_LAST;;1;1;XEUR;10804526;691;
13.11.2024;16:19:14.307;FGBX SI 20241206 PS;SIMPLE_INSTRUMENT;EFS;EUR;28;132.94000000;300;EXCHANGE_LAST;;1;1;XEUR;10804526;691;
13.11.2024;16:32:27.053;FGBX SI 20241206 PS;SIMPLE_INSTRUMENT;EFP_FIN;EUR;29;132.50000000;273;EXCHANGE_LAST;;1;1;XEUR;10804526;691;
13.11.2024;16:38:02.970;FGBX SI 20241206 PS;SIMPLE_INSTRUMENT;BLOCK;EUR;30;132.54000000;366;EXCHANGE_LAST;;1;1;XEUR;10804526;691;
13.11.2024;16:49:09.963;FGBX SI 20241206 PS;SIMPLE_INSTRUMENT;EFS;EUR;31;132.80000000;364;EXCHANGE_LAST;;1;1;XEUR;10804526;691;
13.11.2024;16:59:11.312;FGBX SI 20241206 PS;SIMPLE_INSTRUMENT;VOLA;EUR;268435534;132.52000000;68;EXCHANGE_LAST;;1;1;XEUR;10804526;691;
13.11.2024;11:14:42.318;FIA5 SI 20251218 PS AM P 12.00 0;SIMPLE_INSTRUMENT;BLOCK;EUR;4;1.20000000;4000;EXCHANGE_LAST;;3;3;XEUR;10385156;48227;
13.11.2024;11:22:45.400;FIA5.O.241113.STG.000006;STANDARD_OPTION_STRATEGY;BLOCK;EUR;5;2.68000000;500;EXCHANGE_LAST;;1;1;XEUR;72264727425717809;48227;
13.11.2024;11:22:45.400;FIA5 SI 20260618 PS AM C 14.00 0;SIMPLE_INSTRUMENT;BLOCK;EUR;5;1.07500000;500;PRC_DECOMP_EXCHANGE;;;;XEUR;11340151;48227;EXCHANGE
13.11.2024;11:22:45.400;FIA5 SI 20260618 PS AM P 12.00 0;SIMPLE_INSTRUMENT;BLOCK;EUR;5;1.60500000;500;PRC_DECOMP_EXCHANGE;;;;XEUR;11340150;48227;EXCHANGE
13.11.2024;11:23:14.437;FIA5 SI 20251218 PS AM C 14.00 0;SIMPLE_INSTRUMENT;BLOCK;EUR;6;0.84000000;1000;EXCHANGE_LAST;;1;1;XEUR;10385144;48227;
13.11.2024;14:58:09.625;FIA5 SI 20250619 PS AM P 13.00 0;SIMPLE_INSTRUMENT;BLOCK;EUR;13;1.62000000;500;EXCHANGE_LAST;;1;1;XEUR;11340117;48227;
13.11.2024;15:13:48.710;FIA5 SI 20241219 PS AM P 12.00 0;SIMPLE_INSTRUMENT;BLOCK;EUR;18;0.36000000;1700;EXCHANGE_LAST;;1;2;XEUR;8767640;48227;
13.11.2024;10:16:10.793;FIN SI 20251219 PS AM P 52.00 0;SIMPLE_INSTRUMENT;BLOCK;CHF;19;2.80000000;750;EXCHANGE_LAST;;1;1;XEUR;10405631;671;
13.11.2024;02:06:31.247;FMAU SI 20241220 CS;SIMPLE_INSTRUMENT;BLOCK;USD;3;5914.42900000;45;EXCHANGE_LAST;;1;1;XEUR;7192605;45287;
13.11.2024;08:53:39.731;FMAU SI 20241220 CS;SIMPLE_INSTRUMENT;BLOCK;USD;31;5914.42900000;460;EXCHANGE_LAST;;1;1;XEUR;7192605;45287;
13.11.2024;07:26:31.464;FMCH SI 20241220 CS;SIMPLE_INSTRUMENT;BLOCK;USD;12;514.25900000;444;EXCHANGE_LAST;;1;1;XEUR;7196792;402909;
13.11.2024;07:59:29.469;FMCH SI 20241220 CS;SIMPLE_INSTRUMENT;BLOCK;USD;16;514.25900000;90;EXCHANGE_LAST;;1;1;XEUR;7196792;402909;
13.11.2024;09:08:05.888;FMCH SI 20241220 CS;SIMPLE_INSTRUMENT;BLOCK;USD;34;512.90000000;111;EXCHANGE_LAST;;1;1;XEUR;7196792;402909;
13.11.2024;16:21:18.178;FMCH SI 20241220 CS;SIMPLE_INSTRUMENT;BLOCK;USD;43;507.20000000;330;EXCHANGE_LAST;;1;1;XEUR;7196792;402909;
13.11.2024;07:33:35.092;FMCL SI 20241220 CS;SIMPLE_INSTRUMENT;BLOCK;USD;1;277.02400000;185;EXCHANGE_LAST;;1;1;XEUR;7191945;12398;
13.11.2024;13:48:54.965;FMEA SI 20241220 CS;SIMPLE_INSTRUMENT;BLOCK;USD;37;696.40000000;2155;EXCHANGE_LAST;;1;1;XEUR;7191938;12395;
13.11.2024;13:49:11.666;FMEA SI 20250321 CS;SIMPLE_INSTRUMENT;BLOCK;USD;38;705.52300000;2127;EXCHANGE_LAST;;1;1;XEUR;7589834;12395;
13.11.2024;13:57:14.735;FMEA SI 20241220 CS;SIMPLE_INSTRUMENT;BLOCK;USD;39;696.40000000;4310;EXCHANGE_LAST;;1;1;XEUR;7191938;12395;
13.11.2024;13:57:39.584;FMEA SI 20250321 CS;SIMPLE_INSTRUMENT;BLOCK;USD;40;705.52300000;4254;EXCHANGE_LAST;;1;1;XEUR;7589834;12395;
13.11.2024;09:22:59.444;FMEF SI 20250321 CS;SIMPLE_INSTRUMENT;BLOCK;USD;35;1107.00000000;696;EXCHANGE_LAST;;1;1;XEUR;7408970;30657;
13.11.2024;08:54:19.460;FMEL SI 20241220 CS;SIMPLE_INSTRUMENT;BLOCK;USD;32;529.01000000;80;EXCHANGE_LAST;;1;1;XEUR;7191942;12397;
13.11.2024;08:08:06.731;FMES SI 20241220 CS;SIMPLE_INSTRUMENT;BLOCK;EUR;22;554.17700000;153;EXCHANGE_LAST;;1;1;XEUR;7194760;221291;
13.11.2024;15:46:03.855;FMFP SI 20241220 CS;SIMPLE_INSTRUMENT;BLOCK;USD;42;2280.00000000;264;EXCHANGE_LAST;;1;1;XEUR;7193657;51999;
13.11.2024;08:04:06.357;FMGC SI 20241220 CS;SIMPLE_INSTRUMENT;BLOCK;USD;19;13052.76000000;35;EXCHANGE_LAST;;1;1;XEUR;7193447;48916;
13.11.2024;15:17:09.368;FMGO SI 20241220 CS;SIMPLE_INSTRUMENT;BLOCK;USD;41;5263.61000000;71;EXCHANGE_LAST;;1;1;XEUR;8609363;583623;
13.11.2024;16:29:21.363;FMGS SI 20241220 CS;SIMPLE_INSTRUMENT;BLOCK;USD;44;27450.00000000;911;EXCHANGE_LAST;;1;1;XEUR;7193445;48912;
13.11.2024;16:29:45.250;FMGS SI 20251219 CS;SIMPLE_INSTRUMENT;BLOCK;USD;45;28885.63500000;866;EXCHANGE_LAST;;1;1;XEUR;8838637;48912;
13.11.2024;18:25:49.731;FMGS SI 20241220 CS;SIMPLE_INSTRUMENT;BLOCK;USD;62;27541.00000000;600;EXCHANGE_LAST;;1;1;XEUR;7193445;48912;
13.11.2024;18:25:54.522;FMGS SI 20251219 CS;SIMPLE_INSTRUMENT;BLOCK;USD;63;28981.39400000;570;EXCHANGE_LAST;;1;1;XEUR;8838637;48912;
13.11.2024;03:20:42.903;FMHK SI 20241220 CS;SIMPLE_INSTRUMENT;BLOCK;USD;8;58325.89300000;83;EXCHANGE_LAST;;1;1;XEUR;7192592;45282;
13.11.2024;08:27:27.578;FMHK SI 20241220 CS;SIMPLE_INSTRUMENT;BLOCK;USD;24;58325.89300000;84;EXCHANGE_LAST;;2;1;XEUR;7192592;45282;
13.11.2024;00:40:37.287;FMIN SI 20241220 CS;SIMPLE_INSTRUMENT;BLOCK;USD;1;1277.83000000;40;EXCHANGE_LAST;;1;1;XEUR;7191968;12404;
13.11.2024;01:47:08.417;FMIN SI 20241220 CS;SIMPLE_INSTRUMENT;BLOCK;USD;2;1277.32100000;20;EXCHANGE_LAST;;1;1;XEUR;7191968;12404;
13.11.2024;07:40:50.521;FMIN SI 20241220 CS;SIMPLE_INSTRUMENT;BLOCK;USD;14;1272.27000000;166;EXCHANGE_LAST;;1;1;XEUR;7191968;12404;
13.11.2024;08:04:51.864;FMIN SI 20241220 CS;SIMPLE_INSTRUMENT;BLOCK;USD;20;1277.44800000;133;EXCHANGE_LAST;;1;1;XEUR;7191968;12404;
13.11.2024;08:50:53.052;FMIN SI 20241220 CS;SIMPLE_INSTRUMENT;BLOCK;USD;26;1277.44800000;10;EXCHANGE_LAST;;1;1;XEUR;7191968;12404;
13.11.2024;08:51:05.985;FMIN SI 20241220 CS;SIMPLE_INSTRUMENT;BLOCK;USD;28;1277.32100000;253;EXCHANGE_LAST;;1;1;XEUR;7191968;12404;
13.11.2024;08:42:46.510;FMIN SI 20241220 CS;SIMPLE_INSTRUMENT;BLOCK;USD;30;1277.44800000;20;EXCHANGE_LAST;;1;1;XEUR;7191968;12404;
13.11.2024;02:07:46.450;FMJP SI 20241220 CS;SIMPLE_INSTRUMENT;BLOCK;USD;5;8669.53400000;286;EXCHANGE_LAST;;1;1;XEUR;7190889;661;
13.11.2024;02:10:38.708;FMJP SI 20241220 CS;SIMPLE_INSTRUMENT;BLOCK;USD;6;8669.53300000;114;EXCHANGE_LAST;;1;1;XEUR;7190889;661;
13.11.2024;08:40:14.385;FMJP SI 20241220 CS;SIMPLE_INSTRUMENT;BLOCK;USD;27;8530.00000000;410;EXCHANGE_LAST;;1;1;XEUR;7190889;661;
13.11.2024;08:40:35.974;FMJP SI 20250321 CS;SIMPLE_INSTRUMENT;BLOCK;USD;29;8641.31600000;405;EXCHANGE_LAST;;1;1;XEUR;7588794;661;
13.11.2024;05:09:34.956;FMPX SI 20241220 CS;SIMPLE_INSTRUMENT;BLOCK;USD;9;8292.00000000;27;EXCHANGE_LAST;;1;1;XEUR;7192613;45291;
13.11.2024;07:41:32.614;FMPX SI 20241220 CS;SIMPLE_INSTRUMENT;BLOCK;USD;15;8333.70000000;231;EXCHANGE_LAST;;1;1;XEUR;7192613;45291;
13.11.2024;07:28:32.497;FMSM SI 20241220 CS;SIMPLE_INSTRUMENT;BLOCK;USD;13;1676.58000000;285;EXCHANGE_LAST;;1;1;XEUR;7194745;208342;
13.11.2024;07:39:42.838;FMTW SI 20241220 CS;SIMPLE_INSTRUMENT;BLOCK;USD;2;830.41300000;1171;EXCHANGE_LAST;;1;1;XEUR;7193559;51884;
13.11.2024;06:51:46.988;FMWN SI 20241220 CS;SIMPLE_INSTRUMENT;BLOCK;EUR;10;576.98000000;1174;EXCHANGE_LAST;;1;1;XEUR;7192300;30654;
13.11.2024;07:08:44.711;FMWO SI 20241220 CS;SIMPLE_INSTRUMENT;EFP_IDX;USD;11;11987.14000000;423;EXCHANGE_LAST;;1;1;XEUR;7191849;7059;
13.11.2024;08:00:45.415;FMWO SI 20241220 CS;SIMPLE_INSTRUMENT;BLOCK;USD;17;11986.89000000;132;EXCHANGE_LAST;;1;1;XEUR;7191849;7059;
13.11.2024;08:01:02.844;FMWO SI 20241220 CS;SIMPLE_INSTRUMENT;EFP_IDX;USD;18;11985.24000000;38;EXCHANGE_LAST;;1;1;XEUR;7191849;7059;
13.11.2024;08:06:40.778;FMWO SI 20241220 CS;SIMPLE_INSTRUMENT;BLOCK;USD;21;11985.14000000;1260;EXCHANGE_LAST;;1;1;XEUR;7191849;7059;
13.11.2024;08:16:17.573;FMWO SI 20241220 CS;SIMPLE_INSTRUMENT;EFP_IDX;USD;23;11985.39000000;35;EXCHANGE_LAST;;1;1;XEUR;7191849;7059;
13.11.2024;02:49:01.817;FMXJ SI 20241220 CS;SIMPLE_INSTRUMENT;BLOCK;USD;7;587.10000000;7;EXCHANGE_LAST;;1;1;XEUR;7193543;51660;
13.11.2024;08:54:57.543;FOAT SI 20241206 PS;SIMPLE_INSTRUMENT;EFP_FIN;EUR;1;124.49000000;130;EXCHANGE_LAST;;1;1;XEUR;10804528;749;
13.11.2024;09:23:27.580;FOAT SI 20241206 PS;SIMPLE_INSTRUMENT;EFP_FIN;EUR;2;124.53000000;436;EXCHANGE_LAST;;1;1;XEUR;10804528;749;
13.11.2024;09:23:59.583;FOAT SI 20241206 PS;SIMPLE_INSTRUMENT;EFP_FIN;EUR;3;124.56000000;523;EXCHANGE_LAST;;1;1;XEUR;10804528;749;
13.11.2024;10:35:20.499;FOAT SI 20241206 PS;SIMPLE_INSTRUMENT;EFP_FIN;EUR;4;124.32000000;485;EXCHANGE_LAST;;1;1;XEUR;10804528;749;
13.11.2024;10:42:55.425;FOAT SI 20241206 PS;SIMPLE_INSTRUMENT;EFP_FIN;EUR;5;124.32000000;123;EXCHANGE_LAST;;1;1;XEUR;10804528;749;
13.11.2024;10:43:06.608;FOAT SI 20241206 PS;SIMPLE_INSTRUMENT;EFP_FIN;EUR;6;124.37000000;221;EXCHANGE_LAST;;1;1;XEUR;10804528;749;
13.11.2024;10:46:54.886;FOAT SI 20241206 PS;SIMPLE_INSTRUMENT;EFP_FIN;EUR;7;124.31000000;661;EXCHANGE_LAST;;1;1;XEUR;10804528;749;
13.11.2024;10:47:23.322;FOAT SI 20241206 PS;SIMPLE_INSTRUMENT;EFP_FIN;EUR;8;124.30000000;390;EXCHANGE_LAST;;1;1;XEUR;10804528;749;
