#Date;TrdTime;Contract;ContractType;TrdTyp;Currency;TesId;Prc;Qty;TrdInd;Aggressor;Buy;Sell;Exch;InstrumentId;RelatedProdId;PrcDecomp
19.02.2025;12:57:50.129;A2SG SI 20251219 CS;SIMPLE_INSTRUMENT;BLOCK;EUR;52;1.45000000;200;EXCHANGE_LAST;;1;1;XEUR;5914262;14;
19.02.2025;13:55:20.147;A2SG SI 20251219 CS;SIMPLE_INSTRUMENT;BLOCK;EUR;67;1.45000000;100;EXCHANGE_LAST;;1;1;XEUR;5914262;14;
19.02.2025;14:00:11.594;A2SG SI 20251219 CS;SIMPLE_INSTRUMENT;BLOCK;EUR;68;1.48000000;200;EXCHANGE_LAST;;1;1;XEUR;5914262;14;
19.02.2025;14:10:29.580;A2SG SI 20251219 CS;SIMPLE_INSTRUMENT;BLOCK;EUR;71;1.45000000;100;EXCHANGE_LAST;;1;1;XEUR;5914262;14;
19.02.2025;14:41:33.893;A2SG SI 20251219 CS;SIMPLE_INSTRUMENT;BLOCK;EUR;75;1.48000000;350;EXCHANGE_LAST;;2;1;XEUR;5914262;14;
19.02.2025;15:20:06.742;A2SG SI 20251219 CS;SIMPLE_INSTRUMENT;BLOCK;EUR;84;1.48000000;1000;EXCHANGE_LAST;;1;1;XEUR;5914262;14;
19.02.2025;15:44:25.503;A2SG SI 20251219 CS;SIMPLE_INSTRUMENT;BLOCK;EUR;91;1.48000000;400;EXCHANGE_LAST;;2;2;XEUR;5914262;14;
19.02.2025;16:28:14.381;A2SG SI 20250620 CS;SIMPLE_INSTRUMENT;BLOCK;EUR;108;1.45000000;500;EXCHANGE_LAST;;1;1;XEUR;10827627;14;
19.02.2025;16:46:50.590;A2SG SI 20250620 CS;SIMPLE_INSTRUMENT;BLOCK;EUR;114;1.45000000;400;EXCHANGE_LAST;;1;1;XEUR;10827627;14;
19.02.2025;10:34:07.398;ABBN SI 20250620 PS AM P 52.00 0;SIMPLE_INSTRUMENT;BLOCK;CHF;19;2.48000000;1500;EXCHANGE_LAST;;1;1;XEUR;9516004;574517;
19.02.2025;11:22:35.768;ABBN.O.250219.IRTSP.000005;STANDARD_OPTION_STRATEGY;BLOCK;CHF;24;-1.29000000;1500;EXCHANGE_LAST;;1;1;XEUR;74525125763937692;574517;
19.02.2025;11:22:35.768;ABBN SI 20250321 PS AM C 56.00 0;SIMPLE_INSTRUMENT;BLOCK;CHF;24;0.37000000;1500;PRC_DECOMP_EXCHANGE;;;;XEUR;10886846;574517;EXCHANGE
19.02.2025;11:22:35.768;ABBN SI 20250620 PS AM P 50.00 0;SIMPLE_INSTRUMENT;BLOCK;CHF;24;1.66000000;1500;PRC_DECOMP_EXCHANGE;;;;XEUR;11409836;574517;EXCHANGE
19.02.2025;12:52:52.716;ABBN SI 20261218 PS AM P 52.00 0;SIMPLE_INSTRUMENT;BLOCK;CHF;37;6.55000000;2000;EXCHANGE_LAST;;2;1;XEUR;9516008;574517;
19.02.2025;14:34:21.927;ABBN SI 20250620 PS AM P 50.00 0;SIMPLE_INSTRUMENT;BLOCK;CHF;53;1.90000000;1000;EXCHANGE_LAST;;1;1;XEUR;11409836;574517;
19.02.2025;14:54:32.165;ACC SI 20251219 PS AM P 34.00 0;SIMPLE_INSTRUMENT;BLOCK;CHF;58;1.12000000;400;EXCHANGE_LAST;;1;1;XEUR;12494024;626616;
19.02.2025;10:40:58.111;ADS SI 20260619 PS AM P 180.00 0;SIMPLE_INSTRUMENT;BLOCK;EUR;3;7.27000000;250;EXCHANGE_LAST;;1;1;XEUR;9536537;50;
19.02.2025;11:55:40.722;ADS SI 20250620 PS AM P 240.00 0;SIMPLE_INSTRUMENT;BLOCK;EUR;9;10.35000000;250;EXCHANGE_LAST;;1;1;XEUR;7897598;50;
19.02.2025;15:13:24.530;ADS.O.250219.BLT.000010;STANDARD_OPTION_STRATEGY;BLOCK;EUR;16;6.50000000;250;EXCHANGE_LAST;;1;1;XEUR;72057808786332514;50;
19.02.2025;15:13:24.530;ADS SI 20250321 PS AM C 250.00 0;SIMPLE_INSTRUMENT;BLOCK;EUR;16;8.45000000;250;PRC_DECOMP_EXCHANGE;;;;XEUR;12330809;50;EXCHANGE
19.02.2025;15:13:24.530;ADS SI 20250221 PS AM C 250.00 0;SIMPLE_INSTRUMENT;BLOCK;EUR;16;1.95000000;250;PRC_DECOMP_EXCHANGE;;;;XEUR;12237444;50;EXCHANGE
19.02.2025;13:27:30.192;AHO.O.250219.RTSP.000003;STANDARD_OPTION_STRATEGY;BLOCK;EUR;9;1.60000000;1000;EXCHANGE_LAST;;1;1;XEUR;72057886095713235;68;
19.02.2025;13:27:30.192;AHO SI 20250321 PS AM P 30.00 0;SIMPLE_INSTRUMENT;BLOCK;EUR;9;0.01000000;1000;PRC_DECOMP_EXCHANGE;;;;XEUR;10828938;68;EXCHANGE
19.02.2025;13:27:30.192;AHO SI 20250919 PS AM C 34.00 0;SIMPLE_INSTRUMENT;BLOCK;EUR;9;1.61000000;1000;PRC_DECOMP_EXCHANGE;;;;XEUR;11871197;68;EXCHANGE
19.02.2025;10:26:09.406;AIR SI 20250321 PS AM C 180.00 0;SIMPLE_INSTRUMENT;BLOCK;EUR;8;2.11000000;300;EXCHANGE_LAST;;1;1;XEUR;11291022;64;
19.02.2025;11:29:56.347;ALC.O.250219.STG.000001;STANDARD_OPTION_STRATEGY;BLOCK;CHF;28;11.05000000;150;EXCHANGE_LAST;;1;1;XEUR;72616515312039929;130134;
19.02.2025;11:29:56.347;ALC SI 20251219 PS AM C 84.00 0;SIMPLE_INSTRUMENT;BLOCK;CHF;28;5.19000000;150;PRC_DECOMP_EXCHANGE;;;;XEUR;5920613;130134;EXCHANGE
19.02.2025;11:29:56.347;ALC SI 20251219 PS AM P 80.00 0;SIMPLE_INSTRUMENT;BLOCK;CHF;28;5.86000000;150;PRC_DECOMP_EXCHANGE;;;;XEUR;12477635;130134;EXCHANGE
19.02.2025;09:02:09.338;ALVG.S.FEB25.MAR25.SPD;FUTURES_SPREAD;BLOCK;EUR;4;-0.68170000;24500;EXCHANGE_LAST;;1;1;XEUR;72057959110148368;85;
19.02.2025;09:02:09.338;ALVG SI 20250221 CS;SIMPLE_INSTRUMENT;BLOCK;EUR;4;329.01360000;24500;PRC_DECOMP_EXCHANGE;;;;XEUR;10561237;85;EXCHANGE
19.02.2025;09:02:09.338;ALVG SI 20250321 CS;SIMPLE_INSTRUMENT;BLOCK;EUR;4;329.69530000;24500;PRC_DECOMP_EXCHANGE;;;;XEUR;10693113;85;EXCHANGE
19.02.2025;09:02:22.960;ALVP.S.FEB25.MAR25.SPD;FUTURES_SPREAD;BLOCK;EUR;5;-0.65610000;24500;EXCHANGE_LAST;;1;1;XEUR;72591458472820809;124300;
19.02.2025;09:02:22.960;ALVP SI 20250221 PS;SIMPLE_INSTRUMENT;BLOCK;EUR;5;329.02640000;24500;PRC_DECOMP_EXCHANGE;;;;XEUR;10592457;124300;EXCHANGE
19.02.2025;09:02:22.960;ALVP SI 20250321 PS;SIMPLE_INSTRUMENT;BLOCK;EUR;5;329.68250000;24500;PRC_DECOMP_EXCHANGE;;;;XEUR;10725391;124300;EXCHANGE
19.02.2025;09:43:39.000;ANN SI 20251219 PS AM P 24.00 0;SIMPLE_INSTRUMENT;BLOCK;EUR;7;1.32000000;1000;EXCHANGE_LAST;;1;1;XEUR;7733120;45202;
19.02.2025;17:39:23.733;ASG5 SI 20250320 PS AM P 26.00 0;SIMPLE_INSTRUMENT;BLOCK;EUR;13;0.04800000;6500;EXCHANGE_LAST;;1;1;XEUR;10822068;109;
19.02.2025;11:08:46.518;ASM SI 20261218 PS AM P 640.00 0;SIMPLE_INSTRUMENT;BLOCK;EUR;3;87.00000000;150;EXCHANGE_LAST;;1;1;XEUR;7152934;107;
19.02.2025;15:59:57.112;ASMH SI 20250321 CS;SIMPLE_INSTRUMENT;BLOCK;EUR;96;714.12740000;88;EXCHANGE_LAST;;1;1;XEUR;10717245;3979;
19.02.2025;12:43:48.387;AXA SI 20251219 PS AM P 34.00 0;SIMPLE_INSTRUMENT;BLOCK;EUR;24;1.95000000;2000;EXCHANGE_LAST;;1;1;XEUR;11960008;127;
19.02.2025;09:35:25.554;B2NP SI 20251219 CS;SIMPLE_INSTRUMENT;BLOCK;EUR;10;7.26000000;500;EXCHANGE_LAST;;1;1;XEUR;5914355;131;
19.02.2025;10:46:41.177;B2NP SI 20251219 CS;SIMPLE_INSTRUMENT;BLOCK;EUR;23;7.26000000;500;EXCHANGE_LAST;;1;1;XEUR;5914355;131;
19.02.2025;11:14:16.597;B2NP SI 20251219 CS;SIMPLE_INSTRUMENT;BLOCK;EUR;28;7.28000000;500;EXCHANGE_LAST;;1;1;XEUR;5914355;131;
19.02.2025;12:13:51.519;B2NP SI 20251219 CS;SIMPLE_INSTRUMENT;BLOCK;EUR;37;7.28000000;300;EXCHANGE_LAST;;1;1;XEUR;5914355;131;
19.02.2025;12:52:32.175;B2NP SI 20251219 CS;SIMPLE_INSTRUMENT;BLOCK;EUR;51;7.28000000;200;EXCHANGE_LAST;;1;1;XEUR;5914355;131;
19.02.2025;13:00:16.337;B2NP SI 20271217 CS;SIMPLE_INSTRUMENT;BLOCK;EUR;54;4.45000000;200;EXCHANGE_LAST;;1;1;XEUR;7086925;131;
19.02.2025;14:01:38.919;B2NP SI 20271217 CS;SIMPLE_INSTRUMENT;BLOCK;EUR;69;4.45000000;116;EXCHANGE_LAST;;1;1;XEUR;7086925;131;
19.02.2025;14:59:54.567;B2NP SI 20261218 CS;SIMPLE_INSTRUMENT;BLOCK;EUR;77;4.82000000;100;EXCHANGE_LAST;;1;1;XEUR;6798320;131;
19.02.2025;15:29:52.315;B2NP SI 20251219 CS;SIMPLE_INSTRUMENT;BLOCK;EUR;87;7.28000000;2500;EXCHANGE_LAST;;1;1;XEUR;5914355;131;
19.02.2025;16:08:36.921;B2NP SI 20271217 CS;SIMPLE_INSTRUMENT;BLOCK;EUR;99;4.45000000;400;EXCHANGE_LAST;;1;1;XEUR;7086925;131;
19.02.2025;08:51:37.692;BAS SI 20250321 PS AM C 52.00 0;SIMPLE_INSTRUMENT;BLOCK;EUR;1;1.05000000;5000;EXCHANGE_LAST;;2;1;XEUR;10831049;150;
19.02.2025;11:18:12.962;BAS SI 20260619 PS AM P 48.00 0;SIMPLE_INSTRUMENT;BLOCK;EUR;7;6.18000000;1000;EXCHANGE_LAST;;1;1;XEUR;9539342;150;
19.02.2025;11:34:56.488;BAS SI 20250221 PS AM C 47.00 0;SIMPLE_INSTRUMENT;BLOCK;EUR;8;1.81000000;2500;EXCHANGE_LAST;;1;1;XEUR;12238970;150;
19.02.2025;11:57:06.349;BAS SI 20250321 PS AM C 50.50 0;SIMPLE_INSTRUMENT;BLOCK;EUR;9;1.15000000;1250;EXCHANGE_LAST;;1;1;XEUR;12673177;150;
19.02.2025;11:57:06.351;BAS SI 20250321 PS AM C 50.50 0;SIMPLE_INSTRUMENT;BLOCK;EUR;10;1.16000000;1250;EXCHANGE_LAST;;1;1;XEUR;12673177;150;
19.02.2025;12:19:32.973;BAS.O.250219.STD.000022;STANDARD_OPTION_STRATEGY;BLOCK;EUR;12;9.19000000;1500;EXCHANGE_LAST;;1;1;XEUR;72058238283091983;150;
19.02.2025;12:19:32.973;BAS SI 20251219 PS AM C 48.00 0;SIMPLE_INSTRUMENT;BLOCK;EUR;12;4.37000000;1500;PRC_DECOMP_EXCHANGE;;;;XEUR;5922203;150;EXCHANGE
19.02.2025;12:19:32.973;BAS SI 20251219 PS AM P 48.00 0;SIMPLE_INSTRUMENT;BLOCK;EUR;12;4.82000000;1500;PRC_DECOMP_EXCHANGE;;;;XEUR;5922204;150;EXCHANGE
19.02.2025;14:43:32.669;BAS SI 20250221 PS AM C 48.00 0;SIMPLE_INSTRUMENT;BLOCK;EUR;13;0.59000000;1500;EXCHANGE_LAST;;1;1;XEUR;12238967;150;
19.02.2025;15:04:14.740;BAS SI 20250620 PS AM C 48.00 0;SIMPLE_INSTRUMENT;BLOCK;EUR;14;2.79000000;1000;EXCHANGE_LAST;;1;1;XEUR;7898967;150;
19.02.2025;15:15:06.296;BAS SI 20251219 PS AM P 46.00 0;SIMPLE_INSTRUMENT;BLOCK;EUR;15;4.08000000;1000;EXCHANGE_LAST;;1;1;XEUR;7509825;150;
19.02.2025;15:20:29.203;BAS SI 20250221 PS AM C 47.00 0;SIMPLE_INSTRUMENT;BLOCK;EUR;16;1.11000000;1000;EXCHANGE_LAST;;1;1;XEUR;12238970;150;
19.02.2025;15:22:33.475;BAS.O.250219.STD.000022;STANDARD_OPTION_STRATEGY;BLOCK;EUR;17;9.30000000;1850;EXCHANGE_LAST;;2;2;XEUR;72058238283091983;150;
19.02.2025;15:22:33.475;BAS SI 20251219 PS AM C 48.00 0;SIMPLE_INSTRUMENT;BLOCK;EUR;17;4.24000000;1850;PRC_DECOMP_EXCHANGE;;;;XEUR;5922203;150;EXCHANGE
19.02.2025;15:22:33.475;BAS SI 20251219 PS AM P 48.00 0;SIMPLE_INSTRUMENT;BLOCK;EUR;17;5.06000000;1850;PRC_DECOMP_EXCHANGE;;;;XEUR;5922204;150;EXCHANGE
19.02.2025;13:46:31.220;BASG SI 20250321 CS;SIMPLE_INSTRUMENT;BLOCK;EUR;60;48.40390000;350;EXCHANGE_LAST;;1;1;XEUR;10694474;171;
19.02.2025;10:39:23.282;BAY SI 20250321 PS AM P 19.00 0;SIMPLE_INSTRUMENT;BLOCK;EUR;3;0.26000000;6000;EXCHANGE_LAST;;4;1;XEUR;10831451;168;
19.02.2025;11:03:44.897;BAY.O.250219.CDIA.000013;STANDARD_OPTION_STRATEGY;ENLIGHT;EUR;4;0.34000000;20330;EXCHANGE_LAST;;1;1;XEUR;72058315592508688;168;
19.02.2025;11:03:44.897;BAY SI 20250221 PS AM C 21.50 0;SIMPLE_INSTRUMENT;ENLIGHT;EUR;4;0.18000000;20330;PRC_DECOMP_EXCHANGE;;;;XEUR;12239465;168;EXCHANGE
19.02.2025;11:03:44.897;BAY SI 20250321 PS AM C 23.00 0;SIMPLE_INSTRUMENT;ENLIGHT;EUR;4;0.52000000;20330;PRC_DECOMP_EXCHANGE;;;;XEUR;11234147;168;EXCHANGE
19.02.2025;15:23:18.748;BAY SI 20260619 PS AM P 18.00 0;SIMPLE_INSTRUMENT;BLOCK;EUR;18;1.92000000;1000;EXCHANGE_LAST;;1;1;XEUR;9539689;168;
19.02.2025;15:50:22.418;BAY SI 20250919 PS AM C 30.00 0;SIMPLE_INSTRUMENT;BLOCK;EUR;20;0.58000000;2000;EXCHANGE_LAST;;1;2;XEUR;11873061;168;
19.02.2025;08:32:23.969;BMW SI 20250321 PS AM C 84.00 0;SIMPLE_INSTRUMENT;BLOCK;EUR;1;3.77000000;2000;EXCHANGE_LAST;;1;1;XEUR;10832542;210;
19.02.2025;10:03:44.073;BMW SI 20250321 PS AM P 68.00 0;SIMPLE_INSTRUMENT;BLOCK;EUR;6;0.32000000;500;EXCHANGE_LAST;;1;1;XEUR;10832601;210;
19.02.2025;10:03:34.578;BMW SI 20250321 PS AM P 68.00 0;SIMPLE_INSTRUMENT;BLOCK;EUR;7;0.29000000;2000;EXCHANGE_LAST;;1;1;XEUR;10832601;210;
19.02.2025;10:34:35.159;BMW SI 20250221 PS AM C 82.00 0;SIMPLE_INSTRUMENT;BLOCK;EUR;11;2.44000000;17000;EXCHANGE_LAST;;1;1;XEUR;12339270;210;
19.02.2025;11:56:11.846;BMW.O.250219.BER.000014;STANDARD_OPTION_STRATEGY;BLOCK;EUR;18;0.23000000;800;EXCHANGE_LAST;;1;2;XEUR;72058495981109399;210;
19.02.2025;11:56:11.846;BMW SI 20250321 PS AM P 68.00 0;SIMPLE_INSTRUMENT;BLOCK;EUR;18;0.37000000;800;PRC_DECOMP_EXCHANGE;;;;XEUR;10832601;210;EXCHANGE
19.02.2025;11:56:11.846;BMW SI 20250321 PS AM P 60.00 0;SIMPLE_INSTRUMENT;BLOCK;EUR;18;0.14000000;800;PRC_DECOMP_EXCHANGE;;;;XEUR;10832573;210;EXCHANGE
19.02.2025;13:42:50.171;BMW SI 20250221 PS AM C 80.00 0;SIMPLE_INSTRUMENT;BLOCK;EUR;22;2.99000000;3500;EXCHANGE_LAST;;1;1;XEUR;12339210;210;
19.02.2025;13:48:27.688;BMW.O.250219.BLT.000018;STANDARD_OPTION_STRATEGY;BLOCK;EUR;23;2.50000000;750;EXCHANGE_LAST;;1;1;XEUR;72058495981109403;210;
19.02.2025;13:48:27.688;BMW SI 20250221 PS AM C 84.00 0;SIMPLE_INSTRUMENT;BLOCK;EUR;23;0.61000000;750;PRC_DECOMP_EXCHANGE;;;;XEUR;12339264;210;EXCHANGE
19.02.2025;13:48:27.688;BMW SI 20250321 PS AM C 84.00 0;SIMPLE_INSTRUMENT;BLOCK;EUR;23;3.11000000;750;PRC_DECOMP_EXCHANGE;;;;XEUR;10832542;210;EXCHANGE
19.02.2025;14:08:22.908;BMW.O.250219.CDIA.000020;STANDARD_OPTION_STRATEGY;BLOCK;EUR;24;0.24000000;1000;EXCHANGE_LAST;;1;1;XEUR;72058495981109405;210;
19.02.2025;14:08:22.908;BMW SI 20250417 PS AM C 82.00 0;SIMPLE_INSTRUMENT;BLOCK;EUR;24;4.73000000;1000;PRC_DECOMP_EXCHANGE;;;;XEUR;12616574;210;EXCHANGE
19.02.2025;14:08:22.908;BMW SI 20250221 PS AM C 78.00 0;SIMPLE_INSTRUMENT;BLOCK;EUR;24;4.49000000;1000;PRC_DECOMP_EXCHANGE;;;;XEUR;12239986;210;EXCHANGE
19.02.2025;14:26:58.194;BMW SI 20250620 PS AM C 100.00 0;SIMPLE_INSTRUMENT;BLOCK;EUR;28;0.94000000;500;EXCHANGE_LAST;;1;1;XEUR;7899756;210;
19.02.2025;14:49:01.194;BMW SI 20250221 PS AM P 80.00 0;SIMPLE_INSTRUMENT;BLOCK;EUR;30;0.45000000;1500;EXCHANGE_LAST;;2;1;XEUR;12339209;210;
19.02.2025;11:26:15.443;BNP SI 20251219 PS AM C 72.00 0;SIMPLE_INSTRUMENT;BLOCK;EUR;16;3.77000000;1000;EXCHANGE_LAST;;2;1;XEUR;6371615;237;
19.02.2025;14:22:09.643;BNP.O.250219.STD.000011;STANDARD_OPTION_STRATEGY;BLOCK;EUR;31;12.72000000;750;EXCHANGE_LAST;;1;1;XEUR;72058611945199973;237;
19.02.2025;14:22:09.643;BNP SI 20251219 PS AM P 70.00 0;SIMPLE_INSTRUMENT;BLOCK;EUR;31;8.32000000;750;PRC_DECOMP_EXCHANGE;;;;XEUR;12372400;237;EXCHANGE
19.02.2025;14:22:09.643;BNP SI 20251219 PS AM C 70.00 0;SIMPLE_INSTRUMENT;BLOCK;EUR;31;4.40000000;750;PRC_DECOMP_EXCHANGE;;;;XEUR;12372401;237;EXCHANGE
19.02.2025;14:35:07.162;BNP SI 20250919 PS AM C 80.00 0;SIMPLE_INSTRUMENT;BLOCK;EUR;36;1.05000000;2000;EXCHANGE_LAST;;1;1;XEUR;11875056;237;
19.02.2025;14:37:48.249;BNP SI 20250620 PS AM P 72.00 0;SIMPLE_INSTRUMENT;BLOCK;EUR;37;6.76000000;2820;EXCHANGE_LAST;;1;1;XEUR;8114384;237;
19.02.2025;15:07:16.531;BNP SI 20251219 PS AM C 72.00 0;SIMPLE_INSTRUMENT;BLOCK;EUR;42;3.45000000;1000;EXCHANGE_LAST;;1;1;XEUR;6371615;237;
19.02.2025;16:24:29.204;BNP.N.250219.000013;NON_STANDARD_OPTION_STRATEGY;BLOCK;EUR;46;7.22000000;500;EXCHANGE_LAST;;1;1;XEUR;72058611945199975;237;
19.02.2025;16:24:29.204;BNP SI 20250321 PS AM P 60.00 0;SIMPLE_INSTRUMENT;BLOCK;EUR;46;0.14000000;500;PRC_DECOMP_EXCHANGE;;;;XEUR;10832956;237;EXCHANGE
19.02.2025;16:24:29.204;BNP SI 20251219 PS AM P 60.00 0;SIMPLE_INSTRUMENT;BLOCK;EUR;46;3.68000000;1000;PRC_DECOMP_EXCHANGE;;;;XEUR;5995681;237;EXCHANGE
19.02.2025;16:39:48.827;BNP SI 20250620 PS AM P 64.00 0;SIMPLE_INSTRUMENT;BLOCK;EUR;48;2.53000000;1000;EXCHANGE_LAST;;1;1;XEUR;8114380;237;
19.02.2025;16:52:26.572;BRBF SI 20251219 CS;SIMPLE_INSTRUMENT;BLOCK;GBX;117;1134.16830000;55;EXCHANGE_LAST;;1;1;XEUR;8674444;249;
19.02.2025;12:23:36.808;BSI SI 20261218 PS AM C 160.00 0;SIMPLE_INSTRUMENT;BLOCK;EUR;5;15.60000000;250;EXCHANGE_LAST;;1;1;XEUR;12475900;76317;
19.02.2025;10:57:32.591;BYG.O.250219.BER.000001;STANDARD_OPTION_STRATEGY;BLOCK;EUR;12;4.44000000;3000;EXCHANGE_LAST;;1;1;XEUR;72058796628777098;280;
19.02.2025;10:57:32.591;BYG SI 20251219 PS AM P 28.00 0;SIMPLE_INSTRUMENT;BLOCK;EUR;12;1.18000000;3000;PRC_DECOMP_EXCHANGE;;;;XEUR;5924170;280;EXCHANGE
19.02.2025;10:57:32.591;BYG SI 20251219 PS AM P 36.00 0;SIMPLE_INSTRUMENT;BLOCK;EUR;12;5.62000000;3000;PRC_DECOMP_EXCHANGE;;;;XEUR;5924174;280;EXCHANGE
19.02.2025;12:00:57.585;BYG SI 20251219 PS AM C 32.00 0;SIMPLE_INSTRUMENT;BLOCK;EUR;19;2.12000000;3000;EXCHANGE_LAST;;1;1;XEUR;5924171;280;
19.02.2025;13:51:32.483;C3AR SI 20261218 CS;SIMPLE_INSTRUMENT;BLOCK;EUR;66;0.87500000;200;EXCHANGE_LAST;;1;1;XEUR;6799833;256;
19.02.2025;13:45:34.606;CLN.O.250219.STD.000002;STANDARD_OPTION_STRATEGY;BLOCK;CHF;42;1.97000000;2500;EXCHANGE_LAST;;1;1;XEUR;72058865348265380;296;
19.02.2025;13:45:34.606;CLN SI 20251219 PS AM P 10.00 0;SIMPLE_INSTRUMENT;BLOCK;CHF;42;0.75000000;2500;PRC_DECOMP_MEMBER;;;;XEUR;7383521;296;MEMBER
19.02.2025;13:45:34.606;CLN SI 20251219 PS AM C 10.00 0;SIMPLE_INSTRUMENT;BLOCK;CHF;42;1.22000000;2500;PRC_DECOMP_MEMBER;;;;XEUR;7383522;296;MEMBER
19.02.2025;15:21:29.308;CON SI 20250321 PS AM P 60.00 0;SIMPLE_INSTRUMENT;BLOCK;EUR;32;0.49000000;400;EXCHANGE_LAST;;1;1;XEUR;10883122;414620;
19.02.2025;13:02:40.754;CONI SI 20250321 CS;SIMPLE_INSTRUMENT;BLOCK;EUR;55;69.47810000;100;EXCHANGE_LAST;;1;1;XEUR;10733381;414627;
19.02.2025;09:19:33.044;CRI5 SI 20250220 PS AM C 48.00 0;SIMPLE_INSTRUMENT;BLOCK;EUR;1;0.73000000;1000;EXCHANGE_LAST;;1;1;XEUR;12673365;320;
19.02.2025;14:41:34.916;CRI5.O.250219.STD.000002;STANDARD_OPTION_STRATEGY;BLOCK;EUR;12;10.47000000;1000;EXCHANGE_LAST;;1;1;XEUR;72058968427474739;320;
19.02.2025;14:41:34.916;CRI5 SI 20251218 PS AM C 46.00 0;SIMPLE_INSTRUMENT;BLOCK;EUR;12;5.67850000;1000;PRC_DECOMP_EXCHANGE;;;;XEUR;12421050;320;EXCHANGE
19.02.2025;14:41:34.916;CRI5 SI 20251218 PS AM P 46.00 0;SIMPLE_INSTRUMENT;BLOCK;EUR;12;4.79150000;1000;PRC_DECOMP_EXCHANGE;;;;XEUR;12421051;320;EXCHANGE
19.02.2025;08:52:55.644;D3AI SI 20251219 CS;SIMPLE_INSTRUMENT;BLOCK;EUR;3;4.36000000;200;EXCHANGE_LAST;;1;1;XEUR;7144062;443197;
19.02.2025;09:49:31.307;D3AI SI 20261218 CS;SIMPLE_INSTRUMENT;BLOCK;EUR;13;3.68000000;400;EXCHANGE_LAST;;2;1;XEUR;7144051;443197;
19.02.2025;10:14:50.476;D3AI SI 20251219 CS;SIMPLE_INSTRUMENT;BLOCK;EUR;17;4.36000000;285;EXCHANGE_LAST;;1;3;XEUR;7144062;443197;
19.02.2025;10:52:53.613;D3AI SI 20261218 CS;SIMPLE_INSTRUMENT;BLOCK;EUR;25;3.68000000;150;EXCHANGE_LAST;;1;1;XEUR;7144051;443197;
19.02.2025;10:54:52.502;D3AI SI 20251219 CS;SIMPLE_INSTRUMENT;BLOCK;EUR;26;4.36000000;200;EXCHANGE_LAST;;1;1;XEUR;7144062;443197;
19.02.2025;11:43:37.486;D3AI SI 20271217 CS;SIMPLE_INSTRUMENT;BLOCK;EUR;33;3.28000000;250;EXCHANGE_LAST;;2;1;XEUR;7144067;443197;
19.02.2025;14:35:04.256;D3AI SI 20251219 CS;SIMPLE_INSTRUMENT;BLOCK;EUR;73;4.36000000;50;EXCHANGE_LAST;;1;1;XEUR;7144062;443197;
19.02.2025;15:15:02.314;D3AI SI 20251219 CS;SIMPLE_INSTRUMENT;BLOCK;EUR;80;4.35000000;100;EXCHANGE_LAST;;1;1;XEUR;7144062;443197;
19.02.2025;15:13:35.265;D3AI SI 20251219 CS;SIMPLE_INSTRUMENT;BLOCK;EUR;81;4.34000000;75;EXCHANGE_LAST;;1;1;XEUR;7144062;443197;
19.02.2025;15:17:03.565;D3AI SI 20261218 CS;SIMPLE_INSTRUMENT;BLOCK;EUR;82;3.68000000;150;EXCHANGE_LAST;;1;1;XEUR;7144051;443197;
19.02.2025;15:23:23.230;D3AI SI 20251219 CS;SIMPLE_INSTRUMENT;BLOCK;EUR;85;4.35000000;150;EXCHANGE_LAST;;1;1;XEUR;7144062;443197;
19.02.2025;16:23:05.954;D3AI SI 20261218 CS;SIMPLE_INSTRUMENT;BLOCK;EUR;105;3.68000000;125;EXCHANGE_LAST;;1;1;XEUR;7144051;443197;
19.02.2025;16:37:09.877;D3AI SI 20251219 CS;SIMPLE_INSTRUMENT;BLOCK;EUR;109;4.35000000;125;EXCHANGE_LAST;;1;1;XEUR;7144062;443197;
19.02.2025;09:04:01.005;DAI SI 20250620 PS AM C 64.00 0;SIMPLE_INSTRUMENT;BLOCK;EUR;3;2.80000000;2250;EXCHANGE_LAST;;2;1;XEUR;11407737;443196;
19.02.2025;09:45:06.802;DAI SI 20250321 PS AM P 60.00 0;SIMPLE_INSTRUMENT;BLOCK;EUR;5;1.77000000;2500;EXCHANGE_LAST;;1;2;XEUR;10884522;443196;
19.02.2025;10:39:31.110;DAI SI 20250620 PS AM P 60.00 0;SIMPLE_INSTRUMENT;BLOCK;EUR;10;4.65000000;3500;EXCHANGE_LAST;;2;1;XEUR;7934298;443196;
19.02.2025;11:22:55.521;DAI SI 20250321 PS AM P 60.00 0;SIMPLE_INSTRUMENT;BLOCK;EUR;13;1.97000000;750;EXCHANGE_LAST;;1;1;XEUR;10884522;443196;
19.02.2025;11:31:53.650;DAI SI 20260619 PS AM P 44.00 0;SIMPLE_INSTRUMENT;BLOCK;EUR;15;2.65000000;2000;EXCHANGE_LAST;;2;1;XEUR;9598284;443196;
19.02.2025;11:45:28.392;DAI SI 20250321 PS AM P 60.00 0;SIMPLE_INSTRUMENT;BLOCK;EUR;17;1.97000000;1500;EXCHANGE_LAST;;1;1;XEUR;10884522;443196;
19.02.2025;12:26:13.948;DAI SI 20250620 PS AM P 50.00 0;SIMPLE_INSTRUMENT;BLOCK;EUR;20;1.24000000;1000;EXCHANGE_LAST;;1;1;XEUR;11407736;443196;
19.02.2025;12:47:19.052;DAI SI 20250321 PS AM C 62.00 0;SIMPLE_INSTRUMENT;BLOCK;EUR;21;2.04000000;750;EXCHANGE_LAST;;1;1;XEUR;12327509;443196;
19.02.2025;15:55:17.859;DAI SI 20250321 PS AM C 72.00 0;SIMPLE_INSTRUMENT;BLOCK;EUR;35;0.16000000;1000;EXCHANGE_LAST;;1;1;XEUR;10884490;443196;
19.02.2025;11:03:18.056;DAIG SI 20250321 CS;SIMPLE_INSTRUMENT;BLOCK;EUR;27;61.43620000;325;EXCHANGE_LAST;;1;1;XEUR;10734482;443203;
19.02.2025;08:23:24.717;DB1H.S.FEB25.MAR25.SPD;FUTURES_SPREAD;BLOCK;EUR;1;-0.55560000;23485;EXCHANGE_LAST;;1;1;XEUR;72059153111057548;363;
19.02.2025;08:23:24.717;DB1H SI 20250321 CS;SIMPLE_INSTRUMENT;BLOCK;EUR;1;249.03270000;23485;PRC_DECOMP_EXCHANGE;;;;XEUR;10697369;363;EXCHANGE
19.02.2025;08:23:24.717;DB1H SI 20250221 CS;SIMPLE_INSTRUMENT;BLOCK;EUR;1;248.47710000;23485;PRC_DECOMP_EXCHANGE;;;;XEUR;10565617;363;EXCHANGE
19.02.2025;08:23:49.481;DB1P.S.FEB25.MAR25.SPD;FUTURES_SPREAD;BLOCK;EUR;2;-0.53620000;23485;EXCHANGE_LAST;;1;1;XEUR;74495469014745116;567612;
19.02.2025;08:23:49.481;DB1P SI 20250321 PS;SIMPLE_INSTRUMENT;BLOCK;EUR;2;249.02300000;23485;PRC_DECOMP_EXCHANGE;;;;XEUR;10735643;567612;EXCHANGE
19.02.2025;08:23:49.481;DB1P SI 20250221 PS;SIMPLE_INSTRUMENT;BLOCK;EUR;2;248.48680000;23485;PRC_DECOMP_EXCHANGE;;;;XEUR;10603005;567612;EXCHANGE
19.02.2025;11:38:00.173;DBK SI 20261218 PS AM P 16.00 0;SIMPLE_INSTRUMENT;BLOCK;EUR;4;1.65000000;5000;EXCHANGE_LAST;;1;2;XEUR;7155817;362;
19.02.2025;12:28:14.526;DBK SI 20250321 PS AM C 12.00 0;SIMPLE_INSTRUMENT;BLOCK;EUR;10;7.80000000;10000;EXCHANGE_LAST;;1;1;XEUR;10835657;362;
19.02.2025;12:28:36.309;DBKE SI 20251219 PS EU C 12.00 0;SIMPLE_INSTRUMENT;BLOCK;EUR;11;7.68000000;5000;EXCHANGE_LAST;;1;1;XEUR;5926143;411;
19.02.2025;12:28:49.383;DBKE SI 20251219 PS EU C 12.00 0;SIMPLE_INSTRUMENT;BLOCK;EUR;12;7.69000000;5000;EXCHANGE_LAST;;1;1;XEUR;5926143;411;
19.02.2025;10:23:01.094;DHE SI 20250417 PS AM C 34.00 0;SIMPLE_INSTRUMENT;BLOCK;EUR;10;1.11000000;1500;EXCHANGE_LAST;;1;1;XEUR;12643820;57135;
19.02.2025;13:45:03.286;DHE SI 20251219 PS AM P 8.00 0;SIMPLE_INSTRUMENT;BLOCK;EUR;17;0.30000000;8036;EXCHANGE_LAST;;1;1;XEUR;7427790;57135;
19.02.2025;09:22:52.694;DPW.O.250219.STG.000005;STANDARD_OPTION_STRATEGY;BLOCK;EUR;5;1.83000000;1000;EXCHANGE_LAST;;1;1;XEUR;72059505298415734;445;
19.02.2025;09:22:52.694;DPW SI 20250321 PS AM C 42.00 0;SIMPLE_INSTRUMENT;BLOCK;EUR;5;0.09000000;1000;PRC_DECOMP_EXCHANGE;;;;XEUR;10836806;445;EXCHANGE
19.02.2025;09:22:52.694;DPW SI 20250321 PS AM P 38.00 0;SIMPLE_INSTRUMENT;BLOCK;EUR;5;1.74000000;1000;PRC_DECOMP_EXCHANGE;;;;XEUR;10836858;445;EXCHANGE
19.02.2025;10:06:27.258;DPW SI 20250417 PS AM C 38.50 0;SIMPLE_INSTRUMENT;BLOCK;EUR;8;1.07000000;1500;EXCHANGE_LAST;;1;1;XEUR;12619878;445;
19.02.2025;14:54:32.439;DPW SI 20251219 PS AM P 32.00 0;SIMPLE_INSTRUMENT;BLOCK;EUR;20;1.64000000;2500;EXCHANGE_LAST;;1;1;XEUR;5926786;445;
19.02.2025;09:31:55.699;DTG SI 20250417 PS AM P 39.00 0;SIMPLE_INSTRUMENT;BLOCK;EUR;4;0.71000000;3721;EXCHANGE_LAST;;1;1;XEUR;12655129;455942;
19.02.2025;13:50:20.435;E2NL SI 20271217 CS;SIMPLE_INSTRUMENT;BLOCK;EUR;62;0.42300000;200;EXCHANGE_LAST;;1;1;XEUR;5914571;471;
19.02.2025;13:50:29.239;E2NL SI 20271217 CS;SIMPLE_INSTRUMENT;BLOCK;EUR;63;0.42200000;200;EXCHANGE_LAST;;1;1;XEUR;5914571;471;
19.02.2025;13:52:19.575;E2NL SI 20271217 CS;SIMPLE_INSTRUMENT;BLOCK;EUR;64;0.42200000;250;EXCHANGE_LAST;;1;1;XEUR;5914571;471;
19.02.2025;13:51:56.116;E2NL SI 20271217 CS;SIMPLE_INSTRUMENT;BLOCK;EUR;65;0.42300000;250;EXCHANGE_LAST;;1;1;XEUR;5914571;471;
19.02.2025;14:38:34.163;E2NL SI 20261218 CS;SIMPLE_INSTRUMENT;BLOCK;EUR;76;0.45500000;1000;EXCHANGE_LAST;;1;1;XEUR;4632356;471;
19.02.2025;15:09:25.609;E2NL SI 20271217 CS;SIMPLE_INSTRUMENT;BLOCK;EUR;78;0.42200000;250;EXCHANGE_LAST;;1;1;XEUR;5914571;471;
19.02.2025;15:09:57.017;E2NL SI 20271217 CS;SIMPLE_INSTRUMENT;BLOCK;EUR;79;0.42300000;250;EXCHANGE_LAST;;1;1;XEUR;5914571;471;
19.02.2025;10:51:36.135;EAD.N.250219.000005;NON_STANDARD_OPTION_STRATEGY;BLOCK;EUR;11;5.10000000;500;EXCHANGE_LAST;;1;1;XEUR;72059591197747512;465;
19.02.2025;10:51:36.135;EAD SI 20251219 PS AM P 150.00 0;SIMPLE_INSTRUMENT;BLOCK;EUR;11;6.93000000;1000;PRC_DECOMP_EXCHANGE;;;;XEUR;12440392;465;EXCHANGE
19.02.2025;10:51:36.135;EAD SI 20251219 PS AM C 200.00 0;SIMPLE_INSTRUMENT;BLOCK;EUR;11;6.96000000;500;PRC_DECOMP_EXCHANGE;;;;XEUR;11013908;465;EXCHANGE
19.02.2025;10:51:36.135;EAD SI 20251219 PS AM P 165.00 0;SIMPLE_INSTRUMENT;BLOCK;EUR;11;12.00000000;500;PRC_DECOMP_EXCHANGE;;;;XEUR;12602582;465;EXCHANGE
19.02.2025;12:13:30.828;EAD SI 20251219 PS AM P 120.00 0;SIMPLE_INSTRUMENT;BLOCK;EUR;21;1.95000000;500;EXCHANGE_LAST;;1;1;XEUR;11013931;465;
19.02.2025;14:00:31.725;EAD.O.250219.BER.000007;STANDARD_OPTION_STRATEGY;BLOCK;EUR;27;1.10000000;300;EXCHANGE_LAST;;1;1;XEUR;72059591197747514;465;
19.02.2025;14:00:31.725;EAD SI 20250221 PS AM P 165.00 0;SIMPLE_INSTRUMENT;BLOCK;EUR;27;1.74000000;300;PRC_DECOMP_EXCHANGE;;;;XEUR;12244214;465;EXCHANGE
19.02.2025;14:00:31.725;EAD SI 20250221 PS AM P 160.00 0;SIMPLE_INSTRUMENT;BLOCK;EUR;27;0.64000000;300;PRC_DECOMP_EXCHANGE;;;;XEUR;12244208;465;EXCHANGE
19.02.2025;14:56:03.271;EAD SI 20250620 PS AM P 155.00 0;SIMPLE_INSTRUMENT;BLOCK;EUR;40;4.60000000;500;EXCHANGE_LAST;;1;1;XEUR;12602517;465;
19.02.2025;11:33:04.610;ENL5 SI 20251218 PS AM C 7.20 0;SIMPLE_INSTRUMENT;BLOCK;EUR;4;0.28500000;1500;EXCHANGE_LAST;;1;1;XEUR;5911830;500;
19.02.2025;14:15:34.185;ESL SI 20250417 PS AM P 275.00 0;SIMPLE_INSTRUMENT;BLOCK;EUR;29;2.85000000;259;EXCHANGE_LAST;;1;1;XEUR;12620386;481;
19.02.2025;14:15:34.186;ESL SI 20250417 PS AM P 275.00 0;SIMPLE_INSTRUMENT;BLOCK;EUR;30;2.88000000;296;EXCHANGE_LAST;;1;1;XEUR;12620386;481;
19.02.2025;15:07:36.421;ESL.O.250219.STG.000002;STANDARD_OPTION_STRATEGY;BLOCK;EUR;43;29.13000000;250;EXCHANGE_LAST;;1;1;XEUR;72059659917207391;481;
19.02.2025;15:07:36.421;ESL SI 20250919 PS AM C 300.00 0;SIMPLE_INSTRUMENT;BLOCK;EUR;43;15.92000000;250;PRC_DECOMP_EXCHANGE;;;;XEUR;11880104;481;EXCHANGE
19.02.2025;15:07:36.421;ESL SI 20250919 PS AM P 280.00 0;SIMPLE_INSTRUMENT;BLOCK;EUR;43;13.21000000;250;PRC_DECOMP_EXCHANGE;;;;XEUR;11880105;481;EXCHANGE
19.02.2025;08:54:16.052;FBTP SI 20250306 PS;SIMPLE_INSTRUMENT;EFP_FIN;EUR;1;119.68000000;107;EXCHANGE_LAST;;1;1;XEUR;11286675;636;
19.02.2025;09:12:53.058;FBTP SI 20250306 PS;SIMPLE_INSTRUMENT;EFP_FIN;EUR;2;119.62000000;253;EXCHANGE_LAST;;1;1;XEUR;11286675;636;
19.02.2025;09:18:05.791;FBTP SI 20250306 PS;SIMPLE_INSTRUMENT;EFP_FIN;EUR;3;119.60000000;149;EXCHANGE_LAST;;1;1;XEUR;11286675;636;
19.02.2025;10:24:21.755;FBTP SI 20250306 PS;SIMPLE_INSTRUMENT;EFP_FIN;EUR;4;119.56000000;1170;EXCHANGE_LAST;;1;1;XEUR;11286675;636;
19.02.2025;10:55:31.654;FBTP SI 20250306 PS;SIMPLE_INSTRUMENT;EFP_FIN;EUR;5;119.50000000;149;EXCHANGE_LAST;;1;1;XEUR;11286675;636;
19.02.2025;11:04:42.570;FBTP SI 20250306 PS;SIMPLE_INSTRUMENT;EFP_FIN;EUR;6;119.41000000;537;EXCHANGE_LAST;;1;1;XEUR;11286675;636;
19.02.2025;11:50:41.623;FBTP SI 20250306 PS;SIMPLE_INSTRUMENT;EFP_FIN;EUR;7;119.13000000;346;EXCHANGE_LAST;;1;1;XEUR;11286675;636;
19.02.2025;11:53:29.097;FBTP SI 20250306 PS;SIMPLE_INSTRUMENT;EFS;EUR;8;119.13000000;437;EXCHANGE_LAST;;1;1;XEUR;11286675;636;
19.02.2025;12:22:22.392;FBTP SI 20250306 PS;SIMPLE_INSTRUMENT;EFP_FIN;EUR;9;119.23000000;504;EXCHANGE_LAST;;1;1;XEUR;11286675;636;
19.02.2025;14:01:55.494;FBTP SI 20250306 PS;SIMPLE_INSTRUMENT;EFP_FIN;EUR;10;119.08000000;235;EXCHANGE_LAST;;1;1;XEUR;11286675;636;
19.02.2025;14:43:05.447;FBTP SI 20250306 PS;SIMPLE_INSTRUMENT;EFP_FIN;EUR;11;119.10000000;203;EXCHANGE_LAST;;1;1;XEUR;11286675;636;
19.02.2025;14:43:40.006;FBTP SI 20250306 PS;SIMPLE_INSTRUMENT;EFP_FIN;EUR;12;119.12000000;242;EXCHANGE_LAST;;1;1;XEUR;11286675;636;
19.02.2025;15:04:20.475;FBTP SI 20250306 PS;SIMPLE_INSTRUMENT;EFP_FIN;EUR;13;119.11000000;170;EXCHANGE_LAST;;1;1;XEUR;11286675;636;
19.02.2025;15:31:31.067;FBTP SI 20250306 PS;SIMPLE_INSTRUMENT;EFP_FIN;EUR;14;119.11000000;170;EXCHANGE_LAST;;1;1;XEUR;11286675;636;
19.02.2025;16:23:03.544;FBTP SI 20250306 PS;SIMPLE_INSTRUMENT;BLOCK;EUR;15;119.17000000;267;EXCHANGE_LAST;;1;1;XEUR;11286675;636;
19.02.2025;16:36:30.273;FBTP SI 20250306 PS;SIMPLE_INSTRUMENT;EFP_FIN;EUR;16;119.15000000;281;EXCHANGE_LAST;;1;1;XEUR;11286675;636;
19.02.2025;09:23:28.088;FBTS SI 20250306 PS;SIMPLE_INSTRUMENT;EFP_FIN;EUR;7;107.34000000;502;EXCHANGE_LAST;;1;1;XEUR;11286677;639;
19.02.2025;09:26:51.264;FBTS SI 20250306 PS;SIMPLE_INSTRUMENT;EFP_FIN;EUR;8;107.37000000;236;EXCHANGE_LAST;;1;1;XEUR;11286677;639;
19.02.2025;13:07:52.039;FBTS SI 20250606 PS;SIMPLE_INSTRUMENT;BLOCK;EUR;25;107.05000000;9997;EXCHANGE_LAST;;1;1;XEUR;11820367;639;
19.02.2025;13:29:09.861;FBTS SI 20250306 PS;SIMPLE_INSTRUMENT;EFP_FIN;EUR;27;107.24000000;1589;EXCHANGE_LAST;;1;1;XEUR;11286677;639;
19.02.2025;13:36:40.563;FBTS SI 20250306 PS;SIMPLE_INSTRUMENT;BLOCK;EUR;29;107.22000000;1124;EXCHANGE_LAST;;1;1;XEUR;11286677;639;
19.02.2025;14:07:14.611;FBTS SI 20250306 PS;SIMPLE_INSTRUMENT;EFP_FIN;EUR;33;107.22000000;878;EXCHANGE_LAST;;1;1;XEUR;11286677;639;
19.02.2025;14:09:49.135;FBTS SI 20250606 PS;SIMPLE_INSTRUMENT;EFP_FIN;EUR;34;107.00000000;5236;EXCHANGE_LAST;;1;1;XEUR;11820367;639;
19.02.2025;14:10:25.505;FBTS SI 20250606 PS;SIMPLE_INSTRUMENT;EFP_FIN;EUR;35;107.00000000;714;EXCHANGE_LAST;;1;1;XEUR;11820367;639;
19.02.2025;14:18:45.768;FBTS SI 20250606 PS;SIMPLE_INSTRUMENT;EFP_FIN;EUR;36;107.00000000;2380;EXCHANGE_LAST;;1;1;XEUR;11820367;639;
19.02.2025;14:41:42.850;FBTS SI 20250306 PS;SIMPLE_INSTRUMENT;BLOCK;EUR;38;107.22000000;908;EXCHANGE_LAST;;1;1;XEUR;11286677;639;
19.02.2025;14:47:28.994;FBTS SI 20250606 PS;SIMPLE_INSTRUMENT;EFP_FIN;EUR;39;107.20000000;952;EXCHANGE_LAST;;1;1;XEUR;11820367;639;
19.02.2025;15:11:48.095;FBTS SI 20250606 PS;SIMPLE_INSTRUMENT;EFP_FIN;EUR;40;107.20000000;476;EXCHANGE_LAST;;1;1;XEUR;11820367;639;
19.02.2025;15:40:40.377;FBTS SI 20250306 PS;SIMPLE_INSTRUMENT;BLOCK;EUR;43;107.25000000;545;EXCHANGE_LAST;;1;1;XEUR;11286677;639;
19.02.2025;15:45:43.065;FBTS SI 20250306 PS;SIMPLE_INSTRUMENT;EFP_FIN;EUR;44;107.26000000;1601;EXCHANGE_LAST;;1;1;XEUR;11286677;639;
19.02.2025;16:14:37.210;FBTS SI 20250306 PS;SIMPLE_INSTRUMENT;EFP_FIN;EUR;47;107.25000000;771;EXCHANGE_LAST;;1;1;XEUR;11286677;639;
19.02.2025;16:31:58.400;FBTS SI 20250306 PS;SIMPLE_INSTRUMENT;EFP_FIN;EUR;49;107.25000000;318;EXCHANGE_LAST;;1;1;XEUR;11286677;639;
19.02.2025;17:13:46.908;FBTS SI 20250306 PS;SIMPLE_INSTRUMENT;EFP_FIN;EUR;54;107.25000000;530;EXCHANGE_LAST;;1;1;XEUR;11286677;639;
19.02.2025;16:04:56.324;FCEP SI 20250317 PS;SIMPLE_INSTRUMENT;BLOCK;GBP;8;0.82880000;200;EXCHANGE_LAST;;1;1;XEUR;9136226;369375;
19.02.2025;11:22:44.407;FCEU SI 20250317 PS;SIMPLE_INSTRUMENT;BLOCK;USD;2;1.04420000;81;EXCHANGE_LAST;;1;1;XEUR;9136240;369376;
19.02.2025;12:07:49.777;FCEU SI 20250317 PS;SIMPLE_INSTRUMENT;BLOCK;USD;3;1.04365000;334;EXCHANGE_LAST;;1;1;XEUR;9136240;369376;
19.02.2025;16:44:17.282;FCMU SI 20250317 CS;SIMPLE_INSTRUMENT;BLOCK;USD;9;0.04878000;175;EXCHANGE_LAST;;1;1;XEUR;11329545;570874;
19.02.2025;12:57:12.655;FCNS SI 20250317 PS;SIMPLE_INSTRUMENT;EFP_IDX;SEK;4;0.96187000;14;EXCHANGE_LAST;;1;1;XEUR;9136391;402911;
19.02.2025;12:57:13.177;FCNS SI 20250317 PS;SIMPLE_INSTRUMENT;EFP_IDX;SEK;5;0.96188000;106;EXCHANGE_LAST;;1;1;XEUR;9136391;402911;
19.02.2025;12:58:29.321;FCNS SI 20250317 PS;SIMPLE_INSTRUMENT;EFP_IDX;SEK;6;0.96050000;267;EXCHANGE_LAST;;1;1;XEUR;9136391;402911;
19.02.2025;12:58:29.904;FCNS SI 20250317 PS;SIMPLE_INSTRUMENT;EFP_IDX;SEK;7;0.96051000;23;EXCHANGE_LAST;;1;1;XEUR;9136391;402911;
19.02.2025;10:52:02.582;FCZU SI 20250317 CS;SIMPLE_INSTRUMENT;BLOCK;USD;1;0.05411000;120;EXCHANGE_LAST;;1;1;XEUR;11329546;570872;
19.02.2025;13:27:38.279;FD3D SI 20251219 CS;SIMPLE_INSTRUMENT;BLOCK;EUR;39;109.20000000;750;EXCHANGE_LAST;;1;1;XEUR;5914068;588;
19.02.2025;14:13:16.471;FD3D SI 20251219 CS;SIMPLE_INSTRUMENT;BLOCK;EUR;45;109.20000000;250;EXCHANGE_LAST;;1;1;XEUR;5914068;588;
19.02.2025;17:55:25.355;FD3D SI 20251219 CS;SIMPLE_INSTRUMENT;BLOCK;EUR;80;109.30000000;225;EXCHANGE_LAST;;1;1;XEUR;5914068;588;
19.02.2025;16:46:54.399;FDAX SI 20250321 CS;SIMPLE_INSTRUMENT;EFP_IDX;EUR;1;22493.00000000;18;EXCHANGE_LAST;;1;1;XEUR;7561255;589;
19.02.2025;16:47:09.405;FDAX SI 20250321 CS;SIMPLE_INSTRUMENT;EFP_IDX;EUR;2;22494.00000000;32;EXCHANGE_LAST;;1;1;XEUR;7561255;589;
19.02.2025;17:03:29.684;FDAX SI 20250321 CS;SIMPLE_INSTRUMENT;BLOCK;EUR;3;22495.00000000;250;EXCHANGE_LAST;;1;1;XEUR;7561255;589;
19.02.2025;17:21:36.903;FDAX SI 20250321 CS;SIMPLE_INSTRUMENT;EFP_IDX;EUR;4;22485.00000000;200;EXCHANGE_LAST;;1;1;XEUR;7561255;589;
19.02.2025;08:42:36.773;FDAX SI 20250321 CS;SIMPLE_INSTRUMENT;VOLA;EUR;671088644;22976.00000000;10;EXCHANGE_LAST;;1;1;XEUR;7561255;589;
19.02.2025;09:33:49.853;FEBD.S.DEC25.DEC26.SPD;FUTURES_SPREAD;BLOCK;EUR;6;0.53000000;750;EXCHANGE_LAST;;1;1;XEUR;72060158133406997;597;
19.02.2025;09:33:49.853;FEBD SI 20251219 CS;SIMPLE_INSTRUMENT;BLOCK;EUR;6;10.96000000;750;PRC_DECOMP_MEMBER;;;;XEUR;5914075;597;MEMBER
19.02.2025;09:33:49.853;FEBD SI 20261218 CS;SIMPLE_INSTRUMENT;BLOCK;EUR;6;10.43000000;750;PRC_DECOMP_MEMBER;;;;XEUR;7158212;597;MEMBER
19.02.2025;10:25:32.170;FEBD SI 20281215 CS;SIMPLE_INSTRUMENT;BLOCK;EUR;14;8.92000000;250;EXCHANGE_LAST;;1;1;XEUR;7776305;597;
19.02.2025;10:36:56.406;FEBD SI 20271217 CS;SIMPLE_INSTRUMENT;BLOCK;EUR;17;9.67000000;250;EXCHANGE_LAST;;1;1;XEUR;7776307;597;
19.02.2025;10:56:32.359;FEBD SI 20261218 CS;SIMPLE_INSTRUMENT;BLOCK;EUR;23;10.41000000;1000;EXCHANGE_LAST;;1;1;XEUR;7158212;597;
19.02.2025;10:57:24.063;FEBD SI 20251219 CS;SIMPLE_INSTRUMENT;BLOCK;EUR;24;10.95000000;300;EXCHANGE_LAST;;1;1;XEUR;5914075;597;
19.02.2025;11:10:01.525;FEBD SI 20261218 CS;SIMPLE_INSTRUMENT;BLOCK;EUR;26;10.41000000;3100;EXCHANGE_LAST;;1;2;XEUR;7158212;597;
19.02.2025;15:22:32.471;FEBD SI 20261218 CS;SIMPLE_INSTRUMENT;BLOCK;EUR;48;10.38000000;450;EXCHANGE_LAST;;1;1;XEUR;7158212;597;
19.02.2025;15:27:34.971;FEBD SI 20271217 CS;SIMPLE_INSTRUMENT;BLOCK;EUR;53;9.60000000;450;EXCHANGE_LAST;;1;1;XEUR;7776307;597;
19.02.2025;15:24:45.501;FECX SI 20250321 CS;SIMPLE_INSTRUMENT;BLOCK;EUR;52;166.00000000;32;EXCHANGE_LAST;;1;1;XEUR;11427948;410158;
19.02.2025;16:08:29.050;FES1 SI 20250321 PS;SIMPLE_INSTRUMENT;BLOCK;EUR;59;10.20000000;600;EXCHANGE_LAST;;1;1;XEUR;11391470;58959;
19.02.2025;16:49:19.685;FESB SI 20250321 CS;SIMPLE_INSTRUMENT;EFP_IDX;EUR;51;175.15000000;1200;EXCHANGE_LAST;;1;1;XEUR;11359072;605;
19.02.2025;16:49:01.542;FESB SI 20250321 CS;SIMPLE_INSTRUMENT;EFP_IDX;EUR;52;175.20000000;800;EXCHANGE_LAST;;1;1;XEUR;11359072;605;
19.02.2025;11:41:08.340;FESB SI 20250321 CS;SIMPLE_INSTRUMENT;VOLA;EUR;603979803;178.00000000;2580;EXCHANGE_LAST;;1;1;XEUR;11359072;605;
19.02.2025;13:30:06.102;FESB SI 20250321 CS;SIMPLE_INSTRUMENT;VOLA;EUR;603979837;175.90000000;300;EXCHANGE_LAST;;1;1;XEUR;11359072;605;
19.02.2025;13:36:04.122;FESB SI 20250321 CS;SIMPLE_INSTRUMENT;VOLA;EUR;603979842;175.50000000;49;EXCHANGE_LAST;;1;1;XEUR;11359072;605;
19.02.2025;09:05:55.540;FESX SI 20250321 CS;SIMPLE_INSTRUMENT;BLOCK;EUR;1;5548.00000000;2864;EXCHANGE_LAST;;1;1;XEUR;7793482;675;
19.02.2025;12:08:04.239;FESX SI 20250321 CS;SIMPLE_INSTRUMENT;BLOCK;EUR;2;5500.00000000;4000;EXCHANGE_LAST;;1;1;XEUR;7793482;675;
19.02.2025;14:19:34.912;FESX SI 20250321 CS;SIMPLE_INSTRUMENT;BLOCK;EUR;4;5490.00000000;2500;EXCHANGE_LAST;;1;1;XEUR;7793482;675;
19.02.2025;14:52:55.518;FESX SI 20250321 CS;SIMPLE_INSTRUMENT;BLOCK;EUR;5;5490.00000000;2000;EXCHANGE_LAST;;1;1;XEUR;7793482;675;
19.02.2025;14:53:51.293;FESX SI 20250321 CS;SIMPLE_INSTRUMENT;BLOCK;EUR;6;5490.00000000;5000;EXCHANGE_LAST;;1;1;XEUR;7793482;675;
19.02.2025;15:29:56.965;FESX SI 20250321 CS;SIMPLE_INSTRUMENT;BLOCK;EUR;7;5475.00000000;2000;EXCHANGE_LAST;;1;1;XEUR;7793482;675;
19.02.2025;16:47:22.975;FESX SI 20250321 CS;SIMPLE_INSTRUMENT;EFP_IDX;EUR;8;5472.00000000;60;EXCHANGE_LAST;;1;1;XEUR;7793482;675;
19.02.2025;16:47:04.684;FESX SI 20250321 CS;SIMPLE_INSTRUMENT;EFP_IDX;EUR;9;5471.00000000;83;EXCHANGE_LAST;;1;1;XEUR;7793482;675;
19.02.2025;16:47:54.122;FESX SI 20250321 CS;SIMPLE_INSTRUMENT;EFP_IDX;EUR;10;5470.00000000;16;EXCHANGE_LAST;;1;1;XEUR;7793482;675;
19.02.2025;16:48:06.253;FESX SI 20250321 CS;SIMPLE_INSTRUMENT;EFP_IDX;EUR;11;5471.00000000;184;EXCHANGE_LAST;;1;1;XEUR;7793482;675;
19.02.2025;16:51:06.987;FESX SI 20250321 CS;SIMPLE_INSTRUMENT;EFP_IDX;EUR;12;5471.00000000;830;EXCHANGE_LAST;;1;1;XEUR;7793482;675;
19.02.2025;16:51:39.042;FESX SI 20250321 CS;SIMPLE_INSTRUMENT;EFP_IDX;EUR;13;5472.00000000;170;EXCHANGE_LAST;;1;1;XEUR;7793482;675;
19.02.2025;16:52:08.485;FESX SI 20250321 CS;SIMPLE_INSTRUMENT;EFP_IDX;EUR;14;5471.00000000;498;EXCHANGE_LAST;;1;1;XEUR;7793482;675;
19.02.2025;16:52:29.578;FESX SI 20250321 CS;SIMPLE_INSTRUMENT;EFP_IDX;EUR;15;5472.00000000;102;EXCHANGE_LAST;;1;1;XEUR;7793482;675;
19.02.2025;16:52:58.007;FESX SI 20250321 CS;SIMPLE_INSTRUMENT;EFP_IDX;EUR;16;5471.00000000;415;EXCHANGE_LAST;;1;1;XEUR;7793482;675;
19.02.2025;16:53:22.879;FESX SI 20250321 CS;SIMPLE_INSTRUMENT;EFP_IDX;EUR;17;5472.00000000;85;EXCHANGE_LAST;;1;1;XEUR;7793482;675;
19.02.2025;16:53:23.387;FESX SI 20250321 CS;SIMPLE_INSTRUMENT;EFP_IDX;EUR;18;5471.00000000;868;EXCHANGE_LAST;;1;1;XEUR;7793482;675;
19.02.2025;16:53:35.977;FESX SI 20250321 CS;SIMPLE_INSTRUMENT;EFP_IDX;EUR;19;5472.00000000;802;EXCHANGE_LAST;;1;1;XEUR;7793482;675;
19.02.2025;09:27:30.503;FESX SI 20250321 CS;SIMPLE_INSTRUMENT;VOLA;EUR;637534241;5550.00000000;638;EXCHANGE_LAST;;1;1;XEUR;7793482;675;
19.02.2025;09:37:15.263;FESX SI 20250321 CS;SIMPLE_INSTRUMENT;VOLA;EUR;637534247;5548.00000000;115;EXCHANGE_LAST;;1;1;XEUR;7793482;675;
19.02.2025;10:24:10.560;FESX SI 20250321 CS;SIMPLE_INSTRUMENT;VOLA;EUR;637534266;5544.00000000;903;EXCHANGE_LAST;;1;1;XEUR;7793482;675;
19.02.2025;11:22:59.150;FESX SI 20250321 CS;SIMPLE_INSTRUMENT;VOLA;EUR;637534297;5530.00000000;85;EXCHANGE_LAST;;1;1;XEUR;7793482;675;
19.02.2025;11:40:47.485;FESX SI 20250321 CS;SIMPLE_INSTRUMENT;VOLA;EUR;637534302;5497.00000000;460;EXCHANGE_LAST;;1;1;XEUR;7793482;675;
19.02.2025;12:06:44.255;FESX SI 20250321 CS;SIMPLE_INSTRUMENT;VOLA;EUR;637534318;5501.00000000;960;EXCHANGE_LAST;;1;1;XEUR;7793482;675;
19.02.2025;13:09:54.884;FESX SI 20250321 CS;SIMPLE_INSTRUMENT;VOLA;EUR;637534333;5500.00000000;560;EXCHANGE_LAST;;1;1;XEUR;7793482;675;
19.02.2025;14:06:23.395;FESX SI 20250321 CS;SIMPLE_INSTRUMENT;VOLA;EUR;637534359;5495.00000000;280;EXCHANGE_LAST;;1;1;XEUR;7793482;675;
19.02.2025;14:09:02.636;FESX SI 20250321 CS;SIMPLE_INSTRUMENT;VOLA;EUR;637534362;5493.00000000;220;EXCHANGE_LAST;;1;1;XEUR;7793482;675;
19.02.2025;14:42:03.622;FESX SI 20250321 CS;SIMPLE_INSTRUMENT;VOLA;EUR;637534372;5485.00000000;975;EXCHANGE_LAST;;1;1;XEUR;7793482;675;
19.02.2025;14:58:02.945;FESX SI 20250321 CS;SIMPLE_INSTRUMENT;VOLA;EUR;637534378;5480.00000000;420;EXCHANGE_LAST;;1;1;XEUR;7793482;675;
19.02.2025;15:15:34.978;FESX SI 20250321 CS;SIMPLE_INSTRUMENT;VOLA;EUR;637534394;5470.00000000;1100;EXCHANGE_LAST;;1;1;XEUR;7793482;675;
19.02.2025;15:17:15.828;FESX SI 20250321 CS;SIMPLE_INSTRUMENT;VOLA;EUR;637534395;5470.00000000;340;EXCHANGE_LAST;;1;1;XEUR;7793482;675;
19.02.2025;15:44:11.447;FESX SI 20250321 CS;SIMPLE_INSTRUMENT;VOLA;EUR;637534405;5480.00000000;210;EXCHANGE_LAST;;1;1;XEUR;7793482;675;
19.02.2025;13:01:41.254;FESY SI 20250321 CS;SIMPLE_INSTRUMENT;VOLA;EUR;603979824;1176.00000000;11;EXCHANGE_LAST;;1;1;XEUR;11359411;674;
19.02.2025;16:56:01.834;FESZ SI 20250321 CS;SIMPLE_INSTRUMENT;EFP_IDX;EUR;10;1465.40000000;19;EXCHANGE_LAST;;1;1;XEUR;11359744;700;
19.02.2025;16:56:13.174;FESZ SI 20250321 CS;SIMPLE_INSTRUMENT;EFP_IDX;EUR;11;1465.70000000;17;EXCHANGE_LAST;;1;1;XEUR;11359744;700;
19.02.2025;09:54:06.840;FEXD.S.DEC26.DEC27.SPD;FUTURES_SPREAD;BLOCK;EUR;7;5.00000000;1000;EXCHANGE_LAST;;1;1;XEUR;72060570450264153;693;
19.02.2025;09:54:06.840;FEXD SI 20271217 CS;SIMPLE_INSTRUMENT;BLOCK;EUR;7;154.40000000;1000;PRC_DECOMP_MEMBER;;;;XEUR;2848338;693;MEMBER
19.02.2025;09:54:06.840;FEXD SI 20261218 CS;SIMPLE_INSTRUMENT;BLOCK;EUR;7;159.40000000;1000;PRC_DECOMP_MEMBER;;;;XEUR;2163053;693;MEMBER
19.02.2025;10:52:39.218;FEXD SI 20250620 CS;SIMPLE_INSTRUMENT;BLOCK;EUR;20;128.00000000;200;EXCHANGE_LAST;;1;1;XEUR;9548493;693;
19.02.2025;11:00:57.897;FEXD SI 20261218 CS;SIMPLE_INSTRUMENT;BLOCK;EUR;21;159.40000000;250;EXCHANGE_LAST;;1;1;XEUR;2163053;693;
19.02.2025;11:00:44.442;FEXD SI 20271217 CS;SIMPLE_INSTRUMENT;BLOCK;EUR;22;154.40000000;250;EXCHANGE_LAST;;1;1;XEUR;2848338;693;
19.02.2025;11:09:19.775;FEXD SI 20250620 CS;SIMPLE_INSTRUMENT;BLOCK;EUR;27;128.30000000;150;EXCHANGE_LAST;;1;1;XEUR;9548493;693;
19.02.2025;11:22:50.789;FEXD SI 20261218 CS;SIMPLE_INSTRUMENT;BLOCK;EUR;28;159.00000000;300;EXCHANGE_LAST;;1;1;XEUR;2163053;693;
19.02.2025;11:32:31.046;FEXD SI 20261218 CS;SIMPLE_INSTRUMENT;BLOCK;EUR;29;159.40000000;250;EXCHANGE_LAST;;1;1;XEUR;2163053;693;
19.02.2025;12:04:58.693;FEXD SI 20251219 CS;SIMPLE_INSTRUMENT;BLOCK;EUR;32;165.40000000;750;EXCHANGE_LAST;;1;1;XEUR;1548120;693;
19.02.2025;12:09:48.948;FEXD SI 20251219 CS;SIMPLE_INSTRUMENT;BLOCK;EUR;33;165.40000000;250;EXCHANGE_LAST;;1;1;XEUR;1548120;693;
19.02.2025;13:32:22.723;FEXD SI 20271217 CS;SIMPLE_INSTRUMENT;BLOCK;EUR;40;154.40000000;250;EXCHANGE_LAST;;1;1;XEUR;2848338;693;
19.02.2025;15:05:55.957;FEXD SI 20291221 CS;SIMPLE_INSTRUMENT;BLOCK;EUR;46;145.80000000;200;EXCHANGE_LAST;;1;1;XEUR;4631968;693;
19.02.2025;15:16:54.572;FEXD SI 20261218 CS;SIMPLE_INSTRUMENT;BLOCK;EUR;47;158.40000000;250;EXCHANGE_LAST;;1;1;XEUR;2163053;693;
19.02.2025;15:23:00.822;FEXD SI 20281215 CS;SIMPLE_INSTRUMENT;BLOCK;EUR;51;149.20000000;180;EXCHANGE_LAST;;1;1;XEUR;3680985;693;
19.02.2025;15:31:52.603;FEXD.S.DEC28.DEC29.SPD;FUTURES_SPREAD;BLOCK;EUR;54;3.40000000;500;EXCHANGE_LAST;;1;1;XEUR;72060570450264171;693;
19.02.2025;15:31:52.603;FEXD SI 20281215 CS;SIMPLE_INSTRUMENT;BLOCK;EUR;54;149.90000000;500;PRC_DECOMP_EXCHANGE;;;;XEUR;3680985;693;EXCHANGE
19.02.2025;15:31:52.603;FEXD SI 20291221 CS;SIMPLE_INSTRUMENT;BLOCK;EUR;54;146.50000000;500;PRC_DECOMP_EXCHANGE;;;;XEUR;4631968;693;EXCHANGE
19.02.2025;15:48:28.586;FEXD SI 20261218 CS;SIMPLE_INSTRUMENT;BLOCK;EUR;58;158.40000000;300;EXCHANGE_LAST;;1;1;XEUR;2163053;693;
19.02.2025;07:56:04.144;FGBL SI 20250306 PS;SIMPLE_INSTRUMENT;EFP_FIN;EUR;1;132.08000000;1114;EXCHANGE_LAST;;1;1;XEUR;11286679;688;
19.02.2025;08:12:42.591;FGBL SI 20250306 PS;SIMPLE_INSTRUMENT;EFP_FIN;EUR;2;131.86000000;155;EXCHANGE_LAST;;1;1;XEUR;11286679;688;
19.02.2025;08:15:56.940;FGBL SI 20250306 PS;SIMPLE_INSTRUMENT;EFP_FIN;EUR;3;131.86000000;103;EXCHANGE_LAST;;1;1;XEUR;11286679;688;
19.02.2025;08:23:11.835;FGBL SI 20250306 PS;SIMPLE_INSTRUMENT;EFP_FIN;EUR;4;131.86000000;83;EXCHANGE_LAST;;1;1;XEUR;11286679;688;
19.02.2025;08:26:56.695;FGBL SI 20250306 PS;SIMPLE_INSTRUMENT;EFS;EUR;5;131.81000000;227;EXCHANGE_LAST;;1;1;XEUR;11286679;688;
19.02.2025;08:31:23.647;FGBL SI 20250306 PS;SIMPLE_INSTRUMENT;EFS;EUR;6;131.78000000;418;EXCHANGE_LAST;;1;1;XEUR;11286679;688;
19.02.2025;08:35:14.389;FGBL SI 20250306 PS;SIMPLE_INSTRUMENT;EFS;EUR;7;131.81000000;680;EXCHANGE_LAST;;1;1;XEUR;11286679;688;
19.02.2025;08:43:34.024;FGBL SI 20250306 PS;SIMPLE_INSTRUMENT;EFS;EUR;8;131.76000000;948;EXCHANGE_LAST;;1;1;XEUR;11286679;688;
19.02.2025;08:47:14.491;FGBL SI 20250306 PS;SIMPLE_INSTRUMENT;EFS;EUR;9;131.76000000;300;EXCHANGE_LAST;;1;1;XEUR;11286679;688;
19.02.2025;08:48:10.789;FGBL SI 20250306 PS;SIMPLE_INSTRUMENT;EFS;EUR;10;131.77000000;474;EXCHANGE_LAST;;1;1;XEUR;11286679;688;
19.02.2025;08:48:18.051;FGBL SI 20250306 PS;SIMPLE_INSTRUMENT;EFS;EUR;11;131.77000000;118;EXCHANGE_LAST;;1;1;XEUR;11286679;688;
19.02.2025;08:49:11.493;FGBL SI 20250306 PS;SIMPLE_INSTRUMENT;EFS;EUR;12;131.78000000;948;EXCHANGE_LAST;;1;1;XEUR;11286679;688;
19.02.2025;08:52:13.486;FGBL SI 20250306 PS;SIMPLE_INSTRUMENT;EFS;EUR;13;131.77000000;474;EXCHANGE_LAST;;1;1;XEUR;11286679;688;
19.02.2025;09:02:40.167;FGBL SI 20250306 PS;SIMPLE_INSTRUMENT;EFS;EUR;14;131.78000000;1815;EXCHANGE_LAST;;1;1;XEUR;11286679;688;
19.02.2025;09:03:48.172;FGBL SI 20250306 PS;SIMPLE_INSTRUMENT;EFS;EUR;15;131.76000000;948;EXCHANGE_LAST;;1;1;XEUR;11286679;688;
19.02.2025;09:05:31.137;FGBL SI 20250306 PS;SIMPLE_INSTRUMENT;EFS;EUR;16;131.77000000;1816;EXCHANGE_LAST;;1;1;XEUR;11286679;688;
19.02.2025;09:15:56.963;FGBL SI 20250306 PS;SIMPLE_INSTRUMENT;EFP_FIN;EUR;17;131.77000000;472;EXCHANGE_LAST;;1;1;XEUR;11286679;688;
19.02.2025;09:17:49.407;FGBL SI 20250306 PS;SIMPLE_INSTRUMENT;EFS;EUR;18;131.73000000;419;EXCHANGE_LAST;;1;1;XEUR;11286679;688;
19.02.2025;09:25:18.549;FGBL SI 20250306 PS;SIMPLE_INSTRUMENT;EFP_FIN;EUR;19;131.73000000;186;EXCHANGE_LAST;;1;1;XEUR;11286679;688;
19.02.2025;09:24:11.178;FGBL SI 20250306 PS;SIMPLE_INSTRUMENT;EFS;EUR;20;131.88000000;226;EXCHANGE_LAST;;1;1;XEUR;11286679;688;
19.02.2025;09:25:15.524;FGBL SI 20250306 PS;SIMPLE_INSTRUMENT;EFS;EUR;21;131.81000000;474;EXCHANGE_LAST;;1;1;XEUR;11286679;688;
19.02.2025;09:27:58.244;FGBL SI 20250306 PS;SIMPLE_INSTRUMENT;EFS;EUR;22;131.71000000;1500;EXCHANGE_LAST;;1;1;XEUR;11286679;688;
19.02.2025;09:28:11.792;FGBL SI 20250306 PS;SIMPLE_INSTRUMENT;EFS;EUR;23;131.72000000;1349;EXCHANGE_LAST;;1;1;XEUR;11286679;688;
19.02.2025;09:29:45.690;FGBL SI 20250306 PS;SIMPLE_INSTRUMENT;EFS;EUR;24;131.73000000;948;EXCHANGE_LAST;;1;1;XEUR;11286679;688;
19.02.2025;09:32:10.591;FGBL SI 20250306 PS;SIMPLE_INSTRUMENT;EFP_FIN;EUR;25;131.74000000;82;EXCHANGE_LAST;;1;1;XEUR;11286679;688;
19.02.2025;09:34:23.539;FGBL SI 20250306 PS;SIMPLE_INSTRUMENT;EFS;EUR;26;131.70000000;474;EXCHANGE_LAST;;1;1;XEUR;11286679;688;
19.02.2025;09:38:00.133;FGBL SI 20250306 PS;SIMPLE_INSTRUMENT;EFS;EUR;27;131.75000000;419;EXCHANGE_LAST;;1;1;XEUR;11286679;688;
19.02.2025;09:40:06.228;FGBL SI 20250306 PS;SIMPLE_INSTRUMENT;EFS;EUR;28;131.75000000;419;EXCHANGE_LAST;;1;1;XEUR;11286679;688;
19.02.2025;09:52:46.674;FGBL SI 20250306 PS;SIMPLE_INSTRUMENT;EFS;EUR;29;131.80000000;419;EXCHANGE_LAST;;1;1;XEUR;11286679;688;
19.02.2025;09:53:16.702;FGBL SI 20250306 PS;SIMPLE_INSTRUMENT;EFS;EUR;30;131.80000000;837;EXCHANGE_LAST;;1;1;XEUR;11286679;688;
19.02.2025;09:57:19.983;FGBL SI 20250306 PS;SIMPLE_INSTRUMENT;EFS;EUR;31;131.76000000;418;EXCHANGE_LAST;;1;1;XEUR;11286679;688;
19.02.2025;10:12:14.505;FGBL SI 20250306 PS;SIMPLE_INSTRUMENT;EFS;EUR;32;131.76000000;227;EXCHANGE_LAST;;1;1;XEUR;11286679;688;
19.02.2025;10:25:29.697;FGBL SI 20250306 PS;SIMPLE_INSTRUMENT;EFS;EUR;33;131.70000000;188;EXCHANGE_LAST;;1;1;XEUR;11286679;688;
19.02.2025;10:35:36.002;FGBL SI 20250306 PS;SIMPLE_INSTRUMENT;EFP_FIN;EUR;34;131.71000000;237;EXCHANGE_LAST;;1;1;XEUR;11286679;688;
19.02.2025;10:42:51.577;FGBL SI 20250306 PS;SIMPLE_INSTRUMENT;EFS;EUR;35;131.75000000;419;EXCHANGE_LAST;;1;1;XEUR;11286679;688;
19.02.2025;10:44:39.752;FGBL SI 20250306 PS;SIMPLE_INSTRUMENT;EFS;EUR;36;131.70000000;2274;EXCHANGE_LAST;;1;1;XEUR;11286679;688;
19.02.2025;10:49:32.839;FGBL SI 20250306 PS;SIMPLE_INSTRUMENT;EFS;EUR;37;131.77000000;209;EXCHANGE_LAST;;1;1;XEUR;11286679;688;
19.02.2025;10:51:12.906;FGBL SI 20250306 PS;SIMPLE_INSTRUMENT;EFS;EUR;38;131.75000000;419;EXCHANGE_LAST;;1;1;XEUR;11286679;688;
19.02.2025;10:51:40.614;FGBL SI 20250306 PS;SIMPLE_INSTRUMENT;EFS;EUR;39;131.77000000;418;EXCHANGE_LAST;;1;1;XEUR;11286679;688;
19.02.2025;10:52:32.964;FGBL SI 20250306 PS;SIMPLE_INSTRUMENT;EFS;EUR;40;131.75000000;209;EXCHANGE_LAST;;1;1;XEUR;11286679;688;
19.02.2025;10:56:25.215;FGBL SI 20250306 PS;SIMPLE_INSTRUMENT;EFS;EUR;41;131.77000000;474;EXCHANGE_LAST;;1;1;XEUR;11286679;688;
19.02.2025;10:57:38.159;FGBL SI 20250306 PS;SIMPLE_INSTRUMENT;EFS;EUR;42;131.74000000;419;EXCHANGE_LAST;;1;1;XEUR;11286679;688;
19.02.2025;10:58:43.555;FGBL SI 20250306 PS;SIMPLE_INSTRUMENT;EFS;EUR;43;131.75000000;419;EXCHANGE_LAST;;1;1;XEUR;11286679;688;
19.02.2025;10:58:58.209;FGBL SI 20250306 PS;SIMPLE_INSTRUMENT;EFS;EUR;44;131.74000000;209;EXCHANGE_LAST;;1;1;XEUR;11286679;688;
19.02.2025;11:02:38.647;FGBL SI 20250306 PS;SIMPLE_INSTRUMENT;EFS;EUR;45;131.75000000;360;EXCHANGE_LAST;;1;1;XEUR;11286679;688;
19.02.2025;11:02:43.367;FGBL SI 20250306 PS;SIMPLE_INSTRUMENT;EFS;EUR;46;131.74000000;268;EXCHANGE_LAST;;1;1;XEUR;11286679;688;
19.02.2025;11:05:50.382;FGBL SI 20250306 PS;SIMPLE_INSTRUMENT;EFP_FIN;EUR;47;131.75000000;708;EXCHANGE_LAST;;1;1;XEUR;11286679;688;
19.02.2025;11:09:01.370;FGBL SI 20250306 PS;SIMPLE_INSTRUMENT;EFS;EUR;48;131.63000000;419;EXCHANGE_LAST;;1;1;XEUR;11286679;688;
19.02.2025;11:09:15.403;FGBL SI 20250306 PS;SIMPLE_INSTRUMENT;EFS;EUR;49;131.74000000;252;EXCHANGE_LAST;;1;1;XEUR;11286679;688;
19.02.2025;11:14:57.527;FGBL SI 20250306 PS;SIMPLE_INSTRUMENT;EFS;EUR;51;131.62000000;453;EXCHANGE_LAST;;1;1;XEUR;11286679;688;
19.02.2025;11:14:58.826;FGBL SI 20250306 PS;SIMPLE_INSTRUMENT;EFS;EUR;52;131.58000000;838;EXCHANGE_LAST;;1;1;XEUR;11286679;688;
19.02.2025;11:15:18.841;FGBL SI 20250306 PS;SIMPLE_INSTRUMENT;EFS;EUR;53;131.58000000;419;EXCHANGE_LAST;;1;1;XEUR;11286679;688;
19.02.2025;11:17:15.347;FGBL SI 20250306 PS;SIMPLE_INSTRUMENT;EFS;EUR;54;131.75000000;591;EXCHANGE_LAST;;1;1;XEUR;11286679;688;
19.02.2025;11:20:31.440;FGBL SI 20250306 PS;SIMPLE_INSTRUMENT;EFP_FIN;EUR;55;131.60000000;473;EXCHANGE_LAST;;1;1;XEUR;11286679;688;
19.02.2025;11:26:00.288;FGBL SI 20250306 PS;SIMPLE_INSTRUMENT;EFS;EUR;56;131.53000000;419;EXCHANGE_LAST;;1;1;XEUR;11286679;688;
19.02.2025;11:27:17.176;FGBL SI 20250306 PS;SIMPLE_INSTRUMENT;EFS;EUR;57;131.53000000;285;EXCHANGE_LAST;;1;1;XEUR;11286679;688;
19.02.2025;11:27:51.362;FGBL SI 20250306 PS;SIMPLE_INSTRUMENT;EFS;EUR;58;131.55000000;419;EXCHANGE_LAST;;1;1;XEUR;11286679;688;
19.02.2025;11:31:38.387;FGBL SI 20250306 PS;SIMPLE_INSTRUMENT;EFP_FIN;EUR;59;131.51000000;103;EXCHANGE_LAST;;1;1;XEUR;11286679;688;
19.02.2025;11:29:38.602;FGBL SI 20250306 PS;SIMPLE_INSTRUMENT;EFS;EUR;60;131.52000000;1896;EXCHANGE_LAST;;1;1;XEUR;11286679;688;
19.02.2025;11:29:46.434;FGBL SI 20250306 PS;SIMPLE_INSTRUMENT;EFS;EUR;61;131.54000000;293;EXCHANGE_LAST;;1;1;XEUR;11286679;688;
19.02.2025;11:32:22.610;FGBL SI 20250306 PS;SIMPLE_INSTRUMENT;EFS;EUR;62;131.77000000;1896;EXCHANGE_LAST;;1;1;XEUR;11286679;688;
19.02.2025;11:34:05.131;FGBL SI 20250306 PS;SIMPLE_INSTRUMENT;EFP_FIN;EUR;63;131.77000000;321;EXCHANGE_LAST;;1;1;XEUR;11286679;688;
19.02.2025;11:37:04.266;FGBL SI 20250306 PS;SIMPLE_INSTRUMENT;EFS;EUR;64;131.56000000;475;EXCHANGE_LAST;;1;1;XEUR;11286679;688;
19.02.2025;11:37:46.626;FGBL SI 20250306 PS;SIMPLE_INSTRUMENT;EFS;EUR;65;131.55000000;950;EXCHANGE_LAST;;1;1;XEUR;11286679;688;
19.02.2025;11:40:19.798;FGBL SI 20250306 PS;SIMPLE_INSTRUMENT;EFP_FIN;EUR;66;131.51000000;1114;EXCHANGE_LAST;;1;1;XEUR;11286679;688;
19.02.2025;11:40:35.954;FGBL SI 20250306 PS;SIMPLE_INSTRUMENT;EFS;EUR;67;131.75000000;543;EXCHANGE_LAST;;1;1;XEUR;11286679;688;
19.02.2025;11:40:37.885;FGBL SI 20250306 PS;SIMPLE_INSTRUMENT;EFS;EUR;68;131.53000000;419;EXCHANGE_LAST;;1;1;XEUR;11286679;688;
19.02.2025;11:41:40.762;FGBL SI 20250306 PS;SIMPLE_INSTRUMENT;EFP_FIN;EUR;69;131.55000000;2600;EXCHANGE_LAST;;1;1;XEUR;11286679;688;
19.02.2025;11:42:58.256;FGBL SI 20250306 PS;SIMPLE_INSTRUMENT;EFS;EUR;70;131.50000000;419;EXCHANGE_LAST;;1;1;XEUR;11286679;688;
19.02.2025;11:43:32.046;FGBL SI 20250306 PS;SIMPLE_INSTRUMENT;EFS;EUR;71;131.53000000;419;EXCHANGE_LAST;;1;1;XEUR;11286679;688;
19.02.2025;11:44:13.646;FGBL SI 20250306 PS;SIMPLE_INSTRUMENT;EFS;EUR;72;131.49000000;950;EXCHANGE_LAST;;1;1;XEUR;11286679;688;
19.02.2025;11:46:29.496;FGBL SI 20250306 PS;SIMPLE_INSTRUMENT;EFS;EUR;73;131.54000000;456;EXCHANGE_LAST;;1;1;XEUR;11286679;688;
19.02.2025;11:46:39.716;FGBL SI 20250306 PS;SIMPLE_INSTRUMENT;EFS;EUR;74;131.56000000;355;EXCHANGE_LAST;;1;1;XEUR;11286679;688;
19.02.2025;11:50:25.085;FGBL SI 20250306 PS;SIMPLE_INSTRUMENT;EFS;EUR;75;131.50000000;419;EXCHANGE_LAST;;1;1;XEUR;11286679;688;
19.02.2025;11:51:58.128;FGBL SI 20250306 PS;SIMPLE_INSTRUMENT;EFP_FIN;EUR;76;131.50000000;708;EXCHANGE_LAST;;1;1;XEUR;11286679;688;
19.02.2025;11:54:19.566;FGBL SI 20250306 PS;SIMPLE_INSTRUMENT;EFS;EUR;77;131.57000000;475;EXCHANGE_LAST;;1;1;XEUR;11286679;688;
19.02.2025;11:55:07.932;FGBL SI 20250306 PS;SIMPLE_INSTRUMENT;EFS;EUR;78;131.56000000;179;EXCHANGE_LAST;;1;1;XEUR;11286679;688;
19.02.2025;11:55:15.592;FGBL SI 20250306 PS;SIMPLE_INSTRUMENT;EFP_FIN;EUR;79;131.49000000;1040;EXCHANGE_LAST;;1;1;XEUR;11286679;688;
19.02.2025;12:07:54.937;FGBL SI 20250306 PS;SIMPLE_INSTRUMENT;EFP_FIN;EUR;80;131.52000000;1114;EXCHANGE_LAST;;1;1;XEUR;11286679;688;
19.02.2025;12:08:37.717;FGBL SI 20250306 PS;SIMPLE_INSTRUMENT;EFS;EUR;81;131.53000000;1900;EXCHANGE_LAST;;1;1;XEUR;11286679;688;
19.02.2025;12:12:02.103;FGBL SI 20250306 PS;SIMPLE_INSTRUMENT;EFS;EUR;82;131.53000000;229;EXCHANGE_LAST;;1;1;XEUR;11286679;688;
19.02.2025;12:23:20.721;FGBL SI 20250306 PS;SIMPLE_INSTRUMENT;EFS;EUR;83;131.57000000;237;EXCHANGE_LAST;;1;1;XEUR;11286679;688;
19.02.2025;12:27:00.823;FGBL SI 20250306 PS;SIMPLE_INSTRUMENT;EFS;EUR;84;131.58000000;419;EXCHANGE_LAST;;1;1;XEUR;11286679;688;
19.02.2025;12:31:10.488;FGBL SI 20250306 PS;SIMPLE_INSTRUMENT;EFS;EUR;85;131.59000000;419;EXCHANGE_LAST;;1;1;XEUR;11286679;688;
19.02.2025;12:32:01.039;FGBL SI 20250306 PS;SIMPLE_INSTRUMENT;EFP_FIN;EUR;86;131.53000000;1225;EXCHANGE_LAST;;1;1;XEUR;11286679;688;
19.02.2025;12:32:42.187;FGBL SI 20250306 PS;SIMPLE_INSTRUMENT;EFS;EUR;87;131.59000000;419;EXCHANGE_LAST;;1;1;XEUR;11286679;688;
19.02.2025;12:32:47.196;FGBL SI 20250306 PS;SIMPLE_INSTRUMENT;EFS;EUR;88;131.55000000;419;EXCHANGE_LAST;;1;1;XEUR;11286679;688;
19.02.2025;12:35:32.362;FGBL SI 20250306 PS;SIMPLE_INSTRUMENT;EFS;EUR;89;131.52000000;419;EXCHANGE_LAST;;1;1;XEUR;11286679;688;
19.02.2025;12:39:06.859;FGBL SI 20250306 PS;SIMPLE_INSTRUMENT;EFP_FIN;EUR;90;131.54000000;371;EXCHANGE_LAST;;1;1;XEUR;11286679;688;
19.02.2025;12:39:32.641;FGBL SI 20250306 PS;SIMPLE_INSTRUMENT;EFS;EUR;91;131.56000000;210;EXCHANGE_LAST;;1;1;XEUR;11286679;688;
19.02.2025;12:53:53.406;FGBL SI 20250306 PS;SIMPLE_INSTRUMENT;EFS;EUR;92;131.51000000;419;EXCHANGE_LAST;;1;1;XEUR;11286679;688;
19.02.2025;12:58:38.517;FGBL SI 20250306 PS;SIMPLE_INSTRUMENT;EFP_FIN;EUR;93;131.53000000;946;EXCHANGE_LAST;;1;1;XEUR;11286679;688;
19.02.2025;12:59:28.854;FGBL SI 20250306 PS;SIMPLE_INSTRUMENT;EFP_FIN;EUR;94;131.52000000;236;EXCHANGE_LAST;;1;1;XEUR;11286679;688;
19.02.2025;12:59:24.610;FGBL SI 20250306 PS;SIMPLE_INSTRUMENT;EFS;EUR;95;131.49000000;419;EXCHANGE_LAST;;1;1;XEUR;11286679;688;
19.02.2025;13:00:30.790;FGBL SI 20250306 PS;SIMPLE_INSTRUMENT;EFP_FIN;EUR;96;131.52000000;1114;EXCHANGE_LAST;;1;1;XEUR;11286679;688;
19.02.2025;13:05:44.842;FGBL SI 20250306 PS;SIMPLE_INSTRUMENT;EFS;EUR;97;131.49000000;210;EXCHANGE_LAST;;1;1;XEUR;11286679;688;
19.02.2025;13:06:58.887;FGBL SI 20250306 PS;SIMPLE_INSTRUMENT;EFS;EUR;98;131.49000000;1901;EXCHANGE_LAST;;1;1;XEUR;11286679;688;
19.02.2025;13:27:25.659;FGBL SI 20250306 PS;SIMPLE_INSTRUMENT;EFS;EUR;99;131.43000000;419;EXCHANGE_LAST;;1;1;XEUR;11286679;688;
19.02.2025;13:35:46.770;FGBL SI 20250306 PS;SIMPLE_INSTRUMENT;EFS;EUR;100;131.43000000;951;EXCHANGE_LAST;;1;1;XEUR;11286679;688;
19.02.2025;13:39:58.135;FGBL SI 20250306 PS;SIMPLE_INSTRUMENT;EFS;EUR;101;131.42000000;419;EXCHANGE_LAST;;1;1;XEUR;11286679;688;
19.02.2025;13:42:53.245;FGBL SI 20250306 PS;SIMPLE_INSTRUMENT;EFS;EUR;102;131.43000000;419;EXCHANGE_LAST;;1;1;XEUR;11286679;688;
19.02.2025;13:48:10.170;FGBL SI 20250306 PS;SIMPLE_INSTRUMENT;EFP_FIN;EUR;103;131.41000000;186;EXCHANGE_LAST;;1;1;XEUR;11286679;688;
19.02.2025;13:59:19.908;FGBL SI 20250306 PS;SIMPLE_INSTRUMENT;EFP_FIN;EUR;104;131.42000000;270;EXCHANGE_LAST;;1;1;XEUR;11286679;688;
19.02.2025;14:01:44.924;FGBL SI 20250306 PS;SIMPLE_INSTRUMENT;EFS;EUR;105;131.45000000;419;EXCHANGE_LAST;;1;1;XEUR;11286679;688;
19.02.2025;14:05:48.057;FGBL SI 20250306 PS;SIMPLE_INSTRUMENT;EFS;EUR;106;131.48000000;209;EXCHANGE_LAST;;1;1;XEUR;11286679;688;
19.02.2025;14:07:26.443;FGBL SI 20250306 PS;SIMPLE_INSTRUMENT;EFS;EUR;108;131.48000000;209;EXCHANGE_LAST;;1;1;XEUR;11286679;688;
19.02.2025;14:07:41.259;FGBL SI 20250306 PS;SIMPLE_INSTRUMENT;EFS;EUR;109;131.49000000;209;EXCHANGE_LAST;;1;1;XEUR;11286679;688;
19.02.2025;14:08:11.422;FGBL SI 20250306 PS;SIMPLE_INSTRUMENT;EFS;EUR;110;131.49000000;209;EXCHANGE_LAST;;1;1;XEUR;11286679;688;
19.02.2025;14:08:48.107;FGBL SI 20250306 PS;SIMPLE_INSTRUMENT;EFS;EUR;111;131.47000000;419;EXCHANGE_LAST;;1;1;XEUR;11286679;688;
19.02.2025;14:10:54.351;FGBL SI 20250306 PS;SIMPLE_INSTRUMENT;EFS;EUR;112;131.44000000;789;EXCHANGE_LAST;;1;1;XEUR;11286679;688;
19.02.2025;14:11:09.352;FGBL SI 20250306 PS;SIMPLE_INSTRUMENT;EFS;EUR;113;131.44000000;828;EXCHANGE_LAST;;1;1;XEUR;11286679;688;
19.02.2025;14:13:31.361;FGBL SI 20250306 PS;SIMPLE_INSTRUMENT;EFS;EUR;114;131.48000000;647;EXCHANGE_LAST;;1;1;XEUR;11286679;688;
19.02.2025;14:16:06.406;FGBL SI 20250306 PS;SIMPLE_INSTRUMENT;EFS;EUR;115;131.46000000;475;EXCHANGE_LAST;;1;1;XEUR;11286679;688;
19.02.2025;14:19:28.381;FGBL SI 20250306 PS;SIMPLE_INSTRUMENT;EFS;EUR;116;131.43000000;470;EXCHANGE_LAST;;1;1;XEUR;11286679;688;
19.02.2025;14:20:57.593;FGBL SI 20250306 PS;SIMPLE_INSTRUMENT;EFS;EUR;117;131.42000000;419;EXCHANGE_LAST;;1;1;XEUR;11286679;688;
19.02.2025;14:21:45.109;FGBL SI 20250306 PS;SIMPLE_INSTRUMENT;EFS;EUR;118;131.48000000;1901;EXCHANGE_LAST;;1;1;XEUR;11286679;688;
19.02.2025;14:28:07.177;FGBL SI 20250306 PS;SIMPLE_INSTRUMENT;EFS;EUR;119;131.43000000;456;EXCHANGE_LAST;;1;1;XEUR;11286679;688;
19.02.2025;14:32:28.244;FGBL SI 20250306 PS;SIMPLE_INSTRUMENT;EFP_FIN;EUR;120;131.42000000;483;EXCHANGE_LAST;;1;1;XEUR;11286679;688;
19.02.2025;14:34:01.567;FGBL SI 20250306 PS;SIMPLE_INSTRUMENT;EFP_FIN;EUR;121;131.43000000;357;EXCHANGE_LAST;;1;1;XEUR;11286679;688;
19.02.2025;14:34:22.081;FGBL SI 20250306 PS;SIMPLE_INSTRUMENT;EFS;EUR;122;131.45000000;222;EXCHANGE_LAST;;1;1;XEUR;11286679;688;
19.02.2025;14:39:51.349;FGBL SI 20250306 PS;SIMPLE_INSTRUMENT;EFS;EUR;123;131.44000000;419;EXCHANGE_LAST;;1;1;XEUR;11286679;688;
19.02.2025;14:45:29.521;FGBL SI 20250306 PS;SIMPLE_INSTRUMENT;EFS;EUR;124;131.41000000;210;EXCHANGE_LAST;;1;1;XEUR;11286679;688;
19.02.2025;14:46:19.558;FGBL SI 20250306 PS;SIMPLE_INSTRUMENT;EFS;EUR;125;131.41000000;210;EXCHANGE_LAST;;1;1;XEUR;11286679;688;
19.02.2025;14:46:58.461;FGBL SI 20250306 PS;SIMPLE_INSTRUMENT;EFS;EUR;126;131.42000000;951;EXCHANGE_LAST;;1;1;XEUR;11286679;688;
19.02.2025;14:48:29.651;FGBL SI 20250306 PS;SIMPLE_INSTRUMENT;EFS;EUR;127;131.41000000;210;EXCHANGE_LAST;;1;1;XEUR;11286679;688;
19.02.2025;14:50:09.713;FGBL SI 20250306 PS;SIMPLE_INSTRUMENT;EFS;EUR;128;131.41000000;210;EXCHANGE_LAST;;1;1;XEUR;11286679;688;
19.02.2025;14:50:36.015;FGBL SI 20250306 PS;SIMPLE_INSTRUMENT;EFS;EUR;129;131.42000000;319;EXCHANGE_LAST;;1;1;XEUR;11286679;688;
19.02.2025;14:53:45.847;FGBL SI 20250306 PS;SIMPLE_INSTRUMENT;EFS;EUR;130;131.42000000;210;EXCHANGE_LAST;;1;1;XEUR;11286679;688;
19.02.2025;14:54:57.908;FGBL SI 20250306 PS;SIMPLE_INSTRUMENT;EFS;EUR;131;131.42000000;238;EXCHANGE_LAST;;1;1;XEUR;11286679;688;
19.02.2025;14:56:35.952;FGBL SI 20250306 PS;SIMPLE_INSTRUMENT;EFS;EUR;132;131.41000000;419;EXCHANGE_LAST;;1;1;XEUR;11286679;688;
19.02.2025;14:58:36.040;FGBL SI 20250306 PS;SIMPLE_INSTRUMENT;EFS;EUR;133;131.43000000;419;EXCHANGE_LAST;;1;1;XEUR;11286679;688;
19.02.2025;15:01:35.935;FGBL SI 20250306 PS;SIMPLE_INSTRUMENT;EFS;EUR;134;131.42000000;237;EXCHANGE_LAST;;1;1;XEUR;11286679;688;
19.02.2025;15:02:24.152;FGBL SI 20250306 PS;SIMPLE_INSTRUMENT;EFS;EUR;135;131.44000000;235;EXCHANGE_LAST;;1;1;XEUR;11286679;688;
19.02.2025;15:10:06.467;FGBL SI 20250306 PS;SIMPLE_INSTRUMENT;EFS;EUR;136;131.48000000;210;EXCHANGE_LAST;;1;1;XEUR;11286679;688;
19.02.2025;15:10:16.477;FGBL SI 20250306 PS;SIMPLE_INSTRUMENT;EFS;EUR;137;131.47000000;210;EXCHANGE_LAST;;1;1;XEUR;11286679;688;
19.02.2025;15:12:46.565;FGBL SI 20250306 PS;SIMPLE_INSTRUMENT;EFS;EUR;138;131.48000000;419;EXCHANGE_LAST;;1;1;XEUR;11286679;688;
19.02.2025;15:15:16.623;FGBL SI 20250306 PS;SIMPLE_INSTRUMENT;EFS;EUR;139;131.48000000;419;EXCHANGE_LAST;;1;1;XEUR;11286679;688;
19.02.2025;15:15:54.438;FGBL SI 20250306 PS;SIMPLE_INSTRUMENT;EFS;EUR;140;131.47000000;209;EXCHANGE_LAST;;1;1;XEUR;11286679;688;
19.02.2025;15:28:06.132;FGBL SI 20250306 PS;SIMPLE_INSTRUMENT;EFS;EUR;141;131.52000000;210;EXCHANGE_LAST;;1;1;XEUR;11286679;688;
19.02.2025;15:28:06.177;FGBL SI 20250306 PS;SIMPLE_INSTRUMENT;EFS;EUR;142;131.52000000;419;EXCHANGE_LAST;;1;1;XEUR;11286679;688;
19.02.2025;15:35:03.346;FGBL SI 20250306 PS;SIMPLE_INSTRUMENT;BLOCK;EUR;143;131.55000000;4000;EXCHANGE_LAST;;1;1;XEUR;11286679;688;
19.02.2025;15:37:15.839;FGBL SI 20250306 PS;SIMPLE_INSTRUMENT;EFP_FIN;EUR;144;131.50000000;473;EXCHANGE_LAST;;1;1;XEUR;11286679;688;
19.02.2025;15:40:57.601;FGBL SI 20250306 PS;SIMPLE_INSTRUMENT;BLOCK;EUR;145;131.43000000;2378;EXCHANGE_LAST;;1;1;XEUR;11286679;688;
19.02.2025;15:43:11.667;FGBL SI 20250306 PS;SIMPLE_INSTRUMENT;EFS;EUR;146;131.51000000;419;EXCHANGE_LAST;;1;1;XEUR;11286679;688;
19.02.2025;15:44:20.722;FGBL SI 20250306 PS;SIMPLE_INSTRUMENT;EFP_FIN;EUR;147;131.53000000;460;EXCHANGE_LAST;;1;1;XEUR;11286679;688;
19.02.2025;15:57:12.446;FGBL SI 20250306 PS;SIMPLE_INSTRUMENT;EFP_FIN;EUR;148;131.50000000;146;EXCHANGE_LAST;;1;1;XEUR;11286679;688;
19.02.2025;15:53:10.565;FGBL SI 20250306 PS;SIMPLE_INSTRUMENT;EFS;EUR;149;131.51000000;1675;EXCHANGE_LAST;;1;1;XEUR;11286679;688;
19.02.2025;15:53:51.847;FGBL SI 20250306 PS;SIMPLE_INSTRUMENT;EFS;EUR;150;131.52000000;885;EXCHANGE_LAST;;1;1;XEUR;11286679;688;
19.02.2025;15:54:44.986;FGBL SI 20250306 PS;SIMPLE_INSTRUMENT;EFP_FIN;EUR;151;131.52000000;460;EXCHANGE_LAST;;1;1;XEUR;11286679;688;
19.02.2025;15:56:03.218;FGBL SI 20250306 PS;SIMPLE_INSTRUMENT;EFS;EUR;152;131.51000000;372;EXCHANGE_LAST;;1;1;XEUR;11286679;688;
19.02.2025;15:56:33.205;FGBL SI 20250306 PS;SIMPLE_INSTRUMENT;EFS;EUR;153;131.52000000;838;EXCHANGE_LAST;;1;1;XEUR;11286679;688;
19.02.2025;15:57:03.286;FGBL SI 20250306 PS;SIMPLE_INSTRUMENT;EFS;EUR;154;131.52000000;419;EXCHANGE_LAST;;1;1;XEUR;11286679;688;
19.02.2025;15:59:58.481;FGBL SI 20250306 PS;SIMPLE_INSTRUMENT;EFS;EUR;155;131.50000000;628;EXCHANGE_LAST;;1;1;XEUR;11286679;688;
19.02.2025;16:00:09.373;FGBL SI 20250306 PS;SIMPLE_INSTRUMENT;EFS;EUR;156;131.52000000;419;EXCHANGE_LAST;;1;1;XEUR;11286679;688;
19.02.2025;16:00:48.400;FGBL SI 20250306 PS;SIMPLE_INSTRUMENT;EFS;EUR;157;131.53000000;419;EXCHANGE_LAST;;1;1;XEUR;11286679;688;
19.02.2025;16:01:48.439;FGBL SI 20250306 PS;SIMPLE_INSTRUMENT;EFS;EUR;158;131.51000000;419;EXCHANGE_LAST;;1;1;XEUR;11286679;688;
19.02.2025;16:01:59.579;FGBL SI 20250306 PS;SIMPLE_INSTRUMENT;EFS;EUR;159;131.52000000;419;EXCHANGE_LAST;;1;1;XEUR;11286679;688;
19.02.2025;16:02:39.471;FGBL SI 20250306 PS;SIMPLE_INSTRUMENT;EFS;EUR;160;131.54000000;210;EXCHANGE_LAST;;1;1;XEUR;11286679;688;
19.02.2025;16:04:13.597;FGBL SI 20250306 PS;SIMPLE_INSTRUMENT;EFS;EUR;161;131.50000000;91;EXCHANGE_LAST;;1;1;XEUR;11286679;688;
19.02.2025;16:05:44.601;FGBL SI 20250306 PS;SIMPLE_INSTRUMENT;EFS;EUR;162;131.51000000;419;EXCHANGE_LAST;;1;1;XEUR;11286679;688;
19.02.2025;16:07:28.668;FGBL SI 20250306 PS;SIMPLE_INSTRUMENT;EFS;EUR;163;131.50000000;419;EXCHANGE_LAST;;1;1;XEUR;11286679;688;
19.02.2025;16:08:08.696;FGBL SI 20250306 PS;SIMPLE_INSTRUMENT;EFS;EUR;164;131.50000000;419;EXCHANGE_LAST;;1;1;XEUR;11286679;688;
19.02.2025;16:08:13.700;FGBL SI 20250306 PS;SIMPLE_INSTRUMENT;EFS;EUR;165;131.50000000;419;EXCHANGE_LAST;;1;1;XEUR;11286679;688;
19.02.2025;16:08:47.964;FGBL SI 20250306 PS;SIMPLE_INSTRUMENT;EFS;EUR;166;131.49000000;456;EXCHANGE_LAST;;1;1;XEUR;11286679;688;
19.02.2025;16:10:28.936;FGBL SI 20250306 PS;SIMPLE_INSTRUMENT;EFP_FIN;EUR;167;131.53000000;1092;EXCHANGE_LAST;;1;1;XEUR;11286679;688;
19.02.2025;16:10:37.228;FGBL SI 20250306 PS;SIMPLE_INSTRUMENT;EFS;EUR;168;131.54000000;454;EXCHANGE_LAST;;1;1;XEUR;11286679;688;
19.02.2025;16:10:43.825;FGBL SI 20250306 PS;SIMPLE_INSTRUMENT;EFS;EUR;169;131.49000000;419;EXCHANGE_LAST;;1;1;XEUR;11286679;688;
19.02.2025;16:11:53.312;FGBL SI 20250306 PS;SIMPLE_INSTRUMENT;BLOCK;EUR;170;131.53000000;2375;EXCHANGE_LAST;;1;1;XEUR;11286679;688;
19.02.2025;16:11:53.873;FGBL SI 20250306 PS;SIMPLE_INSTRUMENT;EFS;EUR;171;131.49000000;419;EXCHANGE_LAST;;1;1;XEUR;11286679;688;
19.02.2025;16:15:49.053;FGBL SI 20250306 PS;SIMPLE_INSTRUMENT;EFS;EUR;172;131.52000000;419;EXCHANGE_LAST;;1;1;XEUR;11286679;688;
19.02.2025;16:15:55.060;FGBL SI 20250306 PS;SIMPLE_INSTRUMENT;EFS;EUR;173;131.52000000;419;EXCHANGE_LAST;;1;1;XEUR;11286679;688;
19.02.2025;16:15:59.523;FGBL SI 20250306 PS;SIMPLE_INSTRUMENT;EFS;EUR;174;131.49000000;950;EXCHANGE_LAST;;1;1;XEUR;11286679;688;
19.02.2025;16:16:05.081;FGBL SI 20250306 PS;SIMPLE_INSTRUMENT;EFS;EUR;175;131.52000000;419;EXCHANGE_LAST;;1;1;XEUR;11286679;688;
19.02.2025;16:17:46.220;FGBL SI 20250306 PS;SIMPLE_INSTRUMENT;EFS;EUR;176;131.50000000;126;EXCHANGE_LAST;;1;1;XEUR;11286679;688;
19.02.2025;16:20:30.287;FGBL SI 20250306 PS;SIMPLE_INSTRUMENT;EFS;EUR;177;131.57000000;419;EXCHANGE_LAST;;1;1;XEUR;11286679;688;
19.02.2025;16:22:00.363;FGBL SI 20250306 PS;SIMPLE_INSTRUMENT;EFS;EUR;178;131.54000000;210;EXCHANGE_LAST;;1;1;XEUR;11286679;688;
19.02.2025;16:34:17.196;FGBL SI 20250306 PS;SIMPLE_INSTRUMENT;EFS;EUR;179;131.51000000;546;EXCHANGE_LAST;;1;1;XEUR;11286679;688;
19.02.2025;16:36:38.416;FGBL SI 20250306 PS;SIMPLE_INSTRUMENT;EFS;EUR;180;131.55000000;2100;EXCHANGE_LAST;;1;1;XEUR;11286679;688;
19.02.2025;16:38:39.999;FGBL SI 20250306 PS;SIMPLE_INSTRUMENT;EFP_FIN;EUR;181;131.50000000;1467;EXCHANGE_LAST;;1;1;XEUR;11286679;688;
19.02.2025;16:40:44.305;FGBL SI 20250306 PS;SIMPLE_INSTRUMENT;EFS;EUR;182;131.49000000;1277;EXCHANGE_LAST;;1;1;XEUR;11286679;688;
19.02.2025;16:45:01.421;FGBL SI 20250306 PS;SIMPLE_INSTRUMENT;EFS;EUR;183;131.43000000;476;EXCHANGE_LAST;;1;1;XEUR;11286679;688;
19.02.2025;16:48:19.171;FGBL SI 20250306 PS;SIMPLE_INSTRUMENT;EFS;EUR;184;131.41000000;476;EXCHANGE_LAST;;1;1;XEUR;11286679;688;
19.02.2025;16:55:48.677;FGBL SI 20250306 PS;SIMPLE_INSTRUMENT;EFS;EUR;185;131.41000000;210;EXCHANGE_LAST;;1;1;XEUR;11286679;688;
19.02.2025;16:56:23.727;FGBL SI 20250306 PS;SIMPLE_INSTRUMENT;EFS;EUR;186;131.41000000;419;EXCHANGE_LAST;;1;1;XEUR;11286679;688;
19.02.2025;16:56:24.708;FGBL SI 20250306 PS;SIMPLE_INSTRUMENT;EFS;EUR;187;131.40000000;210;EXCHANGE_LAST;;1;1;XEUR;11286679;688;
19.02.2025;17:00:01.956;FGBL SI 20250306 PS;SIMPLE_INSTRUMENT;EFS;EUR;188;131.40000000;476;EXCHANGE_LAST;;1;1;XEUR;11286679;688;
19.02.2025;17:02:06.729;FGBL SI 20250306 PS;SIMPLE_INSTRUMENT;EFS;EUR;189;131.42000000;455;EXCHANGE_LAST;;1;1;XEUR;11286679;688;
19.02.2025;17:02:11.440;FGBL SI 20250306 PS;SIMPLE_INSTRUMENT;EFP_FIN;EUR;190;131.54000000;1114;EXCHANGE_LAST;;1;1;XEUR;11286679;688;
19.02.2025;17:06:12.516;FGBL SI 20250306 PS;SIMPLE_INSTRUMENT;EFS;EUR;191;131.42000000;476;EXCHANGE_LAST;;1;1;XEUR;11286679;688;
19.02.2025;17:12:29.408;FGBL SI 20250306 PS;SIMPLE_INSTRUMENT;EFS;EUR;192;131.42000000;455;EXCHANGE_LAST;;1;1;XEUR;11286679;688;
19.02.2025;17:20:02.049;FGBL SI 20250306 PS;SIMPLE_INSTRUMENT;EFS;EUR;194;131.37000000;419;EXCHANGE_LAST;;1;1;XEUR;11286679;688;
19.02.2025;17:24:10.007;FGBL SI 20250306 PS;SIMPLE_INSTRUMENT;EFS;EUR;195;131.36000000;222;EXCHANGE_LAST;;1;1;XEUR;11286679;688;
19.02.2025;17:27:30.369;FGBL SI 20250306 PS;SIMPLE_INSTRUMENT;EFS;EUR;196;131.37000000;210;EXCHANGE_LAST;;1;1;XEUR;11286679;688;
19.02.2025;17:30:17.161;FGBL SI 20250306 PS;SIMPLE_INSTRUMENT;EFS;EUR;197;131.38000000;210;EXCHANGE_LAST;;1;1;XEUR;11286679;688;
19.02.2025;17:44:44.699;FGBL SI 20250306 PS;SIMPLE_INSTRUMENT;EFS;EUR;198;131.40000000;476;EXCHANGE_LAST;;1;1;XEUR;11286679;688;
19.02.2025;09:47:57.656;FGBL SI 20250306 PS;SIMPLE_INSTRUMENT;VOLA;EUR;268435481;131.72000000;68;EXCHANGE_LAST;;1;1;XEUR;11286679;688;
19.02.2025;09:48:25.849;FGBL SI 20250306 PS;SIMPLE_INSTRUMENT;VOLA;EUR;268435482;131.72000000;67;EXCHANGE_LAST;;1;1;XEUR;11286679;688;
19.02.2025;11:31:29.779;FGBL SI 20250306 PS;SIMPLE_INSTRUMENT;VOLA;EUR;268435506;131.60000000;135;EXCHANGE_LAST;;1;1;XEUR;11286679;688;
19.02.2025;11:52:34.863;FGBL SI 20250306 PS;SIMPLE_INSTRUMENT;VOLA;EUR;268435513;131.55000000;185;EXCHANGE_LAST;;1;1;XEUR;11286679;688;
19.02.2025;11:52:58.935;FGBL SI 20250306 PS;SIMPLE_INSTRUMENT;VOLA;EUR;268435514;131.55000000;185;EXCHANGE_LAST;;1;1;XEUR;11286679;688;
19.02.2025;11:57:07.726;FGBL SI 20250306 PS;SIMPLE_INSTRUMENT;VOLA;EUR;268435518;131.55000000;548;EXCHANGE_LAST;;1;1;XEUR;11286679;688;
19.02.2025;12:00:58.021;FGBL SI 20250306 PS;SIMPLE_INSTRUMENT;VOLA;EUR;268435522;131.48000000;50;EXCHANGE_LAST;;1;1;XEUR;11286679;688;
19.02.2025;12:51:20.165;FGBL SI 20250306 PS;SIMPLE_INSTRUMENT;VOLA;EUR;268435533;131.54000000;25;EXCHANGE_LAST;;1;1;XEUR;11286679;688;
19.02.2025;13:11:58.599;FGBL SI 20250306 PS;SIMPLE_INSTRUMENT;VOLA;EUR;268435543;131.52000000;36;EXCHANGE_LAST;;1;1;XEUR;11286679;688;
19.02.2025;13:13:29.289;FGBL SI 20250306 PS;SIMPLE_INSTRUMENT;VOLA;EUR;268435546;131.50000000;68;EXCHANGE_LAST;;1;1;XEUR;11286679;688;
19.02.2025;13:13:40.482;FGBL SI 20250306 PS;SIMPLE_INSTRUMENT;VOLA;EUR;268435547;131.50000000;67;EXCHANGE_LAST;;1;1;XEUR;11286679;688;
19.02.2025;13:57:28.148;FGBL SI 20250306 PS;SIMPLE_INSTRUMENT;VOLA;EUR;268435558;131.32000000;50;EXCHANGE_LAST;;1;1;XEUR;11286679;688;
19.02.2025;14:16:07.068;FGBL SI 20250306 PS;SIMPLE_INSTRUMENT;VOLA;EUR;268435563;131.50000000;45;EXCHANGE_LAST;;1;1;XEUR;11286679;688;
19.02.2025;14:19:53.157;FGBL SI 20250306 PS;SIMPLE_INSTRUMENT;VOLA;EUR;268435567;131.49000000;27;EXCHANGE_LAST;;1;1;XEUR;11286679;688;
19.02.2025;14:28:42.329;FGBL SI 20250306 PS;SIMPLE_INSTRUMENT;VOLA;EUR;268435572;131.44000000;120;EXCHANGE_LAST;;1;1;XEUR;11286679;688;
19.02.2025;14:28:43.956;FGBL SI 20250306 PS;SIMPLE_INSTRUMENT;VOLA;EUR;268435573;131.44000000;25;EXCHANGE_LAST;;1;1;XEUR;11286679;688;
19.02.2025;15:31:00.367;FGBL SI 20250306 PS;SIMPLE_INSTRUMENT;VOLA;EUR;268435594;131.51000000;30;EXCHANGE_LAST;;1;1;XEUR;11286679;688;
19.02.2025;16:09:48.255;FGBL SI 20250306 PS;SIMPLE_INSTRUMENT;VOLA;EUR;268435601;131.46000000;87;EXCHANGE_LAST;;1;1;XEUR;11286679;688;
19.02.2025;16:10:02.257;FGBL SI 20250306 PS;SIMPLE_INSTRUMENT;VOLA;EUR;268435602;131.46000000;88;EXCHANGE_LAST;;1;1;XEUR;11286679;688;
19.02.2025;16:18:58.531;FGBL SI 20250606 PS;SIMPLE_INSTRUMENT;VOLA;EUR;268435605;130.65000000;115;EXCHANGE_LAST;;1;1;XEUR;11820389;688;
19.02.2025;16:32:32.421;FGBL SI 20250606 PS;SIMPLE_INSTRUMENT;VOLA;EUR;268435611;130.65000000;288;EXCHANGE_LAST;;1;1;XEUR;11820389;688;
19.02.2025;16:33:07.885;FGBL SI 20250606 PS;SIMPLE_INSTRUMENT;VOLA;EUR;268435614;130.65000000;287;EXCHANGE_LAST;;1;1;XEUR;11820389;688;
19.02.2025;07:57:32.986;FGBM SI 20250306 PS;SIMPLE_INSTRUMENT;EFS;EUR;1;117.13000000;992;EXCHANGE_LAST;;1;1;XEUR;11286680;689;
19.02.2025;08:25:45.583;FGBM SI 20250306 PS;SIMPLE_INSTRUMENT;EFS;EUR;2;117.11000000;475;EXCHANGE_LAST;;1;1;XEUR;11286680;689;
19.02.2025;08:57:09.480;FGBM SI 20250306 PS;SIMPLE_INSTRUMENT;EFP_FIN;EUR;3;117.11000000;1624;EXCHANGE_LAST;;1;1;XEUR;11286680;689;
19.02.2025;09:04:45.827;FGBM SI 20250306 PS;SIMPLE_INSTRUMENT;BLOCK;EUR;4;117.12000000;3801;EXCHANGE_LAST;;1;1;XEUR;11286680;689;
19.02.2025;09:16:19.861;FGBM SI 20250306 PS;SIMPLE_INSTRUMENT;EFP_FIN;EUR;5;117.10000000;373;EXCHANGE_LAST;;1;1;XEUR;11286680;689;
19.02.2025;09:18:15.559;FGBM SI 20250306 PS;SIMPLE_INSTRUMENT;EFS;EUR;6;117.11000000;191;EXCHANGE_LAST;;1;1;XEUR;11286680;689;
19.02.2025;09:24:11.157;FGBM SI 20250306 PS;SIMPLE_INSTRUMENT;EFS;EUR;7;117.14000000;949;EXCHANGE_LAST;;1;1;XEUR;11286680;689;
19.02.2025;09:26:24.364;FGBM SI 20250306 PS;SIMPLE_INSTRUMENT;EFS;EUR;8;117.08000000;298;EXCHANGE_LAST;;1;1;XEUR;11286680;689;
19.02.2025;09:26:24.711;FGBM SI 20250306 PS;SIMPLE_INSTRUMENT;EFS;EUR;9;117.09000000;923;EXCHANGE_LAST;;1;1;XEUR;11286680;689;
19.02.2025;09:26:44.529;FGBM SI 20250306 PS;SIMPLE_INSTRUMENT;EFS;EUR;10;117.12000000;1984;EXCHANGE_LAST;;1;1;XEUR;11286680;689;
19.02.2025;09:27:19.746;FGBM SI 20250306 PS;SIMPLE_INSTRUMENT;EFS;EUR;11;117.08000000;462;EXCHANGE_LAST;;1;1;XEUR;11286680;689;
19.02.2025;09:29:20.757;FGBM SI 20250306 PS;SIMPLE_INSTRUMENT;EFS;EUR;12;117.10000000;1933;EXCHANGE_LAST;;1;1;XEUR;11286680;689;
19.02.2025;09:32:18.750;FGBM SI 20250306 PS;SIMPLE_INSTRUMENT;EFS;EUR;13;117.09000000;923;EXCHANGE_LAST;;1;1;XEUR;11286680;689;
19.02.2025;09:34:29.756;FGBM SI 20250306 PS;SIMPLE_INSTRUMENT;EFP_FIN;EUR;14;117.08000000;216;EXCHANGE_LAST;;1;1;XEUR;11286680;689;
19.02.2025;09:33:18.602;FGBM SI 20250306 PS;SIMPLE_INSTRUMENT;EFS;EUR;15;117.09000000;461;EXCHANGE_LAST;;1;1;XEUR;11286680;689;
19.02.2025;09:35:18.113;FGBM SI 20250306 PS;SIMPLE_INSTRUMENT;EFP_FIN;EUR;16;117.09000000;201;EXCHANGE_LAST;;1;1;XEUR;11286680;689;
19.02.2025;09:38:23.449;FGBM SI 20250306 PS;SIMPLE_INSTRUMENT;EFS;EUR;17;117.09000000;461;EXCHANGE_LAST;;1;1;XEUR;11286680;689;
19.02.2025;09:39:10.525;FGBM SI 20250306 PS;SIMPLE_INSTRUMENT;EFS;EUR;18;117.09000000;461;EXCHANGE_LAST;;1;1;XEUR;11286680;689;
19.02.2025;09:50:09.595;FGBM SI 20250306 PS;SIMPLE_INSTRUMENT;EFS;EUR;19;117.10000000;949;EXCHANGE_LAST;;1;1;XEUR;11286680;689;
19.02.2025;09:50:15.058;FGBM SI 20250306 PS;SIMPLE_INSTRUMENT;EFP_FIN;EUR;20;117.10000000;431;EXCHANGE_LAST;;1;1;XEUR;11286680;689;
19.02.2025;09:51:20.885;FGBM SI 20250306 PS;SIMPLE_INSTRUMENT;EFP_FIN;EUR;21;117.12000000;1208;EXCHANGE_LAST;;1;1;XEUR;11286680;689;
19.02.2025;10:03:28.105;FGBM SI 20250306 PS;SIMPLE_INSTRUMENT;EFS;EUR;22;117.11000000;462;EXCHANGE_LAST;;1;1;XEUR;11286680;689;
19.02.2025;10:04:57.801;FGBM SI 20250306 PS;SIMPLE_INSTRUMENT;EFS;EUR;23;117.11000000;757;EXCHANGE_LAST;;1;1;XEUR;11286680;689;
19.02.2025;10:27:44.168;FGBM SI 20250306 PS;SIMPLE_INSTRUMENT;EFP_FIN;EUR;24;117.11000000;1424;EXCHANGE_LAST;;1;1;XEUR;11286680;689;
19.02.2025;10:32:16.127;FGBM SI 20250306 PS;SIMPLE_INSTRUMENT;EFS;EUR;25;117.08000000;923;EXCHANGE_LAST;;1;1;XEUR;11286680;689;
19.02.2025;10:40:31.482;FGBM SI 20250306 PS;SIMPLE_INSTRUMENT;EFS;EUR;26;117.11000000;462;EXCHANGE_LAST;;1;1;XEUR;11286680;689;
19.02.2025;10:43:06.587;FGBM SI 20250306 PS;SIMPLE_INSTRUMENT;EFS;EUR;27;117.10000000;462;EXCHANGE_LAST;;1;1;XEUR;11286680;689;
19.02.2025;10:44:26.646;FGBM SI 20250306 PS;SIMPLE_INSTRUMENT;EFS;EUR;28;117.12000000;462;EXCHANGE_LAST;;1;1;XEUR;11286680;689;
19.02.2025;10:54:22.484;FGBM SI 20250306 PS;SIMPLE_INSTRUMENT;EFP_FIN;EUR;29;117.08000000;664;EXCHANGE_LAST;;1;1;XEUR;11286680;689;
19.02.2025;11:02:53.376;FGBM SI 20250306 PS;SIMPLE_INSTRUMENT;EFS;EUR;30;117.11000000;554;EXCHANGE_LAST;;1;1;XEUR;11286680;689;
19.02.2025;11:04:05.788;FGBM SI 20250306 PS;SIMPLE_INSTRUMENT;EFS;EUR;31;117.11000000;750;EXCHANGE_LAST;;1;1;XEUR;11286680;689;
19.02.2025;11:08:27.689;FGBM SI 20250306 PS;SIMPLE_INSTRUMENT;EFS;EUR;32;117.12000000;523;EXCHANGE_LAST;;1;1;XEUR;11286680;689;
19.02.2025;11:14:14.266;FGBM SI 20250306 PS;SIMPLE_INSTRUMENT;EFS;EUR;33;117.11000000;985;EXCHANGE_LAST;;1;1;XEUR;11286680;689;
19.02.2025;11:19:40.355;FGBM SI 20250306 PS;SIMPLE_INSTRUMENT;EFS;EUR;34;117.11000000;1238;EXCHANGE_LAST;;1;1;XEUR;11286680;689;
19.02.2025;11:19:40.739;FGBM SI 20250306 PS;SIMPLE_INSTRUMENT;EFP_FIN;EUR;35;117.11000000;116;EXCHANGE_LAST;;1;1;XEUR;11286680;689;
19.02.2025;11:24:02.699;FGBM SI 20250306 PS;SIMPLE_INSTRUMENT;EFS;EUR;36;116.97000000;462;EXCHANGE_LAST;;1;1;XEUR;11286680;689;
19.02.2025;11:24:28.093;FGBM SI 20250306 PS;SIMPLE_INSTRUMENT;EFS;EUR;37;116.98000000;461;EXCHANGE_LAST;;1;1;XEUR;11286680;689;
19.02.2025;11:25:26.339;FGBM SI 20250306 PS;SIMPLE_INSTRUMENT;EFS;EUR;38;116.96000000;923;EXCHANGE_LAST;;1;1;XEUR;11286680;689;
19.02.2025;11:28:28.404;FGBM SI 20250306 PS;SIMPLE_INSTRUMENT;EFS;EUR;39;116.97000000;462;EXCHANGE_LAST;;1;1;XEUR;11286680;689;
19.02.2025;11:33:53.981;FGBM SI 20250306 PS;SIMPLE_INSTRUMENT;EFP_FIN;EUR;40;116.99000000;225;EXCHANGE_LAST;;1;1;XEUR;11286680;689;
19.02.2025;11:38:51.105;FGBM SI 20250306 PS;SIMPLE_INSTRUMENT;EFS;EUR;41;117.10000000;1240;EXCHANGE_LAST;;1;1;XEUR;11286680;689;
19.02.2025;11:40:37.930;FGBM SI 20250306 PS;SIMPLE_INSTRUMENT;EFS;EUR;42;116.97000000;924;EXCHANGE_LAST;;1;1;XEUR;11286680;689;
19.02.2025;11:43:32.001;FGBM SI 20250306 PS;SIMPLE_INSTRUMENT;EFS;EUR;43;116.97000000;872;EXCHANGE_LAST;;1;1;XEUR;11286680;689;
19.02.2025;11:43:37.764;FGBM SI 20250306 PS;SIMPLE_INSTRUMENT;EFS;EUR;44;116.97000000;923;EXCHANGE_LAST;;1;1;XEUR;11286680;689;
19.02.2025;11:48:04.744;FGBM SI 20250306 PS;SIMPLE_INSTRUMENT;EFP_FIN;EUR;45;117.11000000;78;EXCHANGE_LAST;;1;1;XEUR;11286680;689;
19.02.2025;11:53:09.001;FGBM SI 20250306 PS;SIMPLE_INSTRUMENT;EFP_FIN;EUR;46;116.99000000;101;EXCHANGE_LAST;;1;1;XEUR;11286680;689;
19.02.2025;11:48:53.901;FGBM SI 20250306 PS;SIMPLE_INSTRUMENT;EFP_FIN;EUR;47;116.99000000;50;EXCHANGE_LAST;;1;1;XEUR;11286680;689;
19.02.2025;11:52:24.652;FGBM SI 20250306 PS;SIMPLE_INSTRUMENT;EFP_FIN;EUR;48;117.02000000;475;EXCHANGE_LAST;;1;1;XEUR;11286680;689;
19.02.2025;11:56:36.445;FGBM SI 20250306 PS;SIMPLE_INSTRUMENT;EFS;EUR;49;116.97000000;950;EXCHANGE_LAST;;1;1;XEUR;11286680;689;
19.02.2025;11:57:41.377;FGBM SI 20250306 PS;SIMPLE_INSTRUMENT;EFP_FIN;EUR;50;116.98000000;361;EXCHANGE_LAST;;1;1;XEUR;11286680;689;
19.02.2025;12:17:11.658;FGBM SI 20250306 PS;SIMPLE_INSTRUMENT;EFS;EUR;51;117.00000000;462;EXCHANGE_LAST;;1;1;XEUR;11286680;689;
19.02.2025;12:34:06.243;FGBM SI 20250306 PS;SIMPLE_INSTRUMENT;EFP_FIN;EUR;52;117.01000000;253;EXCHANGE_LAST;;1;1;XEUR;11286680;689;
19.02.2025;12:34:27.300;FGBM SI 20250306 PS;SIMPLE_INSTRUMENT;EFS;EUR;53;117.00000000;1386;EXCHANGE_LAST;;1;1;XEUR;11286680;689;
19.02.2025;12:39:27.634;FGBM SI 20250306 PS;SIMPLE_INSTRUMENT;EFS;EUR;54;116.98000000;462;EXCHANGE_LAST;;1;1;XEUR;11286680;689;
19.02.2025;12:49:27.432;FGBM SI 20250306 PS;SIMPLE_INSTRUMENT;EFP_FIN;EUR;55;117.10000000;496;EXCHANGE_LAST;;1;1;XEUR;11286680;689;
19.02.2025;12:59:24.656;FGBM SI 20250306 PS;SIMPLE_INSTRUMENT;EFS;EUR;56;116.95000000;924;EXCHANGE_LAST;;1;1;XEUR;11286680;689;
19.02.2025;13:03:35.056;FGBM SI 20250306 PS;SIMPLE_INSTRUMENT;EFP_FIN;EUR;57;116.96000000;1948;EXCHANGE_LAST;;1;1;XEUR;11286680;689;
19.02.2025;13:05:04.810;FGBM SI 20250306 PS;SIMPLE_INSTRUMENT;EFS;EUR;58;116.96000000;462;EXCHANGE_LAST;;1;1;XEUR;11286680;689;
19.02.2025;13:05:39.836;FGBM SI 20250306 PS;SIMPLE_INSTRUMENT;EFS;EUR;59;116.96000000;462;EXCHANGE_LAST;;1;1;XEUR;11286680;689;
19.02.2025;13:29:59.731;FGBM SI 20250306 PS;SIMPLE_INSTRUMENT;EFS;EUR;60;116.94000000;1511;EXCHANGE_LAST;;1;1;XEUR;11286680;689;
19.02.2025;13:40:04.662;FGBM SI 20250306 PS;SIMPLE_INSTRUMENT;EFS;EUR;61;116.96000000;462;EXCHANGE_LAST;;1;1;XEUR;11286680;689;
19.02.2025;13:53:13.069;FGBM SI 20250306 PS;SIMPLE_INSTRUMENT;EFS;EUR;62;116.93000000;1144;EXCHANGE_LAST;;1;1;XEUR;11286680;689;
19.02.2025;13:55:52.326;FGBM SI 20250306 PS;SIMPLE_INSTRUMENT;EFP_FIN;EUR;63;116.93000000;352;EXCHANGE_LAST;;1;1;XEUR;11286680;689;
19.02.2025;13:56:15.435;FGBM SI 20250306 PS;SIMPLE_INSTRUMENT;EFP_FIN;EUR;64;116.93000000;586;EXCHANGE_LAST;;1;1;XEUR;11286680;689;
19.02.2025;13:56:32.359;FGBM SI 20250306 PS;SIMPLE_INSTRUMENT;EFP_FIN;EUR;65;116.93000000;586;EXCHANGE_LAST;;1;1;XEUR;11286680;689;
19.02.2025;14:14:17.205;FGBM SI 20250306 PS;SIMPLE_INSTRUMENT;EFS;EUR;66;117.00000000;475;EXCHANGE_LAST;;1;1;XEUR;11286680;689;
19.02.2025;14:22:58.101;FGBM SI 20250306 PS;SIMPLE_INSTRUMENT;EFP_FIN;EUR;67;116.94000000;176;EXCHANGE_LAST;;1;1;XEUR;11286680;689;
19.02.2025;14:23:24.615;FGBM SI 20250306 PS;SIMPLE_INSTRUMENT;EFS;EUR;68;116.92000000;923;EXCHANGE_LAST;;1;1;XEUR;11286680;689;
19.02.2025;14:27:02.061;FGBM SI 20250306 PS;SIMPLE_INSTRUMENT;EFS;EUR;69;116.91000000;923;EXCHANGE_LAST;;1;1;XEUR;11286680;689;
19.02.2025;14:28:18.864;FGBM SI 20250306 PS;SIMPLE_INSTRUMENT;EFS;EUR;70;116.92000000;924;EXCHANGE_LAST;;1;1;XEUR;11286680;689;
19.02.2025;14:30:52.243;FGBM SI 20250306 PS;SIMPLE_INSTRUMENT;EFS;EUR;71;116.93000000;185;EXCHANGE_LAST;;1;1;XEUR;11286680;689;
19.02.2025;14:33:32.465;FGBM SI 20250306 PS;SIMPLE_INSTRUMENT;EFS;EUR;72;116.94000000;462;EXCHANGE_LAST;;1;1;XEUR;11286680;689;
19.02.2025;14:39:55.800;FGBM SI 20250306 PS;SIMPLE_INSTRUMENT;EFS;EUR;73;116.91000000;500;EXCHANGE_LAST;;1;1;XEUR;11286680;689;
19.02.2025;14:42:48.921;FGBM SI 20250306 PS;SIMPLE_INSTRUMENT;EFP_FIN;EUR;74;116.93000000;372;EXCHANGE_LAST;;1;1;XEUR;11286680;689;
19.02.2025;14:44:11.998;FGBM SI 20250306 PS;SIMPLE_INSTRUMENT;EFP_FIN;EUR;75;116.93000000;372;EXCHANGE_LAST;;1;1;XEUR;11286680;689;
19.02.2025;14:45:28.594;FGBM SI 20250306 PS;SIMPLE_INSTRUMENT;EFP_FIN;EUR;76;116.92000000;111;EXCHANGE_LAST;;1;1;XEUR;11286680;689;
19.02.2025;14:46:44.460;FGBM SI 20250306 PS;SIMPLE_INSTRUMENT;EFS;EUR;77;116.91000000;1988;EXCHANGE_LAST;;1;1;XEUR;11286680;689;
19.02.2025;14:49:03.518;FGBM SI 20250306 PS;SIMPLE_INSTRUMENT;EFP_FIN;EUR;78;116.93000000;167;EXCHANGE_LAST;;1;1;XEUR;11286680;689;
19.02.2025;14:51:38.597;FGBM SI 20250306 PS;SIMPLE_INSTRUMENT;EFS;EUR;79;116.92000000;3286;EXCHANGE_LAST;;1;1;XEUR;11286680;689;
19.02.2025;14:52:30.798;FGBM SI 20250306 PS;SIMPLE_INSTRUMENT;EFS;EUR;80;116.91000000;462;EXCHANGE_LAST;;1;1;XEUR;11286680;689;
19.02.2025;14:52:57.246;FGBM SI 20250306 PS;SIMPLE_INSTRUMENT;EFS;EUR;81;116.92000000;282;EXCHANGE_LAST;;1;1;XEUR;11286680;689;
19.02.2025;14:55:18.376;FGBM SI 20250306 PS;SIMPLE_INSTRUMENT;EFS;EUR;82;116.92000000;994;EXCHANGE_LAST;;1;1;XEUR;11286680;689;
19.02.2025;15:01:10.575;FGBM SI 20250306 PS;SIMPLE_INSTRUMENT;EFS;EUR;83;116.92000000;924;EXCHANGE_LAST;;1;1;XEUR;11286680;689;
19.02.2025;15:06:42.433;FGBM SI 20250306 PS;SIMPLE_INSTRUMENT;EFP_FIN;EUR;84;116.95000000;151;EXCHANGE_LAST;;1;1;XEUR;11286680;689;
19.02.2025;15:14:39.844;FGBM SI 20250306 PS;SIMPLE_INSTRUMENT;EFS;EUR;85;116.96000000;397;EXCHANGE_LAST;;1;1;XEUR;11286680;689;
19.02.2025;15:16:28.086;FGBM SI 20250306 PS;SIMPLE_INSTRUMENT;EFP_FIN;EUR;86;116.94000000;85;EXCHANGE_LAST;;1;1;XEUR;11286680;689;
19.02.2025;15:17:38.246;FGBM SI 20250306 PS;SIMPLE_INSTRUMENT;EFP_FIN;EUR;87;116.94000000;396;EXCHANGE_LAST;;1;1;XEUR;11286680;689;
19.02.2025;15:19:37.563;FGBM SI 20250306 PS;SIMPLE_INSTRUMENT;EFP_FIN;EUR;88;116.96000000;147;EXCHANGE_LAST;;1;1;XEUR;11286680;689;
19.02.2025;15:27:51.114;FGBM SI 20250306 PS;SIMPLE_INSTRUMENT;EFS;EUR;89;116.98000000;1308;EXCHANGE_LAST;;1;1;XEUR;11286680;689;
19.02.2025;15:51:24.163;FGBM SI 20250306 PS;SIMPLE_INSTRUMENT;EFS;EUR;90;116.97000000;3485;EXCHANGE_LAST;;1;1;XEUR;11286680;689;
19.02.2025;15:56:16.216;FGBM SI 20250306 PS;SIMPLE_INSTRUMENT;EFP_FIN;EUR;91;116.96000000;227;EXCHANGE_LAST;;1;1;XEUR;11286680;689;
19.02.2025;15:56:23.192;FGBM SI 20250306 PS;SIMPLE_INSTRUMENT;EFS;EUR;92;116.98000000;462;EXCHANGE_LAST;;1;1;XEUR;11286680;689;
19.02.2025;15:56:39.681;FGBM SI 20250306 PS;SIMPLE_INSTRUMENT;EFP_FIN;EUR;93;116.96000000;227;EXCHANGE_LAST;;1;1;XEUR;11286680;689;
19.02.2025;15:56:59.900;FGBM SI 20250306 PS;SIMPLE_INSTRUMENT;EFP_FIN;EUR;94;116.97000000;227;EXCHANGE_LAST;;1;1;XEUR;11286680;689;
19.02.2025;15:57:03.241;FGBM SI 20250306 PS;SIMPLE_INSTRUMENT;EFS;EUR;95;116.97000000;872;EXCHANGE_LAST;;1;1;XEUR;11286680;689;
19.02.2025;15:58:38.306;FGBM SI 20250306 PS;SIMPLE_INSTRUMENT;EFS;EUR;96;116.98000000;923;EXCHANGE_LAST;;1;1;XEUR;11286680;689;
19.02.2025;15:59:19.202;FGBM SI 20250306 PS;SIMPLE_INSTRUMENT;EFS;EUR;97;116.98000000;1303;EXCHANGE_LAST;;1;1;XEUR;11286680;689;
19.02.2025;15:59:19.687;FGBM SI 20250306 PS;SIMPLE_INSTRUMENT;EFS;EUR;98;116.97000000;923;EXCHANGE_LAST;;1;1;XEUR;11286680;689;
19.02.2025;15:59:56.547;FGBM SI 20250306 PS;SIMPLE_INSTRUMENT;EFS;EUR;99;116.97000000;923;EXCHANGE_LAST;;1;1;XEUR;11286680;689;
19.02.2025;16:00:42.398;FGBM SI 20250306 PS;SIMPLE_INSTRUMENT;EFS;EUR;100;116.98000000;923;EXCHANGE_LAST;;1;1;XEUR;11286680;689;
19.02.2025;16:03:33.516;FGBM SI 20250306 PS;SIMPLE_INSTRUMENT;EFS;EUR;101;116.97000000;924;EXCHANGE_LAST;;1;1;XEUR;11286680;689;
19.02.2025;16:08:48.727;FGBM SI 20250306 PS;SIMPLE_INSTRUMENT;EFS;EUR;102;116.98000000;1848;EXCHANGE_LAST;;1;1;XEUR;11286680;689;
19.02.2025;16:09:46.117;FGBM SI 20250306 PS;SIMPLE_INSTRUMENT;EFS;EUR;103;116.98000000;923;EXCHANGE_LAST;;1;1;XEUR;11286680;689;
19.02.2025;16:10:03.785;FGBM SI 20250306 PS;SIMPLE_INSTRUMENT;EFS;EUR;104;116.98000000;462;EXCHANGE_LAST;;1;1;XEUR;11286680;689;
19.02.2025;16:12:06.687;FGBM SI 20250306 PS;SIMPLE_INSTRUMENT;EFS;EUR;105;116.99000000;923;EXCHANGE_LAST;;1;1;XEUR;11286680;689;
19.02.2025;16:12:53.916;FGBM SI 20250306 PS;SIMPLE_INSTRUMENT;EFS;EUR;106;116.97000000;924;EXCHANGE_LAST;;1;1;XEUR;11286680;689;
19.02.2025;16:13:23.939;FGBM SI 20250306 PS;SIMPLE_INSTRUMENT;EFS;EUR;107;116.97000000;924;EXCHANGE_LAST;;1;1;XEUR;11286680;689;
19.02.2025;16:16:05.125;FGBM SI 20250306 PS;SIMPLE_INSTRUMENT;EFS;EUR;108;116.97000000;924;EXCHANGE_LAST;;1;1;XEUR;11286680;689;
19.02.2025;16:18:04.892;FGBM SI 20250306 PS;SIMPLE_INSTRUMENT;EFS;EUR;109;116.97000000;3974;EXCHANGE_LAST;;1;1;XEUR;11286680;689;
19.02.2025;16:20:05.266;FGBM SI 20250306 PS;SIMPLE_INSTRUMENT;EFS;EUR;110;116.97000000;924;EXCHANGE_LAST;;1;1;XEUR;11286680;689;
19.02.2025;16:20:10.270;FGBM SI 20250306 PS;SIMPLE_INSTRUMENT;EFS;EUR;111;117.02000000;924;EXCHANGE_LAST;;1;1;XEUR;11286680;689;
19.02.2025;16:20:45.300;FGBM SI 20250306 PS;SIMPLE_INSTRUMENT;EFS;EUR;112;117.02000000;462;EXCHANGE_LAST;;1;1;XEUR;11286680;689;
19.02.2025;16:21:45.345;FGBM SI 20250306 PS;SIMPLE_INSTRUMENT;EFS;EUR;113;117.00000000;924;EXCHANGE_LAST;;1;1;XEUR;11286680;689;
19.02.2025;16:22:00.408;FGBM SI 20250306 PS;SIMPLE_INSTRUMENT;EFS;EUR;114;117.00000000;462;EXCHANGE_LAST;;1;1;XEUR;11286680;689;
19.02.2025;16:26:29.942;FGBM SI 20250306 PS;SIMPLE_INSTRUMENT;EFP_FIN;EUR;115;116.97000000;455;EXCHANGE_LAST;;1;1;XEUR;11286680;689;
19.02.2025;16:26:46.446;FGBM SI 20250306 PS;SIMPLE_INSTRUMENT;EFP_FIN;EUR;116;116.97000000;227;EXCHANGE_LAST;;1;1;XEUR;11286680;689;
19.02.2025;16:27:45.781;FGBM SI 20250306 PS;SIMPLE_INSTRUMENT;EFS;EUR;117;116.97000000;596;EXCHANGE_LAST;;1;1;XEUR;11286680;689;
19.02.2025;16:37:02.153;FGBM SI 20250306 PS;SIMPLE_INSTRUMENT;EFS;EUR;118;116.95000000;1385;EXCHANGE_LAST;;1;1;XEUR;11286680;689;
19.02.2025;16:38:39.958;FGBM SI 20250306 PS;SIMPLE_INSTRUMENT;EFP_FIN;EUR;119;116.98000000;790;EXCHANGE_LAST;;1;1;XEUR;11286680;689;
19.02.2025;16:55:48.632;FGBM SI 20250306 PS;SIMPLE_INSTRUMENT;EFS;EUR;120;116.93000000;436;EXCHANGE_LAST;;1;1;XEUR;11286680;689;
19.02.2025;16:56:23.681;FGBM SI 20250306 PS;SIMPLE_INSTRUMENT;EFS;EUR;121;116.93000000;873;EXCHANGE_LAST;;1;1;XEUR;11286680;689;
19.02.2025;16:56:24.663;FGBM SI 20250306 PS;SIMPLE_INSTRUMENT;EFS;EUR;122;116.93000000;436;EXCHANGE_LAST;;1;1;XEUR;11286680;689;
19.02.2025;17:08:44.790;FGBM SI 20250306 PS;SIMPLE_INSTRUMENT;EFP_FIN;EUR;123;116.95000000;227;EXCHANGE_LAST;;1;1;XEUR;11286680;689;
19.02.2025;17:16:52.972;FGBM SI 20250306 PS;SIMPLE_INSTRUMENT;EFS;EUR;124;116.92000000;1385;EXCHANGE_LAST;;1;1;XEUR;11286680;689;
19.02.2025;17:20:21.128;FGBM SI 20250306 PS;SIMPLE_INSTRUMENT;EFS;EUR;125;116.92000000;462;EXCHANGE_LAST;;1;1;XEUR;11286680;689;
19.02.2025;17:32:36.947;FGBM SI 20250306 PS;SIMPLE_INSTRUMENT;EFS;EUR;126;116.92000000;924;EXCHANGE_LAST;;1;1;XEUR;11286680;689;
19.02.2025;08:46:57.053;FGBS SI 20250306 PS;SIMPLE_INSTRUMENT;EFS;EUR;1;106.72000000;2743;EXCHANGE_LAST;;1;1;XEUR;11286681;690;
19.02.2025;08:48:06.084;FGBS SI 20250306 PS;SIMPLE_INSTRUMENT;EFP_FIN;EUR;2;106.71000000;502;EXCHANGE_LAST;;1;1;XEUR;11286681;690;
19.02.2025;08:50:08.466;FGBS SI 20250306 PS;SIMPLE_INSTRUMENT;EFS;EUR;3;106.71000000;2743;EXCHANGE_LAST;;1;1;XEUR;11286681;690;
19.02.2025;08:50:25.081;FGBS SI 20250306 PS;SIMPLE_INSTRUMENT;EFS;EUR;4;106.72000000;2743;EXCHANGE_LAST;;1;1;XEUR;11286681;690;
19.02.2025;08:51:52.234;FGBS SI 20250306 PS;SIMPLE_INSTRUMENT;EFS;EUR;5;106.71500000;2743;EXCHANGE_LAST;;1;1;XEUR;11286681;690;
19.02.2025;08:53:02.753;FGBS SI 20250306 PS;SIMPLE_INSTRUMENT;EFS;EUR;6;106.72000000;2743;EXCHANGE_LAST;;1;1;XEUR;11286681;690;
19.02.2025;08:58:19.681;FGBS SI 20250306 PS;SIMPLE_INSTRUMENT;EFP_FIN;EUR;7;106.72000000;935;EXCHANGE_LAST;;1;1;XEUR;11286681;690;
19.02.2025;09:01:13.163;FGBS SI 20250306 PS;SIMPLE_INSTRUMENT;EFS;EUR;8;106.72000000;10505;EXCHANGE_LAST;;1;1;XEUR;11286681;690;
19.02.2025;09:04:11.174;FGBS SI 20250306 PS;SIMPLE_INSTRUMENT;EFS;EUR;9;106.71000000;5487;EXCHANGE_LAST;;1;1;XEUR;11286681;690;
19.02.2025;09:13:05.798;FGBS SI 20250306 PS;SIMPLE_INSTRUMENT;EFP_FIN;EUR;10;106.72500000;4260;EXCHANGE_LAST;;1;1;XEUR;11286681;690;
19.02.2025;09:24:11.157;FGBS SI 20250306 PS;SIMPLE_INSTRUMENT;EFS;EUR;11;106.72000000;1312;EXCHANGE_LAST;;1;1;XEUR;11286681;690;
19.02.2025;09:25:17.524;FGBS SI 20250306 PS;SIMPLE_INSTRUMENT;EFS;EUR;12;106.71500000;2743;EXCHANGE_LAST;;1;1;XEUR;11286681;690;
19.02.2025;09:32:09.824;FGBS SI 20250306 PS;SIMPLE_INSTRUMENT;EFS;EUR;13;106.71000000;2419;EXCHANGE_LAST;;1;1;XEUR;11286681;690;
19.02.2025;10:06:00.974;FGBS SI 20250306 PS;SIMPLE_INSTRUMENT;EFP_FIN;EUR;14;106.71000000;495;EXCHANGE_LAST;;1;1;XEUR;11286681;690;
19.02.2025;10:09:39.524;FGBS SI 20250306 PS;SIMPLE_INSTRUMENT;EFP_FIN;EUR;15;106.71000000;496;EXCHANGE_LAST;;1;1;XEUR;11286681;690;
19.02.2025;10:11:19.655;FGBS SI 20250306 PS;SIMPLE_INSTRUMENT;EFS;EUR;16;106.72000000;170;EXCHANGE_LAST;;1;1;XEUR;11286681;690;
19.02.2025;10:11:59.407;FGBS SI 20250306 PS;SIMPLE_INSTRUMENT;EFP_FIN;EUR;17;106.71000000;248;EXCHANGE_LAST;;1;1;XEUR;11286681;690;
19.02.2025;10:11:30.869;FGBS SI 20250306 PS;SIMPLE_INSTRUMENT;EFS;EUR;18;106.71500000;1743;EXCHANGE_LAST;;1;1;XEUR;11286681;690;
19.02.2025;10:14:32.983;FGBS SI 20250306 PS;SIMPLE_INSTRUMENT;EFS;EUR;19;106.72000000;1646;EXCHANGE_LAST;;1;1;XEUR;11286681;690;
19.02.2025;10:20:51.683;FGBS SI 20250306 PS;SIMPLE_INSTRUMENT;BLOCK;EUR;20;106.72000000;5250;EXCHANGE_LAST;;1;1;XEUR;11286681;690;
19.02.2025;10:20:36.877;FGBS SI 20250306 PS;SIMPLE_INSTRUMENT;EFS;EUR;21;106.71500000;1999;EXCHANGE_LAST;;1;1;XEUR;11286681;690;
19.02.2025;10:21:01.399;FGBS SI 20250306 PS;SIMPLE_INSTRUMENT;EFS;EUR;22;106.71500000;1317;EXCHANGE_LAST;;1;1;XEUR;11286681;690;
19.02.2025;10:23:34.863;FGBS SI 20250306 PS;SIMPLE_INSTRUMENT;EFS;EUR;23;106.71000000;5486;EXCHANGE_LAST;;1;1;XEUR;11286681;690;
19.02.2025;10:27:05.754;FGBS SI 20250306 PS;SIMPLE_INSTRUMENT;EFP_FIN;EUR;24;106.72000000;1403;EXCHANGE_LAST;;1;1;XEUR;11286681;690;
19.02.2025;10:33:21.523;FGBS SI 20250306 PS;SIMPLE_INSTRUMENT;EFP_FIN;EUR;25;106.71000000;314;EXCHANGE_LAST;;1;1;XEUR;11286681;690;
19.02.2025;10:36:04.904;FGBS SI 20250306 PS;SIMPLE_INSTRUMENT;EFS;EUR;26;106.72000000;3927;EXCHANGE_LAST;;1;1;XEUR;11286681;690;
19.02.2025;10:51:03.378;FGBS SI 20250306 PS;SIMPLE_INSTRUMENT;EFP_FIN;EUR;27;106.71500000;2338;EXCHANGE_LAST;;1;1;XEUR;11286681;690;
19.02.2025;11:05:21.591;FGBS SI 20250306 PS;SIMPLE_INSTRUMENT;EFP_FIN;EUR;28;106.71500000;2353;EXCHANGE_LAST;;1;1;XEUR;11286681;690;
19.02.2025;11:07:48.964;FGBS SI 20250306 PS;SIMPLE_INSTRUMENT;BLOCK;EUR;29;106.71500000;7013;EXCHANGE_LAST;;1;1;XEUR;11286681;690;
19.02.2025;11:12:36.326;FGBS SI 20250306 PS;SIMPLE_INSTRUMENT;EFS;EUR;30;106.71500000;2725;EXCHANGE_LAST;;1;1;XEUR;11286681;690;
19.02.2025;11:18:01.097;FGBS SI 20250306 PS;SIMPLE_INSTRUMENT;EFP_FIN;EUR;31;106.72000000;1403;EXCHANGE_LAST;;1;1;XEUR;11286681;690;
19.02.2025;11:21:43.362;FGBS SI 20250306 PS;SIMPLE_INSTRUMENT;EFS;EUR;32;106.65500000;7896;EXCHANGE_LAST;;1;1;XEUR;11286681;690;
19.02.2025;11:49:58.193;FGBS SI 20250306 PS;SIMPLE_INSTRUMENT;EFP_FIN;EUR;33;106.66500000;125;EXCHANGE_LAST;;1;1;XEUR;11286681;690;
19.02.2025;11:55:10.402;FGBS SI 20250306 PS;SIMPLE_INSTRUMENT;EFS;EUR;34;106.65500000;2623;EXCHANGE_LAST;;1;1;XEUR;11286681;690;
19.02.2025;12:52:49.968;FGBS SI 20250306 PS;SIMPLE_INSTRUMENT;EFP_FIN;EUR;35;106.66000000;374;EXCHANGE_LAST;;1;1;XEUR;11286681;690;
19.02.2025;12:58:36.862;FGBS SI 20250306 PS;SIMPLE_INSTRUMENT;EFS;EUR;36;106.65500000;2746;EXCHANGE_LAST;;1;1;XEUR;11286681;690;
19.02.2025;13:31:23.149;FGBS SI 20250306 PS;SIMPLE_INSTRUMENT;EFP_FIN;EUR;37;106.66000000;425;EXCHANGE_LAST;;1;1;XEUR;11286681;690;
19.02.2025;14:11:58.457;FGBS SI 20250306 PS;SIMPLE_INSTRUMENT;EFS;EUR;38;106.67000000;1311;EXCHANGE_LAST;;1;1;XEUR;11286681;690;
19.02.2025;14:13:49.362;FGBS SI 20250306 PS;SIMPLE_INSTRUMENT;EFS;EUR;39;106.65000000;3736;EXCHANGE_LAST;;1;1;XEUR;11286681;690;
19.02.2025;14:27:30.982;FGBS SI 20250306 PS;SIMPLE_INSTRUMENT;EFS;EUR;40;106.65000000;2746;EXCHANGE_LAST;;1;1;XEUR;11286681;690;
19.02.2025;14:44:58.453;FGBS SI 20250306 PS;SIMPLE_INSTRUMENT;EFS;EUR;41;106.64500000;2471;EXCHANGE_LAST;;1;1;XEUR;11286681;690;
19.02.2025;14:54:33.168;FGBS SI 20250306 PS;SIMPLE_INSTRUMENT;EFS;EUR;42;106.64000000;2746;EXCHANGE_LAST;;1;1;XEUR;11286681;690;
19.02.2025;15:57:15.375;FGBS SI 20250306 PS;SIMPLE_INSTRUMENT;EFP_FIN;EUR;43;106.67000000;371;EXCHANGE_LAST;;1;1;XEUR;11286681;690;
19.02.2025;16:15:19.278;FGBS SI 20250306 PS;SIMPLE_INSTRUMENT;EFP_FIN;EUR;44;106.66500000;1326;EXCHANGE_LAST;;1;1;XEUR;11286681;690;
19.02.2025;16:17:07.908;FGBS SI 20250306 PS;SIMPLE_INSTRUMENT;EFP_FIN;EUR;45;106.65500000;826;EXCHANGE_LAST;;1;1;XEUR;11286681;690;
19.02.2025;16:19:56.996;FGBS SI 20250306 PS;SIMPLE_INSTRUMENT;EFS;EUR;46;106.66500000;5490;EXCHANGE_LAST;;1;1;XEUR;11286681;690;
19.02.2025;16:26:22.776;FGBS SI 20250306 PS;SIMPLE_INSTRUMENT;EFS;EUR;47;106.66000000;1647;EXCHANGE_LAST;;1;1;XEUR;11286681;690;
19.02.2025;16:38:27.505;FGBS SI 20250306 PS;SIMPLE_INSTRUMENT;EFS;EUR;48;106.66500000;3151;EXCHANGE_LAST;;1;1;XEUR;11286681;690;
19.02.2025;16:38:39.979;FGBS SI 20250306 PS;SIMPLE_INSTRUMENT;EFP_FIN;EUR;49;106.66000000;429;EXCHANGE_LAST;;1;1;XEUR;11286681;690;
19.02.2025;16:49:37.683;FGBS SI 20250306 PS;SIMPLE_INSTRUMENT;EFP_FIN;EUR;50;106.66000000;371;EXCHANGE_LAST;;1;1;XEUR;11286681;690;
19.02.2025;16:51:00.437;FGBS SI 20250306 PS;SIMPLE_INSTRUMENT;EFP_FIN;EUR;51;106.66000000;467;EXCHANGE_LAST;;1;1;XEUR;11286681;690;
19.02.2025;16:57:20.634;FGBS SI 20250306 PS;SIMPLE_INSTRUMENT;EFS;EUR;52;106.65500000;2636;EXCHANGE_LAST;;1;1;XEUR;11286681;690;
19.02.2025;17:04:33.893;FGBS SI 20250306 PS;SIMPLE_INSTRUMENT;EFS;EUR;53;106.65500000;2746;EXCHANGE_LAST;;1;1;XEUR;11286681;690;
19.02.2025;17:08:20.421;FGBS SI 20250306 PS;SIMPLE_INSTRUMENT;EFS;EUR;54;106.65000000;2746;EXCHANGE_LAST;;1;1;XEUR;11286681;690;
19.02.2025;08:37:17.021;FGBX SI 20250306 PS;SIMPLE_INSTRUMENT;EFS;EUR;1;127.36000000;96;EXCHANGE_LAST;;1;1;XEUR;11286682;691;
19.02.2025;08:36:48.514;FGBX SI 20250306 PS;SIMPLE_INSTRUMENT;EFS;EUR;2;127.38000000;276;EXCHANGE_LAST;;1;1;XEUR;11286682;691;
19.02.2025;08:41:52.684;FGBX SI 20250306 PS;SIMPLE_INSTRUMENT;BLOCK;EUR;3;127.26000000;148;EXCHANGE_LAST;;1;1;XEUR;11286682;691;
19.02.2025;08:44:43.543;FGBX SI 20250306 PS;SIMPLE_INSTRUMENT;BLOCK;EUR;4;127.22000000;386;EXCHANGE_LAST;;1;1;XEUR;11286682;691;
19.02.2025;09:12:31.488;FGBX SI 20250306 PS;SIMPLE_INSTRUMENT;EFS;EUR;5;127.36000000;97;EXCHANGE_LAST;;1;1;XEUR;11286682;691;
19.02.2025;09:21:04.532;FGBX SI 20250306 PS;SIMPLE_INSTRUMENT;EFP_FIN;EUR;6;127.04000000;186;EXCHANGE_LAST;;1;1;XEUR;11286682;691;
19.02.2025;09:38:47.071;FGBX SI 20250306 PS;SIMPLE_INSTRUMENT;EFS;EUR;9;127.04000000;33;EXCHANGE_LAST;;1;1;XEUR;11286682;691;
19.02.2025;09:38:47.137;FGBX SI 20250306 PS;SIMPLE_INSTRUMENT;EFP_FIN;EUR;10;127.20000000;371;EXCHANGE_LAST;;1;1;XEUR;11286682;691;
19.02.2025;09:53:03.604;FGBX SI 20250306 PS;SIMPLE_INSTRUMENT;EFS;EUR;11;127.14000000;185;EXCHANGE_LAST;;1;1;XEUR;11286682;691;
19.02.2025;10:05:44.602;FGBX SI 20250606 PS;SIMPLE_INSTRUMENT;BLOCK;EUR;12;126.90000000;100;EXCHANGE_LAST;;1;1;XEUR;11820392;691;
19.02.2025;10:05:52.990;FGBX SI 20250606 PS;SIMPLE_INSTRUMENT;BLOCK;EUR;13;126.92000000;100;EXCHANGE_LAST;;1;1;XEUR;11820392;691;
19.02.2025;10:39:20.172;FGBX SI 20250306 PS;SIMPLE_INSTRUMENT;EFP_FIN;EUR;14;127.26000000;192;EXCHANGE_LAST;;1;1;XEUR;11286682;691;
19.02.2025;10:48:50.764;FGBX SI 20250306 PS;SIMPLE_INSTRUMENT;EFS;EUR;15;127.24000000;925;EXCHANGE_LAST;;1;1;XEUR;11286682;691;
19.02.2025;11:09:54.326;FGBX SI 20250306 PS;SIMPLE_INSTRUMENT;EFS;EUR;16;127.10000000;927;EXCHANGE_LAST;;1;1;XEUR;11286682;691;
19.02.2025;11:14:49.526;FGBX SI 20250306 PS;SIMPLE_INSTRUMENT;EFS;EUR;17;126.98000000;185;EXCHANGE_LAST;;1;1;XEUR;11286682;691;
19.02.2025;11:22:04.832;FGBX SI 20250306 PS;SIMPLE_INSTRUMENT;EFS;EUR;18;127.00000000;20;EXCHANGE_LAST;;1;1;XEUR;11286682;691;
19.02.2025;11:26:48.593;FGBX SI 20250306 PS;SIMPLE_INSTRUMENT;EFS;EUR;19;127.12000000;75;EXCHANGE_LAST;;1;1;XEUR;11286682;691;
19.02.2025;11:35:51.143;FGBX SI 20250306 PS;SIMPLE_INSTRUMENT;BLOCK;EUR;20;126.96000000;194;EXCHANGE_LAST;;1;1;XEUR;11286682;691;
19.02.2025;11:39:21.604;FGBX SI 20250306 PS;SIMPLE_INSTRUMENT;EFS;EUR;21;126.96000000;97;EXCHANGE_LAST;;1;1;XEUR;11286682;691;
19.02.2025;11:47:31.476;FGBX SI 20250306 PS;SIMPLE_INSTRUMENT;EFS;EUR;22;126.92000000;186;EXCHANGE_LAST;;1;1;XEUR;11286682;691;
19.02.2025;11:54:05.073;FGBX SI 20250306 PS;SIMPLE_INSTRUMENT;EFS;EUR;23;126.90000000;194;EXCHANGE_LAST;;1;1;XEUR;11286682;691;
19.02.2025;11:59:59.470;FGBX SI 20250306 PS;SIMPLE_INSTRUMENT;EFS;EUR;24;126.84000000;194;EXCHANGE_LAST;;1;1;XEUR;11286682;691;
19.02.2025;13:32:26.739;FGBX SI 20250306 PS;SIMPLE_INSTRUMENT;EFS;EUR;28;126.84000000;294;EXCHANGE_LAST;;1;1;XEUR;11286682;691;
19.02.2025;13:44:04.151;FGBX SI 20250306 PS;SIMPLE_INSTRUMENT;EFS;EUR;30;126.82000000;96;EXCHANGE_LAST;;1;1;XEUR;11286682;691;
19.02.2025;13:46:19.274;FGBX SI 20250306 PS;SIMPLE_INSTRUMENT;BLOCK;EUR;31;126.84000000;186;EXCHANGE_LAST;;1;1;XEUR;11286682;691;
19.02.2025;14:05:00.332;FGBX SI 20250306 PS;SIMPLE_INSTRUMENT;EFS;EUR;32;126.78000000;558;EXCHANGE_LAST;;1;1;XEUR;11286682;691;
19.02.2025;14:20:46.105;FGBX SI 20250306 PS;SIMPLE_INSTRUMENT;BLOCK;EUR;37;126.76000000;167;EXCHANGE_LAST;;1;1;XEUR;11286682;691;
19.02.2025;15:32:45.267;FGBX SI 20250306 PS;SIMPLE_INSTRUMENT;EFP_FIN;EUR;41;126.98000000;371;EXCHANGE_LAST;;1;1;XEUR;11286682;691;
19.02.2025;15:34:05.077;FGBX SI 20250306 PS;SIMPLE_INSTRUMENT;EFP_FIN;EUR;42;126.98000000;223;EXCHANGE_LAST;;1;1;XEUR;11286682;691;
19.02.2025;16:06:13.442;FGBX SI 20250306 PS;SIMPLE_INSTRUMENT;EFS;EUR;45;126.94000000;37;EXCHANGE_LAST;;1;1;XEUR;11286682;691;
19.02.2025;16:06:57.423;FGBX SI 20250306 PS;SIMPLE_INSTRUMENT;EFS;EUR;46;127.02000000;186;EXCHANGE_LAST;;1;1;XEUR;11286682;691;
19.02.2025;16:29:00.133;FGBX SI 20250306 PS;SIMPLE_INSTRUMENT;EFP_FIN;EUR;48;126.86000000;60;EXCHANGE_LAST;;1;1;XEUR;11286682;691;
19.02.2025;16:34:21.275;FGBX SI 20250606 PS;SIMPLE_INSTRUMENT;EFP_FIN;EUR;50;126.92000000;172;EXCHANGE_LAST;;1;1;XEUR;11820392;691;
19.02.2025;17:03:26.019;FGBX SI 20250306 PS;SIMPLE_INSTRUMENT;EFS;EUR;51;126.56000000;186;EXCHANGE_LAST;;1;1;XEUR;11286682;691;
19.02.2025;17:07:26.361;FGBX SI 20250306 PS;SIMPLE_INSTRUMENT;EFS;EUR;52;126.58000000;97;EXCHANGE_LAST;;1;1;XEUR;11286682;691;
19.02.2025;17:12:13.306;FGBX SI 20250306 PS;SIMPLE_INSTRUMENT;EFS;EUR;53;126.56000000;186;EXCHANGE_LAST;;1;1;XEUR;11286682;691;
19.02.2025;17:55:46.002;FGBX SI 20250306 PS;SIMPLE_INSTRUMENT;BLOCK;EUR;59;126.42000000;1400;EXCHANGE_LAST;;1;1;XEUR;11286682;691;
19.02.2025;07:48:41.621;FMAE SI 20250321 CS;SIMPLE_INSTRUMENT;BLOCK;EUR;18;433.20600000;1093;EXCHANGE_LAST;;1;1;XEUR;7590772;48921;
19.02.2025;08:36:08.888;FMAE SI 20250321 CS;SIMPLE_INSTRUMENT;EFP_IDX;EUR;31;433.17900000;500;EXCHANGE_LAST;;1;1;XEUR;7590772;48921;
19.02.2025;06:36:56.132;FMAS SI 20250321 CS;SIMPLE_INSTRUMENT;BLOCK;USD;9;647.19000000;2082;EXCHANGE_LAST;;1;1;XEUR;7589709;7061;
19.02.2025;08:10:36.227;FMAS SI 20250321 CS;SIMPLE_INSTRUMENT;BLOCK;USD;25;645.00000000;298;EXCHANGE_LAST;;1;1;XEUR;7589709;7061;
19.02.2025;03:06:11.713;FMCH SI 20250321 CS;SIMPLE_INSTRUMENT;BLOCK;USD;7;584.70000000;59;EXCHANGE_LAST;;1;1;XEUR;7592069;402909;
19.02.2025;02:01:29.118;FMEA SI 20250321 CS;SIMPLE_INSTRUMENT;BLOCK;USD;4;721.55800000;155;EXCHANGE_LAST;;1;1;XEUR;7589834;12395;
19.02.2025;07:43:58.660;FMEE SI 20250321 CS;SIMPLE_INSTRUMENT;BLOCK;USD;15;336.10600000;50;EXCHANGE_LAST;;1;1;XEUR;7589846;12396;
19.02.2025;08:39:25.729;FMEE SI 20250321 CS;SIMPLE_INSTRUMENT;BLOCK;USD;32;336.03900000;450;EXCHANGE_LAST;;1;1;XEUR;7589846;12396;
19.02.2025;08:42:14.091;FMEE SI 20250321 CS;SIMPLE_INSTRUMENT;BLOCK;USD;33;336.03900000;1002;EXCHANGE_LAST;;1;1;XEUR;7589846;12396;
19.02.2025;09:02:02.667;FMEE SI 20250321 CS;SIMPLE_INSTRUMENT;BLOCK;USD;34;336.03900000;250;EXCHANGE_LAST;;1;1;XEUR;7589846;12396;
19.02.2025;09:38:10.334;FMEE SI 20250321 CS;SIMPLE_INSTRUMENT;BLOCK;USD;38;336.03900000;300;EXCHANGE_LAST;;1;1;XEUR;7589846;12396;
19.02.2025;08:12:00.631;FMEL SI 20250321 CS;SIMPLE_INSTRUMENT;BLOCK;USD;28;545.16500000;178;EXCHANGE_LAST;;1;1;XEUR;7589856;12397;
19.02.2025;09:10:22.306;FMEL SI 20250321 CS;SIMPLE_INSTRUMENT;BLOCK;USD;35;545.02900000;33;EXCHANGE_LAST;;1;1;XEUR;7589856;12397;
19.02.2025;09:13:17.290;FMEL SI 20250321 CS;SIMPLE_INSTRUMENT;BLOCK;USD;36;545.16500000;92;EXCHANGE_LAST;;1;1;XEUR;7589856;12397;
19.02.2025;09:13:10.785;FMEL SI 20250321 CS;SIMPLE_INSTRUMENT;BLOCK;USD;37;545.16500000;185;EXCHANGE_LAST;;1;1;XEUR;7589856;12397;
19.02.2025;09:41:07.485;FMEL SI 20250321 CS;SIMPLE_INSTRUMENT;BLOCK;USD;39;545.16500000;50;EXCHANGE_LAST;;1;1;XEUR;7589856;12397;
19.02.2025;08:00:11.873;FMEN SI 20250321 CS;SIMPLE_INSTRUMENT;EFP_IDX;EUR;24;547.71500000;25;EXCHANGE_LAST;;1;1;XEUR;7590212;30652;
19.02.2025;07:54:23.808;FMES SI 20250321 CS;SIMPLE_INSTRUMENT;BLOCK;EUR;23;594.27000000;11;EXCHANGE_LAST;;1;1;XEUR;7591454;221291;
19.02.2025;08:11:37.387;FMGC SI 20250321 CS;SIMPLE_INSTRUMENT;BLOCK;USD;27;13325.36000000;18;EXCHANGE_LAST;;1;1;XEUR;7590767;48916;
