#Date;TrdTime;Contract;ContractType;TrdTyp;Currency;TesId;Prc;Qty;TrdInd;Aggressor;Buy;Sell;Exch;InstrumentId;RelatedProdId;PrcDecomp
13.06.2025;10:05:48.393;6CMF SI 20250620 CS;SIMPLE_INSTRUMENT;BLOCK;GBX;56;3073.00000000;7;EXCHANGE_LAST;;1;1;XEUR;11189997;1794;
13.06.2025;10:06:08.597;6CMF SI 20250919 CS;SIMPLE_INSTRUMENT;BLOCK;GBX;57;3048.00000000;7;EXCHANGE_LAST;;1;1;XEUR;11720318;1794;
13.06.2025;09:54:17.080;7PIF SI 20250918 CS;SIMPLE_INSTRUMENT;BLOCK;EUR;42;17.94160000;2000;EXCHANGE_LAST;;1;1;XEUR;11692904;48299;
13.06.2025;10:08:02.709;7PIF SI 20250918 CS;SIMPLE_INSTRUMENT;BLOCK;EUR;53;17.93020000;2000;EXCHANGE_LAST;;1;1;XEUR;11692904;48299;
13.06.2025;10:27:49.389;ABBN SI 20250718 PS AM P 45.00 0;SIMPLE_INSTRUMENT;BLOCK;CHF;32;0.66000000;2000;EXCHANGE_LAST;;1;1;XEUR;13277955;574517;
13.06.2025;12:15:44.447;ABBN FI 20250709 CS EU C 50.0600 0;FLEXIBLE_INSTRUMENT;BLOCK;CHF;54;0.43000000;1000;EXCHANGE_LAST;;1;1;XEUR;1155389036332855050;574517;
13.06.2025;08:51:23.134;ADEN FI 20250709 CS EU C 24.9000 0;FLEXIBLE_INSTRUMENT;BLOCK;CHF;17;0.34000000;1000;EXCHANGE_LAST;;1;1;XEUR;1152921693585424017;44;
13.06.2025;13:52:08.773;ADEN FI 20250702 CS EU C 24.7100 0;FLEXIBLE_INSTRUMENT;BLOCK;CHF;87;0.26000000;1500;EXCHANGE_LAST;;1;1;XEUR;1152921693585424018;44;
13.06.2025;09:01:46.702;ADS.O.250613.BULBR.000004;STANDARD_OPTION_STRATEGY;BLOCK;EUR;6;0.38000000;350;EXCHANGE_LAST;;1;1;XEUR;72057808786333961;50;
13.06.2025;09:01:46.702;ADS SI 20250815 PS AM C 220.00 0;SIMPLE_INSTRUMENT;BLOCK;EUR;6;3.58000000;350;PRC_DECOMP_MEMBER;;;;XEUR;13403194;50;MEMBER
13.06.2025;09:01:46.702;ADS SI 20250815 PS AM C 210.00 0;SIMPLE_INSTRUMENT;BLOCK;EUR;6;6.47000000;350;PRC_DECOMP_MEMBER;;;;XEUR;13403186;50;MEMBER
13.06.2025;09:01:46.702;ADS SI 20250815 PS AM P 180.00 0;SIMPLE_INSTRUMENT;BLOCK;EUR;6;3.52000000;350;PRC_DECOMP_MEMBER;;;;XEUR;13403354;50;MEMBER
13.06.2025;09:01:46.702;ADS SI 20250815 PS AM P 190.00 0;SIMPLE_INSTRUMENT;BLOCK;EUR;6;6.03000000;350;PRC_DECOMP_MEMBER;;;;XEUR;13403168;50;MEMBER
13.06.2025;14:42:03.752;ADY SI 20250718 PS AM P 1480.00 0;SIMPLE_INSTRUMENT;BLOCK;EUR;13;20.50000000;300;EXCHANGE_LAST;;1;1;XEUR;13266225;76315;
13.06.2025;11:26:03.135;AGG.O.250613.STG.000001;STANDARD_OPTION_STRATEGY;BLOCK;EUR;18;5.18000000;3000;EXCHANGE_LAST;;1;1;XEUR;73584171443816586;355434;
13.06.2025;11:26:03.135;AGG SI 20251219 PS AM P 19.00 0;SIMPLE_INSTRUMENT;BLOCK;EUR;18;1.92000000;3000;PRC_DECOMP_EXCHANGE;;;;XEUR;12486712;355434;EXCHANGE
13.06.2025;11:26:03.135;AGG SI 20251219 PS AM C 24.00 0;SIMPLE_INSTRUMENT;BLOCK;EUR;18;3.26000000;3000;PRC_DECOMP_EXCHANGE;;;;XEUR;6499086;355434;EXCHANGE
13.06.2025;09:52:20.521;AIR SI 20260320 PS AM P 170.00 0;SIMPLE_INSTRUMENT;BLOCK;EUR;7;6.53000000;500;EXCHANGE_LAST;;1;1;XEUR;12995157;64;
13.06.2025;08:20:39.754;ALC FI 20250709 CS EU C 74.2000 0;FLEXIBLE_INSTRUMENT;BLOCK;CHF;7;0.73000000;700;EXCHANGE_LAST;;1;1;XEUR;1153480425880957667;130134;
13.06.2025;12:22:56.447;ALC.O.250613.STD.000001;STANDARD_OPTION_STRATEGY;BLOCK;CHF;58;12.12000000;500;EXCHANGE_LAST;;1;1;XEUR;72616515312041083;130134;
13.06.2025;12:22:56.447;ALC SI 20260320 PS AM C 68.00 0;SIMPLE_INSTRUMENT;BLOCK;CHF;58;8.00000000;500;PRC_DECOMP_EXCHANGE;;;;XEUR;13038317;130134;EXCHANGE
13.06.2025;12:22:56.447;ALC SI 20260320 PS AM P 68.00 0;SIMPLE_INSTRUMENT;BLOCK;CHF;58;4.12000000;500;PRC_DECOMP_EXCHANGE;;;;XEUR;13038316;130134;EXCHANGE
13.06.2025;13:33:51.545;ALC FI 20250702 CS EU C 74.2100 0;FLEXIBLE_INSTRUMENT;BLOCK;CHF;75;0.34000000;750;EXCHANGE_LAST;;1;1;XEUR;1153480425880957668;130134;
13.06.2025;09:48:44.275;ALV.O.250613.STD.000018;STANDARD_OPTION_STRATEGY;BLOCK;EUR;1;60.90000000;400;EXCHANGE_LAST;;1;1;XEUR;72057911865572078;74;
13.06.2025;09:48:44.275;ALV SI 20260619 PS AM C 320.00 0;SIMPLE_INSTRUMENT;BLOCK;EUR;1;40.60000000;400;PRC_DECOMP_MEMBER;;;;XEUR;9537494;74;MEMBER
13.06.2025;09:48:44.275;ALV SI 20260619 PS AM P 320.00 0;SIMPLE_INSTRUMENT;BLOCK;EUR;1;20.30000000;400;PRC_DECOMP_MEMBER;;;;XEUR;9537496;74;MEMBER
13.06.2025;10:58:29.477;ALVG SI 20250919 CS;SIMPLE_INSTRUMENT;BLOCK;EUR;84;340.81130000;129;EXCHANGE_LAST;;1;1;XEUR;11698574;85;
13.06.2025;10:58:12.566;ALVG SI 20250620 CS;SIMPLE_INSTRUMENT;BLOCK;EUR;85;338.80000000;129;EXCHANGE_LAST;;1;1;XEUR;11168195;85;
13.06.2025;07:52:34.353;AMUF SI 20250620 CS;SIMPLE_INSTRUMENT;BLOCK;EUR;5;66.52530000;1100;EXCHANGE_LAST;;1;1;XEUR;11198979;128158;
13.06.2025;10:10:36.698;ANTH.S.JUN25.SEP25.SPD;FUTURES_SPREAD;BLOCK;GBX;64;-5.78380000;17;EXCHANGE_LAST;;1;1;XEUR;72057976290017430;89;
13.06.2025;10:10:36.698;ANTH SI 20250919 CS;SIMPLE_INSTRUMENT;BLOCK;GBX;64;1784.78380000;17;PRC_DECOMP_MEMBER;;;;XEUR;11698652;89;MEMBER
13.06.2025;10:10:36.698;ANTH SI 20250620 CS;SIMPLE_INSTRUMENT;BLOCK;GBX;64;1779.00000000;17;PRC_DECOMP_MEMBER;;;;XEUR;11168256;89;MEMBER
13.06.2025;09:57:42.723;AOM.O.250613.STD.000002;STANDARD_OPTION_STRATEGY;BLOCK;EUR;8;9.00000000;750;EXCHANGE_LAST;;1;1;XEUR;72057971995060577;88;
13.06.2025;09:57:42.723;AOM SI 20271217 PS AM C 20.00 0;SIMPLE_INSTRUMENT;BLOCK;EUR;8;4.28000000;750;PRC_DECOMP_EXCHANGE;;;;XEUR;11249334;88;EXCHANGE
13.06.2025;09:57:42.723;AOM SI 20271217 PS AM P 20.00 0;SIMPLE_INSTRUMENT;BLOCK;EUR;8;4.72000000;750;PRC_DECOMP_EXCHANGE;;;;XEUR;11249333;88;EXCHANGE
13.06.2025;12:33:55.862;AOM.O.250613.STD.000002;STANDARD_OPTION_STRATEGY;BLOCK;EUR;22;9.00000000;200;EXCHANGE_LAST;;1;1;XEUR;72057971995060577;88;
13.06.2025;12:33:55.862;AOM SI 20271217 PS AM C 20.00 0;SIMPLE_INSTRUMENT;BLOCK;EUR;22;4.28000000;200;PRC_DECOMP_MEMBER;;;;XEUR;11249334;88;MEMBER
13.06.2025;12:33:55.862;AOM SI 20271217 PS AM P 20.00 0;SIMPLE_INSTRUMENT;BLOCK;EUR;22;4.72000000;200;PRC_DECOMP_MEMBER;;;;XEUR;11249333;88;MEMBER
13.06.2025;14:37:29.402;ASG5 SI 20251218 PS AM P 28.00 0;SIMPLE_INSTRUMENT;BLOCK;EUR;12;0.98500000;2500;EXCHANGE_LAST;;1;1;XEUR;6267905;109;
13.06.2025;10:15:28.750;ASM SI 20251219 PS AM C 680.00 0;SIMPLE_INSTRUMENT;BLOCK;EUR;5;66.80000000;150;EXCHANGE_LAST;;1;1;XEUR;12432516;107;
13.06.2025;09:27:10.188;ASMH SI 20250620 CS;SIMPLE_INSTRUMENT;BLOCK;EUR;27;664.70000000;281;EXCHANGE_LAST;;1;1;XEUR;11191365;3979;
13.06.2025;09:27:29.165;ASMH SI 20250919 CS;SIMPLE_INSTRUMENT;BLOCK;EUR;28;668.00000000;281;EXCHANGE_LAST;;1;1;XEUR;11721731;3979;
13.06.2025;14:51:02.788;AXA SI 20260320 PS AM P 38.00 0;SIMPLE_INSTRUMENT;BLOCK;EUR;35;1.61000000;2000;EXCHANGE_LAST;;1;1;XEUR;12996510;127;
13.06.2025;11:23:27.956;AXNF.S.JUN25.SEP25.SPD;FUTURES_SPREAD;BLOCK;EUR;100;-0.10000000;97;EXCHANGE_LAST;;1;1;XEUR;72198971476410506;32917;
13.06.2025;11:23:27.956;AXNF SI 20250619 CS;SIMPLE_INSTRUMENT;BLOCK;EUR;100;20.86000000;97;PRC_DECOMP_MEMBER;;;;XEUR;11163693;32917;MEMBER
13.06.2025;11:23:27.956;AXNF SI 20250918 CS;SIMPLE_INSTRUMENT;BLOCK;EUR;100;20.96000000;97;PRC_DECOMP_MEMBER;;;;XEUR;11692692;32917;MEMBER
13.06.2025;10:00:08.130;AZNF SI 20250620 CS;SIMPLE_INSTRUMENT;BLOCK;GBX;50;10924.00000000;9;EXCHANGE_LAST;;1;1;XEUR;11168961;137;
13.06.2025;10:00:39.097;AZNF SI 20250919 CS;SIMPLE_INSTRUMENT;BLOCK;GBX;51;10974.00000000;9;EXCHANGE_LAST;;1;1;XEUR;11699265;137;
13.06.2025;11:22:47.858;BAS SI 20250620 PS AM P 42.00 0;SIMPLE_INSTRUMENT;BLOCK;EUR;3;0.82000000;500;EXCHANGE_LAST;;1;1;XEUR;11350808;150;
13.06.2025;12:59:47.528;BAS.O.250613.BRT.000023;STANDARD_OPTION_STRATEGY;BLOCK;EUR;4;1.36000000;750;EXCHANGE_LAST;;1;1;XEUR;72058238283094836;150;
13.06.2025;12:59:47.528;BAS SI 20250620 PS AM P 40.00 0;SIMPLE_INSTRUMENT;BLOCK;EUR;4;0.12000000;750;PRC_DECOMP_EXCHANGE;;;;XEUR;7899120;150;EXCHANGE
13.06.2025;12:59:47.528;BAS SI 20250919 PS AM P 40.00 0;SIMPLE_INSTRUMENT;BLOCK;EUR;4;1.48000000;750;PRC_DECOMP_EXCHANGE;;;;XEUR;11872860;150;EXCHANGE
13.06.2025;09:43:49.310;BASG SI 20250620 CS;SIMPLE_INSTRUMENT;BLOCK;EUR;38;41.79000000;10000;EXCHANGE_LAST;;1;1;XEUR;11169531;171;
13.06.2025;11:20:22.951;BASG SI 20250620 CS;SIMPLE_INSTRUMENT;BLOCK;EUR;102;42.06500000;8500;EXCHANGE_LAST;;1;1;XEUR;11169531;171;
13.06.2025;07:51:33.242;BAY SI 20250718 PS AM C 29.00 0;SIMPLE_INSTRUMENT;BLOCK;EUR;1;1.17000000;3000;EXCHANGE_LAST;;1;1;XEUR;13343367;168;
13.06.2025;08:00:18.180;BAY SI 20250718 PS AM C 29.00 0;SIMPLE_INSTRUMENT;BLOCK;EUR;2;1.17000000;2000;EXCHANGE_LAST;;1;1;XEUR;13343367;168;
13.06.2025;13:01:31.699;BAY SI 20260619 PS AM P 30.00 0;SIMPLE_INSTRUMENT;BLOCK;EUR;5;6.10000000;1000;EXCHANGE_LAST;;1;1;XEUR;10804254;168;
13.06.2025;10:57:40.264;BBVG.S.JUN25.SEP25.SPD;FUTURES_SPREAD;BLOCK;EUR;88;-0.07800000;3773;EXCHANGE_LAST;;1;1;XEUR;72058294117597352;163;
13.06.2025;10:57:40.264;BBVG SI 20250620 CS;SIMPLE_INSTRUMENT;BLOCK;EUR;88;12.99500000;3773;PRC_DECOMP_MEMBER;;;;XEUR;11169418;163;MEMBER
13.06.2025;10:57:40.264;BBVG SI 20250919 CS;SIMPLE_INSTRUMENT;BLOCK;EUR;88;13.07300000;3773;PRC_DECOMP_MEMBER;;;;XEUR;11699819;163;MEMBER
13.06.2025;09:58:03.520;BEAF SI 20250620 CS;SIMPLE_INSTRUMENT;BLOCK;CHF;47;793.50000000;61;EXCHANGE_LAST;;1;1;XEUR;11200147;174735;
13.06.2025;09:58:30.726;BEAF SI 20250919 CS;SIMPLE_INSTRUMENT;BLOCK;CHF;49;792.10000000;61;EXCHANGE_LAST;;1;1;XEUR;11730819;174735;
13.06.2025;09:36:18.326;BEIG SI 20250620 CS;SIMPLE_INSTRUMENT;BLOCK;EUR;32;116.00000000;335;EXCHANGE_LAST;;1;1;XEUR;11169642;177;
13.06.2025;09:36:34.109;BEIG SI 20250919 CS;SIMPLE_INSTRUMENT;BLOCK;EUR;33;116.30000000;335;EXCHANGE_LAST;;1;1;XEUR;11699889;177;
13.06.2025;15:33:01.624;BMW SI 20250620 PS AM P 76.00 0;SIMPLE_INSTRUMENT;BLOCK;EUR;19;1.71000000;650;EXCHANGE_LAST;;1;1;XEUR;7899903;210;
13.06.2025;14:39:04.577;BOSF SI 20250620 CS;SIMPLE_INSTRUMENT;BLOCK;EUR;161;38.10000000;7000;EXCHANGE_LAST;;1;1;XEUR;11170511;231;
13.06.2025;14:39:10.079;BOSF SI 20250919 CS;SIMPLE_INSTRUMENT;BLOCK;EUR;162;38.32250000;7000;EXCHANGE_LAST;;1;1;XEUR;11700907;231;
13.06.2025;09:38:34.457;BSN SI 20260320 PS AM P 68.00 0;SIMPLE_INSTRUMENT;BLOCK;EUR;5;2.29000000;1200;EXCHANGE_LAST;;1;1;XEUR;12999243;241;
13.06.2025;15:32:32.461;C2BK SI 20250919 CS;SIMPLE_INSTRUMENT;BLOCK;EUR;179;0.65000000;808;EXCHANGE_LAST;;1;1;XEUR;12178566;949832;
13.06.2025;10:15:31.686;C4RI SI 20251219 CS;SIMPLE_INSTRUMENT;BLOCK;EUR;65;2.86000000;250;EXCHANGE_LAST;;1;1;XEUR;5914459;50862;
13.06.2025;10:52:07.203;C4RI SI 20251219 CS;SIMPLE_INSTRUMENT;BLOCK;EUR;86;2.86000000;777;EXCHANGE_LAST;;1;1;XEUR;5914459;50862;
13.06.2025;13:18:38.282;CAR SI 20260619 PS AM P 11.01 1;SIMPLE_INSTRUMENT;BLOCK;EUR;27;0.53000000;2000;EXCHANGE_LAST;;1;1;XEUR;12961393;265;
13.06.2025;13:21:02.772;CARG SI 20250620 CS;SIMPLE_INSTRUMENT;BLOCK;EUR;141;12.65000000;1881;EXCHANGE_LAST;;1;1;XEUR;11171232;271;
13.06.2025;13:21:10.773;CARG SI 20250919 CS;SIMPLE_INSTRUMENT;BLOCK;EUR;142;12.71400000;1881;EXCHANGE_LAST;;1;1;XEUR;11701619;271;
13.06.2025;08:19:17.358;CBK FI 20270618 CS EU C 18.0000 0;FLEXIBLE_INSTRUMENT;BLOCK;EUR;2;11.62000000;3000;EXCHANGE_LAST;;1;1;XEUR;1152922655658097424;268;
13.06.2025;08:22:07.538;CBK FI 20270618 CS EU P 18.0000 0;FLEXIBLE_INSTRUMENT;BLOCK;EUR;3;2.80000000;13800;EXCHANGE_LAST;;1;1;XEUR;1152922655658097423;268;
13.06.2025;08:58:52.049;CBK SI 20250919 PS AM P 22.00 0;SIMPLE_INSTRUMENT;BLOCK;EUR;5;0.56000000;7000;EXCHANGE_LAST;;1;1;XEUR;11875767;268;
13.06.2025;10:56:40.252;CBK SI 20261218 PS AM P 20.00 0;SIMPLE_INSTRUMENT;BLOCK;EUR;14;2.47000000;25000;EXCHANGE_LAST;;2;3;XEUR;9040227;268;
13.06.2025;14:37:19.459;CBK SI 20260619 PS AM P 20.00 0;SIMPLE_INSTRUMENT;BLOCK;EUR;16;1.58000000;1300;EXCHANGE_LAST;;1;1;XEUR;9666940;268;
13.06.2025;15:13:31.351;CBKH.S.JUN25.SEP25.SPD;FUTURES_SPREAD;BLOCK;EUR;173;-0.13000000;19500;EXCHANGE_LAST;;1;2;XEUR;72102218748134601;10390;
13.06.2025;15:13:31.351;CBKH SI 20250919 CS;SIMPLE_INSTRUMENT;BLOCK;EUR;173;28.17680000;19500;PRC_DECOMP_EXCHANGE;;;;XEUR;11722374;10390;EXCHANGE
13.06.2025;15:13:31.351;CBKH SI 20250620 CS;SIMPLE_INSTRUMENT;BLOCK;EUR;173;28.04680000;19500;PRC_DECOMP_EXCHANGE;;;;XEUR;11192082;10390;EXCHANGE
13.06.2025;15:16:16.917;CBKH.S.JUN25.SEP25.SPD;FUTURES_SPREAD;BLOCK;EUR;175;-0.12000000;5000;EXCHANGE_LAST;;1;1;XEUR;72102218748134601;10390;
13.06.2025;15:16:16.917;CBKH SI 20250919 CS;SIMPLE_INSTRUMENT;BLOCK;EUR;175;28.17180000;5000;PRC_DECOMP_EXCHANGE;;;;XEUR;11722374;10390;EXCHANGE
13.06.2025;15:16:16.917;CBKH SI 20250620 CS;SIMPLE_INSTRUMENT;BLOCK;EUR;175;28.05180000;5000;PRC_DECOMP_EXCHANGE;;;;XEUR;11192082;10390;EXCHANGE
13.06.2025;08:57:36.780;CFR FI 20250709 CS EU C 159.4000 0;FLEXIBLE_INSTRUMENT;BLOCK;CHF;19;1.45000000;300;EXCHANGE_LAST;;1;1;XEUR;1152922848931628675;313;
13.06.2025;13:04:31.697;CFR SI 20260320 PS AM P 142.00 0;SIMPLE_INSTRUMENT;BLOCK;CHF;66;12.90000000;700;EXCHANGE_LAST;;1;1;XEUR;13525636;313;
13.06.2025;13:41:12.765;CFR FI 20250702 CS EU C 157.8000 0;FLEXIBLE_INSTRUMENT;BLOCK;CHF;79;0.95000000;500;EXCHANGE_LAST;;1;1;XEUR;1152922848931628676;313;
13.06.2025;07:55:41.077;CGMF.S.JUN25.SEP25.SPD;FUTURES_SPREAD;BLOCK;EUR;3;-1.00500000;211;EXCHANGE_LAST;;1;1;XEUR;72058959837529244;318;
13.06.2025;07:55:41.077;CGMF SI 20250919 CS;SIMPLE_INSTRUMENT;BLOCK;EUR;3;153.75460000;211;PRC_DECOMP_EXCHANGE;;;;XEUR;11702261;318;EXCHANGE
13.06.2025;07:55:41.077;CGMF SI 20250620 CS;SIMPLE_INSTRUMENT;BLOCK;EUR;3;152.74960000;211;PRC_DECOMP_EXCHANGE;;;;XEUR;11171849;318;EXCHANGE
13.06.2025;08:15:06.358;CNYA SI 20250620 PS AM C 5.50 0;SIMPLE_INSTRUMENT;BLOCK;USD;1;0.01000000;974;EXCHANGE_LAST;;1;1;XEUR;13366503;666868;
13.06.2025;08:15:15.586;CNYA SI 20251219 PS AM C 4.75 0;SIMPLE_INSTRUMENT;BLOCK;USD;2;0.24000000;787;EXCHANGE_LAST;;1;1;XEUR;12494140;666868;
13.06.2025;08:15:22.623;CNYA SI 20251219 PS AM C 5.75 0;SIMPLE_INSTRUMENT;BLOCK;USD;3;0.05000000;2050;EXCHANGE_LAST;;1;1;XEUR;12494147;666868;
13.06.2025;11:38:42.826;COT SI 20260619 PS AM P 240.00 0;SIMPLE_INSTRUMENT;BLOCK;CHF;47;40.20000000;50;EXCHANGE_LAST;;1;1;XEUR;11398028;199899;
13.06.2025;15:02:29.913;CR5J SI 20250918 CS;SIMPLE_INSTRUMENT;BLOCK;EUR;172;56.26700000;10000;EXCHANGE_LAST;;2;1;XEUR;11693010;50861;
13.06.2025;12:31:51.997;CRI5.O.250613.STG.000006;STANDARD_OPTION_STRATEGY;BLOCK;EUR;8;4.97000000;500;EXCHANGE_LAST;;1;1;XEUR;72058968427475928;320;
13.06.2025;12:31:51.997;CRI5 SI 20251218 PS AM P 50.00 0;SIMPLE_INSTRUMENT;BLOCK;EUR;8;2.92000000;500;PRC_DECOMP_MEMBER;;;;XEUR;12421053;320;MEMBER
13.06.2025;12:31:51.997;CRI5 SI 20251218 PS AM C 64.00 0;SIMPLE_INSTRUMENT;BLOCK;EUR;8;2.05000000;500;PRC_DECOMP_MEMBER;;;;XEUR;12421056;320;MEMBER
13.06.2025;10:03:45.633;DBK SI 20260320 PS AM P 22.00 0;SIMPLE_INSTRUMENT;BLOCK;EUR;8;1.92000000;2500;EXCHANGE_LAST;;1;1;XEUR;13001290;362;
13.06.2025;11:21:20.357;DHE SI 20260619 PS AM P 16.00 0;SIMPLE_INSTRUMENT;BLOCK;EUR;16;2.25000000;1500;EXCHANGE_LAST;;1;1;XEUR;9580554;57135;
13.06.2025;12:52:13.373;DHEE SI 20251219 PS EU C 36.00 0;SIMPLE_INSTRUMENT;BLOCK;EUR;27;0.71000000;780;EXCHANGE_LAST;;1;1;XEUR;10049741;724769;
13.06.2025;12:54:14.381;DHEE SI 20251219 PS EU P 36.00 0;SIMPLE_INSTRUMENT;BLOCK;EUR;28;14.10000000;780;EXCHANGE_LAST;;1;1;XEUR;10049775;724769;
13.06.2025;09:19:17.172;DPW.O.250613.STG.000013;STANDARD_OPTION_STRATEGY;BLOCK;EUR;10;1.07000000;1200;EXCHANGE_LAST;;1;1;XEUR;72059505298417867;445;
13.06.2025;09:19:17.172;DPW SI 20250718 PS AM C 42.00 0;SIMPLE_INSTRUMENT;BLOCK;EUR;10;0.71000000;1200;PRC_DECOMP_EXCHANGE;;;;XEUR;13305429;445;EXCHANGE
13.06.2025;09:19:17.172;DPW SI 20250718 PS AM P 38.00 0;SIMPLE_INSTRUMENT;BLOCK;EUR;10;0.36000000;1200;PRC_DECOMP_EXCHANGE;;;;XEUR;13240673;445;EXCHANGE
13.06.2025;09:34:32.521;DPW.O.250613.CDIA.000012;STANDARD_OPTION_STRATEGY;BLOCK;EUR;12;1.17000000;756;EXCHANGE_LAST;;1;1;XEUR;72059505298417866;445;
13.06.2025;09:34:32.521;DPW SI 20250620 PS AM C 41.00 0;SIMPLE_INSTRUMENT;BLOCK;EUR;12;0.42000000;756;PRC_DECOMP_EXCHANGE;;;;XEUR;12982898;445;EXCHANGE
13.06.2025;09:34:32.521;DPW SI 20250919 PS AM C 42.00 0;SIMPLE_INSTRUMENT;BLOCK;EUR;12;1.59000000;756;PRC_DECOMP_EXCHANGE;;;;XEUR;11878825;445;EXCHANGE
13.06.2025;12:01:08.300;DPW SI 20250718 PS AM P 40.00 0;SIMPLE_INSTRUMENT;BLOCK;EUR;21;0.94000000;750;EXCHANGE_LAST;;1;1;XEUR;13240629;445;
13.06.2025;07:16:11.687;DTE SI 20250620 PS AM P 31.00 0;SIMPLE_INSTRUMENT;BLOCK;EUR;1;0.58000000;1711;EXCHANGE_LAST;;1;1;XEUR;13002072;424;
13.06.2025;08:42:19.683;DTE SI 20250620 PS AM P 30.00 0;SIMPLE_INSTRUMENT;BLOCK;EUR;7;0.25000000;10000;EXCHANGE_LAST;;1;3;XEUR;11356792;424;
13.06.2025;08:41:06.406;DTE SI 20250620 PS AM P 31.00 0;SIMPLE_INSTRUMENT;BLOCK;EUR;8;0.62000000;1500;EXCHANGE_LAST;;1;1;XEUR;13002072;424;
13.06.2025;09:18:43.802;DTE SI 20251219 PS AM P 30.00 0;SIMPLE_INSTRUMENT;BLOCK;EUR;11;1.47000000;1500;EXCHANGE_LAST;;1;1;XEUR;12052911;424;
13.06.2025;11:11:47.068;DTE.O.250613.PDIA.000023;STANDARD_OPTION_STRATEGY;BLOCK;EUR;15;1.40000000;2000;EXCHANGE_LAST;;1;1;XEUR;72059415104109856;424;
13.06.2025;11:11:47.068;DTE SI 20251219 PS AM P 24.00 0;SIMPLE_INSTRUMENT;BLOCK;EUR;15;0.28000000;2000;PRC_DECOMP_EXCHANGE;;;;XEUR;5927134;424;EXCHANGE
13.06.2025;11:11:47.068;DTE SI 20260619 PS AM P 28.00 0;SIMPLE_INSTRUMENT;BLOCK;EUR;15;1.68000000;2000;PRC_DECOMP_EXCHANGE;;;;XEUR;9545489;424;EXCHANGE
13.06.2025;15:47:24.420;DTE SI 20250620 PS AM C 30.00 0;SIMPLE_INSTRUMENT;BLOCK;EUR;29;0.95000000;12500;EXCHANGE_LAST;;1;1;XEUR;11356793;424;
13.06.2025;08:11:27.890;DUFF SI 20250919 CS;SIMPLE_INSTRUMENT;BLOCK;CHF;9;42.71000000;200;EXCHANGE_LAST;;1;1;XEUR;11730755;156160;
13.06.2025;11:01:19.324;DUFN SI 20261218 PS AM P 40.00 0;SIMPLE_INSTRUMENT;BLOCK;CHF;41;4.80000000;500;EXCHANGE_LAST;;1;1;XEUR;12438790;418;
13.06.2025;10:08:14.148;DVCG SI 20250619 CS;SIMPLE_INSTRUMENT;BLOCK;EUR;60;5.73000000;560;EXCHANGE_LAST;;1;1;XEUR;11164093;51874;
13.06.2025;10:08:34.345;DVCG SI 20250918 CS;SIMPLE_INSTRUMENT;BLOCK;EUR;61;5.75000000;560;EXCHANGE_LAST;;1;1;XEUR;11693068;51874;
13.06.2025;14:43:20.583;E2NL SI 20251219 CS;SIMPLE_INSTRUMENT;BLOCK;EUR;163;0.46500000;4500;EXCHANGE_LAST;;1;1;XEUR;3681293;471;
13.06.2025;14:43:06.961;E2NL SI 20261218 CS;SIMPLE_INSTRUMENT;BLOCK;EUR;165;0.46000000;4500;EXCHANGE_LAST;;1;1;XEUR;4632356;471;
13.06.2025;14:42:53.121;E2NL SI 20271217 CS;SIMPLE_INSTRUMENT;BLOCK;EUR;166;0.45000000;4500;EXCHANGE_LAST;;1;1;XEUR;5914571;471;
13.06.2025;14:42:44.896;E2NL SI 20281215 CS;SIMPLE_INSTRUMENT;BLOCK;EUR;167;0.43000000;4500;EXCHANGE_LAST;;1;1;XEUR;6802276;471;
13.06.2025;10:11:59.284;E2NT SI 20281215 CS;SIMPLE_INSTRUMENT;BLOCK;EUR;52;0.85000000;500;EXCHANGE_LAST;;1;1;XEUR;6802271;470;
13.06.2025;11:49:46.826;E2NT SI 20261218 CS;SIMPLE_INSTRUMENT;BLOCK;EUR;110;1.01500000;1000;EXCHANGE_LAST;;1;2;XEUR;4632357;470;
13.06.2025;12:30:08.267;E2NT.S.DEC26.DEC27.SPD;FUTURES_SPREAD;BLOCK;EUR;117;0.08000000;1250;EXCHANGE_LAST;;2;2;XEUR;72059612672557098;470;
13.06.2025;12:30:08.267;E2NT SI 20261218 CS;SIMPLE_INSTRUMENT;BLOCK;EUR;117;1.01500000;1250;PRC_DECOMP_MEMBER;;;;XEUR;4632357;470;MEMBER
13.06.2025;12:30:08.267;E2NT SI 20271217 CS;SIMPLE_INSTRUMENT;BLOCK;EUR;117;0.93500000;1250;PRC_DECOMP_MEMBER;;;;XEUR;5914575;470;MEMBER
13.06.2025;12:40:05.571;EDPF SI 20250919 CS;SIMPLE_INSTRUMENT;BLOCK;EUR;120;3.62100000;7875;EXCHANGE_LAST;;1;1;XEUR;11704245;457;
13.06.2025;12:40:29.329;EDPF SI 20250620 CS;SIMPLE_INSTRUMENT;BLOCK;EUR;121;3.61500000;7875;EXCHANGE_LAST;;1;1;XEUR;11173783;457;
13.06.2025;10:09:11.550;EIAG SI 20250619 CS;SIMPLE_INSTRUMENT;BLOCK;EUR;62;46.18000000;474;EXCHANGE_LAST;;1;1;XEUR;11174688;509;
13.06.2025;10:09:24.422;EIAG SI 20250919 CS;SIMPLE_INSTRUMENT;BLOCK;EUR;63;46.38000000;474;EXCHANGE_LAST;;1;1;XEUR;11705069;509;
13.06.2025;11:07:24.449;ELIF SI 20250620 CS;SIMPLE_INSTRUMENT;BLOCK;EUR;96;93.65000000;287;EXCHANGE_LAST;;1;1;XEUR;11192085;11523;
13.06.2025;11:07:36.432;ELIF SI 20250919 CS;SIMPLE_INSTRUMENT;BLOCK;EUR;97;94.02000000;287;EXCHANGE_LAST;;1;1;XEUR;11722388;11523;
13.06.2025;13:38:28.172;ENL5 FI 20281214 PS EU P 8.0000 0;FLEXIBLE_INSTRUMENT;BLOCK;EUR;9;1.40000000;10000;EXCHANGE_LAST;;1;1;XEUR;1152923652090503072;500;
13.06.2025;13:38:21.402;ENL5 FI 20281214 PS EU C 8.0000 0;FLEXIBLE_INSTRUMENT;BLOCK;EUR;10;0.67000000;10000;EXCHANGE_LAST;;1;1;XEUR;1152923652090503073;500;
13.06.2025;08:02:19.137;ENT5.O.250613.STG.000001;STANDARD_OPTION_STRATEGY;BLOCK;EUR;2;1.08000000;700;EXCHANGE_LAST;;1;1;XEUR;72059728636685288;497;
13.06.2025;08:02:19.137;ENT5 SI 20260319 PS AM P 13.00 0;SIMPLE_INSTRUMENT;BLOCK;EUR;2;0.61550000;700;PRC_DECOMP_EXCHANGE;;;;XEUR;12988409;497;EXCHANGE
13.06.2025;08:02:19.137;ENT5 SI 20260319 PS AM C 15.00 0;SIMPLE_INSTRUMENT;BLOCK;EUR;2;0.46450000;700;PRC_DECOMP_EXCHANGE;;;;XEUR;12988383;497;EXCHANGE
13.06.2025;10:07:49.559;ENT5.O.250613.STD.000002;STANDARD_OPTION_STRATEGY;BLOCK;EUR;3;1.70000000;250;EXCHANGE_LAST;;1;1;XEUR;72059728636685289;497;
13.06.2025;10:07:49.559;ENT5 SI 20251218 PS AM P 14.00 0;SIMPLE_INSTRUMENT;BLOCK;EUR;3;0.90250000;250;PRC_DECOMP_EXCHANGE;;;;XEUR;5911905;497;EXCHANGE
13.06.2025;10:07:49.559;ENT5 SI 20251218 PS AM C 14.00 0;SIMPLE_INSTRUMENT;BLOCK;EUR;3;0.79750000;250;PRC_DECOMP_EXCHANGE;;;;XEUR;5911904;497;EXCHANGE
13.06.2025;12:08:11.929;ENT5 SI 20271216 PS AM P 12.00 0;SIMPLE_INSTRUMENT;BLOCK;EUR;7;1.27000000;600;EXCHANGE_LAST;;1;1;XEUR;8765008;497;
13.06.2025;15:23:26.978;ENT5.O.250613.STD.000004;STANDARD_OPTION_STRATEGY;BLOCK;EUR;16;0.43000000;800;EXCHANGE_LAST;;1;1;XEUR;72059728636685291;497;
13.06.2025;15:23:26.978;ENT5 SI 20250619 PS AM C 14.00 0;SIMPLE_INSTRUMENT;BLOCK;EUR;16;0.20550000;800;PRC_DECOMP_EXCHANGE;;;;XEUR;7889863;497;EXCHANGE
13.06.2025;15:23:26.978;ENT5 SI 20250619 PS AM P 14.00 0;SIMPLE_INSTRUMENT;BLOCK;EUR;16;0.22450000;800;PRC_DECOMP_EXCHANGE;;;;XEUR;7889865;497;EXCHANGE
13.06.2025;09:21:05.842;ENUF SI 20250619 CS;SIMPLE_INSTRUMENT;BLOCK;EUR;19;8.35400000;3870;EXCHANGE_LAST;;1;1;XEUR;11174652;499;
13.06.2025;09:21:28.255;ENUF SI 20250919 CS;SIMPLE_INSTRUMENT;BLOCK;EUR;20;8.39000000;3870;EXCHANGE_LAST;;1;1;XEUR;11705062;499;
13.06.2025;07:32:43.477;EUCO SI 20250808 PS EU P 1.1050 0;SIMPLE_INSTRUMENT;BLOCK;USD;1;0.00165000;540;EXCHANGE_LAST;;1;1;XEUR;11679028;369370;
13.06.2025;07:32:54.477;EUCO SI 20250808 PS EU P 1.0850 0;SIMPLE_INSTRUMENT;BLOCK;USD;2;0.00130000;540;EXCHANGE_LAST;;1;1;XEUR;11679013;369370;
13.06.2025;13:08:25.386;EVT.O.250613.STD.000002;STANDARD_OPTION_STRATEGY;BLOCK;EUR;4;3.39000000;2800;EXCHANGE_LAST;;1;1;XEUR;72059943385051741;547;
13.06.2025;13:08:25.386;EVT SI 20251219 PS AM P 9.00 0;SIMPLE_INSTRUMENT;BLOCK;EUR;4;2.47000000;2800;PRC_DECOMP_EXCHANGE;;;;XEUR;12441430;547;EXCHANGE
13.06.2025;13:08:25.386;EVT SI 20251219 PS AM C 9.00 0;SIMPLE_INSTRUMENT;BLOCK;EUR;4;0.92000000;2800;PRC_DECOMP_EXCHANGE;;;;XEUR;12441425;547;EXCHANGE
13.06.2025;10:07:41.161;F2NG SI 20250919 CS;SIMPLE_INSTRUMENT;BLOCK;EUR;59;0.52000000;2625;EXCHANGE_LAST;;1;1;XEUR;11405243;412281;
13.06.2025;08:17:54.915;FBTP SI 20250908 PS;SIMPLE_INSTRUMENT;EFP_FIN;EUR;1;121.31000000;219;EXCHANGE_LAST;;1;1;XEUR;12372474;636;
13.06.2025;08:55:08.709;FBTP SI 20250908 PS;SIMPLE_INSTRUMENT;EFP_FIN;EUR;2;121.25000000;377;EXCHANGE_LAST;;1;1;XEUR;12372474;636;
13.06.2025;09:18:34.486;FBTP SI 20250908 PS;SIMPLE_INSTRUMENT;BLOCK;EUR;3;121.22000000;2579;EXCHANGE_LAST;;1;1;XEUR;12372474;636;
13.06.2025;10:14:37.677;FBTP SI 20250908 PS;SIMPLE_INSTRUMENT;EFP_FIN;EUR;4;121.08000000;169;EXCHANGE_LAST;;1;1;XEUR;12372474;636;
13.06.2025;10:23:42.936;FBTP SI 20250908 PS;SIMPLE_INSTRUMENT;EFS;EUR;5;121.06000000;228;EXCHANGE_LAST;;1;1;XEUR;12372474;636;
13.06.2025;11:18:57.352;FBTP SI 20250908 PS;SIMPLE_INSTRUMENT;EFS;EUR;6;121.05000000;559;EXCHANGE_LAST;;1;1;XEUR;12372474;636;
13.06.2025;11:25:02.526;FBTP SI 20250908 PS;SIMPLE_INSTRUMENT;EFS;EUR;7;121.01000000;844;EXCHANGE_LAST;;1;1;XEUR;12372474;636;
13.06.2025;11:33:06.920;FBTP SI 20250908 PS;SIMPLE_INSTRUMENT;EFS;EUR;8;121.12000000;112;EXCHANGE_LAST;;1;1;XEUR;12372474;636;
13.06.2025;11:55:32.444;FBTP SI 20250908 PS;SIMPLE_INSTRUMENT;EFP_FIN;EUR;9;121.15000000;548;EXCHANGE_LAST;;1;1;XEUR;12372474;636;
13.06.2025;12:10:42.669;FBTP SI 20250908 PS;SIMPLE_INSTRUMENT;EFP_FIN;EUR;10;121.11000000;926;EXCHANGE_LAST;;1;1;XEUR;12372474;636;
13.06.2025;12:16:15.814;FBTP SI 20250908 PS;SIMPLE_INSTRUMENT;EFP_FIN;EUR;11;121.26000000;514;EXCHANGE_LAST;;1;1;XEUR;12372474;636;
13.06.2025;12:46:39.901;FBTP SI 20250908 PS;SIMPLE_INSTRUMENT;EFP_FIN;EUR;12;121.12000000;150;EXCHANGE_LAST;;1;1;XEUR;12372474;636;
13.06.2025;13:04:15.319;FBTP SI 20250908 PS;SIMPLE_INSTRUMENT;EFP_FIN;EUR;13;121.14000000;257;EXCHANGE_LAST;;1;1;XEUR;12372474;636;
13.06.2025;13:05:09.021;FBTP SI 20250908 PS;SIMPLE_INSTRUMENT;BLOCK;EUR;14;121.16000000;1018;EXCHANGE_LAST;;1;1;XEUR;12372474;636;
13.06.2025;13:19:38.324;FBTP SI 20250908 PS;SIMPLE_INSTRUMENT;BLOCK;EUR;15;121.28000000;645;EXCHANGE_LAST;;1;1;XEUR;12372474;636;
13.06.2025;14:00:39.421;FBTP SI 20250908 PS;SIMPLE_INSTRUMENT;EFP_FIN;EUR;16;121.10000000;463;EXCHANGE_LAST;;1;1;XEUR;12372474;636;
13.06.2025;14:17:26.089;FBTP SI 20250908 PS;SIMPLE_INSTRUMENT;EFP_FIN;EUR;17;121.18000000;209;EXCHANGE_LAST;;1;1;XEUR;12372474;636;
13.06.2025;14:26:36.550;FBTP SI 20250908 PS;SIMPLE_INSTRUMENT;EFP_FIN;EUR;18;121.12000000;231;EXCHANGE_LAST;;1;1;XEUR;12372474;636;
13.06.2025;14:29:07.217;FBTP SI 20250908 PS;SIMPLE_INSTRUMENT;EFP_FIN;EUR;19;120.91000000;860;EXCHANGE_LAST;;1;1;XEUR;12372474;636;
13.06.2025;14:32:46.885;FBTP SI 20250908 PS;SIMPLE_INSTRUMENT;BLOCK;EUR;20;120.95000000;498;EXCHANGE_LAST;;1;1;XEUR;12372474;636;
13.06.2025;14:37:19.339;FBTP SI 20250908 PS;SIMPLE_INSTRUMENT;BLOCK;EUR;21;121.00000000;481;EXCHANGE_LAST;;1;1;XEUR;12372474;636;
13.06.2025;15:26:18.464;FBTP SI 20250908 PS;SIMPLE_INSTRUMENT;EFP_FIN;EUR;22;120.80000000;463;EXCHANGE_LAST;;1;1;XEUR;12372474;636;
13.06.2025;15:40:55.784;FBTP SI 20250908 PS;SIMPLE_INSTRUMENT;BLOCK;EUR;23;120.75000000;645;EXCHANGE_LAST;;1;1;XEUR;12372474;636;
13.06.2025;15:26:28.534;FBTP SI 20250908 PS;SIMPLE_INSTRUMENT;VOLA;EUR;268435545;120.72000000;38;EXCHANGE_LAST;;1;1;XEUR;12372474;636;
13.06.2025;07:44:27.446;FBTS SI 20250908 PS;SIMPLE_INSTRUMENT;EFP_FIN;EUR;2;107.96000000;1516;EXCHANGE_LAST;;1;1;XEUR;12372476;639;
13.06.2025;09:05:58.284;FBTS SI 20250908 PS;SIMPLE_INSTRUMENT;EFP_FIN;EUR;6;107.93000000;1430;EXCHANGE_LAST;;1;1;XEUR;12372476;639;
13.06.2025;09:19:57.568;FBTS SI 20250908 PS;SIMPLE_INSTRUMENT;EFP_FIN;EUR;8;107.94000000;834;EXCHANGE_LAST;;1;1;XEUR;12372476;639;
13.06.2025;09:21:45.801;FBTS SI 20250908 PS;SIMPLE_INSTRUMENT;BLOCK;EUR;9;107.90000000;937;EXCHANGE_LAST;;1;1;XEUR;12372476;639;
13.06.2025;09:33:43.500;FBTS SI 20250908 PS;SIMPLE_INSTRUMENT;EFP_FIN;EUR;10;107.90000000;958;EXCHANGE_LAST;;1;1;XEUR;12372476;639;
13.06.2025;10:07:54.380;FBTS SI 20250908 PS;SIMPLE_INSTRUMENT;EFP_FIN;EUR;12;107.90000000;2268;EXCHANGE_LAST;;1;1;XEUR;12372476;639;
13.06.2025;10:35:51.221;FBTS SI 20250908 PS;SIMPLE_INSTRUMENT;EFP_FIN;EUR;14;107.87000000;938;EXCHANGE_LAST;;1;1;XEUR;12372476;639;
13.06.2025;10:56:53.851;FBTS SI 20250908 PS;SIMPLE_INSTRUMENT;EFP_FIN;EUR;15;107.86500000;1910;EXCHANGE_LAST;;1;1;XEUR;12372476;639;
13.06.2025;11:45:59.788;FBTS SI 20250908 PS;SIMPLE_INSTRUMENT;BLOCK;EUR;18;107.88000000;234;EXCHANGE_LAST;;1;1;XEUR;12372476;639;
13.06.2025;11:57:16.442;FBTS SI 20250908 PS;SIMPLE_INSTRUMENT;BLOCK;EUR;20;107.90000000;1763;EXCHANGE_LAST;;1;1;XEUR;12372476;639;
13.06.2025;12:15:20.743;FBTS SI 20250908 PS;SIMPLE_INSTRUMENT;BLOCK;EUR;21;107.88000000;1406;EXCHANGE_LAST;;1;1;XEUR;12372476;639;
13.06.2025;12:17:59.965;FBTS SI 20250908 PS;SIMPLE_INSTRUMENT;EFP_FIN;EUR;22;107.92000000;1753;EXCHANGE_LAST;;1;1;XEUR;12372476;639;
13.06.2025;12:37:23.516;FBTS SI 20250908 PS;SIMPLE_INSTRUMENT;EFP_FIN;EUR;23;107.91500000;1732;EXCHANGE_LAST;;1;1;XEUR;12372476;639;
13.06.2025;12:52:03.742;FBTS SI 20250908 PS;SIMPLE_INSTRUMENT;EFP_FIN;EUR;24;107.88000000;140;EXCHANGE_LAST;;1;1;XEUR;12372476;639;
13.06.2025;12:57:32.184;FBTS SI 20250908 PS;SIMPLE_INSTRUMENT;EFP_FIN;EUR;25;107.92000000;136;EXCHANGE_LAST;;1;1;XEUR;12372476;639;
13.06.2025;13:36:43.471;FBTS SI 20250908 PS;SIMPLE_INSTRUMENT;BLOCK;EUR;27;107.88000000;461;EXCHANGE_LAST;;1;1;XEUR;12372476;639;
13.06.2025;14:31:18.128;FBTS SI 20250908 PS;SIMPLE_INSTRUMENT;BLOCK;EUR;29;107.90000000;469;EXCHANGE_LAST;;1;1;XEUR;12372476;639;
13.06.2025;15:12:19.292;FBTS SI 20250908 PS;SIMPLE_INSTRUMENT;EFP_FIN;EUR;32;107.85000000;635;EXCHANGE_LAST;;1;1;XEUR;12372476;639;
13.06.2025;13:30:42.411;FDAX.S.JUN25.SEP25.SPD;FUTURES_SPREAD;BLOCK;EUR;1;-128.00000000;816;EXCHANGE_LAST;;1;1;XEUR;72060123773665461;589;
13.06.2025;13:30:42.411;FDAX SI 20250919 CS;SIMPLE_INSTRUMENT;BLOCK;EUR;1;23604.00000000;816;PRC_DECOMP_EXCHANGE;;;;XEUR;8380266;589;EXCHANGE
13.06.2025;13:30:42.411;FDAX SI 20250620 CS;SIMPLE_INSTRUMENT;BLOCK;EUR;1;23476.00000000;816;PRC_DECOMP_EXCHANGE;;;;XEUR;7903800;589;EXCHANGE
13.06.2025;13:36:44.145;FDAX SI 20250620 CS;SIMPLE_INSTRUMENT;EFP_IDX;EUR;2;23460.00000000;100;EXCHANGE_LAST;;1;1;XEUR;7903800;589;
13.06.2025;13:38:50.763;FDAX SI 20250620 CS;SIMPLE_INSTRUMENT;EFP_IDX;EUR;3;23460.00000000;150;EXCHANGE_LAST;;1;1;XEUR;7903800;589;
13.06.2025;13:41:26.294;FDAX SI 20250620 CS;SIMPLE_INSTRUMENT;EFP_IDX;EUR;4;23460.00000000;100;EXCHANGE_LAST;;1;1;XEUR;7903800;589;
13.06.2025;15:44:19.367;FDAX SI 20250620 CS;SIMPLE_INSTRUMENT;EFP_IDX;EUR;5;23524.00000000;9;EXCHANGE_LAST;;1;1;XEUR;7903800;589;
13.06.2025;15:44:36.863;FDAX SI 20250620 CS;SIMPLE_INSTRUMENT;EFP_IDX;EUR;6;23525.00000000;23;EXCHANGE_LAST;;1;1;XEUR;7903800;589;
13.06.2025;15:53:35.926;FDAX SI 20250620 CS;SIMPLE_INSTRUMENT;BLOCK;EUR;7;23500.00000000;500;EXCHANGE_LAST;;1;1;XEUR;7903800;589;
13.06.2025;16:04:26.858;FDAX SI 20250620 CS;SIMPLE_INSTRUMENT;EFP_IDX;EUR;8;23500.00000000;200;EXCHANGE_LAST;;1;1;XEUR;7903800;589;
13.06.2025;14:59:50.626;FDAX SI 20250620 CS;SIMPLE_INSTRUMENT;VOLA;EUR;671088659;23467.00000000;29;EXCHANGE_LAST;;1;1;XEUR;7903800;589;
13.06.2025;07:24:03.334;FEBD SI 20261218 CS;SIMPLE_INSTRUMENT;BLOCK;EUR;1;10.48000000;500;EXCHANGE_LAST;;1;1;XEUR;7158212;597;
13.06.2025;07:49:37.553;FEBD SI 20261218 CS;SIMPLE_INSTRUMENT;BLOCK;EUR;7;10.51000000;500;EXCHANGE_LAST;;1;1;XEUR;7158212;597;
13.06.2025;07:41:54.013;FEBD SI 20261218 CS;SIMPLE_INSTRUMENT;BLOCK;EUR;9;10.51000000;200;EXCHANGE_LAST;;1;1;XEUR;7158212;597;
13.06.2025;08:03:03.340;FEBD SI 20271217 CS;SIMPLE_INSTRUMENT;BLOCK;EUR;13;9.66000000;1000;EXCHANGE_LAST;;1;1;XEUR;7776307;597;
13.06.2025;09:05:53.951;FEBD SI 20261218 CS;SIMPLE_INSTRUMENT;BLOCK;EUR;39;10.50000000;300;EXCHANGE_LAST;;1;1;XEUR;7158212;597;
13.06.2025;13:24:26.833;FEBD SI 20251219 CS;SIMPLE_INSTRUMENT;BLOCK;EUR;117;11.27000000;700;EXCHANGE_LAST;;2;1;XEUR;5914075;597;
13.06.2025;13:58:55.318;FEBD SI 20251219 CS;SIMPLE_INSTRUMENT;BLOCK;EUR;127;11.27000000;500;EXCHANGE_LAST;;2;2;XEUR;5914075;597;
13.06.2025;13:58:26.438;FEBD SI 20251219 CS;SIMPLE_INSTRUMENT;BLOCK;EUR;128;11.28000000;500;EXCHANGE_LAST;;2;2;XEUR;5914075;597;
13.06.2025;07:58:24.322;FECX.S.JUN25.SEP25.SPD;FUTURES_SPREAD;BLOCK;EUR;11;-0.97000000;97;EXCHANGE_LAST;;1;1;XEUR;73819209234120732;410158;
13.06.2025;07:58:24.322;FECX SI 20250919 CS;SIMPLE_INSTRUMENT;BLOCK;EUR;11;169.03000000;97;PRC_DECOMP_EXCHANGE;;;;XEUR;12517647;410158;EXCHANGE
13.06.2025;07:58:24.322;FECX SI 20250620 CS;SIMPLE_INSTRUMENT;BLOCK;EUR;11;168.06000000;97;PRC_DECOMP_EXCHANGE;;;;XEUR;11949125;410158;EXCHANGE
13.06.2025;08:18:42.106;FECX.S.JUN25.SEP25.SPD;FUTURES_SPREAD;BLOCK;EUR;16;-0.94000000;186;EXCHANGE_LAST;;1;1;XEUR;73819209234120732;410158;
13.06.2025;08:18:42.106;FECX SI 20250919 CS;SIMPLE_INSTRUMENT;BLOCK;EUR;16;169.02000000;186;PRC_DECOMP_EXCHANGE;;;;XEUR;12517647;410158;EXCHANGE
13.06.2025;08:18:42.106;FECX SI 20250620 CS;SIMPLE_INSTRUMENT;BLOCK;EUR;16;168.08000000;186;PRC_DECOMP_EXCHANGE;;;;XEUR;11949125;410158;EXCHANGE
13.06.2025;08:46:15.991;FECX.S.JUN25.SEP25.SPD;FUTURES_SPREAD;BLOCK;EUR;31;-0.90000000;117;EXCHANGE_LAST;;1;1;XEUR;73819209234120732;410158;
13.06.2025;08:46:15.991;FECX SI 20250620 CS;SIMPLE_INSTRUMENT;BLOCK;EUR;31;167.80000000;117;PRC_DECOMP_EXCHANGE;;;;XEUR;11949125;410158;EXCHANGE
13.06.2025;08:46:15.991;FECX SI 20250919 CS;SIMPLE_INSTRUMENT;BLOCK;EUR;31;168.70000000;117;PRC_DECOMP_EXCHANGE;;;;XEUR;12517647;410158;EXCHANGE
13.06.2025;09:17:21.410;FECX.S.JUN25.SEP25.SPD;FUTURES_SPREAD;BLOCK;EUR;48;-1.05000000;43;EXCHANGE_LAST;;1;1;XEUR;73819209234120732;410158;
13.06.2025;09:17:21.410;FECX SI 20250620 CS;SIMPLE_INSTRUMENT;BLOCK;EUR;48;167.94000000;43;PRC_DECOMP_MEMBER;;;;XEUR;11949125;410158;MEMBER
13.06.2025;09:17:21.410;FECX SI 20250919 CS;SIMPLE_INSTRUMENT;BLOCK;EUR;48;168.99000000;43;PRC_DECOMP_MEMBER;;;;XEUR;12517647;410158;MEMBER
13.06.2025;09:45:32.852;FECX SI 20250620 CS;SIMPLE_INSTRUMENT;BLOCK;EUR;56;167.96000000;90;EXCHANGE_LAST;;1;1;XEUR;11949125;410158;
13.06.2025;12:20:25.223;FECX.S.JUN25.SEP25.SPD;FUTURES_SPREAD;BLOCK;EUR;97;-0.99000000;500;EXCHANGE_LAST;;1;1;XEUR;73819209234120732;410158;
13.06.2025;12:20:25.223;FECX SI 20250919 CS;SIMPLE_INSTRUMENT;BLOCK;EUR;97;168.80000000;500;PRC_DECOMP_EXCHANGE;;;;XEUR;12517647;410158;EXCHANGE
13.06.2025;12:20:25.223;FECX SI 20250620 CS;SIMPLE_INSTRUMENT;BLOCK;EUR;97;167.81000000;500;PRC_DECOMP_EXCHANGE;;;;XEUR;11949125;410158;EXCHANGE
13.06.2025;12:38:12.381;FECX SI 20250919 CS;SIMPLE_INSTRUMENT;BLOCK;EUR;98;168.95000000;1618;EXCHANGE_LAST;;1;1;XEUR;12517647;410158;
13.06.2025;12:37:50.814;FECX SI 20250620 CS;SIMPLE_INSTRUMENT;BLOCK;EUR;99;167.96000000;1618;EXCHANGE_LAST;;1;1;XEUR;11949125;410158;
13.06.2025;12:36:24.769;FECX SI 20250919 CS;SIMPLE_INSTRUMENT;BLOCK;EUR;100;168.95000000;1022;EXCHANGE_LAST;;1;1;XEUR;12517647;410158;
13.06.2025;12:36:14.900;FECX SI 20250620 CS;SIMPLE_INSTRUMENT;BLOCK;EUR;101;167.96000000;1022;EXCHANGE_LAST;;1;1;XEUR;11949125;410158;
13.06.2025;12:37:02.977;FECX.S.JUN25.SEP25.SPD;FUTURES_SPREAD;BLOCK;EUR;102;-0.99000000;843;EXCHANGE_LAST;;1;1;XEUR;73819209234120732;410158;
13.06.2025;12:37:02.977;FECX SI 20250620 CS;SIMPLE_INSTRUMENT;BLOCK;EUR;102;168.00000000;843;PRC_DECOMP_MEMBER;;;;XEUR;11949125;410158;MEMBER
13.06.2025;12:37:02.977;FECX SI 20250919 CS;SIMPLE_INSTRUMENT;BLOCK;EUR;102;168.99000000;843;PRC_DECOMP_MEMBER;;;;XEUR;12517647;410158;MEMBER
13.06.2025;08:41:01.991;FEDV.S.JUN25.SEP25.SPD;FUTURES_SPREAD;BLOCK;EUR;29;6.00000000;2000;EXCHANGE_LAST;;1;1;XEUR;72060153838436448;596;
13.06.2025;08:41:01.991;FEDV SI 20250620 CS;SIMPLE_INSTRUMENT;BLOCK;EUR;29;1961.50000000;2000;PRC_DECOMP_EXCHANGE;;;;XEUR;11880642;596;EXCHANGE
13.06.2025;08:41:01.991;FEDV SI 20250919 CS;SIMPLE_INSTRUMENT;BLOCK;EUR;29;1955.50000000;2000;PRC_DECOMP_EXCHANGE;;;;XEUR;12441554;596;EXCHANGE
13.06.2025;10:16:50.531;FEDV.S.JUN25.SEP25.SPD;FUTURES_SPREAD;BLOCK;EUR;67;6.10000000;464;EXCHANGE_LAST;;1;1;XEUR;72060153838436448;596;
13.06.2025;10:16:50.531;FEDV SI 20250620 CS;SIMPLE_INSTRUMENT;BLOCK;EUR;67;1962.60000000;464;PRC_DECOMP_EXCHANGE;;;;XEUR;11880642;596;EXCHANGE
13.06.2025;10:16:50.531;FEDV SI 20250919 CS;SIMPLE_INSTRUMENT;BLOCK;EUR;67;1956.50000000;464;PRC_DECOMP_EXCHANGE;;;;XEUR;12441554;596;EXCHANGE
13.06.2025;10:57:19.028;FEDV.S.JUN25.SEP25.SPD;FUTURES_SPREAD;BLOCK;EUR;80;6.00000000;1500;EXCHANGE_LAST;;1;2;XEUR;72060153838436448;596;
13.06.2025;10:57:19.028;FEDV SI 20250620 CS;SIMPLE_INSTRUMENT;BLOCK;EUR;80;1960.00000000;1500;PRC_DECOMP_MEMBER;;;;XEUR;11880642;596;MEMBER
13.06.2025;10:57:19.028;FEDV SI 20250919 CS;SIMPLE_INSTRUMENT;BLOCK;EUR;80;1954.00000000;1500;PRC_DECOMP_MEMBER;;;;XEUR;12441554;596;MEMBER
13.06.2025;10:57:19.352;FEDV.S.JUN25.SEP25.SPD;FUTURES_SPREAD;BLOCK;EUR;81;6.10000000;1500;EXCHANGE_LAST;;1;2;XEUR;72060153838436448;596;
13.06.2025;10:57:19.352;FEDV SI 20250620 CS;SIMPLE_INSTRUMENT;BLOCK;EUR;81;1960.00000000;1500;PRC_DECOMP_MEMBER;;;;XEUR;11880642;596;MEMBER
13.06.2025;10:57:19.352;FEDV SI 20250919 CS;SIMPLE_INSTRUMENT;BLOCK;EUR;81;1953.90000000;1500;PRC_DECOMP_MEMBER;;;;XEUR;12441554;596;MEMBER
13.06.2025;11:37:59.321;FEDV.S.JUN25.SEP25.SPD;FUTURES_SPREAD;BLOCK;EUR;88;6.00000000;1300;EXCHANGE_LAST;;1;1;XEUR;72060153838436448;596;
13.06.2025;11:37:59.321;FEDV SI 20250919 CS;SIMPLE_INSTRUMENT;BLOCK;EUR;88;1957.00000000;1300;PRC_DECOMP_EXCHANGE;;;;XEUR;12441554;596;EXCHANGE
13.06.2025;11:37:59.321;FEDV SI 20250620 CS;SIMPLE_INSTRUMENT;BLOCK;EUR;88;1963.00000000;1300;PRC_DECOMP_EXCHANGE;;;;XEUR;11880642;596;EXCHANGE
13.06.2025;11:38:10.748;FEDV.S.JUN25.SEP25.SPD;FUTURES_SPREAD;BLOCK;EUR;89;6.10000000;1300;EXCHANGE_LAST;;1;1;XEUR;72060153838436448;596;
13.06.2025;11:38:10.748;FEDV SI 20250620 CS;SIMPLE_INSTRUMENT;BLOCK;EUR;89;1963.10000000;1300;PRC_DECOMP_EXCHANGE;;;;XEUR;11880642;596;EXCHANGE
13.06.2025;11:38:10.748;FEDV SI 20250919 CS;SIMPLE_INSTRUMENT;BLOCK;EUR;89;1957.00000000;1300;PRC_DECOMP_EXCHANGE;;;;XEUR;12441554;596;EXCHANGE
13.06.2025;11:46:30.162;FEDV SI 20250620 CS;SIMPLE_INSTRUMENT;BLOCK;EUR;92;1962.00000000;1000;EXCHANGE_LAST;;1;1;XEUR;11880642;596;
13.06.2025;11:46:30.162;FEDV SI 20250919 CS;SIMPLE_INSTRUMENT;BLOCK;EUR;93;1955.50000000;100;EXCHANGE_LAST;;1;1;XEUR;12441554;596;
13.06.2025;11:46:30.162;FEDV SI 20250919 CS;SIMPLE_INSTRUMENT;BLOCK;EUR;94;1956.00000000;900;EXCHANGE_LAST;;1;1;XEUR;12441554;596;
13.06.2025;14:47:29.980;FEDV SI 20250620 CS;SIMPLE_INSTRUMENT;BLOCK;EUR;138;1962.50000000;180;EXCHANGE_LAST;;1;1;XEUR;11880642;596;
13.06.2025;15:44:15.322;FEDV SI 20250620 CS;SIMPLE_INSTRUMENT;BLOCK;EUR;150;1963.50000000;1200;EXCHANGE_LAST;;1;1;XEUR;11880642;596;
13.06.2025;15:44:29.712;FEDV SI 20250620 CS;SIMPLE_INSTRUMENT;BLOCK;EUR;151;1963.00000000;800;EXCHANGE_LAST;;1;1;XEUR;11880642;596;
13.06.2025;08:38:41.240;FEHY.S.JUN25.SEP25.SPD;FUTURES_SPREAD;BLOCK;EUR;25;-1.34000000;146;EXCHANGE_LAST;;1;1;XEUR;74523107129294868;574047;
13.06.2025;08:38:41.240;FEHY SI 20250620 CS;SIMPLE_INSTRUMENT;BLOCK;EUR;25;301.52000000;146;PRC_DECOMP_EXCHANGE;;;;XEUR;11949378;574047;EXCHANGE
13.06.2025;08:38:41.240;FEHY SI 20250919 CS;SIMPLE_INSTRUMENT;BLOCK;EUR;25;302.86000000;146;PRC_DECOMP_EXCHANGE;;;;XEUR;12517893;574047;EXCHANGE
13.06.2025;08:38:54.241;FEHY.S.JUN25.SEP25.SPD;FUTURES_SPREAD;BLOCK;EUR;26;-1.36000000;147;EXCHANGE_LAST;;1;1;XEUR;74523107129294868;574047;
13.06.2025;08:38:54.241;FEHY SI 20250919 CS;SIMPLE_INSTRUMENT;BLOCK;EUR;26;302.86000000;147;PRC_DECOMP_EXCHANGE;;;;XEUR;12517893;574047;EXCHANGE
13.06.2025;08:38:54.241;FEHY SI 20250620 CS;SIMPLE_INSTRUMENT;BLOCK;EUR;26;301.50000000;147;PRC_DECOMP_EXCHANGE;;;;XEUR;11949378;574047;EXCHANGE
13.06.2025;09:10:35.108;FEHY.S.JUN25.SEP25.SPD;FUTURES_SPREAD;BLOCK;EUR;44;-1.60000000;366;EXCHANGE_LAST;;1;1;XEUR;74523107129294868;574047;
13.06.2025;09:10:35.108;FEHY SI 20250620 CS;SIMPLE_INSTRUMENT;BLOCK;EUR;44;301.16000000;366;PRC_DECOMP_MEMBER;;;;XEUR;11949378;574047;MEMBER
13.06.2025;09:10:35.108;FEHY SI 20250919 CS;SIMPLE_INSTRUMENT;BLOCK;EUR;44;302.76000000;366;PRC_DECOMP_MEMBER;;;;XEUR;12517893;574047;MEMBER
13.06.2025;09:11:35.375;FEHY.S.JUN25.SEP25.SPD;FUTURES_SPREAD;BLOCK;EUR;46;-1.60000000;366;EXCHANGE_LAST;;1;1;XEUR;74523107129294868;574047;
13.06.2025;09:11:35.375;FEHY SI 20250919 CS;SIMPLE_INSTRUMENT;BLOCK;EUR;46;302.74000000;366;PRC_DECOMP_MEMBER;;;;XEUR;12517893;574047;MEMBER
13.06.2025;09:11:35.375;FEHY SI 20250620 CS;SIMPLE_INSTRUMENT;BLOCK;EUR;46;301.14000000;366;PRC_DECOMP_MEMBER;;;;XEUR;11949378;574047;MEMBER
13.06.2025;09:58:29.889;FEHY SI 20250620 CS;SIMPLE_INSTRUMENT;BLOCK;EUR;61;301.14000000;130;EXCHANGE_LAST;;1;1;XEUR;11949378;574047;
13.06.2025;10:44:22.048;FEHY SI 20250620 CS;SIMPLE_INSTRUMENT;BLOCK;EUR;72;301.26000000;100;EXCHANGE_LAST;;1;1;XEUR;11949378;574047;
13.06.2025;12:59:46.881;FEHY SI 20250620 CS;SIMPLE_INSTRUMENT;BLOCK;EUR;108;301.36000000;310;EXCHANGE_LAST;;1;1;XEUR;11949378;574047;
13.06.2025;13:00:10.256;FEHY SI 20250919 CS;SIMPLE_INSTRUMENT;BLOCK;EUR;111;302.72000000;310;EXCHANGE_LAST;;1;1;XEUR;12517893;574047;
13.06.2025;13:21:41.931;FEHY.S.JUN25.SEP25.SPD;FUTURES_SPREAD;BLOCK;EUR;114;-1.60000000;807;EXCHANGE_LAST;;1;1;XEUR;74523107129294868;574047;
13.06.2025;13:21:41.931;FEHY SI 20250919 CS;SIMPLE_INSTRUMENT;BLOCK;EUR;114;303.14000000;807;PRC_DECOMP_EXCHANGE;;;;XEUR;12517893;574047;EXCHANGE
13.06.2025;13:21:41.931;FEHY SI 20250620 CS;SIMPLE_INSTRUMENT;BLOCK;EUR;114;301.54000000;807;PRC_DECOMP_EXCHANGE;;;;XEUR;11949378;574047;EXCHANGE
13.06.2025;13:30:00.787;FEHY.S.JUN25.SEP25.SPD;FUTURES_SPREAD;BLOCK;EUR;118;-1.60000000;1426;EXCHANGE_LAST;;1;1;XEUR;74523107129294868;574047;
13.06.2025;13:30:00.787;FEHY SI 20250919 CS;SIMPLE_INSTRUMENT;BLOCK;EUR;118;302.90000000;1426;PRC_DECOMP_MEMBER;;;;XEUR;12517893;574047;MEMBER
13.06.2025;13:30:00.787;FEHY SI 20250620 CS;SIMPLE_INSTRUMENT;BLOCK;EUR;118;301.30000000;1426;PRC_DECOMP_MEMBER;;;;XEUR;11949378;574047;MEMBER
13.06.2025;13:40:42.755;FEHY SI 20250620 CS;SIMPLE_INSTRUMENT;BLOCK;EUR;123;301.34000000;1913;EXCHANGE_LAST;;1;1;XEUR;11949378;574047;
13.06.2025;13:41:25.096;FEHY SI 20250919 CS;SIMPLE_INSTRUMENT;BLOCK;EUR;124;302.94000000;1913;EXCHANGE_LAST;;1;1;XEUR;12517893;574047;
13.06.2025;08:29:34.856;FESB.S.JUN25.SEP25.SPD;FUTURES_SPREAD;BLOCK;EUR;64;-0.72000000;13929;EXCHANGE_LAST;;1;1;XEUR;72060192493142112;605;
13.06.2025;08:29:34.856;FESB SI 20250620 CS;SIMPLE_INSTRUMENT;BLOCK;EUR;64;197.40000000;13929;PRC_DECOMP_MEMBER;;;;XEUR;11880665;605;MEMBER
13.06.2025;08:29:34.856;FESB SI 20250919 CS;SIMPLE_INSTRUMENT;BLOCK;EUR;64;198.12000000;13929;PRC_DECOMP_MEMBER;;;;XEUR;12441572;605;MEMBER
13.06.2025;08:30:08.164;FESB.S.JUN25.SEP25.SPD;FUTURES_SPREAD;BLOCK;EUR;65;-0.74000000;11167;EXCHANGE_LAST;;1;1;XEUR;72060192493142112;605;
13.06.2025;08:30:08.164;FESB SI 20250919 CS;SIMPLE_INSTRUMENT;BLOCK;EUR;65;198.14000000;11167;PRC_DECOMP_MEMBER;;;;XEUR;12441572;605;MEMBER
13.06.2025;08:30:08.164;FESB SI 20250620 CS;SIMPLE_INSTRUMENT;BLOCK;EUR;65;197.40000000;11167;PRC_DECOMP_MEMBER;;;;XEUR;11880665;605;MEMBER
13.06.2025;08:31:03.804;FESB.S.JUN25.SEP25.SPD;FUTURES_SPREAD;BLOCK;EUR;66;-0.74000000;2729;EXCHANGE_LAST;;1;1;XEUR;72060192493142112;605;
13.06.2025;08:31:03.804;FESB SI 20250919 CS;SIMPLE_INSTRUMENT;BLOCK;EUR;66;198.00000000;2729;PRC_DECOMP_EXCHANGE;;;;XEUR;12441572;605;EXCHANGE
13.06.2025;08:31:03.804;FESB SI 20250620 CS;SIMPLE_INSTRUMENT;BLOCK;EUR;66;197.26000000;2729;PRC_DECOMP_EXCHANGE;;;;XEUR;11880665;605;EXCHANGE
13.06.2025;08:31:12.284;FESB.S.JUN25.SEP25.SPD;FUTURES_SPREAD;BLOCK;EUR;67;-0.72000000;2729;EXCHANGE_LAST;;1;1;XEUR;72060192493142112;605;
13.06.2025;08:31:12.284;FESB SI 20250620 CS;SIMPLE_INSTRUMENT;BLOCK;EUR;67;197.28000000;2729;PRC_DECOMP_EXCHANGE;;;;XEUR;11880665;605;EXCHANGE
13.06.2025;08:31:12.284;FESB SI 20250919 CS;SIMPLE_INSTRUMENT;BLOCK;EUR;67;198.00000000;2729;PRC_DECOMP_EXCHANGE;;;;XEUR;12441572;605;EXCHANGE
13.06.2025;09:28:11.373;FESB.S.JUN25.SEP25.SPD;FUTURES_SPREAD;BLOCK;EUR;88;-0.72000000;1331;EXCHANGE_LAST;;1;1;XEUR;72060192493142112;605;
13.06.2025;09:28:11.373;FESB SI 20250919 CS;SIMPLE_INSTRUMENT;BLOCK;EUR;88;198.30000000;1331;PRC_DECOMP_EXCHANGE;;;;XEUR;12441572;605;EXCHANGE
13.06.2025;09:28:11.373;FESB SI 20250620 CS;SIMPLE_INSTRUMENT;BLOCK;EUR;88;197.58000000;1331;PRC_DECOMP_EXCHANGE;;;;XEUR;11880665;605;EXCHANGE
13.06.2025;09:28:19.981;FESB.S.JUN25.SEP25.SPD;FUTURES_SPREAD;BLOCK;EUR;89;-0.74000000;1331;EXCHANGE_LAST;;1;1;XEUR;72060192493142112;605;
13.06.2025;09:28:19.981;FESB SI 20250620 CS;SIMPLE_INSTRUMENT;BLOCK;EUR;89;197.56000000;1331;PRC_DECOMP_EXCHANGE;;;;XEUR;11880665;605;EXCHANGE
13.06.2025;09:28:19.981;FESB SI 20250919 CS;SIMPLE_INSTRUMENT;BLOCK;EUR;89;198.30000000;1331;PRC_DECOMP_EXCHANGE;;;;XEUR;12441572;605;EXCHANGE
13.06.2025;09:31:29.925;FESB.S.JUN25.SEP25.SPD;FUTURES_SPREAD;BLOCK;EUR;90;-0.72000000;5000;EXCHANGE_LAST;;1;1;XEUR;72060192493142112;605;
13.06.2025;09:31:29.925;FESB SI 20250620 CS;SIMPLE_INSTRUMENT;BLOCK;EUR;90;197.60000000;5000;PRC_DECOMP_MEMBER;;;;XEUR;11880665;605;MEMBER
13.06.2025;09:31:29.925;FESB SI 20250919 CS;SIMPLE_INSTRUMENT;BLOCK;EUR;90;198.32000000;5000;PRC_DECOMP_MEMBER;;;;XEUR;12441572;605;MEMBER
13.06.2025;09:31:43.671;FESB.S.JUN25.SEP25.SPD;FUTURES_SPREAD;BLOCK;EUR;91;-0.74000000;5000;EXCHANGE_LAST;;1;1;XEUR;72060192493142112;605;
13.06.2025;09:31:43.671;FESB SI 20250919 CS;SIMPLE_INSTRUMENT;BLOCK;EUR;91;198.34000000;5000;PRC_DECOMP_MEMBER;;;;XEUR;12441572;605;MEMBER
13.06.2025;09:31:43.671;FESB SI 20250620 CS;SIMPLE_INSTRUMENT;BLOCK;EUR;91;197.60000000;5000;PRC_DECOMP_MEMBER;;;;XEUR;11880665;605;MEMBER
13.06.2025;09:53:53.406;FESB.S.JUN25.SEP25.SPD;FUTURES_SPREAD;BLOCK;EUR;102;-0.74000000;5000;EXCHANGE_LAST;;2;1;XEUR;72060192493142112;605;
13.06.2025;09:53:53.406;FESB SI 20250620 CS;SIMPLE_INSTRUMENT;BLOCK;EUR;102;197.50000000;5000;PRC_DECOMP_MEMBER;;;;XEUR;11880665;605;MEMBER
13.06.2025;09:53:53.406;FESB SI 20250919 CS;SIMPLE_INSTRUMENT;BLOCK;EUR;102;198.24000000;5000;PRC_DECOMP_MEMBER;;;;XEUR;12441572;605;MEMBER
13.06.2025;09:53:57.845;FESB.S.JUN25.SEP25.SPD;FUTURES_SPREAD;BLOCK;EUR;103;-0.72000000;5000;EXCHANGE_LAST;;2;1;XEUR;72060192493142112;605;
13.06.2025;09:53:57.845;FESB SI 20250620 CS;SIMPLE_INSTRUMENT;BLOCK;EUR;103;197.50000000;5000;PRC_DECOMP_MEMBER;;;;XEUR;11880665;605;MEMBER
13.06.2025;09:53:57.845;FESB SI 20250919 CS;SIMPLE_INSTRUMENT;BLOCK;EUR;103;198.22000000;5000;PRC_DECOMP_MEMBER;;;;XEUR;12441572;605;MEMBER
13.06.2025;09:54:43.020;FESB.S.JUN25.SEP25.SPD;FUTURES_SPREAD;BLOCK;EUR;104;-0.72000000;1500;EXCHANGE_LAST;;1;1;XEUR;72060192493142112;605;
13.06.2025;09:54:43.020;FESB SI 20250919 CS;SIMPLE_INSTRUMENT;BLOCK;EUR;104;198.32000000;1500;PRC_DECOMP_MEMBER;;;;XEUR;12441572;605;MEMBER
13.06.2025;09:54:43.020;FESB SI 20250620 CS;SIMPLE_INSTRUMENT;BLOCK;EUR;104;197.60000000;1500;PRC_DECOMP_MEMBER;;;;XEUR;11880665;605;MEMBER
13.06.2025;09:54:54.423;FESB.S.JUN25.SEP25.SPD;FUTURES_SPREAD;BLOCK;EUR;105;-0.74000000;1500;EXCHANGE_LAST;;1;1;XEUR;72060192493142112;605;
13.06.2025;09:54:54.423;FESB SI 20250919 CS;SIMPLE_INSTRUMENT;BLOCK;EUR;105;198.34000000;1500;PRC_DECOMP_MEMBER;;;;XEUR;12441572;605;MEMBER
13.06.2025;09:54:54.423;FESB SI 20250620 CS;SIMPLE_INSTRUMENT;BLOCK;EUR;105;197.60000000;1500;PRC_DECOMP_MEMBER;;;;XEUR;11880665;605;MEMBER
13.06.2025;09:55:17.054;FESB.S.JUN25.SEP25.SPD;FUTURES_SPREAD;BLOCK;EUR;106;-0.72000000;1112;EXCHANGE_LAST;;1;1;XEUR;72060192493142112;605;
13.06.2025;09:55:17.054;FESB SI 20250919 CS;SIMPLE_INSTRUMENT;BLOCK;EUR;106;198.50000000;1112;PRC_DECOMP_EXCHANGE;;;;XEUR;12441572;605;EXCHANGE
13.06.2025;09:55:17.054;FESB SI 20250620 CS;SIMPLE_INSTRUMENT;BLOCK;EUR;106;197.78000000;1112;PRC_DECOMP_EXCHANGE;;;;XEUR;11880665;605;EXCHANGE
13.06.2025;09:55:21.031;FESB.S.JUN25.SEP25.SPD;FUTURES_SPREAD;BLOCK;EUR;107;-0.74000000;1112;EXCHANGE_LAST;;1;1;XEUR;72060192493142112;605;
13.06.2025;09:55:21.031;FESB SI 20250620 CS;SIMPLE_INSTRUMENT;BLOCK;EUR;107;197.76000000;1112;PRC_DECOMP_EXCHANGE;;;;XEUR;11880665;605;EXCHANGE
13.06.2025;09:55:21.031;FESB SI 20250919 CS;SIMPLE_INSTRUMENT;BLOCK;EUR;107;198.50000000;1112;PRC_DECOMP_EXCHANGE;;;;XEUR;12441572;605;EXCHANGE
13.06.2025;10:28:12.516;FESB.S.JUN25.SEP25.SPD;FUTURES_SPREAD;BLOCK;EUR;120;-0.74000000;2500;EXCHANGE_LAST;;1;1;XEUR;72060192493142112;605;
13.06.2025;10:28:12.516;FESB SI 20250620 CS;SIMPLE_INSTRUMENT;BLOCK;EUR;120;197.50000000;2500;PRC_DECOMP_MEMBER;;;;XEUR;11880665;605;MEMBER
13.06.2025;10:28:12.516;FESB SI 20250919 CS;SIMPLE_INSTRUMENT;BLOCK;EUR;120;198.24000000;2500;PRC_DECOMP_MEMBER;;;;XEUR;12441572;605;MEMBER
13.06.2025;10:28:02.344;FESB.S.JUN25.SEP25.SPD;FUTURES_SPREAD;BLOCK;EUR;121;-0.72000000;2500;EXCHANGE_LAST;;1;1;XEUR;72060192493142112;605;
13.06.2025;10:28:02.344;FESB SI 20250620 CS;SIMPLE_INSTRUMENT;BLOCK;EUR;121;197.50000000;2500;PRC_DECOMP_MEMBER;;;;XEUR;11880665;605;MEMBER
13.06.2025;10:28:02.344;FESB SI 20250919 CS;SIMPLE_INSTRUMENT;BLOCK;EUR;121;198.22000000;2500;PRC_DECOMP_MEMBER;;;;XEUR;12441572;605;MEMBER
13.06.2025;13:04:06.064;FESB.S.JUN25.SEP25.SPD;FUTURES_SPREAD;BLOCK;EUR;144;-0.72000000;1331;EXCHANGE_LAST;;1;1;XEUR;72060192493142112;605;
13.06.2025;13:04:06.064;FESB SI 20250919 CS;SIMPLE_INSTRUMENT;BLOCK;EUR;144;198.30000000;1331;PRC_DECOMP_EXCHANGE;;;;XEUR;12441572;605;EXCHANGE
13.06.2025;13:04:06.064;FESB SI 20250620 CS;SIMPLE_INSTRUMENT;BLOCK;EUR;144;197.58000000;1331;PRC_DECOMP_EXCHANGE;;;;XEUR;11880665;605;EXCHANGE
13.06.2025;13:04:09.552;FESB.S.JUN25.SEP25.SPD;FUTURES_SPREAD;BLOCK;EUR;145;-0.74000000;1331;EXCHANGE_LAST;;1;1;XEUR;72060192493142112;605;
13.06.2025;13:04:09.552;FESB SI 20250919 CS;SIMPLE_INSTRUMENT;BLOCK;EUR;145;198.30000000;1331;PRC_DECOMP_EXCHANGE;;;;XEUR;12441572;605;EXCHANGE
13.06.2025;13:04:09.552;FESB SI 20250620 CS;SIMPLE_INSTRUMENT;BLOCK;EUR;145;197.56000000;1331;PRC_DECOMP_EXCHANGE;;;;XEUR;11880665;605;EXCHANGE
13.06.2025;13:26:33.280;FESB.S.JUN25.SEP25.SPD;FUTURES_SPREAD;BLOCK;EUR;148;-0.72000000;2500;EXCHANGE_LAST;;1;1;XEUR;72060192493142112;605;
13.06.2025;13:26:33.280;FESB SI 20250620 CS;SIMPLE_INSTRUMENT;BLOCK;EUR;148;197.13000000;2500;PRC_DECOMP_EXCHANGE;;;;XEUR;11880665;605;EXCHANGE
13.06.2025;13:26:33.280;FESB SI 20250919 CS;SIMPLE_INSTRUMENT;BLOCK;EUR;148;197.85000000;2500;PRC_DECOMP_EXCHANGE;;;;XEUR;12441572;605;EXCHANGE
13.06.2025;13:26:51.114;FESB.S.JUN25.SEP25.SPD;FUTURES_SPREAD;BLOCK;EUR;149;-0.74000000;2500;EXCHANGE_LAST;;1;1;XEUR;72060192493142112;605;
13.06.2025;13:26:51.114;FESB SI 20250620 CS;SIMPLE_INSTRUMENT;BLOCK;EUR;149;197.16000000;2500;PRC_DECOMP_EXCHANGE;;;;XEUR;11880665;605;EXCHANGE
13.06.2025;13:26:51.114;FESB SI 20250919 CS;SIMPLE_INSTRUMENT;BLOCK;EUR;149;197.90000000;2500;PRC_DECOMP_EXCHANGE;;;;XEUR;12441572;605;EXCHANGE
13.06.2025;15:44:09.312;FESB SI 20250620 CS;SIMPLE_INSTRUMENT;BLOCK;EUR;193;198.00000000;2500;EXCHANGE_LAST;;1;1;XEUR;11880665;605;
13.06.2025;15:44:18.854;FESB SI 20250620 CS;SIMPLE_INSTRUMENT;BLOCK;EUR;194;198.10000000;2500;EXCHANGE_LAST;;1;1;XEUR;11880665;605;
13.06.2025;11:32:46.251;FESB SI 20250620 CS;SIMPLE_INSTRUMENT;VOLA;EUR;603979827;197.65000000;600;EXCHANGE_LAST;;1;1;XEUR;11880665;605;
13.06.2025;11:27:16.222;FESB SI 20250620 CS;SIMPLE_INSTRUMENT;VOLA;EUR;603979828;197.65000000;300;EXCHANGE_LAST;;1;1;XEUR;11880665;605;
13.06.2025;11:29:50.160;FESB SI 20250620 CS;SIMPLE_INSTRUMENT;VOLA;EUR;603979829;197.65000000;300;EXCHANGE_LAST;;1;1;XEUR;11880665;605;
13.06.2025;11:31:48.971;FESB SI 20250620 CS;SIMPLE_INSTRUMENT;VOLA;EUR;603979832;197.65000000;300;EXCHANGE_LAST;;1;1;XEUR;11880665;605;
13.06.2025;12:35:54.736;FESB SI 20250620 CS;SIMPLE_INSTRUMENT;VOLA;EUR;603979840;198.00000000;270;EXCHANGE_LAST;;1;1;XEUR;11880665;605;
13.06.2025;12:40:35.048;FESB SI 20250620 CS;SIMPLE_INSTRUMENT;VOLA;EUR;603979841;198.05000000;600;EXCHANGE_LAST;;1;1;XEUR;11880665;605;
13.06.2025;14:19:02.724;FESB SI 20250620 CS;SIMPLE_INSTRUMENT;VOLA;EUR;603979864;197.65000000;300;EXCHANGE_LAST;;1;1;XEUR;11880665;605;
13.06.2025;10:25:06.800;FESL.S.JUN25.SEP25.SPD;FUTURES_SPREAD;BLOCK;EUR;3;-0.20000000;279;EXCHANGE_LAST;;1;1;XEUR;72060514615689312;680;
13.06.2025;10:25:06.800;FESL SI 20250620 CS;SIMPLE_INSTRUMENT;BLOCK;EUR;3;152.70000000;279;PRC_DECOMP_EXCHANGE;;;;XEUR;11881191;680;EXCHANGE
13.06.2025;10:25:06.800;FESL SI 20250919 CS;SIMPLE_INSTRUMENT;BLOCK;EUR;3;152.90000000;279;PRC_DECOMP_EXCHANGE;;;;XEUR;12442123;680;EXCHANGE
13.06.2025;10:25:17.622;FESL.S.JUN25.SEP25.SPD;FUTURES_SPREAD;BLOCK;EUR;4;-0.10000000;278;EXCHANGE_LAST;;1;1;XEUR;72060514615689312;680;
13.06.2025;10:25:17.622;FESL SI 20250919 CS;SIMPLE_INSTRUMENT;BLOCK;EUR;4;152.90000000;278;PRC_DECOMP_EXCHANGE;;;;XEUR;12442123;680;EXCHANGE
13.06.2025;10:25:17.622;FESL SI 20250620 CS;SIMPLE_INSTRUMENT;BLOCK;EUR;4;152.80000000;278;PRC_DECOMP_EXCHANGE;;;;XEUR;11881191;680;EXCHANGE
13.06.2025;09:45:38.647;FESO SI 20250620 CS;SIMPLE_INSTRUMENT;VOLA;EUR;603979803;484.80000000;20;EXCHANGE_LAST;;1;1;XEUR;11881128;677;
13.06.2025;09:45:48.648;FESO SI 20250620 CS;SIMPLE_INSTRUMENT;VOLA;EUR;603979804;484.80000000;20;EXCHANGE_LAST;;1;1;XEUR;11881128;677;
13.06.2025;07:40:08.594;FESX SI 20250620 CS;SIMPLE_INSTRUMENT;BLOCK;EUR;1;5290.00000000;13750;EXCHANGE_LAST;;1;1;XEUR;7904020;675;
13.06.2025;07:40:01.093;FESX SI 20250919 CS;SIMPLE_INSTRUMENT;BLOCK;EUR;2;5310.00000000;11688;EXCHANGE_LAST;;1;1;XEUR;8380551;675;
13.06.2025;07:39:54.797;FESX SI 20250919 CS;SIMPLE_INSTRUMENT;BLOCK;EUR;3;5309.00000000;2062;EXCHANGE_LAST;;1;1;XEUR;8380551;675;
13.06.2025;07:41:07.499;FESX.S.JUN25.SEP25.SPD;FUTURES_SPREAD;BLOCK;EUR;4;-19.90000000;10000;EXCHANGE_LAST;;1;1;XEUR;72060493140863850;675;
13.06.2025;07:41:07.499;FESX SI 20250620 CS;SIMPLE_INSTRUMENT;BLOCK;EUR;4;5290.00000000;10000;PRC_DECOMP_MEMBER;;;;XEUR;7904020;675;MEMBER
13.06.2025;07:41:07.499;FESX SI 20250919 CS;SIMPLE_INSTRUMENT;BLOCK;EUR;4;5309.90000000;10000;PRC_DECOMP_MEMBER;;;;XEUR;8380551;675;MEMBER
13.06.2025;08:16:09.152;FESX.S.JUN25.SEP25.SPD;FUTURES_SPREAD;BLOCK;EUR;5;-20.12000000;2552;EXCHANGE_LAST;;1;1;XEUR;72060493140863850;675;
13.06.2025;08:16:09.152;FESX SI 20250620 CS;SIMPLE_INSTRUMENT;BLOCK;EUR;5;5308.00000000;2552;PRC_DECOMP_MEMBER;;;;XEUR;7904020;675;MEMBER
13.06.2025;08:16:09.152;FESX SI 20250919 CS;SIMPLE_INSTRUMENT;BLOCK;EUR;5;5328.12000000;2552;PRC_DECOMP_MEMBER;;;;XEUR;8380551;675;MEMBER
13.06.2025;08:16:23.031;FESX.S.JUN25.SEP25.SPD;FUTURES_SPREAD;BLOCK;EUR;6;-20.13000000;2553;EXCHANGE_LAST;;1;1;XEUR;72060493140863850;675;
13.06.2025;08:16:23.031;FESX SI 20250620 CS;SIMPLE_INSTRUMENT;BLOCK;EUR;6;5308.00000000;2553;PRC_DECOMP_MEMBER;;;;XEUR;7904020;675;MEMBER
13.06.2025;08:16:23.031;FESX SI 20250919 CS;SIMPLE_INSTRUMENT;BLOCK;EUR;6;5328.13000000;2553;PRC_DECOMP_MEMBER;;;;XEUR;8380551;675;MEMBER
13.06.2025;08:21:00.459;FESX.S.JUN25.SEP25.SPD;FUTURES_SPREAD;BLOCK;EUR;7;-19.90000000;2000;EXCHANGE_LAST;;1;1;XEUR;72060493140863850;675;
13.06.2025;08:21:00.459;FESX SI 20250919 CS;SIMPLE_INSTRUMENT;BLOCK;EUR;7;5327.90000000;2000;PRC_DECOMP_MEMBER;;;;XEUR;8380551;675;MEMBER
13.06.2025;08:21:00.459;FESX SI 20250620 CS;SIMPLE_INSTRUMENT;BLOCK;EUR;7;5308.00000000;2000;PRC_DECOMP_MEMBER;;;;XEUR;7904020;675;MEMBER
13.06.2025;08:32:03.367;FESX.S.JUN25.SEP25.SPD;FUTURES_SPREAD;BLOCK;EUR;8;-20.12000000;2500;EXCHANGE_LAST;;1;1;XEUR;72060493140863850;675;
13.06.2025;08:32:03.367;FESX SI 20250919 CS;SIMPLE_INSTRUMENT;BLOCK;EUR;8;5315.12000000;2500;PRC_DECOMP_MEMBER;;;;XEUR;8380551;675;MEMBER
13.06.2025;08:32:03.367;FESX SI 20250620 CS;SIMPLE_INSTRUMENT;BLOCK;EUR;8;5295.00000000;2500;PRC_DECOMP_MEMBER;;;;XEUR;7904020;675;MEMBER
13.06.2025;08:32:12.137;FESX.S.JUN25.SEP25.SPD;FUTURES_SPREAD;BLOCK;EUR;9;-20.13000000;2500;EXCHANGE_LAST;;1;1;XEUR;72060493140863850;675;
13.06.2025;08:32:12.137;FESX SI 20250620 CS;SIMPLE_INSTRUMENT;BLOCK;EUR;9;5295.00000000;2500;PRC_DECOMP_MEMBER;;;;XEUR;7904020;675;MEMBER
13.06.2025;08:32:12.137;FESX SI 20250919 CS;SIMPLE_INSTRUMENT;BLOCK;EUR;9;5315.13000000;2500;PRC_DECOMP_MEMBER;;;;XEUR;8380551;675;MEMBER
13.06.2025;08:45:58.961;FESX.S.JUN25.SEP25.SPD;FUTURES_SPREAD;BLOCK;EUR;10;-20.15000000;2000;EXCHANGE_LAST;;1;1;XEUR;72060493140863850;675;
13.06.2025;08:45:58.961;FESX SI 20250919 CS;SIMPLE_INSTRUMENT;BLOCK;EUR;10;5294.00000000;2000;PRC_DECOMP_EXCHANGE;;;;XEUR;8380551;675;EXCHANGE
13.06.2025;08:45:58.961;FESX SI 20250620 CS;SIMPLE_INSTRUMENT;BLOCK;EUR;10;5273.85000000;2000;PRC_DECOMP_EXCHANGE;;;;XEUR;7904020;675;EXCHANGE
13.06.2025;08:49:42.860;FESX.S.JUN25.SEP25.SPD;FUTURES_SPREAD;BLOCK;EUR;11;-20.12000000;3000;EXCHANGE_LAST;;1;1;XEUR;72060493140863850;675;
13.06.2025;08:49:42.860;FESX SI 20250919 CS;SIMPLE_INSTRUMENT;BLOCK;EUR;11;5299.00000000;3000;PRC_DECOMP_EXCHANGE;;;;XEUR;8380551;675;EXCHANGE
13.06.2025;08:49:42.860;FESX SI 20250620 CS;SIMPLE_INSTRUMENT;BLOCK;EUR;11;5278.88000000;3000;PRC_DECOMP_EXCHANGE;;;;XEUR;7904020;675;EXCHANGE
13.06.2025;08:49:55.390;FESX.S.JUN25.SEP25.SPD;FUTURES_SPREAD;BLOCK;EUR;12;-20.13000000;3000;EXCHANGE_LAST;;1;1;XEUR;72060493140863850;675;
13.06.2025;08:49:55.390;FESX SI 20250919 CS;SIMPLE_INSTRUMENT;BLOCK;EUR;12;5299.01000000;3000;PRC_DECOMP_MEMBER;;;;XEUR;8380551;675;MEMBER
13.06.2025;08:49:55.390;FESX SI 20250620 CS;SIMPLE_INSTRUMENT;BLOCK;EUR;12;5278.88000000;3000;PRC_DECOMP_MEMBER;;;;XEUR;7904020;675;MEMBER
13.06.2025;09:52:47.324;FESX.S.JUN25.SEP25.SPD;FUTURES_SPREAD;BLOCK;EUR;13;-20.12000000;2500;EXCHANGE_LAST;;1;1;XEUR;72060493140863850;675;
13.06.2025;09:52:47.324;FESX SI 20250620 CS;SIMPLE_INSTRUMENT;BLOCK;EUR;13;5285.00000000;2500;PRC_DECOMP_MEMBER;;;;XEUR;7904020;675;MEMBER
13.06.2025;09:52:47.324;FESX SI 20250919 CS;SIMPLE_INSTRUMENT;BLOCK;EUR;13;5305.12000000;2500;PRC_DECOMP_MEMBER;;;;XEUR;8380551;675;MEMBER
13.06.2025;09:52:57.760;FESX.S.JUN25.SEP25.SPD;FUTURES_SPREAD;BLOCK;EUR;14;-20.13000000;2500;EXCHANGE_LAST;;1;1;XEUR;72060493140863850;675;
13.06.2025;09:52:57.760;FESX SI 20250919 CS;SIMPLE_INSTRUMENT;BLOCK;EUR;14;5305.13000000;2500;PRC_DECOMP_MEMBER;;;;XEUR;8380551;675;MEMBER
13.06.2025;09:52:57.760;FESX SI 20250620 CS;SIMPLE_INSTRUMENT;BLOCK;EUR;14;5285.00000000;2500;PRC_DECOMP_MEMBER;;;;XEUR;7904020;675;MEMBER
13.06.2025;09:53:06.024;FESX.S.JUN25.SEP25.SPD;FUTURES_SPREAD;BLOCK;EUR;15;-20.12000000;2500;EXCHANGE_LAST;;1;1;XEUR;72060493140863850;675;
13.06.2025;09:53:06.024;FESX SI 20250919 CS;SIMPLE_INSTRUMENT;BLOCK;EUR;15;5303.12000000;2500;PRC_DECOMP_MEMBER;;;;XEUR;8380551;675;MEMBER
13.06.2025;09:53:06.024;FESX SI 20250620 CS;SIMPLE_INSTRUMENT;BLOCK;EUR;15;5283.00000000;2500;PRC_DECOMP_MEMBER;;;;XEUR;7904020;675;MEMBER
13.06.2025;09:56:59.846;FESX.S.JUN25.SEP25.SPD;FUTURES_SPREAD;BLOCK;EUR;16;-20.12000000;2000;EXCHANGE_LAST;;1;1;XEUR;72060493140863850;675;
13.06.2025;09:56:59.846;FESX SI 20250919 CS;SIMPLE_INSTRUMENT;BLOCK;EUR;16;5304.12000000;2000;PRC_DECOMP_MEMBER;;;;XEUR;8380551;675;MEMBER
13.06.2025;09:56:59.846;FESX SI 20250620 CS;SIMPLE_INSTRUMENT;BLOCK;EUR;16;5284.00000000;2000;PRC_DECOMP_MEMBER;;;;XEUR;7904020;675;MEMBER
13.06.2025;09:57:08.354;FESX.S.JUN25.SEP25.SPD;FUTURES_SPREAD;BLOCK;EUR;17;-20.13000000;2000;EXCHANGE_LAST;;1;1;XEUR;72060493140863850;675;
13.06.2025;09:57:08.354;FESX SI 20250919 CS;SIMPLE_INSTRUMENT;BLOCK;EUR;17;5304.13000000;2000;PRC_DECOMP_MEMBER;;;;XEUR;8380551;675;MEMBER
13.06.2025;09:57:08.354;FESX SI 20250620 CS;SIMPLE_INSTRUMENT;BLOCK;EUR;17;5284.00000000;2000;PRC_DECOMP_MEMBER;;;;XEUR;7904020;675;MEMBER
13.06.2025;10:49:35.650;FESX.S.JUN25.SEP25.SPD;FUTURES_SPREAD;BLOCK;EUR;18;-20.25000000;5000;EXCHANGE_LAST;;1;1;XEUR;72060493140863850;675;
13.06.2025;10:49:35.650;FESX SI 20250620 CS;SIMPLE_INSTRUMENT;BLOCK;EUR;18;5276.00000000;5000;PRC_DECOMP_MEMBER;;;;XEUR;7904020;675;MEMBER
13.06.2025;10:49:35.650;FESX SI 20250919 CS;SIMPLE_INSTRUMENT;BLOCK;EUR;18;5296.25000000;5000;PRC_DECOMP_MEMBER;;;;XEUR;8380551;675;MEMBER
13.06.2025;11:30:17.132;FESX SI 20250620 CS;SIMPLE_INSTRUMENT;BLOCK;EUR;19;5282.00000000;2673;EXCHANGE_LAST;;1;1;XEUR;7904020;675;
13.06.2025;11:24:31.323;FESX.S.JUN25.SEP25.SPD;FUTURES_SPREAD;BLOCK;EUR;20;-20.35000000;6229;EXCHANGE_LAST;;1;1;XEUR;72060493140863850;675;
13.06.2025;11:24:31.323;FESX SI 20250620 CS;SIMPLE_INSTRUMENT;BLOCK;EUR;20;5283.65000000;6229;PRC_DECOMP_EXCHANGE;;;;XEUR;7904020;675;EXCHANGE
13.06.2025;11:24:31.323;FESX SI 20250919 CS;SIMPLE_INSTRUMENT;BLOCK;EUR;20;5304.00000000;6229;PRC_DECOMP_EXCHANGE;;;;XEUR;8380551;675;EXCHANGE
13.06.2025;12:56:31.439;FESX.S.JUN25.SEP25.SPD;FUTURES_SPREAD;BLOCK;EUR;21;-20.37000000;3125;EXCHANGE_LAST;;1;1;XEUR;72060493140863850;675;
13.06.2025;12:56:31.439;FESX SI 20250919 CS;SIMPLE_INSTRUMENT;BLOCK;EUR;21;5310.37000000;3125;PRC_DECOMP_MEMBER;;;;XEUR;8380551;675;MEMBER
13.06.2025;12:56:31.439;FESX SI 20250620 CS;SIMPLE_INSTRUMENT;BLOCK;EUR;21;5290.00000000;3125;PRC_DECOMP_MEMBER;;;;XEUR;7904020;675;MEMBER
13.06.2025;12:56:36.663;FESX.S.JUN25.SEP25.SPD;FUTURES_SPREAD;BLOCK;EUR;22;-20.38000000;3125;EXCHANGE_LAST;;1;1;XEUR;72060493140863850;675;
13.06.2025;12:56:36.663;FESX SI 20250620 CS;SIMPLE_INSTRUMENT;BLOCK;EUR;22;5290.00000000;3125;PRC_DECOMP_MEMBER;;;;XEUR;7904020;675;MEMBER
13.06.2025;12:56:36.663;FESX SI 20250919 CS;SIMPLE_INSTRUMENT;BLOCK;EUR;22;5310.38000000;3125;PRC_DECOMP_MEMBER;;;;XEUR;8380551;675;MEMBER
13.06.2025;13:15:39.154;FESX.S.JUN25.SEP25.SPD;FUTURES_SPREAD;BLOCK;EUR;23;-20.30000000;5000;EXCHANGE_LAST;;1;1;XEUR;72060493140863850;675;
13.06.2025;13:15:39.154;FESX SI 20250919 CS;SIMPLE_INSTRUMENT;BLOCK;EUR;23;5305.30000000;5000;PRC_DECOMP_MEMBER;;;;XEUR;8380551;675;MEMBER
13.06.2025;13:15:39.154;FESX SI 20250620 CS;SIMPLE_INSTRUMENT;BLOCK;EUR;23;5285.00000000;5000;PRC_DECOMP_MEMBER;;;;XEUR;7904020;675;MEMBER
13.06.2025;14:26:56.866;FESX.S.JUN25.SEP25.SPD;FUTURES_SPREAD;BLOCK;EUR;24;-20.30000000;7300;EXCHANGE_LAST;;1;1;XEUR;72060493140863850;675;
13.06.2025;14:26:56.866;FESX SI 20250620 CS;SIMPLE_INSTRUMENT;BLOCK;EUR;24;5279.00000000;7300;PRC_DECOMP_MEMBER;;;;XEUR;7904020;675;MEMBER
13.06.2025;14:26:56.866;FESX SI 20250919 CS;SIMPLE_INSTRUMENT;BLOCK;EUR;24;5299.30000000;7300;PRC_DECOMP_MEMBER;;;;XEUR;8380551;675;MEMBER
13.06.2025;15:01:28.178;FESX.S.JUN25.SEP25.SPD;FUTURES_SPREAD;BLOCK;EUR;25;-20.30000000;7500;EXCHANGE_LAST;;1;1;XEUR;72060493140863850;675;
13.06.2025;15:01:28.178;FESX SI 20250919 CS;SIMPLE_INSTRUMENT;BLOCK;EUR;25;5300.30000000;7500;PRC_DECOMP_MEMBER;;;;XEUR;8380551;675;MEMBER
13.06.2025;15:01:28.178;FESX SI 20250620 CS;SIMPLE_INSTRUMENT;BLOCK;EUR;25;5280.00000000;7500;PRC_DECOMP_MEMBER;;;;XEUR;7904020;675;MEMBER
13.06.2025;15:57:28.402;FESX SI 20250620 CS;SIMPLE_INSTRUMENT;EFP_IDX;EUR;26;5289.00000000;420;EXCHANGE_LAST;;1;1;XEUR;7904020;675;
13.06.2025;15:58:10.864;FESX SI 20250620 CS;SIMPLE_INSTRUMENT;EFP_IDX;EUR;27;5290.00000000;1080;EXCHANGE_LAST;;1;1;XEUR;7904020;675;
13.06.2025;15:58:46.375;FESX SI 20250620 CS;SIMPLE_INSTRUMENT;EFP_IDX;EUR;28;5289.00000000;420;EXCHANGE_LAST;;1;1;XEUR;7904020;675;
13.06.2025;15:59:20.495;FESX SI 20250620 CS;SIMPLE_INSTRUMENT;EFP_IDX;EUR;29;5290.00000000;1080;EXCHANGE_LAST;;1;1;XEUR;7904020;675;
13.06.2025;15:50:50.009;FESX SI 20250620 CS;SIMPLE_INSTRUMENT;BLOCK;EUR;30;5289.00000000;2240;EXCHANGE_LAST;;1;1;XEUR;7904020;675;
13.06.2025;15:51:07.612;FESX SI 20250620 CS;SIMPLE_INSTRUMENT;EFP_IDX;EUR;31;5290.00000000;432;EXCHANGE_LAST;;1;1;XEUR;7904020;675;
13.06.2025;15:50:57.150;FESX SI 20250620 CS;SIMPLE_INSTRUMENT;BLOCK;EUR;32;5290.00000000;5760;EXCHANGE_LAST;;1;1;XEUR;7904020;675;
13.06.2025;15:51:11.665;FESX SI 20250620 CS;SIMPLE_INSTRUMENT;EFP_IDX;EUR;33;5289.00000000;168;EXCHANGE_LAST;;1;1;XEUR;7904020;675;
13.06.2025;15:51:04.866;FESX SI 20250620 CS;SIMPLE_INSTRUMENT;EFP_IDX;EUR;34;5290.00000000;720;EXCHANGE_LAST;;1;1;XEUR;7904020;675;
13.06.2025;15:51:22.825;FESX SI 20250620 CS;SIMPLE_INSTRUMENT;EFP_IDX;EUR;35;5289.00000000;280;EXCHANGE_LAST;;1;1;XEUR;7904020;675;
13.06.2025;15:51:35.661;FESX SI 20250620 CS;SIMPLE_INSTRUMENT;EFP_IDX;EUR;36;5289.00000000;280;EXCHANGE_LAST;;1;1;XEUR;7904020;675;
13.06.2025;15:51:29.224;FESX SI 20250620 CS;SIMPLE_INSTRUMENT;EFP_IDX;EUR;37;5290.00000000;720;EXCHANGE_LAST;;1;1;XEUR;7904020;675;
13.06.2025;15:50:23.974;FESX SI 20250620 CS;SIMPLE_INSTRUMENT;EFP_IDX;EUR;38;5289.00000000;32;EXCHANGE_LAST;;1;1;XEUR;7904020;675;
13.06.2025;15:50:39.984;FESX SI 20250620 CS;SIMPLE_INSTRUMENT;EFP_IDX;EUR;39;5290.00000000;325;EXCHANGE_LAST;;1;1;XEUR;7904020;675;
13.06.2025;15:52:04.289;FESX SI 20250620 CS;SIMPLE_INSTRUMENT;EFP_IDX;EUR;40;5290.00000000;476;EXCHANGE_LAST;;1;1;XEUR;7904020;675;
13.06.2025;15:52:22.449;FESX SI 20250620 CS;SIMPLE_INSTRUMENT;EFP_IDX;EUR;41;5289.00000000;490;EXCHANGE_LAST;;1;1;XEUR;7904020;675;
13.06.2025;15:52:30.219;FESX SI 20250620 CS;SIMPLE_INSTRUMENT;EFP_IDX;EUR;42;5289.00000000;324;EXCHANGE_LAST;;1;1;XEUR;7904020;675;
13.06.2025;15:52:32.034;FESX SI 20250620 CS;SIMPLE_INSTRUMENT;EFP_IDX;EUR;43;5290.00000000;1260;EXCHANGE_LAST;;1;1;XEUR;7904020;675;
13.06.2025;15:53:15.076;FESX SI 20250620 CS;SIMPLE_INSTRUMENT;EFP_IDX;EUR;44;5290.00000000;298;EXCHANGE_LAST;;1;1;XEUR;7904020;675;
13.06.2025;15:53:33.389;FESX SI 20250620 CS;SIMPLE_INSTRUMENT;EFP_IDX;EUR;45;5289.00000000;202;EXCHANGE_LAST;;1;1;XEUR;7904020;675;
13.06.2025;15:57:24.254;FESX SI 20250620 CS;SIMPLE_INSTRUMENT;EFP_IDX;EUR;46;5288.00000000;161;EXCHANGE_LAST;;1;1;XEUR;7904020;675;
13.06.2025;15:57:44.788;FESX SI 20250620 CS;SIMPLE_INSTRUMENT;EFP_IDX;EUR;47;5291.00000000;232;EXCHANGE_LAST;;1;1;XEUR;7904020;675;
13.06.2025;16:07:17.639;FESX SI 20250620 CS;SIMPLE_INSTRUMENT;EFP_IDX;EUR;48;5289.00000000;88;EXCHANGE_LAST;;1;1;XEUR;7904020;675;
13.06.2025;16:07:59.024;FESX SI 20250620 CS;SIMPLE_INSTRUMENT;EFP_IDX;EUR;49;5290.00000000;590;EXCHANGE_LAST;;1;1;XEUR;7904020;675;
13.06.2025;08:16:57.691;FESX SI 20250620 CS;SIMPLE_INSTRUMENT;VOLA;EUR;637534242;5300.00000000;140;EXCHANGE_LAST;;1;1;XEUR;7904020;675;
13.06.2025;08:23:41.260;FESX SI 20250620 CS;SIMPLE_INSTRUMENT;VOLA;EUR;637534248;5305.00000000;300;EXCHANGE_LAST;;1;1;XEUR;7904020;675;
13.06.2025;09:06:37.903;FESX SI 20250620 CS;SIMPLE_INSTRUMENT;VOLA;EUR;637534267;5295.00000000;10;EXCHANGE_LAST;;1;1;XEUR;7904020;675;
13.06.2025;09:09:16.693;FESX SI 20250620 CS;SIMPLE_INSTRUMENT;VOLA;EUR;637534270;5280.00000000;58;EXCHANGE_LAST;;1;1;XEUR;7904020;675;
13.06.2025;09:09:52.142;FESX SI 20250620 CS;SIMPLE_INSTRUMENT;VOLA;EUR;637534271;5280.00000000;1093;EXCHANGE_LAST;;1;1;XEUR;7904020;675;
13.06.2025;09:27:03.423;FESX SI 20250620 CS;SIMPLE_INSTRUMENT;VOLA;EUR;637534281;5283.00000000;319;EXCHANGE_LAST;;1;1;XEUR;7904020;675;
13.06.2025;09:51:22.154;FESX SI 20250620 CS;SIMPLE_INSTRUMENT;VOLA;EUR;637534300;5282.00000000;80;EXCHANGE_LAST;;1;1;XEUR;7904020;675;
13.06.2025;11:13:12.801;FESX SI 20250620 CS;SIMPLE_INSTRUMENT;VOLA;EUR;637534335;5275.00000000;620;EXCHANGE_LAST;;1;1;XEUR;7904020;675;
13.06.2025;12:00:54.113;FESX SI 20250620 CS;SIMPLE_INSTRUMENT;VOLA;EUR;637534355;5300.00000000;213;EXCHANGE_LAST;;1;1;XEUR;7904020;675;
13.06.2025;12:09:20.516;FESX SI 20250620 CS;SIMPLE_INSTRUMENT;VOLA;EUR;637534359;5300.00000000;187;EXCHANGE_LAST;;1;1;XEUR;7904020;675;
13.06.2025;13:35:40.591;FESX SI 20250620 CS;SIMPLE_INSTRUMENT;VOLA;EUR;637534382;5284.00000000;75;EXCHANGE_LAST;;1;1;XEUR;7904020;675;
13.06.2025;13:37:43.568;FESX SI 20250620 CS;SIMPLE_INSTRUMENT;VOLA;EUR;637534383;5285.00000000;70;EXCHANGE_LAST;;1;1;XEUR;7904020;675;
13.06.2025;14:03:44.155;FESX SI 20250620 CS;SIMPLE_INSTRUMENT;VOLA;EUR;637534397;5285.00000000;210;EXCHANGE_LAST;;1;1;XEUR;7904020;675;
13.06.2025;14:07:59.239;FESX SI 20250620 CS;SIMPLE_INSTRUMENT;VOLA;EUR;637534403;5290.00000000;80;EXCHANGE_LAST;;1;1;XEUR;7904020;675;
13.06.2025;14:25:13.755;FESX SI 20250620 CS;SIMPLE_INSTRUMENT;VOLA;EUR;637534413;5280.00000000;370;EXCHANGE_LAST;;1;1;XEUR;7904020;675;
13.06.2025;14:39:38.365;FESX SI 20250620 CS;SIMPLE_INSTRUMENT;VOLA;EUR;637534422;5280.00000000;1368;EXCHANGE_LAST;;1;1;XEUR;7904020;675;
13.06.2025;15:09:38.138;FESX SI 20250620 CS;SIMPLE_INSTRUMENT;VOLA;EUR;637534439;5270.00000000;45;EXCHANGE_LAST;;1;1;XEUR;7904020;675;
13.06.2025;15:10:45.672;FESX SI 20250620 CS;SIMPLE_INSTRUMENT;VOLA;EUR;637534440;5270.00000000;60;EXCHANGE_LAST;;1;1;XEUR;7904020;675;
13.06.2025;15:22:27.356;FESX SI 20250620 CS;SIMPLE_INSTRUMENT;VOLA;EUR;637534452;5278.00000000;500;EXCHANGE_LAST;;1;1;XEUR;7904020;675;
13.06.2025;15:22:58.560;FESX SI 20250620 CS;SIMPLE_INSTRUMENT;VOLA;EUR;637534453;5278.00000000;90;EXCHANGE_LAST;;1;1;XEUR;7904020;675;
13.06.2025;15:58:39.878;FESX SI 20250620 CS;SIMPLE_INSTRUMENT;VOLA;EUR;637534471;5280.00000000;260;EXCHANGE_LAST;;1;1;XEUR;7904020;675;
13.06.2025;10:00:58.133;FESY SI 20250620 CS;SIMPLE_INSTRUMENT;VOLA;EUR;603979809;1105.70000000;19;EXCHANGE_LAST;;1;1;XEUR;11881027;674;
13.06.2025;07:37:25.625;FEXD.S.DEC26.DEC27.SPD;FUTURES_SPREAD;BLOCK;EUR;2;5.10000000;250;EXCHANGE_LAST;;1;1;XEUR;72060570450264153;693;
13.06.2025;07:37:25.625;FEXD SI 20261218 CS;SIMPLE_INSTRUMENT;BLOCK;EUR;2;155.40000000;250;PRC_DECOMP_MEMBER;;;;XEUR;2163053;693;MEMBER
13.06.2025;07:37:25.625;FEXD SI 20271217 CS;SIMPLE_INSTRUMENT;BLOCK;EUR;2;150.30000000;250;PRC_DECOMP_MEMBER;;;;XEUR;2848338;693;MEMBER
13.06.2025;07:37:39.379;FEXD.S.DEC26.DEC28.SPD;FUTURES_SPREAD;BLOCK;EUR;3;8.60000000;362;EXCHANGE_LAST;;1;1;XEUR;72060570450264161;693;
13.06.2025;07:37:39.379;FEXD SI 20281215 CS;SIMPLE_INSTRUMENT;BLOCK;EUR;3;146.70000000;362;PRC_DECOMP_MEMBER;;;;XEUR;3680985;693;MEMBER
13.06.2025;07:37:39.379;FEXD SI 20261218 CS;SIMPLE_INSTRUMENT;BLOCK;EUR;3;155.30000000;362;PRC_DECOMP_MEMBER;;;;XEUR;2163053;693;MEMBER
13.06.2025;07:38:15.647;FEXD.S.DEC26.DEC28.SPD;FUTURES_SPREAD;BLOCK;EUR;4;8.60000000;362;EXCHANGE_LAST;;1;1;XEUR;72060570450264161;693;
13.06.2025;07:38:15.647;FEXD SI 20261218 CS;SIMPLE_INSTRUMENT;BLOCK;EUR;4;155.30000000;362;PRC_DECOMP_MEMBER;;;;XEUR;2163053;693;MEMBER
13.06.2025;07:38:15.647;FEXD SI 20281215 CS;SIMPLE_INSTRUMENT;BLOCK;EUR;4;146.70000000;362;PRC_DECOMP_MEMBER;;;;XEUR;3680985;693;MEMBER
13.06.2025;07:38:21.067;FEXD.S.DEC26.DEC28.SPD;FUTURES_SPREAD;BLOCK;EUR;5;8.60000000;363;EXCHANGE_LAST;;1;1;XEUR;72060570450264161;693;
13.06.2025;07:38:21.067;FEXD SI 20261218 CS;SIMPLE_INSTRUMENT;BLOCK;EUR;5;155.40000000;363;PRC_DECOMP_MEMBER;;;;XEUR;2163053;693;MEMBER
13.06.2025;07:38:21.067;FEXD SI 20281215 CS;SIMPLE_INSTRUMENT;BLOCK;EUR;5;146.80000000;363;PRC_DECOMP_MEMBER;;;;XEUR;3680985;693;MEMBER
13.06.2025;07:38:36.920;FEXD.S.DEC26.DEC28.SPD;FUTURES_SPREAD;BLOCK;EUR;6;8.60000000;363;EXCHANGE_LAST;;1;1;XEUR;72060570450264161;693;
13.06.2025;07:38:36.920;FEXD SI 20261218 CS;SIMPLE_INSTRUMENT;BLOCK;EUR;6;155.40000000;363;PRC_DECOMP_MEMBER;;;;XEUR;2163053;693;MEMBER
13.06.2025;07:38:36.920;FEXD SI 20281215 CS;SIMPLE_INSTRUMENT;BLOCK;EUR;6;146.80000000;363;PRC_DECOMP_MEMBER;;;;XEUR;3680985;693;MEMBER
13.06.2025;07:51:13.819;FEXD SI 20261218 CS;SIMPLE_INSTRUMENT;BLOCK;EUR;10;155.90000000;1000;EXCHANGE_LAST;;1;1;XEUR;2163053;693;
13.06.2025;07:58:41.912;FEXD.S.DEC26.DEC28.SPD;FUTURES_SPREAD;BLOCK;EUR;12;8.60000000;2000;EXCHANGE_LAST;;1;1;XEUR;72060570450264161;693;
13.06.2025;07:58:41.912;FEXD SI 20261218 CS;SIMPLE_INSTRUMENT;BLOCK;EUR;12;155.70000000;2000;PRC_DECOMP_EXCHANGE;;;;XEUR;2163053;693;EXCHANGE
13.06.2025;07:58:41.912;FEXD SI 20281215 CS;SIMPLE_INSTRUMENT;BLOCK;EUR;12;147.10000000;2000;PRC_DECOMP_EXCHANGE;;;;XEUR;3680985;693;EXCHANGE
13.06.2025;08:06:44.317;FEXD SI 20271217 CS;SIMPLE_INSTRUMENT;BLOCK;EUR;14;150.50000000;300;EXCHANGE_LAST;;1;1;XEUR;2848338;693;
13.06.2025;08:17:32.012;FEXD.S.DEC26.DEC28.SPD;FUTURES_SPREAD;BLOCK;EUR;15;8.60000000;1000;EXCHANGE_LAST;;1;1;XEUR;72060570450264161;693;
13.06.2025;08:17:32.012;FEXD SI 20261218 CS;SIMPLE_INSTRUMENT;BLOCK;EUR;15;155.70000000;1000;PRC_DECOMP_MEMBER;;;;XEUR;2163053;693;MEMBER
13.06.2025;08:17:32.012;FEXD SI 20281215 CS;SIMPLE_INSTRUMENT;BLOCK;EUR;15;147.10000000;1000;PRC_DECOMP_MEMBER;;;;XEUR;3680985;693;MEMBER
13.06.2025;08:21:11.303;FEXD.S.DEC26.DEC28.SPD;FUTURES_SPREAD;BLOCK;EUR;17;8.60000000;250;EXCHANGE_LAST;;1;1;XEUR;72060570450264161;693;
13.06.2025;08:21:11.303;FEXD SI 20261218 CS;SIMPLE_INSTRUMENT;BLOCK;EUR;17;155.80000000;250;PRC_DECOMP_MEMBER;;;;XEUR;2163053;693;MEMBER
13.06.2025;08:21:11.303;FEXD SI 20281215 CS;SIMPLE_INSTRUMENT;BLOCK;EUR;17;147.20000000;250;PRC_DECOMP_MEMBER;;;;XEUR;3680985;693;MEMBER
13.06.2025;08:22:39.889;FEXD SI 20261218 CS;SIMPLE_INSTRUMENT;BLOCK;EUR;18;155.80000000;150;EXCHANGE_LAST;;1;1;XEUR;2163053;693;
13.06.2025;08:23:19.268;FEXD SI 20261218 CS;SIMPLE_INSTRUMENT;BLOCK;EUR;19;155.80000000;300;EXCHANGE_LAST;;1;1;XEUR;2163053;693;
13.06.2025;08:23:52.358;FEXD.S.DEC26.DEC28.SPD;FUTURES_SPREAD;BLOCK;EUR;20;8.70000000;500;EXCHANGE_LAST;;1;1;XEUR;72060570450264161;693;
13.06.2025;08:23:52.358;FEXD SI 20281215 CS;SIMPLE_INSTRUMENT;BLOCK;EUR;20;147.20000000;500;PRC_DECOMP_MEMBER;;;;XEUR;3680985;693;MEMBER
13.06.2025;08:23:52.358;FEXD SI 20261218 CS;SIMPLE_INSTRUMENT;BLOCK;EUR;20;155.90000000;500;PRC_DECOMP_MEMBER;;;;XEUR;2163053;693;MEMBER
13.06.2025;08:24:39.085;FEXD.S.DEC26.DEC28.SPD;FUTURES_SPREAD;BLOCK;EUR;21;8.50000000;500;EXCHANGE_LAST;;1;1;XEUR;72060570450264161;693;
13.06.2025;08:24:39.085;FEXD SI 20281215 CS;SIMPLE_INSTRUMENT;BLOCK;EUR;21;147.30000000;500;PRC_DECOMP_MEMBER;;;;XEUR;3680985;693;MEMBER
13.06.2025;08:24:39.085;FEXD SI 20261218 CS;SIMPLE_INSTRUMENT;BLOCK;EUR;21;155.80000000;500;PRC_DECOMP_MEMBER;;;;XEUR;2163053;693;MEMBER
13.06.2025;08:35:04.563;FEXD.S.DEC26.DEC27.SPD;FUTURES_SPREAD;BLOCK;EUR;24;5.20000000;750;EXCHANGE_LAST;;1;1;XEUR;72060570450264153;693;
13.06.2025;08:35:04.563;FEXD SI 20271217 CS;SIMPLE_INSTRUMENT;BLOCK;EUR;24;150.30000000;750;PRC_DECOMP_MEMBER;;;;XEUR;2848338;693;MEMBER
13.06.2025;08:35:04.563;FEXD SI 20261218 CS;SIMPLE_INSTRUMENT;BLOCK;EUR;24;155.50000000;750;PRC_DECOMP_MEMBER;;;;XEUR;2163053;693;MEMBER
13.06.2025;08:47:06.461;FEXD.S.DEC26.DEC27.SPD;FUTURES_SPREAD;BLOCK;EUR;33;5.20000000;200;EXCHANGE_LAST;;1;1;XEUR;72060570450264153;693;
13.06.2025;08:47:06.461;FEXD SI 20261218 CS;SIMPLE_INSTRUMENT;BLOCK;EUR;33;155.50000000;200;PRC_DECOMP_MEMBER;;;;XEUR;2163053;693;MEMBER
13.06.2025;08:47:06.461;FEXD SI 20271217 CS;SIMPLE_INSTRUMENT;BLOCK;EUR;33;150.30000000;200;PRC_DECOMP_MEMBER;;;;XEUR;2848338;693;MEMBER
13.06.2025;08:55:27.556;FEXD.S.DEC26.DEC28.SPD;FUTURES_SPREAD;BLOCK;EUR;36;8.60000000;1000;EXCHANGE_LAST;;1;1;XEUR;72060570450264161;693;
13.06.2025;08:55:27.556;FEXD SI 20281215 CS;SIMPLE_INSTRUMENT;BLOCK;EUR;36;146.70000000;1000;PRC_DECOMP_EXCHANGE;;;;XEUR;3680985;693;EXCHANGE
13.06.2025;08:55:27.556;FEXD SI 20261218 CS;SIMPLE_INSTRUMENT;BLOCK;EUR;36;155.30000000;1000;PRC_DECOMP_EXCHANGE;;;;XEUR;2163053;693;EXCHANGE
13.06.2025;09:01:09.695;FEXD.S.DEC26.DEC28.SPD;FUTURES_SPREAD;BLOCK;EUR;37;8.60000000;1000;EXCHANGE_LAST;;1;1;XEUR;72060570450264161;693;
13.06.2025;09:01:09.695;FEXD SI 20261218 CS;SIMPLE_INSTRUMENT;BLOCK;EUR;37;155.40000000;1000;PRC_DECOMP_MEMBER;;;;XEUR;2163053;693;MEMBER
13.06.2025;09:01:09.695;FEXD SI 20281215 CS;SIMPLE_INSTRUMENT;BLOCK;EUR;37;146.80000000;1000;PRC_DECOMP_MEMBER;;;;XEUR;3680985;693;MEMBER
13.06.2025;09:32:06.212;FEXD.S.DEC28.DEC29.SPD;FUTURES_SPREAD;BLOCK;EUR;49;3.30000000;375;EXCHANGE_LAST;;1;1;XEUR;72060570450264171;693;
13.06.2025;09:32:06.212;FEXD SI 20291221 CS;SIMPLE_INSTRUMENT;BLOCK;EUR;49;143.60000000;375;PRC_DECOMP_EXCHANGE;;;;XEUR;4631968;693;EXCHANGE
13.06.2025;09:32:06.212;FEXD SI 20281215 CS;SIMPLE_INSTRUMENT;BLOCK;EUR;49;146.90000000;375;PRC_DECOMP_EXCHANGE;;;;XEUR;3680985;693;EXCHANGE
13.06.2025;09:42:02.786;FEXD SI 20271217 CS;SIMPLE_INSTRUMENT;BLOCK;EUR;52;150.30000000;750;EXCHANGE_LAST;;1;3;XEUR;2848338;693;
13.06.2025;10:16:32.420;FEXD.S.DEC26.DEC28.SPD;FUTURES_SPREAD;BLOCK;EUR;66;8.60000000;350;EXCHANGE_LAST;;1;1;XEUR;72060570450264161;693;
13.06.2025;10:16:32.420;FEXD SI 20261218 CS;SIMPLE_INSTRUMENT;BLOCK;EUR;66;155.40000000;350;PRC_DECOMP_EXCHANGE;;;;XEUR;2163053;693;EXCHANGE
13.06.2025;10:16:32.420;FEXD SI 20281215 CS;SIMPLE_INSTRUMENT;BLOCK;EUR;66;146.80000000;350;PRC_DECOMP_EXCHANGE;;;;XEUR;3680985;693;EXCHANGE
13.06.2025;10:34:52.582;FEXD.S.DEC26.DEC28.SPD;FUTURES_SPREAD;BLOCK;EUR;69;8.60000000;500;EXCHANGE_LAST;;1;1;XEUR;72060570450264161;693;
13.06.2025;10:34:52.582;FEXD SI 20261218 CS;SIMPLE_INSTRUMENT;BLOCK;EUR;69;155.20000000;500;PRC_DECOMP_MEMBER;;;;XEUR;2163053;693;MEMBER
13.06.2025;10:34:52.582;FEXD SI 20281215 CS;SIMPLE_INSTRUMENT;BLOCK;EUR;69;146.60000000;500;PRC_DECOMP_MEMBER;;;;XEUR;3680985;693;MEMBER
13.06.2025;10:44:28.029;FEXD.S.DEC26.DEC28.SPD;FUTURES_SPREAD;BLOCK;EUR;73;8.60000000;235;EXCHANGE_LAST;;1;1;XEUR;72060570450264161;693;
13.06.2025;10:44:28.029;FEXD SI 20281215 CS;SIMPLE_INSTRUMENT;BLOCK;EUR;73;146.80000000;235;PRC_DECOMP_MEMBER;;;;XEUR;3680985;693;MEMBER
13.06.2025;10:44:28.029;FEXD SI 20261218 CS;SIMPLE_INSTRUMENT;BLOCK;EUR;73;155.40000000;235;PRC_DECOMP_MEMBER;;;;XEUR;2163053;693;MEMBER
13.06.2025;10:47:08.731;FEXD.S.DEC26.DEC28.SPD;FUTURES_SPREAD;BLOCK;EUR;74;8.60000000;750;EXCHANGE_LAST;;1;1;XEUR;72060570450264161;693;
13.06.2025;10:47:08.731;FEXD SI 20261218 CS;SIMPLE_INSTRUMENT;BLOCK;EUR;74;155.40000000;750;PRC_DECOMP_MEMBER;;;;XEUR;2163053;693;MEMBER
13.06.2025;10:47:08.731;FEXD SI 20281215 CS;SIMPLE_INSTRUMENT;BLOCK;EUR;74;146.80000000;750;PRC_DECOMP_MEMBER;;;;XEUR;3680985;693;MEMBER
13.06.2025;10:53:30.310;FEXD.S.DEC26.DEC28.SPD;FUTURES_SPREAD;BLOCK;EUR;78;8.60000000;500;EXCHANGE_LAST;;1;1;XEUR;72060570450264161;693;
13.06.2025;10:53:30.310;FEXD SI 20281215 CS;SIMPLE_INSTRUMENT;BLOCK;EUR;78;146.70000000;500;PRC_DECOMP_MEMBER;;;;XEUR;3680985;693;MEMBER
13.06.2025;10:53:30.310;FEXD SI 20261218 CS;SIMPLE_INSTRUMENT;BLOCK;EUR;78;155.30000000;500;PRC_DECOMP_MEMBER;;;;XEUR;2163053;693;MEMBER
13.06.2025;10:54:54.687;FEXD.S.DEC26.DEC28.SPD;FUTURES_SPREAD;BLOCK;EUR;79;8.60000000;500;EXCHANGE_LAST;;1;1;XEUR;72060570450264161;693;
13.06.2025;10:54:54.687;FEXD SI 20261218 CS;SIMPLE_INSTRUMENT;BLOCK;EUR;79;155.40000000;500;PRC_DECOMP_MEMBER;;;;XEUR;2163053;693;MEMBER
13.06.2025;10:54:54.687;FEXD SI 20281215 CS;SIMPLE_INSTRUMENT;BLOCK;EUR;79;146.80000000;500;PRC_DECOMP_MEMBER;;;;XEUR;3680985;693;MEMBER
13.06.2025;13:02:37.649;FEXD.S.DEC26.DEC27.SPD;FUTURES_SPREAD;BLOCK;EUR;103;5.00000000;250;EXCHANGE_LAST;;1;1;XEUR;72060570450264153;693;
13.06.2025;13:02:37.649;FEXD SI 20271217 CS;SIMPLE_INSTRUMENT;BLOCK;EUR;103;150.50000000;250;PRC_DECOMP_MEMBER;;;;XEUR;2848338;693;MEMBER
13.06.2025;13:02:37.649;FEXD SI 20261218 CS;SIMPLE_INSTRUMENT;BLOCK;EUR;103;155.50000000;250;PRC_DECOMP_MEMBER;;;;XEUR;2163053;693;MEMBER
13.06.2025;12:55:45.392;FEXD.S.DEC26.DEC27.SPD;FUTURES_SPREAD;BLOCK;EUR;104;5.00000000;500;EXCHANGE_LAST;;1;1;XEUR;72060570450264153;693;
13.06.2025;12:55:45.392;FEXD SI 20261218 CS;SIMPLE_INSTRUMENT;BLOCK;EUR;104;155.50000000;500;PRC_DECOMP_MEMBER;;;;XEUR;2163053;693;MEMBER
13.06.2025;12:55:45.392;FEXD SI 20271217 CS;SIMPLE_INSTRUMENT;BLOCK;EUR;104;150.50000000;500;PRC_DECOMP_MEMBER;;;;XEUR;2848338;693;MEMBER
13.06.2025;15:22:20.568;FEXD SI 20261218 CS;SIMPLE_INSTRUMENT;BLOCK;EUR;147;155.30000000;135;EXCHANGE_LAST;;1;1;XEUR;2163053;693;
13.06.2025;15:22:32.825;FEXD SI 20261218 CS;SIMPLE_INSTRUMENT;BLOCK;EUR;148;155.30000000;175;EXCHANGE_LAST;;1;1;XEUR;2163053;693;
13.06.2025;15:22:32.825;FEXD SI 20261218 CS;SIMPLE_INSTRUMENT;BLOCK;EUR;149;155.60000000;175;EXCHANGE_LAST;;1;1;XEUR;2163053;693;
13.06.2025;13:45:42.284;FFOX SI 20250619 CS;SIMPLE_INSTRUMENT;BLOCK;EUR;16;4736.20000000;119;EXCHANGE_LAST;;1;1;XEUR;11881292;695;
13.06.2025;06:47:44.337;FGBL SI 20250908 PS;SIMPLE_INSTRUMENT;EFS;EUR;1;131.85000000;849;EXCHANGE_LAST;;1;1;XEUR;12372482;688;
13.06.2025;06:55:10.014;FGBL SI 20250908 PS;SIMPLE_INSTRUMENT;EFS;EUR;2;131.63000000;418;EXCHANGE_LAST;;1;1;XEUR;12372482;688;
13.06.2025;06:59:53.804;FGBL SI 20250908 PS;SIMPLE_INSTRUMENT;EFS;EUR;3;131.63000000;209;EXCHANGE_LAST;;1;1;XEUR;12372482;688;
13.06.2025;06:59:58.907;FGBL SI 20250908 PS;SIMPLE_INSTRUMENT;EFS;EUR;4;131.63000000;209;EXCHANGE_LAST;;1;1;XEUR;12372482;688;
13.06.2025;07:00:02.759;FGBL SI 20250908 PS;SIMPLE_INSTRUMENT;EFS;EUR;5;131.64000000;209;EXCHANGE_LAST;;1;1;XEUR;12372482;688;
13.06.2025;07:14:29.102;FGBL SI 20250908 PS;SIMPLE_INSTRUMENT;EFS;EUR;6;131.82000000;208;EXCHANGE_LAST;;1;1;XEUR;12372482;688;
13.06.2025;07:08:53.053;FGBL SI 20250908 PS;SIMPLE_INSTRUMENT;EFS;EUR;7;131.53000000;417;EXCHANGE_LAST;;1;1;XEUR;12372482;688;
13.06.2025;07:10:37.561;FGBL SI 20250908 PS;SIMPLE_INSTRUMENT;EFS;EUR;8;131.58000000;1000;EXCHANGE_LAST;;1;1;XEUR;12372482;688;
13.06.2025;07:10:48.898;FGBL SI 20250908 PS;SIMPLE_INSTRUMENT;EFS;EUR;9;131.59000000;289;EXCHANGE_LAST;;1;1;XEUR;12372482;688;
13.06.2025;07:14:47.027;FGBL SI 20250908 PS;SIMPLE_INSTRUMENT;EFS;EUR;10;131.43000000;209;EXCHANGE_LAST;;1;1;XEUR;12372482;688;
13.06.2025;07:15:07.059;FGBL SI 20250908 PS;SIMPLE_INSTRUMENT;EFS;EUR;11;131.43000000;209;EXCHANGE_LAST;;1;1;XEUR;12372482;688;
13.06.2025;07:16:47.166;FGBL SI 20250908 PS;SIMPLE_INSTRUMENT;EFS;EUR;12;131.43000000;210;EXCHANGE_LAST;;1;1;XEUR;12372482;688;
13.06.2025;07:20:52.424;FGBL SI 20250908 PS;SIMPLE_INSTRUMENT;EFS;EUR;13;131.43000000;419;EXCHANGE_LAST;;1;1;XEUR;12372482;688;
13.06.2025;07:23:32.776;FGBL SI 20250908 PS;SIMPLE_INSTRUMENT;EFS;EUR;14;131.45000000;418;EXCHANGE_LAST;;1;1;XEUR;12372482;688;
13.06.2025;07:24:00.250;FGBL SI 20250908 PS;SIMPLE_INSTRUMENT;EFS;EUR;15;131.45000000;500;EXCHANGE_LAST;;1;1;XEUR;12372482;688;
13.06.2025;07:24:36.937;FGBL SI 20250908 PS;SIMPLE_INSTRUMENT;EFS;EUR;16;131.38000000;96;EXCHANGE_LAST;;1;1;XEUR;12372482;688;
13.06.2025;07:24:36.937;FGBL SI 20250908 PS;SIMPLE_INSTRUMENT;EFS;EUR;17;131.44000000;241;EXCHANGE_LAST;;1;1;XEUR;12372482;688;
13.06.2025;07:24:59.902;FGBL SI 20250908 PS;SIMPLE_INSTRUMENT;EFS;EUR;18;131.88000000;417;EXCHANGE_LAST;;1;1;XEUR;12372482;688;
13.06.2025;07:26:25.741;FGBL SI 20250908 PS;SIMPLE_INSTRUMENT;EFS;EUR;19;131.84000000;417;EXCHANGE_LAST;;1;1;XEUR;12372482;688;
13.06.2025;07:27:02.744;FGBL SI 20250908 PS;SIMPLE_INSTRUMENT;EFS;EUR;20;131.88000000;417;EXCHANGE_LAST;;1;1;XEUR;12372482;688;
13.06.2025;07:28:02.965;FGBL SI 20250908 PS;SIMPLE_INSTRUMENT;EFS;EUR;21;131.84000000;417;EXCHANGE_LAST;;1;1;XEUR;12372482;688;
13.06.2025;07:29:45.209;FGBL SI 20250908 PS;SIMPLE_INSTRUMENT;EFS;EUR;22;131.88000000;417;EXCHANGE_LAST;;1;1;XEUR;12372482;688;
13.06.2025;07:31:07.423;FGBL SI 20250908 PS;SIMPLE_INSTRUMENT;EFS;EUR;23;131.84000000;417;EXCHANGE_LAST;;1;1;XEUR;12372482;688;
13.06.2025;07:31:24.103;FGBL SI 20250908 PS;SIMPLE_INSTRUMENT;EFS;EUR;24;131.46000000;419;EXCHANGE_LAST;;1;1;XEUR;12372482;688;
13.06.2025;07:31:47.286;FGBL SI 20250908 PS;SIMPLE_INSTRUMENT;EFS;EUR;25;131.43000000;419;EXCHANGE_LAST;;1;1;XEUR;12372482;688;
13.06.2025;07:33:12.329;FGBL SI 20250908 PS;SIMPLE_INSTRUMENT;EFS;EUR;26;131.44000000;194;EXCHANGE_LAST;;1;1;XEUR;12372482;688;
13.06.2025;07:33:49.119;FGBL SI 20250908 PS;SIMPLE_INSTRUMENT;EFS;EUR;27;131.82000000;209;EXCHANGE_LAST;;1;1;XEUR;12372482;688;
13.06.2025;07:36:55.200;FGBL SI 20250908 PS;SIMPLE_INSTRUMENT;EFS;EUR;28;131.82000000;209;EXCHANGE_LAST;;1;1;XEUR;12372482;688;
13.06.2025;07:40:19.926;FGBL SI 20250908 PS;SIMPLE_INSTRUMENT;EFS;EUR;29;131.83000000;417;EXCHANGE_LAST;;1;1;XEUR;12372482;688;
13.06.2025;07:42:26.542;FGBL SI 20250908 PS;SIMPLE_INSTRUMENT;EFS;EUR;30;131.54000000;418;EXCHANGE_LAST;;1;1;XEUR;12372482;688;
13.06.2025;07:45:06.266;FGBL SI 20250908 PS;SIMPLE_INSTRUMENT;EFS;EUR;31;131.46000000;193;EXCHANGE_LAST;;1;1;XEUR;12372482;688;
13.06.2025;07:42:56.098;FGBL SI 20250908 PS;SIMPLE_INSTRUMENT;EFS;EUR;32;131.54000000;418;EXCHANGE_LAST;;1;1;XEUR;12372482;688;
13.06.2025;07:46:25.034;FGBL SI 20250908 PS;SIMPLE_INSTRUMENT;EFS;EUR;33;131.45000000;209;EXCHANGE_LAST;;1;1;XEUR;12372482;688;
13.06.2025;07:48:05.039;FGBL SI 20250908 PS;SIMPLE_INSTRUMENT;EFS;EUR;34;131.33000000;100;EXCHANGE_LAST;;1;1;XEUR;12372482;688;
13.06.2025;07:52:14.038;FGBL SI 20250908 PS;SIMPLE_INSTRUMENT;EFS;EUR;35;131.40000000;209;EXCHANGE_LAST;;1;1;XEUR;12372482;688;
13.06.2025;07:54:10.831;FGBL SI 20250908 PS;SIMPLE_INSTRUMENT;EFS;EUR;36;131.38000000;419;EXCHANGE_LAST;;1;1;XEUR;12372482;688;
13.06.2025;07:54:42.831;FGBL SI 20250908 PS;SIMPLE_INSTRUMENT;EFS;EUR;37;131.33000000;836;EXCHANGE_LAST;;1;1;XEUR;12372482;688;
13.06.2025;07:58:37.960;FGBL SI 20250908 PS;SIMPLE_INSTRUMENT;EFS;EUR;38;131.32000000;419;EXCHANGE_LAST;;1;1;XEUR;12372482;688;
13.06.2025;08:00:07.158;FGBL SI 20250908 PS;SIMPLE_INSTRUMENT;EFS;EUR;39;131.45000000;972;EXCHANGE_LAST;;1;1;XEUR;12372482;688;
13.06.2025;08:00:20.230;FGBL SI 20250908 PS;SIMPLE_INSTRUMENT;EFS;EUR;40;131.32000000;417;EXCHANGE_LAST;;1;1;XEUR;12372482;688;
13.06.2025;08:00:55.932;FGBL SI 20250908 PS;SIMPLE_INSTRUMENT;EFS;EUR;41;131.31000000;419;EXCHANGE_LAST;;1;1;XEUR;12372482;688;
13.06.2025;08:01:30.964;FGBL SI 20250908 PS;SIMPLE_INSTRUMENT;EFS;EUR;42;131.32000000;419;EXCHANGE_LAST;;1;1;XEUR;12372482;688;
13.06.2025;08:01:32.196;FGBL SI 20250908 PS;SIMPLE_INSTRUMENT;EFS;EUR;43;131.31000000;419;EXCHANGE_LAST;;1;1;XEUR;12372482;688;
13.06.2025;08:03:21.224;FGBL SI 20250908 PS;SIMPLE_INSTRUMENT;EFS;EUR;44;131.35000000;210;EXCHANGE_LAST;;1;1;XEUR;12372482;688;
13.06.2025;08:15:45.839;FGBL SI 20250908 PS;SIMPLE_INSTRUMENT;EFS;EUR;45;131.30000000;1257;EXCHANGE_LAST;;1;1;XEUR;12372482;688;
13.06.2025;08:17:04.438;FGBL SI 20250908 PS;SIMPLE_INSTRUMENT;EFP_FIN;EUR;46;131.24000000;188;EXCHANGE_LAST;;1;1;XEUR;12372482;688;
13.06.2025;08:19:21.581;FGBL SI 20250908 PS;SIMPLE_INSTRUMENT;EFS;EUR;47;131.24000000;419;EXCHANGE_LAST;;1;1;XEUR;12372482;688;
13.06.2025;08:19:58.502;FGBL SI 20250908 PS;SIMPLE_INSTRUMENT;EFS;EUR;48;131.19000000;420;EXCHANGE_LAST;;1;1;XEUR;12372482;688;
13.06.2025;08:22:30.050;FGBL SI 20250908 PS;SIMPLE_INSTRUMENT;EFS;EUR;49;131.20000000;1000;EXCHANGE_LAST;;1;1;XEUR;12372482;688;
13.06.2025;08:25:55.060;FGBL SI 20250908 PS;SIMPLE_INSTRUMENT;EFS;EUR;50;131.20000000;2414;EXCHANGE_LAST;;1;1;XEUR;12372482;688;
13.06.2025;08:30:12.574;FGBL SI 20250908 PS;SIMPLE_INSTRUMENT;EFS;EUR;51;131.25000000;419;EXCHANGE_LAST;;1;1;XEUR;12372482;688;
13.06.2025;08:34:15.345;FGBL SI 20250908 PS;SIMPLE_INSTRUMENT;EFS;EUR;52;131.25000000;210;EXCHANGE_LAST;;1;1;XEUR;12372482;688;
13.06.2025;08:44:29.071;FGBL SI 20250908 PS;SIMPLE_INSTRUMENT;EFP_FIN;EUR;53;131.22000000;80;EXCHANGE_LAST;;1;1;XEUR;12372482;688;
13.06.2025;08:47:20.902;FGBL SI 20250908 PS;SIMPLE_INSTRUMENT;EFS;EUR;54;131.28000000;965;EXCHANGE_LAST;;1;1;XEUR;12372482;688;
13.06.2025;08:51:50.701;FGBL SI 20250908 PS;SIMPLE_INSTRUMENT;EFS;EUR;55;131.36000000;419;EXCHANGE_LAST;;1;1;XEUR;12372482;688;
13.06.2025;08:55:05.859;FGBL SI 20250908 PS;SIMPLE_INSTRUMENT;EFS;EUR;56;131.37000000;210;EXCHANGE_LAST;;1;1;XEUR;12372482;688;
13.06.2025;08:55:52.335;FGBL SI 20250908 PS;SIMPLE_INSTRUMENT;EFS;EUR;57;131.34000000;210;EXCHANGE_LAST;;1;1;XEUR;12372482;688;
13.06.2025;08:56:38.677;FGBL SI 20250908 PS;SIMPLE_INSTRUMENT;EFS;EUR;58;131.35000000;210;EXCHANGE_LAST;;1;1;XEUR;12372482;688;
13.06.2025;08:57:20.980;FGBL SI 20250908 PS;SIMPLE_INSTRUMENT;EFS;EUR;59;131.40000000;210;EXCHANGE_LAST;;1;1;XEUR;12372482;688;
13.06.2025;08:57:21.025;FGBL SI 20250908 PS;SIMPLE_INSTRUMENT;EFS;EUR;60;131.40000000;251;EXCHANGE_LAST;;1;1;XEUR;12372482;688;
13.06.2025;08:58:41.049;FGBL SI 20250908 PS;SIMPLE_INSTRUMENT;EFS;EUR;61;131.40000000;168;EXCHANGE_LAST;;1;1;XEUR;12372482;688;
13.06.2025;08:59:22.683;FGBL SI 20250908 PS;SIMPLE_INSTRUMENT;EFS;EUR;62;131.40000000;461;EXCHANGE_LAST;;1;1;XEUR;12372482;688;
13.06.2025;09:08:29.435;FGBL SI 20250908 PS;SIMPLE_INSTRUMENT;EFS;EUR;63;131.41000000;1446;EXCHANGE_LAST;;1;1;XEUR;12372482;688;
13.06.2025;09:11:08.356;FGBL SI 20250908 PS;SIMPLE_INSTRUMENT;EFS;EUR;64;131.24000000;241;EXCHANGE_LAST;;1;1;XEUR;12372482;688;
13.06.2025;09:11:17.603;FGBL SI 20250908 PS;SIMPLE_INSTRUMENT;EFS;EUR;65;131.21000000;210;EXCHANGE_LAST;;1;1;XEUR;12372482;688;
13.06.2025;09:11:46.241;FGBL SI 20250908 PS;SIMPLE_INSTRUMENT;EFS;EUR;66;131.29000000;201;EXCHANGE_LAST;;1;1;XEUR;12372482;688;
13.06.2025;09:12:37.671;FGBL SI 20250908 PS;SIMPLE_INSTRUMENT;EFS;EUR;67;131.21000000;210;EXCHANGE_LAST;;1;1;XEUR;12372482;688;
13.06.2025;09:13:17.412;FGBL SI 20250908 PS;SIMPLE_INSTRUMENT;EFS;EUR;68;131.23000000;373;EXCHANGE_LAST;;1;1;XEUR;12372482;688;
13.06.2025;09:14:38.538;FGBL SI 20250908 PS;SIMPLE_INSTRUMENT;EFS;EUR;69;131.26000000;418;EXCHANGE_LAST;;1;1;XEUR;12372482;688;
13.06.2025;09:19:47.934;FGBL SI 20250908 PS;SIMPLE_INSTRUMENT;EFS;EUR;70;131.25000000;293;EXCHANGE_LAST;;1;1;XEUR;12372482;688;
13.06.2025;09:23:30.275;FGBL SI 20250908 PS;SIMPLE_INSTRUMENT;EFS;EUR;71;131.21000000;470;EXCHANGE_LAST;;1;1;XEUR;12372482;688;
13.06.2025;09:26:23.378;FGBL SI 20250908 PS;SIMPLE_INSTRUMENT;EFS;EUR;72;131.28000000;491;EXCHANGE_LAST;;1;1;XEUR;12372482;688;
13.06.2025;09:26:53.297;FGBL SI 20250908 PS;SIMPLE_INSTRUMENT;EFS;EUR;73;131.22000000;235;EXCHANGE_LAST;;1;1;XEUR;12372482;688;
13.06.2025;09:29:16.720;FGBL SI 20250908 PS;SIMPLE_INSTRUMENT;EFS;EUR;74;131.27000000;681;EXCHANGE_LAST;;1;1;XEUR;12372482;688;
13.06.2025;09:39:01.697;FGBL SI 20250908 PS;SIMPLE_INSTRUMENT;EFS;EUR;75;131.28000000;251;EXCHANGE_LAST;;1;1;XEUR;12372482;688;
13.06.2025;09:49:00.266;FGBL SI 20250908 PS;SIMPLE_INSTRUMENT;EFS;EUR;76;131.31000000;208;EXCHANGE_LAST;;1;1;XEUR;12372482;688;
13.06.2025;10:25:35.948;FGBL SI 20250908 PS;SIMPLE_INSTRUMENT;EFS;EUR;77;131.19000000;420;EXCHANGE_LAST;;1;1;XEUR;12372482;688;
13.06.2025;10:25:44.955;FGBL SI 20250908 PS;SIMPLE_INSTRUMENT;EFS;EUR;78;131.19000000;420;EXCHANGE_LAST;;1;1;XEUR;12372482;688;
13.06.2025;10:12:36.416;FGBL SI 20250908 PS;SIMPLE_INSTRUMENT;EFS;EUR;79;131.27000000;419;EXCHANGE_LAST;;1;1;XEUR;12372482;688;
13.06.2025;10:13:35.611;FGBL SI 20250908 PS;SIMPLE_INSTRUMENT;EFS;EUR;80;131.27000000;210;EXCHANGE_LAST;;1;1;XEUR;12372482;688;
13.06.2025;10:14:29.681;FGBL SI 20250908 PS;SIMPLE_INSTRUMENT;EFS;EUR;81;131.20000000;974;EXCHANGE_LAST;;1;1;XEUR;12372482;688;
13.06.2025;10:18:48.338;FGBL SI 20250908 PS;SIMPLE_INSTRUMENT;EFS;EUR;82;131.21000000;419;EXCHANGE_LAST;;1;1;XEUR;12372482;688;
13.06.2025;10:20:56.341;FGBL SI 20250908 PS;SIMPLE_INSTRUMENT;EFS;EUR;83;131.18000000;628;EXCHANGE_LAST;;1;1;XEUR;12372482;688;
13.06.2025;10:20:58.967;FGBL SI 20250908 PS;SIMPLE_INSTRUMENT;EFS;EUR;84;131.21000000;419;EXCHANGE_LAST;;1;1;XEUR;12372482;688;
13.06.2025;10:22:19.189;FGBL SI 20250908 PS;SIMPLE_INSTRUMENT;EFS;EUR;85;131.20000000;210;EXCHANGE_LAST;;1;1;XEUR;12372482;688;
13.06.2025;10:26:43.624;FGBL SI 20250908 PS;SIMPLE_INSTRUMENT;EFS;EUR;86;131.19000000;210;EXCHANGE_LAST;;1;1;XEUR;12372482;688;
13.06.2025;10:33:11.377;FGBL SI 20250908 PS;SIMPLE_INSTRUMENT;EFS;EUR;87;131.12000000;209;EXCHANGE_LAST;;1;1;XEUR;12372482;688;
13.06.2025;10:33:38.331;FGBL SI 20250908 PS;SIMPLE_INSTRUMENT;EFS;EUR;88;131.16000000;210;EXCHANGE_LAST;;1;1;XEUR;12372482;688;
13.06.2025;10:41:10.170;FGBL SI 20250908 PS;SIMPLE_INSTRUMENT;EFS;EUR;89;131.30000000;100;EXCHANGE_LAST;;1;1;XEUR;12372482;688;
13.06.2025;10:53:30.823;FGBL SI 20250908 PS;SIMPLE_INSTRUMENT;EFS;EUR;90;131.14000000;419;EXCHANGE_LAST;;1;1;XEUR;12372482;688;
13.06.2025;10:59:21.859;FGBL SI 20250908 PS;SIMPLE_INSTRUMENT;EFS;EUR;91;131.14000000;400;EXCHANGE_LAST;;1;1;XEUR;12372482;688;
13.06.2025;11:02:49.899;FGBL SI 20250908 PS;SIMPLE_INSTRUMENT;EFP_FIN;EUR;92;131.12000000;1500;EXCHANGE_LAST;;1;1;XEUR;12372482;688;
13.06.2025;11:03:41.748;FGBL SI 20250908 PS;SIMPLE_INSTRUMENT;EFP_FIN;EUR;93;131.16000000;1500;EXCHANGE_LAST;;1;1;XEUR;12372482;688;
13.06.2025;11:03:56.294;FGBL SI 20250908 PS;SIMPLE_INSTRUMENT;EFS;EUR;94;131.17000000;419;EXCHANGE_LAST;;1;1;XEUR;12372482;688;
13.06.2025;11:04:11.307;FGBL SI 20250908 PS;SIMPLE_INSTRUMENT;EFS;EUR;95;131.17000000;419;EXCHANGE_LAST;;1;1;XEUR;12372482;688;
13.06.2025;11:04:26.322;FGBL SI 20250908 PS;SIMPLE_INSTRUMENT;EFS;EUR;96;131.17000000;546;EXCHANGE_LAST;;1;1;XEUR;12372482;688;
13.06.2025;11:05:56.398;FGBL SI 20250908 PS;SIMPLE_INSTRUMENT;EFS;EUR;97;131.17000000;294;EXCHANGE_LAST;;1;1;XEUR;12372482;688;
13.06.2025;11:06:46.974;FGBL SI 20250908 PS;SIMPLE_INSTRUMENT;EFS;EUR;98;131.16000000;241;EXCHANGE_LAST;;1;1;XEUR;12372482;688;
13.06.2025;11:12:41.149;FGBL SI 20250908 PS;SIMPLE_INSTRUMENT;EFP_FIN;EUR;99;131.14000000;197;EXCHANGE_LAST;;1;1;XEUR;12372482;688;
13.06.2025;11:13:11.472;FGBL SI 20250908 PS;SIMPLE_INSTRUMENT;EFS;EUR;100;131.15000000;629;EXCHANGE_LAST;;1;1;XEUR;12372482;688;
13.06.2025;11:14:11.861;FGBL SI 20250908 PS;SIMPLE_INSTRUMENT;EFS;EUR;101;131.15000000;168;EXCHANGE_LAST;;1;1;XEUR;12372482;688;
13.06.2025;11:15:07.019;FGBL SI 20250908 PS;SIMPLE_INSTRUMENT;EFP_FIN;EUR;102;131.14000000;136;EXCHANGE_LAST;;1;1;XEUR;12372482;688;
13.06.2025;11:22:53.163;FGBL SI 20250908 PS;SIMPLE_INSTRUMENT;EFP_FIN;EUR;103;131.14000000;162;EXCHANGE_LAST;;1;1;XEUR;12372482;688;
13.06.2025;11:20:33.007;FGBL SI 20250908 PS;SIMPLE_INSTRUMENT;EFP_FIN;EUR;104;131.14000000;853;EXCHANGE_LAST;;1;1;XEUR;12372482;688;
13.06.2025;11:29:33.540;FGBL SI 20250908 PS;SIMPLE_INSTRUMENT;EFS;EUR;105;131.21000000;483;EXCHANGE_LAST;;1;1;XEUR;12372482;688;
13.06.2025;11:31:56.548;FGBL SI 20250908 PS;SIMPLE_INSTRUMENT;EFS;EUR;106;131.17000000;492;EXCHANGE_LAST;;1;1;XEUR;12372482;688;
13.06.2025;11:33:22.553;FGBL SI 20250908 PS;SIMPLE_INSTRUMENT;EFS;EUR;107;131.13000000;335;EXCHANGE_LAST;;1;1;XEUR;12372482;688;
13.06.2025;11:38:02.031;FGBL SI 20250908 PS;SIMPLE_INSTRUMENT;EFS;EUR;108;131.33000000;254;EXCHANGE_LAST;;1;1;XEUR;12372482;688;
13.06.2025;11:49:53.722;FGBL SI 20250908 PS;SIMPLE_INSTRUMENT;EFS;EUR;109;131.27000000;209;EXCHANGE_LAST;;1;1;XEUR;12372482;688;
13.06.2025;11:50:53.654;FGBL SI 20250908 PS;SIMPLE_INSTRUMENT;EFP_FIN;EUR;110;131.14000000;1925;EXCHANGE_LAST;;1;1;XEUR;12372482;688;
13.06.2025;11:51:35.045;FGBL SI 20250908 PS;SIMPLE_INSTRUMENT;EFS;EUR;111;131.15000000;504;EXCHANGE_LAST;;1;1;XEUR;12372482;688;
13.06.2025;11:53:49.089;FGBL SI 20250908 PS;SIMPLE_INSTRUMENT;EFS;EUR;112;131.25000000;414;EXCHANGE_LAST;;1;1;XEUR;12372482;688;
13.06.2025;11:54:22.417;FGBL SI 20250908 PS;SIMPLE_INSTRUMENT;EFS;EUR;113;131.28000000;209;EXCHANGE_LAST;;1;1;XEUR;12372482;688;
13.06.2025;12:14:25.990;FGBL SI 20250908 PS;SIMPLE_INSTRUMENT;EFS;EUR;114;131.14000000;841;EXCHANGE_LAST;;1;1;XEUR;12372482;688;
13.06.2025;12:31:30.223;FGBL SI 20250908 PS;SIMPLE_INSTRUMENT;EFS;EUR;115;131.33000000;837;EXCHANGE_LAST;;1;1;XEUR;12372482;688;
13.06.2025;12:32:59.617;FGBL SI 20250908 PS;SIMPLE_INSTRUMENT;EFS;EUR;116;131.30000000;241;EXCHANGE_LAST;;1;1;XEUR;12372482;688;
13.06.2025;12:37:06.416;FGBL SI 20250908 PS;SIMPLE_INSTRUMENT;EFS;EUR;117;131.33000000;419;EXCHANGE_LAST;;1;1;XEUR;12372482;688;
13.06.2025;12:38:06.929;FGBL SI 20250908 PS;SIMPLE_INSTRUMENT;EFP_FIN;EUR;118;131.14000000;1925;EXCHANGE_LAST;;1;1;XEUR;12372482;688;
13.06.2025;12:40:49.953;FGBL SI 20250908 PS;SIMPLE_INSTRUMENT;EFS;EUR;119;131.27000000;419;EXCHANGE_LAST;;1;1;XEUR;12372482;688;
13.06.2025;12:41:21.253;FGBL SI 20250908 PS;SIMPLE_INSTRUMENT;EFS;EUR;120;131.32000000;258;EXCHANGE_LAST;;1;1;XEUR;12372482;688;
13.06.2025;12:48:16.347;FGBL SI 20250908 PS;SIMPLE_INSTRUMENT;EFS;EUR;121;131.33000000;419;EXCHANGE_LAST;;1;1;XEUR;12372482;688;
13.06.2025;12:49:47.262;FGBL SI 20250908 PS;SIMPLE_INSTRUMENT;EFS;EUR;122;131.22000000;210;EXCHANGE_LAST;;1;1;XEUR;12372482;688;
13.06.2025;12:52:09.929;FGBL SI 20250908 PS;SIMPLE_INSTRUMENT;EFS;EUR;123;131.24000000;210;EXCHANGE_LAST;;1;1;XEUR;12372482;688;
13.06.2025;13:17:38.480;FGBL SI 20250908 PS;SIMPLE_INSTRUMENT;EFS;EUR;124;131.16000000;419;EXCHANGE_LAST;;1;1;XEUR;12372482;688;
13.06.2025;13:42:45.346;FGBL SI 20250908 PS;SIMPLE_INSTRUMENT;EFS;EUR;125;131.15000000;168;EXCHANGE_LAST;;1;1;XEUR;12372482;688;
13.06.2025;13:48:27.137;FGBL SI 20250908 PS;SIMPLE_INSTRUMENT;EFP_FIN;EUR;126;131.14000000;79;EXCHANGE_LAST;;1;1;XEUR;12372482;688;
13.06.2025;14:19:49.718;FGBL SI 20250908 PS;SIMPLE_INSTRUMENT;EFS;EUR;127;131.13000000;420;EXCHANGE_LAST;;1;1;XEUR;12372482;688;
13.06.2025;14:22:41.292;FGBL SI 20250908 PS;SIMPLE_INSTRUMENT;EFS;EUR;128;131.08000000;420;EXCHANGE_LAST;;1;1;XEUR;12372482;688;
13.06.2025;14:22:55.641;FGBL SI 20250908 PS;SIMPLE_INSTRUMENT;EFS;EUR;129;131.05000000;420;EXCHANGE_LAST;;1;1;XEUR;12372482;688;
13.06.2025;14:24:01.162;FGBL SI 20250908 PS;SIMPLE_INSTRUMENT;EFS;EUR;130;131.09000000;210;EXCHANGE_LAST;;1;1;XEUR;12372482;688;
13.06.2025;14:24:54.506;FGBL SI 20250908 PS;SIMPLE_INSTRUMENT;EFS;EUR;131;131.11000000;210;EXCHANGE_LAST;;1;1;XEUR;12372482;688;
13.06.2025;14:25:43.827;FGBL SI 20250908 PS;SIMPLE_INSTRUMENT;EFS;EUR;132;131.11000000;210;EXCHANGE_LAST;;1;1;XEUR;12372482;688;
13.06.2025;14:28:15.937;FGBL SI 20250908 PS;SIMPLE_INSTRUMENT;EFS;EUR;133;131.18000000;250;EXCHANGE_LAST;;1;1;XEUR;12372482;688;
13.06.2025;14:30:34.986;FGBL SI 20250908 PS;SIMPLE_INSTRUMENT;EFS;EUR;134;131.09000000;420;EXCHANGE_LAST;;1;1;XEUR;12372482;688;
13.06.2025;14:32:05.171;FGBL SI 20250908 PS;SIMPLE_INSTRUMENT;EFS;EUR;135;131.10000000;420;EXCHANGE_LAST;;1;1;XEUR;12372482;688;
13.06.2025;14:33:39.187;FGBL SI 20250908 PS;SIMPLE_INSTRUMENT;EFS;EUR;136;131.05000000;420;EXCHANGE_LAST;;1;1;XEUR;12372482;688;
13.06.2025;14:35:13.210;FGBL SI 20250908 PS;SIMPLE_INSTRUMENT;EFS;EUR;137;131.09000000;210;EXCHANGE_LAST;;1;1;XEUR;12372482;688;
13.06.2025;14:43:10.702;FGBL SI 20250908 PS;SIMPLE_INSTRUMENT;EFS;EUR;138;130.84000000;485;EXCHANGE_LAST;;1;1;XEUR;12372482;688;
13.06.2025;14:51:11.213;FGBL SI 20250908 PS;SIMPLE_INSTRUMENT;EFS;EUR;139;130.84000000;242;EXCHANGE_LAST;;1;1;XEUR;12372482;688;
13.06.2025;14:52:42.221;FGBL SI 20250908 PS;SIMPLE_INSTRUMENT;EFP_FIN;EUR;140;130.89000000;1428;EXCHANGE_LAST;;1;1;XEUR;12372482;688;
13.06.2025;14:54:48.580;FGBL SI 20250908 PS;SIMPLE_INSTRUMENT;EFS;EUR;141;130.74000000;210;EXCHANGE_LAST;;1;1;XEUR;12372482;688;
13.06.2025;15:04:13.600;FGBL SI 20250908 PS;SIMPLE_INSTRUMENT;EFS;EUR;142;130.81000000;420;EXCHANGE_LAST;;1;1;XEUR;12372482;688;
13.06.2025;15:04:43.624;FGBL SI 20250908 PS;SIMPLE_INSTRUMENT;EFS;EUR;143;130.81000000;210;EXCHANGE_LAST;;1;1;XEUR;12372482;688;
13.06.2025;15:05:08.645;FGBL SI 20250908 PS;SIMPLE_INSTRUMENT;EFS;EUR;144;130.81000000;210;EXCHANGE_LAST;;1;1;XEUR;12372482;688;
13.06.2025;15:05:57.121;FGBL SI 20250908 PS;SIMPLE_INSTRUMENT;EFS;EUR;145;130.86000000;841;EXCHANGE_LAST;;1;1;XEUR;12372482;688;
13.06.2025;15:07:18.765;FGBL SI 20250908 PS;SIMPLE_INSTRUMENT;EFS;EUR;146;130.81000000;84;EXCHANGE_LAST;;1;1;XEUR;12372482;688;
13.06.2025;15:09:34.522;FGBL SI 20250908 PS;SIMPLE_INSTRUMENT;EFS;EUR;147;130.79000000;420;EXCHANGE_LAST;;1;1;XEUR;12372482;688;
13.06.2025;15:12:34.964;FGBL SI 20250908 PS;SIMPLE_INSTRUMENT;EFS;EUR;149;130.78000000;421;EXCHANGE_LAST;;1;1;XEUR;12372482;688;
13.06.2025;15:15:38.881;FGBL SI 20250908 PS;SIMPLE_INSTRUMENT;EFS;EUR;151;130.82000000;210;EXCHANGE_LAST;;1;1;XEUR;12372482;688;
13.06.2025;15:17:42.709;FGBL SI 20250908 PS;SIMPLE_INSTRUMENT;EFS;EUR;152;130.82000000;969;EXCHANGE_LAST;;1;1;XEUR;12372482;688;
13.06.2025;15:20:06.879;FGBL SI 20250908 PS;SIMPLE_INSTRUMENT;EFS;EUR;153;130.85000000;840;EXCHANGE_LAST;;1;1;XEUR;12372482;688;
13.06.2025;15:21:43.429;FGBL SI 20250908 PS;SIMPLE_INSTRUMENT;EFS;EUR;154;130.85000000;484;EXCHANGE_LAST;;1;1;XEUR;12372482;688;
13.06.2025;15:25:25.495;FGBL SI 20250908 PS;SIMPLE_INSTRUMENT;EFS;EUR;155;130.75000000;420;EXCHANGE_LAST;;1;1;XEUR;12372482;688;
13.06.2025;15:25:51.372;FGBL SI 20250908 PS;SIMPLE_INSTRUMENT;EFP_FIN;EUR;156;130.87000000;197;EXCHANGE_LAST;;1;1;XEUR;12372482;688;
13.06.2025;15:28:06.077;FGBL SI 20250908 PS;SIMPLE_INSTRUMENT;EFS;EUR;157;130.78000000;210;EXCHANGE_LAST;;1;1;XEUR;12372482;688;
13.06.2025;15:30:26.574;FGBL SI 20250908 PS;SIMPLE_INSTRUMENT;EFS;EUR;159;130.78000000;436;EXCHANGE_LAST;;1;1;XEUR;12372482;688;
13.06.2025;15:37:53.399;FGBL SI 20250908 PS;SIMPLE_INSTRUMENT;EFS;EUR;160;130.74000000;500;EXCHANGE_LAST;;1;1;XEUR;12372482;688;
13.06.2025;15:40:10.729;FGBL SI 20250908 PS;SIMPLE_INSTRUMENT;EFS;EUR;161;130.83000000;193;EXCHANGE_LAST;;1;1;XEUR;12372482;688;
13.06.2025;15:39:49.843;FGBL SI 20250908 PS;SIMPLE_INSTRUMENT;EFS;EUR;162;130.73000000;242;EXCHANGE_LAST;;1;1;XEUR;12372482;688;
13.06.2025;15:40:36.758;FGBL SI 20250908 PS;SIMPLE_INSTRUMENT;EFS;EUR;163;130.78000000;420;EXCHANGE_LAST;;1;1;XEUR;12372482;688;
13.06.2025;15:41:57.470;FGBL SI 20250908 PS;SIMPLE_INSTRUMENT;EFS;EUR;164;130.78000000;429;EXCHANGE_LAST;;1;1;XEUR;12372482;688;
13.06.2025;15:50:23.469;FGBL SI 20250908 PS;SIMPLE_INSTRUMENT;EFS;EUR;165;130.78000000;210;EXCHANGE_LAST;;1;1;XEUR;12372482;688;
13.06.2025;15:50:44.939;FGBL SI 20250908 PS;SIMPLE_INSTRUMENT;EFS;EUR;166;130.75000000;421;EXCHANGE_LAST;;1;1;XEUR;12372482;688;
13.06.2025;15:51:27.917;FGBL SI 20250908 PS;SIMPLE_INSTRUMENT;EFS;EUR;167;130.75000000;210;EXCHANGE_LAST;;1;1;XEUR;12372482;688;
13.06.2025;15:52:12.974;FGBL SI 20250908 PS;SIMPLE_INSTRUMENT;EFS;EUR;168;130.72000000;102;EXCHANGE_LAST;;1;1;XEUR;12372482;688;
13.06.2025;15:52:24.318;FGBL SI 20250908 PS;SIMPLE_INSTRUMENT;EFS;EUR;169;130.80000000;252;EXCHANGE_LAST;;1;1;XEUR;12372482;688;
13.06.2025;15:54:14.819;FGBL SI 20250908 PS;SIMPLE_INSTRUMENT;EFS;EUR;170;130.75000000;970;EXCHANGE_LAST;;1;1;XEUR;12372482;688;
13.06.2025;15:57:48.502;FGBL SI 20250908 PS;SIMPLE_INSTRUMENT;EFS;EUR;171;130.74000000;95;EXCHANGE_LAST;;1;1;XEUR;12372482;688;
13.06.2025;16:17:40.774;FGBL SI 20250908 PS;SIMPLE_INSTRUMENT;EFS;EUR;172;130.76000000;85;EXCHANGE_LAST;;1;1;XEUR;12372482;688;
13.06.2025;16:26:12.380;FGBL SI 20250908 PS;SIMPLE_INSTRUMENT;EFS;EUR;173;130.74000000;168;EXCHANGE_LAST;;1;1;XEUR;12372482;688;
13.06.2025;07:21:29.936;FGBL SI 20250908 PS;SIMPLE_INSTRUMENT;VOLA;EUR;268435462;131.51000000;155;EXCHANGE_LAST;;1;1;XEUR;12372482;688;
13.06.2025;07:27:14.752;FGBL SI 20250908 PS;SIMPLE_INSTRUMENT;VOLA;EUR;268435466;131.39000000;66;EXCHANGE_LAST;;1;1;XEUR;12372482;688;
13.06.2025;07:34:20.585;FGBL SI 20250908 PS;SIMPLE_INSTRUMENT;VOLA;EUR;268435470;131.51000000;51;EXCHANGE_LAST;;1;1;XEUR;12372482;688;
13.06.2025;08:15:06.920;FGBL SI 20250908 PS;SIMPLE_INSTRUMENT;VOLA;EUR;268435475;131.31000000;65;EXCHANGE_LAST;;1;1;XEUR;12372482;688;
13.06.2025;09:29:22.630;FGBL SI 20250908 PS;SIMPLE_INSTRUMENT;VOLA;EUR;268435487;131.41000000;580;EXCHANGE_LAST;;1;1;XEUR;12372482;688;
13.06.2025;11:39:12.914;FGBL SI 20250908 PS;SIMPLE_INSTRUMENT;VOLA;EUR;268435504;131.18000000;18;EXCHANGE_LAST;;1;1;XEUR;12372482;688;
