#Date;TrdTime;Contract;ContractType;TrdTyp;Currency;TesId;Prc;Qty;TrdInd;Aggressor;Buy;Sell;Exch;InstrumentId;RelatedProdId;PrcDecomp
10.02.2025;11:06:08.101;A2LV SI 20261218 CS;SIMPLE_INSTRUMENT;BLOCK;EUR;28;15.80000000;50;EXCHANGE_LAST;;1;1;XEUR;4632085;12;
10.02.2025;13:52:25.790;A2SG SI 20251219 CS;SIMPLE_INSTRUMENT;BLOCK;EUR;42;1.42500000;600;EXCHANGE_LAST;;2;2;XEUR;5914262;14;
10.02.2025;09:49:38.341;A2XA SI 20251219 CS;SIMPLE_INSTRUMENT;BLOCK;EUR;10;2.32000000;600;EXCHANGE_LAST;;1;3;XEUR;3681055;17;
10.02.2025;10:52:59.039;A2XA SI 20251219 CS;SIMPLE_INSTRUMENT;BLOCK;EUR;25;2.33000000;775;EXCHANGE_LAST;;2;1;XEUR;3681055;17;
10.02.2025;14:20:59.035;A2XA SI 20250620 CS;SIMPLE_INSTRUMENT;BLOCK;EUR;48;2.13500000;600;EXCHANGE_LAST;;1;1;XEUR;10827630;17;
10.02.2025;15:08:24.181;A2XA SI 20251219 CS;SIMPLE_INSTRUMENT;BLOCK;EUR;56;2.32000000;250;EXCHANGE_LAST;;1;1;XEUR;3681055;17;
10.02.2025;15:46:37.275;AAR SI 20250221 PS AM P 16.00 0;SIMPLE_INSTRUMENT;BLOCK;EUR;25;0.24000000;1000;EXCHANGE_LAST;;1;1;XEUR;12264617;48150;
10.02.2025;10:23:44.379;ABBN SI 20250620 PS AM P 50.00 0;SIMPLE_INSTRUMENT;BLOCK;CHF;13;3.18000000;2800;EXCHANGE_LAST;;1;1;XEUR;11409836;574517;
10.02.2025;16:34:12.018;ADS.O.250210.STG.000004;STANDARD_OPTION_STRATEGY;BLOCK;EUR;27;6.10000000;250;EXCHANGE_LAST;;1;1;XEUR;72057808786332449;50;
10.02.2025;16:34:12.018;ADS SI 20250221 PS AM P 250.00 0;SIMPLE_INSTRUMENT;BLOCK;EUR;27;2.02000000;250;PRC_DECOMP_EXCHANGE;;;;XEUR;12237436;50;EXCHANGE
10.02.2025;16:34:12.018;ADS SI 20250221 PS AM C 260.00 0;SIMPLE_INSTRUMENT;BLOCK;EUR;27;4.08000000;250;PRC_DECOMP_EXCHANGE;;;;XEUR;12237411;50;EXCHANGE
10.02.2025;15:14:09.053;AFX SI 20260619 PS AM P 60.00 0;SIMPLE_INSTRUMENT;BLOCK;EUR;6;11.35000000;400;EXCHANGE_LAST;;1;1;XEUR;9536814;56;
10.02.2025;09:44:16.509;ALC SI 20250417 PS AM C 82.00 0;SIMPLE_INSTRUMENT;BLOCK;CHF;1;3.50000000;750;EXCHANGE_LAST;;1;1;XEUR;12646340;130134;
10.02.2025;10:58:01.544;ALV SI 20250321 PS AM P 300.00 0;SIMPLE_INSTRUMENT;BLOCK;EUR;3;1.95000000;500;EXCHANGE_LAST;;1;1;XEUR;10829577;74;
10.02.2025;09:27:29.885;ANN SI 20250620 PS AM P 28.00 0;SIMPLE_INSTRUMENT;BLOCK;EUR;1;1.35000000;1300;EXCHANGE_LAST;;1;1;XEUR;7921068;45202;
10.02.2025;13:27:18.416;ASI SI 20250221 PS AM P 500.00 0;SIMPLE_INSTRUMENT;BLOCK;EUR;17;0.80000000;366;EXCHANGE_LAST;;1;1;XEUR;12267852;76318;
10.02.2025;08:41:47.009;ASM.O.250210.BRT.000001;STANDARD_OPTION_STRATEGY;BLOCK;EUR;2;15.15000000;200;EXCHANGE_LAST;;1;1;XEUR;72058053599446403;107;
10.02.2025;08:41:47.009;ASM SI 20250321 PS AM P 710.00 0;SIMPLE_INSTRUMENT;BLOCK;EUR;2;31.58000000;200;PRC_DECOMP_EXCHANGE;;;;XEUR;12432536;107;EXCHANGE
10.02.2025;08:41:47.009;ASM SI 20250221 PS AM P 710.00 0;SIMPLE_INSTRUMENT;BLOCK;EUR;2;16.43000000;200;PRC_DECOMP_EXCHANGE;;;;XEUR;12238518;107;EXCHANGE
10.02.2025;12:10:28.910;ASM.N.250210.000006;NON_STANDARD_OPTION_STRATEGY;BLOCK;EUR;14;-6.24000000;150;EXCHANGE_LAST;;1;1;XEUR;72058053599446408;107;
10.02.2025;12:10:28.910;ASM SI 20250919 PS AM P 680.00 0;SIMPLE_INSTRUMENT;BLOCK;EUR;14;58.06000000;150;PRC_DECOMP_EXCHANGE;;;;XEUR;11872158;107;EXCHANGE
10.02.2025;12:10:28.910;ASM SI 20250321 PS AM C 680.00 0;SIMPLE_INSTRUMENT;BLOCK;EUR;14;51.82000000;150;PRC_DECOMP_EXCHANGE;;;;XEUR;10830149;107;EXCHANGE
10.02.2025;13:27:02.262;ASM SI 20250221 PS AM P 600.00 0;SIMPLE_INSTRUMENT;BLOCK;EUR;16;0.20000000;330;EXCHANGE_LAST;;1;1;XEUR;12238528;107;
10.02.2025;16:35:38.309;ASMH SI 20250321 CS;SIMPLE_INSTRUMENT;BLOCK;EUR;100;721.04500000;90;EXCHANGE_LAST;;1;1;XEUR;10717245;3979;
10.02.2025;12:38:16.156;AXA.O.250210.DIASTD.000003;STANDARD_OPTION_STRATEGY;BLOCK;EUR;20;0.27000000;4000;EXCHANGE_LAST;;1;1;XEUR;72058139498795284;127;
10.02.2025;12:38:16.156;AXA SI 20260619 PS AM C 34.00 0;SIMPLE_INSTRUMENT;BLOCK;EUR;20;4.83000000;4000;PRC_DECOMP_EXCHANGE;;;;XEUR;12748971;127;EXCHANGE
10.02.2025;12:38:16.156;AXA SI 20260619 PS AM P 34.00 0;SIMPLE_INSTRUMENT;BLOCK;EUR;20;2.86000000;4000;PRC_DECOMP_EXCHANGE;;;;XEUR;12748950;127;EXCHANGE
10.02.2025;12:38:16.156;AXA SI 20251219 PS AM C 32.00 0;SIMPLE_INSTRUMENT;BLOCK;EUR;20;6.21000000;4000;PRC_DECOMP_EXCHANGE;;;;XEUR;6158497;127;EXCHANGE
10.02.2025;12:38:16.156;AXA SI 20251219 PS AM P 32.00 0;SIMPLE_INSTRUMENT;BLOCK;EUR;20;1.21000000;4000;PRC_DECOMP_EXCHANGE;;;;XEUR;6158498;127;EXCHANGE
10.02.2025;11:33:47.820;B2AS SI 20271217 CS;SIMPLE_INSTRUMENT;BLOCK;EUR;33;2.19000000;500;EXCHANGE_LAST;;1;1;XEUR;5914347;140;
10.02.2025;15:47:55.176;B2AS SI 20261218 CS;SIMPLE_INSTRUMENT;BLOCK;EUR;81;2.20000000;200;EXCHANGE_LAST;;1;1;XEUR;4632165;140;
10.02.2025;11:01:27.198;BAEN.O.250210.BRT12.000001;STANDARD_OPTION_STRATEGY;BLOCK;CHF;17;3.26000000;400;EXCHANGE_LAST;;1;1;XEUR;72058276937746689;159;
10.02.2025;11:01:27.198;BAEN SI 20250221 PS AM P 54.00 0;SIMPLE_INSTRUMENT;BLOCK;CHF;17;0.22000000;800;PRC_DECOMP_EXCHANGE;;;;XEUR;12238999;159;EXCHANGE
10.02.2025;11:01:27.198;BAEN SI 20261218 PS AM P 44.00 0;SIMPLE_INSTRUMENT;BLOCK;CHF;17;3.70000000;400;PRC_DECOMP_EXCHANGE;;;;XEUR;7153555;159;EXCHANGE
10.02.2025;12:36:12.020;BAEN.O.250210.STD.000003;STANDARD_OPTION_STRATEGY;BLOCK;CHF;34;15.85000000;500;EXCHANGE_LAST;;1;1;XEUR;72058276937746691;159;
10.02.2025;12:36:12.020;BAEN SI 20261218 PS AM C 52.00 0;SIMPLE_INSTRUMENT;BLOCK;CHF;34;9.08000000;500;PRC_DECOMP_EXCHANGE;;;;XEUR;7153547;159;EXCHANGE
10.02.2025;12:36:12.020;BAEN SI 20261218 PS AM P 52.00 0;SIMPLE_INSTRUMENT;BLOCK;CHF;34;6.77000000;500;PRC_DECOMP_EXCHANGE;;;;XEUR;7153570;159;EXCHANGE
10.02.2025;13:16:13.840;BARN SI 20251219 PS AM P 1040.00 0;SIMPLE_INSTRUMENT;BLOCK;CHF;37;111.50000000;300;EXCHANGE_LAST;;1;1;XEUR;10396324;149;
10.02.2025;11:07:28.080;BAS.O.250210.BRT.000014;STANDARD_OPTION_STRATEGY;BLOCK;EUR;3;3.31000000;1500;EXCHANGE_LAST;;1;1;XEUR;72058238283091742;150;
10.02.2025;11:07:28.080;BAS SI 20250919 PS AM P 48.00 0;SIMPLE_INSTRUMENT;BLOCK;EUR;3;4.83000000;1500;PRC_DECOMP_EXCHANGE;;;;XEUR;11873027;150;EXCHANGE
10.02.2025;11:07:28.080;BAS SI 20250221 PS AM P 48.00 0;SIMPLE_INSTRUMENT;BLOCK;EUR;3;1.52000000;1500;PRC_DECOMP_EXCHANGE;;;;XEUR;12238966;150;EXCHANGE
10.02.2025;11:39:05.252;BAS SI 20250417 PS AM P 47.50 0;SIMPLE_INSTRUMENT;BLOCK;EUR;5;2.40000000;2000;EXCHANGE_LAST;;1;1;XEUR;12615346;150;
10.02.2025;11:49:15.211;BAS SI 20250620 PS AM C 52.00 0;SIMPLE_INSTRUMENT;BLOCK;EUR;7;1.34000000;1000;EXCHANGE_LAST;;1;1;XEUR;7898973;150;
10.02.2025;14:46:11.577;BAS SI 20250620 PS AM C 52.00 0;SIMPLE_INSTRUMENT;BLOCK;EUR;9;1.23000000;1259;EXCHANGE_LAST;;1;1;XEUR;7898973;150;
10.02.2025;15:20:23.409;BAS SI 20250221 PS AM C 48.00 0;SIMPLE_INSTRUMENT;BLOCK;EUR;10;0.91000000;2000;EXCHANGE_LAST;;1;1;XEUR;12238967;150;
10.02.2025;15:45:43.409;BAS.O.250210.BUL.000021;STANDARD_OPTION_STRATEGY;BLOCK;EUR;12;0.79000000;2000;EXCHANGE_LAST;;1;2;XEUR;72058238283091749;150;
10.02.2025;15:45:43.409;BAS SI 20250417 PS AM C 53.00 0;SIMPLE_INSTRUMENT;BLOCK;EUR;12;0.64000000;2000;PRC_DECOMP_EXCHANGE;;;;XEUR;12719173;150;EXCHANGE
10.02.2025;15:45:43.409;BAS SI 20250417 PS AM C 50.00 0;SIMPLE_INSTRUMENT;BLOCK;EUR;12;1.43000000;2000;PRC_DECOMP_EXCHANGE;;;;XEUR;12673179;150;EXCHANGE
10.02.2025;09:31:36.171;BAY SI 20261218 PS AM C 24.00 0;SIMPLE_INSTRUMENT;BLOCK;EUR;1;3.34000000;5000;EXCHANGE_LAST;;1;1;XEUR;8112438;168;
10.02.2025;11:13:50.627;BAY SI 20250321 PS AM P 20.00 0;SIMPLE_INSTRUMENT;BLOCK;EUR;4;0.74000000;1000;EXCHANGE_LAST;;1;1;XEUR;10831440;168;
10.02.2025;10:01:04.899;BBL SI 20250620 PS AM P 280 0;SIMPLE_INSTRUMENT;BLOCK;GBX;1;12.50000000;1000;EXCHANGE_LAST;;1;1;XEUR;9539644;173;
10.02.2025;09:14:10.454;BNP.N.250210.000007;NON_STANDARD_OPTION_STRATEGY;BLOCK;EUR;1;-22.30000000;1000;EXCHANGE_LAST;;1;1;XEUR;72058611945199911;237;
10.02.2025;09:14:10.454;BNP SI 20251219 PS AM P 56.00 0;SIMPLE_INSTRUMENT;BLOCK;EUR;1;2.60000000;6000;PRC_DECOMP_MEMBER;;;;XEUR;5923366;237;MEMBER
10.02.2025;09:14:10.454;BNP SI 20251219 PS AM C 56.00 0;SIMPLE_INSTRUMENT;BLOCK;EUR;1;14.60000000;6000;PRC_DECOMP_MEMBER;;;;XEUR;5923365;237;MEMBER
10.02.2025;09:14:10.454;BNP SI 20260619 PS AM C 62.00 0;SIMPLE_INSTRUMENT;BLOCK;EUR;1;9.88000000;5000;PRC_DECOMP_MEMBER;;;;XEUR;12372397;237;MEMBER
10.02.2025;09:14:10.454;BNP SI 20260619 PS AM P 62.00 0;SIMPLE_INSTRUMENT;BLOCK;EUR;1;6.30000000;5000;PRC_DECOMP_MEMBER;;;;XEUR;12372396;237;MEMBER
10.02.2025;11:39:02.192;BNP SI 20250417 PS AM P 64.00 0;SIMPLE_INSTRUMENT;BLOCK;EUR;15;0.68000000;1320;EXCHANGE_LAST;;1;1;XEUR;12616918;237;
10.02.2025;11:39:19.514;BNP SI 20250417 PS AM P 64.00 0;SIMPLE_INSTRUMENT;BLOCK;EUR;16;0.67000000;996;EXCHANGE_LAST;;1;1;XEUR;12616918;237;
10.02.2025;12:08:22.573;BNR SI 20250221 PS AM C 61.00 0;SIMPLE_INSTRUMENT;BLOCK;EUR;8;1.70000000;318;EXCHANGE_LAST;;1;1;XEUR;12616578;235;
10.02.2025;15:33:39.173;BPT SI 20250221 PS AM C 470 0;SIMPLE_INSTRUMENT;BLOCK;GBX;3;8.50000000;250;EXCHANGE_LAST;;1;1;XEUR;12607434;250;
10.02.2025;16:19:52.994;BPT SI 20250321 PS AM P 440 0;SIMPLE_INSTRUMENT;BLOCK;GBX;4;12.75000000;650;EXCHANGE_LAST;;1;1;XEUR;10833316;250;
10.02.2025;11:38:24.158;BSD2 SI 20250417 PS AM P 5.00 0;SIMPLE_INSTRUMENT;BLOCK;EUR;12;0.09000000;2932;EXCHANGE_LAST;;1;1;XEUR;12616983;245;
10.02.2025;11:38:27.958;BSD2 SI 20250417 PS AM P 5.00 0;SIMPLE_INSTRUMENT;BLOCK;EUR;13;0.08000000;26380;EXCHANGE_LAST;;1;1;XEUR;12616983;245;
10.02.2025;09:22:06.896;BSI SI 20251219 PS AM C 140.00 0;SIMPLE_INSTRUMENT;BLOCK;EUR;8;11.60000000;500;EXCHANGE_LAST;;1;1;XEUR;10439646;76317;
10.02.2025;11:27:40.342;C4RI SI 20251219 CS;SIMPLE_INSTRUMENT;BLOCK;EUR;32;2.72000000;500;EXCHANGE_LAST;;4;1;XEUR;5914459;50862;
10.02.2025;12:07:44.379;C4RI SI 20251219 CS;SIMPLE_INSTRUMENT;BLOCK;EUR;36;2.71000000;500;EXCHANGE_LAST;;1;1;XEUR;5914459;50862;
10.02.2025;12:12:40.809;C4RI SI 20250620 CS;SIMPLE_INSTRUMENT;BLOCK;EUR;37;1.57000000;200;EXCHANGE_LAST;;1;1;XEUR;10868044;50862;
10.02.2025;12:22:53.694;C4RI SI 20250620 CS;SIMPLE_INSTRUMENT;BLOCK;EUR;38;1.57000000;150;EXCHANGE_LAST;;1;1;XEUR;10868044;50862;
10.02.2025;14:29:06.938;C4RI SI 20250620 CS;SIMPLE_INSTRUMENT;BLOCK;EUR;52;1.55000000;150;EXCHANGE_LAST;;1;1;XEUR;10868044;50862;
10.02.2025;15:14:10.124;C4RI SI 20261218 CS;SIMPLE_INSTRUMENT;BLOCK;EUR;58;2.92000000;200;EXCHANGE_LAST;;1;1;XEUR;6821680;50862;
10.02.2025;16:43:04.466;C4RI SI 20251219 CS;SIMPLE_INSTRUMENT;BLOCK;EUR;101;2.70000000;900;EXCHANGE_LAST;;2;1;XEUR;5914459;50862;
10.02.2025;16:45:23.496;C4RI SI 20261218 CS;SIMPLE_INSTRUMENT;BLOCK;EUR;102;2.91000000;150;EXCHANGE_LAST;;1;1;XEUR;6821680;50862;
10.02.2025;09:19:20.535;CAR SI 20271217 PS AM P 12.00 0;SIMPLE_INSTRUMENT;BLOCK;EUR;2;1.63000000;3000;EXCHANGE_LAST;;1;1;XEUR;8776818;265;
10.02.2025;14:09:51.225;CBK.O.250210.STG.000012;STANDARD_OPTION_STRATEGY;BLOCK;EUR;18;2.23000000;3000;EXCHANGE_LAST;;1;2;XEUR;72058745089203553;268;
10.02.2025;14:09:51.225;CBK SI 20251219 PS AM C 22.00 0;SIMPLE_INSTRUMENT;BLOCK;EUR;18;0.81000000;3000;PRC_DECOMP_EXCHANGE;;;;XEUR;11854130;268;EXCHANGE
10.02.2025;14:09:51.225;CBK SI 20251219 PS AM P 17.00 0;SIMPLE_INSTRUMENT;BLOCK;EUR;18;1.42000000;3000;PRC_DECOMP_EXCHANGE;;;;XEUR;11088010;268;EXCHANGE
10.02.2025;14:12:40.074;CBK SI 20250620 PS AM C 19.50 0;SIMPLE_INSTRUMENT;BLOCK;EUR;19;0.98000000;13000;EXCHANGE_LAST;;2;2;XEUR;11854113;268;
10.02.2025;12:11:08.518;CFR SI 20251219 PS AM P 170.00 0;SIMPLE_INSTRUMENT;BLOCK;CHF;31;17.00000000;350;EXCHANGE_LAST;;1;1;XEUR;12437087;313;
10.02.2025;13:51:10.158;CRI5.O.250210.COMBO.000008;STANDARD_OPTION_STRATEGY;BLOCK;EUR;22;-0.54000000;2000;EXCHANGE_LAST;;1;1;XEUR;72058968427474709;320;
10.02.2025;13:51:10.158;CRI5 SI 20250320 PS AM C 50.00 0;SIMPLE_INSTRUMENT;BLOCK;EUR;22;0.93750000;2000;PRC_DECOMP_EXCHANGE;;;;XEUR;10822485;320;EXCHANGE
10.02.2025;13:51:10.158;CRI5 SI 20250320 PS AM P 42.00 0;SIMPLE_INSTRUMENT;BLOCK;EUR;22;0.39750000;2000;PRC_DECOMP_EXCHANGE;;;;XEUR;10822514;320;EXCHANGE
10.02.2025;12:30:46.518;CRT SI 20251219 PS AM P 5.50 0;SIMPLE_INSTRUMENT;BLOCK;EUR;15;0.46000000;15000;EXCHANGE_LAST;;1;1;XEUR;11396188;156138;
10.02.2025;09:44:24.543;D3AI SI 20251219 CS;SIMPLE_INSTRUMENT;BLOCK;EUR;8;4.25000000;250;EXCHANGE_LAST;;1;1;XEUR;7144062;443197;
10.02.2025;10:16:31.109;D3AI SI 20251219 CS;SIMPLE_INSTRUMENT;BLOCK;EUR;18;4.25000000;75;EXCHANGE_LAST;;1;1;XEUR;7144062;443197;
10.02.2025;10:51:21.356;D3AI SI 20251219 CS;SIMPLE_INSTRUMENT;BLOCK;EUR;23;4.25000000;200;EXCHANGE_LAST;;1;1;XEUR;7144062;443197;
10.02.2025;15:24:00.733;DBK SI 20271217 PS AM P 7.20 0;SIMPLE_INSTRUMENT;BLOCK;EUR;20;0.32000000;2000;EXCHANGE_LAST;;1;1;XEUR;8778701;362;
10.02.2025;15:24:17.471;DBK SI 20271217 PS AM P 7.20 0;SIMPLE_INSTRUMENT;BLOCK;EUR;21;0.33000000;6000;EXCHANGE_LAST;;1;1;XEUR;8778701;362;
10.02.2025;15:24:30.222;DBK SI 20260619 PS AM P 16.00 0;SIMPLE_INSTRUMENT;BLOCK;EUR;22;1.56000000;4000;EXCHANGE_LAST;;1;1;XEUR;9544021;362;
10.02.2025;16:38:03.354;DBK SI 20250221 PS AM P 18.60 0;SIMPLE_INSTRUMENT;BLOCK;EUR;28;0.27000000;2500;EXCHANGE_LAST;;1;1;XEUR;12339768;362;
10.02.2025;11:35:44.215;DPW.O.250210.RTRIS.000005;STANDARD_OPTION_STRATEGY;BLOCK;EUR;6;1.27000000;1000;EXCHANGE_LAST;;1;1;XEUR;72059505298415649;445;
10.02.2025;11:35:44.215;DPW SI 20250321 PS AM C 36.00 0;SIMPLE_INSTRUMENT;BLOCK;EUR;6;0.82000000;2000;PRC_DECOMP_EXCHANGE;;;;XEUR;10836841;445;EXCHANGE
10.02.2025;11:35:44.215;DPW SI 20250321 PS AM P 32.00 0;SIMPLE_INSTRUMENT;BLOCK;EUR;6;0.37000000;1000;PRC_DECOMP_EXCHANGE;;;;XEUR;10836838;445;EXCHANGE
10.02.2025;13:05:21.190;DPW.O.250210.STG.000010;STANDARD_OPTION_STRATEGY;BLOCK;EUR;12;3.13000000;500;EXCHANGE_LAST;;1;1;XEUR;72059505298415654;445;
10.02.2025;13:05:21.190;DPW SI 20250620 PS AM P 34.00 0;SIMPLE_INSTRUMENT;BLOCK;EUR;12;2.08000000;500;PRC_DECOMP_EXCHANGE;;;;XEUR;11357243;445;EXCHANGE
10.02.2025;13:05:21.190;DPW SI 20250620 PS AM C 37.00 0;SIMPLE_INSTRUMENT;BLOCK;EUR;12;1.05000000;500;PRC_DECOMP_EXCHANGE;;;;XEUR;12361760;445;EXCHANGE
10.02.2025;13:34:58.891;DSV SI 20250919 PS AM P 1320.00 0;SIMPLE_INSTRUMENT;BLOCK;DKK;18;70.10000000;1302;EXCHANGE_LAST;;1;1;XEUR;11941717;845710;
10.02.2025;13:35:24.335;DSV SI 20250919 PS AM C 1480.00 0;SIMPLE_INSTRUMENT;BLOCK;DKK;19;80.80000000;632;EXCHANGE_LAST;;1;1;XEUR;11941765;845710;
10.02.2025;13:35:32.364;DSV SI 20250919 PS AM C 1680.00 0;SIMPLE_INSTRUMENT;BLOCK;DKK;20;24.00000000;1302;EXCHANGE_LAST;;1;1;XEUR;11941753;845710;
10.02.2025;13:35:52.019;DSV SI 20250919 PS AM C 1480.00 0;SIMPLE_INSTRUMENT;BLOCK;DKK;21;80.78000000;670;EXCHANGE_LAST;;1;1;XEUR;11941765;845710;
10.02.2025;15:09:29.816;DTE.O.250210.BRT12.000016;STANDARD_OPTION_STRATEGY;BLOCK;EUR;18;0.60000000;3500;EXCHANGE_LAST;;2;2;XEUR;72059415104107599;424;
10.02.2025;15:09:29.816;DTE SI 20251219 PS AM P 28.00 0;SIMPLE_INSTRUMENT;BLOCK;EUR;18;0.68000000;3500;PRC_DECOMP_EXCHANGE;;;;XEUR;6268407;424;EXCHANGE
10.02.2025;15:09:29.816;DTE SI 20250321 PS AM P 28.00 0;SIMPLE_INSTRUMENT;BLOCK;EUR;18;0.04000000;7000;PRC_DECOMP_EXCHANGE;;;;XEUR;10836587;424;EXCHANGE
10.02.2025;15:59:01.872;E2NL SI 20251219 CS;SIMPLE_INSTRUMENT;BLOCK;EUR;98;0.45000000;200;EXCHANGE_LAST;;1;1;XEUR;3681293;471;
10.02.2025;15:59:21.195;E2NL SI 20251219 CS;SIMPLE_INSTRUMENT;BLOCK;EUR;99;0.45500000;200;EXCHANGE_LAST;;1;1;XEUR;3681293;471;
10.02.2025;10:04:03.095;E2NT SI 20261218 CS;SIMPLE_INSTRUMENT;BLOCK;EUR;14;1.01000000;1000;EXCHANGE_LAST;;1;3;XEUR;4632357;470;
10.02.2025;12:32:16.342;E2NT SI 20251219 CS;SIMPLE_INSTRUMENT;BLOCK;EUR;39;1.01000000;325;EXCHANGE_LAST;;1;1;XEUR;3681294;470;
10.02.2025;15:11:06.435;E2NT SI 20271217 CS;SIMPLE_INSTRUMENT;BLOCK;EUR;57;0.93500000;600;EXCHANGE_LAST;;1;2;XEUR;5914575;470;
10.02.2025;10:24:43.217;ENR SI 20250321 PS AM P 52.00 0;SIMPLE_INSTRUMENT;BLOCK;EUR;4;2.16000000;750;EXCHANGE_LAST;;1;1;XEUR;12024417;298530;
10.02.2025;10:20:58.553;EVK SI 20261218 PS AM C 18.00 0;SIMPLE_INSTRUMENT;BLOCK;EUR;2;2.26000000;5000;EXCHANGE_LAST;;1;1;XEUR;7174708;10806;
10.02.2025;14:04:38.777;F3IA SI 20251219 CS;SIMPLE_INSTRUMENT;BLOCK;EUR;44;0.52500000;500;EXCHANGE_LAST;;1;1;XEUR;6633988;390387;
10.02.2025;10:04:23.823;F3TE SI 20261218 CS;SIMPLE_INSTRUMENT;BLOCK;EUR;15;0.73700000;375;EXCHANGE_LAST;;1;2;XEUR;6633899;390379;
10.02.2025;10:08:33.718;F3TE SI 20261218 CS;SIMPLE_INSTRUMENT;BLOCK;EUR;16;0.73800000;375;EXCHANGE_LAST;;1;2;XEUR;6633899;390379;
10.02.2025;11:03:55.335;F3TE SI 20261218 CS;SIMPLE_INSTRUMENT;BLOCK;EUR;26;0.73700000;1250;EXCHANGE_LAST;;1;4;XEUR;6633899;390379;
10.02.2025;11:04:01.393;F3TE SI 20261218 CS;SIMPLE_INSTRUMENT;BLOCK;EUR;27;0.73800000;1250;EXCHANGE_LAST;;1;4;XEUR;6633899;390379;
10.02.2025;10:02:23.394;FBTP SI 20250306 PS;SIMPLE_INSTRUMENT;EFP_FIN;EUR;1;120.59000000;997;EXCHANGE_LAST;;1;1;XEUR;11286675;636;
10.02.2025;10:03:25.384;FBTP SI 20250306 PS;SIMPLE_INSTRUMENT;EFP_FIN;EUR;2;120.59000000;1146;EXCHANGE_LAST;;1;1;XEUR;11286675;636;
10.02.2025;11:05:40.368;FBTP SI 20250306 PS;SIMPLE_INSTRUMENT;EFP_FIN;EUR;3;120.57000000;322;EXCHANGE_LAST;;1;1;XEUR;11286675;636;
10.02.2025;11:29:39.354;FBTP SI 20250306 PS;SIMPLE_INSTRUMENT;EFP_FIN;EUR;4;120.58000000;173;EXCHANGE_LAST;;1;1;XEUR;11286675;636;
10.02.2025;11:43:36.587;FBTP SI 20250306 PS;SIMPLE_INSTRUMENT;EFP_FIN;EUR;5;120.56000000;406;EXCHANGE_LAST;;1;1;XEUR;11286675;636;
10.02.2025;12:11:42.706;FBTP SI 20250306 PS;SIMPLE_INSTRUMENT;EFP_FIN;EUR;6;120.56000000;895;EXCHANGE_LAST;;1;1;XEUR;11286675;636;
10.02.2025;12:12:46.178;FBTP SI 20250306 PS;SIMPLE_INSTRUMENT;EFP_FIN;EUR;7;120.60000000;224;EXCHANGE_LAST;;1;1;XEUR;11286675;636;
10.02.2025;12:13:09.128;FBTP SI 20250306 PS;SIMPLE_INSTRUMENT;EFP_FIN;EUR;8;120.54000000;134;EXCHANGE_LAST;;1;1;XEUR;11286675;636;
10.02.2025;12:14:55.699;FBTP SI 20250306 PS;SIMPLE_INSTRUMENT;EFP_FIN;EUR;9;120.54000000;498;EXCHANGE_LAST;;1;1;XEUR;11286675;636;
10.02.2025;12:16:46.492;FBTP SI 20250306 PS;SIMPLE_INSTRUMENT;EFP_FIN;EUR;10;120.55000000;1139;EXCHANGE_LAST;;1;1;XEUR;11286675;636;
10.02.2025;12:54:58.937;FBTP SI 20250306 PS;SIMPLE_INSTRUMENT;EFP_FIN;EUR;11;120.59000000;895;EXCHANGE_LAST;;1;1;XEUR;11286675;636;
10.02.2025;13:24:03.326;FBTP SI 20250306 PS;SIMPLE_INSTRUMENT;EFP_FIN;EUR;12;120.63000000;123;EXCHANGE_LAST;;1;1;XEUR;11286675;636;
10.02.2025;13:31:39.887;FBTP SI 20250306 PS;SIMPLE_INSTRUMENT;EFP_FIN;EUR;13;120.65000000;1722;EXCHANGE_LAST;;1;1;XEUR;11286675;636;
10.02.2025;13:40:42.231;FBTP SI 20250306 PS;SIMPLE_INSTRUMENT;EFP_FIN;EUR;14;120.62000000;1154;EXCHANGE_LAST;;1;1;XEUR;11286675;636;
10.02.2025;14:44:15.175;FBTP SI 20250306 PS;SIMPLE_INSTRUMENT;EFP_FIN;EUR;15;120.72000000;122;EXCHANGE_LAST;;1;1;XEUR;11286675;636;
10.02.2025;14:44:40.411;FBTP SI 20250306 PS;SIMPLE_INSTRUMENT;EFP_FIN;EUR;16;120.65000000;366;EXCHANGE_LAST;;1;1;XEUR;11286675;636;
10.02.2025;14:44:40.370;FBTP SI 20250306 PS;SIMPLE_INSTRUMENT;EFP_FIN;EUR;17;120.65000000;149;EXCHANGE_LAST;;1;1;XEUR;11286675;636;
10.02.2025;14:44:40.370;FBTP SI 20250306 PS;SIMPLE_INSTRUMENT;EFP_FIN;EUR;18;120.65000000;247;EXCHANGE_LAST;;1;1;XEUR;11286675;636;
10.02.2025;15:31:29.406;FBTP SI 20250306 PS;SIMPLE_INSTRUMENT;BLOCK;EUR;19;120.74000000;2599;EXCHANGE_LAST;;1;1;XEUR;11286675;636;
10.02.2025;16:00:57.635;FBTP SI 20250306 PS;SIMPLE_INSTRUMENT;EFP_FIN;EUR;20;120.73000000;2309;EXCHANGE_LAST;;1;1;XEUR;11286675;636;
10.02.2025;16:34:03.784;FBTP SI 20250306 PS;SIMPLE_INSTRUMENT;BLOCK;EUR;21;120.73000000;618;EXCHANGE_LAST;;1;1;XEUR;11286675;636;
10.02.2025;16:35:52.675;FBTP SI 20250306 PS;SIMPLE_INSTRUMENT;EFP_FIN;EUR;22;120.62000000;216;EXCHANGE_LAST;;1;1;XEUR;11286675;636;
10.02.2025;10:12:05.151;FBTP SI 20250306 PS;SIMPLE_INSTRUMENT;VOLA;EUR;268435473;120.65000000;68;EXCHANGE_LAST;;1;1;XEUR;11286675;636;
10.02.2025;08:23:25.815;FBTS SI 20250306 PS;SIMPLE_INSTRUMENT;EFP_FIN;EUR;1;107.54000000;908;EXCHANGE_LAST;;1;1;XEUR;11286677;639;
10.02.2025;09:02:33.124;FBTS SI 20250306 PS;SIMPLE_INSTRUMENT;EFP_FIN;EUR;3;107.53000000;227;EXCHANGE_LAST;;1;1;XEUR;11286677;639;
10.02.2025;09:54:21.213;FBTS SI 20250306 PS;SIMPLE_INSTRUMENT;EFP_FIN;EUR;4;107.53000000;681;EXCHANGE_LAST;;1;1;XEUR;11286677;639;
10.02.2025;10:16:58.037;FBTS SI 20250306 PS;SIMPLE_INSTRUMENT;EFP_FIN;EUR;5;107.55000000;79;EXCHANGE_LAST;;1;1;XEUR;11286677;639;
10.02.2025;10:22:58.023;FBTS SI 20250306 PS;SIMPLE_INSTRUMENT;EFP_FIN;EUR;6;107.54000000;227;EXCHANGE_LAST;;1;1;XEUR;11286677;639;
10.02.2025;10:26:24.655;FBTS SI 20250306 PS;SIMPLE_INSTRUMENT;EFP_FIN;EUR;7;107.55000000;454;EXCHANGE_LAST;;1;1;XEUR;11286677;639;
10.02.2025;10:30:01.950;FBTS SI 20250306 PS;SIMPLE_INSTRUMENT;EFP_FIN;EUR;8;107.55000000;227;EXCHANGE_LAST;;1;1;XEUR;11286677;639;
10.02.2025;10:38:51.502;FBTS SI 20250306 PS;SIMPLE_INSTRUMENT;EFP_FIN;EUR;9;107.54000000;617;EXCHANGE_LAST;;1;1;XEUR;11286677;639;
10.02.2025;11:02:50.693;FBTS SI 20250306 PS;SIMPLE_INSTRUMENT;EFP_FIN;EUR;11;107.54000000;656;EXCHANGE_LAST;;1;1;XEUR;11286677;639;
10.02.2025;12:21:47.369;FBTS SI 20250306 PS;SIMPLE_INSTRUMENT;BLOCK;EUR;15;107.54000000;287;EXCHANGE_LAST;;1;1;XEUR;11286677;639;
10.02.2025;12:42:00.448;FBTS SI 20250306 PS;SIMPLE_INSTRUMENT;EFP_FIN;EUR;17;107.55000000;805;EXCHANGE_LAST;;1;1;XEUR;11286677;639;
10.02.2025;12:52:39.444;FBTS SI 20250306 PS;SIMPLE_INSTRUMENT;BLOCK;EUR;18;107.55000000;1058;EXCHANGE_LAST;;1;1;XEUR;11286677;639;
10.02.2025;13:19:29.523;FBTS SI 20250306 PS;SIMPLE_INSTRUMENT;EFP_FIN;EUR;19;107.55000000;252;EXCHANGE_LAST;;1;1;XEUR;11286677;639;
10.02.2025;13:23:45.183;FBTS SI 20250306 PS;SIMPLE_INSTRUMENT;EFP_FIN;EUR;20;107.55000000;1320;EXCHANGE_LAST;;1;1;XEUR;11286677;639;
10.02.2025;13:25:40.701;FBTS SI 20250306 PS;SIMPLE_INSTRUMENT;BLOCK;EUR;21;107.56000000;1362;EXCHANGE_LAST;;1;1;XEUR;11286677;639;
10.02.2025;14:08:57.617;FBTS SI 20250306 PS;SIMPLE_INSTRUMENT;BLOCK;EUR;23;107.55000000;862;EXCHANGE_LAST;;1;1;XEUR;11286677;639;
10.02.2025;14:31:52.506;FBTS SI 20250306 PS;SIMPLE_INSTRUMENT;EFP_FIN;EUR;24;107.58000000;318;EXCHANGE_LAST;;1;1;XEUR;11286677;639;
10.02.2025;14:40:32.406;FBTS SI 20250306 PS;SIMPLE_INSTRUMENT;EFP_FIN;EUR;26;107.58000000;4510;EXCHANGE_LAST;;1;1;XEUR;11286677;639;
10.02.2025;15:06:16.188;FBTS SI 20250306 PS;SIMPLE_INSTRUMENT;EFP_FIN;EUR;28;107.59000000;575;EXCHANGE_LAST;;1;1;XEUR;11286677;639;
10.02.2025;16:04:23.222;FBTS SI 20250306 PS;SIMPLE_INSTRUMENT;EFP_FIN;EUR;35;107.60000000;402;EXCHANGE_LAST;;1;1;XEUR;11286677;639;
10.02.2025;16:05:25.048;FBTS SI 20250306 PS;SIMPLE_INSTRUMENT;EFP_FIN;EUR;36;107.60000000;1149;EXCHANGE_LAST;;1;1;XEUR;11286677;639;
10.02.2025;16:17:51.051;FBTS SI 20250306 PS;SIMPLE_INSTRUMENT;EFP_FIN;EUR;37;107.54000000;227;EXCHANGE_LAST;;1;1;XEUR;11286677;639;
10.02.2025;16:06:14.962;FCPU SI 20250317 PS;SIMPLE_INSTRUMENT;BLOCK;USD;2;1.23860000;608;EXCHANGE_LAST;;1;1;XEUR;9136249;369379;
10.02.2025;16:07:10.173;FCPU SI 20250317 PS;SIMPLE_INSTRUMENT;BLOCK;USD;3;1.23870000;20;EXCHANGE_LAST;;1;1;XEUR;9136249;369379;
10.02.2025;08:41:30.397;FCZU SI 20250317 CS;SIMPLE_INSTRUMENT;BLOCK;USD;1;0.05377000;100;EXCHANGE_LAST;;1;1;XEUR;11329546;570872;
10.02.2025;11:41:15.565;FD3D SI 20261218 CS;SIMPLE_INSTRUMENT;BLOCK;EUR;14;105.40000000;150;EXCHANGE_LAST;;1;1;XEUR;7158183;588;
10.02.2025;11:40:49.241;FD3D SI 20271217 CS;SIMPLE_INSTRUMENT;BLOCK;EUR;15;102.90000000;150;EXCHANGE_LAST;;1;1;XEUR;8782208;588;
10.02.2025;13:28:33.230;FDAX SI 20250321 CS;SIMPLE_INSTRUMENT;VOLA;EUR;671088643;21950.00000000;21;EXCHANGE_LAST;;1;1;XEUR;7561255;589;
10.02.2025;15:15:16.158;FDAX SI 20250321 CS;SIMPLE_INSTRUMENT;VOLA;EUR;671088646;22001.00000000;25;EXCHANGE_LAST;;1;1;XEUR;7561255;589;
10.02.2025;10:40:30.048;FEBD SI 20251219 CS;SIMPLE_INSTRUMENT;BLOCK;EUR;7;10.86000000;400;EXCHANGE_LAST;;1;1;XEUR;5914075;597;
10.02.2025;10:57:27.971;FEBD SI 20251219 CS;SIMPLE_INSTRUMENT;BLOCK;EUR;9;10.86000000;300;EXCHANGE_LAST;;1;1;XEUR;5914075;597;
10.02.2025;15:24:03.154;FEBD.S.DEC25.DEC26.SPD;FUTURES_SPREAD;BLOCK;EUR;26;0.58000000;2000;EXCHANGE_LAST;;1;1;XEUR;72060158133406997;597;
10.02.2025;15:24:03.154;FEBD SI 20261218 CS;SIMPLE_INSTRUMENT;BLOCK;EUR;26;10.29000000;2000;PRC_DECOMP_MEMBER;;;;XEUR;7158212;597;MEMBER
10.02.2025;15:24:03.154;FEBD SI 20251219 CS;SIMPLE_INSTRUMENT;BLOCK;EUR;26;10.87000000;2000;PRC_DECOMP_MEMBER;;;;XEUR;5914075;597;MEMBER
10.02.2025;16:39:17.472;FEBD SI 20261218 CS;SIMPLE_INSTRUMENT;BLOCK;EUR;30;10.30000000;500;EXCHANGE_LAST;;1;1;XEUR;7158212;597;
10.02.2025;16:16:35.796;FES1 SI 20250321 PS;SIMPLE_INSTRUMENT;BLOCK;EUR;28;9.50000000;300;EXCHANGE_LAST;;1;1;XEUR;11391470;58959;
10.02.2025;14:43:51.830;FESB SI 20250321 CS;SIMPLE_INSTRUMENT;BLOCK;EUR;22;168.50000000;9600;EXCHANGE_LAST;;1;1;XEUR;11359072;605;
10.02.2025;15:25:27.482;FESB SI 20250321 CS;SIMPLE_INSTRUMENT;BLOCK;EUR;24;168.30000000;1980;EXCHANGE_LAST;;1;1;XEUR;11359072;605;
10.02.2025;14:55:01.068;FESB SI 20250321 CS;SIMPLE_INSTRUMENT;VOLA;EUR;603979824;167.50000000;120;EXCHANGE_LAST;;1;1;XEUR;11359072;605;
10.02.2025;16:47:45.059;FESU SI 20250321 CS;SIMPLE_INSTRUMENT;BLOCK;EUR;6;387.80000000;1914;EXCHANGE_LAST;;1;1;XEUR;11359368;673;
10.02.2025;16:47:41.148;FESU SI 20250321 CS;SIMPLE_INSTRUMENT;BLOCK;EUR;7;387.60000000;1277;EXCHANGE_LAST;;1;1;XEUR;11359368;673;
10.02.2025;12:36:24.678;FESX SI 20250321 CS;SIMPLE_INSTRUMENT;BLOCK;EUR;1;5355.00000000;2100;EXCHANGE_LAST;;1;1;XEUR;7793482;675;
10.02.2025;13:49:54.553;FESX SI 20250321 CS;SIMPLE_INSTRUMENT;BLOCK;EUR;2;5360.00000000;2000;EXCHANGE_LAST;;1;1;XEUR;7793482;675;
10.02.2025;14:11:17.131;FESX SI 20250321 CS;SIMPLE_INSTRUMENT;EFP_IDX;EUR;3;5360.00000000;1000;EXCHANGE_LAST;;1;1;XEUR;7793482;675;
10.02.2025;14:40:36.045;FESX SI 20250321 CS;SIMPLE_INSTRUMENT;EFP_IDX;EUR;4;5360.00000000;1000;EXCHANGE_LAST;;1;1;XEUR;7793482;675;
10.02.2025;15:13:19.758;FESX SI 20250321 CS;SIMPLE_INSTRUMENT;BLOCK;EUR;5;5365.00000000;2000;EXCHANGE_LAST;;1;1;XEUR;7793482;675;
10.02.2025;15:16:32.685;FESX SI 20250321 CS;SIMPLE_INSTRUMENT;BLOCK;EUR;6;5365.00000000;5000;EXCHANGE_LAST;;1;1;XEUR;7793482;675;
10.02.2025;16:47:53.647;FESX SI 20250321 CS;SIMPLE_INSTRUMENT;EFP_IDX;EUR;7;5368.00000000;120;EXCHANGE_LAST;;1;1;XEUR;7793482;675;
10.02.2025;16:48:22.613;FESX SI 20250321 CS;SIMPLE_INSTRUMENT;EFP_IDX;EUR;8;5367.00000000;30;EXCHANGE_LAST;;1;1;XEUR;7793482;675;
10.02.2025;16:46:30.603;FESX SI 20250321 CS;SIMPLE_INSTRUMENT;EFP_IDX;EUR;9;5368.00000000;528;EXCHANGE_LAST;;1;1;XEUR;7793482;675;
10.02.2025;16:46:18.730;FESX SI 20250321 CS;SIMPLE_INSTRUMENT;EFP_IDX;EUR;10;5367.00000000;132;EXCHANGE_LAST;;1;1;XEUR;7793482;675;
10.02.2025;16:48:57.334;FESX SI 20250321 CS;SIMPLE_INSTRUMENT;BLOCK;EUR;11;5370.00000000;2000;EXCHANGE_LAST;;1;1;XEUR;7793482;675;
10.02.2025;16:49:30.881;FESX SI 20250321 CS;SIMPLE_INSTRUMENT;EFP_IDX;EUR;12;5367.00000000;20;EXCHANGE_LAST;;1;1;XEUR;7793482;675;
10.02.2025;16:49:53.689;FESX SI 20250321 CS;SIMPLE_INSTRUMENT;EFP_IDX;EUR;13;5368.00000000;82;EXCHANGE_LAST;;1;1;XEUR;7793482;675;
10.02.2025;16:51:20.261;FESX SI 20250321 CS;SIMPLE_INSTRUMENT;EFP_IDX;EUR;14;5367.00000000;87;EXCHANGE_LAST;;1;1;XEUR;7793482;675;
10.02.2025;16:51:41.190;FESX SI 20250321 CS;SIMPLE_INSTRUMENT;EFP_IDX;EUR;15;5369.00000000;71;EXCHANGE_LAST;;1;1;XEUR;7793482;675;
10.02.2025;16:57:35.958;FESX SI 20250321 CS;SIMPLE_INSTRUMENT;BLOCK;EUR;16;5370.00000000;5000;EXCHANGE_LAST;;1;1;XEUR;7793482;675;
10.02.2025;08:26:13.842;FESX SI 20250321 CS;SIMPLE_INSTRUMENT;VOLA;EUR;637534212;5358.00000000;522;EXCHANGE_LAST;;1;1;XEUR;7793482;675;
10.02.2025;09:11:11.210;FESX SI 20250321 CS;SIMPLE_INSTRUMENT;VOLA;EUR;637534221;5350.00000000;40;EXCHANGE_LAST;;1;1;XEUR;7793482;675;
10.02.2025;10:27:04.307;FESX SI 20250321 CS;SIMPLE_INSTRUMENT;VOLA;EUR;637534234;5344.00000000;250;EXCHANGE_LAST;;1;1;XEUR;7793482;675;
10.02.2025;10:27:32.957;FESX SI 20250321 CS;SIMPLE_INSTRUMENT;VOLA;EUR;637534237;5344.00000000;250;EXCHANGE_LAST;;1;1;XEUR;7793482;675;
10.02.2025;11:17:09.336;FESX SI 20250321 CS;SIMPLE_INSTRUMENT;VOLA;EUR;637534253;5360.00000000;10;EXCHANGE_LAST;;1;1;XEUR;7793482;675;
10.02.2025;12:51:16.347;FESX SI 20250321 CS;SIMPLE_INSTRUMENT;VOLA;EUR;637534280;5358.00000000;60;EXCHANGE_LAST;;1;1;XEUR;7793482;675;
10.02.2025;13:45:21.432;FESX SI 20250321 CS;SIMPLE_INSTRUMENT;VOLA;EUR;637534299;5360.00000000;250;EXCHANGE_LAST;;1;1;XEUR;7793482;675;
10.02.2025;13:45:35.767;FESX SI 20250321 CS;SIMPLE_INSTRUMENT;VOLA;EUR;637534300;5360.00000000;250;EXCHANGE_LAST;;1;1;XEUR;7793482;675;
10.02.2025;13:48:09.053;FESX SI 20250321 CS;SIMPLE_INSTRUMENT;VOLA;EUR;637534302;5360.00000000;451;EXCHANGE_LAST;;1;1;XEUR;7793482;675;
10.02.2025;13:49:08.371;FESX SI 20250321 CS;SIMPLE_INSTRUMENT;VOLA;EUR;637534303;5360.00000000;451;EXCHANGE_LAST;;1;1;XEUR;7793482;675;
10.02.2025;14:12:09.021;FESX SI 20250321 CS;SIMPLE_INSTRUMENT;VOLA;EUR;637534315;5365.00000000;53;EXCHANGE_LAST;;1;1;XEUR;7793482;675;
10.02.2025;14:35:05.746;FESX SI 20250321 CS;SIMPLE_INSTRUMENT;VOLA;EUR;637534325;5361.00000000;280;EXCHANGE_LAST;;1;1;XEUR;7793482;675;
10.02.2025;15:23:15.939;FESX SI 20250321 CS;SIMPLE_INSTRUMENT;VOLA;EUR;637534345;5365.00000000;450;EXCHANGE_LAST;;1;1;XEUR;7793482;675;
10.02.2025;15:34:14.820;FESX SI 20250321 CS;SIMPLE_INSTRUMENT;VOLA;EUR;637534348;5360.00000000;1200;EXCHANGE_LAST;;1;1;XEUR;7793482;675;
10.02.2025;15:49:45.716;FESX SI 20250321 CS;SIMPLE_INSTRUMENT;VOLA;EUR;637534354;5360.00000000;645;EXCHANGE_LAST;;1;1;XEUR;7793482;675;
10.02.2025;09:40:44.721;FEXD SI 20271217 CS;SIMPLE_INSTRUMENT;BLOCK;EUR;1;152.70000000;175;EXCHANGE_LAST;;1;1;XEUR;2848338;693;
10.02.2025;09:40:59.345;FEXD SI 20281215 CS;SIMPLE_INSTRUMENT;BLOCK;EUR;2;148.00000000;175;EXCHANGE_LAST;;1;1;XEUR;3680985;693;
10.02.2025;09:53:22.727;FEXD.S.DEC27.DEC28.SPD;FUTURES_SPREAD;BLOCK;EUR;3;4.80000000;800;EXCHANGE_LAST;;2;1;XEUR;72060570450264162;693;
10.02.2025;09:53:22.727;FEXD SI 20281215 CS;SIMPLE_INSTRUMENT;BLOCK;EUR;3;148.00000000;800;PRC_DECOMP_MEMBER;;;;XEUR;3680985;693;MEMBER
10.02.2025;09:53:22.727;FEXD SI 20271217 CS;SIMPLE_INSTRUMENT;BLOCK;EUR;3;152.80000000;800;PRC_DECOMP_MEMBER;;;;XEUR;2848338;693;MEMBER
10.02.2025;09:45:09.853;FEXD SI 20281215 CS;SIMPLE_INSTRUMENT;BLOCK;EUR;4;148.20000000;275;EXCHANGE_LAST;;1;1;XEUR;3680985;693;
10.02.2025;09:45:33.003;FEXD SI 20291221 CS;SIMPLE_INSTRUMENT;BLOCK;EUR;5;144.30000000;275;EXCHANGE_LAST;;1;1;XEUR;4631968;693;
10.02.2025;10:28:00.457;FEXD SI 20261218 CS;SIMPLE_INSTRUMENT;BLOCK;EUR;6;158.50000000;300;EXCHANGE_LAST;;1;1;XEUR;2163053;693;
10.02.2025;11:24:24.981;FEXD SI 20261218 CS;SIMPLE_INSTRUMENT;BLOCK;EUR;12;158.70000000;700;EXCHANGE_LAST;;1;1;XEUR;2163053;693;
10.02.2025;11:30:21.823;FEXD SI 20251219 CS;SIMPLE_INSTRUMENT;BLOCK;EUR;13;164.50000000;450;EXCHANGE_LAST;;1;1;XEUR;1548120;693;
10.02.2025;15:21:34.963;FEXD SI 20261218 CS;SIMPLE_INSTRUMENT;BLOCK;EUR;25;158.70000000;200;EXCHANGE_LAST;;1;1;XEUR;2163053;693;
10.02.2025;15:47:07.204;FEXD SI 20261218 CS;SIMPLE_INSTRUMENT;BLOCK;EUR;27;158.70000000;300;EXCHANGE_LAST;;1;1;XEUR;2163053;693;
10.02.2025;16:46:09.385;FEXD.S.DEC25.DEC26.SPD;FUTURES_SPREAD;BLOCK;EUR;31;5.80000000;750;EXCHANGE_LAST;;1;1;XEUR;72060570450264144;693;
10.02.2025;16:46:09.385;FEXD SI 20251219 CS;SIMPLE_INSTRUMENT;BLOCK;EUR;31;164.70000000;750;PRC_DECOMP_MEMBER;;;;XEUR;1548120;693;MEMBER
10.02.2025;16:46:09.385;FEXD SI 20261218 CS;SIMPLE_INSTRUMENT;BLOCK;EUR;31;158.90000000;750;PRC_DECOMP_MEMBER;;;;XEUR;2163053;693;MEMBER
10.02.2025;08:05:41.789;FGBL SI 20250306 PS;SIMPLE_INSTRUMENT;EFS;EUR;1;133.37000000;227;EXCHANGE_LAST;;1;1;XEUR;11286679;688;
10.02.2025;08:16:51.257;FGBL SI 20250306 PS;SIMPLE_INSTRUMENT;EFS;EUR;2;133.33000000;467;EXCHANGE_LAST;;1;1;XEUR;11286679;688;
10.02.2025;08:17:22.475;FGBL SI 20250306 PS;SIMPLE_INSTRUMENT;EFS;EUR;3;133.42000000;467;EXCHANGE_LAST;;1;1;XEUR;11286679;688;
10.02.2025;08:26:53.812;FGBL SI 20250306 PS;SIMPLE_INSTRUMENT;EFS;EUR;4;133.34000000;467;EXCHANGE_LAST;;1;1;XEUR;11286679;688;
10.02.2025;08:48:38.616;FGBL SI 20250306 PS;SIMPLE_INSTRUMENT;EFS;EUR;5;133.34000000;408;EXCHANGE_LAST;;1;1;XEUR;11286679;688;
10.02.2025;09:04:46.613;FGBL SI 20250306 PS;SIMPLE_INSTRUMENT;EFS;EUR;6;133.36000000;417;EXCHANGE_LAST;;1;1;XEUR;11286679;688;
10.02.2025;09:07:55.399;FGBL SI 20250306 PS;SIMPLE_INSTRUMENT;EFP_FIN;EUR;7;133.43000000;371;EXCHANGE_LAST;;1;1;XEUR;11286679;688;
10.02.2025;09:11:03.024;FGBL SI 20250306 PS;SIMPLE_INSTRUMENT;EFS;EUR;8;133.39000000;1810;EXCHANGE_LAST;;1;1;XEUR;11286679;688;
10.02.2025;09:16:24.341;FGBL SI 20250306 PS;SIMPLE_INSTRUMENT;EFS;EUR;9;133.32000000;166;EXCHANGE_LAST;;1;1;XEUR;11286679;688;
10.02.2025;09:20:57.868;FGBL SI 20250306 PS;SIMPLE_INSTRUMENT;EFS;EUR;10;133.36000000;271;EXCHANGE_LAST;;1;1;XEUR;11286679;688;
10.02.2025;09:24:33.311;FGBL SI 20250306 PS;SIMPLE_INSTRUMENT;EFS;EUR;11;133.32000000;104;EXCHANGE_LAST;;1;1;XEUR;11286679;688;
10.02.2025;09:32:25.912;FGBL SI 20250306 PS;SIMPLE_INSTRUMENT;EFP_FIN;EUR;12;133.32000000;78;EXCHANGE_LAST;;1;1;XEUR;11286679;688;
10.02.2025;09:36:54.618;FGBL SI 20250306 PS;SIMPLE_INSTRUMENT;EFP_FIN;EUR;13;133.30000000;924;EXCHANGE_LAST;;1;1;XEUR;11286679;688;
10.02.2025;09:37:18.545;FGBL SI 20250306 PS;SIMPLE_INSTRUMENT;EFS;EUR;14;133.35000000;443;EXCHANGE_LAST;;1;1;XEUR;11286679;688;
10.02.2025;10:04:54.612;FGBL SI 20250306 PS;SIMPLE_INSTRUMENT;EFS;EUR;15;133.36000000;207;EXCHANGE_LAST;;1;1;XEUR;11286679;688;
10.02.2025;10:05:56.977;FGBL SI 20250306 PS;SIMPLE_INSTRUMENT;EFS;EUR;16;133.36000000;1810;EXCHANGE_LAST;;1;1;XEUR;11286679;688;
10.02.2025;10:13:29.662;FGBL SI 20250306 PS;SIMPLE_INSTRUMENT;EFP_FIN;EUR;17;133.36000000;449;EXCHANGE_LAST;;1;1;XEUR;11286679;688;
10.02.2025;10:18:24.873;FGBL SI 20250306 PS;SIMPLE_INSTRUMENT;EFS;EUR;18;133.34000000;504;EXCHANGE_LAST;;1;1;XEUR;11286679;688;
10.02.2025;10:28:56.410;FGBL SI 20250306 PS;SIMPLE_INSTRUMENT;EFP_FIN;EUR;19;133.30000000;275;EXCHANGE_LAST;;1;1;XEUR;11286679;688;
10.02.2025;10:29:34.826;FGBL SI 20250306 PS;SIMPLE_INSTRUMENT;EFS;EUR;20;133.26000000;234;EXCHANGE_LAST;;1;1;XEUR;11286679;688;
10.02.2025;10:30:03.210;FGBL SI 20250306 PS;SIMPLE_INSTRUMENT;EFS;EUR;21;133.37000000;187;EXCHANGE_LAST;;1;1;XEUR;11286679;688;
10.02.2025;10:31:36.817;FGBL SI 20250306 PS;SIMPLE_INSTRUMENT;EFS;EUR;22;133.35000000;140;EXCHANGE_LAST;;1;1;XEUR;11286679;688;
10.02.2025;10:35:59.147;FGBL SI 20250306 PS;SIMPLE_INSTRUMENT;EFP_FIN;EUR;23;133.32000000;450;EXCHANGE_LAST;;1;1;XEUR;11286679;688;
10.02.2025;10:43:37.139;FGBL SI 20250306 PS;SIMPLE_INSTRUMENT;EFS;EUR;24;133.29000000;414;EXCHANGE_LAST;;1;1;XEUR;11286679;688;
10.02.2025;10:44:48.641;FGBL SI 20250306 PS;SIMPLE_INSTRUMENT;EFP_FIN;EUR;25;133.28000000;793;EXCHANGE_LAST;;1;1;XEUR;11286679;688;
10.02.2025;10:44:38.648;FGBL SI 20250306 PS;SIMPLE_INSTRUMENT;EFS;EUR;26;133.29000000;2038;EXCHANGE_LAST;;1;1;XEUR;11286679;688;
10.02.2025;10:49:18.626;FGBL SI 20250306 PS;SIMPLE_INSTRUMENT;EFS;EUR;27;133.31000000;250;EXCHANGE_LAST;;1;1;XEUR;11286679;688;
10.02.2025;10:50:45.405;FGBL SI 20250306 PS;SIMPLE_INSTRUMENT;EFS;EUR;28;133.31000000;414;EXCHANGE_LAST;;1;1;XEUR;11286679;688;
10.02.2025;11:00:48.537;FGBL SI 20250306 PS;SIMPLE_INSTRUMENT;EFS;EUR;29;133.32000000;935;EXCHANGE_LAST;;1;1;XEUR;11286679;688;
10.02.2025;11:04:48.120;FGBL SI 20250306 PS;SIMPLE_INSTRUMENT;EFP_FIN;EUR;30;133.36000000;297;EXCHANGE_LAST;;1;1;XEUR;11286679;688;
10.02.2025;11:13:11.722;FGBL SI 20250306 PS;SIMPLE_INSTRUMENT;EFP_FIN;EUR;31;133.28000000;793;EXCHANGE_LAST;;1;1;XEUR;11286679;688;
10.02.2025;11:15:43.269;FGBL SI 20250306 PS;SIMPLE_INSTRUMENT;EFS;EUR;32;133.28000000;498;EXCHANGE_LAST;;1;1;XEUR;11286679;688;
10.02.2025;11:17:03.328;FGBL SI 20250306 PS;SIMPLE_INSTRUMENT;EFS;EUR;33;133.28000000;332;EXCHANGE_LAST;;1;1;XEUR;11286679;688;
10.02.2025;11:20:29.281;FGBL SI 20250306 PS;SIMPLE_INSTRUMENT;BLOCK;EUR;34;133.29000000;2142;EXCHANGE_LAST;;1;1;XEUR;11286679;688;
10.02.2025;11:23:49.608;FGBL SI 20250306 PS;SIMPLE_INSTRUMENT;EFS;EUR;35;133.27000000;415;EXCHANGE_LAST;;1;1;XEUR;11286679;688;
10.02.2025;11:24:19.633;FGBL SI 20250306 PS;SIMPLE_INSTRUMENT;EFS;EUR;36;133.27000000;250;EXCHANGE_LAST;;1;1;XEUR;11286679;688;
10.02.2025;11:25:52.170;FGBL SI 20250306 PS;SIMPLE_INSTRUMENT;EFS;EUR;37;133.27000000;300;EXCHANGE_LAST;;1;1;XEUR;11286679;688;
10.02.2025;11:28:51.886;FGBL SI 20250306 PS;SIMPLE_INSTRUMENT;EFS;EUR;38;133.27000000;415;EXCHANGE_LAST;;1;1;XEUR;11286679;688;
10.02.2025;11:30:21.629;FGBL SI 20250306 PS;SIMPLE_INSTRUMENT;EFS;EUR;39;133.27000000;250;EXCHANGE_LAST;;1;1;XEUR;11286679;688;
10.02.2025;11:33:16.106;FGBL SI 20250306 PS;SIMPLE_INSTRUMENT;EFS;EUR;40;133.25000000;1810;EXCHANGE_LAST;;1;1;XEUR;11286679;688;
10.02.2025;11:36:46.150;FGBL SI 20250306 PS;SIMPLE_INSTRUMENT;EFS;EUR;41;133.27000000;2074;EXCHANGE_LAST;;1;1;XEUR;11286679;688;
10.02.2025;11:36:51.157;FGBL SI 20250306 PS;SIMPLE_INSTRUMENT;EFS;EUR;42;133.27000000;2074;EXCHANGE_LAST;;1;1;XEUR;11286679;688;
10.02.2025;11:40:31.324;FGBL SI 20250306 PS;SIMPLE_INSTRUMENT;EFS;EUR;43;133.27000000;4149;EXCHANGE_LAST;;1;1;XEUR;11286679;688;
10.02.2025;11:40:31.369;FGBL SI 20250306 PS;SIMPLE_INSTRUMENT;EFS;EUR;44;133.27000000;4149;EXCHANGE_LAST;;1;1;XEUR;11286679;688;
10.02.2025;11:44:20.320;FGBL SI 20250306 PS;SIMPLE_INSTRUMENT;EFP_FIN;EUR;45;133.27000000;156;EXCHANGE_LAST;;1;1;XEUR;11286679;688;
10.02.2025;11:41:36.053;FGBL SI 20250306 PS;SIMPLE_INSTRUMENT;EFP_FIN;EUR;46;133.26000000;324;EXCHANGE_LAST;;1;1;XEUR;11286679;688;
10.02.2025;11:46:16.823;FGBL SI 20250306 PS;SIMPLE_INSTRUMENT;EFS;EUR;47;133.28000000;2038;EXCHANGE_LAST;;1;1;XEUR;11286679;688;
10.02.2025;11:50:52.675;FGBL SI 20250306 PS;SIMPLE_INSTRUMENT;EFS;EUR;48;133.26000000;646;EXCHANGE_LAST;;1;1;XEUR;11286679;688;
10.02.2025;11:51:20.038;FGBL SI 20250306 PS;SIMPLE_INSTRUMENT;EFS;EUR;49;133.29000000;187;EXCHANGE_LAST;;1;1;XEUR;11286679;688;
10.02.2025;11:52:48.755;FGBL SI 20250306 PS;SIMPLE_INSTRUMENT;EFP_FIN;EUR;50;133.26000000;349;EXCHANGE_LAST;;1;1;XEUR;11286679;688;
10.02.2025;11:53:50.132;FGBL SI 20250306 PS;SIMPLE_INSTRUMENT;EFP_FIN;EUR;51;133.26000000;349;EXCHANGE_LAST;;1;1;XEUR;11286679;688;
10.02.2025;12:05:33.646;FGBL SI 20250306 PS;SIMPLE_INSTRUMENT;EFP_FIN;EUR;52;133.35000000;436;EXCHANGE_LAST;;1;1;XEUR;11286679;688;
10.02.2025;12:06:58.880;FGBL SI 20250306 PS;SIMPLE_INSTRUMENT;EFS;EUR;53;133.28000000;936;EXCHANGE_LAST;;1;1;XEUR;11286679;688;
10.02.2025;12:08:23.491;FGBL SI 20250306 PS;SIMPLE_INSTRUMENT;EFS;EUR;54;133.34000000;1365;EXCHANGE_LAST;;1;1;XEUR;11286679;688;
10.02.2025;12:08:53.627;FGBL SI 20250306 PS;SIMPLE_INSTRUMENT;EFS;EUR;55;133.28000000;453;EXCHANGE_LAST;;1;1;XEUR;11286679;688;
10.02.2025;12:16:58.788;FGBL SI 20250306 PS;SIMPLE_INSTRUMENT;EFS;EUR;56;133.32000000;207;EXCHANGE_LAST;;1;1;XEUR;11286679;688;
10.02.2025;12:21:49.005;FGBL SI 20250306 PS;SIMPLE_INSTRUMENT;EFS;EUR;57;133.32000000;281;EXCHANGE_LAST;;1;1;XEUR;11286679;688;
10.02.2025;12:29:14.230;FGBL SI 20250306 PS;SIMPLE_INSTRUMENT;EFS;EUR;58;133.34000000;414;EXCHANGE_LAST;;1;1;XEUR;11286679;688;
10.02.2025;12:32:44.069;FGBL SI 20250306 PS;SIMPLE_INSTRUMENT;EFS;EUR;59;133.32000000;415;EXCHANGE_LAST;;1;1;XEUR;11286679;688;
10.02.2025;12:45:22.698;FGBL SI 20250306 PS;SIMPLE_INSTRUMENT;EFS;EUR;60;133.37000000;415;EXCHANGE_LAST;;1;1;XEUR;11286679;688;
10.02.2025;12:50:39.225;FGBL SI 20250306 PS;SIMPLE_INSTRUMENT;EFS;EUR;61;133.29000000;98;EXCHANGE_LAST;;1;1;XEUR;11286679;688;
10.02.2025;12:54:44.013;FGBL SI 20250306 PS;SIMPLE_INSTRUMENT;EFS;EUR;62;133.30000000;98;EXCHANGE_LAST;;1;1;XEUR;11286679;688;
10.02.2025;12:56:23.450;FGBL SI 20250306 PS;SIMPLE_INSTRUMENT;EFS;EUR;63;133.39000000;415;EXCHANGE_LAST;;1;1;XEUR;11286679;688;
10.02.2025;13:01:36.034;FGBL SI 20250306 PS;SIMPLE_INSTRUMENT;EFS;EUR;64;133.39000000;187;EXCHANGE_LAST;;1;1;XEUR;11286679;688;
10.02.2025;13:05:59.047;FGBL SI 20250306 PS;SIMPLE_INSTRUMENT;EFS;EUR;65;133.35000000;2038;EXCHANGE_LAST;;1;1;XEUR;11286679;688;
10.02.2025;13:19:26.839;FGBL SI 20250306 PS;SIMPLE_INSTRUMENT;EFP_FIN;EUR;66;133.38000000;175;EXCHANGE_LAST;;1;1;XEUR;11286679;688;
10.02.2025;13:25:15.093;FGBL SI 20250306 PS;SIMPLE_INSTRUMENT;EFP_FIN;EUR;67;133.38000000;930;EXCHANGE_LAST;;1;1;XEUR;11286679;688;
10.02.2025;13:33:01.093;FGBL SI 20250306 PS;SIMPLE_INSTRUMENT;EFP_FIN;EUR;68;133.38000000;371;EXCHANGE_LAST;;1;1;XEUR;11286679;688;
10.02.2025;13:36:46.634;FGBL SI 20250306 PS;SIMPLE_INSTRUMENT;EFS;EUR;69;133.38000000;467;EXCHANGE_LAST;;1;1;XEUR;11286679;688;
10.02.2025;13:41:44.631;FGBL SI 20250306 PS;SIMPLE_INSTRUMENT;EFS;EUR;70;133.40000000;908;EXCHANGE_LAST;;1;1;XEUR;11286679;688;
10.02.2025;13:42:27.387;FGBL SI 20250306 PS;SIMPLE_INSTRUMENT;EFS;EUR;71;133.41000000;252;EXCHANGE_LAST;;1;1;XEUR;11286679;688;
10.02.2025;13:42:52.655;FGBL SI 20250306 PS;SIMPLE_INSTRUMENT;EFP_FIN;EUR;72;133.37000000;238;EXCHANGE_LAST;;1;1;XEUR;11286679;688;
10.02.2025;13:42:52.405;FGBL SI 20250306 PS;SIMPLE_INSTRUMENT;EFS;EUR;73;133.41000000;252;EXCHANGE_LAST;;1;1;XEUR;11286679;688;
10.02.2025;13:43:07.417;FGBL SI 20250306 PS;SIMPLE_INSTRUMENT;EFS;EUR;74;133.41000000;504;EXCHANGE_LAST;;1;1;XEUR;11286679;688;
10.02.2025;13:45:48.462;FGBL SI 20250306 PS;SIMPLE_INSTRUMENT;EFP_FIN;EUR;75;133.39000000;314;EXCHANGE_LAST;;1;1;XEUR;11286679;688;
10.02.2025;13:47:21.539;FGBL SI 20250306 PS;SIMPLE_INSTRUMENT;EFS;EUR;76;133.40000000;251;EXCHANGE_LAST;;1;1;XEUR;11286679;688;
10.02.2025;13:49:12.697;FGBL SI 20250306 PS;SIMPLE_INSTRUMENT;EFS;EUR;77;133.40000000;415;EXCHANGE_LAST;;1;1;XEUR;11286679;688;
10.02.2025;13:51:37.808;FGBL SI 20250306 PS;SIMPLE_INSTRUMENT;EFS;EUR;78;133.42000000;415;EXCHANGE_LAST;;1;1;XEUR;11286679;688;
10.02.2025;14:00:09.206;FGBL SI 20250306 PS;SIMPLE_INSTRUMENT;EFS;EUR;79;133.47000000;403;EXCHANGE_LAST;;1;1;XEUR;11286679;688;
10.02.2025;14:01:39.282;FGBL SI 20250306 PS;SIMPLE_INSTRUMENT;EFS;EUR;80;133.48000000;414;EXCHANGE_LAST;;1;1;XEUR;11286679;688;
10.02.2025;14:04:26.435;FGBL SI 20250306 PS;SIMPLE_INSTRUMENT;EFS;EUR;81;133.47000000;302;EXCHANGE_LAST;;1;1;XEUR;11286679;688;
10.02.2025;14:14:10.799;FGBL SI 20250306 PS;SIMPLE_INSTRUMENT;EFS;EUR;82;133.46000000;504;EXCHANGE_LAST;;1;1;XEUR;11286679;688;
10.02.2025;14:16:07.906;FGBL SI 20250306 PS;SIMPLE_INSTRUMENT;EFS;EUR;83;133.46000000;467;EXCHANGE_LAST;;1;1;XEUR;11286679;688;
10.02.2025;14:17:16.565;FGBL SI 20250306 PS;SIMPLE_INSTRUMENT;EFS;EUR;84;133.46000000;234;EXCHANGE_LAST;;1;1;XEUR;11286679;688;
10.02.2025;14:24:22.161;FGBL SI 20250306 PS;SIMPLE_INSTRUMENT;EFS;EUR;85;133.48000000;700;EXCHANGE_LAST;;1;1;XEUR;11286679;688;
10.02.2025;14:34:42.698;FGBL SI 20250306 PS;SIMPLE_INSTRUMENT;EFS;EUR;86;133.53000000;504;EXCHANGE_LAST;;1;1;XEUR;11286679;688;
10.02.2025;14:49:14.444;FGBL SI 20250306 PS;SIMPLE_INSTRUMENT;EFS;EUR;87;133.54000000;414;EXCHANGE_LAST;;1;1;XEUR;11286679;688;
10.02.2025;14:52:20.760;FGBL SI 20250306 PS;SIMPLE_INSTRUMENT;EFS;EUR;88;133.54000000;414;EXCHANGE_LAST;;1;1;XEUR;11286679;688;
10.02.2025;14:53:50.397;FGBL SI 20250306 PS;SIMPLE_INSTRUMENT;EFS;EUR;89;133.54000000;414;EXCHANGE_LAST;;1;1;XEUR;11286679;688;
10.02.2025;15:10:50.310;FGBL SI 20250306 PS;SIMPLE_INSTRUMENT;EFP_FIN;EUR;90;133.55000000;206;EXCHANGE_LAST;;1;1;XEUR;11286679;688;
10.02.2025;15:13:33.174;FGBL SI 20250306 PS;SIMPLE_INSTRUMENT;EFP_FIN;EUR;91;133.53000000;196;EXCHANGE_LAST;;1;1;XEUR;11286679;688;
10.02.2025;15:15:28.490;FGBL SI 20250306 PS;SIMPLE_INSTRUMENT;EFP_FIN;EUR;92;133.55000000;99;EXCHANGE_LAST;;1;1;XEUR;11286679;688;
10.02.2025;15:20:25.862;FGBL SI 20250306 PS;SIMPLE_INSTRUMENT;EFS;EUR;93;133.53000000;467;EXCHANGE_LAST;;1;1;XEUR;11286679;688;
10.02.2025;15:21:13.431;FGBL SI 20250306 PS;SIMPLE_INSTRUMENT;EFS;EUR;94;133.54000000;467;EXCHANGE_LAST;;1;1;XEUR;11286679;688;
10.02.2025;15:22:19.941;FGBL SI 20250306 PS;SIMPLE_INSTRUMENT;EFS;EUR;95;133.55000000;700;EXCHANGE_LAST;;1;1;XEUR;11286679;688;
10.02.2025;15:25:21.243;FGBL SI 20250306 PS;SIMPLE_INSTRUMENT;EFP_FIN;EUR;96;133.53000000;78;EXCHANGE_LAST;;1;1;XEUR;11286679;688;
10.02.2025;15:25:52.816;FGBL SI 20250306 PS;SIMPLE_INSTRUMENT;EFS;EUR;97;133.54000000;467;EXCHANGE_LAST;;1;1;XEUR;11286679;688;
10.02.2025;15:37:14.556;FGBL SI 20250306 PS;SIMPLE_INSTRUMENT;EFS;EUR;98;133.55000000;467;EXCHANGE_LAST;;1;1;XEUR;11286679;688;
10.02.2025;15:40:43.965;FGBL SI 20250306 PS;SIMPLE_INSTRUMENT;EFP_FIN;EUR;99;133.53000000;188;EXCHANGE_LAST;;1;1;XEUR;11286679;688;
10.02.2025;15:49:43.949;FGBL SI 20250306 PS;SIMPLE_INSTRUMENT;EFS;EUR;100;133.55000000;207;EXCHANGE_LAST;;1;1;XEUR;11286679;688;
10.02.2025;15:55:14.507;FGBL SI 20250306 PS;SIMPLE_INSTRUMENT;EFS;EUR;101;133.59000000;2099;EXCHANGE_LAST;;1;1;XEUR;11286679;688;
10.02.2025;16:08:08.014;FGBL SI 20250306 PS;SIMPLE_INSTRUMENT;EFS;EUR;102;133.56000000;233;EXCHANGE_LAST;;1;1;XEUR;11286679;688;
10.02.2025;16:09:23.712;FGBL SI 20250306 PS;SIMPLE_INSTRUMENT;EFS;EUR;103;133.56000000;207;EXCHANGE_LAST;;1;1;XEUR;11286679;688;
10.02.2025;16:15:31.937;FGBL SI 20250306 PS;SIMPLE_INSTRUMENT;EFS;EUR;104;133.50000000;622;EXCHANGE_LAST;;1;1;XEUR;11286679;688;
10.02.2025;16:15:41.949;FGBL SI 20250306 PS;SIMPLE_INSTRUMENT;EFS;EUR;105;133.50000000;414;EXCHANGE_LAST;;1;1;XEUR;11286679;688;
10.02.2025;16:15:51.960;FGBL SI 20250306 PS;SIMPLE_INSTRUMENT;EFS;EUR;106;133.50000000;207;EXCHANGE_LAST;;1;1;XEUR;11286679;688;
10.02.2025;16:18:08.826;FGBL SI 20250306 PS;SIMPLE_INSTRUMENT;EFS;EUR;107;133.50000000;207;EXCHANGE_LAST;;1;1;XEUR;11286679;688;
10.02.2025;16:23:13.106;FGBL SI 20250306 PS;SIMPLE_INSTRUMENT;EFP_FIN;EUR;108;133.46000000;649;EXCHANGE_LAST;;1;1;XEUR;11286679;688;
10.02.2025;16:35:38.733;FGBL SI 20250306 PS;SIMPLE_INSTRUMENT;EFS;EUR;109;133.60000000;884;EXCHANGE_LAST;;1;1;XEUR;11286679;688;
10.02.2025;16:45:18.022;FGBL SI 20250306 PS;SIMPLE_INSTRUMENT;EFP_FIN;EUR;110;133.50000000;723;EXCHANGE_LAST;;1;1;XEUR;11286679;688;
10.02.2025;17:01:01.263;FGBL SI 20250306 PS;SIMPLE_INSTRUMENT;EFS;EUR;111;133.46000000;187;EXCHANGE_LAST;;1;1;XEUR;11286679;688;
10.02.2025;17:02:28.810;FGBL SI 20250306 PS;SIMPLE_INSTRUMENT;EFP_FIN;EUR;112;133.47000000;1857;EXCHANGE_LAST;;1;1;XEUR;11286679;688;
10.02.2025;08:33:45.191;FGBL SI 20250306 PS;SIMPLE_INSTRUMENT;VOLA;EUR;268435460;133.26000000;50;EXCHANGE_LAST;;1;1;XEUR;11286679;688;
10.02.2025;08:35:21.874;FGBL SI 20250306 PS;SIMPLE_INSTRUMENT;VOLA;EUR;268435461;133.26000000;50;EXCHANGE_LAST;;1;1;XEUR;11286679;688;
10.02.2025;08:34:19.641;FGBM SI 20250306 PS;SIMPLE_INSTRUMENT;EFS;EUR;1;117.79000000;915;EXCHANGE_LAST;;1;1;XEUR;11286680;689;
10.02.2025;08:45:23.757;FGBM SI 20250306 PS;SIMPLE_INSTRUMENT;EFP_FIN;EUR;2;117.75000000;949;EXCHANGE_LAST;;1;1;XEUR;11286680;689;
10.02.2025;08:55:28.492;FGBM SI 20250306 PS;SIMPLE_INSTRUMENT;EFP_FIN;EUR;3;117.79000000;259;EXCHANGE_LAST;;1;1;XEUR;11286680;689;
10.02.2025;08:55:57.639;FGBM SI 20250306 PS;SIMPLE_INSTRUMENT;EFP_FIN;EUR;4;117.79000000;431;EXCHANGE_LAST;;1;1;XEUR;11286680;689;
10.02.2025;09:03:37.367;FGBM SI 20250306 PS;SIMPLE_INSTRUMENT;BLOCK;EUR;5;117.83000000;4718;EXCHANGE_LAST;;1;1;XEUR;11286680;689;
10.02.2025;09:26:29.639;FGBM SI 20250306 PS;SIMPLE_INSTRUMENT;EFS;EUR;6;117.81000000;4767;EXCHANGE_LAST;;1;1;XEUR;11286680;689;
10.02.2025;09:33:52.285;FGBM SI 20250306 PS;SIMPLE_INSTRUMENT;EFS;EUR;7;117.81000000;457;EXCHANGE_LAST;;1;1;XEUR;11286680;689;
10.02.2025;09:35:10.840;FGBM SI 20250306 PS;SIMPLE_INSTRUMENT;EFP_FIN;EUR;8;117.80000000;1932;EXCHANGE_LAST;;1;1;XEUR;11286680;689;
10.02.2025;09:37:50.078;FGBM SI 20250306 PS;SIMPLE_INSTRUMENT;EFP_FIN;EUR;9;117.82000000;470;EXCHANGE_LAST;;1;1;XEUR;11286680;689;
10.02.2025;09:38:48.431;FGBM SI 20250306 PS;SIMPLE_INSTRUMENT;EFP_FIN;EUR;10;117.82000000;343;EXCHANGE_LAST;;1;1;XEUR;11286680;689;
10.02.2025;09:47:51.837;FGBM SI 20250306 PS;SIMPLE_INSTRUMENT;EFS;EUR;11;117.80000000;914;EXCHANGE_LAST;;1;1;XEUR;11286680;689;
10.02.2025;09:55:16.830;FGBM SI 20250306 PS;SIMPLE_INSTRUMENT;EFP_FIN;EUR;12;117.80000000;587;EXCHANGE_LAST;;1;1;XEUR;11286680;689;
10.02.2025;10:05:03.914;FGBM SI 20250306 PS;SIMPLE_INSTRUMENT;EFP_FIN;EUR;13;117.84000000;940;EXCHANGE_LAST;;1;1;XEUR;11286680;689;
10.02.2025;10:14:56.050;FGBM SI 20250306 PS;SIMPLE_INSTRUMENT;EFS;EUR;14;117.81000000;285;EXCHANGE_LAST;;1;1;XEUR;11286680;689;
10.02.2025;10:15:43.302;FGBM SI 20250306 PS;SIMPLE_INSTRUMENT;EFS;EUR;15;117.81000000;2860;EXCHANGE_LAST;;1;1;XEUR;11286680;689;
10.02.2025;10:17:09.439;FGBM SI 20250306 PS;SIMPLE_INSTRUMENT;EFP_FIN;EUR;16;117.81000000;940;EXCHANGE_LAST;;1;1;XEUR;11286680;689;
10.02.2025;10:24:47.854;FGBM SI 20250306 PS;SIMPLE_INSTRUMENT;EFP_FIN;EUR;17;117.85000000;431;EXCHANGE_LAST;;1;1;XEUR;11286680;689;
10.02.2025;10:48:06.823;FGBM SI 20250306 PS;SIMPLE_INSTRUMENT;EFS;EUR;18;117.81000000;2820;EXCHANGE_LAST;;1;1;XEUR;11286680;689;
10.02.2025;10:59:11.606;FGBM SI 20250306 PS;SIMPLE_INSTRUMENT;EFS;EUR;19;117.81000000;915;EXCHANGE_LAST;;1;1;XEUR;11286680;689;
10.02.2025;11:00:23.231;FGBM SI 20250306 PS;SIMPLE_INSTRUMENT;EFP_FIN;EUR;20;117.79000000;2588;EXCHANGE_LAST;;1;1;XEUR;11286680;689;
10.02.2025;11:02:10.772;FGBM SI 20250306 PS;SIMPLE_INSTRUMENT;EFP_FIN;EUR;21;117.78000000;2890;EXCHANGE_LAST;;1;1;XEUR;11286680;689;
10.02.2025;11:03:32.052;FGBM SI 20250306 PS;SIMPLE_INSTRUMENT;EFP_FIN;EUR;22;117.78000000;3149;EXCHANGE_LAST;;1;1;XEUR;11286680;689;
10.02.2025;11:04:34.705;FGBM SI 20250306 PS;SIMPLE_INSTRUMENT;BLOCK;EUR;23;117.81000000;4718;EXCHANGE_LAST;;1;1;XEUR;11286680;689;
10.02.2025;11:09:58.305;FGBM SI 20250306 PS;SIMPLE_INSTRUMENT;EFP_FIN;EUR;24;117.78000000;105;EXCHANGE_LAST;;1;1;XEUR;11286680;689;
10.02.2025;11:47:10.542;FGBM SI 20250306 PS;SIMPLE_INSTRUMENT;EFS;EUR;25;117.79000000;3034;EXCHANGE_LAST;;1;1;XEUR;11286680;689;
10.02.2025;12:27:20.420;FGBM SI 20250306 PS;SIMPLE_INSTRUMENT;EFP_FIN;EUR;28;117.81000000;250;EXCHANGE_LAST;;1;1;XEUR;11286680;689;
10.02.2025;12:22:23.309;FGBM SI 20250306 PS;SIMPLE_INSTRUMENT;EFP_FIN;EUR;29;117.81000000;125;EXCHANGE_LAST;;1;1;XEUR;11286680;689;
10.02.2025;12:27:17.314;FGBM SI 20250306 PS;SIMPLE_INSTRUMENT;EFS;EUR;30;117.80000000;914;EXCHANGE_LAST;;1;1;XEUR;11286680;689;
10.02.2025;12:27:24.278;FGBM SI 20250306 PS;SIMPLE_INSTRUMENT;EFS;EUR;31;117.78000000;4800;EXCHANGE_LAST;;1;1;XEUR;11286680;689;
10.02.2025;12:30:01.898;FGBM SI 20250306 PS;SIMPLE_INSTRUMENT;EFS;EUR;32;117.81000000;1175;EXCHANGE_LAST;;1;1;XEUR;11286680;689;
10.02.2025;12:31:42.836;FGBM SI 20250306 PS;SIMPLE_INSTRUMENT;EFP_FIN;EUR;33;117.80000000;863;EXCHANGE_LAST;;1;1;XEUR;11286680;689;
10.02.2025;12:46:18.915;FGBM SI 20250306 PS;SIMPLE_INSTRUMENT;EFS;EUR;34;117.82000000;914;EXCHANGE_LAST;;1;1;XEUR;11286680;689;
10.02.2025;12:49:22.158;FGBM SI 20250306 PS;SIMPLE_INSTRUMENT;EFS;EUR;35;117.82000000;915;EXCHANGE_LAST;;1;1;XEUR;11286680;689;
10.02.2025;12:54:28.362;FGBM SI 20250306 PS;SIMPLE_INSTRUMENT;EFS;EUR;36;117.82000000;915;EXCHANGE_LAST;;1;1;XEUR;11286680;689;
10.02.2025;12:54:33.367;FGBM SI 20250306 PS;SIMPLE_INSTRUMENT;EFS;EUR;37;117.83000000;915;EXCHANGE_LAST;;1;1;XEUR;11286680;689;
10.02.2025;13:00:28.029;FGBM SI 20250306 PS;SIMPLE_INSTRUMENT;EFS;EUR;38;117.82000000;394;EXCHANGE_LAST;;1;1;XEUR;11286680;689;
10.02.2025;13:18:55.154;FGBM SI 20250306 PS;SIMPLE_INSTRUMENT;EFP_FIN;EUR;39;117.81000000;227;EXCHANGE_LAST;;1;1;XEUR;11286680;689;
10.02.2025;13:25:51.499;FGBM SI 20250306 PS;SIMPLE_INSTRUMENT;EFP_FIN;EUR;40;117.82000000;391;EXCHANGE_LAST;;1;1;XEUR;11286680;689;
10.02.2025;13:23:40.311;FGBM SI 20250306 PS;SIMPLE_INSTRUMENT;EFP_FIN;EUR;41;117.82000000;281;EXCHANGE_LAST;;1;1;XEUR;11286680;689;
10.02.2025;13:28:19.821;FGBM SI 20250306 PS;SIMPLE_INSTRUMENT;EFS;EUR;43;117.82000000;198;EXCHANGE_LAST;;1;1;XEUR;11286680;689;
10.02.2025;13:29:27.572;FGBM SI 20250306 PS;SIMPLE_INSTRUMENT;EFP_FIN;EUR;44;117.82000000;215;EXCHANGE_LAST;;1;1;XEUR;11286680;689;
10.02.2025;13:35:24.028;FGBM SI 20250306 PS;SIMPLE_INSTRUMENT;EFP_FIN;EUR;45;117.82000000;154;EXCHANGE_LAST;;1;1;XEUR;11286680;689;
10.02.2025;13:38:33.640;FGBM SI 20250306 PS;SIMPLE_INSTRUMENT;EFP_FIN;EUR;46;117.82000000;939;EXCHANGE_LAST;;1;1;XEUR;11286680;689;
10.02.2025;13:41:22.650;FGBM SI 20250306 PS;SIMPLE_INSTRUMENT;EFP_FIN;EUR;47;117.82000000;496;EXCHANGE_LAST;;1;1;XEUR;11286680;689;
10.02.2025;13:41:54.345;FGBM SI 20250306 PS;SIMPLE_INSTRUMENT;EFS;EUR;48;117.84000000;389;EXCHANGE_LAST;;1;1;XEUR;11286680;689;
10.02.2025;13:43:58.463;FGBM SI 20250306 PS;SIMPLE_INSTRUMENT;EFS;EUR;49;117.83000000;524;EXCHANGE_LAST;;1;1;XEUR;11286680;689;
10.02.2025;13:50:01.516;FGBM SI 20250306 PS;SIMPLE_INSTRUMENT;EFS;EUR;50;117.83000000;914;EXCHANGE_LAST;;1;1;XEUR;11286680;689;
10.02.2025;13:51:48.003;FGBM SI 20250306 PS;SIMPLE_INSTRUMENT;EFS;EUR;51;117.83000000;914;EXCHANGE_LAST;;1;1;XEUR;11286680;689;
10.02.2025;13:53:47.895;FGBM SI 20250306 PS;SIMPLE_INSTRUMENT;EFS;EUR;52;117.85000000;915;EXCHANGE_LAST;;1;1;XEUR;11286680;689;
10.02.2025;13:53:52.923;FGBM SI 20250306 PS;SIMPLE_INSTRUMENT;EFS;EUR;53;117.85000000;915;EXCHANGE_LAST;;1;1;XEUR;11286680;689;
10.02.2025;13:55:08.316;FGBM SI 20250306 PS;SIMPLE_INSTRUMENT;EFP_FIN;EUR;54;117.84000000;454;EXCHANGE_LAST;;1;1;XEUR;11286680;689;
10.02.2025;14:00:04.197;FGBM SI 20250306 PS;SIMPLE_INSTRUMENT;EFS;EUR;55;117.86000000;915;EXCHANGE_LAST;;1;1;XEUR;11286680;689;
10.02.2025;14:00:19.217;FGBM SI 20250306 PS;SIMPLE_INSTRUMENT;EFS;EUR;56;117.87000000;915;EXCHANGE_LAST;;1;1;XEUR;11286680;689;
10.02.2025;14:02:44.329;FGBM SI 20250306 PS;SIMPLE_INSTRUMENT;EFS;EUR;57;117.86000000;915;EXCHANGE_LAST;;1;1;XEUR;11286680;689;
10.02.2025;14:04:55.007;FGBM SI 20250306 PS;SIMPLE_INSTRUMENT;EFP_FIN;EUR;58;117.83000000;194;EXCHANGE_LAST;;1;1;XEUR;11286680;689;
10.02.2025;14:07:11.257;FGBM SI 20250306 PS;SIMPLE_INSTRUMENT;EFS;EUR;59;117.85000000;914;EXCHANGE_LAST;;1;1;XEUR;11286680;689;
10.02.2025;14:09:00.726;FGBM SI 20250306 PS;SIMPLE_INSTRUMENT;EFS;EUR;60;117.86000000;457;EXCHANGE_LAST;;1;1;XEUR;11286680;689;
10.02.2025;14:08:46.942;FGBM SI 20250306 PS;SIMPLE_INSTRUMENT;EFP_FIN;EUR;61;117.84000000;336;EXCHANGE_LAST;;1;1;XEUR;11286680;689;
10.02.2025;14:12:57.041;FGBM SI 20250306 PS;SIMPLE_INSTRUMENT;EFS;EUR;62;117.86000000;1969;EXCHANGE_LAST;;1;1;XEUR;11286680;689;
10.02.2025;14:14:22.988;FGBM SI 20250306 PS;SIMPLE_INSTRUMENT;EFS;EUR;63;117.86000000;984;EXCHANGE_LAST;;1;1;XEUR;11286680;689;
10.02.2025;14:15:20.850;FGBM SI 20250306 PS;SIMPLE_INSTRUMENT;EFS;EUR;64;117.87000000;915;EXCHANGE_LAST;;1;1;XEUR;11286680;689;
10.02.2025;14:19:11.503;FGBM SI 20250306 PS;SIMPLE_INSTRUMENT;EFP_FIN;EUR;65;117.87000000;1596;EXCHANGE_LAST;;1;1;XEUR;11286680;689;
10.02.2025;14:24:15.652;FGBM SI 20250306 PS;SIMPLE_INSTRUMENT;EFP_FIN;EUR;66;117.85000000;150;EXCHANGE_LAST;;1;1;XEUR;11286680;689;
10.02.2025;14:28:57.427;FGBM SI 20250306 PS;SIMPLE_INSTRUMENT;EFS;EUR;67;117.87000000;915;EXCHANGE_LAST;;1;1;XEUR;11286680;689;
10.02.2025;14:46:38.249;FGBM SI 20250306 PS;SIMPLE_INSTRUMENT;EFP_FIN;EUR;68;117.85000000;94;EXCHANGE_LAST;;1;1;XEUR;11286680;689;
10.02.2025;14:56:40.975;FGBM SI 20250306 PS;SIMPLE_INSTRUMENT;EFP_FIN;EUR;69;117.91000000;109;EXCHANGE_LAST;;1;1;XEUR;11286680;689;
10.02.2025;15:01:50.011;FGBM SI 20250306 PS;SIMPLE_INSTRUMENT;EFP_FIN;EUR;70;117.90000000;532;EXCHANGE_LAST;;1;1;XEUR;11286680;689;
10.02.2025;15:13:49.127;FGBM SI 20250306 PS;SIMPLE_INSTRUMENT;EFP_FIN;EUR;71;117.90000000;532;EXCHANGE_LAST;;1;1;XEUR;11286680;689;
10.02.2025;15:31:46.347;FGBM SI 20250306 PS;SIMPLE_INSTRUMENT;EFP_FIN;EUR;72;117.91000000;92;EXCHANGE_LAST;;1;1;XEUR;11286680;689;
10.02.2025;15:43:54.585;FGBM SI 20250306 PS;SIMPLE_INSTRUMENT;EFS;EUR;73;117.93000000;914;EXCHANGE_LAST;;1;1;XEUR;11286680;689;
10.02.2025;15:50:29.878;FGBM SI 20250306 PS;SIMPLE_INSTRUMENT;EFS;EUR;74;117.93000000;457;EXCHANGE_LAST;;1;1;XEUR;11286680;689;
10.02.2025;15:50:49.896;FGBM SI 20250306 PS;SIMPLE_INSTRUMENT;EFS;EUR;75;117.93000000;1829;EXCHANGE_LAST;;1;1;XEUR;11286680;689;
10.02.2025;15:51:24.925;FGBM SI 20250306 PS;SIMPLE_INSTRUMENT;EFS;EUR;76;117.93000000;914;EXCHANGE_LAST;;1;1;XEUR;11286680;689;
10.02.2025;15:51:54.953;FGBM SI 20250306 PS;SIMPLE_INSTRUMENT;EFS;EUR;77;117.93000000;457;EXCHANGE_LAST;;1;1;XEUR;11286680;689;
10.02.2025;16:06:28.007;FGBM SI 20250306 PS;SIMPLE_INSTRUMENT;EFS;EUR;78;117.93000000;492;EXCHANGE_LAST;;1;1;XEUR;11286680;689;
10.02.2025;16:44:36.628;FGBM SI 20250306 PS;SIMPLE_INSTRUMENT;EFP_FIN;EUR;79;117.90000000;252;EXCHANGE_LAST;;1;1;XEUR;11286680;689;
10.02.2025;16:44:29.621;FGBM SI 20250306 PS;SIMPLE_INSTRUMENT;EFP_FIN;EUR;80;117.90000000;1349;EXCHANGE_LAST;;1;1;XEUR;11286680;689;
10.02.2025;16:47:08.765;FGBM SI 20250306 PS;SIMPLE_INSTRUMENT;EFP_FIN;EUR;81;117.88000000;485;EXCHANGE_LAST;;1;1;XEUR;11286680;689;
10.02.2025;16:53:59.518;FGBM SI 20250306 PS;SIMPLE_INSTRUMENT;EFS;EUR;82;117.88000000;457;EXCHANGE_LAST;;1;1;XEUR;11286680;689;
10.02.2025;17:11:32.729;FGBM SI 20250306 PS;SIMPLE_INSTRUMENT;EFP_FIN;EUR;83;117.89000000;215;EXCHANGE_LAST;;1;1;XEUR;11286680;689;
10.02.2025;17:18:13.157;FGBM SI 20250306 PS;SIMPLE_INSTRUMENT;EFP_FIN;EUR;84;117.89000000;214;EXCHANGE_LAST;;1;1;XEUR;11286680;689;
10.02.2025;08:10:40.062;FGBS SI 20250306 PS;SIMPLE_INSTRUMENT;EFS;EUR;1;106.92000000;2735;EXCHANGE_LAST;;1;1;XEUR;11286681;690;
10.02.2025;09:23:06.422;FGBS SI 20250306 PS;SIMPLE_INSTRUMENT;EFS;EUR;2;106.92000000;2735;EXCHANGE_LAST;;1;1;XEUR;11286681;690;
10.02.2025;09:57:44.945;FGBS SI 20250306 PS;SIMPLE_INSTRUMENT;EFP_FIN;EUR;3;106.91000000;157;EXCHANGE_LAST;;1;1;XEUR;11286681;690;
10.02.2025;10:06:12.015;FGBS SI 20250306 PS;SIMPLE_INSTRUMENT;EFP_FIN;EUR;4;106.92000000;1233;EXCHANGE_LAST;;1;1;XEUR;11286681;690;
10.02.2025;10:06:26.662;FGBS SI 20250306 PS;SIMPLE_INSTRUMENT;EFP_FIN;EUR;5;106.92000000;637;EXCHANGE_LAST;;1;1;XEUR;11286681;690;
10.02.2025;10:07:03.384;FGBS SI 20250306 PS;SIMPLE_INSTRUMENT;EFP_FIN;EUR;6;106.92000000;1233;EXCHANGE_LAST;;1;1;XEUR;11286681;690;
10.02.2025;10:29:28.619;FGBS SI 20250306 PS;SIMPLE_INSTRUMENT;EFS;EUR;7;106.91000000;821;EXCHANGE_LAST;;1;1;XEUR;11286681;690;
10.02.2025;10:43:34.388;FGBS SI 20250306 PS;SIMPLE_INSTRUMENT;EFP_FIN;EUR;8;106.90500000;1457;EXCHANGE_LAST;;1;1;XEUR;11286681;690;
10.02.2025;10:53:27.361;FGBS SI 20250306 PS;SIMPLE_INSTRUMENT;EFP_FIN;EUR;9;106.90000000;935;EXCHANGE_LAST;;1;1;XEUR;11286681;690;
10.02.2025;11:17:17.737;FGBS SI 20250306 PS;SIMPLE_INSTRUMENT;EFS;EUR;10;106.91000000;2516;EXCHANGE_LAST;;1;1;XEUR;11286681;690;
10.02.2025;11:49:39.676;FGBS SI 20250306 PS;SIMPLE_INSTRUMENT;EFS;EUR;11;106.91000000;1094;EXCHANGE_LAST;;1;1;XEUR;11286681;690;
10.02.2025;11:49:54.690;FGBS SI 20250306 PS;SIMPLE_INSTRUMENT;EFS;EUR;12;106.90500000;3778;EXCHANGE_LAST;;1;1;XEUR;11286681;690;
10.02.2025;12:25:01.265;FGBS SI 20250306 PS;SIMPLE_INSTRUMENT;EFS;EUR;13;106.91500000;2735;EXCHANGE_LAST;;1;1;XEUR;11286681;690;
10.02.2025;12:27:57.769;FGBS SI 20250306 PS;SIMPLE_INSTRUMENT;EFS;EUR;14;106.92000000;1367;EXCHANGE_LAST;;1;1;XEUR;11286681;690;
10.02.2025;13:14:57.008;FGBS SI 20250306 PS;SIMPLE_INSTRUMENT;EFP_FIN;EUR;15;106.92000000;137;EXCHANGE_LAST;;1;1;XEUR;11286681;690;
10.02.2025;13:52:32.403;FGBS SI 20250306 PS;SIMPLE_INSTRUMENT;EFS;EUR;16;106.93000000;1854;EXCHANGE_LAST;;1;1;XEUR;11286681;690;
10.02.2025;14:08:00.679;FGBS SI 20250306 PS;SIMPLE_INSTRUMENT;EFS;EUR;17;106.93500000;2707;EXCHANGE_LAST;;1;1;XEUR;11286681;690;
10.02.2025;14:11:08.426;FGBS SI 20250306 PS;SIMPLE_INSTRUMENT;EFS;EUR;18;106.93500000;1394;EXCHANGE_LAST;;1;1;XEUR;11286681;690;
10.02.2025;14:26:04.457;FGBS SI 20250306 PS;SIMPLE_INSTRUMENT;EFS;EUR;19;106.94000000;4101;EXCHANGE_LAST;;1;1;XEUR;11286681;690;
10.02.2025;14:35:54.682;FGBS SI 20250306 PS;SIMPLE_INSTRUMENT;EFP_FIN;EUR;20;106.94000000;1107;EXCHANGE_LAST;;1;1;XEUR;11286681;690;
10.02.2025;15:24:05.946;FGBS SI 20250306 PS;SIMPLE_INSTRUMENT;EFS;EUR;21;106.95000000;4100;EXCHANGE_LAST;;1;1;XEUR;11286681;690;
10.02.2025;15:30:00.502;FGBS SI 20250306 PS;SIMPLE_INSTRUMENT;EFP_FIN;EUR;22;106.91000000;935;EXCHANGE_LAST;;1;1;XEUR;11286681;690;
10.02.2025;16:02:19.151;FGBS SI 20250306 PS;SIMPLE_INSTRUMENT;EFP_FIN;EUR;23;106.97000000;120;EXCHANGE_LAST;;1;1;XEUR;11286681;690;
10.02.2025;16:02:30.614;FGBS SI 20250306 PS;SIMPLE_INSTRUMENT;EFS;EUR;24;106.96500000;1325;EXCHANGE_LAST;;1;1;XEUR;11286681;690;
10.02.2025;16:02:46.788;FGBS SI 20250306 PS;SIMPLE_INSTRUMENT;EFS;EUR;25;106.96500000;1325;EXCHANGE_LAST;;1;1;XEUR;11286681;690;
10.02.2025;16:17:40.917;FGBS SI 20250306 PS;SIMPLE_INSTRUMENT;EFP_FIN;EUR;26;106.96000000;561;EXCHANGE_LAST;;1;1;XEUR;11286681;690;
10.02.2025;16:50:06.626;FGBS SI 20250306 PS;SIMPLE_INSTRUMENT;EFP_FIN;EUR;27;106.96000000;376;EXCHANGE_LAST;;1;1;XEUR;11286681;690;
10.02.2025;16:52:18.833;FGBS SI 20250306 PS;SIMPLE_INSTRUMENT;EFP_FIN;EUR;28;106.96000000;750;EXCHANGE_LAST;;1;1;XEUR;11286681;690;
10.02.2025;16:57:02.846;FGBS SI 20250306 PS;SIMPLE_INSTRUMENT;EFP_FIN;EUR;29;106.96500000;2550;EXCHANGE_LAST;;1;1;XEUR;11286681;690;
10.02.2025;17:02:19.015;FGBS SI 20250306 PS;SIMPLE_INSTRUMENT;EFS;EUR;30;106.95000000;1094;EXCHANGE_LAST;;1;1;XEUR;11286681;690;
10.02.2025;17:22:47.376;FGBS SI 20250306 PS;SIMPLE_INSTRUMENT;EFP_FIN;EUR;31;106.95000000;502;EXCHANGE_LAST;;1;1;XEUR;11286681;690;
10.02.2025;08:29:17.179;FGBX SI 20250306 PS;SIMPLE_INSTRUMENT;EFS;EUR;2;130.90000000;179;EXCHANGE_LAST;;1;1;XEUR;11286682;691;
10.02.2025;10:54:07.246;FGBX SI 20250306 PS;SIMPLE_INSTRUMENT;EFP_FIN;EUR;10;131.04000000;61;EXCHANGE_LAST;;1;1;XEUR;11286682;691;
10.02.2025;11:41:02.591;FGBX SI 20250306 PS;SIMPLE_INSTRUMENT;EFP_FIN;EUR;12;130.96000000;50;EXCHANGE_LAST;;1;1;XEUR;11286682;691;
10.02.2025;11:41:11.834;FGBX SI 20250306 PS;SIMPLE_INSTRUMENT;EFP_FIN;EUR;13;130.94000000;50;EXCHANGE_LAST;;1;1;XEUR;11286682;691;
10.02.2025;12:08:40.048;FGBX SI 20250306 PS;SIMPLE_INSTRUMENT;EFS;EUR;14;130.98000000;372;EXCHANGE_LAST;;1;1;XEUR;11286682;691;
10.02.2025;12:34:49.946;FGBX SI 20250306 PS;SIMPLE_INSTRUMENT;EFS;EUR;16;131.08000000;100;EXCHANGE_LAST;;1;1;XEUR;11286682;691;
10.02.2025;14:00:12.376;FGBX SI 20250306 PS;SIMPLE_INSTRUMENT;EFS;EUR;22;131.34000000;74;EXCHANGE_LAST;;1;1;XEUR;11286682;691;
10.02.2025;14:36:15.474;FGBX SI 20250306 PS;SIMPLE_INSTRUMENT;EFP_FIN;EUR;25;131.62000000;92;EXCHANGE_LAST;;1;1;XEUR;11286682;691;
10.02.2025;15:03:17.360;FGBX SI 20250306 PS;SIMPLE_INSTRUMENT;BLOCK;EUR;27;131.68000000;136;EXCHANGE_LAST;;1;1;XEUR;11286682;691;
10.02.2025;15:19:21.733;FGBX SI 20250306 PS;SIMPLE_INSTRUMENT;EFP_FIN;EUR;29;131.62000000;149;EXCHANGE_LAST;;1;1;XEUR;11286682;691;
10.02.2025;15:12:10.277;FGBX SI 20250306 PS;SIMPLE_INSTRUMENT;EFP_FIN;EUR;30;131.62000000;929;EXCHANGE_LAST;;1;1;XEUR;11286682;691;
10.02.2025;15:14:18.086;FGBX SI 20250306 PS;SIMPLE_INSTRUMENT;EFP_FIN;EUR;31;131.62000000;223;EXCHANGE_LAST;;1;1;XEUR;11286682;691;
10.02.2025;15:20:55.727;FGBX SI 20250306 PS;SIMPLE_INSTRUMENT;EFP_FIN;EUR;32;131.62000000;1040;EXCHANGE_LAST;;1;1;XEUR;11286682;691;
10.02.2025;15:26:18.953;FGBX SI 20250306 PS;SIMPLE_INSTRUMENT;EFS;EUR;33;131.64000000;178;EXCHANGE_LAST;;1;1;XEUR;11286682;691;
10.02.2025;16:03:34.292;FGBX SI 20250306 PS;SIMPLE_INSTRUMENT;EFS;EUR;34;131.78000000;36;EXCHANGE_LAST;;1;1;XEUR;11286682;691;
10.02.2025;16:20:28.695;FGBX SI 20250306 PS;SIMPLE_INSTRUMENT;EFP_FIN;EUR;38;131.56000000;370;EXCHANGE_LAST;;1;1;XEUR;11286682;691;
10.02.2025;08:11:01.656;FMAS SI 20250321 CS;SIMPLE_INSTRUMENT;BLOCK;USD;12;631.09000000;290;EXCHANGE_LAST;;1;1;XEUR;7589709;7061;
10.02.2025;16:50:42.737;FMCP SI 20250321 CS;SIMPLE_INSTRUMENT;EFP_IDX;EUR;36;565.10000000;50;EXCHANGE_LAST;;1;1;XEUR;11359149;662;
10.02.2025;16:50:50.317;FMCP SI 20250321 CS;SIMPLE_INSTRUMENT;EFP_IDX;EUR;37;565.20000000;450;EXCHANGE_LAST;;1;1;XEUR;11359149;662;
10.02.2025;16:50:56.894;FMCP SI 20250321 CS;SIMPLE_INSTRUMENT;EFP_IDX;EUR;38;565.10000000;50;EXCHANGE_LAST;;1;1;XEUR;11359149;662;
10.02.2025;16:51:03.206;FMCP SI 20250321 CS;SIMPLE_INSTRUMENT;EFP_IDX;EUR;39;565.20000000;450;EXCHANGE_LAST;;1;1;XEUR;11359149;662;
10.02.2025;02:36:31.810;FMEA SI 20250321 CS;SIMPLE_INSTRUMENT;BLOCK;USD;2;701.53300000;929;EXCHANGE_LAST;;1;1;XEUR;7589834;12395;
10.02.2025;08:05:31.662;FMEA SI 20250321 CS;SIMPLE_INSTRUMENT;BLOCK;USD;11;701.46300000;70;EXCHANGE_LAST;;1;1;XEUR;7589834;12395;
10.02.2025;08:39:49.683;FMEA SI 20250321 CS;SIMPLE_INSTRUMENT;BLOCK;USD;18;701.67300000;610;EXCHANGE_LAST;;1;1;XEUR;7589834;12395;
10.02.2025;14:03:36.152;FMEA SI 20250321 CS;SIMPLE_INSTRUMENT;BLOCK;USD;21;701.88200000;93;EXCHANGE_LAST;;1;1;XEUR;7589834;12395;
10.02.2025;08:39:07.221;FMEE SI 20250321 CS;SIMPLE_INSTRUMENT;BLOCK;USD;17;330.57500000;200;EXCHANGE_LAST;;1;1;XEUR;7589846;12396;
10.02.2025;07:54:48.130;FMEL SI 20250321 CS;SIMPLE_INSTRUMENT;BLOCK;USD;9;525.47600000;471;EXCHANGE_LAST;;1;2;XEUR;7589856;12397;
10.02.2025;08:37:23.412;FMEL SI 20250321 CS;SIMPLE_INSTRUMENT;BLOCK;USD;15;525.47600000;100;EXCHANGE_LAST;;1;1;XEUR;7589856;12397;
10.02.2025;09:14:39.526;FMEL SI 20250321 CS;SIMPLE_INSTRUMENT;BLOCK;USD;20;525.47600000;40;EXCHANGE_LAST;;1;1;XEUR;7589856;12397;
10.02.2025;07:56:45.212;FMEM SI 20250321 CS;SIMPLE_INSTRUMENT;EFP_IDX;USD;10;594.84000000;70;EXCHANGE_LAST;;1;1;XEUR;7589821;12394;
10.02.2025;07:49:37.047;FMEN SI 20250321 CS;SIMPLE_INSTRUMENT;EFP_IDX;EUR;7;538.85000000;209;EXCHANGE_LAST;;1;1;XEUR;7590212;30652;
10.02.2025;08:37:16.341;FMEU SI 20250321 CS;SIMPLE_INSTRUMENT;BLOCK;EUR;16;361.48000000;1400;EXCHANGE_LAST;;1;1;XEUR;7589708;7058;
10.02.2025;15:26:36.564;FMGO SI 20250321 CS;SIMPLE_INSTRUMENT;BLOCK;USD;25;5348.00000000;8;EXCHANGE_LAST;;1;1;XEUR;8609359;583623;
10.02.2025;03:04:07.920;FMHK SI 20250321 CS;SIMPLE_INSTRUMENT;BLOCK;USD;3;55322.50900000;20;EXCHANGE_LAST;;1;1;XEUR;7590500;45282;
10.02.2025;00:16:08.050;FMID SI 20250321 CS;SIMPLE_INSTRUMENT;EFP_IDX;USD;1;1504.13700000;67;EXCHANGE_LAST;;1;1;XEUR;7590528;45289;
10.02.2025;01:52:41.996;FMIN SI 20250321 CS;SIMPLE_INSTRUMENT;EFP_IDX;USD;1;1204.83200000;17;EXCHANGE_LAST;;1;1;XEUR;7589865;12404;
10.02.2025;03:55:16.575;FMIN SI 20250321 CS;SIMPLE_INSTRUMENT;BLOCK;USD;4;1204.77500000;95;EXCHANGE_LAST;;1;1;XEUR;7589865;12404;
10.02.2025;08:37:08.954;FMIN SI 20250321 CS;SIMPLE_INSTRUMENT;BLOCK;USD;14;1204.77500000;83;EXCHANGE_LAST;;1;1;XEUR;7589865;12404;
10.02.2025;08:51:00.605;FMMU SI 20250321 CS;SIMPLE_INSTRUMENT;BLOCK;EUR;19;320.62000000;1395;EXCHANGE_LAST;;1;1;XEUR;7590724;48138;
10.02.2025;02:07:29.182;FMTW SI 20250321 CS;SIMPLE_INSTRUMENT;BLOCK;USD;2;853.51500000;118;EXCHANGE_LAST;;1;1;XEUR;7590882;51884;
10.02.2025;15:00:52.368;FMUE SI 20250321 CS;SIMPLE_INSTRUMENT;BLOCK;USD;23;8469.00000000;3;EXCHANGE_LAST;;1;1;XEUR;7590733;48149;
10.02.2025;06:42:17.081;FMUQ SI 20250321 CS;SIMPLE_INSTRUMENT;EFP_IDX;USD;5;6202.89000000;80;EXCHANGE_LAST;;1;1;XEUR;7590731;48146;
10.02.2025;16:31:30.149;FMWN SI 20250321 CS;SIMPLE_INSTRUMENT;BLOCK;EUR;26;607.20000000;199;EXCHANGE_LAST;;1;1;XEUR;7590222;30654;
10.02.2025;07:42:25.440;FMWO SI 20250321 CS;SIMPLE_INSTRUMENT;EFP_IDX;USD;6;12198.18000000;148;EXCHANGE_LAST;;1;1;XEUR;7589707;7059;
10.02.2025;07:50:13.931;FMWO SI 20250321 CS;SIMPLE_INSTRUMENT;EFP_IDX;USD;8;12198.18000000;56;EXCHANGE_LAST;;1;1;XEUR;7589707;7059;
10.02.2025;08:15:17.130;FMZA SI 20250321 CS;SIMPLE_INSTRUMENT;BLOCK;USD;13;608.51900000;11;EXCHANGE_LAST;;1;1;XEUR;7589899;12680;
10.02.2025;08:51:46.937;FOAT SI 20250306 PS;SIMPLE_INSTRUMENT;EFP_FIN;EUR;2;124.38000000;491;EXCHANGE_LAST;;1;1;XEUR;11286683;749;
10.02.2025;08:59:40.713;FOAT SI 20250306 PS;SIMPLE_INSTRUMENT;EFP_FIN;EUR;3;124.38000000;492;EXCHANGE_LAST;;1;1;XEUR;11286683;749;
10.02.2025;09:27:54.451;FOAT SI 20250306 PS;SIMPLE_INSTRUMENT;EFP_FIN;EUR;4;124.39000000;466;EXCHANGE_LAST;;1;1;XEUR;11286683;749;
10.02.2025;09:31:25.441;FOAT SI 20250306 PS;SIMPLE_INSTRUMENT;EFP_FIN;EUR;5;124.34000000;714;EXCHANGE_LAST;;1;1;XEUR;11286683;749;
10.02.2025;09:33:12.961;FOAT SI 20250306 PS;SIMPLE_INSTRUMENT;BLOCK;EUR;6;124.35000000;446;EXCHANGE_LAST;;1;1;XEUR;11286683;749;
10.02.2025;09:34:29.039;FOAT SI 20250306 PS;SIMPLE_INSTRUMENT;EFP_FIN;EUR;7;124.39000000;233;EXCHANGE_LAST;;1;1;XEUR;11286683;749;
10.02.2025;09:35:28.543;FOAT SI 20250306 PS;SIMPLE_INSTRUMENT;BLOCK;EUR;8;124.37000000;1073;EXCHANGE_LAST;;1;1;XEUR;11286683;749;
10.02.2025;09:48:42.210;FOAT SI 20250306 PS;SIMPLE_INSTRUMENT;EFP_FIN;EUR;9;124.34000000;466;EXCHANGE_LAST;;1;1;XEUR;11286683;749;
10.02.2025;09:52:27.694;FOAT SI 20250306 PS;SIMPLE_INSTRUMENT;EFP_FIN;EUR;10;124.26000000;777;EXCHANGE_LAST;;1;1;XEUR;11286683;749;
10.02.2025;09:54:10.815;FOAT SI 20250306 PS;SIMPLE_INSTRUMENT;EFP_FIN;EUR;11;124.35000000;931;EXCHANGE_LAST;;1;1;XEUR;11286683;749;
10.02.2025;10:24:55.044;FOAT SI 20250306 PS;SIMPLE_INSTRUMENT;EFP_FIN;EUR;12;124.37000000;2502;EXCHANGE_LAST;;1;1;XEUR;11286683;749;
10.02.2025;10:25:30.387;FOAT SI 20250306 PS;SIMPLE_INSTRUMENT;EFP_FIN;EUR;13;124.36000000;1397;EXCHANGE_LAST;;1;1;XEUR;11286683;749;
10.02.2025;10:38:27.398;FOAT SI 20250306 PS;SIMPLE_INSTRUMENT;EFP_FIN;EUR;14;124.36000000;500;EXCHANGE_LAST;;1;1;XEUR;11286683;749;
10.02.2025;10:54:27.966;FOAT SI 20250306 PS;SIMPLE_INSTRUMENT;EFP_FIN;EUR;15;124.32000000;500;EXCHANGE_LAST;;1;1;XEUR;11286683;749;
10.02.2025;11:20:45.520;FOAT SI 20250306 PS;SIMPLE_INSTRUMENT;EFP_FIN;EUR;16;124.32000000;192;EXCHANGE_LAST;;1;1;XEUR;11286683;749;
10.02.2025;12:01:38.698;FOAT SI 20250306 PS;SIMPLE_INSTRUMENT;EFP_FIN;EUR;17;124.31000000;394;EXCHANGE_LAST;;1;1;XEUR;11286683;749;
10.02.2025;12:02:34.857;FOAT SI 20250306 PS;SIMPLE_INSTRUMENT;EFP_FIN;EUR;18;124.33000000;158;EXCHANGE_LAST;;1;1;XEUR;11286683;749;
10.02.2025;13:03:20.255;FOAT SI 20250306 PS;SIMPLE_INSTRUMENT;EFP_FIN;EUR;19;124.35000000;1555;EXCHANGE_LAST;;1;1;XEUR;11286683;749;
10.02.2025;13:16:19.248;FOAT SI 20250306 PS;SIMPLE_INSTRUMENT;EFP_FIN;EUR;20;124.38000000;222;EXCHANGE_LAST;;1;1;XEUR;11286683;749;
10.02.2025;13:40:41.769;FOAT SI 20250306 PS;SIMPLE_INSTRUMENT;BLOCK;EUR;21;124.42000000;447;EXCHANGE_LAST;;1;1;XEUR;11286683;749;
10.02.2025;13:48:54.066;FOAT SI 20250306 PS;SIMPLE_INSTRUMENT;EFP_FIN;EUR;22;124.38000000;535;EXCHANGE_LAST;;1;1;XEUR;11286683;749;
10.02.2025;13:51:42.075;FOAT SI 20250306 PS;SIMPLE_INSTRUMENT;EFP_FIN;EUR;23;124.38000000;535;EXCHANGE_LAST;;1;1;XEUR;11286683;749;
10.02.2025;13:53:28.685;FOAT SI 20250306 PS;SIMPLE_INSTRUMENT;EFP_FIN;EUR;24;124.40000000;321;EXCHANGE_LAST;;1;1;XEUR;11286683;749;
10.02.2025;14:06:28.108;FOAT SI 20250306 PS;SIMPLE_INSTRUMENT;EFP_FIN;EUR;25;124.39000000;1397;EXCHANGE_LAST;;1;1;XEUR;11286683;749;
10.02.2025;14:09:03.006;FOAT SI 20250306 PS;SIMPLE_INSTRUMENT;EFP_FIN;EUR;26;124.44000000;1459;EXCHANGE_LAST;;1;1;XEUR;11286683;749;
10.02.2025;14:53:19.195;FOAT SI 20250306 PS;SIMPLE_INSTRUMENT;EFP_FIN;EUR;27;124.46000000;932;EXCHANGE_LAST;;1;1;XEUR;11286683;749;
10.02.2025;15:00:23.890;FOAT SI 20250306 PS;SIMPLE_INSTRUMENT;EFP_FIN;EUR;28;124.46000000;465;EXCHANGE_LAST;;1;1;XEUR;11286683;749;
10.02.2025;15:09:36.574;FOAT SI 20250306 PS;SIMPLE_INSTRUMENT;EFP_FIN;EUR;29;124.47000000;228;EXCHANGE_LAST;;1;1;XEUR;11286683;749;
10.02.2025;15:10:22.462;FOAT SI 20250306 PS;SIMPLE_INSTRUMENT;EFP_FIN;EUR;30;124.48000000;2085;EXCHANGE_LAST;;1;1;XEUR;11286683;749;
10.02.2025;15:10:32.621;FOAT SI 20250306 PS;SIMPLE_INSTRUMENT;EFP_FIN;EUR;31;124.48000000;2085;EXCHANGE_LAST;;1;1;XEUR;11286683;749;
10.02.2025;15:28:24.230;FOAT SI 20250306 PS;SIMPLE_INSTRUMENT;EFP_FIN;EUR;32;124.46000000;417;EXCHANGE_LAST;;1;1;XEUR;11286683;749;
10.02.2025;15:30:39.549;FOAT SI 20250306 PS;SIMPLE_INSTRUMENT;EFP_FIN;EUR;33;124.46000000;509;EXCHANGE_LAST;;1;1;XEUR;11286683;749;
10.02.2025;15:35:20.808;FOAT SI 20250306 PS;SIMPLE_INSTRUMENT;EFP_FIN;EUR;34;124.48000000;500;EXCHANGE_LAST;;1;1;XEUR;11286683;749;
10.02.2025;15:36:11.436;FOAT SI 20250306 PS;SIMPLE_INSTRUMENT;EFP_FIN;EUR;35;124.52000000;500;EXCHANGE_LAST;;1;1;XEUR;11286683;749;
10.02.2025;15:36:44.407;FOAT SI 20250306 PS;SIMPLE_INSTRUMENT;EFP_FIN;EUR;36;124.52000000;876;EXCHANGE_LAST;;1;1;XEUR;11286683;749;
10.02.2025;15:41:16.296;FOAT SI 20250306 PS;SIMPLE_INSTRUMENT;EFP_FIN;EUR;37;124.48000000;1710;EXCHANGE_LAST;;1;1;XEUR;11286683;749;
10.02.2025;15:47:18.295;FOAT SI 20250306 PS;SIMPLE_INSTRUMENT;EFP_FIN;EUR;38;124.53000000;1668;EXCHANGE_LAST;;1;1;XEUR;11286683;749;
10.02.2025;15:52:26.336;FOAT SI 20250306 PS;SIMPLE_INSTRUMENT;EFP_FIN;EUR;39;124.49000000;738;EXCHANGE_LAST;;1;1;XEUR;11286683;749;
10.02.2025;15:53:53.928;FOAT SI 20250306 PS;SIMPLE_INSTRUMENT;EFP_FIN;EUR;40;124.48000000;1283;EXCHANGE_LAST;;1;1;XEUR;11286683;749;
10.02.2025;15:55:12.541;FOAT SI 20250306 PS;SIMPLE_INSTRUMENT;EFP_FIN;EUR;41;124.53000000;274;EXCHANGE_LAST;;1;1;XEUR;11286683;749;
10.02.2025;15:56:13.732;FOAT SI 20250306 PS;SIMPLE_INSTRUMENT;EFP_FIN;EUR;42;124.53000000;230;EXCHANGE_LAST;;1;1;XEUR;11286683;749;
10.02.2025;16:05:49.181;FOAT SI 20250306 PS;SIMPLE_INSTRUMENT;EFP_FIN;EUR;43;124.52000000;417;EXCHANGE_LAST;;1;1;XEUR;11286683;749;
10.02.2025;16:13:39.475;FOAT SI 20250306 PS;SIMPLE_INSTRUMENT;EFP_FIN;EUR;44;124.54000000;668;EXCHANGE_LAST;;1;1;XEUR;11286683;749;
10.02.2025;16:12:05.553;FOAT SI 20250306 PS;SIMPLE_INSTRUMENT;EFP_FIN;EUR;46;124.51000000;295;EXCHANGE_LAST;;1;1;XEUR;11286683;749;
10.02.2025;16:15:05.832;FOAT SI 20250306 PS;SIMPLE_INSTRUMENT;EFP_FIN;EUR;47;124.48000000;1477;EXCHANGE_LAST;;1;1;XEUR;11286683;749;
10.02.2025;16:15:59.721;FOAT SI 20250306 PS;SIMPLE_INSTRUMENT;EFP_FIN;EUR;48;124.49000000;1110;EXCHANGE_LAST;;1;1;XEUR;11286683;749;
10.02.2025;16:22:22.700;FOAT SI 20250306 PS;SIMPLE_INSTRUMENT;EFP_FIN;EUR;49;124.48000000;89;EXCHANGE_LAST;;1;1;XEUR;11286683;749;
10.02.2025;16:34:37.323;FOAT SI 20250306 PS;SIMPLE_INSTRUMENT;EFP_FIN;EUR;50;124.48000000;1199;EXCHANGE_LAST;;1;1;XEUR;11286683;749;
10.02.2025;14:13:47.048;FOT SI 20250321 PS AM C 15.00 0;SIMPLE_INSTRUMENT;BLOCK;EUR;23;0.28000000;300;EXCHANGE_LAST;;1;1;XEUR;10839853;751;
10.02.2025;16:59:29.880;FSCP SI 20250321 CS;SIMPLE_INSTRUMENT;BLOCK;EUR;47;352.00000000;2032;EXCHANGE_LAST;;1;1;XEUR;11360241;764;
10.02.2025;16:59:29.439;FSCP SI 20250321 CS;SIMPLE_INSTRUMENT;BLOCK;EUR;48;352.10000000;1663;EXCHANGE_LAST;;1;1;XEUR;11360241;764;
10.02.2025;16:42:16.889;FSEG SI 20250321 CS;SIMPLE_INSTRUMENT;EFP_IDX;EUR;34;202.20000000;95;EXCHANGE_LAST;;1;1;XEUR;11393888;109977;
10.02.2025;16:42:01.392;FSMI SI 20250321 CS;SIMPLE_INSTRUMENT;EFP_IDX;CHF;1;12593.00000000;83;EXCHANGE_LAST;;1;1;XEUR;7793721;757;
10.02.2025;16:42:07.750;FSMI SI 20250321 CS;SIMPLE_INSTRUMENT;EFP_IDX;CHF;2;12594.00000000;42;EXCHANGE_LAST;;1;1;XEUR;7793721;757;
10.02.2025;16:42:46.646;FSMI SI 20250321 CS;SIMPLE_INSTRUMENT;EFP_IDX;CHF;3;12593.00000000;12;EXCHANGE_LAST;;1;1;XEUR;7793721;757;
10.02.2025;16:42:55.536;FSMI SI 20250321 CS;SIMPLE_INSTRUMENT;EFP_IDX;CHF;4;12594.00000000;63;EXCHANGE_LAST;;1;1;XEUR;7793721;757;
10.02.2025;16:43:14.657;FSMI SI 20250321 CS;SIMPLE_INSTRUMENT;EFP_IDX;CHF;5;12592.00000000;9;EXCHANGE_LAST;;1;1;XEUR;7793721;757;
10.02.2025;16:43:21.133;FSMI SI 20250321 CS;SIMPLE_INSTRUMENT;EFP_IDX;CHF;6;12593.00000000;47;EXCHANGE_LAST;;1;1;XEUR;7793721;757;
10.02.2025;11:43:48.060;FSMI SI 20250321 CS;SIMPLE_INSTRUMENT;VOLA;CHF;603979794;12566.00000000;159;EXCHANGE_LAST;;1;1;XEUR;7793721;757;
10.02.2025;16:50:56.078;FSMX SI 20250321 CS;SIMPLE_INSTRUMENT;EFP_IDX;EUR;43;27345.00000000;36;EXCHANGE_LAST;;1;1;XEUR;11405203;396422;
10.02.2025;16:51:52.474;FSMX SI 20250321 CS;SIMPLE_INSTRUMENT;EFP_IDX;EUR;44;27344.00000000;268;EXCHANGE_LAST;;1;1;XEUR;11405203;396422;
10.02.2025;16:44:41.665;FSTA SI 20250321 CS;SIMPLE_INSTRUMENT;EFP_IDX;EUR;2;575.40000000;280;EXCHANGE_LAST;;1;1;XEUR;11359808;715;
10.02.2025;16:44:50.006;FSTA SI 20250321 CS;SIMPLE_INSTRUMENT;EFP_IDX;EUR;3;575.50000000;120;EXCHANGE_LAST;;1;1;XEUR;11359808;715;
10.02.2025;16:47:26.882;FSTA SI 20250321 CS;SIMPLE_INSTRUMENT;EFP_IDX;EUR;8;575.40000000;45;EXCHANGE_LAST;;1;1;XEUR;11359808;715;
10.02.2025;16:47:39.987;FSTA SI 20250321 CS;SIMPLE_INSTRUMENT;EFP_IDX;EUR;9;575.50000000;20;EXCHANGE_LAST;;1;1;XEUR;11359808;715;
10.02.2025;16:41:49.642;FSTB SI 20250321 CS;SIMPLE_INSTRUMENT;BLOCK;EUR;32;239.70000000;964;EXCHANGE_LAST;;1;1;XEUR;11359807;714;
10.02.2025;16:41:50.267;FSTB SI 20250321 CS;SIMPLE_INSTRUMENT;BLOCK;EUR;33;239.80000000;1169;EXCHANGE_LAST;;1;1;XEUR;11359807;714;
10.02.2025;16:49:26.220;FSTB SI 20250321 CS;SIMPLE_INSTRUMENT;EFP_IDX;EUR;41;239.50000000;360;EXCHANGE_LAST;;1;1;XEUR;11359807;714;
10.02.2025;16:53:02.552;FSTB SI 20250321 CS;SIMPLE_INSTRUMENT;EFP_IDX;EUR;42;239.60000000;840;EXCHANGE_LAST;;1;1;XEUR;11359807;714;
10.02.2025;14:36:23.854;FSTG SI 20250321 CS;SIMPLE_INSTRUMENT;EFP_IDX;EUR;22;936.00000000;166;EXCHANGE_LAST;;1;1;XEUR;11359809;717;
10.02.2025;14:42:07.186;FSTG SI 20250321 CS;SIMPLE_INSTRUMENT;EFP_IDX;EUR;24;935.90000000;247;EXCHANGE_LAST;;1;1;XEUR;11359809;717;
10.02.2025;16:43:21.787;FSTH SI 20250321 CS;SIMPLE_INSTRUMENT;BLOCK;EUR;5;1171.20000000;601;EXCHANGE_LAST;;1;1;XEUR;11359811;716;
10.02.2025;16:57:01.438;FSTH SI 20250321 CS;SIMPLE_INSTRUMENT;BLOCK;EUR;10;1171.00000000;492;EXCHANGE_LAST;;1;1;XEUR;11359811;716;
10.02.2025;16:55:19.987;FSTN SI 20250321 CS;SIMPLE_INSTRUMENT;EFP_IDX;EUR;45;749.60000000;89;EXCHANGE_LAST;;1;1;XEUR;11359761;704;
10.02.2025;16:55:50.078;FSTN SI 20250321 CS;SIMPLE_INSTRUMENT;EFP_IDX;EUR;46;749.70000000;805;EXCHANGE_LAST;;1;1;XEUR;11359761;704;
10.02.2025;13:52:30.963;FSTS SI 20250321 CS;SIMPLE_INSTRUMENT;BLOCK;EUR;1;554.80000000;420;EXCHANGE_LAST;;1;1;XEUR;11359775;709;
10.02.2025;16:48:45.406;FSTX SI 20250321 CS;SIMPLE_INSTRUMENT;BLOCK;EUR;35;4668.00000000;3454;EXCHANGE_LAST;;1;3;XEUR;11359814;728;
10.02.2025;16:49:21.367;FSTX SI 20250321 CS;SIMPLE_INSTRUMENT;BLOCK;EUR;40;4669.00000000;1985;EXCHANGE_LAST;;1;3;XEUR;11359814;728;
10.02.2025;09:46:35.511;FTE.O.250210.RTRIS.000002;STANDARD_OPTION_STRATEGY;BLOCK;EUR;8;0.32000000;6000;EXCHANGE_LAST;;2;1;XEUR;72060703594263409;724;
10.02.2025;09:46:35.511;FTE SI 20251219 PS AM P 9.60 0;SIMPLE_INSTRUMENT;BLOCK;EUR;8;0.38000000;6000;PRC_DECOMP_EXCHANGE;;;;XEUR;6499609;724;EXCHANGE
10.02.2025;09:46:35.511;FTE SI 20251219 PS AM C 11.00 0;SIMPLE_INSTRUMENT;BLOCK;EUR;8;0.35000000;12000;PRC_DECOMP_EXCHANGE;;;;XEUR;9040799;724;EXCHANGE
10.02.2025;17:00:32.355;FXXP SI 20250321 CS;SIMPLE_INSTRUMENT;BLOCK;EUR;27;546.10000000;321;EXCHANGE_LAST;;1;1;XEUR;7793972;816;
10.02.2025;17:00:32.375;FXXP SI 20250321 CS;SIMPLE_INSTRUMENT;BLOCK;EUR;28;545.90000000;392;EXCHANGE_LAST;;1;1;XEUR;7793972;816;
10.02.2025;17:22:04.197;FXXP SI 20250321 CS;SIMPLE_INSTRUMENT;BLOCK;EUR;29;545.60000000;506;EXCHANGE_LAST;;1;1;XEUR;7793972;816;
10.02.2025;13:43:10.229;FXXP SI 20250321 CS;SIMPLE_INSTRUMENT;VOLA;EUR;603979810;545.30000000;86;EXCHANGE_LAST;;1;1;XEUR;7793972;816;
10.02.2025;10:19:57.723;GIVN SI 20250620 PS AM C 4400.0 0;SIMPLE_INSTRUMENT;BLOCK;CHF;11;19.20000000;150;EXCHANGE_LAST;;1;1;XEUR;11362139;892;
10.02.2025;08:36:00.330;HEI SI 20250221 PS AM C 140.00 0;SIMPLE_INSTRUMENT;BLOCK;EUR;1;6.95000000;323;EXCHANGE_LAST;;1;1;XEUR;12324818;839;
10.02.2025;10:21:00.611;HELN SI 20260619 PS AM C 160.00 0;SIMPLE_INSTRUMENT;BLOCK;CHF;10;10.10000000;3000;EXCHANGE_LAST;;1;1;XEUR;11361230;838;
10.02.2025;16:42:56.406;HMI SI 20250620 PS AM C 2887.05 1;SIMPLE_INSTRUMENT;BLOCK;EUR;39;122.00000000;50;EXCHANGE_LAST;;1;1;XEUR;10703343;950;
10.02.2025;10:16:22.399;HMII SI 20250417 CS;SIMPLE_INSTRUMENT;BLOCK;EUR;17;2724.40900000;3;EXCHANGE_LAST;;1;1;XEUR;10865973;47541;
10.02.2025;08:31:52.372;HNK SI 20250321 PS AM P 72.00 0;SIMPLE_INSTRUMENT;BLOCK;EUR;1;4.65000000;400;EXCHANGE_LAST;;1;1;XEUR;10842954;947;
10.02.2025;10:38:11.941;HSBH SI 20250321 CS;SIMPLE_INSTRUMENT;BLOCK;GBX;20;840.00000000;10;EXCHANGE_LAST;;1;1;XEUR;11420364;840010;
10.02.2025;14:45:33.804;I3ES SI 20261218 CS;SIMPLE_INSTRUMENT;BLOCK;EUR;54;0.34500000;700;EXCHANGE_LAST;;1;1;XEUR;6805357;913;
10.02.2025;09:44:24.349;IFX.O.250210.CNV.000008;STANDARD_OPTION_STRATEGY;BLOCK;EUR;1;4.28000000;2500;EXCHANGE_LAST;;1;1;XEUR;72061468098469577;902;
10.02.2025;09:44:24.349;IFX SI 20250321 PS AM P 32.00 0;SIMPLE_INSTRUMENT;BLOCK;EUR;1;0.38000000;2500;PRC_DECOMP_EXCHANGE;;;;XEUR;10842317;902;EXCHANGE
10.02.2025;09:44:24.349;IFX SI 20250321 PS AM C 32.00 0;SIMPLE_INSTRUMENT;BLOCK;EUR;1;4.66000000;2500;PRC_DECOMP_EXCHANGE;;;;XEUR;10842313;902;EXCHANGE
10.02.2025;10:28:06.189;IFX SI 20250919 PS AM C 32.00 0;SIMPLE_INSTRUMENT;BLOCK;EUR;5;6.70000000;1500;EXCHANGE_LAST;;1;1;XEUR;11884216;902;
10.02.2025;11:10:29.303;IFX.O.250210.STD.000004;STANDARD_OPTION_STRATEGY;BLOCK;EUR;6;10.11000000;5000;EXCHANGE_LAST;;1;3;XEUR;72061468098469573;902;
10.02.2025;11:10:29.303;IFX SI 20251219 PS AM P 39.00 0;SIMPLE_INSTRUMENT;BLOCK;EUR;6;5.91000000;5000;PRC_DECOMP_EXCHANGE;;;;XEUR;12754271;902;EXCHANGE
10.02.2025;11:10:29.303;IFX SI 20251219 PS AM C 39.00 0;SIMPLE_INSTRUMENT;BLOCK;EUR;6;4.20000000;5000;PRC_DECOMP_EXCHANGE;;;;XEUR;12754272;902;EXCHANGE
10.02.2025;13:15:13.265;IFX SI 20250620 PS AM P 36.00 0;SIMPLE_INSTRUMENT;BLOCK;EUR;11;2.80000000;5000;EXCHANGE_LAST;;1;2;XEUR;7905936;902;
10.02.2025;15:48:23.047;IFX SI 20250321 PS AM C 36.00 0;SIMPLE_INSTRUMENT;BLOCK;EUR;23;2.01000000;2000;EXCHANGE_LAST;;1;1;XEUR;10842346;902;
10.02.2025;15:48:48.139;IFX SI 20250620 PS AM C 40.00 0;SIMPLE_INSTRUMENT;BLOCK;EUR;24;2.02000000;4000;EXCHANGE_LAST;;1;1;XEUR;8126058;902;
10.02.2025;16:47:29.708;IFX SI 20271217 PS AM C 44.00 0;SIMPLE_INSTRUMENT;BLOCK;EUR;30;6.65000000;4000;EXCHANGE_LAST;;1;3;XEUR;8785501;902;
10.02.2025;10:08:19.531;INN.N.250210.000001;NON_STANDARD_OPTION_STRATEGY;BLOCK;EUR;11;2.06000000;2250;EXCHANGE_LAST;;1;1;XEUR;72061949134785268;1014;
10.02.2025;10:08:19.531;INN SI 20251219 PS AM P 12.00 0;SIMPLE_INSTRUMENT;BLOCK;EUR;11;0.30000000;2250;PRC_DECOMP_EXCHANGE;;;;XEUR;12579168;1014;EXCHANGE
10.02.2025;10:08:19.531;INN SI 20251219 PS AM P 15.00 0;SIMPLE_INSTRUMENT;BLOCK;EUR;11;1.18000000;4500;PRC_DECOMP_EXCHANGE;;;;XEUR;12579207;1014;EXCHANGE
10.02.2025;14:53:12.611;KDB SI 20250417 PS AM P 78.00 0;SIMPLE_INSTRUMENT;BLOCK;EUR;2;3.45000000;600;EXCHANGE_LAST;;1;1;XEUR;12624242;965;
10.02.2025;12:32:05.223;LOGN SI 20251219 PS AM P 80.00 0;SIMPLE_INSTRUMENT;BLOCK;CHF;33;5.35000000;750;EXCHANGE_LAST;;1;1;XEUR;12449201;1143;
10.02.2025;10:29:58.995;LONN.O.250210.STG.000002;STANDARD_OPTION_STRATEGY;BLOCK;CHF;14;106.35000000;600;EXCHANGE_LAST;;1;1;XEUR;72062494595638192;1141;
10.02.2025;10:29:58.995;LONN SI 20251219 PS AM P 560.00 0;SIMPLE_INSTRUMENT;BLOCK;CHF;14;42.05000000;600;PRC_DECOMP_MEMBER;;;;XEUR;5936317;1141;MEMBER
10.02.2025;10:29:58.995;LONN SI 20251219 PS AM C 600.00 0;SIMPLE_INSTRUMENT;BLOCK;CHF;14;64.30000000;600;PRC_DECOMP_MEMBER;;;;XEUR;12448871;1141;MEMBER
10.02.2025;11:50:47.211;LOR.O.250210.STG.000003;STANDARD_OPTION_STRATEGY;BLOCK;EUR;17;22.85000000;150;EXCHANGE_LAST;;1;1;XEUR;72062490300664954;1140;
10.02.2025;11:50:47.211;LOR SI 20250620 PS AM P 340.00 0;SIMPLE_INSTRUMENT;BLOCK;EUR;17;18.92000000;150;PRC_DECOMP_EXCHANGE;;;;XEUR;11366648;1140;EXCHANGE
10.02.2025;11:50:47.211;LOR SI 20250620 PS AM C 400.00 0;SIMPLE_INSTRUMENT;BLOCK;EUR;17;3.93000000;150;PRC_DECOMP_EXCHANGE;;;;XEUR;7907961;1140;EXCHANGE
10.02.2025;16:19:58.836;MCH SI 20250620 PS AM P 32.00 0;SIMPLE_INSTRUMENT;BLOCK;EUR;32;1.64000000;500;EXCHANGE_LAST;;1;1;XEUR;7907041;1043;
10.02.2025;12:58:04.980;MOH.N.250210.000013;NON_STANDARD_OPTION_STRATEGY;BLOCK;EUR;22;191.10000000;50;EXCHANGE_LAST;;1;1;XEUR;72062206832832497;1074;
10.02.2025;12:58:04.980;MOH SI 20250321 PS AM C 640.00 0;SIMPLE_INSTRUMENT;BLOCK;EUR;22;53.65000000;150;PRC_DECOMP_EXCHANGE;;;;XEUR;10844456;1074;EXCHANGE
10.02.2025;12:58:04.980;MOH SI 20250321 PS AM C 640.00 0;SIMPLE_INSTRUMENT;BLOCK;EUR;22;53.64000000;100;PRC_DECOMP_EXCHANGE;;;;XEUR;10844456;1074;EXCHANGE
10.02.2025;12:58:04.980;MOH SI 20250620 PS AM P 640.00 0;SIMPLE_INSTRUMENT;BLOCK;EUR;22;25.71000000;150;PRC_DECOMP_EXCHANGE;;;;XEUR;7907343;1074;EXCHANGE
10.02.2025;09:18:46.553;MON SI 20250619 PS AM P 44.00 0;SIMPLE_INSTRUMENT;BLOCK;EUR;9;0.44000000;100;EXCHANGE_LAST;;1;1;XEUR;9532963;31803;
10.02.2025;12:39:15.456;MRK SI 20260619 PS AM P 120.00 0;SIMPLE_INSTRUMENT;BLOCK;EUR;4;8.60000000;400;EXCHANGE_LAST;;1;1;XEUR;9557976;1223;
10.02.2025;15:30:22.959;N2ES SI 20250620 CS;SIMPLE_INSTRUMENT;BLOCK;CHF;62;3.10000000;200;EXCHANGE_LAST;;1;1;XEUR;10848664;1240;
10.02.2025;15:35:55.827;N2ES SI 20251219 CS;SIMPLE_INSTRUMENT;BLOCK;CHF;79;3.07000000;50;EXCHANGE_LAST;;1;1;XEUR;5914928;1240;
10.02.2025;16:46:52.611;N2ES SI 20250620 CS;SIMPLE_INSTRUMENT;BLOCK;CHF;106;3.10000000;50;EXCHANGE_LAST;;1;1;XEUR;10848664;1240;
10.02.2025;14:14:53.270;N4OA SI 20250321 CS;SIMPLE_INSTRUMENT;BLOCK;EUR;47;0.03000000;6800;EXCHANGE_LAST;;1;1;XEUR;10435751;48717;
10.02.2025;14:20:58.730;N4OA SI 20250321 CS;SIMPLE_INSTRUMENT;BLOCK;EUR;51;0.03000000;11115;EXCHANGE_LAST;;1;1;XEUR;10435751;48717;
10.02.2025;15:23:51.044;N4OV SI 20250321 CS;SIMPLE_INSTRUMENT;BLOCK;CHF;61;3.50000000;134;EXCHANGE_LAST;;1;2;XEUR;10462863;724743;
10.02.2025;10:21:11.616;NAG SI 20250221 PS AM P 66.00 0;SIMPLE_INSTRUMENT;BLOCK;EUR;2;0.01000000;1088;EXCHANGE_LAST;;1;1;XEUR;12278392;481918;
10.02.2025;10:22:25.207;NAG SI 20250321 PS AM P 68.00 0;SIMPLE_INSTRUMENT;BLOCK;EUR;3;2.50000000;356;EXCHANGE_LAST;;1;1;XEUR;10885268;481918;
10.02.2025;10:21:52.499;NAG SI 20250321 PS AM P 68.00 0;SIMPLE_INSTRUMENT;BLOCK;EUR;4;2.52000000;544;EXCHANGE_LAST;;1;1;XEUR;10885268;481918;
10.02.2025;11:12:13.630;NAG SI 20250221 PS AM P 66.00 0;SIMPLE_INSTRUMENT;BLOCK;EUR;8;0.02000000;1342;EXCHANGE_LAST;;1;1;XEUR;12278392;481918;
10.02.2025;11:12:49.463;NAG SI 20250221 PS AM P 62.00 0;SIMPLE_INSTRUMENT;BLOCK;EUR;9;0.03000000;631;EXCHANGE_LAST;;1;1;XEUR;12363791;481918;
10.02.2025;11:13:36.282;NAG SI 20250321 PS AM P 68.00 0;SIMPLE_INSTRUMENT;BLOCK;EUR;10;2.86000000;900;EXCHANGE_LAST;;1;1;XEUR;10885268;481918;
10.02.2025;12:50:42.631;NDA SI 20250620 PS AM C 88.00 0;SIMPLE_INSTRUMENT;BLOCK;EUR;6;2.95000000;600;EXCHANGE_LAST;;1;1;XEUR;11369610;1250;
10.02.2025;15:30:36.628;NESG.S.MAR25.JUN25.SPD;FUTURES_SPREAD;BLOCK;CHF;63;1.99000000;3000;EXCHANGE_LAST;;1;1;XEUR;72062988516854113;1256;
10.02.2025;15:30:36.628;NESG SI 20250321 CS;SIMPLE_INSTRUMENT;BLOCK;CHF;63;77.57770000;3000;PRC_DECOMP_EXCHANGE;;;;XEUR;10707780;1256;EXCHANGE
10.02.2025;15:30:36.628;NESG SI 20250620 CS;SIMPLE_INSTRUMENT;BLOCK;CHF;63;75.58770000;3000;PRC_DECOMP_EXCHANGE;;;;XEUR;11182429;1256;EXCHANGE
10.02.2025;16:46:50.653;NESG SI 20250620 CS;SIMPLE_INSTRUMENT;BLOCK;CHF;105;75.46000000;750;EXCHANGE_LAST;;1;1;XEUR;11182429;1256;
10.02.2025;09:48:12.582;NESN SI 20250221 PS AM C 75.00 0;SIMPLE_INSTRUMENT;BLOCK;CHF;2;3.13000000;3000;EXCHANGE_LAST;;1;1;XEUR;12252367;1263;
10.02.2025;11:03:15.632;NESN SI 20250321 PS AM P 74.00 0;SIMPLE_INSTRUMENT;BLOCK;CHF;20;0.64000000;750;EXCHANGE_LAST;;1;1;XEUR;12331422;1263;
10.02.2025;11:03:15.549;NESN SI 20250321 PS AM C 74.00 0;SIMPLE_INSTRUMENT;BLOCK;CHF;21;4.47000000;750;EXCHANGE_LAST;;1;1;XEUR;12331420;1263;
10.02.2025;11:14:50.425;NESN.O.250210.BRT.000007;STANDARD_OPTION_STRATEGY;BLOCK;CHF;23;4.35000000;1500;EXCHANGE_LAST;;2;1;XEUR;72063018581704609;1263;
10.02.2025;11:14:50.425;NESN SI 20261218 PS AM P 80.00 0;SIMPLE_INSTRUMENT;BLOCK;CHF;23;10.13000000;1500;PRC_DECOMP_EXCHANGE;;;;XEUR;12232713;1263;EXCHANGE
10.02.2025;11:14:50.425;NESN SI 20250620 PS AM P 80.00 0;SIMPLE_INSTRUMENT;BLOCK;CHF;23;5.78000000;1500;PRC_DECOMP_EXCHANGE;;;;XEUR;11370065;1263;EXCHANGE
10.02.2025;12:54:48.905;NESN SI 20250221 PS AM C 81.00 0;SIMPLE_INSTRUMENT;BLOCK;CHF;36;0.39000000;2000;EXCHANGE_LAST;;1;1;XEUR;12252644;1263;
10.02.2025;13:21:12.031;NESN SI 20250321 PS AM P 76.00 0;SIMPLE_INSTRUMENT;BLOCK;CHF;40;1.25000000;2000;EXCHANGE_LAST;;1;1;XEUR;10849732;1263;
10.02.2025;13:54:23.628;NESN SI 20250221 PS AM C 78.00 0;SIMPLE_INSTRUMENT;BLOCK;CHF;46;1.31000000;1900;EXCHANGE_LAST;;1;1;XEUR;12252613;1263;
10.02.2025;13:54:23.631;NESN SI 20250221 PS AM C 78.00 0;SIMPLE_INSTRUMENT;BLOCK;CHF;47;1.28000000;1100;EXCHANGE_LAST;;1;1;XEUR;12252613;1263;
10.02.2025;15:00:27.076;NESN SI 20250221 PS AM C 81.00 0;SIMPLE_INSTRUMENT;BLOCK;CHF;56;0.37000000;1000;EXCHANGE_LAST;;1;1;XEUR;12252644;1263;
10.02.2025;14:10:54.884;NO3H SI 20250321 CS;SIMPLE_INSTRUMENT;BLOCK;EUR;46;4.67180000;80000;EXCHANGE_LAST;;1;1;XEUR;10721265;48718;
10.02.2025;15:16:06.471;NO3H SI 20250321 CS;SIMPLE_INSTRUMENT;BLOCK;EUR;59;4.67080000;130000;EXCHANGE_LAST;;1;1;XEUR;10721265;48718;
10.02.2025;10:42:37.812;NOVE.O.250210.COMBO.000002;STANDARD_OPTION_STRATEGY;BLOCK;CHF;16;-6.35000000;750;EXCHANGE_LAST;;1;1;XEUR;75170345815905767;724744;
10.02.2025;10:42:37.812;NOVE SI 20261218 PS EU C 94.00 0;SIMPLE_INSTRUMENT;BLOCK;CHF;16;7.72000000;750;PRC_DECOMP_EXCHANGE;;;;XEUR;12691351;724744;EXCHANGE
10.02.2025;10:42:37.812;NOVE SI 20261218 PS EU P 68.00 0;SIMPLE_INSTRUMENT;BLOCK;CHF;16;1.37000000;750;PRC_DECOMP_EXCHANGE;;;;XEUR;10037637;724744;EXCHANGE
10.02.2025;13:36:37.573;NOVE.O.250210.COMBO.000004;STANDARD_OPTION_STRATEGY;BLOCK;CHF;41;-1.53000000;3500;EXCHANGE_LAST;;1;3;XEUR;75170345815905769;724744;
10.02.2025;13:36:37.573;NOVE SI 20250620 PS EU P 89.00 0;SIMPLE_INSTRUMENT;BLOCK;CHF;41;1.65000000;3500;PRC_DECOMP_EXCHANGE;;;;XEUR;12310735;724744;EXCHANGE
10.02.2025;13:36:37.573;NOVE SI 20250620 PS EU C 96.00 0;SIMPLE_INSTRUMENT;BLOCK;CHF;41;3.18000000;3500;PRC_DECOMP_EXCHANGE;;;;XEUR;10239676;724744;EXCHANGE
10.02.2025;16:48:54.451;NOVE.O.250210.CNV.000011;STANDARD_OPTION_STRATEGY;BLOCK;CHF;61;-15.45000000;1000;EXCHANGE_LAST;;1;1;XEUR;75170345815905776;724744;
10.02.2025;16:48:54.451;NOVE SI 20250620 PS EU C 110.00 0;SIMPLE_INSTRUMENT;BLOCK;CHF;61;0.40000000;1000;PRC_DECOMP_EXCHANGE;;;;XEUR;11411707;724744;EXCHANGE
10.02.2025;16:48:54.451;NOVE SI 20250620 PS EU P 110.00 0;SIMPLE_INSTRUMENT;BLOCK;CHF;61;15.85000000;1000;PRC_DECOMP_EXCHANGE;;;;XEUR;11411705;724744;EXCHANGE
10.02.2025;14:03:32.150;NOVH SI 20250221 CS;SIMPLE_INSTRUMENT;BLOCK;CHF;45;97.42530000;2000;EXCHANGE_LAST;;1;1;XEUR;10606951;724742;
10.02.2025;15:23:18.220;NOVH SI 20250321 CS;SIMPLE_INSTRUMENT;BLOCK;CHF;60;94.96500000;2000;EXCHANGE_LAST;;1;2;XEUR;10739776;724742;
10.02.2025;15:55:08.331;NOVH SI 20250321 CS;SIMPLE_INSTRUMENT;BLOCK;CHF;82;94.60000000;200;EXCHANGE_LAST;;1;1;XEUR;10739776;724742;
10.02.2025;11:02:30.563;NOVN SI 20251219 PS AM C 100.00 0;SIMPLE_INSTRUMENT;BLOCK;CHF;19;3.77000000;1500;EXCHANGE_LAST;;2;1;XEUR;10037490;724745;
10.02.2025;11:07:44.383;NOVN SI 20250221 PS AM P 92.00 0;SIMPLE_INSTRUMENT;BLOCK;CHF;22;0.12000000;3500;EXCHANGE_LAST;;2;1;XEUR;12283566;724745;
10.02.2025;13:58:05.971;NOVN SI 20250221 PS AM C 98.00 0;SIMPLE_INSTRUMENT;BLOCK;CHF;42;0.68000000;1500;EXCHANGE_LAST;;2;1;XEUR;12283490;724745;
10.02.2025;10:10:43.872;OBTP SI 20250221 PS AM C 119.50 0;SIMPLE_INSTRUMENT;BLOCK;EUR;15;1.35000000;134;EXCHANGE_LAST;;1;1;XEUR;11773072;58812;
10.02.2025;10:11:09.810;OBTP SI 20250321 PS AM C 122.00 0;SIMPLE_INSTRUMENT;BLOCK;EUR;16;0.43000000;134;EXCHANGE_LAST;;1;1;XEUR;12474452;58812;
10.02.2025;13:20:17.338;ODAX SI 20250620 CS EU C 22000 0;SIMPLE_INSTRUMENT;BLOCK;EUR;1;848.00000000;350;EXCHANGE_LAST;;1;1;XEUR;10989283;1176;
10.02.2025;13:21:47.222;ODAX SI 20251219 CS EU C 22400 0;SIMPLE_INSTRUMENT;BLOCK;EUR;2;1230.00000000;560;EXCHANGE_LAST;;1;1;XEUR;10977245;1176;
10.02.2025;15:14:00.582;ODAX SI 20250221 CS EU P 21600 0;SIMPLE_INSTRUMENT;BLOCK;EUR;4;100.50000000;600;EXCHANGE_LAST;;1;1;XEUR;12365885;1176;
10.02.2025;15:14:02.742;ODAX SI 20250221 CS EU P 20800 0;SIMPLE_INSTRUMENT;BLOCK;EUR;5;23.50000000;600;EXCHANGE_LAST;;1;1;XEUR;12306232;1176;
10.02.2025;15:25:52.368;ODAX.V.250210.CNV-U.000269;OPTION_VOLATILITY_STRATEGY;BLOCK;EUR;671088647;-51.00000000;7;EXCHANGE_LAST;;1;1;XEUR;72062644920407661;1176;
10.02.2025;15:25:52.368;ODAX SI 20250221 CS EU P 22000 0;SIMPLE_INSTRUMENT;BLOCK;EUR;671088647;239.30000000;700;PRC_DECOMP_EXCHANGE;;;;XEUR;12372992;1176;EXCHANGE
10.02.2025;15:25:52.368;ODAX SI 20250221 CS EU C 22000 0;SIMPLE_INSTRUMENT;BLOCK;EUR;671088647;188.30000000;700;PRC_DECOMP_EXCHANGE;;;;XEUR;12372993;1176;EXCHANGE
10.02.2025;15:25:52.368;FDAX SI 20250321 CS;SIMPLE_INSTRUMENT;BLOCK;EUR;671088647;22000.00000000;140;PRC_DECOMP_EXCHANGE;;;;XEUR;7561255;1176;EXCHANGE
10.02.2025;15:55:58.345;ODAX.V.250210.CNV-U.000269;OPTION_VOLATILITY_STRATEGY;BLOCK;EUR;671088648;-51.00000000;4;EXCHANGE_LAST;;1;1;XEUR;72062644920407661;1176;
10.02.2025;15:55:58.345;ODAX SI 20250221 CS EU C 22000 0;SIMPLE_INSTRUMENT;BLOCK;EUR;671088648;188.30000000;400;PRC_DECOMP_MEMBER;;;;XEUR;12372993;1176;MEMBER
10.02.2025;15:55:58.345;FDAX SI 20250321 CS;SIMPLE_INSTRUMENT;BLOCK;EUR;671088648;22000.00000000;80;PRC_DECOMP_MEMBER;;;;XEUR;7561255;1176;MEMBER
10.02.2025;15:55:58.345;ODAX SI 20250221 CS EU P 22000 0;SIMPLE_INSTRUMENT;BLOCK;EUR;671088648;239.30000000;400;PRC_DECOMP_MEMBER;;;;XEUR;12372992;1176;MEMBER
10.02.2025;13:19:58.218;OED1.O.250210.STG.000002;STANDARD_OPTION_STRATEGY;BLOCK;EUR;13;4.86000000;1500;EXCHANGE_LAST;;1;1;XEUR;75376268022906919;772689;
10.02.2025;13:19:58.218;OED1 SI 20250620 PS EU P 150 0;SIMPLE_INSTRUMENT;BLOCK;EUR;13;1.76000000;1500;PRC_DECOMP_MEMBER;;;;XEUR;10894724;772689;MEMBER
10.02.2025;13:19:58.218;OED1 SI 20250620 PS EU C 160 0;SIMPLE_INSTRUMENT;BLOCK;EUR;13;3.10000000;1500;PRC_DECOMP_MEMBER;;;;XEUR;10894740;772689;MEMBER
10.02.2025;13:24:10.867;OED1.V.250210.CALL-U.000001;OPTION_VOLATILITY_STRATEGY;BLOCK;EUR;301989902;2.45000000;10;EXCHANGE_LAST;;1;1;XEUR;75376268022906918;772689;
10.02.2025;13:24:10.867;OED1 SI 20250321 PS EU C 158 0;SIMPLE_INSTRUMENT;BLOCK;EUR;301989902;2.45000000;1500;PRC_DECOMP_MEMBER;;;;XEUR;10635866;772689;MEMBER
10.02.2025;13:24:10.867;FEXD SI 20261218 CS;SIMPLE_INSTRUMENT;BLOCK;EUR;301989902;158.30000000;480;PRC_DECOMP_MEMBER;;;;XEUR;2163053;772689;MEMBER
10.02.2025;10:45:31.812;OEDV.V.250210.CNV-U.000001;OPTION_VOLATILITY_STRATEGY;BLOCK;EUR;603979788;-149.00000000;50;EXCHANGE_LAST;;1;1;XEUR;72062696459082156;1188;
10.02.2025;10:45:31.812;FEDV SI 20250321 CS;SIMPLE_INSTRUMENT;BLOCK;EUR;603979788;1700.00000000;5000;PRC_DECOMP_EXCHANGE;;;;XEUR;11359068;1188;EXCHANGE
10.02.2025;10:45:31.812;OEDV SI 20271217 CS EU P 1700 0;SIMPLE_INSTRUMENT;BLOCK;EUR;603979788;228.40000000;5000;PRC_DECOMP_EXCHANGE;;;;XEUR;8790441;1188;EXCHANGE
10.02.2025;10:45:31.812;OEDV SI 20271217 CS EU C 1700 0;SIMPLE_INSTRUMENT;BLOCK;EUR;603979788;79.40000000;5000;PRC_DECOMP_EXCHANGE;;;;XEUR;8790437;1188;EXCHANGE
10.02.2025;11:41:20.185;OEDV.V.250210.BUL-U.000002;OPTION_VOLATILITY_STRATEGY;BLOCK;EUR;603979792;7.20000000;20;EXCHANGE_LAST;;1;1;XEUR;72062696459082157;1188;
10.02.2025;11:41:20.185;OEDV SI 20250321 CS EU C 1800 0;SIMPLE_INSTRUMENT;BLOCK;EUR;603979792;8.90000000;2000;PRC_DECOMP_EXCHANGE;;;;XEUR;10413299;1188;EXCHANGE
10.02.2025;11:41:20.185;FEDV SI 20250321 CS;SIMPLE_INSTRUMENT;BLOCK;EUR;603979792;1745.00000000;400;PRC_DECOMP_EXCHANGE;;;;XEUR;11359068;1188;EXCHANGE
10.02.2025;11:41:20.185;OEDV SI 20250321 CS EU C 1900 0;SIMPLE_INSTRUMENT;BLOCK;EUR;603979792;1.70000000;2000;PRC_DECOMP_EXCHANGE;;;;XEUR;10413346;1188;EXCHANGE
10.02.2025;11:41:50.741;OEDV.V.250210.BUL-U.000002;OPTION_VOLATILITY_STRATEGY;BLOCK;EUR;603979793;7.30000000;20;EXCHANGE_LAST;;1;1;XEUR;72062696459082157;1188;
10.02.2025;11:41:50.741;OEDV SI 20250321 CS EU C 1900 0;SIMPLE_INSTRUMENT;BLOCK;EUR;603979793;1.60000000;2000;PRC_DECOMP_EXCHANGE;;;;XEUR;10413346;1188;EXCHANGE
10.02.2025;11:41:50.741;FEDV SI 20250321 CS;SIMPLE_INSTRUMENT;BLOCK;EUR;603979793;1745.00000000;400;PRC_DECOMP_EXCHANGE;;;;XEUR;11359068;1188;EXCHANGE
10.02.2025;11:41:50.741;OEDV SI 20250321 CS EU C 1800 0;SIMPLE_INSTRUMENT;BLOCK;EUR;603979793;8.90000000;2000;PRC_DECOMP_EXCHANGE;;;;XEUR;10413299;1188;EXCHANGE
10.02.2025;12:11:32.093;OEDV.V.250210.BUL-U.000002;OPTION_VOLATILITY_STRATEGY;BLOCK;EUR;603979799;7.20000000;5;EXCHANGE_LAST;;1;1;XEUR;72062696459082157;1188;
10.02.2025;12:11:32.093;OEDV SI 20250321 CS EU C 1900 0;SIMPLE_INSTRUMENT;BLOCK;EUR;603979799;1.40000000;500;PRC_DECOMP_EXCHANGE;;;;XEUR;10413346;1188;EXCHANGE
10.02.2025;12:11:32.093;OEDV SI 20250321 CS EU C 1800 0;SIMPLE_INSTRUMENT;BLOCK;EUR;603979799;8.60000000;500;PRC_DECOMP_EXCHANGE;;;;XEUR;10413299;1188;EXCHANGE
10.02.2025;12:11:32.093;FEDV SI 20250321 CS;SIMPLE_INSTRUMENT;BLOCK;EUR;603979799;1745.00000000;100;PRC_DECOMP_EXCHANGE;;;;XEUR;11359068;1188;EXCHANGE
10.02.2025;12:11:57.127;OEDV.V.250210.BUL-U.000002;OPTION_VOLATILITY_STRATEGY;BLOCK;EUR;603979800;7.30000000;5;EXCHANGE_LAST;;1;1;XEUR;72062696459082157;1188;
10.02.2025;12:11:57.127;FEDV SI 20250321 CS;SIMPLE_INSTRUMENT;BLOCK;EUR;603979800;1745.00000000;100;PRC_DECOMP_EXCHANGE;;;;XEUR;11359068;1188;EXCHANGE
10.02.2025;12:11:57.127;OEDV SI 20250321 CS EU C 1800 0;SIMPLE_INSTRUMENT;BLOCK;EUR;603979800;8.70000000;500;PRC_DECOMP_EXCHANGE;;;;XEUR;10413299;1188;EXCHANGE
10.02.2025;12:11:57.127;OEDV SI 20250321 CS EU C 1900 0;SIMPLE_INSTRUMENT;BLOCK;EUR;603979800;1.40000000;500;PRC_DECOMP_EXCHANGE;;;;XEUR;10413346;1188;EXCHANGE
10.02.2025;09:30:53.461;OESB.V.250210.BER+U.000050;OPTION_VOLATILITY_STRATEGY;BLOCK;EUR;603979782;4.40000000;60;EXCHANGE_LAST;;1;1;XEUR;72062726523978733;1195;
10.02.2025;09:30:53.461;FESB SI 20250321 CS;SIMPLE_INSTRUMENT;BLOCK;EUR;603979782;168.30000000;1620;PRC_DECOMP_EXCHANGE;;;;XEUR;11359072;1195;EXCHANGE
10.02.2025;09:30:53.461;OESB SI 20250620 CS EU P 140.0 0;SIMPLE_INSTRUMENT;BLOCK;EUR;603979782;1.85000000;6000;PRC_DECOMP_EXCHANGE;;;;XEUR;7566321;1195;EXCHANGE
10.02.2025;09:30:53.461;OESB SI 20250620 CS EU P 160.0 0;SIMPLE_INSTRUMENT;BLOCK;EUR;603979782;6.25000000;6000;PRC_DECOMP_EXCHANGE;;;;XEUR;7566302;1195;EXCHANGE
10.02.2025;10:46:39.645;OESB.V.250210.CDIA+U.000054;OPTION_VOLATILITY_STRATEGY;BLOCK;EUR;603979789;0.30000000;60;EXCHANGE_LAST;;1;1;XEUR;72062726523978737;1195;
10.02.2025;10:46:39.645;OESB SI 20250321 CS EU C 175.0 0;SIMPLE_INSTRUMENT;BLOCK;EUR;603979789;1.75000000;6000;PRC_DECOMP_EXCHANGE;;;;XEUR;10414057;1195;EXCHANGE
10.02.2025;10:46:39.645;FESB SI 20250321 CS;SIMPLE_INSTRUMENT;BLOCK;EUR;603979789;168.60000000;420;PRC_DECOMP_EXCHANGE;;;;XEUR;11359072;1195;EXCHANGE
10.02.2025;10:46:39.645;OESB SI 20250620 CS EU C 180.0 0;SIMPLE_INSTRUMENT;BLOCK;EUR;603979789;2.05000000;6000;PRC_DECOMP_EXCHANGE;;;;XEUR;7621937;1195;EXCHANGE
10.02.2025;14:31:50.389;OESB.V.250210.PUT+U.000080;OPTION_VOLATILITY_STRATEGY;BLOCK;EUR;603979818;0.45000000;60;EXCHANGE_LAST;;1;1;XEUR;72062726523978763;1195;
10.02.2025;14:31:50.389;FESB SI 20250321 CS;SIMPLE_INSTRUMENT;BLOCK;EUR;603979818;168.50000000;480;PRC_DECOMP_EXCHANGE;;;;XEUR;11359072;1195;EXCHANGE
10.02.2025;14:31:50.389;OESB SI 20250221 CS EU P 161.0 0;SIMPLE_INSTRUMENT;BLOCK;EUR;603979818;0.45000000;6000;PRC_DECOMP_EXCHANGE;;;;XEUR;12250840;1195;EXCHANGE
10.02.2025;14:45:29.976;OESB.V.250210.PUT+U.000081;OPTION_VOLATILITY_STRATEGY;BLOCK;EUR;603979823;1.85000000;100;EXCHANGE_LAST;;1;1;XEUR;72062726523978764;1195;
10.02.2025;14:45:29.976;OESB SI 20250417 CS EU P 155.0 0;SIMPLE_INSTRUMENT;BLOCK;EUR;603979823;1.85000000;10000;PRC_DECOMP_EXCHANGE;;;;XEUR;12628075;1195;EXCHANGE
10.02.2025;14:45:29.976;FESB SI 20250321 CS;SIMPLE_INSTRUMENT;BLOCK;EUR;603979823;168.50000000;1900;PRC_DECOMP_EXCHANGE;;;;XEUR;11359072;1195;EXCHANGE
10.02.2025;15:25:18.202;OESB.V.250210.CALL-U.000084;OPTION_VOLATILITY_STRATEGY;BLOCK;EUR;603979825;5.55000000;60;EXCHANGE_LAST;;1;1;XEUR;72062726523978767;1195;
10.02.2025;15:25:18.202;FESB SI 20250321 CS;SIMPLE_INSTRUMENT;BLOCK;EUR;603979825;168.80000000;240;PRC_DECOMP_EXCHANGE;;;;XEUR;11359072;1195;EXCHANGE
10.02.2025;15:25:18.202;OESB SI 20250919 CS EU C 175.0 0;SIMPLE_INSTRUMENT;BLOCK;EUR;603979825;5.55000000;6000;PRC_DECOMP_EXCHANGE;;;;XEUR;11368595;1195;EXCHANGE
10.02.2025;16:32:03.005;OESB.V.250210.PUT+U.000088;OPTION_VOLATILITY_STRATEGY;BLOCK;EUR;603979835;3.05000000;60;EXCHANGE_LAST;;1;1;XEUR;72062726523978771;1195;
10.02.2025;16:32:03.005;OESB SI 20250321 CS EU P 165.0 0;SIMPLE_INSTRUMENT;BLOCK;EUR;603979835;3.05000000;6000;PRC_DECOMP_EXCHANGE;;;;XEUR;10414031;1195;EXCHANGE
10.02.2025;16:32:03.005;FESB SI 20250321 CS;SIMPLE_INSTRUMENT;BLOCK;EUR;603979835;168.10000000;2280;PRC_DECOMP_EXCHANGE;;;;XEUR;11359072;1195;EXCHANGE
10.02.2025;08:25:37.455;OESX SI 20250214 CS EU P 5250 0;SIMPLE_INSTRUMENT;BLOCK;EUR;2;10.20000000;3000;EXCHANGE_LAST;;1;1;XEUR;12373469;1210;
10.02.2025;08:34:50.980;OESX.O.250210.BER.000137;STANDARD_OPTION_STRATEGY;BLOCK;EUR;5;12.80000000;1278;EXCHANGE_LAST;;1;1;XEUR;72062790950202946;1210;
10.02.2025;08:34:50.980;OESX SI 20250221 CS EU P 5150 0;SIMPLE_INSTRUMENT;BLOCK;EUR;5;9.20000000;1278;PRC_DECOMP_MEMBER;;;;XEUR;10707911;1210;MEMBER
10.02.2025;08:34:50.980;OESX SI 20250221 CS EU P 5250 0;SIMPLE_INSTRUMENT;BLOCK;EUR;5;22.00000000;1278;PRC_DECOMP_MEMBER;;;;XEUR;10707915;1210;MEMBER
10.02.2025;09:10:10.298;OESX SI 20260320 CS EU P 4400 0;SIMPLE_INSTRUMENT;BLOCK;EUR;11;102.00000000;2500;EXCHANGE_LAST;;1;1;XEUR;9057241;1210;
10.02.2025;09:10:15.576;OESX SI 20250620 CS EU P 4800 0;SIMPLE_INSTRUMENT;BLOCK;EUR;12;58.20000000;2000;EXCHANGE_LAST;;1;1;XEUR;7834895;1210;
10.02.2025;09:28:10.663;OESX.O.250210.BUSWP.000177;STANDARD_OPTION_STRATEGY;BLOCK;EUR;17;36.40000000;3000;EXCHANGE_LAST;;1;1;XEUR;72062790950202986;1210;
10.02.2025;09:28:10.663;OESX SI 20250321 CS EU C 5350 0;SIMPLE_INSTRUMENT;BLOCK;EUR;17;95.00000000;3000;PRC_DECOMP_MEMBER;;;;XEUR;10849747;1210;MEMBER
10.02.2025;09:28:10.663;OESX SI 20250417 CS EU C 5600 0;SIMPLE_INSTRUMENT;BLOCK;EUR;17;30.50000000;3000;PRC_DECOMP_MEMBER;;;;XEUR;10848825;1210;MEMBER
