#Date;TrdTime;Contract;ContractType;TrdTyp;Currency;TesId;Prc;Qty;TrdInd;Aggressor;Buy;Sell;Exch;InstrumentId;RelatedProdId;PrcDecomp
07.02.2025;16:57:32.901;A2SG SI 20261218 CS;SIMPLE_INSTRUMENT;BLOCK;EUR;96;1.49500000;600;EXCHANGE_LAST;;1;1;XEUR;6796964;14;
07.02.2025;16:27:28.345;A2SM SI 20251219 CS;SIMPLE_INSTRUMENT;BLOCK;EUR;86;6.71000000;300;EXCHANGE_LAST;;1;1;XEUR;5914264;15;
07.02.2025;12:21:39.025;A2XA SI 20271217 CS;SIMPLE_INSTRUMENT;BLOCK;EUR;32;2.13500000;150;EXCHANGE_LAST;;1;1;XEUR;5914267;17;
07.02.2025;13:50:59.109;A2XA SI 20251219 CS;SIMPLE_INSTRUMENT;BLOCK;EUR;40;2.30000000;1800;EXCHANGE_LAST;;2;1;XEUR;3681055;17;
07.02.2025;13:51:16.528;A2XA SI 20261218 CS;SIMPLE_INSTRUMENT;BLOCK;EUR;41;2.29000000;1800;EXCHANGE_LAST;;2;1;XEUR;4632093;17;
07.02.2025;13:51:37.769;A2XA SI 20271217 CS;SIMPLE_INSTRUMENT;BLOCK;EUR;42;2.15000000;1800;EXCHANGE_LAST;;2;1;XEUR;5914267;17;
07.02.2025;13:52:01.225;A2XA SI 20281215 CS;SIMPLE_INSTRUMENT;BLOCK;EUR;43;2.03000000;1800;EXCHANGE_LAST;;2;1;XEUR;6796967;17;
07.02.2025;15:17:10.333;ABBN SI 20260619 PS AM P 40.00 0;SIMPLE_INSTRUMENT;BLOCK;CHF;60;1.90000000;1250;EXCHANGE_LAST;;1;1;XEUR;9600925;574517;
07.02.2025;09:34:44.942;ADEN SI 20250919 PS AM P 18.00 0;SIMPLE_INSTRUMENT;BLOCK;CHF;5;0.82000000;2000;EXCHANGE_LAST;;1;1;XEUR;11870282;44;
07.02.2025;10:21:44.223;ADEN SI 20260619 PS AM P 18.00 0;SIMPLE_INSTRUMENT;BLOCK;CHF;18;1.93000000;1000;EXCHANGE_LAST;;1;1;XEUR;9536155;44;
07.02.2025;09:59:08.962;ADS.O.250207.STG.000003;STANDARD_OPTION_STRATEGY;BLOCK;EUR;1;6.60000000;250;EXCHANGE_LAST;;1;1;XEUR;72057808786332445;50;
07.02.2025;09:59:08.962;ADS SI 20250221 PS AM C 260.00 0;SIMPLE_INSTRUMENT;BLOCK;EUR;1;4.00000000;250;PRC_DECOMP_MEMBER;;;;XEUR;12237411;50;MEMBER
07.02.2025;09:59:08.962;ADS SI 20250221 PS AM P 250.00 0;SIMPLE_INSTRUMENT;BLOCK;EUR;1;2.60000000;250;PRC_DECOMP_MEMBER;;;;XEUR;12237436;50;MEMBER
07.02.2025;14:04:31.839;ALC SI 20251219 PS AM P 72.00 0;SIMPLE_INSTRUMENT;BLOCK;CHF;47;2.48000000;500;EXCHANGE_LAST;;1;1;XEUR;12477633;130134;
07.02.2025;14:18:14.825;ALC SI 20261218 PS AM P 88.00 0;SIMPLE_INSTRUMENT;BLOCK;CHF;50;12.80000000;250;EXCHANGE_LAST;;1;1;XEUR;11729731;130134;
07.02.2025;14:48:14.531;ANN SI 20250620 PS AM C 32.00 0;SIMPLE_INSTRUMENT;BLOCK;EUR;18;1.37000000;1000;EXCHANGE_LAST;;1;1;XEUR;7921075;45202;
07.02.2025;15:21:40.903;ANN SI 20250321 PS AM C 35.00 0;SIMPLE_INSTRUMENT;BLOCK;EUR;23;0.15000000;2702;EXCHANGE_LAST;;1;1;XEUR;12334559;45202;
07.02.2025;15:21:42.395;ANN SI 20250321 PS AM C 32.50 0;SIMPLE_INSTRUMENT;BLOCK;EUR;24;0.50000000;7000;EXCHANGE_LAST;;1;1;XEUR;12334568;45202;
07.02.2025;15:21:44.880;ANN SI 20250321 PS AM C 35.00 0;SIMPLE_INSTRUMENT;BLOCK;EUR;25;0.12000000;4298;EXCHANGE_LAST;;1;1;XEUR;12334559;45202;
07.02.2025;14:27:36.378;ASG5 FI 20250430 PS AM P 26.0000 0;FLEXIBLE_INSTRUMENT;BLOCK;EUR;8;0.25500000;65000;EXCHANGE_LAST;;1;1;XEUR;1152921972758286310;109;
07.02.2025;16:29:07.261;ASMH SI 20250321 CS;SIMPLE_INSTRUMENT;BLOCK;EUR;84;706.40000000;750;EXCHANGE_LAST;;1;1;XEUR;10717245;3979;
07.02.2025;13:43:07.949;AXAE.O.250207.CNV.000001;STANDARD_OPTION_STRATEGY;BLOCK;EUR;15;-2.80000000;20000;EXCHANGE_LAST;;2;1;XEUR;72058135203809559;126;
07.02.2025;13:43:07.949;AXAE SI 20281215 PS EU P 36.00 0;SIMPLE_INSTRUMENT;BLOCK;EUR;15;6.50000000;20000;PRC_DECOMP_MEMBER;;;;XEUR;10395853;126;MEMBER
07.02.2025;13:43:07.949;AXAE SI 20281215 PS EU C 36.00 0;SIMPLE_INSTRUMENT;BLOCK;EUR;15;3.70000000;20000;PRC_DECOMP_MEMBER;;;;XEUR;10395851;126;MEMBER
07.02.2025;14:56:30.388;B2NP SI 20261218 CS;SIMPLE_INSTRUMENT;BLOCK;EUR;53;4.83000000;250;EXCHANGE_LAST;;1;1;XEUR;6798320;131;
07.02.2025;15:12:53.149;B2NP SI 20271217 CS;SIMPLE_INSTRUMENT;BLOCK;EUR;57;4.40000000;150;EXCHANGE_LAST;;1;1;XEUR;7086925;131;
07.02.2025;16:31:36.424;B2NP SI 20251219 CS;SIMPLE_INSTRUMENT;BLOCK;EUR;91;7.25000000;370;EXCHANGE_LAST;;1;1;XEUR;5914355;131;
07.02.2025;16:32:03.826;B2NP SI 20261218 CS;SIMPLE_INSTRUMENT;BLOCK;EUR;92;4.83000000;100;EXCHANGE_LAST;;1;1;XEUR;6798320;131;
07.02.2025;16:52:17.184;B2NP SI 20261218 CS;SIMPLE_INSTRUMENT;BLOCK;EUR;95;4.83000000;100;EXCHANGE_LAST;;1;1;XEUR;6798320;131;
07.02.2025;13:11:21.168;BAEN.O.250207.STG.000008;STANDARD_OPTION_STRATEGY;BLOCK;CHF;37;6.42000000;400;EXCHANGE_LAST;;1;1;XEUR;72058276937746688;159;
07.02.2025;13:11:21.168;BAEN SI 20251219 PS AM C 60.00 0;SIMPLE_INSTRUMENT;BLOCK;CHF;37;3.58000000;400;PRC_DECOMP_EXCHANGE;;;;XEUR;5921991;159;EXCHANGE
07.02.2025;13:11:21.168;BAEN SI 20251219 PS AM P 50.00 0;SIMPLE_INSTRUMENT;BLOCK;CHF;37;2.84000000;400;PRC_DECOMP_EXCHANGE;;;;XEUR;12433497;159;EXCHANGE
07.02.2025;09:34:59.996;BAS SI 20250221 PS AM C 49.00 0;SIMPLE_INSTRUMENT;BLOCK;EUR;3;1.22000000;5000;EXCHANGE_LAST;;1;2;XEUR;12339045;150;
07.02.2025;10:30:38.812;BAS.O.250207.BUL.000016;STANDARD_OPTION_STRATEGY;BLOCK;EUR;4;1.67000000;2000;EXCHANGE_LAST;;1;1;XEUR;72058238283091721;150;
07.02.2025;10:30:38.812;BAS SI 20250620 PS AM C 48.00 0;SIMPLE_INSTRUMENT;BLOCK;EUR;4;3.06000000;2000;PRC_DECOMP_EXCHANGE;;;;XEUR;7898967;150;EXCHANGE
07.02.2025;10:30:38.812;BAS SI 20250620 PS AM C 52.00 0;SIMPLE_INSTRUMENT;BLOCK;EUR;4;1.39000000;2000;PRC_DECOMP_EXCHANGE;;;;XEUR;7898973;150;EXCHANGE
07.02.2025;11:10:30.831;BAS SI 20291221 PS AM P 32.00 0;SIMPLE_INSTRUMENT;BLOCK;EUR;6;3.72000000;600;EXCHANGE_LAST;;1;1;XEUR;12433380;150;
07.02.2025;11:33:53.520;BAS SI 20250321 PS AM C 52.00 0;SIMPLE_INSTRUMENT;BLOCK;EUR;7;1.04000000;5000;EXCHANGE_LAST;;1;2;XEUR;10831049;150;
07.02.2025;12:42:43.418;BAS SI 20250620 PS AM C 48.00 0;SIMPLE_INSTRUMENT;BLOCK;EUR;8;3.04000000;1500;EXCHANGE_LAST;;1;1;XEUR;7898967;150;
07.02.2025;13:27:41.425;BAS SI 20250620 PS AM C 52.00 0;SIMPLE_INSTRUMENT;BLOCK;EUR;12;1.47000000;2068;EXCHANGE_LAST;;1;1;XEUR;7898973;150;
07.02.2025;13:58:46.802;BAS SI 20250620 PS AM P 40.00 0;SIMPLE_INSTRUMENT;BLOCK;EUR;15;1.00000000;1200;EXCHANGE_LAST;;1;1;XEUR;7899120;150;
07.02.2025;13:59:00.983;BAS SI 20250620 PS AM P 40.00 0;SIMPLE_INSTRUMENT;BLOCK;EUR;16;0.98000000;900;EXCHANGE_LAST;;1;1;XEUR;7899120;150;
07.02.2025;14:59:38.374;BAS.O.250207.STD.000021;STANDARD_OPTION_STRATEGY;BLOCK;EUR;17;12.70000000;1000;EXCHANGE_LAST;;1;1;XEUR;72058238283091726;150;
07.02.2025;14:59:38.374;BAS SI 20261218 PS AM C 48.00 0;SIMPLE_INSTRUMENT;BLOCK;EUR;17;5.57000000;1000;PRC_DECOMP_EXCHANGE;;;;XEUR;7153446;150;EXCHANGE
07.02.2025;14:59:38.374;BAS SI 20261218 PS AM P 48.00 0;SIMPLE_INSTRUMENT;BLOCK;EUR;17;7.13000000;1000;PRC_DECOMP_EXCHANGE;;;;XEUR;7153480;150;EXCHANGE
07.02.2025;15:08:19.166;BAS SI 20251219 PS AM C 50.00 0;SIMPLE_INSTRUMENT;BLOCK;EUR;18;3.26000000;4500;EXCHANGE_LAST;;2;4;XEUR;7509829;150;
07.02.2025;16:00:20.112;BAS SI 20250620 PS AM C 50.00 0;SIMPLE_INSTRUMENT;BLOCK;EUR;19;2.10000000;1500;EXCHANGE_LAST;;1;1;XEUR;10779749;150;
07.02.2025;16:26:39.051;BAS.N.250207.000023;NON_STANDARD_OPTION_STRATEGY;BLOCK;EUR;20;2.27000000;1000;EXCHANGE_LAST;;1;1;XEUR;72058238283091728;150;
07.02.2025;16:26:39.051;BAS SI 20250321 PS AM C 50.00 0;SIMPLE_INSTRUMENT;BLOCK;EUR;20;1.37000000;1000;PRC_DECOMP_MEMBER;;;;XEUR;10831042;150;MEMBER
07.02.2025;16:26:39.051;BAS SI 20250321 PS AM C 52.00 0;SIMPLE_INSTRUMENT;BLOCK;EUR;20;0.90000000;1000;PRC_DECOMP_MEMBER;;;;XEUR;10831049;150;MEMBER
07.02.2025;16:51:14.543;BAS SI 20250620 PS AM P 48.00 0;SIMPLE_INSTRUMENT;BLOCK;EUR;21;4.12000000;460;EXCHANGE_LAST;;1;1;XEUR;7898976;150;
07.02.2025;16:51:22.544;BAS SI 20250620 PS AM P 48.00 0;SIMPLE_INSTRUMENT;BLOCK;EUR;22;4.15000000;425;EXCHANGE_LAST;;1;1;XEUR;7898976;150;
07.02.2025;16:55:23.558;BAS SI 20250620 PS AM C 50.00 0;SIMPLE_INSTRUMENT;BLOCK;EUR;25;2.01000000;903;EXCHANGE_LAST;;1;1;XEUR;10779749;150;
07.02.2025;16:55:19.558;BAS SI 20250620 PS AM C 50.00 0;SIMPLE_INSTRUMENT;BLOCK;EUR;26;2.02000000;867;EXCHANGE_LAST;;1;1;XEUR;10779749;150;
07.02.2025;13:58:16.634;BASE SI 20250620 PS EU C 50.00 0;SIMPLE_INSTRUMENT;BLOCK;EUR;13;1.84000000;3000;EXCHANGE_LAST;;1;1;XEUR;11350669;151;
07.02.2025;13:58:24.536;BASE SI 20250620 PS EU C 58.00 0;SIMPLE_INSTRUMENT;BLOCK;EUR;14;0.39000000;3000;EXCHANGE_LAST;;1;1;XEUR;12748966;151;
07.02.2025;10:47:09.715;BAY SI 20291221 PS AM P 14.00 0;SIMPLE_INSTRUMENT;BLOCK;EUR;5;2.34000000;1000;EXCHANGE_LAST;;1;1;XEUR;12434156;168;
07.02.2025;14:57:47.538;BNP SI 20250321 PS AM C 69.00 0;SIMPLE_INSTRUMENT;BLOCK;EUR;16;2.48000000;1000;EXCHANGE_LAST;;1;1;XEUR;12536827;237;
07.02.2025;13:56:35.276;C4RI SI 20251219 CS;SIMPLE_INSTRUMENT;BLOCK;EUR;44;2.73000000;150;EXCHANGE_LAST;;1;1;XEUR;5914459;50862;
07.02.2025;14:25:18.717;C4RI SI 20250620 CS;SIMPLE_INSTRUMENT;BLOCK;EUR;49;1.57000000;300;EXCHANGE_LAST;;1;1;XEUR;10868044;50862;
07.02.2025;16:25:48.711;C4RI SI 20250620 CS;SIMPLE_INSTRUMENT;BLOCK;EUR;83;1.57000000;200;EXCHANGE_LAST;;2;1;XEUR;10868044;50862;
07.02.2025;13:30:24.188;CFR.O.250207.STG.000002;STANDARD_OPTION_STRATEGY;BLOCK;CHF;39;13.50000000;300;EXCHANGE_LAST;;1;1;XEUR;72058938362728516;313;
07.02.2025;13:30:24.188;CFR SI 20250919 PS AM C 200.00 0;SIMPLE_INSTRUMENT;BLOCK;CHF;39;7.27000000;300;PRC_DECOMP_EXCHANGE;;;;XEUR;11876563;313;EXCHANGE
07.02.2025;13:30:24.188;CFR SI 20250919 PS AM P 150.00 0;SIMPLE_INSTRUMENT;BLOCK;CHF;39;6.23000000;300;PRC_DECOMP_EXCHANGE;;;;XEUR;11876520;313;EXCHANGE
07.02.2025;14:50:38.076;CFR SI 20251219 PS AM C 190.00 0;SIMPLE_INSTRUMENT;BLOCK;CHF;57;12.99000000;300;EXCHANGE_LAST;;1;1;XEUR;12437090;313;
07.02.2025;15:24:22.839;COT SI 20251219 PS AM P 220.00 0;SIMPLE_INSTRUMENT;BLOCK;CHF;61;14.75000000;50;EXCHANGE_LAST;;1;1;XEUR;12481114;199899;
07.02.2025;16:38:24.746;CR5J SI 20250320 CS;SIMPLE_INSTRUMENT;BLOCK;EUR;94;47.14500000;1000;EXCHANGE_LAST;;1;1;XEUR;10689747;50861;
07.02.2025;09:56:07.318;CRI5 SI 20250220 PS AM C 48.00 0;SIMPLE_INSTRUMENT;BLOCK;EUR;1;0.63000000;1000;EXCHANGE_LAST;;1;1;XEUR;12673365;320;
07.02.2025;15:40:12.629;DAI SI 20250620 PS AM P 58.00 0;SIMPLE_INSTRUMENT;BLOCK;EUR;4;5.68000000;1000;EXCHANGE_LAST;;1;1;XEUR;10374223;443196;
07.02.2025;16:35:59.732;DAI SI 20250321 PS AM C 60.00 0;SIMPLE_INSTRUMENT;BLOCK;EUR;10;1.35000000;1000;EXCHANGE_LAST;;1;1;XEUR;10884520;443196;
07.02.2025;13:48:43.181;DHE.O.250207.COMBO.000001;STANDARD_OPTION_STRATEGY;BLOCK;EUR;13;0.80000000;3500;EXCHANGE_LAST;;2;1;XEUR;72302986994400282;57135;
07.02.2025;13:48:43.181;DHE SI 20250919 PS AM C 32.00 0;SIMPLE_INSTRUMENT;BLOCK;EUR;13;3.42000000;3500;PRC_DECOMP_EXCHANGE;;;;XEUR;11910401;57135;EXCHANGE
07.02.2025;13:48:43.181;DHE SI 20250919 PS AM P 24.00 0;SIMPLE_INSTRUMENT;BLOCK;EUR;13;4.22000000;3500;PRC_DECOMP_EXCHANGE;;;;XEUR;11910261;57135;EXCHANGE
07.02.2025;11:41:33.419;DPW.O.250207.STG.000006;STANDARD_OPTION_STRATEGY;BLOCK;EUR;6;1.74000000;2500;EXCHANGE_LAST;;2;1;XEUR;72059505298415640;445;
07.02.2025;11:41:33.419;DPW SI 20250321 PS AM C 36.00 0;SIMPLE_INSTRUMENT;BLOCK;EUR;6;0.93000000;2500;PRC_DECOMP_EXCHANGE;;;;XEUR;10836841;445;EXCHANGE
07.02.2025;11:41:33.419;DPW SI 20250321 PS AM P 34.00 0;SIMPLE_INSTRUMENT;BLOCK;EUR;6;0.81000000;2500;PRC_DECOMP_EXCHANGE;;;;XEUR;10836847;445;EXCHANGE
07.02.2025;16:27:55.998;DSV SI 20250919 PS AM C 1680.00 0;SIMPLE_INSTRUMENT;BLOCK;DKK;10;24.00000000;1420;EXCHANGE_LAST;;1;1;XEUR;11941753;845710;
07.02.2025;16:28:28.516;DSV SI 20250919 PS AM C 1480.00 0;SIMPLE_INSTRUMENT;BLOCK;DKK;11;80.77000000;487;EXCHANGE_LAST;;1;1;XEUR;11941765;845710;
07.02.2025;16:28:47.573;DSV SI 20250919 PS AM C 1480.00 0;SIMPLE_INSTRUMENT;BLOCK;DKK;12;80.80000000;933;EXCHANGE_LAST;;1;1;XEUR;11941765;845710;
07.02.2025;16:29:02.955;DSV SI 20250919 PS AM P 1320.00 0;SIMPLE_INSTRUMENT;BLOCK;DKK;13;70.10000000;1420;EXCHANGE_LAST;;1;1;XEUR;11941717;845710;
07.02.2025;14:01:00.334;DUFN SI 20260619 PS AM C 40.00 0;SIMPLE_INSTRUMENT;BLOCK;CHF;44;5.80000000;200;EXCHANGE_LAST;;1;1;XEUR;11356369;418;
07.02.2025;11:37:27.498;E2NL SI 20261218 CS;SIMPLE_INSTRUMENT;BLOCK;EUR;26;0.45700000;500;EXCHANGE_LAST;;1;1;XEUR;4632356;471;
07.02.2025;11:37:29.637;E2NL SI 20261218 CS;SIMPLE_INSTRUMENT;BLOCK;EUR;27;0.45800000;500;EXCHANGE_LAST;;1;1;XEUR;4632356;471;
07.02.2025;11:59:04.972;E2NL SI 20281215 CS;SIMPLE_INSTRUMENT;BLOCK;EUR;28;0.40000000;1000;EXCHANGE_LAST;;1;1;XEUR;6802276;471;
07.02.2025;14:02:35.340;E2NL SI 20281215 CS;SIMPLE_INSTRUMENT;BLOCK;EUR;45;0.40000000;2000;EXCHANGE_LAST;;1;1;XEUR;6802276;471;
07.02.2025;16:07:28.698;EOA.O.250207.STG.000001;STANDARD_OPTION_STRATEGY;BLOCK;EUR;7;1.69000000;1500;EXCHANGE_LAST;;1;1;XEUR;72268326608331592;49065;
07.02.2025;16:07:28.698;EOA SI 20261218 PS AM C 12.00 0;SIMPLE_INSTRUMENT;BLOCK;EUR;7;0.94000000;1500;PRC_DECOMP_EXCHANGE;;;;XEUR;7177813;49065;EXCHANGE
07.02.2025;16:07:28.698;EOA SI 20261218 PS AM P 10.00 0;SIMPLE_INSTRUMENT;BLOCK;EUR;7;0.75000000;1500;PRC_DECOMP_EXCHANGE;;;;XEUR;7177810;49065;EXCHANGE
07.02.2025;15:37:12.096;F3IA SI 20281215 CS;SIMPLE_INSTRUMENT;BLOCK;EUR;63;0.55000000;500;EXCHANGE_LAST;;1;1;XEUR;9964653;390387;
07.02.2025;09:58:08.323;F3TE SI 20251219 CS;SIMPLE_INSTRUMENT;BLOCK;EUR;2;0.75000000;1500;EXCHANGE_LAST;;1;2;XEUR;6633903;390379;
07.02.2025;15:57:44.518;F3TE SI 20251219 CS;SIMPLE_INSTRUMENT;BLOCK;EUR;69;0.74800000;1250;EXCHANGE_LAST;;1;1;XEUR;6633903;390379;
07.02.2025;09:00:04.586;FBTP SI 20250306 PS;SIMPLE_INSTRUMENT;EFP_FIN;EUR;1;120.82000000;143;EXCHANGE_LAST;;1;1;XEUR;11286675;636;
07.02.2025;09:07:28.661;FBTP SI 20250306 PS;SIMPLE_INSTRUMENT;EFP_FIN;EUR;3;120.81000000;224;EXCHANGE_LAST;;1;1;XEUR;11286675;636;
07.02.2025;09:14:21.701;FBTP SI 20250306 PS;SIMPLE_INSTRUMENT;EFP_FIN;EUR;4;120.83000000;179;EXCHANGE_LAST;;1;1;XEUR;11286675;636;
07.02.2025;10:13:08.095;FBTP SI 20250306 PS;SIMPLE_INSTRUMENT;EFP_FIN;EUR;5;120.87000000;308;EXCHANGE_LAST;;1;1;XEUR;11286675;636;
07.02.2025;10:43:03.594;FBTP SI 20250306 PS;SIMPLE_INSTRUMENT;EFP_FIN;EUR;6;120.82000000;85;EXCHANGE_LAST;;1;1;XEUR;11286675;636;
07.02.2025;10:45:21.509;FBTP SI 20250306 PS;SIMPLE_INSTRUMENT;EFP_FIN;EUR;7;120.82000000;92;EXCHANGE_LAST;;1;1;XEUR;11286675;636;
07.02.2025;11:05:43.366;FBTP SI 20250306 PS;SIMPLE_INSTRUMENT;EFP_FIN;EUR;8;120.79000000;428;EXCHANGE_LAST;;1;1;XEUR;11286675;636;
07.02.2025;11:15:21.592;FBTP SI 20250306 PS;SIMPLE_INSTRUMENT;BLOCK;EUR;9;120.82000000;448;EXCHANGE_LAST;;1;1;XEUR;11286675;636;
07.02.2025;11:16:15.970;FBTP SI 20250306 PS;SIMPLE_INSTRUMENT;EFP_FIN;EUR;10;120.82000000;1343;EXCHANGE_LAST;;1;1;XEUR;11286675;636;
07.02.2025;11:18:54.097;FBTP SI 20250306 PS;SIMPLE_INSTRUMENT;EFP_FIN;EUR;11;120.82000000;1342;EXCHANGE_LAST;;1;1;XEUR;11286675;636;
07.02.2025;11:54:00.694;FBTP SI 20250306 PS;SIMPLE_INSTRUMENT;EFP_FIN;EUR;12;120.83000000;448;EXCHANGE_LAST;;1;1;XEUR;11286675;636;
07.02.2025;12:04:31.938;FBTP SI 20250306 PS;SIMPLE_INSTRUMENT;EFP_FIN;EUR;13;120.82000000;179;EXCHANGE_LAST;;1;1;XEUR;11286675;636;
07.02.2025;12:05:21.050;FBTP SI 20250306 PS;SIMPLE_INSTRUMENT;EFP_FIN;EUR;14;120.82000000;3089;EXCHANGE_LAST;;1;1;XEUR;11286675;636;
07.02.2025;12:36:27.490;FBTP SI 20250306 PS;SIMPLE_INSTRUMENT;EFP_FIN;EUR;15;120.78000000;868;EXCHANGE_LAST;;1;1;XEUR;11286675;636;
07.02.2025;12:49:04.744;FBTP SI 20250306 PS;SIMPLE_INSTRUMENT;EFP_FIN;EUR;16;120.75000000;1567;EXCHANGE_LAST;;1;1;XEUR;11286675;636;
07.02.2025;12:55:14.442;FBTP SI 20250306 PS;SIMPLE_INSTRUMENT;BLOCK;EUR;17;120.75000000;895;EXCHANGE_LAST;;1;1;XEUR;11286675;636;
07.02.2025;12:57:07.552;FBTP SI 20250306 PS;SIMPLE_INSTRUMENT;EFP_FIN;EUR;18;120.75000000;1119;EXCHANGE_LAST;;1;1;XEUR;11286675;636;
07.02.2025;12:59:39.490;FBTP SI 20250306 PS;SIMPLE_INSTRUMENT;EFP_FIN;EUR;19;120.76000000;1342;EXCHANGE_LAST;;1;1;XEUR;11286675;636;
07.02.2025;13:09:41.304;FBTP SI 20250306 PS;SIMPLE_INSTRUMENT;EFP_FIN;EUR;20;120.77000000;3249;EXCHANGE_LAST;;1;1;XEUR;11286675;636;
07.02.2025;13:11:21.180;FBTP SI 20250306 PS;SIMPLE_INSTRUMENT;EFP_FIN;EUR;21;120.68000000;668;EXCHANGE_LAST;;1;1;XEUR;11286675;636;
07.02.2025;13:14:10.906;FBTP SI 20250306 PS;SIMPLE_INSTRUMENT;EFP_FIN;EUR;22;120.76000000;1342;EXCHANGE_LAST;;1;1;XEUR;11286675;636;
07.02.2025;14:35:37.096;FBTP SI 20250306 PS;SIMPLE_INSTRUMENT;EFP_FIN;EUR;23;120.50000000;458;EXCHANGE_LAST;;1;1;XEUR;11286675;636;
07.02.2025;14:35:51.098;FBTP SI 20250306 PS;SIMPLE_INSTRUMENT;EFP_FIN;EUR;24;120.50000000;458;EXCHANGE_LAST;;1;1;XEUR;11286675;636;
07.02.2025;14:58:04.093;FBTP SI 20250306 PS;SIMPLE_INSTRUMENT;BLOCK;EUR;25;120.52000000;895;EXCHANGE_LAST;;1;1;XEUR;11286675;636;
07.02.2025;15:03:51.740;FBTP SI 20250306 PS;SIMPLE_INSTRUMENT;EFP_FIN;EUR;26;120.52000000;228;EXCHANGE_LAST;;1;1;XEUR;11286675;636;
07.02.2025;15:06:30.228;FBTP SI 20250306 PS;SIMPLE_INSTRUMENT;BLOCK;EUR;27;120.52000000;1790;EXCHANGE_LAST;;1;1;XEUR;11286675;636;
07.02.2025;15:17:08.855;FBTP SI 20250306 PS;SIMPLE_INSTRUMENT;EFP_FIN;EUR;28;120.52000000;895;EXCHANGE_LAST;;1;1;XEUR;11286675;636;
07.02.2025;15:13:20.456;FBTP SI 20250306 PS;SIMPLE_INSTRUMENT;BLOCK;EUR;29;120.52000000;1790;EXCHANGE_LAST;;1;1;XEUR;11286675;636;
07.02.2025;15:18:29.668;FBTP SI 20250306 PS;SIMPLE_INSTRUMENT;BLOCK;EUR;30;120.46000000;1790;EXCHANGE_LAST;;1;1;XEUR;11286675;636;
07.02.2025;15:36:44.778;FBTP SI 20250306 PS;SIMPLE_INSTRUMENT;EFP_FIN;EUR;31;120.47000000;483;EXCHANGE_LAST;;1;1;XEUR;11286675;636;
07.02.2025;15:37:02.960;FBTP SI 20250306 PS;SIMPLE_INSTRUMENT;EFP_FIN;EUR;32;120.47000000;2202;EXCHANGE_LAST;;1;1;XEUR;11286675;636;
07.02.2025;15:53:13.798;FBTP SI 20250306 PS;SIMPLE_INSTRUMENT;EFP_FIN;EUR;33;120.33000000;1161;EXCHANGE_LAST;;1;1;XEUR;11286675;636;
07.02.2025;16:19:12.090;FBTP SI 20250306 PS;SIMPLE_INSTRUMENT;EFP_FIN;EUR;34;120.50000000;627;EXCHANGE_LAST;;1;1;XEUR;11286675;636;
07.02.2025;17:01:03.537;FBTP SI 20250306 PS;SIMPLE_INSTRUMENT;EFP_FIN;EUR;35;120.58000000;224;EXCHANGE_LAST;;1;1;XEUR;11286675;636;
07.02.2025;17:05:55.752;FBTP SI 20250306 PS;SIMPLE_INSTRUMENT;EFP_FIN;EUR;36;120.58000000;268;EXCHANGE_LAST;;1;1;XEUR;11286675;636;
07.02.2025;10:05:21.419;FBTS SI 20250306 PS;SIMPLE_INSTRUMENT;EFP_FIN;EUR;8;107.58000000;882;EXCHANGE_LAST;;1;1;XEUR;11286677;639;
07.02.2025;11:48:32.583;FBTS SI 20250306 PS;SIMPLE_INSTRUMENT;EFP_FIN;EUR;11;107.57000000;1411;EXCHANGE_LAST;;1;1;XEUR;11286677;639;
07.02.2025;12:56:40.137;FBTS SI 20250306 PS;SIMPLE_INSTRUMENT;EFP_FIN;EUR;16;107.53000000;1058;EXCHANGE_LAST;;1;1;XEUR;11286677;639;
07.02.2025;15:25:17.292;FBTS SI 20250306 PS;SIMPLE_INSTRUMENT;BLOCK;EUR;24;107.47000000;350;EXCHANGE_LAST;;1;1;XEUR;11286677;639;
07.02.2025;16:52:43.920;FCMU SI 20250317 CS;SIMPLE_INSTRUMENT;BLOCK;USD;1;0.04810000;115;EXCHANGE_LAST;;1;1;XEUR;11329545;570874;
07.02.2025;16:41:23.072;FDAX SI 20250321 CS;SIMPLE_INSTRUMENT;EFP_IDX;EUR;1;21878.00000000;31;EXCHANGE_LAST;;1;1;XEUR;7561255;589;
07.02.2025;16:41:27.830;FDAX SI 20250321 CS;SIMPLE_INSTRUMENT;EFP_IDX;EUR;2;21879.00000000;31;EXCHANGE_LAST;;1;1;XEUR;7561255;589;
07.02.2025;09:48:57.022;FEBD SI 20261218 CS;SIMPLE_INSTRUMENT;BLOCK;EUR;4;10.36000000;250;EXCHANGE_LAST;;1;1;XEUR;7158212;597;
07.02.2025;09:49:23.947;FEBD SI 20261218 CS;SIMPLE_INSTRUMENT;BLOCK;EUR;5;10.37000000;250;EXCHANGE_LAST;;1;1;XEUR;7158212;597;
07.02.2025;13:47:48.374;FEBD SI 20271217 CS;SIMPLE_INSTRUMENT;BLOCK;EUR;44;9.58000000;300;EXCHANGE_LAST;;1;1;XEUR;7776307;597;
07.02.2025;15:43:48.237;FEBD SI 20271217 CS;SIMPLE_INSTRUMENT;BLOCK;EUR;61;9.55000000;250;EXCHANGE_LAST;;1;1;XEUR;7776307;597;
07.02.2025;16:52:24.901;FEBD SI 20281215 CS;SIMPLE_INSTRUMENT;BLOCK;EUR;77;8.76000000;250;EXCHANGE_LAST;;1;1;XEUR;7776305;597;
07.02.2025;14:50:53.915;FEHY SI 20250321 CS;SIMPLE_INSTRUMENT;BLOCK;EUR;56;297.50000000;1878;EXCHANGE_LAST;;1;1;XEUR;11428365;574047;
07.02.2025;16:16:35.006;FES1 SI 20250321 PS;SIMPLE_INSTRUMENT;BLOCK;EUR;64;9.40000000;400;EXCHANGE_LAST;;1;1;XEUR;11391470;58959;
07.02.2025;08:56:16.548;FESB SI 20250321 CS;SIMPLE_INSTRUMENT;BLOCK;EUR;39;169.00000000;3300;EXCHANGE_LAST;;1;1;XEUR;11359072;605;
07.02.2025;13:10:33.597;FESB SI 20250321 CS;SIMPLE_INSTRUMENT;BLOCK;EUR;42;168.30000000;2880;EXCHANGE_LAST;;1;1;XEUR;11359072;605;
07.02.2025;14:31:19.746;FESB SI 20250321 CS;SIMPLE_INSTRUMENT;BLOCK;EUR;43;169.10000000;2880;EXCHANGE_LAST;;1;1;XEUR;11359072;605;
07.02.2025;16:07:02.628;FESB SI 20250321 CS;SIMPLE_INSTRUMENT;BLOCK;EUR;45;169.30000000;5000;EXCHANGE_LAST;;1;1;XEUR;11359072;605;
07.02.2025;09:43:51.546;FESB SI 20250321 CS;SIMPLE_INSTRUMENT;VOLA;EUR;603979788;169.00000000;3750;EXCHANGE_LAST;;1;1;XEUR;11359072;605;
07.02.2025;09:43:57.398;FESB SI 20250321 CS;SIMPLE_INSTRUMENT;VOLA;EUR;603979789;168.80000000;600;EXCHANGE_LAST;;1;1;XEUR;11359072;605;
07.02.2025;09:54:00.254;FESB SI 20250321 CS;SIMPLE_INSTRUMENT;VOLA;EUR;603979791;169.20000000;180;EXCHANGE_LAST;;1;1;XEUR;11359072;605;
07.02.2025;11:13:50.894;FESB SI 20250321 CS;SIMPLE_INSTRUMENT;VOLA;EUR;603979800;168.50000000;800;EXCHANGE_LAST;;1;1;XEUR;11359072;605;
07.02.2025;12:33:50.104;FESB SI 20250321 CS;SIMPLE_INSTRUMENT;VOLA;EUR;603979809;167.70000000;300;EXCHANGE_LAST;;1;1;XEUR;11359072;605;
07.02.2025;14:03:22.635;FESB SI 20250321 CS;SIMPLE_INSTRUMENT;VOLA;EUR;603979819;168.80000000;300;EXCHANGE_LAST;;1;1;XEUR;11359072;605;
07.02.2025;15:45:26.263;FESB SI 20250321 CS;SIMPLE_INSTRUMENT;VOLA;EUR;603979833;170.30000000;60;EXCHANGE_LAST;;1;1;XEUR;11359072;605;
07.02.2025;10:27:01.969;FESX SI 20250321 CS;SIMPLE_INSTRUMENT;BLOCK;EUR;1;5360.00000000;3000;EXCHANGE_LAST;;1;1;XEUR;7793482;675;
07.02.2025;10:52:34.033;FESX SI 20250321 CS;SIMPLE_INSTRUMENT;EFP_IDX;EUR;2;5355.00000000;1000;EXCHANGE_LAST;;1;1;XEUR;7793482;675;
07.02.2025;11:55:57.240;FESX SI 20250321 CS;SIMPLE_INSTRUMENT;EFP_IDX;EUR;3;5360.00000000;1000;EXCHANGE_LAST;;1;1;XEUR;7793482;675;
07.02.2025;11:53:22.856;FESX SI 20250321 CS;SIMPLE_INSTRUMENT;EFP_IDX;EUR;4;5360.00000000;1000;EXCHANGE_LAST;;1;1;XEUR;7793482;675;
07.02.2025;14:14:23.456;FESX SI 20250321 CS;SIMPLE_INSTRUMENT;EFP_IDX;EUR;5;5360.00000000;1000;EXCHANGE_LAST;;1;1;XEUR;7793482;675;
07.02.2025;14:20:39.264;FESX SI 20250321 CS;SIMPLE_INSTRUMENT;EFP_IDX;EUR;6;5360.00000000;1000;EXCHANGE_LAST;;1;1;XEUR;7793482;675;
07.02.2025;14:20:00.835;FESX SI 20250321 CS;SIMPLE_INSTRUMENT;BLOCK;EUR;7;5359.00000000;2500;EXCHANGE_LAST;;1;1;XEUR;7793482;675;
07.02.2025;14:55:25.293;FESX SI 20250321 CS;SIMPLE_INSTRUMENT;BLOCK;EUR;8;5355.00000000;2000;EXCHANGE_LAST;;1;1;XEUR;7793482;675;
07.02.2025;16:05:25.636;FESX SI 20250321 CS;SIMPLE_INSTRUMENT;EFP_IDX;EUR;9;5341.00000000;3000;EXCHANGE_LAST;;1;1;XEUR;7793482;675;
07.02.2025;16:31:56.701;FESX SI 20250321 CS;SIMPLE_INSTRUMENT;EFP_IDX;EUR;10;5340.00000000;1500;EXCHANGE_LAST;;1;1;XEUR;7793482;675;
07.02.2025;16:39:08.836;FESX SI 20250321 CS;SIMPLE_INSTRUMENT;EFP_IDX;EUR;11;5334.00000000;95;EXCHANGE_LAST;;1;1;XEUR;7793482;675;
07.02.2025;16:39:14.876;FESX SI 20250321 CS;SIMPLE_INSTRUMENT;EFP_IDX;EUR;12;5335.00000000;105;EXCHANGE_LAST;;1;1;XEUR;7793482;675;
07.02.2025;16:42:34.675;FESX SI 20250321 CS;SIMPLE_INSTRUMENT;EFP_IDX;EUR;13;5334.00000000;700;EXCHANGE_LAST;;1;1;XEUR;7793482;675;
07.02.2025;16:49:50.695;FESX SI 20250321 CS;SIMPLE_INSTRUMENT;EFP_IDX;EUR;14;5334.00000000;30;EXCHANGE_LAST;;1;1;XEUR;7793482;675;
07.02.2025;16:50:07.733;FESX SI 20250321 CS;SIMPLE_INSTRUMENT;EFP_IDX;EUR;15;5335.00000000;270;EXCHANGE_LAST;;1;1;XEUR;7793482;675;
07.02.2025;16:46:23.299;FESX SI 20250321 CS;SIMPLE_INSTRUMENT;EFP_IDX;EUR;16;5335.00000000;88;EXCHANGE_LAST;;1;1;XEUR;7793482;675;
07.02.2025;16:46:42.645;FESX SI 20250321 CS;SIMPLE_INSTRUMENT;EFP_IDX;EUR;17;5334.00000000;22;EXCHANGE_LAST;;1;1;XEUR;7793482;675;
07.02.2025;16:48:27.008;FESX SI 20250321 CS;SIMPLE_INSTRUMENT;EFP_IDX;EUR;18;5334.00000000;69;EXCHANGE_LAST;;1;1;XEUR;7793482;675;
07.02.2025;16:48:33.892;FESX SI 20250321 CS;SIMPLE_INSTRUMENT;EFP_IDX;EUR;19;5335.00000000;616;EXCHANGE_LAST;;1;1;XEUR;7793482;675;
07.02.2025;16:50:52.871;FESX SI 20250321 CS;SIMPLE_INSTRUMENT;EFP_IDX;EUR;20;5335.00000000;558;EXCHANGE_LAST;;1;1;XEUR;7793482;675;
07.02.2025;16:51:04.429;FESX SI 20250321 CS;SIMPLE_INSTRUMENT;EFP_IDX;EUR;21;5334.00000000;62;EXCHANGE_LAST;;1;1;XEUR;7793482;675;
07.02.2025;16:58:17.826;FESX SI 20250321 CS;SIMPLE_INSTRUMENT;EFP_IDX;EUR;22;5336.00000000;27;EXCHANGE_LAST;;1;1;XEUR;7793482;675;
07.02.2025;17:00:05.862;FESX SI 20250321 CS;SIMPLE_INSTRUMENT;EFP_IDX;EUR;23;5335.00000000;1073;EXCHANGE_LAST;;1;1;XEUR;7793482;675;
07.02.2025;17:00:21.885;FESX SI 20250321 CS;SIMPLE_INSTRUMENT;EFP_IDX;EUR;24;5335.00000000;250;EXCHANGE_LAST;;1;1;XEUR;7793482;675;
07.02.2025;08:26:54.330;FESX SI 20250321 CS;SIMPLE_INSTRUMENT;VOLA;EUR;637534210;5364.00000000;1890;EXCHANGE_LAST;;1;1;XEUR;7793482;675;
07.02.2025;09:07:11.006;FESX SI 20250321 CS;SIMPLE_INSTRUMENT;VOLA;EUR;637534224;5360.00000000;180;EXCHANGE_LAST;;1;1;XEUR;7793482;675;
07.02.2025;09:40:05.089;FESX SI 20250321 CS;SIMPLE_INSTRUMENT;VOLA;EUR;637534238;5358.00000000;450;EXCHANGE_LAST;;1;1;XEUR;7793482;675;
07.02.2025;09:39:58.670;FESX SI 20250321 CS;SIMPLE_INSTRUMENT;VOLA;EUR;637534239;5358.00000000;480;EXCHANGE_LAST;;1;1;XEUR;7793482;675;
07.02.2025;09:39:50.806;FESX SI 20250321 CS;SIMPLE_INSTRUMENT;VOLA;EUR;637534241;5358.00000000;149;EXCHANGE_LAST;;1;1;XEUR;7793482;675;
07.02.2025;09:38:14.660;FESX SI 20250321 CS;SIMPLE_INSTRUMENT;VOLA;EUR;637534242;5365.00000000;1481;EXCHANGE_LAST;;1;1;XEUR;7793482;675;
07.02.2025;09:55:41.010;FESX SI 20250321 CS;SIMPLE_INSTRUMENT;VOLA;EUR;637534255;5359.00000000;915;EXCHANGE_LAST;;1;1;XEUR;7793482;675;
07.02.2025;12:30:44.081;FESX SI 20250321 CS;SIMPLE_INSTRUMENT;VOLA;EUR;637534295;5361.00000000;29;EXCHANGE_LAST;;1;1;XEUR;7793482;675;
07.02.2025;14:32:18.892;FESX SI 20250321 CS;SIMPLE_INSTRUMENT;VOLA;EUR;637534322;5360.00000000;510;EXCHANGE_LAST;;1;1;XEUR;7793482;675;
07.02.2025;16:28:55.565;FESX SI 20250321 CS;SIMPLE_INSTRUMENT;VOLA;EUR;637534354;5335.00000000;101;EXCHANGE_LAST;;1;1;XEUR;7793482;675;
07.02.2025;09:29:55.305;FEXD SI 20271217 CS;SIMPLE_INSTRUMENT;BLOCK;EUR;3;153.00000000;500;EXCHANGE_LAST;;1;1;XEUR;2848338;693;
07.02.2025;09:51:42.456;FEXD SI 20261218 CS;SIMPLE_INSTRUMENT;BLOCK;EUR;6;158.70000000;500;EXCHANGE_LAST;;1;1;XEUR;2163053;693;
07.02.2025;10:08:23.651;FEXD SI 20251219 CS;SIMPLE_INSTRUMENT;BLOCK;EUR;8;163.90000000;200;EXCHANGE_LAST;;1;1;XEUR;1548120;693;
07.02.2025;10:09:04.127;FEXD SI 20261218 CS;SIMPLE_INSTRUMENT;BLOCK;EUR;10;158.70000000;200;EXCHANGE_LAST;;1;1;XEUR;2163053;693;
07.02.2025;10:09:24.608;FEXD SI 20271217 CS;SIMPLE_INSTRUMENT;BLOCK;EUR;11;153.00000000;200;EXCHANGE_LAST;;1;1;XEUR;2848338;693;
07.02.2025;10:09:57.167;FEXD SI 20281215 CS;SIMPLE_INSTRUMENT;BLOCK;EUR;12;148.40000000;200;EXCHANGE_LAST;;1;1;XEUR;3680985;693;
07.02.2025;10:10:14.684;FEXD SI 20291221 CS;SIMPLE_INSTRUMENT;BLOCK;EUR;13;144.80000000;200;EXCHANGE_LAST;;1;1;XEUR;4631968;693;
07.02.2025;11:30:41.544;FEXD SI 20251219 CS;SIMPLE_INSTRUMENT;BLOCK;EUR;19;164.30000000;500;EXCHANGE_LAST;;2;1;XEUR;1548120;693;
07.02.2025;12:43:01.663;FEXD SI 20261218 CS;SIMPLE_INSTRUMENT;BLOCK;EUR;37;158.50000000;250;EXCHANGE_LAST;;1;1;XEUR;2163053;693;
07.02.2025;12:42:53.135;FEXD SI 20261218 CS;SIMPLE_INSTRUMENT;BLOCK;EUR;38;158.60000000;250;EXCHANGE_LAST;;1;1;XEUR;2163053;693;
07.02.2025;14:48:27.903;FEXD SI 20261218 CS;SIMPLE_INSTRUMENT;BLOCK;EUR;54;158.60000000;1250;EXCHANGE_LAST;;1;1;XEUR;2163053;693;
07.02.2025;14:48:38.981;FEXD SI 20271217 CS;SIMPLE_INSTRUMENT;BLOCK;EUR;55;152.90000000;1250;EXCHANGE_LAST;;1;1;XEUR;2848338;693;
07.02.2025;14:57:55.074;FEXD SI 20261218 CS;SIMPLE_INSTRUMENT;BLOCK;EUR;57;158.60000000;500;EXCHANGE_LAST;;1;1;XEUR;2163053;693;
07.02.2025;15:13:59.411;FEXD SI 20251219 CS;SIMPLE_INSTRUMENT;BLOCK;EUR;58;164.30000000;300;EXCHANGE_LAST;;1;1;XEUR;1548120;693;
07.02.2025;15:14:08.884;FEXD SI 20251219 CS;SIMPLE_INSTRUMENT;BLOCK;EUR;59;164.40000000;300;EXCHANGE_LAST;;1;1;XEUR;1548120;693;
07.02.2025;15:16:09.812;FEXD SI 20261218 CS;SIMPLE_INSTRUMENT;BLOCK;EUR;60;158.60000000;400;EXCHANGE_LAST;;1;1;XEUR;2163053;693;
07.02.2025;16:00:27.150;FEXD SI 20271217 CS;SIMPLE_INSTRUMENT;BLOCK;EUR;62;152.90000000;400;EXCHANGE_LAST;;1;1;XEUR;2848338;693;
07.02.2025;16:40:14.310;FEXD SI 20250620 CS;SIMPLE_INSTRUMENT;BLOCK;EUR;66;127.20000000;250;EXCHANGE_LAST;;1;1;XEUR;9548493;693;
07.02.2025;08:07:09.282;FGBL SI 20250306 PS;SIMPLE_INSTRUMENT;EFS;EUR;1;133.34000000;414;EXCHANGE_LAST;;1;1;XEUR;11286679;688;
07.02.2025;08:07:18.288;FGBL SI 20250306 PS;SIMPLE_INSTRUMENT;EFS;EUR;2;133.34000000;414;EXCHANGE_LAST;;1;1;XEUR;11286679;688;
07.02.2025;08:26:05.103;FGBL SI 20250306 PS;SIMPLE_INSTRUMENT;EFS;EUR;3;133.39000000;414;EXCHANGE_LAST;;1;1;XEUR;11286679;688;
07.02.2025;08:51:40.803;FGBL SI 20250306 PS;SIMPLE_INSTRUMENT;EFP_FIN;EUR;4;133.33000000;162;EXCHANGE_LAST;;1;1;XEUR;11286679;688;
07.02.2025;08:40:51.122;FGBL SI 20250306 PS;SIMPLE_INSTRUMENT;EFP_FIN;EUR;5;133.33000000;337;EXCHANGE_LAST;;1;1;XEUR;11286679;688;
07.02.2025;08:54:13.642;FGBL SI 20250306 PS;SIMPLE_INSTRUMENT;EFS;EUR;6;133.42000000;414;EXCHANGE_LAST;;1;1;XEUR;11286679;688;
07.02.2025;09:06:54.901;FGBL SI 20250306 PS;SIMPLE_INSTRUMENT;EFS;EUR;7;133.42000000;414;EXCHANGE_LAST;;1;1;XEUR;11286679;688;
07.02.2025;09:10:42.972;FGBL SI 20250306 PS;SIMPLE_INSTRUMENT;EFS;EUR;8;133.43000000;414;EXCHANGE_LAST;;1;1;XEUR;11286679;688;
07.02.2025;09:10:57.176;FGBL SI 20250306 PS;SIMPLE_INSTRUMENT;EFS;EUR;9;133.43000000;414;EXCHANGE_LAST;;1;1;XEUR;11286679;688;
07.02.2025;09:21:26.695;FGBL SI 20250306 PS;SIMPLE_INSTRUMENT;EFS;EUR;10;133.39000000;944;EXCHANGE_LAST;;1;1;XEUR;11286679;688;
07.02.2025;09:24:53.091;FGBL SI 20250306 PS;SIMPLE_INSTRUMENT;EFS;EUR;11;133.49000000;674;EXCHANGE_LAST;;1;1;XEUR;11286679;688;
07.02.2025;09:27:00.980;FGBL SI 20250306 PS;SIMPLE_INSTRUMENT;EFS;EUR;12;133.49000000;414;EXCHANGE_LAST;;1;1;XEUR;11286679;688;
07.02.2025;09:28:52.769;FGBL SI 20250306 PS;SIMPLE_INSTRUMENT;EFS;EUR;13;133.49000000;207;EXCHANGE_LAST;;1;1;XEUR;11286679;688;
07.02.2025;09:31:41.279;FGBL SI 20250306 PS;SIMPLE_INSTRUMENT;EFS;EUR;14;133.46000000;672;EXCHANGE_LAST;;1;1;XEUR;11286679;688;
07.02.2025;09:34:42.348;FGBL SI 20250306 PS;SIMPLE_INSTRUMENT;EFS;EUR;15;133.50000000;414;EXCHANGE_LAST;;1;1;XEUR;11286679;688;
07.02.2025;09:35:17.378;FGBL SI 20250306 PS;SIMPLE_INSTRUMENT;EFS;EUR;16;133.50000000;414;EXCHANGE_LAST;;1;1;XEUR;11286679;688;
07.02.2025;09:37:01.947;FGBL SI 20250306 PS;SIMPLE_INSTRUMENT;EFS;EUR;17;133.40000000;944;EXCHANGE_LAST;;1;1;XEUR;11286679;688;
07.02.2025;09:40:04.780;FGBL SI 20250306 PS;SIMPLE_INSTRUMENT;EFS;EUR;18;133.47000000;207;EXCHANGE_LAST;;1;1;XEUR;11286679;688;
07.02.2025;09:40:40.775;FGBL SI 20250306 PS;SIMPLE_INSTRUMENT;EFS;EUR;19;133.47000000;414;EXCHANGE_LAST;;1;1;XEUR;11286679;688;
07.02.2025;09:42:33.602;FGBL SI 20250306 PS;SIMPLE_INSTRUMENT;EFS;EUR;20;133.47000000;621;EXCHANGE_LAST;;1;1;XEUR;11286679;688;
07.02.2025;09:53:19.277;FGBL SI 20250306 PS;SIMPLE_INSTRUMENT;EFS;EUR;21;133.48000000;414;EXCHANGE_LAST;;1;1;XEUR;11286679;688;
07.02.2025;09:56:03.809;FGBL SI 20250306 PS;SIMPLE_INSTRUMENT;EFS;EUR;22;133.43000000;207;EXCHANGE_LAST;;1;1;XEUR;11286679;688;
07.02.2025;10:02:32.625;FGBL SI 20250306 PS;SIMPLE_INSTRUMENT;EFP_FIN;EUR;23;133.49000000;223;EXCHANGE_LAST;;1;1;XEUR;11286679;688;
07.02.2025;10:22:29.025;FGBL SI 20250306 PS;SIMPLE_INSTRUMENT;EFP_FIN;EUR;24;133.50000000;270;EXCHANGE_LAST;;1;1;XEUR;11286679;688;
07.02.2025;10:25:48.031;FGBL SI 20250306 PS;SIMPLE_INSTRUMENT;EFS;EUR;25;133.45000000;327;EXCHANGE_LAST;;1;1;XEUR;11286679;688;
07.02.2025;10:31:07.045;FGBL SI 20250306 PS;SIMPLE_INSTRUMENT;EFP_FIN;EUR;26;133.44000000;67;EXCHANGE_LAST;;1;1;XEUR;11286679;688;
07.02.2025;10:41:32.384;FGBL SI 20250306 PS;SIMPLE_INSTRUMENT;EFS;EUR;27;133.43000000;430;EXCHANGE_LAST;;1;1;XEUR;11286679;688;
07.02.2025;10:43:16.031;FGBL SI 20250306 PS;SIMPLE_INSTRUMENT;EFS;EUR;28;133.45000000;1470;EXCHANGE_LAST;;1;1;XEUR;11286679;688;
07.02.2025;10:45:40.433;FGBL SI 20250306 PS;SIMPLE_INSTRUMENT;EFP_FIN;EUR;29;133.45000000;314;EXCHANGE_LAST;;1;1;XEUR;11286679;688;
07.02.2025;10:46:56.909;FGBL SI 20250306 PS;SIMPLE_INSTRUMENT;EFP_FIN;EUR;30;133.45000000;174;EXCHANGE_LAST;;1;1;XEUR;11286679;688;
07.02.2025;10:55:50.085;FGBL SI 20250306 PS;SIMPLE_INSTRUMENT;EFP_FIN;EUR;31;133.42000000;1114;EXCHANGE_LAST;;1;1;XEUR;11286679;688;
07.02.2025;10:56:10.428;FGBL SI 20250306 PS;SIMPLE_INSTRUMENT;EFS;EUR;32;133.46000000;701;EXCHANGE_LAST;;1;1;XEUR;11286679;688;
07.02.2025;10:59:37.395;FGBL SI 20250306 PS;SIMPLE_INSTRUMENT;EFS;EUR;33;133.42000000;450;EXCHANGE_LAST;;1;1;XEUR;11286679;688;
07.02.2025;11:00:05.129;FGBL SI 20250306 PS;SIMPLE_INSTRUMENT;EFS;EUR;34;133.42000000;504;EXCHANGE_LAST;;1;1;XEUR;11286679;688;
07.02.2025;11:17:18.916;FGBL SI 20250306 PS;SIMPLE_INSTRUMENT;EFS;EUR;35;133.45000000;414;EXCHANGE_LAST;;1;1;XEUR;11286679;688;
07.02.2025;11:19:25.200;FGBL SI 20250306 PS;SIMPLE_INSTRUMENT;EFS;EUR;36;133.45000000;207;EXCHANGE_LAST;;1;1;XEUR;11286679;688;
07.02.2025;11:22:34.541;FGBL SI 20250306 PS;SIMPLE_INSTRUMENT;EFS;EUR;37;133.50000000;934;EXCHANGE_LAST;;1;1;XEUR;11286679;688;
07.02.2025;11:32:36.224;FGBL SI 20250306 PS;SIMPLE_INSTRUMENT;EFS;EUR;38;133.44000000;207;EXCHANGE_LAST;;1;1;XEUR;11286679;688;
07.02.2025;11:35:17.610;FGBL SI 20250306 PS;SIMPLE_INSTRUMENT;EFS;EUR;39;133.45000000;414;EXCHANGE_LAST;;1;1;XEUR;11286679;688;
07.02.2025;11:38:57.765;FGBL SI 20250306 PS;SIMPLE_INSTRUMENT;EFS;EUR;40;133.43000000;414;EXCHANGE_LAST;;1;1;XEUR;11286679;688;
07.02.2025;11:39:38.503;FGBL SI 20250306 PS;SIMPLE_INSTRUMENT;EFS;EUR;41;133.44000000;794;EXCHANGE_LAST;;1;1;XEUR;11286679;688;
07.02.2025;11:41:23.918;FGBL SI 20250306 PS;SIMPLE_INSTRUMENT;EFS;EUR;42;133.45000000;414;EXCHANGE_LAST;;1;1;XEUR;11286679;688;
07.02.2025;11:41:43.942;FGBL SI 20250306 PS;SIMPLE_INSTRUMENT;EFS;EUR;43;133.45000000;414;EXCHANGE_LAST;;1;1;XEUR;11286679;688;
07.02.2025;11:42:14.318;FGBL SI 20250306 PS;SIMPLE_INSTRUMENT;EFS;EUR;44;133.46000000;467;EXCHANGE_LAST;;1;1;XEUR;11286679;688;
07.02.2025;11:42:13.975;FGBL SI 20250306 PS;SIMPLE_INSTRUMENT;EFS;EUR;45;133.45000000;207;EXCHANGE_LAST;;1;1;XEUR;11286679;688;
07.02.2025;11:47:36.644;FGBL SI 20250306 PS;SIMPLE_INSTRUMENT;EFS;EUR;46;133.45000000;1020;EXCHANGE_LAST;;1;1;XEUR;11286679;688;
07.02.2025;11:48:22.525;FGBL SI 20250306 PS;SIMPLE_INSTRUMENT;EFS;EUR;47;133.46000000;467;EXCHANGE_LAST;;1;1;XEUR;11286679;688;
07.02.2025;12:02:04.805;FGBL SI 20250306 PS;SIMPLE_INSTRUMENT;EFS;EUR;48;133.46000000;467;EXCHANGE_LAST;;1;1;XEUR;11286679;688;
07.02.2025;12:06:51.821;FGBL SI 20250306 PS;SIMPLE_INSTRUMENT;EFS;EUR;49;133.48000000;700;EXCHANGE_LAST;;1;1;XEUR;11286679;688;
07.02.2025;12:11:17.380;FGBL SI 20250306 PS;SIMPLE_INSTRUMENT;EFP_FIN;EUR;50;133.46000000;119;EXCHANGE_LAST;;1;1;XEUR;11286679;688;
07.02.2025;12:13:17.081;FGBL SI 20250306 PS;SIMPLE_INSTRUMENT;EFS;EUR;51;133.47000000;701;EXCHANGE_LAST;;1;1;XEUR;11286679;688;
07.02.2025;12:14:57.406;FGBL SI 20250306 PS;SIMPLE_INSTRUMENT;EFS;EUR;52;133.39000000;587;EXCHANGE_LAST;;1;1;XEUR;11286679;688;
07.02.2025;12:19:52.958;FGBL SI 20250306 PS;SIMPLE_INSTRUMENT;EFP_FIN;EUR;53;133.43000000;130;EXCHANGE_LAST;;1;1;XEUR;11286679;688;
07.02.2025;12:20:20.081;FGBL SI 20250306 PS;SIMPLE_INSTRUMENT;EFP_FIN;EUR;54;133.46000000;138;EXCHANGE_LAST;;1;1;XEUR;11286679;688;
07.02.2025;12:22:17.726;FGBL SI 20250306 PS;SIMPLE_INSTRUMENT;EFS;EUR;55;133.41000000;414;EXCHANGE_LAST;;1;1;XEUR;11286679;688;
07.02.2025;12:22:32.901;FGBL SI 20250306 PS;SIMPLE_INSTRUMENT;EFP_FIN;EUR;56;133.45000000;180;EXCHANGE_LAST;;1;1;XEUR;11286679;688;
07.02.2025;12:26:54.079;FGBL SI 20250306 PS;SIMPLE_INSTRUMENT;EFP_FIN;EUR;57;133.39000000;194;EXCHANGE_LAST;;1;1;XEUR;11286679;688;
07.02.2025;12:27:36.400;FGBL SI 20250306 PS;SIMPLE_INSTRUMENT;EFS;EUR;58;133.37000000;701;EXCHANGE_LAST;;1;1;XEUR;11286679;688;
07.02.2025;12:46:26.163;FGBL SI 20250306 PS;SIMPLE_INSTRUMENT;EFP_FIN;EUR;59;133.41000000;259;EXCHANGE_LAST;;1;1;XEUR;11286679;688;
07.02.2025;13:01:16.522;FGBL SI 20250306 PS;SIMPLE_INSTRUMENT;EFS;EUR;60;133.37000000;414;EXCHANGE_LAST;;1;1;XEUR;11286679;688;
07.02.2025;13:26:46.516;FGBL SI 20250306 PS;SIMPLE_INSTRUMENT;EFS;EUR;61;133.41000000;414;EXCHANGE_LAST;;1;1;XEUR;11286679;688;
07.02.2025;13:28:14.415;FGBL SI 20250306 PS;SIMPLE_INSTRUMENT;BLOCK;EUR;62;133.40000000;10000;EXCHANGE_LAST;;1;1;XEUR;11286679;688;
07.02.2025;13:29:07.011;FGBL SI 20250306 PS;SIMPLE_INSTRUMENT;EFS;EUR;63;133.41000000;901;EXCHANGE_LAST;;1;1;XEUR;11286679;688;
07.02.2025;13:33:52.935;FGBL SI 20250306 PS;SIMPLE_INSTRUMENT;EFS;EUR;64;133.41000000;901;EXCHANGE_LAST;;1;1;XEUR;11286679;688;
07.02.2025;13:34:27.762;FGBL SI 20250306 PS;SIMPLE_INSTRUMENT;EFS;EUR;65;133.39000000;207;EXCHANGE_LAST;;1;1;XEUR;11286679;688;
07.02.2025;13:42:10.271;FGBL SI 20250306 PS;SIMPLE_INSTRUMENT;EFS;EUR;66;133.20000000;415;EXCHANGE_LAST;;1;1;XEUR;11286679;688;
07.02.2025;13:52:20.713;FGBL SI 20250306 PS;SIMPLE_INSTRUMENT;EFS;EUR;67;133.14000000;415;EXCHANGE_LAST;;1;1;XEUR;11286679;688;
07.02.2025;13:52:44.154;FGBL SI 20250306 PS;SIMPLE_INSTRUMENT;BLOCK;EUR;68;133.19000000;10000;EXCHANGE_LAST;;1;1;XEUR;11286679;688;
07.02.2025;13:55:26.099;FGBL SI 20250306 PS;SIMPLE_INSTRUMENT;EFS;EUR;69;133.15000000;468;EXCHANGE_LAST;;1;1;XEUR;11286679;688;
07.02.2025;14:01:03.327;FGBL SI 20250306 PS;SIMPLE_INSTRUMENT;EFS;EUR;70;133.26000000;452;EXCHANGE_LAST;;1;1;XEUR;11286679;688;
07.02.2025;14:01:16.476;FGBL SI 20250306 PS;SIMPLE_INSTRUMENT;EFS;EUR;71;133.11000000;415;EXCHANGE_LAST;;1;1;XEUR;11286679;688;
07.02.2025;14:01:18.009;FGBL SI 20250306 PS;SIMPLE_INSTRUMENT;EFS;EUR;72;133.12000000;468;EXCHANGE_LAST;;1;1;XEUR;11286679;688;
07.02.2025;14:01:45.753;FGBL SI 20250306 PS;SIMPLE_INSTRUMENT;EFS;EUR;73;133.12000000;207;EXCHANGE_LAST;;1;1;XEUR;11286679;688;
07.02.2025;14:02:32.071;FGBL SI 20250306 PS;SIMPLE_INSTRUMENT;EFS;EUR;74;133.15000000;468;EXCHANGE_LAST;;1;1;XEUR;11286679;688;
07.02.2025;14:03:50.832;FGBL SI 20250306 PS;SIMPLE_INSTRUMENT;EFS;EUR;75;133.18000000;414;EXCHANGE_LAST;;1;1;XEUR;11286679;688;
07.02.2025;14:06:24.366;FGBL SI 20250306 PS;SIMPLE_INSTRUMENT;EFS;EUR;76;133.16000000;320;EXCHANGE_LAST;;1;1;XEUR;11286679;688;
07.02.2025;14:06:39.968;FGBL SI 20250306 PS;SIMPLE_INSTRUMENT;EFS;EUR;77;133.14000000;451;EXCHANGE_LAST;;1;1;XEUR;11286679;688;
07.02.2025;14:18:18.215;FGBL SI 20250306 PS;SIMPLE_INSTRUMENT;EFS;EUR;78;133.11000000;187;EXCHANGE_LAST;;1;1;XEUR;11286679;688;
07.02.2025;14:30:45.946;FGBL SI 20250306 PS;SIMPLE_INSTRUMENT;EFS;EUR;79;133.10000000;415;EXCHANGE_LAST;;1;1;XEUR;11286679;688;
07.02.2025;14:32:45.430;FGBL SI 20250306 PS;SIMPLE_INSTRUMENT;EFS;EUR;80;133.15000000;622;EXCHANGE_LAST;;1;1;XEUR;11286679;688;
07.02.2025;14:36:56.779;FGBL SI 20250306 PS;SIMPLE_INSTRUMENT;EFS;EUR;81;133.15000000;415;EXCHANGE_LAST;;1;1;XEUR;11286679;688;
07.02.2025;14:38:33.522;FGBL SI 20250306 PS;SIMPLE_INSTRUMENT;EFP_FIN;EUR;82;133.12000000;130;EXCHANGE_LAST;;1;1;XEUR;11286679;688;
07.02.2025;14:38:20.679;FGBL SI 20250306 PS;SIMPLE_INSTRUMENT;EFS;EUR;83;133.18000000;415;EXCHANGE_LAST;;1;1;XEUR;11286679;688;
07.02.2025;14:43:25.904;FGBL SI 20250306 PS;SIMPLE_INSTRUMENT;EFS;EUR;84;133.16000000;415;EXCHANGE_LAST;;1;1;XEUR;11286679;688;
07.02.2025;14:44:45.968;FGBL SI 20250306 PS;SIMPLE_INSTRUMENT;EFS;EUR;85;133.14000000;291;EXCHANGE_LAST;;1;1;XEUR;11286679;688;
07.02.2025;14:45:03.662;FGBL SI 20250306 PS;SIMPLE_INSTRUMENT;EFS;EUR;86;133.18000000;439;EXCHANGE_LAST;;1;1;XEUR;11286679;688;
07.02.2025;14:48:04.346;FGBL SI 20250306 PS;SIMPLE_INSTRUMENT;EFP_FIN;EUR;87;133.18000000;271;EXCHANGE_LAST;;1;1;XEUR;11286679;688;
07.02.2025;14:57:22.402;FGBL SI 20250306 PS;SIMPLE_INSTRUMENT;EFS;EUR;88;133.14000000;504;EXCHANGE_LAST;;1;1;XEUR;11286679;688;
07.02.2025;14:58:05.583;FGBL SI 20250306 PS;SIMPLE_INSTRUMENT;EFS;EUR;89;133.14000000;201;EXCHANGE_LAST;;1;1;XEUR;11286679;688;
07.02.2025;14:58:27.624;FGBL SI 20250306 PS;SIMPLE_INSTRUMENT;EFS;EUR;90;133.16000000;1000;EXCHANGE_LAST;;1;1;XEUR;11286679;688;
07.02.2025;15:02:54.577;FGBL SI 20250306 PS;SIMPLE_INSTRUMENT;EFS;EUR;91;133.13000000;504;EXCHANGE_LAST;;1;1;XEUR;11286679;688;
07.02.2025;15:08:22.381;FGBL SI 20250306 PS;SIMPLE_INSTRUMENT;EFS;EUR;92;133.16000000;100;EXCHANGE_LAST;;1;1;XEUR;11286679;688;
07.02.2025;15:18:04.595;FGBL SI 20250306 PS;SIMPLE_INSTRUMENT;EFS;EUR;93;133.10000000;903;EXCHANGE_LAST;;1;1;XEUR;11286679;688;
07.02.2025;15:18:12.262;FGBL SI 20250306 PS;SIMPLE_INSTRUMENT;EFP_FIN;EUR;94;133.14000000;2786;EXCHANGE_LAST;;1;1;XEUR;11286679;688;
07.02.2025;15:20:39.534;FGBL SI 20250306 PS;SIMPLE_INSTRUMENT;EFS;EUR;95;133.41000000;1254;EXCHANGE_LAST;;1;1;XEUR;11286679;688;
07.02.2025;15:23:30.368;FGBL SI 20250306 PS;SIMPLE_INSTRUMENT;EFS;EUR;96;133.42000000;414;EXCHANGE_LAST;;1;1;XEUR;11286679;688;
07.02.2025;15:24:23.390;FGBL SI 20250306 PS;SIMPLE_INSTRUMENT;EFP_FIN;EUR;97;133.07000000;588;EXCHANGE_LAST;;1;1;XEUR;11286679;688;
07.02.2025;15:36:20.244;FGBL SI 20250306 PS;SIMPLE_INSTRUMENT;EFS;EUR;98;133.08000000;415;EXCHANGE_LAST;;1;1;XEUR;11286679;688;
07.02.2025;15:36:50.269;FGBL SI 20250306 PS;SIMPLE_INSTRUMENT;EFS;EUR;99;133.08000000;415;EXCHANGE_LAST;;1;1;XEUR;11286679;688;
07.02.2025;15:38:24.445;FGBL SI 20250306 PS;SIMPLE_INSTRUMENT;EFP_FIN;EUR;100;133.04000000;457;EXCHANGE_LAST;;1;1;XEUR;11286679;688;
07.02.2025;15:40:27.311;FGBL SI 20250306 PS;SIMPLE_INSTRUMENT;EFS;EUR;101;133.06000000;937;EXCHANGE_LAST;;1;1;XEUR;11286679;688;
07.02.2025;15:41:59.961;FGBL SI 20250306 PS;SIMPLE_INSTRUMENT;EFS;EUR;102;133.09000000;316;EXCHANGE_LAST;;1;1;XEUR;11286679;688;
07.02.2025;15:55:15.063;FGBL SI 20250306 PS;SIMPLE_INSTRUMENT;EFS;EUR;103;133.23000000;415;EXCHANGE_LAST;;1;1;XEUR;11286679;688;
07.02.2025;15:56:06.022;FGBL SI 20250306 PS;SIMPLE_INSTRUMENT;EFS;EUR;104;132.97000000;452;EXCHANGE_LAST;;1;1;XEUR;11286679;688;
07.02.2025;15:58:43.980;FGBL SI 20250306 PS;SIMPLE_INSTRUMENT;EFS;EUR;105;132.98000000;226;EXCHANGE_LAST;;1;1;XEUR;11286679;688;
07.02.2025;16:02:48.379;FGBL SI 20250306 PS;SIMPLE_INSTRUMENT;EFS;EUR;106;133.19000000;415;EXCHANGE_LAST;;1;1;XEUR;11286679;688;
07.02.2025;16:03:23.407;FGBL SI 20250306 PS;SIMPLE_INSTRUMENT;EFS;EUR;107;133.18000000;415;EXCHANGE_LAST;;1;1;XEUR;11286679;688;
07.02.2025;16:03:35.831;FGBL SI 20250306 PS;SIMPLE_INSTRUMENT;EFP_FIN;EUR;108;133.08000000;587;EXCHANGE_LAST;;1;1;XEUR;11286679;688;
07.02.2025;16:06:32.393;FGBL SI 20250306 PS;SIMPLE_INSTRUMENT;EFS;EUR;109;133.10000000;468;EXCHANGE_LAST;;1;1;XEUR;11286679;688;
07.02.2025;16:06:45.395;FGBL SI 20250306 PS;SIMPLE_INSTRUMENT;EFS;EUR;110;133.05000000;903;EXCHANGE_LAST;;1;1;XEUR;11286679;688;
07.02.2025;16:08:36.404;FGBL SI 20250306 PS;SIMPLE_INSTRUMENT;BLOCK;EUR;112;133.25000000;10000;EXCHANGE_LAST;;1;1;XEUR;11286679;688;
07.02.2025;16:09:32.574;FGBL SI 20250306 PS;SIMPLE_INSTRUMENT;EFS;EUR;113;133.22000000;226;EXCHANGE_LAST;;1;1;XEUR;11286679;688;
07.02.2025;16:11:40.213;FGBL SI 20250306 PS;SIMPLE_INSTRUMENT;EFS;EUR;114;133.19000000;235;EXCHANGE_LAST;;1;1;XEUR;11286679;688;
07.02.2025;16:15:06.239;FGBL SI 20250306 PS;SIMPLE_INSTRUMENT;EFS;EUR;115;133.15000000;468;EXCHANGE_LAST;;1;1;XEUR;11286679;688;
07.02.2025;16:16:47.426;FGBL SI 20250306 PS;SIMPLE_INSTRUMENT;EFP_FIN;EUR;116;133.07000000;130;EXCHANGE_LAST;;1;1;XEUR;11286679;688;
07.02.2025;16:19:05.118;FGBL SI 20250306 PS;SIMPLE_INSTRUMENT;EFS;EUR;117;133.25000000;207;EXCHANGE_LAST;;1;1;XEUR;11286679;688;
07.02.2025;16:19:10.124;FGBL SI 20250306 PS;SIMPLE_INSTRUMENT;EFS;EUR;118;133.25000000;207;EXCHANGE_LAST;;1;1;XEUR;11286679;688;
07.02.2025;16:19:15.130;FGBL SI 20250306 PS;SIMPLE_INSTRUMENT;EFS;EUR;119;133.25000000;207;EXCHANGE_LAST;;1;1;XEUR;11286679;688;
07.02.2025;16:19:25.140;FGBL SI 20250306 PS;SIMPLE_INSTRUMENT;EFS;EUR;120;133.28000000;415;EXCHANGE_LAST;;1;1;XEUR;11286679;688;
07.02.2025;16:20:04.762;FGBL SI 20250306 PS;SIMPLE_INSTRUMENT;EFS;EUR;121;133.19000000;468;EXCHANGE_LAST;;1;1;XEUR;11286679;688;
07.02.2025;16:20:44.444;FGBL SI 20250306 PS;SIMPLE_INSTRUMENT;EFS;EUR;122;133.31000000;300;EXCHANGE_LAST;;1;1;XEUR;11286679;688;
07.02.2025;16:24:35.430;FGBL SI 20250306 PS;SIMPLE_INSTRUMENT;EFP_FIN;EUR;123;133.17000000;225;EXCHANGE_LAST;;1;1;XEUR;11286679;688;
07.02.2025;16:32:18.891;FGBL SI 20250306 PS;SIMPLE_INSTRUMENT;EFS;EUR;124;133.26000000;1200;EXCHANGE_LAST;;1;1;XEUR;11286679;688;
07.02.2025;17:35:52.469;FGBL SI 20250306 PS;SIMPLE_INSTRUMENT;EFS;EUR;125;133.48000000;207;EXCHANGE_LAST;;1;1;XEUR;11286679;688;
07.02.2025;17:38:17.568;FGBL SI 20250306 PS;SIMPLE_INSTRUMENT;EFS;EUR;126;133.46000000;414;EXCHANGE_LAST;;1;1;XEUR;11286679;688;
07.02.2025;17:47:02.979;FGBL SI 20250306 PS;SIMPLE_INSTRUMENT;EFS;EUR;127;133.44000000;207;EXCHANGE_LAST;;1;1;XEUR;11286679;688;
07.02.2025;07:35:05.282;FGBL SI 20250306 PS;SIMPLE_INSTRUMENT;VOLA;EUR;268435459;133.36000000;56;EXCHANGE_LAST;;1;1;XEUR;11286679;688;
07.02.2025;07:35:18.283;FGBL SI 20250306 PS;SIMPLE_INSTRUMENT;VOLA;EUR;268435460;133.36000000;56;EXCHANGE_LAST;;1;1;XEUR;11286679;688;
07.02.2025;08:08:31.750;FGBL SI 20250606 PS;SIMPLE_INSTRUMENT;VOLA;EUR;268435465;132.44000000;38;EXCHANGE_LAST;;1;1;XEUR;11820389;688;
07.02.2025;08:24:11.204;FGBL SI 20250306 PS;SIMPLE_INSTRUMENT;VOLA;EUR;268435472;133.32000000;57;EXCHANGE_LAST;;1;1;XEUR;11286679;688;
07.02.2025;08:25:02.859;FGBL SI 20250306 PS;SIMPLE_INSTRUMENT;VOLA;EUR;268435473;133.32000000;58;EXCHANGE_LAST;;1;1;XEUR;11286679;688;
07.02.2025;11:17:57.411;FGBL SI 20250306 PS;SIMPLE_INSTRUMENT;VOLA;EUR;268435506;133.42000000;25;EXCHANGE_LAST;;1;1;XEUR;11286679;688;
07.02.2025;11:18:50.222;FGBL SI 20250306 PS;SIMPLE_INSTRUMENT;VOLA;EUR;268435507;133.42000000;25;EXCHANGE_LAST;;1;1;XEUR;11286679;688;
07.02.2025;13:52:42.828;FGBL SI 20250306 PS;SIMPLE_INSTRUMENT;VOLA;EUR;268435540;133.20000000;62;EXCHANGE_LAST;;1;1;XEUR;11286679;688;
07.02.2025;13:53:26.799;FGBL SI 20250306 PS;SIMPLE_INSTRUMENT;VOLA;EUR;268435541;133.20000000;63;EXCHANGE_LAST;;1;1;XEUR;11286679;688;
07.02.2025;15:28:02.598;FGBL SI 20250306 PS;SIMPLE_INSTRUMENT;VOLA;EUR;268435567;133.20000000;10;EXCHANGE_LAST;;1;1;XEUR;11286679;688;
07.02.2025;15:40:59.803;FGBL SI 20250306 PS;SIMPLE_INSTRUMENT;VOLA;EUR;268435577;133.02000000;120;EXCHANGE_LAST;;1;1;XEUR;11286679;688;
07.02.2025;16:10:19.082;FGBL SI 20250306 PS;SIMPLE_INSTRUMENT;VOLA;EUR;268435588;133.22000000;100;EXCHANGE_LAST;;1;1;XEUR;11286679;688;
07.02.2025;16:14:26.511;FGBL SI 20250606 PS;SIMPLE_INSTRUMENT;VOLA;EUR;268435594;132.16000000;200;EXCHANGE_LAST;;1;1;XEUR;11820389;688;
07.02.2025;16:23:09.154;FGBL SI 20250306 PS;SIMPLE_INSTRUMENT;VOLA;EUR;268435597;133.03000000;35;EXCHANGE_LAST;;1;1;XEUR;11286679;688;
07.02.2025;16:24:37.201;FGBL SI 20250306 PS;SIMPLE_INSTRUMENT;VOLA;EUR;268435598;133.03000000;20;EXCHANGE_LAST;;1;1;XEUR;11286679;688;
07.02.2025;16:26:39.240;FGBL SI 20250306 PS;SIMPLE_INSTRUMENT;VOLA;EUR;268435601;133.02000000;45;EXCHANGE_LAST;;1;1;XEUR;11286679;688;
07.02.2025;16:28:18.256;FGBL SI 20250306 PS;SIMPLE_INSTRUMENT;VOLA;EUR;268435604;133.02000000;65;EXCHANGE_LAST;;1;1;XEUR;11286679;688;
07.02.2025;16:30:52.795;FGBL SI 20250606 PS;SIMPLE_INSTRUMENT;VOLA;EUR;268435610;132.34000000;32;EXCHANGE_LAST;;1;1;XEUR;11820389;688;
07.02.2025;08:39:57.682;FGBM SI 20250306 PS;SIMPLE_INSTRUMENT;EFS;EUR;2;117.77000000;457;EXCHANGE_LAST;;1;1;XEUR;11286680;689;
07.02.2025;08:40:27.706;FGBM SI 20250306 PS;SIMPLE_INSTRUMENT;EFS;EUR;3;117.77000000;457;EXCHANGE_LAST;;1;1;XEUR;11286680;689;
07.02.2025;08:44:02.863;FGBM SI 20250306 PS;SIMPLE_INSTRUMENT;EFS;EUR;4;117.80000000;686;EXCHANGE_LAST;;1;1;XEUR;11286680;689;
07.02.2025;08:44:22.880;FGBM SI 20250306 PS;SIMPLE_INSTRUMENT;EFS;EUR;5;117.80000000;457;EXCHANGE_LAST;;1;1;XEUR;11286680;689;
07.02.2025;08:45:22.928;FGBM SI 20250306 PS;SIMPLE_INSTRUMENT;EFS;EUR;6;117.80000000;457;EXCHANGE_LAST;;1;1;XEUR;11286680;689;
07.02.2025;08:49:18.553;FGBM SI 20250306 PS;SIMPLE_INSTRUMENT;EFP_FIN;EUR;7;117.76000000;227;EXCHANGE_LAST;;1;1;XEUR;11286680;689;
07.02.2025;09:09:16.857;FGBM SI 20250306 PS;SIMPLE_INSTRUMENT;EFS;EUR;8;117.80000000;1766;EXCHANGE_LAST;;1;1;XEUR;11286680;689;
07.02.2025;09:23:12.374;FGBM SI 20250306 PS;SIMPLE_INSTRUMENT;EFS;EUR;9;117.84000000;865;EXCHANGE_LAST;;1;1;XEUR;11286680;689;
07.02.2025;09:24:51.090;FGBM SI 20250306 PS;SIMPLE_INSTRUMENT;EFS;EUR;10;117.83000000;1422;EXCHANGE_LAST;;1;1;XEUR;11286680;689;
07.02.2025;09:28:07.071;FGBM SI 20250306 PS;SIMPLE_INSTRUMENT;EFS;EUR;11;117.84000000;433;EXCHANGE_LAST;;1;1;XEUR;11286680;689;
07.02.2025;09:29:36.329;FGBM SI 20250306 PS;SIMPLE_INSTRUMENT;EFS;EUR;12;117.83000000;866;EXCHANGE_LAST;;1;1;XEUR;11286680;689;
07.02.2025;09:30:38.192;FGBM SI 20250306 PS;SIMPLE_INSTRUMENT;EFS;EUR;13;117.84000000;1417;EXCHANGE_LAST;;1;1;XEUR;11286680;689;
07.02.2025;09:32:51.347;FGBM SI 20250306 PS;SIMPLE_INSTRUMENT;EFS;EUR;14;117.84000000;433;EXCHANGE_LAST;;1;1;XEUR;11286680;689;
07.02.2025;09:34:57.787;FGBM SI 20250306 PS;SIMPLE_INSTRUMENT;EFS;EUR;15;117.84000000;1298;EXCHANGE_LAST;;1;1;XEUR;11286680;689;
07.02.2025;09:35:47.411;FGBM SI 20250306 PS;SIMPLE_INSTRUMENT;EFS;EUR;16;117.84000000;1828;EXCHANGE_LAST;;1;1;XEUR;11286680;689;
07.02.2025;09:38:28.128;FGBM SI 20250306 PS;SIMPLE_INSTRUMENT;EFP_FIN;EUR;17;117.83000000;192;EXCHANGE_LAST;;1;1;XEUR;11286680;689;
07.02.2025;09:53:59.241;FGBM SI 20250306 PS;SIMPLE_INSTRUMENT;EFP_FIN;EUR;18;117.85000000;236;EXCHANGE_LAST;;1;1;XEUR;11286680;689;
07.02.2025;09:49:54.341;FGBM SI 20250306 PS;SIMPLE_INSTRUMENT;EFP_FIN;EUR;19;117.85000000;236;EXCHANGE_LAST;;1;1;XEUR;11286680;689;
07.02.2025;09:49:57.513;FGBM SI 20250306 PS;SIMPLE_INSTRUMENT;EFS;EUR;20;117.82000000;478;EXCHANGE_LAST;;1;1;XEUR;11286680;689;
07.02.2025;09:51:42.622;FGBM SI 20250306 PS;SIMPLE_INSTRUMENT;EFS;EUR;21;117.82000000;2000;EXCHANGE_LAST;;1;1;XEUR;11286680;689;
07.02.2025;09:53:44.298;FGBM SI 20250306 PS;SIMPLE_INSTRUMENT;EFS;EUR;22;117.82000000;914;EXCHANGE_LAST;;1;1;XEUR;11286680;689;
07.02.2025;10:16:44.859;FGBM SI 20250306 PS;SIMPLE_INSTRUMENT;EFP_FIN;EUR;23;117.82000000;216;EXCHANGE_LAST;;1;1;XEUR;11286680;689;
07.02.2025;10:13:11.119;FGBM SI 20250306 PS;SIMPLE_INSTRUMENT;EFS;EUR;24;117.83000000;914;EXCHANGE_LAST;;1;1;XEUR;11286680;689;
07.02.2025;10:33:34.054;FGBM SI 20250306 PS;SIMPLE_INSTRUMENT;EFP_FIN;EUR;25;117.82000000;610;EXCHANGE_LAST;;1;1;XEUR;11286680;689;
07.02.2025;10:41:21.077;FGBM SI 20250306 PS;SIMPLE_INSTRUMENT;EFS;EUR;26;117.81000000;758;EXCHANGE_LAST;;1;1;XEUR;11286680;689;
07.02.2025;10:42:48.187;FGBM SI 20250306 PS;SIMPLE_INSTRUMENT;EFP_FIN;EUR;27;117.81000000;295;EXCHANGE_LAST;;1;1;XEUR;11286680;689;
07.02.2025;10:56:36.429;FGBM SI 20250306 PS;SIMPLE_INSTRUMENT;EFP_FIN;EUR;28;117.82000000;900;EXCHANGE_LAST;;1;1;XEUR;11286680;689;
07.02.2025;10:58:53.700;FGBM SI 20250306 PS;SIMPLE_INSTRUMENT;EFP_FIN;EUR;29;117.82000000;243;EXCHANGE_LAST;;1;1;XEUR;11286680;689;
07.02.2025;11:12:37.166;FGBM SI 20250306 PS;SIMPLE_INSTRUMENT;EFS;EUR;30;117.81000000;2225;EXCHANGE_LAST;;1;1;XEUR;11286680;689;
07.02.2025;11:15:38.460;FGBM SI 20250306 PS;SIMPLE_INSTRUMENT;EFS;EUR;31;117.82000000;866;EXCHANGE_LAST;;1;1;XEUR;11286680;689;
07.02.2025;11:18:14.237;FGBM SI 20250306 PS;SIMPLE_INSTRUMENT;EFS;EUR;32;117.82000000;433;EXCHANGE_LAST;;1;1;XEUR;11286680;689;
07.02.2025;11:19:53.242;FGBM SI 20250306 PS;SIMPLE_INSTRUMENT;EFS;EUR;33;117.82000000;433;EXCHANGE_LAST;;1;1;XEUR;11286680;689;
07.02.2025;11:30:38.536;FGBM SI 20250306 PS;SIMPLE_INSTRUMENT;EFS;EUR;34;117.80000000;487;EXCHANGE_LAST;;1;1;XEUR;11286680;689;
07.02.2025;11:34:23.467;FGBM SI 20250306 PS;SIMPLE_INSTRUMENT;EFS;EUR;35;117.83000000;393;EXCHANGE_LAST;;1;1;XEUR;11286680;689;
07.02.2025;11:36:14.224;FGBM SI 20250306 PS;SIMPLE_INSTRUMENT;EFS;EUR;36;117.80000000;866;EXCHANGE_LAST;;1;1;XEUR;11286680;689;
07.02.2025;11:39:14.741;FGBM SI 20250306 PS;SIMPLE_INSTRUMENT;EFS;EUR;37;117.82000000;250;EXCHANGE_LAST;;1;1;XEUR;11286680;689;
07.02.2025;11:51:19.088;FGBM SI 20250306 PS;SIMPLE_INSTRUMENT;EFS;EUR;38;117.82000000;985;EXCHANGE_LAST;;1;1;XEUR;11286680;689;
07.02.2025;11:57:11.791;FGBM SI 20250306 PS;SIMPLE_INSTRUMENT;EFS;EUR;39;117.81000000;985;EXCHANGE_LAST;;1;1;XEUR;11286680;689;
07.02.2025;12:09:05.087;FGBM SI 20250306 PS;SIMPLE_INSTRUMENT;EFP_FIN;EUR;40;117.80000000;237;EXCHANGE_LAST;;1;1;XEUR;11286680;689;
07.02.2025;12:15:52.449;FGBM SI 20250306 PS;SIMPLE_INSTRUMENT;EFS;EUR;41;117.77000000;914;EXCHANGE_LAST;;1;1;XEUR;11286680;689;
07.02.2025;12:25:23.999;FGBM SI 20250306 PS;SIMPLE_INSTRUMENT;EFP_FIN;EUR;42;117.81000000;630;EXCHANGE_LAST;;1;1;XEUR;11286680;689;
07.02.2025;12:30:18.072;FGBM SI 20250306 PS;SIMPLE_INSTRUMENT;EFS;EUR;43;117.78000000;457;EXCHANGE_LAST;;1;1;XEUR;11286680;689;
07.02.2025;12:39:59.620;FGBM SI 20250306 PS;SIMPLE_INSTRUMENT;EFS;EUR;44;117.76000000;594;EXCHANGE_LAST;;1;1;XEUR;11286680;689;
07.02.2025;12:40:45.633;FGBM SI 20250306 PS;SIMPLE_INSTRUMENT;EFP_FIN;EUR;45;117.78000000;863;EXCHANGE_LAST;;1;1;XEUR;11286680;689;
07.02.2025;12:40:56.971;FGBM SI 20250306 PS;SIMPLE_INSTRUMENT;EFS;EUR;46;117.76000000;457;EXCHANGE_LAST;;1;1;XEUR;11286680;689;
07.02.2025;12:45:26.099;FGBM SI 20250306 PS;SIMPLE_INSTRUMENT;EFP_FIN;EUR;47;117.75000000;252;EXCHANGE_LAST;;1;1;XEUR;11286680;689;
07.02.2025;12:48:24.148;FGBM SI 20250306 PS;SIMPLE_INSTRUMENT;EFS;EUR;48;117.76000000;522;EXCHANGE_LAST;;1;1;XEUR;11286680;689;
07.02.2025;13:01:28.395;FGBM SI 20250306 PS;SIMPLE_INSTRUMENT;EFP_FIN;EUR;49;117.78000000;595;EXCHANGE_LAST;;1;1;XEUR;11286680;689;
07.02.2025;13:59:46.026;FGBM SI 20250306 PS;SIMPLE_INSTRUMENT;EFS;EUR;50;117.68000000;457;EXCHANGE_LAST;;1;1;XEUR;11286680;689;
07.02.2025;14:29:52.098;FGBM SI 20250306 PS;SIMPLE_INSTRUMENT;EFS;EUR;51;117.75000000;985;EXCHANGE_LAST;;1;1;XEUR;11286680;689;
07.02.2025;14:35:06.457;FGBM SI 20250306 PS;SIMPLE_INSTRUMENT;EFS;EUR;52;117.64000000;935;EXCHANGE_LAST;;1;1;XEUR;11286680;689;
07.02.2025;14:43:49.213;FGBM SI 20250306 PS;SIMPLE_INSTRUMENT;EFS;EUR;54;117.69000000;913;EXCHANGE_LAST;;1;1;XEUR;11286680;689;
07.02.2025;15:31:12.729;FGBM SI 20250306 PS;SIMPLE_INSTRUMENT;EFS;EUR;55;117.63000000;986;EXCHANGE_LAST;;1;1;XEUR;11286680;689;
07.02.2025;15:56:02.335;FGBM SI 20250306 PS;SIMPLE_INSTRUMENT;EFS;EUR;56;117.59000000;476;EXCHANGE_LAST;;1;1;XEUR;11286680;689;
07.02.2025;15:59:42.282;FGBM SI 20250306 PS;SIMPLE_INSTRUMENT;EFP_FIN;EUR;57;117.62000000;171;EXCHANGE_LAST;;1;1;XEUR;11286680;689;
07.02.2025;16:34:22.820;FGBM SI 20250306 PS;SIMPLE_INSTRUMENT;EFP_FIN;EUR;58;117.75000000;983;EXCHANGE_LAST;;1;1;XEUR;11286680;689;
07.02.2025;16:42:47.094;FGBM SI 20250306 PS;SIMPLE_INSTRUMENT;EFS;EUR;59;117.78000000;2384;EXCHANGE_LAST;;1;1;XEUR;11286680;689;
07.02.2025;16:48:00.023;FGBM SI 20250306 PS;SIMPLE_INSTRUMENT;EFS;EUR;60;117.83000000;985;EXCHANGE_LAST;;1;1;XEUR;11286680;689;
07.02.2025;16:53:30.558;FGBM SI 20250306 PS;SIMPLE_INSTRUMENT;EFS;EUR;61;117.81000000;953;EXCHANGE_LAST;;1;1;XEUR;11286680;689;
07.02.2025;08:55:37.612;FGBS SI 20250306 PS;SIMPLE_INSTRUMENT;EFS;EUR;1;106.90000000;4103;EXCHANGE_LAST;;1;1;XEUR;11286681;690;
07.02.2025;09:18:17.969;FGBS SI 20250306 PS;SIMPLE_INSTRUMENT;EFS;EUR;2;106.90000000;1065;EXCHANGE_LAST;;1;1;XEUR;11286681;690;
07.02.2025;09:19:06.355;FGBS SI 20250306 PS;SIMPLE_INSTRUMENT;EFP_FIN;EUR;3;106.91000000;625;EXCHANGE_LAST;;1;1;XEUR;11286681;690;
07.02.2025;09:22:54.523;FGBS SI 20250306 PS;SIMPLE_INSTRUMENT;EFP_FIN;EUR;4;106.91000000;625;EXCHANGE_LAST;;1;1;XEUR;11286681;690;
07.02.2025;09:26:43.380;FGBS SI 20250306 PS;SIMPLE_INSTRUMENT;EFP_FIN;EUR;5;106.91000000;464;EXCHANGE_LAST;;1;1;XEUR;11286681;690;
07.02.2025;09:26:43.359;FGBS SI 20250306 PS;SIMPLE_INSTRUMENT;EFP_FIN;EUR;6;106.91000000;332;EXCHANGE_LAST;;1;1;XEUR;11286681;690;
07.02.2025;09:51:38.614;FGBS SI 20250306 PS;SIMPLE_INSTRUMENT;EFP_FIN;EUR;7;106.91000000;663;EXCHANGE_LAST;;1;1;XEUR;11286681;690;
07.02.2025;10:27:24.036;FGBS SI 20250306 PS;SIMPLE_INSTRUMENT;EFS;EUR;8;106.90000000;1915;EXCHANGE_LAST;;1;1;XEUR;11286681;690;
07.02.2025;10:28:13.127;FGBS SI 20250306 PS;SIMPLE_INSTRUMENT;EFP_FIN;EUR;9;106.91500000;2338;EXCHANGE_LAST;;1;1;XEUR;11286681;690;
07.02.2025;10:48:29.995;FGBS SI 20250306 PS;SIMPLE_INSTRUMENT;EFS;EUR;10;106.90000000;2735;EXCHANGE_LAST;;1;1;XEUR;11286681;690;
07.02.2025;10:54:08.270;FGBS SI 20250306 PS;SIMPLE_INSTRUMENT;EFS;EUR;11;106.89500000;2736;EXCHANGE_LAST;;1;1;XEUR;11286681;690;
07.02.2025;10:56:39.477;FGBS SI 20250306 PS;SIMPLE_INSTRUMENT;EFS;EUR;12;106.89500000;2736;EXCHANGE_LAST;;1;1;XEUR;11286681;690;
07.02.2025;10:57:46.737;FGBS SI 20250306 PS;SIMPLE_INSTRUMENT;EFS;EUR;13;106.89500000;2636;EXCHANGE_LAST;;1;1;XEUR;11286681;690;
07.02.2025;10:57:56.580;FGBS SI 20250306 PS;SIMPLE_INSTRUMENT;EFP_FIN;EUR;14;106.90000000;2001;EXCHANGE_LAST;;1;1;XEUR;11286681;690;
07.02.2025;11:06:40.495;FGBS SI 20250306 PS;SIMPLE_INSTRUMENT;EFS;EUR;15;106.90000000;2736;EXCHANGE_LAST;;1;1;XEUR;11286681;690;
07.02.2025;11:08:20.500;FGBS SI 20250306 PS;SIMPLE_INSTRUMENT;EFS;EUR;16;106.89000000;2736;EXCHANGE_LAST;;1;1;XEUR;11286681;690;
07.02.2025;11:08:29.179;FGBS SI 20250306 PS;SIMPLE_INSTRUMENT;EFS;EUR;17;106.89000000;416;EXCHANGE_LAST;;1;1;XEUR;11286681;690;
07.02.2025;11:13:03.701;FGBS SI 20250306 PS;SIMPLE_INSTRUMENT;EFS;EUR;18;106.89500000;1587;EXCHANGE_LAST;;1;1;XEUR;11286681;690;
07.02.2025;11:14:23.684;FGBS SI 20250306 PS;SIMPLE_INSTRUMENT;EFS;EUR;19;106.89500000;2736;EXCHANGE_LAST;;1;1;XEUR;11286681;690;
07.02.2025;11:19:15.531;FGBS SI 20250306 PS;SIMPLE_INSTRUMENT;EFS;EUR;20;106.91000000;5470;EXCHANGE_LAST;;1;1;XEUR;11286681;690;
07.02.2025;11:39:42.437;FGBS SI 20250306 PS;SIMPLE_INSTRUMENT;EFP_FIN;EUR;21;106.89000000;935;EXCHANGE_LAST;;1;1;XEUR;11286681;690;
07.02.2025;12:04:42.814;FGBS SI 20250306 PS;SIMPLE_INSTRUMENT;EFS;EUR;22;106.90000000;4103;EXCHANGE_LAST;;1;1;XEUR;11286681;690;
07.02.2025;12:11:57.031;FGBS SI 20250306 PS;SIMPLE_INSTRUMENT;EFS;EUR;23;106.90000000;4103;EXCHANGE_LAST;;1;1;XEUR;11286681;690;
07.02.2025;12:21:08.362;FGBS SI 20250306 PS;SIMPLE_INSTRUMENT;EFP_FIN;EUR;24;106.89000000;416;EXCHANGE_LAST;;1;1;XEUR;11286681;690;
07.02.2025;13:46:25.751;FGBS SI 20250306 PS;SIMPLE_INSTRUMENT;EFS;EUR;25;106.88000000;4105;EXCHANGE_LAST;;1;1;XEUR;11286681;690;
07.02.2025;14:06:13.001;FGBS SI 20250306 PS;SIMPLE_INSTRUMENT;EFS;EUR;26;106.86000000;2643;EXCHANGE_LAST;;1;1;XEUR;11286681;690;
07.02.2025;14:32:39.726;FGBS SI 20250306 PS;SIMPLE_INSTRUMENT;EFS;EUR;27;106.85000000;5475;EXCHANGE_LAST;;1;1;XEUR;11286681;690;
07.02.2025;15:43:57.322;FGBS SI 20250306 PS;SIMPLE_INSTRUMENT;EFS;EUR;28;106.83500000;5476;EXCHANGE_LAST;;1;1;XEUR;11286681;690;
07.02.2025;15:53:34.280;FGBS SI 20250306 PS;SIMPLE_INSTRUMENT;EFS;EUR;29;106.82500000;1500;EXCHANGE_LAST;;1;1;XEUR;11286681;690;
07.02.2025;16:00:28.443;FGBS SI 20250306 PS;SIMPLE_INSTRUMENT;EFP_FIN;EUR;30;106.83500000;157;EXCHANGE_LAST;;1;1;XEUR;11286681;690;
07.02.2025;16:16:36.624;FGBS SI 20250306 PS;SIMPLE_INSTRUMENT;EFS;EUR;31;106.82500000;1500;EXCHANGE_LAST;;1;1;XEUR;11286681;690;
07.02.2025;16:22:28.465;FGBS SI 20250306 PS;SIMPLE_INSTRUMENT;EFS;EUR;32;106.89500000;1377;EXCHANGE_LAST;;1;1;XEUR;11286681;690;
07.02.2025;09:38:17.404;FGBS SI 20250306 PS;SIMPLE_INSTRUMENT;VOLA;EUR;268435492;106.91000000;4212;EXCHANGE_LAST;;1;1;XEUR;11286681;690;
07.02.2025;08:12:25.397;FGBX SI 20250306 PS;SIMPLE_INSTRUMENT;EFS;EUR;1;131.58000000;356;EXCHANGE_LAST;;1;1;XEUR;11286682;691;
07.02.2025;08:30:50.292;FGBX SI 20250606 PS;SIMPLE_INSTRUMENT;EFP_FIN;EUR;2;131.24000000;350;EXCHANGE_LAST;;1;1;XEUR;11820392;691;
07.02.2025;09:01:19.250;FGBX SI 20250306 PS;SIMPLE_INSTRUMENT;EFS;EUR;3;131.82000000;92;EXCHANGE_LAST;;1;1;XEUR;11286682;691;
07.02.2025;09:13:17.018;FGBX SI 20250306 PS;SIMPLE_INSTRUMENT;EFS;EUR;4;131.80000000;92;EXCHANGE_LAST;;1;1;XEUR;11286682;691;
07.02.2025;09:17:57.610;FGBX SI 20250306 PS;SIMPLE_INSTRUMENT;EFS;EUR;5;131.74000000;277;EXCHANGE_LAST;;1;1;XEUR;11286682;691;
07.02.2025;09:36:21.706;FGBX SI 20250306 PS;SIMPLE_INSTRUMENT;EFP_FIN;EUR;6;131.94000000;111;EXCHANGE_LAST;;1;1;XEUR;11286682;691;
07.02.2025;09:36:54.980;FGBX SI 20250306 PS;SIMPLE_INSTRUMENT;EFP_FIN;EUR;7;131.98000000;186;EXCHANGE_LAST;;1;1;XEUR;11286682;691;
07.02.2025;10:25:23.030;FGBX SI 20250306 PS;SIMPLE_INSTRUMENT;EFS;EUR;9;131.86000000;129;EXCHANGE_LAST;;1;1;XEUR;11286682;691;
07.02.2025;10:38:00.743;FGBX SI 20250306 PS;SIMPLE_INSTRUMENT;EFS;EUR;10;131.88000000;75;EXCHANGE_LAST;;1;1;XEUR;11286682;691;
07.02.2025;12:25:19.762;FGBX SI 20250306 PS;SIMPLE_INSTRUMENT;EFP_FIN;EUR;13;131.88000000;111;EXCHANGE_LAST;;1;1;XEUR;11286682;691;
07.02.2025;12:35:58.620;FGBX SI 20250306 PS;SIMPLE_INSTRUMENT;EFS;EUR;14;131.78000000;200;EXCHANGE_LAST;;1;1;XEUR;11286682;691;
07.02.2025;12:47:08.599;FGBX SI 20250606 PS;SIMPLE_INSTRUMENT;EFP_FIN;EUR;15;131.54000000;558;EXCHANGE_LAST;;1;1;XEUR;11820392;691;
07.02.2025;14:07:15.394;FGBX SI 20250306 PS;SIMPLE_INSTRUMENT;EFP_FIN;EUR;17;131.12000000;193;EXCHANGE_LAST;;1;1;XEUR;11286682;691;
07.02.2025;14:29:13.067;FGBX SI 20250306 PS;SIMPLE_INSTRUMENT;BLOCK;EUR;18;131.00000000;100;EXCHANGE_LAST;;1;1;XEUR;11286682;691;
07.02.2025;14:36:35.406;FGBX SI 20250306 PS;SIMPLE_INSTRUMENT;BLOCK;EUR;19;131.06000000;200;EXCHANGE_LAST;;1;1;XEUR;11286682;691;
07.02.2025;15:18:22.877;FGBX SI 20250306 PS;SIMPLE_INSTRUMENT;EFP_FIN;EUR;20;131.14000000;669;EXCHANGE_LAST;;1;1;XEUR;11286682;691;
07.02.2025;15:21:37.622;FGBX SI 20250306 PS;SIMPLE_INSTRUMENT;EFS;EUR;21;131.24000000;40;EXCHANGE_LAST;;1;1;XEUR;11286682;691;
07.02.2025;15:22:06.093;FGBX SI 20250306 PS;SIMPLE_INSTRUMENT;EFS;EUR;22;131.22000000;100;EXCHANGE_LAST;;1;1;XEUR;11286682;691;
07.02.2025;15:24:39.217;FGBX SI 20250306 PS;SIMPLE_INSTRUMENT;EFP_FIN;EUR;23;131.04000000;149;EXCHANGE_LAST;;1;1;XEUR;11286682;691;
07.02.2025;16:43:35.993;FGBX SI 20250306 PS;SIMPLE_INSTRUMENT;EFS;EUR;25;131.30000000;89;EXCHANGE_LAST;;1;1;XEUR;11286682;691;
07.02.2025;14:03:32.357;FHZN SI 20250321 PS AM P 210.0 0;SIMPLE_INSTRUMENT;BLOCK;CHF;43;2.58000000;1168;EXCHANGE_LAST;;1;1;XEUR;12469868;45379;
07.02.2025;02:41:04.271;FMCH SI 20260320 CS;SIMPLE_INSTRUMENT;BLOCK;USD;7;555.91900000;639;EXCHANGE_LAST;;1;1;XEUR;9211552;402909;
07.02.2025;02:41:09.900;FMCH SI 20250321 CS;SIMPLE_INSTRUMENT;BLOCK;USD;8;533.00000000;666;EXCHANGE_LAST;;1;1;XEUR;7592069;402909;
07.02.2025;00:34:38.830;FMEA SI 20250321 CS;SIMPLE_INSTRUMENT;BLOCK;USD;2;697.17600000;1450;EXCHANGE_LAST;;1;1;XEUR;7589834;12395;
07.02.2025;02:29:49.434;FMEA SI 20250321 CS;SIMPLE_INSTRUMENT;BLOCK;USD;5;697.17600000;638;EXCHANGE_LAST;;1;1;XEUR;7589834;12395;
07.02.2025;02:31:32.981;FMEA SI 20250321 CS;SIMPLE_INSTRUMENT;BLOCK;USD;6;697.10600000;288;EXCHANGE_LAST;;1;1;XEUR;7589834;12395;
07.02.2025;06:39:24.423;FMEA SI 20250321 CS;SIMPLE_INSTRUMENT;BLOCK;USD;11;697.17600000;319;EXCHANGE_LAST;;1;1;XEUR;7589834;12395;
07.02.2025;08:33:41.808;FMEA SI 20250321 CS;SIMPLE_INSTRUMENT;BLOCK;USD;32;696.96800000;365;EXCHANGE_LAST;;1;1;XEUR;7589834;12395;
07.02.2025;08:33:50.197;FMEA SI 20250321 CS;SIMPLE_INSTRUMENT;BLOCK;USD;33;697.03700000;365;EXCHANGE_LAST;;1;1;XEUR;7589834;12395;
07.02.2025;08:34:19.303;FMEA SI 20250321 CS;SIMPLE_INSTRUMENT;BLOCK;USD;34;697.10600000;365;EXCHANGE_LAST;;1;1;XEUR;7589834;12395;
07.02.2025;07:51:19.969;FMED SI 20250321 CS;SIMPLE_INSTRUMENT;BLOCK;USD;17;9881.40000000;1208;EXCHANGE_LAST;;1;1;XEUR;7590729;48144;
07.02.2025;08:32:02.999;FMED SI 20250321 CS;SIMPLE_INSTRUMENT;BLOCK;USD;29;9881.15000000;255;EXCHANGE_LAST;;1;1;XEUR;7590729;48144;
07.02.2025;08:34:51.143;FMED SI 20250321 CS;SIMPLE_INSTRUMENT;BLOCK;USD;35;9881.40000000;255;EXCHANGE_LAST;;1;1;XEUR;7590729;48144;
07.02.2025;16:16:13.259;FMED SI 20250321 CS;SIMPLE_INSTRUMENT;BLOCK;USD;46;9800.00000000;1020;EXCHANGE_LAST;;1;1;XEUR;7590729;48144;
07.02.2025;16:16:14.736;FMED SI 20251219 CS;SIMPLE_INSTRUMENT;BLOCK;USD;47;10133.20000000;986;EXCHANGE_LAST;;1;1;XEUR;8838599;48144;
07.02.2025;08:40:25.474;FMEE SI 20250321 CS;SIMPLE_INSTRUMENT;BLOCK;USD;36;329.39400000;150;EXCHANGE_LAST;;1;1;XEUR;7589846;12396;
07.02.2025;08:42:07.997;FMEE SI 20250321 CS;SIMPLE_INSTRUMENT;BLOCK;USD;37;329.39400000;690;EXCHANGE_LAST;;2;1;XEUR;7589846;12396;
07.02.2025;07:47:54.839;FMEL SI 20250321 CS;SIMPLE_INSTRUMENT;BLOCK;USD;14;529.02700000;190;EXCHANGE_LAST;;1;1;XEUR;7589856;12397;
07.02.2025;08:32:07.765;FMEL SI 20250321 CS;SIMPLE_INSTRUMENT;BLOCK;USD;30;529.02700000;100;EXCHANGE_LAST;;1;1;XEUR;7589856;12397;
07.02.2025;08:32:58.827;FMEL SI 20250321 CS;SIMPLE_INSTRUMENT;BLOCK;USD;31;529.08000000;163;EXCHANGE_LAST;;1;1;XEUR;7589856;12397;
07.02.2025;08:18:04.531;FMEN SI 20250321 CS;SIMPLE_INSTRUMENT;BLOCK;EUR;25;537.00000000;79;EXCHANGE_LAST;;1;1;XEUR;7590212;30652;
07.02.2025;08:27:37.671;FMES SI 20250321 CS;SIMPLE_INSTRUMENT;EFP_IDX;EUR;28;583.88800000;16;EXCHANGE_LAST;;1;1;XEUR;7591454;221291;
07.02.2025;07:54:10.110;FMEU SI 20250321 CS;SIMPLE_INSTRUMENT;EFP_IDX;EUR;20;362.92900000;231;EXCHANGE_LAST;;1;1;XEUR;7589708;7058;
07.02.2025;14:47:45.155;FMGO SI 20250321 CS;SIMPLE_INSTRUMENT;BLOCK;USD;44;5360.00000000;76;EXCHANGE_LAST;;1;1;XEUR;8609359;583623;
07.02.2025;02:45:07.864;FMHK SI 20250321 CS;SIMPLE_INSTRUMENT;BLOCK;USD;9;55275.37500000;60;EXCHANGE_LAST;;1;1;XEUR;7590500;45282;
07.02.2025;06:22:24.167;FMID SI 20250321 CS;SIMPLE_INSTRUMENT;EFP_IDX;USD;3;1486.11000000;322;EXCHANGE_LAST;;1;1;XEUR;7590528;45289;
07.02.2025;07:01:10.346;FMID SI 20250321 CS;SIMPLE_INSTRUMENT;BLOCK;USD;4;1487.00000000;23;EXCHANGE_LAST;;1;1;XEUR;7590528;45289;
07.02.2025;07:27:31.609;FMID SI 20250321 CS;SIMPLE_INSTRUMENT;BLOCK;USD;5;1488.00000000;934;EXCHANGE_LAST;;1;1;XEUR;7590528;45289;
07.02.2025;07:33:42.731;FMID SI 20250321 CS;SIMPLE_INSTRUMENT;BLOCK;USD;6;1486.40400000;73;EXCHANGE_LAST;;1;1;XEUR;7590528;45289;
07.02.2025;00:46:12.929;FMIN SI 20250321 CS;SIMPLE_INSTRUMENT;BLOCK;USD;3;1202.93600000;42;EXCHANGE_LAST;;1;1;XEUR;7589865;12404;
07.02.2025;06:30:33.924;FMIN SI 20250321 CS;SIMPLE_INSTRUMENT;BLOCK;USD;10;1202.93600000;134;EXCHANGE_LAST;;1;1;XEUR;7589865;12404;
07.02.2025;07:33:59.203;FMIN SI 20250321 CS;SIMPLE_INSTRUMENT;BLOCK;USD;12;1202.93600000;167;EXCHANGE_LAST;;1;1;XEUR;7589865;12404;
07.02.2025;08:04:25.645;FMIN SI 20250321 CS;SIMPLE_INSTRUMENT;EFP_IDX;USD;22;1202.92000000;2;EXCHANGE_LAST;;1;1;XEUR;7589865;12404;
07.02.2025;08:41:51.454;FMIN SI 20250321 CS;SIMPLE_INSTRUMENT;BLOCK;USD;38;1202.93600000;535;EXCHANGE_LAST;;1;1;XEUR;7589865;12404;
07.02.2025;09:34:50.792;FMIN SI 20250321 CS;SIMPLE_INSTRUMENT;BLOCK;USD;40;1200.90000000;61;EXCHANGE_LAST;;1;1;XEUR;7589865;12404;
07.02.2025;10:15:46.365;FMIN SI 20250321 CS;SIMPLE_INSTRUMENT;BLOCK;USD;41;1202.00000000;500;EXCHANGE_LAST;;1;1;XEUR;7589865;12404;
07.02.2025;07:52:48.857;FMJP SI 20250321 CS;SIMPLE_INSTRUMENT;BLOCK;USD;16;8865.71500000;500;EXCHANGE_LAST;;1;1;XEUR;7588794;661;
07.02.2025;00:57:28.363;FMMY SI 20250321 CS;SIMPLE_INSTRUMENT;BLOCK;USD;4;386.74500000;66;EXCHANGE_LAST;;2;1;XEUR;7589866;12405;
07.02.2025;10:22:23.220;FMNB SI 20251218 PS AM P 24.00 0;SIMPLE_INSTRUMENT;BLOCK;EUR;2;1.35000000;250;EXCHANGE_LAST;;1;1;XEUR;10381398;658;
07.02.2025;03:01:05.695;FMPH SI 20250321 CS;SIMPLE_INSTRUMENT;BLOCK;USD;2;403.80000000;10;EXCHANGE_LAST;;1;1;XEUR;7589869;12548;
07.02.2025;07:30:46.462;FMPH SI 20250321 CS;SIMPLE_INSTRUMENT;BLOCK;USD;7;411.30600000;19;EXCHANGE_LAST;;1;1;XEUR;7589869;12548;
07.02.2025;07:34:08.919;FMTH SI 20250321 CS;SIMPLE_INSTRUMENT;BLOCK;USD;13;1084.50500000;98;EXCHANGE_LAST;;1;1;XEUR;7589913;12681;
07.02.2025;00:40:13.204;FMTW SI 20250321 CS;SIMPLE_INSTRUMENT;BLOCK;USD;1;845.30400000;187;EXCHANGE_LAST;;1;2;XEUR;7590882;51884;
07.02.2025;07:48:10.970;FMWN SI 20250321 CS;SIMPLE_INSTRUMENT;EFP_IDX;EUR;15;605.92000000;63;EXCHANGE_LAST;;1;1;XEUR;7590222;30654;
07.02.2025;08:06:28.372;FMWN SI 20250321 CS;SIMPLE_INSTRUMENT;BLOCK;EUR;23;606.15000000;335;EXCHANGE_LAST;;1;1;XEUR;7590222;30654;
07.02.2025;08:06:17.864;FMWN SI 20250321 CS;SIMPLE_INSTRUMENT;BLOCK;EUR;24;606.15000000;420;EXCHANGE_LAST;;1;1;XEUR;7590222;30654;
07.02.2025;08:22:05.418;FMWN SI 20250321 CS;SIMPLE_INSTRUMENT;BLOCK;EUR;26;606.10000000;1760;EXCHANGE_LAST;;1;1;XEUR;7590222;30654;
07.02.2025;08:23:13.370;FMWN SI 20250321 CS;SIMPLE_INSTRUMENT;BLOCK;EUR;27;606.10000000;590;EXCHANGE_LAST;;1;1;XEUR;7590222;30654;
07.02.2025;07:52:18.463;FMWO SI 20250321 CS;SIMPLE_INSTRUMENT;EFP_IDX;USD;18;12299.86000000;91;EXCHANGE_LAST;;1;1;XEUR;7589707;7059;
07.02.2025;07:53:19.179;FMWO SI 20250321 CS;SIMPLE_INSTRUMENT;EFP_IDX;USD;19;12301.05000000;58;EXCHANGE_LAST;;1;1;XEUR;7589707;7059;
07.02.2025;08:00:07.214;FMWO SI 20250321 CS;SIMPLE_INSTRUMENT;EFP_IDX;USD;21;12300.16000000;35;EXCHANGE_LAST;;1;1;XEUR;7589707;7059;
07.02.2025;09:12:08.080;FOAT SI 20250306 PS;SIMPLE_INSTRUMENT;EFP_FIN;EUR;1;124.51000000;834;EXCHANGE_LAST;;1;1;XEUR;11286683;749;
07.02.2025;09:23:28.185;FOAT SI 20250306 PS;SIMPLE_INSTRUMENT;EFP_FIN;EUR;2;124.54000000;250;EXCHANGE_LAST;;1;1;XEUR;11286683;749;
07.02.2025;10:08:52.720;FOAT SI 20250306 PS;SIMPLE_INSTRUMENT;EFP_FIN;EUR;3;124.53000000;85;EXCHANGE_LAST;;1;1;XEUR;11286683;749;
07.02.2025;10:39:07.292;FOAT SI 20250306 PS;SIMPLE_INSTRUMENT;EFP_FIN;EUR;4;124.51000000;250;EXCHANGE_LAST;;1;1;XEUR;11286683;749;
07.02.2025;10:40:17.252;FOAT SI 20250306 PS;SIMPLE_INSTRUMENT;EFP_FIN;EUR;5;124.51000000;58;EXCHANGE_LAST;;1;1;XEUR;11286683;749;
07.02.2025;10:45:50.060;FOAT SI 20250306 PS;SIMPLE_INSTRUMENT;EFP_FIN;EUR;6;124.51000000;72;EXCHANGE_LAST;;1;1;XEUR;11286683;749;
07.02.2025;10:48:07.535;FOAT SI 20250306 PS;SIMPLE_INSTRUMENT;EFP_FIN;EUR;7;124.50000000;200;EXCHANGE_LAST;;1;1;XEUR;11286683;749;
07.02.2025;10:59:56.229;FOAT SI 20250306 PS;SIMPLE_INSTRUMENT;EFP_FIN;EUR;8;124.49000000;5837;EXCHANGE_LAST;;1;1;XEUR;11286683;749;
07.02.2025;11:26:09.012;FOAT SI 20250306 PS;SIMPLE_INSTRUMENT;EFP_FIN;EUR;9;124.50000000;3753;EXCHANGE_LAST;;1;1;XEUR;11286683;749;
07.02.2025;11:37:00.570;FOAT SI 20250306 PS;SIMPLE_INSTRUMENT;EFP_FIN;EUR;10;124.53000000;888;EXCHANGE_LAST;;1;1;XEUR;11286683;749;
07.02.2025;12:04:39.131;FOAT SI 20250306 PS;SIMPLE_INSTRUMENT;EFP_FIN;EUR;11;124.49000000;834;EXCHANGE_LAST;;1;1;XEUR;11286683;749;
07.02.2025;12:04:59.894;FOAT SI 20250306 PS;SIMPLE_INSTRUMENT;EFP_FIN;EUR;12;124.49000000;1668;EXCHANGE_LAST;;1;1;XEUR;11286683;749;
07.02.2025;12:16:18.849;FOAT SI 20250306 PS;SIMPLE_INSTRUMENT;BLOCK;EUR;13;124.52000000;838;EXCHANGE_LAST;;1;1;XEUR;11286683;749;
07.02.2025;12:27:06.525;FOAT SI 20250306 PS;SIMPLE_INSTRUMENT;EFP_FIN;EUR;14;124.51000000;184;EXCHANGE_LAST;;1;1;XEUR;11286683;749;
07.02.2025;12:29:49.358;FOAT SI 20250306 PS;SIMPLE_INSTRUMENT;EFP_FIN;EUR;15;124.52000000;417;EXCHANGE_LAST;;1;1;XEUR;11286683;749;
07.02.2025;12:57:38.408;FOAT SI 20250306 PS;SIMPLE_INSTRUMENT;BLOCK;EUR;16;124.44000000;5325;EXCHANGE_LAST;;1;1;XEUR;11286683;749;
07.02.2025;13:01:49.417;FOAT SI 20250306 PS;SIMPLE_INSTRUMENT;BLOCK;EUR;17;124.45000000;665;EXCHANGE_LAST;;1;1;XEUR;11286683;749;
07.02.2025;13:51:07.277;FOAT SI 20250306 PS;SIMPLE_INSTRUMENT;EFP_FIN;EUR;18;124.46000000;444;EXCHANGE_LAST;;1;1;XEUR;11286683;749;
07.02.2025;14:01:56.910;FOAT SI 20250306 PS;SIMPLE_INSTRUMENT;EFP_FIN;EUR;19;124.30000000;268;EXCHANGE_LAST;;1;1;XEUR;11286683;749;
07.02.2025;14:40:20.750;FOAT SI 20250306 PS;SIMPLE_INSTRUMENT;EFP_FIN;EUR;21;124.22000000;781;EXCHANGE_LAST;;1;1;XEUR;11286683;749;
07.02.2025;15:13:17.747;FOAT SI 20250306 PS;SIMPLE_INSTRUMENT;EFP_FIN;EUR;22;124.27000000;1251;EXCHANGE_LAST;;1;1;XEUR;11286683;749;
07.02.2025;15:17:10.231;FOAT SI 20250306 PS;SIMPLE_INSTRUMENT;EFP_FIN;EUR;23;124.25000000;2502;EXCHANGE_LAST;;1;1;XEUR;11286683;749;
07.02.2025;15:20:58.656;FOAT SI 20250306 PS;SIMPLE_INSTRUMENT;EFP_FIN;EUR;24;124.23000000;1251;EXCHANGE_LAST;;1;1;XEUR;11286683;749;
07.02.2025;15:35:36.778;FOAT SI 20250306 PS;SIMPLE_INSTRUMENT;EFP_FIN;EUR;25;124.25000000;2085;EXCHANGE_LAST;;1;1;XEUR;11286683;749;
07.02.2025;15:36:01.412;FOAT SI 20250306 PS;SIMPLE_INSTRUMENT;EFP_FIN;EUR;26;124.25000000;2085;EXCHANGE_LAST;;1;1;XEUR;11286683;749;
07.02.2025;15:36:24.159;FOAT SI 20250306 PS;SIMPLE_INSTRUMENT;EFP_FIN;EUR;28;124.25000000;1251;EXCHANGE_LAST;;1;1;XEUR;11286683;749;
07.02.2025;15:40:12.184;FOAT SI 20250306 PS;SIMPLE_INSTRUMENT;EFP_FIN;EUR;29;124.25000000;1337;EXCHANGE_LAST;;1;1;XEUR;11286683;749;
07.02.2025;15:38:25.576;FOAT SI 20250306 PS;SIMPLE_INSTRUMENT;EFP_FIN;EUR;30;124.25000000;834;EXCHANGE_LAST;;1;1;XEUR;11286683;749;
07.02.2025;15:38:33.076;FOAT SI 20250306 PS;SIMPLE_INSTRUMENT;EFP_FIN;EUR;31;124.25000000;5677;EXCHANGE_LAST;;1;1;XEUR;11286683;749;
07.02.2025;15:39:42.321;FOAT SI 20250306 PS;SIMPLE_INSTRUMENT;EFP_FIN;EUR;32;124.23000000;184;EXCHANGE_LAST;;1;1;XEUR;11286683;749;
07.02.2025;15:39:48.421;FOAT SI 20250306 PS;SIMPLE_INSTRUMENT;EFP_FIN;EUR;33;124.23000000;184;EXCHANGE_LAST;;1;1;XEUR;11286683;749;
07.02.2025;16:08:00.662;FOAT SI 20250306 PS;SIMPLE_INSTRUMENT;EFP_FIN;EUR;34;124.35000000;50;EXCHANGE_LAST;;1;1;XEUR;11286683;749;
07.02.2025;16:21:27.553;FOAT SI 20250306 PS;SIMPLE_INSTRUMENT;EFP_FIN;EUR;35;124.28000000;266;EXCHANGE_LAST;;1;1;XEUR;11286683;749;
07.02.2025;17:16:00.928;FOAT SI 20250306 PS;SIMPLE_INSTRUMENT;EFP_FIN;EUR;36;124.22000000;2085;EXCHANGE_LAST;;1;1;XEUR;11286683;749;
07.02.2025;13:55:44.936;FRA SI 20250919 PS AM C 60.00 0;SIMPLE_INSTRUMENT;BLOCK;EUR;15;3.80000000;2750;EXCHANGE_LAST;;2;2;XEUR;11881658;740;
07.02.2025;13:50:15.692;FRE SI 20250321 PS AM C 36.00 0;SIMPLE_INSTRUMENT;BLOCK;EUR;3;2.03000000;2000;EXCHANGE_LAST;;2;1;XEUR;10840428;760;
07.02.2025;14:35:38.295;FSMI SI 20250321 CS;SIMPLE_INSTRUMENT;BLOCK;CHF;1;12630.00000000;1000;EXCHANGE_LAST;;1;1;XEUR;7793721;757;
07.02.2025;14:36:51.796;FSMI SI 20250321 CS;SIMPLE_INSTRUMENT;BLOCK;CHF;2;12630.00000000;500;EXCHANGE_LAST;;1;1;XEUR;7793721;757;
07.02.2025;14:47:19.791;FSMI SI 20250321 CS;SIMPLE_INSTRUMENT;BLOCK;CHF;3;12620.00000000;500;EXCHANGE_LAST;;1;1;XEUR;7793721;757;
07.02.2025;16:07:42.359;FSMI SI 20250321 CS;SIMPLE_INSTRUMENT;BLOCK;CHF;4;12610.00000000;500;EXCHANGE_LAST;;1;1;XEUR;7793721;757;
07.02.2025;16:58:34.375;FSMI SI 20250321 CS;SIMPLE_INSTRUMENT;EFP_IDX;CHF;5;12552.00000000;614;EXCHANGE_LAST;;1;1;XEUR;7793721;757;
07.02.2025;16:58:35.422;FSMI SI 20250321 CS;SIMPLE_INSTRUMENT;EFP_IDX;CHF;6;12662.00000000;36;EXCHANGE_LAST;;1;1;XEUR;7793721;757;
07.02.2025;12:59:10.577;FSMX SI 20250321 CS;SIMPLE_INSTRUMENT;BLOCK;EUR;40;27235.00000000;461;EXCHANGE_LAST;;1;1;XEUR;11405203;396422;
07.02.2025;16:49:18.533;FSMX SI 20250321 CS;SIMPLE_INSTRUMENT;BLOCK;EUR;76;27096.00000000;304;EXCHANGE_LAST;;1;1;XEUR;11405203;396422;
07.02.2025;16:46:19.040;FSTA SI 20250321 CS;SIMPLE_INSTRUMENT;EFP_IDX;EUR;1;569.80000000;30;EXCHANGE_LAST;;1;1;XEUR;11359808;715;
07.02.2025;16:46:50.266;FSTA SI 20250321 CS;SIMPLE_INSTRUMENT;EFP_IDX;EUR;2;569.50000000;25;EXCHANGE_LAST;;1;1;XEUR;11359808;715;
07.02.2025;16:46:33.547;FSTN SI 20250321 CS;SIMPLE_INSTRUMENT;BLOCK;EUR;71;748.40000000;406;EXCHANGE_LAST;;1;1;XEUR;11359761;704;
07.02.2025;16:46:33.527;FSTN SI 20250321 CS;SIMPLE_INSTRUMENT;BLOCK;EUR;72;748.50000000;478;EXCHANGE_LAST;;1;1;XEUR;11359761;704;
07.02.2025;16:53:08.119;FSTN SI 20250321 CS;SIMPLE_INSTRUMENT;EFP_IDX;EUR;78;748.00000000;42;EXCHANGE_LAST;;1;1;XEUR;11359761;704;
07.02.2025;16:10:38.943;FSTS SI 20250321 CS;SIMPLE_INSTRUMENT;VOLA;EUR;603979843;554.00000000;5;EXCHANGE_LAST;;1;1;XEUR;11359775;709;
07.02.2025;16:53:39.788;FSTU SI 20250321 CS;SIMPLE_INSTRUMENT;EFP_IDX;EUR;73;387.40000000;80;EXCHANGE_LAST;;1;1;XEUR;11359815;730;
07.02.2025;16:53:32.191;FSTU SI 20250321 CS;SIMPLE_INSTRUMENT;EFP_IDX;EUR;75;387.30000000;720;EXCHANGE_LAST;;1;1;XEUR;11359815;730;
07.02.2025;15:27:53.014;FTEG SI 20250321 CS;SIMPLE_INSTRUMENT;BLOCK;EUR;60;10.61500000;40000;EXCHANGE_LAST;;1;1;XEUR;10732787;390378;
07.02.2025;15:25:06.065;G3ZF SI 20261218 CS;SIMPLE_INSTRUMENT;BLOCK;EUR;58;1.34000000;750;EXCHANGE_LAST;;1;1;XEUR;6825108;144760;
07.02.2025;15:31:28.515;G3ZF SI 20251219 CS;SIMPLE_INSTRUMENT;BLOCK;EUR;61;1.55000000;300;EXCHANGE_LAST;;1;1;XEUR;5914677;144760;
07.02.2025;15:38:28.793;G3ZF SI 20251219 CS;SIMPLE_INSTRUMENT;BLOCK;EUR;64;1.55000000;750;EXCHANGE_LAST;;2;1;XEUR;5914677;144760;
07.02.2025;15:42:34.494;G3ZF SI 20261218 CS;SIMPLE_INSTRUMENT;BLOCK;EUR;65;1.34000000;500;EXCHANGE_LAST;;1;1;XEUR;6825108;144760;
07.02.2025;16:26:37.919;G3ZF SI 20251219 CS;SIMPLE_INSTRUMENT;BLOCK;EUR;76;1.57000000;600;EXCHANGE_LAST;;2;2;XEUR;5914677;144760;
07.02.2025;16:19:10.213;G3ZF SI 20251219 CS;SIMPLE_INSTRUMENT;BLOCK;EUR;77;1.56000000;100;EXCHANGE_LAST;;1;1;XEUR;5914677;144760;
07.02.2025;16:21:47.100;G3ZF SI 20261218 CS;SIMPLE_INSTRUMENT;BLOCK;EUR;78;1.34000000;500;EXCHANGE_LAST;;1;2;XEUR;6825108;144760;
07.02.2025;16:29:22.990;G3ZF SI 20261218 CS;SIMPLE_INSTRUMENT;BLOCK;EUR;88;1.34000000;100;EXCHANGE_LAST;;1;1;XEUR;6825108;144760;
07.02.2025;15:57:14.819;GEBN SI 20250620 PS AM P 440.00 0;SIMPLE_INSTRUMENT;BLOCK;CHF;65;6.50000000;800;EXCHANGE_LAST;;1;1;XEUR;11361976;882;
07.02.2025;15:35:37.270;GOAF SI 20250221 CS;SIMPLE_INSTRUMENT;BLOCK;USD;62;187.14000000;25;EXCHANGE_LAST;;1;1;XEUR;10586738;38630;
07.02.2025;16:57:10.093;GOCF SI 20250321 CS;SIMPLE_INSTRUMENT;BLOCK;USD;97;187.56720000;199;EXCHANGE_LAST;;1;1;XEUR;10719592;38619;
07.02.2025;09:11:07.095;GXI SI 20250620 PS AM C 80.00 0;SIMPLE_INSTRUMENT;BLOCK;EUR;2;4.95000000;1000;EXCHANGE_LAST;;1;1;XEUR;11361396;852;
07.02.2025;16:48:35.945;GXI SI 20250321 PS AM P 70.00 0;SIMPLE_INSTRUMENT;BLOCK;EUR;5;2.20000000;750;EXCHANGE_LAST;;1;1;XEUR;12443941;852;
07.02.2025;16:48:36.416;GXI SI 20250321 PS AM P 75.00 0;SIMPLE_INSTRUMENT;BLOCK;EUR;6;3.45000000;750;EXCHANGE_LAST;;1;1;XEUR;12443875;852;
07.02.2025;16:48:37.253;GXI SI 20250321 PS AM C 90.00 0;SIMPLE_INSTRUMENT;BLOCK;EUR;7;3.45000000;750;EXCHANGE_LAST;;1;1;XEUR;12036179;852;
07.02.2025;16:54:02.551;GXI FI 20250321 PS AM C 85.0000 0;FLEXIBLE_INSTRUMENT;BLOCK;EUR;8;4.30000000;750;EXCHANGE_LAST;;1;1;XEUR;1152925163918989169;852;
07.02.2025;12:35:29.845;GZF.O.250207.STG.000001;STANDARD_OPTION_STRATEGY;BLOCK;EUR;6;2.36000000;2000;EXCHANGE_LAST;;1;1;XEUR;72061266234981997;855;
07.02.2025;12:35:29.845;GZF SI 20251219 PS AM P 12.00 0;SIMPLE_INSTRUMENT;BLOCK;EUR;6;0.28000000;2000;PRC_DECOMP_MEMBER;;;;XEUR;5932149;855;MEMBER
07.02.2025;12:35:29.845;GZF SI 20251219 PS AM C 14.00 0;SIMPLE_INSTRUMENT;BLOCK;EUR;6;2.08000000;2000;PRC_DECOMP_MEMBER;;;;XEUR;5932150;855;MEMBER
07.02.2025;16:07:21.858;GZF.O.250207.BRT.000002;STANDARD_OPTION_STRATEGY;BLOCK;EUR;19;1.46000000;5000;EXCHANGE_LAST;;1;1;XEUR;72061266234981998;855;
07.02.2025;16:07:21.858;GZF SI 20260619 PS AM P 14.00 0;SIMPLE_INSTRUMENT;BLOCK;EUR;19;1.43000000;5000;PRC_DECOMP_MEMBER;;;;XEUR;9550206;855;MEMBER
07.02.2025;16:07:21.858;GZF SI 20291221 PS AM P 14.00 0;SIMPLE_INSTRUMENT;BLOCK;EUR;19;2.89000000;5000;PRC_DECOMP_MEMBER;;;;XEUR;12444270;855;MEMBER
07.02.2025;14:23:14.030;HEI SI 20251219 PS AM C 160.00 0;SIMPLE_INSTRUMENT;BLOCK;EUR;4;8.85000000;1000;EXCHANGE_LAST;;1;1;XEUR;10406860;839;
07.02.2025;10:28:37.660;HOLN SI 20250221 PS AM C 97.00 0;SIMPLE_INSTRUMENT;BLOCK;CHF;21;0.82000000;1000;EXCHANGE_LAST;;1;1;XEUR;12247288;943;
07.02.2025;11:58:58.972;I2BE SI 20271217 CS;SIMPLE_INSTRUMENT;BLOCK;EUR;29;0.60000000;500;EXCHANGE_LAST;;1;1;XEUR;5914744;923;
07.02.2025;11:58:52.971;I2BE SI 20261218 CS;SIMPLE_INSTRUMENT;BLOCK;EUR;30;0.62000000;500;EXCHANGE_LAST;;1;1;XEUR;4632507;923;
07.02.2025;10:58:33.002;I3ES SI 20251219 CS;SIMPLE_INSTRUMENT;BLOCK;EUR;21;0.34900000;1000;EXCHANGE_LAST;;1;1;XEUR;5914756;913;
07.02.2025;13:22:21.810;I3ES SI 20271217 CS;SIMPLE_INSTRUMENT;BLOCK;EUR;39;0.29900000;500;EXCHANGE_LAST;;1;1;XEUR;8383274;913;
07.02.2025;12:31:31.328;I4NN SI 20261218 CS;SIMPLE_INSTRUMENT;BLOCK;EUR;33;0.96500000;1000;EXCHANGE_LAST;;1;2;XEUR;9488387;669776;
07.02.2025;11:17:42.482;IFX SI 20250620 PS AM C 42.00 0;SIMPLE_INSTRUMENT;BLOCK;EUR;2;1.72000000;7100;EXCHANGE_LAST;;1;1;XEUR;11362372;902;
07.02.2025;11:18:26.067;IFX SI 20250321 PS AM C 34.00 0;SIMPLE_INSTRUMENT;BLOCK;EUR;3;4.02000000;1219;EXCHANGE_LAST;;1;1;XEUR;10842321;902;
07.02.2025;11:18:26.087;IFX SI 20250321 PS AM C 34.00 0;SIMPLE_INSTRUMENT;BLOCK;EUR;4;4.00000000;2031;EXCHANGE_LAST;;1;1;XEUR;10842321;902;
07.02.2025;11:40:50.677;IFX SI 20250919 PS AM P 36.00 0;SIMPLE_INSTRUMENT;BLOCK;EUR;6;3.42000000;1500;EXCHANGE_LAST;;1;1;XEUR;11884142;902;
07.02.2025;11:59:25.234;IFX SI 20250221 PS AM C 38.00 0;SIMPLE_INSTRUMENT;BLOCK;EUR;7;0.74000000;3000;EXCHANGE_LAST;;1;1;XEUR;12340602;902;
07.02.2025;12:13:30.034;IFX SI 20281215 PS AM P 24.00 0;SIMPLE_INSTRUMENT;BLOCK;EUR;9;3.12000000;1500;EXCHANGE_LAST;;1;1;XEUR;10408599;902;
07.02.2025;12:16:18.455;IFX.O.250207.BLT.000012;STANDARD_OPTION_STRATEGY;BLOCK;EUR;10;1.66000000;3000;EXCHANGE_LAST;;1;1;XEUR;72061468098469564;902;
07.02.2025;12:16:18.455;IFX SI 20250620 PS AM C 38.00 0;SIMPLE_INSTRUMENT;BLOCK;EUR;10;3.09000000;3000;PRC_DECOMP_EXCHANGE;;;;XEUR;11362366;902;EXCHANGE
07.02.2025;12:16:18.455;IFX SI 20250321 PS AM C 38.00 0;SIMPLE_INSTRUMENT;BLOCK;EUR;10;1.43000000;3000;PRC_DECOMP_EXCHANGE;;;;XEUR;10842353;902;EXCHANGE
07.02.2025;14:07:42.201;IGLN.N.250207.000002;NON_STANDARD_OPTION_STRATEGY;BLOCK;USD;3;3.49000000;3050;EXCHANGE_LAST;;1;1;XEUR;72383865523535923;75966;
07.02.2025;14:07:42.201;IGLN SI 20250321 PS AM C 56.00 0;SIMPLE_INSTRUMENT;BLOCK;USD;3;1.13000000;6100;PRC_DECOMP_MEMBER;;;;XEUR;7580333;75966;MEMBER
07.02.2025;14:07:42.201;IGLN SI 20250321 PS AM C 53.25 0;SIMPLE_INSTRUMENT;BLOCK;USD;3;2.94000000;6100;PRC_DECOMP_MEMBER;;;;XEUR;11961164;75966;MEMBER
07.02.2025;14:07:42.201;IGLN SI 20250321 PS AM P 52.25 0;SIMPLE_INSTRUMENT;BLOCK;USD;3;0.13000000;3050;PRC_DECOMP_MEMBER;;;;XEUR;11911807;75966;MEMBER
07.02.2025;14:08:25.793;IGLN.N.250207.000002;NON_STANDARD_OPTION_STRATEGY;BLOCK;USD;4;3.50000000;3050;EXCHANGE_LAST;;1;1;XEUR;72383865523535923;75966;
07.02.2025;14:08:25.793;IGLN SI 20250321 PS AM C 53.25 0;SIMPLE_INSTRUMENT;BLOCK;USD;4;2.95000000;6100;PRC_DECOMP_MEMBER;;;;XEUR;11961164;75966;MEMBER
07.02.2025;14:08:25.793;IGLN SI 20250321 PS AM P 52.25 0;SIMPLE_INSTRUMENT;BLOCK;USD;4;0.14000000;3050;PRC_DECOMP_MEMBER;;;;XEUR;11911807;75966;MEMBER
07.02.2025;14:08:25.793;IGLN SI 20250321 PS AM C 56.00 0;SIMPLE_INSTRUMENT;BLOCK;USD;4;1.13000000;6100;PRC_DECOMP_MEMBER;;;;XEUR;7580333;75966;MEMBER
07.02.2025;15:44:58.862;IGLN SI 20250321 PS AM P 54.00 0;SIMPLE_INSTRUMENT;BLOCK;USD;5;0.34000000;7600;EXCHANGE_LAST;;1;1;XEUR;11009487;75966;
07.02.2025;15:44:58.862;IGLN SI 20250321 PS AM P 54.00 0;SIMPLE_INSTRUMENT;BLOCK;USD;6;0.33000000;11400;EXCHANGE_LAST;;1;1;XEUR;11009487;75966;
07.02.2025;16:20:06.364;IGLN SI 20250321 PS AM P 54.00 0;SIMPLE_INSTRUMENT;BLOCK;USD;7;0.42000000;8550;EXCHANGE_LAST;;1;1;XEUR;11009487;75966;
07.02.2025;16:20:06.364;IGLN SI 20250321 PS AM P 54.00 0;SIMPLE_INSTRUMENT;BLOCK;USD;8;0.40000000;10450;EXCHANGE_LAST;;1;1;XEUR;11009487;75966;
07.02.2025;11:00:43.632;INN.O.250207.STD.000001;STANDARD_OPTION_STRATEGY;BLOCK;EUR;3;2.71000000;7500;EXCHANGE_LAST;;1;1;XEUR;72061949134785266;1014;
07.02.2025;11:00:43.632;INN SI 20251219 PS AM C 14.84 1;SIMPLE_INSTRUMENT;BLOCK;EUR;3;1.64000000;7500;PRC_DECOMP_EXCHANGE;;;;XEUR;11228408;1014;EXCHANGE
07.02.2025;11:00:43.632;INN SI 20251219 PS AM P 14.84 1;SIMPLE_INSTRUMENT;BLOCK;EUR;3;1.07000000;7500;PRC_DECOMP_EXCHANGE;;;;XEUR;11228409;1014;EXCHANGE
07.02.2025;11:02:07.004;INN.O.250207.STD.000002;STANDARD_OPTION_STRATEGY;BLOCK;EUR;4;3.61000000;8000;EXCHANGE_LAST;;1;1;XEUR;72061949134785267;1014;
07.02.2025;11:02:07.004;INN SI 20260619 PS AM C 14.00 0;SIMPLE_INSTRUMENT;BLOCK;EUR;4;2.42000000;8000;PRC_DECOMP_EXCHANGE;;;;XEUR;12579363;1014;EXCHANGE
07.02.2025;11:02:07.004;INN SI 20260619 PS AM P 14.00 0;SIMPLE_INSTRUMENT;BLOCK;EUR;4;1.19000000;8000;PRC_DECOMP_EXCHANGE;;;;XEUR;12579365;1014;EXCHANGE
07.02.2025;10:09:43.029;KEKG SI 20250221 CS;SIMPLE_INSTRUMENT;BLOCK;EUR;4;17.60460000;2500;EXCHANGE_LAST;;1;1;XEUR;10572468;1096;
07.02.2025;14:02:33.877;KNIN SI 20251219 PS AM P 170.00 0;SIMPLE_INSTRUMENT;BLOCK;CHF;45;6.07000000;200;EXCHANGE_LAST;;1;1;XEUR;12448096;1091;
07.02.2025;09:11:54.831;LHA SI 20250919 PS AM C 8.50 0;SIMPLE_INSTRUMENT;BLOCK;EUR;1;0.12000000;5000;EXCHANGE_LAST;;1;1;XEUR;12013488;1126;
07.02.2025;10:50:27.613;LHA.O.250207.BRT.000009;STANDARD_OPTION_STRATEGY;BLOCK;EUR;5;0.19000000;2000;EXCHANGE_LAST;;1;1;XEUR;72062430171144788;1126;
07.02.2025;10:50:27.613;LHA SI 20251219 PS AM P 6.40 0;SIMPLE_INSTRUMENT;BLOCK;EUR;5;0.61000000;2000;PRC_DECOMP_EXCHANGE;;;;XEUR;6847034;1126;EXCHANGE
07.02.2025;10:50:27.613;LHA SI 20250620 PS AM P 6.40 0;SIMPLE_INSTRUMENT;BLOCK;EUR;5;0.42000000;2000;PRC_DECOMP_EXCHANGE;;;;XEUR;7907919;1126;EXCHANGE
07.02.2025;12:11:53.095;LHA SI 20271217 PS AM P 6.40 0;SIMPLE_INSTRUMENT;BLOCK;EUR;7;1.20000000;11000;EXCHANGE_LAST;;1;3;XEUR;8788967;1126;
07.02.2025;13:20:20.747;LHA SI 20271217 PS AM P 8.00 0;SIMPLE_INSTRUMENT;BLOCK;EUR;12;2.19000000;3000;EXCHANGE_LAST;;1;1;XEUR;8788955;1126;
07.02.2025;14:59:34.039;LISF SI 20250321 CS;SIMPLE_INSTRUMENT;BLOCK;CHF;55;101076.58500000;100;EXCHANGE_LAST;;1;1;XEUR;10705244;1151;
07.02.2025;10:37:03.993;LOGN SI 20260619 PS AM P 76.00 0;SIMPLE_INSTRUMENT;BLOCK;CHF;23;5.95000000;500;EXCHANGE_LAST;;1;1;XEUR;9555389;1143;
07.02.2025;09:03:39.769;LXS SI 20281215 PS AM P 18.00 0;SIMPLE_INSTRUMENT;BLOCK;EUR;1;2.90000000;1000;EXCHANGE_LAST;;1;1;XEUR;10410410;1024;
07.02.2025;12:54:18.365;LXS SI 20250321 PS AM C 29.00 0;SIMPLE_INSTRUMENT;BLOCK;EUR;9;1.74000000;1532;EXCHANGE_LAST;;1;1;XEUR;12572048;1024;
07.02.2025;12:54:19.603;LXS SI 20250321 PS AM C 26.00 0;SIMPLE_INSTRUMENT;BLOCK;EUR;10;3.56000000;3374;EXCHANGE_LAST;;1;1;XEUR;10844045;1024;
07.02.2025;12:54:21.974;LXS SI 20250321 PS AM C 29.00 0;SIMPLE_INSTRUMENT;BLOCK;EUR;11;1.72000000;1842;EXCHANGE_LAST;;1;1;XEUR;12572048;1024;
07.02.2025;14:11:56.536;N2ES SI 20250620 CS;SIMPLE_INSTRUMENT;BLOCK;CHF;47;3.10000000;333;EXCHANGE_LAST;;1;1;XEUR;10848664;1240;
07.02.2025;16:17:55.791;N2ES SI 20251219 CS;SIMPLE_INSTRUMENT;BLOCK;CHF;72;3.08000000;170;EXCHANGE_LAST;;1;1;XEUR;5914928;1240;
07.02.2025;15:59:26.424;N4OV SI 20250620 CS;SIMPLE_INSTRUMENT;BLOCK;CHF;71;3.50000000;67;EXCHANGE_LAST;;1;1;XEUR;10891333;724743;
07.02.2025;09:33:01.852;NESE.O.250207.CNV.000005;STANDARD_OPTION_STRATEGY;BLOCK;CHF;3;-101.85000000;1500;EXCHANGE_LAST;;1;1;XEUR;72062992811837078;1257;
07.02.2025;09:33:01.852;NESE SI 20250321 PS EU P 180.00 0;SIMPLE_INSTRUMENT;BLOCK;CHF;3;101.86000000;1500;PRC_DECOMP_EXCHANGE;;;;XEUR;11755129;1257;EXCHANGE
07.02.2025;09:33:01.852;NESE SI 20250321 PS EU C 180.00 0;SIMPLE_INSTRUMENT;BLOCK;CHF;3;0.01000000;1500;PRC_DECOMP_EXCHANGE;;;;XEUR;11755128;1257;EXCHANGE
07.02.2025;10:28:44.984;NESE.O.250207.COMBO.000006;STANDARD_OPTION_STRATEGY;BLOCK;CHF;20;-0.29000000;3000;EXCHANGE_LAST;;1;1;XEUR;72062992811837079;1257;
07.02.2025;10:28:44.984;NESE SI 20250620 PS EU C 79.00 0;SIMPLE_INSTRUMENT;BLOCK;CHF;20;2.08000000;3000;PRC_DECOMP_EXCHANGE;;;;XEUR;12331559;1257;EXCHANGE
07.02.2025;10:28:44.984;NESE SI 20250620 PS EU P 73.00 0;SIMPLE_INSTRUMENT;BLOCK;CHF;20;1.79000000;3000;PRC_DECOMP_EXCHANGE;;;;XEUR;12331579;1257;EXCHANGE
07.02.2025;10:31:19.076;NESE SI 20250620 PS EU C 78.00 0;SIMPLE_INSTRUMENT;BLOCK;CHF;22;2.30000000;750;EXCHANGE_LAST;;1;1;XEUR;12331562;1257;
07.02.2025;11:31:26.356;NESE SI 20251219 PS EU C 77.00 0;SIMPLE_INSTRUMENT;BLOCK;CHF;29;4.30000000;1000;EXCHANGE_LAST;;1;1;XEUR;12331461;1257;
07.02.2025;14:36:03.053;NESE.O.250207.COMBO.000006;STANDARD_OPTION_STRATEGY;BLOCK;CHF;55;-0.28000000;2000;EXCHANGE_LAST;;1;1;XEUR;72062992811837079;1257;
07.02.2025;14:36:03.053;NESE SI 20250620 PS EU P 73.00 0;SIMPLE_INSTRUMENT;BLOCK;CHF;55;1.78000000;2000;PRC_DECOMP_EXCHANGE;;;;XEUR;12331579;1257;EXCHANGE
07.02.2025;14:36:03.053;NESE SI 20250620 PS EU C 79.00 0;SIMPLE_INSTRUMENT;BLOCK;CHF;55;2.06000000;2000;PRC_DECOMP_EXCHANGE;;;;XEUR;12331559;1257;EXCHANGE
07.02.2025;14:11:29.653;NESG.S.MAR25.JUN25.SPD;FUTURES_SPREAD;BLOCK;CHF;46;1.97000000;5000;EXCHANGE_LAST;;1;1;XEUR;72062988516854112;1256;
07.02.2025;14:11:29.653;NESG SI 20250620 CS;SIMPLE_INSTRUMENT;BLOCK;CHF;46;75.93000000;5000;PRC_DECOMP_MEMBER;;;;XEUR;11182429;1256;MEMBER
07.02.2025;14:11:29.653;NESG SI 20250321 CS;SIMPLE_INSTRUMENT;BLOCK;CHF;46;77.90000000;5000;PRC_DECOMP_MEMBER;;;;XEUR;10707780;1256;MEMBER
07.02.2025;15:08:27.836;NESG SI 20250321 CS;SIMPLE_INSTRUMENT;BLOCK;CHF;56;77.85340000;500;EXCHANGE_LAST;;1;1;XEUR;10707780;1256;
07.02.2025;16:28:36.737;NESG SI 20250321 CS;SIMPLE_INSTRUMENT;BLOCK;CHF;85;77.65050000;200;EXCHANGE_LAST;;1;1;XEUR;10707780;1256;
07.02.2025;09:29:27.199;NESN SI 20250321 PS AM C 80.00 0;SIMPLE_INSTRUMENT;BLOCK;CHF;2;1.24000000;1500;EXCHANGE_LAST;;1;1;XEUR;10849735;1263;
07.02.2025;09:36:42.314;NESN.O.250207.RBER.000005;STANDARD_OPTION_STRATEGY;BLOCK;CHF;8;-1.26000000;2000;EXCHANGE_LAST;;1;1;XEUR;72063018581704592;1263;
07.02.2025;09:36:42.314;NESN SI 20250417 PS AM P 62.00 0;SIMPLE_INSTRUMENT;BLOCK;CHF;8;0.09000000;4000;PRC_DECOMP_EXCHANGE;;;;XEUR;12629663;1263;EXCHANGE
07.02.2025;09:36:42.314;NESN SI 20250417 PS AM P 76.00 0;SIMPLE_INSTRUMENT;BLOCK;CHF;8;1.44000000;2000;PRC_DECOMP_EXCHANGE;;;;XEUR;12629543;1263;EXCHANGE
07.02.2025;10:08:35.784;NESN SI 20250620 PS AM P 68.00 0;SIMPLE_INSTRUMENT;BLOCK;CHF;16;0.63000000;1000;EXCHANGE_LAST;;1;1;XEUR;8134428;1263;
07.02.2025;10:10:18.060;NESN SI 20250321 PS AM P 60.00 0;SIMPLE_INSTRUMENT;BLOCK;CHF;17;0.05000000;2000;EXCHANGE_LAST;;1;1;XEUR;10849689;1263;
07.02.2025;10:55:04.499;NESN.N.250207.000008;NON_STANDARD_OPTION_STRATEGY;BLOCK;CHF;24;0.53000000;1000;EXCHANGE_LAST;;1;1;XEUR;72063018581704595;1263;
07.02.2025;10:55:04.499;NESN SI 20250919 PS AM P 76.00 0;SIMPLE_INSTRUMENT;BLOCK;CHF;24;3.82000000;1000;PRC_DECOMP_EXCHANGE;;;;XEUR;11891490;1263;EXCHANGE
07.02.2025;10:55:04.499;NESN SI 20250321 PS AM C 76.00 0;SIMPLE_INSTRUMENT;BLOCK;CHF;24;3.29000000;1000;PRC_DECOMP_EXCHANGE;;;;XEUR;10849712;1263;EXCHANGE
07.02.2025;14:03:39.928;NESN SI 20250321 PS AM C 84.00 0;SIMPLE_INSTRUMENT;BLOCK;CHF;46;0.37000000;750;EXCHANGE_LAST;;1;1;XEUR;10849737;1263;
07.02.2025;15:32:33.098;NESN.O.250207.BLT.000014;STANDARD_OPTION_STRATEGY;BLOCK;CHF;63;0.50000000;3000;EXCHANGE_LAST;;1;1;XEUR;72063018581704601;1263;
07.02.2025;15:32:33.098;NESN SI 20250221 PS AM C 80.00 0;SIMPLE_INSTRUMENT;BLOCK;CHF;63;0.65000000;3000;PRC_DECOMP_EXCHANGE;;;;XEUR;12252597;1263;EXCHANGE
07.02.2025;15:32:33.098;NESN SI 20250321 PS AM C 80.00 0;SIMPLE_INSTRUMENT;BLOCK;CHF;63;1.15000000;3000;PRC_DECOMP_EXCHANGE;;;;XEUR;10849735;1263;EXCHANGE
07.02.2025;14:13:57.040;NEXI SI 20250619 PS AM C 5.20 0;SIMPLE_INSTRUMENT;BLOCK;EUR;7;0.19000000;5000;EXCHANGE_LAST;;1;1;XEUR;11340510;156130;
07.02.2025;16:20:19.117;NOVE.O.250207.COMBO.000005;STANDARD_OPTION_STRATEGY;BLOCK;CHF;69;-3.37000000;1000;EXCHANGE_LAST;;1;1;XEUR;75170345815905765;724744;
07.02.2025;16:20:19.117;NOVE SI 20261218 PS EU P 76.00 0;SIMPLE_INSTRUMENT;BLOCK;CHF;69;2.33000000;1000;PRC_DECOMP_EXCHANGE;;;;XEUR;10037683;724744;EXCHANGE
07.02.2025;16:20:19.117;NOVE SI 20261218 PS EU C 100.00 0;SIMPLE_INSTRUMENT;BLOCK;CHF;69;5.70000000;1000;PRC_DECOMP_EXCHANGE;;;;XEUR;10037586;724744;EXCHANGE
07.02.2025;15:59:11.456;NOVH SI 20250620 CS;SIMPLE_INSTRUMENT;BLOCK;CHF;70;95.30000000;1000;EXCHANGE_LAST;;1;1;XEUR;11213038;724742;
07.02.2025;16:12:29.823;NOVH SI 20250321 CS;SIMPLE_INSTRUMENT;BLOCK;CHF;73;94.43400000;200;EXCHANGE_LAST;;1;1;XEUR;10739776;724742;
07.02.2025;16:33:01.951;NOVH SI 20250221 CS;SIMPLE_INSTRUMENT;BLOCK;CHF;93;96.94790000;250;EXCHANGE_LAST;;1;1;XEUR;10606951;724742;
07.02.2025;09:38:30.995;NOVN SI 20250919 PS AM C 100.00 0;SIMPLE_INSTRUMENT;BLOCK;CHF;9;3.01000000;1000;EXCHANGE_LAST;;1;1;XEUR;11933263;724745;
07.02.2025;09:39:39.207;NOVN SI 20250321 PS AM C 100.00 0;SIMPLE_INSTRUMENT;BLOCK;CHF;10;0.80000000;1000;EXCHANGE_LAST;;1;1;XEUR;10891553;724745;
07.02.2025;14:17:01.318;NOVN.O.250207.PDIA.000012;STANDARD_OPTION_STRATEGY;BLOCK;CHF;51;10.30000000;1000;EXCHANGE_LAST;;1;1;XEUR;75170350110878690;724745;
07.02.2025;14:17:01.318;NOVN SI 20250620 PS AM P 88.00 0;SIMPLE_INSTRUMENT;BLOCK;CHF;51;1.18000000;1000;PRC_DECOMP_EXCHANGE;;;;XEUR;10239717;724745;EXCHANGE
07.02.2025;14:17:01.318;NOVN SI 20251219 PS AM P 104.00 0;SIMPLE_INSTRUMENT;BLOCK;CHF;51;11.48000000;1000;PRC_DECOMP_EXCHANGE;;;;XEUR;11139430;724745;EXCHANGE
07.02.2025;16:19:53.334;NOVN.O.250207.BRT.000015;STANDARD_OPTION_STRATEGY;BLOCK;CHF;71;3.00000000;1000;EXCHANGE_LAST;;1;1;XEUR;75170350110878693;724745;
07.02.2025;16:19:53.334;NOVN SI 20260619 PS AM P 84.00 0;SIMPLE_INSTRUMENT;BLOCK;CHF;71;3.75000000;1000;PRC_DECOMP_EXCHANGE;;;;XEUR;10037221;724745;EXCHANGE
07.02.2025;16:19:53.334;NOVN SI 20250620 PS AM P 84.00 0;SIMPLE_INSTRUMENT;BLOCK;CHF;71;0.75000000;1000;PRC_DECOMP_EXCHANGE;;;;XEUR;10037715;724745;EXCHANGE
07.02.2025;16:30:34.126;NOVN SI 20261218 PS AM P 84.00 0;SIMPLE_INSTRUMENT;BLOCK;CHF;73;4.85000000;1000;EXCHANGE_LAST;;1;1;XEUR;10036992;724745;
07.02.2025;16:57:43.671;NOVN SI 20261218 PS AM P 84.00 0;SIMPLE_INSTRUMENT;BLOCK;CHF;74;4.85000000;500;EXCHANGE_LAST;;1;1;XEUR;10036992;724745;
07.02.2025;09:28:05.662;OBTP.O.250207.BUL.000001;STANDARD_OPTION_STRATEGY;BLOCK;EUR;25;0.33000000;500;EXCHANGE_LAST;;1;1;XEUR;72310189654565841;58812;
07.02.2025;09:28:05.662;OBTP SI 20250221 PS AM C 122.00 0;SIMPLE_INSTRUMENT;BLOCK;EUR;25;0.20000000;500;PRC_DECOMP_EXCHANGE;;;;XEUR;11773109;58812;EXCHANGE
07.02.2025;09:28:05.662;OBTP SI 20250221 PS AM C 121.00 0;SIMPLE_INSTRUMENT;BLOCK;EUR;25;0.53000000;500;PRC_DECOMP_EXCHANGE;;;;XEUR;11773078;58812;EXCHANGE
07.02.2025;10:35:27.514;ODAX SI 20250221 CS EU P 22000 0;SIMPLE_INSTRUMENT;BLOCK;EUR;4;243.00000000;350;EXCHANGE_LAST;;1;1;XEUR;12372992;1176;
07.02.2025;10:46:12.767;ODAX SI 20250620 CS EU C 22000 0;SIMPLE_INSTRUMENT;BLOCK;EUR;9;869.40000000;1000;EXCHANGE_LAST;;1;1;XEUR;10989283;1176;
07.02.2025;10:46:19.396;ODAX SI 20250321 CS EU P 19000 0;SIMPLE_INSTRUMENT;BLOCK;EUR;10;22.80000000;3000;EXCHANGE_LAST;;1;1;XEUR;10382401;1176;
07.02.2025;14:15:49.980;ODAX.O.250207.CDIA.000357;STANDARD_OPTION_STRATEGY;BLOCK;EUR;15;138.00000000;400;EXCHANGE_LAST;;1;1;XEUR;72062644920407341;1176;
07.02.2025;14:15:49.980;ODAX SI 20250620 CS EU C 23000 0;SIMPLE_INSTRUMENT;BLOCK;EUR;15;347.90000000;400;PRC_DECOMP_EXCHANGE;;;;XEUR;9849740;1176;EXCHANGE
07.02.2025;14:15:49.980;ODAX SI 20250321 CS EU C 22400 0;SIMPLE_INSTRUMENT;BLOCK;EUR;15;209.90000000;400;PRC_DECOMP_EXCHANGE;;;;XEUR;11141521;1176;EXCHANGE
07.02.2025;14:56:12.896;ODAX SI 20250321 CS EU P 20000 0;SIMPLE_INSTRUMENT;BLOCK;EUR;18;60.00000000;2000;EXCHANGE_LAST;;1;1;XEUR;10382399;1176;
07.02.2025;16:28:51.377;ODAX SI 20250620 CS EU P 21100 0;SIMPLE_INSTRUMENT;BLOCK;EUR;21;410.70000000;862;EXCHANGE_LAST;;1;1;XEUR;12362227;1176;
07.02.2025;16:29:11.168;ODAX SI 20250620 CS EU P 19100 0;SIMPLE_INSTRUMENT;BLOCK;EUR;22;152.70000000;862;EXCHANGE_LAST;;1;1;XEUR;10958113;1176;
07.02.2025;09:13:46.034;ODAX.V.250207.CNV-U.000170;OPTION_VOLATILITY_STRATEGY;BLOCK;EUR;671088641;-91.00000000;2;EXCHANGE_LAST;;1;1;XEUR;72062644920407154;1176;
07.02.2025;09:13:46.034;ODAX SI 20250207 CS EU P 22000 0;SIMPLE_INSTRUMENT;BLOCK;EUR;671088641;91.10000000;850;PRC_DECOMP_EXCHANGE;;;;XEUR;12626779;1176;EXCHANGE
07.02.2025;09:13:46.034;FDAX SI 20250321 CS;SIMPLE_INSTRUMENT;BLOCK;EUR;671088641;22000.00000000;170;PRC_DECOMP_EXCHANGE;;;;XEUR;7561255;1176;EXCHANGE
07.02.2025;09:13:46.034;ODAX SI 20250207 CS EU C 22000 0;SIMPLE_INSTRUMENT;BLOCK;EUR;671088641;0.10000000;850;PRC_DECOMP_EXCHANGE;;;;XEUR;12626777;1176;EXCHANGE
07.02.2025;09:34:00.294;ODAX.V.250207.CNV-U.000192;OPTION_VOLATILITY_STRATEGY;BLOCK;EUR;671088642;-91.00000000;5;EXCHANGE_LAST;;1;1;XEUR;72062644920407176;1176;
07.02.2025;09:34:00.294;ODAX SI 20250207 CS EU P 22000 0;SIMPLE_INSTRUMENT;BLOCK;EUR;671088642;91.10000000;575;PRC_DECOMP_EXCHANGE;;;;XEUR;12626779;1176;EXCHANGE
07.02.2025;09:34:00.294;ODAX SI 20250207 CS EU C 22000 0;SIMPLE_INSTRUMENT;BLOCK;EUR;671088642;0.10000000;575;PRC_DECOMP_EXCHANGE;;;;XEUR;12626777;1176;EXCHANGE
07.02.2025;09:34:00.294;FDAX SI 20250321 CS;SIMPLE_INSTRUMENT;BLOCK;EUR;671088642;22000.00000000;115;PRC_DECOMP_EXCHANGE;;;;XEUR;7561255;1176;EXCHANGE
07.02.2025;10:35:45.963;ODAX.V.250207.PUT+U.000264;OPTION_VOLATILITY_STRATEGY;BLOCK;EUR;671088643;623.50000000;4;EXCHANGE_LAST;;1;1;XEUR;72062644920407248;1176;
07.02.2025;10:35:45.963;FDAX SI 20250321 CS;SIMPLE_INSTRUMENT;BLOCK;EUR;671088643;22000.00000000;24;PRC_DECOMP_EXCHANGE;;;;XEUR;7561255;1176;EXCHANGE
07.02.2025;10:35:45.963;ODAX SI 20250620 CS EU P 22000 0;SIMPLE_INSTRUMENT;BLOCK;EUR;671088643;623.50000000;700;PRC_DECOMP_EXCHANGE;;;;XEUR;10989284;1176;EXCHANGE
07.02.2025;10:43:17.593;ODAX.V.250207.BR23-U.000271;OPTION_VOLATILITY_STRATEGY;BLOCK;EUR;671088647;-99.00000000;4;EXCHANGE_LAST;;1;2;XEUR;72062644920407255;1176;
07.02.2025;10:43:17.593;ODAX SI 20250321 CS EU P 20000 0;SIMPLE_INSTRUMENT;BLOCK;EUR;671088647;60.00000000;3000;PRC_DECOMP_MEMBER;;;;XEUR;10382399;1176;MEMBER
07.02.2025;10:43:17.593;FDAX SI 20250321 CS;SIMPLE_INSTRUMENT;BLOCK;EUR;671088647;22000.00000000;28;PRC_DECOMP_MEMBER;;;;XEUR;7561255;1176;MEMBER
07.02.2025;10:43:17.593;ODAX SI 20250321 CS EU P 21000 0;SIMPLE_INSTRUMENT;BLOCK;EUR;671088647;139.50000000;2000;PRC_DECOMP_MEMBER;;;;XEUR;10342426;1176;MEMBER
07.02.2025;10:46:04.955;ODAX.V.250207.PUT+U.000282;OPTION_VOLATILITY_STRATEGY;BLOCK;EUR;671088648;79.60000000;20;EXCHANGE_LAST;;1;1;XEUR;72062644920407266;1176;
07.02.2025;10:46:04.955;ODAX SI 20250321 CS EU P 20500 0;SIMPLE_INSTRUMENT;BLOCK;EUR;671088648;79.60000000;3000;PRC_DECOMP_EXCHANGE;;;;XEUR;11994539;1176;EXCHANGE
07.02.2025;10:46:04.955;FDAX SI 20250321 CS;SIMPLE_INSTRUMENT;BLOCK;EUR;671088648;22019.00000000;160;PRC_DECOMP_EXCHANGE;;;;XEUR;7561255;1176;EXCHANGE
07.02.2025;12:26:26.409;ODAX.V.250207.BR23-U.000327;OPTION_VOLATILITY_STRATEGY;BLOCK;EUR;671088651;-98.00000000;4;EXCHANGE_LAST;;1;1;XEUR;72062644920407311;1176;
07.02.2025;12:26:26.409;ODAX SI 20250321 CS EU P 20000 0;SIMPLE_INSTRUMENT;BLOCK;EUR;671088651;60.00000000;1500;PRC_DECOMP_EXCHANGE;;;;XEUR;10382399;1176;EXCHANGE
07.02.2025;12:26:26.409;FDAX SI 20250321 CS;SIMPLE_INSTRUMENT;BLOCK;EUR;671088651;22000.00000000;16;PRC_DECOMP_EXCHANGE;;;;XEUR;7561255;1176;EXCHANGE
07.02.2025;12:26:26.409;ODAX SI 20250321 CS EU P 21000 0;SIMPLE_INSTRUMENT;BLOCK;EUR;671088651;139.00000000;1000;PRC_DECOMP_EXCHANGE;;;;XEUR;10342426;1176;EXCHANGE
07.02.2025;12:45:05.491;ODAX.V.250207.BR23-U.000327;OPTION_VOLATILITY_STRATEGY;BLOCK;EUR;671088652;-98.00000000;10;EXCHANGE_LAST;;1;2;XEUR;72062644920407311;1176;
07.02.2025;12:45:05.491;ODAX SI 20250321 CS EU P 20000 0;SIMPLE_INSTRUMENT;BLOCK;EUR;671088652;60.00000000;3750;PRC_DECOMP_MEMBER;;;;XEUR;10382399;1176;MEMBER
07.02.2025;12:45:05.491;FDAX SI 20250321 CS;SIMPLE_INSTRUMENT;BLOCK;EUR;671088652;22000.00000000;40;PRC_DECOMP_MEMBER;;;;XEUR;7561255;1176;MEMBER
07.02.2025;12:45:05.491;ODAX SI 20250321 CS EU P 21000 0;SIMPLE_INSTRUMENT;BLOCK;EUR;671088652;139.00000000;2500;PRC_DECOMP_MEMBER;;;;XEUR;10342426;1176;MEMBER
07.02.2025;13:07:59.307;ODAX.V.250207.PUT+U.000293;OPTION_VOLATILITY_STRATEGY;BLOCK;EUR;671088653;312.00000000;4;EXCHANGE_LAST;;1;1;XEUR;72062644920407277;1176;
07.02.2025;13:07:59.307;ODAX SI 20250620 CS EU P 20800 0;SIMPLE_INSTRUMENT;BLOCK;EUR;671088653;312.00000000;1000;PRC_DECOMP_EXCHANGE;;;;XEUR;10808510;1176;EXCHANGE
07.02.2025;13:07:59.307;FDAX SI 20250321 CS;SIMPLE_INSTRUMENT;BLOCK;EUR;671088653;22020.00000000;44;PRC_DECOMP_EXCHANGE;;;;XEUR;7561255;1176;EXCHANGE
07.02.2025;14:31:18.354;ODAX.V.250207.CALL-U.000358;OPTION_VOLATILITY_STRATEGY;BLOCK;EUR;671088656;294.50000000;1;EXCHANGE_LAST;;1;1;XEUR;72062644920407342;1176;
07.02.2025;14:31:18.354;ODAX SI 20250417 CS EU C 22500 0;SIMPLE_INSTRUMENT;BLOCK;EUR;671088656;294.50000000;400;PRC_DECOMP_EXCHANGE;;;;XEUR;12673958;1176;EXCHANGE
07.02.2025;14:31:18.354;FDAX SI 20250321 CS;SIMPLE_INSTRUMENT;BLOCK;EUR;671088656;21997.00000000;29;PRC_DECOMP_EXCHANGE;;;;XEUR;7561255;1176;EXCHANGE
07.02.2025;14:55:16.303;ODAX.V.250207.BLT-U.000363;OPTION_VOLATILITY_STRATEGY;BLOCK;EUR;671088657;211.40000000;2;EXCHANGE_LAST;;1;1;XEUR;72062644920407347;1176;
07.02.2025;14:55:16.303;ODAX SI 20250221 CS EU C 22000 0;SIMPLE_INSTRUMENT;BLOCK;EUR;671088657;180.00000000;350;PRC_DECOMP_MEMBER;;;;XEUR;12372993;1176;MEMBER
07.02.2025;14:55:16.303;FDAX SI 20250321 CS;SIMPLE_INSTRUMENT;BLOCK;EUR;671088657;21980.00000000;4;PRC_DECOMP_MEMBER;;;;XEUR;7561255;1176;MEMBER
07.02.2025;14:55:16.303;ODAX SI 20250321 CS EU C 22000 0;SIMPLE_INSTRUMENT;BLOCK;EUR;671088657;391.40000000;350;PRC_DECOMP_MEMBER;;;;XEUR;11141528;1176;MEMBER
07.02.2025;15:19:24.645;ODAX.V.250207.BR23-U.000369;OPTION_VOLATILITY_STRATEGY;BLOCK;EUR;671088659;-873.00000000;8;EXCHANGE_LAST;;1;1;XEUR;72062644920407353;1176;
07.02.2025;15:19:24.645;ODAX SI 20250620 CS EU P 22500 0;SIMPLE_INSTRUMENT;BLOCK;EUR;671088659;871.50000000;2000;PRC_DECOMP_EXCHANGE;;;;XEUR;10989282;1176;EXCHANGE
07.02.2025;15:19:24.645;FDAX SI 20250321 CS;SIMPLE_INSTRUMENT;BLOCK;EUR;671088659;21980.00000000;104;PRC_DECOMP_EXCHANGE;;;;XEUR;7561255;1176;EXCHANGE
07.02.2025;15:19:24.645;ODAX SI 20250620 CS EU P 20500 0;SIMPLE_INSTRUMENT;BLOCK;EUR;671088659;290.00000000;3000;PRC_DECOMP_EXCHANGE;;;;XEUR;9786184;1176;EXCHANGE
