#Date;TrdTime;Contract;ContractType;TrdTyp;Currency;TesId;Prc;Qty;TrdInd;Aggressor;Buy;Sell;Exch;InstrumentId;RelatedProdId;PrcDecomp
29.10.2024;16:44:57.743;A2XA SI 20261218 CS;SIMPLE_INSTRUMENT;BLOCK;EUR;38;2.09500000;250;EXCHANGE_LAST;;1;1;XEUR;4632093;17;
29.10.2024;10:31:13.560;ABBE.O.241029.COMBO.000001;STANDARD_OPTION_STRATEGY;BLOCK;CHF;13;0.35000000;10000;EXCHANGE_LAST;;1;3;XEUR;74525121468960204;574516;
29.10.2024;10:31:13.560;ABBE SI 20250919 PS EU C 52.00 0;SIMPLE_INSTRUMENT;BLOCK;CHF;13;2.46000000;10000;PRC_DECOMP_EXCHANGE;;;;XEUR;11927768;574516;EXCHANGE
29.10.2024;10:31:13.560;ABBE SI 20250919 PS EU P 46.00 0;SIMPLE_INSTRUMENT;BLOCK;CHF;13;2.81000000;10000;PRC_DECOMP_EXCHANGE;;;;XEUR;11927781;574516;EXCHANGE
29.10.2024;11:27:16.658;ABBG SI 20250321 CS;SIMPLE_INSTRUMENT;BLOCK;CHF;8;49.00000000;5000;EXCHANGE_LAST;;1;1;XEUR;10736154;574520;
29.10.2024;14:23:55.740;ABBG SI 20241220 CS;SIMPLE_INSTRUMENT;BLOCK;CHF;30;48.73000000;8500;EXCHANGE_LAST;;1;3;XEUR;8508601;574520;
29.10.2024;10:31:12.591;ADEN SI 20250919 PS AM P 24.00 0;SIMPLE_INSTRUMENT;BLOCK;CHF;14;1.50000000;800;EXCHANGE_LAST;;1;1;XEUR;11870200;44;
29.10.2024;13:53:06.213;ADEN.O.241029.BER.000001;STANDARD_OPTION_STRATEGY;BLOCK;CHF;30;1.23000000;1500;EXCHANGE_LAST;;1;1;XEUR;72057783016513482;44;
29.10.2024;13:53:06.213;ADEN SI 20250117 PS AM P 20.00 0;SIMPLE_INSTRUMENT;BLOCK;CHF;30;0.15000000;1500;PRC_DECOMP_EXCHANGE;;;;XEUR;12067034;44;EXCHANGE
29.10.2024;13:53:06.213;ADEN SI 20250117 PS AM P 28.00 0;SIMPLE_INSTRUMENT;BLOCK;CHF;30;1.38000000;1500;PRC_DECOMP_EXCHANGE;;;;XEUR;12067001;44;EXCHANGE
29.10.2024;09:34:25.358;ADS SI 20260619 PS AM P 180.00 0;SIMPLE_INSTRUMENT;BLOCK;EUR;3;14.03000000;250;EXCHANGE_LAST;;1;1;XEUR;9536537;50;
29.10.2024;14:35:40.245;AIR SI 20241220 PS AM P 150.00 0;SIMPLE_INSTRUMENT;BLOCK;EUR;30;0.54000000;430;EXCHANGE_LAST;;1;1;XEUR;11291019;64;
29.10.2024;10:07:52.543;ALV SI 20251219 PS AM P 290.00 0;SIMPLE_INSTRUMENT;BLOCK;EUR;1;20.95000000;750;EXCHANGE_LAST;;1;1;XEUR;12056991;74;
29.10.2024;10:08:06.242;ALV SI 20251219 PS AM C 290.00 0;SIMPLE_INSTRUMENT;BLOCK;EUR;2;26.00000000;750;EXCHANGE_LAST;;1;1;XEUR;12056997;74;
29.10.2024;10:08:16.953;ALV SI 20251219 PS AM C 250.00 0;SIMPLE_INSTRUMENT;BLOCK;EUR;3;56.00000000;950;EXCHANGE_LAST;;1;1;XEUR;11151282;74;
29.10.2024;10:08:28.042;ALV SI 20251219 PS AM P 250.00 0;SIMPLE_INSTRUMENT;BLOCK;EUR;4;9.00000000;950;EXCHANGE_LAST;;1;1;XEUR;11151281;74;
29.10.2024;14:58:13.476;ASI SI 20241115 PS AM P 470.00 0;SIMPLE_INSTRUMENT;BLOCK;EUR;14;10.20000000;503;EXCHANGE_LAST;;1;1;XEUR;12097367;76318;
29.10.2024;14:58:14.725;ASI SI 20241115 PS AM P 430.00 0;SIMPLE_INSTRUMENT;BLOCK;EUR;15;2.87000000;245;EXCHANGE_LAST;;1;1;XEUR;12097392;76318;
29.10.2024;14:58:17.347;ASI SI 20241115 PS AM P 430.00 0;SIMPLE_INSTRUMENT;BLOCK;EUR;16;2.88000000;258;EXCHANGE_LAST;;1;1;XEUR;12097392;76318;
29.10.2024;10:27:41.942;ASM SI 20241220 PS AM P 600.00 0;SIMPLE_INSTRUMENT;BLOCK;EUR;3;14.60000000;150;EXCHANGE_LAST;;1;1;XEUR;10395673;107;
29.10.2024;10:57:22.592;AXA.O.241029.BER.000007;STANDARD_OPTION_STRATEGY;BLOCK;EUR;12;0.07000000;2500;EXCHANGE_LAST;;1;1;XEUR;72058139498792999;127;
29.10.2024;10:57:22.592;AXA SI 20241115 PS AM P 28.00 0;SIMPLE_INSTRUMENT;BLOCK;EUR;12;0.06000000;2500;PRC_DECOMP_EXCHANGE;;;;XEUR;11699439;127;EXCHANGE
29.10.2024;10:57:22.592;AXA SI 20241115 PS AM P 32.00 0;SIMPLE_INSTRUMENT;BLOCK;EUR;12;0.13000000;2500;PRC_DECOMP_EXCHANGE;;;;XEUR;11699426;127;EXCHANGE
29.10.2024;15:00:33.039;AXA SI 20241220 PS AM C 36.00 0;SIMPLE_INSTRUMENT;BLOCK;EUR;33;0.84000000;2500;EXCHANGE_LAST;;1;1;XEUR;6271785;127;
29.10.2024;11:07:20.139;AXAE.O.241029.CNV.000002;STANDARD_OPTION_STRATEGY;BLOCK;EUR;14;2.60000000;10000;EXCHANGE_LAST;;1;1;XEUR;72058135203809544;126;
29.10.2024;11:07:20.139;AXAE SI 20251219 PS EU P 32.00 0;SIMPLE_INSTRUMENT;BLOCK;EUR;14;1.91000000;10000;PRC_DECOMP_EXCHANGE;;;;XEUR;6158593;126;EXCHANGE
29.10.2024;11:07:20.139;AXAE SI 20251219 PS EU C 32.00 0;SIMPLE_INSTRUMENT;BLOCK;EUR;14;4.51000000;10000;PRC_DECOMP_EXCHANGE;;;;XEUR;6158592;126;EXCHANGE
29.10.2024;11:10:30.199;AXAE.O.241029.CNV.000001;STANDARD_OPTION_STRATEGY;BLOCK;EUR;15;-1.30000000;10000;EXCHANGE_LAST;;1;1;XEUR;72058135203809543;126;
29.10.2024;11:10:30.199;AXAE SI 20251219 PS EU P 36.00 0;SIMPLE_INSTRUMENT;BLOCK;EUR;15;3.59000000;10000;PRC_DECOMP_EXCHANGE;;;;XEUR;6271830;126;EXCHANGE
29.10.2024;11:10:30.199;AXAE SI 20251219 PS EU C 36.00 0;SIMPLE_INSTRUMENT;BLOCK;EUR;15;2.29000000;10000;PRC_DECOMP_EXCHANGE;;;;XEUR;6271829;126;EXCHANGE
29.10.2024;13:43:19.578;B2NP SI 20251219 CS;SIMPLE_INSTRUMENT;BLOCK;EUR;24;4.89000000;350;EXCHANGE_LAST;;1;1;XEUR;5914355;131;
29.10.2024;13:51:46.171;B2NP SI 20261218 CS;SIMPLE_INSTRUMENT;BLOCK;EUR;25;4.56000000;250;EXCHANGE_LAST;;1;1;XEUR;6798320;131;
29.10.2024;15:47:12.153;BALN SI 20241220 PS AM C 170.00 0;SIMPLE_INSTRUMENT;BLOCK;CHF;45;3.45000000;750;EXCHANGE_LAST;;2;1;XEUR;10396140;147;
29.10.2024;09:04:32.930;BAS.N.241029.000001;NON_STANDARD_OPTION_STRATEGY;BLOCK;EUR;1;3.81000000;2000;EXCHANGE_LAST;;1;1;XEUR;72058238283088395;150;
29.10.2024;09:04:32.930;BAS SI 20241115 PS AM C 45.00 0;SIMPLE_INSTRUMENT;BLOCK;EUR;1;1.75000000;2000;PRC_DECOMP_EXCHANGE;;;;XEUR;11699740;150;EXCHANGE
29.10.2024;09:04:32.930;BAS SI 20250919 PS AM P 48.00 0;SIMPLE_INSTRUMENT;BLOCK;EUR;1;5.56000000;2000;PRC_DECOMP_EXCHANGE;;;;XEUR;11873027;150;EXCHANGE
29.10.2024;09:37:17.781;BAS.O.241029.PDIA.000003;STANDARD_OPTION_STRATEGY;BLOCK;EUR;3;4.63000000;2000;EXCHANGE_LAST;;1;1;XEUR;72058238283088397;150;
29.10.2024;09:37:17.781;BAS SI 20250620 PS AM P 48.00 0;SIMPLE_INSTRUMENT;BLOCK;EUR;3;5.14000000;2000;PRC_DECOMP_EXCHANGE;;;;XEUR;7898976;150;EXCHANGE
29.10.2024;09:37:17.781;BAS SI 20241115 PS AM P 44.00 0;SIMPLE_INSTRUMENT;BLOCK;EUR;3;0.51000000;2000;PRC_DECOMP_EXCHANGE;;;;XEUR;11699814;150;EXCHANGE
29.10.2024;09:45:13.827;BAS SI 20250321 PS AM C 52.00 0;SIMPLE_INSTRUMENT;BLOCK;EUR;4;0.91000000;2000;EXCHANGE_LAST;;1;1;XEUR;10831049;150;
29.10.2024;10:07:50.784;BAS.N.241029.000001;NON_STANDARD_OPTION_STRATEGY;BLOCK;EUR;5;3.81000000;1000;EXCHANGE_LAST;;1;1;XEUR;72058238283088395;150;
29.10.2024;10:07:50.784;BAS SI 20250919 PS AM P 48.00 0;SIMPLE_INSTRUMENT;BLOCK;EUR;5;5.56000000;1000;PRC_DECOMP_MEMBER;;;;XEUR;11873027;150;MEMBER
29.10.2024;10:07:50.784;BAS SI 20241115 PS AM C 45.00 0;SIMPLE_INSTRUMENT;BLOCK;EUR;5;1.75000000;1000;PRC_DECOMP_MEMBER;;;;XEUR;11699740;150;MEMBER
29.10.2024;10:26:20.934;BAS SI 20250321 PS AM P 42.00 0;SIMPLE_INSTRUMENT;BLOCK;EUR;7;1.17000000;500;EXCHANGE_LAST;;1;1;XEUR;10830938;150;
29.10.2024;10:26:21.884;BAS SI 20250321 PS AM P 42.00 0;SIMPLE_INSTRUMENT;BLOCK;EUR;8;1.18000000;500;EXCHANGE_LAST;;1;1;XEUR;10830938;150;
29.10.2024;11:19:38.182;BAS SI 20241220 PS AM P 44.00 0;SIMPLE_INSTRUMENT;BLOCK;EUR;9;0.94000000;4000;EXCHANGE_LAST;;1;1;XEUR;4705204;150;
29.10.2024;11:33:22.640;BAS.O.241029.STG.000006;STANDARD_OPTION_STRATEGY;BLOCK;EUR;10;7.20000000;2000;EXCHANGE_LAST;;1;1;XEUR;72058238283088400;150;
29.10.2024;11:33:22.640;BAS SI 20261218 PS AM P 40.00 0;SIMPLE_INSTRUMENT;BLOCK;EUR;10;3.89000000;2000;PRC_DECOMP_EXCHANGE;;;;XEUR;7467515;150;EXCHANGE
29.10.2024;11:33:22.640;BAS SI 20261218 PS AM C 52.00 0;SIMPLE_INSTRUMENT;BLOCK;EUR;10;3.31000000;2000;PRC_DECOMP_EXCHANGE;;;;XEUR;7153476;150;EXCHANGE
29.10.2024;11:50:31.826;BAS.O.241029.COMBO.000007;STANDARD_OPTION_STRATEGY;BLOCK;EUR;11;-0.35000000;500;EXCHANGE_LAST;;1;1;XEUR;72058238283088401;150;
29.10.2024;11:50:31.826;BAS SI 20241115 PS AM P 42.00 0;SIMPLE_INSTRUMENT;BLOCK;EUR;11;0.21000000;500;PRC_DECOMP_EXCHANGE;;;;XEUR;11699789;150;EXCHANGE
29.10.2024;11:50:31.826;BAS SI 20241115 PS AM C 48.00 0;SIMPLE_INSTRUMENT;BLOCK;EUR;11;0.56000000;500;PRC_DECOMP_EXCHANGE;;;;XEUR;11754659;150;EXCHANGE
29.10.2024;11:53:39.342;BAS.O.241029.RBUL.000008;STANDARD_OPTION_STRATEGY;BLOCK;EUR;12;0.23000000;500;EXCHANGE_LAST;;1;1;XEUR;72058238283088402;150;
29.10.2024;11:53:39.342;BAS SI 20241220 PS AM C 48.00 0;SIMPLE_INSTRUMENT;BLOCK;EUR;12;1.09000000;1000;PRC_DECOMP_EXCHANGE;;;;XEUR;4639209;150;EXCHANGE
29.10.2024;11:53:39.342;BAS SI 20241220 PS AM C 46.00 0;SIMPLE_INSTRUMENT;BLOCK;EUR;12;1.95000000;500;PRC_DECOMP_EXCHANGE;;;;XEUR;7509951;150;EXCHANGE
29.10.2024;12:24:55.044;BAS.O.241029.BUL.000009;STANDARD_OPTION_STRATEGY;BLOCK;EUR;13;0.84000000;1000;EXCHANGE_LAST;;1;2;XEUR;72058238283088403;150;
29.10.2024;12:24:55.044;BAS SI 20241220 PS AM C 48.00 0;SIMPLE_INSTRUMENT;BLOCK;EUR;13;1.08000000;1000;PRC_DECOMP_EXCHANGE;;;;XEUR;4639209;150;EXCHANGE
29.10.2024;12:24:55.044;BAS SI 20241220 PS AM C 52.00 0;SIMPLE_INSTRUMENT;BLOCK;EUR;13;0.24000000;1000;PRC_DECOMP_EXCHANGE;;;;XEUR;4639211;150;EXCHANGE
29.10.2024;12:32:42.068;BAS.O.241029.RBUL.000013;STANDARD_OPTION_STRATEGY;BLOCK;EUR;14;-0.99000000;500;EXCHANGE_LAST;;1;1;XEUR;72058238283088407;150;
29.10.2024;12:32:42.068;BAS SI 20241220 PS AM C 44.00 0;SIMPLE_INSTRUMENT;BLOCK;EUR;14;3.15000000;500;PRC_DECOMP_EXCHANGE;;;;XEUR;4705199;150;EXCHANGE
29.10.2024;12:32:42.068;BAS SI 20241220 PS AM C 48.00 0;SIMPLE_INSTRUMENT;BLOCK;EUR;14;1.08000000;1000;PRC_DECOMP_EXCHANGE;;;;XEUR;4639209;150;EXCHANGE
29.10.2024;14:54:07.022;BAS SI 20241220 PS AM C 44.00 0;SIMPLE_INSTRUMENT;BLOCK;EUR;15;2.89000000;1000;EXCHANGE_LAST;;1;1;XEUR;4705199;150;
29.10.2024;15:30:53.230;BAS.O.241029.RBUL.000017;STANDARD_OPTION_STRATEGY;BLOCK;EUR;17;-0.85000000;1000;EXCHANGE_LAST;;1;2;XEUR;72058238283088411;150;
29.10.2024;15:30:53.230;BAS SI 20241220 PS AM C 46.00 0;SIMPLE_INSTRUMENT;BLOCK;EUR;17;1.55000000;1000;PRC_DECOMP_EXCHANGE;;;;XEUR;7509951;150;EXCHANGE
29.10.2024;15:30:53.230;BAS SI 20241220 PS AM C 50.00 0;SIMPLE_INSTRUMENT;BLOCK;EUR;17;0.35000000;2000;PRC_DECOMP_EXCHANGE;;;;XEUR;7509957;150;EXCHANGE
29.10.2024;16:01:06.537;BAS SI 20270618 PS AM P 40.00 0;SIMPLE_INSTRUMENT;BLOCK;EUR;18;4.72000000;2000;EXCHANGE_LAST;;1;1;XEUR;11350906;150;
29.10.2024;16:41:23.643;BASG SI 20241220 CS;SIMPLE_INSTRUMENT;BLOCK;EUR;37;45.76160000;3840;EXCHANGE_LAST;;1;1;XEUR;7032007;171;
29.10.2024;09:08:52.847;BAY.O.241029.STG.000014;STANDARD_OPTION_STRATEGY;BLOCK;EUR;2;3.06000000;2000;EXCHANGE_LAST;;1;1;XEUR;72058315592504523;168;
29.10.2024;09:08:52.847;BAY SI 20250321 PS AM P 26.00 0;SIMPLE_INSTRUMENT;BLOCK;EUR;2;1.91000000;2000;PRC_DECOMP_EXCHANGE;;;;XEUR;10831459;168;EXCHANGE
29.10.2024;09:08:52.847;BAY SI 20250321 PS AM C 29.00 0;SIMPLE_INSTRUMENT;BLOCK;EUR;2;1.15000000;2000;PRC_DECOMP_EXCHANGE;;;;XEUR;11992351;168;EXCHANGE
29.10.2024;11:52:50.705;BBVD SI 20241220 PS AM C 9.50 0;SIMPLE_INSTRUMENT;BLOCK;EUR;6;0.25000000;1500;EXCHANGE_LAST;;1;1;XEUR;9539825;172;
29.10.2024;11:52:58.705;BBVD SI 20241220 PS AM C 9.50 0;SIMPLE_INSTRUMENT;BLOCK;EUR;7;0.26000000;1500;EXCHANGE_LAST;;1;1;XEUR;9539825;172;
29.10.2024;10:55:06.575;BMW SI 20251219 PS AM C 80.00 0;SIMPLE_INSTRUMENT;BLOCK;EUR;8;5.45000000;500;EXCHANGE_LAST;;1;1;XEUR;7126197;210;
29.10.2024;14:49:38.935;BMW SI 20241220 PS AM P 76.00 0;SIMPLE_INSTRUMENT;BLOCK;EUR;25;3.72000000;1480;EXCHANGE_LAST;;1;1;XEUR;4640268;210;
29.10.2024;10:36:34.434;BNP SI 20250117 PS AM P 65.00 0;SIMPLE_INSTRUMENT;BLOCK;EUR;8;2.00000000;1500;EXCHANGE_LAST;;2;1;XEUR;12070472;237;
29.10.2024;11:23:47.260;BNP SI 20250620 PS AM C 72.00 0;SIMPLE_INSTRUMENT;BLOCK;EUR;17;2.70000000;500;EXCHANGE_LAST;;1;1;XEUR;8114378;237;
29.10.2024;08:30:18.526;BNPE.O.241029.CNV.000001;STANDARD_OPTION_STRATEGY;BLOCK;EUR;1;4.23000000;1500;EXCHANGE_LAST;;1;1;XEUR;73339757739901000;298527;
29.10.2024;08:30:18.526;BNPE SI 20251219 PS EU C 60.00 0;SIMPLE_INSTRUMENT;BLOCK;EUR;1;8.82000000;1500;PRC_DECOMP_EXCHANGE;;;;XEUR;5995748;298527;EXCHANGE
29.10.2024;08:30:18.526;BNPE SI 20251219 PS EU P 60.00 0;SIMPLE_INSTRUMENT;BLOCK;EUR;1;4.59000000;1500;PRC_DECOMP_EXCHANGE;;;;XEUR;5995749;298527;EXCHANGE
29.10.2024;08:30:33.356;BNPE.O.241029.CNV.000001;STANDARD_OPTION_STRATEGY;BLOCK;EUR;2;4.24000000;1500;EXCHANGE_LAST;;1;1;XEUR;73339757739901000;298527;
29.10.2024;08:30:33.356;BNPE SI 20251219 PS EU P 60.00 0;SIMPLE_INSTRUMENT;BLOCK;EUR;2;4.58000000;1500;PRC_DECOMP_EXCHANGE;;;;XEUR;5995749;298527;EXCHANGE
29.10.2024;08:30:33.356;BNPE SI 20251219 PS EU C 60.00 0;SIMPLE_INSTRUMENT;BLOCK;EUR;2;8.82000000;1500;PRC_DECOMP_EXCHANGE;;;;XEUR;5995748;298527;EXCHANGE
29.10.2024;14:50:52.884;BPT SI 20250919 PS AM P 360 0;SIMPLE_INSTRUMENT;BLOCK;GBX;6;22.50000000;1000;EXCHANGE_LAST;;1;1;XEUR;11875289;250;
29.10.2024;10:26:42.769;CBK SI 20241220 PS AM P 16.00 0;SIMPLE_INSTRUMENT;BLOCK;EUR;4;0.64000000;5000;EXCHANGE_LAST;;2;1;XEUR;7372799;268;
29.10.2024;09:06:16.020;CFR SI 20241115 PS AM P 112.00 0;SIMPLE_INSTRUMENT;BLOCK;CHF;1;0.55000000;1000;EXCHANGE_LAST;;1;1;XEUR;11702424;313;
29.10.2024;14:20:23.543;CFRE.O.241029.COMBO.000001;STANDARD_OPTION_STRATEGY;BLOCK;CHF;36;-1.65000000;750;EXCHANGE_LAST;;1;1;XEUR;72728162986889559;156129;
29.10.2024;14:20:23.543;CFRE SI 20241220 PS EU P 122.00 0;SIMPLE_INSTRUMENT;BLOCK;CHF;36;2.72000000;750;PRC_DECOMP_EXCHANGE;;;;XEUR;11329093;156129;EXCHANGE
29.10.2024;14:20:23.543;CFRE SI 20241220 PS EU C 134.00 0;SIMPLE_INSTRUMENT;BLOCK;CHF;36;4.37000000;750;PRC_DECOMP_EXCHANGE;;;;XEUR;11329145;156129;EXCHANGE
29.10.2024;14:35:38.525;CGM SI 20241115 PS AM P 176.00 0;SIMPLE_INSTRUMENT;BLOCK;EUR;29;5.45000000;250;EXCHANGE_LAST;;1;1;XEUR;11702370;317;
29.10.2024;09:12:16.968;DAI.O.241029.STG.000008;STANDARD_OPTION_STRATEGY;BLOCK;EUR;1;5.02000000;1250;EXCHANGE_LAST;;1;1;XEUR;73961106363660476;443196;
29.10.2024;09:12:16.968;DAI SI 20250321 PS AM C 60.00 0;SIMPLE_INSTRUMENT;BLOCK;EUR;1;2.60000000;1250;PRC_DECOMP_EXCHANGE;;;;XEUR;10884520;443196;EXCHANGE
29.10.2024;09:12:16.968;DAI SI 20250321 PS AM P 56.00 0;SIMPLE_INSTRUMENT;BLOCK;EUR;1;2.42000000;1250;PRC_DECOMP_EXCHANGE;;;;XEUR;10884518;443196;EXCHANGE
29.10.2024;09:24:47.990;DAI.O.241029.STD.000012;STANDARD_OPTION_STRATEGY;BLOCK;EUR;4;11.76000000;3300;EXCHANGE_LAST;;1;1;XEUR;73961106363660480;443196;
29.10.2024;09:24:47.990;DAI SI 20251219 PS AM C 56.00 0;SIMPLE_INSTRUMENT;BLOCK;EUR;4;6.14000000;3300;PRC_DECOMP_EXCHANGE;;;;XEUR;7349883;443196;EXCHANGE
29.10.2024;09:24:47.990;DAI SI 20251219 PS AM P 56.00 0;SIMPLE_INSTRUMENT;BLOCK;EUR;4;5.62000000;3300;PRC_DECOMP_EXCHANGE;;;;XEUR;7349881;443196;EXCHANGE
29.10.2024;09:54:23.519;DAI SI 20241115 PS AM P 56.00 0;SIMPLE_INSTRUMENT;BLOCK;EUR;5;0.76000000;1500;EXCHANGE_LAST;;1;1;XEUR;11738658;443196;
29.10.2024;10:11:33.483;DAI SI 20241220 PS AM C 60.00 0;SIMPLE_INSTRUMENT;BLOCK;EUR;7;1.14000000;2000;EXCHANGE_LAST;;2;1;XEUR;7144858;443196;
29.10.2024;13:14:07.977;DAI.O.241029.COMBO.000023;STANDARD_OPTION_STRATEGY;BLOCK;EUR;17;-0.27000000;750;EXCHANGE_LAST;;1;1;XEUR;73961106363660491;443196;
29.10.2024;13:14:07.977;DAI SI 20241220 PS AM C 60.00 0;SIMPLE_INSTRUMENT;BLOCK;EUR;17;1.09000000;750;PRC_DECOMP_EXCHANGE;;;;XEUR;7144858;443196;EXCHANGE
29.10.2024;13:14:07.977;DAI SI 20241220 PS AM P 54.00 0;SIMPLE_INSTRUMENT;BLOCK;EUR;17;0.82000000;750;PRC_DECOMP_EXCHANGE;;;;XEUR;7349878;443196;EXCHANGE
29.10.2024;11:17:22.838;DBK SI 20251219 PS AM P 13.50 0;SIMPLE_INSTRUMENT;BLOCK;EUR;7;1.06000000;3000;EXCHANGE_LAST;;1;1;XEUR;12059334;362;
29.10.2024;11:51:20.329;DHE SI 20251219 PS AM C 52.00 0;SIMPLE_INSTRUMENT;BLOCK;EUR;6;7.25000000;800;EXCHANGE_LAST;;1;1;XEUR;7279022;57135;
29.10.2024;15:46:45.607;DHE.O.241029.BLT.000001;STANDARD_OPTION_STRATEGY;BLOCK;EUR;9;3.39000000;300;EXCHANGE_LAST;;1;1;XEUR;72302986994398029;57135;
29.10.2024;15:46:45.607;DHE SI 20250919 PS AM C 46.00 0;SIMPLE_INSTRUMENT;BLOCK;EUR;9;8.10000000;300;PRC_DECOMP_EXCHANGE;;;;XEUR;11910434;57135;EXCHANGE
29.10.2024;15:46:45.607;DHE SI 20250321 PS AM C 46.00 0;SIMPLE_INSTRUMENT;BLOCK;EUR;9;4.71000000;300;PRC_DECOMP_EXCHANGE;;;;XEUR;10986856;57135;EXCHANGE
29.10.2024;12:41:34.928;DPW SI 20241220 PS AM P 36.00 0;SIMPLE_INSTRUMENT;BLOCK;EUR;7;0.65000000;1500;EXCHANGE_LAST;;1;1;XEUR;4643148;445;
29.10.2024;11:14:52.340;DTE.O.241029.CNV.000011;STANDARD_OPTION_STRATEGY;BLOCK;EUR;5;1.69000000;1500;EXCHANGE_LAST;;1;1;XEUR;72059415104104647;424;
29.10.2024;11:14:52.340;DTE SI 20250321 PS AM P 27.00 0;SIMPLE_INSTRUMENT;BLOCK;EUR;5;0.46000000;1500;PRC_DECOMP_EXCHANGE;;;;XEUR;11523269;424;EXCHANGE
29.10.2024;11:14:52.340;DTE SI 20250321 PS AM C 27.00 0;SIMPLE_INSTRUMENT;BLOCK;EUR;5;2.15000000;1500;PRC_DECOMP_EXCHANGE;;;;XEUR;11523272;424;EXCHANGE
29.10.2024;09:35:00.343;E2IA SI 20241220 CS;SIMPLE_INSTRUMENT;BLOCK;EUR;3;2.25000000;216;EXCHANGE_LAST;;1;1;XEUR;4632355;57105;
29.10.2024;09:02:29.322;E2NT SI 20261218 CS;SIMPLE_INSTRUMENT;BLOCK;EUR;1;0.96500000;815;EXCHANGE_LAST;;1;1;XEUR;4632357;470;
29.10.2024;16:20:55.793;EAD.O.241029.STG.000002;STANDARD_OPTION_STRATEGY;BLOCK;EUR;36;10.50000000;500;EXCHANGE_LAST;;1;1;XEUR;72059591197744905;465;
29.10.2024;16:20:55.793;EAD SI 20250321 PS AM P 130.00 0;SIMPLE_INSTRUMENT;BLOCK;EUR;36;4.78000000;500;PRC_DECOMP_EXCHANGE;;;;XEUR;11013891;465;EXCHANGE
29.10.2024;16:20:55.793;EAD SI 20250321 PS AM C 150.00 0;SIMPLE_INSTRUMENT;BLOCK;EUR;36;5.72000000;500;PRC_DECOMP_EXCHANGE;;;;XEUR;11013888;465;EXCHANGE
29.10.2024;09:34:41.825;EIAG SI 20241220 CS;SIMPLE_INSTRUMENT;BLOCK;EUR;2;44.83940000;2500;EXCHANGE_LAST;;1;1;XEUR;7035478;509;
29.10.2024;13:41:13.203;ENR SI 20241115 PS AM C 38.00 0;SIMPLE_INSTRUMENT;BLOCK;EUR;8;1.92000000;1000;EXCHANGE_LAST;;1;1;XEUR;11859556;298530;
29.10.2024;13:38:32.898;EOA SI 20241115 PS AM P 12.00 0;SIMPLE_INSTRUMENT;BLOCK;EUR;20;0.04000000;2500;EXCHANGE_LAST;;1;1;XEUR;11725923;49065;
29.10.2024;13:38:40.488;EOA SI 20241115 PS AM P 12.00 0;SIMPLE_INSTRUMENT;BLOCK;EUR;21;0.05000000;2500;EXCHANGE_LAST;;1;1;XEUR;11725923;49065;
29.10.2024;10:23:34.741;EVK SI 20241220 PS AM C 20.00 0;SIMPLE_INSTRUMENT;BLOCK;EUR;6;1.02000000;4000;EXCHANGE_LAST;;3;2;XEUR;4645079;10806;
29.10.2024;12:45:33.713;F3TE SI 20261218 CS;SIMPLE_INSTRUMENT;BLOCK;EUR;17;0.69500000;500;EXCHANGE_LAST;;1;1;XEUR;6633899;390379;
29.10.2024;08:22:27.399;FBTP SI 20241206 PS;SIMPLE_INSTRUMENT;EFP_FIN;EUR;1;121.15000000;192;EXCHANGE_LAST;;1;1;XEUR;10804520;636;
29.10.2024;08:23:16.409;FBTP SI 20241206 PS;SIMPLE_INSTRUMENT;EFP_FIN;EUR;2;121.02000000;385;EXCHANGE_LAST;;1;1;XEUR;10804520;636;
29.10.2024;08:36:24.577;FBTP SI 20241206 PS;SIMPLE_INSTRUMENT;EFP_FIN;EUR;3;121.33000000;130;EXCHANGE_LAST;;1;1;XEUR;10804520;636;
29.10.2024;09:18:22.667;FBTP SI 20241206 PS;SIMPLE_INSTRUMENT;EFP_FIN;EUR;4;120.73000000;481;EXCHANGE_LAST;;1;1;XEUR;10804520;636;
29.10.2024;09:39:13.598;FBTP SI 20241206 PS;SIMPLE_INSTRUMENT;EFP_FIN;EUR;5;120.70000000;156;EXCHANGE_LAST;;1;1;XEUR;10804520;636;
29.10.2024;09:45:37.264;FBTP SI 20241206 PS;SIMPLE_INSTRUMENT;BLOCK;EUR;6;120.72000000;481;EXCHANGE_LAST;;1;1;XEUR;10804520;636;
29.10.2024;09:47:44.217;FBTP SI 20241206 PS;SIMPLE_INSTRUMENT;EFP_FIN;EUR;7;120.74000000;393;EXCHANGE_LAST;;1;1;XEUR;10804520;636;
29.10.2024;09:56:01.035;FBTP SI 20241206 PS;SIMPLE_INSTRUMENT;EFP_FIN;EUR;8;120.72000000;201;EXCHANGE_LAST;;1;1;XEUR;10804520;636;
29.10.2024;11:01:34.042;FBTP SI 20241206 PS;SIMPLE_INSTRUMENT;EFP_FIN;EUR;9;120.73000000;223;EXCHANGE_LAST;;1;1;XEUR;10804520;636;
29.10.2024;11:28:17.352;FBTP SI 20241206 PS;SIMPLE_INSTRUMENT;EFS;EUR;10;120.79000000;1050;EXCHANGE_LAST;;1;1;XEUR;10804520;636;
29.10.2024;12:07:37.493;FBTP SI 20241206 PS;SIMPLE_INSTRUMENT;BLOCK;EUR;11;120.72000000;922;EXCHANGE_LAST;;1;1;XEUR;10804520;636;
29.10.2024;12:56:28.017;FBTP SI 20241206 PS;SIMPLE_INSTRUMENT;BLOCK;EUR;12;120.63000000;780;EXCHANGE_LAST;;1;1;XEUR;10804520;636;
29.10.2024;12:57:39.351;FBTP SI 20241206 PS;SIMPLE_INSTRUMENT;BLOCK;EUR;13;120.66000000;545;EXCHANGE_LAST;;1;1;XEUR;10804520;636;
29.10.2024;13:41:36.772;FBTP SI 20241206 PS;SIMPLE_INSTRUMENT;EFP_FIN;EUR;14;120.59000000;253;EXCHANGE_LAST;;1;1;XEUR;10804520;636;
29.10.2024;13:40:11.893;FBTP SI 20241206 PS;SIMPLE_INSTRUMENT;EFP_FIN;EUR;15;120.55000000;127;EXCHANGE_LAST;;1;1;XEUR;10804520;636;
29.10.2024;13:50:30.123;FBTP SI 20241206 PS;SIMPLE_INSTRUMENT;EFS;EUR;16;120.60000000;1052;EXCHANGE_LAST;;1;1;XEUR;10804520;636;
29.10.2024;15:03:37.846;FBTP SI 20241206 PS;SIMPLE_INSTRUMENT;EFP_FIN;EUR;17;120.66000000;1125;EXCHANGE_LAST;;1;1;XEUR;10804520;636;
29.10.2024;15:16:02.593;FBTP SI 20241206 PS;SIMPLE_INSTRUMENT;EFP_FIN;EUR;18;120.70000000;450;EXCHANGE_LAST;;1;1;XEUR;10804520;636;
29.10.2024;15:38:16.097;FBTP SI 20241206 PS;SIMPLE_INSTRUMENT;EFP_FIN;EUR;19;120.55000000;134;EXCHANGE_LAST;;1;1;XEUR;10804520;636;
29.10.2024;16:19:48.820;FBTP SI 20241206 PS;SIMPLE_INSTRUMENT;EFP_FIN;EUR;20;120.57000000;164;EXCHANGE_LAST;;1;1;XEUR;10804520;636;
29.10.2024;16:55:21.576;FBTP SI 20241206 PS;SIMPLE_INSTRUMENT;EFP_FIN;EUR;21;120.56000000;500;EXCHANGE_LAST;;1;1;XEUR;10804520;636;
29.10.2024;08:43:03.384;FBTS SI 20241206 PS;SIMPLE_INSTRUMENT;EFP_FIN;EUR;2;107.34000000;957;EXCHANGE_LAST;;1;1;XEUR;10804522;639;
29.10.2024;08:48:59.060;FBTS SI 20241206 PS;SIMPLE_INSTRUMENT;EFP_FIN;EUR;3;107.37000000;1227;EXCHANGE_LAST;;1;1;XEUR;10804522;639;
29.10.2024;09:00:00.047;FBTS SI 20241206 PS;SIMPLE_INSTRUMENT;BLOCK;EUR;5;107.38000000;1085;EXCHANGE_LAST;;1;1;XEUR;10804522;639;
29.10.2024;09:07:30.736;FBTS SI 20241206 PS;SIMPLE_INSTRUMENT;EFP_FIN;EUR;7;107.34000000;483;EXCHANGE_LAST;;1;1;XEUR;10804522;639;
29.10.2024;09:09:03.930;FBTS SI 20241206 PS;SIMPLE_INSTRUMENT;EFP_FIN;EUR;8;107.34000000;483;EXCHANGE_LAST;;1;1;XEUR;10804522;639;
29.10.2024;09:12:25.848;FBTS SI 20241206 PS;SIMPLE_INSTRUMENT;EFP_FIN;EUR;9;107.34000000;1449;EXCHANGE_LAST;;1;1;XEUR;10804522;639;
29.10.2024;09:13:16.777;FBTS SI 20241206 PS;SIMPLE_INSTRUMENT;EFP_FIN;EUR;10;107.34000000;483;EXCHANGE_LAST;;1;1;XEUR;10804522;639;
29.10.2024;09:19:51.770;FBTS SI 20241206 PS;SIMPLE_INSTRUMENT;EFP_FIN;EUR;11;107.33000000;966;EXCHANGE_LAST;;1;1;XEUR;10804522;639;
29.10.2024;10:12:46.884;FBTS SI 20241206 PS;SIMPLE_INSTRUMENT;EFP_FIN;EUR;12;107.31000000;421;EXCHANGE_LAST;;1;1;XEUR;10804522;639;
29.10.2024;10:24:55.546;FBTS SI 20241206 PS;SIMPLE_INSTRUMENT;EFP_FIN;EUR;14;107.32000000;789;EXCHANGE_LAST;;1;1;XEUR;10804522;639;
29.10.2024;10:32:21.529;FBTS SI 20241206 PS;SIMPLE_INSTRUMENT;EFP_FIN;EUR;15;107.31000000;1449;EXCHANGE_LAST;;1;1;XEUR;10804522;639;
29.10.2024;10:33:42.923;FBTS SI 20241206 PS;SIMPLE_INSTRUMENT;EFP_FIN;EUR;16;107.33000000;797;EXCHANGE_LAST;;1;1;XEUR;10804522;639;
29.10.2024;12:41:00.324;FBTS SI 20241206 PS;SIMPLE_INSTRUMENT;EFP_FIN;EUR;22;107.31000000;424;EXCHANGE_LAST;;1;1;XEUR;10804522;639;
29.10.2024;13:02:43.955;FBTS SI 20241206 PS;SIMPLE_INSTRUMENT;EFP_FIN;EUR;27;107.31000000;386;EXCHANGE_LAST;;1;1;XEUR;10804522;639;
29.10.2024;13:23:13.855;FBTS SI 20241206 PS;SIMPLE_INSTRUMENT;BLOCK;EUR;28;107.27000000;1191;EXCHANGE_LAST;;1;1;XEUR;10804522;639;
29.10.2024;13:37:25.606;FBTS SI 20241206 PS;SIMPLE_INSTRUMENT;BLOCK;EUR;29;107.27000000;568;EXCHANGE_LAST;;1;1;XEUR;10804522;639;
29.10.2024;14:07:46.635;FBTS SI 20241206 PS;SIMPLE_INSTRUMENT;EFP_FIN;EUR;34;107.27000000;568;EXCHANGE_LAST;;1;1;XEUR;10804522;639;
29.10.2024;14:12:42.061;FBTS SI 20241206 PS;SIMPLE_INSTRUMENT;EFP_FIN;EUR;35;107.30000000;189;EXCHANGE_LAST;;1;1;XEUR;10804522;639;
29.10.2024;14:13:43.026;FBTS SI 20241206 PS;SIMPLE_INSTRUMENT;EFP_FIN;EUR;36;107.30000000;151;EXCHANGE_LAST;;1;1;XEUR;10804522;639;
29.10.2024;15:04:09.254;FBTS SI 20241206 PS;SIMPLE_INSTRUMENT;EFP_FIN;EUR;39;107.27000000;266;EXCHANGE_LAST;;1;1;XEUR;10804522;639;
29.10.2024;16:06:27.931;FBTS SI 20241206 PS;SIMPLE_INSTRUMENT;EFP_FIN;EUR;46;107.28000000;797;EXCHANGE_LAST;;1;1;XEUR;10804522;639;
29.10.2024;16:18:36.128;FBTS SI 20241206 PS;SIMPLE_INSTRUMENT;BLOCK;EUR;49;107.27000000;451;EXCHANGE_LAST;;1;1;XEUR;10804522;639;
29.10.2024;10:33:08.885;FCEU SI 20241216 PS;SIMPLE_INSTRUMENT;BLOCK;USD;1;1.08300000;198;EXCHANGE_LAST;;1;1;XEUR;7140363;369376;
29.10.2024;16:28:58.925;FCEU SI 20241216 PS;SIMPLE_INSTRUMENT;BLOCK;USD;2;1.08235000;50;EXCHANGE_LAST;;1;1;XEUR;7140363;369376;
29.10.2024;14:58:28.497;FD3D SI 20261218 CS;SIMPLE_INSTRUMENT;BLOCK;EUR;37;107.00000000;200;EXCHANGE_LAST;;2;1;XEUR;7158183;588;
29.10.2024;15:21:04.801;FD3D.S.DEC25.DEC26.SPD;FUTURES_SPREAD;BLOCK;EUR;41;-0.20000000;500;EXCHANGE_LAST;;1;3;XEUR;72060119478699059;588;
29.10.2024;15:21:04.801;FD3D SI 20261218 CS;SIMPLE_INSTRUMENT;BLOCK;EUR;41;107.00000000;500;PRC_DECOMP_MEMBER;;;;XEUR;7158183;588;MEMBER
29.10.2024;15:21:04.801;FD3D SI 20251219 CS;SIMPLE_INSTRUMENT;BLOCK;EUR;41;106.80000000;500;PRC_DECOMP_MEMBER;;;;XEUR;5914068;588;MEMBER
29.10.2024;15:40:18.550;FD3D SI 20271217 CS;SIMPLE_INSTRUMENT;BLOCK;EUR;44;105.50000000;150;EXCHANGE_LAST;;1;1;XEUR;8782208;588;
29.10.2024;15:42:29.399;FD3D SI 20261218 CS;SIMPLE_INSTRUMENT;BLOCK;EUR;46;107.30000000;75;EXCHANGE_LAST;;1;1;XEUR;7158183;588;
29.10.2024;15:43:06.388;FD3D SI 20261218 CS;SIMPLE_INSTRUMENT;BLOCK;EUR;47;107.20000000;75;EXCHANGE_LAST;;1;1;XEUR;7158183;588;
29.10.2024;11:28:36.328;FDAX SI 20241220 CS;SIMPLE_INSTRUMENT;BLOCK;EUR;1;19685.00000000;427;EXCHANGE_LAST;;1;1;XEUR;7296065;589;
29.10.2024;16:41:03.657;FDAX SI 20241220 CS;SIMPLE_INSTRUMENT;EFP_IDX;EUR;2;19577.00000000;42;EXCHANGE_LAST;;1;1;XEUR;7296065;589;
29.10.2024;16:41:10.409;FDAX SI 20241220 CS;SIMPLE_INSTRUMENT;EFP_IDX;EUR;3;19578.00000000;3;EXCHANGE_LAST;;1;1;XEUR;7296065;589;
29.10.2024;08:44:39.283;FEBD SI 20261218 CS;SIMPLE_INSTRUMENT;BLOCK;EUR;3;9.45000000;750;EXCHANGE_LAST;;1;1;XEUR;7158212;597;
29.10.2024;13:15:49.839;FEBD SI 20271217 CS;SIMPLE_INSTRUMENT;BLOCK;EUR;33;8.58000000;500;EXCHANGE_LAST;;1;1;XEUR;7776307;597;
29.10.2024;17:05:17.943;FEDV SI 20241220 CS;SIMPLE_INSTRUMENT;EFP_IDX;EUR;58;1660.50000000;247;EXCHANGE_LAST;;1;1;XEUR;10838883;596;
29.10.2024;17:05:30.128;FEDV SI 20241220 CS;SIMPLE_INSTRUMENT;EFP_IDX;EUR;61;1660.00000000;503;EXCHANGE_LAST;;1;1;XEUR;10838883;596;
29.10.2024;10:24:14.694;FESB SI 20241220 CS;SIMPLE_INSTRUMENT;BLOCK;EUR;28;146.10000000;5100;EXCHANGE_LAST;;1;1;XEUR;10838895;605;
29.10.2024;16:43:10.381;FESB SI 20241220 CS;SIMPLE_INSTRUMENT;EFP_IDX;EUR;34;145.00000000;99;EXCHANGE_LAST;;1;1;XEUR;10838895;605;
29.10.2024;16:43:25.436;FESB SI 20241220 CS;SIMPLE_INSTRUMENT;EFP_IDX;EUR;35;145.20000000;148;EXCHANGE_LAST;;1;1;XEUR;10838895;605;
29.10.2024;16:58:28.915;FESB SI 20241220 CS;SIMPLE_INSTRUMENT;BLOCK;EUR;40;145.30000000;2280;EXCHANGE_LAST;;1;1;XEUR;10838895;605;
29.10.2024;09:11:43.377;FESX SI 20241220 CS;SIMPLE_INSTRUMENT;BLOCK;EUR;1;5004.00000000;2000;EXCHANGE_LAST;;1;1;XEUR;7793479;675;
29.10.2024;10:12:28.547;FESX SI 20241220 CS;SIMPLE_INSTRUMENT;BLOCK;EUR;2;5012.00000000;2000;EXCHANGE_LAST;;1;1;XEUR;7793479;675;
29.10.2024;12:43:51.053;FESX SI 20241220 CS;SIMPLE_INSTRUMENT;BLOCK;EUR;3;4993.00000000;2614;EXCHANGE_LAST;;1;1;XEUR;7793479;675;
29.10.2024;14:44:01.443;FESX SI 20241220 CS;SIMPLE_INSTRUMENT;BLOCK;EUR;4;4980.00000000;3000;EXCHANGE_LAST;;1;1;XEUR;7793479;675;
29.10.2024;14:45:02.750;FESX SI 20241220 CS;SIMPLE_INSTRUMENT;BLOCK;EUR;5;4980.00000000;3000;EXCHANGE_LAST;;1;1;XEUR;7793479;675;
29.10.2024;16:19:38.048;FESX SI 20241220 CS;SIMPLE_INSTRUMENT;BLOCK;EUR;7;4966.00000000;4000;EXCHANGE_LAST;;1;1;XEUR;7793479;675;
29.10.2024;16:47:05.053;FESX SI 20241220 CS;SIMPLE_INSTRUMENT;EFP_IDX;EUR;8;4965.00000000;110;EXCHANGE_LAST;;1;1;XEUR;7793479;675;
29.10.2024;16:45:31.047;FESX SI 20241220 CS;SIMPLE_INSTRUMENT;EFP_IDX;EUR;9;4964.00000000;79;EXCHANGE_LAST;;1;1;XEUR;7793479;675;
29.10.2024;16:46:25.051;FESX SI 20241220 CS;SIMPLE_INSTRUMENT;EFP_IDX;EUR;10;4967.00000000;27;EXCHANGE_LAST;;1;1;XEUR;7793479;675;
29.10.2024;16:50:26.359;FESX SI 20241220 CS;SIMPLE_INSTRUMENT;EFP_IDX;EUR;11;4964.00000000;355;EXCHANGE_LAST;;1;1;XEUR;7793479;675;
29.10.2024;16:47:47.056;FESX SI 20241220 CS;SIMPLE_INSTRUMENT;EFP_IDX;EUR;12;4964.00000000;68;EXCHANGE_LAST;;1;1;XEUR;7793479;675;
29.10.2024;16:50:32.182;FESX SI 20241220 CS;SIMPLE_INSTRUMENT;EFP_IDX;EUR;13;4965.00000000;645;EXCHANGE_LAST;;1;1;XEUR;7793479;675;
29.10.2024;16:53:25.775;FESX SI 20241220 CS;SIMPLE_INSTRUMENT;EFP_IDX;EUR;14;4964.00000000;159;EXCHANGE_LAST;;1;1;XEUR;7793479;675;
29.10.2024;16:53:39.400;FESX SI 20241220 CS;SIMPLE_INSTRUMENT;EFP_IDX;EUR;15;4965.00000000;290;EXCHANGE_LAST;;1;1;XEUR;7793479;675;
29.10.2024;16:48:47.467;FESX SI 20241220 CS;SIMPLE_INSTRUMENT;EFP_IDX;EUR;16;4965.00000000;79;EXCHANGE_LAST;;1;1;XEUR;7793479;675;
29.10.2024;16:49:34.415;FESX SI 20241220 CS;SIMPLE_INSTRUMENT;EFP_IDX;EUR;17;4964.00000000;121;EXCHANGE_LAST;;1;1;XEUR;7793479;675;
29.10.2024;16:50:18.167;FESX SI 20241220 CS;SIMPLE_INSTRUMENT;EFP_IDX;EUR;18;4964.00000000;72;EXCHANGE_LAST;;1;1;XEUR;7793479;675;
29.10.2024;16:50:33.246;FESX SI 20241220 CS;SIMPLE_INSTRUMENT;EFP_IDX;EUR;19;4965.00000000;128;EXCHANGE_LAST;;1;1;XEUR;7793479;675;
29.10.2024;09:12:59.300;FESX SI 20241220 CS;SIMPLE_INSTRUMENT;VOLA;EUR;637534223;4995.00000000;3750;EXCHANGE_LAST;;1;1;XEUR;7793479;675;
29.10.2024;09:22:25.627;FESX SI 20241220 CS;SIMPLE_INSTRUMENT;VOLA;EUR;637534230;5010.00000000;590;EXCHANGE_LAST;;1;1;XEUR;7793479;675;
29.10.2024;09:26:50.130;FESX SI 20241220 CS;SIMPLE_INSTRUMENT;VOLA;EUR;637534234;5007.00000000;530;EXCHANGE_LAST;;1;1;XEUR;7793479;675;
29.10.2024;10:13:38.041;FESX SI 20241220 CS;SIMPLE_INSTRUMENT;VOLA;EUR;637534246;5010.00000000;21;EXCHANGE_LAST;;1;1;XEUR;7793479;675;
29.10.2024;11:48:42.249;FESX SI 20241220 CS;SIMPLE_INSTRUMENT;VOLA;EUR;637534267;4995.00000000;90;EXCHANGE_LAST;;1;1;XEUR;7793479;675;
29.10.2024;12:16:44.777;FESX SI 20241220 CS;SIMPLE_INSTRUMENT;VOLA;EUR;637534270;4996.00000000;1750;EXCHANGE_LAST;;1;1;XEUR;7793479;675;
29.10.2024;13:04:18.642;FESX SI 20241220 CS;SIMPLE_INSTRUMENT;VOLA;EUR;637534279;5025.00000000;15;EXCHANGE_LAST;;1;1;XEUR;7793479;675;
29.10.2024;14:24:59.420;FESX SI 20241220 CS;SIMPLE_INSTRUMENT;VOLA;EUR;637534296;4980.00000000;50;EXCHANGE_LAST;;1;1;XEUR;7793479;675;
29.10.2024;16:24:53.827;FESX SI 20241220 CS;SIMPLE_INSTRUMENT;VOLA;EUR;637534324;4966.00000000;49;EXCHANGE_LAST;;1;1;XEUR;7793479;675;
29.10.2024;08:39:01.383;FEXD SI 20281215 CS;SIMPLE_INSTRUMENT;BLOCK;EUR;4;144.20000000;225;EXCHANGE_LAST;;1;1;XEUR;3680985;693;
29.10.2024;08:39:37.716;FEXD SI 20291221 CS;SIMPLE_INSTRUMENT;BLOCK;EUR;5;139.50000000;113;EXCHANGE_LAST;;1;1;XEUR;4631968;693;
29.10.2024;08:40:19.040;FEXD SI 20291221 CS;SIMPLE_INSTRUMENT;BLOCK;EUR;6;139.40000000;112;EXCHANGE_LAST;;1;1;XEUR;4631968;693;
29.10.2024;08:58:43.508;FEXD SI 20251219 CS;SIMPLE_INSTRUMENT;BLOCK;EUR;7;159.40000000;750;EXCHANGE_LAST;;1;1;XEUR;1548120;693;
29.10.2024;09:03:16.151;FEXD SI 20251219 CS;SIMPLE_INSTRUMENT;BLOCK;EUR;8;159.40000000;250;EXCHANGE_LAST;;1;1;XEUR;1548120;693;
29.10.2024;09:19:48.794;FEXD.S.DEC25.DEC27.SPD;FUTURES_SPREAD;BLOCK;EUR;12;9.60000000;600;EXCHANGE_LAST;;1;2;XEUR;72060570450264152;693;
29.10.2024;09:19:48.794;FEXD SI 20271217 CS;SIMPLE_INSTRUMENT;BLOCK;EUR;12;149.60000000;600;PRC_DECOMP_MEMBER;;;;XEUR;2848338;693;MEMBER
29.10.2024;09:19:48.794;FEXD SI 20251219 CS;SIMPLE_INSTRUMENT;BLOCK;EUR;12;159.20000000;600;PRC_DECOMP_MEMBER;;;;XEUR;1548120;693;MEMBER
29.10.2024;09:45:42.905;FEXD.S.DEC25.DEC26.SPD;FUTURES_SPREAD;BLOCK;EUR;15;3.90000000;300;EXCHANGE_LAST;;1;1;XEUR;72060570450264144;693;
29.10.2024;09:45:42.905;FEXD SI 20251219 CS;SIMPLE_INSTRUMENT;BLOCK;EUR;15;159.40000000;300;PRC_DECOMP_MEMBER;;;;XEUR;1548120;693;MEMBER
29.10.2024;09:45:42.905;FEXD SI 20261218 CS;SIMPLE_INSTRUMENT;BLOCK;EUR;15;155.50000000;300;PRC_DECOMP_MEMBER;;;;XEUR;2163053;693;MEMBER
29.10.2024;09:29:31.658;FEXD SI 20261218 CS;SIMPLE_INSTRUMENT;BLOCK;EUR;16;155.40000000;710;EXCHANGE_LAST;;1;1;XEUR;2163053;693;
29.10.2024;09:54:10.887;FEXD SI 20251219 CS;SIMPLE_INSTRUMENT;BLOCK;EUR;19;159.40000000;100;EXCHANGE_LAST;;1;1;XEUR;1548120;693;
29.10.2024;10:11:07.553;FEXD.S.DEC27.DEC28.SPD;FUTURES_SPREAD;BLOCK;EUR;22;4.90000000;100;EXCHANGE_LAST;;1;1;XEUR;72060570450264162;693;
29.10.2024;10:11:07.553;FEXD SI 20271217 CS;SIMPLE_INSTRUMENT;BLOCK;EUR;22;149.00000000;100;PRC_DECOMP_EXCHANGE;;;;XEUR;2848338;693;EXCHANGE
29.10.2024;10:11:07.553;FEXD SI 20281215 CS;SIMPLE_INSTRUMENT;BLOCK;EUR;22;144.10000000;100;PRC_DECOMP_EXCHANGE;;;;XEUR;3680985;693;EXCHANGE
29.10.2024;10:14:20.541;FEXD SI 20261218 CS;SIMPLE_INSTRUMENT;BLOCK;EUR;23;155.50000000;200;EXCHANGE_LAST;;1;1;XEUR;2163053;693;
29.10.2024;11:36:17.530;FEXD SI 20261218 CS;SIMPLE_INSTRUMENT;BLOCK;EUR;28;155.20000000;580;EXCHANGE_LAST;;1;1;XEUR;2163053;693;
29.10.2024;12:32:12.966;FEXD SI 20261218 CS;SIMPLE_INSTRUMENT;BLOCK;EUR;30;155.20000000;270;EXCHANGE_LAST;;1;1;XEUR;2163053;693;
29.10.2024;12:57:17.174;FEXD SI 20251219 CS;SIMPLE_INSTRUMENT;BLOCK;EUR;31;158.90000000;1250;EXCHANGE_LAST;;1;1;XEUR;1548120;693;
29.10.2024;13:00:18.234;FEXD SI 20261218 CS;SIMPLE_INSTRUMENT;BLOCK;EUR;32;154.80000000;119;EXCHANGE_LAST;;1;1;XEUR;2163053;693;
29.10.2024;14:19:55.694;FEXD SI 20251219 CS;SIMPLE_INSTRUMENT;BLOCK;EUR;35;158.60000000;1050;EXCHANGE_LAST;;1;1;XEUR;1548120;693;
29.10.2024;14:29:12.752;FEXD SI 20251219 CS;SIMPLE_INSTRUMENT;BLOCK;EUR;36;158.60000000;1000;EXCHANGE_LAST;;1;1;XEUR;1548120;693;
29.10.2024;14:48:12.367;FEXD SI 20251219 CS;SIMPLE_INSTRUMENT;BLOCK;EUR;38;158.60000000;750;EXCHANGE_LAST;;1;1;XEUR;1548120;693;
29.10.2024;14:48:39.842;FEXD SI 20251219 CS;SIMPLE_INSTRUMENT;BLOCK;EUR;39;158.70000000;750;EXCHANGE_LAST;;1;1;XEUR;1548120;693;
29.10.2024;15:01:11.374;FEXD SI 20261218 CS;SIMPLE_INSTRUMENT;BLOCK;EUR;40;154.50000000;150;EXCHANGE_LAST;;1;1;XEUR;2163053;693;
29.10.2024;16:04:39.073;FEXD.S.DEC25.DEC26.SPD;FUTURES_SPREAD;BLOCK;EUR;49;4.00000000;500;EXCHANGE_LAST;;1;1;XEUR;72060570450264144;693;
29.10.2024;16:04:39.073;FEXD SI 20261218 CS;SIMPLE_INSTRUMENT;BLOCK;EUR;49;154.40000000;500;PRC_DECOMP_MEMBER;;;;XEUR;2163053;693;MEMBER
29.10.2024;16:04:39.073;FEXD SI 20251219 CS;SIMPLE_INSTRUMENT;BLOCK;EUR;49;158.40000000;500;PRC_DECOMP_MEMBER;;;;XEUR;1548120;693;MEMBER
29.10.2024;16:43:29.610;FEXD.S.DEC25.DEC26.SPD;FUTURES_SPREAD;BLOCK;EUR;54;4.00000000;250;EXCHANGE_LAST;;1;1;XEUR;72060570450264144;693;
29.10.2024;16:43:29.610;FEXD SI 20261218 CS;SIMPLE_INSTRUMENT;BLOCK;EUR;54;154.40000000;250;PRC_DECOMP_MEMBER;;;;XEUR;2163053;693;MEMBER
29.10.2024;16:43:29.610;FEXD SI 20251219 CS;SIMPLE_INSTRUMENT;BLOCK;EUR;54;158.40000000;250;PRC_DECOMP_MEMBER;;;;XEUR;1548120;693;MEMBER
29.10.2024;08:10:13.436;FGBL SI 20241206 PS;SIMPLE_INSTRUMENT;EFS;EUR;1;132.91000000;257;EXCHANGE_LAST;;1;1;XEUR;10804524;688;
29.10.2024;08:10:26.645;FGBL SI 20241206 PS;SIMPLE_INSTRUMENT;EFS;EUR;2;132.99000000;730;EXCHANGE_LAST;;1;1;XEUR;10804524;688;
29.10.2024;08:51:15.664;FGBL SI 20241206 PS;SIMPLE_INSTRUMENT;EFS;EUR;3;132.63000000;902;EXCHANGE_LAST;;1;1;XEUR;10804524;688;
29.10.2024;08:51:40.891;FGBL SI 20241206 PS;SIMPLE_INSTRUMENT;EFS;EUR;4;132.61000000;429;EXCHANGE_LAST;;1;1;XEUR;10804524;688;
29.10.2024;08:54:16.066;FGBL SI 20241206 PS;SIMPLE_INSTRUMENT;EFS;EUR;5;132.60000000;429;EXCHANGE_LAST;;1;1;XEUR;10804524;688;
29.10.2024;08:56:45.585;FGBL SI 20241206 PS;SIMPLE_INSTRUMENT;EFS;EUR;6;132.69000000;732;EXCHANGE_LAST;;1;1;XEUR;10804524;688;
29.10.2024;08:57:31.764;FGBL SI 20241206 PS;SIMPLE_INSTRUMENT;EFS;EUR;7;132.60000000;300;EXCHANGE_LAST;;1;1;XEUR;10804524;688;
29.10.2024;08:58:37.662;FGBL SI 20241206 PS;SIMPLE_INSTRUMENT;EFS;EUR;8;132.61000000;214;EXCHANGE_LAST;;1;1;XEUR;10804524;688;
29.10.2024;09:03:56.159;FGBL SI 20241206 PS;SIMPLE_INSTRUMENT;EFS;EUR;9;132.59000000;451;EXCHANGE_LAST;;1;1;XEUR;10804524;688;
29.10.2024;09:04:31.162;FGBL SI 20241206 PS;SIMPLE_INSTRUMENT;EFS;EUR;10;132.62000000;244;EXCHANGE_LAST;;1;1;XEUR;10804524;688;
29.10.2024;09:16:36.661;FGBL SI 20241206 PS;SIMPLE_INSTRUMENT;EFP_FIN;EUR;11;132.93000000;241;EXCHANGE_LAST;;1;1;XEUR;10804524;688;
29.10.2024;09:18:33.338;FGBL SI 20241206 PS;SIMPLE_INSTRUMENT;EFS;EUR;12;132.49000000;430;EXCHANGE_LAST;;1;1;XEUR;10804524;688;
29.10.2024;09:26:31.691;FGBL SI 20241206 PS;SIMPLE_INSTRUMENT;EFP_FIN;EUR;13;132.50000000;389;EXCHANGE_LAST;;1;1;XEUR;10804524;688;
29.10.2024;09:34:49.929;FGBL SI 20241206 PS;SIMPLE_INSTRUMENT;EFS;EUR;14;132.50000000;489;EXCHANGE_LAST;;1;1;XEUR;10804524;688;
29.10.2024;09:36:31.621;FGBL SI 20241206 PS;SIMPLE_INSTRUMENT;EFS;EUR;15;132.48000000;733;EXCHANGE_LAST;;1;1;XEUR;10804524;688;
29.10.2024;09:37:08.870;FGBL SI 20241206 PS;SIMPLE_INSTRUMENT;EFS;EUR;16;132.50000000;1362;EXCHANGE_LAST;;1;1;XEUR;10804524;688;
29.10.2024;09:37:05.117;FGBL SI 20241206 PS;SIMPLE_INSTRUMENT;EFS;EUR;17;132.54000000;215;EXCHANGE_LAST;;1;1;XEUR;10804524;688;
29.10.2024;09:37:20.129;FGBL SI 20241206 PS;SIMPLE_INSTRUMENT;EFS;EUR;18;132.54000000;215;EXCHANGE_LAST;;1;1;XEUR;10804524;688;
29.10.2024;09:38:15.177;FGBL SI 20241206 PS;SIMPLE_INSTRUMENT;EFS;EUR;19;132.54000000;430;EXCHANGE_LAST;;1;1;XEUR;10804524;688;
29.10.2024;09:38:15.222;FGBL SI 20241206 PS;SIMPLE_INSTRUMENT;EFS;EUR;20;132.54000000;430;EXCHANGE_LAST;;1;1;XEUR;10804524;688;
29.10.2024;09:38:50.197;FGBL SI 20241206 PS;SIMPLE_INSTRUMENT;EFS;EUR;21;132.54000000;430;EXCHANGE_LAST;;1;1;XEUR;10804524;688;
29.10.2024;09:39:25.225;FGBL SI 20241206 PS;SIMPLE_INSTRUMENT;EFS;EUR;22;132.54000000;430;EXCHANGE_LAST;;1;1;XEUR;10804524;688;
29.10.2024;09:49:51.661;FGBL SI 20241206 PS;SIMPLE_INSTRUMENT;EFS;EUR;23;132.60000000;430;EXCHANGE_LAST;;1;1;XEUR;10804524;688;
29.10.2024;09:50:16.681;FGBL SI 20241206 PS;SIMPLE_INSTRUMENT;EFS;EUR;24;132.60000000;430;EXCHANGE_LAST;;1;1;XEUR;10804524;688;
29.10.2024;09:55:03.368;FGBL SI 20241206 PS;SIMPLE_INSTRUMENT;EFS;EUR;25;132.50000000;489;EXCHANGE_LAST;;1;1;XEUR;10804524;688;
29.10.2024;09:58:26.319;FGBL SI 20241206 PS;SIMPLE_INSTRUMENT;EFP_FIN;EUR;26;132.53000000;210;EXCHANGE_LAST;;1;1;XEUR;10804524;688;
29.10.2024;09:59:35.164;FGBL SI 20241206 PS;SIMPLE_INSTRUMENT;EFS;EUR;27;132.54000000;488;EXCHANGE_LAST;;1;1;XEUR;10804524;688;
29.10.2024;09:59:37.646;FGBL SI 20241206 PS;SIMPLE_INSTRUMENT;EFP_FIN;EUR;28;132.62000000;200;EXCHANGE_LAST;;1;1;XEUR;10804524;688;
29.10.2024;10:01:48.156;FGBL SI 20241206 PS;SIMPLE_INSTRUMENT;EFS;EUR;29;132.62000000;430;EXCHANGE_LAST;;1;1;XEUR;10804524;688;
29.10.2024;10:01:53.161;FGBL SI 20241206 PS;SIMPLE_INSTRUMENT;EFS;EUR;30;132.62000000;300;EXCHANGE_LAST;;1;1;XEUR;10804524;688;
29.10.2024;10:02:26.304;FGBL SI 20241206 PS;SIMPLE_INSTRUMENT;EFS;EUR;31;132.50000000;488;EXCHANGE_LAST;;1;1;XEUR;10804524;688;
29.10.2024;10:03:08.086;FGBL SI 20241206 PS;SIMPLE_INSTRUMENT;EFS;EUR;32;132.65000000;584;EXCHANGE_LAST;;1;1;XEUR;10804524;688;
29.10.2024;10:17:16.965;FGBL SI 20241206 PS;SIMPLE_INSTRUMENT;EFS;EUR;33;132.58000000;258;EXCHANGE_LAST;;1;1;XEUR;10804524;688;
29.10.2024;10:17:34.992;FGBL SI 20241206 PS;SIMPLE_INSTRUMENT;EFS;EUR;34;132.62000000;732;EXCHANGE_LAST;;1;1;XEUR;10804524;688;
29.10.2024;10:20:29.971;FGBL SI 20241206 PS;SIMPLE_INSTRUMENT;EFP_FIN;EUR;35;132.58000000;1700;EXCHANGE_LAST;;1;1;XEUR;10804524;688;
29.10.2024;10:31:00.310;FGBL SI 20241206 PS;SIMPLE_INSTRUMENT;EFS;EUR;36;132.66000000;215;EXCHANGE_LAST;;1;1;XEUR;10804524;688;
29.10.2024;10:31:45.341;FGBL SI 20241206 PS;SIMPLE_INSTRUMENT;EFS;EUR;37;132.66000000;215;EXCHANGE_LAST;;1;1;XEUR;10804524;688;
29.10.2024;10:43:36.776;FGBL SI 20241206 PS;SIMPLE_INSTRUMENT;EFS;EUR;38;132.69000000;429;EXCHANGE_LAST;;1;1;XEUR;10804524;688;
29.10.2024;10:46:05.441;FGBL SI 20241206 PS;SIMPLE_INSTRUMENT;EFP_FIN;EUR;39;132.71000000;236;EXCHANGE_LAST;;1;1;XEUR;10804524;688;
29.10.2024;10:46:08.676;FGBL SI 20241206 PS;SIMPLE_INSTRUMENT;EFS;EUR;40;132.67000000;429;EXCHANGE_LAST;;1;1;XEUR;10804524;688;
29.10.2024;10:47:33.208;FGBL SI 20241206 PS;SIMPLE_INSTRUMENT;EFP_FIN;EUR;41;132.71000000;238;EXCHANGE_LAST;;1;1;XEUR;10804524;688;
29.10.2024;10:49:32.622;FGBL SI 20241206 PS;SIMPLE_INSTRUMENT;EFS;EUR;42;132.69000000;244;EXCHANGE_LAST;;1;1;XEUR;10804524;688;
29.10.2024;10:55:07.987;FGBL SI 20241206 PS;SIMPLE_INSTRUMENT;EFP_FIN;EUR;43;132.69000000;1900;EXCHANGE_LAST;;1;1;XEUR;10804524;688;
29.10.2024;11:00:21.049;FGBL SI 20241206 PS;SIMPLE_INSTRUMENT;EFS;EUR;44;132.75000000;429;EXCHANGE_LAST;;1;1;XEUR;10804524;688;
29.10.2024;11:01:37.797;FGBL SI 20241206 PS;SIMPLE_INSTRUMENT;EFS;EUR;45;132.76000000;644;EXCHANGE_LAST;;1;1;XEUR;10804524;688;
29.10.2024;11:06:28.947;FGBL SI 20241206 PS;SIMPLE_INSTRUMENT;EFS;EUR;46;132.76000000;215;EXCHANGE_LAST;;1;1;XEUR;10804524;688;
29.10.2024;11:07:28.992;FGBL SI 20241206 PS;SIMPLE_INSTRUMENT;EFS;EUR;47;132.76000000;215;EXCHANGE_LAST;;1;1;XEUR;10804524;688;
29.10.2024;11:10:19.672;FGBL SI 20241206 PS;SIMPLE_INSTRUMENT;EFP_FIN;EUR;48;132.78000000;76;EXCHANGE_LAST;;1;1;XEUR;10804524;688;
29.10.2024;11:08:23.091;FGBL SI 20241206 PS;SIMPLE_INSTRUMENT;EFS;EUR;49;132.76000000;429;EXCHANGE_LAST;;1;1;XEUR;10804524;688;
29.10.2024;11:08:24.033;FGBL SI 20241206 PS;SIMPLE_INSTRUMENT;EFS;EUR;50;132.76000000;429;EXCHANGE_LAST;;1;1;XEUR;10804524;688;
29.10.2024;11:09:49.136;FGBL SI 20241206 PS;SIMPLE_INSTRUMENT;EFS;EUR;51;132.75000000;429;EXCHANGE_LAST;;1;1;XEUR;10804524;688;
29.10.2024;11:14:46.875;FGBL SI 20241206 PS;SIMPLE_INSTRUMENT;EFP_FIN;EUR;52;132.78000000;169;EXCHANGE_LAST;;1;1;XEUR;10804524;688;
29.10.2024;11:13:56.124;FGBL SI 20241206 PS;SIMPLE_INSTRUMENT;EFS;EUR;53;132.75000000;429;EXCHANGE_LAST;;1;1;XEUR;10804524;688;
29.10.2024;11:20:40.535;FGBL SI 20241206 PS;SIMPLE_INSTRUMENT;EFS;EUR;54;132.72000000;429;EXCHANGE_LAST;;1;1;XEUR;10804524;688;
29.10.2024;11:24:26.629;FGBL SI 20241206 PS;SIMPLE_INSTRUMENT;EFS;EUR;56;132.76000000;975;EXCHANGE_LAST;;1;1;XEUR;10804524;688;
29.10.2024;11:25:13.242;FGBL SI 20241206 PS;SIMPLE_INSTRUMENT;EFP_FIN;EUR;57;132.73000000;447;EXCHANGE_LAST;;1;1;XEUR;10804524;688;
29.10.2024;11:28:15.086;FGBL SI 20241206 PS;SIMPLE_INSTRUMENT;EFS;EUR;58;132.70000000;212;EXCHANGE_LAST;;1;1;XEUR;10804524;688;
29.10.2024;11:36:30.897;FGBL SI 20241206 PS;SIMPLE_INSTRUMENT;EFP_FIN;EUR;59;132.55000000;316;EXCHANGE_LAST;;1;1;XEUR;10804524;688;
29.10.2024;11:50:27.797;FGBL SI 20241206 PS;SIMPLE_INSTRUMENT;EFS;EUR;60;132.65000000;146;EXCHANGE_LAST;;1;1;XEUR;10804524;688;
29.10.2024;11:54:53.037;FGBL SI 20241206 PS;SIMPLE_INSTRUMENT;EFS;EUR;61;132.61000000;430;EXCHANGE_LAST;;1;1;XEUR;10804524;688;
29.10.2024;11:57:38.142;FGBL SI 20241206 PS;SIMPLE_INSTRUMENT;EFS;EUR;62;132.61000000;430;EXCHANGE_LAST;;1;1;XEUR;10804524;688;
29.10.2024;11:59:39.227;FGBL SI 20241206 PS;SIMPLE_INSTRUMENT;EFS;EUR;63;132.58000000;430;EXCHANGE_LAST;;1;1;XEUR;10804524;688;
29.10.2024;12:06:14.511;FGBL SI 20241206 PS;SIMPLE_INSTRUMENT;EFS;EUR;64;132.59000000;430;EXCHANGE_LAST;;1;1;XEUR;10804524;688;
29.10.2024;12:08:06.293;FGBL SI 20241206 PS;SIMPLE_INSTRUMENT;EFS;EUR;65;132.59000000;154;EXCHANGE_LAST;;1;1;XEUR;10804524;688;
29.10.2024;12:25:43.976;FGBL SI 20241206 PS;SIMPLE_INSTRUMENT;EFP_FIN;EUR;66;132.52000000;1270;EXCHANGE_LAST;;1;1;XEUR;10804524;688;
29.10.2024;12:26:15.252;FGBL SI 20241206 PS;SIMPLE_INSTRUMENT;EFS;EUR;67;132.50000000;429;EXCHANGE_LAST;;1;1;XEUR;10804524;688;
29.10.2024;12:29:54.368;FGBL SI 20241206 PS;SIMPLE_INSTRUMENT;EFS;EUR;68;132.51000000;905;EXCHANGE_LAST;;1;1;XEUR;10804524;688;
29.10.2024;12:44:45.560;FGBL SI 20241206 PS;SIMPLE_INSTRUMENT;EFS;EUR;69;132.53000000;429;EXCHANGE_LAST;;1;1;XEUR;10804524;688;
29.10.2024;12:45:43.701;FGBL SI 20241206 PS;SIMPLE_INSTRUMENT;EFS;EUR;70;132.55000000;429;EXCHANGE_LAST;;1;1;XEUR;10804524;688;
29.10.2024;12:46:52.455;FGBL SI 20241206 PS;SIMPLE_INSTRUMENT;EFS;EUR;71;132.56000000;430;EXCHANGE_LAST;;1;1;XEUR;10804524;688;
29.10.2024;12:52:55.554;FGBL SI 20241206 PS;SIMPLE_INSTRUMENT;EFS;EUR;72;132.57000000;453;EXCHANGE_LAST;;1;1;XEUR;10804524;688;
29.10.2024;12:53:38.886;FGBL SI 20241206 PS;SIMPLE_INSTRUMENT;EFS;EUR;73;132.55000000;430;EXCHANGE_LAST;;1;1;XEUR;10804524;688;
29.10.2024;12:53:54.212;FGBL SI 20241206 PS;SIMPLE_INSTRUMENT;EFS;EUR;74;133.39000000;1;EXCHANGE_LAST;;1;1;XEUR;10804524;688;
29.10.2024;12:55:34.006;FGBL SI 20241206 PS;SIMPLE_INSTRUMENT;EFS;EUR;75;132.55000000;430;EXCHANGE_LAST;;1;1;XEUR;10804524;688;
29.10.2024;13:00:27.306;FGBL SI 20241206 PS;SIMPLE_INSTRUMENT;EFS;EUR;76;132.58000000;453;EXCHANGE_LAST;;1;1;XEUR;10804524;688;
29.10.2024;13:00:29.511;FGBL SI 20241206 PS;SIMPLE_INSTRUMENT;EFS;EUR;77;132.52000000;215;EXCHANGE_LAST;;1;1;XEUR;10804524;688;
29.10.2024;13:02:59.076;FGBL SI 20241206 PS;SIMPLE_INSTRUMENT;EFS;EUR;78;132.55000000;430;EXCHANGE_LAST;;1;1;XEUR;10804524;688;
29.10.2024;13:09:30.553;FGBL SI 20241206 PS;SIMPLE_INSTRUMENT;EFS;EUR;79;132.52000000;244;EXCHANGE_LAST;;1;1;XEUR;10804524;688;
29.10.2024;13:13:40.210;FGBL SI 20241206 PS;SIMPLE_INSTRUMENT;EFS;EUR;80;132.50000000;258;EXCHANGE_LAST;;1;1;XEUR;10804524;688;
29.10.2024;13:14:07.595;FGBL SI 20241206 PS;SIMPLE_INSTRUMENT;EFS;EUR;81;132.50000000;258;EXCHANGE_LAST;;1;1;XEUR;10804524;688;
29.10.2024;13:14:36.123;FGBL SI 20241206 PS;SIMPLE_INSTRUMENT;EFS;EUR;82;132.53000000;430;EXCHANGE_LAST;;1;1;XEUR;10804524;688;
29.10.2024;13:20:10.024;FGBL SI 20241206 PS;SIMPLE_INSTRUMENT;EFS;EUR;83;132.50000000;147;EXCHANGE_LAST;;1;1;XEUR;10804524;688;
29.10.2024;13:20:51.509;FGBL SI 20241206 PS;SIMPLE_INSTRUMENT;EFS;EUR;84;132.52000000;430;EXCHANGE_LAST;;1;1;XEUR;10804524;688;
29.10.2024;13:25:36.785;FGBL SI 20241206 PS;SIMPLE_INSTRUMENT;EFS;EUR;85;132.51000000;430;EXCHANGE_LAST;;1;1;XEUR;10804524;688;
29.10.2024;13:29:46.965;FGBL SI 20241206 PS;SIMPLE_INSTRUMENT;EFS;EUR;86;132.56000000;430;EXCHANGE_LAST;;1;1;XEUR;10804524;688;
29.10.2024;13:30:37.007;FGBL SI 20241206 PS;SIMPLE_INSTRUMENT;EFS;EUR;87;132.57000000;430;EXCHANGE_LAST;;1;1;XEUR;10804524;688;
29.10.2024;13:31:38.322;FGBL SI 20241206 PS;SIMPLE_INSTRUMENT;EFS;EUR;88;132.56000000;227;EXCHANGE_LAST;;1;1;XEUR;10804524;688;
29.10.2024;13:32:02.060;FGBL SI 20241206 PS;SIMPLE_INSTRUMENT;EFS;EUR;89;132.56000000;430;EXCHANGE_LAST;;1;1;XEUR;10804524;688;
29.10.2024;13:32:22.077;FGBL SI 20241206 PS;SIMPLE_INSTRUMENT;EFS;EUR;90;132.54000000;215;EXCHANGE_LAST;;1;1;XEUR;10804524;688;
29.10.2024;13:35:43.208;FGBL SI 20241206 PS;SIMPLE_INSTRUMENT;EFS;EUR;91;132.53000000;215;EXCHANGE_LAST;;1;1;XEUR;10804524;688;
29.10.2024;13:35:48.213;FGBL SI 20241206 PS;SIMPLE_INSTRUMENT;EFS;EUR;92;132.53000000;215;EXCHANGE_LAST;;1;1;XEUR;10804524;688;
29.10.2024;13:37:48.310;FGBL SI 20241206 PS;SIMPLE_INSTRUMENT;EFS;EUR;93;132.57000000;430;EXCHANGE_LAST;;1;1;XEUR;10804524;688;
29.10.2024;13:42:53.308;FGBL SI 20241206 PS;SIMPLE_INSTRUMENT;EFS;EUR;94;132.55000000;216;EXCHANGE_LAST;;1;1;XEUR;10804524;688;
29.10.2024;13:46:40.071;FGBL SI 20241206 PS;SIMPLE_INSTRUMENT;EFS;EUR;95;132.62000000;250;EXCHANGE_LAST;;1;1;XEUR;10804524;688;
29.10.2024;13:49:15.041;FGBL SI 20241206 PS;SIMPLE_INSTRUMENT;EFS;EUR;96;132.53000000;733;EXCHANGE_LAST;;1;1;XEUR;10804524;688;
29.10.2024;14:00:30.582;FGBL SI 20241206 PS;SIMPLE_INSTRUMENT;EFP_FIN;EUR;97;132.61000000;93;EXCHANGE_LAST;;1;1;XEUR;10804524;688;
29.10.2024;14:02:44.332;FGBL SI 20241206 PS;SIMPLE_INSTRUMENT;EFS;EUR;98;132.60000000;214;EXCHANGE_LAST;;1;1;XEUR;10804524;688;
29.10.2024;14:09:01.719;FGBL SI 20241206 PS;SIMPLE_INSTRUMENT;EFS;EUR;99;132.63000000;430;EXCHANGE_LAST;;1;1;XEUR;10804524;688;
29.10.2024;14:16:31.521;FGBL SI 20241206 PS;SIMPLE_INSTRUMENT;EFP_FIN;EUR;100;132.66000000;966;EXCHANGE_LAST;;1;1;XEUR;10804524;688;
29.10.2024;14:25:16.581;FGBL SI 20241206 PS;SIMPLE_INSTRUMENT;EFP_FIN;EUR;101;132.60000000;492;EXCHANGE_LAST;;1;1;XEUR;10804524;688;
29.10.2024;14:30:31.346;FGBL SI 20241206 PS;SIMPLE_INSTRUMENT;EFS;EUR;102;132.63000000;429;EXCHANGE_LAST;;1;1;XEUR;10804524;688;
29.10.2024;14:38:25.772;FGBL SI 20241206 PS;SIMPLE_INSTRUMENT;EFP_FIN;EUR;103;132.60000000;246;EXCHANGE_LAST;;1;1;XEUR;10804524;688;
29.10.2024;14:40:45.303;FGBL SI 20241206 PS;SIMPLE_INSTRUMENT;EFP_FIN;EUR;104;132.60000000;776;EXCHANGE_LAST;;1;1;XEUR;10804524;688;
29.10.2024;14:45:18.700;FGBL SI 20241206 PS;SIMPLE_INSTRUMENT;EFS;EUR;105;132.63000000;976;EXCHANGE_LAST;;1;1;XEUR;10804524;688;
29.10.2024;14:44:56.579;FGBL SI 20241206 PS;SIMPLE_INSTRUMENT;EFS;EUR;106;132.66000000;678;EXCHANGE_LAST;;1;1;XEUR;10804524;688;
29.10.2024;14:48:47.708;FGBL SI 20241206 PS;SIMPLE_INSTRUMENT;EFS;EUR;107;132.59000000;429;EXCHANGE_LAST;;1;1;XEUR;10804524;688;
29.10.2024;14:50:14.053;FGBL SI 20241206 PS;SIMPLE_INSTRUMENT;EFS;EUR;108;132.59000000;129;EXCHANGE_LAST;;1;1;XEUR;10804524;688;
29.10.2024;15:04:01.421;FGBL SI 20241206 PS;SIMPLE_INSTRUMENT;EFS;EUR;109;132.62000000;723;EXCHANGE_LAST;;1;1;XEUR;10804524;688;
29.10.2024;15:06:13.358;FGBL SI 20241206 PS;SIMPLE_INSTRUMENT;EFP_FIN;EUR;110;132.56000000;239;EXCHANGE_LAST;;1;1;XEUR;10804524;688;
29.10.2024;15:06:23.996;FGBL SI 20241206 PS;SIMPLE_INSTRUMENT;EFS;EUR;111;132.60000000;215;EXCHANGE_LAST;;1;1;XEUR;10804524;688;
29.10.2024;15:08:59.666;FGBL SI 20241206 PS;SIMPLE_INSTRUMENT;EFS;EUR;112;132.60000000;215;EXCHANGE_LAST;;1;1;XEUR;10804524;688;
29.10.2024;15:11:02.641;FGBL SI 20241206 PS;SIMPLE_INSTRUMENT;EFS;EUR;113;132.57000000;343;EXCHANGE_LAST;;1;1;XEUR;10804524;688;
29.10.2024;15:12:41.421;FGBL SI 20241206 PS;SIMPLE_INSTRUMENT;EFS;EUR;114;132.52000000;430;EXCHANGE_LAST;;1;1;XEUR;10804524;688;
29.10.2024;15:21:26.266;FGBL SI 20241206 PS;SIMPLE_INSTRUMENT;EFP_FIN;EUR;115;132.62000000;410;EXCHANGE_LAST;;1;1;XEUR;10804524;688;
29.10.2024;15:23:27.756;FGBL SI 20241206 PS;SIMPLE_INSTRUMENT;EFS;EUR;116;132.48000000;644;EXCHANGE_LAST;;1;1;XEUR;10804524;688;
29.10.2024;15:27:46.312;FGBL SI 20241206 PS;SIMPLE_INSTRUMENT;EFS;EUR;117;132.47000000;215;EXCHANGE_LAST;;1;1;XEUR;10804524;688;
29.10.2024;15:29:23.346;FGBL SI 20241206 PS;SIMPLE_INSTRUMENT;EFS;EUR;118;132.48000000;430;EXCHANGE_LAST;;1;1;XEUR;10804524;688;
29.10.2024;15:29:38.361;FGBL SI 20241206 PS;SIMPLE_INSTRUMENT;EFS;EUR;119;132.47000000;430;EXCHANGE_LAST;;1;1;XEUR;10804524;688;
29.10.2024;15:30:48.418;FGBL SI 20241206 PS;SIMPLE_INSTRUMENT;EFS;EUR;120;132.48000000;258;EXCHANGE_LAST;;1;1;XEUR;10804524;688;
29.10.2024;15:34:59.400;FGBL SI 20241206 PS;SIMPLE_INSTRUMENT;EFP_FIN;EUR;121;132.46000000;131;EXCHANGE_LAST;;1;1;XEUR;10804524;688;
29.10.2024;15:49:26.857;FGBL SI 20241206 PS;SIMPLE_INSTRUMENT;EFS;EUR;122;132.48000000;215;EXCHANGE_LAST;;1;1;XEUR;10804524;688;
29.10.2024;15:51:33.888;FGBL SI 20241206 PS;SIMPLE_INSTRUMENT;EFP_FIN;EUR;123;132.49000000;481;EXCHANGE_LAST;;1;1;XEUR;10804524;688;
29.10.2024;15:53:36.341;FGBL SI 20241206 PS;SIMPLE_INSTRUMENT;EFS;EUR;124;132.54000000;430;EXCHANGE_LAST;;1;1;XEUR;10804524;688;
29.10.2024;15:53:37.393;FGBL SI 20241206 PS;SIMPLE_INSTRUMENT;EFS;EUR;125;132.52000000;97;EXCHANGE_LAST;;1;1;XEUR;10804524;688;
29.10.2024;15:58:23.614;FGBL SI 20241206 PS;SIMPLE_INSTRUMENT;EFS;EUR;126;132.52000000;733;EXCHANGE_LAST;;1;1;XEUR;10804524;688;
29.10.2024;16:09:45.999;FGBL SI 20241206 PS;SIMPLE_INSTRUMENT;EFS;EUR;127;132.54000000;453;EXCHANGE_LAST;;1;1;XEUR;10804524;688;
29.10.2024;16:34:58.699;FGBL SI 20241206 PS;SIMPLE_INSTRUMENT;EFP_FIN;EUR;128;132.51000000;206;EXCHANGE_LAST;;1;1;XEUR;10804524;688;
29.10.2024;16:48:16.272;FGBL SI 20241206 PS;SIMPLE_INSTRUMENT;EFS;EUR;129;132.55000000;2200;EXCHANGE_LAST;;1;1;XEUR;10804524;688;
29.10.2024;16:58:51.052;FGBL SI 20241206 PS;SIMPLE_INSTRUMENT;EFS;EUR;130;132.45000000;147;EXCHANGE_LAST;;1;1;XEUR;10804524;688;
29.10.2024;17:22:49.240;FGBL SI 20241206 PS;SIMPLE_INSTRUMENT;EFS;EUR;131;132.59000000;300;EXCHANGE_LAST;;1;1;XEUR;10804524;688;
29.10.2024;17:35:21.565;FGBL SI 20241206 PS;SIMPLE_INSTRUMENT;EFS;EUR;132;132.59000000;215;EXCHANGE_LAST;;1;1;XEUR;10804524;688;
29.10.2024;12:42:06.863;FGBL SI 20241206 PS;SIMPLE_INSTRUMENT;VOLA;EUR;268435484;132.65000000;195;EXCHANGE_LAST;;1;1;XEUR;10804524;688;
29.10.2024;15:16:33.745;FGBL SI 20241206 PS;SIMPLE_INSTRUMENT;VOLA;EUR;268435501;132.63000000;140;EXCHANGE_LAST;;1;1;XEUR;10804524;688;
29.10.2024;08:18:07.497;FGBM SI 20241206 PS;SIMPLE_INSTRUMENT;EFP_FIN;EUR;1;119.02000000;214;EXCHANGE_LAST;;1;1;XEUR;10804525;689;
29.10.2024;08:21:16.494;FGBM SI 20241206 PS;SIMPLE_INSTRUMENT;EFP_FIN;EUR;2;119.02000000;214;EXCHANGE_LAST;;1;1;XEUR;10804525;689;
29.10.2024;08:21:13.888;FGBM SI 20241206 PS;SIMPLE_INSTRUMENT;EFP_FIN;EUR;3;119.02000000;214;EXCHANGE_LAST;;1;1;XEUR;10804525;689;
29.10.2024;08:35:43.395;FGBM SI 20241206 PS;SIMPLE_INSTRUMENT;EFS;EUR;4;118.88000000;1393;EXCHANGE_LAST;;1;1;XEUR;10804525;689;
29.10.2024;08:37:25.079;FGBM SI 20241206 PS;SIMPLE_INSTRUMENT;EFS;EUR;5;118.87000000;1393;EXCHANGE_LAST;;1;1;XEUR;10804525;689;
29.10.2024;08:37:25.385;FGBM SI 20241206 PS;SIMPLE_INSTRUMENT;EFS;EUR;6;118.87000000;1393;EXCHANGE_LAST;;1;1;XEUR;10804525;689;
29.10.2024;08:39:02.774;FGBM SI 20241206 PS;SIMPLE_INSTRUMENT;EFS;EUR;7;118.88000000;1393;EXCHANGE_LAST;;1;1;XEUR;10804525;689;
29.10.2024;08:39:42.206;FGBM SI 20241206 PS;SIMPLE_INSTRUMENT;EFS;EUR;8;118.86000000;1393;EXCHANGE_LAST;;1;1;XEUR;10804525;689;
29.10.2024;08:47:55.356;FGBM SI 20241206 PS;SIMPLE_INSTRUMENT;EFP_FIN;EUR;9;118.85000000;1467;EXCHANGE_LAST;;1;1;XEUR;10804525;689;
29.10.2024;08:49:45.311;FGBM SI 20241206 PS;SIMPLE_INSTRUMENT;EFS;EUR;10;118.83000000;1115;EXCHANGE_LAST;;1;1;XEUR;10804525;689;
29.10.2024;08:56:39.399;FGBM SI 20241206 PS;SIMPLE_INSTRUMENT;EFS;EUR;11;118.82000000;726;EXCHANGE_LAST;;1;1;XEUR;10804525;689;
29.10.2024;09:04:16.917;FGBM SI 20241206 PS;SIMPLE_INSTRUMENT;EFS;EUR;12;118.86000000;929;EXCHANGE_LAST;;1;1;XEUR;10804525;689;
29.10.2024;09:06:39.872;FGBM SI 20241206 PS;SIMPLE_INSTRUMENT;EFP_FIN;EUR;13;118.90000000;822;EXCHANGE_LAST;;1;1;XEUR;10804525;689;
29.10.2024;09:10:38.052;FGBM SI 20241206 PS;SIMPLE_INSTRUMENT;EFP_FIN;EUR;14;118.82000000;295;EXCHANGE_LAST;;1;1;XEUR;10804525;689;
29.10.2024;09:13:25.050;FGBM SI 20241206 PS;SIMPLE_INSTRUMENT;EFS;EUR;15;118.81000000;4300;EXCHANGE_LAST;;1;1;XEUR;10804525;689;
29.10.2024;09:18:15.414;FGBM SI 20241206 PS;SIMPLE_INSTRUMENT;EFS;EUR;16;118.83000000;1115;EXCHANGE_LAST;;1;1;XEUR;10804525;689;
29.10.2024;09:22:58.229;FGBM SI 20241206 PS;SIMPLE_INSTRUMENT;EFS;EUR;17;118.77000000;691;EXCHANGE_LAST;;1;1;XEUR;10804525;689;
29.10.2024;09:43:18.113;FGBM SI 20241206 PS;SIMPLE_INSTRUMENT;EFS;EUR;18;118.79000000;930;EXCHANGE_LAST;;1;1;XEUR;10804525;689;
29.10.2024;09:46:01.170;FGBM SI 20241206 PS;SIMPLE_INSTRUMENT;EFP_FIN;EUR;19;118.79000000;575;EXCHANGE_LAST;;1;1;XEUR;10804525;689;
29.10.2024;09:47:36.969;FGBM SI 20241206 PS;SIMPLE_INSTRUMENT;EFS;EUR;20;118.78000000;930;EXCHANGE_LAST;;1;1;XEUR;10804525;689;
29.10.2024;09:48:30.351;FGBM SI 20241206 PS;SIMPLE_INSTRUMENT;EFS;EUR;21;118.78000000;930;EXCHANGE_LAST;;1;1;XEUR;10804525;689;
29.10.2024;09:51:48.706;FGBM SI 20241206 PS;SIMPLE_INSTRUMENT;EFS;EUR;22;118.81000000;641;EXCHANGE_LAST;;1;1;XEUR;10804525;689;
29.10.2024;09:53:31.048;FGBM SI 20241206 PS;SIMPLE_INSTRUMENT;EFS;EUR;23;118.80000000;1280;EXCHANGE_LAST;;1;1;XEUR;10804525;689;
29.10.2024;09:54:21.872;FGBM SI 20241206 PS;SIMPLE_INSTRUMENT;EFS;EUR;24;118.86000000;856;EXCHANGE_LAST;;1;1;XEUR;10804525;689;
29.10.2024;09:58:08.032;FGBM SI 20241206 PS;SIMPLE_INSTRUMENT;EFS;EUR;25;118.83000000;428;EXCHANGE_LAST;;1;1;XEUR;10804525;689;
29.10.2024;09:58:51.881;FGBM SI 20241206 PS;SIMPLE_INSTRUMENT;EFS;EUR;26;118.80000000;929;EXCHANGE_LAST;;1;1;XEUR;10804525;689;
29.10.2024;10:00:20.386;FGBM SI 20241206 PS;SIMPLE_INSTRUMENT;EFS;EUR;27;118.79000000;1288;EXCHANGE_LAST;;1;1;XEUR;10804525;689;
29.10.2024;10:02:27.596;FGBM SI 20241206 PS;SIMPLE_INSTRUMENT;EFS;EUR;29;118.85000000;626;EXCHANGE_LAST;;1;1;XEUR;10804525;689;
29.10.2024;10:04:58.531;FGBM SI 20241206 PS;SIMPLE_INSTRUMENT;EFS;EUR;30;118.83000000;427;EXCHANGE_LAST;;1;1;XEUR;10804525;689;
29.10.2024;10:05:54.402;FGBM SI 20241206 PS;SIMPLE_INSTRUMENT;EFP_FIN;EUR;31;118.84000000;206;EXCHANGE_LAST;;1;1;XEUR;10804525;689;
29.10.2024;10:12:18.168;FGBM SI 20241206 PS;SIMPLE_INSTRUMENT;EFS;EUR;32;118.79000000;1292;EXCHANGE_LAST;;1;1;XEUR;10804525;689;
29.10.2024;10:15:48.904;FGBM SI 20241206 PS;SIMPLE_INSTRUMENT;EFS;EUR;33;118.85000000;859;EXCHANGE_LAST;;1;1;XEUR;10804525;689;
29.10.2024;10:16:29.222;FGBM SI 20241206 PS;SIMPLE_INSTRUMENT;EFS;EUR;34;118.84000000;1394;EXCHANGE_LAST;;1;1;XEUR;10804525;689;
29.10.2024;10:22:10.852;FGBM SI 20241206 PS;SIMPLE_INSTRUMENT;EFP_FIN;EUR;35;118.86000000;60;EXCHANGE_LAST;;1;1;XEUR;10804525;689;
29.10.2024;10:27:58.770;FGBM SI 20241206 PS;SIMPLE_INSTRUMENT;EFP_FIN;EUR;36;118.85000000;1284;EXCHANGE_LAST;;1;1;XEUR;10804525;689;
29.10.2024;10:31:32.815;FGBM SI 20241206 PS;SIMPLE_INSTRUMENT;EFS;EUR;38;118.84000000;930;EXCHANGE_LAST;;1;1;XEUR;10804525;689;
29.10.2024;10:32:40.986;FGBM SI 20241206 PS;SIMPLE_INSTRUMENT;EFP_FIN;EUR;39;118.85000000;86;EXCHANGE_LAST;;1;1;XEUR;10804525;689;
29.10.2024;10:33:05.427;FGBM SI 20241206 PS;SIMPLE_INSTRUMENT;EFS;EUR;40;118.88000000;856;EXCHANGE_LAST;;1;1;XEUR;10804525;689;
29.10.2024;10:42:51.776;FGBM SI 20241206 PS;SIMPLE_INSTRUMENT;EFP_FIN;EUR;41;118.89000000;366;EXCHANGE_LAST;;1;1;XEUR;10804525;689;
29.10.2024;10:44:42.084;FGBM SI 20241206 PS;SIMPLE_INSTRUMENT;EFP_FIN;EUR;42;118.87000000;214;EXCHANGE_LAST;;1;1;XEUR;10804525;689;
29.10.2024;10:51:31.266;FGBM SI 20241206 PS;SIMPLE_INSTRUMENT;EFS;EUR;43;118.86000000;427;EXCHANGE_LAST;;1;1;XEUR;10804525;689;
29.10.2024;10:53:23.380;FGBM SI 20241206 PS;SIMPLE_INSTRUMENT;EFP_FIN;EUR;44;118.88000000;428;EXCHANGE_LAST;;1;1;XEUR;10804525;689;
29.10.2024;10:54:08.268;FGBM SI 20241206 PS;SIMPLE_INSTRUMENT;EFP_FIN;EUR;45;118.88000000;276;EXCHANGE_LAST;;1;1;XEUR;10804525;689;
29.10.2024;10:58:07.202;FGBM SI 20241206 PS;SIMPLE_INSTRUMENT;EFP_FIN;EUR;46;118.87000000;158;EXCHANGE_LAST;;1;1;XEUR;10804525;689;
29.10.2024;10:56:27.232;FGBM SI 20241206 PS;SIMPLE_INSTRUMENT;EFP_FIN;EUR;47;118.87000000;428;EXCHANGE_LAST;;1;1;XEUR;10804525;689;
29.10.2024;11:00:15.084;FGBM SI 20241206 PS;SIMPLE_INSTRUMENT;EFP_FIN;EUR;48;118.86000000;518;EXCHANGE_LAST;;1;1;XEUR;10804525;689;
29.10.2024;11:01:37.752;FGBM SI 20241206 PS;SIMPLE_INSTRUMENT;EFS;EUR;49;118.89000000;1215;EXCHANGE_LAST;;1;1;XEUR;10804525;689;
29.10.2024;11:07:24.695;FGBM SI 20241206 PS;SIMPLE_INSTRUMENT;EFP_FIN;EUR;50;118.92000000;690;EXCHANGE_LAST;;1;1;XEUR;10804525;689;
29.10.2024;11:09:49.092;FGBM SI 20241206 PS;SIMPLE_INSTRUMENT;EFS;EUR;51;118.90000000;810;EXCHANGE_LAST;;1;1;XEUR;10804525;689;
29.10.2024;11:16:17.605;FGBM SI 20241206 PS;SIMPLE_INSTRUMENT;EFS;EUR;52;118.89000000;1857;EXCHANGE_LAST;;1;1;XEUR;10804525;689;
29.10.2024;11:24:09.820;FGBM SI 20241206 PS;SIMPLE_INSTRUMENT;EFP_FIN;EUR;54;118.90000000;525;EXCHANGE_LAST;;1;1;XEUR;10804525;689;
29.10.2024;11:36:05.843;FGBM SI 20241206 PS;SIMPLE_INSTRUMENT;EFP_FIN;EUR;55;118.79000000;591;EXCHANGE_LAST;;1;1;XEUR;10804525;689;
29.10.2024;11:53:26.542;FGBM SI 20241206 PS;SIMPLE_INSTRUMENT;EFP_FIN;EUR;56;118.85000000;750;EXCHANGE_LAST;;1;1;XEUR;10804525;689;
29.10.2024;11:54:52.453;FGBM SI 20241206 PS;SIMPLE_INSTRUMENT;EFS;EUR;57;118.83000000;855;EXCHANGE_LAST;;1;1;XEUR;10804525;689;
29.10.2024;11:57:43.147;FGBM SI 20241206 PS;SIMPLE_INSTRUMENT;EFS;EUR;58;118.81000000;856;EXCHANGE_LAST;;1;1;XEUR;10804525;689;
29.10.2024;12:04:56.389;FGBM SI 20241206 PS;SIMPLE_INSTRUMENT;EFS;EUR;59;118.81000000;778;EXCHANGE_LAST;;1;1;XEUR;10804525;689;
29.10.2024;12:09:25.518;FGBM SI 20241206 PS;SIMPLE_INSTRUMENT;EFS;EUR;60;118.80000000;1601;EXCHANGE_LAST;;1;1;XEUR;10804525;689;
29.10.2024;12:12:03.666;FGBM SI 20241206 PS;SIMPLE_INSTRUMENT;EFP_FIN;EUR;61;118.85000000;1258;EXCHANGE_LAST;;1;1;XEUR;10804525;689;
29.10.2024;12:36:21.863;FGBM SI 20241206 PS;SIMPLE_INSTRUMENT;EFS;EUR;62;118.77000000;857;EXCHANGE_LAST;;1;1;XEUR;10804525;689;
29.10.2024;12:36:40.528;FGBM SI 20241206 PS;SIMPLE_INSTRUMENT;EFS;EUR;63;118.78000000;855;EXCHANGE_LAST;;1;1;XEUR;10804525;689;
29.10.2024;12:40:10.187;FGBM SI 20241206 PS;SIMPLE_INSTRUMENT;EFS;EUR;64;118.76000000;2606;EXCHANGE_LAST;;1;1;XEUR;10804525;689;
29.10.2024;12:49:41.453;FGBM SI 20241206 PS;SIMPLE_INSTRUMENT;EFP_FIN;EUR;65;118.90000000;428;EXCHANGE_LAST;;1;1;XEUR;10804525;689;
29.10.2024;12:53:13.472;FGBM SI 20241206 PS;SIMPLE_INSTRUMENT;EFS;EUR;66;118.79000000;428;EXCHANGE_LAST;;1;1;XEUR;10804525;689;
29.10.2024;12:55:32.010;FGBM SI 20241206 PS;SIMPLE_INSTRUMENT;EFS;EUR;67;118.79000000;428;EXCHANGE_LAST;;1;1;XEUR;10804525;689;
29.10.2024;13:01:36.248;FGBM SI 20241206 PS;SIMPLE_INSTRUMENT;EFP_FIN;EUR;68;118.79000000;515;EXCHANGE_LAST;;1;1;XEUR;10804525;689;
29.10.2024;13:04:39.850;FGBM SI 20241206 PS;SIMPLE_INSTRUMENT;EFS;EUR;69;118.77000000;465;EXCHANGE_LAST;;1;1;XEUR;10804525;689;
29.10.2024;13:06:56.077;FGBM SI 20241206 PS;SIMPLE_INSTRUMENT;EFS;EUR;70;118.77000000;186;EXCHANGE_LAST;;1;1;XEUR;10804525;689;
29.10.2024;13:17:46.307;FGBM SI 20241206 PS;SIMPLE_INSTRUMENT;EFS;EUR;71;118.76000000;428;EXCHANGE_LAST;;1;1;XEUR;10804525;689;
29.10.2024;13:18:12.691;FGBM SI 20241206 PS;SIMPLE_INSTRUMENT;EFP_FIN;EUR;72;118.77000000;2573;EXCHANGE_LAST;;1;1;XEUR;10804525;689;
29.10.2024;13:18:52.367;FGBM SI 20241206 PS;SIMPLE_INSTRUMENT;EFP_FIN;EUR;73;118.76000000;310;EXCHANGE_LAST;;1;1;XEUR;10804525;689;
29.10.2024;13:18:56.374;FGBM SI 20241206 PS;SIMPLE_INSTRUMENT;EFS;EUR;74;118.76000000;428;EXCHANGE_LAST;;1;1;XEUR;10804525;689;
29.10.2024;13:18:58.326;FGBM SI 20241206 PS;SIMPLE_INSTRUMENT;EFP_FIN;EUR;75;118.77000000;257;EXCHANGE_LAST;;1;1;XEUR;10804525;689;
29.10.2024;13:21:06.528;FGBM SI 20241206 PS;SIMPLE_INSTRUMENT;EFS;EUR;76;118.76000000;857;EXCHANGE_LAST;;1;1;XEUR;10804525;689;
29.10.2024;13:27:54.034;FGBM SI 20241206 PS;SIMPLE_INSTRUMENT;EFS;EUR;77;118.76000000;308;EXCHANGE_LAST;;1;1;XEUR;10804525;689;
29.10.2024;13:28:26.903;FGBM SI 20241206 PS;SIMPLE_INSTRUMENT;EFS;EUR;78;118.77000000;857;EXCHANGE_LAST;;1;1;XEUR;10804525;689;
29.10.2024;13:29:31.953;FGBM SI 20241206 PS;SIMPLE_INSTRUMENT;EFS;EUR;79;118.77000000;1714;EXCHANGE_LAST;;1;1;XEUR;10804525;689;
29.10.2024;13:29:56.976;FGBM SI 20241206 PS;SIMPLE_INSTRUMENT;EFS;EUR;80;118.77000000;1714;EXCHANGE_LAST;;1;1;XEUR;10804525;689;
29.10.2024;13:30:22.901;FGBM SI 20241206 PS;SIMPLE_INSTRUMENT;EFS;EUR;81;118.77000000;93;EXCHANGE_LAST;;1;1;XEUR;10804525;689;
29.10.2024;13:32:10.399;FGBM SI 20241206 PS;SIMPLE_INSTRUMENT;BLOCK;EUR;82;118.79000000;3910;EXCHANGE_LAST;;1;1;XEUR;10804525;689;
29.10.2024;13:34:21.977;FGBM SI 20241206 PS;SIMPLE_INSTRUMENT;EFS;EUR;83;118.79000000;1394;EXCHANGE_LAST;;1;1;XEUR;10804525;689;
29.10.2024;13:34:15.341;FGBM SI 20241206 PS;SIMPLE_INSTRUMENT;EFP_FIN;EUR;84;118.75000000;750;EXCHANGE_LAST;;1;1;XEUR;10804525;689;
29.10.2024;13:41:57.482;FGBM SI 20241206 PS;SIMPLE_INSTRUMENT;EFS;EUR;85;118.79000000;411;EXCHANGE_LAST;;1;1;XEUR;10804525;689;
29.10.2024;13:43:36.740;FGBM SI 20241206 PS;SIMPLE_INSTRUMENT;EFS;EUR;86;118.83000000;465;EXCHANGE_LAST;;1;1;XEUR;10804525;689;
29.10.2024;13:49:04.040;FGBM SI 20241206 PS;SIMPLE_INSTRUMENT;EFS;EUR;87;118.77000000;1395;EXCHANGE_LAST;;1;1;XEUR;10804525;689;
29.10.2024;13:59:10.262;FGBM SI 20241206 PS;SIMPLE_INSTRUMENT;EFS;EUR;88;118.79000000;1394;EXCHANGE_LAST;;1;1;XEUR;10804525;689;
29.10.2024;14:05:26.973;FGBM SI 20241206 PS;SIMPLE_INSTRUMENT;EFP_FIN;EUR;89;118.84000000;79;EXCHANGE_LAST;;1;1;XEUR;10804525;689;
29.10.2024;14:06:02.709;FGBM SI 20241206 PS;SIMPLE_INSTRUMENT;EFP_FIN;EUR;90;118.84000000;229;EXCHANGE_LAST;;1;1;XEUR;10804525;689;
29.10.2024;14:06:41.580;FGBM SI 20241206 PS;SIMPLE_INSTRUMENT;EFS;EUR;91;118.85000000;857;EXCHANGE_LAST;;1;1;XEUR;10804525;689;
29.10.2024;14:07:59.988;FGBM SI 20241206 PS;SIMPLE_INSTRUMENT;EFS;EUR;92;118.86000000;427;EXCHANGE_LAST;;1;1;XEUR;10804525;689;
29.10.2024;14:34:02.040;FGBM SI 20241206 PS;SIMPLE_INSTRUMENT;EFP_FIN;EUR;93;118.81000000;239;EXCHANGE_LAST;;1;1;XEUR;10804525;689;
29.10.2024;14:29:54.245;FGBM SI 20241206 PS;SIMPLE_INSTRUMENT;EFP_FIN;EUR;94;118.81000000;341;EXCHANGE_LAST;;1;1;XEUR;10804525;689;
29.10.2024;14:39:48.370;FGBM SI 20241206 PS;SIMPLE_INSTRUMENT;EFS;EUR;95;118.84000000;1197;EXCHANGE_LAST;;1;1;XEUR;10804525;689;
29.10.2024;14:40:29.459;FGBM SI 20241206 PS;SIMPLE_INSTRUMENT;EFS;EUR;96;118.82000000;857;EXCHANGE_LAST;;1;1;XEUR;10804525;689;
29.10.2024;14:40:35.616;FGBM SI 20241206 PS;SIMPLE_INSTRUMENT;EFS;EUR;97;118.80000000;1036;EXCHANGE_LAST;;1;1;XEUR;10804525;689;
29.10.2024;14:42:00.368;FGBM SI 20241206 PS;SIMPLE_INSTRUMENT;EFS;EUR;98;118.80000000;1036;EXCHANGE_LAST;;1;1;XEUR;10804525;689;
29.10.2024;14:43:42.657;FGBM SI 20241206 PS;SIMPLE_INSTRUMENT;EFS;EUR;99;118.85000000;552;EXCHANGE_LAST;;1;1;XEUR;10804525;689;
29.10.2024;14:48:47.673;FGBM SI 20241206 PS;SIMPLE_INSTRUMENT;EFS;EUR;100;118.84000000;1765;EXCHANGE_LAST;;1;1;XEUR;10804525;689;
29.10.2024;14:55:00.893;FGBM SI 20241206 PS;SIMPLE_INSTRUMENT;EFS;EUR;101;118.81000000;2408;EXCHANGE_LAST;;1;1;XEUR;10804525;689;
29.10.2024;14:59:42.552;FGBM SI 20241206 PS;SIMPLE_INSTRUMENT;EFS;EUR;103;118.80000000;110;EXCHANGE_LAST;;1;1;XEUR;10804525;689;
29.10.2024;15:00:14.004;FGBM SI 20241206 PS;SIMPLE_INSTRUMENT;EFS;EUR;104;118.80000000;390;EXCHANGE_LAST;;1;1;XEUR;10804525;689;
29.10.2024;15:05:00.938;FGBM SI 20241206 PS;SIMPLE_INSTRUMENT;EFS;EUR;105;118.81000000;857;EXCHANGE_LAST;;1;1;XEUR;10804525;689;
29.10.2024;15:06:17.358;FGBM SI 20241206 PS;SIMPLE_INSTRUMENT;EFP_FIN;EUR;106;118.78000000;451;EXCHANGE_LAST;;1;1;XEUR;10804525;689;
29.10.2024;15:22:15.882;FGBM SI 20241206 PS;SIMPLE_INSTRUMENT;EFS;EUR;107;118.75000000;1213;EXCHANGE_LAST;;1;1;XEUR;10804525;689;
29.10.2024;15:26:37.675;FGBM SI 20241206 PS;SIMPLE_INSTRUMENT;EFS;EUR;108;118.73000000;405;EXCHANGE_LAST;;1;1;XEUR;10804525;689;
29.10.2024;15:43:07.404;FGBM SI 20241206 PS;SIMPLE_INSTRUMENT;EFP_FIN;EUR;109;118.82000000;133;EXCHANGE_LAST;;1;1;XEUR;10804525;689;
29.10.2024;15:32:42.955;FGBM SI 20241206 PS;SIMPLE_INSTRUMENT;EFP_FIN;EUR;110;118.82000000;133;EXCHANGE_LAST;;1;1;XEUR;10804525;689;
29.10.2024;15:35:26.324;FGBM SI 20241206 PS;SIMPLE_INSTRUMENT;EFP_FIN;EUR;111;118.73000000;248;EXCHANGE_LAST;;1;1;XEUR;10804525;689;
29.10.2024;15:48:26.831;FGBM SI 20241206 PS;SIMPLE_INSTRUMENT;EFS;EUR;112;118.73000000;405;EXCHANGE_LAST;;1;1;XEUR;10804525;689;
29.10.2024;15:54:55.861;FGBM SI 20241206 PS;SIMPLE_INSTRUMENT;EFS;EUR;113;118.81000000;464;EXCHANGE_LAST;;1;1;XEUR;10804525;689;
29.10.2024;15:59:59.549;FGBM SI 20241206 PS;SIMPLE_INSTRUMENT;EFP_FIN;EUR;114;118.79000000;179;EXCHANGE_LAST;;1;1;XEUR;10804525;689;
29.10.2024;16:04:38.186;FGBM SI 20241206 PS;SIMPLE_INSTRUMENT;EFP_FIN;EUR;115;118.81000000;263;EXCHANGE_LAST;;1;1;XEUR;10804525;689;
29.10.2024;16:06:48.457;FGBM SI 20241206 PS;SIMPLE_INSTRUMENT;EFS;EUR;116;118.76000000;855;EXCHANGE_LAST;;1;1;XEUR;10804525;689;
29.10.2024;16:07:32.439;FGBM SI 20241206 PS;SIMPLE_INSTRUMENT;EFS;EUR;117;118.75000000;855;EXCHANGE_LAST;;1;1;XEUR;10804525;689;
29.10.2024;16:11:25.841;FGBM SI 20241206 PS;SIMPLE_INSTRUMENT;EFP_FIN;EUR;118;118.76000000;265;EXCHANGE_LAST;;1;1;XEUR;10804525;689;
29.10.2024;16:14:23.112;FGBM SI 20241206 PS;SIMPLE_INSTRUMENT;EFS;EUR;119;118.75000000;855;EXCHANGE_LAST;;1;1;XEUR;10804525;689;
29.10.2024;16:46:58.967;FGBM SI 20241206 PS;SIMPLE_INSTRUMENT;EFS;EUR;120;118.78000000;1400;EXCHANGE_LAST;;1;1;XEUR;10804525;689;
29.10.2024;16:52:22.070;FGBM SI 20241206 PS;SIMPLE_INSTRUMENT;EFP_FIN;EUR;121;118.74000000;2439;EXCHANGE_LAST;;1;1;XEUR;10804525;689;
29.10.2024;17:35:07.691;FGBM SI 20241206 PS;SIMPLE_INSTRUMENT;BLOCK;EUR;122;118.76000000;7722;EXCHANGE_LAST;;1;1;XEUR;10804525;689;
29.10.2024;07:41:47.577;FGBS SI 20241206 PS;SIMPLE_INSTRUMENT;EFS;EUR;1;106.90000000;4074;EXCHANGE_LAST;;1;1;XEUR;10804527;690;
29.10.2024;08:59:43.873;FGBS SI 20241206 PS;SIMPLE_INSTRUMENT;EFP_FIN;EUR;2;106.84000000;347;EXCHANGE_LAST;;1;1;XEUR;10804527;690;
29.10.2024;09:06:33.702;FGBS SI 20241206 PS;SIMPLE_INSTRUMENT;EFS;EUR;3;106.84500000;1359;EXCHANGE_LAST;;1;1;XEUR;10804527;690;
29.10.2024;09:15:13.074;FGBS SI 20241206 PS;SIMPLE_INSTRUMENT;EFS;EUR;4;106.84000000;2517;EXCHANGE_LAST;;1;1;XEUR;10804527;690;
29.10.2024;09:21:11.363;FGBS SI 20241206 PS;SIMPLE_INSTRUMENT;EFP_FIN;EUR;5;106.85000000;3530;EXCHANGE_LAST;;1;1;XEUR;10804527;690;
29.10.2024;09:45:51.440;FGBS SI 20241206 PS;SIMPLE_INSTRUMENT;EFS;EUR;6;106.82500000;1500;EXCHANGE_LAST;;1;1;XEUR;10804527;690;
29.10.2024;09:52:31.733;FGBS SI 20241206 PS;SIMPLE_INSTRUMENT;EFS;EUR;7;106.83500000;2517;EXCHANGE_LAST;;1;1;XEUR;10804527;690;
29.10.2024;09:58:15.147;FGBS SI 20241206 PS;SIMPLE_INSTRUMENT;EFS;EUR;8;106.85000000;3768;EXCHANGE_LAST;;1;1;XEUR;10804527;690;
29.10.2024;10:02:44.746;FGBS SI 20241206 PS;SIMPLE_INSTRUMENT;EFP_FIN;EUR;9;106.82000000;1047;EXCHANGE_LAST;;1;1;XEUR;10804527;690;
29.10.2024;10:20:46.443;FGBS SI 20241206 PS;SIMPLE_INSTRUMENT;EFS;EUR;10;106.85000000;2511;EXCHANGE_LAST;;1;1;XEUR;10804527;690;
29.10.2024;10:40:29.338;FGBS SI 20241206 PS;SIMPLE_INSTRUMENT;EFP_FIN;EUR;11;106.85000000;839;EXCHANGE_LAST;;1;1;XEUR;10804527;690;
29.10.2024;11:05:40.378;FGBS SI 20241206 PS;SIMPLE_INSTRUMENT;EFP_FIN;EUR;12;106.87000000;473;EXCHANGE_LAST;;1;1;XEUR;10804527;690;
29.10.2024;11:20:37.438;FGBS SI 20241206 PS;SIMPLE_INSTRUMENT;EFS;EUR;13;106.87000000;4076;EXCHANGE_LAST;;1;1;XEUR;10804527;690;
29.10.2024;11:23:41.620;FGBS SI 20241206 PS;SIMPLE_INSTRUMENT;EFP_FIN;EUR;14;106.87500000;709;EXCHANGE_LAST;;1;1;XEUR;10804527;690;
29.10.2024;11:40:23.410;FGBS SI 20241206 PS;SIMPLE_INSTRUMENT;EFP_FIN;EUR;15;106.87500000;867;EXCHANGE_LAST;;1;1;XEUR;10804527;690;
29.10.2024;11:51:04.065;FGBS SI 20241206 PS;SIMPLE_INSTRUMENT;EFP_FIN;EUR;16;106.86000000;236;EXCHANGE_LAST;;1;1;XEUR;10804527;690;
29.10.2024;11:44:14.071;FGBS SI 20241206 PS;SIMPLE_INSTRUMENT;EFP_FIN;EUR;17;106.87000000;262;EXCHANGE_LAST;;1;1;XEUR;10804527;690;
29.10.2024;12:25:13.945;FGBS SI 20241206 PS;SIMPLE_INSTRUMENT;EFS;EUR;18;106.83000000;2719;EXCHANGE_LAST;;1;1;XEUR;10804527;690;
29.10.2024;12:27:26.197;FGBS SI 20241206 PS;SIMPLE_INSTRUMENT;EFS;EUR;19;106.83000000;2719;EXCHANGE_LAST;;1;1;XEUR;10804527;690;
29.10.2024;12:29:44.348;FGBS SI 20241206 PS;SIMPLE_INSTRUMENT;EFP_FIN;EUR;20;106.87000000;946;EXCHANGE_LAST;;1;1;XEUR;10804527;690;
29.10.2024;12:34:18.827;FGBS SI 20241206 PS;SIMPLE_INSTRUMENT;EFS;EUR;21;106.83000000;5437;EXCHANGE_LAST;;1;1;XEUR;10804527;690;
29.10.2024;13:10:15.449;FGBS SI 20241206 PS;SIMPLE_INSTRUMENT;EFS;EUR;22;106.82500000;3786;EXCHANGE_LAST;;1;1;XEUR;10804527;690;
29.10.2024;13:26:48.951;FGBS SI 20241206 PS;SIMPLE_INSTRUMENT;EFS;EUR;23;106.83000000;2184;EXCHANGE_LAST;;1;1;XEUR;10804527;690;
29.10.2024;13:29:14.435;FGBS SI 20241206 PS;SIMPLE_INSTRUMENT;EFS;EUR;24;106.83000000;1358;EXCHANGE_LAST;;1;1;XEUR;10804527;690;
29.10.2024;13:50:16.086;FGBS SI 20241206 PS;SIMPLE_INSTRUMENT;EFS;EUR;25;106.83000000;2521;EXCHANGE_LAST;;1;1;XEUR;10804527;690;
29.10.2024;14:00:49.937;FGBS SI 20241206 PS;SIMPLE_INSTRUMENT;EFS;EUR;26;106.85000000;213;EXCHANGE_LAST;;1;1;XEUR;10804527;690;
29.10.2024;14:23:25.595;FGBS SI 20241206 PS;SIMPLE_INSTRUMENT;EFS;EUR;27;106.85000000;3331;EXCHANGE_LAST;;1;1;XEUR;10804527;690;
29.10.2024;15:01:36.713;FGBS SI 20241206 PS;SIMPLE_INSTRUMENT;EFS;EUR;28;106.85000000;2714;EXCHANGE_LAST;;1;1;XEUR;10804527;690;
29.10.2024;15:11:42.816;FGBS SI 20241206 PS;SIMPLE_INSTRUMENT;EFP_FIN;EUR;29;106.88000000;946;EXCHANGE_LAST;;1;1;XEUR;10804527;690;
29.10.2024;16:04:28.132;FGBS SI 20241206 PS;SIMPLE_INSTRUMENT;EFP_FIN;EUR;30;106.87500000;473;EXCHANGE_LAST;;1;1;XEUR;10804527;690;
29.10.2024;16:19:44.943;FGBS SI 20241206 PS;SIMPLE_INSTRUMENT;EFS;EUR;31;106.82000000;1256;EXCHANGE_LAST;;1;1;XEUR;10804527;690;
29.10.2024;16:31:11.524;FGBS SI 20241206 PS;SIMPLE_INSTRUMENT;EFS;EUR;32;106.84500000;1258;EXCHANGE_LAST;;1;1;XEUR;10804527;690;
29.10.2024;16:37:03.160;FGBS SI 20241206 PS;SIMPLE_INSTRUMENT;EFP_FIN;EUR;33;106.83000000;824;EXCHANGE_LAST;;1;1;XEUR;10804527;690;
29.10.2024;16:45:55.045;FGBS SI 20241206 PS;SIMPLE_INSTRUMENT;EFP_FIN;EUR;34;106.83000000;830;EXCHANGE_LAST;;1;1;XEUR;10804527;690;
29.10.2024;16:47:21.113;FGBS SI 20241206 PS;SIMPLE_INSTRUMENT;EFP_FIN;EUR;35;106.83000000;830;EXCHANGE_LAST;;1;1;XEUR;10804527;690;
29.10.2024;16:52:48.832;FGBS SI 20241206 PS;SIMPLE_INSTRUMENT;EFP_FIN;EUR;36;106.83000000;824;EXCHANGE_LAST;;1;1;XEUR;10804527;690;
29.10.2024;16:55:12.591;FGBS SI 20241206 PS;SIMPLE_INSTRUMENT;EFP_FIN;EUR;37;106.81500000;2746;EXCHANGE_LAST;;1;1;XEUR;10804527;690;
29.10.2024;16:59:04.949;FGBS SI 20241206 PS;SIMPLE_INSTRUMENT;EFP_FIN;EUR;38;106.83000000;354;EXCHANGE_LAST;;1;1;XEUR;10804527;690;
29.10.2024;08:26:58.099;FGBX SI 20241206 PS;SIMPLE_INSTRUMENT;EFP_FIN;EUR;1;131.90000000;92;EXCHANGE_LAST;;1;1;XEUR;10804526;691;
29.10.2024;08:58:03.740;FGBX SI 20241206 PS;SIMPLE_INSTRUMENT;EFP_FIN;EUR;4;131.40000000;126;EXCHANGE_LAST;;1;1;XEUR;10804526;691;
29.10.2024;10:53:16.171;FGBX SI 20241206 PS;SIMPLE_INSTRUMENT;EFS;EUR;17;131.62000000;84;EXCHANGE_LAST;;1;1;XEUR;10804526;691;
29.10.2024;11:04:16.379;FGBX SI 20241206 PS;SIMPLE_INSTRUMENT;BLOCK;EUR;18;131.74000000;1000;EXCHANGE_LAST;;1;1;XEUR;10804526;691;
29.10.2024;11:05:57.313;FGBX SI 20241206 PS;SIMPLE_INSTRUMENT;EFP_FIN;EUR;19;131.74000000;51;EXCHANGE_LAST;;1;1;XEUR;10804526;691;
29.10.2024;12:14:20.236;FGBX SI 20241206 PS;SIMPLE_INSTRUMENT;EFP_FIN;EUR;20;131.60000000;169;EXCHANGE_LAST;;1;1;XEUR;10804526;691;
29.10.2024;12:18:10.948;FGBX SI 20241206 PS;SIMPLE_INSTRUMENT;EFP_FIN;EUR;21;131.52000000;259;EXCHANGE_LAST;;1;1;XEUR;10804526;691;
29.10.2024;12:50:04.167;FGBX SI 20241206 PS;SIMPLE_INSTRUMENT;EFP_FIN;EUR;23;131.32000000;242;EXCHANGE_LAST;;1;1;XEUR;10804526;691;
29.10.2024;12:55:12.127;FGBX SI 20241206 PS;SIMPLE_INSTRUMENT;EFS;EUR;24;131.44000000;337;EXCHANGE_LAST;;1;1;XEUR;10804526;691;
29.10.2024;12:58:26.574;FGBX SI 20241206 PS;SIMPLE_INSTRUMENT;EFP_FIN;EUR;25;131.42000000;137;EXCHANGE_LAST;;1;1;XEUR;10804526;691;
29.10.2024;13:01:49.530;FGBX SI 20241206 PS;SIMPLE_INSTRUMENT;EFP_FIN;EUR;26;131.52000000;371;EXCHANGE_LAST;;1;1;XEUR;10804526;691;
29.10.2024;13:41:42.813;FGBX SI 20241206 PS;SIMPLE_INSTRUMENT;EFP_FIN;EUR;30;131.50000000;90;EXCHANGE_LAST;;1;1;XEUR;10804526;691;
29.10.2024;13:43:06.729;FGBX SI 20241206 PS;SIMPLE_INSTRUMENT;EFP_FIN;EUR;32;131.48000000;359;EXCHANGE_LAST;;1;1;XEUR;10804526;691;
29.10.2024;13:46:32.377;FGBX SI 20241206 PS;SIMPLE_INSTRUMENT;EFS;EUR;33;131.50000000;337;EXCHANGE_LAST;;1;1;XEUR;10804526;691;
29.10.2024;14:52:18.180;FGBX SI 20241206 PS;SIMPLE_INSTRUMENT;EFP_FIN;EUR;37;131.50000000;132;EXCHANGE_LAST;;1;1;XEUR;10804526;691;
29.10.2024;14:59:25.546;FGBX SI 20241206 PS;SIMPLE_INSTRUMENT;EFP_FIN;EUR;38;131.48000000;185;EXCHANGE_LAST;;1;1;XEUR;10804526;691;
29.10.2024;15:17:19.329;FGBX SI 20241206 PS;SIMPLE_INSTRUMENT;BLOCK;EUR;40;131.56000000;371;EXCHANGE_LAST;;1;1;XEUR;10804526;691;
29.10.2024;15:32:35.654;FGBX SI 20241206 PS;SIMPLE_INSTRUMENT;EFP_FIN;EUR;41;131.20000000;275;EXCHANGE_LAST;;1;1;XEUR;10804526;691;
29.10.2024;15:37:28.563;FGBX SI 20241206 PS;SIMPLE_INSTRUMENT;EFP_FIN;EUR;42;131.20000000;138;EXCHANGE_LAST;;1;1;XEUR;10804526;691;
29.10.2024;15:53:48.617;FGBX SI 20241206 PS;SIMPLE_INSTRUMENT;EFP_FIN;EUR;43;131.24000000;297;EXCHANGE_LAST;;1;1;XEUR;10804526;691;
29.10.2024;16:05:01.488;FGBX SI 20241206 PS;SIMPLE_INSTRUMENT;EFP_FIN;EUR;44;131.24000000;185;EXCHANGE_LAST;;1;1;XEUR;10804526;691;
29.10.2024;16:04:22.523;FGBX SI 20241206 PS;SIMPLE_INSTRUMENT;EFP_FIN;EUR;45;131.24000000;148;EXCHANGE_LAST;;1;1;XEUR;10804526;691;
29.10.2024;16:09:42.639;FGBX SI 20241206 PS;SIMPLE_INSTRUMENT;EFS;EUR;47;131.50000000;171;EXCHANGE_LAST;;1;1;XEUR;10804526;691;
29.10.2024;16:13:20.097;FGBX SI 20241206 PS;SIMPLE_INSTRUMENT;EFP_FIN;EUR;48;131.24000000;371;EXCHANGE_LAST;;1;1;XEUR;10804526;691;
29.10.2024;08:15:13.365;FGDV SI 20241223 CS;SIMPLE_INSTRUMENT;EFP_IDX;EUR;1;3066.50000000;10;EXCHANGE_LAST;;1;1;XEUR;10919390;47603;
29.10.2024;08:15:31.243;FGDV SI 20241223 CS;SIMPLE_INSTRUMENT;EFP_IDX;EUR;2;3066.00000000;60;EXCHANGE_LAST;;1;1;XEUR;10919390;47603;
29.10.2024;11:39:26.224;FIA5.O.241029.COMBO.000002;STANDARD_OPTION_STRATEGY;BLOCK;EUR;5;-0.52500000;500;EXCHANGE_LAST;;1;1;XEUR;72264727425717757;48227;
29.10.2024;11:39:26.224;FIA5 SI 20250320 PS AM P 11.00 0;SIMPLE_INSTRUMENT;BLOCK;EUR;5;0.52500000;500;PRC_DECOMP_MEMBER;;;;XEUR;10824854;48227;MEMBER
29.10.2024;11:39:26.224;FIA5 SI 20250320 PS AM C 13.00 0;SIMPLE_INSTRUMENT;BLOCK;EUR;5;1.05000000;500;PRC_DECOMP_MEMBER;;;;XEUR;10824870;48227;MEMBER
29.10.2024;11:55:34.739;FIA5 SI 20250619 PS AM P 13.00 0;SIMPLE_INSTRUMENT;BLOCK;EUR;8;1.46000000;400;EXCHANGE_LAST;;1;1;XEUR;11340117;48227;
29.10.2024;14:51:32.568;FIA5 SI 20251218 PS AM P 14.00 0;SIMPLE_INSTRUMENT;BLOCK;EUR;13;2.32000000;1500;EXCHANGE_LAST;;1;2;XEUR;10385148;48227;
29.10.2024;10:04:08.062;FIN SI 20250117 PS AM P 52.00 0;SIMPLE_INSTRUMENT;BLOCK;CHF;7;1.06000000;500;EXCHANGE_LAST;;1;1;XEUR;12074923;671;
29.10.2024;01:33:30.459;FMAU SI 20241220 CS;SIMPLE_INSTRUMENT;BLOCK;USD;2;5912.46300000;226;EXCHANGE_LAST;;1;1;XEUR;7192605;45287;
29.10.2024;07:14:22.099;FMAW SI 20241220 CS;SIMPLE_INSTRUMENT;EFP_IDX;USD;5;853.78100000;130;EXCHANGE_LAST;;1;1;XEUR;7194772;221295;
29.10.2024;03:41:35.814;FMCH SI 20241220 CS;SIMPLE_INSTRUMENT;BLOCK;USD;8;532.88100000;1228;EXCHANGE_LAST;;1;1;XEUR;7196792;402909;
29.10.2024;00:47:10.634;FMEA SI 20241220 CS;SIMPLE_INSTRUMENT;BLOCK;USD;1;725.08800000;532;EXCHANGE_LAST;;1;1;XEUR;7191938;12395;
29.10.2024;07:38:30.962;FMEA SI 20241220 CS;SIMPLE_INSTRUMENT;BLOCK;USD;13;725.08800000;96;EXCHANGE_LAST;;1;1;XEUR;7191938;12395;
29.10.2024;07:38:20.692;FMEA SI 20241220 CS;SIMPLE_INSTRUMENT;BLOCK;USD;14;725.23200000;161;EXCHANGE_LAST;;1;1;XEUR;7191938;12395;
29.10.2024;08:15:56.578;FMEF SI 20241220 CS;SIMPLE_INSTRUMENT;BLOCK;USD;22;1147.00000000;270;EXCHANGE_LAST;;1;1;XEUR;7192304;30657;
29.10.2024;06:58:41.085;FMEM SI 20241220 CS;SIMPLE_INSTRUMENT;BLOCK;USD;11;610.98000000;871;EXCHANGE_LAST;;1;1;XEUR;7191937;12394;
29.10.2024;08:02:00.281;FMEN SI 20241220 CS;SIMPLE_INSTRUMENT;EFP_IDX;EUR;21;528.32900000;2;EXCHANGE_LAST;;1;1;XEUR;7192297;30652;
29.10.2024;07:45:38.457;FMES SI 20241220 CS;SIMPLE_INSTRUMENT;EFP_IDX;EUR;19;570.53000000;1;EXCHANGE_LAST;;1;1;XEUR;7194760;221291;
29.10.2024;08:24:33.219;FMGC SI 20241220 CS;SIMPLE_INSTRUMENT;EFP_IDX;USD;23;12837.75000000;9;EXCHANGE_LAST;;1;1;XEUR;7193447;48916;
29.10.2024;13:42:09.212;FMGO SI 20241220 CS;SIMPLE_INSTRUMENT;BLOCK;USD;29;5232.00000000;8;EXCHANGE_LAST;;1;1;XEUR;8609363;583623;
29.10.2024;01:38:28.233;FMHK SI 20241220 CS;SIMPLE_INSTRUMENT;BLOCK;USD;3;60277.93900000;881;EXCHANGE_LAST;;1;2;XEUR;7192592;45282;
29.10.2024;02:43:36.867;FMIN SI 20241220 CS;SIMPLE_INSTRUMENT;BLOCK;USD;6;1311.14000000;160;EXCHANGE_LAST;;1;1;XEUR;7191968;12404;
29.10.2024;02:44:52.657;FMIN SI 20241220 CS;SIMPLE_INSTRUMENT;BLOCK;USD;7;1311.14000000;30;EXCHANGE_LAST;;1;1;XEUR;7191968;12404;
29.10.2024;03:51:32.094;FMIN SI 20241220 CS;SIMPLE_INSTRUMENT;BLOCK;USD;9;1311.14000000;427;EXCHANGE_LAST;;1;1;XEUR;7191968;12404;
29.10.2024;04:11:17.505;FMIN SI 20241220 CS;SIMPLE_INSTRUMENT;BLOCK;USD;10;1307.70000000;52;EXCHANGE_LAST;;1;1;XEUR;7191968;12404;
29.10.2024;07:38:41.237;FMIN SI 20241220 CS;SIMPLE_INSTRUMENT;BLOCK;USD;15;1311.14000000;114;EXCHANGE_LAST;;1;1;XEUR;7191968;12404;
29.10.2024;08:56:04.855;FMIN SI 20241220 CS;SIMPLE_INSTRUMENT;BLOCK;USD;26;1306.85100000;766;EXCHANGE_LAST;;1;1;XEUR;7191968;12404;
29.10.2024;07:38:34.888;FMJP SI 20241220 CS;SIMPLE_INSTRUMENT;EFP_IDX;USD;16;8505.81300000;19;EXCHANGE_LAST;;1;1;XEUR;7190889;661;
29.10.2024;10:38:00.694;FMKW SI 20241220 CS;SIMPLE_INSTRUMENT;BLOCK;USD;6;1559.10000000;130;EXCHANGE_LAST;;1;1;XEUR;7194775;221298;
29.10.2024;16:14:00.902;FMPX SI 20241220 CS;SIMPLE_INSTRUMENT;BLOCK;USD;30;8330.65200000;198;EXCHANGE_LAST;;1;1;XEUR;7192613;45291;
29.10.2024;09:44:23.567;FMSA SI 20241220 CS;SIMPLE_INSTRUMENT;BLOCK;USD;27;1798.00000000;37;EXCHANGE_LAST;;1;1;XEUR;7194630;134861;
29.10.2024;02:35:18.658;FMSI SI 20241220 CS;SIMPLE_INSTRUMENT;BLOCK;USD;4;16186.22000000;31;EXCHANGE_LAST;;1;1;XEUR;7193558;51883;
29.10.2024;00:21:27.870;FMTW SI 20241220 CS;SIMPLE_INSTRUMENT;BLOCK;USD;1;850.66300000;1787;EXCHANGE_LAST;;1;1;XEUR;7193559;51884;
29.10.2024;01:29:52.262;FMTW SI 20241220 CS;SIMPLE_INSTRUMENT;BLOCK;USD;2;850.49500000;90;EXCHANGE_LAST;;1;1;XEUR;7193559;51884;
29.10.2024;02:15:25.844;FMTW SI 20241220 CS;SIMPLE_INSTRUMENT;BLOCK;USD;3;850.49500000;100;EXCHANGE_LAST;;1;1;XEUR;7193559;51884;
29.10.2024;07:43:04.519;FMWN SI 20241220 CS;SIMPLE_INSTRUMENT;BLOCK;EUR;17;558.55000000;350;EXCHANGE_LAST;;1;1;XEUR;7192300;30654;
29.10.2024;07:10:50.282;FMWO SI 20241220 CS;SIMPLE_INSTRUMENT;EFP_IDX;USD;12;11827.33000000;55;EXCHANGE_LAST;;1;1;XEUR;7191849;7059;
29.10.2024;07:41:34.400;FMWO SI 20241220 CS;SIMPLE_INSTRUMENT;BLOCK;USD;18;11827.33000000;100;EXCHANGE_LAST;;1;1;XEUR;7191849;7059;
29.10.2024;07:49:13.680;FMWO SI 20241220 CS;SIMPLE_INSTRUMENT;EFP_IDX;USD;20;11826.13000000;15;EXCHANGE_LAST;;1;1;XEUR;7191849;7059;
29.10.2024;08:33:22.357;FMXG SI 20241220 CS;SIMPLE_INSTRUMENT;EFP_IDX;EUR;24;366.20700000;712;EXCHANGE_LAST;;1;1;XEUR;7194562;124306;
29.10.2024;08:34:07.748;FMXG SI 20241220 CS;SIMPLE_INSTRUMENT;EFP_IDX;EUR;25;366.21100000;1975;EXCHANGE_LAST;;1;1;XEUR;7194562;124306;
29.10.2024;09:47:53.064;FOAT SI 20241206 PS;SIMPLE_INSTRUMENT;EFP_FIN;EUR;1;125.36000000;882;EXCHANGE_LAST;;1;1;XEUR;10804528;749;
29.10.2024;09:57:27.376;FOAT SI 20241206 PS;SIMPLE_INSTRUMENT;EFP_FIN;EUR;2;125.32000000;258;EXCHANGE_LAST;;1;1;XEUR;10804528;749;
29.10.2024;10:20:50.758;FOAT SI 20241206 PS;SIMPLE_INSTRUMENT;EFP_FIN;EUR;4;125.45000000;415;EXCHANGE_LAST;;1;1;XEUR;10804528;749;
29.10.2024;10:33:39.662;FOAT SI 20241206 PS;SIMPLE_INSTRUMENT;EFP_FIN;EUR;5;125.43000000;208;EXCHANGE_LAST;;1;1;XEUR;10804528;749;
29.10.2024;10:34:12.862;FOAT SI 20241206 PS;SIMPLE_INSTRUMENT;BLOCK;EUR;6;125.45000000;3322;EXCHANGE_LAST;;1;1;XEUR;10804528;749;
29.10.2024;10:39:44.073;FOAT SI 20241206 PS;SIMPLE_INSTRUMENT;EFP_FIN;EUR;7;125.43000000;623;EXCHANGE_LAST;;1;1;XEUR;10804528;749;
29.10.2024;10:42:34.251;FOAT SI 20241206 PS;SIMPLE_INSTRUMENT;EFP_FIN;EUR;8;125.50000000;415;EXCHANGE_LAST;;1;1;XEUR;10804528;749;
29.10.2024;10:47:52.649;FOAT SI 20241206 PS;SIMPLE_INSTRUMENT;EFP_FIN;EUR;9;125.46000000;415;EXCHANGE_LAST;;1;1;XEUR;10804528;749;
29.10.2024;10:55:02.986;FOAT SI 20241206 PS;SIMPLE_INSTRUMENT;BLOCK;EUR;10;125.47000000;2000;EXCHANGE_LAST;;1;1;XEUR;10804528;749;
29.10.2024;10:56:16.951;FOAT SI 20241206 PS;SIMPLE_INSTRUMENT;EFP_FIN;EUR;11;125.50000000;116;EXCHANGE_LAST;;1;1;XEUR;10804528;749;
29.10.2024;11:00:03.558;FOAT SI 20241206 PS;SIMPLE_INSTRUMENT;EFP_FIN;EUR;12;125.50000000;93;EXCHANGE_LAST;;1;1;XEUR;10804528;749;
29.10.2024;11:11:27.662;FOAT SI 20241206 PS;SIMPLE_INSTRUMENT;EFP_FIN;EUR;13;125.53000000;295;EXCHANGE_LAST;;1;1;XEUR;10804528;749;
29.10.2024;11:25:49.544;FOAT SI 20241206 PS;SIMPLE_INSTRUMENT;EFP_FIN;EUR;14;125.45000000;208;EXCHANGE_LAST;;1;1;XEUR;10804528;749;
29.10.2024;11:24:48.179;FOAT SI 20241206 PS;SIMPLE_INSTRUMENT;EFP_FIN;EUR;15;125.50000000;415;EXCHANGE_LAST;;1;1;XEUR;10804528;749;
29.10.2024;12:31:51.003;FOAT SI 20241206 PS;SIMPLE_INSTRUMENT;EFP_FIN;EUR;16;125.50000000;483;EXCHANGE_LAST;;1;1;XEUR;10804528;749;
29.10.2024;12:35:00.454;FOAT SI 20241206 PS;SIMPLE_INSTRUMENT;EFP_FIN;EUR;17;125.26000000;132;EXCHANGE_LAST;;1;1;XEUR;10804528;749;
29.10.2024;12:59:33.523;FOAT SI 20241206 PS;SIMPLE_INSTRUMENT;EFP_FIN;EUR;18;125.26000000;88;EXCHANGE_LAST;;1;1;XEUR;10804528;749;
29.10.2024;13:23:50.392;FOAT SI 20241206 PS;SIMPLE_INSTRUMENT;EFP_FIN;EUR;19;125.24000000;69;EXCHANGE_LAST;;1;1;XEUR;10804528;749;
29.10.2024;13:58:45.602;FOAT SI 20241206 PS;SIMPLE_INSTRUMENT;EFP_FIN;EUR;20;125.45000000;1319;EXCHANGE_LAST;;1;1;XEUR;10804528;749;
29.10.2024;14:51:24.745;FOAT SI 20241206 PS;SIMPLE_INSTRUMENT;EFP_FIN;EUR;21;125.35000000;308;EXCHANGE_LAST;;1;1;XEUR;10804528;749;
29.10.2024;14:55:45.802;FOAT SI 20241206 PS;SIMPLE_INSTRUMENT;EFP_FIN;EUR;23;125.30000000;257;EXCHANGE_LAST;;1;1;XEUR;10804528;749;
29.10.2024;14:59:50.243;FOAT SI 20241206 PS;SIMPLE_INSTRUMENT;EFP_FIN;EUR;25;125.22000000;830;EXCHANGE_LAST;;1;1;XEUR;10804528;749;
29.10.2024;15:04:54.679;FOAT SI 20241206 PS;SIMPLE_INSTRUMENT;EFP_FIN;EUR;26;125.29000000;661;EXCHANGE_LAST;;1;1;XEUR;10804528;749;
29.10.2024;15:06:43.319;FOAT SI 20241206 PS;SIMPLE_INSTRUMENT;EFP_FIN;EUR;27;125.32000000;911;EXCHANGE_LAST;;1;1;XEUR;10804528;749;
29.10.2024;15:22:08.742;FOAT SI 20241206 PS;SIMPLE_INSTRUMENT;EFP_FIN;EUR;28;125.30000000;530;EXCHANGE_LAST;;1;1;XEUR;10804528;749;
29.10.2024;15:33:43.673;FOAT SI 20241206 PS;SIMPLE_INSTRUMENT;EFP_FIN;EUR;29;125.26000000;1034;EXCHANGE_LAST;;1;1;XEUR;10804528;749;
29.10.2024;15:34:26.043;FOAT SI 20241206 PS;SIMPLE_INSTRUMENT;EFP_FIN;EUR;30;125.24000000;128;EXCHANGE_LAST;;1;1;XEUR;10804528;749;
29.10.2024;15:35:15.276;FOAT SI 20241206 PS;SIMPLE_INSTRUMENT;EFP_FIN;EUR;31;125.20000000;622;EXCHANGE_LAST;;1;1;XEUR;10804528;749;
29.10.2024;15:40:41.209;FOAT SI 20241206 PS;SIMPLE_INSTRUMENT;EFP_FIN;EUR;32;125.20000000;622;EXCHANGE_LAST;;1;1;XEUR;10804528;749;
29.10.2024;15:47:54.953;FOAT SI 20241206 PS;SIMPLE_INSTRUMENT;EFS;EUR;33;125.31000000;725;EXCHANGE_LAST;;1;1;XEUR;10804528;749;
29.10.2024;16:09:21.050;FOAT SI 20241206 PS;SIMPLE_INSTRUMENT;EFP_FIN;EUR;34;125.20000000;83;EXCHANGE_LAST;;1;1;XEUR;10804528;749;
29.10.2024;16:09:18.282;FOAT SI 20241206 PS;SIMPLE_INSTRUMENT;EFP_FIN;EUR;35;125.23000000;623;EXCHANGE_LAST;;1;1;XEUR;10804528;749;
29.10.2024;16:17:46.074;FOAT SI 20241206 PS;SIMPLE_INSTRUMENT;EFP_FIN;EUR;36;125.25000000;68;EXCHANGE_LAST;;1;1;XEUR;10804528;749;
29.10.2024;16:19:33.328;FOAT SI 20241206 PS;SIMPLE_INSTRUMENT;EFP_FIN;EUR;37;125.21000000;145;EXCHANGE_LAST;;1;1;XEUR;10804528;749;
29.10.2024;16:21:08.186;FOAT SI 20241206 PS;SIMPLE_INSTRUMENT;EFP_FIN;EUR;38;125.26000000;351;EXCHANGE_LAST;;1;1;XEUR;10804528;749;
29.10.2024;16:47:32.503;FOAT SI 20241206 PS;SIMPLE_INSTRUMENT;EFP_FIN;EUR;39;125.28000000;623;EXCHANGE_LAST;;1;1;XEUR;10804528;749;
29.10.2024;17:06:18.636;FOAT SI 20241206 PS;SIMPLE_INSTRUMENT;EFP_FIN;EUR;40;125.24000000;830;EXCHANGE_LAST;;1;1;XEUR;10804528;749;
29.10.2024;17:59:26.186;FOAT SI 20241206 PS;SIMPLE_INSTRUMENT;EFP_FIN;EUR;41;125.21000000;220;EXCHANGE_LAST;;1;1;XEUR;10804528;749;
29.10.2024;15:03:31.594;FOT.O.241029.BER.000001;STANDARD_OPTION_STRATEGY;BLOCK;EUR;17;0.11000000;3850;EXCHANGE_LAST;;1;1;XEUR;72060819558371856;751;
29.10.2024;15:03:31.594;FOT SI 20241220 PS AM P 12.00 0;SIMPLE_INSTRUMENT;BLOCK;EUR;17;0.04000000;3850;PRC_DECOMP_EXCHANGE;;;;XEUR;10405953;751;EXCHANGE
29.10.2024;15:03:31.594;FOT SI 20241220 PS AM P 13.00 0;SIMPLE_INSTRUMENT;BLOCK;EUR;17;0.15000000;3850;PRC_DECOMP_EXCHANGE;;;;XEUR;10405943;751;EXCHANGE
29.10.2024;15:03:14.005;FOT.O.241029.BER.000001;STANDARD_OPTION_STRATEGY;BLOCK;EUR;18;0.10000000;3850;EXCHANGE_LAST;;1;1;XEUR;72060819558371856;751;
29.10.2024;15:03:14.005;FOT SI 20241220 PS AM P 12.00 0;SIMPLE_INSTRUMENT;BLOCK;EUR;18;0.05000000;3850;PRC_DECOMP_EXCHANGE;;;;XEUR;10405953;751;EXCHANGE
29.10.2024;15:03:14.005;FOT SI 20241220 PS AM P 13.00 0;SIMPLE_INSTRUMENT;BLOCK;EUR;18;0.15000000;3850;PRC_DECOMP_EXCHANGE;;;;XEUR;10405943;751;EXCHANGE
29.10.2024;16:56:35.228;FSEG SI 20241220 CS;SIMPLE_INSTRUMENT;BLOCK;EUR;57;193.10000000;71;EXCHANGE_LAST;;1;1;XEUR;10871764;109977;
29.10.2024;15:44:55.841;FSMI SI 20241220 CS;SIMPLE_INSTRUMENT;BLOCK;CHF;1;12155.00000000;500;EXCHANGE_LAST;;1;1;XEUR;7793735;757;
29.10.2024;16:33:15.912;FSMI SI 20241220 CS;SIMPLE_INSTRUMENT;EFP_IDX;CHF;2;12121.00000000;26;EXCHANGE_LAST;;1;1;XEUR;7793735;757;
29.10.2024;16:33:24.389;FSMI SI 20241220 CS;SIMPLE_INSTRUMENT;EFP_IDX;CHF;3;12122.00000000;35;EXCHANGE_LAST;;1;1;XEUR;7793735;757;
29.10.2024;16:41:19.991;FSMI SI 20241220 CS;SIMPLE_INSTRUMENT;EFP_IDX;CHF;4;12121.00000000;77;EXCHANGE_LAST;;1;1;XEUR;7793735;757;
29.10.2024;16:41:28.589;FSMI SI 20241220 CS;SIMPLE_INSTRUMENT;EFP_IDX;CHF;5;12122.00000000;103;EXCHANGE_LAST;;1;1;XEUR;7793735;757;
29.10.2024;16:44:19.097;FSMI SI 20241220 CS;SIMPLE_INSTRUMENT;EFP_IDX;CHF;6;12125.00000000;300;EXCHANGE_LAST;;1;1;XEUR;7793735;757;
29.10.2024;15:57:35.199;FSMI SI 20241220 CS;SIMPLE_INSTRUMENT;VOLA;CHF;603979829;12140.00000000;75;EXCHANGE_LAST;;1;1;XEUR;7793735;757;
29.10.2024;13:38:03.243;FSTB SI 20241220 CS;SIMPLE_INSTRUMENT;BLOCK;EUR;34;206.85000000;8188;EXCHANGE_LAST;;1;1;XEUR;10839561;714;
29.10.2024;17:00:07.032;FSTB SI 20241220 CS;SIMPLE_INSTRUMENT;EFP_IDX;EUR;59;206.10000000;277;EXCHANGE_LAST;;1;1;XEUR;10839561;714;
29.10.2024;17:00:09.629;FSTB SI 20241220 CS;SIMPLE_INSTRUMENT;EFP_IDX;EUR;60;206.00000000;119;EXCHANGE_LAST;;1;1;XEUR;10839561;714;
29.10.2024;16:51:07.982;FSTC SI 20241220 CS;SIMPLE_INSTRUMENT;EFP_IDX;EUR;6;1279.00000000;215;EXCHANGE_LAST;;1;1;XEUR;10839560;713;
29.10.2024;16:51:19.508;FSTC SI 20241220 CS;SIMPLE_INSTRUMENT;EFP_IDX;EUR;7;1279.20000000;177;EXCHANGE_LAST;;1;1;XEUR;10839560;713;
29.10.2024;16:47:14.297;FSTE SI 20241220 CS;SIMPLE_INSTRUMENT;EFP_IDX;EUR;4;335.50000000;118;EXCHANGE_LAST;;1;1;XEUR;10839564;719;
29.10.2024;16:47:26.869;FSTE SI 20241220 CS;SIMPLE_INSTRUMENT;EFP_IDX;EUR;5;335.60000000;79;EXCHANGE_LAST;;1;1;XEUR;10839564;719;
29.10.2024;13:25:32.229;FSTH SI 20241220 CS;SIMPLE_INSTRUMENT;BLOCK;EUR;1;1196.50000000;310;EXCHANGE_LAST;;1;1;XEUR;10839563;716;
29.10.2024;16:44:59.588;FSTH SI 20241220 CS;SIMPLE_INSTRUMENT;BLOCK;EUR;2;1188.70000000;517;EXCHANGE_LAST;;1;1;XEUR;10839563;716;
29.10.2024;16:45:16.857;FSTH SI 20241220 CS;SIMPLE_INSTRUMENT;BLOCK;EUR;3;1189.30000000;1483;EXCHANGE_LAST;;1;1;XEUR;10839563;716;
29.10.2024;16:54:27.830;FSTS SI 20241220 CS;SIMPLE_INSTRUMENT;EFP_IDX;EUR;8;562.70000000;36;EXCHANGE_LAST;;1;1;XEUR;10839557;709;
29.10.2024;16:54:28.453;FSTS SI 20241220 CS;SIMPLE_INSTRUMENT;EFP_IDX;EUR;9;562.80000000;83;EXCHANGE_LAST;;1;1;XEUR;10839557;709;
29.10.2024;13:55:01.387;FSTS SI 20241220 CS;SIMPLE_INSTRUMENT;VOLA;EUR;603979814;566.80000000;578;EXCHANGE_LAST;;1;1;XEUR;10839557;709;
29.10.2024;16:56:29.026;FSTT SI 20241220 CS;SIMPLE_INSTRUMENT;EFP_IDX;EUR;10;235.60000000;659;EXCHANGE_LAST;;1;1;XEUR;10839556;708;
29.10.2024;16:56:45.223;FSTT SI 20241220 CS;SIMPLE_INSTRUMENT;EFP_IDX;EUR;11;235.70000000;438;EXCHANGE_LAST;;1;1;XEUR;10839556;708;
29.10.2024;16:50:37.394;FSTX SI 20241220 CS;SIMPLE_INSTRUMENT;EFP_IDX;EUR;55;4438.00000000;50;EXCHANGE_LAST;;1;1;XEUR;10839568;728;
29.10.2024;16:50:29.686;FSTX SI 20241220 CS;SIMPLE_INSTRUMENT;EFP_IDX;EUR;56;4439.00000000;950;EXCHANGE_LAST;;1;1;XEUR;10839568;728;
29.10.2024;16:15:00.716;FTE.O.241029.BER.000002;STANDARD_OPTION_STRATEGY;BLOCK;EUR;34;1.19000000;10000;EXCHANGE_LAST;;2;1;XEUR;72060703594261227;724;
29.10.2024;16:15:00.716;FTE SI 20271217 PS AM P 10.00 0;SIMPLE_INSTRUMENT;BLOCK;EUR;34;1.70000000;10000;PRC_DECOMP_EXCHANGE;;;;XEUR;8782995;724;EXCHANGE
29.10.2024;16:15:00.716;FTE SI 20271217 PS AM P 7.20 0;SIMPLE_INSTRUMENT;BLOCK;EUR;34;0.51000000;10000;PRC_DECOMP_EXCHANGE;;;;XEUR;8783056;724;EXCHANGE
29.10.2024;16:42:44.538;FXXP SI 20241220 CS;SIMPLE_INSTRUMENT;EFP_IDX;EUR;32;519.10000000;79;EXCHANGE_LAST;;1;1;XEUR;7793976;816;
29.10.2024;16:43:06.384;FXXP SI 20241220 CS;SIMPLE_INSTRUMENT;EFP_IDX;EUR;33;519.70000000;127;EXCHANGE_LAST;;1;1;XEUR;7793976;816;
29.10.2024;16:48:36.263;FXXP SI 20241220 CS;SIMPLE_INSTRUMENT;EFP_IDX;EUR;36;519.40000000;350;EXCHANGE_LAST;;1;1;XEUR;7793976;816;
29.10.2024;16:48:55.467;FXXP SI 20241220 CS;SIMPLE_INSTRUMENT;EFP_IDX;EUR;37;519.50000000;1403;EXCHANGE_LAST;;1;1;XEUR;7793976;816;
29.10.2024;16:50:01.925;FXXP SI 20241220 CS;SIMPLE_INSTRUMENT;EFP_IDX;EUR;38;519.40000000;305;EXCHANGE_LAST;;1;1;XEUR;7793976;816;
29.10.2024;16:50:16.066;FXXP SI 20241220 CS;SIMPLE_INSTRUMENT;EFP_IDX;EUR;39;519.50000000;1219;EXCHANGE_LAST;;1;1;XEUR;7793976;816;
29.10.2024;14:14:31.065;FXXP SI 20241220 CS;SIMPLE_INSTRUMENT;VOLA;EUR;603979820;522.50000000;700;EXCHANGE_LAST;;1;1;XEUR;7793976;816;
29.10.2024;13:37:21.492;GZF.O.241029.BRT.000001;STANDARD_OPTION_STRATEGY;BLOCK;EUR;27;0.03000000;1250;EXCHANGE_LAST;;1;1;XEUR;72061266234978899;855;
29.10.2024;13:37:21.492;GZF SI 20250117 PS AM P 15.40 0;SIMPLE_INSTRUMENT;BLOCK;EUR;27;0.38000000;1250;PRC_DECOMP_EXCHANGE;;;;XEUR;12076313;855;EXCHANGE
29.10.2024;13:37:21.492;GZF SI 20241220 PS AM P 15.40 0;SIMPLE_INSTRUMENT;BLOCK;EUR;27;0.35000000;1250;PRC_DECOMP_EXCHANGE;;;;XEUR;11883061;855;EXCHANGE
29.10.2024;13:37:02.437;GZF.O.241029.BRT.000001;STANDARD_OPTION_STRATEGY;BLOCK;EUR;28;0.04000000;1250;EXCHANGE_LAST;;1;1;XEUR;72061266234978899;855;
29.10.2024;13:37:02.437;GZF SI 20250117 PS AM P 15.40 0;SIMPLE_INSTRUMENT;BLOCK;EUR;28;0.38000000;1250;PRC_DECOMP_EXCHANGE;;;;XEUR;12076313;855;EXCHANGE
29.10.2024;13:37:02.437;GZF SI 20241220 PS AM P 15.40 0;SIMPLE_INSTRUMENT;BLOCK;EUR;28;0.34000000;1250;PRC_DECOMP_EXCHANGE;;;;XEUR;11883061;855;EXCHANGE
29.10.2024;11:08:49.594;HOLN SI 20250620 PS AM P 88.00 0;SIMPLE_INSTRUMENT;BLOCK;CHF;17;7.47000000;500;EXCHANGE_LAST;;1;1;XEUR;11362972;943;
29.10.2024;12:00:10.052;I6XD SI 20241220 CS;SIMPLE_INSTRUMENT;BLOCK;EUR;13;1.04000000;4419;EXCHANGE_LAST;;1;1;XEUR;10677612;779073;
29.10.2024;12:14:21.177;IES5 SI 20250619 PS AM P 3.00 0;SIMPLE_INSTRUMENT;BLOCK;EUR;9;0.07550000;3000;EXCHANGE_LAST;;1;1;XEUR;11338274;900;
29.10.2024;13:38:19.620;IFX.O.241029.BLT.000020;STANDARD_OPTION_STRATEGY;BLOCK;EUR;8;4.38000000;2500;EXCHANGE_LAST;;2;2;XEUR;72061468098466456;902;
29.10.2024;13:38:19.620;IFX SI 20241220 PS AM C 36.00 0;SIMPLE_INSTRUMENT;BLOCK;EUR;8;0.14000000;2500;PRC_DECOMP_EXCHANGE;;;;XEUR;4746877;902;EXCHANGE
29.10.2024;13:38:19.620;IFX SI 20261218 PS AM C 36.00 0;SIMPLE_INSTRUMENT;BLOCK;EUR;8;4.52000000;2500;PRC_DECOMP_EXCHANGE;;;;XEUR;7160331;902;EXCHANGE
29.10.2024;14:00:08.465;IFX.O.241029.STG.000022;STANDARD_OPTION_STRATEGY;BLOCK;EUR;9;0.52000000;1500;EXCHANGE_LAST;;1;1;XEUR;72061468098466458;902;
29.10.2024;14:00:08.465;IFX SI 20241220 PS AM C 38.00 0;SIMPLE_INSTRUMENT;BLOCK;EUR;9;0.12000000;1500;PRC_DECOMP_MEMBER;;;;XEUR;10408579;902;MEMBER
29.10.2024;14:00:08.465;IFX SI 20241220 PS AM P 26.00 0;SIMPLE_INSTRUMENT;BLOCK;EUR;9;0.40000000;1500;PRC_DECOMP_MEMBER;;;;XEUR;10408527;902;MEMBER
29.10.2024;10:17:26.420;IFXG SI 20241220 CS;SIMPLE_INSTRUMENT;BLOCK;EUR;5;31.29800000;1200;EXCHANGE_LAST;;1;1;XEUR;7037266;896;
29.10.2024;14:29:28.720;IGLN SI 20241220 PS AM P 51.50 0;SIMPLE_INSTRUMENT;BLOCK;USD;4;0.40000000;16000;EXCHANGE_LAST;;1;1;XEUR;11839696;75966;
29.10.2024;14:29:28.720;IGLN SI 20241220 PS AM P 51.50 0;SIMPLE_INSTRUMENT;BLOCK;USD;5;0.39000000;24000;EXCHANGE_LAST;;1;1;XEUR;11839696;75966;
29.10.2024;15:45:22.502;IGLN SI 20241220 PS AM P 51.50 0;SIMPLE_INSTRUMENT;BLOCK;USD;7;0.40000000;4000;EXCHANGE_LAST;;1;1;XEUR;11839696;75966;
29.10.2024;15:45:22.502;IGLN SI 20241220 PS AM P 51.50 0;SIMPLE_INSTRUMENT;BLOCK;USD;8;0.39000000;6000;EXCHANGE_LAST;;1;1;XEUR;11839696;75966;
29.10.2024;16:22:03.910;ITK.O.241029.STG.000001;STANDARD_OPTION_STRATEGY;BLOCK;EUR;9;3.15000000;750;EXCHANGE_LAST;;1;1;XEUR;72061884710273086;999;
29.10.2024;16:22:03.910;ITK SI 20241220 PS AM C 60.00 0;SIMPLE_INSTRUMENT;BLOCK;EUR;9;1.78000000;750;PRC_DECOMP_EXCHANGE;;;;XEUR;6497801;999;EXCHANGE
29.10.2024;16:22:03.910;ITK SI 20241220 PS AM P 58.00 0;SIMPLE_INSTRUMENT;BLOCK;EUR;9;1.37000000;750;PRC_DECOMP_EXCHANGE;;;;XEUR;11885479;999;EXCHANGE
29.10.2024;12:00:01.544;IXDJ SI 20241220 CS;SIMPLE_INSTRUMENT;BLOCK;EUR;11;55.07960000;50000;EXCHANGE_LAST;;1;1;XEUR;10677580;779071;
29.10.2024;12:00:07.388;IXDJ SI 20241220 CS;SIMPLE_INSTRUMENT;BLOCK;EUR;12;55.08440000;50000;EXCHANGE_LAST;;1;1;XEUR;10677580;779071;
29.10.2024;13:58:43.341;KNIN SI 20250117 PS AM P 200.00 0;SIMPLE_INSTRUMENT;BLOCK;CHF;31;2.15000000;200;EXCHANGE_LAST;;1;1;XEUR;12078790;1091;
29.10.2024;15:38:33.720;KNIN SI 20251219 PS AM P 220.00 0;SIMPLE_INSTRUMENT;BLOCK;CHF;44;24.50000000;300;EXCHANGE_LAST;;1;1;XEUR;10786463;1091;
29.10.2024;09:51:40.794;LISP SI 20250919 PS AM P 9200.0 0;SIMPLE_INSTRUMENT;BLOCK;CHF;3;306.00000000;300;EXCHANGE_LAST;;1;1;XEUR;11887581;1149;
29.10.2024;12:17:24.778;LISP.O.241029.STG.000001;STANDARD_OPTION_STRATEGY;BLOCK;CHF;24;240.00000000;165;EXCHANGE_LAST;;1;1;XEUR;72062528955357209;1149;
29.10.2024;12:17:24.778;LISP SI 20241220 PS AM C 10800.0 0;SIMPLE_INSTRUMENT;BLOCK;CHF;24;155.34000000;165;PRC_DECOMP_EXCHANGE;;;;XEUR;10412551;1149;EXCHANGE
29.10.2024;12:17:24.778;LISP SI 20241220 PS AM P 9600.0 0;SIMPLE_INSTRUMENT;BLOCK;CHF;24;84.66000000;165;PRC_DECOMP_EXCHANGE;;;;XEUR;8789426;1149;EXCHANGE
29.10.2024;12:32:25.124;LOGN SI 20250620 PS AM P 68.00 0;SIMPLE_INSTRUMENT;BLOCK;CHF;27;4.18000000;750;EXCHANGE_LAST;;1;1;XEUR;7908146;1143;
29.10.2024;12:44:22.250;LOGN SI 20250620 PS AM P 68.00 0;SIMPLE_INSTRUMENT;BLOCK;CHF;29;4.18000000;500;EXCHANGE_LAST;;1;1;XEUR;7908146;1143;
29.10.2024;09:00:03.387;MOH SI 20241108 PS AM C 670.00 0;SIMPLE_INSTRUMENT;BLOCK;EUR;3;4.74000000;168;EXCHANGE_LAST;;1;1;XEUR;11994205;1074;
29.10.2024;10:57:04.548;MOH SI 20250321 PS AM C 640.00 0;SIMPLE_INSTRUMENT;BLOCK;EUR;10;41.40000000;120;EXCHANGE_LAST;;1;1;XEUR;10844456;1074;
29.10.2024;10:57:20.550;MOH SI 20250321 PS AM P 600.00 0;SIMPLE_INSTRUMENT;BLOCK;EUR;11;25.40000000;120;EXCHANGE_LAST;;1;1;XEUR;10844458;1074;
29.10.2024;10:13:50.190;MON FI 20241115 CS EU P 53.0000 0;FLEXIBLE_INSTRUMENT;BLOCK;EUR;2;1.47000000;74;EXCHANGE_LAST;;1;1;XEUR;1153058097451761671;31803;
29.10.2024;13:55:42.885;MUV2 SI 20241220 PS AM P 400.00 0;SIMPLE_INSTRUMENT;BLOCK;EUR;5;1.25000000;200;EXCHANGE_LAST;;1;1;XEUR;4652208;1234;
29.10.2024;12:10:05.082;N2DB SI 20261218 CS;SIMPLE_INSTRUMENT;BLOCK;EUR;14;0.91500000;350;EXCHANGE_LAST;;1;1;XEUR;6822151;57102;
29.10.2024;11:48:47.541;N2ES SI 20250620 CS;SIMPLE_INSTRUMENT;BLOCK;CHF;10;3.07000000;300;EXCHANGE_LAST;;2;2;XEUR;10848664;1240;
29.10.2024;12:38:30.768;N2ES SI 20250620 CS;SIMPLE_INSTRUMENT;BLOCK;CHF;16;3.10000000;170;EXCHANGE_LAST;;1;1;XEUR;10848664;1240;
29.10.2024;13:02:12.554;N2ES SI 20250620 CS;SIMPLE_INSTRUMENT;BLOCK;CHF;20;3.10000000;170;EXCHANGE_LAST;;1;1;XEUR;10848664;1240;
29.10.2024;15:15:18.825;N2ES SI 20250620 CS;SIMPLE_INSTRUMENT;BLOCK;CHF;32;3.07000000;250;EXCHANGE_LAST;;1;1;XEUR;10848664;1240;
29.10.2024;16:06:02.487;N4OV SI 20250620 CS;SIMPLE_INSTRUMENT;BLOCK;CHF;34;3.46000000;250;EXCHANGE_LAST;;1;1;XEUR;10891333;724743;
29.10.2024;10:01:41.577;NESE.O.241029.COMBO.000004;STANDARD_OPTION_STRATEGY;BLOCK;CHF;4;-0.15000000;5000;EXCHANGE_LAST;;2;3;XEUR;72062992811833486;1257;
29.10.2024;10:01:41.577;NESE SI 20250919 PS EU P 76.00 0;SIMPLE_INSTRUMENT;BLOCK;CHF;4;2.14000000;5000;PRC_DECOMP_EXCHANGE;;;;XEUR;11891097;1257;EXCHANGE
29.10.2024;10:01:41.577;NESE SI 20250919 PS EU C 90.00 0;SIMPLE_INSTRUMENT;BLOCK;CHF;4;2.29000000;5000;PRC_DECOMP_EXCHANGE;;;;XEUR;11946438;1257;EXCHANGE
29.10.2024;10:24:44.581;NESE SI 20250620 PS EU C 84.00 0;SIMPLE_INSTRUMENT;BLOCK;CHF;9;3.62000000;2000;EXCHANGE_LAST;;1;2;XEUR;7911074;1257;
29.10.2024;12:48:07.729;NESG.S.MAR25.JUN25.SPD;FUTURES_SPREAD;BLOCK;CHF;18;1.98000000;2500;EXCHANGE_LAST;;1;1;XEUR;72062988516854100;1256;
29.10.2024;12:48:07.729;NESG SI 20250321 CS;SIMPLE_INSTRUMENT;BLOCK;CHF;18;84.27000000;2500;PRC_DECOMP_MEMBER;;;;XEUR;10707780;1256;MEMBER
29.10.2024;12:48:07.729;NESG SI 20250620 CS;SIMPLE_INSTRUMENT;BLOCK;CHF;18;82.29000000;2500;PRC_DECOMP_MEMBER;;;;XEUR;11182429;1256;MEMBER
29.10.2024;13:02:23.595;NESG.S.MAR25.JUN25.SPD;FUTURES_SPREAD;BLOCK;CHF;19;1.99000000;2500;EXCHANGE_LAST;;1;1;XEUR;72062988516854100;1256;
29.10.2024;13:02:23.595;NESG SI 20250620 CS;SIMPLE_INSTRUMENT;BLOCK;CHF;19;82.69540000;2500;PRC_DECOMP_EXCHANGE;;;;XEUR;11182429;1256;EXCHANGE
29.10.2024;13:02:23.595;NESG SI 20250321 CS;SIMPLE_INSTRUMENT;BLOCK;CHF;19;84.68540000;2500;PRC_DECOMP_EXCHANGE;;;;XEUR;10707780;1256;EXCHANGE
29.10.2024;11:37:53.467;NESN SI 20241220 PS AM C 90.00 0;SIMPLE_INSTRUMENT;BLOCK;CHF;19;0.33000000;750;EXCHANGE_LAST;;1;1;XEUR;8854493;1263;
29.10.2024;12:18:42.497;NESN SI 20250321 PS AM C 90.00 0;SIMPLE_INSTRUMENT;BLOCK;CHF;25;1.22000000;1000;EXCHANGE_LAST;;1;1;XEUR;11598849;1263;
29.10.2024;14:18:21.094;NESN SI 20271217 PS AM P 68.00 0;SIMPLE_INSTRUMENT;BLOCK;CHF;35;4.21000000;1000;EXCHANGE_LAST;;1;1;XEUR;8793260;1263;
29.10.2024;16:13:34.230;NEXI SI 20241219 PS AM C 7.00 0;SIMPLE_INSTRUMENT;BLOCK;EUR;19;0.04300000;3311;EXCHANGE_LAST;;1;1;XEUR;11866261;156130;
29.10.2024;14:35:22.429;NOVE SI 20250321 PS EU C 96.00 0;SIMPLE_INSTRUMENT;BLOCK;CHF;38;3.45000000;1000;EXCHANGE_LAST;;1;1;XEUR;10891569;724744;
29.10.2024;15:24:18.516;NOVN SI 20250919 PS AM P 90.00 0;SIMPLE_INSTRUMENT;BLOCK;CHF;42;4.08000000;1000;EXCHANGE_LAST;;1;1;XEUR;12022084;724745;
29.10.2024;09:21:24.018;ODAX SI 20241220 CS EU P 17900 0;SIMPLE_INSTRUMENT;BLOCK;EUR;2;78.50000000;4000;EXCHANGE_LAST;;1;1;XEUR;10628814;1176;
29.10.2024;09:21:24.045;ODAX SI 20241220 CS EU P 17700 0;SIMPLE_INSTRUMENT;BLOCK;EUR;3;68.00000000;4000;EXCHANGE_LAST;;1;1;XEUR;10413397;1176;
29.10.2024;09:22:10.394;ODAX SI 20241220 CS EU P 16700 0;SIMPLE_INSTRUMENT;BLOCK;EUR;4;36.00000000;10000;EXCHANGE_LAST;;1;1;XEUR;10311350;1176;
29.10.2024;09:22:11.987;ODAX SI 20241220 CS EU P 16900 0;SIMPLE_INSTRUMENT;BLOCK;EUR;5;40.50000000;10000;EXCHANGE_LAST;;1;1;XEUR;10331695;1176;
29.10.2024;10:21:35.933;ODAX.O.241029.PDIA.000159;STANDARD_OPTION_STRATEGY;ENLIGHT;EUR;6;81.00000000;800;EXCHANGE_LAST;;1;1;XEUR;72062644920383399;1176;
29.10.2024;10:21:35.933;ODAX SI 20241108 CS EU P 19250 0;SIMPLE_INSTRUMENT;ENLIGHT;EUR;6;96.60000000;800;PRC_DECOMP_EXCHANGE;;;;XEUR;11994765;1176;EXCHANGE
