#Date;TrdTime;Contract;ContractType;TrdTyp;Currency;TesId;Prc;Qty;TrdInd;Aggressor;Buy;Sell;Exch;InstrumentId;RelatedProdId;PrcDecomp
14.05.2025;12:05:14.115;A2SG SI 20250620 CS;SIMPLE_INSTRUMENT;BLOCK;EUR;76;1.43000000;2648;EXCHANGE_LAST;;1;1;XEUR;10827627;14;
14.05.2025;13:56:27.635;A2XA SI 20261218 CS;SIMPLE_INSTRUMENT;BLOCK;EUR;112;2.30000000;500;EXCHANGE_LAST;;1;1;XEUR;4632093;17;
14.05.2025;13:56:36.636;A2XA SI 20271217 CS;SIMPLE_INSTRUMENT;BLOCK;EUR;113;2.17000000;500;EXCHANGE_LAST;;1;1;XEUR;5914267;17;
14.05.2025;14:01:40.180;A2XA SI 20271217 CS;SIMPLE_INSTRUMENT;BLOCK;EUR;114;2.15500000;50;EXCHANGE_LAST;;1;1;XEUR;5914267;17;
14.05.2025;14:10:13.239;A2XA SI 20271217 CS;SIMPLE_INSTRUMENT;BLOCK;EUR;116;2.17000000;534;EXCHANGE_LAST;;2;2;XEUR;5914267;17;
14.05.2025;14:37:40.243;A2XA SI 20261218 CS;SIMPLE_INSTRUMENT;BLOCK;EUR;126;2.30000000;300;EXCHANGE_LAST;;1;1;XEUR;4632093;17;
14.05.2025;08:29:05.687;ABBN SI 20250620 PS AM C 52.00 0;SIMPLE_INSTRUMENT;BLOCK;CHF;10;0.12000000;1250;EXCHANGE_LAST;;1;1;XEUR;9516003;574517;
14.05.2025;09:28:50.932;ABBN SI 20250919 PS AM P 42.00 0;SIMPLE_INSTRUMENT;BLOCK;CHF;15;1.06000000;1250;EXCHANGE_LAST;;1;1;XEUR;11927938;574517;
14.05.2025;09:49:56.506;ABBN.O.250514.CDIA.000005;STANDARD_OPTION_STRATEGY;BLOCK;CHF;17;0.26000000;2000;EXCHANGE_LAST;;1;1;XEUR;74525125763938078;574517;
14.05.2025;09:49:56.506;ABBN SI 20250620 PS AM C 47.00 0;SIMPLE_INSTRUMENT;BLOCK;CHF;17;1.37000000;2000;PRC_DECOMP_EXCHANGE;;;;XEUR;11849022;574517;EXCHANGE
14.05.2025;09:49:56.506;ABBN SI 20250516 PS AM C 46.00 0;SIMPLE_INSTRUMENT;BLOCK;CHF;17;1.11000000;2000;PRC_DECOMP_EXCHANGE;;;;XEUR;12854204;574517;EXCHANGE
14.05.2025;07:29:07.112;ADEN.O.250514.BUL.000002;STANDARD_OPTION_STRATEGY;BLOCK;CHF;1;0.50000000;945;EXCHANGE_LAST;;1;1;XEUR;72057783016515950;44;
14.05.2025;07:29:07.112;ADEN SI 20250516 PS AM C 24.00 0;SIMPLE_INSTRUMENT;BLOCK;CHF;1;0.55000000;945;PRC_DECOMP_MEMBER;;;;XEUR;12811851;44;MEMBER
14.05.2025;07:29:07.112;ADEN SI 20250516 PS AM C 27.00 0;SIMPLE_INSTRUMENT;BLOCK;CHF;1;0.05000000;945;PRC_DECOMP_MEMBER;;;;XEUR;12811798;44;MEMBER
14.05.2025;12:43:37.098;ADS SI 20251219 PS AM P 200.00 0;SIMPLE_INSTRUMENT;BLOCK;EUR;11;10.41000000;450;EXCHANGE_LAST;;1;1;XEUR;5919898;50;
14.05.2025;15:19:49.086;ADSG SI 20250620 CS;SIMPLE_INSTRUMENT;BLOCK;EUR;141;221.50000000;750;EXCHANGE_LAST;;1;1;XEUR;11167407;48;
14.05.2025;14:17:57.162;ADY SI 20250919 PS AM P 1400.00 0;SIMPLE_INSTRUMENT;BLOCK;EUR;26;41.65000000;250;EXCHANGE_LAST;;1;1;XEUR;11911941;76315;
14.05.2025;07:36:19.700;AHA SI 20250516 PS AM C 2200 0;SIMPLE_INSTRUMENT;BLOCK;GBX;1;50.00000000;105;EXCHANGE_LAST;;1;1;XEUR;12853140;509905;
14.05.2025;11:17:58.527;AIR.O.250514.STG.000003;STANDARD_OPTION_STRATEGY;BLOCK;EUR;11;16.15000000;300;EXCHANGE_LAST;;1;1;XEUR;72057868915849938;64;
14.05.2025;11:17:58.527;AIR SI 20251219 PS AM P 180.00 0;SIMPLE_INSTRUMENT;BLOCK;EUR;11;9.88000000;300;PRC_DECOMP_EXCHANGE;;;;XEUR;11290320;64;EXCHANGE
14.05.2025;11:17:58.527;AIR SI 20251219 PS AM C 190.00 0;SIMPLE_INSTRUMENT;BLOCK;EUR;11;6.27000000;300;PRC_DECOMP_EXCHANGE;;;;XEUR;12431440;64;EXCHANGE
14.05.2025;15:06:48.163;ALC SI 20260320 PS AM P 64.00 0;SIMPLE_INSTRUMENT;BLOCK;CHF;77;2.45000000;400;EXCHANGE_LAST;;1;1;XEUR;13038254;130134;
14.05.2025;15:35:24.542;ALC SI 20260320 PS AM P 64.00 0;SIMPLE_INSTRUMENT;BLOCK;CHF;83;2.50000000;1000;EXCHANGE_LAST;;1;1;XEUR;13038254;130134;
14.05.2025;09:50:18.124;ALV SI 20250516 PS AM P 330.00 0;SIMPLE_INSTRUMENT;BLOCK;EUR;2;0.38000000;300;EXCHANGE_LAST;;1;1;XEUR;12812732;74;
14.05.2025;12:27:58.211;ALV SI 20251219 PS AM P 320.00 0;SIMPLE_INSTRUMENT;BLOCK;EUR;4;9.40000000;1000;EXCHANGE_LAST;;2;2;XEUR;5920786;74;
14.05.2025;13:14:37.083;ALV SI 20260619 PS AM P 315.00 0;SIMPLE_INSTRUMENT;BLOCK;EUR;5;16.05000000;300;EXCHANGE_LAST;;1;1;XEUR;12715883;74;
14.05.2025;15:06:42.865;ALV SI 20250516 PS AM P 340.00 0;SIMPLE_INSTRUMENT;BLOCK;EUR;8;0.80000000;300;EXCHANGE_LAST;;1;1;XEUR;12812747;74;
14.05.2025;08:13:19.660;ANN SI 20250718 PS AM P 24.50 0;SIMPLE_INSTRUMENT;BLOCK;EUR;6;0.39000000;5467;EXCHANGE_LAST;;1;1;XEUR;13299035;45202;
14.05.2025;13:02:10.203;ANN SI 20251219 PS AM P 20.00 0;SIMPLE_INSTRUMENT;BLOCK;EUR;26;0.39000000;4750;EXCHANGE_LAST;;1;1;XEUR;7758059;45202;
14.05.2025;13:02:14.522;ANN SI 20251219 PS AM P 20.00 0;SIMPLE_INSTRUMENT;BLOCK;EUR;27;0.40000000;4750;EXCHANGE_LAST;;1;1;XEUR;7758059;45202;
14.05.2025;09:29:24.173;ANNG SI 20250516 CS;SIMPLE_INSTRUMENT;BLOCK;EUR;15;28.50000000;10000;EXCHANGE_LAST;;1;1;XEUR;11069991;464374;
14.05.2025;11:45:02.524;ANNG SI 20250516 CS;SIMPLE_INSTRUMENT;BLOCK;EUR;67;28.50000000;5000;EXCHANGE_LAST;;1;1;XEUR;11069991;464374;
14.05.2025;11:10:33.611;ARCF SI 20250516 CS;SIMPLE_INSTRUMENT;BLOCK;EUR;50;46.27330000;2400;EXCHANGE_LAST;;1;1;XEUR;11070596;524978;
14.05.2025;09:47:36.527;ASG5 SI 20250619 PS AM P 24.00 0;SIMPLE_INSTRUMENT;BLOCK;EUR;7;0.09000000;23000;EXCHANGE_LAST;;3;1;XEUR;7889072;109;
14.05.2025;12:05:10.926;ASGF SI 20250619 CS;SIMPLE_INSTRUMENT;BLOCK;EUR;75;33.26440000;30000;EXCHANGE_LAST;;1;1;XEUR;12186943;949862;
14.05.2025;08:32:44.160;ASM.O.250514.CDIA.000002;STANDARD_OPTION_STRATEGY;BLOCK;EUR;3;-0.30000000;300;EXCHANGE_LAST;;1;1;XEUR;72058053599446884;107;
14.05.2025;08:32:44.160;ASM SI 20250516 PS AM C 680.00 0;SIMPLE_INSTRUMENT;BLOCK;EUR;3;5.54000000;300;PRC_DECOMP_EXCHANGE;;;;XEUR;12813009;107;EXCHANGE
14.05.2025;08:32:44.160;ASM SI 20250523 PS AM C 700.00 0;SIMPLE_INSTRUMENT;BLOCK;EUR;3;5.24000000;300;PRC_DECOMP_EXCHANGE;;;;XEUR;13228528;107;EXCHANGE
14.05.2025;14:58:14.771;ASM.O.250514.BER.000007;STANDARD_OPTION_STRATEGY;BLOCK;EUR;35;21.40000000;150;EXCHANGE_LAST;;1;1;XEUR;72058053599446889;107;
14.05.2025;14:58:14.771;ASM SI 20250919 PS AM P 560.00 0;SIMPLE_INSTRUMENT;BLOCK;EUR;35;14.38000000;150;PRC_DECOMP_EXCHANGE;;;;XEUR;11872147;107;EXCHANGE
14.05.2025;14:58:14.771;ASM SI 20250919 PS AM P 640.00 0;SIMPLE_INSTRUMENT;BLOCK;EUR;35;35.78000000;150;PRC_DECOMP_EXCHANGE;;;;XEUR;11872160;107;EXCHANGE
14.05.2025;11:43:27.717;AXA SI 20250919 PS AM P 30.00 0;SIMPLE_INSTRUMENT;BLOCK;EUR;12;0.22000000;1250;EXCHANGE_LAST;;1;1;XEUR;11872456;127;
14.05.2025;12:08:36.980;B2AS SI 20250620 CS;SIMPLE_INSTRUMENT;BLOCK;EUR;81;2.25000000;160;EXCHANGE_LAST;;1;1;XEUR;10830335;140;
14.05.2025;14:57:15.971;B2AS SI 20261218 CS;SIMPLE_INSTRUMENT;BLOCK;EUR;133;2.10000000;220;EXCHANGE_LAST;;1;2;XEUR;4632165;140;
14.05.2025;10:42:05.434;B2NP SI 20250620 CS;SIMPLE_INSTRUMENT;BLOCK;EUR;36;4.79000000;880;EXCHANGE_LAST;;1;1;XEUR;10830225;131;
14.05.2025;15:11:01.910;B2NP SI 20250620 CS;SIMPLE_INSTRUMENT;BLOCK;EUR;139;4.79000000;913;EXCHANGE_LAST;;1;3;XEUR;10830225;131;
14.05.2025;15:34:22.336;B2NP SI 20271217 CS;SIMPLE_INSTRUMENT;BLOCK;EUR;153;4.60000000;250;EXCHANGE_LAST;;1;1;XEUR;7086925;131;
14.05.2025;08:02:59.147;BAS SI 20250620 PS AM C 49.00 0;SIMPLE_INSTRUMENT;BLOCK;EUR;1;0.34000000;5200;EXCHANGE_LAST;;1;1;XEUR;12996878;150;
14.05.2025;11:38:40.676;BAS SI 20251219 PS AM P 44.00 0;SIMPLE_INSTRUMENT;BLOCK;EUR;2;3.24000000;1200;EXCHANGE_LAST;;1;1;XEUR;5951457;150;
14.05.2025;12:14:01.440;BAS SI 20250523 PS AM C 47.00 0;SIMPLE_INSTRUMENT;BLOCK;EUR;3;0.24000000;7430;EXCHANGE_LAST;;1;1;XEUR;13222204;150;
14.05.2025;12:07:51.621;BASG SI 20250620 CS;SIMPLE_INSTRUMENT;BLOCK;EUR;80;45.17580000;2000;EXCHANGE_LAST;;1;1;XEUR;11169531;171;
14.05.2025;12:44:34.474;BAY SI 20250620 PS AM C 25.00 0;SIMPLE_INSTRUMENT;BLOCK;EUR;4;0.55000000;500;EXCHANGE_LAST;;1;1;XEUR;11992382;168;
14.05.2025;14:09:53.119;BAY.O.250514.COMBO.000048;STANDARD_OPTION_STRATEGY;BLOCK;EUR;5;2.73000000;4000;EXCHANGE_LAST;;3;1;XEUR;72058315592510446;168;
14.05.2025;14:09:53.119;BAY SI 20250919 PS AM C 29.00 0;SIMPLE_INSTRUMENT;BLOCK;EUR;5;0.67000000;4000;PRC_DECOMP_EXCHANGE;;;;XEUR;11992369;168;EXCHANGE
14.05.2025;14:09:53.119;BAY SI 20250919 PS AM P 25.00 0;SIMPLE_INSTRUMENT;BLOCK;EUR;5;3.40000000;4000;PRC_DECOMP_EXCHANGE;;;;XEUR;11992372;168;EXCHANGE
14.05.2025;15:44:03.278;BAY.O.250514.STG.000062;STANDARD_OPTION_STRATEGY;BLOCK;EUR;7;7.35000000;2000;EXCHANGE_LAST;;2;1;XEUR;72058315592510460;168;
14.05.2025;15:44:03.278;BAY SI 20271217 PS AM P 20.00 0;SIMPLE_INSTRUMENT;BLOCK;EUR;7;3.89000000;2000;PRC_DECOMP_EXCHANGE;;;;XEUR;8774839;168;EXCHANGE
14.05.2025;15:44:03.278;BAY SI 20271217 PS AM C 28.00 0;SIMPLE_INSTRUMENT;BLOCK;EUR;7;3.46000000;2000;PRC_DECOMP_EXCHANGE;;;;XEUR;8774831;168;EXCHANGE
14.05.2025;14:46:19.084;BAYG SI 20250620 CS;SIMPLE_INSTRUMENT;BLOCK;EUR;128;22.48590000;2100;EXCHANGE_LAST;;1;1;XEUR;11197544;76034;
14.05.2025;08:45:15.219;BBVD.O.250514.STG.000001;STANDARD_OPTION_STRATEGY;BLOCK;EUR;4;1.84000000;5000;EXCHANGE_LAST;;1;1;XEUR;72058332772305753;172;
14.05.2025;08:45:15.219;BBVD SI 20251219 PS AM C 13.00 0;SIMPLE_INSTRUMENT;BLOCK;EUR;4;1.35000000;5000;PRC_DECOMP_EXCHANGE;;;;XEUR;11351375;172;EXCHANGE
14.05.2025;08:45:15.219;BBVD SI 20251219 PS AM P 11.00 0;SIMPLE_INSTRUMENT;BLOCK;EUR;4;0.49000000;5000;PRC_DECOMP_EXCHANGE;;;;XEUR;11351387;172;EXCHANGE
14.05.2025;09:38:00.358;BBVG SI 20250516 CS;SIMPLE_INSTRUMENT;BLOCK;EUR;20;13.30330000;382000;EXCHANGE_LAST;;1;1;XEUR;11031062;163;
14.05.2025;09:38:11.830;BBVP SI 20250516 PS;SIMPLE_INSTRUMENT;BLOCK;EUR;21;13.30320000;382000;EXCHANGE_LAST;;1;1;XEUR;11031034;162;
14.05.2025;15:40:18.594;BGNF SI 20250619 CS;SIMPLE_INSTRUMENT;BLOCK;EUR;162;54.78810000;3000;EXCHANGE_LAST;;1;1;XEUR;11165422;626574;
14.05.2025;15:27:41.883;BMPF SI 20250619 CS;SIMPLE_INSTRUMENT;BLOCK;EUR;143;7.52760000;4550;EXCHANGE_LAST;;1;1;XEUR;12906361;1052251;
14.05.2025;15:27:27.316;BMPF SI 20250717 CS;SIMPLE_INSTRUMENT;BLOCK;EUR;144;7.54070000;4550;EXCHANGE_LAST;;1;1;XEUR;12906359;1052251;
14.05.2025;15:42:59.945;BMPF SI 20250619 CS;SIMPLE_INSTRUMENT;BLOCK;EUR;167;7.55270000;4000;EXCHANGE_LAST;;1;1;XEUR;12906361;1052251;
14.05.2025;10:36:12.462;BMW SI 20261218 PS AM C 92.00 0;SIMPLE_INSTRUMENT;BLOCK;EUR;5;5.96000000;700;EXCHANGE_LAST;;1;1;XEUR;7154232;210;
14.05.2025;11:49:38.207;BMW SI 20251219 PS AM P 100.00 0;SIMPLE_INSTRUMENT;BLOCK;EUR;7;21.75000000;2750;EXCHANGE_LAST;;1;2;XEUR;5923238;210;
14.05.2025;11:48:01.274;BMW SI 20251219 PS AM P 80.00 0;SIMPLE_INSTRUMENT;BLOCK;EUR;9;7.35000000;800;EXCHANGE_LAST;;1;1;XEUR;7126198;210;
14.05.2025;11:56:04.030;BMW SI 20250620 PS AM P 64.00 0;SIMPLE_INSTRUMENT;BLOCK;EUR;12;0.27000000;800;EXCHANGE_LAST;;1;1;XEUR;11352603;210;
14.05.2025;09:31:15.392;BNP.O.250514.STG.000008;STANDARD_OPTION_STRATEGY;BLOCK;EUR;4;9.75000000;600;EXCHANGE_LAST;;1;1;XEUR;72058611945200431;237;
14.05.2025;09:31:15.392;BNP SI 20251219 PS AM C 82.00 0;SIMPLE_INSTRUMENT;BLOCK;EUR;4;2.63000000;600;PRC_DECOMP_MEMBER;;;;XEUR;12761983;237;MEMBER
14.05.2025;09:31:15.392;BNP SI 20251219 PS AM P 76.00 0;SIMPLE_INSTRUMENT;BLOCK;EUR;4;7.12000000;600;PRC_DECOMP_MEMBER;;;;XEUR;12435382;237;MEMBER
14.05.2025;15:06:02.033;BNP.O.250514.STG.000011;STANDARD_OPTION_STRATEGY;BLOCK;EUR;23;12.75000000;750;EXCHANGE_LAST;;1;1;XEUR;72058611945200434;237;
14.05.2025;15:06:02.033;BNP SI 20260619 PS AM C 82.00 0;SIMPLE_INSTRUMENT;BLOCK;EUR;23;4.55000000;750;PRC_DECOMP_EXCHANGE;;;;XEUR;12761945;237;EXCHANGE
14.05.2025;15:06:02.033;BNP SI 20260619 PS AM P 74.00 0;SIMPLE_INSTRUMENT;BLOCK;EUR;23;8.20000000;750;PRC_DECOMP_EXCHANGE;;;;XEUR;12761948;237;EXCHANGE
14.05.2025;10:41:29.565;BNPH SI 20250620 CS;SIMPLE_INSTRUMENT;BLOCK;EUR;35;75.29260000;10000;EXCHANGE_LAST;;1;1;XEUR;11170600;236;
14.05.2025;12:41:25.467;BNPH SI 20250516 CS;SIMPLE_INSTRUMENT;BLOCK;EUR;94;79.32000000;8000;EXCHANGE_LAST;;1;1;XEUR;11032339;236;
14.05.2025;15:09:57.662;BNPH SI 20250620 CS;SIMPLE_INSTRUMENT;BLOCK;EUR;138;75.40000000;10500;EXCHANGE_LAST;;1;3;XEUR;11170600;236;
14.05.2025;13:39:56.802;BOSF SI 20250620 CS;SIMPLE_INSTRUMENT;BLOCK;EUR;104;41.37900000;5000;EXCHANGE_LAST;;1;1;XEUR;11170511;231;
14.05.2025;10:00:19.085;BPEF SI 20250619 CS;SIMPLE_INSTRUMENT;BLOCK;EUR;24;7.44920000;2000;EXCHANGE_LAST;;1;1;XEUR;11161772;226;
14.05.2025;15:46:33.955;BPSF SI 20250619 CS;SIMPLE_INSTRUMENT;BLOCK;EUR;168;11.37310000;1200;EXCHANGE_LAST;;1;1;XEUR;11161929;253;
14.05.2025;09:16:30.352;BPV SI 20251218 PS AM P 10.00 0;SIMPLE_INSTRUMENT;BLOCK;EUR;5;1.22000000;600;EXCHANGE_LAST;;1;1;XEUR;10678777;251;
14.05.2025;13:03:17.173;BUCN SI 20251219 PS AM C 480.00 0;SIMPLE_INSTRUMENT;BLOCK;CHF;55;3.00000000;200;EXCHANGE_LAST;;1;1;XEUR;10440709;108037;
14.05.2025;15:02:22.363;C2BK SI 20250620 CS;SIMPLE_INSTRUMENT;BLOCK;EUR;137;0.65000000;298;EXCHANGE_LAST;;1;1;XEUR;12178564;949832;
14.05.2025;16:26:58.643;C2BK SI 20250620 CS;SIMPLE_INSTRUMENT;BLOCK;EUR;180;0.65000000;162;EXCHANGE_LAST;;1;1;XEUR;12178564;949832;
14.05.2025;15:19:16.745;C4RI SI 20261218 CS;SIMPLE_INSTRUMENT;BLOCK;EUR;142;3.01000000;500;EXCHANGE_LAST;;1;1;XEUR;6821680;50862;
14.05.2025;10:59:56.701;CARG SI 20250516 CS;SIMPLE_INSTRUMENT;BLOCK;EUR;37;13.88400000;22000;EXCHANGE_LAST;;1;1;XEUR;11032979;271;
14.05.2025;08:15:36.829;CBK SI 20251219 PS AM P 24.00 0;SIMPLE_INSTRUMENT;BLOCK;EUR;2;2.27000000;6250;EXCHANGE_LAST;;1;2;XEUR;10399773;268;
14.05.2025;10:06:04.604;CBK SI 20261218 PS AM P 24.00 0;SIMPLE_INSTRUMENT;BLOCK;EUR;6;4.36000000;4000;EXCHANGE_LAST;;1;2;XEUR;10982472;268;
14.05.2025;13:27:26.833;CBK SI 20250620 PS AM P 24.00 0;SIMPLE_INSTRUMENT;BLOCK;EUR;23;0.68000000;3000;EXCHANGE_LAST;;1;1;XEUR;9542279;268;
14.05.2025;15:01:07.256;CBKH SI 20250620 CS;SIMPLE_INSTRUMENT;BLOCK;EUR;136;25.30500000;3500;EXCHANGE_LAST;;1;1;XEUR;11192082;10390;
14.05.2025;16:26:42.630;CBKH SI 20250620 CS;SIMPLE_INSTRUMENT;BLOCK;EUR;179;25.51000000;1900;EXCHANGE_LAST;;1;1;XEUR;11192082;10390;
14.05.2025;12:20:45.850;CFR SI 20250620 PS AM C 170.00 0;SIMPLE_INSTRUMENT;BLOCK;CHF;50;2.40000000;300;EXCHANGE_LAST;;1;1;XEUR;11354567;313;
14.05.2025;14:01:12.818;CFR SI 20261218 PS AM C 180.00 0;SIMPLE_INSTRUMENT;BLOCK;CHF;68;12.45000000;700;EXCHANGE_LAST;;1;1;XEUR;9996400;313;
14.05.2025;11:00:12.329;CFRL SI 20250516 CS;SIMPLE_INSTRUMENT;BLOCK;CHF;38;155.31070000;1100;EXCHANGE_LAST;;1;1;XEUR;11077185;729453;
14.05.2025;14:26:49.223;CNYA SI 20251219 PS AM C 4.75 0;SIMPLE_INSTRUMENT;BLOCK;USD;1;0.36000000;646;EXCHANGE_LAST;;1;1;XEUR;12494140;666868;
14.05.2025;14:26:57.248;CNYA SI 20251219 PS AM C 5.75 0;SIMPLE_INSTRUMENT;BLOCK;USD;2;0.05000000;646;EXCHANGE_LAST;;1;1;XEUR;12494147;666868;
14.05.2025;14:27:05.256;CNYA SI 20250620 PS AM C 5.50 0;SIMPLE_INSTRUMENT;BLOCK;USD;3;0.01000000;785;EXCHANGE_LAST;;1;1;XEUR;13366503;666868;
14.05.2025;15:30:12.701;D3B1 SI 20250620 CS;SIMPLE_INSTRUMENT;BLOCK;EUR;148;4.00000000;19;EXCHANGE_LAST;;1;1;XEUR;10835086;358;
14.05.2025;08:21:25.383;DAI SI 20250530 PS AM P 51.00 0;SIMPLE_INSTRUMENT;BLOCK;EUR;1;0.47000000;767;EXCHANGE_LAST;;1;1;XEUR;13276199;443196;
14.05.2025;08:21:26.119;DAI SI 20250530 PS AM P 51.00 0;SIMPLE_INSTRUMENT;BLOCK;EUR;2;0.46000000;768;EXCHANGE_LAST;;1;1;XEUR;13276199;443196;
14.05.2025;12:54:51.600;DAI SI 20260619 PS AM P 44.00 0;SIMPLE_INSTRUMENT;BLOCK;EUR;16;2.85000000;1000;EXCHANGE_LAST;;1;1;XEUR;9598284;443196;
14.05.2025;07:32:52.610;DB1H SI 20250516 CS;SIMPLE_INSTRUMENT;BLOCK;EUR;2;280.77550000;23485;EXCHANGE_LAST;;1;1;XEUR;11034166;363;
14.05.2025;15:26:28.787;DB1H SI 20250620 CS;SIMPLE_INSTRUMENT;BLOCK;EUR;146;280.60000000;240;EXCHANGE_LAST;;1;1;XEUR;11172426;363;
14.05.2025;07:32:21.497;DB1P SI 20250516 PS;SIMPLE_INSTRUMENT;BLOCK;EUR;1;280.77240000;23485;EXCHANGE_LAST;;1;1;XEUR;11070957;567612;
14.05.2025;11:18:55.976;DBK.O.250514.BER.000011;STANDARD_OPTION_STRATEGY;BLOCK;EUR;8;0.83000000;7000;EXCHANGE_LAST;;2;1;XEUR;72059148816161907;362;
14.05.2025;11:18:55.976;DBK SI 20250620 PS AM P 24.00 0;SIMPLE_INSTRUMENT;BLOCK;EUR;8;0.99000000;7000;PRC_DECOMP_EXCHANGE;;;;XEUR;9544042;362;EXCHANGE
14.05.2025;11:18:55.976;DBK SI 20250620 PS AM P 20.00 0;SIMPLE_INSTRUMENT;BLOCK;EUR;8;0.16000000;7000;PRC_DECOMP_EXCHANGE;;;;XEUR;8883282;362;EXCHANGE
14.05.2025;11:00:26.361;DHEF SI 20250516 CS;SIMPLE_INSTRUMENT;BLOCK;EUR;39;26.89770000;4500;EXCHANGE_LAST;;1;1;XEUR;11059125;74941;
14.05.2025;09:39:06.356;DPW SI 20250620 PS AM P 34.00 0;SIMPLE_INSTRUMENT;BLOCK;EUR;13;0.15000000;1000;EXCHANGE_LAST;;1;1;XEUR;11357243;445;
14.05.2025;09:40:42.694;DPW SI 20250620 PS AM P 40.00 0;SIMPLE_INSTRUMENT;BLOCK;EUR;14;1.67000000;500;EXCHANGE_LAST;;1;1;XEUR;7902465;445;
14.05.2025;15:53:50.437;DPW SI 20251219 PS AM C 44.00 0;SIMPLE_INSTRUMENT;BLOCK;EUR;38;1.39000000;500;EXCHANGE_LAST;;1;1;XEUR;5926791;445;
14.05.2025;11:00:47.868;DSYH SI 20250516 CS;SIMPLE_INSTRUMENT;BLOCK;EUR;42;34.12980000;5750;EXCHANGE_LAST;;1;1;XEUR;11068662;414630;
14.05.2025;08:12:02.338;DTE SI 20250516 PS AM C 32.00 0;SIMPLE_INSTRUMENT;BLOCK;EUR;5;0.38000000;3000;EXCHANGE_LAST;;1;1;XEUR;12817679;424;
14.05.2025;09:20:19.324;DTE SI 20251219 PS AM C 32.00 0;SIMPLE_INSTRUMENT;BLOCK;EUR;9;2.50000000;18000;EXCHANGE_LAST;;4;1;XEUR;7834488;424;
14.05.2025;09:46:52.730;DTE SI 20250516 PS AM C 32.00 0;SIMPLE_INSTRUMENT;BLOCK;EUR;15;0.38000000;3500;EXCHANGE_LAST;;2;1;XEUR;12817679;424;
14.05.2025;09:46:47.506;DTE SI 20251219 PS AM C 32.00 0;SIMPLE_INSTRUMENT;BLOCK;EUR;16;2.50000000;2000;EXCHANGE_LAST;;1;1;XEUR;7834488;424;
14.05.2025;11:06:40.629;DTE SI 20250620 PS AM C 32.00 0;SIMPLE_INSTRUMENT;BLOCK;EUR;18;0.96000000;3000;EXCHANGE_LAST;;1;2;XEUR;7976636;424;
14.05.2025;12:50:21.399;DTE.O.250514.BRT.000012;STANDARD_OPTION_STRATEGY;BLOCK;EUR;25;2.65000000;1500;EXCHANGE_LAST;;1;1;XEUR;72059415104108561;424;
14.05.2025;12:50:21.399;DTE SI 20250516 PS AM P 32.00 0;SIMPLE_INSTRUMENT;BLOCK;EUR;25;0.55000000;1500;PRC_DECOMP_EXCHANGE;;;;XEUR;12817676;424;EXCHANGE
14.05.2025;12:50:21.399;DTE SI 20260619 PS AM P 32.00 0;SIMPLE_INSTRUMENT;BLOCK;EUR;25;3.20000000;1500;PRC_DECOMP_EXCHANGE;;;;XEUR;9545495;424;EXCHANGE
14.05.2025;13:18:30.531;DTE.O.250514.PDIA.000013;STANDARD_OPTION_STRATEGY;BLOCK;EUR;29;0.92000000;1500;EXCHANGE_LAST;;1;1;XEUR;72059415104108562;424;
14.05.2025;13:18:30.531;DTE SI 20260619 PS AM P 26.00 0;SIMPLE_INSTRUMENT;BLOCK;EUR;29;1.02000000;1500;PRC_DECOMP_EXCHANGE;;;;XEUR;12893862;424;EXCHANGE
14.05.2025;13:18:30.531;DTE SI 20251219 PS AM P 18.00 0;SIMPLE_INSTRUMENT;BLOCK;EUR;29;0.10000000;1500;PRC_DECOMP_EXCHANGE;;;;XEUR;5927130;424;EXCHANGE
14.05.2025;14:59:06.786;DTE SI 20250919 PS AM C 33.00 0;SIMPLE_INSTRUMENT;BLOCK;EUR;36;1.36000000;1500;EXCHANGE_LAST;;1;1;XEUR;12795509;424;
14.05.2025;15:26:14.936;DTE SI 20250620 PS AM C 32.50 0;SIMPLE_INSTRUMENT;BLOCK;EUR;37;0.70000000;2140;EXCHANGE_LAST;;1;1;XEUR;12352718;424;
14.05.2025;09:22:34.521;DTG SI 20250718 PS AM P 38.00 0;SIMPLE_INSTRUMENT;BLOCK;EUR;4;1.75000000;1000;EXCHANGE_LAST;;1;1;XEUR;13276353;455942;
14.05.2025;10:08:48.120;E2NT SI 20250620 CS;SIMPLE_INSTRUMENT;BLOCK;EUR;27;0.50000000;1056;EXCHANGE_LAST;;1;1;XEUR;10837409;470;
14.05.2025;10:37:48.869;E2NT SI 20261218 CS;SIMPLE_INSTRUMENT;BLOCK;EUR;34;0.98500000;1400;EXCHANGE_LAST;;1;1;XEUR;4632357;470;
14.05.2025;13:26:33.216;E2NT SI 20261218 CS;SIMPLE_INSTRUMENT;BLOCK;EUR;99;0.98500000;750;EXCHANGE_LAST;;1;1;XEUR;4632357;470;
14.05.2025;13:54:10.270;E2NT SI 20271217 CS;SIMPLE_INSTRUMENT;BLOCK;EUR;111;0.88000000;450;EXCHANGE_LAST;;1;1;XEUR;5914575;470;
14.05.2025;14:07:01.684;E2NT SI 20271217 CS;SIMPLE_INSTRUMENT;BLOCK;EUR;117;0.88000000;500;EXCHANGE_LAST;;1;1;XEUR;5914575;470;
14.05.2025;14:23:06.485;E2NT SI 20251219 CS;SIMPLE_INSTRUMENT;BLOCK;EUR;119;1.02000000;3960;EXCHANGE_LAST;;3;1;XEUR;3681294;470;
14.05.2025;14:23:17.529;E2NT SI 20261218 CS;SIMPLE_INSTRUMENT;BLOCK;EUR;120;1.00000000;3960;EXCHANGE_LAST;;3;1;XEUR;4632357;470;
14.05.2025;14:23:30.247;E2NT SI 20271217 CS;SIMPLE_INSTRUMENT;BLOCK;EUR;121;0.92000000;3960;EXCHANGE_LAST;;3;1;XEUR;5914575;470;
14.05.2025;14:23:41.107;E2NT SI 20281215 CS;SIMPLE_INSTRUMENT;BLOCK;EUR;122;0.80000000;3960;EXCHANGE_LAST;;3;1;XEUR;6802271;470;
14.05.2025;09:13:04.954;E3AS SI 20271217 CS;SIMPLE_INSTRUMENT;BLOCK;EUR;13;2.85000000;30;EXCHANGE_LAST;;1;1;XEUR;11420318;840007;
14.05.2025;11:16:42.083;EAD SI 20250620 PS AM C 175.00 0;SIMPLE_INSTRUMENT;BLOCK;EUR;10;0.97000000;988;EXCHANGE_LAST;;1;1;XEUR;13242214;465;
14.05.2025;12:33:41.160;EAD.O.250514.BLT.000006;STANDARD_OPTION_STRATEGY;BLOCK;EUR;14;8.65000000;1500;EXCHANGE_LAST;;1;1;XEUR;72059591197748085;465;
14.05.2025;12:33:41.160;EAD SI 20261218 PS AM C 160.00 0;SIMPLE_INSTRUMENT;BLOCK;EUR;14;23.71000000;1500;PRC_DECOMP_EXCHANGE;;;;XEUR;13241335;465;EXCHANGE
14.05.2025;12:33:41.160;EAD SI 20251219 PS AM C 160.00 0;SIMPLE_INSTRUMENT;BLOCK;EUR;14;15.06000000;1500;PRC_DECOMP_EXCHANGE;;;;XEUR;13242494;465;EXCHANGE
14.05.2025;11:00:37.192;EADG SI 20250620 CS;SIMPLE_INSTRUMENT;BLOCK;EUR;40;159.78020000;2500;EXCHANGE_LAST;;1;1;XEUR;11420351;840008;
14.05.2025;13:27:36.039;ENL5 SI 20251218 PS AM C 7.60 0;SIMPLE_INSTRUMENT;BLOCK;EUR;25;0.44000000;1500;EXCHANGE_LAST;;1;1;XEUR;12421453;500;
14.05.2025;10:11:25.359;ENT5 SI 20260618 PS AM P 12.00 0;SIMPLE_INSTRUMENT;BLOCK;EUR;10;0.79000000;5000;EXCHANGE_LAST;;4;1;XEUR;9531346;497;
14.05.2025;10:45:04.861;ENT5 SI 20250522 PS AM P 13.00 0;SIMPLE_INSTRUMENT;BLOCK;EUR;11;0.11500000;1350;EXCHANGE_LAST;;1;1;XEUR;13211117;497;
14.05.2025;14:25:02.925;ENT5 FI 20281215 PS EU P 13.5000 0;FLEXIBLE_INSTRUMENT;BLOCK;EUR;33;3.00000000;8800;EXCHANGE_LAST;;1;1;XEUR;1152923639205601165;497;
14.05.2025;14:25:12.307;ENT5 FI 20281215 PS EU C 13.5000 0;FLEXIBLE_INSTRUMENT;BLOCK;EUR;34;1.11500000;8800;EXCHANGE_LAST;;1;1;XEUR;1152923639205601166;497;
14.05.2025;10:08:51.673;ENTH SI 20250619 CS;SIMPLE_INSTRUMENT;BLOCK;EUR;28;13.23100000;2400;EXCHANGE_LAST;;1;1;XEUR;11165310;524973;
14.05.2025;14:15:47.679;ENTH SI 20250515 CS;SIMPLE_INSTRUMENT;BLOCK;EUR;118;13.44460000;6500;EXCHANGE_LAST;;1;1;XEUR;11026882;524973;
14.05.2025;14:37:24.660;EOA.O.250514.STG.000008;STANDARD_OPTION_STRATEGY;BLOCK;EUR;19;2.23000000;1500;EXCHANGE_LAST;;1;1;XEUR;72268326608331984;49065;
14.05.2025;14:37:24.660;EOA SI 20260619 PS AM P 14.00 0;SIMPLE_INSTRUMENT;BLOCK;EUR;19;1.11000000;1500;PRC_DECOMP_EXCHANGE;;;;XEUR;9579006;49065;EXCHANGE
14.05.2025;14:37:24.660;EOA SI 20260619 PS AM C 15.00 0;SIMPLE_INSTRUMENT;BLOCK;EUR;19;1.12000000;1500;PRC_DECOMP_EXCHANGE;;;;XEUR;13137899;49065;EXCHANGE
14.05.2025;15:40:04.805;F2OT SI 20271217 CS;SIMPLE_INSTRUMENT;BLOCK;EUR;160;0.75500000;500;EXCHANGE_LAST;;1;1;XEUR;8409051;57104;
14.05.2025;15:39:32.909;FBKF SI 20250619 CS;SIMPLE_INSTRUMENT;BLOCK;EUR;159;18.17200000;1600;EXCHANGE_LAST;;1;1;XEUR;11164335;128151;
14.05.2025;07:57:12.337;FBTP SI 20250606 PS;SIMPLE_INSTRUMENT;BLOCK;EUR;1;119.30000000;1158;EXCHANGE_LAST;;1;1;XEUR;11820365;636;
14.05.2025;08:54:21.541;FBTP SI 20250606 PS;SIMPLE_INSTRUMENT;EFP_FIN;EUR;2;119.34000000;610;EXCHANGE_LAST;;1;1;XEUR;11820365;636;
14.05.2025;09:17:48.744;FBTP SI 20250606 PS;SIMPLE_INSTRUMENT;BLOCK;EUR;3;119.34000000;1166;EXCHANGE_LAST;;1;1;XEUR;11820365;636;
14.05.2025;09:41:17.922;FBTP SI 20250606 PS;SIMPLE_INSTRUMENT;BLOCK;EUR;4;119.38000000;282;EXCHANGE_LAST;;1;1;XEUR;11820365;636;
14.05.2025;10:40:49.359;FBTP SI 20250606 PS;SIMPLE_INSTRUMENT;EFP_FIN;EUR;5;119.45000000;424;EXCHANGE_LAST;;1;1;XEUR;11820365;636;
14.05.2025;11:42:04.807;FBTP SI 20250606 PS;SIMPLE_INSTRUMENT;EFP_FIN;EUR;6;119.42000000;388;EXCHANGE_LAST;;1;1;XEUR;11820365;636;
14.05.2025;11:44:16.756;FBTP SI 20250606 PS;SIMPLE_INSTRUMENT;EFP_FIN;EUR;7;119.42000000;534;EXCHANGE_LAST;;1;1;XEUR;11820365;636;
14.05.2025;11:45:16.457;FBTP SI 20250606 PS;SIMPLE_INSTRUMENT;EFP_FIN;EUR;8;119.42000000;178;EXCHANGE_LAST;;1;1;XEUR;11820365;636;
14.05.2025;11:47:29.081;FBTP SI 20250606 PS;SIMPLE_INSTRUMENT;EFP_FIN;EUR;9;119.41000000;221;EXCHANGE_LAST;;1;1;XEUR;11820365;636;
14.05.2025;11:48:02.286;FBTP SI 20250606 PS;SIMPLE_INSTRUMENT;EFP_FIN;EUR;10;119.41000000;221;EXCHANGE_LAST;;1;1;XEUR;11820365;636;
14.05.2025;12:07:40.402;FBTP SI 20250606 PS;SIMPLE_INSTRUMENT;EFP_FIN;EUR;11;119.39000000;265;EXCHANGE_LAST;;1;1;XEUR;11820365;636;
14.05.2025;12:36:44.155;FBTP SI 20250606 PS;SIMPLE_INSTRUMENT;EFP_FIN;EUR;12;119.39000000;2211;EXCHANGE_LAST;;1;1;XEUR;11820365;636;
14.05.2025;12:38:15.709;FBTP SI 20250606 PS;SIMPLE_INSTRUMENT;EFP_FIN;EUR;13;119.38000000;221;EXCHANGE_LAST;;1;1;XEUR;11820365;636;
14.05.2025;12:49:44.403;FBTP SI 20250606 PS;SIMPLE_INSTRUMENT;EFP_FIN;EUR;14;119.32000000;362;EXCHANGE_LAST;;1;1;XEUR;11820365;636;
14.05.2025;13:00:46.445;FBTP SI 20250606 PS;SIMPLE_INSTRUMENT;EFP_FIN;EUR;15;119.39000000;133;EXCHANGE_LAST;;1;1;XEUR;11820365;636;
14.05.2025;13:23:09.226;FBTP SI 20250606 PS;SIMPLE_INSTRUMENT;BLOCK;EUR;16;119.22000000;608;EXCHANGE_LAST;;1;1;XEUR;11820365;636;
14.05.2025;13:49:08.263;FBTP SI 20250606 PS;SIMPLE_INSTRUMENT;EFP_FIN;EUR;17;119.28000000;224;EXCHANGE_LAST;;1;1;XEUR;11820365;636;
14.05.2025;13:55:34.965;FBTP SI 20250606 PS;SIMPLE_INSTRUMENT;EFP_FIN;EUR;18;119.37000000;109;EXCHANGE_LAST;;1;1;XEUR;11820365;636;
14.05.2025;14:36:57.323;FBTP SI 20250606 PS;SIMPLE_INSTRUMENT;EFP_FIN;EUR;19;119.28000000;108;EXCHANGE_LAST;;1;1;XEUR;11820365;636;
14.05.2025;14:57:15.569;FBTP SI 20250606 PS;SIMPLE_INSTRUMENT;EFP_FIN;EUR;20;119.21000000;222;EXCHANGE_LAST;;1;1;XEUR;11820365;636;
14.05.2025;15:03:01.089;FBTP SI 20250606 PS;SIMPLE_INSTRUMENT;EFP_FIN;EUR;21;119.26000000;510;EXCHANGE_LAST;;1;1;XEUR;11820365;636;
14.05.2025;15:09:40.742;FBTP SI 20250606 PS;SIMPLE_INSTRUMENT;EFP_FIN;EUR;22;119.26000000;96;EXCHANGE_LAST;;1;1;XEUR;11820365;636;
14.05.2025;15:10:15.495;FBTP SI 20250606 PS;SIMPLE_INSTRUMENT;EFP_FIN;EUR;23;119.26000000;96;EXCHANGE_LAST;;1;1;XEUR;11820365;636;
14.05.2025;15:11:28.019;FBTP SI 20250606 PS;SIMPLE_INSTRUMENT;EFP_FIN;EUR;24;119.26000000;89;EXCHANGE_LAST;;1;1;XEUR;11820365;636;
14.05.2025;15:20:35.609;FBTP SI 20250606 PS;SIMPLE_INSTRUMENT;EFP_FIN;EUR;25;119.24000000;265;EXCHANGE_LAST;;1;1;XEUR;11820365;636;
14.05.2025;15:22:31.592;FBTP SI 20250606 PS;SIMPLE_INSTRUMENT;EFP_FIN;EUR;26;119.24000000;99;EXCHANGE_LAST;;1;1;XEUR;11820365;636;
14.05.2025;15:24:26.011;FBTP SI 20250606 PS;SIMPLE_INSTRUMENT;EFP_FIN;EUR;27;119.24000000;218;EXCHANGE_LAST;;1;1;XEUR;11820365;636;
14.05.2025;09:30:01.192;FBTS SI 20250606 PS;SIMPLE_INSTRUMENT;EFP_FIN;EUR;8;107.81000000;1319;EXCHANGE_LAST;;1;1;XEUR;11820367;639;
14.05.2025;09:40:50.772;FBTS SI 20250606 PS;SIMPLE_INSTRUMENT;BLOCK;EUR;10;107.81000000;476;EXCHANGE_LAST;;1;1;XEUR;11820367;639;
14.05.2025;10:04:40.823;FBTS SI 20250606 PS;SIMPLE_INSTRUMENT;BLOCK;EUR;15;107.83000000;696;EXCHANGE_LAST;;1;1;XEUR;11820367;639;
14.05.2025;10:18:57.083;FBTS SI 20250606 PS;SIMPLE_INSTRUMENT;EFP_FIN;EUR;16;107.82000000;524;EXCHANGE_LAST;;1;1;XEUR;11820367;639;
14.05.2025;10:35:01.668;FBTS SI 20250606 PS;SIMPLE_INSTRUMENT;EFP_FIN;EUR;17;107.82000000;960;EXCHANGE_LAST;;1;1;XEUR;11820367;639;
14.05.2025;11:11:27.619;FBTS SI 20250606 PS;SIMPLE_INSTRUMENT;EFP_FIN;EUR;18;107.81000000;476;EXCHANGE_LAST;;1;1;XEUR;11820367;639;
14.05.2025;11:38:30.983;FBTS SI 20250606 PS;SIMPLE_INSTRUMENT;EFS;EUR;20;107.81000000;1309;EXCHANGE_LAST;;1;1;XEUR;11820367;639;
14.05.2025;12:09:05.548;FBTS SI 20250606 PS;SIMPLE_INSTRUMENT;EFP_FIN;EUR;22;107.81000000;483;EXCHANGE_LAST;;1;1;XEUR;11820367;639;
14.05.2025;12:17:44.231;FBTS SI 20250606 PS;SIMPLE_INSTRUMENT;EFP_FIN;EUR;23;107.82000000;524;EXCHANGE_LAST;;1;1;XEUR;11820367;639;
14.05.2025;12:23:56.463;FBTS SI 20250606 PS;SIMPLE_INSTRUMENT;EFP_FIN;EUR;25;107.81000000;81;EXCHANGE_LAST;;1;1;XEUR;11820367;639;
14.05.2025;12:31:45.529;FBTS SI 20250606 PS;SIMPLE_INSTRUMENT;EFP_FIN;EUR;28;107.81000000;238;EXCHANGE_LAST;;1;1;XEUR;11820367;639;
14.05.2025;12:32:56.253;FBTS SI 20250606 PS;SIMPLE_INSTRUMENT;EFP_FIN;EUR;29;107.82000000;121;EXCHANGE_LAST;;1;1;XEUR;11820367;639;
14.05.2025;12:41:57.945;FBTS SI 20250606 PS;SIMPLE_INSTRUMENT;EFP_FIN;EUR;31;107.81000000;952;EXCHANGE_LAST;;1;1;XEUR;11820367;639;
14.05.2025;12:43:39.290;FBTS SI 20250606 PS;SIMPLE_INSTRUMENT;EFP_FIN;EUR;32;107.82000000;384;EXCHANGE_LAST;;1;1;XEUR;11820367;639;
14.05.2025;12:49:33.261;FBTS SI 20250606 PS;SIMPLE_INSTRUMENT;EFP_FIN;EUR;33;107.82000000;262;EXCHANGE_LAST;;1;1;XEUR;11820367;639;
14.05.2025;12:50:04.785;FBTS SI 20250606 PS;SIMPLE_INSTRUMENT;EFP_FIN;EUR;34;107.80000000;194;EXCHANGE_LAST;;1;1;XEUR;11820367;639;
14.05.2025;13:01:40.963;FBTS SI 20250606 PS;SIMPLE_INSTRUMENT;EFP_FIN;EUR;35;107.81000000;282;EXCHANGE_LAST;;1;1;XEUR;11820367;639;
14.05.2025;13:33:03.921;FBTS SI 20250606 PS;SIMPLE_INSTRUMENT;EFP_FIN;EUR;36;107.80000000;637;EXCHANGE_LAST;;1;1;XEUR;11820367;639;
14.05.2025;13:49:42.409;FBTS SI 20250606 PS;SIMPLE_INSTRUMENT;EFP_FIN;EUR;38;107.80000000;403;EXCHANGE_LAST;;1;1;XEUR;11820367;639;
14.05.2025;14:07:27.797;FBTS SI 20250606 PS;SIMPLE_INSTRUMENT;BLOCK;EUR;40;107.82000000;1190;EXCHANGE_LAST;;1;1;XEUR;11820367;639;
14.05.2025;13:12:47.362;FCBU SI 20250603 CS;SIMPLE_INSTRUMENT;BLOCK;USD;2;0.17775000;200;EXCHANGE_LAST;;1;1;XEUR;11280122;570870;
14.05.2025;15:12:54.357;FCEU SI 20250616 PS;SIMPLE_INSTRUMENT;BLOCK;USD;3;1.12372000;345;EXCHANGE_LAST;;1;1;XEUR;7879022;369376;
14.05.2025;15:29:17.404;FCNS SI 20250616 PS;SIMPLE_INSTRUMENT;EFP_IDX;SEK;4;0.93484000;99;EXCHANGE_LAST;;1;1;XEUR;7879240;402911;
14.05.2025;15:29:17.985;FCNS SI 20250616 PS;SIMPLE_INSTRUMENT;EFP_IDX;SEK;5;0.93485000;107;EXCHANGE_LAST;;1;1;XEUR;7879240;402911;
14.05.2025;10:24:47.089;FCZU SI 20250616 CS;SIMPLE_INSTRUMENT;BLOCK;USD;1;0.05468000;100;EXCHANGE_LAST;;1;1;XEUR;11855446;570872;
14.05.2025;09:44:10.603;FD3D SI 20251219 CS;SIMPLE_INSTRUMENT;BLOCK;EUR;8;114.00000000;500;EXCHANGE_LAST;;1;1;XEUR;5914068;588;
14.05.2025;12:59:07.937;FDAX SI 20250620 CS;SIMPLE_INSTRUMENT;EFP_IDX;EUR;1;23670.00000000;100;EXCHANGE_LAST;;1;1;XEUR;7903800;589;
14.05.2025;14:42:20.128;FDAX SI 20250620 CS;SIMPLE_INSTRUMENT;EFP_IDX;EUR;2;23620.00000000;200;EXCHANGE_LAST;;1;1;XEUR;7903800;589;
14.05.2025;08:46:20.070;FDAX SI 20250620 CS;SIMPLE_INSTRUMENT;VOLA;EUR;671088645;23660.00000000;53;EXCHANGE_LAST;;1;1;XEUR;7903800;589;
14.05.2025;09:26:28.604;FDAX SI 20250620 CS;SIMPLE_INSTRUMENT;VOLA;EUR;671088651;23640.00000000;26;EXCHANGE_LAST;;1;1;XEUR;7903800;589;
14.05.2025;09:26:44.362;FDAX SI 20250620 CS;SIMPLE_INSTRUMENT;VOLA;EUR;671088652;23640.00000000;20;EXCHANGE_LAST;;1;1;XEUR;7903800;589;
14.05.2025;13:24:48.060;FDAX SI 20250620 CS;SIMPLE_INSTRUMENT;VOLA;EUR;671088666;23650.00000000;36;EXCHANGE_LAST;;1;1;XEUR;7903800;589;
14.05.2025;13:45:19.695;FDAX SI 20250620 CS;SIMPLE_INSTRUMENT;VOLA;EUR;671088670;23675.00000000;100;EXCHANGE_LAST;;1;1;XEUR;7903800;589;
14.05.2025;15:37:45.719;FDJ.O.250514.BER.000003;STANDARD_OPTION_STRATEGY;BLOCK;EUR;25;2.83000000;1000;EXCHANGE_LAST;;1;1;XEUR;72916188065170675;199907;
14.05.2025;15:37:45.719;FDJ SI 20260619 PS AM P 36.00 0;SIMPLE_INSTRUMENT;BLOCK;EUR;25;7.49000000;1000;PRC_DECOMP_EXCHANGE;;;;XEUR;11398554;199907;EXCHANGE
14.05.2025;15:37:45.719;FDJ SI 20260619 PS AM P 32.00 0;SIMPLE_INSTRUMENT;BLOCK;EUR;25;4.66000000;1000;PRC_DECOMP_EXCHANGE;;;;XEUR;11398556;199907;EXCHANGE
14.05.2025;13:28:24.621;FEBD SI 20261218 CS;SIMPLE_INSTRUMENT;BLOCK;EUR;26;10.56000000;400;EXCHANGE_LAST;;1;2;XEUR;7158212;597;
14.05.2025;14:06:33.344;FEBD SI 20261218 CS;SIMPLE_INSTRUMENT;BLOCK;EUR;27;10.57000000;500;EXCHANGE_LAST;;1;1;XEUR;7158212;597;
14.05.2025;15:11:09.803;FEBD SI 20261218 CS;SIMPLE_INSTRUMENT;BLOCK;EUR;30;10.59000000;300;EXCHANGE_LAST;;1;1;XEUR;7158212;597;
14.05.2025;15:42:10.960;FEBD SI 20271217 CS;SIMPLE_INSTRUMENT;BLOCK;EUR;39;9.87000000;250;EXCHANGE_LAST;;1;1;XEUR;7776307;597;
14.05.2025;15:46:08.968;FEBD SI 20261218 CS;SIMPLE_INSTRUMENT;BLOCK;EUR;40;10.58000000;250;EXCHANGE_LAST;;1;1;XEUR;7158212;597;
14.05.2025;15:05:40.248;FECX SI 20250620 CS;SIMPLE_INSTRUMENT;BLOCK;EUR;33;166.49000000;31;EXCHANGE_LAST;;1;1;XEUR;11949125;410158;
14.05.2025;09:30:18.462;FEHY SI 20250620 CS;SIMPLE_INSTRUMENT;BLOCK;EUR;2;300.46000000;100;EXCHANGE_LAST;;1;1;XEUR;11949378;574047;
14.05.2025;09:30:10.970;FEHY SI 20250620 CS;SIMPLE_INSTRUMENT;BLOCK;EUR;3;300.48000000;100;EXCHANGE_LAST;;1;1;XEUR;11949378;574047;
14.05.2025;15:05:03.340;FESB SI 20250620 CS;SIMPLE_INSTRUMENT;BLOCK;EUR;54;198.40000000;4000;EXCHANGE_LAST;;1;1;XEUR;11880665;605;
14.05.2025;15:05:01.007;FESB SI 20250620 CS;SIMPLE_INSTRUMENT;BLOCK;EUR;55;198.40000000;6000;EXCHANGE_LAST;;1;1;XEUR;11880665;605;
14.05.2025;15:43:12.085;FESB SI 20250620 CS;SIMPLE_INSTRUMENT;EFP_IDX;EUR;57;199.10000000;1500;EXCHANGE_LAST;;1;1;XEUR;11880665;605;
14.05.2025;15:43:21.057;FESB SI 20250620 CS;SIMPLE_INSTRUMENT;BLOCK;EUR;58;199.20000000;8500;EXCHANGE_LAST;;1;1;XEUR;11880665;605;
14.05.2025;15:43:38.287;FESB SI 20250620 CS;SIMPLE_INSTRUMENT;EFP_IDX;EUR;59;199.10000000;1000;EXCHANGE_LAST;;1;1;XEUR;11880665;605;
14.05.2025;15:43:56.238;FESB SI 20250620 CS;SIMPLE_INSTRUMENT;BLOCK;EUR;60;199.20000000;4000;EXCHANGE_LAST;;1;1;XEUR;11880665;605;
14.05.2025;15:49:31.433;FESB SI 20250620 CS;SIMPLE_INSTRUMENT;EFP_IDX;EUR;67;199.15000000;1500;EXCHANGE_LAST;;1;1;XEUR;11880665;605;
14.05.2025;15:49:21.952;FESB SI 20250620 CS;SIMPLE_INSTRUMENT;EFP_IDX;EUR;68;199.20000000;3500;EXCHANGE_LAST;;1;1;XEUR;11880665;605;
14.05.2025;15:50:22.301;FESB SI 20250620 CS;SIMPLE_INSTRUMENT;EFP_IDX;EUR;69;199.15000000;450;EXCHANGE_LAST;;1;1;XEUR;11880665;605;
14.05.2025;15:50:31.605;FESB SI 20250620 CS;SIMPLE_INSTRUMENT;EFP_IDX;EUR;70;199.20000000;1050;EXCHANGE_LAST;;1;1;XEUR;11880665;605;
14.05.2025;08:45:41.460;FESB SI 20250620 CS;SIMPLE_INSTRUMENT;VOLA;EUR;603979781;198.00000000;3120;EXCHANGE_LAST;;1;1;XEUR;11880665;605;
14.05.2025;08:46:19.285;FESB SI 20250620 CS;SIMPLE_INSTRUMENT;VOLA;EUR;603979782;198.00000000;4680;EXCHANGE_LAST;;1;1;XEUR;11880665;605;
14.05.2025;07:22:00.045;FESX SI 20250620 CS;SIMPLE_INSTRUMENT;BLOCK;EUR;1;5408.00000000;3500;EXCHANGE_LAST;;1;1;XEUR;7904020;675;
14.05.2025;15:00:33.704;FESX SI 20250620 CS;SIMPLE_INSTRUMENT;BLOCK;EUR;2;5395.00000000;2000;EXCHANGE_LAST;;1;1;XEUR;7904020;675;
14.05.2025;15:40:53.403;FESX SI 20250620 CS;SIMPLE_INSTRUMENT;EFP_IDX;EUR;3;5393.00000000;140;EXCHANGE_LAST;;1;1;XEUR;7904020;675;
14.05.2025;15:41:01.022;FESX SI 20250620 CS;SIMPLE_INSTRUMENT;EFP_IDX;EUR;4;5394.00000000;110;EXCHANGE_LAST;;1;1;XEUR;7904020;675;
14.05.2025;15:45:51.062;FESX SI 20250620 CS;SIMPLE_INSTRUMENT;EFP_IDX;EUR;5;5393.00000000;489;EXCHANGE_LAST;;1;1;XEUR;7904020;675;
14.05.2025;15:45:51.660;FESX SI 20250620 CS;SIMPLE_INSTRUMENT;EFP_IDX;EUR;6;5394.00000000;634;EXCHANGE_LAST;;1;1;XEUR;7904020;675;
14.05.2025;15:46:02.981;FESX SI 20250620 CS;SIMPLE_INSTRUMENT;EFP_IDX;EUR;7;5394.00000000;89;EXCHANGE_LAST;;1;1;XEUR;7904020;675;
14.05.2025;15:46:19.487;FESX SI 20250620 CS;SIMPLE_INSTRUMENT;EFP_IDX;EUR;8;5393.00000000;50;EXCHANGE_LAST;;1;1;XEUR;7904020;675;
14.05.2025;15:46:45.049;FESX SI 20250620 CS;SIMPLE_INSTRUMENT;EFP_IDX;EUR;9;5393.00000000;1740;EXCHANGE_LAST;;1;1;XEUR;7904020;675;
14.05.2025;15:46:58.959;FESX SI 20250620 CS;SIMPLE_INSTRUMENT;EFP_IDX;EUR;10;5394.00000000;2504;EXCHANGE_LAST;;1;1;XEUR;7904020;675;
14.05.2025;15:52:47.303;FESX SI 20250620 CS;SIMPLE_INSTRUMENT;EFP_IDX;EUR;11;5394.00000000;350;EXCHANGE_LAST;;1;1;XEUR;7904020;675;
14.05.2025;15:52:55.534;FESX SI 20250620 CS;SIMPLE_INSTRUMENT;EFP_IDX;EUR;12;5393.00000000;80;EXCHANGE_LAST;;1;1;XEUR;7904020;675;
14.05.2025;15:49:29.924;FESX SI 20250620 CS;SIMPLE_INSTRUMENT;EFP_IDX;EUR;13;5393.00000000;28;EXCHANGE_LAST;;1;1;XEUR;7904020;675;
14.05.2025;15:49:51.996;FESX SI 20250620 CS;SIMPLE_INSTRUMENT;EFP_IDX;EUR;14;5394.00000000;104;EXCHANGE_LAST;;1;1;XEUR;7904020;675;
14.05.2025;15:52:41.498;FESX SI 20250620 CS;SIMPLE_INSTRUMENT;EFP_IDX;EUR;15;5393.00000000;333;EXCHANGE_LAST;;1;1;XEUR;7904020;675;
14.05.2025;15:52:41.601;FESX SI 20250620 CS;SIMPLE_INSTRUMENT;EFP_IDX;EUR;16;5394.00000000;433;EXCHANGE_LAST;;1;1;XEUR;7904020;675;
14.05.2025;16:12:24.644;FESX SI 20250620 CS;SIMPLE_INSTRUMENT;BLOCK;EUR;17;5393.00000000;4000;EXCHANGE_LAST;;1;1;XEUR;7904020;675;
14.05.2025;07:17:15.257;FESX SI 20250620 CS;SIMPLE_INSTRUMENT;VOLA;EUR;637534212;5410.00000000;790;EXCHANGE_LAST;;1;1;XEUR;7904020;675;
14.05.2025;08:21:16.148;FESX SI 20250620 CS;SIMPLE_INSTRUMENT;VOLA;EUR;637534242;5400.00000000;63;EXCHANGE_LAST;;1;1;XEUR;7904020;675;
14.05.2025;08:25:02.468;FESX SI 20250620 CS;SIMPLE_INSTRUMENT;VOLA;EUR;637534247;5384.00000000;756;EXCHANGE_LAST;;1;1;XEUR;7904020;675;
14.05.2025;08:46:58.655;FESX SI 20250620 CS;SIMPLE_INSTRUMENT;VOLA;EUR;637534261;5384.00000000;1000;EXCHANGE_LAST;;1;1;XEUR;7904020;675;
14.05.2025;08:47:10.619;FESX SI 20250620 CS;SIMPLE_INSTRUMENT;VOLA;EUR;637534267;5384.00000000;67;EXCHANGE_LAST;;1;1;XEUR;7904020;675;
14.05.2025;08:47:17.918;FESX SI 20250620 CS;SIMPLE_INSTRUMENT;VOLA;EUR;637534268;5381.00000000;220;EXCHANGE_LAST;;1;1;XEUR;7904020;675;
14.05.2025;08:49:14.228;FESX SI 20250620 CS;SIMPLE_INSTRUMENT;VOLA;EUR;637534269;5380.00000000;1000;EXCHANGE_LAST;;1;1;XEUR;7904020;675;
14.05.2025;08:51:18.981;FESX SI 20250620 CS;SIMPLE_INSTRUMENT;VOLA;EUR;637534271;5380.00000000;1200;EXCHANGE_LAST;;1;1;XEUR;7904020;675;
14.05.2025;08:53:09.330;FESX SI 20250620 CS;SIMPLE_INSTRUMENT;VOLA;EUR;637534276;5380.00000000;639;EXCHANGE_LAST;;1;1;XEUR;7904020;675;
14.05.2025;08:57:57.280;FESX SI 20250620 CS;SIMPLE_INSTRUMENT;VOLA;EUR;637534277;5384.00000000;780;EXCHANGE_LAST;;1;1;XEUR;7904020;675;
14.05.2025;08:59:16.580;FESX SI 20250620 CS;SIMPLE_INSTRUMENT;VOLA;EUR;637534281;5380.00000000;228;EXCHANGE_LAST;;1;1;XEUR;7904020;675;
14.05.2025;09:02:38.387;FESX SI 20250620 CS;SIMPLE_INSTRUMENT;VOLA;EUR;637534284;5380.00000000;1440;EXCHANGE_LAST;;1;1;XEUR;7904020;675;
14.05.2025;09:04:30.098;FESX SI 20250620 CS;SIMPLE_INSTRUMENT;VOLA;EUR;637534290;5381.00000000;88;EXCHANGE_LAST;;1;1;XEUR;7904020;675;
14.05.2025;10:00:08.939;FESX SI 20250620 CS;SIMPLE_INSTRUMENT;VOLA;EUR;637534321;5380.00000000;300;EXCHANGE_LAST;;1;1;XEUR;7904020;675;
14.05.2025;10:15:18.190;FESX SI 20250620 CS;SIMPLE_INSTRUMENT;VOLA;EUR;637534329;5380.00000000;660;EXCHANGE_LAST;;1;1;XEUR;7904020;675;
14.05.2025;10:13:18.300;FESX SI 20250620 CS;SIMPLE_INSTRUMENT;VOLA;EUR;637534330;5378.00000000;700;EXCHANGE_LAST;;1;1;XEUR;7904020;675;
14.05.2025;10:15:36.089;FESX SI 20250620 CS;SIMPLE_INSTRUMENT;VOLA;EUR;637534331;5368.00000000;90;EXCHANGE_LAST;;1;1;XEUR;7904020;675;
14.05.2025;10:44:35.891;FESX SI 20250620 CS;SIMPLE_INSTRUMENT;VOLA;EUR;637534347;5375.00000000;115;EXCHANGE_LAST;;1;1;XEUR;7904020;675;
14.05.2025;12:03:38.816;FESX SI 20250620 CS;SIMPLE_INSTRUMENT;VOLA;EUR;637534371;5380.00000000;940;EXCHANGE_LAST;;1;1;XEUR;7904020;675;
14.05.2025;13:33:50.596;FESX SI 20250620 CS;SIMPLE_INSTRUMENT;VOLA;EUR;637534394;5397.00000000;630;EXCHANGE_LAST;;1;1;XEUR;7904020;675;
14.05.2025;14:12:29.971;FESX SI 20250620 CS;SIMPLE_INSTRUMENT;VOLA;EUR;637534413;5390.00000000;1739;EXCHANGE_LAST;;1;1;XEUR;7904020;675;
14.05.2025;15:36:59.596;FESX SI 20250620 CS;SIMPLE_INSTRUMENT;VOLA;EUR;637534443;5384.00000000;110;EXCHANGE_LAST;;1;1;XEUR;7904020;675;
14.05.2025;11:45:03.619;FEU3 SI 20250915 CS;SIMPLE_INSTRUMENT;BLOCK;EUR;32;98.10000000;5000;EXCHANGE_LAST;;1;1;XEUR;4396833;702;
14.05.2025;08:11:53.889;FEXD.S.DEC26.DEC27.SPD;FUTURES_SPREAD;BLOCK;EUR;1;4.40000000;800;EXCHANGE_LAST;;1;1;XEUR;72060570450264153;693;
14.05.2025;08:11:53.889;FEXD SI 20261218 CS;SIMPLE_INSTRUMENT;BLOCK;EUR;1;156.00000000;800;PRC_DECOMP_EXCHANGE;;;;XEUR;2163053;693;EXCHANGE
14.05.2025;08:11:53.889;FEXD SI 20271217 CS;SIMPLE_INSTRUMENT;BLOCK;EUR;1;151.60000000;800;PRC_DECOMP_EXCHANGE;;;;XEUR;2848338;693;EXCHANGE
14.05.2025;10:25:04.499;FEXD SI 20281215 CS;SIMPLE_INSTRUMENT;BLOCK;EUR;13;147.60000000;750;EXCHANGE_LAST;;1;2;XEUR;3680985;693;
14.05.2025;11:12:29.024;FEXD SI 20271217 CS;SIMPLE_INSTRUMENT;BLOCK;EUR;16;151.80000000;290;EXCHANGE_LAST;;1;1;XEUR;2848338;693;
14.05.2025;11:54:15.012;FEXD.S.DEC28.DEC30.SPD;FUTURES_SPREAD;BLOCK;EUR;17;5.70000000;1000;EXCHANGE_LAST;;2;2;XEUR;72060570450264202;693;
14.05.2025;11:54:15.012;FEXD SI 20301220 CS;SIMPLE_INSTRUMENT;BLOCK;EUR;17;141.90000000;1000;PRC_DECOMP_EXCHANGE;;;;XEUR;5914108;693;EXCHANGE
14.05.2025;11:54:15.012;FEXD SI 20281215 CS;SIMPLE_INSTRUMENT;BLOCK;EUR;17;147.60000000;1000;PRC_DECOMP_EXCHANGE;;;;XEUR;3680985;693;EXCHANGE
14.05.2025;12:25:14.543;FEXD SI 20261218 CS;SIMPLE_INSTRUMENT;BLOCK;EUR;18;156.10000000;700;EXCHANGE_LAST;;1;1;XEUR;2163053;693;
14.05.2025;12:40:17.336;FEXD SI 20271217 CS;SIMPLE_INSTRUMENT;BLOCK;EUR;19;151.60000000;700;EXCHANGE_LAST;;1;1;XEUR;2848338;693;
14.05.2025;13:09:06.985;FEXD SI 20251219 CS;SIMPLE_INSTRUMENT;BLOCK;EUR;21;165.10000000;500;EXCHANGE_LAST;;1;1;XEUR;1548120;693;
14.05.2025;13:09:12.971;FEXD SI 20271217 CS;SIMPLE_INSTRUMENT;BLOCK;EUR;22;152.00000000;500;EXCHANGE_LAST;;1;1;XEUR;2848338;693;
14.05.2025;14:24:07.840;FEXD SI 20281215 CS;SIMPLE_INSTRUMENT;BLOCK;EUR;28;147.90000000;1250;EXCHANGE_LAST;;1;1;XEUR;3680985;693;
14.05.2025;14:50:38.789;FEXD SI 20281215 CS;SIMPLE_INSTRUMENT;BLOCK;EUR;29;147.90000000;222;EXCHANGE_LAST;;1;1;XEUR;3680985;693;
14.05.2025;07:06:18.769;FGBL SI 20250606 PS;SIMPLE_INSTRUMENT;EFP_FIN;EUR;1;129.38000000;1017;EXCHANGE_LAST;;1;1;XEUR;11820389;688;
14.05.2025;07:16:21.731;FGBL SI 20250606 PS;SIMPLE_INSTRUMENT;EFS;EUR;2;129.42000000;496;EXCHANGE_LAST;;1;1;XEUR;11820389;688;
14.05.2025;07:24:18.429;FGBL SI 20250606 PS;SIMPLE_INSTRUMENT;EFS;EUR;3;129.46000000;443;EXCHANGE_LAST;;1;1;XEUR;11820389;688;
14.05.2025;07:32:05.250;FGBL SI 20250606 PS;SIMPLE_INSTRUMENT;EFS;EUR;4;129.47000000;443;EXCHANGE_LAST;;1;1;XEUR;11820389;688;
14.05.2025;07:37:30.533;FGBL SI 20250606 PS;SIMPLE_INSTRUMENT;EFS;EUR;5;129.48000000;496;EXCHANGE_LAST;;1;1;XEUR;11820389;688;
14.05.2025;07:41:49.091;FGBL SI 20250606 PS;SIMPLE_INSTRUMENT;EFS;EUR;6;129.47000000;443;EXCHANGE_LAST;;1;1;XEUR;11820389;688;
14.05.2025;07:51:00.817;FGBL SI 20250606 PS;SIMPLE_INSTRUMENT;EFS;EUR;7;129.42000000;436;EXCHANGE_LAST;;1;1;XEUR;11820389;688;
14.05.2025;07:53:00.164;FGBL SI 20250606 PS;SIMPLE_INSTRUMENT;EFS;EUR;8;129.44000000;436;EXCHANGE_LAST;;1;1;XEUR;11820389;688;
14.05.2025;07:54:05.175;FGBL SI 20250606 PS;SIMPLE_INSTRUMENT;EFP_FIN;EUR;9;129.48000000;350;EXCHANGE_LAST;;1;1;XEUR;11820389;688;
14.05.2025;07:54:10.678;FGBL SI 20250606 PS;SIMPLE_INSTRUMENT;EFS;EUR;10;129.43000000;436;EXCHANGE_LAST;;1;1;XEUR;11820389;688;
14.05.2025;07:57:24.521;FGBL SI 20250606 PS;SIMPLE_INSTRUMENT;EFP_FIN;EUR;11;129.43000000;82;EXCHANGE_LAST;;1;1;XEUR;11820389;688;
14.05.2025;07:56:40.336;FGBL SI 20250606 PS;SIMPLE_INSTRUMENT;EFS;EUR;12;129.44000000;546;EXCHANGE_LAST;;1;1;XEUR;11820389;688;
14.05.2025;08:04:10.961;FGBL SI 20250606 PS;SIMPLE_INSTRUMENT;EFP_FIN;EUR;13;129.44000000;490;EXCHANGE_LAST;;1;1;XEUR;11820389;688;
14.05.2025;08:10:11.276;FGBL SI 20250606 PS;SIMPLE_INSTRUMENT;EFS;EUR;14;129.42000000;496;EXCHANGE_LAST;;1;1;XEUR;11820389;688;
14.05.2025;08:17:37.191;FGBL SI 20250606 PS;SIMPLE_INSTRUMENT;EFS;EUR;15;129.45000000;218;EXCHANGE_LAST;;1;1;XEUR;11820389;688;
14.05.2025;08:24:26.317;FGBL SI 20250606 PS;SIMPLE_INSTRUMENT;EFS;EUR;16;129.47000000;238;EXCHANGE_LAST;;1;1;XEUR;11820389;688;
14.05.2025;08:23:49.783;FGBL SI 20250606 PS;SIMPLE_INSTRUMENT;EFS;EUR;17;129.47000000;436;EXCHANGE_LAST;;1;1;XEUR;11820389;688;
14.05.2025;08:27:10.372;FGBL SI 20250606 PS;SIMPLE_INSTRUMENT;EFS;EUR;18;129.47000000;432;EXCHANGE_LAST;;1;1;XEUR;11820389;688;
14.05.2025;08:39:20.824;FGBL SI 20250606 PS;SIMPLE_INSTRUMENT;EFP_FIN;EUR;19;129.24000000;643;EXCHANGE_LAST;;1;1;XEUR;11820389;688;
14.05.2025;08:48:23.968;FGBL SI 20250606 PS;SIMPLE_INSTRUMENT;EFS;EUR;20;129.46000000;441;EXCHANGE_LAST;;1;1;XEUR;11820389;688;
14.05.2025;08:54:18.419;FGBL SI 20250606 PS;SIMPLE_INSTRUMENT;EFP_FIN;EUR;21;129.43000000;187;EXCHANGE_LAST;;1;1;XEUR;11820389;688;
14.05.2025;08:51:45.920;FGBL SI 20250606 PS;SIMPLE_INSTRUMENT;EFS;EUR;22;129.43000000;436;EXCHANGE_LAST;;1;1;XEUR;11820389;688;
14.05.2025;08:53:13.894;FGBL SI 20250606 PS;SIMPLE_INSTRUMENT;EFS;EUR;23;129.43000000;436;EXCHANGE_LAST;;1;1;XEUR;11820389;688;
14.05.2025;08:54:31.748;FGBL SI 20250606 PS;SIMPLE_INSTRUMENT;EFP_FIN;EUR;24;129.43000000;1497;EXCHANGE_LAST;;1;1;XEUR;11820389;688;
14.05.2025;08:53:28.036;FGBL SI 20250606 PS;SIMPLE_INSTRUMENT;EFS;EUR;25;129.48000000;221;EXCHANGE_LAST;;1;1;XEUR;11820389;688;
14.05.2025;08:55:00.782;FGBL SI 20250606 PS;SIMPLE_INSTRUMENT;EFS;EUR;26;129.36000000;509;EXCHANGE_LAST;;1;1;XEUR;11820389;688;
14.05.2025;08:59:00.081;FGBL SI 20250606 PS;SIMPLE_INSTRUMENT;EFS;EUR;27;129.37000000;275;EXCHANGE_LAST;;1;1;XEUR;11820389;688;
14.05.2025;09:01:36.069;FGBL SI 20250606 PS;SIMPLE_INSTRUMENT;EFS;EUR;28;129.43000000;509;EXCHANGE_LAST;;1;1;XEUR;11820389;688;
14.05.2025;09:01:41.075;FGBL SI 20250606 PS;SIMPLE_INSTRUMENT;EFS;EUR;29;129.44000000;436;EXCHANGE_LAST;;1;1;XEUR;11820389;688;
14.05.2025;09:02:02.020;FGBL SI 20250606 PS;SIMPLE_INSTRUMENT;EFP_FIN;EUR;30;129.47000000;108;EXCHANGE_LAST;;1;1;XEUR;11820389;688;
14.05.2025;09:02:08.524;FGBL SI 20250606 PS;SIMPLE_INSTRUMENT;EFP_FIN;EUR;31;129.40000000;748;EXCHANGE_LAST;;1;1;XEUR;11820389;688;
14.05.2025;09:05:00.428;FGBL SI 20250606 PS;SIMPLE_INSTRUMENT;EFP_FIN;EUR;32;129.47000000;168;EXCHANGE_LAST;;1;1;XEUR;11820389;688;
14.05.2025;09:06:17.818;FGBL SI 20250606 PS;SIMPLE_INSTRUMENT;EFS;EUR;33;129.36000000;436;EXCHANGE_LAST;;1;1;XEUR;11820389;688;
14.05.2025;09:07:43.132;FGBL SI 20250606 PS;SIMPLE_INSTRUMENT;EFP_FIN;EUR;34;129.47000000;84;EXCHANGE_LAST;;1;1;XEUR;11820389;688;
14.05.2025;09:12:47.555;FGBL SI 20250606 PS;SIMPLE_INSTRUMENT;EFS;EUR;35;129.47000000;436;EXCHANGE_LAST;;1;1;XEUR;11820389;688;
14.05.2025;09:14:32.648;FGBL SI 20250606 PS;SIMPLE_INSTRUMENT;EFS;EUR;36;129.47000000;436;EXCHANGE_LAST;;1;1;XEUR;11820389;688;
14.05.2025;09:14:57.670;FGBL SI 20250606 PS;SIMPLE_INSTRUMENT;EFS;EUR;37;129.48000000;436;EXCHANGE_LAST;;1;1;XEUR;11820389;688;
14.05.2025;09:25:42.248;FGBL SI 20250606 PS;SIMPLE_INSTRUMENT;EFS;EUR;38;129.49000000;436;EXCHANGE_LAST;;1;1;XEUR;11820389;688;
14.05.2025;09:26:39.573;FGBL SI 20250606 PS;SIMPLE_INSTRUMENT;EFS;EUR;39;129.47000000;436;EXCHANGE_LAST;;1;1;XEUR;11820389;688;
14.05.2025;09:28:06.991;FGBL SI 20250606 PS;SIMPLE_INSTRUMENT;EFS;EUR;40;129.47000000;496;EXCHANGE_LAST;;1;1;XEUR;11820389;688;
14.05.2025;09:31:45.825;FGBL SI 20250606 PS;SIMPLE_INSTRUMENT;EFP_FIN;EUR;41;129.50000000;229;EXCHANGE_LAST;;1;1;XEUR;11820389;688;
14.05.2025;09:31:48.750;FGBL SI 20250606 PS;SIMPLE_INSTRUMENT;EFP_FIN;EUR;42;129.46000000;537;EXCHANGE_LAST;;1;1;XEUR;11820389;688;
14.05.2025;09:32:19.445;FGBL SI 20250606 PS;SIMPLE_INSTRUMENT;EFS;EUR;43;129.47000000;872;EXCHANGE_LAST;;1;1;XEUR;11820389;688;
14.05.2025;09:32:29.456;FGBL SI 20250606 PS;SIMPLE_INSTRUMENT;EFS;EUR;44;129.46000000;872;EXCHANGE_LAST;;1;1;XEUR;11820389;688;
14.05.2025;09:32:41.881;FGBL SI 20250606 PS;SIMPLE_INSTRUMENT;EFS;EUR;45;129.49000000;232;EXCHANGE_LAST;;1;1;XEUR;11820389;688;
14.05.2025;09:38:25.293;FGBL SI 20250606 PS;SIMPLE_INSTRUMENT;EFP_FIN;EUR;47;129.48000000;240;EXCHANGE_LAST;;1;1;XEUR;11820389;688;
14.05.2025;09:41:21.021;FGBL SI 20250606 PS;SIMPLE_INSTRUMENT;EFS;EUR;48;129.49000000;232;EXCHANGE_LAST;;1;1;XEUR;11820389;688;
14.05.2025;09:43:29.997;FGBL SI 20250606 PS;SIMPLE_INSTRUMENT;EFS;EUR;49;129.57000000;436;EXCHANGE_LAST;;1;1;XEUR;11820389;688;
14.05.2025;09:44:37.257;FGBL SI 20250606 PS;SIMPLE_INSTRUMENT;EFP_FIN;EUR;50;129.47000000;70;EXCHANGE_LAST;;1;1;XEUR;11820389;688;
14.05.2025;10:02:11.801;FGBL SI 20250606 PS;SIMPLE_INSTRUMENT;EFP_FIN;EUR;51;129.64000000;168;EXCHANGE_LAST;;1;1;XEUR;11820389;688;
14.05.2025;10:13:14.633;FGBL SI 20250606 PS;SIMPLE_INSTRUMENT;EFS;EUR;52;129.65000000;435;EXCHANGE_LAST;;1;1;XEUR;11820389;688;
14.05.2025;10:13:46.589;FGBL SI 20250606 PS;SIMPLE_INSTRUMENT;EFS;EUR;53;129.65000000;218;EXCHANGE_LAST;;1;1;XEUR;11820389;688;
14.05.2025;10:24:15.767;FGBL SI 20250606 PS;SIMPLE_INSTRUMENT;EFS;EUR;54;129.60000000;661;EXCHANGE_LAST;;1;1;XEUR;11820389;688;
14.05.2025;10:29:17.510;FGBL SI 20250606 PS;SIMPLE_INSTRUMENT;EFP_FIN;EUR;55;129.66000000;748;EXCHANGE_LAST;;1;1;XEUR;11820389;688;
14.05.2025;10:41:16.365;FGBL SI 20250606 PS;SIMPLE_INSTRUMENT;EFS;EUR;56;129.60000000;257;EXCHANGE_LAST;;1;1;XEUR;11820389;688;
14.05.2025;10:43:20.085;FGBL SI 20250606 PS;SIMPLE_INSTRUMENT;EFP_FIN;EUR;57;129.60000000;408;EXCHANGE_LAST;;1;1;XEUR;11820389;688;
14.05.2025;10:44:32.936;FGBL SI 20250606 PS;SIMPLE_INSTRUMENT;EFS;EUR;58;129.59000000;495;EXCHANGE_LAST;;1;1;XEUR;11820389;688;
14.05.2025;10:48:51.770;FGBL SI 20250606 PS;SIMPLE_INSTRUMENT;EFS;EUR;59;129.59000000;436;EXCHANGE_LAST;;1;1;XEUR;11820389;688;
14.05.2025;10:53:57.183;FGBL SI 20250606 PS;SIMPLE_INSTRUMENT;EFS;EUR;60;129.60000000;435;EXCHANGE_LAST;;1;1;XEUR;11820389;688;
14.05.2025;11:00:40.039;FGBL SI 20250606 PS;SIMPLE_INSTRUMENT;EFS;EUR;61;129.61000000;488;EXCHANGE_LAST;;1;1;XEUR;11820389;688;
14.05.2025;11:01:05.126;FGBL SI 20250606 PS;SIMPLE_INSTRUMENT;EFS;EUR;62;129.60000000;496;EXCHANGE_LAST;;1;1;XEUR;11820389;688;
14.05.2025;11:01:39.395;FGBL SI 20250606 PS;SIMPLE_INSTRUMENT;EFS;EUR;63;129.60000000;488;EXCHANGE_LAST;;1;1;XEUR;11820389;688;
14.05.2025;11:08:41.358;FGBL SI 20250606 PS;SIMPLE_INSTRUMENT;EFS;EUR;64;129.61000000;435;EXCHANGE_LAST;;1;1;XEUR;11820389;688;
14.05.2025;11:19:04.152;FGBL SI 20250606 PS;SIMPLE_INSTRUMENT;EFS;EUR;65;129.58000000;435;EXCHANGE_LAST;;1;1;XEUR;11820389;688;
14.05.2025;11:25:03.463;FGBL SI 20250606 PS;SIMPLE_INSTRUMENT;EFP_FIN;EUR;66;129.59000000;801;EXCHANGE_LAST;;1;1;XEUR;11820389;688;
14.05.2025;11:38:08.756;FGBL SI 20250606 PS;SIMPLE_INSTRUMENT;EFP_FIN;EUR;67;129.59000000;400;EXCHANGE_LAST;;1;1;XEUR;11820389;688;
14.05.2025;11:38:58.294;FGBL SI 20250606 PS;SIMPLE_INSTRUMENT;EFS;EUR;68;129.57000000;218;EXCHANGE_LAST;;1;1;XEUR;11820389;688;
14.05.2025;11:39:56.956;FGBL SI 20250606 PS;SIMPLE_INSTRUMENT;EFS;EUR;69;129.58000000;436;EXCHANGE_LAST;;1;1;XEUR;11820389;688;
14.05.2025;11:40:10.534;FGBL SI 20250606 PS;SIMPLE_INSTRUMENT;EFS;EUR;70;129.56000000;218;EXCHANGE_LAST;;1;1;XEUR;11820389;688;
14.05.2025;11:43:11.196;FGBL SI 20250606 PS;SIMPLE_INSTRUMENT;EFP_FIN;EUR;71;129.59000000;280;EXCHANGE_LAST;;1;1;XEUR;11820389;688;
14.05.2025;11:45:00.004;FGBL SI 20250606 PS;SIMPLE_INSTRUMENT;EFP_FIN;EUR;72;129.60000000;839;EXCHANGE_LAST;;1;1;XEUR;11820389;688;
14.05.2025;11:46:36.009;FGBL SI 20250606 PS;SIMPLE_INSTRUMENT;EFS;EUR;73;129.60000000;297;EXCHANGE_LAST;;1;1;XEUR;11820389;688;
14.05.2025;11:53:07.393;FGBL SI 20250606 PS;SIMPLE_INSTRUMENT;EFS;EUR;74;129.55000000;218;EXCHANGE_LAST;;1;1;XEUR;11820389;688;
14.05.2025;11:53:25.413;FGBL SI 20250606 PS;SIMPLE_INSTRUMENT;EFS;EUR;75;129.56000000;218;EXCHANGE_LAST;;1;1;XEUR;11820389;688;
14.05.2025;11:56:11.436;FGBL SI 20250606 PS;SIMPLE_INSTRUMENT;EFP_FIN;EUR;76;129.57000000;250;EXCHANGE_LAST;;1;1;XEUR;11820389;688;
14.05.2025;11:56:44.021;FGBL SI 20250606 PS;SIMPLE_INSTRUMENT;EFS;EUR;77;129.54000000;347;EXCHANGE_LAST;;1;1;XEUR;11820389;688;
14.05.2025;11:58:37.037;FGBL SI 20250606 PS;SIMPLE_INSTRUMENT;EFS;EUR;78;129.58000000;218;EXCHANGE_LAST;;1;1;XEUR;11820389;688;
14.05.2025;12:13:24.521;FGBL SI 20250606 PS;SIMPLE_INSTRUMENT;EFS;EUR;79;129.55000000;436;EXCHANGE_LAST;;1;1;XEUR;11820389;688;
14.05.2025;12:19:37.645;FGBL SI 20250606 PS;SIMPLE_INSTRUMENT;EFS;EUR;80;129.56000000;436;EXCHANGE_LAST;;1;1;XEUR;11820389;688;
14.05.2025;12:21:58.704;FGBL SI 20250606 PS;SIMPLE_INSTRUMENT;EFS;EUR;81;129.54000000;99;EXCHANGE_LAST;;1;1;XEUR;11820389;688;
14.05.2025;12:21:44.150;FGBL SI 20250606 PS;SIMPLE_INSTRUMENT;EFP_FIN;EUR;82;129.55000000;344;EXCHANGE_LAST;;1;1;XEUR;11820389;688;
14.05.2025;12:22:13.564;FGBL SI 20250606 PS;SIMPLE_INSTRUMENT;EFP_FIN;EUR;83;129.55000000;299;EXCHANGE_LAST;;1;1;XEUR;11820389;688;
14.05.2025;12:30:26.294;FGBL SI 20250606 PS;SIMPLE_INSTRUMENT;EFS;EUR;84;129.54000000;436;EXCHANGE_LAST;;1;1;XEUR;11820389;688;
14.05.2025;12:30:36.304;FGBL SI 20250606 PS;SIMPLE_INSTRUMENT;EFS;EUR;85;129.54000000;436;EXCHANGE_LAST;;1;1;XEUR;11820389;688;
14.05.2025;12:31:41.212;FGBL SI 20250606 PS;SIMPLE_INSTRUMENT;EFS;EUR;86;129.54000000;436;EXCHANGE_LAST;;1;1;XEUR;11820389;688;
14.05.2025;12:39:07.769;FGBL SI 20250606 PS;SIMPLE_INSTRUMENT;EFS;EUR;87;129.54000000;221;EXCHANGE_LAST;;1;1;XEUR;11820389;688;
14.05.2025;12:39:26.825;FGBL SI 20250606 PS;SIMPLE_INSTRUMENT;EFS;EUR;88;129.55000000;436;EXCHANGE_LAST;;1;1;XEUR;11820389;688;
14.05.2025;12:42:12.222;FGBL SI 20250606 PS;SIMPLE_INSTRUMENT;EFS;EUR;89;129.54000000;218;EXCHANGE_LAST;;1;1;XEUR;11820389;688;
14.05.2025;12:48:54.814;FGBL SI 20250606 PS;SIMPLE_INSTRUMENT;EFS;EUR;90;129.50000000;488;EXCHANGE_LAST;;1;1;XEUR;11820389;688;
14.05.2025;12:53:24.696;FGBL SI 20250606 PS;SIMPLE_INSTRUMENT;EFS;EUR;91;129.50000000;488;EXCHANGE_LAST;;1;1;XEUR;11820389;688;
14.05.2025;13:01:21.953;FGBL SI 20250606 PS;SIMPLE_INSTRUMENT;EFS;EUR;92;129.47000000;250;EXCHANGE_LAST;;1;1;XEUR;11820389;688;
14.05.2025;13:02:30.154;FGBL SI 20250606 PS;SIMPLE_INSTRUMENT;BLOCK;EUR;93;129.51000000;3233;EXCHANGE_LAST;;1;1;XEUR;11820389;688;
14.05.2025;13:04:21.926;FGBL SI 20250606 PS;SIMPLE_INSTRUMENT;EFS;EUR;94;129.42000000;218;EXCHANGE_LAST;;1;1;XEUR;11820389;688;
14.05.2025;13:04:46.296;FGBL SI 20250606 PS;SIMPLE_INSTRUMENT;EFS;EUR;95;129.42000000;218;EXCHANGE_LAST;;1;1;XEUR;11820389;688;
14.05.2025;13:04:59.550;FGBL SI 20250606 PS;SIMPLE_INSTRUMENT;EFS;EUR;96;129.39000000;436;EXCHANGE_LAST;;1;1;XEUR;11820389;688;
14.05.2025;13:06:14.348;FGBL SI 20250606 PS;SIMPLE_INSTRUMENT;EFS;EUR;97;129.47000000;240;EXCHANGE_LAST;;1;1;XEUR;11820389;688;
14.05.2025;13:06:24.213;FGBL SI 20250606 PS;SIMPLE_INSTRUMENT;EFS;EUR;98;129.39000000;305;EXCHANGE_LAST;;1;1;XEUR;11820389;688;
14.05.2025;13:07:34.019;FGBL SI 20250606 PS;SIMPLE_INSTRUMENT;EFS;EUR;99;129.48000000;250;EXCHANGE_LAST;;1;1;XEUR;11820389;688;
14.05.2025;13:15:27.482;FGBL SI 20250606 PS;SIMPLE_INSTRUMENT;EFS;EUR;100;129.40000000;150;EXCHANGE_LAST;;1;1;XEUR;11820389;688;
14.05.2025;13:18:26.292;FGBL SI 20250606 PS;SIMPLE_INSTRUMENT;EFS;EUR;101;129.39000000;436;EXCHANGE_LAST;;1;1;XEUR;11820389;688;
14.05.2025;13:20:15.382;FGBL SI 20250606 PS;SIMPLE_INSTRUMENT;EFS;EUR;102;129.39000000;436;EXCHANGE_LAST;;1;1;XEUR;11820389;688;
14.05.2025;13:20:52.008;FGBL SI 20250606 PS;SIMPLE_INSTRUMENT;EFS;EUR;103;129.48000000;245;EXCHANGE_LAST;;1;1;XEUR;11820389;688;
14.05.2025;13:22:27.067;FGBL SI 20250606 PS;SIMPLE_INSTRUMENT;EFS;EUR;104;129.38000000;872;EXCHANGE_LAST;;1;1;XEUR;11820389;688;
14.05.2025;13:23:08.256;FGBL SI 20250606 PS;SIMPLE_INSTRUMENT;EFS;EUR;105;129.39000000;436;EXCHANGE_LAST;;1;1;XEUR;11820389;688;
14.05.2025;13:23:58.634;FGBL SI 20250606 PS;SIMPLE_INSTRUMENT;EFS;EUR;106;129.47000000;125;EXCHANGE_LAST;;1;1;XEUR;11820389;688;
14.05.2025;13:24:36.306;FGBL SI 20250606 PS;SIMPLE_INSTRUMENT;EFP_FIN;EUR;107;129.38000000;665;EXCHANGE_LAST;;1;1;XEUR;11820389;688;
14.05.2025;13:26:21.714;FGBL SI 20250606 PS;SIMPLE_INSTRUMENT;EFS;EUR;108;129.39000000;436;EXCHANGE_LAST;;1;1;XEUR;11820389;688;
14.05.2025;13:26:41.731;FGBL SI 20250606 PS;SIMPLE_INSTRUMENT;EFS;EUR;109;129.38000000;218;EXCHANGE_LAST;;1;1;XEUR;11820389;688;
14.05.2025;13:26:51.742;FGBL SI 20250606 PS;SIMPLE_INSTRUMENT;EFS;EUR;110;129.38000000;218;EXCHANGE_LAST;;1;1;XEUR;11820389;688;
14.05.2025;13:27:07.793;FGBL SI 20250606 PS;SIMPLE_INSTRUMENT;EFS;EUR;111;129.39000000;436;EXCHANGE_LAST;;1;1;XEUR;11820389;688;
14.05.2025;13:31:54.596;FGBL SI 20250606 PS;SIMPLE_INSTRUMENT;EFP_FIN;EUR;112;129.48000000;131;EXCHANGE_LAST;;1;1;XEUR;11820389;688;
14.05.2025;13:33:16.348;FGBL SI 20250606 PS;SIMPLE_INSTRUMENT;EFS;EUR;113;129.39000000;436;EXCHANGE_LAST;;1;1;XEUR;11820389;688;
14.05.2025;13:33:42.053;FGBL SI 20250606 PS;SIMPLE_INSTRUMENT;EFS;EUR;114;129.40000000;436;EXCHANGE_LAST;;1;1;XEUR;11820389;688;
14.05.2025;13:33:46.017;FGBL SI 20250606 PS;SIMPLE_INSTRUMENT;EFS;EUR;115;129.39000000;436;EXCHANGE_LAST;;1;1;XEUR;11820389;688;
14.05.2025;13:34:02.072;FGBL SI 20250606 PS;SIMPLE_INSTRUMENT;EFS;EUR;116;129.40000000;436;EXCHANGE_LAST;;1;1;XEUR;11820389;688;
14.05.2025;13:34:15.337;FGBL SI 20250606 PS;SIMPLE_INSTRUMENT;EFS;EUR;117;129.38000000;218;EXCHANGE_LAST;;1;1;XEUR;11820389;688;
14.05.2025;13:39:56.038;FGBL SI 20250606 PS;SIMPLE_INSTRUMENT;EFP_FIN;EUR;118;129.38000000;85;EXCHANGE_LAST;;1;1;XEUR;11820389;688;
14.05.2025;13:54:42.225;FGBL SI 20250606 PS;SIMPLE_INSTRUMENT;EFS;EUR;119;129.55000000;1982;EXCHANGE_LAST;;1;1;XEUR;11820389;688;
14.05.2025;13:56:40.011;FGBL SI 20250606 PS;SIMPLE_INSTRUMENT;EFS;EUR;120;129.49000000;436;EXCHANGE_LAST;;1;1;XEUR;11820389;688;
14.05.2025;14:00:22.297;FGBL SI 20250606 PS;SIMPLE_INSTRUMENT;EFS;EUR;121;129.49000000;436;EXCHANGE_LAST;;1;1;XEUR;11820389;688;
14.05.2025;14:03:06.997;FGBL SI 20250606 PS;SIMPLE_INSTRUMENT;EFS;EUR;122;129.49000000;349;EXCHANGE_LAST;;1;1;XEUR;11820389;688;
14.05.2025;14:06:10.327;FGBL SI 20250606 PS;SIMPLE_INSTRUMENT;EFS;EUR;123;129.47000000;371;EXCHANGE_LAST;;1;1;XEUR;11820389;688;
14.05.2025;14:15:38.030;FGBL SI 20250606 PS;SIMPLE_INSTRUMENT;BLOCK;EUR;124;129.36000000;2000;EXCHANGE_LAST;;1;1;XEUR;11820389;688;
14.05.2025;14:15:46.728;FGBL SI 20250606 PS;SIMPLE_INSTRUMENT;EFS;EUR;125;129.37000000;509;EXCHANGE_LAST;;1;1;XEUR;11820389;688;
14.05.2025;14:22:59.560;FGBL SI 20250606 PS;SIMPLE_INSTRUMENT;EFS;EUR;126;129.40000000;436;EXCHANGE_LAST;;1;1;XEUR;11820389;688;
14.05.2025;14:24:58.731;FGBL SI 20250606 PS;SIMPLE_INSTRUMENT;EFP_FIN;EUR;127;129.38000000;93;EXCHANGE_LAST;;1;1;XEUR;11820389;688;
14.05.2025;14:25:15.495;FGBL SI 20250606 PS;SIMPLE_INSTRUMENT;EFS;EUR;128;129.48000000;475;EXCHANGE_LAST;;1;1;XEUR;11820389;688;
14.05.2025;14:26:16.808;FGBL SI 20250606 PS;SIMPLE_INSTRUMENT;EFS;EUR;129;129.39000000;436;EXCHANGE_LAST;;1;1;XEUR;11820389;688;
14.05.2025;14:28:01.247;FGBL SI 20250606 PS;SIMPLE_INSTRUMENT;BLOCK;EUR;130;129.34000000;5000;EXCHANGE_LAST;;1;1;XEUR;11820389;688;
14.05.2025;14:31:13.236;FGBL SI 20250606 PS;SIMPLE_INSTRUMENT;EFS;EUR;131;129.38000000;218;EXCHANGE_LAST;;1;1;XEUR;11820389;688;
14.05.2025;14:50:26.633;FGBL SI 20250606 PS;SIMPLE_INSTRUMENT;EFS;EUR;132;129.43000000;140;EXCHANGE_LAST;;1;1;XEUR;11820389;688;
14.05.2025;14:51:02.474;FGBL SI 20250606 PS;SIMPLE_INSTRUMENT;EFS;EUR;133;129.43000000;148;EXCHANGE_LAST;;1;1;XEUR;11820389;688;
14.05.2025;14:51:36.479;FGBL SI 20250606 PS;SIMPLE_INSTRUMENT;EFS;EUR;134;129.43000000;148;EXCHANGE_LAST;;1;1;XEUR;11820389;688;
14.05.2025;15:01:08.121;FGBL SI 20250606 PS;SIMPLE_INSTRUMENT;EFS;EUR;135;129.41000000;150;EXCHANGE_LAST;;1;1;XEUR;11820389;688;
14.05.2025;15:03:07.263;FGBL SI 20250606 PS;SIMPLE_INSTRUMENT;EFS;EUR;136;129.41000000;286;EXCHANGE_LAST;;1;1;XEUR;11820389;688;
14.05.2025;15:06:46.981;FGBL SI 20250606 PS;SIMPLE_INSTRUMENT;EFS;EUR;137;129.37000000;500;EXCHANGE_LAST;;1;1;XEUR;11820389;688;
14.05.2025;15:10:29.569;FGBL SI 20250606 PS;SIMPLE_INSTRUMENT;EFS;EUR;138;129.40000000;436;EXCHANGE_LAST;;1;1;XEUR;11820389;688;
14.05.2025;15:12:05.570;FGBL SI 20250606 PS;SIMPLE_INSTRUMENT;EFS;EUR;139;129.41000000;218;EXCHANGE_LAST;;1;1;XEUR;11820389;688;
14.05.2025;15:15:59.633;FGBL SI 20250606 PS;SIMPLE_INSTRUMENT;EFS;EUR;140;129.39000000;3000;EXCHANGE_LAST;;1;1;XEUR;11820389;688;
14.05.2025;15:21:32.883;FGBL SI 20250606 PS;SIMPLE_INSTRUMENT;EFS;EUR;141;129.31000000;436;EXCHANGE_LAST;;1;1;XEUR;11820389;688;
14.05.2025;15:24:36.626;FGBL SI 20250606 PS;SIMPLE_INSTRUMENT;EFS;EUR;142;129.37000000;131;EXCHANGE_LAST;;1;1;XEUR;11820389;688;
14.05.2025;15:25:43.192;FGBL SI 20250606 PS;SIMPLE_INSTRUMENT;EFS;EUR;143;129.31000000;436;EXCHANGE_LAST;;1;1;XEUR;11820389;688;
14.05.2025;15:28:03.305;FGBL SI 20250606 PS;SIMPLE_INSTRUMENT;EFS;EUR;144;129.30000000;436;EXCHANGE_LAST;;1;1;XEUR;11820389;688;
14.05.2025;15:32:20.839;FGBL SI 20250606 PS;SIMPLE_INSTRUMENT;EFS;EUR;145;129.29000000;87;EXCHANGE_LAST;;1;1;XEUR;11820389;688;
14.05.2025;15:41:26.824;FGBL SI 20250606 PS;SIMPLE_INSTRUMENT;EFP_FIN;EUR;146;129.38000000;210;EXCHANGE_LAST;;1;1;XEUR;11820389;688;
14.05.2025;15:52:41.684;FGBL SI 20250606 PS;SIMPLE_INSTRUMENT;EFP_FIN;EUR;147;129.30000000;479;EXCHANGE_LAST;;1;1;XEUR;11820389;688;
14.05.2025;15:54:25.421;FGBL SI 20250606 PS;SIMPLE_INSTRUMENT;EFS;EUR;148;129.21000000;436;EXCHANGE_LAST;;1;1;XEUR;11820389;688;
14.05.2025;15:55:25.468;FGBL SI 20250606 PS;SIMPLE_INSTRUMENT;EFS;EUR;149;129.21000000;436;EXCHANGE_LAST;;1;1;XEUR;11820389;688;
14.05.2025;16:09:21.122;FGBL SI 20250606 PS;SIMPLE_INSTRUMENT;EFS;EUR;150;129.22000000;436;EXCHANGE_LAST;;1;1;XEUR;11820389;688;
14.05.2025;16:18:37.622;FGBL SI 20250606 PS;SIMPLE_INSTRUMENT;EFS;EUR;151;129.18000000;305;EXCHANGE_LAST;;1;1;XEUR;11820389;688;
14.05.2025;16:25:02.912;FGBL SI 20250606 PS;SIMPLE_INSTRUMENT;EFS;EUR;152;129.19000000;436;EXCHANGE_LAST;;1;1;XEUR;11820389;688;
14.05.2025;09:21:43.144;FGBL SI 20250606 PS;SIMPLE_INSTRUMENT;VOLA;EUR;268435490;129.50000000;158;EXCHANGE_LAST;;1;1;XEUR;11820389;688;
14.05.2025;09:28:40.255;FGBL SI 20250606 PS;SIMPLE_INSTRUMENT;VOLA;EUR;268435492;129.47000000;336;EXCHANGE_LAST;;1;1;XEUR;11820389;688;
14.05.2025;10:10:53.215;FGBL SI 20250606 PS;SIMPLE_INSTRUMENT;VOLA;EUR;268435501;129.64000000;190;EXCHANGE_LAST;;1;1;XEUR;11820389;688;
14.05.2025;10:11:25.132;FGBL SI 20250606 PS;SIMPLE_INSTRUMENT;VOLA;EUR;268435502;129.64000000;190;EXCHANGE_LAST;;1;1;XEUR;11820389;688;
14.05.2025;10:25:41.922;FGBL SI 20250606 PS;SIMPLE_INSTRUMENT;VOLA;EUR;268435509;129.61000000;180;EXCHANGE_LAST;;1;1;XEUR;11820389;688;
14.05.2025;10:26:05.034;FGBL SI 20250606 PS;SIMPLE_INSTRUMENT;VOLA;EUR;268435510;129.61000000;180;EXCHANGE_LAST;;1;1;XEUR;11820389;688;
14.05.2025;10:35:57.862;FGBL SI 20250606 PS;SIMPLE_INSTRUMENT;VOLA;EUR;268435515;129.63000000;30;EXCHANGE_LAST;;1;1;XEUR;11820389;688;
14.05.2025;11:15:53.628;FGBL SI 20250606 PS;SIMPLE_INSTRUMENT;VOLA;EUR;268435524;129.42000000;129;EXCHANGE_LAST;;1;1;XEUR;11820389;688;
14.05.2025;13:37:43.987;FGBL SI 20250606 PS;SIMPLE_INSTRUMENT;VOLA;EUR;268435556;129.36000000;10;EXCHANGE_LAST;;1;1;XEUR;11820389;688;
14.05.2025;13:42:41.990;FGBL SI 20250606 PS;SIMPLE_INSTRUMENT;VOLA;EUR;268435568;129.47000000;110;EXCHANGE_LAST;;1;1;XEUR;11820389;688;
14.05.2025;14:10:51.572;FGBL SI 20250606 PS;SIMPLE_INSTRUMENT;VOLA;EUR;268435572;129.43000000;120;EXCHANGE_LAST;;1;1;XEUR;11820389;688;
14.05.2025;15:48:59.791;FGBL SI 20250606 PS;SIMPLE_INSTRUMENT;VOLA;EUR;268435597;129.25000000;81;EXCHANGE_LAST;;1;1;XEUR;11820389;688;
14.05.2025;15:58:22.912;FGBL SI 20250606 PS;SIMPLE_INSTRUMENT;VOLA;EUR;268435604;129.12000000;8;EXCHANGE_LAST;;1;1;XEUR;11820389;688;
14.05.2025;07:17:59.699;FGBM SI 20250606 PS;SIMPLE_INSTRUMENT;EFS;EUR;1;118.15000000;1862;EXCHANGE_LAST;;1;1;XEUR;11820390;689;
14.05.2025;07:34:30.011;FGBM SI 20250606 PS;SIMPLE_INSTRUMENT;EFS;EUR;2;118.22000000;372;EXCHANGE_LAST;;1;1;XEUR;11820390;689;
14.05.2025;07:56:19.465;FGBM SI 20250606 PS;SIMPLE_INSTRUMENT;EFS;EUR;3;118.19000000;1861;EXCHANGE_LAST;;1;1;XEUR;11820390;689;
14.05.2025;08:18:57.247;FGBM SI 20250606 PS;SIMPLE_INSTRUMENT;EFS;EUR;4;118.21000000;865;EXCHANGE_LAST;;1;1;XEUR;11820390;689;
14.05.2025;08:27:30.314;FGBM SI 20250606 PS;SIMPLE_INSTRUMENT;EFP_FIN;EUR;5;118.21000000;1837;EXCHANGE_LAST;;1;1;XEUR;11820390;689;
14.05.2025;08:34:46.616;FGBM SI 20250606 PS;SIMPLE_INSTRUMENT;EFP_FIN;EUR;6;118.20000000;483;EXCHANGE_LAST;;1;1;XEUR;11820390;689;
14.05.2025;08:39:10.163;FGBM SI 20250606 PS;SIMPLE_INSTRUMENT;EFS;EUR;7;118.23000000;8644;EXCHANGE_LAST;;1;1;XEUR;11820390;689;
14.05.2025;08:39:28.415;FGBM SI 20250606 PS;SIMPLE_INSTRUMENT;EFS;EUR;8;118.23000000;8644;EXCHANGE_LAST;;1;1;XEUR;11820390;689;
14.05.2025;08:40:47.635;FGBM SI 20250606 PS;SIMPLE_INSTRUMENT;EFP_FIN;EUR;9;118.21000000;171;EXCHANGE_LAST;;1;1;XEUR;11820390;689;
14.05.2025;08:42:02.554;FGBM SI 20250606 PS;SIMPLE_INSTRUMENT;EFP_FIN;EUR;10;118.21000000;84;EXCHANGE_LAST;;1;1;XEUR;11820390;689;
14.05.2025;08:49:20.367;FGBM SI 20250606 PS;SIMPLE_INSTRUMENT;EFS;EUR;11;118.23000000;828;EXCHANGE_LAST;;1;1;XEUR;11820390;689;
14.05.2025;09:02:44.097;FGBM SI 20250606 PS;SIMPLE_INSTRUMENT;EFP_FIN;EUR;12;118.23000000;380;EXCHANGE_LAST;;1;1;XEUR;11820390;689;
14.05.2025;09:15:44.962;FGBM SI 20250606 PS;SIMPLE_INSTRUMENT;EFS;EUR;13;118.24000000;372;EXCHANGE_LAST;;1;1;XEUR;11820390;689;
14.05.2025;09:21:16.290;FGBM SI 20250606 PS;SIMPLE_INSTRUMENT;EFS;EUR;14;118.26000000;2790;EXCHANGE_LAST;;1;1;XEUR;11820390;689;
14.05.2025;09:24:20.720;FGBM SI 20250606 PS;SIMPLE_INSTRUMENT;EFP_FIN;EUR;15;118.21000000;147;EXCHANGE_LAST;;1;1;XEUR;11820390;689;
14.05.2025;09:31:03.899;FGBM SI 20250606 PS;SIMPLE_INSTRUMENT;EFS;EUR;16;118.28000000;432;EXCHANGE_LAST;;1;1;XEUR;11820390;689;
14.05.2025;09:40:06.798;FGBM SI 20250606 PS;SIMPLE_INSTRUMENT;EFS;EUR;17;118.26000000;432;EXCHANGE_LAST;;1;1;XEUR;11820390;689;
14.05.2025;09:42:57.260;FGBM SI 20250606 PS;SIMPLE_INSTRUMENT;EFS;EUR;18;118.27000000;864;EXCHANGE_LAST;;1;1;XEUR;11820390;689;
14.05.2025;10:03:11.078;FGBM SI 20250606 PS;SIMPLE_INSTRUMENT;EFS;EUR;19;118.21000000;726;EXCHANGE_LAST;;1;1;XEUR;11820390;689;
14.05.2025;10:23:48.586;FGBM SI 20250606 PS;SIMPLE_INSTRUMENT;EFS;EUR;20;118.31000000;864;EXCHANGE_LAST;;1;1;XEUR;11820390;689;
14.05.2025;10:27:35.329;FGBM SI 20250606 PS;SIMPLE_INSTRUMENT;EFP_FIN;EUR;21;118.32000000;165;EXCHANGE_LAST;;1;1;XEUR;11820390;689;
14.05.2025;10:29:04.860;FGBM SI 20250606 PS;SIMPLE_INSTRUMENT;EFP_FIN;EUR;22;118.32000000;758;EXCHANGE_LAST;;1;1;XEUR;11820390;689;
14.05.2025;10:32:59.110;FGBM SI 20250606 PS;SIMPLE_INSTRUMENT;EFS;EUR;23;118.30000000;865;EXCHANGE_LAST;;1;1;XEUR;11820390;689;
14.05.2025;10:37:26.013;FGBM SI 20250606 PS;SIMPLE_INSTRUMENT;EFP_FIN;EUR;24;118.32000000;681;EXCHANGE_LAST;;1;1;XEUR;11820390;689;
14.05.2025;10:40:15.484;FGBM SI 20250606 PS;SIMPLE_INSTRUMENT;EFS;EUR;25;118.30000000;972;EXCHANGE_LAST;;1;1;XEUR;11820390;689;
14.05.2025;10:40:49.359;FGBM SI 20250606 PS;SIMPLE_INSTRUMENT;EFP_FIN;EUR;26;118.31000000;674;EXCHANGE_LAST;;1;1;XEUR;11820390;689;
14.05.2025;10:43:16.187;FGBM SI 20250606 PS;SIMPLE_INSTRUMENT;EFS;EUR;27;118.30000000;1840;EXCHANGE_LAST;;1;1;XEUR;11820390;689;
14.05.2025;10:56:38.945;FGBM SI 20250606 PS;SIMPLE_INSTRUMENT;EFP_FIN;EUR;28;118.30000000;511;EXCHANGE_LAST;;1;1;XEUR;11820390;689;
14.05.2025;11:09:10.785;FGBM SI 20250606 PS;SIMPLE_INSTRUMENT;EFP_FIN;EUR;29;118.32000000;165;EXCHANGE_LAST;;1;1;XEUR;11820390;689;
14.05.2025;11:40:54.617;FGBM SI 20250606 PS;SIMPLE_INSTRUMENT;EFS;EUR;30;118.28000000;864;EXCHANGE_LAST;;1;1;XEUR;11820390;689;
14.05.2025;11:44:37.162;FGBM SI 20250606 PS;SIMPLE_INSTRUMENT;EFS;EUR;31;118.28000000;432;EXCHANGE_LAST;;1;1;XEUR;11820390;689;
14.05.2025;11:44:47.171;FGBM SI 20250606 PS;SIMPLE_INSTRUMENT;EFS;EUR;32;118.28000000;432;EXCHANGE_LAST;;1;1;XEUR;11820390;689;
14.05.2025;11:45:22.204;FGBM SI 20250606 PS;SIMPLE_INSTRUMENT;EFS;EUR;33;118.28000000;865;EXCHANGE_LAST;;1;1;XEUR;11820390;689;
14.05.2025;11:46:53.104;FGBM SI 20250606 PS;SIMPLE_INSTRUMENT;EFS;EUR;34;118.30000000;398;EXCHANGE_LAST;;1;1;XEUR;11820390;689;
14.05.2025;11:57:33.819;FGBM SI 20250606 PS;SIMPLE_INSTRUMENT;EFS;EUR;35;118.27000000;865;EXCHANGE_LAST;;1;1;XEUR;11820390;689;
14.05.2025;11:58:27.862;FGBM SI 20250606 PS;SIMPLE_INSTRUMENT;EFS;EUR;36;118.26000000;865;EXCHANGE_LAST;;1;1;XEUR;11820390;689;
14.05.2025;11:58:49.940;FGBM SI 20250606 PS;SIMPLE_INSTRUMENT;EFS;EUR;37;118.28000000;416;EXCHANGE_LAST;;1;1;XEUR;11820390;689;
14.05.2025;12:10:26.857;FGBM SI 20250606 PS;SIMPLE_INSTRUMENT;EFS;EUR;38;118.26000000;432;EXCHANGE_LAST;;1;1;XEUR;11820390;689;
14.05.2025;12:11:39.701;FGBM SI 20250606 PS;SIMPLE_INSTRUMENT;EFS;EUR;39;118.26000000;864;EXCHANGE_LAST;;1;1;XEUR;11820390;689;
14.05.2025;12:13:12.162;FGBM SI 20250606 PS;SIMPLE_INSTRUMENT;EFS;EUR;40;118.27000000;864;EXCHANGE_LAST;;1;1;XEUR;11820390;689;
14.05.2025;12:13:30.837;FGBM SI 20250606 PS;SIMPLE_INSTRUMENT;EFP_FIN;EUR;41;118.30000000;852;EXCHANGE_LAST;;1;1;XEUR;11820390;689;
14.05.2025;12:13:41.192;FGBM SI 20250606 PS;SIMPLE_INSTRUMENT;EFP_FIN;EUR;42;118.25000000;383;EXCHANGE_LAST;;1;1;XEUR;11820390;689;
14.05.2025;12:13:54.290;FGBM SI 20250606 PS;SIMPLE_INSTRUMENT;EFS;EUR;43;118.27000000;864;EXCHANGE_LAST;;1;1;XEUR;11820390;689;
14.05.2025;12:15:10.437;FGBM SI 20250606 PS;SIMPLE_INSTRUMENT;EFS;EUR;44;118.28000000;432;EXCHANGE_LAST;;1;1;XEUR;11820390;689;
14.05.2025;12:30:31.651;FGBM SI 20250606 PS;SIMPLE_INSTRUMENT;EFP_FIN;EUR;45;118.28000000;91;EXCHANGE_LAST;;1;1;XEUR;11820390;689;
14.05.2025;12:35:43.543;FGBM SI 20250606 PS;SIMPLE_INSTRUMENT;EFP_FIN;EUR;46;118.27000000;1602;EXCHANGE_LAST;;1;1;XEUR;11820390;689;
14.05.2025;12:43:36.281;FGBM SI 20250606 PS;SIMPLE_INSTRUMENT;EFP_FIN;EUR;47;118.28000000;655;EXCHANGE_LAST;;1;1;XEUR;11820390;689;
14.05.2025;12:46:18.283;FGBM SI 20250606 PS;SIMPLE_INSTRUMENT;EFS;EUR;48;118.27000000;865;EXCHANGE_LAST;;1;1;XEUR;11820390;689;
14.05.2025;13:08:22.659;FGBM SI 20250606 PS;SIMPLE_INSTRUMENT;EFP_FIN;EUR;49;118.27000000;298;EXCHANGE_LAST;;1;1;XEUR;11820390;689;
14.05.2025;12:48:58.461;FGBM SI 20250606 PS;SIMPLE_INSTRUMENT;EFS;EUR;50;118.27000000;865;EXCHANGE_LAST;;1;1;XEUR;11820390;689;
14.05.2025;12:49:03.468;FGBM SI 20250606 PS;SIMPLE_INSTRUMENT;EFS;EUR;51;118.25000000;865;EXCHANGE_LAST;;1;1;XEUR;11820390;689;
14.05.2025;12:49:48.614;FGBM SI 20250606 PS;SIMPLE_INSTRUMENT;EFS;EUR;53;118.25000000;865;EXCHANGE_LAST;;1;1;XEUR;11820390;689;
14.05.2025;12:52:22.781;FGBM SI 20250606 PS;SIMPLE_INSTRUMENT;EFS;EUR;55;118.25000000;865;EXCHANGE_LAST;;1;1;XEUR;11820390;689;
14.05.2025;13:08:13.116;FGBM SI 20250606 PS;SIMPLE_INSTRUMENT;EFP_FIN;EUR;56;118.27000000;554;EXCHANGE_LAST;;1;1;XEUR;11820390;689;
14.05.2025;12:54:45.367;FGBM SI 20250606 PS;SIMPLE_INSTRUMENT;EFP_FIN;EUR;57;118.28000000;213;EXCHANGE_LAST;;1;1;XEUR;11820390;689;
14.05.2025;13:00:29.109;FGBM SI 20250606 PS;SIMPLE_INSTRUMENT;EFP_FIN;EUR;58;118.24000000;852;EXCHANGE_LAST;;1;1;XEUR;11820390;689;
14.05.2025;13:03:24.820;FGBM SI 20250606 PS;SIMPLE_INSTRUMENT;EFP_FIN;EUR;59;118.27000000;417;EXCHANGE_LAST;;1;1;XEUR;11820390;689;
14.05.2025;13:05:19.574;FGBM SI 20250606 PS;SIMPLE_INSTRUMENT;EFS;EUR;60;118.22000000;865;EXCHANGE_LAST;;1;1;XEUR;11820390;689;
14.05.2025;13:05:24.580;FGBM SI 20250606 PS;SIMPLE_INSTRUMENT;EFS;EUR;61;118.22000000;865;EXCHANGE_LAST;;1;1;XEUR;11820390;689;
14.05.2025;13:05:27.371;FGBM SI 20250606 PS;SIMPLE_INSTRUMENT;EFS;EUR;62;118.23000000;432;EXCHANGE_LAST;;1;1;XEUR;11820390;689;
14.05.2025;13:07:04.653;FGBM SI 20250606 PS;SIMPLE_INSTRUMENT;EFS;EUR;63;118.22000000;865;EXCHANGE_LAST;;1;1;XEUR;11820390;689;
14.05.2025;13:08:59.743;FGBM SI 20250606 PS;SIMPLE_INSTRUMENT;EFS;EUR;64;118.27000000;865;EXCHANGE_LAST;;1;1;XEUR;11820390;689;
14.05.2025;13:09:44.787;FGBM SI 20250606 PS;SIMPLE_INSTRUMENT;EFS;EUR;65;118.22000000;433;EXCHANGE_LAST;;1;1;XEUR;11820390;689;
14.05.2025;13:10:04.804;FGBM SI 20250606 PS;SIMPLE_INSTRUMENT;EFS;EUR;66;118.22000000;433;EXCHANGE_LAST;;1;1;XEUR;11820390;689;
14.05.2025;13:13:31.304;FGBM SI 20250606 PS;SIMPLE_INSTRUMENT;EFP_FIN;EUR;67;118.23000000;409;EXCHANGE_LAST;;1;1;XEUR;11820390;689;
14.05.2025;13:14:57.162;FGBM SI 20250606 PS;SIMPLE_INSTRUMENT;EFS;EUR;68;118.21000000;580;EXCHANGE_LAST;;1;1;XEUR;11820390;689;
14.05.2025;13:17:35.219;FGBM SI 20250606 PS;SIMPLE_INSTRUMENT;EFS;EUR;69;118.21000000;865;EXCHANGE_LAST;;1;1;XEUR;11820390;689;
14.05.2025;13:17:40.146;FGBM SI 20250606 PS;SIMPLE_INSTRUMENT;EFP_FIN;EUR;70;118.25000000;688;EXCHANGE_LAST;;1;1;XEUR;11820390;689;
14.05.2025;13:18:17.524;FGBM SI 20250606 PS;SIMPLE_INSTRUMENT;EFP_FIN;EUR;71;118.26000000;515;EXCHANGE_LAST;;1;1;XEUR;11820390;689;
14.05.2025;13:19:05.307;FGBM SI 20250606 PS;SIMPLE_INSTRUMENT;EFS;EUR;72;118.21000000;865;EXCHANGE_LAST;;1;1;XEUR;11820390;689;
14.05.2025;13:20:05.974;FGBM SI 20250606 PS;SIMPLE_INSTRUMENT;EFS;EUR;73;118.22000000;4225;EXCHANGE_LAST;;1;1;XEUR;11820390;689;
14.05.2025;13:20:55.575;FGBM SI 20250606 PS;SIMPLE_INSTRUMENT;EFS;EUR;74;118.22000000;186;EXCHANGE_LAST;;1;1;XEUR;11820390;689;
14.05.2025;13:24:07.347;FGBM SI 20250606 PS;SIMPLE_INSTRUMENT;EFS;EUR;75;118.22000000;865;EXCHANGE_LAST;;1;1;XEUR;11820390;689;
14.05.2025;13:24:26.458;FGBM SI 20250606 PS;SIMPLE_INSTRUMENT;EFS;EUR;76;118.22000000;149;EXCHANGE_LAST;;1;1;XEUR;11820390;689;
14.05.2025;13:27:21.770;FGBM SI 20250606 PS;SIMPLE_INSTRUMENT;EFS;EUR;77;118.22000000;1298;EXCHANGE_LAST;;1;1;XEUR;11820390;689;
14.05.2025;13:27:46.792;FGBM SI 20250606 PS;SIMPLE_INSTRUMENT;EFS;EUR;78;118.22000000;433;EXCHANGE_LAST;;1;1;XEUR;11820390;689;
14.05.2025;13:29:24.652;FGBM SI 20250606 PS;SIMPLE_INSTRUMENT;EFP_FIN;EUR;79;118.22000000;847;EXCHANGE_LAST;;1;1;XEUR;11820390;689;
14.05.2025;13:30:20.866;FGBM SI 20250606 PS;SIMPLE_INSTRUMENT;EFS;EUR;80;118.21000000;3057;EXCHANGE_LAST;;1;1;XEUR;11820390;689;
14.05.2025;13:40:06.595;FGBM SI 20250606 PS;SIMPLE_INSTRUMENT;EFP_FIN;EUR;81;118.22000000;942;EXCHANGE_LAST;;1;1;XEUR;11820390;689;
14.05.2025;13:48:52.693;FGBM SI 20250606 PS;SIMPLE_INSTRUMENT;EFS;EUR;82;118.21000000;865;EXCHANGE_LAST;;1;1;XEUR;11820390;689;
14.05.2025;13:53:38.768;FGBM SI 20250606 PS;SIMPLE_INSTRUMENT;EFS;EUR;83;118.26000000;1860;EXCHANGE_LAST;;1;1;XEUR;11820390;689;
14.05.2025;13:57:53.368;FGBM SI 20250606 PS;SIMPLE_INSTRUMENT;EFP_FIN;EUR;84;118.22000000;82;EXCHANGE_LAST;;1;1;XEUR;11820390;689;
14.05.2025;14:03:20.357;FGBM SI 20250606 PS;SIMPLE_INSTRUMENT;EFS;EUR;85;118.25000000;865;EXCHANGE_LAST;;1;1;XEUR;11820390;689;
14.05.2025;14:05:18.551;FGBM SI 20250606 PS;SIMPLE_INSTRUMENT;EFS;EUR;86;118.26000000;696;EXCHANGE_LAST;;1;1;XEUR;11820390;689;
14.05.2025;14:05:30.497;FGBM SI 20250606 PS;SIMPLE_INSTRUMENT;EFS;EUR;87;118.24000000;865;EXCHANGE_LAST;;1;1;XEUR;11820390;689;
14.05.2025;14:15:55.217;FGBM SI 20250606 PS;SIMPLE_INSTRUMENT;BLOCK;EUR;88;118.20000000;4000;EXCHANGE_LAST;;1;1;XEUR;11820390;689;
14.05.2025;14:19:50.279;FGBM SI 20250606 PS;SIMPLE_INSTRUMENT;EFS;EUR;89;118.21000000;434;EXCHANGE_LAST;;1;1;XEUR;11820390;689;
14.05.2025;14:21:02.471;FGBM SI 20250606 PS;SIMPLE_INSTRUMENT;EFP_FIN;EUR;90;118.22000000;341;EXCHANGE_LAST;;1;1;XEUR;11820390;689;
14.05.2025;14:21:22.393;FGBM SI 20250606 PS;SIMPLE_INSTRUMENT;EFP_FIN;EUR;91;118.24000000;528;EXCHANGE_LAST;;1;1;XEUR;11820390;689;
14.05.2025;14:22:22.840;FGBM SI 20250606 PS;SIMPLE_INSTRUMENT;EFP_FIN;EUR;92;118.22000000;330;EXCHANGE_LAST;;1;1;XEUR;11820390;689;
14.05.2025;14:25:30.531;FGBM SI 20250606 PS;SIMPLE_INSTRUMENT;EFP_FIN;EUR;93;118.22000000;639;EXCHANGE_LAST;;1;1;XEUR;11820390;689;
14.05.2025;14:35:33.234;FGBM SI 20250606 PS;SIMPLE_INSTRUMENT;EFS;EUR;94;118.22000000;465;EXCHANGE_LAST;;1;1;XEUR;11820390;689;
14.05.2025;14:56:42.799;FGBM SI 20250606 PS;SIMPLE_INSTRUMENT;EFP_FIN;EUR;95;118.22000000;970;EXCHANGE_LAST;;1;1;XEUR;11820390;689;
14.05.2025;14:59:12.644;FGBM SI 20250606 PS;SIMPLE_INSTRUMENT;EFS;EUR;96;118.23000000;432;EXCHANGE_LAST;;1;1;XEUR;11820390;689;
14.05.2025;14:59:54.879;FGBM SI 20250606 PS;SIMPLE_INSTRUMENT;EFS;EUR;97;118.23000000;432;EXCHANGE_LAST;;1;1;XEUR;11820390;689;
14.05.2025;15:05:36.533;FGBM SI 20250606 PS;SIMPLE_INSTRUMENT;EFP_FIN;EUR;98;118.22000000;1450;EXCHANGE_LAST;;1;1;XEUR;11820390;689;
14.05.2025;15:14:02.163;FGBM SI 20250606 PS;SIMPLE_INSTRUMENT;EFS;EUR;99;118.20000000;432;EXCHANGE_LAST;;1;1;XEUR;11820390;689;
14.05.2025;15:16:34.285;FGBM SI 20250606 PS;SIMPLE_INSTRUMENT;EFS;EUR;101;118.20000000;432;EXCHANGE_LAST;;1;1;XEUR;11820390;689;
14.05.2025;15:17:42.556;FGBM SI 20250606 PS;SIMPLE_INSTRUMENT;EFS;EUR;103;118.21000000;600;EXCHANGE_LAST;;1;1;XEUR;11820390;689;
14.05.2025;15:20:22.674;FGBM SI 20250606 PS;SIMPLE_INSTRUMENT;EFP_FIN;EUR;104;118.16000000;213;EXCHANGE_LAST;;1;1;XEUR;11820390;689;
14.05.2025;15:20:04.886;FGBM SI 20250606 PS;SIMPLE_INSTRUMENT;EFS;EUR;105;118.21000000;432;EXCHANGE_LAST;;1;1;XEUR;11820390;689;
14.05.2025;15:21:12.474;FGBM SI 20250606 PS;SIMPLE_INSTRUMENT;EFS;EUR;106;118.21000000;432;EXCHANGE_LAST;;1;1;XEUR;11820390;689;
14.05.2025;15:25:57.613;FGBM SI 20250606 PS;SIMPLE_INSTRUMENT;EFS;EUR;107;118.18000000;432;EXCHANGE_LAST;;1;1;XEUR;11820390;689;
14.05.2025;15:36:53.482;FGBM SI 20250606 PS;SIMPLE_INSTRUMENT;EFS;EUR;108;118.13000000;433;EXCHANGE_LAST;;1;1;XEUR;11820390;689;
14.05.2025;15:43:18.047;FGBM SI 20250606 PS;SIMPLE_INSTRUMENT;EFS;EUR;109;118.11000000;433;EXCHANGE_LAST;;1;1;XEUR;11820390;689;
14.05.2025;15:57:55.334;FGBM SI 20250606 PS;SIMPLE_INSTRUMENT;EFS;EUR;110;118.09000000;1082;EXCHANGE_LAST;;1;1;XEUR;11820390;689;
14.05.2025;16:06:44.774;FGBM SI 20250606 PS;SIMPLE_INSTRUMENT;EFS;EUR;111;118.10000000;812;EXCHANGE_LAST;;1;1;XEUR;11820390;689;
14.05.2025;10:24:43.344;FGBM SI 20250606 PS;SIMPLE_INSTRUMENT;VOLA;EUR;268435508;118.31000000;180;EXCHANGE_LAST;;1;1;XEUR;11820390;689;
14.05.2025;13:29:59.810;FGBM SI 20250606 PS;SIMPLE_INSTRUMENT;VOLA;EUR;268435550;118.23000000;480;EXCHANGE_LAST;;1;1;XEUR;11820390;689;
14.05.2025;13:40:29.968;FGBM SI 20250606 PS;SIMPLE_INSTRUMENT;VOLA;EUR;268435561;118.23000000;370;EXCHANGE_LAST;;1;1;XEUR;11820390;689;
14.05.2025;07:11:47.321;FGBS SI 20250606 PS;SIMPLE_INSTRUMENT;EFS;EUR;1;107.12500000;408;EXCHANGE_LAST;;1;1;XEUR;11820391;690;
14.05.2025;07:15:47.292;FGBS SI 20250606 PS;SIMPLE_INSTRUMENT;EFS;EUR;2;107.09500000;956;EXCHANGE_LAST;;1;1;XEUR;11820391;690;
14.05.2025;07:43:27.982;FGBS SI 20250606 PS;SIMPLE_INSTRUMENT;EFS;EUR;3;107.10000000;4859;EXCHANGE_LAST;;1;1;XEUR;11820391;690;
14.05.2025;07:49:10.613;FGBS SI 20250606 PS;SIMPLE_INSTRUMENT;EFS;EUR;4;107.10000000;2733;EXCHANGE_LAST;;1;1;XEUR;11820391;690;
14.05.2025;07:49:54.060;FGBS SI 20250606 PS;SIMPLE_INSTRUMENT;EFS;EUR;5;107.09500000;2734;EXCHANGE_LAST;;1;1;XEUR;11820391;690;
14.05.2025;08:07:34.012;FGBS SI 20250606 PS;SIMPLE_INSTRUMENT;EFP_FIN;EUR;6;107.10000000;263;EXCHANGE_LAST;;1;1;XEUR;11820391;690;
14.05.2025;07:58:46.598;FGBS SI 20250606 PS;SIMPLE_INSTRUMENT;EFP_FIN;EUR;7;107.09000000;1079;EXCHANGE_LAST;;1;1;XEUR;11820391;690;
14.05.2025;08:00:06.527;FGBS SI 20250606 PS;SIMPLE_INSTRUMENT;EFS;EUR;9;107.09500000;800;EXCHANGE_LAST;;1;1;XEUR;11820391;690;
14.05.2025;08:18:07.056;FGBS SI 20250606 PS;SIMPLE_INSTRUMENT;EFS;EUR;10;107.10000000;2460;EXCHANGE_LAST;;1;1;XEUR;11820391;690;
14.05.2025;08:49:58.563;FGBS SI 20250606 PS;SIMPLE_INSTRUMENT;EFP_FIN;EUR;11;107.10000000;638;EXCHANGE_LAST;;1;1;XEUR;11820391;690;
14.05.2025;09:09:20.599;FGBS SI 20250606 PS;SIMPLE_INSTRUMENT;EFP_FIN;EUR;12;107.11000000;99;EXCHANGE_LAST;;1;1;XEUR;11820391;690;
14.05.2025;09:09:38.000;FGBS SI 20250606 PS;SIMPLE_INSTRUMENT;EFP_FIN;EUR;13;107.11000000;352;EXCHANGE_LAST;;1;1;XEUR;11820391;690;
14.05.2025;09:09:59.995;FGBS SI 20250606 PS;SIMPLE_INSTRUMENT;EFP_FIN;EUR;14;107.11000000;604;EXCHANGE_LAST;;1;1;XEUR;11820391;690;
14.05.2025;09:10:18.311;FGBS SI 20250606 PS;SIMPLE_INSTRUMENT;EFP_FIN;EUR;15;107.11000000;604;EXCHANGE_LAST;;1;1;XEUR;11820391;690;
14.05.2025;09:14:28.852;FGBS SI 20250606 PS;SIMPLE_INSTRUMENT;EFP_FIN;EUR;16;107.10000000;1584;EXCHANGE_LAST;;1;1;XEUR;11820391;690;
14.05.2025;09:28:53.586;FGBS SI 20250606 PS;SIMPLE_INSTRUMENT;EFS;EUR;17;107.12000000;1000;EXCHANGE_LAST;;1;1;XEUR;11820391;690;
14.05.2025;09:29:40.954;FGBS SI 20250606 PS;SIMPLE_INSTRUMENT;EFS;EUR;18;107.12000000;1000;EXCHANGE_LAST;;1;1;XEUR;11820391;690;
14.05.2025;09:32:37.617;FGBS SI 20250606 PS;SIMPLE_INSTRUMENT;EFP_FIN;EUR;19;107.12000000;1207;EXCHANGE_LAST;;1;1;XEUR;11820391;690;
14.05.2025;09:42:43.376;FGBS SI 20250606 PS;SIMPLE_INSTRUMENT;EFP_FIN;EUR;20;107.13000000;1877;EXCHANGE_LAST;;1;1;XEUR;11820391;690;
14.05.2025;09:45:06.940;FGBS SI 20250606 PS;SIMPLE_INSTRUMENT;EFP_FIN;EUR;21;107.13000000;603;EXCHANGE_LAST;;1;1;XEUR;11820391;690;
14.05.2025;09:57:54.979;FGBS SI 20250606 PS;SIMPLE_INSTRUMENT;EFP_FIN;EUR;22;107.13000000;2283;EXCHANGE_LAST;;1;1;XEUR;11820391;690;
14.05.2025;09:59:54.447;FGBS SI 20250606 PS;SIMPLE_INSTRUMENT;EFP_FIN;EUR;23;107.11000000;938;EXCHANGE_LAST;;1;1;XEUR;11820391;690;
14.05.2025;10:01:42.668;FGBS SI 20250606 PS;SIMPLE_INSTRUMENT;EFP_FIN;EUR;24;107.13000000;704;EXCHANGE_LAST;;1;1;XEUR;11820391;690;
14.05.2025;10:02:41.152;FGBS SI 20250606 PS;SIMPLE_INSTRUMENT;EFP_FIN;EUR;25;107.13000000;282;EXCHANGE_LAST;;1;1;XEUR;11820391;690;
14.05.2025;10:04:45.885;FGBS SI 20250606 PS;SIMPLE_INSTRUMENT;EFP_FIN;EUR;26;107.14000000;222;EXCHANGE_LAST;;1;1;XEUR;11820391;690;
14.05.2025;10:08:01.124;FGBS SI 20250606 PS;SIMPLE_INSTRUMENT;EFP_FIN;EUR;27;107.08000000;264;EXCHANGE_LAST;;1;1;XEUR;11820391;690;
14.05.2025;10:39:25.714;FGBS SI 20250606 PS;SIMPLE_INSTRUMENT;EFS;EUR;28;107.14000000;1435;EXCHANGE_LAST;;1;1;XEUR;11820391;690;
14.05.2025;10:46:17.830;FGBS SI 20250606 PS;SIMPLE_INSTRUMENT;EFS;EUR;29;107.14000000;1272;EXCHANGE_LAST;;1;1;XEUR;11820391;690;
14.05.2025;11:21:31.507;FGBS SI 20250606 PS;SIMPLE_INSTRUMENT;EFP_FIN;EUR;31;107.14000000;2304;EXCHANGE_LAST;;1;1;XEUR;11820391;690;
14.05.2025;11:47:26.012;FGBS SI 20250606 PS;SIMPLE_INSTRUMENT;EFS;EUR;33;107.14500000;1639;EXCHANGE_LAST;;1;1;XEUR;11820391;690;
14.05.2025;12:23:47.507;FGBS SI 20250606 PS;SIMPLE_INSTRUMENT;EFP_FIN;EUR;34;107.14000000;469;EXCHANGE_LAST;;1;1;XEUR;11820391;690;
14.05.2025;12:38:06.339;FGBS SI 20250606 PS;SIMPLE_INSTRUMENT;EFP_FIN;EUR;35;107.14000000;1315;EXCHANGE_LAST;;1;1;XEUR;11820391;690;
14.05.2025;12:46:21.124;FGBS SI 20250606 PS;SIMPLE_INSTRUMENT;EFP_FIN;EUR;36;107.14000000;1231;EXCHANGE_LAST;;1;1;XEUR;11820391;690;
14.05.2025;12:59:15.128;FGBS SI 20250606 PS;SIMPLE_INSTRUMENT;EFS;EUR;37;107.13500000;4482;EXCHANGE_LAST;;1;1;XEUR;11820391;690;
14.05.2025;13:03:52.503;FGBS SI 20250606 PS;SIMPLE_INSTRUMENT;EFS;EUR;38;107.13000000;1000;EXCHANGE_LAST;;1;1;XEUR;11820391;690;
14.05.2025;13:13:00.618;FGBS SI 20250606 PS;SIMPLE_INSTRUMENT;EFP_FIN;EUR;39;107.13500000;699;EXCHANGE_LAST;;1;1;XEUR;11820391;690;
14.05.2025;13:27:23.565;FGBS SI 20250606 PS;SIMPLE_INSTRUMENT;EFS;EUR;40;107.13000000;1366;EXCHANGE_LAST;;1;1;XEUR;11820391;690;
14.05.2025;13:47:24.257;FGBS SI 20250606 PS;SIMPLE_INSTRUMENT;EFP_FIN;EUR;41;107.13000000;1254;EXCHANGE_LAST;;1;1;XEUR;11820391;690;
14.05.2025;13:57:00.779;FGBS SI 20250606 PS;SIMPLE_INSTRUMENT;EFP_FIN;EUR;42;107.13500000;500;EXCHANGE_LAST;;1;1;XEUR;11820391;690;
14.05.2025;14:16:53.129;FGBS SI 20250606 PS;SIMPLE_INSTRUMENT;EFP_FIN;EUR;43;107.13000000;375;EXCHANGE_LAST;;1;1;XEUR;11820391;690;
14.05.2025;14:19:21.705;FGBS SI 20250606 PS;SIMPLE_INSTRUMENT;EFP_FIN;EUR;44;107.13000000;188;EXCHANGE_LAST;;1;1;XEUR;11820391;690;
14.05.2025;14:23:29.573;FGBS SI 20250606 PS;SIMPLE_INSTRUMENT;EFP_FIN;EUR;45;107.13000000;845;EXCHANGE_LAST;;1;1;XEUR;11820391;690;
14.05.2025;14:34:28.783;FGBS SI 20250606 PS;SIMPLE_INSTRUMENT;EFS;EUR;46;107.13500000;1366;EXCHANGE_LAST;;1;1;XEUR;11820391;690;
14.05.2025;14:49:21.237;FGBS SI 20250606 PS;SIMPLE_INSTRUMENT;EFS;EUR;47;107.14000000;2500;EXCHANGE_LAST;;1;1;XEUR;11820391;690;
14.05.2025;15:59:06.358;FGBS SI 20250606 PS;SIMPLE_INSTRUMENT;EFP_FIN;EUR;48;107.14000000;938;EXCHANGE_LAST;;1;1;XEUR;11820391;690;
14.05.2025;15:25:14.199;FGBS SI 20250606 PS;SIMPLE_INSTRUMENT;VOLA;EUR;268435586;107.14000000;50;EXCHANGE_LAST;;1;1;XEUR;11820391;690;
14.05.2025;07:58:44.616;FGBX SI 20250606 PS;SIMPLE_INSTRUMENT;EFP_FIN;EUR;1;118.52000000;104;EXCHANGE_LAST;;1;1;XEUR;11820392;691;
14.05.2025;08:02:20.931;FGBX SI 20250606 PS;SIMPLE_INSTRUMENT;EFP_FIN;EUR;2;118.44000000;69;EXCHANGE_LAST;;1;1;XEUR;11820392;691;
14.05.2025;08:06:03.162;FGBX SI 20250606 PS;SIMPLE_INSTRUMENT;EFP_FIN;EUR;3;118.44000000;437;EXCHANGE_LAST;;1;1;XEUR;11820392;691;
14.05.2025;08:07:16.986;FGBX SI 20250606 PS;SIMPLE_INSTRUMENT;EFP_FIN;EUR;4;118.44000000;219;EXCHANGE_LAST;;1;1;XEUR;11820392;691;
14.05.2025;08:39:29.506;FGBX SI 20250606 PS;SIMPLE_INSTRUMENT;EFP_FIN;EUR;5;118.48000000;284;EXCHANGE_LAST;;1;1;XEUR;11820392;691;
14.05.2025;08:43:57.250;FGBX SI 20250606 PS;SIMPLE_INSTRUMENT;BLOCK;EUR;6;118.46000000;116;EXCHANGE_LAST;;1;1;XEUR;11820392;691;
14.05.2025;09:01:18.723;FGBX SI 20250606 PS;SIMPLE_INSTRUMENT;EFP_FIN;EUR;7;118.48000000;62;EXCHANGE_LAST;;1;1;XEUR;11820392;691;
14.05.2025;09:31:06.728;FGBX SI 20250606 PS;SIMPLE_INSTRUMENT;EFP_FIN;EUR;9;118.36000000;85;EXCHANGE_LAST;;1;1;XEUR;11820392;691;
14.05.2025;09:48:35.919;FGBX SI 20250606 PS;SIMPLE_INSTRUMENT;EFP_FIN;EUR;11;118.38000000;177;EXCHANGE_LAST;;1;1;XEUR;11820392;691;
14.05.2025;09:51:26.199;FGBX SI 20250606 PS;SIMPLE_INSTRUMENT;EFS;EUR;12;118.42000000;86;EXCHANGE_LAST;;1;1;XEUR;11820392;691;
14.05.2025;10:01:51.990;FGBX SI 20250606 PS;SIMPLE_INSTRUMENT;EFP_FIN;EUR;13;118.68000000;128;EXCHANGE_LAST;;1;1;XEUR;11820392;691;
14.05.2025;10:04:17.060;FGBX SI 20250606 PS;SIMPLE_INSTRUMENT;EFP_FIN;EUR;14;118.90000000;62;EXCHANGE_LAST;;1;1;XEUR;11820392;691;
14.05.2025;11:11:48.337;FGBX SI 20250606 PS;SIMPLE_INSTRUMENT;EFP_FIN;EUR;19;118.76000000;227;EXCHANGE_LAST;;1;1;XEUR;11820392;691;
14.05.2025;11:43:05.997;FGBX SI 20250606 PS;SIMPLE_INSTRUMENT;EFP_FIN;EUR;21;118.50000000;100;EXCHANGE_LAST;;1;1;XEUR;11820392;691;
14.05.2025;12:27:41.315;FGBX SI 20250606 PS;SIMPLE_INSTRUMENT;EFP_FIN;EUR;24;118.78000000;447;EXCHANGE_LAST;;1;1;XEUR;11820392;691;
14.05.2025;12:24:25.939;FGBX SI 20250606 PS;SIMPLE_INSTRUMENT;EFP_FIN;EUR;26;118.78000000;298;EXCHANGE_LAST;;1;1;XEUR;11820392;691;
14.05.2025;12:28:02.198;FGBX SI 20250606 PS;SIMPLE_INSTRUMENT;EFS;EUR;27;118.62000000;103;EXCHANGE_LAST;;1;1;XEUR;11820392;691;
14.05.2025;12:40:12.569;FGBX SI 20250606 PS;SIMPLE_INSTRUMENT;EFS;EUR;30;118.62000000;95;EXCHANGE_LAST;;1;1;XEUR;11820392;691;
14.05.2025;13:33:48.594;FGBX SI 20250606 PS;SIMPLE_INSTRUMENT;EFS;EUR;37;118.26000000;221;EXCHANGE_LAST;;1;1;XEUR;11820392;691;
14.05.2025;13:55:25.917;FGBX SI 20250606 PS;SIMPLE_INSTRUMENT;EFS;EUR;39;118.68000000;425;EXCHANGE_LAST;;1;1;XEUR;11820392;691;
14.05.2025;14:09:42.554;FGBX SI 20250606 PS;SIMPLE_INSTRUMENT;EFP_FIN;EUR;41;118.30000000;74;EXCHANGE_LAST;;1;1;XEUR;11820392;691;
14.05.2025;14:24:55.060;FGBX SI 20250606 PS;SIMPLE_INSTRUMENT;EFP_FIN;EUR;42;118.20000000;199;EXCHANGE_LAST;;1;1;XEUR;11820392;691;
14.05.2025;14:32:12.204;FGBX SI 20250606 PS;SIMPLE_INSTRUMENT;EFP_FIN;EUR;43;118.24000000;79;EXCHANGE_LAST;;1;1;XEUR;11820392;691;
14.05.2025;14:49:13.201;FGBX SI 20250606 PS;SIMPLE_INSTRUMENT;BLOCK;EUR;44;118.38000000;130;EXCHANGE_LAST;;1;1;XEUR;11820392;691;
14.05.2025;15:22:09.148;FGBX SI 20250606 PS;SIMPLE_INSTRUMENT;BLOCK;EUR;45;118.32000000;1576;EXCHANGE_LAST;;1;1;XEUR;11820392;691;
14.05.2025;16:20:26.326;FGBX SI 20250606 PS;SIMPLE_INSTRUMENT;EFP_FIN;EUR;46;119.02000000;362;EXCHANGE_LAST;;1;1;XEUR;11820392;691;
14.05.2025;08:59:22.966;FGBX SI 20250606 PS;SIMPLE_INSTRUMENT;VOLA;EUR;268435487;118.44000000;45;EXCHANGE_LAST;;1;1;XEUR;11820392;691;
14.05.2025;15:29:54.064;FGBX SI 20250606 PS;SIMPLE_INSTRUMENT;VOLA;EUR;268435589;118.30000000;61;EXCHANGE_LAST;;1;1;XEUR;11820392;691;
14.05.2025;12:09:09.744;FIA5.O.250514.BLT.000002;STANDARD_OPTION_STRATEGY;BLOCK;EUR;17;0.76000000;1000;EXCHANGE_LAST;;1;1;XEUR;72264727425720340;48227;
14.05.2025;12:09:09.744;FIA5 SI 20260319 PS AM C 10.00 0;SIMPLE_INSTRUMENT;BLOCK;EUR;17;1.28400000;1000;PRC_DECOMP_EXCHANGE;;;;XEUR;12990029;48227;EXCHANGE
14.05.2025;12:09:09.744;FIA5 SI 20250717 PS AM C 10.00 0;SIMPLE_INSTRUMENT;BLOCK;EUR;17;0.52400000;1000;PRC_DECOMP_EXCHANGE;;;;XEUR;13262925;48227;EXCHANGE
14.05.2025;11:01:42.015;FIAK SI 20250619 CS;SIMPLE_INSTRUMENT;BLOCK;EUR;45;9.59040000;1850;EXCHANGE_LAST;;1;1;XEUR;11164348;144766;
14.05.2025;06:06:26.196;FMAP SI 20250620 CS;SIMPLE_INSTRUMENT;BLOCK;USD;11;368.50000000;193;EXCHANGE_LAST;;1;1;XEUR;7939644;48141;
14.05.2025;01:32:36.350;FMCH SI 20250620 CS;SIMPLE_INSTRUMENT;BLOCK;USD;1;585.20200000;258;EXCHANGE_LAST;;1;1;XEUR;7940815;402909;
14.05.2025;07:55:09.565;FMCH SI 20250620 CS;SIMPLE_INSTRUMENT;BLOCK;USD;40;597.20000000;140;EXCHANGE_LAST;;1;1;XEUR;7940815;402909;
14.05.2025;10:34:27.268;FMEE SI 20250620 CS;SIMPLE_INSTRUMENT;BLOCK;USD;46;348.96700000;186;EXCHANGE_LAST;;1;1;XEUR;7938810;12396;
14.05.2025;15:12:11.240;FMEF SI 20250620 CS;SIMPLE_INSTRUMENT;BLOCK;USD;56;1176.00000000;240;EXCHANGE_LAST;;1;1;XEUR;7408968;30657;
14.05.2025;09:51:41.745;FMEF SI 20250620 CS;SIMPLE_INSTRUMENT;VOLA;USD;603979791;1175.00000000;207;EXCHANGE_LAST;;1;1;XEUR;7408968;30657;
14.05.2025;13:04:32.636;FMEG SI 20250620 CS;SIMPLE_INSTRUMENT;BLOCK;EUR;50;343.08800000;100;EXCHANGE_LAST;;1;1;XEUR;7939092;18604;
14.05.2025;06:31:47.855;FMEL SI 20250620 CS;SIMPLE_INSTRUMENT;BLOCK;USD;14;591.27400000;75;EXCHANGE_LAST;;1;1;XEUR;7938814;12397;
14.05.2025;09:10:15.627;FMEL SI 20250620 CS;SIMPLE_INSTRUMENT;BLOCK;USD;43;591.27400000;50;EXCHANGE_LAST;;1;1;XEUR;7938814;12397;
14.05.2025;07:17:11.318;FMEN SI 20250620 CS;SIMPLE_INSTRUMENT;BLOCK;EUR;30;524.57300000;70;EXCHANGE_LAST;;1;1;XEUR;7939172;30652;
14.05.2025;06:27:43.137;FMEU SI 20250620 CS;SIMPLE_INSTRUMENT;BLOCK;EUR;13;366.40400000;1000;EXCHANGE_LAST;;1;1;XEUR;7938710;7058;
14.05.2025;07:10:17.101;FMGC SI 20250620 CS;SIMPLE_INSTRUMENT;BLOCK;USD;27;13621.61000000;183;EXCHANGE_LAST;;1;1;XEUR;7939680;48916;
14.05.2025;06:53:32.685;FMGD SI 20250620 CS;SIMPLE_INSTRUMENT;EFP_IDX;USD;20;2876.41000000;3356;EXCHANGE_LAST;;1;1;XEUR;8609351;583624;
14.05.2025;06:35:38.314;FMGM SI 20250620 CS;SIMPLE_INSTRUMENT;BLOCK;USD;16;5067.36000000;4;EXCHANGE_LAST;;1;1;XEUR;8609361;583626;
14.05.2025;13:41:54.015;FMGO SI 20250620 CS;SIMPLE_INSTRUMENT;BLOCK;USD;51;5483.00000000;101;EXCHANGE_LAST;;1;1;XEUR;8609371;583623;
14.05.2025;06:34:08.032;FMGQ SI 20250620 CS;SIMPLE_INSTRUMENT;EFP_IDX;USD;15;5035.98000000;11;EXCHANGE_LAST;;1;1;XEUR;8609386;583625;
14.05.2025;07:28:08.928;FMGS SI 20250620 CS;SIMPLE_INSTRUMENT;BLOCK;USD;34;27134.12900000;89;EXCHANGE_LAST;;1;1;XEUR;7939679;48912;
14.05.2025;07:28:18.258;FMGS SI 20250620 CS;SIMPLE_INSTRUMENT;BLOCK;USD;35;27135.47900000;745;EXCHANGE_LAST;;1;1;XEUR;7939679;48912;
14.05.2025;11:24:30.206;FMGS SI 20250620 CS;SIMPLE_INSTRUMENT;BLOCK;USD;47;27134.12800000;370;EXCHANGE_LAST;;1;1;XEUR;7939679;48912;
14.05.2025;01:57:37.851;FMHK SI 20250620 CS;SIMPLE_INSTRUMENT;BLOCK;USD;3;63455.00000000;46;EXCHANGE_LAST;;1;1;XEUR;7939458;45282;
14.05.2025;07:53:10.324;FMHK SI 20250620 CS;SIMPLE_INSTRUMENT;BLOCK;USD;39;64200.00000000;58;EXCHANGE_LAST;;1;1;XEUR;7939458;45282;
14.05.2025;07:57:42.721;FMHK SI 20250620 CS;SIMPLE_INSTRUMENT;BLOCK;USD;41;63950.00000000;29;EXCHANGE_LAST;;1;1;XEUR;7939458;45282;
14.05.2025;01:32:12.392;FMIN SI 20250620 CS;SIMPLE_INSTRUMENT;BLOCK;USD;2;1274.80100000;55;EXCHANGE_LAST;;1;1;XEUR;7938852;12404;
14.05.2025;02:22:54.842;FMIN SI 20250620 CS;SIMPLE_INSTRUMENT;BLOCK;USD;4;1274.80100000;815;EXCHANGE_LAST;;1;1;XEUR;7938852;12404;
14.05.2025;03:28:00.505;FMIN SI 20250620 CS;SIMPLE_INSTRUMENT;BLOCK;USD;8;1274.80100000;155;EXCHANGE_LAST;;1;1;XEUR;7938852;12404;
14.05.2025;07:23:55.801;FMIN SI 20250620 CS;SIMPLE_INSTRUMENT;BLOCK;USD;33;1274.29200000;29;EXCHANGE_LAST;;1;1;XEUR;7938852;12404;
14.05.2025;07:27:01.896;FMOG SI 20250620 CS;SIMPLE_INSTRUMENT;EFP_IDX;USD;28;12127.53000000;111;EXCHANGE_LAST;;1;1;XEUR;7939783;51877;
14.05.2025;08:33:13.413;FMOV SI 20250620 CS;SIMPLE_INSTRUMENT;EFP_IDX;USD;42;14584.10000000;92;EXCHANGE_LAST;;1;1;XEUR;7939784;51878;
14.05.2025;02:48:07.924;FMPA SI 20250620 CS;SIMPLE_INSTRUMENT;BLOCK;USD;5;9042.26100000;156;EXCHANGE_LAST;;1;1;XEUR;7939647;48143;
14.05.2025;00:29:47.289;FMTW SI 20250620 CS;SIMPLE_INSTRUMENT;BLOCK;USD;1;826.76400000;43;EXCHANGE_LAST;;1;1;XEUR;7939790;51884;
14.05.2025;01:32:53.688;FMTW SI 20250620 CS;SIMPLE_INSTRUMENT;BLOCK;USD;2;826.93100000;121;EXCHANGE_LAST;;1;1;XEUR;7939790;51884;
14.05.2025;01:34:34.565;FMTW SI 20250620 CS;SIMPLE_INSTRUMENT;BLOCK;USD;3;826.76400000;120;EXCHANGE_LAST;;1;1;XEUR;7939790;51884;
14.05.2025;02:17:41.837;FMTW SI 20250620 CS;SIMPLE_INSTRUMENT;BLOCK;USD;4;826.93100000;479;EXCHANGE_LAST;;1;1;XEUR;7939790;51884;
14.05.2025;06:26:46.088;FMWN SI 20250620 CS;SIMPLE_INSTRUMENT;EFP_IDX;EUR;12;558.86000000;300;EXCHANGE_LAST;;1;1;XEUR;7939177;30654;
14.05.2025;06:52:34.501;FMWN SI 20250620 CS;SIMPLE_INSTRUMENT;EFP_IDX;EUR;19;559.69000000;70;EXCHANGE_LAST;;1;1;XEUR;7939177;30654;
14.05.2025;06:54:38.971;FMWN SI 20250620 CS;SIMPLE_INSTRUMENT;BLOCK;EUR;21;559.26000000;450;EXCHANGE_LAST;;1;1;XEUR;7939177;30654;
14.05.2025;06:55:57.645;FMWN SI 20250620 CS;SIMPLE_INSTRUMENT;EFP_IDX;EUR;23;559.20400000;60;EXCHANGE_LAST;;1;1;XEUR;7939177;30654;
14.05.2025;07:08:26.376;FMWN SI 20250620 CS;SIMPLE_INSTRUMENT;BLOCK;EUR;26;559.25000000;425;EXCHANGE_LAST;;1;1;XEUR;7939177;30654;
14.05.2025;07:22:23.363;FMWN SI 20250620 CS;SIMPLE_INSTRUMENT;EFP_IDX;EUR;31;559.33000000;151;EXCHANGE_LAST;;1;1;XEUR;7939177;30654;
14.05.2025;14:13:28.153;FMWN SI 20250620 CS;SIMPLE_INSTRUMENT;BLOCK;EUR;52;558.00000000;220;EXCHANGE_LAST;;1;1;XEUR;7939177;30654;
14.05.2025;05:56:50.569;FMWO SI 20250620 CS;SIMPLE_INSTRUMENT;EFP_IDX;USD;9;12222.67000000;21;EXCHANGE_LAST;;1;1;XEUR;7938711;7059;
14.05.2025;05:58:33.151;FMWO SI 20250620 CS;SIMPLE_INSTRUMENT;EFP_IDX;USD;10;12222.67000000;33;EXCHANGE_LAST;;1;1;XEUR;7938711;7059;
14.05.2025;06:36:53.257;FMWO SI 20250620 CS;SIMPLE_INSTRUMENT;EFP_IDX;USD;17;12223.67000000;890;EXCHANGE_LAST;;1;1;XEUR;7938711;7059;
14.05.2025;06:52:28.457;FMWO SI 20250620 CS;SIMPLE_INSTRUMENT;EFP_IDX;USD;18;12225.67000000;64;EXCHANGE_LAST;;1;1;XEUR;7938711;7059;
14.05.2025;09:43:59.537;FMWO SI 20250620 CS;SIMPLE_INSTRUMENT;EFP_IDX;USD;44;12223.17000000;70;EXCHANGE_LAST;;1;1;XEUR;7938711;7059;
14.05.2025;12:14:57.784;FMWO SI 20250620 CS;SIMPLE_INSTRUMENT;BLOCK;USD;48;12222.92000000;412;EXCHANGE_LAST;;1;1;XEUR;7938711;7059;
14.05.2025;12:26:03.068;FMWO SI 20250620 CS;SIMPLE_INSTRUMENT;EFP_IDX;USD;49;12223.42000000;156;EXCHANGE_LAST;;1;1;XEUR;7938711;7059;
14.05.2025;14:51:59.941;FMWO SI 20250620 CS;SIMPLE_INSTRUMENT;BLOCK;USD;53;12233.00000000;101;EXCHANGE_LAST;;1;1;XEUR;7938711;7059;
14.05.2025;07:34:45.997;FOAT SI 20250606 PS;SIMPLE_INSTRUMENT;EFP_FIN;EUR;2;123.90000000;213;EXCHANGE_LAST;;1;1;XEUR;11820393;749;
14.05.2025;07:57:51.075;FOAT SI 20250606 PS;SIMPLE_INSTRUMENT;EFP_FIN;EUR;3;123.85000000;313;EXCHANGE_LAST;;1;1;XEUR;11820393;749;
14.05.2025;08:04:56.640;FOAT SI 20250606 PS;SIMPLE_INSTRUMENT;EFP_FIN;EUR;4;123.87000000;163;EXCHANGE_LAST;;1;1;XEUR;11820393;749;
14.05.2025;08:38:49.482;FOAT SI 20250606 PS;SIMPLE_INSTRUMENT;EFP_FIN;EUR;5;123.89000000;167;EXCHANGE_LAST;;1;1;XEUR;11820393;749;
14.05.2025;09:05:25.219;FOAT SI 20250606 PS;SIMPLE_INSTRUMENT;EFP_FIN;EUR;6;123.85000000;1294;EXCHANGE_LAST;;1;1;XEUR;11820393;749;
14.05.2025;09:17:21.886;FOAT SI 20250606 PS;SIMPLE_INSTRUMENT;EFP_FIN;EUR;7;123.88000000;997;EXCHANGE_LAST;;1;1;XEUR;11820393;749;
14.05.2025;09:19:30.912;FOAT SI 20250606 PS;SIMPLE_INSTRUMENT;EFS;EUR;8;123.88000000;222;EXCHANGE_LAST;;1;1;XEUR;11820393;749;
14.05.2025;09:29:44.793;FOAT SI 20250606 PS;SIMPLE_INSTRUMENT;EFP_FIN;EUR;9;123.90000000;220;EXCHANGE_LAST;;1;1;XEUR;11820393;749;
14.05.2025;09:31:04.814;FOAT SI 20250606 PS;SIMPLE_INSTRUMENT;EFP_FIN;EUR;10;123.89000000;587;EXCHANGE_LAST;;1;1;XEUR;11820393;749;
14.05.2025;09:35:51.207;FOAT SI 20250606 PS;SIMPLE_INSTRUMENT;EFP_FIN;EUR;11;123.89000000;853;EXCHANGE_LAST;;1;1;XEUR;11820393;749;
14.05.2025;09:36:00.743;FOAT SI 20250606 PS;SIMPLE_INSTRUMENT;EFP_FIN;EUR;12;123.91000000;473;EXCHANGE_LAST;;1;1;XEUR;11820393;749;
14.05.2025;09:39:32.872;FOAT SI 20250606 PS;SIMPLE_INSTRUMENT;EFS;EUR;13;123.88000000;233;EXCHANGE_LAST;;1;1;XEUR;11820393;749;
14.05.2025;10:14:24.386;FOAT SI 20250606 PS;SIMPLE_INSTRUMENT;EFP_FIN;EUR;14;123.87000000;315;EXCHANGE_LAST;;1;1;XEUR;11820393;749;
14.05.2025;10:17:50.650;FOAT SI 20250606 PS;SIMPLE_INSTRUMENT;EFP_FIN;EUR;15;123.82000000;273;EXCHANGE_LAST;;1;1;XEUR;11820393;749;
14.05.2025;10:22:26.159;FOAT SI 20250606 PS;SIMPLE_INSTRUMENT;EFP_FIN;EUR;16;124.00000000;408;EXCHANGE_LAST;;1;1;XEUR;11820393;749;
14.05.2025;10:24:28.425;FOAT SI 20250606 PS;SIMPLE_INSTRUMENT;EFP_FIN;EUR;17;123.88000000;394;EXCHANGE_LAST;;1;1;XEUR;11820393;749;
14.05.2025;10:25:14.256;FOAT SI 20250606 PS;SIMPLE_INSTRUMENT;EFP_FIN;EUR;18;124.04000000;198;EXCHANGE_LAST;;1;1;XEUR;11820393;749;
14.05.2025;11:37:11.853;FOAT SI 20250606 PS;SIMPLE_INSTRUMENT;EFP_FIN;EUR;19;123.97000000;512;EXCHANGE_LAST;;1;1;XEUR;11820393;749;
14.05.2025;11:37:49.106;FOAT SI 20250606 PS;SIMPLE_INSTRUMENT;EFP_FIN;EUR;20;123.95000000;207;EXCHANGE_LAST;;1;1;XEUR;11820393;749;
14.05.2025;11:43:42.253;FOAT SI 20250606 PS;SIMPLE_INSTRUMENT;EFP_FIN;EUR;21;123.94000000;591;EXCHANGE_LAST;;1;1;XEUR;11820393;749;
14.05.2025;11:55:43.769;FOAT SI 20250606 PS;SIMPLE_INSTRUMENT;EFP_FIN;EUR;22;123.92000000;200;EXCHANGE_LAST;;1;1;XEUR;11820393;749;
14.05.2025;12:01:53.544;FOAT SI 20250606 PS;SIMPLE_INSTRUMENT;EFP_FIN;EUR;23;123.92000000;1970;EXCHANGE_LAST;;1;1;XEUR;11820393;749;
14.05.2025;12:06:07.978;FOAT SI 20250606 PS;SIMPLE_INSTRUMENT;EFP_FIN;EUR;24;123.97000000;553;EXCHANGE_LAST;;1;1;XEUR;11820393;749;
14.05.2025;12:07:04.965;FOAT SI 20250606 PS;SIMPLE_INSTRUMENT;EFP_FIN;EUR;25;123.92000000;408;EXCHANGE_LAST;;1;1;XEUR;11820393;749;
14.05.2025;12:12:45.799;FOAT SI 20250606 PS;SIMPLE_INSTRUMENT;EFP_FIN;EUR;26;123.95000000;743;EXCHANGE_LAST;;1;1;XEUR;11820393;749;
14.05.2025;12:15:42.265;FOAT SI 20250606 PS;SIMPLE_INSTRUMENT;EFP_FIN;EUR;27;123.89000000;259;EXCHANGE_LAST;;1;1;XEUR;11820393;749;
14.05.2025;12:26:08.420;FOAT SI 20250606 PS;SIMPLE_INSTRUMENT;EFP_FIN;EUR;28;123.91000000;276;EXCHANGE_LAST;;1;1;XEUR;11820393;749;
14.05.2025;13:03:44.003;FOAT SI 20250606 PS;SIMPLE_INSTRUMENT;EFS;EUR;29;123.78000000;673;EXCHANGE_LAST;;1;1;XEUR;11820393;749;
14.05.2025;13:10:07.148;FOAT SI 20250606 PS;SIMPLE_INSTRUMENT;EFP_FIN;EUR;30;123.75000000;1001;EXCHANGE_LAST;;1;1;XEUR;11820393;749;
14.05.2025;13:22:41.500;FOAT SI 20250606 PS;SIMPLE_INSTRUMENT;EFP_FIN;EUR;31;123.80000000;1575;EXCHANGE_LAST;;1;1;XEUR;11820393;749;
14.05.2025;13:25:54.449;FOAT SI 20250606 PS;SIMPLE_INSTRUMENT;EFS;EUR;32;123.75000000;645;EXCHANGE_LAST;;1;1;XEUR;11820393;749;
14.05.2025;13:38:47.716;FOAT SI 20250606 PS;SIMPLE_INSTRUMENT;EFP_FIN;EUR;33;123.92000000;165;EXCHANGE_LAST;;1;1;XEUR;11820393;749;
14.05.2025;13:53:17.886;FOAT SI 20250606 PS;SIMPLE_INSTRUMENT;EFS;EUR;34;123.79000000;888;EXCHANGE_LAST;;1;1;XEUR;11820393;749;
14.05.2025;13:53:55.432;FOAT SI 20250606 PS;SIMPLE_INSTRUMENT;EFP_FIN;EUR;35;123.88000000;172;EXCHANGE_LAST;;1;1;XEUR;11820393;749;
14.05.2025;14:03:05.595;FOAT SI 20250606 PS;SIMPLE_INSTRUMENT;EFP_FIN;EUR;36;123.77000000;291;EXCHANGE_LAST;;1;1;XEUR;11820393;749;
14.05.2025;14:05:47.182;FOAT SI 20250606 PS;SIMPLE_INSTRUMENT;EFP_FIN;EUR;37;123.76000000;2364;EXCHANGE_LAST;;1;1;XEUR;11820393;749;
14.05.2025;14:28:04.117;FOAT SI 20250606 PS;SIMPLE_INSTRUMENT;EFP_FIN;EUR;38;123.83000000;962;EXCHANGE_LAST;;1;1;XEUR;11820393;749;
14.05.2025;15:25:02.813;FOAT SI 20250606 PS;SIMPLE_INSTRUMENT;EFP_FIN;EUR;39;123.80000000;394;EXCHANGE_LAST;;1;1;XEUR;11820393;749;
14.05.2025;16:00:30.427;FOAT SI 20250606 PS;SIMPLE_INSTRUMENT;EFP_FIN;EUR;40;123.61000000;207;EXCHANGE_LAST;;1;1;XEUR;11820393;749;
14.05.2025;16:02:45.730;FOAT SI 20250606 PS;SIMPLE_INSTRUMENT;EFP_FIN;EUR;41;123.78000000;942;EXCHANGE_LAST;;1;1;XEUR;11820393;749;
14.05.2025;16:04:03.346;FOAT SI 20250606 PS;SIMPLE_INSTRUMENT;EFP_FIN;EUR;42;123.57000000;267;EXCHANGE_LAST;;1;1;XEUR;11820393;749;
14.05.2025;12:55:03.148;FOT SI 20261218 PS AM P 14.00 0;SIMPLE_INSTRUMENT;BLOCK;EUR;21;1.60000000;3000;EXCHANGE_LAST;;1;1;XEUR;13126090;751;
14.05.2025;08:45:39.866;FRE.O.250514.STG.000004;STANDARD_OPTION_STRATEGY;BLOCK;EUR;1;4.88000000;1500;EXCHANGE_LAST;;1;1;XEUR;72060858213108074;760;
14.05.2025;08:45:39.866;FRE SI 20251219 PS AM C 41.00 0;SIMPLE_INSTRUMENT;BLOCK;EUR;1;3.55000000;1500;PRC_DECOMP_EXCHANGE;;;;XEUR;12409374;760;EXCHANGE
14.05.2025;08:45:39.866;FRE SI 20251219 PS AM P 37.00 0;SIMPLE_INSTRUMENT;BLOCK;EUR;1;1.33000000;1500;PRC_DECOMP_EXCHANGE;;;;XEUR;11786784;760;EXCHANGE
14.05.2025;14:25:31.134;FRE SI 20251219 PS AM P 40.00 0;SIMPLE_INSTRUMENT;BLOCK;EUR;6;2.36000000;1250;EXCHANGE_LAST;;1;1;XEUR;5930647;760;
14.05.2025;14:25:38.330;FRE SI 20251219 PS AM P 40.00 0;SIMPLE_INSTRUMENT;BLOCK;EUR;7;2.37000000;1250;EXCHANGE_LAST;;1;1;XEUR;5930647;760;
14.05.2025;16:04:40.590;FSCP SI 20250620 CS;SIMPLE_INSTRUMENT;EFP_IDX;EUR;62;350.80000000;161;EXCHANGE_LAST;;1;1;XEUR;11881879;764;
14.05.2025;16:04:52.661;FSCP SI 20250620 CS;SIMPLE_INSTRUMENT;EFP_IDX;EUR;63;350.90000000;69;EXCHANGE_LAST;;1;1;XEUR;11881879;764;
14.05.2025;15:47:18.636;FSEG SI 20250620 CS;SIMPLE_INSTRUMENT;EFP_IDX;EUR;43;199.90000000;5;EXCHANGE_LAST;;1;1;XEUR;11913120;109977;
14.05.2025;15:47:29.683;FSEG SI 20250620 CS;SIMPLE_INSTRUMENT;EFP_IDX;EUR;44;200.00000000;26;EXCHANGE_LAST;;1;1;XEUR;11913120;109977;
14.05.2025;15:57:54.749;FSEG SI 20250620 CS;SIMPLE_INSTRUMENT;EFP_IDX;EUR;56;199.90000000;27;EXCHANGE_LAST;;1;1;XEUR;11913120;109977;
14.05.2025;15:58:10.161;FSEG SI 20250620 CS;SIMPLE_INSTRUMENT;EFP_IDX;EUR;57;200.00000000;109;EXCHANGE_LAST;;1;1;XEUR;11913120;109977;
14.05.2025;15:59:46.924;FSEG SI 20250620 CS;SIMPLE_INSTRUMENT;EFP_IDX;EUR;58;200.00000000;20;EXCHANGE_LAST;;1;1;XEUR;11913120;109977;
14.05.2025;15:59:59.675;FSEG SI 20250620 CS;SIMPLE_INSTRUMENT;EFP_IDX;EUR;59;199.90000000;3;EXCHANGE_LAST;;1;1;XEUR;11913120;109977;
14.05.2025;16:00:57.460;FSEG SI 20250620 CS;SIMPLE_INSTRUMENT;EFP_IDX;EUR;60;199.90000000;3;EXCHANGE_LAST;;1;1;XEUR;11913120;109977;
