#Date;TrdTime;Contract;ContractType;TrdTyp;Currency;TesId;Prc;Qty;TrdInd;Aggressor;Buy;Sell;Exch;InstrumentId;RelatedProdId;PrcDecomp
10.06.2025;15:58:41.416;7PIF SI 20250918 CS;SIMPLE_INSTRUMENT;BLOCK;EUR;72;18.27500000;850;EXCHANGE_LAST;;1;2;XEUR;11692904;48299;
10.06.2025;11:32:47.558;A2LV SI 20250919 CS;SIMPLE_INSTRUMENT;BLOCK;EUR;31;15.40000000;46;EXCHANGE_LAST;;1;2;XEUR;11347323;12;
10.06.2025;11:10:37.755;A2SM SI 20251219 CS;SIMPLE_INSTRUMENT;BLOCK;EUR;25;6.69000000;250;EXCHANGE_LAST;;2;1;XEUR;5914264;15;
10.06.2025;12:14:59.759;A2XA SI 20250919 CS;SIMPLE_INSTRUMENT;BLOCK;EUR;41;2.15000000;593;EXCHANGE_LAST;;2;1;XEUR;11347325;17;
10.06.2025;08:42:33.797;ADEN.O.250610.BRT.000002;STANDARD_OPTION_STRATEGY;BLOCK;CHF;4;0.87000000;1500;EXCHANGE_LAST;;1;1;XEUR;72057783016515972;44;
10.06.2025;08:42:33.797;ADEN SI 20250815 PS AM P 22.00 0;SIMPLE_INSTRUMENT;BLOCK;CHF;4;1.23000000;1500;PRC_DECOMP_EXCHANGE;;;;XEUR;13403078;44;EXCHANGE
10.06.2025;08:42:33.797;ADEN SI 20250620 PS AM P 22.00 0;SIMPLE_INSTRUMENT;BLOCK;CHF;4;0.36000000;1500;PRC_DECOMP_EXCHANGE;;;;XEUR;11347907;44;EXCHANGE
10.06.2025;09:15:14.363;ADEN SI 20260320 PS AM P 18.00 0;SIMPLE_INSTRUMENT;BLOCK;CHF;9;1.05000000;1250;EXCHANGE_LAST;;1;1;XEUR;12994411;44;
10.06.2025;13:27:37.270;ADEN SI 20250620 PS AM C 24.00 0;SIMPLE_INSTRUMENT;BLOCK;CHF;37;0.20000000;2700;EXCHANGE_LAST;;2;4;XEUR;7897565;44;
10.06.2025;13:28:43.069;ADEN SI 20250620 PS AM P 22.00 0;SIMPLE_INSTRUMENT;BLOCK;CHF;39;0.21000000;600;EXCHANGE_LAST;;1;1;XEUR;11347907;44;
10.06.2025;15:16:23.816;ADEN SI 20250620 PS AM C 24.00 0;SIMPLE_INSTRUMENT;BLOCK;CHF;56;0.27000000;1950;EXCHANGE_LAST;;1;1;XEUR;7897565;44;
10.06.2025;11:41:23.424;ALC SI 20250620 PS AM P 74.00 0;SIMPLE_INSTRUMENT;BLOCK;CHF;24;2.10000000;1000;EXCHANGE_LAST;;1;2;XEUR;13038272;130134;
10.06.2025;08:14:15.122;ALV SI 20260320 PS AM C 320.00 0;SIMPLE_INSTRUMENT;BLOCK;EUR;1;47.31000000;300;EXCHANGE_LAST;;1;1;XEUR;12995541;74;
10.06.2025;11:32:23.509;ALVG.S.JUN25.SEP25.SPD;FUTURES_SPREAD;BLOCK;EUR;30;-1.86000000;575;EXCHANGE_LAST;;2;1;XEUR;72057959110148377;85;
10.06.2025;11:32:23.509;ALVG SI 20250620 CS;SIMPLE_INSTRUMENT;BLOCK;EUR;30;349.50000000;575;PRC_DECOMP_MEMBER;;;;XEUR;11168195;85;MEMBER
10.06.2025;11:32:23.509;ALVG SI 20250919 CS;SIMPLE_INSTRUMENT;BLOCK;EUR;30;351.36000000;575;PRC_DECOMP_MEMBER;;;;XEUR;11698574;85;MEMBER
10.06.2025;11:37:38.263;ANN SI 20250919 PS AM P 30.50 0;SIMPLE_INSTRUMENT;BLOCK;EUR;7;2.28000000;1250;EXCHANGE_LAST;;1;1;XEUR;13498882;45202;
10.06.2025;14:05:17.182;ANN SI 20251219 PS AM P 20.00 0;SIMPLE_INSTRUMENT;BLOCK;EUR;9;0.22000000;9500;EXCHANGE_LAST;;1;1;XEUR;7758059;45202;
10.06.2025;14:09:14.788;ANN SI 20260619 PS AM P 28.00 0;SIMPLE_INSTRUMENT;BLOCK;EUR;11;2.88000000;2000;EXCHANGE_LAST;;1;1;XEUR;9576336;45202;
10.06.2025;13:46:09.101;AXA.N.250610.000004;NON_STANDARD_OPTION_STRATEGY;BLOCK;EUR;24;2.80000000;2000;EXCHANGE_LAST;;1;1;XEUR;72058139498796629;127;
10.06.2025;13:46:09.101;AXA SI 20260619 PS AM P 35.00 0;SIMPLE_INSTRUMENT;BLOCK;EUR;24;1.49000000;2000;PRC_DECOMP_MEMBER;;;;XEUR;12767441;127;MEMBER
10.06.2025;13:46:09.101;AXA SI 20260619 PS AM P 34.00 0;SIMPLE_INSTRUMENT;BLOCK;EUR;24;1.31000000;2000;PRC_DECOMP_MEMBER;;;;XEUR;12748950;127;MEMBER
10.06.2025;14:13:43.364;AXA SI 20261218 PS AM P 39.00 0;SIMPLE_INSTRUMENT;BLOCK;EUR;28;3.18000000;1250;EXCHANGE_LAST;;1;1;XEUR;12767500;127;
10.06.2025;12:14:45.490;AXAG.S.JUN25.SEP25.SPD;FUTURES_SPREAD;BLOCK;EUR;40;-0.19800000;6850;EXCHANGE_LAST;;1;2;XEUR;72058130908840267;125;
10.06.2025;12:14:45.490;AXAG SI 20250919 CS;SIMPLE_INSTRUMENT;BLOCK;EUR;40;42.34800000;6850;PRC_DECOMP_MEMBER;;;;XEUR;11699127;125;MEMBER
10.06.2025;12:14:45.490;AXAG SI 20250620 CS;SIMPLE_INSTRUMENT;BLOCK;EUR;40;42.15000000;6850;PRC_DECOMP_MEMBER;;;;XEUR;11168731;125;MEMBER
10.06.2025;10:35:45.806;B2AS SI 20281215 CS;SIMPLE_INSTRUMENT;BLOCK;EUR;19;1.91000000;200;EXCHANGE_LAST;;1;1;XEUR;6798359;140;
10.06.2025;11:32:32.904;B2AS SI 20250919 CS;SIMPLE_INSTRUMENT;BLOCK;EUR;29;2.25000000;430;EXCHANGE_LAST;;1;1;XEUR;11350114;140;
10.06.2025;12:48:32.108;B2AS.S.DEC26.DEC27.SPD;FUTURES_SPREAD;BLOCK;EUR;42;0.10000000;60;EXCHANGE_LAST;;1;1;XEUR;72058195333350447;140;
10.06.2025;12:48:32.108;B2AS SI 20271217 CS;SIMPLE_INSTRUMENT;BLOCK;EUR;42;1.99000000;60;PRC_DECOMP_EXCHANGE;;;;XEUR;5914347;140;EXCHANGE
10.06.2025;12:48:32.108;B2AS SI 20261218 CS;SIMPLE_INSTRUMENT;BLOCK;EUR;42;2.09000000;60;PRC_DECOMP_EXCHANGE;;;;XEUR;4632165;140;EXCHANGE
10.06.2025;09:20:13.883;BAEN.O.250610.IRTSP.000002;STANDARD_OPTION_STRATEGY;BLOCK;CHF;11;-0.32000000;800;EXCHANGE_LAST;;1;1;XEUR;72058276937746860;159;
10.06.2025;09:20:13.883;BAEN SI 20260619 PS AM P 40.00 0;SIMPLE_INSTRUMENT;BLOCK;CHF;11;1.75000000;800;PRC_DECOMP_EXCHANGE;;;;XEUR;9539194;159;EXCHANGE
10.06.2025;09:20:13.883;BAEN SI 20250620 PS AM C 52.00 0;SIMPLE_INSTRUMENT;BLOCK;CHF;11;1.43000000;800;PRC_DECOMP_EXCHANGE;;;;XEUR;7899030;159;EXCHANGE
10.06.2025;13:29:37.015;BALN SI 20260619 PS AM P 200.00 0;SIMPLE_INSTRUMENT;BLOCK;CHF;38;21.00000000;200;EXCHANGE_LAST;;1;1;XEUR;9538944;147;
10.06.2025;09:13:58.587;BAS SI 20250620 PS AM P 42.00 0;SIMPLE_INSTRUMENT;BLOCK;EUR;8;0.53000000;2500;EXCHANGE_LAST;;2;2;XEUR;11350808;150;
10.06.2025;09:57:20.857;BAS SI 20260320 PS AM P 38.00 0;SIMPLE_INSTRUMENT;BLOCK;EUR;10;1.81000000;6000;EXCHANGE_LAST;;1;1;XEUR;12996588;150;
10.06.2025;10:58:32.568;BAS.O.250610.STD.000010;STANDARD_OPTION_STRATEGY;BLOCK;EUR;11;10.68000000;1000;EXCHANGE_LAST;;1;1;XEUR;72058238283094755;150;
10.06.2025;10:58:32.568;BAS SI 20261218 PS AM C 42.00 0;SIMPLE_INSTRUMENT;BLOCK;EUR;11;5.47000000;1000;PRC_DECOMP_EXCHANGE;;;;XEUR;7509906;150;EXCHANGE
10.06.2025;10:58:32.568;BAS SI 20261218 PS AM P 42.00 0;SIMPLE_INSTRUMENT;BLOCK;EUR;11;5.21000000;1000;PRC_DECOMP_EXCHANGE;;;;XEUR;7509896;150;EXCHANGE
10.06.2025;12:53:23.841;BAS.N.250610.000016;NON_STANDARD_OPTION_STRATEGY;BLOCK;EUR;12;9.26000000;1500;EXCHANGE_LAST;;2;1;XEUR;72058238283094761;150;
10.06.2025;12:53:23.841;BAS SI 20271217 PS AM C 40.00 0;SIMPLE_INSTRUMENT;BLOCK;EUR;12;7.53000000;3000;PRC_DECOMP_MEMBER;;;;XEUR;8774160;150;MEMBER
10.06.2025;12:53:23.841;BAS SI 20260320 PS AM C 40.00 0;SIMPLE_INSTRUMENT;BLOCK;EUR;12;5.80000000;1500;PRC_DECOMP_MEMBER;;;;XEUR;12996551;150;MEMBER
10.06.2025;15:36:43.641;BAS SI 20250919 PS AM P 40.00 0;SIMPLE_INSTRUMENT;BLOCK;EUR;15;1.13000000;1000;EXCHANGE_LAST;;1;1;XEUR;11872860;150;
10.06.2025;15:57:34.621;BAS SI 20250919 PS AM P 40.00 0;SIMPLE_INSTRUMENT;BLOCK;EUR;16;1.13000000;3000;EXCHANGE_LAST;;1;1;XEUR;11872860;150;
10.06.2025;11:32:42.684;BASG.S.JUN25.SEP25.SPD;FUTURES_SPREAD;BLOCK;EUR;28;-0.24250000;5050;EXCHANGE_LAST;;1;1;XEUR;72058328477336874;171;
10.06.2025;11:32:42.684;BASG SI 20250919 CS;SIMPLE_INSTRUMENT;BLOCK;EUR;28;42.84250000;5050;PRC_DECOMP_MEMBER;;;;XEUR;11699877;171;MEMBER
10.06.2025;11:32:42.684;BASG SI 20250620 CS;SIMPLE_INSTRUMENT;BLOCK;EUR;28;42.60000000;5050;PRC_DECOMP_MEMBER;;;;XEUR;11169531;171;MEMBER
10.06.2025;14:37:33.554;BASG.S.JUN25.SEP25.SPD;FUTURES_SPREAD;BLOCK;EUR;51;-0.24250000;4000;EXCHANGE_LAST;;1;1;XEUR;72058328477336874;171;
10.06.2025;14:37:33.554;BASG SI 20250620 CS;SIMPLE_INSTRUMENT;BLOCK;EUR;51;42.60000000;4000;PRC_DECOMP_MEMBER;;;;XEUR;11169531;171;MEMBER
10.06.2025;14:37:33.554;BASG SI 20250919 CS;SIMPLE_INSTRUMENT;BLOCK;EUR;51;42.84250000;4000;PRC_DECOMP_MEMBER;;;;XEUR;11699877;171;MEMBER
10.06.2025;07:35:47.889;BAY SI 20250620 PS AM C 28.00 0;SIMPLE_INSTRUMENT;BLOCK;EUR;1;0.21000000;2500;EXCHANGE_LAST;;1;1;XEUR;8112566;168;
10.06.2025;08:10:34.589;BAY.O.250610.BUL.000018;STANDARD_OPTION_STRATEGY;BLOCK;EUR;3;0.82000000;5000;EXCHANGE_LAST;;2;1;XEUR;72058315592512156;168;
10.06.2025;08:10:34.589;BAY SI 20250620 PS AM C 26.00 0;SIMPLE_INSTRUMENT;BLOCK;EUR;3;0.89000000;5000;PRC_DECOMP_EXCHANGE;;;;XEUR;10324700;168;EXCHANGE
10.06.2025;08:10:34.589;BAY SI 20250620 PS AM C 28.00 0;SIMPLE_INSTRUMENT;BLOCK;EUR;3;0.07000000;5000;PRC_DECOMP_EXCHANGE;;;;XEUR;8112566;168;EXCHANGE
10.06.2025;08:26:03.030;BAY SI 20250815 PS AM C 28.00 0;SIMPLE_INSTRUMENT;BLOCK;EUR;5;1.45000000;10000;EXCHANGE_LAST;;2;1;XEUR;13405001;168;
10.06.2025;08:35:11.734;BAY SI 20250620 PS AM P 26.00 0;SIMPLE_INSTRUMENT;BLOCK;EUR;6;0.53000000;2500;EXCHANGE_LAST;;1;1;XEUR;10324699;168;
10.06.2025;09:17:51.981;BAY SI 20251219 PS AM C 32.00 0;SIMPLE_INSTRUMENT;BLOCK;EUR;9;1.58000000;2000;EXCHANGE_LAST;;2;1;XEUR;6068399;168;
10.06.2025;15:14:19.456;BAY.O.250610.BLT.000053;STANDARD_OPTION_STRATEGY;BLOCK;EUR;13;0.99000000;7500;EXCHANGE_LAST;;1;1;XEUR;72058315592512191;168;
10.06.2025;15:14:19.456;BAY SI 20250718 PS AM C 27.00 0;SIMPLE_INSTRUMENT;BLOCK;EUR;13;1.34000000;7500;PRC_DECOMP_MEMBER;;;;XEUR;13305220;168;MEMBER
10.06.2025;15:14:19.456;BAY SI 20250620 PS AM C 27.00 0;SIMPLE_INSTRUMENT;BLOCK;EUR;13;0.35000000;7500;PRC_DECOMP_MEMBER;;;;XEUR;11992379;168;MEMBER
10.06.2025;15:20:23.999;BAY SI 20250815 PS AM P 24.00 0;SIMPLE_INSTRUMENT;BLOCK;EUR;14;0.99000000;750;EXCHANGE_LAST;;1;1;XEUR;13404979;168;
10.06.2025;15:08:17.302;BMP.O.250610.STG.000001;STANDARD_OPTION_STRATEGY;BLOCK;EUR;12;0.55500000;1000;EXCHANGE_LAST;;1;2;XEUR;76576981965078529;1052252;
10.06.2025;15:08:17.302;BMP SI 20260319 PS AM P 6.00 0;SIMPLE_INSTRUMENT;BLOCK;EUR;12;0.35500000;1000;PRC_DECOMP_MEMBER;;;;XEUR;12992929;1052252;MEMBER
10.06.2025;15:08:17.302;BMP SI 20260319 PS AM C 10.00 0;SIMPLE_INSTRUMENT;BLOCK;EUR;12;0.20000000;1000;PRC_DECOMP_MEMBER;;;;XEUR;12992914;1052252;MEMBER
10.06.2025;09:01:41.540;BMW SI 20251219 PS AM C 68.00 0;SIMPLE_INSTRUMENT;BLOCK;EUR;3;12.75000000;500;EXCHANGE_LAST;;1;1;XEUR;5923229;210;
10.06.2025;11:36:26.568;BMW.O.250610.BER.000004;STANDARD_OPTION_STRATEGY;BLOCK;EUR;9;4.83000000;400;EXCHANGE_LAST;;1;1;XEUR;72058495981111602;210;
10.06.2025;11:36:26.568;BMW SI 20251219 PS AM P 56.00 0;SIMPLE_INSTRUMENT;BLOCK;EUR;9;1.13000000;400;PRC_DECOMP_MEMBER;;;;XEUR;6394062;210;MEMBER
10.06.2025;11:36:26.568;BMW SI 20251219 PS AM P 76.00 0;SIMPLE_INSTRUMENT;BLOCK;EUR;9;5.96000000;400;PRC_DECOMP_MEMBER;;;;XEUR;5923232;210;MEMBER
10.06.2025;13:00:38.238;BMW FI 20251114 PS EU P 90.0000 0;FLEXIBLE_INSTRUMENT;BLOCK;EUR;11;13.92000000;1000;EXCHANGE_LAST;;1;1;XEUR;1152922406549996226;210;
10.06.2025;13:00:44.736;BMW FI 20250620 PS EU P 90.0000 0;FLEXIBLE_INSTRUMENT;BLOCK;EUR;12;12.70000000;1000;EXCHANGE_LAST;;1;1;XEUR;1152922406549996227;210;
10.06.2025;15:37:55.674;BMW SI 20250620 PS AM P 73.00 0;SIMPLE_INSTRUMENT;BLOCK;EUR;19;0.29000000;1000;EXCHANGE_LAST;;1;1;XEUR;12998480;210;
10.06.2025;07:26:58.528;BNP SI 20260619 PS AM P 70.00 0;SIMPLE_INSTRUMENT;BLOCK;EUR;1;5.36000000;3000;EXCHANGE_LAST;;1;1;XEUR;12372374;237;
10.06.2025;11:18:10.222;BNP.O.250610.STD.000006;STANDARD_OPTION_STRATEGY;BLOCK;EUR;14;19.45000000;700;EXCHANGE_LAST;;1;1;XEUR;72058611945201559;237;
10.06.2025;11:18:10.222;BNP SI 20261218 PS AM P 74.00 0;SIMPLE_INSTRUMENT;BLOCK;EUR;14;9.80000000;700;PRC_DECOMP_EXCHANGE;;;;XEUR;12761957;237;EXCHANGE
10.06.2025;11:18:10.222;BNP SI 20261218 PS AM C 74.00 0;SIMPLE_INSTRUMENT;BLOCK;EUR;14;9.65000000;700;PRC_DECOMP_EXCHANGE;;;;XEUR;12761959;237;EXCHANGE
10.06.2025;10:12:31.773;BOSF SI 20250620 CS;SIMPLE_INSTRUMENT;BLOCK;EUR;15;39.31500000;3650;EXCHANGE_LAST;;1;2;XEUR;11170511;231;
10.06.2025;15:43:05.772;C2BK SI 20261218 CS;SIMPLE_INSTRUMENT;BLOCK;EUR;65;0.81000000;1850;EXCHANGE_LAST;;5;1;XEUR;12178551;949832;
10.06.2025;09:59:07.806;C4RI SI 20250919 CS;SIMPLE_INSTRUMENT;BLOCK;EUR;8;1.47500000;86;EXCHANGE_LAST;;1;1;XEUR;11389808;50862;
10.06.2025;09:59:06.646;C4RI SI 20250919 CS;SIMPLE_INSTRUMENT;BLOCK;EUR;9;1.47700000;200;EXCHANGE_LAST;;1;1;XEUR;11389808;50862;
10.06.2025;08:58:30.013;CAR SI 20251219 PS AM C 16.00 0;SIMPLE_INSTRUMENT;BLOCK;EUR;11;0.15000000;4460;EXCHANGE_LAST;;1;1;XEUR;13503370;265;
10.06.2025;14:48:49.812;CAR SI 20260619 PS AM P 12.97 1;SIMPLE_INSTRUMENT;BLOCK;EUR;29;1.36000000;4000;EXCHANGE_LAST;;1;1;XEUR;13473320;265;
10.06.2025;14:49:13.216;CAR SI 20260619 PS AM P 12.97 1;SIMPLE_INSTRUMENT;BLOCK;EUR;30;1.37000000;4000;EXCHANGE_LAST;;1;1;XEUR;13473320;265;
10.06.2025;14:50:13.507;CAR SI 20260619 PS AM P 11.01 1;SIMPLE_INSTRUMENT;BLOCK;EUR;31;0.53000000;12000;EXCHANGE_LAST;;1;1;XEUR;12961393;265;
10.06.2025;09:04:59.242;CBK FI 20261218 CS EU C 19.0000 0;FLEXIBLE_INSTRUMENT;BLOCK;EUR;5;10.90000000;3250;EXCHANGE_LAST;;1;1;XEUR;1152922655658097416;268;
10.06.2025;09:05:05.297;CBK FI 20261218 CS EU P 19.0000 0;FLEXIBLE_INSTRUMENT;BLOCK;EUR;6;2.00000000;16250;EXCHANGE_LAST;;1;1;XEUR;1152922655658097417;268;
10.06.2025;12:16:40.602;CBK FI 20261218 CS EU C 19.0000 0;FLEXIBLE_INSTRUMENT;BLOCK;EUR;18;10.90000000;1250;EXCHANGE_LAST;;1;1;XEUR;1152922655658097416;268;
10.06.2025;12:17:41.640;CBK FI 20261218 CS EU P 19.0000 0;FLEXIBLE_INSTRUMENT;BLOCK;EUR;19;2.01000000;6250;EXCHANGE_LAST;;1;1;XEUR;1152922655658097417;268;
10.06.2025;10:21:52.661;CFR SI 20260320 PS AM P 156.00 0;SIMPLE_INSTRUMENT;BLOCK;CHF;15;18.48000000;300;EXCHANGE_LAST;;1;1;XEUR;13525656;313;
10.06.2025;13:39:32.776;CFR SI 20260320 PS AM P 154.00 0;SIMPLE_INSTRUMENT;BLOCK;CHF;43;17.40000000;750;EXCHANGE_LAST;;1;1;XEUR;13525646;313;
10.06.2025;14:33:41.646;CFR SI 20251219 PS AM P 92.00 0;SIMPLE_INSTRUMENT;BLOCK;CHF;48;1.00000000;300;EXCHANGE_LAST;;1;1;XEUR;9996462;313;
10.06.2025;15:05:19.593;CFR SI 20261218 PS AM P 140.00 0;SIMPLE_INSTRUMENT;BLOCK;CHF;55;17.35000000;300;EXCHANGE_LAST;;1;1;XEUR;9996393;313;
10.06.2025;14:33:36.242;CFRE SI 20260619 PS EU C 120.00 0;SIMPLE_INSTRUMENT;BLOCK;CHF;47;37.05000000;300;EXCHANGE_LAST;;1;1;XEUR;9998096;156129;
10.06.2025;12:05:56.726;CON.O.250610.BUL.000002;STANDARD_OPTION_STRATEGY;BLOCK;EUR;10;0.26000000;1000;EXCHANGE_LAST;;1;1;XEUR;73838373378206367;414620;
10.06.2025;12:05:56.726;CON SI 20250620 PS AM C 85.00 0;SIMPLE_INSTRUMENT;BLOCK;EUR;10;0.01000000;1000;PRC_DECOMP_EXCHANGE;;;;XEUR;13392841;414620;EXCHANGE
10.06.2025;12:05:56.726;CON SI 20250620 PS AM C 80.00 0;SIMPLE_INSTRUMENT;BLOCK;EUR;10;0.27000000;1000;PRC_DECOMP_EXCHANGE;;;;XEUR;11406223;414620;EXCHANGE
10.06.2025;09:59:05.304;CR5J SI 20250619 CS;SIMPLE_INSTRUMENT;BLOCK;EUR;10;57.88600000;3250;EXCHANGE_LAST;;1;1;XEUR;11164005;50861;
10.06.2025;09:59:03.917;CR5J SI 20250918 CS;SIMPLE_INSTRUMENT;BLOCK;EUR;11;58.20700000;3250;EXCHANGE_LAST;;1;1;XEUR;11693010;50861;
10.06.2025;14:51:30.342;CRI5.O.250610.STD.000003;STANDARD_OPTION_STRATEGY;BLOCK;EUR;10;2.57000000;1250;EXCHANGE_LAST;;1;1;XEUR;72058968427475915;320;
10.06.2025;14:51:30.342;CRI5 SI 20250619 PS AM C 56.00 0;SIMPLE_INSTRUMENT;BLOCK;EUR;10;1.81900000;1250;PRC_DECOMP_EXCHANGE;;;;XEUR;11337254;320;EXCHANGE
10.06.2025;14:51:30.342;CRI5 SI 20250619 PS AM P 56.00 0;SIMPLE_INSTRUMENT;BLOCK;EUR;10;0.75100000;1250;PRC_DECOMP_EXCHANGE;;;;XEUR;11337255;320;EXCHANGE
10.06.2025;09:40:38.192;CSPX SI 20260320 PS AM C 640.00 0;SIMPLE_INSTRUMENT;BLOCK;USD;3;51.70000000;3058;EXCHANGE_LAST;;1;1;XEUR;12473221;51609;
10.06.2025;09:36:21.091;CSPX.O.250610.CDIA.000001;STANDARD_OPTION_STRATEGY;BLOCK;USD;4;-29.30000000;1432;EXCHANGE_LAST;;1;1;XEUR;72279253005107227;51609;
10.06.2025;09:36:21.091;CSPX SI 20260619 PS AM C 700.00 0;SIMPLE_INSTRUMENT;BLOCK;USD;4;22.40000000;1432;PRC_DECOMP_MEMBER;;;;XEUR;13538545;51609;MEMBER
10.06.2025;09:36:21.091;CSPX SI 20260320 PS AM C 640.00 0;SIMPLE_INSTRUMENT;BLOCK;USD;4;51.70000000;1432;PRC_DECOMP_MEMBER;;;;XEUR;12473221;51609;MEMBER
10.06.2025;09:45:17.828;CSPX SI 20260619 PS AM C 700.00 0;SIMPLE_INSTRUMENT;BLOCK;USD;5;22.40000000;3058;EXCHANGE_LAST;;1;1;XEUR;13538545;51609;
10.06.2025;15:20:37.119;D3AI SI 20271217 CS;SIMPLE_INSTRUMENT;BLOCK;EUR;56;2.54000000;200;EXCHANGE_LAST;;1;1;XEUR;7144067;443197;
10.06.2025;15:31:04.642;D3AI SI 20261218 CS;SIMPLE_INSTRUMENT;BLOCK;EUR;61;2.49000000;300;EXCHANGE_LAST;;1;2;XEUR;7144051;443197;
10.06.2025;15:43:33.100;D3AI SI 20261218 CS;SIMPLE_INSTRUMENT;BLOCK;EUR;67;2.49000000;100;EXCHANGE_LAST;;1;1;XEUR;7144051;443197;
10.06.2025;14:42:45.239;D4BK SI 20250919 CS;SIMPLE_INSTRUMENT;BLOCK;EUR;54;0.68000000;255;EXCHANGE_LAST;;1;1;XEUR;11389834;51565;
10.06.2025;08:24:42.137;DAI SI 20260619 PS AM C 52.00 0;SIMPLE_INSTRUMENT;BLOCK;EUR;2;5.89000000;1000;EXCHANGE_LAST;;1;1;XEUR;9598260;443196;
10.06.2025;14:06:27.781;DAI SI 20250620 PS AM P 48.00 0;SIMPLE_INSTRUMENT;BLOCK;EUR;17;0.10000000;1500;EXCHANGE_LAST;;1;1;XEUR;7934260;443196;
10.06.2025;14:42:21.382;DBKI.S.JUN25.SEP25.SPD;FUTURES_SPREAD;BLOCK;EUR;53;-0.13800000;3000;EXCHANGE_LAST;;1;1;XEUR;72279068321513633;51566;
10.06.2025;14:42:21.382;DBKI SI 20250919 CS;SIMPLE_INSTRUMENT;BLOCK;EUR;53;24.78970000;3000;PRC_DECOMP_EXCHANGE;;;;XEUR;11726338;51566;EXCHANGE
10.06.2025;14:42:21.382;DBKI SI 20250620 CS;SIMPLE_INSTRUMENT;BLOCK;EUR;53;24.65170000;3000;PRC_DECOMP_EXCHANGE;;;;XEUR;11195773;51566;EXCHANGE
10.06.2025;08:46:05.338;DPW SI 20260320 PS AM P 38.00 0;SIMPLE_INSTRUMENT;BLOCK;EUR;3;2.25000000;7000;EXCHANGE_LAST;;1;1;XEUR;13002490;445;
10.06.2025;12:38:54.522;DPW SI 20250815 PS AM P 40.00 0;SIMPLE_INSTRUMENT;BLOCK;EUR;8;1.32000000;1000;EXCHANGE_LAST;;1;1;XEUR;13409060;445;
10.06.2025;08:07:47.972;DTE.O.250610.BUL.000002;STANDARD_OPTION_STRATEGY;BLOCK;EUR;2;0.43000000;3000;EXCHANGE_LAST;;1;1;XEUR;72059415104109790;424;
10.06.2025;08:07:47.972;DTE SI 20250620 PS AM C 33.00 0;SIMPLE_INSTRUMENT;BLOCK;EUR;2;0.54000000;3000;PRC_DECOMP_EXCHANGE;;;;XEUR;12038060;424;EXCHANGE
10.06.2025;08:07:47.972;DTE SI 20250620 PS AM C 34.00 0;SIMPLE_INSTRUMENT;BLOCK;EUR;2;0.11000000;3000;PRC_DECOMP_EXCHANGE;;;;XEUR;11356822;424;EXCHANGE
10.06.2025;09:39:25.211;DTE.O.250610.PDIA.000004;STANDARD_OPTION_STRATEGY;BLOCK;EUR;4;-0.07000000;2500;EXCHANGE_LAST;;1;1;XEUR;72059415104109792;424;
10.06.2025;09:39:25.211;DTE SI 20251219 PS AM P 25.00 0;SIMPLE_INSTRUMENT;BLOCK;EUR;4;0.20000000;2500;PRC_DECOMP_MEMBER;;;;XEUR;11262847;424;MEMBER
10.06.2025;09:39:25.211;DTE SI 20250919 PS AM P 29.00 0;SIMPLE_INSTRUMENT;BLOCK;EUR;4;0.27000000;2500;PRC_DECOMP_MEMBER;;;;XEUR;12754127;424;MEMBER
10.06.2025;15:09:45.096;DTE SI 20250620 PS AM P 33.00 0;SIMPLE_INSTRUMENT;BLOCK;EUR;15;0.48000000;1500;EXCHANGE_LAST;;1;1;XEUR;12038061;424;
10.06.2025;15:25:57.215;DTE SI 20250620 PS AM P 33.00 0;SIMPLE_INSTRUMENT;BLOCK;EUR;17;0.51000000;1500;EXCHANGE_LAST;;1;1;XEUR;12038061;424;
10.06.2025;15:45:37.708;E2NL SI 20261218 CS;SIMPLE_INSTRUMENT;BLOCK;EUR;70;0.45700000;500;EXCHANGE_LAST;;1;1;XEUR;4632356;471;
10.06.2025;15:45:38.151;E2NL SI 20261218 CS;SIMPLE_INSTRUMENT;BLOCK;EUR;71;0.45800000;500;EXCHANGE_LAST;;1;1;XEUR;4632356;471;
10.06.2025;08:33:44.701;E2NT SI 20261218 CS;SIMPLE_INSTRUMENT;BLOCK;EUR;2;1.00000000;1000;EXCHANGE_LAST;;2;2;XEUR;4632357;470;
10.06.2025;08:48:45.165;E2NT SI 20271217 CS;SIMPLE_INSTRUMENT;BLOCK;EUR;5;0.91000000;200;EXCHANGE_LAST;;1;1;XEUR;5914575;470;
10.06.2025;12:06:18.553;E2NT SI 20281215 CS;SIMPLE_INSTRUMENT;BLOCK;EUR;37;0.80000000;400;EXCHANGE_LAST;;1;1;XEUR;6802271;470;
10.06.2025;14:35:09.290;E2NT SI 20281215 CS;SIMPLE_INSTRUMENT;BLOCK;EUR;52;0.80500000;325;EXCHANGE_LAST;;1;1;XEUR;6802271;470;
10.06.2025;14:58:18.900;E2NT SI 20271217 CS;SIMPLE_INSTRUMENT;BLOCK;EUR;55;0.91000000;550;EXCHANGE_LAST;;1;1;XEUR;5914575;470;
10.06.2025;08:23:47.497;EAD SI 20250718 PS AM P 155.00 0;SIMPLE_INSTRUMENT;BLOCK;EUR;8;2.35000000;500;EXCHANGE_LAST;;1;1;XEUR;13242326;465;
10.06.2025;11:48:58.352;EAD SI 20251219 PS AM P 129.03 1;SIMPLE_INSTRUMENT;BLOCK;EUR;17;2.46000000;569;EXCHANGE_LAST;;1;1;XEUR;12440384;465;
10.06.2025;15:17:32.544;EAD SI 20250919 PS AM C 170.00 0;SIMPLE_INSTRUMENT;BLOCK;EUR;33;7.55000000;1500;EXCHANGE_LAST;;2;2;XEUR;13242269;465;
10.06.2025;14:24:01.771;ENR SI 20250718 PS AM C 90.00 0;SIMPLE_INSTRUMENT;BLOCK;EUR;14;3.87000000;1000;EXCHANGE_LAST;;1;1;XEUR;13335300;298530;
10.06.2025;15:31:45.860;ENR SI 20250718 PS AM C 90.00 0;SIMPLE_INSTRUMENT;BLOCK;EUR;16;3.87000000;500;EXCHANGE_LAST;;1;1;XEUR;13335300;298530;
10.06.2025;09:03:49.083;ENT5.O.250610.STG.000001;STANDARD_OPTION_STRATEGY;BLOCK;EUR;1;1.18000000;250;EXCHANGE_LAST;;1;1;XEUR;72059728636685283;497;
10.06.2025;09:03:49.083;ENT5 SI 20251218 PS AM P 13.00 0;SIMPLE_INSTRUMENT;BLOCK;EUR;1;0.69250000;250;PRC_DECOMP_EXCHANGE;;;;XEUR;11793683;497;EXCHANGE
10.06.2025;09:03:49.083;ENT5 SI 20251218 PS AM C 14.00 0;SIMPLE_INSTRUMENT;BLOCK;EUR;1;0.48750000;250;PRC_DECOMP_EXCHANGE;;;;XEUR;5911904;497;EXCHANGE
10.06.2025;08:03:24.832;F3IA.S.DEC26.DEC27.SPD;FUTURES_SPREAD;BLOCK;EUR;1;-0.05000000;500;EXCHANGE_LAST;;1;1;XEUR;73734293435711522;390387;
10.06.2025;08:03:24.832;F3IA SI 20271217 CS;SIMPLE_INSTRUMENT;BLOCK;EUR;1;0.45000000;500;PRC_DECOMP_MEMBER;;;;XEUR;8422837;390387;MEMBER
10.06.2025;08:03:24.832;F3IA SI 20261218 CS;SIMPLE_INSTRUMENT;BLOCK;EUR;1;0.40000000;500;PRC_DECOMP_MEMBER;;;;XEUR;6830373;390387;MEMBER
10.06.2025;13:59:01.863;F3IA SI 20281215 CS;SIMPLE_INSTRUMENT;BLOCK;EUR;48;0.49500000;500;EXCHANGE_LAST;;1;1;XEUR;9964653;390387;
10.06.2025;08:20:12.689;FBTP SI 20250908 PS;SIMPLE_INSTRUMENT;EFP_FIN;EUR;1;120.92000000;933;EXCHANGE_LAST;;1;1;XEUR;12372474;636;
10.06.2025;08:27:55.264;FBTP SI 20250908 PS;SIMPLE_INSTRUMENT;EFP_FIN;EUR;2;120.97000000;153;EXCHANGE_LAST;;1;1;XEUR;12372474;636;
10.06.2025;08:32:26.609;FBTP SI 20250908 PS;SIMPLE_INSTRUMENT;EFP_FIN;EUR;3;120.98000000;128;EXCHANGE_LAST;;1;1;XEUR;12372474;636;
10.06.2025;09:01:58.314;FBTP SI 20250908 PS;SIMPLE_INSTRUMENT;EFS;EUR;4;120.84000000;851;EXCHANGE_LAST;;1;1;XEUR;12372474;636;
10.06.2025;09:02:04.299;FBTP SI 20250908 PS;SIMPLE_INSTRUMENT;BLOCK;EUR;5;120.97000000;1800;EXCHANGE_LAST;;1;1;XEUR;12372474;636;
10.06.2025;09:03:56.053;FBTP SI 20250908 PS;SIMPLE_INSTRUMENT;EFP_FIN;EUR;6;120.90000000;362;EXCHANGE_LAST;;1;1;XEUR;12372474;636;
10.06.2025;09:10:20.443;FBTP SI 20250908 PS;SIMPLE_INSTRUMENT;BLOCK;EUR;7;120.97000000;732;EXCHANGE_LAST;;1;1;XEUR;12372474;636;
10.06.2025;09:13:55.578;FBTP SI 20250908 PS;SIMPLE_INSTRUMENT;BLOCK;EUR;8;120.90000000;345;EXCHANGE_LAST;;1;1;XEUR;12372474;636;
10.06.2025;09:18:36.242;FBTP SI 20250908 PS;SIMPLE_INSTRUMENT;EFP_FIN;EUR;9;120.86000000;255;EXCHANGE_LAST;;1;1;XEUR;12372474;636;
10.06.2025;09:23:28.204;FBTP SI 20250908 PS;SIMPLE_INSTRUMENT;EFP_FIN;EUR;10;120.86000000;1907;EXCHANGE_LAST;;1;1;XEUR;12372474;636;
10.06.2025;09:28:33.261;FBTP SI 20250908 PS;SIMPLE_INSTRUMENT;EFP_FIN;EUR;11;120.86000000;1272;EXCHANGE_LAST;;1;1;XEUR;12372474;636;
10.06.2025;09:34:45.811;FBTP SI 20250908 PS;SIMPLE_INSTRUMENT;EFP_FIN;EUR;12;120.88000000;4247;EXCHANGE_LAST;;1;1;XEUR;12372474;636;
10.06.2025;09:43:10.678;FBTP SI 20250908 PS;SIMPLE_INSTRUMENT;EFP_FIN;EUR;13;120.90000000;1332;EXCHANGE_LAST;;1;1;XEUR;12372474;636;
10.06.2025;09:44:29.032;FBTP SI 20250908 PS;SIMPLE_INSTRUMENT;EFP_FIN;EUR;14;120.86000000;678;EXCHANGE_LAST;;1;1;XEUR;12372474;636;
10.06.2025;09:45:33.899;FBTP SI 20250908 PS;SIMPLE_INSTRUMENT;EFP_FIN;EUR;15;120.91000000;278;EXCHANGE_LAST;;1;1;XEUR;12372474;636;
10.06.2025;09:51:21.157;FBTP SI 20250908 PS;SIMPLE_INSTRUMENT;EFP_FIN;EUR;16;120.98000000;132;EXCHANGE_LAST;;1;1;XEUR;12372474;636;
10.06.2025;09:51:22.415;FBTP SI 20250908 PS;SIMPLE_INSTRUMENT;EFP_FIN;EUR;17;120.90000000;1074;EXCHANGE_LAST;;1;1;XEUR;12372474;636;
10.06.2025;09:56:19.000;FBTP SI 20250908 PS;SIMPLE_INSTRUMENT;EFP_FIN;EUR;18;120.88000000;70;EXCHANGE_LAST;;1;1;XEUR;12372474;636;
10.06.2025;09:58:43.909;FBTP SI 20250908 PS;SIMPLE_INSTRUMENT;EFP_FIN;EUR;19;120.88000000;85;EXCHANGE_LAST;;1;1;XEUR;12372474;636;
10.06.2025;10:11:34.984;FBTP SI 20250908 PS;SIMPLE_INSTRUMENT;EFP_FIN;EUR;20;120.92000000;430;EXCHANGE_LAST;;1;1;XEUR;12372474;636;
10.06.2025;10:37:50.548;FBTP SI 20250908 PS;SIMPLE_INSTRUMENT;EFP_FIN;EUR;21;120.92000000;215;EXCHANGE_LAST;;1;1;XEUR;12372474;636;
10.06.2025;10:46:04.741;FBTP SI 20250908 PS;SIMPLE_INSTRUMENT;EFP_FIN;EUR;22;120.90000000;532;EXCHANGE_LAST;;1;1;XEUR;12372474;636;
10.06.2025;10:49:42.193;FBTP SI 20250908 PS;SIMPLE_INSTRUMENT;BLOCK;EUR;23;120.92000000;2120;EXCHANGE_LAST;;1;1;XEUR;12372474;636;
10.06.2025;10:51:45.443;FBTP SI 20250908 PS;SIMPLE_INSTRUMENT;EFP_FIN;EUR;25;120.91000000;2149;EXCHANGE_LAST;;1;1;XEUR;12372474;636;
10.06.2025;10:56:14.040;FBTP SI 20250908 PS;SIMPLE_INSTRUMENT;EFP_FIN;EUR;26;120.95000000;163;EXCHANGE_LAST;;1;1;XEUR;12372474;636;
10.06.2025;11:05:31.865;FBTP SI 20250908 PS;SIMPLE_INSTRUMENT;EFP_FIN;EUR;27;120.93000000;1356;EXCHANGE_LAST;;1;1;XEUR;12372474;636;
10.06.2025;11:06:39.286;FBTP SI 20250908 PS;SIMPLE_INSTRUMENT;EFP_FIN;EUR;28;121.03000000;860;EXCHANGE_LAST;;1;1;XEUR;12372474;636;
10.06.2025;11:13:02.499;FBTP SI 20250908 PS;SIMPLE_INSTRUMENT;EFP_FIN;EUR;29;120.98000000;841;EXCHANGE_LAST;;1;1;XEUR;12372474;636;
10.06.2025;12:11:12.404;FBTP SI 20250908 PS;SIMPLE_INSTRUMENT;BLOCK;EUR;30;121.02000000;860;EXCHANGE_LAST;;1;1;XEUR;12372474;636;
10.06.2025;12:13:39.256;FBTP SI 20250908 PS;SIMPLE_INSTRUMENT;EFP_FIN;EUR;31;121.04000000;268;EXCHANGE_LAST;;1;1;XEUR;12372474;636;
10.06.2025;12:20:48.007;FBTP SI 20250908 PS;SIMPLE_INSTRUMENT;EFS;EUR;32;121.04000000;563;EXCHANGE_LAST;;1;1;XEUR;12372474;636;
10.06.2025;12:21:42.975;FBTP SI 20250908 PS;SIMPLE_INSTRUMENT;EFP_FIN;EUR;33;121.05000000;170;EXCHANGE_LAST;;1;1;XEUR;12372474;636;
10.06.2025;12:22:51.593;FBTP SI 20250908 PS;SIMPLE_INSTRUMENT;EFP_FIN;EUR;34;121.07000000;154;EXCHANGE_LAST;;1;1;XEUR;12372474;636;
10.06.2025;12:27:38.608;FBTP SI 20250908 PS;SIMPLE_INSTRUMENT;EFP_FIN;EUR;35;121.13000000;132;EXCHANGE_LAST;;1;1;XEUR;12372474;636;
10.06.2025;12:38:47.659;FBTP SI 20250908 PS;SIMPLE_INSTRUMENT;EFP_FIN;EUR;36;121.05000000;860;EXCHANGE_LAST;;1;1;XEUR;12372474;636;
10.06.2025;12:50:05.368;FBTP SI 20250908 PS;SIMPLE_INSTRUMENT;BLOCK;EUR;37;121.09000000;273;EXCHANGE_LAST;;1;1;XEUR;12372474;636;
10.06.2025;13:47:24.096;FBTP SI 20250908 PS;SIMPLE_INSTRUMENT;BLOCK;EUR;38;121.19000000;1408;EXCHANGE_LAST;;1;1;XEUR;12372474;636;
10.06.2025;13:50:52.874;FBTP SI 20250908 PS;SIMPLE_INSTRUMENT;EFP_FIN;EUR;39;121.22000000;450;EXCHANGE_LAST;;1;1;XEUR;12372474;636;
10.06.2025;13:51:18.849;FBTP SI 20250908 PS;SIMPLE_INSTRUMENT;BLOCK;EUR;40;121.23000000;1719;EXCHANGE_LAST;;1;1;XEUR;12372474;636;
10.06.2025;14:03:56.034;FBTP SI 20250908 PS;SIMPLE_INSTRUMENT;EFP_FIN;EUR;41;121.24000000;466;EXCHANGE_LAST;;1;1;XEUR;12372474;636;
10.06.2025;14:04:41.155;FBTP SI 20250908 PS;SIMPLE_INSTRUMENT;EFP_FIN;EUR;42;121.21000000;180;EXCHANGE_LAST;;1;1;XEUR;12372474;636;
10.06.2025;14:11:30.092;FBTP SI 20250908 PS;SIMPLE_INSTRUMENT;EFS;EUR;43;121.22000000;449;EXCHANGE_LAST;;1;1;XEUR;12372474;636;
10.06.2025;14:12:15.442;FBTP SI 20250908 PS;SIMPLE_INSTRUMENT;BLOCK;EUR;44;121.20000000;602;EXCHANGE_LAST;;1;1;XEUR;12372474;636;
10.06.2025;14:14:10.927;FBTP SI 20250908 PS;SIMPLE_INSTRUMENT;EFP_FIN;EUR;45;121.15000000;344;EXCHANGE_LAST;;1;1;XEUR;12372474;636;
10.06.2025;15:05:00.751;FBTP SI 20250908 PS;SIMPLE_INSTRUMENT;BLOCK;EUR;47;121.15000000;272;EXCHANGE_LAST;;1;1;XEUR;12372474;636;
10.06.2025;15:14:21.852;FBTP SI 20250908 PS;SIMPLE_INSTRUMENT;EFP_FIN;EUR;48;121.13000000;170;EXCHANGE_LAST;;1;1;XEUR;12372474;636;
10.06.2025;15:16:26.734;FBTP SI 20250908 PS;SIMPLE_INSTRUMENT;EFP_FIN;EUR;49;121.13000000;92;EXCHANGE_LAST;;1;1;XEUR;12372474;636;
10.06.2025;15:17:47.468;FBTP SI 20250908 PS;SIMPLE_INSTRUMENT;EFP_FIN;EUR;50;121.13000000;156;EXCHANGE_LAST;;1;1;XEUR;12372474;636;
10.06.2025;15:36:48.067;FBTP SI 20250908 PS;SIMPLE_INSTRUMENT;EFP_FIN;EUR;51;121.17000000;901;EXCHANGE_LAST;;1;1;XEUR;12372474;636;
10.06.2025;15:50:54.414;FBTP SI 20250908 PS;SIMPLE_INSTRUMENT;BLOCK;EUR;52;121.10000000;273;EXCHANGE_LAST;;1;1;XEUR;12372474;636;
10.06.2025;08:43:52.634;FBTS SI 20250908 PS;SIMPLE_INSTRUMENT;EFP_FIN;EUR;6;107.86000000;645;EXCHANGE_LAST;;1;1;XEUR;12372476;639;
10.06.2025;09:21:46.293;FBTS SI 20250908 PS;SIMPLE_INSTRUMENT;EFP_FIN;EUR;7;107.86500000;126;EXCHANGE_LAST;;1;1;XEUR;12372476;639;
10.06.2025;09:29:39.690;FBTS SI 20250908 PS;SIMPLE_INSTRUMENT;BLOCK;EUR;8;107.87000000;469;EXCHANGE_LAST;;1;1;XEUR;12372476;639;
10.06.2025;09:29:51.214;FBTS SI 20250908 PS;SIMPLE_INSTRUMENT;BLOCK;EUR;9;107.87000000;937;EXCHANGE_LAST;;1;1;XEUR;12372476;639;
10.06.2025;09:32:17.554;FBTS SI 20250908 PS;SIMPLE_INSTRUMENT;EFP_FIN;EUR;10;107.87000000;469;EXCHANGE_LAST;;1;1;XEUR;12372476;639;
10.06.2025;09:49:30.151;FBTS SI 20250908 PS;SIMPLE_INSTRUMENT;EFP_FIN;EUR;12;107.87000000;314;EXCHANGE_LAST;;1;1;XEUR;12372476;639;
10.06.2025;09:49:47.461;FBTS SI 20250908 PS;SIMPLE_INSTRUMENT;EFP_FIN;EUR;13;107.87000000;1406;EXCHANGE_LAST;;1;1;XEUR;12372476;639;
10.06.2025;10:11:15.341;FBTS SI 20250908 PS;SIMPLE_INSTRUMENT;EFP_FIN;EUR;16;107.88000000;370;EXCHANGE_LAST;;1;1;XEUR;12372476;639;
10.06.2025;10:14:39.456;FBTS SI 20250908 PS;SIMPLE_INSTRUMENT;EFP_FIN;EUR;17;107.88000000;127;EXCHANGE_LAST;;1;1;XEUR;12372476;639;
10.06.2025;10:15:04.248;FBTS SI 20250908 PS;SIMPLE_INSTRUMENT;EFP_FIN;EUR;18;107.87500000;469;EXCHANGE_LAST;;1;1;XEUR;12372476;639;
10.06.2025;10:26:26.746;FBTS SI 20250908 PS;SIMPLE_INSTRUMENT;EFP_FIN;EUR;19;107.88000000;1272;EXCHANGE_LAST;;1;1;XEUR;12372476;639;
10.06.2025;11:29:51.600;FBTS SI 20250908 PS;SIMPLE_INSTRUMENT;EFP_FIN;EUR;20;107.91000000;1034;EXCHANGE_LAST;;1;1;XEUR;12372476;639;
10.06.2025;11:37:45.463;FBTS SI 20250908 PS;SIMPLE_INSTRUMENT;EFP_FIN;EUR;22;107.88000000;1133;EXCHANGE_LAST;;1;1;XEUR;12372476;639;
10.06.2025;11:41:51.743;FBTS SI 20250908 PS;SIMPLE_INSTRUMENT;EFP_FIN;EUR;23;107.91000000;1111;EXCHANGE_LAST;;1;1;XEUR;12372476;639;
10.06.2025;11:56:32.430;FBTS SI 20250908 PS;SIMPLE_INSTRUMENT;EFP_FIN;EUR;25;107.90000000;469;EXCHANGE_LAST;;1;1;XEUR;12372476;639;
10.06.2025;11:58:07.849;FBTS SI 20250908 PS;SIMPLE_INSTRUMENT;EFP_FIN;EUR;26;107.89000000;1034;EXCHANGE_LAST;;1;1;XEUR;12372476;639;
10.06.2025;12:13:36.650;FBTS SI 20250908 PS;SIMPLE_INSTRUMENT;BLOCK;EUR;29;107.90000000;1312;EXCHANGE_LAST;;1;1;XEUR;12372476;639;
10.06.2025;12:34:56.246;FBTS SI 20250908 PS;SIMPLE_INSTRUMENT;EFP_FIN;EUR;30;107.89500000;1876;EXCHANGE_LAST;;1;1;XEUR;12372476;639;
10.06.2025;13:02:52.315;FBTS SI 20250908 PS;SIMPLE_INSTRUMENT;EFP_FIN;EUR;31;107.90000000;1036;EXCHANGE_LAST;;1;1;XEUR;12372476;639;
10.06.2025;13:30:30.551;FBTS SI 20250908 PS;SIMPLE_INSTRUMENT;EFP_FIN;EUR;35;107.91000000;148;EXCHANGE_LAST;;1;1;XEUR;12372476;639;
10.06.2025;14:32:36.432;FBTS SI 20250908 PS;SIMPLE_INSTRUMENT;EFP_FIN;EUR;41;107.91000000;1024;EXCHANGE_LAST;;1;1;XEUR;12372476;639;
10.06.2025;15:06:37.466;FBTS SI 20250908 PS;SIMPLE_INSTRUMENT;EFP_FIN;EUR;44;107.90000000;71;EXCHANGE_LAST;;1;1;XEUR;12372476;639;
10.06.2025;15:32:41.034;FBTS SI 20250908 PS;SIMPLE_INSTRUMENT;EFP_FIN;EUR;48;107.90000000;118;EXCHANGE_LAST;;1;1;XEUR;12372476;639;
10.06.2025;13:02:50.827;FCEC SI 20250616 PS;SIMPLE_INSTRUMENT;BLOCK;CAD;1;1.56540000;1;EXCHANGE_LAST;;1;1;XEUR;13355574;1111649;
10.06.2025;13:17:09.407;FCNS SI 20250616 PS;SIMPLE_INSTRUMENT;BLOCK;SEK;2;0.95013000;2631;EXCHANGE_LAST;;1;1;XEUR;7879240;402911;
10.06.2025;13:17:09.849;FCNS SI 20250915 PS;SIMPLE_INSTRUMENT;BLOCK;SEK;3;0.94453000;2631;EXCHANGE_LAST;;1;1;XEUR;9985650;402911;
10.06.2025;13:37:23.837;FCUN SI 20250616 PS;SIMPLE_INSTRUMENT;BLOCK;NOK;4;10.06215000;318;EXCHANGE_LAST;;1;1;XEUR;7879243;402914;
10.06.2025;13:37:24.296;FCUN SI 20250915 PS;SIMPLE_INSTRUMENT;BLOCK;NOK;5;10.06278000;318;EXCHANGE_LAST;;1;1;XEUR;9985662;402914;
10.06.2025;13:47:07.217;FCUS SI 20250616 PS;SIMPLE_INSTRUMENT;BLOCK;SEK;6;9.56260000;773;EXCHANGE_LAST;;1;1;XEUR;7879242;402913;
10.06.2025;13:47:07.644;FCUS SI 20250915 PS;SIMPLE_INSTRUMENT;BLOCK;SEK;7;9.50620000;773;EXCHANGE_LAST;;1;1;XEUR;9985658;402913;
10.06.2025;14:39:41.631;FDAX SI 20250620 CS;SIMPLE_INSTRUMENT;BLOCK;EUR;1;24191.00000000;280;EXCHANGE_LAST;;1;1;XEUR;7903800;589;
10.06.2025;10:29:54.445;FDAX SI 20250620 CS;SIMPLE_INSTRUMENT;VOLA;EUR;671088646;24092.00000000;7;EXCHANGE_LAST;;1;1;XEUR;7903800;589;
10.06.2025;14:40:33.630;FDAX SI 20250620 CS;SIMPLE_INSTRUMENT;VOLA;EUR;671088658;24085.00000000;6;EXCHANGE_LAST;;1;1;XEUR;7903800;589;
10.06.2025;14:52:32.556;FDAX SI 20250620 CS;SIMPLE_INSTRUMENT;VOLA;EUR;671088661;24035.00000000;19;EXCHANGE_LAST;;1;1;XEUR;7903800;589;
10.06.2025;15:56:59.337;FDAX SI 20250620 CS;SIMPLE_INSTRUMENT;VOLA;EUR;671088666;24000.00000000;70;EXCHANGE_LAST;;1;1;XEUR;7903800;589;
10.06.2025;16:02:30.725;FDAX SI 20250620 CS;SIMPLE_INSTRUMENT;VOLA;EUR;671088667;24000.00000000;230;EXCHANGE_LAST;;1;1;XEUR;7903800;589;
10.06.2025;09:35:32.442;FEBD SI 20251219 CS;SIMPLE_INSTRUMENT;BLOCK;EUR;10;11.28000000;125;EXCHANGE_LAST;;1;1;XEUR;5914075;597;
10.06.2025;09:35:48.755;FEBD SI 20251219 CS;SIMPLE_INSTRUMENT;BLOCK;EUR;11;11.29000000;125;EXCHANGE_LAST;;1;1;XEUR;5914075;597;
10.06.2025;13:59:21.539;FEBD SI 20261218 CS;SIMPLE_INSTRUMENT;BLOCK;EUR;20;10.60000000;1000;EXCHANGE_LAST;;1;2;XEUR;7158212;597;
10.06.2025;14:17:09.279;FEBD.S.DEC27.DEC28.SPD;FUTURES_SPREAD;BLOCK;EUR;21;0.63000000;500;EXCHANGE_LAST;;1;1;XEUR;72060158133407041;597;
10.06.2025;14:17:09.279;FEBD SI 20271217 CS;SIMPLE_INSTRUMENT;BLOCK;EUR;21;9.83000000;500;PRC_DECOMP_EXCHANGE;;;;XEUR;7776307;597;EXCHANGE
10.06.2025;14:17:09.279;FEBD SI 20281215 CS;SIMPLE_INSTRUMENT;BLOCK;EUR;21;9.20000000;500;PRC_DECOMP_EXCHANGE;;;;XEUR;7776305;597;EXCHANGE
10.06.2025;14:21:52.478;FEBD SI 20271217 CS;SIMPLE_INSTRUMENT;BLOCK;EUR;22;9.70000000;500;EXCHANGE_LAST;;1;1;XEUR;7776307;597;
10.06.2025;14:21:36.476;FEBD SI 20281215 CS;SIMPLE_INSTRUMENT;BLOCK;EUR;23;9.08000000;500;EXCHANGE_LAST;;1;1;XEUR;7776305;597;
10.06.2025;14:49:01.881;FEBD SI 20271217 CS;SIMPLE_INSTRUMENT;BLOCK;EUR;24;9.90000000;3463;EXCHANGE_LAST;;1;1;XEUR;7776307;597;
10.06.2025;14:46:26.397;FEBD SI 20261218 CS;SIMPLE_INSTRUMENT;BLOCK;EUR;25;10.49000000;2752;EXCHANGE_LAST;;1;1;XEUR;7158212;597;
10.06.2025;14:55:37.437;FEBD.S.DEC27.DEC28.SPD;FUTURES_SPREAD;BLOCK;EUR;26;0.68000000;1250;EXCHANGE_LAST;;1;2;XEUR;72060158133407041;597;
10.06.2025;14:55:37.437;FEBD SI 20281215 CS;SIMPLE_INSTRUMENT;BLOCK;EUR;26;9.07000000;1250;PRC_DECOMP_MEMBER;;;;XEUR;7776305;597;MEMBER
10.06.2025;14:55:37.437;FEBD SI 20271217 CS;SIMPLE_INSTRUMENT;BLOCK;EUR;26;9.75000000;1250;PRC_DECOMP_MEMBER;;;;XEUR;7776307;597;MEMBER
10.06.2025;15:57:47.938;FEBD SI 20271217 CS;SIMPLE_INSTRUMENT;BLOCK;EUR;48;9.76000000;200;EXCHANGE_LAST;;1;1;XEUR;7776307;597;
10.06.2025;08:22:23.800;FECX SI 20250620 CS;SIMPLE_INSTRUMENT;BLOCK;EUR;3;167.94000000;34;EXCHANGE_LAST;;1;1;XEUR;11949125;410158;
10.06.2025;15:16:50.090;FEDV SI 20250620 CS;SIMPLE_INSTRUMENT;BLOCK;EUR;32;1984.00000000;150;EXCHANGE_LAST;;1;1;XEUR;11880642;596;
10.06.2025;09:16:05.145;FESB SI 20250620 CS;SIMPLE_INSTRUMENT;BLOCK;EUR;61;202.50000000;5000;EXCHANGE_LAST;;1;1;XEUR;11880665;605;
10.06.2025;10:57:47.524;FESB.S.JUN25.SEP25.SPD;FUTURES_SPREAD;BLOCK;EUR;94;-0.74000000;10000;EXCHANGE_LAST;;2;2;XEUR;72060192493142112;605;
10.06.2025;10:57:47.524;FESB SI 20250919 CS;SIMPLE_INSTRUMENT;BLOCK;EUR;94;202.74000000;10000;PRC_DECOMP_MEMBER;;;;XEUR;12441572;605;MEMBER
10.06.2025;10:57:47.524;FESB SI 20250620 CS;SIMPLE_INSTRUMENT;BLOCK;EUR;94;202.00000000;10000;PRC_DECOMP_MEMBER;;;;XEUR;11880665;605;MEMBER
10.06.2025;11:17:39.003;FESB.S.JUN25.SEP25.SPD;FUTURES_SPREAD;BLOCK;EUR;96;-0.74000000;5000;EXCHANGE_LAST;;1;1;XEUR;72060192493142112;605;
10.06.2025;11:17:39.003;FESB SI 20250919 CS;SIMPLE_INSTRUMENT;BLOCK;EUR;96;202.74000000;5000;PRC_DECOMP_MEMBER;;;;XEUR;12441572;605;MEMBER
10.06.2025;11:17:39.003;FESB SI 20250620 CS;SIMPLE_INSTRUMENT;BLOCK;EUR;96;202.00000000;5000;PRC_DECOMP_MEMBER;;;;XEUR;11880665;605;MEMBER
10.06.2025;14:40:51.267;FESB.S.JUN25.SEP25.SPD;FUTURES_SPREAD;BLOCK;EUR;112;-0.76000000;2000;EXCHANGE_LAST;;1;1;XEUR;72060192493142112;605;
10.06.2025;14:40:51.267;FESB SI 20250620 CS;SIMPLE_INSTRUMENT;BLOCK;EUR;112;202.30000000;2000;PRC_DECOMP_MEMBER;;;;XEUR;11880665;605;MEMBER
10.06.2025;14:40:51.267;FESB SI 20250919 CS;SIMPLE_INSTRUMENT;BLOCK;EUR;112;203.06000000;2000;PRC_DECOMP_MEMBER;;;;XEUR;12441572;605;MEMBER
10.06.2025;09:55:21.004;FESB SI 20250620 CS;SIMPLE_INSTRUMENT;VOLA;EUR;603979798;202.10000000;210;EXCHANGE_LAST;;1;1;XEUR;11880665;605;
10.06.2025;10:44:48.169;FESB SI 20250620 CS;SIMPLE_INSTRUMENT;VOLA;EUR;603979810;206.00000000;60;EXCHANGE_LAST;;1;1;XEUR;11880665;605;
10.06.2025;12:21:00.891;FESB SI 20250620 CS;SIMPLE_INSTRUMENT;VOLA;EUR;603979821;202.30000000;375;EXCHANGE_LAST;;1;1;XEUR;11880665;605;
10.06.2025;12:21:13.603;FESB SI 20250620 CS;SIMPLE_INSTRUMENT;VOLA;EUR;603979822;202.35000000;76;EXCHANGE_LAST;;1;1;XEUR;11880665;605;
10.06.2025;13:17:05.884;FESB SI 20250620 CS;SIMPLE_INSTRUMENT;VOLA;EUR;603979827;201.45000000;500;EXCHANGE_LAST;;1;1;XEUR;11880665;605;
10.06.2025;13:59:48.613;FESB SI 20250620 CS;SIMPLE_INSTRUMENT;VOLA;EUR;603979859;201.80000000;2;EXCHANGE_LAST;;1;1;XEUR;11880665;605;
10.06.2025;14:00:38.507;FESB SI 20250620 CS;SIMPLE_INSTRUMENT;VOLA;EUR;603979860;201.85000000;583;EXCHANGE_LAST;;1;1;XEUR;11880665;605;
10.06.2025;12:10:23.408;FESX.S.JUN25.SEP25.SPD;FUTURES_SPREAD;BLOCK;EUR;1;-21.00000000;8000;EXCHANGE_LAST;;1;1;XEUR;72060493140863850;675;
10.06.2025;12:10:23.408;FESX SI 20250919 CS;SIMPLE_INSTRUMENT;BLOCK;EUR;1;5440.00000000;8000;PRC_DECOMP_EXCHANGE;;;;XEUR;8380551;675;EXCHANGE
10.06.2025;12:10:23.408;FESX SI 20250620 CS;SIMPLE_INSTRUMENT;BLOCK;EUR;1;5419.00000000;8000;PRC_DECOMP_EXCHANGE;;;;XEUR;7904020;675;EXCHANGE
10.06.2025;13:22:49.186;FESX SI 20250620 CS;SIMPLE_INSTRUMENT;BLOCK;EUR;2;5421.00000000;2320;EXCHANGE_LAST;;1;1;XEUR;7904020;675;
10.06.2025;13:58:03.025;FESX SI 20250620 CS;SIMPLE_INSTRUMENT;EFP_IDX;EUR;3;5420.00000000;1000;EXCHANGE_LAST;;1;1;XEUR;7904020;675;
10.06.2025;14:15:19.529;FESX SI 20250620 CS;SIMPLE_INSTRUMENT;EFP_IDX;EUR;4;5420.00000000;1000;EXCHANGE_LAST;;1;1;XEUR;7904020;675;
10.06.2025;15:53:44.157;FESX SI 20250620 CS;SIMPLE_INSTRUMENT;EFP_IDX;EUR;5;5416.00000000;1490;EXCHANGE_LAST;;1;1;XEUR;7904020;675;
10.06.2025;15:52:58.071;FESX SI 20250620 CS;SIMPLE_INSTRUMENT;EFP_IDX;EUR;6;5417.00000000;510;EXCHANGE_LAST;;1;1;XEUR;7904020;675;
10.06.2025;15:42:10.792;FESX SI 20250620 CS;SIMPLE_INSTRUMENT;EFP_IDX;EUR;7;5416.00000000;298;EXCHANGE_LAST;;1;1;XEUR;7904020;675;
10.06.2025;15:42:21.123;FESX SI 20250620 CS;SIMPLE_INSTRUMENT;EFP_IDX;EUR;8;5417.00000000;102;EXCHANGE_LAST;;1;1;XEUR;7904020;675;
10.06.2025;15:43:05.606;FESX SI 20250620 CS;SIMPLE_INSTRUMENT;EFP_IDX;EUR;9;5416.00000000;620;EXCHANGE_LAST;;1;1;XEUR;7904020;675;
10.06.2025;15:43:15.526;FESX SI 20250620 CS;SIMPLE_INSTRUMENT;EFP_IDX;EUR;10;5417.00000000;380;EXCHANGE_LAST;;1;1;XEUR;7904020;675;
10.06.2025;15:44:51.361;FESX SI 20250620 CS;SIMPLE_INSTRUMENT;EFP_IDX;EUR;11;5416.00000000;539;EXCHANGE_LAST;;1;1;XEUR;7904020;675;
10.06.2025;15:44:57.344;FESX SI 20250620 CS;SIMPLE_INSTRUMENT;EFP_IDX;EUR;12;5417.00000000;331;EXCHANGE_LAST;;1;1;XEUR;7904020;675;
10.06.2025;15:49:53.375;FESX SI 20250620 CS;SIMPLE_INSTRUMENT;EFP_IDX;EUR;13;5417.00000000;190;EXCHANGE_LAST;;1;1;XEUR;7904020;675;
10.06.2025;15:50:09.035;FESX SI 20250620 CS;SIMPLE_INSTRUMENT;EFP_IDX;EUR;14;5416.00000000;310;EXCHANGE_LAST;;1;1;XEUR;7904020;675;
10.06.2025;15:46:42.662;FESX SI 20250620 CS;SIMPLE_INSTRUMENT;EFP_IDX;EUR;15;5417.00000000;1785;EXCHANGE_LAST;;1;1;XEUR;7904020;675;
10.06.2025;15:47:00.315;FESX SI 20250620 CS;SIMPLE_INSTRUMENT;BLOCK;EUR;16;5416.00000000;5215;EXCHANGE_LAST;;1;1;XEUR;7904020;675;
10.06.2025;15:46:51.721;FESX SI 20250620 CS;SIMPLE_INSTRUMENT;EFP_IDX;EUR;17;5417.00000000;128;EXCHANGE_LAST;;1;1;XEUR;7904020;675;
10.06.2025;15:47:08.749;FESX SI 20250620 CS;SIMPLE_INSTRUMENT;EFP_IDX;EUR;18;5416.00000000;372;EXCHANGE_LAST;;1;1;XEUR;7904020;675;
10.06.2025;15:53:34.105;FESX SI 20250620 CS;SIMPLE_INSTRUMENT;BLOCK;EUR;19;5425.00000000;3000;EXCHANGE_LAST;;1;1;XEUR;7904020;675;
10.06.2025;08:28:26.459;FESX SI 20250620 CS;SIMPLE_INSTRUMENT;VOLA;EUR;637534226;5405.00000000;153;EXCHANGE_LAST;;1;1;XEUR;7904020;675;
10.06.2025;08:43:05.935;FESX SI 20250620 CS;SIMPLE_INSTRUMENT;VOLA;EUR;637534233;5408.00000000;146;EXCHANGE_LAST;;1;1;XEUR;7904020;675;
10.06.2025;08:52:50.560;FESX SI 20250620 CS;SIMPLE_INSTRUMENT;VOLA;EUR;637534238;5405.00000000;220;EXCHANGE_LAST;;1;1;XEUR;7904020;675;
10.06.2025;10:19:35.257;FESX SI 20250620 CS;SIMPLE_INSTRUMENT;VOLA;EUR;637534266;5410.00000000;160;EXCHANGE_LAST;;1;1;XEUR;7904020;675;
10.06.2025;10:37:07.458;FESX SI 20250620 CS;SIMPLE_INSTRUMENT;VOLA;EUR;637534272;5410.00000000;2;EXCHANGE_LAST;;1;1;XEUR;7904020;675;
10.06.2025;10:38:06.294;FESX SI 20250620 CS;SIMPLE_INSTRUMENT;VOLA;EUR;637534273;5410.00000000;3;EXCHANGE_LAST;;1;1;XEUR;7904020;675;
10.06.2025;14:40:05.779;FESX SI 20250620 CS;SIMPLE_INSTRUMENT;VOLA;EUR;637534328;5395.00000000;15;EXCHANGE_LAST;;1;1;XEUR;7904020;675;
10.06.2025;10:42:00.410;FEU3 SI 20251215 CS;SIMPLE_INSTRUMENT;BLOCK;EUR;14;98.21000000;3000;EXCHANGE_LAST;;1;1;XEUR;4624157;702;
10.06.2025;08:08:43.030;FEXD SI 20261218 CS;SIMPLE_INSTRUMENT;BLOCK;EUR;1;156.40000000;275;EXCHANGE_LAST;;1;1;XEUR;2163053;693;
10.06.2025;08:09:01.788;FEXD SI 20261218 CS;SIMPLE_INSTRUMENT;BLOCK;EUR;2;156.50000000;275;EXCHANGE_LAST;;1;1;XEUR;2163053;693;
10.06.2025;09:10:10.707;FEXD SI 20261218 CS;SIMPLE_INSTRUMENT;BLOCK;EUR;8;156.40000000;250;EXCHANGE_LAST;;1;1;XEUR;2163053;693;
10.06.2025;09:19:21.043;FEXD SI 20261218 CS;SIMPLE_INSTRUMENT;BLOCK;EUR;9;156.40000000;250;EXCHANGE_LAST;;1;1;XEUR;2163053;693;
10.06.2025;09:37:10.769;FEXD SI 20281215 CS;SIMPLE_INSTRUMENT;BLOCK;EUR;12;148.60000000;120;EXCHANGE_LAST;;1;1;XEUR;3680985;693;
10.06.2025;09:37:15.070;FEXD SI 20301220 CS;SIMPLE_INSTRUMENT;BLOCK;EUR;13;142.80000000;120;EXCHANGE_LAST;;1;1;XEUR;5914108;693;
10.06.2025;10:14:46.206;FEXD SI 20261218 CS;SIMPLE_INSTRUMENT;BLOCK;EUR;14;156.30000000;750;EXCHANGE_LAST;;1;1;XEUR;2163053;693;
10.06.2025;12:41:36.044;FEXD SI 20271217 CS;SIMPLE_INSTRUMENT;BLOCK;EUR;16;152.20000000;181;EXCHANGE_LAST;;1;1;XEUR;2848338;693;
10.06.2025;13:01:01.617;FEXD SI 20281215 CS;SIMPLE_INSTRUMENT;BLOCK;EUR;17;148.70000000;150;EXCHANGE_LAST;;1;1;XEUR;3680985;693;
10.06.2025;15:00:30.456;FEXD SI 20271217 CS;SIMPLE_INSTRUMENT;BLOCK;EUR;27;152.00000000;1450;EXCHANGE_LAST;;3;1;XEUR;2848338;693;
10.06.2025;11:13:04.341;FEXD SI 20271217 CS;SIMPLE_INSTRUMENT;VOLA;EUR;301989894;152.00000000;397;EXCHANGE_LAST;;1;1;XEUR;2848338;693;
10.06.2025;07:09:22.427;FGBL SI 20250908 PS;SIMPLE_INSTRUMENT;EFS;EUR;1;130.50000000;425;EXCHANGE_LAST;;1;1;XEUR;12372482;688;
10.06.2025;07:19:37.252;FGBL SI 20250908 PS;SIMPLE_INSTRUMENT;EFS;EUR;2;130.70000000;98;EXCHANGE_LAST;;1;1;XEUR;12372482;688;
10.06.2025;07:26:23.147;FGBL SI 20250908 PS;SIMPLE_INSTRUMENT;EFS;EUR;3;130.67000000;425;EXCHANGE_LAST;;1;1;XEUR;12372482;688;
10.06.2025;07:37:21.171;FGBL SI 20250908 PS;SIMPLE_INSTRUMENT;EFP_FIN;EUR;4;130.61000000;81;EXCHANGE_LAST;;1;1;XEUR;12372482;688;
10.06.2025;07:42:55.575;FGBL SI 20250908 PS;SIMPLE_INSTRUMENT;EFP_FIN;EUR;5;130.61000000;80;EXCHANGE_LAST;;1;1;XEUR;12372482;688;
10.06.2025;07:43:16.035;FGBL SI 20250908 PS;SIMPLE_INSTRUMENT;EFP_FIN;EUR;6;130.61000000;281;EXCHANGE_LAST;;1;1;XEUR;12372482;688;
10.06.2025;07:43:53.729;FGBL SI 20250908 PS;SIMPLE_INSTRUMENT;EFP_FIN;EUR;7;130.61000000;160;EXCHANGE_LAST;;1;1;XEUR;12372482;688;
10.06.2025;07:44:51.793;FGBL SI 20250908 PS;SIMPLE_INSTRUMENT;EFP_FIN;EUR;8;130.61000000;136;EXCHANGE_LAST;;1;1;XEUR;12372482;688;
10.06.2025;07:47:26.073;FGBL SI 20250908 PS;SIMPLE_INSTRUMENT;EFP_FIN;EUR;9;130.61000000;187;EXCHANGE_LAST;;1;1;XEUR;12372482;688;
10.06.2025;07:47:34.912;FGBL SI 20250908 PS;SIMPLE_INSTRUMENT;EFP_FIN;EUR;10;130.61000000;75;EXCHANGE_LAST;;1;1;XEUR;12372482;688;
10.06.2025;07:54:32.307;FGBL SI 20250908 PS;SIMPLE_INSTRUMENT;EFP_FIN;EUR;11;130.63000000;59;EXCHANGE_LAST;;1;1;XEUR;12372482;688;
10.06.2025;07:54:45.100;FGBL SI 20250908 PS;SIMPLE_INSTRUMENT;EFP_FIN;EUR;12;130.63000000;59;EXCHANGE_LAST;;1;1;XEUR;12372482;688;
10.06.2025;07:54:58.993;FGBL SI 20250908 PS;SIMPLE_INSTRUMENT;EFP_FIN;EUR;13;130.63000000;115;EXCHANGE_LAST;;1;1;XEUR;12372482;688;
10.06.2025;07:56:13.612;FGBL SI 20250908 PS;SIMPLE_INSTRUMENT;EFP_FIN;EUR;14;130.70000000;770;EXCHANGE_LAST;;1;1;XEUR;12372482;688;
10.06.2025;08:02:24.552;FGBL SI 20250908 PS;SIMPLE_INSTRUMENT;EFP_FIN;EUR;15;130.68000000;540;EXCHANGE_LAST;;1;1;XEUR;12372482;688;
10.06.2025;08:17:18.087;FGBL SI 20250908 PS;SIMPLE_INSTRUMENT;EFP_FIN;EUR;16;130.73000000;433;EXCHANGE_LAST;;1;1;XEUR;12372482;688;
10.06.2025;08:18:31.755;FGBL SI 20250908 PS;SIMPLE_INSTRUMENT;EFP_FIN;EUR;17;130.68000000;125;EXCHANGE_LAST;;1;1;XEUR;12372482;688;
10.06.2025;08:19:01.343;FGBL SI 20250908 PS;SIMPLE_INSTRUMENT;EFS;EUR;18;130.73000000;210;EXCHANGE_LAST;;1;1;XEUR;12372482;688;
10.06.2025;08:22:53.925;FGBL SI 20250908 PS;SIMPLE_INSTRUMENT;EFP_FIN;EUR;19;130.69000000;699;EXCHANGE_LAST;;1;1;XEUR;12372482;688;
10.06.2025;08:23:16.427;FGBL SI 20250908 PS;SIMPLE_INSTRUMENT;EFS;EUR;20;130.67000000;485;EXCHANGE_LAST;;1;1;XEUR;12372482;688;
10.06.2025;08:32:16.178;FGBL SI 20250908 PS;SIMPLE_INSTRUMENT;EFP_FIN;EUR;21;130.69000000;181;EXCHANGE_LAST;;1;1;XEUR;12372482;688;
10.06.2025;08:32:16.178;FGBL SI 20250908 PS;SIMPLE_INSTRUMENT;EFP_FIN;EUR;22;130.69000000;541;EXCHANGE_LAST;;1;1;XEUR;12372482;688;
10.06.2025;08:32:48.797;FGBL SI 20250908 PS;SIMPLE_INSTRUMENT;EFP_FIN;EUR;23;130.67000000;1027;EXCHANGE_LAST;;1;1;XEUR;12372482;688;
10.06.2025;08:33:02.536;FGBL SI 20250908 PS;SIMPLE_INSTRUMENT;EFS;EUR;24;130.67000000;210;EXCHANGE_LAST;;1;1;XEUR;12372482;688;
10.06.2025;08:33:51.287;FGBL SI 20250908 PS;SIMPLE_INSTRUMENT;EFS;EUR;25;130.67000000;210;EXCHANGE_LAST;;1;1;XEUR;12372482;688;
10.06.2025;08:34:27.645;FGBL SI 20250908 PS;SIMPLE_INSTRUMENT;EFS;EUR;26;130.67000000;210;EXCHANGE_LAST;;1;1;XEUR;12372482;688;
10.06.2025;08:35:01.147;FGBL SI 20250908 PS;SIMPLE_INSTRUMENT;EFS;EUR;27;130.67000000;210;EXCHANGE_LAST;;1;1;XEUR;12372482;688;
10.06.2025;08:35:04.035;FGBL SI 20250908 PS;SIMPLE_INSTRUMENT;EFP_FIN;EUR;28;130.67000000;231;EXCHANGE_LAST;;1;1;XEUR;12372482;688;
10.06.2025;08:37:37.050;FGBL SI 20250908 PS;SIMPLE_INSTRUMENT;EFS;EUR;29;130.69000000;205;EXCHANGE_LAST;;1;1;XEUR;12372482;688;
10.06.2025;08:41:13.239;FGBL SI 20250908 PS;SIMPLE_INSTRUMENT;EFP_FIN;EUR;30;130.68000000;415;EXCHANGE_LAST;;1;1;XEUR;12372482;688;
10.06.2025;08:42:25.492;FGBL SI 20250908 PS;SIMPLE_INSTRUMENT;EFS;EUR;31;130.62000000;210;EXCHANGE_LAST;;1;1;XEUR;12372482;688;
10.06.2025;08:42:50.518;FGBL SI 20250908 PS;SIMPLE_INSTRUMENT;EFS;EUR;32;130.62000000;840;EXCHANGE_LAST;;1;1;XEUR;12372482;688;
10.06.2025;08:43:45.558;FGBL SI 20250908 PS;SIMPLE_INSTRUMENT;EFS;EUR;33;130.63000000;421;EXCHANGE_LAST;;1;1;XEUR;12372482;688;
10.06.2025;08:49:13.207;FGBL SI 20250908 PS;SIMPLE_INSTRUMENT;EFS;EUR;34;130.63000000;169;EXCHANGE_LAST;;1;1;XEUR;12372482;688;
10.06.2025;08:54:38.565;FGBL SI 20250908 PS;SIMPLE_INSTRUMENT;EFP_FIN;EUR;35;130.69000000;189;EXCHANGE_LAST;;1;1;XEUR;12372482;688;
10.06.2025;08:55:28.660;FGBL SI 20250908 PS;SIMPLE_INSTRUMENT;EFS;EUR;36;130.68000000;210;EXCHANGE_LAST;;1;1;XEUR;12372482;688;
10.06.2025;08:57:57.214;FGBL SI 20250908 PS;SIMPLE_INSTRUMENT;EFP_FIN;EUR;37;130.68000000;385;EXCHANGE_LAST;;1;1;XEUR;12372482;688;
10.06.2025;08:59:01.626;FGBL SI 20250908 PS;SIMPLE_INSTRUMENT;EFS;EUR;38;130.64000000;137;EXCHANGE_LAST;;1;1;XEUR;12372482;688;
10.06.2025;09:02:56.949;FGBL SI 20250908 PS;SIMPLE_INSTRUMENT;EFP_FIN;EUR;39;130.63000000;203;EXCHANGE_LAST;;1;1;XEUR;12372482;688;
10.06.2025;09:15:13.214;FGBL SI 20250908 PS;SIMPLE_INSTRUMENT;EFS;EUR;40;130.63000000;1333;EXCHANGE_LAST;;1;1;XEUR;12372482;688;
10.06.2025;09:18:08.604;FGBL SI 20250908 PS;SIMPLE_INSTRUMENT;EFP_FIN;EUR;41;130.68000000;415;EXCHANGE_LAST;;1;1;XEUR;12372482;688;
10.06.2025;09:38:52.298;FGBL SI 20250908 PS;SIMPLE_INSTRUMENT;EFP_FIN;EUR;42;130.66000000;831;EXCHANGE_LAST;;1;1;XEUR;12372482;688;
10.06.2025;09:44:26.238;FGBL SI 20250908 PS;SIMPLE_INSTRUMENT;EFP_FIN;EUR;43;130.67000000;269;EXCHANGE_LAST;;1;1;XEUR;12372482;688;
10.06.2025;09:53:59.224;FGBL SI 20250908 PS;SIMPLE_INSTRUMENT;EFP_FIN;EUR;44;130.63000000;161;EXCHANGE_LAST;;1;1;XEUR;12372482;688;
10.06.2025;10:00:14.779;FGBL SI 20250908 PS;SIMPLE_INSTRUMENT;EFS;EUR;45;130.69000000;192;EXCHANGE_LAST;;1;1;XEUR;12372482;688;
10.06.2025;10:01:17.581;FGBL SI 20250908 PS;SIMPLE_INSTRUMENT;EFS;EUR;46;130.70000000;340;EXCHANGE_LAST;;1;1;XEUR;12372482;688;
10.06.2025;10:04:08.489;FGBL SI 20250908 PS;SIMPLE_INSTRUMENT;EFP_FIN;EUR;47;130.63000000;238;EXCHANGE_LAST;;1;1;XEUR;12372482;688;
10.06.2025;10:04:13.084;FGBL SI 20250908 PS;SIMPLE_INSTRUMENT;EFP_FIN;EUR;48;130.66000000;833;EXCHANGE_LAST;;1;1;XEUR;12372482;688;
10.06.2025;10:06:03.079;FGBL SI 20250908 PS;SIMPLE_INSTRUMENT;EFS;EUR;49;130.63000000;485;EXCHANGE_LAST;;1;1;XEUR;12372482;688;
10.06.2025;10:08:02.874;FGBL SI 20250908 PS;SIMPLE_INSTRUMENT;EFP_FIN;EUR;50;130.63000000;54;EXCHANGE_LAST;;1;1;XEUR;12372482;688;
10.06.2025;10:08:28.876;FGBL SI 20250908 PS;SIMPLE_INSTRUMENT;EFP_FIN;EUR;51;130.63000000;136;EXCHANGE_LAST;;1;1;XEUR;12372482;688;
10.06.2025;10:10:13.271;FGBL SI 20250908 PS;SIMPLE_INSTRUMENT;EFS;EUR;52;130.62000000;213;EXCHANGE_LAST;;1;1;XEUR;12372482;688;
10.06.2025;10:10:37.448;FGBL SI 20250908 PS;SIMPLE_INSTRUMENT;EFP_FIN;EUR;53;130.63000000;81;EXCHANGE_LAST;;1;1;XEUR;12372482;688;
10.06.2025;10:11:40.732;FGBL SI 20250908 PS;SIMPLE_INSTRUMENT;EFP_FIN;EUR;54;130.63000000;99;EXCHANGE_LAST;;1;1;XEUR;12372482;688;
10.06.2025;10:13:40.247;FGBL SI 20250908 PS;SIMPLE_INSTRUMENT;EFP_FIN;EUR;55;130.63000000;203;EXCHANGE_LAST;;1;1;XEUR;12372482;688;
10.06.2025;10:14:36.680;FGBL SI 20250908 PS;SIMPLE_INSTRUMENT;EFP_FIN;EUR;56;130.63000000;168;EXCHANGE_LAST;;1;1;XEUR;12372482;688;
10.06.2025;10:14:50.715;FGBL SI 20250908 PS;SIMPLE_INSTRUMENT;EFP_FIN;EUR;57;130.63000000;80;EXCHANGE_LAST;;1;1;XEUR;12372482;688;
10.06.2025;10:21:16.266;FGBL SI 20250908 PS;SIMPLE_INSTRUMENT;EFP_FIN;EUR;58;130.63000000;75;EXCHANGE_LAST;;1;1;XEUR;12372482;688;
10.06.2025;10:20:36.020;FGBL SI 20250908 PS;SIMPLE_INSTRUMENT;EFP_FIN;EUR;59;130.63000000;561;EXCHANGE_LAST;;1;1;XEUR;12372482;688;
10.06.2025;10:22:27.257;FGBL SI 20250908 PS;SIMPLE_INSTRUMENT;EFP_FIN;EUR;60;130.63000000;659;EXCHANGE_LAST;;1;1;XEUR;12372482;688;
10.06.2025;10:42:09.398;FGBL SI 20250908 PS;SIMPLE_INSTRUMENT;EFP_FIN;EUR;61;130.66000000;190;EXCHANGE_LAST;;1;1;XEUR;12372482;688;
10.06.2025;10:47:00.418;FGBL SI 20250908 PS;SIMPLE_INSTRUMENT;EFP_FIN;EUR;62;130.60000000;88;EXCHANGE_LAST;;1;1;XEUR;12372482;688;
10.06.2025;10:48:07.767;FGBL SI 20250908 PS;SIMPLE_INSTRUMENT;EFS;EUR;63;130.69000000;100;EXCHANGE_LAST;;1;1;XEUR;12372482;688;
10.06.2025;10:48:26.357;FGBL SI 20250908 PS;SIMPLE_INSTRUMENT;EFS;EUR;64;130.66000000;445;EXCHANGE_LAST;;1;1;XEUR;12372482;688;
10.06.2025;10:52:32.502;FGBL SI 20250908 PS;SIMPLE_INSTRUMENT;EFS;EUR;65;130.65000000;445;EXCHANGE_LAST;;1;1;XEUR;12372482;688;
10.06.2025;10:56:47.344;FGBL SI 20250908 PS;SIMPLE_INSTRUMENT;BLOCK;EUR;66;130.68000000;9000;EXCHANGE_LAST;;1;1;XEUR;12372482;688;
10.06.2025;11:04:35.586;FGBL SI 20250908 PS;SIMPLE_INSTRUMENT;EFS;EUR;67;130.74000000;242;EXCHANGE_LAST;;1;1;XEUR;12372482;688;
10.06.2025;11:04:10.746;FGBL SI 20250908 PS;SIMPLE_INSTRUMENT;EFP_FIN;EUR;68;130.63000000;65;EXCHANGE_LAST;;1;1;XEUR;12372482;688;
10.06.2025;11:09:55.441;FGBL SI 20250908 PS;SIMPLE_INSTRUMENT;EFS;EUR;69;130.65000000;485;EXCHANGE_LAST;;1;1;XEUR;12372482;688;
10.06.2025;11:15:00.726;FGBL SI 20250908 PS;SIMPLE_INSTRUMENT;EFS;EUR;70;130.67000000;160;EXCHANGE_LAST;;1;1;XEUR;12372482;688;
10.06.2025;11:19:30.074;FGBL SI 20250908 PS;SIMPLE_INSTRUMENT;EFS;EUR;71;130.82000000;420;EXCHANGE_LAST;;1;1;XEUR;12372482;688;
10.06.2025;11:26:52.794;FGBL SI 20250908 PS;SIMPLE_INSTRUMENT;EFP_FIN;EUR;72;130.81000000;943;EXCHANGE_LAST;;1;1;XEUR;12372482;688;
10.06.2025;11:31:35.869;FGBL SI 20250908 PS;SIMPLE_INSTRUMENT;EFS;EUR;73;130.82000000;424;EXCHANGE_LAST;;1;1;XEUR;12372482;688;
10.06.2025;11:34:51.971;FGBL SI 20250908 PS;SIMPLE_INSTRUMENT;EFS;EUR;74;130.81000000;242;EXCHANGE_LAST;;1;1;XEUR;12372482;688;
10.06.2025;11:48:34.706;FGBL SI 20250908 PS;SIMPLE_INSTRUMENT;EFS;EUR;75;130.81000000;242;EXCHANGE_LAST;;1;1;XEUR;12372482;688;
10.06.2025;11:37:58.245;FGBL SI 20250908 PS;SIMPLE_INSTRUMENT;EFS;EUR;76;130.80000000;1060;EXCHANGE_LAST;;1;1;XEUR;12372482;688;
10.06.2025;11:45:46.362;FGBL SI 20250908 PS;SIMPLE_INSTRUMENT;EFS;EUR;77;130.79000000;212;EXCHANGE_LAST;;1;1;XEUR;12372482;688;
10.06.2025;11:49:27.392;FGBL SI 20250908 PS;SIMPLE_INSTRUMENT;EFS;EUR;78;130.80000000;420;EXCHANGE_LAST;;1;1;XEUR;12372482;688;
10.06.2025;11:56:53.157;FGBL SI 20250908 PS;SIMPLE_INSTRUMENT;EFP_FIN;EUR;79;130.81000000;822;EXCHANGE_LAST;;1;1;XEUR;12372482;688;
10.06.2025;11:57:24.451;FGBL SI 20250908 PS;SIMPLE_INSTRUMENT;EFS;EUR;80;130.83000000;100;EXCHANGE_LAST;;1;1;XEUR;12372482;688;
10.06.2025;12:00:51.041;FGBL SI 20250908 PS;SIMPLE_INSTRUMENT;EFS;EUR;81;130.83000000;424;EXCHANGE_LAST;;1;1;XEUR;12372482;688;
10.06.2025;12:04:03.349;FGBL SI 20250908 PS;SIMPLE_INSTRUMENT;EFP_FIN;EUR;82;130.80000000;253;EXCHANGE_LAST;;1;1;XEUR;12372482;688;
10.06.2025;12:06:40.859;FGBL SI 20250908 PS;SIMPLE_INSTRUMENT;EFP_FIN;EUR;83;130.82000000;600;EXCHANGE_LAST;;1;1;XEUR;12372482;688;
10.06.2025;12:07:06.201;FGBL SI 20250908 PS;SIMPLE_INSTRUMENT;EFS;EUR;84;130.80000000;420;EXCHANGE_LAST;;1;1;XEUR;12372482;688;
10.06.2025;12:08:12.458;FGBL SI 20250908 PS;SIMPLE_INSTRUMENT;BLOCK;EUR;85;130.80000000;2907;EXCHANGE_LAST;;1;1;XEUR;12372482;688;
10.06.2025;12:11:57.237;FGBL SI 20250908 PS;SIMPLE_INSTRUMENT;EFS;EUR;86;130.81000000;97;EXCHANGE_LAST;;1;1;XEUR;12372482;688;
10.06.2025;12:13:31.487;FGBL SI 20250908 PS;SIMPLE_INSTRUMENT;EFS;EUR;87;130.83000000;210;EXCHANGE_LAST;;1;1;XEUR;12372482;688;
10.06.2025;12:14:06.517;FGBL SI 20250908 PS;SIMPLE_INSTRUMENT;EFS;EUR;88;130.86000000;419;EXCHANGE_LAST;;1;1;XEUR;12372482;688;
10.06.2025;12:20:18.496;FGBL SI 20250908 PS;SIMPLE_INSTRUMENT;EFP_FIN;EUR;89;130.82000000;200;EXCHANGE_LAST;;1;1;XEUR;12372482;688;
10.06.2025;12:19:52.425;FGBL SI 20250908 PS;SIMPLE_INSTRUMENT;EFP_FIN;EUR;90;130.81000000;827;EXCHANGE_LAST;;1;1;XEUR;12372482;688;
10.06.2025;12:20:24.454;FGBL SI 20250908 PS;SIMPLE_INSTRUMENT;EFS;EUR;91;130.80000000;242;EXCHANGE_LAST;;1;1;XEUR;12372482;688;
10.06.2025;12:21:57.068;FGBL SI 20250908 PS;SIMPLE_INSTRUMENT;EFP_FIN;EUR;92;130.65000000;330;EXCHANGE_LAST;;1;1;XEUR;12372482;688;
10.06.2025;12:22:18.178;FGBL SI 20250908 PS;SIMPLE_INSTRUMENT;EFP_FIN;EUR;93;130.80000000;208;EXCHANGE_LAST;;1;1;XEUR;12372482;688;
10.06.2025;12:23:06.701;FGBL SI 20250908 PS;SIMPLE_INSTRUMENT;EFS;EUR;94;130.84000000;110;EXCHANGE_LAST;;1;1;XEUR;12372482;688;
10.06.2025;12:23:08.641;FGBL SI 20250908 PS;SIMPLE_INSTRUMENT;EFS;EUR;95;130.81000000;382;EXCHANGE_LAST;;1;1;XEUR;12372482;688;
10.06.2025;12:30:45.879;FGBL SI 20250908 PS;SIMPLE_INSTRUMENT;EFS;EUR;96;130.82000000;97;EXCHANGE_LAST;;1;1;XEUR;12372482;688;
10.06.2025;12:45:47.659;FGBL SI 20250908 PS;SIMPLE_INSTRUMENT;EFS;EUR;97;130.85000000;968;EXCHANGE_LAST;;1;1;XEUR;12372482;688;
10.06.2025;12:57:15.225;FGBL SI 20250908 PS;SIMPLE_INSTRUMENT;EFP_FIN;EUR;98;130.80000000;284;EXCHANGE_LAST;;1;1;XEUR;12372482;688;
10.06.2025;13:08:56.514;FGBL SI 20250908 PS;SIMPLE_INSTRUMENT;EFS;EUR;99;130.84000000;210;EXCHANGE_LAST;;1;1;XEUR;12372482;688;
10.06.2025;13:09:07.983;FGBL SI 20250908 PS;SIMPLE_INSTRUMENT;EFP_FIN;EUR;100;130.82000000;191;EXCHANGE_LAST;;1;1;XEUR;12372482;688;
10.06.2025;13:09:46.000;FGBL SI 20250908 PS;SIMPLE_INSTRUMENT;EFS;EUR;101;130.84000000;420;EXCHANGE_LAST;;1;1;XEUR;12372482;688;
10.06.2025;13:25:44.332;FGBL SI 20250908 PS;SIMPLE_INSTRUMENT;EFS;EUR;102;130.85000000;210;EXCHANGE_LAST;;1;1;XEUR;12372482;688;
10.06.2025;13:27:45.146;FGBL SI 20250908 PS;SIMPLE_INSTRUMENT;EFS;EUR;103;130.84000000;423;EXCHANGE_LAST;;1;1;XEUR;12372482;688;
10.06.2025;13:27:51.783;FGBL SI 20250908 PS;SIMPLE_INSTRUMENT;EFS;EUR;104;130.83000000;1938;EXCHANGE_LAST;;1;1;XEUR;12372482;688;
10.06.2025;13:33:43.635;FGBL SI 20250908 PS;SIMPLE_INSTRUMENT;EFS;EUR;105;130.88000000;242;EXCHANGE_LAST;;1;1;XEUR;12372482;688;
10.06.2025;13:36:36.130;FGBL SI 20250908 PS;SIMPLE_INSTRUMENT;EFP_FIN;EUR;106;130.82000000;177;EXCHANGE_LAST;;1;1;XEUR;12372482;688;
10.06.2025;13:43:01.828;FGBL SI 20250908 PS;SIMPLE_INSTRUMENT;EFS;EUR;107;130.90000000;731;EXCHANGE_LAST;;1;1;XEUR;12372482;688;
10.06.2025;13:46:29.989;FGBL SI 20250908 PS;SIMPLE_INSTRUMENT;EFP_FIN;EUR;108;130.88000000;200;EXCHANGE_LAST;;1;1;XEUR;12372482;688;
10.06.2025;13:43:37.404;FGBL SI 20250908 PS;SIMPLE_INSTRUMENT;EFP_FIN;EUR;109;130.88000000;180;EXCHANGE_LAST;;1;1;XEUR;12372482;688;
10.06.2025;13:44:00.003;FGBL SI 20250908 PS;SIMPLE_INSTRUMENT;EFS;EUR;110;130.89000000;2120;EXCHANGE_LAST;;1;1;XEUR;12372482;688;
10.06.2025;13:44:23.997;FGBL SI 20250908 PS;SIMPLE_INSTRUMENT;EFP_FIN;EUR;111;130.88000000;280;EXCHANGE_LAST;;1;1;XEUR;12372482;688;
10.06.2025;13:44:55.150;FGBL SI 20250908 PS;SIMPLE_INSTRUMENT;EFP_FIN;EUR;112;130.88000000;200;EXCHANGE_LAST;;1;1;XEUR;12372482;688;
10.06.2025;13:44:55.332;FGBL SI 20250908 PS;SIMPLE_INSTRUMENT;EFP_FIN;EUR;113;130.88000000;131;EXCHANGE_LAST;;1;1;XEUR;12372482;688;
10.06.2025;13:55:58.894;FGBL SI 20250908 PS;SIMPLE_INSTRUMENT;EFS;EUR;114;130.95000000;242;EXCHANGE_LAST;;1;1;XEUR;12372482;688;
10.06.2025;13:58:30.874;FGBL SI 20250908 PS;SIMPLE_INSTRUMENT;EFS;EUR;115;130.91000000;210;EXCHANGE_LAST;;1;1;XEUR;12372482;688;
10.06.2025;14:00:40.571;FGBL SI 20250908 PS;SIMPLE_INSTRUMENT;EFS;EUR;116;130.92000000;1936;EXCHANGE_LAST;;1;1;XEUR;12372482;688;
10.06.2025;14:00:43.103;FGBL SI 20250908 PS;SIMPLE_INSTRUMENT;EFS;EUR;117;130.91000000;242;EXCHANGE_LAST;;1;1;XEUR;12372482;688;
10.06.2025;14:00:57.223;FGBL SI 20250908 PS;SIMPLE_INSTRUMENT;EFS;EUR;118;130.92000000;210;EXCHANGE_LAST;;1;1;XEUR;12372482;688;
10.06.2025;14:03:09.365;FGBL SI 20250908 PS;SIMPLE_INSTRUMENT;EFS;EUR;119;130.92000000;210;EXCHANGE_LAST;;1;1;XEUR;12372482;688;
10.06.2025;14:03:11.110;FGBL SI 20250908 PS;SIMPLE_INSTRUMENT;EFS;EUR;120;130.91000000;839;EXCHANGE_LAST;;1;1;XEUR;12372482;688;
10.06.2025;14:03:36.138;FGBL SI 20250908 PS;SIMPLE_INSTRUMENT;EFS;EUR;121;130.92000000;210;EXCHANGE_LAST;;1;1;XEUR;12372482;688;
10.06.2025;14:03:36.183;FGBL SI 20250908 PS;SIMPLE_INSTRUMENT;EFS;EUR;122;130.92000000;210;EXCHANGE_LAST;;1;1;XEUR;12372482;688;
10.06.2025;14:03:51.145;FGBL SI 20250908 PS;SIMPLE_INSTRUMENT;EFS;EUR;123;130.91000000;210;EXCHANGE_LAST;;1;1;XEUR;12372482;688;
10.06.2025;14:04:48.549;FGBL SI 20250908 PS;SIMPLE_INSTRUMENT;EFS;EUR;124;130.92000000;420;EXCHANGE_LAST;;1;1;XEUR;12372482;688;
10.06.2025;14:05:28.778;FGBL SI 20250908 PS;SIMPLE_INSTRUMENT;EFS;EUR;125;130.92000000;420;EXCHANGE_LAST;;1;1;XEUR;12372482;688;
10.06.2025;14:08:15.462;FGBL SI 20250908 PS;SIMPLE_INSTRUMENT;EFP_FIN;EUR;126;130.95000000;420;EXCHANGE_LAST;;1;1;XEUR;12372482;688;
10.06.2025;14:09:40.016;FGBL SI 20250908 PS;SIMPLE_INSTRUMENT;EFS;EUR;127;130.89000000;242;EXCHANGE_LAST;;1;1;XEUR;12372482;688;
10.06.2025;14:14:07.731;FGBL SI 20250908 PS;SIMPLE_INSTRUMENT;EFS;EUR;129;130.86000000;423;EXCHANGE_LAST;;1;1;XEUR;12372482;688;
10.06.2025;14:19:07.368;FGBL SI 20250908 PS;SIMPLE_INSTRUMENT;EFP_FIN;EUR;130;130.83000000;253;EXCHANGE_LAST;;1;1;XEUR;12372482;688;
10.06.2025;14:19:43.950;FGBL SI 20250908 PS;SIMPLE_INSTRUMENT;EFS;EUR;131;130.88000000;210;EXCHANGE_LAST;;1;1;XEUR;12372482;688;
10.06.2025;14:22:53.214;FGBL SI 20250908 PS;SIMPLE_INSTRUMENT;EFS;EUR;132;130.88000000;210;EXCHANGE_LAST;;1;1;XEUR;12372482;688;
10.06.2025;14:24:13.311;FGBL SI 20250908 PS;SIMPLE_INSTRUMENT;EFS;EUR;133;130.82000000;210;EXCHANGE_LAST;;1;1;XEUR;12372482;688;
10.06.2025;14:28:36.859;FGBL SI 20250908 PS;SIMPLE_INSTRUMENT;EFS;EUR;134;130.82000000;420;EXCHANGE_LAST;;1;1;XEUR;12372482;688;
10.06.2025;14:25:19.560;FGBL SI 20250908 PS;SIMPLE_INSTRUMENT;EFS;EUR;135;130.82000000;242;EXCHANGE_LAST;;1;1;XEUR;12372482;688;
10.06.2025;14:27:03.957;FGBL SI 20250908 PS;SIMPLE_INSTRUMENT;EFS;EUR;136;130.82000000;85;EXCHANGE_LAST;;1;1;XEUR;12372482;688;
10.06.2025;14:28:56.660;FGBL SI 20250908 PS;SIMPLE_INSTRUMENT;EFP_FIN;EUR;137;130.83000000;289;EXCHANGE_LAST;;1;1;XEUR;12372482;688;
10.06.2025;14:31:35.973;FGBL SI 20250908 PS;SIMPLE_INSTRUMENT;EFS;EUR;138;130.88000000;270;EXCHANGE_LAST;;1;1;XEUR;12372482;688;
10.06.2025;14:31:50.941;FGBL SI 20250908 PS;SIMPLE_INSTRUMENT;EFP_FIN;EUR;139;130.81000000;351;EXCHANGE_LAST;;1;1;XEUR;12372482;688;
10.06.2025;14:32:04.697;FGBL SI 20250908 PS;SIMPLE_INSTRUMENT;BLOCK;EUR;140;130.77000000;3500;EXCHANGE_LAST;;1;1;XEUR;12372482;688;
10.06.2025;14:32:19.434;FGBL SI 20250908 PS;SIMPLE_INSTRUMENT;EFS;EUR;141;130.83000000;420;EXCHANGE_LAST;;1;1;XEUR;12372482;688;
10.06.2025;14:37:30.397;FGBL SI 20250908 PS;SIMPLE_INSTRUMENT;EFP_FIN;EUR;142;130.84000000;199;EXCHANGE_LAST;;1;1;XEUR;12372482;688;
10.06.2025;14:38:39.742;FGBL SI 20250908 PS;SIMPLE_INSTRUMENT;EFS;EUR;143;130.82000000;420;EXCHANGE_LAST;;1;1;XEUR;12372482;688;
10.06.2025;14:39:40.745;FGBL SI 20250908 PS;SIMPLE_INSTRUMENT;EFS;EUR;144;130.82000000;866;EXCHANGE_LAST;;1;1;XEUR;12372482;688;
10.06.2025;14:39:40.736;FGBL SI 20250908 PS;SIMPLE_INSTRUMENT;EFS;EUR;145;130.82000000;210;EXCHANGE_LAST;;1;1;XEUR;12372482;688;
10.06.2025;14:40:04.309;FGBL SI 20250908 PS;SIMPLE_INSTRUMENT;EFS;EUR;146;130.82000000;127;EXCHANGE_LAST;;1;1;XEUR;12372482;688;
10.06.2025;14:40:29.551;FGBL SI 20250908 PS;SIMPLE_INSTRUMENT;EFS;EUR;147;130.80000000;420;EXCHANGE_LAST;;1;1;XEUR;12372482;688;
10.06.2025;14:40:34.016;FGBL SI 20250908 PS;SIMPLE_INSTRUMENT;EFS;EUR;148;130.85000000;242;EXCHANGE_LAST;;1;1;XEUR;12372482;688;
10.06.2025;14:41:16.844;FGBL SI 20250908 PS;SIMPLE_INSTRUMENT;EFS;EUR;149;130.81000000;210;EXCHANGE_LAST;;1;1;XEUR;12372482;688;
10.06.2025;14:42:57.907;FGBL SI 20250908 PS;SIMPLE_INSTRUMENT;EFS;EUR;150;130.83000000;254;EXCHANGE_LAST;;1;1;XEUR;12372482;688;
10.06.2025;15:10:25.993;FGBL SI 20250908 PS;SIMPLE_INSTRUMENT;EFP_FIN;EUR;151;130.78000000;193;EXCHANGE_LAST;;1;1;XEUR;12372482;688;
10.06.2025;15:12:13.623;FGBL SI 20250908 PS;SIMPLE_INSTRUMENT;EFP_FIN;EUR;152;130.79000000;1540;EXCHANGE_LAST;;1;1;XEUR;12372482;688;
10.06.2025;15:19:38.421;FGBL SI 20250908 PS;SIMPLE_INSTRUMENT;EFS;EUR;153;130.78000000;210;EXCHANGE_LAST;;1;1;XEUR;12372482;688;
10.06.2025;15:22:53.997;FGBL SI 20250908 PS;SIMPLE_INSTRUMENT;EFS;EUR;154;130.79000000;969;EXCHANGE_LAST;;1;1;XEUR;12372482;688;
10.06.2025;15:29:18.841;FGBL SI 20250908 PS;SIMPLE_INSTRUMENT;EFS;EUR;155;130.80000000;210;EXCHANGE_LAST;;1;1;XEUR;12372482;688;
10.06.2025;15:30:12.710;FGBL SI 20250908 PS;SIMPLE_INSTRUMENT;EFS;EUR;157;130.81000000;339;EXCHANGE_LAST;;1;1;XEUR;12372482;688;
10.06.2025;15:37:35.072;FGBL SI 20250908 PS;SIMPLE_INSTRUMENT;EFS;EUR;158;130.80000000;425;EXCHANGE_LAST;;1;1;XEUR;12372482;688;
10.06.2025;15:39:10.647;FGBL SI 20250908 PS;SIMPLE_INSTRUMENT;EFS;EUR;159;130.82000000;1938;EXCHANGE_LAST;;1;1;XEUR;12372482;688;
10.06.2025;15:49:11.728;FGBL SI 20250908 PS;SIMPLE_INSTRUMENT;EFS;EUR;160;130.81000000;424;EXCHANGE_LAST;;1;1;XEUR;12372482;688;
10.06.2025;15:58:15.819;FGBL SI 20250908 PS;SIMPLE_INSTRUMENT;EFS;EUR;161;130.82000000;834;EXCHANGE_LAST;;1;1;XEUR;12372482;688;
10.06.2025;16:09:28.471;FGBL SI 20250908 PS;SIMPLE_INSTRUMENT;EFS;EUR;162;130.87000000;420;EXCHANGE_LAST;;1;1;XEUR;12372482;688;
10.06.2025;16:15:33.725;FGBL SI 20250908 PS;SIMPLE_INSTRUMENT;EFS;EUR;163;130.88000000;419;EXCHANGE_LAST;;1;1;XEUR;12372482;688;
10.06.2025;16:16:13.756;FGBL SI 20250908 PS;SIMPLE_INSTRUMENT;EFS;EUR;164;130.88000000;420;EXCHANGE_LAST;;1;1;XEUR;12372482;688;
10.06.2025;16:16:14.758;FGBL SI 20250908 PS;SIMPLE_INSTRUMENT;EFS;EUR;165;130.88000000;840;EXCHANGE_LAST;;1;1;XEUR;12372482;688;
10.06.2025;16:42:16.022;FGBL SI 20250908 PS;SIMPLE_INSTRUMENT;BLOCK;EUR;166;130.85000000;4119;EXCHANGE_LAST;;1;1;XEUR;12372482;688;
10.06.2025;07:39:01.969;FGBL SI 20250908 PS;SIMPLE_INSTRUMENT;VOLA;EUR;268435463;130.63000000;200;EXCHANGE_LAST;;1;1;XEUR;12372482;688;
10.06.2025;07:40:37.981;FGBL SI 20250908 PS;SIMPLE_INSTRUMENT;VOLA;EUR;268435464;130.63000000;100;EXCHANGE_LAST;;1;1;XEUR;12372482;688;
10.06.2025;07:41:04.985;FGBL SI 20250908 PS;SIMPLE_INSTRUMENT;VOLA;EUR;268435465;130.63000000;90;EXCHANGE_LAST;;1;1;XEUR;12372482;688;
10.06.2025;08:19:18.487;FGBL SI 20250908 PS;SIMPLE_INSTRUMENT;VOLA;EUR;268435468;130.66000000;104;EXCHANGE_LAST;;1;1;XEUR;12372482;688;
10.06.2025;08:42:07.147;FGBL SI 20250908 PS;SIMPLE_INSTRUMENT;VOLA;EUR;268435480;130.66000000;170;EXCHANGE_LAST;;1;1;XEUR;12372482;688;
10.06.2025;11:10:47.635;FGBL SI 20250908 PS;SIMPLE_INSTRUMENT;VOLA;EUR;268435495;130.65000000;160;EXCHANGE_LAST;;1;1;XEUR;12372482;688;
10.06.2025;11:11:27.640;FGBL SI 20250908 PS;SIMPLE_INSTRUMENT;VOLA;EUR;268435496;130.65000000;160;EXCHANGE_LAST;;1;1;XEUR;12372482;688;
10.06.2025;13:11:00.609;FGBL SI 20250908 PS;SIMPLE_INSTRUMENT;VOLA;EUR;268435503;130.81000000;20;EXCHANGE_LAST;;1;1;XEUR;12372482;688;
10.06.2025;15:35:56.364;FGBL SI 20250908 PS;SIMPLE_INSTRUMENT;VOLA;EUR;268435522;130.83000000;600;EXCHANGE_LAST;;1;1;XEUR;12372482;688;
10.06.2025;15:36:54.391;FGBL SI 20250908 PS;SIMPLE_INSTRUMENT;VOLA;EUR;268435523;130.83000000;300;EXCHANGE_LAST;;1;1;XEUR;12372482;688;
10.06.2025;07:19:25.923;FGBM SI 20250908 PS;SIMPLE_INSTRUMENT;EFP_FIN;EUR;1;117.79000000;215;EXCHANGE_LAST;;1;1;XEUR;12372483;689;
10.06.2025;07:32:52.734;FGBM SI 20250908 PS;SIMPLE_INSTRUMENT;EFP_FIN;EUR;2;117.79000000;429;EXCHANGE_LAST;;1;1;XEUR;12372483;689;
10.06.2025;07:30:36.509;FGBM SI 20250908 PS;SIMPLE_INSTRUMENT;EFP_FIN;EUR;3;117.78000000;83;EXCHANGE_LAST;;1;1;XEUR;12372483;689;
10.06.2025;07:30:59.570;FGBM SI 20250908 PS;SIMPLE_INSTRUMENT;EFP_FIN;EUR;4;117.78000000;61;EXCHANGE_LAST;;1;1;XEUR;12372483;689;
10.06.2025;07:33:43.651;FGBM SI 20250908 PS;SIMPLE_INSTRUMENT;EFP_FIN;EUR;5;117.79000000;429;EXCHANGE_LAST;;1;1;XEUR;12372483;689;
10.06.2025;07:35:54.823;FGBM SI 20250908 PS;SIMPLE_INSTRUMENT;EFP_FIN;EUR;6;117.78000000;162;EXCHANGE_LAST;;1;1;XEUR;12372483;689;
10.06.2025;07:36:24.339;FGBM SI 20250908 PS;SIMPLE_INSTRUMENT;EFP_FIN;EUR;7;117.78000000;365;EXCHANGE_LAST;;1;1;XEUR;12372483;689;
10.06.2025;07:37:01.504;FGBM SI 20250908 PS;SIMPLE_INSTRUMENT;EFP_FIN;EUR;8;117.78000000;162;EXCHANGE_LAST;;1;1;XEUR;12372483;689;
10.06.2025;07:38:44.974;FGBM SI 20250908 PS;SIMPLE_INSTRUMENT;EFS;EUR;9;117.76000000;661;EXCHANGE_LAST;;1;1;XEUR;12372483;689;
10.06.2025;08:03:19.653;FGBM SI 20250908 PS;SIMPLE_INSTRUMENT;EFP_FIN;EUR;10;117.80000000;258;EXCHANGE_LAST;;1;1;XEUR;12372483;689;
10.06.2025;07:58:59.820;FGBM SI 20250908 PS;SIMPLE_INSTRUMENT;EFS;EUR;11;117.80000000;440;EXCHANGE_LAST;;1;1;XEUR;12372483;689;
10.06.2025;07:59:50.649;FGBM SI 20250908 PS;SIMPLE_INSTRUMENT;EFP_FIN;EUR;12;117.79000000;1976;EXCHANGE_LAST;;1;1;XEUR;12372483;689;
10.06.2025;08:20:58.606;FGBM SI 20250908 PS;SIMPLE_INSTRUMENT;EFS;EUR;13;117.81000000;882;EXCHANGE_LAST;;1;1;XEUR;12372483;689;
10.06.2025;08:21:58.648;FGBM SI 20250908 PS;SIMPLE_INSTRUMENT;EFS;EUR;14;117.81000000;441;EXCHANGE_LAST;;1;1;XEUR;12372483;689;
10.06.2025;08:22:31.845;FGBM SI 20250908 PS;SIMPLE_INSTRUMENT;EFS;EUR;15;117.82000000;784;EXCHANGE_LAST;;1;1;XEUR;12372483;689;
10.06.2025;08:32:19.446;FGBM SI 20250908 PS;SIMPLE_INSTRUMENT;EFP_FIN;EUR;16;117.77000000;1288;EXCHANGE_LAST;;1;1;XEUR;12372483;689;
10.06.2025;08:36:26.188;FGBM SI 20250908 PS;SIMPLE_INSTRUMENT;EFP_FIN;EUR;17;117.80000000;321;EXCHANGE_LAST;;1;1;XEUR;12372483;689;
10.06.2025;08:43:53.370;FGBM SI 20250908 PS;SIMPLE_INSTRUMENT;EFP_FIN;EUR;18;117.77000000;981;EXCHANGE_LAST;;1;1;XEUR;12372483;689;
10.06.2025;08:49:02.207;FGBM SI 20250908 PS;SIMPLE_INSTRUMENT;EFS;EUR;19;117.76000000;342;EXCHANGE_LAST;;1;1;XEUR;12372483;689;
10.06.2025;08:49:44.726;FGBM SI 20250908 PS;SIMPLE_INSTRUMENT;EFP_FIN;EUR;20;117.81000000;55;EXCHANGE_LAST;;1;1;XEUR;12372483;689;
10.06.2025;08:50:44.524;FGBM SI 20250908 PS;SIMPLE_INSTRUMENT;EFS;EUR;21;117.79000000;440;EXCHANGE_LAST;;1;1;XEUR;12372483;689;
10.06.2025;08:51:35.296;FGBM SI 20250908 PS;SIMPLE_INSTRUMENT;EFS;EUR;22;117.79000000;881;EXCHANGE_LAST;;1;1;XEUR;12372483;689;
10.06.2025;08:52:03.394;FGBM SI 20250908 PS;SIMPLE_INSTRUMENT;EFS;EUR;23;117.79000000;881;EXCHANGE_LAST;;1;1;XEUR;12372483;689;
10.06.2025;08:52:45.914;FGBM SI 20250908 PS;SIMPLE_INSTRUMENT;EFP_FIN;EUR;24;117.76000000;350;EXCHANGE_LAST;;1;1;XEUR;12372483;689;
10.06.2025;08:53:05.288;FGBM SI 20250908 PS;SIMPLE_INSTRUMENT;EFS;EUR;25;117.79000000;2202;EXCHANGE_LAST;;1;1;XEUR;12372483;689;
10.06.2025;08:53:56.774;FGBM SI 20250908 PS;SIMPLE_INSTRUMENT;EFP_FIN;EUR;26;117.77000000;489;EXCHANGE_LAST;;1;1;XEUR;12372483;689;
10.06.2025;08:54:20.349;FGBM SI 20250908 PS;SIMPLE_INSTRUMENT;EFS;EUR;27;117.79000000;2202;EXCHANGE_LAST;;1;1;XEUR;12372483;689;
10.06.2025;08:55:16.984;FGBM SI 20250908 PS;SIMPLE_INSTRUMENT;EFP_FIN;EUR;28;117.80000000;86;EXCHANGE_LAST;;1;1;XEUR;12372483;689;
10.06.2025;08:59:00.237;FGBM SI 20250908 PS;SIMPLE_INSTRUMENT;EFP_FIN;EUR;29;117.76000000;644;EXCHANGE_LAST;;1;1;XEUR;12372483;689;
10.06.2025;09:05:37.178;FGBM SI 20250908 PS;SIMPLE_INSTRUMENT;EFS;EUR;31;117.77000000;881;EXCHANGE_LAST;;1;1;XEUR;12372483;689;
10.06.2025;09:10:40.272;FGBM SI 20250908 PS;SIMPLE_INSTRUMENT;EFP_FIN;EUR;32;117.75000000;1514;EXCHANGE_LAST;;1;1;XEUR;12372483;689;
10.06.2025;09:20:23.321;FGBM SI 20250908 PS;SIMPLE_INSTRUMENT;EFP_FIN;EUR;33;117.76000000;969;EXCHANGE_LAST;;1;1;XEUR;12372483;689;
10.06.2025;09:48:09.860;FGBM SI 20250908 PS;SIMPLE_INSTRUMENT;EFS;EUR;34;117.81000000;147;EXCHANGE_LAST;;1;1;XEUR;12372483;689;
10.06.2025;09:48:53.569;FGBM SI 20250908 PS;SIMPLE_INSTRUMENT;EFP_FIN;EUR;35;117.77000000;166;EXCHANGE_LAST;;1;1;XEUR;12372483;689;
10.06.2025;09:51:35.953;FGBM SI 20250908 PS;SIMPLE_INSTRUMENT;EFP_FIN;EUR;36;117.77000000;96;EXCHANGE_LAST;;1;1;XEUR;12372483;689;
10.06.2025;09:59:47.374;FGBM SI 20250908 PS;SIMPLE_INSTRUMENT;EFS;EUR;37;117.81000000;687;EXCHANGE_LAST;;1;1;XEUR;12372483;689;
10.06.2025;10:04:35.221;FGBM SI 20250908 PS;SIMPLE_INSTRUMENT;EFP_FIN;EUR;38;117.77000000;203;EXCHANGE_LAST;;1;1;XEUR;12372483;689;
10.06.2025;10:05:05.603;FGBM SI 20250908 PS;SIMPLE_INSTRUMENT;EFP_FIN;EUR;39;117.77000000;1625;EXCHANGE_LAST;;1;1;XEUR;12372483;689;
10.06.2025;10:05:37.118;FGBM SI 20250908 PS;SIMPLE_INSTRUMENT;EFP_FIN;EUR;40;117.77000000;203;EXCHANGE_LAST;;1;1;XEUR;12372483;689;
10.06.2025;10:06:20.914;FGBM SI 20250908 PS;SIMPLE_INSTRUMENT;EFP_FIN;EUR;41;117.77000000;162;EXCHANGE_LAST;;1;1;XEUR;12372483;689;
10.06.2025;10:19:11.366;FGBM SI 20250908 PS;SIMPLE_INSTRUMENT;EFP_FIN;EUR;42;117.80000000;429;EXCHANGE_LAST;;1;1;XEUR;12372483;689;
10.06.2025;10:28:28.446;FGBM SI 20250908 PS;SIMPLE_INSTRUMENT;EFP_FIN;EUR;43;117.81000000;1102;EXCHANGE_LAST;;1;1;XEUR;12372483;689;
10.06.2025;10:47:45.942;FGBM SI 20250908 PS;SIMPLE_INSTRUMENT;EFS;EUR;44;117.79000000;881;EXCHANGE_LAST;;1;1;XEUR;12372483;689;
10.06.2025;10:49:32.007;FGBM SI 20250908 PS;SIMPLE_INSTRUMENT;EFS;EUR;45;117.81000000;440;EXCHANGE_LAST;;1;1;XEUR;12372483;689;
10.06.2025;10:54:14.776;FGBM SI 20250908 PS;SIMPLE_INSTRUMENT;EFP_FIN;EUR;46;117.79000000;90;EXCHANGE_LAST;;1;1;XEUR;12372483;689;
10.06.2025;10:51:25.849;FGBM SI 20250908 PS;SIMPLE_INSTRUMENT;EFS;EUR;47;117.80000000;881;EXCHANGE_LAST;;1;1;XEUR;12372483;689;
10.06.2025;10:52:02.630;FGBM SI 20250908 PS;SIMPLE_INSTRUMENT;EFS;EUR;48;117.80000000;440;EXCHANGE_LAST;;1;1;XEUR;12372483;689;
10.06.2025;11:02:52.354;FGBM SI 20250908 PS;SIMPLE_INSTRUMENT;EFS;EUR;49;117.81000000;429;EXCHANGE_LAST;;1;1;XEUR;12372483;689;
10.06.2025;11:12:55.440;FGBM SI 20250908 PS;SIMPLE_INSTRUMENT;EFS;EUR;50;117.79000000;980;EXCHANGE_LAST;;1;1;XEUR;12372483;689;
10.06.2025;11:36:28.976;FGBM SI 20250908 PS;SIMPLE_INSTRUMENT;EFS;EUR;51;117.86000000;490;EXCHANGE_LAST;;1;1;XEUR;12372483;689;
10.06.2025;11:38:36.720;FGBM SI 20250908 PS;SIMPLE_INSTRUMENT;EFP_FIN;EUR;52;117.87000000;1976;EXCHANGE_LAST;;1;1;XEUR;12372483;689;
10.06.2025;11:56:09.246;FGBM SI 20250908 PS;SIMPLE_INSTRUMENT;EFP_FIN;EUR;53;117.70000000;1931;EXCHANGE_LAST;;1;1;XEUR;12372483;689;
10.06.2025;12:24:39.598;FGBM SI 20250908 PS;SIMPLE_INSTRUMENT;EFS;EUR;54;117.84000000;772;EXCHANGE_LAST;;1;1;XEUR;12372483;689;
10.06.2025;12:28:33.179;FGBM SI 20250908 PS;SIMPLE_INSTRUMENT;EFS;EUR;55;117.85000000;882;EXCHANGE_LAST;;1;1;XEUR;12372483;689;
10.06.2025;12:29:33.058;FGBM SI 20250908 PS;SIMPLE_INSTRUMENT;EFS;EUR;56;117.85000000;880;EXCHANGE_LAST;;1;1;XEUR;12372483;689;
10.06.2025;12:31:13.302;FGBM SI 20250908 PS;SIMPLE_INSTRUMENT;EFS;EUR;57;117.85000000;881;EXCHANGE_LAST;;1;1;XEUR;12372483;689;
10.06.2025;12:32:38.382;FGBM SI 20250908 PS;SIMPLE_INSTRUMENT;EFS;EUR;58;117.85000000;881;EXCHANGE_LAST;;1;1;XEUR;12372483;689;
10.06.2025;12:33:08.408;FGBM SI 20250908 PS;SIMPLE_INSTRUMENT;EFS;EUR;59;117.85000000;881;EXCHANGE_LAST;;1;1;XEUR;12372483;689;
10.06.2025;12:34:52.384;FGBM SI 20250908 PS;SIMPLE_INSTRUMENT;EFP_FIN;EUR;60;117.84000000;1717;EXCHANGE_LAST;;1;1;XEUR;12372483;689;
10.06.2025;12:49:21.691;FGBM SI 20250908 PS;SIMPLE_INSTRUMENT;EFP_FIN;EUR;61;117.84000000;244;EXCHANGE_LAST;;1;1;XEUR;12372483;689;
10.06.2025;12:48:46.223;FGBM SI 20250908 PS;SIMPLE_INSTRUMENT;EFP_FIN;EUR;62;117.86000000;1159;EXCHANGE_LAST;;1;1;XEUR;12372483;689;
10.06.2025;12:50:21.039;FGBM SI 20250908 PS;SIMPLE_INSTRUMENT;EFP_FIN;EUR;63;117.84000000;98;EXCHANGE_LAST;;1;1;XEUR;12372483;689;
10.06.2025;12:52:43.321;FGBM SI 20250908 PS;SIMPLE_INSTRUMENT;EFP_FIN;EUR;64;117.84000000;259;EXCHANGE_LAST;;1;1;XEUR;12372483;689;
10.06.2025;12:52:44.915;FGBM SI 20250908 PS;SIMPLE_INSTRUMENT;EFP_FIN;EUR;65;117.84000000;259;EXCHANGE_LAST;;1;1;XEUR;12372483;689;
10.06.2025;13:24:42.541;FGBM SI 20250908 PS;SIMPLE_INSTRUMENT;EFP_FIN;EUR;66;117.86000000;894;EXCHANGE_LAST;;1;1;XEUR;12372483;689;
10.06.2025;13:50:20.157;FGBM SI 20250908 PS;SIMPLE_INSTRUMENT;EFP_FIN;EUR;67;117.88000000;204;EXCHANGE_LAST;;1;1;XEUR;12372483;689;
10.06.2025;13:55:17.310;FGBM SI 20250908 PS;SIMPLE_INSTRUMENT;EFS;EUR;68;117.87000000;932;EXCHANGE_LAST;;1;1;XEUR;12372483;689;
10.06.2025;14:04:37.583;FGBM SI 20250908 PS;SIMPLE_INSTRUMENT;EFS;EUR;69;117.88000000;1470;EXCHANGE_LAST;;1;1;XEUR;12372483;689;
10.06.2025;14:03:56.886;FGBM SI 20250908 PS;SIMPLE_INSTRUMENT;EFP_FIN;EUR;70;117.90000000;166;EXCHANGE_LAST;;1;1;XEUR;12372483;689;
10.06.2025;14:04:10.490;FGBM SI 20250908 PS;SIMPLE_INSTRUMENT;EFS;EUR;71;117.87000000;216;EXCHANGE_LAST;;1;1;XEUR;12372483;689;
10.06.2025;14:09:55.014;FGBM SI 20250908 PS;SIMPLE_INSTRUMENT;EFS;EUR;72;117.89000000;97;EXCHANGE_LAST;;1;1;XEUR;12372483;689;
10.06.2025;14:11:02.802;FGBM SI 20250908 PS;SIMPLE_INSTRUMENT;EFP_FIN;EUR;73;117.89000000;1009;EXCHANGE_LAST;;1;1;XEUR;12372483;689;
10.06.2025;14:25:29.908;FGBM SI 20250908 PS;SIMPLE_INSTRUMENT;EFP_FIN;EUR;74;117.86000000;1073;EXCHANGE_LAST;;1;1;XEUR;12372483;689;
10.06.2025;14:28:51.048;FGBM SI 20250908 PS;SIMPLE_INSTRUMENT;EFP_FIN;EUR;75;117.83000000;351;EXCHANGE_LAST;;1;1;XEUR;12372483;689;
10.06.2025;14:33:32.498;FGBM SI 20250908 PS;SIMPLE_INSTRUMENT;EFS;EUR;76;117.84000000;216;EXCHANGE_LAST;;1;1;XEUR;12372483;689;
10.06.2025;14:36:53.322;FGBM SI 20250908 PS;SIMPLE_INSTRUMENT;EFS;EUR;77;117.84000000;880;EXCHANGE_LAST;;1;1;XEUR;12372483;689;
10.06.2025;14:38:39.697;FGBM SI 20250908 PS;SIMPLE_INSTRUMENT;EFS;EUR;78;117.83000000;830;EXCHANGE_LAST;;1;1;XEUR;12372483;689;
10.06.2025;14:38:40.662;FGBM SI 20250908 PS;SIMPLE_INSTRUMENT;EFS;EUR;79;117.84000000;515;EXCHANGE_LAST;;1;1;XEUR;12372483;689;
10.06.2025;14:40:30.779;FGBM SI 20250908 PS;SIMPLE_INSTRUMENT;EFS;EUR;80;117.83000000;440;EXCHANGE_LAST;;1;1;XEUR;12372483;689;
10.06.2025;14:44:16.399;FGBM SI 20250908 PS;SIMPLE_INSTRUMENT;EFP_FIN;EUR;81;117.84000000;341;EXCHANGE_LAST;;1;1;XEUR;12372483;689;
10.06.2025;14:56:45.858;FGBM SI 20250908 PS;SIMPLE_INSTRUMENT;EFS;EUR;82;117.84000000;1340;EXCHANGE_LAST;;1;1;XEUR;12372483;689;
10.06.2025;15:08:45.794;FGBM SI 20250908 PS;SIMPLE_INSTRUMENT;EFS;EUR;83;117.82000000;440;EXCHANGE_LAST;;1;1;XEUR;12372483;689;
10.06.2025;15:13:34.596;FGBM SI 20250908 PS;SIMPLE_INSTRUMENT;EFP_FIN;EUR;84;117.81000000;507;EXCHANGE_LAST;;1;1;XEUR;12372483;689;
10.06.2025;15:15:32.524;FGBM SI 20250908 PS;SIMPLE_INSTRUMENT;EFP_FIN;EUR;85;117.83000000;858;EXCHANGE_LAST;;1;1;XEUR;12372483;689;
10.06.2025;15:16:30.740;FGBM SI 20250908 PS;SIMPLE_INSTRUMENT;EFS;EUR;86;117.84000000;1500;EXCHANGE_LAST;;1;1;XEUR;12372483;689;
10.06.2025;15:24:54.449;FGBM SI 20250908 PS;SIMPLE_INSTRUMENT;EFS;EUR;87;117.83000000;1716;EXCHANGE_LAST;;1;1;XEUR;12372483;689;
10.06.2025;15:46:30.851;FGBM SI 20250908 PS;SIMPLE_INSTRUMENT;EFP_FIN;EUR;88;117.83000000;429;EXCHANGE_LAST;;1;1;XEUR;12372483;689;
10.06.2025;15:59:23.305;FGBM SI 20250908 PS;SIMPLE_INSTRUMENT;EFP_FIN;EUR;89;117.78000000;585;EXCHANGE_LAST;;1;1;XEUR;12372483;689;
10.06.2025;16:07:53.402;FGBM SI 20250908 PS;SIMPLE_INSTRUMENT;EFS;EUR;90;117.86000000;881;EXCHANGE_LAST;;1;1;XEUR;12372483;689;
10.06.2025;16:08:08.413;FGBM SI 20250908 PS;SIMPLE_INSTRUMENT;EFS;EUR;91;117.86000000;881;EXCHANGE_LAST;;1;1;XEUR;12372483;689;
10.06.2025;16:15:47.487;FGBM SI 20250908 PS;SIMPLE_INSTRUMENT;EFS;EUR;92;117.86000000;784;EXCHANGE_LAST;;1;1;XEUR;12372483;689;
10.06.2025;07:21:37.462;FGBS SI 20250908 PS;SIMPLE_INSTRUMENT;EFP_FIN;EUR;1;107.28000000;602;EXCHANGE_LAST;;1;1;XEUR;12372484;690;
10.06.2025;08:15:33.824;FGBS SI 20250908 PS;SIMPLE_INSTRUMENT;EFP_FIN;EUR;2;107.26000000;378;EXCHANGE_LAST;;1;1;XEUR;12372484;690;
10.06.2025;08:44:00.119;FGBS SI 20250908 PS;SIMPLE_INSTRUMENT;EFP_FIN;EUR;3;107.27000000;638;EXCHANGE_LAST;;1;1;XEUR;12372484;690;
10.06.2025;08:59:55.923;FGBS SI 20250908 PS;SIMPLE_INSTRUMENT;EFS;EUR;4;107.25500000;770;EXCHANGE_LAST;;1;1;XEUR;12372484;690;
10.06.2025;09:00:10.242;FGBS SI 20250908 PS;SIMPLE_INSTRUMENT;EFP_FIN;EUR;5;107.25500000;1342;EXCHANGE_LAST;;1;1;XEUR;12372484;690;
10.06.2025;09:23:55.304;FGBS SI 20250908 PS;SIMPLE_INSTRUMENT;EFP_FIN;EUR;6;107.26000000;208;EXCHANGE_LAST;;1;1;XEUR;12372484;690;
10.06.2025;09:33:33.794;FGBS SI 20250908 PS;SIMPLE_INSTRUMENT;EFP_FIN;EUR;7;107.25500000;1149;EXCHANGE_LAST;;1;1;XEUR;12372484;690;
10.06.2025;09:39:37.812;FGBS SI 20250908 PS;SIMPLE_INSTRUMENT;EFP_FIN;EUR;8;107.26000000;1262;EXCHANGE_LAST;;1;1;XEUR;12372484;690;
10.06.2025;10:03:13.271;FGBS SI 20250908 PS;SIMPLE_INSTRUMENT;EFP_FIN;EUR;9;107.26500000;705;EXCHANGE_LAST;;1;1;XEUR;12372484;690;
10.06.2025;10:08:18.893;FGBS SI 20250908 PS;SIMPLE_INSTRUMENT;EFS;EUR;10;107.26000000;1195;EXCHANGE_LAST;;1;1;XEUR;12372484;690;
10.06.2025;10:29:51.900;FGBS SI 20250908 PS;SIMPLE_INSTRUMENT;EFP_FIN;EUR;11;107.26500000;226;EXCHANGE_LAST;;1;1;XEUR;12372484;690;
10.06.2025;10:31:13.245;FGBS SI 20250908 PS;SIMPLE_INSTRUMENT;EFP_FIN;EUR;12;107.26500000;602;EXCHANGE_LAST;;1;1;XEUR;12372484;690;
10.06.2025;10:39:55.281;FGBS SI 20250908 PS;SIMPLE_INSTRUMENT;EFP_FIN;EUR;13;107.28000000;753;EXCHANGE_LAST;;1;1;XEUR;12372484;690;
10.06.2025;10:43:14.102;FGBS SI 20250908 PS;SIMPLE_INSTRUMENT;EFP_FIN;EUR;15;107.27000000;462;EXCHANGE_LAST;;1;1;XEUR;12372484;690;
10.06.2025;10:49:36.844;FGBS SI 20250908 PS;SIMPLE_INSTRUMENT;EFP_FIN;EUR;16;107.26500000;136;EXCHANGE_LAST;;1;1;XEUR;12372484;690;
10.06.2025;10:48:53.871;FGBS SI 20250908 PS;SIMPLE_INSTRUMENT;EFP_FIN;EUR;17;107.26500000;312;EXCHANGE_LAST;;1;1;XEUR;12372484;690;
10.06.2025;11:09:06.928;FGBS SI 20250908 PS;SIMPLE_INSTRUMENT;EFP_FIN;EUR;18;107.28000000;603;EXCHANGE_LAST;;1;1;XEUR;12372484;690;
10.06.2025;11:52:29.902;FGBS SI 20250908 PS;SIMPLE_INSTRUMENT;EFP_FIN;EUR;19;107.27000000;233;EXCHANGE_LAST;;1;1;XEUR;12372484;690;
10.06.2025;11:58:52.255;FGBS SI 20250908 PS;SIMPLE_INSTRUMENT;EFP_FIN;EUR;20;107.27000000;336;EXCHANGE_LAST;;1;1;XEUR;12372484;690;
10.06.2025;12:01:16.559;FGBS SI 20250908 PS;SIMPLE_INSTRUMENT;EFP_FIN;EUR;21;107.26500000;394;EXCHANGE_LAST;;1;1;XEUR;12372484;690;
10.06.2025;12:06:50.533;FGBS SI 20250908 PS;SIMPLE_INSTRUMENT;EFP_FIN;EUR;22;107.27000000;991;EXCHANGE_LAST;;1;1;XEUR;12372484;690;
10.06.2025;12:07:04.230;FGBS SI 20250908 PS;SIMPLE_INSTRUMENT;EFP_FIN;EUR;23;107.25000000;206;EXCHANGE_LAST;;1;1;XEUR;12372484;690;
10.06.2025;12:10:20.418;FGBS SI 20250908 PS;SIMPLE_INSTRUMENT;EFP_FIN;EUR;24;107.27000000;1135;EXCHANGE_LAST;;1;1;XEUR;12372484;690;
10.06.2025;12:21:10.683;FGBS SI 20250908 PS;SIMPLE_INSTRUMENT;EFP_FIN;EUR;25;107.24000000;772;EXCHANGE_LAST;;1;1;XEUR;12372484;690;
10.06.2025;12:39:59.300;FGBS SI 20250908 PS;SIMPLE_INSTRUMENT;EFP_FIN;EUR;26;107.27000000;1450;EXCHANGE_LAST;;1;1;XEUR;12372484;690;
10.06.2025;12:49:50.941;FGBS SI 20250908 PS;SIMPLE_INSTRUMENT;EFP_FIN;EUR;27;107.25000000;411;EXCHANGE_LAST;;1;1;XEUR;12372484;690;
10.06.2025;12:57:26.815;FGBS SI 20250908 PS;SIMPLE_INSTRUMENT;EFP_FIN;EUR;28;107.27000000;85;EXCHANGE_LAST;;1;1;XEUR;12372484;690;
10.06.2025;13:14:09.843;FGBS SI 20250908 PS;SIMPLE_INSTRUMENT;EFP_FIN;EUR;29;107.27500000;2328;EXCHANGE_LAST;;1;1;XEUR;12372484;690;
10.06.2025;13:24:01.177;FGBS SI 20250908 PS;SIMPLE_INSTRUMENT;EFP_FIN;EUR;30;107.27000000;1395;EXCHANGE_LAST;;1;1;XEUR;12372484;690;
10.06.2025;13:26:52.078;FGBS SI 20250908 PS;SIMPLE_INSTRUMENT;EFS;EUR;31;107.27000000;2383;EXCHANGE_LAST;;1;1;XEUR;12372484;690;
10.06.2025;13:35:07.349;FGBS SI 20250908 PS;SIMPLE_INSTRUMENT;EFS;EUR;32;107.27000000;2770;EXCHANGE_LAST;;1;1;XEUR;12372484;690;
10.06.2025;13:36:32.145;FGBS SI 20250908 PS;SIMPLE_INSTRUMENT;EFS;EUR;33;107.27000000;1149;EXCHANGE_LAST;;1;1;XEUR;12372484;690;
10.06.2025;13:39:16.514;FGBS SI 20250908 PS;SIMPLE_INSTRUMENT;EFP_FIN;EUR;34;107.28000000;731;EXCHANGE_LAST;;1;1;XEUR;12372484;690;
10.06.2025;13:49:30.302;FGBS SI 20250908 PS;SIMPLE_INSTRUMENT;EFP_FIN;EUR;35;107.27000000;2056;EXCHANGE_LAST;;1;1;XEUR;12372484;690;
10.06.2025;14:09:06.764;FGBS SI 20250908 PS;SIMPLE_INSTRUMENT;EFP_FIN;EUR;36;107.28000000;1000;EXCHANGE_LAST;;1;1;XEUR;12372484;690;
10.06.2025;14:12:13.589;FGBS SI 20250908 PS;SIMPLE_INSTRUMENT;EFP_FIN;EUR;37;107.27000000;176;EXCHANGE_LAST;;1;1;XEUR;12372484;690;
10.06.2025;14:12:26.672;FGBS SI 20250908 PS;SIMPLE_INSTRUMENT;EFP_FIN;EUR;38;107.28000000;1326;EXCHANGE_LAST;;1;1;XEUR;12372484;690;
10.06.2025;14:16:07.458;FGBS SI 20250908 PS;SIMPLE_INSTRUMENT;EFP_FIN;EUR;39;107.28500000;340;EXCHANGE_LAST;;1;1;XEUR;12372484;690;
10.06.2025;14:16:58.245;FGBS SI 20250908 PS;SIMPLE_INSTRUMENT;EFP_FIN;EUR;40;107.28000000;930;EXCHANGE_LAST;;1;1;XEUR;12372484;690;
10.06.2025;14:18:04.280;FGBS SI 20250908 PS;SIMPLE_INSTRUMENT;EFP_FIN;EUR;41;107.28000000;930;EXCHANGE_LAST;;1;1;XEUR;12372484;690;
10.06.2025;14:28:58.964;FGBS SI 20250908 PS;SIMPLE_INSTRUMENT;EFS;EUR;42;107.26000000;1636;EXCHANGE_LAST;;1;1;XEUR;12372484;690;
10.06.2025;14:34:02.474;FGBS SI 20250908 PS;SIMPLE_INSTRUMENT;EFP_FIN;EUR;43;107.27500000;2475;EXCHANGE_LAST;;1;1;XEUR;12372484;690;
10.06.2025;14:36:23.169;FGBS SI 20250908 PS;SIMPLE_INSTRUMENT;EFS;EUR;44;107.26500000;716;EXCHANGE_LAST;;1;1;XEUR;12372484;690;
10.06.2025;14:57:12.341;FGBS SI 20250908 PS;SIMPLE_INSTRUMENT;EFP_FIN;EUR;45;107.26000000;924;EXCHANGE_LAST;;1;1;XEUR;12372484;690;
10.06.2025;15:00:06.713;FGBS SI 20250908 PS;SIMPLE_INSTRUMENT;EFP_FIN;EUR;46;107.26000000;1396;EXCHANGE_LAST;;1;1;XEUR;12372484;690;
10.06.2025;15:00:06.734;FGBS SI 20250908 PS;SIMPLE_INSTRUMENT;EFP_FIN;EUR;47;107.26000000;930;EXCHANGE_LAST;;1;1;XEUR;12372484;690;
10.06.2025;15:00:06.734;FGBS SI 20250908 PS;SIMPLE_INSTRUMENT;EFP_FIN;EUR;48;107.26000000;549;EXCHANGE_LAST;;1;1;XEUR;12372484;690;
10.06.2025;15:04:54.938;FGBS SI 20250908 PS;SIMPLE_INSTRUMENT;EFP_FIN;EUR;49;107.26000000;199;EXCHANGE_LAST;;1;1;XEUR;12372484;690;
10.06.2025;15:13:14.603;FGBS SI 20250908 PS;SIMPLE_INSTRUMENT;EFS;EUR;50;107.26000000;4773;EXCHANGE_LAST;;1;1;XEUR;12372484;690;
10.06.2025;15:15:25.780;FGBS SI 20250908 PS;SIMPLE_INSTRUMENT;EFS;EUR;51;107.27000000;1200;EXCHANGE_LAST;;1;1;XEUR;12372484;690;
10.06.2025;15:30:09.486;FGBS SI 20250908 PS;SIMPLE_INSTRUMENT;EFP_FIN;EUR;52;107.26000000;279;EXCHANGE_LAST;;1;1;XEUR;12372484;690;
10.06.2025;15:32:57.729;FGBS SI 20250908 PS;SIMPLE_INSTRUMENT;EFP_FIN;EUR;53;107.26000000;144;EXCHANGE_LAST;;1;1;XEUR;12372484;690;
10.06.2025;15:41:06.513;FGBS SI 20250908 PS;SIMPLE_INSTRUMENT;EFP_FIN;EUR;54;107.26000000;452;EXCHANGE_LAST;;1;1;XEUR;12372484;690;
10.06.2025;15:51:31.252;FGBS SI 20250908 PS;SIMPLE_INSTRUMENT;EFP_FIN;EUR;55;107.26500000;85;EXCHANGE_LAST;;1;1;XEUR;12372484;690;
10.06.2025;15:52:01.335;FGBS SI 20250908 PS;SIMPLE_INSTRUMENT;EFP_FIN;EUR;56;107.26500000;255;EXCHANGE_LAST;;1;1;XEUR;12372484;690;
10.06.2025;16:03:43.429;FGBS SI 20250908 PS;SIMPLE_INSTRUMENT;EFP_FIN;EUR;57;107.27500000;605;EXCHANGE_LAST;;1;1;XEUR;12372484;690;
10.06.2025;16:14:36.809;FGBS SI 20250908 PS;SIMPLE_INSTRUMENT;EFS;EUR;58;107.27500000;2181;EXCHANGE_LAST;;1;1;XEUR;12372484;690;
10.06.2025;07:39:45.005;FGBX SI 20250908 PS;SIMPLE_INSTRUMENT;EFS;EUR;1;121.08000000;123;EXCHANGE_LAST;;1;1;XEUR;12372485;691;
10.06.2025;07:45:32.676;FGBX SI 20250908 PS;SIMPLE_INSTRUMENT;EFS;EUR;2;121.10000000;205;EXCHANGE_LAST;;1;1;XEUR;12372485;691;
10.06.2025;08:06:28.635;FGBX SI 20250908 PS;SIMPLE_INSTRUMENT;EFP_FIN;EUR;3;121.28000000;806;EXCHANGE_LAST;;1;1;XEUR;12372485;691;
10.06.2025;08:22:19.291;FGBX SI 20250908 PS;SIMPLE_INSTRUMENT;EFS;EUR;4;121.28000000;164;EXCHANGE_LAST;;1;1;XEUR;12372485;691;
10.06.2025;08:40:51.061;FGBX SI 20250908 PS;SIMPLE_INSTRUMENT;EFS;EUR;5;121.24000000;87;EXCHANGE_LAST;;1;1;XEUR;12372485;691;
10.06.2025;09:49:27.311;FGBX SI 20250908 PS;SIMPLE_INSTRUMENT;BLOCK;EUR;11;121.06000000;123;EXCHANGE_LAST;;1;1;XEUR;12372485;691;
10.06.2025;10:01:02.036;FGBX SI 20250908 PS;SIMPLE_INSTRUMENT;EFS;EUR;14;121.12000000;82;EXCHANGE_LAST;;1;1;XEUR;12372485;691;
10.06.2025;10:02:41.914;FGBX SI 20250908 PS;SIMPLE_INSTRUMENT;EFS;EUR;15;121.12000000;83;EXCHANGE_LAST;;1;1;XEUR;12372485;691;
10.06.2025;11:32:50.148;FGBX SI 20250908 PS;SIMPLE_INSTRUMENT;EFS;EUR;21;121.42000000;179;EXCHANGE_LAST;;1;1;XEUR;12372485;691;
10.06.2025;11:46:47.559;FGBX SI 20250908 PS;SIMPLE_INSTRUMENT;EFP_FIN;EUR;24;121.06000000;806;EXCHANGE_LAST;;1;1;XEUR;12372485;691;
10.06.2025;12:01:03.043;FGBX SI 20250908 PS;SIMPLE_INSTRUMENT;EFS;EUR;27;121.40000000;179;EXCHANGE_LAST;;1;1;XEUR;12372485;691;
10.06.2025;12:12:14.562;FGBX SI 20250908 PS;SIMPLE_INSTRUMENT;EFS;EUR;28;121.36000000;822;EXCHANGE_LAST;;1;1;XEUR;12372485;691;
10.06.2025;13:02:54.816;FGBX SI 20250908 PS;SIMPLE_INSTRUMENT;EFS;EUR;32;121.60000000;204;EXCHANGE_LAST;;1;1;XEUR;12372485;691;
10.06.2025;13:17:35.533;FGBX SI 20250908 PS;SIMPLE_INSTRUMENT;BLOCK;EUR;33;121.60000000;817;EXCHANGE_LAST;;1;1;XEUR;12372485;691;
10.06.2025;13:26:40.779;FGBX SI 20250908 PS;SIMPLE_INSTRUMENT;EFS;EUR;34;121.50000000;818;EXCHANGE_LAST;;1;1;XEUR;12372485;691;
10.06.2025;13:47:59.618;FGBX SI 20250908 PS;SIMPLE_INSTRUMENT;EFP_FIN;EUR;36;121.64000000;123;EXCHANGE_LAST;;1;1;XEUR;12372485;691;
10.06.2025;13:49:00.536;FGBX SI 20250908 PS;SIMPLE_INSTRUMENT;EFP_FIN;EUR;37;121.64000000;66;EXCHANGE_LAST;;1;1;XEUR;12372485;691;
10.06.2025;14:00:57.572;FGBX SI 20250908 PS;SIMPLE_INSTRUMENT;EFS;EUR;38;121.72000000;816;EXCHANGE_LAST;;1;1;XEUR;12372485;691;
10.06.2025;14:15:34.992;FGBX SI 20250908 PS;SIMPLE_INSTRUMENT;BLOCK;EUR;39;121.80000000;815;EXCHANGE_LAST;;1;1;XEUR;12372485;691;
10.06.2025;14:29:49.658;FGBX SI 20250908 PS;SIMPLE_INSTRUMENT;EFS;EUR;40;121.52000000;90;EXCHANGE_LAST;;1;1;XEUR;12372485;691;
10.06.2025;14:42:57.886;FGBX SI 20250908 PS;SIMPLE_INSTRUMENT;EFS;EUR;42;121.56000000;107;EXCHANGE_LAST;;1;1;XEUR;12372485;691;
10.06.2025;14:47:55.561;FGBX SI 20250908 PS;SIMPLE_INSTRUMENT;EFS;EUR;43;121.58000000;817;EXCHANGE_LAST;;1;1;XEUR;12372485;691;
10.06.2025;15:19:14.839;FGBX SI 20250908 PS;SIMPLE_INSTRUMENT;EFS;EUR;45;121.42000000;450;EXCHANGE_LAST;;1;1;XEUR;12372485;691;
10.06.2025;15:19:07.057;FGBX SI 20250908 PS;SIMPLE_INSTRUMENT;BLOCK;EUR;46;121.50000000;409;EXCHANGE_LAST;;1;1;XEUR;12372485;691;
10.06.2025;15:23:51.389;FGBX SI 20250908 PS;SIMPLE_INSTRUMENT;EFS;EUR;47;121.38000000;409;EXCHANGE_LAST;;1;1;XEUR;12372485;691;
10.06.2025;15:36:45.245;FGBX SI 20250908 PS;SIMPLE_INSTRUMENT;EFP_FIN;EUR;49;121.34000000;161;EXCHANGE_LAST;;1;1;XEUR;12372485;691;
10.06.2025;15:38:04.093;FGBX SI 20250908 PS;SIMPLE_INSTRUMENT;EFS;EUR;50;121.48000000;818;EXCHANGE_LAST;;1;1;XEUR;12372485;691;
10.06.2025;15:38:46.067;FGBX SI 20250908 PS;SIMPLE_INSTRUMENT;EFS;EUR;51;121.40000000;182;EXCHANGE_LAST;;1;1;XEUR;12372485;691;
10.06.2025;09:07:20.952;FIA5 SI 20251218 PS AM P 10.00 0;SIMPLE_INSTRUMENT;BLOCK;EUR;2;1.63000000;1000;EXCHANGE_LAST;;1;1;XEUR;10385065;48227;
10.06.2025;10:19:30.824;FIA5 SI 20250619 PS AM P 8.60 0;SIMPLE_INSTRUMENT;BLOCK;EUR;6;0.11000000;1000;EXCHANGE_LAST;;3;1;XEUR;12990001;48227;
10.06.2025;15:09:51.243;FIA5 SI 20251218 PS AM P 7.60 0;SIMPLE_INSTRUMENT;BLOCK;EUR;11;0.50000000;1000;EXCHANGE_LAST;;1;1;XEUR;12423819;48227;
10.06.2025;15:13:02.384;FIA5 SI 20260319 PS AM P 8.00 0;SIMPLE_INSTRUMENT;BLOCK;EUR;13;0.77200000;2500;EXCHANGE_LAST;;1;1;XEUR;12990030;48227;
10.06.2025;15:13:08.458;FIA5 SI 20260618 PS AM P 10.00 0;SIMPLE_INSTRUMENT;BLOCK;EUR;14;2.02250000;500;EXCHANGE_LAST;;1;1;XEUR;11340156;48227;
10.06.2025;15:13:14.006;FIA5 SI 20260618 PS AM P 10.00 0;SIMPLE_INSTRUMENT;BLOCK;EUR;15;2.02300000;1250;EXCHANGE_LAST;;1;1;XEUR;11340156;48227;
10.06.2025;08:46:13.261;FIAK SI 20250918 CS;SIMPLE_INSTRUMENT;BLOCK;EUR;4;9.00000000;2500;EXCHANGE_LAST;;1;1;XEUR;11693338;144766;
10.06.2025;04:00:47.004;FMAU SI 20250919 CS;SIMPLE_INSTRUMENT;BLOCK;USD;10;6249.83400000;1601;EXCHANGE_LAST;;1;1;XEUR;8428451;45287;
10.06.2025;04:01:22.139;FMAU SI 20250620 CS;SIMPLE_INSTRUMENT;BLOCK;USD;11;6180.00000000;1619;EXCHANGE_LAST;;1;1;XEUR;7939462;45287;
10.06.2025;06:31:38.160;FMAU SI 20250620 CS;SIMPLE_INSTRUMENT;BLOCK;USD;24;6156.00000000;674;EXCHANGE_LAST;;1;1;XEUR;7939462;45287;
10.06.2025;06:31:48.550;FMAU SI 20250919 CS;SIMPLE_INSTRUMENT;BLOCK;USD;25;6225.25500000;667;EXCHANGE_LAST;;1;1;XEUR;8428451;45287;
10.06.2025;06:56:59.555;FMAU SI 20250620 CS;SIMPLE_INSTRUMENT;BLOCK;USD;41;6150.00000000;952;EXCHANGE_LAST;;1;1;XEUR;7939462;45287;
10.06.2025;06:57:17.954;FMAU SI 20250919 CS;SIMPLE_INSTRUMENT;BLOCK;USD;42;6219.49500000;941;EXCHANGE_LAST;;1;1;XEUR;8428451;45287;
10.06.2025;06:59:53.836;FMAU SI 20250620 CS;SIMPLE_INSTRUMENT;BLOCK;USD;43;6150.00000000;674;EXCHANGE_LAST;;1;1;XEUR;7939462;45287;
10.06.2025;07:03:33.193;FMAU SI 20250919 CS;SIMPLE_INSTRUMENT;BLOCK;USD;46;6219.49500000;667;EXCHANGE_LAST;;1;1;XEUR;8428451;45287;
10.06.2025;07:26:52.773;FMAU SI 20250620 CS;SIMPLE_INSTRUMENT;BLOCK;USD;49;6180.00000000;810;EXCHANGE_LAST;;1;1;XEUR;7939462;45287;
10.06.2025;07:27:27.620;FMAU SI 20250919 CS;SIMPLE_INSTRUMENT;BLOCK;USD;50;6249.52500000;801;EXCHANGE_LAST;;1;1;XEUR;8428451;45287;
10.06.2025;09:49:00.929;FMAU SI 20250919 CS;SIMPLE_INSTRUMENT;BLOCK;USD;78;6249.21600000;3201;EXCHANGE_LAST;;1;1;XEUR;8428451;45287;
10.06.2025;09:49:26.686;FMAU SI 20250620 CS;SIMPLE_INSTRUMENT;BLOCK;USD;79;6180.00000000;3237;EXCHANGE_LAST;;1;1;XEUR;7939462;45287;
10.06.2025;04:22:40.527;FMCH SI 20250620 CS;SIMPLE_INSTRUMENT;EFP_IDX;USD;14;598.10400000;38;EXCHANGE_LAST;;1;1;XEUR;7940815;402909;
10.06.2025;07:59:05.330;FMCH SI 20250620 CS;SIMPLE_INSTRUMENT;BLOCK;USD;53;595.70000000;874;EXCHANGE_LAST;;1;1;XEUR;7940815;402909;
10.06.2025;15:53:23.485;FMCP SI 20250620 CS;SIMPLE_INSTRUMENT;BLOCK;EUR;39;592.50000000;151;EXCHANGE_LAST;;1;1;XEUR;11880750;662;
10.06.2025;15:53:07.702;FMCP SI 20250620 CS;SIMPLE_INSTRUMENT;BLOCK;EUR;41;592.60000000;227;EXCHANGE_LAST;;1;1;XEUR;11880750;662;
10.06.2025;15:31:15.119;FMDK SI 20250620 CS;SIMPLE_INSTRUMENT;BLOCK;USD;114;10140.00000000;986;EXCHANGE_LAST;;1;1;XEUR;7939683;48919;
10.06.2025;15:31:41.400;FMDK SI 20250919 CS;SIMPLE_INSTRUMENT;BLOCK;USD;115;10260.92000000;974;EXCHANGE_LAST;;1;1;XEUR;8428582;48919;
10.06.2025;09:36:29.463;FMEA SI 20250620 CS;SIMPLE_INSTRUMENT;BLOCK;USD;70;763.30000000;657;EXCHANGE_LAST;;1;1;XEUR;7938804;12395;
10.06.2025;09:36:54.437;FMEA SI 20250919 CS;SIMPLE_INSTRUMENT;BLOCK;USD;71;771.77300000;650;EXCHANGE_LAST;;1;1;XEUR;8427804;12395;
10.06.2025;11:18:34.881;FMED SI 20250620 CS;SIMPLE_INSTRUMENT;BLOCK;USD;95;11160.00000000;1500;EXCHANGE_LAST;;1;1;XEUR;7939645;48144;
10.06.2025;11:18:46.663;FMED SI 20250919 CS;SIMPLE_INSTRUMENT;BLOCK;USD;97;11291.68800000;1483;EXCHANGE_LAST;;1;1;XEUR;8428547;48144;
10.06.2025;11:36:45.610;FMED SI 20250919 CS;SIMPLE_INSTRUMENT;BLOCK;USD;98;11291.68800000;1000;EXCHANGE_LAST;;1;1;XEUR;8428547;48144;
10.06.2025;11:37:06.500;FMED SI 20250620 CS;SIMPLE_INSTRUMENT;BLOCK;USD;99;11160.00000000;1000;EXCHANGE_LAST;;1;1;XEUR;7939645;48144;
10.06.2025;11:45:29.791;FMED SI 20250620 CS;SIMPLE_INSTRUMENT;BLOCK;USD;100;11160.00000000;500;EXCHANGE_LAST;;1;1;XEUR;7939645;48144;
10.06.2025;11:45:58.969;FMED SI 20250919 CS;SIMPLE_INSTRUMENT;BLOCK;USD;101;11291.68800000;483;EXCHANGE_LAST;;1;1;XEUR;8428547;48144;
10.06.2025;17:02:37.578;FMED SI 20250620 CS;SIMPLE_INSTRUMENT;BLOCK;USD;123;11185.00000000;6706;EXCHANGE_LAST;;1;1;XEUR;7939645;48144;
10.06.2025;17:03:03.350;FMED SI 20250919 CS;SIMPLE_INSTRUMENT;BLOCK;USD;124;11316.42400000;6628;EXCHANGE_LAST;;1;1;XEUR;8428547;48144;
10.06.2025;07:52:29.275;FMEE SI 20250620 CS;SIMPLE_INSTRUMENT;BLOCK;USD;51;352.70000000;3727;EXCHANGE_LAST;;1;1;XEUR;7938810;12396;
10.06.2025;07:52:36.460;FMEE SI 20250919 CS;SIMPLE_INSTRUMENT;BLOCK;USD;52;356.40300000;3688;EXCHANGE_LAST;;1;1;XEUR;8427813;12396;
10.06.2025;08:15:57.512;FMEE SI 20250620 CS;SIMPLE_INSTRUMENT;BLOCK;USD;57;353.40000000;955;EXCHANGE_LAST;;1;1;XEUR;7938810;12396;
10.06.2025;08:16:15.725;FMEE SI 20250919 CS;SIMPLE_INSTRUMENT;BLOCK;USD;58;357.11100000;945;EXCHANGE_LAST;;1;1;XEUR;8427813;12396;
10.06.2025;14:10:16.520;FMEE SI 20250620 CS;SIMPLE_INSTRUMENT;BLOCK;USD;107;356.00000000;562;EXCHANGE_LAST;;1;1;XEUR;7938810;12396;
10.06.2025;14:10:31.749;FMEE SI 20250919 CS;SIMPLE_INSTRUMENT;BLOCK;USD;108;359.70200000;557;EXCHANGE_LAST;;1;1;XEUR;8427813;12396;
10.06.2025;14:19:02.303;FMEE SI 20250620 CS;SIMPLE_INSTRUMENT;BLOCK;USD;110;356.00000000;5150;EXCHANGE_LAST;;1;1;XEUR;7938810;12396;
10.06.2025;14:19:09.263;FMEE SI 20250919 CS;SIMPLE_INSTRUMENT;BLOCK;USD;111;359.70200000;5097;EXCHANGE_LAST;;1;1;XEUR;8427813;12396;
10.06.2025;09:59:03.849;FMEF SI 20250919 CS;SIMPLE_INSTRUMENT;BLOCK;USD;82;1202.00000000;799;EXCHANGE_LAST;;1;1;XEUR;7408966;30657;
10.06.2025;14:09:45.086;FMEG SI 20250620 CS;SIMPLE_INSTRUMENT;BLOCK;EUR;106;348.80900000;100;EXCHANGE_LAST;;1;1;XEUR;7939092;18604;
10.06.2025;06:38:20.689;FMEL SI 20250620 CS;SIMPLE_INSTRUMENT;BLOCK;USD;30;586.64000000;20;EXCHANGE_LAST;;1;1;XEUR;7938814;12397;
10.06.2025;07:02:13.046;FMEM SI 20250620 CS;SIMPLE_INSTRUMENT;EFP_IDX;USD;45;646.23000000;461;EXCHANGE_LAST;;1;1;XEUR;7938803;12394;
10.06.2025;16:47:00.303;FMGC SI 20250620 CS;SIMPLE_INSTRUMENT;BLOCK;USD;121;14240.00000000;48;EXCHANGE_LAST;;1;1;XEUR;7939680;48916;
10.06.2025;16:48:14.116;FMGC SI 20250919 CS;SIMPLE_INSTRUMENT;BLOCK;USD;122;14411.00000000;47;EXCHANGE_LAST;;1;1;XEUR;8428578;48916;
10.06.2025;17:35:23.475;FMGC SI 20250620 CS;SIMPLE_INSTRUMENT;BLOCK;USD;125;14245.00000000;1302;EXCHANGE_LAST;;1;1;XEUR;7939680;48916;
10.06.2025;17:37:20.489;FMGC SI 20250919 CS;SIMPLE_INSTRUMENT;BLOCK;USD;127;14416.00000000;1287;EXCHANGE_LAST;;1;1;XEUR;8428578;48916;
10.06.2025;13:38:15.227;FMGO SI 20250620 CS;SIMPLE_INSTRUMENT;BLOCK;USD;103;5563.00000000;27;EXCHANGE_LAST;;1;1;XEUR;8609371;583623;
10.06.2025;06:38:13.499;FMGQ SI 20250620 CS;SIMPLE_INSTRUMENT;BLOCK;USD;29;5161.10000000;4757;EXCHANGE_LAST;;1;1;XEUR;8609386;583625;
10.06.2025;07:59:36.929;FMHK SI 20250620 CS;SIMPLE_INSTRUMENT;BLOCK;USD;54;67100.00000000;15;EXCHANGE_LAST;;1;1;XEUR;7939458;45282;
10.06.2025;08:31:28.844;FMID SI 20250620 CS;SIMPLE_INSTRUMENT;BLOCK;USD;9;1579.00000000;1975;EXCHANGE_LAST;;1;1;XEUR;7939464;45289;
10.06.2025;08:32:29.914;FMID SI 20250919 CS;SIMPLE_INSTRUMENT;BLOCK;USD;10;1596.05300000;1954;EXCHANGE_LAST;;1;1;XEUR;8428452;45289;
10.06.2025;08:41:53.963;FMID SI 20250620 CS;SIMPLE_INSTRUMENT;BLOCK;USD;11;1580.00000000;950;EXCHANGE_LAST;;1;1;XEUR;7939464;45289;
10.06.2025;08:41:54.646;FMID SI 20250919 CS;SIMPLE_INSTRUMENT;BLOCK;USD;12;1597.06400000;940;EXCHANGE_LAST;;1;1;XEUR;8428452;45289;
10.06.2025;02:43:39.133;FMIN SI 20250620 CS;SIMPLE_INSTRUMENT;BLOCK;USD;1;1311.00000000;160;EXCHANGE_LAST;;1;1;XEUR;7938852;12404;
10.06.2025;02:44:32.135;FMIN SI 20250919 CS;SIMPLE_INSTRUMENT;BLOCK;USD;2;1327.65000000;160;EXCHANGE_LAST;;1;1;XEUR;8427825;12404;
10.06.2025;02:45:44.038;FMIN SI 20250620 CS;SIMPLE_INSTRUMENT;BLOCK;USD;3;1312.29500000;1143;EXCHANGE_LAST;;1;1;XEUR;7938852;12404;
10.06.2025;02:46:27.847;FMIN SI 20250919 CS;SIMPLE_INSTRUMENT;BLOCK;USD;4;1328.96200000;1129;EXCHANGE_LAST;;1;1;XEUR;8427825;12404;
10.06.2025;02:48:21.119;FMIN SI 20250919 CS;SIMPLE_INSTRUMENT;BLOCK;USD;5;1325.05600000;50;EXCHANGE_LAST;;1;1;XEUR;8427825;12404;
10.06.2025;03:21:04.402;FMIN SI 20250620 CS;SIMPLE_INSTRUMENT;BLOCK;USD;6;1311.00000000;383;EXCHANGE_LAST;;3;1;XEUR;7938852;12404;
10.06.2025;03:21:05.088;FMIN SI 20250919 CS;SIMPLE_INSTRUMENT;BLOCK;USD;7;1327.78100000;378;EXCHANGE_LAST;;1;3;XEUR;8427825;12404;
10.06.2025;03:37:11.514;FMIN SI 20250620 CS;SIMPLE_INSTRUMENT;BLOCK;USD;8;1311.00000000;153;EXCHANGE_LAST;;1;1;XEUR;7938852;12404;
10.06.2025;03:37:12.100;FMIN SI 20250919 CS;SIMPLE_INSTRUMENT;BLOCK;USD;9;1327.65000000;151;EXCHANGE_LAST;;1;1;XEUR;8427825;12404;
10.06.2025;04:19:45.401;FMIN SI 20250620 CS;SIMPLE_INSTRUMENT;BLOCK;USD;12;1311.20000000;764;EXCHANGE_LAST;;1;1;XEUR;7938852;12404;
10.06.2025;04:20:42.737;FMIN SI 20250919 CS;SIMPLE_INSTRUMENT;BLOCK;USD;13;1327.59000000;754;EXCHANGE_LAST;;1;1;XEUR;8427825;12404;
10.06.2025;04:31:02.705;FMIN SI 20250620 CS;SIMPLE_INSTRUMENT;BLOCK;USD;15;1311.00000000;229;EXCHANGE_LAST;;1;1;XEUR;7938852;12404;
10.06.2025;04:31:03.347;FMIN SI 20250919 CS;SIMPLE_INSTRUMENT;BLOCK;USD;16;1327.65000000;226;EXCHANGE_LAST;;1;1;XEUR;8427825;12404;
10.06.2025;05:01:51.297;FMIN SI 20250620 CS;SIMPLE_INSTRUMENT;BLOCK;USD;17;1311.00000000;153;EXCHANGE_LAST;;1;1;XEUR;7938852;12404;
10.06.2025;05:01:52.024;FMIN SI 20250919 CS;SIMPLE_INSTRUMENT;BLOCK;USD;18;1327.51900000;151;EXCHANGE_LAST;;1;1;XEUR;8427825;12404;
10.06.2025;06:37:02.345;FMIN SI 20250620 CS;SIMPLE_INSTRUMENT;BLOCK;USD;26;1309.00000000;230;EXCHANGE_LAST;;1;1;XEUR;7938852;12404;
10.06.2025;06:37:49.964;FMIN SI 20250919 CS;SIMPLE_INSTRUMENT;BLOCK;USD;27;1325.75500000;227;EXCHANGE_LAST;;1;1;XEUR;8427825;12404;
10.06.2025;06:55:13.238;FMIN SI 20250620 CS;SIMPLE_INSTRUMENT;BLOCK;USD;35;1311.00000000;229;EXCHANGE_LAST;;1;1;XEUR;7938852;12404;
10.06.2025;06:55:13.857;FMIN SI 20250919 CS;SIMPLE_INSTRUMENT;BLOCK;USD;36;1327.51900000;226;EXCHANGE_LAST;;1;1;XEUR;8427825;12404;
10.06.2025;07:24:24.706;FMIN SI 20250620 CS;SIMPLE_INSTRUMENT;BLOCK;USD;47;1311.00000000;765;EXCHANGE_LAST;;3;1;XEUR;7938852;12404;
10.06.2025;07:24:47.523;FMIN SI 20250919 CS;SIMPLE_INSTRUMENT;BLOCK;USD;48;1327.45300000;755;EXCHANGE_LAST;;1;3;XEUR;8427825;12404;
10.06.2025;08:13:31.018;FMIN SI 20250620 CS;SIMPLE_INSTRUMENT;BLOCK;USD;55;1311.00000000;908;EXCHANGE_LAST;;2;2;XEUR;7938852;12404;
10.06.2025;08:14:00.975;FMIN SI 20250919 CS;SIMPLE_INSTRUMENT;BLOCK;USD;56;1327.38800000;897;EXCHANGE_LAST;;2;2;XEUR;8427825;12404;
10.06.2025;09:38:55.823;FMIN SI 20250620 CS;SIMPLE_INSTRUMENT;BLOCK;USD;72;1309.00000000;77;EXCHANGE_LAST;;1;1;XEUR;7938852;12404;
10.06.2025;09:39:17.327;FMIN SI 20250919 CS;SIMPLE_INSTRUMENT;BLOCK;USD;73;1325.75500000;76;EXCHANGE_LAST;;1;1;XEUR;8427825;12404;
10.06.2025;09:20:25.323;FMJP SI 20250620 CS;SIMPLE_INSTRUMENT;BLOCK;USD;62;9387.00000000;1066;EXCHANGE_LAST;;1;1;XEUR;7937445;661;
10.06.2025;09:20:01.302;FMJP SI 20250919 CS;SIMPLE_INSTRUMENT;BLOCK;USD;63;9497.76700000;1054;EXCHANGE_LAST;;1;1;XEUR;8427138;661;
10.06.2025;09:28:13.680;FMJP SI 20250620 CS;SIMPLE_INSTRUMENT;BLOCK;USD;64;9396.00000000;2128;EXCHANGE_LAST;;1;1;XEUR;7937445;661;
10.06.2025;09:28:05.951;FMJP SI 20250919 CS;SIMPLE_INSTRUMENT;BLOCK;USD;65;9506.40300000;2103;EXCHANGE_LAST;;1;1;XEUR;8427138;661;
10.06.2025;09:36:47.882;FMJP SI 20250620 CS;SIMPLE_INSTRUMENT;BLOCK;USD;66;9395.00000000;1597;EXCHANGE_LAST;;1;1;XEUR;7937445;661;
10.06.2025;09:37:05.316;FMJP SI 20250919 CS;SIMPLE_INSTRUMENT;BLOCK;USD;67;9505.39100000;1578;EXCHANGE_LAST;;1;1;XEUR;8427138;661;
10.06.2025;09:40:49.697;FMJP SI 20250620 CS;SIMPLE_INSTRUMENT;BLOCK;USD;74;9395.00000000;2821;EXCHANGE_LAST;;1;1;XEUR;7937445;661;
10.06.2025;09:40:49.697;FMJP SI 20250919 CS;SIMPLE_INSTRUMENT;BLOCK;USD;75;9505.39100000;2788;EXCHANGE_LAST;;1;1;XEUR;8427138;661;
10.06.2025;09:44:13.852;FMJP SI 20250620 CS;SIMPLE_INSTRUMENT;BLOCK;USD;76;9395.00000000;532;EXCHANGE_LAST;;1;1;XEUR;7937445;661;
10.06.2025;09:44:23.290;FMJP SI 20250919 CS;SIMPLE_INSTRUMENT;BLOCK;USD;77;9505.39100000;526;EXCHANGE_LAST;;1;1;XEUR;8427138;661;
10.06.2025;09:50:30.316;FMJP SI 20250620 CS;SIMPLE_INSTRUMENT;BLOCK;USD;80;9396.00000000;533;EXCHANGE_LAST;;1;1;XEUR;7937445;661;
10.06.2025;09:50:24.168;FMJP SI 20250919 CS;SIMPLE_INSTRUMENT;BLOCK;USD;81;9506.40300000;527;EXCHANGE_LAST;;1;1;XEUR;8427138;661;
