#Date;TrdTime;Contract;ContractType;TrdTyp;Currency;TesId;Prc;Qty;TrdInd;Aggressor;Buy;Sell;Exch;InstrumentId;RelatedProdId;PrcDecomp
24.10.2024;12:55:05.232;A2LV SI 20251219 CS;SIMPLE_INSTRUMENT;BLOCK;EUR;31;14.78000000;200;EXCHANGE_LAST;;1;1;XEUR;3681050;12;
24.10.2024;12:20:21.245;A3BB SI 20250620 CS;SIMPLE_INSTRUMENT;BLOCK;CHF;26;0.90000000;140;EXCHANGE_LAST;;1;1;XEUR;10886738;574519;
24.10.2024;11:52:51.892;ABBG SI 20250620 CS;SIMPLE_INSTRUMENT;BLOCK;CHF;22;48.29000000;2000;EXCHANGE_LAST;;1;1;XEUR;11209548;574520;
24.10.2024;15:44:25.370;ABBG SI 20241220 CS;SIMPLE_INSTRUMENT;BLOCK;CHF;65;48.46900000;3000;EXCHANGE_LAST;;1;1;XEUR;8508601;574520;
24.10.2024;10:33:39.351;ABBN.O.241024.BER.000004;STANDARD_OPTION_STRATEGY;BLOCK;CHF;18;3.99000000;3000;EXCHANGE_LAST;;1;1;XEUR;74525125763933332;574517;
24.10.2024;10:33:39.351;ABBN SI 20250620 PS AM P 46.00 0;SIMPLE_INSTRUMENT;BLOCK;CHF;18;2.29000000;3000;PRC_DECOMP_EXCHANGE;;;;XEUR;11409722;574517;EXCHANGE
24.10.2024;10:33:39.351;ABBN SI 20250620 PS AM P 53.00 0;SIMPLE_INSTRUMENT;BLOCK;CHF;18;6.28000000;3000;PRC_DECOMP_EXCHANGE;;;;XEUR;11849029;574517;EXCHANGE
24.10.2024;15:42:44.982;ADEF SI 20241220 CS;SIMPLE_INSTRUMENT;BLOCK;CHF;60;28.14000000;4000;EXCHANGE_LAST;;1;1;XEUR;7030726;47;
24.10.2024;15:16:30.608;ADS SI 20250919 PS AM P 200.00 0;SIMPLE_INSTRUMENT;BLOCK;EUR;13;14.25000000;250;EXCHANGE_LAST;;1;1;XEUR;11870853;50;
24.10.2024;12:26:57.553;ADY SI 20241115 PS AM C 1560.00 0;SIMPLE_INSTRUMENT;BLOCK;EUR;10;35.00000000;1500;EXCHANGE_LAST;;1;2;XEUR;11988522;76315;
24.10.2024;12:06:07.112;AOM.O.241024.STD.000001;STANDARD_OPTION_STRATEGY;BLOCK;EUR;11;10.41000000;600;EXCHANGE_LAST;;1;1;XEUR;72057971995058395;88;
24.10.2024;12:06:07.112;AOM SI 20271217 PS AM C 20.00 0;SIMPLE_INSTRUMENT;BLOCK;EUR;11;5.49000000;600;PRC_DECOMP_EXCHANGE;;;;XEUR;11249334;88;EXCHANGE
24.10.2024;12:06:07.112;AOM SI 20271217 PS AM P 20.00 0;SIMPLE_INSTRUMENT;BLOCK;EUR;11;4.92000000;600;PRC_DECOMP_EXCHANGE;;;;XEUR;11249333;88;EXCHANGE
24.10.2024;12:32:59.428;ASG5 SI 20241219 PS AM P 24.00 0;SIMPLE_INSTRUMENT;BLOCK;EUR;11;0.18000000;3000;EXCHANGE_LAST;;1;2;XEUR;4629856;109;
24.10.2024;07:19:00.442;ASM.O.241024.BRT.000004;STANDARD_OPTION_STRATEGY;BLOCK;EUR;1;30.20000000;200;EXCHANGE_LAST;;1;1;XEUR;72058053599443878;107;
24.10.2024;07:19:00.442;ASM SI 20241115 PS AM P 640.00 0;SIMPLE_INSTRUMENT;BLOCK;EUR;1;15.64000000;200;PRC_DECOMP_EXCHANGE;;;;XEUR;11779766;107;EXCHANGE
24.10.2024;07:19:00.442;ASM SI 20250321 PS AM P 640.00 0;SIMPLE_INSTRUMENT;BLOCK;EUR;1;45.84000000;200;PRC_DECOMP_EXCHANGE;;;;XEUR;10830146;107;EXCHANGE
24.10.2024;12:08:00.633;B2AS SI 20271217 CS;SIMPLE_INSTRUMENT;BLOCK;EUR;23;2.11500000;50;EXCHANGE_LAST;;1;1;XEUR;5914347;140;
24.10.2024;15:30:15.581;B2NP SI 20251219 CS;SIMPLE_INSTRUMENT;BLOCK;EUR;57;4.82000000;200;EXCHANGE_LAST;;1;1;XEUR;5914355;131;
24.10.2024;14:46:04.792;B2YG SI 20251219 CS;SIMPLE_INSTRUMENT;BLOCK;EUR;43;1.82500000;250;EXCHANGE_LAST;;1;1;XEUR;5914365;45713;
24.10.2024;12:55:08.659;BAEN.O.241024.STG.000003;STANDARD_OPTION_STRATEGY;BLOCK;CHF;43;5.35000000;1000;EXCHANGE_LAST;;2;2;XEUR;72058276937742503;159;
24.10.2024;12:55:08.659;BAEN SI 20250321 PS AM C 56.00 0;SIMPLE_INSTRUMENT;BLOCK;CHF;43;2.85000000;1000;PRC_DECOMP_EXCHANGE;;;;XEUR;10830992;159;EXCHANGE
24.10.2024;12:55:08.659;BAEN SI 20250321 PS AM P 52.00 0;SIMPLE_INSTRUMENT;BLOCK;CHF;43;2.50000000;1000;PRC_DECOMP_EXCHANGE;;;;XEUR;10830990;159;EXCHANGE
24.10.2024;15:28:00.153;BAS FI 20241129 CS EU P 41.6700 0;FLEXIBLE_INSTRUMENT;BLOCK;EUR;3;0.33000000;8956;EXCHANGE_LAST;;1;1;XEUR;1152922148851952473;150;
24.10.2024;15:29:11.112;BAS FI 20241129 CS EU P 41.0500 0;FLEXIBLE_INSTRUMENT;BLOCK;EUR;4;0.28000000;8956;EXCHANGE_LAST;;1;1;XEUR;1152922148851952474;150;
24.10.2024;09:05:59.036;BAY SI 20250919 PS AM P 24.00 0;SIMPLE_INSTRUMENT;BLOCK;EUR;1;1.98000000;1500;EXCHANGE_LAST;;1;1;XEUR;11873099;168;
24.10.2024;09:11:28.024;BAYE SI 20241115 PS EU P 32.00 0;SIMPLE_INSTRUMENT;BLOCK;EUR;2;5.74000000;1000;EXCHANGE_LAST;;1;1;XEUR;11700085;175;
24.10.2024;08:59:50.682;BMW SI 20241115 PS AM C 81.00 0;SIMPLE_INSTRUMENT;BLOCK;EUR;6;1.45000000;1150;EXCHANGE_LAST;;2;2;XEUR;11700928;210;
24.10.2024;15:44:40.176;BMW.O.241024.BER.000007;STANDARD_OPTION_STRATEGY;BLOCK;EUR;18;10.00000000;750;EXCHANGE_LAST;;1;1;XEUR;72058495981106196;210;
24.10.2024;15:44:40.176;BMW SI 20241220 PS AM P 100.00 0;SIMPLE_INSTRUMENT;BLOCK;EUR;18;23.52000000;750;PRC_DECOMP_EXCHANGE;;;;XEUR;4640274;210;EXCHANGE
24.10.2024;15:44:40.176;BMW SI 20241220 PS AM P 110.00 0;SIMPLE_INSTRUMENT;BLOCK;EUR;18;33.52000000;750;PRC_DECOMP_EXCHANGE;;;;XEUR;10358056;210;EXCHANGE
24.10.2024;08:45:03.028;BMWF.S.DEC24.MAR25.SPD;FUTURES_SPREAD;BLOCK;EUR;1;-0.57250000;4150;EXCHANGE_LAST;;1;1;XEUR;72058620535111960;239;
24.10.2024;08:45:03.028;BMWF SI 20250321 CS;SIMPLE_INSTRUMENT;BLOCK;EUR;1;78.82250000;4150;PRC_DECOMP_MEMBER;;;;XEUR;10695616;239;MEMBER
24.10.2024;08:45:03.028;BMWF SI 20241220 CS;SIMPLE_INSTRUMENT;BLOCK;EUR;1;78.25000000;4150;PRC_DECOMP_MEMBER;;;;XEUR;7032665;239;MEMBER
24.10.2024;11:30:23.640;BNP SI 20250321 PS AM P 60.00 0;SIMPLE_INSTRUMENT;BLOCK;EUR;8;1.63000000;1500;EXCHANGE_LAST;;1;1;XEUR;10832956;237;
24.10.2024;12:18:11.183;CBK SI 20250620 PS AM P 13.00 0;SIMPLE_INSTRUMENT;BLOCK;EUR;6;0.62000000;5000;EXCHANGE_LAST;;1;1;XEUR;10982454;268;
24.10.2024;12:18:21.581;CBK SI 20250620 PS AM P 13.00 0;SIMPLE_INSTRUMENT;BLOCK;EUR;7;0.63000000;5000;EXCHANGE_LAST;;1;1;XEUR;10982454;268;
24.10.2024;14:49:35.248;CBK SI 20241220 PS AM C 17.40 0;SIMPLE_INSTRUMENT;BLOCK;EUR;9;0.47000000;10000;EXCHANGE_LAST;;1;1;XEUR;11621483;268;
24.10.2024;14:49:41.969;CBK SI 20241220 PS AM C 18.40 0;SIMPLE_INSTRUMENT;BLOCK;EUR;10;0.20000000;10000;EXCHANGE_LAST;;1;1;XEUR;11621335;268;
24.10.2024;14:54:54.444;CBK FI 20241220 PS AM P 15.7000 0;FLEXIBLE_INSTRUMENT;BLOCK;EUR;11;0.52000000;10000;EXCHANGE_LAST;;1;1;XEUR;1152922655658094365;268;
24.10.2024;14:55:23.462;CBK FI 20241220 PS AM P 14.7000 0;FLEXIBLE_INSTRUMENT;BLOCK;EUR;12;0.32000000;10000;EXCHANGE_LAST;;1;1;XEUR;1152922655658094366;268;
24.10.2024;10:18:47.104;CLN SI 20250919 PS AM P 11.00 0;SIMPLE_INSTRUMENT;BLOCK;CHF;16;0.54000000;750;EXCHANGE_LAST;;1;1;XEUR;11876267;296;
24.10.2024;09:52:46.336;CRI5 SI 20241219 PS AM C 44.00 0;SIMPLE_INSTRUMENT;BLOCK;EUR;4;0.48000000;4000;EXCHANGE_LAST;;1;1;XEUR;9040299;320;
24.10.2024;10:21:43.708;CRI5.O.241024.STG.000001;STANDARD_OPTION_STRATEGY;BLOCK;EUR;5;5.20000000;1500;EXCHANGE_LAST;;1;1;XEUR;72058968427473557;320;
24.10.2024;10:21:43.708;CRI5 SI 20250619 PS AM P 38.00 0;SIMPLE_INSTRUMENT;BLOCK;EUR;5;3.40750000;1500;PRC_DECOMP_EXCHANGE;;;;XEUR;11337263;320;EXCHANGE
24.10.2024;10:21:43.708;CRI5 SI 20250619 PS AM C 44.00 0;SIMPLE_INSTRUMENT;BLOCK;EUR;5;1.79250000;1500;PRC_DECOMP_EXCHANGE;;;;XEUR;9543488;320;EXCHANGE
24.10.2024;13:20:40.261;CRI5.O.241024.BRT.000002;STANDARD_OPTION_STRATEGY;BLOCK;EUR;22;0.40000000;2000;EXCHANGE_LAST;;1;1;XEUR;72058968427473558;320;
24.10.2024;13:20:40.261;CRI5 SI 20241114 PS AM P 34.00 0;SIMPLE_INSTRUMENT;BLOCK;EUR;22;0.14950000;2000;PRC_DECOMP_EXCHANGE;;;;XEUR;11691418;320;EXCHANGE
24.10.2024;13:20:40.261;CRI5 SI 20250116 PS AM P 34.00 0;SIMPLE_INSTRUMENT;BLOCK;EUR;22;0.54950000;2000;PRC_DECOMP_EXCHANGE;;;;XEUR;12061776;320;EXCHANGE
24.10.2024;08:47:12.590;D3AI SI 20251219 CS;SIMPLE_INSTRUMENT;BLOCK;EUR;2;4.08000000;50;EXCHANGE_LAST;;1;1;XEUR;7144062;443197;
24.10.2024;08:54:32.155;D3AI SI 20251219 CS;SIMPLE_INSTRUMENT;BLOCK;EUR;3;4.08000000;100;EXCHANGE_LAST;;1;1;XEUR;7144062;443197;
24.10.2024;08:58:30.717;D3AI SI 20261218 CS;SIMPLE_INSTRUMENT;BLOCK;EUR;4;3.18000000;50;EXCHANGE_LAST;;1;1;XEUR;7144051;443197;
24.10.2024;09:08:16.091;D3AI SI 20261218 CS;SIMPLE_INSTRUMENT;BLOCK;EUR;5;3.18000000;50;EXCHANGE_LAST;;1;1;XEUR;7144051;443197;
24.10.2024;14:37:18.299;D3AI SI 20271217 CS;SIMPLE_INSTRUMENT;BLOCK;EUR;41;2.92000000;100;EXCHANGE_LAST;;2;1;XEUR;7144067;443197;
24.10.2024;15:25:41.953;D3AI SI 20251219 CS;SIMPLE_INSTRUMENT;BLOCK;EUR;53;4.09000000;200;EXCHANGE_LAST;;2;3;XEUR;7144062;443197;
24.10.2024;08:12:06.292;DAI SI 20241115 PS AM C 60.00 0;SIMPLE_INSTRUMENT;BLOCK;EUR;1;0.94000000;1500;EXCHANGE_LAST;;1;2;XEUR;11738665;443196;
24.10.2024;08:36:23.619;DAI SI 20241115 PS AM C 60.00 0;SIMPLE_INSTRUMENT;BLOCK;EUR;3;1.25000000;3000;EXCHANGE_LAST;;2;2;XEUR;11738665;443196;
24.10.2024;08:51:20.501;DAI SI 20241115 PS AM C 60.00 0;SIMPLE_INSTRUMENT;BLOCK;EUR;5;1.25000000;1000;EXCHANGE_LAST;;1;1;XEUR;11738665;443196;
24.10.2024;12:44:07.542;DAI SI 20250321 PS AM C 60.00 0;SIMPLE_INSTRUMENT;BLOCK;EUR;11;3.34000000;1000;EXCHANGE_LAST;;1;1;XEUR;10884520;443196;
24.10.2024;14:30:04.317;DAI SI 20250321 PS AM P 48.00 0;SIMPLE_INSTRUMENT;BLOCK;EUR;16;0.58000000;3500;EXCHANGE_LAST;;1;1;XEUR;10884507;443196;
24.10.2024;09:36:46.050;DHE SI 20241115 PS AM C 50.00 0;SIMPLE_INSTRUMENT;BLOCK;EUR;1;0.59000000;1000;EXCHANGE_LAST;;1;1;XEUR;12008756;57135;
24.10.2024;12:47:25.464;DPW SI 20251219 PS AM P 36.00 0;SIMPLE_INSTRUMENT;BLOCK;EUR;3;2.85000000;1000;EXCHANGE_LAST;;2;1;XEUR;5926788;445;
24.10.2024;14:48:59.697;DPW SI 20271217 PS AM P 36.00 0;SIMPLE_INSTRUMENT;BLOCK;EUR;4;5.18000000;1500;EXCHANGE_LAST;;1;1;XEUR;8780220;445;
24.10.2024;15:44:31.570;E2NT SI 20281215 CS;SIMPLE_INSTRUMENT;BLOCK;EUR;64;0.87000000;300;EXCHANGE_LAST;;1;1;XEUR;6802271;470;
24.10.2024;15:37:52.297;ENR SI 20241115 PS AM C 40.00 0;SIMPLE_INSTRUMENT;BLOCK;EUR;5;1.25000000;2283;EXCHANGE_LAST;;1;1;XEUR;11866499;298530;
24.10.2024;15:37:52.741;ENR SI 20241115 PS AM C 40.00 0;SIMPLE_INSTRUMENT;BLOCK;EUR;6;1.22000000;1217;EXCHANGE_LAST;;1;1;XEUR;11866499;298530;
24.10.2024;14:44:19.163;ENT5 SI 20241219 PS AM P 14.00 0;SIMPLE_INSTRUMENT;BLOCK;EUR;23;0.43500000;600;EXCHANGE_LAST;;1;1;XEUR;4630526;497;
24.10.2024;09:27:25.277;F3IA SI 20251219 CS;SIMPLE_INSTRUMENT;BLOCK;EUR;9;0.43000000;600;EXCHANGE_LAST;;1;2;XEUR;6633988;390387;
24.10.2024;16:01:09.315;F3IA SI 20271217 CS;SIMPLE_INSTRUMENT;BLOCK;EUR;70;0.47000000;1000;EXCHANGE_LAST;;1;1;XEUR;8422837;390387;
24.10.2024;16:22:39.924;F3IA SI 20281215 CS;SIMPLE_INSTRUMENT;BLOCK;EUR;78;0.46500000;1500;EXCHANGE_LAST;;1;1;XEUR;9964653;390387;
24.10.2024;08:13:41.951;FBTP SI 20241206 PS;SIMPLE_INSTRUMENT;EFP_FIN;EUR;2;121.13000000;168;EXCHANGE_LAST;;1;1;XEUR;10804520;636;
24.10.2024;08:13:46.974;FBTP SI 20241206 PS;SIMPLE_INSTRUMENT;EFP_FIN;EUR;3;121.13000000;240;EXCHANGE_LAST;;1;1;XEUR;10804520;636;
24.10.2024;08:18:47.259;FBTP SI 20241206 PS;SIMPLE_INSTRUMENT;EFP_FIN;EUR;4;121.13000000;56;EXCHANGE_LAST;;1;1;XEUR;10804520;636;
24.10.2024;08:22:21.460;FBTP SI 20241206 PS;SIMPLE_INSTRUMENT;EFP_FIN;EUR;5;121.14000000;1140;EXCHANGE_LAST;;1;1;XEUR;10804520;636;
24.10.2024;08:25:59.473;FBTP SI 20241206 PS;SIMPLE_INSTRUMENT;EFP_FIN;EUR;6;121.29000000;391;EXCHANGE_LAST;;1;1;XEUR;10804520;636;
24.10.2024;09:27:36.995;FBTP SI 20241206 PS;SIMPLE_INSTRUMENT;BLOCK;EUR;8;121.32000000;401;EXCHANGE_LAST;;1;1;XEUR;10804520;636;
24.10.2024;09:33:19.162;FBTP SI 20241206 PS;SIMPLE_INSTRUMENT;BLOCK;EUR;9;121.21000000;945;EXCHANGE_LAST;;1;1;XEUR;10804520;636;
24.10.2024;09:40:46.375;FBTP SI 20241206 PS;SIMPLE_INSTRUMENT;EFP_FIN;EUR;10;121.15000000;508;EXCHANGE_LAST;;1;1;XEUR;10804520;636;
24.10.2024;09:49:20.540;FBTP SI 20241206 PS;SIMPLE_INSTRUMENT;EFP_FIN;EUR;11;121.22000000;382;EXCHANGE_LAST;;1;1;XEUR;10804520;636;
24.10.2024;09:51:50.782;FBTP SI 20241206 PS;SIMPLE_INSTRUMENT;EFP_FIN;EUR;12;121.24000000;112;EXCHANGE_LAST;;1;1;XEUR;10804520;636;
24.10.2024;09:53:48.788;FBTP SI 20241206 PS;SIMPLE_INSTRUMENT;EFP_FIN;EUR;13;121.24000000;316;EXCHANGE_LAST;;1;1;XEUR;10804520;636;
24.10.2024;10:01:57.639;FBTP SI 20241206 PS;SIMPLE_INSTRUMENT;EFP_FIN;EUR;14;121.27000000;428;EXCHANGE_LAST;;1;1;XEUR;10804520;636;
24.10.2024;10:37:57.727;FBTP SI 20241206 PS;SIMPLE_INSTRUMENT;BLOCK;EUR;15;121.27000000;578;EXCHANGE_LAST;;1;1;XEUR;10804520;636;
24.10.2024;10:45:02.539;FBTP SI 20241206 PS;SIMPLE_INSTRUMENT;EFP_FIN;EUR;16;121.25000000;756;EXCHANGE_LAST;;1;1;XEUR;10804520;636;
24.10.2024;10:49:48.577;FBTP SI 20241206 PS;SIMPLE_INSTRUMENT;EFP_FIN;EUR;17;121.23000000;123;EXCHANGE_LAST;;1;1;XEUR;10804520;636;
24.10.2024;10:46:12.171;FBTP SI 20241206 PS;SIMPLE_INSTRUMENT;EFP_FIN;EUR;18;121.23000000;123;EXCHANGE_LAST;;1;1;XEUR;10804520;636;
24.10.2024;10:48:11.697;FBTP SI 20241206 PS;SIMPLE_INSTRUMENT;EFP_FIN;EUR;19;121.32000000;439;EXCHANGE_LAST;;1;1;XEUR;10804520;636;
24.10.2024;11:54:52.886;FBTP SI 20241206 PS;SIMPLE_INSTRUMENT;EFP_FIN;EUR;20;121.30000000;68;EXCHANGE_LAST;;1;1;XEUR;10804520;636;
24.10.2024;12:15:23.185;FBTP SI 20241206 PS;SIMPLE_INSTRUMENT;EFP_FIN;EUR;21;121.35000000;112;EXCHANGE_LAST;;1;1;XEUR;10804520;636;
24.10.2024;12:15:31.963;FBTP SI 20241206 PS;SIMPLE_INSTRUMENT;EFP_FIN;EUR;22;121.38000000;64;EXCHANGE_LAST;;1;1;XEUR;10804520;636;
24.10.2024;12:16:27.189;FBTP SI 20241206 PS;SIMPLE_INSTRUMENT;EFP_FIN;EUR;23;121.35000000;112;EXCHANGE_LAST;;1;1;XEUR;10804520;636;
24.10.2024;12:24:23.412;FBTP SI 20241206 PS;SIMPLE_INSTRUMENT;EFP_FIN;EUR;24;121.36000000;893;EXCHANGE_LAST;;1;1;XEUR;10804520;636;
24.10.2024;13:12:03.424;FBTP SI 20241206 PS;SIMPLE_INSTRUMENT;EFP_FIN;EUR;25;121.40000000;893;EXCHANGE_LAST;;1;1;XEUR;10804520;636;
24.10.2024;13:14:04.890;FBTP SI 20241206 PS;SIMPLE_INSTRUMENT;EFP_FIN;EUR;26;121.42000000;268;EXCHANGE_LAST;;1;1;XEUR;10804520;636;
24.10.2024;13:19:46.801;FBTP SI 20241206 PS;SIMPLE_INSTRUMENT;EFP_FIN;EUR;27;121.41000000;1340;EXCHANGE_LAST;;1;1;XEUR;10804520;636;
24.10.2024;13:48:33.767;FBTP SI 20241206 PS;SIMPLE_INSTRUMENT;EFP_FIN;EUR;28;121.39000000;92;EXCHANGE_LAST;;1;1;XEUR;10804520;636;
24.10.2024;13:30:55.168;FBTP SI 20241206 PS;SIMPLE_INSTRUMENT;EFP_FIN;EUR;29;121.36000000;107;EXCHANGE_LAST;;1;1;XEUR;10804520;636;
24.10.2024;13:31:10.912;FBTP SI 20241206 PS;SIMPLE_INSTRUMENT;EFP_FIN;EUR;30;121.36000000;95;EXCHANGE_LAST;;1;1;XEUR;10804520;636;
24.10.2024;13:54:25.493;FBTP SI 20241206 PS;SIMPLE_INSTRUMENT;EFP_FIN;EUR;31;121.25000000;105;EXCHANGE_LAST;;1;1;XEUR;10804520;636;
24.10.2024;13:56:39.104;FBTP SI 20241206 PS;SIMPLE_INSTRUMENT;EFP_FIN;EUR;32;121.22000000;277;EXCHANGE_LAST;;1;1;XEUR;10804520;636;
24.10.2024;15:06:29.947;FBTP SI 20241206 PS;SIMPLE_INSTRUMENT;EFP_FIN;EUR;33;121.40000000;313;EXCHANGE_LAST;;1;1;XEUR;10804520;636;
24.10.2024;15:09:23.465;FBTP SI 20241206 PS;SIMPLE_INSTRUMENT;EFP_FIN;EUR;34;121.46000000;452;EXCHANGE_LAST;;1;1;XEUR;10804520;636;
24.10.2024;15:27:38.701;FBTP SI 20241206 PS;SIMPLE_INSTRUMENT;EFP_FIN;EUR;35;121.43000000;550;EXCHANGE_LAST;;1;1;XEUR;10804520;636;
24.10.2024;15:30:37.782;FBTP SI 20241206 PS;SIMPLE_INSTRUMENT;EFP_FIN;EUR;36;121.48000000;357;EXCHANGE_LAST;;1;1;XEUR;10804520;636;
24.10.2024;15:31:54.065;FBTP SI 20241206 PS;SIMPLE_INSTRUMENT;EFP_FIN;EUR;37;121.36000000;577;EXCHANGE_LAST;;1;1;XEUR;10804520;636;
24.10.2024;15:38:08.755;FBTP SI 20241206 PS;SIMPLE_INSTRUMENT;EFP_FIN;EUR;38;121.43000000;137;EXCHANGE_LAST;;1;1;XEUR;10804520;636;
24.10.2024;07:40:34.873;FBTS SI 20241206 PS;SIMPLE_INSTRUMENT;EFP_FIN;EUR;1;107.60000000;1132;EXCHANGE_LAST;;1;1;XEUR;10804522;639;
24.10.2024;08:09:55.204;FBTS SI 20241206 PS;SIMPLE_INSTRUMENT;BLOCK;EUR;2;107.53000000;983;EXCHANGE_LAST;;1;1;XEUR;10804522;639;
24.10.2024;08:14:38.973;FBTS SI 20241206 PS;SIMPLE_INSTRUMENT;BLOCK;EUR;3;107.55000000;480;EXCHANGE_LAST;;1;1;XEUR;10804522;639;
24.10.2024;08:15:36.430;FBTS SI 20241206 PS;SIMPLE_INSTRUMENT;EFP_FIN;EUR;4;107.55000000;901;EXCHANGE_LAST;;1;1;XEUR;10804522;639;
24.10.2024;08:48:18.494;FBTS SI 20241206 PS;SIMPLE_INSTRUMENT;EFP_FIN;EUR;7;107.54000000;1420;EXCHANGE_LAST;;1;1;XEUR;10804522;639;
24.10.2024;08:57:16.212;FBTS SI 20241206 PS;SIMPLE_INSTRUMENT;EFP_FIN;EUR;8;107.55000000;4266;EXCHANGE_LAST;;1;1;XEUR;10804522;639;
24.10.2024;08:59:22.480;FBTS SI 20241206 PS;SIMPLE_INSTRUMENT;EFP_FIN;EUR;9;107.53000000;703;EXCHANGE_LAST;;1;1;XEUR;10804522;639;
24.10.2024;09:43:39.957;FBTS SI 20241206 PS;SIMPLE_INSTRUMENT;EFP_FIN;EUR;15;107.55000000;2578;EXCHANGE_LAST;;1;1;XEUR;10804522;639;
24.10.2024;10:11:41.005;FBTS SI 20241206 PS;SIMPLE_INSTRUMENT;EFP_FIN;EUR;16;107.52000000;502;EXCHANGE_LAST;;1;1;XEUR;10804522;639;
24.10.2024;10:24:43.636;FBTS SI 20241206 PS;SIMPLE_INSTRUMENT;EFP_FIN;EUR;17;107.51000000;1112;EXCHANGE_LAST;;1;1;XEUR;10804522;639;
24.10.2024;10:33:06.639;FBTS SI 20241206 PS;SIMPLE_INSTRUMENT;EFP_FIN;EUR;18;107.51000000;1171;EXCHANGE_LAST;;1;1;XEUR;10804522;639;
24.10.2024;10:57:37.801;FBTS SI 20241206 PS;SIMPLE_INSTRUMENT;EFP_FIN;EUR;20;107.53000000;676;EXCHANGE_LAST;;1;1;XEUR;10804522;639;
24.10.2024;11:10:00.814;FBTS SI 20241206 PS;SIMPLE_INSTRUMENT;EFP_FIN;EUR;23;107.52000000;1545;EXCHANGE_LAST;;1;1;XEUR;10804522;639;
24.10.2024;11:36:23.327;FBTS SI 20241206 PS;SIMPLE_INSTRUMENT;EFP_FIN;EUR;25;107.55000000;349;EXCHANGE_LAST;;1;1;XEUR;10804522;639;
24.10.2024;11:54:09.358;FBTS SI 20241206 PS;SIMPLE_INSTRUMENT;EFP_FIN;EUR;26;107.55000000;852;EXCHANGE_LAST;;1;1;XEUR;10804522;639;
24.10.2024;11:55:52.465;FBTS SI 20241206 PS;SIMPLE_INSTRUMENT;EFP_FIN;EUR;27;107.54000000;1112;EXCHANGE_LAST;;1;1;XEUR;10804522;639;
24.10.2024;12:39:08.487;FBTS SI 20241206 PS;SIMPLE_INSTRUMENT;EFP_FIN;EUR;28;107.57000000;1063;EXCHANGE_LAST;;1;1;XEUR;10804522;639;
24.10.2024;12:57:55.014;FBTS SI 20241206 PS;SIMPLE_INSTRUMENT;EFP_FIN;EUR;32;107.58000000;1063;EXCHANGE_LAST;;1;1;XEUR;10804522;639;
24.10.2024;13:08:34.809;FBTS SI 20241206 PS;SIMPLE_INSTRUMENT;BLOCK;EUR;34;107.60000000;192;EXCHANGE_LAST;;1;1;XEUR;10804522;639;
24.10.2024;13:08:49.765;FBTS SI 20241206 PS;SIMPLE_INSTRUMENT;BLOCK;EUR;35;107.60000000;192;EXCHANGE_LAST;;1;1;XEUR;10804522;639;
24.10.2024;13:46:12.747;FBTS SI 20241206 PS;SIMPLE_INSTRUMENT;EFP_FIN;EUR;37;107.60000000;130;EXCHANGE_LAST;;1;1;XEUR;10804522;639;
24.10.2024;13:51:28.569;FBTS SI 20241206 PS;SIMPLE_INSTRUMENT;BLOCK;EUR;38;107.58000000;1309;EXCHANGE_LAST;;1;1;XEUR;10804522;639;
24.10.2024;13:53:07.826;FBTS SI 20241206 PS;SIMPLE_INSTRUMENT;EFP_FIN;EUR;39;107.58000000;696;EXCHANGE_LAST;;1;1;XEUR;10804522;639;
24.10.2024;14:07:45.497;FBTS SI 20241206 PS;SIMPLE_INSTRUMENT;EFS;EUR;40;107.55000000;2068;EXCHANGE_LAST;;1;1;XEUR;10804522;639;
24.10.2024;14:09:24.487;FBTS SI 20241206 PS;SIMPLE_INSTRUMENT;EFP_FIN;EUR;41;107.55000000;1669;EXCHANGE_LAST;;1;1;XEUR;10804522;639;
24.10.2024;14:21:06.477;FBTS SI 20241206 PS;SIMPLE_INSTRUMENT;EFP_FIN;EUR;42;107.54000000;451;EXCHANGE_LAST;;1;1;XEUR;10804522;639;
24.10.2024;14:22:12.071;FBTS SI 20241206 PS;SIMPLE_INSTRUMENT;EFP_FIN;EUR;44;107.55000000;1112;EXCHANGE_LAST;;1;1;XEUR;10804522;639;
24.10.2024;14:39:27.874;FBTS SI 20241206 PS;SIMPLE_INSTRUMENT;EFP_FIN;EUR;46;107.53000000;180;EXCHANGE_LAST;;1;1;XEUR;10804522;639;
24.10.2024;14:54:13.065;FBTS SI 20241206 PS;SIMPLE_INSTRUMENT;EFP_FIN;EUR;47;107.57000000;820;EXCHANGE_LAST;;1;1;XEUR;10804522;639;
24.10.2024;14:56:17.145;FBTS SI 20241206 PS;SIMPLE_INSTRUMENT;EFP_FIN;EUR;48;107.56000000;1112;EXCHANGE_LAST;;1;1;XEUR;10804522;639;
24.10.2024;15:42:29.024;FBTS SI 20241206 PS;SIMPLE_INSTRUMENT;EFP_FIN;EUR;54;107.54000000;781;EXCHANGE_LAST;;1;1;XEUR;10804522;639;
24.10.2024;12:57:14.898;FCEU SI 20241216 PS;SIMPLE_INSTRUMENT;BLOCK;USD;1;1.08200000;59;EXCHANGE_LAST;;1;1;XEUR;7140363;369376;
24.10.2024;15:14:44.976;FCEU SI 20241216 PS;SIMPLE_INSTRUMENT;BLOCK;USD;2;1.08196000;707;EXCHANGE_LAST;;1;1;XEUR;7140363;369376;
24.10.2024;12:47:31.950;FDAX SI 20241220 CS;SIMPLE_INSTRUMENT;EFP_IDX;EUR;1;19635.00000000;500;EXCHANGE_LAST;;1;1;XEUR;7296065;589;
24.10.2024;15:47:07.767;FDAX SI 20241220 CS;SIMPLE_INSTRUMENT;EFP_IDX;EUR;3;19548.00000000;190;EXCHANGE_LAST;;1;1;XEUR;7296065;589;
24.10.2024;14:13:20.228;FDAX SI 20241220 CS;SIMPLE_INSTRUMENT;VOLA;EUR;671088652;19625.00000000;12;EXCHANGE_LAST;;1;1;XEUR;7296065;589;
24.10.2024;09:00:08.404;FEBD SI 20261218 CS;SIMPLE_INSTRUMENT;BLOCK;EUR;11;9.28000000;750;EXCHANGE_LAST;;1;2;XEUR;7158212;597;
24.10.2024;12:28:21.493;FEBD.S.DEC26.DEC27.SPD;FUTURES_SPREAD;BLOCK;EUR;19;0.84000000;1800;EXCHANGE_LAST;;1;4;XEUR;72060158133406971;597;
24.10.2024;12:28:21.493;FEBD SI 20261218 CS;SIMPLE_INSTRUMENT;BLOCK;EUR;19;9.26000000;1800;PRC_DECOMP_MEMBER;;;;XEUR;7158212;597;MEMBER
24.10.2024;12:28:21.493;FEBD SI 20271217 CS;SIMPLE_INSTRUMENT;BLOCK;EUR;19;8.42000000;1800;PRC_DECOMP_MEMBER;;;;XEUR;7776307;597;MEMBER
24.10.2024;12:53:55.230;FEBD.S.DEC27.DEC29.SPD;FUTURES_SPREAD;BLOCK;EUR;23;1.28000000;200;EXCHANGE_LAST;;1;1;XEUR;72060158133406972;597;
24.10.2024;12:53:55.230;FEBD SI 20271217 CS;SIMPLE_INSTRUMENT;BLOCK;EUR;23;8.43000000;200;PRC_DECOMP_EXCHANGE;;;;XEUR;7776307;597;EXCHANGE
24.10.2024;12:53:55.230;FEBD SI 20291221 CS;SIMPLE_INSTRUMENT;BLOCK;EUR;23;7.15000000;200;PRC_DECOMP_EXCHANGE;;;;XEUR;8782283;597;EXCHANGE
24.10.2024;14:42:14.057;FEBD SI 20271217 CS;SIMPLE_INSTRUMENT;BLOCK;EUR;33;8.40000000;150;EXCHANGE_LAST;;1;1;XEUR;7776307;597;
24.10.2024;15:22:44.285;FEBD SI 20271217 CS;SIMPLE_INSTRUMENT;BLOCK;EUR;40;8.40000000;150;EXCHANGE_LAST;;1;1;XEUR;7776307;597;
24.10.2024;16:46:51.939;FEHY SI 20241220 CS;SIMPLE_INSTRUMENT;BLOCK;EUR;51;291.66000000;151;EXCHANGE_LAST;;1;1;XEUR;10921067;574047;
24.10.2024;15:45:08.539;FESB SI 20241220 CS;SIMPLE_INSTRUMENT;EFP_IDX;EUR;39;144.10000000;8325;EXCHANGE_LAST;;1;1;XEUR;10838895;605;
24.10.2024;15:45:27.592;FESB SI 20241220 CS;SIMPLE_INSTRUMENT;EFP_IDX;EUR;40;144.00000000;3568;EXCHANGE_LAST;;1;1;XEUR;10838895;605;
24.10.2024;15:32:25.698;FESU SI 20241220 CS;SIMPLE_INSTRUMENT;BLOCK;EUR;4;400.00000000;1000;EXCHANGE_LAST;;1;1;XEUR;10839076;673;
24.10.2024;13:26:52.844;FESX SI 20241220 CS;SIMPLE_INSTRUMENT;BLOCK;EUR;1;4980.00000000;5000;EXCHANGE_LAST;;1;1;XEUR;7793479;675;
24.10.2024;15:51:29.740;FESX SI 20241220 CS;SIMPLE_INSTRUMENT;EFP_IDX;EUR;2;4950.00000000;270;EXCHANGE_LAST;;1;1;XEUR;7793479;675;
24.10.2024;15:51:29.760;FESX SI 20241220 CS;SIMPLE_INSTRUMENT;EFP_IDX;EUR;3;4951.00000000;630;EXCHANGE_LAST;;1;1;XEUR;7793479;675;
24.10.2024;15:55:24.451;FESX SI 20241220 CS;SIMPLE_INSTRUMENT;EFP_IDX;EUR;4;4950.00000000;80;EXCHANGE_LAST;;1;1;XEUR;7793479;675;
24.10.2024;15:55:38.166;FESX SI 20241220 CS;SIMPLE_INSTRUMENT;EFP_IDX;EUR;5;4951.00000000;81;EXCHANGE_LAST;;1;1;XEUR;7793479;675;
24.10.2024;08:32:13.157;FESX SI 20241220 CS;SIMPLE_INSTRUMENT;VOLA;EUR;637534220;4974.00000000;231;EXCHANGE_LAST;;1;1;XEUR;7793479;675;
24.10.2024;08:32:05.815;FESX SI 20241220 CS;SIMPLE_INSTRUMENT;VOLA;EUR;637534221;4974.00000000;230;EXCHANGE_LAST;;1;1;XEUR;7793479;675;
24.10.2024;08:39:47.618;FESX SI 20241220 CS;SIMPLE_INSTRUMENT;VOLA;EUR;637534231;4980.00000000;117;EXCHANGE_LAST;;1;1;XEUR;7793479;675;
24.10.2024;09:04:41.207;FESX SI 20241220 CS;SIMPLE_INSTRUMENT;VOLA;EUR;637534242;4983.00000000;160;EXCHANGE_LAST;;1;1;XEUR;7793479;675;
24.10.2024;09:22:05.646;FESX SI 20241220 CS;SIMPLE_INSTRUMENT;VOLA;EUR;637534245;4970.00000000;420;EXCHANGE_LAST;;1;1;XEUR;7793479;675;
24.10.2024;09:44:03.793;FESX SI 20241220 CS;SIMPLE_INSTRUMENT;VOLA;EUR;637534255;4975.00000000;340;EXCHANGE_LAST;;1;1;XEUR;7793479;675;
24.10.2024;09:53:23.852;FESX SI 20241220 CS;SIMPLE_INSTRUMENT;VOLA;EUR;637534265;4975.00000000;900;EXCHANGE_LAST;;1;1;XEUR;7793479;675;
24.10.2024;10:18:38.902;FESX SI 20241220 CS;SIMPLE_INSTRUMENT;VOLA;EUR;637534269;4970.00000000;1500;EXCHANGE_LAST;;1;1;XEUR;7793479;675;
24.10.2024;11:44:41.100;FESX SI 20241220 CS;SIMPLE_INSTRUMENT;VOLA;EUR;637534284;4975.00000000;405;EXCHANGE_LAST;;1;1;XEUR;7793479;675;
24.10.2024;12:29:16.075;FESX SI 20241220 CS;SIMPLE_INSTRUMENT;VOLA;EUR;637534293;4975.00000000;80;EXCHANGE_LAST;;1;1;XEUR;7793479;675;
24.10.2024;13:25:16.000;FESX SI 20241220 CS;SIMPLE_INSTRUMENT;VOLA;EUR;637534301;4975.00000000;190;EXCHANGE_LAST;;1;1;XEUR;7793479;675;
24.10.2024;13:33:10.146;FESX SI 20241220 CS;SIMPLE_INSTRUMENT;VOLA;EUR;637534302;4970.00000000;255;EXCHANGE_LAST;;1;1;XEUR;7793479;675;
24.10.2024;13:46:56.769;FESX SI 20241220 CS;SIMPLE_INSTRUMENT;VOLA;EUR;637534306;4974.00000000;100;EXCHANGE_LAST;;1;1;XEUR;7793479;675;
24.10.2024;14:06:22.040;FESX SI 20241220 CS;SIMPLE_INSTRUMENT;VOLA;EUR;637534310;4980.00000000;38;EXCHANGE_LAST;;1;1;XEUR;7793479;675;
24.10.2024;14:53:12.666;FESX SI 20241220 CS;SIMPLE_INSTRUMENT;VOLA;EUR;637534320;4965.00000000;190;EXCHANGE_LAST;;1;1;XEUR;7793479;675;
24.10.2024;07:45:20.816;FEXD.S.DEC27.DEC28.SPD;FUTURES_SPREAD;BLOCK;EUR;1;5.20000000;500;EXCHANGE_LAST;;1;1;XEUR;72060570450264162;693;
24.10.2024;07:45:20.816;FEXD SI 20281215 CS;SIMPLE_INSTRUMENT;BLOCK;EUR;1;143.00000000;500;PRC_DECOMP_MEMBER;;;;XEUR;3680985;693;MEMBER
24.10.2024;07:45:20.816;FEXD SI 20271217 CS;SIMPLE_INSTRUMENT;BLOCK;EUR;1;148.20000000;500;PRC_DECOMP_MEMBER;;;;XEUR;2848338;693;MEMBER
24.10.2024;08:18:34.052;FEXD SI 20261218 CS;SIMPLE_INSTRUMENT;BLOCK;EUR;3;154.10000000;500;EXCHANGE_LAST;;1;1;XEUR;2163053;693;
24.10.2024;08:25:26.326;FEXD.S.DEC26.DEC27.SPD;FUTURES_SPREAD;BLOCK;EUR;4;5.50000000;110;EXCHANGE_LAST;;1;1;XEUR;72060570450264153;693;
24.10.2024;08:25:26.326;FEXD SI 20261218 CS;SIMPLE_INSTRUMENT;BLOCK;EUR;4;154.00000000;110;PRC_DECOMP_MEMBER;;;;XEUR;2163053;693;MEMBER
24.10.2024;08:25:26.326;FEXD SI 20271217 CS;SIMPLE_INSTRUMENT;BLOCK;EUR;4;148.50000000;110;PRC_DECOMP_MEMBER;;;;XEUR;2848338;693;MEMBER
24.10.2024;08:25:42.250;FEXD.S.DEC26.DEC27.SPD;FUTURES_SPREAD;BLOCK;EUR;5;5.60000000;110;EXCHANGE_LAST;;1;1;XEUR;72060570450264153;693;
24.10.2024;08:25:42.250;FEXD SI 20271217 CS;SIMPLE_INSTRUMENT;BLOCK;EUR;5;148.50000000;110;PRC_DECOMP_MEMBER;;;;XEUR;2848338;693;MEMBER
24.10.2024;08:25:42.250;FEXD SI 20261218 CS;SIMPLE_INSTRUMENT;BLOCK;EUR;5;154.10000000;110;PRC_DECOMP_MEMBER;;;;XEUR;2163053;693;MEMBER
24.10.2024;08:26:24.691;FEXD.S.DEC27.DEC28.SPD;FUTURES_SPREAD;BLOCK;EUR;6;5.20000000;200;EXCHANGE_LAST;;1;1;XEUR;72060570450264162;693;
24.10.2024;08:26:24.691;FEXD SI 20271217 CS;SIMPLE_INSTRUMENT;BLOCK;EUR;6;148.50000000;200;PRC_DECOMP_MEMBER;;;;XEUR;2848338;693;MEMBER
24.10.2024;08:26:24.691;FEXD SI 20281215 CS;SIMPLE_INSTRUMENT;BLOCK;EUR;6;143.30000000;200;PRC_DECOMP_MEMBER;;;;XEUR;3680985;693;MEMBER
24.10.2024;08:45:21.896;FEXD SI 20251219 CS;SIMPLE_INSTRUMENT;BLOCK;EUR;9;158.80000000;500;EXCHANGE_LAST;;1;1;XEUR;1548120;693;
24.10.2024;10:40:52.377;FEXD SI 20251219 CS;SIMPLE_INSTRUMENT;BLOCK;EUR;16;158.70000000;1100;EXCHANGE_LAST;;2;1;XEUR;1548120;693;
24.10.2024;11:02:40.792;FEXD SI 20251219 CS;SIMPLE_INSTRUMENT;BLOCK;EUR;17;158.70000000;300;EXCHANGE_LAST;;1;1;XEUR;1548120;693;
24.10.2024;12:34:36.380;FEXD.S.DEC27.DEC28.SPD;FUTURES_SPREAD;BLOCK;EUR;22;5.20000000;1000;EXCHANGE_LAST;;1;1;XEUR;72060570450264162;693;
24.10.2024;12:34:36.380;FEXD SI 20281215 CS;SIMPLE_INSTRUMENT;BLOCK;EUR;22;143.50000000;1000;PRC_DECOMP_MEMBER;;;;XEUR;3680985;693;MEMBER
24.10.2024;12:34:36.380;FEXD SI 20271217 CS;SIMPLE_INSTRUMENT;BLOCK;EUR;22;148.70000000;1000;PRC_DECOMP_MEMBER;;;;XEUR;2848338;693;MEMBER
24.10.2024;13:29:12.308;FEXD.S.DEC25.DEC29.SPD;FUTURES_SPREAD;BLOCK;EUR;27;20.50000000;100;EXCHANGE_LAST;;1;1;XEUR;72060570450264168;693;
24.10.2024;13:29:12.308;FEXD SI 20291221 CS;SIMPLE_INSTRUMENT;BLOCK;EUR;27;137.80000000;100;PRC_DECOMP_EXCHANGE;;;;XEUR;4631968;693;EXCHANGE
24.10.2024;13:29:12.308;FEXD SI 20251219 CS;SIMPLE_INSTRUMENT;BLOCK;EUR;27;158.30000000;100;PRC_DECOMP_EXCHANGE;;;;XEUR;1548120;693;EXCHANGE
24.10.2024;13:34:29.032;FEXD SI 20271217 CS;SIMPLE_INSTRUMENT;BLOCK;EUR;28;148.80000000;250;EXCHANGE_LAST;;1;1;XEUR;2848338;693;
24.10.2024;13:35:08.564;FEXD SI 20271217 CS;SIMPLE_INSTRUMENT;BLOCK;EUR;29;148.70000000;250;EXCHANGE_LAST;;1;1;XEUR;2848338;693;
24.10.2024;13:48:21.860;FEXD.S.DEC27.DEC28.SPD;FUTURES_SPREAD;BLOCK;EUR;30;5.20000000;750;EXCHANGE_LAST;;1;1;XEUR;72060570450264162;693;
24.10.2024;13:48:21.860;FEXD SI 20271217 CS;SIMPLE_INSTRUMENT;BLOCK;EUR;30;148.70000000;750;PRC_DECOMP_MEMBER;;;;XEUR;2848338;693;MEMBER
24.10.2024;13:48:21.860;FEXD SI 20281215 CS;SIMPLE_INSTRUMENT;BLOCK;EUR;30;143.50000000;750;PRC_DECOMP_MEMBER;;;;XEUR;3680985;693;MEMBER
24.10.2024;13:50:54.331;FEXD.S.DEC27.DEC28.SPD;FUTURES_SPREAD;BLOCK;EUR;31;5.20000000;250;EXCHANGE_LAST;;1;1;XEUR;72060570450264162;693;
24.10.2024;13:50:54.331;FEXD SI 20271217 CS;SIMPLE_INSTRUMENT;BLOCK;EUR;31;148.70000000;250;PRC_DECOMP_MEMBER;;;;XEUR;2848338;693;MEMBER
24.10.2024;13:50:54.331;FEXD SI 20281215 CS;SIMPLE_INSTRUMENT;BLOCK;EUR;31;143.50000000;250;PRC_DECOMP_MEMBER;;;;XEUR;3680985;693;MEMBER
24.10.2024;15:22:37.394;FEXD SI 20261218 CS;SIMPLE_INSTRUMENT;BLOCK;EUR;37;154.30000000;250;EXCHANGE_LAST;;1;1;XEUR;2163053;693;
24.10.2024;06:55:15.732;FGBL SI 20241206 PS;SIMPLE_INSTRUMENT;EFP_FIN;EUR;1;132.82000000;727;EXCHANGE_LAST;;1;1;XEUR;10804524;688;
24.10.2024;07:13:22.449;FGBL SI 20241206 PS;SIMPLE_INSTRUMENT;EFS;EUR;2;133.11000000;428;EXCHANGE_LAST;;1;1;XEUR;10804524;688;
24.10.2024;07:13:32.461;FGBL SI 20241206 PS;SIMPLE_INSTRUMENT;EFS;EUR;3;133.11000000;428;EXCHANGE_LAST;;1;1;XEUR;10804524;688;
24.10.2024;07:14:17.522;FGBL SI 20241206 PS;SIMPLE_INSTRUMENT;EFS;EUR;4;133.08000000;428;EXCHANGE_LAST;;1;1;XEUR;10804524;688;
24.10.2024;07:14:17.567;FGBL SI 20241206 PS;SIMPLE_INSTRUMENT;EFS;EUR;5;133.08000000;428;EXCHANGE_LAST;;1;1;XEUR;10804524;688;
24.10.2024;07:17:12.703;FGBL SI 20241206 PS;SIMPLE_INSTRUMENT;EFS;EUR;6;133.08000000;171;EXCHANGE_LAST;;1;1;XEUR;10804524;688;
24.10.2024;07:21:05.003;FGBL SI 20241206 PS;SIMPLE_INSTRUMENT;EFS;EUR;7;133.24000000;427;EXCHANGE_LAST;;1;1;XEUR;10804524;688;
24.10.2024;07:22:04.772;FGBL SI 20241206 PS;SIMPLE_INSTRUMENT;EFS;EUR;8;133.24000000;427;EXCHANGE_LAST;;1;1;XEUR;10804524;688;
24.10.2024;07:27:33.222;FGBL SI 20241206 PS;SIMPLE_INSTRUMENT;EFS;EUR;9;133.21000000;427;EXCHANGE_LAST;;1;1;XEUR;10804524;688;
24.10.2024;07:33:02.633;FGBL SI 20241206 PS;SIMPLE_INSTRUMENT;EFS;EUR;10;133.22000000;450;EXCHANGE_LAST;;1;1;XEUR;10804524;688;
24.10.2024;07:33:17.025;FGBL SI 20241206 PS;SIMPLE_INSTRUMENT;EFS;EUR;11;133.21000000;451;EXCHANGE_LAST;;1;1;XEUR;10804524;688;
24.10.2024;07:58:55.114;FGBL SI 20241206 PS;SIMPLE_INSTRUMENT;EFS;EUR;13;133.15000000;427;EXCHANGE_LAST;;1;1;XEUR;10804524;688;
24.10.2024;08:01:15.749;FGBL SI 20241206 PS;SIMPLE_INSTRUMENT;EFS;EUR;14;133.19000000;585;EXCHANGE_LAST;;1;1;XEUR;10804524;688;
24.10.2024;08:02:04.348;FGBL SI 20241206 PS;SIMPLE_INSTRUMENT;EFP_FIN;EUR;15;133.25000000;78;EXCHANGE_LAST;;1;1;XEUR;10804524;688;
24.10.2024;08:05:32.322;FGBL SI 20241206 PS;SIMPLE_INSTRUMENT;EFP_FIN;EUR;16;133.25000000;78;EXCHANGE_LAST;;1;1;XEUR;10804524;688;
24.10.2024;08:03:49.150;FGBL SI 20241206 PS;SIMPLE_INSTRUMENT;EFS;EUR;17;133.14000000;15;EXCHANGE_LAST;;1;1;XEUR;10804524;688;
24.10.2024;08:07:00.162;FGBL SI 20241206 PS;SIMPLE_INSTRUMENT;EFP_FIN;EUR;18;133.24000000;194;EXCHANGE_LAST;;1;1;XEUR;10804524;688;
24.10.2024;08:08:04.382;FGBL SI 20241206 PS;SIMPLE_INSTRUMENT;EFS;EUR;19;133.04000000;512;EXCHANGE_LAST;;1;1;XEUR;10804524;688;
24.10.2024;08:08:47.770;FGBL SI 20241206 PS;SIMPLE_INSTRUMENT;EFS;EUR;20;133.02000000;213;EXCHANGE_LAST;;1;1;XEUR;10804524;688;
24.10.2024;08:08:50.587;FGBL SI 20241206 PS;SIMPLE_INSTRUMENT;EFP_FIN;EUR;21;133.22000000;389;EXCHANGE_LAST;;1;1;XEUR;10804524;688;
24.10.2024;08:09:23.132;FGBL SI 20241206 PS;SIMPLE_INSTRUMENT;EFS;EUR;22;133.02000000;213;EXCHANGE_LAST;;1;1;XEUR;10804524;688;
24.10.2024;08:10:51.681;FGBL SI 20241206 PS;SIMPLE_INSTRUMENT;EFP_FIN;EUR;23;133.16000000;1162;EXCHANGE_LAST;;1;1;XEUR;10804524;688;
24.10.2024;08:11:26.890;FGBL SI 20241206 PS;SIMPLE_INSTRUMENT;EFS;EUR;24;133.05000000;243;EXCHANGE_LAST;;1;1;XEUR;10804524;688;
24.10.2024;08:14:44.912;FGBL SI 20241206 PS;SIMPLE_INSTRUMENT;EFS;EUR;25;133.05000000;585;EXCHANGE_LAST;;1;1;XEUR;10804524;688;
24.10.2024;08:15:07.575;FGBL SI 20241206 PS;SIMPLE_INSTRUMENT;EFS;EUR;26;133.08000000;428;EXCHANGE_LAST;;1;1;XEUR;10804524;688;
24.10.2024;08:17:20.512;FGBL SI 20241206 PS;SIMPLE_INSTRUMENT;EFS;EUR;27;133.07000000;256;EXCHANGE_LAST;;1;1;XEUR;10804524;688;
24.10.2024;08:18:50.022;FGBL SI 20241206 PS;SIMPLE_INSTRUMENT;EFS;EUR;28;133.09000000;243;EXCHANGE_LAST;;1;1;XEUR;10804524;688;
24.10.2024;08:25:42.553;FGBL SI 20241206 PS;SIMPLE_INSTRUMENT;EFS;EUR;29;133.08000000;200;EXCHANGE_LAST;;1;1;XEUR;10804524;688;
24.10.2024;08:25:45.243;FGBL SI 20241206 PS;SIMPLE_INSTRUMENT;EFP_FIN;EUR;30;133.10000000;330;EXCHANGE_LAST;;1;1;XEUR;10804524;688;
24.10.2024;08:31:47.525;FGBL SI 20241206 PS;SIMPLE_INSTRUMENT;EFS;EUR;31;133.05000000;731;EXCHANGE_LAST;;1;1;XEUR;10804524;688;
24.10.2024;08:38:42.191;FGBL SI 20241206 PS;SIMPLE_INSTRUMENT;EFS;EUR;32;133.26000000;225;EXCHANGE_LAST;;1;1;XEUR;10804524;688;
24.10.2024;08:38:45.453;FGBL SI 20241206 PS;SIMPLE_INSTRUMENT;EFS;EUR;33;133.11000000;291;EXCHANGE_LAST;;1;1;XEUR;10804524;688;
24.10.2024;08:40:47.390;FGBL SI 20241206 PS;SIMPLE_INSTRUMENT;EFS;EUR;34;133.25000000;194;EXCHANGE_LAST;;1;1;XEUR;10804524;688;
24.10.2024;08:45:50.096;FGBL SI 20241206 PS;SIMPLE_INSTRUMENT;EFS;EUR;35;133.23000000;97;EXCHANGE_LAST;;1;1;XEUR;10804524;688;
24.10.2024;08:46:56.282;FGBL SI 20241206 PS;SIMPLE_INSTRUMENT;EFS;EUR;36;133.16000000;428;EXCHANGE_LAST;;1;1;XEUR;10804524;688;
24.10.2024;08:50:19.465;FGBL SI 20241206 PS;SIMPLE_INSTRUMENT;EFS;EUR;37;133.14000000;239;EXCHANGE_LAST;;1;1;XEUR;10804524;688;
24.10.2024;08:53:27.682;FGBL SI 20241206 PS;SIMPLE_INSTRUMENT;EFS;EUR;38;133.14000000;427;EXCHANGE_LAST;;1;1;XEUR;10804524;688;
24.10.2024;08:55:02.005;FGBL SI 20241206 PS;SIMPLE_INSTRUMENT;EFS;EUR;39;133.15000000;188;EXCHANGE_LAST;;1;1;XEUR;10804524;688;
24.10.2024;08:57:26.330;FGBL SI 20241206 PS;SIMPLE_INSTRUMENT;EFS;EUR;40;133.15000000;427;EXCHANGE_LAST;;1;1;XEUR;10804524;688;
24.10.2024;09:00:36.195;FGBL SI 20241206 PS;SIMPLE_INSTRUMENT;EFS;EUR;41;133.09000000;640;EXCHANGE_LAST;;1;1;XEUR;10804524;688;
24.10.2024;09:01:14.525;FGBL SI 20241206 PS;SIMPLE_INSTRUMENT;EFS;EUR;42;133.11000000;213;EXCHANGE_LAST;;1;1;XEUR;10804524;688;
24.10.2024;09:02:08.060;FGBL SI 20241206 PS;SIMPLE_INSTRUMENT;EFS;EUR;43;133.12000000;427;EXCHANGE_LAST;;1;1;XEUR;10804524;688;
24.10.2024;09:02:24.996;FGBL SI 20241206 PS;SIMPLE_INSTRUMENT;EFS;EUR;44;133.14000000;3600;EXCHANGE_LAST;;1;1;XEUR;10804524;688;
24.10.2024;09:02:53.858;FGBL SI 20241206 PS;SIMPLE_INSTRUMENT;EFS;EUR;45;133.14000000;213;EXCHANGE_LAST;;1;1;XEUR;10804524;688;
24.10.2024;09:03:54.637;FGBL SI 20241206 PS;SIMPLE_INSTRUMENT;EFS;EUR;46;133.15000000;213;EXCHANGE_LAST;;1;1;XEUR;10804524;688;
24.10.2024;09:04:15.340;FGBL SI 20241206 PS;SIMPLE_INSTRUMENT;EFS;EUR;47;133.10000000;213;EXCHANGE_LAST;;1;1;XEUR;10804524;688;
24.10.2024;09:04:30.101;FGBL SI 20241206 PS;SIMPLE_INSTRUMENT;EFS;EUR;48;133.14000000;213;EXCHANGE_LAST;;1;1;XEUR;10804524;688;
24.10.2024;09:11:00.168;FGBL SI 20241206 PS;SIMPLE_INSTRUMENT;EFS;EUR;49;133.11000000;450;EXCHANGE_LAST;;1;1;XEUR;10804524;688;
24.10.2024;09:13:08.954;FGBL SI 20241206 PS;SIMPLE_INSTRUMENT;EFS;EUR;50;133.16000000;428;EXCHANGE_LAST;;1;1;XEUR;10804524;688;
24.10.2024;09:13:47.128;FGBL SI 20241206 PS;SIMPLE_INSTRUMENT;EFS;EUR;51;133.09000000;225;EXCHANGE_LAST;;1;1;XEUR;10804524;688;
24.10.2024;09:14:15.327;FGBL SI 20241206 PS;SIMPLE_INSTRUMENT;EFS;EUR;52;133.13000000;341;EXCHANGE_LAST;;1;1;XEUR;10804524;688;
24.10.2024;09:21:16.425;FGBL SI 20241206 PS;SIMPLE_INSTRUMENT;EFS;EUR;53;133.21000000;427;EXCHANGE_LAST;;1;1;XEUR;10804524;688;
24.10.2024;09:26:59.918;FGBL SI 20241206 PS;SIMPLE_INSTRUMENT;EFP_FIN;EUR;54;133.15000000;213;EXCHANGE_LAST;;1;1;XEUR;10804524;688;
24.10.2024;09:32:06.492;FGBL SI 20241206 PS;SIMPLE_INSTRUMENT;EFS;EUR;55;133.18000000;3600;EXCHANGE_LAST;;1;1;XEUR;10804524;688;
24.10.2024;09:26:17.989;FGBL SI 20241206 PS;SIMPLE_INSTRUMENT;EFS;EUR;56;133.09000000;450;EXCHANGE_LAST;;1;1;XEUR;10804524;688;
24.10.2024;09:30:24.101;FGBL SI 20241206 PS;SIMPLE_INSTRUMENT;EFS;EUR;57;133.20000000;486;EXCHANGE_LAST;;1;1;XEUR;10804524;688;
24.10.2024;09:32:55.324;FGBL SI 20241206 PS;SIMPLE_INSTRUMENT;EFS;EUR;58;133.10000000;200;EXCHANGE_LAST;;1;1;XEUR;10804524;688;
24.10.2024;09:36:27.580;FGBL SI 20241206 PS;SIMPLE_INSTRUMENT;EFS;EUR;59;133.18000000;427;EXCHANGE_LAST;;1;1;XEUR;10804524;688;
24.10.2024;09:36:35.329;FGBL SI 20241206 PS;SIMPLE_INSTRUMENT;EFS;EUR;60;133.19000000;428;EXCHANGE_LAST;;1;1;XEUR;10804524;688;
24.10.2024;09:37:10.366;FGBL SI 20241206 PS;SIMPLE_INSTRUMENT;EFS;EUR;61;133.19000000;427;EXCHANGE_LAST;;1;1;XEUR;10804524;688;
24.10.2024;09:37:43.468;FGBL SI 20241206 PS;SIMPLE_INSTRUMENT;EFS;EUR;62;133.21000000;213;EXCHANGE_LAST;;1;1;XEUR;10804524;688;
24.10.2024;09:46:40.950;FGBL SI 20241206 PS;SIMPLE_INSTRUMENT;EFS;EUR;63;133.23000000;427;EXCHANGE_LAST;;1;1;XEUR;10804524;688;
24.10.2024;09:48:44.938;FGBL SI 20241206 PS;SIMPLE_INSTRUMENT;EFS;EUR;64;133.16000000;900;EXCHANGE_LAST;;1;1;XEUR;10804524;688;
24.10.2024;10:02:26.832;FGBL SI 20241206 PS;SIMPLE_INSTRUMENT;EFS;EUR;65;133.23000000;3000;EXCHANGE_LAST;;1;1;XEUR;10804524;688;
24.10.2024;10:02:32.727;FGBL SI 20241206 PS;SIMPLE_INSTRUMENT;EFS;EUR;66;133.18000000;450;EXCHANGE_LAST;;1;1;XEUR;10804524;688;
24.10.2024;10:16:05.144;FGBL SI 20241206 PS;SIMPLE_INSTRUMENT;EFS;EUR;67;133.25000000;243;EXCHANGE_LAST;;1;1;XEUR;10804524;688;
24.10.2024;10:17:40.198;FGBL SI 20241206 PS;SIMPLE_INSTRUMENT;EFS;EUR;68;133.20000000;633;EXCHANGE_LAST;;1;1;XEUR;10804524;688;
24.10.2024;10:18:55.156;FGBL SI 20241206 PS;SIMPLE_INSTRUMENT;EFS;EUR;69;133.23000000;427;EXCHANGE_LAST;;1;1;XEUR;10804524;688;
24.10.2024;10:19:35.191;FGBL SI 20241206 PS;SIMPLE_INSTRUMENT;EFS;EUR;70;133.22000000;427;EXCHANGE_LAST;;1;1;XEUR;10804524;688;
24.10.2024;10:45:17.271;FGBL SI 20241206 PS;SIMPLE_INSTRUMENT;EFS;EUR;71;133.37000000;427;EXCHANGE_LAST;;1;1;XEUR;10804524;688;
24.10.2024;10:52:02.594;FGBL SI 20241206 PS;SIMPLE_INSTRUMENT;EFS;EUR;72;133.33000000;214;EXCHANGE_LAST;;1;1;XEUR;10804524;688;
24.10.2024;10:53:09.954;FGBL SI 20241206 PS;SIMPLE_INSTRUMENT;EFS;EUR;73;133.29000000;146;EXCHANGE_LAST;;1;1;XEUR;10804524;688;
24.10.2024;10:53:37.684;FGBL SI 20241206 PS;SIMPLE_INSTRUMENT;EFS;EUR;74;133.33000000;854;EXCHANGE_LAST;;1;1;XEUR;10804524;688;
24.10.2024;11:00:20.658;FGBL SI 20241206 PS;SIMPLE_INSTRUMENT;EFS;EUR;75;133.28000000;426;EXCHANGE_LAST;;1;1;XEUR;10804524;688;
24.10.2024;11:01:25.996;FGBL SI 20241206 PS;SIMPLE_INSTRUMENT;EFS;EUR;76;133.29000000;213;EXCHANGE_LAST;;1;1;XEUR;10804524;688;
24.10.2024;11:03:53.531;FGBL SI 20241206 PS;SIMPLE_INSTRUMENT;EFS;EUR;77;133.29000000;213;EXCHANGE_LAST;;1;1;XEUR;10804524;688;
24.10.2024;11:04:06.848;FGBL SI 20241206 PS;SIMPLE_INSTRUMENT;EFS;EUR;78;133.32000000;213;EXCHANGE_LAST;;1;1;XEUR;10804524;688;
24.10.2024;11:08:19.932;FGBL SI 20241206 PS;SIMPLE_INSTRUMENT;EFS;EUR;79;133.33000000;170;EXCHANGE_LAST;;1;1;XEUR;10804524;688;
24.10.2024;11:11:07.037;FGBL SI 20241206 PS;SIMPLE_INSTRUMENT;EFS;EUR;80;133.34000000;469;EXCHANGE_LAST;;1;1;XEUR;10804524;688;
24.10.2024;11:15:10.039;FGBL SI 20241206 PS;SIMPLE_INSTRUMENT;EFS;EUR;82;133.30000000;1700;EXCHANGE_LAST;;1;1;XEUR;10804524;688;
24.10.2024;11:27:35.955;FGBL SI 20241206 PS;SIMPLE_INSTRUMENT;EFS;EUR;83;133.25000000;426;EXCHANGE_LAST;;1;1;XEUR;10804524;688;
24.10.2024;11:31:38.720;FGBL SI 20241206 PS;SIMPLE_INSTRUMENT;EFP_FIN;EUR;84;133.30000000;433;EXCHANGE_LAST;;1;1;XEUR;10804524;688;
24.10.2024;11:43:48.062;FGBL SI 20241206 PS;SIMPLE_INSTRUMENT;EFS;EUR;85;133.31000000;427;EXCHANGE_LAST;;1;1;XEUR;10804524;688;
24.10.2024;11:44:03.077;FGBL SI 20241206 PS;SIMPLE_INSTRUMENT;EFS;EUR;86;133.31000000;427;EXCHANGE_LAST;;1;1;XEUR;10804524;688;
24.10.2024;11:47:37.012;FGBL SI 20241206 PS;SIMPLE_INSTRUMENT;EFP_FIN;EUR;87;133.34000000;1201;EXCHANGE_LAST;;1;1;XEUR;10804524;688;
24.10.2024;11:45:40.594;FGBL SI 20241206 PS;SIMPLE_INSTRUMENT;EFS;EUR;88;133.29000000;150;EXCHANGE_LAST;;1;1;XEUR;10804524;688;
24.10.2024;11:56:05.297;FGBL SI 20241206 PS;SIMPLE_INSTRUMENT;EFS;EUR;89;133.31000000;239;EXCHANGE_LAST;;1;1;XEUR;10804524;688;
24.10.2024;11:56:40.665;FGBL SI 20241206 PS;SIMPLE_INSTRUMENT;EFS;EUR;90;133.31000000;188;EXCHANGE_LAST;;1;1;XEUR;10804524;688;
24.10.2024;11:56:58.846;FGBL SI 20241206 PS;SIMPLE_INSTRUMENT;EFS;EUR;91;133.33000000;427;EXCHANGE_LAST;;1;1;XEUR;10804524;688;
24.10.2024;11:58:03.928;FGBL SI 20241206 PS;SIMPLE_INSTRUMENT;EFS;EUR;92;133.33000000;427;EXCHANGE_LAST;;1;1;XEUR;10804524;688;
24.10.2024;11:59:33.022;FGBL SI 20241206 PS;SIMPLE_INSTRUMENT;EFS;EUR;93;133.30000000;715;EXCHANGE_LAST;;1;1;XEUR;10804524;688;
24.10.2024;12:03:10.388;FGBL SI 20241206 PS;SIMPLE_INSTRUMENT;EFS;EUR;94;133.34000000;213;EXCHANGE_LAST;;1;1;XEUR;10804524;688;
24.10.2024;12:04:02.564;FGBL SI 20241206 PS;SIMPLE_INSTRUMENT;EFS;EUR;95;133.34000000;213;EXCHANGE_LAST;;1;1;XEUR;10804524;688;
24.10.2024;12:04:33.624;FGBL SI 20241206 PS;SIMPLE_INSTRUMENT;EFS;EUR;96;133.35000000;213;EXCHANGE_LAST;;1;1;XEUR;10804524;688;
24.10.2024;12:16:54.940;FGBL SI 20241206 PS;SIMPLE_INSTRUMENT;EFS;EUR;98;133.34000000;1762;EXCHANGE_LAST;;1;1;XEUR;10804524;688;
24.10.2024;12:19:03.758;FGBL SI 20241206 PS;SIMPLE_INSTRUMENT;EFS;EUR;99;133.35000000;213;EXCHANGE_LAST;;1;1;XEUR;10804524;688;
24.10.2024;12:22:48.957;FGBL SI 20241206 PS;SIMPLE_INSTRUMENT;EFS;EUR;100;133.34000000;213;EXCHANGE_LAST;;1;1;XEUR;10804524;688;
24.10.2024;12:32:08.553;FGBL SI 20241206 PS;SIMPLE_INSTRUMENT;EFS;EUR;101;133.34000000;627;EXCHANGE_LAST;;1;1;XEUR;10804524;688;
24.10.2024;12:35:47.714;FGBL SI 20241206 PS;SIMPLE_INSTRUMENT;EFS;EUR;102;133.32000000;90;EXCHANGE_LAST;;1;1;XEUR;10804524;688;
24.10.2024;12:41:32.332;FGBL SI 20241206 PS;SIMPLE_INSTRUMENT;EFS;EUR;103;133.23000000;427;EXCHANGE_LAST;;1;1;XEUR;10804524;688;
24.10.2024;12:42:14.057;FGBL SI 20241206 PS;SIMPLE_INSTRUMENT;EFS;EUR;104;133.24000000;427;EXCHANGE_LAST;;1;1;XEUR;10804524;688;
24.10.2024;12:53:46.178;FGBL SI 20241206 PS;SIMPLE_INSTRUMENT;EFS;EUR;105;133.38000000;485;EXCHANGE_LAST;;1;1;XEUR;10804524;688;
24.10.2024;12:57:51.256;FGBL SI 20241206 PS;SIMPLE_INSTRUMENT;EFS;EUR;106;133.32000000;213;EXCHANGE_LAST;;1;1;XEUR;10804524;688;
24.10.2024;13:02:19.335;FGBL SI 20241206 PS;SIMPLE_INSTRUMENT;EFS;EUR;107;133.32000000;426;EXCHANGE_LAST;;1;1;XEUR;10804524;688;
24.10.2024;13:02:02.306;FGBL SI 20241206 PS;SIMPLE_INSTRUMENT;EFS;EUR;108;133.32000000;426;EXCHANGE_LAST;;1;1;XEUR;10804524;688;
24.10.2024;13:07:40.383;FGBL SI 20241206 PS;SIMPLE_INSTRUMENT;EFS;EUR;109;133.40000000;427;EXCHANGE_LAST;;1;1;XEUR;10804524;688;
24.10.2024;13:07:50.400;FGBL SI 20241206 PS;SIMPLE_INSTRUMENT;EFS;EUR;110;133.41000000;427;EXCHANGE_LAST;;1;1;XEUR;10804524;688;
24.10.2024;13:09:45.498;FGBL SI 20241206 PS;SIMPLE_INSTRUMENT;EFS;EUR;111;133.39000000;212;EXCHANGE_LAST;;1;1;XEUR;10804524;688;
24.10.2024;13:12:26.706;FGBL SI 20241206 PS;SIMPLE_INSTRUMENT;EFS;EUR;112;133.37000000;426;EXCHANGE_LAST;;1;1;XEUR;10804524;688;
24.10.2024;13:13:17.088;FGBL SI 20241206 PS;SIMPLE_INSTRUMENT;EFS;EUR;113;133.37000000;426;EXCHANGE_LAST;;1;1;XEUR;10804524;688;
24.10.2024;13:15:33.063;FGBL SI 20241206 PS;SIMPLE_INSTRUMENT;EFP_FIN;EUR;114;133.41000000;1162;EXCHANGE_LAST;;1;1;XEUR;10804524;688;
24.10.2024;13:18:46.683;FGBL SI 20241206 PS;SIMPLE_INSTRUMENT;EFS;EUR;115;133.38000000;213;EXCHANGE_LAST;;1;1;XEUR;10804524;688;
24.10.2024;13:21:22.081;FGBL SI 20241206 PS;SIMPLE_INSTRUMENT;EFS;EUR;116;133.33000000;641;EXCHANGE_LAST;;1;1;XEUR;10804524;688;
24.10.2024;13:21:36.551;FGBL SI 20241206 PS;SIMPLE_INSTRUMENT;EFP_FIN;EUR;117;133.41000000;1937;EXCHANGE_LAST;;1;1;XEUR;10804524;688;
24.10.2024;13:31:58.673;FGBL SI 20241206 PS;SIMPLE_INSTRUMENT;EFS;EUR;118;133.24000000;214;EXCHANGE_LAST;;1;1;XEUR;10804524;688;
24.10.2024;13:32:23.695;FGBL SI 20241206 PS;SIMPLE_INSTRUMENT;EFS;EUR;119;133.24000000;427;EXCHANGE_LAST;;1;1;XEUR;10804524;688;
24.10.2024;13:38:38.980;FGBL SI 20241206 PS;SIMPLE_INSTRUMENT;EFP_FIN;EUR;120;133.40000000;465;EXCHANGE_LAST;;1;1;XEUR;10804524;688;
24.10.2024;13:33:28.773;FGBL SI 20241206 PS;SIMPLE_INSTRUMENT;EFS;EUR;121;133.27000000;427;EXCHANGE_LAST;;1;1;XEUR;10804524;688;
24.10.2024;13:34:33.209;FGBL SI 20241206 PS;SIMPLE_INSTRUMENT;EFS;EUR;122;133.27000000;877;EXCHANGE_LAST;;1;1;XEUR;10804524;688;
24.10.2024;13:43:09.304;FGBL SI 20241206 PS;SIMPLE_INSTRUMENT;EFP_FIN;EUR;123;133.40000000;107;EXCHANGE_LAST;;1;1;XEUR;10804524;688;
24.10.2024;13:47:14.794;FGBL SI 20241206 PS;SIMPLE_INSTRUMENT;EFS;EUR;124;133.23000000;427;EXCHANGE_LAST;;1;1;XEUR;10804524;688;
24.10.2024;13:49:40.803;FGBL SI 20241206 PS;SIMPLE_INSTRUMENT;EFS;EUR;125;133.22000000;243;EXCHANGE_LAST;;1;1;XEUR;10804524;688;
24.10.2024;13:53:00.020;FGBL SI 20241206 PS;SIMPLE_INSTRUMENT;EFS;EUR;126;133.22000000;427;EXCHANGE_LAST;;1;1;XEUR;10804524;688;
24.10.2024;13:54:25.099;FGBL SI 20241206 PS;SIMPLE_INSTRUMENT;EFS;EUR;127;133.20000000;428;EXCHANGE_LAST;;1;1;XEUR;10804524;688;
24.10.2024;13:56:47.037;FGBL SI 20241206 PS;SIMPLE_INSTRUMENT;EFS;EUR;128;133.18000000;427;EXCHANGE_LAST;;1;1;XEUR;10804524;688;
24.10.2024;14:08:52.987;FGBL SI 20241206 PS;SIMPLE_INSTRUMENT;EFP_FIN;EUR;129;133.20000000;876;EXCHANGE_LAST;;1;1;XEUR;10804524;688;
24.10.2024;14:09:11.037;FGBL SI 20241206 PS;SIMPLE_INSTRUMENT;EFS;EUR;130;133.32000000;214;EXCHANGE_LAST;;1;1;XEUR;10804524;688;
24.10.2024;14:10:31.126;FGBL SI 20241206 PS;SIMPLE_INSTRUMENT;EFS;EUR;131;133.28000000;427;EXCHANGE_LAST;;1;1;XEUR;10804524;688;
24.10.2024;14:10:36.011;FGBL SI 20241206 PS;SIMPLE_INSTRUMENT;EFS;EUR;132;133.29000000;449;EXCHANGE_LAST;;1;1;XEUR;10804524;688;
24.10.2024;14:12:36.249;FGBL SI 20241206 PS;SIMPLE_INSTRUMENT;EFS;EUR;133;133.25000000;299;EXCHANGE_LAST;;1;1;XEUR;10804524;688;
24.10.2024;14:13:25.727;FGBL SI 20241206 PS;SIMPLE_INSTRUMENT;EFS;EUR;134;133.30000000;213;EXCHANGE_LAST;;1;1;XEUR;10804524;688;
24.10.2024;14:13:39.603;FGBL SI 20241206 PS;SIMPLE_INSTRUMENT;EFS;EUR;135;133.31000000;90;EXCHANGE_LAST;;1;1;XEUR;10804524;688;
24.10.2024;14:17:07.879;FGBL SI 20241206 PS;SIMPLE_INSTRUMENT;EFS;EUR;136;133.28000000;730;EXCHANGE_LAST;;1;1;XEUR;10804524;688;
24.10.2024;14:21:17.792;FGBL SI 20241206 PS;SIMPLE_INSTRUMENT;EFS;EUR;137;133.20000000;427;EXCHANGE_LAST;;1;1;XEUR;10804524;688;
24.10.2024;14:21:32.814;FGBL SI 20241206 PS;SIMPLE_INSTRUMENT;EFS;EUR;138;133.20000000;427;EXCHANGE_LAST;;1;1;XEUR;10804524;688;
24.10.2024;14:21:42.829;FGBL SI 20241206 PS;SIMPLE_INSTRUMENT;EFS;EUR;139;133.18000000;428;EXCHANGE_LAST;;1;1;XEUR;10804524;688;
24.10.2024;14:23:27.079;FGBL SI 20241206 PS;SIMPLE_INSTRUMENT;EFS;EUR;140;133.20000000;213;EXCHANGE_LAST;;1;1;XEUR;10804524;688;
24.10.2024;14:30:21.691;FGBL SI 20241206 PS;SIMPLE_INSTRUMENT;EFS;EUR;141;133.28000000;449;EXCHANGE_LAST;;1;1;XEUR;10804524;688;
24.10.2024;14:32:48.275;FGBL SI 20241206 PS;SIMPLE_INSTRUMENT;EFP_FIN;EUR;142;133.20000000;798;EXCHANGE_LAST;;1;1;XEUR;10804524;688;
24.10.2024;14:37:03.692;FGBL SI 20241206 PS;SIMPLE_INSTRUMENT;EFS;EUR;143;133.29000000;350;EXCHANGE_LAST;;1;1;XEUR;10804524;688;
24.10.2024;14:37:13.701;FGBL SI 20241206 PS;SIMPLE_INSTRUMENT;EFS;EUR;144;133.29000000;350;EXCHANGE_LAST;;1;1;XEUR;10804524;688;
24.10.2024;14:38:51.660;FGBL SI 20241206 PS;SIMPLE_INSTRUMENT;EFP_FIN;EUR;145;133.22000000;303;EXCHANGE_LAST;;1;1;XEUR;10804524;688;
24.10.2024;14:41:56.925;FGBL SI 20241206 PS;SIMPLE_INSTRUMENT;EFP_FIN;EUR;146;133.20000000;2385;EXCHANGE_LAST;;1;1;XEUR;10804524;688;
24.10.2024;14:42:44.011;FGBL SI 20241206 PS;SIMPLE_INSTRUMENT;EFP_FIN;EUR;147;133.33000000;410;EXCHANGE_LAST;;1;1;XEUR;10804524;688;
24.10.2024;14:44:20.243;FGBL SI 20241206 PS;SIMPLE_INSTRUMENT;EFP_FIN;EUR;148;133.21000000;850;EXCHANGE_LAST;;1;1;XEUR;10804524;688;
24.10.2024;14:47:17.617;FGBL SI 20241206 PS;SIMPLE_INSTRUMENT;EFS;EUR;149;133.38000000;239;EXCHANGE_LAST;;1;1;XEUR;10804524;688;
24.10.2024;14:56:12.095;FGBL SI 20241206 PS;SIMPLE_INSTRUMENT;EFS;EUR;150;133.39000000;426;EXCHANGE_LAST;;1;1;XEUR;10804524;688;
24.10.2024;15:03:08.034;FGBL SI 20241206 PS;SIMPLE_INSTRUMENT;EFP_FIN;EUR;152;133.40000000;238;EXCHANGE_LAST;;1;1;XEUR;10804524;688;
24.10.2024;15:06:58.625;FGBL SI 20241206 PS;SIMPLE_INSTRUMENT;EFS;EUR;153;133.49000000;90;EXCHANGE_LAST;;1;1;XEUR;10804524;688;
24.10.2024;15:07:35.012;FGBL SI 20241206 PS;SIMPLE_INSTRUMENT;EFS;EUR;154;133.44000000;426;EXCHANGE_LAST;;1;1;XEUR;10804524;688;
24.10.2024;15:13:29.500;FGBL SI 20241206 PS;SIMPLE_INSTRUMENT;EFS;EUR;155;133.49000000;291;EXCHANGE_LAST;;1;1;XEUR;10804524;688;
24.10.2024;15:20:49.894;FGBL SI 20241206 PS;SIMPLE_INSTRUMENT;EFS;EUR;156;133.53000000;213;EXCHANGE_LAST;;1;1;XEUR;10804524;688;
24.10.2024;15:22:23.437;FGBL SI 20241206 PS;SIMPLE_INSTRUMENT;EFS;EUR;157;133.45000000;205;EXCHANGE_LAST;;1;1;XEUR;10804524;688;
24.10.2024;15:23:33.456;FGBL SI 20241206 PS;SIMPLE_INSTRUMENT;EFS;EUR;158;133.53000000;213;EXCHANGE_LAST;;1;1;XEUR;10804524;688;
24.10.2024;15:31:11.279;FGBL SI 20241206 PS;SIMPLE_INSTRUMENT;EFS;EUR;159;133.41000000;485;EXCHANGE_LAST;;1;1;XEUR;10804524;688;
24.10.2024;15:34:37.867;FGBL SI 20241206 PS;SIMPLE_INSTRUMENT;EFS;EUR;160;133.42000000;213;EXCHANGE_LAST;;1;1;XEUR;10804524;688;
24.10.2024;15:41:21.396;FGBL SI 20241206 PS;SIMPLE_INSTRUMENT;EFS;EUR;161;133.32000000;512;EXCHANGE_LAST;;1;1;XEUR;10804524;688;
24.10.2024;15:47:50.091;FGBL SI 20241206 PS;SIMPLE_INSTRUMENT;EFS;EUR;162;133.35000000;213;EXCHANGE_LAST;;1;1;XEUR;10804524;688;
24.10.2024;16:09:37.201;FGBL SI 20241206 PS;SIMPLE_INSTRUMENT;EFS;EUR;163;133.30000000;427;EXCHANGE_LAST;;1;1;XEUR;10804524;688;
24.10.2024;08:55:59.609;FGBL SI 20241206 PS;SIMPLE_INSTRUMENT;VOLA;EUR;268435477;133.24000000;45;EXCHANGE_LAST;;1;1;XEUR;10804524;688;
24.10.2024;08:56:00.543;FGBL SI 20241206 PS;SIMPLE_INSTRUMENT;VOLA;EUR;268435478;133.24000000;40;EXCHANGE_LAST;;1;1;XEUR;10804524;688;
24.10.2024;09:47:40.408;FGBL SI 20241206 PS;SIMPLE_INSTRUMENT;VOLA;EUR;268435488;133.03000000;100;EXCHANGE_LAST;;1;1;XEUR;10804524;688;
24.10.2024;09:48:36.417;FGBL SI 20241206 PS;SIMPLE_INSTRUMENT;VOLA;EUR;268435489;133.03000000;98;EXCHANGE_LAST;;1;1;XEUR;10804524;688;
24.10.2024;10:03:41.973;FGBL SI 20241206 PS;SIMPLE_INSTRUMENT;VOLA;EUR;268435490;133.20000000;16;EXCHANGE_LAST;;1;1;XEUR;10804524;688;
24.10.2024;14:02:53.222;FGBL SI 20241206 PS;SIMPLE_INSTRUMENT;VOLA;EUR;268435529;133.26000000;80;EXCHANGE_LAST;;1;1;XEUR;10804524;688;
24.10.2024;14:02:54.151;FGBL SI 20241206 PS;SIMPLE_INSTRUMENT;VOLA;EUR;268435530;133.26000000;79;EXCHANGE_LAST;;1;1;XEUR;10804524;688;
24.10.2024;14:06:08.614;FGBL SI 20241206 PS;SIMPLE_INSTRUMENT;VOLA;EUR;268435531;133.20000000;188;EXCHANGE_LAST;;1;1;XEUR;10804524;688;
24.10.2024;14:12:03.724;FGBL SI 20241206 PS;SIMPLE_INSTRUMENT;VOLA;EUR;268435532;133.26000000;79;EXCHANGE_LAST;;1;1;XEUR;10804524;688;
24.10.2024;14:12:41.771;FGBL SI 20241206 PS;SIMPLE_INSTRUMENT;VOLA;EUR;268435533;133.26000000;80;EXCHANGE_LAST;;1;1;XEUR;10804524;688;
24.10.2024;15:02:53.194;FGBL SI 20241206 PS;SIMPLE_INSTRUMENT;VOLA;EUR;268435542;133.45000000;119;EXCHANGE_LAST;;1;1;XEUR;10804524;688;
24.10.2024;15:02:58.792;FGBL SI 20241206 PS;SIMPLE_INSTRUMENT;VOLA;EUR;268435543;133.45000000;119;EXCHANGE_LAST;;1;1;XEUR;10804524;688;
24.10.2024;15:05:42.169;FGBL SI 20241206 PS;SIMPLE_INSTRUMENT;VOLA;EUR;268435544;133.45000000;119;EXCHANGE_LAST;;1;1;XEUR;10804524;688;
24.10.2024;15:05:49.541;FGBL SI 20241206 PS;SIMPLE_INSTRUMENT;VOLA;EUR;268435545;133.45000000;120;EXCHANGE_LAST;;1;1;XEUR;10804524;688;
24.10.2024;06:55:02.391;FGBM SI 20241206 PS;SIMPLE_INSTRUMENT;EFS;EUR;1;119.06000000;927;EXCHANGE_LAST;;1;1;XEUR;10804525;689;
24.10.2024;07:38:41.587;FGBM SI 20241206 PS;SIMPLE_INSTRUMENT;EFS;EUR;2;119.15000000;429;EXCHANGE_LAST;;1;1;XEUR;10804525;689;
24.10.2024;07:44:15.458;FGBM SI 20241206 PS;SIMPLE_INSTRUMENT;EFS;EUR;3;119.24000000;1715;EXCHANGE_LAST;;1;1;XEUR;10804525;689;
24.10.2024;07:44:44.861;FGBM SI 20241206 PS;SIMPLE_INSTRUMENT;EFS;EUR;4;119.22000000;853;EXCHANGE_LAST;;1;1;XEUR;10804525;689;
24.10.2024;07:47:30.008;FGBM SI 20241206 PS;SIMPLE_INSTRUMENT;EFS;EUR;5;119.23000000;426;EXCHANGE_LAST;;1;1;XEUR;10804525;689;
24.10.2024;07:51:36.444;FGBM SI 20241206 PS;SIMPLE_INSTRUMENT;EFP_FIN;EUR;6;119.16000000;447;EXCHANGE_LAST;;1;1;XEUR;10804525;689;
24.10.2024;07:51:41.073;FGBM SI 20241206 PS;SIMPLE_INSTRUMENT;EFP_FIN;EUR;7;119.26000000;383;EXCHANGE_LAST;;1;1;XEUR;10804525;689;
24.10.2024;07:52:28.448;FGBM SI 20241206 PS;SIMPLE_INSTRUMENT;EFP_FIN;EUR;8;119.21000000;671;EXCHANGE_LAST;;1;1;XEUR;10804525;689;
24.10.2024;07:55:26.196;FGBM SI 20241206 PS;SIMPLE_INSTRUMENT;EFP_FIN;EUR;9;119.17000000;448;EXCHANGE_LAST;;1;1;XEUR;10804525;689;
24.10.2024;07:55:51.447;FGBM SI 20241206 PS;SIMPLE_INSTRUMENT;EFS;EUR;10;119.22000000;1279;EXCHANGE_LAST;;1;1;XEUR;10804525;689;
24.10.2024;07:56:00.457;FGBM SI 20241206 PS;SIMPLE_INSTRUMENT;EFS;EUR;11;119.22000000;426;EXCHANGE_LAST;;1;1;XEUR;10804525;689;
24.10.2024;07:59:47.763;FGBM SI 20241206 PS;SIMPLE_INSTRUMENT;EFS;EUR;12;119.23000000;925;EXCHANGE_LAST;;1;1;XEUR;10804525;689;
24.10.2024;08:01:52.171;FGBM SI 20241206 PS;SIMPLE_INSTRUMENT;EFS;EUR;13;119.21000000;925;EXCHANGE_LAST;;1;1;XEUR;10804525;689;
24.10.2024;08:05:16.983;FGBM SI 20241206 PS;SIMPLE_INSTRUMENT;EFS;EUR;14;119.15000000;426;EXCHANGE_LAST;;1;1;XEUR;10804525;689;
24.10.2024;08:15:07.530;FGBM SI 20241206 PS;SIMPLE_INSTRUMENT;EFS;EUR;15;119.15000000;806;EXCHANGE_LAST;;1;1;XEUR;10804525;689;
24.10.2024;08:19:40.267;FGBM SI 20241206 PS;SIMPLE_INSTRUMENT;EFS;EUR;16;119.15000000;679;EXCHANGE_LAST;;1;1;XEUR;10804525;689;
24.10.2024;08:20:37.076;FGBM SI 20241206 PS;SIMPLE_INSTRUMENT;EFS;EUR;17;119.12000000;463;EXCHANGE_LAST;;1;1;XEUR;10804525;689;
24.10.2024;08:27:04.271;FGBM SI 20241206 PS;SIMPLE_INSTRUMENT;EFP_FIN;EUR;18;119.16000000;1029;EXCHANGE_LAST;;1;1;XEUR;10804525;689;
24.10.2024;08:31:00.522;FGBM SI 20241206 PS;SIMPLE_INSTRUMENT;EFS;EUR;19;119.15000000;927;EXCHANGE_LAST;;1;1;XEUR;10804525;689;
24.10.2024;08:31:43.781;FGBM SI 20241206 PS;SIMPLE_INSTRUMENT;EFP_FIN;EUR;20;119.23000000;184;EXCHANGE_LAST;;1;1;XEUR;10804525;689;
24.10.2024;08:36:11.590;FGBM SI 20241206 PS;SIMPLE_INSTRUMENT;EFS;EUR;21;119.24000000;425;EXCHANGE_LAST;;1;1;XEUR;10804525;689;
24.10.2024;08:36:30.565;FGBM SI 20241206 PS;SIMPLE_INSTRUMENT;EFS;EUR;22;119.24000000;425;EXCHANGE_LAST;;1;1;XEUR;10804525;689;
24.10.2024;08:59:23.672;FGBM SI 20241206 PS;SIMPLE_INSTRUMENT;EFP_FIN;EUR;23;119.18000000;466;EXCHANGE_LAST;;1;1;XEUR;10804525;689;
24.10.2024;08:52:20.241;FGBM SI 20241206 PS;SIMPLE_INSTRUMENT;EFP_FIN;EUR;24;119.23000000;399;EXCHANGE_LAST;;1;1;XEUR;10804525;689;
24.10.2024;08:58:33.954;FGBM SI 20241206 PS;SIMPLE_INSTRUMENT;EFS;EUR;25;119.15000000;426;EXCHANGE_LAST;;1;1;XEUR;10804525;689;
24.10.2024;08:59:19.217;FGBM SI 20241206 PS;SIMPLE_INSTRUMENT;EFS;EUR;26;119.16000000;425;EXCHANGE_LAST;;1;1;XEUR;10804525;689;
24.10.2024;09:03:08.324;FGBM SI 20241206 PS;SIMPLE_INSTRUMENT;EFS;EUR;27;119.14000000;793;EXCHANGE_LAST;;1;1;XEUR;10804525;689;
24.10.2024;09:12:05.304;FGBM SI 20241206 PS;SIMPLE_INSTRUMENT;EFP_FIN;EUR;28;119.17000000;428;EXCHANGE_LAST;;1;1;XEUR;10804525;689;
24.10.2024;09:12:36.124;FGBM SI 20241206 PS;SIMPLE_INSTRUMENT;EFS;EUR;29;119.12000000;857;EXCHANGE_LAST;;1;1;XEUR;10804525;689;
24.10.2024;09:20:33.815;FGBM SI 20241206 PS;SIMPLE_INSTRUMENT;EFS;EUR;30;119.19000000;425;EXCHANGE_LAST;;1;1;XEUR;10804525;689;
24.10.2024;09:25:28.004;FGBM SI 20241206 PS;SIMPLE_INSTRUMENT;EFS;EUR;31;119.14000000;858;EXCHANGE_LAST;;1;1;XEUR;10804525;689;
24.10.2024;09:26:14.747;FGBM SI 20241206 PS;SIMPLE_INSTRUMENT;EFS;EUR;32;119.20000000;853;EXCHANGE_LAST;;1;1;XEUR;10804525;689;
24.10.2024;09:29:02.692;FGBM SI 20241206 PS;SIMPLE_INSTRUMENT;EFS;EUR;33;119.18000000;927;EXCHANGE_LAST;;1;1;XEUR;10804525;689;
24.10.2024;09:30:04.954;FGBM SI 20241206 PS;SIMPLE_INSTRUMENT;EFS;EUR;34;119.17000000;426;EXCHANGE_LAST;;1;1;XEUR;10804525;689;
24.10.2024;09:31:36.985;FGBM SI 20241206 PS;SIMPLE_INSTRUMENT;EFS;EUR;35;119.16000000;425;EXCHANGE_LAST;;1;1;XEUR;10804525;689;
24.10.2024;09:35:03.674;FGBM SI 20241206 PS;SIMPLE_INSTRUMENT;EFP_FIN;EUR;36;119.20000000;326;EXCHANGE_LAST;;1;1;XEUR;10804525;689;
24.10.2024;09:36:09.488;FGBM SI 20241206 PS;SIMPLE_INSTRUMENT;EFP_FIN;EUR;37;119.13000000;1360;EXCHANGE_LAST;;1;1;XEUR;10804525;689;
24.10.2024;09:39:09.947;FGBM SI 20241206 PS;SIMPLE_INSTRUMENT;EFS;EUR;38;119.20000000;648;EXCHANGE_LAST;;1;1;XEUR;10804525;689;
24.10.2024;09:41:01.572;FGBM SI 20241206 PS;SIMPLE_INSTRUMENT;EFS;EUR;39;119.17000000;426;EXCHANGE_LAST;;1;1;XEUR;10804525;689;
24.10.2024;09:48:16.906;FGBM SI 20241206 PS;SIMPLE_INSTRUMENT;EFS;EUR;40;119.21000000;426;EXCHANGE_LAST;;1;1;XEUR;10804525;689;
24.10.2024;09:48:34.007;FGBM SI 20241206 PS;SIMPLE_INSTRUMENT;EFS;EUR;41;119.18000000;658;EXCHANGE_LAST;;1;1;XEUR;10804525;689;
24.10.2024;09:54:20.910;FGBM SI 20241206 PS;SIMPLE_INSTRUMENT;EFP_FIN;EUR;42;119.18000000;212;EXCHANGE_LAST;;1;1;XEUR;10804525;689;
24.10.2024;09:54:36.045;FGBM SI 20241206 PS;SIMPLE_INSTRUMENT;EFP_FIN;EUR;43;119.18000000;303;EXCHANGE_LAST;;1;1;XEUR;10804525;689;
24.10.2024;10:02:33.266;FGBM SI 20241206 PS;SIMPLE_INSTRUMENT;EFS;EUR;44;119.20000000;740;EXCHANGE_LAST;;1;1;XEUR;10804525;689;
24.10.2024;10:22:37.331;FGBM SI 20241206 PS;SIMPLE_INSTRUMENT;EFP_FIN;EUR;45;119.19000000;1286;EXCHANGE_LAST;;1;1;XEUR;10804525;689;
24.10.2024;10:26:00.953;FGBM SI 20241206 PS;SIMPLE_INSTRUMENT;EFS;EUR;46;119.00000000;517;EXCHANGE_LAST;;1;1;XEUR;10804525;689;
24.10.2024;10:48:42.299;FGBM SI 20241206 PS;SIMPLE_INSTRUMENT;EFP_FIN;EUR;47;119.28000000;1285;EXCHANGE_LAST;;1;1;XEUR;10804525;689;
24.10.2024;10:52:03.951;FGBM SI 20241206 PS;SIMPLE_INSTRUMENT;EFP_FIN;EUR;48;119.25000000;239;EXCHANGE_LAST;;1;1;XEUR;10804525;689;
24.10.2024;10:56:33.110;FGBM SI 20241206 PS;SIMPLE_INSTRUMENT;EFP_FIN;EUR;49;119.24000000;315;EXCHANGE_LAST;;1;1;XEUR;10804525;689;
24.10.2024;10:56:47.953;FGBM SI 20241206 PS;SIMPLE_INSTRUMENT;EFS;EUR;50;119.25000000;403;EXCHANGE_LAST;;1;1;XEUR;10804525;689;
24.10.2024;11:01:24.310;FGBM SI 20241206 PS;SIMPLE_INSTRUMENT;EFP_FIN;EUR;51;119.24000000;86;EXCHANGE_LAST;;1;1;XEUR;10804525;689;
24.10.2024;11:02:52.714;FGBM SI 20241206 PS;SIMPLE_INSTRUMENT;EFS;EUR;52;119.22000000;402;EXCHANGE_LAST;;1;1;XEUR;10804525;689;
24.10.2024;11:11:00.047;FGBM SI 20241206 PS;SIMPLE_INSTRUMENT;EFS;EUR;54;119.25000000;185;EXCHANGE_LAST;;1;1;XEUR;10804525;689;
24.10.2024;11:12:42.637;FGBM SI 20241206 PS;SIMPLE_INSTRUMENT;EFP_FIN;EUR;55;119.22000000;2098;EXCHANGE_LAST;;1;1;XEUR;10804525;689;
24.10.2024;11:14:49.457;FGBM SI 20241206 PS;SIMPLE_INSTRUMENT;EFP_FIN;EUR;56;119.23000000;1713;EXCHANGE_LAST;;1;1;XEUR;10804525;689;
24.10.2024;11:28:28.764;FGBM SI 20241206 PS;SIMPLE_INSTRUMENT;EFS;EUR;57;119.23000000;857;EXCHANGE_LAST;;1;1;XEUR;10804525;689;
24.10.2024;11:30:08.229;FGBM SI 20241206 PS;SIMPLE_INSTRUMENT;EFP_FIN;EUR;58;119.23000000;1286;EXCHANGE_LAST;;1;1;XEUR;10804525;689;
24.10.2024;11:38:12.982;FGBM SI 20241206 PS;SIMPLE_INSTRUMENT;EFS;EUR;59;119.26000000;850;EXCHANGE_LAST;;1;1;XEUR;10804525;689;
24.10.2024;11:43:43.055;FGBM SI 20241206 PS;SIMPLE_INSTRUMENT;EFS;EUR;60;119.23000000;853;EXCHANGE_LAST;;1;1;XEUR;10804525;689;
24.10.2024;11:48:41.931;FGBM SI 20241206 PS;SIMPLE_INSTRUMENT;EFP_FIN;EUR;61;119.22000000;841;EXCHANGE_LAST;;1;1;XEUR;10804525;689;
24.10.2024;11:52:23.586;FGBM SI 20241206 PS;SIMPLE_INSTRUMENT;EFS;EUR;62;119.26000000;426;EXCHANGE_LAST;;1;1;XEUR;10804525;689;
24.10.2024;11:54:35.810;FGBM SI 20241206 PS;SIMPLE_INSTRUMENT;EFS;EUR;63;119.25000000;857;EXCHANGE_LAST;;1;1;XEUR;10804525;689;
24.10.2024;12:08:14.778;FGBM SI 20241206 PS;SIMPLE_INSTRUMENT;EFS;EUR;64;119.26000000;884;EXCHANGE_LAST;;1;1;XEUR;10804525;689;
24.10.2024;12:26:25.061;FGBM SI 20241206 PS;SIMPLE_INSTRUMENT;EFP_FIN;EUR;65;119.25000000;205;EXCHANGE_LAST;;1;1;XEUR;10804525;689;
24.10.2024;12:46:13.020;FGBM SI 20241206 PS;SIMPLE_INSTRUMENT;EFS;EUR;66;119.22000000;325;EXCHANGE_LAST;;1;1;XEUR;10804525;689;
24.10.2024;12:46:58.298;FGBM SI 20241206 PS;SIMPLE_INSTRUMENT;EFS;EUR;67;119.30000000;852;EXCHANGE_LAST;;1;1;XEUR;10804525;689;
24.10.2024;12:52:21.806;FGBM SI 20241206 PS;SIMPLE_INSTRUMENT;EFP_FIN;EUR;68;119.24000000;646;EXCHANGE_LAST;;1;1;XEUR;10804525;689;
24.10.2024;12:53:43.790;FGBM SI 20241206 PS;SIMPLE_INSTRUMENT;EFP_FIN;EUR;69;119.24000000;500;EXCHANGE_LAST;;1;1;XEUR;10804525;689;
24.10.2024;12:56:51.669;FGBM SI 20241206 PS;SIMPLE_INSTRUMENT;EFS;EUR;70;119.27000000;425;EXCHANGE_LAST;;1;1;XEUR;10804525;689;
24.10.2024;13:03:59.050;FGBM SI 20241206 PS;SIMPLE_INSTRUMENT;EFS;EUR;71;119.28000000;850;EXCHANGE_LAST;;1;1;XEUR;10804525;689;
24.10.2024;13:45:59.542;FGBM SI 20241206 PS;SIMPLE_INSTRUMENT;EFS;EUR;72;119.21000000;426;EXCHANGE_LAST;;1;1;XEUR;10804525;689;
24.10.2024;13:56:30.071;FGBM SI 20241206 PS;SIMPLE_INSTRUMENT;EFS;EUR;73;119.20000000;1722;EXCHANGE_LAST;;1;1;XEUR;10804525;689;
24.10.2024;14:01:16.522;FGBM SI 20241206 PS;SIMPLE_INSTRUMENT;EFS;EUR;74;119.23000000;426;EXCHANGE_LAST;;1;1;XEUR;10804525;689;
24.10.2024;14:10:16.103;FGBM SI 20241206 PS;SIMPLE_INSTRUMENT;EFS;EUR;75;119.25000000;426;EXCHANGE_LAST;;1;1;XEUR;10804525;689;
24.10.2024;14:14:54.708;FGBM SI 20241206 PS;SIMPLE_INSTRUMENT;EFS;EUR;76;119.22000000;171;EXCHANGE_LAST;;1;1;XEUR;10804525;689;
24.10.2024;14:22:51.291;FGBM SI 20241206 PS;SIMPLE_INSTRUMENT;EFP_FIN;EUR;77;119.18000000;346;EXCHANGE_LAST;;1;1;XEUR;10804525;689;
24.10.2024;14:31:42.933;FGBM SI 20241206 PS;SIMPLE_INSTRUMENT;EFS;EUR;78;119.23000000;857;EXCHANGE_LAST;;1;1;XEUR;10804525;689;
24.10.2024;14:32:45.960;FGBM SI 20241206 PS;SIMPLE_INSTRUMENT;EFP_FIN;EUR;79;119.18000000;173;EXCHANGE_LAST;;1;1;XEUR;10804525;689;
24.10.2024;14:40:53.045;FGBM SI 20241206 PS;SIMPLE_INSTRUMENT;EFS;EUR;80;119.23000000;1286;EXCHANGE_LAST;;1;1;XEUR;10804525;689;
24.10.2024;14:43:37.025;FGBM SI 20241206 PS;SIMPLE_INSTRUMENT;EFS;EUR;81;119.22000000;624;EXCHANGE_LAST;;1;1;XEUR;10804525;689;
24.10.2024;14:46:35.348;FGBM SI 20241206 PS;SIMPLE_INSTRUMENT;EFS;EUR;82;119.26000000;451;EXCHANGE_LAST;;1;1;XEUR;10804525;689;
24.10.2024;14:57:38.388;FGBM SI 20241206 PS;SIMPLE_INSTRUMENT;EFS;EUR;83;119.28000000;1850;EXCHANGE_LAST;;1;1;XEUR;10804525;689;
24.10.2024;15:03:46.341;FGBM SI 20241206 PS;SIMPLE_INSTRUMENT;EFS;EUR;84;119.30000000;1704;EXCHANGE_LAST;;1;1;XEUR;10804525;689;
24.10.2024;15:05:44.873;FGBM SI 20241206 PS;SIMPLE_INSTRUMENT;EFS;EUR;85;119.22000000;1390;EXCHANGE_LAST;;1;1;XEUR;10804525;689;
24.10.2024;15:34:17.563;FGBM SI 20241206 PS;SIMPLE_INSTRUMENT;EFS;EUR;86;119.25000000;850;EXCHANGE_LAST;;1;1;XEUR;10804525;689;
24.10.2024;15:34:43.903;FGBM SI 20241206 PS;SIMPLE_INSTRUMENT;EFS;EUR;87;119.25000000;1850;EXCHANGE_LAST;;1;1;XEUR;10804525;689;
24.10.2024;15:40:34.613;FGBM SI 20241206 PS;SIMPLE_INSTRUMENT;EFS;EUR;88;119.25000000;638;EXCHANGE_LAST;;1;1;XEUR;10804525;689;
24.10.2024;15:50:51.389;FGBM SI 20241206 PS;SIMPLE_INSTRUMENT;EFP_FIN;EUR;89;119.22000000;642;EXCHANGE_LAST;;1;1;XEUR;10804525;689;
24.10.2024;15:51:01.307;FGBM SI 20241206 PS;SIMPLE_INSTRUMENT;EFP_FIN;EUR;90;119.26000000;346;EXCHANGE_LAST;;1;1;XEUR;10804525;689;
24.10.2024;09:44:38.378;FGBM SI 20241206 PS;SIMPLE_INSTRUMENT;VOLA;EUR;268435487;119.15000000;384;EXCHANGE_LAST;;1;1;XEUR;10804525;689;
24.10.2024;07:36:46.112;FGBS SI 20241206 PS;SIMPLE_INSTRUMENT;EFS;EUR;1;107.04000000;2710;EXCHANGE_LAST;;1;1;XEUR;10804527;690;
24.10.2024;07:41:18.374;FGBS SI 20241206 PS;SIMPLE_INSTRUMENT;EFS;EUR;2;107.04500000;2713;EXCHANGE_LAST;;1;1;XEUR;10804527;690;
24.10.2024;07:55:04.784;FGBS SI 20241206 PS;SIMPLE_INSTRUMENT;EFS;EUR;3;107.01000000;5423;EXCHANGE_LAST;;1;1;XEUR;10804527;690;
24.10.2024;07:56:42.479;FGBS SI 20241206 PS;SIMPLE_INSTRUMENT;EFS;EUR;4;107.01000000;1356;EXCHANGE_LAST;;1;1;XEUR;10804527;690;
24.10.2024;08:27:16.734;FGBS SI 20241206 PS;SIMPLE_INSTRUMENT;EFP_FIN;EUR;5;106.97500000;213;EXCHANGE_LAST;;1;1;XEUR;10804527;690;
24.10.2024;08:32:42.979;FGBS SI 20241206 PS;SIMPLE_INSTRUMENT;EFP_FIN;EUR;6;107.00500000;868;EXCHANGE_LAST;;1;1;XEUR;10804527;690;
24.10.2024;08:35:14.940;FGBS SI 20241206 PS;SIMPLE_INSTRUMENT;EFP_FIN;EUR;7;107.00500000;473;EXCHANGE_LAST;;1;1;XEUR;10804527;690;
24.10.2024;08:47:01.915;FGBS SI 20241206 PS;SIMPLE_INSTRUMENT;EFS;EUR;8;107.01000000;1320;EXCHANGE_LAST;;1;1;XEUR;10804527;690;
24.10.2024;08:56:30.755;FGBS SI 20241206 PS;SIMPLE_INSTRUMENT;EFP_FIN;EUR;9;107.01000000;323;EXCHANGE_LAST;;1;1;XEUR;10804527;690;
24.10.2024;09:11:24.119;FGBS SI 20241206 PS;SIMPLE_INSTRUMENT;EFS;EUR;10;106.96000000;1256;EXCHANGE_LAST;;1;1;XEUR;10804527;690;
24.10.2024;09:26:22.684;FGBS SI 20241206 PS;SIMPLE_INSTRUMENT;EFS;EUR;11;106.97000000;2716;EXCHANGE_LAST;;1;1;XEUR;10804527;690;
24.10.2024;09:34:45.393;FGBS SI 20241206 PS;SIMPLE_INSTRUMENT;EFP_FIN;EUR;12;106.97000000;236;EXCHANGE_LAST;;1;1;XEUR;10804527;690;
24.10.2024;09:41:20.926;FGBS SI 20241206 PS;SIMPLE_INSTRUMENT;EFP_FIN;EUR;13;106.97500000;1424;EXCHANGE_LAST;;1;1;XEUR;10804527;690;
24.10.2024;10:05:25.572;FGBS SI 20241206 PS;SIMPLE_INSTRUMENT;EFS;EUR;14;106.98000000;2170;EXCHANGE_LAST;;1;1;XEUR;10804527;690;
24.10.2024;10:10:01.553;FGBS SI 20241206 PS;SIMPLE_INSTRUMENT;EFP_FIN;EUR;15;106.98000000;719;EXCHANGE_LAST;;1;1;XEUR;10804527;690;
24.10.2024;10:28:16.342;FGBS SI 20241206 PS;SIMPLE_INSTRUMENT;EFS;EUR;16;106.98000000;1356;EXCHANGE_LAST;;1;1;XEUR;10804527;690;
24.10.2024;10:58:18.996;FGBS SI 20241206 PS;SIMPLE_INSTRUMENT;EFS;EUR;17;107.00000000;1356;EXCHANGE_LAST;;1;1;XEUR;10804527;690;
24.10.2024;11:11:01.620;FGBS SI 20241206 PS;SIMPLE_INSTRUMENT;EFP_FIN;EUR;18;106.99000000;236;EXCHANGE_LAST;;1;1;XEUR;10804527;690;
24.10.2024;11:11:55.314;FGBS SI 20241206 PS;SIMPLE_INSTRUMENT;EFP_FIN;EUR;19;106.99000000;236;EXCHANGE_LAST;;1;1;XEUR;10804527;690;
24.10.2024;11:15:58.516;FGBS SI 20241206 PS;SIMPLE_INSTRUMENT;EFP_FIN;EUR;20;107.00000000;482;EXCHANGE_LAST;;1;1;XEUR;10804527;690;
24.10.2024;11:43:38.579;FGBS SI 20241206 PS;SIMPLE_INSTRUMENT;EFP_FIN;EUR;21;106.99000000;236;EXCHANGE_LAST;;1;1;XEUR;10804527;690;
24.10.2024;11:52:34.052;FGBS SI 20241206 PS;SIMPLE_INSTRUMENT;EFP_FIN;EUR;22;106.99000000;236;EXCHANGE_LAST;;1;1;XEUR;10804527;690;
24.10.2024;11:56:35.066;FGBS SI 20241206 PS;SIMPLE_INSTRUMENT;EFP_FIN;EUR;23;106.99000000;472;EXCHANGE_LAST;;1;1;XEUR;10804527;690;
24.10.2024;12:16:40.939;FGBS SI 20241206 PS;SIMPLE_INSTRUMENT;EFS;EUR;24;107.00500000;9882;EXCHANGE_LAST;;1;1;XEUR;10804527;690;
24.10.2024;12:27:50.073;FGBS SI 20241206 PS;SIMPLE_INSTRUMENT;EFS;EUR;25;106.99000000;2364;EXCHANGE_LAST;;1;1;XEUR;10804527;690;
24.10.2024;13:09:48.150;FGBS SI 20241206 PS;SIMPLE_INSTRUMENT;EFP_FIN;EUR;26;107.01500000;110;EXCHANGE_LAST;;1;1;XEUR;10804527;690;
24.10.2024;13:07:19.605;FGBS SI 20241206 PS;SIMPLE_INSTRUMENT;EFP_FIN;EUR;27;107.01500000;276;EXCHANGE_LAST;;1;1;XEUR;10804527;690;
24.10.2024;13:08:04.223;FGBS SI 20241206 PS;SIMPLE_INSTRUMENT;EFP_FIN;EUR;28;107.01500000;368;EXCHANGE_LAST;;1;1;XEUR;10804527;690;
24.10.2024;13:14:53.353;FGBS SI 20241206 PS;SIMPLE_INSTRUMENT;EFP_FIN;EUR;29;107.01000000;709;EXCHANGE_LAST;;1;1;XEUR;10804527;690;
24.10.2024;13:36:09.861;FGBS SI 20241206 PS;SIMPLE_INSTRUMENT;EFP_FIN;EUR;30;106.99000000;588;EXCHANGE_LAST;;1;1;XEUR;10804527;690;
24.10.2024;13:44:02.398;FGBS SI 20241206 PS;SIMPLE_INSTRUMENT;EFP_FIN;EUR;31;107.02000000;946;EXCHANGE_LAST;;1;1;XEUR;10804527;690;
24.10.2024;13:48:47.974;FGBS SI 20241206 PS;SIMPLE_INSTRUMENT;EFP_FIN;EUR;32;107.02000000;851;EXCHANGE_LAST;;1;1;XEUR;10804527;690;
24.10.2024;13:50:43.107;FGBS SI 20241206 PS;SIMPLE_INSTRUMENT;EFP_FIN;EUR;33;107.03000000;1890;EXCHANGE_LAST;;1;1;XEUR;10804527;690;
24.10.2024;13:55:22.219;FGBS SI 20241206 PS;SIMPLE_INSTRUMENT;EFS;EUR;34;106.97500000;3000;EXCHANGE_LAST;;1;1;XEUR;10804527;690;
24.10.2024;13:56:06.221;FGBS SI 20241206 PS;SIMPLE_INSTRUMENT;EFS;EUR;35;106.97500000;2024;EXCHANGE_LAST;;1;1;XEUR;10804527;690;
24.10.2024;14:08:26.503;FGBS SI 20241206 PS;SIMPLE_INSTRUMENT;EFP_FIN;EUR;36;107.01000000;472;EXCHANGE_LAST;;1;1;XEUR;10804527;690;
24.10.2024;15:19:58.310;FGBS SI 20241206 PS;SIMPLE_INSTRUMENT;EFS;EUR;37;106.96500000;3767;EXCHANGE_LAST;;1;1;XEUR;10804527;690;
24.10.2024;15:37:05.294;FGBS SI 20241206 PS;SIMPLE_INSTRUMENT;EFS;EUR;38;106.98000000;2525;EXCHANGE_LAST;;1;1;XEUR;10804527;690;
24.10.2024;15:39:12.977;FGBS SI 20241206 PS;SIMPLE_INSTRUMENT;EFS;EUR;39;106.98000000;1242;EXCHANGE_LAST;;1;1;XEUR;10804527;690;
24.10.2024;08:41:15.053;FGBX SI 20241206 PS;SIMPLE_INSTRUMENT;EFP_FIN;EUR;5;131.80000000;185;EXCHANGE_LAST;;1;1;XEUR;10804526;691;
24.10.2024;08:52:28.187;FGBX SI 20241206 PS;SIMPLE_INSTRUMENT;EFP_FIN;EUR;6;132.12000000;1205;EXCHANGE_LAST;;1;1;XEUR;10804526;691;
24.10.2024;09:04:04.270;FGBX SI 20241206 PS;SIMPLE_INSTRUMENT;EFP_FIN;EUR;10;132.20000000;742;EXCHANGE_LAST;;1;1;XEUR;10804526;691;
24.10.2024;09:20:08.918;FGBX SI 20241206 PS;SIMPLE_INSTRUMENT;EFP_FIN;EUR;11;132.08000000;182;EXCHANGE_LAST;;1;1;XEUR;10804526;691;
24.10.2024;09:21:39.696;FGBX SI 20241206 PS;SIMPLE_INSTRUMENT;EFP_FIN;EUR;12;132.22000000;260;EXCHANGE_LAST;;1;1;XEUR;10804526;691;
24.10.2024;09:22:12.884;FGBX SI 20241206 PS;SIMPLE_INSTRUMENT;EFS;EUR;13;132.36000000;68;EXCHANGE_LAST;;1;1;XEUR;10804526;691;
24.10.2024;09:42:37.211;FGBX SI 20241206 PS;SIMPLE_INSTRUMENT;EFS;EUR;14;132.36000000;402;EXCHANGE_LAST;;1;1;XEUR;10804526;691;
24.10.2024;10:36:28.859;FGBX SI 20241206 PS;SIMPLE_INSTRUMENT;EFP_FIN;EUR;19;132.22000000;112;EXCHANGE_LAST;;1;1;XEUR;10804526;691;
24.10.2024;11:00:02.950;FGBX SI 20241206 PS;SIMPLE_INSTRUMENT;EFS;EUR;21;132.50000000;182;EXCHANGE_LAST;;1;1;XEUR;10804526;691;
24.10.2024;11:05:42.004;FGBX SI 20241206 PS;SIMPLE_INSTRUMENT;EFP_FIN;EUR;22;132.52000000;348;EXCHANGE_LAST;;1;1;XEUR;10804526;691;
24.10.2024;11:12:27.812;FGBX SI 20241206 PS;SIMPLE_INSTRUMENT;EFP_FIN;EUR;24;132.58000000;171;EXCHANGE_LAST;;1;1;XEUR;10804526;691;
24.10.2024;12:44:31.243;FGBX SI 20241206 PS;SIMPLE_INSTRUMENT;EFS;EUR;29;132.54000000;13;EXCHANGE_LAST;;1;1;XEUR;10804526;691;
24.10.2024;12:44:59.246;FGBX SI 20241206 PS;SIMPLE_INSTRUMENT;EFS;EUR;30;132.54000000;15;EXCHANGE_LAST;;1;1;XEUR;10804526;691;
24.10.2024;12:51:02.432;FGBX SI 20241206 PS;SIMPLE_INSTRUMENT;BLOCK;EUR;31;132.50000000;208;EXCHANGE_LAST;;1;1;XEUR;10804526;691;
24.10.2024;12:59:44.557;FGBX SI 20241206 PS;SIMPLE_INSTRUMENT;EFP_FIN;EUR;33;132.34000000;166;EXCHANGE_LAST;;1;1;XEUR;10804526;691;
24.10.2024;13:10:16.844;FGBX SI 20241206 PS;SIMPLE_INSTRUMENT;BLOCK;EUR;36;132.50000000;400;EXCHANGE_LAST;;1;1;XEUR;10804526;691;
24.10.2024;14:38:57.455;FGBX SI 20241206 PS;SIMPLE_INSTRUMENT;EFS;EUR;45;132.32000000;91;EXCHANGE_LAST;;1;1;XEUR;10804526;691;
24.10.2024;15:15:48.302;FGBX SI 20241206 PS;SIMPLE_INSTRUMENT;EFP_FIN;EUR;49;133.18000000;276;EXCHANGE_LAST;;1;1;XEUR;10804526;691;
24.10.2024;15:14:14.987;FGBX SI 20241206 PS;SIMPLE_INSTRUMENT;EFP_FIN;EUR;50;133.18000000;303;EXCHANGE_LAST;;1;1;XEUR;10804526;691;
24.10.2024;15:17:41.084;FGBX SI 20241206 PS;SIMPLE_INSTRUMENT;EFP_FIN;EUR;51;133.20000000;167;EXCHANGE_LAST;;1;1;XEUR;10804526;691;
24.10.2024;15:24:12.727;FGBX SI 20241206 PS;SIMPLE_INSTRUMENT;EFP_FIN;EUR;52;133.18000000;371;EXCHANGE_LAST;;1;1;XEUR;10804526;691;
24.10.2024;15:28:05.484;FGBX SI 20241206 PS;SIMPLE_INSTRUMENT;EFP_FIN;EUR;53;133.20000000;84;EXCHANGE_LAST;;1;1;XEUR;10804526;691;
24.10.2024;11:12:19.023;FGBX SI 20241206 PS;SIMPLE_INSTRUMENT;VOLA;EUR;268435506;132.56000000;10;EXCHANGE_LAST;;1;1;XEUR;10804526;691;
24.10.2024;12:16:04.023;FIA5.O.241024.STG.000004;STANDARD_OPTION_STRATEGY;BLOCK;EUR;8;1.33000000;500;EXCHANGE_LAST;;1;1;XEUR;72264727425717748;48227;
24.10.2024;12:16:04.023;FIA5 SI 20241114 PS AM C 15.00 0;SIMPLE_INSTRUMENT;BLOCK;EUR;8;0.06450000;500;PRC_DECOMP_EXCHANGE;;;;XEUR;11692961;48227;EXCHANGE
24.10.2024;12:16:04.023;FIA5 SI 20241114 PS AM P 14.00 0;SIMPLE_INSTRUMENT;BLOCK;EUR;8;1.26550000;500;PRC_DECOMP_EXCHANGE;;;;XEUR;11692950;48227;EXCHANGE
24.10.2024;12:20:56.682;FIAK SI 20241219 CS;SIMPLE_INSTRUMENT;BLOCK;EUR;27;12.96060000;145;EXCHANGE_LAST;;1;1;XEUR;7029937;144766;
24.10.2024;06:23:01.325;FMCH SI 20241220 CS;SIMPLE_INSTRUMENT;BLOCK;USD;10;537.65000000;269;EXCHANGE_LAST;;1;1;XEUR;7196792;402909;
24.10.2024;00:27:50.973;FMEA SI 20241220 CS;SIMPLE_INSTRUMENT;BLOCK;USD;1;731.86600000;309;EXCHANGE_LAST;;1;1;XEUR;7191938;12395;
24.10.2024;02:01:33.190;FMEA SI 20241220 CS;SIMPLE_INSTRUMENT;BLOCK;USD;4;731.72100000;450;EXCHANGE_LAST;;1;1;XEUR;7191938;12395;
24.10.2024;07:32:46.649;FMEA SI 20241220 CS;SIMPLE_INSTRUMENT;BLOCK;USD;22;731.86600000;600;EXCHANGE_LAST;;1;1;XEUR;7191938;12395;
24.10.2024;08:21:33.411;FMEA SI 20241220 CS;SIMPLE_INSTRUMENT;BLOCK;USD;26;731.86600000;2045;EXCHANGE_LAST;;1;1;XEUR;7191938;12395;
24.10.2024;16:48:58.819;FMED SI 20241220 CS;SIMPLE_INSTRUMENT;BLOCK;USD;41;9792.00000000;105;EXCHANGE_LAST;;1;1;XEUR;7193401;48144;
24.10.2024;09:27:31.169;FMEE SI 20241220 CS;SIMPLE_INSTRUMENT;BLOCK;USD;31;314.96000000;1001;EXCHANGE_LAST;;1;1;XEUR;7191941;12396;
24.10.2024;11:20:43.473;FMEL SI 20241220 CS;SIMPLE_INSTRUMENT;BLOCK;USD;36;543.04000000;420;EXCHANGE_LAST;;1;1;XEUR;7191942;12397;
24.10.2024;07:04:25.424;FMEN SI 20241220 CS;SIMPLE_INSTRUMENT;EFP_IDX;EUR;16;533.38300000;513;EXCHANGE_LAST;;1;1;XEUR;7192297;30652;
24.10.2024;07:07:57.489;FMEN SI 20241220 CS;SIMPLE_INSTRUMENT;BLOCK;EUR;17;533.17600000;171;EXCHANGE_LAST;;1;1;XEUR;7192297;30652;
24.10.2024;07:58:49.209;FMEN SI 20241220 CS;SIMPLE_INSTRUMENT;EFP_IDX;EUR;24;533.51500000;2153;EXCHANGE_LAST;;1;1;XEUR;7192297;30652;
24.10.2024;07:59:30.768;FMEN SI 20241220 CS;SIMPLE_INSTRUMENT;EFP_IDX;EUR;25;533.51600000;8403;EXCHANGE_LAST;;1;1;XEUR;7192297;30652;
24.10.2024;07:24:33.355;FMGM SI 20241220 CS;SIMPLE_INSTRUMENT;EFP_IDX;USD;20;4743.02000000;13;EXCHANGE_LAST;;1;1;XEUR;8609377;583626;
24.10.2024;07:21:40.597;FMGO SI 20241220 CS;SIMPLE_INSTRUMENT;EFP_IDX;USD;19;5284.39000000;4;EXCHANGE_LAST;;1;1;XEUR;8609363;583623;
24.10.2024;14:18:30.772;FMGO SI 20241220 CS;SIMPLE_INSTRUMENT;BLOCK;USD;38;5271.00000000;48;EXCHANGE_LAST;;1;1;XEUR;8609363;583623;
24.10.2024;07:02:29.317;FMGQ SI 20241220 CS;SIMPLE_INSTRUMENT;BLOCK;USD;15;5100.31000000;28;EXCHANGE_LAST;;1;1;XEUR;8609380;583625;
24.10.2024;02:02:18.335;FMID SI 20241220 CS;SIMPLE_INSTRUMENT;BLOCK;USD;1;1872.85400000;161;EXCHANGE_LAST;;1;1;XEUR;7192610;45289;
24.10.2024;01:55:49.231;FMIN SI 20241220 CS;SIMPLE_INSTRUMENT;BLOCK;USD;3;1325.40700000;76;EXCHANGE_LAST;;1;1;XEUR;7191968;12404;
24.10.2024;02:06:35.923;FMIN SI 20241220 CS;SIMPLE_INSTRUMENT;BLOCK;USD;5;1324.74800000;30;EXCHANGE_LAST;;1;1;XEUR;7191968;12404;
24.10.2024;09:26:20.597;FMIN SI 20241220 CS;SIMPLE_INSTRUMENT;BLOCK;USD;29;1320.70000000;190;EXCHANGE_LAST;;1;1;XEUR;7191968;12404;
24.10.2024;09:30:41.120;FMIN SI 20241220 CS;SIMPLE_INSTRUMENT;BLOCK;USD;30;1324.74800000;26;EXCHANGE_LAST;;1;1;XEUR;7191968;12404;
24.10.2024;09:40:53.586;FMIN SI 20241220 CS;SIMPLE_INSTRUMENT;BLOCK;USD;32;1320.97000000;42;EXCHANGE_LAST;;1;1;XEUR;7191968;12404;
24.10.2024;10:16:21.307;FMIN SI 20241220 CS;SIMPLE_INSTRUMENT;BLOCK;USD;33;1321.67700000;11;EXCHANGE_LAST;;1;1;XEUR;7191968;12404;
24.10.2024;10:18:57.159;FMIN SI 20241220 CS;SIMPLE_INSTRUMENT;BLOCK;USD;34;1322.46600000;509;EXCHANGE_LAST;;1;1;XEUR;7191968;12404;
24.10.2024;01:46:52.846;FMJP SI 20241220 CS;SIMPLE_INSTRUMENT;BLOCK;USD;2;8438.08000000;353;EXCHANGE_LAST;;1;1;XEUR;7190889;661;
24.10.2024;07:32:34.034;FMSA SI 20241220 CS;SIMPLE_INSTRUMENT;BLOCK;USD;21;1781.10700000;100;EXCHANGE_LAST;;1;1;XEUR;7194630;134861;
24.10.2024;08:55:27.086;FMSA SI 20241220 CS;SIMPLE_INSTRUMENT;BLOCK;USD;27;1779.69500000;61;EXCHANGE_LAST;;1;1;XEUR;7194630;134861;
24.10.2024;11:09:16.482;FMSA SI 20241220 CS;SIMPLE_INSTRUMENT;BLOCK;USD;35;1781.10700000;345;EXCHANGE_LAST;;1;1;XEUR;7194630;134861;
24.10.2024;07:01:19.674;FMSC SI 20241220 CS;SIMPLE_INSTRUMENT;BLOCK;USD;14;714.76100000;10;EXCHANGE_LAST;;1;1;XEUR;7194781;221303;
24.10.2024;06:18:54.103;FMWN SI 20241220 CS;SIMPLE_INSTRUMENT;EFP_IDX;EUR;9;557.69900000;73;EXCHANGE_LAST;;1;1;XEUR;7192300;30654;
24.10.2024;06:04:23.341;FMWO SI 20241220 CS;SIMPLE_INSTRUMENT;BLOCK;USD;7;11774.59000000;195;EXCHANGE_LAST;;1;1;XEUR;7191849;7059;
24.10.2024;06:40:15.579;FMWO SI 20241220 CS;SIMPLE_INSTRUMENT;BLOCK;USD;11;11774.60000000;419;EXCHANGE_LAST;;1;1;XEUR;7191849;7059;
24.10.2024;06:45:17.938;FMWO SI 20241220 CS;SIMPLE_INSTRUMENT;EFP_IDX;USD;12;11774.45000000;87;EXCHANGE_LAST;;1;1;XEUR;7191849;7059;
24.10.2024;06:46:06.037;FMWO SI 20241220 CS;SIMPLE_INSTRUMENT;EFP_IDX;USD;13;11773.09000000;37;EXCHANGE_LAST;;1;1;XEUR;7191849;7059;
24.10.2024;07:17:03.771;FMWO SI 20241220 CS;SIMPLE_INSTRUMENT;BLOCK;USD;18;11775.09000000;110;EXCHANGE_LAST;;1;1;XEUR;7191849;7059;
24.10.2024;07:54:44.538;FMWO SI 20241220 CS;SIMPLE_INSTRUMENT;EFP_IDX;USD;23;11773.04000000;11;EXCHANGE_LAST;;1;1;XEUR;7191849;7059;
24.10.2024;02:50:14.138;FMXJ SI 20241220 CS;SIMPLE_INSTRUMENT;BLOCK;USD;6;615.10000000;4;EXCHANGE_LAST;;1;1;XEUR;7193543;51660;
24.10.2024;09:01:06.247;FOAT SI 20241206 PS;SIMPLE_INSTRUMENT;EFS;EUR;1;125.90000000;1468;EXCHANGE_LAST;;1;1;XEUR;10804528;749;
24.10.2024;09:05:36.704;FOAT SI 20241206 PS;SIMPLE_INSTRUMENT;EFP_FIN;EUR;2;125.88000000;84;EXCHANGE_LAST;;1;1;XEUR;10804528;749;
24.10.2024;09:16:29.489;FOAT SI 20241206 PS;SIMPLE_INSTRUMENT;EFP_FIN;EUR;3;125.90000000;1660;EXCHANGE_LAST;;1;1;XEUR;10804528;749;
24.10.2024;09:26:26.754;FOAT SI 20241206 PS;SIMPLE_INSTRUMENT;EFP_FIN;EUR;4;125.91000000;176;EXCHANGE_LAST;;1;1;XEUR;10804528;749;
24.10.2024;09:48:01.770;FOAT SI 20241206 PS;SIMPLE_INSTRUMENT;EFP_FIN;EUR;5;125.94000000;88;EXCHANGE_LAST;;1;1;XEUR;10804528;749;
24.10.2024;10:09:16.371;FOAT SI 20241206 PS;SIMPLE_INSTRUMENT;EFP_FIN;EUR;6;125.93000000;57;EXCHANGE_LAST;;1;1;XEUR;10804528;749;
24.10.2024;11:13:32.538;FOAT SI 20241206 PS;SIMPLE_INSTRUMENT;EFP_FIN;EUR;7;126.08000000;415;EXCHANGE_LAST;;1;1;XEUR;10804528;749;
24.10.2024;11:22:04.498;FOAT SI 20241206 PS;SIMPLE_INSTRUMENT;EFP_FIN;EUR;8;126.11000000;623;EXCHANGE_LAST;;1;1;XEUR;10804528;749;
24.10.2024;11:39:29.961;FOAT SI 20241206 PS;SIMPLE_INSTRUMENT;EFP_FIN;EUR;9;125.96000000;353;EXCHANGE_LAST;;1;1;XEUR;10804528;749;
24.10.2024;11:53:23.804;FOAT SI 20241206 PS;SIMPLE_INSTRUMENT;EFP_FIN;EUR;10;125.89000000;415;EXCHANGE_LAST;;1;1;XEUR;10804528;749;
24.10.2024;12:03:22.245;FOAT SI 20241206 PS;SIMPLE_INSTRUMENT;EFP_FIN;EUR;11;126.10000000;1573;EXCHANGE_LAST;;1;1;XEUR;10804528;749;
24.10.2024;12:05:44.780;FOAT SI 20241206 PS;SIMPLE_INSTRUMENT;EFP_FIN;EUR;12;126.02000000;415;EXCHANGE_LAST;;1;1;XEUR;10804528;749;
24.10.2024;12:16:26.930;FOAT SI 20241206 PS;SIMPLE_INSTRUMENT;EFP_FIN;EUR;13;125.96000000;86;EXCHANGE_LAST;;1;1;XEUR;10804528;749;
24.10.2024;12:17:29.587;FOAT SI 20241206 PS;SIMPLE_INSTRUMENT;EFP_FIN;EUR;14;126.02000000;3114;EXCHANGE_LAST;;1;1;XEUR;10804528;749;
24.10.2024;12:18:03.266;FOAT SI 20241206 PS;SIMPLE_INSTRUMENT;EFP_FIN;EUR;15;126.02000000;623;EXCHANGE_LAST;;1;1;XEUR;10804528;749;
24.10.2024;12:23:32.156;FOAT SI 20241206 PS;SIMPLE_INSTRUMENT;EFP_FIN;EUR;16;126.06000000;1413;EXCHANGE_LAST;;1;1;XEUR;10804528;749;
24.10.2024;12:29:07.986;FOAT SI 20241206 PS;SIMPLE_INSTRUMENT;EFP_FIN;EUR;17;126.06000000;498;EXCHANGE_LAST;;1;1;XEUR;10804528;749;
24.10.2024;12:31:28.231;FOAT SI 20241206 PS;SIMPLE_INSTRUMENT;EFP_FIN;EUR;18;126.05000000;830;EXCHANGE_LAST;;1;1;XEUR;10804528;749;
24.10.2024;12:35:39.852;FOAT SI 20241206 PS;SIMPLE_INSTRUMENT;EFP_FIN;EUR;19;126.08000000;1246;EXCHANGE_LAST;;1;1;XEUR;10804528;749;
24.10.2024;12:38:26.218;FOAT SI 20241206 PS;SIMPLE_INSTRUMENT;EFP_FIN;EUR;20;126.05000000;2284;EXCHANGE_LAST;;1;1;XEUR;10804528;749;
24.10.2024;12:40:08.627;FOAT SI 20241206 PS;SIMPLE_INSTRUMENT;EFP_FIN;EUR;21;126.05000000;623;EXCHANGE_LAST;;1;1;XEUR;10804528;749;
24.10.2024;12:52:48.095;FOAT SI 20241206 PS;SIMPLE_INSTRUMENT;EFP_FIN;EUR;22;126.03000000;2496;EXCHANGE_LAST;;1;1;XEUR;10804528;749;
24.10.2024;13:07:17.969;FOAT SI 20241206 PS;SIMPLE_INSTRUMENT;EFP_FIN;EUR;23;126.08000000;578;EXCHANGE_LAST;;1;1;XEUR;10804528;749;
24.10.2024;13:08:45.170;FOAT SI 20241206 PS;SIMPLE_INSTRUMENT;EFP_FIN;EUR;24;126.03000000;82;EXCHANGE_LAST;;1;1;XEUR;10804528;749;
24.10.2024;13:09:24.309;FOAT SI 20241206 PS;SIMPLE_INSTRUMENT;EFP_FIN;EUR;25;126.08000000;809;EXCHANGE_LAST;;1;1;XEUR;10804528;749;
24.10.2024;13:20:33.620;FOAT SI 20241206 PS;SIMPLE_INSTRUMENT;EFP_FIN;EUR;26;126.09000000;129;EXCHANGE_LAST;;1;1;XEUR;10804528;749;
24.10.2024;13:32:39.377;FOAT SI 20241206 PS;SIMPLE_INSTRUMENT;BLOCK;EUR;27;126.01000000;480;EXCHANGE_LAST;;1;1;XEUR;10804528;749;
24.10.2024;13:34:19.717;FOAT SI 20241206 PS;SIMPLE_INSTRUMENT;EFP_FIN;EUR;28;126.07000000;219;EXCHANGE_LAST;;1;1;XEUR;10804528;749;
24.10.2024;13:51:50.781;FOAT SI 20241206 PS;SIMPLE_INSTRUMENT;EFP_FIN;EUR;29;126.06000000;605;EXCHANGE_LAST;;1;1;XEUR;10804528;749;
24.10.2024;14:12:03.427;FOAT SI 20241206 PS;SIMPLE_INSTRUMENT;EFP_FIN;EUR;30;126.01000000;830;EXCHANGE_LAST;;1;1;XEUR;10804528;749;
24.10.2024;14:19:54.536;FOAT SI 20241206 PS;SIMPLE_INSTRUMENT;EFP_FIN;EUR;31;125.98000000;648;EXCHANGE_LAST;;1;1;XEUR;10804528;749;
24.10.2024;14:33:19.868;FOAT SI 20241206 PS;SIMPLE_INSTRUMENT;EFP_FIN;EUR;32;126.02000000;256;EXCHANGE_LAST;;1;1;XEUR;10804528;749;
24.10.2024;14:38:51.555;FOAT SI 20241206 PS;SIMPLE_INSTRUMENT;EFP_FIN;EUR;33;125.99000000;4150;EXCHANGE_LAST;;1;1;XEUR;10804528;749;
24.10.2024;15:05:01.586;FOAT SI 20241206 PS;SIMPLE_INSTRUMENT;EFP_FIN;EUR;34;126.00000000;176;EXCHANGE_LAST;;1;1;XEUR;10804528;749;
24.10.2024;15:06:50.675;FOAT SI 20241206 PS;SIMPLE_INSTRUMENT;EFP_FIN;EUR;35;126.00000000;1661;EXCHANGE_LAST;;1;1;XEUR;10804528;749;
24.10.2024;15:07:14.515;FOAT SI 20241206 PS;SIMPLE_INSTRUMENT;EFP_FIN;EUR;36;126.00000000;1246;EXCHANGE_LAST;;1;1;XEUR;10804528;749;
24.10.2024;15:32:07.552;FOAT SI 20241206 PS;SIMPLE_INSTRUMENT;EFP_FIN;EUR;37;126.12000000;104;EXCHANGE_LAST;;1;1;XEUR;10804528;749;
24.10.2024;15:35:42.960;FOAT SI 20241206 PS;SIMPLE_INSTRUMENT;EFP_FIN;EUR;38;126.03000000;1404;EXCHANGE_LAST;;1;1;XEUR;10804528;749;
24.10.2024;15:41:04.264;FOAT SI 20241206 PS;SIMPLE_INSTRUMENT;EFP_FIN;EUR;39;126.13000000;344;EXCHANGE_LAST;;1;1;XEUR;10804528;749;
24.10.2024;15:57:52.566;FOAT SI 20241206 PS;SIMPLE_INSTRUMENT;EFP_FIN;EUR;40;126.18000000;219;EXCHANGE_LAST;;1;1;XEUR;10804528;749;
24.10.2024;16:05:26.325;FOAT SI 20241206 PS;SIMPLE_INSTRUMENT;EFP_FIN;EUR;41;126.08000000;172;EXCHANGE_LAST;;1;1;XEUR;10804528;749;
24.10.2024;16:23:44.907;FOAT SI 20241206 PS;SIMPLE_INSTRUMENT;EFP_FIN;EUR;42;126.10000000;1371;EXCHANGE_LAST;;1;1;XEUR;10804528;749;
24.10.2024;15:44:54.615;FSCP SI 20241220 CS;SIMPLE_INSTRUMENT;EFP_IDX;EUR;47;342.10000000;1066;EXCHANGE_LAST;;1;1;XEUR;10840104;764;
24.10.2024;15:45:18.034;FSCP SI 20241220 CS;SIMPLE_INSTRUMENT;EFP_IDX;EUR;48;342.20000000;284;EXCHANGE_LAST;;1;1;XEUR;10840104;764;
24.10.2024;15:41:03.452;FSEG SI 20241220 CS;SIMPLE_INSTRUMENT;EFP_IDX;EUR;41;193.50000000;26;EXCHANGE_LAST;;1;1;XEUR;10871764;109977;
24.10.2024;15:41:12.078;FSEG SI 20241220 CS;SIMPLE_INSTRUMENT;EFP_IDX;EUR;42;193.60000000;18;EXCHANGE_LAST;;1;1;XEUR;10871764;109977;
24.10.2024;15:53:01.820;FSEG SI 20241220 CS;SIMPLE_INSTRUMENT;EFP_IDX;EUR;49;193.50000000;151;EXCHANGE_LAST;;1;1;XEUR;10871764;109977;
24.10.2024;15:52:50.820;FSEG SI 20241220 CS;SIMPLE_INSTRUMENT;EFP_IDX;EUR;50;193.60000000;101;EXCHANGE_LAST;;1;1;XEUR;10871764;109977;
24.10.2024;15:48:17.052;FSMI SI 20241220 CS;SIMPLE_INSTRUMENT;EFP_IDX;CHF;1;12194.00000000;13;EXCHANGE_LAST;;1;1;XEUR;7793735;757;
24.10.2024;15:48:33.025;FSMI SI 20241220 CS;SIMPLE_INSTRUMENT;EFP_IDX;CHF;2;12195.00000000;47;EXCHANGE_LAST;;1;1;XEUR;7793735;757;
24.10.2024;11:31:46.432;FSTA SI 20241220 CS;SIMPLE_INSTRUMENT;BLOCK;EUR;1;580.30000000;380;EXCHANGE_LAST;;1;1;XEUR;10839562;715;
24.10.2024;15:47:42.612;FSTA SI 20241220 CS;SIMPLE_INSTRUMENT;BLOCK;EUR;8;570.20000000;1180;EXCHANGE_LAST;;1;1;XEUR;10839562;715;
24.10.2024;15:47:45.015;FSTA SI 20241220 CS;SIMPLE_INSTRUMENT;BLOCK;EUR;9;570.40000000;1366;EXCHANGE_LAST;;1;1;XEUR;10839562;715;
24.10.2024;11:56:08.705;FSTA SI 20241220 CS;SIMPLE_INSTRUMENT;VOLA;EUR;603979786;580.00000000;150;EXCHANGE_LAST;;1;1;XEUR;10839562;715;
24.10.2024;11:59:02.189;FSTA SI 20241220 CS;SIMPLE_INSTRUMENT;VOLA;EUR;603979787;580.00000000;70;EXCHANGE_LAST;;1;1;XEUR;10839562;715;
24.10.2024;15:51:16.374;FSTH SI 20241220 CS;SIMPLE_INSTRUMENT;BLOCK;EUR;11;1207.60000000;1235;EXCHANGE_LAST;;1;1;XEUR;10839563;716;
24.10.2024;15:51:32.724;FSTH SI 20241220 CS;SIMPLE_INSTRUMENT;BLOCK;EUR;12;1207.50000000;665;EXCHANGE_LAST;;1;1;XEUR;10839563;716;
24.10.2024;15:44:15.031;FSTL SI 20241220 CS;SIMPLE_INSTRUMENT;EFP_IDX;EUR;43;136.20000000;224;EXCHANGE_LAST;;1;1;XEUR;10839554;706;
24.10.2024;15:44:29.032;FSTL SI 20241220 CS;SIMPLE_INSTRUMENT;EFP_IDX;EUR;45;136.10000000;1266;EXCHANGE_LAST;;1;1;XEUR;10839554;706;
24.10.2024;15:43:31.822;FSTN SI 20241220 CS;SIMPLE_INSTRUMENT;EFP_IDX;EUR;44;704.30000000;148;EXCHANGE_LAST;;1;1;XEUR;10839552;704;
24.10.2024;15:43:46.688;FSTN SI 20241220 CS;SIMPLE_INSTRUMENT;EFP_IDX;EUR;46;704.40000000;221;EXCHANGE_LAST;;1;1;XEUR;10839552;704;
24.10.2024;15:43:57.985;FSTV SI 20241220 CS;SIMPLE_INSTRUMENT;EFP_IDX;EUR;6;265.20000000;877;EXCHANGE_LAST;;1;1;XEUR;10839571;731;
24.10.2024;15:44:12.326;FSTV SI 20241220 CS;SIMPLE_INSTRUMENT;EFP_IDX;EUR;7;266.20000000;653;EXCHANGE_LAST;;1;1;XEUR;10839571;731;
24.10.2024;14:21:28.173;FSTY SI 20241220 CS;SIMPLE_INSTRUMENT;BLOCK;EUR;2;799.10000000;585;EXCHANGE_LAST;;1;1;XEUR;10839569;729;
24.10.2024;15:41:00.265;FSTY SI 20241220 CS;SIMPLE_INSTRUMENT;EFP_IDX;EUR;5;794.40000000;339;EXCHANGE_LAST;;1;1;XEUR;10839569;729;
24.10.2024;14:04:45.817;FXXP SI 20241220 CS;SIMPLE_INSTRUMENT;BLOCK;EUR;37;523.00000000;692;EXCHANGE_LAST;;1;1;XEUR;7793976;816;
24.10.2024;12:40:21.461;G3ZF SI 20291221 CS;SIMPLE_INSTRUMENT;BLOCK;EUR;30;0.78200000;500;EXCHANGE_LAST;;1;1;XEUR;11457413;144760;
24.10.2024;15:14:30.745;G3ZF SI 20251219 CS;SIMPLE_INSTRUMENT;BLOCK;EUR;52;1.39500000;400;EXCHANGE_LAST;;1;1;XEUR;5914677;144760;
24.10.2024;11:05:56.058;GIVN SI 20250620 PS AM C 4400.0 0;SIMPLE_INSTRUMENT;BLOCK;CHF;22;174.00000000;400;EXCHANGE_LAST;;2;3;XEUR;11362139;892;
24.10.2024;13:28:21.765;GZF.O.241024.BER.000001;STANDARD_OPTION_STRATEGY;BLOCK;EUR;14;0.96000000;6000;EXCHANGE_LAST;;1;2;XEUR;72061266234978898;855;
24.10.2024;13:28:21.765;GZF SI 20250919 PS AM P 16.00 0;SIMPLE_INSTRUMENT;BLOCK;EUR;14;1.64000000;6000;PRC_DECOMP_EXCHANGE;;;;XEUR;11883167;855;EXCHANGE
24.10.2024;13:28:21.765;GZF SI 20250919 PS AM P 14.00 0;SIMPLE_INSTRUMENT;BLOCK;EUR;14;0.68000000;6000;PRC_DECOMP_EXCHANGE;;;;XEUR;11883276;855;EXCHANGE
24.10.2024;14:44:09.522;GZF SI 20271217 PS AM P 14.00 0;SIMPLE_INSTRUMENT;BLOCK;EUR;17;1.93000000;2500;EXCHANGE_LAST;;1;1;XEUR;8784552;855;
24.10.2024;09:34:01.955;HOLN SI 20250919 PS AM C 96.00 0;SIMPLE_INSTRUMENT;BLOCK;CHF;12;1.50000000;600;EXCHANGE_LAST;;1;1;XEUR;11884484;943;
24.10.2024;12:44:22.409;HOLN SI 20250919 PS AM P 76.00 0;SIMPLE_INSTRUMENT;BLOCK;CHF;38;4.29000000;1100;EXCHANGE_LAST;;1;1;XEUR;11884464;943;
24.10.2024;13:24:26.854;HSB SI 20241220 PS AM C 720 0;SIMPLE_INSTRUMENT;BLOCK;GBX;1;10.75000000;500;EXCHANGE_LAST;;1;1;XEUR;11141282;937;
24.10.2024;14:41:05.960;I2BE SI 20251219 CS;SIMPLE_INSTRUMENT;BLOCK;EUR;42;0.62500000;1000;EXCHANGE_LAST;;1;1;XEUR;3681431;923;
24.10.2024;15:30:34.582;I3ES SI 20261218 CS;SIMPLE_INSTRUMENT;BLOCK;EUR;56;0.30300000;4000;EXCHANGE_LAST;;1;1;XEUR;6805357;913;
24.10.2024;13:28:05.305;I4NN SI 20261218 CS;SIMPLE_INSTRUMENT;BLOCK;EUR;35;0.94000000;600;EXCHANGE_LAST;;1;1;XEUR;9488387;669776;
24.10.2024;12:07:43.608;I4SP SI 20291221 CS;SIMPLE_INSTRUMENT;BLOCK;EUR;24;0.36000000;55;EXCHANGE_LAST;;1;1;XEUR;11909768;57113;
24.10.2024;09:22:39.339;IBE.O.241024.STG.000001;STANDARD_OPTION_STRATEGY;BLOCK;EUR;2;0.97000000;2500;EXCHANGE_LAST;;1;1;XEUR;72061493868236391;908;
24.10.2024;09:22:39.339;IBE SI 20241220 PS AM P 13.00 0;SIMPLE_INSTRUMENT;BLOCK;EUR;2;0.10000000;2500;PRC_DECOMP_EXCHANGE;;;;XEUR;5986415;908;EXCHANGE
24.10.2024;09:22:39.339;IBE SI 20241220 PS AM C 13.50 0;SIMPLE_INSTRUMENT;BLOCK;EUR;2;0.87000000;2500;PRC_DECOMP_EXCHANGE;;;;XEUR;5986407;908;EXCHANGE
24.10.2024;09:22:51.495;IBE.O.241024.STG.000001;STANDARD_OPTION_STRATEGY;BLOCK;EUR;3;0.98000000;2500;EXCHANGE_LAST;;1;1;XEUR;72061493868236391;908;
24.10.2024;09:22:51.495;IBE SI 20241220 PS AM C 13.50 0;SIMPLE_INSTRUMENT;BLOCK;EUR;3;0.87000000;2500;PRC_DECOMP_EXCHANGE;;;;XEUR;5986407;908;EXCHANGE
24.10.2024;09:22:51.495;IBE SI 20241220 PS AM P 13.00 0;SIMPLE_INSTRUMENT;BLOCK;EUR;3;0.11000000;2500;PRC_DECOMP_EXCHANGE;;;;XEUR;5986415;908;EXCHANGE
24.10.2024;15:14:35.375;IDIF SI 20241220 CS;SIMPLE_INSTRUMENT;BLOCK;CHF;51;1.08500000;2000;EXCHANGE_LAST;;1;1;XEUR;7052686;128165;
24.10.2024;08:41:38.489;IFX SI 20250919 PS AM C 34.00 0;SIMPLE_INSTRUMENT;BLOCK;EUR;3;3.18000000;2000;EXCHANGE_LAST;;2;1;XEUR;11884133;902;
24.10.2024;13:31:13.843;ITK SI 20250117 PS AM C 62.00 0;SIMPLE_INSTRUMENT;BLOCK;EUR;3;1.65000000;1000;EXCHANGE_LAST;;1;1;XEUR;12077881;999;
24.10.2024;13:48:56.434;ITK SI 20250117 PS AM C 62.00 0;SIMPLE_INSTRUMENT;BLOCK;EUR;4;1.65000000;500;EXCHANGE_LAST;;1;1;XEUR;12077881;999;
24.10.2024;14:11:33.003;KEMF SI 20241115 CS;SIMPLE_INSTRUMENT;BLOCK;EUR;40;20.97850000;3000;EXCHANGE_LAST;;1;1;XEUR;10121584;1098;
24.10.2024;09:18:37.548;KNIN SI 20251219 PS AM P 180.00 0;SIMPLE_INSTRUMENT;BLOCK;CHF;6;8.10000000;400;EXCHANGE_LAST;;1;1;XEUR;10411448;1091;
24.10.2024;12:48:07.605;KNIN SI 20241220 PS AM C 260.00 0;SIMPLE_INSTRUMENT;BLOCK;CHF;39;0.24000000;300;EXCHANGE_LAST;;1;1;XEUR;8858184;1091;
24.10.2024;12:48:07.666;KNIN SI 20250117 PS AM P 220.00 0;SIMPLE_INSTRUMENT;BLOCK;CHF;40;8.46000000;300;EXCHANGE_LAST;;1;1;XEUR;12078891;1091;
24.10.2024;14:03:40.166;KNIN SI 20260619 PS AM P 180.00 0;SIMPLE_INSTRUMENT;BLOCK;CHF;51;12.12000000;200;EXCHANGE_LAST;;1;1;XEUR;11365444;1091;
24.10.2024;12:30:38.679;LOGN SI 20251219 PS AM P 60.00 0;SIMPLE_INSTRUMENT;BLOCK;CHF;37;4.30000000;500;EXCHANGE_LAST;;1;1;XEUR;7299602;1143;
24.10.2024;12:15:35.149;LONN.O.241024.STD.000005;STANDARD_OPTION_STRATEGY;BLOCK;CHF;33;218.68000000;350;EXCHANGE_LAST;;1;1;XEUR;72062494595633934;1141;
24.10.2024;12:15:35.149;LONN SI 20271217 PS AM C 560.00 0;SIMPLE_INSTRUMENT;BLOCK;CHF;33;107.56000000;350;PRC_DECOMP_EXCHANGE;;;;XEUR;8789207;1141;EXCHANGE
24.10.2024;12:15:35.149;LONN SI 20271217 PS AM P 560.00 0;SIMPLE_INSTRUMENT;BLOCK;CHF;33;111.12000000;350;PRC_DECOMP_EXCHANGE;;;;XEUR;8789209;1141;EXCHANGE
24.10.2024;12:28:51.217;LONN SI 20250321 PS AM P 380.00 0;SIMPLE_INSTRUMENT;BLOCK;CHF;34;2.98000000;2500;EXCHANGE_LAST;;1;1;XEUR;10845739;1141;
24.10.2024;13:11:02.260;LONN SI 20241220 PS AM C 560.00 0;SIMPLE_INSTRUMENT;BLOCK;CHF;47;25.00000000;2890;EXCHANGE_LAST;;1;1;XEUR;5764128;1141;
24.10.2024;08:12:32.422;MCH SI 20241220 PS AM P 32.00 0;SIMPLE_INSTRUMENT;BLOCK;EUR;1;1.23000000;1000;EXCHANGE_LAST;;1;1;XEUR;7887446;1043;
24.10.2024;10:05:05.316;MCH SI 20251219 PS AM C 36.00 0;SIMPLE_INSTRUMENT;BLOCK;EUR;4;1.31000000;1000;EXCHANGE_LAST;;1;1;XEUR;7887461;1043;
24.10.2024;13:06:31.661;MLXG SI 20241220 CS;SIMPLE_INSTRUMENT;BLOCK;EUR;33;31.70790000;500;EXCHANGE_LAST;;1;1;XEUR;8265275;553017;
24.10.2024;10:43:34.192;MOH.O.241024.BUL.000005;STANDARD_OPTION_STRATEGY;BLOCK;EUR;6;3.55000000;150;EXCHANGE_LAST;;1;1;XEUR;72062206832829133;1074;
24.10.2024;10:43:34.192;MOH SI 20241220 PS AM C 700.00 0;SIMPLE_INSTRUMENT;BLOCK;EUR;6;5.73000000;150;PRC_DECOMP_EXCHANGE;;;;XEUR;11820598;1074;EXCHANGE
24.10.2024;10:43:34.192;MOH SI 20241220 PS AM C 750.00 0;SIMPLE_INSTRUMENT;BLOCK;EUR;6;2.18000000;150;PRC_DECOMP_EXCHANGE;;;;XEUR;11986810;1074;EXCHANGE
24.10.2024;12:06:52.790;MOH SI 20250919 PS AM P 520.00 0;SIMPLE_INSTRUMENT;BLOCK;EUR;10;19.81000000;100;EXCHANGE_LAST;;1;1;XEUR;11886605;1074;
24.10.2024;10:09:10.466;N2ES SI 20250321 CS;SIMPLE_INSTRUMENT;BLOCK;CHF;12;0.00100000;66;EXCHANGE_LAST;;1;1;XEUR;10415404;1240;
24.10.2024;10:26:39.015;N2ES SI 20250321 CS;SIMPLE_INSTRUMENT;BLOCK;CHF;20;0.00100000;132;EXCHANGE_LAST;;1;1;XEUR;10415404;1240;
24.10.2024;09:39:56.924;NESE.O.241024.COMBO.000003;STANDARD_OPTION_STRATEGY;BLOCK;CHF;11;-1.88000000;1500;EXCHANGE_LAST;;1;2;XEUR;72062992811833467;1257;
24.10.2024;09:39:56.924;NESE SI 20250620 PS EU P 76.00 0;SIMPLE_INSTRUMENT;BLOCK;CHF;11;1.39000000;1500;PRC_DECOMP_EXCHANGE;;;;XEUR;7911073;1257;EXCHANGE
24.10.2024;09:39:56.924;NESE SI 20250620 PS EU C 86.00 0;SIMPLE_INSTRUMENT;BLOCK;CHF;11;3.27000000;1500;PRC_DECOMP_EXCHANGE;;;;XEUR;11765625;1257;EXCHANGE
24.10.2024;14:51:33.129;NESE SI 20260619 PS EU C 100.00 0;SIMPLE_INSTRUMENT;BLOCK;CHF;54;1.44000000;750;EXCHANGE_LAST;;1;1;XEUR;9559217;1257;
24.10.2024;10:07:22.418;NESG SI 20250321 CS;SIMPLE_INSTRUMENT;BLOCK;CHF;13;86.04500000;1000;EXCHANGE_LAST;;1;1;XEUR;10707780;1256;
24.10.2024;10:10:31.740;NESG SI 20250321 CS;SIMPLE_INSTRUMENT;BLOCK;CHF;17;86.04500000;3000;EXCHANGE_LAST;;1;1;XEUR;10707780;1256;
24.10.2024;10:25:56.349;NESG SI 20250321 CS;SIMPLE_INSTRUMENT;BLOCK;CHF;19;86.04500000;2000;EXCHANGE_LAST;;1;1;XEUR;10707780;1256;
24.10.2024;09:20:49.426;NESN SI 20250117 PS AM C 92.00 0;SIMPLE_INSTRUMENT;BLOCK;CHF;7;0.53000000;3000;EXCHANGE_LAST;;1;1;XEUR;12082320;1263;
24.10.2024;09:19:34.497;NESN SI 20251219 PS AM P 76.00 0;SIMPLE_INSTRUMENT;BLOCK;CHF;8;2.46000000;1500;EXCHANGE_LAST;;1;1;XEUR;5937989;1263;
24.10.2024;12:06:47.472;NESN SI 20241220 PS AM P 96.00 0;SIMPLE_INSTRUMENT;BLOCK;CHF;30;10.61000000;1600;EXCHANGE_LAST;;1;1;XEUR;8854499;1263;
24.10.2024;12:15:31.832;NESN SI 20241220 PS AM C 96.00 0;SIMPLE_INSTRUMENT;BLOCK;CHF;32;0.11000000;1600;EXCHANGE_LAST;;1;1;XEUR;8854500;1263;
24.10.2024;14:24:09.808;NESN SI 20260619 PS AM P 84.00 0;SIMPLE_INSTRUMENT;BLOCK;CHF;53;7.89000000;750;EXCHANGE_LAST;;1;1;XEUR;9559447;1263;
24.10.2024;12:48:47.556;NOA3 SI 20250117 PS AM C 4.40 0;SIMPLE_INSTRUMENT;BLOCK;EUR;14;0.21000000;2500;EXCHANGE_LAST;;1;1;XEUR;12082684;1275;
24.10.2024;12:47:54.553;NOA3.O.241024.STG.000002;STANDARD_OPTION_STRATEGY;BLOCK;EUR;15;0.48000000;5000;EXCHANGE_LAST;;1;1;XEUR;72063070121248714;1275;
24.10.2024;12:47:54.553;NOA3 SI 20250619 PS AM P 4.00 0;SIMPLE_INSTRUMENT;BLOCK;EUR;15;0.24000000;5000;PRC_DECOMP_EXCHANGE;;;;XEUR;7911237;1275;EXCHANGE
24.10.2024;12:47:54.553;NOA3 SI 20250619 PS AM C 4.80 0;SIMPLE_INSTRUMENT;BLOCK;EUR;15;0.24000000;5000;PRC_DECOMP_EXCHANGE;;;;XEUR;7911239;1275;EXCHANGE
24.10.2024;12:49:04.558;NOA3 SI 20250117 PS AM C 4.40 0;SIMPLE_INSTRUMENT;BLOCK;EUR;16;0.22000000;2500;EXCHANGE_LAST;;1;1;XEUR;12082684;1275;
24.10.2024;12:51:51.464;NOA3 SI 20250117 PS AM C 4.40 0;SIMPLE_INSTRUMENT;BLOCK;EUR;17;0.21000000;2000;EXCHANGE_LAST;;1;1;XEUR;12082684;1275;
24.10.2024;08:36:20.135;NOVE.O.241024.COMBO.000001;STANDARD_OPTION_STRATEGY;BLOCK;CHF;2;1.44000000;2500;EXCHANGE_LAST;;1;2;XEUR;75170345815902205;724744;
24.10.2024;08:36:20.135;NOVE SI 20250919 PS EU P 90.00 0;SIMPLE_INSTRUMENT;BLOCK;CHF;2;3.38000000;2500;PRC_DECOMP_EXCHANGE;;;;XEUR;11949755;724744;EXCHANGE
24.10.2024;08:36:20.135;NOVE SI 20250919 PS EU C 110.00 0;SIMPLE_INSTRUMENT;BLOCK;CHF;2;1.94000000;2500;PRC_DECOMP_EXCHANGE;;;;XEUR;11932829;724744;EXCHANGE
24.10.2024;11:39:02.676;NOVN SI 20250919 PS AM P 84.00 0;SIMPLE_INSTRUMENT;BLOCK;CHF;28;2.02000000;1500;EXCHANGE_LAST;;1;2;XEUR;11933157;724745;
24.10.2024;10:24:10.352;OBTP.V.241024.BUL-U.000003;OPTION_VOLATILITY_STRATEGY;BLOCK;EUR;268435492;0.20000000;24;EXCHANGE_LAST;;1;1;XEUR;72310189654561498;58812;
24.10.2024;10:24:10.352;OBTP SI 20241122 PS AM C 123.50 0;SIMPLE_INSTRUMENT;BLOCK;EUR;268435492;0.27000000;2400;PRC_DECOMP_EXCHANGE;;;;XEUR;11242869;58812;EXCHANGE
24.10.2024;10:24:10.352;OBTP SI 20241122 PS AM C 125.00 0;SIMPLE_INSTRUMENT;BLOCK;EUR;268435492;0.07000000;2400;PRC_DECOMP_EXCHANGE;;;;XEUR;11242897;58812;EXCHANGE
24.10.2024;10:24:10.352;FBTP SI 20241206 PS;SIMPLE_INSTRUMENT;BLOCK;EUR;268435492;121.23000000;240;PRC_DECOMP_EXCHANGE;;;;XEUR;10804520;58812;EXCHANGE
24.10.2024;07:46:14.487;ODAX SI 20241101 CS EU P 19300 0;SIMPLE_INSTRUMENT;BLOCK;EUR;1;79.60000000;725;EXCHANGE_LAST;;1;1;XEUR;11888754;1176;
24.10.2024;07:46:36.022;ODAX SI 20241101 CS EU P 18700 0;SIMPLE_INSTRUMENT;BLOCK;EUR;2;12.70000000;725;EXCHANGE_LAST;;1;1;XEUR;11888802;1176;
24.10.2024;08:50:32.225;ODAX SI 20241220 CS EU P 17700 0;SIMPLE_INSTRUMENT;BLOCK;EUR;4;77.50000000;4000;EXCHANGE_LAST;;1;1;XEUR;10413397;1176;
24.10.2024;08:50:34.397;ODAX SI 20241220 CS EU P 17900 0;SIMPLE_INSTRUMENT;BLOCK;EUR;5;90.00000000;4000;EXCHANGE_LAST;;1;1;XEUR;10628814;1176;
24.10.2024;09:26:28.001;ODAX SI 20250321 CS EU P 19100 0;SIMPLE_INSTRUMENT;BLOCK;EUR;6;472.00000000;883;EXCHANGE_LAST;;1;1;XEUR;10940041;1176;
24.10.2024;09:39:15.145;ODAX.O.241024.BER.000179;STANDARD_OPTION_STRATEGY;BLOCK;EUR;8;140.20000000;570;EXCHANGE_LAST;;1;1;XEUR;72062644920382660;1176;
24.10.2024;09:39:15.145;ODAX SI 20241220 CS EU P 18000 0;SIMPLE_INSTRUMENT;BLOCK;EUR;8;102.80000000;570;PRC_DECOMP_MEMBER;;;;XEUR;9516377;1176;MEMBER
24.10.2024;09:39:15.145;ODAX SI 20241220 CS EU P 19000 0;SIMPLE_INSTRUMENT;BLOCK;EUR;8;243.00000000;570;PRC_DECOMP_MEMBER;;;;XEUR;9516388;1176;MEMBER
24.10.2024;14:09:47.811;ODAX SI 20241220 CS EU P 19600 0;SIMPLE_INSTRUMENT;BLOCK;EUR;10;427.10000000;1500;EXCHANGE_LAST;;1;1;XEUR;10382391;1176;
24.10.2024;14:11:00.788;ODAX SI 20241220 CS EU C 19600 0;SIMPLE_INSTRUMENT;BLOCK;EUR;11;451.90000000;1500;EXCHANGE_LAST;;1;1;XEUR;10382383;1176;
24.10.2024;08:22:28.940;ODAX.V.241024.PUT+U.000149;OPTION_VOLATILITY_STRATEGY;BLOCK;EUR;671088643;65.60000000;2;EXCHANGE_LAST;;1;1;XEUR;72062644920382630;1176;
24.10.2024;08:22:28.940;ODAX SI 20241025 CS EU P 19500 0;SIMPLE_INSTRUMENT;BLOCK;EUR;671088643;65.60000000;400;PRC_DECOMP_EXCHANGE;;;;XEUR;11844091;1176;EXCHANGE
24.10.2024;08:22:28.940;FDAX SI 20241220 CS;SIMPLE_INSTRUMENT;BLOCK;EUR;671088643;19590.00000000;42;PRC_DECOMP_EXCHANGE;;;;XEUR;7296065;1176;EXCHANGE
24.10.2024;09:28:39.632;ODAX.V.241024.CALL-U.000176;OPTION_VOLATILITY_STRATEGY;BLOCK;EUR;671088647;737.20000000;3;EXCHANGE_LAST;;1;1;XEUR;72062644920382657;1176;
24.10.2024;09:28:39.632;FDAX SI 20241220 CS;SIMPLE_INSTRUMENT;BLOCK;EUR;671088647;19613.00000000;159;PRC_DECOMP_EXCHANGE;;;;XEUR;7296065;1176;EXCHANGE
24.10.2024;09:28:39.632;ODAX SI 20250321 CS EU C 19700 0;SIMPLE_INSTRUMENT;BLOCK;EUR;671088647;737.20000000;1500;PRC_DECOMP_EXCHANGE;;;;XEUR;11147173;1176;EXCHANGE
24.10.2024;13:44:17.779;ODAX.V.241024.CALL-U.000208;OPTION_VOLATILITY_STRATEGY;BLOCK;EUR;671088649;93.00000000;5;EXCHANGE_LAST;;1;1;XEUR;72062644920382689;1176;
24.10.2024;13:44:17.779;FDAX SI 20241220 CS;SIMPLE_INSTRUMENT;BLOCK;EUR;671088649;19640.00000000;65;PRC_DECOMP_EXCHANGE;;;;XEUR;7296065;1176;EXCHANGE
24.10.2024;13:44:17.779;ODAX SI 20241101 CS EU C 19650 0;SIMPLE_INSTRUMENT;BLOCK;EUR;671088649;93.00000000;810;PRC_DECOMP_EXCHANGE;;;;XEUR;11888903;1176;EXCHANGE
24.10.2024;14:51:24.421;OED2.V.241024.PUT+U.000001;OPTION_VOLATILITY_STRATEGY;BLOCK;EUR;301989889;4.38000000;10;EXCHANGE_LAST;;1;1;XEUR;75376272317874200;772690;
24.10.2024;14:51:24.421;FEXD SI 20271217 CS;SIMPLE_INSTRUMENT;BLOCK;EUR;301989889;148.50000000;310;PRC_DECOMP_EXCHANGE;;;;XEUR;2848338;772690;EXCHANGE
24.10.2024;14:51:24.421;OED2 SI 20250321 PS EU P 140 0;SIMPLE_INSTRUMENT;BLOCK;EUR;301989889;4.38000000;1000;PRC_DECOMP_EXCHANGE;;;;XEUR;10635937;772690;EXCHANGE
24.10.2024;14:55:01.251;OED2.V.241024.STG-U.000002;OPTION_VOLATILITY_STRATEGY;BLOCK;EUR;301989890;7.00000000;5;EXCHANGE_LAST;;1;1;XEUR;75376272317874201;772690;
24.10.2024;14:55:01.251;OED2 SI 20250321 PS EU C 154 0;SIMPLE_INSTRUMENT;BLOCK;EUR;301989890;2.93000000;500;PRC_DECOMP_EXCHANGE;;;;XEUR;10635913;772690;EXCHANGE
24.10.2024;14:55:01.251;FEXD SI 20271217 CS;SIMPLE_INSTRUMENT;BLOCK;EUR;301989890;148.30000000;15;PRC_DECOMP_EXCHANGE;;;;XEUR;2848338;772690;EXCHANGE
24.10.2024;14:55:01.251;OED2 SI 20250321 PS EU P 140 0;SIMPLE_INSTRUMENT;BLOCK;EUR;301989890;4.07000000;500;PRC_DECOMP_EXCHANGE;;;;XEUR;10635937;772690;EXCHANGE
24.10.2024;10:43:08.567;OEDV.V.241024.CALL-U.000002;OPTION_VOLATILITY_STRATEGY;BLOCK;EUR;603979779;3.50000000;20;EXCHANGE_LAST;;1;2;XEUR;72062696459082037;1188;
24.10.2024;10:43:08.567;OEDV SI 20241220 CS EU C 1800 0;SIMPLE_INSTRUMENT;BLOCK;EUR;603979779;3.50000000;2000;PRC_DECOMP_EXCHANGE;;;;XEUR;4634081;1188;EXCHANGE
24.10.2024;10:43:08.567;FEDV SI 20241220 CS;SIMPLE_INSTRUMENT;BLOCK;EUR;603979779;1665.00000000;100;PRC_DECOMP_EXCHANGE;;;;XEUR;10838883;1188;EXCHANGE
24.10.2024;10:18:08.345;OESB.V.241024.COMBO+U.000016;OPTION_VOLATILITY_STRATEGY;BLOCK;EUR;603979777;0.15000000;120;EXCHANGE_LAST;;1;1;XEUR;72062726523970035;1195;
24.10.2024;10:18:08.345;OESB SI 20250321 CS EU C 160.0 0;SIMPLE_INSTRUMENT;BLOCK;EUR;603979777;1.95000000;12000;PRC_DECOMP_EXCHANGE;;;;XEUR;10414039;1195;EXCHANGE
24.10.2024;10:18:08.345;FESB SI 20241220 CS;SIMPLE_INSTRUMENT;BLOCK;EUR;603979777;145.00000000;4440;PRC_DECOMP_EXCHANGE;;;;XEUR;10838895;1195;EXCHANGE
24.10.2024;10:18:08.345;OESB SI 20250321 CS EU P 125.0 0;SIMPLE_INSTRUMENT;BLOCK;EUR;603979777;2.10000000;12000;PRC_DECOMP_EXCHANGE;;;;XEUR;10413972;1195;EXCHANGE
24.10.2024;10:52:21.487;OESB.V.241024.BUL-U.000019;OPTION_VOLATILITY_STRATEGY;BLOCK;EUR;603979780;2.05000000;60;EXCHANGE_LAST;;1;1;XEUR;72062726523970038;1195;
24.10.2024;10:52:21.487;OESB SI 20250321 CS EU C 155.0 0;SIMPLE_INSTRUMENT;BLOCK;EUR;603979780;3.05000000;6000;PRC_DECOMP_EXCHANGE;;;;XEUR;10414034;1195;EXCHANGE
