#Date;TrdTime;Contract;ContractType;TrdTyp;Currency;TesId;Prc;Qty;TrdInd;Aggressor;Buy;Sell;Exch;InstrumentId;RelatedProdId;PrcDecomp
14.04.2025;16:01:56.455;A2DE SI 20250620 CS;SIMPLE_INSTRUMENT;BLOCK;CHF;141;1.00000000;255;EXCHANGE_LAST;;1;1;XEUR;10865371;45831;
14.04.2025;11:33:17.869;A2NA SI 20250620 CS;SIMPLE_INSTRUMENT;BLOCK;EUR;51;9.76000000;880;EXCHANGE_LAST;;1;1;XEUR;10872538;151298;
14.04.2025;14:09:34.275;ABBG SI 20250417 CS;SIMPLE_INSTRUMENT;BLOCK;CHF;95;41.45000000;7000;EXCHANGE_LAST;;1;1;XEUR;10886807;574520;
14.04.2025;14:06:48.413;ABBG SI 20250417 CS;SIMPLE_INSTRUMENT;BLOCK;CHF;96;41.44000000;4000;EXCHANGE_LAST;;1;1;XEUR;10886807;574520;
14.04.2025;13:53:52.954;ABBN SI 20250620 PS AM P 41.50 0;SIMPLE_INSTRUMENT;BLOCK;CHF;57;2.44000000;5000;EXCHANGE_LAST;;1;1;XEUR;13090716;574517;
14.04.2025;15:06:45.129;ABBN SI 20250516 PS AM C 43.50 0;SIMPLE_INSTRUMENT;BLOCK;CHF;62;0.96000000;1500;EXCHANGE_LAST;;1;1;XEUR;12874633;574517;
14.04.2025;14:52:38.512;ADEF SI 20250516 CS;SIMPLE_INSTRUMENT;BLOCK;CHF;108;21.31290000;2000;EXCHANGE_LAST;;1;1;XEUR;11029030;47;
14.04.2025;14:53:02.397;ADEF SI 20250620 CS;SIMPLE_INSTRUMENT;BLOCK;CHF;109;21.30290000;2000;EXCHANGE_LAST;;1;1;XEUR;11167369;47;
14.04.2025;15:48:55.361;ADEF SI 20250620 CS;SIMPLE_INSTRUMENT;BLOCK;CHF;140;21.32000000;3000;EXCHANGE_LAST;;1;1;XEUR;11167369;47;
14.04.2025;11:32:51.391;AEAF SI 20250620 CS;SIMPLE_INSTRUMENT;BLOCK;EUR;50;201.70030000;10000;EXCHANGE_LAST;;1;1;XEUR;11202228;298511;
14.04.2025;09:44:51.456;ALV SI 20260619 PS AM P 280.00 0;SIMPLE_INSTRUMENT;BLOCK;EUR;1;15.08000000;1000;EXCHANGE_LAST;;1;1;XEUR;9537500;74;
14.04.2025;09:47:20.876;ALV SI 20251219 PS AM P 200.00 0;SIMPLE_INSTRUMENT;BLOCK;EUR;2;2.96000000;3000;EXCHANGE_LAST;;1;1;XEUR;5920780;74;
14.04.2025;08:36:25.096;ALVG.S.APR25.NOV25.SPD;FUTURES_SPREAD;BLOCK;EUR;5;7.79000000;520;EXCHANGE_LAST;;1;1;XEUR;72057959110148373;85;
14.04.2025;08:36:25.096;ALVG SI 20250417 CS;SIMPLE_INSTRUMENT;BLOCK;EUR;5;336.60000000;520;PRC_DECOMP_MEMBER;;;;XEUR;10829113;85;MEMBER
14.04.2025;08:36:25.096;ALVG SI 20251121 CS;SIMPLE_INSTRUMENT;BLOCK;EUR;5;328.81000000;520;PRC_DECOMP_MEMBER;;;;XEUR;12067675;85;MEMBER
14.04.2025;09:50:06.472;ANN.O.250414.BLT.000005;STANDARD_OPTION_STRATEGY;BLOCK;EUR;8;0.67000000;2000;EXCHANGE_LAST;;1;1;XEUR;72251735149670206;45202;
14.04.2025;09:50:06.472;ANN SI 20250516 PS AM C 28.00 0;SIMPLE_INSTRUMENT;BLOCK;EUR;8;0.94000000;2000;PRC_DECOMP_EXCHANGE;;;;XEUR;12838441;45202;EXCHANGE
14.04.2025;09:50:06.472;ANN SI 20250417 PS AM C 28.00 0;SIMPLE_INSTRUMENT;BLOCK;EUR;8;0.27000000;2000;PRC_DECOMP_EXCHANGE;;;;XEUR;12640782;45202;EXCHANGE
14.04.2025;11:20:15.062;ANN SI 20251219 PS AM P 24.00 0;SIMPLE_INSTRUMENT;BLOCK;EUR;11;1.75000000;2000;EXCHANGE_LAST;;1;1;XEUR;7733120;45202;
14.04.2025;15:28:15.356;ANNG SI 20250516 CS;SIMPLE_INSTRUMENT;BLOCK;EUR;126;27.36000000;7000;EXCHANGE_LAST;;1;1;XEUR;11069991;464374;
14.04.2025;11:22:04.104;ASG5 FI 20250725 CS EU C 28.0000 0;FLEXIBLE_INSTRUMENT;BLOCK;EUR;11;2.16000000;52000;EXCHANGE_LAST;;1;1;XEUR;1152921972758286313;109;
14.04.2025;11:26:55.962;ASG5 FI 20250725 CS EU P 28.0000 0;FLEXIBLE_INSTRUMENT;BLOCK;EUR;13;1.40000000;41000;EXCHANGE_LAST;;1;1;XEUR;1152921972758286314;109;
14.04.2025;11:27:30.591;ASG5 FI 20250725 CS EU P 28.0000 0;FLEXIBLE_INSTRUMENT;BLOCK;EUR;14;1.40000000;40000;EXCHANGE_LAST;;1;1;XEUR;1152921972758286314;109;
14.04.2025;10:13:13.656;ASM SI 20250620 PS AM C 710.00 0;SIMPLE_INSTRUMENT;BLOCK;EUR;5;10.73000000;245;EXCHANGE_LAST;;1;1;XEUR;12996050;107;
14.04.2025;14:07:42.405;ASM SI 20250919 PS AM P 600.00 0;SIMPLE_INSTRUMENT;BLOCK;EUR;25;66.50000000;250;EXCHANGE_LAST;;1;1;XEUR;11872145;107;
14.04.2025;10:04:29.806;AXA.O.250414.STG.000003;STANDARD_OPTION_STRATEGY;BLOCK;EUR;12;4.06000000;3000;EXCHANGE_LAST;;1;1;XEUR;72058139498795485;127;
14.04.2025;10:04:29.806;AXA SI 20250919 PS AM P 36.00 0;SIMPLE_INSTRUMENT;BLOCK;EUR;12;2.30000000;3000;PRC_DECOMP_MEMBER;;;;XEUR;11872539;127;MEMBER
14.04.2025;10:04:29.806;AXA SI 20250919 PS AM C 38.00 0;SIMPLE_INSTRUMENT;BLOCK;EUR;12;1.76000000;3000;PRC_DECOMP_MEMBER;;;;XEUR;11872537;127;MEMBER
14.04.2025;10:21:00.791;AXA.O.250414.COMBO.000005;STANDARD_OPTION_STRATEGY;BLOCK;EUR;16;-0.58000000;2500;EXCHANGE_LAST;;1;1;XEUR;72058139498795487;127;
14.04.2025;10:21:00.791;AXA SI 20250417 PS AM C 38.00 0;SIMPLE_INSTRUMENT;BLOCK;EUR;16;0.73000000;2500;PRC_DECOMP_EXCHANGE;;;;XEUR;12614894;127;EXCHANGE
14.04.2025;10:21:00.791;AXA SI 20250417 PS AM P 37.00 0;SIMPLE_INSTRUMENT;BLOCK;EUR;16;0.15000000;2500;PRC_DECOMP_EXCHANGE;;;;XEUR;12614881;127;EXCHANGE
14.04.2025;10:46:37.059;AXA SI 20250919 PS AM P 30.00 0;SIMPLE_INSTRUMENT;BLOCK;EUR;18;0.67000000;1500;EXCHANGE_LAST;;1;1;XEUR;11872456;127;
14.04.2025;14:45:26.791;AXA SI 20250620 PS AM C 38.00 0;SIMPLE_INSTRUMENT;BLOCK;EUR;35;1.27000000;3000;EXCHANGE_LAST;;1;1;XEUR;10812136;127;
14.04.2025;09:45:48.183;B2NP SI 20271217 CS;SIMPLE_INSTRUMENT;BLOCK;EUR;16;4.00000000;400;EXCHANGE_LAST;;1;1;XEUR;7086925;131;
14.04.2025;12:28:37.831;B2NP SI 20271217 CS;SIMPLE_INSTRUMENT;BLOCK;EUR;68;4.00000000;110;EXCHANGE_LAST;;1;1;XEUR;7086925;131;
14.04.2025;12:29:25.368;B2NP SI 20261218 CS;SIMPLE_INSTRUMENT;BLOCK;EUR;69;4.45000000;110;EXCHANGE_LAST;;1;1;XEUR;6798320;131;
14.04.2025;08:28:39.315;BAEN SI 20250919 PS AM C 56.00 0;SIMPLE_INSTRUMENT;BLOCK;CHF;4;1.54000000;1500;EXCHANGE_LAST;;1;1;XEUR;11872881;159;
14.04.2025;15:07:37.646;BALN SI 20250919 PS AM P 160.00 0;SIMPLE_INSTRUMENT;BLOCK;CHF;64;5.36000000;300;EXCHANGE_LAST;;1;1;XEUR;11872667;147;
14.04.2025;08:31:57.101;BAS SI 20281215 PS AM P 32.00 0;SIMPLE_INSTRUMENT;BLOCK;EUR;1;4.78000000;500;EXCHANGE_LAST;;1;1;XEUR;10396490;150;
14.04.2025;11:41:56.843;BAS SI 20250620 PS AM P 42.00 0;SIMPLE_INSTRUMENT;BLOCK;EUR;2;3.62000000;3000;EXCHANGE_LAST;;1;1;XEUR;11350808;150;
14.04.2025;12:31:26.845;BAS SI 20250919 PS AM P 36.00 0;SIMPLE_INSTRUMENT;BLOCK;EUR;4;2.00000000;2500;EXCHANGE_LAST;;1;1;XEUR;11872915;150;
14.04.2025;12:44:36.687;BAY SI 20250919 PS AM C 21.00 0;SIMPLE_INSTRUMENT;BLOCK;EUR;5;2.37000000;4000;EXCHANGE_LAST;;2;1;XEUR;12231600;168;
14.04.2025;12:46:18.164;BAY.O.250414.BLT.000014;STANDARD_OPTION_STRATEGY;BLOCK;EUR;6;1.80000000;4500;EXCHANGE_LAST;;2;1;XEUR;72058315592509837;168;
14.04.2025;12:46:18.164;BAY SI 20250620 PS AM C 24.00 0;SIMPLE_INSTRUMENT;BLOCK;EUR;6;0.67000000;4500;PRC_DECOMP_EXCHANGE;;;;XEUR;8112550;168;EXCHANGE
14.04.2025;12:46:18.164;BAY SI 20260619 PS AM C 24.00 0;SIMPLE_INSTRUMENT;BLOCK;EUR;6;2.47000000;4500;PRC_DECOMP_EXCHANGE;;;;XEUR;9539697;168;EXCHANGE
14.04.2025;15:21:18.304;BAY SI 20261218 PS AM C 27.00 0;SIMPLE_INSTRUMENT;BLOCK;EUR;8;2.19000000;8000;EXCHANGE_LAST;;2;1;XEUR;12295459;168;
14.04.2025;14:57:53.727;BAY SI 20260619 PS AM P 30.00 0;SIMPLE_INSTRUMENT;BLOCK;EUR;9;9.95000000;7000;EXCHANGE_LAST;;1;1;XEUR;10804254;168;
14.04.2025;15:38:04.641;BAYG SI 20250417 CS;SIMPLE_INSTRUMENT;BLOCK;EUR;132;20.88000000;5000;EXCHANGE_LAST;;1;1;XEUR;10870515;76034;
14.04.2025;10:28:29.741;BEI SI 20250919 PS AM P 110.00 0;SIMPLE_INSTRUMENT;BLOCK;EUR;5;4.59000000;400;EXCHANGE_LAST;;1;1;XEUR;11873591;176;
14.04.2025;12:54:52.948;BMW SI 20250620 PS AM P 68.00 0;SIMPLE_INSTRUMENT;BLOCK;EUR;17;6.05000000;1800;EXCHANGE_LAST;;1;1;XEUR;7899896;210;
14.04.2025;12:16:06.133;BMWF SI 20250417 CS;SIMPLE_INSTRUMENT;BLOCK;EUR;67;68.25000000;4500;EXCHANGE_LAST;;1;1;XEUR;10832713;239;
14.04.2025;07:54:18.129;BNP SI 20260320 PS AM P 60.00 0;SIMPLE_INSTRUMENT;BLOCK;EUR;1;5.71000000;500;EXCHANGE_LAST;;1;1;XEUR;12999104;237;
14.04.2025;08:59:03.068;BNP.O.250414.STD.000006;STANDARD_OPTION_STRATEGY;BLOCK;EUR;6;16.75000000;1250;EXCHANGE_LAST;;1;1;XEUR;72058611945200289;237;
14.04.2025;08:59:03.068;BNP SI 20260619 PS AM P 68.00 0;SIMPLE_INSTRUMENT;BLOCK;EUR;6;11.16000000;1250;PRC_DECOMP_EXCHANGE;;;;XEUR;11479995;237;EXCHANGE
14.04.2025;08:59:03.068;BNP SI 20260619 PS AM C 68.00 0;SIMPLE_INSTRUMENT;BLOCK;EUR;6;5.59000000;1250;PRC_DECOMP_EXCHANGE;;;;XEUR;11479994;237;EXCHANGE
14.04.2025;12:02:40.011;BNP.O.250414.STD.000008;STANDARD_OPTION_STRATEGY;BLOCK;EUR;22;21.89000000;1000;EXCHANGE_LAST;;1;1;XEUR;72058611945200291;237;
14.04.2025;12:02:40.011;BNP SI 20271217 PS AM P 64.00 0;SIMPLE_INSTRUMENT;BLOCK;EUR;22;13.05000000;1000;PRC_DECOMP_EXCHANGE;;;;XEUR;8776292;237;EXCHANGE
14.04.2025;12:02:40.011;BNP SI 20271217 PS AM C 64.00 0;SIMPLE_INSTRUMENT;BLOCK;EUR;22;8.84000000;1000;PRC_DECOMP_EXCHANGE;;;;XEUR;8776303;237;EXCHANGE
14.04.2025;12:39:21.125;BNP.N.250414.000009;NON_STANDARD_OPTION_STRATEGY;BLOCK;EUR;29;4.70000000;800;EXCHANGE_LAST;;1;1;XEUR;72058611945200292;237;
14.04.2025;12:39:21.125;BNP SI 20251219 PS AM P 36.00 0;SIMPLE_INSTRUMENT;BLOCK;EUR;29;0.80000000;2400;PRC_DECOMP_MEMBER;;;;XEUR;5923356;237;MEMBER
14.04.2025;12:39:21.125;BNP SI 20271217 PS AM P 40.00 0;SIMPLE_INSTRUMENT;BLOCK;EUR;29;3.55000000;1600;PRC_DECOMP_MEMBER;;;;XEUR;8776272;237;MEMBER
14.04.2025;12:57:44.417;BNP.O.250414.STG.000007;STANDARD_OPTION_STRATEGY;BLOCK;EUR;30;13.90000000;850;EXCHANGE_LAST;;1;1;XEUR;72058611945200290;237;
14.04.2025;12:57:44.417;BNP SI 20260619 PS AM P 66.00 0;SIMPLE_INSTRUMENT;BLOCK;EUR;30;9.68000000;850;PRC_DECOMP_EXCHANGE;;;;XEUR;12372394;237;EXCHANGE
14.04.2025;12:57:44.417;BNP SI 20260619 PS AM C 72.00 0;SIMPLE_INSTRUMENT;BLOCK;EUR;30;4.22000000;850;PRC_DECOMP_EXCHANGE;;;;XEUR;9541668;237;EXCHANGE
14.04.2025;14:40:30.059;BSIF SI 20250417 CS;SIMPLE_INSTRUMENT;BLOCK;EUR;100;86.96000000;2000;EXCHANGE_LAST;;1;2;XEUR;10873690;174729;
14.04.2025;11:06:56.512;BX7G SI 20250620 CS;SIMPLE_INSTRUMENT;BLOCK;EUR;38;6.47520000;10000;EXCHANGE_LAST;;1;1;XEUR;11191402;3980;
14.04.2025;10:47:40.463;BYG SI 20250919 PS AM P 28.00 0;SIMPLE_INSTRUMENT;BLOCK;EUR;19;0.43000000;1000;EXCHANGE_LAST;;1;1;XEUR;11875957;280;
14.04.2025;10:19:51.158;C4RI SI 20250620 CS;SIMPLE_INSTRUMENT;BLOCK;EUR;27;1.47600000;4200;EXCHANGE_LAST;;1;1;XEUR;10868044;50862;
14.04.2025;10:19:51.350;C4RI SI 20250620 CS;SIMPLE_INSTRUMENT;BLOCK;EUR;28;1.47700000;2800;EXCHANGE_LAST;;1;1;XEUR;10868044;50862;
14.04.2025;15:20:04.998;CAR SI 20250417 PS AM C 13.40 0;SIMPLE_INSTRUMENT;BLOCK;EUR;37;0.08000000;2000;EXCHANGE_LAST;;1;1;XEUR;12617304;265;
14.04.2025;11:19:55.016;CBK.O.250414.BRT.000011;STANDARD_OPTION_STRATEGY;BLOCK;EUR;7;0.90000000;5000;EXCHANGE_LAST;;1;3;XEUR;72058745089204353;268;
14.04.2025;11:19:55.016;CBK SI 20260619 PS AM P 20.00 0;SIMPLE_INSTRUMENT;BLOCK;EUR;7;3.47000000;5000;PRC_DECOMP_EXCHANGE;;;;XEUR;9666940;268;EXCHANGE
14.04.2025;11:19:55.016;CBK SI 20261218 PS AM P 20.00 0;SIMPLE_INSTRUMENT;BLOCK;EUR;7;4.37000000;5000;PRC_DECOMP_EXCHANGE;;;;XEUR;9040227;268;EXCHANGE
14.04.2025;09:34:01.162;CFR SI 20250417 PS AM C 138.00 0;SIMPLE_INSTRUMENT;BLOCK;CHF;10;2.95000000;1000;EXCHANGE_LAST;;1;2;XEUR;12617923;313;
14.04.2025;11:31:38.731;CFR.O.250414.STD.000003;STANDARD_OPTION_STRATEGY;BLOCK;CHF;34;23.95000000;300;EXCHANGE_LAST;;1;1;XEUR;72058938362728854;313;
14.04.2025;11:31:38.731;CFR SI 20250620 PS AM C 120.00 0;SIMPLE_INSTRUMENT;BLOCK;CHF;34;20.53000000;300;PRC_DECOMP_EXCHANGE;;;;XEUR;9996500;313;EXCHANGE
14.04.2025;11:31:38.731;CFR SI 20250620 PS AM P 120.00 0;SIMPLE_INSTRUMENT;BLOCK;CHF;34;3.42000000;300;PRC_DECOMP_EXCHANGE;;;;XEUR;9996501;313;EXCHANGE
14.04.2025;10:51:10.204;CGM.O.250414.BRT.000001;STANDARD_OPTION_STRATEGY;BLOCK;EUR;17;14.00000000;700;EXCHANGE_LAST;;2;1;XEUR;72058955542572560;317;
14.04.2025;10:51:10.204;CGM SI 20291221 PS AM P 120.00 0;SIMPLE_INSTRUMENT;BLOCK;EUR;17;26.95000000;700;PRC_DECOMP_EXCHANGE;;;;XEUR;12437455;317;EXCHANGE
14.04.2025;10:51:10.204;CGM SI 20251219 PS AM P 120.00 0;SIMPLE_INSTRUMENT;BLOCK;EUR;17;12.95000000;700;PRC_DECOMP_EXCHANGE;;;;XEUR;5924800;317;EXCHANGE
14.04.2025;09:39:35.168;CLN SI 20250620 PS AM P 9.00 0;SIMPLE_INSTRUMENT;BLOCK;CHF;13;1.37000000;4000;EXCHANGE_LAST;;1;1;XEUR;10619810;296;
14.04.2025;13:45:27.903;D2PW SI 20250620 CS;SIMPLE_INSTRUMENT;BLOCK;EUR;89;1.85000000;632;EXCHANGE_LAST;;1;1;XEUR;10862485;9702;
14.04.2025;12:55:19.758;D3AI SI 20251219 CS;SIMPLE_INSTRUMENT;BLOCK;EUR;79;4.24000000;250;EXCHANGE_LAST;;2;1;XEUR;7144062;443197;
14.04.2025;10:21:57.147;DAI SI 20250620 PS AM C 60.00 0;SIMPLE_INSTRUMENT;BLOCK;EUR;2;0.12000000;750;EXCHANGE_LAST;;1;1;XEUR;7934293;443196;
14.04.2025;11:30:32.047;DAI SI 20250620 PS AM P 44.00 0;SIMPLE_INSTRUMENT;BLOCK;EUR;3;2.32000000;750;EXCHANGE_LAST;;1;1;XEUR;7934437;443196;
14.04.2025;12:07:31.348;DAI SI 20250417 PS AM C 49.50 0;SIMPLE_INSTRUMENT;BLOCK;EUR;5;0.75000000;1000;EXCHANGE_LAST;;1;1;XEUR;12655013;443196;
14.04.2025;12:50:48.721;DAI.O.250414.BLT.000014;STANDARD_OPTION_STRATEGY;BLOCK;EUR;16;1.40000000;1000;EXCHANGE_LAST;;1;1;XEUR;73961106363665105;443196;
14.04.2025;12:50:48.721;DAI SI 20250417 PS AM C 50.00 0;SIMPLE_INSTRUMENT;BLOCK;EUR;16;0.47000000;1000;PRC_DECOMP_EXCHANGE;;;;XEUR;12654980;443196;EXCHANGE
14.04.2025;12:50:48.721;DAI SI 20250620 PS AM C 50.00 0;SIMPLE_INSTRUMENT;BLOCK;EUR;16;1.87000000;1000;PRC_DECOMP_EXCHANGE;;;;XEUR;11407739;443196;EXCHANGE
14.04.2025;16:02:23.488;DAIG SI 20250417 CS;SIMPLE_INSTRUMENT;BLOCK;EUR;145;49.25000000;6700;EXCHANGE_LAST;;1;1;XEUR;10884414;443203;
14.04.2025;08:55:56.693;DOU SI 20250620 PS AM P 10.00 0;SIMPLE_INSTRUMENT;ENLIGHT;EUR;1;1.02000000;600;EXCHANGE_LAST;;1;1;XEUR;12185764;949856;
14.04.2025;13:45:17.637;DPWF SI 20250620 CS;SIMPLE_INSTRUMENT;BLOCK;EUR;88;34.09000000;8000;EXCHANGE_LAST;;1;1;XEUR;11173216;444;
14.04.2025;14:03:13.421;DSV SI 20250919 PS AM P 1320.00 0;SIMPLE_INSTRUMENT;BLOCK;DKK;26;232.00000000;50;EXCHANGE_LAST;;1;1;XEUR;11941717;845710;
14.04.2025;09:11:20.658;DTE SI 20251219 PS AM P 28.00 0;SIMPLE_INSTRUMENT;BLOCK;EUR;7;1.18000000;6500;EXCHANGE_LAST;;2;1;XEUR;6268407;424;
14.04.2025;10:39:43.989;DTE SI 20250516 PS AM P 30.00 0;SIMPLE_INSTRUMENT;BLOCK;EUR;9;0.67000000;1500;EXCHANGE_LAST;;1;1;XEUR;12817658;424;
14.04.2025;14:47:45.339;DTE.O.250414.RBUL.000014;STANDARD_OPTION_STRATEGY;BLOCK;EUR;15;-1.78000000;4500;EXCHANGE_LAST;;1;2;XEUR;72059415104108339;424;
14.04.2025;14:47:45.339;DTE SI 20250620 PS AM C 36.00 0;SIMPLE_INSTRUMENT;BLOCK;EUR;15;0.30000000;9000;PRC_DECOMP_EXCHANGE;;;;XEUR;8215290;424;EXCHANGE
14.04.2025;14:47:45.339;DTE SI 20250620 PS AM C 30.00 0;SIMPLE_INSTRUMENT;BLOCK;EUR;15;2.38000000;4500;PRC_DECOMP_EXCHANGE;;;;XEUR;11356793;424;EXCHANGE
14.04.2025;10:05:07.435;E2IA SI 20250620 CS;SIMPLE_INSTRUMENT;BLOCK;EUR;25;1.18000000;130;EXCHANGE_LAST;;1;1;XEUR;10868554;57105;
14.04.2025;09:34:00.979;E2NT SI 20261218 CS;SIMPLE_INSTRUMENT;BLOCK;EUR;13;0.92000000;3000;EXCHANGE_LAST;;1;3;XEUR;4632357;470;
14.04.2025;10:14:51.004;E2NT SI 20261218 CS;SIMPLE_INSTRUMENT;BLOCK;EUR;29;0.92000000;500;EXCHANGE_LAST;;1;1;XEUR;4632357;470;
14.04.2025;10:42:28.878;E2NT SI 20261218 CS;SIMPLE_INSTRUMENT;BLOCK;EUR;35;0.92000000;500;EXCHANGE_LAST;;1;1;XEUR;4632357;470;
14.04.2025;15:01:38.772;E2NT SI 20261218 CS;SIMPLE_INSTRUMENT;BLOCK;EUR;111;0.93000000;1500;EXCHANGE_LAST;;1;2;XEUR;4632357;470;
14.04.2025;15:13:46.672;E2NT SI 20261218 CS;SIMPLE_INSTRUMENT;BLOCK;EUR;116;0.93000000;250;EXCHANGE_LAST;;1;1;XEUR;4632357;470;
14.04.2025;08:40:54.570;EAD.O.250414.RBUL.000004;STANDARD_OPTION_STRATEGY;BLOCK;EUR;4;-2.60000000;750;EXCHANGE_LAST;;1;1;XEUR;72059591197747909;465;
14.04.2025;08:40:54.570;EAD SI 20250620 PS AM C 150.00 0;SIMPLE_INSTRUMENT;BLOCK;EUR;4;4.74000000;750;PRC_DECOMP_EXCHANGE;;;;XEUR;11358077;465;EXCHANGE
14.04.2025;08:40:54.570;EAD SI 20250620 PS AM C 170.00 0;SIMPLE_INSTRUMENT;BLOCK;EUR;4;1.07000000;1500;PRC_DECOMP_EXCHANGE;;;;XEUR;11358073;465;EXCHANGE
14.04.2025;10:02:05.281;EIAG SI 20250619 CS;SIMPLE_INSTRUMENT;BLOCK;EUR;24;45.04480000;1500;EXCHANGE_LAST;;1;1;XEUR;11174688;509;
14.04.2025;10:10:30.196;ENL5 SI 20250619 PS AM P 6.80 0;SIMPLE_INSTRUMENT;BLOCK;EUR;4;0.19000000;2000;EXCHANGE_LAST;;1;2;XEUR;11337928;500;
14.04.2025;13:36:42.975;ENL5 SI 20250619 PS AM P 6.00 0;SIMPLE_INSTRUMENT;BLOCK;EUR;23;0.05750000;3000;EXCHANGE_LAST;;1;1;XEUR;11337866;500;
14.04.2025;08:40:27.768;ENR.O.250414.COMBO.000010;STANDARD_OPTION_STRATEGY;BLOCK;EUR;2;0.05000000;2000;EXCHANGE_LAST;;1;1;XEUR;73339770624818615;298530;
14.04.2025;08:40:27.768;ENR SI 20250417 PS AM C 60.00 0;SIMPLE_INSTRUMENT;BLOCK;EUR;2;0.29000000;2000;PRC_DECOMP_EXCHANGE;;;;XEUR;12650613;298530;EXCHANGE
14.04.2025;08:40:27.768;ENR SI 20250417 PS AM P 52.00 0;SIMPLE_INSTRUMENT;BLOCK;EUR;2;0.34000000;2000;PRC_DECOMP_EXCHANGE;;;;XEUR;12650604;298530;EXCHANGE
14.04.2025;08:55:10.525;ENR.O.250414.COMBO.000010;STANDARD_OPTION_STRATEGY;BLOCK;EUR;5;0.05000000;2000;EXCHANGE_LAST;;1;1;XEUR;73339770624818615;298530;
14.04.2025;08:55:10.525;ENR SI 20250417 PS AM P 52.00 0;SIMPLE_INSTRUMENT;BLOCK;EUR;5;0.34000000;2000;PRC_DECOMP_MEMBER;;;;XEUR;12650604;298530;MEMBER
14.04.2025;08:55:10.525;ENR SI 20250417 PS AM C 60.00 0;SIMPLE_INSTRUMENT;BLOCK;EUR;5;0.29000000;2000;PRC_DECOMP_MEMBER;;;;XEUR;12650613;298530;MEMBER
14.04.2025;11:14:36.739;ENR SI 20250417 PS AM C 60.00 0;SIMPLE_INSTRUMENT;BLOCK;EUR;10;0.25000000;4000;EXCHANGE_LAST;;1;1;XEUR;12650613;298530;
14.04.2025;11:25:34.643;ENR SI 20251219 PS AM P 46.00 0;SIMPLE_INSTRUMENT;BLOCK;EUR;12;5.27000000;1000;EXCHANGE_LAST;;1;1;XEUR;12483995;298530;
14.04.2025;11:27:56.375;ENR SI 20250516 PS AM C 62.00 0;SIMPLE_INSTRUMENT;BLOCK;EUR;13;2.00000000;586;EXCHANGE_LAST;;1;1;XEUR;12848174;298530;
14.04.2025;11:27:57.431;ENR SI 20250516 PS AM C 70.00 0;SIMPLE_INSTRUMENT;BLOCK;EUR;14;0.56000000;586;EXCHANGE_LAST;;1;1;XEUR;12848129;298530;
14.04.2025;10:27:16.346;ENT5.O.250414.STD.000002;STANDARD_OPTION_STRATEGY;BLOCK;EUR;7;2.61000000;1900;EXCHANGE_LAST;;2;2;XEUR;72059728636684255;497;
14.04.2025;10:27:16.346;ENT5 SI 20260618 PS AM C 12.00 0;SIMPLE_INSTRUMENT;BLOCK;EUR;7;0.94750000;1900;PRC_DECOMP_EXCHANGE;;;;XEUR;9531345;497;EXCHANGE
14.04.2025;10:27:16.346;ENT5 SI 20260618 PS AM P 12.00 0;SIMPLE_INSTRUMENT;BLOCK;EUR;7;1.66250000;1900;PRC_DECOMP_EXCHANGE;;;;XEUR;9531346;497;EXCHANGE
14.04.2025;13:47:38.234;ENT5 SI 20250619 PS AM P 11.00 0;SIMPLE_INSTRUMENT;BLOCK;EUR;24;0.39000000;600;EXCHANGE_LAST;;1;1;XEUR;11337811;497;
14.04.2025;08:53:19.888;F3IA SI 20271217 CS;SIMPLE_INSTRUMENT;BLOCK;EUR;6;0.32000000;384;EXCHANGE_LAST;;1;1;XEUR;8422837;390387;
14.04.2025;13:03:29.469;F3IA SI 20271217 CS;SIMPLE_INSTRUMENT;BLOCK;EUR;81;0.30000000;1000;EXCHANGE_LAST;;1;1;XEUR;8422837;390387;
14.04.2025;13:03:42.835;F3IA SI 20281215 CS;SIMPLE_INSTRUMENT;BLOCK;EUR;82;0.30000000;1000;EXCHANGE_LAST;;1;1;XEUR;9964653;390387;
14.04.2025;13:10:43.560;F3IA SI 20271217 CS;SIMPLE_INSTRUMENT;BLOCK;EUR;83;0.30000000;866;EXCHANGE_LAST;;1;1;XEUR;8422837;390387;
14.04.2025;13:10:55.391;F3IA SI 20281215 CS;SIMPLE_INSTRUMENT;BLOCK;EUR;84;0.30000000;425;EXCHANGE_LAST;;1;1;XEUR;9964653;390387;
14.04.2025;15:30:50.734;F3TE SI 20250620 CS;SIMPLE_INSTRUMENT;BLOCK;EUR;129;0.45000000;4300;EXCHANGE_LAST;;1;1;XEUR;10882016;390379;
14.04.2025;15:52:14.443;FATX SI 20250620 CS;SIMPLE_INSTRUMENT;EFP_IDX;EUR;8;3741.00000000;4;EXCHANGE_LAST;;1;1;XEUR;11905432;28699;
14.04.2025;15:52:27.339;FATX SI 20250620 CS;SIMPLE_INSTRUMENT;EFP_IDX;EUR;9;3742.00000000;8;EXCHANGE_LAST;;1;1;XEUR;11905432;28699;
14.04.2025;08:40:13.676;FBTP SI 20250606 PS;SIMPLE_INSTRUMENT;EFP_FIN;EUR;1;118.64000000;250;EXCHANGE_LAST;;1;1;XEUR;11820365;636;
14.04.2025;09:43:32.311;FBTP SI 20250606 PS;SIMPLE_INSTRUMENT;EFP_FIN;EUR;2;118.68000000;203;EXCHANGE_LAST;;1;1;XEUR;11820365;636;
14.04.2025;09:44:07.334;FBTP SI 20250606 PS;SIMPLE_INSTRUMENT;EFP_FIN;EUR;3;118.68000000;253;EXCHANGE_LAST;;1;1;XEUR;11820365;636;
14.04.2025;09:44:47.579;FBTP SI 20250606 PS;SIMPLE_INSTRUMENT;EFP_FIN;EUR;4;118.66000000;177;EXCHANGE_LAST;;1;1;XEUR;11820365;636;
14.04.2025;09:45:59.076;FBTP SI 20250606 PS;SIMPLE_INSTRUMENT;EFP_FIN;EUR;5;118.66000000;75;EXCHANGE_LAST;;1;1;XEUR;11820365;636;
14.04.2025;09:47:44.606;FBTP SI 20250606 PS;SIMPLE_INSTRUMENT;EFP_FIN;EUR;6;118.66000000;54;EXCHANGE_LAST;;1;1;XEUR;11820365;636;
14.04.2025;09:51:11.490;FBTP SI 20250606 PS;SIMPLE_INSTRUMENT;EFP_FIN;EUR;7;118.66000000;176;EXCHANGE_LAST;;1;1;XEUR;11820365;636;
14.04.2025;09:52:54.676;FBTP SI 20250606 PS;SIMPLE_INSTRUMENT;EFP_FIN;EUR;8;118.66000000;220;EXCHANGE_LAST;;1;1;XEUR;11820365;636;
14.04.2025;09:56:02.144;FBTP SI 20250606 PS;SIMPLE_INSTRUMENT;EFP_FIN;EUR;9;118.66000000;246;EXCHANGE_LAST;;1;1;XEUR;11820365;636;
14.04.2025;09:59:38.999;FBTP SI 20250606 PS;SIMPLE_INSTRUMENT;EFP_FIN;EUR;10;118.72000000;221;EXCHANGE_LAST;;1;1;XEUR;11820365;636;
14.04.2025;10:00:04.607;FBTP SI 20250606 PS;SIMPLE_INSTRUMENT;EFP_FIN;EUR;11;118.72000000;221;EXCHANGE_LAST;;1;1;XEUR;11820365;636;
14.04.2025;10:03:04.937;FBTP SI 20250606 PS;SIMPLE_INSTRUMENT;EFP_FIN;EUR;12;118.73000000;141;EXCHANGE_LAST;;1;1;XEUR;11820365;636;
14.04.2025;10:20:55.195;FBTP SI 20250606 PS;SIMPLE_INSTRUMENT;EFP_FIN;EUR;13;118.74000000;76;EXCHANGE_LAST;;1;1;XEUR;11820365;636;
14.04.2025;10:28:13.653;FBTP SI 20250606 PS;SIMPLE_INSTRUMENT;EFP_FIN;EUR;14;118.73000000;1392;EXCHANGE_LAST;;1;1;XEUR;11820365;636;
14.04.2025;10:31:23.943;FBTP SI 20250606 PS;SIMPLE_INSTRUMENT;EFP_FIN;EUR;15;118.70000000;265;EXCHANGE_LAST;;1;1;XEUR;11820365;636;
14.04.2025;10:31:23.964;FBTP SI 20250606 PS;SIMPLE_INSTRUMENT;EFP_FIN;EUR;16;118.70000000;398;EXCHANGE_LAST;;1;1;XEUR;11820365;636;
14.04.2025;10:46:42.678;FBTP SI 20250606 PS;SIMPLE_INSTRUMENT;EFP_FIN;EUR;17;118.78000000;480;EXCHANGE_LAST;;1;1;XEUR;11820365;636;
14.04.2025;11:07:49.918;FBTP SI 20250606 PS;SIMPLE_INSTRUMENT;EFP_FIN;EUR;18;118.85000000;756;EXCHANGE_LAST;;1;1;XEUR;11820365;636;
14.04.2025;11:37:44.908;FBTP SI 20250606 PS;SIMPLE_INSTRUMENT;EFP_FIN;EUR;19;118.90000000;384;EXCHANGE_LAST;;1;1;XEUR;11820365;636;
14.04.2025;11:41:20.036;FBTP SI 20250606 PS;SIMPLE_INSTRUMENT;EFP_FIN;EUR;20;118.90000000;96;EXCHANGE_LAST;;1;1;XEUR;11820365;636;
14.04.2025;11:53:43.754;FBTP SI 20250606 PS;SIMPLE_INSTRUMENT;EFP_FIN;EUR;21;118.91000000;336;EXCHANGE_LAST;;1;1;XEUR;11820365;636;
14.04.2025;11:58:16.313;FBTP SI 20250606 PS;SIMPLE_INSTRUMENT;EFP_FIN;EUR;22;118.85000000;1258;EXCHANGE_LAST;;1;1;XEUR;11820365;636;
14.04.2025;11:59:02.701;FBTP SI 20250606 PS;SIMPLE_INSTRUMENT;EFP_FIN;EUR;23;118.73000000;816;EXCHANGE_LAST;;1;1;XEUR;11820365;636;
14.04.2025;12:55:56.578;FBTP SI 20250606 PS;SIMPLE_INSTRUMENT;EFP_FIN;EUR;24;118.98000000;90;EXCHANGE_LAST;;1;1;XEUR;11820365;636;
14.04.2025;12:57:04.806;FBTP SI 20250606 PS;SIMPLE_INSTRUMENT;EFP_FIN;EUR;25;119.00000000;381;EXCHANGE_LAST;;1;1;XEUR;11820365;636;
14.04.2025;13:27:54.466;FBTP SI 20250606 PS;SIMPLE_INSTRUMENT;EFP_FIN;EUR;26;119.02000000;401;EXCHANGE_LAST;;1;1;XEUR;11820365;636;
14.04.2025;13:19:11.367;FBTP SI 20250606 PS;SIMPLE_INSTRUMENT;BLOCK;EUR;27;119.02000000;467;EXCHANGE_LAST;;1;1;XEUR;11820365;636;
14.04.2025;13:19:55.659;FBTP SI 20250606 PS;SIMPLE_INSTRUMENT;EFP_FIN;EUR;28;119.00000000;648;EXCHANGE_LAST;;1;1;XEUR;11820365;636;
14.04.2025;13:29:11.964;FBTP SI 20250606 PS;SIMPLE_INSTRUMENT;EFP_FIN;EUR;29;118.98000000;164;EXCHANGE_LAST;;1;1;XEUR;11820365;636;
14.04.2025;13:48:26.457;FBTP SI 20250606 PS;SIMPLE_INSTRUMENT;EFS;EUR;30;119.02000000;1032;EXCHANGE_LAST;;1;1;XEUR;11820365;636;
14.04.2025;13:55:39.479;FBTP SI 20250606 PS;SIMPLE_INSTRUMENT;EFP_FIN;EUR;31;119.04000000;853;EXCHANGE_LAST;;1;1;XEUR;11820365;636;
14.04.2025;14:07:02.894;FBTP SI 20250606 PS;SIMPLE_INSTRUMENT;EFP_FIN;EUR;32;118.51000000;122;EXCHANGE_LAST;;1;1;XEUR;11820365;636;
14.04.2025;14:37:18.364;FBTP SI 20250606 PS;SIMPLE_INSTRUMENT;EFP_FIN;EUR;33;119.15000000;1178;EXCHANGE_LAST;;1;1;XEUR;11820365;636;
14.04.2025;15:17:59.158;FBTP SI 20250606 PS;SIMPLE_INSTRUMENT;EFP_FIN;EUR;34;119.15000000;75;EXCHANGE_LAST;;1;1;XEUR;11820365;636;
14.04.2025;15:24:09.667;FBTP SI 20250606 PS;SIMPLE_INSTRUMENT;EFP_FIN;EUR;35;119.16000000;184;EXCHANGE_LAST;;1;1;XEUR;11820365;636;
14.04.2025;15:49:23.119;FBTP SI 20250606 PS;SIMPLE_INSTRUMENT;EFS;EUR;36;119.19000000;330;EXCHANGE_LAST;;1;1;XEUR;11820365;636;
14.04.2025;13:17:03.136;FBTP SI 20250606 PS;SIMPLE_INSTRUMENT;VOLA;EUR;268435523;118.97000000;42;EXCHANGE_LAST;;1;1;XEUR;11820365;636;
14.04.2025;09:57:48.021;FBTS SI 20250606 PS;SIMPLE_INSTRUMENT;EFP_FIN;EUR;8;107.94000000;834;EXCHANGE_LAST;;1;1;XEUR;11820367;639;
14.04.2025;10:10:05.832;FBTS SI 20250606 PS;SIMPLE_INSTRUMENT;BLOCK;EUR;9;107.93000000;716;EXCHANGE_LAST;;1;1;XEUR;11820367;639;
14.04.2025;10:58:54.042;FBTS SI 20250606 PS;SIMPLE_INSTRUMENT;EFP_FIN;EUR;13;107.95000000;521;EXCHANGE_LAST;;1;1;XEUR;11820367;639;
14.04.2025;11:35:26.145;FBTS SI 20250606 PS;SIMPLE_INSTRUMENT;EFP_FIN;EUR;17;107.95000000;521;EXCHANGE_LAST;;1;1;XEUR;11820367;639;
14.04.2025;11:45:01.369;FBTS SI 20250606 PS;SIMPLE_INSTRUMENT;EFP_FIN;EUR;18;107.95000000;1042;EXCHANGE_LAST;;1;1;XEUR;11820367;639;
14.04.2025;11:53:48.197;FBTS SI 20250606 PS;SIMPLE_INSTRUMENT;EFP_FIN;EUR;19;107.95000000;1042;EXCHANGE_LAST;;1;1;XEUR;11820367;639;
14.04.2025;12:38:37.894;FBTS SI 20250606 PS;SIMPLE_INSTRUMENT;EFP_FIN;EUR;23;107.94000000;476;EXCHANGE_LAST;;1;1;XEUR;11820367;639;
14.04.2025;12:40:41.820;FBTS SI 20250606 PS;SIMPLE_INSTRUMENT;EFP_FIN;EUR;24;107.94000000;476;EXCHANGE_LAST;;1;1;XEUR;11820367;639;
14.04.2025;12:43:52.671;FBTS SI 20250606 PS;SIMPLE_INSTRUMENT;EFP_FIN;EUR;25;107.95000000;1082;EXCHANGE_LAST;;1;1;XEUR;11820367;639;
14.04.2025;13:26:44.527;FBTS SI 20250606 PS;SIMPLE_INSTRUMENT;EFP_FIN;EUR;27;107.93000000;476;EXCHANGE_LAST;;1;1;XEUR;11820367;639;
14.04.2025;13:47:37.363;FBTS SI 20250606 PS;SIMPLE_INSTRUMENT;BLOCK;EUR;28;107.95000000;238;EXCHANGE_LAST;;1;1;XEUR;11820367;639;
14.04.2025;13:56:39.540;FBTS SI 20250606 PS;SIMPLE_INSTRUMENT;BLOCK;EUR;29;107.98000000;1000;EXCHANGE_LAST;;1;1;XEUR;11820367;639;
14.04.2025;14:44:14.543;FBTS SI 20250606 PS;SIMPLE_INSTRUMENT;EFP_FIN;EUR;34;107.96000000;238;EXCHANGE_LAST;;1;1;XEUR;11820367;639;
14.04.2025;15:39:15.848;FBTS SI 20250606 PS;SIMPLE_INSTRUMENT;EFP_FIN;EUR;38;107.95000000;1955;EXCHANGE_LAST;;1;1;XEUR;11820367;639;
14.04.2025;09:51:02.367;FCMU SI 20250616 CS;SIMPLE_INSTRUMENT;BLOCK;USD;3;0.04904000;75;EXCHANGE_LAST;;1;1;XEUR;11855448;570874;
14.04.2025;12:14:31.030;FCMU SI 20250616 CS;SIMPLE_INSTRUMENT;BLOCK;USD;4;0.04898000;100;EXCHANGE_LAST;;1;1;XEUR;11855448;570874;
14.04.2025;18:37:32.808;FCUN SI 20250616 PS;SIMPLE_INSTRUMENT;EFP_IDX;NOK;6;10.60469000;5;EXCHANGE_LAST;;1;1;XEUR;7879243;402914;
14.04.2025;18:37:33.259;FCUN SI 20250616 PS;SIMPLE_INSTRUMENT;EFP_IDX;NOK;7;10.60470000;28;EXCHANGE_LAST;;1;1;XEUR;7879243;402914;
14.04.2025;06:46:27.762;FCZU SI 20250616 CS;SIMPLE_INSTRUMENT;BLOCK;USD;1;0.05230000;150;EXCHANGE_LAST;;1;1;XEUR;11855446;570872;
14.04.2025;09:17:46.735;FCZU SI 20250616 CS;SIMPLE_INSTRUMENT;BLOCK;USD;2;0.05261000;75;EXCHANGE_LAST;;1;1;XEUR;11855446;570872;
14.04.2025;12:16:40.187;FCZU SI 20250616 CS;SIMPLE_INSTRUMENT;BLOCK;USD;5;0.05245000;75;EXCHANGE_LAST;;1;1;XEUR;11855446;570872;
14.04.2025;15:50:25.670;FDAX SI 20250620 CS;SIMPLE_INSTRUMENT;EFP_IDX;EUR;1;21125.00000000;4;EXCHANGE_LAST;;1;1;XEUR;7903800;589;
14.04.2025;15:50:31.990;FDAX SI 20250620 CS;SIMPLE_INSTRUMENT;EFP_IDX;EUR;2;21126.00000000;21;EXCHANGE_LAST;;1;1;XEUR;7903800;589;
14.04.2025;09:31:41.138;FDAX SI 20250620 CS;SIMPLE_INSTRUMENT;VOLA;EUR;671088648;21060.00000000;15;EXCHANGE_LAST;;1;1;XEUR;7903800;589;
14.04.2025;11:06:20.410;FDAX SI 20250620 CS;SIMPLE_INSTRUMENT;VOLA;EUR;671088652;21058.00000000;21;EXCHANGE_LAST;;1;1;XEUR;7903800;589;
14.04.2025;14:53:23.127;FEBD SI 20261218 CS;SIMPLE_INSTRUMENT;BLOCK;EUR;29;9.85000000;700;EXCHANGE_LAST;;1;1;XEUR;7158212;597;
14.04.2025;15:14:15.847;FEBD SI 20261218 CS;SIMPLE_INSTRUMENT;BLOCK;EUR;32;9.85000000;250;EXCHANGE_LAST;;1;1;XEUR;7158212;597;
14.04.2025;15:48:20.457;FEBD SI 20261218 CS;SIMPLE_INSTRUMENT;BLOCK;EUR;40;9.85000000;250;EXCHANGE_LAST;;1;1;XEUR;7158212;597;
14.04.2025;15:54:10.517;FEBD SI 20261218 CS;SIMPLE_INSTRUMENT;BLOCK;EUR;51;9.82000000;300;EXCHANGE_LAST;;1;1;XEUR;7158212;597;
14.04.2025;10:42:44.982;FEDV SI 20250620 CS;SIMPLE_INSTRUMENT;BLOCK;EUR;10;1740.00000000;3000;EXCHANGE_LAST;;1;1;XEUR;11880642;596;
14.04.2025;10:36:51.396;FEDV SI 20250620 CS;SIMPLE_INSTRUMENT;VOLA;EUR;603979798;1740.00000000;850;EXCHANGE_LAST;;1;1;XEUR;11880642;596;
14.04.2025;12:04:09.260;FES1 SI 20250620 PS;SIMPLE_INSTRUMENT;BLOCK;EUR;16;-60.80000000;6480;EXCHANGE_LAST;;1;1;XEUR;11910814;58959;
14.04.2025;15:18:22.703;FES1 SI 20250620 PS;SIMPLE_INSTRUMENT;BLOCK;EUR;33;-60.50000000;250;EXCHANGE_LAST;;1;1;XEUR;11910814;58959;
14.04.2025;09:43:12.154;FESB SI 20250620 CS;SIMPLE_INSTRUMENT;BLOCK;EUR;41;167.20000000;6900;EXCHANGE_LAST;;1;1;XEUR;11880665;605;
14.04.2025;12:56:54.148;FESB SI 20250620 CS;SIMPLE_INSTRUMENT;BLOCK;EUR;43;167.40000000;1988;EXCHANGE_LAST;;1;1;XEUR;11880665;605;
14.04.2025;15:43:45.081;FESB SI 20250620 CS;SIMPLE_INSTRUMENT;EFP_IDX;EUR;51;168.05000000;175;EXCHANGE_LAST;;1;1;XEUR;11880665;605;
14.04.2025;09:20:58.128;FESB SI 20250620 CS;SIMPLE_INSTRUMENT;VOLA;EUR;603979787;167.25000000;600;EXCHANGE_LAST;;1;1;XEUR;11880665;605;
14.04.2025;15:32:23.557;FESB SI 20250620 CS;SIMPLE_INSTRUMENT;VOLA;EUR;603979834;168.00000000;2100;EXCHANGE_LAST;;1;1;XEUR;11880665;605;
14.04.2025;15:37:45.097;FESB SI 20250620 CS;SIMPLE_INSTRUMENT;VOLA;EUR;603979835;168.50000000;300;EXCHANGE_LAST;;1;1;XEUR;11880665;605;
14.04.2025;07:37:00.884;FESX SI 20250620 CS;SIMPLE_INSTRUMENT;BLOCK;EUR;1;4824.00000000;3000;EXCHANGE_LAST;;1;1;XEUR;7904020;675;
14.04.2025;08:07:40.392;FESX SI 20250620 CS;SIMPLE_INSTRUMENT;BLOCK;EUR;2;4820.00000000;6795;EXCHANGE_LAST;;1;1;XEUR;7904020;675;
14.04.2025;13:33:12.169;FESX SI 20250620 CS;SIMPLE_INSTRUMENT;BLOCK;EUR;3;4850.00000000;4000;EXCHANGE_LAST;;1;1;XEUR;7904020;675;
14.04.2025;15:42:24.652;FESX SI 20250620 CS;SIMPLE_INSTRUMENT;EFP_IDX;EUR;4;4850.00000000;60;EXCHANGE_LAST;;1;1;XEUR;7904020;675;
14.04.2025;15:42:24.632;FESX SI 20250620 CS;SIMPLE_INSTRUMENT;EFP_IDX;EUR;5;4851.00000000;482;EXCHANGE_LAST;;1;1;XEUR;7904020;675;
14.04.2025;15:45:35.170;FESX SI 20250620 CS;SIMPLE_INSTRUMENT;EFP_IDX;EUR;6;4851.00000000;1202;EXCHANGE_LAST;;1;1;XEUR;7904020;675;
14.04.2025;15:45:42.761;FESX SI 20250620 CS;SIMPLE_INSTRUMENT;EFP_IDX;EUR;7;4852.00000000;18;EXCHANGE_LAST;;1;1;XEUR;7904020;675;
14.04.2025;15:45:59.645;FESX SI 20250620 CS;SIMPLE_INSTRUMENT;EFP_IDX;EUR;8;4851.00000000;1308;EXCHANGE_LAST;;1;1;XEUR;7904020;675;
14.04.2025;15:46:08.321;FESX SI 20250620 CS;SIMPLE_INSTRUMENT;EFP_IDX;EUR;9;4852.00000000;472;EXCHANGE_LAST;;1;1;XEUR;7904020;675;
14.04.2025;15:49:40.773;FESX SI 20250620 CS;SIMPLE_INSTRUMENT;EFP_IDX;EUR;10;4851.00000000;125;EXCHANGE_LAST;;1;1;XEUR;7904020;675;
14.04.2025;16:03:39.632;FESX SI 20250620 CS;SIMPLE_INSTRUMENT;EFP_IDX;EUR;11;4850.00000000;1939;EXCHANGE_LAST;;1;1;XEUR;7904020;675;
14.04.2025;16:03:48.633;FESX SI 20250620 CS;SIMPLE_INSTRUMENT;EFP_IDX;EUR;12;4851.00000000;2061;EXCHANGE_LAST;;1;1;XEUR;7904020;675;
14.04.2025;16:02:48.213;FESX SI 20250620 CS;SIMPLE_INSTRUMENT;EFP_IDX;EUR;13;4850.00000000;54;EXCHANGE_LAST;;1;1;XEUR;7904020;675;
14.04.2025;16:03:14.569;FESX SI 20250620 CS;SIMPLE_INSTRUMENT;EFP_IDX;EUR;14;4851.00000000;120;EXCHANGE_LAST;;1;1;XEUR;7904020;675;
14.04.2025;07:43:38.999;FESX SI 20250620 CS;SIMPLE_INSTRUMENT;VOLA;EUR;637534215;4815.00000000;320;EXCHANGE_LAST;;1;1;XEUR;7904020;675;
14.04.2025;07:49:21.031;FESX SI 20250620 CS;SIMPLE_INSTRUMENT;VOLA;EUR;637534220;4820.00000000;580;EXCHANGE_LAST;;1;1;XEUR;7904020;675;
14.04.2025;08:41:27.880;FESX SI 20250620 CS;SIMPLE_INSTRUMENT;VOLA;EUR;637534248;4833.00000000;225;EXCHANGE_LAST;;1;1;XEUR;7904020;675;
14.04.2025;08:41:30.824;FESX SI 20250620 CS;SIMPLE_INSTRUMENT;VOLA;EUR;637534249;4833.00000000;575;EXCHANGE_LAST;;1;1;XEUR;7904020;675;
14.04.2025;09:03:43.287;FESX SI 20250620 CS;SIMPLE_INSTRUMENT;VOLA;EUR;637534263;4835.00000000;60;EXCHANGE_LAST;;1;1;XEUR;7904020;675;
14.04.2025;10:37:42.347;FESX SI 20250620 CS;SIMPLE_INSTRUMENT;VOLA;EUR;637534294;4825.00000000;300;EXCHANGE_LAST;;1;1;XEUR;7904020;675;
14.04.2025;10:38:12.389;FESX SI 20250620 CS;SIMPLE_INSTRUMENT;VOLA;EUR;637534296;4825.00000000;190;EXCHANGE_LAST;;1;1;XEUR;7904020;675;
14.04.2025;10:53:54.935;FESX SI 20250620 CS;SIMPLE_INSTRUMENT;VOLA;EUR;637534309;4835.00000000;230;EXCHANGE_LAST;;1;1;XEUR;7904020;675;
14.04.2025;11:16:42.195;FESX SI 20250620 CS;SIMPLE_INSTRUMENT;VOLA;EUR;637534317;4837.00000000;689;EXCHANGE_LAST;;1;1;XEUR;7904020;675;
14.04.2025;11:20:37.241;FESX SI 20250620 CS;SIMPLE_INSTRUMENT;VOLA;EUR;637534320;4840.00000000;371;EXCHANGE_LAST;;1;1;XEUR;7904020;675;
14.04.2025;11:22:16.509;FESX SI 20250620 CS;SIMPLE_INSTRUMENT;VOLA;EUR;637534321;4795.00000000;10;EXCHANGE_LAST;;1;1;XEUR;7904020;675;
14.04.2025;14:19:50.020;FESX SI 20250620 CS;SIMPLE_INSTRUMENT;VOLA;EUR;637534392;4845.00000000;20;EXCHANGE_LAST;;1;1;XEUR;7904020;675;
14.04.2025;14:21:54.723;FESX SI 20250620 CS;SIMPLE_INSTRUMENT;VOLA;EUR;637534394;4855.00000000;1290;EXCHANGE_LAST;;1;1;XEUR;7904020;675;
14.04.2025;15:01:49.649;FESX SI 20250620 CS;SIMPLE_INSTRUMENT;VOLA;EUR;637534424;4863.00000000;212;EXCHANGE_LAST;;1;1;XEUR;7904020;675;
14.04.2025;15:43:35.136;FESX SI 20250620 CS;SIMPLE_INSTRUMENT;VOLA;EUR;637534446;4860.00000000;180;EXCHANGE_LAST;;1;1;XEUR;7904020;675;
14.04.2025;07:43:48.017;FEXD.S.DEC27.DEC28.SPD;FUTURES_SPREAD;BLOCK;EUR;1;3.70000000;225;EXCHANGE_LAST;;1;1;XEUR;72060570450264162;693;
14.04.2025;07:43:48.017;FEXD SI 20271217 CS;SIMPLE_INSTRUMENT;BLOCK;EUR;1;137.40000000;225;PRC_DECOMP_EXCHANGE;;;;XEUR;2848338;693;EXCHANGE
14.04.2025;07:43:48.017;FEXD SI 20281215 CS;SIMPLE_INSTRUMENT;BLOCK;EUR;1;133.70000000;225;PRC_DECOMP_EXCHANGE;;;;XEUR;3680985;693;EXCHANGE
14.04.2025;08:16:59.078;FEXD SI 20271217 CS;SIMPLE_INSTRUMENT;BLOCK;EUR;2;139.90000000;400;EXCHANGE_LAST;;1;1;XEUR;2848338;693;
14.04.2025;08:25:05.206;FEXD SI 20261218 CS;SIMPLE_INSTRUMENT;BLOCK;EUR;3;146.20000000;350;EXCHANGE_LAST;;1;1;XEUR;2163053;693;
14.04.2025;08:39:24.616;FEXD.S.DEC27.DEC28.SPD;FUTURES_SPREAD;BLOCK;EUR;4;4.00000000;1500;EXCHANGE_LAST;;1;1;XEUR;72060570450264162;693;
14.04.2025;08:39:24.616;FEXD SI 20281215 CS;SIMPLE_INSTRUMENT;BLOCK;EUR;4;136.10000000;1500;PRC_DECOMP_EXCHANGE;;;;XEUR;3680985;693;EXCHANGE
14.04.2025;08:39:24.616;FEXD SI 20271217 CS;SIMPLE_INSTRUMENT;BLOCK;EUR;4;140.10000000;1500;PRC_DECOMP_EXCHANGE;;;;XEUR;2848338;693;EXCHANGE
14.04.2025;08:46:14.543;FEXD SI 20251219 CS;SIMPLE_INSTRUMENT;BLOCK;EUR;5;164.10000000;450;EXCHANGE_LAST;;1;1;XEUR;1548120;693;
14.04.2025;09:55:42.136;FEXD SI 20261218 CS;SIMPLE_INSTRUMENT;BLOCK;EUR;6;146.30000000;350;EXCHANGE_LAST;;1;1;XEUR;2163053;693;
14.04.2025;10:08:48.842;FEXD SI 20261218 CS;SIMPLE_INSTRUMENT;BLOCK;EUR;7;146.00000000;371;EXCHANGE_LAST;;1;1;XEUR;2163053;693;
14.04.2025;10:42:42.366;FEXD SI 20261218 CS;SIMPLE_INSTRUMENT;BLOCK;EUR;8;146.00000000;200;EXCHANGE_LAST;;1;1;XEUR;2163053;693;
14.04.2025;10:46:29.875;FEXD.S.DEC26.DEC28.SPD;FUTURES_SPREAD;BLOCK;EUR;9;10.10000000;1300;EXCHANGE_LAST;;1;1;XEUR;72060570450264161;693;
14.04.2025;10:46:29.875;FEXD SI 20281215 CS;SIMPLE_INSTRUMENT;BLOCK;EUR;9;136.00000000;1300;PRC_DECOMP_MEMBER;;;;XEUR;3680985;693;MEMBER
14.04.2025;10:46:29.875;FEXD SI 20261218 CS;SIMPLE_INSTRUMENT;BLOCK;EUR;9;146.10000000;1300;PRC_DECOMP_MEMBER;;;;XEUR;2163053;693;MEMBER
14.04.2025;11:17:21.673;FEXD SI 20281215 CS;SIMPLE_INSTRUMENT;BLOCK;EUR;13;135.90000000;200;EXCHANGE_LAST;;1;1;XEUR;3680985;693;
14.04.2025;11:22:59.811;FEXD SI 20271217 CS;SIMPLE_INSTRUMENT;BLOCK;EUR;14;140.60000000;350;EXCHANGE_LAST;;1;1;XEUR;2848338;693;
14.04.2025;12:27:36.911;FEXD SI 20271217 CS;SIMPLE_INSTRUMENT;BLOCK;EUR;17;140.90000000;150;EXCHANGE_LAST;;1;1;XEUR;2848338;693;
14.04.2025;12:31:51.574;FEXD SI 20261218 CS;SIMPLE_INSTRUMENT;BLOCK;EUR;18;147.40000000;800;EXCHANGE_LAST;;1;1;XEUR;2163053;693;
14.04.2025;13:29:55.665;FEXD SI 20251219 CS;SIMPLE_INSTRUMENT;BLOCK;EUR;19;164.40000000;1000;EXCHANGE_LAST;;1;1;XEUR;1548120;693;
14.04.2025;13:39:34.269;FEXD SI 20271217 CS;SIMPLE_INSTRUMENT;BLOCK;EUR;20;141.50000000;150;EXCHANGE_LAST;;1;1;XEUR;2848338;693;
14.04.2025;13:50:12.273;FEXD SI 20271217 CS;SIMPLE_INSTRUMENT;BLOCK;EUR;21;141.50000000;100;EXCHANGE_LAST;;1;1;XEUR;2848338;693;
14.04.2025;16:39:58.125;FEXD SI 20271217 CS;SIMPLE_INSTRUMENT;BLOCK;EUR;59;140.30000000;192;EXCHANGE_LAST;;1;1;XEUR;2848338;693;
14.04.2025;15:19:41.833;FFOX SI 20250619 CS;SIMPLE_INSTRUMENT;BLOCK;EUR;3;4208.90000000;400;EXCHANGE_LAST;;1;1;XEUR;11881292;695;
14.04.2025;07:01:58.994;FGBL SI 20250606 PS;SIMPLE_INSTRUMENT;EFS;EUR;1;130.69000000;186;EXCHANGE_LAST;;1;1;XEUR;11820389;688;
14.04.2025;07:16:18.990;FGBL SI 20250606 PS;SIMPLE_INSTRUMENT;EFP_FIN;EUR;2;130.77000000;319;EXCHANGE_LAST;;1;1;XEUR;11820389;688;
14.04.2025;07:38:37.282;FGBL SI 20250606 PS;SIMPLE_INSTRUMENT;EFS;EUR;3;130.79000000;245;EXCHANGE_LAST;;1;1;XEUR;11820389;688;
14.04.2025;07:33:38.846;FGBL SI 20250606 PS;SIMPLE_INSTRUMENT;EFS;EUR;4;130.82000000;1523;EXCHANGE_LAST;;1;1;XEUR;11820389;688;
14.04.2025;07:38:21.879;FGBL SI 20250606 PS;SIMPLE_INSTRUMENT;EFS;EUR;5;130.84000000;253;EXCHANGE_LAST;;1;1;XEUR;11820389;688;
14.04.2025;07:41:06.873;FGBL SI 20250606 PS;SIMPLE_INSTRUMENT;EFS;EUR;6;130.76000000;245;EXCHANGE_LAST;;1;1;XEUR;11820389;688;
14.04.2025;07:49:06.923;FGBL SI 20250606 PS;SIMPLE_INSTRUMENT;EFS;EUR;7;130.76000000;215;EXCHANGE_LAST;;1;1;XEUR;11820389;688;
14.04.2025;07:51:04.914;FGBL SI 20250606 PS;SIMPLE_INSTRUMENT;EFS;EUR;8;130.65000000;431;EXCHANGE_LAST;;1;1;XEUR;11820389;688;
14.04.2025;07:52:29.375;FGBL SI 20250606 PS;SIMPLE_INSTRUMENT;EFS;EUR;9;130.66000000;981;EXCHANGE_LAST;;1;1;XEUR;11820389;688;
14.04.2025;08:03:26.430;FGBL SI 20250606 PS;SIMPLE_INSTRUMENT;EFS;EUR;10;130.68000000;214;EXCHANGE_LAST;;1;1;XEUR;11820389;688;
14.04.2025;08:03:37.607;FGBL SI 20250606 PS;SIMPLE_INSTRUMENT;EFP_FIN;EUR;11;130.76000000;79;EXCHANGE_LAST;;1;1;XEUR;11820389;688;
14.04.2025;08:05:24.514;FGBL SI 20250606 PS;SIMPLE_INSTRUMENT;EFP_FIN;EUR;12;130.76000000;56;EXCHANGE_LAST;;1;1;XEUR;11820389;688;
14.04.2025;08:06:16.956;FGBL SI 20250606 PS;SIMPLE_INSTRUMENT;EFS;EUR;13;130.78000000;657;EXCHANGE_LAST;;1;1;XEUR;11820389;688;
14.04.2025;08:07:00.855;FGBL SI 20250606 PS;SIMPLE_INSTRUMENT;EFS;EUR;14;130.78000000;657;EXCHANGE_LAST;;1;1;XEUR;11820389;688;
14.04.2025;08:15:50.334;FGBL SI 20250606 PS;SIMPLE_INSTRUMENT;EFS;EUR;15;130.66000000;981;EXCHANGE_LAST;;1;1;XEUR;11820389;688;
14.04.2025;08:22:02.512;FGBL SI 20250606 PS;SIMPLE_INSTRUMENT;EFP_FIN;EUR;16;130.72000000;136;EXCHANGE_LAST;;1;1;XEUR;11820389;688;
14.04.2025;08:24:22.965;FGBL SI 20250606 PS;SIMPLE_INSTRUMENT;EFS;EUR;17;130.64000000;862;EXCHANGE_LAST;;1;1;XEUR;11820389;688;
14.04.2025;08:31:18.824;FGBL SI 20250606 PS;SIMPLE_INSTRUMENT;EFS;EUR;18;130.69000000;294;EXCHANGE_LAST;;1;1;XEUR;11820389;688;
14.04.2025;08:33:03.863;FGBL SI 20250606 PS;SIMPLE_INSTRUMENT;EFS;EUR;19;130.70000000;981;EXCHANGE_LAST;;1;1;XEUR;11820389;688;
14.04.2025;08:37:30.446;FGBL SI 20250606 PS;SIMPLE_INSTRUMENT;EFS;EUR;20;130.79000000;2000;EXCHANGE_LAST;;1;1;XEUR;11820389;688;
14.04.2025;08:41:26.217;FGBL SI 20250606 PS;SIMPLE_INSTRUMENT;EFS;EUR;21;130.79000000;214;EXCHANGE_LAST;;1;1;XEUR;11820389;688;
14.04.2025;08:41:43.424;FGBL SI 20250606 PS;SIMPLE_INSTRUMENT;EFS;EUR;22;130.78000000;428;EXCHANGE_LAST;;1;1;XEUR;11820389;688;
14.04.2025;08:42:19.726;FGBL SI 20250606 PS;SIMPLE_INSTRUMENT;EFS;EUR;23;130.79000000;214;EXCHANGE_LAST;;1;1;XEUR;11820389;688;
14.04.2025;08:42:27.183;FGBL SI 20250606 PS;SIMPLE_INSTRUMENT;EFS;EUR;24;130.79000000;428;EXCHANGE_LAST;;1;1;XEUR;11820389;688;
14.04.2025;08:42:41.280;FGBL SI 20250606 PS;SIMPLE_INSTRUMENT;EFS;EUR;25;130.79000000;428;EXCHANGE_LAST;;1;1;XEUR;11820389;688;
14.04.2025;08:42:55.209;FGBL SI 20250606 PS;SIMPLE_INSTRUMENT;EFS;EUR;26;130.78000000;214;EXCHANGE_LAST;;1;1;XEUR;11820389;688;
14.04.2025;08:50:57.387;FGBL SI 20250606 PS;SIMPLE_INSTRUMENT;EFS;EUR;27;130.69000000;29;EXCHANGE_LAST;;1;1;XEUR;11820389;688;
14.04.2025;08:56:07.191;FGBL SI 20250606 PS;SIMPLE_INSTRUMENT;EFS;EUR;28;130.86000000;428;EXCHANGE_LAST;;1;1;XEUR;11820389;688;
14.04.2025;08:57:13.027;FGBL SI 20250606 PS;SIMPLE_INSTRUMENT;EFP_FIN;EUR;29;130.79000000;1021;EXCHANGE_LAST;;1;1;XEUR;11820389;688;
14.04.2025;09:00:37.764;FGBL SI 20250606 PS;SIMPLE_INSTRUMENT;EFS;EUR;30;130.75000000;428;EXCHANGE_LAST;;1;1;XEUR;11820389;688;
14.04.2025;09:02:51.971;FGBL SI 20250606 PS;SIMPLE_INSTRUMENT;EFS;EUR;31;130.81000000;559;EXCHANGE_LAST;;1;1;XEUR;11820389;688;
14.04.2025;09:05:40.117;FGBL SI 20250606 PS;SIMPLE_INSTRUMENT;EFS;EUR;32;130.84000000;1523;EXCHANGE_LAST;;1;1;XEUR;11820389;688;
14.04.2025;09:24:59.666;FGBL SI 20250606 PS;SIMPLE_INSTRUMENT;EFS;EUR;33;130.73000000;345;EXCHANGE_LAST;;1;1;XEUR;11820389;688;
14.04.2025;09:34:39.870;FGBL SI 20250606 PS;SIMPLE_INSTRUMENT;EFS;EUR;34;130.76000000;245;EXCHANGE_LAST;;1;1;XEUR;11820389;688;
14.04.2025;09:36:31.337;FGBL SI 20250606 PS;SIMPLE_INSTRUMENT;EFP_FIN;EUR;35;130.80000000;170;EXCHANGE_LAST;;1;1;XEUR;11820389;688;
14.04.2025;09:37:41.406;FGBL SI 20250606 PS;SIMPLE_INSTRUMENT;EFS;EUR;36;130.82000000;430;EXCHANGE_LAST;;1;1;XEUR;11820389;688;
14.04.2025;09:40:46.044;FGBL SI 20250606 PS;SIMPLE_INSTRUMENT;EFS;EUR;37;130.83000000;430;EXCHANGE_LAST;;1;1;XEUR;11820389;688;
14.04.2025;09:42:31.871;FGBL SI 20250606 PS;SIMPLE_INSTRUMENT;EFS;EUR;38;130.88000000;428;EXCHANGE_LAST;;1;1;XEUR;11820389;688;
14.04.2025;09:42:42.884;FGBL SI 20250606 PS;SIMPLE_INSTRUMENT;EFS;EUR;39;130.86000000;428;EXCHANGE_LAST;;1;1;XEUR;11820389;688;
14.04.2025;09:42:47.889;FGBL SI 20250606 PS;SIMPLE_INSTRUMENT;EFS;EUR;40;130.87000000;428;EXCHANGE_LAST;;1;1;XEUR;11820389;688;
14.04.2025;09:45:09.547;FGBL SI 20250606 PS;SIMPLE_INSTRUMENT;EFP_FIN;EUR;41;130.82000000;403;EXCHANGE_LAST;;1;1;XEUR;11820389;688;
14.04.2025;09:51:06.505;FGBL SI 20250606 PS;SIMPLE_INSTRUMENT;EFS;EUR;42;130.89000000;856;EXCHANGE_LAST;;1;1;XEUR;11820389;688;
14.04.2025;09:54:31.031;FGBL SI 20250606 PS;SIMPLE_INSTRUMENT;EFS;EUR;43;130.91000000;300;EXCHANGE_LAST;;1;1;XEUR;11820389;688;
14.04.2025;09:55:48.461;FGBL SI 20250606 PS;SIMPLE_INSTRUMENT;EFS;EUR;44;130.89000000;428;EXCHANGE_LAST;;1;1;XEUR;11820389;688;
14.04.2025;10:17:10.472;FGBL SI 20250606 PS;SIMPLE_INSTRUMENT;EFS;EUR;45;130.93000000;428;EXCHANGE_LAST;;1;1;XEUR;11820389;688;
14.04.2025;10:17:35.489;FGBL SI 20250606 PS;SIMPLE_INSTRUMENT;EFS;EUR;46;130.93000000;428;EXCHANGE_LAST;;1;1;XEUR;11820389;688;
14.04.2025;10:22:20.716;FGBL SI 20250606 PS;SIMPLE_INSTRUMENT;EFS;EUR;47;130.89000000;428;EXCHANGE_LAST;;1;1;XEUR;11820389;688;
14.04.2025;10:25:26.680;FGBL SI 20250606 PS;SIMPLE_INSTRUMENT;EFP_FIN;EUR;48;130.93000000;337;EXCHANGE_LAST;;1;1;XEUR;11820389;688;
14.04.2025;10:25:35.296;FGBL SI 20250606 PS;SIMPLE_INSTRUMENT;EFS;EUR;49;130.93000000;489;EXCHANGE_LAST;;1;1;XEUR;11820389;688;
14.04.2025;10:35:25.199;FGBL SI 20250606 PS;SIMPLE_INSTRUMENT;EFS;EUR;50;130.91000000;1468;EXCHANGE_LAST;;1;1;XEUR;11820389;688;
14.04.2025;10:36:37.354;FGBL SI 20250606 PS;SIMPLE_INSTRUMENT;EFP_FIN;EUR;51;130.93000000;63;EXCHANGE_LAST;;1;1;XEUR;11820389;688;
14.04.2025;10:43:42.906;FGBL SI 20250606 PS;SIMPLE_INSTRUMENT;EFS;EUR;52;130.95000000;215;EXCHANGE_LAST;;1;1;XEUR;11820389;688;
14.04.2025;10:44:49.187;FGBL SI 20250606 PS;SIMPLE_INSTRUMENT;EFS;EUR;53;130.95000000;428;EXCHANGE_LAST;;1;1;XEUR;11820389;688;
14.04.2025;10:49:06.235;FGBL SI 20250606 PS;SIMPLE_INSTRUMENT;EFS;EUR;54;130.92000000;215;EXCHANGE_LAST;;1;1;XEUR;11820389;688;
14.04.2025;10:50:14.240;FGBL SI 20250606 PS;SIMPLE_INSTRUMENT;EFS;EUR;55;130.92000000;215;EXCHANGE_LAST;;1;1;XEUR;11820389;688;
14.04.2025;11:09:37.591;FGBL SI 20250606 PS;SIMPLE_INSTRUMENT;EFS;EUR;56;130.94000000;489;EXCHANGE_LAST;;1;1;XEUR;11820389;688;
14.04.2025;11:10:36.984;FGBL SI 20250606 PS;SIMPLE_INSTRUMENT;EFS;EUR;57;130.94000000;1523;EXCHANGE_LAST;;1;1;XEUR;11820389;688;
14.04.2025;11:11:13.987;FGBL SI 20250606 PS;SIMPLE_INSTRUMENT;EFS;EUR;58;130.98000000;734;EXCHANGE_LAST;;1;1;XEUR;11820389;688;
14.04.2025;11:20:36.325;FGBL SI 20250606 PS;SIMPLE_INSTRUMENT;EFS;EUR;59;130.94000000;215;EXCHANGE_LAST;;1;1;XEUR;11820389;688;
14.04.2025;11:21:04.327;FGBL SI 20250606 PS;SIMPLE_INSTRUMENT;EFS;EUR;60;130.94000000;215;EXCHANGE_LAST;;1;1;XEUR;11820389;688;
14.04.2025;11:26:04.838;FGBL SI 20250606 PS;SIMPLE_INSTRUMENT;EFS;EUR;61;130.88000000;129;EXCHANGE_LAST;;1;1;XEUR;11820389;688;
14.04.2025;11:28:52.304;FGBL SI 20250606 PS;SIMPLE_INSTRUMENT;EFS;EUR;62;130.93000000;454;EXCHANGE_LAST;;1;1;XEUR;11820389;688;
14.04.2025;11:35:03.346;FGBL SI 20250606 PS;SIMPLE_INSTRUMENT;EFS;EUR;63;130.93000000;86;EXCHANGE_LAST;;1;1;XEUR;11820389;688;
14.04.2025;11:44:46.577;FGBL SI 20250606 PS;SIMPLE_INSTRUMENT;EFS;EUR;64;130.99000000;428;EXCHANGE_LAST;;1;1;XEUR;11820389;688;
14.04.2025;11:56:29.647;FGBL SI 20250606 PS;SIMPLE_INSTRUMENT;EFS;EUR;65;131.06000000;428;EXCHANGE_LAST;;1;1;XEUR;11820389;688;
14.04.2025;12:01:20.851;FGBL SI 20250606 PS;SIMPLE_INSTRUMENT;EFS;EUR;66;131.05000000;428;EXCHANGE_LAST;;1;1;XEUR;11820389;688;
14.04.2025;12:11:24.072;FGBL SI 20250606 PS;SIMPLE_INSTRUMENT;EFS;EUR;67;131.04000000;641;EXCHANGE_LAST;;1;1;XEUR;11820389;688;
14.04.2025;12:12:46.544;FGBL SI 20250606 PS;SIMPLE_INSTRUMENT;EFS;EUR;68;131.05000000;537;EXCHANGE_LAST;;1;1;XEUR;11820389;688;
14.04.2025;12:13:28.437;FGBL SI 20250606 PS;SIMPLE_INSTRUMENT;EFS;EUR;69;131.05000000;214;EXCHANGE_LAST;;1;1;XEUR;11820389;688;
14.04.2025;12:14:16.723;FGBL SI 20250606 PS;SIMPLE_INSTRUMENT;EFS;EUR;70;130.97000000;294;EXCHANGE_LAST;;1;1;XEUR;11820389;688;
14.04.2025;12:18:56.632;FGBL SI 20250606 PS;SIMPLE_INSTRUMENT;EFS;EUR;71;131.04000000;244;EXCHANGE_LAST;;1;1;XEUR;11820389;688;
14.04.2025;12:22:36.770;FGBL SI 20250606 PS;SIMPLE_INSTRUMENT;EFS;EUR;72;131.03000000;428;EXCHANGE_LAST;;1;1;XEUR;11820389;688;
14.04.2025;12:22:51.784;FGBL SI 20250606 PS;SIMPLE_INSTRUMENT;EFS;EUR;73;131.03000000;428;EXCHANGE_LAST;;1;1;XEUR;11820389;688;
14.04.2025;12:25:01.690;FGBL SI 20250606 PS;SIMPLE_INSTRUMENT;EFS;EUR;74;131.02000000;214;EXCHANGE_LAST;;1;1;XEUR;11820389;688;
14.04.2025;12:26:46.903;FGBL SI 20250606 PS;SIMPLE_INSTRUMENT;EFS;EUR;75;131.04000000;185;EXCHANGE_LAST;;1;1;XEUR;11820389;688;
14.04.2025;12:29:54.291;FGBL SI 20250606 PS;SIMPLE_INSTRUMENT;EFS;EUR;76;131.02000000;300;EXCHANGE_LAST;;1;1;XEUR;11820389;688;
14.04.2025;12:31:03.853;FGBL SI 20250606 PS;SIMPLE_INSTRUMENT;EFS;EUR;77;131.03000000;245;EXCHANGE_LAST;;1;1;XEUR;11820389;688;
14.04.2025;12:32:06.532;FGBL SI 20250606 PS;SIMPLE_INSTRUMENT;EFS;EUR;78;130.94000000;979;EXCHANGE_LAST;;1;1;XEUR;11820389;688;
14.04.2025;12:36:29.243;FGBL SI 20250606 PS;SIMPLE_INSTRUMENT;EFS;EUR;79;131.00000000;1523;EXCHANGE_LAST;;1;1;XEUR;11820389;688;
14.04.2025;12:49:54.359;FGBL SI 20250606 PS;SIMPLE_INSTRUMENT;EFP_FIN;EUR;80;131.10000000;374;EXCHANGE_LAST;;1;1;XEUR;11820389;688;
14.04.2025;12:52:22.264;FGBL SI 20250606 PS;SIMPLE_INSTRUMENT;EFS;EUR;81;131.04000000;431;EXCHANGE_LAST;;1;1;XEUR;11820389;688;
14.04.2025;13:03:21.339;FGBL SI 20250606 PS;SIMPLE_INSTRUMENT;EFS;EUR;82;131.09000000;191;EXCHANGE_LAST;;1;1;XEUR;11820389;688;
14.04.2025;13:01:24.151;FGBL SI 20250606 PS;SIMPLE_INSTRUMENT;EFS;EUR;83;131.09000000;195;EXCHANGE_LAST;;1;1;XEUR;11820389;688;
14.04.2025;13:02:51.516;FGBL SI 20250606 PS;SIMPLE_INSTRUMENT;EFS;EUR;84;131.08000000;100;EXCHANGE_LAST;;1;1;XEUR;11820389;688;
14.04.2025;13:03:26.552;FGBL SI 20250606 PS;SIMPLE_INSTRUMENT;EFS;EUR;85;131.06000000;428;EXCHANGE_LAST;;1;1;XEUR;11820389;688;
14.04.2025;13:06:31.695;FGBL SI 20250606 PS;SIMPLE_INSTRUMENT;EFS;EUR;86;131.06000000;428;EXCHANGE_LAST;;1;1;XEUR;11820389;688;
14.04.2025;13:08:43.645;FGBL SI 20250606 PS;SIMPLE_INSTRUMENT;EFS;EUR;87;131.07000000;214;EXCHANGE_LAST;;1;1;XEUR;11820389;688;
14.04.2025;13:10:33.023;FGBL SI 20250606 PS;SIMPLE_INSTRUMENT;BLOCK;EUR;88;131.06000000;2000;EXCHANGE_LAST;;1;1;XEUR;11820389;688;
14.04.2025;13:14:16.844;FGBL SI 20250606 PS;SIMPLE_INSTRUMENT;EFS;EUR;89;131.00000000;216;EXCHANGE_LAST;;1;1;XEUR;11820389;688;
14.04.2025;13:16:39.658;FGBL SI 20250606 PS;SIMPLE_INSTRUMENT;EFS;EUR;90;131.02000000;1468;EXCHANGE_LAST;;1;1;XEUR;11820389;688;
14.04.2025;13:18:42.046;FGBL SI 20250606 PS;SIMPLE_INSTRUMENT;EFP_FIN;EUR;91;131.00000000;374;EXCHANGE_LAST;;1;1;XEUR;11820389;688;
14.04.2025;13:21:15.375;FGBL SI 20250606 PS;SIMPLE_INSTRUMENT;EFS;EUR;92;131.09000000;245;EXCHANGE_LAST;;1;1;XEUR;11820389;688;
14.04.2025;13:30:08.627;FGBL SI 20250606 PS;SIMPLE_INSTRUMENT;EFS;EUR;93;131.03000000;428;EXCHANGE_LAST;;1;1;XEUR;11820389;688;
14.04.2025;13:36:02.344;FGBL SI 20250606 PS;SIMPLE_INSTRUMENT;EFS;EUR;94;131.05000000;147;EXCHANGE_LAST;;1;1;XEUR;11820389;688;
14.04.2025;13:38:28.618;FGBL SI 20250606 PS;SIMPLE_INSTRUMENT;EFS;EUR;95;131.07000000;1922;EXCHANGE_LAST;;1;1;XEUR;11820389;688;
14.04.2025;13:38:50.104;FGBL SI 20250606 PS;SIMPLE_INSTRUMENT;EFS;EUR;96;131.09000000;428;EXCHANGE_LAST;;1;1;XEUR;11820389;688;
14.04.2025;13:46:13.409;FGBL SI 20250606 PS;SIMPLE_INSTRUMENT;EFS;EUR;97;131.08000000;342;EXCHANGE_LAST;;1;1;XEUR;11820389;688;
14.04.2025;13:47:25.463;FGBL SI 20250606 PS;SIMPLE_INSTRUMENT;EFS;EUR;98;131.10000000;214;EXCHANGE_LAST;;1;1;XEUR;11820389;688;
14.04.2025;13:50:20.348;FGBL SI 20250606 PS;SIMPLE_INSTRUMENT;EFS;EUR;99;131.11000000;855;EXCHANGE_LAST;;1;1;XEUR;11820389;688;
14.04.2025;13:50:56.059;FGBL SI 20250606 PS;SIMPLE_INSTRUMENT;EFS;EUR;100;131.11000000;855;EXCHANGE_LAST;;1;1;XEUR;11820389;688;
14.04.2025;13:51:38.304;FGBL SI 20250606 PS;SIMPLE_INSTRUMENT;BLOCK;EUR;101;131.06000000;2444;EXCHANGE_LAST;;1;1;XEUR;11820389;688;
14.04.2025;13:52:20.689;FGBL SI 20250606 PS;SIMPLE_INSTRUMENT;EFS;EUR;102;131.14000000;428;EXCHANGE_LAST;;1;1;XEUR;11820389;688;
14.04.2025;13:52:25.696;FGBL SI 20250606 PS;SIMPLE_INSTRUMENT;EFS;EUR;103;131.14000000;428;EXCHANGE_LAST;;1;1;XEUR;11820389;688;
14.04.2025;13:52:30.702;FGBL SI 20250606 PS;SIMPLE_INSTRUMENT;EFS;EUR;104;131.10000000;214;EXCHANGE_LAST;;1;1;XEUR;11820389;688;
14.04.2025;13:52:41.716;FGBL SI 20250606 PS;SIMPLE_INSTRUMENT;EFS;EUR;105;131.16000000;428;EXCHANGE_LAST;;1;1;XEUR;11820389;688;
14.04.2025;13:53:00.787;FGBL SI 20250606 PS;SIMPLE_INSTRUMENT;EFS;EUR;106;131.04000000;432;EXCHANGE_LAST;;1;1;XEUR;11820389;688;
14.04.2025;13:57:10.538;FGBL SI 20250606 PS;SIMPLE_INSTRUMENT;EFS;EUR;107;131.10000000;299;EXCHANGE_LAST;;1;1;XEUR;11820389;688;
14.04.2025;13:57:49.830;FGBL SI 20250606 PS;SIMPLE_INSTRUMENT;EFS;EUR;108;131.15000000;428;EXCHANGE_LAST;;1;1;XEUR;11820389;688;
14.04.2025;14:00:17.068;FGBL SI 20250606 PS;SIMPLE_INSTRUMENT;EFS;EUR;109;131.18000000;214;EXCHANGE_LAST;;1;1;XEUR;11820389;688;
14.04.2025;14:00:57.114;FGBL SI 20250606 PS;SIMPLE_INSTRUMENT;EFS;EUR;110;131.18000000;214;EXCHANGE_LAST;;1;1;XEUR;11820389;688;
14.04.2025;14:01:17.412;FGBL SI 20250606 PS;SIMPLE_INSTRUMENT;EFS;EUR;111;131.16000000;492;EXCHANGE_LAST;;1;1;XEUR;11820389;688;
14.04.2025;14:01:44.980;FGBL SI 20250606 PS;SIMPLE_INSTRUMENT;EFP_FIN;EUR;112;131.16000000;74;EXCHANGE_LAST;;1;1;XEUR;11820389;688;
14.04.2025;14:12:45.111;FGBL SI 20250606 PS;SIMPLE_INSTRUMENT;EFP_FIN;EUR;113;131.16000000;209;EXCHANGE_LAST;;1;1;XEUR;11820389;688;
14.04.2025;14:14:04.025;FGBL SI 20250606 PS;SIMPLE_INSTRUMENT;BLOCK;EUR;114;131.11000000;2443;EXCHANGE_LAST;;1;1;XEUR;11820389;688;
14.04.2025;14:14:27.961;FGBL SI 20250606 PS;SIMPLE_INSTRUMENT;EFP_FIN;EUR;115;131.08000000;748;EXCHANGE_LAST;;1;1;XEUR;11820389;688;
14.04.2025;14:14:45.832;FGBL SI 20250606 PS;SIMPLE_INSTRUMENT;EFS;EUR;116;131.17000000;391;EXCHANGE_LAST;;1;1;XEUR;11820389;688;
14.04.2025;14:15:03.205;FGBL SI 20250606 PS;SIMPLE_INSTRUMENT;EFS;EUR;117;131.16000000;244;EXCHANGE_LAST;;1;1;XEUR;11820389;688;
14.04.2025;14:20:17.029;FGBL SI 20250606 PS;SIMPLE_INSTRUMENT;EFP_FIN;EUR;118;131.16000000;201;EXCHANGE_LAST;;1;1;XEUR;11820389;688;
14.04.2025;14:22:11.300;FGBL SI 20250606 PS;SIMPLE_INSTRUMENT;EFS;EUR;119;131.17000000;100;EXCHANGE_LAST;;1;1;XEUR;11820389;688;
14.04.2025;14:22:36.778;FGBL SI 20250606 PS;SIMPLE_INSTRUMENT;EFS;EUR;120;131.16000000;100;EXCHANGE_LAST;;1;1;XEUR;11820389;688;
14.04.2025;14:24:12.766;FGBL SI 20250606 PS;SIMPLE_INSTRUMENT;EFS;EUR;121;131.07000000;214;EXCHANGE_LAST;;1;1;XEUR;11820389;688;
14.04.2025;14:24:30.219;FGBL SI 20250606 PS;SIMPLE_INSTRUMENT;EFP_FIN;EUR;122;131.07000000;77;EXCHANGE_LAST;;1;1;XEUR;11820389;688;
14.04.2025;14:26:58.252;FGBL SI 20250606 PS;SIMPLE_INSTRUMENT;EFS;EUR;123;131.08000000;428;EXCHANGE_LAST;;1;1;XEUR;11820389;688;
14.04.2025;14:28:17.325;FGBL SI 20250606 PS;SIMPLE_INSTRUMENT;BLOCK;EUR;124;131.19000000;2442;EXCHANGE_LAST;;1;1;XEUR;11820389;688;
14.04.2025;14:29:09.342;FGBL SI 20250606 PS;SIMPLE_INSTRUMENT;EFS;EUR;125;131.06000000;214;EXCHANGE_LAST;;1;1;XEUR;11820389;688;
14.04.2025;14:29:51.566;FGBL SI 20250606 PS;SIMPLE_INSTRUMENT;EFS;EUR;126;131.07000000;428;EXCHANGE_LAST;;1;1;XEUR;11820389;688;
14.04.2025;14:42:58.640;FGBL SI 20250606 PS;SIMPLE_INSTRUMENT;EFS;EUR;127;131.09000000;856;EXCHANGE_LAST;;1;1;XEUR;11820389;688;
14.04.2025;14:43:27.543;FGBL SI 20250606 PS;SIMPLE_INSTRUMENT;EFP_FIN;EUR;128;131.10000000;1497;EXCHANGE_LAST;;1;1;XEUR;11820389;688;
14.04.2025;14:44:06.441;FGBL SI 20250606 PS;SIMPLE_INSTRUMENT;EFS;EUR;129;131.08000000;428;EXCHANGE_LAST;;1;1;XEUR;11820389;688;
14.04.2025;14:45:27.583;FGBL SI 20250606 PS;SIMPLE_INSTRUMENT;EFS;EUR;130;131.06000000;657;EXCHANGE_LAST;;1;1;XEUR;11820389;688;
14.04.2025;14:45:38.304;FGBL SI 20250606 PS;SIMPLE_INSTRUMENT;EFS;EUR;131;131.08000000;300;EXCHANGE_LAST;;1;1;XEUR;11820389;688;
14.04.2025;14:50:35.642;FGBL SI 20250606 PS;SIMPLE_INSTRUMENT;EFS;EUR;132;131.07000000;244;EXCHANGE_LAST;;1;1;XEUR;11820389;688;
14.04.2025;14:52:16.933;FGBL SI 20250606 PS;SIMPLE_INSTRUMENT;EFS;EUR;133;131.06000000;342;EXCHANGE_LAST;;1;1;XEUR;11820389;688;
14.04.2025;14:54:05.339;FGBL SI 20250606 PS;SIMPLE_INSTRUMENT;EFS;EUR;134;131.00000000;428;EXCHANGE_LAST;;1;1;XEUR;11820389;688;
14.04.2025;14:54:35.368;FGBL SI 20250606 PS;SIMPLE_INSTRUMENT;EFS;EUR;135;131.01000000;428;EXCHANGE_LAST;;1;1;XEUR;11820389;688;
14.04.2025;14:55:30.408;FGBL SI 20250606 PS;SIMPLE_INSTRUMENT;EFS;EUR;136;131.00000000;428;EXCHANGE_LAST;;1;1;XEUR;11820389;688;
14.04.2025;14:56:46.467;FGBL SI 20250606 PS;SIMPLE_INSTRUMENT;EFS;EUR;137;131.00000000;428;EXCHANGE_LAST;;1;1;XEUR;11820389;688;
14.04.2025;14:57:00.247;FGBL SI 20250606 PS;SIMPLE_INSTRUMENT;EFS;EUR;138;131.02000000;342;EXCHANGE_LAST;;1;1;XEUR;11820389;688;
14.04.2025;14:59:09.859;FGBL SI 20250606 PS;SIMPLE_INSTRUMENT;EFP_FIN;EUR;139;131.02000000;748;EXCHANGE_LAST;;1;1;XEUR;11820389;688;
14.04.2025;15:02:36.727;FGBL SI 20250606 PS;SIMPLE_INSTRUMENT;EFS;EUR;140;131.00000000;428;EXCHANGE_LAST;;1;1;XEUR;11820389;688;
14.04.2025;15:03:16.270;FGBL SI 20250606 PS;SIMPLE_INSTRUMENT;EFP_FIN;EUR;141;131.01000000;1242;EXCHANGE_LAST;;1;1;XEUR;11820389;688;
14.04.2025;15:06:54.791;FGBL SI 20250606 PS;SIMPLE_INSTRUMENT;EFP_FIN;EUR;142;131.08000000;374;EXCHANGE_LAST;;1;1;XEUR;11820389;688;
14.04.2025;15:05:46.860;FGBL SI 20250606 PS;SIMPLE_INSTRUMENT;EFS;EUR;143;131.05000000;428;EXCHANGE_LAST;;1;1;XEUR;11820389;688;
14.04.2025;15:06:24.691;FGBL SI 20250606 PS;SIMPLE_INSTRUMENT;EFS;EUR;144;131.01000000;345;EXCHANGE_LAST;;1;1;XEUR;11820389;688;
14.04.2025;15:07:53.978;FGBL SI 20250606 PS;SIMPLE_INSTRUMENT;EFS;EUR;145;131.10000000;979;EXCHANGE_LAST;;1;1;XEUR;11820389;688;
14.04.2025;15:09:53.727;FGBL SI 20250606 PS;SIMPLE_INSTRUMENT;BLOCK;EUR;146;131.04000000;2445;EXCHANGE_LAST;;1;1;XEUR;11820389;688;
14.04.2025;15:13:53.228;FGBL SI 20250606 PS;SIMPLE_INSTRUMENT;EFS;EUR;147;131.05000000;214;EXCHANGE_LAST;;1;1;XEUR;11820389;688;
14.04.2025;15:14:20.528;FGBL SI 20250606 PS;SIMPLE_INSTRUMENT;EFS;EUR;148;131.02000000;215;EXCHANGE_LAST;;1;1;XEUR;11820389;688;
14.04.2025;15:16:06.916;FGBL SI 20250606 PS;SIMPLE_INSTRUMENT;EFS;EUR;149;131.06000000;216;EXCHANGE_LAST;;1;1;XEUR;11820389;688;
14.04.2025;15:17:33.389;FGBL SI 20250606 PS;SIMPLE_INSTRUMENT;EFS;EUR;150;131.04000000;428;EXCHANGE_LAST;;1;1;XEUR;11820389;688;
14.04.2025;15:18:13.287;FGBL SI 20250606 PS;SIMPLE_INSTRUMENT;EFS;EUR;151;131.06000000;502;EXCHANGE_LAST;;1;1;XEUR;11820389;688;
14.04.2025;15:23:55.841;FGBL SI 20250606 PS;SIMPLE_INSTRUMENT;EFS;EUR;152;131.02000000;428;EXCHANGE_LAST;;1;1;XEUR;11820389;688;
14.04.2025;15:25:03.278;FGBL SI 20250606 PS;SIMPLE_INSTRUMENT;EFS;EUR;153;131.01000000;214;EXCHANGE_LAST;;1;1;XEUR;11820389;688;
14.04.2025;15:26:25.029;FGBL SI 20250606 PS;SIMPLE_INSTRUMENT;EFS;EUR;154;131.02000000;489;EXCHANGE_LAST;;1;1;XEUR;11820389;688;
14.04.2025;15:26:21.470;FGBL SI 20250606 PS;SIMPLE_INSTRUMENT;EFS;EUR;155;131.02000000;214;EXCHANGE_LAST;;1;1;XEUR;11820389;688;
14.04.2025;15:27:04.889;FGBL SI 20250606 PS;SIMPLE_INSTRUMENT;EFP_FIN;EUR;156;131.05000000;374;EXCHANGE_LAST;;1;1;XEUR;11820389;688;
14.04.2025;15:27:58.072;FGBL SI 20250606 PS;SIMPLE_INSTRUMENT;EFS;EUR;157;131.01000000;214;EXCHANGE_LAST;;1;1;XEUR;11820389;688;
14.04.2025;15:32:24.312;FGBL SI 20250606 PS;SIMPLE_INSTRUMENT;EFS;EUR;158;131.08000000;3200;EXCHANGE_LAST;;1;1;XEUR;11820389;688;
14.04.2025;15:32:42.105;FGBL SI 20250606 PS;SIMPLE_INSTRUMENT;EFS;EUR;159;131.04000000;257;EXCHANGE_LAST;;1;1;XEUR;11820389;688;
14.04.2025;15:33:03.840;FGBL SI 20250606 PS;SIMPLE_INSTRUMENT;EFS;EUR;160;131.01000000;245;EXCHANGE_LAST;;1;1;XEUR;11820389;688;
14.04.2025;15:36:30.234;FGBL SI 20250606 PS;SIMPLE_INSTRUMENT;EFS;EUR;161;131.04000000;862;EXCHANGE_LAST;;1;1;XEUR;11820389;688;
14.04.2025;15:53:29.946;FGBL SI 20250606 PS;SIMPLE_INSTRUMENT;EFS;EUR;162;131.07000000;196;EXCHANGE_LAST;;1;1;XEUR;11820389;688;
14.04.2025;15:53:37.535;FGBL SI 20250606 PS;SIMPLE_INSTRUMENT;EFP_FIN;EUR;163;131.09000000;561;EXCHANGE_LAST;;1;1;XEUR;11820389;688;
14.04.2025;15:54:45.287;FGBL SI 20250606 PS;SIMPLE_INSTRUMENT;EFS;EUR;164;131.16000000;215;EXCHANGE_LAST;;1;1;XEUR;11820389;688;
14.04.2025;16:01:51.339;FGBL SI 20250606 PS;SIMPLE_INSTRUMENT;EFS;EUR;165;131.19000000;43;EXCHANGE_LAST;;1;1;XEUR;11820389;688;
14.04.2025;16:11:47.494;FGBL SI 20250606 PS;SIMPLE_INSTRUMENT;EFS;EUR;166;131.21000000;430;EXCHANGE_LAST;;1;1;XEUR;11820389;688;
14.04.2025;08:14:14.285;FGBL SI 20250606 PS;SIMPLE_INSTRUMENT;VOLA;EUR;268435469;130.65000000;55;EXCHANGE_LAST;;1;1;XEUR;11820389;688;
14.04.2025;08:14:34.288;FGBL SI 20250606 PS;SIMPLE_INSTRUMENT;VOLA;EUR;268435470;130.65000000;50;EXCHANGE_LAST;;1;1;XEUR;11820389;688;
14.04.2025;12:07:13.763;FGBL SI 20250606 PS;SIMPLE_INSTRUMENT;VOLA;EUR;268435513;131.01000000;45;EXCHANGE_LAST;;1;1;XEUR;11820389;688;
14.04.2025;12:07:52.129;FGBL SI 20250606 PS;SIMPLE_INSTRUMENT;VOLA;EUR;268435514;131.01000000;45;EXCHANGE_LAST;;1;1;XEUR;11820389;688;
14.04.2025;12:14:26.783;FGBL SI 20250606 PS;SIMPLE_INSTRUMENT;VOLA;EUR;268435516;131.00000000;60;EXCHANGE_LAST;;1;1;XEUR;11820389;688;
14.04.2025;14:14:34.328;FGBL SI 20250606 PS;SIMPLE_INSTRUMENT;VOLA;EUR;268435535;131.17000000;74;EXCHANGE_LAST;;1;1;XEUR;11820389;688;
14.04.2025;14:29:01.709;FGBL SI 20250606 PS;SIMPLE_INSTRUMENT;VOLA;EUR;268435540;131.17000000;37;EXCHANGE_LAST;;1;1;XEUR;11820389;688;
14.04.2025;15:37:31.770;FGBL SI 20250606 PS;SIMPLE_INSTRUMENT;VOLA;EUR;268435551;131.04000000;16;EXCHANGE_LAST;;1;1;XEUR;11820389;688;
14.04.2025;06:27:34.334;FGBM SI 20250606 PS;SIMPLE_INSTRUMENT;EFS;EUR;1;118.90000000;847;EXCHANGE_LAST;;1;1;XEUR;11820390;689;
14.04.2025;06:44:50.748;FGBM SI 20250606 PS;SIMPLE_INSTRUMENT;EFS;EUR;2;118.96000000;607;EXCHANGE_LAST;;1;1;XEUR;11820390;689;
14.04.2025;06:47:22.437;FGBM SI 20250606 PS;SIMPLE_INSTRUMENT;EFS;EUR;3;118.95000000;423;EXCHANGE_LAST;;1;1;XEUR;11820390;689;
14.04.2025;06:57:32.830;FGBM SI 20250606 PS;SIMPLE_INSTRUMENT;EFS;EUR;4;118.97000000;462;EXCHANGE_LAST;;1;1;XEUR;11820390;689;
14.04.2025;07:09:58.756;FGBM SI 20250606 PS;SIMPLE_INSTRUMENT;EFS;EUR;5;118.94000000;1385;EXCHANGE_LAST;;1;1;XEUR;11820390;689;
14.04.2025;07:11:02.079;FGBM SI 20250606 PS;SIMPLE_INSTRUMENT;EFS;EUR;6;118.98000000;846;EXCHANGE_LAST;;1;1;XEUR;11820390;689;
14.04.2025;07:11:03.345;FGBM SI 20250606 PS;SIMPLE_INSTRUMENT;EFS;EUR;7;118.96000000;4041;EXCHANGE_LAST;;1;1;XEUR;11820390;689;
14.04.2025;07:11:17.092;FGBM SI 20250606 PS;SIMPLE_INSTRUMENT;EFS;EUR;8;118.97000000;846;EXCHANGE_LAST;;1;1;XEUR;11820390;689;
14.04.2025;07:11:52.118;FGBM SI 20250606 PS;SIMPLE_INSTRUMENT;EFS;EUR;9;118.98000000;846;EXCHANGE_LAST;;1;1;XEUR;11820390;689;
14.04.2025;07:13:24.207;FGBM SI 20250606 PS;SIMPLE_INSTRUMENT;EFS;EUR;10;118.95000000;846;EXCHANGE_LAST;;1;1;XEUR;11820390;689;
14.04.2025;07:14:39.866;FGBM SI 20250606 PS;SIMPLE_INSTRUMENT;EFS;EUR;11;118.95000000;423;EXCHANGE_LAST;;1;1;XEUR;11820390;689;
14.04.2025;07:15:40.510;FGBM SI 20250606 PS;SIMPLE_INSTRUMENT;EFS;EUR;12;118.95000000;846;EXCHANGE_LAST;;1;1;XEUR;11820390;689;
14.04.2025;07:16:44.173;FGBM SI 20250606 PS;SIMPLE_INSTRUMENT;EFS;EUR;13;118.95000000;846;EXCHANGE_LAST;;1;1;XEUR;11820390;689;
14.04.2025;07:17:42.158;FGBM SI 20250606 PS;SIMPLE_INSTRUMENT;EFS;EUR;14;118.95000000;423;EXCHANGE_LAST;;1;1;XEUR;11820390;689;
14.04.2025;07:19:03.645;FGBM SI 20250606 PS;SIMPLE_INSTRUMENT;EFS;EUR;15;118.95000000;846;EXCHANGE_LAST;;1;1;XEUR;11820390;689;
14.04.2025;07:22:00.909;FGBM SI 20250606 PS;SIMPLE_INSTRUMENT;EFS;EUR;16;118.98000000;423;EXCHANGE_LAST;;1;1;XEUR;11820390;689;
14.04.2025;07:22:32.929;FGBM SI 20250606 PS;SIMPLE_INSTRUMENT;EFS;EUR;17;119.02000000;1310;EXCHANGE_LAST;;1;1;XEUR;11820390;689;
14.04.2025;07:22:43.560;FGBM SI 20250606 PS;SIMPLE_INSTRUMENT;EFS;EUR;18;119.03000000;846;EXCHANGE_LAST;;1;1;XEUR;11820390;689;
14.04.2025;07:22:57.816;FGBM SI 20250606 PS;SIMPLE_INSTRUMENT;EFS;EUR;19;118.95000000;423;EXCHANGE_LAST;;1;1;XEUR;11820390;689;
14.04.2025;07:27:45.475;FGBM SI 20250606 PS;SIMPLE_INSTRUMENT;EFS;EUR;20;119.00000000;162;EXCHANGE_LAST;;1;1;XEUR;11820390;689;
14.04.2025;07:30:55.182;FGBM SI 20250606 PS;SIMPLE_INSTRUMENT;EFS;EUR;22;118.94000000;815;EXCHANGE_LAST;;1;1;XEUR;11820390;689;
14.04.2025;07:30:01.073;FGBM SI 20250606 PS;SIMPLE_INSTRUMENT;EFS;EUR;23;118.95000000;846;EXCHANGE_LAST;;1;1;XEUR;11820390;689;
14.04.2025;07:30:20.871;FGBM SI 20250606 PS;SIMPLE_INSTRUMENT;EFS;EUR;24;118.96000000;460;EXCHANGE_LAST;;1;1;XEUR;11820390;689;
14.04.2025;07:32:21.124;FGBM SI 20250606 PS;SIMPLE_INSTRUMENT;EFS;EUR;25;119.00000000;846;EXCHANGE_LAST;;1;1;XEUR;11820390;689;
14.04.2025;07:32:36.083;FGBM SI 20250606 PS;SIMPLE_INSTRUMENT;EFS;EUR;26;118.99000000;944;EXCHANGE_LAST;;1;1;XEUR;11820390;689;
14.04.2025;07:33:10.676;FGBM SI 20250606 PS;SIMPLE_INSTRUMENT;EFS;EUR;27;119.00000000;423;EXCHANGE_LAST;;1;1;XEUR;11820390;689;
14.04.2025;07:33:57.830;FGBM SI 20250606 PS;SIMPLE_INSTRUMENT;EFS;EUR;28;119.00000000;846;EXCHANGE_LAST;;1;1;XEUR;11820390;689;
14.04.2025;07:34:59.848;FGBM SI 20250606 PS;SIMPLE_INSTRUMENT;EFS;EUR;29;118.95000000;846;EXCHANGE_LAST;;1;1;XEUR;11820390;689;
14.04.2025;07:36:14.554;FGBM SI 20250606 PS;SIMPLE_INSTRUMENT;EFS;EUR;30;119.00000000;846;EXCHANGE_LAST;;1;1;XEUR;11820390;689;
14.04.2025;07:36:55.166;FGBM SI 20250606 PS;SIMPLE_INSTRUMENT;EFS;EUR;31;119.00000000;846;EXCHANGE_LAST;;1;1;XEUR;11820390;689;
14.04.2025;07:37:21.329;FGBM SI 20250606 PS;SIMPLE_INSTRUMENT;EFS;EUR;32;119.04000000;202;EXCHANGE_LAST;;1;1;XEUR;11820390;689;
14.04.2025;07:37:46.940;FGBM SI 20250606 PS;SIMPLE_INSTRUMENT;EFS;EUR;33;119.00000000;846;EXCHANGE_LAST;;1;1;XEUR;11820390;689;
14.04.2025;07:44:19.419;FGBM SI 20250606 PS;SIMPLE_INSTRUMENT;EFS;EUR;34;119.01000000;857;EXCHANGE_LAST;;1;1;XEUR;11820390;689;
14.04.2025;07:39:36.895;FGBM SI 20250606 PS;SIMPLE_INSTRUMENT;EFS;EUR;35;119.00000000;423;EXCHANGE_LAST;;1;1;XEUR;11820390;689;
14.04.2025;07:40:34.377;FGBM SI 20250606 PS;SIMPLE_INSTRUMENT;EFS;EUR;36;119.00000000;846;EXCHANGE_LAST;;1;1;XEUR;11820390;689;
14.04.2025;07:41:49.921;FGBM SI 20250606 PS;SIMPLE_INSTRUMENT;EFS;EUR;37;118.99000000;846;EXCHANGE_LAST;;1;1;XEUR;11820390;689;
14.04.2025;07:41:16.739;FGBM SI 20250606 PS;SIMPLE_INSTRUMENT;EFS;EUR;38;119.00000000;846;EXCHANGE_LAST;;1;1;XEUR;11820390;689;
14.04.2025;07:42:16.719;FGBM SI 20250606 PS;SIMPLE_INSTRUMENT;EFS;EUR;39;118.99000000;846;EXCHANGE_LAST;;1;1;XEUR;11820390;689;
14.04.2025;07:42:17.242;FGBM SI 20250606 PS;SIMPLE_INSTRUMENT;EFS;EUR;40;119.00000000;846;EXCHANGE_LAST;;1;1;XEUR;11820390;689;
14.04.2025;07:43:17.408;FGBM SI 20250606 PS;SIMPLE_INSTRUMENT;EFP_FIN;EUR;41;119.02000000;294;EXCHANGE_LAST;;1;1;XEUR;11820390;689;
14.04.2025;07:48:27.703;FGBM SI 20250606 PS;SIMPLE_INSTRUMENT;EFS;EUR;42;118.99000000;405;EXCHANGE_LAST;;1;1;XEUR;11820390;689;
14.04.2025;07:54:52.906;FGBM SI 20250606 PS;SIMPLE_INSTRUMENT;EFS;EUR;44;118.94000000;1847;EXCHANGE_LAST;;1;1;XEUR;11820390;689;
14.04.2025;08:05:41.354;FGBM SI 20250606 PS;SIMPLE_INSTRUMENT;EFP_FIN;EUR;45;118.97000000;772;EXCHANGE_LAST;;1;1;XEUR;11820390;689;
14.04.2025;08:07:00.399;FGBM SI 20250606 PS;SIMPLE_INSTRUMENT;EFS;EUR;46;119.00000000;423;EXCHANGE_LAST;;1;1;XEUR;11820390;689;
14.04.2025;08:11:32.801;FGBM SI 20250606 PS;SIMPLE_INSTRUMENT;EFS;EUR;47;119.01000000;406;EXCHANGE_LAST;;1;1;XEUR;11820390;689;
14.04.2025;08:11:40.802;FGBM SI 20250606 PS;SIMPLE_INSTRUMENT;EFS;EUR;48;119.01000000;406;EXCHANGE_LAST;;1;1;XEUR;11820390;689;
14.04.2025;08:14:43.853;FGBM SI 20250606 PS;SIMPLE_INSTRUMENT;EFS;EUR;49;118.96000000;1847;EXCHANGE_LAST;;1;1;XEUR;11820390;689;
14.04.2025;08:29:53.818;FGBM SI 20250606 PS;SIMPLE_INSTRUMENT;EFS;EUR;50;118.97000000;620;EXCHANGE_LAST;;1;1;XEUR;11820390;689;
14.04.2025;08:37:08.881;FGBM SI 20250606 PS;SIMPLE_INSTRUMENT;EFS;EUR;51;119.02000000;845;EXCHANGE_LAST;;1;1;XEUR;11820390;689;
14.04.2025;08:44:20.095;FGBM SI 20250606 PS;SIMPLE_INSTRUMENT;EFS;EUR;52;119.05000000;845;EXCHANGE_LAST;;1;1;XEUR;11820390;689;
14.04.2025;08:44:44.561;FGBM SI 20250606 PS;SIMPLE_INSTRUMENT;EFS;EUR;53;119.02000000;423;EXCHANGE_LAST;;1;1;XEUR;11820390;689;
14.04.2025;09:00:38.730;FGBM SI 20250606 PS;SIMPLE_INSTRUMENT;EFP_FIN;EUR;54;119.04000000;256;EXCHANGE_LAST;;1;1;XEUR;11820390;689;
14.04.2025;08:58:26.255;FGBM SI 20250606 PS;SIMPLE_INSTRUMENT;EFP_FIN;EUR;55;119.07000000;118;EXCHANGE_LAST;;1;1;XEUR;11820390;689;
14.04.2025;09:04:07.457;FGBM SI 20250606 PS;SIMPLE_INSTRUMENT;EFS;EUR;56;119.06000000;82;EXCHANGE_LAST;;1;1;XEUR;11820390;689;
14.04.2025;09:08:08.060;FGBM SI 20250606 PS;SIMPLE_INSTRUMENT;EFS;EUR;57;119.07000000;922;EXCHANGE_LAST;;1;1;XEUR;11820390;689;
14.04.2025;09:10:01.436;FGBM SI 20250606 PS;SIMPLE_INSTRUMENT;EFS;EUR;58;119.05000000;348;EXCHANGE_LAST;;1;1;XEUR;11820390;689;
14.04.2025;09:15:17.759;FGBM SI 20250606 PS;SIMPLE_INSTRUMENT;EFS;EUR;59;119.01000000;634;EXCHANGE_LAST;;1;1;XEUR;11820390;689;
14.04.2025;09:17:26.561;FGBM SI 20250606 PS;SIMPLE_INSTRUMENT;EFS;EUR;60;119.01000000;211;EXCHANGE_LAST;;1;1;XEUR;11820390;689;
14.04.2025;09:18:55.150;FGBM SI 20250606 PS;SIMPLE_INSTRUMENT;EFS;EUR;61;119.01000000;211;EXCHANGE_LAST;;1;1;XEUR;11820390;689;
14.04.2025;09:29:48.177;FGBM SI 20250606 PS;SIMPLE_INSTRUMENT;EFS;EUR;62;119.04000000;845;EXCHANGE_LAST;;1;1;XEUR;11820390;689;
14.04.2025;09:30:15.281;FGBM SI 20250606 PS;SIMPLE_INSTRUMENT;EFS;EUR;63;119.05000000;1692;EXCHANGE_LAST;;1;1;XEUR;11820390;689;
14.04.2025;09:31:39.320;FGBM SI 20250606 PS;SIMPLE_INSTRUMENT;EFS;EUR;64;119.05000000;809;EXCHANGE_LAST;;1;1;XEUR;11820390;689;
14.04.2025;09:42:51.894;FGBM SI 20250606 PS;SIMPLE_INSTRUMENT;EFS;EUR;65;119.07000000;846;EXCHANGE_LAST;;1;1;XEUR;11820390;689;
14.04.2025;09:43:37.208;FGBM SI 20250606 PS;SIMPLE_INSTRUMENT;EFS;EUR;67;119.06000000;845;EXCHANGE_LAST;;1;1;XEUR;11820390;689;
14.04.2025;09:50:08.682;FGBM SI 20250606 PS;SIMPLE_INSTRUMENT;EFS;EUR;68;119.09000000;1589;EXCHANGE_LAST;;1;1;XEUR;11820390;689;
14.04.2025;09:52:07.803;FGBM SI 20250606 PS;SIMPLE_INSTRUMENT;EFS;EUR;69;119.10000000;556;EXCHANGE_LAST;;1;1;XEUR;11820390;689;
14.04.2025;09:58:29.293;FGBM SI 20250606 PS;SIMPLE_INSTRUMENT;EFS;EUR;70;119.06000000;846;EXCHANGE_LAST;;1;1;XEUR;11820390;689;
14.04.2025;09:56:03.477;FGBM SI 20250606 PS;SIMPLE_INSTRUMENT;EFS;EUR;71;119.08000000;846;EXCHANGE_LAST;;1;1;XEUR;11820390;689;
14.04.2025;09:57:31.256;FGBM SI 20250606 PS;SIMPLE_INSTRUMENT;EFP_FIN;EUR;72;119.06000000;84;EXCHANGE_LAST;;1;1;XEUR;11820390;689;
14.04.2025;09:58:18.345;FGBM SI 20250606 PS;SIMPLE_INSTRUMENT;EFS;EUR;73;119.09000000;1383;EXCHANGE_LAST;;1;1;XEUR;11820390;689;
14.04.2025;09:58:37.247;FGBM SI 20250606 PS;SIMPLE_INSTRUMENT;EFP_FIN;EUR;74;119.06000000;66;EXCHANGE_LAST;;1;1;XEUR;11820390;689;
14.04.2025;09:58:42.605;FGBM SI 20250606 PS;SIMPLE_INSTRUMENT;EFP_FIN;EUR;75;119.06000000;366;EXCHANGE_LAST;;1;1;XEUR;11820390;689;
14.04.2025;10:02:23.104;FGBM SI 20250606 PS;SIMPLE_INSTRUMENT;EFS;EUR;76;119.06000000;1845;EXCHANGE_LAST;;1;1;XEUR;11820390;689;
14.04.2025;10:02:59.556;FGBM SI 20250606 PS;SIMPLE_INSTRUMENT;EFP_FIN;EUR;77;119.06000000;252;EXCHANGE_LAST;;1;1;XEUR;11820390;689;
14.04.2025;10:03:25.867;FGBM SI 20250606 PS;SIMPLE_INSTRUMENT;EFP_FIN;EUR;78;119.06000000;146;EXCHANGE_LAST;;1;1;XEUR;11820390;689;
14.04.2025;10:10:08.678;FGBM SI 20250606 PS;SIMPLE_INSTRUMENT;EFP_FIN;EUR;79;119.09000000;1354;EXCHANGE_LAST;;1;1;XEUR;11820390;689;
14.04.2025;10:18:35.525;FGBM SI 20250606 PS;SIMPLE_INSTRUMENT;EFS;EUR;80;119.10000000;423;EXCHANGE_LAST;;1;1;XEUR;11820390;689;
14.04.2025;10:26:39.175;FGBM SI 20250606 PS;SIMPLE_INSTRUMENT;EFS;EUR;81;119.10000000;810;EXCHANGE_LAST;;1;1;XEUR;11820390;689;
14.04.2025;10:26:27.703;FGBM SI 20250606 PS;SIMPLE_INSTRUMENT;EFS;EUR;82;119.11000000;922;EXCHANGE_LAST;;1;1;XEUR;11820390;689;
14.04.2025;10:30:49.868;FGBM SI 20250606 PS;SIMPLE_INSTRUMENT;EFS;EUR;83;119.10000000;922;EXCHANGE_LAST;;1;1;XEUR;11820390;689;
14.04.2025;10:32:39.936;FGBM SI 20250606 PS;SIMPLE_INSTRUMENT;EFS;EUR;84;119.12000000;422;EXCHANGE_LAST;;1;1;XEUR;11820390;689;
14.04.2025;10:34:29.118;FGBM SI 20250606 PS;SIMPLE_INSTRUMENT;EFP_FIN;EUR;85;119.11000000;426;EXCHANGE_LAST;;1;1;XEUR;11820390;689;
14.04.2025;10:38:39.877;FGBM SI 20250606 PS;SIMPLE_INSTRUMENT;EFP_FIN;EUR;86;119.11000000;596;EXCHANGE_LAST;;1;1;XEUR;11820390;689;
14.04.2025;10:42:50.822;FGBM SI 20250606 PS;SIMPLE_INSTRUMENT;EFS;EUR;87;119.12000000;795;EXCHANGE_LAST;;1;1;XEUR;11820390;689;
14.04.2025;10:42:55.999;FGBM SI 20250606 PS;SIMPLE_INSTRUMENT;EFP_FIN;EUR;88;119.04000000;256;EXCHANGE_LAST;;1;1;XEUR;11820390;689;
14.04.2025;10:47:18.230;FGBM SI 20250606 PS;SIMPLE_INSTRUMENT;EFS;EUR;89;119.10000000;405;EXCHANGE_LAST;;1;1;XEUR;11820390;689;
14.04.2025;10:47:33.719;FGBM SI 20250606 PS;SIMPLE_INSTRUMENT;EFS;EUR;90;119.12000000;423;EXCHANGE_LAST;;1;1;XEUR;11820390;689;
14.04.2025;10:49:38.237;FGBM SI 20250606 PS;SIMPLE_INSTRUMENT;EFS;EUR;91;119.10000000;405;EXCHANGE_LAST;;1;1;XEUR;11820390;689;
14.04.2025;10:52:30.779;FGBM SI 20250606 PS;SIMPLE_INSTRUMENT;EFP_FIN;EUR;92;119.15000000;825;EXCHANGE_LAST;;1;1;XEUR;11820390;689;
14.04.2025;11:07:16.270;FGBM SI 20250606 PS;SIMPLE_INSTRUMENT;EFP_FIN;EUR;93;119.12000000;882;EXCHANGE_LAST;;1;1;XEUR;11820390;689;
14.04.2025;11:11:01.252;FGBM SI 20250606 PS;SIMPLE_INSTRUMENT;EFP_FIN;EUR;94;119.13000000;1635;EXCHANGE_LAST;;1;1;XEUR;11820390;689;
14.04.2025;11:12:44.992;FGBM SI 20250606 PS;SIMPLE_INSTRUMENT;EFS;EUR;95;119.11000000;1843;EXCHANGE_LAST;;1;1;XEUR;11820390;689;
14.04.2025;11:14:56.697;FGBM SI 20250606 PS;SIMPLE_INSTRUMENT;EFP_FIN;EUR;96;119.10000000;69;EXCHANGE_LAST;;1;1;XEUR;11820390;689;
14.04.2025;11:19:43.786;FGBM SI 20250606 PS;SIMPLE_INSTRUMENT;EFP_FIN;EUR;97;119.10000000;116;EXCHANGE_LAST;;1;1;XEUR;11820390;689;
14.04.2025;11:17:44.823;FGBM SI 20250606 PS;SIMPLE_INSTRUMENT;EFP_FIN;EUR;98;119.10000000;193;EXCHANGE_LAST;;1;1;XEUR;11820390;689;
14.04.2025;11:17:47.422;FGBM SI 20250606 PS;SIMPLE_INSTRUMENT;EFP_FIN;EUR;99;119.10000000;193;EXCHANGE_LAST;;1;1;XEUR;11820390;689;
14.04.2025;11:18:34.320;FGBM SI 20250606 PS;SIMPLE_INSTRUMENT;EFS;EUR;100;119.12000000;405;EXCHANGE_LAST;;1;1;XEUR;11820390;689;
14.04.2025;11:20:01.141;FGBM SI 20250606 PS;SIMPLE_INSTRUMENT;EFS;EUR;101;119.08000000;846;EXCHANGE_LAST;;1;1;XEUR;11820390;689;
14.04.2025;11:20:55.783;FGBM SI 20250606 PS;SIMPLE_INSTRUMENT;EFS;EUR;102;119.14000000;921;EXCHANGE_LAST;;1;1;XEUR;11820390;689;
14.04.2025;11:22:29.332;FGBM SI 20250606 PS;SIMPLE_INSTRUMENT;EFS;EUR;104;119.12000000;405;EXCHANGE_LAST;;1;1;XEUR;11820390;689;
14.04.2025;11:28:09.760;FGBM SI 20250606 PS;SIMPLE_INSTRUMENT;EFS;EUR;105;119.11000000;845;EXCHANGE_LAST;;1;1;XEUR;11820390;689;
14.04.2025;11:30:45.921;FGBM SI 20250606 PS;SIMPLE_INSTRUMENT;EFS;EUR;106;119.12000000;846;EXCHANGE_LAST;;1;1;XEUR;11820390;689;
14.04.2025;11:30:25.069;FGBM SI 20250606 PS;SIMPLE_INSTRUMENT;EFS;EUR;107;119.11000000;845;EXCHANGE_LAST;;1;1;XEUR;11820390;689;
14.04.2025;11:37:22.376;FGBM SI 20250606 PS;SIMPLE_INSTRUMENT;EFS;EUR;108;119.12000000;3687;EXCHANGE_LAST;;1;1;XEUR;11820390;689;
14.04.2025;11:37:57.864;FGBM SI 20250606 PS;SIMPLE_INSTRUMENT;EFS;EUR;109;119.13000000;500;EXCHANGE_LAST;;1;1;XEUR;11820390;689;
14.04.2025;11:40:27.817;FGBM SI 20250606 PS;SIMPLE_INSTRUMENT;EFP_FIN;EUR;110;119.13000000;285;EXCHANGE_LAST;;1;1;XEUR;11820390;689;
14.04.2025;11:43:26.774;FGBM SI 20250606 PS;SIMPLE_INSTRUMENT;EFS;EUR;111;119.12000000;846;EXCHANGE_LAST;;1;1;XEUR;11820390;689;
14.04.2025;11:44:00.532;FGBM SI 20250606 PS;SIMPLE_INSTRUMENT;EFS;EUR;112;119.14000000;795;EXCHANGE_LAST;;1;1;XEUR;11820390;689;
14.04.2025;11:46:22.673;FGBM SI 20250606 PS;SIMPLE_INSTRUMENT;EFS;EUR;113;119.13000000;423;EXCHANGE_LAST;;1;1;XEUR;11820390;689;
14.04.2025;11:54:54.723;FGBM SI 20250606 PS;SIMPLE_INSTRUMENT;EFP_FIN;EUR;114;119.15000000;135;EXCHANGE_LAST;;1;1;XEUR;11820390;689;
14.04.2025;12:08:03.434;FGBM SI 20250606 PS;SIMPLE_INSTRUMENT;EFP_FIN;EUR;115;119.12000000;852;EXCHANGE_LAST;;1;1;XEUR;11820390;689;
14.04.2025;11:56:06.428;FGBM SI 20250606 PS;SIMPLE_INSTRUMENT;EFS;EUR;116;119.14000000;392;EXCHANGE_LAST;;1;1;XEUR;11820390;689;
14.04.2025;11:57:06.116;FGBM SI 20250606 PS;SIMPLE_INSTRUMENT;EFS;EUR;117;119.14000000;921;EXCHANGE_LAST;;1;1;XEUR;11820390;689;
14.04.2025;11:57:58.621;FGBM SI 20250606 PS;SIMPLE_INSTRUMENT;EFS;EUR;118;119.14000000;162;EXCHANGE_LAST;;1;1;XEUR;11820390;689;
14.04.2025;11:59:04.429;FGBM SI 20250606 PS;SIMPLE_INSTRUMENT;EFS;EUR;119;119.15000000;845;EXCHANGE_LAST;;1;1;XEUR;11820390;689;
14.04.2025;12:03:55.847;FGBM SI 20250606 PS;SIMPLE_INSTRUMENT;EFS;EUR;120;119.17000000;423;EXCHANGE_LAST;;1;1;XEUR;11820390;689;
14.04.2025;12:09:24.994;FGBM SI 20250606 PS;SIMPLE_INSTRUMENT;EFS;EUR;121;119.17000000;810;EXCHANGE_LAST;;1;1;XEUR;11820390;689;
14.04.2025;12:11:49.356;FGBM SI 20250606 PS;SIMPLE_INSTRUMENT;EFS;EUR;122;119.16000000;810;EXCHANGE_LAST;;1;1;XEUR;11820390;689;
14.04.2025;12:12:08.478;FGBM SI 20250606 PS;SIMPLE_INSTRUMENT;EFS;EUR;123;119.15000000;1000;EXCHANGE_LAST;;1;1;XEUR;11820390;689;
14.04.2025;12:14:06.859;FGBM SI 20250606 PS;SIMPLE_INSTRUMENT;EFP_FIN;EUR;124;119.15000000;825;EXCHANGE_LAST;;1;1;XEUR;11820390;689;
14.04.2025;12:22:08.073;FGBM SI 20250606 PS;SIMPLE_INSTRUMENT;EFP_FIN;EUR;125;119.13000000;854;EXCHANGE_LAST;;1;1;XEUR;11820390;689;
14.04.2025;12:23:40.547;FGBM SI 20250606 PS;SIMPLE_INSTRUMENT;EFS;EUR;126;119.13000000;343;EXCHANGE_LAST;;1;1;XEUR;11820390;689;
14.04.2025;12:25:50.786;FGBM SI 20250606 PS;SIMPLE_INSTRUMENT;EFS;EUR;127;119.13000000;405;EXCHANGE_LAST;;1;1;XEUR;11820390;689;
14.04.2025;12:43:42.565;FGBM SI 20250606 PS;SIMPLE_INSTRUMENT;EFS;EUR;128;119.14000000;922;EXCHANGE_LAST;;1;1;XEUR;11820390;689;
14.04.2025;12:46:18.004;FGBM SI 20250606 PS;SIMPLE_INSTRUMENT;EFP_FIN;EUR;129;119.17000000;427;EXCHANGE_LAST;;1;1;XEUR;11820390;689;
14.04.2025;12:54:46.501;FGBM SI 20250606 PS;SIMPLE_INSTRUMENT;EFP_FIN;EUR;130;119.08000000;852;EXCHANGE_LAST;;1;1;XEUR;11820390;689;
14.04.2025;13:01:50.984;FGBM SI 20250606 PS;SIMPLE_INSTRUMENT;EFP_FIN;EUR;131;119.15000000;2555;EXCHANGE_LAST;;1;1;XEUR;11820390;689;
14.04.2025;13:14:08.181;FGBM SI 20250606 PS;SIMPLE_INSTRUMENT;EFP_FIN;EUR;132;119.12000000;407;EXCHANGE_LAST;;1;1;XEUR;11820390;689;
14.04.2025;13:14:52.065;FGBM SI 20250606 PS;SIMPLE_INSTRUMENT;EFS;EUR;133;119.11000000;292;EXCHANGE_LAST;;1;1;XEUR;11820390;689;
14.04.2025;13:16:06.306;FGBM SI 20250606 PS;SIMPLE_INSTRUMENT;EFP_FIN;EUR;134;119.12000000;204;EXCHANGE_LAST;;1;1;XEUR;11820390;689;
14.04.2025;13:22:46.772;FGBM SI 20250606 PS;SIMPLE_INSTRUMENT;EFS;EUR;135;119.12000000;1843;EXCHANGE_LAST;;1;1;XEUR;11820390;689;
14.04.2025;13:23:32.812;FGBM SI 20250606 PS;SIMPLE_INSTRUMENT;EFS;EUR;136;119.11000000;570;EXCHANGE_LAST;;1;1;XEUR;11820390;689;
14.04.2025;13:25:45.514;FGBM SI 20250606 PS;SIMPLE_INSTRUMENT;EFP_FIN;EUR;137;119.10000000;294;EXCHANGE_LAST;;1;1;XEUR;11820390;689;
14.04.2025;13:28:34.612;FGBM SI 20250606 PS;SIMPLE_INSTRUMENT;EFS;EUR;138;119.11000000;795;EXCHANGE_LAST;;1;1;XEUR;11820390;689;
14.04.2025;13:29:24.696;FGBM SI 20250606 PS;SIMPLE_INSTRUMENT;EFS;EUR;139;119.11000000;922;EXCHANGE_LAST;;1;1;XEUR;11820390;689;
14.04.2025;13:42:47.080;FGBM SI 20250606 PS;SIMPLE_INSTRUMENT;EFS;EUR;140;119.11000000;408;EXCHANGE_LAST;;1;1;XEUR;11820390;689;
14.04.2025;13:45:45.384;FGBM SI 20250606 PS;SIMPLE_INSTRUMENT;EFS;EUR;141;119.16000000;846;EXCHANGE_LAST;;1;1;XEUR;11820390;689;
14.04.2025;13:46:10.400;FGBM SI 20250606 PS;SIMPLE_INSTRUMENT;EFS;EUR;142;119.17000000;846;EXCHANGE_LAST;;1;1;XEUR;11820390;689;
14.04.2025;13:46:20.409;FGBM SI 20250606 PS;SIMPLE_INSTRUMENT;EFS;EUR;143;119.16000000;1692;EXCHANGE_LAST;;1;1;XEUR;11820390;689;
14.04.2025;13:47:39.597;FGBM SI 20250606 PS;SIMPLE_INSTRUMENT;EFS;EUR;144;119.15000000;921;EXCHANGE_LAST;;1;1;XEUR;11820390;689;
14.04.2025;14:01:17.862;FGBM SI 20250606 PS;SIMPLE_INSTRUMENT;EFP_FIN;EUR;145;119.10000000;77;EXCHANGE_LAST;;1;1;XEUR;11820390;689;
14.04.2025;13:51:12.907;FGBM SI 20250606 PS;SIMPLE_INSTRUMENT;EFP_FIN;EUR;146;119.12000000;294;EXCHANGE_LAST;;1;1;XEUR;11820390;689;
14.04.2025;13:52:40.715;FGBM SI 20250606 PS;SIMPLE_INSTRUMENT;EFS;EUR;147;119.15000000;423;EXCHANGE_LAST;;1;1;XEUR;11820390;689;
14.04.2025;13:53:39.414;FGBM SI 20250606 PS;SIMPLE_INSTRUMENT;EFS;EUR;149;119.12000000;814;EXCHANGE_LAST;;1;1;XEUR;11820390;689;
14.04.2025;13:53:44.117;FGBM SI 20250606 PS;SIMPLE_INSTRUMENT;EFS;EUR;150;119.12000000;814;EXCHANGE_LAST;;1;1;XEUR;11820390;689;
14.04.2025;13:53:45.027;FGBM SI 20250606 PS;SIMPLE_INSTRUMENT;EFS;EUR;151;119.15000000;2303;EXCHANGE_LAST;;1;1;XEUR;11820390;689;
14.04.2025;13:54:09.474;FGBM SI 20250606 PS;SIMPLE_INSTRUMENT;EFS;EUR;152;119.15000000;922;EXCHANGE_LAST;;1;1;XEUR;11820390;689;
14.04.2025;13:56:16.216;FGBM SI 20250606 PS;SIMPLE_INSTRUMENT;EFS;EUR;153;119.21000000;844;EXCHANGE_LAST;;1;1;XEUR;11820390;689;
14.04.2025;14:01:13.557;FGBM SI 20250606 PS;SIMPLE_INSTRUMENT;EFS;EUR;154;119.20000000;423;EXCHANGE_LAST;;1;1;XEUR;11820390;689;
14.04.2025;13:58:34.038;FGBM SI 20250606 PS;SIMPLE_INSTRUMENT;EFS;EUR;155;119.16000000;792;EXCHANGE_LAST;;1;1;XEUR;11820390;689;
14.04.2025;13:59:34.854;FGBM SI 20250606 PS;SIMPLE_INSTRUMENT;EFS;EUR;156;119.21000000;844;EXCHANGE_LAST;;1;1;XEUR;11820390;689;
14.04.2025;14:00:47.101;FGBM SI 20250606 PS;SIMPLE_INSTRUMENT;EFS;EUR;157;119.22000000;423;EXCHANGE_LAST;;1;1;XEUR;11820390;689;
14.04.2025;14:02:20.386;FGBM SI 20250606 PS;SIMPLE_INSTRUMENT;EFP_FIN;EUR;158;119.20000000;852;EXCHANGE_LAST;;1;1;XEUR;11820390;689;
14.04.2025;14:02:29.085;FGBM SI 20250606 PS;SIMPLE_INSTRUMENT;EFS;EUR;159;119.21000000;1689;EXCHANGE_LAST;;1;1;XEUR;11820390;689;
14.04.2025;14:03:56.926;FGBM SI 20250606 PS;SIMPLE_INSTRUMENT;EFS;EUR;160;119.21000000;844;EXCHANGE_LAST;;1;1;XEUR;11820390;689;
14.04.2025;14:06:05.435;FGBM SI 20250606 PS;SIMPLE_INSTRUMENT;EFS;EUR;161;119.21000000;844;EXCHANGE_LAST;;1;1;XEUR;11820390;689;
14.04.2025;14:07:29.203;FGBM SI 20250606 PS;SIMPLE_INSTRUMENT;EFS;EUR;162;119.21000000;844;EXCHANGE_LAST;;1;1;XEUR;11820390;689;
14.04.2025;14:08:24.988;FGBM SI 20250606 PS;SIMPLE_INSTRUMENT;EFS;EUR;163;119.21000000;844;EXCHANGE_LAST;;1;1;XEUR;11820390;689;
14.04.2025;14:09:55.546;FGBM SI 20250606 PS;SIMPLE_INSTRUMENT;EFS;EUR;164;119.18000000;4065;EXCHANGE_LAST;;1;1;XEUR;11820390;689;
14.04.2025;14:10:01.297;FGBM SI 20250606 PS;SIMPLE_INSTRUMENT;EFS;EUR;165;119.21000000;3066;EXCHANGE_LAST;;1;1;XEUR;11820390;689;
14.04.2025;14:12:01.409;FGBM SI 20250606 PS;SIMPLE_INSTRUMENT;EFS;EUR;166;119.21000000;1267;EXCHANGE_LAST;;1;1;XEUR;11820390;689;
14.04.2025;14:12:58.408;FGBM SI 20250606 PS;SIMPLE_INSTRUMENT;EFS;EUR;167;119.21000000;844;EXCHANGE_LAST;;1;1;XEUR;11820390;689;
14.04.2025;14:14:47.683;FGBM SI 20250606 PS;SIMPLE_INSTRUMENT;EFS;EUR;168;119.15000000;423;EXCHANGE_LAST;;1;1;XEUR;11820390;689;
14.04.2025;14:16:11.599;FGBM SI 20250606 PS;SIMPLE_INSTRUMENT;EFS;EUR;169;119.20000000;1626;EXCHANGE_LAST;;1;1;XEUR;11820390;689;
14.04.2025;14:16:20.191;FGBM SI 20250606 PS;SIMPLE_INSTRUMENT;EFS;EUR;170;119.21000000;422;EXCHANGE_LAST;;1;1;XEUR;11820390;689;
14.04.2025;14:23:04.431;FGBM SI 20250606 PS;SIMPLE_INSTRUMENT;EFP_FIN;EUR;172;119.15000000;154;EXCHANGE_LAST;;1;1;XEUR;11820390;689;
14.04.2025;14:18:29.307;FGBM SI 20250606 PS;SIMPLE_INSTRUMENT;EFS;EUR;173;119.12000000;812;EXCHANGE_LAST;;1;1;XEUR;11820390;689;
14.04.2025;14:18:46.309;FGBM SI 20250606 PS;SIMPLE_INSTRUMENT;EFS;EUR;174;119.12000000;812;EXCHANGE_LAST;;1;1;XEUR;11820390;689;
14.04.2025;14:20:35.223;FGBM SI 20250606 PS;SIMPLE_INSTRUMENT;EFP_FIN;EUR;175;119.23000000;257;EXCHANGE_LAST;;1;1;XEUR;11820390;689;
14.04.2025;14:25:11.082;FGBM SI 20250606 PS;SIMPLE_INSTRUMENT;EFP_FIN;EUR;176;119.15000000;77;EXCHANGE_LAST;;1;1;XEUR;11820390;689;
14.04.2025;14:25:30.687;FGBM SI 20250606 PS;SIMPLE_INSTRUMENT;EFS;EUR;177;119.14000000;1843;EXCHANGE_LAST;;1;1;XEUR;11820390;689;
14.04.2025;14:29:09.297;FGBM SI 20250606 PS;SIMPLE_INSTRUMENT;EFS;EUR;178;119.14000000;398;EXCHANGE_LAST;;1;1;XEUR;11820390;689;
14.04.2025;14:41:29.459;FGBM SI 20250606 PS;SIMPLE_INSTRUMENT;EFP_FIN;EUR;179;119.18000000;1704;EXCHANGE_LAST;;1;1;XEUR;11820390;689;
14.04.2025;14:42:17.333;FGBM SI 20250606 PS;SIMPLE_INSTRUMENT;EFS;EUR;180;119.12000000;406;EXCHANGE_LAST;;1;1;XEUR;11820390;689;
14.04.2025;14:45:32.913;FGBM SI 20250606 PS;SIMPLE_INSTRUMENT;EFS;EUR;181;119.14000000;388;EXCHANGE_LAST;;1;1;XEUR;11820390;689;
14.04.2025;14:47:11.683;FGBM SI 20250606 PS;SIMPLE_INSTRUMENT;EFS;EUR;182;119.12000000;100;EXCHANGE_LAST;;1;1;XEUR;11820390;689;
14.04.2025;14:54:59.046;FGBM SI 20250606 PS;SIMPLE_INSTRUMENT;EFP_FIN;EUR;183;119.12000000;852;EXCHANGE_LAST;;1;1;XEUR;11820390;689;
14.04.2025;14:57:25.225;FGBM SI 20250606 PS;SIMPLE_INSTRUMENT;EFP_FIN;EUR;184;119.12000000;285;EXCHANGE_LAST;;1;1;XEUR;11820390;689;
14.04.2025;15:00:13.087;FGBM SI 20250606 PS;SIMPLE_INSTRUMENT;EFP_FIN;EUR;185;119.09000000;852;EXCHANGE_LAST;;1;1;XEUR;11820390;689;
14.04.2025;15:01:41.683;FGBM SI 20250606 PS;SIMPLE_INSTRUMENT;EFS;EUR;186;119.10000000;847;EXCHANGE_LAST;;1;1;XEUR;11820390;689;
14.04.2025;15:03:48.551;FGBM SI 20250606 PS;SIMPLE_INSTRUMENT;EFS;EUR;187;119.12000000;244;EXCHANGE_LAST;;1;1;XEUR;11820390;689;
14.04.2025;15:04:11.275;FGBM SI 20250606 PS;SIMPLE_INSTRUMENT;EFS;EUR;188;119.09000000;845;EXCHANGE_LAST;;1;1;XEUR;11820390;689;
14.04.2025;15:10:48.917;FGBM SI 20250606 PS;SIMPLE_INSTRUMENT;EFS;EUR;189;119.10000000;737;EXCHANGE_LAST;;1;1;XEUR;11820390;689;
14.04.2025;15:34:07.882;FGBM SI 20250606 PS;SIMPLE_INSTRUMENT;EFP_FIN;EUR;190;119.12000000;1107;EXCHANGE_LAST;;1;1;XEUR;11820390;689;
14.04.2025;15:41:18.009;FGBM SI 20250606 PS;SIMPLE_INSTRUMENT;EFS;EUR;191;119.13000000;169;EXCHANGE_LAST;;1;1;XEUR;11820390;689;
14.04.2025;15:42:58.800;FGBM SI 20250606 PS;SIMPLE_INSTRUMENT;EFS;EUR;192;119.12000000;752;EXCHANGE_LAST;;1;1;XEUR;11820390;689;
14.04.2025;15:45:20.239;FGBM SI 20250606 PS;SIMPLE_INSTRUMENT;EFS;EUR;193;119.13000000;1843;EXCHANGE_LAST;;1;1;XEUR;11820390;689;
14.04.2025;15:47:14.204;FGBM SI 20250606 PS;SIMPLE_INSTRUMENT;EFP_FIN;EUR;194;119.13000000;244;EXCHANGE_LAST;;1;1;XEUR;11820390;689;
14.04.2025;15:47:29.246;FGBM SI 20250606 PS;SIMPLE_INSTRUMENT;EFP_FIN;EUR;195;119.13000000;274;EXCHANGE_LAST;;1;1;XEUR;11820390;689;
14.04.2025;15:49:19.015;FGBM SI 20250606 PS;SIMPLE_INSTRUMENT;EFS;EUR;196;119.14000000;162;EXCHANGE_LAST;;1;1;XEUR;11820390;689;
14.04.2025;15:49:37.051;FGBM SI 20250606 PS;SIMPLE_INSTRUMENT;EFP_FIN;EUR;197;119.15000000;143;EXCHANGE_LAST;;1;1;XEUR;11820390;689;
14.04.2025;15:57:34.253;FGBM SI 20250606 PS;SIMPLE_INSTRUMENT;EFS;EUR;198;119.16000000;1845;EXCHANGE_LAST;;1;1;XEUR;11820390;689;
14.04.2025;06:46:58.162;FGBS SI 20250606 PS;SIMPLE_INSTRUMENT;EFS;EUR;1;107.44500000;13598;EXCHANGE_LAST;;1;1;XEUR;11820391;690;
14.04.2025;07:15:34.858;FGBS SI 20250606 PS;SIMPLE_INSTRUMENT;BLOCK;EUR;3;107.44000000;11910;EXCHANGE_LAST;;1;1;XEUR;11820391;690;
14.04.2025;07:20:59.873;FGBS SI 20250606 PS;SIMPLE_INSTRUMENT;EFS;EUR;4;107.41500000;2405;EXCHANGE_LAST;;1;1;XEUR;11820391;690;
14.04.2025;07:34:20.141;FGBS SI 20250606 PS;SIMPLE_INSTRUMENT;EFS;EUR;5;107.42000000;1203;EXCHANGE_LAST;;1;1;XEUR;11820391;690;
14.04.2025;07:38:01.204;FGBS SI 20250606 PS;SIMPLE_INSTRUMENT;EFS;EUR;6;107.41000000;1202;EXCHANGE_LAST;;1;1;XEUR;11820391;690;
14.04.2025;07:42:41.862;FGBS SI 20250606 PS;SIMPLE_INSTRUMENT;EFP_FIN;EUR;7;107.47000000;1021;EXCHANGE_LAST;;1;1;XEUR;11820391;690;
14.04.2025;08:04:43.064;FGBS SI 20250606 PS;SIMPLE_INSTRUMENT;EFS;EUR;8;107.45000000;2719;EXCHANGE_LAST;;1;1;XEUR;11820391;690;
14.04.2025;08:06:46.100;FGBS SI 20250606 PS;SIMPLE_INSTRUMENT;EFS;EUR;9;107.45500000;238;EXCHANGE_LAST;;1;1;XEUR;11820391;690;
14.04.2025;08:12:53.806;FGBS SI 20250606 PS;SIMPLE_INSTRUMENT;EFS;EUR;10;107.46000000;1196;EXCHANGE_LAST;;1;1;XEUR;11820391;690;
14.04.2025;08:13:10.807;FGBS SI 20250606 PS;SIMPLE_INSTRUMENT;EFS;EUR;11;107.46000000;1196;EXCHANGE_LAST;;1;1;XEUR;11820391;690;
14.04.2025;08:14:26.199;FGBS SI 20250606 PS;SIMPLE_INSTRUMENT;EFS;EUR;12;107.45000000;1195;EXCHANGE_LAST;;1;1;XEUR;11820391;690;
14.04.2025;08:14:29.044;FGBS SI 20250606 PS;SIMPLE_INSTRUMENT;EFP_FIN;EUR;13;107.45000000;407;EXCHANGE_LAST;;1;1;XEUR;11820391;690;
14.04.2025;08:15:01.237;FGBS SI 20250606 PS;SIMPLE_INSTRUMENT;EFP_FIN;EUR;14;107.44500000;202;EXCHANGE_LAST;;1;1;XEUR;11820391;690;
14.04.2025;08:16:20.123;FGBS SI 20250606 PS;SIMPLE_INSTRUMENT;EFP_FIN;EUR;15;107.45000000;1789;EXCHANGE_LAST;;1;1;XEUR;11820391;690;
14.04.2025;08:23:09.859;FGBS SI 20250606 PS;SIMPLE_INSTRUMENT;EFP_FIN;EUR;16;107.44500000;1789;EXCHANGE_LAST;;1;1;XEUR;11820391;690;
14.04.2025;08:31:05.809;FGBS SI 20250606 PS;SIMPLE_INSTRUMENT;EFS;EUR;17;107.45500000;715;EXCHANGE_LAST;;1;1;XEUR;11820391;690;
14.04.2025;08:36:14.839;FGBS SI 20250606 PS;SIMPLE_INSTRUMENT;EFP_FIN;EUR;18;107.44500000;248;EXCHANGE_LAST;;1;1;XEUR;11820391;690;
14.04.2025;08:35:42.866;FGBS SI 20250606 PS;SIMPLE_INSTRUMENT;EFS;EUR;19;107.45000000;1192;EXCHANGE_LAST;;1;1;XEUR;11820391;690;
14.04.2025;08:35:29.547;FGBS SI 20250606 PS;SIMPLE_INSTRUMENT;EFP_FIN;EUR;20;107.44500000;496;EXCHANGE_LAST;;1;1;XEUR;11820391;690;
14.04.2025;08:41:19.058;FGBS SI 20250606 PS;SIMPLE_INSTRUMENT;EFP_FIN;EUR;21;107.45500000;1256;EXCHANGE_LAST;;1;1;XEUR;11820391;690;
14.04.2025;08:49:10.379;FGBS SI 20250606 PS;SIMPLE_INSTRUMENT;EFP_FIN;EUR;22;107.44500000;134;EXCHANGE_LAST;;1;1;XEUR;11820391;690;
14.04.2025;08:49:25.120;FGBS SI 20250606 PS;SIMPLE_INSTRUMENT;EFP_FIN;EUR;23;107.44500000;2067;EXCHANGE_LAST;;1;1;XEUR;11820391;690;
14.04.2025;08:50:36.249;FGBS SI 20250606 PS;SIMPLE_INSTRUMENT;EFP_FIN;EUR;25;107.48000000;909;EXCHANGE_LAST;;1;1;XEUR;11820391;690;
14.04.2025;09:02:39.768;FGBS SI 20250606 PS;SIMPLE_INSTRUMENT;EFP_FIN;EUR;26;107.53000000;115;EXCHANGE_LAST;;1;1;XEUR;11820391;690;
14.04.2025;09:13:48.647;FGBS SI 20250606 PS;SIMPLE_INSTRUMENT;EFS;EUR;27;107.46500000;954;EXCHANGE_LAST;;1;1;XEUR;11820391;690;
14.04.2025;09:17:16.347;FGBS SI 20250606 PS;SIMPLE_INSTRUMENT;EFP_FIN;EUR;28;107.48000000;538;EXCHANGE_LAST;;1;1;XEUR;11820391;690;
14.04.2025;09:27:40.506;FGBS SI 20250606 PS;SIMPLE_INSTRUMENT;EFP_FIN;EUR;29;107.46000000;1193;EXCHANGE_LAST;;1;1;XEUR;11820391;690;
14.04.2025;09:27:41.545;FGBS SI 20250606 PS;SIMPLE_INSTRUMENT;BLOCK;EUR;30;107.48000000;6674;EXCHANGE_LAST;;1;1;XEUR;11820391;690;
14.04.2025;09:31:39.340;FGBS SI 20250606 PS;SIMPLE_INSTRUMENT;EFS;EUR;31;107.47000000;2385;EXCHANGE_LAST;;1;1;XEUR;11820391;690;
14.04.2025;09:37:26.669;FGBS SI 20250606 PS;SIMPLE_INSTRUMENT;EFP_FIN;EUR;32;107.47000000;286;EXCHANGE_LAST;;1;1;XEUR;11820391;690;
14.04.2025;09:38:05.001;FGBS SI 20250606 PS;SIMPLE_INSTRUMENT;EFP_FIN;EUR;33;107.44000000;2067;EXCHANGE_LAST;;1;1;XEUR;11820391;690;
14.04.2025;09:57:03.834;FGBS SI 20250606 PS;SIMPLE_INSTRUMENT;EFS;EUR;34;107.48500000;4077;EXCHANGE_LAST;;1;1;XEUR;11820391;690;
14.04.2025;10:02:44.623;FGBS SI 20250606 PS;SIMPLE_INSTRUMENT;EFP_FIN;EUR;35;107.47500000;134;EXCHANGE_LAST;;1;1;XEUR;11820391;690;
14.04.2025;10:03:01.624;FGBS SI 20250606 PS;SIMPLE_INSTRUMENT;EFP_FIN;EUR;36;107.47500000;596;EXCHANGE_LAST;;1;1;XEUR;11820391;690;
14.04.2025;10:02:11.542;FGBS SI 20250606 PS;SIMPLE_INSTRUMENT;EFP_FIN;EUR;37;107.47500000;1192;EXCHANGE_LAST;;1;1;XEUR;11820391;690;
14.04.2025;10:03:22.197;FGBS SI 20250606 PS;SIMPLE_INSTRUMENT;EFP_FIN;EUR;38;107.47500000;1477;EXCHANGE_LAST;;1;1;XEUR;11820391;690;
14.04.2025;10:14:30.588;FGBS SI 20250606 PS;SIMPLE_INSTRUMENT;EFP_FIN;EUR;39;107.47500000;1759;EXCHANGE_LAST;;1;1;XEUR;11820391;690;
14.04.2025;10:17:44.616;FGBS SI 20250606 PS;SIMPLE_INSTRUMENT;EFP_FIN;EUR;40;107.49000000;4691;EXCHANGE_LAST;;1;1;XEUR;11820391;690;
14.04.2025;10:24:34.480;FGBS SI 20250606 PS;SIMPLE_INSTRUMENT;EFP_FIN;EUR;41;107.49000000;469;EXCHANGE_LAST;;1;1;XEUR;11820391;690;
14.04.2025;10:27:45.214;FGBS SI 20250606 PS;SIMPLE_INSTRUMENT;EFP_FIN;EUR;42;107.47000000;469;EXCHANGE_LAST;;1;1;XEUR;11820391;690;
14.04.2025;10:29:25.911;FGBS SI 20250606 PS;SIMPLE_INSTRUMENT;EFS;EUR;43;107.49500000;717;EXCHANGE_LAST;;1;1;XEUR;11820391;690;
14.04.2025;10:30:11.998;FGBS SI 20250606 PS;SIMPLE_INSTRUMENT;EFS;EUR;44;107.49500000;717;EXCHANGE_LAST;;1;1;XEUR;11820391;690;
14.04.2025;10:32:06.004;FGBS SI 20250606 PS;SIMPLE_INSTRUMENT;EFP_FIN;EUR;45;107.49000000;938;EXCHANGE_LAST;;1;1;XEUR;11820391;690;
14.04.2025;10:32:27.299;FGBS SI 20250606 PS;SIMPLE_INSTRUMENT;EFP_FIN;EUR;46;107.49000000;1422;EXCHANGE_LAST;;1;1;XEUR;11820391;690;
14.04.2025;10:33:53.194;FGBS SI 20250606 PS;SIMPLE_INSTRUMENT;EFS;EUR;47;107.49000000;8157;EXCHANGE_LAST;;1;1;XEUR;11820391;690;
14.04.2025;10:35:38.084;FGBS SI 20250606 PS;SIMPLE_INSTRUMENT;EFP_FIN;EUR;48;107.49000000;729;EXCHANGE_LAST;;1;1;XEUR;11820391;690;
14.04.2025;10:36:46.650;FGBS SI 20250606 PS;SIMPLE_INSTRUMENT;EFP_FIN;EUR;49;107.49000000;1407;EXCHANGE_LAST;;1;1;XEUR;11820391;690;
14.04.2025;11:08:03.925;FGBS SI 20250606 PS;SIMPLE_INSTRUMENT;EFP_FIN;EUR;50;107.48000000;238;EXCHANGE_LAST;;1;1;XEUR;11820391;690;
14.04.2025;11:11:30.176;FGBS SI 20250606 PS;SIMPLE_INSTRUMENT;EFP_FIN;EUR;51;107.47000000;1407;EXCHANGE_LAST;;1;1;XEUR;11820391;690;
14.04.2025;11:20:07.257;FGBS SI 20250606 PS;SIMPLE_INSTRUMENT;EFS;EUR;52;107.49500000;2717;EXCHANGE_LAST;;1;1;XEUR;11820391;690;
14.04.2025;11:21:46.035;FGBS SI 20250606 PS;SIMPLE_INSTRUMENT;EFP_FIN;EUR;54;107.48500000;596;EXCHANGE_LAST;;1;1;XEUR;11820391;690;
14.04.2025;11:30:02.044;FGBS SI 20250606 PS;SIMPLE_INSTRUMENT;EFS;EUR;55;107.47000000;2718;EXCHANGE_LAST;;1;1;XEUR;11820391;690;
14.04.2025;11:31:27.049;FGBS SI 20250606 PS;SIMPLE_INSTRUMENT;EFS;EUR;56;107.48000000;2388;EXCHANGE_LAST;;1;1;XEUR;11820391;690;
14.04.2025;11:32:01.360;FGBS SI 20250606 PS;SIMPLE_INSTRUMENT;EFS;EUR;57;107.48000000;10878;EXCHANGE_LAST;;1;1;XEUR;11820391;690;
14.04.2025;11:32:01.193;FGBS SI 20250606 PS;SIMPLE_INSTRUMENT;EFP_FIN;EUR;58;107.48000000;452;EXCHANGE_LAST;;1;1;XEUR;11820391;690;
14.04.2025;11:58:38.436;FGBS SI 20250606 PS;SIMPLE_INSTRUMENT;EFS;EUR;59;107.48000000;1158;EXCHANGE_LAST;;1;1;XEUR;11820391;690;
14.04.2025;11:59:23.439;FGBS SI 20250606 PS;SIMPLE_INSTRUMENT;EFS;EUR;60;107.49000000;1360;EXCHANGE_LAST;;1;1;XEUR;11820391;690;
14.04.2025;12:08:41.467;FGBS SI 20250606 PS;SIMPLE_INSTRUMENT;EFS;EUR;61;107.49500000;2388;EXCHANGE_LAST;;1;1;XEUR;11820391;690;
14.04.2025;12:12:53.965;FGBS SI 20250606 PS;SIMPLE_INSTRUMENT;EFS;EUR;62;107.49500000;2390;EXCHANGE_LAST;;1;1;XEUR;11820391;690;
14.04.2025;12:17:14.183;FGBS SI 20250606 PS;SIMPLE_INSTRUMENT;EFS;EUR;63;107.48000000;1000;EXCHANGE_LAST;;1;1;XEUR;11820391;690;
14.04.2025;12:20:44.033;FGBS SI 20250606 PS;SIMPLE_INSTRUMENT;EFS;EUR;64;107.48000000;957;EXCHANGE_LAST;;1;1;XEUR;11820391;690;
14.04.2025;12:28:45.069;FGBS SI 20250606 PS;SIMPLE_INSTRUMENT;EFS;EUR;65;107.48000000;1244;EXCHANGE_LAST;;1;1;XEUR;11820391;690;
14.04.2025;12:28:39.068;FGBS SI 20250606 PS;SIMPLE_INSTRUMENT;EFS;EUR;66;107.48000000;1245;EXCHANGE_LAST;;1;1;XEUR;11820391;690;
14.04.2025;12:30:15.526;FGBS SI 20250606 PS;SIMPLE_INSTRUMENT;EFS;EUR;67;107.49000000;5438;EXCHANGE_LAST;;1;1;XEUR;11820391;690;
14.04.2025;12:39:56.687;FGBS SI 20250606 PS;SIMPLE_INSTRUMENT;EFP_FIN;EUR;68;107.49000000;709;EXCHANGE_LAST;;1;1;XEUR;11820391;690;
14.04.2025;12:43:29.564;FGBS SI 20250606 PS;SIMPLE_INSTRUMENT;EFS;EUR;69;107.49000000;2720;EXCHANGE_LAST;;1;1;XEUR;11820391;690;
14.04.2025;12:53:20.526;FGBS SI 20250606 PS;SIMPLE_INSTRUMENT;EFS;EUR;70;107.49000000;718;EXCHANGE_LAST;;1;1;XEUR;11820391;690;
14.04.2025;13:02:06.814;FGBS SI 20250606 PS;SIMPLE_INSTRUMENT;EFP_FIN;EUR;71;107.49000000;938;EXCHANGE_LAST;;1;1;XEUR;11820391;690;
14.04.2025;13:10:30.281;FGBS SI 20250606 PS;SIMPLE_INSTRUMENT;EFS;EUR;72;107.46000000;952;EXCHANGE_LAST;;1;1;XEUR;11820391;690;
14.04.2025;13:15:29.654;FGBS SI 20250606 PS;SIMPLE_INSTRUMENT;EFS;EUR;73;107.46000000;8157;EXCHANGE_LAST;;1;1;XEUR;11820391;690;
14.04.2025;13:21:28.724;FGBS SI 20250606 PS;SIMPLE_INSTRUMENT;EFP_FIN;EUR;74;107.46000000;1693;EXCHANGE_LAST;;1;1;XEUR;11820391;690;
14.04.2025;13:23:32.832;FGBS SI 20250606 PS;SIMPLE_INSTRUMENT;EFS;EUR;75;107.45000000;1682;EXCHANGE_LAST;;1;1;XEUR;11820391;690;
14.04.2025;13:25:44.746;FGBS SI 20250606 PS;SIMPLE_INSTRUMENT;EFP_FIN;EUR;76;107.45500000;119;EXCHANGE_LAST;;1;1;XEUR;11820391;690;
14.04.2025;13:27:35.689;FGBS SI 20250606 PS;SIMPLE_INSTRUMENT;EFS;EUR;77;107.46000000;2721;EXCHANGE_LAST;;1;1;XEUR;11820391;690;
14.04.2025;13:32:09.430;FGBS SI 20250606 PS;SIMPLE_INSTRUMENT;EFS;EUR;78;107.45500000;2638;EXCHANGE_LAST;;1;1;XEUR;11820391;690;
14.04.2025;13:36:19.580;FGBS SI 20250606 PS;SIMPLE_INSTRUMENT;EFP_FIN;EUR;80;107.44000000;407;EXCHANGE_LAST;;1;1;XEUR;11820391;690;
14.04.2025;13:36:43.760;FGBS SI 20250606 PS;SIMPLE_INSTRUMENT;EFS;EUR;81;107.45000000;2403;EXCHANGE_LAST;;1;1;XEUR;11820391;690;
14.04.2025;13:42:47.060;FGBS SI 20250606 PS;SIMPLE_INSTRUMENT;EFS;EUR;82;107.45000000;1203;EXCHANGE_LAST;;1;1;XEUR;11820391;690;
14.04.2025;13:45:16.906;FGBS SI 20250606 PS;SIMPLE_INSTRUMENT;EFP_FIN;EUR;83;107.45000000;815;EXCHANGE_LAST;;1;1;XEUR;11820391;690;
14.04.2025;13:45:56.979;FGBS SI 20250606 PS;SIMPLE_INSTRUMENT;EFS;EUR;84;107.47000000;2718;EXCHANGE_LAST;;1;1;XEUR;11820391;690;
14.04.2025;13:47:51.700;FGBS SI 20250606 PS;SIMPLE_INSTRUMENT;EFP_FIN;EUR;85;107.44500000;81;EXCHANGE_LAST;;1;1;XEUR;11820391;690;
14.04.2025;13:52:51.049;FGBS SI 20250606 PS;SIMPLE_INSTRUMENT;EFS;EUR;86;107.45000000;2406;EXCHANGE_LAST;;1;1;XEUR;11820391;690;
14.04.2025;13:53:00.161;FGBS SI 20250606 PS;SIMPLE_INSTRUMENT;EFS;EUR;87;107.45000000;2406;EXCHANGE_LAST;;1;1;XEUR;11820391;690;
14.04.2025;14:05:05.829;FGBS SI 20250606 PS;SIMPLE_INSTRUMENT;EFS;EUR;88;107.48000000;1199;EXCHANGE_LAST;;1;1;XEUR;11820391;690;
14.04.2025;14:11:42.289;FGBS SI 20250606 PS;SIMPLE_INSTRUMENT;EFS;EUR;89;107.45000000;2398;EXCHANGE_LAST;;1;1;XEUR;11820391;690;
14.04.2025;14:13:47.641;FGBS SI 20250606 PS;SIMPLE_INSTRUMENT;EFS;EUR;90;107.47000000;2387;EXCHANGE_LAST;;1;1;XEUR;11820391;690;
14.04.2025;14:13:49.295;FGBS SI 20250606 PS;SIMPLE_INSTRUMENT;EFS;EUR;91;107.45000000;2398;EXCHANGE_LAST;;1;1;XEUR;11820391;690;
14.04.2025;14:14:48.434;FGBS SI 20250606 PS;SIMPLE_INSTRUMENT;EFS;EUR;92;107.46000000;1359;EXCHANGE_LAST;;1;1;XEUR;11820391;690;
14.04.2025;14:15:10.657;FGBS SI 20250606 PS;SIMPLE_INSTRUMENT;EFS;EUR;93;107.48000000;4798;EXCHANGE_LAST;;1;1;XEUR;11820391;690;
14.04.2025;14:24:38.238;FGBS SI 20250606 PS;SIMPLE_INSTRUMENT;EFS;EUR;94;107.45000000;5439;EXCHANGE_LAST;;1;1;XEUR;11820391;690;
14.04.2025;14:34:43.202;FGBS SI 20250606 PS;SIMPLE_INSTRUMENT;EFS;EUR;95;107.47000000;949;EXCHANGE_LAST;;1;1;XEUR;11820391;690;
14.04.2025;14:44:39.910;FGBS SI 20250606 PS;SIMPLE_INSTRUMENT;EFS;EUR;96;107.46000000;1144;EXCHANGE_LAST;;1;1;XEUR;11820391;690;
14.04.2025;14:50:07.926;FGBS SI 20250606 PS;SIMPLE_INSTRUMENT;EFS;EUR;97;107.45000000;1905;EXCHANGE_LAST;;1;1;XEUR;11820391;690;
14.04.2025;14:55:16.217;FGBS SI 20250606 PS;SIMPLE_INSTRUMENT;EFS;EUR;98;107.44500000;13598;EXCHANGE_LAST;;1;1;XEUR;11820391;690;
14.04.2025;14:55:41.972;FGBS SI 20250606 PS;SIMPLE_INSTRUMENT;EFP_FIN;EUR;99;107.44000000;938;EXCHANGE_LAST;;1;1;XEUR;11820391;690;
14.04.2025;14:56:25.245;FGBS SI 20250606 PS;SIMPLE_INSTRUMENT;EFS;EUR;100;107.45000000;1261;EXCHANGE_LAST;;1;1;XEUR;11820391;690;
14.04.2025;14:58:47.688;FGBS SI 20250606 PS;SIMPLE_INSTRUMENT;EFS;EUR;101;107.44500000;983;EXCHANGE_LAST;;1;1;XEUR;11820391;690;
14.04.2025;15:02:10.593;FGBS SI 20250606 PS;SIMPLE_INSTRUMENT;EFS;EUR;102;107.43500000;1437;EXCHANGE_LAST;;1;1;XEUR;11820391;690;
14.04.2025;15:02:46.485;FGBS SI 20250606 PS;SIMPLE_INSTRUMENT;EFS;EUR;103;107.44500000;718;EXCHANGE_LAST;;1;1;XEUR;11820391;690;
14.04.2025;15:03:46.610;FGBS SI 20250606 PS;SIMPLE_INSTRUMENT;EFP_FIN;EUR;104;107.43500000;1558;EXCHANGE_LAST;;1;1;XEUR;11820391;690;
14.04.2025;15:06:22.973;FGBS SI 20250606 PS;SIMPLE_INSTRUMENT;EFS;EUR;105;107.46000000;5438;EXCHANGE_LAST;;1;1;XEUR;11820391;690;
14.04.2025;15:06:20.427;FGBS SI 20250606 PS;SIMPLE_INSTRUMENT;EFP_FIN;EUR;106;107.43000000;1558;EXCHANGE_LAST;;1;1;XEUR;11820391;690;
14.04.2025;15:09:24.325;FGBS SI 20250606 PS;SIMPLE_INSTRUMENT;EFP_FIN;EUR;107;107.44000000;437;EXCHANGE_LAST;;1;1;XEUR;11820391;690;
14.04.2025;15:14:10.011;FGBS SI 20250606 PS;SIMPLE_INSTRUMENT;EFP_FIN;EUR;108;107.45000000;760;EXCHANGE_LAST;;1;1;XEUR;11820391;690;
14.04.2025;15:14:32.790;FGBS SI 20250606 PS;SIMPLE_INSTRUMENT;EFP_FIN;EUR;109;107.46000000;1611;EXCHANGE_LAST;;1;1;XEUR;11820391;690;
14.04.2025;15:23:08.335;FGBS SI 20250606 PS;SIMPLE_INSTRUMENT;EFS;EUR;110;107.43500000;1194;EXCHANGE_LAST;;1;1;XEUR;11820391;690;
14.04.2025;15:25:25.987;FGBS SI 20250606 PS;SIMPLE_INSTRUMENT;EFP_FIN;EUR;111;107.44500000;597;EXCHANGE_LAST;;1;1;XEUR;11820391;690;
14.04.2025;15:27:15.033;FGBS SI 20250606 PS;SIMPLE_INSTRUMENT;EFS;EUR;112;107.45000000;2719;EXCHANGE_LAST;;1;1;XEUR;11820391;690;
14.04.2025;15:31:27.151;FGBS SI 20250606 PS;SIMPLE_INSTRUMENT;EFS;EUR;113;107.45500000;7000;EXCHANGE_LAST;;1;1;XEUR;11820391;690;
14.04.2025;15:34:21.834;FGBS SI 20250606 PS;SIMPLE_INSTRUMENT;EFS;EUR;114;107.45500000;1200;EXCHANGE_LAST;;1;1;XEUR;11820391;690;
14.04.2025;15:40:11.922;FGBS SI 20250606 PS;SIMPLE_INSTRUMENT;EFP_FIN;EUR;115;107.45000000;1287;EXCHANGE_LAST;;1;1;XEUR;11820391;690;
14.04.2025;15:45:04.865;FGBS SI 20250606 PS;SIMPLE_INSTRUMENT;EFS;EUR;116;107.45000000;2719;EXCHANGE_LAST;;1;1;XEUR;11820391;690;
14.04.2025;15:45:20.239;FGBS SI 20250606 PS;SIMPLE_INSTRUMENT;EFS;EUR;117;107.45000000;5439;EXCHANGE_LAST;;1;1;XEUR;11820391;690;
14.04.2025;15:59:39.929;FGBS SI 20250606 PS;SIMPLE_INSTRUMENT;EFS;EUR;118;107.47000000;1194;EXCHANGE_LAST;;1;1;XEUR;11820391;690;
14.04.2025;07:39:46.120;FGBS SI 20250606 PS;SIMPLE_INSTRUMENT;VOLA;EUR;268435465;107.46500000;200;EXCHANGE_LAST;;1;1;XEUR;11820391;690;
14.04.2025;07:25:15.592;FGBX SI 20250606 PS;SIMPLE_INSTRUMENT;EFS;EUR;1;124.14000000;100;EXCHANGE_LAST;;1;1;XEUR;11820392;691;
14.04.2025;07:45:10.811;FGBX SI 20250606 PS;SIMPLE_INSTRUMENT;EFP_FIN;EUR;2;124.26000000;200;EXCHANGE_LAST;;1;1;XEUR;11820392;691;
14.04.2025;09:15:55.256;FGBX SI 20250606 PS;SIMPLE_INSTRUMENT;EFP_FIN;EUR;3;124.02000000;95;EXCHANGE_LAST;;1;1;XEUR;11820392;691;
14.04.2025;09:26:27.680;FGBX SI 20250606 PS;SIMPLE_INSTRUMENT;EFS;EUR;4;123.82000000;141;EXCHANGE_LAST;;1;1;XEUR;11820392;691;
14.04.2025;09:28:21.517;FGBX SI 20250606 PS;SIMPLE_INSTRUMENT;EFP_FIN;EUR;5;124.12000000;66;EXCHANGE_LAST;;1;1;XEUR;11820392;691;
14.04.2025;09:35:48.029;FGBX SI 20250606 PS;SIMPLE_INSTRUMENT;EFS;EUR;6;123.82000000;100;EXCHANGE_LAST;;1;1;XEUR;11820392;691;
14.04.2025;09:40:15.321;FGBX SI 20250606 PS;SIMPLE_INSTRUMENT;EFS;EUR;7;124.00000000;292;EXCHANGE_LAST;;1;1;XEUR;11820392;691;
14.04.2025;10:36:10.884;FGBX SI 20250606 PS;SIMPLE_INSTRUMENT;EFS;EUR;10;124.18000000;88;EXCHANGE_LAST;;1;1;XEUR;11820392;691;
14.04.2025;10:43:04.749;FGBX SI 20250606 PS;SIMPLE_INSTRUMENT;EFP_FIN;EUR;11;124.24000000;398;EXCHANGE_LAST;;1;1;XEUR;11820392;691;
14.04.2025;10:45:00.911;FGBX SI 20250606 PS;SIMPLE_INSTRUMENT;EFS;EUR;12;124.20000000;88;EXCHANGE_LAST;;1;1;XEUR;11820392;691;
14.04.2025;10:55:53.450;FGBX SI 20250606 PS;SIMPLE_INSTRUMENT;EFS;EUR;14;124.20000000;160;EXCHANGE_LAST;;1;1;XEUR;11820392;691;
14.04.2025;11:16:50.558;FGBX SI 20250606 PS;SIMPLE_INSTRUMENT;EFP_FIN;EUR;15;124.16000000;50;EXCHANGE_LAST;;1;1;XEUR;11820392;691;
