#Date;TrdTime;Contract;ContractType;TrdTyp;Currency;TesId;Prc;Qty;TrdInd;Aggressor;Buy;Sell;Exch;InstrumentId;RelatedProdId;PrcDecomp
17.04.2025;15:13:05.132;A2SG SI 20250620 CS;SIMPLE_INSTRUMENT;BLOCK;EUR;87;1.43000000;1125;EXCHANGE_LAST;;2;2;XEUR;10827627;14;
17.04.2025;09:20:16.880;A2XA SI 20271217 CS;SIMPLE_INSTRUMENT;BLOCK;EUR;24;2.08000000;250;EXCHANGE_LAST;;1;1;XEUR;5914267;17;
17.04.2025;12:23:43.264;A2XA SI 20251219 CS;SIMPLE_INSTRUMENT;BLOCK;EUR;66;2.19000000;250;EXCHANGE_LAST;;1;1;XEUR;3681055;17;
17.04.2025;14:32:48.682;A2XA SI 20261218 CS;SIMPLE_INSTRUMENT;BLOCK;EUR;82;2.23000000;100;EXCHANGE_LAST;;1;1;XEUR;4632093;17;
17.04.2025;15:17:57.908;A2XA SI 20261218 CS;SIMPLE_INSTRUMENT;BLOCK;EUR;88;2.23000000;250;EXCHANGE_LAST;;1;1;XEUR;4632093;17;
17.04.2025;07:41:43.876;ABBG SI 20250417 CS;SIMPLE_INSTRUMENT;BLOCK;CHF;6;43.25000000;6500;EXCHANGE_LAST;;1;2;XEUR;10886807;574520;
17.04.2025;10:18:49.645;ADEF SI 20250620 CS;SIMPLE_INSTRUMENT;BLOCK;CHF;43;21.20000000;5000;EXCHANGE_LAST;;1;1;XEUR;11167369;47;
17.04.2025;14:43:48.156;ADS SI 20250516 PS AM C 220.00 0;SIMPLE_INSTRUMENT;BLOCK;EUR;16;2.05000000;250;EXCHANGE_LAST;;1;1;XEUR;12812016;50;
17.04.2025;08:20:30.627;ALC FI 20250514 CS EU C 79.9000 0;FLEXIBLE_INSTRUMENT;BLOCK;CHF;5;0.86000000;1000;EXCHANGE_LAST;;1;1;XEUR;1153480425880956662;130134;
17.04.2025;14:13:01.063;ALCF SI 20250516 CS;SIMPLE_INSTRUMENT;BLOCK;CHF;78;74.88000000;1500;EXCHANGE_LAST;;1;1;XEUR;11060798;130133;
17.04.2025;07:55:20.274;ALV SI 20250620 PS AM C 350.00 0;SIMPLE_INSTRUMENT;BLOCK;EUR;2;7.85000000;300;EXCHANGE_LAST;;1;1;XEUR;12365304;74;
17.04.2025;08:54:14.841;ALV SI 20251219 PS AM P 240.00 0;SIMPLE_INSTRUMENT;BLOCK;EUR;4;3.90000000;500;EXCHANGE_LAST;;1;1;XEUR;5920782;74;
17.04.2025;09:58:15.974;ALV SI 20250620 PS AM C 345.00 0;SIMPLE_INSTRUMENT;BLOCK;EUR;6;9.62000000;350;EXCHANGE_LAST;;1;1;XEUR;12995299;74;
17.04.2025;09:57:35.943;ALV SI 20251219 PS AM C 360.00 0;SIMPLE_INSTRUMENT;BLOCK;EUR;7;14.10000000;350;EXCHANGE_LAST;;1;1;XEUR;6292281;74;
17.04.2025;08:10:46.564;ALVG SI 20250417 CS;SIMPLE_INSTRUMENT;BLOCK;EUR;12;347.70000000;485;EXCHANGE_LAST;;1;1;XEUR;10829113;85;
17.04.2025;09:42:31.599;ANN SI 20291221 PS AM P 20.00 0;SIMPLE_INSTRUMENT;BLOCK;EUR;12;3.38000000;1000;EXCHANGE_LAST;;1;1;XEUR;12469693;45202;
17.04.2025;07:53:53.659;ASG5 FI 20250718 CS EU P 28.0000 0;FLEXIBLE_INSTRUMENT;BLOCK;EUR;1;1.04000000;35000;EXCHANGE_LAST;;1;1;XEUR;1152921972758286317;109;
17.04.2025;15:11:43.987;ASGF SI 20250619 CS;SIMPLE_INSTRUMENT;BLOCK;EUR;84;29.64000000;5500;EXCHANGE_LAST;;1;1;XEUR;12186943;949862;
17.04.2025;15:10:05.398;ASGF SI 20250619 CS;SIMPLE_INSTRUMENT;BLOCK;EUR;85;29.64000000;4500;EXCHANGE_LAST;;1;1;XEUR;12186943;949862;
17.04.2025;15:10:20.796;ASGF SI 20250619 CS;SIMPLE_INSTRUMENT;BLOCK;EUR;86;29.64000000;2500;EXCHANGE_LAST;;1;1;XEUR;12186943;949862;
17.04.2025;11:21:07.538;ASM SI 20260320 PS AM P 520.00 0;SIMPLE_INSTRUMENT;BLOCK;EUR;12;60.55000000;250;EXCHANGE_LAST;;1;1;XEUR;12996155;107;
17.04.2025;11:33:53.101;ASM SI 20260320 PS AM P 520.00 0;SIMPLE_INSTRUMENT;BLOCK;EUR;14;60.55000000;150;EXCHANGE_LAST;;1;1;XEUR;12996155;107;
17.04.2025;13:42:51.293;ASM.O.250417.CNV.000003;STANDARD_OPTION_STRATEGY;BLOCK;EUR;16;-65.44000000;250;EXCHANGE_LAST;;1;1;XEUR;72058053599446781;107;
17.04.2025;13:42:51.293;ASM SI 20260619 PS AM P 640.00 0;SIMPLE_INSTRUMENT;BLOCK;EUR;16;132.44000000;250;PRC_DECOMP_MEMBER;;;;XEUR;9538542;107;MEMBER
17.04.2025;13:42:51.293;ASM SI 20260619 PS AM C 640.00 0;SIMPLE_INSTRUMENT;BLOCK;EUR;16;67.00000000;250;PRC_DECOMP_MEMBER;;;;XEUR;9538546;107;MEMBER
17.04.2025;10:06:52.621;AVM SI 20250919 PS AM C 340.00 0;SIMPLE_INSTRUMENT;BLOCK;EUR;13;16.00000000;1000;EXCHANGE_LAST;;1;1;XEUR;11919099;298528;
17.04.2025;14:35:50.050;AXA.O.250417.BR23.000004;STANDARD_OPTION_STRATEGY;BLOCK;EUR;32;-1.84000000;4000;EXCHANGE_LAST;;2;3;XEUR;72058139498795500;127;
17.04.2025;14:35:50.050;AXA SI 20271217 PS AM P 36.00 0;SIMPLE_INSTRUMENT;BLOCK;EUR;32;5.39000000;8000;PRC_DECOMP_MEMBER;;;;XEUR;8773947;127;MEMBER
17.04.2025;14:35:50.050;AXA SI 20271217 PS AM P 30.00 0;SIMPLE_INSTRUMENT;BLOCK;EUR;32;2.98000000;12000;PRC_DECOMP_MEMBER;;;;XEUR;11479922;127;MEMBER
17.04.2025;09:49:07.152;B2AS SI 20250620 CS;SIMPLE_INSTRUMENT;BLOCK;EUR;35;2.25000000;400;EXCHANGE_LAST;;1;1;XEUR;10830335;140;
17.04.2025;10:01:34.874;B2AS SI 20250620 CS;SIMPLE_INSTRUMENT;BLOCK;EUR;41;2.25000000;200;EXCHANGE_LAST;;1;1;XEUR;10830335;140;
17.04.2025;10:52:44.840;B2AS SI 20250620 CS;SIMPLE_INSTRUMENT;BLOCK;EUR;50;2.25000000;221;EXCHANGE_LAST;;1;1;XEUR;10830335;140;
17.04.2025;13:30:53.651;B2OS SI 20250620 CS;SIMPLE_INSTRUMENT;BLOCK;EUR;73;1.40000000;267;EXCHANGE_LAST;;1;1;XEUR;10878673;300512;
17.04.2025;07:27:52.948;B3BV SI 20250620 CS;SIMPLE_INSTRUMENT;BLOCK;EUR;5;0.41000000;8900;EXCHANGE_LAST;;1;1;XEUR;10830255;135;
17.04.2025;09:22:34.652;B3BV SI 20250620 CS;SIMPLE_INSTRUMENT;BLOCK;EUR;28;0.41000000;2175;EXCHANGE_LAST;;1;1;XEUR;10830255;135;
17.04.2025;13:37:31.655;BAEI SI 20250516 CS;SIMPLE_INSTRUMENT;BLOCK;CHF;74;49.63740000;1000;EXCHANGE_LAST;;1;1;XEUR;11030986;158;
17.04.2025;10:36:02.035;BAEN SI 20250620 PS AM C 52.00 0;SIMPLE_INSTRUMENT;BLOCK;CHF;36;1.85000000;4000;EXCHANGE_LAST;;2;4;XEUR;7899030;159;
17.04.2025;13:15:48.377;BAEN FI 20250514 CS EU C 52.2000 0;FLEXIBLE_INSTRUMENT;BLOCK;CHF;47;0.74000000;550;EXCHANGE_LAST;;1;1;XEUR;1152922187506660067;159;
17.04.2025;11:51:13.670;BALN SI 20250516 PS AM C 190.00 0;SIMPLE_INSTRUMENT;BLOCK;CHF;39;1.20000000;200;EXCHANGE_LAST;;1;1;XEUR;12870070;147;
17.04.2025;11:00:30.748;BAS SI 20250516 PS AM C 46.00 0;SIMPLE_INSTRUMENT;BLOCK;EUR;3;0.23000000;1517;EXCHANGE_LAST;;1;1;XEUR;12813680;150;
17.04.2025;11:00:31.920;BAS SI 20250516 PS AM C 46.00 0;SIMPLE_INSTRUMENT;BLOCK;EUR;4;0.24000000;1517;EXCHANGE_LAST;;1;1;XEUR;12813680;150;
17.04.2025;13:51:46.453;BAS.O.250417.STD.000012;STANDARD_OPTION_STRATEGY;BLOCK;EUR;5;10.85000000;750;EXCHANGE_LAST;;1;1;XEUR;72058238283093169;150;
17.04.2025;13:51:46.453;BAS SI 20260619 PS AM C 40.00 0;SIMPLE_INSTRUMENT;BLOCK;EUR;5;5.47000000;750;PRC_DECOMP_EXCHANGE;;;;XEUR;9539338;150;EXCHANGE
17.04.2025;13:51:46.453;BAS SI 20260619 PS AM P 40.00 0;SIMPLE_INSTRUMENT;BLOCK;EUR;5;5.38000000;750;PRC_DECOMP_EXCHANGE;;;;XEUR;9539321;150;EXCHANGE
17.04.2025;09:48:31.322;BASG SI 20250620 CS;SIMPLE_INSTRUMENT;BLOCK;EUR;34;40.20000000;5000;EXCHANGE_LAST;;1;1;XEUR;11169531;171;
17.04.2025;10:01:29.358;BASG SI 20250620 CS;SIMPLE_INSTRUMENT;BLOCK;EUR;40;40.20000000;2500;EXCHANGE_LAST;;1;1;XEUR;11169531;171;
17.04.2025;10:51:46.892;BASG SI 20250620 CS;SIMPLE_INSTRUMENT;BLOCK;EUR;49;40.20000000;2800;EXCHANGE_LAST;;1;1;XEUR;11169531;171;
17.04.2025;08:03:32.447;BAY SI 20250919 PS AM P 20.00 0;SIMPLE_INSTRUMENT;BLOCK;EUR;1;1.78000000;2750;EXCHANGE_LAST;;1;2;XEUR;11873110;168;
17.04.2025;08:06:53.865;BAY SI 20250919 PS AM P 20.00 0;SIMPLE_INSTRUMENT;BLOCK;EUR;2;1.78000000;2250;EXCHANGE_LAST;;1;1;XEUR;11873110;168;
17.04.2025;13:50:34.171;BAY SI 20260619 PS AM C 27.00 0;SIMPLE_INSTRUMENT;BLOCK;EUR;6;1.52000000;7300;EXCHANGE_LAST;;1;1;XEUR;12295461;168;
17.04.2025;11:38:46.962;BAYG SI 20250417 CS;SIMPLE_INSTRUMENT;BLOCK;EUR;57;20.87000000;7300;EXCHANGE_LAST;;1;1;XEUR;10870515;76034;
17.04.2025;09:06:00.005;BBVD SI 20251219 PS AM P 11.00 0;SIMPLE_INSTRUMENT;BLOCK;EUR;2;1.00000000;5000;EXCHANGE_LAST;;1;1;XEUR;11351387;172;
17.04.2025;09:09:00.186;BBVD SI 20251219 PS AM C 13.00 0;SIMPLE_INSTRUMENT;BLOCK;EUR;4;0.82000000;5000;EXCHANGE_LAST;;1;1;XEUR;11351375;172;
17.04.2025;07:27:49.982;BBVG SI 20250620 CS;SIMPLE_INSTRUMENT;BLOCK;EUR;4;11.98970000;100000;EXCHANGE_LAST;;1;1;XEUR;11169418;163;
17.04.2025;09:22:11.667;BBVG SI 20250620 CS;SIMPLE_INSTRUMENT;BLOCK;EUR;26;12.05000000;25000;EXCHANGE_LAST;;1;1;XEUR;11169418;163;
17.04.2025;08:56:06.088;BEI SI 20250620 PS AM P 114.00 0;SIMPLE_INSTRUMENT;BLOCK;EUR;2;2.59000000;500;EXCHANGE_LAST;;1;1;XEUR;12997427;176;
17.04.2025;14:16:42.176;BEI.O.250417.STD.000004;STANDARD_OPTION_STRATEGY;BLOCK;EUR;15;18.45000000;300;EXCHANGE_LAST;;1;1;XEUR;72058349952190436;176;
17.04.2025;14:16:42.176;BEI SI 20251219 PS AM C 120.00 0;SIMPLE_INSTRUMENT;BLOCK;EUR;15;9.67000000;300;PRC_DECOMP_EXCHANGE;;;;XEUR;5922711;176;EXCHANGE
17.04.2025;14:16:42.176;BEI SI 20251219 PS AM P 120.00 0;SIMPLE_INSTRUMENT;BLOCK;EUR;15;8.78000000;300;PRC_DECOMP_EXCHANGE;;;;XEUR;5922712;176;EXCHANGE
17.04.2025;08:56:06.424;BMW SI 20250516 PS AM C 75.00 0;SIMPLE_INSTRUMENT;BLOCK;EUR;4;0.84000000;1000;EXCHANGE_LAST;;1;1;XEUR;12814758;210;
17.04.2025;14:13:57.133;BMW SI 20250620 PS AM P 68.00 0;SIMPLE_INSTRUMENT;BLOCK;EUR;23;4.90000000;1000;EXCHANGE_LAST;;1;1;XEUR;7899896;210;
17.04.2025;08:38:43.504;BNP.O.250417.CNV.000004;STANDARD_OPTION_STRATEGY;BLOCK;EUR;9;-0.06000000;2300;EXCHANGE_LAST;;1;1;XEUR;72058611945200316;237;
17.04.2025;08:38:43.504;BNP SI 20250417 PS AM C 71.00 0;SIMPLE_INSTRUMENT;BLOCK;EUR;9;0.52000000;2300;PRC_DECOMP_EXCHANGE;;;;XEUR;12616879;237;EXCHANGE
17.04.2025;08:38:43.504;BNP SI 20250417 PS AM P 71.00 0;SIMPLE_INSTRUMENT;BLOCK;EUR;9;0.58000000;2300;PRC_DECOMP_EXCHANGE;;;;XEUR;12616864;237;EXCHANGE
17.04.2025;13:28:09.323;BNP SI 20250620 PS AM P 60.00 0;SIMPLE_INSTRUMENT;BLOCK;EUR;26;1.61000000;6000;EXCHANGE_LAST;;1;4;XEUR;7900161;237;
17.04.2025;14:33:42.220;BNP SI 20261218 PS AM P 66.00 0;SIMPLE_INSTRUMENT;BLOCK;EUR;33;10.60000000;1500;EXCHANGE_LAST;;1;1;XEUR;12372361;237;
17.04.2025;15:41:21.506;BNP SI 20251219 PS AM P 70.00 0;SIMPLE_INSTRUMENT;BLOCK;EUR;34;8.95000000;2500;EXCHANGE_LAST;;2;1;XEUR;12372400;237;
17.04.2025;09:00:33.225;BNPH SI 20250417 CS;SIMPLE_INSTRUMENT;BLOCK;EUR;19;71.04000000;17750;EXCHANGE_LAST;;2;3;XEUR;10832545;236;
17.04.2025;13:30:40.689;BOSF SI 20250620 CS;SIMPLE_INSTRUMENT;BLOCK;EUR;72;32.62000000;3000;EXCHANGE_LAST;;1;1;XEUR;11170511;231;
17.04.2025;09:29:14.847;BSD2 SI 20260320 PS AM P 5.25 0;SIMPLE_INSTRUMENT;BLOCK;EUR;7;0.45000000;5000;EXCHANGE_LAST;;1;1;XEUR;12999219;245;
17.04.2025;11:27:59.584;BSI SI 20250620 PS AM P 92.00 0;SIMPLE_INSTRUMENT;BLOCK;EUR;13;8.95000000;400;EXCHANGE_LAST;;1;1;XEUR;11392854;76317;
17.04.2025;12:13:23.659;C2BK SI 20250620 CS;SIMPLE_INSTRUMENT;BLOCK;EUR;64;0.65000000;445;EXCHANGE_LAST;;1;1;XEUR;12178564;949832;
17.04.2025;12:54:15.783;C4RI SI 20250620 CS;SIMPLE_INSTRUMENT;BLOCK;EUR;69;1.47600000;260;EXCHANGE_LAST;;1;2;XEUR;10868044;50862;
17.04.2025;10:53:19.377;CBK.O.250417.STG.000010;STANDARD_OPTION_STRATEGY;BLOCK;EUR;12;7.20000000;1250;EXCHANGE_LAST;;1;1;XEUR;72058745089204404;268;
17.04.2025;10:53:19.377;CBK SI 20261218 PS AM P 20.00 0;SIMPLE_INSTRUMENT;BLOCK;EUR;12;4.05000000;1250;PRC_DECOMP_EXCHANGE;;;;XEUR;9040227;268;EXCHANGE
17.04.2025;10:53:19.377;CBK SI 20261218 PS AM C 28.00 0;SIMPLE_INSTRUMENT;BLOCK;EUR;12;3.15000000;1250;PRC_DECOMP_EXCHANGE;;;;XEUR;11088001;268;EXCHANGE
17.04.2025;13:19:00.507;CBK SI 20261218 PS AM P 17.00 0;SIMPLE_INSTRUMENT;BLOCK;EUR;14;2.80000000;20000;EXCHANGE_LAST;;2;2;XEUR;12673325;268;
17.04.2025;15:19:05.792;CBK SI 20250620 PS AM C 23.00 0;SIMPLE_INSTRUMENT;BLOCK;EUR;18;1.44000000;10000;EXCHANGE_LAST;;1;2;XEUR;12999603;268;
17.04.2025;12:13:10.743;CBKH SI 20250620 CS;SIMPLE_INSTRUMENT;BLOCK;EUR;63;22.29000000;5000;EXCHANGE_LAST;;1;1;XEUR;11192082;10390;
17.04.2025;09:58:13.258;CFR SI 20260619 PS AM C 180.00 0;SIMPLE_INSTRUMENT;BLOCK;CHF;35;4.95000000;1332;EXCHANGE_LAST;;1;1;XEUR;9996430;313;
17.04.2025;12:39:37.132;CFR SI 20260619 PS AM P 92.00 0;SIMPLE_INSTRUMENT;BLOCK;CHF;41;4.35000000;600;EXCHANGE_LAST;;2;1;XEUR;9996437;313;
17.04.2025;12:53:43.193;CR5J SI 20250515 CS;SIMPLE_INSTRUMENT;BLOCK;EUR;68;49.09100000;3000;EXCHANGE_LAST;;1;2;XEUR;11025870;50861;
17.04.2025;09:11:34.066;CRI5 SI 20250515 PS AM C 55.00 0;SIMPLE_INSTRUMENT;BLOCK;EUR;6;0.37500000;2500;EXCHANGE_LAST;;1;1;XEUR;12878421;320;
17.04.2025;11:11:39.834;CRI5 SI 20250515 PS AM C 49.00 0;SIMPLE_INSTRUMENT;BLOCK;EUR;10;2.29000000;4550;EXCHANGE_LAST;;1;1;XEUR;12806494;320;
17.04.2025;11:12:00.068;CRI5 SI 20250417 PS AM C 49.00 0;SIMPLE_INSTRUMENT;BLOCK;EUR;11;1.33000000;6550;EXCHANGE_LAST;;1;1;XEUR;12693865;320;
17.04.2025;15:37:34.067;CRI5.O.250417.STD.000006;STANDARD_OPTION_STRATEGY;BLOCK;EUR;17;11.80000000;750;EXCHANGE_LAST;;1;1;XEUR;72058968427474859;320;
17.04.2025;15:37:34.067;CRI5 SI 20251218 PS AM P 50.00 0;SIMPLE_INSTRUMENT;BLOCK;EUR;17;6.69750000;750;PRC_DECOMP_EXCHANGE;;;;XEUR;12421053;320;EXCHANGE
17.04.2025;15:37:34.067;CRI5 SI 20251218 PS AM C 50.00 0;SIMPLE_INSTRUMENT;BLOCK;EUR;17;5.10250000;750;PRC_DECOMP_EXCHANGE;;;;XEUR;12421052;320;EXCHANGE
17.04.2025;13:59:38.170;CSGE SI 20251219 PS EU P 170.17 2;SIMPLE_INSTRUMENT;BLOCK;CHF;52;147.20000000;17448;EXCHANGE_LAST;;1;1;XEUR;5925448;331;
17.04.2025;10:15:37.963;DAI.O.250417.BER.000014;STANDARD_OPTION_STRATEGY;BLOCK;EUR;10;1.01000000;1000;EXCHANGE_LAST;;1;1;XEUR;73961106363665164;443196;
17.04.2025;10:15:37.963;DAI SI 20251219 PS AM P 26.00 0;SIMPLE_INSTRUMENT;BLOCK;EUR;10;0.51000000;1000;PRC_DECOMP_EXCHANGE;;;;XEUR;12490209;443196;EXCHANGE
17.04.2025;10:15:37.963;DAI SI 20251219 PS AM P 36.00 0;SIMPLE_INSTRUMENT;BLOCK;EUR;10;1.52000000;1000;PRC_DECOMP_EXCHANGE;;;;XEUR;7737738;443196;EXCHANGE
17.04.2025;11:28:53.959;DAI.O.250417.COMBO.000017;STANDARD_OPTION_STRATEGY;BLOCK;EUR;12;-0.89000000;5750;EXCHANGE_LAST;;2;3;XEUR;73961106363665167;443196;
17.04.2025;11:28:53.959;DAI SI 20261218 PS AM P 32.00 0;SIMPLE_INSTRUMENT;BLOCK;EUR;12;2.40000000;5750;PRC_DECOMP_MEMBER;;;;XEUR;8173972;443196;MEMBER
17.04.2025;11:28:53.959;DAI SI 20261218 PS AM C 56.00 0;SIMPLE_INSTRUMENT;BLOCK;EUR;12;3.29000000;5750;PRC_DECOMP_MEMBER;;;;XEUR;7362235;443196;MEMBER
17.04.2025;12:49:05.507;DAI.O.250417.COMBO.000017;STANDARD_OPTION_STRATEGY;BLOCK;EUR;16;-0.89000000;1000;EXCHANGE_LAST;;1;1;XEUR;73961106363665167;443196;
17.04.2025;12:49:05.507;DAI SI 20261218 PS AM C 56.00 0;SIMPLE_INSTRUMENT;BLOCK;EUR;16;3.29000000;1000;PRC_DECOMP_MEMBER;;;;XEUR;7362235;443196;MEMBER
17.04.2025;12:49:05.507;DAI SI 20261218 PS AM P 32.00 0;SIMPLE_INSTRUMENT;BLOCK;EUR;16;2.40000000;1000;PRC_DECOMP_MEMBER;;;;XEUR;8173972;443196;MEMBER
17.04.2025;12:47:13.996;DAI SI 20250516 PS AM C 52.00 0;SIMPLE_INSTRUMENT;BLOCK;EUR;17;0.80000000;1500;EXCHANGE_LAST;;1;1;XEUR;12852507;443196;
17.04.2025;13:30:27.192;DAI SI 20260320 PS AM C 60.00 0;SIMPLE_INSTRUMENT;BLOCK;EUR;19;1.52000000;4300;EXCHANGE_LAST;;1;1;XEUR;13049839;443196;
17.04.2025;13:49:40.720;DAI.O.250417.STD.000027;STANDARD_OPTION_STRATEGY;BLOCK;EUR;22;17.20000000;1000;EXCHANGE_LAST;;1;1;XEUR;73961106363665177;443196;
17.04.2025;13:49:40.720;DAI SI 20271217 PS AM P 48.00 0;SIMPLE_INSTRUMENT;BLOCK;EUR;22;10.14000000;1000;PRC_DECOMP_EXCHANGE;;;;XEUR;8833332;443196;EXCHANGE
17.04.2025;13:49:40.720;DAI SI 20271217 PS AM C 48.00 0;SIMPLE_INSTRUMENT;BLOCK;EUR;22;7.06000000;1000;PRC_DECOMP_EXCHANGE;;;;XEUR;8833336;443196;EXCHANGE
17.04.2025;15:18:27.280;DAI.O.250417.STD.000027;STANDARD_OPTION_STRATEGY;BLOCK;EUR;25;17.20000000;1250;EXCHANGE_LAST;;2;2;XEUR;73961106363665177;443196;
17.04.2025;15:18:27.280;DAI SI 20271217 PS AM P 48.00 0;SIMPLE_INSTRUMENT;BLOCK;EUR;25;10.14000000;1250;PRC_DECOMP_MEMBER;;;;XEUR;8833332;443196;MEMBER
17.04.2025;15:18:27.280;DAI SI 20271217 PS AM C 48.00 0;SIMPLE_INSTRUMENT;BLOCK;EUR;25;7.06000000;1250;PRC_DECOMP_MEMBER;;;;XEUR;8833336;443196;MEMBER
17.04.2025;07:39:56.674;DAIG SI 20250417 CS;SIMPLE_INSTRUMENT;BLOCK;EUR;8;50.75000000;3700;EXCHANGE_LAST;;1;1;XEUR;10884414;443203;
17.04.2025;10:29:16.137;DBK SI 20251219 PS AM P 13.00 0;SIMPLE_INSTRUMENT;BLOCK;EUR;7;0.42000000;3412;EXCHANGE_LAST;;1;1;XEUR;12059335;362;
17.04.2025;10:29:54.468;DBK SI 20251219 PS AM P 13.00 0;SIMPLE_INSTRUMENT;BLOCK;EUR;8;0.41000000;4088;EXCHANGE_LAST;;1;1;XEUR;12059335;362;
17.04.2025;15:21:21.286;DPW.O.250417.CNV.000013;STANDARD_OPTION_STRATEGY;BLOCK;EUR;37;-0.11000000;1000;EXCHANGE_LAST;;1;1;XEUR;72059505298416419;445;
17.04.2025;15:21:21.286;DPW SI 20250417 PS AM P 36.00 0;SIMPLE_INSTRUMENT;BLOCK;EUR;37;0.12000000;1000;PRC_DECOMP_MEMBER;;;;XEUR;12619843;445;MEMBER
17.04.2025;15:21:21.286;DPW SI 20250417 PS AM C 36.00 0;SIMPLE_INSTRUMENT;BLOCK;EUR;37;0.01000000;1000;PRC_DECOMP_MEMBER;;;;XEUR;12619840;445;MEMBER
17.04.2025;13:18:22.379;DRW3.O.250417.BLT.000001;STANDARD_OPTION_STRATEGY;BLOCK;EUR;26;1.50000000;100;EXCHANGE_LAST;;1;1;XEUR;72059449463801362;432;
17.04.2025;13:18:22.379;DRW3 SI 20250516 PS AM C 60.00 0;SIMPLE_INSTRUMENT;BLOCK;EUR;26;1.70000000;100;PRC_DECOMP_EXCHANGE;;;;XEUR;12817618;432;EXCHANGE
17.04.2025;13:18:22.379;DRW3 SI 20250417 PS AM C 60.00 0;SIMPLE_INSTRUMENT;BLOCK;EUR;26;0.20000000;100;PRC_DECOMP_EXCHANGE;;;;XEUR;12619362;432;EXCHANGE
17.04.2025;13:47:56.408;DRW3.O.250417.BLT.000001;STANDARD_OPTION_STRATEGY;BLOCK;EUR;29;1.50000000;100;EXCHANGE_LAST;;1;1;XEUR;72059449463801362;432;
17.04.2025;13:47:56.408;DRW3 SI 20250417 PS AM C 60.00 0;SIMPLE_INSTRUMENT;BLOCK;EUR;29;0.20000000;100;PRC_DECOMP_EXCHANGE;;;;XEUR;12619362;432;EXCHANGE
17.04.2025;13:47:56.408;DRW3 SI 20250516 PS AM C 60.00 0;SIMPLE_INSTRUMENT;BLOCK;EUR;29;1.70000000;100;PRC_DECOMP_EXCHANGE;;;;XEUR;12817618;432;EXCHANGE
17.04.2025;11:25:47.178;DTE SI 20250620 PS AM C 33.00 0;SIMPLE_INSTRUMENT;BLOCK;EUR;21;0.91000000;5000;EXCHANGE_LAST;;1;1;XEUR;12038060;424;
17.04.2025;15:02:04.290;DTE SI 20251219 PS AM C 30.00 0;SIMPLE_INSTRUMENT;BLOCK;EUR;33;3.77000000;10998;EXCHANGE_LAST;;1;1;XEUR;12052900;424;
17.04.2025;15:22:48.470;DTE SI 20250919 PS AM C 34.50 0;SIMPLE_INSTRUMENT;BLOCK;EUR;38;1.10000000;11472;EXCHANGE_LAST;;1;1;XEUR;12795513;424;
17.04.2025;07:37:47.054;E2NT SI 20261218 CS;SIMPLE_INSTRUMENT;BLOCK;EUR;7;0.94000000;750;EXCHANGE_LAST;;1;1;XEUR;4632357;470;
17.04.2025;14:38:37.540;E2NT SI 20271217 CS;SIMPLE_INSTRUMENT;BLOCK;EUR;83;0.85000000;500;EXCHANGE_LAST;;1;1;XEUR;5914575;470;
17.04.2025;07:50:21.999;E3B SI 20250516 PS AM P 3.00 0;SIMPLE_INSTRUMENT;ENLIGHT;EUR;4;0.26000000;1000;EXCHANGE_LAST;;1;1;XEUR;12919671;467;
17.04.2025;10:21:22.825;EAD.O.250417.COMBO.000006;STANDARD_OPTION_STRATEGY;BLOCK;EUR;15;7.90000000;1000;EXCHANGE_LAST;;1;1;XEUR;72059591197747948;465;
17.04.2025;10:21:22.825;EAD SI 20251219 PS AM P 130.00 0;SIMPLE_INSTRUMENT;BLOCK;EUR;15;10.98000000;1000;PRC_DECOMP_EXCHANGE;;;;XEUR;12440384;465;EXCHANGE
17.04.2025;10:21:22.825;EAD SI 20251219 PS AM C 175.00 0;SIMPLE_INSTRUMENT;BLOCK;EUR;15;3.08000000;1000;PRC_DECOMP_EXCHANGE;;;;XEUR;12602583;465;EXCHANGE
17.04.2025;11:15:46.441;EADG SI 20250417 CS;SIMPLE_INSTRUMENT;BLOCK;EUR;53;138.30000000;900;EXCHANGE_LAST;;1;1;XEUR;11420357;840008;
17.04.2025;11:00:21.566;ENL5 SI 20251218 PS AM P 7.20 0;SIMPLE_INSTRUMENT;BLOCK;EUR;8;0.46000000;750;EXCHANGE_LAST;;1;1;XEUR;5911831;500;
17.04.2025;11:00:25.566;ENL5 SI 20251218 PS AM C 7.60 0;SIMPLE_INSTRUMENT;BLOCK;EUR;9;0.32150000;750;EXCHANGE_LAST;;1;1;XEUR;12421453;500;
17.04.2025;09:17:16.251;ENLQ SI 20250619 PS;SIMPLE_INSTRUMENT;BLOCK;EUR;21;7.34050000;4000;EXCHANGE_LAST;;1;1;XEUR;11165308;524962;
17.04.2025;07:35:12.220;ENR SI 20250516 PS AM C 62.00 0;SIMPLE_INSTRUMENT;BLOCK;EUR;1;5.95000000;995;EXCHANGE_LAST;;1;1;XEUR;12848174;298530;
17.04.2025;07:39:20.584;ENR SI 20250620 PS AM C 72.00 0;SIMPLE_INSTRUMENT;BLOCK;EUR;2;3.23000000;1070;EXCHANGE_LAST;;1;1;XEUR;12229468;298530;
17.04.2025;07:39:21.683;ENR SI 20250620 PS AM P 58.00 0;SIMPLE_INSTRUMENT;BLOCK;EUR;3;2.95000000;2000;EXCHANGE_LAST;;1;1;XEUR;12193233;298530;
17.04.2025;07:39:23.959;ENR SI 20250620 PS AM C 65.00 0;SIMPLE_INSTRUMENT;BLOCK;EUR;4;6.26000000;2000;EXCHANGE_LAST;;1;1;XEUR;12886453;298530;
17.04.2025;07:39:23.993;ENR SI 20250620 PS AM C 72.00 0;SIMPLE_INSTRUMENT;BLOCK;EUR;5;3.21000000;930;EXCHANGE_LAST;;1;1;XEUR;12229468;298530;
17.04.2025;08:13:00.234;ENR SI 20250919 PS AM C 72.00 0;SIMPLE_INSTRUMENT;BLOCK;EUR;6;6.75000000;1000;EXCHANGE_LAST;;1;1;XEUR;12229458;298530;
17.04.2025;08:24:53.567;ENR SI 20250919 PS AM C 72.00 0;SIMPLE_INSTRUMENT;BLOCK;EUR;8;6.75000000;2000;EXCHANGE_LAST;;1;1;XEUR;12229458;298530;
17.04.2025;08:31:42.384;ENR SI 20250620 PS AM C 62.00 0;SIMPLE_INSTRUMENT;BLOCK;EUR;9;6.65000000;1850;EXCHANGE_LAST;;1;1;XEUR;13044603;298530;
17.04.2025;08:31:44.631;ENR SI 20250620 PS AM C 70.00 0;SIMPLE_INSTRUMENT;BLOCK;EUR;10;3.60000000;1850;EXCHANGE_LAST;;1;1;XEUR;13044612;298530;
17.04.2025;08:49:09.750;ENR SI 20250417 PS AM C 68.00 0;SIMPLE_INSTRUMENT;BLOCK;EUR;11;0.15000000;76380;EXCHANGE_LAST;;1;1;XEUR;12650766;298530;
17.04.2025;10:21:33.282;ENR.O.250417.BUL.000031;STANDARD_OPTION_STRATEGY;BLOCK;EUR;13;5.53000000;3850;EXCHANGE_LAST;;1;1;XEUR;73339770624818682;298530;
17.04.2025;10:21:33.282;ENR SI 20250516 PS AM C 60.00 0;SIMPLE_INSTRUMENT;BLOCK;EUR;13;7.29000000;3850;PRC_DECOMP_EXCHANGE;;;;XEUR;12848162;298530;EXCHANGE
17.04.2025;10:21:33.282;ENR SI 20250516 PS AM C 72.00 0;SIMPLE_INSTRUMENT;BLOCK;EUR;13;1.76000000;3850;PRC_DECOMP_EXCHANGE;;;;XEUR;12848139;298530;EXCHANGE
17.04.2025;10:28:23.498;ENR SI 20250516 PS AM C 60.00 0;SIMPLE_INSTRUMENT;BLOCK;EUR;14;7.31000000;1062;EXCHANGE_LAST;;1;1;XEUR;12848162;298530;
17.04.2025;10:28:25.804;ENR SI 20250516 PS AM C 70.00 0;SIMPLE_INSTRUMENT;BLOCK;EUR;15;2.50000000;1062;EXCHANGE_LAST;;1;1;XEUR;12848129;298530;
17.04.2025;10:58:11.608;ENR SI 20250516 PS AM C 70.00 0;SIMPLE_INSTRUMENT;BLOCK;EUR;16;2.39000000;586;EXCHANGE_LAST;;1;1;XEUR;12848129;298530;
17.04.2025;10:58:12.706;ENR SI 20250516 PS AM C 62.00 0;SIMPLE_INSTRUMENT;BLOCK;EUR;17;5.85000000;586;EXCHANGE_LAST;;1;1;XEUR;12848174;298530;
17.04.2025;12:01:17.070;ENR SI 20260320 PS AM P 56.00 0;SIMPLE_INSTRUMENT;BLOCK;EUR;22;8.70000000;1000;EXCHANGE_LAST;;1;2;XEUR;13044506;298530;
17.04.2025;12:09:51.604;ENR SI 20260320 PS AM P 44.00 0;SIMPLE_INSTRUMENT;BLOCK;EUR;23;4.16000000;500;EXCHANGE_LAST;;1;1;XEUR;13044548;298530;
17.04.2025;12:10:48.035;ENR SI 20250620 PS AM C 70.00 0;SIMPLE_INSTRUMENT;BLOCK;EUR;24;4.55000000;1000;EXCHANGE_LAST;;1;1;XEUR;13044612;298530;
17.04.2025;13:09:54.753;ENR SI 20250620 PS AM C 68.00 0;SIMPLE_INSTRUMENT;BLOCK;EUR;25;5.07000000;1500;EXCHANGE_LAST;;1;1;XEUR;12229466;298530;
17.04.2025;13:28:57.902;ENR SI 20250620 PS AM P 60.00 0;SIMPLE_INSTRUMENT;BLOCK;EUR;28;3.85000000;5000;EXCHANGE_LAST;;2;1;XEUR;12193230;298530;
17.04.2025;14:16:56.750;ENR SI 20250516 PS AM C 70.00 0;SIMPLE_INSTRUMENT;BLOCK;EUR;30;2.34000000;700;EXCHANGE_LAST;;1;1;XEUR;12848129;298530;
17.04.2025;14:16:56.752;ENR SI 20250516 PS AM C 70.00 0;SIMPLE_INSTRUMENT;BLOCK;EUR;31;2.35000000;360;EXCHANGE_LAST;;1;1;XEUR;12848129;298530;
17.04.2025;15:08:06.453;ENR SI 20250620 PS AM C 68.00 0;SIMPLE_INSTRUMENT;BLOCK;EUR;34;4.70000000;3500;EXCHANGE_LAST;;2;1;XEUR;12229466;298530;
17.04.2025;15:10:19.690;ENR SI 20250417 PS AM C 62.00 0;SIMPLE_INSTRUMENT;BLOCK;EUR;35;1.68000000;10000;EXCHANGE_LAST;;1;1;XEUR;12650617;298530;
17.04.2025;15:28:42.256;ENR SI 20250516 PS AM C 80.00 0;SIMPLE_INSTRUMENT;BLOCK;EUR;39;0.25000000;12173;EXCHANGE_LAST;;1;1;XEUR;12984425;298530;
17.04.2025;15:30:12.574;ENR SI 20250516 PS AM C 76.00 0;SIMPLE_INSTRUMENT;BLOCK;EUR;40;0.50000000;22325;EXCHANGE_LAST;;1;1;XEUR;12873733;298530;
17.04.2025;09:09:05.529;ENT5.O.250417.STG.000001;STANDARD_OPTION_STRATEGY;BLOCK;EUR;5;1.68200000;880;EXCHANGE_LAST;;1;1;XEUR;72059728636684257;497;
17.04.2025;09:09:05.529;ENT5 SI 20250619 PS AM C 14.60 0;SIMPLE_INSTRUMENT;BLOCK;EUR;5;0.01350000;880;PRC_DECOMP_EXCHANGE;;;;XEUR;12988293;497;EXCHANGE
17.04.2025;09:09:05.529;ENT5 SI 20250619 PS AM P 13.60 0;SIMPLE_INSTRUMENT;BLOCK;EUR;5;1.66850000;880;PRC_DECOMP_EXCHANGE;;;;XEUR;12988302;497;EXCHANGE
17.04.2025;12:34:01.580;ENT5 SI 20260618 PS AM P 11.00 0;SIMPLE_INSTRUMENT;BLOCK;EUR;15;0.95500000;2500;EXCHANGE_LAST;;2;2;XEUR;12934389;497;
17.04.2025;08:29:15.788;FBTP SI 20250606 PS;SIMPLE_INSTRUMENT;EFP_FIN;EUR;1;118.94000000;217;EXCHANGE_LAST;;1;1;XEUR;11820365;636;
17.04.2025;08:50:35.394;FBTP SI 20250606 PS;SIMPLE_INSTRUMENT;EFP_FIN;EUR;2;118.94000000;601;EXCHANGE_LAST;;1;1;XEUR;11820365;636;
17.04.2025;09:39:15.780;FBTP SI 20250606 PS;SIMPLE_INSTRUMENT;EFP_FIN;EUR;3;118.91000000;88;EXCHANGE_LAST;;1;1;XEUR;11820365;636;
17.04.2025;10:14:31.844;FBTP SI 20250606 PS;SIMPLE_INSTRUMENT;EFP_FIN;EUR;5;118.87000000;1240;EXCHANGE_LAST;;1;1;XEUR;11820365;636;
17.04.2025;10:15:05.304;FBTP SI 20250606 PS;SIMPLE_INSTRUMENT;EFP_FIN;EUR;6;118.88000000;239;EXCHANGE_LAST;;1;1;XEUR;11820365;636;
17.04.2025;10:33:12.288;FBTP SI 20250606 PS;SIMPLE_INSTRUMENT;EFP_FIN;EUR;7;118.89000000;136;EXCHANGE_LAST;;1;1;XEUR;11820365;636;
17.04.2025;11:24:01.534;FBTP SI 20250606 PS;SIMPLE_INSTRUMENT;EFP_FIN;EUR;8;118.82000000;221;EXCHANGE_LAST;;1;1;XEUR;11820365;636;
17.04.2025;13:08:52.024;FBTP SI 20250606 PS;SIMPLE_INSTRUMENT;EFP_FIN;EUR;9;118.88000000;310;EXCHANGE_LAST;;1;1;XEUR;11820365;636;
17.04.2025;13:14:51.346;FBTP SI 20250606 PS;SIMPLE_INSTRUMENT;EFP_FIN;EUR;10;119.48000000;663;EXCHANGE_LAST;;1;1;XEUR;11820365;636;
17.04.2025;14:31:45.426;FBTP SI 20250606 PS;SIMPLE_INSTRUMENT;EFP_FIN;EUR;11;119.51000000;3600;EXCHANGE_LAST;;1;1;XEUR;11820365;636;
17.04.2025;15:16:47.300;FBTP SI 20250606 PS;SIMPLE_INSTRUMENT;EFP_FIN;EUR;12;119.58000000;66;EXCHANGE_LAST;;1;1;XEUR;11820365;636;
17.04.2025;07:57:59.182;FBTS SI 20250606 PS;SIMPLE_INSTRUMENT;EFP_FIN;EUR;4;107.98000000;577;EXCHANGE_LAST;;1;1;XEUR;11820367;639;
17.04.2025;10:17:16.734;FBTS SI 20250606 PS;SIMPLE_INSTRUMENT;EFP_FIN;EUR;8;107.90000000;952;EXCHANGE_LAST;;1;1;XEUR;11820367;639;
17.04.2025;10:39:51.874;FBTS SI 20250606 PS;SIMPLE_INSTRUMENT;EFP_FIN;EUR;9;107.89000000;952;EXCHANGE_LAST;;1;1;XEUR;11820367;639;
17.04.2025;10:59:08.432;FBTS SI 20250606 PS;SIMPLE_INSTRUMENT;EFP_FIN;EUR;10;107.90000000;714;EXCHANGE_LAST;;1;1;XEUR;11820367;639;
17.04.2025;11:40:19.634;FBTS SI 20250606 PS;SIMPLE_INSTRUMENT;EFP_FIN;EUR;11;107.88000000;987;EXCHANGE_LAST;;1;1;XEUR;11820367;639;
17.04.2025;14:00:42.731;FBTS SI 20250606 PS;SIMPLE_INSTRUMENT;EFP_FIN;EUR;14;108.13000000;175;EXCHANGE_LAST;;1;1;XEUR;11820367;639;
17.04.2025;13:51:26.344;FCIN SI 20250627 CS;SIMPLE_INSTRUMENT;BLOCK;USD;2;141.00000000;27;EXCHANGE_LAST;;1;1;XEUR;7967544;580;
17.04.2025;13:52:10.995;FCPE SI 20250627 CS;SIMPLE_INSTRUMENT;BLOCK;USD;3;165.35000000;25;EXCHANGE_LAST;;1;1;XEUR;7967548;586;
17.04.2025;14:09:10.857;FCPR SI 20250627 CS;SIMPLE_INSTRUMENT;BLOCK;USD;4;321.46000000;27;EXCHANGE_LAST;;1;1;XEUR;7967549;587;
17.04.2025;16:28:07.225;FD3D SI 20251219 CS;SIMPLE_INSTRUMENT;BLOCK;EUR;54;115.00000000;270;EXCHANGE_LAST;;2;1;XEUR;5914068;588;
17.04.2025;13:09:45.169;FDAX SI 20250620 CS;SIMPLE_INSTRUMENT;BLOCK;EUR;1;21324.00000000;350;EXCHANGE_LAST;;1;1;XEUR;7903800;589;
17.04.2025;15:41:55.029;FDAX SI 20250620 CS;SIMPLE_INSTRUMENT;EFP_IDX;EUR;2;21350.00000000;150;EXCHANGE_LAST;;1;1;XEUR;7903800;589;
17.04.2025;15:46:12.094;FDAX SI 20250620 CS;SIMPLE_INSTRUMENT;EFP_IDX;EUR;3;21369.00000000;17;EXCHANGE_LAST;;1;1;XEUR;7903800;589;
17.04.2025;15:46:20.069;FDAX SI 20250620 CS;SIMPLE_INSTRUMENT;EFP_IDX;EUR;4;21370.00000000;10;EXCHANGE_LAST;;1;1;XEUR;7903800;589;
17.04.2025;15:46:42.376;FDAX SI 20250620 CS;SIMPLE_INSTRUMENT;EFP_IDX;EUR;5;21368.00000000;16;EXCHANGE_LAST;;1;1;XEUR;7903800;589;
17.04.2025;15:46:50.540;FDAX SI 20250620 CS;SIMPLE_INSTRUMENT;EFP_IDX;EUR;6;21369.00000000;9;EXCHANGE_LAST;;1;1;XEUR;7903800;589;
17.04.2025;11:49:51.908;FDAX SI 20250620 CS;SIMPLE_INSTRUMENT;VOLA;EUR;671088646;21345.00000000;38;EXCHANGE_LAST;;1;1;XEUR;7903800;589;
17.04.2025;14:57:38.539;FDAX SI 20250620 CS;SIMPLE_INSTRUMENT;VOLA;EUR;671088657;21360.00000000;7;EXCHANGE_LAST;;1;1;XEUR;7903800;589;
17.04.2025;15:11:30.412;FDAX SI 20250620 CS;SIMPLE_INSTRUMENT;VOLA;EUR;671088661;21330.00000000;18;EXCHANGE_LAST;;1;1;XEUR;7903800;589;
17.04.2025;15:18:53.358;FDAX SI 20250620 CS;SIMPLE_INSTRUMENT;VOLA;EUR;671088663;21370.00000000;20;EXCHANGE_LAST;;1;1;XEUR;7903800;589;
17.04.2025;11:02:43.121;FEBD SI 20271217 CS;SIMPLE_INSTRUMENT;BLOCK;EUR;30;9.24000000;1500;EXCHANGE_LAST;;2;4;XEUR;7776307;597;
17.04.2025;13:04:44.562;FEBD SI 20271217 CS;SIMPLE_INSTRUMENT;BLOCK;EUR;33;9.25000000;150;EXCHANGE_LAST;;1;1;XEUR;7776307;597;
17.04.2025;13:05:24.421;FEBD SI 20261218 CS;SIMPLE_INSTRUMENT;BLOCK;EUR;34;10.09000000;150;EXCHANGE_LAST;;1;1;XEUR;7158212;597;
17.04.2025;13:26:51.169;FEBD SI 20271217 CS;SIMPLE_INSTRUMENT;BLOCK;EUR;35;9.25000000;150;EXCHANGE_LAST;;1;1;XEUR;7776307;597;
17.04.2025;13:28:24.461;FEBD SI 20271217 CS;SIMPLE_INSTRUMENT;BLOCK;EUR;36;9.25000000;269;EXCHANGE_LAST;;1;1;XEUR;7776307;597;
17.04.2025;13:40:46.012;FEBD SI 20271217 CS;SIMPLE_INSTRUMENT;BLOCK;EUR;37;9.25000000;200;EXCHANGE_LAST;;1;1;XEUR;7776307;597;
17.04.2025;15:24:42.944;FEDV SI 20250620 CS;SIMPLE_INSTRUMENT;BLOCK;EUR;47;1788.00000000;180;EXCHANGE_LAST;;1;1;XEUR;11880642;596;
17.04.2025;14:33:55.723;FES1 SI 20250620 PS;SIMPLE_INSTRUMENT;BLOCK;EUR;42;-63.70000000;150;EXCHANGE_LAST;;1;1;XEUR;11910814;58959;
17.04.2025;14:52:56.486;FES1 SI 20250620 PS;SIMPLE_INSTRUMENT;BLOCK;EUR;43;-63.60000000;420;EXCHANGE_LAST;;1;1;XEUR;11910814;58959;
17.04.2025;12:41:20.809;FESB SI 20250620 CS;SIMPLE_INSTRUMENT;BLOCK;EUR;40;173.00000000;5000;EXCHANGE_LAST;;1;1;XEUR;11880665;605;
17.04.2025;12:44:41.363;FESB SI 20250620 CS;SIMPLE_INSTRUMENT;BLOCK;EUR;41;173.00000000;2000;EXCHANGE_LAST;;1;1;XEUR;11880665;605;
17.04.2025;13:24:08.119;FESB SI 20250620 CS;SIMPLE_INSTRUMENT;BLOCK;EUR;42;173.00000000;10000;EXCHANGE_LAST;;1;1;XEUR;11880665;605;
17.04.2025;15:53:29.213;FESB SI 20250620 CS;SIMPLE_INSTRUMENT;EFP_IDX;EUR;48;172.15000000;322;EXCHANGE_LAST;;1;1;XEUR;11880665;605;
17.04.2025;15:53:44.214;FESB SI 20250620 CS;SIMPLE_INSTRUMENT;EFP_IDX;EUR;49;172.20000000;483;EXCHANGE_LAST;;1;1;XEUR;11880665;605;
17.04.2025;12:44:13.998;FESX SI 20250620 CS;SIMPLE_INSTRUMENT;EFP_IDX;EUR;1;4870.00000000;1680;EXCHANGE_LAST;;1;1;XEUR;7904020;675;
17.04.2025;13:45:19.646;FESX SI 20250620 CS;SIMPLE_INSTRUMENT;EFP_IDX;EUR;2;4879.00000000;1000;EXCHANGE_LAST;;1;1;XEUR;7904020;675;
17.04.2025;14:04:53.309;FESX SI 20250620 CS;SIMPLE_INSTRUMENT;BLOCK;EUR;3;4870.00000000;4040;EXCHANGE_LAST;;1;1;XEUR;7904020;675;
17.04.2025;14:33:10.655;FESX SI 20250620 CS;SIMPLE_INSTRUMENT;EFP_IDX;EUR;4;4879.00000000;500;EXCHANGE_LAST;;1;1;XEUR;7904020;675;
17.04.2025;15:12:59.083;FESX SI 20250620 CS;SIMPLE_INSTRUMENT;BLOCK;EUR;6;4875.00000000;3875;EXCHANGE_LAST;;1;1;XEUR;7904020;675;
17.04.2025;15:42:26.989;FESX SI 20250620 CS;SIMPLE_INSTRUMENT;EFP_IDX;EUR;7;4871.00000000;265;EXCHANGE_LAST;;1;1;XEUR;7904020;675;
17.04.2025;15:42:47.866;FESX SI 20250620 CS;SIMPLE_INSTRUMENT;EFP_IDX;EUR;8;4873.00000000;235;EXCHANGE_LAST;;1;1;XEUR;7904020;675;
17.04.2025;15:46:39.331;FESX SI 20250620 CS;SIMPLE_INSTRUMENT;EFP_IDX;EUR;9;4871.00000000;455;EXCHANGE_LAST;;1;1;XEUR;7904020;675;
17.04.2025;15:46:39.331;FESX SI 20250620 CS;SIMPLE_INSTRUMENT;EFP_IDX;EUR;10;4872.00000000;235;EXCHANGE_LAST;;1;1;XEUR;7904020;675;
17.04.2025;15:52:43.257;FESX SI 20250620 CS;SIMPLE_INSTRUMENT;EFP_IDX;EUR;11;4871.00000000;321;EXCHANGE_LAST;;1;1;XEUR;7904020;675;
17.04.2025;15:52:52.861;FESX SI 20250620 CS;SIMPLE_INSTRUMENT;EFP_IDX;EUR;12;4872.00000000;279;EXCHANGE_LAST;;1;1;XEUR;7904020;675;
17.04.2025;15:48:04.683;FESX SI 20250620 CS;SIMPLE_INSTRUMENT;EFP_IDX;EUR;13;4871.00000000;749;EXCHANGE_LAST;;1;1;XEUR;7904020;675;
17.04.2025;15:48:13.118;FESX SI 20250620 CS;SIMPLE_INSTRUMENT;EFP_IDX;EUR;14;4872.00000000;651;EXCHANGE_LAST;;1;1;XEUR;7904020;675;
17.04.2025;15:57:49.095;FESX SI 20250620 CS;SIMPLE_INSTRUMENT;EFP_IDX;EUR;15;4871.00000000;264;EXCHANGE_LAST;;1;1;XEUR;7904020;675;
17.04.2025;15:49:31.224;FESX SI 20250620 CS;SIMPLE_INSTRUMENT;EFP_IDX;EUR;16;4871.00000000;56;EXCHANGE_LAST;;1;1;XEUR;7904020;675;
17.04.2025;15:58:05.467;FESX SI 20250620 CS;SIMPLE_INSTRUMENT;EFP_IDX;EUR;17;4872.00000000;26;EXCHANGE_LAST;;1;1;XEUR;7904020;675;
17.04.2025;15:49:45.939;FESX SI 20250620 CS;SIMPLE_INSTRUMENT;EFP_IDX;EUR;18;4872.00000000;294;EXCHANGE_LAST;;1;1;XEUR;7904020;675;
17.04.2025;15:55:23.995;FESX SI 20250620 CS;SIMPLE_INSTRUMENT;EFP_IDX;EUR;19;4871.00000000;676;EXCHANGE_LAST;;1;1;XEUR;7904020;675;
17.04.2025;15:55:30.411;FESX SI 20250620 CS;SIMPLE_INSTRUMENT;EFP_IDX;EUR;20;4872.00000000;349;EXCHANGE_LAST;;1;1;XEUR;7904020;675;
17.04.2025;15:54:00.186;FESX SI 20250620 CS;SIMPLE_INSTRUMENT;EFP_IDX;EUR;21;4871.00000000;264;EXCHANGE_LAST;;1;1;XEUR;7904020;675;
17.04.2025;15:54:12.077;FESX SI 20250620 CS;SIMPLE_INSTRUMENT;EFP_IDX;EUR;22;4872.00000000;136;EXCHANGE_LAST;;1;1;XEUR;7904020;675;
17.04.2025;07:53:54.447;FESX SI 20250620 CS;SIMPLE_INSTRUMENT;VOLA;EUR;637534212;4905.00000000;10;EXCHANGE_LAST;;1;1;XEUR;7904020;675;
17.04.2025;08:08:42.594;FESX SI 20250620 CS;SIMPLE_INSTRUMENT;VOLA;EUR;637534225;4895.00000000;30;EXCHANGE_LAST;;1;1;XEUR;7904020;675;
17.04.2025;08:24:13.596;FESX SI 20250620 CS;SIMPLE_INSTRUMENT;VOLA;EUR;637534235;4885.00000000;180;EXCHANGE_LAST;;1;1;XEUR;7904020;675;
17.04.2025;08:34:23.014;FESX SI 20250620 CS;SIMPLE_INSTRUMENT;VOLA;EUR;637534240;4876.00000000;29;EXCHANGE_LAST;;1;1;XEUR;7904020;675;
17.04.2025;08:41:16.443;FESX SI 20250620 CS;SIMPLE_INSTRUMENT;VOLA;EUR;637534247;4879.00000000;600;EXCHANGE_LAST;;1;1;XEUR;7904020;675;
17.04.2025;08:42:20.648;FESX SI 20250620 CS;SIMPLE_INSTRUMENT;VOLA;EUR;637534248;4879.00000000;310;EXCHANGE_LAST;;1;1;XEUR;7904020;675;
17.04.2025;09:06:23.341;FESX SI 20250620 CS;SIMPLE_INSTRUMENT;VOLA;EUR;637534255;4890.00000000;110;EXCHANGE_LAST;;1;1;XEUR;7904020;675;
17.04.2025;09:24:22.314;FESX SI 20250620 CS;SIMPLE_INSTRUMENT;VOLA;EUR;637534269;4883.00000000;2600;EXCHANGE_LAST;;1;1;XEUR;7904020;675;
17.04.2025;09:25:00.482;FESX SI 20250620 CS;SIMPLE_INSTRUMENT;VOLA;EUR;637534270;4883.00000000;1556;EXCHANGE_LAST;;1;1;XEUR;7904020;675;
17.04.2025;09:27:47.479;FESX SI 20250620 CS;SIMPLE_INSTRUMENT;VOLA;EUR;637534272;4874.00000000;129;EXCHANGE_LAST;;1;1;XEUR;7904020;675;
17.04.2025;09:40:31.305;FESX SI 20250620 CS;SIMPLE_INSTRUMENT;VOLA;EUR;637534281;4882.00000000;240;EXCHANGE_LAST;;1;1;XEUR;7904020;675;
17.04.2025;09:41:11.724;FESX SI 20250620 CS;SIMPLE_INSTRUMENT;VOLA;EUR;637534282;4882.00000000;240;EXCHANGE_LAST;;1;1;XEUR;7904020;675;
17.04.2025;09:46:40.123;FESX SI 20250620 CS;SIMPLE_INSTRUMENT;VOLA;EUR;637534286;4880.00000000;239;EXCHANGE_LAST;;1;1;XEUR;7904020;675;
17.04.2025;10:50:40.737;FESX SI 20250620 CS;SIMPLE_INSTRUMENT;VOLA;EUR;637534309;4865.00000000;44;EXCHANGE_LAST;;1;1;XEUR;7904020;675;
17.04.2025;11:25:56.069;FESX SI 20250620 CS;SIMPLE_INSTRUMENT;VOLA;EUR;637534324;4869.00000000;15;EXCHANGE_LAST;;1;1;XEUR;7904020;675;
17.04.2025;14:35:39.582;FESX SI 20250620 CS;SIMPLE_INSTRUMENT;VOLA;EUR;637534379;4878.00000000;160;EXCHANGE_LAST;;1;1;XEUR;7904020;675;
17.04.2025;14:56:46.033;FESX SI 20250620 CS;SIMPLE_INSTRUMENT;VOLA;EUR;637534393;4870.00000000;1245;EXCHANGE_LAST;;1;1;XEUR;7904020;675;
17.04.2025;15:21:33.508;FESX SI 20250620 CS;SIMPLE_INSTRUMENT;VOLA;EUR;637534416;4870.00000000;15;EXCHANGE_LAST;;1;1;XEUR;7904020;675;
17.04.2025;07:24:52.987;FEXD SI 20251219 CS;SIMPLE_INSTRUMENT;BLOCK;EUR;3;164.60000000;250;EXCHANGE_LAST;;1;1;XEUR;1548120;693;
17.04.2025;07:49:40.866;FEXD SI 20261218 CS;SIMPLE_INSTRUMENT;BLOCK;EUR;4;148.90000000;400;EXCHANGE_LAST;;1;1;XEUR;2163053;693;
17.04.2025;07:50:07.877;FEXD SI 20281215 CS;SIMPLE_INSTRUMENT;BLOCK;EUR;5;139.30000000;400;EXCHANGE_LAST;;1;1;XEUR;3680985;693;
17.04.2025;07:57:18.096;FEXD SI 20271217 CS;SIMPLE_INSTRUMENT;BLOCK;EUR;7;143.40000000;150;EXCHANGE_LAST;;1;1;XEUR;2848338;693;
17.04.2025;07:57:48.428;FEXD SI 20281215 CS;SIMPLE_INSTRUMENT;BLOCK;EUR;8;139.30000000;150;EXCHANGE_LAST;;1;1;XEUR;3680985;693;
17.04.2025;08:00:30.282;FEXD.S.DEC29.DEC30.SPD;FUTURES_SPREAD;BLOCK;EUR;10;3.00000000;125;EXCHANGE_LAST;;1;1;XEUR;72060570450264203;693;
17.04.2025;08:00:30.282;FEXD SI 20301220 CS;SIMPLE_INSTRUMENT;BLOCK;EUR;10;133.00000000;125;PRC_DECOMP_EXCHANGE;;;;XEUR;5914108;693;EXCHANGE
17.04.2025;08:00:30.282;FEXD SI 20291221 CS;SIMPLE_INSTRUMENT;BLOCK;EUR;10;136.00000000;125;PRC_DECOMP_EXCHANGE;;;;XEUR;4631968;693;EXCHANGE
17.04.2025;08:00:43.283;FEXD.S.DEC29.DEC30.SPD;FUTURES_SPREAD;BLOCK;EUR;11;3.10000000;125;EXCHANGE_LAST;;1;1;XEUR;72060570450264203;693;
17.04.2025;08:00:43.283;FEXD SI 20291221 CS;SIMPLE_INSTRUMENT;BLOCK;EUR;11;136.00000000;125;PRC_DECOMP_EXCHANGE;;;;XEUR;4631968;693;EXCHANGE
17.04.2025;08:00:43.283;FEXD SI 20301220 CS;SIMPLE_INSTRUMENT;BLOCK;EUR;11;132.90000000;125;PRC_DECOMP_EXCHANGE;;;;XEUR;5914108;693;EXCHANGE
17.04.2025;08:03:52.156;FEXD SI 20251219 CS;SIMPLE_INSTRUMENT;BLOCK;EUR;12;164.50000000;125;EXCHANGE_LAST;;1;1;XEUR;1548120;693;
17.04.2025;08:50:21.166;FEXD SI 20251219 CS;SIMPLE_INSTRUMENT;BLOCK;EUR;13;164.60000000;250;EXCHANGE_LAST;;2;1;XEUR;1548120;693;
17.04.2025;08:54:41.989;FEXD.S.DEC26.DEC27.SPD;FUTURES_SPREAD;BLOCK;EUR;14;5.20000000;500;EXCHANGE_LAST;;1;1;XEUR;72060570450264153;693;
17.04.2025;08:54:41.989;FEXD SI 20271217 CS;SIMPLE_INSTRUMENT;BLOCK;EUR;14;143.10000000;500;PRC_DECOMP_MEMBER;;;;XEUR;2848338;693;MEMBER
17.04.2025;08:54:41.989;FEXD SI 20261218 CS;SIMPLE_INSTRUMENT;BLOCK;EUR;14;148.30000000;500;PRC_DECOMP_MEMBER;;;;XEUR;2163053;693;MEMBER
17.04.2025;08:55:34.405;FEXD.S.DEC26.DEC27.SPD;FUTURES_SPREAD;BLOCK;EUR;15;5.30000000;1096;EXCHANGE_LAST;;1;1;XEUR;72060570450264153;693;
17.04.2025;08:55:34.405;FEXD SI 20271217 CS;SIMPLE_INSTRUMENT;BLOCK;EUR;15;143.10000000;1096;PRC_DECOMP_EXCHANGE;;;;XEUR;2848338;693;EXCHANGE
17.04.2025;08:55:34.405;FEXD SI 20261218 CS;SIMPLE_INSTRUMENT;BLOCK;EUR;15;148.40000000;1096;PRC_DECOMP_EXCHANGE;;;;XEUR;2163053;693;EXCHANGE
17.04.2025;08:55:43.492;FEXD SI 20261218 CS;SIMPLE_INSTRUMENT;BLOCK;EUR;16;148.50000000;500;EXCHANGE_LAST;;1;1;XEUR;2163053;693;
17.04.2025;09:08:41.338;FEXD SI 20261218 CS;SIMPLE_INSTRUMENT;BLOCK;EUR;17;148.50000000;350;EXCHANGE_LAST;;1;1;XEUR;2163053;693;
17.04.2025;09:15:58.577;FEXD SI 20261218 CS;SIMPLE_INSTRUMENT;BLOCK;EUR;19;148.50000000;400;EXCHANGE_LAST;;1;2;XEUR;2163053;693;
17.04.2025;15:43:42.204;FEXD SI 20261218 CS;SIMPLE_INSTRUMENT;BLOCK;EUR;52;155.00000000;1500;EXCHANGE_LAST;;1;1;XEUR;2163053;693;
17.04.2025;07:14:57.813;FGBL SI 20250606 PS;SIMPLE_INSTRUMENT;EFP_FIN;EUR;1;131.14000000;115;EXCHANGE_LAST;;1;1;XEUR;11820389;688;
17.04.2025;07:17:10.241;FGBL SI 20250606 PS;SIMPLE_INSTRUMENT;EFS;EUR;2;131.13000000;214;EXCHANGE_LAST;;1;1;XEUR;11820389;688;
17.04.2025;07:25:35.693;FGBL SI 20250606 PS;SIMPLE_INSTRUMENT;EFS;EUR;3;131.11000000;429;EXCHANGE_LAST;;1;1;XEUR;11820389;688;
17.04.2025;07:26:06.921;FGBL SI 20250606 PS;SIMPLE_INSTRUMENT;EFS;EUR;4;131.11000000;214;EXCHANGE_LAST;;1;1;XEUR;11820389;688;
17.04.2025;07:30:16.893;FGBL SI 20250606 PS;SIMPLE_INSTRUMENT;EFS;EUR;5;131.16000000;429;EXCHANGE_LAST;;1;1;XEUR;11820389;688;
17.04.2025;07:33:29.921;FGBL SI 20250606 PS;SIMPLE_INSTRUMENT;EFS;EUR;6;131.15000000;489;EXCHANGE_LAST;;1;1;XEUR;11820389;688;
17.04.2025;07:34:20.057;FGBL SI 20250606 PS;SIMPLE_INSTRUMENT;EFS;EUR;7;131.14000000;100;EXCHANGE_LAST;;1;1;XEUR;11820389;688;
17.04.2025;07:35:12.063;FGBL SI 20250606 PS;SIMPLE_INSTRUMENT;EFS;EUR;8;131.13000000;977;EXCHANGE_LAST;;1;1;XEUR;11820389;688;
17.04.2025;07:36:12.145;FGBL SI 20250606 PS;SIMPLE_INSTRUMENT;EFS;EUR;9;131.12000000;214;EXCHANGE_LAST;;1;1;XEUR;11820389;688;
17.04.2025;07:36:26.927;FGBL SI 20250606 PS;SIMPLE_INSTRUMENT;EFP_FIN;EUR;10;131.20000000;203;EXCHANGE_LAST;;1;1;XEUR;11820389;688;
17.04.2025;07:36:43.241;FGBL SI 20250606 PS;SIMPLE_INSTRUMENT;EFS;EUR;11;131.16000000;488;EXCHANGE_LAST;;1;1;XEUR;11820389;688;
17.04.2025;07:37:47.713;FGBL SI 20250606 PS;SIMPLE_INSTRUMENT;EFS;EUR;12;131.13000000;214;EXCHANGE_LAST;;1;1;XEUR;11820389;688;
17.04.2025;07:38:54.976;FGBL SI 20250606 PS;SIMPLE_INSTRUMENT;EFS;EUR;13;131.13000000;214;EXCHANGE_LAST;;1;1;XEUR;11820389;688;
17.04.2025;07:38:49.004;FGBL SI 20250606 PS;SIMPLE_INSTRUMENT;EFS;EUR;14;131.11000000;244;EXCHANGE_LAST;;1;1;XEUR;11820389;688;
17.04.2025;07:42:31.086;FGBL SI 20250606 PS;SIMPLE_INSTRUMENT;EFS;EUR;15;131.18000000;2339;EXCHANGE_LAST;;1;1;XEUR;11820389;688;
17.04.2025;07:51:12.979;FGBL SI 20250606 PS;SIMPLE_INSTRUMENT;EFS;EUR;16;131.14000000;489;EXCHANGE_LAST;;1;1;XEUR;11820389;688;
17.04.2025;07:51:41.946;FGBL SI 20250606 PS;SIMPLE_INSTRUMENT;EFP_FIN;EUR;17;131.08000000;406;EXCHANGE_LAST;;1;1;XEUR;11820389;688;
17.04.2025;07:54:51.102;FGBL SI 20250606 PS;SIMPLE_INSTRUMENT;EFS;EUR;18;131.09000000;258;EXCHANGE_LAST;;1;1;XEUR;11820389;688;
17.04.2025;07:55:39.851;FGBL SI 20250606 PS;SIMPLE_INSTRUMENT;EFS;EUR;19;131.11000000;489;EXCHANGE_LAST;;1;1;XEUR;11820389;688;
17.04.2025;07:59:55.828;FGBL SI 20250606 PS;SIMPLE_INSTRUMENT;EFS;EUR;20;131.15000000;342;EXCHANGE_LAST;;1;1;XEUR;11820389;688;
17.04.2025;08:13:22.397;FGBL SI 20250606 PS;SIMPLE_INSTRUMENT;EFS;EUR;21;131.02000000;290;EXCHANGE_LAST;;1;1;XEUR;11820389;688;
17.04.2025;08:32:19.516;FGBL SI 20250606 PS;SIMPLE_INSTRUMENT;EFS;EUR;22;130.99000000;214;EXCHANGE_LAST;;1;1;XEUR;11820389;688;
17.04.2025;08:34:42.512;FGBL SI 20250606 PS;SIMPLE_INSTRUMENT;EFS;EUR;23;130.96000000;429;EXCHANGE_LAST;;1;1;XEUR;11820389;688;
17.04.2025;08:38:41.828;FGBL SI 20250606 PS;SIMPLE_INSTRUMENT;EFS;EUR;24;130.98000000;335;EXCHANGE_LAST;;1;1;XEUR;11820389;688;
17.04.2025;08:40:11.031;FGBL SI 20250606 PS;SIMPLE_INSTRUMENT;EFS;EUR;25;131.01000000;488;EXCHANGE_LAST;;1;1;XEUR;11820389;688;
17.04.2025;08:54:13.121;FGBL SI 20250606 PS;SIMPLE_INSTRUMENT;EFS;EUR;26;130.99000000;278;EXCHANGE_LAST;;1;1;XEUR;11820389;688;
17.04.2025;08:54:59.306;FGBL SI 20250606 PS;SIMPLE_INSTRUMENT;EFS;EUR;27;130.97000000;215;EXCHANGE_LAST;;1;1;XEUR;11820389;688;
17.04.2025;08:59:08.438;FGBL SI 20250606 PS;SIMPLE_INSTRUMENT;EFS;EUR;28;130.93000000;429;EXCHANGE_LAST;;1;1;XEUR;11820389;688;
17.04.2025;09:04:35.742;FGBL SI 20250606 PS;SIMPLE_INSTRUMENT;EFS;EUR;29;130.95000000;214;EXCHANGE_LAST;;1;1;XEUR;11820389;688;
17.04.2025;09:07:27.679;FGBL SI 20250606 PS;SIMPLE_INSTRUMENT;EFP_FIN;EUR;30;130.94000000;100;EXCHANGE_LAST;;1;1;XEUR;11820389;688;
17.04.2025;09:09:09.951;FGBL SI 20250606 PS;SIMPLE_INSTRUMENT;EFS;EUR;31;130.96000000;215;EXCHANGE_LAST;;1;1;XEUR;11820389;688;
17.04.2025;09:12:16.095;FGBL SI 20250606 PS;SIMPLE_INSTRUMENT;EFS;EUR;32;131.01000000;215;EXCHANGE_LAST;;1;1;XEUR;11820389;688;
17.04.2025;09:13:24.385;FGBL SI 20250606 PS;SIMPLE_INSTRUMENT;EFP_FIN;EUR;33;130.94000000;67;EXCHANGE_LAST;;1;1;XEUR;11820389;688;
17.04.2025;09:13:56.175;FGBL SI 20250606 PS;SIMPLE_INSTRUMENT;EFS;EUR;34;130.98000000;468;EXCHANGE_LAST;;1;1;XEUR;11820389;688;
17.04.2025;09:14:11.190;FGBL SI 20250606 PS;SIMPLE_INSTRUMENT;EFS;EUR;35;131.00000000;312;EXCHANGE_LAST;;1;1;XEUR;11820389;688;
17.04.2025;09:16:51.317;FGBL SI 20250606 PS;SIMPLE_INSTRUMENT;EFS;EUR;36;130.97000000;468;EXCHANGE_LAST;;1;1;XEUR;11820389;688;
17.04.2025;09:17:06.330;FGBL SI 20250606 PS;SIMPLE_INSTRUMENT;EFP_FIN;EUR;37;130.94000000;285;EXCHANGE_LAST;;1;1;XEUR;11820389;688;
17.04.2025;09:30:04.408;FGBL SI 20250606 PS;SIMPLE_INSTRUMENT;EFS;EUR;38;131.01000000;325;EXCHANGE_LAST;;1;1;XEUR;11820389;688;
17.04.2025;09:33:59.508;FGBL SI 20250606 PS;SIMPLE_INSTRUMENT;EFS;EUR;39;130.93000000;489;EXCHANGE_LAST;;1;1;XEUR;11820389;688;
17.04.2025;09:36:40.750;FGBL SI 20250606 PS;SIMPLE_INSTRUMENT;EFP_FIN;EUR;40;130.98000000;2993;EXCHANGE_LAST;;1;1;XEUR;11820389;688;
17.04.2025;09:49:24.675;FGBL SI 20250606 PS;SIMPLE_INSTRUMENT;EFS;EUR;41;130.95000000;429;EXCHANGE_LAST;;1;1;XEUR;11820389;688;
17.04.2025;09:50:29.721;FGBL SI 20250606 PS;SIMPLE_INSTRUMENT;EFS;EUR;42;130.96000000;429;EXCHANGE_LAST;;1;1;XEUR;11820389;688;
17.04.2025;09:50:41.206;FGBL SI 20250606 PS;SIMPLE_INSTRUMENT;EFS;EUR;43;130.97000000;147;EXCHANGE_LAST;;1;1;XEUR;11820389;688;
17.04.2025;09:50:51.571;FGBL SI 20250606 PS;SIMPLE_INSTRUMENT;EFP_FIN;EUR;44;130.94000000;868;EXCHANGE_LAST;;1;1;XEUR;11820389;688;
17.04.2025;09:51:14.756;FGBL SI 20250606 PS;SIMPLE_INSTRUMENT;EFS;EUR;45;130.96000000;429;EXCHANGE_LAST;;1;1;XEUR;11820389;688;
17.04.2025;09:52:44.823;FGBL SI 20250606 PS;SIMPLE_INSTRUMENT;EFS;EUR;46;130.97000000;429;EXCHANGE_LAST;;1;1;XEUR;11820389;688;
17.04.2025;09:52:59.837;FGBL SI 20250606 PS;SIMPLE_INSTRUMENT;EFS;EUR;47;130.94000000;172;EXCHANGE_LAST;;1;1;XEUR;11820389;688;
17.04.2025;10:09:30.848;FGBL SI 20250606 PS;SIMPLE_INSTRUMENT;EFS;EUR;48;130.93000000;490;EXCHANGE_LAST;;1;1;XEUR;11820389;688;
17.04.2025;10:09:51.328;FGBL SI 20250606 PS;SIMPLE_INSTRUMENT;EFP_FIN;EUR;49;130.94000000;252;EXCHANGE_LAST;;1;1;XEUR;11820389;688;
17.04.2025;10:10:44.243;FGBL SI 20250606 PS;SIMPLE_INSTRUMENT;EFS;EUR;50;130.94000000;301;EXCHANGE_LAST;;1;1;XEUR;11820389;688;
17.04.2025;10:14:55.043;FGBL SI 20250606 PS;SIMPLE_INSTRUMENT;EFS;EUR;51;130.93000000;214;EXCHANGE_LAST;;1;1;XEUR;11820389;688;
17.04.2025;10:15:16.818;FGBL SI 20250606 PS;SIMPLE_INSTRUMENT;EFS;EUR;52;130.93000000;214;EXCHANGE_LAST;;1;1;XEUR;11820389;688;
17.04.2025;10:15:22.171;FGBL SI 20250606 PS;SIMPLE_INSTRUMENT;EFS;EUR;53;130.94000000;428;EXCHANGE_LAST;;1;1;XEUR;11820389;688;
17.04.2025;10:16:00.152;FGBL SI 20250606 PS;SIMPLE_INSTRUMENT;EFS;EUR;54;130.94000000;214;EXCHANGE_LAST;;1;1;XEUR;11820389;688;
17.04.2025;10:16:23.001;FGBL SI 20250606 PS;SIMPLE_INSTRUMENT;EFP_FIN;EUR;55;130.92000000;381;EXCHANGE_LAST;;1;1;XEUR;11820389;688;
17.04.2025;10:16:52.131;FGBL SI 20250606 PS;SIMPLE_INSTRUMENT;EFS;EUR;56;130.94000000;249;EXCHANGE_LAST;;1;1;XEUR;11820389;688;
17.04.2025;10:24:49.977;FGBL SI 20250606 PS;SIMPLE_INSTRUMENT;EFP_FIN;EUR;57;130.92000000;341;EXCHANGE_LAST;;1;1;XEUR;11820389;688;
17.04.2025;10:28:55.809;FGBL SI 20250606 PS;SIMPLE_INSTRUMENT;EFS;EUR;58;130.97000000;505;EXCHANGE_LAST;;1;1;XEUR;11820389;688;
17.04.2025;10:31:52.448;FGBL SI 20250606 PS;SIMPLE_INSTRUMENT;EFS;EUR;59;130.92000000;202;EXCHANGE_LAST;;1;1;XEUR;11820389;688;
17.04.2025;10:42:04.922;FGBL SI 20250606 PS;SIMPLE_INSTRUMENT;EFS;EUR;60;130.92000000;422;EXCHANGE_LAST;;1;1;XEUR;11820389;688;
17.04.2025;10:45:04.180;FGBL SI 20250606 PS;SIMPLE_INSTRUMENT;EFP_FIN;EUR;61;130.96000000;1871;EXCHANGE_LAST;;1;1;XEUR;11820389;688;
17.04.2025;10:52:34.714;FGBL SI 20250606 PS;SIMPLE_INSTRUMENT;EFP_FIN;EUR;63;130.93000000;625;EXCHANGE_LAST;;1;1;XEUR;11820389;688;
17.04.2025;10:56:10.463;FGBL SI 20250606 PS;SIMPLE_INSTRUMENT;EFS;EUR;64;130.93000000;215;EXCHANGE_LAST;;1;1;XEUR;11820389;688;
17.04.2025;11:24:59.663;FGBL SI 20250606 PS;SIMPLE_INSTRUMENT;EFS;EUR;65;130.99000000;214;EXCHANGE_LAST;;1;1;XEUR;11820389;688;
17.04.2025;11:27:47.760;FGBL SI 20250606 PS;SIMPLE_INSTRUMENT;EFS;EUR;66;131.00000000;429;EXCHANGE_LAST;;1;1;XEUR;11820389;688;
17.04.2025;11:34:04.033;FGBL SI 20250606 PS;SIMPLE_INSTRUMENT;EFS;EUR;67;130.98000000;215;EXCHANGE_LAST;;1;1;XEUR;11820389;688;
17.04.2025;11:38:54.235;FGBL SI 20250606 PS;SIMPLE_INSTRUMENT;EFS;EUR;68;130.98000000;429;EXCHANGE_LAST;;1;1;XEUR;11820389;688;
17.04.2025;11:40:11.191;FGBL SI 20250606 PS;SIMPLE_INSTRUMENT;EFS;EUR;69;130.95000000;294;EXCHANGE_LAST;;1;1;XEUR;11820389;688;
17.04.2025;12:00:41.434;FGBL SI 20250606 PS;SIMPLE_INSTRUMENT;EFS;EUR;70;131.01000000;214;EXCHANGE_LAST;;1;1;XEUR;11820389;688;
17.04.2025;12:08:42.133;FGBL SI 20250606 PS;SIMPLE_INSTRUMENT;EFP_FIN;EUR;71;131.00000000;471;EXCHANGE_LAST;;1;1;XEUR;11820389;688;
17.04.2025;12:11:53.454;FGBL SI 20250606 PS;SIMPLE_INSTRUMENT;EFS;EUR;72;131.00000000;245;EXCHANGE_LAST;;1;1;XEUR;11820389;688;
17.04.2025;12:13:31.995;FGBL SI 20250606 PS;SIMPLE_INSTRUMENT;EFS;EUR;73;130.94000000;429;EXCHANGE_LAST;;1;1;XEUR;11820389;688;
17.04.2025;12:14:24.020;FGBL SI 20250606 PS;SIMPLE_INSTRUMENT;EFS;EUR;74;130.95000000;774;EXCHANGE_LAST;;1;1;XEUR;11820389;688;
17.04.2025;12:14:42.685;FGBL SI 20250606 PS;SIMPLE_INSTRUMENT;EFP_FIN;EUR;75;131.00000000;209;EXCHANGE_LAST;;1;1;XEUR;11820389;688;
17.04.2025;12:34:37.397;FGBL SI 20250606 PS;SIMPLE_INSTRUMENT;EFS;EUR;76;131.15000000;214;EXCHANGE_LAST;;1;1;XEUR;11820389;688;
17.04.2025;12:35:41.799;FGBL SI 20250606 PS;SIMPLE_INSTRUMENT;EFS;EUR;77;131.16000000;429;EXCHANGE_LAST;;1;1;XEUR;11820389;688;
17.04.2025;12:36:22.342;FGBL SI 20250606 PS;SIMPLE_INSTRUMENT;EFS;EUR;78;131.15000000;214;EXCHANGE_LAST;;1;1;XEUR;11820389;688;
17.04.2025;12:37:12.728;FGBL SI 20250606 PS;SIMPLE_INSTRUMENT;EFS;EUR;79;131.17000000;214;EXCHANGE_LAST;;1;1;XEUR;11820389;688;
17.04.2025;12:40:10.746;FGBL SI 20250606 PS;SIMPLE_INSTRUMENT;EFP_FIN;EUR;81;131.32000000;242;EXCHANGE_LAST;;1;1;XEUR;11820389;688;
17.04.2025;12:41:05.801;FGBL SI 20250606 PS;SIMPLE_INSTRUMENT;EFS;EUR;82;131.35000000;429;EXCHANGE_LAST;;1;1;XEUR;11820389;688;
17.04.2025;12:42:55.724;FGBL SI 20250606 PS;SIMPLE_INSTRUMENT;EFS;EUR;83;131.25000000;430;EXCHANGE_LAST;;1;1;XEUR;11820389;688;
17.04.2025;13:08:24.047;FGBL SI 20250606 PS;SIMPLE_INSTRUMENT;BLOCK;EUR;84;131.48000000;4400;EXCHANGE_LAST;;1;1;XEUR;11820389;688;
17.04.2025;13:21:29.927;FGBL SI 20250606 PS;SIMPLE_INSTRUMENT;EFS;EUR;85;131.80000000;214;EXCHANGE_LAST;;1;1;XEUR;11820389;688;
17.04.2025;13:22:21.711;FGBL SI 20250606 PS;SIMPLE_INSTRUMENT;EFS;EUR;86;131.58000000;428;EXCHANGE_LAST;;1;1;XEUR;11820389;688;
17.04.2025;13:23:19.544;FGBL SI 20250606 PS;SIMPLE_INSTRUMENT;EFS;EUR;87;131.72000000;428;EXCHANGE_LAST;;1;1;XEUR;11820389;688;
17.04.2025;13:24:04.344;FGBL SI 20250606 PS;SIMPLE_INSTRUMENT;EFS;EUR;88;131.74000000;993;EXCHANGE_LAST;;1;1;XEUR;11820389;688;
17.04.2025;13:27:34.686;FGBL SI 20250606 PS;SIMPLE_INSTRUMENT;EFS;EUR;89;131.73000000;243;EXCHANGE_LAST;;1;1;XEUR;11820389;688;
17.04.2025;13:28:24.779;FGBL SI 20250606 PS;SIMPLE_INSTRUMENT;EFS;EUR;90;131.71000000;428;EXCHANGE_LAST;;1;1;XEUR;11820389;688;
17.04.2025;13:29:22.612;FGBL SI 20250606 PS;SIMPLE_INSTRUMENT;EFS;EUR;91;131.72000000;1945;EXCHANGE_LAST;;1;1;XEUR;11820389;688;
17.04.2025;13:30:47.985;FGBL SI 20250606 PS;SIMPLE_INSTRUMENT;EFS;EUR;92;131.73000000;171;EXCHANGE_LAST;;1;1;XEUR;11820389;688;
17.04.2025;13:32:39.298;FGBL SI 20250606 PS;SIMPLE_INSTRUMENT;EFS;EUR;93;131.61000000;214;EXCHANGE_LAST;;1;1;XEUR;11820389;688;
17.04.2025;13:36:31.133;FGBL SI 20250606 PS;SIMPLE_INSTRUMENT;EFS;EUR;94;131.63000000;428;EXCHANGE_LAST;;1;1;XEUR;11820389;688;
17.04.2025;13:38:56.241;FGBL SI 20250606 PS;SIMPLE_INSTRUMENT;EFS;EUR;95;131.64000000;171;EXCHANGE_LAST;;1;1;XEUR;11820389;688;
17.04.2025;13:43:46.659;FGBL SI 20250606 PS;SIMPLE_INSTRUMENT;EFS;EUR;96;131.62000000;214;EXCHANGE_LAST;;1;1;XEUR;11820389;688;
17.04.2025;13:44:12.459;FGBL SI 20250606 PS;SIMPLE_INSTRUMENT;EFS;EUR;97;131.63000000;1841;EXCHANGE_LAST;;1;1;XEUR;11820389;688;
17.04.2025;13:45:57.172;FGBL SI 20250606 PS;SIMPLE_INSTRUMENT;EFS;EUR;98;131.64000000;428;EXCHANGE_LAST;;1;1;XEUR;11820389;688;
17.04.2025;13:46:25.754;FGBL SI 20250606 PS;SIMPLE_INSTRUMENT;EFS;EUR;99;131.71000000;395;EXCHANGE_LAST;;1;1;XEUR;11820389;688;
17.04.2025;13:46:29.382;FGBL SI 20250606 PS;SIMPLE_INSTRUMENT;EFS;EUR;100;131.64000000;240;EXCHANGE_LAST;;1;1;XEUR;11820389;688;
17.04.2025;13:52:19.435;FGBL SI 20250606 PS;SIMPLE_INSTRUMENT;EFP_FIN;EUR;101;131.69000000;81;EXCHANGE_LAST;;1;1;XEUR;11820389;688;
17.04.2025;13:52:43.925;FGBL SI 20250606 PS;SIMPLE_INSTRUMENT;EFP_FIN;EUR;102;131.66000000;81;EXCHANGE_LAST;;1;1;XEUR;11820389;688;
17.04.2025;13:54:28.630;FGBL SI 20250606 PS;SIMPLE_INSTRUMENT;EFS;EUR;103;131.65000000;428;EXCHANGE_LAST;;1;1;XEUR;11820389;688;
17.04.2025;13:55:41.959;FGBL SI 20250606 PS;SIMPLE_INSTRUMENT;EFS;EUR;104;131.57000000;428;EXCHANGE_LAST;;1;1;XEUR;11820389;688;
17.04.2025;13:56:42.357;FGBL SI 20250606 PS;SIMPLE_INSTRUMENT;EFS;EUR;105;131.52000000;479;EXCHANGE_LAST;;1;1;XEUR;11820389;688;
17.04.2025;13:57:26.088;FGBL SI 20250606 PS;SIMPLE_INSTRUMENT;EFP_FIN;EUR;106;131.69000000;203;EXCHANGE_LAST;;1;1;XEUR;11820389;688;
17.04.2025;14:01:08.151;FGBL SI 20250606 PS;SIMPLE_INSTRUMENT;EFS;EUR;107;131.67000000;740;EXCHANGE_LAST;;1;1;XEUR;11820389;688;
17.04.2025;14:10:44.268;FGBL SI 20250606 PS;SIMPLE_INSTRUMENT;EFS;EUR;108;131.57000000;195;EXCHANGE_LAST;;1;1;XEUR;11820389;688;
17.04.2025;14:12:54.367;FGBL SI 20250606 PS;SIMPLE_INSTRUMENT;EFS;EUR;109;131.71000000;394;EXCHANGE_LAST;;1;1;XEUR;11820389;688;
17.04.2025;14:18:26.466;FGBL SI 20250606 PS;SIMPLE_INSTRUMENT;EFP_FIN;EUR;110;131.61000000;192;EXCHANGE_LAST;;1;1;XEUR;11820389;688;
17.04.2025;14:34:45.488;FGBL SI 20250606 PS;SIMPLE_INSTRUMENT;EFP_FIN;EUR;111;131.54000000;115;EXCHANGE_LAST;;1;1;XEUR;11820389;688;
17.04.2025;14:38:31.808;FGBL SI 20250606 PS;SIMPLE_INSTRUMENT;EFS;EUR;112;131.72000000;202;EXCHANGE_LAST;;1;1;XEUR;11820389;688;
17.04.2025;14:39:46.864;FGBL SI 20250606 PS;SIMPLE_INSTRUMENT;EFS;EUR;113;131.71000000;377;EXCHANGE_LAST;;1;1;XEUR;11820389;688;
17.04.2025;14:40:41.907;FGBL SI 20250606 PS;SIMPLE_INSTRUMENT;EFS;EUR;114;131.71000000;151;EXCHANGE_LAST;;1;1;XEUR;11820389;688;
17.04.2025;14:43:13.271;FGBL SI 20250606 PS;SIMPLE_INSTRUMENT;EFS;EUR;115;131.67000000;486;EXCHANGE_LAST;;1;1;XEUR;11820389;688;
17.04.2025;14:44:45.415;FGBL SI 20250606 PS;SIMPLE_INSTRUMENT;EFS;EUR;116;131.69000000;97;EXCHANGE_LAST;;1;1;XEUR;11820389;688;
17.04.2025;14:47:50.440;FGBL SI 20250606 PS;SIMPLE_INSTRUMENT;EFS;EUR;117;131.72000000;200;EXCHANGE_LAST;;1;1;XEUR;11820389;688;
17.04.2025;14:50:12.331;FGBL SI 20250606 PS;SIMPLE_INSTRUMENT;EFS;EUR;118;131.67000000;202;EXCHANGE_LAST;;1;1;XEUR;11820389;688;
17.04.2025;14:51:17.375;FGBL SI 20250606 PS;SIMPLE_INSTRUMENT;EFS;EUR;119;131.69000000;428;EXCHANGE_LAST;;1;1;XEUR;11820389;688;
17.04.2025;14:52:08.473;FGBL SI 20250606 PS;SIMPLE_INSTRUMENT;EFP_FIN;EUR;120;130.94000000;75;EXCHANGE_LAST;;1;1;XEUR;11820389;688;
17.04.2025;14:54:02.505;FGBL SI 20250606 PS;SIMPLE_INSTRUMENT;EFS;EUR;121;131.66000000;428;EXCHANGE_LAST;;1;1;XEUR;11820389;688;
17.04.2025;14:59:42.743;FGBL SI 20250606 PS;SIMPLE_INSTRUMENT;EFS;EUR;122;131.69000000;642;EXCHANGE_LAST;;1;1;XEUR;11820389;688;
17.04.2025;15:02:04.859;FGBL SI 20250606 PS;SIMPLE_INSTRUMENT;EFS;EUR;123;131.69000000;428;EXCHANGE_LAST;;1;1;XEUR;11820389;688;
17.04.2025;15:04:22.960;FGBL SI 20250606 PS;SIMPLE_INSTRUMENT;EFS;EUR;124;131.68000000;214;EXCHANGE_LAST;;1;1;XEUR;11820389;688;
17.04.2025;15:08:29.140;FGBL SI 20250606 PS;SIMPLE_INSTRUMENT;EFS;EUR;125;131.64000000;214;EXCHANGE_LAST;;1;1;XEUR;11820389;688;
17.04.2025;15:08:53.162;FGBL SI 20250606 PS;SIMPLE_INSTRUMENT;EFS;EUR;126;131.64000000;214;EXCHANGE_LAST;;1;1;XEUR;11820389;688;
17.04.2025;15:09:23.188;FGBL SI 20250606 PS;SIMPLE_INSTRUMENT;EFS;EUR;127;131.67000000;428;EXCHANGE_LAST;;1;1;XEUR;11820389;688;
17.04.2025;15:13:55.382;FGBL SI 20250606 PS;SIMPLE_INSTRUMENT;EFS;EUR;128;131.69000000;171;EXCHANGE_LAST;;1;1;XEUR;11820389;688;
17.04.2025;15:14:27.030;FGBL SI 20250606 PS;SIMPLE_INSTRUMENT;EFP_FIN;EUR;129;131.61000000;1025;EXCHANGE_LAST;;1;1;XEUR;11820389;688;
17.04.2025;15:15:38.740;FGBL SI 20250606 PS;SIMPLE_INSTRUMENT;EFS;EUR;130;131.64000000;973;EXCHANGE_LAST;;1;1;XEUR;11820389;688;
17.04.2025;15:16:22.933;FGBL SI 20250606 PS;SIMPLE_INSTRUMENT;EFS;EUR;131;131.66000000;340;EXCHANGE_LAST;;1;1;XEUR;11820389;688;
17.04.2025;15:19:05.609;FGBL SI 20250606 PS;SIMPLE_INSTRUMENT;EFS;EUR;132;131.75000000;428;EXCHANGE_LAST;;1;1;XEUR;11820389;688;
17.04.2025;15:19:05.654;FGBL SI 20250606 PS;SIMPLE_INSTRUMENT;EFS;EUR;133;131.75000000;428;EXCHANGE_LAST;;1;1;XEUR;11820389;688;
17.04.2025;15:22:14.080;FGBL SI 20250606 PS;SIMPLE_INSTRUMENT;EFS;EUR;134;131.69000000;97;EXCHANGE_LAST;;1;1;XEUR;11820389;688;
17.04.2025;15:22:21.954;FGBL SI 20250606 PS;SIMPLE_INSTRUMENT;EFS;EUR;135;131.69000000;128;EXCHANGE_LAST;;1;1;XEUR;11820389;688;
17.04.2025;15:27:27.229;FGBL SI 20250606 PS;SIMPLE_INSTRUMENT;EFS;EUR;136;131.75000000;1943;EXCHANGE_LAST;;1;1;XEUR;11820389;688;
17.04.2025;15:27:07.473;FGBL SI 20250606 PS;SIMPLE_INSTRUMENT;EFS;EUR;137;131.75000000;299;EXCHANGE_LAST;;1;1;XEUR;11820389;688;
17.04.2025;15:31:48.486;FGBL SI 20250606 PS;SIMPLE_INSTRUMENT;EFS;EUR;138;131.69000000;1400;EXCHANGE_LAST;;1;1;XEUR;11820389;688;
17.04.2025;15:33:55.524;FGBL SI 20250606 PS;SIMPLE_INSTRUMENT;EFS;EUR;139;131.74000000;100;EXCHANGE_LAST;;1;1;XEUR;11820389;688;
17.04.2025;15:34:30.250;FGBL SI 20250606 PS;SIMPLE_INSTRUMENT;EFS;EUR;140;131.66000000;234;EXCHANGE_LAST;;1;1;XEUR;11820389;688;
17.04.2025;15:36:10.357;FGBL SI 20250606 PS;SIMPLE_INSTRUMENT;EFS;EUR;141;131.63000000;428;EXCHANGE_LAST;;1;1;XEUR;11820389;688;
17.04.2025;15:37:37.685;FGBL SI 20250606 PS;SIMPLE_INSTRUMENT;EFS;EUR;142;131.69000000;294;EXCHANGE_LAST;;1;1;XEUR;11820389;688;
17.04.2025;15:41:54.832;FGBL SI 20250606 PS;SIMPLE_INSTRUMENT;EFS;EUR;143;131.65000000;248;EXCHANGE_LAST;;1;1;XEUR;11820389;688;
17.04.2025;07:23:45.853;FGBL SI 20250606 PS;SIMPLE_INSTRUMENT;VOLA;EUR;268435462;131.19000000;95;EXCHANGE_LAST;;1;1;XEUR;11820389;688;
17.04.2025;07:24:36.860;FGBL SI 20250606 PS;SIMPLE_INSTRUMENT;VOLA;EUR;268435463;131.19000000;95;EXCHANGE_LAST;;1;1;XEUR;11820389;688;
17.04.2025;08:00:24.717;FGBL SI 20250606 PS;SIMPLE_INSTRUMENT;VOLA;EUR;268435471;131.14000000;170;EXCHANGE_LAST;;1;1;XEUR;11820389;688;
17.04.2025;09:26:39.157;FGBL SI 20250606 PS;SIMPLE_INSTRUMENT;VOLA;EUR;268435484;131.00000000;50;EXCHANGE_LAST;;1;1;XEUR;11820389;688;
17.04.2025;09:28:32.710;FGBL SI 20250606 PS;SIMPLE_INSTRUMENT;VOLA;EUR;268435485;131.00000000;100;EXCHANGE_LAST;;1;1;XEUR;11820389;688;
17.04.2025;09:30:10.714;FGBL SI 20250606 PS;SIMPLE_INSTRUMENT;VOLA;EUR;268435486;131.00000000;100;EXCHANGE_LAST;;1;1;XEUR;11820389;688;
17.04.2025;13:06:48.623;FGBL SI 20250606 PS;SIMPLE_INSTRUMENT;VOLA;EUR;268435528;131.55000000;150;EXCHANGE_LAST;;1;1;XEUR;11820389;688;
17.04.2025;13:06:58.624;FGBL SI 20250606 PS;SIMPLE_INSTRUMENT;VOLA;EUR;268435529;131.55000000;150;EXCHANGE_LAST;;1;1;XEUR;11820389;688;
17.04.2025;13:29:53.683;FGBL SI 20250606 PS;SIMPLE_INSTRUMENT;VOLA;EUR;268435539;131.68000000;20;EXCHANGE_LAST;;1;1;XEUR;11820389;688;
17.04.2025;13:37:24.865;FGBL SI 20250606 PS;SIMPLE_INSTRUMENT;VOLA;EUR;268435545;131.68000000;40;EXCHANGE_LAST;;1;1;XEUR;11820389;688;
17.04.2025;13:53:14.307;FGBL SI 20250606 PS;SIMPLE_INSTRUMENT;VOLA;EUR;268435560;131.62000000;130;EXCHANGE_LAST;;1;1;XEUR;11820389;688;
17.04.2025;14:29:31.962;FGBL SI 20250606 PS;SIMPLE_INSTRUMENT;VOLA;EUR;268435571;131.52000000;100;EXCHANGE_LAST;;1;1;XEUR;11820389;688;
17.04.2025;14:30:57.418;FGBL SI 20250606 PS;SIMPLE_INSTRUMENT;VOLA;EUR;268435572;131.50000000;24;EXCHANGE_LAST;;1;1;XEUR;11820389;688;
17.04.2025;14:36:06.264;FGBL SI 20250606 PS;SIMPLE_INSTRUMENT;VOLA;EUR;268435576;131.55000000;86;EXCHANGE_LAST;;1;1;XEUR;11820389;688;
17.04.2025;14:38:19.796;FGBL SI 20250606 PS;SIMPLE_INSTRUMENT;VOLA;EUR;268435577;131.55000000;70;EXCHANGE_LAST;;1;1;XEUR;11820389;688;
17.04.2025;14:48:39.638;FGBL SI 20250606 PS;SIMPLE_INSTRUMENT;VOLA;EUR;268435581;131.73000000;47;EXCHANGE_LAST;;1;1;XEUR;11820389;688;
17.04.2025;14:48:40.812;FGBL SI 20250606 PS;SIMPLE_INSTRUMENT;VOLA;EUR;268435582;131.73000000;141;EXCHANGE_LAST;;1;1;XEUR;11820389;688;
17.04.2025;15:14:08.310;FGBL SI 20250606 PS;SIMPLE_INSTRUMENT;VOLA;EUR;268435591;131.73000000;35;EXCHANGE_LAST;;1;1;XEUR;11820389;688;
17.04.2025;15:24:14.357;FGBL SI 20250606 PS;SIMPLE_INSTRUMENT;VOLA;EUR;268435597;131.68000000;32;EXCHANGE_LAST;;1;1;XEUR;11820389;688;
17.04.2025;06:48:59.470;FGBM SI 20250606 PS;SIMPLE_INSTRUMENT;EFS;EUR;1;119.25000000;120;EXCHANGE_LAST;;1;1;XEUR;11820390;689;
17.04.2025;07:17:20.341;FGBM SI 20250606 PS;SIMPLE_INSTRUMENT;EFS;EUR;2;119.24000000;1697;EXCHANGE_LAST;;1;1;XEUR;11820390;689;
17.04.2025;07:17:35.355;FGBM SI 20250606 PS;SIMPLE_INSTRUMENT;EFS;EUR;3;119.24000000;424;EXCHANGE_LAST;;1;1;XEUR;11820390;689;
17.04.2025;07:17:50.374;FGBM SI 20250606 PS;SIMPLE_INSTRUMENT;EFS;EUR;4;119.24000000;1697;EXCHANGE_LAST;;1;1;XEUR;11820390;689;
17.04.2025;07:17:50.418;FGBM SI 20250606 PS;SIMPLE_INSTRUMENT;EFS;EUR;5;119.24000000;212;EXCHANGE_LAST;;1;1;XEUR;11820390;689;
17.04.2025;07:20:50.494;FGBM SI 20250606 PS;SIMPLE_INSTRUMENT;EFS;EUR;6;119.24000000;424;EXCHANGE_LAST;;1;1;XEUR;11820390;689;
17.04.2025;07:33:52.224;FGBM SI 20250606 PS;SIMPLE_INSTRUMENT;EFP_FIN;EUR;7;119.20000000;430;EXCHANGE_LAST;;1;1;XEUR;11820390;689;
17.04.2025;07:33:34.057;FGBM SI 20250606 PS;SIMPLE_INSTRUMENT;EFS;EUR;8;119.21000000;1841;EXCHANGE_LAST;;1;1;XEUR;11820390;689;
17.04.2025;07:35:17.105;FGBM SI 20250606 PS;SIMPLE_INSTRUMENT;EFS;EUR;9;119.22000000;849;EXCHANGE_LAST;;1;1;XEUR;11820390;689;
17.04.2025;07:40:04.996;FGBM SI 20250606 PS;SIMPLE_INSTRUMENT;EFP_FIN;EUR;10;119.22000000;905;EXCHANGE_LAST;;1;1;XEUR;11820390;689;
17.04.2025;07:45:39.961;FGBM SI 20250606 PS;SIMPLE_INSTRUMENT;EFS;EUR;11;119.22000000;1381;EXCHANGE_LAST;;1;1;XEUR;11820390;689;
17.04.2025;07:54:05.252;FGBM SI 20250606 PS;SIMPLE_INSTRUMENT;EFP_FIN;EUR;12;119.21000000;147;EXCHANGE_LAST;;1;1;XEUR;11820390;689;
17.04.2025;07:55:40.030;FGBM SI 20250606 PS;SIMPLE_INSTRUMENT;EFS;EUR;13;119.19000000;486;EXCHANGE_LAST;;1;1;XEUR;11820390;689;
17.04.2025;08:16:14.549;FGBM SI 20250606 PS;SIMPLE_INSTRUMENT;EFS;EUR;14;119.13000000;648;EXCHANGE_LAST;;1;1;XEUR;11820390;689;
17.04.2025;08:30:23.659;FGBM SI 20250606 PS;SIMPLE_INSTRUMENT;EFP_FIN;EUR;15;119.13000000;325;EXCHANGE_LAST;;1;1;XEUR;11820390;689;
17.04.2025;08:34:05.241;FGBM SI 20250606 PS;SIMPLE_INSTRUMENT;EFS;EUR;16;119.12000000;461;EXCHANGE_LAST;;1;1;XEUR;11820390;689;
17.04.2025;08:39:37.626;FGBM SI 20250606 PS;SIMPLE_INSTRUMENT;EFS;EUR;17;119.11000000;848;EXCHANGE_LAST;;1;1;XEUR;11820390;689;
17.04.2025;08:46:18.326;FGBM SI 20250606 PS;SIMPLE_INSTRUMENT;EFP_FIN;EUR;18;119.12000000;122;EXCHANGE_LAST;;1;1;XEUR;11820390;689;
17.04.2025;08:46:35.301;FGBM SI 20250606 PS;SIMPLE_INSTRUMENT;EFP_FIN;EUR;19;119.12000000;285;EXCHANGE_LAST;;1;1;XEUR;11820390;689;
17.04.2025;08:50:21.110;FGBM SI 20250606 PS;SIMPLE_INSTRUMENT;EFS;EUR;20;119.13000000;524;EXCHANGE_LAST;;1;1;XEUR;11820390;689;
17.04.2025;08:48:54.288;FGBM SI 20250606 PS;SIMPLE_INSTRUMENT;EFS;EUR;21;119.07000000;1383;EXCHANGE_LAST;;1;1;XEUR;11820390;689;
17.04.2025;08:54:47.578;FGBM SI 20250606 PS;SIMPLE_INSTRUMENT;EFS;EUR;22;119.11000000;922;EXCHANGE_LAST;;1;1;XEUR;11820390;689;
17.04.2025;08:54:59.944;FGBM SI 20250606 PS;SIMPLE_INSTRUMENT;EFS;EUR;23;119.06000000;424;EXCHANGE_LAST;;1;1;XEUR;11820390;689;
17.04.2025;08:55:53.576;FGBM SI 20250606 PS;SIMPLE_INSTRUMENT;EFS;EUR;24;119.05000000;849;EXCHANGE_LAST;;1;1;XEUR;11820390;689;
17.04.2025;09:00:26.910;FGBM SI 20250606 PS;SIMPLE_INSTRUMENT;EFS;EUR;25;119.06000000;461;EXCHANGE_LAST;;1;1;XEUR;11820390;689;
17.04.2025;09:00:48.691;FGBM SI 20250606 PS;SIMPLE_INSTRUMENT;EFS;EUR;26;119.05000000;461;EXCHANGE_LAST;;1;1;XEUR;11820390;689;
17.04.2025;09:09:05.947;FGBM SI 20250606 PS;SIMPLE_INSTRUMENT;EFS;EUR;27;119.07000000;849;EXCHANGE_LAST;;1;1;XEUR;11820390;689;
17.04.2025;09:11:50.736;FGBM SI 20250606 PS;SIMPLE_INSTRUMENT;EFP_FIN;EUR;28;119.07000000;76;EXCHANGE_LAST;;1;1;XEUR;11820390;689;
17.04.2025;09:12:23.800;FGBM SI 20250606 PS;SIMPLE_INSTRUMENT;EFS;EUR;29;119.04000000;808;EXCHANGE_LAST;;1;1;XEUR;11820390;689;
17.04.2025;09:12:34.002;FGBM SI 20250606 PS;SIMPLE_INSTRUMENT;EFP_FIN;EUR;30;119.07000000;290;EXCHANGE_LAST;;1;1;XEUR;11820390;689;
17.04.2025;09:12:38.588;FGBM SI 20250606 PS;SIMPLE_INSTRUMENT;EFS;EUR;31;119.09000000;848;EXCHANGE_LAST;;1;1;XEUR;11820390;689;
17.04.2025;09:14:51.225;FGBM SI 20250606 PS;SIMPLE_INSTRUMENT;EFS;EUR;32;119.08000000;849;EXCHANGE_LAST;;1;1;XEUR;11820390;689;
17.04.2025;09:15:26.253;FGBM SI 20250606 PS;SIMPLE_INSTRUMENT;EFS;EUR;33;119.08000000;425;EXCHANGE_LAST;;1;1;XEUR;11820390;689;
17.04.2025;09:15:31.259;FGBM SI 20250606 PS;SIMPLE_INSTRUMENT;EFS;EUR;34;119.08000000;425;EXCHANGE_LAST;;1;1;XEUR;11820390;689;
17.04.2025;09:54:25.549;FGBM SI 20250606 PS;SIMPLE_INSTRUMENT;EFP_FIN;EUR;35;119.09000000;94;EXCHANGE_LAST;;1;1;XEUR;11820390;689;
17.04.2025;09:40:09.439;FGBM SI 20250606 PS;SIMPLE_INSTRUMENT;EFS;EUR;36;119.07000000;487;EXCHANGE_LAST;;1;1;XEUR;11820390;689;
17.04.2025;09:53:39.620;FGBM SI 20250606 PS;SIMPLE_INSTRUMENT;EFP_FIN;EUR;37;119.08000000;349;EXCHANGE_LAST;;1;1;XEUR;11820390;689;
17.04.2025;09:57:23.643;FGBM SI 20250606 PS;SIMPLE_INSTRUMENT;EFS;EUR;38;119.07000000;922;EXCHANGE_LAST;;1;1;XEUR;11820390;689;
17.04.2025;09:57:08.943;FGBM SI 20250606 PS;SIMPLE_INSTRUMENT;EFP_FIN;EUR;39;119.08000000;769;EXCHANGE_LAST;;1;1;XEUR;11820390;689;
17.04.2025;10:01:00.174;FGBM SI 20250606 PS;SIMPLE_INSTRUMENT;EFS;EUR;40;119.07000000;849;EXCHANGE_LAST;;1;1;XEUR;11820390;689;
17.04.2025;10:01:32.363;FGBM SI 20250606 PS;SIMPLE_INSTRUMENT;EFS;EUR;41;119.07000000;849;EXCHANGE_LAST;;1;1;XEUR;11820390;689;
17.04.2025;10:05:01.578;FGBM SI 20250606 PS;SIMPLE_INSTRUMENT;EFP_FIN;EUR;42;119.06000000;147;EXCHANGE_LAST;;1;1;XEUR;11820390;689;
17.04.2025;10:06:26.054;FGBM SI 20250606 PS;SIMPLE_INSTRUMENT;EFP_FIN;EUR;43;119.10000000;147;EXCHANGE_LAST;;1;1;XEUR;11820390;689;
17.04.2025;10:25:42.915;FGBM SI 20250606 PS;SIMPLE_INSTRUMENT;EFS;EUR;44;119.07000000;2548;EXCHANGE_LAST;;1;1;XEUR;11820390;689;
17.04.2025;10:23:23.129;FGBM SI 20250606 PS;SIMPLE_INSTRUMENT;EFP_FIN;EUR;45;119.10000000;326;EXCHANGE_LAST;;1;1;XEUR;11820390;689;
17.04.2025;10:26:08.649;FGBM SI 20250606 PS;SIMPLE_INSTRUMENT;EFS;EUR;46;119.07000000;2548;EXCHANGE_LAST;;1;1;XEUR;11820390;689;
17.04.2025;10:25:53.133;FGBM SI 20250606 PS;SIMPLE_INSTRUMENT;EFS;EUR;47;119.13000000;424;EXCHANGE_LAST;;1;1;XEUR;11820390;689;
17.04.2025;10:33:13.850;FGBM SI 20250606 PS;SIMPLE_INSTRUMENT;EFP_FIN;EUR;49;119.08000000;377;EXCHANGE_LAST;;1;1;XEUR;11820390;689;
17.04.2025;10:34:57.944;FGBM SI 20250606 PS;SIMPLE_INSTRUMENT;EFP_FIN;EUR;50;119.05000000;441;EXCHANGE_LAST;;1;1;XEUR;11820390;689;
17.04.2025;10:37:54.975;FGBM SI 20250606 PS;SIMPLE_INSTRUMENT;EFS;EUR;51;119.06000000;849;EXCHANGE_LAST;;1;1;XEUR;11820390;689;
17.04.2025;10:43:15.509;FGBM SI 20250606 PS;SIMPLE_INSTRUMENT;EFS;EUR;52;119.05000000;812;EXCHANGE_LAST;;1;1;XEUR;11820390;689;
17.04.2025;10:45:17.469;FGBM SI 20250606 PS;SIMPLE_INSTRUMENT;EFP_FIN;EUR;53;119.05000000;353;EXCHANGE_LAST;;1;1;XEUR;11820390;689;
17.04.2025;10:46:07.602;FGBM SI 20250606 PS;SIMPLE_INSTRUMENT;EFS;EUR;54;119.04000000;424;EXCHANGE_LAST;;1;1;XEUR;11820390;689;
17.04.2025;10:47:56.525;FGBM SI 20250606 PS;SIMPLE_INSTRUMENT;EFS;EUR;55;119.07000000;922;EXCHANGE_LAST;;1;1;XEUR;11820390;689;
17.04.2025;10:48:14.313;FGBM SI 20250606 PS;SIMPLE_INSTRUMENT;EFS;EUR;56;119.07000000;339;EXCHANGE_LAST;;1;1;XEUR;11820390;689;
17.04.2025;10:49:53.931;FGBM SI 20250606 PS;SIMPLE_INSTRUMENT;EFP_FIN;EUR;57;119.05000000;441;EXCHANGE_LAST;;1;1;XEUR;11820390;689;
17.04.2025;10:49:56.533;FGBM SI 20250606 PS;SIMPLE_INSTRUMENT;EFS;EUR;58;119.07000000;406;EXCHANGE_LAST;;1;1;XEUR;11820390;689;
17.04.2025;10:57:03.381;FGBM SI 20250606 PS;SIMPLE_INSTRUMENT;EFS;EUR;59;119.07000000;848;EXCHANGE_LAST;;1;1;XEUR;11820390;689;
17.04.2025;11:00:54.068;FGBM SI 20250606 PS;SIMPLE_INSTRUMENT;EFP_FIN;EUR;60;119.07000000;81;EXCHANGE_LAST;;1;1;XEUR;11820390;689;
17.04.2025;11:00:52.843;FGBM SI 20250606 PS;SIMPLE_INSTRUMENT;EFP_FIN;EUR;61;119.07000000;285;EXCHANGE_LAST;;1;1;XEUR;11820390;689;
17.04.2025;11:00:56.670;FGBM SI 20250606 PS;SIMPLE_INSTRUMENT;EFP_FIN;EUR;62;119.07000000;396;EXCHANGE_LAST;;1;1;XEUR;11820390;689;
17.04.2025;11:01:30.744;FGBM SI 20250606 PS;SIMPLE_INSTRUMENT;EFP_FIN;EUR;63;119.07000000;182;EXCHANGE_LAST;;1;1;XEUR;11820390;689;
17.04.2025;11:02:00.960;FGBM SI 20250606 PS;SIMPLE_INSTRUMENT;EFP_FIN;EUR;64;119.06000000;77;EXCHANGE_LAST;;1;1;XEUR;11820390;689;
17.04.2025;11:04:46.613;FGBM SI 20250606 PS;SIMPLE_INSTRUMENT;EFS;EUR;65;119.05000000;272;EXCHANGE_LAST;;1;1;XEUR;11820390;689;
17.04.2025;11:06:08.206;FGBM SI 20250606 PS;SIMPLE_INSTRUMENT;EFS;EUR;66;119.06000000;849;EXCHANGE_LAST;;1;1;XEUR;11820390;689;
17.04.2025;11:06:12.585;FGBM SI 20250606 PS;SIMPLE_INSTRUMENT;EFP_FIN;EUR;67;119.08000000;899;EXCHANGE_LAST;;1;1;XEUR;11820390;689;
17.04.2025;11:26:59.149;FGBM SI 20250606 PS;SIMPLE_INSTRUMENT;EFP_FIN;EUR;68;119.07000000;588;EXCHANGE_LAST;;1;1;XEUR;11820390;689;
17.04.2025;11:26:12.845;FGBM SI 20250606 PS;SIMPLE_INSTRUMENT;EFS;EUR;69;119.07000000;811;EXCHANGE_LAST;;1;1;XEUR;11820390;689;
17.04.2025;11:27:36.151;FGBM SI 20250606 PS;SIMPLE_INSTRUMENT;EFP_FIN;EUR;70;119.08000000;807;EXCHANGE_LAST;;1;1;XEUR;11820390;689;
17.04.2025;11:27:39.894;FGBM SI 20250606 PS;SIMPLE_INSTRUMENT;EFP_FIN;EUR;71;119.07000000;407;EXCHANGE_LAST;;1;1;XEUR;11820390;689;
17.04.2025;11:28:27.793;FGBM SI 20250606 PS;SIMPLE_INSTRUMENT;EFS;EUR;72;119.09000000;425;EXCHANGE_LAST;;1;1;XEUR;11820390;689;
17.04.2025;11:39:29.752;FGBM SI 20250606 PS;SIMPLE_INSTRUMENT;EFP_FIN;EUR;73;119.08000000;378;EXCHANGE_LAST;;1;1;XEUR;11820390;689;
17.04.2025;11:39:33.752;FGBM SI 20250606 PS;SIMPLE_INSTRUMENT;EFS;EUR;74;119.08000000;424;EXCHANGE_LAST;;1;1;XEUR;11820390;689;
17.04.2025;11:39:56.577;FGBM SI 20250606 PS;SIMPLE_INSTRUMENT;EFS;EUR;75;119.07000000;424;EXCHANGE_LAST;;1;1;XEUR;11820390;689;
17.04.2025;11:47:46.194;FGBM SI 20250606 PS;SIMPLE_INSTRUMENT;EFP_FIN;EUR;76;119.07000000;426;EXCHANGE_LAST;;1;1;XEUR;11820390;689;
17.04.2025;11:50:10.500;FGBM SI 20250606 PS;SIMPLE_INSTRUMENT;EFP_FIN;EUR;77;119.07000000;203;EXCHANGE_LAST;;1;1;XEUR;11820390;689;
17.04.2025;11:53:53.352;FGBM SI 20250606 PS;SIMPLE_INSTRUMENT;EFP_FIN;EUR;78;119.07000000;426;EXCHANGE_LAST;;1;1;XEUR;11820390;689;
17.04.2025;11:55:19.922;FGBM SI 20250606 PS;SIMPLE_INSTRUMENT;EFP_FIN;EUR;79;119.07000000;203;EXCHANGE_LAST;;1;1;XEUR;11820390;689;
17.04.2025;11:59:27.757;FGBM SI 20250606 PS;SIMPLE_INSTRUMENT;EFP_FIN;EUR;80;119.11000000;293;EXCHANGE_LAST;;1;1;XEUR;11820390;689;
17.04.2025;12:01:50.054;FGBM SI 20250606 PS;SIMPLE_INSTRUMENT;EFP_FIN;EUR;81;119.07000000;480;EXCHANGE_LAST;;1;1;XEUR;11820390;689;
17.04.2025;12:06:56.776;FGBM SI 20250606 PS;SIMPLE_INSTRUMENT;EFS;EUR;82;119.10000000;812;EXCHANGE_LAST;;1;1;XEUR;11820390;689;
17.04.2025;12:09:41.942;FGBM SI 20250606 PS;SIMPLE_INSTRUMENT;EFS;EUR;83;119.07000000;848;EXCHANGE_LAST;;1;1;XEUR;11820390;689;
17.04.2025;12:30:26.173;FGBM SI 20250606 PS;SIMPLE_INSTRUMENT;EFS;EUR;84;119.22000000;921;EXCHANGE_LAST;;1;1;XEUR;11820390;689;
17.04.2025;12:54:46.398;FGBM SI 20250606 PS;SIMPLE_INSTRUMENT;EFS;EUR;85;119.35000000;460;EXCHANGE_LAST;;1;1;XEUR;11820390;689;
17.04.2025;12:56:53.112;FGBM SI 20250606 PS;SIMPLE_INSTRUMENT;EFS;EUR;86;119.33000000;459;EXCHANGE_LAST;;1;1;XEUR;11820390;689;
17.04.2025;13:03:59.064;FGBM SI 20250606 PS;SIMPLE_INSTRUMENT;EFS;EUR;87;119.45000000;593;EXCHANGE_LAST;;1;1;XEUR;11820390;689;
17.04.2025;13:13:27.617;FGBM SI 20250606 PS;SIMPLE_INSTRUMENT;EFP_FIN;EUR;88;119.09000000;681;EXCHANGE_LAST;;1;1;XEUR;11820390;689;
17.04.2025;13:24:22.916;FGBM SI 20250606 PS;SIMPLE_INSTRUMENT;EFS;EUR;89;119.58000000;847;EXCHANGE_LAST;;1;1;XEUR;11820390;689;
17.04.2025;13:29:04.367;FGBM SI 20250606 PS;SIMPLE_INSTRUMENT;EFS;EUR;90;119.57000000;846;EXCHANGE_LAST;;1;1;XEUR;11820390;689;
17.04.2025;13:34:20.032;FGBM SI 20250606 PS;SIMPLE_INSTRUMENT;EFS;EUR;91;119.51000000;424;EXCHANGE_LAST;;1;1;XEUR;11820390;689;
17.04.2025;13:36:06.112;FGBM SI 20250606 PS;SIMPLE_INSTRUMENT;EFS;EUR;92;119.51000000;424;EXCHANGE_LAST;;1;1;XEUR;11820390;689;
17.04.2025;13:39:47.662;FGBM SI 20250606 PS;SIMPLE_INSTRUMENT;EFP_FIN;EUR;93;119.52000000;329;EXCHANGE_LAST;;1;1;XEUR;11820390;689;
17.04.2025;13:42:44.565;FGBM SI 20250606 PS;SIMPLE_INSTRUMENT;EFP_FIN;EUR;94;119.52000000;329;EXCHANGE_LAST;;1;1;XEUR;11820390;689;
17.04.2025;13:44:11.457;FGBM SI 20250606 PS;SIMPLE_INSTRUMENT;EFS;EUR;95;119.55000000;847;EXCHANGE_LAST;;1;1;XEUR;11820390;689;
17.04.2025;13:44:56.825;FGBM SI 20250606 PS;SIMPLE_INSTRUMENT;EFS;EUR;96;119.50000000;847;EXCHANGE_LAST;;1;1;XEUR;11820390;689;
17.04.2025;13:46:57.292;FGBM SI 20250606 PS;SIMPLE_INSTRUMENT;EFS;EUR;97;119.56000000;848;EXCHANGE_LAST;;1;1;XEUR;11820390;689;
17.04.2025;13:57:42.608;FGBM SI 20250606 PS;SIMPLE_INSTRUMENT;EFS;EUR;98;119.51000000;323;EXCHANGE_LAST;;1;1;XEUR;11820390;689;
17.04.2025;14:04:26.317;FGBM SI 20250606 PS;SIMPLE_INSTRUMENT;EFS;EUR;99;119.51000000;918;EXCHANGE_LAST;;1;1;XEUR;11820390;689;
17.04.2025;14:06:27.473;FGBM SI 20250606 PS;SIMPLE_INSTRUMENT;EFP_FIN;EUR;100;119.56000000;551;EXCHANGE_LAST;;1;1;XEUR;11820390;689;
17.04.2025;14:12:36.539;FGBM SI 20250606 PS;SIMPLE_INSTRUMENT;EFP_FIN;EUR;101;119.51000000;784;EXCHANGE_LAST;;1;1;XEUR;11820390;689;
17.04.2025;14:15:31.863;FGBM SI 20250606 PS;SIMPLE_INSTRUMENT;EFS;EUR;102;119.54000000;323;EXCHANGE_LAST;;1;1;XEUR;11820390;689;
17.04.2025;14:19:08.974;FGBM SI 20250606 PS;SIMPLE_INSTRUMENT;EFS;EUR;103;119.48000000;848;EXCHANGE_LAST;;1;1;XEUR;11820390;689;
17.04.2025;14:21:44.103;FGBM SI 20250606 PS;SIMPLE_INSTRUMENT;EFS;EUR;104;119.48000000;424;EXCHANGE_LAST;;1;1;XEUR;11820390;689;
17.04.2025;14:22:41.810;FGBM SI 20250606 PS;SIMPLE_INSTRUMENT;EFS;EUR;105;119.50000000;275;EXCHANGE_LAST;;1;1;XEUR;11820390;689;
17.04.2025;14:23:14.004;FGBM SI 20250606 PS;SIMPLE_INSTRUMENT;EFP_FIN;EUR;106;119.48000000;390;EXCHANGE_LAST;;1;1;XEUR;11820390;689;
17.04.2025;14:25:59.277;FGBM SI 20250606 PS;SIMPLE_INSTRUMENT;EFS;EUR;107;119.51000000;848;EXCHANGE_LAST;;1;1;XEUR;11820390;689;
17.04.2025;14:27:36.303;FGBM SI 20250606 PS;SIMPLE_INSTRUMENT;EFP_FIN;EUR;108;119.53000000;192;EXCHANGE_LAST;;1;1;XEUR;11820390;689;
17.04.2025;14:27:51.927;FGBM SI 20250606 PS;SIMPLE_INSTRUMENT;EFS;EUR;109;119.51000000;635;EXCHANGE_LAST;;1;1;XEUR;11820390;689;
17.04.2025;14:29:13.560;FGBM SI 20250606 PS;SIMPLE_INSTRUMENT;EFS;EUR;110;119.49000000;323;EXCHANGE_LAST;;1;1;XEUR;11820390;689;
17.04.2025;14:29:08.018;FGBM SI 20250606 PS;SIMPLE_INSTRUMENT;EFS;EUR;111;119.51000000;212;EXCHANGE_LAST;;1;1;XEUR;11820390;689;
17.04.2025;14:29:29.017;FGBM SI 20250606 PS;SIMPLE_INSTRUMENT;EFP_FIN;EUR;112;119.49000000;375;EXCHANGE_LAST;;1;1;XEUR;11820390;689;
17.04.2025;14:32:52.103;FGBM SI 20250606 PS;SIMPLE_INSTRUMENT;EFS;EUR;113;119.48000000;787;EXCHANGE_LAST;;1;1;XEUR;11820390;689;
17.04.2025;14:34:11.621;FGBM SI 20250606 PS;SIMPLE_INSTRUMENT;EFS;EUR;114;119.55000000;847;EXCHANGE_LAST;;1;1;XEUR;11820390;689;
17.04.2025;14:35:31.611;FGBM SI 20250606 PS;SIMPLE_INSTRUMENT;EFS;EUR;115;119.55000000;323;EXCHANGE_LAST;;1;1;XEUR;11820390;689;
17.04.2025;14:36:26.717;FGBM SI 20250606 PS;SIMPLE_INSTRUMENT;EFS;EUR;116;119.55000000;847;EXCHANGE_LAST;;1;1;XEUR;11820390;689;
17.04.2025;14:41:22.878;FGBM SI 20250606 PS;SIMPLE_INSTRUMENT;EFS;EUR;117;119.58000000;169;EXCHANGE_LAST;;1;1;XEUR;11820390;689;
17.04.2025;14:44:14.079;FGBM SI 20250606 PS;SIMPLE_INSTRUMENT;EFP_FIN;EUR;118;119.56000000;189;EXCHANGE_LAST;;1;1;XEUR;11820390;689;
17.04.2025;14:45:02.103;FGBM SI 20250606 PS;SIMPLE_INSTRUMENT;EFS;EUR;119;119.55000000;424;EXCHANGE_LAST;;1;1;XEUR;11820390;689;
17.04.2025;14:46:40.124;FGBM SI 20250606 PS;SIMPLE_INSTRUMENT;EFP_FIN;EUR;120;119.51000000;93;EXCHANGE_LAST;;1;1;XEUR;11820390;689;
17.04.2025;14:46:46.981;FGBM SI 20250606 PS;SIMPLE_INSTRUMENT;EFP_FIN;EUR;121;119.51000000;189;EXCHANGE_LAST;;1;1;XEUR;11820390;689;
17.04.2025;14:47:42.019;FGBM SI 20250606 PS;SIMPLE_INSTRUMENT;EFP_FIN;EUR;122;119.51000000;86;EXCHANGE_LAST;;1;1;XEUR;11820390;689;
17.04.2025;14:51:56.397;FGBM SI 20250606 PS;SIMPLE_INSTRUMENT;EFP_FIN;EUR;123;119.51000000;129;EXCHANGE_LAST;;1;1;XEUR;11820390;689;
17.04.2025;14:52:09.234;FGBM SI 20250606 PS;SIMPLE_INSTRUMENT;EFP_FIN;EUR;124;119.51000000;76;EXCHANGE_LAST;;1;1;XEUR;11820390;689;
17.04.2025;15:00:34.549;FGBM SI 20250606 PS;SIMPLE_INSTRUMENT;EFP_FIN;EUR;125;119.51000000;137;EXCHANGE_LAST;;1;1;XEUR;11820390;689;
17.04.2025;15:02:27.556;FGBM SI 20250606 PS;SIMPLE_INSTRUMENT;EFP_FIN;EUR;126;119.51000000;208;EXCHANGE_LAST;;1;1;XEUR;11820390;689;
17.04.2025;15:02:58.105;FGBM SI 20250606 PS;SIMPLE_INSTRUMENT;EFS;EUR;127;119.56000000;804;EXCHANGE_LAST;;1;1;XEUR;11820390;689;
17.04.2025;15:14:22.151;FGBM SI 20250606 PS;SIMPLE_INSTRUMENT;EFS;EUR;128;119.53000000;918;EXCHANGE_LAST;;1;1;XEUR;11820390;689;
17.04.2025;15:19:07.941;FGBM SI 20250606 PS;SIMPLE_INSTRUMENT;EFS;EUR;129;119.55000000;242;EXCHANGE_LAST;;1;1;XEUR;11820390;689;
17.04.2025;15:25:09.980;FGBM SI 20250606 PS;SIMPLE_INSTRUMENT;EFS;EUR;130;119.58000000;846;EXCHANGE_LAST;;1;1;XEUR;11820390;689;
17.04.2025;15:30:35.748;FGBM SI 20250606 PS;SIMPLE_INSTRUMENT;EFS;EUR;131;119.56000000;3000;EXCHANGE_LAST;;1;1;XEUR;11820390;689;
17.04.2025;15:34:46.664;FGBM SI 20250606 PS;SIMPLE_INSTRUMENT;EFS;EUR;132;119.58000000;212;EXCHANGE_LAST;;1;1;XEUR;11820390;689;
17.04.2025;15:55:24.633;FGBM SI 20250606 PS;SIMPLE_INSTRUMENT;EFP_FIN;EUR;133;119.55000000;146;EXCHANGE_LAST;;1;1;XEUR;11820390;689;
17.04.2025;15:55:43.859;FGBM SI 20250606 PS;SIMPLE_INSTRUMENT;EFP_FIN;EUR;134;119.55000000;147;EXCHANGE_LAST;;1;1;XEUR;11820390;689;
17.04.2025;11:54:45.830;FGBM SI 20250606 PS;SIMPLE_INSTRUMENT;VOLA;EUR;268435506;119.10000000;30;EXCHANGE_LAST;;1;1;XEUR;11820390;689;
17.04.2025;14:51:33.409;FGBM SI 20250606 PS;SIMPLE_INSTRUMENT;VOLA;EUR;268435584;119.50000000;180;EXCHANGE_LAST;;1;1;XEUR;11820390;689;
17.04.2025;07:11:29.222;FGBS SI 20250606 PS;SIMPLE_INSTRUMENT;EFP_FIN;EUR;1;107.47000000;908;EXCHANGE_LAST;;1;1;XEUR;11820391;690;
17.04.2025;07:32:13.916;FGBS SI 20250606 PS;SIMPLE_INSTRUMENT;EFS;EUR;2;107.46000000;2719;EXCHANGE_LAST;;1;1;XEUR;11820391;690;
17.04.2025;07:38:19.673;FGBS SI 20250606 PS;SIMPLE_INSTRUMENT;EFP_FIN;EUR;3;107.45500000;1937;EXCHANGE_LAST;;1;1;XEUR;11820391;690;
17.04.2025;07:44:20.955;FGBS SI 20250606 PS;SIMPLE_INSTRUMENT;EFS;EUR;4;107.46000000;4078;EXCHANGE_LAST;;1;1;XEUR;11820391;690;
17.04.2025;07:50:39.976;FGBS SI 20250606 PS;SIMPLE_INSTRUMENT;EFS;EUR;5;107.46000000;2719;EXCHANGE_LAST;;1;1;XEUR;11820391;690;
17.04.2025;07:51:31.822;FGBS SI 20250606 PS;SIMPLE_INSTRUMENT;EFP_FIN;EUR;6;107.47000000;1816;EXCHANGE_LAST;;1;1;XEUR;11820391;690;
17.04.2025;08:08:01.994;FGBS SI 20250606 PS;SIMPLE_INSTRUMENT;EFS;EUR;7;107.43000000;5440;EXCHANGE_LAST;;1;1;XEUR;11820391;690;
17.04.2025;08:10:07.438;FGBS SI 20250606 PS;SIMPLE_INSTRUMENT;EFP_FIN;EUR;8;107.43500000;2696;EXCHANGE_LAST;;1;1;XEUR;11820391;690;
17.04.2025;08:15:56.337;FGBS SI 20250606 PS;SIMPLE_INSTRUMENT;EFS;EUR;9;107.42500000;1913;EXCHANGE_LAST;;1;1;XEUR;11820391;690;
17.04.2025;08:20:13.925;FGBS SI 20250606 PS;SIMPLE_INSTRUMENT;EFP_FIN;EUR;10;107.41500000;470;EXCHANGE_LAST;;1;1;XEUR;11820391;690;
17.04.2025;08:34:50.302;FGBS SI 20250606 PS;SIMPLE_INSTRUMENT;EFS;EUR;11;107.42000000;1012;EXCHANGE_LAST;;1;1;XEUR;11820391;690;
17.04.2025;08:36:08.248;FGBS SI 20250606 PS;SIMPLE_INSTRUMENT;EFS;EUR;12;107.41500000;1360;EXCHANGE_LAST;;1;1;XEUR;11820391;690;
17.04.2025;08:36:18.249;FGBS SI 20250606 PS;SIMPLE_INSTRUMENT;EFS;EUR;13;107.42000000;4081;EXCHANGE_LAST;;1;1;XEUR;11820391;690;
17.04.2025;08:37:56.619;FGBS SI 20250606 PS;SIMPLE_INSTRUMENT;EFP_FIN;EUR;14;107.42500000;1012;EXCHANGE_LAST;;1;1;XEUR;11820391;690;
17.04.2025;08:38:22.692;FGBS SI 20250606 PS;SIMPLE_INSTRUMENT;EFP_FIN;EUR;15;107.42000000;582;EXCHANGE_LAST;;1;1;XEUR;11820391;690;
17.04.2025;08:47:49.283;FGBS SI 20250606 PS;SIMPLE_INSTRUMENT;EFS;EUR;16;107.39000000;4083;EXCHANGE_LAST;;1;1;XEUR;11820391;690;
17.04.2025;08:52:01.043;FGBS SI 20250606 PS;SIMPLE_INSTRUMENT;EFP_FIN;EUR;17;107.42000000;387;EXCHANGE_LAST;;1;1;XEUR;11820391;690;
17.04.2025;08:54:02.340;FGBS SI 20250606 PS;SIMPLE_INSTRUMENT;EFS;EUR;18;107.42000000;2720;EXCHANGE_LAST;;1;1;XEUR;11820391;690;
17.04.2025;08:59:12.322;FGBS SI 20250606 PS;SIMPLE_INSTRUMENT;EFS;EUR;19;107.39000000;1361;EXCHANGE_LAST;;1;1;XEUR;11820391;690;
17.04.2025;08:59:20.685;FGBS SI 20250606 PS;SIMPLE_INSTRUMENT;EFS;EUR;20;107.38000000;1361;EXCHANGE_LAST;;1;1;XEUR;11820391;690;
17.04.2025;09:01:07.826;FGBS SI 20250606 PS;SIMPLE_INSTRUMENT;EFS;EUR;21;107.42000000;816;EXCHANGE_LAST;;1;1;XEUR;11820391;690;
17.04.2025;09:10:26.563;FGBS SI 20250606 PS;SIMPLE_INSTRUMENT;EFS;EUR;22;107.38000000;2384;EXCHANGE_LAST;;1;1;XEUR;11820391;690;
17.04.2025;09:36:17.194;FGBS SI 20250606 PS;SIMPLE_INSTRUMENT;EFP_FIN;EUR;23;107.39500000;108;EXCHANGE_LAST;;1;1;XEUR;11820391;690;
17.04.2025;09:57:20.378;FGBS SI 20250606 PS;SIMPLE_INSTRUMENT;EFS;EUR;24;107.38500000;2722;EXCHANGE_LAST;;1;1;XEUR;11820391;690;
17.04.2025;10:10:31.996;FGBS SI 20250606 PS;SIMPLE_INSTRUMENT;EFS;EUR;25;107.39000000;2722;EXCHANGE_LAST;;1;1;XEUR;11820391;690;
17.04.2025;10:10:40.163;FGBS SI 20250606 PS;SIMPLE_INSTRUMENT;EFP_FIN;EUR;26;107.39000000;822;EXCHANGE_LAST;;1;1;XEUR;11820391;690;
17.04.2025;10:24:49.795;FGBS SI 20250606 PS;SIMPLE_INSTRUMENT;EFS;EUR;27;107.38500000;718;EXCHANGE_LAST;;1;1;XEUR;11820391;690;
17.04.2025;10:41:59.504;FGBS SI 20250606 PS;SIMPLE_INSTRUMENT;EFS;EUR;28;107.38000000;2396;EXCHANGE_LAST;;1;1;XEUR;11820391;690;
17.04.2025;10:42:12.580;FGBS SI 20250606 PS;SIMPLE_INSTRUMENT;EFS;EUR;29;107.39000000;1652;EXCHANGE_LAST;;1;1;XEUR;11820391;690;
17.04.2025;10:45:53.518;FGBS SI 20250606 PS;SIMPLE_INSTRUMENT;EFS;EUR;30;107.38000000;2722;EXCHANGE_LAST;;1;1;XEUR;11820391;690;
17.04.2025;10:48:31.528;FGBS SI 20250606 PS;SIMPLE_INSTRUMENT;EFS;EUR;31;107.38000000;1198;EXCHANGE_LAST;;1;1;XEUR;11820391;690;
17.04.2025;11:05:17.832;FGBS SI 20250606 PS;SIMPLE_INSTRUMENT;EFP_FIN;EUR;32;107.38500000;830;EXCHANGE_LAST;;1;1;XEUR;11820391;690;
17.04.2025;11:11:34.416;FGBS SI 20250606 PS;SIMPLE_INSTRUMENT;EFP_FIN;EUR;33;107.37500000;783;EXCHANGE_LAST;;1;1;XEUR;11820391;690;
17.04.2025;11:24:24.442;FGBS SI 20250606 PS;SIMPLE_INSTRUMENT;EFS;EUR;34;107.38000000;2395;EXCHANGE_LAST;;1;1;XEUR;11820391;690;
17.04.2025;11:24:29.023;FGBS SI 20250606 PS;SIMPLE_INSTRUMENT;EFP_FIN;EUR;35;107.38000000;73;EXCHANGE_LAST;;1;1;XEUR;11820391;690;
17.04.2025;11:28:04.153;FGBS SI 20250606 PS;SIMPLE_INSTRUMENT;EFP_FIN;EUR;36;107.38500000;279;EXCHANGE_LAST;;1;1;XEUR;11820391;690;
17.04.2025;11:27:58.599;FGBS SI 20250606 PS;SIMPLE_INSTRUMENT;EFP_FIN;EUR;37;107.38000000;71;EXCHANGE_LAST;;1;1;XEUR;11820391;690;
17.04.2025;11:28:28.085;FGBS SI 20250606 PS;SIMPLE_INSTRUMENT;EFS;EUR;38;107.38000000;1012;EXCHANGE_LAST;;1;1;XEUR;11820391;690;
17.04.2025;11:33:47.755;FGBS SI 20250606 PS;SIMPLE_INSTRUMENT;EFP_FIN;EUR;39;107.38000000;71;EXCHANGE_LAST;;1;1;XEUR;11820391;690;
17.04.2025;11:35:02.321;FGBS SI 20250606 PS;SIMPLE_INSTRUMENT;EFP_FIN;EUR;40;107.38500000;470;EXCHANGE_LAST;;1;1;XEUR;11820391;690;
17.04.2025;11:38:49.186;FGBS SI 20250606 PS;SIMPLE_INSTRUMENT;EFS;EUR;41;107.38000000;1633;EXCHANGE_LAST;;1;1;XEUR;11820391;690;
17.04.2025;11:41:47.508;FGBS SI 20250606 PS;SIMPLE_INSTRUMENT;EFP_FIN;EUR;42;107.38000000;473;EXCHANGE_LAST;;1;1;XEUR;11820391;690;
17.04.2025;11:47:05.539;FGBS SI 20250606 PS;SIMPLE_INSTRUMENT;EFP_FIN;EUR;43;107.38000000;282;EXCHANGE_LAST;;1;1;XEUR;11820391;690;
17.04.2025;11:50:26.017;FGBS SI 20250606 PS;SIMPLE_INSTRUMENT;EFS;EUR;44;107.38500000;1089;EXCHANGE_LAST;;1;1;XEUR;11820391;690;
17.04.2025;12:08:21.979;FGBS SI 20250606 PS;SIMPLE_INSTRUMENT;EFS;EUR;45;107.38000000;2397;EXCHANGE_LAST;;1;1;XEUR;11820391;690;
17.04.2025;12:14:42.002;FGBS SI 20250606 PS;SIMPLE_INSTRUMENT;EFP_FIN;EUR;46;107.38000000;469;EXCHANGE_LAST;;1;1;XEUR;11820391;690;
17.04.2025;12:36:17.503;FGBS SI 20250606 PS;SIMPLE_INSTRUMENT;EFP_FIN;EUR;47;107.38000000;938;EXCHANGE_LAST;;1;1;XEUR;11820391;690;
17.04.2025;12:41:40.013;FGBS SI 20250606 PS;SIMPLE_INSTRUMENT;EFS;EUR;48;107.45500000;2398;EXCHANGE_LAST;;1;1;XEUR;11820391;690;
17.04.2025;12:53:44.505;FGBS SI 20250606 PS;SIMPLE_INSTRUMENT;EFS;EUR;49;107.48500000;1359;EXCHANGE_LAST;;1;1;XEUR;11820391;690;
17.04.2025;12:55:31.412;FGBS SI 20250606 PS;SIMPLE_INSTRUMENT;EFS;EUR;50;107.48000000;1358;EXCHANGE_LAST;;1;1;XEUR;11820391;690;
17.04.2025;13:13:31.063;FGBS SI 20250606 PS;SIMPLE_INSTRUMENT;EFS;EUR;51;107.60000000;4070;EXCHANGE_LAST;;1;1;XEUR;11820391;690;
17.04.2025;13:20:20.306;FGBS SI 20250606 PS;SIMPLE_INSTRUMENT;EFS;EUR;52;107.57500000;2388;EXCHANGE_LAST;;1;1;XEUR;11820391;690;
17.04.2025;14:07:43.153;FGBS SI 20250606 PS;SIMPLE_INSTRUMENT;EFP_FIN;EUR;53;107.61000000;620;EXCHANGE_LAST;;1;1;XEUR;11820391;690;
17.04.2025;14:10:57.269;FGBS SI 20250606 PS;SIMPLE_INSTRUMENT;EFP_FIN;EUR;54;107.59500000;2389;EXCHANGE_LAST;;1;1;XEUR;11820391;690;
17.04.2025;14:08:22.290;FGBS SI 20250606 PS;SIMPLE_INSTRUMENT;EFS;EUR;55;107.60000000;2388;EXCHANGE_LAST;;1;1;XEUR;11820391;690;
17.04.2025;14:18:01.640;FGBS SI 20250606 PS;SIMPLE_INSTRUMENT;EFS;EUR;56;107.60500000;295;EXCHANGE_LAST;;1;1;XEUR;11820391;690;
17.04.2025;14:19:08.196;FGBS SI 20250606 PS;SIMPLE_INSTRUMENT;EFP_FIN;EUR;57;107.61000000;299;EXCHANGE_LAST;;1;1;XEUR;11820391;690;
17.04.2025;14:28:27.795;FGBS SI 20250606 PS;SIMPLE_INSTRUMENT;EFP_FIN;EUR;58;107.60000000;1864;EXCHANGE_LAST;;1;1;XEUR;11820391;690;
17.04.2025;14:34:29.131;FGBS SI 20250606 PS;SIMPLE_INSTRUMENT;EFS;EUR;59;107.61500000;954;EXCHANGE_LAST;;1;1;XEUR;11820391;690;
17.04.2025;15:23:35.217;FGBS SI 20250606 PS;SIMPLE_INSTRUMENT;EFS;EUR;60;107.62000000;5462;EXCHANGE_LAST;;1;1;XEUR;11820391;690;
17.04.2025;15:33:30.940;FGBS SI 20250606 PS;SIMPLE_INSTRUMENT;EFS;EUR;62;107.63000000;3500;EXCHANGE_LAST;;1;1;XEUR;11820391;690;
17.04.2025;15:40:22.938;FGBS SI 20250606 PS;SIMPLE_INSTRUMENT;EFS;EUR;63;107.61500000;1084;EXCHANGE_LAST;;1;1;XEUR;11820391;690;
17.04.2025;12:14:00.201;FGBS SI 20250606 PS;SIMPLE_INSTRUMENT;VOLA;EUR;268435510;107.38000000;750;EXCHANGE_LAST;;1;1;XEUR;11820391;690;
17.04.2025;13:40:38.298;FGBS SI 20250606 PS;SIMPLE_INSTRUMENT;VOLA;EUR;268435551;107.61500000;45;EXCHANGE_LAST;;1;1;XEUR;11820391;690;
17.04.2025;13:40:43.803;FGBS SI 20250606 PS;SIMPLE_INSTRUMENT;VOLA;EUR;268435552;107.61500000;45;EXCHANGE_LAST;;1;1;XEUR;11820391;690;
17.04.2025;06:51:53.543;FGBX SI 20250606 PS;SIMPLE_INSTRUMENT;EFS;EUR;1;123.30000000;28;EXCHANGE_LAST;;1;1;XEUR;11820392;691;
17.04.2025;07:54:31.293;FGBX SI 20250606 PS;SIMPLE_INSTRUMENT;EFP_FIN;EUR;2;123.14000000;558;EXCHANGE_LAST;;1;1;XEUR;11820392;691;
17.04.2025;07:57:02.785;FGBX SI 20250606 PS;SIMPLE_INSTRUMENT;EFS;EUR;3;123.10000000;202;EXCHANGE_LAST;;1;1;XEUR;11820392;691;
17.04.2025;08:03:39.284;FGBX SI 20250606 PS;SIMPLE_INSTRUMENT;EFP_FIN;EUR;5;123.14000000;372;EXCHANGE_LAST;;1;1;XEUR;11820392;691;
17.04.2025;08:40:17.914;FGBX SI 20250606 PS;SIMPLE_INSTRUMENT;EFS;EUR;6;123.06000000;139;EXCHANGE_LAST;;1;1;XEUR;11820392;691;
17.04.2025;09:34:49.511;FGBX SI 20250606 PS;SIMPLE_INSTRUMENT;EFS;EUR;7;123.00000000;203;EXCHANGE_LAST;;1;1;XEUR;11820392;691;
17.04.2025;13:07:03.041;FGBX SI 20250606 PS;SIMPLE_INSTRUMENT;EFS;EUR;12;123.62000000;106;EXCHANGE_LAST;;1;1;XEUR;11820392;691;
17.04.2025;13:26:22.298;FGBX SI 20250606 PS;SIMPLE_INSTRUMENT;EFS;EUR;13;124.10000000;407;EXCHANGE_LAST;;1;1;XEUR;11820392;691;
17.04.2025;14:06:11.224;FGBX SI 20250606 PS;SIMPLE_INSTRUMENT;EFS;EUR;15;123.86000000;573;EXCHANGE_LAST;;1;1;XEUR;11820392;691;
17.04.2025;14:49:21.751;FGBX SI 20250606 PS;SIMPLE_INSTRUMENT;EFS;EUR;16;124.06000000;217;EXCHANGE_LAST;;1;1;XEUR;11820392;691;
17.04.2025;15:16:36.549;FGBX SI 20250606 PS;SIMPLE_INSTRUMENT;EFS;EUR;17;123.94000000;201;EXCHANGE_LAST;;1;1;XEUR;11820392;691;
17.04.2025;15:36:54.614;FGBX SI 20250606 PS;SIMPLE_INSTRUMENT;EFS;EUR;18;123.94000000;176;EXCHANGE_LAST;;1;1;XEUR;11820392;691;
17.04.2025;07:13:42.335;FGDV SI 20250623 CS;SIMPLE_INSTRUMENT;EFP_IDX;EUR;1;2813.00000000;39;EXCHANGE_LAST;;1;1;XEUR;11947830;47603;
17.04.2025;07:14:00.597;FGDV SI 20250623 CS;SIMPLE_INSTRUMENT;EFP_IDX;EUR;2;2813.50000000;101;EXCHANGE_LAST;;1;1;XEUR;11947830;47603;
17.04.2025;08:38:17.355;FIAK SI 20250417 CS;SIMPLE_INSTRUMENT;BLOCK;EUR;17;8.22900000;5000;EXCHANGE_LAST;;1;1;XEUR;10825217;144766;
17.04.2025;08:38:29.009;FIN FI 20250514 CS EU C 59.2000 0;FLEXIBLE_INSTRUMENT;BLOCK;CHF;12;0.81000000;400;EXCHANGE_LAST;;1;1;XEUR;1152924386529906607;671;
17.04.2025;02:45:06.779;FMAU SI 20250620 CS;SIMPLE_INSTRUMENT;BLOCK;USD;12;5496.42000000;647;EXCHANGE_LAST;;1;1;XEUR;7939462;45287;
17.04.2025;02:46:22.960;FMAU SI 20250620 CS;SIMPLE_INSTRUMENT;BLOCK;USD;13;5496.42000000;27;EXCHANGE_LAST;;1;1;XEUR;7939462;45287;
17.04.2025;13:45:35.596;FMBZ SI 20250620 CS;SIMPLE_INSTRUMENT;BLOCK;USD;45;493.92000000;44;EXCHANGE_LAST;;1;1;XEUR;7940814;402910;
17.04.2025;01:30:30.581;FMCH SI 20250620 CS;SIMPLE_INSTRUMENT;BLOCK;USD;8;534.25200000;280;EXCHANGE_LAST;;1;1;XEUR;7940815;402909;
17.04.2025;11:18:57.751;FME SI 20250516 PS AM P 41.50 0;SIMPLE_INSTRUMENT;BLOCK;EUR;8;1.68000000;1000;EXCHANGE_LAST;;1;1;XEUR;12819685;663;
17.04.2025;12:59:32.930;FME SI 20251219 PS AM P 44.00 0;SIMPLE_INSTRUMENT;BLOCK;EUR;10;6.00000000;2900;EXCHANGE_LAST;;2;1;XEUR;6080102;663;
17.04.2025;01:06:33.522;FMEA SI 20250620 CS;SIMPLE_INSTRUMENT;BLOCK;USD;6;667.53600000;234;EXCHANGE_LAST;;1;1;XEUR;7938804;12395;
17.04.2025;08:22:00.678;FMEA SI 20250620 CS;SIMPLE_INSTRUMENT;BLOCK;USD;36;677.23300000;341;EXCHANGE_LAST;;1;1;XEUR;7938804;12395;
17.04.2025;08:28:22.409;FMEA SI 20250620 CS;SIMPLE_INSTRUMENT;EFP_IDX;USD;37;677.77100000;30;EXCHANGE_LAST;;1;1;XEUR;7938804;12395;
17.04.2025;06:56:28.388;FMED SI 20250620 CS;SIMPLE_INSTRUMENT;BLOCK;USD;22;10157.42600000;1485;EXCHANGE_LAST;;1;1;XEUR;7939645;48144;
17.04.2025;07:20:13.964;FMED SI 20250620 CS;SIMPLE_INSTRUMENT;BLOCK;USD;31;10157.42500000;4000;EXCHANGE_LAST;;1;1;XEUR;7939645;48144;
17.04.2025;07:35:25.373;FMED SI 20250620 CS;SIMPLE_INSTRUMENT;BLOCK;USD;34;10157.42600000;350;EXCHANGE_LAST;;1;1;XEUR;7939645;48144;
17.04.2025;07:35:43.632;FMED SI 20250620 CS;SIMPLE_INSTRUMENT;BLOCK;USD;35;10157.42500000;345;EXCHANGE_LAST;;1;1;XEUR;7939645;48144;
17.04.2025;13:18:26.573;FMEF SI 20250620 CS;SIMPLE_INSTRUMENT;BLOCK;USD;43;1070.00000000;180;EXCHANGE_LAST;;1;1;XEUR;7408968;30657;
17.04.2025;07:03:12.349;FMES SI 20250620 CS;SIMPLE_INSTRUMENT;EFP_IDX;EUR;23;548.29100000;22;EXCHANGE_LAST;;1;1;XEUR;7940344;221291;
17.04.2025;07:05:03.770;FMES SI 20250620 CS;SIMPLE_INSTRUMENT;EFP_IDX;EUR;25;548.29100000;13;EXCHANGE_LAST;;1;1;XEUR;7940344;221291;
17.04.2025;06:32:25.576;FMEU SI 20250620 CS;SIMPLE_INSTRUMENT;EFP_IDX;EUR;17;339.18000000;69;EXCHANGE_LAST;;1;1;XEUR;7938710;7058;
17.04.2025;07:10:00.535;FMEU SI 20250620 CS;SIMPLE_INSTRUMENT;EFP_IDX;EUR;27;339.26900000;143;EXCHANGE_LAST;;1;1;XEUR;7938710;7058;
17.04.2025;06:51:10.110;FMGC SI 20250620 CS;SIMPLE_INSTRUMENT;BLOCK;USD;21;12875.32000000;94;EXCHANGE_LAST;;1;1;XEUR;7939680;48916;
17.04.2025;13:42:49.732;FMGO SI 20250620 CS;SIMPLE_INSTRUMENT;BLOCK;USD;44;5430.00000000;89;EXCHANGE_LAST;;1;1;XEUR;8609371;583623;
17.04.2025;01:36:28.913;FMHK SI 20250620 CS;SIMPLE_INSTRUMENT;BLOCK;USD;9;56300.00000000;93;EXCHANGE_LAST;;1;1;XEUR;7939458;45282;
17.04.2025;02:59:24.475;FMHK SI 20250620 CS;SIMPLE_INSTRUMENT;BLOCK;USD;15;55650.12400000;205;EXCHANGE_LAST;;1;1;XEUR;7939458;45282;
17.04.2025;07:14:04.982;FMHK SI 20250620 CS;SIMPLE_INSTRUMENT;BLOCK;USD;30;55418.47800000;5;EXCHANGE_LAST;;1;1;XEUR;7939458;45282;
17.04.2025;07:12:30.939;FMHU SI 20250620 CS;SIMPLE_INSTRUMENT;EFP_IDX;USD;9;780.69300000;44;EXCHANGE_LAST;;1;1;XEUR;7938851;12403;
17.04.2025;00:41:16.575;FMID SI 20250620 CS;SIMPLE_INSTRUMENT;BLOCK;USD;2;1376.93900000;75;EXCHANGE_LAST;;1;1;XEUR;7939464;45289;
17.04.2025;03:02:16.908;FMID SI 20250620 CS;SIMPLE_INSTRUMENT;BLOCK;USD;4;1348.10000000;10;EXCHANGE_LAST;;1;1;XEUR;7939464;45289;
17.04.2025;03:08:08.439;FMID SI 20250620 CS;SIMPLE_INSTRUMENT;BLOCK;USD;5;1376.25900000;395;EXCHANGE_LAST;;1;1;XEUR;7939464;45289;
17.04.2025;05:56:22.056;FMID SI 20250620 CS;SIMPLE_INSTRUMENT;BLOCK;USD;7;1375.98600000;180;EXCHANGE_LAST;;1;2;XEUR;7939464;45289;
17.04.2025;00:28:54.366;FMIN SI 20250620 CS;SIMPLE_INSTRUMENT;BLOCK;USD;1;1218.62000000;75;EXCHANGE_LAST;;1;1;XEUR;7938852;12404;
17.04.2025;00:40:36.863;FMIN SI 20250620 CS;SIMPLE_INSTRUMENT;BLOCK;USD;2;1219.01100000;42;EXCHANGE_LAST;;1;1;XEUR;7938852;12404;
17.04.2025;01:01:05.038;FMIN SI 20250620 CS;SIMPLE_INSTRUMENT;BLOCK;USD;4;1219.01100000;128;EXCHANGE_LAST;;1;1;XEUR;7938852;12404;
17.04.2025;01:28:35.885;FMIN SI 20250620 CS;SIMPLE_INSTRUMENT;BLOCK;USD;7;1218.52700000;75;EXCHANGE_LAST;;1;1;XEUR;7938852;12404;
17.04.2025;07:05:01.058;FMIN SI 20250620 CS;SIMPLE_INSTRUMENT;BLOCK;USD;24;1218.64800000;166;EXCHANGE_LAST;;1;1;XEUR;7938852;12404;
17.04.2025;10:17:44.935;FMIN SI 20250620 CS;SIMPLE_INSTRUMENT;BLOCK;USD;39;1240.70400000;85;EXCHANGE_LAST;;1;1;XEUR;7938852;12404;
17.04.2025;00:43:43.446;FMJP SI 20250620 CS;SIMPLE_INSTRUMENT;EFP_IDX;USD;3;8567.74800000;1170;EXCHANGE_LAST;;1;1;XEUR;7937445;661;
17.04.2025;02:56:36.132;FMJP SI 20250620 CS;SIMPLE_INSTRUMENT;BLOCK;USD;14;8568.60000000;1321;EXCHANGE_LAST;;1;1;XEUR;7937445;661;
17.04.2025;07:11:19.837;FMMX SI 20250620 CS;SIMPLE_INSTRUMENT;EFP_IDX;USD;28;658.27800000;51;EXCHANGE_LAST;;1;1;XEUR;7938855;12545;
17.04.2025;07:09:41.640;FMMY SI 20250620 CS;SIMPLE_INSTRUMENT;EFP_IDX;USD;26;364.73300000;140;EXCHANGE_LAST;;1;1;XEUR;7938853;12405;
17.04.2025;01:03:11.309;FMPA SI 20250620 CS;SIMPLE_INSTRUMENT;BLOCK;USD;5;8381.71300000;235;EXCHANGE_LAST;;2;1;XEUR;7939647;48143;
17.04.2025;07:33:26.322;FMPA SI 20250620 CS;SIMPLE_INSTRUMENT;BLOCK;USD;33;8379.22000000;1185;EXCHANGE_LAST;;1;1;XEUR;7939647;48143;
17.04.2025;05:56:30.067;FMPH SI 20250620 CS;SIMPLE_INSTRUMENT;BLOCK;USD;6;425.46800000;70;EXCHANGE_LAST;;1;2;XEUR;7938856;12548;
17.04.2025;07:13:19.058;FMSA SI 20250620 CS;SIMPLE_INSTRUMENT;EFP_IDX;USD;29;1778.74100000;96;EXCHANGE_LAST;;1;1;XEUR;7940199;134861;
17.04.2025;06:52:29.259;FMST SI 20250620 CS;SIMPLE_INSTRUMENT;EFP_IDX;CHF;8;3747.52000000;2140;EXCHANGE_LAST;;1;1;XEUR;7940813;402908;
17.04.2025;07:30:26.055;FMSW SI 20250620 CS;SIMPLE_INSTRUMENT;BLOCK;USD;32;3893.70400000;151;EXCHANGE_LAST;;1;1;XEUR;7940342;208343;
17.04.2025;00:26:22.709;FMTW SI 20250620 CS;SIMPLE_INSTRUMENT;BLOCK;USD;1;702.97600000;1138;EXCHANGE_LAST;;1;2;XEUR;7939790;51884;
17.04.2025;01:36:40.884;FMTW SI 20250620 CS;SIMPLE_INSTRUMENT;BLOCK;USD;3;702.98000000;145;EXCHANGE_LAST;;1;1;XEUR;7939790;51884;
17.04.2025;06:36:38.084;FMWN SI 20250620 CS;SIMPLE_INSTRUMENT;BLOCK;EUR;19;498.23000000;1341;EXCHANGE_LAST;;1;1;XEUR;7939177;30654;
17.04.2025;08:51:43.859;FMWN SI 20250620 CS;SIMPLE_INSTRUMENT;EFP_IDX;EUR;38;499.16600000;28566;EXCHANGE_LAST;;1;1;XEUR;7939177;30654;
17.04.2025;06:32:10.583;FMWO SI 20250620 CS;SIMPLE_INSTRUMENT;BLOCK;USD;16;11109.53000000;121;EXCHANGE_LAST;;1;1;XEUR;7938711;7059;
17.04.2025;06:32:34.647;FMWO SI 20250620 CS;SIMPLE_INSTRUMENT;EFP_IDX;USD;18;11109.53000000;40;EXCHANGE_LAST;;1;1;XEUR;7938711;7059;
17.04.2025;06:40:19.923;FMWO SI 20250620 CS;SIMPLE_INSTRUMENT;EFP_IDX;USD;20;11109.28000000;73;EXCHANGE_LAST;;1;1;XEUR;7938711;7059;
17.04.2025;07:42:29.703;FOAT SI 20250606 PS;SIMPLE_INSTRUMENT;EFP_FIN;EUR;1;124.47000000;315;EXCHANGE_LAST;;1;1;XEUR;11820393;749;
17.04.2025;08:16:38.550;FOAT SI 20250606 PS;SIMPLE_INSTRUMENT;EFP_FIN;EUR;2;124.28000000;391;EXCHANGE_LAST;;1;1;XEUR;11820393;749;
17.04.2025;08:43:12.716;FOAT SI 20250606 PS;SIMPLE_INSTRUMENT;EFP_FIN;EUR;3;124.28000000;161;EXCHANGE_LAST;;1;1;XEUR;11820393;749;
17.04.2025;09:23:57.977;FOAT SI 20250606 PS;SIMPLE_INSTRUMENT;EFP_FIN;EUR;4;124.47000000;165;EXCHANGE_LAST;;1;1;XEUR;11820393;749;
17.04.2025;09:34:03.532;FOAT SI 20250606 PS;SIMPLE_INSTRUMENT;EFP_FIN;EUR;5;124.30000000;945;EXCHANGE_LAST;;1;1;XEUR;11820393;749;
17.04.2025;09:35:28.043;FOAT SI 20250606 PS;SIMPLE_INSTRUMENT;EFP_FIN;EUR;6;124.29000000;71;EXCHANGE_LAST;;1;1;XEUR;11820393;749;
17.04.2025;09:35:49.727;FOAT SI 20250606 PS;SIMPLE_INSTRUMENT;EFP_FIN;EUR;7;124.34000000;788;EXCHANGE_LAST;;1;1;XEUR;11820393;749;
17.04.2025;09:37:01.859;FOAT SI 20250606 PS;SIMPLE_INSTRUMENT;EFP_FIN;EUR;8;124.34000000;1182;EXCHANGE_LAST;;1;1;XEUR;11820393;749;
17.04.2025;09:41:29.769;FOAT SI 20250606 PS;SIMPLE_INSTRUMENT;EFP_FIN;EUR;9;124.31000000;52;EXCHANGE_LAST;;1;1;XEUR;11820393;749;
17.04.2025;09:46:43.476;FOAT SI 20250606 PS;SIMPLE_INSTRUMENT;EFP_FIN;EUR;10;124.28000000;366;EXCHANGE_LAST;;1;1;XEUR;11820393;749;
17.04.2025;10:05:23.516;FOAT SI 20250606 PS;SIMPLE_INSTRUMENT;EFP_FIN;EUR;11;124.30000000;237;EXCHANGE_LAST;;1;1;XEUR;11820393;749;
17.04.2025;10:05:42.089;FOAT SI 20250606 PS;SIMPLE_INSTRUMENT;EFP_FIN;EUR;12;124.30000000;157;EXCHANGE_LAST;;1;1;XEUR;11820393;749;
17.04.2025;10:06:06.820;FOAT SI 20250606 PS;SIMPLE_INSTRUMENT;EFP_FIN;EUR;13;124.30000000;1576;EXCHANGE_LAST;;1;1;XEUR;11820393;749;
17.04.2025;10:19:34.625;FOAT SI 20250606 PS;SIMPLE_INSTRUMENT;EFP_FIN;EUR;14;124.25000000;1061;EXCHANGE_LAST;;1;1;XEUR;11820393;749;
17.04.2025;10:42:29.309;FOAT SI 20250606 PS;SIMPLE_INSTRUMENT;EFP_FIN;EUR;15;124.23000000;788;EXCHANGE_LAST;;1;1;XEUR;11820393;749;
17.04.2025;10:44:48.104;FOAT SI 20250606 PS;SIMPLE_INSTRUMENT;EFP_FIN;EUR;16;124.23000000;394;EXCHANGE_LAST;;1;1;XEUR;11820393;749;
17.04.2025;10:52:43.526;FOAT SI 20250606 PS;SIMPLE_INSTRUMENT;EFP_FIN;EUR;17;124.23000000;662;EXCHANGE_LAST;;1;1;XEUR;11820393;749;
17.04.2025;11:02:31.437;FOAT SI 20250606 PS;SIMPLE_INSTRUMENT;EFP_FIN;EUR;18;124.21000000;1182;EXCHANGE_LAST;;1;1;XEUR;11820393;749;
17.04.2025;11:11:53.382;FOAT SI 20250606 PS;SIMPLE_INSTRUMENT;EFP_FIN;EUR;19;124.22000000;394;EXCHANGE_LAST;;1;1;XEUR;11820393;749;
17.04.2025;11:12:18.313;FOAT SI 20250606 PS;SIMPLE_INSTRUMENT;EFP_FIN;EUR;20;124.22000000;1182;EXCHANGE_LAST;;1;1;XEUR;11820393;749;
17.04.2025;11:12:34.475;FOAT SI 20250606 PS;SIMPLE_INSTRUMENT;EFP_FIN;EUR;21;124.22000000;788;EXCHANGE_LAST;;1;1;XEUR;11820393;749;
17.04.2025;11:16:42.489;FOAT SI 20250606 PS;SIMPLE_INSTRUMENT;EFP_FIN;EUR;22;124.23000000;430;EXCHANGE_LAST;;1;1;XEUR;11820393;749;
17.04.2025;11:30:13.555;FOAT SI 20250606 PS;SIMPLE_INSTRUMENT;EFP_FIN;EUR;23;124.21000000;444;EXCHANGE_LAST;;1;1;XEUR;11820393;749;
17.04.2025;11:30:09.756;FOAT SI 20250606 PS;SIMPLE_INSTRUMENT;EFP_FIN;EUR;24;124.25000000;788;EXCHANGE_LAST;;1;1;XEUR;11820393;749;
17.04.2025;11:39:19.064;FOAT SI 20250606 PS;SIMPLE_INSTRUMENT;EFP_FIN;EUR;25;124.32000000;890;EXCHANGE_LAST;;1;1;XEUR;11820393;749;
17.04.2025;11:54:17.328;FOAT SI 20250606 PS;SIMPLE_INSTRUMENT;EFP_FIN;EUR;26;124.29000000;788;EXCHANGE_LAST;;1;1;XEUR;11820393;749;
17.04.2025;11:57:19.741;FOAT SI 20250606 PS;SIMPLE_INSTRUMENT;EFS;EUR;27;124.29000000;248;EXCHANGE_LAST;;1;1;XEUR;11820393;749;
17.04.2025;12:04:13.409;FOAT SI 20250606 PS;SIMPLE_INSTRUMENT;EFP_FIN;EUR;28;124.26000000;197;EXCHANGE_LAST;;1;1;XEUR;11820393;749;
17.04.2025;12:08:02.344;FOAT SI 20250606 PS;SIMPLE_INSTRUMENT;EFP_FIN;EUR;29;124.30000000;197;EXCHANGE_LAST;;1;1;XEUR;11820393;749;
17.04.2025;12:08:09.759;FOAT SI 20250606 PS;SIMPLE_INSTRUMENT;EFP_FIN;EUR;30;124.26000000;796;EXCHANGE_LAST;;1;1;XEUR;11820393;749;
17.04.2025;12:09:46.617;FOAT SI 20250606 PS;SIMPLE_INSTRUMENT;EFP_FIN;EUR;31;124.30000000;197;EXCHANGE_LAST;;1;1;XEUR;11820393;749;
17.04.2025;13:03:31.867;FOAT SI 20250606 PS;SIMPLE_INSTRUMENT;EFS;EUR;32;124.88000000;247;EXCHANGE_LAST;;1;1;XEUR;11820393;749;
17.04.2025;13:10:18.109;FOAT SI 20250606 PS;SIMPLE_INSTRUMENT;EFS;EUR;33;124.85000000;867;EXCHANGE_LAST;;1;1;XEUR;11820393;749;
17.04.2025;13:34:41.781;FOAT SI 20250606 PS;SIMPLE_INSTRUMENT;EFP_FIN;EUR;34;124.70000000;788;EXCHANGE_LAST;;1;1;XEUR;11820393;749;
17.04.2025;13:36:31.967;FOAT SI 20250606 PS;SIMPLE_INSTRUMENT;EFP_FIN;EUR;35;125.06000000;630;EXCHANGE_LAST;;1;1;XEUR;11820393;749;
17.04.2025;13:46:39.311;FOAT SI 20250606 PS;SIMPLE_INSTRUMENT;EFP_FIN;EUR;36;124.93000000;126;EXCHANGE_LAST;;1;1;XEUR;11820393;749;
17.04.2025;14:18:51.300;FOAT SI 20250606 PS;SIMPLE_INSTRUMENT;EFP_FIN;EUR;37;124.97000000;485;EXCHANGE_LAST;;1;1;XEUR;11820393;749;
17.04.2025;14:31:10.766;FOAT SI 20250606 PS;SIMPLE_INSTRUMENT;EFP_FIN;EUR;38;125.00000000;236;EXCHANGE_LAST;;1;1;XEUR;11820393;749;
17.04.2025;14:31:40.358;FOAT SI 20250606 PS;SIMPLE_INSTRUMENT;EFP_FIN;EUR;39;124.98000000;73;EXCHANGE_LAST;;1;1;XEUR;11820393;749;
17.04.2025;14:33:58.678;FOAT SI 20250606 PS;SIMPLE_INSTRUMENT;EFP_FIN;EUR;40;124.94000000;79;EXCHANGE_LAST;;1;1;XEUR;11820393;749;
17.04.2025;14:35:32.901;FOAT SI 20250606 PS;SIMPLE_INSTRUMENT;BLOCK;EUR;41;124.97000000;946;EXCHANGE_LAST;;1;1;XEUR;11820393;749;
17.04.2025;14:41:03.760;FOAT SI 20250606 PS;SIMPLE_INSTRUMENT;EFP_FIN;EUR;42;125.05000000;1801;EXCHANGE_LAST;;1;1;XEUR;11820393;749;
17.04.2025;14:43:42.445;FOAT SI 20250606 PS;SIMPLE_INSTRUMENT;EFP_FIN;EUR;43;125.00000000;788;EXCHANGE_LAST;;1;1;XEUR;11820393;749;
17.04.2025;14:46:46.788;FOAT SI 20250606 PS;SIMPLE_INSTRUMENT;BLOCK;EUR;44;125.03000000;631;EXCHANGE_LAST;;1;1;XEUR;11820393;749;
17.04.2025;15:20:34.429;FOAT SI 20250606 PS;SIMPLE_INSTRUMENT;BLOCK;EUR;45;125.05000000;256;EXCHANGE_LAST;;1;1;XEUR;11820393;749;
17.04.2025;15:21:09.949;FOAT SI 20250606 PS;SIMPLE_INSTRUMENT;EFP_FIN;EUR;46;125.00000000;921;EXCHANGE_LAST;;1;1;XEUR;11820393;749;
17.04.2025;15:47:47.068;FOAT SI 20250606 PS;SIMPLE_INSTRUMENT;BLOCK;EUR;47;124.97000000;434;EXCHANGE_LAST;;1;1;XEUR;11820393;749;
17.04.2025;15:56:02.184;FOAT SI 20250606 PS;SIMPLE_INSTRUMENT;EFP_FIN;EUR;48;125.04000000;394;EXCHANGE_LAST;;1;1;XEUR;11820393;749;
17.04.2025;15:56:21.150;FOAT SI 20250606 PS;SIMPLE_INSTRUMENT;EFP_FIN;EUR;49;125.08000000;473;EXCHANGE_LAST;;1;1;XEUR;11820393;749;
17.04.2025;15:39:57.237;FSEG SI 20250620 CS;SIMPLE_INSTRUMENT;EFP_IDX;EUR;48;185.10000000;5;EXCHANGE_LAST;;1;1;XEUR;11913120;109977;
17.04.2025;15:40:13.874;FSEG SI 20250620 CS;SIMPLE_INSTRUMENT;EFP_IDX;EUR;49;185.00000000;22;EXCHANGE_LAST;;1;1;XEUR;11913120;109977;
