#Date;TrdTime;Contract;ContractType;TrdTyp;Currency;TesId;Prc;Qty;TrdInd;Aggressor;Buy;Sell;Exch;InstrumentId;RelatedProdId;PrcDecomp
22.01.2025;12:47:08.031;A2SM SI 20271217 CS;SIMPLE_INSTRUMENT;BLOCK;EUR;19;8.82500000;25;EXCHANGE_LAST;;1;1;XEUR;8369816;15;
22.01.2025;13:46:09.484;A2XA SI 20251219 CS;SIMPLE_INSTRUMENT;BLOCK;EUR;27;2.17000000;338;EXCHANGE_LAST;;1;1;XEUR;3681055;17;
22.01.2025;15:30:46.407;A2XA SI 20250620 CS;SIMPLE_INSTRUMENT;BLOCK;EUR;44;2.12000000;450;EXCHANGE_LAST;;2;1;XEUR;10827630;17;
22.01.2025;16:48:48.610;ABBG SI 20250321 CS;SIMPLE_INSTRUMENT;BLOCK;CHF;76;53.47000000;2000;EXCHANGE_LAST;;1;1;XEUR;10736154;574520;
22.01.2025;13:52:54.990;ABBN.O.250122.BER.000006;STANDARD_OPTION_STRATEGY;BLOCK;CHF;32;5.57000000;2250;EXCHANGE_LAST;;1;2;XEUR;74525125763937612;574517;
22.01.2025;13:52:54.990;ABBN SI 20250919 PS AM P 58.00 0;SIMPLE_INSTRUMENT;BLOCK;CHF;32;7.22000000;2250;PRC_DECOMP_EXCHANGE;;;;XEUR;12393098;574517;EXCHANGE
22.01.2025;13:52:54.990;ABBN SI 20250919 PS AM P 47.00 0;SIMPLE_INSTRUMENT;BLOCK;CHF;32;1.65000000;2250;PRC_DECOMP_EXCHANGE;;;;XEUR;12393065;574517;EXCHANGE
22.01.2025;14:23:31.775;ABBN SI 20251219 PS AM P 50.00 0;SIMPLE_INSTRUMENT;BLOCK;CHF;40;3.31000000;1000;EXCHANGE_LAST;;1;1;XEUR;11849000;574517;
22.01.2025;16:03:56.946;ABBN SI 20250417 PS AM P 47.00 0;SIMPLE_INSTRUMENT;BLOCK;CHF;62;0.71000000;2811;EXCHANGE_LAST;;1;1;XEUR;12656880;574517;
22.01.2025;13:11:03.110;ADEN.O.250122.BER.000002;STANDARD_OPTION_STRATEGY;BLOCK;CHF;24;3.30000000;3000;EXCHANGE_LAST;;1;1;XEUR;72057783016515693;44;
22.01.2025;13:11:03.110;ADEN SI 20251219 PS AM P 18.00 0;SIMPLE_INSTRUMENT;BLOCK;CHF;24;1.38000000;3000;PRC_DECOMP_EXCHANGE;;;;XEUR;8107751;44;EXCHANGE
22.01.2025;13:11:03.110;ADEN SI 20251219 PS AM P 24.00 0;SIMPLE_INSTRUMENT;BLOCK;CHF;24;4.68000000;3000;PRC_DECOMP_EXCHANGE;;;;XEUR;7509272;44;EXCHANGE
22.01.2025;13:46:56.347;ADEN.O.250122.STG.000003;STANDARD_OPTION_STRATEGY;BLOCK;CHF;30;3.31000000;1000;EXCHANGE_LAST;;1;1;XEUR;72057783016515694;44;
22.01.2025;13:46:56.347;ADEN SI 20250919 PS AM C 22.00 0;SIMPLE_INSTRUMENT;BLOCK;CHF;30;1.43000000;1000;PRC_DECOMP_EXCHANGE;;;;XEUR;11870210;44;EXCHANGE
22.01.2025;13:46:56.347;ADEN SI 20250919 PS AM P 20.00 0;SIMPLE_INSTRUMENT;BLOCK;CHF;30;1.88000000;1000;PRC_DECOMP_EXCHANGE;;;;XEUR;11870213;44;EXCHANGE
22.01.2025;09:16:55.663;ADS SI 20250620 PS AM P 240.00 0;SIMPLE_INSTRUMENT;BLOCK;EUR;2;9.60000000;1250;EXCHANGE_LAST;;2;2;XEUR;7897598;50;
22.01.2025;09:47:21.435;ADS SI 20250321 PS AM C 240.00 0;SIMPLE_INSTRUMENT;BLOCK;EUR;4;24.52000000;500;EXCHANGE_LAST;;1;1;XEUR;10828524;50;
22.01.2025;15:35:40.599;ADS SI 20250919 PS AM C 260.00 0;SIMPLE_INSTRUMENT;BLOCK;EUR;17;24.30000000;750;EXCHANGE_LAST;;1;1;XEUR;11870844;50;
22.01.2025;09:57:09.161;ALC SI 20250321 PS AM C 80.00 0;SIMPLE_INSTRUMENT;ENLIGHT;CHF;4;2.85000000;1000;EXCHANGE_LAST;;1;1;XEUR;10872454;130134;
22.01.2025;12:41:16.625;ALV SI 20261218 PS AM P 260.00 0;SIMPLE_INSTRUMENT;BLOCK;EUR;2;15.10000000;300;EXCHANGE_LAST;;1;1;XEUR;12604553;74;
22.01.2025;15:48:28.921;ALV.O.250122.STD.000021;STANDARD_OPTION_STRATEGY;BLOCK;EUR;4;41.25000000;300;EXCHANGE_LAST;;1;1;XEUR;72057911865569115;74;
22.01.2025;15:48:28.921;ALV SI 20251219 PS AM P 300.00 0;SIMPLE_INSTRUMENT;BLOCK;EUR;4;21.25000000;300;PRC_DECOMP_MEMBER;;;;XEUR;11786626;74;MEMBER
22.01.2025;15:48:28.921;ALV SI 20251219 PS AM C 300.00 0;SIMPLE_INSTRUMENT;BLOCK;EUR;4;20.00000000;300;PRC_DECOMP_MEMBER;;;;XEUR;11786629;74;MEMBER
22.01.2025;10:50:53.292;AMS SI 20251219 PS AM P 6.00 0;SIMPLE_INSTRUMENT;BLOCK;CHF;11;1.30000000;1500;EXCHANGE_LAST;;1;1;XEUR;12467523;10807;
22.01.2025;13:00:45.533;ANN.N.250122.000003;NON_STANDARD_OPTION_STRATEGY;BLOCK;EUR;23;2.38000000;1000;EXCHANGE_LAST;;1;1;XEUR;72251735149669449;45202;
22.01.2025;13:00:45.533;ANN SI 20250417 PS AM P 28.00 0;SIMPLE_INSTRUMENT;BLOCK;EUR;23;1.36000000;2000;PRC_DECOMP_EXCHANGE;;;;XEUR;12640772;45202;EXCHANGE
22.01.2025;13:00:45.533;ANN SI 20250417 PS AM P 24.00 0;SIMPLE_INSTRUMENT;BLOCK;EUR;23;0.34000000;1000;PRC_DECOMP_EXCHANGE;;;;XEUR;12640763;45202;EXCHANGE
22.01.2025;09:37:29.847;ASG5 SI 20250320 PS AM P 26.00 0;SIMPLE_INSTRUMENT;BLOCK;EUR;1;0.19000000;2000;EXCHANGE_LAST;;1;1;XEUR;10822068;109;
22.01.2025;12:19:06.689;ASG5 SI 20250220 PS AM P 29.00 0;SIMPLE_INSTRUMENT;BLOCK;EUR;8;0.44000000;15000;EXCHANGE_LAST;;1;1;XEUR;12231537;109;
22.01.2025;14:27:38.485;ASG5 SI 20270617 PS AM P 28.00 0;SIMPLE_INSTRUMENT;BLOCK;EUR;11;3.50000000;8000;EXCHANGE_LAST;;2;2;XEUR;11336797;109;
22.01.2025;16:51:15.951;AXA.O.250122.STD.000003;STANDARD_OPTION_STRATEGY;BLOCK;EUR;39;7.33000000;1250;EXCHANGE_LAST;;1;1;XEUR;72058139498795241;127;
22.01.2025;16:51:15.951;AXA SI 20260619 PS AM C 36.00 0;SIMPLE_INSTRUMENT;BLOCK;EUR;39;2.56000000;1250;PRC_DECOMP_EXCHANGE;;;;XEUR;9538757;127;EXCHANGE
22.01.2025;16:51:15.951;AXA SI 20260619 PS AM P 36.00 0;SIMPLE_INSTRUMENT;BLOCK;EUR;39;4.77000000;1250;PRC_DECOMP_EXCHANGE;;;;XEUR;9538760;127;EXCHANGE
22.01.2025;11:07:54.005;AXAE.O.250122.BUL.000001;STANDARD_OPTION_STRATEGY;BLOCK;EUR;13;2.88000000;1000;EXCHANGE_LAST;;1;1;XEUR;72058135203809557;126;
22.01.2025;11:07:54.005;AXAE SI 20271217 PS EU C 32.00 0;SIMPLE_INSTRUMENT;BLOCK;EUR;13;4.66000000;1000;PRC_DECOMP_EXCHANGE;;;;XEUR;8773774;126;EXCHANGE
22.01.2025;11:07:54.005;AXAE SI 20271217 PS EU C 40.00 0;SIMPLE_INSTRUMENT;BLOCK;EUR;13;1.78000000;1000;PRC_DECOMP_EXCHANGE;;;;XEUR;8773762;126;EXCHANGE
22.01.2025;13:09:47.912;B2NP SI 20261218 CS;SIMPLE_INSTRUMENT;BLOCK;EUR;22;4.72000000;100;EXCHANGE_LAST;;1;1;XEUR;6798320;131;
22.01.2025;09:56:24.025;BALN.O.250122.BLT.000001;STANDARD_OPTION_STRATEGY;BLOCK;CHF;3;1.38000000;500;EXCHANGE_LAST;;1;2;XEUR;72058225398132584;147;
22.01.2025;09:56:24.025;BALN SI 20250321 PS AM C 170.00 0;SIMPLE_INSTRUMENT;BLOCK;CHF;3;2.61000000;500;PRC_DECOMP_EXCHANGE;;;;XEUR;10830611;147;EXCHANGE
22.01.2025;09:56:24.025;BALN SI 20250417 PS AM C 170.00 0;SIMPLE_INSTRUMENT;BLOCK;CHF;3;3.99000000;500;PRC_DECOMP_EXCHANGE;;;;XEUR;12615039;147;EXCHANGE
22.01.2025;10:14:24.802;BALN.O.250122.BLT.000001;STANDARD_OPTION_STRATEGY;BLOCK;CHF;5;1.38000000;300;EXCHANGE_LAST;;1;1;XEUR;72058225398132584;147;
22.01.2025;10:14:24.802;BALN SI 20250321 PS AM C 170.00 0;SIMPLE_INSTRUMENT;BLOCK;CHF;5;2.61000000;300;PRC_DECOMP_MEMBER;;;;XEUR;10830611;147;MEMBER
22.01.2025;10:14:24.802;BALN SI 20250417 PS AM C 170.00 0;SIMPLE_INSTRUMENT;BLOCK;CHF;5;3.99000000;300;PRC_DECOMP_MEMBER;;;;XEUR;12615039;147;MEMBER
22.01.2025;11:20:04.675;BALN.O.250122.BLT.000001;STANDARD_OPTION_STRATEGY;BLOCK;CHF;13;1.38000000;200;EXCHANGE_LAST;;1;1;XEUR;72058225398132584;147;
22.01.2025;11:20:04.675;BALN SI 20250417 PS AM C 170.00 0;SIMPLE_INSTRUMENT;BLOCK;CHF;13;3.99000000;200;PRC_DECOMP_MEMBER;;;;XEUR;12615039;147;MEMBER
22.01.2025;11:20:04.675;BALN SI 20250321 PS AM C 170.00 0;SIMPLE_INSTRUMENT;BLOCK;CHF;13;2.61000000;200;PRC_DECOMP_MEMBER;;;;XEUR;10830611;147;MEMBER
22.01.2025;14:09:05.970;BALN SI 20250620 PS AM P 170.00 0;SIMPLE_INSTRUMENT;BLOCK;CHF;36;11.30000000;300;EXCHANGE_LAST;;1;1;XEUR;11350674;147;
22.01.2025;12:26:24.803;BARN SI 20250417 PS AM P 1000.00 0;SIMPLE_INSTRUMENT;BLOCK;CHF;21;24.75000000;500;EXCHANGE_LAST;;1;1;XEUR;12615103;149;
22.01.2025;13:02:11.351;BARN SI 20260619 PS AM P 960.00 0;SIMPLE_INSTRUMENT;BLOCK;CHF;25;76.25000000;600;EXCHANGE_LAST;;1;1;XEUR;11350610;149;
22.01.2025;14:49:01.735;BARN.O.250122.STG.000004;STANDARD_OPTION_STRATEGY;BLOCK;CHF;48;131.00000000;375;EXCHANGE_LAST;;1;2;XEUR;72058233988063244;149;
22.01.2025;14:49:01.735;BARN SI 20251219 PS AM C 1080.00 0;SIMPLE_INSTRUMENT;BLOCK;CHF;48;86.36000000;375;PRC_DECOMP_EXCHANGE;;;;XEUR;12433106;149;EXCHANGE
22.01.2025;14:49:01.735;BARN SI 20251219 PS AM P 920.00 0;SIMPLE_INSTRUMENT;BLOCK;CHF;48;44.64000000;375;PRC_DECOMP_EXCHANGE;;;;XEUR;12433090;149;EXCHANGE
22.01.2025;14:15:49.610;BAS SI 20250919 PS AM P 44.00 0;SIMPLE_INSTRUMENT;BLOCK;EUR;2;3.52000000;1500;EXCHANGE_LAST;;1;1;XEUR;11872879;150;
22.01.2025;16:08:46.521;BAS SI 20250131 PS AM C 48.00 0;SIMPLE_INSTRUMENT;BLOCK;EUR;5;0.11000000;2000;EXCHANGE_LAST;;1;1;XEUR;12604624;150;
22.01.2025;16:08:47.233;BAS SI 20250131 PS AM C 48.00 0;SIMPLE_INSTRUMENT;BLOCK;EUR;6;0.13000000;6000;EXCHANGE_LAST;;1;1;XEUR;12604624;150;
22.01.2025;10:27:53.200;BAY.O.250122.CDIA.000007;STANDARD_OPTION_STRATEGY;BLOCK;EUR;1;0.10000000;1300;EXCHANGE_LAST;;1;1;XEUR;72058315592508262;168;
22.01.2025;10:27:53.200;BAY SI 20250221 PS AM C 19.60 0;SIMPLE_INSTRUMENT;BLOCK;EUR;1;1.78000000;1300;PRC_DECOMP_EXCHANGE;;;;XEUR;12239204;168;EXCHANGE
22.01.2025;10:27:53.200;BAY SI 20250124 PS AM C 19.40 0;SIMPLE_INSTRUMENT;BLOCK;EUR;1;1.68000000;1300;PRC_DECOMP_EXCHANGE;;;;XEUR;12394886;168;EXCHANGE
22.01.2025;09:47:58.257;BAYG SI 20250321 CS;SIMPLE_INSTRUMENT;BLOCK;EUR;5;21.50700000;1800;EXCHANGE_LAST;;1;1;XEUR;10723979;76034;
22.01.2025;11:52:03.372;BKW SI 20250620 PS AM P 160.00 0;SIMPLE_INSTRUMENT;BLOCK;CHF;15;10.45000000;100;EXCHANGE_LAST;;1;1;XEUR;9540807;218;
22.01.2025;08:48:21.292;BMW SI 20250321 PS AM P 60.00 0;SIMPLE_INSTRUMENT;BLOCK;EUR;1;0.35000000;1000;EXCHANGE_LAST;;1;1;XEUR;10832573;210;
22.01.2025;09:46:26.932;BMW SI 20261218 PS AM P 68.00 0;SIMPLE_INSTRUMENT;BLOCK;EUR;6;7.50000000;2400;EXCHANGE_LAST;;1;1;XEUR;7154238;210;
22.01.2025;09:46:58.323;BMW SI 20261218 PS AM P 72.00 0;SIMPLE_INSTRUMENT;BLOCK;EUR;7;9.34000000;2000;EXCHANGE_LAST;;1;1;XEUR;12616541;210;
22.01.2025;12:43:09.012;BMW SI 20250221 PS AM C 81.00 0;SIMPLE_INSTRUMENT;BLOCK;EUR;16;1.97000000;700;EXCHANGE_LAST;;1;1;XEUR;12339274;210;
22.01.2025;13:35:48.454;BMW SI 20250620 PS AM P 64.00 0;SIMPLE_INSTRUMENT;BLOCK;EUR;17;1.90000000;500;EXCHANGE_LAST;;1;1;XEUR;11352603;210;
22.01.2025;10:17:16.485;BNP SI 20260619 PS AM C 68.00 0;SIMPLE_INSTRUMENT;BLOCK;EUR;9;3.49000000;500;EXCHANGE_LAST;;1;1;XEUR;11479994;237;
22.01.2025;13:59:30.902;BNP SI 20250321 PS AM P 52.00 0;SIMPLE_INSTRUMENT;BLOCK;EUR;27;0.22000000;750;EXCHANGE_LAST;;1;1;XEUR;10833042;237;
22.01.2025;13:59:30.904;BNP SI 20250321 PS AM P 52.00 0;SIMPLE_INSTRUMENT;BLOCK;EUR;28;0.23000000;750;EXCHANGE_LAST;;1;1;XEUR;10833042;237;
22.01.2025;15:57:04.573;BNR SI 20250321 PS AM C 62.00 0;SIMPLE_INSTRUMENT;BLOCK;EUR;4;0.68000000;1844;EXCHANGE_LAST;;1;1;XEUR;12435314;235;
22.01.2025;16:18:25.261;C3AR SI 20261218 CS;SIMPLE_INSTRUMENT;BLOCK;EUR;57;0.84000000;1025;EXCHANGE_LAST;;1;3;XEUR;6799833;256;
22.01.2025;16:18:36.812;C3AR SI 20251219 CS;SIMPLE_INSTRUMENT;BLOCK;EUR;59;0.88000000;950;EXCHANGE_LAST;;1;3;XEUR;5914457;256;
22.01.2025;09:58:23.241;CBK.O.250122.BUL.000011;STANDARD_OPTION_STRATEGY;BLOCK;EUR;5;1.87000000;1500;EXCHANGE_LAST;;1;1;XEUR;72058745089203342;268;
22.01.2025;09:58:23.241;CBK SI 20261218 PS AM C 18.00 0;SIMPLE_INSTRUMENT;BLOCK;EUR;5;2.79000000;1500;PRC_DECOMP_EXCHANGE;;;;XEUR;8883150;268;EXCHANGE
22.01.2025;09:58:23.241;CBK SI 20261218 PS AM C 24.00 0;SIMPLE_INSTRUMENT;BLOCK;EUR;5;0.92000000;1500;PRC_DECOMP_EXCHANGE;;;;XEUR;10982475;268;EXCHANGE
22.01.2025;12:56:04.812;CBK.O.250122.STD.000016;STANDARD_OPTION_STRATEGY;BLOCK;EUR;8;4.02000000;5000;EXCHANGE_LAST;;1;1;XEUR;72058745089203347;268;
22.01.2025;12:56:04.812;CBK SI 20250919 PS AM P 20.00 0;SIMPLE_INSTRUMENT;BLOCK;EUR;8;3.21000000;5000;PRC_DECOMP_EXCHANGE;;;;XEUR;11875682;268;EXCHANGE
22.01.2025;12:56:04.812;CBK SI 20250919 PS AM C 20.00 0;SIMPLE_INSTRUMENT;BLOCK;EUR;8;0.81000000;5000;PRC_DECOMP_EXCHANGE;;;;XEUR;11875686;268;EXCHANGE
22.01.2025;13:12:00.117;CBK.O.250122.COMBO.000017;STANDARD_OPTION_STRATEGY;BLOCK;EUR;9;-0.91000000;5000;EXCHANGE_LAST;;1;1;XEUR;72058745089203348;268;
22.01.2025;13:12:00.117;CBK SI 20250620 PS AM P 14.00 0;SIMPLE_INSTRUMENT;BLOCK;EUR;9;0.37000000;5000;PRC_DECOMP_EXCHANGE;;;;XEUR;7900454;268;EXCHANGE
22.01.2025;13:12:00.117;CBK SI 20250620 PS AM C 18.00 0;SIMPLE_INSTRUMENT;BLOCK;EUR;9;1.28000000;5000;PRC_DECOMP_EXCHANGE;;;;XEUR;8883154;268;EXCHANGE
22.01.2025;13:12:08.168;CBK.O.250122.COMBO.000017;STANDARD_OPTION_STRATEGY;BLOCK;EUR;10;-0.92000000;5000;EXCHANGE_LAST;;1;1;XEUR;72058745089203348;268;
22.01.2025;13:12:08.168;CBK SI 20250620 PS AM P 14.00 0;SIMPLE_INSTRUMENT;BLOCK;EUR;10;0.37000000;5000;PRC_DECOMP_EXCHANGE;;;;XEUR;7900454;268;EXCHANGE
22.01.2025;13:12:08.168;CBK SI 20250620 PS AM C 18.00 0;SIMPLE_INSTRUMENT;BLOCK;EUR;10;1.29000000;5000;PRC_DECOMP_EXCHANGE;;;;XEUR;8883154;268;EXCHANGE
22.01.2025;13:40:12.686;CBK.O.250122.COMBO.000019;STANDARD_OPTION_STRATEGY;BLOCK;EUR;11;-0.17000000;20000;EXCHANGE_LAST;;1;1;XEUR;72058745089203350;268;
22.01.2025;13:40:12.686;CBK SI 20260619 PS AM P 10.00 0;SIMPLE_INSTRUMENT;BLOCK;EUR;11;0.44000000;20000;PRC_DECOMP_EXCHANGE;;;;XEUR;9542165;268;EXCHANGE
22.01.2025;13:40:12.686;CBK SI 20260619 PS AM C 24.00 0;SIMPLE_INSTRUMENT;BLOCK;EUR;11;0.61000000;20000;PRC_DECOMP_EXCHANGE;;;;XEUR;10982477;268;EXCHANGE
22.01.2025;15:16:47.167;CBK SI 20251219 PS AM P 12.50 0;SIMPLE_INSTRUMENT;BLOCK;EUR;14;0.52000000;1750;EXCHANGE_LAST;;1;1;XEUR;11657311;268;
22.01.2025;15:17:05.688;CBK SI 20251219 PS AM P 12.50 0;SIMPLE_INSTRUMENT;BLOCK;EUR;15;0.53000000;1750;EXCHANGE_LAST;;1;1;XEUR;11657311;268;
22.01.2025;10:37:40.854;CFR SI 20251219 PS AM P 130.00 0;SIMPLE_INSTRUMENT;BLOCK;CHF;7;5.45000000;300;EXCHANGE_LAST;;1;1;XEUR;10944845;313;
22.01.2025;10:37:51.855;CFR SI 20251219 PS AM P 130.00 0;SIMPLE_INSTRUMENT;BLOCK;CHF;8;5.55000000;450;EXCHANGE_LAST;;1;1;XEUR;10944845;313;
22.01.2025;15:34:07.644;CFRL SI 20250321 CS;SIMPLE_INSTRUMENT;BLOCK;CHF;45;167.18300000;1000;EXCHANGE_LAST;;1;1;XEUR;10741903;729453;
22.01.2025;12:45:51.134;CLN SI 20251219 PS AM P 8.00 0;SIMPLE_INSTRUMENT;BLOCK;CHF;22;0.34000000;5000;EXCHANGE_LAST;;1;1;XEUR;7510295;296;
22.01.2025;13:53:35.103;CLN SI 20251219 PS AM P 8.00 0;SIMPLE_INSTRUMENT;BLOCK;CHF;33;0.32000000;2000;EXCHANGE_LAST;;1;1;XEUR;7510295;296;
22.01.2025;14:57:26.341;CRI5 SI 20250619 PS AM P 40.00 0;SIMPLE_INSTRUMENT;BLOCK;EUR;12;2.19000000;1000;EXCHANGE_LAST;;1;1;XEUR;9531010;320;
22.01.2025;10:09:46.191;D3AI SI 20261218 CS;SIMPLE_INSTRUMENT;BLOCK;EUR;6;3.36000000;250;EXCHANGE_LAST;;2;1;XEUR;7144051;443197;
22.01.2025;14:58:11.183;D3AI SI 20271217 CS;SIMPLE_INSTRUMENT;BLOCK;EUR;35;3.15000000;300;EXCHANGE_LAST;;1;2;XEUR;7144067;443197;
22.01.2025;15:13:35.715;D3AI SI 20261218 CS;SIMPLE_INSTRUMENT;BLOCK;EUR;40;3.40000000;50;EXCHANGE_LAST;;1;1;XEUR;7144051;443197;
22.01.2025;16:11:43.910;D3AI SI 20251219 CS;SIMPLE_INSTRUMENT;BLOCK;EUR;55;4.21000000;100;EXCHANGE_LAST;;1;2;XEUR;7144062;443197;
22.01.2025;16:10:02.452;D3AI SI 20271217 CS;SIMPLE_INSTRUMENT;BLOCK;EUR;56;3.12000000;50;EXCHANGE_LAST;;1;1;XEUR;7144067;443197;
22.01.2025;16:26:27.536;D3AI SI 20251219 CS;SIMPLE_INSTRUMENT;BLOCK;EUR;64;4.21000000;100;EXCHANGE_LAST;;1;1;XEUR;7144062;443197;
22.01.2025;16:46:38.771;D3AI SI 20271217 CS;SIMPLE_INSTRUMENT;BLOCK;EUR;74;3.15000000;425;EXCHANGE_LAST;;1;3;XEUR;7144067;443197;
22.01.2025;09:16:48.022;DAI SI 20260619 PS AM P 40.00 0;SIMPLE_INSTRUMENT;BLOCK;EUR;4;2.58000000;2500;EXCHANGE_LAST;;1;1;XEUR;9598282;443196;
22.01.2025;09:40:37.399;DAI SI 20251219 PS AM P 50.00 0;SIMPLE_INSTRUMENT;BLOCK;EUR;5;3.79000000;1750;EXCHANGE_LAST;;2;1;XEUR;12490173;443196;
22.01.2025;13:38:18.364;DAI SI 20251219 PS AM P 58.00 0;SIMPLE_INSTRUMENT;BLOCK;EUR;18;7.80000000;2000;EXCHANGE_LAST;;1;1;XEUR;10374226;443196;
22.01.2025;13:37:53.405;DAI.O.250122.CNV.000006;STANDARD_OPTION_STRATEGY;BLOCK;EUR;19;4.57000000;1000;EXCHANGE_LAST;;1;1;XEUR;73961106363663768;443196;
22.01.2025;13:37:53.405;DAI SI 20250321 PS AM P 52.00 0;SIMPLE_INSTRUMENT;BLOCK;EUR;19;1.03000000;1000;PRC_DECOMP_EXCHANGE;;;;XEUR;10884530;443196;EXCHANGE
22.01.2025;13:37:53.405;DAI SI 20250321 PS AM C 52.00 0;SIMPLE_INSTRUMENT;BLOCK;EUR;19;5.60000000;1000;PRC_DECOMP_EXCHANGE;;;;XEUR;10884528;443196;EXCHANGE
22.01.2025;15:30:42.303;DAI.O.250122.BRT.000015;STANDARD_OPTION_STRATEGY;BLOCK;EUR;25;1.07000000;2000;EXCHANGE_LAST;;1;2;XEUR;73961106363663777;443196;
22.01.2025;15:30:42.303;DAI SI 20250620 PS AM P 60.00 0;SIMPLE_INSTRUMENT;BLOCK;EUR;25;7.96000000;2000;PRC_DECOMP_EXCHANGE;;;;XEUR;7934298;443196;EXCHANGE
22.01.2025;15:30:42.303;DAI SI 20251219 PS AM P 60.00 0;SIMPLE_INSTRUMENT;BLOCK;EUR;25;9.03000000;2000;PRC_DECOMP_EXCHANGE;;;;XEUR;7144540;443196;EXCHANGE
22.01.2025;15:40:15.446;DAI.O.250122.BR23.000014;STANDARD_OPTION_STRATEGY;BLOCK;EUR;26;-12.36000000;3250;EXCHANGE_LAST;;2;3;XEUR;73961106363663776;443196;
22.01.2025;15:40:15.446;DAI SI 20281215 PS AM P 36.00 0;SIMPLE_INSTRUMENT;BLOCK;EUR;26;5.14000000;9750;PRC_DECOMP_EXCHANGE;;;;XEUR;10455502;443196;EXCHANGE
22.01.2025;15:40:15.446;DAI SI 20281215 PS AM P 56.00 0;SIMPLE_INSTRUMENT;BLOCK;EUR;26;13.89000000;6500;PRC_DECOMP_EXCHANGE;;;;XEUR;11961685;443196;EXCHANGE
22.01.2025;16:16:24.199;DAI SI 20250919 PS AM C 60.00 0;SIMPLE_INSTRUMENT;BLOCK;EUR;31;2.34000000;1000;EXCHANGE_LAST;;1;1;XEUR;11925649;443196;
22.01.2025;16:27:29.374;DAI SI 20251219 PS AM P 50.00 0;SIMPLE_INSTRUMENT;BLOCK;EUR;33;3.70000000;750;EXCHANGE_LAST;;1;1;XEUR;12490173;443196;
22.01.2025;16:52:13.481;DAI SI 20250321 PS AM P 56.00 0;SIMPLE_INSTRUMENT;BLOCK;EUR;34;2.49000000;1500;EXCHANGE_LAST;;1;1;XEUR;10884518;443196;
22.01.2025;14:48:01.607;DBK.O.250122.STD.000016;STANDARD_OPTION_STRATEGY;BLOCK;EUR;12;2.93000000;5000;EXCHANGE_LAST;;1;1;XEUR;72059148816160334;362;
22.01.2025;14:48:01.607;DBK SI 20250620 PS AM C 18.60 0;SIMPLE_INSTRUMENT;BLOCK;EUR;12;1.45000000;5000;PRC_DECOMP_EXCHANGE;;;;XEUR;11094087;362;EXCHANGE
22.01.2025;14:48:01.607;DBK SI 20250620 PS AM P 18.60 0;SIMPLE_INSTRUMENT;BLOCK;EUR;12;1.48000000;5000;PRC_DECOMP_EXCHANGE;;;;XEUR;11094088;362;EXCHANGE
22.01.2025;16:07:43.052;DBK SI 20250417 PS AM C 18.00 0;SIMPLE_INSTRUMENT;BLOCK;EUR;18;1.55000000;3000;EXCHANGE_LAST;;1;1;XEUR;12618786;362;
22.01.2025;16:09:17.024;DBK.O.250122.COMBO.000021;STANDARD_OPTION_STRATEGY;BLOCK;EUR;23;-0.36000000;3250;EXCHANGE_LAST;;1;1;XEUR;72059148816160339;362;
22.01.2025;16:09:17.024;DBK SI 20251219 PS AM C 20.50 0;SIMPLE_INSTRUMENT;BLOCK;EUR;23;1.37000000;3250;PRC_DECOMP_EXCHANGE;;;;XEUR;11094198;362;EXCHANGE
22.01.2025;16:09:17.024;DBK SI 20251219 PS AM P 16.00 0;SIMPLE_INSTRUMENT;BLOCK;EUR;23;1.01000000;3250;PRC_DECOMP_EXCHANGE;;;;XEUR;5926092;362;EXCHANGE
22.01.2025;16:10:10.335;DBK.O.250122.COMBO.000021;STANDARD_OPTION_STRATEGY;BLOCK;EUR;24;-0.35000000;3250;EXCHANGE_LAST;;1;1;XEUR;72059148816160339;362;
22.01.2025;16:10:10.335;DBK SI 20251219 PS AM C 20.50 0;SIMPLE_INSTRUMENT;BLOCK;EUR;24;1.36000000;3250;PRC_DECOMP_EXCHANGE;;;;XEUR;11094198;362;EXCHANGE
22.01.2025;16:10:10.335;DBK SI 20251219 PS AM P 16.00 0;SIMPLE_INSTRUMENT;BLOCK;EUR;24;1.01000000;3250;PRC_DECOMP_EXCHANGE;;;;XEUR;5926092;362;EXCHANGE
22.01.2025;09:31:58.483;DHE SI 20250919 PS AM P 24.00 0;SIMPLE_INSTRUMENT;BLOCK;EUR;7;4.53000000;600;EXCHANGE_LAST;;1;1;XEUR;11910261;57135;
22.01.2025;10:32:25.787;DTE SI 20251219 PS AM C 30.00 0;SIMPLE_INSTRUMENT;BLOCK;EUR;14;1.88000000;11000;EXCHANGE_LAST;;2;4;XEUR;12052900;424;
22.01.2025;12:31:38.581;DTE.O.250122.PDIA.000008;STANDARD_OPTION_STRATEGY;BLOCK;EUR;21;1.90000000;3000;EXCHANGE_LAST;;1;1;XEUR;72059415104107382;424;
22.01.2025;12:31:38.581;DTE SI 20250620 PS AM P 26.00 0;SIMPLE_INSTRUMENT;BLOCK;EUR;21;0.32000000;3000;PRC_DECOMP_EXCHANGE;;;;XEUR;11356795;424;EXCHANGE
22.01.2025;12:31:38.581;DTE SI 20251219 PS AM P 30.00 0;SIMPLE_INSTRUMENT;BLOCK;EUR;21;2.22000000;3000;PRC_DECOMP_EXCHANGE;;;;XEUR;12052911;424;EXCHANGE
22.01.2025;09:53:43.059;DTEE SI 20251219 PS EU C 25.00 0;SIMPLE_INSTRUMENT;BLOCK;EUR;8;5.20000000;10000;EXCHANGE_LAST;;1;1;XEUR;9660427;429;
22.01.2025;15:40:08.494;EAD SI 20250321 PS AM P 150.00 0;SIMPLE_INSTRUMENT;BLOCK;EUR;38;1.74000000;1000;EXCHANGE_LAST;;1;1;XEUR;11013887;465;
22.01.2025;13:14:43.813;ENLH SI 20250619 CS;SIMPLE_INSTRUMENT;BLOCK;EUR;23;6.85000000;6000;EXCHANGE_LAST;;1;1;XEUR;11165313;524976;
22.01.2025;09:28:49.569;ENR SI 20251219 PS AM P 52.00 0;SIMPLE_INSTRUMENT;BLOCK;EUR;6;8.34000000;1500;EXCHANGE_LAST;;1;1;XEUR;11254321;298530;
22.01.2025;09:59:43.047;ENR.O.250122.BUL.000013;STANDARD_OPTION_STRATEGY;BLOCK;EUR;9;3.04000000;320;EXCHANGE_LAST;;1;1;XEUR;73339770624817719;298530;
22.01.2025;09:59:43.047;ENR SI 20250321 PS AM C 60.00 0;SIMPLE_INSTRUMENT;BLOCK;EUR;9;3.50000000;320;PRC_DECOMP_EXCHANGE;;;;XEUR;12193252;298530;EXCHANGE
22.01.2025;09:59:43.047;ENR SI 20250321 PS AM C 80.00 0;SIMPLE_INSTRUMENT;BLOCK;EUR;9;0.46000000;320;PRC_DECOMP_EXCHANGE;;;;XEUR;12327352;298530;EXCHANGE
22.01.2025;10:45:56.469;ENR SI 20250417 PS AM C 60.00 0;SIMPLE_INSTRUMENT;BLOCK;EUR;16;4.30000000;400;EXCHANGE_LAST;;1;1;XEUR;12650613;298530;
22.01.2025;11:06:47.217;ENR SI 20250321 PS AM C 57.00 0;SIMPLE_INSTRUMENT;BLOCK;EUR;17;4.81000000;20465;EXCHANGE_LAST;;1;1;XEUR;12193262;298530;
22.01.2025;12:44:10.033;ENR SI 20251219 PS AM C 50.00 0;SIMPLE_INSTRUMENT;BLOCK;EUR;22;13.45000000;750;EXCHANGE_LAST;;1;1;XEUR;12483997;298530;
22.01.2025;13:20:48.325;ENR SI 20250321 PS AM C 62.00 0;SIMPLE_INSTRUMENT;BLOCK;EUR;24;2.94000000;76380;EXCHANGE_LAST;;1;1;XEUR;12484035;298530;
22.01.2025;13:21:30.237;ENR SI 20250221 PS AM C 56.00 0;SIMPLE_INSTRUMENT;BLOCK;EUR;25;3.33000000;61840;EXCHANGE_LAST;;1;1;XEUR;12273415;298530;
22.01.2025;13:21:38.188;ENR SI 20250221 PS AM C 56.00 0;SIMPLE_INSTRUMENT;BLOCK;EUR;26;3.33000000;40000;EXCHANGE_LAST;;1;1;XEUR;12273415;298530;
22.01.2025;12:20:03.900;ENT5.O.250122.STG.000002;STANDARD_OPTION_STRATEGY;BLOCK;EUR;7;0.90000000;250;EXCHANGE_LAST;;1;1;XEUR;72059728636684212;497;
22.01.2025;12:20:03.900;ENT5 SI 20250619 PS AM P 13.00 0;SIMPLE_INSTRUMENT;BLOCK;EUR;7;0.47800000;250;PRC_DECOMP_EXCHANGE;;;;XEUR;10742895;497;EXCHANGE
22.01.2025;12:20:03.900;ENT5 SI 20250619 PS AM C 14.00 0;SIMPLE_INSTRUMENT;BLOCK;EUR;7;0.42200000;250;PRC_DECOMP_EXCHANGE;;;;XEUR;7889863;497;EXCHANGE
22.01.2025;12:21:18.147;EOA SI 20250221 PS AM C 11.40 0;SIMPLE_INSTRUMENT;BLOCK;EUR;15;0.10000000;2000;EXCHANGE_LAST;;1;1;XEUR;12265504;49065;
22.01.2025;11:42:01.120;F3TE SI 20281215 CS;SIMPLE_INSTRUMENT;BLOCK;EUR;14;0.60000000;2050;EXCHANGE_LAST;;2;1;XEUR;6830366;390379;
22.01.2025;15:03:50.692;F3TE SI 20271217 CS;SIMPLE_INSTRUMENT;BLOCK;EUR;38;0.66000000;600;EXCHANGE_LAST;;1;2;XEUR;6633916;390379;
22.01.2025;15:14:43.696;F3TE SI 20251219 CS;SIMPLE_INSTRUMENT;BLOCK;EUR;41;0.74000000;500;EXCHANGE_LAST;;1;1;XEUR;6633903;390379;
22.01.2025;08:39:04.355;FBTP SI 20250306 PS;SIMPLE_INSTRUMENT;EFP_FIN;EUR;1;119.50000000;398;EXCHANGE_LAST;;1;1;XEUR;11286675;636;
22.01.2025;08:45:14.116;FBTP SI 20250306 PS;SIMPLE_INSTRUMENT;EFP_FIN;EUR;2;119.78000000;203;EXCHANGE_LAST;;1;1;XEUR;11286675;636;
22.01.2025;09:08:12.214;FBTP SI 20250306 PS;SIMPLE_INSTRUMENT;EFP_FIN;EUR;3;119.67000000;204;EXCHANGE_LAST;;1;1;XEUR;11286675;636;
22.01.2025;09:37:02.180;FBTP SI 20250306 PS;SIMPLE_INSTRUMENT;EFP_FIN;EUR;5;119.66000000;445;EXCHANGE_LAST;;1;1;XEUR;11286675;636;
22.01.2025;09:39:24.765;FBTP SI 20250306 PS;SIMPLE_INSTRUMENT;EFP_FIN;EUR;6;119.58000000;579;EXCHANGE_LAST;;1;1;XEUR;11286675;636;
22.01.2025;09:47:59.973;FBTP SI 20250306 PS;SIMPLE_INSTRUMENT;EFP_FIN;EUR;7;119.64000000;671;EXCHANGE_LAST;;1;1;XEUR;11286675;636;
22.01.2025;09:54:16.135;FBTP SI 20250306 PS;SIMPLE_INSTRUMENT;EFP_FIN;EUR;8;119.66000000;249;EXCHANGE_LAST;;1;1;XEUR;11286675;636;
22.01.2025;09:56:23.126;FBTP SI 20250306 PS;SIMPLE_INSTRUMENT;EFS;EUR;9;119.66000000;294;EXCHANGE_LAST;;1;1;XEUR;11286675;636;
22.01.2025;10:19:40.229;FBTP SI 20250306 PS;SIMPLE_INSTRUMENT;EFP_FIN;EUR;10;119.68000000;895;EXCHANGE_LAST;;1;1;XEUR;11286675;636;
22.01.2025;10:27:17.104;FBTP SI 20250306 PS;SIMPLE_INSTRUMENT;EFP_FIN;EUR;11;119.55000000;2686;EXCHANGE_LAST;;1;1;XEUR;11286675;636;
22.01.2025;10:27:59.720;FBTP SI 20250306 PS;SIMPLE_INSTRUMENT;EFP_FIN;EUR;12;119.58000000;448;EXCHANGE_LAST;;1;1;XEUR;11286675;636;
22.01.2025;10:38:00.328;FBTP SI 20250306 PS;SIMPLE_INSTRUMENT;BLOCK;EUR;13;119.60000000;3205;EXCHANGE_LAST;;1;1;XEUR;11286675;636;
22.01.2025;10:39:49.771;FBTP SI 20250306 PS;SIMPLE_INSTRUMENT;BLOCK;EUR;14;119.56000000;448;EXCHANGE_LAST;;1;1;XEUR;11286675;636;
22.01.2025;11:23:27.942;FBTP SI 20250306 PS;SIMPLE_INSTRUMENT;EFP_FIN;EUR;15;119.56000000;169;EXCHANGE_LAST;;1;1;XEUR;11286675;636;
22.01.2025;11:33:35.667;FBTP SI 20250306 PS;SIMPLE_INSTRUMENT;EFP_FIN;EUR;16;119.56000000;728;EXCHANGE_LAST;;1;1;XEUR;11286675;636;
22.01.2025;11:35:32.178;FBTP SI 20250306 PS;SIMPLE_INSTRUMENT;BLOCK;EUR;17;119.55000000;1182;EXCHANGE_LAST;;1;1;XEUR;11286675;636;
22.01.2025;11:52:06.935;FBTP SI 20250306 PS;SIMPLE_INSTRUMENT;EFP_FIN;EUR;18;119.58000000;300;EXCHANGE_LAST;;1;1;XEUR;11286675;636;
22.01.2025;12:21:21.066;FBTP SI 20250306 PS;SIMPLE_INSTRUMENT;EFP_FIN;EUR;19;119.52000000;886;EXCHANGE_LAST;;1;1;XEUR;11286675;636;
22.01.2025;12:25:51.542;FBTP SI 20250306 PS;SIMPLE_INSTRUMENT;BLOCK;EUR;20;119.52000000;2781;EXCHANGE_LAST;;1;1;XEUR;11286675;636;
22.01.2025;12:27:47.184;FBTP SI 20250306 PS;SIMPLE_INSTRUMENT;EFP_FIN;EUR;21;119.57000000;57;EXCHANGE_LAST;;1;1;XEUR;11286675;636;
22.01.2025;12:30:42.713;FBTP SI 20250306 PS;SIMPLE_INSTRUMENT;EFP_FIN;EUR;22;119.55000000;1039;EXCHANGE_LAST;;1;1;XEUR;11286675;636;
22.01.2025;13:12:40.928;FBTP SI 20250306 PS;SIMPLE_INSTRUMENT;EFP_FIN;EUR;23;119.66000000;339;EXCHANGE_LAST;;1;1;XEUR;11286675;636;
22.01.2025;13:23:16.879;FBTP SI 20250306 PS;SIMPLE_INSTRUMENT;EFP_FIN;EUR;24;119.65000000;454;EXCHANGE_LAST;;1;1;XEUR;11286675;636;
22.01.2025;13:23:38.516;FBTP SI 20250306 PS;SIMPLE_INSTRUMENT;EFS;EUR;25;119.66000000;294;EXCHANGE_LAST;;1;1;XEUR;11286675;636;
22.01.2025;13:45:18.434;FBTP SI 20250306 PS;SIMPLE_INSTRUMENT;EFP_FIN;EUR;26;119.64000000;600;EXCHANGE_LAST;;1;1;XEUR;11286675;636;
22.01.2025;13:46:07.046;FBTP SI 20250306 PS;SIMPLE_INSTRUMENT;EFP_FIN;EUR;27;119.64000000;353;EXCHANGE_LAST;;1;1;XEUR;11286675;636;
22.01.2025;13:55:34.755;FBTP SI 20250306 PS;SIMPLE_INSTRUMENT;EFP_FIN;EUR;28;119.67000000;62;EXCHANGE_LAST;;1;1;XEUR;11286675;636;
22.01.2025;14:15:12.216;FBTP SI 20250306 PS;SIMPLE_INSTRUMENT;EFP_FIN;EUR;29;119.66000000;448;EXCHANGE_LAST;;1;1;XEUR;11286675;636;
22.01.2025;14:27:28.892;FBTP SI 20250306 PS;SIMPLE_INSTRUMENT;EFP_FIN;EUR;30;119.63000000;120;EXCHANGE_LAST;;1;1;XEUR;11286675;636;
22.01.2025;14:28:26.524;FBTP SI 20250306 PS;SIMPLE_INSTRUMENT;EFP_FIN;EUR;31;119.68000000;52;EXCHANGE_LAST;;1;1;XEUR;11286675;636;
22.01.2025;15:08:05.180;FBTP SI 20250306 PS;SIMPLE_INSTRUMENT;BLOCK;EUR;32;119.48000000;925;EXCHANGE_LAST;;1;1;XEUR;11286675;636;
22.01.2025;15:12:01.706;FBTP SI 20250306 PS;SIMPLE_INSTRUMENT;BLOCK;EUR;33;119.60000000;807;EXCHANGE_LAST;;1;1;XEUR;11286675;636;
22.01.2025;16:54:17.687;FBTP SI 20250306 PS;SIMPLE_INSTRUMENT;EFP_FIN;EUR;35;119.39000000;235;EXCHANGE_LAST;;1;1;XEUR;11286675;636;
22.01.2025;17:02:44.826;FBTP SI 20250306 PS;SIMPLE_INSTRUMENT;EFP_FIN;EUR;36;119.36000000;776;EXCHANGE_LAST;;1;1;XEUR;11286675;636;
22.01.2025;16:08:21.539;FBTP SI 20250306 PS;SIMPLE_INSTRUMENT;VOLA;EUR;268435660;119.48000000;33;EXCHANGE_LAST;;1;1;XEUR;11286675;636;
22.01.2025;09:26:21.836;FBTS SI 20250306 PS;SIMPLE_INSTRUMENT;EFP_FIN;EUR;4;107.22000000;227;EXCHANGE_LAST;;1;1;XEUR;11286677;639;
22.01.2025;10:40:51.302;FBTS SI 20250306 PS;SIMPLE_INSTRUMENT;EFP_FIN;EUR;10;107.22000000;287;EXCHANGE_LAST;;1;1;XEUR;11286677;639;
22.01.2025;10:56:17.722;FBTS SI 20250306 PS;SIMPLE_INSTRUMENT;EFP_FIN;EUR;12;107.19000000;457;EXCHANGE_LAST;;1;1;XEUR;11286677;639;
22.01.2025;11:09:30.323;FBTS SI 20250306 PS;SIMPLE_INSTRUMENT;EFP_FIN;EUR;13;107.20000000;1055;EXCHANGE_LAST;;1;1;XEUR;11286677;639;
22.01.2025;11:15:06.774;FBTS SI 20250306 PS;SIMPLE_INSTRUMENT;EFP_FIN;EUR;14;107.20000000;1055;EXCHANGE_LAST;;1;1;XEUR;11286677;639;
22.01.2025;11:35:44.786;FBTS SI 20250306 PS;SIMPLE_INSTRUMENT;BLOCK;EUR;16;107.20000000;528;EXCHANGE_LAST;;1;1;XEUR;11286677;639;
22.01.2025;11:36:42.156;FBTS SI 20250306 PS;SIMPLE_INSTRUMENT;BLOCK;EUR;17;107.21000000;572;EXCHANGE_LAST;;1;1;XEUR;11286677;639;
22.01.2025;11:42:07.943;FBTS SI 20250306 PS;SIMPLE_INSTRUMENT;EFP_FIN;EUR;18;107.19000000;1886;EXCHANGE_LAST;;1;1;XEUR;11286677;639;
22.01.2025;12:22:15.577;FBTS SI 20250306 PS;SIMPLE_INSTRUMENT;BLOCK;EUR;20;107.20000000;1662;EXCHANGE_LAST;;1;1;XEUR;11286677;639;
22.01.2025;14:18:24.630;FBTS SI 20250306 PS;SIMPLE_INSTRUMENT;EFP_FIN;EUR;27;107.20000000;448;EXCHANGE_LAST;;1;1;XEUR;11286677;639;
22.01.2025;14:53:35.883;FBTS SI 20250306 PS;SIMPLE_INSTRUMENT;EFP_FIN;EUR;30;107.20000000;602;EXCHANGE_LAST;;1;1;XEUR;11286677;639;
22.01.2025;08:02:19.111;FCIN SI 20250328 CS;SIMPLE_INSTRUMENT;BLOCK;USD;2;145.90000000;10;EXCHANGE_LAST;;1;1;XEUR;10945396;580;
22.01.2025;08:02:34.656;FCIN SI 20250328 CS;SIMPLE_INSTRUMENT;BLOCK;USD;3;145.89000000;21;EXCHANGE_LAST;;1;1;XEUR;10945396;580;
22.01.2025;14:41:57.062;FCMU SI 20250317 CS;SIMPLE_INSTRUMENT;BLOCK;USD;2;0.04810000;100;EXCHANGE_LAST;;1;1;XEUR;11329545;570874;
22.01.2025;08:01:27.264;FCPE SI 20250328 CS;SIMPLE_INSTRUMENT;BLOCK;USD;1;192.27000000;16;EXCHANGE_LAST;;1;1;XEUR;10945400;586;
22.01.2025;08:12:25.594;FCPR SI 20250328 CS;SIMPLE_INSTRUMENT;BLOCK;USD;6;280.09000000;22;EXCHANGE_LAST;;1;1;XEUR;10945401;587;
22.01.2025;08:15:14.511;FCPR SI 20250328 CS;SIMPLE_INSTRUMENT;EFP_IDX;USD;7;280.10000000;2;EXCHANGE_LAST;;1;1;XEUR;10945401;587;
22.01.2025;08:15:48.777;FCPR SI 20250328 CS;SIMPLE_INSTRUMENT;BLOCK;USD;8;280.15000000;27;EXCHANGE_LAST;;1;1;XEUR;10945401;587;
22.01.2025;08:16:12.125;FCPR SI 20250328 CS;SIMPLE_INSTRUMENT;BLOCK;USD;9;280.16000000;62;EXCHANGE_LAST;;1;1;XEUR;10945401;587;
22.01.2025;08:03:22.267;FCXB SI 20250328 CS;SIMPLE_INSTRUMENT;BLOCK;USD;4;126.03000000;564;EXCHANGE_LAST;;1;1;XEUR;10948696;23778;
22.01.2025;08:03:35.143;FCXB SI 20250328 CS;SIMPLE_INSTRUMENT;BLOCK;USD;5;126.02000000;77;EXCHANGE_LAST;;1;1;XEUR;10948696;23778;
22.01.2025;10:31:49.951;FCZU SI 20250317 CS;SIMPLE_INSTRUMENT;BLOCK;USD;1;0.05384000;100;EXCHANGE_LAST;;1;1;XEUR;11329546;570872;
22.01.2025;14:02:42.583;FDAX SI 20250321 CS;SIMPLE_INSTRUMENT;EFP_IDX;EUR;1;21423.00000000;200;EXCHANGE_LAST;;1;1;XEUR;7561255;589;
22.01.2025;09:56:48.321;FDAX SI 20250321 CS;SIMPLE_INSTRUMENT;VOLA;EUR;671088647;21373.00000000;4;EXCHANGE_LAST;;1;1;XEUR;7561255;589;
22.01.2025;11:27:31.770;FDAX SI 20250321 CS;SIMPLE_INSTRUMENT;VOLA;EUR;671088650;21400.00000000;16;EXCHANGE_LAST;;1;1;XEUR;7561255;589;
22.01.2025;14:53:07.611;FDAX SI 20250321 CS;SIMPLE_INSTRUMENT;VOLA;EUR;671088656;21400.00000000;13;EXCHANGE_LAST;;1;1;XEUR;7561255;589;
22.01.2025;12:58:08.222;FEBD SI 20261218 CS;SIMPLE_INSTRUMENT;BLOCK;EUR;17;9.97000000;1000;EXCHANGE_LAST;;1;1;XEUR;7158212;597;
22.01.2025;13:02:08.942;FEBD SI 20261218 CS;SIMPLE_INSTRUMENT;BLOCK;EUR;18;9.99000000;1000;EXCHANGE_LAST;;1;1;XEUR;7158212;597;
22.01.2025;08:53:34.571;FECX SI 20250321 CS;SIMPLE_INSTRUMENT;BLOCK;EUR;1;165.67000000;200;EXCHANGE_LAST;;1;1;XEUR;11427948;410158;
22.01.2025;10:50:17.931;FECX SI 20250321 CS;SIMPLE_INSTRUMENT;BLOCK;EUR;8;165.63000000;121;EXCHANGE_LAST;;1;1;XEUR;11427948;410158;
22.01.2025;15:05:34.334;FECX SI 20250321 CS;SIMPLE_INSTRUMENT;BLOCK;EUR;24;165.53000000;65;EXCHANGE_LAST;;1;1;XEUR;11427948;410158;
22.01.2025;16:45:36.744;FEDV SI 20250321 CS;SIMPLE_INSTRUMENT;BLOCK;EUR;41;1698.50000000;728;EXCHANGE_LAST;;1;1;XEUR;11359068;596;
22.01.2025;16:45:48.294;FEDV SI 20250321 CS;SIMPLE_INSTRUMENT;BLOCK;EUR;42;1699.00000000;2072;EXCHANGE_LAST;;1;1;XEUR;11359068;596;
22.01.2025;09:01:59.006;FESB SI 20250321 CS;SIMPLE_INSTRUMENT;BLOCK;EUR;41;158.00000000;1740;EXCHANGE_LAST;;1;1;XEUR;11359072;605;
22.01.2025;15:13:19.268;FESB SI 20250321 CS;SIMPLE_INSTRUMENT;BLOCK;EUR;51;157.20000000;1756;EXCHANGE_LAST;;1;1;XEUR;11359072;605;
22.01.2025;16:54:13.659;FESB SI 20250321 CS;SIMPLE_INSTRUMENT;EFP_IDX;EUR;66;156.50000000;148;EXCHANGE_LAST;;1;1;XEUR;11359072;605;
22.01.2025;16:54:29.405;FESB SI 20250321 CS;SIMPLE_INSTRUMENT;EFP_IDX;EUR;67;156.55000000;223;EXCHANGE_LAST;;1;1;XEUR;11359072;605;
22.01.2025;10:47:35.184;FESB SI 20250321 CS;SIMPLE_INSTRUMENT;VOLA;EUR;603979796;158.10000000;480;EXCHANGE_LAST;;1;1;XEUR;11359072;605;
22.01.2025;10:48:17.187;FESB SI 20250321 CS;SIMPLE_INSTRUMENT;VOLA;EUR;603979797;158.15000000;480;EXCHANGE_LAST;;1;1;XEUR;11359072;605;
22.01.2025;12:29:01.203;FESB SI 20250321 CS;SIMPLE_INSTRUMENT;VOLA;EUR;603979812;157.50000000;400;EXCHANGE_LAST;;1;1;XEUR;11359072;605;
22.01.2025;12:49:16.891;FESB SI 20250321 CS;SIMPLE_INSTRUMENT;VOLA;EUR;603979815;158.00000000;1000;EXCHANGE_LAST;;1;1;XEUR;11359072;605;
22.01.2025;14:08:09.071;FESB SI 20250321 CS;SIMPLE_INSTRUMENT;VOLA;EUR;603979833;159.15000000;120;EXCHANGE_LAST;;1;1;XEUR;11359072;605;
22.01.2025;14:16:58.825;FESB SI 20250321 CS;SIMPLE_INSTRUMENT;VOLA;EUR;603979838;156.70000000;300;EXCHANGE_LAST;;1;1;XEUR;11359072;605;
22.01.2025;15:13:26.459;FESB SI 20250321 CS;SIMPLE_INSTRUMENT;VOLA;EUR;603979845;156.75000000;300;EXCHANGE_LAST;;1;1;XEUR;11359072;605;
22.01.2025;15:35:20.197;FESK SI 20250321 CS;SIMPLE_INSTRUMENT;BLOCK;EUR;20;489.70000000;513;EXCHANGE_LAST;;1;1;XEUR;11399139;285660;
22.01.2025;15:35:34.651;FESK SI 20250321 CS;SIMPLE_INSTRUMENT;BLOCK;EUR;21;489.80000000;767;EXCHANGE_LAST;;1;1;XEUR;11399139;285660;
22.01.2025;09:37:11.341;FESX SI 20250321 CS;SIMPLE_INSTRUMENT;BLOCK;EUR;1;5220.00000000;2011;EXCHANGE_LAST;;1;1;XEUR;7793482;675;
22.01.2025;11:33:34.276;FESX SI 20250321 CS;SIMPLE_INSTRUMENT;BLOCK;EUR;2;5228.00000000;3978;EXCHANGE_LAST;;1;1;XEUR;7793482;675;
22.01.2025;14:46:43.393;FESX SI 20250321 CS;SIMPLE_INSTRUMENT;BLOCK;EUR;3;5227.00000000;2600;EXCHANGE_LAST;;1;1;XEUR;7793482;675;
22.01.2025;15:04:41.095;FESX SI 20250321 CS;SIMPLE_INSTRUMENT;EFP_IDX;EUR;4;5225.00000000;1500;EXCHANGE_LAST;;1;1;XEUR;7793482;675;
22.01.2025;15:05:04.491;FESX SI 20250321 CS;SIMPLE_INSTRUMENT;EFP_IDX;EUR;5;5225.00000000;1000;EXCHANGE_LAST;;1;1;XEUR;7793482;675;
22.01.2025;15:55:55.920;FESX SI 20250321 CS;SIMPLE_INSTRUMENT;BLOCK;EUR;6;5220.00000000;2000;EXCHANGE_LAST;;1;1;XEUR;7793482;675;
22.01.2025;16:37:49.378;FESX SI 20250321 CS;SIMPLE_INSTRUMENT;EFP_IDX;EUR;7;5220.00000000;1500;EXCHANGE_LAST;;1;1;XEUR;7793482;675;
22.01.2025;16:52:57.049;FESX SI 20250321 CS;SIMPLE_INSTRUMENT;EFP_IDX;EUR;8;5222.00000000;199;EXCHANGE_LAST;;1;1;XEUR;7793482;675;
22.01.2025;16:53:15.031;FESX SI 20250321 CS;SIMPLE_INSTRUMENT;EFP_IDX;EUR;9;5223.00000000;51;EXCHANGE_LAST;;1;1;XEUR;7793482;675;
22.01.2025;16:57:07.637;FESX SI 20250321 CS;SIMPLE_INSTRUMENT;EFP_IDX;EUR;10;5222.00000000;2208;EXCHANGE_LAST;;1;1;XEUR;7793482;675;
22.01.2025;16:57:24.656;FESX SI 20250321 CS;SIMPLE_INSTRUMENT;EFP_IDX;EUR;11;5223.00000000;192;EXCHANGE_LAST;;1;1;XEUR;7793482;675;
22.01.2025;16:55:15.298;FESX SI 20250321 CS;SIMPLE_INSTRUMENT;EFP_IDX;EUR;12;5222.00000000;415;EXCHANGE_LAST;;1;1;XEUR;7793482;675;
22.01.2025;16:55:43.399;FESX SI 20250321 CS;SIMPLE_INSTRUMENT;EFP_IDX;EUR;13;5221.00000000;85;EXCHANGE_LAST;;1;1;XEUR;7793482;675;
22.01.2025;16:57:15.036;FESX SI 20250321 CS;SIMPLE_INSTRUMENT;EFP_IDX;EUR;14;5222.00000000;368;EXCHANGE_LAST;;1;1;XEUR;7793482;675;
22.01.2025;16:57:38.734;FESX SI 20250321 CS;SIMPLE_INSTRUMENT;EFP_IDX;EUR;15;5223.00000000;32;EXCHANGE_LAST;;1;1;XEUR;7793482;675;
22.01.2025;16:56:16.757;FESX SI 20250321 CS;SIMPLE_INSTRUMENT;EFP_IDX;EUR;16;5222.00000000;460;EXCHANGE_LAST;;1;1;XEUR;7793482;675;
22.01.2025;16:55:54.501;FESX SI 20250321 CS;SIMPLE_INSTRUMENT;EFP_IDX;EUR;17;5223.00000000;40;EXCHANGE_LAST;;1;1;XEUR;7793482;675;
22.01.2025;16:55:35.395;FESX SI 20250321 CS;SIMPLE_INSTRUMENT;EFP_IDX;EUR;18;5225.00000000;1000;EXCHANGE_LAST;;1;1;XEUR;7793482;675;
22.01.2025;16:54:28.075;FESX SI 20250321 CS;SIMPLE_INSTRUMENT;EFP_IDX;EUR;19;5222.00000000;460;EXCHANGE_LAST;;1;1;XEUR;7793482;675;
22.01.2025;16:54:33.690;FESX SI 20250321 CS;SIMPLE_INSTRUMENT;EFP_IDX;EUR;20;5223.00000000;40;EXCHANGE_LAST;;1;1;XEUR;7793482;675;
22.01.2025;17:02:39.897;FESX SI 20250321 CS;SIMPLE_INSTRUMENT;EFP_IDX;EUR;22;5225.00000000;2000;EXCHANGE_LAST;;1;1;XEUR;7793482;675;
22.01.2025;09:31:41.039;FESX SI 20250321 CS;SIMPLE_INSTRUMENT;VOLA;EUR;637534248;5220.00000000;360;EXCHANGE_LAST;;1;1;XEUR;7793482;675;
22.01.2025;09:59:19.633;FESX SI 20250321 CS;SIMPLE_INSTRUMENT;VOLA;EUR;637534272;5216.00000000;52;EXCHANGE_LAST;;1;1;XEUR;7793482;675;
22.01.2025;12:56:02.435;FESX SI 20250321 CS;SIMPLE_INSTRUMENT;VOLA;EUR;637534338;5230.00000000;15;EXCHANGE_LAST;;1;1;XEUR;7793482;675;
22.01.2025;13:40:40.050;FESX SI 20250321 CS;SIMPLE_INSTRUMENT;VOLA;EUR;637534359;5237.00000000;134;EXCHANGE_LAST;;1;1;XEUR;7793482;675;
22.01.2025;13:52:46.133;FESX SI 20250321 CS;SIMPLE_INSTRUMENT;VOLA;EUR;637534365;5235.00000000;995;EXCHANGE_LAST;;1;1;XEUR;7793482;675;
22.01.2025;13:57:26.682;FESX SI 20250321 CS;SIMPLE_INSTRUMENT;VOLA;EUR;637534368;5235.00000000;995;EXCHANGE_LAST;;1;1;XEUR;7793482;675;
22.01.2025;14:17:23.455;FESX SI 20250321 CS;SIMPLE_INSTRUMENT;VOLA;EUR;637534377;5225.00000000;210;EXCHANGE_LAST;;1;1;XEUR;7793482;675;
22.01.2025;14:21:52.696;FESX SI 20250321 CS;SIMPLE_INSTRUMENT;VOLA;EUR;637534378;5227.00000000;980;EXCHANGE_LAST;;1;1;XEUR;7793482;675;
22.01.2025;15:22:54.877;FESX SI 20250321 CS;SIMPLE_INSTRUMENT;VOLA;EUR;637534407;5220.00000000;460;EXCHANGE_LAST;;1;1;XEUR;7793482;675;
22.01.2025;16:23:44.985;FESX SI 20250321 CS;SIMPLE_INSTRUMENT;VOLA;EUR;637534429;5210.00000000;1450;EXCHANGE_LAST;;1;1;XEUR;7793482;675;
22.01.2025;16:27:50.599;FESX SI 20250321 CS;SIMPLE_INSTRUMENT;VOLA;EUR;637534435;5211.00000000;20;EXCHANGE_LAST;;1;1;XEUR;7793482;675;
22.01.2025;16:39:55.852;FESX SI 20250321 CS;SIMPLE_INSTRUMENT;VOLA;EUR;637534439;5215.00000000;220;EXCHANGE_LAST;;1;1;XEUR;7793482;675;
22.01.2025;17:00:33.975;FEU3 SI 20250616 CS;SIMPLE_INSTRUMENT;EFS;EUR;28;97.78000000;2000;EXCHANGE_LAST;;1;1;XEUR;4148223;702;
22.01.2025;09:50:04.816;FEXD.S.DEC25.DEC26.SPD;FUTURES_SPREAD;BLOCK;EUR;2;2.70000000;1000;EXCHANGE_LAST;;1;1;XEUR;72060570450264144;693;
22.01.2025;09:50:04.816;FEXD SI 20261218 CS;SIMPLE_INSTRUMENT;BLOCK;EUR;2;157.60000000;1000;PRC_DECOMP_MEMBER;;;;XEUR;2163053;693;MEMBER
22.01.2025;09:50:04.816;FEXD SI 20251219 CS;SIMPLE_INSTRUMENT;BLOCK;EUR;2;160.30000000;1000;PRC_DECOMP_MEMBER;;;;XEUR;1548120;693;MEMBER
22.01.2025;11:15:22.824;FEXD SI 20250620 CS;SIMPLE_INSTRUMENT;BLOCK;EUR;13;127.00000000;900;EXCHANGE_LAST;;1;1;XEUR;9548493;693;
22.01.2025;11:53:50.856;FEXD SI 20261218 CS;SIMPLE_INSTRUMENT;BLOCK;EUR;14;157.90000000;500;EXCHANGE_LAST;;1;1;XEUR;2163053;693;
22.01.2025;12:05:47.068;FEXD SI 20271217 CS;SIMPLE_INSTRUMENT;BLOCK;EUR;15;152.70000000;500;EXCHANGE_LAST;;1;1;XEUR;2848338;693;
22.01.2025;13:22:00.988;FEXD SI 20261218 CS;SIMPLE_INSTRUMENT;BLOCK;EUR;16;157.90000000;540;EXCHANGE_LAST;;3;1;XEUR;2163053;693;
22.01.2025;13:50:50.863;FEXD SI 20261218 CS;SIMPLE_INSTRUMENT;BLOCK;EUR;20;157.80000000;500;EXCHANGE_LAST;;1;1;XEUR;2163053;693;
22.01.2025;14:13:14.159;FEXD SI 20251219 CS;SIMPLE_INSTRUMENT;BLOCK;EUR;21;160.20000000;400;EXCHANGE_LAST;;1;1;XEUR;1548120;693;
22.01.2025;14:40:25.658;FEXD SI 20261218 CS;SIMPLE_INSTRUMENT;BLOCK;EUR;22;157.80000000;250;EXCHANGE_LAST;;1;1;XEUR;2163053;693;
22.01.2025;16:16:31.480;FEXD SI 20261218 CS;SIMPLE_INSTRUMENT;BLOCK;EUR;32;157.80000000;500;EXCHANGE_LAST;;1;1;XEUR;2163053;693;
22.01.2025;16:17:39.849;FEXD SI 20251219 CS;SIMPLE_INSTRUMENT;BLOCK;EUR;33;160.10000000;750;EXCHANGE_LAST;;1;1;XEUR;1548120;693;
22.01.2025;16:35:52.560;FEXD SI 20261218 CS;SIMPLE_INSTRUMENT;BLOCK;EUR;39;157.80000000;200;EXCHANGE_LAST;;1;1;XEUR;2163053;693;
22.01.2025;11:15:46.276;FEXF SI 20250321 CS;SIMPLE_INSTRUMENT;BLOCK;EUR;11;2816.00000000;352;EXCHANGE_LAST;;1;1;XEUR;11359735;694;
22.01.2025;11:16:06.545;FEXF SI 20250321 CS;SIMPLE_INSTRUMENT;BLOCK;EUR;12;2816.50000000;328;EXCHANGE_LAST;;1;1;XEUR;11359735;694;
22.01.2025;16:32:50.059;FFOX SI 20250321 CS;SIMPLE_INSTRUMENT;BLOCK;EUR;27;4434.10000000;200;EXCHANGE_LAST;;1;1;XEUR;11338030;695;
22.01.2025;15:06:47.991;FGBC SI 20250321 CS;SIMPLE_INSTRUMENT;BLOCK;GBP;25;141.64000000;100;EXCHANGE_LAST;;1;1;XEUR;11429250;772679;
22.01.2025;08:07:56.533;FGBL SI 20250306 PS;SIMPLE_INSTRUMENT;EFS;EUR;1;131.92000000;415;EXCHANGE_LAST;;1;1;XEUR;11286679;688;
22.01.2025;08:09:36.449;FGBL SI 20250306 PS;SIMPLE_INSTRUMENT;EFS;EUR;2;131.91000000;414;EXCHANGE_LAST;;1;1;XEUR;11286679;688;
22.01.2025;08:16:23.048;FGBL SI 20250306 PS;SIMPLE_INSTRUMENT;EFP_FIN;EUR;3;131.89000000;395;EXCHANGE_LAST;;1;1;XEUR;11286679;688;
22.01.2025;08:35:29.783;FGBL SI 20250306 PS;SIMPLE_INSTRUMENT;EFS;EUR;4;132.16000000;414;EXCHANGE_LAST;;1;1;XEUR;11286679;688;
22.01.2025;08:36:55.930;FGBL SI 20250306 PS;SIMPLE_INSTRUMENT;EFS;EUR;5;132.09000000;828;EXCHANGE_LAST;;1;1;XEUR;11286679;688;
22.01.2025;08:41:01.620;FGBL SI 20250306 PS;SIMPLE_INSTRUMENT;EFS;EUR;6;132.15000000;414;EXCHANGE_LAST;;1;1;XEUR;11286679;688;
22.01.2025;08:44:46.206;FGBL SI 20250306 PS;SIMPLE_INSTRUMENT;EFS;EUR;7;132.18000000;414;EXCHANGE_LAST;;1;1;XEUR;11286679;688;
22.01.2025;08:44:56.214;FGBL SI 20250306 PS;SIMPLE_INSTRUMENT;EFS;EUR;8;132.17000000;414;EXCHANGE_LAST;;1;1;XEUR;11286679;688;
22.01.2025;08:52:51.579;FGBL SI 20250306 PS;SIMPLE_INSTRUMENT;EFS;EUR;9;132.15000000;414;EXCHANGE_LAST;;1;1;XEUR;11286679;688;
22.01.2025;08:53:00.323;FGBL SI 20250306 PS;SIMPLE_INSTRUMENT;EFS;EUR;10;132.15000000;232;EXCHANGE_LAST;;1;1;XEUR;11286679;688;
22.01.2025;08:53:01.589;FGBL SI 20250306 PS;SIMPLE_INSTRUMENT;EFS;EUR;11;132.15000000;414;EXCHANGE_LAST;;1;1;XEUR;11286679;688;
22.01.2025;08:53:31.326;FGBL SI 20250306 PS;SIMPLE_INSTRUMENT;EFS;EUR;12;132.15000000;232;EXCHANGE_LAST;;1;1;XEUR;11286679;688;
22.01.2025;09:00:47.666;FGBL SI 20250306 PS;SIMPLE_INSTRUMENT;EFS;EUR;13;132.13000000;414;EXCHANGE_LAST;;1;1;XEUR;11286679;688;
22.01.2025;09:07:59.723;FGBL SI 20250306 PS;SIMPLE_INSTRUMENT;EFP_FIN;EUR;15;132.15000000;275;EXCHANGE_LAST;;1;1;XEUR;11286679;688;
22.01.2025;09:07:53.255;FGBL SI 20250306 PS;SIMPLE_INSTRUMENT;EFS;EUR;16;132.02000000;414;EXCHANGE_LAST;;1;1;XEUR;11286679;688;
22.01.2025;09:07:53.300;FGBL SI 20250306 PS;SIMPLE_INSTRUMENT;EFS;EUR;17;132.02000000;621;EXCHANGE_LAST;;1;1;XEUR;11286679;688;
22.01.2025;09:07:58.255;FGBL SI 20250306 PS;SIMPLE_INSTRUMENT;EFS;EUR;18;132.02000000;829;EXCHANGE_LAST;;1;1;XEUR;11286679;688;
22.01.2025;09:08:08.264;FGBL SI 20250306 PS;SIMPLE_INSTRUMENT;EFS;EUR;19;132.02000000;829;EXCHANGE_LAST;;1;1;XEUR;11286679;688;
22.01.2025;09:09:38.328;FGBL SI 20250306 PS;SIMPLE_INSTRUMENT;EFS;EUR;20;132.02000000;414;EXCHANGE_LAST;;1;1;XEUR;11286679;688;
22.01.2025;09:10:33.365;FGBL SI 20250306 PS;SIMPLE_INSTRUMENT;EFS;EUR;21;132.02000000;414;EXCHANGE_LAST;;1;1;XEUR;11286679;688;
22.01.2025;09:11:28.401;FGBL SI 20250306 PS;SIMPLE_INSTRUMENT;EFS;EUR;22;132.02000000;207;EXCHANGE_LAST;;1;1;XEUR;11286679;688;
22.01.2025;09:11:29.402;FGBL SI 20250306 PS;SIMPLE_INSTRUMENT;EFS;EUR;23;132.02000000;414;EXCHANGE_LAST;;1;1;XEUR;11286679;688;
22.01.2025;09:13:18.487;FGBL SI 20250306 PS;SIMPLE_INSTRUMENT;EFS;EUR;24;132.02000000;207;EXCHANGE_LAST;;1;1;XEUR;11286679;688;
22.01.2025;09:13:43.505;FGBL SI 20250306 PS;SIMPLE_INSTRUMENT;EFS;EUR;25;132.02000000;207;EXCHANGE_LAST;;1;1;XEUR;11286679;688;
22.01.2025;09:13:53.512;FGBL SI 20250306 PS;SIMPLE_INSTRUMENT;EFS;EUR;26;132.02000000;207;EXCHANGE_LAST;;1;1;XEUR;11286679;688;
22.01.2025;09:15:21.635;FGBL SI 20250306 PS;SIMPLE_INSTRUMENT;EFS;EUR;27;132.02000000;166;EXCHANGE_LAST;;1;1;XEUR;11286679;688;
22.01.2025;09:20:09.507;FGBL SI 20250306 PS;SIMPLE_INSTRUMENT;EFP_FIN;EUR;28;132.07000000;396;EXCHANGE_LAST;;1;1;XEUR;11286679;688;
22.01.2025;09:23:10.145;FGBL SI 20250306 PS;SIMPLE_INSTRUMENT;EFS;EUR;29;132.00000000;207;EXCHANGE_LAST;;1;1;XEUR;11286679;688;
22.01.2025;09:25:52.539;FGBL SI 20250306 PS;SIMPLE_INSTRUMENT;EFP_FIN;EUR;30;132.07000000;396;EXCHANGE_LAST;;1;1;XEUR;11286679;688;
22.01.2025;09:27:07.221;FGBL SI 20250306 PS;SIMPLE_INSTRUMENT;EFS;EUR;31;131.99000000;318;EXCHANGE_LAST;;1;1;XEUR;11286679;688;
22.01.2025;09:27:18.394;FGBL SI 20250306 PS;SIMPLE_INSTRUMENT;EFP_FIN;EUR;32;132.02000000;301;EXCHANGE_LAST;;1;1;XEUR;11286679;688;
22.01.2025;09:27:43.968;FGBL SI 20250306 PS;SIMPLE_INSTRUMENT;EFS;EUR;33;132.04000000;473;EXCHANGE_LAST;;1;1;XEUR;11286679;688;
22.01.2025;09:41:29.318;FGBL SI 20250306 PS;SIMPLE_INSTRUMENT;EFS;EUR;34;132.05000000;261;EXCHANGE_LAST;;1;1;XEUR;11286679;688;
22.01.2025;09:41:40.030;FGBL SI 20250306 PS;SIMPLE_INSTRUMENT;EFS;EUR;35;132.04000000;600;EXCHANGE_LAST;;1;1;XEUR;11286679;688;
22.01.2025;09:42:00.794;FGBL SI 20250306 PS;SIMPLE_INSTRUMENT;EFP_FIN;EUR;36;132.05000000;448;EXCHANGE_LAST;;1;1;XEUR;11286679;688;
22.01.2025;09:42:02.586;FGBL SI 20250306 PS;SIMPLE_INSTRUMENT;EFS;EUR;37;132.04000000;317;EXCHANGE_LAST;;1;1;XEUR;11286679;688;
22.01.2025;09:47:21.645;FGBL SI 20250306 PS;SIMPLE_INSTRUMENT;EFP_FIN;EUR;38;132.03000000;234;EXCHANGE_LAST;;1;1;XEUR;11286679;688;
22.01.2025;09:48:20.901;FGBL SI 20250306 PS;SIMPLE_INSTRUMENT;EFP_FIN;EUR;39;132.00000000;683;EXCHANGE_LAST;;1;1;XEUR;11286679;688;
22.01.2025;09:52:09.286;FGBL SI 20250306 PS;SIMPLE_INSTRUMENT;EFP_FIN;EUR;40;132.00000000;443;EXCHANGE_LAST;;1;1;XEUR;11286679;688;
22.01.2025;10:14:24.757;FGBL SI 20250306 PS;SIMPLE_INSTRUMENT;EFS;EUR;41;131.97000000;414;EXCHANGE_LAST;;1;1;XEUR;11286679;688;
22.01.2025;10:14:54.778;FGBL SI 20250306 PS;SIMPLE_INSTRUMENT;EFS;EUR;42;131.97000000;414;EXCHANGE_LAST;;1;1;XEUR;11286679;688;
22.01.2025;10:20:51.606;FGBL SI 20250306 PS;SIMPLE_INSTRUMENT;EFS;EUR;43;132.02000000;234;EXCHANGE_LAST;;1;1;XEUR;11286679;688;
22.01.2025;10:20:59.530;FGBL SI 20250306 PS;SIMPLE_INSTRUMENT;EFS;EUR;44;132.02000000;234;EXCHANGE_LAST;;1;1;XEUR;11286679;688;
22.01.2025;10:21:51.639;FGBL SI 20250306 PS;SIMPLE_INSTRUMENT;EFP_FIN;EUR;45;132.00000000;461;EXCHANGE_LAST;;1;1;XEUR;11286679;688;
22.01.2025;10:26:40.202;FGBL SI 20250306 PS;SIMPLE_INSTRUMENT;EFS;EUR;46;131.94000000;415;EXCHANGE_LAST;;1;1;XEUR;11286679;688;
22.01.2025;10:27:00.221;FGBL SI 20250306 PS;SIMPLE_INSTRUMENT;EFS;EUR;47;131.94000000;415;EXCHANGE_LAST;;1;1;XEUR;11286679;688;
22.01.2025;10:27:05.225;FGBL SI 20250306 PS;SIMPLE_INSTRUMENT;EFS;EUR;48;131.94000000;415;EXCHANGE_LAST;;1;1;XEUR;11286679;688;
22.01.2025;10:39:34.676;FGBL SI 20250306 PS;SIMPLE_INSTRUMENT;EFP_FIN;EUR;50;132.05000000;234;EXCHANGE_LAST;;1;1;XEUR;11286679;688;
22.01.2025;10:45:45.764;FGBL SI 20250306 PS;SIMPLE_INSTRUMENT;EFS;EUR;51;131.94000000;227;EXCHANGE_LAST;;1;1;XEUR;11286679;688;
22.01.2025;10:46:46.969;FGBL SI 20250306 PS;SIMPLE_INSTRUMENT;EFP_FIN;EUR;52;131.95000000;475;EXCHANGE_LAST;;1;1;XEUR;11286679;688;
22.01.2025;10:48:42.207;FGBL SI 20250306 PS;SIMPLE_INSTRUMENT;EFP_FIN;EUR;53;132.10000000;107;EXCHANGE_LAST;;1;1;XEUR;11286679;688;
22.01.2025;10:49:52.799;FGBL SI 20250306 PS;SIMPLE_INSTRUMENT;EFS;EUR;54;131.96000000;2367;EXCHANGE_LAST;;1;1;XEUR;11286679;688;
22.01.2025;10:50:59.768;FGBL SI 20250306 PS;SIMPLE_INSTRUMENT;EFS;EUR;56;131.96000000;473;EXCHANGE_LAST;;1;1;XEUR;11286679;688;
22.01.2025;10:54:23.333;FGBL SI 20250306 PS;SIMPLE_INSTRUMENT;EFS;EUR;57;131.92000000;207;EXCHANGE_LAST;;1;1;XEUR;11286679;688;
22.01.2025;10:57:11.391;FGBL SI 20250306 PS;SIMPLE_INSTRUMENT;EFP_FIN;EUR;58;131.94000000;188;EXCHANGE_LAST;;1;1;XEUR;11286679;688;
22.01.2025;10:56:04.031;FGBL SI 20250306 PS;SIMPLE_INSTRUMENT;EFP_FIN;EUR;59;131.94000000;188;EXCHANGE_LAST;;1;1;XEUR;11286679;688;
22.01.2025;10:58:21.426;FGBL SI 20250306 PS;SIMPLE_INSTRUMENT;EFS;EUR;60;131.91000000;414;EXCHANGE_LAST;;1;1;XEUR;11286679;688;
22.01.2025;11:05:35.223;FGBL SI 20250306 PS;SIMPLE_INSTRUMENT;EFS;EUR;61;131.93000000;142;EXCHANGE_LAST;;1;1;XEUR;11286679;688;
22.01.2025;11:05:54.148;FGBL SI 20250306 PS;SIMPLE_INSTRUMENT;EFS;EUR;62;131.95000000;207;EXCHANGE_LAST;;1;1;XEUR;11286679;688;
22.01.2025;11:07:12.908;FGBL SI 20250306 PS;SIMPLE_INSTRUMENT;EFS;EUR;63;131.96000000;207;EXCHANGE_LAST;;1;1;XEUR;11286679;688;
22.01.2025;11:07:23.836;FGBL SI 20250306 PS;SIMPLE_INSTRUMENT;EFS;EUR;64;131.95000000;207;EXCHANGE_LAST;;1;1;XEUR;11286679;688;
22.01.2025;11:09:50.936;FGBL SI 20250306 PS;SIMPLE_INSTRUMENT;EFS;EUR;65;131.94000000;414;EXCHANGE_LAST;;1;1;XEUR;11286679;688;
22.01.2025;11:10:06.984;FGBL SI 20250306 PS;SIMPLE_INSTRUMENT;EFP_FIN;EUR;66;131.93000000;74;EXCHANGE_LAST;;1;1;XEUR;11286679;688;
22.01.2025;11:17:37.306;FGBL SI 20250306 PS;SIMPLE_INSTRUMENT;EFS;EUR;68;132.00000000;452;EXCHANGE_LAST;;1;1;XEUR;11286679;688;
22.01.2025;11:19:04.365;FGBL SI 20250306 PS;SIMPLE_INSTRUMENT;EFS;EUR;69;131.95000000;414;EXCHANGE_LAST;;1;1;XEUR;11286679;688;
22.01.2025;11:24:10.200;FGBL SI 20250306 PS;SIMPLE_INSTRUMENT;EFS;EUR;70;131.96000000;500;EXCHANGE_LAST;;1;1;XEUR;11286679;688;
22.01.2025;11:26:56.197;FGBL SI 20250306 PS;SIMPLE_INSTRUMENT;EFP_FIN;EUR;71;131.93000000;193;EXCHANGE_LAST;;1;1;XEUR;11286679;688;
22.01.2025;11:32:02.517;FGBL SI 20250306 PS;SIMPLE_INSTRUMENT;EFS;EUR;72;131.93000000;414;EXCHANGE_LAST;;1;1;XEUR;11286679;688;
22.01.2025;11:33:56.116;FGBL SI 20250306 PS;SIMPLE_INSTRUMENT;EFP_FIN;EUR;73;131.94000000;134;EXCHANGE_LAST;;1;1;XEUR;11286679;688;
22.01.2025;11:35:21.260;FGBL SI 20250306 PS;SIMPLE_INSTRUMENT;EFS;EUR;74;131.92000000;290;EXCHANGE_LAST;;1;1;XEUR;11286679;688;
22.01.2025;11:39:29.620;FGBL SI 20250306 PS;SIMPLE_INSTRUMENT;EFP_FIN;EUR;75;131.92000000;316;EXCHANGE_LAST;;1;1;XEUR;11286679;688;
22.01.2025;11:41:31.485;FGBL SI 20250306 PS;SIMPLE_INSTRUMENT;EFS;EUR;76;131.92000000;906;EXCHANGE_LAST;;1;1;XEUR;11286679;688;
22.01.2025;11:47:22.053;FGBL SI 20250306 PS;SIMPLE_INSTRUMENT;EFS;EUR;77;131.94000000;227;EXCHANGE_LAST;;1;1;XEUR;11286679;688;
22.01.2025;11:48:08.238;FGBL SI 20250306 PS;SIMPLE_INSTRUMENT;EFS;EUR;78;131.92000000;466;EXCHANGE_LAST;;1;1;XEUR;11286679;688;
22.01.2025;11:48:35.113;FGBL SI 20250306 PS;SIMPLE_INSTRUMENT;EFP_FIN;EUR;79;131.93000000;55;EXCHANGE_LAST;;1;1;XEUR;11286679;688;
22.01.2025;11:54:07.622;FGBL SI 20250306 PS;SIMPLE_INSTRUMENT;EFP_FIN;EUR;80;131.91000000;682;EXCHANGE_LAST;;1;1;XEUR;11286679;688;
22.01.2025;12:11:58.592;FGBL SI 20250306 PS;SIMPLE_INSTRUMENT;EFS;EUR;81;131.89000000;414;EXCHANGE_LAST;;1;1;XEUR;11286679;688;
22.01.2025;12:16:01.257;FGBL SI 20250306 PS;SIMPLE_INSTRUMENT;EFS;EUR;82;131.91000000;473;EXCHANGE_LAST;;1;1;XEUR;11286679;688;
22.01.2025;12:24:56.248;FGBL SI 20250306 PS;SIMPLE_INSTRUMENT;EFS;EUR;83;131.89000000;415;EXCHANGE_LAST;;1;1;XEUR;11286679;688;
22.01.2025;12:35:17.642;FGBL SI 20250306 PS;SIMPLE_INSTRUMENT;EFS;EUR;85;131.94000000;414;EXCHANGE_LAST;;1;1;XEUR;11286679;688;
22.01.2025;12:38:58.745;FGBL SI 20250306 PS;SIMPLE_INSTRUMENT;EFP_FIN;EUR;86;131.89000000;119;EXCHANGE_LAST;;1;1;XEUR;11286679;688;
22.01.2025;12:42:15.182;FGBL SI 20250306 PS;SIMPLE_INSTRUMENT;EFP_FIN;EUR;87;131.90000000;619;EXCHANGE_LAST;;1;1;XEUR;11286679;688;
22.01.2025;12:46:05.022;FGBL SI 20250306 PS;SIMPLE_INSTRUMENT;EFP_FIN;EUR;88;131.89000000;583;EXCHANGE_LAST;;1;1;XEUR;11286679;688;
22.01.2025;13:01:35.656;FGBL SI 20250306 PS;SIMPLE_INSTRUMENT;EFS;EUR;89;131.96000000;237;EXCHANGE_LAST;;1;1;XEUR;11286679;688;
22.01.2025;13:07:47.514;FGBL SI 20250306 PS;SIMPLE_INSTRUMENT;EFS;EUR;90;131.90000000;375;EXCHANGE_LAST;;1;1;XEUR;11286679;688;
22.01.2025;13:20:36.989;FGBL SI 20250306 PS;SIMPLE_INSTRUMENT;EFS;EUR;91;131.98000000;414;EXCHANGE_LAST;;1;1;XEUR;11286679;688;
22.01.2025;13:21:37.389;FGBL SI 20250306 PS;SIMPLE_INSTRUMENT;EFS;EUR;92;132.02000000;414;EXCHANGE_LAST;;1;1;XEUR;11286679;688;
22.01.2025;13:22:20.622;FGBL SI 20250306 PS;SIMPLE_INSTRUMENT;EFS;EUR;93;132.04000000;207;EXCHANGE_LAST;;1;1;XEUR;11286679;688;
22.01.2025;13:22:39.432;FGBL SI 20250306 PS;SIMPLE_INSTRUMENT;EFS;EUR;94;131.98000000;237;EXCHANGE_LAST;;1;1;XEUR;11286679;688;
22.01.2025;13:25:18.587;FGBL SI 20250306 PS;SIMPLE_INSTRUMENT;EFS;EUR;95;132.04000000;414;EXCHANGE_LAST;;1;1;XEUR;11286679;688;
22.01.2025;13:25:26.108;FGBL SI 20250306 PS;SIMPLE_INSTRUMENT;EFS;EUR;96;132.04000000;207;EXCHANGE_LAST;;1;1;XEUR;11286679;688;
22.01.2025;13:28:48.019;FGBL SI 20250306 PS;SIMPLE_INSTRUMENT;EFS;EUR;97;131.99000000;414;EXCHANGE_LAST;;1;1;XEUR;11286679;688;
22.01.2025;13:31:53.346;FGBL SI 20250306 PS;SIMPLE_INSTRUMENT;EFS;EUR;98;132.00000000;414;EXCHANGE_LAST;;1;1;XEUR;11286679;688;
22.01.2025;13:32:03.559;FGBL SI 20250306 PS;SIMPLE_INSTRUMENT;EFS;EUR;99;131.99000000;414;EXCHANGE_LAST;;1;1;XEUR;11286679;688;
22.01.2025;13:32:41.637;FGBL SI 20250306 PS;SIMPLE_INSTRUMENT;EFS;EUR;100;132.01000000;463;EXCHANGE_LAST;;1;1;XEUR;11286679;688;
22.01.2025;13:34:33.986;FGBL SI 20250306 PS;SIMPLE_INSTRUMENT;EFS;EUR;101;132.01000000;414;EXCHANGE_LAST;;1;1;XEUR;11286679;688;
22.01.2025;13:35:47.398;FGBL SI 20250306 PS;SIMPLE_INSTRUMENT;EFS;EUR;102;132.00000000;414;EXCHANGE_LAST;;1;1;XEUR;11286679;688;
22.01.2025;13:50:01.795;FGBL SI 20250306 PS;SIMPLE_INSTRUMENT;EFP_FIN;EUR;103;131.98000000;316;EXCHANGE_LAST;;1;1;XEUR;11286679;688;
22.01.2025;13:51:28.707;FGBL SI 20250306 PS;SIMPLE_INSTRUMENT;EFP_FIN;EUR;104;131.97000000;179;EXCHANGE_LAST;;1;1;XEUR;11286679;688;
22.01.2025;13:51:32.695;FGBL SI 20250306 PS;SIMPLE_INSTRUMENT;EFP_FIN;EUR;105;131.97000000;77;EXCHANGE_LAST;;1;1;XEUR;11286679;688;
22.01.2025;13:52:30.807;FGBL SI 20250306 PS;SIMPLE_INSTRUMENT;EFP_FIN;EUR;106;131.97000000;187;EXCHANGE_LAST;;1;1;XEUR;11286679;688;
22.01.2025;14:01:51.338;FGBL SI 20250306 PS;SIMPLE_INSTRUMENT;EFP_FIN;EUR;107;132.00000000;220;EXCHANGE_LAST;;1;1;XEUR;11286679;688;
22.01.2025;14:03:52.225;FGBL SI 20250306 PS;SIMPLE_INSTRUMENT;EFS;EUR;108;131.98000000;454;EXCHANGE_LAST;;1;1;XEUR;11286679;688;
22.01.2025;14:05:46.994;FGBL SI 20250306 PS;SIMPLE_INSTRUMENT;EFS;EUR;109;132.01000000;379;EXCHANGE_LAST;;1;1;XEUR;11286679;688;
22.01.2025;14:06:39.438;FGBL SI 20250306 PS;SIMPLE_INSTRUMENT;EFP_FIN;EUR;110;132.02000000;475;EXCHANGE_LAST;;1;1;XEUR;11286679;688;
22.01.2025;14:07:34.755;FGBL SI 20250306 PS;SIMPLE_INSTRUMENT;EFS;EUR;111;132.03000000;350;EXCHANGE_LAST;;1;1;XEUR;11286679;688;
22.01.2025;14:14:41.966;FGBL SI 20250306 PS;SIMPLE_INSTRUMENT;EFS;EUR;112;132.00000000;662;EXCHANGE_LAST;;1;1;XEUR;11286679;688;
22.01.2025;14:15:26.554;FGBL SI 20250306 PS;SIMPLE_INSTRUMENT;EFS;EUR;113;131.94000000;414;EXCHANGE_LAST;;1;1;XEUR;11286679;688;
22.01.2025;14:17:19.495;FGBL SI 20250306 PS;SIMPLE_INSTRUMENT;EFP_FIN;EUR;114;132.02000000;178;EXCHANGE_LAST;;1;1;XEUR;11286679;688;
22.01.2025;14:24:59.703;FGBL SI 20250306 PS;SIMPLE_INSTRUMENT;EFP_FIN;EUR;115;131.94000000;191;EXCHANGE_LAST;;1;1;XEUR;11286679;688;
22.01.2025;14:31:04.124;FGBL SI 20250306 PS;SIMPLE_INSTRUMENT;EFS;EUR;116;131.97000000;250;EXCHANGE_LAST;;1;1;XEUR;11286679;688;
22.01.2025;14:47:10.539;FGBL SI 20250306 PS;SIMPLE_INSTRUMENT;EFS;EUR;118;131.86000000;414;EXCHANGE_LAST;;1;1;XEUR;11286679;688;
22.01.2025;14:50:18.755;FGBL SI 20250306 PS;SIMPLE_INSTRUMENT;EFS;EUR;119;131.87000000;621;EXCHANGE_LAST;;1;1;XEUR;11286679;688;
22.01.2025;14:50:56.010;FGBL SI 20250306 PS;SIMPLE_INSTRUMENT;EFS;EUR;120;131.87000000;415;EXCHANGE_LAST;;1;1;XEUR;11286679;688;
22.01.2025;14:53:57.106;FGBL SI 20250306 PS;SIMPLE_INSTRUMENT;EFP_FIN;EUR;121;131.83000000;937;EXCHANGE_LAST;;1;1;XEUR;11286679;688;
22.01.2025;14:56:19.440;FGBL SI 20250306 PS;SIMPLE_INSTRUMENT;EFP_FIN;EUR;122;131.86000000;217;EXCHANGE_LAST;;1;1;XEUR;11286679;688;
22.01.2025;14:58:12.721;FGBL SI 20250306 PS;SIMPLE_INSTRUMENT;EFS;EUR;123;131.93000000;1208;EXCHANGE_LAST;;1;1;XEUR;11286679;688;
22.01.2025;14:59:01.362;FGBL SI 20250306 PS;SIMPLE_INSTRUMENT;EFS;EUR;124;131.86000000;415;EXCHANGE_LAST;;1;1;XEUR;11286679;688;
22.01.2025;15:03:40.084;FGBL SI 20250306 PS;SIMPLE_INSTRUMENT;EFS;EUR;125;131.86000000;136;EXCHANGE_LAST;;1;1;XEUR;11286679;688;
22.01.2025;15:04:01.506;FGBL SI 20250306 PS;SIMPLE_INSTRUMENT;EFS;EUR;126;131.88000000;415;EXCHANGE_LAST;;1;1;XEUR;11286679;688;
22.01.2025;15:04:16.519;FGBL SI 20250306 PS;SIMPLE_INSTRUMENT;EFS;EUR;127;131.89000000;415;EXCHANGE_LAST;;1;1;XEUR;11286679;688;
22.01.2025;15:09:31.724;FGBL SI 20250306 PS;SIMPLE_INSTRUMENT;EFS;EUR;128;131.93000000;415;EXCHANGE_LAST;;1;1;XEUR;11286679;688;
22.01.2025;15:10:10.130;FGBL SI 20250306 PS;SIMPLE_INSTRUMENT;EFS;EUR;129;131.91000000;414;EXCHANGE_LAST;;1;1;XEUR;11286679;688;
22.01.2025;15:10:49.456;FGBL SI 20250306 PS;SIMPLE_INSTRUMENT;EFS;EUR;130;131.91000000;414;EXCHANGE_LAST;;1;1;XEUR;11286679;688;
22.01.2025;15:11:12.479;FGBL SI 20250306 PS;SIMPLE_INSTRUMENT;EFS;EUR;131;131.93000000;622;EXCHANGE_LAST;;1;1;XEUR;11286679;688;
22.01.2025;15:12:36.875;FGBL SI 20250306 PS;SIMPLE_INSTRUMENT;EFS;EUR;132;131.93000000;415;EXCHANGE_LAST;;1;1;XEUR;11286679;688;
22.01.2025;15:12:40.460;FGBL SI 20250306 PS;SIMPLE_INSTRUMENT;EFS;EUR;133;131.94000000;207;EXCHANGE_LAST;;1;1;XEUR;11286679;688;
22.01.2025;15:15:26.995;FGBL SI 20250306 PS;SIMPLE_INSTRUMENT;EFS;EUR;134;131.93000000;207;EXCHANGE_LAST;;1;1;XEUR;11286679;688;
22.01.2025;15:16:28.041;FGBL SI 20250306 PS;SIMPLE_INSTRUMENT;EFS;EUR;135;131.97000000;414;EXCHANGE_LAST;;1;1;XEUR;11286679;688;
22.01.2025;15:17:17.306;FGBL SI 20250306 PS;SIMPLE_INSTRUMENT;EFS;EUR;136;131.94000000;207;EXCHANGE_LAST;;1;1;XEUR;11286679;688;
22.01.2025;15:17:18.077;FGBL SI 20250306 PS;SIMPLE_INSTRUMENT;EFS;EUR;137;131.97000000;414;EXCHANGE_LAST;;1;1;XEUR;11286679;688;
22.01.2025;15:18:41.855;FGBL SI 20250306 PS;SIMPLE_INSTRUMENT;EFS;EUR;138;131.94000000;207;EXCHANGE_LAST;;1;1;XEUR;11286679;688;
22.01.2025;15:22:02.966;FGBL SI 20250306 PS;SIMPLE_INSTRUMENT;EFS;EUR;139;131.93000000;363;EXCHANGE_LAST;;1;1;XEUR;11286679;688;
22.01.2025;15:22:37.792;FGBL SI 20250306 PS;SIMPLE_INSTRUMENT;EFP_FIN;EUR;140;131.93000000;92;EXCHANGE_LAST;;1;1;XEUR;11286679;688;
22.01.2025;15:23:08.661;FGBL SI 20250306 PS;SIMPLE_INSTRUMENT;EFP_FIN;EUR;141;131.86000000;285;EXCHANGE_LAST;;1;1;XEUR;11286679;688;
22.01.2025;15:29:30.620;FGBL SI 20250306 PS;SIMPLE_INSTRUMENT;EFS;EUR;142;131.92000000;414;EXCHANGE_LAST;;1;1;XEUR;11286679;688;
22.01.2025;15:30:02.784;FGBL SI 20250306 PS;SIMPLE_INSTRUMENT;EFS;EUR;143;131.92000000;414;EXCHANGE_LAST;;1;1;XEUR;11286679;688;
22.01.2025;15:31:53.415;FGBL SI 20250306 PS;SIMPLE_INSTRUMENT;EFS;EUR;144;131.92000000;489;EXCHANGE_LAST;;1;1;XEUR;11286679;688;
22.01.2025;15:38:13.886;FGBL SI 20250306 PS;SIMPLE_INSTRUMENT;EFS;EUR;145;131.87000000;415;EXCHANGE_LAST;;1;1;XEUR;11286679;688;
22.01.2025;15:38:18.892;FGBL SI 20250306 PS;SIMPLE_INSTRUMENT;EFS;EUR;146;131.89000000;415;EXCHANGE_LAST;;1;1;XEUR;11286679;688;
22.01.2025;15:58:08.071;FGBL SI 20250306 PS;SIMPLE_INSTRUMENT;EFS;EUR;147;131.87000000;710;EXCHANGE_LAST;;1;1;XEUR;11286679;688;
22.01.2025;15:55:00.099;FGBL SI 20250306 PS;SIMPLE_INSTRUMENT;EFP_FIN;EUR;148;131.88000000;395;EXCHANGE_LAST;;1;1;XEUR;11286679;688;
22.01.2025;16:03:07.705;FGBL SI 20250306 PS;SIMPLE_INSTRUMENT;EFS;EUR;149;131.82000000;414;EXCHANGE_LAST;;1;1;XEUR;11286679;688;
22.01.2025;16:04:36.122;FGBL SI 20250306 PS;SIMPLE_INSTRUMENT;EFS;EUR;150;131.81000000;400;EXCHANGE_LAST;;1;1;XEUR;11286679;688;
22.01.2025;16:05:38.486;FGBL SI 20250306 PS;SIMPLE_INSTRUMENT;EFP_FIN;EUR;151;131.92000000;768;EXCHANGE_LAST;;1;1;XEUR;11286679;688;
22.01.2025;16:06:30.325;FGBL SI 20250306 PS;SIMPLE_INSTRUMENT;EFP_FIN;EUR;152;131.92000000;183;EXCHANGE_LAST;;1;1;XEUR;11286679;688;
22.01.2025;16:07:24.820;FGBL SI 20250306 PS;SIMPLE_INSTRUMENT;EFP_FIN;EUR;153;131.88000000;316;EXCHANGE_LAST;;1;1;XEUR;11286679;688;
22.01.2025;16:08:08.220;FGBL SI 20250306 PS;SIMPLE_INSTRUMENT;EFS;EUR;154;131.76000000;414;EXCHANGE_LAST;;1;1;XEUR;11286679;688;
22.01.2025;16:08:52.438;FGBL SI 20250306 PS;SIMPLE_INSTRUMENT;EFS;EUR;155;131.77000000;94;EXCHANGE_LAST;;1;1;XEUR;11286679;688;
22.01.2025;16:11:27.253;FGBL SI 20250306 PS;SIMPLE_INSTRUMENT;EFS;EUR;156;131.81000000;415;EXCHANGE_LAST;;1;1;XEUR;11286679;688;
22.01.2025;16:28:08.299;FGBL SI 20250306 PS;SIMPLE_INSTRUMENT;EFS;EUR;157;131.80000000;464;EXCHANGE_LAST;;1;1;XEUR;11286679;688;
22.01.2025;16:29:42.797;FGBL SI 20250306 PS;SIMPLE_INSTRUMENT;EFP_FIN;EUR;158;131.86000000;395;EXCHANGE_LAST;;1;1;XEUR;11286679;688;
22.01.2025;16:36:43.093;FGBL SI 20250306 PS;SIMPLE_INSTRUMENT;EFS;EUR;159;131.86000000;1500;EXCHANGE_LAST;;1;1;XEUR;11286679;688;
22.01.2025;16:53:48.815;FGBL SI 20250306 PS;SIMPLE_INSTRUMENT;EFP_FIN;EUR;160;131.85000000;221;EXCHANGE_LAST;;1;1;XEUR;11286679;688;
22.01.2025;17:01:58.073;FGBL SI 20250306 PS;SIMPLE_INSTRUMENT;EFS;EUR;161;131.76000000;473;EXCHANGE_LAST;;1;1;XEUR;11286679;688;
22.01.2025;08:17:03.851;FGBL SI 20250306 PS;SIMPLE_INSTRUMENT;VOLA;EUR;268435464;131.87000000;55;EXCHANGE_LAST;;1;1;XEUR;11286679;688;
22.01.2025;08:20:31.766;FGBL SI 20250306 PS;SIMPLE_INSTRUMENT;VOLA;EUR;268435468;131.88000000;292;EXCHANGE_LAST;;1;1;XEUR;11286679;688;
22.01.2025;08:21:09.778;FGBL SI 20250306 PS;SIMPLE_INSTRUMENT;VOLA;EUR;268435470;131.88000000;293;EXCHANGE_LAST;;1;1;XEUR;11286679;688;
22.01.2025;08:24:43.443;FGBL SI 20250306 PS;SIMPLE_INSTRUMENT;VOLA;EUR;268435476;131.92000000;27;EXCHANGE_LAST;;1;1;XEUR;11286679;688;
22.01.2025;08:25:22.254;FGBL SI 20250306 PS;SIMPLE_INSTRUMENT;VOLA;EUR;268435477;131.92000000;27;EXCHANGE_LAST;;1;1;XEUR;11286679;688;
22.01.2025;08:32:33.078;FGBL SI 20250306 PS;SIMPLE_INSTRUMENT;VOLA;EUR;268435482;132.18000000;3;EXCHANGE_LAST;;1;1;XEUR;11286679;688;
22.01.2025;09:04:38.017;FGBL SI 20250306 PS;SIMPLE_INSTRUMENT;VOLA;EUR;268435503;132.16000000;17;EXCHANGE_LAST;;1;1;XEUR;11286679;688;
22.01.2025;09:28:03.235;FGBL SI 20250306 PS;SIMPLE_INSTRUMENT;VOLA;EUR;268435513;132.06000000;41;EXCHANGE_LAST;;1;1;XEUR;11286679;688;
22.01.2025;09:28:20.236;FGBL SI 20250306 PS;SIMPLE_INSTRUMENT;VOLA;EUR;268435516;132.02000000;50;EXCHANGE_LAST;;1;1;XEUR;11286679;688;
22.01.2025;10:15:13.370;FGBL SI 20250306 PS;SIMPLE_INSTRUMENT;VOLA;EUR;268435539;132.00000000;225;EXCHANGE_LAST;;1;1;XEUR;11286679;688;
22.01.2025;10:15:22.371;FGBL SI 20250306 PS;SIMPLE_INSTRUMENT;VOLA;EUR;268435540;132.00000000;220;EXCHANGE_LAST;;1;1;XEUR;11286679;688;
22.01.2025;11:57:01.177;FGBL SI 20250306 PS;SIMPLE_INSTRUMENT;VOLA;EUR;268435569;131.96000000;240;EXCHANGE_LAST;;1;1;XEUR;11286679;688;
22.01.2025;13:29:39.400;FGBL SI 20250306 PS;SIMPLE_INSTRUMENT;VOLA;EUR;268435598;132.06000000;11;EXCHANGE_LAST;;1;1;XEUR;11286679;688;
22.01.2025;14:12:41.286;FGBL SI 20250306 PS;SIMPLE_INSTRUMENT;VOLA;EUR;268435611;132.00000000;53;EXCHANGE_LAST;;1;1;XEUR;11286679;688;
22.01.2025;14:18:28.945;FGBL SI 20250306 PS;SIMPLE_INSTRUMENT;VOLA;EUR;268435622;132.00000000;27;EXCHANGE_LAST;;1;1;XEUR;11286679;688;
22.01.2025;14:58:02.660;FGBL SI 20250306 PS;SIMPLE_INSTRUMENT;VOLA;EUR;268435641;131.83000000;75;EXCHANGE_LAST;;1;1;XEUR;11286679;688;
22.01.2025;16:05:20.563;FGBL SI 20250306 PS;SIMPLE_INSTRUMENT;VOLA;EUR;268435659;132.00000000;500;EXCHANGE_LAST;;1;1;XEUR;11286679;688;
22.01.2025;16:12:56.638;FGBL SI 20250306 PS;SIMPLE_INSTRUMENT;VOLA;EUR;268435664;132.00000000;500;EXCHANGE_LAST;;1;1;XEUR;11286679;688;
22.01.2025;16:19:28.992;FGBL SI 20250306 PS;SIMPLE_INSTRUMENT;VOLA;EUR;268435669;131.91000000;57;EXCHANGE_LAST;;1;1;XEUR;11286679;688;
22.01.2025;16:19:30.039;FGBL SI 20250306 PS;SIMPLE_INSTRUMENT;VOLA;EUR;268435670;131.91000000;16;EXCHANGE_LAST;;1;1;XEUR;11286679;688;
22.01.2025;16:24:22.272;FGBL SI 20250306 PS;SIMPLE_INSTRUMENT;VOLA;EUR;268435675;131.80000000;25;EXCHANGE_LAST;;1;1;XEUR;11286679;688;
22.01.2025;08:30:05.651;FGBM SI 20250306 PS;SIMPLE_INSTRUMENT;EFS;EUR;1;117.06000000;454;EXCHANGE_LAST;;1;1;XEUR;11286680;689;
22.01.2025;08:31:41.155;FGBM SI 20250306 PS;SIMPLE_INSTRUMENT;EFS;EUR;2;117.07000000;907;EXCHANGE_LAST;;1;1;XEUR;11286680;689;
22.01.2025;08:51:29.316;FGBM SI 20250306 PS;SIMPLE_INSTRUMENT;EFS;EUR;3;117.14000000;971;EXCHANGE_LAST;;1;1;XEUR;11286680;689;
22.01.2025;08:51:44.318;FGBM SI 20250306 PS;SIMPLE_INSTRUMENT;EFS;EUR;4;117.14000000;971;EXCHANGE_LAST;;1;1;XEUR;11286680;689;
22.01.2025;09:10:50.071;FGBM SI 20250306 PS;SIMPLE_INSTRUMENT;EFP_FIN;EUR;5;117.10000000;185;EXCHANGE_LAST;;1;1;XEUR;11286680;689;
22.01.2025;09:11:10.886;FGBM SI 20250306 PS;SIMPLE_INSTRUMENT;EFP_FIN;EUR;6;117.10000000;185;EXCHANGE_LAST;;1;1;XEUR;11286680;689;
22.01.2025;09:14:45.931;FGBM SI 20250306 PS;SIMPLE_INSTRUMENT;EFS;EUR;7;117.09000000;992;EXCHANGE_LAST;;1;1;XEUR;11286680;689;
22.01.2025;09:16:40.573;FGBM SI 20250306 PS;SIMPLE_INSTRUMENT;EFP_FIN;EUR;8;117.13000000;630;EXCHANGE_LAST;;1;1;XEUR;11286680;689;
22.01.2025;09:26:11.380;FGBM SI 20250306 PS;SIMPLE_INSTRUMENT;EFP_FIN;EUR;9;117.08000000;863;EXCHANGE_LAST;;1;1;XEUR;11286680;689;
22.01.2025;09:28:42.426;FGBM SI 20250306 PS;SIMPLE_INSTRUMENT;EFS;EUR;10;117.09000000;992;EXCHANGE_LAST;;1;1;XEUR;11286680;689;
22.01.2025;09:31:31.050;FGBM SI 20250306 PS;SIMPLE_INSTRUMENT;EFS;EUR;11;117.10000000;993;EXCHANGE_LAST;;1;1;XEUR;11286680;689;
22.01.2025;09:33:27.375;FGBM SI 20250306 PS;SIMPLE_INSTRUMENT;EFP_FIN;EUR;12;117.10000000;556;EXCHANGE_LAST;;1;1;XEUR;11286680;689;
22.01.2025;09:43:11.189;FGBM SI 20250306 PS;SIMPLE_INSTRUMENT;EFS;EUR;13;117.10000000;496;EXCHANGE_LAST;;1;1;XEUR;11286680;689;
22.01.2025;09:52:11.627;FGBM SI 20250306 PS;SIMPLE_INSTRUMENT;BLOCK;EUR;14;117.14000000;5000;EXCHANGE_LAST;;1;1;XEUR;11286680;689;
22.01.2025;09:58:19.652;FGBM SI 20250306 PS;SIMPLE_INSTRUMENT;EFS;EUR;15;117.12000000;992;EXCHANGE_LAST;;1;1;XEUR;11286680;689;
22.01.2025;09:58:46.767;FGBM SI 20250306 PS;SIMPLE_INSTRUMENT;EFS;EUR;16;117.11000000;907;EXCHANGE_LAST;;1;1;XEUR;11286680;689;
22.01.2025;10:00:22.191;FGBM SI 20250306 PS;SIMPLE_INSTRUMENT;EFS;EUR;17;117.09000000;909;EXCHANGE_LAST;;1;1;XEUR;11286680;689;
22.01.2025;10:33:50.683;FGBM SI 20250306 PS;SIMPLE_INSTRUMENT;EFP_FIN;EUR;18;117.10000000;627;EXCHANGE_LAST;;1;1;XEUR;11286680;689;
22.01.2025;10:23:33.357;FGBM SI 20250306 PS;SIMPLE_INSTRUMENT;EFS;EUR;19;117.09000000;962;EXCHANGE_LAST;;1;1;XEUR;11286680;689;
22.01.2025;10:23:40.310;FGBM SI 20250306 PS;SIMPLE_INSTRUMENT;EFS;EUR;20;117.09000000;962;EXCHANGE_LAST;;1;1;XEUR;11286680;689;
22.01.2025;10:32:06.464;FGBM SI 20250306 PS;SIMPLE_INSTRUMENT;EFS;EUR;21;117.07000000;909;EXCHANGE_LAST;;1;1;XEUR;11286680;689;
22.01.2025;10:33:16.513;FGBM SI 20250306 PS;SIMPLE_INSTRUMENT;EFS;EUR;22;117.06000000;909;EXCHANGE_LAST;;1;1;XEUR;11286680;689;
22.01.2025;10:38:39.228;FGBM SI 20250306 PS;SIMPLE_INSTRUMENT;EFP_FIN;EUR;23;117.09000000;431;EXCHANGE_LAST;;1;1;XEUR;11286680;689;
22.01.2025;11:08:23.875;FGBM SI 20250306 PS;SIMPLE_INSTRUMENT;EFS;EUR;24;117.06000000;909;EXCHANGE_LAST;;1;1;XEUR;11286680;689;
22.01.2025;11:10:13.961;FGBM SI 20250306 PS;SIMPLE_INSTRUMENT;EFS;EUR;25;117.07000000;909;EXCHANGE_LAST;;1;1;XEUR;11286680;689;
22.01.2025;11:18:54.356;FGBM SI 20250306 PS;SIMPLE_INSTRUMENT;EFS;EUR;26;117.06000000;909;EXCHANGE_LAST;;1;1;XEUR;11286680;689;
22.01.2025;11:25:11.104;FGBM SI 20250306 PS;SIMPLE_INSTRUMENT;EFS;EUR;27;117.07000000;250;EXCHANGE_LAST;;1;1;XEUR;11286680;689;
22.01.2025;11:34:41.509;FGBM SI 20250306 PS;SIMPLE_INSTRUMENT;EFS;EUR;28;117.05000000;599;EXCHANGE_LAST;;1;1;XEUR;11286680;689;
22.01.2025;11:42:08.015;FGBM SI 20250306 PS;SIMPLE_INSTRUMENT;EFP_FIN;EUR;29;117.05000000;863;EXCHANGE_LAST;;1;1;XEUR;11286680;689;
22.01.2025;11:46:29.833;FGBM SI 20250306 PS;SIMPLE_INSTRUMENT;EFS;EUR;30;117.04000000;1924;EXCHANGE_LAST;;1;1;XEUR;11286680;689;
22.01.2025;12:04:24.348;FGBM SI 20250306 PS;SIMPLE_INSTRUMENT;EFP_FIN;EUR;31;117.06000000;290;EXCHANGE_LAST;;1;1;XEUR;11286680;689;
22.01.2025;12:06:36.498;FGBM SI 20250306 PS;SIMPLE_INSTRUMENT;EFS;EUR;32;117.06000000;909;EXCHANGE_LAST;;1;1;XEUR;11286680;689;
22.01.2025;12:09:27.931;FGBM SI 20250306 PS;SIMPLE_INSTRUMENT;EFP_FIN;EUR;33;117.03000000;343;EXCHANGE_LAST;;1;1;XEUR;11286680;689;
22.01.2025;12:14:55.854;FGBM SI 20250306 PS;SIMPLE_INSTRUMENT;EFS;EUR;34;117.03000000;909;EXCHANGE_LAST;;1;1;XEUR;11286680;689;
22.01.2025;12:16:05.903;FGBM SI 20250306 PS;SIMPLE_INSTRUMENT;EFS;EUR;35;117.03000000;454;EXCHANGE_LAST;;1;1;XEUR;11286680;689;
22.01.2025;12:16:18.369;FGBM SI 20250306 PS;SIMPLE_INSTRUMENT;EFS;EUR;36;117.07000000;488;EXCHANGE_LAST;;1;1;XEUR;11286680;689;
22.01.2025;12:16:20.918;FGBM SI 20250306 PS;SIMPLE_INSTRUMENT;EFS;EUR;37;117.03000000;454;EXCHANGE_LAST;;1;1;XEUR;11286680;689;
22.01.2025;12:18:42.445;FGBM SI 20250306 PS;SIMPLE_INSTRUMENT;EFP_FIN;EUR;38;117.04000000;121;EXCHANGE_LAST;;1;1;XEUR;11286680;689;
22.01.2025;12:36:07.007;FGBM SI 20250306 PS;SIMPLE_INSTRUMENT;EFP_FIN;EUR;39;117.02000000;738;EXCHANGE_LAST;;1;1;XEUR;11286680;689;
22.01.2025;12:54:14.348;FGBM SI 20250306 PS;SIMPLE_INSTRUMENT;EFS;EUR;40;117.03000000;291;EXCHANGE_LAST;;1;1;XEUR;11286680;689;
22.01.2025;12:55:04.272;FGBM SI 20250306 PS;SIMPLE_INSTRUMENT;EFS;EUR;41;117.07000000;285;EXCHANGE_LAST;;1;1;XEUR;11286680;689;
22.01.2025;13:15:28.717;FGBM SI 20250306 PS;SIMPLE_INSTRUMENT;EFP_FIN;EUR;42;117.08000000;387;EXCHANGE_LAST;;1;1;XEUR;11286680;689;
22.01.2025;13:36:58.044;FGBM SI 20250306 PS;SIMPLE_INSTRUMENT;EFS;EUR;43;117.07000000;454;EXCHANGE_LAST;;1;1;XEUR;11286680;689;
22.01.2025;13:38:04.097;FGBM SI 20250306 PS;SIMPLE_INSTRUMENT;EFS;EUR;44;117.07000000;454;EXCHANGE_LAST;;1;1;XEUR;11286680;689;
22.01.2025;13:50:39.556;FGBM SI 20250306 PS;SIMPLE_INSTRUMENT;EFS;EUR;45;117.07000000;682;EXCHANGE_LAST;;1;1;XEUR;11286680;689;
22.01.2025;13:59:46.731;FGBM SI 20250306 PS;SIMPLE_INSTRUMENT;EFP_FIN;EUR;46;117.08000000;838;EXCHANGE_LAST;;1;1;XEUR;11286680;689;
22.01.2025;14:03:26.378;FGBM SI 20250306 PS;SIMPLE_INSTRUMENT;EFS;EUR;47;117.08000000;1159;EXCHANGE_LAST;;1;1;XEUR;11286680;689;
22.01.2025;14:09:10.303;FGBM SI 20250306 PS;SIMPLE_INSTRUMENT;EFS;EUR;48;117.09000000;507;EXCHANGE_LAST;;1;1;XEUR;11286680;689;
22.01.2025;14:57:10.467;FGBM SI 20250306 PS;SIMPLE_INSTRUMENT;EFS;EUR;49;117.02000000;1490;EXCHANGE_LAST;;1;1;XEUR;11286680;689;
22.01.2025;14:58:12.250;FGBM SI 20250306 PS;SIMPLE_INSTRUMENT;EFS;EUR;50;117.02000000;454;EXCHANGE_LAST;;1;1;XEUR;11286680;689;
22.01.2025;14:58:49.473;FGBM SI 20250306 PS;SIMPLE_INSTRUMENT;EFS;EUR;51;117.00000000;993;EXCHANGE_LAST;;1;1;XEUR;11286680;689;
22.01.2025;14:59:01.317;FGBM SI 20250306 PS;SIMPLE_INSTRUMENT;EFS;EUR;52;117.02000000;858;EXCHANGE_LAST;;1;1;XEUR;11286680;689;
22.01.2025;15:03:03.952;FGBM SI 20250306 PS;SIMPLE_INSTRUMENT;EFS;EUR;53;117.02000000;477;EXCHANGE_LAST;;1;1;XEUR;11286680;689;
22.01.2025;15:09:03.583;FGBM SI 20250306 PS;SIMPLE_INSTRUMENT;EFS;EUR;54;117.04000000;907;EXCHANGE_LAST;;1;1;XEUR;11286680;689;
22.01.2025;15:10:44.524;FGBM SI 20250306 PS;SIMPLE_INSTRUMENT;EFS;EUR;55;117.02000000;1390;EXCHANGE_LAST;;1;1;XEUR;11286680;689;
22.01.2025;15:30:54.008;FGBM SI 20250306 PS;SIMPLE_INSTRUMENT;EFP_FIN;EUR;56;117.09000000;2027;EXCHANGE_LAST;;1;1;XEUR;11286680;689;
22.01.2025;15:35:47.093;FGBM SI 20250306 PS;SIMPLE_INSTRUMENT;EFP_FIN;EUR;57;117.02000000;867;EXCHANGE_LAST;;1;1;XEUR;11286680;689;
22.01.2025;15:38:23.812;FGBM SI 20250306 PS;SIMPLE_INSTRUMENT;EFS;EUR;58;117.02000000;3000;EXCHANGE_LAST;;1;1;XEUR;11286680;689;
22.01.2025;15:45:30.676;FGBM SI 20250306 PS;SIMPLE_INSTRUMENT;EFS;EUR;59;117.04000000;992;EXCHANGE_LAST;;1;1;XEUR;11286680;689;
22.01.2025;15:48:20.450;FGBM SI 20250306 PS;SIMPLE_INSTRUMENT;EFS;EUR;60;117.02000000;993;EXCHANGE_LAST;;1;1;XEUR;11286680;689;
22.01.2025;15:57:08.191;FGBM SI 20250306 PS;SIMPLE_INSTRUMENT;BLOCK;EUR;61;117.02000000;4099;EXCHANGE_LAST;;1;1;XEUR;11286680;689;
22.01.2025;15:57:59.068;FGBM SI 20250306 PS;SIMPLE_INSTRUMENT;EFS;EUR;62;117.01000000;1490;EXCHANGE_LAST;;1;1;XEUR;11286680;689;
22.01.2025;15:59:05.704;FGBM SI 20250306 PS;SIMPLE_INSTRUMENT;EFS;EUR;63;116.98000000;455;EXCHANGE_LAST;;1;1;XEUR;11286680;689;
22.01.2025;16:06:59.056;FGBM SI 20250306 PS;SIMPLE_INSTRUMENT;EFP_FIN;EUR;64;117.04000000;380;EXCHANGE_LAST;;1;1;XEUR;11286680;689;
22.01.2025;16:13:08.325;FGBM SI 20250306 PS;SIMPLE_INSTRUMENT;EFS;EUR;65;116.97000000;909;EXCHANGE_LAST;;1;1;XEUR;11286680;689;
22.01.2025;16:14:23.379;FGBM SI 20250306 PS;SIMPLE_INSTRUMENT;EFS;EUR;66;116.97000000;1819;EXCHANGE_LAST;;1;1;XEUR;11286680;689;
22.01.2025;16:14:38.392;FGBM SI 20250306 PS;SIMPLE_INSTRUMENT;EFS;EUR;67;116.97000000;909;EXCHANGE_LAST;;1;1;XEUR;11286680;689;
22.01.2025;16:14:48.400;FGBM SI 20250306 PS;SIMPLE_INSTRUMENT;EFS;EUR;68;116.97000000;909;EXCHANGE_LAST;;1;1;XEUR;11286680;689;
22.01.2025;16:18:14.632;FGBM SI 20250306 PS;SIMPLE_INSTRUMENT;EFP_FIN;EUR;69;117.02000000;863;EXCHANGE_LAST;;1;1;XEUR;11286680;689;
22.01.2025;16:23:06.148;FGBM SI 20250306 PS;SIMPLE_INSTRUMENT;EFP_FIN;EUR;70;116.99000000;259;EXCHANGE_LAST;;1;1;XEUR;11286680;689;
22.01.2025;16:35:29.059;FGBM SI 20250306 PS;SIMPLE_INSTRUMENT;EFS;EUR;71;117.01000000;1200;EXCHANGE_LAST;;1;1;XEUR;11286680;689;
22.01.2025;16:53:48.815;FGBM SI 20250306 PS;SIMPLE_INSTRUMENT;EFP_FIN;EUR;72;117.01000000;257;EXCHANGE_LAST;;1;1;XEUR;11286680;689;
22.01.2025;17:04:38.302;FGBM SI 20250306 PS;SIMPLE_INSTRUMENT;EFS;EUR;73;116.93000000;682;EXCHANGE_LAST;;1;1;XEUR;11286680;689;
22.01.2025;11:14:31.538;FGBM SI 20250306 PS;SIMPLE_INSTRUMENT;VOLA;EUR;268435559;117.05000000;50;EXCHANGE_LAST;;1;1;XEUR;11286680;689;
22.01.2025;16:13:26.661;FGBM SI 20250306 PS;SIMPLE_INSTRUMENT;VOLA;EUR;268435665;117.02000000;365;EXCHANGE_LAST;;1;1;XEUR;11286680;689;
22.01.2025;08:16:41.822;FGBS SI 20250306 PS;SIMPLE_INSTRUMENT;EFS;EUR;1;106.64000000;10548;EXCHANGE_LAST;;1;1;XEUR;11286681;690;
22.01.2025;08:28:56.916;FGBS SI 20250306 PS;SIMPLE_INSTRUMENT;BLOCK;EUR;2;106.64500000;10548;EXCHANGE_LAST;;1;1;XEUR;11286681;690;
22.01.2025;08:37:47.658;FGBS SI 20250306 PS;SIMPLE_INSTRUMENT;EFS;EUR;3;106.65000000;3955;EXCHANGE_LAST;;1;1;XEUR;11286681;690;
22.01.2025;08:50:07.311;FGBS SI 20250306 PS;SIMPLE_INSTRUMENT;EFS;EUR;4;106.66000000;1334;EXCHANGE_LAST;;1;1;XEUR;11286681;690;
22.01.2025;08:50:02.311;FGBS SI 20250306 PS;SIMPLE_INSTRUMENT;EFS;EUR;5;106.66000000;1334;EXCHANGE_LAST;;1;1;XEUR;11286681;690;
22.01.2025;09:06:04.325;FGBS SI 20250306 PS;SIMPLE_INSTRUMENT;EFP_FIN;EUR;6;106.67000000;275;EXCHANGE_LAST;;1;1;XEUR;11286681;690;
22.01.2025;09:32:42.365;FGBS SI 20250306 PS;SIMPLE_INSTRUMENT;EFS;EUR;7;106.66500000;7894;EXCHANGE_LAST;;1;1;XEUR;11286681;690;
22.01.2025;10:20:57.310;FGBS SI 20250306 PS;SIMPLE_INSTRUMENT;EFS;EUR;8;106.66000000;1335;EXCHANGE_LAST;;1;1;XEUR;11286681;690;
22.01.2025;10:21:13.943;FGBS SI 20250306 PS;SIMPLE_INSTRUMENT;EFS;EUR;9;106.66000000;1335;EXCHANGE_LAST;;1;1;XEUR;11286681;690;
22.01.2025;11:02:26.260;FGBS SI 20250306 PS;SIMPLE_INSTRUMENT;EFS;EUR;10;106.66000000;5309;EXCHANGE_LAST;;1;1;XEUR;11286681;690;
22.01.2025;11:06:18.072;FGBS SI 20250306 PS;SIMPLE_INSTRUMENT;EFS;EUR;11;106.65000000;7883;EXCHANGE_LAST;;1;1;XEUR;11286681;690;
22.01.2025;11:20:16.053;FGBS SI 20250306 PS;SIMPLE_INSTRUMENT;EFP_FIN;EUR;12;106.65500000;1245;EXCHANGE_LAST;;1;1;XEUR;11286681;690;
22.01.2025;11:22:29.380;FGBS SI 20250306 PS;SIMPLE_INSTRUMENT;EFS;EUR;13;106.66000000;11650;EXCHANGE_LAST;;1;1;XEUR;11286681;690;
22.01.2025;11:44:32.077;FGBS SI 20250306 PS;SIMPLE_INSTRUMENT;EFS;EUR;14;106.65000000;2672;EXCHANGE_LAST;;1;1;XEUR;11286681;690;
22.01.2025;11:55:55.480;FGBS SI 20250306 PS;SIMPLE_INSTRUMENT;EFS;EUR;15;106.65000000;6864;EXCHANGE_LAST;;1;1;XEUR;11286681;690;
22.01.2025;12:42:40.753;FGBS SI 20250306 PS;SIMPLE_INSTRUMENT;EFP_FIN;EUR;16;106.64500000;480;EXCHANGE_LAST;;1;1;XEUR;11286681;690;
22.01.2025;12:58:40.411;FGBS SI 20250306 PS;SIMPLE_INSTRUMENT;EFS;EUR;17;106.65000000;2742;EXCHANGE_LAST;;1;1;XEUR;11286681;690;
22.01.2025;13:12:58.779;FGBS SI 20250306 PS;SIMPLE_INSTRUMENT;EFP_FIN;EUR;18;106.66000000;334;EXCHANGE_LAST;;1;1;XEUR;11286681;690;
22.01.2025;13:45:38.291;FGBS SI 20250306 PS;SIMPLE_INSTRUMENT;EFS;EUR;19;106.65500000;1993;EXCHANGE_LAST;;1;1;XEUR;11286681;690;
22.01.2025;14:08:06.831;FGBS SI 20250306 PS;SIMPLE_INSTRUMENT;EFS;EUR;20;106.66000000;1379;EXCHANGE_LAST;;1;1;XEUR;11286681;690;
22.01.2025;14:27:53.882;FGBS SI 20250306 PS;SIMPLE_INSTRUMENT;EFP_FIN;EUR;21;106.66000000;500;EXCHANGE_LAST;;1;1;XEUR;11286681;690;
22.01.2025;15:11:38.188;FGBS SI 20250306 PS;SIMPLE_INSTRUMENT;EFP_FIN;EUR;22;106.64500000;1417;EXCHANGE_LAST;;1;1;XEUR;11286681;690;
22.01.2025;15:45:49.462;FGBS SI 20250306 PS;SIMPLE_INSTRUMENT;EFP_FIN;EUR;23;106.64000000;708;EXCHANGE_LAST;;1;1;XEUR;11286681;690;
22.01.2025;15:55:23.264;FGBS SI 20250306 PS;SIMPLE_INSTRUMENT;EFP_FIN;EUR;24;106.64000000;468;EXCHANGE_LAST;;1;1;XEUR;11286681;690;
22.01.2025;16:39:25.325;FGBS SI 20250306 PS;SIMPLE_INSTRUMENT;EFS;EUR;25;106.63000000;1997;EXCHANGE_LAST;;1;1;XEUR;11286681;690;
22.01.2025;16:53:48.815;FGBS SI 20250306 PS;SIMPLE_INSTRUMENT;EFP_FIN;EUR;26;106.63000000;1281;EXCHANGE_LAST;;1;1;XEUR;11286681;690;
22.01.2025;16:59:04.566;FGBS SI 20250306 PS;SIMPLE_INSTRUMENT;EFS;EUR;27;106.62000000;2745;EXCHANGE_LAST;;1;1;XEUR;11286681;690;
22.01.2025;11:32:39.021;FGBS SI 20250306 PS;SIMPLE_INSTRUMENT;VOLA;EUR;268435561;106.64500000;312;EXCHANGE_LAST;;1;1;XEUR;11286681;690;
22.01.2025;09:09:09.067;FGBX SI 20250306 PS;SIMPLE_INSTRUMENT;EFP_FIN;EUR;1;128.94000000;111;EXCHANGE_LAST;;1;1;XEUR;11286682;691;
22.01.2025;09:15:20.381;FGBX SI 20250306 PS;SIMPLE_INSTRUMENT;EFS;EUR;2;128.72000000;95;EXCHANGE_LAST;;1;1;XEUR;11286682;691;
22.01.2025;09:17:42.600;FGBX SI 20250306 PS;SIMPLE_INSTRUMENT;EFS;EUR;3;128.52000000;57;EXCHANGE_LAST;;1;1;XEUR;11286682;691;
22.01.2025;09:35:20.610;FGBX SI 20250306 PS;SIMPLE_INSTRUMENT;EFS;EUR;5;128.64000000;95;EXCHANGE_LAST;;1;1;XEUR;11286682;691;
22.01.2025;09:36:15.013;FGBX SI 20250306 PS;SIMPLE_INSTRUMENT;EFP_FIN;EUR;6;128.62000000;182;EXCHANGE_LAST;;1;1;XEUR;11286682;691;
22.01.2025;09:36:50.417;FGBX SI 20250306 PS;SIMPLE_INSTRUMENT;EFP_FIN;EUR;7;128.50000000;182;EXCHANGE_LAST;;1;1;XEUR;11286682;691;
22.01.2025;09:42:54.923;FGBX SI 20250306 PS;SIMPLE_INSTRUMENT;EFS;EUR;8;128.62000000;105;EXCHANGE_LAST;;1;1;XEUR;11286682;691;
22.01.2025;10:35:50.643;FGBX SI 20250306 PS;SIMPLE_INSTRUMENT;EFP_FIN;EUR;9;128.36000000;158;EXCHANGE_LAST;;1;1;XEUR;11286682;691;
22.01.2025;10:43:03.865;FGBX SI 20250306 PS;SIMPLE_INSTRUMENT;EFS;EUR;11;128.42000000;191;EXCHANGE_LAST;;1;1;XEUR;11286682;691;
22.01.2025;11:25:21.697;FGBX SI 20250306 PS;SIMPLE_INSTRUMENT;EFP_FIN;EUR;15;128.28000000;445;EXCHANGE_LAST;;1;1;XEUR;11286682;691;
22.01.2025;12:07:52.428;FGBX SI 20250306 PS;SIMPLE_INSTRUMENT;EFS;EUR;19;128.30000000;175;EXCHANGE_LAST;;1;1;XEUR;11286682;691;
22.01.2025;13:37:22.213;FGBX SI 20250306 PS;SIMPLE_INSTRUMENT;EFP_FIN;EUR;21;128.34000000;186;EXCHANGE_LAST;;1;1;XEUR;11286682;691;
22.01.2025;13:42:49.973;FGBX SI 20250306 PS;SIMPLE_INSTRUMENT;EFP_FIN;EUR;22;128.34000000;446;EXCHANGE_LAST;;1;1;XEUR;11286682;691;
22.01.2025;13:53:13.032;FGBX SI 20250306 PS;SIMPLE_INSTRUMENT;EFP_FIN;EUR;23;128.34000000;186;EXCHANGE_LAST;;1;1;XEUR;11286682;691;
22.01.2025;13:46:12.330;FGBX SI 20250306 PS;SIMPLE_INSTRUMENT;EFS;EUR;24;128.40000000;146;EXCHANGE_LAST;;1;1;XEUR;11286682;691;
22.01.2025;13:59:08.579;FGBX SI 20250306 PS;SIMPLE_INSTRUMENT;EFS;EUR;25;128.46000000;96;EXCHANGE_LAST;;1;1;XEUR;11286682;691;
22.01.2025;14:15:39.741;FGBX SI 20250306 PS;SIMPLE_INSTRUMENT;EFS;EUR;26;128.46000000;267;EXCHANGE_LAST;;1;1;XEUR;11286682;691;
22.01.2025;14:19:31.913;FGBX SI 20250306 PS;SIMPLE_INSTRUMENT;EFS;EUR;28;128.44000000;95;EXCHANGE_LAST;;1;1;XEUR;11286682;691;
22.01.2025;14:27:56.364;FGBX SI 20250306 PS;SIMPLE_INSTRUMENT;BLOCK;EUR;29;128.28000000;121;EXCHANGE_LAST;;1;1;XEUR;11286682;691;
22.01.2025;15:25:50.979;FGBX SI 20250306 PS;SIMPLE_INSTRUMENT;EFP_FIN;EUR;31;128.02000000;107;EXCHANGE_LAST;;1;1;XEUR;11286682;691;
22.01.2025;16:05:50.550;FGBX SI 20250306 PS;SIMPLE_INSTRUMENT;EFP_FIN;EUR;32;128.14000000;371;EXCHANGE_LAST;;1;1;XEUR;11286682;691;
22.01.2025;16:27:57.049;FGBX SI 20250306 PS;SIMPLE_INSTRUMENT;EFP_FIN;EUR;33;128.08000000;152;EXCHANGE_LAST;;1;1;XEUR;11286682;691;
22.01.2025;11:48:50.968;FIA5.O.250122.CNV.000004;STANDARD_OPTION_STRATEGY;BLOCK;EUR;6;-0.24300000;320;EXCHANGE_LAST;;1;1;XEUR;72264727425719990;48227;
22.01.2025;11:48:50.968;FIA5 SI 20250320 PS AM C 13.00 0;SIMPLE_INSTRUMENT;BLOCK;EUR;6;0.67000000;320;PRC_DECOMP_EXCHANGE;;;;XEUR;10824870;48227;EXCHANGE
22.01.2025;11:48:50.968;FIA5 SI 20250320 PS AM P 13.00 0;SIMPLE_INSTRUMENT;BLOCK;EUR;6;0.91300000;320;PRC_DECOMP_EXCHANGE;;;;XEUR;10824869;48227;EXCHANGE
22.01.2025;07:55:35.108;FMAE SI 20250321 CS;SIMPLE_INSTRUMENT;BLOCK;EUR;28;425.00900000;938;EXCHANGE_LAST;;1;1;XEUR;7590772;48921;
22.01.2025;08:46:03.052;FMAE SI 20250321 CS;SIMPLE_INSTRUMENT;BLOCK;EUR;38;425.09500000;400;EXCHANGE_LAST;;1;1;XEUR;7590772;48921;
22.01.2025;07:48:14.639;FMBZ SI 20250321 CS;SIMPLE_INSTRUMENT;BLOCK;USD;26;472.55400000;193;EXCHANGE_LAST;;1;1;XEUR;7592070;402910;
22.01.2025;01:15:05.679;FMCH SI 20250321 CS;SIMPLE_INSTRUMENT;BLOCK;USD;6;507.97400000;1843;EXCHANGE_LAST;;1;1;XEUR;7592069;402909;
22.01.2025;08:30:44.743;FMCH SI 20250321 CS;SIMPLE_INSTRUMENT;BLOCK;USD;36;499.90000000;500;EXCHANGE_LAST;;1;1;XEUR;7592069;402909;
22.01.2025;07:55:40.739;FMCL SI 20250321 CS;SIMPLE_INSTRUMENT;EFP_IDX;USD;1;295.45000000;4;EXCHANGE_LAST;;1;1;XEUR;7589860;12398;
22.01.2025;00:53:20.057;FMEA SI 20250321 CS;SIMPLE_INSTRUMENT;BLOCK;USD;3;687.26800000;364;EXCHANGE_LAST;;1;1;XEUR;7589834;12395;
22.01.2025;00:54:01.831;FMEA SI 20250321 CS;SIMPLE_INSTRUMENT;BLOCK;USD;4;688.15600000;815;EXCHANGE_LAST;;1;1;XEUR;7589834;12395;
22.01.2025;01:38:05.322;FMEA SI 20250321 CS;SIMPLE_INSTRUMENT;BLOCK;USD;7;691.50000000;296;EXCHANGE_LAST;;1;1;XEUR;7589834;12395;
22.01.2025;01:41:32.090;FMEA SI 20250321 CS;SIMPLE_INSTRUMENT;BLOCK;USD;8;690.50000000;300;EXCHANGE_LAST;;1;1;XEUR;7589834;12395;
22.01.2025;04:13:02.697;FMEA SI 20250321 CS;SIMPLE_INSTRUMENT;BLOCK;USD;11;686.92700000;169;EXCHANGE_LAST;;1;1;XEUR;7589834;12395;
22.01.2025;05:53:00.176;FMEA SI 20250321 CS;SIMPLE_INSTRUMENT;BLOCK;USD;12;687.26800000;752;EXCHANGE_LAST;;1;1;XEUR;7589834;12395;
22.01.2025;07:32:17.636;FMEA SI 20250321 CS;SIMPLE_INSTRUMENT;BLOCK;USD;19;687.26800000;726;EXCHANGE_LAST;;1;1;XEUR;7589834;12395;
22.01.2025;07:27:14.200;FMED SI 20250321 CS;SIMPLE_INSTRUMENT;BLOCK;USD;16;9577.02000000;350;EXCHANGE_LAST;;1;1;XEUR;7590729;48144;
22.01.2025;08:03:30.381;FMED SI 20250321 CS;SIMPLE_INSTRUMENT;BLOCK;USD;31;9576.77000000;1465;EXCHANGE_LAST;;1;1;XEUR;7590729;48144;
22.01.2025;08:03:46.440;FMED SI 20250321 CS;SIMPLE_INSTRUMENT;BLOCK;USD;32;9577.02000000;690;EXCHANGE_LAST;;1;1;XEUR;7590729;48144;
22.01.2025;10:59:48.812;FMED SI 20250321 CS;SIMPLE_INSTRUMENT;BLOCK;USD;44;9685.00000000;5163;EXCHANGE_LAST;;1;1;XEUR;7590729;48144;
22.01.2025;11:00:47.769;FMED SI 20251219 CS;SIMPLE_INSTRUMENT;BLOCK;USD;45;10008.47900000;4996;EXCHANGE_LAST;;1;1;XEUR;8838599;48144;
22.01.2025;09:28:54.433;FMEE SI 20250321 CS;SIMPLE_INSTRUMENT;BLOCK;USD;42;323.51300000;280;EXCHANGE_LAST;;1;1;XEUR;7589846;12396;
22.01.2025;07:37:37.418;FMEL SI 20250321 CS;SIMPLE_INSTRUMENT;BLOCK;USD;23;495.87600000;96;EXCHANGE_LAST;;1;1;XEUR;7589856;12397;
22.01.2025;07:41:16.353;FMGC SI 20250321 CS;SIMPLE_INSTRUMENT;BLOCK;USD;25;12959.05000000;1018;EXCHANGE_LAST;;1;1;XEUR;7590767;48916;
22.01.2025;16:01:28.767;FMGM SI 20250321 CS;SIMPLE_INSTRUMENT;BLOCK;USD;56;4929.00000000;103;EXCHANGE_LAST;;1;1;XEUR;8609374;583626;
22.01.2025;14:43:25.806;FMGO SI 20250321 CS;SIMPLE_INSTRUMENT;BLOCK;USD;49;5197.00000000;113;EXCHANGE_LAST;;1;1;XEUR;8609359;583623;
22.01.2025;01:49:17.267;FMHK SI 20250321 CS;SIMPLE_INSTRUMENT;BLOCK;USD;9;55650.00000000;19;EXCHANGE_LAST;;1;1;XEUR;7590500;45282;
22.01.2025;00:32:43.769;FMIN SI 20250321 CS;SIMPLE_INSTRUMENT;EFP_IDX;USD;1;1196.93600000;25;EXCHANGE_LAST;;1;1;XEUR;7589865;12404;
22.01.2025;00:32:44.085;FMIN SI 20250321 CS;SIMPLE_INSTRUMENT;BLOCK;USD;2;1196.81700000;17;EXCHANGE_LAST;;1;1;XEUR;7589865;12404;
22.01.2025;01:08:45.946;FMIN SI 20250321 CS;SIMPLE_INSTRUMENT;BLOCK;USD;5;1196.46000000;381;EXCHANGE_LAST;;2;1;XEUR;7589865;12404;
22.01.2025;05:56:07.052;FMIN SI 20250321 CS;SIMPLE_INSTRUMENT;BLOCK;USD;13;1196.46000000;322;EXCHANGE_LAST;;1;1;XEUR;7589865;12404;
22.01.2025;07:32:01.931;FMIN SI 20250321 CS;SIMPLE_INSTRUMENT;BLOCK;USD;18;1196.46000000;83;EXCHANGE_LAST;;1;1;XEUR;7589865;12404;
22.01.2025;08:40:07.074;FMIN SI 20250321 CS;SIMPLE_INSTRUMENT;BLOCK;USD;37;1196.46000000;41;EXCHANGE_LAST;;1;1;XEUR;7589865;12404;
22.01.2025;11:14:25.493;FMIN SI 20250321 CS;SIMPLE_INSTRUMENT;BLOCK;USD;46;1201.80000000;44;EXCHANGE_LAST;;1;1;XEUR;7589865;12404;
22.01.2025;14:54:55.518;FMMX SI 20250321 CS;SIMPLE_INSTRUMENT;BLOCK;USD;50;596.90000000;33;EXCHANGE_LAST;;1;1;XEUR;7589867;12545;
22.01.2025;16:14:22.478;FMPX SI 20250321 CS;SIMPLE_INSTRUMENT;BLOCK;USD;57;8186.56100000;500;EXCHANGE_LAST;;1;1;XEUR;7590531;45291;
22.01.2025;08:01:04.522;FMSA SI 20250321 CS;SIMPLE_INSTRUMENT;BLOCK;USD;30;1842.01200000;275;EXCHANGE_LAST;;1;1;XEUR;7591259;134861;
22.01.2025;13:40:11.501;FMSA SI 20250321 CS;SIMPLE_INSTRUMENT;BLOCK;USD;48;1841.30000000;37;EXCHANGE_LAST;;1;1;XEUR;7591259;134861;
22.01.2025;08:16:43.137;FMSW SI 20250321 CS;SIMPLE_INSTRUMENT;BLOCK;USD;33;4348.84600000;310;EXCHANGE_LAST;;1;1;XEUR;7591446;208343;
22.01.2025;04:00:00.135;FMTH SI 20250321 CS;SIMPLE_INSTRUMENT;BLOCK;USD;10;1156.02200000;191;EXCHANGE_LAST;;1;1;XEUR;7589913;12681;
22.01.2025;11:52:35.392;FMUA SI 20250321 CS;SIMPLE_INSTRUMENT;BLOCK;USD;3;903.74000000;29;EXCHANGE_LAST;;1;1;XEUR;7590507;45284;
22.01.2025;07:15:40.681;FMWB SI 20250321 CS;SIMPLE_INSTRUMENT;EFP_IDX;GBP;15;23763.34000000;4;EXCHANGE_LAST;;1;1;XEUR;7591192;124305;
22.01.2025;08:00:12.502;FMWF SI 20250321 CS;SIMPLE_INSTRUMENT;EFP_IDX;USD;29;358.10900000;252;EXCHANGE_LAST;;1;1;XEUR;7591198;124313;
22.01.2025;08:01:56.208;FMWL SI 20250321 CS;SIMPLE_INSTRUMENT;EFP_IDX;USD;2;977.64400000;91;EXCHANGE_LAST;;1;1;XEUR;7591199;124312;
22.01.2025;08:24:29.341;FMWN SI 20250321 CS;SIMPLE_INSTRUMENT;EFP_IDX;EUR;35;597.74100000;1637;EXCHANGE_LAST;;1;1;XEUR;7590222;30654;
22.01.2025;09:03:28.651;FMWN SI 20250321 CS;SIMPLE_INSTRUMENT;BLOCK;EUR;40;598.07000000;360;EXCHANGE_LAST;;1;1;XEUR;7590222;30654;
22.01.2025;13:39:38.483;FMWN SI 20250321 CS;SIMPLE_INSTRUMENT;BLOCK;EUR;47;598.50000000;410;EXCHANGE_LAST;;1;1;XEUR;7590222;30654;
22.01.2025;16:31:30.404;FMWN SI 20250321 CS;SIMPLE_INSTRUMENT;BLOCK;EUR;58;601.05000000;140;EXCHANGE_LAST;;1;1;XEUR;7590222;30654;
22.01.2025;07:28:57.985;FMWO SI 20250321 CS;SIMPLE_INSTRUMENT;EFP_IDX;USD;17;12175.32000000;69;EXCHANGE_LAST;;1;1;XEUR;7589707;7059;
22.01.2025;07:33:50.433;FMWO SI 20250321 CS;SIMPLE_INSTRUMENT;BLOCK;USD;20;12174.82000000;1150;EXCHANGE_LAST;;1;1;XEUR;7589707;7059;
22.01.2025;07:33:55.402;FMWO SI 20250321 CS;SIMPLE_INSTRUMENT;BLOCK;USD;21;12176.82000000;210;EXCHANGE_LAST;;1;1;XEUR;7589707;7059;
22.01.2025;07:35:53.668;FMWO SI 20250321 CS;SIMPLE_INSTRUMENT;EFP_IDX;USD;22;12176.32000000;10;EXCHANGE_LAST;;1;1;XEUR;7589707;7059;
22.01.2025;07:39:26.106;FMWO SI 20250321 CS;SIMPLE_INSTRUMENT;BLOCK;USD;24;12176.57000000;559;EXCHANGE_LAST;;1;1;XEUR;7589707;7059;
22.01.2025;07:50:21.760;FMWO SI 20250321 CS;SIMPLE_INSTRUMENT;BLOCK;USD;27;12176.32000000;121;EXCHANGE_LAST;;1;1;XEUR;7589707;7059;
22.01.2025;10:19:03.530;FMWO SI 20250321 CS;SIMPLE_INSTRUMENT;EFP_IDX;USD;43;12175.32000000;180;EXCHANGE_LAST;;1;1;XEUR;7589707;7059;
22.01.2025;16:31:30.088;FMWO SI 20250321 CS;SIMPLE_INSTRUMENT;BLOCK;USD;59;12247.00300000;164;EXCHANGE_LAST;;1;1;XEUR;7589707;7059;
22.01.2025;06:48:34.946;FMWR SI 20250321 CS;SIMPLE_INSTRUMENT;EFP_IDX;USD;14;511.41100000;173;EXCHANGE_LAST;;1;1;XEUR;7591205;124319;
22.01.2025;08:18:10.088;FMWT SI 20250321 CS;SIMPLE_INSTRUMENT;BLOCK;USD;34;590.16100000;154;EXCHANGE_LAST;;1;1;XEUR;7591204;124318;
22.01.2025;09:32:46.206;FOAT SI 20250306 PS;SIMPLE_INSTRUMENT;EFP_FIN;EUR;1;122.49000000;709;EXCHANGE_LAST;;1;1;XEUR;11286683;749;
22.01.2025;09:42:07.826;FOAT SI 20250306 PS;SIMPLE_INSTRUMENT;EFS;EUR;2;122.98000000;546;EXCHANGE_LAST;;1;1;XEUR;11286683;749;
22.01.2025;09:46:14.809;FOAT SI 20250306 PS;SIMPLE_INSTRUMENT;EFP_FIN;EUR;3;122.92000000;1668;EXCHANGE_LAST;;1;1;XEUR;11286683;749;
22.01.2025;09:46:14.829;FOAT SI 20250306 PS;SIMPLE_INSTRUMENT;EFP_FIN;EUR;4;122.92000000;417;EXCHANGE_LAST;;1;1;XEUR;11286683;749;
22.01.2025;09:46:14.829;FOAT SI 20250306 PS;SIMPLE_INSTRUMENT;EFP_FIN;EUR;5;122.92000000;1668;EXCHANGE_LAST;;1;1;XEUR;11286683;749;
22.01.2025;09:54:51.211;FOAT SI 20250306 PS;SIMPLE_INSTRUMENT;EFP_FIN;EUR;6;122.90000000;2126;EXCHANGE_LAST;;1;1;XEUR;11286683;749;
22.01.2025;09:57:54.553;FOAT SI 20250306 PS;SIMPLE_INSTRUMENT;EFP_FIN;EUR;7;122.91000000;219;EXCHANGE_LAST;;1;1;XEUR;11286683;749;
22.01.2025;09:59:12.061;FOAT SI 20250306 PS;SIMPLE_INSTRUMENT;BLOCK;EUR;8;122.93000000;2085;EXCHANGE_LAST;;1;1;XEUR;11286683;749;
22.01.2025;09:59:30.604;FOAT SI 20250306 PS;SIMPLE_INSTRUMENT;EFP_FIN;EUR;9;122.92000000;396;EXCHANGE_LAST;;1;1;XEUR;11286683;749;
22.01.2025;10:00:59.661;FOAT SI 20250306 PS;SIMPLE_INSTRUMENT;EFP_FIN;EUR;10;122.91000000;269;EXCHANGE_LAST;;1;1;XEUR;11286683;749;
22.01.2025;10:08:11.632;FOAT SI 20250306 PS;SIMPLE_INSTRUMENT;EFP_FIN;EUR;11;122.90000000;1064;EXCHANGE_LAST;;1;1;XEUR;11286683;749;
22.01.2025;10:08:19.632;FOAT SI 20250306 PS;SIMPLE_INSTRUMENT;EFP_FIN;EUR;12;122.90000000;355;EXCHANGE_LAST;;1;1;XEUR;11286683;749;
22.01.2025;10:09:41.726;FOAT SI 20250306 PS;SIMPLE_INSTRUMENT;EFP_FIN;EUR;13;122.87000000;444;EXCHANGE_LAST;;1;1;XEUR;11286683;749;
22.01.2025;10:16:30.813;FOAT SI 20250306 PS;SIMPLE_INSTRUMENT;EFP_FIN;EUR;14;122.85000000;1326;EXCHANGE_LAST;;1;1;XEUR;11286683;749;
22.01.2025;10:24:27.164;FOAT SI 20250306 PS;SIMPLE_INSTRUMENT;EFP_FIN;EUR;15;122.92000000;3561;EXCHANGE_LAST;;1;1;XEUR;11286683;749;
22.01.2025;10:23:46.205;FOAT SI 20250306 PS;SIMPLE_INSTRUMENT;EFP_FIN;EUR;16;122.82000000;426;EXCHANGE_LAST;;1;1;XEUR;11286683;749;
22.01.2025;10:30:16.113;FOAT SI 20250306 PS;SIMPLE_INSTRUMENT;EFP_FIN;EUR;17;122.82000000;106;EXCHANGE_LAST;;1;1;XEUR;11286683;749;
22.01.2025;10:34:42.831;FOAT SI 20250306 PS;SIMPLE_INSTRUMENT;EFP_FIN;EUR;18;122.83000000;354;EXCHANGE_LAST;;1;1;XEUR;11286683;749;
22.01.2025;10:39:09.910;FOAT SI 20250306 PS;SIMPLE_INSTRUMENT;EFP_FIN;EUR;20;122.82000000;78;EXCHANGE_LAST;;1;1;XEUR;11286683;749;
22.01.2025;10:42:15.701;FOAT SI 20250306 PS;SIMPLE_INSTRUMENT;EFP_FIN;EUR;21;122.82000000;499;EXCHANGE_LAST;;1;1;XEUR;11286683;749;
22.01.2025;10:42:57.667;FOAT SI 20250306 PS;SIMPLE_INSTRUMENT;BLOCK;EUR;22;122.80000000;550;EXCHANGE_LAST;;1;1;XEUR;11286683;749;
22.01.2025;10:45:08.335;FOAT SI 20250306 PS;SIMPLE_INSTRUMENT;EFP_FIN;EUR;23;122.83000000;886;EXCHANGE_LAST;;1;1;XEUR;11286683;749;
22.01.2025;10:53:48.441;FOAT SI 20250306 PS;SIMPLE_INSTRUMENT;BLOCK;EUR;24;122.80000000;978;EXCHANGE_LAST;;1;1;XEUR;11286683;749;
22.01.2025;10:55:21.507;FOAT SI 20250306 PS;SIMPLE_INSTRUMENT;EFP_FIN;EUR;25;122.88000000;3035;EXCHANGE_LAST;;1;1;XEUR;11286683;749;
22.01.2025;11:00:56.705;FOAT SI 20250306 PS;SIMPLE_INSTRUMENT;EFP_FIN;EUR;26;122.83000000;1219;EXCHANGE_LAST;;1;1;XEUR;11286683;749;
22.01.2025;11:00:45.170;FOAT SI 20250306 PS;SIMPLE_INSTRUMENT;BLOCK;EUR;27;122.80000000;410;EXCHANGE_LAST;;1;1;XEUR;11286683;749;
22.01.2025;11:03:50.660;FOAT SI 20250306 PS;SIMPLE_INSTRUMENT;EFP_FIN;EUR;28;122.81000000;190;EXCHANGE_LAST;;1;1;XEUR;11286683;749;
22.01.2025;11:03:13.690;FOAT SI 20250306 PS;SIMPLE_INSTRUMENT;EFS;EUR;29;122.80000000;164;EXCHANGE_LAST;;1;1;XEUR;11286683;749;
22.01.2025;11:03:18.649;FOAT SI 20250306 PS;SIMPLE_INSTRUMENT;EFP_FIN;EUR;30;122.79000000;496;EXCHANGE_LAST;;1;1;XEUR;11286683;749;
22.01.2025;11:08:29.351;FOAT SI 20250306 PS;SIMPLE_INSTRUMENT;EFP_FIN;EUR;31;122.81000000;305;EXCHANGE_LAST;;1;1;XEUR;11286683;749;
22.01.2025;11:15:36.755;FOAT SI 20250306 PS;SIMPLE_INSTRUMENT;EFP_FIN;EUR;32;122.79000000;834;EXCHANGE_LAST;;1;1;XEUR;11286683;749;
22.01.2025;11:17:55.049;FOAT SI 20250306 PS;SIMPLE_INSTRUMENT;EFP_FIN;EUR;33;122.80000000;584;EXCHANGE_LAST;;1;1;XEUR;11286683;749;
22.01.2025;11:54:31.911;FOAT SI 20250306 PS;SIMPLE_INSTRUMENT;EFP_FIN;EUR;34;122.81000000;540;EXCHANGE_LAST;;1;1;XEUR;11286683;749;
22.01.2025;12:16:41.842;FOAT SI 20250306 PS;SIMPLE_INSTRUMENT;EFP_FIN;EUR;35;122.79000000;461;EXCHANGE_LAST;;1;1;XEUR;11286683;749;
22.01.2025;12:33:23.821;FOAT SI 20250306 PS;SIMPLE_INSTRUMENT;EFS;EUR;36;122.83000000;521;EXCHANGE_LAST;;1;1;XEUR;11286683;749;
22.01.2025;12:35:47.268;FOAT SI 20250306 PS;SIMPLE_INSTRUMENT;EFP_FIN;EUR;37;122.81000000;98;EXCHANGE_LAST;;1;1;XEUR;11286683;749;
22.01.2025;13:07:10.055;FOAT SI 20250306 PS;SIMPLE_INSTRUMENT;EFP_FIN;EUR;38;122.81000000;390;EXCHANGE_LAST;;1;1;XEUR;11286683;749;
22.01.2025;13:05:54.588;FOAT SI 20250306 PS;SIMPLE_INSTRUMENT;EFS;EUR;39;122.87000000;56;EXCHANGE_LAST;;1;1;XEUR;11286683;749;
22.01.2025;13:09:37.264;FOAT SI 20250306 PS;SIMPLE_INSTRUMENT;EFP_FIN;EUR;40;122.85000000;244;EXCHANGE_LAST;;1;1;XEUR;11286683;749;
22.01.2025;13:10:13.395;FOAT SI 20250306 PS;SIMPLE_INSTRUMENT;EFP_FIN;EUR;41;122.92000000;1261;EXCHANGE_LAST;;1;1;XEUR;11286683;749;
22.01.2025;13:26:44.663;FOAT SI 20250306 PS;SIMPLE_INSTRUMENT;EFP_FIN;EUR;42;122.91000000;2200;EXCHANGE_LAST;;1;1;XEUR;11286683;749;
22.01.2025;13:31:33.017;FOAT SI 20250306 PS;SIMPLE_INSTRUMENT;BLOCK;EUR;43;122.95000000;766;EXCHANGE_LAST;;1;1;XEUR;11286683;749;
22.01.2025;13:45:57.762;FOAT SI 20250306 PS;SIMPLE_INSTRUMENT;BLOCK;EUR;44;122.93000000;365;EXCHANGE_LAST;;1;1;XEUR;11286683;749;
22.01.2025;13:47:47.456;FOAT SI 20250306 PS;SIMPLE_INSTRUMENT;EFS;EUR;45;122.91000000;1093;EXCHANGE_LAST;;1;1;XEUR;11286683;749;
22.01.2025;13:57:27.314;FOAT SI 20250306 PS;SIMPLE_INSTRUMENT;BLOCK;EUR;46;122.92000000;2200;EXCHANGE_LAST;;1;1;XEUR;11286683;749;
22.01.2025;13:57:52.125;FOAT SI 20250306 PS;SIMPLE_INSTRUMENT;BLOCK;EUR;47;122.95000000;550;EXCHANGE_LAST;;1;1;XEUR;11286683;749;
22.01.2025;14:04:21.202;FOAT SI 20250306 PS;SIMPLE_INSTRUMENT;BLOCK;EUR;48;122.94000000;922;EXCHANGE_LAST;;1;1;XEUR;11286683;749;
22.01.2025;14:27:38.703;FOAT SI 20250306 PS;SIMPLE_INSTRUMENT;EFS;EUR;49;122.91000000;1335;EXCHANGE_LAST;;1;1;XEUR;11286683;749;
22.01.2025;14:35:25.029;FOAT SI 20250306 PS;SIMPLE_INSTRUMENT;EFP_FIN;EUR;50;122.85000000;100;EXCHANGE_LAST;;1;1;XEUR;11286683;749;
22.01.2025;14:43:56.474;FOAT SI 20250306 PS;SIMPLE_INSTRUMENT;EFP_FIN;EUR;51;122.90000000;1460;EXCHANGE_LAST;;1;1;XEUR;11286683;749;
22.01.2025;14:44:20.250;FOAT SI 20250306 PS;SIMPLE_INSTRUMENT;EFP_FIN;EUR;52;122.90000000;625;EXCHANGE_LAST;;1;1;XEUR;11286683;749;
22.01.2025;14:53:23.266;FOAT SI 20250306 PS;SIMPLE_INSTRUMENT;BLOCK;EUR;53;122.83000000;1772;EXCHANGE_LAST;;1;1;XEUR;11286683;749;
22.01.2025;14:55:09.372;FOAT SI 20250306 PS;SIMPLE_INSTRUMENT;EFP_FIN;EUR;54;122.81000000;1668;EXCHANGE_LAST;;1;1;XEUR;11286683;749;
22.01.2025;14:57:55.517;FOAT SI 20250306 PS;SIMPLE_INSTRUMENT;EFP_FIN;EUR;55;122.82000000;417;EXCHANGE_LAST;;1;1;XEUR;11286683;749;
22.01.2025;15:02:19.692;FOAT SI 20250306 PS;SIMPLE_INSTRUMENT;BLOCK;EUR;56;122.79000000;250;EXCHANGE_LAST;;1;1;XEUR;11286683;749;
22.01.2025;15:03:16.913;FOAT SI 20250306 PS;SIMPLE_INSTRUMENT;EFS;EUR;57;122.81000000;1051;EXCHANGE_LAST;;1;1;XEUR;11286683;749;
22.01.2025;15:15:16.013;FOAT SI 20250306 PS;SIMPLE_INSTRUMENT;EFP_FIN;EUR;58;122.81000000;540;EXCHANGE_LAST;;1;1;XEUR;11286683;749;
22.01.2025;16:06:42.211;FOAT SI 20250306 PS;SIMPLE_INSTRUMENT;EFP_FIN;EUR;59;122.90000000;414;EXCHANGE_LAST;;1;1;XEUR;11286683;749;
22.01.2025;16:24:25.082;FOAT SI 20250306 PS;SIMPLE_INSTRUMENT;EFP_FIN;EUR;60;122.79000000;50;EXCHANGE_LAST;;1;1;XEUR;11286683;749;
22.01.2025;16:31:16.526;FOAT SI 20250306 PS;SIMPLE_INSTRUMENT;EFP_FIN;EUR;61;122.80000000;478;EXCHANGE_LAST;;1;1;XEUR;11286683;749;
22.01.2025;16:34:56.199;FOAT SI 20250306 PS;SIMPLE_INSTRUMENT;EFP_FIN;EUR;62;122.80000000;2085;EXCHANGE_LAST;;1;1;XEUR;11286683;749;
22.01.2025;16:35:23.535;FOAT SI 20250306 PS;SIMPLE_INSTRUMENT;EFP_FIN;EUR;63;122.80000000;417;EXCHANGE_LAST;;1;1;XEUR;11286683;749;
22.01.2025;16:35:27.493;FOAT SI 20250306 PS;SIMPLE_INSTRUMENT;EFS;EUR;64;122.83000000;817;EXCHANGE_LAST;;1;1;XEUR;11286683;749;
22.01.2025;16:40:26.768;FOAT SI 20250306 PS;SIMPLE_INSTRUMENT;EFP_FIN;EUR;65;122.92000000;706;EXCHANGE_LAST;;1;1;XEUR;11286683;749;
22.01.2025;16:39:51.074;FOAT SI 20250306 PS;SIMPLE_INSTRUMENT;EFP_FIN;EUR;66;122.92000000;707;EXCHANGE_LAST;;1;1;XEUR;11286683;749;
22.01.2025;16:50:32.783;FOAT SI 20250306 PS;SIMPLE_INSTRUMENT;EFP_FIN;EUR;67;122.93000000;834;EXCHANGE_LAST;;1;1;XEUR;11286683;749;
22.01.2025;16:53:48.815;FOAT SI 20250306 PS;SIMPLE_INSTRUMENT;EFP_FIN;EUR;68;122.82000000;71;EXCHANGE_LAST;;1;1;XEUR;11286683;749;
22.01.2025;17:03:06.116;FOAT SI 20250306 PS;SIMPLE_INSTRUMENT;EFS;EUR;69;122.80000000;821;EXCHANGE_LAST;;1;1;XEUR;11286683;749;
22.01.2025;16:55:55.028;FSCP SI 20250321 CS;SIMPLE_INSTRUMENT;EFP_IDX;EUR;52;341.40000000;131;EXCHANGE_LAST;;1;1;XEUR;11360241;764;
22.01.2025;16:56:09.779;FSCP SI 20250321 CS;SIMPLE_INSTRUMENT;EFP_IDX;EUR;53;341.50000000;54;EXCHANGE_LAST;;1;1;XEUR;11360241;764;
22.01.2025;17:04:20.587;FSCP SI 20250321 CS;SIMPLE_INSTRUMENT;BLOCK;EUR;54;341.80000000;1272;EXCHANGE_LAST;;1;1;XEUR;11360241;764;
22.01.2025;17:04:39.596;FSCP SI 20250321 CS;SIMPLE_INSTRUMENT;BLOCK;EUR;55;341.90000000;1170;EXCHANGE_LAST;;1;1;XEUR;11360241;764;
22.01.2025;17:08:01.206;FSEG SI 20250321 CS;SIMPLE_INSTRUMENT;EFP_IDX;EUR;56;195.90000000;30;EXCHANGE_LAST;;1;1;XEUR;11393888;109977;
22.01.2025;17:08:26.840;FSEG SI 20250321 CS;SIMPLE_INSTRUMENT;EFP_IDX;EUR;57;196.00000000;69;EXCHANGE_LAST;;1;1;XEUR;11393888;109977;
22.01.2025;16:17:32.394;FSMI SI 20250321 CS;SIMPLE_INSTRUMENT;EFP_IDX;CHF;1;12155.00000000;300;EXCHANGE_LAST;;1;1;XEUR;7793721;757;
22.01.2025;16:49:26.069;FSMI SI 20250321 CS;SIMPLE_INSTRUMENT;EFP_IDX;CHF;2;12179.00000000;206;EXCHANGE_LAST;;1;1;XEUR;7793721;757;
22.01.2025;16:49:44.878;FSMI SI 20250321 CS;SIMPLE_INSTRUMENT;EFP_IDX;CHF;3;12180.00000000;34;EXCHANGE_LAST;;1;1;XEUR;7793721;757;
22.01.2025;16:46:19.996;FSMX SI 20250321 CS;SIMPLE_INSTRUMENT;BLOCK;EUR;44;26217.00000000;430;EXCHANGE_LAST;;1;1;XEUR;11405203;396422;
22.01.2025;16:49:57.568;FSMX SI 20250321 CS;SIMPLE_INSTRUMENT;EFP_IDX;EUR;46;26191.00000000;14;EXCHANGE_LAST;;1;1;XEUR;11405203;396422;
22.01.2025;16:50:13.648;FSMX SI 20250321 CS;SIMPLE_INSTRUMENT;EFP_IDX;EUR;47;26192.00000000;65;EXCHANGE_LAST;;1;1;XEUR;11405203;396422;
22.01.2025;13:32:50.796;FSTE SI 20250321 CS;SIMPLE_INSTRUMENT;BLOCK;EUR;15;353.60000000;413;EXCHANGE_LAST;;1;1;XEUR;11359812;719;
22.01.2025;14:23:03.416;FSTE SI 20250321 CS;SIMPLE_INSTRUMENT;EFP_IDX;EUR;17;353.30000000;189;EXCHANGE_LAST;;1;1;XEUR;11359812;719;
22.01.2025;14:23:12.190;FSTE SI 20250321 CS;SIMPLE_INSTRUMENT;EFP_IDX;EUR;18;353.10000000;153;EXCHANGE_LAST;;1;1;XEUR;11359812;719;
22.01.2025;14:22:45.183;FSTE SI 20250321 CS;SIMPLE_INSTRUMENT;BLOCK;EUR;19;353.20000000;342;EXCHANGE_LAST;;1;1;XEUR;11359812;719;
22.01.2025;09:17:33.476;FSTE SI 20250321 CS;SIMPLE_INSTRUMENT;VOLA;EUR;603979785;354.70000000;77;EXCHANGE_LAST;;1;1;XEUR;11359812;719;
22.01.2025;10:30:41.221;FSTF SI 20250321 CS;SIMPLE_INSTRUMENT;VOLA;EUR;603979794;889.20000000;4;EXCHANGE_LAST;;1;1;XEUR;11359810;718;
22.01.2025;13:32:50.715;FSTG SI 20250321 CS;SIMPLE_INSTRUMENT;BLOCK;EUR;19;941.50000000;418;EXCHANGE_LAST;;1;1;XEUR;11359809;717;
22.01.2025;14:07:58.779;FSTO SI 20250321 CS;SIMPLE_INSTRUMENT;BLOCK;EUR;16;621.70000000;322;EXCHANGE_LAST;;1;1;XEUR;11359792;711;
22.01.2025;15:48:26.625;FSTO SI 20250321 CS;SIMPLE_INSTRUMENT;BLOCK;EUR;23;620.50000000;277;EXCHANGE_LAST;;1;1;XEUR;11359792;711;
22.01.2025;15:48:35.702;FSTO SI 20250321 CS;SIMPLE_INSTRUMENT;BLOCK;EUR;24;620.40000000;648;EXCHANGE_LAST;;1;1;XEUR;11359792;711;
22.01.2025;11:13:49.023;FSTS SI 20250321 CS;SIMPLE_INSTRUMENT;EFP_IDX;EUR;10;540.00000000;85;EXCHANGE_LAST;;1;1;XEUR;11359775;709;
22.01.2025;11:13:57.810;FSTS SI 20250321 CS;SIMPLE_INSTRUMENT;EFP_IDX;EUR;11;539.90000000;338;EXCHANGE_LAST;;1;1;XEUR;11359775;709;
22.01.2025;16:49:27.212;FSTS SI 20250321 CS;SIMPLE_INSTRUMENT;EFP_IDX;EUR;30;536.60000000;80;EXCHANGE_LAST;;1;1;XEUR;11359775;709;
22.01.2025;16:51:01.589;FSTS SI 20250321 CS;SIMPLE_INSTRUMENT;EFP_IDX;EUR;31;536.70000000;120;EXCHANGE_LAST;;1;1;XEUR;11359775;709;
22.01.2025;16:50:44.325;FSTS SI 20250321 CS;SIMPLE_INSTRUMENT;EFP_IDX;EUR;32;536.70000000;240;EXCHANGE_LAST;;1;1;XEUR;11359775;709;
22.01.2025;16:50:31.171;FSTS SI 20250321 CS;SIMPLE_INSTRUMENT;EFP_IDX;EUR;33;536.70000000;240;EXCHANGE_LAST;;1;1;XEUR;11359775;709;
22.01.2025;16:49:41.046;FSTS SI 20250321 CS;SIMPLE_INSTRUMENT;EFP_IDX;EUR;34;536.60000000;160;EXCHANGE_LAST;;1;1;XEUR;11359775;709;
22.01.2025;16:49:56.788;FSTS SI 20250321 CS;SIMPLE_INSTRUMENT;EFP_IDX;EUR;35;536.60000000;160;EXCHANGE_LAST;;1;1;XEUR;11359775;709;
22.01.2025;17:07:45.277;FSTS SI 20250321 CS;SIMPLE_INSTRUMENT;BLOCK;EUR;38;536.50000000;409;EXCHANGE_LAST;;1;1;XEUR;11359775;709;
22.01.2025;16:45:01.404;FSTT SI 20250321 CS;SIMPLE_INSTRUMENT;EFP_IDX;EUR;28;236.30000000;361;EXCHANGE_LAST;;1;1;XEUR;11359772;708;
22.01.2025;16:45:11.248;FSTT SI 20250321 CS;SIMPLE_INSTRUMENT;EFP_IDX;EUR;29;236.10000000;440;EXCHANGE_LAST;;1;1;XEUR;11359772;708;
22.01.2025;17:00:45.349;FSTT SI 20250321 CS;SIMPLE_INSTRUMENT;BLOCK;EUR;36;236.00000000;341;EXCHANGE_LAST;;1;1;XEUR;11359772;708;
22.01.2025;17:01:00.582;FSTT SI 20250321 CS;SIMPLE_INSTRUMENT;BLOCK;EUR;37;236.20000000;460;EXCHANGE_LAST;;1;1;XEUR;11359772;708;
22.01.2025;15:04:19.825;FSTU SI 20250321 CS;SIMPLE_INSTRUMENT;EFP_IDX;EUR;23;380.30000000;474;EXCHANGE_LAST;;1;1;XEUR;11359815;730;
