#Date;TrdTime;Contract;ContractType;TrdTyp;Currency;TesId;Prc;Qty;TrdInd;Aggressor;Buy;Sell;Exch;InstrumentId;RelatedProdId;PrcDecomp
08.05.2025;12:08:37.526;A2LV SI 20250620 CS;SIMPLE_INSTRUMENT;BLOCK;EUR;31;15.40000000;89;EXCHANGE_LAST;;2;2;XEUR;10827629;12;
08.05.2025;12:33:23.017;A2LV SI 20250620 CS;SIMPLE_INSTRUMENT;BLOCK;EUR;39;15.40000000;10;EXCHANGE_LAST;;1;1;XEUR;10827629;12;
08.05.2025;14:25:52.923;A2LV SI 20261218 CS;SIMPLE_INSTRUMENT;BLOCK;EUR;51;16.05000000;80;EXCHANGE_LAST;;1;2;XEUR;4632085;12;
08.05.2025;10:18:15.628;A2SG SI 20250620 CS;SIMPLE_INSTRUMENT;BLOCK;EUR;10;1.43000000;1144;EXCHANGE_LAST;;1;1;XEUR;10827627;14;
08.05.2025;11:18:45.386;A2SG SI 20250620 CS;SIMPLE_INSTRUMENT;BLOCK;EUR;26;1.43000000;1750;EXCHANGE_LAST;;1;1;XEUR;10827627;14;
08.05.2025;12:54:28.594;A2SG SI 20250620 CS;SIMPLE_INSTRUMENT;BLOCK;EUR;41;1.43000000;50;EXCHANGE_LAST;;1;1;XEUR;10827627;14;
08.05.2025;13:11:39.330;A2SG SI 20250620 CS;SIMPLE_INSTRUMENT;BLOCK;EUR;43;1.43000000;356;EXCHANGE_LAST;;1;1;XEUR;10827627;14;
08.05.2025;12:32:00.123;A2XA SI 20281215 CS;SIMPLE_INSTRUMENT;BLOCK;EUR;37;2.02000000;250;EXCHANGE_LAST;;1;1;XEUR;6796967;17;
08.05.2025;09:18:39.638;ABBN FI 20250604 CS EU C 47.8000 0;FLEXIBLE_INSTRUMENT;BLOCK;CHF;11;0.36000000;1550;EXCHANGE_LAST;;1;1;XEUR;1155389036332854044;574517;
08.05.2025;07:54:56.586;ADEE SI 20260619 PS EU C 24.00 0;SIMPLE_INSTRUMENT;BLOCK;CHF;4;1.67000000;2500;EXCHANGE_LAST;;1;1;XEUR;9598029;428680;
08.05.2025;08:17:35.782;ADEN SI 20250620 PS AM C 25.00 0;SIMPLE_INSTRUMENT;BLOCK;CHF;7;0.16000000;6033;EXCHANGE_LAST;;1;1;XEUR;12994217;44;
08.05.2025;13:18:03.915;ADEN SI 20250516 PS AM P 22.00 0;SIMPLE_INSTRUMENT;BLOCK;CHF;39;0.30000000;2000;EXCHANGE_LAST;;1;1;XEUR;12811721;44;
08.05.2025;14:51:36.787;ADEN SI 20250620 PS AM P 20.00 0;SIMPLE_INSTRUMENT;BLOCK;CHF;42;0.23000000;3000;EXCHANGE_LAST;;1;1;XEUR;7956255;44;
08.05.2025;09:08:19.427;ADS SI 20250919 PS AM C 280.00 0;SIMPLE_INSTRUMENT;BLOCK;EUR;8;1.14000000;660;EXCHANGE_LAST;;1;1;XEUR;11870751;50;
08.05.2025;09:08:11.053;ADS SI 20250919 PS AM C 280.00 0;SIMPLE_INSTRUMENT;BLOCK;EUR;9;1.16000000;540;EXCHANGE_LAST;;1;1;XEUR;11870751;50;
08.05.2025;11:41:01.418;ADS SI 20271217 PS AM P 140.00 0;SIMPLE_INSTRUMENT;BLOCK;EUR;17;11.25000000;200;EXCHANGE_LAST;;1;1;XEUR;8771673;50;
08.05.2025;11:50:58.856;ADS SI 20271217 PS AM P 140.00 0;SIMPLE_INSTRUMENT;BLOCK;EUR;18;11.25000000;150;EXCHANGE_LAST;;1;1;XEUR;8771673;50;
08.05.2025;15:08:41.341;ADY.O.250508.STG.000002;STANDARD_OPTION_STRATEGY;BLOCK;EUR;15;285.00000000;1500;EXCHANGE_LAST;;3;1;XEUR;72385364467126483;76315;
08.05.2025;15:08:41.341;ADY SI 20251219 PS AM C 1600.00 0;SIMPLE_INSTRUMENT;BLOCK;EUR;15;179.00000000;1500;PRC_DECOMP_MEMBER;;;;XEUR;10666922;76315;MEMBER
08.05.2025;15:08:41.341;ADY SI 20251219 PS AM P 1400.00 0;SIMPLE_INSTRUMENT;BLOCK;EUR;15;106.00000000;1500;PRC_DECOMP_MEMBER;;;;XEUR;12475695;76315;MEMBER
08.05.2025;15:08:24.233;ADY SI 20250620 PS AM P 1480.00 0;SIMPLE_INSTRUMENT;BLOCK;EUR;16;38.10000000;250;EXCHANGE_LAST;;1;1;XEUR;11696085;76315;
08.05.2025;11:11:28.933;AKU SI 20250620 PS AM C 66.00 0;SIMPLE_INSTRUMENT;BLOCK;EUR;4;0.23000000;3600;EXCHANGE_LAST;;1;1;XEUR;12995369;78;
08.05.2025;11:11:29.667;AKU SI 20250620 PS AM C 66.00 0;SIMPLE_INSTRUMENT;BLOCK;EUR;5;0.22000000;400;EXCHANGE_LAST;;1;1;XEUR;12995369;78;
08.05.2025;12:34:43.576;ALC SI 20250718 PS AM P 72.00 0;SIMPLE_INSTRUMENT;BLOCK;CHF;35;0.99000000;181;EXCHANGE_LAST;;1;1;XEUR;13267439;130134;
08.05.2025;12:35:07.795;ALC SI 20250718 PS AM P 72.00 0;SIMPLE_INSTRUMENT;BLOCK;CHF;36;1.00000000;1627;EXCHANGE_LAST;;1;1;XEUR;13267439;130134;
08.05.2025;08:44:31.150;ALV SI 20250919 PS AM P 340.00 0;SIMPLE_INSTRUMENT;BLOCK;EUR;2;10.08000000;300;EXCHANGE_LAST;;1;1;XEUR;11871543;74;
08.05.2025;08:51:14.143;ALV.O.250508.BUL.000014;STANDARD_OPTION_STRATEGY;BLOCK;EUR;4;60.00000000;750;EXCHANGE_LAST;;1;1;XEUR;72057911865570573;74;
08.05.2025;08:51:14.143;ALV SI 20250620 PS AM C 340.00 0;SIMPLE_INSTRUMENT;BLOCK;EUR;4;31.22000000;750;PRC_DECOMP_EXCHANGE;;;;XEUR;11349413;74;EXCHANGE
08.05.2025;08:51:14.143;ALV SI 20250620 PS AM C 280.00 0;SIMPLE_INSTRUMENT;BLOCK;EUR;4;91.22000000;750;PRC_DECOMP_EXCHANGE;;;;XEUR;7898310;74;EXCHANGE
08.05.2025;09:22:26.795;ALV SI 20250620 PS AM P 345.00 0;SIMPLE_INSTRUMENT;BLOCK;EUR;7;5.88000000;300;EXCHANGE_LAST;;1;1;XEUR;12995254;74;
08.05.2025;09:22:26.912;ALV SI 20250620 PS AM P 320.00 0;SIMPLE_INSTRUMENT;BLOCK;EUR;8;2.13000000;300;EXCHANGE_LAST;;1;1;XEUR;8110003;74;
08.05.2025;09:40:49.157;ALV SI 20250919 PS AM P 340.00 0;SIMPLE_INSTRUMENT;BLOCK;EUR;13;10.02000000;1000;EXCHANGE_LAST;;1;1;XEUR;11871543;74;
08.05.2025;11:02:43.339;ALV SI 20250919 PS AM P 370.00 0;SIMPLE_INSTRUMENT;BLOCK;EUR;20;21.52000000;300;EXCHANGE_LAST;;1;1;XEUR;13359671;74;
08.05.2025;11:19:56.189;ALV SI 20250620 PS AM P 300.00 0;SIMPLE_INSTRUMENT;BLOCK;EUR;21;1.24000000;300;EXCHANGE_LAST;;1;1;XEUR;11349304;74;
08.05.2025;14:15:33.503;ALV SI 20250620 PS AM C 385.00 0;SIMPLE_INSTRUMENT;BLOCK;EUR;25;2.40000000;300;EXCHANGE_LAST;;1;1;XEUR;12995209;74;
08.05.2025;15:26:32.187;ALV SI 20250919 PS AM C 300.00 0;SIMPLE_INSTRUMENT;BLOCK;EUR;26;72.83000000;300;EXCHANGE_LAST;;1;1;XEUR;11871531;74;
08.05.2025;15:29:36.499;ALV SI 20261218 PS AM C 240.00 0;SIMPLE_INSTRUMENT;BLOCK;EUR;27;132.80000000;477;EXCHANGE_LAST;;1;1;XEUR;7152580;74;
08.05.2025;15:29:47.228;ALV SI 20260619 PS AM C 280.00 0;SIMPLE_INSTRUMENT;BLOCK;EUR;28;93.03000000;1000;EXCHANGE_LAST;;1;1;XEUR;9537498;74;
08.05.2025;15:34:25.333;ALV SI 20251219 PS AM C 290.00 0;SIMPLE_INSTRUMENT;BLOCK;EUR;29;83.00000000;400;EXCHANGE_LAST;;1;1;XEUR;12056997;74;
08.05.2025;12:05:12.177;ALVG SI 20250620 CS;SIMPLE_INSTRUMENT;BLOCK;EUR;30;361.95000000;1100;EXCHANGE_LAST;;2;2;XEUR;11168195;85;
08.05.2025;12:33:10.529;ALVG SI 20250620 CS;SIMPLE_INSTRUMENT;BLOCK;EUR;38;361.85000000;125;EXCHANGE_LAST;;1;1;XEUR;11168195;85;
08.05.2025;14:04:20.119;ALVG SI 20250620 CS;SIMPLE_INSTRUMENT;BLOCK;EUR;49;361.15000000;125;EXCHANGE_LAST;;1;1;XEUR;11168195;85;
08.05.2025;09:45:59.405;ARG SI 20250919 PS AM P 480.00 0;SIMPLE_INSTRUMENT;BLOCK;EUR;4;36.45000000;600;EXCHANGE_LAST;;1;1;XEUR;11921623;355435;
08.05.2025;09:46:02.091;ARG SI 20250919 PS AM C 560.00 0;SIMPLE_INSTRUMENT;BLOCK;EUR;5;14.68000000;600;EXCHANGE_LAST;;1;1;XEUR;11921635;355435;
08.05.2025;09:46:02.146;ARG SI 20250919 PS AM P 440.00 0;SIMPLE_INSTRUMENT;BLOCK;EUR;6;24.25000000;600;EXCHANGE_LAST;;1;1;XEUR;11921604;355435;
08.05.2025;10:10:50.767;ASG5 SI 20250619 PS AM C 34.00 0;SIMPLE_INSTRUMENT;BLOCK;EUR;1;0.65000000;2000;EXCHANGE_LAST;;1;1;XEUR;11336762;109;
08.05.2025;13:25:57.959;ASG5 SI 20250717 PS AM P 29.50 0;SIMPLE_INSTRUMENT;BLOCK;EUR;11;0.42000000;1792;EXCHANGE_LAST;;1;1;XEUR;13235403;109;
08.05.2025;13:26:06.960;ASG5 SI 20250717 PS AM P 29.50 0;SIMPLE_INSTRUMENT;BLOCK;EUR;12;0.43000000;2689;EXCHANGE_LAST;;1;1;XEUR;13235403;109;
08.05.2025;10:17:17.288;ASGF SI 20250619 CS;SIMPLE_INSTRUMENT;BLOCK;EUR;9;32.82510000;6500;EXCHANGE_LAST;;1;1;XEUR;12186943;949862;
08.05.2025;12:50:27.068;ASGF SI 20250619 CS;SIMPLE_INSTRUMENT;BLOCK;EUR;40;32.90000000;500;EXCHANGE_LAST;;1;1;XEUR;12186943;949862;
08.05.2025;13:10:45.188;ASGF SI 20250619 CS;SIMPLE_INSTRUMENT;BLOCK;EUR;42;32.90000000;4000;EXCHANGE_LAST;;1;1;XEUR;12186943;949862;
08.05.2025;15:32:33.801;ASM SI 20250718 PS AM C 700.00 0;SIMPLE_INSTRUMENT;BLOCK;EUR;18;17.80000000;300;EXCHANGE_LAST;;2;1;XEUR;13305168;107;
08.05.2025;07:46:45.994;AXA SI 20260619 PS AM P 37.00 0;SIMPLE_INSTRUMENT;BLOCK;EUR;2;2.45000000;7000;EXCHANGE_LAST;;1;1;XEUR;12767438;127;
08.05.2025;09:32:31.704;AXA SI 20250620 PS AM P 38.50 0;SIMPLE_INSTRUMENT;BLOCK;EUR;8;0.39000000;1500;EXCHANGE_LAST;;1;1;XEUR;12996351;127;
08.05.2025;10:51:35.767;AXA SI 20261218 PS AM P 32.00 0;SIMPLE_INSTRUMENT;BLOCK;EUR;20;1.67000000;5000;EXCHANGE_LAST;;1;2;XEUR;7153195;127;
08.05.2025;14:37:16.767;B2NP SI 20261218 CS;SIMPLE_INSTRUMENT;BLOCK;EUR;52;4.86500000;300;EXCHANGE_LAST;;1;2;XEUR;6798320;131;
08.05.2025;15:15:53.831;B2NP SI 20251219 CS;SIMPLE_INSTRUMENT;BLOCK;EUR;60;7.28000000;250;EXCHANGE_LAST;;1;2;XEUR;5914355;131;
08.05.2025;15:29:29.919;B2NP SI 20251219 CS;SIMPLE_INSTRUMENT;BLOCK;EUR;66;7.29000000;50;EXCHANGE_LAST;;1;1;XEUR;5914355;131;
08.05.2025;15:30:19.470;B2NP SI 20251219 CS;SIMPLE_INSTRUMENT;BLOCK;EUR;67;7.28000000;50;EXCHANGE_LAST;;1;1;XEUR;5914355;131;
08.05.2025;14:59:59.988;B2OS SI 20250620 CS;SIMPLE_INSTRUMENT;BLOCK;EUR;57;1.40000000;450;EXCHANGE_LAST;;1;1;XEUR;10878673;300512;
08.05.2025;15:18:16.073;B2OS SI 20250620 CS;SIMPLE_INSTRUMENT;BLOCK;EUR;61;1.40000000;360;EXCHANGE_LAST;;1;2;XEUR;10878673;300512;
08.05.2025;10:37:17.075;B2PE SI 20250620 CS;SIMPLE_INSTRUMENT;BLOCK;EUR;14;0.60000000;1558;EXCHANGE_LAST;;1;1;XEUR;12178633;949835;
08.05.2025;10:49:29.988;B2PE SI 20250620 CS;SIMPLE_INSTRUMENT;BLOCK;EUR;18;0.60000000;1558;EXCHANGE_LAST;;1;1;XEUR;12178633;949835;
08.05.2025;10:54:02.081;B2PE SI 20250620 CS;SIMPLE_INSTRUMENT;BLOCK;EUR;21;0.60000000;3250;EXCHANGE_LAST;;1;1;XEUR;12178633;949835;
08.05.2025;12:52:12.448;BAS SI 20271217 PS AM P 36.00 0;SIMPLE_INSTRUMENT;BLOCK;EUR;9;4.38000000;4000;EXCHANGE_LAST;;2;1;XEUR;8774171;150;
08.05.2025;15:30:19.489;BAS SI 20250919 PS AM P 42.00 0;SIMPLE_INSTRUMENT;BLOCK;EUR;14;2.49000000;1000;EXCHANGE_LAST;;1;1;XEUR;11872869;150;
08.05.2025;09:10:59.769;BASE.O.250508.BU13.000001;STANDARD_OPTION_STRATEGY;BLOCK;EUR;3;-2.87000000;1500;EXCHANGE_LAST;;1;1;XEUR;72058242577996876;151;
08.05.2025;09:10:59.769;BASE SI 20270618 PS EU C 60.00 0;SIMPLE_INSTRUMENT;BLOCK;EUR;3;1.51000000;4500;PRC_DECOMP_EXCHANGE;;;;XEUR;11350724;151;EXCHANGE
08.05.2025;09:10:59.769;BASE SI 20270618 PS EU C 40.00 0;SIMPLE_INSTRUMENT;BLOCK;EUR;3;7.40000000;1500;PRC_DECOMP_EXCHANGE;;;;XEUR;11350757;151;EXCHANGE
08.05.2025;08:16:41.565;BAY SI 20250919 PS AM C 24.00 0;SIMPLE_INSTRUMENT;BLOCK;EUR;1;2.24000000;5000;EXCHANGE_LAST;;1;1;XEUR;11873096;168;
08.05.2025;09:12:35.085;BAY SI 20251219 PS AM C 27.00 0;SIMPLE_INSTRUMENT;BLOCK;EUR;4;1.98000000;3000;EXCHANGE_LAST;;1;1;XEUR;12224661;168;
08.05.2025;11:03:40.708;BAY SI 20251219 PS AM C 30.00 0;SIMPLE_INSTRUMENT;BLOCK;EUR;5;1.30000000;2000;EXCHANGE_LAST;;1;1;XEUR;10804252;168;
08.05.2025;14:21:44.439;BAY SI 20271217 PS AM P 16.00 0;SIMPLE_INSTRUMENT;BLOCK;EUR;11;1.95000000;3250;EXCHANGE_LAST;;3;1;XEUR;8774849;168;
08.05.2025;14:35:25.354;BAY SI 20250620 PS AM C 26.00 0;SIMPLE_INSTRUMENT;BLOCK;EUR;13;0.57000000;15000;EXCHANGE_LAST;;4;1;XEUR;10324700;168;
08.05.2025;11:37:54.654;BAYG SI 20250620 CS;SIMPLE_INSTRUMENT;BLOCK;EUR;29;23.33150000;2000;EXCHANGE_LAST;;1;1;XEUR;11197544;76034;
08.05.2025;14:37:39.599;BAYG SI 20250620 CS;SIMPLE_INSTRUMENT;BLOCK;EUR;53;23.29150000;2000;EXCHANGE_LAST;;1;1;XEUR;11197544;76034;
08.05.2025;15:45:38.260;BAYG SI 20250620 CS;SIMPLE_INSTRUMENT;BLOCK;EUR;69;23.44930000;1800;EXCHANGE_LAST;;1;1;XEUR;11197544;76034;
08.05.2025;08:42:35.135;BMW SI 20250718 PS AM C 80.00 0;SIMPLE_INSTRUMENT;BLOCK;EUR;1;1.68000000;1000;EXCHANGE_LAST;;1;1;XEUR;13236895;210;
08.05.2025;13:01:20.470;BMW SI 20250620 PS AM C 80.00 0;SIMPLE_INSTRUMENT;BLOCK;EUR;18;1.20000000;1500;EXCHANGE_LAST;;2;2;XEUR;11332529;210;
08.05.2025;10:03:12.470;BNP SI 20251219 PS AM C 70.00 0;SIMPLE_INSTRUMENT;BLOCK;EUR;12;7.48000000;500;EXCHANGE_LAST;;1;1;XEUR;12372401;237;
08.05.2025;15:00:07.025;BNP SI 20251219 PS AM C 76.00 0;SIMPLE_INSTRUMENT;BLOCK;EUR;21;4.44000000;1390;EXCHANGE_LAST;;1;1;XEUR;12435374;237;
08.05.2025;15:00:22.114;BOSF SI 20250516 CS;SIMPLE_INSTRUMENT;BLOCK;EUR;56;38.23000000;5000;EXCHANGE_LAST;;1;1;XEUR;11032237;231;
08.05.2025;15:18:31.857;BOSF SI 20250620 CS;SIMPLE_INSTRUMENT;BLOCK;EUR;62;38.00500000;4000;EXCHANGE_LAST;;1;2;XEUR;11170511;231;
08.05.2025;10:48:29.786;BPEF SI 20250619 CS;SIMPLE_INSTRUMENT;BLOCK;EUR;17;6.95380000;1750;EXCHANGE_LAST;;1;1;XEUR;11161772;226;
08.05.2025;10:53:11.345;BPEF SI 20250619 CS;SIMPLE_INSTRUMENT;BLOCK;EUR;20;6.95980000;4000;EXCHANGE_LAST;;1;1;XEUR;11161772;226;
08.05.2025;15:53:34.414;BPF SI 20250620 CS;SIMPLE_INSTRUMENT;BLOCK;GBX;70;351.38000000;15490;EXCHANGE_LAST;;1;1;XEUR;11170417;225;
08.05.2025;07:43:36.976;CBK SI 20260619 PS AM C 30.00 0;SIMPLE_INSTRUMENT;BLOCK;EUR;5;2.06000000;5000;EXCHANGE_LAST;;1;1;XEUR;13309932;268;
08.05.2025;08:20:45.949;CBK SI 20250620 PS AM P 21.00 0;SIMPLE_INSTRUMENT;BLOCK;EUR;6;0.51000000;15000;EXCHANGE_LAST;;1;1;XEUR;12999586;268;
08.05.2025;08:32:06.331;CBK.O.250508.STG.000008;STANDARD_OPTION_STRATEGY;BLOCK;EUR;7;6.02000000;6500;EXCHANGE_LAST;;2;2;XEUR;72058745089204541;268;
08.05.2025;08:32:06.331;CBK SI 20261218 PS AM C 28.00 0;SIMPLE_INSTRUMENT;BLOCK;EUR;7;3.42000000;6500;PRC_DECOMP_EXCHANGE;;;;XEUR;11088001;268;EXCHANGE
08.05.2025;08:32:06.331;CBK SI 20261218 PS AM P 18.00 0;SIMPLE_INSTRUMENT;BLOCK;EUR;7;2.60000000;6500;PRC_DECOMP_EXCHANGE;;;;XEUR;8883151;268;EXCHANGE
08.05.2025;15:03:30.570;CBKH SI 20250620 CS;SIMPLE_INSTRUMENT;BLOCK;EUR;59;23.99380000;35000;EXCHANGE_LAST;;1;1;XEUR;11192082;10390;
08.05.2025;09:18:01.221;CFR FI 20250604 CS EU C 152.6000 0;FLEXIBLE_INSTRUMENT;BLOCK;CHF;10;2.43000000;450;EXCHANGE_LAST;;1;1;XEUR;1152922848931627669;313;
08.05.2025;11:46:23.408;CFR.O.250508.RBER.000005;STANDARD_OPTION_STRATEGY;BLOCK;CHF;24;-5.64000000;800;EXCHANGE_LAST;;1;1;XEUR;72058938362728948;313;
08.05.2025;11:46:23.408;CFR SI 20251219 PS AM P 110.00 0;SIMPLE_INSTRUMENT;BLOCK;CHF;24;3.46000000;1600;PRC_DECOMP_EXCHANGE;;;;XEUR;12437065;313;EXCHANGE
08.05.2025;11:46:23.408;CFR SI 20251219 PS AM P 140.00 0;SIMPLE_INSTRUMENT;BLOCK;CHF;24;12.56000000;800;PRC_DECOMP_EXCHANGE;;;;XEUR;9996465;313;EXCHANGE
08.05.2025;08:02:35.968;CLN SI 20250919 PS AM P 10.00 0;SIMPLE_INSTRUMENT;BLOCK;CHF;5;1.58000000;2000;EXCHANGE_LAST;;1;1;XEUR;11876263;296;
08.05.2025;08:02:36.009;CLN SI 20250919 PS AM C 12.00 0;SIMPLE_INSTRUMENT;BLOCK;CHF;6;0.04000000;2000;EXCHANGE_LAST;;1;1;XEUR;11876276;296;
08.05.2025;13:42:04.433;CON SI 20250620 PS AM C 75.00 0;SIMPLE_INSTRUMENT;BLOCK;EUR;31;1.60000000;2500;EXCHANGE_LAST;;1;1;XEUR;13048406;414620;
08.05.2025;13:42:13.279;CON SI 20250620 PS AM C 81.00 0;SIMPLE_INSTRUMENT;BLOCK;EUR;32;0.30000000;2500;EXCHANGE_LAST;;1;1;XEUR;13076715;414620;
08.05.2025;14:01:19.244;CRI5 SI 20250515 PS AM P 48.00 0;SIMPLE_INSTRUMENT;BLOCK;EUR;14;0.28000000;1000;EXCHANGE_LAST;;1;1;XEUR;12806513;320;
08.05.2025;10:25:38.608;D3AI SI 20261218 CS;SIMPLE_INSTRUMENT;BLOCK;EUR;11;2.48000000;200;EXCHANGE_LAST;;1;1;XEUR;7144051;443197;
08.05.2025;10:58:19.393;D3AI SI 20271217 CS;SIMPLE_INSTRUMENT;BLOCK;EUR;22;2.63500000;300;EXCHANGE_LAST;;2;2;XEUR;7144067;443197;
08.05.2025;13:58:43.809;D3AI SI 20281215 CS;SIMPLE_INSTRUMENT;BLOCK;EUR;48;2.70000000;84;EXCHANGE_LAST;;1;1;XEUR;7144065;443197;
08.05.2025;15:32:45.406;D3AI SI 20261218 CS;SIMPLE_INSTRUMENT;BLOCK;EUR;65;2.48000000;172;EXCHANGE_LAST;;1;1;XEUR;7144051;443197;
08.05.2025;09:51:05.826;DAI SI 20250516 PS AM P 52.00 0;SIMPLE_INSTRUMENT;BLOCK;EUR;10;1.69000000;1500;EXCHANGE_LAST;;2;1;XEUR;12852508;443196;
08.05.2025;09:50:03.652;DAI SI 20250620 PS AM P 52.00 0;SIMPLE_INSTRUMENT;BLOCK;EUR;11;2.60000000;2000;EXCHANGE_LAST;;1;1;XEUR;7934288;443196;
08.05.2025;10:03:02.262;DAI SI 20250620 PS AM P 48.00 0;SIMPLE_INSTRUMENT;BLOCK;EUR;12;0.94000000;2000;EXCHANGE_LAST;;1;1;XEUR;7934260;443196;
08.05.2025;10:13:32.059;DAI.O.250508.BR23.000015;STANDARD_OPTION_STRATEGY;BLOCK;EUR;13;-6.24000000;500;EXCHANGE_LAST;;1;1;XEUR;73961106363665501;443196;
08.05.2025;10:13:32.059;DAI SI 20260619 PS AM P 48.00 0;SIMPLE_INSTRUMENT;BLOCK;EUR;13;4.92000000;1000;PRC_DECOMP_EXCHANGE;;;;XEUR;9598287;443196;EXCHANGE
08.05.2025;10:13:32.059;DAI SI 20260619 PS AM P 32.00 0;SIMPLE_INSTRUMENT;BLOCK;EUR;13;1.20000000;1500;PRC_DECOMP_EXCHANGE;;;;XEUR;9598302;443196;EXCHANGE
08.05.2025;11:45:55.906;DAI.O.250508.BRT.000018;STANDARD_OPTION_STRATEGY;BLOCK;EUR;15;2.65000000;1500;EXCHANGE_LAST;;1;1;XEUR;73961106363665504;443196;
08.05.2025;11:45:55.906;DAI SI 20261218 PS AM P 48.00 0;SIMPLE_INSTRUMENT;BLOCK;EUR;15;5.86000000;1500;PRC_DECOMP_EXCHANGE;;;;XEUR;7190105;443196;EXCHANGE
08.05.2025;11:45:55.906;DAI SI 20251219 PS AM P 48.00 0;SIMPLE_INSTRUMENT;BLOCK;EUR;15;3.21000000;1500;PRC_DECOMP_EXCHANGE;;;;XEUR;7144518;443196;EXCHANGE
08.05.2025;13:54:04.188;DAI.O.250508.PDIA.000023;STANDARD_OPTION_STRATEGY;BLOCK;EUR;33;1.31000000;3500;EXCHANGE_LAST;;1;3;XEUR;73961106363665509;443196;
08.05.2025;13:54:04.188;DAI SI 20271217 PS AM P 44.00 0;SIMPLE_INSTRUMENT;BLOCK;EUR;33;6.35000000;3500;PRC_DECOMP_EXCHANGE;;;;XEUR;8833338;443196;EXCHANGE
08.05.2025;13:54:04.188;DAI SI 20260619 PS AM P 48.00 0;SIMPLE_INSTRUMENT;BLOCK;EUR;33;5.04000000;3500;PRC_DECOMP_EXCHANGE;;;;XEUR;9598287;443196;EXCHANGE
08.05.2025;13:20:13.175;DAIE.O.250508.BRT.000001;STANDARD_OPTION_STRATEGY;BLOCK;EUR;28;2.42000000;3500;EXCHANGE_LAST;;1;1;XEUR;73961132133454292;443202;
08.05.2025;13:20:13.175;DAIE SI 20271217 PS EU P 48.00 0;SIMPLE_INSTRUMENT;BLOCK;EUR;28;8.29000000;3500;PRC_DECOMP_EXCHANGE;;;;XEUR;8833647;443202;EXCHANGE
08.05.2025;13:20:13.175;DAIE SI 20291221 PS EU P 48.00 0;SIMPLE_INSTRUMENT;BLOCK;EUR;28;10.71000000;3500;PRC_DECOMP_EXCHANGE;;;;XEUR;12490418;443202;EXCHANGE
08.05.2025;08:36:23.475;DB1H SI 20250516 CS;SIMPLE_INSTRUMENT;BLOCK;EUR;3;292.65720000;17860;EXCHANGE_LAST;;1;1;XEUR;11034166;363;
08.05.2025;08:35:55.660;DB1P SI 20250516 PS;SIMPLE_INSTRUMENT;BLOCK;EUR;2;292.65070000;17860;EXCHANGE_LAST;;1;1;XEUR;11070957;567612;
08.05.2025;11:43:22.394;DBK SI 20251219 PS AM P 22.00 0;SIMPLE_INSTRUMENT;BLOCK;EUR;15;2.06000000;6000;EXCHANGE_LAST;;1;2;XEUR;7543443;362;
08.05.2025;09:46:25.257;DTG SI 20250718 PS AM C 39.00 0;SIMPLE_INSTRUMENT;BLOCK;EUR;8;0.61000000;3776;EXCHANGE_LAST;;1;1;XEUR;13276352;455942;
08.05.2025;09:46:40.517;DTG SI 20250718 PS AM C 39.00 0;SIMPLE_INSTRUMENT;BLOCK;EUR;9;0.60000000;467;EXCHANGE_LAST;;1;1;XEUR;13276352;455942;
08.05.2025;10:01:52.361;E2NL SI 20271217 CS;SIMPLE_INSTRUMENT;BLOCK;EUR;6;0.44200000;500;EXCHANGE_LAST;;1;1;XEUR;5914571;471;
08.05.2025;10:01:24.471;E2NL SI 20271217 CS;SIMPLE_INSTRUMENT;BLOCK;EUR;7;0.44300000;500;EXCHANGE_LAST;;1;1;XEUR;5914571;471;
08.05.2025;10:52:31.625;E2NT SI 20261218 CS;SIMPLE_INSTRUMENT;BLOCK;EUR;19;0.97000000;600;EXCHANGE_LAST;;1;2;XEUR;4632357;470;
08.05.2025;11:09:32.973;E2NT SI 20281215 CS;SIMPLE_INSTRUMENT;BLOCK;EUR;23;0.76500000;1100;EXCHANGE_LAST;;1;1;XEUR;6802271;470;
08.05.2025;12:03:48.193;E2NT SI 20281215 CS;SIMPLE_INSTRUMENT;BLOCK;EUR;32;0.76500000;800;EXCHANGE_LAST;;2;1;XEUR;6802271;470;
08.05.2025;15:22:59.486;EAD SI 20250516 PS AM C 160.00 0;SIMPLE_INSTRUMENT;BLOCK;EUR;22;2.10000000;500;EXCHANGE_LAST;;1;1;XEUR;13241839;465;
08.05.2025;08:21:40.683;ENR SI 20250919 PS AM P 68.00 0;SIMPLE_INSTRUMENT;BLOCK;EUR;1;6.30000000;1500;EXCHANGE_LAST;;1;1;XEUR;12229457;298530;
08.05.2025;08:44:55.605;ENR.O.250508.BER-C.000009;STANDARD_OPTION_STRATEGY;BLOCK;EUR;3;-0.37000000;1670;EXCHANGE_LAST;;1;1;XEUR;73339770624818922;298530;
08.05.2025;08:44:55.605;ENR SI 20250620 PS AM P 68.00 0;SIMPLE_INSTRUMENT;BLOCK;EUR;3;2.60000000;1670;PRC_DECOMP_MEMBER;;;;XEUR;12229467;298530;MEMBER
08.05.2025;08:44:55.605;ENR SI 20250620 PS AM C 82.00 0;SIMPLE_INSTRUMENT;BLOCK;EUR;3;2.07000000;1670;PRC_DECOMP_MEMBER;;;;XEUR;13307683;298530;MEMBER
08.05.2025;08:44:55.605;ENR SI 20250620 PS AM P 60.00 0;SIMPLE_INSTRUMENT;BLOCK;EUR;3;0.90000000;1670;PRC_DECOMP_MEMBER;;;;XEUR;12193230;298530;MEMBER
08.05.2025;09:46:18.252;ENR SI 20251219 PS AM C 76.00 0;SIMPLE_INSTRUMENT;BLOCK;EUR;4;11.25000000;1040;EXCHANGE_LAST;;1;1;XEUR;12144245;298530;
08.05.2025;09:46:09.476;ENR SI 20251219 PS AM C 76.00 0;SIMPLE_INSTRUMENT;BLOCK;EUR;5;11.25000000;708;EXCHANGE_LAST;;1;1;XEUR;12144245;298530;
08.05.2025;11:35:55.931;ENR SI 20250516 PS AM P 70.00 0;SIMPLE_INSTRUMENT;BLOCK;EUR;11;1.00000000;500;EXCHANGE_LAST;;1;1;XEUR;12848134;298530;
08.05.2025;12:04:28.460;ENT5.O.250508.BR23.000002;STANDARD_OPTION_STRATEGY;BLOCK;EUR;9;-3.32000000;1500;EXCHANGE_LAST;;1;3;XEUR;72059728636684265;497;
08.05.2025;12:04:28.460;ENT5 SI 20291220 PS AM P 12.00 0;SIMPLE_INSTRUMENT;BLOCK;EUR;9;2.89000000;3000;PRC_DECOMP_EXCHANGE;;;;XEUR;12421386;497;EXCHANGE
08.05.2025;12:04:28.460;ENT5 SI 20291220 PS AM P 7.20 0;SIMPLE_INSTRUMENT;BLOCK;EUR;9;0.82000000;4500;PRC_DECOMP_EXCHANGE;;;;XEUR;12421442;497;EXCHANGE
08.05.2025;12:12:16.144;ENT5.O.250508.BR23.000002;STANDARD_OPTION_STRATEGY;BLOCK;EUR;10;-3.32000000;500;EXCHANGE_LAST;;1;1;XEUR;72059728636684265;497;
08.05.2025;12:12:16.144;ENT5 SI 20291220 PS AM P 7.20 0;SIMPLE_INSTRUMENT;BLOCK;EUR;10;0.82000000;1500;PRC_DECOMP_MEMBER;;;;XEUR;12421442;497;MEMBER
08.05.2025;12:12:16.144;ENT5 SI 20291220 PS AM P 12.00 0;SIMPLE_INSTRUMENT;BLOCK;EUR;10;2.89000000;1000;PRC_DECOMP_MEMBER;;;;XEUR;12421386;497;MEMBER
08.05.2025;08:55:09.375;FBTP SI 20250606 PS;SIMPLE_INSTRUMENT;EFP_FIN;EUR;1;120.52000000;265;EXCHANGE_LAST;;1;1;XEUR;11820365;636;
08.05.2025;09:41:40.045;FBTP SI 20250606 PS;SIMPLE_INSTRUMENT;EFP_FIN;EUR;2;120.35000000;394;EXCHANGE_LAST;;1;1;XEUR;11820365;636;
08.05.2025;09:58:49.933;FBTP SI 20250606 PS;SIMPLE_INSTRUMENT;EFP_FIN;EUR;3;120.37000000;74;EXCHANGE_LAST;;1;1;XEUR;11820365;636;
08.05.2025;10:14:47.744;FBTP SI 20250606 PS;SIMPLE_INSTRUMENT;EFP_FIN;EUR;4;120.35000000;270;EXCHANGE_LAST;;1;1;XEUR;11820365;636;
08.05.2025;10:16:46.408;FBTP SI 20250606 PS;SIMPLE_INSTRUMENT;EFP_FIN;EUR;5;120.39000000;182;EXCHANGE_LAST;;1;1;XEUR;11820365;636;
08.05.2025;10:16:53.171;FBTP SI 20250606 PS;SIMPLE_INSTRUMENT;EFP_FIN;EUR;6;120.36000000;1406;EXCHANGE_LAST;;1;1;XEUR;11820365;636;
08.05.2025;10:25:16.230;FBTP SI 20250606 PS;SIMPLE_INSTRUMENT;EFP_FIN;EUR;7;120.39000000;729;EXCHANGE_LAST;;1;1;XEUR;11820365;636;
08.05.2025;10:30:58.119;FBTP SI 20250606 PS;SIMPLE_INSTRUMENT;EFP_FIN;EUR;8;120.38000000;365;EXCHANGE_LAST;;1;1;XEUR;11820365;636;
08.05.2025;10:36:39.139;FBTP SI 20250606 PS;SIMPLE_INSTRUMENT;EFP_FIN;EUR;9;120.40000000;873;EXCHANGE_LAST;;1;1;XEUR;11820365;636;
08.05.2025;10:47:12.054;FBTP SI 20250606 PS;SIMPLE_INSTRUMENT;BLOCK;EUR;10;120.40000000;1308;EXCHANGE_LAST;;1;1;XEUR;11820365;636;
08.05.2025;11:12:49.876;FBTP SI 20250606 PS;SIMPLE_INSTRUMENT;EFP_FIN;EUR;11;120.44000000;3096;EXCHANGE_LAST;;1;1;XEUR;11820365;636;
08.05.2025;11:21:07.982;FBTP SI 20250606 PS;SIMPLE_INSTRUMENT;BLOCK;EUR;12;120.40000000;271;EXCHANGE_LAST;;1;1;XEUR;11820365;636;
08.05.2025;11:45:13.158;FBTP SI 20250606 PS;SIMPLE_INSTRUMENT;EFP_FIN;EUR;13;120.36000000;1406;EXCHANGE_LAST;;1;1;XEUR;11820365;636;
08.05.2025;11:47:14.903;FBTP SI 20250606 PS;SIMPLE_INSTRUMENT;BLOCK;EUR;14;120.36000000;469;EXCHANGE_LAST;;1;1;XEUR;11820365;636;
08.05.2025;11:50:35.568;FBTP SI 20250606 PS;SIMPLE_INSTRUMENT;EFP_FIN;EUR;15;120.44000000;66;EXCHANGE_LAST;;1;1;XEUR;11820365;636;
08.05.2025;11:51:58.163;FBTP SI 20250606 PS;SIMPLE_INSTRUMENT;EFP_FIN;EUR;16;120.44000000;93;EXCHANGE_LAST;;1;1;XEUR;11820365;636;
08.05.2025;11:53:21.438;FBTP SI 20250606 PS;SIMPLE_INSTRUMENT;EFP_FIN;EUR;17;120.44000000;445;EXCHANGE_LAST;;1;1;XEUR;11820365;636;
08.05.2025;11:57:10.332;FBTP SI 20250606 PS;SIMPLE_INSTRUMENT;EFP_FIN;EUR;18;120.36000000;1331;EXCHANGE_LAST;;1;1;XEUR;11820365;636;
08.05.2025;12:18:08.792;FBTP SI 20250606 PS;SIMPLE_INSTRUMENT;EFP_FIN;EUR;19;120.44000000;65;EXCHANGE_LAST;;1;1;XEUR;11820365;636;
08.05.2025;12:33:38.965;FBTP SI 20250606 PS;SIMPLE_INSTRUMENT;EFP_FIN;EUR;20;120.45000000;228;EXCHANGE_LAST;;1;1;XEUR;11820365;636;
08.05.2025;13:01:18.884;FBTP SI 20250606 PS;SIMPLE_INSTRUMENT;EFP_FIN;EUR;21;120.48000000;1443;EXCHANGE_LAST;;1;1;XEUR;11820365;636;
08.05.2025;13:20:42.258;FBTP SI 20250606 PS;SIMPLE_INSTRUMENT;EFP_FIN;EUR;22;120.44000000;1327;EXCHANGE_LAST;;1;1;XEUR;11820365;636;
08.05.2025;13:41:41.208;FBTP SI 20250606 PS;SIMPLE_INSTRUMENT;EFP_FIN;EUR;23;120.40000000;2591;EXCHANGE_LAST;;1;1;XEUR;11820365;636;
08.05.2025;13:51:03.317;FBTP SI 20250606 PS;SIMPLE_INSTRUMENT;EFP_FIN;EUR;25;120.42000000;212;EXCHANGE_LAST;;1;1;XEUR;11820365;636;
08.05.2025;13:51:28.578;FBTP SI 20250606 PS;SIMPLE_INSTRUMENT;EFP_FIN;EUR;26;120.42000000;725;EXCHANGE_LAST;;1;1;XEUR;11820365;636;
08.05.2025;13:51:47.131;FBTP SI 20250606 PS;SIMPLE_INSTRUMENT;EFP_FIN;EUR;27;120.42000000;310;EXCHANGE_LAST;;1;1;XEUR;11820365;636;
08.05.2025;13:52:05.260;FBTP SI 20250606 PS;SIMPLE_INSTRUMENT;EFP_FIN;EUR;28;120.42000000;221;EXCHANGE_LAST;;1;1;XEUR;11820365;636;
08.05.2025;14:03:29.285;FBTP SI 20250606 PS;SIMPLE_INSTRUMENT;EFP_FIN;EUR;29;120.56000000;885;EXCHANGE_LAST;;1;1;XEUR;11820365;636;
08.05.2025;14:04:59.029;FBTP SI 20250606 PS;SIMPLE_INSTRUMENT;EFP_FIN;EUR;30;120.48000000;221;EXCHANGE_LAST;;1;1;XEUR;11820365;636;
08.05.2025;14:20:25.804;FBTP SI 20250606 PS;SIMPLE_INSTRUMENT;EFP_FIN;EUR;31;120.43000000;200;EXCHANGE_LAST;;1;1;XEUR;11820365;636;
08.05.2025;14:36:33.127;FBTP SI 20250606 PS;SIMPLE_INSTRUMENT;BLOCK;EUR;32;120.44000000;937;EXCHANGE_LAST;;1;1;XEUR;11820365;636;
08.05.2025;15:08:57.268;FBTP SI 20250606 PS;SIMPLE_INSTRUMENT;EFP_FIN;EUR;33;120.46000000;445;EXCHANGE_LAST;;1;1;XEUR;11820365;636;
08.05.2025;15:17:54.867;FBTP SI 20250606 PS;SIMPLE_INSTRUMENT;EFP_FIN;EUR;34;120.46000000;89;EXCHANGE_LAST;;1;1;XEUR;11820365;636;
08.05.2025;15:18:04.110;FBTP SI 20250606 PS;SIMPLE_INSTRUMENT;BLOCK;EUR;35;120.42000000;2000;EXCHANGE_LAST;;1;1;XEUR;11820365;636;
08.05.2025;15:19:14.392;FBTP SI 20250606 PS;SIMPLE_INSTRUMENT;EFP_FIN;EUR;36;120.46000000;97;EXCHANGE_LAST;;1;1;XEUR;11820365;636;
08.05.2025;15:20:13.332;FBTP SI 20250606 PS;SIMPLE_INSTRUMENT;EFP_FIN;EUR;37;120.46000000;97;EXCHANGE_LAST;;1;1;XEUR;11820365;636;
08.05.2025;15:20:57.482;FBTP SI 20250606 PS;SIMPLE_INSTRUMENT;EFP_FIN;EUR;38;120.46000000;89;EXCHANGE_LAST;;1;1;XEUR;11820365;636;
08.05.2025;15:24:50.994;FBTP SI 20250606 PS;SIMPLE_INSTRUMENT;EFP_FIN;EUR;39;120.38000000;884;EXCHANGE_LAST;;1;1;XEUR;11820365;636;
08.05.2025;15:41:30.575;FBTP SI 20250606 PS;SIMPLE_INSTRUMENT;EFP_FIN;EUR;40;120.37000000;442;EXCHANGE_LAST;;1;1;XEUR;11820365;636;
08.05.2025;15:51:50.949;FBTP SI 20250606 PS;SIMPLE_INSTRUMENT;EFP_FIN;EUR;41;120.46000000;89;EXCHANGE_LAST;;1;1;XEUR;11820365;636;
08.05.2025;08:02:47.785;FBTP SI 20250606 PS;SIMPLE_INSTRUMENT;VOLA;EUR;268435473;120.60000000;5;EXCHANGE_LAST;;1;1;XEUR;11820365;636;
08.05.2025;08:03:10.286;FBTP SI 20250606 PS;SIMPLE_INSTRUMENT;VOLA;EUR;268435474;120.60000000;12;EXCHANGE_LAST;;1;1;XEUR;11820365;636;
08.05.2025;14:18:02.668;FBTP SI 20250606 PS;SIMPLE_INSTRUMENT;VOLA;EUR;268435513;120.46000000;20;EXCHANGE_LAST;;1;1;XEUR;11820365;636;
08.05.2025;07:59:28.724;FBTS SI 20250606 PS;SIMPLE_INSTRUMENT;EFP_FIN;EUR;2;108.22000000;238;EXCHANGE_LAST;;1;1;XEUR;11820367;639;
08.05.2025;08:40:57.852;FBTS SI 20250606 PS;SIMPLE_INSTRUMENT;BLOCK;EUR;4;108.19000000;476;EXCHANGE_LAST;;1;1;XEUR;11820367;639;
08.05.2025;08:42:19.016;FBTS SI 20250606 PS;SIMPLE_INSTRUMENT;EFP_FIN;EUR;5;108.19000000;476;EXCHANGE_LAST;;1;1;XEUR;11820367;639;
08.05.2025;08:47:21.903;FBTS SI 20250606 PS;SIMPLE_INSTRUMENT;BLOCK;EUR;6;108.19000000;476;EXCHANGE_LAST;;1;1;XEUR;11820367;639;
08.05.2025;09:09:13.071;FBTS SI 20250606 PS;SIMPLE_INSTRUMENT;EFP_FIN;EUR;7;108.18000000;162;EXCHANGE_LAST;;1;1;XEUR;11820367;639;
08.05.2025;09:16:55.234;FBTS SI 20250606 PS;SIMPLE_INSTRUMENT;EFP_FIN;EUR;9;108.17000000;476;EXCHANGE_LAST;;1;1;XEUR;11820367;639;
08.05.2025;09:56:09.733;FBTS SI 20250606 PS;SIMPLE_INSTRUMENT;EFP_FIN;EUR;10;108.16000000;256;EXCHANGE_LAST;;1;1;XEUR;11820367;639;
08.05.2025;09:59:49.635;FBTS SI 20250606 PS;SIMPLE_INSTRUMENT;EFP_FIN;EUR;11;108.18000000;327;EXCHANGE_LAST;;1;1;XEUR;11820367;639;
08.05.2025;10:14:23.115;FBTS SI 20250606 PS;SIMPLE_INSTRUMENT;BLOCK;EUR;12;108.16000000;3296;EXCHANGE_LAST;;1;1;XEUR;11820367;639;
08.05.2025;10:25:20.441;FBTS SI 20250606 PS;SIMPLE_INSTRUMENT;EFP_FIN;EUR;13;108.17000000;1616;EXCHANGE_LAST;;1;1;XEUR;11820367;639;
08.05.2025;10:33:01.144;FBTS SI 20250606 PS;SIMPLE_INSTRUMENT;BLOCK;EUR;14;108.17000000;1616;EXCHANGE_LAST;;1;1;XEUR;11820367;639;
08.05.2025;10:35:00.498;FBTS SI 20250606 PS;SIMPLE_INSTRUMENT;EFP_FIN;EUR;15;108.16000000;381;EXCHANGE_LAST;;1;1;XEUR;11820367;639;
08.05.2025;11:57:18.711;FBTS SI 20250606 PS;SIMPLE_INSTRUMENT;EFP_FIN;EUR;16;108.15000000;105;EXCHANGE_LAST;;1;1;XEUR;11820367;639;
08.05.2025;12:27:30.807;FBTS SI 20250606 PS;SIMPLE_INSTRUMENT;EFP_FIN;EUR;17;108.14000000;476;EXCHANGE_LAST;;1;1;XEUR;11820367;639;
08.05.2025;12:49:32.210;FBTS SI 20250606 PS;SIMPLE_INSTRUMENT;EFP_FIN;EUR;19;108.16000000;1051;EXCHANGE_LAST;;1;1;XEUR;11820367;639;
08.05.2025;13:32:16.215;FBTS SI 20250606 PS;SIMPLE_INSTRUMENT;EFP_FIN;EUR;20;108.16000000;1883;EXCHANGE_LAST;;1;1;XEUR;11820367;639;
08.05.2025;13:33:36.740;FBTS SI 20250606 PS;SIMPLE_INSTRUMENT;EFP_FIN;EUR;21;108.16000000;580;EXCHANGE_LAST;;1;1;XEUR;11820367;639;
08.05.2025;13:34:26.070;FBTS SI 20250606 PS;SIMPLE_INSTRUMENT;EFP_FIN;EUR;22;108.16000000;1651;EXCHANGE_LAST;;1;1;XEUR;11820367;639;
08.05.2025;14:11:58.624;FBTS SI 20250606 PS;SIMPLE_INSTRUMENT;BLOCK;EUR;28;108.16000000;580;EXCHANGE_LAST;;1;1;XEUR;11820367;639;
08.05.2025;14:21:48.620;FBTS SI 20250606 PS;SIMPLE_INSTRUMENT;EFP_FIN;EUR;30;108.16000000;580;EXCHANGE_LAST;;1;1;XEUR;11820367;639;
08.05.2025;15:03:55.849;FBTS SI 20250606 PS;SIMPLE_INSTRUMENT;BLOCK;EUR;33;108.13000000;535;EXCHANGE_LAST;;1;1;XEUR;11820367;639;
08.05.2025;15:32:18.513;FBTS SI 20250606 PS;SIMPLE_INSTRUMENT;BLOCK;EUR;35;108.12000000;238;EXCHANGE_LAST;;1;1;XEUR;11820367;639;
08.05.2025;15:38:49.566;FBTS SI 20250606 PS;SIMPLE_INSTRUMENT;EFP_FIN;EUR;36;108.12000000;333;EXCHANGE_LAST;;1;1;XEUR;11820367;639;
08.05.2025;16:04:44.243;FBTS SI 20250606 PS;SIMPLE_INSTRUMENT;EFP_FIN;EUR;37;108.11000000;1904;EXCHANGE_LAST;;1;1;XEUR;11820367;639;
08.05.2025;14:17:10.993;FCMU SI 20250616 CS;SIMPLE_INSTRUMENT;BLOCK;USD;1;0.05101000;60;EXCHANGE_LAST;;1;1;XEUR;11855448;570874;
08.05.2025;14:03:05.469;FDAX SI 20250620 CS;SIMPLE_INSTRUMENT;EFP_IDX;EUR;1;23431.00000000;100;EXCHANGE_LAST;;1;1;XEUR;7903800;589;
08.05.2025;14:14:20.468;FDAX SI 20250620 CS;SIMPLE_INSTRUMENT;EFP_IDX;EUR;2;23431.00000000;150;EXCHANGE_LAST;;1;1;XEUR;7903800;589;
08.05.2025;14:17:22.132;FDAX SI 20250620 CS;SIMPLE_INSTRUMENT;EFP_IDX;EUR;3;23405.00000000;100;EXCHANGE_LAST;;1;1;XEUR;7903800;589;
08.05.2025;15:41:31.094;FDAX SI 20250620 CS;SIMPLE_INSTRUMENT;EFP_IDX;EUR;4;23457.00000000;10;EXCHANGE_LAST;;1;1;XEUR;7903800;589;
08.05.2025;15:41:20.653;FDAX SI 20250620 CS;SIMPLE_INSTRUMENT;EFP_IDX;EUR;5;23458.00000000;23;EXCHANGE_LAST;;1;1;XEUR;7903800;589;
08.05.2025;16:02:19.100;FDAX SI 20250620 CS;SIMPLE_INSTRUMENT;EFP_IDX;EUR;6;23459.00000000;16;EXCHANGE_LAST;;1;1;XEUR;7903800;589;
08.05.2025;16:02:34.987;FDAX SI 20250620 CS;SIMPLE_INSTRUMENT;EFP_IDX;EUR;7;23460.00000000;36;EXCHANGE_LAST;;1;1;XEUR;7903800;589;
08.05.2025;15:06:42.205;FDAX SI 20250620 CS;SIMPLE_INSTRUMENT;VOLA;EUR;671088665;23422.00000000;35;EXCHANGE_LAST;;1;1;XEUR;7903800;589;
08.05.2025;15:46:22.341;FDIV SI 20250620 CS;SIMPLE_INSTRUMENT;EFP_IDX;EUR;6;198.85000000;48;EXCHANGE_LAST;;1;1;XEUR;11880638;595;
08.05.2025;15:46:43.357;FDIV SI 20250620 CS;SIMPLE_INSTRUMENT;EFP_IDX;EUR;8;198.80000000;70;EXCHANGE_LAST;;1;1;XEUR;11880638;595;
08.05.2025;08:59:29.637;FEBD SI 20261218 CS;SIMPLE_INSTRUMENT;BLOCK;EUR;10;10.28000000;860;EXCHANGE_LAST;;1;1;XEUR;7158212;597;
08.05.2025;08:59:32.319;FEBD SI 20261218 CS;SIMPLE_INSTRUMENT;BLOCK;EUR;11;10.29000000;896;EXCHANGE_LAST;;1;1;XEUR;7158212;597;
08.05.2025;09:30:29.002;FEBD SI 20271217 CS;SIMPLE_INSTRUMENT;BLOCK;EUR;12;9.59000000;1000;EXCHANGE_LAST;;1;1;XEUR;7776307;597;
08.05.2025;09:19:56.727;FEBD SI 20281215 CS;SIMPLE_INSTRUMENT;BLOCK;EUR;13;8.87000000;1000;EXCHANGE_LAST;;1;1;XEUR;7776305;597;
08.05.2025;09:27:10.686;FEBD.S.DEC26.DEC27.SPD;FUTURES_SPREAD;BLOCK;EUR;14;0.68000000;3000;EXCHANGE_LAST;;3;1;XEUR;72060158133407035;597;
08.05.2025;09:27:10.686;FEBD SI 20271217 CS;SIMPLE_INSTRUMENT;BLOCK;EUR;14;9.60000000;3000;PRC_DECOMP_MEMBER;;;;XEUR;7776307;597;MEMBER
08.05.2025;09:27:10.686;FEBD SI 20261218 CS;SIMPLE_INSTRUMENT;BLOCK;EUR;14;10.28000000;3000;PRC_DECOMP_MEMBER;;;;XEUR;7158212;597;MEMBER
08.05.2025;10:06:14.193;FEBD SI 20261218 CS;SIMPLE_INSTRUMENT;BLOCK;EUR;16;10.28000000;250;EXCHANGE_LAST;;1;1;XEUR;7158212;597;
08.05.2025;11:17:25.492;FEBD SI 20261218 CS;SIMPLE_INSTRUMENT;BLOCK;EUR;26;10.30000000;750;EXCHANGE_LAST;;2;1;XEUR;7158212;597;
08.05.2025;15:55:55.517;FEDV SI 20250620 CS;SIMPLE_INSTRUMENT;EFP_IDX;EUR;85;1915.50000000;54;EXCHANGE_LAST;;1;1;XEUR;11880642;596;
08.05.2025;15:55:59.042;FEDV SI 20250620 CS;SIMPLE_INSTRUMENT;EFP_IDX;EUR;86;1915.00000000;115;EXCHANGE_LAST;;1;1;XEUR;11880642;596;
08.05.2025;14:49:37.189;FES1 SI 20250620 PS;SIMPLE_INSTRUMENT;BLOCK;EUR;53;-27.50000000;121;EXCHANGE_LAST;;1;1;XEUR;11910814;58959;
08.05.2025;08:35:00.846;FESU SI 20250620 CS;SIMPLE_INSTRUMENT;VOLA;EUR;603979781;438.50000000;1290;EXCHANGE_LAST;;1;1;XEUR;11880931;673;
08.05.2025;08:19:51.768;FESX SI 20250620 CS;SIMPLE_INSTRUMENT;BLOCK;EUR;1;5241.00000000;2000;EXCHANGE_LAST;;1;1;XEUR;7904020;675;
08.05.2025;08:19:52.194;FESX SI 20250620 CS;SIMPLE_INSTRUMENT;EFP_IDX;EUR;2;5199.00000000;71;EXCHANGE_LAST;;1;1;XEUR;7904020;675;
08.05.2025;08:20:09.596;FESX SI 20250620 CS;SIMPLE_INSTRUMENT;EFP_IDX;EUR;3;5200.00000000;1119;EXCHANGE_LAST;;1;1;XEUR;7904020;675;
08.05.2025;11:51:06.690;FESX SI 20250620 CS;SIMPLE_INSTRUMENT;BLOCK;EUR;4;5273.00000000;2070;EXCHANGE_LAST;;1;1;XEUR;7904020;675;
08.05.2025;12:47:43.687;FESX SI 20250620 CS;SIMPLE_INSTRUMENT;BLOCK;EUR;5;5252.00000000;2000;EXCHANGE_LAST;;1;1;XEUR;7904020;675;
08.05.2025;12:47:50.615;FESX SI 20250620 CS;SIMPLE_INSTRUMENT;BLOCK;EUR;6;5253.00000000;2000;EXCHANGE_LAST;;1;1;XEUR;7904020;675;
08.05.2025;15:08:45.573;FESX SI 20250620 CS;SIMPLE_INSTRUMENT;EFP_IDX;EUR;7;5247.00000000;1250;EXCHANGE_LAST;;1;1;XEUR;7904020;675;
08.05.2025;15:08:54.985;FESX SI 20250620 CS;SIMPLE_INSTRUMENT;EFP_IDX;EUR;8;5248.00000000;1250;EXCHANGE_LAST;;1;1;XEUR;7904020;675;
08.05.2025;15:40:12.007;FESX SI 20250620 CS;SIMPLE_INSTRUMENT;EFP_IDX;EUR;9;5261.00000000;1800;EXCHANGE_LAST;;1;1;XEUR;7904020;675;
08.05.2025;15:41:18.585;FESX SI 20250620 CS;SIMPLE_INSTRUMENT;EFP_IDX;EUR;10;5261.00000000;280;EXCHANGE_LAST;;1;1;XEUR;7904020;675;
08.05.2025;15:41:32.928;FESX SI 20250620 CS;SIMPLE_INSTRUMENT;EFP_IDX;EUR;11;5262.00000000;220;EXCHANGE_LAST;;1;1;XEUR;7904020;675;
08.05.2025;15:42:26.667;FESX SI 20250620 CS;SIMPLE_INSTRUMENT;EFP_IDX;EUR;12;5261.00000000;140;EXCHANGE_LAST;;1;1;XEUR;7904020;675;
08.05.2025;15:42:38.167;FESX SI 20250620 CS;SIMPLE_INSTRUMENT;EFP_IDX;EUR;13;5262.00000000;110;EXCHANGE_LAST;;1;1;XEUR;7904020;675;
08.05.2025;15:53:54.818;FESX SI 20250620 CS;SIMPLE_INSTRUMENT;EFP_IDX;EUR;14;5261.00000000;504;EXCHANGE_LAST;;1;1;XEUR;7904020;675;
08.05.2025;15:44:41.965;FESX SI 20250620 CS;SIMPLE_INSTRUMENT;EFP_IDX;EUR;15;5262.00000000;720;EXCHANGE_LAST;;1;1;XEUR;7904020;675;
08.05.2025;15:44:43.585;FESX SI 20250620 CS;SIMPLE_INSTRUMENT;EFP_IDX;EUR;16;5260.00000000;280;EXCHANGE_LAST;;1;1;XEUR;7904020;675;
08.05.2025;15:53:20.580;FESX SI 20250620 CS;SIMPLE_INSTRUMENT;EFP_IDX;EUR;17;5262.00000000;396;EXCHANGE_LAST;;1;1;XEUR;7904020;675;
08.05.2025;15:48:44.758;FESX SI 20250620 CS;SIMPLE_INSTRUMENT;EFP_IDX;EUR;18;5261.00000000;560;EXCHANGE_LAST;;1;1;XEUR;7904020;675;
08.05.2025;15:48:51.303;FESX SI 20250620 CS;SIMPLE_INSTRUMENT;EFP_IDX;EUR;19;5262.00000000;440;EXCHANGE_LAST;;1;1;XEUR;7904020;675;
08.05.2025;15:56:22.456;FESX SI 20250620 CS;SIMPLE_INSTRUMENT;EFP_IDX;EUR;20;5261.00000000;280;EXCHANGE_LAST;;1;1;XEUR;7904020;675;
08.05.2025;15:49:39.903;FESX SI 20250620 CS;SIMPLE_INSTRUMENT;EFP_IDX;EUR;21;5261.00000000;1120;EXCHANGE_LAST;;1;1;XEUR;7904020;675;
08.05.2025;15:56:16.977;FESX SI 20250620 CS;SIMPLE_INSTRUMENT;EFP_IDX;EUR;22;5262.00000000;220;EXCHANGE_LAST;;1;1;XEUR;7904020;675;
08.05.2025;15:49:47.517;FESX SI 20250620 CS;SIMPLE_INSTRUMENT;EFP_IDX;EUR;23;5262.00000000;880;EXCHANGE_LAST;;1;1;XEUR;7904020;675;
08.05.2025;15:56:11.030;FESX SI 20250620 CS;SIMPLE_INSTRUMENT;EFP_IDX;EUR;24;5261.00000000;280;EXCHANGE_LAST;;1;1;XEUR;7904020;675;
08.05.2025;15:56:02.424;FESX SI 20250620 CS;SIMPLE_INSTRUMENT;EFP_IDX;EUR;25;5262.00000000;220;EXCHANGE_LAST;;1;1;XEUR;7904020;675;
08.05.2025;15:49:17.997;FESX SI 20250620 CS;SIMPLE_INSTRUMENT;BLOCK;EUR;26;5261.00000000;2240;EXCHANGE_LAST;;1;1;XEUR;7904020;675;
08.05.2025;15:49:24.298;FESX SI 20250620 CS;SIMPLE_INSTRUMENT;EFP_IDX;EUR;27;5262.00000000;1760;EXCHANGE_LAST;;1;1;XEUR;7904020;675;
08.05.2025;15:47:55.125;FESX SI 20250620 CS;SIMPLE_INSTRUMENT;EFP_IDX;EUR;28;5261.00000000;68;EXCHANGE_LAST;;1;1;XEUR;7904020;675;
08.05.2025;15:48:02.124;FESX SI 20250620 CS;SIMPLE_INSTRUMENT;EFP_IDX;EUR;29;5262.00000000;53;EXCHANGE_LAST;;1;1;XEUR;7904020;675;
08.05.2025;15:49:30.935;FESX SI 20250620 CS;SIMPLE_INSTRUMENT;BLOCK;EUR;30;5261.00000000;2240;EXCHANGE_LAST;;1;1;XEUR;7904020;675;
08.05.2025;15:49:37.964;FESX SI 20250620 CS;SIMPLE_INSTRUMENT;EFP_IDX;EUR;31;5262.00000000;1760;EXCHANGE_LAST;;1;1;XEUR;7904020;675;
08.05.2025;15:51:11.399;FESX SI 20250620 CS;SIMPLE_INSTRUMENT;EFP_IDX;EUR;32;5261.00000000;369;EXCHANGE_LAST;;1;1;XEUR;7904020;675;
08.05.2025;15:53:37.820;FESX SI 20250620 CS;SIMPLE_INSTRUMENT;EFP_IDX;EUR;33;5262.00000000;880;EXCHANGE_LAST;;1;1;XEUR;7904020;675;
08.05.2025;15:51:14.607;FESX SI 20250620 CS;SIMPLE_INSTRUMENT;EFP_IDX;EUR;34;5262.00000000;290;EXCHANGE_LAST;;1;1;XEUR;7904020;675;
08.05.2025;15:53:45.020;FESX SI 20250620 CS;SIMPLE_INSTRUMENT;BLOCK;EUR;35;5262.00000000;3080;EXCHANGE_LAST;;1;1;XEUR;7904020;675;
08.05.2025;15:53:52.015;FESX SI 20250620 CS;SIMPLE_INSTRUMENT;EFP_IDX;EUR;36;5261.00000000;1120;EXCHANGE_LAST;;1;1;XEUR;7904020;675;
08.05.2025;15:53:59.246;FESX SI 20250620 CS;SIMPLE_INSTRUMENT;BLOCK;EUR;37;5261.00000000;3920;EXCHANGE_LAST;;1;1;XEUR;7904020;675;
08.05.2025;08:43:05.395;FESX SI 20250620 CS;SIMPLE_INSTRUMENT;VOLA;EUR;637534238;5245.00000000;10;EXCHANGE_LAST;;1;1;XEUR;7904020;675;
08.05.2025;08:48:35.467;FESX SI 20250620 CS;SIMPLE_INSTRUMENT;VOLA;EUR;637534251;5256.00000000;148;EXCHANGE_LAST;;1;1;XEUR;7904020;675;
08.05.2025;09:10:50.192;FESX SI 20250620 CS;SIMPLE_INSTRUMENT;VOLA;EUR;637534259;5255.00000000;1847;EXCHANGE_LAST;;1;1;XEUR;7904020;675;
08.05.2025;09:12:34.781;FESX SI 20250620 CS;SIMPLE_INSTRUMENT;VOLA;EUR;637534262;5257.00000000;180;EXCHANGE_LAST;;1;1;XEUR;7904020;675;
08.05.2025;09:54:23.746;FESX SI 20250620 CS;SIMPLE_INSTRUMENT;VOLA;EUR;637534276;5245.00000000;15;EXCHANGE_LAST;;1;1;XEUR;7904020;675;
08.05.2025;13:09:59.346;FESX SI 20250620 CS;SIMPLE_INSTRUMENT;VOLA;EUR;637534333;5305.00000000;60;EXCHANGE_LAST;;1;1;XEUR;7904020;675;
08.05.2025;13:41:00.198;FESX SI 20250620 CS;SIMPLE_INSTRUMENT;VOLA;EUR;637534344;5260.00000000;720;EXCHANGE_LAST;;1;1;XEUR;7904020;675;
08.05.2025;14:08:26.945;FESX SI 20250620 CS;SIMPLE_INSTRUMENT;VOLA;EUR;637534355;5250.00000000;170;EXCHANGE_LAST;;1;1;XEUR;7904020;675;
08.05.2025;14:17:22.916;FESX SI 20250620 CS;SIMPLE_INSTRUMENT;VOLA;EUR;637534360;5255.00000000;500;EXCHANGE_LAST;;1;1;XEUR;7904020;675;
08.05.2025;15:07:26.403;FESX SI 20250620 CS;SIMPLE_INSTRUMENT;VOLA;EUR;637534384;5250.00000000;250;EXCHANGE_LAST;;1;1;XEUR;7904020;675;
08.05.2025;15:07:29.380;FESX SI 20250620 CS;SIMPLE_INSTRUMENT;VOLA;EUR;637534385;5250.00000000;250;EXCHANGE_LAST;;1;1;XEUR;7904020;675;
08.05.2025;15:23:46.057;FESX SI 20250620 CS;SIMPLE_INSTRUMENT;VOLA;EUR;637534396;5250.00000000;264;EXCHANGE_LAST;;1;1;XEUR;7904020;675;
08.05.2025;15:26:46.101;FESX SI 20250620 CS;SIMPLE_INSTRUMENT;VOLA;EUR;637534397;5250.00000000;2608;EXCHANGE_LAST;;1;1;XEUR;7904020;675;
08.05.2025;15:55:41.750;FESX SI 20250620 CS;SIMPLE_INSTRUMENT;VOLA;EUR;637534406;5270.00000000;20;EXCHANGE_LAST;;1;1;XEUR;7904020;675;
08.05.2025;08:00:18.876;FEXD SI 20261218 CS;SIMPLE_INSTRUMENT;BLOCK;EUR;1;153.10000000;1000;EXCHANGE_LAST;;1;1;XEUR;2163053;693;
08.05.2025;08:30:35.818;FEXD SI 20261218 CS;SIMPLE_INSTRUMENT;BLOCK;EUR;5;153.20000000;1000;EXCHANGE_LAST;;2;2;XEUR;2163053;693;
08.05.2025;10:05:51.686;FEXD SI 20250620 CS;SIMPLE_INSTRUMENT;BLOCK;EUR;15;129.80000000;3497;EXCHANGE_LAST;;1;1;XEUR;9548493;693;
08.05.2025;10:06:16.623;FEXD SI 20261218 CS;SIMPLE_INSTRUMENT;BLOCK;EUR;17;153.50000000;250;EXCHANGE_LAST;;1;1;XEUR;2163053;693;
08.05.2025;10:23:17.948;FEXD SI 20250620 CS;SIMPLE_INSTRUMENT;BLOCK;EUR;18;129.80000000;1750;EXCHANGE_LAST;;1;1;XEUR;9548493;693;
08.05.2025;11:33:48.579;FEXD.S.DEC26.DEC28.SPD;FUTURES_SPREAD;BLOCK;EUR;29;8.80000000;500;EXCHANGE_LAST;;1;1;XEUR;72060570450264161;693;
08.05.2025;11:33:48.579;FEXD SI 20261218 CS;SIMPLE_INSTRUMENT;BLOCK;EUR;29;153.60000000;500;PRC_DECOMP_EXCHANGE;;;;XEUR;2163053;693;EXCHANGE
08.05.2025;11:33:48.579;FEXD SI 20281215 CS;SIMPLE_INSTRUMENT;BLOCK;EUR;29;144.80000000;500;PRC_DECOMP_EXCHANGE;;;;XEUR;3680985;693;EXCHANGE
08.05.2025;11:37:10.782;FEXD SI 20261218 CS;SIMPLE_INSTRUMENT;BLOCK;EUR;30;153.20000000;188;EXCHANGE_LAST;;1;1;XEUR;2163053;693;
08.05.2025;11:52:44.693;FEXD SI 20261218 CS;SIMPLE_INSTRUMENT;BLOCK;EUR;32;153.20000000;998;EXCHANGE_LAST;;1;1;XEUR;2163053;693;
08.05.2025;14:35:18.773;FEXD.S.DEC29.DEC30.SPD;FUTURES_SPREAD;BLOCK;EUR;51;2.60000000;200;EXCHANGE_LAST;;1;1;XEUR;72060570450264203;693;
08.05.2025;14:35:18.773;FEXD SI 20291221 CS;SIMPLE_INSTRUMENT;BLOCK;EUR;51;141.00000000;200;PRC_DECOMP_MEMBER;;;;XEUR;4631968;693;MEMBER
08.05.2025;14:35:18.773;FEXD SI 20301220 CS;SIMPLE_INSTRUMENT;BLOCK;EUR;51;138.40000000;200;PRC_DECOMP_MEMBER;;;;XEUR;5914108;693;MEMBER
08.05.2025;14:43:08.276;FEXD SI 20271217 CS;SIMPLE_INSTRUMENT;BLOCK;EUR;52;148.20000000;500;EXCHANGE_LAST;;1;1;XEUR;2848338;693;
08.05.2025;15:17:11.164;FEXD SI 20251219 CS;SIMPLE_INSTRUMENT;BLOCK;EUR;57;164.80000000;500;EXCHANGE_LAST;;1;1;XEUR;1548120;693;
08.05.2025;15:16:37.660;FFOX SI 20250619 CS;SIMPLE_INSTRUMENT;BLOCK;EUR;4;4579.40000000;200;EXCHANGE_LAST;;1;1;XEUR;11881292;695;
08.05.2025;06:46:22.938;FGBL SI 20250606 PS;SIMPLE_INSTRUMENT;EFS;EUR;1;131.47000000;302;EXCHANGE_LAST;;1;1;XEUR;11820389;688;
08.05.2025;07:05:53.087;FGBL SI 20250606 PS;SIMPLE_INSTRUMENT;EFS;EUR;2;131.47000000;216;EXCHANGE_LAST;;1;1;XEUR;11820389;688;
08.05.2025;07:07:18.176;FGBL SI 20250606 PS;SIMPLE_INSTRUMENT;EFS;EUR;3;131.48000000;432;EXCHANGE_LAST;;1;1;XEUR;11820389;688;
08.05.2025;07:07:23.181;FGBL SI 20250606 PS;SIMPLE_INSTRUMENT;EFS;EUR;4;131.47000000;432;EXCHANGE_LAST;;1;1;XEUR;11820389;688;
08.05.2025;07:22:55.905;FGBL SI 20250606 PS;SIMPLE_INSTRUMENT;EFS;EUR;5;131.50000000;487;EXCHANGE_LAST;;1;1;XEUR;11820389;688;
08.05.2025;07:37:53.122;FGBL SI 20250606 PS;SIMPLE_INSTRUMENT;EFP_FIN;EUR;6;131.55000000;1449;EXCHANGE_LAST;;1;1;XEUR;11820389;688;
08.05.2025;07:39:50.513;FGBL SI 20250606 PS;SIMPLE_INSTRUMENT;EFS;EUR;7;131.56000000;200;EXCHANGE_LAST;;1;1;XEUR;11820389;688;
08.05.2025;07:44:14.774;FGBL SI 20250606 PS;SIMPLE_INSTRUMENT;EFP_FIN;EUR;8;131.51000000;1449;EXCHANGE_LAST;;1;1;XEUR;11820389;688;
08.05.2025;07:49:54.604;FGBL SI 20250606 PS;SIMPLE_INSTRUMENT;EFS;EUR;9;131.50000000;432;EXCHANGE_LAST;;1;1;XEUR;11820389;688;
08.05.2025;08:21:17.333;FGBL SI 20250606 PS;SIMPLE_INSTRUMENT;EFS;EUR;10;131.38000000;216;EXCHANGE_LAST;;1;1;XEUR;11820389;688;
08.05.2025;08:22:32.675;FGBL SI 20250606 PS;SIMPLE_INSTRUMENT;EFS;EUR;11;131.39000000;432;EXCHANGE_LAST;;1;1;XEUR;11820389;688;
08.05.2025;08:24:22.900;FGBL SI 20250606 PS;SIMPLE_INSTRUMENT;EFS;EUR;12;131.37000000;50;EXCHANGE_LAST;;1;1;XEUR;11820389;688;
08.05.2025;08:26:54.623;FGBL SI 20250606 PS;SIMPLE_INSTRUMENT;EFS;EUR;13;131.40000000;216;EXCHANGE_LAST;;1;1;XEUR;11820389;688;
08.05.2025;08:29:09.882;FGBL SI 20250606 PS;SIMPLE_INSTRUMENT;EFS;EUR;14;131.38000000;216;EXCHANGE_LAST;;1;1;XEUR;11820389;688;
08.05.2025;08:39:57.465;FGBL SI 20250606 PS;SIMPLE_INSTRUMENT;EFS;EUR;15;131.37000000;432;EXCHANGE_LAST;;1;1;XEUR;11820389;688;
08.05.2025;08:50:57.908;FGBL SI 20250606 PS;SIMPLE_INSTRUMENT;EFS;EUR;16;131.39000000;216;EXCHANGE_LAST;;1;1;XEUR;11820389;688;
08.05.2025;08:51:06.186;FGBL SI 20250606 PS;SIMPLE_INSTRUMENT;EFP_FIN;EUR;17;131.38000000;157;EXCHANGE_LAST;;1;1;XEUR;11820389;688;
08.05.2025;08:51:14.472;FGBL SI 20250606 PS;SIMPLE_INSTRUMENT;EFS;EUR;18;131.40000000;216;EXCHANGE_LAST;;1;1;XEUR;11820389;688;
08.05.2025;08:54:33.763;FGBL SI 20250606 PS;SIMPLE_INSTRUMENT;EFP_FIN;EUR;19;131.38000000;220;EXCHANGE_LAST;;1;1;XEUR;11820389;688;
08.05.2025;08:58:43.317;FGBL SI 20250606 PS;SIMPLE_INSTRUMENT;EFS;EUR;20;131.37000000;216;EXCHANGE_LAST;;1;1;XEUR;11820389;688;
08.05.2025;08:59:38.359;FGBL SI 20250606 PS;SIMPLE_INSTRUMENT;EFS;EUR;21;131.36000000;216;EXCHANGE_LAST;;1;1;XEUR;11820389;688;
08.05.2025;09:03:17.413;FGBL SI 20250606 PS;SIMPLE_INSTRUMENT;EFS;EUR;22;131.38000000;432;EXCHANGE_LAST;;1;1;XEUR;11820389;688;
08.05.2025;09:03:27.008;FGBL SI 20250606 PS;SIMPLE_INSTRUMENT;EFS;EUR;23;131.39000000;432;EXCHANGE_LAST;;1;1;XEUR;11820389;688;
08.05.2025;09:06:30.560;FGBL SI 20250606 PS;SIMPLE_INSTRUMENT;EFS;EUR;24;131.34000000;975;EXCHANGE_LAST;;1;1;XEUR;11820389;688;
08.05.2025;09:11:04.953;FGBL SI 20250606 PS;SIMPLE_INSTRUMENT;EFP_FIN;EUR;25;131.36000000;1405;EXCHANGE_LAST;;1;1;XEUR;11820389;688;
08.05.2025;09:12:47.145;FGBL SI 20250606 PS;SIMPLE_INSTRUMENT;EFP_FIN;EUR;26;131.33000000;640;EXCHANGE_LAST;;1;1;XEUR;11820389;688;
08.05.2025;09:16:50.427;FGBL SI 20250606 PS;SIMPLE_INSTRUMENT;EFS;EUR;27;131.38000000;300;EXCHANGE_LAST;;1;1;XEUR;11820389;688;
08.05.2025;09:18:02.669;FGBL SI 20250606 PS;SIMPLE_INSTRUMENT;EFS;EUR;28;131.31000000;216;EXCHANGE_LAST;;1;1;XEUR;11820389;688;
08.05.2025;09:19:36.234;FGBL SI 20250606 PS;SIMPLE_INSTRUMENT;EFS;EUR;29;131.30000000;216;EXCHANGE_LAST;;1;1;XEUR;11820389;688;
08.05.2025;09:20:16.192;FGBL SI 20250606 PS;SIMPLE_INSTRUMENT;EFS;EUR;30;131.33000000;306;EXCHANGE_LAST;;1;1;XEUR;11820389;688;
08.05.2025;09:22:56.613;FGBL SI 20250606 PS;SIMPLE_INSTRUMENT;EFP_FIN;EUR;31;131.28000000;234;EXCHANGE_LAST;;1;1;XEUR;11820389;688;
08.05.2025;09:33:44.646;FGBL SI 20250606 PS;SIMPLE_INSTRUMENT;EFS;EUR;32;131.25000000;432;EXCHANGE_LAST;;1;1;XEUR;11820389;688;
08.05.2025;09:36:25.154;FGBL SI 20250606 PS;SIMPLE_INSTRUMENT;EFS;EUR;33;131.36000000;490;EXCHANGE_LAST;;1;1;XEUR;11820389;688;
08.05.2025;09:49:04.443;FGBL SI 20250606 PS;SIMPLE_INSTRUMENT;EFP_FIN;EUR;34;131.25000000;78;EXCHANGE_LAST;;1;1;XEUR;11820389;688;
08.05.2025;09:49:51.221;FGBL SI 20250606 PS;SIMPLE_INSTRUMENT;EFP_FIN;EUR;35;131.22000000;247;EXCHANGE_LAST;;1;1;XEUR;11820389;688;
08.05.2025;09:55:39.533;FGBL SI 20250606 PS;SIMPLE_INSTRUMENT;EFS;EUR;36;131.30000000;432;EXCHANGE_LAST;;1;1;XEUR;11820389;688;
08.05.2025;09:59:58.521;FGBL SI 20250606 PS;SIMPLE_INSTRUMENT;EFP_FIN;EUR;37;131.23000000;544;EXCHANGE_LAST;;1;1;XEUR;11820389;688;
08.05.2025;10:03:06.321;FGBL SI 20250606 PS;SIMPLE_INSTRUMENT;EFP_FIN;EUR;38;131.21000000;546;EXCHANGE_LAST;;1;1;XEUR;11820389;688;
08.05.2025;10:03:47.147;FGBL SI 20250606 PS;SIMPLE_INSTRUMENT;EFP_FIN;EUR;39;131.21000000;390;EXCHANGE_LAST;;1;1;XEUR;11820389;688;
08.05.2025;10:16:29.171;FGBL SI 20250606 PS;SIMPLE_INSTRUMENT;EFP_FIN;EUR;40;131.23000000;581;EXCHANGE_LAST;;1;1;XEUR;11820389;688;
08.05.2025;10:25:37.266;FGBL SI 20250606 PS;SIMPLE_INSTRUMENT;EFS;EUR;41;131.29000000;216;EXCHANGE_LAST;;1;1;XEUR;11820389;688;
08.05.2025;10:30:03.293;FGBL SI 20250606 PS;SIMPLE_INSTRUMENT;EFS;EUR;42;131.28000000;216;EXCHANGE_LAST;;1;1;XEUR;11820389;688;
08.05.2025;10:34:07.000;FGBL SI 20250606 PS;SIMPLE_INSTRUMENT;EFS;EUR;43;131.28000000;130;EXCHANGE_LAST;;1;1;XEUR;11820389;688;
08.05.2025;10:37:17.733;FGBL SI 20250606 PS;SIMPLE_INSTRUMENT;EFS;EUR;44;131.27000000;216;EXCHANGE_LAST;;1;1;XEUR;11820389;688;
08.05.2025;10:42:22.963;FGBL SI 20250606 PS;SIMPLE_INSTRUMENT;EFS;EUR;45;131.24000000;432;EXCHANGE_LAST;;1;1;XEUR;11820389;688;
08.05.2025;10:52:22.836;FGBL SI 20250606 PS;SIMPLE_INSTRUMENT;EFS;EUR;46;131.27000000;244;EXCHANGE_LAST;;1;1;XEUR;11820389;688;
08.05.2025;11:10:37.876;FGBL SI 20250606 PS;SIMPLE_INSTRUMENT;EFS;EUR;47;131.23000000;302;EXCHANGE_LAST;;1;1;XEUR;11820389;688;
08.05.2025;11:34:04.688;FGBL SI 20250606 PS;SIMPLE_INSTRUMENT;EFS;EUR;48;131.29000000;432;EXCHANGE_LAST;;1;1;XEUR;11820389;688;
08.05.2025;11:49:54.056;FGBL SI 20250606 PS;SIMPLE_INSTRUMENT;EFP_FIN;EUR;49;131.29000000;332;EXCHANGE_LAST;;1;1;XEUR;11820389;688;
08.05.2025;11:59:32.387;FGBL SI 20250606 PS;SIMPLE_INSTRUMENT;EFP_FIN;EUR;50;131.34000000;160;EXCHANGE_LAST;;1;1;XEUR;11820389;688;
08.05.2025;12:10:35.307;FGBL SI 20250606 PS;SIMPLE_INSTRUMENT;EFP_FIN;EUR;51;131.29000000;160;EXCHANGE_LAST;;1;1;XEUR;11820389;688;
08.05.2025;12:17:12.135;FGBL SI 20250606 PS;SIMPLE_INSTRUMENT;EFS;EUR;52;131.32000000;197;EXCHANGE_LAST;;1;1;XEUR;11820389;688;
08.05.2025;12:56:05.379;FGBL SI 20250606 PS;SIMPLE_INSTRUMENT;EFS;EUR;53;131.39000000;862;EXCHANGE_LAST;;1;1;XEUR;11820389;688;
08.05.2025;13:01:38.357;FGBL SI 20250606 PS;SIMPLE_INSTRUMENT;EFS;EUR;54;131.41000000;200;EXCHANGE_LAST;;1;1;XEUR;11820389;688;
08.05.2025;13:19:10.138;FGBL SI 20250606 PS;SIMPLE_INSTRUMENT;EFS;EUR;55;131.41000000;216;EXCHANGE_LAST;;1;1;XEUR;11820389;688;
08.05.2025;13:23:00.068;FGBL SI 20250606 PS;SIMPLE_INSTRUMENT;EFS;EUR;56;131.36000000;488;EXCHANGE_LAST;;1;1;XEUR;11820389;688;
08.05.2025;13:28:11.016;FGBL SI 20250606 PS;SIMPLE_INSTRUMENT;EFS;EUR;57;131.44000000;215;EXCHANGE_LAST;;1;1;XEUR;11820389;688;
08.05.2025;13:29:21.113;FGBL SI 20250606 PS;SIMPLE_INSTRUMENT;EFS;EUR;58;131.38000000;975;EXCHANGE_LAST;;1;1;XEUR;11820389;688;
08.05.2025;13:41:39.862;FGBL SI 20250606 PS;SIMPLE_INSTRUMENT;EFS;EUR;59;131.46000000;216;EXCHANGE_LAST;;1;1;XEUR;11820389;688;
08.05.2025;13:41:49.876;FGBL SI 20250606 PS;SIMPLE_INSTRUMENT;EFS;EUR;60;131.42000000;216;EXCHANGE_LAST;;1;1;XEUR;11820389;688;
08.05.2025;13:41:50.877;FGBL SI 20250606 PS;SIMPLE_INSTRUMENT;EFS;EUR;61;131.42000000;432;EXCHANGE_LAST;;1;1;XEUR;11820389;688;
08.05.2025;13:43:19.053;FGBL SI 20250606 PS;SIMPLE_INSTRUMENT;EFS;EUR;62;131.41000000;731;EXCHANGE_LAST;;1;1;XEUR;11820389;688;
08.05.2025;13:43:39.982;FGBL SI 20250606 PS;SIMPLE_INSTRUMENT;EFS;EUR;63;131.46000000;216;EXCHANGE_LAST;;1;1;XEUR;11820389;688;
08.05.2025;13:44:10.025;FGBL SI 20250606 PS;SIMPLE_INSTRUMENT;EFS;EUR;64;131.46000000;216;EXCHANGE_LAST;;1;1;XEUR;11820389;688;
08.05.2025;13:49:51.611;FGBL SI 20250606 PS;SIMPLE_INSTRUMENT;EFS;EUR;65;131.45000000;216;EXCHANGE_LAST;;1;1;XEUR;11820389;688;
08.05.2025;13:52:24.086;FGBL SI 20250606 PS;SIMPLE_INSTRUMENT;EFS;EUR;66;131.46000000;216;EXCHANGE_LAST;;1;1;XEUR;11820389;688;
08.05.2025;13:53:46.417;FGBL SI 20250606 PS;SIMPLE_INSTRUMENT;EFS;EUR;67;131.35000000;432;EXCHANGE_LAST;;1;1;XEUR;11820389;688;
08.05.2025;13:55:35.098;FGBL SI 20250606 PS;SIMPLE_INSTRUMENT;EFS;EUR;68;131.33000000;432;EXCHANGE_LAST;;1;1;XEUR;11820389;688;
08.05.2025;13:55:41.507;FGBL SI 20250606 PS;SIMPLE_INSTRUMENT;EFS;EUR;69;131.34000000;302;EXCHANGE_LAST;;1;1;XEUR;11820389;688;
08.05.2025;13:56:17.882;FGBL SI 20250606 PS;SIMPLE_INSTRUMENT;EFS;EUR;70;131.32000000;432;EXCHANGE_LAST;;1;1;XEUR;11820389;688;
08.05.2025;14:09:21.817;FGBL SI 20250606 PS;SIMPLE_INSTRUMENT;EFP_FIN;EUR;71;131.32000000;1234;EXCHANGE_LAST;;1;1;XEUR;11820389;688;
08.05.2025;14:22:55.666;FGBL SI 20250606 PS;SIMPLE_INSTRUMENT;EFS;EUR;72;131.28000000;293;EXCHANGE_LAST;;1;1;XEUR;11820389;688;
08.05.2025;14:32:00.104;FGBL SI 20250606 PS;SIMPLE_INSTRUMENT;EFS;EUR;73;131.23000000;216;EXCHANGE_LAST;;1;1;XEUR;11820389;688;
08.05.2025;14:33:19.662;FGBL SI 20250606 PS;SIMPLE_INSTRUMENT;EFS;EUR;74;131.22000000;300;EXCHANGE_LAST;;1;1;XEUR;11820389;688;
08.05.2025;14:46:09.315;FGBL SI 20250606 PS;SIMPLE_INSTRUMENT;EFS;EUR;75;131.20000000;244;EXCHANGE_LAST;;1;1;XEUR;11820389;688;
08.05.2025;14:49:11.845;FGBL SI 20250606 PS;SIMPLE_INSTRUMENT;EFS;EUR;76;131.18000000;432;EXCHANGE_LAST;;1;1;XEUR;11820389;688;
08.05.2025;14:49:26.861;FGBL SI 20250606 PS;SIMPLE_INSTRUMENT;EFS;EUR;77;131.17000000;86;EXCHANGE_LAST;;1;1;XEUR;11820389;688;
08.05.2025;14:50:12.817;FGBL SI 20250606 PS;SIMPLE_INSTRUMENT;EFS;EUR;78;131.17000000;216;EXCHANGE_LAST;;1;1;XEUR;11820389;688;
08.05.2025;14:52:11.986;FGBL SI 20250606 PS;SIMPLE_INSTRUMENT;EFS;EUR;79;131.18000000;432;EXCHANGE_LAST;;1;1;XEUR;11820389;688;
08.05.2025;14:56:47.432;FGBL SI 20250606 PS;SIMPLE_INSTRUMENT;EFS;EUR;80;131.45000000;344;EXCHANGE_LAST;;1;1;XEUR;11820389;688;
08.05.2025;15:07:15.709;FGBL SI 20250606 PS;SIMPLE_INSTRUMENT;EFS;EUR;81;131.16000000;432;EXCHANGE_LAST;;1;1;XEUR;11820389;688;
08.05.2025;15:10:11.238;FGBL SI 20250606 PS;SIMPLE_INSTRUMENT;EFP_FIN;EUR;82;131.23000000;1122;EXCHANGE_LAST;;1;1;XEUR;11820389;688;
08.05.2025;15:19:20.114;FGBL SI 20250606 PS;SIMPLE_INSTRUMENT;EFP_FIN;EUR;83;131.22000000;1694;EXCHANGE_LAST;;1;1;XEUR;11820389;688;
08.05.2025;15:20:56.189;FGBL SI 20250606 PS;SIMPLE_INSTRUMENT;EFS;EUR;84;131.16000000;244;EXCHANGE_LAST;;1;1;XEUR;11820389;688;
08.05.2025;15:21:15.192;FGBL SI 20250606 PS;SIMPLE_INSTRUMENT;EFS;EUR;85;131.17000000;649;EXCHANGE_LAST;;1;1;XEUR;11820389;688;
08.05.2025;15:25:36.486;FGBL SI 20250606 PS;SIMPLE_INSTRUMENT;EFP_FIN;EUR;86;131.15000000;207;EXCHANGE_LAST;;1;1;XEUR;11820389;688;
08.05.2025;15:28:44.349;FGBL SI 20250606 PS;SIMPLE_INSTRUMENT;EFS;EUR;87;131.13000000;432;EXCHANGE_LAST;;1;1;XEUR;11820389;688;
08.05.2025;15:30:47.536;FGBL SI 20250606 PS;SIMPLE_INSTRUMENT;EFP_FIN;EUR;88;131.15000000;207;EXCHANGE_LAST;;1;1;XEUR;11820389;688;
08.05.2025;15:31:25.353;FGBL SI 20250606 PS;SIMPLE_INSTRUMENT;EFS;EUR;89;131.11000000;130;EXCHANGE_LAST;;1;1;XEUR;11820389;688;
08.05.2025;15:31:37.463;FGBL SI 20250606 PS;SIMPLE_INSTRUMENT;EFS;EUR;90;131.16000000;130;EXCHANGE_LAST;;1;1;XEUR;11820389;688;
08.05.2025;15:34:38.739;FGBL SI 20250606 PS;SIMPLE_INSTRUMENT;EFP_FIN;EUR;91;131.16000000;84;EXCHANGE_LAST;;1;1;XEUR;11820389;688;
08.05.2025;15:43:38.844;FGBL SI 20250606 PS;SIMPLE_INSTRUMENT;EFS;EUR;92;131.13000000;391;EXCHANGE_LAST;;1;1;XEUR;11820389;688;
08.05.2025;15:54:43.391;FGBL SI 20250606 PS;SIMPLE_INSTRUMENT;EFP_FIN;EUR;93;131.16000000;84;EXCHANGE_LAST;;1;1;XEUR;11820389;688;
08.05.2025;16:36:17.598;FGBL SI 20250606 PS;SIMPLE_INSTRUMENT;EFS;EUR;94;130.97000000;68;EXCHANGE_LAST;;1;1;XEUR;11820389;688;
08.05.2025;16:39:55.002;FGBL SI 20250606 PS;SIMPLE_INSTRUMENT;EFS;EUR;95;130.97000000;245;EXCHANGE_LAST;;1;1;XEUR;11820389;688;
08.05.2025;15:26:16.446;FGBL SI 20250606 PS;SIMPLE_INSTRUMENT;VOLA;EUR;268435521;131.14000000;11;EXCHANGE_LAST;;1;1;XEUR;11820389;688;
08.05.2025;17:05:37.730;FGBL SI 20250606 PS;SIMPLE_INSTRUMENT;VOLA;EUR;268435528;131.03000000;20;EXCHANGE_LAST;;1;1;XEUR;11820389;688;
08.05.2025;07:15:22.446;FGBM SI 20250606 PS;SIMPLE_INSTRUMENT;EFS;EUR;1;119.44000000;428;EXCHANGE_LAST;;1;1;XEUR;11820390;689;
08.05.2025;07:18:24.766;FGBM SI 20250606 PS;SIMPLE_INSTRUMENT;EFS;EUR;2;119.46000000;429;EXCHANGE_LAST;;1;1;XEUR;11820390;689;
08.05.2025;07:20:24.902;FGBM SI 20250606 PS;SIMPLE_INSTRUMENT;EFS;EUR;3;119.46000000;429;EXCHANGE_LAST;;1;1;XEUR;11820390;689;
08.05.2025;07:23:10.125;FGBM SI 20250606 PS;SIMPLE_INSTRUMENT;EFS;EUR;4;119.45000000;814;EXCHANGE_LAST;;1;1;XEUR;11820390;689;
08.05.2025;07:25:16.558;FGBM SI 20250606 PS;SIMPLE_INSTRUMENT;EFS;EUR;5;119.47000000;810;EXCHANGE_LAST;;1;1;XEUR;11820390;689;
08.05.2025;07:29:33.104;FGBM SI 20250606 PS;SIMPLE_INSTRUMENT;EFS;EUR;6;119.47000000;856;EXCHANGE_LAST;;1;1;XEUR;11820390;689;
08.05.2025;07:54:09.674;FGBM SI 20250606 PS;SIMPLE_INSTRUMENT;EFS;EUR;7;119.47000000;813;EXCHANGE_LAST;;1;1;XEUR;11820390;689;
08.05.2025;07:54:42.391;FGBM SI 20250606 PS;SIMPLE_INSTRUMENT;EFS;EUR;8;119.46000000;857;EXCHANGE_LAST;;1;1;XEUR;11820390;689;
08.05.2025;08:04:59.951;FGBM SI 20250606 PS;SIMPLE_INSTRUMENT;EFP_FIN;EUR;9;119.46000000;212;EXCHANGE_LAST;;1;1;XEUR;11820390;689;
08.05.2025;08:10:04.197;FGBM SI 20250606 PS;SIMPLE_INSTRUMENT;EFS;EUR;10;119.44000000;857;EXCHANGE_LAST;;1;1;XEUR;11820390;689;
08.05.2025;08:12:54.977;FGBM SI 20250606 PS;SIMPLE_INSTRUMENT;EFP_FIN;EUR;11;119.40000000;265;EXCHANGE_LAST;;1;1;XEUR;11820390;689;
08.05.2025;08:13:27.363;FGBM SI 20250606 PS;SIMPLE_INSTRUMENT;EFS;EUR;12;119.41000000;920;EXCHANGE_LAST;;1;1;XEUR;11820390;689;
08.05.2025;08:30:56.964;FGBM SI 20250606 PS;SIMPLE_INSTRUMENT;EFS;EUR;13;119.39000000;920;EXCHANGE_LAST;;1;1;XEUR;11820390;689;
08.05.2025;08:35:01.576;FGBM SI 20250606 PS;SIMPLE_INSTRUMENT;EFP_FIN;EUR;14;119.40000000;453;EXCHANGE_LAST;;1;1;XEUR;11820390;689;
08.05.2025;08:43:57.735;FGBM SI 20250606 PS;SIMPLE_INSTRUMENT;EFP_FIN;EUR;15;119.39000000;483;EXCHANGE_LAST;;1;1;XEUR;11820390;689;
08.05.2025;08:45:25.473;FGBM SI 20250606 PS;SIMPLE_INSTRUMENT;EFP_FIN;EUR;16;119.39000000;483;EXCHANGE_LAST;;1;1;XEUR;11820390;689;
08.05.2025;08:47:31.461;FGBM SI 20250606 PS;SIMPLE_INSTRUMENT;EFS;EUR;17;119.39000000;405;EXCHANGE_LAST;;1;1;XEUR;11820390;689;
08.05.2025;08:57:57.999;FGBM SI 20250606 PS;SIMPLE_INSTRUMENT;EFP_FIN;EUR;19;119.39000000;817;EXCHANGE_LAST;;1;1;XEUR;11820390;689;
08.05.2025;09:05:47.945;FGBM SI 20250606 PS;SIMPLE_INSTRUMENT;EFP_FIN;EUR;20;119.38000000;417;EXCHANGE_LAST;;1;1;XEUR;11820390;689;
08.05.2025;09:06:30.560;FGBM SI 20250606 PS;SIMPLE_INSTRUMENT;EFS;EUR;21;119.36000000;1838;EXCHANGE_LAST;;1;1;XEUR;11820390;689;
08.05.2025;09:21:31.908;FGBM SI 20250606 PS;SIMPLE_INSTRUMENT;EFS;EUR;22;119.35000000;811;EXCHANGE_LAST;;1;1;XEUR;11820390;689;
08.05.2025;09:30:17.305;FGBM SI 20250606 PS;SIMPLE_INSTRUMENT;EFP_FIN;EUR;23;119.32000000;392;EXCHANGE_LAST;;1;1;XEUR;11820390;689;
08.05.2025;09:39:05.362;FGBM SI 20250606 PS;SIMPLE_INSTRUMENT;EFP_FIN;EUR;24;119.32000000;1371;EXCHANGE_LAST;;1;1;XEUR;11820390;689;
08.05.2025;09:45:49.785;FGBM SI 20250606 PS;SIMPLE_INSTRUMENT;EFP_FIN;EUR;25;119.32000000;65;EXCHANGE_LAST;;1;1;XEUR;11820390;689;
08.05.2025;09:46:29.024;FGBM SI 20250606 PS;SIMPLE_INSTRUMENT;EFS;EUR;26;119.31000000;429;EXCHANGE_LAST;;1;1;XEUR;11820390;689;
08.05.2025;10:31:20.486;FGBM SI 20250606 PS;SIMPLE_INSTRUMENT;EFS;EUR;27;119.35000000;429;EXCHANGE_LAST;;1;1;XEUR;11820390;689;
08.05.2025;10:42:15.050;FGBM SI 20250606 PS;SIMPLE_INSTRUMENT;EFP_FIN;EUR;28;119.35000000;153;EXCHANGE_LAST;;1;1;XEUR;11820390;689;
08.05.2025;11:38:18.370;FGBM SI 20250606 PS;SIMPLE_INSTRUMENT;EFS;EUR;29;119.34000000;1725;EXCHANGE_LAST;;1;1;XEUR;11820390;689;
08.05.2025;12:26:27.864;FGBM SI 20250606 PS;SIMPLE_INSTRUMENT;EFP_FIN;EUR;30;119.38000000;78;EXCHANGE_LAST;;1;1;XEUR;11820390;689;
08.05.2025;12:55:32.655;FGBM SI 20250606 PS;SIMPLE_INSTRUMENT;EFS;EUR;31;119.39000000;857;EXCHANGE_LAST;;1;1;XEUR;11820390;689;
08.05.2025;13:06:00.885;FGBM SI 20250606 PS;SIMPLE_INSTRUMENT;EFP_FIN;EUR;32;119.36000000;483;EXCHANGE_LAST;;1;1;XEUR;11820390;689;
08.05.2025;13:06:29.631;FGBM SI 20250606 PS;SIMPLE_INSTRUMENT;EFP_FIN;EUR;33;119.36000000;241;EXCHANGE_LAST;;1;1;XEUR;11820390;689;
08.05.2025;13:35:32.565;FGBM SI 20250606 PS;SIMPLE_INSTRUMENT;EFP_FIN;EUR;34;119.39000000;729;EXCHANGE_LAST;;1;1;XEUR;11820390;689;
08.05.2025;13:35:44.598;FGBM SI 20250606 PS;SIMPLE_INSTRUMENT;EFS;EUR;35;119.40000000;429;EXCHANGE_LAST;;1;1;XEUR;11820390;689;
08.05.2025;13:46:15.116;FGBM SI 20250606 PS;SIMPLE_INSTRUMENT;EFS;EUR;36;119.37000000;429;EXCHANGE_LAST;;1;1;XEUR;11820390;689;
08.05.2025;13:51:20.764;FGBM SI 20250606 PS;SIMPLE_INSTRUMENT;EFP_FIN;EUR;37;119.40000000;2129;EXCHANGE_LAST;;1;1;XEUR;11820390;689;
08.05.2025;13:51:42.350;FGBM SI 20250606 PS;SIMPLE_INSTRUMENT;EFP_FIN;EUR;38;119.42000000;426;EXCHANGE_LAST;;1;1;XEUR;11820390;689;
08.05.2025;13:57:24.311;FGBM SI 20250606 PS;SIMPLE_INSTRUMENT;EFP_FIN;EUR;39;119.42000000;170;EXCHANGE_LAST;;1;1;XEUR;11820390;689;
08.05.2025;14:13:52.402;FGBM SI 20250606 PS;SIMPLE_INSTRUMENT;EFS;EUR;40;119.35000000;214;EXCHANGE_LAST;;1;1;XEUR;11820390;689;
08.05.2025;14:37:39.783;FGBM SI 20250606 PS;SIMPLE_INSTRUMENT;EFS;EUR;41;119.29000000;429;EXCHANGE_LAST;;1;1;XEUR;11820390;689;
08.05.2025;14:38:41.382;FGBM SI 20250606 PS;SIMPLE_INSTRUMENT;EFS;EUR;42;119.30000000;857;EXCHANGE_LAST;;1;1;XEUR;11820390;689;
08.05.2025;14:41:10.367;FGBM SI 20250606 PS;SIMPLE_INSTRUMENT;EFS;EUR;43;119.29000000;429;EXCHANGE_LAST;;1;1;XEUR;11820390;689;
08.05.2025;14:44:29.921;FGBM SI 20250606 PS;SIMPLE_INSTRUMENT;EFS;EUR;44;119.30000000;429;EXCHANGE_LAST;;1;1;XEUR;11820390;689;
08.05.2025;15:02:40.103;FGBM SI 20250606 PS;SIMPLE_INSTRUMENT;BLOCK;EUR;45;119.28000000;3200;EXCHANGE_LAST;;1;1;XEUR;11820390;689;
08.05.2025;15:03:49.625;FGBM SI 20250606 PS;SIMPLE_INSTRUMENT;EFS;EUR;46;119.27000000;809;EXCHANGE_LAST;;1;1;XEUR;11820390;689;
08.05.2025;15:12:19.643;FGBM SI 20250606 PS;SIMPLE_INSTRUMENT;EFS;EUR;47;119.30000000;429;EXCHANGE_LAST;;1;1;XEUR;11820390;689;
08.05.2025;15:17:35.535;FGBM SI 20250606 PS;SIMPLE_INSTRUMENT;EFS;EUR;48;119.27000000;1750;EXCHANGE_LAST;;1;1;XEUR;11820390;689;
08.05.2025;15:18:58.046;FGBM SI 20250606 PS;SIMPLE_INSTRUMENT;EFP_FIN;EUR;49;119.26000000;1277;EXCHANGE_LAST;;1;1;XEUR;11820390;689;
08.05.2025;15:22:20.760;FGBM SI 20250606 PS;SIMPLE_INSTRUMENT;EFS;EUR;50;119.26000000;429;EXCHANGE_LAST;;1;1;XEUR;11820390;689;
08.05.2025;15:27:31.968;FGBM SI 20250606 PS;SIMPLE_INSTRUMENT;EFS;EUR;51;119.25000000;858;EXCHANGE_LAST;;1;1;XEUR;11820390;689;
08.05.2025;15:28:03.944;FGBM SI 20250606 PS;SIMPLE_INSTRUMENT;EFP_FIN;EUR;52;119.26000000;1278;EXCHANGE_LAST;;1;1;XEUR;11820390;689;
08.05.2025;15:28:47.785;FGBM SI 20250606 PS;SIMPLE_INSTRUMENT;EFS;EUR;53;119.26000000;1610;EXCHANGE_LAST;;1;1;XEUR;11820390;689;
08.05.2025;15:29:05.012;FGBM SI 20250606 PS;SIMPLE_INSTRUMENT;EFS;EUR;54;119.27000000;489;EXCHANGE_LAST;;1;1;XEUR;11820390;689;
08.05.2025;15:36:55.937;FGBM SI 20250606 PS;SIMPLE_INSTRUMENT;EFS;EUR;55;119.24000000;858;EXCHANGE_LAST;;1;1;XEUR;11820390;689;
08.05.2025;15:37:07.549;FGBM SI 20250606 PS;SIMPLE_INSTRUMENT;EFS;EUR;56;119.26000000;1840;EXCHANGE_LAST;;1;1;XEUR;11820390;689;
08.05.2025;15:41:55.624;FGBM SI 20250606 PS;SIMPLE_INSTRUMENT;EFS;EUR;57;119.26000000;2449;EXCHANGE_LAST;;1;1;XEUR;11820390;689;
08.05.2025;15:41:55.624;FGBM SI 20250606 PS;SIMPLE_INSTRUMENT;EFS;EUR;58;119.24000000;920;EXCHANGE_LAST;;1;1;XEUR;11820390;689;
08.05.2025;15:44:55.219;FGBM SI 20250606 PS;SIMPLE_INSTRUMENT;EFP_FIN;EUR;59;119.23000000;1704;EXCHANGE_LAST;;1;1;XEUR;11820390;689;
08.05.2025;15:54:47.690;FGBM SI 20250606 PS;SIMPLE_INSTRUMENT;EFS;EUR;60;119.15000000;817;EXCHANGE_LAST;;1;1;XEUR;11820390;689;
08.05.2025;15:59:31.727;FGBM SI 20250606 PS;SIMPLE_INSTRUMENT;EFS;EUR;61;119.18000000;921;EXCHANGE_LAST;;1;1;XEUR;11820390;689;
08.05.2025;15:59:31.707;FGBM SI 20250606 PS;SIMPLE_INSTRUMENT;EFS;EUR;62;119.16000000;328;EXCHANGE_LAST;;1;1;XEUR;11820390;689;
08.05.2025;16:00:45.072;FGBM SI 20250606 PS;SIMPLE_INSTRUMENT;EFS;EUR;63;119.15000000;819;EXCHANGE_LAST;;1;1;XEUR;11820390;689;
08.05.2025;16:01:09.075;FGBM SI 20250606 PS;SIMPLE_INSTRUMENT;EFS;EUR;64;119.15000000;819;EXCHANGE_LAST;;1;1;XEUR;11820390;689;
08.05.2025;07:53:14.971;FGBS SI 20250606 PS;SIMPLE_INSTRUMENT;EFP_FIN;EUR;1;107.50000000;1407;EXCHANGE_LAST;;1;1;XEUR;11820391;690;
08.05.2025;08:11:58.734;FGBS SI 20250606 PS;SIMPLE_INSTRUMENT;EFP_FIN;EUR;2;107.50000000;379;EXCHANGE_LAST;;1;1;XEUR;11820391;690;
08.05.2025;08:19:19.593;FGBS SI 20250606 PS;SIMPLE_INSTRUMENT;EFS;EUR;3;107.49000000;1359;EXCHANGE_LAST;;1;1;XEUR;11820391;690;
08.05.2025;09:13:57.961;FGBS SI 20250606 PS;SIMPLE_INSTRUMENT;EFS;EUR;4;107.47000000;2205;EXCHANGE_LAST;;1;1;XEUR;11820391;690;
08.05.2025;09:19:29.653;FGBS SI 20250606 PS;SIMPLE_INSTRUMENT;EFS;EUR;5;107.47000000;544;EXCHANGE_LAST;;1;1;XEUR;11820391;690;
08.05.2025;09:20:04.903;FGBS SI 20250606 PS;SIMPLE_INSTRUMENT;EFS;EUR;6;107.47000000;2399;EXCHANGE_LAST;;1;1;XEUR;11820391;690;
08.05.2025;09:25:16.358;FGBS SI 20250606 PS;SIMPLE_INSTRUMENT;EFP_FIN;EUR;7;107.47000000;1748;EXCHANGE_LAST;;1;1;XEUR;11820391;690;
08.05.2025;09:29:49.540;FGBS SI 20250606 PS;SIMPLE_INSTRUMENT;EFP_FIN;EUR;8;107.46500000;703;EXCHANGE_LAST;;1;1;XEUR;11820391;690;
08.05.2025;09:33:21.062;FGBS SI 20250606 PS;SIMPLE_INSTRUMENT;EFP_FIN;EUR;9;107.48000000;366;EXCHANGE_LAST;;1;1;XEUR;11820391;690;
08.05.2025;09:40:04.314;FGBS SI 20250606 PS;SIMPLE_INSTRUMENT;EFP_FIN;EUR;10;107.48000000;3284;EXCHANGE_LAST;;1;1;XEUR;11820391;690;
08.05.2025;10:34:16.130;FGBS SI 20250606 PS;SIMPLE_INSTRUMENT;EFP_FIN;EUR;11;107.47000000;281;EXCHANGE_LAST;;1;1;XEUR;11820391;690;
08.05.2025;11:16:28.258;FGBS SI 20250606 PS;SIMPLE_INSTRUMENT;EFP_FIN;EUR;12;107.46000000;1024;EXCHANGE_LAST;;1;1;XEUR;11820391;690;
08.05.2025;11:27:53.524;FGBS SI 20250606 PS;SIMPLE_INSTRUMENT;EFP_FIN;EUR;13;107.46000000;350;EXCHANGE_LAST;;1;1;XEUR;11820391;690;
08.05.2025;12:26:54.579;FGBS SI 20250606 PS;SIMPLE_INSTRUMENT;EFP_FIN;EUR;14;107.47000000;1387;EXCHANGE_LAST;;1;1;XEUR;11820391;690;
08.05.2025;12:44:47.671;FGBS SI 20250606 PS;SIMPLE_INSTRUMENT;EFP_FIN;EUR;15;107.47000000;603;EXCHANGE_LAST;;1;1;XEUR;11820391;690;
08.05.2025;12:53:44.474;FGBS SI 20250606 PS;SIMPLE_INSTRUMENT;EFP_FIN;EUR;16;107.46000000;1206;EXCHANGE_LAST;;1;1;XEUR;11820391;690;
08.05.2025;13:05:38.901;FGBS SI 20250606 PS;SIMPLE_INSTRUMENT;EFP_FIN;EUR;18;107.46000000;1206;EXCHANGE_LAST;;1;1;XEUR;11820391;690;
08.05.2025;13:06:45.589;FGBS SI 20250606 PS;SIMPLE_INSTRUMENT;EFP_FIN;EUR;19;107.46000000;603;EXCHANGE_LAST;;1;1;XEUR;11820391;690;
08.05.2025;13:20:01.941;FGBS SI 20250606 PS;SIMPLE_INSTRUMENT;EFP_FIN;EUR;21;107.48000000;302;EXCHANGE_LAST;;1;1;XEUR;11820391;690;
08.05.2025;13:27:24.084;FGBS SI 20250606 PS;SIMPLE_INSTRUMENT;EFP_FIN;EUR;22;107.48000000;1206;EXCHANGE_LAST;;1;1;XEUR;11820391;690;
08.05.2025;13:27:39.481;FGBS SI 20250606 PS;SIMPLE_INSTRUMENT;EFP_FIN;EUR;23;107.48000000;73;EXCHANGE_LAST;;1;1;XEUR;11820391;690;
08.05.2025;13:29:59.187;FGBS SI 20250606 PS;SIMPLE_INSTRUMENT;EFP_FIN;EUR;24;107.47000000;302;EXCHANGE_LAST;;1;1;XEUR;11820391;690;
08.05.2025;13:30:18.859;FGBS SI 20250606 PS;SIMPLE_INSTRUMENT;EFP_FIN;EUR;25;107.47000000;302;EXCHANGE_LAST;;1;1;XEUR;11820391;690;
08.05.2025;14:14:24.272;FGBS SI 20250606 PS;SIMPLE_INSTRUMENT;EFP_FIN;EUR;26;107.48000000;603;EXCHANGE_LAST;;1;1;XEUR;11820391;690;
08.05.2025;14:19:00.374;FGBS SI 20250606 PS;SIMPLE_INSTRUMENT;EFP_FIN;EUR;27;107.46000000;1525;EXCHANGE_LAST;;1;1;XEUR;11820391;690;
08.05.2025;14:46:19.465;FGBS SI 20250606 PS;SIMPLE_INSTRUMENT;EFP_FIN;EUR;28;107.44000000;603;EXCHANGE_LAST;;1;1;XEUR;11820391;690;
08.05.2025;14:47:52.104;FGBS SI 20250606 PS;SIMPLE_INSTRUMENT;EFS;EUR;29;107.45500000;2720;EXCHANGE_LAST;;1;1;XEUR;11820391;690;
08.05.2025;14:47:57.623;FGBS SI 20250606 PS;SIMPLE_INSTRUMENT;EFP_FIN;EUR;30;107.44500000;603;EXCHANGE_LAST;;1;1;XEUR;11820391;690;
08.05.2025;14:54:18.700;FGBS SI 20250606 PS;SIMPLE_INSTRUMENT;EFP_FIN;EUR;31;107.44000000;603;EXCHANGE_LAST;;1;1;XEUR;11820391;690;
08.05.2025;14:55:33.954;FGBS SI 20250606 PS;SIMPLE_INSTRUMENT;EFP_FIN;EUR;32;107.44000000;426;EXCHANGE_LAST;;1;1;XEUR;11820391;690;
08.05.2025;15:00:56.925;FGBS SI 20250606 PS;SIMPLE_INSTRUMENT;EFS;EUR;33;107.44500000;500;EXCHANGE_LAST;;1;1;XEUR;11820391;690;
08.05.2025;15:10:08.178;FGBS SI 20250606 PS;SIMPLE_INSTRUMENT;EFS;EUR;34;107.43500000;1359;EXCHANGE_LAST;;1;1;XEUR;11820391;690;
08.05.2025;15:12:15.851;FGBS SI 20250606 PS;SIMPLE_INSTRUMENT;EFS;EUR;35;107.44500000;1088;EXCHANGE_LAST;;1;1;XEUR;11820391;690;
08.05.2025;15:26:17.639;FGBS SI 20250606 PS;SIMPLE_INSTRUMENT;EFS;EUR;36;107.43500000;723;EXCHANGE_LAST;;1;1;XEUR;11820391;690;
08.05.2025;15:34:39.525;FGBS SI 20250606 PS;SIMPLE_INSTRUMENT;EFP_FIN;EUR;37;107.43000000;1206;EXCHANGE_LAST;;1;1;XEUR;11820391;690;
08.05.2025;15:36:00.545;FGBS SI 20250606 PS;SIMPLE_INSTRUMENT;EFS;EUR;38;107.43500000;5440;EXCHANGE_LAST;;1;1;XEUR;11820391;690;
08.05.2025;15:40:16.832;FGBS SI 20250606 PS;SIMPLE_INSTRUMENT;EFS;EUR;39;107.43000000;2176;EXCHANGE_LAST;;1;1;XEUR;11820391;690;
08.05.2025;15:38:58.792;FGBS SI 20250606 PS;SIMPLE_INSTRUMENT;EFS;EUR;40;107.42500000;1088;EXCHANGE_LAST;;1;1;XEUR;11820391;690;
08.05.2025;15:41:55.604;FGBS SI 20250606 PS;SIMPLE_INSTRUMENT;EFS;EUR;41;107.43000000;7239;EXCHANGE_LAST;;1;1;XEUR;11820391;690;
08.05.2025;15:41:55.604;FGBS SI 20250606 PS;SIMPLE_INSTRUMENT;EFS;EUR;42;107.42500000;2720;EXCHANGE_LAST;;1;1;XEUR;11820391;690;
08.05.2025;15:51:07.788;FGBS SI 20250606 PS;SIMPLE_INSTRUMENT;EFP_FIN;EUR;43;107.43000000;66;EXCHANGE_LAST;;1;1;XEUR;11820391;690;
08.05.2025;15:59:31.727;FGBS SI 20250606 PS;SIMPLE_INSTRUMENT;EFS;EUR;44;107.41500000;2721;EXCHANGE_LAST;;1;1;XEUR;11820391;690;
08.05.2025;15:59:43.608;FGBS SI 20250606 PS;SIMPLE_INSTRUMENT;EFP_FIN;EUR;45;107.41000000;1825;EXCHANGE_LAST;;1;1;XEUR;11820391;690;
08.05.2025;07:20:09.291;FGBX SI 20250606 PS;SIMPLE_INSTRUMENT;EFP_FIN;EUR;1;123.28000000;744;EXCHANGE_LAST;;1;1;XEUR;11820392;691;
08.05.2025;08:22:36.896;FGBX SI 20250606 PS;SIMPLE_INSTRUMENT;EFS;EUR;3;122.86000000;90;EXCHANGE_LAST;;1;1;XEUR;11820392;691;
08.05.2025;12:44:33.149;FGBX SI 20250606 PS;SIMPLE_INSTRUMENT;EFP_FIN;EUR;18;122.54000000;186;EXCHANGE_LAST;;1;1;XEUR;11820392;691;
08.05.2025;13:53:37.082;FGBX SI 20250606 PS;SIMPLE_INSTRUMENT;BLOCK;EUR;23;122.70000000;2009;EXCHANGE_LAST;;1;1;XEUR;11820392;691;
08.05.2025;13:55:42.911;FGBX SI 20250606 PS;SIMPLE_INSTRUMENT;EFP_FIN;EUR;24;122.54000000;2226;EXCHANGE_LAST;;1;1;XEUR;11820392;691;
08.05.2025;14:02:21.194;FGBX SI 20250606 PS;SIMPLE_INSTRUMENT;EFS;EUR;25;122.52000000;90;EXCHANGE_LAST;;1;1;XEUR;11820392;691;
08.05.2025;14:10:29.215;FGBX SI 20250606 PS;SIMPLE_INSTRUMENT;BLOCK;EUR;27;122.70000000;970;EXCHANGE_LAST;;1;1;XEUR;11820392;691;
08.05.2025;14:14:11.080;FGBX SI 20250606 PS;SIMPLE_INSTRUMENT;EFP_FIN;EUR;29;122.50000000;930;EXCHANGE_LAST;;1;1;XEUR;11820392;691;
08.05.2025;14:20:31.887;FGBX SI 20250606 PS;SIMPLE_INSTRUMENT;EFP_FIN;EUR;31;122.50000000;372;EXCHANGE_LAST;;1;1;XEUR;11820392;691;
08.05.2025;14:44:16.128;FGBX SI 20250606 PS;SIMPLE_INSTRUMENT;EFP_FIN;EUR;32;122.12000000;227;EXCHANGE_LAST;;1;1;XEUR;11820392;691;
08.05.2025;15:19:07.711;FGBX SI 20250606 PS;SIMPLE_INSTRUMENT;EFS;EUR;34;122.08000000;181;EXCHANGE_LAST;;1;1;XEUR;11820392;691;
08.05.2025;08:11:07.859;FMAE SI 20250620 CS;SIMPLE_INSTRUMENT;EFP_IDX;EUR;42;380.89000000;168;EXCHANGE_LAST;;1;1;XEUR;7939684;48921;
08.05.2025;00:46:48.716;FMCH SI 20250620 CS;SIMPLE_INSTRUMENT;EFP_IDX;USD;2;572.44000000;209;EXCHANGE_LAST;;1;1;XEUR;7940815;402909;
08.05.2025;01:11:34.644;FMCH SI 20250620 CS;SIMPLE_INSTRUMENT;BLOCK;USD;4;572.49600000;100;EXCHANGE_LAST;;1;1;XEUR;7940815;402909;
08.05.2025;03:46:34.542;FMCH SI 20250620 CS;SIMPLE_INSTRUMENT;BLOCK;USD;9;580.00000000;50;EXCHANGE_LAST;;1;1;XEUR;7940815;402909;
08.05.2025;03:48:26.743;FMCH SI 20250620 CS;SIMPLE_INSTRUMENT;BLOCK;USD;10;572.61000000;350;EXCHANGE_LAST;;1;1;XEUR;7940815;402909;
08.05.2025;07:05:00.277;FMCH SI 20250620 CS;SIMPLE_INSTRUMENT;EFP_IDX;USD;31;573.20000000;29;EXCHANGE_LAST;;1;1;XEUR;7940815;402909;
08.05.2025;07:05:16.255;FMCH SI 20250620 CS;SIMPLE_INSTRUMENT;EFP_IDX;USD;32;572.30000000;146;EXCHANGE_LAST;;1;1;XEUR;7940815;402909;
08.05.2025;15:42:57.028;FMCP SI 20250620 CS;SIMPLE_INSTRUMENT;BLOCK;EUR;63;568.40000000;162;EXCHANGE_LAST;;1;1;XEUR;11880750;662;
08.05.2025;15:59:48.908;FMCP SI 20250620 CS;SIMPLE_INSTRUMENT;BLOCK;EUR;87;568.40000000;800;EXCHANGE_LAST;;1;1;XEUR;11880750;662;
08.05.2025;15:59:58.206;FMCP SI 20250620 CS;SIMPLE_INSTRUMENT;BLOCK;EUR;88;568.50000000;200;EXCHANGE_LAST;;1;1;XEUR;11880750;662;
08.05.2025;10:55:39.112;FME SI 20260320 PS AM P 40.00 0;SIMPLE_INSTRUMENT;BLOCK;EUR;18;1.91000000;500;EXCHANGE_LAST;;1;1;XEUR;13005216;663;
08.05.2025;12:27:19.153;FME SI 20250516 PS AM P 41.50 0;SIMPLE_INSTRUMENT;BLOCK;EUR;23;0.02000000;1000;EXCHANGE_LAST;;1;1;XEUR;12819685;663;
08.05.2025;00:36:50.290;FMEA SI 20250620 CS;SIMPLE_INSTRUMENT;BLOCK;USD;1;720.46900000;235;EXCHANGE_LAST;;1;1;XEUR;7938804;12395;
08.05.2025;01:58:43.857;FMEA SI 20250620 CS;SIMPLE_INSTRUMENT;BLOCK;USD;6;720.75500000;50;EXCHANGE_LAST;;1;1;XEUR;7938804;12395;
08.05.2025;04:42:58.507;FMEA SI 20250620 CS;SIMPLE_INSTRUMENT;BLOCK;USD;12;720.46900000;695;EXCHANGE_LAST;;1;1;XEUR;7938804;12395;
08.05.2025;08:50:03.456;FMEA SI 20250620 CS;SIMPLE_INSTRUMENT;EFP_IDX;USD;44;721.83200000;21;EXCHANGE_LAST;;1;1;XEUR;7938804;12395;
08.05.2025;09:13:49.259;FMEA SI 20250620 CS;SIMPLE_INSTRUMENT;BLOCK;USD;47;720.46900000;710;EXCHANGE_LAST;;1;1;XEUR;7938804;12395;
08.05.2025;06:27:52.633;FMED SI 20250620 CS;SIMPLE_INSTRUMENT;BLOCK;USD;18;10703.57000000;300;EXCHANGE_LAST;;1;1;XEUR;7939645;48144;
08.05.2025;06:45:51.231;FMED SI 20250620 CS;SIMPLE_INSTRUMENT;BLOCK;USD;20;10704.06400000;950;EXCHANGE_LAST;;1;1;XEUR;7939645;48144;
08.05.2025;06:51:11.014;FMED SI 20250620 CS;SIMPLE_INSTRUMENT;BLOCK;USD;22;10704.06400000;940;EXCHANGE_LAST;;1;1;XEUR;7939645;48144;
08.05.2025;07:57:28.006;FMED SI 20250620 CS;SIMPLE_INSTRUMENT;BLOCK;USD;41;10704.06400000;935;EXCHANGE_LAST;;1;1;XEUR;7939645;48144;
08.05.2025;07:20:34.559;FMEE SI 20250620 CS;SIMPLE_INSTRUMENT;BLOCK;USD;35;344.61900000;150;EXCHANGE_LAST;;1;1;XEUR;7938810;12396;
08.05.2025;08:50:56.090;FMEE SI 20250620 CS;SIMPLE_INSTRUMENT;EFP_IDX;USD;45;344.85900000;15;EXCHANGE_LAST;;1;1;XEUR;7938810;12396;
08.05.2025;09:58:18.274;FMEE SI 20250620 CS;SIMPLE_INSTRUMENT;BLOCK;USD;51;344.58400000;165;EXCHANGE_LAST;;1;1;XEUR;7938810;12396;
08.05.2025;07:07:33.966;FMEF SI 20250620 CS;SIMPLE_INSTRUMENT;BLOCK;USD;33;1137.66000000;28;EXCHANGE_LAST;;1;1;XEUR;7408968;30657;
08.05.2025;06:02:12.480;FMEL SI 20250620 CS;SIMPLE_INSTRUMENT;EFP_IDX;USD;15;567.54000000;43;EXCHANGE_LAST;;1;1;XEUR;7938814;12397;
08.05.2025;07:20:46.207;FMEL SI 20250620 CS;SIMPLE_INSTRUMENT;BLOCK;USD;34;567.31900000;75;EXCHANGE_LAST;;1;1;XEUR;7938814;12397;
08.05.2025;08:51:36.580;FMEL SI 20250620 CS;SIMPLE_INSTRUMENT;EFP_IDX;USD;46;567.65800000;18;EXCHANGE_LAST;;1;1;XEUR;7938814;12397;
08.05.2025;11:12:45.722;FMEL SI 20250620 CS;SIMPLE_INSTRUMENT;BLOCK;USD;56;567.31900000;60;EXCHANGE_LAST;;1;1;XEUR;7938814;12397;
08.05.2025;06:53:10.483;FMEM SI 20250620 CS;SIMPLE_INSTRUMENT;BLOCK;USD;24;614.42800000;8000;EXCHANGE_LAST;;1;1;XEUR;7938803;12394;
08.05.2025;06:51:48.431;FMEN SI 20250620 CS;SIMPLE_INSTRUMENT;BLOCK;EUR;23;506.45000000;70;EXCHANGE_LAST;;1;1;XEUR;7939172;30652;
08.05.2025;06:28:55.037;FMEU SI 20250620 CS;SIMPLE_INSTRUMENT;BLOCK;EUR;19;358.34700000;300;EXCHANGE_LAST;;1;1;XEUR;7938710;7058;
08.05.2025;06:55:37.760;FMEU SI 20250620 CS;SIMPLE_INSTRUMENT;BLOCK;EUR;27;358.34000000;7700;EXCHANGE_LAST;;2;1;XEUR;7938710;7058;
08.05.2025;06:50:47.770;FMGC SI 20250620 CS;SIMPLE_INSTRUMENT;BLOCK;USD;21;13577.50000000;100;EXCHANGE_LAST;;1;1;XEUR;7939680;48916;
08.05.2025;06:54:36.637;FMGC SI 20250620 CS;SIMPLE_INSTRUMENT;BLOCK;USD;25;13576.00000000;97;EXCHANGE_LAST;;1;1;XEUR;7939680;48916;
08.05.2025;05:59:56.974;FMGD SI 20250620 CS;SIMPLE_INSTRUMENT;BLOCK;USD;14;2873.91000000;3641;EXCHANGE_LAST;;1;1;XEUR;8609351;583624;
08.05.2025;05:40:03.830;FMGO SI 20250620 CS;SIMPLE_INSTRUMENT;BLOCK;USD;13;5592.74000000;2500;EXCHANGE_LAST;;1;1;XEUR;8609371;583623;
08.05.2025;13:47:02.607;FMGO SI 20250620 CS;SIMPLE_INSTRUMENT;BLOCK;USD;59;5582.00000000;35;EXCHANGE_LAST;;1;1;XEUR;8609371;583623;
08.05.2025;07:04:26.465;FMGQ SI 20250620 CS;SIMPLE_INSTRUMENT;BLOCK;USD;30;4905.55000000;1360;EXCHANGE_LAST;;1;1;XEUR;8609386;583625;
08.05.2025;08:17:26.383;FMGQ SI 20250620 CS;SIMPLE_INSTRUMENT;BLOCK;USD;43;4905.77100000;1360;EXCHANGE_LAST;;1;1;XEUR;8609386;583625;
08.05.2025;06:58:04.646;FMGS SI 20250620 CS;SIMPLE_INSTRUMENT;BLOCK;USD;26;25927.81600000;400;EXCHANGE_LAST;;1;1;XEUR;7939679;48912;
08.05.2025;01:12:13.041;FMHK SI 20250620 CS;SIMPLE_INSTRUMENT;BLOCK;USD;5;62290.80500000;12;EXCHANGE_LAST;;1;1;XEUR;7939458;45282;
08.05.2025;05:51:14.933;FMID SI 20250620 CS;SIMPLE_INSTRUMENT;BLOCK;USD;2;1501.14000000;12;EXCHANGE_LAST;;1;1;XEUR;7939464;45289;
08.05.2025;00:55:58.047;FMIN SI 20250620 CS;SIMPLE_INSTRUMENT;BLOCK;USD;3;1272.19900000;788;EXCHANGE_LAST;;1;1;XEUR;7938852;12404;
08.05.2025;02:00:32.310;FMIN SI 20250620 CS;SIMPLE_INSTRUMENT;BLOCK;USD;7;1273.21400000;50;EXCHANGE_LAST;;1;1;XEUR;7938852;12404;
08.05.2025;03:51:36.864;FMIN SI 20250620 CS;SIMPLE_INSTRUMENT;BLOCK;USD;11;1272.19900000;120;EXCHANGE_LAST;;1;1;XEUR;7938852;12404;
08.05.2025;07:34:57.000;FMIN SI 20250620 CS;SIMPLE_INSTRUMENT;BLOCK;USD;38;1272.32600000;230;EXCHANGE_LAST;;1;1;XEUR;7938852;12404;
08.05.2025;09:32:16.317;FMIN SI 20250620 CS;SIMPLE_INSTRUMENT;BLOCK;USD;48;1272.32600000;102;EXCHANGE_LAST;;1;1;XEUR;7938852;12404;
08.05.2025;09:28:56.639;FMIN SI 20250620 CS;SIMPLE_INSTRUMENT;BLOCK;USD;49;1272.32600000;82;EXCHANGE_LAST;;1;1;XEUR;7938852;12404;
08.05.2025;12:32:48.260;FMIN SI 20250620 CS;SIMPLE_INSTRUMENT;BLOCK;USD;58;1272.32600000;150;EXCHANGE_LAST;;1;1;XEUR;7938852;12404;
08.05.2025;02:13:58.801;FMJP SI 20250620 CS;SIMPLE_INSTRUMENT;BLOCK;USD;8;9233.03700000;58;EXCHANGE_LAST;;1;1;XEUR;7937445;661;
08.05.2025;06:59:35.419;FMJP SI 20250620 CS;SIMPLE_INSTRUMENT;BLOCK;USD;29;9234.87300000;5743;EXCHANGE_LAST;;1;1;XEUR;7937445;661;
08.05.2025;09:32:08.427;FMJP SI 20250620 CS;SIMPLE_INSTRUMENT;BLOCK;USD;50;9238.54400000;58;EXCHANGE_LAST;;1;1;XEUR;7937445;661;
08.05.2025;07:40:10.581;FMMU SI 20250620 CS;SIMPLE_INSTRUMENT;EFP_IDX;EUR;39;325.29100000;57;EXCHANGE_LAST;;1;1;XEUR;7939646;48138;
08.05.2025;12:13:10.011;FMSA SI 20250620 CS;SIMPLE_INSTRUMENT;BLOCK;USD;57;1742.79000000;100;EXCHANGE_LAST;;1;1;XEUR;7940199;134861;
08.05.2025;06:38:26.716;FMTM SI 20250620 CS;SIMPLE_INSTRUMENT;BLOCK;USD;1;2037.55400000;15;EXCHANGE_LAST;;1;1;XEUR;12669071;1016682;
08.05.2025;00:56:47.475;FMTW SI 20250620 CS;SIMPLE_INSTRUMENT;BLOCK;USD;1;801.30700000;266;EXCHANGE_LAST;;2;2;XEUR;7939790;51884;
08.05.2025;07:20:48.082;FMWN SI 20250620 CS;SIMPLE_INSTRUMENT;BLOCK;EUR;36;531.04000000;250;EXCHANGE_LAST;;1;1;XEUR;7939177;30654;
08.05.2025;06:02:38.634;FMWO SI 20250620 CS;SIMPLE_INSTRUMENT;EFP_IDX;USD;16;11823.24000000;46;EXCHANGE_LAST;;1;1;XEUR;7938711;7059;
08.05.2025;06:11:51.239;FMWO SI 20250620 CS;SIMPLE_INSTRUMENT;EFP_IDX;USD;17;11823.34000000;269;EXCHANGE_LAST;;1;1;XEUR;7938711;7059;
08.05.2025;10:00:42.321;FMWO SI 20250620 CS;SIMPLE_INSTRUMENT;EFP_IDX;USD;52;11822.34000000;146;EXCHANGE_LAST;;1;1;XEUR;7938711;7059;
08.05.2025;10:07:07.225;FMWO SI 20250620 CS;SIMPLE_INSTRUMENT;EFP_IDX;USD;53;11820.84000000;455;EXCHANGE_LAST;;1;1;XEUR;7938711;7059;
08.05.2025;16:02:59.651;FMWO SI 20250620 CS;SIMPLE_INSTRUMENT;BLOCK;USD;80;11815.00000000;375;EXCHANGE_LAST;;1;1;XEUR;7938711;7059;
08.05.2025;07:31:56.534;FOAT SI 20250606 PS;SIMPLE_INSTRUMENT;EFP_FIN;EUR;1;125.51000000;2364;EXCHANGE_LAST;;1;1;XEUR;11820393;749;
08.05.2025;07:32:40.433;FOAT SI 20250606 PS;SIMPLE_INSTRUMENT;EFP_FIN;EUR;2;125.48000000;788;EXCHANGE_LAST;;1;1;XEUR;11820393;749;
08.05.2025;07:34:08.322;FOAT SI 20250606 PS;SIMPLE_INSTRUMENT;EFP_FIN;EUR;3;125.49000000;788;EXCHANGE_LAST;;1;1;XEUR;11820393;749;
08.05.2025;07:40:06.720;FOAT SI 20250606 PS;SIMPLE_INSTRUMENT;EFP_FIN;EUR;4;125.51000000;992;EXCHANGE_LAST;;1;1;XEUR;11820393;749;
08.05.2025;07:42:02.621;FOAT SI 20250606 PS;SIMPLE_INSTRUMENT;EFS;EUR;5;125.51000000;435;EXCHANGE_LAST;;1;1;XEUR;11820393;749;
08.05.2025;08:10:07.443;FOAT SI 20250606 PS;SIMPLE_INSTRUMENT;EFP_FIN;EUR;6;125.43000000;1032;EXCHANGE_LAST;;1;1;XEUR;11820393;749;
08.05.2025;08:15:47.902;FOAT SI 20250606 PS;SIMPLE_INSTRUMENT;BLOCK;EUR;7;125.36000000;390;EXCHANGE_LAST;;1;1;XEUR;11820393;749;
08.05.2025;08:25:16.572;FOAT SI 20250606 PS;SIMPLE_INSTRUMENT;EFP_FIN;EUR;8;125.35000000;433;EXCHANGE_LAST;;1;1;XEUR;11820393;749;
08.05.2025;08:32:00.162;FOAT SI 20250606 PS;SIMPLE_INSTRUMENT;EFP_FIN;EUR;9;125.42000000;788;EXCHANGE_LAST;;1;1;XEUR;11820393;749;
08.05.2025;08:40:07.180;FOAT SI 20250606 PS;SIMPLE_INSTRUMENT;EFP_FIN;EUR;10;125.41000000;208;EXCHANGE_LAST;;1;1;XEUR;11820393;749;
08.05.2025;08:50:16.279;FOAT SI 20250606 PS;SIMPLE_INSTRUMENT;EFP_FIN;EUR;11;125.34000000;346;EXCHANGE_LAST;;1;1;XEUR;11820393;749;
08.05.2025;09:08:14.341;FOAT SI 20250606 PS;SIMPLE_INSTRUMENT;EFP_FIN;EUR;12;125.33000000;888;EXCHANGE_LAST;;1;1;XEUR;11820393;749;
08.05.2025;09:19:40.945;FOAT SI 20250606 PS;SIMPLE_INSTRUMENT;EFP_FIN;EUR;13;125.24000000;433;EXCHANGE_LAST;;1;1;XEUR;11820393;749;
08.05.2025;09:20:06.380;FOAT SI 20250606 PS;SIMPLE_INSTRUMENT;EFP_FIN;EUR;14;125.33000000;2364;EXCHANGE_LAST;;1;1;XEUR;11820393;749;
08.05.2025;09:20:17.554;FOAT SI 20250606 PS;SIMPLE_INSTRUMENT;EFP_FIN;EUR;15;125.30000000;825;EXCHANGE_LAST;;1;1;XEUR;11820393;749;
08.05.2025;09:20:45.557;FOAT SI 20250606 PS;SIMPLE_INSTRUMENT;EFP_FIN;EUR;16;125.30000000;825;EXCHANGE_LAST;;1;1;XEUR;11820393;749;
08.05.2025;09:24:09.842;FOAT SI 20250606 PS;SIMPLE_INSTRUMENT;EFP_FIN;EUR;17;125.25000000;825;EXCHANGE_LAST;;1;1;XEUR;11820393;749;
08.05.2025;09:34:38.742;FOAT SI 20250606 PS;SIMPLE_INSTRUMENT;EFP_FIN;EUR;18;125.34000000;173;EXCHANGE_LAST;;1;1;XEUR;11820393;749;
08.05.2025;09:49:48.061;FOAT SI 20250606 PS;SIMPLE_INSTRUMENT;EFP_FIN;EUR;19;125.17000000;236;EXCHANGE_LAST;;1;1;XEUR;11820393;749;
08.05.2025;09:48:43.560;FOAT SI 20250606 PS;SIMPLE_INSTRUMENT;EFP_FIN;EUR;20;125.17000000;788;EXCHANGE_LAST;;1;1;XEUR;11820393;749;
08.05.2025;09:58:29.523;FOAT SI 20250606 PS;SIMPLE_INSTRUMENT;EFP_FIN;EUR;21;125.15000000;788;EXCHANGE_LAST;;1;1;XEUR;11820393;749;
08.05.2025;10:13:08.179;FOAT SI 20250606 PS;SIMPLE_INSTRUMENT;EFP_FIN;EUR;22;125.16000000;788;EXCHANGE_LAST;;1;1;XEUR;11820393;749;
08.05.2025;10:15:44.098;FOAT SI 20250606 PS;SIMPLE_INSTRUMENT;EFP_FIN;EUR;23;125.20000000;788;EXCHANGE_LAST;;1;1;XEUR;11820393;749;
08.05.2025;10:30:41.309;FOAT SI 20250606 PS;SIMPLE_INSTRUMENT;EFP_FIN;EUR;24;125.22000000;825;EXCHANGE_LAST;;1;1;XEUR;11820393;749;
08.05.2025;10:34:43.219;FOAT SI 20250606 PS;SIMPLE_INSTRUMENT;EFP_FIN;EUR;25;125.24000000;394;EXCHANGE_LAST;;1;1;XEUR;11820393;749;
08.05.2025;10:38:53.969;FOAT SI 20250606 PS;SIMPLE_INSTRUMENT;EFP_FIN;EUR;26;125.25000000;605;EXCHANGE_LAST;;1;1;XEUR;11820393;749;
08.05.2025;10:41:12.024;FOAT SI 20250606 PS;SIMPLE_INSTRUMENT;EFP_FIN;EUR;27;125.22000000;1576;EXCHANGE_LAST;;1;1;XEUR;11820393;749;
08.05.2025;10:41:15.947;FOAT SI 20250606 PS;SIMPLE_INSTRUMENT;EFP_FIN;EUR;28;125.22000000;788;EXCHANGE_LAST;;1;1;XEUR;11820393;749;
08.05.2025;10:42:15.250;FOAT SI 20250606 PS;SIMPLE_INSTRUMENT;EFP_FIN;EUR;29;125.22000000;1238;EXCHANGE_LAST;;1;1;XEUR;11820393;749;
08.05.2025;10:45:36.506;FOAT SI 20250606 PS;SIMPLE_INSTRUMENT;EFP_FIN;EUR;30;125.21000000;743;EXCHANGE_LAST;;1;1;XEUR;11820393;749;
08.05.2025;10:54:33.344;FOAT SI 20250606 PS;SIMPLE_INSTRUMENT;EFP_FIN;EUR;31;125.16000000;788;EXCHANGE_LAST;;1;1;XEUR;11820393;749;
08.05.2025;11:21:14.356;FOAT SI 20250606 PS;SIMPLE_INSTRUMENT;EFP_FIN;EUR;32;125.21000000;1462;EXCHANGE_LAST;;1;1;XEUR;11820393;749;
08.05.2025;11:50:48.130;FOAT SI 20250606 PS;SIMPLE_INSTRUMENT;EFP_FIN;EUR;33;125.27000000;1576;EXCHANGE_LAST;;1;1;XEUR;11820393;749;
08.05.2025;12:12:24.372;FOAT SI 20250606 PS;SIMPLE_INSTRUMENT;EFP_FIN;EUR;34;125.26000000;477;EXCHANGE_LAST;;1;1;XEUR;11820393;749;
08.05.2025;12:33:41.814;FOAT SI 20250606 PS;SIMPLE_INSTRUMENT;EFP_FIN;EUR;35;125.26000000;990;EXCHANGE_LAST;;1;1;XEUR;11820393;749;
08.05.2025;14:22:52.503;FOAT SI 20250606 PS;SIMPLE_INSTRUMENT;EFP_FIN;EUR;36;125.25000000;788;EXCHANGE_LAST;;1;1;XEUR;11820393;749;
08.05.2025;14:47:54.430;FOAT SI 20250606 PS;SIMPLE_INSTRUMENT;EFP_FIN;EUR;37;125.26000000;1970;EXCHANGE_LAST;;1;1;XEUR;11820393;749;
08.05.2025;15:26:51.597;FOAT SI 20250606 PS;SIMPLE_INSTRUMENT;EFP_FIN;EUR;38;125.17000000;1182;EXCHANGE_LAST;;1;1;XEUR;11820393;749;
08.05.2025;15:28:10.524;FOAT SI 20250606 PS;SIMPLE_INSTRUMENT;EFP_FIN;EUR;39;125.17000000;1576;EXCHANGE_LAST;;1;1;XEUR;11820393;749;
08.05.2025;15:32:26.651;FOAT SI 20250606 PS;SIMPLE_INSTRUMENT;EFP_FIN;EUR;40;125.18000000;1576;EXCHANGE_LAST;;1;1;XEUR;11820393;749;
08.05.2025;15:52:15.940;FOAT SI 20250606 PS;SIMPLE_INSTRUMENT;BLOCK;EUR;41;125.11000000;1835;EXCHANGE_LAST;;1;1;XEUR;11820393;749;
08.05.2025;15:52:40.733;FOAT SI 20250606 PS;SIMPLE_INSTRUMENT;EFP_FIN;EUR;42;125.16000000;709;EXCHANGE_LAST;;1;1;XEUR;11820393;749;
08.05.2025;09:28:15.793;FRE SI 20250919 PS AM P 30.00 0;SIMPLE_INSTRUMENT;BLOCK;EUR;11;0.18000000;5000;EXCHANGE_LAST;;1;1;XEUR;11882298;760;
08.05.2025;09:28:15.795;FRE SI 20250919 PS AM P 30.00 0;SIMPLE_INSTRUMENT;BLOCK;EUR;12;0.19000000;5000;EXCHANGE_LAST;;1;1;XEUR;11882298;760;
08.05.2025;10:55:03.330;FRE SI 20260320 PS AM P 34.00 0;SIMPLE_INSTRUMENT;BLOCK;EUR;17;1.08000000;500;EXCHANGE_LAST;;1;1;XEUR;13006185;760;
08.05.2025;16:03:04.902;FSCP SI 20250620 CS;SIMPLE_INSTRUMENT;EFP_IDX;EUR;79;345.30000000;1080;EXCHANGE_LAST;;1;1;XEUR;11881879;764;
08.05.2025;16:03:12.482;FSCP SI 20250620 CS;SIMPLE_INSTRUMENT;EFP_IDX;EUR;80;345.40000000;270;EXCHANGE_LAST;;1;1;XEUR;11881879;764;
08.05.2025;15:57:04.498;FSCP SI 20250620 CS;SIMPLE_INSTRUMENT;BLOCK;EUR;81;345.30000000;599;EXCHANGE_LAST;;1;2;XEUR;11881879;764;
08.05.2025;15:56:50.003;FSCP SI 20250620 CS;SIMPLE_INSTRUMENT;BLOCK;EUR;84;345.40000000;401;EXCHANGE_LAST;;1;2;XEUR;11881879;764;
08.05.2025;15:47:36.855;FSEG SI 20250620 CS;SIMPLE_INSTRUMENT;EFP_IDX;EUR;70;196.70000000;16;EXCHANGE_LAST;;1;1;XEUR;11913120;109977;
08.05.2025;15:46:59.322;FSEG SI 20250620 CS;SIMPLE_INSTRUMENT;EFP_IDX;EUR;71;196.50000000;19;EXCHANGE_LAST;;1;1;XEUR;11913120;109977;
08.05.2025;15:47:14.778;FSEG SI 20250620 CS;SIMPLE_INSTRUMENT;EFP_IDX;EUR;72;196.90000000;5;EXCHANGE_LAST;;1;1;XEUR;11913120;109977;
08.05.2025;15:47:48.856;FSEG SI 20250620 CS;SIMPLE_INSTRUMENT;EFP_IDX;EUR;73;196.50000000;25;EXCHANGE_LAST;;1;1;XEUR;11913120;109977;
08.05.2025;15:47:58.061;FSEG SI 20250620 CS;SIMPLE_INSTRUMENT;EFP_IDX;EUR;74;196.50000000;27;EXCHANGE_LAST;;1;1;XEUR;11913120;109977;
08.05.2025;15:47:58.162;FSEG SI 20250620 CS;SIMPLE_INSTRUMENT;EFP_IDX;EUR;75;196.60000000;27;EXCHANGE_LAST;;1;1;XEUR;11913120;109977;
08.05.2025;15:48:11.632;FSEG SI 20250620 CS;SIMPLE_INSTRUMENT;EFP_IDX;EUR;76;196.60000000;103;EXCHANGE_LAST;;1;1;XEUR;11913120;109977;
08.05.2025;16:08:03.002;FSEG SI 20250620 CS;SIMPLE_INSTRUMENT;BLOCK;EUR;89;196.50000000;370;EXCHANGE_LAST;;1;1;XEUR;11913120;109977;
08.05.2025;16:08:12.223;FSEG SI 20250620 CS;SIMPLE_INSTRUMENT;BLOCK;EUR;90;196.60000000;3330;EXCHANGE_LAST;;1;1;XEUR;11913120;109977;
08.05.2025;11:40:33.833;FSMI SI 20250620 CS;SIMPLE_INSTRUMENT;EFP_IDX;CHF;1;12130.00000000;250;EXCHANGE_LAST;;1;1;XEUR;7904351;757;
08.05.2025;12:59:52.820;FSMI SI 20250620 CS;SIMPLE_INSTRUMENT;BLOCK;CHF;2;12100.00000000;600;EXCHANGE_LAST;;1;1;XEUR;7904351;757;
08.05.2025;13:11:11.249;FSMI SI 20250620 CS;SIMPLE_INSTRUMENT;BLOCK;CHF;3;12100.00000000;500;EXCHANGE_LAST;;1;1;XEUR;7904351;757;
08.05.2025;15:35:11.679;FSMI SI 20250620 CS;SIMPLE_INSTRUMENT;EFP_IDX;CHF;4;12028.00000000;180;EXCHANGE_LAST;;1;1;XEUR;7904351;757;
08.05.2025;15:35:18.614;FSMI SI 20250620 CS;SIMPLE_INSTRUMENT;EFP_IDX;CHF;5;12029.00000000;51;EXCHANGE_LAST;;1;1;XEUR;7904351;757;
08.05.2025;15:35:25.527;FSMI SI 20250620 CS;SIMPLE_INSTRUMENT;EFP_IDX;CHF;6;12028.00000000;142;EXCHANGE_LAST;;1;1;XEUR;7904351;757;
08.05.2025;15:35:31.463;FSMI SI 20250620 CS;SIMPLE_INSTRUMENT;EFP_IDX;CHF;7;12029.00000000;40;EXCHANGE_LAST;;1;1;XEUR;7904351;757;
08.05.2025;15:52:25.707;FSMI SI 20250620 CS;SIMPLE_INSTRUMENT;EFP_IDX;CHF;8;12029.00000000;100;EXCHANGE_LAST;;1;1;XEUR;7904351;757;
08.05.2025;10:11:46.499;FSMI SI 20250620 CS;SIMPLE_INSTRUMENT;VOLA;CHF;603979796;12092.00000000;193;EXCHANGE_LAST;;1;1;XEUR;7904351;757;
08.05.2025;15:22:12.776;FSMI SI 20250620 CS;SIMPLE_INSTRUMENT;VOLA;CHF;603979812;12055.00000000;59;EXCHANGE_LAST;;1;1;XEUR;7904351;757;
08.05.2025;16:11:27.748;FSMX SI 20250620 CS;SIMPLE_INSTRUMENT;EFP_IDX;EUR;91;29695.00000000;3;EXCHANGE_LAST;;1;1;XEUR;11923155;396422;
08.05.2025;16:11:14.560;FSMX SI 20250620 CS;SIMPLE_INSTRUMENT;EFP_IDX;EUR;92;29690.00000000;55;EXCHANGE_LAST;;1;1;XEUR;11923155;396422;
08.05.2025;11:09:45.093;FSTA SI 20250620 CS;SIMPLE_INSTRUMENT;BLOCK;EUR;2;527.30000000;427;EXCHANGE_LAST;;1;1;XEUR;11881326;715;
08.05.2025;11:10:04.235;FSTA SI 20250620 CS;SIMPLE_INSTRUMENT;BLOCK;EUR;3;528.30000000;250;EXCHANGE_LAST;;1;1;XEUR;11881326;715;
08.05.2025;15:54:40.206;FSTB SI 20250620 CS;SIMPLE_INSTRUMENT;EFP_IDX;EUR;82;261.65000000;73;EXCHANGE_LAST;;1;1;XEUR;11881325;714;
08.05.2025;15:54:41.499;FSTB SI 20250620 CS;SIMPLE_INSTRUMENT;EFP_IDX;EUR;83;261.60000000;109;EXCHANGE_LAST;;1;1;XEUR;11881325;714;
08.05.2025;16:01:58.091;FSTE SI 20250620 CS;SIMPLE_INSTRUMENT;EFP_IDX;EUR;11;329.90000000;296;EXCHANGE_LAST;;1;1;XEUR;11881330;719;
08.05.2025;16:01:30.155;FSTE SI 20250620 CS;SIMPLE_INSTRUMENT;EFP_IDX;EUR;12;330.00000000;75;EXCHANGE_LAST;;1;1;XEUR;11881330;719;
08.05.2025;09:10:46.015;FSTM SI 20250620 CS;SIMPLE_INSTRUMENT;VOLA;EUR;603979785;469.50000000;25;EXCHANGE_LAST;;1;1;XEUR;11881316;705;
08.05.2025;09:10:39.218;FSTM SI 20250620 CS;SIMPLE_INSTRUMENT;VOLA;EUR;603979786;469.50000000;16;EXCHANGE_LAST;;1;1;XEUR;11881316;705;
08.05.2025;15:56:33.060;FSTN SI 20250620 CS;SIMPLE_INSTRUMENT;EFP_IDX;EUR;64;785.10000000;350;EXCHANGE_LAST;;1;1;XEUR;11881318;704;
08.05.2025;15:56:42.175;FSTN SI 20250620 CS;SIMPLE_INSTRUMENT;EFP_IDX;EUR;65;785.20000000;150;EXCHANGE_LAST;;1;1;XEUR;11881318;704;
08.05.2025;15:56:50.089;FSTN SI 20250620 CS;SIMPLE_INSTRUMENT;EFP_IDX;EUR;66;785.10000000;350;EXCHANGE_LAST;;1;1;XEUR;11881318;704;
08.05.2025;15:56:58.540;FSTN SI 20250620 CS;SIMPLE_INSTRUMENT;EFP_IDX;EUR;67;785.20000000;150;EXCHANGE_LAST;;1;1;XEUR;11881318;704;
08.05.2025;15:57:06.444;FSTN SI 20250620 CS;SIMPLE_INSTRUMENT;EFP_IDX;EUR;68;785.10000000;84;EXCHANGE_LAST;;1;1;XEUR;11881318;704;
08.05.2025;15:57:14.798;FSTN SI 20250620 CS;SIMPLE_INSTRUMENT;EFP_IDX;EUR;69;785.20000000;36;EXCHANGE_LAST;;1;1;XEUR;11881318;704;
08.05.2025;15:51:39.151;FSTS SI 20250620 CS;SIMPLE_INSTRUMENT;EFP_IDX;EUR;5;470.60000000;73;EXCHANGE_LAST;;1;1;XEUR;11881321;709;
08.05.2025;15:51:57.040;FSTS SI 20250620 CS;SIMPLE_INSTRUMENT;EFP_IDX;EUR;7;470.80000000;90;EXCHANGE_LAST;;1;1;XEUR;11881321;709;
08.05.2025;15:56:10.758;FSTX SI 20250620 CS;SIMPLE_INSTRUMENT;EFP_IDX;EUR;77;4431.00000000;155;EXCHANGE_LAST;;1;1;XEUR;11881331;728;
08.05.2025;15:56:19.343;FSTX SI 20250620 CS;SIMPLE_INSTRUMENT;EFP_IDX;EUR;78;4432.00000000;108;EXCHANGE_LAST;;1;1;XEUR;11881331;728;
08.05.2025;15:53:03.178;FSTY SI 20250620 CS;SIMPLE_INSTRUMENT;EFP_IDX;EUR;9;809.70000000;120;EXCHANGE_LAST;;1;1;XEUR;11881335;729;
08.05.2025;15:52:44.818;FSTY SI 20250620 CS;SIMPLE_INSTRUMENT;EFP_IDX;EUR;10;809.80000000;52;EXCHANGE_LAST;;1;1;XEUR;11881335;729;
08.05.2025;08:17:52.316;FTEE.O.250508.BUL.000001;STANDARD_OPTION_STRATEGY;BLOCK;EUR;4;0.12000000;3300;EXCHANGE_LAST;;1;1;XEUR;72060707889218839;725;
08.05.2025;08:17:52.316;FTEE SI 20250718 PS EU C 12.60 0;SIMPLE_INSTRUMENT;BLOCK;EUR;4;0.22000000;3300;PRC_DECOMP_EXCHANGE;;;;XEUR;13243040;725;EXCHANGE
08.05.2025;08:17:52.316;FTEE SI 20250718 PS EU C 13.00 0;SIMPLE_INSTRUMENT;BLOCK;EUR;4;0.10000000;3300;PRC_DECOMP_EXCHANGE;;;;XEUR;13243023;725;EXCHANGE
08.05.2025;08:18:09.179;FTEE.O.250508.BUL.000001;STANDARD_OPTION_STRATEGY;BLOCK;EUR;5;0.13000000;2200;EXCHANGE_LAST;;1;1;XEUR;72060707889218839;725;
08.05.2025;08:18:09.179;FTEE SI 20250718 PS EU C 12.60 0;SIMPLE_INSTRUMENT;BLOCK;EUR;5;0.23000000;2200;PRC_DECOMP_EXCHANGE;;;;XEUR;13243040;725;EXCHANGE
08.05.2025;08:18:09.179;FTEE SI 20250718 PS EU C 13.00 0;SIMPLE_INSTRUMENT;BLOCK;EUR;5;0.10000000;2200;PRC_DECOMP_EXCHANGE;;;;XEUR;13243023;725;EXCHANGE
08.05.2025;10:31:56.177;FVS SI 20250820 CS;SIMPLE_INSTRUMENT;BLOCK;EUR;54;21.45000000;1740;EXCHANGE_LAST;;1;1;XEUR;12418107;821;
08.05.2025;10:33:20.257;FVS SI 20250716 CS;SIMPLE_INSTRUMENT;BLOCK;EUR;55;21.50000000;1725;EXCHANGE_LAST;;1;1;XEUR;12306079;821;
08.05.2025;15:40:10.624;FXXE SI 20250620 CS;SIMPLE_INSTRUMENT;EFP_IDX;EUR;60;551.10000000;81;EXCHANGE_LAST;;1;1;XEUR;11882312;819;
08.05.2025;15:40:24.958;FXXE SI 20250620 CS;SIMPLE_INSTRUMENT;EFP_IDX;EUR;61;550.30000000;277;EXCHANGE_LAST;;1;1;XEUR;11882312;819;
08.05.2025;15:45:30.303;FXXP SI 20250620 CS;SIMPLE_INSTRUMENT;EFP_IDX;EUR;60;533.20000000;137;EXCHANGE_LAST;;1;1;XEUR;7904812;816;
08.05.2025;15:45:40.979;FXXP SI 20250620 CS;SIMPLE_INSTRUMENT;EFP_IDX;EUR;61;533.30000000;60;EXCHANGE_LAST;;1;1;XEUR;7904812;816;
08.05.2025;15:45:53.643;FXXP SI 20250620 CS;SIMPLE_INSTRUMENT;EFP_IDX;EUR;62;533.30000000;167;EXCHANGE_LAST;;1;1;XEUR;7904812;816;
08.05.2025;15:46:15.339;FXXP SI 20250620 CS;SIMPLE_INSTRUMENT;EFP_IDX;EUR;63;533.20000000;40;EXCHANGE_LAST;;1;1;XEUR;7904812;816;
08.05.2025;15:50:36.956;FXXP SI 20250620 CS;SIMPLE_INSTRUMENT;EFP_IDX;EUR;64;533.20000000;800;EXCHANGE_LAST;;1;1;XEUR;7904812;816;
08.05.2025;15:50:24.099;FXXP SI 20250620 CS;SIMPLE_INSTRUMENT;EFP_IDX;EUR;65;533.30000000;1200;EXCHANGE_LAST;;1;1;XEUR;7904812;816;
08.05.2025;15:51:40.176;FXXP SI 20250620 CS;SIMPLE_INSTRUMENT;EFP_IDX;EUR;66;533.20000000;700;EXCHANGE_LAST;;1;1;XEUR;7904812;816;
08.05.2025;15:51:27.167;FXXP SI 20250620 CS;SIMPLE_INSTRUMENT;EFP_IDX;EUR;67;533.30000000;1050;EXCHANGE_LAST;;1;1;XEUR;7904812;816;
08.05.2025;15:51:32.820;FXXP SI 20250620 CS;SIMPLE_INSTRUMENT;EFP_IDX;EUR;68;533.20000000;500;EXCHANGE_LAST;;1;1;XEUR;7904812;816;
08.05.2025;15:51:39.087;FXXP SI 20250620 CS;SIMPLE_INSTRUMENT;EFP_IDX;EUR;69;533.30000000;750;EXCHANGE_LAST;;1;1;XEUR;7904812;816;
08.05.2025;15:56:05.727;FXXP SI 20250620 CS;SIMPLE_INSTRUMENT;EFP_IDX;EUR;72;533.20000000;800;EXCHANGE_LAST;;1;1;XEUR;7904812;816;
08.05.2025;15:53:19.803;FXXP SI 20250620 CS;SIMPLE_INSTRUMENT;EFP_IDX;EUR;73;533.20000000;600;EXCHANGE_LAST;;1;1;XEUR;7904812;816;
08.05.2025;15:53:28.267;FXXP SI 20250620 CS;SIMPLE_INSTRUMENT;EFP_IDX;EUR;74;533.30000000;900;EXCHANGE_LAST;;1;1;XEUR;7904812;816;
08.05.2025;16:11:03.523;FXXP SI 20250620 CS;SIMPLE_INSTRUMENT;EFP_IDX;EUR;75;533.20000000;200;EXCHANGE_LAST;;1;1;XEUR;7904812;816;
08.05.2025;16:11:10.774;FXXP SI 20250620 CS;SIMPLE_INSTRUMENT;EFP_IDX;EUR;76;533.30000000;300;EXCHANGE_LAST;;1;1;XEUR;7904812;816;
08.05.2025;15:56:16.871;FXXP SI 20250620 CS;SIMPLE_INSTRUMENT;EFP_IDX;EUR;77;533.30000000;1200;EXCHANGE_LAST;;1;1;XEUR;7904812;816;
08.05.2025;15:55:29.337;FXXP SI 20250620 CS;SIMPLE_INSTRUMENT;EFP_IDX;EUR;78;533.20000000;400;EXCHANGE_LAST;;1;1;XEUR;7904812;816;
08.05.2025;15:55:33.697;FXXP SI 20250620 CS;SIMPLE_INSTRUMENT;EFP_IDX;EUR;79;533.30000000;600;EXCHANGE_LAST;;1;1;XEUR;7904812;816;
08.05.2025;16:10:28.902;FXXP SI 20250620 CS;SIMPLE_INSTRUMENT;BLOCK;EUR;81;533.20000000;500;EXCHANGE_LAST;;1;1;XEUR;7904812;816;
08.05.2025;16:10:35.082;FXXP SI 20250620 CS;SIMPLE_INSTRUMENT;BLOCK;EUR;82;533.30000000;500;EXCHANGE_LAST;;1;1;XEUR;7904812;816;
08.05.2025;08:59:29.230;FXXP SI 20250620 CS;SIMPLE_INSTRUMENT;VOLA;EUR;603979787;532.70000000;56;EXCHANGE_LAST;;1;1;XEUR;7904812;816;
08.05.2025;11:50:17.922;GAD SI 20250919 PS AM P 88.00 0;SIMPLE_INSTRUMENT;BLOCK;CHF;26;3.16000000;350;EXCHANGE_LAST;;1;1;XEUR;11940875;834185;
08.05.2025;11:27:03.780;GEBN SI 20250620 PS AM C 590.00 0;SIMPLE_INSTRUMENT;BLOCK;CHF;23;15.50000000;350;EXCHANGE_LAST;;1;1;XEUR;12934758;882;
08.05.2025;10:16:11.480;GIVN SI 20261218 PS AM P 3200.0 0;SIMPLE_INSTRUMENT;BLOCK;CHF;20;165.56000000;100;EXCHANGE_LAST;;1;1;XEUR;12444610;892;
08.05.2025;10:50:55.493;GIVN SI 20250620 PS AM P 4000.0 0;SIMPLE_INSTRUMENT;BLOCK;CHF;22;119.00000000;250;EXCHANGE_LAST;;2;2;XEUR;9550782;892;
08.05.2025;11:41:44.758;GXI.O.250508.BUL.000001;STANDARD_OPTION_STRATEGY;BLOCK;EUR;22;5.10000000;150;EXCHANGE_LAST;;1;1;XEUR;72061253350071628;852;
08.05.2025;11:41:44.758;GXI SI 20250620 PS AM C 70.00 0;SIMPLE_INSTRUMENT;BLOCK;EUR;22;1.70000000;150;PRC_DECOMP_MEMBER;;;;XEUR;12762180;852;MEMBER
08.05.2025;11:41:44.758;GXI SI 20250620 PS AM C 56.00 0;SIMPLE_INSTRUMENT;BLOCK;EUR;22;6.80000000;150;PRC_DECOMP_MEMBER;;;;XEUR;11361398;852;MEMBER
08.05.2025;09:20:59.209;HOLN FI 20250604 CS EU C 95.0000 0;FLEXIBLE_INSTRUMENT;BLOCK;CHF;9;0.78000000;620;EXCHANGE_LAST;;1;1;XEUR;1152925554761023161;943;
08.05.2025;10:53:45.611;I3ES SI 20250620 CS;SIMPLE_INSTRUMENT;BLOCK;EUR;15;0.17100000;21875;EXCHANGE_LAST;;1;1;XEUR;10842363;913;
08.05.2025;11:12:02.024;I7XD SI 20250620 CS;SIMPLE_INSTRUMENT;BLOCK;EUR;24;0.84000000;4412;EXCHANGE_LAST;;1;1;XEUR;12545002;996456;
08.05.2025;14:05:24.026;IES5.O.250508.STD.000003;STANDARD_OPTION_STRATEGY;BLOCK;EUR;13;1.08500000;1250;EXCHANGE_LAST;;1;1;XEUR;72061459508502885;900;
08.05.2025;14:05:24.026;IES5 SI 20260618 PS AM P 4.80 0;SIMPLE_INSTRUMENT;BLOCK;EUR;13;0.69700000;1250;PRC_DECOMP_EXCHANGE;;;;XEUR;9745505;900;EXCHANGE
08.05.2025;14:05:24.026;IES5 SI 20260618 PS AM C 4.80 0;SIMPLE_INSTRUMENT;BLOCK;EUR;13;0.38800000;1250;PRC_DECOMP_EXCHANGE;;;;XEUR;9745507;900;EXCHANGE
08.05.2025;07:29:44.313;IFX SI 20250516 PS AM C 32.00 0;SIMPLE_INSTRUMENT;BLOCK;EUR;1;0.34000000;1500;EXCHANGE_LAST;;1;1;XEUR;12821443;902;
08.05.2025;07:29:44.639;IFX SI 20250718 PS AM C 34.00 0;SIMPLE_INSTRUMENT;BLOCK;EUR;2;0.97000000;1500;EXCHANGE_LAST;;1;1;XEUR;13310076;902;
08.05.2025;07:29:45.471;IFX SI 20250516 PS AM C 30.00 0;SIMPLE_INSTRUMENT;BLOCK;EUR;3;1.15000000;1500;EXCHANGE_LAST;;1;1;XEUR;12870634;902;
08.05.2025;07:29:47.310;IFX SI 20250718 PS AM C 32.00 0;SIMPLE_INSTRUMENT;BLOCK;EUR;4;1.62000000;1500;EXCHANGE_LAST;;1;1;XEUR;13305589;902;
08.05.2025;09:24:58.422;IFX SI 20250919 PS AM P 24.00 0;SIMPLE_INSTRUMENT;BLOCK;EUR;10;0.61000000;1500;EXCHANGE_LAST;;1;1;XEUR;11884190;902;
08.05.2025;09:24:58.887;IFX SI 20250919 PS AM C 30.00 0;SIMPLE_INSTRUMENT;BLOCK;EUR;11;3.76000000;1500;EXCHANGE_LAST;;1;1;XEUR;11884224;902;
08.05.2025;09:57:12.408;IFX SI 20250620 PS AM C 35.00 0;SIMPLE_INSTRUMENT;BLOCK;EUR;13;0.53000000;3000;EXCHANGE_LAST;;1;1;XEUR;13008075;902;
08.05.2025;10:03:22.359;IFX SI 20250919 PS AM C 32.00 0;SIMPLE_INSTRUMENT;BLOCK;EUR;14;2.90000000;2000;EXCHANGE_LAST;;1;1;XEUR;11884216;902;
08.05.2025;08:48:55.564;ITK SI 20250620 PS AM C 60.00 0;SIMPLE_INSTRUMENT;BLOCK;EUR;3;1.48000000;500;EXCHANGE_LAST;;1;1;XEUR;7906742;999;
08.05.2025;10:32:25.364;ITKG SI 20250620 CS;SIMPLE_INSTRUMENT;BLOCK;EUR;13;60.07500000;7750;EXCHANGE_LAST;;1;1;XEUR;11178098;996;
08.05.2025;11:12:06.316;IXDK SI 20250620 CS;SIMPLE_INSTRUMENT;BLOCK;EUR;25;46.12900000;50000;EXCHANGE_LAST;;1;1;XEUR;12545007;996455;
08.05.2025;12:07:10.882;KDBI SI 20250620 CS;SIMPLE_INSTRUMENT;BLOCK;EUR;34;81.10920000;15000;EXCHANGE_LAST;;1;1;XEUR;11420377;840012;
08.05.2025;10:51:56.245;KGX SI 20260320 PS AM P 30.00 0;SIMPLE_INSTRUMENT;BLOCK;EUR;6;2.20000000;500;EXCHANGE_LAST;;1;1;XEUR;13029713;14929;
08.05.2025;09:50:45.123;KNIN SI 20260320 PS AM P 150.00 0;SIMPLE_INSTRUMENT;BLOCK;CHF;15;6.71000000;350;EXCHANGE_LAST;;1;1;XEUR;13010725;1091;
08.05.2025;08:42:58.691;LHA.O.250508.BUL.000005;STANDARD_OPTION_STRATEGY;BLOCK;EUR;2;0.09000000;9800;EXCHANGE_LAST;;1;1;XEUR;72062430171145372;1126;
08.05.2025;08:42:58.691;LHA SI 20250620 PS AM C 7.30 0;SIMPLE_INSTRUMENT;BLOCK;EUR;2;0.03000000;9800;PRC_DECOMP_EXCHANGE;;;;XEUR;13011719;1126;EXCHANGE
08.05.2025;08:42:58.691;LHA SI 20250620 PS AM C 6.70 0;SIMPLE_INSTRUMENT;BLOCK;EUR;2;0.12000000;9800;PRC_DECOMP_EXCHANGE;;;;XEUR;12762427;1126;EXCHANGE
08.05.2025;12:19:46.871;LONN SI 20250620 PS AM P 480.00 0;SIMPLE_INSTRUMENT;BLOCK;CHF;31;2.65000000;3729;EXCHANGE_LAST;;1;1;XEUR;7908039;1141;
08.05.2025;12:05:51.101;LXS SI 20250516 PS AM C 28.00 0;SIMPLE_INSTRUMENT;BLOCK;EUR;6;0.20000000;2617;EXCHANGE_LAST;;1;1;XEUR;12822712;1024;
08.05.2025;12:35:19.732;LXS.O.250508.STD.000001;STANDARD_OPTION_STRATEGY;BLOCK;EUR;8;1.70000000;1000;EXCHANGE_LAST;;1;1;XEUR;72061992084457996;1024;
08.05.2025;12:35:19.732;LXS SI 20250516 PS AM C 26.00 0;SIMPLE_INSTRUMENT;BLOCK;EUR;8;1.29000000;1000;PRC_DECOMP_EXCHANGE;;;;XEUR;12822736;1024;EXCHANGE
08.05.2025;12:35:19.732;LXS SI 20250516 PS AM P 26.00 0;SIMPLE_INSTRUMENT;BLOCK;EUR;8;0.41000000;1000;PRC_DECOMP_EXCHANGE;;;;XEUR;12822739;1024;EXCHANGE
08.05.2025;11:39:23.100;MTX SI 20251219 PS AM C 300.00 0;SIMPLE_INSTRUMENT;BLOCK;EUR;10;47.40000000;200;EXCHANGE_LAST;;1;1;XEUR;12452009;1228;
08.05.2025;09:17:55.959;MUV2 SI 20250620 PS AM P 580.00 0;SIMPLE_INSTRUMENT;BLOCK;EUR;6;14.50000000;200;EXCHANGE_LAST;;1;1;XEUR;12955752;1234;
08.05.2025;09:24:03.382;MUV2 SI 20250620 PS AM P 570.00 0;SIMPLE_INSTRUMENT;BLOCK;EUR;9;11.83000000;200;EXCHANGE_LAST;;1;1;XEUR;12955749;1234;
08.05.2025;09:24:05.222;MUV2 SI 20250620 PS AM P 520.00 0;SIMPLE_INSTRUMENT;BLOCK;EUR;10;3.03000000;200;EXCHANGE_LAST;;1;1;XEUR;11369416;1234;
08.05.2025;10:58:25.198;MUV2 SI 20250530 PS AM P 550.00 0;SIMPLE_INSTRUMENT;BLOCK;EUR;19;5.25000000;200;EXCHANGE_LAST;;1;1;XEUR;13250063;1234;
08.05.2025;13:24:10.574;MUV2 SI 20250919 PS AM P 520.00 0;SIMPLE_INSTRUMENT;BLOCK;EUR;24;11.80000000;213;EXCHANGE_LAST;;1;1;XEUR;11890759;1234;
08.05.2025;09:19:06.164;NESN FI 20250604 CS EU C 91.1000 0;FLEXIBLE_INSTRUMENT;BLOCK;CHF;12;0.41000000;2400;EXCHANGE_LAST;;1;1;XEUR;1152926929150560901;1263;
08.05.2025;13:12:31.269;NESN.O.250508.PDIA.000014;STANDARD_OPTION_STRATEGY;BLOCK;CHF;37;0.53000000;750;EXCHANGE_LAST;;1;1;XEUR;72063018581706081;1263;
08.05.2025;13:12:31.269;NESN SI 20250516 PS AM P 85.00 0;SIMPLE_INSTRUMENT;BLOCK;CHF;37;0.17000000;750;PRC_DECOMP_EXCHANGE;;;;XEUR;12827205;1263;EXCHANGE
