#Date;TrdTime;Contract;ContractType;TrdTyp;Currency;TesId;Prc;Qty;TrdInd;Aggressor;Buy;Sell;Exch;InstrumentId;RelatedProdId;PrcDecomp
03.02.2025;13:30:39.263;A2XA SI 20261218 CS;SIMPLE_INSTRUMENT;BLOCK;EUR;18;2.18000000;500;EXCHANGE_LAST;;1;1;XEUR;4632093;17;
03.02.2025;16:52:09.891;A2XA SI 20251219 CS;SIMPLE_INSTRUMENT;BLOCK;EUR;50;2.17000000;900;EXCHANGE_LAST;;1;1;XEUR;3681055;17;
03.02.2025;16:52:19.580;A2XA SI 20261218 CS;SIMPLE_INSTRUMENT;BLOCK;EUR;51;2.18000000;900;EXCHANGE_LAST;;1;1;XEUR;4632093;17;
03.02.2025;16:52:32.745;A2XA SI 20271217 CS;SIMPLE_INSTRUMENT;BLOCK;EUR;52;2.09000000;900;EXCHANGE_LAST;;1;1;XEUR;5914267;17;
03.02.2025;16:29:12.136;A3BB SI 20250620 CS;SIMPLE_INSTRUMENT;BLOCK;CHF;41;0.90000000;340;EXCHANGE_LAST;;1;1;XEUR;10886738;574519;
03.02.2025;16:29:06.753;ABBG SI 20250620 CS;SIMPLE_INSTRUMENT;BLOCK;CHF;40;48.51500000;5000;EXCHANGE_LAST;;1;1;XEUR;11209548;574520;
03.02.2025;08:37:26.493;ABBN SI 20251219 PS AM P 40.00 0;SIMPLE_INSTRUMENT;BLOCK;CHF;1;1.37000000;1250;EXCHANGE_LAST;;1;1;XEUR;8509432;574517;
03.02.2025;16:18:10.961;ABBN.O.250203.BER.000005;STANDARD_OPTION_STRATEGY;BLOCK;CHF;38;3.97000000;1000;EXCHANGE_LAST;;1;1;XEUR;74525125763937659;574517;
03.02.2025;16:18:10.961;ABBN SI 20250919 PS AM P 52.00 0;SIMPLE_INSTRUMENT;BLOCK;CHF;38;5.70000000;1000;PRC_DECOMP_EXCHANGE;;;;XEUR;11927838;574517;EXCHANGE
03.02.2025;16:18:10.961;ABBN SI 20250919 PS AM P 44.00 0;SIMPLE_INSTRUMENT;BLOCK;CHF;38;1.73000000;1000;PRC_DECOMP_EXCHANGE;;;;XEUR;11927908;574517;EXCHANGE
03.02.2025;08:51:52.379;ADEN SI 20250620 PS AM P 22.00 0;SIMPLE_INSTRUMENT;BLOCK;CHF;3;2.62000000;1000;EXCHANGE_LAST;;1;1;XEUR;11347907;44;
03.02.2025;15:58:32.593;ADS SI 20251219 PS AM P 240.00 0;SIMPLE_INSTRUMENT;BLOCK;EUR;12;19.25000000;300;EXCHANGE_LAST;;1;1;XEUR;5919900;50;
03.02.2025;17:00:25.496;AHOI SI 20250321 CS;SIMPLE_INSTRUMENT;BLOCK;EUR;53;34.19500000;7500;EXCHANGE_LAST;;2;1;XEUR;10721266;48791;
03.02.2025;09:27:38.091;AKE.O.250203.STG.000002;STANDARD_OPTION_STRATEGY;BLOCK;EUR;2;7.55000000;200;EXCHANGE_LAST;;1;1;XEUR;72057924750412915;77;
03.02.2025;09:27:38.091;AKE SI 20251219 PS AM P 64.00 0;SIMPLE_INSTRUMENT;BLOCK;EUR;2;4.00000000;200;PRC_DECOMP_EXCHANGE;;;;XEUR;10395002;77;EXCHANGE
03.02.2025;09:27:38.091;AKE SI 20251219 PS AM C 84.00 0;SIMPLE_INSTRUMENT;BLOCK;EUR;2;3.55000000;200;PRC_DECOMP_EXCHANGE;;;;XEUR;12431864;77;EXCHANGE
03.02.2025;09:39:17.279;ANN SI 20251219 PS AM P 26.00 0;SIMPLE_INSTRUMENT;BLOCK;EUR;2;1.95000000;3500;EXCHANGE_LAST;;1;1;XEUR;12469704;45202;
03.02.2025;09:11:27.752;AXA.O.250203.BER.000001;STANDARD_OPTION_STRATEGY;BLOCK;EUR;1;0.66000000;1250;EXCHANGE_LAST;;1;1;XEUR;72058139498795265;127;
03.02.2025;09:11:27.752;AXA SI 20251219 PS AM P 24.00 0;SIMPLE_INSTRUMENT;BLOCK;EUR;1;0.41000000;1250;PRC_DECOMP_EXCHANGE;;;;XEUR;5921732;127;EXCHANGE
03.02.2025;09:11:27.752;AXA SI 20251219 PS AM P 30.00 0;SIMPLE_INSTRUMENT;BLOCK;EUR;1;1.07000000;1250;PRC_DECOMP_EXCHANGE;;;;XEUR;11479914;127;EXCHANGE
03.02.2025;12:44:06.802;AXA.O.250203.BRT.000006;STANDARD_OPTION_STRATEGY;BLOCK;EUR;14;0.24000000;2000;EXCHANGE_LAST;;1;1;XEUR;72058139498795270;127;
03.02.2025;12:44:06.802;AXA SI 20250321 PS AM P 34.00 0;SIMPLE_INSTRUMENT;BLOCK;EUR;14;0.39000000;2000;PRC_DECOMP_EXCHANGE;;;;XEUR;10830420;127;EXCHANGE
03.02.2025;12:44:06.802;AXA SI 20250221 PS AM P 34.00 0;SIMPLE_INSTRUMENT;BLOCK;EUR;14;0.15000000;2000;PRC_DECOMP_EXCHANGE;;;;XEUR;12238906;127;EXCHANGE
03.02.2025;12:40:53.678;B2NP SI 20251219 CS;SIMPLE_INSTRUMENT;BLOCK;EUR;13;5.47000000;840;EXCHANGE_LAST;;3;4;XEUR;5914355;131;
03.02.2025;15:51:16.527;B2NP SI 20261218 CS;SIMPLE_INSTRUMENT;BLOCK;EUR;27;4.82000000;100;EXCHANGE_LAST;;1;1;XEUR;6798320;131;
03.02.2025;16:30:37.173;B2NP SI 20251219 CS;SIMPLE_INSTRUMENT;BLOCK;EUR;43;5.44000000;350;EXCHANGE_LAST;;1;1;XEUR;5914355;131;
03.02.2025;17:09:15.319;B2NP SI 20251219 CS;SIMPLE_INSTRUMENT;BLOCK;EUR;56;5.40000000;100;EXCHANGE_LAST;;1;1;XEUR;5914355;131;
03.02.2025;17:38:47.936;B2NP SI 20251219 CS;SIMPLE_INSTRUMENT;BLOCK;EUR;60;5.40000000;200;EXCHANGE_LAST;;1;1;XEUR;5914355;131;
03.02.2025;10:44:16.685;B3BV SI 20261218 CS;SIMPLE_INSTRUMENT;BLOCK;EUR;6;0.69500000;1300;EXCHANGE_LAST;;1;2;XEUR;6798345;135;
03.02.2025;12:02:50.108;B3BV SI 20261218 CS;SIMPLE_INSTRUMENT;BLOCK;EUR;10;0.69000000;400;EXCHANGE_LAST;;1;1;XEUR;6798345;135;
03.02.2025;12:09:59.211;B3BV SI 20261218 CS;SIMPLE_INSTRUMENT;BLOCK;EUR;11;0.68500000;400;EXCHANGE_LAST;;1;1;XEUR;6798345;135;
03.02.2025;09:13:30.812;BAEN SI 20250321 PS AM P 58.00 0;SIMPLE_INSTRUMENT;BLOCK;CHF;8;2.34000000;800;EXCHANGE_LAST;;1;1;XEUR;12433304;159;
03.02.2025;11:15:36.992;BAEN SI 20251219 PS AM P 44.00 0;SIMPLE_INSTRUMENT;BLOCK;CHF;19;1.58000000;1250;EXCHANGE_LAST;;1;1;XEUR;5921986;159;
03.02.2025;10:29:47.357;BALN SI 20250919 PS AM C 160.00 0;SIMPLE_INSTRUMENT;BLOCK;CHF;13;9.80000000;200;EXCHANGE_LAST;;1;1;XEUR;11872668;147;
03.02.2025;09:06:07.908;BAN SI 20250321 PS AM P 52.00 0;SIMPLE_INSTRUMENT;BLOCK;CHF;6;1.38000000;800;EXCHANGE_LAST;;1;1;XEUR;10878583;298535;
03.02.2025;13:32:34.853;BAS SI 20250321 PS AM P 42.00 0;SIMPLE_INSTRUMENT;BLOCK;EUR;3;0.84000000;4500;EXCHANGE_LAST;;3;2;XEUR;10830938;150;
03.02.2025;14:43:17.492;BAS.O.250203.BER.000011;STANDARD_OPTION_STRATEGY;BLOCK;EUR;5;0.61000000;2000;EXCHANGE_LAST;;2;1;XEUR;72058238283091594;150;
03.02.2025;14:43:17.492;BAS SI 20250221 PS AM P 44.00 0;SIMPLE_INSTRUMENT;BLOCK;EUR;5;0.77000000;2000;PRC_DECOMP_EXCHANGE;;;;XEUR;12239047;150;EXCHANGE
03.02.2025;14:43:17.492;BAS SI 20250221 PS AM P 40.00 0;SIMPLE_INSTRUMENT;BLOCK;EUR;5;0.16000000;2000;PRC_DECOMP_EXCHANGE;;;;XEUR;12238994;150;EXCHANGE
03.02.2025;15:40:37.166;BASG SI 20250321 CS;SIMPLE_INSTRUMENT;BLOCK;EUR;25;44.69750000;2000;EXCHANGE_LAST;;1;1;XEUR;10694474;171;
03.02.2025;10:55:47.771;BAY SI 20260619 PS AM P 20.00 0;SIMPLE_INSTRUMENT;BLOCK;EUR;1;2.97000000;1000;EXCHANGE_LAST;;1;1;XEUR;9539708;168;
03.02.2025;10:48:19.626;BMW SI 20250221 PS AM C 76.00 0;SIMPLE_INSTRUMENT;BLOCK;EUR;9;1.87000000;1000;EXCHANGE_LAST;;1;1;XEUR;12239967;210;
03.02.2025;13:06:14.231;BNP.O.250203.BER.000005;STANDARD_OPTION_STRATEGY;BLOCK;EUR;16;2.34000000;1500;EXCHANGE_LAST;;1;1;XEUR;72058611945199853;237;
03.02.2025;13:06:14.231;BNP SI 20250620 PS AM P 60.00 0;SIMPLE_INSTRUMENT;BLOCK;EUR;16;3.47000000;1500;PRC_DECOMP_EXCHANGE;;;;XEUR;7900161;237;EXCHANGE
03.02.2025;13:06:14.231;BNP SI 20250620 PS AM P 52.00 0;SIMPLE_INSTRUMENT;BLOCK;EUR;16;1.13000000;1500;PRC_DECOMP_EXCHANGE;;;;XEUR;7900150;237;EXCHANGE
03.02.2025;14:01:15.386;BNP.O.250203.BR23.000006;STANDARD_OPTION_STRATEGY;BLOCK;EUR;21;-14.10000000;500;EXCHANGE_LAST;;1;2;XEUR;72058611945199854;237;
03.02.2025;14:01:15.386;BNP SI 20281215 PS AM P 38.00 0;SIMPLE_INSTRUMENT;BLOCK;EUR;21;4.58000000;1500;PRC_DECOMP_EXCHANGE;;;;XEUR;12231687;237;EXCHANGE
03.02.2025;14:01:15.386;BNP SI 20281215 PS AM P 60.00 0;SIMPLE_INSTRUMENT;BLOCK;EUR;21;13.92000000;1000;PRC_DECOMP_EXCHANGE;;;;XEUR;10398997;237;EXCHANGE
03.02.2025;15:38:11.999;BNP FI 20250331 PS EU C 66.0000 0;FLEXIBLE_INSTRUMENT;BLOCK;EUR;27;2.07000000;2500;EXCHANGE_LAST;;1;1;XEUR;1152922522514107442;237;
03.02.2025;16:04:27.846;BNP.O.250203.STD.000008;STANDARD_OPTION_STRATEGY;BLOCK;EUR;29;4.96000000;500;EXCHANGE_LAST;;1;1;XEUR;72058611945199856;237;
03.02.2025;16:04:27.846;BNP SI 20250321 PS AM C 64.00 0;SIMPLE_INSTRUMENT;BLOCK;EUR;29;2.82000000;500;PRC_DECOMP_EXCHANGE;;;;XEUR;10832961;237;EXCHANGE
03.02.2025;16:04:27.846;BNP SI 20250321 PS AM P 64.00 0;SIMPLE_INSTRUMENT;BLOCK;EUR;29;2.14000000;500;PRC_DECOMP_EXCHANGE;;;;XEUR;10832936;237;EXCHANGE
03.02.2025;16:16:32.583;BNP.O.250203.BLT.000010;STANDARD_OPTION_STRATEGY;BLOCK;EUR;31;2.00000000;700;EXCHANGE_LAST;;1;1;XEUR;72058611945199858;237;
03.02.2025;16:16:32.583;BNP SI 20250620 PS AM C 70.00 0;SIMPLE_INSTRUMENT;BLOCK;EUR;31;1.44000000;700;PRC_DECOMP_EXCHANGE;;;;XEUR;12372385;237;EXCHANGE
03.02.2025;16:16:32.583;BNP SI 20260619 PS AM C 70.00 0;SIMPLE_INSTRUMENT;BLOCK;EUR;31;3.44000000;700;PRC_DECOMP_EXCHANGE;;;;XEUR;12372393;237;EXCHANGE
03.02.2025;16:43:08.300;BNPH SI 20250321 CS;SIMPLE_INSTRUMENT;BLOCK;EUR;45;64.51600000;4000;EXCHANGE_LAST;;1;1;XEUR;10695531;236;
03.02.2025;13:01:23.418;C4RI SI 20251219 CS;SIMPLE_INSTRUMENT;BLOCK;EUR;16;2.67000000;100;EXCHANGE_LAST;;1;1;XEUR;5914459;50862;
03.02.2025;12:54:52.296;C4RI SI 20251219 CS;SIMPLE_INSTRUMENT;BLOCK;EUR;17;2.66500000;500;EXCHANGE_LAST;;1;1;XEUR;5914459;50862;
03.02.2025;15:47:33.953;C4RI SI 20251219 CS;SIMPLE_INSTRUMENT;BLOCK;EUR;28;2.67500000;150;EXCHANGE_LAST;;1;1;XEUR;5914459;50862;
03.02.2025;10:37:37.780;CFR SI 20250919 PS AM P 140.00 0;SIMPLE_INSTRUMENT;BLOCK;CHF;15;4.35000000;400;EXCHANGE_LAST;;1;1;XEUR;11876535;313;
03.02.2025;14:18:49.122;CGMF SI 20250321 CS;SIMPLE_INSTRUMENT;BLOCK;EUR;19;173.56000000;1250;EXCHANGE_LAST;;1;1;XEUR;10696787;318;
03.02.2025;14:35:06.948;CON SI 20250221 PS AM P 66.00 0;SIMPLE_INSTRUMENT;BLOCK;EUR;19;1.80000000;500;EXCHANGE_LAST;;1;1;XEUR;12276877;414620;
03.02.2025;11:04:08.168;D2TE SI 20251219 CS;SIMPLE_INSTRUMENT;BLOCK;EUR;7;0.89000000;1535;EXCHANGE_LAST;;1;1;XEUR;5914522;359;
03.02.2025;09:41:00.379;D3AI SI 20251219 CS;SIMPLE_INSTRUMENT;BLOCK;EUR;3;4.24000000;150;EXCHANGE_LAST;;2;2;XEUR;7144062;443197;
03.02.2025;10:02:30.199;D3AI SI 20251219 CS;SIMPLE_INSTRUMENT;BLOCK;EUR;4;4.22000000;50;EXCHANGE_LAST;;1;1;XEUR;7144062;443197;
03.02.2025;10:12:49.103;DAI.O.250203.STG.000004;STANDARD_OPTION_STRATEGY;BLOCK;EUR;7;13.25000000;1500;EXCHANGE_LAST;;1;2;XEUR;73961106363663888;443196;
03.02.2025;10:12:49.103;DAI SI 20261218 PS AM P 52.00 0;SIMPLE_INSTRUMENT;BLOCK;EUR;7;7.43000000;1500;PRC_DECOMP_EXCHANGE;;;;XEUR;7190097;443196;EXCHANGE
03.02.2025;10:12:49.103;DAI SI 20261218 PS AM C 56.00 0;SIMPLE_INSTRUMENT;BLOCK;EUR;7;5.82000000;1500;PRC_DECOMP_EXCHANGE;;;;XEUR;7362235;443196;EXCHANGE
03.02.2025;11:34:12.362;DAI SI 20250221 PS AM C 58.00 0;SIMPLE_INSTRUMENT;BLOCK;EUR;13;1.25000000;2500;EXCHANGE_LAST;;2;1;XEUR;12277882;443196;
03.02.2025;15:30:32.950;DAI SI 20250321 PS AM P 56.00 0;SIMPLE_INSTRUMENT;BLOCK;EUR;22;2.17000000;1000;EXCHANGE_LAST;;1;1;XEUR;10884518;443196;
03.02.2025;11:37:20.327;DPW SI 20251219 PS AM C 36.00 0;SIMPLE_INSTRUMENT;BLOCK;EUR;5;1.65000000;1500;EXCHANGE_LAST;;1;1;XEUR;5926787;445;
03.02.2025;16:04:25.604;DPW.O.250203.STD.000028;STANDARD_OPTION_STRATEGY;BLOCK;EUR;10;9.05000000;1700;EXCHANGE_LAST;;2;1;XEUR;72059505298415603;445;
03.02.2025;16:04:25.604;DPW SI 20261218 PS AM C 28.00 0;SIMPLE_INSTRUMENT;BLOCK;EUR;10;7.05000000;1700;PRC_DECOMP_EXCHANGE;;;;XEUR;7493550;445;EXCHANGE
03.02.2025;16:04:25.604;DPW SI 20261218 PS AM P 28.00 0;SIMPLE_INSTRUMENT;BLOCK;EUR;10;2.00000000;1700;PRC_DECOMP_EXCHANGE;;;;XEUR;7493556;445;EXCHANGE
03.02.2025;10:49:56.609;DTE SI 20251219 PS AM P 25.00 0;SIMPLE_INSTRUMENT;BLOCK;EUR;4;0.40000000;2500;EXCHANGE_LAST;;1;1;XEUR;11262847;424;
03.02.2025;16:44:41.129;DTE SI 20250321 PS AM C 28.00 0;SIMPLE_INSTRUMENT;BLOCK;EUR;13;4.67000000;3000;EXCHANGE_LAST;;1;1;XEUR;10836589;424;
03.02.2025;09:16:26.766;DTEE SI 20251219 PS EU C 25.00 0;SIMPLE_INSTRUMENT;BLOCK;EUR;1;7.69000000;14000;EXCHANGE_LAST;;1;1;XEUR;9660427;429;
03.02.2025;09:22:34.085;DTG SI 20250221 PS AM C 42.50 0;SIMPLE_INSTRUMENT;BLOCK;EUR;3;0.55000000;2215;EXCHANGE_LAST;;1;1;XEUR;12655165;455942;
03.02.2025;09:22:57.833;DTG SI 20250221 PS AM C 45.00 0;SIMPLE_INSTRUMENT;BLOCK;EUR;4;0.11000000;2215;EXCHANGE_LAST;;1;1;XEUR;12278042;455942;
03.02.2025;11:18:16.193;DTG SI 20250417 PS AM C 48.00 0;SIMPLE_INSTRUMENT;BLOCK;EUR;11;0.35000000;2500;EXCHANGE_LAST;;1;1;XEUR;12676615;455942;
03.02.2025;16:14:46.526;DTG SI 20250221 PS AM C 43.00 0;SIMPLE_INSTRUMENT;BLOCK;EUR;24;0.75000000;1000;EXCHANGE_LAST;;2;1;XEUR;12278046;455942;
03.02.2025;12:13:56.929;EAD SI 20251219 PS AM P 160.00 0;SIMPLE_INSTRUMENT;BLOCK;EUR;10;12.68000000;500;EXCHANGE_LAST;;1;1;XEUR;11013927;465;
03.02.2025;12:14:12.883;EAD SI 20250620 PS AM C 200.00 0;SIMPLE_INSTRUMENT;BLOCK;EUR;11;1.30000000;500;EXCHANGE_LAST;;1;1;XEUR;11013878;465;
03.02.2025;14:14:16.776;ENR.O.250203.BU23.000008;STANDARD_OPTION_STRATEGY;BLOCK;EUR;8;-2.84000000;1000;EXCHANGE_LAST;;1;1;XEUR;73339770624817866;298530;
03.02.2025;14:14:16.776;ENR SI 20250321 PS AM C 60.00 0;SIMPLE_INSTRUMENT;BLOCK;EUR;8;2.77000000;2000;PRC_DECOMP_EXCHANGE;;;;XEUR;12193252;298530;EXCHANGE
03.02.2025;14:14:16.776;ENR SI 20250321 PS AM C 70.00 0;SIMPLE_INSTRUMENT;BLOCK;EUR;8;0.90000000;3000;PRC_DECOMP_EXCHANGE;;;;XEUR;12573860;298530;EXCHANGE
03.02.2025;14:23:59.761;F3IA SI 20261218 CS;SIMPLE_INSTRUMENT;BLOCK;EUR;22;0.58500000;500;EXCHANGE_LAST;;1;1;XEUR;6830373;390387;
03.02.2025;17:09:36.307;F3TE SI 20271217 CS;SIMPLE_INSTRUMENT;BLOCK;EUR;58;0.68300000;375;EXCHANGE_LAST;;2;2;XEUR;6633916;390379;
03.02.2025;17:09:18.096;F3TE SI 20271217 CS;SIMPLE_INSTRUMENT;BLOCK;EUR;59;0.68200000;375;EXCHANGE_LAST;;2;2;XEUR;6633916;390379;
03.02.2025;09:02:11.225;FBTP SI 20250306 PS;SIMPLE_INSTRUMENT;EFP_FIN;EUR;1;119.77000000;510;EXCHANGE_LAST;;1;1;XEUR;11286675;636;
03.02.2025;09:16:07.861;FBTP SI 20250306 PS;SIMPLE_INSTRUMENT;BLOCK;EUR;2;119.99000000;1000;EXCHANGE_LAST;;1;1;XEUR;11286675;636;
03.02.2025;09:40:35.626;FBTP SI 20250306 PS;SIMPLE_INSTRUMENT;BLOCK;EUR;3;119.96000000;300;EXCHANGE_LAST;;1;1;XEUR;11286675;636;
03.02.2025;09:44:28.213;FBTP SI 20250306 PS;SIMPLE_INSTRUMENT;EFP_FIN;EUR;4;119.94000000;582;EXCHANGE_LAST;;1;1;XEUR;11286675;636;
03.02.2025;10:41:49.389;FBTP SI 20250306 PS;SIMPLE_INSTRUMENT;BLOCK;EUR;5;120.03000000;600;EXCHANGE_LAST;;1;1;XEUR;11286675;636;
03.02.2025;10:47:44.005;FBTP SI 20250306 PS;SIMPLE_INSTRUMENT;EFP_FIN;EUR;6;120.00000000;510;EXCHANGE_LAST;;1;1;XEUR;11286675;636;
03.02.2025;11:03:00.806;FBTP SI 20250306 PS;SIMPLE_INSTRUMENT;EFP_FIN;EUR;7;120.05000000;172;EXCHANGE_LAST;;1;1;XEUR;11286675;636;
03.02.2025;11:22:40.643;FBTP SI 20250306 PS;SIMPLE_INSTRUMENT;EFP_FIN;EUR;8;120.05000000;197;EXCHANGE_LAST;;1;1;XEUR;11286675;636;
03.02.2025;11:34:51.460;FBTP SI 20250306 PS;SIMPLE_INSTRUMENT;EFS;EUR;9;120.00000000;1143;EXCHANGE_LAST;;1;1;XEUR;11286675;636;
03.02.2025;11:36:58.842;FBTP SI 20250306 PS;SIMPLE_INSTRUMENT;EFP_FIN;EUR;10;119.98000000;227;EXCHANGE_LAST;;1;1;XEUR;11286675;636;
03.02.2025;12:33:36.010;FBTP SI 20250306 PS;SIMPLE_INSTRUMENT;BLOCK;EUR;11;120.16000000;500;EXCHANGE_LAST;;1;1;XEUR;11286675;636;
03.02.2025;13:03:02.066;FBTP SI 20250306 PS;SIMPLE_INSTRUMENT;EFP_FIN;EUR;12;120.22000000;382;EXCHANGE_LAST;;1;1;XEUR;11286675;636;
03.02.2025;13:39:10.346;FBTP SI 20250306 PS;SIMPLE_INSTRUMENT;EFP_FIN;EUR;13;120.25000000;232;EXCHANGE_LAST;;1;1;XEUR;11286675;636;
03.02.2025;14:54:01.425;FBTP SI 20250306 PS;SIMPLE_INSTRUMENT;EFP_FIN;EUR;14;120.30000000;155;EXCHANGE_LAST;;1;1;XEUR;11286675;636;
03.02.2025;16:05:40.113;FBTP SI 20250306 PS;SIMPLE_INSTRUMENT;EFP_FIN;EUR;15;120.14000000;90;EXCHANGE_LAST;;1;1;XEUR;11286675;636;
03.02.2025;16:06:56.819;FBTP SI 20250306 PS;SIMPLE_INSTRUMENT;EFP_FIN;EUR;16;120.14000000;97;EXCHANGE_LAST;;1;1;XEUR;11286675;636;
03.02.2025;16:28:57.715;FBTP SI 20250306 PS;SIMPLE_INSTRUMENT;EFP_FIN;EUR;17;120.28000000;895;EXCHANGE_LAST;;1;1;XEUR;11286675;636;
03.02.2025;16:51:45.721;FBTP SI 20250306 PS;SIMPLE_INSTRUMENT;EFP_FIN;EUR;18;120.28000000;179;EXCHANGE_LAST;;1;1;XEUR;11286675;636;
03.02.2025;16:53:04.717;FBTP SI 20250306 PS;SIMPLE_INSTRUMENT;EFP_FIN;EUR;19;120.28000000;761;EXCHANGE_LAST;;1;1;XEUR;11286675;636;
03.02.2025;17:18:51.225;FBTP SI 20250306 PS;SIMPLE_INSTRUMENT;EFP_FIN;EUR;21;120.20000000;1245;EXCHANGE_LAST;;1;1;XEUR;11286675;636;
03.02.2025;17:21:22.168;FBTP SI 20250306 PS;SIMPLE_INSTRUMENT;EFP_FIN;EUR;22;120.20000000;1253;EXCHANGE_LAST;;1;1;XEUR;11286675;636;
03.02.2025;09:19:20.837;FBTS SI 20250306 PS;SIMPLE_INSTRUMENT;EFP_FIN;EUR;3;107.48000000;608;EXCHANGE_LAST;;1;1;XEUR;11286677;639;
03.02.2025;09:40:39.152;FBTS SI 20250306 PS;SIMPLE_INSTRUMENT;EFP_FIN;EUR;4;107.48000000;1269;EXCHANGE_LAST;;1;1;XEUR;11286677;639;
03.02.2025;11:26:36.652;FBTS SI 20250306 PS;SIMPLE_INSTRUMENT;EFP_FIN;EUR;15;107.47000000;455;EXCHANGE_LAST;;1;1;XEUR;11286677;639;
03.02.2025;12:15:29.301;FBTS SI 20250306 PS;SIMPLE_INSTRUMENT;EFP_FIN;EUR;20;107.52000000;680;EXCHANGE_LAST;;1;1;XEUR;11286677;639;
03.02.2025;12:32:57.392;FBTS SI 20250306 PS;SIMPLE_INSTRUMENT;EFP_FIN;EUR;23;107.52000000;1565;EXCHANGE_LAST;;1;1;XEUR;11286677;639;
03.02.2025;14:42:12.059;FBTS SI 20250306 PS;SIMPLE_INSTRUMENT;EFP_FIN;EUR;31;107.51000000;185;EXCHANGE_LAST;;1;1;XEUR;11286677;639;
03.02.2025;15:07:49.835;FBTS SI 20250306 PS;SIMPLE_INSTRUMENT;EFP_FIN;EUR;33;107.54000000;680;EXCHANGE_LAST;;1;1;XEUR;11286677;639;
03.02.2025;15:56:07.977;FBTS SI 20250306 PS;SIMPLE_INSTRUMENT;EFP_FIN;EUR;37;107.56000000;198;EXCHANGE_LAST;;1;1;XEUR;11286677;639;
03.02.2025;16:37:05.679;FBTS SI 20250306 PS;SIMPLE_INSTRUMENT;EFP_FIN;EUR;39;107.55000000;340;EXCHANGE_LAST;;1;1;XEUR;11286677;639;
03.02.2025;16:23:52.443;FCEU SI 20250317 PS;SIMPLE_INSTRUMENT;BLOCK;USD;6;1.03360000;703;EXCHANGE_LAST;;1;1;XEUR;9136240;369376;
03.02.2025;09:12:15.957;FCME SI 20250317 CS;SIMPLE_INSTRUMENT;BLOCK;EUR;4;0.04596000;125;EXCHANGE_LAST;;1;1;XEUR;11329544;570873;
03.02.2025;08:26:32.471;FCMU SI 20250317 CS;SIMPLE_INSTRUMENT;BLOCK;USD;2;0.04716000;140;EXCHANGE_LAST;;1;1;XEUR;11329545;570874;
03.02.2025;16:19:53.515;FCMU SI 20250317 CS;SIMPLE_INSTRUMENT;BLOCK;USD;5;0.04850000;140;EXCHANGE_LAST;;1;1;XEUR;11329545;570874;
03.02.2025;09:04:56.895;FCPU SI 20250317 PS;SIMPLE_INSTRUMENT;BLOCK;USD;3;1.23060000;101;EXCHANGE_LAST;;1;1;XEUR;9136249;369379;
03.02.2025;07:38:52.907;FCZU SI 20250317 CS;SIMPLE_INSTRUMENT;BLOCK;USD;1;0.05279000;350;EXCHANGE_LAST;;1;1;XEUR;11329546;570872;
03.02.2025;16:46:11.247;FDAX SI 20250321 CS;SIMPLE_INSTRUMENT;EFP_IDX;EUR;1;21527.00000000;19;EXCHANGE_LAST;;1;1;XEUR;7561255;589;
03.02.2025;16:46:11.247;FDAX SI 20250321 CS;SIMPLE_INSTRUMENT;EFP_IDX;EUR;2;21528.00000000;6;EXCHANGE_LAST;;1;1;XEUR;7561255;589;
03.02.2025;16:56:27.630;FDAX SI 20250321 CS;SIMPLE_INSTRUMENT;EFP_IDX;EUR;3;21527.00000000;41;EXCHANGE_LAST;;1;1;XEUR;7561255;589;
03.02.2025;17:24:33.374;FDAX SI 20250321 CS;SIMPLE_INSTRUMENT;EFP_IDX;EUR;6;21525.00000000;86;EXCHANGE_LAST;;1;1;XEUR;7561255;589;
03.02.2025;17:25:04.643;FDAX SI 20250321 CS;SIMPLE_INSTRUMENT;EFP_IDX;EUR;7;21530.00000000;104;EXCHANGE_LAST;;1;1;XEUR;7561255;589;
03.02.2025;10:47:29.313;FEBD SI 20261218 CS;SIMPLE_INSTRUMENT;BLOCK;EUR;22;10.02000000;600;EXCHANGE_LAST;;2;1;XEUR;7158212;597;
03.02.2025;14:14:50.054;FEBD.S.DEC25.DEC26.SPD;FUTURES_SPREAD;BLOCK;EUR;33;0.26000000;370;EXCHANGE_LAST;;1;1;XEUR;72060158133406997;597;
03.02.2025;14:14:50.054;FEBD SI 20251219 CS;SIMPLE_INSTRUMENT;BLOCK;EUR;33;10.29000000;370;PRC_DECOMP_EXCHANGE;;;;XEUR;5914075;597;EXCHANGE
03.02.2025;14:14:50.054;FEBD SI 20261218 CS;SIMPLE_INSTRUMENT;BLOCK;EUR;33;10.03000000;370;PRC_DECOMP_EXCHANGE;;;;XEUR;7158212;597;EXCHANGE
03.02.2025;14:43:05.065;FEBD SI 20251219 CS;SIMPLE_INSTRUMENT;BLOCK;EUR;35;10.34000000;250;EXCHANGE_LAST;;1;1;XEUR;5914075;597;
03.02.2025;15:18:31.399;FECX SI 20250321 CS;SIMPLE_INSTRUMENT;BLOCK;EUR;37;166.62000000;100;EXCHANGE_LAST;;1;1;XEUR;11427948;410158;
03.02.2025;13:09:51.809;FEDV SI 20250321 CS;SIMPLE_INSTRUMENT;BLOCK;EUR;27;1717.00000000;950;EXCHANGE_LAST;;1;1;XEUR;11359068;596;
03.02.2025;16:45:05.382;FEDV SI 20250321 CS;SIMPLE_INSTRUMENT;EFP_IDX;EUR;49;1724.00000000;63;EXCHANGE_LAST;;1;1;XEUR;11359068;596;
03.02.2025;16:44:50.857;FEDV SI 20250321 CS;SIMPLE_INSTRUMENT;BLOCK;EUR;50;1723.50000000;726;EXCHANGE_LAST;;1;1;XEUR;11359068;596;
03.02.2025;10:33:50.044;FER SI 20250417 PS AM C 41.00 0;SIMPLE_INSTRUMENT;BLOCK;EUR;2;1.25000000;445;EXCHANGE_LAST;;1;1;XEUR;12668439;949853;
03.02.2025;16:04:08.528;FES1 SI 20250321 PS;SIMPLE_INSTRUMENT;BLOCK;EUR;45;11.20000000;1500;EXCHANGE_LAST;;1;1;XEUR;11391470;58959;
03.02.2025;11:07:16.642;FESB SI 20250321 CS;SIMPLE_INSTRUMENT;BLOCK;EUR;26;158.70000000;3360;EXCHANGE_LAST;;1;1;XEUR;11359072;605;
03.02.2025;12:23:18.471;FESB SI 20250321 CS;SIMPLE_INSTRUMENT;BLOCK;EUR;28;158.90000000;5000;EXCHANGE_LAST;;1;1;XEUR;11359072;605;
03.02.2025;12:42:23.825;FESB SI 20250321 CS;SIMPLE_INSTRUMENT;BLOCK;EUR;29;158.90000000;17500;EXCHANGE_LAST;;1;1;XEUR;11359072;605;
03.02.2025;13:49:19.239;FESB SI 20250321 CS;SIMPLE_INSTRUMENT;EFP_IDX;EUR;32;158.00000000;3500;EXCHANGE_LAST;;1;1;XEUR;11359072;605;
03.02.2025;13:44:15.919;FESB SI 20250321 CS;SIMPLE_INSTRUMENT;EFP_IDX;EUR;33;158.00000000;3500;EXCHANGE_LAST;;1;1;XEUR;11359072;605;
03.02.2025;14:38:21.272;FESB SI 20250321 CS;SIMPLE_INSTRUMENT;BLOCK;EUR;37;158.00000000;6000;EXCHANGE_LAST;;1;1;XEUR;11359072;605;
03.02.2025;14:40:14.226;FESB SI 20250321 CS;SIMPLE_INSTRUMENT;BLOCK;EUR;39;158.00000000;5000;EXCHANGE_LAST;;1;1;XEUR;11359072;605;
03.02.2025;15:36:33.881;FESB SI 20250321 CS;SIMPLE_INSTRUMENT;BLOCK;EUR;41;157.50000000;2500;EXCHANGE_LAST;;1;1;XEUR;11359072;605;
03.02.2025;15:36:57.449;FESB SI 20250321 CS;SIMPLE_INSTRUMENT;BLOCK;EUR;42;157.50000000;2500;EXCHANGE_LAST;;1;1;XEUR;11359072;605;
03.02.2025;16:37:26.560;FESB SI 20250321 CS;SIMPLE_INSTRUMENT;BLOCK;EUR;44;158.40000000;1650;EXCHANGE_LAST;;1;1;XEUR;11359072;605;
03.02.2025;16:55:45.734;FESB SI 20250321 CS;SIMPLE_INSTRUMENT;EFP_IDX;EUR;54;158.95000000;90;EXCHANGE_LAST;;1;1;XEUR;11359072;605;
03.02.2025;16:55:54.734;FESB SI 20250321 CS;SIMPLE_INSTRUMENT;EFP_IDX;EUR;56;159.00000000;134;EXCHANGE_LAST;;1;1;XEUR;11359072;605;
03.02.2025;08:42:39.265;FESB SI 20250321 CS;SIMPLE_INSTRUMENT;VOLA;EUR;603979781;158.50000000;1740;EXCHANGE_LAST;;1;1;XEUR;11359072;605;
03.02.2025;09:49:03.359;FESB SI 20250321 CS;SIMPLE_INSTRUMENT;VOLA;EUR;603979786;159.30000000;300;EXCHANGE_LAST;;1;1;XEUR;11359072;605;
03.02.2025;11:15:51.192;FESB SI 20250321 CS;SIMPLE_INSTRUMENT;VOLA;EUR;603979792;158.65000000;60;EXCHANGE_LAST;;1;1;XEUR;11359072;605;
03.02.2025;11:55:03.231;FESB SI 20250321 CS;SIMPLE_INSTRUMENT;VOLA;EUR;603979803;158.65000000;5460;EXCHANGE_LAST;;1;1;XEUR;11359072;605;
03.02.2025;14:02:43.356;FESB SI 20250321 CS;SIMPLE_INSTRUMENT;VOLA;EUR;603979829;158.75000000;600;EXCHANGE_LAST;;1;1;XEUR;11359072;605;
03.02.2025;15:34:06.170;FESB SI 20250321 CS;SIMPLE_INSTRUMENT;VOLA;EUR;603979842;156.30000000;120;EXCHANGE_LAST;;1;1;XEUR;11359072;605;
03.02.2025;09:39:08.187;FESX SI 20250321 CS;SIMPLE_INSTRUMENT;BLOCK;EUR;1;5200.00000000;2000;EXCHANGE_LAST;;1;1;XEUR;7793482;675;
03.02.2025;09:50:41.254;FESX SI 20250321 CS;SIMPLE_INSTRUMENT;BLOCK;EUR;2;5203.00000000;2548;EXCHANGE_LAST;;1;1;XEUR;7793482;675;
03.02.2025;10:26:53.076;FESX SI 20250321 CS;SIMPLE_INSTRUMENT;BLOCK;EUR;3;5195.00000000;2014;EXCHANGE_LAST;;1;1;XEUR;7793482;675;
03.02.2025;10:51:29.959;FESX SI 20250321 CS;SIMPLE_INSTRUMENT;BLOCK;EUR;4;5200.00000000;3000;EXCHANGE_LAST;;1;1;XEUR;7793482;675;
03.02.2025;10:54:11.183;FESX SI 20250321 CS;SIMPLE_INSTRUMENT;BLOCK;EUR;5;5200.00000000;2000;EXCHANGE_LAST;;1;1;XEUR;7793482;675;
03.02.2025;10:55:07.282;FESX SI 20250321 CS;SIMPLE_INSTRUMENT;BLOCK;EUR;6;5200.00000000;2500;EXCHANGE_LAST;;1;1;XEUR;7793482;675;
03.02.2025;10:57:07.752;FESX SI 20250321 CS;SIMPLE_INSTRUMENT;BLOCK;EUR;7;5200.00000000;2000;EXCHANGE_LAST;;1;1;XEUR;7793482;675;
03.02.2025;10:57:29.735;FESX SI 20250321 CS;SIMPLE_INSTRUMENT;BLOCK;EUR;8;5205.00000000;2000;EXCHANGE_LAST;;1;1;XEUR;7793482;675;
03.02.2025;15:02:47.905;FESX SI 20250321 CS;SIMPLE_INSTRUMENT;BLOCK;EUR;9;5202.00000000;4270;EXCHANGE_LAST;;1;1;XEUR;7793482;675;
03.02.2025;15:29:05.953;FESX SI 20250321 CS;SIMPLE_INSTRUMENT;BLOCK;EUR;10;5195.00000000;3000;EXCHANGE_LAST;;1;1;XEUR;7793482;675;
03.02.2025;16:03:45.714;FESX SI 20250321 CS;SIMPLE_INSTRUMENT;BLOCK;EUR;11;5230.00000000;2000;EXCHANGE_LAST;;1;1;XEUR;7793482;675;
03.02.2025;16:14:30.089;FESX SI 20250321 CS;SIMPLE_INSTRUMENT;BLOCK;EUR;12;5225.00000000;2000;EXCHANGE_LAST;;1;1;XEUR;7793482;675;
03.02.2025;16:31:37.469;FESX SI 20250321 CS;SIMPLE_INSTRUMENT;BLOCK;EUR;13;5224.00000000;3000;EXCHANGE_LAST;;1;1;XEUR;7793482;675;
03.02.2025;16:42:35.718;FESX SI 20250321 CS;SIMPLE_INSTRUMENT;EFP_IDX;EUR;14;5229.00000000;1176;EXCHANGE_LAST;;1;1;XEUR;7793482;675;
03.02.2025;16:42:45.898;FESX SI 20250321 CS;SIMPLE_INSTRUMENT;EFP_IDX;EUR;15;5230.00000000;224;EXCHANGE_LAST;;1;1;XEUR;7793482;675;
03.02.2025;16:45:09.413;FESX SI 20250321 CS;SIMPLE_INSTRUMENT;EFP_IDX;EUR;16;5229.00000000;588;EXCHANGE_LAST;;1;1;XEUR;7793482;675;
03.02.2025;16:45:17.613;FESX SI 20250321 CS;SIMPLE_INSTRUMENT;EFP_IDX;EUR;17;5230.00000000;112;EXCHANGE_LAST;;1;1;XEUR;7793482;675;
03.02.2025;16:47:06.044;FESX SI 20250321 CS;SIMPLE_INSTRUMENT;EFP_IDX;EUR;18;5229.00000000;252;EXCHANGE_LAST;;1;1;XEUR;7793482;675;
03.02.2025;16:46:54.286;FESX SI 20250321 CS;SIMPLE_INSTRUMENT;EFP_IDX;EUR;19;5230.00000000;48;EXCHANGE_LAST;;1;1;XEUR;7793482;675;
03.02.2025;16:45:14.023;FESX SI 20250321 CS;SIMPLE_INSTRUMENT;EFP_IDX;EUR;20;5229.00000000;429;EXCHANGE_LAST;;1;1;XEUR;7793482;675;
03.02.2025;16:46:02.486;FESX SI 20250321 CS;SIMPLE_INSTRUMENT;EFP_IDX;EUR;21;5230.00000000;171;EXCHANGE_LAST;;1;1;XEUR;7793482;675;
03.02.2025;16:45:29.724;FESX SI 20250321 CS;SIMPLE_INSTRUMENT;EFP_IDX;EUR;22;5225.00000000;1000;EXCHANGE_LAST;;1;1;XEUR;7793482;675;
03.02.2025;16:59:53.256;FESX SI 20250321 CS;SIMPLE_INSTRUMENT;BLOCK;EUR;23;5224.00000000;2000;EXCHANGE_LAST;;1;1;XEUR;7793482;675;
03.02.2025;16:57:45.709;FESX SI 20250321 CS;SIMPLE_INSTRUMENT;EFP_IDX;EUR;26;5229.00000000;1680;EXCHANGE_LAST;;1;1;XEUR;7793482;675;
03.02.2025;16:58:00.293;FESX SI 20250321 CS;SIMPLE_INSTRUMENT;EFP_IDX;EUR;27;5230.00000000;320;EXCHANGE_LAST;;1;1;XEUR;7793482;675;
03.02.2025;16:59:47.015;FESX SI 20250321 CS;SIMPLE_INSTRUMENT;EFP_IDX;EUR;28;5229.00000000;840;EXCHANGE_LAST;;1;1;XEUR;7793482;675;
03.02.2025;17:00:07.745;FESX SI 20250321 CS;SIMPLE_INSTRUMENT;EFP_IDX;EUR;29;5230.00000000;160;EXCHANGE_LAST;;1;1;XEUR;7793482;675;
03.02.2025;17:02:22.380;FESX SI 20250321 CS;SIMPLE_INSTRUMENT;EFP_IDX;EUR;30;5229.00000000;4825;EXCHANGE_LAST;;1;1;XEUR;7793482;675;
03.02.2025;17:02:23.547;FESX SI 20250321 CS;SIMPLE_INSTRUMENT;EFP_IDX;EUR;31;5230.00000000;175;EXCHANGE_LAST;;1;1;XEUR;7793482;675;
03.02.2025;17:02:24.978;FESX SI 20250321 CS;SIMPLE_INSTRUMENT;EFP_IDX;EUR;32;5229.00000000;1180;EXCHANGE_LAST;;1;1;XEUR;7793482;675;
03.02.2025;17:02:26.106;FESX SI 20250321 CS;SIMPLE_INSTRUMENT;EFP_IDX;EUR;33;5230.00000000;820;EXCHANGE_LAST;;1;1;XEUR;7793482;675;
03.02.2025;08:39:07.517;FESX SI 20250321 CS;SIMPLE_INSTRUMENT;VOLA;EUR;637534217;5195.00000000;85;EXCHANGE_LAST;;1;1;XEUR;7793482;675;
03.02.2025;08:41:24.430;FESX SI 20250321 CS;SIMPLE_INSTRUMENT;VOLA;EUR;637534218;5216.00000000;200;EXCHANGE_LAST;;1;1;XEUR;7793482;675;
03.02.2025;09:23:23.442;FESX SI 20250321 CS;SIMPLE_INSTRUMENT;VOLA;EUR;637534239;5215.00000000;80;EXCHANGE_LAST;;1;1;XEUR;7793482;675;
03.02.2025;09:47:45.815;FESX SI 20250321 CS;SIMPLE_INSTRUMENT;VOLA;EUR;637534252;5205.00000000;957;EXCHANGE_LAST;;1;1;XEUR;7793482;675;
03.02.2025;10:20:20.051;FESX SI 20250321 CS;SIMPLE_INSTRUMENT;VOLA;EUR;637534271;5201.00000000;1194;EXCHANGE_LAST;;1;1;XEUR;7793482;675;
03.02.2025;10:26:40.127;FESX SI 20250321 CS;SIMPLE_INSTRUMENT;VOLA;EUR;637534277;5195.00000000;3350;EXCHANGE_LAST;;1;1;XEUR;7793482;675;
03.02.2025;10:32:17.060;FESX SI 20250321 CS;SIMPLE_INSTRUMENT;VOLA;EUR;637534287;5198.00000000;325;EXCHANGE_LAST;;1;1;XEUR;7793482;675;
03.02.2025;11:22:31.051;FESX SI 20250321 CS;SIMPLE_INSTRUMENT;VOLA;EUR;637534321;5207.00000000;50;EXCHANGE_LAST;;1;1;XEUR;7793482;675;
03.02.2025;11:22:39.080;FESX SI 20250321 CS;SIMPLE_INSTRUMENT;VOLA;EUR;637534323;5208.00000000;160;EXCHANGE_LAST;;1;1;XEUR;7793482;675;
03.02.2025;12:01:48.987;FESX SI 20250321 CS;SIMPLE_INSTRUMENT;VOLA;EUR;637534343;5211.00000000;407;EXCHANGE_LAST;;1;1;XEUR;7793482;675;
03.02.2025;12:21:34.523;FESX SI 20250321 CS;SIMPLE_INSTRUMENT;VOLA;EUR;637534349;5213.00000000;450;EXCHANGE_LAST;;1;1;XEUR;7793482;675;
03.02.2025;13:41:01.575;FESX SI 20250321 CS;SIMPLE_INSTRUMENT;VOLA;EUR;637534379;5215.00000000;130;EXCHANGE_LAST;;1;1;XEUR;7793482;675;
03.02.2025;14:19:09.921;FESX SI 20250321 CS;SIMPLE_INSTRUMENT;VOLA;EUR;637534393;5205.00000000;288;EXCHANGE_LAST;;1;1;XEUR;7793482;675;
03.02.2025;15:41:49.983;FESX SI 20250321 CS;SIMPLE_INSTRUMENT;VOLA;EUR;637534415;5230.00000000;60;EXCHANGE_LAST;;1;1;XEUR;7793482;675;
03.02.2025;15:59:36.970;FESX SI 20250321 CS;SIMPLE_INSTRUMENT;VOLA;EUR;637534418;5210.00000000;201;EXCHANGE_LAST;;1;1;XEUR;7793482;675;
03.02.2025;08:13:46.634;FEXD SI 20261218 CS;SIMPLE_INSTRUMENT;BLOCK;EUR;1;157.50000000;150;EXCHANGE_LAST;;1;1;XEUR;2163053;693;
03.02.2025;08:18:28.030;FEXD SI 20261218 CS;SIMPLE_INSTRUMENT;BLOCK;EUR;2;157.40000000;400;EXCHANGE_LAST;;1;1;XEUR;2163053;693;
03.02.2025;08:34:08.605;FEXD SI 20251219 CS;SIMPLE_INSTRUMENT;BLOCK;EUR;3;161.00000000;250;EXCHANGE_LAST;;1;1;XEUR;1548120;693;
03.02.2025;08:46:59.649;FEXD SI 20261218 CS;SIMPLE_INSTRUMENT;BLOCK;EUR;5;157.60000000;400;EXCHANGE_LAST;;1;1;XEUR;2163053;693;
03.02.2025;09:28:24.690;FEXD.S.DEC27.DEC28.SPD;FUTURES_SPREAD;BLOCK;EUR;9;4.70000000;265;EXCHANGE_LAST;;1;1;XEUR;72060570450264162;693;
03.02.2025;09:28:24.690;FEXD SI 20271217 CS;SIMPLE_INSTRUMENT;BLOCK;EUR;9;151.10000000;265;PRC_DECOMP_EXCHANGE;;;;XEUR;2848338;693;EXCHANGE
03.02.2025;09:28:24.690;FEXD SI 20281215 CS;SIMPLE_INSTRUMENT;BLOCK;EUR;9;146.40000000;265;PRC_DECOMP_EXCHANGE;;;;XEUR;3680985;693;EXCHANGE
03.02.2025;09:28:17.011;FEXD.S.DEC26.DEC27.SPD;FUTURES_SPREAD;BLOCK;EUR;10;6.20000000;120;EXCHANGE_LAST;;1;1;XEUR;72060570450264153;693;
03.02.2025;09:28:17.011;FEXD SI 20271217 CS;SIMPLE_INSTRUMENT;BLOCK;EUR;10;151.10000000;120;PRC_DECOMP_EXCHANGE;;;;XEUR;2848338;693;EXCHANGE
03.02.2025;09:28:17.011;FEXD SI 20261218 CS;SIMPLE_INSTRUMENT;BLOCK;EUR;10;157.30000000;120;PRC_DECOMP_EXCHANGE;;;;XEUR;2163053;693;EXCHANGE
03.02.2025;09:33:26.310;FEXD SI 20261218 CS;SIMPLE_INSTRUMENT;BLOCK;EUR;12;157.50000000;250;EXCHANGE_LAST;;1;1;XEUR;2163053;693;
03.02.2025;10:19:15.137;FEXD SI 20261218 CS;SIMPLE_INSTRUMENT;BLOCK;EUR;19;157.10000000;150;EXCHANGE_LAST;;1;1;XEUR;2163053;693;
03.02.2025;10:44:51.126;FEXD.S.DEC26.DEC27.SPD;FUTURES_SPREAD;BLOCK;EUR;20;6.10000000;125;EXCHANGE_LAST;;1;1;XEUR;72060570450264153;693;
03.02.2025;10:44:51.126;FEXD SI 20261218 CS;SIMPLE_INSTRUMENT;BLOCK;EUR;20;157.00000000;125;PRC_DECOMP_EXCHANGE;;;;XEUR;2163053;693;EXCHANGE
03.02.2025;10:44:51.126;FEXD SI 20271217 CS;SIMPLE_INSTRUMENT;BLOCK;EUR;20;150.90000000;125;PRC_DECOMP_EXCHANGE;;;;XEUR;2848338;693;EXCHANGE
03.02.2025;10:44:44.126;FEXD.S.DEC26.DEC27.SPD;FUTURES_SPREAD;BLOCK;EUR;21;6.20000000;125;EXCHANGE_LAST;;1;1;XEUR;72060570450264153;693;
03.02.2025;10:44:44.126;FEXD SI 20271217 CS;SIMPLE_INSTRUMENT;BLOCK;EUR;21;150.90000000;125;PRC_DECOMP_EXCHANGE;;;;XEUR;2848338;693;EXCHANGE
03.02.2025;10:44:44.126;FEXD SI 20261218 CS;SIMPLE_INSTRUMENT;BLOCK;EUR;21;157.10000000;125;PRC_DECOMP_EXCHANGE;;;;XEUR;2163053;693;EXCHANGE
03.02.2025;12:10:30.468;FEXD SI 20261218 CS;SIMPLE_INSTRUMENT;BLOCK;EUR;26;157.40000000;700;EXCHANGE_LAST;;1;1;XEUR;2163053;693;
03.02.2025;13:16:44.924;FEXD SI 20251219 CS;SIMPLE_INSTRUMENT;BLOCK;EUR;28;161.00000000;260;EXCHANGE_LAST;;1;1;XEUR;1548120;693;
03.02.2025;13:16:37.459;FEXD SI 20251219 CS;SIMPLE_INSTRUMENT;BLOCK;EUR;29;161.10000000;260;EXCHANGE_LAST;;1;1;XEUR;1548120;693;
03.02.2025;13:25:31.404;FEXD SI 20261218 CS;SIMPLE_INSTRUMENT;BLOCK;EUR;30;157.30000000;300;EXCHANGE_LAST;;1;1;XEUR;2163053;693;
03.02.2025;14:29:39.458;FEXD SI 20261218 CS;SIMPLE_INSTRUMENT;BLOCK;EUR;34;157.30000000;150;EXCHANGE_LAST;;1;1;XEUR;2163053;693;
03.02.2025;14:51:28.700;FEXD SI 20261218 CS;SIMPLE_INSTRUMENT;BLOCK;EUR;36;157.40000000;200;EXCHANGE_LAST;;1;1;XEUR;2163053;693;
03.02.2025;16:13:26.160;FFOX SI 20250321 CS;SIMPLE_INSTRUMENT;BLOCK;EUR;2;4446.90000000;200;EXCHANGE_LAST;;1;1;XEUR;11338030;695;
03.02.2025;07:41:31.603;FGBL SI 20250306 PS;SIMPLE_INSTRUMENT;EFS;EUR;1;132.82000000;460;EXCHANGE_LAST;;1;1;XEUR;11286679;688;
03.02.2025;07:41:54.303;FGBL SI 20250306 PS;SIMPLE_INSTRUMENT;EFS;EUR;2;132.79000000;329;EXCHANGE_LAST;;1;1;XEUR;11286679;688;
03.02.2025;07:48:58.105;FGBL SI 20250306 PS;SIMPLE_INSTRUMENT;EFS;EUR;3;132.82000000;459;EXCHANGE_LAST;;1;1;XEUR;11286679;688;
03.02.2025;07:54:41.829;FGBL SI 20250306 PS;SIMPLE_INSTRUMENT;EFS;EUR;4;132.76000000;408;EXCHANGE_LAST;;1;1;XEUR;11286679;688;
03.02.2025;07:58:45.596;FGBL SI 20250306 PS;SIMPLE_INSTRUMENT;EFS;EUR;5;132.79000000;230;EXCHANGE_LAST;;1;1;XEUR;11286679;688;
03.02.2025;08:06:21.298;FGBL SI 20250306 PS;SIMPLE_INSTRUMENT;EFS;EUR;6;132.90000000;938;EXCHANGE_LAST;;1;1;XEUR;11286679;688;
03.02.2025;08:12:02.233;FGBL SI 20250306 PS;SIMPLE_INSTRUMENT;EFS;EUR;7;132.85000000;183;EXCHANGE_LAST;;1;1;XEUR;11286679;688;
03.02.2025;08:19:35.513;FGBL SI 20250306 PS;SIMPLE_INSTRUMENT;EFS;EUR;8;132.77000000;414;EXCHANGE_LAST;;1;1;XEUR;11286679;688;
03.02.2025;08:19:50.577;FGBL SI 20250306 PS;SIMPLE_INSTRUMENT;EFS;EUR;9;132.82000000;449;EXCHANGE_LAST;;1;1;XEUR;11286679;688;
03.02.2025;08:22:38.438;FGBL SI 20250306 PS;SIMPLE_INSTRUMENT;EFS;EUR;10;132.84000000;200;EXCHANGE_LAST;;1;1;XEUR;11286679;688;
03.02.2025;08:27:38.681;FGBL SI 20250306 PS;SIMPLE_INSTRUMENT;EFS;EUR;11;132.87000000;415;EXCHANGE_LAST;;1;1;XEUR;11286679;688;
03.02.2025;08:27:57.852;FGBL SI 20250306 PS;SIMPLE_INSTRUMENT;EFS;EUR;12;132.76000000;414;EXCHANGE_LAST;;1;1;XEUR;11286679;688;
03.02.2025;08:30:02.906;FGBL SI 20250306 PS;SIMPLE_INSTRUMENT;EFS;EUR;13;132.85000000;207;EXCHANGE_LAST;;1;1;XEUR;11286679;688;
03.02.2025;08:30:56.969;FGBL SI 20250306 PS;SIMPLE_INSTRUMENT;EFS;EUR;14;132.84000000;414;EXCHANGE_LAST;;1;1;XEUR;11286679;688;
03.02.2025;08:31:26.263;FGBL SI 20250306 PS;SIMPLE_INSTRUMENT;EFS;EUR;15;132.83000000;414;EXCHANGE_LAST;;1;1;XEUR;11286679;688;
03.02.2025;08:37:32.015;FGBL SI 20250306 PS;SIMPLE_INSTRUMENT;EFP_FIN;EUR;16;132.83000000;82;EXCHANGE_LAST;;1;1;XEUR;11286679;688;
03.02.2025;08:45:14.330;FGBL SI 20250306 PS;SIMPLE_INSTRUMENT;EFS;EUR;17;132.80000000;459;EXCHANGE_LAST;;1;1;XEUR;11286679;688;
03.02.2025;08:56:47.950;FGBL SI 20250306 PS;SIMPLE_INSTRUMENT;EFS;EUR;18;132.87000000;800;EXCHANGE_LAST;;1;1;XEUR;11286679;688;
03.02.2025;08:58:28.459;FGBL SI 20250306 PS;SIMPLE_INSTRUMENT;EFS;EUR;19;132.82000000;173;EXCHANGE_LAST;;1;1;XEUR;11286679;688;
03.02.2025;08:58:58.002;FGBL SI 20250306 PS;SIMPLE_INSTRUMENT;EFS;EUR;20;132.92000000;414;EXCHANGE_LAST;;1;1;XEUR;11286679;688;
03.02.2025;09:01:19.076;FGBL SI 20250306 PS;SIMPLE_INSTRUMENT;EFS;EUR;21;132.75000000;414;EXCHANGE_LAST;;1;1;XEUR;11286679;688;
03.02.2025;09:04:38.210;FGBL SI 20250306 PS;SIMPLE_INSTRUMENT;EFS;EUR;22;132.94000000;414;EXCHANGE_LAST;;1;1;XEUR;11286679;688;
03.02.2025;09:10:18.282;FGBL SI 20250306 PS;SIMPLE_INSTRUMENT;EFS;EUR;23;133.02000000;414;EXCHANGE_LAST;;1;1;XEUR;11286679;688;
03.02.2025;09:21:14.375;FGBL SI 20250306 PS;SIMPLE_INSTRUMENT;EFS;EUR;24;132.76000000;1100;EXCHANGE_LAST;;1;1;XEUR;11286679;688;
03.02.2025;09:23:18.694;FGBL SI 20250306 PS;SIMPLE_INSTRUMENT;EFS;EUR;25;132.96000000;472;EXCHANGE_LAST;;1;1;XEUR;11286679;688;
03.02.2025;09:28:11.718;FGBL SI 20250306 PS;SIMPLE_INSTRUMENT;EFS;EUR;26;133.01000000;230;EXCHANGE_LAST;;1;1;XEUR;11286679;688;
03.02.2025;09:31:04.464;FGBL SI 20250306 PS;SIMPLE_INSTRUMENT;EFP_FIN;EUR;27;133.07000000;926;EXCHANGE_LAST;;1;1;XEUR;11286679;688;
03.02.2025;09:35:40.285;FGBL SI 20250306 PS;SIMPLE_INSTRUMENT;EFS;EUR;28;133.01000000;414;EXCHANGE_LAST;;1;1;XEUR;11286679;688;
03.02.2025;09:35:56.842;FGBL SI 20250306 PS;SIMPLE_INSTRUMENT;EFS;EUR;29;133.03000000;235;EXCHANGE_LAST;;1;1;XEUR;11286679;688;
03.02.2025;09:42:37.502;FGBL SI 20250306 PS;SIMPLE_INSTRUMENT;EFP_FIN;EUR;30;132.94000000;198;EXCHANGE_LAST;;1;1;XEUR;11286679;688;
03.02.2025;09:50:14.872;FGBL SI 20250306 PS;SIMPLE_INSTRUMENT;EFP_FIN;EUR;31;132.94000000;198;EXCHANGE_LAST;;1;1;XEUR;11286679;688;
03.02.2025;09:42:13.267;FGBL SI 20250306 PS;SIMPLE_INSTRUMENT;EFS;EUR;32;133.01000000;274;EXCHANGE_LAST;;1;1;XEUR;11286679;688;
03.02.2025;09:49:26.895;FGBL SI 20250306 PS;SIMPLE_INSTRUMENT;EFS;EUR;33;133.18000000;414;EXCHANGE_LAST;;1;1;XEUR;11286679;688;
03.02.2025;09:51:11.969;FGBL SI 20250306 PS;SIMPLE_INSTRUMENT;EFS;EUR;34;133.20000000;207;EXCHANGE_LAST;;1;1;XEUR;11286679;688;
03.02.2025;09:51:36.989;FGBL SI 20250306 PS;SIMPLE_INSTRUMENT;EFS;EUR;35;133.18000000;414;EXCHANGE_LAST;;1;1;XEUR;11286679;688;
03.02.2025;09:52:07.976;FGBL SI 20250306 PS;SIMPLE_INSTRUMENT;EFS;EUR;36;133.06000000;468;EXCHANGE_LAST;;1;1;XEUR;11286679;688;
03.02.2025;09:52:32.026;FGBL SI 20250306 PS;SIMPLE_INSTRUMENT;EFS;EUR;37;133.20000000;207;EXCHANGE_LAST;;1;1;XEUR;11286679;688;
03.02.2025;09:53:35.984;FGBL SI 20250306 PS;SIMPLE_INSTRUMENT;EFP_FIN;EUR;38;133.15000000;227;EXCHANGE_LAST;;1;1;XEUR;11286679;688;
03.02.2025;10:02:13.129;FGBL SI 20250306 PS;SIMPLE_INSTRUMENT;EFP_FIN;EUR;39;132.94000000;278;EXCHANGE_LAST;;1;1;XEUR;11286679;688;
03.02.2025;10:00:10.556;FGBL SI 20250306 PS;SIMPLE_INSTRUMENT;EFS;EUR;40;133.17000000;1096;EXCHANGE_LAST;;1;1;XEUR;11286679;688;
03.02.2025;10:03:11.567;FGBL SI 20250306 PS;SIMPLE_INSTRUMENT;EFP_FIN;EUR;41;132.94000000;108;EXCHANGE_LAST;;1;1;XEUR;11286679;688;
03.02.2025;10:03:42.444;FGBL SI 20250306 PS;SIMPLE_INSTRUMENT;EFS;EUR;42;133.21000000;206;EXCHANGE_LAST;;1;1;XEUR;11286679;688;
03.02.2025;10:12:48.096;FGBL SI 20250306 PS;SIMPLE_INSTRUMENT;EFP_FIN;EUR;43;132.94000000;198;EXCHANGE_LAST;;1;1;XEUR;11286679;688;
03.02.2025;10:12:14.857;FGBL SI 20250306 PS;SIMPLE_INSTRUMENT;EFS;EUR;44;133.22000000;95;EXCHANGE_LAST;;1;1;XEUR;11286679;688;
03.02.2025;10:22:12.426;FGBL SI 20250306 PS;SIMPLE_INSTRUMENT;EFS;EUR;45;133.13000000;1873;EXCHANGE_LAST;;1;1;XEUR;11286679;688;
03.02.2025;10:24:52.131;FGBL SI 20250306 PS;SIMPLE_INSTRUMENT;EFS;EUR;46;133.09000000;458;EXCHANGE_LAST;;1;1;XEUR;11286679;688;
03.02.2025;10:25:25.136;FGBL SI 20250306 PS;SIMPLE_INSTRUMENT;EFS;EUR;47;133.12000000;472;EXCHANGE_LAST;;1;1;XEUR;11286679;688;
03.02.2025;10:30:06.732;FGBL SI 20250306 PS;SIMPLE_INSTRUMENT;EFS;EUR;48;133.12000000;414;EXCHANGE_LAST;;1;1;XEUR;11286679;688;
03.02.2025;10:35:21.199;FGBL SI 20250306 PS;SIMPLE_INSTRUMENT;EFS;EUR;49;133.14000000;207;EXCHANGE_LAST;;1;1;XEUR;11286679;688;
03.02.2025;10:45:59.200;FGBL SI 20250306 PS;SIMPLE_INSTRUMENT;EFP_FIN;EUR;50;133.15000000;259;EXCHANGE_LAST;;1;1;XEUR;11286679;688;
03.02.2025;10:46:38.683;FGBL SI 20250306 PS;SIMPLE_INSTRUMENT;EFP_FIN;EUR;51;133.11000000;500;EXCHANGE_LAST;;1;1;XEUR;11286679;688;
03.02.2025;10:50:23.737;FGBL SI 20250306 PS;SIMPLE_INSTRUMENT;EFP_FIN;EUR;52;133.17000000;277;EXCHANGE_LAST;;1;1;XEUR;11286679;688;
03.02.2025;10:52:05.146;FGBL SI 20250306 PS;SIMPLE_INSTRUMENT;EFS;EUR;53;133.05000000;461;EXCHANGE_LAST;;1;1;XEUR;11286679;688;
03.02.2025;10:53:39.375;FGBL SI 20250306 PS;SIMPLE_INSTRUMENT;EFS;EUR;54;133.13000000;1580;EXCHANGE_LAST;;1;1;XEUR;11286679;688;
03.02.2025;10:54:59.343;FGBL SI 20250306 PS;SIMPLE_INSTRUMENT;EFS;EUR;55;133.07000000;207;EXCHANGE_LAST;;1;1;XEUR;11286679;688;
03.02.2025;10:56:07.869;FGBL SI 20250306 PS;SIMPLE_INSTRUMENT;EFS;EUR;56;133.06000000;414;EXCHANGE_LAST;;1;1;XEUR;11286679;688;
03.02.2025;10:56:31.536;FGBL SI 20250306 PS;SIMPLE_INSTRUMENT;EFS;EUR;57;133.06000000;207;EXCHANGE_LAST;;1;1;XEUR;11286679;688;
03.02.2025;10:59:51.705;FGBL SI 20250306 PS;SIMPLE_INSTRUMENT;EFS;EUR;58;133.07000000;469;EXCHANGE_LAST;;1;1;XEUR;11286679;688;
03.02.2025;11:05:28.818;FGBL SI 20250306 PS;SIMPLE_INSTRUMENT;EFS;EUR;59;133.02000000;141;EXCHANGE_LAST;;1;1;XEUR;11286679;688;
03.02.2025;11:14:39.808;FGBL SI 20250306 PS;SIMPLE_INSTRUMENT;EFS;EUR;60;133.05000000;1222;EXCHANGE_LAST;;1;1;XEUR;11286679;688;
03.02.2025;11:24:25.834;FGBL SI 20250306 PS;SIMPLE_INSTRUMENT;EFS;EUR;61;133.08000000;207;EXCHANGE_LAST;;1;1;XEUR;11286679;688;
03.02.2025;11:34:02.605;FGBL SI 20250306 PS;SIMPLE_INSTRUMENT;BLOCK;EUR;62;133.08000000;2285;EXCHANGE_LAST;;1;1;XEUR;11286679;688;
03.02.2025;11:39:42.512;FGBL SI 20250306 PS;SIMPLE_INSTRUMENT;EFS;EUR;63;133.14000000;469;EXCHANGE_LAST;;1;1;XEUR;11286679;688;
03.02.2025;11:51:22.559;FGBL SI 20250306 PS;SIMPLE_INSTRUMENT;EFS;EUR;65;133.20000000;413;EXCHANGE_LAST;;1;1;XEUR;11286679;688;
03.02.2025;11:51:39.352;FGBL SI 20250306 PS;SIMPLE_INSTRUMENT;EFP_FIN;EUR;66;133.15000000;451;EXCHANGE_LAST;;1;1;XEUR;11286679;688;
03.02.2025;11:51:45.723;FGBL SI 20250306 PS;SIMPLE_INSTRUMENT;EFS;EUR;67;133.15000000;414;EXCHANGE_LAST;;1;1;XEUR;11286679;688;
03.02.2025;12:00:03.095;FGBL SI 20250306 PS;SIMPLE_INSTRUMENT;EFS;EUR;68;133.23000000;228;EXCHANGE_LAST;;1;1;XEUR;11286679;688;
03.02.2025;12:00:39.583;FGBL SI 20250306 PS;SIMPLE_INSTRUMENT;EFS;EUR;69;133.15000000;468;EXCHANGE_LAST;;1;1;XEUR;11286679;688;
03.02.2025;12:02:22.296;FGBL SI 20250306 PS;SIMPLE_INSTRUMENT;EFS;EUR;70;133.15000000;468;EXCHANGE_LAST;;1;1;XEUR;11286679;688;
03.02.2025;12:03:56.680;FGBL SI 20250306 PS;SIMPLE_INSTRUMENT;EFS;EUR;71;133.14000000;207;EXCHANGE_LAST;;1;1;XEUR;11286679;688;
03.02.2025;12:07:17.587;FGBL SI 20250306 PS;SIMPLE_INSTRUMENT;EFS;EUR;72;133.22000000;255;EXCHANGE_LAST;;1;1;XEUR;11286679;688;
03.02.2025;12:07:30.361;FGBL SI 20250306 PS;SIMPLE_INSTRUMENT;EFS;EUR;73;133.16000000;207;EXCHANGE_LAST;;1;1;XEUR;11286679;688;
03.02.2025;12:10:04.103;FGBL SI 20250306 PS;SIMPLE_INSTRUMENT;EFS;EUR;74;133.20000000;413;EXCHANGE_LAST;;1;1;XEUR;11286679;688;
03.02.2025;12:11:50.858;FGBL SI 20250306 PS;SIMPLE_INSTRUMENT;EFS;EUR;75;133.24000000;207;EXCHANGE_LAST;;1;1;XEUR;11286679;688;
03.02.2025;12:14:10.486;FGBL SI 20250306 PS;SIMPLE_INSTRUMENT;EFS;EUR;76;133.25000000;207;EXCHANGE_LAST;;1;1;XEUR;11286679;688;
03.02.2025;12:14:22.952;FGBL SI 20250306 PS;SIMPLE_INSTRUMENT;EFP_FIN;EUR;77;133.26000000;587;EXCHANGE_LAST;;1;1;XEUR;11286679;688;
03.02.2025;12:16:29.419;FGBL SI 20250306 PS;SIMPLE_INSTRUMENT;EFP_FIN;EUR;78;133.26000000;464;EXCHANGE_LAST;;1;1;XEUR;11286679;688;
03.02.2025;12:16:51.491;FGBL SI 20250306 PS;SIMPLE_INSTRUMENT;EFS;EUR;79;133.24000000;457;EXCHANGE_LAST;;1;1;XEUR;11286679;688;
03.02.2025;12:21:26.245;FGBL SI 20250306 PS;SIMPLE_INSTRUMENT;EFS;EUR;80;133.32000000;414;EXCHANGE_LAST;;1;1;XEUR;11286679;688;
03.02.2025;12:21:36.254;FGBL SI 20250306 PS;SIMPLE_INSTRUMENT;EFS;EUR;81;133.29000000;414;EXCHANGE_LAST;;1;1;XEUR;11286679;688;
03.02.2025;12:21:46.263;FGBL SI 20250306 PS;SIMPLE_INSTRUMENT;EFS;EUR;82;133.32000000;207;EXCHANGE_LAST;;1;1;XEUR;11286679;688;
03.02.2025;12:38:38.026;FGBL SI 20250306 PS;SIMPLE_INSTRUMENT;EFP_FIN;EUR;83;133.28000000;400;EXCHANGE_LAST;;1;1;XEUR;11286679;688;
03.02.2025;12:39:42.443;FGBL SI 20250306 PS;SIMPLE_INSTRUMENT;EFS;EUR;84;133.32000000;2000;EXCHANGE_LAST;;1;1;XEUR;11286679;688;
03.02.2025;12:51:21.098;FGBL SI 20250306 PS;SIMPLE_INSTRUMENT;EFS;EUR;85;133.32000000;293;EXCHANGE_LAST;;1;1;XEUR;11286679;688;
03.02.2025;12:50:25.242;FGBL SI 20250306 PS;SIMPLE_INSTRUMENT;EFS;EUR;86;133.32000000;293;EXCHANGE_LAST;;1;1;XEUR;11286679;688;
03.02.2025;12:50:48.959;FGBL SI 20250306 PS;SIMPLE_INSTRUMENT;EFS;EUR;87;133.32000000;351;EXCHANGE_LAST;;1;1;XEUR;11286679;688;
03.02.2025;13:00:35.781;FGBL SI 20250306 PS;SIMPLE_INSTRUMENT;EFS;EUR;88;133.36000000;467;EXCHANGE_LAST;;1;1;XEUR;11286679;688;
03.02.2025;13:02:19.731;FGBL SI 20250306 PS;SIMPLE_INSTRUMENT;EFS;EUR;89;133.39000000;467;EXCHANGE_LAST;;1;1;XEUR;11286679;688;
03.02.2025;13:02:25.348;FGBL SI 20250306 PS;SIMPLE_INSTRUMENT;EFS;EUR;90;133.38000000;300;EXCHANGE_LAST;;1;1;XEUR;11286679;688;
03.02.2025;13:07:15.133;FGBL SI 20250306 PS;SIMPLE_INSTRUMENT;EFS;EUR;91;133.38000000;414;EXCHANGE_LAST;;1;1;XEUR;11286679;688;
03.02.2025;13:09:51.294;FGBL SI 20250306 PS;SIMPLE_INSTRUMENT;EFS;EUR;92;133.30000000;207;EXCHANGE_LAST;;1;1;XEUR;11286679;688;
03.02.2025;13:09:56.301;FGBL SI 20250306 PS;SIMPLE_INSTRUMENT;EFS;EUR;93;133.27000000;414;EXCHANGE_LAST;;1;1;XEUR;11286679;688;
03.02.2025;13:10:05.309;FGBL SI 20250306 PS;SIMPLE_INSTRUMENT;EFS;EUR;94;133.30000000;207;EXCHANGE_LAST;;1;1;XEUR;11286679;688;
03.02.2025;13:11:25.846;FGBL SI 20250306 PS;SIMPLE_INSTRUMENT;EFS;EUR;95;133.38000000;935;EXCHANGE_LAST;;1;1;XEUR;11286679;688;
03.02.2025;13:11:57.419;FGBL SI 20250306 PS;SIMPLE_INSTRUMENT;EFS;EUR;96;133.37000000;207;EXCHANGE_LAST;;1;1;XEUR;11286679;688;
03.02.2025;13:16:49.542;FGBL SI 20250306 PS;SIMPLE_INSTRUMENT;EFS;EUR;97;133.29000000;620;EXCHANGE_LAST;;1;1;XEUR;11286679;688;
03.02.2025;13:18:06.748;FGBL SI 20250306 PS;SIMPLE_INSTRUMENT;EFS;EUR;98;133.27000000;207;EXCHANGE_LAST;;1;1;XEUR;11286679;688;
03.02.2025;13:19:56.788;FGBL SI 20250306 PS;SIMPLE_INSTRUMENT;EFS;EUR;99;133.26000000;413;EXCHANGE_LAST;;1;1;XEUR;11286679;688;
03.02.2025;13:23:05.225;FGBL SI 20250306 PS;SIMPLE_INSTRUMENT;EFS;EUR;100;133.27000000;827;EXCHANGE_LAST;;1;1;XEUR;11286679;688;
03.02.2025;13:24:12.022;FGBL SI 20250306 PS;SIMPLE_INSTRUMENT;EFS;EUR;101;133.27000000;414;EXCHANGE_LAST;;1;1;XEUR;11286679;688;
03.02.2025;13:25:44.043;FGBL SI 20250306 PS;SIMPLE_INSTRUMENT;EFS;EUR;102;133.27000000;200;EXCHANGE_LAST;;1;1;XEUR;11286679;688;
03.02.2025;13:26:29.825;FGBL SI 20250306 PS;SIMPLE_INSTRUMENT;EFS;EUR;103;133.28000000;413;EXCHANGE_LAST;;1;1;XEUR;11286679;688;
03.02.2025;13:27:05.288;FGBL SI 20250306 PS;SIMPLE_INSTRUMENT;EFS;EUR;104;133.28000000;413;EXCHANGE_LAST;;1;1;XEUR;11286679;688;
03.02.2025;13:27:25.900;FGBL SI 20250306 PS;SIMPLE_INSTRUMENT;EFS;EUR;105;133.37000000;468;EXCHANGE_LAST;;1;1;XEUR;11286679;688;
03.02.2025;13:28:52.211;FGBL SI 20250306 PS;SIMPLE_INSTRUMENT;EFS;EUR;106;133.32000000;414;EXCHANGE_LAST;;1;1;XEUR;11286679;688;
03.02.2025;13:31:41.668;FGBL SI 20250306 PS;SIMPLE_INSTRUMENT;EFS;EUR;107;133.27000000;234;EXCHANGE_LAST;;1;1;XEUR;11286679;688;
03.02.2025;13:40:13.172;FGBL SI 20250306 PS;SIMPLE_INSTRUMENT;EFP_FIN;EUR;108;133.27000000;324;EXCHANGE_LAST;;1;1;XEUR;11286679;688;
03.02.2025;13:52:44.570;FGBL SI 20250306 PS;SIMPLE_INSTRUMENT;EFS;EUR;109;133.21000000;232;EXCHANGE_LAST;;1;1;XEUR;11286679;688;
03.02.2025;13:54:03.649;FGBL SI 20250306 PS;SIMPLE_INSTRUMENT;EFP_FIN;EUR;110;133.10000000;260;EXCHANGE_LAST;;1;1;XEUR;11286679;688;
03.02.2025;14:03:46.220;FGBL SI 20250306 PS;SIMPLE_INSTRUMENT;EFS;EUR;111;133.29000000;240;EXCHANGE_LAST;;1;1;XEUR;11286679;688;
03.02.2025;14:11:38.109;FGBL SI 20250306 PS;SIMPLE_INSTRUMENT;EFS;EUR;112;133.16000000;249;EXCHANGE_LAST;;1;1;XEUR;11286679;688;
03.02.2025;14:31:07.320;FGBL SI 20250306 PS;SIMPLE_INSTRUMENT;EFS;EUR;113;133.34000000;207;EXCHANGE_LAST;;1;1;XEUR;11286679;688;
03.02.2025;14:32:33.549;FGBL SI 20250306 PS;SIMPLE_INSTRUMENT;EFS;EUR;114;133.35000000;289;EXCHANGE_LAST;;1;1;XEUR;11286679;688;
03.02.2025;14:45:13.928;FGBL SI 20250306 PS;SIMPLE_INSTRUMENT;EFS;EUR;115;133.35000000;280;EXCHANGE_LAST;;1;1;XEUR;11286679;688;
03.02.2025;14:58:11.077;FGBL SI 20250306 PS;SIMPLE_INSTRUMENT;EFS;EUR;116;133.36000000;414;EXCHANGE_LAST;;1;1;XEUR;11286679;688;
03.02.2025;15:00:31.256;FGBL SI 20250306 PS;SIMPLE_INSTRUMENT;EFS;EUR;117;133.37000000;207;EXCHANGE_LAST;;1;1;XEUR;11286679;688;
03.02.2025;15:03:35.913;FGBL SI 20250306 PS;SIMPLE_INSTRUMENT;EFS;EUR;118;133.16000000;457;EXCHANGE_LAST;;1;1;XEUR;11286679;688;
03.02.2025;15:05:35.523;FGBL SI 20250306 PS;SIMPLE_INSTRUMENT;EFS;EUR;119;133.38000000;620;EXCHANGE_LAST;;1;1;XEUR;11286679;688;
03.02.2025;15:09:26.801;FGBL SI 20250306 PS;SIMPLE_INSTRUMENT;EFS;EUR;120;133.37000000;207;EXCHANGE_LAST;;1;1;XEUR;11286679;688;
03.02.2025;15:14:02.831;FGBL SI 20250306 PS;SIMPLE_INSTRUMENT;EFS;EUR;121;133.43000000;413;EXCHANGE_LAST;;1;1;XEUR;11286679;688;
03.02.2025;15:14:47.370;FGBL SI 20250306 PS;SIMPLE_INSTRUMENT;EFS;EUR;122;133.48000000;413;EXCHANGE_LAST;;1;1;XEUR;11286679;688;
03.02.2025;15:20:35.708;FGBL SI 20250306 PS;SIMPLE_INSTRUMENT;EFS;EUR;123;133.49000000;228;EXCHANGE_LAST;;1;1;XEUR;11286679;688;
03.02.2025;15:32:05.376;FGBL SI 20250306 PS;SIMPLE_INSTRUMENT;EFS;EUR;124;133.19000000;207;EXCHANGE_LAST;;1;1;XEUR;11286679;688;
03.02.2025;15:32:34.959;FGBL SI 20250306 PS;SIMPLE_INSTRUMENT;EFS;EUR;125;133.47000000;683;EXCHANGE_LAST;;1;1;XEUR;11286679;688;
03.02.2025;15:33:59.509;FGBL SI 20250306 PS;SIMPLE_INSTRUMENT;EFS;EUR;126;133.10000000;207;EXCHANGE_LAST;;1;1;XEUR;11286679;688;
03.02.2025;15:34:18.010;FGBL SI 20250306 PS;SIMPLE_INSTRUMENT;EFS;EUR;127;133.19000000;207;EXCHANGE_LAST;;1;1;XEUR;11286679;688;
03.02.2025;15:44:42.029;FGBL SI 20250306 PS;SIMPLE_INSTRUMENT;EFS;EUR;128;133.09000000;235;EXCHANGE_LAST;;1;1;XEUR;11286679;688;
03.02.2025;15:52:40.731;FGBL SI 20250306 PS;SIMPLE_INSTRUMENT;EFS;EUR;129;133.11000000;414;EXCHANGE_LAST;;1;1;XEUR;11286679;688;
03.02.2025;15:56:35.019;FGBL SI 20250306 PS;SIMPLE_INSTRUMENT;EFS;EUR;130;133.06000000;148;EXCHANGE_LAST;;1;1;XEUR;11286679;688;
03.02.2025;15:58:04.424;FGBL SI 20250306 PS;SIMPLE_INSTRUMENT;EFS;EUR;131;133.04000000;200;EXCHANGE_LAST;;1;1;XEUR;11286679;688;
03.02.2025;15:59:27.537;FGBL SI 20250306 PS;SIMPLE_INSTRUMENT;EFS;EUR;132;133.08000000;414;EXCHANGE_LAST;;1;1;XEUR;11286679;688;
03.02.2025;16:01:10.015;FGBL SI 20250306 PS;SIMPLE_INSTRUMENT;EFS;EUR;133;133.09000000;207;EXCHANGE_LAST;;1;1;XEUR;11286679;688;
03.02.2025;16:03:55.413;FGBL SI 20250306 PS;SIMPLE_INSTRUMENT;EFS;EUR;134;133.09000000;300;EXCHANGE_LAST;;1;1;XEUR;11286679;688;
03.02.2025;16:05:47.569;FGBL SI 20250306 PS;SIMPLE_INSTRUMENT;EFS;EUR;135;133.12000000;414;EXCHANGE_LAST;;1;1;XEUR;11286679;688;
03.02.2025;16:15:44.731;FGBL SI 20250306 PS;SIMPLE_INSTRUMENT;EFS;EUR;136;133.11000000;469;EXCHANGE_LAST;;1;1;XEUR;11286679;688;
03.02.2025;16:22:01.569;FGBL SI 20250306 PS;SIMPLE_INSTRUMENT;EFS;EUR;137;133.09000000;318;EXCHANGE_LAST;;1;1;XEUR;11286679;688;
03.02.2025;16:37:29.319;FGBL SI 20250306 PS;SIMPLE_INSTRUMENT;EFP_FIN;EUR;138;133.26000000;55;EXCHANGE_LAST;;1;1;XEUR;11286679;688;
03.02.2025;16:37:50.201;FGBL SI 20250306 PS;SIMPLE_INSTRUMENT;EFP_FIN;EUR;139;133.26000000;395;EXCHANGE_LAST;;1;1;XEUR;11286679;688;
03.02.2025;16:41:03.890;FGBL SI 20250306 PS;SIMPLE_INSTRUMENT;EFS;EUR;140;133.12000000;1500;EXCHANGE_LAST;;1;1;XEUR;11286679;688;
03.02.2025;16:51:32.818;FGBL SI 20250306 PS;SIMPLE_INSTRUMENT;EFS;EUR;141;133.15000000;218;EXCHANGE_LAST;;1;1;XEUR;11286679;688;
03.02.2025;16:52:44.829;FGBL SI 20250306 PS;SIMPLE_INSTRUMENT;EFS;EUR;142;133.13000000;207;EXCHANGE_LAST;;1;1;XEUR;11286679;688;
03.02.2025;17:14:21.424;FGBL SI 20250306 PS;SIMPLE_INSTRUMENT;EFS;EUR;143;133.28000000;454;EXCHANGE_LAST;;1;1;XEUR;11286679;688;
03.02.2025;17:14:26.061;FGBL SI 20250306 PS;SIMPLE_INSTRUMENT;EFS;EUR;144;133.33000000;455;EXCHANGE_LAST;;1;1;XEUR;11286679;688;
03.02.2025;09:31:34.351;FGBL SI 20250306 PS;SIMPLE_INSTRUMENT;VOLA;EUR;268435477;132.98000000;390;EXCHANGE_LAST;;1;1;XEUR;11286679;688;
03.02.2025;09:34:14.451;FGBL SI 20250306 PS;SIMPLE_INSTRUMENT;VOLA;EUR;268435479;132.99000000;390;EXCHANGE_LAST;;1;1;XEUR;11286679;688;
03.02.2025;09:38:45.218;FGBL SI 20250306 PS;SIMPLE_INSTRUMENT;VOLA;EUR;268435488;133.08000000;60;EXCHANGE_LAST;;1;1;XEUR;11286679;688;
03.02.2025;09:39:28.266;FGBL SI 20250306 PS;SIMPLE_INSTRUMENT;VOLA;EUR;268435490;133.08000000;60;EXCHANGE_LAST;;1;1;XEUR;11286679;688;
03.02.2025;09:53:23.184;FGBL SI 20250306 PS;SIMPLE_INSTRUMENT;VOLA;EUR;268435502;133.14000000;13;EXCHANGE_LAST;;1;1;XEUR;11286679;688;
03.02.2025;10:41:49.754;FGBL SI 20250306 PS;SIMPLE_INSTRUMENT;VOLA;EUR;268435524;133.14000000;160;EXCHANGE_LAST;;1;1;XEUR;11286679;688;
03.02.2025;10:42:30.551;FGBL SI 20250306 PS;SIMPLE_INSTRUMENT;VOLA;EUR;268435526;133.08000000;135;EXCHANGE_LAST;;1;1;XEUR;11286679;688;
03.02.2025;11:21:16.723;FGBL SI 20250306 PS;SIMPLE_INSTRUMENT;VOLA;EUR;268435543;133.09000000;150;EXCHANGE_LAST;;1;1;XEUR;11286679;688;
03.02.2025;12:47:17.516;FGBL SI 20250306 PS;SIMPLE_INSTRUMENT;VOLA;EUR;268435597;133.38000000;173;EXCHANGE_LAST;;1;1;XEUR;11286679;688;
03.02.2025;13:21:28.400;FGBL SI 20250306 PS;SIMPLE_INSTRUMENT;VOLA;EUR;268435608;133.26000000;85;EXCHANGE_LAST;;1;1;XEUR;11286679;688;
03.02.2025;13:38:47.453;FGBL SI 20250306 PS;SIMPLE_INSTRUMENT;VOLA;EUR;268435617;133.30000000;90;EXCHANGE_LAST;;1;1;XEUR;11286679;688;
03.02.2025;13:59:31.993;FGBL SI 20250306 PS;SIMPLE_INSTRUMENT;VOLA;EUR;268435627;133.22000000;150;EXCHANGE_LAST;;1;1;XEUR;11286679;688;
03.02.2025;14:00:13.064;FGBL SI 20250306 PS;SIMPLE_INSTRUMENT;VOLA;EUR;268435628;133.22000000;60;EXCHANGE_LAST;;1;1;XEUR;11286679;688;
03.02.2025;14:06:47.128;FGBL SI 20250306 PS;SIMPLE_INSTRUMENT;VOLA;EUR;268435631;133.25000000;56;EXCHANGE_LAST;;1;1;XEUR;11286679;688;
03.02.2025;14:07:36.135;FGBL SI 20250306 PS;SIMPLE_INSTRUMENT;VOLA;EUR;268435632;133.25000000;57;EXCHANGE_LAST;;1;1;XEUR;11286679;688;
03.02.2025;15:11:04.005;FGBL SI 20250306 PS;SIMPLE_INSTRUMENT;VOLA;EUR;268435648;133.15000000;140;EXCHANGE_LAST;;1;1;XEUR;11286679;688;
03.02.2025;15:11:04.832;FGBL SI 20250306 PS;SIMPLE_INSTRUMENT;VOLA;EUR;268435649;133.15000000;50;EXCHANGE_LAST;;1;1;XEUR;11286679;688;
03.02.2025;15:11:07.241;FGBL SI 20250306 PS;SIMPLE_INSTRUMENT;VOLA;EUR;268435650;133.15000000;20;EXCHANGE_LAST;;1;1;XEUR;11286679;688;
03.02.2025;15:34:37.769;FGBL SI 20250306 PS;SIMPLE_INSTRUMENT;VOLA;EUR;268435664;133.22000000;60;EXCHANGE_LAST;;1;1;XEUR;11286679;688;
03.02.2025;15:40:45.762;FGBL SI 20250306 PS;SIMPLE_INSTRUMENT;VOLA;EUR;268435672;133.17000000;112;EXCHANGE_LAST;;1;1;XEUR;11286679;688;
03.02.2025;15:46:56.184;FGBL SI 20250306 PS;SIMPLE_INSTRUMENT;VOLA;EUR;268435677;133.22000000;90;EXCHANGE_LAST;;1;1;XEUR;11286679;688;
03.02.2025;15:52:56.739;FGBL SI 20250306 PS;SIMPLE_INSTRUMENT;VOLA;EUR;268435680;133.22000000;60;EXCHANGE_LAST;;1;1;XEUR;11286679;688;
03.02.2025;07:58:24.896;FGBM SI 20250306 PS;SIMPLE_INSTRUMENT;EFS;EUR;1;117.61000000;79;EXCHANGE_LAST;;1;1;XEUR;11286680;689;
03.02.2025;08:12:30.556;FGBM SI 20250306 PS;SIMPLE_INSTRUMENT;EFS;EUR;2;117.64000000;475;EXCHANGE_LAST;;1;1;XEUR;11286680;689;
03.02.2025;08:23:18.466;FGBM SI 20250306 PS;SIMPLE_INSTRUMENT;EFS;EUR;3;117.65000000;912;EXCHANGE_LAST;;1;1;XEUR;11286680;689;
03.02.2025;08:41:01.278;FGBM SI 20250306 PS;SIMPLE_INSTRUMENT;EFS;EUR;4;117.64000000;911;EXCHANGE_LAST;;1;1;XEUR;11286680;689;
03.02.2025;08:47:02.501;FGBM SI 20250306 PS;SIMPLE_INSTRUMENT;EFS;EUR;5;117.62000000;456;EXCHANGE_LAST;;1;1;XEUR;11286680;689;
03.02.2025;08:54:01.622;FGBM SI 20250306 PS;SIMPLE_INSTRUMENT;EFS;EUR;6;117.62000000;456;EXCHANGE_LAST;;1;1;XEUR;11286680;689;
03.02.2025;08:54:02.963;FGBM SI 20250306 PS;SIMPLE_INSTRUMENT;EFS;EUR;7;117.65000000;385;EXCHANGE_LAST;;1;1;XEUR;11286680;689;
03.02.2025;09:02:01.761;FGBM SI 20250306 PS;SIMPLE_INSTRUMENT;EFS;EUR;8;117.68000000;912;EXCHANGE_LAST;;1;1;XEUR;11286680;689;
03.02.2025;09:03:06.835;FGBM SI 20250306 PS;SIMPLE_INSTRUMENT;EFS;EUR;9;117.68000000;912;EXCHANGE_LAST;;1;1;XEUR;11286680;689;
03.02.2025;09:29:40.831;FGBM SI 20250306 PS;SIMPLE_INSTRUMENT;EFS;EUR;10;117.70000000;360;EXCHANGE_LAST;;1;1;XEUR;11286680;689;
03.02.2025;09:30:18.973;FGBM SI 20250306 PS;SIMPLE_INSTRUMENT;EFS;EUR;11;117.67000000;986;EXCHANGE_LAST;;1;1;XEUR;11286680;689;
03.02.2025;09:32:56.536;FGBM SI 20250306 PS;SIMPLE_INSTRUMENT;EFS;EUR;12;117.73000000;911;EXCHANGE_LAST;;1;1;XEUR;11286680;689;
03.02.2025;09:35:50.481;FGBM SI 20250306 PS;SIMPLE_INSTRUMENT;EFS;EUR;13;117.68000000;100;EXCHANGE_LAST;;1;1;XEUR;11286680;689;
03.02.2025;09:36:55.194;FGBM SI 20250306 PS;SIMPLE_INSTRUMENT;EFS;EUR;14;117.72000000;298;EXCHANGE_LAST;;1;1;XEUR;11286680;689;
03.02.2025;09:42:39.562;FGBM SI 20250306 PS;SIMPLE_INSTRUMENT;EFP_FIN;EUR;15;117.70000000;103;EXCHANGE_LAST;;1;1;XEUR;11286680;689;
03.02.2025;10:00:10.506;FGBM SI 20250306 PS;SIMPLE_INSTRUMENT;EFS;EUR;16;117.80000000;1443;EXCHANGE_LAST;;1;1;XEUR;11286680;689;
03.02.2025;10:01:08.474;FGBM SI 20250306 PS;SIMPLE_INSTRUMENT;EFS;EUR;17;117.81000000;1444;EXCHANGE_LAST;;1;1;XEUR;11286680;689;
03.02.2025;10:03:22.522;FGBM SI 20250306 PS;SIMPLE_INSTRUMENT;EFS;EUR;18;117.76000000;912;EXCHANGE_LAST;;1;1;XEUR;11286680;689;
03.02.2025;10:04:29.115;FGBM SI 20250306 PS;SIMPLE_INSTRUMENT;EFS;EUR;19;117.80000000;228;EXCHANGE_LAST;;1;1;XEUR;11286680;689;
03.02.2025;10:10:38.237;FGBM SI 20250306 PS;SIMPLE_INSTRUMENT;EFS;EUR;20;117.79000000;1970;EXCHANGE_LAST;;1;1;XEUR;11286680;689;
03.02.2025;10:12:36.614;FGBM SI 20250306 PS;SIMPLE_INSTRUMENT;EFS;EUR;21;117.72000000;911;EXCHANGE_LAST;;1;1;XEUR;11286680;689;
03.02.2025;10:53:37.760;FGBM SI 20250306 PS;SIMPLE_INSTRUMENT;EFS;EUR;22;117.70000000;912;EXCHANGE_LAST;;1;1;XEUR;11286680;689;
03.02.2025;10:54:02.777;FGBM SI 20250306 PS;SIMPLE_INSTRUMENT;EFS;EUR;23;117.70000000;912;EXCHANGE_LAST;;1;1;XEUR;11286680;689;
03.02.2025;11:01:26.115;FGBM SI 20250306 PS;SIMPLE_INSTRUMENT;EFS;EUR;24;117.60000000;493;EXCHANGE_LAST;;1;1;XEUR;11286680;689;
03.02.2025;11:06:29.686;FGBM SI 20250306 PS;SIMPLE_INSTRUMENT;EFP_FIN;EUR;25;117.67000000;968;EXCHANGE_LAST;;1;1;XEUR;11286680;689;
03.02.2025;11:17:33.583;FGBM SI 20250306 PS;SIMPLE_INSTRUMENT;EFP_FIN;EUR;26;117.70000000;91;EXCHANGE_LAST;;1;1;XEUR;11286680;689;
03.02.2025;11:22:13.686;FGBM SI 20250306 PS;SIMPLE_INSTRUMENT;EFP_FIN;EUR;27;117.69000000;68;EXCHANGE_LAST;;1;1;XEUR;11286680;689;
03.02.2025;11:26:33.823;FGBM SI 20250306 PS;SIMPLE_INSTRUMENT;EFP_FIN;EUR;28;117.69000000;171;EXCHANGE_LAST;;1;1;XEUR;11286680;689;
03.02.2025;11:22:56.639;FGBM SI 20250306 PS;SIMPLE_INSTRUMENT;EFP_FIN;EUR;30;117.69000000;376;EXCHANGE_LAST;;1;1;XEUR;11286680;689;
03.02.2025;11:29:07.253;FGBM SI 20250306 PS;SIMPLE_INSTRUMENT;EFP_FIN;EUR;31;117.70000000;94;EXCHANGE_LAST;;1;1;XEUR;11286680;689;
03.02.2025;11:39:52.140;FGBM SI 20250306 PS;SIMPLE_INSTRUMENT;EFP_FIN;EUR;32;117.69000000;102;EXCHANGE_LAST;;1;1;XEUR;11286680;689;
03.02.2025;11:40:44.311;FGBM SI 20250306 PS;SIMPLE_INSTRUMENT;EFP_FIN;EUR;33;117.71000000;185;EXCHANGE_LAST;;1;1;XEUR;11286680;689;
03.02.2025;11:58:09.917;FGBM SI 20250306 PS;SIMPLE_INSTRUMENT;EFS;EUR;34;117.75000000;1486;EXCHANGE_LAST;;1;1;XEUR;11286680;689;
03.02.2025;12:10:57.293;FGBM SI 20250306 PS;SIMPLE_INSTRUMENT;EFP_FIN;EUR;35;117.75000000;798;EXCHANGE_LAST;;1;1;XEUR;11286680;689;
03.02.2025;13:05:16.805;FGBM SI 20250306 PS;SIMPLE_INSTRUMENT;EFP_FIN;EUR;36;117.85000000;370;EXCHANGE_LAST;;1;1;XEUR;11286680;689;
03.02.2025;13:08:27.087;FGBM SI 20250306 PS;SIMPLE_INSTRUMENT;EFP_FIN;EUR;37;117.85000000;481;EXCHANGE_LAST;;1;1;XEUR;11286680;689;
03.02.2025;13:08:32.755;FGBM SI 20250306 PS;SIMPLE_INSTRUMENT;EFS;EUR;38;117.85000000;984;EXCHANGE_LAST;;1;1;XEUR;11286680;689;
03.02.2025;13:11:49.251;FGBM SI 20250306 PS;SIMPLE_INSTRUMENT;EFS;EUR;39;117.76000000;600;EXCHANGE_LAST;;1;1;XEUR;11286680;689;
03.02.2025;13:17:46.730;FGBM SI 20250306 PS;SIMPLE_INSTRUMENT;EFS;EUR;40;117.80000000;911;EXCHANGE_LAST;;1;1;XEUR;11286680;689;
03.02.2025;13:32:52.918;FGBM SI 20250306 PS;SIMPLE_INSTRUMENT;EFS;EUR;41;117.84000000;960;EXCHANGE_LAST;;1;1;XEUR;11286680;689;
03.02.2025;13:36:09.745;FGBM SI 20250306 PS;SIMPLE_INSTRUMENT;EFP_FIN;EUR;42;117.84000000;370;EXCHANGE_LAST;;1;1;XEUR;11286680;689;
03.02.2025;13:43:02.613;FGBM SI 20250306 PS;SIMPLE_INSTRUMENT;EFS;EUR;43;117.78000000;1970;EXCHANGE_LAST;;1;1;XEUR;11286680;689;
03.02.2025;13:43:05.307;FGBM SI 20250306 PS;SIMPLE_INSTRUMENT;EFP_FIN;EUR;44;117.84000000;185;EXCHANGE_LAST;;1;1;XEUR;11286680;689;
03.02.2025;13:44:11.617;FGBM SI 20250306 PS;SIMPLE_INSTRUMENT;EFS;EUR;45;117.79000000;492;EXCHANGE_LAST;;1;1;XEUR;11286680;689;
03.02.2025;14:02:07.434;FGBM SI 20250306 PS;SIMPLE_INSTRUMENT;EFP_FIN;EUR;46;117.84000000;185;EXCHANGE_LAST;;1;1;XEUR;11286680;689;
03.02.2025;14:10:33.396;FGBM SI 20250306 PS;SIMPLE_INSTRUMENT;EFP_FIN;EUR;47;117.75000000;1452;EXCHANGE_LAST;;1;1;XEUR;11286680;689;
03.02.2025;14:22:04.296;FGBM SI 20250306 PS;SIMPLE_INSTRUMENT;EFS;EUR;48;117.78000000;456;EXCHANGE_LAST;;1;1;XEUR;11286680;689;
03.02.2025;14:24:25.999;FGBM SI 20250306 PS;SIMPLE_INSTRUMENT;EFS;EUR;49;117.78000000;456;EXCHANGE_LAST;;1;1;XEUR;11286680;689;
03.02.2025;14:27:46.387;FGBM SI 20250306 PS;SIMPLE_INSTRUMENT;EFP_FIN;EUR;50;117.80000000;1598;EXCHANGE_LAST;;1;1;XEUR;11286680;689;
03.02.2025;14:53:21.376;FGBM SI 20250306 PS;SIMPLE_INSTRUMENT;EFS;EUR;51;117.86000000;598;EXCHANGE_LAST;;1;1;XEUR;11286680;689;
03.02.2025;14:53:54.239;FGBM SI 20250306 PS;SIMPLE_INSTRUMENT;EFS;EUR;52;117.85000000;455;EXCHANGE_LAST;;1;1;XEUR;11286680;689;
03.02.2025;14:54:05.845;FGBM SI 20250306 PS;SIMPLE_INSTRUMENT;EFS;EUR;53;117.86000000;200;EXCHANGE_LAST;;1;1;XEUR;11286680;689;
03.02.2025;15:05:13.666;FGBM SI 20250306 PS;SIMPLE_INSTRUMENT;EFP_FIN;EUR;54;117.85000000;863;EXCHANGE_LAST;;1;1;XEUR;11286680;689;
03.02.2025;15:02:26.940;FGBM SI 20250306 PS;SIMPLE_INSTRUMENT;EFP_FIN;EUR;55;117.80000000;400;EXCHANGE_LAST;;1;1;XEUR;11286680;689;
03.02.2025;15:06:17.746;FGBM SI 20250306 PS;SIMPLE_INSTRUMENT;EFS;EUR;56;117.86000000;455;EXCHANGE_LAST;;1;1;XEUR;11286680;689;
03.02.2025;15:18:41.034;FGBM SI 20250306 PS;SIMPLE_INSTRUMENT;EFP_FIN;EUR;57;117.87000000;458;EXCHANGE_LAST;;1;1;XEUR;11286680;689;
03.02.2025;15:29:38.224;FGBM SI 20250306 PS;SIMPLE_INSTRUMENT;EFS;EUR;58;117.89000000;911;EXCHANGE_LAST;;1;1;XEUR;11286680;689;
03.02.2025;15:29:48.235;FGBM SI 20250306 PS;SIMPLE_INSTRUMENT;EFS;EUR;59;117.91000000;455;EXCHANGE_LAST;;1;1;XEUR;11286680;689;
03.02.2025;15:30:45.096;FGBM SI 20250306 PS;SIMPLE_INSTRUMENT;EFS;EUR;60;117.75000000;910;EXCHANGE_LAST;;1;1;XEUR;11286680;689;
03.02.2025;15:31:42.955;FGBM SI 20250306 PS;SIMPLE_INSTRUMENT;EFS;EUR;61;117.91000000;1438;EXCHANGE_LAST;;1;1;XEUR;11286680;689;
03.02.2025;15:32:53.456;FGBM SI 20250306 PS;SIMPLE_INSTRUMENT;EFS;EUR;62;117.75000000;456;EXCHANGE_LAST;;1;1;XEUR;11286680;689;
03.02.2025;15:33:19.475;FGBM SI 20250306 PS;SIMPLE_INSTRUMENT;EFS;EUR;63;117.86000000;911;EXCHANGE_LAST;;1;1;XEUR;11286680;689;
03.02.2025;15:35:39.659;FGBM SI 20250306 PS;SIMPLE_INSTRUMENT;EFS;EUR;64;117.75000000;456;EXCHANGE_LAST;;1;1;XEUR;11286680;689;
03.02.2025;15:39:29.857;FGBM SI 20250306 PS;SIMPLE_INSTRUMENT;EFS;EUR;65;117.72000000;912;EXCHANGE_LAST;;1;1;XEUR;11286680;689;
03.02.2025;15:39:34.864;FGBM SI 20250306 PS;SIMPLE_INSTRUMENT;EFS;EUR;66;117.72000000;365;EXCHANGE_LAST;;1;1;XEUR;11286680;689;
03.02.2025;15:54:39.418;FGBM SI 20250306 PS;SIMPLE_INSTRUMENT;EFS;EUR;67;117.74000000;455;EXCHANGE_LAST;;1;1;XEUR;11286680;689;
03.02.2025;15:57:36.969;FGBM SI 20250306 PS;SIMPLE_INSTRUMENT;EFS;EUR;68;117.74000000;455;EXCHANGE_LAST;;1;1;XEUR;11286680;689;
03.02.2025;16:02:34.093;FGBM SI 20250306 PS;SIMPLE_INSTRUMENT;EFS;EUR;69;117.74000000;478;EXCHANGE_LAST;;1;1;XEUR;11286680;689;
03.02.2025;16:04:07.464;FGBM SI 20250306 PS;SIMPLE_INSTRUMENT;EFS;EUR;70;117.72000000;912;EXCHANGE_LAST;;1;1;XEUR;11286680;689;
03.02.2025;16:05:19.120;FGBM SI 20250306 PS;SIMPLE_INSTRUMENT;EFP_FIN;EUR;71;117.74000000;90;EXCHANGE_LAST;;1;1;XEUR;11286680;689;
03.02.2025;16:07:10.291;FGBM SI 20250306 PS;SIMPLE_INSTRUMENT;EFS;EUR;72;117.72000000;455;EXCHANGE_LAST;;1;1;XEUR;11286680;689;
03.02.2025;16:12:50.173;FGBM SI 20250306 PS;SIMPLE_INSTRUMENT;EFP_FIN;EUR;73;117.72000000;53;EXCHANGE_LAST;;1;1;XEUR;11286680;689;
03.02.2025;16:23:13.742;FGBM SI 20250306 PS;SIMPLE_INSTRUMENT;EFS;EUR;75;117.81000000;911;EXCHANGE_LAST;;1;1;XEUR;11286680;689;
03.02.2025;16:25:56.494;FGBM SI 20250306 PS;SIMPLE_INSTRUMENT;EFS;EUR;76;117.83000000;1365;EXCHANGE_LAST;;1;1;XEUR;11286680;689;
03.02.2025;16:26:50.980;FGBM SI 20250306 PS;SIMPLE_INSTRUMENT;EFS;EUR;77;117.83000000;910;EXCHANGE_LAST;;1;1;XEUR;11286680;689;
03.02.2025;16:35:23.870;FGBM SI 20250306 PS;SIMPLE_INSTRUMENT;EFP_FIN;EUR;78;117.73000000;380;EXCHANGE_LAST;;1;1;XEUR;11286680;689;
03.02.2025;16:36:57.143;FGBM SI 20250306 PS;SIMPLE_INSTRUMENT;EFS;EUR;79;117.82000000;455;EXCHANGE_LAST;;1;1;XEUR;11286680;689;
03.02.2025;16:39:30.748;FGBM SI 20250306 PS;SIMPLE_INSTRUMENT;EFS;EUR;80;117.83000000;456;EXCHANGE_LAST;;1;1;XEUR;11286680;689;
03.02.2025;16:39:39.433;FGBM SI 20250306 PS;SIMPLE_INSTRUMENT;EFS;EUR;81;117.75000000;2000;EXCHANGE_LAST;;1;1;XEUR;11286680;689;
03.02.2025;16:40:06.558;FGBM SI 20250306 PS;SIMPLE_INSTRUMENT;EFP_FIN;EUR;82;117.73000000;431;EXCHANGE_LAST;;1;1;XEUR;11286680;689;
03.02.2025;16:41:29.074;FGBM SI 20250306 PS;SIMPLE_INSTRUMENT;EFP_FIN;EUR;83;117.73000000;475;EXCHANGE_LAST;;1;1;XEUR;11286680;689;
03.02.2025;16:44:41.072;FGBM SI 20250306 PS;SIMPLE_INSTRUMENT;EFS;EUR;84;117.77000000;456;EXCHANGE_LAST;;1;1;XEUR;11286680;689;
03.02.2025;16:44:51.081;FGBM SI 20250306 PS;SIMPLE_INSTRUMENT;EFS;EUR;85;117.77000000;912;EXCHANGE_LAST;;1;1;XEUR;11286680;689;
03.02.2025;16:47:44.915;FGBM SI 20250306 PS;SIMPLE_INSTRUMENT;EFS;EUR;86;117.78000000;455;EXCHANGE_LAST;;1;1;XEUR;11286680;689;
03.02.2025;16:48:24.870;FGBM SI 20250306 PS;SIMPLE_INSTRUMENT;EFS;EUR;87;117.78000000;455;EXCHANGE_LAST;;1;1;XEUR;11286680;689;
03.02.2025;16:51:51.361;FGBM SI 20250306 PS;SIMPLE_INSTRUMENT;EFS;EUR;88;117.76000000;456;EXCHANGE_LAST;;1;1;XEUR;11286680;689;
03.02.2025;12:06:52.826;FGBM SI 20250306 PS;SIMPLE_INSTRUMENT;VOLA;EUR;268435561;117.80000000;160;EXCHANGE_LAST;;1;1;XEUR;11286680;689;
03.02.2025;13:26:31.888;FGBM SI 20250306 PS;SIMPLE_INSTRUMENT;VOLA;EUR;268435612;117.85000000;193;EXCHANGE_LAST;;1;1;XEUR;11286680;689;
03.02.2025;16:18:12.707;FGBM SI 20250306 PS;SIMPLE_INSTRUMENT;VOLA;EUR;268435694;117.72000000;525;EXCHANGE_LAST;;1;1;XEUR;11286680;689;
03.02.2025;08:13:51.208;FGBS SI 20250306 PS;SIMPLE_INSTRUMENT;EFS;EUR;1;106.92000000;2603;EXCHANGE_LAST;;1;1;XEUR;11286681;690;
03.02.2025;09:14:14.408;FGBS SI 20250306 PS;SIMPLE_INSTRUMENT;EFS;EUR;2;106.93000000;2734;EXCHANGE_LAST;;1;1;XEUR;11286681;690;
03.02.2025;09:28:36.827;FGBS SI 20250306 PS;SIMPLE_INSTRUMENT;EFS;EUR;3;106.93000000;998;EXCHANGE_LAST;;1;1;XEUR;11286681;690;
03.02.2025;09:49:32.682;FGBS SI 20250306 PS;SIMPLE_INSTRUMENT;EFS;EUR;4;106.95000000;1600;EXCHANGE_LAST;;1;1;XEUR;11286681;690;
03.02.2025;10:05:04.833;FGBS SI 20250306 PS;SIMPLE_INSTRUMENT;EFS;EUR;5;106.96500000;2733;EXCHANGE_LAST;;1;1;XEUR;11286681;690;
03.02.2025;10:07:23.035;FGBS SI 20250306 PS;SIMPLE_INSTRUMENT;EFP_FIN;EUR;6;106.96000000;250;EXCHANGE_LAST;;1;1;XEUR;11286681;690;
03.02.2025;10:07:35.891;FGBS SI 20250306 PS;SIMPLE_INSTRUMENT;EFP_FIN;EUR;7;106.96000000;230;EXCHANGE_LAST;;1;1;XEUR;11286681;690;
03.02.2025;10:13:30.615;FGBS SI 20250306 PS;SIMPLE_INSTRUMENT;EFS;EUR;8;106.97500000;2628;EXCHANGE_LAST;;1;1;XEUR;11286681;690;
03.02.2025;10:44:14.765;FGBS SI 20250306 PS;SIMPLE_INSTRUMENT;EFS;EUR;10;106.94000000;5343;EXCHANGE_LAST;;1;1;XEUR;11286681;690;
03.02.2025;10:53:47.560;FGBS SI 20250306 PS;SIMPLE_INSTRUMENT;EFS;EUR;11;106.92500000;2537;EXCHANGE_LAST;;1;1;XEUR;11286681;690;
03.02.2025;10:57:39.264;FGBS SI 20250306 PS;SIMPLE_INSTRUMENT;EFS;EUR;12;106.93000000;2734;EXCHANGE_LAST;;1;1;XEUR;11286681;690;
03.02.2025;11:15:47.365;FGBS SI 20250306 PS;SIMPLE_INSTRUMENT;EFP_FIN;EUR;13;106.92500000;157;EXCHANGE_LAST;;1;1;XEUR;11286681;690;
03.02.2025;11:32:35.233;FGBS SI 20250306 PS;SIMPLE_INSTRUMENT;EFP_FIN;EUR;14;106.97000000;1402;EXCHANGE_LAST;;1;1;XEUR;11286681;690;
03.02.2025;11:39:11.166;FGBS SI 20250306 PS;SIMPLE_INSTRUMENT;EFS;EUR;15;106.94500000;2734;EXCHANGE_LAST;;1;1;XEUR;11286681;690;
03.02.2025;12:11:02.942;FGBS SI 20250306 PS;SIMPLE_INSTRUMENT;EFS;EUR;16;106.97000000;2736;EXCHANGE_LAST;;1;1;XEUR;11286681;690;
03.02.2025;12:18:23.740;FGBS SI 20250306 PS;SIMPLE_INSTRUMENT;EFS;EUR;17;106.97000000;1883;EXCHANGE_LAST;;1;1;XEUR;11286681;690;
03.02.2025;12:23:53.600;FGBS SI 20250306 PS;SIMPLE_INSTRUMENT;EFS;EUR;18;106.96500000;2733;EXCHANGE_LAST;;1;1;XEUR;11286681;690;
03.02.2025;13:04:06.491;FGBS SI 20250306 PS;SIMPLE_INSTRUMENT;EFS;EUR;19;106.95000000;2377;EXCHANGE_LAST;;1;1;XEUR;11286681;690;
03.02.2025;13:14:57.374;FGBS SI 20250306 PS;SIMPLE_INSTRUMENT;EFS;EUR;20;106.97500000;10641;EXCHANGE_LAST;;1;1;XEUR;11286681;690;
03.02.2025;13:40:31.197;FGBS SI 20250306 PS;SIMPLE_INSTRUMENT;EFS;EUR;21;106.96000000;2733;EXCHANGE_LAST;;1;1;XEUR;11286681;690;
03.02.2025;13:44:13.657;FGBS SI 20250306 PS;SIMPLE_INSTRUMENT;EFS;EUR;22;106.96500000;5466;EXCHANGE_LAST;;1;1;XEUR;11286681;690;
03.02.2025;14:15:52.200;FGBS SI 20250306 PS;SIMPLE_INSTRUMENT;EFS;EUR;23;106.96000000;2733;EXCHANGE_LAST;;1;1;XEUR;11286681;690;
03.02.2025;14:22:47.954;FGBS SI 20250306 PS;SIMPLE_INSTRUMENT;EFS;EUR;24;106.95000000;2398;EXCHANGE_LAST;;1;1;XEUR;11286681;690;
03.02.2025;14:25:57.746;FGBS SI 20250306 PS;SIMPLE_INSTRUMENT;EFS;EUR;25;106.96000000;2733;EXCHANGE_LAST;;1;1;XEUR;11286681;690;
03.02.2025;14:43:24.803;FGBS SI 20250306 PS;SIMPLE_INSTRUMENT;EFS;EUR;26;106.95000000;2734;EXCHANGE_LAST;;1;1;XEUR;11286681;690;
03.02.2025;15:01:33.596;FGBS SI 20250306 PS;SIMPLE_INSTRUMENT;EFP_FIN;EUR;27;106.95000000;467;EXCHANGE_LAST;;1;1;XEUR;11286681;690;
03.02.2025;15:12:44.768;FGBS SI 20250306 PS;SIMPLE_INSTRUMENT;EFP_FIN;EUR;28;106.96000000;132;EXCHANGE_LAST;;1;1;XEUR;11286681;690;
03.02.2025;15:21:37.107;FGBS SI 20250306 PS;SIMPLE_INSTRUMENT;EFP_FIN;EUR;29;106.98000000;530;EXCHANGE_LAST;;1;1;XEUR;11286681;690;
03.02.2025;15:22:03.819;FGBS SI 20250306 PS;SIMPLE_INSTRUMENT;EFP_FIN;EUR;30;106.98000000;1889;EXCHANGE_LAST;;1;1;XEUR;11286681;690;
03.02.2025;15:23:30.738;FGBS SI 20250306 PS;SIMPLE_INSTRUMENT;EFP_FIN;EUR;31;106.94000000;600;EXCHANGE_LAST;;1;1;XEUR;11286681;690;
03.02.2025;15:38:09.924;FGBS SI 20250306 PS;SIMPLE_INSTRUMENT;EFP_FIN;EUR;32;107.00500000;520;EXCHANGE_LAST;;1;1;XEUR;11286681;690;
03.02.2025;15:38:25.963;FGBS SI 20250306 PS;SIMPLE_INSTRUMENT;EFP_FIN;EUR;33;106.98000000;530;EXCHANGE_LAST;;1;1;XEUR;11286681;690;
03.02.2025;15:42:51.022;FGBS SI 20250306 PS;SIMPLE_INSTRUMENT;EFS;EUR;34;106.93000000;2734;EXCHANGE_LAST;;1;1;XEUR;11286681;690;
03.02.2025;15:44:08.568;FGBS SI 20250306 PS;SIMPLE_INSTRUMENT;EFP_FIN;EUR;35;106.99500000;281;EXCHANGE_LAST;;1;1;XEUR;11286681;690;
03.02.2025;15:51:50.214;FGBS SI 20250306 PS;SIMPLE_INSTRUMENT;EFS;EUR;36;106.92000000;2735;EXCHANGE_LAST;;1;1;XEUR;11286681;690;
03.02.2025;15:58:25.035;FGBS SI 20250306 PS;SIMPLE_INSTRUMENT;EFS;EUR;37;106.92500000;2735;EXCHANGE_LAST;;1;1;XEUR;11286681;690;
03.02.2025;16:01:25.050;FGBS SI 20250306 PS;SIMPLE_INSTRUMENT;EFS;EUR;38;106.92000000;2735;EXCHANGE_LAST;;1;1;XEUR;11286681;690;
03.02.2025;16:05:34.097;FGBS SI 20250306 PS;SIMPLE_INSTRUMENT;EFP_FIN;EUR;39;106.92000000;1064;EXCHANGE_LAST;;1;1;XEUR;11286681;690;
03.02.2025;16:38:29.815;FGBS SI 20250306 PS;SIMPLE_INSTRUMENT;EFP_FIN;EUR;40;106.93500000;234;EXCHANGE_LAST;;1;1;XEUR;11286681;690;
03.02.2025;16:14:35.214;FGBS SI 20250306 PS;SIMPLE_INSTRUMENT;EFS;EUR;41;106.92000000;2740;EXCHANGE_LAST;;1;1;XEUR;11286681;690;
03.02.2025;16:15:17.613;FGBS SI 20250306 PS;SIMPLE_INSTRUMENT;EFP_FIN;EUR;42;106.93500000;1038;EXCHANGE_LAST;;1;1;XEUR;11286681;690;
03.02.2025;16:22:53.616;FGBS SI 20250306 PS;SIMPLE_INSTRUMENT;EFS;EUR;43;106.94000000;2649;EXCHANGE_LAST;;1;1;XEUR;11286681;690;
03.02.2025;16:23:12.222;FGBS SI 20250306 PS;SIMPLE_INSTRUMENT;EFP_FIN;EUR;44;106.93500000;449;EXCHANGE_LAST;;1;1;XEUR;11286681;690;
03.02.2025;16:27:24.297;FGBS SI 20250306 PS;SIMPLE_INSTRUMENT;EFS;EUR;45;106.95500000;2733;EXCHANGE_LAST;;1;1;XEUR;11286681;690;
03.02.2025;16:32:14.757;FGBS SI 20250306 PS;SIMPLE_INSTRUMENT;EFP_FIN;EUR;46;106.95500000;1402;EXCHANGE_LAST;;1;1;XEUR;11286681;690;
03.02.2025;16:39:08.257;FGBS SI 20250306 PS;SIMPLE_INSTRUMENT;EFP_FIN;EUR;47;106.96500000;468;EXCHANGE_LAST;;1;1;XEUR;11286681;690;
03.02.2025;16:57:51.285;FGBS SI 20250306 PS;SIMPLE_INSTRUMENT;BLOCK;EUR;48;106.95500000;8220;EXCHANGE_LAST;;1;1;XEUR;11286681;690;
03.02.2025;17:07:04.440;FGBS SI 20250306 PS;SIMPLE_INSTRUMENT;EFS;EUR;49;106.97500000;2606;EXCHANGE_LAST;;1;1;XEUR;11286681;690;
03.02.2025;17:10:31.716;FGBS SI 20250306 PS;SIMPLE_INSTRUMENT;EFS;EUR;50;106.93000000;1376;EXCHANGE_LAST;;1;1;XEUR;11286681;690;
03.02.2025;15:47:40.124;FGBS SI 20250306 PS;SIMPLE_INSTRUMENT;VOLA;EUR;268435678;106.93000000;127;EXCHANGE_LAST;;1;1;XEUR;11286681;690;
03.02.2025;08:23:08.130;FGBX SI 20250306 PS;SIMPLE_INSTRUMENT;EFS;EUR;1;129.48000000;192;EXCHANGE_LAST;;1;1;XEUR;11286682;691;
03.02.2025;09:01:55.160;FGBX SI 20250306 PS;SIMPLE_INSTRUMENT;EFP_FIN;EUR;2;130.00000000;929;EXCHANGE_LAST;;1;1;XEUR;11286682;691;
03.02.2025;10:01:08.574;FGBX SI 20250306 PS;SIMPLE_INSTRUMENT;EFS;EUR;5;130.58000000;274;EXCHANGE_LAST;;1;1;XEUR;11286682;691;
03.02.2025;10:01:27.983;FGBX SI 20250306 PS;SIMPLE_INSTRUMENT;EFS;EUR;6;130.54000000;274;EXCHANGE_LAST;;1;1;XEUR;11286682;691;
03.02.2025;10:05:01.009;FGBX SI 20250306 PS;SIMPLE_INSTRUMENT;EFP_FIN;EUR;7;130.62000000;176;EXCHANGE_LAST;;1;1;XEUR;11286682;691;
03.02.2025;10:10:42.853;FGBX SI 20250306 PS;SIMPLE_INSTRUMENT;EFS;EUR;8;130.60000000;373;EXCHANGE_LAST;;1;1;XEUR;11286682;691;
03.02.2025;10:21:08.246;FGBX SI 20250306 PS;SIMPLE_INSTRUMENT;BLOCK;EUR;9;130.62000000;747;EXCHANGE_LAST;;1;1;XEUR;11286682;691;
03.02.2025;10:52:28.364;FGBX SI 20250306 PS;SIMPLE_INSTRUMENT;EFP_FIN;EUR;10;130.56000000;372;EXCHANGE_LAST;;1;1;XEUR;11286682;691;
03.02.2025;10:54:21.625;FGBX SI 20250306 PS;SIMPLE_INSTRUMENT;EFS;EUR;11;130.42000000;374;EXCHANGE_LAST;;1;1;XEUR;11286682;691;
03.02.2025;10:56:04.603;FGBX SI 20250306 PS;SIMPLE_INSTRUMENT;EFP_FIN;EUR;12;130.54000000;149;EXCHANGE_LAST;;1;1;XEUR;11286682;691;
03.02.2025;11:04:31.666;FGBX SI 20250306 PS;SIMPLE_INSTRUMENT;EFP_FIN;EUR;13;130.44000000;742;EXCHANGE_LAST;;1;1;XEUR;11286682;691;
03.02.2025;11:08:51.698;FGBX SI 20250306 PS;SIMPLE_INSTRUMENT;EFS;EUR;14;130.46000000;183;EXCHANGE_LAST;;1;1;XEUR;11286682;691;
03.02.2025;11:44:43.039;FGBX SI 20250306 PS;SIMPLE_INSTRUMENT;EFP_FIN;EUR;16;130.60000000;149;EXCHANGE_LAST;;1;1;XEUR;11286682;691;
03.02.2025;11:57:17.218;FGBX SI 20250306 PS;SIMPLE_INSTRUMENT;EFP_FIN;EUR;17;130.60000000;520;EXCHANGE_LAST;;1;1;XEUR;11286682;691;
03.02.2025;12:07:54.260;FGBX SI 20250306 PS;SIMPLE_INSTRUMENT;EFP_FIN;EUR;18;130.48000000;183;EXCHANGE_LAST;;1;1;XEUR;11286682;691;
03.02.2025;12:14:19.334;FGBX SI 20250306 PS;SIMPLE_INSTRUMENT;BLOCK;EUR;19;130.78000000;109;EXCHANGE_LAST;;1;1;XEUR;11286682;691;
03.02.2025;12:17:17.961;FGBX SI 20250306 PS;SIMPLE_INSTRUMENT;EFP_FIN;EUR;21;130.82000000;558;EXCHANGE_LAST;;1;1;XEUR;11286682;691;
03.02.2025;12:30:29.430;FGBX SI 20250306 PS;SIMPLE_INSTRUMENT;EFP_FIN;EUR;22;131.00000000;149;EXCHANGE_LAST;;1;1;XEUR;11286682;691;
03.02.2025;12:48:21.935;FGBX SI 20250306 PS;SIMPLE_INSTRUMENT;BLOCK;EUR;24;131.06000000;183;EXCHANGE_LAST;;1;1;XEUR;11286682;691;
03.02.2025;13:01:21.020;FGBX SI 20250306 PS;SIMPLE_INSTRUMENT;EFS;EUR;25;131.24000000;185;EXCHANGE_LAST;;1;1;XEUR;11286682;691;
03.02.2025;13:01:27.038;FGBX SI 20250306 PS;SIMPLE_INSTRUMENT;EFS;EUR;26;131.14000000;186;EXCHANGE_LAST;;1;1;XEUR;11286682;691;
03.02.2025;13:06:51.152;FGBX SI 20250306 PS;SIMPLE_INSTRUMENT;BLOCK;EUR;27;131.26000000;371;EXCHANGE_LAST;;1;1;XEUR;11286682;691;
03.02.2025;13:28:36.567;FGBX SI 20250306 PS;SIMPLE_INSTRUMENT;EFP_FIN;EUR;28;131.28000000;371;EXCHANGE_LAST;;1;1;XEUR;11286682;691;
03.02.2025;13:34:22.587;FGBX SI 20250306 PS;SIMPLE_INSTRUMENT;EFS;EUR;29;131.10000000;15;EXCHANGE_LAST;;1;1;XEUR;11286682;691;
03.02.2025;13:50:57.167;FGBX SI 20250306 PS;SIMPLE_INSTRUMENT;EFP_FIN;EUR;30;131.10000000;65;EXCHANGE_LAST;;1;1;XEUR;11286682;691;
03.02.2025;14:44:23.807;FGBX SI 20250306 PS;SIMPLE_INSTRUMENT;EFS;EUR;32;130.74000000;186;EXCHANGE_LAST;;1;1;XEUR;11286682;691;
03.02.2025;15:37:24.560;FGBX SI 20250306 PS;SIMPLE_INSTRUMENT;EFP_FIN;EUR;35;131.58000000;112;EXCHANGE_LAST;;1;1;XEUR;11286682;691;
03.02.2025;15:46:15.017;FGBX SI 20250306 PS;SIMPLE_INSTRUMENT;EFS;EUR;36;130.54000000;185;EXCHANGE_LAST;;1;1;XEUR;11286682;691;
03.02.2025;15:56:11.451;FGBX SI 20250306 PS;SIMPLE_INSTRUMENT;EFS;EUR;38;130.54000000;187;EXCHANGE_LAST;;1;1;XEUR;11286682;691;
03.02.2025;17:07:57.100;FGBX SI 20250306 PS;SIMPLE_INSTRUMENT;BLOCK;EUR;40;130.62000000;197;EXCHANGE_LAST;;1;1;XEUR;11286682;691;
03.02.2025;17:08:16.103;FGBX SI 20250306 PS;SIMPLE_INSTRUMENT;EFS;EUR;41;130.74000000;187;EXCHANGE_LAST;;1;1;XEUR;11286682;691;
03.02.2025;14:58:05.168;FIA5 SI 20250918 PS AM C 13.00 0;SIMPLE_INSTRUMENT;BLOCK;EUR;12;0.85000000;1500;EXCHANGE_LAST;;2;2;XEUR;11865831;48227;
03.02.2025;16:06:48.629;FIA5 SI 20250220 PS AM C 13.60 0;SIMPLE_INSTRUMENT;BLOCK;EUR;13;0.04000000;250;EXCHANGE_LAST;;1;1;XEUR;12233723;48227;
03.02.2025;16:07:16.486;FIA5 SI 20250220 PS AM C 12.80 0;SIMPLE_INSTRUMENT;BLOCK;EUR;14;0.22000000;250;EXCHANGE_LAST;;1;1;XEUR;12233662;48227;
03.02.2025;08:08:33.179;FMAE SI 20250321 CS;SIMPLE_INSTRUMENT;BLOCK;EUR;17;427.04700000;400;EXCHANGE_LAST;;1;1;XEUR;7590772;48921;
03.02.2025;07:33:01.563;FMCL SI 20250321 CS;SIMPLE_INSTRUMENT;EFP_IDX;USD;1;305.77000000;5;EXCHANGE_LAST;;1;1;XEUR;7589860;12398;
03.02.2025;09:32:20.848;FMEE SI 20250321 CS;SIMPLE_INSTRUMENT;BLOCK;USD;24;327.03200000;62;EXCHANGE_LAST;;1;1;XEUR;7589846;12396;
03.02.2025;13:31:51.405;FMEF SI 20250321 CS;SIMPLE_INSTRUMENT;BLOCK;USD;30;1095.87000000;38;EXCHANGE_LAST;;1;1;XEUR;7408970;30657;
03.02.2025;16:37:13.557;FMEF SI 20250321 CS;SIMPLE_INSTRUMENT;BLOCK;USD;43;1078.94600000;190;EXCHANGE_LAST;;1;1;XEUR;7408970;30657;
03.02.2025;16:37:28.640;FMEF SI 20250321 CS;SIMPLE_INSTRUMENT;BLOCK;USD;45;1078.94500000;428;EXCHANGE_LAST;;1;1;XEUR;7408970;30657;
03.02.2025;07:37:19.450;FMEL SI 20250321 CS;SIMPLE_INSTRUMENT;BLOCK;USD;12;518.44200000;22;EXCHANGE_LAST;;1;1;XEUR;7589856;12397;
03.02.2025;08:10:48.777;FMEU SI 20250321 CS;SIMPLE_INSTRUMENT;EFP_IDX;EUR;18;359.18000000;162;EXCHANGE_LAST;;1;1;XEUR;7589708;7058;
03.02.2025;14:47:49.567;FMGO SI 20250321 CS;SIMPLE_INSTRUMENT;BLOCK;USD;40;5270.00000000;26;EXCHANGE_LAST;;1;1;XEUR;8609359;583623;
03.02.2025;02:11:51.773;FMIN SI 20250321 CS;SIMPLE_INSTRUMENT;EFP_IDX;USD;1;1212.44900000;25;EXCHANGE_LAST;;1;1;XEUR;7589865;12404;
03.02.2025;02:33:39.862;FMIN SI 20250321 CS;SIMPLE_INSTRUMENT;EFP_IDX;USD;2;1213.05200000;26;EXCHANGE_LAST;;1;1;XEUR;7589865;12404;
03.02.2025;07:36:11.021;FMIN SI 20250321 CS;SIMPLE_INSTRUMENT;BLOCK;USD;11;1213.17600000;83;EXCHANGE_LAST;;1;1;XEUR;7589865;12404;
03.02.2025;07:43:17.075;FMIN SI 20250321 CS;SIMPLE_INSTRUMENT;BLOCK;USD;13;1213.17600000;829;EXCHANGE_LAST;;1;1;XEUR;7589865;12404;
03.02.2025;08:43:46.708;FMIN SI 20250321 CS;SIMPLE_INSTRUMENT;BLOCK;USD;23;1213.17600000;170;EXCHANGE_LAST;;1;1;XEUR;7589865;12404;
03.02.2025;07:45:33.446;FMMU SI 20250321 CS;SIMPLE_INSTRUMENT;EFP_IDX;EUR;14;319.12000000;8;EXCHANGE_LAST;;1;1;XEUR;7590724;48138;
03.02.2025;05:30:23.063;FMMY SI 20250321 CS;SIMPLE_INSTRUMENT;BLOCK;USD;3;378.65800000;27;EXCHANGE_LAST;;1;1;XEUR;7589866;12405;
03.02.2025;12:19:24.386;FMSA SI 20250321 CS;SIMPLE_INSTRUMENT;BLOCK;USD;27;1830.63500000;36;EXCHANGE_LAST;;1;1;XEUR;7591259;134861;
03.02.2025;08:17:03.937;FMSC SI 20250321 CS;SIMPLE_INSTRUMENT;EFP_IDX;USD;19;736.55800000;13;EXCHANGE_LAST;;1;1;XEUR;7591474;221303;
03.02.2025;08:39:59.955;FMSW SI 20250321 CS;SIMPLE_INSTRUMENT;BLOCK;USD;22;4327.82000000;39;EXCHANGE_LAST;;1;1;XEUR;7591446;208343;
03.02.2025;12:18:26.437;FMUA SI 20250321 CS;SIMPLE_INSTRUMENT;BLOCK;USD;2;915.05600000;46;EXCHANGE_LAST;;1;1;XEUR;7590507;45284;
03.02.2025;14:37:57.189;FMUE SI 20250321 CS;SIMPLE_INSTRUMENT;BLOCK;USD;38;8396.00000000;85;EXCHANGE_LAST;;1;1;XEUR;7590733;48149;
03.02.2025;07:19:37.849;FMWN SI 20250321 CS;SIMPLE_INSTRUMENT;EFP_IDX;EUR;9;600.73100000;53;EXCHANGE_LAST;;1;1;XEUR;7590222;30654;
03.02.2025;06:31:55.419;FMWO SI 20250321 CS;SIMPLE_INSTRUMENT;EFP_IDX;USD;4;12221.35000000;87;EXCHANGE_LAST;;1;1;XEUR;7589707;7059;
03.02.2025;06:59:03.292;FMWO SI 20250321 CS;SIMPLE_INSTRUMENT;EFP_IDX;USD;5;12222.05000000;23;EXCHANGE_LAST;;1;1;XEUR;7589707;7059;
03.02.2025;06:59:39.391;FMWO SI 20250321 CS;SIMPLE_INSTRUMENT;EFP_IDX;USD;6;12221.15000000;11;EXCHANGE_LAST;;1;1;XEUR;7589707;7059;
03.02.2025;07:00:19.848;FMWO SI 20250321 CS;SIMPLE_INSTRUMENT;EFP_IDX;USD;7;12219.65000000;315;EXCHANGE_LAST;;1;1;XEUR;7589707;7059;
03.02.2025;07:18:19.015;FMWO SI 20250321 CS;SIMPLE_INSTRUMENT;EFP_IDX;USD;8;12215.14700000;35;EXCHANGE_LAST;;1;1;XEUR;7589707;7059;
03.02.2025;07:30:08.343;FMWO SI 20250321 CS;SIMPLE_INSTRUMENT;EFP_IDX;USD;10;12220.40000000;56;EXCHANGE_LAST;;1;1;XEUR;7589707;7059;
03.02.2025;08:00:38.348;FMWO SI 20250321 CS;SIMPLE_INSTRUMENT;EFP_IDX;USD;16;12220.40000000;70;EXCHANGE_LAST;;1;1;XEUR;7589707;7059;
03.02.2025;08:30:27.137;FMWO SI 20250321 CS;SIMPLE_INSTRUMENT;EFP_IDX;USD;20;12218.65000000;55;EXCHANGE_LAST;;1;1;XEUR;7589707;7059;
03.02.2025;08:31:58.040;FMWO SI 20250321 CS;SIMPLE_INSTRUMENT;EFP_IDX;USD;21;12221.15000000;35;EXCHANGE_LAST;;1;1;XEUR;7589707;7059;
03.02.2025;09:32:50.470;FMWO SI 20250321 CS;SIMPLE_INSTRUMENT;EFP_IDX;USD;25;12208.65000000;3430;EXCHANGE_LAST;;1;1;XEUR;7589707;7059;
03.02.2025;14:05:23.793;FMWP SI 20250321 CS;SIMPLE_INSTRUMENT;BLOCK;USD;36;3782.90000000;394;EXCHANGE_LAST;;1;1;XEUR;7408973;30656;
03.02.2025;07:50:13.239;FMXG SI 20250321 CS;SIMPLE_INSTRUMENT;BLOCK;EUR;15;379.10700000;1126;EXCHANGE_LAST;;1;1;XEUR;7591194;124306;
03.02.2025;16:42:25.520;FMXG SI 20250321 CS;SIMPLE_INSTRUMENT;BLOCK;EUR;46;375.20000000;127;EXCHANGE_LAST;;1;1;XEUR;7591194;124306;
03.02.2025;16:42:25.541;FMXG SI 20250321 CS;SIMPLE_INSTRUMENT;BLOCK;EUR;47;375.00000000;7;EXCHANGE_LAST;;1;1;XEUR;7591194;124306;
03.02.2025;07:35:42.581;FOAT SI 20250306 PS;SIMPLE_INSTRUMENT;EFS;EUR;1;123.41000000;217;EXCHANGE_LAST;;1;1;XEUR;11286683;749;
03.02.2025;08:30:18.265;FOAT SI 20250306 PS;SIMPLE_INSTRUMENT;EFP_FIN;EUR;2;123.53000000;1076;EXCHANGE_LAST;;1;1;XEUR;11286683;749;
03.02.2025;09:06:07.390;FOAT SI 20250306 PS;SIMPLE_INSTRUMENT;EFP_FIN;EUR;4;123.56000000;339;EXCHANGE_LAST;;1;1;XEUR;11286683;749;
03.02.2025;09:14:05.864;FOAT SI 20250306 PS;SIMPLE_INSTRUMENT;EFP_FIN;EUR;5;123.53000000;179;EXCHANGE_LAST;;1;1;XEUR;11286683;749;
03.02.2025;09:11:06.398;FOAT SI 20250306 PS;SIMPLE_INSTRUMENT;EFP_FIN;EUR;6;123.53000000;490;EXCHANGE_LAST;;1;1;XEUR;11286683;749;
03.02.2025;09:19:20.568;FOAT SI 20250306 PS;SIMPLE_INSTRUMENT;EFP_FIN;EUR;7;123.58000000;1001;EXCHANGE_LAST;;1;1;XEUR;11286683;749;
03.02.2025;09:16:22.816;FOAT SI 20250306 PS;SIMPLE_INSTRUMENT;EFP_FIN;EUR;8;123.58000000;417;EXCHANGE_LAST;;1;1;XEUR;11286683;749;
03.02.2025;09:44:12.752;FOAT SI 20250306 PS;SIMPLE_INSTRUMENT;EFP_FIN;EUR;9;123.70000000;89;EXCHANGE_LAST;;1;1;XEUR;11286683;749;
03.02.2025;10:13:36.863;FOAT SI 20250306 PS;SIMPLE_INSTRUMENT;EFP_FIN;EUR;10;123.82000000;102;EXCHANGE_LAST;;1;1;XEUR;11286683;749;
03.02.2025;10:25:52.637;FOAT SI 20250306 PS;SIMPLE_INSTRUMENT;EFP_FIN;EUR;11;123.74000000;1074;EXCHANGE_LAST;;1;1;XEUR;11286683;749;
03.02.2025;10:45:47.649;FOAT SI 20250306 PS;SIMPLE_INSTRUMENT;BLOCK;EUR;12;123.77000000;300;EXCHANGE_LAST;;1;1;XEUR;11286683;749;
03.02.2025;10:54:41.630;FOAT SI 20250306 PS;SIMPLE_INSTRUMENT;BLOCK;EUR;13;123.72000000;1074;EXCHANGE_LAST;;1;1;XEUR;11286683;749;
03.02.2025;11:02:56.123;FOAT SI 20250306 PS;SIMPLE_INSTRUMENT;EFP_FIN;EUR;14;123.56000000;834;EXCHANGE_LAST;;1;1;XEUR;11286683;749;
03.02.2025;11:17:21.348;FOAT SI 20250306 PS;SIMPLE_INSTRUMENT;EFP_FIN;EUR;16;123.71000000;419;EXCHANGE_LAST;;1;1;XEUR;11286683;749;
03.02.2025;11:30:19.304;FOAT SI 20250306 PS;SIMPLE_INSTRUMENT;BLOCK;EUR;17;123.69000000;3100;EXCHANGE_LAST;;1;1;XEUR;11286683;749;
03.02.2025;11:41:35.490;FOAT SI 20250306 PS;SIMPLE_INSTRUMENT;EFP_FIN;EUR;18;123.74000000;154;EXCHANGE_LAST;;1;1;XEUR;11286683;749;
03.02.2025;11:49:11.419;FOAT SI 20250306 PS;SIMPLE_INSTRUMENT;BLOCK;EUR;19;123.80000000;2300;EXCHANGE_LAST;;1;1;XEUR;11286683;749;
03.02.2025;12:05:49.011;FOAT SI 20250306 PS;SIMPLE_INSTRUMENT;EFP_FIN;EUR;20;123.56000000;834;EXCHANGE_LAST;;1;1;XEUR;11286683;749;
03.02.2025;12:12:25.092;FOAT SI 20250306 PS;SIMPLE_INSTRUMENT;EFP_FIN;EUR;21;123.81000000;89;EXCHANGE_LAST;;1;1;XEUR;11286683;749;
03.02.2025;12:10:53.923;FOAT SI 20250306 PS;SIMPLE_INSTRUMENT;EFP_FIN;EUR;22;123.86000000;223;EXCHANGE_LAST;;1;1;XEUR;11286683;749;
03.02.2025;12:12:55.326;FOAT SI 20250306 PS;SIMPLE_INSTRUMENT;EFS;EUR;23;123.87000000;108;EXCHANGE_LAST;;1;1;XEUR;11286683;749;
03.02.2025;13:00:18.961;FOAT SI 20250306 PS;SIMPLE_INSTRUMENT;EFP_FIN;EUR;24;123.90000000;834;EXCHANGE_LAST;;1;1;XEUR;11286683;749;
03.02.2025;13:00:18.961;FOAT SI 20250306 PS;SIMPLE_INSTRUMENT;EFP_FIN;EUR;25;123.90000000;834;EXCHANGE_LAST;;1;1;XEUR;11286683;749;
03.02.2025;13:05:48.709;FOAT SI 20250306 PS;SIMPLE_INSTRUMENT;EFP_FIN;EUR;26;123.91000000;1776;EXCHANGE_LAST;;1;1;XEUR;11286683;749;
03.02.2025;13:07:42.171;FOAT SI 20250306 PS;SIMPLE_INSTRUMENT;EFP_FIN;EUR;27;123.60000000;215;EXCHANGE_LAST;;1;1;XEUR;11286683;749;
03.02.2025;13:29:45.231;FOAT SI 20250306 PS;SIMPLE_INSTRUMENT;BLOCK;EUR;28;124.03000000;1081;EXCHANGE_LAST;;1;1;XEUR;11286683;749;
03.02.2025;13:38:15.902;FOAT SI 20250306 PS;SIMPLE_INSTRUMENT;EFS;EUR;29;124.08000000;270;EXCHANGE_LAST;;1;1;XEUR;11286683;749;
03.02.2025;13:44:51.204;FOAT SI 20250306 PS;SIMPLE_INSTRUMENT;EFP_FIN;EUR;30;124.07000000;1668;EXCHANGE_LAST;;1;1;XEUR;11286683;749;
03.02.2025;13:52:21.644;FOAT SI 20250306 PS;SIMPLE_INSTRUMENT;BLOCK;EUR;31;123.83000000;300;EXCHANGE_LAST;;1;1;XEUR;11286683;749;
03.02.2025;14:16:25.856;FOAT SI 20250306 PS;SIMPLE_INSTRUMENT;BLOCK;EUR;32;123.85000000;2000;EXCHANGE_LAST;;1;1;XEUR;11286683;749;
03.02.2025;14:18:58.600;FOAT SI 20250306 PS;SIMPLE_INSTRUMENT;EFP_FIN;EUR;33;123.86000000;2226;EXCHANGE_LAST;;1;1;XEUR;11286683;749;
03.02.2025;14:19:24.552;FOAT SI 20250306 PS;SIMPLE_INSTRUMENT;BLOCK;EUR;34;123.92000000;1500;EXCHANGE_LAST;;1;1;XEUR;11286683;749;
03.02.2025;15:15:40.489;FOAT SI 20250306 PS;SIMPLE_INSTRUMENT;EFP_FIN;EUR;35;124.13000000;402;EXCHANGE_LAST;;1;1;XEUR;11286683;749;
03.02.2025;15:27:01.457;FOAT SI 20250306 PS;SIMPLE_INSTRUMENT;EFS;EUR;36;124.31000000;54;EXCHANGE_LAST;;1;1;XEUR;11286683;749;
03.02.2025;15:54:13.577;FOAT SI 20250306 PS;SIMPLE_INSTRUMENT;EFP_FIN;EUR;37;124.06000000;417;EXCHANGE_LAST;;1;1;XEUR;11286683;749;
03.02.2025;16:26:04.555;FOAT SI 20250306 PS;SIMPLE_INSTRUMENT;EFP_FIN;EUR;38;124.19000000;62;EXCHANGE_LAST;;1;1;XEUR;11286683;749;
03.02.2025;16:28:07.825;FOAT SI 20250306 PS;SIMPLE_INSTRUMENT;EFP_FIN;EUR;39;124.15000000;834;EXCHANGE_LAST;;1;1;XEUR;11286683;749;
03.02.2025;16:49:56.095;FSCP SI 20250321 CS;SIMPLE_INSTRUMENT;EFP_IDX;EUR;55;344.90000000;114;EXCHANGE_LAST;;1;1;XEUR;11360241;764;
03.02.2025;16:50:20.822;FSCP SI 20250321 CS;SIMPLE_INSTRUMENT;EFP_IDX;EUR;56;345.00000000;76;EXCHANGE_LAST;;1;1;XEUR;11360241;764;
03.02.2025;17:04:59.659;FSEG SI 20250321 CS;SIMPLE_INSTRUMENT;EFP_IDX;EUR;60;198.20000000;37;EXCHANGE_LAST;;1;1;XEUR;11393888;109977;
03.02.2025;17:05:18.796;FSEG SI 20250321 CS;SIMPLE_INSTRUMENT;EFP_IDX;EUR;61;198.00000000;46;EXCHANGE_LAST;;1;1;XEUR;11393888;109977;
03.02.2025;13:03:02.923;FSMI SI 20250321 CS;SIMPLE_INSTRUMENT;BLOCK;CHF;1;12430.00000000;550;EXCHANGE_LAST;;1;1;XEUR;7793721;757;
03.02.2025;16:27:13.079;FSMI SI 20250321 CS;SIMPLE_INSTRUMENT;EFP_IDX;CHF;2;12490.00000000;300;EXCHANGE_LAST;;1;1;XEUR;7793721;757;
03.02.2025;16:54:57.681;FSMI SI 20250321 CS;SIMPLE_INSTRUMENT;EFP_IDX;CHF;3;12514.00000000;4;EXCHANGE_LAST;;1;1;XEUR;7793721;757;
03.02.2025;16:55:06.032;FSMI SI 20250321 CS;SIMPLE_INSTRUMENT;EFP_IDX;CHF;4;12513.00000000;191;EXCHANGE_LAST;;1;1;XEUR;7793721;757;
03.02.2025;13:10:20.214;FSMI SI 20250321 CS;SIMPLE_INSTRUMENT;VOLA;CHF;603979815;12437.00000000;138;EXCHANGE_LAST;;1;1;XEUR;7793721;757;
03.02.2025;17:00:06.883;FSMX SI 20250321 CS;SIMPLE_INSTRUMENT;EFP_IDX;EUR;58;26497.00000000;64;EXCHANGE_LAST;;1;1;XEUR;11405203;396422;
03.02.2025;16:59:29.321;FSMX SI 20250321 CS;SIMPLE_INSTRUMENT;EFP_IDX;EUR;59;26496.00000000;364;EXCHANGE_LAST;;1;1;XEUR;11405203;396422;
03.02.2025;18:15:36.628;FSMX SI 20250321 CS;SIMPLE_INSTRUMENT;BLOCK;EUR;62;26259.00000000;428;EXCHANGE_LAST;;1;1;XEUR;11405203;396422;
03.02.2025;18:16:20.432;FSMX SI 20250321 CS;SIMPLE_INSTRUMENT;BLOCK;EUR;63;26258.00000000;427;EXCHANGE_LAST;;1;1;XEUR;11405203;396422;
03.02.2025;15:24:47.477;FSTA SI 20250321 CS;SIMPLE_INSTRUMENT;BLOCK;EUR;1;561.00000000;1626;EXCHANGE_LAST;;1;1;XEUR;11359808;715;
03.02.2025;15:09:16.551;FSTA SI 20250321 CS;SIMPLE_INSTRUMENT;VOLA;EUR;603979838;560.00000000;54;EXCHANGE_LAST;;1;1;XEUR;11359808;715;
03.02.2025;16:44:34.527;FSTE SI 20250321 CS;SIMPLE_INSTRUMENT;EFP_IDX;EUR;4;350.80000000;19;EXCHANGE_LAST;;1;1;XEUR;11359812;719;
03.02.2025;16:50:08.767;FSTE SI 20250321 CS;SIMPLE_INSTRUMENT;EFP_IDX;EUR;5;350.70000000;7;EXCHANGE_LAST;;1;1;XEUR;11359812;719;
03.02.2025;13:10:53.143;FSTE SI 20250321 CS;SIMPLE_INSTRUMENT;VOLA;EUR;603979813;351.00000000;164;EXCHANGE_LAST;;1;1;XEUR;11359812;719;
03.02.2025;13:11:01.600;FSTE SI 20250321 CS;SIMPLE_INSTRUMENT;VOLA;EUR;603979816;351.00000000;176;EXCHANGE_LAST;;1;1;XEUR;11359812;719;
03.02.2025;17:06:09.905;FSTH SI 20250321 CS;SIMPLE_INSTRUMENT;BLOCK;EUR;10;1154.70000000;568;EXCHANGE_LAST;;1;1;XEUR;11359811;716;
03.02.2025;17:05:44.904;FSTH SI 20250321 CS;SIMPLE_INSTRUMENT;BLOCK;EUR;11;1154.50000000;693;EXCHANGE_LAST;;1;1;XEUR;11359811;716;
03.02.2025;16:47:17.879;FSTL SI 20250321 CS;SIMPLE_INSTRUMENT;BLOCK;EUR;51;128.80000000;541;EXCHANGE_LAST;;1;1;XEUR;11359767;706;
03.02.2025;16:47:21.608;FSTL SI 20250321 CS;SIMPLE_INSTRUMENT;BLOCK;EUR;52;128.70000000;2161;EXCHANGE_LAST;;1;1;XEUR;11359767;706;
03.02.2025;17:08:45.523;FSTR SI 20250321 CS;SIMPLE_INSTRUMENT;EFP_IDX;EUR;12;447.50000000;215;EXCHANGE_LAST;;1;1;XEUR;11359791;710;
03.02.2025;17:09:05.457;FSTR SI 20250321 CS;SIMPLE_INSTRUMENT;EFP_IDX;EUR;13;447.30000000;322;EXCHANGE_LAST;;1;1;XEUR;11359791;710;
03.02.2025;16:59:31.884;FSTT SI 20250321 CS;SIMPLE_INSTRUMENT;BLOCK;EUR;7;242.30000000;1658;EXCHANGE_LAST;;1;1;XEUR;11359772;708;
03.02.2025;16:59:13.883;FSTT SI 20250321 CS;SIMPLE_INSTRUMENT;BLOCK;EUR;8;242.10000000;1358;EXCHANGE_LAST;;1;1;XEUR;11359772;708;
03.02.2025;10:06:07.528;FSTU SI 20250321 CS;SIMPLE_INSTRUMENT;BLOCK;EUR;17;388.80000000;269;EXCHANGE_LAST;;1;1;XEUR;11359815;730;
03.02.2025;10:06:22.516;FSTU SI 20250321 CS;SIMPLE_INSTRUMENT;BLOCK;EUR;18;389.90000000;251;EXCHANGE_LAST;;1;1;XEUR;11359815;730;
03.02.2025;17:02:00.892;FSTV SI 20250321 CS;SIMPLE_INSTRUMENT;BLOCK;EUR;9;277.20000000;869;EXCHANGE_LAST;;1;1;XEUR;11359817;731;
03.02.2025;16:52:37.326;FSTZ SI 20250321 CS;SIMPLE_INSTRUMENT;BLOCK;EUR;6;1127.00000000;2038;EXCHANGE_LAST;;1;1;XEUR;11359819;734;
03.02.2025;08:52:46.307;FUEM SI 20250321 CS;SIMPLE_INSTRUMENT;BLOCK;USD;6;115.35000000;500;EXCHANGE_LAST;;1;1;XEUR;11429254;772680;
03.02.2025;15:23:58.276;FUEM SI 20250321 CS;SIMPLE_INSTRUMENT;BLOCK;USD;41;115.86000000;100;EXCHANGE_LAST;;1;1;XEUR;11429254;772680;
03.02.2025;14:55:25.859;FUGH SI 20251219 CS;SIMPLE_INSTRUMENT;BLOCK;EUR;24;14.44120000;500;EXCHANGE_LAST;;1;1;XEUR;8705061;324373;
03.02.2025;15:19:27.800;FUIG SI 20250321 CS;SIMPLE_INSTRUMENT;BLOCK;USD;39;3334.10000000;100;EXCHANGE_LAST;;1;1;XEUR;11850128;909659;
03.02.2025;14:00:49.921;FXXP SI 20250321 CS;SIMPLE_INSTRUMENT;BLOCK;EUR;34;533.60000000;492;EXCHANGE_LAST;;1;1;XEUR;7793972;816;
03.02.2025;14:01:03.715;FXXP SI 20250321 CS;SIMPLE_INSTRUMENT;BLOCK;EUR;35;533.50000000;491;EXCHANGE_LAST;;1;1;XEUR;7793972;816;
03.02.2025;16:47:38.036;FXXP SI 20250321 CS;SIMPLE_INSTRUMENT;BLOCK;EUR;48;535.20000000;1143;EXCHANGE_LAST;;1;1;XEUR;7793972;816;
03.02.2025;16:47:38.057;FXXP SI 20250321 CS;SIMPLE_INSTRUMENT;BLOCK;EUR;49;535.10000000;762;EXCHANGE_LAST;;1;1;XEUR;7793972;816;
03.02.2025;17:05:25.454;FXXP SI 20250321 CS;SIMPLE_INSTRUMENT;EFP_IDX;EUR;50;535.10000000;300;EXCHANGE_LAST;;1;1;XEUR;7793972;816;
03.02.2025;17:05:31.466;FXXP SI 20250321 CS;SIMPLE_INSTRUMENT;EFP_IDX;EUR;51;535.20000000;700;EXCHANGE_LAST;;1;1;XEUR;7793972;816;
03.02.2025;16:52:19.900;FXXP SI 20250321 CS;SIMPLE_INSTRUMENT;EFP_IDX;EUR;52;535.10000000;300;EXCHANGE_LAST;;1;1;XEUR;7793972;816;
03.02.2025;16:52:27.793;FXXP SI 20250321 CS;SIMPLE_INSTRUMENT;EFP_IDX;EUR;53;535.20000000;700;EXCHANGE_LAST;;1;1;XEUR;7793972;816;
03.02.2025;16:56:36.319;FXXP SI 20250321 CS;SIMPLE_INSTRUMENT;BLOCK;EUR;55;535.10000000;1350;EXCHANGE_LAST;;2;1;XEUR;7793972;816;
03.02.2025;16:57:02.638;FXXP SI 20250321 CS;SIMPLE_INSTRUMENT;BLOCK;EUR;57;535.20000000;3150;EXCHANGE_LAST;;2;1;XEUR;7793972;816;
03.02.2025;13:41:59.395;FXXP SI 20250321 CS;SIMPLE_INSTRUMENT;VOLA;EUR;603979820;532.60000000;34;EXCHANGE_LAST;;1;1;XEUR;7793972;816;
03.02.2025;17:41:18.007;FXXP SI 20250321 CS;SIMPLE_INSTRUMENT;VOLA;EUR;603979849;535.30000000;252;EXCHANGE_LAST;;1;1;XEUR;7793972;816;
03.02.2025;16:43:45.227;G3ZF SI 20251219 CS;SIMPLE_INSTRUMENT;BLOCK;EUR;46;1.49000000;300;EXCHANGE_LAST;;1;1;XEUR;5914677;144760;
03.02.2025;16:58:45.267;G3ZF SI 20261218 CS;SIMPLE_INSTRUMENT;BLOCK;EUR;49;1.21000000;500;EXCHANGE_LAST;;1;1;XEUR;6825108;144760;
03.02.2025;10:18:14.111;GEBN SI 20251219 PS AM P 440.00 0;SIMPLE_INSTRUMENT;BLOCK;CHF;12;19.95000000;1000;EXCHANGE_LAST;;1;1;XEUR;12444420;882;
03.02.2025;15:55:22.060;GOAF SI 20250221 CS;SIMPLE_INSTRUMENT;BLOCK;USD;31;203.18000000;78;EXCHANGE_LAST;;1;1;XEUR;10586738;38630;
03.02.2025;10:18:35.214;GOB.O.250203.BRT.000002;STANDARD_OPTION_STRATEGY;BLOCK;EUR;6;2.20000000;700;EXCHANGE_LAST;;1;1;XEUR;72061347839357119;874;
03.02.2025;10:18:35.214;GOB SI 20250620 PS AM P 80.00 0;SIMPLE_INSTRUMENT;BLOCK;EUR;6;3.00000000;700;PRC_DECOMP_MEMBER;;;;XEUR;8215355;874;MEMBER
03.02.2025;10:18:35.214;GOB SI 20251219 PS AM P 80.00 0;SIMPLE_INSTRUMENT;BLOCK;EUR;6;5.20000000;700;PRC_DECOMP_MEMBER;;;;XEUR;6480602;874;MEMBER
03.02.2025;17:46:44.907;GZF.O.250203.BR23.000001;STANDARD_OPTION_STRATEGY;BLOCK;EUR;33;-2.44000000;5000;EXCHANGE_LAST;;1;2;XEUR;72061266234980989;855;
03.02.2025;17:46:44.907;GZF SI 20281215 PS AM P 9.60 0;SIMPLE_INSTRUMENT;BLOCK;EUR;33;0.82000000;15000;PRC_DECOMP_MEMBER;;;;XEUR;10407744;855;MEMBER
03.02.2025;17:46:44.907;GZF SI 20281215 PS AM P 14.00 0;SIMPLE_INSTRUMENT;BLOCK;EUR;33;2.45000000;10000;PRC_DECOMP_MEMBER;;;;XEUR;10407767;855;MEMBER
03.02.2025;16:16:30.533;I3ES SI 20251219 CS;SIMPLE_INSTRUMENT;BLOCK;EUR;35;0.35100000;1500;EXCHANGE_LAST;;2;1;XEUR;5914756;913;
03.02.2025;16:29:59.768;I3ES SI 20251219 CS;SIMPLE_INSTRUMENT;BLOCK;EUR;42;0.35100000;1000;EXCHANGE_LAST;;1;1;XEUR;5914756;913;
03.02.2025;12:21:35.436;IFX SI 20261218 PS AM P 24.00 0;SIMPLE_INSTRUMENT;BLOCK;EUR;2;2.69000000;1250;EXCHANGE_LAST;;1;1;XEUR;7289563;902;
03.02.2025;12:58:48.456;IFX SI 20250620 PS AM P 32.00 0;SIMPLE_INSTRUMENT;BLOCK;EUR;5;3.61000000;1500;EXCHANGE_LAST;;1;1;XEUR;7905933;902;
03.02.2025;12:58:53.174;IFX SI 20251219 PS AM P 24.00 0;SIMPLE_INSTRUMENT;BLOCK;EUR;6;1.44000000;2500;EXCHANGE_LAST;;1;1;XEUR;5933323;902;
03.02.2025;13:33:44.404;IFX.O.250203.BUL.000022;STANDARD_OPTION_STRATEGY;BLOCK;EUR;7;0.76000000;3000;EXCHANGE_LAST;;1;1;XEUR;72061468098469475;902;
03.02.2025;13:33:44.404;IFX SI 20250221 PS AM C 31.00 0;SIMPLE_INSTRUMENT;BLOCK;EUR;7;1.34000000;3000;PRC_DECOMP_EXCHANGE;;;;XEUR;12246971;902;EXCHANGE
03.02.2025;13:33:44.404;IFX SI 20250221 PS AM C 33.00 0;SIMPLE_INSTRUMENT;BLOCK;EUR;7;0.58000000;3000;PRC_DECOMP_EXCHANGE;;;;XEUR;12246978;902;EXCHANGE
03.02.2025;14:35:27.371;IFX SI 20251219 PS AM P 32.00 0;SIMPLE_INSTRUMENT;BLOCK;EUR;9;4.65000000;1000;EXCHANGE_LAST;;1;1;XEUR;5933327;902;
03.02.2025;14:44:24.010;IFX SI 20250321 PS AM P 27.50 0;SIMPLE_INSTRUMENT;BLOCK;EUR;10;0.60000000;2000;EXCHANGE_LAST;;1;1;XEUR;12445131;902;
03.02.2025;15:30:07.781;IFX SI 20250321 PS AM P 27.50 0;SIMPLE_INSTRUMENT;BLOCK;EUR;11;0.61000000;1000;EXCHANGE_LAST;;1;1;XEUR;12445131;902;
03.02.2025;16:19:38.852;IFX SI 20250221 PS AM P 31.00 0;SIMPLE_INSTRUMENT;BLOCK;EUR;15;1.35000000;1500;EXCHANGE_LAST;;1;1;XEUR;12246985;902;
03.02.2025;17:00:39.111;INNI SI 20250321 CS;SIMPLE_INSTRUMENT;BLOCK;EUR;54;15.83000000;10000;EXCHANGE_LAST;;1;1;XEUR;10737150;669779;
03.02.2025;12:00:48.342;ISPA SI 20250620 PS AM C 27.00 0;SIMPLE_INSTRUMENT;BLOCK;EUR;7;0.60000000;4880;EXCHANGE_LAST;;1;1;XEUR;10620084;1004;
03.02.2025;12:01:18.740;ISPA SI 20250620 PS AM C 27.00 0;SIMPLE_INSTRUMENT;BLOCK;EUR;8;0.57000000;5120;EXCHANGE_LAST;;1;1;XEUR;10620084;1004;
03.02.2025;11:12:03.673;KC4 SI 20250919 PS AM C 52.00 0;SIMPLE_INSTRUMENT;BLOCK;EUR;3;1.30000000;500;EXCHANGE_LAST;;1;1;XEUR;11918105;298518;
03.02.2025;11:34:27.651;KC4 SI 20250321 PS AM P 45.00 0;SIMPLE_INSTRUMENT;BLOCK;EUR;5;0.60000000;750;EXCHANGE_LAST;;1;2;XEUR;12482687;298518;
03.02.2025;15:54:54.271;L2ON SI 20261218 CS;SIMPLE_INSTRUMENT;BLOCK;CHF;32;4.25000000;25;EXCHANGE_LAST;;1;1;XEUR;6825167;151303;
03.02.2025;14:53:33.613;LISP SI 20251219 PS AM P 9600.0 0;SIMPLE_INSTRUMENT;BLOCK;CHF;32;430.00000000;300;EXCHANGE_LAST;;1;1;XEUR;10412615;1149;
03.02.2025;10:35:53.673;LONN SI 20250919 PS AM P 520.00 0;SIMPLE_INSTRUMENT;BLOCK;CHF;14;25.20000000;1000;EXCHANGE_LAST;;1;1;XEUR;11887421;1141;
03.02.2025;10:58:32.028;LONN SI 20251219 PS AM P 500.00 0;SIMPLE_INSTRUMENT;BLOCK;CHF;18;28.35000000;1000;EXCHANGE_LAST;;1;1;XEUR;10641239;1141;
03.02.2025;13:07:24.188;MOH SI 20250321 PS AM C 700.00 0;SIMPLE_INSTRUMENT;BLOCK;EUR;17;20.70000000;200;EXCHANGE_LAST;;1;1;XEUR;12059486;1074;
03.02.2025;15:25:12.732;MOH SI 20250417 PS AM P 670.00 0;SIMPLE_INSTRUMENT;BLOCK;EUR;23;25.90000000;700;EXCHANGE_LAST;;3;1;XEUR;12625475;1074;
03.02.2025;10:47:08.131;MUV2 SI 20250417 PS AM P 530.00 0;SIMPLE_INSTRUMENT;BLOCK;EUR;2;23.70000000;250;EXCHANGE_LAST;;1;1;XEUR;12628510;1234;
03.02.2025;16:02:07.671;N2ES SI 20250620 CS;SIMPLE_INSTRUMENT;BLOCK;CHF;29;3.02000000;250;EXCHANGE_LAST;;3;1;XEUR;10848664;1240;
03.02.2025;16:08:31.892;N2ES SI 20250620 CS;SIMPLE_INSTRUMENT;BLOCK;CHF;33;3.02000000;200;EXCHANGE_LAST;;1;1;XEUR;10848664;1240;
03.02.2025;16:16:30.155;N2ES SI 20250620 CS;SIMPLE_INSTRUMENT;BLOCK;CHF;34;3.02000000;100;EXCHANGE_LAST;;1;1;XEUR;10848664;1240;
03.02.2025;14:27:55.617;N4OV SI 20250321 CS;SIMPLE_INSTRUMENT;BLOCK;CHF;21;3.50000000;168;EXCHANGE_LAST;;1;2;XEUR;10462863;724743;
03.02.2025;09:21:54.719;NESN SI 20250919 PS AM P 74.00 0;SIMPLE_INSTRUMENT;BLOCK;CHF;10;3.33000000;1000;EXCHANGE_LAST;;1;1;XEUR;12331567;1263;
03.02.2025;10:38:58.916;NESN SI 20260619 PS AM P 66.00 0;SIMPLE_INSTRUMENT;BLOCK;CHF;16;2.60000000;750;EXCHANGE_LAST;;1;1;XEUR;12331691;1263;
03.02.2025;13:07:47.822;NESN.O.250203.STG.000011;STANDARD_OPTION_STRATEGY;BLOCK;CHF;24;8.43000000;750;EXCHANGE_LAST;;1;1;XEUR;72063018581704543;1263;
03.02.2025;13:07:47.822;NESN SI 20260619 PS AM C 76.00 0;SIMPLE_INSTRUMENT;BLOCK;CHF;24;5.13000000;750;PRC_DECOMP_EXCHANGE;;;;XEUR;9559435;1263;EXCHANGE
03.02.2025;13:07:47.822;NESN SI 20260619 PS AM P 68.00 0;SIMPLE_INSTRUMENT;BLOCK;CHF;24;3.30000000;750;PRC_DECOMP_EXCHANGE;;;;XEUR;9559474;1263;EXCHANGE
03.02.2025;15:06:34.866;NESN SI 20250321 PS AM P 72.00 0;SIMPLE_INSTRUMENT;BLOCK;CHF;33;0.39000000;2000;EXCHANGE_LAST;;1;1;XEUR;10849709;1263;
03.02.2025;15:06:34.907;NESN SI 20250321 PS AM P 84.00 0;SIMPLE_INSTRUMENT;BLOCK;CHF;34;6.88000000;2000;EXCHANGE_LAST;;1;1;XEUR;10849726;1263;
03.02.2025;13:18:56.028;NOVE SI 20250620 PS EU C 93.00 0;SIMPLE_INSTRUMENT;BLOCK;CHF;26;3.85000000;750;EXCHANGE_LAST;;1;1;XEUR;12310731;724744;
03.02.2025;14:28:03.386;NOVH SI 20250321 CS;SIMPLE_INSTRUMENT;BLOCK;CHF;20;93.31500000;2500;EXCHANGE_LAST;;1;2;XEUR;10739776;724742;
03.02.2025;09:06:52.884;NOVN SI 20250919 PS AM P 86.00 0;SIMPLE_INSTRUMENT;BLOCK;CHF;7;2.34000000;1000;EXCHANGE_LAST;;1;1;XEUR;12310782;724745;
03.02.2025;10:04:17.829;NOVN SI 20250919 PS AM C 96.00 0;SIMPLE_INSTRUMENT;BLOCK;CHF;11;3.60000000;1000;EXCHANGE_LAST;;2;1;XEUR;11933254;724745;
03.02.2025;13:29:49.818;NOVN SI 20250620 PS AM P 90.00 0;SIMPLE_INSTRUMENT;BLOCK;CHF;27;2.32000000;1750;EXCHANGE_LAST;;1;3;XEUR;10239711;724745;
03.02.2025;14:01:45.141;NOVN.O.250203.STD.000010;STANDARD_OPTION_STRATEGY;BLOCK;CHF;28;11.90000000;500;EXCHANGE_LAST;;1;1;XEUR;75170350110878603;724745;
03.02.2025;14:01:45.141;NOVN SI 20251219 PS AM C 92.00 0;SIMPLE_INSTRUMENT;BLOCK;CHF;28;6.74000000;500;PRC_DECOMP_EXCHANGE;;;;XEUR;10037507;724745;EXCHANGE
03.02.2025;14:01:45.141;NOVN SI 20251219 PS AM P 92.00 0;SIMPLE_INSTRUMENT;BLOCK;CHF;28;5.16000000;500;PRC_DECOMP_EXCHANGE;;;;XEUR;10037499;724745;EXCHANGE
03.02.2025;15:49:32.379;NOVN SI 20250620 PS AM P 90.00 0;SIMPLE_INSTRUMENT;BLOCK;CHF;36;2.32000000;1500;EXCHANGE_LAST;;1;2;XEUR;10239711;724745;
03.02.2025;15:13:32.922;ODAP.O.250203.BER.000024;STANDARD_OPTION_STRATEGY;BLOCK;EUR;17;11.40000000;500;EXCHANGE_LAST;;1;1;XEUR;75225909807815673;737681;
03.02.2025;15:13:32.922;ODAP SI 20250228 CS EU P 19000 0;SIMPLE_INSTRUMENT;BLOCK;EUR;17;35.50000000;500;PRC_DECOMP_EXCHANGE;;;;XEUR;12347507;737681;EXCHANGE
03.02.2025;15:13:32.922;ODAP SI 20250228 CS EU P 19250 0;SIMPLE_INSTRUMENT;BLOCK;EUR;17;46.90000000;500;PRC_DECOMP_EXCHANGE;;;;XEUR;12347497;737681;EXCHANGE
03.02.2025;09:59:30.285;ODAX SI 20250620 CS EU C 18500 0;SIMPLE_INSTRUMENT;BLOCK;EUR;4;3294.00000000;1470;EXCHANGE_LAST;;1;1;XEUR;10847249;1176;
03.02.2025;09:59:19.000;ODAX SI 20250620 CS EU C 19900 0;SIMPLE_INSTRUMENT;BLOCK;EUR;5;2057.70000000;902;EXCHANGE_LAST;;1;1;XEUR;11158673;1176;
03.02.2025;09:59:24.725;ODAX SI 20250620 CS EU C 19900 0;SIMPLE_INSTRUMENT;BLOCK;EUR;6;2057.50000000;1448;EXCHANGE_LAST;;1;1;XEUR;11158673;1176;
03.02.2025;10:09:30.087;ODAX SI 20250221 CS EU P 21000 0;SIMPLE_INSTRUMENT;BLOCK;EUR;8;177.00000000;500;EXCHANGE_LAST;;1;1;XEUR;12306257;1176;
03.02.2025;10:46:32.701;ODAX SI 20250321 CS EU P 20800 0;SIMPLE_INSTRUMENT;BLOCK;EUR;9;256.70000000;400;EXCHANGE_LAST;;1;1;XEUR;10382418;1176;
