#Date;TrdTime;Contract;ContractType;TrdTyp;Currency;TesId;Prc;Qty;TrdInd;Aggressor;Buy;Sell;Exch;InstrumentId;RelatedProdId;PrcDecomp
12.12.2024;11:12:44.202;A2XA SI 20251219 CS;SIMPLE_INSTRUMENT;BLOCK;EUR;46;2.12000000;200;EXCHANGE_LAST;;1;1;XEUR;3681055;17;
12.12.2024;16:09:48.188;ADEF SI 20250321 CS;SIMPLE_INSTRUMENT;BLOCK;CHF;112;23.24700000;5000;EXCHANGE_LAST;;1;1;XEUR;10692264;47;
12.12.2024;16:32:56.938;ADEN.O.241212.BER.000005;STANDARD_OPTION_STRATEGY;BLOCK;CHF;75;0.38000000;2000;EXCHANGE_LAST;;2;1;XEUR;72057783016514603;44;
12.12.2024;16:32:56.938;ADEN SI 20241220 PS AM P 23.50 0;SIMPLE_INSTRUMENT;BLOCK;CHF;75;0.56000000;2000;PRC_DECOMP_EXCHANGE;;;;XEUR;11870043;44;EXCHANGE
12.12.2024;16:32:56.938;ADEN SI 20241220 PS AM P 22.00 0;SIMPLE_INSTRUMENT;BLOCK;CHF;75;0.18000000;2000;PRC_DECOMP_EXCHANGE;;;;XEUR;10393485;44;EXCHANGE
12.12.2024;11:35:43.138;ADS SI 20250620 PS AM P 190.00 0;SIMPLE_INSTRUMENT;BLOCK;EUR;12;3.80000000;300;EXCHANGE_LAST;;1;1;XEUR;11348164;50;
12.12.2024;12:14:11.556;ADS SI 20241220 PS AM P 240.00 0;SIMPLE_INSTRUMENT;BLOCK;EUR;14;2.20000000;500;EXCHANGE_LAST;;1;1;XEUR;4637210;50;
12.12.2024;13:23:13.373;AHO.O.241212.STD.000001;STANDARD_OPTION_STRATEGY;BLOCK;EUR;15;0.57000000;500;EXCHANGE_LAST;;1;1;XEUR;72057886095712204;68;
12.12.2024;13:23:13.373;AHO SI 20241220 PS AM C 32.50 0;SIMPLE_INSTRUMENT;BLOCK;EUR;15;0.12000000;500;PRC_DECOMP_EXCHANGE;;;;XEUR;11871146;68;EXCHANGE
12.12.2024;13:23:13.373;AHO SI 20241220 PS AM P 32.50 0;SIMPLE_INSTRUMENT;BLOCK;EUR;15;0.45000000;500;PRC_DECOMP_EXCHANGE;;;;XEUR;11871148;68;EXCHANGE
12.12.2024;14:55:01.326;AIR.O.241212.COMBO.000002;STANDARD_OPTION_STRATEGY;BLOCK;EUR;20;0.70000000;400;EXCHANGE_LAST;;1;1;XEUR;72057868915848740;64;
12.12.2024;14:55:01.326;AIR SI 20250620 PS AM C 180.00 0;SIMPLE_INSTRUMENT;BLOCK;EUR;20;2.01000000;400;PRC_DECOMP_EXCHANGE;;;;XEUR;11290287;64;EXCHANGE
12.12.2024;14:55:01.326;AIR SI 20250620 PS AM P 140.00 0;SIMPLE_INSTRUMENT;BLOCK;EUR;20;2.71000000;400;PRC_DECOMP_EXCHANGE;;;;XEUR;11290292;64;EXCHANGE
12.12.2024;15:11:03.711;AIR SI 20250221 PS AM P 148.00 0;SIMPLE_INSTRUMENT;BLOCK;EUR;22;1.56000000;427;EXCHANGE_LAST;;1;1;XEUR;12237748;64;
12.12.2024;15:11:07.712;AIR SI 20250221 PS AM P 148.00 0;SIMPLE_INSTRUMENT;BLOCK;EUR;23;1.57000000;567;EXCHANGE_LAST;;1;1;XEUR;12237748;64;
12.12.2024;14:14:01.368;AKU SI 20250117 PS AM C 63.00 0;SIMPLE_INSTRUMENT;BLOCK;EUR;22;0.68000000;487;EXCHANGE_LAST;;1;1;XEUR;12067680;78;
12.12.2024;15:06:16.058;ALV SI 20250620 PS AM P 260.00 0;SIMPLE_INSTRUMENT;BLOCK;EUR;4;5.25000000;300;EXCHANGE_LAST;;1;1;XEUR;10821973;74;
12.12.2024;16:09:26.572;ALV.N.241212.000014;NON_STANDARD_OPTION_STRATEGY;BLOCK;EUR;6;59.00000000;500;EXCHANGE_LAST;;1;1;XEUR;72057911865566760;74;
12.12.2024;16:09:26.572;ALV SI 20250321 PS AM C 300.00 0;SIMPLE_INSTRUMENT;BLOCK;EUR;6;11.36000000;500;PRC_DECOMP_EXCHANGE;;;;XEUR;10829574;74;EXCHANGE
12.12.2024;16:09:26.572;ALV SI 20260619 PS AM C 280.00 0;SIMPLE_INSTRUMENT;BLOCK;EUR;6;35.18000000;1000;PRC_DECOMP_EXCHANGE;;;;XEUR;9537498;74;EXCHANGE
12.12.2024;10:45:49.276;ALVG.S.DEC24.MAR25.SPD;FUTURES_SPREAD;BLOCK;EUR;39;-3.10000000;160;EXCHANGE_LAST;;1;1;XEUR;72057959110148365;85;
12.12.2024;10:45:49.276;ALVG SI 20241220 CS;SIMPLE_INSTRUMENT;BLOCK;EUR;39;301.57660000;160;PRC_DECOMP_EXCHANGE;;;;XEUR;7031281;85;EXCHANGE
12.12.2024;10:45:49.276;ALVG SI 20250321 CS;SIMPLE_INSTRUMENT;BLOCK;EUR;39;304.67660000;160;PRC_DECOMP_EXCHANGE;;;;XEUR;10693113;85;EXCHANGE
12.12.2024;09:53:00.225;ANN SI 20250117 PS AM C 32.00 0;SIMPLE_INSTRUMENT;BLOCK;EUR;2;0.99000000;2000;EXCHANGE_LAST;;1;1;XEUR;12093415;45202;
12.12.2024;11:15:41.692;AOM SI 20250321 PS AM P 19.00 0;SIMPLE_INSTRUMENT;BLOCK;EUR;5;0.61000000;250;EXCHANGE_LAST;;1;1;XEUR;11249142;88;
12.12.2024;13:27:38.466;AOM.O.241212.PDIA.000001;STANDARD_OPTION_STRATEGY;BLOCK;EUR;10;3.76000000;1500;EXCHANGE_LAST;;2;1;XEUR;72057971995059418;88;
12.12.2024;13:27:38.466;AOM SI 20271217 PS AM P 22.00 0;SIMPLE_INSTRUMENT;BLOCK;EUR;10;4.46000000;1500;PRC_DECOMP_EXCHANGE;;;;XEUR;11249325;88;EXCHANGE
12.12.2024;13:27:38.466;AOM SI 20241220 PS AM P 22.60 0;SIMPLE_INSTRUMENT;BLOCK;EUR;10;0.70000000;1500;PRC_DECOMP_EXCHANGE;;;;XEUR;12067917;88;EXCHANGE
12.12.2024;13:23:03.050;ARG SI 20251219 PS AM C 800.00 0;SIMPLE_INSTRUMENT;BLOCK;EUR;2;22.50000000;75;EXCHANGE_LAST;;1;1;XEUR;8169463;355435;
12.12.2024;11:27:40.781;ASGG SI 20241219 CS;SIMPLE_INSTRUMENT;BLOCK;EUR;47;28.10400000;350;EXCHANGE_LAST;;1;1;XEUR;7028089;106;
12.12.2024;11:27:41.582;ASGG SI 20250320 CS;SIMPLE_INSTRUMENT;BLOCK;EUR;48;28.31500000;350;EXCHANGE_LAST;;1;1;XEUR;10687433;106;
12.12.2024;13:03:22.230;ASM SI 20281215 PS AM P 480.00 0;SIMPLE_INSTRUMENT;BLOCK;EUR;14;69.75000000;75;EXCHANGE_LAST;;1;1;XEUR;10395723;107;
12.12.2024;14:30:31.387;ASM.O.241212.STG.000003;STANDARD_OPTION_STRATEGY;BLOCK;EUR;25;69.90000000;150;EXCHANGE_LAST;;1;1;XEUR;72058053599445190;107;
12.12.2024;14:30:31.387;ASM SI 20250321 PS AM C 680.00 0;SIMPLE_INSTRUMENT;BLOCK;EUR;25;52.38000000;150;PRC_DECOMP_EXCHANGE;;;;XEUR;10830149;107;EXCHANGE
12.12.2024;14:30:31.387;ASM SI 20250321 PS AM P 600.00 0;SIMPLE_INSTRUMENT;BLOCK;EUR;25;17.52000000;150;PRC_DECOMP_EXCHANGE;;;;XEUR;10830140;107;EXCHANGE
12.12.2024;15:52:07.508;ASM.O.241212.COMBO.000006;STANDARD_OPTION_STRATEGY;BLOCK;EUR;29;-69.25000000;150;EXCHANGE_LAST;;1;1;XEUR;72058053599445193;107;
12.12.2024;15:52:07.508;ASM SI 20251219 PS AM C 720.00 0;SIMPLE_INSTRUMENT;BLOCK;EUR;29;84.34000000;150;PRC_DECOMP_EXCHANGE;;;;XEUR;6011681;107;EXCHANGE
12.12.2024;15:52:07.508;ASM SI 20251219 PS AM P 450.00 0;SIMPLE_INSTRUMENT;BLOCK;EUR;29;15.09000000;150;PRC_DECOMP_EXCHANGE;;;;XEUR;6602827;107;EXCHANGE
12.12.2024;09:53:18.385;ASMH SI 20241220 CS;SIMPLE_INSTRUMENT;BLOCK;EUR;18;677.58500000;500;EXCHANGE_LAST;;1;1;XEUR;7047762;3979;
12.12.2024;10:40:31.365;ASMH.S.DEC24.MAR25.SPD;FUTURES_SPREAD;BLOCK;EUR;34;-5.17000000;172;EXCHANGE_LAST;;1;1;XEUR;72074683712798954;3979;
12.12.2024;10:40:31.365;ASMH SI 20250321 CS;SIMPLE_INSTRUMENT;BLOCK;EUR;34;683.66210000;172;PRC_DECOMP_EXCHANGE;;;;XEUR;10717245;3979;EXCHANGE
12.12.2024;10:40:31.365;ASMH SI 20241220 CS;SIMPLE_INSTRUMENT;BLOCK;EUR;34;678.49210000;172;PRC_DECOMP_EXCHANGE;;;;XEUR;7047762;3979;EXCHANGE
12.12.2024;10:54:51.238;ASMH SI 20241220 CS;SIMPLE_INSTRUMENT;BLOCK;EUR;42;675.48500000;130;EXCHANGE_LAST;;1;1;XEUR;7047762;3979;
12.12.2024;10:36:56.820;AXAG SI 20241220 CS;SIMPLE_INSTRUMENT;BLOCK;EUR;27;33.58000000;14500;EXCHANGE_LAST;;1;1;XEUR;7031589;125;
12.12.2024;09:04:42.098;B2NP SI 20261218 CS;SIMPLE_INSTRUMENT;BLOCK;EUR;1;4.40000000;500;EXCHANGE_LAST;;1;1;XEUR;6798320;131;
12.12.2024;09:28:30.249;B2NP SI 20271217 CS;SIMPLE_INSTRUMENT;BLOCK;EUR;7;3.63000000;80;EXCHANGE_LAST;;1;1;XEUR;7086925;131;
12.12.2024;10:32:54.862;B2YG SI 20250321 CS;SIMPLE_INSTRUMENT;BLOCK;EUR;26;0.00100000;282;EXCHANGE_LAST;;1;1;XEUR;10433757;45713;
12.12.2024;16:36:48.275;BAEN SI 20250620 PS AM C 60.00 0;SIMPLE_INSTRUMENT;BLOCK;CHF;76;3.56000000;606;EXCHANGE_LAST;;1;1;XEUR;7899037;159;
12.12.2024;16:36:57.748;BAEN SI 20250620 PS AM C 60.00 0;SIMPLE_INSTRUMENT;BLOCK;CHF;77;3.57000000;1349;EXCHANGE_LAST;;1;1;XEUR;7899037;159;
12.12.2024;15:53:46.914;BALN.O.241212.BRT.000005;STANDARD_OPTION_STRATEGY;BLOCK;CHF;65;0.33000000;1000;EXCHANGE_LAST;;1;1;XEUR;72058225398131564;147;
12.12.2024;15:53:46.914;BALN SI 20241220 PS AM P 170.00 0;SIMPLE_INSTRUMENT;BLOCK;CHF;65;6.70000000;1000;PRC_DECOMP_EXCHANGE;;;;XEUR;10396137;147;EXCHANGE
12.12.2024;15:53:46.914;BALN SI 20250117 PS AM P 170.00 0;SIMPLE_INSTRUMENT;BLOCK;CHF;65;7.03000000;1000;PRC_DECOMP_EXCHANGE;;;;XEUR;12068639;147;EXCHANGE
12.12.2024;08:14:47.195;BAS SI 20250117 PS AM C 48.00 0;SIMPLE_INSTRUMENT;BLOCK;EUR;1;0.43000000;747;EXCHANGE_LAST;;1;1;XEUR;12068805;150;
12.12.2024;08:14:41.013;BAS SI 20250117 PS AM C 48.00 0;SIMPLE_INSTRUMENT;BLOCK;EUR;2;0.44000000;747;EXCHANGE_LAST;;1;1;XEUR;12068805;150;
12.12.2024;09:34:50.616;BAS SI 20250117 PS AM C 47.00 0;SIMPLE_INSTRUMENT;BLOCK;EUR;3;0.64000000;20000;EXCHANGE_LAST;;1;1;XEUR;12068843;150;
12.12.2024;09:35:19.071;BAS SI 20250321 PS AM C 50.00 0;SIMPLE_INSTRUMENT;BLOCK;EUR;4;0.85000000;12500;EXCHANGE_LAST;;1;1;XEUR;10831042;150;
12.12.2024;09:35:19.081;BAS SI 20250321 PS AM C 50.00 0;SIMPLE_INSTRUMENT;BLOCK;EUR;5;0.86000000;12500;EXCHANGE_LAST;;1;1;XEUR;10831042;150;
12.12.2024;10:10:34.576;BAS SI 20250321 PS AM P 52.00 0;SIMPLE_INSTRUMENT;BLOCK;EUR;6;6.80000000;1500;EXCHANGE_LAST;;1;1;XEUR;10831046;150;
12.12.2024;10:11:27.998;BAS SI 20241220 PS AM P 52.00 0;SIMPLE_INSTRUMENT;BLOCK;EUR;7;6.61000000;813;EXCHANGE_LAST;;1;1;XEUR;4639212;150;
12.12.2024;10:11:10.932;BAS SI 20241220 PS AM P 52.00 0;SIMPLE_INSTRUMENT;BLOCK;EUR;8;6.62000000;692;EXCHANGE_LAST;;1;1;XEUR;4639212;150;
12.12.2024;13:35:59.465;BAS.N.241212.000009;NON_STANDARD_OPTION_STRATEGY;BLOCK;EUR;11;4.22000000;2000;EXCHANGE_LAST;;2;1;XEUR;72058238283089954;150;
12.12.2024;13:35:59.465;BAS SI 20241220 PS AM P 42.00 0;SIMPLE_INSTRUMENT;BLOCK;EUR;11;0.09000000;2000;PRC_DECOMP_EXCHANGE;;;;XEUR;7509964;150;EXCHANGE
12.12.2024;13:35:59.465;BAS SI 20241220 PS AM C 41.00 0;SIMPLE_INSTRUMENT;BLOCK;EUR;11;4.31000000;2000;PRC_DECOMP_EXCHANGE;;;;XEUR;7509959;150;EXCHANGE
12.12.2024;14:46:44.359;BBVD.O.241212.STD.000001;STANDARD_OPTION_STRATEGY;BLOCK;EUR;26;0.32000000;2500;EXCHANGE_LAST;;2;1;XEUR;72058332772304723;172;
12.12.2024;14:46:44.359;BBVD SI 20241220 PS AM C 9.50 0;SIMPLE_INSTRUMENT;BLOCK;EUR;26;0.23000000;2500;PRC_DECOMP_EXCHANGE;;;;XEUR;9539825;172;EXCHANGE
12.12.2024;14:46:44.359;BBVD SI 20241220 PS AM P 9.50 0;SIMPLE_INSTRUMENT;BLOCK;EUR;26;0.09000000;2500;PRC_DECOMP_EXCHANGE;;;;XEUR;9539837;172;EXCHANGE
12.12.2024;14:46:37.504;BBVD.O.241212.STD.000001;STANDARD_OPTION_STRATEGY;BLOCK;EUR;27;0.31000000;2500;EXCHANGE_LAST;;2;1;XEUR;72058332772304723;172;
12.12.2024;14:46:37.504;BBVD SI 20241220 PS AM C 9.50 0;SIMPLE_INSTRUMENT;BLOCK;EUR;27;0.23000000;2500;PRC_DECOMP_EXCHANGE;;;;XEUR;9539825;172;EXCHANGE
12.12.2024;14:46:37.504;BBVD SI 20241220 PS AM P 9.50 0;SIMPLE_INSTRUMENT;BLOCK;EUR;27;0.08000000;2500;PRC_DECOMP_EXCHANGE;;;;XEUR;9539837;172;EXCHANGE
12.12.2024;09:52:14.122;BMW SI 20241220 PS AM P 76.00 0;SIMPLE_INSTRUMENT;BLOCK;EUR;5;0.33000000;400;EXCHANGE_LAST;;1;1;XEUR;4640268;210;
12.12.2024;11:02:10.499;BMW.O.241212.COMBO.000004;STANDARD_OPTION_STRATEGY;BLOCK;EUR;10;1.20000000;1000;EXCHANGE_LAST;;1;1;XEUR;72058495981107855;210;
12.12.2024;11:02:10.499;BMW SI 20261218 PS AM P 60.00 0;SIMPLE_INSTRUMENT;BLOCK;EUR;10;5.00000000;1000;PRC_DECOMP_MEMBER;;;;XEUR;7154298;210;MEMBER
12.12.2024;11:02:10.499;BMW SI 20261218 PS AM C 100.00 0;SIMPLE_INSTRUMENT;BLOCK;EUR;10;3.80000000;1000;PRC_DECOMP_MEMBER;;;;XEUR;7154250;210;MEMBER
12.12.2024;14:23:32.485;BMW SI 20250221 PS AM C 82.00 0;SIMPLE_INSTRUMENT;BLOCK;EUR;30;2.31000000;17000;EXCHANGE_LAST;;1;1;XEUR;12339270;210;
12.12.2024;16:10:23.488;BMW SI 20250321 PS AM C 80.00 0;SIMPLE_INSTRUMENT;BLOCK;EUR;33;4.39000000;1000;EXCHANGE_LAST;;1;2;XEUR;10832595;210;
12.12.2024;15:20:40.327;BMWP SI 20250321 PS;SIMPLE_INSTRUMENT;BLOCK;EUR;104;79.67500000;1640;EXCHANGE_LAST;;1;1;XEUR;10725379;124294;
12.12.2024;15:20:55.114;BMWP SI 20241220 PS;SIMPLE_INSTRUMENT;BLOCK;EUR;105;79.00000000;1640;EXCHANGE_LAST;;1;1;XEUR;7052665;124294;
12.12.2024;08:32:28.306;BNP SI 20261218 PS AM C 64.00 0;SIMPLE_INSTRUMENT;BLOCK;EUR;1;4.05000000;500;EXCHANGE_LAST;;1;1;XEUR;7154480;237;
12.12.2024;13:36:14.366;BNP SI 20241220 PS AM P 60.00 0;SIMPLE_INSTRUMENT;BLOCK;EUR;13;1.25000000;2000;EXCHANGE_LAST;;1;2;XEUR;4640396;237;
12.12.2024;13:36:14.526;BNP SI 20241220 PS AM P 60.00 0;SIMPLE_INSTRUMENT;BLOCK;EUR;14;1.26000000;2000;EXCHANGE_LAST;;1;2;XEUR;4640396;237;
12.12.2024;14:23:16.061;BNP SI 20241220 PS AM P 60.00 0;SIMPLE_INSTRUMENT;BLOCK;EUR;18;1.25000000;873;EXCHANGE_LAST;;1;1;XEUR;4640396;237;
12.12.2024;16:31:51.479;BOSS.O.241212.STD.000005;STANDARD_OPTION_STRATEGY;BLOCK;EUR;30;9.64000000;1500;EXCHANGE_LAST;;1;1;XEUR;72058581880418520;230;
12.12.2024;16:31:51.479;BOSS SI 20250620 PS AM C 44.00 0;SIMPLE_INSTRUMENT;BLOCK;EUR;30;3.74000000;1500;PRC_DECOMP_EXCHANGE;;;;XEUR;7899974;230;EXCHANGE
12.12.2024;16:31:51.479;BOSS SI 20250620 PS AM P 44.00 0;SIMPLE_INSTRUMENT;BLOCK;EUR;30;5.90000000;1500;PRC_DECOMP_EXCHANGE;;;;XEUR;7899975;230;EXCHANGE
12.12.2024;10:40:08.835;BSD2.O.241212.STG.000001;STANDARD_OPTION_STRATEGY;BLOCK;EUR;12;0.42000000;5000;EXCHANGE_LAST;;1;1;XEUR;72058646304922177;245;
12.12.2024;10:40:08.835;BSD2 SI 20251219 PS AM C 5.50 0;SIMPLE_INSTRUMENT;BLOCK;EUR;12;0.19000000;5000;PRC_DECOMP_EXCHANGE;;;;XEUR;11353275;245;EXCHANGE
12.12.2024;10:40:08.835;BSD2 SI 20251219 PS AM P 4.00 0;SIMPLE_INSTRUMENT;BLOCK;EUR;12;0.23000000;5000;PRC_DECOMP_EXCHANGE;;;;XEUR;6464336;245;EXCHANGE
12.12.2024;13:46:04.903;BSI SI 20251219 PS AM P 140.00 0;SIMPLE_INSTRUMENT;BLOCK;EUR;17;29.41000000;250;EXCHANGE_LAST;;1;1;XEUR;10439641;76317;
12.12.2024;11:59:00.021;BSIF SI 20241220 CS;SIMPLE_INSTRUMENT;BLOCK;EUR;57;125.64200000;2250;EXCHANGE_LAST;;1;1;XEUR;7053608;174729;
12.12.2024;09:10:04.022;BYGG.S.DEC24.MAR25.SPD;FUTURES_SPREAD;BLOCK;EUR;2;-0.23250000;4000;EXCHANGE_LAST;;1;1;XEUR;72058800923738288;281;
12.12.2024;09:10:04.022;BYGG SI 20241220 CS;SIMPLE_INSTRUMENT;BLOCK;EUR;2;28.77930000;4000;PRC_DECOMP_EXCHANGE;;;;XEUR;7033067;281;EXCHANGE
12.12.2024;09:10:04.022;BYGG SI 20250321 CS;SIMPLE_INSTRUMENT;BLOCK;EUR;2;29.01180000;4000;PRC_DECOMP_EXCHANGE;;;;XEUR;10696354;281;EXCHANGE
12.12.2024;09:42:11.345;BYGG.S.DEC24.MAR25.SPD;FUTURES_SPREAD;BLOCK;EUR;16;-0.23250000;3100;EXCHANGE_LAST;;1;1;XEUR;72058800923738288;281;
12.12.2024;09:42:11.345;BYGG SI 20250321 CS;SIMPLE_INSTRUMENT;BLOCK;EUR;16;29.01180000;3100;PRC_DECOMP_EXCHANGE;;;;XEUR;10696354;281;EXCHANGE
12.12.2024;09:42:11.345;BYGG SI 20241220 CS;SIMPLE_INSTRUMENT;BLOCK;EUR;16;28.77930000;3100;PRC_DECOMP_EXCHANGE;;;;XEUR;7033067;281;EXCHANGE
12.12.2024;12:31:17.613;C4RI SI 20250321 CS;SIMPLE_INSTRUMENT;BLOCK;EUR;72;0.00100000;3045;EXCHANGE_LAST;;1;3;XEUR;10436756;50862;
12.12.2024;15:22:34.058;CARG SI 20241220 CS;SIMPLE_INSTRUMENT;BLOCK;EUR;103;14.11000000;2000;EXCHANGE_LAST;;1;1;XEUR;7032963;271;
12.12.2024;10:40:23.923;CFR.O.241212.BER.000008;STANDARD_OPTION_STRATEGY;BLOCK;CHF;18;3.51000000;500;EXCHANGE_LAST;;1;1;XEUR;72058938362726152;313;
12.12.2024;10:40:23.923;CFR SI 20250321 PS AM P 120.00 0;SIMPLE_INSTRUMENT;BLOCK;CHF;18;2.28000000;500;PRC_DECOMP_EXCHANGE;;;;XEUR;10834886;313;EXCHANGE
12.12.2024;10:40:23.923;CFR SI 20250321 PS AM P 132.00 0;SIMPLE_INSTRUMENT;BLOCK;CHF;18;5.79000000;500;PRC_DECOMP_EXCHANGE;;;;XEUR;11876482;313;EXCHANGE
12.12.2024;10:48:18.583;CFR SI 20250321 PS AM C 142.00 0;SIMPLE_INSTRUMENT;BLOCK;CHF;19;4.84000000;500;EXCHANGE_LAST;;1;1;XEUR;12209368;313;
12.12.2024;10:49:02.398;CFR SI 20250321 PS AM C 130.00 0;SIMPLE_INSTRUMENT;BLOCK;CHF;20;10.54000000;500;EXCHANGE_LAST;;1;1;XEUR;10834894;313;
12.12.2024;11:31:43.759;CFR SI 20250117 PS AM C 138.00 0;SIMPLE_INSTRUMENT;BLOCK;CHF;25;3.56000000;500;EXCHANGE_LAST;;1;1;XEUR;12071536;313;
12.12.2024;10:54:37.799;CGMF.S.DEC24.MAR25.SPD;FUTURES_SPREAD;BLOCK;EUR;43;-1.62000000;211;EXCHANGE_LAST;;1;1;XEUR;72058959837529236;318;
12.12.2024;10:54:37.799;CGMF SI 20250321 CS;SIMPLE_INSTRUMENT;BLOCK;EUR;43;160.96650000;211;PRC_DECOMP_EXCHANGE;;;;XEUR;10696787;318;EXCHANGE
12.12.2024;10:54:37.799;CGMF SI 20241220 CS;SIMPLE_INSTRUMENT;BLOCK;EUR;43;159.34650000;211;PRC_DECOMP_EXCHANGE;;;;XEUR;7033256;318;EXCHANGE
12.12.2024;12:29:35.110;CR5J.S.DEC24.MAR25.SPD;FUTURES_SPREAD;BLOCK;EUR;71;-0.31500000;35000;EXCHANGE_LAST;;3;1;XEUR;72276040369569945;50861;
12.12.2024;12:29:35.110;CR5J SI 20241219 CS;SIMPLE_INSTRUMENT;BLOCK;EUR;71;39.02640000;35000;PRC_DECOMP_EXCHANGE;;;;XEUR;7029763;50861;EXCHANGE
12.12.2024;12:29:35.110;CR5J SI 20250320 CS;SIMPLE_INSTRUMENT;BLOCK;EUR;71;39.34140000;35000;PRC_DECOMP_EXCHANGE;;;;XEUR;10689747;50861;EXCHANGE
12.12.2024;14:43:37.027;D2PW SI 20261218 CS;SIMPLE_INSTRUMENT;BLOCK;EUR;94;1.70000000;50;EXCHANGE_LAST;;1;1;XEUR;4632317;9702;
12.12.2024;16:44:13.350;D2PW SI 20251219 CS;SIMPLE_INSTRUMENT;BLOCK;EUR;129;1.81000000;750;EXCHANGE_LAST;;1;1;XEUR;3681256;9702;
12.12.2024;10:38:03.110;D3AI SI 20251219 CS;SIMPLE_INSTRUMENT;BLOCK;EUR;29;3.99000000;100;EXCHANGE_LAST;;1;1;XEUR;7144062;443197;
12.12.2024;08:57:19.763;DAI SI 20241220 PS AM P 56.00 0;SIMPLE_INSTRUMENT;BLOCK;EUR;1;0.77000000;750;EXCHANGE_LAST;;1;1;XEUR;7349884;443196;
12.12.2024;09:17:50.235;DAI SI 20241220 PS AM P 54.00 0;SIMPLE_INSTRUMENT;BLOCK;EUR;2;0.21000000;1000;EXCHANGE_LAST;;1;1;XEUR;7349878;443196;
12.12.2024;09:49:24.634;DAI SI 20241220 PS AM P 56.00 0;SIMPLE_INSTRUMENT;BLOCK;EUR;4;0.75000000;2000;EXCHANGE_LAST;;1;2;XEUR;7349884;443196;
12.12.2024;09:55:35.397;DAI SI 20250221 PS AM C 58.00 0;SIMPLE_INSTRUMENT;BLOCK;EUR;6;1.88000000;3500;EXCHANGE_LAST;;2;2;XEUR;12277882;443196;
12.12.2024;10:12:33.478;DAI.O.241212.BRT.000008;STANDARD_OPTION_STRATEGY;BLOCK;EUR;8;2.02000000;1500;EXCHANGE_LAST;;1;1;XEUR;73961106363662259;443196;
12.12.2024;10:12:33.478;DAI SI 20241220 PS AM P 56.00 0;SIMPLE_INSTRUMENT;BLOCK;EUR;8;0.71000000;1500;PRC_DECOMP_EXCHANGE;;;;XEUR;7349884;443196;EXCHANGE
12.12.2024;10:12:33.478;DAI SI 20250321 PS AM P 56.00 0;SIMPLE_INSTRUMENT;BLOCK;EUR;8;2.73000000;1500;PRC_DECOMP_EXCHANGE;;;;XEUR;10884518;443196;EXCHANGE
12.12.2024;11:31:05.989;DAI SI 20281215 PS AM P 68.00 0;SIMPLE_INSTRUMENT;BLOCK;EUR;12;20.50000000;1500;EXCHANGE_LAST;;1;2;XEUR;10455568;443196;
12.12.2024;12:11:37.168;DAI.O.241212.BUL.000016;STANDARD_OPTION_STRATEGY;BLOCK;EUR;14;0.78000000;1750;EXCHANGE_LAST;;2;1;XEUR;73961106363662267;443196;
12.12.2024;12:11:37.168;DAI SI 20241220 PS AM C 56.00 0;SIMPLE_INSTRUMENT;BLOCK;EUR;14;0.89000000;1750;PRC_DECOMP_EXCHANGE;;;;XEUR;7349879;443196;EXCHANGE
12.12.2024;12:11:37.168;DAI SI 20241220 PS AM C 60.00 0;SIMPLE_INSTRUMENT;BLOCK;EUR;14;0.11000000;1750;PRC_DECOMP_EXCHANGE;;;;XEUR;7144858;443196;EXCHANGE
12.12.2024;12:18:35.924;DAI.O.241212.STD.000019;STANDARD_OPTION_STRATEGY;BLOCK;EUR;15;9.32000000;1750;EXCHANGE_LAST;;2;1;XEUR;73961106363662270;443196;
12.12.2024;12:18:35.924;DAI SI 20250620 PS AM C 56.00 0;SIMPLE_INSTRUMENT;BLOCK;EUR;15;4.08000000;1750;PRC_DECOMP_EXCHANGE;;;;XEUR;8006363;443196;EXCHANGE
12.12.2024;12:18:35.924;DAI SI 20250620 PS AM P 56.00 0;SIMPLE_INSTRUMENT;BLOCK;EUR;15;5.24000000;1750;PRC_DECOMP_EXCHANGE;;;;XEUR;8006365;443196;EXCHANGE
12.12.2024;12:30:15.062;DAI.O.241212.CNV.000020;STANDARD_OPTION_STRATEGY;BLOCK;EUR;17;0.03000000;1000;EXCHANGE_LAST;;1;1;XEUR;73961106363662271;443196;
12.12.2024;12:30:15.062;DAI SI 20241220 PS AM P 56.00 0;SIMPLE_INSTRUMENT;BLOCK;EUR;17;0.81000000;1000;PRC_DECOMP_EXCHANGE;;;;XEUR;7349884;443196;EXCHANGE
12.12.2024;12:30:15.062;DAI SI 20241220 PS AM C 56.00 0;SIMPLE_INSTRUMENT;BLOCK;EUR;17;0.84000000;1000;PRC_DECOMP_EXCHANGE;;;;XEUR;7349879;443196;EXCHANGE
12.12.2024;13:22:57.146;DAI.O.241212.BRT.000023;STANDARD_OPTION_STRATEGY;BLOCK;EUR;22;4.08000000;2000;EXCHANGE_LAST;;1;2;XEUR;73961106363662274;443196;
12.12.2024;13:22:57.146;DAI SI 20250620 PS AM P 56.00 0;SIMPLE_INSTRUMENT;BLOCK;EUR;22;5.06000000;2000;PRC_DECOMP_EXCHANGE;;;;XEUR;8006365;443196;EXCHANGE
12.12.2024;13:22:57.146;DAI SI 20261218 PS AM P 56.00 0;SIMPLE_INSTRUMENT;BLOCK;EUR;22;9.14000000;2000;PRC_DECOMP_EXCHANGE;;;;XEUR;7362232;443196;EXCHANGE
12.12.2024;14:12:03.416;DAI SI 20241220 PS AM P 56.00 0;SIMPLE_INSTRUMENT;BLOCK;EUR;27;0.75000000;2000;EXCHANGE_LAST;;1;1;XEUR;7349884;443196;
12.12.2024;14:23:12.590;DAI SI 20241220 PS AM C 56.00 0;SIMPLE_INSTRUMENT;BLOCK;EUR;28;0.85000000;1500;EXCHANGE_LAST;;1;2;XEUR;7349879;443196;
12.12.2024;14:22:25.309;DAI SI 20250221 PS AM C 58.00 0;SIMPLE_INSTRUMENT;BLOCK;EUR;29;1.88000000;33900;EXCHANGE_LAST;;1;1;XEUR;12277882;443196;
12.12.2024;14:23:19.481;DAIG SI 20241220 CS;SIMPLE_INSTRUMENT;BLOCK;EUR;90;56.04200000;1000;EXCHANGE_LAST;;1;1;XEUR;7144297;443203;
12.12.2024;15:03:53.744;DAIG SI 20241220 CS;SIMPLE_INSTRUMENT;BLOCK;EUR;99;56.04150000;7000;EXCHANGE_LAST;;1;1;XEUR;7144297;443203;
12.12.2024;16:48:32.463;DB1 SI 20250221 PS AM C 230.00 0;SIMPLE_INSTRUMENT;BLOCK;EUR;22;4.34000000;330;EXCHANGE_LAST;;1;1;XEUR;12242072;361;
12.12.2024;16:48:45.397;DB1 SI 20250221 PS AM C 230.00 0;SIMPLE_INSTRUMENT;BLOCK;EUR;23;4.32000000;490;EXCHANGE_LAST;;1;1;XEUR;12242072;361;
12.12.2024;11:16:36.561;DBK.O.241212.STG.000006;STANDARD_OPTION_STRATEGY;BLOCK;EUR;10;0.79000000;5500;EXCHANGE_LAST;;2;2;XEUR;72059148816158972;362;
12.12.2024;11:16:36.561;DBK SI 20250117 PS AM P 16.40 0;SIMPLE_INSTRUMENT;BLOCK;EUR;10;0.27000000;5500;PRC_DECOMP_EXCHANGE;;;;XEUR;12071998;362;EXCHANGE
12.12.2024;11:16:36.561;DBK SI 20250117 PS AM C 17.00 0;SIMPLE_INSTRUMENT;BLOCK;EUR;10;0.52000000;5500;PRC_DECOMP_EXCHANGE;;;;XEUR;12071960;362;EXCHANGE
12.12.2024;11:32:22.581;DBK SI 20250321 PS AM P 16.60 0;SIMPLE_INSTRUMENT;BLOCK;EUR;11;0.76000000;3000;EXCHANGE_LAST;;1;1;XEUR;11136611;362;
12.12.2024;14:49:29.229;DBK.O.241212.BRT.000016;STANDARD_OPTION_STRATEGY;BLOCK;EUR;22;1.16000000;5500;EXCHANGE_LAST;;1;2;XEUR;72059148816158982;362;
12.12.2024;14:49:29.229;DBK SI 20251219 PS AM P 17.00 0;SIMPLE_INSTRUMENT;BLOCK;EUR;22;2.07000000;5500;PRC_DECOMP_EXCHANGE;;;;XEUR;12352685;362;EXCHANGE
12.12.2024;14:49:29.229;DBK SI 20250321 PS AM P 17.00 0;SIMPLE_INSTRUMENT;BLOCK;EUR;22;0.91000000;5500;PRC_DECOMP_EXCHANGE;;;;XEUR;10835577;362;EXCHANGE
12.12.2024;12:01:36.860;DHE SI 20250919 PS AM P 28.00 0;SIMPLE_INSTRUMENT;BLOCK;EUR;3;4.61000000;724;EXCHANGE_LAST;;1;1;XEUR;11910412;57135;
12.12.2024;12:01:26.523;DHE SI 20250919 PS AM P 28.00 0;SIMPLE_INSTRUMENT;BLOCK;EUR;4;4.63000000;1276;EXCHANGE_LAST;;1;1;XEUR;11910412;57135;
12.12.2024;12:25:56.211;DPW.O.241212.RTSP.000005;STANDARD_OPTION_STRATEGY;BLOCK;EUR;7;0.02000000;3000;EXCHANGE_LAST;;2;1;XEUR;72059505298414182;445;
12.12.2024;12:25:56.211;DPW SI 20250321 PS AM P 36.00 0;SIMPLE_INSTRUMENT;BLOCK;EUR;7;1.72000000;3000;PRC_DECOMP_EXCHANGE;;;;XEUR;10836851;445;EXCHANGE
12.12.2024;12:25:56.211;DPW SI 20260619 PS AM C 40.00 0;SIMPLE_INSTRUMENT;BLOCK;EUR;7;1.74000000;3000;PRC_DECOMP_EXCHANGE;;;;XEUR;9545242;445;EXCHANGE
12.12.2024;15:02:21.980;DPW.O.241212.STG.000009;STANDARD_OPTION_STRATEGY;BLOCK;EUR;13;2.37000000;1400;EXCHANGE_LAST;;1;1;XEUR;72059505298414186;445;
12.12.2024;15:02:21.980;DPW SI 20250321 PS AM C 36.00 0;SIMPLE_INSTRUMENT;BLOCK;EUR;13;1.41000000;1400;PRC_DECOMP_MEMBER;;;;XEUR;10836841;445;MEMBER
12.12.2024;15:02:21.980;DPW SI 20250321 PS AM P 34.00 0;SIMPLE_INSTRUMENT;BLOCK;EUR;13;0.96000000;1400;PRC_DECOMP_MEMBER;;;;XEUR;10836847;445;MEMBER
12.12.2024;15:52:21.221;DPW.O.241212.BER.000011;STANDARD_OPTION_STRATEGY;BLOCK;EUR;16;0.53000000;2000;EXCHANGE_LAST;;2;1;XEUR;72059505298414188;445;
12.12.2024;15:52:21.221;DPW SI 20241220 PS AM P 36.00 0;SIMPLE_INSTRUMENT;BLOCK;EUR;16;0.76000000;2000;PRC_DECOMP_EXCHANGE;;;;XEUR;4643148;445;EXCHANGE
12.12.2024;15:52:21.221;DPW SI 20241220 PS AM P 35.00 0;SIMPLE_INSTRUMENT;BLOCK;EUR;16;0.23000000;2000;PRC_DECOMP_EXCHANGE;;;;XEUR;11878630;445;EXCHANGE
12.12.2024;10:17:33.096;DSYH SI 20241220 CS;SIMPLE_INSTRUMENT;BLOCK;EUR;21;35.16400000;2500;EXCHANGE_LAST;;1;1;XEUR;7057401;414630;
12.12.2024;14:33:29.738;DTGF SI 20241220 CS;SIMPLE_INSTRUMENT;BLOCK;EUR;92;37.42750000;5000;EXCHANGE_LAST;;1;1;XEUR;7280801;455940;
12.12.2024;13:50:30.998;DUFN SI 20250620 PS AM C 36.00 0;SIMPLE_INSTRUMENT;BLOCK;CHF;42;3.73000000;300;EXCHANGE_LAST;;1;1;XEUR;9544828;418;
12.12.2024;11:43:52.520;DVCG.S.DEC24.JAN25.SPD;FUTURES_SPREAD;BLOCK;EUR;54;-0.01700000;1400;EXCHANGE_LAST;;1;1;XEUR;72280391171440734;51874;
12.12.2024;11:43:52.520;DVCG SI 20241219 CS;SIMPLE_INSTRUMENT;BLOCK;EUR;54;6.17430000;1400;PRC_DECOMP_EXCHANGE;;;;XEUR;7029787;51874;EXCHANGE
12.12.2024;11:43:52.520;DVCG SI 20250116 CS;SIMPLE_INSTRUMENT;BLOCK;EUR;54;6.19130000;1400;PRC_DECOMP_EXCHANGE;;;;XEUR;10385716;51874;EXCHANGE
12.12.2024;09:23:13.362;E2NT SI 20241220 CS;SIMPLE_INSTRUMENT;BLOCK;EUR;6;0.97000000;4388;EXCHANGE_LAST;;1;1;XEUR;3629727;470;
12.12.2024;11:44:43.629;E2NT SI 20261218 CS;SIMPLE_INSTRUMENT;BLOCK;EUR;53;0.96000000;800;EXCHANGE_LAST;;1;2;XEUR;4632357;470;
12.12.2024;12:14:10.932;E2NT SI 20250321 CS;SIMPLE_INSTRUMENT;BLOCK;EUR;61;0.00100000;3480;EXCHANGE_LAST;;1;1;XEUR;10403429;470;
12.12.2024;12:28:36.159;E2NT SI 20271217 CS;SIMPLE_INSTRUMENT;BLOCK;EUR;62;0.88000000;250;EXCHANGE_LAST;;1;1;XEUR;5914575;470;
12.12.2024;16:25:28.458;EADP SI 20250321 PS;SIMPLE_INSTRUMENT;BLOCK;EUR;118;160.48000000;1750;EXCHANGE_LAST;;1;1;XEUR;10725394;124301;
12.12.2024;09:07:46.335;ENL5 SI 20241219 PS AM P 6.80 0;SIMPLE_INSTRUMENT;BLOCK;EUR;1;0.02200000;1500;EXCHANGE_LAST;;1;1;XEUR;10381201;500;
12.12.2024;13:24:50.667;ENR SI 20241220 PS AM C 50.00 0;SIMPLE_INSTRUMENT;BLOCK;EUR;8;1.38000000;500;EXCHANGE_LAST;;1;1;XEUR;12193178;298530;
12.12.2024;16:33:29.650;ENR SI 20250221 PS AM C 56.00 0;SIMPLE_INSTRUMENT;BLOCK;EUR;19;1.71000000;1000;EXCHANGE_LAST;;1;1;XEUR;12273415;298530;
12.12.2024;16:33:30.884;ENR SI 20250117 PS AM P 42.00 0;SIMPLE_INSTRUMENT;BLOCK;EUR;20;0.46000000;1000;EXCHANGE_LAST;;1;1;XEUR;12103167;298530;
12.12.2024;16:33:32.955;ENR SI 20250117 PS AM P 48.00 0;SIMPLE_INSTRUMENT;BLOCK;EUR;21;2.05000000;1000;EXCHANGE_LAST;;1;1;XEUR;12193185;298530;
12.12.2024;09:22:57.867;ENTH SI 20241219 CS;SIMPLE_INSTRUMENT;BLOCK;EUR;5;13.49630000;10000;EXCHANGE_LAST;;1;1;XEUR;7935776;524973;
12.12.2024;12:13:01.125;ENTH.S.DEC24.MAR25.SPD;FUTURES_SPREAD;BLOCK;EUR;59;-0.10850000;8000;EXCHANGE_LAST;;1;1;XEUR;74312335904210985;524973;
12.12.2024;12:13:01.125;ENTH SI 20241219 CS;SIMPLE_INSTRUMENT;BLOCK;EUR;59;13.38620000;8000;PRC_DECOMP_EXCHANGE;;;;XEUR;7935776;524973;EXCHANGE
12.12.2024;12:13:01.125;ENTH SI 20250320 CS;SIMPLE_INSTRUMENT;BLOCK;EUR;59;13.49470000;8000;PRC_DECOMP_EXCHANGE;;;;XEUR;10690793;524973;EXCHANGE
12.12.2024;12:38:06.964;ENTQ.S.DEC24.MAR25.SPD;FUTURES_SPREAD;BLOCK;EUR;77;-0.10850000;2000;EXCHANGE_LAST;;1;1;XEUR;74312280069636126;524960;
12.12.2024;12:38:06.964;ENTQ SI 20250320 PS;SIMPLE_INSTRUMENT;BLOCK;EUR;77;13.49470000;2000;PRC_DECOMP_MEMBER;;;;XEUR;10690791;524960;MEMBER
12.12.2024;12:38:06.964;ENTQ SI 20241219 PS;SIMPLE_INSTRUMENT;BLOCK;EUR;77;13.38620000;2000;PRC_DECOMP_MEMBER;;;;XEUR;7935615;524960;MEMBER
12.12.2024;09:30:40.149;F3TE SI 20241220 CS;SIMPLE_INSTRUMENT;BLOCK;EUR;11;0.72000000;4413;EXCHANGE_LAST;;1;2;XEUR;6633907;390379;
12.12.2024;10:18:52.613;F3TE SI 20241220 CS;SIMPLE_INSTRUMENT;BLOCK;EUR;23;0.72000000;7060;EXCHANGE_LAST;;1;1;XEUR;6633907;390379;
12.12.2024;12:22:52.350;F3TE SI 20291221 CS;SIMPLE_INSTRUMENT;BLOCK;EUR;65;0.53200000;150;EXCHANGE_LAST;;1;1;XEUR;8422832;390379;
12.12.2024;12:25:11.946;F3TE SI 20251219 CS;SIMPLE_INSTRUMENT;BLOCK;EUR;66;0.72700000;250;EXCHANGE_LAST;;1;1;XEUR;6633903;390379;
12.12.2024;12:25:36.039;F3TE SI 20251219 CS;SIMPLE_INSTRUMENT;BLOCK;EUR;68;0.72800000;250;EXCHANGE_LAST;;1;1;XEUR;6633903;390379;
12.12.2024;16:47:08.420;FATX SI 20241220 CS;SIMPLE_INSTRUMENT;EFP_IDX;EUR;19;3642.50000000;17;EXCHANGE_LAST;;1;1;XEUR;10863639;28699;
12.12.2024;08:17:43.776;FBTP SI 20250306 PS;SIMPLE_INSTRUMENT;EFP_FIN;EUR;1;122.63000000;371;EXCHANGE_LAST;;1;1;XEUR;11286675;636;
12.12.2024;09:12:37.979;FBTP SI 20250306 PS;SIMPLE_INSTRUMENT;EFP_FIN;EUR;2;122.70000000;444;EXCHANGE_LAST;;1;1;XEUR;11286675;636;
12.12.2024;09:35:58.069;FBTP SI 20250306 PS;SIMPLE_INSTRUMENT;BLOCK;EUR;3;122.62000000;1100;EXCHANGE_LAST;;1;1;XEUR;11286675;636;
12.12.2024;09:42:53.692;FBTP SI 20250306 PS;SIMPLE_INSTRUMENT;EFP_FIN;EUR;4;122.64000000;276;EXCHANGE_LAST;;1;1;XEUR;11286675;636;
12.12.2024;09:48:51.971;FBTP SI 20250306 PS;SIMPLE_INSTRUMENT;EFP_FIN;EUR;5;122.64000000;260;EXCHANGE_LAST;;1;1;XEUR;11286675;636;
12.12.2024;09:58:50.248;FBTP SI 20250306 PS;SIMPLE_INSTRUMENT;EFP_FIN;EUR;6;122.56000000;183;EXCHANGE_LAST;;1;1;XEUR;11286675;636;
12.12.2024;10:04:04.830;FBTP SI 20250306 PS;SIMPLE_INSTRUMENT;EFP_FIN;EUR;8;122.72000000;192;EXCHANGE_LAST;;1;1;XEUR;11286675;636;
12.12.2024;10:30:08.316;FBTP SI 20250306 PS;SIMPLE_INSTRUMENT;EFP_FIN;EUR;9;122.50000000;519;EXCHANGE_LAST;;1;1;XEUR;11286675;636;
12.12.2024;10:41:22.872;FBTP SI 20250306 PS;SIMPLE_INSTRUMENT;EFP_FIN;EUR;10;122.55000000;138;EXCHANGE_LAST;;1;1;XEUR;11286675;636;
12.12.2024;11:01:21.646;FBTP SI 20250306 PS;SIMPLE_INSTRUMENT;EFP_FIN;EUR;11;122.54000000;286;EXCHANGE_LAST;;1;1;XEUR;11286675;636;
12.12.2024;11:05:41.792;FBTP SI 20250306 PS;SIMPLE_INSTRUMENT;EFP_FIN;EUR;12;122.54000000;224;EXCHANGE_LAST;;1;1;XEUR;11286675;636;
12.12.2024;11:19:47.885;FBTP SI 20250306 PS;SIMPLE_INSTRUMENT;EFP_FIN;EUR;13;122.59000000;65;EXCHANGE_LAST;;1;1;XEUR;11286675;636;
12.12.2024;11:19:12.564;FBTP SI 20250306 PS;SIMPLE_INSTRUMENT;EFP_FIN;EUR;14;122.59000000;143;EXCHANGE_LAST;;1;1;XEUR;11286675;636;
12.12.2024;11:24:46.982;FBTP SI 20250306 PS;SIMPLE_INSTRUMENT;EFP_FIN;EUR;15;122.58000000;97;EXCHANGE_LAST;;1;1;XEUR;11286675;636;
12.12.2024;11:31:02.324;FBTP SI 20250306 PS;SIMPLE_INSTRUMENT;EFP_FIN;EUR;16;122.58000000;92;EXCHANGE_LAST;;1;1;XEUR;11286675;636;
12.12.2024;11:35:02.883;FBTP SI 20250306 PS;SIMPLE_INSTRUMENT;EFP_FIN;EUR;17;122.58000000;92;EXCHANGE_LAST;;1;1;XEUR;11286675;636;
12.12.2024;11:43:10.949;FBTP SI 20250306 PS;SIMPLE_INSTRUMENT;EFP_FIN;EUR;18;122.56000000;179;EXCHANGE_LAST;;1;1;XEUR;11286675;636;
12.12.2024;11:45:01.133;FBTP SI 20250306 PS;SIMPLE_INSTRUMENT;EFP_FIN;EUR;19;122.57000000;199;EXCHANGE_LAST;;1;1;XEUR;11286675;636;
12.12.2024;11:51:33.259;FBTP SI 20250306 PS;SIMPLE_INSTRUMENT;BLOCK;EUR;20;122.57000000;448;EXCHANGE_LAST;;1;1;XEUR;11286675;636;
12.12.2024;12:17:32.842;FBTP SI 20250306 PS;SIMPLE_INSTRUMENT;EFP_FIN;EUR;21;122.62000000;278;EXCHANGE_LAST;;1;1;XEUR;11286675;636;
12.12.2024;12:20:15.851;FBTP SI 20250306 PS;SIMPLE_INSTRUMENT;EFP_FIN;EUR;22;122.62000000;278;EXCHANGE_LAST;;1;1;XEUR;11286675;636;
12.12.2024;12:54:47.653;FBTP SI 20250306 PS;SIMPLE_INSTRUMENT;EFP_FIN;EUR;23;122.60000000;82;EXCHANGE_LAST;;1;1;XEUR;11286675;636;
12.12.2024;14:41:02.753;FBTP SI 20250306 PS;SIMPLE_INSTRUMENT;EFP_FIN;EUR;24;122.56000000;240;EXCHANGE_LAST;;1;1;XEUR;11286675;636;
12.12.2024;15:25:11.413;FBTP SI 20250306 PS;SIMPLE_INSTRUMENT;EFP_FIN;EUR;25;122.09000000;1606;EXCHANGE_LAST;;1;1;XEUR;11286675;636;
12.12.2024;15:30:45.323;FBTP SI 20250306 PS;SIMPLE_INSTRUMENT;EFS;EUR;26;122.25000000;545;EXCHANGE_LAST;;1;1;XEUR;11286675;636;
12.12.2024;15:47:18.368;FBTP SI 20250306 PS;SIMPLE_INSTRUMENT;EFP_FIN;EUR;27;122.19000000;410;EXCHANGE_LAST;;1;1;XEUR;11286675;636;
12.12.2024;15:54:40.512;FBTP SI 20250306 PS;SIMPLE_INSTRUMENT;EFP_FIN;EUR;28;122.10000000;74;EXCHANGE_LAST;;1;1;XEUR;11286675;636;
12.12.2024;16:17:33.398;FBTP SI 20250306 PS;SIMPLE_INSTRUMENT;EFP_FIN;EUR;29;122.08000000;317;EXCHANGE_LAST;;1;1;XEUR;11286675;636;
12.12.2024;16:34:53.036;FBTP SI 20250306 PS;SIMPLE_INSTRUMENT;EFP_FIN;EUR;30;122.56000000;92;EXCHANGE_LAST;;1;1;XEUR;11286675;636;
12.12.2024;16:35:11.878;FBTP SI 20250306 PS;SIMPLE_INSTRUMENT;EFP_FIN;EUR;31;121.95000000;144;EXCHANGE_LAST;;1;1;XEUR;11286675;636;
12.12.2024;09:14:37.404;FBTS SI 20250306 PS;SIMPLE_INSTRUMENT;EFP_FIN;EUR;6;107.91000000;309;EXCHANGE_LAST;;1;1;XEUR;11286677;639;
12.12.2024;10:00:32.349;FBTS SI 20250306 PS;SIMPLE_INSTRUMENT;EFS;EUR;7;107.82000000;1278;EXCHANGE_LAST;;1;1;XEUR;11286677;639;
12.12.2024;10:36:25.244;FBTS SI 20250306 PS;SIMPLE_INSTRUMENT;BLOCK;EUR;9;107.82000000;1052;EXCHANGE_LAST;;1;1;XEUR;11286677;639;
12.12.2024;10:45:26.166;FBTS SI 20250306 PS;SIMPLE_INSTRUMENT;EFP_FIN;EUR;10;107.89000000;908;EXCHANGE_LAST;;1;1;XEUR;11286677;639;
12.12.2024;11:35:45.792;FBTS SI 20250306 PS;SIMPLE_INSTRUMENT;EFP_FIN;EUR;14;107.83000000;470;EXCHANGE_LAST;;1;1;XEUR;11286677;639;
12.12.2024;11:55:28.571;FBTS SI 20250306 PS;SIMPLE_INSTRUMENT;EFP_FIN;EUR;15;107.86000000;908;EXCHANGE_LAST;;1;1;XEUR;11286677;639;
12.12.2024;12:19:50.899;FBTS SI 20250306 PS;SIMPLE_INSTRUMENT;EFP_FIN;EUR;16;107.83000000;908;EXCHANGE_LAST;;1;1;XEUR;11286677;639;
12.12.2024;12:37:53.064;FBTS SI 20250306 PS;SIMPLE_INSTRUMENT;BLOCK;EUR;17;107.83000000;454;EXCHANGE_LAST;;1;1;XEUR;11286677;639;
12.12.2024;12:46:01.934;FBTS SI 20250306 PS;SIMPLE_INSTRUMENT;EFS;EUR;18;107.84000000;2334;EXCHANGE_LAST;;1;1;XEUR;11286677;639;
12.12.2024;13:33:14.769;FBTS SI 20250306 PS;SIMPLE_INSTRUMENT;EFP_FIN;EUR;21;107.92000000;454;EXCHANGE_LAST;;1;1;XEUR;11286677;639;
12.12.2024;15:03:00.503;FBTS SI 20250306 PS;SIMPLE_INSTRUMENT;BLOCK;EUR;24;107.80000000;1462;EXCHANGE_LAST;;1;1;XEUR;11286677;639;
12.12.2024;15:11:13.795;FBTS SI 20250306 PS;SIMPLE_INSTRUMENT;EFP_FIN;EUR;26;107.87000000;272;EXCHANGE_LAST;;1;1;XEUR;11286677;639;
12.12.2024;15:57:57.508;FBTS SI 20250306 PS;SIMPLE_INSTRUMENT;EFP_FIN;EUR;29;107.74000000;343;EXCHANGE_LAST;;1;1;XEUR;11286677;639;
12.12.2024;16:30:00.921;FBTS SI 20250306 PS;SIMPLE_INSTRUMENT;EFP_FIN;EUR;30;107.67000000;454;EXCHANGE_LAST;;1;1;XEUR;11286677;639;
12.12.2024;17:42:43.839;FCEF SI 20241216 PS;SIMPLE_INSTRUMENT;BLOCK;CHF;15;0.92750000;327;EXCHANGE_LAST;;1;1;XEUR;7140359;369374;
12.12.2024;17:45:14.740;FCEF SI 20241216 PS;SIMPLE_INSTRUMENT;BLOCK;CHF;16;0.92750000;327;EXCHANGE_LAST;;1;1;XEUR;7140359;369374;
12.12.2024;17:47:23.465;FCEF SI 20250317 PS;SIMPLE_INSTRUMENT;BLOCK;CHF;17;0.92200000;327;EXCHANGE_LAST;;1;1;XEUR;9136227;369374;
12.12.2024;17:49:15.245;FCEF SI 20250317 PS;SIMPLE_INSTRUMENT;BLOCK;CHF;18;0.92200000;327;EXCHANGE_LAST;;1;1;XEUR;9136227;369374;
12.12.2024;17:19:09.981;FCEP SI 20241216 PS;SIMPLE_INSTRUMENT;BLOCK;GBP;11;0.82550000;104;EXCHANGE_LAST;;1;1;XEUR;7140362;369375;
12.12.2024;17:21:56.914;FCEP SI 20241216 PS;SIMPLE_INSTRUMENT;BLOCK;GBP;12;0.82550000;104;EXCHANGE_LAST;;1;1;XEUR;7140362;369375;
12.12.2024;17:25:57.422;FCEP SI 20250317 PS;SIMPLE_INSTRUMENT;BLOCK;GBP;13;0.82933000;104;EXCHANGE_LAST;;1;1;XEUR;9136226;369375;
12.12.2024;17:27:58.971;FCEP SI 20250317 PS;SIMPLE_INSTRUMENT;BLOCK;GBP;14;0.82933000;104;EXCHANGE_LAST;;1;1;XEUR;9136226;369375;
12.12.2024;09:09:55.749;FCEU SI 20241216 PS;SIMPLE_INSTRUMENT;BLOCK;USD;1;1.05100000;21173;EXCHANGE_LAST;;1;1;XEUR;7140363;369376;
12.12.2024;09:10:57.144;FCEU SI 20250317 PS;SIMPLE_INSTRUMENT;BLOCK;USD;2;1.05535000;21173;EXCHANGE_LAST;;1;1;XEUR;9136240;369376;
12.12.2024;10:48:07.575;FCEU SI 20250317 PS;SIMPLE_INSTRUMENT;BLOCK;USD;5;1.05450000;220;EXCHANGE_LAST;;1;1;XEUR;9136240;369376;
12.12.2024;16:58:42.889;FCEU SI 20241216 PS;SIMPLE_INSTRUMENT;BLOCK;USD;9;1.05100000;1326;EXCHANGE_LAST;;1;1;XEUR;7140363;369376;
12.12.2024;16:59:29.960;FCEU SI 20250317 PS;SIMPLE_INSTRUMENT;BLOCK;USD;10;1.05534000;1326;EXCHANGE_LAST;;1;1;XEUR;9136240;369376;
12.12.2024;08:08:01.345;FCIN SI 20241230 CS;SIMPLE_INSTRUMENT;BLOCK;USD;1;146.22000000;14;EXCHANGE_LAST;;1;1;XEUR;4680363;580;
12.12.2024;13:03:54.595;FCZU SI 20250317 CS;SIMPLE_INSTRUMENT;BLOCK;USD;8;0.05600000;80;EXCHANGE_LAST;;1;1;XEUR;11329546;570872;
12.12.2024;16:44:05.725;FDAX SI 20241220 CS;SIMPLE_INSTRUMENT;BLOCK;EUR;1;20445.00000000;250;EXCHANGE_LAST;;1;1;XEUR;7296065;589;
12.12.2024;16:52:04.459;FDAX SI 20241220 CS;SIMPLE_INSTRUMENT;EFP_IDX;EUR;2;20445.00000000;100;EXCHANGE_LAST;;1;1;XEUR;7296065;589;
12.12.2024;10:35:22.378;FECX SI 20250321 CS;SIMPLE_INSTRUMENT;BLOCK;EUR;16;167.65000000;61;EXCHANGE_LAST;;1;1;XEUR;11427948;410158;
12.12.2024;16:03:20.575;FECX SI 20250321 CS;SIMPLE_INSTRUMENT;BLOCK;EUR;71;167.53000000;55;EXCHANGE_LAST;;1;1;XEUR;11427948;410158;
12.12.2024;09:56:35.558;FEDV.S.DEC24.MAR25.SPD;FUTURES_SPREAD;BLOCK;EUR;7;-11.00000000;3700;EXCHANGE_LAST;;1;2;XEUR;72060153838436444;596;
12.12.2024;09:56:35.558;FEDV SI 20241220 CS;SIMPLE_INSTRUMENT;BLOCK;EUR;7;1636.00000000;3700;PRC_DECOMP_MEMBER;;;;XEUR;10838883;596;MEMBER
12.12.2024;09:56:35.558;FEDV SI 20250321 CS;SIMPLE_INSTRUMENT;BLOCK;EUR;7;1647.00000000;3700;PRC_DECOMP_MEMBER;;;;XEUR;11359068;596;MEMBER
12.12.2024;09:56:47.747;FEDV.S.DEC24.MAR25.SPD;FUTURES_SPREAD;BLOCK;EUR;8;-11.50000000;3700;EXCHANGE_LAST;;1;2;XEUR;72060153838436444;596;
12.12.2024;09:56:47.747;FEDV SI 20241220 CS;SIMPLE_INSTRUMENT;BLOCK;EUR;8;1636.00000000;3700;PRC_DECOMP_MEMBER;;;;XEUR;10838883;596;MEMBER
12.12.2024;09:56:47.747;FEDV SI 20250321 CS;SIMPLE_INSTRUMENT;BLOCK;EUR;8;1647.50000000;3700;PRC_DECOMP_MEMBER;;;;XEUR;11359068;596;MEMBER
12.12.2024;10:26:33.717;FEDV.S.DEC24.MAR25.SPD;FUTURES_SPREAD;BLOCK;EUR;14;-11.00000000;1000;EXCHANGE_LAST;;1;1;XEUR;72060153838436444;596;
12.12.2024;10:26:33.717;FEDV SI 20250321 CS;SIMPLE_INSTRUMENT;BLOCK;EUR;14;1647.00000000;1000;PRC_DECOMP_MEMBER;;;;XEUR;11359068;596;MEMBER
12.12.2024;10:26:33.717;FEDV SI 20241220 CS;SIMPLE_INSTRUMENT;BLOCK;EUR;14;1636.00000000;1000;PRC_DECOMP_MEMBER;;;;XEUR;10838883;596;MEMBER
12.12.2024;10:27:00.367;FEDV.S.DEC24.MAR25.SPD;FUTURES_SPREAD;BLOCK;EUR;15;-11.50000000;1000;EXCHANGE_LAST;;1;1;XEUR;72060153838436444;596;
12.12.2024;10:27:00.367;FEDV SI 20250321 CS;SIMPLE_INSTRUMENT;BLOCK;EUR;15;1647.50000000;1000;PRC_DECOMP_MEMBER;;;;XEUR;11359068;596;MEMBER
12.12.2024;10:27:00.367;FEDV SI 20241220 CS;SIMPLE_INSTRUMENT;BLOCK;EUR;15;1636.00000000;1000;PRC_DECOMP_MEMBER;;;;XEUR;10838883;596;MEMBER
12.12.2024;10:31:11.664;FEDV.S.DEC24.MAR25.SPD;FUTURES_SPREAD;BLOCK;EUR;17;-11.50000000;1000;EXCHANGE_LAST;;1;1;XEUR;72060153838436444;596;
12.12.2024;10:31:11.664;FEDV SI 20250321 CS;SIMPLE_INSTRUMENT;BLOCK;EUR;17;1651.50000000;1000;PRC_DECOMP_EXCHANGE;;;;XEUR;11359068;596;EXCHANGE
12.12.2024;10:31:11.664;FEDV SI 20241220 CS;SIMPLE_INSTRUMENT;BLOCK;EUR;17;1640.00000000;1000;PRC_DECOMP_EXCHANGE;;;;XEUR;10838883;596;EXCHANGE
12.12.2024;10:31:25.904;FEDV.S.DEC24.MAR25.SPD;FUTURES_SPREAD;BLOCK;EUR;18;-11.00000000;1000;EXCHANGE_LAST;;1;1;XEUR;72060153838436444;596;
12.12.2024;10:31:25.904;FEDV SI 20241220 CS;SIMPLE_INSTRUMENT;BLOCK;EUR;18;1640.50000000;1000;PRC_DECOMP_EXCHANGE;;;;XEUR;10838883;596;EXCHANGE
12.12.2024;10:31:25.904;FEDV SI 20250321 CS;SIMPLE_INSTRUMENT;BLOCK;EUR;18;1651.50000000;1000;PRC_DECOMP_EXCHANGE;;;;XEUR;11359068;596;EXCHANGE
12.12.2024;11:28:59.209;FEDV.S.DEC24.MAR25.SPD;FUTURES_SPREAD;BLOCK;EUR;25;-11.50000000;500;EXCHANGE_LAST;;1;1;XEUR;72060153838436444;596;
12.12.2024;11:28:59.209;FEDV SI 20250321 CS;SIMPLE_INSTRUMENT;BLOCK;EUR;25;1647.50000000;500;PRC_DECOMP_MEMBER;;;;XEUR;11359068;596;MEMBER
12.12.2024;11:28:59.209;FEDV SI 20241220 CS;SIMPLE_INSTRUMENT;BLOCK;EUR;25;1636.00000000;500;PRC_DECOMP_MEMBER;;;;XEUR;10838883;596;MEMBER
12.12.2024;11:29:33.137;FEDV.S.DEC24.MAR25.SPD;FUTURES_SPREAD;BLOCK;EUR;26;-11.00000000;500;EXCHANGE_LAST;;1;1;XEUR;72060153838436444;596;
12.12.2024;11:29:33.137;FEDV SI 20241220 CS;SIMPLE_INSTRUMENT;BLOCK;EUR;26;1636.00000000;500;PRC_DECOMP_MEMBER;;;;XEUR;10838883;596;MEMBER
12.12.2024;11:29:33.137;FEDV SI 20250321 CS;SIMPLE_INSTRUMENT;BLOCK;EUR;26;1647.00000000;500;PRC_DECOMP_MEMBER;;;;XEUR;11359068;596;MEMBER
12.12.2024;11:38:32.953;FEDV.S.DEC24.MAR25.SPD;FUTURES_SPREAD;BLOCK;EUR;28;-11.50000000;2000;EXCHANGE_LAST;;1;2;XEUR;72060153838436444;596;
12.12.2024;11:38:32.953;FEDV SI 20250321 CS;SIMPLE_INSTRUMENT;BLOCK;EUR;28;1651.00000000;2000;PRC_DECOMP_EXCHANGE;;;;XEUR;11359068;596;EXCHANGE
12.12.2024;11:38:32.953;FEDV SI 20241220 CS;SIMPLE_INSTRUMENT;BLOCK;EUR;28;1639.50000000;2000;PRC_DECOMP_EXCHANGE;;;;XEUR;10838883;596;EXCHANGE
12.12.2024;11:41:47.470;FEDV.S.DEC24.MAR25.SPD;FUTURES_SPREAD;BLOCK;EUR;29;-11.00000000;2000;EXCHANGE_LAST;;1;2;XEUR;72060153838436444;596;
12.12.2024;11:41:47.470;FEDV SI 20241220 CS;SIMPLE_INSTRUMENT;BLOCK;EUR;29;1639.50000000;2000;PRC_DECOMP_EXCHANGE;;;;XEUR;10838883;596;EXCHANGE
12.12.2024;11:41:47.470;FEDV SI 20250321 CS;SIMPLE_INSTRUMENT;BLOCK;EUR;29;1650.50000000;2000;PRC_DECOMP_EXCHANGE;;;;XEUR;11359068;596;EXCHANGE
12.12.2024;11:43:48.810;FEDV.S.DEC24.MAR25.SPD;FUTURES_SPREAD;BLOCK;EUR;30;-11.00000000;1750;EXCHANGE_LAST;;1;1;XEUR;72060153838436444;596;
12.12.2024;11:43:48.810;FEDV SI 20241220 CS;SIMPLE_INSTRUMENT;BLOCK;EUR;30;1639.50000000;1750;PRC_DECOMP_EXCHANGE;;;;XEUR;10838883;596;EXCHANGE
12.12.2024;11:43:48.810;FEDV SI 20250321 CS;SIMPLE_INSTRUMENT;BLOCK;EUR;30;1650.50000000;1750;PRC_DECOMP_EXCHANGE;;;;XEUR;11359068;596;EXCHANGE
12.12.2024;11:43:59.455;FEDV.S.DEC24.MAR25.SPD;FUTURES_SPREAD;BLOCK;EUR;31;-11.50000000;1750;EXCHANGE_LAST;;1;1;XEUR;72060153838436444;596;
12.12.2024;11:43:59.455;FEDV SI 20241220 CS;SIMPLE_INSTRUMENT;BLOCK;EUR;31;1639.50000000;1750;PRC_DECOMP_MEMBER;;;;XEUR;10838883;596;MEMBER
12.12.2024;11:43:59.455;FEDV SI 20250321 CS;SIMPLE_INSTRUMENT;BLOCK;EUR;31;1651.00000000;1750;PRC_DECOMP_MEMBER;;;;XEUR;11359068;596;MEMBER
12.12.2024;12:00:58.812;FEDV.S.DEC24.MAR25.SPD;FUTURES_SPREAD;BLOCK;EUR;34;-11.00000000;750;EXCHANGE_LAST;;1;1;XEUR;72060153838436444;596;
12.12.2024;12:00:58.812;FEDV SI 20241220 CS;SIMPLE_INSTRUMENT;BLOCK;EUR;34;1639.50000000;750;PRC_DECOMP_MEMBER;;;;XEUR;10838883;596;MEMBER
12.12.2024;12:00:58.812;FEDV SI 20250321 CS;SIMPLE_INSTRUMENT;BLOCK;EUR;34;1650.50000000;750;PRC_DECOMP_MEMBER;;;;XEUR;11359068;596;MEMBER
12.12.2024;12:01:27.068;FEDV.S.DEC24.MAR25.SPD;FUTURES_SPREAD;BLOCK;EUR;35;-11.50000000;750;EXCHANGE_LAST;;1;1;XEUR;72060153838436444;596;
12.12.2024;12:01:27.068;FEDV SI 20250321 CS;SIMPLE_INSTRUMENT;BLOCK;EUR;35;1651.00000000;750;PRC_DECOMP_MEMBER;;;;XEUR;11359068;596;MEMBER
12.12.2024;12:01:27.068;FEDV SI 20241220 CS;SIMPLE_INSTRUMENT;BLOCK;EUR;35;1639.50000000;750;PRC_DECOMP_MEMBER;;;;XEUR;10838883;596;MEMBER
12.12.2024;12:22:25.825;FEDV.S.DEC24.MAR25.SPD;FUTURES_SPREAD;BLOCK;EUR;36;-11.50000000;875;EXCHANGE_LAST;;1;1;XEUR;72060153838436444;596;
12.12.2024;12:22:25.825;FEDV SI 20250321 CS;SIMPLE_INSTRUMENT;BLOCK;EUR;36;1651.00000000;875;PRC_DECOMP_EXCHANGE;;;;XEUR;11359068;596;EXCHANGE
12.12.2024;12:22:25.825;FEDV SI 20241220 CS;SIMPLE_INSTRUMENT;BLOCK;EUR;36;1639.50000000;875;PRC_DECOMP_EXCHANGE;;;;XEUR;10838883;596;EXCHANGE
12.12.2024;12:22:36.599;FEDV.S.DEC24.MAR25.SPD;FUTURES_SPREAD;BLOCK;EUR;37;-11.00000000;875;EXCHANGE_LAST;;1;1;XEUR;72060153838436444;596;
12.12.2024;12:22:36.599;FEDV SI 20250321 CS;SIMPLE_INSTRUMENT;BLOCK;EUR;37;1651.00000000;875;PRC_DECOMP_EXCHANGE;;;;XEUR;11359068;596;EXCHANGE
12.12.2024;12:22:36.599;FEDV SI 20241220 CS;SIMPLE_INSTRUMENT;BLOCK;EUR;37;1640.00000000;875;PRC_DECOMP_EXCHANGE;;;;XEUR;10838883;596;EXCHANGE
12.12.2024;16:00:30.568;FEDV SI 20241220 CS;SIMPLE_INSTRUMENT;BLOCK;EUR;60;1629.00000000;150;EXCHANGE_LAST;;1;1;XEUR;10838883;596;
12.12.2024;12:26:59.567;FEHY SI 20241220 CS;SIMPLE_INSTRUMENT;BLOCK;EUR;38;294.22000000;160;EXCHANGE_LAST;;1;1;XEUR;10921067;574047;
12.12.2024;12:26:50.566;FEHY SI 20250321 CS;SIMPLE_INSTRUMENT;BLOCK;EUR;39;296.52000000;160;EXCHANGE_LAST;;1;1;XEUR;11428365;574047;
12.12.2024;13:19:01.695;FEHY.S.DEC24.MAR25.SPD;FUTURES_SPREAD;BLOCK;EUR;41;-2.42000000;4214;EXCHANGE_LAST;;1;1;XEUR;74523107129294864;574047;
12.12.2024;13:19:01.695;FEHY SI 20250321 CS;SIMPLE_INSTRUMENT;BLOCK;EUR;41;296.72000000;4214;PRC_DECOMP_EXCHANGE;;;;XEUR;11428365;574047;EXCHANGE
12.12.2024;13:19:01.695;FEHY SI 20241220 CS;SIMPLE_INSTRUMENT;BLOCK;EUR;41;294.30000000;4214;PRC_DECOMP_EXCHANGE;;;;XEUR;10921067;574047;EXCHANGE
12.12.2024;13:19:19.670;FEHY.S.DEC24.MAR25.SPD;FUTURES_SPREAD;BLOCK;EUR;42;-2.42000000;221;EXCHANGE_LAST;;1;1;XEUR;74523107129294864;574047;
12.12.2024;13:19:19.670;FEHY SI 20250321 CS;SIMPLE_INSTRUMENT;BLOCK;EUR;42;296.72000000;221;PRC_DECOMP_EXCHANGE;;;;XEUR;11428365;574047;EXCHANGE
12.12.2024;13:19:19.670;FEHY SI 20241220 CS;SIMPLE_INSTRUMENT;BLOCK;EUR;42;294.30000000;221;PRC_DECOMP_EXCHANGE;;;;XEUR;10921067;574047;EXCHANGE
12.12.2024;10:54:24.739;FESB.S.DEC24.MAR25.SPD;FUTURES_SPREAD;BLOCK;EUR;110;-0.46000000;4301;EXCHANGE_LAST;;1;1;XEUR;72060192493142108;605;
12.12.2024;10:54:24.739;FESB SI 20250321 CS;SIMPLE_INSTRUMENT;BLOCK;EUR;110;147.40000000;4301;PRC_DECOMP_EXCHANGE;;;;XEUR;11359072;605;EXCHANGE
12.12.2024;10:54:24.739;FESB SI 20241220 CS;SIMPLE_INSTRUMENT;BLOCK;EUR;110;146.94000000;4301;PRC_DECOMP_EXCHANGE;;;;XEUR;10838895;605;EXCHANGE
12.12.2024;10:54:28.694;FESB.S.DEC24.MAR25.SPD;FUTURES_SPREAD;BLOCK;EUR;111;-0.48000000;4300;EXCHANGE_LAST;;1;1;XEUR;72060192493142108;605;
12.12.2024;10:54:28.694;FESB SI 20241220 CS;SIMPLE_INSTRUMENT;BLOCK;EUR;111;146.92000000;4300;PRC_DECOMP_EXCHANGE;;;;XEUR;10838895;605;EXCHANGE
12.12.2024;10:54:28.694;FESB SI 20250321 CS;SIMPLE_INSTRUMENT;BLOCK;EUR;111;147.40000000;4300;PRC_DECOMP_EXCHANGE;;;;XEUR;11359072;605;EXCHANGE
12.12.2024;12:02:45.604;FESB.S.DEC24.MAR25.SPD;FUTURES_SPREAD;BLOCK;EUR;118;-0.48000000;4500;EXCHANGE_LAST;;2;1;XEUR;72060192493142108;605;
12.12.2024;12:02:45.604;FESB SI 20241220 CS;SIMPLE_INSTRUMENT;BLOCK;EUR;118;147.17000000;4500;PRC_DECOMP_EXCHANGE;;;;XEUR;10838895;605;EXCHANGE
12.12.2024;12:02:45.604;FESB SI 20250321 CS;SIMPLE_INSTRUMENT;BLOCK;EUR;118;147.65000000;4500;PRC_DECOMP_EXCHANGE;;;;XEUR;11359072;605;EXCHANGE
12.12.2024;12:03:00.334;FESB.S.DEC24.MAR25.SPD;FUTURES_SPREAD;BLOCK;EUR;119;-0.46000000;4500;EXCHANGE_LAST;;2;1;XEUR;72060192493142108;605;
12.12.2024;12:03:00.334;FESB SI 20241220 CS;SIMPLE_INSTRUMENT;BLOCK;EUR;119;147.19000000;4500;PRC_DECOMP_EXCHANGE;;;;XEUR;10838895;605;EXCHANGE
12.12.2024;12:03:00.334;FESB SI 20250321 CS;SIMPLE_INSTRUMENT;BLOCK;EUR;119;147.65000000;4500;PRC_DECOMP_EXCHANGE;;;;XEUR;11359072;605;EXCHANGE
12.12.2024;12:12:52.861;FESB.S.DEC24.MAR25.SPD;FUTURES_SPREAD;BLOCK;EUR;120;-0.46000000;2500;EXCHANGE_LAST;;1;1;XEUR;72060192493142108;605;
12.12.2024;12:12:52.861;FESB SI 20250321 CS;SIMPLE_INSTRUMENT;BLOCK;EUR;120;147.50000000;2500;PRC_DECOMP_MEMBER;;;;XEUR;11359072;605;MEMBER
12.12.2024;12:12:52.861;FESB SI 20241220 CS;SIMPLE_INSTRUMENT;BLOCK;EUR;120;147.04000000;2500;PRC_DECOMP_MEMBER;;;;XEUR;10838895;605;MEMBER
12.12.2024;12:12:58.598;FESB.S.DEC24.MAR25.SPD;FUTURES_SPREAD;BLOCK;EUR;121;-0.48000000;2500;EXCHANGE_LAST;;1;1;XEUR;72060192493142108;605;
12.12.2024;12:12:58.598;FESB SI 20241220 CS;SIMPLE_INSTRUMENT;BLOCK;EUR;121;147.04000000;2500;PRC_DECOMP_MEMBER;;;;XEUR;10838895;605;MEMBER
12.12.2024;12:12:58.598;FESB SI 20250321 CS;SIMPLE_INSTRUMENT;BLOCK;EUR;121;147.52000000;2500;PRC_DECOMP_MEMBER;;;;XEUR;11359072;605;MEMBER
12.12.2024;12:22:48.978;FESB SI 20241220 CS;SIMPLE_INSTRUMENT;BLOCK;EUR;124;147.00000000;5000;EXCHANGE_LAST;;1;1;XEUR;10838895;605;
12.12.2024;13:38:25.761;FESB.S.DEC24.MAR25.SPD;FUTURES_SPREAD;BLOCK;EUR;133;-0.46000000;1750;EXCHANGE_LAST;;1;1;XEUR;72060192493142108;605;
12.12.2024;13:38:25.761;FESB SI 20250321 CS;SIMPLE_INSTRUMENT;BLOCK;EUR;133;147.96000000;1750;PRC_DECOMP_MEMBER;;;;XEUR;11359072;605;MEMBER
12.12.2024;13:38:25.761;FESB SI 20241220 CS;SIMPLE_INSTRUMENT;BLOCK;EUR;133;147.50000000;1750;PRC_DECOMP_MEMBER;;;;XEUR;10838895;605;MEMBER
12.12.2024;13:38:39.094;FESB.S.DEC24.MAR25.SPD;FUTURES_SPREAD;BLOCK;EUR;134;-0.48000000;1750;EXCHANGE_LAST;;1;1;XEUR;72060192493142108;605;
12.12.2024;13:38:39.094;FESB SI 20250321 CS;SIMPLE_INSTRUMENT;BLOCK;EUR;134;147.98000000;1750;PRC_DECOMP_MEMBER;;;;XEUR;11359072;605;MEMBER
12.12.2024;13:38:39.094;FESB SI 20241220 CS;SIMPLE_INSTRUMENT;BLOCK;EUR;134;147.50000000;1750;PRC_DECOMP_MEMBER;;;;XEUR;10838895;605;MEMBER
12.12.2024;14:11:38.623;FESB.S.DEC24.MAR25.SPD;FUTURES_SPREAD;BLOCK;EUR;143;-0.52000000;5000;EXCHANGE_LAST;;1;1;XEUR;72060192493142108;605;
12.12.2024;14:11:38.623;FESB SI 20241220 CS;SIMPLE_INSTRUMENT;BLOCK;EUR;143;146.80000000;5000;PRC_DECOMP_MEMBER;;;;XEUR;10838895;605;MEMBER
12.12.2024;14:11:38.623;FESB SI 20250321 CS;SIMPLE_INSTRUMENT;BLOCK;EUR;143;147.32000000;5000;PRC_DECOMP_MEMBER;;;;XEUR;11359072;605;MEMBER
12.12.2024;14:12:03.942;FESB.S.DEC24.MAR25.SPD;FUTURES_SPREAD;BLOCK;EUR;145;-0.50000000;15000;EXCHANGE_LAST;;1;1;XEUR;72060192493142108;605;
12.12.2024;14:12:03.942;FESB SI 20241220 CS;SIMPLE_INSTRUMENT;BLOCK;EUR;145;146.80000000;15000;PRC_DECOMP_MEMBER;;;;XEUR;10838895;605;MEMBER
12.12.2024;14:12:03.942;FESB SI 20250321 CS;SIMPLE_INSTRUMENT;BLOCK;EUR;145;147.30000000;15000;PRC_DECOMP_MEMBER;;;;XEUR;11359072;605;MEMBER
12.12.2024;14:32:40.522;FESB.S.DEC24.MAR25.SPD;FUTURES_SPREAD;BLOCK;EUR;151;-0.52000000;1875;EXCHANGE_LAST;;1;1;XEUR;72060192493142108;605;
12.12.2024;14:32:40.522;FESB SI 20250321 CS;SIMPLE_INSTRUMENT;BLOCK;EUR;151;147.30000000;1875;PRC_DECOMP_EXCHANGE;;;;XEUR;11359072;605;EXCHANGE
12.12.2024;14:32:40.522;FESB SI 20241220 CS;SIMPLE_INSTRUMENT;BLOCK;EUR;151;146.78000000;1875;PRC_DECOMP_EXCHANGE;;;;XEUR;10838895;605;EXCHANGE
12.12.2024;14:32:59.062;FESB.S.DEC24.MAR25.SPD;FUTURES_SPREAD;BLOCK;EUR;152;-0.50000000;5625;EXCHANGE_LAST;;1;1;XEUR;72060192493142108;605;
12.12.2024;14:32:59.062;FESB SI 20250321 CS;SIMPLE_INSTRUMENT;BLOCK;EUR;152;147.25000000;5625;PRC_DECOMP_EXCHANGE;;;;XEUR;11359072;605;EXCHANGE
12.12.2024;14:32:59.062;FESB SI 20241220 CS;SIMPLE_INSTRUMENT;BLOCK;EUR;152;146.75000000;5625;PRC_DECOMP_EXCHANGE;;;;XEUR;10838895;605;EXCHANGE
12.12.2024;16:46:02.450;FESK SI 20241220 CS;SIMPLE_INSTRUMENT;BLOCK;EUR;17;453.80000000;864;EXCHANGE_LAST;;1;1;XEUR;10876226;285660;
12.12.2024;16:46:31.973;FESK SI 20241220 CS;SIMPLE_INSTRUMENT;BLOCK;EUR;18;455.40000000;401;EXCHANGE_LAST;;1;1;XEUR;10876226;285660;
12.12.2024;13:48:06.542;FESU SI 20241220 CS;SIMPLE_INSTRUMENT;BLOCK;EUR;5;384.70000000;1160;EXCHANGE_LAST;;1;1;XEUR;10839076;673;
12.12.2024;13:48:08.891;FESU SI 20250321 CS;SIMPLE_INSTRUMENT;BLOCK;EUR;6;384.00000000;696;EXCHANGE_LAST;;1;1;XEUR;11359368;673;
12.12.2024;13:48:12.661;FESU SI 20250321 CS;SIMPLE_INSTRUMENT;BLOCK;EUR;7;384.20000000;464;EXCHANGE_LAST;;1;1;XEUR;11359368;673;
12.12.2024;09:10:21.076;FESX SI 20241220 CS;SIMPLE_INSTRUMENT;BLOCK;EUR;1;4972.00000000;5000;EXCHANGE_LAST;;1;1;XEUR;7793479;675;
12.12.2024;09:43:54.447;FESX.S.DEC24.MAR25.SPD;FUTURES_SPREAD;BLOCK;EUR;2;-26.25000000;8250;EXCHANGE_LAST;;1;1;XEUR;72060493140861185;675;
12.12.2024;09:43:54.447;FESX SI 20250321 CS;SIMPLE_INSTRUMENT;BLOCK;EUR;2;4996.25000000;8250;PRC_DECOMP_MEMBER;;;;XEUR;7793482;675;MEMBER
12.12.2024;09:43:54.447;FESX SI 20241220 CS;SIMPLE_INSTRUMENT;BLOCK;EUR;2;4970.00000000;8250;PRC_DECOMP_MEMBER;;;;XEUR;7793479;675;MEMBER
12.12.2024;09:44:29.901;FESX.S.DEC24.MAR25.SPD;FUTURES_SPREAD;BLOCK;EUR;3;-26.00000000;8250;EXCHANGE_LAST;;1;1;XEUR;72060493140861185;675;
12.12.2024;09:44:29.901;FESX SI 20250321 CS;SIMPLE_INSTRUMENT;BLOCK;EUR;3;4996.00000000;8250;PRC_DECOMP_MEMBER;;;;XEUR;7793482;675;MEMBER
12.12.2024;09:44:29.901;FESX SI 20241220 CS;SIMPLE_INSTRUMENT;BLOCK;EUR;3;4970.00000000;8250;PRC_DECOMP_MEMBER;;;;XEUR;7793479;675;MEMBER
12.12.2024;10:05:38.773;FESX.S.DEC24.MAR25.SPD;FUTURES_SPREAD;BLOCK;EUR;4;-26.12000000;3301;EXCHANGE_LAST;;1;1;XEUR;72060493140861185;675;
12.12.2024;10:05:38.773;FESX SI 20241220 CS;SIMPLE_INSTRUMENT;BLOCK;EUR;4;4970.00000000;3301;PRC_DECOMP_MEMBER;;;;XEUR;7793479;675;MEMBER
12.12.2024;10:05:38.773;FESX SI 20250321 CS;SIMPLE_INSTRUMENT;BLOCK;EUR;4;4996.12000000;3301;PRC_DECOMP_MEMBER;;;;XEUR;7793482;675;MEMBER
12.12.2024;10:05:59.015;FESX.S.DEC24.MAR25.SPD;FUTURES_SPREAD;BLOCK;EUR;5;-26.13000000;3301;EXCHANGE_LAST;;1;1;XEUR;72060493140861185;675;
12.12.2024;10:05:59.015;FESX SI 20241220 CS;SIMPLE_INSTRUMENT;BLOCK;EUR;5;4970.00000000;3301;PRC_DECOMP_MEMBER;;;;XEUR;7793479;675;MEMBER
12.12.2024;10:05:59.015;FESX SI 20250321 CS;SIMPLE_INSTRUMENT;BLOCK;EUR;5;4996.13000000;3301;PRC_DECOMP_MEMBER;;;;XEUR;7793482;675;MEMBER
12.12.2024;10:06:58.158;FESX.S.DEC24.MAR25.SPD;FUTURES_SPREAD;BLOCK;EUR;6;-26.25000000;2500;EXCHANGE_LAST;;1;1;XEUR;72060493140861185;675;
12.12.2024;10:06:58.158;FESX SI 20241220 CS;SIMPLE_INSTRUMENT;BLOCK;EUR;6;4970.00000000;2500;PRC_DECOMP_MEMBER;;;;XEUR;7793479;675;MEMBER
12.12.2024;10:06:58.158;FESX SI 20250321 CS;SIMPLE_INSTRUMENT;BLOCK;EUR;6;4996.25000000;2500;PRC_DECOMP_MEMBER;;;;XEUR;7793482;675;MEMBER
12.12.2024;10:07:16.984;FESX.S.DEC24.MAR25.SPD;FUTURES_SPREAD;BLOCK;EUR;7;-26.00000000;2500;EXCHANGE_LAST;;1;1;XEUR;72060493140861185;675;
12.12.2024;10:07:16.984;FESX SI 20241220 CS;SIMPLE_INSTRUMENT;BLOCK;EUR;7;4970.00000000;2500;PRC_DECOMP_MEMBER;;;;XEUR;7793479;675;MEMBER
12.12.2024;10:07:16.984;FESX SI 20250321 CS;SIMPLE_INSTRUMENT;BLOCK;EUR;7;4996.00000000;2500;PRC_DECOMP_MEMBER;;;;XEUR;7793482;675;MEMBER
12.12.2024;10:58:21.465;FESX.S.DEC24.MAR25.SPD;FUTURES_SPREAD;BLOCK;EUR;8;-26.25000000;2500;EXCHANGE_LAST;;1;1;XEUR;72060493140861185;675;
12.12.2024;10:58:21.465;FESX SI 20241220 CS;SIMPLE_INSTRUMENT;BLOCK;EUR;8;4970.00000000;2500;PRC_DECOMP_MEMBER;;;;XEUR;7793479;675;MEMBER
12.12.2024;10:58:21.465;FESX SI 20250321 CS;SIMPLE_INSTRUMENT;BLOCK;EUR;8;4996.25000000;2500;PRC_DECOMP_MEMBER;;;;XEUR;7793482;675;MEMBER
12.12.2024;10:58:29.594;FESX.S.DEC24.MAR25.SPD;FUTURES_SPREAD;BLOCK;EUR;9;-26.00000000;2500;EXCHANGE_LAST;;1;1;XEUR;72060493140861185;675;
12.12.2024;10:58:29.594;FESX SI 20250321 CS;SIMPLE_INSTRUMENT;BLOCK;EUR;9;4996.00000000;2500;PRC_DECOMP_MEMBER;;;;XEUR;7793482;675;MEMBER
12.12.2024;10:58:29.594;FESX SI 20241220 CS;SIMPLE_INSTRUMENT;BLOCK;EUR;9;4970.00000000;2500;PRC_DECOMP_MEMBER;;;;XEUR;7793479;675;MEMBER
12.12.2024;11:19:18.902;FESX SI 20241220 CS;SIMPLE_INSTRUMENT;BLOCK;EUR;10;4965.00000000;2000;EXCHANGE_LAST;;1;1;XEUR;7793479;675;
12.12.2024;11:23:38.484;FESX.S.DEC24.MAR25.SPD;FUTURES_SPREAD;BLOCK;EUR;11;-26.12000000;2500;EXCHANGE_LAST;;1;1;XEUR;72060493140861185;675;
12.12.2024;11:23:38.484;FESX SI 20241220 CS;SIMPLE_INSTRUMENT;BLOCK;EUR;11;4961.25000000;2500;PRC_DECOMP_MEMBER;;;;XEUR;7793479;675;MEMBER
12.12.2024;11:23:38.484;FESX SI 20250321 CS;SIMPLE_INSTRUMENT;BLOCK;EUR;11;4987.37000000;2500;PRC_DECOMP_MEMBER;;;;XEUR;7793482;675;MEMBER
12.12.2024;12:04:47.569;FESX SI 20241220 CS;SIMPLE_INSTRUMENT;BLOCK;EUR;12;4970.00000000;2334;EXCHANGE_LAST;;1;1;XEUR;7793479;675;
12.12.2024;12:08:44.546;FESX.S.DEC24.MAR25.SPD;FUTURES_SPREAD;BLOCK;EUR;13;-26.13000000;2000;EXCHANGE_LAST;;1;1;XEUR;72060493140861185;675;
12.12.2024;12:08:44.546;FESX SI 20250321 CS;SIMPLE_INSTRUMENT;BLOCK;EUR;13;4991.13000000;2000;PRC_DECOMP_MEMBER;;;;XEUR;7793482;675;MEMBER
12.12.2024;12:08:44.546;FESX SI 20241220 CS;SIMPLE_INSTRUMENT;BLOCK;EUR;13;4965.00000000;2000;PRC_DECOMP_MEMBER;;;;XEUR;7793479;675;MEMBER
12.12.2024;12:30:26.963;FESX.S.DEC24.MAR25.SPD;FUTURES_SPREAD;BLOCK;EUR;14;-26.37000000;2500;EXCHANGE_LAST;;1;1;XEUR;72060493140861185;675;
12.12.2024;12:30:26.963;FESX SI 20241220 CS;SIMPLE_INSTRUMENT;BLOCK;EUR;14;4965.00000000;2500;PRC_DECOMP_MEMBER;;;;XEUR;7793479;675;MEMBER
12.12.2024;12:30:26.963;FESX SI 20250321 CS;SIMPLE_INSTRUMENT;BLOCK;EUR;14;4991.37000000;2500;PRC_DECOMP_MEMBER;;;;XEUR;7793482;675;MEMBER
12.12.2024;12:30:39.550;FESX.S.DEC24.MAR25.SPD;FUTURES_SPREAD;BLOCK;EUR;15;-26.38000000;2500;EXCHANGE_LAST;;1;1;XEUR;72060493140861185;675;
12.12.2024;12:30:39.550;FESX SI 20241220 CS;SIMPLE_INSTRUMENT;BLOCK;EUR;15;4965.00000000;2500;PRC_DECOMP_MEMBER;;;;XEUR;7793479;675;MEMBER
12.12.2024;12:30:39.550;FESX SI 20250321 CS;SIMPLE_INSTRUMENT;BLOCK;EUR;15;4991.38000000;2500;PRC_DECOMP_MEMBER;;;;XEUR;7793482;675;MEMBER
12.12.2024;12:33:06.377;FESX SI 20250321 CS;SIMPLE_INSTRUMENT;BLOCK;EUR;16;4996.00000000;2000;EXCHANGE_LAST;;1;1;XEUR;7793482;675;
12.12.2024;12:33:22.085;FESX SI 20250321 CS;SIMPLE_INSTRUMENT;BLOCK;EUR;17;4997.00000000;2000;EXCHANGE_LAST;;1;1;XEUR;7793482;675;
12.12.2024;12:53:24.490;FESX.S.DEC24.MAR25.SPD;FUTURES_SPREAD;BLOCK;EUR;18;-26.37000000;5000;EXCHANGE_LAST;;1;1;XEUR;72060493140861185;675;
12.12.2024;12:53:24.490;FESX SI 20250321 CS;SIMPLE_INSTRUMENT;BLOCK;EUR;18;4991.37000000;5000;PRC_DECOMP_MEMBER;;;;XEUR;7793482;675;MEMBER
12.12.2024;12:53:24.490;FESX SI 20241220 CS;SIMPLE_INSTRUMENT;BLOCK;EUR;18;4965.00000000;5000;PRC_DECOMP_MEMBER;;;;XEUR;7793479;675;MEMBER
12.12.2024;12:53:35.065;FESX.S.DEC24.MAR25.SPD;FUTURES_SPREAD;BLOCK;EUR;19;-26.38000000;5000;EXCHANGE_LAST;;1;1;XEUR;72060493140861185;675;
12.12.2024;12:53:35.065;FESX SI 20241220 CS;SIMPLE_INSTRUMENT;BLOCK;EUR;19;4965.00000000;5000;PRC_DECOMP_MEMBER;;;;XEUR;7793479;675;MEMBER
12.12.2024;12:53:35.065;FESX SI 20250321 CS;SIMPLE_INSTRUMENT;BLOCK;EUR;19;4991.38000000;5000;PRC_DECOMP_MEMBER;;;;XEUR;7793482;675;MEMBER
12.12.2024;14:01:58.371;FESX.S.DEC24.MAR25.SPD;FUTURES_SPREAD;BLOCK;EUR;20;-26.38000000;2000;EXCHANGE_LAST;;1;1;XEUR;72060493140861185;675;
12.12.2024;14:01:58.371;FESX SI 20250321 CS;SIMPLE_INSTRUMENT;BLOCK;EUR;20;4996.38000000;2000;PRC_DECOMP_MEMBER;;;;XEUR;7793482;675;MEMBER
12.12.2024;14:01:58.371;FESX SI 20241220 CS;SIMPLE_INSTRUMENT;BLOCK;EUR;20;4970.00000000;2000;PRC_DECOMP_MEMBER;;;;XEUR;7793479;675;MEMBER
12.12.2024;14:26:36.546;FESX.S.DEC24.MAR25.SPD;FUTURES_SPREAD;BLOCK;EUR;21;-26.50000000;2000;EXCHANGE_LAST;;1;1;XEUR;72060493140861185;675;
12.12.2024;14:26:36.546;FESX SI 20241220 CS;SIMPLE_INSTRUMENT;BLOCK;EUR;21;4974.00000000;2000;PRC_DECOMP_MEMBER;;;;XEUR;7793479;675;MEMBER
12.12.2024;14:26:36.546;FESX SI 20250321 CS;SIMPLE_INSTRUMENT;BLOCK;EUR;21;5000.50000000;2000;PRC_DECOMP_MEMBER;;;;XEUR;7793482;675;MEMBER
12.12.2024;14:26:36.695;FESX.S.DEC24.MAR25.SPD;FUTURES_SPREAD;BLOCK;EUR;22;-26.25000000;2000;EXCHANGE_LAST;;1;1;XEUR;72060493140861185;675;
12.12.2024;14:26:36.695;FESX SI 20241220 CS;SIMPLE_INSTRUMENT;BLOCK;EUR;22;4974.00000000;2000;PRC_DECOMP_MEMBER;;;;XEUR;7793479;675;MEMBER
12.12.2024;14:26:36.695;FESX SI 20250321 CS;SIMPLE_INSTRUMENT;BLOCK;EUR;22;5000.25000000;2000;PRC_DECOMP_MEMBER;;;;XEUR;7793482;675;MEMBER
12.12.2024;15:04:09.341;FESX.S.DEC24.MAR25.SPD;FUTURES_SPREAD;BLOCK;EUR;23;-26.45000000;9924;EXCHANGE_LAST;;1;1;XEUR;72060493140861185;675;
12.12.2024;15:04:09.341;FESX SI 20250321 CS;SIMPLE_INSTRUMENT;BLOCK;EUR;23;5003.00000000;9924;PRC_DECOMP_EXCHANGE;;;;XEUR;7793482;675;EXCHANGE
12.12.2024;15:04:09.341;FESX SI 20241220 CS;SIMPLE_INSTRUMENT;BLOCK;EUR;23;4976.55000000;9924;PRC_DECOMP_EXCHANGE;;;;XEUR;7793479;675;EXCHANGE
12.12.2024;16:45:56.736;FESX SI 20241220 CS;SIMPLE_INSTRUMENT;EFP_IDX;EUR;24;4970.00000000;243;EXCHANGE_LAST;;1;1;XEUR;7793479;675;
12.12.2024;16:46:12.302;FESX SI 20241220 CS;SIMPLE_INSTRUMENT;EFP_IDX;EUR;25;4971.00000000;7;EXCHANGE_LAST;;1;1;XEUR;7793479;675;
12.12.2024;16:51:07.516;FESX SI 20241220 CS;SIMPLE_INSTRUMENT;EFP_IDX;EUR;26;4969.00000000;48;EXCHANGE_LAST;;1;1;XEUR;7793479;675;
12.12.2024;16:50:56.003;FESX SI 20241220 CS;SIMPLE_INSTRUMENT;EFP_IDX;EUR;27;4970.00000000;452;EXCHANGE_LAST;;1;1;XEUR;7793479;675;
12.12.2024;12:29:37.408;FESX SI 20241220 CS;SIMPLE_INSTRUMENT;VOLA;EUR;637534270;4955.00000000;14;EXCHANGE_LAST;;1;1;XEUR;7793479;675;
12.12.2024;12:31:43.712;FESX SI 20241220 CS;SIMPLE_INSTRUMENT;VOLA;EUR;637534276;4964.00000000;483;EXCHANGE_LAST;;1;1;XEUR;7793479;675;
12.12.2024;12:33:59.497;FESX SI 20241220 CS;SIMPLE_INSTRUMENT;VOLA;EUR;637534277;4964.00000000;156;EXCHANGE_LAST;;1;1;XEUR;7793479;675;
12.12.2024;16:41:44.985;FESZ SI 20241220 CS;SIMPLE_INSTRUMENT;EFP_IDX;EUR;10;1371.80000000;56;EXCHANGE_LAST;;1;1;XEUR;10839551;700;
12.12.2024;16:41:57.242;FESZ SI 20241220 CS;SIMPLE_INSTRUMENT;EFP_IDX;EUR;11;1372.00000000;37;EXCHANGE_LAST;;1;1;XEUR;10839551;700;
12.12.2024;10:12:12.859;FEXD.S.DEC26.DEC28.SPD;FUTURES_SPREAD;BLOCK;EUR;11;10.40000000;100;EXCHANGE_LAST;;1;1;XEUR;72060570450264161;693;
12.12.2024;10:12:12.859;FEXD SI 20261218 CS;SIMPLE_INSTRUMENT;BLOCK;EUR;11;152.70000000;100;PRC_DECOMP_EXCHANGE;;;;XEUR;2163053;693;EXCHANGE
12.12.2024;10:12:12.859;FEXD SI 20281215 CS;SIMPLE_INSTRUMENT;BLOCK;EUR;11;142.30000000;100;PRC_DECOMP_EXCHANGE;;;;XEUR;3680985;693;EXCHANGE
12.12.2024;10:12:24.860;FEXD.S.DEC26.DEC27.SPD;FUTURES_SPREAD;BLOCK;EUR;12;5.70000000;350;EXCHANGE_LAST;;1;1;XEUR;72060570450264153;693;
12.12.2024;10:12:24.860;FEXD SI 20271217 CS;SIMPLE_INSTRUMENT;BLOCK;EUR;12;147.00000000;350;PRC_DECOMP_EXCHANGE;;;;XEUR;2848338;693;EXCHANGE
12.12.2024;10:12:24.860;FEXD SI 20261218 CS;SIMPLE_INSTRUMENT;BLOCK;EUR;12;152.70000000;350;PRC_DECOMP_EXCHANGE;;;;XEUR;2163053;693;EXCHANGE
12.12.2024;10:18:58.286;FEXD SI 20261218 CS;SIMPLE_INSTRUMENT;BLOCK;EUR;13;152.80000000;250;EXCHANGE_LAST;;1;1;XEUR;2163053;693;
12.12.2024;10:39:26.587;FEXD SI 20251219 CS;SIMPLE_INSTRUMENT;BLOCK;EUR;19;158.70000000;250;EXCHANGE_LAST;;1;1;XEUR;1548120;693;
12.12.2024;15:46:05.418;FEXD SI 20261218 CS;SIMPLE_INSTRUMENT;BLOCK;EUR;59;152.80000000;250;EXCHANGE_LAST;;1;1;XEUR;2163053;693;
12.12.2024;15:58:41.632;FEXD SI 20261218 CS;SIMPLE_INSTRUMENT;BLOCK;EUR;66;152.80000000;225;EXCHANGE_LAST;;1;1;XEUR;2163053;693;
12.12.2024;16:00:11.207;FEXD SI 20241220 CS;SIMPLE_INSTRUMENT;BLOCK;EUR;70;160.70000000;4000;EXCHANGE_LAST;;1;1;XEUR;1062790;693;
12.12.2024;16:45:29.665;FEXD SI 20261218 CS;SIMPLE_INSTRUMENT;BLOCK;EUR;74;152.30000000;173;EXCHANGE_LAST;;1;1;XEUR;2163053;693;
12.12.2024;16:51:07.478;FEXD SI 20271217 CS;SIMPLE_INSTRUMENT;BLOCK;EUR;77;147.00000000;125;EXCHANGE_LAST;;1;1;XEUR;2848338;693;
12.12.2024;16:51:12.743;FEXD SI 20261218 CS;SIMPLE_INSTRUMENT;BLOCK;EUR;78;152.90000000;125;EXCHANGE_LAST;;1;1;XEUR;2163053;693;
12.12.2024;16:51:18.829;FEXD SI 20251219 CS;SIMPLE_INSTRUMENT;BLOCK;EUR;79;158.60000000;125;EXCHANGE_LAST;;1;1;XEUR;1548120;693;
12.12.2024;16:55:21.186;FEXD SI 20251219 CS;SIMPLE_INSTRUMENT;BLOCK;EUR;88;158.70000000;500;EXCHANGE_LAST;;1;1;XEUR;1548120;693;
12.12.2024;17:00:03.230;FEXD SI 20261218 CS;SIMPLE_INSTRUMENT;VOLA;EUR;318767119;152.30000000;3;EXCHANGE_LAST;;1;1;XEUR;2163053;693;
12.12.2024;07:44:39.876;FGBL SI 20250306 PS;SIMPLE_INSTRUMENT;EFS;EUR;1;135.68000000;350;EXCHANGE_LAST;;1;1;XEUR;11286679;688;
12.12.2024;08:29:59.546;FGBL SI 20250306 PS;SIMPLE_INSTRUMENT;EFS;EUR;2;135.79000000;202;EXCHANGE_LAST;;1;1;XEUR;11286679;688;
12.12.2024;08:38:58.048;FGBL SI 20250306 PS;SIMPLE_INSTRUMENT;EFS;EUR;3;135.73000000;458;EXCHANGE_LAST;;1;1;XEUR;11286679;688;
12.12.2024;08:42:47.657;FGBL SI 20250306 PS;SIMPLE_INSTRUMENT;EFS;EUR;4;135.73000000;457;EXCHANGE_LAST;;1;1;XEUR;11286679;688;
12.12.2024;08:43:05.914;FGBL SI 20250306 PS;SIMPLE_INSTRUMENT;EFS;EUR;5;135.73000000;458;EXCHANGE_LAST;;1;1;XEUR;11286679;688;
12.12.2024;08:57:43.642;FGBL SI 20250306 PS;SIMPLE_INSTRUMENT;EFS;EUR;6;135.79000000;1306;EXCHANGE_LAST;;1;1;XEUR;11286679;688;
12.12.2024;09:03:41.225;FGBL SI 20250306 PS;SIMPLE_INSTRUMENT;EFS;EUR;7;135.66000000;348;EXCHANGE_LAST;;1;1;XEUR;11286679;688;
12.12.2024;09:05:18.722;FGBL SI 20250306 PS;SIMPLE_INSTRUMENT;EFP_FIN;EUR;8;135.76000000;1074;EXCHANGE_LAST;;1;1;XEUR;11286679;688;
12.12.2024;09:08:49.585;FGBL SI 20250306 PS;SIMPLE_INSTRUMENT;EFS;EUR;9;135.75000000;404;EXCHANGE_LAST;;1;1;XEUR;11286679;688;
12.12.2024;09:09:11.225;FGBL SI 20250306 PS;SIMPLE_INSTRUMENT;EFS;EUR;10;135.74000000;1307;EXCHANGE_LAST;;1;1;XEUR;11286679;688;
12.12.2024;09:11:04.701;FGBL SI 20250306 PS;SIMPLE_INSTRUMENT;EFS;EUR;11;135.71000000;404;EXCHANGE_LAST;;1;1;XEUR;11286679;688;
12.12.2024;09:11:30.233;FGBL SI 20250306 PS;SIMPLE_INSTRUMENT;EFS;EUR;12;135.76000000;341;EXCHANGE_LAST;;1;1;XEUR;11286679;688;
12.12.2024;09:18:45.316;FGBL SI 20250306 PS;SIMPLE_INSTRUMENT;EFS;EUR;13;135.63000000;201;EXCHANGE_LAST;;1;1;XEUR;11286679;688;
12.12.2024;09:26:04.974;FGBL SI 20250306 PS;SIMPLE_INSTRUMENT;EFP_FIN;EUR;14;135.65000000;371;EXCHANGE_LAST;;1;1;XEUR;11286679;688;
12.12.2024;09:27:12.669;FGBL SI 20250306 PS;SIMPLE_INSTRUMENT;EFS;EUR;15;135.62000000;404;EXCHANGE_LAST;;1;1;XEUR;11286679;688;
12.12.2024;09:28:21.740;FGBL SI 20250306 PS;SIMPLE_INSTRUMENT;EFS;EUR;16;135.61000000;202;EXCHANGE_LAST;;1;1;XEUR;11286679;688;
12.12.2024;09:56:32.290;FGBL SI 20250306 PS;SIMPLE_INSTRUMENT;EFP_FIN;EUR;18;135.62000000;77;EXCHANGE_LAST;;1;1;XEUR;11286679;688;
12.12.2024;09:58:14.188;FGBL SI 20250306 PS;SIMPLE_INSTRUMENT;EFP_FIN;EUR;19;135.62000000;70;EXCHANGE_LAST;;1;1;XEUR;11286679;688;
12.12.2024;09:56:57.905;FGBL SI 20250306 PS;SIMPLE_INSTRUMENT;EFP_FIN;EUR;20;135.75000000;1114;EXCHANGE_LAST;;1;1;XEUR;11286679;688;
12.12.2024;09:58:24.521;FGBL SI 20250306 PS;SIMPLE_INSTRUMENT;EFS;EUR;21;135.60000000;202;EXCHANGE_LAST;;1;1;XEUR;11286679;688;
12.12.2024;09:59:39.599;FGBL SI 20250306 PS;SIMPLE_INSTRUMENT;EFS;EUR;22;135.60000000;404;EXCHANGE_LAST;;1;1;XEUR;11286679;688;
12.12.2024;10:00:54.692;FGBL SI 20250306 PS;SIMPLE_INSTRUMENT;EFS;EUR;23;135.56000000;202;EXCHANGE_LAST;;1;1;XEUR;11286679;688;
12.12.2024;10:01:52.473;FGBL SI 20250306 PS;SIMPLE_INSTRUMENT;EFP_FIN;EUR;24;135.66000000;115;EXCHANGE_LAST;;1;1;XEUR;11286679;688;
12.12.2024;10:06:17.779;FGBL SI 20250306 PS;SIMPLE_INSTRUMENT;EFP_FIN;EUR;25;135.67000000;107;EXCHANGE_LAST;;1;1;XEUR;11286679;688;
12.12.2024;10:13:17.727;FGBL SI 20250306 PS;SIMPLE_INSTRUMENT;EFS;EUR;26;135.56000000;604;EXCHANGE_LAST;;1;1;XEUR;11286679;688;
12.12.2024;10:11:23.734;FGBL SI 20250306 PS;SIMPLE_INSTRUMENT;EFS;EUR;27;135.56000000;403;EXCHANGE_LAST;;1;1;XEUR;11286679;688;
12.12.2024;10:16:02.286;FGBL SI 20250306 PS;SIMPLE_INSTRUMENT;EFS;EUR;28;135.52000000;1746;EXCHANGE_LAST;;1;1;XEUR;11286679;688;
12.12.2024;10:20:06.274;FGBL SI 20250306 PS;SIMPLE_INSTRUMENT;EFS;EUR;29;135.56000000;443;EXCHANGE_LAST;;1;1;XEUR;11286679;688;
12.12.2024;10:18:25.232;FGBL SI 20250306 PS;SIMPLE_INSTRUMENT;EFS;EUR;30;135.52000000;214;EXCHANGE_LAST;;1;1;XEUR;11286679;688;
12.12.2024;10:18:56.388;FGBL SI 20250306 PS;SIMPLE_INSTRUMENT;EFS;EUR;31;135.54000000;806;EXCHANGE_LAST;;1;1;XEUR;11286679;688;
12.12.2024;10:20:24.271;FGBL SI 20250306 PS;SIMPLE_INSTRUMENT;EFP_FIN;EUR;32;135.52000000;67;EXCHANGE_LAST;;1;1;XEUR;11286679;688;
12.12.2024;10:21:04.897;FGBL SI 20250306 PS;SIMPLE_INSTRUMENT;EFS;EUR;33;135.53000000;201;EXCHANGE_LAST;;1;1;XEUR;11286679;688;
12.12.2024;10:25:02.167;FGBL SI 20250306 PS;SIMPLE_INSTRUMENT;EFS;EUR;34;135.54000000;404;EXCHANGE_LAST;;1;1;XEUR;11286679;688;
12.12.2024;10:31:23.072;FGBL SI 20250306 PS;SIMPLE_INSTRUMENT;EFP_FIN;EUR;35;135.57000000;371;EXCHANGE_LAST;;1;1;XEUR;11286679;688;
12.12.2024;10:32:08.744;FGBL SI 20250306 PS;SIMPLE_INSTRUMENT;EFP_FIN;EUR;36;135.55000000;726;EXCHANGE_LAST;;1;1;XEUR;11286679;688;
12.12.2024;10:33:42.751;FGBL SI 20250306 PS;SIMPLE_INSTRUMENT;EFP_FIN;EUR;37;135.56000000;106;EXCHANGE_LAST;;1;1;XEUR;11286679;688;
12.12.2024;10:39:58.706;FGBL SI 20250306 PS;SIMPLE_INSTRUMENT;EFP_FIN;EUR;38;135.54000000;937;EXCHANGE_LAST;;1;1;XEUR;11286679;688;
12.12.2024;10:44:14.005;FGBL SI 20250306 PS;SIMPLE_INSTRUMENT;EFS;EUR;39;135.64000000;202;EXCHANGE_LAST;;1;1;XEUR;11286679;688;
12.12.2024;10:44:24.014;FGBL SI 20250306 PS;SIMPLE_INSTRUMENT;EFS;EUR;40;135.62000000;202;EXCHANGE_LAST;;1;1;XEUR;11286679;688;
12.12.2024;10:46:44.125;FGBL SI 20250306 PS;SIMPLE_INSTRUMENT;EFS;EUR;41;135.68000000;283;EXCHANGE_LAST;;1;1;XEUR;11286679;688;
12.12.2024;10:51:20.258;FGBL SI 20250306 PS;SIMPLE_INSTRUMENT;EFP_FIN;EUR;42;135.58000000;916;EXCHANGE_LAST;;1;1;XEUR;11286679;688;
12.12.2024;10:54:10.860;FGBL SI 20250306 PS;SIMPLE_INSTRUMENT;EFP_FIN;EUR;43;135.65000000;81;EXCHANGE_LAST;;1;1;XEUR;11286679;688;
12.12.2024;11:00:37.560;FGBL SI 20250306 PS;SIMPLE_INSTRUMENT;EFS;EUR;44;135.62000000;202;EXCHANGE_LAST;;1;1;XEUR;11286679;688;
12.12.2024;10:58:14.082;FGBL SI 20250306 PS;SIMPLE_INSTRUMENT;EFP_FIN;EUR;45;135.64000000;743;EXCHANGE_LAST;;1;1;XEUR;11286679;688;
12.12.2024;11:04:38.395;FGBL SI 20250306 PS;SIMPLE_INSTRUMENT;EFP_FIN;EUR;46;135.68000000;448;EXCHANGE_LAST;;1;1;XEUR;11286679;688;
12.12.2024;11:06:23.194;FGBL SI 20250306 PS;SIMPLE_INSTRUMENT;EFP_FIN;EUR;47;135.64000000;1066;EXCHANGE_LAST;;1;1;XEUR;11286679;688;
12.12.2024;11:08:43.474;FGBL SI 20250306 PS;SIMPLE_INSTRUMENT;EFP_FIN;EUR;48;135.75000000;371;EXCHANGE_LAST;;1;1;XEUR;11286679;688;
12.12.2024;11:11:45.217;FGBL SI 20250306 PS;SIMPLE_INSTRUMENT;EFS;EUR;49;135.65000000;404;EXCHANGE_LAST;;1;1;XEUR;11286679;688;
12.12.2024;11:20:00.142;FGBL SI 20250306 PS;SIMPLE_INSTRUMENT;EFS;EUR;50;135.64000000;250;EXCHANGE_LAST;;1;1;XEUR;11286679;688;
12.12.2024;11:20:51.735;FGBL SI 20250306 PS;SIMPLE_INSTRUMENT;EFS;EUR;51;135.65000000;403;EXCHANGE_LAST;;1;1;XEUR;11286679;688;
12.12.2024;11:26:15.868;FGBL SI 20250306 PS;SIMPLE_INSTRUMENT;EFS;EUR;52;135.64000000;306;EXCHANGE_LAST;;1;1;XEUR;11286679;688;
12.12.2024;11:33:15.044;FGBL SI 20250306 PS;SIMPLE_INSTRUMENT;EFS;EUR;53;135.63000000;217;EXCHANGE_LAST;;1;1;XEUR;11286679;688;
12.12.2024;11:44:10.002;FGBL SI 20250306 PS;SIMPLE_INSTRUMENT;EFS;EUR;54;135.61000000;403;EXCHANGE_LAST;;1;1;XEUR;11286679;688;
12.12.2024;11:45:55.917;FGBL SI 20250306 PS;SIMPLE_INSTRUMENT;EFS;EUR;55;135.61000000;201;EXCHANGE_LAST;;1;1;XEUR;11286679;688;
12.12.2024;11:47:41.531;FGBL SI 20250306 PS;SIMPLE_INSTRUMENT;EFS;EUR;56;135.61000000;201;EXCHANGE_LAST;;1;1;XEUR;11286679;688;
12.12.2024;11:51:52.444;FGBL SI 20250306 PS;SIMPLE_INSTRUMENT;EFP_FIN;EUR;57;135.62000000;672;EXCHANGE_LAST;;1;1;XEUR;11286679;688;
12.12.2024;11:56:45.710;FGBL SI 20250306 PS;SIMPLE_INSTRUMENT;EFS;EUR;58;135.63000000;404;EXCHANGE_LAST;;1;1;XEUR;11286679;688;
12.12.2024;11:57:10.738;FGBL SI 20250306 PS;SIMPLE_INSTRUMENT;EFS;EUR;59;135.66000000;404;EXCHANGE_LAST;;1;1;XEUR;11286679;688;
12.12.2024;11:59:46.288;FGBL SI 20250306 PS;SIMPLE_INSTRUMENT;EFP_FIN;EUR;60;135.65000000;315;EXCHANGE_LAST;;1;1;XEUR;11286679;688;
12.12.2024;12:05:21.148;FGBL SI 20250306 PS;SIMPLE_INSTRUMENT;EFS;EUR;61;135.65000000;404;EXCHANGE_LAST;;1;1;XEUR;11286679;688;
12.12.2024;12:05:44.441;FGBL SI 20250306 PS;SIMPLE_INSTRUMENT;EFS;EUR;62;135.65000000;215;EXCHANGE_LAST;;1;1;XEUR;11286679;688;
12.12.2024;12:06:11.188;FGBL SI 20250306 PS;SIMPLE_INSTRUMENT;EFS;EUR;63;135.62000000;404;EXCHANGE_LAST;;1;1;XEUR;11286679;688;
12.12.2024;12:09:51.647;FGBL SI 20250306 PS;SIMPLE_INSTRUMENT;EFS;EUR;64;135.66000000;92;EXCHANGE_LAST;;1;1;XEUR;11286679;688;
12.12.2024;12:15:21.674;FGBL SI 20250306 PS;SIMPLE_INSTRUMENT;EFS;EUR;65;135.66000000;458;EXCHANGE_LAST;;1;1;XEUR;11286679;688;
12.12.2024;12:15:26.553;FGBL SI 20250306 PS;SIMPLE_INSTRUMENT;EFS;EUR;66;135.63000000;402;EXCHANGE_LAST;;1;1;XEUR;11286679;688;
12.12.2024;12:20:52.109;FGBL SI 20250306 PS;SIMPLE_INSTRUMENT;EFS;EUR;67;135.63000000;250;EXCHANGE_LAST;;1;1;XEUR;11286679;688;
12.12.2024;12:35:17.638;FGBL SI 20250306 PS;SIMPLE_INSTRUMENT;EFS;EUR;68;135.67000000;402;EXCHANGE_LAST;;1;1;XEUR;11286679;688;
12.12.2024;12:30:38.204;FGBL SI 20250306 PS;SIMPLE_INSTRUMENT;EFS;EUR;69;135.67000000;404;EXCHANGE_LAST;;1;1;XEUR;11286679;688;
12.12.2024;12:37:21.477;FGBL SI 20250306 PS;SIMPLE_INSTRUMENT;EFP_FIN;EUR;70;135.64000000;117;EXCHANGE_LAST;;1;1;XEUR;11286679;688;
12.12.2024;12:37:50.319;FGBL SI 20250306 PS;SIMPLE_INSTRUMENT;EFS;EUR;71;135.68000000;805;EXCHANGE_LAST;;1;1;XEUR;11286679;688;
12.12.2024;12:41:49.858;FGBL SI 20250306 PS;SIMPLE_INSTRUMENT;EFS;EUR;72;135.69000000;201;EXCHANGE_LAST;;1;1;XEUR;11286679;688;
12.12.2024;12:48:48.663;FGBL SI 20250306 PS;SIMPLE_INSTRUMENT;EFP_FIN;EUR;73;135.72000000;1114;EXCHANGE_LAST;;1;1;XEUR;11286679;688;
12.12.2024;12:49:46.181;FGBL SI 20250306 PS;SIMPLE_INSTRUMENT;EFS;EUR;74;135.66000000;805;EXCHANGE_LAST;;1;1;XEUR;11286679;688;
12.12.2024;13:08:52.600;FGBL SI 20250306 PS;SIMPLE_INSTRUMENT;EFS;EUR;75;135.71000000;402;EXCHANGE_LAST;;1;1;XEUR;11286679;688;
12.12.2024;13:09:55.127;FGBL SI 20250306 PS;SIMPLE_INSTRUMENT;EFS;EUR;76;135.71000000;169;EXCHANGE_LAST;;1;1;XEUR;11286679;688;
12.12.2024;13:11:45.023;FGBL SI 20250306 PS;SIMPLE_INSTRUMENT;EFS;EUR;77;135.72000000;183;EXCHANGE_LAST;;1;1;XEUR;11286679;688;
12.12.2024;13:13:05.222;FGBL SI 20250306 PS;SIMPLE_INSTRUMENT;EFS;EUR;78;135.76000000;201;EXCHANGE_LAST;;1;1;XEUR;11286679;688;
12.12.2024;13:14:32.418;FGBL SI 20250306 PS;SIMPLE_INSTRUMENT;EFS;EUR;79;135.72000000;218;EXCHANGE_LAST;;1;1;XEUR;11286679;688;
12.12.2024;13:15:52.565;FGBL SI 20250306 PS;SIMPLE_INSTRUMENT;EFS;EUR;80;135.75000000;436;EXCHANGE_LAST;;1;1;XEUR;11286679;688;
12.12.2024;13:16:12.196;FGBL SI 20250306 PS;SIMPLE_INSTRUMENT;EFS;EUR;81;135.76000000;209;EXCHANGE_LAST;;1;1;XEUR;11286679;688;
12.12.2024;13:17:25.942;FGBL SI 20250306 PS;SIMPLE_INSTRUMENT;EFS;EUR;82;135.75000000;201;EXCHANGE_LAST;;1;1;XEUR;11286679;688;
12.12.2024;13:20:42.818;FGBL SI 20250306 PS;SIMPLE_INSTRUMENT;EFS;EUR;83;135.75000000;300;EXCHANGE_LAST;;1;1;XEUR;11286679;688;
12.12.2024;13:23:38.845;FGBL SI 20250306 PS;SIMPLE_INSTRUMENT;EFS;EUR;84;135.73000000;276;EXCHANGE_LAST;;1;1;XEUR;11286679;688;
12.12.2024;13:26:44.994;FGBL SI 20250306 PS;SIMPLE_INSTRUMENT;EFS;EUR;85;135.79000000;229;EXCHANGE_LAST;;1;1;XEUR;11286679;688;
12.12.2024;13:29:06.101;FGBL SI 20250306 PS;SIMPLE_INSTRUMENT;EFP_FIN;EUR;86;135.79000000;148;EXCHANGE_LAST;;1;1;XEUR;11286679;688;
12.12.2024;13:33:49.357;FGBL SI 20250306 PS;SIMPLE_INSTRUMENT;EFS;EUR;87;135.92000000;403;EXCHANGE_LAST;;1;1;XEUR;11286679;688;
12.12.2024;13:37:26.851;FGBL SI 20250306 PS;SIMPLE_INSTRUMENT;EFS;EUR;88;135.88000000;300;EXCHANGE_LAST;;1;1;XEUR;11286679;688;
12.12.2024;13:39:30.949;FGBL SI 20250306 PS;SIMPLE_INSTRUMENT;EFS;EUR;89;135.72000000;183;EXCHANGE_LAST;;1;1;XEUR;11286679;688;
12.12.2024;14:17:28.373;FGBL SI 20250306 PS;SIMPLE_INSTRUMENT;EFP_FIN;EUR;90;135.62000000;186;EXCHANGE_LAST;;1;1;XEUR;11286679;688;
12.12.2024;14:25:36.870;FGBL SI 20250306 PS;SIMPLE_INSTRUMENT;EFS;EUR;91;135.72000000;402;EXCHANGE_LAST;;1;1;XEUR;11286679;688;
12.12.2024;14:26:57.166;FGBL SI 20250306 PS;SIMPLE_INSTRUMENT;EFS;EUR;92;135.71000000;805;EXCHANGE_LAST;;1;1;XEUR;11286679;688;
12.12.2024;14:29:38.425;FGBL SI 20250306 PS;SIMPLE_INSTRUMENT;EFS;EUR;93;135.61000000;805;EXCHANGE_LAST;;1;1;XEUR;11286679;688;
12.12.2024;14:30:38.712;FGBL SI 20250306 PS;SIMPLE_INSTRUMENT;EFS;EUR;94;135.70000000;202;EXCHANGE_LAST;;1;1;XEUR;11286679;688;
12.12.2024;14:31:13.739;FGBL SI 20250306 PS;SIMPLE_INSTRUMENT;EFS;EUR;95;135.70000000;404;EXCHANGE_LAST;;1;1;XEUR;11286679;688;
12.12.2024;14:31:55.760;FGBL SI 20250306 PS;SIMPLE_INSTRUMENT;EFS;EUR;96;135.67000000;201;EXCHANGE_LAST;;1;1;XEUR;11286679;688;
12.12.2024;14:40:18.069;FGBL SI 20250306 PS;SIMPLE_INSTRUMENT;EFS;EUR;97;135.61000000;367;EXCHANGE_LAST;;1;1;XEUR;11286679;688;
12.12.2024;14:42:22.704;FGBL SI 20250306 PS;SIMPLE_INSTRUMENT;EFP_FIN;EUR;98;135.64000000;558;EXCHANGE_LAST;;1;1;XEUR;11286679;688;
12.12.2024;14:44:48.605;FGBL SI 20250306 PS;SIMPLE_INSTRUMENT;EFS;EUR;99;135.49000000;367;EXCHANGE_LAST;;1;1;XEUR;11286679;688;
12.12.2024;14:48:42.917;FGBL SI 20250306 PS;SIMPLE_INSTRUMENT;EFS;EUR;100;135.48000000;459;EXCHANGE_LAST;;1;1;XEUR;11286679;688;
12.12.2024;14:49:50.483;FGBL SI 20250306 PS;SIMPLE_INSTRUMENT;EFS;EUR;101;135.44000000;404;EXCHANGE_LAST;;1;1;XEUR;11286679;688;
12.12.2024;14:50:06.497;FGBL SI 20250306 PS;SIMPLE_INSTRUMENT;EFS;EUR;102;135.47000000;202;EXCHANGE_LAST;;1;1;XEUR;11286679;688;
12.12.2024;14:50:50.532;FGBL SI 20250306 PS;SIMPLE_INSTRUMENT;EFS;EUR;103;135.47000000;202;EXCHANGE_LAST;;1;1;XEUR;11286679;688;
12.12.2024;14:51:00.378;FGBL SI 20250306 PS;SIMPLE_INSTRUMENT;EFS;EUR;104;135.44000000;226;EXCHANGE_LAST;;1;1;XEUR;11286679;688;
12.12.2024;14:51:36.846;FGBL SI 20250306 PS;SIMPLE_INSTRUMENT;EFS;EUR;105;135.52000000;201;EXCHANGE_LAST;;1;1;XEUR;11286679;688;
12.12.2024;14:52:17.937;FGBL SI 20250306 PS;SIMPLE_INSTRUMENT;EFS;EUR;106;135.52000000;201;EXCHANGE_LAST;;1;1;XEUR;11286679;688;
12.12.2024;14:52:47.884;FGBL SI 20250306 PS;SIMPLE_INSTRUMENT;EFS;EUR;107;135.44000000;177;EXCHANGE_LAST;;1;1;XEUR;11286679;688;
12.12.2024;14:58:46.786;FGBL SI 20250306 PS;SIMPLE_INSTRUMENT;EFS;EUR;108;135.46000000;437;EXCHANGE_LAST;;1;1;XEUR;11286679;688;
12.12.2024;14:59:12.740;FGBL SI 20250306 PS;SIMPLE_INSTRUMENT;EFS;EUR;109;135.39000000;435;EXCHANGE_LAST;;1;1;XEUR;11286679;688;
12.12.2024;15:01:25.136;FGBL SI 20250306 PS;SIMPLE_INSTRUMENT;EFP_FIN;EUR;110;135.36000000;966;EXCHANGE_LAST;;1;1;XEUR;11286679;688;
12.12.2024;15:03:28.980;FGBL SI 20250306 PS;SIMPLE_INSTRUMENT;EFS;EUR;111;135.29000000;403;EXCHANGE_LAST;;1;1;XEUR;11286679;688;
12.12.2024;15:04:32.781;FGBL SI 20250306 PS;SIMPLE_INSTRUMENT;EFP_FIN;EUR;112;135.45000000;316;EXCHANGE_LAST;;1;1;XEUR;11286679;688;
12.12.2024;15:07:10.977;FGBL SI 20250306 PS;SIMPLE_INSTRUMENT;EFP_FIN;EUR;113;135.60000000;743;EXCHANGE_LAST;;1;1;XEUR;11286679;688;
12.12.2024;15:09:46.365;FGBL SI 20250306 PS;SIMPLE_INSTRUMENT;EFS;EUR;114;135.45000000;230;EXCHANGE_LAST;;1;1;XEUR;11286679;688;
12.12.2024;15:09:39.858;FGBL SI 20250306 PS;SIMPLE_INSTRUMENT;EFS;EUR;115;135.46000000;218;EXCHANGE_LAST;;1;1;XEUR;11286679;688;
12.12.2024;15:11:17.574;FGBL SI 20250306 PS;SIMPLE_INSTRUMENT;EFP_FIN;EUR;116;135.28000000;1114;EXCHANGE_LAST;;1;1;XEUR;11286679;688;
12.12.2024;15:11:28.393;FGBL SI 20250306 PS;SIMPLE_INSTRUMENT;EFS;EUR;117;135.33000000;202;EXCHANGE_LAST;;1;1;XEUR;11286679;688;
12.12.2024;15:11:58.311;FGBL SI 20250306 PS;SIMPLE_INSTRUMENT;EFP_FIN;EUR;118;135.45000000;869;EXCHANGE_LAST;;1;1;XEUR;11286679;688;
12.12.2024;15:12:49.562;FGBL SI 20250306 PS;SIMPLE_INSTRUMENT;EFP_FIN;EUR;119;135.45000000;790;EXCHANGE_LAST;;1;1;XEUR;11286679;688;
12.12.2024;15:13:54.076;FGBL SI 20250306 PS;SIMPLE_INSTRUMENT;EFP_FIN;EUR;120;135.64000000;159;EXCHANGE_LAST;;1;1;XEUR;11286679;688;
12.12.2024;15:14:38.522;FGBL SI 20250306 PS;SIMPLE_INSTRUMENT;EFS;EUR;121;135.33000000;404;EXCHANGE_LAST;;1;1;XEUR;11286679;688;
12.12.2024;15:14:43.527;FGBL SI 20250306 PS;SIMPLE_INSTRUMENT;EFS;EUR;122;135.32000000;404;EXCHANGE_LAST;;1;1;XEUR;11286679;688;
12.12.2024;15:17:09.037;FGBL SI 20250306 PS;SIMPLE_INSTRUMENT;EFS;EUR;123;135.25000000;200;EXCHANGE_LAST;;1;1;XEUR;11286679;688;
12.12.2024;15:17:39.911;FGBL SI 20250306 PS;SIMPLE_INSTRUMENT;EFS;EUR;124;135.24000000;200;EXCHANGE_LAST;;1;1;XEUR;11286679;688;
12.12.2024;15:23:38.902;FGBL SI 20250306 PS;SIMPLE_INSTRUMENT;EFS;EUR;125;135.40000000;808;EXCHANGE_LAST;;1;1;XEUR;11286679;688;
12.12.2024;15:24:49.412;FGBL SI 20250306 PS;SIMPLE_INSTRUMENT;EFP_FIN;EUR;126;135.34000000;1286;EXCHANGE_LAST;;1;1;XEUR;11286679;688;
12.12.2024;15:24:43.954;FGBL SI 20250306 PS;SIMPLE_INSTRUMENT;EFS;EUR;127;135.47000000;404;EXCHANGE_LAST;;1;1;XEUR;11286679;688;
12.12.2024;15:25:03.971;FGBL SI 20250306 PS;SIMPLE_INSTRUMENT;EFS;EUR;128;135.45000000;404;EXCHANGE_LAST;;1;1;XEUR;11286679;688;
12.12.2024;15:25:23.988;FGBL SI 20250306 PS;SIMPLE_INSTRUMENT;EFS;EUR;129;135.45000000;404;EXCHANGE_LAST;;1;1;XEUR;11286679;688;
12.12.2024;15:26:07.497;FGBL SI 20250306 PS;SIMPLE_INSTRUMENT;EFS;EUR;130;135.33000000;367;EXCHANGE_LAST;;1;1;XEUR;11286679;688;
12.12.2024;15:28:02.249;FGBL SI 20250306 PS;SIMPLE_INSTRUMENT;EFS;EUR;132;135.33000000;368;EXCHANGE_LAST;;1;1;XEUR;11286679;688;
12.12.2024;15:30:05.199;FGBL SI 20250306 PS;SIMPLE_INSTRUMENT;EFS;EUR;133;135.48000000;404;EXCHANGE_LAST;;1;1;XEUR;11286679;688;
12.12.2024;15:30:39.232;FGBL SI 20250306 PS;SIMPLE_INSTRUMENT;EFS;EUR;134;135.47000000;404;EXCHANGE_LAST;;1;1;XEUR;11286679;688;
12.12.2024;15:32:00.298;FGBL SI 20250306 PS;SIMPLE_INSTRUMENT;EFS;EUR;135;135.45000000;404;EXCHANGE_LAST;;1;1;XEUR;11286679;688;
12.12.2024;15:34:28.441;FGBL SI 20250306 PS;SIMPLE_INSTRUMENT;EFP_FIN;EUR;136;135.97000000;159;EXCHANGE_LAST;;1;1;XEUR;11286679;688;
12.12.2024;15:35:10.422;FGBL SI 20250306 PS;SIMPLE_INSTRUMENT;EFS;EUR;137;135.43000000;404;EXCHANGE_LAST;;1;1;XEUR;11286679;688;
12.12.2024;15:35:15.428;FGBL SI 20250306 PS;SIMPLE_INSTRUMENT;EFS;EUR;138;135.43000000;404;EXCHANGE_LAST;;1;1;XEUR;11286679;688;
12.12.2024;15:39:31.614;FGBL SI 20250306 PS;SIMPLE_INSTRUMENT;EFS;EUR;139;135.46000000;404;EXCHANGE_LAST;;1;1;XEUR;11286679;688;
12.12.2024;15:47:15.640;FGBL SI 20250306 PS;SIMPLE_INSTRUMENT;EFP_FIN;EUR;140;135.45000000;445;EXCHANGE_LAST;;1;1;XEUR;11286679;688;
12.12.2024;15:50:00.283;FGBL SI 20250306 PS;SIMPLE_INSTRUMENT;EFS;EUR;141;135.32000000;403;EXCHANGE_LAST;;1;1;XEUR;11286679;688;
12.12.2024;15:55:36.981;FGBL SI 20250306 PS;SIMPLE_INSTRUMENT;EFS;EUR;142;135.32000000;403;EXCHANGE_LAST;;1;1;XEUR;11286679;688;
12.12.2024;16:02:31.684;FGBL SI 20250306 PS;SIMPLE_INSTRUMENT;EFS;EUR;143;135.32000000;459;EXCHANGE_LAST;;1;1;XEUR;11286679;688;
12.12.2024;16:03:13.006;FGBL SI 20250306 PS;SIMPLE_INSTRUMENT;EFP_FIN;EUR;144;135.31000000;712;EXCHANGE_LAST;;1;1;XEUR;11286679;688;
12.12.2024;16:03:17.656;FGBL SI 20250306 PS;SIMPLE_INSTRUMENT;EFS;EUR;145;135.30000000;809;EXCHANGE_LAST;;1;1;XEUR;11286679;688;
12.12.2024;16:04:12.699;FGBL SI 20250306 PS;SIMPLE_INSTRUMENT;EFS;EUR;146;135.32000000;809;EXCHANGE_LAST;;1;1;XEUR;11286679;688;
12.12.2024;16:05:27.766;FGBL SI 20250306 PS;SIMPLE_INSTRUMENT;EFS;EUR;147;135.32000000;243;EXCHANGE_LAST;;1;1;XEUR;11286679;688;
12.12.2024;16:10:55.843;FGBL SI 20250306 PS;SIMPLE_INSTRUMENT;EFP_FIN;EUR;148;135.36000000;371;EXCHANGE_LAST;;1;1;XEUR;11286679;688;
12.12.2024;16:12:19.911;FGBL SI 20250306 PS;SIMPLE_INSTRUMENT;EFS;EUR;149;135.31000000;242;EXCHANGE_LAST;;1;1;XEUR;11286679;688;
12.12.2024;16:13:44.110;FGBL SI 20250306 PS;SIMPLE_INSTRUMENT;EFS;EUR;150;135.36000000;404;EXCHANGE_LAST;;1;1;XEUR;11286679;688;
12.12.2024;16:16:23.515;FGBL SI 20250306 PS;SIMPLE_INSTRUMENT;EFS;EUR;151;135.38000000;403;EXCHANGE_LAST;;1;1;XEUR;11286679;688;
12.12.2024;16:17:44.159;FGBL SI 20250306 PS;SIMPLE_INSTRUMENT;EFS;EUR;152;135.38000000;242;EXCHANGE_LAST;;1;1;XEUR;11286679;688;
12.12.2024;16:27:14.583;FGBL SI 20250306 PS;SIMPLE_INSTRUMENT;EFS;EUR;153;135.29000000;202;EXCHANGE_LAST;;1;1;XEUR;11286679;688;
12.12.2024;16:27:39.753;FGBL SI 20250306 PS;SIMPLE_INSTRUMENT;EFS;EUR;154;135.30000000;202;EXCHANGE_LAST;;1;1;XEUR;11286679;688;
12.12.2024;16:40:39.313;FGBL SI 20250306 PS;SIMPLE_INSTRUMENT;EFP_FIN;EUR;155;135.35000000;743;EXCHANGE_LAST;;1;1;XEUR;11286679;688;
12.12.2024;16:40:07.249;FGBL SI 20250306 PS;SIMPLE_INSTRUMENT;EFS;EUR;156;135.20000000;405;EXCHANGE_LAST;;1;1;XEUR;11286679;688;
12.12.2024;16:53:43.544;FGBL SI 20250306 PS;SIMPLE_INSTRUMENT;EFP_FIN;EUR;157;135.19000000;169;EXCHANGE_LAST;;1;1;XEUR;11286679;688;
12.12.2024;16:40:57.288;FGBL SI 20250306 PS;SIMPLE_INSTRUMENT;EFS;EUR;158;135.20000000;405;EXCHANGE_LAST;;1;1;XEUR;11286679;688;
12.12.2024;16:42:36.773;FGBL SI 20250306 PS;SIMPLE_INSTRUMENT;EFS;EUR;159;135.19000000;403;EXCHANGE_LAST;;1;1;XEUR;11286679;688;
12.12.2024;16:43:25.703;FGBL SI 20250306 PS;SIMPLE_INSTRUMENT;EFP_FIN;EUR;160;135.35000000;371;EXCHANGE_LAST;;1;1;XEUR;11286679;688;
12.12.2024;16:44:42.453;FGBL SI 20250306 PS;SIMPLE_INSTRUMENT;EFS;EUR;161;135.16000000;403;EXCHANGE_LAST;;1;1;XEUR;11286679;688;
12.12.2024;16:52:42.779;FGBL SI 20250306 PS;SIMPLE_INSTRUMENT;EFS;EUR;162;135.15000000;405;EXCHANGE_LAST;;1;1;XEUR;11286679;688;
12.12.2024;16:55:12.894;FGBL SI 20250306 PS;SIMPLE_INSTRUMENT;EFS;EUR;163;135.10000000;202;EXCHANGE_LAST;;1;1;XEUR;11286679;688;
12.12.2024;16:55:27.910;FGBL SI 20250306 PS;SIMPLE_INSTRUMENT;EFS;EUR;164;135.12000000;405;EXCHANGE_LAST;;1;1;XEUR;11286679;688;
12.12.2024;16:55:42.925;FGBL SI 20250306 PS;SIMPLE_INSTRUMENT;EFS;EUR;165;135.12000000;405;EXCHANGE_LAST;;1;1;XEUR;11286679;688;
12.12.2024;16:57:17.354;FGBL SI 20250306 PS;SIMPLE_INSTRUMENT;EFS;EUR;166;135.12000000;460;EXCHANGE_LAST;;1;1;XEUR;11286679;688;
12.12.2024;16:58:41.013;FGBL SI 20250306 PS;SIMPLE_INSTRUMENT;EFS;EUR;167;135.12000000;460;EXCHANGE_LAST;;1;1;XEUR;11286679;688;
12.12.2024;17:06:00.550;FGBL SI 20250306 PS;SIMPLE_INSTRUMENT;EFS;EUR;168;135.09000000;807;EXCHANGE_LAST;;1;1;XEUR;11286679;688;
12.12.2024;17:08:44.323;FGBL SI 20250306 PS;SIMPLE_INSTRUMENT;EFS;EUR;169;135.15000000;202;EXCHANGE_LAST;;1;1;XEUR;11286679;688;
12.12.2024;17:07:37.969;FGBL SI 20250306 PS;SIMPLE_INSTRUMENT;EFS;EUR;170;135.15000000;460;EXCHANGE_LAST;;1;1;XEUR;11286679;688;
12.12.2024;17:07:51.090;FGBL SI 20250306 PS;SIMPLE_INSTRUMENT;EFS;EUR;171;135.16000000;212;EXCHANGE_LAST;;1;1;XEUR;11286679;688;
12.12.2024;17:09:42.976;FGBL SI 20250306 PS;SIMPLE_INSTRUMENT;EFS;EUR;172;135.15000000;92;EXCHANGE_LAST;;1;1;XEUR;11286679;688;
12.12.2024;17:11:35.607;FGBL SI 20250306 PS;SIMPLE_INSTRUMENT;EFS;EUR;173;135.09000000;202;EXCHANGE_LAST;;1;1;XEUR;11286679;688;
12.12.2024;17:12:31.054;FGBL SI 20250306 PS;SIMPLE_INSTRUMENT;EFS;EUR;174;135.09000000;202;EXCHANGE_LAST;;1;1;XEUR;11286679;688;
12.12.2024;10:09:25.602;FGBL SI 20250306 PS;SIMPLE_INSTRUMENT;VOLA;EUR;268435488;135.56000000;40;EXCHANGE_LAST;;1;1;XEUR;11286679;688;
12.12.2024;10:22:19.522;FGBL SI 20250306 PS;SIMPLE_INSTRUMENT;VOLA;EUR;268435491;135.50000000;97;EXCHANGE_LAST;;1;1;XEUR;11286679;688;
12.12.2024;11:01:19.075;FGBL SI 20250306 PS;SIMPLE_INSTRUMENT;VOLA;EUR;268435504;135.58000000;110;EXCHANGE_LAST;;1;1;XEUR;11286679;688;
12.12.2024;11:01:53.078;FGBL SI 20250306 PS;SIMPLE_INSTRUMENT;VOLA;EUR;268435505;135.58000000;110;EXCHANGE_LAST;;1;1;XEUR;11286679;688;
12.12.2024;11:35:18.919;FGBL SI 20250306 PS;SIMPLE_INSTRUMENT;VOLA;EUR;268435510;135.65000000;85;EXCHANGE_LAST;;1;1;XEUR;11286679;688;
12.12.2024;11:35:58.735;FGBL SI 20250306 PS;SIMPLE_INSTRUMENT;VOLA;EUR;268435511;135.65000000;85;EXCHANGE_LAST;;1;1;XEUR;11286679;688;
12.12.2024;14:44:46.018;FGBL SI 20250306 PS;SIMPLE_INSTRUMENT;VOLA;EUR;268435539;135.63000000;54;EXCHANGE_LAST;;1;1;XEUR;11286679;688;
12.12.2024;15:11:22.533;FGBL SI 20250306 PS;SIMPLE_INSTRUMENT;VOLA;EUR;268435558;135.30000000;48;EXCHANGE_LAST;;1;1;XEUR;11286679;688;
12.12.2024;15:17:53.127;FGBL SI 20250306 PS;SIMPLE_INSTRUMENT;VOLA;EUR;268435563;135.33000000;30;EXCHANGE_LAST;;1;1;XEUR;11286679;688;
12.12.2024;15:59:15.249;FGBL SI 20250306 PS;SIMPLE_INSTRUMENT;VOLA;EUR;268435572;135.36000000;345;EXCHANGE_LAST;;1;1;XEUR;11286679;688;
12.12.2024;16:58:34.717;FGBL SI 20250306 PS;SIMPLE_INSTRUMENT;VOLA;EUR;268435603;135.25000000;45;EXCHANGE_LAST;;1;1;XEUR;11286679;688;
12.12.2024;07:43:18.876;FGBM SI 20250306 PS;SIMPLE_INSTRUMENT;EFS;EUR;1;118.78000000;728;EXCHANGE_LAST;;1;1;XEUR;11286680;689;
12.12.2024;07:53:50.118;FGBM SI 20250306 PS;SIMPLE_INSTRUMENT;EFP_FIN;EUR;2;118.77000000;271;EXCHANGE_LAST;;1;1;XEUR;11286680;689;
12.12.2024;08:05:16.052;FGBM SI 20250306 PS;SIMPLE_INSTRUMENT;EFP_FIN;EUR;3;118.77000000;231;EXCHANGE_LAST;;1;1;XEUR;11286680;689;
12.12.2024;08:10:07.337;FGBM SI 20250306 PS;SIMPLE_INSTRUMENT;EFP_FIN;EUR;4;118.77000000;905;EXCHANGE_LAST;;1;1;XEUR;11286680;689;
12.12.2024;08:27:17.600;FGBM SI 20250306 PS;SIMPLE_INSTRUMENT;EFS;EUR;5;118.76000000;1950;EXCHANGE_LAST;;1;1;XEUR;11286680;689;
12.12.2024;08:30:40.245;FGBM SI 20250306 PS;SIMPLE_INSTRUMENT;EFP_FIN;EUR;6;118.76000000;905;EXCHANGE_LAST;;1;1;XEUR;11286680;689;
12.12.2024;08:52:32.510;FGBM SI 20250306 PS;SIMPLE_INSTRUMENT;EFP_FIN;EUR;7;118.78000000;4026;EXCHANGE_LAST;;1;1;XEUR;11286680;689;
12.12.2024;09:03:26.127;FGBM SI 20250306 PS;SIMPLE_INSTRUMENT;EFP_FIN;EUR;8;118.82000000;417;EXCHANGE_LAST;;1;1;XEUR;11286680;689;
12.12.2024;09:12:21.042;FGBM SI 20250306 PS;SIMPLE_INSTRUMENT;EFP_FIN;EUR;9;118.82000000;863;EXCHANGE_LAST;;1;1;XEUR;11286680;689;
12.12.2024;09:22:42.488;FGBM SI 20250306 PS;SIMPLE_INSTRUMENT;EFP_FIN;EUR;10;118.85000000;1131;EXCHANGE_LAST;;1;1;XEUR;11286680;689;
12.12.2024;09:30:46.242;FGBM SI 20250306 PS;SIMPLE_INSTRUMENT;EFP_FIN;EUR;11;118.83000000;1164;EXCHANGE_LAST;;1;1;XEUR;11286680;689;
12.12.2024;09:35:57.090;FGBM SI 20250306 PS;SIMPLE_INSTRUMENT;EFS;EUR;12;118.75000000;388;EXCHANGE_LAST;;1;1;XEUR;11286680;689;
12.12.2024;09:50:54.796;FGBM SI 20250306 PS;SIMPLE_INSTRUMENT;EFP_FIN;EUR;13;118.76000000;484;EXCHANGE_LAST;;1;1;XEUR;11286680;689;
12.12.2024;10:06:35.084;FGBM SI 20250306 PS;SIMPLE_INSTRUMENT;EFP_FIN;EUR;14;118.75000000;554;EXCHANGE_LAST;;1;1;XEUR;11286680;689;
12.12.2024;10:17:51.613;FGBM SI 20250306 PS;SIMPLE_INSTRUMENT;EFS;EUR;15;118.73000000;879;EXCHANGE_LAST;;1;1;XEUR;11286680;689;
12.12.2024;10:19:44.955;FGBM SI 20250306 PS;SIMPLE_INSTRUMENT;EFS;EUR;16;118.73000000;879;EXCHANGE_LAST;;1;1;XEUR;11286680;689;
12.12.2024;10:27:21.733;FGBM SI 20250306 PS;SIMPLE_INSTRUMENT;EFS;EUR;17;118.76000000;1950;EXCHANGE_LAST;;1;1;XEUR;11286680;689;
12.12.2024;10:30:55.244;FGBM SI 20250306 PS;SIMPLE_INSTRUMENT;EFP_FIN;EUR;18;118.85000000;431;EXCHANGE_LAST;;1;1;XEUR;11286680;689;
12.12.2024;10:55:50.648;FGBM SI 20250306 PS;SIMPLE_INSTRUMENT;EFP_FIN;EUR;19;118.75000000;177;EXCHANGE_LAST;;1;1;XEUR;11286680;689;
12.12.2024;10:46:59.139;FGBM SI 20250306 PS;SIMPLE_INSTRUMENT;EFS;EUR;20;118.80000000;441;EXCHANGE_LAST;;1;1;XEUR;11286680;689;
12.12.2024;10:58:04.718;FGBM SI 20250306 PS;SIMPLE_INSTRUMENT;EFP_FIN;EUR;21;118.75000000;158;EXCHANGE_LAST;;1;1;XEUR;11286680;689;
12.12.2024;11:08:10.392;FGBM SI 20250306 PS;SIMPLE_INSTRUMENT;EFS;EUR;22;118.79000000;439;EXCHANGE_LAST;;1;1;XEUR;11286680;689;
12.12.2024;11:11:13.421;FGBM SI 20250306 PS;SIMPLE_INSTRUMENT;EFP_FIN;EUR;23;118.76000000;484;EXCHANGE_LAST;;1;1;XEUR;11286680;689;
12.12.2024;11:15:27.316;FGBM SI 20250306 PS;SIMPLE_INSTRUMENT;EFP_FIN;EUR;24;118.76000000;259;EXCHANGE_LAST;;1;1;XEUR;11286680;689;
12.12.2024;11:56:15.755;FGBM SI 20250306 PS;SIMPLE_INSTRUMENT;EFS;EUR;25;118.79000000;439;EXCHANGE_LAST;;1;1;XEUR;11286680;689;
12.12.2024;12:08:35.391;FGBM SI 20250306 PS;SIMPLE_INSTRUMENT;EFS;EUR;26;118.80000000;463;EXCHANGE_LAST;;1;1;XEUR;11286680;689;
12.12.2024;12:13:11.196;FGBM SI 20250306 PS;SIMPLE_INSTRUMENT;EFS;EUR;27;118.80000000;4836;EXCHANGE_LAST;;1;1;XEUR;11286680;689;
12.12.2024;12:13:57.810;FGBM SI 20250306 PS;SIMPLE_INSTRUMENT;EFS;EUR;28;118.78000000;836;EXCHANGE_LAST;;1;1;XEUR;11286680;689;
12.12.2024;12:25:46.382;FGBM SI 20250306 PS;SIMPLE_INSTRUMENT;EFP_FIN;EUR;29;118.78000000;431;EXCHANGE_LAST;;1;1;XEUR;11286680;689;
12.12.2024;12:48:45.532;FGBM SI 20250306 PS;SIMPLE_INSTRUMENT;EFS;EUR;30;118.79000000;1671;EXCHANGE_LAST;;1;1;XEUR;11286680;689;
12.12.2024;12:56:23.574;FGBM SI 20250306 PS;SIMPLE_INSTRUMENT;EFS;EUR;31;118.83000000;440;EXCHANGE_LAST;;1;1;XEUR;11286680;689;
12.12.2024;13:03:52.932;FGBM SI 20250306 PS;SIMPLE_INSTRUMENT;EFP_FIN;EUR;33;118.81000000;647;EXCHANGE_LAST;;1;1;XEUR;11286680;689;
12.12.2024;13:08:01.966;FGBM SI 20250306 PS;SIMPLE_INSTRUMENT;EFS;EUR;34;118.83000000;835;EXCHANGE_LAST;;1;1;XEUR;11286680;689;
12.12.2024;13:11:14.182;FGBM SI 20250306 PS;SIMPLE_INSTRUMENT;EFS;EUR;35;118.83000000;351;EXCHANGE_LAST;;1;1;XEUR;11286680;689;
12.12.2024;13:14:52.785;FGBM SI 20250306 PS;SIMPLE_INSTRUMENT;EFS;EUR;36;118.85000000;439;EXCHANGE_LAST;;1;1;XEUR;11286680;689;
12.12.2024;13:39:29.593;FGBM SI 20250306 PS;SIMPLE_INSTRUMENT;EFS;EUR;37;119.02000000;440;EXCHANGE_LAST;;1;1;XEUR;11286680;689;
12.12.2024;13:47:39.920;FGBM SI 20250306 PS;SIMPLE_INSTRUMENT;EFS;EUR;38;119.01000000;881;EXCHANGE_LAST;;1;1;XEUR;11286680;689;
12.12.2024;13:54:48.443;FGBM SI 20250306 PS;SIMPLE_INSTRUMENT;EFS;EUR;39;118.99000000;973;EXCHANGE_LAST;;1;1;XEUR;11286680;689;
12.12.2024;13:58:12.903;FGBM SI 20250306 PS;SIMPLE_INSTRUMENT;EFS;EUR;40;119.01000000;583;EXCHANGE_LAST;;1;1;XEUR;11286680;689;
12.12.2024;14:02:31.524;FGBM SI 20250306 PS;SIMPLE_INSTRUMENT;EFS;EUR;41;119.03000000;881;EXCHANGE_LAST;;1;1;XEUR;11286680;689;
12.12.2024;14:28:10.737;FGBM SI 20250306 PS;SIMPLE_INSTRUMENT;EFS;EUR;42;118.94000000;973;EXCHANGE_LAST;;1;1;XEUR;11286680;689;
12.12.2024;14:29:25.830;FGBM SI 20250306 PS;SIMPLE_INSTRUMENT;EFS;EUR;43;118.85000000;650;EXCHANGE_LAST;;1;1;XEUR;11286680;689;
12.12.2024;14:30:01.352;FGBM SI 20250306 PS;SIMPLE_INSTRUMENT;EFS;EUR;44;118.85000000;880;EXCHANGE_LAST;;1;1;XEUR;11286680;689;
12.12.2024;14:37:28.584;FGBM SI 20250306 PS;SIMPLE_INSTRUMENT;EFP_FIN;EUR;45;118.81000000;647;EXCHANGE_LAST;;1;1;XEUR;11286680;689;
12.12.2024;14:43:18.218;FGBM SI 20250306 PS;SIMPLE_INSTRUMENT;EFS;EUR;46;118.72000000;929;EXCHANGE_LAST;;1;1;XEUR;11286680;689;
12.12.2024;14:50:18.136;FGBM SI 20250306 PS;SIMPLE_INSTRUMENT;EFP_FIN;EUR;47;118.82000000;235;EXCHANGE_LAST;;1;1;XEUR;11286680;689;
12.12.2024;14:46:52.704;FGBM SI 20250306 PS;SIMPLE_INSTRUMENT;EFP_FIN;EUR;48;118.80000000;431;EXCHANGE_LAST;;1;1;XEUR;11286680;689;
12.12.2024;14:50:13.713;FGBM SI 20250306 PS;SIMPLE_INSTRUMENT;EFP_FIN;EUR;49;118.70000000;345;EXCHANGE_LAST;;1;1;XEUR;11286680;689;
12.12.2024;14:48:38.144;FGBM SI 20250306 PS;SIMPLE_INSTRUMENT;EFS;EUR;51;118.75000000;220;EXCHANGE_LAST;;1;1;XEUR;11286680;689;
12.12.2024;14:50:29.311;FGBM SI 20250306 PS;SIMPLE_INSTRUMENT;EFS;EUR;52;118.74000000;220;EXCHANGE_LAST;;1;1;XEUR;11286680;689;
12.12.2024;14:50:37.196;FGBM SI 20250306 PS;SIMPLE_INSTRUMENT;EFP_FIN;EUR;53;118.82000000;628;EXCHANGE_LAST;;1;1;XEUR;11286680;689;
12.12.2024;14:51:55.585;FGBM SI 20250306 PS;SIMPLE_INSTRUMENT;EFS;EUR;54;118.72000000;882;EXCHANGE_LAST;;1;1;XEUR;11286680;689;
12.12.2024;14:52:00.590;FGBM SI 20250306 PS;SIMPLE_INSTRUMENT;EFS;EUR;55;118.71000000;882;EXCHANGE_LAST;;1;1;XEUR;11286680;689;
12.12.2024;14:54:36.843;FGBM SI 20250306 PS;SIMPLE_INSTRUMENT;EFS;EUR;56;118.71000000;440;EXCHANGE_LAST;;1;1;XEUR;11286680;689;
12.12.2024;14:55:02.403;FGBM SI 20250306 PS;SIMPLE_INSTRUMENT;EFS;EUR;57;118.69000000;440;EXCHANGE_LAST;;1;1;XEUR;11286680;689;
12.12.2024;14:56:42.524;FGBM SI 20250306 PS;SIMPLE_INSTRUMENT;EFS;EUR;58;118.71000000;879;EXCHANGE_LAST;;1;1;XEUR;11286680;689;
12.12.2024;14:58:02.144;FGBM SI 20250306 PS;SIMPLE_INSTRUMENT;EFS;EUR;59;118.67000000;100;EXCHANGE_LAST;;1;1;XEUR;11286680;689;
12.12.2024;15:07:47.099;FGBM SI 20250306 PS;SIMPLE_INSTRUMENT;EFS;EUR;60;118.77000000;390;EXCHANGE_LAST;;1;1;XEUR;11286680;689;
12.12.2024;15:18:58.704;FGBM SI 20250306 PS;SIMPLE_INSTRUMENT;EFS;EUR;61;118.67000000;882;EXCHANGE_LAST;;1;1;XEUR;11286680;689;
12.12.2024;15:38:24.719;FGBM SI 20250306 PS;SIMPLE_INSTRUMENT;EFS;EUR;62;118.65000000;930;EXCHANGE_LAST;;1;1;XEUR;11286680;689;
12.12.2024;15:40:48.240;FGBM SI 20250306 PS;SIMPLE_INSTRUMENT;EFS;EUR;63;118.69000000;781;EXCHANGE_LAST;;1;1;XEUR;11286680;689;
12.12.2024;15:40:56.684;FGBM SI 20250306 PS;SIMPLE_INSTRUMENT;EFS;EUR;64;118.69000000;882;EXCHANGE_LAST;;1;1;XEUR;11286680;689;
12.12.2024;15:42:16.226;FGBM SI 20250306 PS;SIMPLE_INSTRUMENT;EFS;EUR;65;118.70000000;931;EXCHANGE_LAST;;1;1;XEUR;11286680;689;
12.12.2024;15:44:15.642;FGBM SI 20250306 PS;SIMPLE_INSTRUMENT;EFP_FIN;EUR;66;118.65000000;863;EXCHANGE_LAST;;1;1;XEUR;11286680;689;
12.12.2024;15:45:56.917;FGBM SI 20250306 PS;SIMPLE_INSTRUMENT;EFS;EUR;67;118.63000000;441;EXCHANGE_LAST;;1;1;XEUR;11286680;689;
12.12.2024;15:51:27.683;FGBM SI 20250306 PS;SIMPLE_INSTRUMENT;EFS;EUR;68;118.62000000;660;EXCHANGE_LAST;;1;1;XEUR;11286680;689;
12.12.2024;15:58:42.459;FGBM SI 20250306 PS;SIMPLE_INSTRUMENT;EFS;EUR;69;118.63000000;441;EXCHANGE_LAST;;1;1;XEUR;11286680;689;
12.12.2024;15:59:02.476;FGBM SI 20250306 PS;SIMPLE_INSTRUMENT;EFS;EUR;70;118.63000000;441;EXCHANGE_LAST;;1;1;XEUR;11286680;689;
12.12.2024;16:24:55.618;FGBM SI 20250306 PS;SIMPLE_INSTRUMENT;EFS;EUR;71;118.62000000;881;EXCHANGE_LAST;;1;1;XEUR;11286680;689;
12.12.2024;16:33:12.268;FGBM SI 20250306 PS;SIMPLE_INSTRUMENT;EFS;EUR;72;118.59000000;1762;EXCHANGE_LAST;;1;1;XEUR;11286680;689;
12.12.2024;16:38:06.673;FGBM SI 20250306 PS;SIMPLE_INSTRUMENT;EFS;EUR;73;118.57000000;973;EXCHANGE_LAST;;1;1;XEUR;11286680;689;
12.12.2024;16:38:57.190;FGBM SI 20250306 PS;SIMPLE_INSTRUMENT;EFS;EUR;74;118.55000000;442;EXCHANGE_LAST;;1;1;XEUR;11286680;689;
12.12.2024;16:42:01.524;FGBM SI 20250306 PS;SIMPLE_INSTRUMENT;EFS;EUR;75;118.56000000;837;EXCHANGE_LAST;;1;1;XEUR;11286680;689;
12.12.2024;16:44:01.112;FGBM SI 20250306 PS;SIMPLE_INSTRUMENT;EFS;EUR;76;118.53000000;837;EXCHANGE_LAST;;1;1;XEUR;11286680;689;
12.12.2024;16:46:46.314;FGBM SI 20250306 PS;SIMPLE_INSTRUMENT;EFS;EUR;77;118.53000000;440;EXCHANGE_LAST;;1;1;XEUR;11286680;689;
12.12.2024;16:52:42.734;FGBM SI 20250306 PS;SIMPLE_INSTRUMENT;EFS;EUR;78;118.52000000;839;EXCHANGE_LAST;;1;1;XEUR;11286680;689;
12.12.2024;16:55:12.849;FGBM SI 20250306 PS;SIMPLE_INSTRUMENT;EFS;EUR;79;118.50000000;420;EXCHANGE_LAST;;1;1;XEUR;11286680;689;
12.12.2024;16:55:27.865;FGBM SI 20250306 PS;SIMPLE_INSTRUMENT;EFS;EUR;80;118.50000000;839;EXCHANGE_LAST;;1;1;XEUR;11286680;689;
12.12.2024;16:55:42.879;FGBM SI 20250306 PS;SIMPLE_INSTRUMENT;EFS;EUR;81;118.50000000;839;EXCHANGE_LAST;;1;1;XEUR;11286680;689;
12.12.2024;16:59:19.018;FGBM SI 20250306 PS;SIMPLE_INSTRUMENT;EFP_FIN;EUR;82;118.57000000;431;EXCHANGE_LAST;;1;1;XEUR;11286680;689;
12.12.2024;17:04:53.294;FGBM SI 20250306 PS;SIMPLE_INSTRUMENT;EFS;EUR;83;118.51000000;440;EXCHANGE_LAST;;1;1;XEUR;11286680;689;
12.12.2024;17:10:30.305;FGBM SI 20250306 PS;SIMPLE_INSTRUMENT;EFS;EUR;84;118.52000000;418;EXCHANGE_LAST;;1;1;XEUR;11286680;689;
12.12.2024;17:10:13.317;FGBM SI 20250306 PS;SIMPLE_INSTRUMENT;EFS;EUR;85;118.49000000;465;EXCHANGE_LAST;;1;1;XEUR;11286680;689;
12.12.2024;09:06:52.739;FGBS SI 20250306 PS;SIMPLE_INSTRUMENT;EFS;EUR;1;107.26000000;1500;EXCHANGE_LAST;;1;1;XEUR;11286681;690;
12.12.2024;09:36:07.091;FGBS SI 20250306 PS;SIMPLE_INSTRUMENT;EFS;EUR;2;107.24500000;1081;EXCHANGE_LAST;;1;1;XEUR;11286681;690;
12.12.2024;09:59:08.191;FGBS SI 20250306 PS;SIMPLE_INSTRUMENT;EFS;EUR;3;107.25000000;1361;EXCHANGE_LAST;;1;1;XEUR;11286681;690;
12.12.2024;10:24:15.336;FGBS SI 20250306 PS;SIMPLE_INSTRUMENT;EFP_FIN;EUR;4;107.23000000;623;EXCHANGE_LAST;;1;1;XEUR;11286681;690;
12.12.2024;10:27:57.885;FGBS SI 20250306 PS;SIMPLE_INSTRUMENT;EFP_FIN;EUR;5;107.23000000;1247;EXCHANGE_LAST;;1;1;XEUR;11286681;690;
12.12.2024;10:41:08.016;FGBS SI 20250306 PS;SIMPLE_INSTRUMENT;EFP_FIN;EUR;6;107.24000000;514;EXCHANGE_LAST;;1;1;XEUR;11286681;690;
12.12.2024;10:41:07.995;FGBS SI 20250306 PS;SIMPLE_INSTRUMENT;EFP_FIN;EUR;7;107.24000000;561;EXCHANGE_LAST;;1;1;XEUR;11286681;690;
12.12.2024;10:57:13.540;FGBS SI 20250306 PS;SIMPLE_INSTRUMENT;EFS;EUR;8;107.26000000;1361;EXCHANGE_LAST;;1;1;XEUR;11286681;690;
12.12.2024;11:15:08.313;FGBS SI 20250306 PS;SIMPLE_INSTRUMENT;EFP_FIN;EUR;9;107.26000000;626;EXCHANGE_LAST;;1;1;XEUR;11286681;690;
12.12.2024;11:17:49.284;FGBS SI 20250306 PS;SIMPLE_INSTRUMENT;EFS;EUR;10;107.26000000;1360;EXCHANGE_LAST;;1;1;XEUR;11286681;690;
12.12.2024;12:04:27.725;FGBS SI 20250306 PS;SIMPLE_INSTRUMENT;EFS;EUR;11;107.25500000;1292;EXCHANGE_LAST;;1;1;XEUR;11286681;690;
12.12.2024;12:07:04.589;FGBS SI 20250306 PS;SIMPLE_INSTRUMENT;EFS;EUR;12;107.26000000;2722;EXCHANGE_LAST;;1;1;XEUR;11286681;690;
12.12.2024;12:50:58.759;FGBS SI 20250306 PS;SIMPLE_INSTRUMENT;EFP_FIN;EUR;13;107.23000000;1858;EXCHANGE_LAST;;1;1;XEUR;11286681;690;
12.12.2024;13:01:01.264;FGBS SI 20250306 PS;SIMPLE_INSTRUMENT;EFP_FIN;EUR;14;107.25000000;1138;EXCHANGE_LAST;;1;1;XEUR;11286681;690;
12.12.2024;13:06:25.984;FGBS SI 20250306 PS;SIMPLE_INSTRUMENT;EFP_FIN;EUR;15;107.23000000;287;EXCHANGE_LAST;;1;1;XEUR;11286681;690;
12.12.2024;13:34:43.370;FGBS SI 20250306 PS;SIMPLE_INSTRUMENT;EFS;EUR;16;107.31000000;2719;EXCHANGE_LAST;;1;1;XEUR;11286681;690;
12.12.2024;13:37:51.382;FGBS SI 20250306 PS;SIMPLE_INSTRUMENT;EFS;EUR;17;107.31000000;4079;EXCHANGE_LAST;;1;1;XEUR;11286681;690;
12.12.2024;13:42:07.783;FGBS SI 20250306 PS;SIMPLE_INSTRUMENT;EFS;EUR;18;107.33500000;1015;EXCHANGE_LAST;;1;1;XEUR;11286681;690;
12.12.2024;13:57:44.145;FGBS SI 20250306 PS;SIMPLE_INSTRUMENT;EFS;EUR;19;107.35000000;1631;EXCHANGE_LAST;;1;1;XEUR;11286681;690;
12.12.2024;14:27:28.371;FGBS SI 20250306 PS;SIMPLE_INSTRUMENT;EFP_FIN;EUR;20;107.26000000;1216;EXCHANGE_LAST;;1;1;XEUR;11286681;690;
12.12.2024;14:44:37.710;FGBS SI 20250306 PS;SIMPLE_INSTRUMENT;EFS;EUR;21;107.27500000;1632;EXCHANGE_LAST;;1;1;XEUR;11286681;690;
12.12.2024;14:47:08.499;FGBS SI 20250306 PS;SIMPLE_INSTRUMENT;EFP_FIN;EUR;22;107.35000000;249;EXCHANGE_LAST;;1;1;XEUR;11286681;690;
12.12.2024;15:07:15.896;FGBS SI 20250306 PS;SIMPLE_INSTRUMENT;EFS;EUR;23;107.24500000;5444;EXCHANGE_LAST;;1;1;XEUR;11286681;690;
12.12.2024;15:24:50.191;FGBS SI 20250306 PS;SIMPLE_INSTRUMENT;EFP_FIN;EUR;25;107.32000000;877;EXCHANGE_LAST;;1;1;XEUR;11286681;690;
12.12.2024;15:27:06.918;FGBS SI 20250306 PS;SIMPLE_INSTRUMENT;EFS;EUR;26;107.32000000;2727;EXCHANGE_LAST;;1;1;XEUR;11286681;690;
12.12.2024;15:32:01.342;FGBS SI 20250306 PS;SIMPLE_INSTRUMENT;EFP_FIN;EUR;27;107.24000000;467;EXCHANGE_LAST;;1;1;XEUR;11286681;690;
12.12.2024;15:36:42.335;FGBS SI 20250306 PS;SIMPLE_INSTRUMENT;EFP_FIN;EUR;28;107.20000000;2485;EXCHANGE_LAST;;1;1;XEUR;11286681;690;
12.12.2024;15:38:03.558;FGBS SI 20250306 PS;SIMPLE_INSTRUMENT;EFP_FIN;EUR;29;107.22000000;468;EXCHANGE_LAST;;1;1;XEUR;11286681;690;
12.12.2024;15:55:20.770;FGBS SI 20250306 PS;SIMPLE_INSTRUMENT;EFS;EUR;30;107.20000000;1360;EXCHANGE_LAST;;1;1;XEUR;11286681;690;
12.12.2024;16:02:49.685;FGBS SI 20250306 PS;SIMPLE_INSTRUMENT;EFS;EUR;31;107.19000000;2724;EXCHANGE_LAST;;1;1;XEUR;11286681;690;
12.12.2024;16:22:36.846;FGBS SI 20250306 PS;SIMPLE_INSTRUMENT;EFS;EUR;33;107.19000000;1360;EXCHANGE_LAST;;1;1;XEUR;11286681;690;
12.12.2024;16:33:24.717;FGBS SI 20250306 PS;SIMPLE_INSTRUMENT;EFS;EUR;34;107.18000000;2725;EXCHANGE_LAST;;1;1;XEUR;11286681;690;
12.12.2024;17:16:27.997;FGBS SI 20250306 PS;SIMPLE_INSTRUMENT;EFS;EUR;35;107.15500000;2725;EXCHANGE_LAST;;1;1;XEUR;11286681;690;
12.12.2024;16:30:11.387;FGBS SI 20250306 PS;SIMPLE_INSTRUMENT;VOLA;EUR;268435590;107.29000000;20;EXCHANGE_LAST;;1;1;XEUR;11286681;690;
12.12.2024;16:30:56.155;FGBS SI 20250306 PS;SIMPLE_INSTRUMENT;VOLA;EUR;268435591;107.29000000;20;EXCHANGE_LAST;;1;1;XEUR;11286681;690;
12.12.2024;08:24:16.392;FGBX SI 20250306 PS;SIMPLE_INSTRUMENT;EFP_FIN;EUR;1;137.70000000;186;EXCHANGE_LAST;;1;1;XEUR;11286682;691;
12.12.2024;08:29:09.809;FGBX SI 20250306 PS;SIMPLE_INSTRUMENT;EFS;EUR;2;137.40000000;350;EXCHANGE_LAST;;1;1;XEUR;11286682;691;
12.12.2024;08:31:40.689;FGBX SI 20250306 PS;SIMPLE_INSTRUMENT;BLOCK;EUR;3;137.76000000;229;EXCHANGE_LAST;;1;1;XEUR;11286682;691;
