#Date;TrdTime;Contract;ContractType;TrdTyp;Currency;TesId;Prc;Qty;TrdInd;Aggressor;Buy;Sell;Exch;InstrumentId;RelatedProdId;PrcDecomp
12.05.2025;11:05:29.928;A2SG SI 20250620 CS;SIMPLE_INSTRUMENT;BLOCK;EUR;23;1.43000000;2188;EXCHANGE_LAST;;1;1;XEUR;10827627;14;
12.05.2025;12:45:33.276;A2SG SI 20250620 CS;SIMPLE_INSTRUMENT;BLOCK;EUR;49;1.43000000;2188;EXCHANGE_LAST;;1;1;XEUR;10827627;14;
12.05.2025;13:00:06.332;A2XA SI 20271217 CS;SIMPLE_INSTRUMENT;BLOCK;EUR;51;2.17000000;500;EXCHANGE_LAST;;2;3;XEUR;5914267;17;
12.05.2025;14:04:09.188;A2XA SI 20281215 CS;SIMPLE_INSTRUMENT;BLOCK;EUR;69;2.05500000;250;EXCHANGE_LAST;;1;1;XEUR;6796967;17;
12.05.2025;14:17:50.873;A2XA SI 20281215 CS;SIMPLE_INSTRUMENT;BLOCK;EUR;74;2.05500000;250;EXCHANGE_LAST;;1;1;XEUR;6796967;17;
12.05.2025;15:25:33.197;A2XA SI 20261218 CS;SIMPLE_INSTRUMENT;BLOCK;EUR;99;2.30500000;100;EXCHANGE_LAST;;1;1;XEUR;4632093;17;
12.05.2025;13:23:57.967;ABBN.O.250512.PDIA.000003;STANDARD_OPTION_STRATEGY;BLOCK;CHF;51;-0.52000000;3530;EXCHANGE_LAST;;1;1;XEUR;74525125763938063;574517;
12.05.2025;13:23:57.967;ABBN SI 20250919 PS AM P 41.00 0;SIMPLE_INSTRUMENT;BLOCK;CHF;51;0.98000000;3530;PRC_DECOMP_EXCHANGE;;;;XEUR;12393106;574517;EXCHANGE
12.05.2025;13:23:57.967;ABBN SI 20251219 PS AM P 32.00 0;SIMPLE_INSTRUMENT;BLOCK;CHF;51;0.46000000;3530;PRC_DECOMP_EXCHANGE;;;;XEUR;8509409;574517;EXCHANGE
12.05.2025;13:23:27.555;ABBN SI 20250620 PS AM P 40.00 0;SIMPLE_INSTRUMENT;BLOCK;CHF;52;0.18000000;2500;EXCHANGE_LAST;;1;1;XEUR;8509479;574517;
12.05.2025;10:45:21.756;ADEN SI 20250620 PS AM C 25.00 0;SIMPLE_INSTRUMENT;BLOCK;CHF;29;0.70000000;6033;EXCHANGE_LAST;;1;1;XEUR;12994217;44;
12.05.2025;10:45:10.756;ADEN SI 20250620 PS AM C 28.00 0;SIMPLE_INSTRUMENT;BLOCK;CHF;30;0.25000000;16892;EXCHANGE_LAST;;1;1;XEUR;7897568;44;
12.05.2025;13:16:45.044;ADEN SI 20250620 PS AM C 24.00 0;SIMPLE_INSTRUMENT;BLOCK;CHF;49;1.55000000;2000;EXCHANGE_LAST;;1;1;XEUR;7897565;44;
12.05.2025;13:16:56.806;ADEN SI 20250620 PS AM C 24.00 0;SIMPLE_INSTRUMENT;BLOCK;CHF;50;1.55000000;1500;EXCHANGE_LAST;;1;1;XEUR;7897565;44;
12.05.2025;13:26:22.408;ADEN SI 20250516 PS AM C 24.00 0;SIMPLE_INSTRUMENT;BLOCK;CHF;54;1.00000000;1080;EXCHANGE_LAST;;1;1;XEUR;12811851;44;
12.05.2025;13:26:31.318;ADEN SI 20250516 PS AM C 27.00 0;SIMPLE_INSTRUMENT;BLOCK;CHF;55;0.10000000;1080;EXCHANGE_LAST;;1;1;XEUR;12811798;44;
12.05.2025;08:23:10.251;ADS SI 20250516 PS AM C 220.00 0;SIMPLE_INSTRUMENT;BLOCK;EUR;4;2.00000000;250;EXCHANGE_LAST;;1;1;XEUR;12812016;50;
12.05.2025;12:22:13.719;AHA SI 20250516 PS AM C 2200 0;SIMPLE_INSTRUMENT;BLOCK;GBX;11;50.00000000;180;EXCHANGE_LAST;;1;1;XEUR;12853140;509905;
12.05.2025;12:22:37.655;AHA SI 20250516 PS AM C 2300 0;SIMPLE_INSTRUMENT;BLOCK;GBX;12;19.00000000;180;EXCHANGE_LAST;;1;1;XEUR;12853145;509905;
12.05.2025;14:05:34.546;ALCF SI 20250620 CS;SIMPLE_INSTRUMENT;BLOCK;CHF;71;80.49800000;300;EXCHANGE_LAST;;1;1;XEUR;11198982;130133;
12.05.2025;09:03:55.626;ALV SI 20261218 PS AM P 160.00 0;SIMPLE_INSTRUMENT;BLOCK;EUR;1;2.34000000;400;EXCHANGE_LAST;;1;1;XEUR;7152565;74;
12.05.2025;09:03:46.143;ALV SI 20261218 PS AM P 160.00 0;SIMPLE_INSTRUMENT;BLOCK;EUR;2;2.35000000;400;EXCHANGE_LAST;;1;1;XEUR;7152565;74;
12.05.2025;09:03:33.383;ALV SI 20251219 PS AM P 290.00 0;SIMPLE_INSTRUMENT;BLOCK;EUR;3;5.00000000;400;EXCHANGE_LAST;;1;1;XEUR;12056991;74;
12.05.2025;09:03:09.705;ALV SI 20260320 PS AM C 380.00 0;SIMPLE_INSTRUMENT;BLOCK;EUR;4;20.71000000;300;EXCHANGE_LAST;;1;1;XEUR;12995528;74;
12.05.2025;15:21:46.241;ANNG SI 20250516 CS;SIMPLE_INSTRUMENT;BLOCK;EUR;92;29.21000000;12000;EXCHANGE_LAST;;1;1;XEUR;11069991;464374;
12.05.2025;15:30:44.129;ANNG SI 20251219 CS;SIMPLE_INSTRUMENT;BLOCK;EUR;102;27.94600000;530;EXCHANGE_LAST;;1;1;XEUR;8708694;464374;
12.05.2025;12:45:00.673;ASGF SI 20250619 CS;SIMPLE_INSTRUMENT;BLOCK;EUR;48;33.83060000;25000;EXCHANGE_LAST;;1;1;XEUR;12186943;949862;
12.05.2025;10:00:21.498;ASM.N.250512.000009;NON_STANDARD_OPTION_STRATEGY;BLOCK;EUR;3;88.25000000;300;EXCHANGE_LAST;;1;1;XEUR;72058053599446865;107;
12.05.2025;10:00:21.498;ASM SI 20261218 PS AM C 960.00 0;SIMPLE_INSTRUMENT;BLOCK;EUR;3;40.74000000;300;PRC_DECOMP_EXCHANGE;;;;XEUR;7207391;107;EXCHANGE
12.05.2025;10:00:21.498;ASM SI 20261218 PS AM C 640.00 0;SIMPLE_INSTRUMENT;BLOCK;EUR;3;134.46000000;300;PRC_DECOMP_EXCHANGE;;;;XEUR;7152928;107;EXCHANGE
12.05.2025;10:00:21.498;ASM SI 20250516 PS AM C 680.00 0;SIMPLE_INSTRUMENT;BLOCK;EUR;3;5.47000000;300;PRC_DECOMP_EXCHANGE;;;;XEUR;12813009;107;EXCHANGE
12.05.2025;12:25:38.080;ASM SI 20250620 PS AM C 650.00 0;SIMPLE_INSTRUMENT;BLOCK;EUR;6;40.00000000;150;EXCHANGE_LAST;;1;1;XEUR;12996052;107;
12.05.2025;12:26:14.648;ASM SI 20250620 PS AM C 690.00 0;SIMPLE_INSTRUMENT;BLOCK;EUR;7;22.00000000;150;EXCHANGE_LAST;;1;1;XEUR;12996046;107;
12.05.2025;13:36:02.834;ASM SI 20250919 PS AM P 560.00 0;SIMPLE_INSTRUMENT;BLOCK;EUR;9;18.05000000;300;EXCHANGE_LAST;;1;1;XEUR;11872147;107;
12.05.2025;14:37:16.866;ASM.O.250512.STD.000014;STANDARD_OPTION_STRATEGY;BLOCK;EUR;11;148.50000000;150;EXCHANGE_LAST;;1;1;XEUR;72058053599446870;107;
12.05.2025;14:37:16.866;ASM SI 20251219 PS AM P 680.00 0;SIMPLE_INSTRUMENT;BLOCK;EUR;11;82.41000000;150;PRC_DECOMP_EXCHANGE;;;;XEUR;12432513;107;EXCHANGE
12.05.2025;14:37:16.866;ASM SI 20251219 PS AM C 680.00 0;SIMPLE_INSTRUMENT;BLOCK;EUR;11;66.09000000;150;PRC_DECOMP_EXCHANGE;;;;XEUR;12432516;107;EXCHANGE
12.05.2025;11:01:33.394;ASMH SI 20250620 CS;SIMPLE_INSTRUMENT;BLOCK;EUR;19;664.51210000;550;EXCHANGE_LAST;;1;1;XEUR;11191365;3979;
12.05.2025;12:34:19.935;ASMH SI 20250620 CS;SIMPLE_INSTRUMENT;BLOCK;EUR;47;667.67000000;1000;EXCHANGE_LAST;;1;1;XEUR;11191365;3979;
12.05.2025;08:22:46.965;AXA SI 20260619 PS AM C 40.00 0;SIMPLE_INSTRUMENT;BLOCK;EUR;5;4.45000000;1969;EXCHANGE_LAST;;1;1;XEUR;9538772;127;
12.05.2025;08:23:11.252;AXA SI 20260619 PS AM C 40.00 0;SIMPLE_INSTRUMENT;BLOCK;EUR;6;4.46000000;1969;EXCHANGE_LAST;;1;1;XEUR;9538772;127;
12.05.2025;12:19:13.328;AXA.O.250512.BER.000001;STANDARD_OPTION_STRATEGY;BLOCK;EUR;15;0.77000000;1500;EXCHANGE_LAST;;1;1;XEUR;72058139498795562;127;
12.05.2025;12:19:13.328;AXA SI 20251219 PS AM P 34.00 0;SIMPLE_INSTRUMENT;BLOCK;EUR;15;0.75000000;1500;PRC_DECOMP_EXCHANGE;;;;XEUR;11960008;127;EXCHANGE
12.05.2025;12:19:13.328;AXA SI 20251219 PS AM P 38.00 0;SIMPLE_INSTRUMENT;BLOCK;EUR;15;1.52000000;1500;PRC_DECOMP_EXCHANGE;;;;XEUR;11754646;127;EXCHANGE
12.05.2025;12:19:23.960;AXA.O.250512.BER.000001;STANDARD_OPTION_STRATEGY;BLOCK;EUR;16;0.78000000;1500;EXCHANGE_LAST;;1;1;XEUR;72058139498795562;127;
12.05.2025;12:19:23.960;AXA SI 20251219 PS AM P 34.00 0;SIMPLE_INSTRUMENT;BLOCK;EUR;16;0.75000000;1500;PRC_DECOMP_EXCHANGE;;;;XEUR;11960008;127;EXCHANGE
12.05.2025;12:19:23.960;AXA SI 20251219 PS AM P 38.00 0;SIMPLE_INSTRUMENT;BLOCK;EUR;16;1.53000000;1500;PRC_DECOMP_EXCHANGE;;;;XEUR;11754646;127;EXCHANGE
12.05.2025;12:49:43.650;AXA SI 20251219 PS AM C 45.00 0;SIMPLE_INSTRUMENT;BLOCK;EUR;19;1.25000000;1750;EXCHANGE_LAST;;1;1;XEUR;12767435;127;
12.05.2025;13:53:27.251;B2MW SI 20250620 CS;SIMPLE_INSTRUMENT;BLOCK;EUR;68;4.30000000;51;EXCHANGE_LAST;;1;1;XEUR;10830088;128;
12.05.2025;13:24:25.744;B2NP SI 20261218 CS;SIMPLE_INSTRUMENT;BLOCK;EUR;61;4.90000000;100;EXCHANGE_LAST;;1;1;XEUR;6798320;131;
12.05.2025;14:40:53.232;B2NP SI 20250620 CS;SIMPLE_INSTRUMENT;BLOCK;EUR;78;4.79000000;345;EXCHANGE_LAST;;2;2;XEUR;10830225;131;
12.05.2025;12:47:21.475;B2PE SI 20250620 CS;SIMPLE_INSTRUMENT;BLOCK;EUR;50;0.60000000;270;EXCHANGE_LAST;;1;1;XEUR;12178633;949835;
12.05.2025;13:24:09.474;BAEN SI 20260619 PS AM P 52.00 0;SIMPLE_INSTRUMENT;BLOCK;CHF;53;4.50000000;1000;EXCHANGE_LAST;;2;1;XEUR;9539235;159;
12.05.2025;08:38:22.889;BAS SI 20250516 PS AM C 45.00 0;SIMPLE_INSTRUMENT;BLOCK;EUR;4;0.64000000;2000;EXCHANGE_LAST;;1;1;XEUR;12813667;150;
12.05.2025;09:17:18.909;BAS.O.250512.BUL.000009;STANDARD_OPTION_STRATEGY;BLOCK;EUR;5;0.53000000;2550;EXCHANGE_LAST;;1;1;XEUR;72058238283093392;150;
12.05.2025;09:17:18.909;BAS SI 20250620 PS AM C 48.00 0;SIMPLE_INSTRUMENT;BLOCK;EUR;5;0.75000000;2550;PRC_DECOMP_EXCHANGE;;;;XEUR;7898967;150;EXCHANGE
12.05.2025;09:17:18.909;BAS SI 20250620 PS AM C 51.00 0;SIMPLE_INSTRUMENT;BLOCK;EUR;5;0.22000000;2550;PRC_DECOMP_EXCHANGE;;;;XEUR;12996857;150;EXCHANGE
12.05.2025;09:45:44.913;BAS SI 20260619 PS AM C 50.00 0;SIMPLE_INSTRUMENT;BLOCK;EUR;8;3.40000000;1250;EXCHANGE_LAST;;1;1;XEUR;12749084;150;
12.05.2025;10:59:29.796;BAS SI 20250516 PS AM C 45.00 0;SIMPLE_INSTRUMENT;BLOCK;EUR;9;1.06000000;2000;EXCHANGE_LAST;;1;1;XEUR;12813667;150;
12.05.2025;11:57:49.556;BAS SI 20250516 PS AM C 46.00 0;SIMPLE_INSTRUMENT;BLOCK;EUR;10;0.60000000;2348;EXCHANGE_LAST;;1;1;XEUR;12813680;150;
12.05.2025;13:34:08.993;BAS SI 20260320 PS AM P 42.00 0;SIMPLE_INSTRUMENT;BLOCK;EUR;11;2.60000000;2500;EXCHANGE_LAST;;1;1;XEUR;12996564;150;
12.05.2025;13:47:33.201;BAS SI 20250516 PS AM C 46.00 0;SIMPLE_INSTRUMENT;BLOCK;EUR;12;0.65000000;2739;EXCHANGE_LAST;;1;1;XEUR;12813680;150;
12.05.2025;14:23:31.134;BAS SI 20250919 PS AM C 50.00 0;SIMPLE_INSTRUMENT;BLOCK;EUR;15;1.42000000;500;EXCHANGE_LAST;;1;1;XEUR;11873029;150;
12.05.2025;14:23:18.231;BAS SI 20250919 PS AM C 52.00 0;SIMPLE_INSTRUMENT;BLOCK;EUR;16;1.04000000;500;EXCHANGE_LAST;;1;1;XEUR;11873033;150;
12.05.2025;07:29:49.397;BASE SI 20250516 PS EU C 44.00 0;SIMPLE_INSTRUMENT;BLOCK;EUR;1;1.60000000;1308;EXCHANGE_LAST;;1;1;XEUR;12813513;151;
12.05.2025;07:48:59.818;BASE SI 20250516 PS EU C 44.00 0;SIMPLE_INSTRUMENT;BLOCK;EUR;2;1.70000000;1307;EXCHANGE_LAST;;1;1;XEUR;12813513;151;
12.05.2025;07:29:13.898;BASG SI 20250620 CS;SIMPLE_INSTRUMENT;BLOCK;EUR;1;45.50000000;10000;EXCHANGE_LAST;;1;1;XEUR;11169531;171;
12.05.2025;15:14:04.261;BASG SI 20250620 CS;SIMPLE_INSTRUMENT;BLOCK;EUR;89;44.86600000;2000;EXCHANGE_LAST;;1;1;XEUR;11169531;171;
12.05.2025;09:23:30.654;BAY.O.250512.BLT.000013;STANDARD_OPTION_STRATEGY;BLOCK;EUR;6;1.96000000;2000;EXCHANGE_LAST;;1;1;XEUR;72058315592510318;168;
12.05.2025;09:23:30.654;BAY SI 20251219 PS AM C 26.00 0;SIMPLE_INSTRUMENT;BLOCK;EUR;6;2.72000000;2000;PRC_DECOMP_EXCHANGE;;;;XEUR;11594950;168;EXCHANGE
12.05.2025;09:23:30.654;BAY SI 20250620 PS AM C 26.00 0;SIMPLE_INSTRUMENT;BLOCK;EUR;6;0.76000000;2000;PRC_DECOMP_EXCHANGE;;;;XEUR;10324700;168;EXCHANGE
12.05.2025;15:39:46.151;BDSG SI 20250516 CS;SIMPLE_INSTRUMENT;BLOCK;EUR;117;2.67410000;58000;EXCHANGE_LAST;;1;1;XEUR;11031656;191;
12.05.2025;15:40:02.698;BDSG SI 20250516 CS;SIMPLE_INSTRUMENT;BLOCK;EUR;118;2.67410000;50000;EXCHANGE_LAST;;1;1;XEUR;11031656;191;
12.05.2025;13:29:40.043;BMPF SI 20250619 CS;SIMPLE_INSTRUMENT;BLOCK;EUR;63;7.11490000;2500;EXCHANGE_LAST;;1;1;XEUR;12906361;1052251;
12.05.2025;09:17:28.147;BMW SI 20250620 PS AM C 88.00 0;SIMPLE_INSTRUMENT;BLOCK;EUR;3;0.68000000;7000;EXCHANGE_LAST;;3;3;XEUR;11352605;210;
12.05.2025;09:25:17.509;BMW SI 20250620 PS AM C 88.00 0;SIMPLE_INSTRUMENT;BLOCK;EUR;7;0.68000000;500;EXCHANGE_LAST;;1;1;XEUR;11352605;210;
12.05.2025;09:36:37.997;BMW SI 20250620 PS AM P 80.00 0;SIMPLE_INSTRUMENT;BLOCK;EUR;8;3.71000000;1000;EXCHANGE_LAST;;2;1;XEUR;11332526;210;
12.05.2025;11:03:16.668;BMW SI 20250620 PS AM C 82.00 0;SIMPLE_INSTRUMENT;BLOCK;EUR;18;2.57000000;500;EXCHANGE_LAST;;1;1;XEUR;12998460;210;
12.05.2025;13:02:13.527;BMW.O.250512.CDIA.000029;STANDARD_OPTION_STRATEGY;BLOCK;EUR;24;-3.62000000;1000;EXCHANGE_LAST;;1;1;XEUR;72058495981110317;210;
12.05.2025;13:02:13.527;BMW SI 20250718 PS AM C 79.00 0;SIMPLE_INSTRUMENT;BLOCK;EUR;24;5.88000000;1000;PRC_DECOMP_EXCHANGE;;;;XEUR;13236899;210;EXCHANGE
12.05.2025;13:02:13.527;BMW SI 20250516 PS AM C 75.00 0;SIMPLE_INSTRUMENT;BLOCK;EUR;24;9.50000000;1000;PRC_DECOMP_EXCHANGE;;;;XEUR;12814758;210;EXCHANGE
12.05.2025;13:41:15.006;BMW.O.250512.RTSP.000031;STANDARD_OPTION_STRATEGY;BLOCK;EUR;25;0.00000000;2300;EXCHANGE_LAST;;1;1;XEUR;72058495981110319;210;
12.05.2025;13:41:15.006;BMW SI 20260619 PS AM C 92.00 0;SIMPLE_INSTRUMENT;BLOCK;EUR;25;5.15000000;2300;PRC_DECOMP_MEMBER;;;;XEUR;9541182;210;MEMBER
12.05.2025;13:41:15.006;BMW SI 20250620 PS AM P 84.00 0;SIMPLE_INSTRUMENT;BLOCK;EUR;25;5.15000000;2300;PRC_DECOMP_MEMBER;;;;XEUR;7899908;210;MEMBER
12.05.2025;15:36:27.644;BMW SI 20250620 PS AM P 78.00 0;SIMPLE_INSTRUMENT;BLOCK;EUR;31;3.16000000;1250;EXCHANGE_LAST;;2;1;XEUR;12998465;210;
12.05.2025;13:52:47.220;BMWF SI 20250620 CS;SIMPLE_INSTRUMENT;BLOCK;EUR;67;79.27000000;550;EXCHANGE_LAST;;1;1;XEUR;11170639;239;
12.05.2025;09:48:45.159;BNP.O.250512.CNV.000008;STANDARD_OPTION_STRATEGY;BLOCK;EUR;12;8.22000000;4000;EXCHANGE_LAST;;1;1;XEUR;72058611945200412;237;
12.05.2025;09:48:45.159;BNP SI 20260619 PS AM P 66.00 0;SIMPLE_INSTRUMENT;BLOCK;EUR;12;5.20000000;4000;PRC_DECOMP_MEMBER;;;;XEUR;12372394;237;MEMBER
12.05.2025;09:48:45.159;BNP SI 20260619 PS AM C 66.00 0;SIMPLE_INSTRUMENT;BLOCK;EUR;12;13.42000000;4000;PRC_DECOMP_MEMBER;;;;XEUR;12372395;237;MEMBER
12.05.2025;13:35:46.808;BNP SI 20250620 PS AM P 64.00 0;SIMPLE_INSTRUMENT;BLOCK;EUR;23;0.30000000;500;EXCHANGE_LAST;;1;1;XEUR;8114380;237;
12.05.2025;14:03:42.684;BNP SI 20251219 PS AM C 90.00 0;SIMPLE_INSTRUMENT;BLOCK;EUR;26;1.25000000;2000;EXCHANGE_LAST;;1;1;XEUR;12761952;237;
12.05.2025;15:47:33.197;BNP.O.250512.STG.000013;STANDARD_OPTION_STRATEGY;BLOCK;EUR;35;3.49000000;600;EXCHANGE_LAST;;1;1;XEUR;72058611945200417;237;
12.05.2025;15:47:33.197;BNP SI 20250620 PS AM P 75.00 0;SIMPLE_INSTRUMENT;BLOCK;EUR;35;2.52000000;600;PRC_DECOMP_EXCHANGE;;;;XEUR;12998864;237;EXCHANGE
12.05.2025;15:47:33.197;BNP SI 20250620 PS AM C 80.00 0;SIMPLE_INSTRUMENT;BLOCK;EUR;35;0.97000000;600;PRC_DECOMP_EXCHANGE;;;;XEUR;8114382;237;EXCHANGE
12.05.2025;10:58:49.252;BNPH SI 20250516 CS;SIMPLE_INSTRUMENT;BLOCK;EUR;16;79.41420000;19500;EXCHANGE_LAST;;1;1;XEUR;11032339;236;
12.05.2025;14:37:52.761;BNPH SI 20250620 CS;SIMPLE_INSTRUMENT;BLOCK;EUR;77;75.67000000;4000;EXCHANGE_LAST;;2;2;XEUR;11170600;236;
12.05.2025;13:39:30.501;BPE SI 20250619 PS AM P 6.00 0;SIMPLE_INSTRUMENT;BLOCK;EUR;10;0.03800000;1000;EXCHANGE_LAST;;1;1;XEUR;11336959;227;
12.05.2025;09:34:57.621;BYG SI 20250620 PS AM C 40.00 0;SIMPLE_INSTRUMENT;BLOCK;EUR;10;0.43000000;1500;EXCHANGE_LAST;;1;1;XEUR;7900640;280;
12.05.2025;09:49:59.197;C4RI SI 20251219 CS;SIMPLE_INSTRUMENT;BLOCK;EUR;9;2.86000000;1000;EXCHANGE_LAST;;2;1;XEUR;5914459;50862;
12.05.2025;11:30:45.828;C4RI SI 20261218 CS;SIMPLE_INSTRUMENT;BLOCK;EUR;33;3.00000000;200;EXCHANGE_LAST;;1;1;XEUR;6821680;50862;
12.05.2025;12:14:59.240;C4RI SI 20261218 CS;SIMPLE_INSTRUMENT;BLOCK;EUR;42;3.03500000;175;EXCHANGE_LAST;;1;1;XEUR;6821680;50862;
12.05.2025;12:18:01.164;C4RI SI 20261218 CS;SIMPLE_INSTRUMENT;BLOCK;EUR;43;3.03500000;400;EXCHANGE_LAST;;1;1;XEUR;6821680;50862;
12.05.2025;15:40:04.250;C4RI SI 20281215 CS;SIMPLE_INSTRUMENT;BLOCK;EUR;119;2.65000000;100;EXCHANGE_LAST;;1;1;XEUR;9950757;50862;
12.05.2025;10:35:43.345;CBKH SI 20250620 CS;SIMPLE_INSTRUMENT;BLOCK;EUR;13;25.28300000;83250;EXCHANGE_LAST;;1;1;XEUR;11192082;10390;
12.05.2025;10:36:48.361;CBKH SI 20250620 CS;SIMPLE_INSTRUMENT;BLOCK;EUR;15;25.28300000;83250;EXCHANGE_LAST;;1;1;XEUR;11192082;10390;
12.05.2025;12:53:15.639;CFR SI 20250620 PS AM C 180.00 0;SIMPLE_INSTRUMENT;BLOCK;CHF;47;1.10000000;500;EXCHANGE_LAST;;1;1;XEUR;9996502;313;
12.05.2025;10:26:36.216;CFRE SI 20251219 PS EU C 120.00 0;SIMPLE_INSTRUMENT;BLOCK;CHF;18;36.38000000;1500;EXCHANGE_LAST;;1;1;XEUR;9998118;156129;
12.05.2025;09:10:25.149;CNDX.O.250512.CDIA.000001;STANDARD_OPTION_STRATEGY;BLOCK;USD;1;-53.20000000;905;EXCHANGE_LAST;;1;1;XEUR;73634886417645578;367242;
12.05.2025;09:10:25.149;CNDX SI 20260619 PS AM C 1295.00 0;SIMPLE_INSTRUMENT;BLOCK;USD;1;79.47000000;905;PRC_DECOMP_MEMBER;;;;XEUR;12797408;367242;MEMBER
12.05.2025;09:10:25.149;CNDX SI 20251219 PS AM C 1150.00 0;SIMPLE_INSTRUMENT;BLOCK;USD;1;132.67000000;905;PRC_DECOMP_MEMBER;;;;XEUR;11121053;367242;MEMBER
12.05.2025;09:54:04.991;CNDX.O.250512.CDIA.000001;STANDARD_OPTION_STRATEGY;BLOCK;USD;3;-53.20000000;436;EXCHANGE_LAST;;1;1;XEUR;73634886417645578;367242;
12.05.2025;09:54:04.991;CNDX SI 20251219 PS AM C 1150.00 0;SIMPLE_INSTRUMENT;BLOCK;USD;3;132.67000000;436;PRC_DECOMP_MEMBER;;;;XEUR;11121053;367242;MEMBER
12.05.2025;09:54:04.991;CNDX SI 20260619 PS AM C 1295.00 0;SIMPLE_INSTRUMENT;BLOCK;USD;3;79.47000000;436;PRC_DECOMP_MEMBER;;;;XEUR;12797408;367242;MEMBER
12.05.2025;12:54:01.296;CON.N.250512.000006;NON_STANDARD_OPTION_STRATEGY;BLOCK;EUR;23;0.00000000;500;EXCHANGE_LAST;;1;1;XEUR;73838373378205258;414620;
12.05.2025;12:54:01.296;CON SI 20250620 PS AM C 78.00 0;SIMPLE_INSTRUMENT;BLOCK;EUR;23;1.52000000;500;PRC_DECOMP_EXCHANGE;;;;XEUR;13048384;414620;EXCHANGE
12.05.2025;12:54:01.296;CON SI 20250620 PS AM C 81.00 0;SIMPLE_INSTRUMENT;BLOCK;EUR;23;0.74000000;2500;PRC_DECOMP_EXCHANGE;;;;XEUR;13076715;414620;EXCHANGE
12.05.2025;12:54:01.296;CON SI 20250620 PS AM C 83.00 0;SIMPLE_INSTRUMENT;BLOCK;EUR;23;0.40000000;4500;PRC_DECOMP_EXCHANGE;;;;XEUR;13376171;414620;EXCHANGE
12.05.2025;12:54:01.296;CON SI 20250620 PS AM C 75.00 0;SIMPLE_INSTRUMENT;BLOCK;EUR;23;2.74000000;2500;PRC_DECOMP_EXCHANGE;;;;XEUR;13048406;414620;EXCHANGE
12.05.2025;12:54:01.296;CON SI 20250620 PS AM C 78.00 0;SIMPLE_INSTRUMENT;BLOCK;EUR;23;1.51000000;4000;PRC_DECOMP_EXCHANGE;;;;XEUR;13048384;414620;EXCHANGE
12.05.2025;13:30:57.990;D2TE SI 20281215 CS;SIMPLE_INSTRUMENT;BLOCK;EUR;62;1.15000000;100;EXCHANGE_LAST;;1;1;XEUR;9917975;359;
12.05.2025;14:18:26.731;D4BK SI 20261218 CS;SIMPLE_INSTRUMENT;BLOCK;EUR;75;0.97000000;195;EXCHANGE_LAST;;1;1;XEUR;4632322;51565;
12.05.2025;09:45:28.342;DAI SI 20260619 PS AM C 52.00 0;SIMPLE_INSTRUMENT;BLOCK;EUR;10;7.20000000;1000;EXCHANGE_LAST;;1;1;XEUR;9598260;443196;
12.05.2025;11:09:57.292;DAI SI 20250620 PS AM C 60.00 0;SIMPLE_INSTRUMENT;BLOCK;EUR;19;0.31000000;1000;EXCHANGE_LAST;;1;1;XEUR;7934293;443196;
12.05.2025;11:22:15.106;DAI SI 20250620 PS AM P 60.00 0;SIMPLE_INSTRUMENT;BLOCK;EUR;21;6.30000000;1000;EXCHANGE_LAST;;1;1;XEUR;7934298;443196;
12.05.2025;15:27:37.985;DAI.O.250512.BER.000017;STANDARD_OPTION_STRATEGY;BLOCK;EUR;29;6.00000000;750;EXCHANGE_LAST;;1;1;XEUR;73961106363665559;443196;
12.05.2025;15:27:37.985;DAI SI 20250620 PS AM P 76.00 0;SIMPLE_INSTRUMENT;BLOCK;EUR;29;23.13000000;750;PRC_DECOMP_EXCHANGE;;;;XEUR;7934318;443196;EXCHANGE
12.05.2025;15:27:37.985;DAI SI 20250620 PS AM P 70.00 0;SIMPLE_INSTRUMENT;BLOCK;EUR;29;17.13000000;750;PRC_DECOMP_EXCHANGE;;;;XEUR;11011730;443196;EXCHANGE
12.05.2025;15:52:17.279;DAI SI 20250620 PS AM P 52.00 0;SIMPLE_INSTRUMENT;BLOCK;EUR;33;1.44000000;1000;EXCHANGE_LAST;;1;1;XEUR;7934288;443196;
12.05.2025;07:32:33.781;DAIG SI 20250620 CS;SIMPLE_INSTRUMENT;BLOCK;EUR;2;54.02000000;11600;EXCHANGE_LAST;;1;1;XEUR;11207841;443203;
12.05.2025;10:01:45.023;DBK SI 20251219 PS AM P 22.00 0;SIMPLE_INSTRUMENT;BLOCK;EUR;7;1.65000000;8500;EXCHANGE_LAST;;2;3;XEUR;7543443;362;
12.05.2025;10:49:29.167;DBK SI 20261218 PS AM C 30.00 0;SIMPLE_INSTRUMENT;BLOCK;EUR;12;2.37000000;2500;EXCHANGE_LAST;;1;1;XEUR;13328437;362;
12.05.2025;12:58:45.967;DBK SI 20260619 PS AM P 20.00 0;SIMPLE_INSTRUMENT;BLOCK;EUR;15;1.85000000;2500;EXCHANGE_LAST;;1;1;XEUR;10253252;362;
12.05.2025;12:58:29.836;DBK SI 20260619 PS AM P 23.00 0;SIMPLE_INSTRUMENT;BLOCK;EUR;16;3.06000000;3750;EXCHANGE_LAST;;1;1;XEUR;11094319;362;
12.05.2025;09:04:04.601;DTE SI 20260320 PS AM C 36.00 0;SIMPLE_INSTRUMENT;BLOCK;EUR;3;1.54000000;2000;EXCHANGE_LAST;;1;1;XEUR;13002342;424;
12.05.2025;12:24:08.974;DTE SI 20251219 PS AM P 24.00 0;SIMPLE_INSTRUMENT;BLOCK;EUR;10;0.30000000;2500;EXCHANGE_LAST;;1;1;XEUR;5927134;424;
12.05.2025;15:20:47.213;E2NT SI 20250620 CS;SIMPLE_INSTRUMENT;BLOCK;EUR;95;0.50000000;1780;EXCHANGE_LAST;;1;1;XEUR;10837409;470;
12.05.2025;13:13:40.036;EAD SI 20261218 PS AM C 160.00 0;SIMPLE_INSTRUMENT;BLOCK;EUR;20;23.70000000;370;EXCHANGE_LAST;;1;1;XEUR;13241335;465;
12.05.2025;14:25:34.733;EBS SI 20251219 PS AM P 38.00 0;SIMPLE_INSTRUMENT;BLOCK;EUR;8;0.29000000;275;EXCHANGE_LAST;;1;1;XEUR;12439874;456;
12.05.2025;14:25:35.171;EBS SI 20260619 PS AM P 48.00 0;SIMPLE_INSTRUMENT;BLOCK;EUR;9;1.95000000;4500;EXCHANGE_LAST;;1;1;XEUR;11357536;456;
12.05.2025;14:25:35.956;EBS SI 20251219 PS AM P 38.00 0;SIMPLE_INSTRUMENT;BLOCK;EUR;10;0.28000000;5125;EXCHANGE_LAST;;1;1;XEUR;12439874;456;
12.05.2025;11:01:10.478;EFXF SI 20250620 CS;SIMPLE_INSTRUMENT;BLOCK;EUR;20;252.02520000;350;EXCHANGE_LAST;;1;1;XEUR;11173457;451;
12.05.2025;07:13:00.754;ENR SI 20250620 PS AM C 68.00 0;SIMPLE_INSTRUMENT;BLOCK;EUR;1;9.65000000;500;EXCHANGE_LAST;;1;1;XEUR;12229466;298530;
12.05.2025;07:14:36.392;ENR SI 20250620 PS AM C 68.00 0;SIMPLE_INSTRUMENT;BLOCK;EUR;2;9.30000000;500;EXCHANGE_LAST;;1;1;XEUR;12229466;298530;
12.05.2025;12:07:00.258;ENR SI 20260619 PS AM P 60.00 0;SIMPLE_INSTRUMENT;BLOCK;EUR;7;7.90000000;500;EXCHANGE_LAST;;1;1;XEUR;11859553;298530;
12.05.2025;12:35:36.255;ENR SI 20250620 PS AM C 74.00 0;SIMPLE_INSTRUMENT;BLOCK;EUR;13;5.55000000;2000;EXCHANGE_LAST;;2;1;XEUR;13044608;298530;
12.05.2025;13:44:36.936;ENR SI 20250620 PS AM C 68.00 0;SIMPLE_INSTRUMENT;BLOCK;EUR;18;8.20000000;250;EXCHANGE_LAST;;1;1;XEUR;12229466;298530;
12.05.2025;15:15:50.835;ENR SI 20250620 PS AM P 70.00 0;SIMPLE_INSTRUMENT;BLOCK;EUR;20;2.35000000;1000;EXCHANGE_LAST;;1;1;XEUR;13044610;298530;
12.05.2025;15:20:17.472;ENTH SI 20250619 CS;SIMPLE_INSTRUMENT;BLOCK;EUR;94;13.09900000;4000;EXCHANGE_LAST;;1;1;XEUR;11165310;524973;
12.05.2025;11:16:07.410;EOA.O.250512.STG.000010;STANDARD_OPTION_STRATEGY;BLOCK;EUR;20;0.86000000;3400;EXCHANGE_LAST;;1;1;XEUR;72268326608331960;49065;
12.05.2025;11:16:07.410;EOA SI 20250919 PS AM P 13.00 0;SIMPLE_INSTRUMENT;BLOCK;EUR;20;0.28000000;3400;PRC_DECOMP_EXCHANGE;;;;XEUR;11908990;49065;EXCHANGE
12.05.2025;11:16:07.410;EOA SI 20250919 PS AM C 15.00 0;SIMPLE_INSTRUMENT;BLOCK;EUR;20;0.58000000;3400;PRC_DECOMP_EXCHANGE;;;;XEUR;11908910;49065;EXCHANGE
12.05.2025;11:31:30.056;F3IA SI 20261218 CS;SIMPLE_INSTRUMENT;BLOCK;EUR;31;0.41000000;350;EXCHANGE_LAST;;2;2;XEUR;6830373;390387;
12.05.2025;11:31:48.544;F3IA SI 20261218 CS;SIMPLE_INSTRUMENT;BLOCK;EUR;32;0.41000000;750;EXCHANGE_LAST;;1;2;XEUR;6830373;390387;
12.05.2025;11:53:16.833;F3IA SI 20261218 CS;SIMPLE_INSTRUMENT;BLOCK;EUR;35;0.41000000;700;EXCHANGE_LAST;;2;2;XEUR;6830373;390387;
12.05.2025;14:48:41.554;F3IA SI 20281215 CS;SIMPLE_INSTRUMENT;BLOCK;EUR;81;0.46000000;2500;EXCHANGE_LAST;;1;4;XEUR;9964653;390387;
12.05.2025;15:35:13.584;F3IA SI 20281215 CS;SIMPLE_INSTRUMENT;BLOCK;EUR;115;0.48000000;900;EXCHANGE_LAST;;1;2;XEUR;9964653;390387;
12.05.2025;15:45:49.695;F3IA SI 20281215 CS;SIMPLE_INSTRUMENT;BLOCK;EUR;121;0.48000000;100;EXCHANGE_LAST;;1;1;XEUR;9964653;390387;
12.05.2025;15:57:49.894;F3IA SI 20281215 CS;SIMPLE_INSTRUMENT;BLOCK;EUR;124;0.48000000;500;EXCHANGE_LAST;;1;1;XEUR;9964653;390387;
12.05.2025;08:24:02.425;FBTP SI 20250606 PS;SIMPLE_INSTRUMENT;EFP_FIN;EUR;1;119.51000000;468;EXCHANGE_LAST;;1;1;XEUR;11820365;636;
12.05.2025;08:44:09.274;FBTP SI 20250606 PS;SIMPLE_INSTRUMENT;BLOCK;EUR;2;119.57000000;407;EXCHANGE_LAST;;1;1;XEUR;11820365;636;
12.05.2025;08:57:12.952;FBTP SI 20250606 PS;SIMPLE_INSTRUMENT;EFS;EUR;3;119.56000000;407;EXCHANGE_LAST;;1;1;XEUR;11820365;636;
12.05.2025;09:20:19.855;FBTP SI 20250606 PS;SIMPLE_INSTRUMENT;EFP_FIN;EUR;4;119.53000000;129;EXCHANGE_LAST;;1;1;XEUR;11820365;636;
12.05.2025;09:27:16.897;FBTP SI 20250606 PS;SIMPLE_INSTRUMENT;EFP_FIN;EUR;5;119.52000000;1923;EXCHANGE_LAST;;1;1;XEUR;11820365;636;
12.05.2025;09:44:01.507;FBTP SI 20250606 PS;SIMPLE_INSTRUMENT;EFP_FIN;EUR;6;119.52000000;329;EXCHANGE_LAST;;1;1;XEUR;11820365;636;
12.05.2025;11:22:56.507;FBTP SI 20250606 PS;SIMPLE_INSTRUMENT;EFP_FIN;EUR;7;119.49000000;122;EXCHANGE_LAST;;1;1;XEUR;11820365;636;
12.05.2025;11:38:08.634;FBTP SI 20250606 PS;SIMPLE_INSTRUMENT;BLOCK;EUR;8;119.60000000;2755;EXCHANGE_LAST;;1;1;XEUR;11820365;636;
12.05.2025;11:41:17.466;FBTP SI 20250606 PS;SIMPLE_INSTRUMENT;EFP_FIN;EUR;9;119.54000000;177;EXCHANGE_LAST;;1;1;XEUR;11820365;636;
12.05.2025;11:54:55.849;FBTP SI 20250606 PS;SIMPLE_INSTRUMENT;EFP_FIN;EUR;10;119.62000000;266;EXCHANGE_LAST;;1;1;XEUR;11820365;636;
12.05.2025;12:09:30.561;FBTP SI 20250606 PS;SIMPLE_INSTRUMENT;EFP_FIN;EUR;11;119.60000000;937;EXCHANGE_LAST;;1;1;XEUR;11820365;636;
12.05.2025;12:10:04.344;FBTP SI 20250606 PS;SIMPLE_INSTRUMENT;EFP_FIN;EUR;12;119.56000000;1769;EXCHANGE_LAST;;1;1;XEUR;11820365;636;
12.05.2025;12:48:58.559;FBTP SI 20250606 PS;SIMPLE_INSTRUMENT;BLOCK;EUR;13;119.43000000;1769;EXCHANGE_LAST;;1;1;XEUR;11820365;636;
12.05.2025;13:02:04.693;FBTP SI 20250606 PS;SIMPLE_INSTRUMENT;BLOCK;EUR;14;119.42000000;1374;EXCHANGE_LAST;;1;1;XEUR;11820365;636;
12.05.2025;13:07:56.662;FBTP SI 20250606 PS;SIMPLE_INSTRUMENT;EFP_FIN;EUR;15;119.64000000;102;EXCHANGE_LAST;;1;1;XEUR;11820365;636;
12.05.2025;13:11:28.187;FBTP SI 20250606 PS;SIMPLE_INSTRUMENT;BLOCK;EUR;16;119.64000000;451;EXCHANGE_LAST;;1;1;XEUR;11820365;636;
12.05.2025;13:19:07.569;FBTP SI 20250606 PS;SIMPLE_INSTRUMENT;BLOCK;EUR;17;119.64000000;1327;EXCHANGE_LAST;;1;1;XEUR;11820365;636;
12.05.2025;13:29:52.946;FBTP SI 20250606 PS;SIMPLE_INSTRUMENT;EFP_FIN;EUR;18;119.57000000;130;EXCHANGE_LAST;;1;1;XEUR;11820365;636;
12.05.2025;13:32:59.163;FBTP SI 20250606 PS;SIMPLE_INSTRUMENT;EFP_FIN;EUR;19;119.57000000;545;EXCHANGE_LAST;;1;1;XEUR;11820365;636;
12.05.2025;13:34:05.013;FBTP SI 20250606 PS;SIMPLE_INSTRUMENT;EFP_FIN;EUR;20;119.47000000;224;EXCHANGE_LAST;;1;1;XEUR;11820365;636;
12.05.2025;13:36:40.312;FBTP SI 20250606 PS;SIMPLE_INSTRUMENT;EFP_FIN;EUR;21;119.60000000;164;EXCHANGE_LAST;;1;1;XEUR;11820365;636;
12.05.2025;13:36:55.565;FBTP SI 20250606 PS;SIMPLE_INSTRUMENT;EFP_FIN;EUR;22;119.41000000;600;EXCHANGE_LAST;;1;1;XEUR;11820365;636;
12.05.2025;13:37:12.964;FBTP SI 20250606 PS;SIMPLE_INSTRUMENT;EFP_FIN;EUR;23;119.57000000;763;EXCHANGE_LAST;;1;1;XEUR;11820365;636;
12.05.2025;13:38:01.373;FBTP SI 20250606 PS;SIMPLE_INSTRUMENT;BLOCK;EUR;24;119.42000000;442;EXCHANGE_LAST;;1;1;XEUR;11820365;636;
12.05.2025;13:38:50.042;FBTP SI 20250606 PS;SIMPLE_INSTRUMENT;EFP_FIN;EUR;25;119.41000000;968;EXCHANGE_LAST;;1;1;XEUR;11820365;636;
12.05.2025;13:45:58.454;FBTP SI 20250606 PS;SIMPLE_INSTRUMENT;EFP_FIN;EUR;26;119.57000000;130;EXCHANGE_LAST;;1;1;XEUR;11820365;636;
12.05.2025;13:47:43.320;FBTP SI 20250606 PS;SIMPLE_INSTRUMENT;EFP_FIN;EUR;27;119.57000000;441;EXCHANGE_LAST;;1;1;XEUR;11820365;636;
12.05.2025;13:56:19.867;FBTP SI 20250606 PS;SIMPLE_INSTRUMENT;EFP_FIN;EUR;28;119.57000000;234;EXCHANGE_LAST;;1;1;XEUR;11820365;636;
12.05.2025;14:05:53.881;FBTP SI 20250606 PS;SIMPLE_INSTRUMENT;EFP_FIN;EUR;29;119.57000000;270;EXCHANGE_LAST;;1;1;XEUR;11820365;636;
12.05.2025;14:16:42.035;FBTP SI 20250606 PS;SIMPLE_INSTRUMENT;EFP_FIN;EUR;30;119.48000000;896;EXCHANGE_LAST;;1;1;XEUR;11820365;636;
12.05.2025;14:54:03.509;FBTP SI 20250606 PS;SIMPLE_INSTRUMENT;EFP_FIN;EUR;31;119.47000000;347;EXCHANGE_LAST;;1;1;XEUR;11820365;636;
12.05.2025;14:56:06.831;FBTP SI 20250606 PS;SIMPLE_INSTRUMENT;EFP_FIN;EUR;32;119.50000000;133;EXCHANGE_LAST;;1;1;XEUR;11820365;636;
12.05.2025;14:59:35.274;FBTP SI 20250606 PS;SIMPLE_INSTRUMENT;EFP_FIN;EUR;33;119.47000000;91;EXCHANGE_LAST;;1;1;XEUR;11820365;636;
12.05.2025;15:13:45.135;FBTP SI 20250606 PS;SIMPLE_INSTRUMENT;EFP_FIN;EUR;34;119.51000000;97;EXCHANGE_LAST;;1;1;XEUR;11820365;636;
12.05.2025;15:17:55.815;FBTP SI 20250606 PS;SIMPLE_INSTRUMENT;EFP_FIN;EUR;35;119.51000000;72;EXCHANGE_LAST;;1;1;XEUR;11820365;636;
12.05.2025;15:32:39.480;FBTP SI 20250606 PS;SIMPLE_INSTRUMENT;EFP_FIN;EUR;36;119.46000000;98;EXCHANGE_LAST;;1;1;XEUR;11820365;636;
12.05.2025;15:33:54.483;FBTP SI 20250606 PS;SIMPLE_INSTRUMENT;BLOCK;EUR;37;119.47000000;579;EXCHANGE_LAST;;1;1;XEUR;11820365;636;
12.05.2025;09:05:16.976;FBTS SI 20250606 PS;SIMPLE_INSTRUMENT;EFP_FIN;EUR;1;107.87000000;1428;EXCHANGE_LAST;;1;1;XEUR;11820367;639;
12.05.2025;09:05:45.110;FBTS SI 20250606 PS;SIMPLE_INSTRUMENT;BLOCK;EUR;2;107.87000000;609;EXCHANGE_LAST;;1;1;XEUR;11820367;639;
12.05.2025;09:16:48.721;FBTS SI 20250606 PS;SIMPLE_INSTRUMENT;BLOCK;EUR;3;107.87000000;580;EXCHANGE_LAST;;1;1;XEUR;11820367;639;
12.05.2025;09:17:04.746;FBTS SI 20250606 PS;SIMPLE_INSTRUMENT;BLOCK;EUR;4;107.83000000;777;EXCHANGE_LAST;;1;1;XEUR;11820367;639;
12.05.2025;09:37:22.582;FBTS SI 20250606 PS;SIMPLE_INSTRUMENT;BLOCK;EUR;6;107.84000000;952;EXCHANGE_LAST;;1;1;XEUR;11820367;639;
12.05.2025;09:39:32.020;FBTS SI 20250606 PS;SIMPLE_INSTRUMENT;BLOCK;EUR;7;107.84000000;476;EXCHANGE_LAST;;1;1;XEUR;11820367;639;
12.05.2025;09:44:43.418;FBTS SI 20250606 PS;SIMPLE_INSTRUMENT;BLOCK;EUR;8;107.83000000;403;EXCHANGE_LAST;;1;1;XEUR;11820367;639;
12.05.2025;09:46:35.733;FBTS SI 20250606 PS;SIMPLE_INSTRUMENT;EFP_FIN;EUR;9;107.84000000;1057;EXCHANGE_LAST;;1;1;XEUR;11820367;639;
12.05.2025;09:48:30.739;FBTS SI 20250606 PS;SIMPLE_INSTRUMENT;EFP_FIN;EUR;10;107.84000000;476;EXCHANGE_LAST;;1;1;XEUR;11820367;639;
12.05.2025;09:49:45.744;FBTS SI 20250606 PS;SIMPLE_INSTRUMENT;EFP_FIN;EUR;11;107.83000000;971;EXCHANGE_LAST;;1;1;XEUR;11820367;639;
12.05.2025;11:20:39.218;FBTS SI 20250606 PS;SIMPLE_INSTRUMENT;BLOCK;EUR;15;107.82000000;482;EXCHANGE_LAST;;1;1;XEUR;11820367;639;
12.05.2025;11:30:44.392;FBTS SI 20250606 PS;SIMPLE_INSTRUMENT;BLOCK;EUR;16;107.83000000;807;EXCHANGE_LAST;;1;1;XEUR;11820367;639;
12.05.2025;11:47:51.907;FBTS SI 20250606 PS;SIMPLE_INSTRUMENT;EFP_FIN;EUR;19;107.83000000;132;EXCHANGE_LAST;;1;1;XEUR;11820367;639;
12.05.2025;14:54:16.187;FBTS SI 20250606 PS;SIMPLE_INSTRUMENT;EFP_FIN;EUR;27;107.81000000;564;EXCHANGE_LAST;;1;1;XEUR;11820367;639;
12.05.2025;15:31:23.661;FBTS SI 20250606 PS;SIMPLE_INSTRUMENT;BLOCK;EUR;28;107.80000000;380;EXCHANGE_LAST;;1;1;XEUR;11820367;639;
12.05.2025;07:59:57.516;FCEU SI 20250616 PS;SIMPLE_INSTRUMENT;BLOCK;USD;1;1.11240000;114;EXCHANGE_LAST;;1;1;XEUR;7879022;369376;
12.05.2025;09:45:33.487;FCEU SI 20250616 PS;SIMPLE_INSTRUMENT;BLOCK;USD;3;1.11540000;411;EXCHANGE_LAST;;1;1;XEUR;7879022;369376;
12.05.2025;08:45:16.307;FCMU SI 20250616 CS;SIMPLE_INSTRUMENT;BLOCK;USD;2;0.05096000;140;EXCHANGE_LAST;;1;1;XEUR;11855448;570874;
12.05.2025;11:26:00.108;FD3D SI 20261218 CS;SIMPLE_INSTRUMENT;BLOCK;EUR;19;111.70000000;700;EXCHANGE_LAST;;3;1;XEUR;7158183;588;
12.05.2025;11:42:48.587;FD3D SI 20261218 CS;SIMPLE_INSTRUMENT;BLOCK;EUR;24;111.70000000;250;EXCHANGE_LAST;;1;1;XEUR;7158183;588;
12.05.2025;10:17:38.871;FDAX SI 20250620 CS;SIMPLE_INSTRUMENT;EFP_IDX;EUR;1;23889.00000000;100;EXCHANGE_LAST;;1;1;XEUR;7903800;589;
12.05.2025;10:36:56.614;FDAX SI 20250620 CS;SIMPLE_INSTRUMENT;BLOCK;EUR;2;23835.00000000;250;EXCHANGE_LAST;;1;1;XEUR;7903800;589;
12.05.2025;15:50:10.164;FDAX SI 20250620 CS;SIMPLE_INSTRUMENT;EFP_IDX;EUR;3;23654.00000000;26;EXCHANGE_LAST;;1;1;XEUR;7903800;589;
12.05.2025;15:50:24.365;FDAX SI 20250620 CS;SIMPLE_INSTRUMENT;EFP_IDX;EUR;4;23655.00000000;30;EXCHANGE_LAST;;1;1;XEUR;7903800;589;
12.05.2025;15:54:36.638;FDAX SI 20250620 CS;SIMPLE_INSTRUMENT;EFP_IDX;EUR;5;23654.00000000;38;EXCHANGE_LAST;;1;1;XEUR;7903800;589;
12.05.2025;15:54:44.441;FDAX SI 20250620 CS;SIMPLE_INSTRUMENT;EFP_IDX;EUR;6;23655.00000000;44;EXCHANGE_LAST;;1;1;XEUR;7903800;589;
12.05.2025;13:06:28.157;FDAX SI 20250620 CS;SIMPLE_INSTRUMENT;VOLA;EUR;671088664;23714.00000000;29;EXCHANGE_LAST;;1;1;XEUR;7903800;589;
12.05.2025;14:02:51.395;FDAX SI 20250620 CS;SIMPLE_INSTRUMENT;VOLA;EUR;671088669;23601.00000000;44;EXCHANGE_LAST;;1;1;XEUR;7903800;589;
12.05.2025;14:21:28.955;FDAX SI 20250620 CS;SIMPLE_INSTRUMENT;VOLA;EUR;671088672;23580.00000000;58;EXCHANGE_LAST;;1;1;XEUR;7903800;589;
12.05.2025;15:56:40.773;FDAX SI 20250620 CS;SIMPLE_INSTRUMENT;VOLA;EUR;671088685;23628.00000000;4;EXCHANGE_LAST;;1;1;XEUR;7903800;589;
12.05.2025;09:16:29.920;FEBD.S.DEC26.DEC27.SPD;FUTURES_SPREAD;BLOCK;EUR;10;0.67000000;250;EXCHANGE_LAST;;1;1;XEUR;72060158133407036;597;
12.05.2025;09:16:29.920;FEBD SI 20261218 CS;SIMPLE_INSTRUMENT;BLOCK;EUR;10;10.47000000;250;PRC_DECOMP_MEMBER;;;;XEUR;7158212;597;MEMBER
12.05.2025;09:16:29.920;FEBD SI 20271217 CS;SIMPLE_INSTRUMENT;BLOCK;EUR;10;9.80000000;250;PRC_DECOMP_MEMBER;;;;XEUR;7776307;597;MEMBER
12.05.2025;11:29:23.392;FEBD SI 20271217 CS;SIMPLE_INSTRUMENT;BLOCK;EUR;21;9.85000000;600;EXCHANGE_LAST;;1;1;XEUR;7776307;597;
12.05.2025;13:23:35.486;FEBD SI 20261218 CS;SIMPLE_INSTRUMENT;BLOCK;EUR;36;10.50000000;250;EXCHANGE_LAST;;1;1;XEUR;7158212;597;
12.05.2025;13:31:41.118;FEBD SI 20261218 CS;SIMPLE_INSTRUMENT;BLOCK;EUR;37;10.50000000;750;EXCHANGE_LAST;;1;1;XEUR;7158212;597;
12.05.2025;11:24:47.233;FEDV SI 20250620 CS;SIMPLE_INSTRUMENT;BLOCK;EUR;18;1942.00000000;5000;EXCHANGE_LAST;;1;1;XEUR;11880642;596;
12.05.2025;11:25:42.458;FEDV SI 20250620 CS;SIMPLE_INSTRUMENT;BLOCK;EUR;20;1942.00000000;6000;EXCHANGE_LAST;;1;1;XEUR;11880642;596;
12.05.2025;11:34:29.639;FEDV SI 20250620 CS;SIMPLE_INSTRUMENT;BLOCK;EUR;22;1942.00000000;2500;EXCHANGE_LAST;;1;1;XEUR;11880642;596;
12.05.2025;08:01:22.621;FESB SI 20250620 CS;SIMPLE_INSTRUMENT;BLOCK;EUR;31;194.85000000;2025;EXCHANGE_LAST;;1;1;XEUR;11880665;605;
12.05.2025;11:27:45.466;FESB SI 20250620 CS;SIMPLE_INSTRUMENT;BLOCK;EUR;42;196.60000000;2100;EXCHANGE_LAST;;1;1;XEUR;11880665;605;
12.05.2025;12:37:45.661;FESB SI 20250620 CS;SIMPLE_INSTRUMENT;BLOCK;EUR;55;196.50000000;6300;EXCHANGE_LAST;;1;1;XEUR;11880665;605;
12.05.2025;12:48:51.155;FESB SI 20250620 CS;SIMPLE_INSTRUMENT;BLOCK;EUR;57;196.40000000;9454;EXCHANGE_LAST;;1;1;XEUR;11880665;605;
12.05.2025;15:51:00.548;FESB SI 20250620 CS;SIMPLE_INSTRUMENT;EFP_IDX;EUR;95;196.25000000;800;EXCHANGE_LAST;;1;1;XEUR;11880665;605;
12.05.2025;15:51:10.977;FESB SI 20250620 CS;SIMPLE_INSTRUMENT;EFP_IDX;EUR;96;196.30000000;1200;EXCHANGE_LAST;;1;1;XEUR;11880665;605;
12.05.2025;15:59:01.700;FESB SI 20250620 CS;SIMPLE_INSTRUMENT;EFP_IDX;EUR;102;196.25000000;48;EXCHANGE_LAST;;1;1;XEUR;11880665;605;
12.05.2025;15:59:18.308;FESB SI 20250620 CS;SIMPLE_INSTRUMENT;EFP_IDX;EUR;103;196.30000000;71;EXCHANGE_LAST;;1;1;XEUR;11880665;605;
12.05.2025;10:35:49.059;FESX SI 20250620 CS;SIMPLE_INSTRUMENT;BLOCK;EUR;1;5385.00000000;2500;EXCHANGE_LAST;;1;1;XEUR;7904020;675;
12.05.2025;12:42:38.284;FESX SI 20250620 CS;SIMPLE_INSTRUMENT;BLOCK;EUR;2;5385.00000000;2000;EXCHANGE_LAST;;1;1;XEUR;7904020;675;
12.05.2025;12:47:30.087;FESX SI 20250620 CS;SIMPLE_INSTRUMENT;EFP_IDX;EUR;3;5382.00000000;1000;EXCHANGE_LAST;;1;1;XEUR;7904020;675;
12.05.2025;12:52:41.422;FESX SI 20250620 CS;SIMPLE_INSTRUMENT;BLOCK;EUR;4;5385.00000000;5000;EXCHANGE_LAST;;1;1;XEUR;7904020;675;
12.05.2025;14:53:22.533;FESX SI 20250620 CS;SIMPLE_INSTRUMENT;BLOCK;EUR;5;5341.00000000;2000;EXCHANGE_LAST;;1;1;XEUR;7904020;675;
12.05.2025;15:39:59.612;FESX SI 20250620 CS;SIMPLE_INSTRUMENT;EFP_IDX;EUR;6;5377.00000000;103;EXCHANGE_LAST;;1;1;XEUR;7904020;675;
12.05.2025;15:39:53.613;FESX SI 20250620 CS;SIMPLE_INSTRUMENT;EFP_IDX;EUR;7;5378.00000000;97;EXCHANGE_LAST;;1;1;XEUR;7904020;675;
12.05.2025;15:50:08.575;FESX SI 20250620 CS;SIMPLE_INSTRUMENT;EFP_IDX;EUR;8;5378.00000000;463;EXCHANGE_LAST;;1;1;XEUR;7904020;675;
12.05.2025;15:50:02.575;FESX SI 20250620 CS;SIMPLE_INSTRUMENT;EFP_IDX;EUR;9;5377.00000000;167;EXCHANGE_LAST;;1;1;XEUR;7904020;675;
12.05.2025;15:51:31.982;FESX SI 20250620 CS;SIMPLE_INSTRUMENT;EFP_IDX;EUR;10;5377.00000000;106;EXCHANGE_LAST;;1;1;XEUR;7904020;675;
12.05.2025;15:51:19.608;FESX SI 20250620 CS;SIMPLE_INSTRUMENT;EFP_IDX;EUR;11;5378.00000000;294;EXCHANGE_LAST;;1;1;XEUR;7904020;675;
12.05.2025;15:46:51.035;FESX SI 20250620 CS;SIMPLE_INSTRUMENT;BLOCK;EUR;12;5377.00000000;5000;EXCHANGE_LAST;;1;1;XEUR;7904020;675;
12.05.2025;15:51:07.493;FESX SI 20250620 CS;SIMPLE_INSTRUMENT;EFP_IDX;EUR;13;5377.00000000;345;EXCHANGE_LAST;;1;1;XEUR;7904020;675;
12.05.2025;15:50:57.009;FESX SI 20250620 CS;SIMPLE_INSTRUMENT;EFP_IDX;EUR;14;5378.00000000;955;EXCHANGE_LAST;;1;1;XEUR;7904020;675;
12.05.2025;15:47:34.937;FESX SI 20250620 CS;SIMPLE_INSTRUMENT;EFP_IDX;EUR;15;5378.00000000;28;EXCHANGE_LAST;;1;1;XEUR;7904020;675;
12.05.2025;15:47:50.502;FESX SI 20250620 CS;SIMPLE_INSTRUMENT;EFP_IDX;EUR;16;5377.00000000;78;EXCHANGE_LAST;;1;1;XEUR;7904020;675;
12.05.2025;15:54:48.815;FESX SI 20250620 CS;SIMPLE_INSTRUMENT;EFP_IDX;EUR;17;5377.00000000;206;EXCHANGE_LAST;;1;1;XEUR;7904020;675;
12.05.2025;15:54:55.837;FESX SI 20250620 CS;SIMPLE_INSTRUMENT;EFP_IDX;EUR;18;5378.00000000;194;EXCHANGE_LAST;;1;1;XEUR;7904020;675;
12.05.2025;15:50:31.283;FESX SI 20250620 CS;SIMPLE_INSTRUMENT;EFP_IDX;EUR;19;5377.00000000;84;EXCHANGE_LAST;;1;1;XEUR;7904020;675;
12.05.2025;15:50:42.958;FESX SI 20250620 CS;SIMPLE_INSTRUMENT;EFP_IDX;EUR;20;5378.00000000;88;EXCHANGE_LAST;;1;1;XEUR;7904020;675;
12.05.2025;15:50:59.199;FESX SI 20250620 CS;SIMPLE_INSTRUMENT;EFP_IDX;EUR;21;5377.00000000;151;EXCHANGE_LAST;;1;1;XEUR;7904020;675;
12.05.2025;15:51:09.346;FESX SI 20250620 CS;SIMPLE_INSTRUMENT;EFP_IDX;EUR;22;5378.00000000;157;EXCHANGE_LAST;;1;1;XEUR;7904020;675;
12.05.2025;15:55:02.729;FESX SI 20250620 CS;SIMPLE_INSTRUMENT;EFP_IDX;EUR;23;5378.00000000;175;EXCHANGE_LAST;;1;1;XEUR;7904020;675;
12.05.2025;15:55:09.768;FESX SI 20250620 CS;SIMPLE_INSTRUMENT;EFP_IDX;EUR;24;5377.00000000;185;EXCHANGE_LAST;;1;1;XEUR;7904020;675;
12.05.2025;15:53:47.490;FESX SI 20250620 CS;SIMPLE_INSTRUMENT;EFP_IDX;EUR;25;5378.00000000;691;EXCHANGE_LAST;;1;1;XEUR;7904020;675;
12.05.2025;15:53:55.924;FESX SI 20250620 CS;SIMPLE_INSTRUMENT;EFP_IDX;EUR;26;5377.00000000;249;EXCHANGE_LAST;;1;1;XEUR;7904020;675;
12.05.2025;15:51:53.722;FESX SI 20250620 CS;SIMPLE_INSTRUMENT;EFP_IDX;EUR;27;5377.00000000;46;EXCHANGE_LAST;;1;1;XEUR;7904020;675;
12.05.2025;15:52:14.249;FESX SI 20250620 CS;SIMPLE_INSTRUMENT;EFP_IDX;EUR;28;5378.00000000;59;EXCHANGE_LAST;;1;1;XEUR;7904020;675;
12.05.2025;15:52:32.358;FESX SI 20250620 CS;SIMPLE_INSTRUMENT;EFP_IDX;EUR;29;5377.00000000;121;EXCHANGE_LAST;;1;1;XEUR;7904020;675;
12.05.2025;15:52:32.419;FESX SI 20250620 CS;SIMPLE_INSTRUMENT;EFP_IDX;EUR;30;5378.00000000;113;EXCHANGE_LAST;;1;1;XEUR;7904020;675;
12.05.2025;16:05:28.356;FESX SI 20250620 CS;SIMPLE_INSTRUMENT;EFP_IDX;EUR;31;5378.00000000;214;EXCHANGE_LAST;;1;1;XEUR;7904020;675;
12.05.2025;16:05:41.818;FESX SI 20250620 CS;SIMPLE_INSTRUMENT;EFP_IDX;EUR;32;5377.00000000;252;EXCHANGE_LAST;;1;1;XEUR;7904020;675;
12.05.2025;09:04:18.995;FESX SI 20250620 CS;SIMPLE_INSTRUMENT;VOLA;EUR;637534257;5382.00000000;141;EXCHANGE_LAST;;1;1;XEUR;7904020;675;
12.05.2025;09:09:10.364;FESX SI 20250620 CS;SIMPLE_INSTRUMENT;VOLA;EUR;637534261;5385.00000000;440;EXCHANGE_LAST;;1;1;XEUR;7904020;675;
12.05.2025;09:09:12.694;FESX SI 20250620 CS;SIMPLE_INSTRUMENT;VOLA;EUR;637534262;5385.00000000;210;EXCHANGE_LAST;;1;1;XEUR;7904020;675;
12.05.2025;09:13:14.979;FESX SI 20250620 CS;SIMPLE_INSTRUMENT;VOLA;EUR;637534271;5385.00000000;496;EXCHANGE_LAST;;1;1;XEUR;7904020;675;
12.05.2025;09:17:30.900;FESX SI 20250620 CS;SIMPLE_INSTRUMENT;VOLA;EUR;637534274;5364.00000000;705;EXCHANGE_LAST;;1;1;XEUR;7904020;675;
12.05.2025;09:18:10.614;FESX SI 20250620 CS;SIMPLE_INSTRUMENT;VOLA;EUR;637534275;5390.00000000;770;EXCHANGE_LAST;;1;1;XEUR;7904020;675;
12.05.2025;09:18:10.675;FESX SI 20250620 CS;SIMPLE_INSTRUMENT;VOLA;EUR;637534276;5390.00000000;1000;EXCHANGE_LAST;;1;1;XEUR;7904020;675;
12.05.2025;10:52:29.843;FESX SI 20250620 CS;SIMPLE_INSTRUMENT;VOLA;EUR;637534345;5383.00000000;880;EXCHANGE_LAST;;1;1;XEUR;7904020;675;
12.05.2025;11:21:18.432;FESX SI 20250620 CS;SIMPLE_INSTRUMENT;VOLA;EUR;637534360;5380.00000000;350;EXCHANGE_LAST;;1;1;XEUR;7904020;675;
12.05.2025;11:21:20.758;FESX SI 20250620 CS;SIMPLE_INSTRUMENT;VOLA;EUR;637534361;5380.00000000;220;EXCHANGE_LAST;;1;1;XEUR;7904020;675;
12.05.2025;11:36:16.409;FESX SI 20250620 CS;SIMPLE_INSTRUMENT;VOLA;EUR;637534370;5389.00000000;950;EXCHANGE_LAST;;1;1;XEUR;7904020;675;
12.05.2025;11:38:51.079;FESX SI 20250620 CS;SIMPLE_INSTRUMENT;VOLA;EUR;637534371;5389.00000000;70;EXCHANGE_LAST;;1;1;XEUR;7904020;675;
12.05.2025;11:46:26.720;FESX SI 20250620 CS;SIMPLE_INSTRUMENT;VOLA;EUR;637534375;5389.00000000;110;EXCHANGE_LAST;;1;1;XEUR;7904020;675;
12.05.2025;13:21:54.569;FESX SI 20250620 CS;SIMPLE_INSTRUMENT;VOLA;EUR;637534407;5380.00000000;299;EXCHANGE_LAST;;1;1;XEUR;7904020;675;
12.05.2025;13:51:53.171;FESX SI 20250620 CS;SIMPLE_INSTRUMENT;VOLA;EUR;637534423;5375.00000000;60;EXCHANGE_LAST;;1;1;XEUR;7904020;675;
12.05.2025;14:18:45.059;FESX SI 20250620 CS;SIMPLE_INSTRUMENT;VOLA;EUR;637534441;5358.00000000;499;EXCHANGE_LAST;;1;1;XEUR;7904020;675;
12.05.2025;14:29:16.577;FESX SI 20250620 CS;SIMPLE_INSTRUMENT;VOLA;EUR;637534444;5360.00000000;450;EXCHANGE_LAST;;1;1;XEUR;7904020;675;
12.05.2025;15:00:16.905;FESX SI 20250620 CS;SIMPLE_INSTRUMENT;VOLA;EUR;637534469;5370.00000000;780;EXCHANGE_LAST;;1;1;XEUR;7904020;675;
12.05.2025;15:07:37.385;FESX SI 20250620 CS;SIMPLE_INSTRUMENT;VOLA;EUR;637534471;5360.00000000;900;EXCHANGE_LAST;;1;1;XEUR;7904020;675;
12.05.2025;15:27:57.583;FESX SI 20250620 CS;SIMPLE_INSTRUMENT;VOLA;EUR;637534482;5372.00000000;140;EXCHANGE_LAST;;1;1;XEUR;7904020;675;
12.05.2025;15:35:18.879;FESX SI 20250620 CS;SIMPLE_INSTRUMENT;VOLA;EUR;637534488;5360.00000000;280;EXCHANGE_LAST;;1;1;XEUR;7904020;675;
12.05.2025;07:58:25.196;FEXD SI 20271217 CS;SIMPLE_INSTRUMENT;BLOCK;EUR;1;151.20000000;375;EXCHANGE_LAST;;1;1;XEUR;2848338;693;
12.05.2025;07:58:45.590;FEXD SI 20271217 CS;SIMPLE_INSTRUMENT;BLOCK;EUR;2;151.40000000;125;EXCHANGE_LAST;;1;1;XEUR;2848338;693;
12.05.2025;08:14:12.377;FEXD.S.DEC26.DEC28.SPD;FUTURES_SPREAD;BLOCK;EUR;3;8.20000000;1500;EXCHANGE_LAST;;1;1;XEUR;72060570450264161;693;
12.05.2025;08:14:12.377;FEXD SI 20281215 CS;SIMPLE_INSTRUMENT;BLOCK;EUR;3;147.90000000;1500;PRC_DECOMP_EXCHANGE;;;;XEUR;3680985;693;EXCHANGE
12.05.2025;08:14:12.377;FEXD SI 20261218 CS;SIMPLE_INSTRUMENT;BLOCK;EUR;3;156.10000000;1500;PRC_DECOMP_EXCHANGE;;;;XEUR;2163053;693;EXCHANGE
12.05.2025;08:22:56.915;FEXD SI 20271217 CS;SIMPLE_INSTRUMENT;BLOCK;EUR;4;151.30000000;100;EXCHANGE_LAST;;1;1;XEUR;2848338;693;
12.05.2025;08:23:01.472;FEXD SI 20291221 CS;SIMPLE_INSTRUMENT;BLOCK;EUR;5;144.50000000;100;EXCHANGE_LAST;;1;1;XEUR;4631968;693;
12.05.2025;09:29:18.523;FEXD SI 20261218 CS;SIMPLE_INSTRUMENT;BLOCK;EUR;11;156.30000000;1500;EXCHANGE_LAST;;1;1;XEUR;2163053;693;
12.05.2025;10:23:40.179;FEXD SI 20261218 CS;SIMPLE_INSTRUMENT;BLOCK;EUR;15;156.20000000;725;EXCHANGE_LAST;;1;1;XEUR;2163053;693;
12.05.2025;10:24:10.644;FEXD SI 20271217 CS;SIMPLE_INSTRUMENT;BLOCK;EUR;16;151.80000000;725;EXCHANGE_LAST;;1;1;XEUR;2848338;693;
12.05.2025;10:38:56.167;FEXD SI 20261218 CS;SIMPLE_INSTRUMENT;BLOCK;EUR;17;156.20000000;500;EXCHANGE_LAST;;1;1;XEUR;2163053;693;
12.05.2025;12:44:09.846;FEXD SI 20261218 CS;SIMPLE_INSTRUMENT;BLOCK;EUR;30;156.00000000;1075;EXCHANGE_LAST;;1;1;XEUR;2163053;693;
12.05.2025;12:49:24.472;FEXD SI 20271217 CS;SIMPLE_INSTRUMENT;BLOCK;EUR;31;151.80000000;500;EXCHANGE_LAST;;1;1;XEUR;2848338;693;
12.05.2025;12:47:16.625;FEXD SI 20251219 CS;SIMPLE_INSTRUMENT;BLOCK;EUR;32;164.90000000;450;EXCHANGE_LAST;;1;1;XEUR;1548120;693;
12.05.2025;13:02:00.767;FEXD SI 20261218 CS;SIMPLE_INSTRUMENT;BLOCK;EUR;35;156.20000000;500;EXCHANGE_LAST;;1;1;XEUR;2163053;693;
12.05.2025;13:52:06.673;FEXD SI 20271217 CS;SIMPLE_INSTRUMENT;BLOCK;EUR;40;151.40000000;500;EXCHANGE_LAST;;1;1;XEUR;2848338;693;
12.05.2025;13:57:31.909;FEXD SI 20261218 CS;SIMPLE_INSTRUMENT;BLOCK;EUR;42;156.00000000;585;EXCHANGE_LAST;;1;1;XEUR;2163053;693;
12.05.2025;14:38:05.928;FEXD SI 20261218 CS;SIMPLE_INSTRUMENT;BLOCK;EUR;44;155.90000000;1000;EXCHANGE_LAST;;1;1;XEUR;2163053;693;
12.05.2025;15:29:45.272;FEXD SI 20261218 CS;SIMPLE_INSTRUMENT;BLOCK;EUR;51;156.00000000;250;EXCHANGE_LAST;;1;1;XEUR;2163053;693;
12.05.2025;15:34:33.723;FEXD SI 20261218 CS;SIMPLE_INSTRUMENT;BLOCK;EUR;54;156.00000000;200;EXCHANGE_LAST;;1;1;XEUR;2163053;693;
12.05.2025;06:50:51.913;FFOX SI 20250619 CS;SIMPLE_INSTRUMENT;BLOCK;EUR;1;4588.10000000;101;EXCHANGE_LAST;;1;1;XEUR;11881292;695;
12.05.2025;15:46:12.372;FFOX SI 20250619 CS;SIMPLE_INSTRUMENT;BLOCK;EUR;9;4667.70000000;400;EXCHANGE_LAST;;1;1;XEUR;11881292;695;
12.05.2025;06:47:05.307;FGBL SI 20250606 PS;SIMPLE_INSTRUMENT;EFS;EUR;1;130.23000000;490;EXCHANGE_LAST;;1;1;XEUR;11820389;688;
12.05.2025;06:53:50.404;FGBL SI 20250606 PS;SIMPLE_INSTRUMENT;EFS;EUR;2;130.23000000;434;EXCHANGE_LAST;;1;1;XEUR;11820389;688;
12.05.2025;06:54:18.803;FGBL SI 20250606 PS;SIMPLE_INSTRUMENT;EFS;EUR;3;130.25000000;651;EXCHANGE_LAST;;1;1;XEUR;11820389;688;
12.05.2025;07:01:22.000;FGBL SI 20250606 PS;SIMPLE_INSTRUMENT;EFS;EUR;4;130.28000000;438;EXCHANGE_LAST;;1;1;XEUR;11820389;688;
12.05.2025;07:04:10.887;FGBL SI 20250606 PS;SIMPLE_INSTRUMENT;EFS;EUR;5;130.24000000;434;EXCHANGE_LAST;;1;1;XEUR;11820389;688;
12.05.2025;07:05:52.068;FGBL SI 20250606 PS;SIMPLE_INSTRUMENT;EFS;EUR;6;130.24000000;434;EXCHANGE_LAST;;1;1;XEUR;11820389;688;
12.05.2025;07:08:26.424;FGBL SI 20250606 PS;SIMPLE_INSTRUMENT;EFS;EUR;7;130.26000000;878;EXCHANGE_LAST;;1;1;XEUR;11820389;688;
12.05.2025;07:10:18.384;FGBL SI 20250606 PS;SIMPLE_INSTRUMENT;EFS;EUR;8;130.24000000;877;EXCHANGE_LAST;;1;1;XEUR;11820389;688;
12.05.2025;07:13:17.453;FGBL SI 20250606 PS;SIMPLE_INSTRUMENT;EFS;EUR;9;130.11000000;100;EXCHANGE_LAST;;1;1;XEUR;11820389;688;
12.05.2025;07:14:52.135;FGBL SI 20250606 PS;SIMPLE_INSTRUMENT;EFS;EUR;10;130.16000000;217;EXCHANGE_LAST;;1;1;XEUR;11820389;688;
12.05.2025;07:15:57.439;FGBL SI 20250606 PS;SIMPLE_INSTRUMENT;EFS;EUR;11;130.16000000;217;EXCHANGE_LAST;;1;1;XEUR;11820389;688;
12.05.2025;07:18:33.522;FGBL SI 20250606 PS;SIMPLE_INSTRUMENT;EFS;EUR;12;130.13000000;217;EXCHANGE_LAST;;1;1;XEUR;11820389;688;
12.05.2025;07:19:08.120;FGBL SI 20250606 PS;SIMPLE_INSTRUMENT;EFS;EUR;13;130.13000000;441;EXCHANGE_LAST;;1;1;XEUR;11820389;688;
12.05.2025;07:19:30.122;FGBL SI 20250606 PS;SIMPLE_INSTRUMENT;EFS;EUR;14;130.13000000;441;EXCHANGE_LAST;;1;1;XEUR;11820389;688;
12.05.2025;07:20:03.466;FGBL SI 20250606 PS;SIMPLE_INSTRUMENT;EFS;EUR;15;129.98000000;150;EXCHANGE_LAST;;1;1;XEUR;11820389;688;
12.05.2025;07:25:25.946;FGBL SI 20250606 PS;SIMPLE_INSTRUMENT;EFS;EUR;16;130.10000000;217;EXCHANGE_LAST;;1;1;XEUR;11820389;688;
12.05.2025;07:25:45.115;FGBL SI 20250606 PS;SIMPLE_INSTRUMENT;EFS;EUR;17;130.11000000;217;EXCHANGE_LAST;;1;1;XEUR;11820389;688;
12.05.2025;07:30:27.693;FGBL SI 20250606 PS;SIMPLE_INSTRUMENT;EFS;EUR;18;130.08000000;640;EXCHANGE_LAST;;1;1;XEUR;11820389;688;
12.05.2025;07:35:30.525;FGBL SI 20250606 PS;SIMPLE_INSTRUMENT;EFS;EUR;19;130.06000000;222;EXCHANGE_LAST;;1;1;XEUR;11820389;688;
12.05.2025;07:45:28.668;FGBL SI 20250606 PS;SIMPLE_INSTRUMENT;EFS;EUR;20;130.00000000;193;EXCHANGE_LAST;;1;1;XEUR;11820389;688;
12.05.2025;07:52:21.494;FGBL SI 20250606 PS;SIMPLE_INSTRUMENT;EFS;EUR;21;130.04000000;443;EXCHANGE_LAST;;1;1;XEUR;11820389;688;
12.05.2025;07:54:22.761;FGBL SI 20250606 PS;SIMPLE_INSTRUMENT;EFS;EUR;22;130.03000000;493;EXCHANGE_LAST;;1;1;XEUR;11820389;688;
12.05.2025;07:55:24.503;FGBL SI 20250606 PS;SIMPLE_INSTRUMENT;EFS;EUR;23;130.05000000;592;EXCHANGE_LAST;;1;1;XEUR;11820389;688;
12.05.2025;07:55:54.316;FGBL SI 20250606 PS;SIMPLE_INSTRUMENT;EFS;EUR;24;130.03000000;217;EXCHANGE_LAST;;1;1;XEUR;11820389;688;
12.05.2025;07:57:24.750;FGBL SI 20250606 PS;SIMPLE_INSTRUMENT;EFS;EUR;25;130.01000000;889;EXCHANGE_LAST;;1;1;XEUR;11820389;688;
12.05.2025;07:59:02.535;FGBL SI 20250606 PS;SIMPLE_INSTRUMENT;EFS;EUR;26;130.03000000;217;EXCHANGE_LAST;;1;1;XEUR;11820389;688;
12.05.2025;08:00:40.260;FGBL SI 20250606 PS;SIMPLE_INSTRUMENT;EFS;EUR;27;130.06000000;567;EXCHANGE_LAST;;1;1;XEUR;11820389;688;
12.05.2025;08:01:41.437;FGBL SI 20250606 PS;SIMPLE_INSTRUMENT;EFS;EUR;28;130.01000000;444;EXCHANGE_LAST;;1;1;XEUR;11820389;688;
12.05.2025;08:04:48.601;FGBL SI 20250606 PS;SIMPLE_INSTRUMENT;EFS;EUR;29;130.02000000;174;EXCHANGE_LAST;;1;1;XEUR;11820389;688;
12.05.2025;08:05:23.794;FGBL SI 20250606 PS;SIMPLE_INSTRUMENT;EFS;EUR;30;130.01000000;888;EXCHANGE_LAST;;1;1;XEUR;11820389;688;
12.05.2025;08:08:56.374;FGBL SI 20250606 PS;SIMPLE_INSTRUMENT;EFS;EUR;31;130.01000000;510;EXCHANGE_LAST;;1;1;XEUR;11820389;688;
12.05.2025;08:10:06.544;FGBL SI 20250606 PS;SIMPLE_INSTRUMENT;EFS;EUR;32;130.12000000;99;EXCHANGE_LAST;;1;1;XEUR;11820389;688;
12.05.2025;08:15:31.566;FGBL SI 20250606 PS;SIMPLE_INSTRUMENT;EFS;EUR;33;130.02000000;217;EXCHANGE_LAST;;1;1;XEUR;11820389;688;
12.05.2025;08:16:04.885;FGBL SI 20250606 PS;SIMPLE_INSTRUMENT;EFS;EUR;34;130.02000000;87;EXCHANGE_LAST;;1;1;XEUR;11820389;688;
12.05.2025;08:18:15.447;FGBL SI 20250606 PS;SIMPLE_INSTRUMENT;EFS;EUR;35;129.96000000;987;EXCHANGE_LAST;;1;1;XEUR;11820389;688;
12.05.2025;08:19:45.835;FGBL SI 20250606 PS;SIMPLE_INSTRUMENT;EFS;EUR;36;129.99000000;148;EXCHANGE_LAST;;1;1;XEUR;11820389;688;
12.05.2025;08:22:09.843;FGBL SI 20250606 PS;SIMPLE_INSTRUMENT;EFS;EUR;37;129.96000000;1076;EXCHANGE_LAST;;1;1;XEUR;11820389;688;
12.05.2025;08:22:46.785;FGBL SI 20250606 PS;SIMPLE_INSTRUMENT;EFS;EUR;38;129.98000000;115;EXCHANGE_LAST;;1;1;XEUR;11820389;688;
12.05.2025;08:23:39.940;FGBL SI 20250606 PS;SIMPLE_INSTRUMENT;EFS;EUR;39;129.96000000;157;EXCHANGE_LAST;;1;1;XEUR;11820389;688;
12.05.2025;08:24:21.791;FGBL SI 20250606 PS;SIMPLE_INSTRUMENT;EFS;EUR;40;130.01000000;414;EXCHANGE_LAST;;1;1;XEUR;11820389;688;
12.05.2025;08:27:59.802;FGBL SI 20250606 PS;SIMPLE_INSTRUMENT;EFS;EUR;41;130.01000000;440;EXCHANGE_LAST;;1;1;XEUR;11820389;688;
12.05.2025;08:28:50.892;FGBL SI 20250606 PS;SIMPLE_INSTRUMENT;EFS;EUR;42;130.00000000;100;EXCHANGE_LAST;;1;1;XEUR;11820389;688;
12.05.2025;08:32:33.144;FGBL SI 20250606 PS;SIMPLE_INSTRUMENT;EFS;EUR;43;129.96000000;988;EXCHANGE_LAST;;1;1;XEUR;11820389;688;
12.05.2025;08:32:47.109;FGBL SI 20250606 PS;SIMPLE_INSTRUMENT;EFS;EUR;44;129.95000000;275;EXCHANGE_LAST;;1;1;XEUR;11820389;688;
12.05.2025;08:33:57.222;FGBL SI 20250606 PS;SIMPLE_INSTRUMENT;EFS;EUR;45;130.03000000;217;EXCHANGE_LAST;;1;1;XEUR;11820389;688;
12.05.2025;08:35:22.130;FGBL SI 20250606 PS;SIMPLE_INSTRUMENT;EFP_FIN;EUR;46;130.00000000;332;EXCHANGE_LAST;;1;1;XEUR;11820389;688;
12.05.2025;08:36:55.146;FGBL SI 20250606 PS;SIMPLE_INSTRUMENT;EFP_FIN;EUR;47;129.97000000;305;EXCHANGE_LAST;;1;1;XEUR;11820389;688;
12.05.2025;08:38:38.067;FGBL SI 20250606 PS;SIMPLE_INSTRUMENT;EFS;EUR;48;129.95000000;267;EXCHANGE_LAST;;1;1;XEUR;11820389;688;
12.05.2025;08:40:10.502;FGBL SI 20250606 PS;SIMPLE_INSTRUMENT;EFP_FIN;EUR;49;130.05000000;305;EXCHANGE_LAST;;1;1;XEUR;11820389;688;
12.05.2025;08:43:04.906;FGBL SI 20250606 PS;SIMPLE_INSTRUMENT;EFS;EUR;50;130.11000000;1330;EXCHANGE_LAST;;1;1;XEUR;11820389;688;
12.05.2025;08:44:14.931;FGBL SI 20250606 PS;SIMPLE_INSTRUMENT;EFS;EUR;51;130.06000000;444;EXCHANGE_LAST;;1;1;XEUR;11820389;688;
12.05.2025;08:50:29.566;FGBL SI 20250606 PS;SIMPLE_INSTRUMENT;EFS;EUR;52;130.00000000;871;EXCHANGE_LAST;;1;1;XEUR;11820389;688;
12.05.2025;08:52:36.315;FGBL SI 20250606 PS;SIMPLE_INSTRUMENT;EFP_FIN;EUR;53;130.03000000;346;EXCHANGE_LAST;;1;1;XEUR;11820389;688;
12.05.2025;08:58:34.270;FGBL SI 20250606 PS;SIMPLE_INSTRUMENT;EFS;EUR;54;129.98000000;444;EXCHANGE_LAST;;1;1;XEUR;11820389;688;
12.05.2025;09:04:37.470;FGBL SI 20250606 PS;SIMPLE_INSTRUMENT;EFP_FIN;EUR;55;130.00000000;500;EXCHANGE_LAST;;1;1;XEUR;11820389;688;
12.05.2025;09:09:04.076;FGBL SI 20250606 PS;SIMPLE_INSTRUMENT;EFP_FIN;EUR;56;130.03000000;166;EXCHANGE_LAST;;1;1;XEUR;11820389;688;
12.05.2025;09:10:12.358;FGBL SI 20250606 PS;SIMPLE_INSTRUMENT;EFS;EUR;57;129.93000000;217;EXCHANGE_LAST;;1;1;XEUR;11820389;688;
12.05.2025;09:10:54.345;FGBL SI 20250606 PS;SIMPLE_INSTRUMENT;EFS;EUR;58;129.94000000;443;EXCHANGE_LAST;;1;1;XEUR;11820389;688;
12.05.2025;09:11:45.358;FGBL SI 20250606 PS;SIMPLE_INSTRUMENT;EFS;EUR;59;129.92000000;217;EXCHANGE_LAST;;1;1;XEUR;11820389;688;
12.05.2025;09:15:40.230;FGBL SI 20250606 PS;SIMPLE_INSTRUMENT;EFP_FIN;EUR;60;129.93000000;343;EXCHANGE_LAST;;1;1;XEUR;11820389;688;
12.05.2025;09:17:08.094;FGBL SI 20250606 PS;SIMPLE_INSTRUMENT;EFP_FIN;EUR;61;129.93000000;343;EXCHANGE_LAST;;1;1;XEUR;11820389;688;
12.05.2025;09:20:57.327;FGBL SI 20250606 PS;SIMPLE_INSTRUMENT;EFP_FIN;EUR;63;129.98000000;374;EXCHANGE_LAST;;1;1;XEUR;11820389;688;
12.05.2025;09:25:36.819;FGBL SI 20250606 PS;SIMPLE_INSTRUMENT;EFS;EUR;64;129.95000000;218;EXCHANGE_LAST;;1;1;XEUR;11820389;688;
12.05.2025;09:25:26.785;FGBL SI 20250606 PS;SIMPLE_INSTRUMENT;EFP_FIN;EUR;65;129.98000000;166;EXCHANGE_LAST;;1;1;XEUR;11820389;688;
12.05.2025;09:31:44.881;FGBL SI 20250606 PS;SIMPLE_INSTRUMENT;EFS;EUR;66;129.94000000;434;EXCHANGE_LAST;;1;1;XEUR;11820389;688;
12.05.2025;09:38:01.032;FGBL SI 20250606 PS;SIMPLE_INSTRUMENT;EFS;EUR;67;129.95000000;434;EXCHANGE_LAST;;1;1;XEUR;11820389;688;
12.05.2025;09:33:22.214;FGBL SI 20250606 PS;SIMPLE_INSTRUMENT;EFS;EUR;68;129.92000000;929;EXCHANGE_LAST;;1;1;XEUR;11820389;688;
12.05.2025;09:36:54.705;FGBL SI 20250606 PS;SIMPLE_INSTRUMENT;EFS;EUR;69;129.97000000;220;EXCHANGE_LAST;;1;1;XEUR;11820389;688;
12.05.2025;09:37:00.580;FGBL SI 20250606 PS;SIMPLE_INSTRUMENT;EFP_FIN;EUR;70;129.97000000;681;EXCHANGE_LAST;;1;1;XEUR;11820389;688;
12.05.2025;09:37:28.708;FGBL SI 20250606 PS;SIMPLE_INSTRUMENT;EFS;EUR;71;129.97000000;241;EXCHANGE_LAST;;1;1;XEUR;11820389;688;
12.05.2025;09:41:22.790;FGBL SI 20250606 PS;SIMPLE_INSTRUMENT;EFS;EUR;72;129.95000000;443;EXCHANGE_LAST;;1;1;XEUR;11820389;688;
12.05.2025;09:43:52.079;FGBL SI 20250606 PS;SIMPLE_INSTRUMENT;EFP_FIN;EUR;73;129.98000000;433;EXCHANGE_LAST;;1;1;XEUR;11820389;688;
12.05.2025;09:51:00.112;FGBL SI 20250606 PS;SIMPLE_INSTRUMENT;EFS;EUR;74;129.93000000;217;EXCHANGE_LAST;;1;1;XEUR;11820389;688;
12.05.2025;09:51:35.139;FGBL SI 20250606 PS;SIMPLE_INSTRUMENT;EFS;EUR;75;129.93000000;435;EXCHANGE_LAST;;1;1;XEUR;11820389;688;
12.05.2025;09:51:47.151;FGBL SI 20250606 PS;SIMPLE_INSTRUMENT;EFS;EUR;76;129.93000000;869;EXCHANGE_LAST;;1;1;XEUR;11820389;688;
12.05.2025;09:54:20.275;FGBL SI 20250606 PS;SIMPLE_INSTRUMENT;EFS;EUR;77;129.93000000;435;EXCHANGE_LAST;;1;1;XEUR;11820389;688;
12.05.2025;09:59:30.663;FGBL SI 20250606 PS;SIMPLE_INSTRUMENT;EFS;EUR;78;129.95000000;869;EXCHANGE_LAST;;1;1;XEUR;11820389;688;
12.05.2025;10:00:32.652;FGBL SI 20250606 PS;SIMPLE_INSTRUMENT;EFS;EUR;79;129.95000000;434;EXCHANGE_LAST;;1;1;XEUR;11820389;688;
12.05.2025;10:01:00.902;FGBL SI 20250606 PS;SIMPLE_INSTRUMENT;EFS;EUR;80;129.95000000;304;EXCHANGE_LAST;;1;1;XEUR;11820389;688;
12.05.2025;10:14:50.935;FGBL SI 20250606 PS;SIMPLE_INSTRUMENT;EFS;EUR;81;129.96000000;434;EXCHANGE_LAST;;1;1;XEUR;11820389;688;
12.05.2025;10:15:12.209;FGBL SI 20250606 PS;SIMPLE_INSTRUMENT;EFS;EUR;82;130.00000000;435;EXCHANGE_LAST;;1;1;XEUR;11820389;688;
12.05.2025;10:15:58.181;FGBL SI 20250606 PS;SIMPLE_INSTRUMENT;EFS;EUR;83;130.03000000;434;EXCHANGE_LAST;;1;1;XEUR;11820389;688;
12.05.2025;10:18:32.353;FGBL SI 20250606 PS;SIMPLE_INSTRUMENT;EFS;EUR;84;130.00000000;510;EXCHANGE_LAST;;1;1;XEUR;11820389;688;
12.05.2025;10:19:54.682;FGBL SI 20250606 PS;SIMPLE_INSTRUMENT;EFS;EUR;85;129.97000000;251;EXCHANGE_LAST;;1;1;XEUR;11820389;688;
12.05.2025;10:20:34.520;FGBL SI 20250606 PS;SIMPLE_INSTRUMENT;EFS;EUR;86;129.98000000;888;EXCHANGE_LAST;;1;1;XEUR;11820389;688;
12.05.2025;10:21:15.550;FGBL SI 20250606 PS;SIMPLE_INSTRUMENT;EFS;EUR;87;129.99000000;431;EXCHANGE_LAST;;1;1;XEUR;11820389;688;
12.05.2025;10:42:52.964;FGBL SI 20250606 PS;SIMPLE_INSTRUMENT;EFS;EUR;88;129.96000000;174;EXCHANGE_LAST;;1;1;XEUR;11820389;688;
12.05.2025;10:49:55.406;FGBL SI 20250606 PS;SIMPLE_INSTRUMENT;EFS;EUR;89;129.91000000;434;EXCHANGE_LAST;;1;1;XEUR;11820389;688;
12.05.2025;10:51:05.566;FGBL SI 20250606 PS;SIMPLE_INSTRUMENT;EFS;EUR;90;129.94000000;304;EXCHANGE_LAST;;1;1;XEUR;11820389;688;
12.05.2025;10:53:29.619;FGBL SI 20250606 PS;SIMPLE_INSTRUMENT;EFS;EUR;91;129.94000000;565;EXCHANGE_LAST;;1;1;XEUR;11820389;688;
12.05.2025;11:04:09.566;FGBL SI 20250606 PS;SIMPLE_INSTRUMENT;EFS;EUR;92;129.93000000;217;EXCHANGE_LAST;;1;1;XEUR;11820389;688;
12.05.2025;11:04:38.665;FGBL SI 20250606 PS;SIMPLE_INSTRUMENT;EFS;EUR;93;129.93000000;217;EXCHANGE_LAST;;1;1;XEUR;11820389;688;
12.05.2025;11:11:57.832;FGBL SI 20250606 PS;SIMPLE_INSTRUMENT;EFS;EUR;95;129.88000000;350;EXCHANGE_LAST;;1;1;XEUR;11820389;688;
12.05.2025;11:15:14.493;FGBL SI 20250606 PS;SIMPLE_INSTRUMENT;EFS;EUR;96;129.93000000;494;EXCHANGE_LAST;;1;1;XEUR;11820389;688;
12.05.2025;11:23:19.864;FGBL SI 20250606 PS;SIMPLE_INSTRUMENT;EFS;EUR;97;129.96000000;1076;EXCHANGE_LAST;;1;1;XEUR;11820389;688;
12.05.2025;11:26:59.466;FGBL SI 20250606 PS;SIMPLE_INSTRUMENT;EFS;EUR;98;129.95000000;217;EXCHANGE_LAST;;1;1;XEUR;11820389;688;
12.05.2025;11:34:05.766;FGBL SI 20250606 PS;SIMPLE_INSTRUMENT;EFS;EUR;99;129.94000000;435;EXCHANGE_LAST;;1;1;XEUR;11820389;688;
12.05.2025;11:36:52.252;FGBL SI 20250606 PS;SIMPLE_INSTRUMENT;EFP_FIN;EUR;100;129.95000000;278;EXCHANGE_LAST;;1;1;XEUR;11820389;688;
12.05.2025;11:44:41.214;FGBL SI 20250606 PS;SIMPLE_INSTRUMENT;EFS;EUR;102;129.92000000;435;EXCHANGE_LAST;;1;1;XEUR;11820389;688;
12.05.2025;11:45:30.516;FGBL SI 20250606 PS;SIMPLE_INSTRUMENT;EFS;EUR;103;129.94000000;346;EXCHANGE_LAST;;1;1;XEUR;11820389;688;
12.05.2025;11:45:58.152;FGBL SI 20250606 PS;SIMPLE_INSTRUMENT;EFS;EUR;104;129.93000000;223;EXCHANGE_LAST;;1;1;XEUR;11820389;688;
12.05.2025;11:47:05.418;FGBL SI 20250606 PS;SIMPLE_INSTRUMENT;EFP_FIN;EUR;105;129.93000000;205;EXCHANGE_LAST;;1;1;XEUR;11820389;688;
12.05.2025;11:47:10.100;FGBL SI 20250606 PS;SIMPLE_INSTRUMENT;EFP_FIN;EUR;106;129.93000000;491;EXCHANGE_LAST;;1;1;XEUR;11820389;688;
12.05.2025;11:48:29.775;FGBL SI 20250606 PS;SIMPLE_INSTRUMENT;EFS;EUR;107;129.93000000;223;EXCHANGE_LAST;;1;1;XEUR;11820389;688;
12.05.2025;11:51:53.024;FGBL SI 20250606 PS;SIMPLE_INSTRUMENT;EFS;EUR;108;129.92000000;3115;EXCHANGE_LAST;;1;1;XEUR;11820389;688;
12.05.2025;11:54:35.172;FGBL SI 20250606 PS;SIMPLE_INSTRUMENT;EFS;EUR;109;129.92000000;245;EXCHANGE_LAST;;1;1;XEUR;11820389;688;
12.05.2025;12:03:50.803;FGBL SI 20250606 PS;SIMPLE_INSTRUMENT;EFS;EUR;110;129.92000000;438;EXCHANGE_LAST;;1;1;XEUR;11820389;688;
12.05.2025;12:08:20.889;FGBL SI 20250606 PS;SIMPLE_INSTRUMENT;EFP_FIN;EUR;111;129.97000000;70;EXCHANGE_LAST;;1;1;XEUR;11820389;688;
12.05.2025;12:09:08.584;FGBL SI 20250606 PS;SIMPLE_INSTRUMENT;EFP_FIN;EUR;112;129.97000000;193;EXCHANGE_LAST;;1;1;XEUR;11820389;688;
12.05.2025;12:36:23.515;FGBL SI 20250606 PS;SIMPLE_INSTRUMENT;EFS;EUR;113;129.86000000;219;EXCHANGE_LAST;;1;1;XEUR;11820389;688;
12.05.2025;12:38:20.866;FGBL SI 20250606 PS;SIMPLE_INSTRUMENT;EFS;EUR;114;129.86000000;217;EXCHANGE_LAST;;1;1;XEUR;11820389;688;
12.05.2025;12:39:18.440;FGBL SI 20250606 PS;SIMPLE_INSTRUMENT;EFP_FIN;EUR;115;129.94000000;1243;EXCHANGE_LAST;;1;1;XEUR;11820389;688;
12.05.2025;12:52:07.351;FGBL SI 20250606 PS;SIMPLE_INSTRUMENT;EFS;EUR;116;129.79000000;1778;EXCHANGE_LAST;;1;1;XEUR;11820389;688;
12.05.2025;13:05:18.745;FGBL SI 20250606 PS;SIMPLE_INSTRUMENT;EFP_FIN;EUR;117;130.03000000;245;EXCHANGE_LAST;;1;1;XEUR;11820389;688;
12.05.2025;13:09:39.867;FGBL SI 20250606 PS;SIMPLE_INSTRUMENT;EFS;EUR;118;129.80000000;245;EXCHANGE_LAST;;1;1;XEUR;11820389;688;
12.05.2025;13:15:02.324;FGBL SI 20250606 PS;SIMPLE_INSTRUMENT;EFS;EUR;119;129.78000000;217;EXCHANGE_LAST;;1;1;XEUR;11820389;688;
12.05.2025;13:15:42.903;FGBL SI 20250606 PS;SIMPLE_INSTRUMENT;EFS;EUR;120;129.80000000;245;EXCHANGE_LAST;;1;1;XEUR;11820389;688;
12.05.2025;13:18:50.650;FGBL SI 20250606 PS;SIMPLE_INSTRUMENT;EFS;EUR;121;129.83000000;219;EXCHANGE_LAST;;1;1;XEUR;11820389;688;
12.05.2025;13:20:06.195;FGBL SI 20250606 PS;SIMPLE_INSTRUMENT;EFS;EUR;122;129.78000000;217;EXCHANGE_LAST;;1;1;XEUR;11820389;688;
12.05.2025;13:25:41.046;FGBL SI 20250606 PS;SIMPLE_INSTRUMENT;EFS;EUR;123;129.79000000;896;EXCHANGE_LAST;;1;1;XEUR;11820389;688;
12.05.2025;13:27:01.638;FGBL SI 20250606 PS;SIMPLE_INSTRUMENT;EFS;EUR;124;129.77000000;435;EXCHANGE_LAST;;1;1;XEUR;11820389;688;
12.05.2025;13:29:56.206;FGBL SI 20250606 PS;SIMPLE_INSTRUMENT;EFS;EUR;125;129.78000000;435;EXCHANGE_LAST;;1;1;XEUR;11820389;688;
12.05.2025;13:30:32.181;FGBL SI 20250606 PS;SIMPLE_INSTRUMENT;EFS;EUR;126;129.78000000;351;EXCHANGE_LAST;;1;1;XEUR;11820389;688;
12.05.2025;13:32:58.958;FGBL SI 20250606 PS;SIMPLE_INSTRUMENT;EFS;EUR;127;129.77000000;435;EXCHANGE_LAST;;1;1;XEUR;11820389;688;
12.05.2025;13:42:29.754;FGBL SI 20250606 PS;SIMPLE_INSTRUMENT;EFP_FIN;EUR;128;129.74000000;387;EXCHANGE_LAST;;1;1;XEUR;11820389;688;
12.05.2025;13:44:04.061;FGBL SI 20250606 PS;SIMPLE_INSTRUMENT;EFS;EUR;129;129.76000000;247;EXCHANGE_LAST;;1;1;XEUR;11820389;688;
12.05.2025;13:45:57.127;FGBL SI 20250606 PS;SIMPLE_INSTRUMENT;EFS;EUR;131;129.82000000;463;EXCHANGE_LAST;;1;1;XEUR;11820389;688;
12.05.2025;13:54:46.438;FGBL SI 20250606 PS;SIMPLE_INSTRUMENT;EFS;EUR;132;129.74000000;503;EXCHANGE_LAST;;1;1;XEUR;11820389;688;
12.05.2025;13:51:18.796;FGBL SI 20250606 PS;SIMPLE_INSTRUMENT;EFS;EUR;133;129.82000000;200;EXCHANGE_LAST;;1;1;XEUR;11820389;688;
12.05.2025;13:57:26.437;FGBL SI 20250606 PS;SIMPLE_INSTRUMENT;EFP_FIN;EUR;134;129.74000000;122;EXCHANGE_LAST;;1;1;XEUR;11820389;688;
12.05.2025;14:01:20.576;FGBL SI 20250606 PS;SIMPLE_INSTRUMENT;EFP_FIN;EUR;135;129.84000000;79;EXCHANGE_LAST;;1;1;XEUR;11820389;688;
12.05.2025;14:02:37.832;FGBL SI 20250606 PS;SIMPLE_INSTRUMENT;EFS;EUR;136;129.82000000;435;EXCHANGE_LAST;;1;1;XEUR;11820389;688;
12.05.2025;14:03:39.227;FGBL SI 20250606 PS;SIMPLE_INSTRUMENT;EFS;EUR;137;129.84000000;250;EXCHANGE_LAST;;1;1;XEUR;11820389;688;
12.05.2025;14:03:44.561;FGBL SI 20250606 PS;SIMPLE_INSTRUMENT;EFS;EUR;138;129.83000000;435;EXCHANGE_LAST;;1;1;XEUR;11820389;688;
12.05.2025;14:04:19.401;FGBL SI 20250606 PS;SIMPLE_INSTRUMENT;EFP_FIN;EUR;139;129.81000000;126;EXCHANGE_LAST;;1;1;XEUR;11820389;688;
12.05.2025;14:05:00.566;FGBL SI 20250606 PS;SIMPLE_INSTRUMENT;EFP_FIN;EUR;140;129.81000000;210;EXCHANGE_LAST;;1;1;XEUR;11820389;688;
12.05.2025;14:06:45.215;FGBL SI 20250606 PS;SIMPLE_INSTRUMENT;EFS;EUR;141;129.83000000;86;EXCHANGE_LAST;;1;1;XEUR;11820389;688;
12.05.2025;14:08:13.289;FGBL SI 20250606 PS;SIMPLE_INSTRUMENT;EFS;EUR;142;129.82000000;435;EXCHANGE_LAST;;1;1;XEUR;11820389;688;
12.05.2025;14:10:57.389;FGBL SI 20250606 PS;SIMPLE_INSTRUMENT;EFS;EUR;143;129.83000000;217;EXCHANGE_LAST;;1;1;XEUR;11820389;688;
12.05.2025;14:15:51.620;FGBL SI 20250606 PS;SIMPLE_INSTRUMENT;EFS;EUR;144;129.83000000;217;EXCHANGE_LAST;;1;1;XEUR;11820389;688;
12.05.2025;14:16:52.099;FGBL SI 20250606 PS;SIMPLE_INSTRUMENT;EFS;EUR;145;129.78000000;435;EXCHANGE_LAST;;1;1;XEUR;11820389;688;
12.05.2025;14:17:27.545;FGBL SI 20250606 PS;SIMPLE_INSTRUMENT;EFS;EUR;146;129.83000000;435;EXCHANGE_LAST;;1;1;XEUR;11820389;688;
12.05.2025;14:18:14.365;FGBL SI 20250606 PS;SIMPLE_INSTRUMENT;EFS;EUR;147;129.84000000;217;EXCHANGE_LAST;;1;1;XEUR;11820389;688;
12.05.2025;14:19:16.731;FGBL SI 20250606 PS;SIMPLE_INSTRUMENT;EFS;EUR;148;129.84000000;435;EXCHANGE_LAST;;1;1;XEUR;11820389;688;
12.05.2025;14:21:07.145;FGBL SI 20250606 PS;SIMPLE_INSTRUMENT;EFS;EUR;149;129.77000000;174;EXCHANGE_LAST;;1;1;XEUR;11820389;688;
12.05.2025;14:22:01.684;FGBL SI 20250606 PS;SIMPLE_INSTRUMENT;EFS;EUR;150;129.88000000;217;EXCHANGE_LAST;;1;1;XEUR;11820389;688;
12.05.2025;14:23:00.312;FGBL SI 20250606 PS;SIMPLE_INSTRUMENT;EFP_FIN;EUR;151;129.78000000;196;EXCHANGE_LAST;;1;1;XEUR;11820389;688;
12.05.2025;14:23:43.543;FGBL SI 20250606 PS;SIMPLE_INSTRUMENT;EFS;EUR;152;129.87000000;462;EXCHANGE_LAST;;1;1;XEUR;11820389;688;
12.05.2025;14:23:46.793;FGBL SI 20250606 PS;SIMPLE_INSTRUMENT;EFS;EUR;153;129.88000000;435;EXCHANGE_LAST;;1;1;XEUR;11820389;688;
12.05.2025;14:25:37.025;FGBL SI 20250606 PS;SIMPLE_INSTRUMENT;EFS;EUR;154;129.84000000;99;EXCHANGE_LAST;;1;1;XEUR;11820389;688;
12.05.2025;14:32:36.983;FGBL SI 20250606 PS;SIMPLE_INSTRUMENT;EFS;EUR;155;129.86000000;218;EXCHANGE_LAST;;1;1;XEUR;11820389;688;
12.05.2025;14:42:03.470;FGBL SI 20250606 PS;SIMPLE_INSTRUMENT;EFS;EUR;156;129.79000000;247;EXCHANGE_LAST;;1;1;XEUR;11820389;688;
12.05.2025;14:42:52.474;FGBL SI 20250606 PS;SIMPLE_INSTRUMENT;EFS;EUR;157;129.78000000;643;EXCHANGE_LAST;;1;1;XEUR;11820389;688;
12.05.2025;14:47:25.279;FGBL SI 20250606 PS;SIMPLE_INSTRUMENT;EFS;EUR;158;129.76000000;1731;EXCHANGE_LAST;;1;1;XEUR;11820389;688;
12.05.2025;14:54:59.339;FGBL SI 20250606 PS;SIMPLE_INSTRUMENT;EFS;EUR;159;129.85000000;435;EXCHANGE_LAST;;1;1;XEUR;11820389;688;
12.05.2025;14:55:39.365;FGBL SI 20250606 PS;SIMPLE_INSTRUMENT;EFS;EUR;160;129.85000000;435;EXCHANGE_LAST;;1;1;XEUR;11820389;688;
12.05.2025;14:56:44.860;FGBL SI 20250606 PS;SIMPLE_INSTRUMENT;EFS;EUR;161;129.88000000;52;EXCHANGE_LAST;;1;1;XEUR;11820389;688;
12.05.2025;14:57:32.972;FGBL SI 20250606 PS;SIMPLE_INSTRUMENT;EFS;EUR;162;129.86000000;850;EXCHANGE_LAST;;1;1;XEUR;11820389;688;
12.05.2025;14:57:39.470;FGBL SI 20250606 PS;SIMPLE_INSTRUMENT;EFS;EUR;163;129.87000000;217;EXCHANGE_LAST;;1;1;XEUR;11820389;688;
12.05.2025;14:58:34.514;FGBL SI 20250606 PS;SIMPLE_INSTRUMENT;EFS;EUR;164;129.87000000;217;EXCHANGE_LAST;;1;1;XEUR;11820389;688;
12.05.2025;14:59:29.565;FGBL SI 20250606 PS;SIMPLE_INSTRUMENT;EFS;EUR;165;129.87000000;217;EXCHANGE_LAST;;1;1;XEUR;11820389;688;
12.05.2025;15:04:03.513;FGBL SI 20250606 PS;SIMPLE_INSTRUMENT;EFS;EUR;166;129.84000000;217;EXCHANGE_LAST;;1;1;XEUR;11820389;688;
12.05.2025;15:05:49.862;FGBL SI 20250606 PS;SIMPLE_INSTRUMENT;EFS;EUR;167;129.82000000;435;EXCHANGE_LAST;;1;1;XEUR;11820389;688;
12.05.2025;15:07:12.777;FGBL SI 20250606 PS;SIMPLE_INSTRUMENT;EFS;EUR;168;129.87000000;217;EXCHANGE_LAST;;1;1;XEUR;11820389;688;
12.05.2025;15:07:38.046;FGBL SI 20250606 PS;SIMPLE_INSTRUMENT;EFS;EUR;169;129.88000000;217;EXCHANGE_LAST;;1;1;XEUR;11820389;688;
12.05.2025;15:09:27.247;FGBL SI 20250606 PS;SIMPLE_INSTRUMENT;EFS;EUR;170;129.86000000;261;EXCHANGE_LAST;;1;1;XEUR;11820389;688;
12.05.2025;15:10:09.591;FGBL SI 20250606 PS;SIMPLE_INSTRUMENT;EFP_FIN;EUR;171;129.78000000;84;EXCHANGE_LAST;;1;1;XEUR;11820389;688;
12.05.2025;15:24:47.651;FGBL SI 20250606 PS;SIMPLE_INSTRUMENT;EFP_FIN;EUR;172;129.79000000;84;EXCHANGE_LAST;;1;1;XEUR;11820389;688;
12.05.2025;15:27:09.585;FGBL SI 20250606 PS;SIMPLE_INSTRUMENT;EFS;EUR;173;129.77000000;870;EXCHANGE_LAST;;1;1;XEUR;11820389;688;
12.05.2025;15:29:31.588;FGBL SI 20250606 PS;SIMPLE_INSTRUMENT;EFS;EUR;174;129.79000000;435;EXCHANGE_LAST;;1;1;XEUR;11820389;688;
12.05.2025;15:29:35.246;FGBL SI 20250606 PS;SIMPLE_INSTRUMENT;EFP_FIN;EUR;175;129.80000000;491;EXCHANGE_LAST;;1;1;XEUR;11820389;688;
12.05.2025;15:30:12.982;FGBL SI 20250606 PS;SIMPLE_INSTRUMENT;EFS;EUR;176;129.82000000;435;EXCHANGE_LAST;;1;1;XEUR;11820389;688;
12.05.2025;15:32:09.730;FGBL SI 20250606 PS;SIMPLE_INSTRUMENT;EFS;EUR;177;129.81000000;696;EXCHANGE_LAST;;1;1;XEUR;11820389;688;
12.05.2025;15:39:16.242;FGBL SI 20250606 PS;SIMPLE_INSTRUMENT;EFS;EUR;178;129.75000000;435;EXCHANGE_LAST;;1;1;XEUR;11820389;688;
12.05.2025;15:45:31.238;FGBL SI 20250606 PS;SIMPLE_INSTRUMENT;EFS;EUR;179;129.81000000;211;EXCHANGE_LAST;;1;1;XEUR;11820389;688;
12.05.2025;15:45:43.879;FGBL SI 20250606 PS;SIMPLE_INSTRUMENT;EFS;EUR;180;129.81000000;211;EXCHANGE_LAST;;1;1;XEUR;11820389;688;
12.05.2025;15:50:27.191;FGBL SI 20250606 PS;SIMPLE_INSTRUMENT;EFP_FIN;EUR;181;129.85000000;1766;EXCHANGE_LAST;;1;1;XEUR;11820389;688;
12.05.2025;15:55:17.322;FGBL SI 20250606 PS;SIMPLE_INSTRUMENT;EFS;EUR;182;129.99000000;987;EXCHANGE_LAST;;1;1;XEUR;11820389;688;
12.05.2025;15:55:17.322;FGBL SI 20250606 PS;SIMPLE_INSTRUMENT;EFS;EUR;183;130.02000000;315;EXCHANGE_LAST;;1;1;XEUR;11820389;688;
12.05.2025;15:58:05.488;FGBL SI 20250606 PS;SIMPLE_INSTRUMENT;EFS;EUR;184;129.78000000;346;EXCHANGE_LAST;;1;1;XEUR;11820389;688;
12.05.2025;16:06:48.472;FGBL SI 20250606 PS;SIMPLE_INSTRUMENT;EFS;EUR;185;129.79000000;217;EXCHANGE_LAST;;1;1;XEUR;11820389;688;
12.05.2025;16:07:12.989;FGBL SI 20250606 PS;SIMPLE_INSTRUMENT;EFS;EUR;186;129.79000000;217;EXCHANGE_LAST;;1;1;XEUR;11820389;688;
12.05.2025;16:29:23.389;FGBL SI 20250606 PS;SIMPLE_INSTRUMENT;EFS;EUR;187;129.63000000;435;EXCHANGE_LAST;;1;1;XEUR;11820389;688;
12.05.2025;08:14:02.293;FGBL SI 20250606 PS;SIMPLE_INSTRUMENT;VOLA;EUR;268435488;129.98000000;12;EXCHANGE_LAST;;1;1;XEUR;11820389;688;
12.05.2025;08:41:22.654;FGBL SI 20250908 PS;SIMPLE_INSTRUMENT;VOLA;EUR;268435495;129.78000000;200;EXCHANGE_LAST;;1;1;XEUR;12372482;688;
12.05.2025;08:41:56.665;FGBL SI 20250908 PS;SIMPLE_INSTRUMENT;VOLA;EUR;268435496;129.78000000;160;EXCHANGE_LAST;;1;1;XEUR;12372482;688;
12.05.2025;09:03:56.972;FGBL SI 20250606 PS;SIMPLE_INSTRUMENT;VOLA;EUR;268435510;129.96000000;60;EXCHANGE_LAST;;1;1;XEUR;11820389;688;
12.05.2025;09:05:23.978;FGBL SI 20250606 PS;SIMPLE_INSTRUMENT;VOLA;EUR;268435512;129.99000000;60;EXCHANGE_LAST;;1;1;XEUR;11820389;688;
12.05.2025;09:18:08.681;FGBL SI 20250606 PS;SIMPLE_INSTRUMENT;VOLA;EUR;268435521;129.97000000;215;EXCHANGE_LAST;;1;1;XEUR;11820389;688;
12.05.2025;09:18:58.294;FGBL SI 20250606 PS;SIMPLE_INSTRUMENT;VOLA;EUR;268435523;129.97000000;215;EXCHANGE_LAST;;1;1;XEUR;11820389;688;
12.05.2025;09:19:50.787;FGBL SI 20250606 PS;SIMPLE_INSTRUMENT;VOLA;EUR;268435524;129.97000000;215;EXCHANGE_LAST;;1;1;XEUR;11820389;688;
12.05.2025;09:17:50.804;FGBL SI 20250606 PS;SIMPLE_INSTRUMENT;VOLA;EUR;268435525;129.97000000;215;EXCHANGE_LAST;;1;1;XEUR;11820389;688;
12.05.2025;09:22:19.986;FGBL SI 20250606 PS;SIMPLE_INSTRUMENT;VOLA;EUR;268435526;129.97000000;236;EXCHANGE_LAST;;1;1;XEUR;11820389;688;
12.05.2025;09:22:34.867;FGBL SI 20250606 PS;SIMPLE_INSTRUMENT;VOLA;EUR;268435527;129.97000000;237;EXCHANGE_LAST;;1;1;XEUR;11820389;688;
12.05.2025;10:19:47.985;FGBL SI 20250606 PS;SIMPLE_INSTRUMENT;VOLA;EUR;268435538;129.95000000;75;EXCHANGE_LAST;;1;1;XEUR;11820389;688;
12.05.2025;10:21:09.996;FGBL SI 20250606 PS;SIMPLE_INSTRUMENT;VOLA;EUR;268435541;129.95000000;112;EXCHANGE_LAST;;1;1;XEUR;11820389;688;
12.05.2025;10:21:56.001;FGBL SI 20250606 PS;SIMPLE_INSTRUMENT;VOLA;EUR;268435542;129.95000000;113;EXCHANGE_LAST;;1;1;XEUR;11820389;688;
12.05.2025;12:39:31.637;FGBL SI 20250908 PS;SIMPLE_INSTRUMENT;VOLA;EUR;268435571;129.70000000;250;EXCHANGE_LAST;;1;1;XEUR;12372482;688;
12.05.2025;12:40:19.655;FGBL SI 20250908 PS;SIMPLE_INSTRUMENT;VOLA;EUR;268435573;129.70000000;130;EXCHANGE_LAST;;1;1;XEUR;12372482;688;
12.05.2025;12:45:36.945;FGBL SI 20250606 PS;SIMPLE_INSTRUMENT;VOLA;EUR;268435576;129.75000000;80;EXCHANGE_LAST;;1;1;XEUR;11820389;688;
12.05.2025;13:11:03.948;FGBL SI 20250606 PS;SIMPLE_INSTRUMENT;VOLA;EUR;268435584;129.82000000;300;EXCHANGE_LAST;;1;1;XEUR;11820389;688;
12.05.2025;13:12:16.860;FGBL SI 20250606 PS;SIMPLE_INSTRUMENT;VOLA;EUR;268435585;129.84000000;300;EXCHANGE_LAST;;1;1;XEUR;11820389;688;
12.05.2025;13:35:13.705;FGBL SI 20250606 PS;SIMPLE_INSTRUMENT;VOLA;EUR;268435587;129.78000000;50;EXCHANGE_LAST;;1;1;XEUR;11820389;688;
12.05.2025;13:56:01.715;FGBL SI 20250606 PS;SIMPLE_INSTRUMENT;VOLA;EUR;268435593;129.85000000;345;EXCHANGE_LAST;;1;1;XEUR;11820389;688;
12.05.2025;13:56:51.689;FGBL SI 20250606 PS;SIMPLE_INSTRUMENT;VOLA;EUR;268435594;129.85000000;345;EXCHANGE_LAST;;1;1;XEUR;11820389;688;
12.05.2025;14:29:01.163;FGBL SI 20250606 PS;SIMPLE_INSTRUMENT;VOLA;EUR;268435610;129.86000000;200;EXCHANGE_LAST;;1;1;XEUR;11820389;688;
12.05.2025;14:37:36.335;FGBL SI 20250606 PS;SIMPLE_INSTRUMENT;VOLA;EUR;268435620;129.90000000;110;EXCHANGE_LAST;;1;1;XEUR;11820389;688;
12.05.2025;14:41:13.249;FGBL SI 20250606 PS;SIMPLE_INSTRUMENT;VOLA;EUR;268435622;129.86000000;100;EXCHANGE_LAST;;1;1;XEUR;11820389;688;
12.05.2025;07:17:35.306;FGBM SI 20250606 PS;SIMPLE_INSTRUMENT;EFS;EUR;1;118.67000000;861;EXCHANGE_LAST;;1;1;XEUR;11820390;689;
12.05.2025;07:17:40.007;FGBM SI 20250606 PS;SIMPLE_INSTRUMENT;EFS;EUR;2;118.65000000;500;EXCHANGE_LAST;;1;1;XEUR;11820390;689;
12.05.2025;07:20:10.729;FGBM SI 20250606 PS;SIMPLE_INSTRUMENT;EFS;EUR;3;118.68000000;431;EXCHANGE_LAST;;1;1;XEUR;11820390;689;
12.05.2025;07:22:46.061;FGBM SI 20250606 PS;SIMPLE_INSTRUMENT;EFS;EUR;4;118.67000000;500;EXCHANGE_LAST;;1;1;XEUR;11820390;689;
12.05.2025;07:34:56.161;FGBM SI 20250606 PS;SIMPLE_INSTRUMENT;EFS;EUR;5;118.61000000;165;EXCHANGE_LAST;;1;1;XEUR;11820390;689;
12.05.2025;07:43:53.311;FGBM SI 20250606 PS;SIMPLE_INSTRUMENT;EFS;EUR;6;118.63000000;862;EXCHANGE_LAST;;1;1;XEUR;11820390;689;
12.05.2025;07:46:51.402;FGBM SI 20250606 PS;SIMPLE_INSTRUMENT;EFS;EUR;7;118.81000000;1110;EXCHANGE_LAST;;1;1;XEUR;11820390;689;
12.05.2025;07:55:41.056;FGBM SI 20250606 PS;SIMPLE_INSTRUMENT;EFS;EUR;8;118.62000000;1851;EXCHANGE_LAST;;1;1;XEUR;11820390;689;
12.05.2025;07:56:42.769;FGBM SI 20250606 PS;SIMPLE_INSTRUMENT;EFS;EUR;9;118.61000000;919;EXCHANGE_LAST;;1;1;XEUR;11820390;689;
12.05.2025;08:10:29.949;FGBM SI 20250606 PS;SIMPLE_INSTRUMENT;EFP_FIN;EUR;10;118.56000000;59;EXCHANGE_LAST;;1;1;XEUR;11820390;689;
12.05.2025;08:08:28.284;FGBM SI 20250606 PS;SIMPLE_INSTRUMENT;EFP_FIN;EUR;11;118.56000000;296;EXCHANGE_LAST;;1;1;XEUR;11820390;689;
12.05.2025;08:14:06.097;FGBM SI 20250606 PS;SIMPLE_INSTRUMENT;EFS;EUR;12;118.55000000;1251;EXCHANGE_LAST;;1;1;XEUR;11820390;689;
12.05.2025;08:16:34.204;FGBM SI 20250606 PS;SIMPLE_INSTRUMENT;EFS;EUR;13;118.54000000;1002;EXCHANGE_LAST;;1;1;XEUR;11820390;689;
12.05.2025;08:18:04.590;FGBM SI 20250606 PS;SIMPLE_INSTRUMENT;EFP_FIN;EUR;14;118.56000000;171;EXCHANGE_LAST;;1;1;XEUR;11820390;689;
12.05.2025;08:19:44.245;FGBM SI 20250606 PS;SIMPLE_INSTRUMENT;EFS;EUR;15;118.56000000;431;EXCHANGE_LAST;;1;1;XEUR;11820390;689;
12.05.2025;08:22:29.388;FGBM SI 20250606 PS;SIMPLE_INSTRUMENT;EFS;EUR;16;118.54000000;863;EXCHANGE_LAST;;1;1;XEUR;11820390;689;
12.05.2025;08:22:58.927;FGBM SI 20250606 PS;SIMPLE_INSTRUMENT;EFS;EUR;17;118.53000000;1854;EXCHANGE_LAST;;1;1;XEUR;11820390;689;
12.05.2025;08:23:03.058;FGBM SI 20250606 PS;SIMPLE_INSTRUMENT;EFS;EUR;18;118.54000000;863;EXCHANGE_LAST;;1;1;XEUR;11820390;689;
12.05.2025;08:23:50.424;FGBM SI 20250606 PS;SIMPLE_INSTRUMENT;EFS;EUR;19;118.55000000;1391;EXCHANGE_LAST;;1;1;XEUR;11820390;689;
12.05.2025;08:26:57.060;FGBM SI 20250606 PS;SIMPLE_INSTRUMENT;EFS;EUR;20;118.55000000;457;EXCHANGE_LAST;;1;1;XEUR;11820390;689;
12.05.2025;08:31:12.104;FGBM SI 20250606 PS;SIMPLE_INSTRUMENT;EFS;EUR;21;118.54000000;517;EXCHANGE_LAST;;1;1;XEUR;11820390;689;
12.05.2025;08:31:04.263;FGBM SI 20250606 PS;SIMPLE_INSTRUMENT;EFP_FIN;EUR;22;118.54000000;412;EXCHANGE_LAST;;1;1;XEUR;11820390;689;
12.05.2025;08:32:00.850;FGBM SI 20250606 PS;SIMPLE_INSTRUMENT;EFS;EUR;23;118.57000000;259;EXCHANGE_LAST;;1;1;XEUR;11820390;689;
12.05.2025;08:34:50.178;FGBM SI 20250606 PS;SIMPLE_INSTRUMENT;EFP_FIN;EUR;24;118.57000000;613;EXCHANGE_LAST;;1;1;XEUR;11820390;689;
12.05.2025;08:35:36.878;FGBM SI 20250606 PS;SIMPLE_INSTRUMENT;EFS;EUR;25;118.58000000;862;EXCHANGE_LAST;;1;1;XEUR;11820390;689;
12.05.2025;08:38:52.538;FGBM SI 20250606 PS;SIMPLE_INSTRUMENT;EFP_FIN;EUR;26;118.56000000;81;EXCHANGE_LAST;;1;1;XEUR;11820390;689;
12.05.2025;08:38:02.438;FGBM SI 20250606 PS;SIMPLE_INSTRUMENT;EFS;EUR;27;118.58000000;862;EXCHANGE_LAST;;1;1;XEUR;11820390;689;
12.05.2025;08:41:58.943;FGBM SI 20250606 PS;SIMPLE_INSTRUMENT;EFS;EUR;28;118.57000000;862;EXCHANGE_LAST;;1;1;XEUR;11820390;689;
12.05.2025;08:42:18.964;FGBM SI 20250606 PS;SIMPLE_INSTRUMENT;EFS;EUR;29;118.57000000;862;EXCHANGE_LAST;;1;1;XEUR;11820390;689;
12.05.2025;08:49:41.458;FGBM SI 20250606 PS;SIMPLE_INSTRUMENT;EFS;EUR;30;118.55000000;464;EXCHANGE_LAST;;1;1;XEUR;11820390;689;
12.05.2025;08:54:35.025;FGBM SI 20250606 PS;SIMPLE_INSTRUMENT;EFP_FIN;EUR;31;118.54000000;2555;EXCHANGE_LAST;;1;1;XEUR;11820390;689;
12.05.2025;08:59:25.479;FGBM SI 20250606 PS;SIMPLE_INSTRUMENT;EFP_FIN;EUR;32;118.55000000;123;EXCHANGE_LAST;;1;1;XEUR;11820390;689;
12.05.2025;09:02:36.916;FGBM SI 20250606 PS;SIMPLE_INSTRUMENT;EFS;EUR;33;118.52000000;862;EXCHANGE_LAST;;1;1;XEUR;11820390;689;
12.05.2025;09:06:46.542;FGBM SI 20250606 PS;SIMPLE_INSTRUMENT;EFS;EUR;34;118.52000000;862;EXCHANGE_LAST;;1;1;XEUR;11820390;689;
12.05.2025;09:09:36.107;FGBM SI 20250606 PS;SIMPLE_INSTRUMENT;EFP_FIN;EUR;35;118.53000000;426;EXCHANGE_LAST;;1;1;XEUR;11820390;689;
12.05.2025;09:07:19.788;FGBM SI 20250606 PS;SIMPLE_INSTRUMENT;EFS;EUR;36;118.53000000;666;EXCHANGE_LAST;;1;1;XEUR;11820390;689;
12.05.2025;09:09:35.973;FGBM SI 20250606 PS;SIMPLE_INSTRUMENT;EFP_FIN;EUR;37;118.53000000;851;EXCHANGE_LAST;;1;1;XEUR;11820390;689;
12.05.2025;09:10:51.450;FGBM SI 20250606 PS;SIMPLE_INSTRUMENT;EFS;EUR;38;118.51000000;862;EXCHANGE_LAST;;1;1;XEUR;11820390;689;
12.05.2025;09:13:46.901;FGBM SI 20250606 PS;SIMPLE_INSTRUMENT;EFP_FIN;EUR;39;118.63000000;213;EXCHANGE_LAST;;1;1;XEUR;11820390;689;
12.05.2025;09:14:09.561;FGBM SI 20250606 PS;SIMPLE_INSTRUMENT;EFS;EUR;40;118.54000000;927;EXCHANGE_LAST;;1;1;XEUR;11820390;689;
12.05.2025;09:20:33.617;FGBM SI 20250606 PS;SIMPLE_INSTRUMENT;EFP_FIN;EUR;41;118.56000000;201;EXCHANGE_LAST;;1;1;XEUR;11820390;689;
12.05.2025;09:20:33.617;FGBM SI 20250606 PS;SIMPLE_INSTRUMENT;EFP_FIN;EUR;42;118.56000000;81;EXCHANGE_LAST;;1;1;XEUR;11820390;689;
12.05.2025;09:24:35.830;FGBM SI 20250606 PS;SIMPLE_INSTRUMENT;EFS;EUR;43;118.49000000;1391;EXCHANGE_LAST;;1;1;XEUR;11820390;689;
12.05.2025;09:24:43.195;FGBM SI 20250606 PS;SIMPLE_INSTRUMENT;EFS;EUR;44;118.53000000;832;EXCHANGE_LAST;;1;1;XEUR;11820390;689;
12.05.2025;09:30:42.161;FGBM SI 20250606 PS;SIMPLE_INSTRUMENT;EFS;EUR;46;118.46000000;810;EXCHANGE_LAST;;1;1;XEUR;11820390;689;
12.05.2025;09:32:32.668;FGBM SI 20250606 PS;SIMPLE_INSTRUMENT;EFS;EUR;47;118.50000000;431;EXCHANGE_LAST;;1;1;XEUR;11820390;689;
12.05.2025;09:33:35.331;FGBM SI 20250606 PS;SIMPLE_INSTRUMENT;EFS;EUR;48;118.49000000;1873;EXCHANGE_LAST;;1;1;XEUR;11820390;689;
12.05.2025;09:33:51.121;FGBM SI 20250606 PS;SIMPLE_INSTRUMENT;EFS;EUR;49;118.49000000;431;EXCHANGE_LAST;;1;1;XEUR;11820390;689;
12.05.2025;09:34:29.697;FGBM SI 20250606 PS;SIMPLE_INSTRUMENT;EFS;EUR;50;118.49000000;466;EXCHANGE_LAST;;1;1;XEUR;11820390;689;
12.05.2025;09:34:39.410;FGBM SI 20250606 PS;SIMPLE_INSTRUMENT;EFS;EUR;51;118.50000000;863;EXCHANGE_LAST;;1;1;XEUR;11820390;689;
12.05.2025;09:34:54.425;FGBM SI 20250606 PS;SIMPLE_INSTRUMENT;EFS;EUR;52;118.50000000;863;EXCHANGE_LAST;;1;1;XEUR;11820390;689;
12.05.2025;09:35:17.700;FGBM SI 20250606 PS;SIMPLE_INSTRUMENT;EFS;EUR;53;118.49000000;474;EXCHANGE_LAST;;1;1;XEUR;11820390;689;
12.05.2025;09:41:22.790;FGBM SI 20250606 PS;SIMPLE_INSTRUMENT;EFS;EUR;54;118.49000000;833;EXCHANGE_LAST;;1;1;XEUR;11820390;689;
12.05.2025;09:55:15.389;FGBM SI 20250606 PS;SIMPLE_INSTRUMENT;EFP_FIN;EUR;55;118.47000000;204;EXCHANGE_LAST;;1;1;XEUR;11820390;689;
12.05.2025;09:56:26.361;FGBM SI 20250606 PS;SIMPLE_INSTRUMENT;EFS;EUR;56;118.49000000;863;EXCHANGE_LAST;;1;1;XEUR;11820390;689;
12.05.2025;09:59:21.498;FGBM SI 20250606 PS;SIMPLE_INSTRUMENT;EFS;EUR;57;118.51000000;863;EXCHANGE_LAST;;1;1;XEUR;11820390;689;
12.05.2025;10:02:18.126;FGBM SI 20250606 PS;SIMPLE_INSTRUMENT;EFS;EUR;58;118.48000000;300;EXCHANGE_LAST;;1;1;XEUR;11820390;689;
12.05.2025;10:11:14.013;FGBM SI 20250606 PS;SIMPLE_INSTRUMENT;EFS;EUR;59;118.49000000;810;EXCHANGE_LAST;;1;1;XEUR;11820390;689;
12.05.2025;10:23:26.223;FGBM SI 20250606 PS;SIMPLE_INSTRUMENT;EFS;EUR;60;118.54000000;927;EXCHANGE_LAST;;1;1;XEUR;11820390;689;
12.05.2025;10:26:17.332;FGBM SI 20250606 PS;SIMPLE_INSTRUMENT;EFP_FIN;EUR;61;118.56000000;213;EXCHANGE_LAST;;1;1;XEUR;11820390;689;
12.05.2025;10:34:55.221;FGBM SI 20250606 PS;SIMPLE_INSTRUMENT;EFS;EUR;62;118.48000000;863;EXCHANGE_LAST;;1;1;XEUR;11820390;689;
12.05.2025;10:40:40.445;FGBM SI 20250606 PS;SIMPLE_INSTRUMENT;EFS;EUR;63;118.47000000;863;EXCHANGE_LAST;;1;1;XEUR;11820390;689;
12.05.2025;10:42:13.704;FGBM SI 20250606 PS;SIMPLE_INSTRUMENT;EFS;EUR;64;118.46000000;928;EXCHANGE_LAST;;1;1;XEUR;11820390;689;
12.05.2025;10:48:26.714;FGBM SI 20250606 PS;SIMPLE_INSTRUMENT;EFS;EUR;65;118.46000000;810;EXCHANGE_LAST;;1;1;XEUR;11820390;689;
12.05.2025;10:52:09.284;FGBM SI 20250606 PS;SIMPLE_INSTRUMENT;EFS;EUR;66;118.46000000;928;EXCHANGE_LAST;;1;1;XEUR;11820390;689;
12.05.2025;10:57:57.256;FGBM SI 20250606 PS;SIMPLE_INSTRUMENT;EFS;EUR;67;118.45000000;1294;EXCHANGE_LAST;;1;1;XEUR;11820390;689;
12.05.2025;11:01:35.310;FGBM SI 20250606 PS;SIMPLE_INSTRUMENT;EFS;EUR;68;118.46000000;928;EXCHANGE_LAST;;1;1;XEUR;11820390;689;
12.05.2025;11:05:52.211;FGBM SI 20250606 PS;SIMPLE_INSTRUMENT;EFS;EUR;69;118.44000000;862;EXCHANGE_LAST;;1;1;XEUR;11820390;689;
12.05.2025;11:15:59.888;FGBM SI 20250606 PS;SIMPLE_INSTRUMENT;EFS;EUR;70;118.45000000;862;EXCHANGE_LAST;;1;1;XEUR;11820390;689;
12.05.2025;11:23:35.285;FGBM SI 20250606 PS;SIMPLE_INSTRUMENT;EFP_FIN;EUR;71;118.56000000;774;EXCHANGE_LAST;;1;1;XEUR;11820390;689;
12.05.2025;11:25:46.377;FGBM SI 20250606 PS;SIMPLE_INSTRUMENT;EFP_FIN;EUR;72;118.44000000;412;EXCHANGE_LAST;;1;1;XEUR;11820390;689;
12.05.2025;11:26:44.454;FGBM SI 20250606 PS;SIMPLE_INSTRUMENT;EFS;EUR;73;118.50000000;431;EXCHANGE_LAST;;1;1;XEUR;11820390;689;
12.05.2025;11:38:27.413;FGBM SI 20250606 PS;SIMPLE_INSTRUMENT;EFS;EUR;74;118.48000000;835;EXCHANGE_LAST;;1;1;XEUR;11820390;689;
12.05.2025;11:47:38.720;FGBM SI 20250606 PS;SIMPLE_INSTRUMENT;EFS;EUR;75;118.47000000;418;EXCHANGE_LAST;;1;1;XEUR;11820390;689;
12.05.2025;12:05:49.897;FGBM SI 20250606 PS;SIMPLE_INSTRUMENT;EFS;EUR;76;118.49000000;836;EXCHANGE_LAST;;1;1;XEUR;11820390;689;
12.05.2025;12:13:44.265;FGBM SI 20250606 PS;SIMPLE_INSTRUMENT;EFS;EUR;77;118.49000000;3711;EXCHANGE_LAST;;1;1;XEUR;11820390;689;
12.05.2025;12:14:14.826;FGBM SI 20250606 PS;SIMPLE_INSTRUMENT;EFS;EUR;78;118.48000000;464;EXCHANGE_LAST;;1;1;XEUR;11820390;689;
12.05.2025;12:18:44.534;FGBM SI 20250606 PS;SIMPLE_INSTRUMENT;EFS;EUR;79;118.49000000;412;EXCHANGE_LAST;;1;1;XEUR;11820390;689;
12.05.2025;12:32:51.949;FGBM SI 20250606 PS;SIMPLE_INSTRUMENT;EFS;EUR;80;118.42000000;1254;EXCHANGE_LAST;;1;1;XEUR;11820390;689;
12.05.2025;12:36:09.906;FGBM SI 20250606 PS;SIMPLE_INSTRUMENT;EFP_FIN;EUR;81;118.52000000;587;EXCHANGE_LAST;;1;1;XEUR;11820390;689;
12.05.2025;12:36:09.926;FGBM SI 20250606 PS;SIMPLE_INSTRUMENT;EFP_FIN;EUR;82;118.52000000;587;EXCHANGE_LAST;;1;1;XEUR;11820390;689;
12.05.2025;12:36:09.926;FGBM SI 20250606 PS;SIMPLE_INSTRUMENT;EFP_FIN;EUR;83;118.52000000;294;EXCHANGE_LAST;;1;1;XEUR;11820390;689;
12.05.2025;12:36:28.497;FGBM SI 20250606 PS;SIMPLE_INSTRUMENT;EFP_FIN;EUR;84;118.44000000;121;EXCHANGE_LAST;;1;1;XEUR;11820390;689;
12.05.2025;12:41:46.467;FGBM SI 20250606 PS;SIMPLE_INSTRUMENT;EFP_FIN;EUR;85;118.48000000;293;EXCHANGE_LAST;;1;1;XEUR;11820390;689;
12.05.2025;12:48:36.994;FGBM SI 20250606 PS;SIMPLE_INSTRUMENT;EFS;EUR;86;118.41000000;863;EXCHANGE_LAST;;1;1;XEUR;11820390;689;
12.05.2025;12:48:52.004;FGBM SI 20250606 PS;SIMPLE_INSTRUMENT;EFS;EUR;87;118.41000000;863;EXCHANGE_LAST;;1;1;XEUR;11820390;689;
12.05.2025;12:49:52.047;FGBM SI 20250606 PS;SIMPLE_INSTRUMENT;EFS;EUR;88;118.38000000;863;EXCHANGE_LAST;;1;1;XEUR;11820390;689;
12.05.2025;12:50:15.611;FGBM SI 20250606 PS;SIMPLE_INSTRUMENT;EFP_FIN;EUR;89;118.40000000;1704;EXCHANGE_LAST;;1;1;XEUR;11820390;689;
12.05.2025;12:50:56.265;FGBM SI 20250606 PS;SIMPLE_INSTRUMENT;EFS;EUR;90;118.39000000;502;EXCHANGE_LAST;;1;1;XEUR;11820390;689;
12.05.2025;12:51:53.303;FGBM SI 20250606 PS;SIMPLE_INSTRUMENT;EFP_FIN;EUR;91;118.40000000;1704;EXCHANGE_LAST;;1;1;XEUR;11820390;689;
12.05.2025;12:57:10.535;FGBM SI 20250606 PS;SIMPLE_INSTRUMENT;EFS;EUR;92;118.39000000;1837;EXCHANGE_LAST;;1;1;XEUR;11820390;689;
12.05.2025;13:07:17.202;FGBM SI 20250606 PS;SIMPLE_INSTRUMENT;EFS;EUR;93;118.39000000;500;EXCHANGE_LAST;;1;1;XEUR;11820390;689;
12.05.2025;13:07:31.666;FGBM SI 20250606 PS;SIMPLE_INSTRUMENT;EFS;EUR;94;118.40000000;700;EXCHANGE_LAST;;1;1;XEUR;11820390;689;
12.05.2025;13:09:32.466;FGBM SI 20250606 PS;SIMPLE_INSTRUMENT;EFS;EUR;95;118.40000000;300;EXCHANGE_LAST;;1;1;XEUR;11820390;689;
12.05.2025;13:11:11.993;FGBM SI 20250606 PS;SIMPLE_INSTRUMENT;EFS;EUR;96;118.37000000;418;EXCHANGE_LAST;;1;1;XEUR;11820390;689;
12.05.2025;13:13:41.437;FGBM SI 20250606 PS;SIMPLE_INSTRUMENT;EFS;EUR;97;118.38000000;863;EXCHANGE_LAST;;1;1;XEUR;11820390;689;
12.05.2025;13:13:56.367;FGBM SI 20250606 PS;SIMPLE_INSTRUMENT;EFS;EUR;98;118.39000000;929;EXCHANGE_LAST;;1;1;XEUR;11820390;689;
12.05.2025;13:17:12.907;FGBM SI 20250606 PS;SIMPLE_INSTRUMENT;EFS;EUR;99;118.37000000;859;EXCHANGE_LAST;;1;1;XEUR;11820390;689;
12.05.2025;13:15:43.629;FGBM SI 20250606 PS;SIMPLE_INSTRUMENT;EFS;EUR;100;118.39000000;431;EXCHANGE_LAST;;1;1;XEUR;11820390;689;
12.05.2025;13:21:48.262;FGBM SI 20250606 PS;SIMPLE_INSTRUMENT;EFS;EUR;101;118.38000000;431;EXCHANGE_LAST;;1;1;XEUR;11820390;689;
12.05.2025;13:21:57.322;FGBM SI 20250606 PS;SIMPLE_INSTRUMENT;EFS;EUR;102;118.38000000;780;EXCHANGE_LAST;;1;1;XEUR;11820390;689;
12.05.2025;13:23:05.412;FGBM SI 20250606 PS;SIMPLE_INSTRUMENT;EFS;EUR;103;118.37000000;863;EXCHANGE_LAST;;1;1;XEUR;11820390;689;
12.05.2025;13:23:40.994;FGBM SI 20250606 PS;SIMPLE_INSTRUMENT;EFS;EUR;104;118.38000000;431;EXCHANGE_LAST;;1;1;XEUR;11820390;689;
12.05.2025;13:24:59.645;FGBM SI 20250606 PS;SIMPLE_INSTRUMENT;EFS;EUR;105;118.38000000;1393;EXCHANGE_LAST;;1;1;XEUR;11820390;689;
12.05.2025;13:25:41.522;FGBM SI 20250606 PS;SIMPLE_INSTRUMENT;EFS;EUR;106;118.38000000;432;EXCHANGE_LAST;;1;1;XEUR;11820390;689;
12.05.2025;13:25:56.582;FGBM SI 20250606 PS;SIMPLE_INSTRUMENT;EFS;EUR;107;118.38000000;431;EXCHANGE_LAST;;1;1;XEUR;11820390;689;
12.05.2025;13:26:36.139;FGBM SI 20250606 PS;SIMPLE_INSTRUMENT;EFS;EUR;108;118.38000000;863;EXCHANGE_LAST;;1;1;XEUR;11820390;689;
12.05.2025;13:27:01.593;FGBM SI 20250606 PS;SIMPLE_INSTRUMENT;EFS;EUR;109;118.38000000;863;EXCHANGE_LAST;;1;1;XEUR;11820390;689;
12.05.2025;13:32:00.747;FGBM SI 20250606 PS;SIMPLE_INSTRUMENT;EFS;EUR;110;118.38000000;811;EXCHANGE_LAST;;1;1;XEUR;11820390;689;
12.05.2025;13:35:09.223;FGBM SI 20250606 PS;SIMPLE_INSTRUMENT;EFS;EUR;111;118.35000000;863;EXCHANGE_LAST;;1;1;XEUR;11820390;689;
12.05.2025;13:36:15.435;FGBM SI 20250606 PS;SIMPLE_INSTRUMENT;EFS;EUR;112;118.37000000;863;EXCHANGE_LAST;;1;1;XEUR;11820390;689;
12.05.2025;13:43:05.137;FGBM SI 20250606 PS;SIMPLE_INSTRUMENT;EFP_FIN;EUR;113;118.36000000;145;EXCHANGE_LAST;;1;1;XEUR;11820390;689;
12.05.2025;13:38:35.934;FGBM SI 20250606 PS;SIMPLE_INSTRUMENT;EFS;EUR;114;118.39000000;863;EXCHANGE_LAST;;1;1;XEUR;11820390;689;
12.05.2025;13:39:00.231;FGBM SI 20250606 PS;SIMPLE_INSTRUMENT;EFS;EUR;115;118.35000000;3885;EXCHANGE_LAST;;1;1;XEUR;11820390;689;
12.05.2025;13:39:02.457;FGBM SI 20250606 PS;SIMPLE_INSTRUMENT;EFS;EUR;116;118.36000000;780;EXCHANGE_LAST;;1;1;XEUR;11820390;689;
12.05.2025;13:41:19.023;FGBM SI 20250606 PS;SIMPLE_INSTRUMENT;EFP_FIN;EUR;117;118.36000000;426;EXCHANGE_LAST;;1;1;XEUR;11820390;689;
12.05.2025;13:42:43.509;FGBM SI 20250606 PS;SIMPLE_INSTRUMENT;EFS;EUR;118;118.40000000;862;EXCHANGE_LAST;;1;1;XEUR;11820390;689;
12.05.2025;13:43:23.469;FGBM SI 20250606 PS;SIMPLE_INSTRUMENT;EFS;EUR;119;118.40000000;862;EXCHANGE_LAST;;1;1;XEUR;11820390;689;
12.05.2025;13:48:55.740;FGBM SI 20250606 PS;SIMPLE_INSTRUMENT;EFS;EUR;120;118.42000000;862;EXCHANGE_LAST;;1;1;XEUR;11820390;689;
12.05.2025;13:50:12.945;FGBM SI 20250606 PS;SIMPLE_INSTRUMENT;EFP_FIN;EUR;121;118.42000000;511;EXCHANGE_LAST;;1;1;XEUR;11820390;689;
12.05.2025;13:50:19.687;FGBM SI 20250606 PS;SIMPLE_INSTRUMENT;EFS;EUR;122;118.42000000;431;EXCHANGE_LAST;;1;1;XEUR;11820390;689;
12.05.2025;13:52:03.844;FGBM SI 20250606 PS;SIMPLE_INSTRUMENT;EFS;EUR;123;118.39000000;432;EXCHANGE_LAST;;1;1;XEUR;11820390;689;
12.05.2025;13:54:41.090;FGBM SI 20250606 PS;SIMPLE_INSTRUMENT;EFS;EUR;124;118.41000000;647;EXCHANGE_LAST;;1;1;XEUR;11820390;689;
12.05.2025;13:55:25.657;FGBM SI 20250606 PS;SIMPLE_INSTRUMENT;EFS;EUR;125;118.42000000;647;EXCHANGE_LAST;;1;1;XEUR;11820390;689;
12.05.2025;13:56:28.587;FGBM SI 20250606 PS;SIMPLE_INSTRUMENT;EFP_FIN;EUR;126;118.36000000;426;EXCHANGE_LAST;;1;1;XEUR;11820390;689;
12.05.2025;13:57:03.387;FGBM SI 20250606 PS;SIMPLE_INSTRUMENT;EFS;EUR;127;118.40000000;1725;EXCHANGE_LAST;;1;1;XEUR;11820390;689;
12.05.2025;14:04:40.536;FGBM SI 20250606 PS;SIMPLE_INSTRUMENT;EFS;EUR;128;118.40000000;863;EXCHANGE_LAST;;1;1;XEUR;11820390;689;
12.05.2025;14:12:07.564;FGBM SI 20250606 PS;SIMPLE_INSTRUMENT;EFS;EUR;129;118.37000000;928;EXCHANGE_LAST;;1;1;XEUR;11820390;689;
12.05.2025;14:11:48.298;FGBM SI 20250606 PS;SIMPLE_INSTRUMENT;EFP_FIN;EUR;130;118.40000000;676;EXCHANGE_LAST;;1;1;XEUR;11820390;689;
12.05.2025;14:11:56.163;FGBM SI 20250606 PS;SIMPLE_INSTRUMENT;EFP_FIN;EUR;131;118.41000000;213;EXCHANGE_LAST;;1;1;XEUR;11820390;689;
12.05.2025;14:17:17.872;FGBM SI 20250606 PS;SIMPLE_INSTRUMENT;EFS;EUR;132;118.38000000;759;EXCHANGE_LAST;;1;1;XEUR;11820390;689;
12.05.2025;14:21:47.725;FGBM SI 20250606 PS;SIMPLE_INSTRUMENT;EFS;EUR;133;118.39000000;431;EXCHANGE_LAST;;1;1;XEUR;11820390;689;
12.05.2025;14:27:47.156;FGBM SI 20250606 PS;SIMPLE_INSTRUMENT;EFP_FIN;EUR;134;118.40000000;213;EXCHANGE_LAST;;1;1;XEUR;11820390;689;
12.05.2025;14:29:39.413;FGBM SI 20250606 PS;SIMPLE_INSTRUMENT;EFP_FIN;EUR;135;118.40000000;213;EXCHANGE_LAST;;1;1;XEUR;11820390;689;
12.05.2025;14:33:00.162;FGBM SI 20250606 PS;SIMPLE_INSTRUMENT;EFP_FIN;EUR;136;118.38000000;213;EXCHANGE_LAST;;1;1;XEUR;11820390;689;
12.05.2025;14:34:15.240;FGBM SI 20250606 PS;SIMPLE_INSTRUMENT;EFP_FIN;EUR;137;118.36000000;213;EXCHANGE_LAST;;1;1;XEUR;11820390;689;
12.05.2025;14:34:02.404;FGBM SI 20250606 PS;SIMPLE_INSTRUMENT;EFP_FIN;EUR;138;118.36000000;809;EXCHANGE_LAST;;1;1;XEUR;11820390;689;
12.05.2025;14:41:20.164;FGBM SI 20250606 PS;SIMPLE_INSTRUMENT;EFP_FIN;EUR;139;118.45000000;852;EXCHANGE_LAST;;1;1;XEUR;11820390;689;
12.05.2025;14:43:41.755;FGBM SI 20250606 PS;SIMPLE_INSTRUMENT;EFP_FIN;EUR;140;118.44000000;582;EXCHANGE_LAST;;1;1;XEUR;11820390;689;
12.05.2025;14:44:03.739;FGBM SI 20250606 PS;SIMPLE_INSTRUMENT;EFP_FIN;EUR;141;118.37000000;242;EXCHANGE_LAST;;1;1;XEUR;11820390;689;
12.05.2025;14:49:59.174;FGBM SI 20250606 PS;SIMPLE_INSTRUMENT;EFP_FIN;EUR;142;118.44000000;81;EXCHANGE_LAST;;1;1;XEUR;11820390;689;
12.05.2025;15:03:55.115;FGBM SI 20250606 PS;SIMPLE_INSTRUMENT;EFP_FIN;EUR;143;118.43000000;908;EXCHANGE_LAST;;1;1;XEUR;11820390;689;
12.05.2025;15:21:38.231;FGBM SI 20250606 PS;SIMPLE_INSTRUMENT;EFS;EUR;144;118.36000000;1623;EXCHANGE_LAST;;1;1;XEUR;11820390;689;
12.05.2025;15:23:52.473;FGBM SI 20250606 PS;SIMPLE_INSTRUMENT;EFS;EUR;145;118.37000000;929;EXCHANGE_LAST;;1;1;XEUR;11820390;689;
12.05.2025;15:28:36.221;FGBM SI 20250606 PS;SIMPLE_INSTRUMENT;EFS;EUR;146;118.37000000;811;EXCHANGE_LAST;;1;1;XEUR;11820390;689;
12.05.2025;15:29:35.570;FGBM SI 20250606 PS;SIMPLE_INSTRUMENT;EFS;EUR;147;118.42000000;500;EXCHANGE_LAST;;1;1;XEUR;11820390;689;
12.05.2025;15:31:01.226;FGBM SI 20250606 PS;SIMPLE_INSTRUMENT;EFS;EUR;148;118.39000000;1298;EXCHANGE_LAST;;1;1;XEUR;11820390;689;
12.05.2025;15:50:25.131;FGBM SI 20250606 PS;SIMPLE_INSTRUMENT;EFP_FIN;EUR;149;118.38000000;315;EXCHANGE_LAST;;1;1;XEUR;11820390;689;
12.05.2025;15:55:17.322;FGBM SI 20250606 PS;SIMPLE_INSTRUMENT;EFS;EUR;150;118.48000000;162;EXCHANGE_LAST;;1;1;XEUR;11820390;689;
12.05.2025;16:10:49.860;FGBM SI 20250606 PS;SIMPLE_INSTRUMENT;EFS;EUR;151;118.38000000;863;EXCHANGE_LAST;;1;1;XEUR;11820390;689;
12.05.2025;16:13:57.998;FGBM SI 20250606 PS;SIMPLE_INSTRUMENT;EFS;EUR;152;118.32000000;863;EXCHANGE_LAST;;1;1;XEUR;11820390;689;
12.05.2025;16:16:12.346;FGBM SI 20250606 PS;SIMPLE_INSTRUMENT;EFS;EUR;153;118.36000000;431;EXCHANGE_LAST;;1;1;XEUR;11820390;689;
12.05.2025;16:20:17.770;FGBM SI 20250606 PS;SIMPLE_INSTRUMENT;EFS;EUR;154;118.36000000;1670;EXCHANGE_LAST;;1;1;XEUR;11820390;689;
12.05.2025;08:43:15.689;FGBM SI 20250606 PS;SIMPLE_INSTRUMENT;VOLA;EUR;268435498;118.54000000;560;EXCHANGE_LAST;;1;1;XEUR;11820390;689;
12.05.2025;09:04:16.876;FGBM SI 20250606 PS;SIMPLE_INSTRUMENT;VOLA;EUR;268435511;118.55000000;300;EXCHANGE_LAST;;1;1;XEUR;11820390;689;
12.05.2025;07:18:13.115;FGBS SI 20250606 PS;SIMPLE_INSTRUMENT;EFS;EUR;1;107.25500000;2436;EXCHANGE_LAST;;1;1;XEUR;11820391;690;
12.05.2025;07:18:25.116;FGBS SI 20250606 PS;SIMPLE_INSTRUMENT;EFS;EUR;2;107.25500000;2436;EXCHANGE_LAST;;1;1;XEUR;11820391;690;
12.05.2025;07:29:47.365;FGBS SI 20250606 PS;SIMPLE_INSTRUMENT;EFS;EUR;3;107.22500000;2728;EXCHANGE_LAST;;1;1;XEUR;11820391;690;
12.05.2025;07:47:26.880;FGBS SI 20250606 PS;SIMPLE_INSTRUMENT;EFS;EUR;4;107.22000000;2729;EXCHANGE_LAST;;1;1;XEUR;11820391;690;
12.05.2025;07:51:21.643;FGBS SI 20250606 PS;SIMPLE_INSTRUMENT;EFS;EUR;5;107.22500000;1471;EXCHANGE_LAST;;1;1;XEUR;11820391;690;
12.05.2025;07:59:15.427;FGBS SI 20250606 PS;SIMPLE_INSTRUMENT;EFS;EUR;6;107.23000000;3158;EXCHANGE_LAST;;1;1;XEUR;11820391;690;
12.05.2025;08:15:36.268;FGBS SI 20250606 PS;SIMPLE_INSTRUMENT;EFS;EUR;7;107.19000000;2949;EXCHANGE_LAST;;1;1;XEUR;11820391;690;
12.05.2025;08:15:49.432;FGBS SI 20250606 PS;SIMPLE_INSTRUMENT;EFS;EUR;8;107.19000000;1000;EXCHANGE_LAST;;1;1;XEUR;11820391;690;
12.05.2025;08:34:56.655;FGBS SI 20250606 PS;SIMPLE_INSTRUMENT;EFP_FIN;EUR;9;107.22000000;1407;EXCHANGE_LAST;;1;1;XEUR;11820391;690;
12.05.2025;08:37:45.734;FGBS SI 20250606 PS;SIMPLE_INSTRUMENT;EFS;EUR;10;107.20500000;1476;EXCHANGE_LAST;;1;1;XEUR;11820391;690;
12.05.2025;08:41:53.730;FGBS SI 20250606 PS;SIMPLE_INSTRUMENT;EFP_FIN;EUR;11;107.21500000;683;EXCHANGE_LAST;;1;1;XEUR;11820391;690;
12.05.2025;08:45:20.396;FGBS SI 20250606 PS;SIMPLE_INSTRUMENT;EFP_FIN;EUR;13;107.21000000;740;EXCHANGE_LAST;;1;1;XEUR;11820391;690;
12.05.2025;08:49:24.367;FGBS SI 20250606 PS;SIMPLE_INSTRUMENT;EFS;EUR;14;107.21500000;2404;EXCHANGE_LAST;;1;1;XEUR;11820391;690;
12.05.2025;08:57:23.006;FGBS SI 20250606 PS;SIMPLE_INSTRUMENT;EFP_FIN;EUR;15;107.21000000;1399;EXCHANGE_LAST;;1;1;XEUR;11820391;690;
12.05.2025;09:05:59.867;FGBS SI 20250606 PS;SIMPLE_INSTRUMENT;EFP_FIN;EUR;16;107.20000000;1049;EXCHANGE_LAST;;1;1;XEUR;11820391;690;
12.05.2025;09:06:09.616;FGBS SI 20250606 PS;SIMPLE_INSTRUMENT;EFS;EUR;17;107.20000000;1231;EXCHANGE_LAST;;1;1;XEUR;11820391;690;
12.05.2025;09:10:22.970;FGBS SI 20250606 PS;SIMPLE_INSTRUMENT;EFP_FIN;EUR;18;107.19000000;1838;EXCHANGE_LAST;;1;1;XEUR;11820391;690;
12.05.2025;09:16:50.932;FGBS SI 20250606 PS;SIMPLE_INSTRUMENT;EFS;EUR;19;107.17000000;3500;EXCHANGE_LAST;;1;1;XEUR;11820391;690;
12.05.2025;09:23:24.362;FGBS SI 20250606 PS;SIMPLE_INSTRUMENT;EFS;EUR;20;107.20000000;2450;EXCHANGE_LAST;;1;1;XEUR;11820391;690;
12.05.2025;09:30:26.697;FGBS SI 20250606 PS;SIMPLE_INSTRUMENT;EFP_FIN;EUR;21;107.20000000;2110;EXCHANGE_LAST;;1;1;XEUR;11820391;690;
12.05.2025;09:31:31.489;FGBS SI 20250606 PS;SIMPLE_INSTRUMENT;EFP_FIN;EUR;22;107.20000000;2109;EXCHANGE_LAST;;1;1;XEUR;11820391;690;
12.05.2025;09:34:39.377;FGBS SI 20250606 PS;SIMPLE_INSTRUMENT;EFP_FIN;EUR;23;107.15500000;659;EXCHANGE_LAST;;1;1;XEUR;11820391;690;
12.05.2025;09:48:07.738;FGBS SI 20250606 PS;SIMPLE_INSTRUMENT;EFP_FIN;EUR;24;107.20000000;337;EXCHANGE_LAST;;1;1;XEUR;11820391;690;
12.05.2025;09:47:55.089;FGBS SI 20250606 PS;SIMPLE_INSTRUMENT;EFP_FIN;EUR;25;107.18000000;1884;EXCHANGE_LAST;;1;1;XEUR;11820391;690;
12.05.2025;09:48:16.433;FGBS SI 20250606 PS;SIMPLE_INSTRUMENT;EFP_FIN;EUR;26;107.19000000;1837;EXCHANGE_LAST;;1;1;XEUR;11820391;690;
12.05.2025;10:21:25.687;FGBS SI 20250606 PS;SIMPLE_INSTRUMENT;EFP_FIN;EUR;27;107.18000000;1837;EXCHANGE_LAST;;1;1;XEUR;11820391;690;
12.05.2025;11:08:36.412;FGBS SI 20250606 PS;SIMPLE_INSTRUMENT;EFP_FIN;EUR;28;107.18000000;631;EXCHANGE_LAST;;1;1;XEUR;11820391;690;
12.05.2025;12:00:07.715;FGBS SI 20250606 PS;SIMPLE_INSTRUMENT;EFP_FIN;EUR;29;107.16500000;910;EXCHANGE_LAST;;1;1;XEUR;11820391;690;
12.05.2025;12:06:16.028;FGBS SI 20250606 PS;SIMPLE_INSTRUMENT;EFP_FIN;EUR;30;107.18000000;1715;EXCHANGE_LAST;;1;1;XEUR;11820391;690;
12.05.2025;12:15:26.878;FGBS SI 20250606 PS;SIMPLE_INSTRUMENT;EFP_FIN;EUR;31;107.17000000;1683;EXCHANGE_LAST;;1;1;XEUR;11820391;690;
12.05.2025;12:24:18.698;FGBS SI 20250606 PS;SIMPLE_INSTRUMENT;EFS;EUR;32;107.16000000;2410;EXCHANGE_LAST;;1;1;XEUR;11820391;690;
12.05.2025;12:48:10.609;FGBS SI 20250606 PS;SIMPLE_INSTRUMENT;EFP_FIN;EUR;33;107.14000000;350;EXCHANGE_LAST;;1;1;XEUR;11820391;690;
12.05.2025;12:51:38.626;FGBS SI 20250606 PS;SIMPLE_INSTRUMENT;EFP_FIN;EUR;34;107.13000000;1877;EXCHANGE_LAST;;1;1;XEUR;11820391;690;
12.05.2025;13:04:01.821;FGBS SI 20250606 PS;SIMPLE_INSTRUMENT;EFS;EUR;35;107.13000000;2410;EXCHANGE_LAST;;1;1;XEUR;11820391;690;
12.05.2025;13:07:53.835;FGBS SI 20250606 PS;SIMPLE_INSTRUMENT;EFS;EUR;36;107.13000000;1375;EXCHANGE_LAST;;1;1;XEUR;11820391;690;
12.05.2025;13:09:48.568;FGBS SI 20250606 PS;SIMPLE_INSTRUMENT;EFP_FIN;EUR;37;107.18000000;1055;EXCHANGE_LAST;;1;1;XEUR;11820391;690;
12.05.2025;13:12:00.017;FGBS SI 20250606 PS;SIMPLE_INSTRUMENT;EFP_FIN;EUR;38;107.14000000;699;EXCHANGE_LAST;;1;1;XEUR;11820391;690;
12.05.2025;13:19:00.064;FGBS SI 20250606 PS;SIMPLE_INSTRUMENT;EFP_FIN;EUR;39;107.12000000;938;EXCHANGE_LAST;;1;1;XEUR;11820391;690;
12.05.2025;13:25:29.804;FGBS SI 20250606 PS;SIMPLE_INSTRUMENT;EFP_FIN;EUR;40;107.13000000;938;EXCHANGE_LAST;;1;1;XEUR;11820391;690;
12.05.2025;13:27:40.082;FGBS SI 20250606 PS;SIMPLE_INSTRUMENT;EFP_FIN;EUR;41;107.12000000;469;EXCHANGE_LAST;;1;1;XEUR;11820391;690;
12.05.2025;13:28:00.720;FGBS SI 20250606 PS;SIMPLE_INSTRUMENT;EFP_FIN;EUR;42;107.12000000;301;EXCHANGE_LAST;;1;1;XEUR;11820391;690;
12.05.2025;14:02:17.842;FGBS SI 20250606 PS;SIMPLE_INSTRUMENT;EFP_FIN;EUR;43;107.12000000;301;EXCHANGE_LAST;;1;1;XEUR;11820391;690;
12.05.2025;14:31:40.825;FGBS SI 20250606 PS;SIMPLE_INSTRUMENT;EFS;EUR;44;107.12500000;752;EXCHANGE_LAST;;1;1;XEUR;11820391;690;
12.05.2025;14:31:59.598;FGBS SI 20250606 PS;SIMPLE_INSTRUMENT;EFS;EUR;45;107.14000000;1369;EXCHANGE_LAST;;1;1;XEUR;11820391;690;
12.05.2025;14:37:20.914;FGBS SI 20250606 PS;SIMPLE_INSTRUMENT;EFP_FIN;EUR;46;107.13500000;302;EXCHANGE_LAST;;1;1;XEUR;11820391;690;
12.05.2025;14:42:24.322;FGBS SI 20250606 PS;SIMPLE_INSTRUMENT;EFP_FIN;EUR;47;107.14000000;302;EXCHANGE_LAST;;1;1;XEUR;11820391;690;
12.05.2025;15:28:21.052;FGBS SI 20250606 PS;SIMPLE_INSTRUMENT;EFP_FIN;EUR;48;107.18000000;740;EXCHANGE_LAST;;1;1;XEUR;11820391;690;
12.05.2025;15:43:39.713;FGBS SI 20250606 PS;SIMPLE_INSTRUMENT;EFS;EUR;49;107.12000000;1174;EXCHANGE_LAST;;1;1;XEUR;11820391;690;
12.05.2025;15:45:50.206;FGBS SI 20250606 PS;SIMPLE_INSTRUMENT;EFS;EUR;50;107.12000000;1174;EXCHANGE_LAST;;1;1;XEUR;11820391;690;
12.05.2025;15:56:12.088;FGBS SI 20250606 PS;SIMPLE_INSTRUMENT;EFS;EUR;51;107.11500000;1215;EXCHANGE_LAST;;1;1;XEUR;11820391;690;
12.05.2025;15:56:33.118;FGBS SI 20250606 PS;SIMPLE_INSTRUMENT;EFS;EUR;52;107.11500000;1215;EXCHANGE_LAST;;1;1;XEUR;11820391;690;
12.05.2025;14:36:58.994;FGBS SI 20250606 PS;SIMPLE_INSTRUMENT;VOLA;EUR;268435619;107.14500000;1400;EXCHANGE_LAST;;1;1;XEUR;11820391;690;
12.05.2025;09:20:32.124;FGBX SI 20250606 PS;SIMPLE_INSTRUMENT;EFS;EUR;5;120.04000000;86;EXCHANGE_LAST;;1;1;XEUR;11820392;691;
12.05.2025;10:23:10.536;FGBX SI 20250606 PS;SIMPLE_INSTRUMENT;EFP_FIN;EUR;12;119.76000000;186;EXCHANGE_LAST;;1;1;XEUR;11820392;691;
12.05.2025;10:31:45.247;FGBX SI 20250606 PS;SIMPLE_INSTRUMENT;EFP_FIN;EUR;13;120.00000000;105;EXCHANGE_LAST;;1;1;XEUR;11820392;691;
12.05.2025;10:32:59.659;FGBX SI 20250606 PS;SIMPLE_INSTRUMENT;EFP_FIN;EUR;14;120.00000000;186;EXCHANGE_LAST;;1;1;XEUR;11820392;691;
12.05.2025;11:47:32.161;FGBX SI 20250606 PS;SIMPLE_INSTRUMENT;EFS;EUR;17;119.90000000;94;EXCHANGE_LAST;;1;1;XEUR;11820392;691;
12.05.2025;11:47:35.492;FGBX SI 20250606 PS;SIMPLE_INSTRUMENT;EFS;EUR;18;119.90000000;94;EXCHANGE_LAST;;1;1;XEUR;11820392;691;
12.05.2025;12:19:18.717;FGBX SI 20250606 PS;SIMPLE_INSTRUMENT;EFP_FIN;EUR;20;120.12000000;2022;EXCHANGE_LAST;;1;1;XEUR;11820392;691;
12.05.2025;13:05:36.979;FGBX SI 20250606 PS;SIMPLE_INSTRUMENT;EFP_FIN;EUR;21;119.90000000;507;EXCHANGE_LAST;;1;1;XEUR;11820392;691;
12.05.2025;13:10:31.974;FGBX SI 20250606 PS;SIMPLE_INSTRUMENT;BLOCK;EUR;22;119.62000000;105;EXCHANGE_LAST;;1;1;XEUR;11820392;691;
12.05.2025;13:59:44.254;FGBX SI 20250606 PS;SIMPLE_INSTRUMENT;EFP_FIN;EUR;23;119.56000000;59;EXCHANGE_LAST;;1;1;XEUR;11820392;691;
12.05.2025;14:00:11.276;FGBX SI 20250606 PS;SIMPLE_INSTRUMENT;EFP_FIN;EUR;24;119.56000000;123;EXCHANGE_LAST;;1;1;XEUR;11820392;691;
12.05.2025;14:42:59.476;FGBX SI 20250606 PS;SIMPLE_INSTRUMENT;EFS;EUR;25;119.66000000;273;EXCHANGE_LAST;;1;1;XEUR;11820392;691;
12.05.2025;14:53:39.527;FGBX SI 20250606 PS;SIMPLE_INSTRUMENT;EFP_FIN;EUR;26;119.84000000;121;EXCHANGE_LAST;;1;1;XEUR;11820392;691;
12.05.2025;15:44:46.831;FGBX SI 20250606 PS;SIMPLE_INSTRUMENT;EFP_FIN;EUR;29;119.68000000;53;EXCHANGE_LAST;;1;1;XEUR;11820392;691;
12.05.2025;11:02:43.641;FIAK SI 20250619 CS;SIMPLE_INSTRUMENT;BLOCK;EUR;22;9.37200000;1900;EXCHANGE_LAST;;1;1;XEUR;11164348;144766;
12.05.2025;14:48:30.059;FLCP SI 20250620 CS;SIMPLE_INSTRUMENT;EFP_IDX;EUR;45;561.20000000;185;EXCHANGE_LAST;;1;1;XEUR;11880822;669;
12.05.2025;14:48:39.311;FLCP SI 20250620 CS;SIMPLE_INSTRUMENT;EFP_IDX;EUR;46;561.10000000;185;EXCHANGE_LAST;;1;1;XEUR;11880822;669;
12.05.2025;09:25:35.125;FMAC SI 20250620 CS;SIMPLE_INSTRUMENT;BLOCK;USD;33;473.10000000;773;EXCHANGE_LAST;;1;1;XEUR;7939457;45281;
12.05.2025;06:57:22.363;FMBZ SI 20250620 CS;SIMPLE_INSTRUMENT;BLOCK;USD;16;544.88800000;216;EXCHANGE_LAST;;1;1;XEUR;7940814;402910;
12.05.2025;03:42:31.420;FMCH SI 20250620 CS;SIMPLE_INSTRUMENT;BLOCK;USD;7;575.75400000;252;EXCHANGE_LAST;;1;1;XEUR;7940815;402909;
