#Date;TrdTime;Contract;ContractType;TrdTyp;Currency;TesId;Prc;Qty;TrdInd;Aggressor;Buy;Sell;Exch;InstrumentId;RelatedProdId;PrcDecomp
15.01.2025;13:42:23.329;6CMF SI 20250321 CS;SIMPLE_INSTRUMENT;BLOCK;GBX;112;3182.63000000;7;EXCHANGE_LAST;;1;1;XEUR;10715574;1794;
15.01.2025;09:19:05.215;A2SG SI 20261218 CS;SIMPLE_INSTRUMENT;BLOCK;EUR;5;1.49000000;400;EXCHANGE_LAST;;1;1;XEUR;6796964;14;
15.01.2025;09:49:38.773;A2SG SI 20271217 CS;SIMPLE_INSTRUMENT;BLOCK;EUR;11;1.44000000;650;EXCHANGE_LAST;;1;1;XEUR;8369813;14;
15.01.2025;09:49:01.654;ABBN SI 20251219 PS AM P 40.00 0;SIMPLE_INSTRUMENT;BLOCK;CHF;16;1.49000000;1250;EXCHANGE_LAST;;1;1;XEUR;8509432;574517;
15.01.2025;11:55:27.080;ABBN.O.250115.STGS.000002;STANDARD_OPTION_STRATEGY;BLOCK;CHF;31;1.86000000;1400;EXCHANGE_LAST;;1;1;XEUR;74525125763937583;574517;
15.01.2025;11:55:27.080;ABBN SI 20250620 PS AM P 50.00 0;SIMPLE_INSTRUMENT;BLOCK;CHF;31;3.88000000;1400;PRC_DECOMP_EXCHANGE;;;;XEUR;11409836;574517;EXCHANGE
15.01.2025;11:55:27.080;ABBN SI 20250321 PS AM C 55.00 0;SIMPLE_INSTRUMENT;BLOCK;CHF;31;0.34000000;1400;PRC_DECOMP_EXCHANGE;;;;XEUR;11849014;574517;EXCHANGE
15.01.2025;11:55:27.080;ABBN SI 20250620 PS AM C 55.00 0;SIMPLE_INSTRUMENT;BLOCK;CHF;31;0.87000000;1400;PRC_DECOMP_EXCHANGE;;;;XEUR;11848987;574517;EXCHANGE
15.01.2025;11:55:27.080;ABBN SI 20250321 PS AM P 50.00 0;SIMPLE_INSTRUMENT;BLOCK;CHF;31;2.55000000;1400;PRC_DECOMP_EXCHANGE;;;;XEUR;10886861;574517;EXCHANGE
15.01.2025;10:15:57.244;ADEN SI 20250321 PS AM P 18.00 0;SIMPLE_INSTRUMENT;BLOCK;CHF;21;0.28000000;3000;EXCHANGE_LAST;;1;1;XEUR;10827991;44;
15.01.2025;11:52:38.132;ADEN SI 20250919 PS AM P 19.00 0;SIMPLE_INSTRUMENT;BLOCK;CHF;32;1.67000000;2000;EXCHANGE_LAST;;1;1;XEUR;11870290;44;
15.01.2025;10:29:54.709;ADS.N.250115.000005;NON_STANDARD_OPTION_STRATEGY;BLOCK;EUR;8;-8.85000000;100;EXCHANGE_LAST;;1;1;XEUR;72057808786332342;50;
15.01.2025;10:29:54.709;ADS SI 20250321 PS AM C 235.00 0;SIMPLE_INSTRUMENT;BLOCK;EUR;8;14.43000000;300;PRC_DECOMP_EXCHANGE;;;;XEUR;12430865;50;EXCHANGE
15.01.2025;10:29:54.709;ADS SI 20250117 PS AM C 230.00 0;SIMPLE_INSTRUMENT;BLOCK;EUR;8;8.61000000;400;PRC_DECOMP_EXCHANGE;;;;XEUR;12067146;50;EXCHANGE
15.01.2025;12:59:59.139;ADS.N.250115.000005;NON_STANDARD_OPTION_STRATEGY;BLOCK;EUR;12;-9.12000000;100;EXCHANGE_LAST;;1;1;XEUR;72057808786332342;50;
15.01.2025;12:59:59.139;ADS SI 20250321 PS AM C 235.00 0;SIMPLE_INSTRUMENT;BLOCK;EUR;12;14.32000000;300;PRC_DECOMP_EXCHANGE;;;;XEUR;12430865;50;EXCHANGE
15.01.2025;12:59:59.139;ADS SI 20250117 PS AM C 230.00 0;SIMPLE_INSTRUMENT;BLOCK;EUR;12;8.46000000;400;PRC_DECOMP_EXCHANGE;;;;XEUR;12067146;50;EXCHANGE
15.01.2025;15:31:10.764;ALV.O.250115.STD.000016;STANDARD_OPTION_STRATEGY;BLOCK;EUR;8;45.25000000;900;EXCHANGE_LAST;;1;1;XEUR;72057911865569026;74;
15.01.2025;15:31:10.764;ALV SI 20251219 PS AM P 280.00 0;SIMPLE_INSTRUMENT;BLOCK;EUR;8;14.45000000;900;PRC_DECOMP_MEMBER;;;;XEUR;5920784;74;MEMBER
15.01.2025;15:31:10.764;ALV SI 20251219 PS AM C 280.00 0;SIMPLE_INSTRUMENT;BLOCK;EUR;8;30.80000000;900;PRC_DECOMP_MEMBER;;;;XEUR;5920783;74;MEMBER
15.01.2025;15:36:28.273;ALV.O.250115.STD.000017;STANDARD_OPTION_STRATEGY;BLOCK;EUR;9;55.50000000;1000;EXCHANGE_LAST;;1;1;XEUR;72057911865569027;74;
15.01.2025;15:36:28.273;ALV SI 20251219 PS AM C 260.00 0;SIMPLE_INSTRUMENT;BLOCK;EUR;9;46.50000000;1000;PRC_DECOMP_MEMBER;;;;XEUR;10976919;74;MEMBER
15.01.2025;15:36:28.273;ALV SI 20251219 PS AM P 260.00 0;SIMPLE_INSTRUMENT;BLOCK;EUR;9;9.00000000;1000;PRC_DECOMP_MEMBER;;;;XEUR;10976920;74;MEMBER
15.01.2025;10:26:40.570;ALVG.S.JAN25.FEB25.SPD;FUTURES_SPREAD;BLOCK;EUR;27;-0.83640000;24500;EXCHANGE_LAST;;1;1;XEUR;72057959110148367;85;
15.01.2025;10:26:40.570;ALVG SI 20250117 CS;SIMPLE_INSTRUMENT;BLOCK;EUR;27;295.74600000;24500;PRC_DECOMP_EXCHANGE;;;;XEUR;10394930;85;EXCHANGE
15.01.2025;10:26:40.570;ALVG SI 20250221 CS;SIMPLE_INSTRUMENT;BLOCK;EUR;27;296.58240000;24500;PRC_DECOMP_EXCHANGE;;;;XEUR;10561237;85;EXCHANGE
15.01.2025;10:26:57.834;ALVP.S.JAN25.FEB25.SPD;FUTURES_SPREAD;BLOCK;EUR;28;-0.80740000;24500;EXCHANGE_LAST;;1;1;XEUR;72591458472820808;124300;
15.01.2025;10:26:57.834;ALVP SI 20250117 PS;SIMPLE_INSTRUMENT;BLOCK;EUR;28;295.76050000;24500;PRC_DECOMP_EXCHANGE;;;;XEUR;10441589;124300;EXCHANGE
15.01.2025;10:26:57.834;ALVP SI 20250221 PS;SIMPLE_INSTRUMENT;BLOCK;EUR;28;296.56790000;24500;PRC_DECOMP_EXCHANGE;;;;XEUR;10592457;124300;EXCHANGE
15.01.2025;13:39:49.624;ANAG SI 20250321 CS;SIMPLE_INSTRUMENT;BLOCK;EUR;107;110.11500000;56;EXCHANGE_LAST;;1;1;XEUR;10693314;92;
15.01.2025;14:03:56.577;ANDF SI 20250321 CS;SIMPLE_INSTRUMENT;BLOCK;EUR;126;50.56930000;56;EXCHANGE_LAST;;1;1;XEUR;10693341;95;
15.01.2025;13:26:32.661;ANTH SI 20250321 CS;SIMPLE_INSTRUMENT;BLOCK;GBX;89;1689.63600000;17;EXCHANGE_LAST;;1;1;XEUR;10693238;89;
15.01.2025;15:41:39.608;AOM SI 20271217 PS AM C 22.00 0;SIMPLE_INSTRUMENT;BLOCK;EUR;38;4.80000000;750;EXCHANGE_LAST;;1;1;XEUR;11249332;88;
15.01.2025;13:54:29.007;AOMH SI 20250321 CS;SIMPLE_INSTRUMENT;BLOCK;EUR;119;20.66860000;150;EXCHANGE_LAST;;1;1;XEUR;11420308;840006;
15.01.2025;10:25:02.161;ASM SI 20250620 PS AM P 680.00 0;SIMPLE_INSTRUMENT;BLOCK;EUR;5;53.00000000;150;EXCHANGE_LAST;;1;1;XEUR;11349933;107;
15.01.2025;12:22:55.251;ASMH SI 20250117 CS;SIMPLE_INSTRUMENT;BLOCK;EUR;54;711.10000000;6000;EXCHANGE_LAST;;1;1;XEUR;10429623;3979;
15.01.2025;12:22:58.559;ASMH SI 20250221 CS;SIMPLE_INSTRUMENT;BLOCK;EUR;56;712.13500000;5000;EXCHANGE_LAST;;1;1;XEUR;10584851;3979;
15.01.2025;13:25:23.657;ASMH SI 20250321 CS;SIMPLE_INSTRUMENT;BLOCK;EUR;86;712.93860000;31;EXCHANGE_LAST;;1;1;XEUR;10717245;3979;
15.01.2025;15:16:29.415;ASMH SI 20250321 CS;SIMPLE_INSTRUMENT;BLOCK;EUR;165;715.79770000;88;EXCHANGE_LAST;;1;1;XEUR;10717245;3979;
15.01.2025;15:16:33.214;ASMH SI 20250117 CS;SIMPLE_INSTRUMENT;BLOCK;EUR;166;712.90000000;88;EXCHANGE_LAST;;1;1;XEUR;10429623;3979;
15.01.2025;16:38:06.013;ASMH SI 20250321 CS;SIMPLE_INSTRUMENT;BLOCK;EUR;206;720.89000000;50;EXCHANGE_LAST;;1;1;XEUR;10717245;3979;
15.01.2025;12:22:56.987;ASMP SI 20250117 PS;SIMPLE_INSTRUMENT;BLOCK;EUR;55;711.10000000;6000;EXCHANGE_LAST;;1;1;XEUR;10441586;124298;
15.01.2025;12:23:00.072;ASMP SI 20250221 PS;SIMPLE_INSTRUMENT;BLOCK;EUR;57;712.10000000;5000;EXCHANGE_LAST;;1;1;XEUR;10592453;124298;
15.01.2025;09:55:22.268;AXA.O.250115.RBER.000002;STANDARD_OPTION_STRATEGY;BLOCK;EUR;7;-0.30000000;2000;EXCHANGE_LAST;;1;1;XEUR;72058139498795208;127;
15.01.2025;09:55:22.268;AXA SI 20261218 PS AM P 22.00 0;SIMPLE_INSTRUMENT;BLOCK;EUR;7;0.97000000;4000;PRC_DECOMP_EXCHANGE;;;;XEUR;7153217;127;EXCHANGE
15.01.2025;09:55:22.268;AXA SI 20261218 PS AM P 28.00 0;SIMPLE_INSTRUMENT;BLOCK;EUR;7;2.24000000;2000;PRC_DECOMP_EXCHANGE;;;;XEUR;7153226;127;EXCHANGE
15.01.2025;11:53:17.826;AXA SI 20260619 PS AM P 32.00 0;SIMPLE_INSTRUMENT;BLOCK;EUR;15;3.42000000;2000;EXCHANGE_LAST;;1;1;XEUR;9538765;127;
15.01.2025;11:53:17.235;AXA SI 20260619 PS AM C 36.00 0;SIMPLE_INSTRUMENT;BLOCK;EUR;16;1.80000000;2000;EXCHANGE_LAST;;1;1;XEUR;9538757;127;
15.01.2025;13:13:37.661;AXA.O.250115.BER.000004;STANDARD_OPTION_STRATEGY;BLOCK;EUR;24;2.45000000;4500;EXCHANGE_LAST;;2;1;XEUR;72058139498795210;127;
15.01.2025;13:13:37.661;AXA SI 20261218 PS AM P 32.00 0;SIMPLE_INSTRUMENT;BLOCK;EUR;24;3.79000000;4500;PRC_DECOMP_EXCHANGE;;;;XEUR;7153195;127;EXCHANGE
15.01.2025;13:13:37.661;AXA SI 20261218 PS AM P 24.00 0;SIMPLE_INSTRUMENT;BLOCK;EUR;24;1.34000000;4500;PRC_DECOMP_EXCHANGE;;;;XEUR;7153230;127;EXCHANGE
15.01.2025;13:20:45.597;AXA.O.250115.RBER.000005;STANDARD_OPTION_STRATEGY;BLOCK;EUR;26;-0.64000000;2000;EXCHANGE_LAST;;1;1;XEUR;72058139498795211;127;
15.01.2025;13:20:45.597;AXA SI 20250919 PS AM P 30.00 0;SIMPLE_INSTRUMENT;BLOCK;EUR;26;1.34000000;2000;PRC_DECOMP_EXCHANGE;;;;XEUR;11872456;127;EXCHANGE
15.01.2025;13:20:45.597;AXA SI 20250919 PS AM P 22.00 0;SIMPLE_INSTRUMENT;BLOCK;EUR;26;0.35000000;4000;PRC_DECOMP_EXCHANGE;;;;XEUR;11872476;127;EXCHANGE
15.01.2025;13:52:05.708;AXA.O.250115.RBER.000007;STANDARD_OPTION_STRATEGY;BLOCK;EUR;30;-0.15000000;1500;EXCHANGE_LAST;;1;1;XEUR;72058139498795213;127;
15.01.2025;13:52:05.708;AXA SI 20271217 PS AM P 28.00 0;SIMPLE_INSTRUMENT;BLOCK;EUR;30;3.27000000;1500;PRC_DECOMP_EXCHANGE;;;;XEUR;8773982;127;EXCHANGE
15.01.2025;13:52:05.708;AXA SI 20271217 PS AM P 22.00 0;SIMPLE_INSTRUMENT;BLOCK;EUR;30;1.56000000;3000;PRC_DECOMP_EXCHANGE;;;;XEUR;8773970;127;EXCHANGE
15.01.2025;14:33:28.732;AXAE.O.250115.CNV.000001;STANDARD_OPTION_STRATEGY;BLOCK;EUR;37;-2.85000000;2500;EXCHANGE_LAST;;1;1;XEUR;72058135203809555;126;
15.01.2025;14:33:28.732;AXAE SI 20251219 PS EU C 36.00 0;SIMPLE_INSTRUMENT;BLOCK;EUR;37;1.46000000;2500;PRC_DECOMP_EXCHANGE;;;;XEUR;6271829;126;EXCHANGE
15.01.2025;14:33:28.732;AXAE SI 20251219 PS EU P 36.00 0;SIMPLE_INSTRUMENT;BLOCK;EUR;37;4.31000000;2500;PRC_DECOMP_EXCHANGE;;;;XEUR;6271830;126;EXCHANGE
15.01.2025;13:25:43.658;AZNF SI 20250321 CS;SIMPLE_INSTRUMENT;BLOCK;GBX;88;10560.00000000;8;EXCHANGE_LAST;;1;1;XEUR;10693911;137;
15.01.2025;09:25:00.796;B2MW SI 20251219 CS;SIMPLE_INSTRUMENT;BLOCK;EUR;4;4.28000000;200;EXCHANGE_LAST;;2;1;XEUR;3681121;128;
15.01.2025;13:05:59.564;B2MW SI 20271217 CS;SIMPLE_INSTRUMENT;BLOCK;EUR;84;3.79000000;200;EXCHANGE_LAST;;1;1;XEUR;5914352;128;
15.01.2025;14:37:09.325;B2MW SI 20251219 CS;SIMPLE_INSTRUMENT;BLOCK;EUR;137;4.28000000;100;EXCHANGE_LAST;;1;1;XEUR;3681121;128;
15.01.2025;14:44:24.674;B2MW SI 20251219 CS;SIMPLE_INSTRUMENT;BLOCK;EUR;146;4.28000000;1100;EXCHANGE_LAST;;2;2;XEUR;3681121;128;
15.01.2025;14:46:48.706;B2MW SI 20251219 CS;SIMPLE_INSTRUMENT;BLOCK;EUR;147;4.28000000;100;EXCHANGE_LAST;;1;1;XEUR;3681121;128;
15.01.2025;14:57:34.823;B2MW SI 20251219 CS;SIMPLE_INSTRUMENT;BLOCK;EUR;148;4.28000000;500;EXCHANGE_LAST;;1;1;XEUR;3681121;128;
15.01.2025;15:07:27.120;B2MW SI 20261218 CS;SIMPLE_INSTRUMENT;BLOCK;EUR;160;4.00000000;125;EXCHANGE_LAST;;1;1;XEUR;4632168;128;
15.01.2025;15:03:30.840;B2MW SI 20251219 CS;SIMPLE_INSTRUMENT;BLOCK;EUR;161;4.28000000;50;EXCHANGE_LAST;;1;1;XEUR;3681121;128;
15.01.2025;14:07:40.054;B2NP SI 20271217 CS;SIMPLE_INSTRUMENT;BLOCK;EUR;128;3.86000000;400;EXCHANGE_LAST;;1;1;XEUR;7086925;131;
15.01.2025;15:42:27.428;B2NP SI 20251219 CS;SIMPLE_INSTRUMENT;BLOCK;EUR;172;5.28000000;275;EXCHANGE_LAST;;2;1;XEUR;5914355;131;
15.01.2025;15:44:04.319;B2NP SI 20251219 CS;SIMPLE_INSTRUMENT;BLOCK;EUR;175;5.28000000;100;EXCHANGE_LAST;;1;1;XEUR;5914355;131;
15.01.2025;16:24:50.663;B2YG SI 20251219 CS;SIMPLE_INSTRUMENT;BLOCK;EUR;198;1.88000000;100;EXCHANGE_LAST;;1;1;XEUR;5914365;45713;
15.01.2025;10:16:22.014;BAEN SI 20260619 PS AM P 40.00 0;SIMPLE_INSTRUMENT;BLOCK;CHF;19;1.73000000;800;EXCHANGE_LAST;;1;1;XEUR;9539194;159;
15.01.2025;15:40:38.784;BAEN SI 20251219 PS AM P 52.00 0;SIMPLE_INSTRUMENT;BLOCK;CHF;63;3.37000000;1000;EXCHANGE_LAST;;1;1;XEUR;5921990;159;
15.01.2025;08:55:59.085;BAS SI 20250131 PS AM C 44.00 0;SIMPLE_INSTRUMENT;BLOCK;EUR;1;0.64000000;1028;EXCHANGE_LAST;;1;1;XEUR;12432925;150;
15.01.2025;11:53:26.119;BAS SI 20250221 PS AM C 44.00 0;SIMPLE_INSTRUMENT;BLOCK;EUR;4;1.36000000;1500;EXCHANGE_LAST;;1;2;XEUR;12239051;150;
15.01.2025;11:52:55.504;BAS SI 20250117 PS AM C 44.00 0;SIMPLE_INSTRUMENT;BLOCK;EUR;5;0.32000000;2000;EXCHANGE_LAST;;1;1;XEUR;12068772;150;
15.01.2025;14:13:26.466;BAS SI 20250321 PS AM C 48.00 0;SIMPLE_INSTRUMENT;BLOCK;EUR;8;0.76000000;2500;EXCHANGE_LAST;;1;1;XEUR;10831045;150;
15.01.2025;15:07:25.104;BAS SI 20250919 PS AM P 48.00 0;SIMPLE_INSTRUMENT;BLOCK;EUR;10;6.93000000;2400;EXCHANGE_LAST;;1;2;XEUR;11873027;150;
15.01.2025;15:08:28.210;BAS SI 20250321 PS AM C 48.00 0;SIMPLE_INSTRUMENT;BLOCK;EUR;11;0.79000000;1500;EXCHANGE_LAST;;1;1;XEUR;10831045;150;
15.01.2025;15:21:41.342;BAS SI 20260619 PS AM P 40.00 0;SIMPLE_INSTRUMENT;BLOCK;EUR;12;3.85000000;500;EXCHANGE_LAST;;1;1;XEUR;9539321;150;
15.01.2025;15:21:32.264;BAS SI 20260619 PS AM C 60.00 0;SIMPLE_INSTRUMENT;BLOCK;EUR;13;0.72000000;500;EXCHANGE_LAST;;1;1;XEUR;9539370;150;
15.01.2025;15:31:41.705;BAS SI 20250321 PS AM C 45.00 0;SIMPLE_INSTRUMENT;BLOCK;EUR;14;1.90000000;750;EXCHANGE_LAST;;1;1;XEUR;12433200;150;
15.01.2025;16:00:46.895;BAS SI 20250131 PS AM C 44.00 0;SIMPLE_INSTRUMENT;BLOCK;EUR;15;1.11000000;848;EXCHANGE_LAST;;1;1;XEUR;12432925;150;
15.01.2025;16:32:26.000;BAS SI 20250131 PS AM C 44.00 0;SIMPLE_INSTRUMENT;BLOCK;EUR;16;1.24000000;400;EXCHANGE_LAST;;1;1;XEUR;12432925;150;
15.01.2025;16:52:36.581;BAS SI 20250117 PS AM P 44.00 0;SIMPLE_INSTRUMENT;BLOCK;EUR;17;0.37000000;1500;EXCHANGE_LAST;;2;2;XEUR;12068773;150;
15.01.2025;12:08:48.598;BAY SI 20250620 PS AM P 19.00 0;SIMPLE_INSTRUMENT;BLOCK;EUR;6;1.45000000;1500;EXCHANGE_LAST;;1;1;XEUR;11351493;168;
15.01.2025;12:08:52.438;BAY SI 20250620 PS AM C 23.00 0;SIMPLE_INSTRUMENT;BLOCK;EUR;7;1.23000000;1500;EXCHANGE_LAST;;1;1;XEUR;11234139;168;
15.01.2025;13:33:56.655;BEAF SI 20250321 CS;SIMPLE_INSTRUMENT;BLOCK;CHF;97;603.51400000;61;EXCHANGE_LAST;;1;1;XEUR;10726599;174735;
15.01.2025;13:57:12.017;BEIG SI 20250321 CS;SIMPLE_INSTRUMENT;BLOCK;EUR;121;123.82410000;42;EXCHANGE_LAST;;1;1;XEUR;10694522;177;
15.01.2025;09:33:19.125;BMW SI 20260619 PS AM C 100.00 0;SIMPLE_INSTRUMENT;BLOCK;EUR;2;2.40000000;33567;EXCHANGE_LAST;;1;1;XEUR;9541186;210;
15.01.2025;09:34:14.791;BMW SI 20260619 PS AM P 60.00 0;SIMPLE_INSTRUMENT;BLOCK;EUR;3;4.02000000;8040;EXCHANGE_LAST;;1;1;XEUR;9541203;210;
15.01.2025;09:34:39.740;BMW SI 20260619 PS AM P 60.00 0;SIMPLE_INSTRUMENT;BLOCK;EUR;4;4.00000000;12060;EXCHANGE_LAST;;1;1;XEUR;9541203;210;
15.01.2025;10:25:01.411;BMW SI 20261218 PS AM C 100.00 0;SIMPLE_INSTRUMENT;BLOCK;EUR;8;3.20000000;500;EXCHANGE_LAST;;1;1;XEUR;7154250;210;
15.01.2025;10:25:27.080;BMW SI 20261218 PS AM C 100.00 0;SIMPLE_INSTRUMENT;BLOCK;EUR;9;3.20000000;1000;EXCHANGE_LAST;;1;1;XEUR;7154250;210;
15.01.2025;11:49:32.866;BMW SI 20261218 PS AM P 60.00 0;SIMPLE_INSTRUMENT;BLOCK;EUR;12;5.15000000;3400;EXCHANGE_LAST;;2;2;XEUR;7154298;210;
15.01.2025;11:49:42.639;BMW.O.250115.BRT.000010;STANDARD_OPTION_STRATEGY;BLOCK;EUR;14;1.98000000;645;EXCHANGE_LAST;;1;1;XEUR;72058495981109094;210;
15.01.2025;11:49:42.639;BMW SI 20250117 PS AM P 76.00 0;SIMPLE_INSTRUMENT;BLOCK;EUR;14;0.57000000;645;PRC_DECOMP_EXCHANGE;;;;XEUR;12070042;210;EXCHANGE
15.01.2025;11:49:42.639;BMW SI 20250221 PS AM P 76.00 0;SIMPLE_INSTRUMENT;BLOCK;EUR;14;2.55000000;645;PRC_DECOMP_EXCHANGE;;;;XEUR;12239965;210;EXCHANGE
15.01.2025;12:05:16.246;BMW.O.250115.BRT.000011;STANDARD_OPTION_STRATEGY;BLOCK;EUR;17;1.78000000;1000;EXCHANGE_LAST;;1;1;XEUR;72058495981109095;210;
15.01.2025;12:05:16.246;BMW SI 20250117 PS AM P 75.00 0;SIMPLE_INSTRUMENT;BLOCK;EUR;17;0.29000000;1000;PRC_DECOMP_EXCHANGE;;;;XEUR;12070038;210;EXCHANGE
15.01.2025;12:05:16.246;BMW SI 20250221 PS AM P 75.00 0;SIMPLE_INSTRUMENT;BLOCK;EUR;17;2.07000000;1000;PRC_DECOMP_EXCHANGE;;;;XEUR;12239971;210;EXCHANGE
15.01.2025;14:13:10.345;BMWF SI 20250321 CS;SIMPLE_INSTRUMENT;BLOCK;EUR;131;76.92000000;2000;EXCHANGE_LAST;;1;1;XEUR;10695616;239;
15.01.2025;12:04:04.189;BNP.O.250115.STG.000005;STANDARD_OPTION_STRATEGY;BLOCK;EUR;20;10.90000000;500;EXCHANGE_LAST;;1;1;XEUR;72058611945199785;237;
15.01.2025;12:04:04.189;BNP SI 20260619 PS AM C 64.00 0;SIMPLE_INSTRUMENT;BLOCK;EUR;20;4.06000000;500;PRC_DECOMP_EXCHANGE;;;;XEUR;9541712;237;EXCHANGE
15.01.2025;12:04:04.189;BNP SI 20260619 PS AM P 56.00 0;SIMPLE_INSTRUMENT;BLOCK;EUR;20;6.84000000;500;PRC_DECOMP_EXCHANGE;;;;XEUR;9541696;237;EXCHANGE
15.01.2025;14:15:32.112;BNP SI 20251219 PS AM C 52.00 0;SIMPLE_INSTRUMENT;BLOCK;EUR;32;11.04000000;2300;EXCHANGE_LAST;;1;1;XEUR;5923363;237;
15.01.2025;14:15:32.178;BNP SI 20251219 PS AM P 52.00 0;SIMPLE_INSTRUMENT;BLOCK;EUR;33;3.09000000;2300;EXCHANGE_LAST;;1;1;XEUR;5923364;237;
15.01.2025;12:22:45.077;BRNT SI 20250321 PS EU C 64.00 0;SIMPLE_INSTRUMENT;BLOCK;USD;1;0.60000000;81938;EXCHANGE_LAST;;1;1;XEUR;7605830;367244;
15.01.2025;13:42:54.048;BRNT SI 20250321 PS EU C 64.00 0;SIMPLE_INSTRUMENT;BLOCK;USD;2;0.60000000;34418;EXCHANGE_LAST;;1;1;XEUR;7605830;367244;
15.01.2025;10:36:43.673;BYG SI 20251219 PS AM P 26.00 0;SIMPLE_INSTRUMENT;BLOCK;EUR;14;1.42000000;4000;EXCHANGE_LAST;;1;1;XEUR;11675710;280;
15.01.2025;10:03:42.824;CBK SI 20251219 PS AM C 17.00 0;SIMPLE_INSTRUMENT;BLOCK;EUR;2;2.19000000;1500;EXCHANGE_LAST;;1;1;XEUR;11088009;268;
15.01.2025;10:03:33.591;CBK SI 20251219 PS AM C 21.00 0;SIMPLE_INSTRUMENT;BLOCK;EUR;6;0.71000000;3000;EXCHANGE_LAST;;1;1;XEUR;11854121;268;
15.01.2025;16:13:26.751;CBK SI 20250620 PS AM C 18.00 0;SIMPLE_INSTRUMENT;BLOCK;EUR;16;0.98000000;7500;EXCHANGE_LAST;;1;1;XEUR;8883154;268;
15.01.2025;16:13:22.366;CBK SI 20250620 PS AM C 18.00 0;SIMPLE_INSTRUMENT;BLOCK;EUR;17;0.99000000;7500;EXCHANGE_LAST;;1;1;XEUR;8883154;268;
15.01.2025;11:11:47.223;CFR SI 20250620 PS AM P 110.00 0;SIMPLE_INSTRUMENT;BLOCK;CHF;29;2.13000000;500;EXCHANGE_LAST;;1;1;XEUR;11354574;313;
15.01.2025;14:34:30.937;CFR SI 20251219 PS AM C 150.00 0;SIMPLE_INSTRUMENT;BLOCK;CHF;55;10.95000000;750;EXCHANGE_LAST;;1;1;XEUR;12437074;313;
15.01.2025;14:58:33.710;CFR SI 20250117 PS AM C 142.00 0;SIMPLE_INSTRUMENT;BLOCK;CHF;57;3.10000000;750;EXCHANGE_LAST;;1;2;XEUR;12071487;313;
15.01.2025;09:37:06.305;CON SI 20250117 PS AM C 67.00 0;SIMPLE_INSTRUMENT;BLOCK;EUR;5;0.50000000;2158;EXCHANGE_LAST;;1;1;XEUR;12106618;414620;
15.01.2025;09:37:35.289;CON SI 20250221 PS AM C 70.00 0;SIMPLE_INSTRUMENT;BLOCK;EUR;6;1.39000000;775;EXCHANGE_LAST;;1;1;XEUR;12276930;414620;
15.01.2025;10:50:18.984;COT SI 20251219 PS AM P 190.00 0;SIMPLE_INSTRUMENT;BLOCK;CHF;26;12.66000000;50;EXCHANGE_LAST;;1;1;XEUR;12481103;199899;
15.01.2025;14:42:22.706;CRI5 SI 20250320 PS AM P 38.00 0;SIMPLE_INSTRUMENT;BLOCK;EUR;12;0.80000000;1500;EXCHANGE_LAST;;1;1;XEUR;10822510;320;
15.01.2025;08:54:23.351;DAI.O.250115.PDIA.000006;STANDARD_OPTION_STRATEGY;BLOCK;EUR;1;-1.35000000;1000;EXCHANGE_LAST;;1;1;XEUR;73961106363663650;443196;
15.01.2025;08:54:23.351;DAI SI 20250321 PS AM P 56.00 0;SIMPLE_INSTRUMENT;BLOCK;EUR;1;2.90000000;1000;PRC_DECOMP_EXCHANGE;;;;XEUR;10884518;443196;EXCHANGE
15.01.2025;08:54:23.351;DAI SI 20250620 PS AM P 46.00 0;SIMPLE_INSTRUMENT;BLOCK;EUR;1;1.55000000;1000;PRC_DECOMP_EXCHANGE;;;;XEUR;11407738;443196;EXCHANGE
15.01.2025;10:27:04.557;DAI.O.250115.STD.000010;STANDARD_OPTION_STRATEGY;BLOCK;EUR;10;8.96000000;1000;EXCHANGE_LAST;;1;1;XEUR;73961106363663654;443196;
15.01.2025;10:27:04.557;DAI SI 20250620 PS AM P 56.00 0;SIMPLE_INSTRUMENT;BLOCK;EUR;10;5.67000000;1000;PRC_DECOMP_EXCHANGE;;;;XEUR;8006365;443196;EXCHANGE
15.01.2025;10:27:04.557;DAI SI 20250620 PS AM C 56.00 0;SIMPLE_INSTRUMENT;BLOCK;EUR;10;3.29000000;1000;PRC_DECOMP_EXCHANGE;;;;XEUR;8006363;443196;EXCHANGE
15.01.2025;14:06:26.614;DAI.O.250115.STDT.000019;STANDARD_OPTION_STRATEGY;BLOCK;EUR;18;3.55000000;750;EXCHANGE_LAST;;1;1;XEUR;73961106363663663;443196;
15.01.2025;14:06:26.614;DAI SI 20250321 PS AM P 56.00 0;SIMPLE_INSTRUMENT;BLOCK;EUR;18;2.49000000;750;PRC_DECOMP_EXCHANGE;;;;XEUR;10884518;443196;EXCHANGE
15.01.2025;14:06:26.614;DAI SI 20250321 PS AM C 56.00 0;SIMPLE_INSTRUMENT;BLOCK;EUR;18;2.87000000;750;PRC_DECOMP_EXCHANGE;;;;XEUR;10884531;443196;EXCHANGE
15.01.2025;14:06:26.614;DAI SI 20250620 PS AM C 56.00 0;SIMPLE_INSTRUMENT;BLOCK;EUR;18;3.64000000;750;PRC_DECOMP_EXCHANGE;;;;XEUR;8006363;443196;EXCHANGE
15.01.2025;14:06:26.614;DAI SI 20250620 PS AM P 56.00 0;SIMPLE_INSTRUMENT;BLOCK;EUR;18;5.27000000;750;PRC_DECOMP_EXCHANGE;;;;XEUR;8006365;443196;EXCHANGE
15.01.2025;15:49:49.481;DAI SI 20251219 PS AM P 52.00 0;SIMPLE_INSTRUMENT;BLOCK;EUR;21;4.81000000;4000;EXCHANGE_LAST;;2;2;XEUR;7144530;443196;
15.01.2025;16:14:16.785;DAI.O.250115.BR23.000026;STANDARD_OPTION_STRATEGY;BLOCK;EUR;22;-8.94000000;500;EXCHANGE_LAST;;1;1;XEUR;73961106363663670;443196;
15.01.2025;16:14:16.785;DAI SI 20271217 PS AM P 48.00 0;SIMPLE_INSTRUMENT;BLOCK;EUR;22;7.23000000;1000;PRC_DECOMP_MEMBER;;;;XEUR;8833332;443196;MEMBER
15.01.2025;16:14:16.785;DAI SI 20271217 PS AM P 28.00 0;SIMPLE_INSTRUMENT;BLOCK;EUR;22;1.84000000;1500;PRC_DECOMP_MEMBER;;;;XEUR;8833463;443196;MEMBER
15.01.2025;16:26:10.707;DAI SI 20251219 PS AM P 48.00 0;SIMPLE_INSTRUMENT;BLOCK;EUR;23;3.10000000;1500;EXCHANGE_LAST;;1;1;XEUR;7144518;443196;
15.01.2025;15:36:34.364;DB1 SI 20250221 PS AM C 230.00 0;SIMPLE_INSTRUMENT;BLOCK;EUR;14;6.40000000;500;EXCHANGE_LAST;;1;1;XEUR;12242072;361;
15.01.2025;15:40:28.590;DB1 SI 20250221 PS AM P 220.00 0;SIMPLE_INSTRUMENT;BLOCK;EUR;15;1.93000000;500;EXCHANGE_LAST;;1;1;XEUR;12242079;361;
15.01.2025;10:05:18.323;DB1H.S.JAN25.FEB25.SPD;FUTURES_SPREAD;BLOCK;EUR;17;-0.68640000;23485;EXCHANGE_LAST;;1;1;XEUR;72059153111057547;363;
15.01.2025;10:05:18.323;DB1H SI 20250221 CS;SIMPLE_INSTRUMENT;BLOCK;EUR;17;229.47970000;23485;PRC_DECOMP_EXCHANGE;;;;XEUR;10565617;363;EXCHANGE
15.01.2025;10:05:18.323;DB1H SI 20250117 CS;SIMPLE_INSTRUMENT;BLOCK;EUR;17;228.79330000;23485;PRC_DECOMP_EXCHANGE;;;;XEUR;10400981;363;EXCHANGE
15.01.2025;10:04:50.741;DB1P.S.JAN25.FEB25.SPD;FUTURES_SPREAD;BLOCK;EUR;16;-0.66420000;23485;EXCHANGE_LAST;;1;1;XEUR;74495469014745115;567612;
15.01.2025;10:04:50.741;DB1P SI 20250221 PS;SIMPLE_INSTRUMENT;BLOCK;EUR;16;229.46860000;23485;PRC_DECOMP_EXCHANGE;;;;XEUR;10603005;567612;EXCHANGE
15.01.2025;10:04:50.741;DB1P SI 20250117 PS;SIMPLE_INSTRUMENT;BLOCK;EUR;16;228.80440000;23485;PRC_DECOMP_EXCHANGE;;;;XEUR;10457146;567612;EXCHANGE
15.01.2025;09:41:44.666;DBK SI 20250321 PS AM C 18.00 0;SIMPLE_INSTRUMENT;BLOCK;EUR;1;0.87000000;5000;EXCHANGE_LAST;;1;1;XEUR;10835573;362;
15.01.2025;09:16:51.120;DPW.O.250115.CDIA.000005;STANDARD_OPTION_STRATEGY;BLOCK;EUR;1;0.94000000;1500;EXCHANGE_LAST;;1;1;XEUR;72059505298415441;445;
15.01.2025;09:16:51.120;DPW SI 20250117 PS AM C 33.50 0;SIMPLE_INSTRUMENT;BLOCK;EUR;1;0.37000000;1500;PRC_DECOMP_EXCHANGE;;;;XEUR;12073109;445;EXCHANGE
15.01.2025;09:16:51.120;DPW SI 20250321 PS AM C 34.00 0;SIMPLE_INSTRUMENT;BLOCK;EUR;1;1.31000000;1500;PRC_DECOMP_EXCHANGE;;;;XEUR;10836835;445;EXCHANGE
15.01.2025;11:01:09.849;DTE.O.250115.STD.000007;STANDARD_OPTION_STRATEGY;BLOCK;EUR;6;2.90000000;3000;EXCHANGE_LAST;;1;1;XEUR;72059415104107334;424;
15.01.2025;11:01:09.849;DTE SI 20250620 PS AM P 30.00 0;SIMPLE_INSTRUMENT;BLOCK;EUR;6;1.55000000;3000;PRC_DECOMP_EXCHANGE;;;;XEUR;11356792;424;EXCHANGE
15.01.2025;11:01:09.849;DTE SI 20250620 PS AM C 30.00 0;SIMPLE_INSTRUMENT;BLOCK;EUR;6;1.35000000;3000;PRC_DECOMP_EXCHANGE;;;;XEUR;11356793;424;EXCHANGE
15.01.2025;15:12:29.523;DTE SI 20250620 PS AM P 24.00 0;SIMPLE_INSTRUMENT;BLOCK;EUR;12;0.15000000;2500;EXCHANGE_LAST;;1;1;XEUR;7902010;424;
15.01.2025;15:12:30.226;DTE SI 20250620 PS AM P 24.00 0;SIMPLE_INSTRUMENT;BLOCK;EUR;13;0.18000000;2500;EXCHANGE_LAST;;1;1;XEUR;7902010;424;
15.01.2025;13:33:56.614;DUFF SI 20250321 CS;SIMPLE_INSTRUMENT;BLOCK;CHF;94;35.44780000;102;EXCHANGE_LAST;;1;1;XEUR;10726590;156160;
15.01.2025;13:36:10.263;DVCG SI 20250320 CS;SIMPLE_INSTRUMENT;BLOCK;EUR;101;5.47690000;50;EXCHANGE_LAST;;1;1;XEUR;10689828;51874;
15.01.2025;10:54:02.944;E2NL SI 20250321 CS;SIMPLE_INSTRUMENT;BLOCK;EUR;31;0.21500000;4375;EXCHANGE_LAST;;1;1;XEUR;10403435;471;
15.01.2025;11:18:41.634;E2NL SI 20250321 CS;SIMPLE_INSTRUMENT;BLOCK;EUR;43;0.21500000;4375;EXCHANGE_LAST;;1;1;XEUR;10403435;471;
15.01.2025;11:52:47.865;E2NL SI 20250321 CS;SIMPLE_INSTRUMENT;BLOCK;EUR;50;0.21500000;1740;EXCHANGE_LAST;;1;1;XEUR;10403435;471;
15.01.2025;16:39:02.307;E2NL SI 20250321 CS;SIMPLE_INSTRUMENT;BLOCK;EUR;208;0.21500000;2625;EXCHANGE_LAST;;1;1;XEUR;10403435;471;
15.01.2025;13:53:10.978;E2NT SI 20250620 CS;SIMPLE_INSTRUMENT;BLOCK;EUR;117;0.52600000;1232;EXCHANGE_LAST;;1;1;XEUR;10837409;470;
15.01.2025;13:53:14.137;E2NT SI 20250620 CS;SIMPLE_INSTRUMENT;BLOCK;EUR;118;0.52500000;4928;EXCHANGE_LAST;;1;1;XEUR;10837409;470;
15.01.2025;14:01:37.634;EDPF SI 20250321 CS;SIMPLE_INSTRUMENT;BLOCK;EUR;124;3.10750000;1245;EXCHANGE_LAST;;1;1;XEUR;10698744;457;
15.01.2025;14:05:14.037;EG4F SI 20250321 CS;SIMPLE_INSTRUMENT;BLOCK;EUR;127;11.77480000;406;EXCHANGE_LAST;;1;1;XEUR;10698334;448;
15.01.2025;13:13:57.525;ENL5.O.250115.STD.000001;STANDARD_OPTION_STRATEGY;BLOCK;EUR;10;1.01500000;2000;EXCHANGE_LAST;;1;1;XEUR;72059741521586574;500;
15.01.2025;13:13:57.525;ENL5 SI 20251218 PS AM C 7.00 0;SIMPLE_INSTRUMENT;BLOCK;EUR;10;0.37400000;2000;PRC_DECOMP_EXCHANGE;;;;XEUR;6960712;500;EXCHANGE
15.01.2025;13:13:57.525;ENL5 SI 20251218 PS AM P 7.00 0;SIMPLE_INSTRUMENT;BLOCK;EUR;10;0.64100000;2000;PRC_DECOMP_EXCHANGE;;;;XEUR;6960713;500;EXCHANGE
15.01.2025;09:13:17.883;ENLH SI 20250116 CS;SIMPLE_INSTRUMENT;BLOCK;EUR;3;6.96000000;14000;EXCHANGE_LAST;;1;1;XEUR;10390910;524976;
15.01.2025;10:53:46.192;ENLH SI 20250320 CS;SIMPLE_INSTRUMENT;BLOCK;EUR;30;6.80620000;10000;EXCHANGE_LAST;;1;1;XEUR;10690796;524976;
15.01.2025;11:18:40.444;ENLH SI 20250320 CS;SIMPLE_INSTRUMENT;BLOCK;EUR;42;6.80610000;10000;EXCHANGE_LAST;;1;1;XEUR;10690796;524976;
15.01.2025;15:49:18.546;ENLH SI 20250320 CS;SIMPLE_INSTRUMENT;BLOCK;EUR;178;6.87900000;60000;EXCHANGE_LAST;;1;1;XEUR;10690796;524976;
15.01.2025;16:38:26.995;ENLH SI 20250320 CS;SIMPLE_INSTRUMENT;BLOCK;EUR;207;6.80500000;6000;EXCHANGE_LAST;;1;1;XEUR;10690796;524976;
15.01.2025;11:14:05.300;ENR SI 20250620 PS AM P 40.00 0;SIMPLE_INSTRUMENT;BLOCK;EUR;7;1.83000000;3550;EXCHANGE_LAST;;4;2;XEUR;10971100;298530;
15.01.2025;08:59:40.193;ENT5 SI 20250130 PS AM C 14.20 0;SIMPLE_INSTRUMENT;BLOCK;EUR;2;0.11500000;1850;EXCHANGE_LAST;;1;1;XEUR;12440539;497;
15.01.2025;14:17:17.946;ENT5.O.250115.STD.000001;STANDARD_OPTION_STRATEGY;BLOCK;EUR;11;2.23000000;1000;EXCHANGE_LAST;;1;1;XEUR;72059728636684207;497;
15.01.2025;14:17:17.946;ENT5 SI 20251218 PS AM P 14.00 0;SIMPLE_INSTRUMENT;BLOCK;EUR;11;1.38300000;1000;PRC_DECOMP_EXCHANGE;;;;XEUR;5911905;497;EXCHANGE
15.01.2025;14:17:17.946;ENT5 SI 20251218 PS AM C 14.00 0;SIMPLE_INSTRUMENT;BLOCK;EUR;11;0.84700000;1000;PRC_DECOMP_EXCHANGE;;;;XEUR;5911904;497;EXCHANGE
15.01.2025;13:47:57.033;ENTH.S.MAR25.JUN25.SPD;FUTURES_SPREAD;BLOCK;EUR;116;0.37780000;14000;EXCHANGE_LAST;;1;1;XEUR;74312335904210987;524973;
15.01.2025;13:47:57.033;ENTH SI 20250619 CS;SIMPLE_INSTRUMENT;BLOCK;EUR;116;13.46010000;14000;PRC_DECOMP_EXCHANGE;;;;XEUR;11165310;524973;EXCHANGE
15.01.2025;13:47:57.033;ENTH SI 20250320 CS;SIMPLE_INSTRUMENT;BLOCK;EUR;116;13.83790000;14000;PRC_DECOMP_EXCHANGE;;;;XEUR;10690793;524973;EXCHANGE
15.01.2025;13:32:14.581;EUCO SI 20250314 PS EU C 1.0375 0;SIMPLE_INSTRUMENT;BLOCK;USD;1;0.01210000;300;EXCHANGE_LAST;;1;1;XEUR;12234409;369370;
15.01.2025;13:32:42.583;EUCO SI 20250314 PS EU C 1.0600 0;SIMPLE_INSTRUMENT;BLOCK;USD;2;0.00427000;150;EXCHANGE_LAST;;1;1;XEUR;10813404;369370;
15.01.2025;13:32:59.584;EUCO SI 20250314 PS EU C 1.0600 0;SIMPLE_INSTRUMENT;BLOCK;USD;3;0.00428000;150;EXCHANGE_LAST;;1;1;XEUR;10813404;369370;
15.01.2025;10:57:53.112;F3IA SI 20261218 CS;SIMPLE_INSTRUMENT;BLOCK;EUR;36;0.62000000;550;EXCHANGE_LAST;;1;1;XEUR;6830373;390387;
15.01.2025;16:31:30.099;F3IA SI 20250321 CS;SIMPLE_INSTRUMENT;BLOCK;EUR;200;0.00100000;2580;EXCHANGE_LAST;;1;1;XEUR;10452742;390387;
15.01.2025;15:51:15.571;F3TE SI 20261218 CS;SIMPLE_INSTRUMENT;BLOCK;EUR;179;0.70500000;250;EXCHANGE_LAST;;1;1;XEUR;6633899;390379;
15.01.2025;16:24:21.844;F3TE SI 20261218 CS;SIMPLE_INSTRUMENT;BLOCK;EUR;196;0.70200000;175;EXCHANGE_LAST;;1;1;XEUR;6633899;390379;
15.01.2025;16:23:50.735;F3TE SI 20261218 CS;SIMPLE_INSTRUMENT;BLOCK;EUR;197;0.70300000;175;EXCHANGE_LAST;;1;1;XEUR;6633899;390379;
15.01.2025;08:48:40.190;FBTP SI 20250306 PS;SIMPLE_INSTRUMENT;EFP_FIN;EUR;1;117.52000000;150;EXCHANGE_LAST;;1;1;XEUR;11286675;636;
15.01.2025;08:48:40.190;FBTP SI 20250306 PS;SIMPLE_INSTRUMENT;EFP_FIN;EUR;2;117.52000000;150;EXCHANGE_LAST;;1;1;XEUR;11286675;636;
15.01.2025;08:57:00.003;FBTP SI 20250306 PS;SIMPLE_INSTRUMENT;EFP_FIN;EUR;3;117.52000000;895;EXCHANGE_LAST;;1;1;XEUR;11286675;636;
15.01.2025;09:13:12.419;FBTP SI 20250306 PS;SIMPLE_INSTRUMENT;EFP_FIN;EUR;4;117.53000000;241;EXCHANGE_LAST;;1;1;XEUR;11286675;636;
15.01.2025;09:09:50.434;FBTP SI 20250306 PS;SIMPLE_INSTRUMENT;EFP_FIN;EUR;5;117.53000000;483;EXCHANGE_LAST;;1;1;XEUR;11286675;636;
15.01.2025;09:14:46.694;FBTP SI 20250306 PS;SIMPLE_INSTRUMENT;EFP_FIN;EUR;6;117.53000000;242;EXCHANGE_LAST;;1;1;XEUR;11286675;636;
15.01.2025;09:20:47.722;FBTP SI 20250306 PS;SIMPLE_INSTRUMENT;EFP_FIN;EUR;7;117.52000000;483;EXCHANGE_LAST;;1;1;XEUR;11286675;636;
15.01.2025;09:24:30.303;FBTP SI 20250306 PS;SIMPLE_INSTRUMENT;EFP_FIN;EUR;8;117.53000000;671;EXCHANGE_LAST;;1;1;XEUR;11286675;636;
15.01.2025;09:26:14.109;FBTP SI 20250306 PS;SIMPLE_INSTRUMENT;BLOCK;EUR;9;117.53000000;343;EXCHANGE_LAST;;1;1;XEUR;11286675;636;
15.01.2025;09:28:09.052;FBTP SI 20250306 PS;SIMPLE_INSTRUMENT;EFP_FIN;EUR;10;117.52000000;895;EXCHANGE_LAST;;1;1;XEUR;11286675;636;
15.01.2025;09:29:34.424;FBTP SI 20250306 PS;SIMPLE_INSTRUMENT;BLOCK;EUR;11;117.53000000;483;EXCHANGE_LAST;;1;1;XEUR;11286675;636;
15.01.2025;09:30:35.960;FBTP SI 20250306 PS;SIMPLE_INSTRUMENT;EFP_FIN;EUR;12;117.52000000;224;EXCHANGE_LAST;;1;1;XEUR;11286675;636;
15.01.2025;09:49:29.940;FBTP SI 20250306 PS;SIMPLE_INSTRUMENT;EFP_FIN;EUR;13;117.59000000;86;EXCHANGE_LAST;;1;1;XEUR;11286675;636;
15.01.2025;09:54:44.882;FBTP SI 20250306 PS;SIMPLE_INSTRUMENT;EFP_FIN;EUR;14;117.52000000;242;EXCHANGE_LAST;;1;1;XEUR;11286675;636;
15.01.2025;09:55:06.059;FBTP SI 20250306 PS;SIMPLE_INSTRUMENT;EFP_FIN;EUR;15;117.52000000;242;EXCHANGE_LAST;;1;1;XEUR;11286675;636;
15.01.2025;09:56:14.049;FBTP SI 20250306 PS;SIMPLE_INSTRUMENT;EFP_FIN;EUR;16;117.52000000;242;EXCHANGE_LAST;;1;1;XEUR;11286675;636;
15.01.2025;10:07:00.293;FBTP SI 20250306 PS;SIMPLE_INSTRUMENT;EFP_FIN;EUR;17;117.52000000;242;EXCHANGE_LAST;;1;1;XEUR;11286675;636;
15.01.2025;10:08:45.216;FBTP SI 20250306 PS;SIMPLE_INSTRUMENT;BLOCK;EUR;18;117.62000000;504;EXCHANGE_LAST;;1;1;XEUR;11286675;636;
15.01.2025;10:12:59.211;FBTP SI 20250306 PS;SIMPLE_INSTRUMENT;EFP_FIN;EUR;19;117.63000000;417;EXCHANGE_LAST;;1;1;XEUR;11286675;636;
15.01.2025;10:19:40.614;FBTP SI 20250306 PS;SIMPLE_INSTRUMENT;EFP_FIN;EUR;20;117.57000000;242;EXCHANGE_LAST;;1;1;XEUR;11286675;636;
15.01.2025;10:32:10.714;FBTP SI 20250306 PS;SIMPLE_INSTRUMENT;EFP_FIN;EUR;21;117.60000000;153;EXCHANGE_LAST;;1;1;XEUR;11286675;636;
15.01.2025;10:30:42.469;FBTP SI 20250306 PS;SIMPLE_INSTRUMENT;EFP_FIN;EUR;22;117.66000000;224;EXCHANGE_LAST;;1;1;XEUR;11286675;636;
15.01.2025;10:42:08.224;FBTP SI 20250306 PS;SIMPLE_INSTRUMENT;EFS;EUR;23;117.63000000;552;EXCHANGE_LAST;;1;1;XEUR;11286675;636;
15.01.2025;10:53:14.826;FBTP SI 20250306 PS;SIMPLE_INSTRUMENT;EFP_FIN;EUR;24;117.65000000;256;EXCHANGE_LAST;;1;1;XEUR;11286675;636;
15.01.2025;11:00:20.848;FBTP SI 20250306 PS;SIMPLE_INSTRUMENT;EFP_FIN;EUR;25;117.65000000;68;EXCHANGE_LAST;;1;1;XEUR;11286675;636;
15.01.2025;11:02:37.855;FBTP SI 20250306 PS;SIMPLE_INSTRUMENT;EFP_FIN;EUR;26;117.65000000;136;EXCHANGE_LAST;;1;1;XEUR;11286675;636;
15.01.2025;11:20:25.787;FBTP SI 20250306 PS;SIMPLE_INSTRUMENT;BLOCK;EUR;27;117.68000000;1189;EXCHANGE_LAST;;1;1;XEUR;11286675;636;
15.01.2025;11:22:09.196;FBTP SI 20250306 PS;SIMPLE_INSTRUMENT;EFP_FIN;EUR;28;117.65000000;378;EXCHANGE_LAST;;1;1;XEUR;11286675;636;
15.01.2025;11:23:29.543;FBTP SI 20250306 PS;SIMPLE_INSTRUMENT;EFP_FIN;EUR;29;117.70000000;224;EXCHANGE_LAST;;1;1;XEUR;11286675;636;
15.01.2025;11:33:21.364;FBTP SI 20250306 PS;SIMPLE_INSTRUMENT;EFP_FIN;EUR;30;117.69000000;224;EXCHANGE_LAST;;1;1;XEUR;11286675;636;
15.01.2025;12:10:56.013;FBTP SI 20250306 PS;SIMPLE_INSTRUMENT;EFS;EUR;31;117.72000000;1200;EXCHANGE_LAST;;1;1;XEUR;11286675;636;
15.01.2025;12:11:19.953;FBTP SI 20250306 PS;SIMPLE_INSTRUMENT;EFP_FIN;EUR;32;117.68000000;4477;EXCHANGE_LAST;;1;1;XEUR;11286675;636;
15.01.2025;12:35:34.729;FBTP SI 20250306 PS;SIMPLE_INSTRUMENT;BLOCK;EUR;33;117.77000000;500;EXCHANGE_LAST;;1;1;XEUR;11286675;636;
15.01.2025;12:38:22.757;FBTP SI 20250306 PS;SIMPLE_INSTRUMENT;EFP_FIN;EUR;34;117.80000000;295;EXCHANGE_LAST;;1;1;XEUR;11286675;636;
15.01.2025;12:49:43.555;FBTP SI 20250306 PS;SIMPLE_INSTRUMENT;EFP_FIN;EUR;35;117.66000000;86;EXCHANGE_LAST;;1;1;XEUR;11286675;636;
15.01.2025;13:05:45.450;FBTP SI 20250306 PS;SIMPLE_INSTRUMENT;EFP_FIN;EUR;36;117.66000000;269;EXCHANGE_LAST;;1;1;XEUR;11286675;636;
15.01.2025;13:06:10.874;FBTP SI 20250306 PS;SIMPLE_INSTRUMENT;EFP_FIN;EUR;37;117.78000000;895;EXCHANGE_LAST;;1;1;XEUR;11286675;636;
15.01.2025;13:10:23.099;FBTP SI 20250306 PS;SIMPLE_INSTRUMENT;EFP_FIN;EUR;38;117.81000000;895;EXCHANGE_LAST;;1;1;XEUR;11286675;636;
15.01.2025;13:12:19.766;FBTP SI 20250306 PS;SIMPLE_INSTRUMENT;EFP_FIN;EUR;39;117.80000000;717;EXCHANGE_LAST;;1;1;XEUR;11286675;636;
15.01.2025;13:14:57.158;FBTP SI 20250306 PS;SIMPLE_INSTRUMENT;EFS;EUR;40;117.80000000;1198;EXCHANGE_LAST;;1;1;XEUR;11286675;636;
15.01.2025;13:18:15.063;FBTP SI 20250306 PS;SIMPLE_INSTRUMENT;EFP_FIN;EUR;41;117.81000000;479;EXCHANGE_LAST;;1;1;XEUR;11286675;636;
15.01.2025;13:19:27.547;FBTP SI 20250306 PS;SIMPLE_INSTRUMENT;EFP_FIN;EUR;42;117.83000000;122;EXCHANGE_LAST;;1;1;XEUR;11286675;636;
15.01.2025;13:23:12.645;FBTP SI 20250306 PS;SIMPLE_INSTRUMENT;BLOCK;EUR;43;117.88000000;413;EXCHANGE_LAST;;1;1;XEUR;11286675;636;
15.01.2025;13:27:17.723;FBTP SI 20250306 PS;SIMPLE_INSTRUMENT;EFP_FIN;EUR;44;117.80000000;188;EXCHANGE_LAST;;1;1;XEUR;11286675;636;
15.01.2025;13:30:07.611;FBTP SI 20250306 PS;SIMPLE_INSTRUMENT;EFP_FIN;EUR;46;117.88000000;247;EXCHANGE_LAST;;1;1;XEUR;11286675;636;
15.01.2025;13:35:15.789;FBTP SI 20250306 PS;SIMPLE_INSTRUMENT;EFP_FIN;EUR;47;117.85000000;340;EXCHANGE_LAST;;1;1;XEUR;11286675;636;
15.01.2025;14:19:26.714;FBTP SI 20250306 PS;SIMPLE_INSTRUMENT;EFP_FIN;EUR;49;118.48000000;381;EXCHANGE_LAST;;1;1;XEUR;11286675;636;
15.01.2025;14:21:19.037;FBTP SI 20250306 PS;SIMPLE_INSTRUMENT;EFP_FIN;EUR;50;117.63000000;264;EXCHANGE_LAST;;1;1;XEUR;11286675;636;
15.01.2025;14:35:03.514;FBTP SI 20250306 PS;SIMPLE_INSTRUMENT;EFS;EUR;53;118.52000000;1200;EXCHANGE_LAST;;1;1;XEUR;11286675;636;
15.01.2025;14:34:39.592;FBTP SI 20250306 PS;SIMPLE_INSTRUMENT;BLOCK;EUR;54;118.62000000;477;EXCHANGE_LAST;;1;1;XEUR;11286675;636;
15.01.2025;15:30:47.944;FBTP SI 20250306 PS;SIMPLE_INSTRUMENT;EFP_FIN;EUR;55;118.67000000;122;EXCHANGE_LAST;;1;1;XEUR;11286675;636;
15.01.2025;15:46:34.901;FBTP SI 20250306 PS;SIMPLE_INSTRUMENT;EFP_FIN;EUR;56;118.72000000;366;EXCHANGE_LAST;;1;1;XEUR;11286675;636;
15.01.2025;15:50:30.717;FBTP SI 20250306 PS;SIMPLE_INSTRUMENT;EFP_FIN;EUR;57;118.73000000;251;EXCHANGE_LAST;;1;1;XEUR;11286675;636;
15.01.2025;15:29:25.908;FBTP SI 20250306 PS;SIMPLE_INSTRUMENT;VOLA;EUR;268435608;118.60000000;29;EXCHANGE_LAST;;1;1;XEUR;11286675;636;
15.01.2025;15:39:15.973;FBTP SI 20250306 PS;SIMPLE_INSTRUMENT;VOLA;EUR;268435612;118.81000000;38;EXCHANGE_LAST;;1;1;XEUR;11286675;636;
15.01.2025;08:31:21.639;FBTS SI 20250306 PS;SIMPLE_INSTRUMENT;EFP_FIN;EUR;3;106.83000000;2009;EXCHANGE_LAST;;1;1;XEUR;11286677;639;
15.01.2025;09:31:37.174;FBTS SI 20250306 PS;SIMPLE_INSTRUMENT;EFP_FIN;EUR;12;106.82000000;1815;EXCHANGE_LAST;;1;1;XEUR;11286677;639;
15.01.2025;09:54:46.398;FBTS SI 20250306 PS;SIMPLE_INSTRUMENT;EFP_FIN;EUR;15;106.85000000;1230;EXCHANGE_LAST;;1;1;XEUR;11286677;639;
15.01.2025;09:57:03.930;FBTS SI 20250306 PS;SIMPLE_INSTRUMENT;EFP_FIN;EUR;17;106.81000000;272;EXCHANGE_LAST;;1;1;XEUR;11286677;639;
15.01.2025;10:53:04.784;FBTS SI 20250306 PS;SIMPLE_INSTRUMENT;EFP_FIN;EUR;20;106.87000000;1787;EXCHANGE_LAST;;1;1;XEUR;11286677;639;
15.01.2025;10:57:29.733;FBTS SI 20250306 PS;SIMPLE_INSTRUMENT;EFP_FIN;EUR;21;106.87000000;176;EXCHANGE_LAST;;1;1;XEUR;11286677;639;
15.01.2025;11:35:31.246;FBTS SI 20250306 PS;SIMPLE_INSTRUMENT;EFP_FIN;EUR;22;106.87000000;3309;EXCHANGE_LAST;;1;1;XEUR;11286677;639;
15.01.2025;11:37:59.753;FBTS SI 20250306 PS;SIMPLE_INSTRUMENT;EFP_FIN;EUR;23;106.86000000;1140;EXCHANGE_LAST;;1;1;XEUR;11286677;639;
15.01.2025;12:05:47.798;FBTS SI 20250306 PS;SIMPLE_INSTRUMENT;EFP_FIN;EUR;24;106.86000000;570;EXCHANGE_LAST;;1;1;XEUR;11286677;639;
15.01.2025;12:29:38.873;FBTS SI 20250306 PS;SIMPLE_INSTRUMENT;EFP_FIN;EUR;25;106.86000000;627;EXCHANGE_LAST;;1;1;XEUR;11286677;639;
15.01.2025;12:33:40.913;FBTS SI 20250306 PS;SIMPLE_INSTRUMENT;EFP_FIN;EUR;26;106.86000000;227;EXCHANGE_LAST;;1;1;XEUR;11286677;639;
15.01.2025;13:28:59.902;FBTS SI 20250306 PS;SIMPLE_INSTRUMENT;EFP_FIN;EUR;32;106.88000000;1816;EXCHANGE_LAST;;1;1;XEUR;11286677;639;
15.01.2025;14:34:49.920;FBTS SI 20250306 PS;SIMPLE_INSTRUMENT;EFP_FIN;EUR;35;107.05000000;1341;EXCHANGE_LAST;;1;1;XEUR;11286677;639;
15.01.2025;15:28:47.936;FBTS SI 20250306 PS;SIMPLE_INSTRUMENT;BLOCK;EUR;40;107.04000000;870;EXCHANGE_LAST;;1;1;XEUR;11286677;639;
15.01.2025;15:48:39.958;FBTS SI 20250306 PS;SIMPLE_INSTRUMENT;EFP_FIN;EUR;42;107.06000000;228;EXCHANGE_LAST;;1;1;XEUR;11286677;639;
15.01.2025;15:51:03.571;FBTS SI 20250306 PS;SIMPLE_INSTRUMENT;EFP_FIN;EUR;43;107.05000000;439;EXCHANGE_LAST;;1;1;XEUR;11286677;639;
15.01.2025;16:39:07.708;FBTS SI 20250306 PS;SIMPLE_INSTRUMENT;BLOCK;EUR;47;107.07000000;6700;EXCHANGE_LAST;;1;1;XEUR;11286677;639;
15.01.2025;10:17:40.842;FCMU SI 20250317 CS;SIMPLE_INSTRUMENT;BLOCK;USD;2;0.04823000;75;EXCHANGE_LAST;;1;1;XEUR;11329545;570874;
15.01.2025;19:11:35.554;FCNS SI 20250317 PS;SIMPLE_INSTRUMENT;EFP_IDX;SEK;4;0.97926000;380;EXCHANGE_LAST;;1;1;XEUR;9136391;402911;
15.01.2025;19:11:36.084;FCNS SI 20250317 PS;SIMPLE_INSTRUMENT;EFP_IDX;SEK;5;0.97927000;84;EXCHANGE_LAST;;1;1;XEUR;9136391;402911;
15.01.2025;09:13:28.080;FCZU SI 20250317 CS;SIMPLE_INSTRUMENT;BLOCK;USD;1;0.05263000;75;EXCHANGE_LAST;;1;1;XEUR;11329546;570872;
15.01.2025;14:14:31.192;FCZU SI 20250317 CS;SIMPLE_INSTRUMENT;BLOCK;USD;3;0.05296000;50;EXCHANGE_LAST;;1;1;XEUR;11329546;570872;
15.01.2025;10:25:51.377;FDAX SI 20250321 CS;SIMPLE_INSTRUMENT;BLOCK;EUR;1;20500.00000000;660;EXCHANGE_LAST;;1;1;XEUR;7561255;589;
15.01.2025;10:27:48.077;FDAX SI 20250321 CS;SIMPLE_INSTRUMENT;EFP_IDX;EUR;2;20483.00000000;229;EXCHANGE_LAST;;1;1;XEUR;7561255;589;
15.01.2025;10:51:26.836;FDAX SI 20250321 CS;SIMPLE_INSTRUMENT;BLOCK;EUR;3;20490.00000000;300;EXCHANGE_LAST;;1;1;XEUR;7561255;589;
15.01.2025;14:26:15.387;FDAX SI 20250321 CS;SIMPLE_INSTRUMENT;BLOCK;EUR;4;20700.00000000;300;EXCHANGE_LAST;;1;1;XEUR;7561255;589;
15.01.2025;14:17:05.531;FDAX SI 20250321 CS;SIMPLE_INSTRUMENT;VOLA;EUR;671088652;20710.00000000;120;EXCHANGE_LAST;;1;1;XEUR;7561255;589;
15.01.2025;10:13:41.214;FEBD SI 20261218 CS;SIMPLE_INSTRUMENT;BLOCK;EUR;10;9.91000000;500;EXCHANGE_LAST;;1;1;XEUR;7158212;597;
15.01.2025;10:25:01.188;FEBD SI 20261218 CS;SIMPLE_INSTRUMENT;BLOCK;EUR;11;9.91000000;1000;EXCHANGE_LAST;;1;1;XEUR;7158212;597;
15.01.2025;10:26:28.721;FEBD SI 20261218 CS;SIMPLE_INSTRUMENT;BLOCK;EUR;12;9.90000000;500;EXCHANGE_LAST;;1;1;XEUR;7158212;597;
15.01.2025;11:02:46.409;FEBD.S.DEC25.DEC26.SPD;FUTURES_SPREAD;BLOCK;EUR;14;0.46000000;750;EXCHANGE_LAST;;1;1;XEUR;72060158133406991;597;
15.01.2025;11:02:46.409;FEBD SI 20261218 CS;SIMPLE_INSTRUMENT;BLOCK;EUR;14;9.91000000;750;PRC_DECOMP_MEMBER;;;;XEUR;7158212;597;MEMBER
15.01.2025;11:02:46.409;FEBD SI 20251219 CS;SIMPLE_INSTRUMENT;BLOCK;EUR;14;10.37000000;750;PRC_DECOMP_MEMBER;;;;XEUR;5914075;597;MEMBER
15.01.2025;11:07:34.103;FEBD SI 20261218 CS;SIMPLE_INSTRUMENT;BLOCK;EUR;16;9.91000000;350;EXCHANGE_LAST;;1;1;XEUR;7158212;597;
15.01.2025;11:10:36.906;FEBD SI 20251219 CS;SIMPLE_INSTRUMENT;BLOCK;EUR;17;10.38000000;125;EXCHANGE_LAST;;1;1;XEUR;5914075;597;
15.01.2025;11:10:41.995;FEBD SI 20251219 CS;SIMPLE_INSTRUMENT;BLOCK;EUR;18;10.39000000;125;EXCHANGE_LAST;;1;1;XEUR;5914075;597;
15.01.2025;16:12:37.473;FEBD SI 20251219 CS;SIMPLE_INSTRUMENT;BLOCK;EUR;41;10.36000000;400;EXCHANGE_LAST;;1;1;XEUR;5914075;597;
15.01.2025;16:15:18.741;FEBD SI 20251219 CS;SIMPLE_INSTRUMENT;BLOCK;EUR;42;10.36000000;400;EXCHANGE_LAST;;1;1;XEUR;5914075;597;
15.01.2025;13:01:38.618;FECX SI 20250321 CS;SIMPLE_INSTRUMENT;BLOCK;EUR;25;164.46000000;50;EXCHANGE_LAST;;1;1;XEUR;11427948;410158;
15.01.2025;13:34:40.175;FECX SI 20250321 CS;SIMPLE_INSTRUMENT;BLOCK;EUR;27;164.50000000;150;EXCHANGE_LAST;;1;1;XEUR;11427948;410158;
15.01.2025;16:12:39.581;FES1 SI 20250321 PS;SIMPLE_INSTRUMENT;BLOCK;EUR;40;16.20000000;1000;EXCHANGE_LAST;;1;1;XEUR;11391470;58959;
15.01.2025;09:12:47.831;FESB SI 20250321 CS;SIMPLE_INSTRUMENT;BLOCK;EUR;29;154.30000000;2275;EXCHANGE_LAST;;1;1;XEUR;11359072;605;
15.01.2025;09:57:31.665;FESB SI 20250321 CS;SIMPLE_INSTRUMENT;BLOCK;EUR;30;154.50000000;2250;EXCHANGE_LAST;;1;1;XEUR;11359072;605;
15.01.2025;12:35:59.054;FESB SI 20250321 CS;SIMPLE_INSTRUMENT;BLOCK;EUR;31;154.90000000;2000;EXCHANGE_LAST;;1;1;XEUR;11359072;605;
15.01.2025;13:20:41.253;FESB SI 20250321 CS;SIMPLE_INSTRUMENT;BLOCK;EUR;32;154.60000000;15000;EXCHANGE_LAST;;1;1;XEUR;11359072;605;
15.01.2025;15:05:25.662;FESB SI 20250321 CS;SIMPLE_INSTRUMENT;VOLA;EUR;603979833;154.80000000;300;EXCHANGE_LAST;;1;1;XEUR;11359072;605;
15.01.2025;12:35:38.881;FESX SI 20250321 CS;SIMPLE_INSTRUMENT;EFP_IDX;EUR;1;5025.00000000;1400;EXCHANGE_LAST;;1;1;XEUR;7793482;675;
15.01.2025;14:24:00.546;FESX SI 20250321 CS;SIMPLE_INSTRUMENT;EFP_IDX;EUR;2;5030.00000000;1000;EXCHANGE_LAST;;1;1;XEUR;7793482;675;
15.01.2025;14:49:29.396;FESX SI 20250321 CS;SIMPLE_INSTRUMENT;BLOCK;EUR;3;5050.00000000;2000;EXCHANGE_LAST;;1;1;XEUR;7793482;675;
15.01.2025;15:59:25.414;FESX SI 20250321 CS;SIMPLE_INSTRUMENT;BLOCK;EUR;4;5062.00000000;2000;EXCHANGE_LAST;;1;1;XEUR;7793482;675;
15.01.2025;16:01:41.357;FESX SI 20250321 CS;SIMPLE_INSTRUMENT;EFP_IDX;EUR;5;5060.00000000;1000;EXCHANGE_LAST;;1;1;XEUR;7793482;675;
15.01.2025;16:14:01.997;FESX SI 20250321 CS;SIMPLE_INSTRUMENT;EFP_IDX;EUR;6;5063.00000000;1000;EXCHANGE_LAST;;1;1;XEUR;7793482;675;
15.01.2025;16:15:57.530;FESX SI 20250321 CS;SIMPLE_INSTRUMENT;BLOCK;EUR;7;5065.00000000;2000;EXCHANGE_LAST;;1;1;XEUR;7793482;675;
15.01.2025;16:20:17.987;FESX SI 20250321 CS;SIMPLE_INSTRUMENT;BLOCK;EUR;8;5065.00000000;2500;EXCHANGE_LAST;;1;1;XEUR;7793482;675;
15.01.2025;16:36:27.525;FESX SI 20250321 CS;SIMPLE_INSTRUMENT;BLOCK;EUR;9;5065.00000000;2500;EXCHANGE_LAST;;1;1;XEUR;7793482;675;
15.01.2025;16:37:59.703;FESX SI 20250321 CS;SIMPLE_INSTRUMENT;EFP_IDX;EUR;10;5065.00000000;1500;EXCHANGE_LAST;;1;1;XEUR;7793482;675;
15.01.2025;16:43:04.239;FESX SI 20250321 CS;SIMPLE_INSTRUMENT;EFP_IDX;EUR;11;5048.00000000;42;EXCHANGE_LAST;;1;1;XEUR;7793482;675;
15.01.2025;16:43:13.240;FESX SI 20250321 CS;SIMPLE_INSTRUMENT;EFP_IDX;EUR;12;5049.00000000;180;EXCHANGE_LAST;;1;1;XEUR;7793482;675;
15.01.2025;16:44:01.261;FESX SI 20250321 CS;SIMPLE_INSTRUMENT;EFP_IDX;EUR;13;5048.00000000;26;EXCHANGE_LAST;;1;1;XEUR;7793482;675;
15.01.2025;16:44:14.386;FESX SI 20250321 CS;SIMPLE_INSTRUMENT;EFP_IDX;EUR;14;5049.00000000;374;EXCHANGE_LAST;;1;1;XEUR;7793482;675;
15.01.2025;16:43:31.241;FESX SI 20250321 CS;SIMPLE_INSTRUMENT;EFP_IDX;EUR;15;5065.00000000;1500;EXCHANGE_LAST;;1;1;XEUR;7793482;675;
15.01.2025;16:43:34.186;FESX SI 20250321 CS;SIMPLE_INSTRUMENT;EFP_IDX;EUR;16;5048.00000000;1138;EXCHANGE_LAST;;1;1;XEUR;7793482;675;
15.01.2025;16:44:12.850;FESX SI 20250321 CS;SIMPLE_INSTRUMENT;EFP_IDX;EUR;17;5049.00000000;512;EXCHANGE_LAST;;1;1;XEUR;7793482;675;
15.01.2025;16:49:39.524;FESX SI 20250321 CS;SIMPLE_INSTRUMENT;EFP_IDX;EUR;18;5048.00000000;315;EXCHANGE_LAST;;1;1;XEUR;7793482;675;
15.01.2025;16:49:45.175;FESX SI 20250321 CS;SIMPLE_INSTRUMENT;EFP_IDX;EUR;19;5049.00000000;685;EXCHANGE_LAST;;1;1;XEUR;7793482;675;
15.01.2025;16:52:19.274;FESX SI 20250321 CS;SIMPLE_INSTRUMENT;EFP_IDX;EUR;20;5048.00000000;285;EXCHANGE_LAST;;1;1;XEUR;7793482;675;
15.01.2025;16:52:00.892;FESX SI 20250321 CS;SIMPLE_INSTRUMENT;EFP_IDX;EUR;21;5049.00000000;1215;EXCHANGE_LAST;;1;1;XEUR;7793482;675;
15.01.2025;16:59:39.645;FESX SI 20250321 CS;SIMPLE_INSTRUMENT;EFP_IDX;EUR;22;5049.00000000;343;EXCHANGE_LAST;;1;1;XEUR;7793482;675;
15.01.2025;16:59:28.187;FESX SI 20250321 CS;SIMPLE_INSTRUMENT;EFP_IDX;EUR;23;5048.00000000;157;EXCHANGE_LAST;;1;1;XEUR;7793482;675;
15.01.2025;16:59:16.616;FESX SI 20250321 CS;SIMPLE_INSTRUMENT;EFP_IDX;EUR;24;5048.00000000;157;EXCHANGE_LAST;;1;1;XEUR;7793482;675;
15.01.2025;16:59:04.959;FESX SI 20250321 CS;SIMPLE_INSTRUMENT;EFP_IDX;EUR;25;5049.00000000;343;EXCHANGE_LAST;;1;1;XEUR;7793482;675;
15.01.2025;17:01:32.306;FESX SI 20250321 CS;SIMPLE_INSTRUMENT;EFP_IDX;EUR;26;5048.00000000;315;EXCHANGE_LAST;;1;1;XEUR;7793482;675;
15.01.2025;17:01:36.753;FESX SI 20250321 CS;SIMPLE_INSTRUMENT;EFP_IDX;EUR;27;5049.00000000;685;EXCHANGE_LAST;;1;1;XEUR;7793482;675;
15.01.2025;16:59:34.057;FESX SI 20250321 CS;SIMPLE_INSTRUMENT;BLOCK;EUR;28;5055.00000000;2000;EXCHANGE_LAST;;1;1;XEUR;7793482;675;
15.01.2025;17:00:53.129;FESX SI 20250321 CS;SIMPLE_INSTRUMENT;BLOCK;EUR;29;5055.00000000;2000;EXCHANGE_LAST;;1;1;XEUR;7793482;675;
15.01.2025;17:00:53.036;FESX SI 20250321 CS;SIMPLE_INSTRUMENT;BLOCK;EUR;30;5055.00000000;2000;EXCHANGE_LAST;;1;1;XEUR;7793482;675;
15.01.2025;17:03:27.729;FESX SI 20250321 CS;SIMPLE_INSTRUMENT;EFP_IDX;EUR;31;5048.00000000;218;EXCHANGE_LAST;;1;1;XEUR;7793482;675;
15.01.2025;17:03:44.120;FESX SI 20250321 CS;SIMPLE_INSTRUMENT;EFP_IDX;EUR;32;5049.00000000;931;EXCHANGE_LAST;;1;1;XEUR;7793482;675;
15.01.2025;09:37:50.295;FESX SI 20250321 CS;SIMPLE_INSTRUMENT;VOLA;EUR;637534227;5007.00000000;485;EXCHANGE_LAST;;1;1;XEUR;7793482;675;
15.01.2025;09:39:52.193;FESX SI 20250321 CS;SIMPLE_INSTRUMENT;VOLA;EUR;637534228;5002.00000000;15;EXCHANGE_LAST;;1;1;XEUR;7793482;675;
15.01.2025;09:40:50.747;FESX SI 20250321 CS;SIMPLE_INSTRUMENT;VOLA;EUR;637534229;5003.00000000;29;EXCHANGE_LAST;;1;1;XEUR;7793482;675;
15.01.2025;10:30:20.036;FESX SI 20250321 CS;SIMPLE_INSTRUMENT;VOLA;EUR;637534247;5005.00000000;10;EXCHANGE_LAST;;1;1;XEUR;7793482;675;
15.01.2025;12:48:09.308;FESX SI 20250321 CS;SIMPLE_INSTRUMENT;VOLA;EUR;637534291;5030.00000000;795;EXCHANGE_LAST;;1;1;XEUR;7793482;675;
15.01.2025;14:38:44.324;FESX SI 20250321 CS;SIMPLE_INSTRUMENT;VOLA;EUR;637534355;5053.00000000;60;EXCHANGE_LAST;;1;1;XEUR;7793482;675;
15.01.2025;14:41:54.157;FESX SI 20250321 CS;SIMPLE_INSTRUMENT;VOLA;EUR;637534357;5053.00000000;43;EXCHANGE_LAST;;1;1;XEUR;7793482;675;
15.01.2025;14:52:31.486;FESX SI 20250321 CS;SIMPLE_INSTRUMENT;VOLA;EUR;637534362;5020.00000000;280;EXCHANGE_LAST;;1;1;XEUR;7793482;675;
15.01.2025;14:56:07.281;FESX SI 20250321 CS;SIMPLE_INSTRUMENT;VOLA;EUR;637534363;5053.00000000;93;EXCHANGE_LAST;;1;1;XEUR;7793482;675;
15.01.2025;15:33:44.919;FESX SI 20250321 CS;SIMPLE_INSTRUMENT;VOLA;EUR;637534379;5055.00000000;10;EXCHANGE_LAST;;1;1;XEUR;7793482;675;
15.01.2025;16:42:09.026;FESX SI 20250321 CS;SIMPLE_INSTRUMENT;VOLA;EUR;637534417;5064.00000000;101;EXCHANGE_LAST;;1;1;XEUR;7793482;675;
15.01.2025;16:43:52.323;FESX SI 20250321 CS;SIMPLE_INSTRUMENT;VOLA;EUR;637534420;5065.00000000;240;EXCHANGE_LAST;;1;1;XEUR;7793482;675;
15.01.2025;08:13:49.349;FEXD SI 20251219 CS;SIMPLE_INSTRUMENT;BLOCK;EUR;1;159.10000000;250;EXCHANGE_LAST;;1;1;XEUR;1548120;693;
15.01.2025;08:13:50.303;FEXD SI 20251219 CS;SIMPLE_INSTRUMENT;BLOCK;EUR;2;159.30000000;750;EXCHANGE_LAST;;1;1;XEUR;1548120;693;
15.01.2025;09:20:00.216;FEXD SI 20251219 CS;SIMPLE_INSTRUMENT;BLOCK;EUR;3;158.60000000;1000;EXCHANGE_LAST;;1;1;XEUR;1548120;693;
15.01.2025;10:56:30.423;FEXD SI 20251219 CS;SIMPLE_INSTRUMENT;BLOCK;EUR;15;158.70000000;100;EXCHANGE_LAST;;1;1;XEUR;1548120;693;
15.01.2025;15:16:42.387;FEXD.S.DEC28.DEC30.SPD;FUTURES_SPREAD;BLOCK;EUR;34;7.60000000;100;EXCHANGE_LAST;;1;1;XEUR;72060570450264202;693;
15.01.2025;15:16:42.387;FEXD SI 20301220 CS;SIMPLE_INSTRUMENT;BLOCK;EUR;34;137.10000000;100;PRC_DECOMP_EXCHANGE;;;;XEUR;5914108;693;EXCHANGE
15.01.2025;15:16:42.387;FEXD SI 20281215 CS;SIMPLE_INSTRUMENT;BLOCK;EUR;34;144.70000000;100;PRC_DECOMP_EXCHANGE;;;;XEUR;3680985;693;EXCHANGE
15.01.2025;15:32:03.537;FEXD.S.DEC25.DEC27.SPD;FUTURES_SPREAD;BLOCK;EUR;35;9.30000000;200;EXCHANGE_LAST;;1;1;XEUR;72060570450264152;693;
15.01.2025;15:32:03.537;FEXD SI 20251219 CS;SIMPLE_INSTRUMENT;BLOCK;EUR;35;159.10000000;200;PRC_DECOMP_EXCHANGE;;;;XEUR;1548120;693;EXCHANGE
15.01.2025;15:32:03.537;FEXD SI 20271217 CS;SIMPLE_INSTRUMENT;BLOCK;EUR;35;149.80000000;200;PRC_DECOMP_EXCHANGE;;;;XEUR;2848338;693;EXCHANGE
15.01.2025;15:46:30.408;FEXD SI 20281215 CS;SIMPLE_INSTRUMENT;BLOCK;EUR;36;144.90000000;600;EXCHANGE_LAST;;1;1;XEUR;3680985;693;
15.01.2025;15:47:09.480;FEXD SI 20291221 CS;SIMPLE_INSTRUMENT;BLOCK;EUR;37;141.20000000;1200;EXCHANGE_LAST;;1;1;XEUR;4631968;693;
15.01.2025;15:47:32.963;FEXD SI 20301220 CS;SIMPLE_INSTRUMENT;BLOCK;EUR;38;137.70000000;300;EXCHANGE_LAST;;1;1;XEUR;5914108;693;
15.01.2025;15:47:58.145;FEXD SI 20301220 CS;SIMPLE_INSTRUMENT;BLOCK;EUR;39;137.60000000;300;EXCHANGE_LAST;;1;1;XEUR;5914108;693;
15.01.2025;13:36:04.969;FEXD SI 20261218 CS;SIMPLE_INSTRUMENT;VOLA;EUR;301989898;154.70000000;83;EXCHANGE_LAST;;1;1;XEUR;2163053;693;
15.01.2025;10:26:57.960;FEXF SI 20250321 CS;SIMPLE_INSTRUMENT;BLOCK;EUR;13;2690.50000000;370;EXCHANGE_LAST;;1;1;XEUR;11359735;694;
15.01.2025;07:46:43.336;FGBL SI 20250306 PS;SIMPLE_INSTRUMENT;EFS;EUR;1;130.61000000;415;EXCHANGE_LAST;;1;1;XEUR;11286679;688;
15.01.2025;07:50:44.754;FGBL SI 20250306 PS;SIMPLE_INSTRUMENT;EFS;EUR;2;130.61000000;415;EXCHANGE_LAST;;1;1;XEUR;11286679;688;
15.01.2025;07:52:03.506;FGBL SI 20250306 PS;SIMPLE_INSTRUMENT;EFS;EUR;3;130.66000000;198;EXCHANGE_LAST;;1;1;XEUR;11286679;688;
15.01.2025;07:55:20.142;FGBL SI 20250306 PS;SIMPLE_INSTRUMENT;EFS;EUR;4;130.66000000;233;EXCHANGE_LAST;;1;1;XEUR;11286679;688;
15.01.2025;07:56:18.262;FGBL SI 20250306 PS;SIMPLE_INSTRUMENT;EFS;EUR;5;130.66000000;249;EXCHANGE_LAST;;1;1;XEUR;11286679;688;
15.01.2025;08:08:32.918;FGBL SI 20250306 PS;SIMPLE_INSTRUMENT;EFS;EUR;6;130.66000000;416;EXCHANGE_LAST;;1;1;XEUR;11286679;688;
15.01.2025;08:24:03.954;FGBL SI 20250306 PS;SIMPLE_INSTRUMENT;EFS;EUR;8;130.66000000;718;EXCHANGE_LAST;;1;1;XEUR;11286679;688;
15.01.2025;08:26:53.013;FGBL SI 20250306 PS;SIMPLE_INSTRUMENT;EFS;EUR;9;130.63000000;415;EXCHANGE_LAST;;1;1;XEUR;11286679;688;
15.01.2025;08:27:30.450;FGBL SI 20250306 PS;SIMPLE_INSTRUMENT;EFS;EUR;10;130.64000000;208;EXCHANGE_LAST;;1;1;XEUR;11286679;688;
15.01.2025;08:28:25.918;FGBL SI 20250306 PS;SIMPLE_INSTRUMENT;EFS;EUR;11;130.65000000;232;EXCHANGE_LAST;;1;1;XEUR;11286679;688;
15.01.2025;08:28:37.920;FGBL SI 20250306 PS;SIMPLE_INSTRUMENT;EFS;EUR;12;130.65000000;232;EXCHANGE_LAST;;1;1;XEUR;11286679;688;
15.01.2025;08:32:41.220;FGBL SI 20250306 PS;SIMPLE_INSTRUMENT;EFP_FIN;EUR;13;130.64000000;473;EXCHANGE_LAST;;1;1;XEUR;11286679;688;
15.01.2025;08:42:42.224;FGBL SI 20250306 PS;SIMPLE_INSTRUMENT;EFP_FIN;EUR;14;130.60000000;473;EXCHANGE_LAST;;1;1;XEUR;11286679;688;
15.01.2025;08:43:12.789;FGBL SI 20250306 PS;SIMPLE_INSTRUMENT;EFS;EUR;15;130.65000000;718;EXCHANGE_LAST;;1;1;XEUR;11286679;688;
15.01.2025;08:48:22.638;FGBL SI 20250306 PS;SIMPLE_INSTRUMENT;EFS;EUR;16;130.61000000;480;EXCHANGE_LAST;;1;1;XEUR;11286679;688;
15.01.2025;08:50:10.676;FGBL SI 20250306 PS;SIMPLE_INSTRUMENT;EFS;EUR;17;130.59000000;416;EXCHANGE_LAST;;1;1;XEUR;11286679;688;
15.01.2025;08:50:16.682;FGBL SI 20250306 PS;SIMPLE_INSTRUMENT;EFS;EUR;18;130.62000000;250;EXCHANGE_LAST;;1;1;XEUR;11286679;688;
15.01.2025;08:53:21.858;FGBL SI 20250306 PS;SIMPLE_INSTRUMENT;EFS;EUR;19;130.60000000;832;EXCHANGE_LAST;;1;1;XEUR;11286679;688;
15.01.2025;09:02:47.254;FGBL SI 20250306 PS;SIMPLE_INSTRUMENT;EFS;EUR;20;130.61000000;478;EXCHANGE_LAST;;1;1;XEUR;11286679;688;
15.01.2025;09:14:24.108;FGBL SI 20250306 PS;SIMPLE_INSTRUMENT;EFS;EUR;21;130.60000000;465;EXCHANGE_LAST;;1;1;XEUR;11286679;688;
15.01.2025;09:14:57.666;FGBL SI 20250306 PS;SIMPLE_INSTRUMENT;EFS;EUR;22;130.66000000;416;EXCHANGE_LAST;;1;1;XEUR;11286679;688;
15.01.2025;09:17:51.261;FGBL SI 20250306 PS;SIMPLE_INSTRUMENT;EFS;EUR;23;130.62000000;415;EXCHANGE_LAST;;1;1;XEUR;11286679;688;
15.01.2025;09:22:34.462;FGBL SI 20250306 PS;SIMPLE_INSTRUMENT;EFS;EUR;24;130.59000000;931;EXCHANGE_LAST;;1;1;XEUR;11286679;688;
15.01.2025;09:28:20.979;FGBL SI 20250306 PS;SIMPLE_INSTRUMENT;EFP_FIN;EUR;25;130.64000000;677;EXCHANGE_LAST;;1;1;XEUR;11286679;688;
15.01.2025;09:30:18.086;FGBL SI 20250306 PS;SIMPLE_INSTRUMENT;EFS;EUR;26;130.65000000;465;EXCHANGE_LAST;;1;1;XEUR;11286679;688;
15.01.2025;09:34:12.023;FGBL SI 20250306 PS;SIMPLE_INSTRUMENT;EFP_FIN;EUR;27;130.61000000;476;EXCHANGE_LAST;;1;1;XEUR;11286679;688;
15.01.2025;09:48:04.453;FGBL SI 20250306 PS;SIMPLE_INSTRUMENT;EFP_FIN;EUR;28;130.64000000;469;EXCHANGE_LAST;;1;1;XEUR;11286679;688;
15.01.2025;09:49:06.859;FGBL SI 20250306 PS;SIMPLE_INSTRUMENT;EFP_FIN;EUR;29;130.64000000;198;EXCHANGE_LAST;;1;1;XEUR;11286679;688;
15.01.2025;09:49:11.860;FGBL SI 20250306 PS;SIMPLE_INSTRUMENT;EFP_FIN;EUR;30;130.64000000;198;EXCHANGE_LAST;;1;1;XEUR;11286679;688;
15.01.2025;09:50:17.420;FGBL SI 20250306 PS;SIMPLE_INSTRUMENT;EFS;EUR;31;130.67000000;416;EXCHANGE_LAST;;1;1;XEUR;11286679;688;
15.01.2025;09:50:37.436;FGBL SI 20250306 PS;SIMPLE_INSTRUMENT;EFS;EUR;32;130.67000000;416;EXCHANGE_LAST;;1;1;XEUR;11286679;688;
15.01.2025;09:51:32.499;FGBL SI 20250306 PS;SIMPLE_INSTRUMENT;EFS;EUR;33;130.67000000;416;EXCHANGE_LAST;;1;1;XEUR;11286679;688;
15.01.2025;09:52:27.554;FGBL SI 20250306 PS;SIMPLE_INSTRUMENT;EFS;EUR;34;130.67000000;416;EXCHANGE_LAST;;1;1;XEUR;11286679;688;
15.01.2025;09:52:44.157;FGBL SI 20250306 PS;SIMPLE_INSTRUMENT;EFS;EUR;35;130.66000000;233;EXCHANGE_LAST;;1;1;XEUR;11286679;688;
15.01.2025;09:53:32.601;FGBL SI 20250306 PS;SIMPLE_INSTRUMENT;EFS;EUR;36;130.67000000;416;EXCHANGE_LAST;;1;1;XEUR;11286679;688;
15.01.2025;09:53:39.456;FGBL SI 20250306 PS;SIMPLE_INSTRUMENT;EFS;EUR;37;130.67000000;208;EXCHANGE_LAST;;1;1;XEUR;11286679;688;
15.01.2025;09:55:12.670;FGBL SI 20250306 PS;SIMPLE_INSTRUMENT;EFS;EUR;38;130.67000000;208;EXCHANGE_LAST;;1;1;XEUR;11286679;688;
15.01.2025;09:56:55.001;FGBL SI 20250306 PS;SIMPLE_INSTRUMENT;EFP_FIN;EUR;39;130.62000000;156;EXCHANGE_LAST;;1;1;XEUR;11286679;688;
15.01.2025;10:05:50.189;FGBL SI 20250306 PS;SIMPLE_INSTRUMENT;EFS;EUR;40;130.57000000;416;EXCHANGE_LAST;;1;1;XEUR;11286679;688;
15.01.2025;10:07:47.285;FGBL SI 20250306 PS;SIMPLE_INSTRUMENT;EFS;EUR;41;130.54000000;208;EXCHANGE_LAST;;1;1;XEUR;11286679;688;
15.01.2025;10:10:00.745;FGBL SI 20250306 PS;SIMPLE_INSTRUMENT;EFP_FIN;EUR;42;130.62000000;142;EXCHANGE_LAST;;1;1;XEUR;11286679;688;
15.01.2025;10:11:09.144;FGBL SI 20250306 PS;SIMPLE_INSTRUMENT;EFS;EUR;43;130.53000000;220;EXCHANGE_LAST;;1;1;XEUR;11286679;688;
15.01.2025;10:13:35.093;FGBL SI 20250306 PS;SIMPLE_INSTRUMENT;EFS;EUR;44;130.59000000;266;EXCHANGE_LAST;;1;1;XEUR;11286679;688;
15.01.2025;10:19:04.654;FGBL SI 20250306 PS;SIMPLE_INSTRUMENT;EFS;EUR;45;130.57000000;416;EXCHANGE_LAST;;1;1;XEUR;11286679;688;
15.01.2025;10:19:13.662;FGBL SI 20250306 PS;SIMPLE_INSTRUMENT;EFS;EUR;46;130.61000000;416;EXCHANGE_LAST;;1;1;XEUR;11286679;688;
15.01.2025;10:25:31.507;FGBL SI 20250306 PS;SIMPLE_INSTRUMENT;EFP_FIN;EUR;47;130.65000000;357;EXCHANGE_LAST;;1;1;XEUR;11286679;688;
15.01.2025;10:34:50.448;FGBL SI 20250306 PS;SIMPLE_INSTRUMENT;EFS;EUR;48;130.59000000;416;EXCHANGE_LAST;;1;1;XEUR;11286679;688;
15.01.2025;10:35:30.486;FGBL SI 20250306 PS;SIMPLE_INSTRUMENT;EFS;EUR;49;130.63000000;416;EXCHANGE_LAST;;1;1;XEUR;11286679;688;
15.01.2025;10:35:40.504;FGBL SI 20250306 PS;SIMPLE_INSTRUMENT;EFS;EUR;50;130.60000000;832;EXCHANGE_LAST;;1;1;XEUR;11286679;688;
15.01.2025;10:35:40.549;FGBL SI 20250306 PS;SIMPLE_INSTRUMENT;EFS;EUR;51;130.66000000;416;EXCHANGE_LAST;;1;1;XEUR;11286679;688;
15.01.2025;10:40:26.709;FGBL SI 20250306 PS;SIMPLE_INSTRUMENT;EFS;EUR;52;130.63000000;208;EXCHANGE_LAST;;1;1;XEUR;11286679;688;
15.01.2025;10:40:33.697;FGBL SI 20250306 PS;SIMPLE_INSTRUMENT;EFP_FIN;EUR;53;130.64000000;638;EXCHANGE_LAST;;1;1;XEUR;11286679;688;
15.01.2025;10:40:52.281;FGBL SI 20250306 PS;SIMPLE_INSTRUMENT;EFP_FIN;EUR;54;130.58000000;396;EXCHANGE_LAST;;1;1;XEUR;11286679;688;
15.01.2025;10:41:10.563;FGBL SI 20250306 PS;SIMPLE_INSTRUMENT;EFS;EUR;55;130.67000000;208;EXCHANGE_LAST;;1;1;XEUR;11286679;688;
15.01.2025;10:47:22.023;FGBL SI 20250306 PS;SIMPLE_INSTRUMENT;EFS;EUR;56;130.63000000;416;EXCHANGE_LAST;;1;1;XEUR;11286679;688;
15.01.2025;10:47:27.029;FGBL SI 20250306 PS;SIMPLE_INSTRUMENT;EFS;EUR;57;130.63000000;416;EXCHANGE_LAST;;1;1;XEUR;11286679;688;
15.01.2025;10:54:53.919;FGBL SI 20250306 PS;SIMPLE_INSTRUMENT;EFP_FIN;EUR;58;130.63000000;182;EXCHANGE_LAST;;1;1;XEUR;11286679;688;
15.01.2025;10:59:27.630;FGBL SI 20250306 PS;SIMPLE_INSTRUMENT;EFS;EUR;59;130.64000000;416;EXCHANGE_LAST;;1;1;XEUR;11286679;688;
15.01.2025;11:01:25.641;FGBL SI 20250306 PS;SIMPLE_INSTRUMENT;EFS;EUR;60;130.64000000;76;EXCHANGE_LAST;;1;1;XEUR;11286679;688;
15.01.2025;11:03:02.791;FGBL SI 20250306 PS;SIMPLE_INSTRUMENT;EFS;EUR;61;130.64000000;380;EXCHANGE_LAST;;1;1;XEUR;11286679;688;
15.01.2025;11:04:42.745;FGBL SI 20250306 PS;SIMPLE_INSTRUMENT;EFS;EUR;62;130.67000000;114;EXCHANGE_LAST;;1;1;XEUR;11286679;688;
15.01.2025;11:15:05.660;FGBL SI 20250306 PS;SIMPLE_INSTRUMENT;EFS;EUR;63;130.67000000;415;EXCHANGE_LAST;;1;1;XEUR;11286679;688;
15.01.2025;11:16:28.445;FGBL SI 20250306 PS;SIMPLE_INSTRUMENT;EFS;EUR;64;130.65000000;1000;EXCHANGE_LAST;;1;1;XEUR;11286679;688;
15.01.2025;11:16:56.156;FGBL SI 20250306 PS;SIMPLE_INSTRUMENT;EFS;EUR;65;130.67000000;325;EXCHANGE_LAST;;1;1;XEUR;11286679;688;
15.01.2025;11:18:24.405;FGBL SI 20250306 PS;SIMPLE_INSTRUMENT;EFP_FIN;EUR;66;130.68000000;720;EXCHANGE_LAST;;1;1;XEUR;11286679;688;
15.01.2025;11:18:26.637;FGBL SI 20250306 PS;SIMPLE_INSTRUMENT;EFS;EUR;67;130.64000000;416;EXCHANGE_LAST;;1;1;XEUR;11286679;688;
15.01.2025;11:20:15.202;FGBL SI 20250306 PS;SIMPLE_INSTRUMENT;EFS;EUR;68;130.68000000;240;EXCHANGE_LAST;;1;1;XEUR;11286679;688;
15.01.2025;11:21:16.805;FGBL SI 20250306 PS;SIMPLE_INSTRUMENT;EFS;EUR;69;130.65000000;140;EXCHANGE_LAST;;1;1;XEUR;11286679;688;
15.01.2025;11:25:47.435;FGBL SI 20250306 PS;SIMPLE_INSTRUMENT;EFS;EUR;70;130.66000000;416;EXCHANGE_LAST;;1;1;XEUR;11286679;688;
15.01.2025;11:28:15.900;FGBL SI 20250306 PS;SIMPLE_INSTRUMENT;EFS;EUR;71;130.65000000;209;EXCHANGE_LAST;;1;1;XEUR;11286679;688;
15.01.2025;11:31:49.250;FGBL SI 20250306 PS;SIMPLE_INSTRUMENT;EFS;EUR;72;130.64000000;958;EXCHANGE_LAST;;1;1;XEUR;11286679;688;
15.01.2025;11:35:20.917;FGBL SI 20250306 PS;SIMPLE_INSTRUMENT;EFS;EUR;73;130.65000000;416;EXCHANGE_LAST;;1;1;XEUR;11286679;688;
15.01.2025;11:36:24.743;FGBL SI 20250306 PS;SIMPLE_INSTRUMENT;EFS;EUR;74;130.64000000;718;EXCHANGE_LAST;;1;1;XEUR;11286679;688;
15.01.2025;11:41:26.254;FGBL SI 20250306 PS;SIMPLE_INSTRUMENT;EFS;EUR;75;130.64000000;414;EXCHANGE_LAST;;1;1;XEUR;11286679;688;
15.01.2025;11:52:30.531;FGBL SI 20250306 PS;SIMPLE_INSTRUMENT;EFS;EUR;76;130.68000000;383;EXCHANGE_LAST;;1;1;XEUR;11286679;688;
15.01.2025;11:57:37.981;FGBL SI 20250306 PS;SIMPLE_INSTRUMENT;EFS;EUR;77;130.67000000;144;EXCHANGE_LAST;;1;1;XEUR;11286679;688;
15.01.2025;11:57:41.299;FGBL SI 20250306 PS;SIMPLE_INSTRUMENT;EFP_FIN;EUR;78;130.64000000;743;EXCHANGE_LAST;;1;1;XEUR;11286679;688;
15.01.2025;11:58:29.007;FGBL SI 20250306 PS;SIMPLE_INSTRUMENT;EFS;EUR;79;130.67000000;479;EXCHANGE_LAST;;1;1;XEUR;11286679;688;
15.01.2025;12:03:53.052;FGBL SI 20250306 PS;SIMPLE_INSTRUMENT;EFS;EUR;80;130.68000000;416;EXCHANGE_LAST;;1;1;XEUR;11286679;688;
15.01.2025;12:09:07.694;FGBL SI 20250306 PS;SIMPLE_INSTRUMENT;EFS;EUR;81;130.66000000;478;EXCHANGE_LAST;;1;1;XEUR;11286679;688;
15.01.2025;12:07:48.243;FGBL SI 20250306 PS;SIMPLE_INSTRUMENT;EFS;EUR;82;130.68000000;416;EXCHANGE_LAST;;1;1;XEUR;11286679;688;
15.01.2025;12:09:08.302;FGBL SI 20250306 PS;SIMPLE_INSTRUMENT;EFS;EUR;83;130.67000000;416;EXCHANGE_LAST;;1;1;XEUR;11286679;688;
15.01.2025;12:09:13.308;FGBL SI 20250306 PS;SIMPLE_INSTRUMENT;EFS;EUR;84;130.65000000;416;EXCHANGE_LAST;;1;1;XEUR;11286679;688;
15.01.2025;12:10:57.190;FGBL SI 20250306 PS;SIMPLE_INSTRUMENT;EFS;EUR;85;130.65000000;479;EXCHANGE_LAST;;1;1;XEUR;11286679;688;
15.01.2025;12:11:42.201;FGBL SI 20250306 PS;SIMPLE_INSTRUMENT;EFP_FIN;EUR;86;130.69000000;125;EXCHANGE_LAST;;1;1;XEUR;11286679;688;
15.01.2025;12:14:00.503;FGBL SI 20250306 PS;SIMPLE_INSTRUMENT;EFS;EUR;87;130.65000000;624;EXCHANGE_LAST;;1;1;XEUR;11286679;688;
15.01.2025;12:14:46.947;FGBL SI 20250306 PS;SIMPLE_INSTRUMENT;EFS;EUR;88;130.67000000;416;EXCHANGE_LAST;;1;1;XEUR;11286679;688;
15.01.2025;12:14:55.909;FGBL SI 20250306 PS;SIMPLE_INSTRUMENT;EFS;EUR;89;130.65000000;416;EXCHANGE_LAST;;1;1;XEUR;11286679;688;
15.01.2025;12:16:05.437;FGBL SI 20250306 PS;SIMPLE_INSTRUMENT;EFS;EUR;90;130.65000000;208;EXCHANGE_LAST;;1;1;XEUR;11286679;688;
15.01.2025;12:19:41.906;FGBL SI 20250306 PS;SIMPLE_INSTRUMENT;EFP_FIN;EUR;91;130.66000000;134;EXCHANGE_LAST;;1;1;XEUR;11286679;688;
15.01.2025;12:20:27.112;FGBL SI 20250306 PS;SIMPLE_INSTRUMENT;EFP_FIN;EUR;92;130.65000000;97;EXCHANGE_LAST;;1;1;XEUR;11286679;688;
15.01.2025;12:25:54.226;FGBL SI 20250306 PS;SIMPLE_INSTRUMENT;EFS;EUR;93;130.66000000;958;EXCHANGE_LAST;;1;1;XEUR;11286679;688;
15.01.2025;12:33:06.843;FGBL SI 20250306 PS;SIMPLE_INSTRUMENT;EFS;EUR;94;130.68000000;929;EXCHANGE_LAST;;1;1;XEUR;11286679;688;
15.01.2025;12:34:32.866;FGBL SI 20250306 PS;SIMPLE_INSTRUMENT;EFS;EUR;95;130.66000000;232;EXCHANGE_LAST;;1;1;XEUR;11286679;688;
15.01.2025;12:45:28.782;FGBL SI 20250306 PS;SIMPLE_INSTRUMENT;EFP_FIN;EUR;96;130.68000000;743;EXCHANGE_LAST;;1;1;XEUR;11286679;688;
15.01.2025;12:53:37.560;FGBL SI 20250306 PS;SIMPLE_INSTRUMENT;EFP_FIN;EUR;97;130.70000000;183;EXCHANGE_LAST;;1;1;XEUR;11286679;688;
15.01.2025;12:58:56.663;FGBL SI 20250306 PS;SIMPLE_INSTRUMENT;EFS;EUR;98;130.69000000;416;EXCHANGE_LAST;;1;1;XEUR;11286679;688;
15.01.2025;13:01:44.769;FGBL SI 20250306 PS;SIMPLE_INSTRUMENT;EFS;EUR;99;130.70000000;239;EXCHANGE_LAST;;1;1;XEUR;11286679;688;
15.01.2025;13:09:09.815;FGBL SI 20250306 PS;SIMPLE_INSTRUMENT;EFS;EUR;100;130.72000000;416;EXCHANGE_LAST;;1;1;XEUR;11286679;688;
15.01.2025;13:09:32.453;FGBL SI 20250306 PS;SIMPLE_INSTRUMENT;EFS;EUR;101;130.69000000;1275;EXCHANGE_LAST;;1;1;XEUR;11286679;688;
15.01.2025;13:13:14.976;FGBL SI 20250306 PS;SIMPLE_INSTRUMENT;EFS;EUR;102;130.72000000;416;EXCHANGE_LAST;;1;1;XEUR;11286679;688;
15.01.2025;13:13:50.881;FGBL SI 20250306 PS;SIMPLE_INSTRUMENT;EFS;EUR;103;130.73000000;415;EXCHANGE_LAST;;1;1;XEUR;11286679;688;
15.01.2025;13:14:02.022;FGBL SI 20250306 PS;SIMPLE_INSTRUMENT;EFP_FIN;EUR;104;130.72000000;394;EXCHANGE_LAST;;1;1;XEUR;11286679;688;
15.01.2025;13:16:26.902;FGBL SI 20250306 PS;SIMPLE_INSTRUMENT;EFS;EUR;105;130.72000000;479;EXCHANGE_LAST;;1;1;XEUR;11286679;688;
15.01.2025;13:24:31.911;FGBL SI 20250306 PS;SIMPLE_INSTRUMENT;EFS;EUR;106;130.70000000;479;EXCHANGE_LAST;;1;1;XEUR;11286679;688;
15.01.2025;13:25:12.623;FGBL SI 20250306 PS;SIMPLE_INSTRUMENT;EFS;EUR;107;130.74000000;232;EXCHANGE_LAST;;1;1;XEUR;11286679;688;
15.01.2025;13:27:08.431;FGBL SI 20250306 PS;SIMPLE_INSTRUMENT;EFS;EUR;108;130.69000000;1279;EXCHANGE_LAST;;1;1;XEUR;11286679;688;
15.01.2025;13:31:55.314;FGBL SI 20250306 PS;SIMPLE_INSTRUMENT;EFS;EUR;109;130.73000000;415;EXCHANGE_LAST;;1;1;XEUR;11286679;688;
15.01.2025;13:33:54.295;FGBL SI 20250306 PS;SIMPLE_INSTRUMENT;EFS;EUR;110;130.96000000;415;EXCHANGE_LAST;;1;1;XEUR;11286679;688;
15.01.2025;13:35:24.961;FGBL SI 20250306 PS;SIMPLE_INSTRUMENT;EFP_FIN;EUR;111;130.72000000;377;EXCHANGE_LAST;;1;1;XEUR;11286679;688;
15.01.2025;13:46:40.783;FGBL SI 20250306 PS;SIMPLE_INSTRUMENT;EFS;EUR;112;131.11000000;207;EXCHANGE_LAST;;1;1;XEUR;11286679;688;
15.01.2025;13:48:08.490;FGBL SI 20250306 PS;SIMPLE_INSTRUMENT;EFS;EUR;113;131.11000000;238;EXCHANGE_LAST;;1;1;XEUR;11286679;688;
15.01.2025;13:50:55.036;FGBL SI 20250306 PS;SIMPLE_INSTRUMENT;EFS;EUR;114;131.11000000;124;EXCHANGE_LAST;;1;1;XEUR;11286679;688;
15.01.2025;13:52:20.777;FGBL SI 20250306 PS;SIMPLE_INSTRUMENT;EFS;EUR;115;131.14000000;290;EXCHANGE_LAST;;1;1;XEUR;11286679;688;
15.01.2025;13:53:14.630;FGBL SI 20250306 PS;SIMPLE_INSTRUMENT;EFS;EUR;116;131.09000000;465;EXCHANGE_LAST;;1;1;XEUR;11286679;688;
15.01.2025;13:53:19.418;FGBL SI 20250306 PS;SIMPLE_INSTRUMENT;EFS;EUR;117;131.14000000;124;EXCHANGE_LAST;;1;1;XEUR;11286679;688;
15.01.2025;13:55:01.738;FGBL SI 20250306 PS;SIMPLE_INSTRUMENT;EFS;EUR;118;131.13000000;415;EXCHANGE_LAST;;1;1;XEUR;11286679;688;
15.01.2025;13:56:56.602;FGBL SI 20250306 PS;SIMPLE_INSTRUMENT;EFS;EUR;119;131.22000000;207;EXCHANGE_LAST;;1;1;XEUR;11286679;688;
15.01.2025;13:57:55.879;FGBL SI 20250306 PS;SIMPLE_INSTRUMENT;EFS;EUR;120;131.18000000;207;EXCHANGE_LAST;;1;1;XEUR;11286679;688;
15.01.2025;13:59:21.273;FGBL SI 20250306 PS;SIMPLE_INSTRUMENT;EFS;EUR;121;131.21000000;415;EXCHANGE_LAST;;1;1;XEUR;11286679;688;
15.01.2025;14:00:57.193;FGBL SI 20250306 PS;SIMPLE_INSTRUMENT;EFS;EUR;122;131.24000000;414;EXCHANGE_LAST;;1;1;XEUR;11286679;688;
15.01.2025;14:01:50.659;FGBL SI 20250306 PS;SIMPLE_INSTRUMENT;EFS;EUR;123;131.33000000;460;EXCHANGE_LAST;;1;1;XEUR;11286679;688;
15.01.2025;14:04:52.449;FGBL SI 20250306 PS;SIMPLE_INSTRUMENT;EFS;EUR;124;131.15000000;150;EXCHANGE_LAST;;1;1;XEUR;11286679;688;
15.01.2025;14:04:54.068;FGBL SI 20250306 PS;SIMPLE_INSTRUMENT;EFS;EUR;125;131.30000000;414;EXCHANGE_LAST;;1;1;XEUR;11286679;688;
15.01.2025;14:08:30.330;FGBL SI 20250306 PS;SIMPLE_INSTRUMENT;EFS;EUR;126;131.26000000;1307;EXCHANGE_LAST;;1;1;XEUR;11286679;688;
15.01.2025;14:12:05.460;FGBL SI 20250306 PS;SIMPLE_INSTRUMENT;EFS;EUR;127;131.42000000;415;EXCHANGE_LAST;;1;1;XEUR;11286679;688;
15.01.2025;14:17:46.710;FGBL SI 20250306 PS;SIMPLE_INSTRUMENT;EFP_FIN;EUR;128;131.42000000;944;EXCHANGE_LAST;;1;1;XEUR;11286679;688;
15.01.2025;14:20:05.252;FGBL SI 20250306 PS;SIMPLE_INSTRUMENT;EFS;EUR;129;131.27000000;461;EXCHANGE_LAST;;1;1;XEUR;11286679;688;
15.01.2025;14:24:28.729;FGBL SI 20250306 PS;SIMPLE_INSTRUMENT;EFP_FIN;EUR;130;131.43000000;235;EXCHANGE_LAST;;1;1;XEUR;11286679;688;
15.01.2025;14:25:14.871;FGBL SI 20250306 PS;SIMPLE_INSTRUMENT;EFS;EUR;131;131.43000000;414;EXCHANGE_LAST;;1;1;XEUR;11286679;688;
15.01.2025;14:25:55.427;FGBL SI 20250306 PS;SIMPLE_INSTRUMENT;EFS;EUR;132;131.43000000;480;EXCHANGE_LAST;;1;1;XEUR;11286679;688;
15.01.2025;14:26:48.489;FGBL SI 20250306 PS;SIMPLE_INSTRUMENT;EFS;EUR;133;131.43000000;99;EXCHANGE_LAST;;1;1;XEUR;11286679;688;
15.01.2025;14:37:32.966;FGBL SI 20250306 PS;SIMPLE_INSTRUMENT;EFS;EUR;134;131.43000000;415;EXCHANGE_LAST;;1;1;XEUR;11286679;688;
15.01.2025;14:37:46.959;FGBL SI 20250306 PS;SIMPLE_INSTRUMENT;EFP_FIN;EUR;135;131.49000000;153;EXCHANGE_LAST;;1;1;XEUR;11286679;688;
15.01.2025;14:40:26.694;FGBL SI 20250306 PS;SIMPLE_INSTRUMENT;EFP_FIN;EUR;136;131.44000000;120;EXCHANGE_LAST;;1;1;XEUR;11286679;688;
15.01.2025;14:41:58.908;FGBL SI 20250306 PS;SIMPLE_INSTRUMENT;EFS;EUR;137;131.44000000;414;EXCHANGE_LAST;;1;1;XEUR;11286679;688;
15.01.2025;14:42:19.163;FGBL SI 20250306 PS;SIMPLE_INSTRUMENT;EFS;EUR;138;131.42000000;415;EXCHANGE_LAST;;1;1;XEUR;11286679;688;
15.01.2025;14:42:34.178;FGBL SI 20250306 PS;SIMPLE_INSTRUMENT;EFS;EUR;139;131.42000000;415;EXCHANGE_LAST;;1;1;XEUR;11286679;688;
15.01.2025;14:44:17.641;FGBL SI 20250306 PS;SIMPLE_INSTRUMENT;EFS;EUR;140;131.43000000;1385;EXCHANGE_LAST;;1;1;XEUR;11286679;688;
15.01.2025;14:44:35.388;FGBL SI 20250306 PS;SIMPLE_INSTRUMENT;EFS;EUR;141;131.42000000;207;EXCHANGE_LAST;;1;1;XEUR;11286679;688;
15.01.2025;14:45:24.634;FGBL SI 20250306 PS;SIMPLE_INSTRUMENT;EFS;EUR;142;131.42000000;460;EXCHANGE_LAST;;1;1;XEUR;11286679;688;
15.01.2025;14:46:10.800;FGBL SI 20250306 PS;SIMPLE_INSTRUMENT;EFS;EUR;143;131.42000000;1632;EXCHANGE_LAST;;1;1;XEUR;11286679;688;
15.01.2025;14:47:54.072;FGBL SI 20250306 PS;SIMPLE_INSTRUMENT;EFP_FIN;EUR;144;131.43000000;465;EXCHANGE_LAST;;1;1;XEUR;11286679;688;
15.01.2025;14:48:10.387;FGBL SI 20250306 PS;SIMPLE_INSTRUMENT;EFS;EUR;145;131.43000000;414;EXCHANGE_LAST;;1;1;XEUR;11286679;688;
15.01.2025;14:52:09.556;FGBL SI 20250306 PS;SIMPLE_INSTRUMENT;EFS;EUR;146;131.42000000;622;EXCHANGE_LAST;;1;1;XEUR;11286679;688;
15.01.2025;14:53:54.628;FGBL SI 20250306 PS;SIMPLE_INSTRUMENT;EFS;EUR;147;131.40000000;415;EXCHANGE_LAST;;1;1;XEUR;11286679;688;
15.01.2025;14:54:46.661;FGBL SI 20250306 PS;SIMPLE_INSTRUMENT;EFP_FIN;EUR;148;131.43000000;938;EXCHANGE_LAST;;1;1;XEUR;11286679;688;
15.01.2025;14:59:27.337;FGBL SI 20250306 PS;SIMPLE_INSTRUMENT;EFS;EUR;149;131.40000000;248;EXCHANGE_LAST;;1;1;XEUR;11286679;688;
15.01.2025;15:01:19.400;FGBL SI 20250306 PS;SIMPLE_INSTRUMENT;EFP_FIN;EUR;150;131.40000000;1902;EXCHANGE_LAST;;1;1;XEUR;11286679;688;
15.01.2025;15:03:33.368;FGBL SI 20250306 PS;SIMPLE_INSTRUMENT;EFS;EUR;151;131.44000000;476;EXCHANGE_LAST;;1;1;XEUR;11286679;688;
15.01.2025;15:04:32.818;FGBL SI 20250306 PS;SIMPLE_INSTRUMENT;EFS;EUR;152;131.43000000;414;EXCHANGE_LAST;;1;1;XEUR;11286679;688;
15.01.2025;15:08:17.719;FGBL SI 20250306 PS;SIMPLE_INSTRUMENT;EFS;EUR;153;131.44000000;828;EXCHANGE_LAST;;1;1;XEUR;11286679;688;
15.01.2025;15:11:41.309;FGBL SI 20250306 PS;SIMPLE_INSTRUMENT;EFS;EUR;154;131.43000000;415;EXCHANGE_LAST;;1;1;XEUR;11286679;688;
15.01.2025;15:15:40.986;FGBL SI 20250306 PS;SIMPLE_INSTRUMENT;EFS;EUR;155;131.45000000;414;EXCHANGE_LAST;;1;1;XEUR;11286679;688;
15.01.2025;15:16:41.508;FGBL SI 20250306 PS;SIMPLE_INSTRUMENT;EFS;EUR;156;131.45000000;415;EXCHANGE_LAST;;1;1;XEUR;11286679;688;
15.01.2025;15:17:38.876;FGBL SI 20250306 PS;SIMPLE_INSTRUMENT;EFS;EUR;157;131.45000000;414;EXCHANGE_LAST;;1;1;XEUR;11286679;688;
15.01.2025;15:28:01.970;FGBL SI 20250306 PS;SIMPLE_INSTRUMENT;EFS;EUR;158;131.56000000;414;EXCHANGE_LAST;;1;1;XEUR;11286679;688;
15.01.2025;15:31:38.245;FGBL SI 20250306 PS;SIMPLE_INSTRUMENT;EFS;EUR;159;131.55000000;414;EXCHANGE_LAST;;1;1;XEUR;11286679;688;
15.01.2025;15:35:16.617;FGBL SI 20250306 PS;SIMPLE_INSTRUMENT;EFS;EUR;160;131.60000000;414;EXCHANGE_LAST;;1;1;XEUR;11286679;688;
15.01.2025;15:44:28.207;FGBL SI 20250306 PS;SIMPLE_INSTRUMENT;EFP_FIN;EUR;161;131.60000000;167;EXCHANGE_LAST;;1;1;XEUR;11286679;688;
15.01.2025;15:46:51.657;FGBL SI 20250306 PS;SIMPLE_INSTRUMENT;EFS;EUR;162;131.58000000;460;EXCHANGE_LAST;;1;1;XEUR;11286679;688;
15.01.2025;15:48:13.488;FGBL SI 20250306 PS;SIMPLE_INSTRUMENT;EFS;EUR;163;131.60000000;414;EXCHANGE_LAST;;1;1;XEUR;11286679;688;
15.01.2025;15:49:08.916;FGBL SI 20250306 PS;SIMPLE_INSTRUMENT;EFS;EUR;164;131.54000000;414;EXCHANGE_LAST;;1;1;XEUR;11286679;688;
15.01.2025;15:50:44.869;FGBL SI 20250306 PS;SIMPLE_INSTRUMENT;EFS;EUR;165;131.54000000;414;EXCHANGE_LAST;;1;1;XEUR;11286679;688;
15.01.2025;15:52:13.734;FGBL SI 20250306 PS;SIMPLE_INSTRUMENT;EFS;EUR;166;131.54000000;414;EXCHANGE_LAST;;1;1;XEUR;11286679;688;
15.01.2025;15:53:55.077;FGBL SI 20250306 PS;SIMPLE_INSTRUMENT;EFS;EUR;167;131.51000000;414;EXCHANGE_LAST;;1;1;XEUR;11286679;688;
15.01.2025;15:54:55.124;FGBL SI 20250306 PS;SIMPLE_INSTRUMENT;EFS;EUR;168;131.53000000;414;EXCHANGE_LAST;;1;1;XEUR;11286679;688;
15.01.2025;15:56:14.673;FGBL SI 20250306 PS;SIMPLE_INSTRUMENT;EFS;EUR;169;131.60000000;230;EXCHANGE_LAST;;1;1;XEUR;11286679;688;
15.01.2025;16:00:55.396;FGBL SI 20250306 PS;SIMPLE_INSTRUMENT;EFS;EUR;170;131.52000000;207;EXCHANGE_LAST;;1;1;XEUR;11286679;688;
15.01.2025;16:01:05.405;FGBL SI 20250306 PS;SIMPLE_INSTRUMENT;EFS;EUR;171;131.52000000;414;EXCHANGE_LAST;;1;1;XEUR;11286679;688;
15.01.2025;16:04:30.559;FGBL SI 20250306 PS;SIMPLE_INSTRUMENT;EFS;EUR;172;131.45000000;496;EXCHANGE_LAST;;1;1;XEUR;11286679;688;
15.01.2025;16:04:59.632;FGBL SI 20250306 PS;SIMPLE_INSTRUMENT;EFS;EUR;173;131.52000000;827;EXCHANGE_LAST;;1;1;XEUR;11286679;688;
15.01.2025;16:05:53.802;FGBL SI 20250306 PS;SIMPLE_INSTRUMENT;EFS;EUR;174;131.59000000;460;EXCHANGE_LAST;;1;1;XEUR;11286679;688;
15.01.2025;16:06:14.077;FGBL SI 20250306 PS;SIMPLE_INSTRUMENT;EFS;EUR;175;131.50000000;950;EXCHANGE_LAST;;1;1;XEUR;11286679;688;
15.01.2025;16:06:30.791;FGBL SI 20250306 PS;SIMPLE_INSTRUMENT;EFS;EUR;176;131.47000000;207;EXCHANGE_LAST;;1;1;XEUR;11286679;688;
15.01.2025;16:07:09.831;FGBL SI 20250306 PS;SIMPLE_INSTRUMENT;EFS;EUR;177;131.45000000;414;EXCHANGE_LAST;;1;1;XEUR;11286679;688;
15.01.2025;16:07:15.047;FGBL SI 20250306 PS;SIMPLE_INSTRUMENT;EFS;EUR;178;131.55000000;957;EXCHANGE_LAST;;1;1;XEUR;11286679;688;
15.01.2025;16:08:13.688;FGBL SI 20250306 PS;SIMPLE_INSTRUMENT;EFS;EUR;179;131.51000000;950;EXCHANGE_LAST;;1;1;XEUR;11286679;688;
15.01.2025;16:11:17.409;FGBL SI 20250306 PS;SIMPLE_INSTRUMENT;EFS;EUR;180;131.44000000;414;EXCHANGE_LAST;;1;1;XEUR;11286679;688;
15.01.2025;16:14:06.982;FGBL SI 20250306 PS;SIMPLE_INSTRUMENT;EFS;EUR;181;131.44000000;415;EXCHANGE_LAST;;1;1;XEUR;11286679;688;
15.01.2025;16:17:22.550;FGBL SI 20250306 PS;SIMPLE_INSTRUMENT;EFS;EUR;182;131.42000000;621;EXCHANGE_LAST;;1;1;XEUR;11286679;688;
15.01.2025;16:19:33.196;FGBL SI 20250306 PS;SIMPLE_INSTRUMENT;EFS;EUR;183;131.44000000;415;EXCHANGE_LAST;;1;1;XEUR;11286679;688;
15.01.2025;16:19:34.961;FGBL SI 20250306 PS;SIMPLE_INSTRUMENT;EFS;EUR;184;131.43000000;50;EXCHANGE_LAST;;1;1;XEUR;11286679;688;
15.01.2025;16:20:01.040;FGBL SI 20250306 PS;SIMPLE_INSTRUMENT;EFS;EUR;185;131.43000000;414;EXCHANGE_LAST;;1;1;XEUR;11286679;688;
15.01.2025;16:21:09.141;FGBL SI 20250306 PS;SIMPLE_INSTRUMENT;EFS;EUR;186;131.43000000;621;EXCHANGE_LAST;;1;1;XEUR;11286679;688;
15.01.2025;16:21:18.081;FGBL SI 20250306 PS;SIMPLE_INSTRUMENT;EFS;EUR;187;131.42000000;207;EXCHANGE_LAST;;1;1;XEUR;11286679;688;
15.01.2025;16:23:35.827;FGBL SI 20250306 PS;SIMPLE_INSTRUMENT;EFS;EUR;188;131.45000000;414;EXCHANGE_LAST;;1;1;XEUR;11286679;688;
15.01.2025;16:24:36.618;FGBL SI 20250306 PS;SIMPLE_INSTRUMENT;EFS;EUR;189;131.45000000;367;EXCHANGE_LAST;;1;1;XEUR;11286679;688;
15.01.2025;16:31:19.095;FGBL SI 20250306 PS;SIMPLE_INSTRUMENT;EFS;EUR;190;131.49000000;238;EXCHANGE_LAST;;1;1;XEUR;11286679;688;
15.01.2025;16:31:48.657;FGBL SI 20250306 PS;SIMPLE_INSTRUMENT;EFS;EUR;191;131.47000000;414;EXCHANGE_LAST;;1;1;XEUR;11286679;688;
15.01.2025;16:33:23.798;FGBL SI 20250306 PS;SIMPLE_INSTRUMENT;EFS;EUR;192;131.47000000;415;EXCHANGE_LAST;;1;1;XEUR;11286679;688;
15.01.2025;16:33:41.535;FGBL SI 20250306 PS;SIMPLE_INSTRUMENT;EFS;EUR;193;131.46000000;475;EXCHANGE_LAST;;1;1;XEUR;11286679;688;
15.01.2025;16:36:37.378;FGBL SI 20250306 PS;SIMPLE_INSTRUMENT;EFS;EUR;194;131.54000000;1000;EXCHANGE_LAST;;1;1;XEUR;11286679;688;
15.01.2025;16:39:33.961;FGBL SI 20250306 PS;SIMPLE_INSTRUMENT;EFS;EUR;195;131.43000000;464;EXCHANGE_LAST;;1;1;XEUR;11286679;688;
15.01.2025;16:41:20.137;FGBL SI 20250306 PS;SIMPLE_INSTRUMENT;EFP_FIN;EUR;196;131.47000000;578;EXCHANGE_LAST;;1;1;XEUR;11286679;688;
15.01.2025;16:42:08.961;FGBL SI 20250306 PS;SIMPLE_INSTRUMENT;EFP_FIN;EUR;197;131.44000000;476;EXCHANGE_LAST;;1;1;XEUR;11286679;688;
15.01.2025;16:42:49.292;FGBL SI 20250306 PS;SIMPLE_INSTRUMENT;EFS;EUR;198;131.47000000;415;EXCHANGE_LAST;;1;1;XEUR;11286679;688;
15.01.2025;16:44:09.354;FGBL SI 20250306 PS;SIMPLE_INSTRUMENT;EFS;EUR;199;131.47000000;415;EXCHANGE_LAST;;1;1;XEUR;11286679;688;
15.01.2025;16:45:14.402;FGBL SI 20250306 PS;SIMPLE_INSTRUMENT;EFS;EUR;200;131.48000000;414;EXCHANGE_LAST;;1;1;XEUR;11286679;688;
15.01.2025;16:50:14.465;FGBL SI 20250306 PS;SIMPLE_INSTRUMENT;EFS;EUR;201;131.46000000;207;EXCHANGE_LAST;;1;1;XEUR;11286679;688;
15.01.2025;16:51:33.346;FGBL SI 20250306 PS;SIMPLE_INSTRUMENT;EFS;EUR;202;131.45000000;918;EXCHANGE_LAST;;1;1;XEUR;11286679;688;
15.01.2025;16:52:55.768;FGBL SI 20250306 PS;SIMPLE_INSTRUMENT;EFS;EUR;203;131.45000000;925;EXCHANGE_LAST;;1;1;XEUR;11286679;688;
15.01.2025;16:55:14.062;FGBL SI 20250306 PS;SIMPLE_INSTRUMENT;EFS;EUR;204;131.45000000;250;EXCHANGE_LAST;;1;1;XEUR;11286679;688;
15.01.2025;17:02:59.416;FGBL SI 20250306 PS;SIMPLE_INSTRUMENT;EFS;EUR;205;131.43000000;414;EXCHANGE_LAST;;1;1;XEUR;11286679;688;
15.01.2025;17:08:13.812;FGBL SI 20250306 PS;SIMPLE_INSTRUMENT;EFS;EUR;206;131.45000000;462;EXCHANGE_LAST;;1;1;XEUR;11286679;688;
15.01.2025;17:09:49.136;FGBL SI 20250306 PS;SIMPLE_INSTRUMENT;EFS;EUR;207;131.39000000;414;EXCHANGE_LAST;;1;1;XEUR;11286679;688;
15.01.2025;17:20:28.372;FGBL SI 20250306 PS;SIMPLE_INSTRUMENT;EFS;EUR;208;131.43000000;462;EXCHANGE_LAST;;1;1;XEUR;11286679;688;
15.01.2025;17:22:51.715;FGBL SI 20250306 PS;SIMPLE_INSTRUMENT;EFS;EUR;209;131.47000000;414;EXCHANGE_LAST;;1;1;XEUR;11286679;688;
15.01.2025;17:25:25.677;FGBL SI 20250306 PS;SIMPLE_INSTRUMENT;EFS;EUR;210;131.47000000;414;EXCHANGE_LAST;;1;1;XEUR;11286679;688;
15.01.2025;17:36:22.226;FGBL SI 20250306 PS;SIMPLE_INSTRUMENT;EFS;EUR;211;131.53000000;207;EXCHANGE_LAST;;1;1;XEUR;11286679;688;
15.01.2025;17:41:23.973;FGBL SI 20250306 PS;SIMPLE_INSTRUMENT;EFS;EUR;212;131.44000000;190;EXCHANGE_LAST;;1;1;XEUR;11286679;688;
15.01.2025;10:18:05.563;FGBL SI 20250306 PS;SIMPLE_INSTRUMENT;VOLA;EUR;268435492;130.62000000;90;EXCHANGE_LAST;;1;1;XEUR;11286679;688;
15.01.2025;10:31:19.468;FGBL SI 20250306 PS;SIMPLE_INSTRUMENT;VOLA;EUR;268435497;130.55000000;20;EXCHANGE_LAST;;1;1;XEUR;11286679;688;
15.01.2025;10:53:17.907;FGBL SI 20250306 PS;SIMPLE_INSTRUMENT;VOLA;EUR;268435508;130.59000000;90;EXCHANGE_LAST;;1;1;XEUR;11286679;688;
15.01.2025;11:55:47.222;FGBL SI 20250306 PS;SIMPLE_INSTRUMENT;VOLA;EUR;268435515;130.63000000;80;EXCHANGE_LAST;;1;1;XEUR;11286679;688;
15.01.2025;12:02:26.227;FGBL SI 20250306 PS;SIMPLE_INSTRUMENT;VOLA;EUR;268435518;130.64000000;50;EXCHANGE_LAST;;1;1;XEUR;11286679;688;
15.01.2025;14:56:49.015;FGBL SI 20250306 PS;SIMPLE_INSTRUMENT;VOLA;EUR;268435599;131.36000000;300;EXCHANGE_LAST;;1;1;XEUR;11286679;688;
15.01.2025;14:57:01.016;FGBL SI 20250306 PS;SIMPLE_INSTRUMENT;VOLA;EUR;268435600;131.36000000;1620;EXCHANGE_LAST;;1;1;XEUR;11286679;688;
15.01.2025;16:30:57.640;FGBL SI 20250306 PS;SIMPLE_INSTRUMENT;VOLA;EUR;268435633;131.49000000;308;EXCHANGE_LAST;;1;1;XEUR;11286679;688;
15.01.2025;07:53:09.189;FGBM SI 20250306 PS;SIMPLE_INSTRUMENT;EFS;EUR;1;116.51000000;453;EXCHANGE_LAST;;1;1;XEUR;11286680;689;
15.01.2025;07:53:11.075;FGBM SI 20250306 PS;SIMPLE_INSTRUMENT;EFS;EUR;2;116.49000000;511;EXCHANGE_LAST;;1;1;XEUR;11286680;689;
15.01.2025;07:58:13.304;FGBM SI 20250306 PS;SIMPLE_INSTRUMENT;EFS;EUR;3;116.54000000;480;EXCHANGE_LAST;;1;1;XEUR;11286680;689;
15.01.2025;08:05:31.761;FGBM SI 20250306 PS;SIMPLE_INSTRUMENT;EFS;EUR;4;116.51000000;908;EXCHANGE_LAST;;1;1;XEUR;11286680;689;
15.01.2025;08:07:51.885;FGBM SI 20250306 PS;SIMPLE_INSTRUMENT;EFS;EUR;5;116.51000000;908;EXCHANGE_LAST;;1;1;XEUR;11286680;689;
15.01.2025;08:13:34.483;FGBM SI 20250306 PS;SIMPLE_INSTRUMENT;EFS;EUR;6;116.51000000;481;EXCHANGE_LAST;;1;1;XEUR;11286680;689;
15.01.2025;08:14:17.701;FGBM SI 20250306 PS;SIMPLE_INSTRUMENT;EFS;EUR;7;116.51000000;454;EXCHANGE_LAST;;1;1;XEUR;11286680;689;
15.01.2025;08:16:10.744;FGBM SI 20250306 PS;SIMPLE_INSTRUMENT;EFS;EUR;8;116.51000000;454;EXCHANGE_LAST;;1;1;XEUR;11286680;689;
15.01.2025;08:17:56.717;FGBM SI 20250306 PS;SIMPLE_INSTRUMENT;EFS;EUR;9;116.51000000;481;EXCHANGE_LAST;;1;1;XEUR;11286680;689;
15.01.2025;08:20:36.882;FGBM SI 20250306 PS;SIMPLE_INSTRUMENT;EFS;EUR;10;116.48000000;453;EXCHANGE_LAST;;1;1;XEUR;11286680;689;
15.01.2025;08:21:44.308;FGBM SI 20250306 PS;SIMPLE_INSTRUMENT;EFS;EUR;11;116.48000000;907;EXCHANGE_LAST;;1;1;XEUR;11286680;689;
15.01.2025;08:23:14.088;FGBM SI 20250306 PS;SIMPLE_INSTRUMENT;EFS;EUR;12;116.48000000;907;EXCHANGE_LAST;;1;1;XEUR;11286680;689;
15.01.2025;08:28:20.917;FGBM SI 20250306 PS;SIMPLE_INSTRUMENT;EFS;EUR;13;116.47000000;969;EXCHANGE_LAST;;1;1;XEUR;11286680;689;
15.01.2025;08:28:41.922;FGBM SI 20250306 PS;SIMPLE_INSTRUMENT;EFS;EUR;14;116.47000000;969;EXCHANGE_LAST;;1;1;XEUR;11286680;689;
15.01.2025;08:31:06.740;FGBM SI 20250306 PS;SIMPLE_INSTRUMENT;EFP_FIN;EUR;15;116.47000000;975;EXCHANGE_LAST;;1;1;XEUR;11286680;689;
15.01.2025;08:34:04.173;FGBM SI 20250306 PS;SIMPLE_INSTRUMENT;EFP_FIN;EUR;16;116.47000000;260;EXCHANGE_LAST;;1;1;XEUR;11286680;689;
15.01.2025;08:43:43.463;FGBM SI 20250306 PS;SIMPLE_INSTRUMENT;EFP_FIN;EUR;17;116.47000000;260;EXCHANGE_LAST;;1;1;XEUR;11286680;689;
15.01.2025;08:46:46.686;FGBM SI 20250306 PS;SIMPLE_INSTRUMENT;EFS;EUR;18;116.47000000;1199;EXCHANGE_LAST;;1;1;XEUR;11286680;689;
15.01.2025;08:46:45.541;FGBM SI 20250306 PS;SIMPLE_INSTRUMENT;EFS;EUR;19;116.47000000;454;EXCHANGE_LAST;;1;1;XEUR;11286680;689;
15.01.2025;08:50:37.468;FGBM SI 20250306 PS;SIMPLE_INSTRUMENT;EFP_FIN;EUR;20;116.47000000;216;EXCHANGE_LAST;;1;1;XEUR;11286680;689;
15.01.2025;08:52:09.181;FGBM SI 20250306 PS;SIMPLE_INSTRUMENT;EFP_FIN;EUR;21;116.47000000;431;EXCHANGE_LAST;;1;1;XEUR;11286680;689;
15.01.2025;08:53:21.813;FGBM SI 20250306 PS;SIMPLE_INSTRUMENT;EFS;EUR;22;116.45000000;1710;EXCHANGE_LAST;;1;1;XEUR;11286680;689;
15.01.2025;08:53:45.124;FGBM SI 20250306 PS;SIMPLE_INSTRUMENT;EFP_FIN;EUR;23;116.47000000;486;EXCHANGE_LAST;;1;1;XEUR;11286680;689;
15.01.2025;08:55:42.614;FGBM SI 20250306 PS;SIMPLE_INSTRUMENT;EFS;EUR;24;116.52000000;969;EXCHANGE_LAST;;1;1;XEUR;11286680;689;
15.01.2025;08:58:33.955;FGBM SI 20250306 PS;SIMPLE_INSTRUMENT;EFS;EUR;25;116.47000000;250;EXCHANGE_LAST;;1;1;XEUR;11286680;689;
15.01.2025;08:56:44.643;FGBM SI 20250306 PS;SIMPLE_INSTRUMENT;EFP_FIN;EUR;26;116.46000000;431;EXCHANGE_LAST;;1;1;XEUR;11286680;689;
15.01.2025;08:56:44.643;FGBM SI 20250306 PS;SIMPLE_INSTRUMENT;EFP_FIN;EUR;27;116.46000000;216;EXCHANGE_LAST;;1;1;XEUR;11286680;689;
15.01.2025;09:08:38.404;FGBM SI 20250306 PS;SIMPLE_INSTRUMENT;EFS;EUR;28;116.47000000;581;EXCHANGE_LAST;;1;1;XEUR;11286680;689;
15.01.2025;09:15:21.819;FGBM SI 20250306 PS;SIMPLE_INSTRUMENT;EFS;EUR;29;116.47000000;375;EXCHANGE_LAST;;1;1;XEUR;11286680;689;
15.01.2025;09:15:53.182;FGBM SI 20250306 PS;SIMPLE_INSTRUMENT;EFS;EUR;30;116.45000000;454;EXCHANGE_LAST;;1;1;XEUR;11286680;689;
15.01.2025;09:16:27.607;FGBM SI 20250306 PS;SIMPLE_INSTRUMENT;EFS;EUR;31;116.46000000;907;EXCHANGE_LAST;;1;1;XEUR;11286680;689;
15.01.2025;09:19:37.332;FGBM SI 20250306 PS;SIMPLE_INSTRUMENT;EFP_FIN;EUR;32;116.47000000;209;EXCHANGE_LAST;;1;1;XEUR;11286680;689;
15.01.2025;09:29:57.737;FGBM SI 20250306 PS;SIMPLE_INSTRUMENT;EFP_FIN;EUR;33;116.48000000;432;EXCHANGE_LAST;;1;1;XEUR;11286680;689;
15.01.2025;09:30:59.470;FGBM SI 20250306 PS;SIMPLE_INSTRUMENT;EFS;EUR;34;116.49000000;1362;EXCHANGE_LAST;;1;1;XEUR;11286680;689;
15.01.2025;09:42:06.043;FGBM SI 20250306 PS;SIMPLE_INSTRUMENT;EFP_FIN;EUR;35;116.49000000;225;EXCHANGE_LAST;;1;1;XEUR;11286680;689;
15.01.2025;09:47:52.304;FGBM SI 20250306 PS;SIMPLE_INSTRUMENT;EFS;EUR;36;116.48000000;908;EXCHANGE_LAST;;1;1;XEUR;11286680;689;
15.01.2025;09:53:29.481;FGBM SI 20250306 PS;SIMPLE_INSTRUMENT;EFP_FIN;EUR;37;116.47000000;1043;EXCHANGE_LAST;;1;1;XEUR;11286680;689;
15.01.2025;09:54:18.682;FGBM SI 20250306 PS;SIMPLE_INSTRUMENT;EFP_FIN;EUR;38;116.44000000;234;EXCHANGE_LAST;;1;1;XEUR;11286680;689;
15.01.2025;09:58:35.930;FGBM SI 20250306 PS;SIMPLE_INSTRUMENT;EFS;EUR;41;116.46000000;453;EXCHANGE_LAST;;1;1;XEUR;11286680;689;
15.01.2025;10:01:16.773;FGBM SI 20250306 PS;SIMPLE_INSTRUMENT;EFP_FIN;EUR;42;116.47000000;186;EXCHANGE_LAST;;1;1;XEUR;11286680;689;
15.01.2025;10:06:20.344;FGBM SI 20250306 PS;SIMPLE_INSTRUMENT;EFP_FIN;EUR;43;116.49000000;186;EXCHANGE_LAST;;1;1;XEUR;11286680;689;
15.01.2025;10:07:19.196;FGBM SI 20250306 PS;SIMPLE_INSTRUMENT;EFP_FIN;EUR;44;116.49000000;186;EXCHANGE_LAST;;1;1;XEUR;11286680;689;
15.01.2025;10:07:33.301;FGBM SI 20250306 PS;SIMPLE_INSTRUMENT;EFS;EUR;45;116.44000000;968;EXCHANGE_LAST;;1;1;XEUR;11286680;689;
15.01.2025;10:09:39.732;FGBM SI 20250306 PS;SIMPLE_INSTRUMENT;EFP_FIN;EUR;46;116.44000000;320;EXCHANGE_LAST;;1;1;XEUR;11286680;689;
15.01.2025;10:10:10.836;FGBM SI 20250306 PS;SIMPLE_INSTRUMENT;EFS;EUR;48;116.43000000;454;EXCHANGE_LAST;;1;1;XEUR;11286680;689;
15.01.2025;10:15:21.364;FGBM SI 20250306 PS;SIMPLE_INSTRUMENT;EFP_FIN;EUR;49;116.45000000;128;EXCHANGE_LAST;;1;1;XEUR;11286680;689;
15.01.2025;10:24:34.886;FGBM SI 20250306 PS;SIMPLE_INSTRUMENT;EFS;EUR;50;116.50000000;454;EXCHANGE_LAST;;1;1;XEUR;11286680;689;
15.01.2025;10:24:43.894;FGBM SI 20250306 PS;SIMPLE_INSTRUMENT;EFS;EUR;51;116.50000000;908;EXCHANGE_LAST;;1;1;XEUR;11286680;689;
15.01.2025;10:25:53.946;FGBM SI 20250306 PS;SIMPLE_INSTRUMENT;EFS;EUR;52;116.50000000;454;EXCHANGE_LAST;;1;1;XEUR;11286680;689;
15.01.2025;10:27:30.193;FGBM SI 20250306 PS;SIMPLE_INSTRUMENT;EFS;EUR;53;116.47000000;454;EXCHANGE_LAST;;1;1;XEUR;11286680;689;
15.01.2025;10:29:37.346;FGBM SI 20250306 PS;SIMPLE_INSTRUMENT;EFS;EUR;55;116.48000000;453;EXCHANGE_LAST;;1;1;XEUR;11286680;689;
15.01.2025;10:33:19.381;FGBM SI 20250306 PS;SIMPLE_INSTRUMENT;EFS;EUR;56;116.45000000;454;EXCHANGE_LAST;;1;1;XEUR;11286680;689;
15.01.2025;10:34:19.428;FGBM SI 20250306 PS;SIMPLE_INSTRUMENT;EFS;EUR;57;116.49000000;908;EXCHANGE_LAST;;1;1;XEUR;11286680;689;
15.01.2025;10:35:24.852;FGBM SI 20250306 PS;SIMPLE_INSTRUMENT;EFP_FIN;EUR;58;116.49000000;225;EXCHANGE_LAST;;1;1;XEUR;11286680;689;
15.01.2025;10:35:59.516;FGBM SI 20250306 PS;SIMPLE_INSTRUMENT;EFS;EUR;59;116.49000000;1362;EXCHANGE_LAST;;1;1;XEUR;11286680;689;
15.01.2025;10:36:05.523;FGBM SI 20250306 PS;SIMPLE_INSTRUMENT;EFS;EUR;60;116.51000000;908;EXCHANGE_LAST;;1;1;XEUR;11286680;689;
15.01.2025;10:39:35.186;FGBM SI 20250306 PS;SIMPLE_INSTRUMENT;EFP_FIN;EUR;61;116.47000000;207;EXCHANGE_LAST;;1;1;XEUR;11286680;689;
15.01.2025;10:37:50.680;FGBM SI 20250306 PS;SIMPLE_INSTRUMENT;EFP_FIN;EUR;62;116.47000000;277;EXCHANGE_LAST;;1;1;XEUR;11286680;689;
15.01.2025;10:41:51.770;FGBM SI 20250306 PS;SIMPLE_INSTRUMENT;EFS;EUR;63;116.49000000;1817;EXCHANGE_LAST;;1;1;XEUR;11286680;689;
15.01.2025;10:44:02.560;FGBM SI 20250306 PS;SIMPLE_INSTRUMENT;EFP_FIN;EUR;64;116.46000000;343;EXCHANGE_LAST;;1;1;XEUR;11286680;689;
15.01.2025;10:45:21.925;FGBM SI 20250306 PS;SIMPLE_INSTRUMENT;EFS;EUR;65;116.49000000;1816;EXCHANGE_LAST;;1;1;XEUR;11286680;689;
15.01.2025;10:45:41.945;FGBM SI 20250306 PS;SIMPLE_INSTRUMENT;EFS;EUR;66;116.49000000;908;EXCHANGE_LAST;;1;1;XEUR;11286680;689;
15.01.2025;10:46:36.991;FGBM SI 20250306 PS;SIMPLE_INSTRUMENT;EFS;EUR;67;116.49000000;1816;EXCHANGE_LAST;;1;1;XEUR;11286680;689;
15.01.2025;10:47:09.431;FGBM SI 20250306 PS;SIMPLE_INSTRUMENT;EFP_FIN;EUR;68;116.47000000;484;EXCHANGE_LAST;;1;1;XEUR;11286680;689;
15.01.2025;10:48:37.085;FGBM SI 20250306 PS;SIMPLE_INSTRUMENT;EFS;EUR;69;116.49000000;681;EXCHANGE_LAST;;1;1;XEUR;11286680;689;
15.01.2025;10:49:25.343;FGBM SI 20250306 PS;SIMPLE_INSTRUMENT;EFS;EUR;70;116.48000000;719;EXCHANGE_LAST;;1;1;XEUR;11286680;689;
15.01.2025;10:50:37.171;FGBM SI 20250306 PS;SIMPLE_INSTRUMENT;EFS;EUR;71;116.49000000;681;EXCHANGE_LAST;;1;1;XEUR;11286680;689;
15.01.2025;10:50:37.370;FGBM SI 20250306 PS;SIMPLE_INSTRUMENT;EFP_FIN;EUR;72;116.42000000;191;EXCHANGE_LAST;;1;1;XEUR;11286680;689;
15.01.2025;10:50:42.176;FGBM SI 20250306 PS;SIMPLE_INSTRUMENT;EFS;EUR;73;116.48000000;908;EXCHANGE_LAST;;1;1;XEUR;11286680;689;
15.01.2025;10:59:35.485;FGBM SI 20250306 PS;SIMPLE_INSTRUMENT;EFP_FIN;EUR;74;116.48000000;431;EXCHANGE_LAST;;1;1;XEUR;11286680;689;
15.01.2025;11:07:20.272;FGBM SI 20250306 PS;SIMPLE_INSTRUMENT;EFS;EUR;75;116.51000000;908;EXCHANGE_LAST;;1;1;XEUR;11286680;689;
15.01.2025;11:09:06.743;FGBM SI 20250306 PS;SIMPLE_INSTRUMENT;EFS;EUR;76;116.49000000;454;EXCHANGE_LAST;;1;1;XEUR;11286680;689;
15.01.2025;11:11:29.633;FGBM SI 20250306 PS;SIMPLE_INSTRUMENT;EFP_FIN;EUR;77;116.50000000;207;EXCHANGE_LAST;;1;1;XEUR;11286680;689;
15.01.2025;11:17:42.287;FGBM SI 20250306 PS;SIMPLE_INSTRUMENT;EFS;EUR;78;116.49000000;853;EXCHANGE_LAST;;1;1;XEUR;11286680;689;
15.01.2025;11:30:20.550;FGBM SI 20250306 PS;SIMPLE_INSTRUMENT;EFP_FIN;EUR;79;116.42000000;191;EXCHANGE_LAST;;1;1;XEUR;11286680;689;
15.01.2025;11:30:50.767;FGBM SI 20250306 PS;SIMPLE_INSTRUMENT;EFS;EUR;80;116.48000000;681;EXCHANGE_LAST;;1;1;XEUR;11286680;689;
15.01.2025;11:52:11.900;FGBM SI 20250306 PS;SIMPLE_INSTRUMENT;EFS;EUR;81;116.49000000;596;EXCHANGE_LAST;;1;1;XEUR;11286680;689;
15.01.2025;11:56:53.159;FGBM SI 20250306 PS;SIMPLE_INSTRUMENT;EFS;EUR;82;116.50000000;453;EXCHANGE_LAST;;1;1;XEUR;11286680;689;
15.01.2025;12:01:14.183;FGBM SI 20250306 PS;SIMPLE_INSTRUMENT;EFP_FIN;EUR;83;116.48000000;551;EXCHANGE_LAST;;1;1;XEUR;11286680;689;
15.01.2025;12:02:14.686;FGBM SI 20250306 PS;SIMPLE_INSTRUMENT;EFS;EUR;84;116.50000000;1997;EXCHANGE_LAST;;1;1;XEUR;11286680;689;
15.01.2025;12:06:49.508;FGBM SI 20250306 PS;SIMPLE_INSTRUMENT;EFS;EUR;85;116.51000000;854;EXCHANGE_LAST;;1;1;XEUR;11286680;689;
15.01.2025;12:06:43.186;FGBM SI 20250306 PS;SIMPLE_INSTRUMENT;EFS;EUR;86;116.49000000;454;EXCHANGE_LAST;;1;1;XEUR;11286680;689;
15.01.2025;12:07:29.220;FGBM SI 20250306 PS;SIMPLE_INSTRUMENT;EFS;EUR;87;116.49000000;454;EXCHANGE_LAST;;1;1;XEUR;11286680;689;
15.01.2025;12:10:48.520;FGBM SI 20250306 PS;SIMPLE_INSTRUMENT;EFP_FIN;EUR;88;116.48000000;207;EXCHANGE_LAST;;1;1;XEUR;11286680;689;
15.01.2025;12:09:52.669;FGBM SI 20250306 PS;SIMPLE_INSTRUMENT;EFP_FIN;EUR;89;116.50000000;138;EXCHANGE_LAST;;1;1;XEUR;11286680;689;
15.01.2025;12:11:06.296;FGBM SI 20250306 PS;SIMPLE_INSTRUMENT;EFP_FIN;EUR;90;116.50000000;167;EXCHANGE_LAST;;1;1;XEUR;11286680;689;
15.01.2025;12:13:19.198;FGBM SI 20250306 PS;SIMPLE_INSTRUMENT;EFP_FIN;EUR;91;116.50000000;465;EXCHANGE_LAST;;1;1;XEUR;11286680;689;
15.01.2025;12:14:44.272;FGBM SI 20250306 PS;SIMPLE_INSTRUMENT;EFP_FIN;EUR;92;116.44000000;249;EXCHANGE_LAST;;1;1;XEUR;11286680;689;
15.01.2025;12:17:42.248;FGBM SI 20250306 PS;SIMPLE_INSTRUMENT;EFP_FIN;EUR;93;116.50000000;93;EXCHANGE_LAST;;1;1;XEUR;11286680;689;
15.01.2025;12:18:18.474;FGBM SI 20250306 PS;SIMPLE_INSTRUMENT;EFS;EUR;94;116.50000000;907;EXCHANGE_LAST;;1;1;XEUR;11286680;689;
15.01.2025;12:18:55.574;FGBM SI 20250306 PS;SIMPLE_INSTRUMENT;EFS;EUR;95;116.49000000;854;EXCHANGE_LAST;;1;1;XEUR;11286680;689;
15.01.2025;12:26:34.606;FGBM SI 20250306 PS;SIMPLE_INSTRUMENT;EFP_FIN;EUR;96;116.51000000;736;EXCHANGE_LAST;;1;1;XEUR;11286680;689;
15.01.2025;12:28:36.397;FGBM SI 20250306 PS;SIMPLE_INSTRUMENT;EFS;EUR;97;116.49000000;291;EXCHANGE_LAST;;1;1;XEUR;11286680;689;
15.01.2025;12:43:34.175;FGBM SI 20250306 PS;SIMPLE_INSTRUMENT;EFP_FIN;EUR;98;116.50000000;533;EXCHANGE_LAST;;1;1;XEUR;11286680;689;
15.01.2025;12:35:02.461;FGBM SI 20250306 PS;SIMPLE_INSTRUMENT;EFP_FIN;EUR;99;116.48000000;569;EXCHANGE_LAST;;1;1;XEUR;11286680;689;
15.01.2025;12:47:52.965;FGBM SI 20250306 PS;SIMPLE_INSTRUMENT;EFS;EUR;100;116.49000000;908;EXCHANGE_LAST;;1;1;XEUR;11286680;689;
15.01.2025;12:53:47.561;FGBM SI 20250306 PS;SIMPLE_INSTRUMENT;EFP_FIN;EUR;101;116.51000000;375;EXCHANGE_LAST;;1;1;XEUR;11286680;689;
15.01.2025;12:53:28.189;FGBM SI 20250306 PS;SIMPLE_INSTRUMENT;EFS;EUR;102;116.50000000;908;EXCHANGE_LAST;;1;1;XEUR;11286680;689;
15.01.2025;12:54:08.216;FGBM SI 20250306 PS;SIMPLE_INSTRUMENT;EFS;EUR;103;116.50000000;908;EXCHANGE_LAST;;1;1;XEUR;11286680;689;
15.01.2025;12:54:53.245;FGBM SI 20250306 PS;SIMPLE_INSTRUMENT;EFS;EUR;104;116.50000000;454;EXCHANGE_LAST;;1;1;XEUR;11286680;689;
15.01.2025;13:01:42.439;FGBM SI 20250306 PS;SIMPLE_INSTRUMENT;EFS;EUR;105;116.50000000;854;EXCHANGE_LAST;;1;1;XEUR;11286680;689;
15.01.2025;13:04:03.613;FGBM SI 20250306 PS;SIMPLE_INSTRUMENT;EFS;EUR;106;116.52000000;908;EXCHANGE_LAST;;1;1;XEUR;11286680;689;
15.01.2025;13:06:49.724;FGBM SI 20250306 PS;SIMPLE_INSTRUMENT;EFS;EUR;107;116.53000000;454;EXCHANGE_LAST;;1;1;XEUR;11286680;689;
15.01.2025;13:19:51.308;FGBM SI 20250306 PS;SIMPLE_INSTRUMENT;EFS;EUR;108;116.55000000;454;EXCHANGE_LAST;;1;1;XEUR;11286680;689;
15.01.2025;13:48:34.574;FGBM SI 20250306 PS;SIMPLE_INSTRUMENT;EFS;EUR;109;116.71000000;906;EXCHANGE_LAST;;1;1;XEUR;11286680;689;
15.01.2025;13:50:51.780;FGBM SI 20250306 PS;SIMPLE_INSTRUMENT;EFS;EUR;110;116.75000000;453;EXCHANGE_LAST;;1;1;XEUR;11286680;689;
15.01.2025;13:54:16.634;FGBM SI 20250306 PS;SIMPLE_INSTRUMENT;EFS;EUR;111;116.75000000;400;EXCHANGE_LAST;;1;1;XEUR;11286680;689;
15.01.2025;13:56:48.340;FGBM SI 20250306 PS;SIMPLE_INSTRUMENT;EFS;EUR;112;116.80000000;487;EXCHANGE_LAST;;1;1;XEUR;11286680;689;
15.01.2025;14:00:22.654;FGBM SI 20250306 PS;SIMPLE_INSTRUMENT;EFS;EUR;113;116.80000000;956;EXCHANGE_LAST;;1;1;XEUR;11286680;689;
15.01.2025;14:01:45.530;FGBM SI 20250306 PS;SIMPLE_INSTRUMENT;EFP_FIN;EUR;114;116.50000000;1725;EXCHANGE_LAST;;1;1;XEUR;11286680;689;
15.01.2025;14:03:09.321;FGBM SI 20250306 PS;SIMPLE_INSTRUMENT;EFS;EUR;115;116.81000000;453;EXCHANGE_LAST;;1;1;XEUR;11286680;689;
15.01.2025;14:03:21.852;FGBM SI 20250306 PS;SIMPLE_INSTRUMENT;BLOCK;EUR;116;116.83000000;4000;EXCHANGE_LAST;;1;1;XEUR;11286680;689;
15.01.2025;14:07:32.283;FGBM SI 20250306 PS;SIMPLE_INSTRUMENT;EFS;EUR;117;116.75000000;1908;EXCHANGE_LAST;;1;1;XEUR;11286680;689;
15.01.2025;14:07:24.230;FGBM SI 20250306 PS;SIMPLE_INSTRUMENT;EFS;EUR;118;116.82000000;907;EXCHANGE_LAST;;1;1;XEUR;11286680;689;
15.01.2025;14:08:34.276;FGBM SI 20250306 PS;SIMPLE_INSTRUMENT;EFS;EUR;119;116.82000000;907;EXCHANGE_LAST;;1;1;XEUR;11286680;689;
15.01.2025;14:10:45.370;FGBM SI 20250306 PS;SIMPLE_INSTRUMENT;EFS;EUR;120;116.86000000;906;EXCHANGE_LAST;;1;1;XEUR;11286680;689;
15.01.2025;14:15:59.339;FGBM SI 20250306 PS;SIMPLE_INSTRUMENT;EFS;EUR;121;116.84000000;963;EXCHANGE_LAST;;1;1;XEUR;11286680;689;
15.01.2025;14:20:39.925;FGBM SI 20250306 PS;SIMPLE_INSTRUMENT;EFS;EUR;122;116.83000000;3000;EXCHANGE_LAST;;1;1;XEUR;11286680;689;
15.01.2025;14:20:48.562;FGBM SI 20250306 PS;SIMPLE_INSTRUMENT;EFS;EUR;123;116.87000000;452;EXCHANGE_LAST;;1;1;XEUR;11286680;689;
15.01.2025;14:40:59.381;FGBM SI 20250306 PS;SIMPLE_INSTRUMENT;EFS;EUR;124;116.85000000;966;EXCHANGE_LAST;;1;1;XEUR;11286680;689;
15.01.2025;14:50:56.718;FGBM SI 20250306 PS;SIMPLE_INSTRUMENT;EFP_FIN;EUR;125;116.84000000;136;EXCHANGE_LAST;;1;1;XEUR;11286680;689;
15.01.2025;15:05:41.584;FGBM SI 20250306 PS;SIMPLE_INSTRUMENT;EFS;EUR;126;116.85000000;908;EXCHANGE_LAST;;1;1;XEUR;11286680;689;
15.01.2025;14:56:36.742;FGBM SI 20250306 PS;SIMPLE_INSTRUMENT;EFP_FIN;EUR;127;116.83000000;946;EXCHANGE_LAST;;1;1;XEUR;11286680;689;
15.01.2025;15:01:32.054;FGBM SI 20250306 PS;SIMPLE_INSTRUMENT;EFS;EUR;128;116.85000000;852;EXCHANGE_LAST;;1;1;XEUR;11286680;689;
15.01.2025;15:02:46.451;FGBM SI 20250306 PS;SIMPLE_INSTRUMENT;EFS;EUR;129;116.85000000;1705;EXCHANGE_LAST;;1;1;XEUR;11286680;689;
15.01.2025;15:09:46.235;FGBM SI 20250306 PS;SIMPLE_INSTRUMENT;EFS;EUR;130;116.85000000;906;EXCHANGE_LAST;;1;1;XEUR;11286680;689;
15.01.2025;15:13:16.378;FGBM SI 20250306 PS;SIMPLE_INSTRUMENT;EFS;EUR;131;116.84000000;227;EXCHANGE_LAST;;1;1;XEUR;11286680;689;
15.01.2025;15:13:42.022;FGBM SI 20250306 PS;SIMPLE_INSTRUMENT;EFS;EUR;132;116.86000000;770;EXCHANGE_LAST;;1;1;XEUR;11286680;689;
15.01.2025;15:14:16.420;FGBM SI 20250306 PS;SIMPLE_INSTRUMENT;EFS;EUR;133;116.84000000;227;EXCHANGE_LAST;;1;1;XEUR;11286680;689;
15.01.2025;15:17:56.565;FGBM SI 20250306 PS;SIMPLE_INSTRUMENT;EFS;EUR;135;116.87000000;906;EXCHANGE_LAST;;1;1;XEUR;11286680;689;
15.01.2025;15:22:21.737;FGBM SI 20250306 PS;SIMPLE_INSTRUMENT;EFS;EUR;136;116.87000000;453;EXCHANGE_LAST;;1;1;XEUR;11286680;689;
15.01.2025;15:22:55.125;FGBM SI 20250306 PS;SIMPLE_INSTRUMENT;EFS;EUR;137;116.85000000;905;EXCHANGE_LAST;;1;1;XEUR;11286680;689;
15.01.2025;15:24:27.711;FGBM SI 20250306 PS;SIMPLE_INSTRUMENT;EFP_FIN;EUR;138;116.85000000;534;EXCHANGE_LAST;;1;1;XEUR;11286680;689;
15.01.2025;15:28:24.035;FGBM SI 20250306 PS;SIMPLE_INSTRUMENT;EFP_FIN;EUR;139;116.81000000;395;EXCHANGE_LAST;;1;1;XEUR;11286680;689;
15.01.2025;15:28:34.258;FGBM SI 20250306 PS;SIMPLE_INSTRUMENT;EFS;EUR;140;116.92000000;904;EXCHANGE_LAST;;1;1;XEUR;11286680;689;
15.01.2025;15:29:35.448;FGBM SI 20250306 PS;SIMPLE_INSTRUMENT;EFS;EUR;141;116.92000000;452;EXCHANGE_LAST;;1;1;XEUR;11286680;689;
15.01.2025;15:32:16.328;FGBM SI 20250306 PS;SIMPLE_INSTRUMENT;EFP_FIN;EUR;142;116.85000000;449;EXCHANGE_LAST;;1;1;XEUR;11286680;689;
15.01.2025;15:36:41.952;FGBM SI 20250306 PS;SIMPLE_INSTRUMENT;EFP_FIN;EUR;143;116.86000000;267;EXCHANGE_LAST;;1;1;XEUR;11286680;689;
15.01.2025;15:47:09.860;FGBM SI 20250306 PS;SIMPLE_INSTRUMENT;EFP_FIN;EUR;144;116.91000000;1068;EXCHANGE_LAST;;1;1;XEUR;11286680;689;
15.01.2025;15:51:26.510;FGBM SI 20250306 PS;SIMPLE_INSTRUMENT;EFS;EUR;145;116.90000000;597;EXCHANGE_LAST;;1;1;XEUR;11286680;689;
15.01.2025;15:55:54.548;FGBM SI 20250306 PS;SIMPLE_INSTRUMENT;EFP_FIN;EUR;146;116.90000000;413;EXCHANGE_LAST;;1;1;XEUR;11286680;689;
15.01.2025;15:57:36.624;FGBM SI 20250306 PS;SIMPLE_INSTRUMENT;EFS;EUR;147;116.88000000;905;EXCHANGE_LAST;;1;1;XEUR;11286680;689;
15.01.2025;16:04:06.540;FGBM SI 20250306 PS;SIMPLE_INSTRUMENT;EFS;EUR;148;116.86000000;906;EXCHANGE_LAST;;1;1;XEUR;11286680;689;
15.01.2025;16:04:42.875;FGBM SI 20250306 PS;SIMPLE_INSTRUMENT;EFS;EUR;149;116.90000000;962;EXCHANGE_LAST;;1;1;XEUR;11286680;689;
15.01.2025;16:09:25.883;FGBM SI 20250306 PS;SIMPLE_INSTRUMENT;EFS;EUR;150;116.84000000;853;EXCHANGE_LAST;;1;1;XEUR;11286680;689;
15.01.2025;16:14:42.805;FGBM SI 20250306 PS;SIMPLE_INSTRUMENT;EFS;EUR;151;116.85000000;1281;EXCHANGE_LAST;;1;1;XEUR;11286680;689;
15.01.2025;16:15:59.747;FGBM SI 20250306 PS;SIMPLE_INSTRUMENT;EFS;EUR;152;116.85000000;529;EXCHANGE_LAST;;1;1;XEUR;11286680;689;
15.01.2025;16:22:31.541;FGBM SI 20250306 PS;SIMPLE_INSTRUMENT;EFP_FIN;EUR;153;116.90000000;651;EXCHANGE_LAST;;1;1;XEUR;11286680;689;
15.01.2025;16:22:46.788;FGBM SI 20250306 PS;SIMPLE_INSTRUMENT;EFP_FIN;EUR;154;116.90000000;186;EXCHANGE_LAST;;1;1;XEUR;11286680;689;
15.01.2025;16:25:05.210;FGBM SI 20250306 PS;SIMPLE_INSTRUMENT;EFS;EUR;155;116.84000000;543;EXCHANGE_LAST;;1;1;XEUR;11286680;689;
15.01.2025;16:25:42.622;FGBM SI 20250306 PS;SIMPLE_INSTRUMENT;EFS;EUR;156;116.84000000;872;EXCHANGE_LAST;;1;1;XEUR;11286680;689;
15.01.2025;16:27:15.994;FGBM SI 20250306 PS;SIMPLE_INSTRUMENT;EFP_FIN;EUR;157;116.85000000;242;EXCHANGE_LAST;;1;1;XEUR;11286680;689;
15.01.2025;16:32:52.648;FGBM SI 20250306 PS;SIMPLE_INSTRUMENT;EFP_FIN;EUR;158;116.88000000;227;EXCHANGE_LAST;;1;1;XEUR;11286680;689;
15.01.2025;16:40:56.120;FGBM SI 20250306 PS;SIMPLE_INSTRUMENT;EFS;EUR;159;116.85000000;4000;EXCHANGE_LAST;;1;1;XEUR;11286680;689;
15.01.2025;16:41:20.137;FGBM SI 20250306 PS;SIMPLE_INSTRUMENT;EFP_FIN;EUR;160;116.85000000;307;EXCHANGE_LAST;;1;1;XEUR;11286680;689;
15.01.2025;16:51:30.079;FGBM SI 20250306 PS;SIMPLE_INSTRUMENT;EFS;EUR;161;116.85000000;905;EXCHANGE_LAST;;1;1;XEUR;11286680;689;
15.01.2025;16:51:37.312;FGBM SI 20250306 PS;SIMPLE_INSTRUMENT;EFP_FIN;EUR;162;116.85000000;518;EXCHANGE_LAST;;1;1;XEUR;11286680;689;
15.01.2025;16:52:19.185;FGBM SI 20250306 PS;SIMPLE_INSTRUMENT;EFS;EUR;163;116.85000000;452;EXCHANGE_LAST;;1;1;XEUR;11286680;689;
15.01.2025;16:53:44.047;FGBM SI 20250306 PS;SIMPLE_INSTRUMENT;EFS;EUR;164;116.85000000;480;EXCHANGE_LAST;;1;1;XEUR;11286680;689;
15.01.2025;16:55:25.495;FGBM SI 20250306 PS;SIMPLE_INSTRUMENT;EFS;EUR;165;116.84000000;453;EXCHANGE_LAST;;1;1;XEUR;11286680;689;
15.01.2025;16:57:20.773;FGBM SI 20250306 PS;SIMPLE_INSTRUMENT;EFS;EUR;166;116.85000000;480;EXCHANGE_LAST;;1;1;XEUR;11286680;689;
15.01.2025;16:57:47.414;FGBM SI 20250306 PS;SIMPLE_INSTRUMENT;EFS;EUR;167;116.84000000;679;EXCHANGE_LAST;;1;1;XEUR;11286680;689;
15.01.2025;16:59:43.973;FGBM SI 20250306 PS;SIMPLE_INSTRUMENT;EFS;EUR;168;116.84000000;453;EXCHANGE_LAST;;1;1;XEUR;11286680;689;
15.01.2025;17:00:21.073;FGBM SI 20250306 PS;SIMPLE_INSTRUMENT;EFS;EUR;169;116.82000000;854;EXCHANGE_LAST;;1;1;XEUR;11286680;689;
15.01.2025;17:02:38.542;FGBM SI 20250306 PS;SIMPLE_INSTRUMENT;EFS;EUR;170;116.83000000;905;EXCHANGE_LAST;;1;1;XEUR;11286680;689;
15.01.2025;17:04:57.506;FGBM SI 20250306 PS;SIMPLE_INSTRUMENT;EFS;EUR;171;116.82000000;453;EXCHANGE_LAST;;1;1;XEUR;11286680;689;
15.01.2025;17:06:08.752;FGBM SI 20250306 PS;SIMPLE_INSTRUMENT;EFS;EUR;172;116.82000000;854;EXCHANGE_LAST;;1;1;XEUR;11286680;689;
15.01.2025;17:10:10.819;FGBM SI 20250306 PS;SIMPLE_INSTRUMENT;EFS;EUR;173;116.82000000;1990;EXCHANGE_LAST;;1;1;XEUR;11286680;689;
15.01.2025;17:13:14.554;FGBM SI 20250306 PS;SIMPLE_INSTRUMENT;EFS;EUR;174;116.84000000;453;EXCHANGE_LAST;;1;1;XEUR;11286680;689;
15.01.2025;12:03:41.281;FGBM SI 20250306 PS;SIMPLE_INSTRUMENT;VOLA;EUR;268435519;116.52000000;150;EXCHANGE_LAST;;1;1;XEUR;11286680;689;
15.01.2025;14:47:31.830;FGBM SI 20250306 PS;SIMPLE_INSTRUMENT;VOLA;EUR;268435593;116.86000000;250;EXCHANGE_LAST;;1;1;XEUR;11286680;689;
15.01.2025;14:52:01.706;FGBM SI 20250306 PS;SIMPLE_INSTRUMENT;VOLA;EUR;268435595;116.86000000;50;EXCHANGE_LAST;;1;1;XEUR;11286680;689;
15.01.2025;15:35:12.919;FGBM SI 20250306 PS;SIMPLE_INSTRUMENT;VOLA;EUR;268435610;116.90000000;470;EXCHANGE_LAST;;1;1;XEUR;11286680;689;
15.01.2025;08:01:51.839;FGBS SI 20250306 PS;SIMPLE_INSTRUMENT;EFS;EUR;1;106.53000000;2751;EXCHANGE_LAST;;1;1;XEUR;11286681;690;
15.01.2025;08:28:02.916;FGBS SI 20250306 PS;SIMPLE_INSTRUMENT;EFS;EUR;2;106.51000000;1334;EXCHANGE_LAST;;1;1;XEUR;11286681;690;
15.01.2025;08:28:32.919;FGBS SI 20250306 PS;SIMPLE_INSTRUMENT;EFS;EUR;3;106.51000000;1334;EXCHANGE_LAST;;1;1;XEUR;11286681;690;
15.01.2025;09:07:29.704;FGBS SI 20250306 PS;SIMPLE_INSTRUMENT;EFS;EUR;4;106.49500000;2672;EXCHANGE_LAST;;1;1;XEUR;11286681;690;
15.01.2025;09:17:21.430;FGBS SI 20250306 PS;SIMPLE_INSTRUMENT;EFS;EUR;5;106.49000000;2670;EXCHANGE_LAST;;1;1;XEUR;11286681;690;
15.01.2025;09:21:06.062;FGBS SI 20250306 PS;SIMPLE_INSTRUMENT;EFS;EUR;6;106.49500000;5345;EXCHANGE_LAST;;1;1;XEUR;11286681;690;
