#Date;TrdTime;Contract;ContractType;TrdTyp;Currency;TesId;Prc;Qty;TrdInd;Aggressor;Buy;Sell;Exch;InstrumentId;RelatedProdId;PrcDecomp
06.12.2024;10:49:23.117;A2XA SI 20251219 CS;SIMPLE_INSTRUMENT;BLOCK;EUR;13;2.09000000;150;EXCHANGE_LAST;;1;1;XEUR;3681055;17;
06.12.2024;11:26:47.323;A2XA SI 20251219 CS;SIMPLE_INSTRUMENT;BLOCK;EUR;21;2.10000000;150;EXCHANGE_LAST;;1;1;XEUR;3681055;17;
06.12.2024;11:45:35.550;A2XA SI 20261218 CS;SIMPLE_INSTRUMENT;BLOCK;EUR;22;2.03500000;100;EXCHANGE_LAST;;1;1;XEUR;4632093;17;
06.12.2024;14:49:19.295;A2XA SI 20250321 CS;SIMPLE_INSTRUMENT;BLOCK;EUR;50;0.00100000;870;EXCHANGE_LAST;;1;1;XEUR;10393043;17;
06.12.2024;15:49:37.323;A2XA SI 20261218 CS;SIMPLE_INSTRUMENT;BLOCK;EUR;66;2.03500000;300;EXCHANGE_LAST;;1;1;XEUR;4632093;17;
06.12.2024;12:09:28.551;ABBN SI 20241220 PS AM C 52.50 0;SIMPLE_INSTRUMENT;BLOCK;CHF;29;0.42000000;1000;EXCHANGE_LAST;;1;1;XEUR;11848937;574517;
06.12.2024;16:23:21.274;ADEN.O.241206.BER.000005;STANDARD_OPTION_STRATEGY;BLOCK;CHF;45;3.23000000;500;EXCHANGE_LAST;;1;1;XEUR;72057783016514584;44;
06.12.2024;16:23:21.274;ADEN SI 20250620 PS AM P 26.00 0;SIMPLE_INSTRUMENT;BLOCK;CHF;45;4.11000000;500;PRC_DECOMP_EXCHANGE;;;;XEUR;11347901;44;EXCHANGE
06.12.2024;16:23:21.274;ADEN SI 20250620 PS AM P 20.00 0;SIMPLE_INSTRUMENT;BLOCK;CHF;45;0.88000000;500;PRC_DECOMP_EXCHANGE;;;;XEUR;7956255;44;EXCHANGE
06.12.2024;15:32:23.639;ADS SI 20241220 PS AM C 240.00 0;SIMPLE_INSTRUMENT;BLOCK;EUR;19;4.85000000;300;EXCHANGE_LAST;;1;1;XEUR;4637209;50;
06.12.2024;13:32:48.790;AIR SI 20241220 PS AM C 162.00 0;SIMPLE_INSTRUMENT;BLOCK;EUR;23;2.15000000;1665;EXCHANGE_LAST;;1;1;XEUR;11784491;64;
06.12.2024;15:12:39.640;AIR SI 20250117 PS AM C 168.00 0;SIMPLE_INSTRUMENT;BLOCK;EUR;28;1.55000000;500;EXCHANGE_LAST;;1;1;XEUR;12067645;64;
06.12.2024;15:36:06.863;AMGF SI 20241220 CS;SIMPLE_INSTRUMENT;BLOCK;USD;61;274.04410000;121;EXCHANGE_LAST;;1;1;XEUR;7031250;83;
06.12.2024;13:14:12.446;ANN SI 20241220 PS AM C 32.00 0;SIMPLE_INSTRUMENT;BLOCK;EUR;13;0.62000000;1000;EXCHANGE_LAST;;1;1;XEUR;7421949;45202;
06.12.2024;13:44:01.893;ASG5.O.241206.BRT.000001;STANDARD_OPTION_STRATEGY;BLOCK;EUR;13;0.74000000;2500;EXCHANGE_LAST;;1;1;XEUR;72058062189368506;109;
06.12.2024;13:44:01.893;ASG5 SI 20251218 PS AM P 24.00 0;SIMPLE_INSTRUMENT;BLOCK;EUR;13;1.01000000;2500;PRC_DECOMP_EXCHANGE;;;;XEUR;6084278;109;EXCHANGE
06.12.2024;13:44:01.893;ASG5 SI 20250320 PS AM P 24.00 0;SIMPLE_INSTRUMENT;BLOCK;EUR;13;0.27000000;2500;PRC_DECOMP_EXCHANGE;;;;XEUR;10822094;109;EXCHANGE
06.12.2024;12:24:17.467;ASM.O.241206.BRT.000004;STANDARD_OPTION_STRATEGY;BLOCK;EUR;7;18.85000000;200;EXCHANGE_LAST;;1;1;XEUR;72058053599445173;107;
06.12.2024;12:24:17.467;ASM SI 20250321 PS AM P 600.00 0;SIMPLE_INSTRUMENT;BLOCK;EUR;7;20.10000000;200;PRC_DECOMP_MEMBER;;;;XEUR;10830140;107;MEMBER
06.12.2024;12:24:17.467;ASM SI 20241220 PS AM P 600.00 0;SIMPLE_INSTRUMENT;BLOCK;EUR;7;1.25000000;200;PRC_DECOMP_MEMBER;;;;XEUR;10395673;107;MEMBER
06.12.2024;09:56:50.211;AXAG SI 20241220 CS;SIMPLE_INSTRUMENT;BLOCK;EUR;6;33.77400000;33000;EXCHANGE_LAST;;1;1;XEUR;7031589;125;
06.12.2024;10:49:38.962;AXAG SI 20241220 CS;SIMPLE_INSTRUMENT;BLOCK;EUR;14;33.77400000;4000;EXCHANGE_LAST;;1;1;XEUR;7031589;125;
06.12.2024;14:48:42.758;AXAG.S.DEC24.MAR25.SPD;FUTURES_SPREAD;BLOCK;EUR;49;-0.27500000;10000;EXCHANGE_LAST;;1;1;XEUR;72058130908840254;125;
06.12.2024;14:48:42.758;AXAG SI 20250321 CS;SIMPLE_INSTRUMENT;BLOCK;EUR;49;33.97690000;10000;PRC_DECOMP_EXCHANGE;;;;XEUR;10693637;125;EXCHANGE
06.12.2024;14:48:42.758;AXAG SI 20241220 CS;SIMPLE_INSTRUMENT;BLOCK;EUR;49;33.70190000;10000;PRC_DECOMP_EXCHANGE;;;;XEUR;7031589;125;EXCHANGE
06.12.2024;16:46:31.519;AXAG.S.DEC24.MAR25.SPD;FUTURES_SPREAD;BLOCK;EUR;74;-0.27500000;15000;EXCHANGE_LAST;;3;1;XEUR;72058130908840254;125;
06.12.2024;16:46:31.519;AXAG SI 20250321 CS;SIMPLE_INSTRUMENT;BLOCK;EUR;74;33.97690000;15000;PRC_DECOMP_EXCHANGE;;;;XEUR;10693637;125;EXCHANGE
06.12.2024;16:46:31.519;AXAG SI 20241220 CS;SIMPLE_INSTRUMENT;BLOCK;EUR;74;33.70190000;15000;PRC_DECOMP_EXCHANGE;;;;XEUR;7031589;125;EXCHANGE
06.12.2024;13:37:45.976;B2YG SI 20250321 CS;SIMPLE_INSTRUMENT;BLOCK;EUR;39;0.00100000;590;EXCHANGE_LAST;;2;1;XEUR;10433757;45713;
06.12.2024;11:08:45.172;B3BV SI 20251219 CS;SIMPLE_INSTRUMENT;BLOCK;EUR;17;0.75000000;1300;EXCHANGE_LAST;;2;1;XEUR;5914370;135;
06.12.2024;12:22:23.707;B3BV SI 20251219 CS;SIMPLE_INSTRUMENT;BLOCK;EUR;27;0.75000000;500;EXCHANGE_LAST;;1;1;XEUR;5914370;135;
06.12.2024;13:06:24.585;B3BV SI 20261218 CS;SIMPLE_INSTRUMENT;BLOCK;EUR;34;0.68000000;600;EXCHANGE_LAST;;1;2;XEUR;6798345;135;
06.12.2024;16:08:02.404;B3BV SI 20261218 CS;SIMPLE_INSTRUMENT;BLOCK;EUR;70;0.68000000;300;EXCHANGE_LAST;;1;1;XEUR;6798345;135;
06.12.2024;11:40:49.209;BARN.O.241206.PDIA.000003;STANDARD_OPTION_STRATEGY;BLOCK;CHF;24;38.80000000;400;EXCHANGE_LAST;;1;1;XEUR;72058233988061147;149;
06.12.2024;11:40:49.209;BARN SI 20241220 PS AM P 1280.00 0;SIMPLE_INSTRUMENT;BLOCK;CHF;24;10.67000000;400;PRC_DECOMP_EXCHANGE;;;;XEUR;8774076;149;EXCHANGE
06.12.2024;11:40:49.209;BARN SI 20250919 PS AM P 1160.00 0;SIMPLE_INSTRUMENT;BLOCK;CHF;24;49.47000000;400;PRC_DECOMP_EXCHANGE;;;;XEUR;11872540;149;EXCHANGE
06.12.2024;08:29:06.304;BAS SI 20241206 PS AM C 43.50 0;SIMPLE_INSTRUMENT;BLOCK;EUR;1;0.41000000;566;EXCHANGE_LAST;;1;1;XEUR;12139113;150;
06.12.2024;08:29:06.304;BAS SI 20241206 PS AM C 43.50 0;SIMPLE_INSTRUMENT;BLOCK;EUR;2;0.42000000;567;EXCHANGE_LAST;;1;1;XEUR;12139113;150;
06.12.2024;09:36:34.664;BAS SI 20241220 PS AM P 44.00 0;SIMPLE_INSTRUMENT;BLOCK;EUR;5;0.79000000;3500;EXCHANGE_LAST;;1;2;XEUR;4705204;150;
06.12.2024;08:51:06.317;BMW SI 20241220 PS AM P 72.00 0;SIMPLE_INSTRUMENT;BLOCK;EUR;2;0.38000000;1000;EXCHANGE_LAST;;1;1;XEUR;10398286;210;
06.12.2024;09:13:20.860;BMW SI 20241220 PS AM P 75.00 0;SIMPLE_INSTRUMENT;BLOCK;EUR;6;0.92000000;1200;EXCHANGE_LAST;;1;1;XEUR;11874584;210;
06.12.2024;10:03:09.938;BMW.O.241206.BR23.000009;STANDARD_OPTION_STRATEGY;BLOCK;EUR;7;-10.78000000;1000;EXCHANGE_LAST;;1;1;XEUR;72058495981107778;210;
06.12.2024;10:03:09.938;BMW SI 20251219 PS AM P 76.00 0;SIMPLE_INSTRUMENT;BLOCK;EUR;7;8.51000000;2000;PRC_DECOMP_MEMBER;;;;XEUR;5923232;210;MEMBER
06.12.2024;10:03:09.938;BMW SI 20251219 PS AM P 56.00 0;SIMPLE_INSTRUMENT;BLOCK;EUR;7;2.08000000;3000;PRC_DECOMP_MEMBER;;;;XEUR;6394062;210;MEMBER
06.12.2024;10:25:59.377;BMW SI 20241220 PS AM P 80.00 0;SIMPLE_INSTRUMENT;BLOCK;EUR;8;3.92000000;400;EXCHANGE_LAST;;1;1;XEUR;9106636;210;
06.12.2024;10:32:58.716;BMW.O.241206.BER.000011;STANDARD_OPTION_STRATEGY;BLOCK;EUR;10;0.68000000;1500;EXCHANGE_LAST;;1;1;XEUR;72058495981107780;210;
06.12.2024;10:32:58.716;BMW SI 20241220 PS AM P 70.00 0;SIMPLE_INSTRUMENT;BLOCK;EUR;10;0.26000000;1500;PRC_DECOMP_EXCHANGE;;;;XEUR;11838718;210;EXCHANGE
06.12.2024;10:32:58.716;BMW SI 20241220 PS AM P 75.00 0;SIMPLE_INSTRUMENT;BLOCK;EUR;10;0.94000000;1500;PRC_DECOMP_EXCHANGE;;;;XEUR;11874584;210;EXCHANGE
06.12.2024;11:30:03.481;BMW SI 20250620 PS AM C 84.00 0;SIMPLE_INSTRUMENT;BLOCK;EUR;16;2.94000000;1000;EXCHANGE_LAST;;1;1;XEUR;7899911;210;
06.12.2024;14:28:29.161;BMW SI 20241220 PS AM P 76.00 0;SIMPLE_INSTRUMENT;BLOCK;EUR;26;1.14000000;1500;EXCHANGE_LAST;;1;1;XEUR;4640268;210;
06.12.2024;16:10:26.254;BMW.O.241206.BR23.000009;STANDARD_OPTION_STRATEGY;BLOCK;EUR;31;-10.08000000;1250;EXCHANGE_LAST;;1;1;XEUR;72058495981107778;210;
06.12.2024;16:10:26.254;BMW SI 20251219 PS AM P 76.00 0;SIMPLE_INSTRUMENT;BLOCK;EUR;31;8.16000000;2500;PRC_DECOMP_MEMBER;;;;XEUR;5923232;210;MEMBER
06.12.2024;16:10:26.254;BMW SI 20251219 PS AM P 56.00 0;SIMPLE_INSTRUMENT;BLOCK;EUR;31;2.08000000;3750;PRC_DECOMP_MEMBER;;;;XEUR;6394062;210;MEMBER
06.12.2024;16:10:19.502;BMW.O.241206.BER.000020;STANDARD_OPTION_STRATEGY;BLOCK;EUR;32;6.40000000;750;EXCHANGE_LAST;;1;1;XEUR;72058495981107789;210;
06.12.2024;16:10:19.502;BMW SI 20241220 PS AM P 68.00 0;SIMPLE_INSTRUMENT;BLOCK;EUR;32;0.47000000;750;PRC_DECOMP_MEMBER;;;;XEUR;4640266;210;MEMBER
06.12.2024;16:10:19.502;BMW SI 20241220 PS AM P 84.00 0;SIMPLE_INSTRUMENT;BLOCK;EUR;32;6.87000000;750;PRC_DECOMP_MEMBER;;;;XEUR;4640270;210;MEMBER
06.12.2024;15:46:16.594;BNP SI 20261218 PS AM C 64.00 0;SIMPLE_INSTRUMENT;BLOCK;EUR;31;3.61000000;500;EXCHANGE_LAST;;1;1;XEUR;7154480;237;
06.12.2024;16:26:50.047;BSN.O.241206.STG.000007;STANDARD_OPTION_STRATEGY;BLOCK;EUR;34;4.16000000;500;EXCHANGE_LAST;;1;1;XEUR;72058629125062176;241;
06.12.2024;16:26:50.047;BSN SI 20251219 PS AM P 60.00 0;SIMPLE_INSTRUMENT;BLOCK;EUR;34;2.55000000;500;PRC_DECOMP_EXCHANGE;;;;XEUR;5923922;241;EXCHANGE
06.12.2024;16:26:50.047;BSN SI 20251219 PS AM C 72.00 0;SIMPLE_INSTRUMENT;BLOCK;EUR;34;1.61000000;500;PRC_DECOMP_EXCHANGE;;;;XEUR;5923925;241;EXCHANGE
06.12.2024;13:38:07.747;BYGG SI 20250321 CS;SIMPLE_INSTRUMENT;BLOCK;EUR;38;29.24700000;6700;EXCHANGE_LAST;;2;1;XEUR;10696354;281;
06.12.2024;09:49:20.358;CFR SI 20250117 PS AM C 150.00 0;SIMPLE_INSTRUMENT;BLOCK;CHF;5;0.51000000;1900;EXCHANGE_LAST;;1;1;XEUR;12361725;313;
06.12.2024;09:49:37.372;CFR SI 20241220 PS AM C 130.00 0;SIMPLE_INSTRUMENT;BLOCK;CHF;6;2.75000000;731;EXCHANGE_LAST;;1;1;XEUR;10400575;313;
06.12.2024;09:56:53.216;CFR.O.241206.BUL.000006;STANDARD_OPTION_STRATEGY;BLOCK;CHF;8;5.30000000;450;EXCHANGE_LAST;;1;1;XEUR;72058938362726101;313;
06.12.2024;09:56:53.216;CFR SI 20241220 PS AM C 122.00 0;SIMPLE_INSTRUMENT;BLOCK;CHF;8;8.05000000;450;PRC_DECOMP_MEMBER;;;;XEUR;11328186;313;MEMBER
06.12.2024;09:56:53.216;CFR SI 20241220 PS AM C 130.00 0;SIMPLE_INSTRUMENT;BLOCK;CHF;8;2.75000000;450;PRC_DECOMP_MEMBER;;;;XEUR;10400575;313;MEMBER
06.12.2024;11:09:22.873;CFR SI 20241220 PS AM P 128.00 0;SIMPLE_INSTRUMENT;BLOCK;CHF;20;2.15000000;400;EXCHANGE_LAST;;1;1;XEUR;11328177;313;
06.12.2024;14:25:27.562;CFRL SI 20241220 CS;SIMPLE_INSTRUMENT;BLOCK;CHF;45;130.24000000;3000;EXCHANGE_LAST;;2;1;XEUR;10093261;729453;
06.12.2024;09:04:49.879;CNYA SI 20241220 PS AM C 5.50 0;SIMPLE_INSTRUMENT;BLOCK;USD;1;0.01000000;250;EXCHANGE_LAST;;1;1;XEUR;10459526;666868;
06.12.2024;09:05:08.825;CNYA SI 20250221 PS AM C 5.30 0;SIMPLE_INSTRUMENT;BLOCK;USD;2;0.11000000;500;EXCHANGE_LAST;;1;1;XEUR;12280631;666868;
06.12.2024;08:20:36.029;CON SI 20250117 PS AM C 72.00 0;SIMPLE_INSTRUMENT;BLOCK;EUR;1;0.69000000;1275;EXCHANGE_LAST;;1;1;XEUR;12220087;414620;
06.12.2024;16:13:41.937;CON SI 20241220 PS AM C 64.00 0;SIMPLE_INSTRUMENT;BLOCK;EUR;34;2.70000000;1000;EXCHANGE_LAST;;1;2;XEUR;10454317;414620;
06.12.2024;11:13:08.117;D3AI SI 20251219 CS;SIMPLE_INSTRUMENT;BLOCK;EUR;19;3.93000000;200;EXCHANGE_LAST;;2;1;XEUR;7144062;443197;
06.12.2024;15:02:47.125;D3AI SI 20251219 CS;SIMPLE_INSTRUMENT;BLOCK;EUR;53;3.92000000;160;EXCHANGE_LAST;;1;1;XEUR;7144062;443197;
06.12.2024;09:10:12.224;DAI SI 20241220 PS AM C 56.00 0;SIMPLE_INSTRUMENT;BLOCK;EUR;3;0.32000000;1951;EXCHANGE_LAST;;1;1;XEUR;7349879;443196;
06.12.2024;09:10:15.534;DAI SI 20241206 PS AM C 54.00 0;SIMPLE_INSTRUMENT;BLOCK;EUR;4;0.15000000;1951;EXCHANGE_LAST;;1;1;XEUR;12145272;443196;
06.12.2024;09:13:57.224;DAI SI 20241220 PS AM C 54.00 0;SIMPLE_INSTRUMENT;BLOCK;EUR;5;0.99000000;2000;EXCHANGE_LAST;;1;1;XEUR;7349880;443196;
06.12.2024;10:32:58.553;DAI SI 20251219 PS AM C 58.00 0;SIMPLE_INSTRUMENT;BLOCK;EUR;11;2.95000000;1000;EXCHANGE_LAST;;1;1;XEUR;10374221;443196;
06.12.2024;12:11:09.260;DAI.O.241206.STD.000018;STANDARD_OPTION_STRATEGY;BLOCK;EUR;17;5.92000000;1000;EXCHANGE_LAST;;1;1;XEUR;73961106363662127;443196;
06.12.2024;12:11:09.260;DAI SI 20250321 PS AM P 54.00 0;SIMPLE_INSTRUMENT;BLOCK;EUR;17;2.82000000;1000;PRC_DECOMP_EXCHANGE;;;;XEUR;12203205;443196;EXCHANGE
06.12.2024;12:11:09.260;DAI SI 20250321 PS AM C 54.00 0;SIMPLE_INSTRUMENT;BLOCK;EUR;17;3.10000000;1000;PRC_DECOMP_EXCHANGE;;;;XEUR;12203204;443196;EXCHANGE
06.12.2024;13:27:44.656;DAI.O.241206.BUL.000021;STANDARD_OPTION_STRATEGY;BLOCK;EUR;20;0.45000000;3888;EXCHANGE_LAST;;1;1;XEUR;73961106363662130;443196;
06.12.2024;13:27:44.656;DAI SI 20250117 PS AM C 57.00 0;SIMPLE_INSTRUMENT;BLOCK;EUR;20;0.56000000;3888;PRC_DECOMP_MEMBER;;;;XEUR;12107438;443196;MEMBER
06.12.2024;13:27:44.656;DAI SI 20250117 PS AM C 60.00 0;SIMPLE_INSTRUMENT;BLOCK;EUR;20;0.11000000;3888;PRC_DECOMP_MEMBER;;;;XEUR;12107410;443196;MEMBER
06.12.2024;14:06:58.755;DAI.O.241206.RTSP.000022;STANDARD_OPTION_STRATEGY;BLOCK;EUR;23;-0.27000000;2500;EXCHANGE_LAST;;1;1;XEUR;73961106363662131;443196;
06.12.2024;14:06:58.755;DAI SI 20250620 PS AM P 48.00 0;SIMPLE_INSTRUMENT;BLOCK;EUR;23;2.52000000;2500;PRC_DECOMP_EXCHANGE;;;;XEUR;7934260;443196;EXCHANGE
06.12.2024;14:06:58.755;DAI SI 20251219 PS AM C 60.00 0;SIMPLE_INSTRUMENT;BLOCK;EUR;23;2.25000000;2500;PRC_DECOMP_EXCHANGE;;;;XEUR;7144524;443196;EXCHANGE
06.12.2024;14:23:06.617;DAI.O.241206.BUL.000010;STANDARD_OPTION_STRATEGY;BLOCK;EUR;25;0.62000000;3050;EXCHANGE_LAST;;2;2;XEUR;73961106363662119;443196;
06.12.2024;14:23:06.617;DAI SI 20241220 PS AM C 54.00 0;SIMPLE_INSTRUMENT;BLOCK;EUR;25;0.88000000;3050;PRC_DECOMP_EXCHANGE;;;;XEUR;7349880;443196;EXCHANGE
06.12.2024;14:23:06.617;DAI SI 20241220 PS AM C 56.00 0;SIMPLE_INSTRUMENT;BLOCK;EUR;25;0.26000000;3050;PRC_DECOMP_EXCHANGE;;;;XEUR;7349879;443196;EXCHANGE
06.12.2024;14:54:50.926;DAI SI 20241220 PS AM C 56.00 0;SIMPLE_INSTRUMENT;BLOCK;EUR;29;0.28000000;3000;EXCHANGE_LAST;;1;2;XEUR;7349879;443196;
06.12.2024;10:07:40.544;DPW SI 20241220 PS AM P 36.00 0;SIMPLE_INSTRUMENT;BLOCK;EUR;2;0.66000000;2500;EXCHANGE_LAST;;1;1;XEUR;4643148;445;
06.12.2024;10:26:45.948;DPW.N.241206.000012;NON_STANDARD_OPTION_STRATEGY;BLOCK;EUR;3;-0.28000000;1000;EXCHANGE_LAST;;1;2;XEUR;72059505298414141;445;
06.12.2024;10:26:45.948;DPW SI 20250321 PS AM P 32.00 0;SIMPLE_INSTRUMENT;BLOCK;EUR;3;0.42000000;2000;PRC_DECOMP_MEMBER;;;;XEUR;10836838;445;MEMBER
06.12.2024;10:26:45.948;DPW SI 20250221 PS AM C 38.00 0;SIMPLE_INSTRUMENT;BLOCK;EUR;3;0.56000000;1000;PRC_DECOMP_MEMBER;;;;XEUR;12243287;445;MEMBER
06.12.2024;10:33:14.139;DPW SI 20241220 PS AM P 36.00 0;SIMPLE_INSTRUMENT;BLOCK;EUR;5;0.82000000;4000;EXCHANGE_LAST;;1;1;XEUR;4643148;445;
06.12.2024;10:53:26.960;DPW.O.241206.STG.000013;STANDARD_OPTION_STRATEGY;BLOCK;EUR;6;3.37000000;2000;EXCHANGE_LAST;;1;1;XEUR;72059505298414142;445;
06.12.2024;10:53:26.960;DPW SI 20250620 PS AM C 37.00 0;SIMPLE_INSTRUMENT;BLOCK;EUR;6;1.55000000;2000;PRC_DECOMP_EXCHANGE;;;;XEUR;12361760;445;EXCHANGE
06.12.2024;10:53:26.960;DPW SI 20250620 PS AM P 34.00 0;SIMPLE_INSTRUMENT;BLOCK;EUR;6;1.82000000;2000;PRC_DECOMP_EXCHANGE;;;;XEUR;11357243;445;EXCHANGE
06.12.2024;14:43:56.703;DPW.O.241206.STG.000015;STANDARD_OPTION_STRATEGY;BLOCK;EUR;16;0.60000000;2000;EXCHANGE_LAST;;1;1;XEUR;72059505298414144;445;
06.12.2024;14:43:56.703;DPW SI 20250321 PS AM P 32.00 0;SIMPLE_INSTRUMENT;BLOCK;EUR;16;0.46000000;2000;PRC_DECOMP_EXCHANGE;;;;XEUR;10836838;445;EXCHANGE
06.12.2024;14:43:56.703;DPW SI 20250321 PS AM C 42.00 0;SIMPLE_INSTRUMENT;BLOCK;EUR;16;0.14000000;2000;PRC_DECOMP_EXCHANGE;;;;XEUR;10836806;445;EXCHANGE
06.12.2024;16:14:29.134;DPW SI 20250221 PS AM C 40.00 0;SIMPLE_INSTRUMENT;BLOCK;EUR;23;0.16000000;1500;EXCHANGE_LAST;;2;1;XEUR;12243262;445;
06.12.2024;16:19:34.309;DPW SI 20250221 PS AM C 40.00 0;SIMPLE_INSTRUMENT;BLOCK;EUR;24;0.16000000;1500;EXCHANGE_LAST;;1;1;XEUR;12243262;445;
06.12.2024;10:26:56.896;DTE.O.241206.BUL.000009;STANDARD_OPTION_STRATEGY;BLOCK;EUR;4;0.19000000;2750;EXCHANGE_LAST;;1;1;XEUR;72059415104106059;424;
06.12.2024;10:26:56.896;DTE SI 20250620 PS AM C 36.00 0;SIMPLE_INSTRUMENT;BLOCK;EUR;4;0.17000000;2750;PRC_DECOMP_EXCHANGE;;;;XEUR;8215290;424;EXCHANGE
06.12.2024;10:26:56.896;DTE SI 20250620 PS AM C 34.00 0;SIMPLE_INSTRUMENT;BLOCK;EUR;4;0.36000000;2750;PRC_DECOMP_EXCHANGE;;;;XEUR;11356822;424;EXCHANGE
06.12.2024;11:41:48.885;DTE SI 20250321 PS AM P 30.00 0;SIMPLE_INSTRUMENT;BLOCK;EUR;8;0.59000000;1500;EXCHANGE_LAST;;1;1;XEUR;10836583;424;
06.12.2024;16:30:26.037;DTE.O.241206.BER.000024;STANDARD_OPTION_STRATEGY;BLOCK;EUR;25;0.15000000;18000;EXCHANGE_LAST;;1;1;XEUR;72059415104106074;424;
06.12.2024;16:30:26.037;DTE SI 20250117 PS AM P 29.00 0;SIMPLE_INSTRUMENT;BLOCK;EUR;25;0.10000000;18000;PRC_DECOMP_MEMBER;;;;XEUR;12072875;424;MEMBER
06.12.2024;16:30:26.037;DTE SI 20250117 PS AM P 30.00 0;SIMPLE_INSTRUMENT;BLOCK;EUR;25;0.25000000;18000;PRC_DECOMP_MEMBER;;;;XEUR;12072913;424;MEMBER
06.12.2024;16:18:16.532;E2NG SI 20241220 CS;SIMPLE_INSTRUMENT;BLOCK;EUR;72;2.14000000;525;EXCHANGE_LAST;;1;1;XEUR;6858178;412280;
06.12.2024;10:47:33.291;E2NL SI 20251219 CS;SIMPLE_INSTRUMENT;BLOCK;EUR;12;0.46000000;900;EXCHANGE_LAST;;1;1;XEUR;3681293;471;
06.12.2024;12:28:31.011;E2NL SI 20250321 CS;SIMPLE_INSTRUMENT;BLOCK;EUR;29;0.21500000;17160;EXCHANGE_LAST;;1;1;XEUR;10403435;471;
06.12.2024;13:47:54.133;E2NL SI 20250321 CS;SIMPLE_INSTRUMENT;BLOCK;EUR;42;0.21500000;3080;EXCHANGE_LAST;;1;1;XEUR;10403435;471;
06.12.2024;14:42:12.744;E2NT SI 20281215 CS;SIMPLE_INSTRUMENT;BLOCK;EUR;47;0.78500000;650;EXCHANGE_LAST;;1;1;XEUR;6802271;470;
06.12.2024;16:10:27.048;EG4F SI 20241220 CS;SIMPLE_INSTRUMENT;BLOCK;EUR;71;12.69510000;6000;EXCHANGE_LAST;;1;1;XEUR;7034666;448;
06.12.2024;12:27:06.857;ENLH.S.DEC24.MAR25.SPD;FUTURES_SPREAD;BLOCK;EUR;28;0.13300000;39000;EXCHANGE_LAST;;1;1;XEUR;74312348789112872;524976;
06.12.2024;12:27:06.857;ENLH SI 20250320 CS;SIMPLE_INSTRUMENT;BLOCK;EUR;28;6.88500000;39000;PRC_DECOMP_EXCHANGE;;;;XEUR;10690796;524976;EXCHANGE
06.12.2024;12:27:06.857;ENLH SI 20241219 CS;SIMPLE_INSTRUMENT;BLOCK;EUR;28;7.01800000;39000;PRC_DECOMP_EXCHANGE;;;;XEUR;7935846;524976;EXCHANGE
06.12.2024;13:41:34.380;ENLH.S.DEC24.MAR25.SPD;FUTURES_SPREAD;BLOCK;EUR;40;0.13300000;7000;EXCHANGE_LAST;;1;1;XEUR;74312348789112872;524976;
06.12.2024;13:41:34.380;ENLH SI 20241219 CS;SIMPLE_INSTRUMENT;BLOCK;EUR;40;7.01800000;7000;PRC_DECOMP_MEMBER;;;;XEUR;7935846;524976;MEMBER
06.12.2024;13:41:34.380;ENLH SI 20250320 CS;SIMPLE_INSTRUMENT;BLOCK;EUR;40;6.88500000;7000;PRC_DECOMP_MEMBER;;;;XEUR;10690796;524976;MEMBER
06.12.2024;14:50:47.874;ENR SI 20250620 PS AM C 18.00 0;SIMPLE_INSTRUMENT;BLOCK;EUR;17;33.90000000;7200;EXCHANGE_LAST;;1;1;XEUR;7930623;298530;
06.12.2024;14:49:59.871;ENR SI 20241220 PS AM C 18.00 0;SIMPLE_INSTRUMENT;BLOCK;EUR;18;33.30000000;7200;EXCHANGE_LAST;;1;1;XEUR;5706886;298530;
06.12.2024;09:59:33.267;ESL SI 20250321 PS AM C 240.00 0;SIMPLE_INSTRUMENT;BLOCK;EUR;8;7.10000000;300;EXCHANGE_LAST;;1;1;XEUR;10838334;481;
06.12.2024;09:24:36.401;F3TE SI 20241220 CS;SIMPLE_INSTRUMENT;BLOCK;EUR;3;0.72000000;2633;EXCHANGE_LAST;;1;1;XEUR;6633907;390379;
06.12.2024;09:51:46.455;F3TE SI 20241220 CS;SIMPLE_INSTRUMENT;BLOCK;EUR;5;0.72000000;4388;EXCHANGE_LAST;;1;1;XEUR;6633907;390379;
06.12.2024;08:48:42.837;FBTP SI 20250306 PS;SIMPLE_INSTRUMENT;EFP_FIN;EUR;1;123.03000000;742;EXCHANGE_LAST;;1;1;XEUR;11286675;636;
06.12.2024;09:06:10.834;FBTP SI 20250306 PS;SIMPLE_INSTRUMENT;EFP_FIN;EUR;2;123.17000000;400;EXCHANGE_LAST;;1;1;XEUR;11286675;636;
06.12.2024;09:14:38.026;FBTP SI 20250306 PS;SIMPLE_INSTRUMENT;EFP_FIN;EUR;3;123.13000000;102;EXCHANGE_LAST;;1;1;XEUR;11286675;636;
06.12.2024;09:15:45.989;FBTP SI 20250306 PS;SIMPLE_INSTRUMENT;EFP_FIN;EUR;4;123.12000000;1342;EXCHANGE_LAST;;1;1;XEUR;11286675;636;
06.12.2024;09:22:34.038;FBTP SI 20250306 PS;SIMPLE_INSTRUMENT;EFP_FIN;EUR;5;123.13000000;944;EXCHANGE_LAST;;1;1;XEUR;11286675;636;
06.12.2024;09:31:06.334;FBTP SI 20250306 PS;SIMPLE_INSTRUMENT;EFP_FIN;EUR;6;123.12000000;492;EXCHANGE_LAST;;1;1;XEUR;11286675;636;
06.12.2024;09:31:05.461;FBTP SI 20250306 PS;SIMPLE_INSTRUMENT;EFP_FIN;EUR;7;123.04000000;895;EXCHANGE_LAST;;1;1;XEUR;11286675;636;
06.12.2024;09:33:28.516;FBTP SI 20250306 PS;SIMPLE_INSTRUMENT;EFP_FIN;EUR;8;123.00000000;1374;EXCHANGE_LAST;;1;1;XEUR;11286675;636;
06.12.2024;09:37:14.580;FBTP SI 20250306 PS;SIMPLE_INSTRUMENT;EFP_FIN;EUR;9;123.03000000;1845;EXCHANGE_LAST;;1;1;XEUR;11286675;636;
06.12.2024;09:37:25.442;FBTP SI 20250306 PS;SIMPLE_INSTRUMENT;EFP_FIN;EUR;10;123.03000000;698;EXCHANGE_LAST;;1;1;XEUR;11286675;636;
06.12.2024;09:38:58.559;FBTP SI 20250306 PS;SIMPLE_INSTRUMENT;EFP_FIN;EUR;11;123.04000000;1325;EXCHANGE_LAST;;1;1;XEUR;11286675;636;
06.12.2024;09:46:58.982;FBTP SI 20250306 PS;SIMPLE_INSTRUMENT;EFP_FIN;EUR;12;123.09000000;224;EXCHANGE_LAST;;1;1;XEUR;11286675;636;
06.12.2024;10:10:38.122;FBTP SI 20250306 PS;SIMPLE_INSTRUMENT;EFP_FIN;EUR;13;123.15000000;333;EXCHANGE_LAST;;1;1;XEUR;11286675;636;
06.12.2024;10:11:31.686;FBTP SI 20250306 PS;SIMPLE_INSTRUMENT;EFP_FIN;EUR;14;123.15000000;1790;EXCHANGE_LAST;;1;1;XEUR;11286675;636;
06.12.2024;10:13:22.131;FBTP SI 20250306 PS;SIMPLE_INSTRUMENT;EFP_FIN;EUR;15;123.01000000;2238;EXCHANGE_LAST;;1;1;XEUR;11286675;636;
06.12.2024;10:15:56.024;FBTP SI 20250306 PS;SIMPLE_INSTRUMENT;EFP_FIN;EUR;16;123.07000000;895;EXCHANGE_LAST;;1;1;XEUR;11286675;636;
06.12.2024;10:20:16.085;FBTP SI 20250306 PS;SIMPLE_INSTRUMENT;EFP_FIN;EUR;17;123.15000000;858;EXCHANGE_LAST;;1;1;XEUR;11286675;636;
06.12.2024;10:28:06.175;FBTP SI 20250306 PS;SIMPLE_INSTRUMENT;EFP_FIN;EUR;18;123.09000000;166;EXCHANGE_LAST;;1;1;XEUR;11286675;636;
06.12.2024;10:55:46.136;FBTP SI 20250306 PS;SIMPLE_INSTRUMENT;EFP_FIN;EUR;19;123.06000000;1566;EXCHANGE_LAST;;1;1;XEUR;11286675;636;
06.12.2024;11:14:30.777;FBTP SI 20250306 PS;SIMPLE_INSTRUMENT;EFP_FIN;EUR;20;123.07000000;426;EXCHANGE_LAST;;1;1;XEUR;11286675;636;
06.12.2024;11:14:14.775;FBTP SI 20250306 PS;SIMPLE_INSTRUMENT;EFP_FIN;EUR;21;123.07000000;178;EXCHANGE_LAST;;1;1;XEUR;11286675;636;
06.12.2024;11:18:28.572;FBTP SI 20250306 PS;SIMPLE_INSTRUMENT;EFP_FIN;EUR;22;123.12000000;224;EXCHANGE_LAST;;1;1;XEUR;11286675;636;
06.12.2024;11:21:16.794;FBTP SI 20250306 PS;SIMPLE_INSTRUMENT;EFP_FIN;EUR;23;123.07000000;342;EXCHANGE_LAST;;1;1;XEUR;11286675;636;
06.12.2024;11:32:34.831;FBTP SI 20250306 PS;SIMPLE_INSTRUMENT;EFP_FIN;EUR;24;123.07000000;404;EXCHANGE_LAST;;1;1;XEUR;11286675;636;
06.12.2024;11:37:06.844;FBTP SI 20250306 PS;SIMPLE_INSTRUMENT;EFP_FIN;EUR;25;123.07000000;138;EXCHANGE_LAST;;1;1;XEUR;11286675;636;
06.12.2024;11:38:57.851;FBTP SI 20250306 PS;SIMPLE_INSTRUMENT;EFP_FIN;EUR;26;123.07000000;67;EXCHANGE_LAST;;1;1;XEUR;11286675;636;
06.12.2024;11:41:02.857;FBTP SI 20250306 PS;SIMPLE_INSTRUMENT;EFP_FIN;EUR;27;123.07000000;99;EXCHANGE_LAST;;1;1;XEUR;11286675;636;
06.12.2024;11:41:06.858;FBTP SI 20250306 PS;SIMPLE_INSTRUMENT;EFP_FIN;EUR;28;123.07000000;276;EXCHANGE_LAST;;1;1;XEUR;11286675;636;
06.12.2024;11:51:04.901;FBTP SI 20250306 PS;SIMPLE_INSTRUMENT;EFP_FIN;EUR;29;123.03000000;895;EXCHANGE_LAST;;1;1;XEUR;11286675;636;
06.12.2024;11:51:19.865;FBTP SI 20250306 PS;SIMPLE_INSTRUMENT;EFP_FIN;EUR;30;122.95000000;680;EXCHANGE_LAST;;1;1;XEUR;11286675;636;
06.12.2024;12:44:34.550;FBTP SI 20250306 PS;SIMPLE_INSTRUMENT;EFP_FIN;EUR;31;123.03000000;269;EXCHANGE_LAST;;1;1;XEUR;11286675;636;
06.12.2024;12:44:34.550;FBTP SI 20250306 PS;SIMPLE_INSTRUMENT;EFP_FIN;EUR;32;123.03000000;179;EXCHANGE_LAST;;1;1;XEUR;11286675;636;
06.12.2024;12:44:34.550;FBTP SI 20250306 PS;SIMPLE_INSTRUMENT;EFP_FIN;EUR;33;123.03000000;394;EXCHANGE_LAST;;1;1;XEUR;11286675;636;
06.12.2024;12:44:34.550;FBTP SI 20250306 PS;SIMPLE_INSTRUMENT;EFP_FIN;EUR;34;123.03000000;385;EXCHANGE_LAST;;1;1;XEUR;11286675;636;
06.12.2024;13:05:12.700;FBTP SI 20250306 PS;SIMPLE_INSTRUMENT;EFP_FIN;EUR;35;122.98000000;448;EXCHANGE_LAST;;1;1;XEUR;11286675;636;
06.12.2024;14:09:15.638;FBTP SI 20250306 PS;SIMPLE_INSTRUMENT;EFP_FIN;EUR;36;123.07000000;232;EXCHANGE_LAST;;1;1;XEUR;11286675;636;
06.12.2024;14:31:52.540;FBTP SI 20250306 PS;SIMPLE_INSTRUMENT;EFP_FIN;EUR;37;123.09000000;90;EXCHANGE_LAST;;1;1;XEUR;11286675;636;
06.12.2024;14:47:34.832;FBTP SI 20250306 PS;SIMPLE_INSTRUMENT;EFP_FIN;EUR;38;123.20000000;229;EXCHANGE_LAST;;1;1;XEUR;11286675;636;
06.12.2024;15:01:10.966;FBTP SI 20250306 PS;SIMPLE_INSTRUMENT;BLOCK;EUR;39;123.16000000;464;EXCHANGE_LAST;;1;1;XEUR;11286675;636;
06.12.2024;15:03:22.049;FBTP SI 20250306 PS;SIMPLE_INSTRUMENT;BLOCK;EUR;40;123.16000000;1410;EXCHANGE_LAST;;1;1;XEUR;11286675;636;
06.12.2024;15:04:09.613;FBTP SI 20250306 PS;SIMPLE_INSTRUMENT;BLOCK;EUR;41;123.12000000;340;EXCHANGE_LAST;;1;1;XEUR;11286675;636;
06.12.2024;15:04:20.460;FBTP SI 20250306 PS;SIMPLE_INSTRUMENT;EFS;EUR;42;123.08000000;536;EXCHANGE_LAST;;1;1;XEUR;11286675;636;
06.12.2024;15:07:22.782;FBTP SI 20250306 PS;SIMPLE_INSTRUMENT;BLOCK;EUR;43;123.16000000;1029;EXCHANGE_LAST;;1;1;XEUR;11286675;636;
06.12.2024;15:28:49.887;FBTP SI 20250306 PS;SIMPLE_INSTRUMENT;EFP_FIN;EUR;44;123.04000000;447;EXCHANGE_LAST;;1;1;XEUR;11286675;636;
06.12.2024;15:35:46.255;FBTP SI 20250306 PS;SIMPLE_INSTRUMENT;EFP_FIN;EUR;45;123.03000000;473;EXCHANGE_LAST;;1;1;XEUR;11286675;636;
06.12.2024;15:37:14.120;FBTP SI 20250306 PS;SIMPLE_INSTRUMENT;EFP_FIN;EUR;46;123.02000000;229;EXCHANGE_LAST;;1;1;XEUR;11286675;636;
06.12.2024;15:38:31.193;FBTP SI 20250306 PS;SIMPLE_INSTRUMENT;BLOCK;EUR;47;123.02000000;651;EXCHANGE_LAST;;1;1;XEUR;11286675;636;
06.12.2024;15:46:29.055;FBTP SI 20250306 PS;SIMPLE_INSTRUMENT;EFP_FIN;EUR;48;123.00000000;122;EXCHANGE_LAST;;1;1;XEUR;11286675;636;
06.12.2024;16:08:50.254;FBTP SI 20250306 PS;SIMPLE_INSTRUMENT;EFP_FIN;EUR;49;122.86000000;985;EXCHANGE_LAST;;1;1;XEUR;11286675;636;
06.12.2024;16:13:30.216;FBTP SI 20250306 PS;SIMPLE_INSTRUMENT;EFP_FIN;EUR;50;122.88000000;1342;EXCHANGE_LAST;;1;1;XEUR;11286675;636;
06.12.2024;16:22:51.751;FBTP SI 20250306 PS;SIMPLE_INSTRUMENT;EFP_FIN;EUR;51;122.88000000;1343;EXCHANGE_LAST;;1;1;XEUR;11286675;636;
06.12.2024;17:08:52.424;FBTP SI 20250306 PS;SIMPLE_INSTRUMENT;EFP_FIN;EUR;52;123.03000000;1558;EXCHANGE_LAST;;1;1;XEUR;11286675;636;
06.12.2024;08:29:24.251;FBTS SI 20250306 PS;SIMPLE_INSTRUMENT;EFP_FIN;EUR;2;107.70000000;766;EXCHANGE_LAST;;1;1;XEUR;11286677;639;
06.12.2024;08:39:43.741;FBTS SI 20250306 PS;SIMPLE_INSTRUMENT;EFP_FIN;EUR;3;107.69000000;626;EXCHANGE_LAST;;1;1;XEUR;11286677;639;
06.12.2024;08:53:59.216;FBTS SI 20250306 PS;SIMPLE_INSTRUMENT;EFP_FIN;EUR;4;107.71000000;1462;EXCHANGE_LAST;;1;1;XEUR;11286677;639;
06.12.2024;09:07:09.795;FBTS SI 20250306 PS;SIMPLE_INSTRUMENT;BLOCK;EUR;6;107.73000000;1461;EXCHANGE_LAST;;1;1;XEUR;11286677;639;
06.12.2024;09:09:19.254;FBTS SI 20250306 PS;SIMPLE_INSTRUMENT;EFP_FIN;EUR;7;107.73000000;454;EXCHANGE_LAST;;1;1;XEUR;11286677;639;
06.12.2024;09:23:49.857;FBTS SI 20250306 PS;SIMPLE_INSTRUMENT;EFP_FIN;EUR;8;107.70000000;1704;EXCHANGE_LAST;;1;1;XEUR;11286677;639;
06.12.2024;09:26:08.695;FBTS SI 20250306 PS;SIMPLE_INSTRUMENT;EFP_FIN;EUR;9;107.71000000;91;EXCHANGE_LAST;;1;1;XEUR;11286677;639;
06.12.2024;09:27:45.706;FBTS SI 20250306 PS;SIMPLE_INSTRUMENT;EFP_FIN;EUR;10;107.69000000;908;EXCHANGE_LAST;;1;1;XEUR;11286677;639;
06.12.2024;09:35:05.543;FBTS SI 20250306 PS;SIMPLE_INSTRUMENT;EFP_FIN;EUR;11;107.70000000;162;EXCHANGE_LAST;;1;1;XEUR;11286677;639;
06.12.2024;09:35:14.211;FBTS SI 20250306 PS;SIMPLE_INSTRUMENT;EFP_FIN;EUR;12;107.71000000;661;EXCHANGE_LAST;;1;1;XEUR;11286677;639;
06.12.2024;10:07:00.871;FBTS SI 20250306 PS;SIMPLE_INSTRUMENT;EFP_FIN;EUR;14;107.72000000;318;EXCHANGE_LAST;;1;1;XEUR;11286677;639;
06.12.2024;10:20:06.136;FBTS SI 20250306 PS;SIMPLE_INSTRUMENT;EFP_FIN;EUR;16;107.72000000;65;EXCHANGE_LAST;;1;1;XEUR;11286677;639;
06.12.2024;10:35:04.028;FBTS SI 20250306 PS;SIMPLE_INSTRUMENT;EFP_FIN;EUR;17;107.72000000;162;EXCHANGE_LAST;;1;1;XEUR;11286677;639;
06.12.2024;10:52:21.165;FBTS SI 20250306 PS;SIMPLE_INSTRUMENT;EFP_FIN;EUR;19;107.71000000;318;EXCHANGE_LAST;;1;1;XEUR;11286677;639;
06.12.2024;10:56:57.287;FBTS SI 20250306 PS;SIMPLE_INSTRUMENT;BLOCK;EUR;20;107.70000000;618;EXCHANGE_LAST;;1;1;XEUR;11286677;639;
06.12.2024;11:31:57.843;FBTS SI 20250306 PS;SIMPLE_INSTRUMENT;EFP_FIN;EUR;23;107.70000000;1235;EXCHANGE_LAST;;1;1;XEUR;11286677;639;
06.12.2024;11:40:41.479;FBTS SI 20250306 PS;SIMPLE_INSTRUMENT;EFP_FIN;EUR;25;107.72000000;1325;EXCHANGE_LAST;;1;1;XEUR;11286677;639;
06.12.2024;11:41:32.996;FBTS SI 20250306 PS;SIMPLE_INSTRUMENT;EFP_FIN;EUR;26;107.70000000;91;EXCHANGE_LAST;;1;1;XEUR;11286677;639;
06.12.2024;11:42:16.061;FBTS SI 20250306 PS;SIMPLE_INSTRUMENT;EFP_FIN;EUR;27;107.71000000;975;EXCHANGE_LAST;;1;1;XEUR;11286677;639;
06.12.2024;13:25:24.101;FBTS SI 20250306 PS;SIMPLE_INSTRUMENT;EFP_FIN;EUR;33;107.71000000;1022;EXCHANGE_LAST;;1;1;XEUR;11286677;639;
06.12.2024;13:47:46.552;FBTS SI 20250306 PS;SIMPLE_INSTRUMENT;EFP_FIN;EUR;34;107.70000000;1134;EXCHANGE_LAST;;1;1;XEUR;11286677;639;
06.12.2024;15:46:08.135;FBTS SI 20250306 PS;SIMPLE_INSTRUMENT;EFP_FIN;EUR;37;107.78000000;1051;EXCHANGE_LAST;;1;1;XEUR;11286677;639;
06.12.2024;16:00:59.991;FBTS SI 20250306 PS;SIMPLE_INSTRUMENT;EFP_FIN;EUR;40;107.78000000;2628;EXCHANGE_LAST;;1;1;XEUR;11286677;639;
06.12.2024;16:08:08.669;FBTS SI 20250306 PS;SIMPLE_INSTRUMENT;EFP_FIN;EUR;41;107.78000000;526;EXCHANGE_LAST;;1;1;XEUR;11286677;639;
06.12.2024;16:24:14.583;FBTS SI 20250306 PS;SIMPLE_INSTRUMENT;EFP_FIN;EUR;42;107.76000000;526;EXCHANGE_LAST;;1;1;XEUR;11286677;639;
06.12.2024;16:28:35.603;FBTS SI 20250306 PS;SIMPLE_INSTRUMENT;BLOCK;EUR;43;107.79000000;1840;EXCHANGE_LAST;;1;1;XEUR;11286677;639;
06.12.2024;16:35:03.836;FBTS SI 20250306 PS;SIMPLE_INSTRUMENT;BLOCK;EUR;44;107.78000000;454;EXCHANGE_LAST;;1;1;XEUR;11286677;639;
06.12.2024;16:54:36.331;FBTS SI 20250306 PS;SIMPLE_INSTRUMENT;EFP_FIN;EUR;47;107.78000000;1153;EXCHANGE_LAST;;1;1;XEUR;11286677;639;
06.12.2024;17:10:15.494;FBTS SI 20250306 PS;SIMPLE_INSTRUMENT;EFP_FIN;EUR;48;107.80000000;70;EXCHANGE_LAST;;1;1;XEUR;11286677;639;
06.12.2024;17:11:14.030;FBTS SI 20250306 PS;SIMPLE_INSTRUMENT;BLOCK;EUR;49;107.80000000;165;EXCHANGE_LAST;;1;1;XEUR;11286677;639;
06.12.2024;15:59:46.054;FCBU SI 20250103 CS;SIMPLE_INSTRUMENT;BLOCK;USD;3;0.16465000;200;EXCHANGE_LAST;;1;1;XEUR;10519769;570870;
06.12.2024;14:05:27.579;FCEU SI 20251215 PS;SIMPLE_INSTRUMENT;BLOCK;USD;2;1.08130000;840;EXCHANGE_LAST;;1;1;XEUR;8839526;369376;
06.12.2024;13:50:46.137;FCZU SI 20241216 CS;SIMPLE_INSTRUMENT;BLOCK;USD;1;0.05560000;80;EXCHANGE_LAST;;1;1;XEUR;10921064;570872;
06.12.2024;16:55:08.701;FDAX SI 20241220 CS;SIMPLE_INSTRUMENT;EFP_IDX;EUR;1;20416.00000000;22;EXCHANGE_LAST;;1;1;XEUR;7296065;589;
06.12.2024;16:55:08.681;FDAX SI 20241220 CS;SIMPLE_INSTRUMENT;EFP_IDX;EUR;2;20417.00000000;3;EXCHANGE_LAST;;1;1;XEUR;7296065;589;
06.12.2024;11:26:44.488;FDAX SI 20241220 CS;SIMPLE_INSTRUMENT;VOLA;EUR;671088647;20437.00000000;154;EXCHANGE_LAST;;1;1;XEUR;7296065;589;
06.12.2024;14:37:15.740;FDAX SI 20241220 CS;SIMPLE_INSTRUMENT;VOLA;EUR;671088656;20431.00000000;13;EXCHANGE_LAST;;1;1;XEUR;7296065;589;
06.12.2024;10:02:18.448;FEBD SI 20261218 CS;SIMPLE_INSTRUMENT;BLOCK;EUR;2;9.45000000;1000;EXCHANGE_LAST;;2;2;XEUR;7158212;597;
06.12.2024;15:07:32.318;FECX SI 20241220 CS;SIMPLE_INSTRUMENT;BLOCK;EUR;35;166.56000000;45;EXCHANGE_LAST;;1;1;XEUR;10920731;410158;
06.12.2024;15:01:15.106;FEHY SI 20241220 CS;SIMPLE_INSTRUMENT;BLOCK;EUR;34;294.18000000;100;EXCHANGE_LAST;;1;1;XEUR;10921067;574047;
06.12.2024;15:21:31.506;FESB SI 20241220 CS;SIMPLE_INSTRUMENT;BLOCK;EUR;42;145.85000000;2400;EXCHANGE_LAST;;1;1;XEUR;10838895;605;
06.12.2024;16:02:48.712;FESB SI 20241220 CS;SIMPLE_INSTRUMENT;BLOCK;EUR;43;145.45000000;3000;EXCHANGE_LAST;;1;1;XEUR;10838895;605;
06.12.2024;11:45:17.560;FESB SI 20241220 CS;SIMPLE_INSTRUMENT;VOLA;EUR;603979793;147.00000000;2600;EXCHANGE_LAST;;1;1;XEUR;10838895;605;
06.12.2024;11:46:48.660;FESB SI 20241220 CS;SIMPLE_INSTRUMENT;VOLA;EUR;603979794;147.00000000;2775;EXCHANGE_LAST;;1;1;XEUR;10838895;605;
06.12.2024;11:48:55.842;FESB SI 20241220 CS;SIMPLE_INSTRUMENT;VOLA;EUR;603979795;147.00000000;2775;EXCHANGE_LAST;;1;1;XEUR;10838895;605;
06.12.2024;11:49:54.009;FESB SI 20241220 CS;SIMPLE_INSTRUMENT;VOLA;EUR;603979796;147.00000000;2600;EXCHANGE_LAST;;1;1;XEUR;10838895;605;
06.12.2024;12:37:19.070;FESB SI 20241220 CS;SIMPLE_INSTRUMENT;VOLA;EUR;603979805;147.80000000;300;EXCHANGE_LAST;;1;1;XEUR;10838895;605;
06.12.2024;15:26:54.096;FESB SI 20241220 CS;SIMPLE_INSTRUMENT;VOLA;EUR;603979829;146.15000000;600;EXCHANGE_LAST;;1;1;XEUR;10838895;605;
06.12.2024;16:49:58.177;FESX SI 20241220 CS;SIMPLE_INSTRUMENT;EFP_IDX;EUR;1;4986.00000000;34;EXCHANGE_LAST;;1;1;XEUR;7793479;675;
06.12.2024;16:50:18.719;FESX SI 20241220 CS;SIMPLE_INSTRUMENT;EFP_IDX;EUR;2;4985.00000000;89;EXCHANGE_LAST;;1;1;XEUR;7793479;675;
06.12.2024;16:52:48.601;FESX SI 20241220 CS;SIMPLE_INSTRUMENT;EFP_IDX;EUR;3;4984.00000000;18;EXCHANGE_LAST;;1;1;XEUR;7793479;675;
06.12.2024;16:53:26.587;FESX SI 20241220 CS;SIMPLE_INSTRUMENT;EFP_IDX;EUR;4;4985.00000000;133;EXCHANGE_LAST;;1;1;XEUR;7793479;675;
06.12.2024;10:07:45.340;FESX SI 20241220 CS;SIMPLE_INSTRUMENT;VOLA;EUR;637534253;4985.00000000;140;EXCHANGE_LAST;;1;1;XEUR;7793479;675;
06.12.2024;10:10:00.388;FESX SI 20241220 CS;SIMPLE_INSTRUMENT;VOLA;EUR;637534257;4985.00000000;70;EXCHANGE_LAST;;1;1;XEUR;7793479;675;
06.12.2024;10:21:27.109;FESX SI 20241220 CS;SIMPLE_INSTRUMENT;VOLA;EUR;637534263;4983.00000000;147;EXCHANGE_LAST;;1;1;XEUR;7793479;675;
06.12.2024;10:33:39.634;FESX SI 20241220 CS;SIMPLE_INSTRUMENT;VOLA;EUR;637534267;4982.00000000;585;EXCHANGE_LAST;;1;1;XEUR;7793479;675;
06.12.2024;11:10:40.736;FESX SI 20241220 CS;SIMPLE_INSTRUMENT;VOLA;EUR;637534281;4984.00000000;131;EXCHANGE_LAST;;1;1;XEUR;7793479;675;
06.12.2024;11:10:57.067;FESX SI 20241220 CS;SIMPLE_INSTRUMENT;VOLA;EUR;637534282;4983.00000000;316;EXCHANGE_LAST;;1;1;XEUR;7793479;675;
06.12.2024;12:36:18.557;FESX SI 20241220 CS;SIMPLE_INSTRUMENT;VOLA;EUR;637534312;4988.00000000;80;EXCHANGE_LAST;;1;1;XEUR;7793479;675;
06.12.2024;12:38:27.463;FESX SI 20241220 CS;SIMPLE_INSTRUMENT;VOLA;EUR;637534313;4986.00000000;72;EXCHANGE_LAST;;1;1;XEUR;7793479;675;
06.12.2024;13:35:48.185;FESX SI 20241220 CS;SIMPLE_INSTRUMENT;VOLA;EUR;637534336;4988.00000000;110;EXCHANGE_LAST;;1;1;XEUR;7793479;675;
06.12.2024;15:13:08.460;FESX SI 20241220 CS;SIMPLE_INSTRUMENT;VOLA;EUR;637534366;4980.00000000;1500;EXCHANGE_LAST;;1;1;XEUR;7793479;675;
06.12.2024;15:25:20.377;FESX SI 20241220 CS;SIMPLE_INSTRUMENT;VOLA;EUR;637534376;4985.00000000;165;EXCHANGE_LAST;;1;1;XEUR;7793479;675;
06.12.2024;15:42:14.040;FESX SI 20241220 CS;SIMPLE_INSTRUMENT;VOLA;EUR;637534385;4987.00000000;433;EXCHANGE_LAST;;1;1;XEUR;7793479;675;
06.12.2024;15:45:30.646;FESX SI 20241220 CS;SIMPLE_INSTRUMENT;VOLA;EUR;637534389;4984.00000000;1920;EXCHANGE_LAST;;1;1;XEUR;7793479;675;
06.12.2024;15:59:51.721;FESX SI 20241220 CS;SIMPLE_INSTRUMENT;VOLA;EUR;637534393;4985.00000000;120;EXCHANGE_LAST;;1;1;XEUR;7793479;675;
06.12.2024;16:19:23.538;FESX SI 20241220 CS;SIMPLE_INSTRUMENT;VOLA;EUR;637534406;4980.00000000;420;EXCHANGE_LAST;;1;1;XEUR;7793479;675;
06.12.2024;16:48:49.826;FESZ SI 20241220 CS;SIMPLE_INSTRUMENT;EFP_IDX;EUR;3;1349.60000000;84;EXCHANGE_LAST;;1;1;XEUR;10839551;700;
06.12.2024;16:49:36.774;FESZ SI 20241220 CS;SIMPLE_INSTRUMENT;EFP_IDX;EUR;4;1349.70000000;36;EXCHANGE_LAST;;1;1;XEUR;10839551;700;
06.12.2024;10:06:54.966;FEXD SI 20261218 CS;SIMPLE_INSTRUMENT;BLOCK;EUR;5;153.00000000;100;EXCHANGE_LAST;;1;1;XEUR;2163053;693;
06.12.2024;10:11:08.578;FEXD SI 20261218 CS;SIMPLE_INSTRUMENT;BLOCK;EUR;6;153.00000000;100;EXCHANGE_LAST;;1;1;XEUR;2163053;693;
06.12.2024;10:11:24.779;FEXD SI 20291221 CS;SIMPLE_INSTRUMENT;BLOCK;EUR;7;137.70000000;100;EXCHANGE_LAST;;1;1;XEUR;4631968;693;
06.12.2024;10:25:18.653;FEXD.S.DEC25.DEC26.SPD;FUTURES_SPREAD;BLOCK;EUR;8;6.10000000;500;EXCHANGE_LAST;;1;2;XEUR;72060570450264144;693;
06.12.2024;10:25:18.653;FEXD SI 20251219 CS;SIMPLE_INSTRUMENT;BLOCK;EUR;8;159.00000000;500;PRC_DECOMP_MEMBER;;;;XEUR;1548120;693;MEMBER
06.12.2024;10:25:18.653;FEXD SI 20261218 CS;SIMPLE_INSTRUMENT;BLOCK;EUR;8;152.90000000;500;PRC_DECOMP_MEMBER;;;;XEUR;2163053;693;MEMBER
06.12.2024;10:48:33.507;FEXD SI 20251219 CS;SIMPLE_INSTRUMENT;BLOCK;EUR;10;158.80000000;500;EXCHANGE_LAST;;1;1;XEUR;1548120;693;
06.12.2024;13:29:17.426;FEXD SI 20261218 CS;SIMPLE_INSTRUMENT;BLOCK;EUR;29;152.60000000;250;EXCHANGE_LAST;;1;1;XEUR;2163053;693;
06.12.2024;14:52:59.395;FEXD.S.DEC25.DEC26.SPD;FUTURES_SPREAD;BLOCK;EUR;32;6.10000000;150;EXCHANGE_LAST;;1;1;XEUR;72060570450264144;693;
06.12.2024;14:52:59.395;FEXD SI 20251219 CS;SIMPLE_INSTRUMENT;BLOCK;EUR;32;158.80000000;150;PRC_DECOMP_MEMBER;;;;XEUR;1548120;693;MEMBER
06.12.2024;14:52:59.395;FEXD SI 20261218 CS;SIMPLE_INSTRUMENT;BLOCK;EUR;32;152.70000000;150;PRC_DECOMP_MEMBER;;;;XEUR;2163053;693;MEMBER
06.12.2024;15:17:55.881;FEXD SI 20261218 CS;SIMPLE_INSTRUMENT;BLOCK;EUR;37;152.80000000;500;EXCHANGE_LAST;;1;1;XEUR;2163053;693;
06.12.2024;15:28:38.847;FEXD SI 20261218 CS;SIMPLE_INSTRUMENT;BLOCK;EUR;40;152.80000000;400;EXCHANGE_LAST;;1;1;XEUR;2163053;693;
06.12.2024;16:17:08.230;FEXD SI 20251219 CS;SIMPLE_INSTRUMENT;BLOCK;EUR;43;158.80000000;200;EXCHANGE_LAST;;2;1;XEUR;1548120;693;
06.12.2024;16:21:30.064;FEXD SI 20261218 CS;SIMPLE_INSTRUMENT;BLOCK;EUR;44;152.80000000;580;EXCHANGE_LAST;;1;1;XEUR;2163053;693;
06.12.2024;16:22:07.582;FEXD SI 20261218 CS;SIMPLE_INSTRUMENT;BLOCK;EUR;45;152.80000000;800;EXCHANGE_LAST;;1;1;XEUR;2163053;693;
06.12.2024;16:34:48.994;FEXD SI 20251219 CS;SIMPLE_INSTRUMENT;BLOCK;EUR;47;158.80000000;100;EXCHANGE_LAST;;1;1;XEUR;1548120;693;
06.12.2024;08:14:12.783;FGBL SI 20250306 PS;SIMPLE_INSTRUMENT;EFS;EUR;1;136.23000000;456;EXCHANGE_LAST;;1;1;XEUR;11286679;688;
06.12.2024;08:19:57.302;FGBL SI 20250306 PS;SIMPLE_INSTRUMENT;EFS;EUR;2;136.17000000;274;EXCHANGE_LAST;;1;1;XEUR;11286679;688;
06.12.2024;08:30:41.442;FGBL SI 20250306 PS;SIMPLE_INSTRUMENT;EFP_FIN;EUR;3;136.20000000;109;EXCHANGE_LAST;;1;1;XEUR;11286679;688;
06.12.2024;08:32:24.796;FGBL SI 20250306 PS;SIMPLE_INSTRUMENT;EFS;EUR;4;136.15000000;401;EXCHANGE_LAST;;1;1;XEUR;11286679;688;
06.12.2024;08:34:09.871;FGBL SI 20250306 PS;SIMPLE_INSTRUMENT;EFS;EUR;5;136.16000000;401;EXCHANGE_LAST;;1;1;XEUR;11286679;688;
06.12.2024;08:38:07.053;FGBL SI 20250306 PS;SIMPLE_INSTRUMENT;EFS;EUR;6;136.15000000;401;EXCHANGE_LAST;;1;1;XEUR;11286679;688;
06.12.2024;08:41:52.207;FGBL SI 20250306 PS;SIMPLE_INSTRUMENT;EFS;EUR;7;136.15000000;401;EXCHANGE_LAST;;1;1;XEUR;11286679;688;
06.12.2024;08:50:03.548;FGBL SI 20250306 PS;SIMPLE_INSTRUMENT;EFP_FIN;EUR;8;136.18000000;150;EXCHANGE_LAST;;1;1;XEUR;11286679;688;
06.12.2024;08:52:53.462;FGBL SI 20250306 PS;SIMPLE_INSTRUMENT;EFS;EUR;9;136.15000000;456;EXCHANGE_LAST;;1;1;XEUR;11286679;688;
06.12.2024;09:01:23.010;FGBL SI 20250306 PS;SIMPLE_INSTRUMENT;EFS;EUR;10;136.18000000;401;EXCHANGE_LAST;;1;1;XEUR;11286679;688;
06.12.2024;09:04:32.759;FGBL SI 20250306 PS;SIMPLE_INSTRUMENT;EFS;EUR;11;136.22000000;400;EXCHANGE_LAST;;1;1;XEUR;11286679;688;
06.12.2024;09:04:47.930;FGBL SI 20250306 PS;SIMPLE_INSTRUMENT;EFS;EUR;12;136.20000000;400;EXCHANGE_LAST;;1;1;XEUR;11286679;688;
06.12.2024;09:19:36.973;FGBL SI 20250306 PS;SIMPLE_INSTRUMENT;EFS;EUR;13;136.18000000;400;EXCHANGE_LAST;;1;1;XEUR;11286679;688;
06.12.2024;09:20:26.791;FGBL SI 20250306 PS;SIMPLE_INSTRUMENT;EFS;EUR;14;136.22000000;310;EXCHANGE_LAST;;1;1;XEUR;11286679;688;
06.12.2024;09:22:08.879;FGBL SI 20250306 PS;SIMPLE_INSTRUMENT;EFS;EUR;15;136.19000000;182;EXCHANGE_LAST;;1;1;XEUR;11286679;688;
06.12.2024;09:28:03.980;FGBL SI 20250306 PS;SIMPLE_INSTRUMENT;EFS;EUR;16;136.18000000;361;EXCHANGE_LAST;;1;1;XEUR;11286679;688;
06.12.2024;09:28:36.100;FGBL SI 20250306 PS;SIMPLE_INSTRUMENT;EFS;EUR;17;136.18000000;400;EXCHANGE_LAST;;1;1;XEUR;11286679;688;
06.12.2024;09:30:59.507;FGBL SI 20250306 PS;SIMPLE_INSTRUMENT;EFS;EUR;18;136.17000000;400;EXCHANGE_LAST;;1;1;XEUR;11286679;688;
06.12.2024;09:35:20.798;FGBL SI 20250306 PS;SIMPLE_INSTRUMENT;EFS;EUR;19;136.17000000;420;EXCHANGE_LAST;;1;1;XEUR;11286679;688;
06.12.2024;09:37:01.949;FGBL SI 20250306 PS;SIMPLE_INSTRUMENT;EFS;EUR;20;136.16000000;400;EXCHANGE_LAST;;1;1;XEUR;11286679;688;
06.12.2024;09:37:34.583;FGBL SI 20250306 PS;SIMPLE_INSTRUMENT;EFS;EUR;21;136.15000000;201;EXCHANGE_LAST;;1;1;XEUR;11286679;688;
06.12.2024;09:39:26.662;FGBL SI 20250306 PS;SIMPLE_INSTRUMENT;EFS;EUR;22;136.15000000;800;EXCHANGE_LAST;;1;1;XEUR;11286679;688;
06.12.2024;09:48:57.057;FGBL SI 20250306 PS;SIMPLE_INSTRUMENT;EFS;EUR;23;136.13000000;400;EXCHANGE_LAST;;1;1;XEUR;11286679;688;
06.12.2024;09:53:52.978;FGBL SI 20250306 PS;SIMPLE_INSTRUMENT;EFS;EUR;24;136.11000000;400;EXCHANGE_LAST;;1;1;XEUR;11286679;688;
06.12.2024;09:57:43.205;FGBL SI 20250306 PS;SIMPLE_INSTRUMENT;EFS;EUR;25;136.07000000;200;EXCHANGE_LAST;;1;1;XEUR;11286679;688;
06.12.2024;10:01:10.609;FGBL SI 20250306 PS;SIMPLE_INSTRUMENT;EFS;EUR;26;136.08000000;402;EXCHANGE_LAST;;1;1;XEUR;11286679;688;
06.12.2024;10:02:00.660;FGBL SI 20250306 PS;SIMPLE_INSTRUMENT;EFS;EUR;27;136.06000000;402;EXCHANGE_LAST;;1;1;XEUR;11286679;688;
06.12.2024;10:05:36.865;FGBL SI 20250306 PS;SIMPLE_INSTRUMENT;EFS;EUR;28;136.05000000;201;EXCHANGE_LAST;;1;1;XEUR;11286679;688;
06.12.2024;10:05:36.911;FGBL SI 20250306 PS;SIMPLE_INSTRUMENT;EFS;EUR;29;136.04000000;402;EXCHANGE_LAST;;1;1;XEUR;11286679;688;
06.12.2024;10:06:15.949;FGBL SI 20250306 PS;SIMPLE_INSTRUMENT;EFS;EUR;30;136.04000000;803;EXCHANGE_LAST;;1;1;XEUR;11286679;688;
06.12.2024;10:09:57.081;FGBL SI 20250306 PS;SIMPLE_INSTRUMENT;EFS;EUR;31;136.05000000;402;EXCHANGE_LAST;;1;1;XEUR;11286679;688;
06.12.2024;10:13:28.669;FGBL SI 20250306 PS;SIMPLE_INSTRUMENT;EFS;EUR;32;136.04000000;228;EXCHANGE_LAST;;1;1;XEUR;11286679;688;
06.12.2024;10:16:07.394;FGBL SI 20250306 PS;SIMPLE_INSTRUMENT;EFS;EUR;33;136.04000000;402;EXCHANGE_LAST;;1;1;XEUR;11286679;688;
06.12.2024;10:17:19.069;FGBL SI 20250306 PS;SIMPLE_INSTRUMENT;EFS;EUR;34;136.07000000;146;EXCHANGE_LAST;;1;1;XEUR;11286679;688;
06.12.2024;10:18:40.024;FGBL SI 20250306 PS;SIMPLE_INSTRUMENT;EFP_FIN;EUR;35;136.05000000;743;EXCHANGE_LAST;;1;1;XEUR;11286679;688;
06.12.2024;10:20:04.151;FGBL SI 20250306 PS;SIMPLE_INSTRUMENT;EFP_FIN;EUR;36;136.05000000;211;EXCHANGE_LAST;;1;1;XEUR;11286679;688;
06.12.2024;10:23:38.636;FGBL SI 20250306 PS;SIMPLE_INSTRUMENT;EFP_FIN;EUR;37;136.05000000;211;EXCHANGE_LAST;;1;1;XEUR;11286679;688;
06.12.2024;10:23:42.700;FGBL SI 20250306 PS;SIMPLE_INSTRUMENT;EFS;EUR;38;136.05000000;402;EXCHANGE_LAST;;1;1;XEUR;11286679;688;
06.12.2024;10:24:20.509;FGBL SI 20250306 PS;SIMPLE_INSTRUMENT;EFS;EUR;39;136.04000000;429;EXCHANGE_LAST;;1;1;XEUR;11286679;688;
06.12.2024;10:25:57.799;FGBL SI 20250306 PS;SIMPLE_INSTRUMENT;EFS;EUR;40;136.02000000;402;EXCHANGE_LAST;;1;1;XEUR;11286679;688;
06.12.2024;10:26:06.003;FGBL SI 20250306 PS;SIMPLE_INSTRUMENT;EFS;EUR;41;136.04000000;913;EXCHANGE_LAST;;1;1;XEUR;11286679;688;
06.12.2024;10:27:02.355;FGBL SI 20250306 PS;SIMPLE_INSTRUMENT;EFP_FIN;EUR;42;136.04000000;371;EXCHANGE_LAST;;1;1;XEUR;11286679;688;
06.12.2024;10:30:28.026;FGBL SI 20250306 PS;SIMPLE_INSTRUMENT;EFS;EUR;43;135.98000000;402;EXCHANGE_LAST;;1;1;XEUR;11286679;688;
06.12.2024;10:31:53.098;FGBL SI 20250306 PS;SIMPLE_INSTRUMENT;EFS;EUR;44;136.00000000;402;EXCHANGE_LAST;;1;1;XEUR;11286679;688;
06.12.2024;10:34:36.250;FGBL SI 20250306 PS;SIMPLE_INSTRUMENT;EFS;EUR;45;136.00000000;432;EXCHANGE_LAST;;1;1;XEUR;11286679;688;
06.12.2024;10:35:54.863;FGBL SI 20250306 PS;SIMPLE_INSTRUMENT;EFP_FIN;EUR;46;135.97000000;185;EXCHANGE_LAST;;1;1;XEUR;11286679;688;
06.12.2024;10:39:40.723;FGBL SI 20250306 PS;SIMPLE_INSTRUMENT;EFS;EUR;47;135.98000000;320;EXCHANGE_LAST;;1;1;XEUR;11286679;688;
06.12.2024;10:48:15.999;FGBL SI 20250306 PS;SIMPLE_INSTRUMENT;EFS;EUR;48;136.00000000;482;EXCHANGE_LAST;;1;1;XEUR;11286679;688;
06.12.2024;10:48:33.641;FGBL SI 20250306 PS;SIMPLE_INSTRUMENT;EFS;EUR;49;136.00000000;400;EXCHANGE_LAST;;1;1;XEUR;11286679;688;
06.12.2024;10:50:58.546;FGBL SI 20250306 PS;SIMPLE_INSTRUMENT;EFS;EUR;50;135.96000000;457;EXCHANGE_LAST;;1;1;XEUR;11286679;688;
06.12.2024;10:54:19.131;FGBL SI 20250306 PS;SIMPLE_INSTRUMENT;EFP_FIN;EUR;51;136.00000000;286;EXCHANGE_LAST;;1;1;XEUR;11286679;688;
06.12.2024;10:54:53.284;FGBL SI 20250306 PS;SIMPLE_INSTRUMENT;EFS;EUR;52;136.01000000;601;EXCHANGE_LAST;;1;1;XEUR;11286679;688;
06.12.2024;10:57:21.946;FGBL SI 20250306 PS;SIMPLE_INSTRUMENT;EFP_FIN;EUR;53;136.00000000;223;EXCHANGE_LAST;;1;1;XEUR;11286679;688;
06.12.2024;11:05:02.450;FGBL SI 20250306 PS;SIMPLE_INSTRUMENT;EFP_FIN;EUR;54;135.96000000;371;EXCHANGE_LAST;;1;1;XEUR;11286679;688;
06.12.2024;11:06:00.810;FGBL SI 20250306 PS;SIMPLE_INSTRUMENT;EFS;EUR;55;135.98000000;402;EXCHANGE_LAST;;1;1;XEUR;11286679;688;
06.12.2024;11:06:59.087;FGBL SI 20250306 PS;SIMPLE_INSTRUMENT;EFS;EUR;56;135.97000000;1295;EXCHANGE_LAST;;1;1;XEUR;11286679;688;
06.12.2024;11:07:36.636;FGBL SI 20250306 PS;SIMPLE_INSTRUMENT;EFS;EUR;57;135.98000000;402;EXCHANGE_LAST;;1;1;XEUR;11286679;688;
06.12.2024;11:16:06.004;FGBL SI 20250306 PS;SIMPLE_INSTRUMENT;EFS;EUR;58;136.00000000;62;EXCHANGE_LAST;;1;1;XEUR;11286679;688;
06.12.2024;11:11:37.500;FGBL SI 20250306 PS;SIMPLE_INSTRUMENT;EFS;EUR;59;135.98000000;435;EXCHANGE_LAST;;1;1;XEUR;11286679;688;
06.12.2024;11:13:16.906;FGBL SI 20250306 PS;SIMPLE_INSTRUMENT;EFS;EUR;60;136.00000000;402;EXCHANGE_LAST;;1;1;XEUR;11286679;688;
06.12.2024;11:13:51.937;FGBL SI 20250306 PS;SIMPLE_INSTRUMENT;EFS;EUR;61;136.01000000;402;EXCHANGE_LAST;;1;1;XEUR;11286679;688;
06.12.2024;11:14:06.950;FGBL SI 20250306 PS;SIMPLE_INSTRUMENT;EFS;EUR;62;135.98000000;402;EXCHANGE_LAST;;1;1;XEUR;11286679;688;
06.12.2024;11:15:12.237;FGBL SI 20250306 PS;SIMPLE_INSTRUMENT;EFS;EUR;63;135.99000000;601;EXCHANGE_LAST;;1;1;XEUR;11286679;688;
06.12.2024;11:16:03.711;FGBL SI 20250306 PS;SIMPLE_INSTRUMENT;EFS;EUR;64;135.99000000;601;EXCHANGE_LAST;;1;1;XEUR;11286679;688;
06.12.2024;11:16:19.482;FGBL SI 20250306 PS;SIMPLE_INSTRUMENT;EFS;EUR;65;136.05000000;776;EXCHANGE_LAST;;1;1;XEUR;11286679;688;
06.12.2024;11:17:07.109;FGBL SI 20250306 PS;SIMPLE_INSTRUMENT;EFS;EUR;66;136.01000000;603;EXCHANGE_LAST;;1;1;XEUR;11286679;688;
06.12.2024;11:18:22.169;FGBL SI 20250306 PS;SIMPLE_INSTRUMENT;EFS;EUR;67;136.01000000;402;EXCHANGE_LAST;;1;1;XEUR;11286679;688;
06.12.2024;11:19:39.559;FGBL SI 20250306 PS;SIMPLE_INSTRUMENT;EFS;EUR;68;136.03000000;402;EXCHANGE_LAST;;1;1;XEUR;11286679;688;
06.12.2024;11:21:02.905;FGBL SI 20250306 PS;SIMPLE_INSTRUMENT;EFS;EUR;69;136.01000000;200;EXCHANGE_LAST;;1;1;XEUR;11286679;688;
06.12.2024;11:24:30.460;FGBL SI 20250306 PS;SIMPLE_INSTRUMENT;EFP_FIN;EUR;70;135.97000000;210;EXCHANGE_LAST;;1;1;XEUR;11286679;688;
06.12.2024;11:35:29.901;FGBL SI 20250306 PS;SIMPLE_INSTRUMENT;EFS;EUR;71;136.03000000;402;EXCHANGE_LAST;;1;1;XEUR;11286679;688;
06.12.2024;11:41:05.127;FGBL SI 20250306 PS;SIMPLE_INSTRUMENT;EFS;EUR;72;136.04000000;402;EXCHANGE_LAST;;1;1;XEUR;11286679;688;
06.12.2024;11:43:00.216;FGBL SI 20250306 PS;SIMPLE_INSTRUMENT;EFS;EUR;73;136.07000000;201;EXCHANGE_LAST;;1;1;XEUR;11286679;688;
06.12.2024;11:48:15.055;FGBL SI 20250306 PS;SIMPLE_INSTRUMENT;EFP_FIN;EUR;74;136.03000000;148;EXCHANGE_LAST;;1;1;XEUR;11286679;688;
06.12.2024;11:48:51.422;FGBL SI 20250306 PS;SIMPLE_INSTRUMENT;EFS;EUR;75;136.07000000;1078;EXCHANGE_LAST;;1;1;XEUR;11286679;688;
06.12.2024;11:51:13.420;FGBL SI 20250306 PS;SIMPLE_INSTRUMENT;EFS;EUR;76;136.08000000;228;EXCHANGE_LAST;;1;1;XEUR;11286679;688;
06.12.2024;11:56:36.750;FGBL SI 20250306 PS;SIMPLE_INSTRUMENT;EFS;EUR;77;136.06000000;228;EXCHANGE_LAST;;1;1;XEUR;11286679;688;
06.12.2024;11:58:00.304;FGBL SI 20250306 PS;SIMPLE_INSTRUMENT;EFS;EUR;78;136.07000000;1079;EXCHANGE_LAST;;1;1;XEUR;11286679;688;
06.12.2024;11:58:56.505;FGBL SI 20250306 PS;SIMPLE_INSTRUMENT;EFS;EUR;79;136.08000000;400;EXCHANGE_LAST;;1;1;XEUR;11286679;688;
06.12.2024;12:00:52.721;FGBL SI 20250306 PS;SIMPLE_INSTRUMENT;EFS;EUR;80;136.09000000;400;EXCHANGE_LAST;;1;1;XEUR;11286679;688;
06.12.2024;12:00:53.246;FGBL SI 20250306 PS;SIMPLE_INSTRUMENT;EFP_FIN;EUR;81;136.09000000;330;EXCHANGE_LAST;;1;1;XEUR;11286679;688;
06.12.2024;12:01:31.909;FGBL SI 20250306 PS;SIMPLE_INSTRUMENT;EFS;EUR;82;136.09000000;400;EXCHANGE_LAST;;1;1;XEUR;11286679;688;
06.12.2024;12:03:16.123;FGBL SI 20250306 PS;SIMPLE_INSTRUMENT;EFS;EUR;83;136.07000000;215;EXCHANGE_LAST;;1;1;XEUR;11286679;688;
06.12.2024;12:05:40.407;FGBL SI 20250306 PS;SIMPLE_INSTRUMENT;EFS;EUR;84;136.05000000;170;EXCHANGE_LAST;;1;1;XEUR;11286679;688;
06.12.2024;12:08:02.258;FGBL SI 20250306 PS;SIMPLE_INSTRUMENT;EFS;EUR;85;136.03000000;402;EXCHANGE_LAST;;1;1;XEUR;11286679;688;
06.12.2024;12:10:55.167;FGBL SI 20250306 PS;SIMPLE_INSTRUMENT;EFP_FIN;EUR;86;136.05000000;421;EXCHANGE_LAST;;1;1;XEUR;11286679;688;
06.12.2024;12:23:38.977;FGBL SI 20250306 PS;SIMPLE_INSTRUMENT;EFS;EUR;87;136.03000000;402;EXCHANGE_LAST;;1;1;XEUR;11286679;688;
06.12.2024;12:27:23.980;FGBL SI 20250306 PS;SIMPLE_INSTRUMENT;EFS;EUR;88;136.07000000;215;EXCHANGE_LAST;;1;1;XEUR;11286679;688;
06.12.2024;12:29:26.945;FGBL SI 20250306 PS;SIMPLE_INSTRUMENT;EFP_FIN;EUR;89;135.98000000;371;EXCHANGE_LAST;;1;1;XEUR;11286679;688;
06.12.2024;12:31:10.710;FGBL SI 20250306 PS;SIMPLE_INSTRUMENT;EFP_FIN;EUR;90;136.02000000;223;EXCHANGE_LAST;;1;1;XEUR;11286679;688;
06.12.2024;12:32:15.797;FGBL SI 20250306 PS;SIMPLE_INSTRUMENT;EFP_FIN;EUR;91;136.05000000;371;EXCHANGE_LAST;;1;1;XEUR;11286679;688;
06.12.2024;12:36:38.975;FGBL SI 20250306 PS;SIMPLE_INSTRUMENT;EFS;EUR;92;136.01000000;400;EXCHANGE_LAST;;1;1;XEUR;11286679;688;
06.12.2024;12:38:04.705;FGBL SI 20250306 PS;SIMPLE_INSTRUMENT;EFS;EUR;93;136.01000000;160;EXCHANGE_LAST;;1;1;XEUR;11286679;688;
06.12.2024;12:41:55.572;FGBL SI 20250306 PS;SIMPLE_INSTRUMENT;EFP_FIN;EUR;94;136.03000000;384;EXCHANGE_LAST;;1;1;XEUR;11286679;688;
06.12.2024;12:52:34.606;FGBL SI 20250306 PS;SIMPLE_INSTRUMENT;EFS;EUR;95;136.02000000;685;EXCHANGE_LAST;;1;1;XEUR;11286679;688;
06.12.2024;12:53:12.085;FGBL SI 20250306 PS;SIMPLE_INSTRUMENT;EFS;EUR;96;136.10000000;500;EXCHANGE_LAST;;1;1;XEUR;11286679;688;
06.12.2024;12:56:13.996;FGBL SI 20250306 PS;SIMPLE_INSTRUMENT;EFS;EUR;97;136.10000000;400;EXCHANGE_LAST;;1;1;XEUR;11286679;688;
06.12.2024;12:57:00.855;FGBL SI 20250306 PS;SIMPLE_INSTRUMENT;EFS;EUR;98;136.10000000;400;EXCHANGE_LAST;;1;1;XEUR;11286679;688;
06.12.2024;13:07:08.494;FGBL SI 20250306 PS;SIMPLE_INSTRUMENT;EFS;EUR;99;136.16000000;912;EXCHANGE_LAST;;1;1;XEUR;11286679;688;
06.12.2024;13:12:55.708;FGBL SI 20250306 PS;SIMPLE_INSTRUMENT;EFS;EUR;100;136.07000000;456;EXCHANGE_LAST;;1;1;XEUR;11286679;688;
06.12.2024;13:14:58.353;FGBL SI 20250306 PS;SIMPLE_INSTRUMENT;EFS;EUR;101;136.09000000;178;EXCHANGE_LAST;;1;1;XEUR;11286679;688;
06.12.2024;13:41:33.968;FGBL SI 20250306 PS;SIMPLE_INSTRUMENT;EFS;EUR;102;136.06000000;441;EXCHANGE_LAST;;1;1;XEUR;11286679;688;
06.12.2024;13:43:11.495;FGBL SI 20250306 PS;SIMPLE_INSTRUMENT;EFP_FIN;EUR;103;136.00000000;397;EXCHANGE_LAST;;1;1;XEUR;11286679;688;
06.12.2024;13:43:53.856;FGBL SI 20250306 PS;SIMPLE_INSTRUMENT;EFS;EUR;104;136.13000000;400;EXCHANGE_LAST;;1;1;XEUR;11286679;688;
06.12.2024;13:45:10.960;FGBL SI 20250306 PS;SIMPLE_INSTRUMENT;EFP_FIN;EUR;105;136.07000000;451;EXCHANGE_LAST;;1;1;XEUR;11286679;688;
06.12.2024;13:46:06.753;FGBL SI 20250306 PS;SIMPLE_INSTRUMENT;EFS;EUR;106;136.17000000;430;EXCHANGE_LAST;;1;1;XEUR;11286679;688;
06.12.2024;13:47:01.079;FGBL SI 20250306 PS;SIMPLE_INSTRUMENT;EFS;EUR;107;136.16000000;52;EXCHANGE_LAST;;1;1;XEUR;11286679;688;
06.12.2024;13:51:55.986;FGBL SI 20250306 PS;SIMPLE_INSTRUMENT;EFS;EUR;108;135.99000000;436;EXCHANGE_LAST;;1;1;XEUR;11286679;688;
06.12.2024;14:00:43.350;FGBL SI 20250306 PS;SIMPLE_INSTRUMENT;EFS;EUR;109;136.22000000;400;EXCHANGE_LAST;;1;1;XEUR;11286679;688;
06.12.2024;14:07:54.688;FGBL SI 20250306 PS;SIMPLE_INSTRUMENT;EFS;EUR;110;136.26000000;182;EXCHANGE_LAST;;1;1;XEUR;11286679;688;
06.12.2024;14:10:59.334;FGBL SI 20250306 PS;SIMPLE_INSTRUMENT;EFS;EUR;111;136.29000000;401;EXCHANGE_LAST;;1;1;XEUR;11286679;688;
06.12.2024;14:12:52.640;FGBL SI 20250306 PS;SIMPLE_INSTRUMENT;EFS;EUR;112;136.14000000;229;EXCHANGE_LAST;;1;1;XEUR;11286679;688;
06.12.2024;14:13:35.611;FGBL SI 20250306 PS;SIMPLE_INSTRUMENT;EFP_FIN;EUR;113;136.00000000;397;EXCHANGE_LAST;;1;1;XEUR;11286679;688;
06.12.2024;14:19:28.871;FGBL SI 20250306 PS;SIMPLE_INSTRUMENT;EFS;EUR;114;136.24000000;182;EXCHANGE_LAST;;1;1;XEUR;11286679;688;
06.12.2024;14:28:49.221;FGBL SI 20250306 PS;SIMPLE_INSTRUMENT;EFS;EUR;115;136.27000000;645;EXCHANGE_LAST;;1;1;XEUR;11286679;688;
06.12.2024;14:28:35.802;FGBL SI 20250306 PS;SIMPLE_INSTRUMENT;EFS;EUR;116;136.30000000;400;EXCHANGE_LAST;;1;1;XEUR;11286679;688;
06.12.2024;14:29:07.900;FGBL SI 20250306 PS;SIMPLE_INSTRUMENT;EFS;EUR;117;136.28000000;228;EXCHANGE_LAST;;1;1;XEUR;11286679;688;
06.12.2024;14:34:56.374;FGBL SI 20250306 PS;SIMPLE_INSTRUMENT;EFS;EUR;118;136.42000000;201;EXCHANGE_LAST;;1;1;XEUR;11286679;688;
06.12.2024;14:48:57.976;FGBL SI 20250306 PS;SIMPLE_INSTRUMENT;EFS;EUR;119;136.27000000;401;EXCHANGE_LAST;;1;1;XEUR;11286679;688;
06.12.2024;14:53:38.204;FGBL SI 20250306 PS;SIMPLE_INSTRUMENT;EFS;EUR;120;136.30000000;201;EXCHANGE_LAST;;1;1;XEUR;11286679;688;
06.12.2024;14:57:35.361;FGBL SI 20250306 PS;SIMPLE_INSTRUMENT;EFS;EUR;121;136.30000000;201;EXCHANGE_LAST;;1;1;XEUR;11286679;688;
06.12.2024;15:07:15.573;FGBL SI 20250306 PS;SIMPLE_INSTRUMENT;EFS;EUR;122;136.31000000;200;EXCHANGE_LAST;;1;1;XEUR;11286679;688;
06.12.2024;15:07:48.794;FGBL SI 20250306 PS;SIMPLE_INSTRUMENT;EFS;EUR;123;136.30000000;456;EXCHANGE_LAST;;1;1;XEUR;11286679;688;
06.12.2024;15:09:52.276;FGBL SI 20250306 PS;SIMPLE_INSTRUMENT;EFS;EUR;124;136.35000000;400;EXCHANGE_LAST;;1;1;XEUR;11286679;688;
06.12.2024;15:10:19.903;FGBL SI 20250306 PS;SIMPLE_INSTRUMENT;EFP_FIN;EUR;125;136.33000000;232;EXCHANGE_LAST;;1;1;XEUR;11286679;688;
06.12.2024;15:12:16.108;FGBL SI 20250306 PS;SIMPLE_INSTRUMENT;EFS;EUR;126;136.33000000;400;EXCHANGE_LAST;;1;1;XEUR;11286679;688;
06.12.2024;15:14:11.814;FGBL SI 20250306 PS;SIMPLE_INSTRUMENT;EFP_FIN;EUR;127;136.30000000;187;EXCHANGE_LAST;;1;1;XEUR;11286679;688;
06.12.2024;15:14:12.177;FGBL SI 20250306 PS;SIMPLE_INSTRUMENT;EFS;EUR;128;136.37000000;400;EXCHANGE_LAST;;1;1;XEUR;11286679;688;
06.12.2024;15:14:32.387;FGBL SI 20250306 PS;SIMPLE_INSTRUMENT;EFS;EUR;129;136.31000000;456;EXCHANGE_LAST;;1;1;XEUR;11286679;688;
06.12.2024;15:16:39.195;FGBL SI 20250306 PS;SIMPLE_INSTRUMENT;EFP_FIN;EUR;130;136.30000000;186;EXCHANGE_LAST;;1;1;XEUR;11286679;688;
06.12.2024;15:18:52.831;FGBL SI 20250306 PS;SIMPLE_INSTRUMENT;EFS;EUR;131;136.36000000;903;EXCHANGE_LAST;;1;1;XEUR;11286679;688;
06.12.2024;15:23:49.410;FGBL SI 20250306 PS;SIMPLE_INSTRUMENT;EFP_FIN;EUR;132;136.29000000;155;EXCHANGE_LAST;;1;1;XEUR;11286679;688;
06.12.2024;15:27:59.837;FGBL SI 20250306 PS;SIMPLE_INSTRUMENT;EFP_FIN;EUR;133;136.38000000;162;EXCHANGE_LAST;;1;1;XEUR;11286679;688;
06.12.2024;15:27:10.162;FGBL SI 20250306 PS;SIMPLE_INSTRUMENT;EFP_FIN;EUR;134;135.98000000;631;EXCHANGE_LAST;;1;1;XEUR;11286679;688;
06.12.2024;15:27:10.985;FGBL SI 20250306 PS;SIMPLE_INSTRUMENT;EFS;EUR;135;136.28000000;400;EXCHANGE_LAST;;1;1;XEUR;11286679;688;
06.12.2024;15:30:28.904;FGBL SI 20250306 PS;SIMPLE_INSTRUMENT;EFS;EUR;136;136.29000000;200;EXCHANGE_LAST;;1;1;XEUR;11286679;688;
06.12.2024;15:33:36.608;FGBL SI 20250306 PS;SIMPLE_INSTRUMENT;EFS;EUR;137;136.29000000;200;EXCHANGE_LAST;;1;1;XEUR;11286679;688;
06.12.2024;15:44:58.534;FGBL SI 20250306 PS;SIMPLE_INSTRUMENT;EFS;EUR;138;136.25000000;129;EXCHANGE_LAST;;1;1;XEUR;11286679;688;
06.12.2024;15:46:56.920;FGBL SI 20250306 PS;SIMPLE_INSTRUMENT;EFS;EUR;139;136.19000000;456;EXCHANGE_LAST;;1;1;XEUR;11286679;688;
06.12.2024;15:52:40.777;FGBL SI 20250306 PS;SIMPLE_INSTRUMENT;EFP_FIN;EUR;140;136.08000000;446;EXCHANGE_LAST;;1;1;XEUR;11286679;688;
06.12.2024;15:56:22.132;FGBL SI 20250306 PS;SIMPLE_INSTRUMENT;EFS;EUR;141;136.13000000;1296;EXCHANGE_LAST;;1;1;XEUR;11286679;688;
06.12.2024;15:56:49.835;FGBL SI 20250306 PS;SIMPLE_INSTRUMENT;EFS;EUR;142;136.13000000;2157;EXCHANGE_LAST;;1;1;XEUR;11286679;688;
06.12.2024;16:05:17.426;FGBL SI 20250306 PS;SIMPLE_INSTRUMENT;EFP_FIN;EUR;143;136.28000000;383;EXCHANGE_LAST;;1;1;XEUR;11286679;688;
06.12.2024;16:08:58.707;FGBL SI 20250306 PS;SIMPLE_INSTRUMENT;EFS;EUR;144;136.13000000;862;EXCHANGE_LAST;;1;1;XEUR;11286679;688;
06.12.2024;16:10:24.976;FGBL SI 20250306 PS;SIMPLE_INSTRUMENT;EFS;EUR;145;136.09000000;400;EXCHANGE_LAST;;1;1;XEUR;11286679;688;
06.12.2024;16:13:05.475;FGBL SI 20250306 PS;SIMPLE_INSTRUMENT;EFS;EUR;146;136.04000000;402;EXCHANGE_LAST;;1;1;XEUR;11286679;688;
06.12.2024;16:15:10.560;FGBL SI 20250306 PS;SIMPLE_INSTRUMENT;EFS;EUR;147;136.04000000;402;EXCHANGE_LAST;;1;1;XEUR;11286679;688;
06.12.2024;16:17:24.271;FGBL SI 20250306 PS;SIMPLE_INSTRUMENT;EFS;EUR;148;136.10000000;801;EXCHANGE_LAST;;1;1;XEUR;11286679;688;
06.12.2024;16:27:09.001;FGBL SI 20250306 PS;SIMPLE_INSTRUMENT;EFS;EUR;149;136.07000000;201;EXCHANGE_LAST;;1;1;XEUR;11286679;688;
06.12.2024;16:28:36.110;FGBL SI 20250306 PS;SIMPLE_INSTRUMENT;EFS;EUR;150;136.09000000;201;EXCHANGE_LAST;;1;1;XEUR;11286679;688;
06.12.2024;17:06:31.334;FGBL SI 20250306 PS;SIMPLE_INSTRUMENT;EFS;EUR;151;136.23000000;3000;EXCHANGE_LAST;;1;1;XEUR;11286679;688;
06.12.2024;17:32:30.851;FGBL SI 20250306 PS;SIMPLE_INSTRUMENT;EFS;EUR;153;136.23000000;863;EXCHANGE_LAST;;1;1;XEUR;11286679;688;
06.12.2024;17:41:52.334;FGBL SI 20250306 PS;SIMPLE_INSTRUMENT;EFS;EUR;155;136.18000000;303;EXCHANGE_LAST;;1;1;XEUR;11286679;688;
06.12.2024;08:40:58.337;FGBL SI 20250306 PS;SIMPLE_INSTRUMENT;VOLA;EUR;268435461;136.18000000;30;EXCHANGE_LAST;;1;1;XEUR;11286679;688;
06.12.2024;08:41:50.710;FGBL SI 20250306 PS;SIMPLE_INSTRUMENT;VOLA;EUR;268435462;136.18000000;30;EXCHANGE_LAST;;1;1;XEUR;11286679;688;
06.12.2024;09:36:26.881;FGBL SI 20250306 PS;SIMPLE_INSTRUMENT;VOLA;EUR;268435469;136.18000000;112;EXCHANGE_LAST;;1;1;XEUR;11286679;688;
06.12.2024;11:10:08.762;FGBL SI 20250306 PS;SIMPLE_INSTRUMENT;VOLA;EUR;268435481;136.00000000;50;EXCHANGE_LAST;;1;1;XEUR;11286679;688;
06.12.2024;16:21:30.972;FGBL SI 20250306 PS;SIMPLE_INSTRUMENT;VOLA;EUR;268435514;136.15000000;69;EXCHANGE_LAST;;1;1;XEUR;11286679;688;
06.12.2024;08:22:40.310;FGBM SI 20250306 PS;SIMPLE_INSTRUMENT;EFS;EUR;1;118.75000000;587;EXCHANGE_LAST;;1;1;XEUR;11286680;689;
06.12.2024;08:42:57.158;FGBM SI 20250306 PS;SIMPLE_INSTRUMENT;EFP_FIN;EUR;2;118.77000000;904;EXCHANGE_LAST;;1;1;XEUR;11286680;689;
06.12.2024;08:45:52.369;FGBM SI 20250306 PS;SIMPLE_INSTRUMENT;EFP_FIN;EUR;3;118.78000000;911;EXCHANGE_LAST;;1;1;XEUR;11286680;689;
06.12.2024;08:49:37.501;FGBM SI 20250306 PS;SIMPLE_INSTRUMENT;EFS;EUR;4;118.80000000;878;EXCHANGE_LAST;;1;1;XEUR;11286680;689;
06.12.2024;08:50:12.529;FGBM SI 20250306 PS;SIMPLE_INSTRUMENT;EFS;EUR;5;118.80000000;878;EXCHANGE_LAST;;1;1;XEUR;11286680;689;
06.12.2024;09:10:02.979;FGBM SI 20250306 PS;SIMPLE_INSTRUMENT;EFS;EUR;6;118.76000000;750;EXCHANGE_LAST;;1;1;XEUR;11286680;689;
06.12.2024;09:31:56.578;FGBM SI 20250306 PS;SIMPLE_INSTRUMENT;EFS;EUR;7;118.76000000;437;EXCHANGE_LAST;;1;1;XEUR;11286680;689;
06.12.2024;09:34:42.855;FGBM SI 20250306 PS;SIMPLE_INSTRUMENT;EFS;EUR;8;118.75000000;437;EXCHANGE_LAST;;1;1;XEUR;11286680;689;
06.12.2024;09:50:53.636;FGBM SI 20250306 PS;SIMPLE_INSTRUMENT;EFS;EUR;9;118.73000000;525;EXCHANGE_LAST;;1;1;XEUR;11286680;689;
06.12.2024;09:54:15.347;FGBM SI 20250306 PS;SIMPLE_INSTRUMENT;EFS;EUR;10;118.72000000;878;EXCHANGE_LAST;;1;1;XEUR;11286680;689;
06.12.2024;09:56:02.149;FGBM SI 20250306 PS;SIMPLE_INSTRUMENT;EFP_FIN;EUR;11;118.76000000;148;EXCHANGE_LAST;;1;1;XEUR;11286680;689;
06.12.2024;09:59:10.807;FGBM SI 20250306 PS;SIMPLE_INSTRUMENT;EFP_FIN;EUR;12;118.76000000;185;EXCHANGE_LAST;;1;1;XEUR;11286680;689;
06.12.2024;10:06:33.999;FGBM SI 20250306 PS;SIMPLE_INSTRUMENT;EFP_FIN;EUR;13;118.73000000;403;EXCHANGE_LAST;;1;1;XEUR;11286680;689;
06.12.2024;10:06:15.903;FGBM SI 20250306 PS;SIMPLE_INSTRUMENT;EFS;EUR;14;118.70000000;1674;EXCHANGE_LAST;;1;1;XEUR;11286680;689;
06.12.2024;10:10:24.152;FGBM SI 20250306 PS;SIMPLE_INSTRUMENT;EFS;EUR;16;118.73000000;975;EXCHANGE_LAST;;1;1;XEUR;11286680;689;
06.12.2024;10:14:38.705;FGBM SI 20250306 PS;SIMPLE_INSTRUMENT;EFS;EUR;17;118.70000000;1291;EXCHANGE_LAST;;1;1;XEUR;11286680;689;
06.12.2024;10:15:34.567;FGBM SI 20250306 PS;SIMPLE_INSTRUMENT;EFS;EUR;18;118.69000000;438;EXCHANGE_LAST;;1;1;XEUR;11286680;689;
06.12.2024;10:15:54.199;FGBM SI 20250306 PS;SIMPLE_INSTRUMENT;EFP_FIN;EUR;19;118.71000000;863;EXCHANGE_LAST;;1;1;XEUR;11286680;689;
06.12.2024;10:22:05.239;FGBM SI 20250306 PS;SIMPLE_INSTRUMENT;EFP_FIN;EUR;20;118.77000000;136;EXCHANGE_LAST;;1;1;XEUR;11286680;689;
06.12.2024;10:26:12.921;FGBM SI 20250306 PS;SIMPLE_INSTRUMENT;EFS;EUR;21;118.76000000;975;EXCHANGE_LAST;;1;1;XEUR;11286680;689;
06.12.2024;10:27:34.480;FGBM SI 20250306 PS;SIMPLE_INSTRUMENT;EFS;EUR;22;118.69000000;1951;EXCHANGE_LAST;;1;1;XEUR;11286680;689;
06.12.2024;10:28:41.388;FGBM SI 20250306 PS;SIMPLE_INSTRUMENT;EFS;EUR;23;118.70000000;438;EXCHANGE_LAST;;1;1;XEUR;11286680;689;
06.12.2024;10:29:03.733;FGBM SI 20250306 PS;SIMPLE_INSTRUMENT;EFS;EUR;24;118.69000000;438;EXCHANGE_LAST;;1;1;XEUR;11286680;689;
06.12.2024;10:30:43.129;FGBM SI 20250306 PS;SIMPLE_INSTRUMENT;EFP_FIN;EUR;25;118.75000000;407;EXCHANGE_LAST;;1;1;XEUR;11286680;689;
06.12.2024;10:33:01.369;FGBM SI 20250306 PS;SIMPLE_INSTRUMENT;EFS;EUR;26;118.70000000;323;EXCHANGE_LAST;;1;1;XEUR;11286680;689;
06.12.2024;10:40:04.312;FGBM SI 20250306 PS;SIMPLE_INSTRUMENT;EFP_FIN;EUR;27;118.66000000;129;EXCHANGE_LAST;;1;1;XEUR;11286680;689;
06.12.2024;10:52:18.711;FGBM SI 20250306 PS;SIMPLE_INSTRUMENT;EFS;EUR;28;118.68000000;390;EXCHANGE_LAST;;1;1;XEUR;11286680;689;
06.12.2024;10:58:09.480;FGBM SI 20250306 PS;SIMPLE_INSTRUMENT;EFS;EUR;29;118.68000000;2439;EXCHANGE_LAST;;1;1;XEUR;11286680;689;
06.12.2024;11:06:45.837;FGBM SI 20250306 PS;SIMPLE_INSTRUMENT;EFS;EUR;30;118.67000000;488;EXCHANGE_LAST;;1;1;XEUR;11286680;689;
06.12.2024;11:09:02.186;FGBM SI 20250306 PS;SIMPLE_INSTRUMENT;EFS;EUR;31;118.68000000;927;EXCHANGE_LAST;;1;1;XEUR;11286680;689;
06.12.2024;11:09:42.983;FGBM SI 20250306 PS;SIMPLE_INSTRUMENT;EFS;EUR;32;118.66000000;976;EXCHANGE_LAST;;1;1;XEUR;11286680;689;
06.12.2024;11:09:48.372;FGBM SI 20250306 PS;SIMPLE_INSTRUMENT;EFP_FIN;EUR;33;118.66000000;403;EXCHANGE_LAST;;1;1;XEUR;11286680;689;
06.12.2024;11:12:16.770;FGBM SI 20250306 PS;SIMPLE_INSTRUMENT;EFP_FIN;EUR;34;118.68000000;130;EXCHANGE_LAST;;1;1;XEUR;11286680;689;
06.12.2024;11:13:34.509;FGBM SI 20250306 PS;SIMPLE_INSTRUMENT;EFS;EUR;35;118.69000000;875;EXCHANGE_LAST;;1;1;XEUR;11286680;689;
06.12.2024;11:16:56.196;FGBM SI 20250306 PS;SIMPLE_INSTRUMENT;EFP_FIN;EUR;36;118.70000000;742;EXCHANGE_LAST;;1;1;XEUR;11286680;689;
06.12.2024;11:16:45.196;FGBM SI 20250306 PS;SIMPLE_INSTRUMENT;EFP_FIN;EUR;37;118.70000000;1134;EXCHANGE_LAST;;1;1;XEUR;11286680;689;
06.12.2024;11:17:52.146;FGBM SI 20250306 PS;SIMPLE_INSTRUMENT;EFS;EUR;38;118.69000000;879;EXCHANGE_LAST;;1;1;XEUR;11286680;689;
06.12.2024;11:19:30.840;FGBM SI 20250306 PS;SIMPLE_INSTRUMENT;EFP_FIN;EUR;39;118.70000000;863;EXCHANGE_LAST;;1;1;XEUR;11286680;689;
06.12.2024;11:20:20.791;FGBM SI 20250306 PS;SIMPLE_INSTRUMENT;EFP_FIN;EUR;40;118.68000000;313;EXCHANGE_LAST;;1;1;XEUR;11286680;689;
06.12.2024;11:24:37.449;FGBM SI 20250306 PS;SIMPLE_INSTRUMENT;EFS;EUR;41;118.70000000;438;EXCHANGE_LAST;;1;1;XEUR;11286680;689;
06.12.2024;11:25:17.417;FGBM SI 20250306 PS;SIMPLE_INSTRUMENT;EFS;EUR;42;118.70000000;438;EXCHANGE_LAST;;1;1;XEUR;11286680;689;
06.12.2024;11:29:54.822;FGBM SI 20250306 PS;SIMPLE_INSTRUMENT;EFP_FIN;EUR;43;118.68000000;171;EXCHANGE_LAST;;1;1;XEUR;11286680;689;
06.12.2024;11:41:22.253;FGBM SI 20250306 PS;SIMPLE_INSTRUMENT;EFS;EUR;44;118.70000000;488;EXCHANGE_LAST;;1;1;XEUR;11286680;689;
06.12.2024;11:43:03.087;FGBM SI 20250306 PS;SIMPLE_INSTRUMENT;EFP_FIN;EUR;45;118.71000000;259;EXCHANGE_LAST;;1;1;XEUR;11286680;689;
06.12.2024;11:43:23.035;FGBM SI 20250306 PS;SIMPLE_INSTRUMENT;EFS;EUR;46;118.71000000;875;EXCHANGE_LAST;;1;1;XEUR;11286680;689;
06.12.2024;11:43:48.968;FGBM SI 20250306 PS;SIMPLE_INSTRUMENT;EFS;EUR;47;118.71000000;875;EXCHANGE_LAST;;1;1;XEUR;11286680;689;
06.12.2024;12:07:10.770;FGBM SI 20250306 PS;SIMPLE_INSTRUMENT;EFP_FIN;EUR;48;118.71000000;740;EXCHANGE_LAST;;1;1;XEUR;11286680;689;
06.12.2024;12:08:24.468;FGBM SI 20250306 PS;SIMPLE_INSTRUMENT;EFS;EUR;49;118.70000000;1950;EXCHANGE_LAST;;1;1;XEUR;11286680;689;
06.12.2024;12:21:18.779;FGBM SI 20250306 PS;SIMPLE_INSTRUMENT;EFS;EUR;50;118.72000000;439;EXCHANGE_LAST;;1;1;XEUR;11286680;689;
06.12.2024;12:22:33.874;FGBM SI 20250306 PS;SIMPLE_INSTRUMENT;EFS;EUR;51;118.72000000;439;EXCHANGE_LAST;;1;1;XEUR;11286680;689;
06.12.2024;12:23:38.932;FGBM SI 20250306 PS;SIMPLE_INSTRUMENT;EFS;EUR;52;118.72000000;836;EXCHANGE_LAST;;1;1;XEUR;11286680;689;
06.12.2024;12:38:22.134;FGBM SI 20250306 PS;SIMPLE_INSTRUMENT;EFP_FIN;EUR;53;118.71000000;466;EXCHANGE_LAST;;1;1;XEUR;11286680;689;
06.12.2024;12:40:39.022;FGBM SI 20250306 PS;SIMPLE_INSTRUMENT;EFP_FIN;EUR;54;118.71000000;78;EXCHANGE_LAST;;1;1;XEUR;11286680;689;
06.12.2024;12:47:39.464;FGBM SI 20250306 PS;SIMPLE_INSTRUMENT;EFP_FIN;EUR;55;118.71000000;1060;EXCHANGE_LAST;;1;1;XEUR;11286680;689;
06.12.2024;12:51:32.602;FGBM SI 20250306 PS;SIMPLE_INSTRUMENT;EFS;EUR;56;118.72000000;1463;EXCHANGE_LAST;;1;1;XEUR;11286680;689;
06.12.2024;12:53:04.911;FGBM SI 20250306 PS;SIMPLE_INSTRUMENT;EFP_FIN;EUR;57;118.73000000;1044;EXCHANGE_LAST;;1;1;XEUR;11286680;689;
06.12.2024;12:54:41.224;FGBM SI 20250306 PS;SIMPLE_INSTRUMENT;EFP_FIN;EUR;58;118.71000000;614;EXCHANGE_LAST;;1;1;XEUR;11286680;689;
06.12.2024;13:00:20.629;FGBM SI 20250306 PS;SIMPLE_INSTRUMENT;EFS;EUR;59;118.72000000;439;EXCHANGE_LAST;;1;1;XEUR;11286680;689;
06.12.2024;13:00:20.741;FGBM SI 20250306 PS;SIMPLE_INSTRUMENT;EFS;EUR;60;118.76000000;875;EXCHANGE_LAST;;1;1;XEUR;11286680;689;
06.12.2024;13:02:43.618;FGBM SI 20250306 PS;SIMPLE_INSTRUMENT;EFS;EUR;61;118.75000000;2729;EXCHANGE_LAST;;1;1;XEUR;11286680;689;
06.12.2024;13:06:37.295;FGBM SI 20250306 PS;SIMPLE_INSTRUMENT;EFS;EUR;62;118.78000000;875;EXCHANGE_LAST;;1;1;XEUR;11286680;689;
06.12.2024;13:18:27.257;FGBM SI 20250306 PS;SIMPLE_INSTRUMENT;EFP_FIN;EUR;63;118.70000000;89;EXCHANGE_LAST;;1;1;XEUR;11286680;689;
06.12.2024;13:20:47.495;FGBM SI 20250306 PS;SIMPLE_INSTRUMENT;EFP_FIN;EUR;64;118.70000000;695;EXCHANGE_LAST;;1;1;XEUR;11286680;689;
06.12.2024;13:37:42.741;FGBM SI 20250306 PS;SIMPLE_INSTRUMENT;EFP_FIN;EUR;65;118.71000000;210;EXCHANGE_LAST;;1;1;XEUR;11286680;689;
06.12.2024;13:48:17.073;FGBM SI 20250306 PS;SIMPLE_INSTRUMENT;EFP_FIN;EUR;66;118.70000000;366;EXCHANGE_LAST;;1;1;XEUR;11286680;689;
06.12.2024;13:50:38.981;FGBM SI 20250306 PS;SIMPLE_INSTRUMENT;EFS;EUR;67;118.70000000;1863;EXCHANGE_LAST;;1;1;XEUR;11286680;689;
06.12.2024;13:55:13.839;FGBM SI 20250306 PS;SIMPLE_INSTRUMENT;EFS;EUR;68;118.80000000;875;EXCHANGE_LAST;;1;1;XEUR;11286680;689;
06.12.2024;14:03:46.425;FGBM SI 20250306 PS;SIMPLE_INSTRUMENT;EFS;EUR;69;118.90000000;437;EXCHANGE_LAST;;1;1;XEUR;11286680;689;
06.12.2024;14:10:56.638;FGBM SI 20250306 PS;SIMPLE_INSTRUMENT;EFS;EUR;70;118.87000000;918;EXCHANGE_LAST;;1;1;XEUR;11286680;689;
06.12.2024;14:12:23.224;FGBM SI 20250306 PS;SIMPLE_INSTRUMENT;EFS;EUR;71;118.91000000;874;EXCHANGE_LAST;;1;1;XEUR;11286680;689;
06.12.2024;14:18:28.192;FGBM SI 20250306 PS;SIMPLE_INSTRUMENT;EFS;EUR;72;118.91000000;973;EXCHANGE_LAST;;1;1;XEUR;11286680;689;
06.12.2024;14:18:30.591;FGBM SI 20250306 PS;SIMPLE_INSTRUMENT;EFS;EUR;73;118.90000000;390;EXCHANGE_LAST;;1;1;XEUR;11286680;689;
06.12.2024;14:23:13.945;FGBM SI 20250306 PS;SIMPLE_INSTRUMENT;EFP_FIN;EUR;74;118.90000000;84;EXCHANGE_LAST;;1;1;XEUR;11286680;689;
06.12.2024;14:50:53.786;FGBM SI 20250306 PS;SIMPLE_INSTRUMENT;EFS;EUR;75;118.89000000;437;EXCHANGE_LAST;;1;1;XEUR;11286680;689;
06.12.2024;14:53:00.766;FGBM SI 20250306 PS;SIMPLE_INSTRUMENT;EFS;EUR;76;118.90000000;973;EXCHANGE_LAST;;1;1;XEUR;11286680;689;
06.12.2024;15:59:23.908;FGBM SI 20250306 PS;SIMPLE_INSTRUMENT;EFP_FIN;EUR;77;118.85000000;933;EXCHANGE_LAST;;1;1;XEUR;11286680;689;
06.12.2024;16:00:58.961;FGBM SI 20250306 PS;SIMPLE_INSTRUMENT;EFS;EUR;78;118.84000000;878;EXCHANGE_LAST;;1;1;XEUR;11286680;689;
06.12.2024;16:09:17.638;FGBM SI 20250306 PS;SIMPLE_INSTRUMENT;EFS;EUR;79;118.83000000;437;EXCHANGE_LAST;;1;1;XEUR;11286680;689;
06.12.2024;16:20:01.004;FGBM SI 20250306 PS;SIMPLE_INSTRUMENT;EFS;EUR;80;118.80000000;875;EXCHANGE_LAST;;1;1;XEUR;11286680;689;
06.12.2024;17:05:29.402;FGBM SI 20250306 PS;SIMPLE_INSTRUMENT;EFS;EUR;81;118.85000000;2000;EXCHANGE_LAST;;1;1;XEUR;11286680;689;
06.12.2024;10:09:57.908;FGBM SI 20250306 PS;SIMPLE_INSTRUMENT;VOLA;EUR;268435472;118.74000000;494;EXCHANGE_LAST;;1;1;XEUR;11286680;689;
06.12.2024;08:12:56.635;FGBS SI 20250306 PS;SIMPLE_INSTRUMENT;EFS;EUR;1;107.17000000;2725;EXCHANGE_LAST;;1;1;XEUR;11286681;690;
06.12.2024;08:16:06.558;FGBS SI 20250306 PS;SIMPLE_INSTRUMENT;EFP_FIN;EUR;2;107.16500000;138;EXCHANGE_LAST;;1;1;XEUR;11286681;690;
06.12.2024;08:52:57.285;FGBS SI 20250306 PS;SIMPLE_INSTRUMENT;EFS;EUR;3;107.16000000;2725;EXCHANGE_LAST;;1;1;XEUR;11286681;690;
06.12.2024;08:55:16.040;FGBS SI 20250306 PS;SIMPLE_INSTRUMENT;BLOCK;EUR;4;107.16500000;10300;EXCHANGE_LAST;;1;1;XEUR;11286681;690;
06.12.2024;09:10:55.637;FGBS SI 20250306 PS;SIMPLE_INSTRUMENT;EFP_FIN;EUR;5;107.16000000;1292;EXCHANGE_LAST;;1;1;XEUR;11286681;690;
06.12.2024;09:11:02.415;FGBS SI 20250306 PS;SIMPLE_INSTRUMENT;EFP_FIN;EUR;6;107.15500000;1292;EXCHANGE_LAST;;1;1;XEUR;11286681;690;
06.12.2024;09:32:43.985;FGBS SI 20241206 PS;SIMPLE_INSTRUMENT;EFP_FIN;EUR;7;106.92000000;473;EXCHANGE_LAST;;1;1;XEUR;10804527;690;
06.12.2024;09:34:30.090;FGBS SI 20250306 PS;SIMPLE_INSTRUMENT;EFS;EUR;8;107.16000000;10308;EXCHANGE_LAST;;1;1;XEUR;11286681;690;
06.12.2024;09:35:15.522;FGBS SI 20250306 PS;SIMPLE_INSTRUMENT;EFS;EUR;9;107.16000000;5450;EXCHANGE_LAST;;1;1;XEUR;11286681;690;
06.12.2024;09:44:57.614;FGBS SI 20250306 PS;SIMPLE_INSTRUMENT;EFP_FIN;EUR;10;107.15000000;646;EXCHANGE_LAST;;1;1;XEUR;11286681;690;
06.12.2024;10:09:44.369;FGBS SI 20250306 PS;SIMPLE_INSTRUMENT;EFP_FIN;EUR;11;107.16500000;234;EXCHANGE_LAST;;1;1;XEUR;11286681;690;
06.12.2024;10:18:01.183;FGBS SI 20250306 PS;SIMPLE_INSTRUMENT;BLOCK;EUR;12;107.13500000;5155;EXCHANGE_LAST;;1;1;XEUR;11286681;690;
06.12.2024;10:19:26.330;FGBS SI 20250306 PS;SIMPLE_INSTRUMENT;EFS;EUR;13;107.13000000;2726;EXCHANGE_LAST;;1;1;XEUR;11286681;690;
06.12.2024;10:20:19.504;FGBS SI 20250306 PS;SIMPLE_INSTRUMENT;EFS;EUR;14;107.13000000;2726;EXCHANGE_LAST;;1;1;XEUR;11286681;690;
06.12.2024;10:21:58.362;FGBS SI 20250306 PS;SIMPLE_INSTRUMENT;EFS;EUR;15;107.13000000;2726;EXCHANGE_LAST;;1;1;XEUR;11286681;690;
06.12.2024;10:27:41.970;FGBS SI 20250306 PS;SIMPLE_INSTRUMENT;EFS;EUR;16;107.13000000;2726;EXCHANGE_LAST;;1;1;XEUR;11286681;690;
06.12.2024;10:29:04.356;FGBS SI 20250306 PS;SIMPLE_INSTRUMENT;EFS;EUR;17;107.13000000;902;EXCHANGE_LAST;;1;1;XEUR;11286681;690;
06.12.2024;10:30:13.065;FGBS SI 20250306 PS;SIMPLE_INSTRUMENT;EFS;EUR;18;107.13000000;2726;EXCHANGE_LAST;;1;1;XEUR;11286681;690;
06.12.2024;10:35:12.429;FGBS SI 20250306 PS;SIMPLE_INSTRUMENT;EFS;EUR;19;107.13000000;4362;EXCHANGE_LAST;;1;1;XEUR;11286681;690;
06.12.2024;10:36:52.574;FGBS SI 20250306 PS;SIMPLE_INSTRUMENT;EFS;EUR;20;107.13500000;2726;EXCHANGE_LAST;;1;1;XEUR;11286681;690;
06.12.2024;10:49:08.448;FGBS SI 20250306 PS;SIMPLE_INSTRUMENT;EFS;EUR;21;107.11000000;2727;EXCHANGE_LAST;;1;1;XEUR;11286681;690;
06.12.2024;10:59:19.219;FGBS SI 20250306 PS;SIMPLE_INSTRUMENT;EFS;EUR;22;107.12500000;2727;EXCHANGE_LAST;;1;1;XEUR;11286681;690;
06.12.2024;11:02:38.739;FGBS SI 20250306 PS;SIMPLE_INSTRUMENT;EFS;EUR;23;107.12500000;2727;EXCHANGE_LAST;;1;1;XEUR;11286681;690;
06.12.2024;11:03:05.086;FGBS SI 20250306 PS;SIMPLE_INSTRUMENT;EFS;EUR;24;107.13000000;2737;EXCHANGE_LAST;;1;1;XEUR;11286681;690;
06.12.2024;11:17:50.284;FGBS SI 20250306 PS;SIMPLE_INSTRUMENT;EFP_FIN;EUR;25;107.14000000;1448;EXCHANGE_LAST;;1;1;XEUR;11286681;690;
06.12.2024;11:21:57.700;FGBS SI 20250306 PS;SIMPLE_INSTRUMENT;EFS;EUR;26;107.12500000;1636;EXCHANGE_LAST;;1;1;XEUR;11286681;690;
06.12.2024;11:27:50.145;FGBS SI 20250306 PS;SIMPLE_INSTRUMENT;EFS;EUR;27;107.12000000;2727;EXCHANGE_LAST;;1;1;XEUR;11286681;690;
06.12.2024;11:29:24.660;FGBS SI 20250306 PS;SIMPLE_INSTRUMENT;EFP_FIN;EUR;28;107.12500000;750;EXCHANGE_LAST;;1;1;XEUR;11286681;690;
06.12.2024;11:31:12.186;FGBS SI 20250306 PS;SIMPLE_INSTRUMENT;EFP_FIN;EUR;29;107.12500000;1135;EXCHANGE_LAST;;1;1;XEUR;11286681;690;
06.12.2024;11:43:59.157;FGBS SI 20250306 PS;SIMPLE_INSTRUMENT;EFS;EUR;30;107.13000000;2000;EXCHANGE_LAST;;1;1;XEUR;11286681;690;
06.12.2024;11:46:06.311;FGBS SI 20250306 PS;SIMPLE_INSTRUMENT;EFP_FIN;EUR;31;107.12500000;1228;EXCHANGE_LAST;;1;1;XEUR;11286681;690;
06.12.2024;11:53:24.427;FGBS SI 20250306 PS;SIMPLE_INSTRUMENT;EFS;EUR;32;107.14000000;3865;EXCHANGE_LAST;;1;1;XEUR;11286681;690;
06.12.2024;12:21:36.244;FGBS SI 20250306 PS;SIMPLE_INSTRUMENT;EFS;EUR;33;107.13000000;2726;EXCHANGE_LAST;;1;1;XEUR;11286681;690;
06.12.2024;12:33:59.801;FGBS SI 20250306 PS;SIMPLE_INSTRUMENT;EFS;EUR;34;107.13000000;2727;EXCHANGE_LAST;;1;1;XEUR;11286681;690;
06.12.2024;12:40:56.135;FGBS SI 20250306 PS;SIMPLE_INSTRUMENT;EFP_FIN;EUR;35;107.13000000;116;EXCHANGE_LAST;;1;1;XEUR;11286681;690;
06.12.2024;13:02:27.636;FGBS SI 20250306 PS;SIMPLE_INSTRUMENT;EFS;EUR;36;107.14000000;2575;EXCHANGE_LAST;;1;1;XEUR;11286681;690;
06.12.2024;13:12:47.716;FGBS SI 20250306 PS;SIMPLE_INSTRUMENT;EFS;EUR;37;107.14500000;2726;EXCHANGE_LAST;;1;1;XEUR;11286681;690;
06.12.2024;13:43:02.761;FGBS SI 20250306 PS;SIMPLE_INSTRUMENT;EFS;EUR;38;107.15000000;2380;EXCHANGE_LAST;;1;1;XEUR;11286681;690;
06.12.2024;13:45:56.695;FGBS SI 20250306 PS;SIMPLE_INSTRUMENT;EFP_FIN;EUR;39;107.14000000;649;EXCHANGE_LAST;;1;1;XEUR;11286681;690;
06.12.2024;13:49:12.975;FGBS SI 20250306 PS;SIMPLE_INSTRUMENT;EFS;EUR;40;107.14000000;2603;EXCHANGE_LAST;;1;1;XEUR;11286681;690;
06.12.2024;14:07:54.708;FGBS SI 20250306 PS;SIMPLE_INSTRUMENT;EFS;EUR;41;107.21500000;1089;EXCHANGE_LAST;;1;1;XEUR;11286681;690;
06.12.2024;15:05:29.469;FGBS SI 20250306 PS;SIMPLE_INSTRUMENT;BLOCK;EUR;42;107.21500000;10289;EXCHANGE_LAST;;1;1;XEUR;11286681;690;
06.12.2024;15:22:28.499;FGBS SI 20250306 PS;SIMPLE_INSTRUMENT;EFS;EUR;43;107.21500000;1000;EXCHANGE_LAST;;1;1;XEUR;11286681;690;
06.12.2024;15:31:05.882;FGBS SI 20250306 PS;SIMPLE_INSTRUMENT;EFS;EUR;44;107.22500000;2000;EXCHANGE_LAST;;1;1;XEUR;11286681;690;
06.12.2024;15:36:39.109;FGBS SI 20250306 PS;SIMPLE_INSTRUMENT;EFS;EUR;45;107.21000000;1362;EXCHANGE_LAST;;1;1;XEUR;11286681;690;
06.12.2024;15:42:50.956;FGBS SI 20250306 PS;SIMPLE_INSTRUMENT;EFP_FIN;EUR;46;107.21000000;467;EXCHANGE_LAST;;1;1;XEUR;11286681;690;
06.12.2024;15:44:50.301;FGBS SI 20250306 PS;SIMPLE_INSTRUMENT;EFS;EUR;47;107.21500000;5159;EXCHANGE_LAST;;1;1;XEUR;11286681;690;
06.12.2024;15:57:31.372;FGBS SI 20250306 PS;SIMPLE_INSTRUMENT;EFS;EUR;48;107.19500000;2582;EXCHANGE_LAST;;1;1;XEUR;11286681;690;
06.12.2024;15:58:54.977;FGBS SI 20250306 PS;SIMPLE_INSTRUMENT;EFS;EUR;49;107.20000000;5520;EXCHANGE_LAST;;1;1;XEUR;11286681;690;
06.12.2024;16:23:52.919;FGBS SI 20250306 PS;SIMPLE_INSTRUMENT;BLOCK;EUR;50;107.20000000;10313;EXCHANGE_LAST;;1;1;XEUR;11286681;690;
06.12.2024;16:46:50.348;FGBS SI 20250306 PS;SIMPLE_INSTRUMENT;EFS;EUR;51;107.20500000;2724;EXCHANGE_LAST;;1;1;XEUR;11286681;690;
06.12.2024;16:53:06.845;FGBS SI 20250306 PS;SIMPLE_INSTRUMENT;EFP_FIN;EUR;52;107.18000000;2575;EXCHANGE_LAST;;1;1;XEUR;11286681;690;
06.12.2024;08:05:02.143;FGBX SI 20250306 PS;SIMPLE_INSTRUMENT;EFP_FIN;EUR;1;140.92000000;140;EXCHANGE_LAST;;1;1;XEUR;11286682;691;
06.12.2024;08:56:06.412;FGBX SI 20250306 PS;SIMPLE_INSTRUMENT;EFP_FIN;EUR;5;140.58000000;149;EXCHANGE_LAST;;1;1;XEUR;11286682;691;
06.12.2024;09:44:50.942;FGBX SI 20250306 PS;SIMPLE_INSTRUMENT;EFS;EUR;13;140.62000000;161;EXCHANGE_LAST;;1;1;XEUR;11286682;691;
06.12.2024;10:18:18.583;FGBX SI 20250306 PS;SIMPLE_INSTRUMENT;EFS;EUR;15;140.44000000;54;EXCHANGE_LAST;;1;1;XEUR;11286682;691;
06.12.2024;10:27:32.676;FGBX SI 20250306 PS;SIMPLE_INSTRUMENT;EFS;EUR;18;140.62000000;170;EXCHANGE_LAST;;1;1;XEUR;11286682;691;
06.12.2024;11:01:10.152;FGBX SI 20250306 PS;SIMPLE_INSTRUMENT;EFS;EUR;21;140.54000000;162;EXCHANGE_LAST;;1;1;XEUR;11286682;691;
06.12.2024;11:11:22.989;FGBX SI 20250306 PS;SIMPLE_INSTRUMENT;EFS;EUR;22;140.40000000;170;EXCHANGE_LAST;;1;1;XEUR;11286682;691;
06.12.2024;11:37:24.846;FGBX SI 20250306 PS;SIMPLE_INSTRUMENT;EFP_FIN;EUR;24;140.46000000;58;EXCHANGE_LAST;;1;1;XEUR;11286682;691;
06.12.2024;11:44:17.083;FGBX SI 20250306 PS;SIMPLE_INSTRUMENT;EFP_FIN;EUR;28;140.40000000;80;EXCHANGE_LAST;;1;1;XEUR;11286682;691;
06.12.2024;12:02:30.522;FGBX SI 20250306 PS;SIMPLE_INSTRUMENT;EFP_FIN;EUR;29;140.40000000;238;EXCHANGE_LAST;;1;1;XEUR;11286682;691;
06.12.2024;12:28:00.982;FGBX SI 20250306 PS;SIMPLE_INSTRUMENT;EFS;EUR;30;140.42000000;80;EXCHANGE_LAST;;1;1;XEUR;11286682;691;
06.12.2024;12:39:18.997;FGBX SI 20250306 PS;SIMPLE_INSTRUMENT;EFS;EUR;31;140.40000000;170;EXCHANGE_LAST;;1;1;XEUR;11286682;691;
06.12.2024;12:49:18.595;FGBX SI 20250306 PS;SIMPLE_INSTRUMENT;EFP_FIN;EUR;32;140.40000000;112;EXCHANGE_LAST;;1;1;XEUR;11286682;691;
06.12.2024;15:56:22.132;FGBX SI 20250306 PS;SIMPLE_INSTRUMENT;EFS;EUR;38;140.12000000;485;EXCHANGE_LAST;;1;1;XEUR;11286682;691;
06.12.2024;15:58:01.843;FGBX SI 20250306 PS;SIMPLE_INSTRUMENT;EFS;EUR;39;140.10000000;808;EXCHANGE_LAST;;1;1;XEUR;11286682;691;
06.12.2024;08:17:44.207;FIA5.O.241206.BUL.000003;STANDARD_OPTION_STRATEGY;BLOCK;EUR;1;0.40000000;400;EXCHANGE_LAST;;1;1;XEUR;72264727425718860;48227;
06.12.2024;08:17:44.207;FIA5 SI 20241219 PS AM C 13.20 0;SIMPLE_INSTRUMENT;BLOCK;EUR;1;0.20000000;400;PRC_DECOMP_MEMBER;;;;XEUR;11865789;48227;MEMBER
06.12.2024;08:17:44.207;FIA5 SI 20241219 PS AM C 12.40 0;SIMPLE_INSTRUMENT;BLOCK;EUR;1;0.60000000;400;PRC_DECOMP_MEMBER;;;;XEUR;11865775;48227;MEMBER
06.12.2024;09:01:13.680;FIA5 SI 20241219 PS AM C 12.40 0;SIMPLE_INSTRUMENT;BLOCK;EUR;2;0.70000000;240;EXCHANGE_LAST;;1;1;XEUR;11865775;48227;
06.12.2024;09:01:57.103;FIA5 SI 20241219 PS AM C 13.20 0;SIMPLE_INSTRUMENT;BLOCK;EUR;3;0.25000000;240;EXCHANGE_LAST;;1;1;XEUR;11865789;48227;
06.12.2024;09:21:24.150;FIA5 SI 20241219 PS AM C 12.40 0;SIMPLE_INSTRUMENT;BLOCK;EUR;4;0.79000000;480;EXCHANGE_LAST;;1;1;XEUR;11865775;48227;
06.12.2024;09:22:04.753;FIA5 SI 20241219 PS AM C 13.20 0;SIMPLE_INSTRUMENT;BLOCK;EUR;5;0.31000000;480;EXCHANGE_LAST;;1;1;XEUR;11865789;48227;
06.12.2024;12:43:44.755;FIA5 SI 20241219 PS AM C 12.40 0;SIMPLE_INSTRUMENT;BLOCK;EUR;8;0.70000000;480;EXCHANGE_LAST;;1;1;XEUR;11865775;48227;
06.12.2024;12:43:45.284;FIA5 SI 20241219 PS AM C 13.20 0;SIMPLE_INSTRUMENT;BLOCK;EUR;9;0.25000000;480;EXCHANGE_LAST;;1;1;XEUR;11865789;48227;
06.12.2024;09:14:22.197;FMAU SI 20241220 CS;SIMPLE_INSTRUMENT;BLOCK;USD;33;5918.00000000;840;EXCHANGE_LAST;;2;1;XEUR;7192605;45287;
06.12.2024;09:14:48.014;FMAU SI 20250321 CS;SIMPLE_INSTRUMENT;BLOCK;USD;34;5992.56700000;830;EXCHANGE_LAST;;1;2;XEUR;7590511;45287;
06.12.2024;07:00:12.353;FMBZ SI 20241220 CS;SIMPLE_INSTRUMENT;EFP_IDX;USD;9;490.53800000;193;EXCHANGE_LAST;;1;1;XEUR;7196794;402910;
06.12.2024;13:49:46.289;FME SI 20241220 PS AM C 46.00 0;SIMPLE_INSTRUMENT;BLOCK;EUR;4;0.98000000;600;EXCHANGE_LAST;;1;1;XEUR;10405526;663;
06.12.2024;08:15:06.094;FMEA SI 20241220 CS;SIMPLE_INSTRUMENT;EFP_IDX;USD;17;697.47800000;1002;EXCHANGE_LAST;;1;1;XEUR;7191938;12395;
06.12.2024;09:21:21.843;FMEE SI 20241220 CS;SIMPLE_INSTRUMENT;BLOCK;USD;35;317.31800000;96;EXCHANGE_LAST;;1;1;XEUR;7191941;12396;
06.12.2024;08:16:19.551;FMEL SI 20241220 CS;SIMPLE_INSTRUMENT;BLOCK;USD;18;512.31100000;145;EXCHANGE_LAST;;1;1;XEUR;7191942;12397;
06.12.2024;08:18:58.597;FMGC SI 20241220 CS;SIMPLE_INSTRUMENT;BLOCK;USD;20;13340.12000000;301;EXCHANGE_LAST;;1;1;XEUR;7193447;48916;
06.12.2024;08:41:16.849;FMGM SI 20241220 CS;SIMPLE_INSTRUMENT;EFP_IDX;USD;29;4874.15000000;88;EXCHANGE_LAST;;1;1;XEUR;8609377;583626;
06.12.2024;07:48:26.916;FMGO SI 20241220 CS;SIMPLE_INSTRUMENT;BLOCK;USD;12;5344.60000000;10;EXCHANGE_LAST;;1;1;XEUR;8609363;583623;
06.12.2024;08:28:37.754;FMGO SI 20241220 CS;SIMPLE_INSTRUMENT;BLOCK;USD;24;5343.50000000;81;EXCHANGE_LAST;;1;1;XEUR;8609363;583623;
06.12.2024;14:59:51.596;FMGO SI 20241220 CS;SIMPLE_INSTRUMENT;BLOCK;USD;41;5365.00000000;22;EXCHANGE_LAST;;1;1;XEUR;8609363;583623;
06.12.2024;07:48:33.450;FMGQ SI 20241220 CS;SIMPLE_INSTRUMENT;BLOCK;USD;13;5176.57000000;10;EXCHANGE_LAST;;1;1;XEUR;8609380;583625;
06.12.2024;08:16:36.108;FMGQ SI 20241220 CS;SIMPLE_INSTRUMENT;BLOCK;USD;19;5175.26800000;800;EXCHANGE_LAST;;1;1;XEUR;8609380;583625;
06.12.2024;08:30:40.381;FMGQ SI 20241220 CS;SIMPLE_INSTRUMENT;BLOCK;USD;26;5174.92000000;220;EXCHANGE_LAST;;1;1;XEUR;8609380;583625;
06.12.2024;17:04:46.504;FMGS SI 20241220 CS;SIMPLE_INSTRUMENT;BLOCK;USD;44;27900.00000000;300;EXCHANGE_LAST;;1;1;XEUR;7193445;48912;
06.12.2024;17:04:47.612;FMGS SI 20250321 CS;SIMPLE_INSTRUMENT;BLOCK;USD;45;28301.76000000;296;EXCHANGE_LAST;;1;1;XEUR;7590768;48912;
06.12.2024;17:28:14.091;FMGS SI 20241220 CS;SIMPLE_INSTRUMENT;BLOCK;USD;46;27890.00000000;1435;EXCHANGE_LAST;;1;1;XEUR;7193445;48912;
06.12.2024;17:28:46.666;FMGS SI 20250321 CS;SIMPLE_INSTRUMENT;BLOCK;USD;47;28291.61600000;1415;EXCHANGE_LAST;;1;1;XEUR;7590768;48912;
06.12.2024;18:00:36.985;FMGS SI 20241220 CS;SIMPLE_INSTRUMENT;BLOCK;USD;48;27880.00000000;718;EXCHANGE_LAST;;1;1;XEUR;7193445;48912;
06.12.2024;18:01:35.212;FMGS SI 20250321 CS;SIMPLE_INSTRUMENT;BLOCK;USD;49;28281.47200000;708;EXCHANGE_LAST;;1;1;XEUR;7590768;48912;
06.12.2024;09:03:24.419;FMID SI 20241220 CS;SIMPLE_INSTRUMENT;BLOCK;USD;6;1697.28700000;13;EXCHANGE_LAST;;1;1;XEUR;7192610;45289;
06.12.2024;09:15:19.394;FMID SI 20241220 CS;SIMPLE_INSTRUMENT;BLOCK;USD;7;1691.76400000;89;EXCHANGE_LAST;;1;1;XEUR;7192610;45289;
06.12.2024;00:58:32.179;FMIN SI 20241220 CS;SIMPLE_INSTRUMENT;BLOCK;USD;2;1319.73100000;54;EXCHANGE_LAST;;1;1;XEUR;7191968;12404;
06.12.2024;02:10:39.560;FMIN SI 20241220 CS;SIMPLE_INSTRUMENT;BLOCK;USD;5;1319.33600000;74;EXCHANGE_LAST;;1;1;XEUR;7191968;12404;
06.12.2024;05:03:08.630;FMIN SI 20241220 CS;SIMPLE_INSTRUMENT;BLOCK;USD;6;1319.73100000;572;EXCHANGE_LAST;;1;1;XEUR;7191968;12404;
06.12.2024;05:09:30.930;FMIN SI 20241220 CS;SIMPLE_INSTRUMENT;BLOCK;USD;7;1319.07300000;74;EXCHANGE_LAST;;1;1;XEUR;7191968;12404;
06.12.2024;06:17:04.978;FMIN SI 20241220 CS;SIMPLE_INSTRUMENT;BLOCK;USD;8;1319.46800000;120;EXCHANGE_LAST;;1;2;XEUR;7191968;12404;
06.12.2024;08:37:09.709;FMIN SI 20241220 CS;SIMPLE_INSTRUMENT;BLOCK;USD;28;1319.73100000;462;EXCHANGE_LAST;;1;1;XEUR;7191968;12404;
06.12.2024;09:34:06.270;FMIN SI 20241220 CS;SIMPLE_INSTRUMENT;BLOCK;USD;36;1319.73100000;124;EXCHANGE_LAST;;1;1;XEUR;7191968;12404;
06.12.2024;01:07:39.119;FMJP SI 20241220 CS;SIMPLE_INSTRUMENT;EFP_IDX;USD;3;8886.98900000;29;EXCHANGE_LAST;;1;1;XEUR;7190889;661;
06.12.2024;01:07:39.939;FMJP SI 20241220 CS;SIMPLE_INSTRUMENT;BLOCK;USD;4;8886.98900000;5594;EXCHANGE_LAST;;3;1;XEUR;7190889;661;
06.12.2024;00:32:39.849;FMMY SI 20241220 CS;SIMPLE_INSTRUMENT;BLOCK;USD;1;391.58000000;40;EXCHANGE_LAST;;1;1;XEUR;7191971;12405;
06.12.2024;08:42:43.010;FMOG SI 20241220 CS;SIMPLE_INSTRUMENT;EFP_IDX;USD;30;12159.57000000;26;EXCHANGE_LAST;;1;1;XEUR;7193554;51877;
06.12.2024;07:14:08.973;FMPH SI 20241220 CS;SIMPLE_INSTRUMENT;BLOCK;USD;3;438.98600000;14;EXCHANGE_LAST;;1;1;XEUR;7191985;12548;
06.12.2024;08:19:27.418;FMSA SI 20241220 CS;SIMPLE_INSTRUMENT;BLOCK;USD;21;1770.50200000;170;EXCHANGE_LAST;;1;1;XEUR;7194630;134861;
06.12.2024;08:29:38.520;FMSC SI 20241220 CS;SIMPLE_INSTRUMENT;BLOCK;USD;25;751.59100000;34;EXCHANGE_LAST;;1;1;XEUR;7194781;221303;
06.12.2024;06:34:47.753;FMSI SI 20241220 CS;SIMPLE_INSTRUMENT;BLOCK;USD;1;17508.00000000;1488;EXCHANGE_LAST;;1;1;XEUR;7193558;51883;
06.12.2024;06:34:49.685;FMSI SI 20250321 CS;SIMPLE_INSTRUMENT;BLOCK;USD;2;17737.35500000;1469;EXCHANGE_LAST;;1;1;XEUR;7590881;51883;
06.12.2024;07:51:35.483;FMWN SI 20241220 CS;SIMPLE_INSTRUMENT;BLOCK;EUR;14;590.35000000;176;EXCHANGE_LAST;;1;1;XEUR;7192300;30654;
06.12.2024;07:26:51.810;FMWO SI 20241220 CS;SIMPLE_INSTRUMENT;EFP_IDX;USD;10;12198.56000000;194;EXCHANGE_LAST;;1;1;XEUR;7191849;7059;
06.12.2024;07:35:02.906;FMWO SI 20241220 CS;SIMPLE_INSTRUMENT;BLOCK;USD;11;12198.41000000;500;EXCHANGE_LAST;;1;1;XEUR;7191849;7059;
06.12.2024;08:14:20.000;FMWO SI 20241220 CS;SIMPLE_INSTRUMENT;BLOCK;USD;16;12194.68700000;300;EXCHANGE_LAST;;1;1;XEUR;7191849;7059;
06.12.2024;08:23:02.113;FMWO SI 20241220 CS;SIMPLE_INSTRUMENT;EFP_IDX;USD;22;12198.91000000;166;EXCHANGE_LAST;;1;1;XEUR;7191849;7059;
06.12.2024;08:25:05.592;FMWO SI 20241220 CS;SIMPLE_INSTRUMENT;EFP_IDX;USD;23;12198.16000000;212;EXCHANGE_LAST;;1;1;XEUR;7191849;7059;
06.12.2024;08:35:01.745;FMWO SI 20241220 CS;SIMPLE_INSTRUMENT;BLOCK;USD;27;12198.41000000;125;EXCHANGE_LAST;;1;1;XEUR;7191849;7059;
06.12.2024;08:38:19.664;FOAT SI 20250306 PS;SIMPLE_INSTRUMENT;EFP_FIN;EUR;1;126.32000000;1032;EXCHANGE_LAST;;1;1;XEUR;11286683;749;
06.12.2024;08:44:56.771;FOAT SI 20250306 PS;SIMPLE_INSTRUMENT;EFP_FIN;EUR;2;126.28000000;1032;EXCHANGE_LAST;;1;1;XEUR;11286683;749;
06.12.2024;09:02:04.824;FOAT SI 20250306 PS;SIMPLE_INSTRUMENT;EFP_FIN;EUR;3;126.43000000;478;EXCHANGE_LAST;;1;1;XEUR;11286683;749;
06.12.2024;09:06:36.151;FOAT SI 20250306 PS;SIMPLE_INSTRUMENT;EFP_FIN;EUR;4;126.60000000;187;EXCHANGE_LAST;;1;1;XEUR;11286683;749;
06.12.2024;09:43:24.177;FOAT SI 20250306 PS;SIMPLE_INSTRUMENT;EFP_FIN;EUR;5;126.48000000;368;EXCHANGE_LAST;;1;1;XEUR;11286683;749;
06.12.2024;09:50:21.315;FOAT SI 20250306 PS;SIMPLE_INSTRUMENT;EFS;EUR;6;126.58000000;264;EXCHANGE_LAST;;1;1;XEUR;11286683;749;
06.12.2024;10:16:18.847;FOAT SI 20250306 PS;SIMPLE_INSTRUMENT;EFS;EUR;7;126.58000000;1340;EXCHANGE_LAST;;1;1;XEUR;11286683;749;
06.12.2024;11:21:03.347;FOAT SI 20250306 PS;SIMPLE_INSTRUMENT;EFP_FIN;EUR;8;126.42000000;201;EXCHANGE_LAST;;1;1;XEUR;11286683;749;
06.12.2024;11:23:40.802;FOAT SI 20250306 PS;SIMPLE_INSTRUMENT;EFP_FIN;EUR;9;126.43000000;88;EXCHANGE_LAST;;1;1;XEUR;11286683;749;
06.12.2024;11:23:29.801;FOAT SI 20250306 PS;SIMPLE_INSTRUMENT;EFP_FIN;EUR;10;126.43000000;405;EXCHANGE_LAST;;1;1;XEUR;11286683;749;
06.12.2024;11:26:14.809;FOAT SI 20250306 PS;SIMPLE_INSTRUMENT;EFP_FIN;EUR;11;126.43000000;1092;EXCHANGE_LAST;;1;1;XEUR;11286683;749;
06.12.2024;11:27:23.813;FOAT SI 20250306 PS;SIMPLE_INSTRUMENT;EFP_FIN;EUR;12;126.43000000;291;EXCHANGE_LAST;;1;1;XEUR;11286683;749;
06.12.2024;11:31:14.828;FOAT SI 20250306 PS;SIMPLE_INSTRUMENT;EFP_FIN;EUR;13;126.43000000;73;EXCHANGE_LAST;;1;1;XEUR;11286683;749;
06.12.2024;11:32:30.830;FOAT SI 20250306 PS;SIMPLE_INSTRUMENT;EFP_FIN;EUR;14;126.43000000;178;EXCHANGE_LAST;;1;1;XEUR;11286683;749;
06.12.2024;11:34:21.836;FOAT SI 20250306 PS;SIMPLE_INSTRUMENT;EFP_FIN;EUR;15;126.43000000;122;EXCHANGE_LAST;;1;1;XEUR;11286683;749;
06.12.2024;11:35:44.840;FOAT SI 20250306 PS;SIMPLE_INSTRUMENT;EFP_FIN;EUR;16;126.43000000;72;EXCHANGE_LAST;;1;1;XEUR;11286683;749;
06.12.2024;11:40:20.390;FOAT SI 20250306 PS;SIMPLE_INSTRUMENT;EFS;EUR;17;126.36000000;529;EXCHANGE_LAST;;1;1;XEUR;11286683;749;
06.12.2024;12:25:21.340;FOAT SI 20250306 PS;SIMPLE_INSTRUMENT;EFS;EUR;19;126.46000000;338;EXCHANGE_LAST;;1;1;XEUR;11286683;749;
06.12.2024;12:35:31.827;FOAT SI 20250306 PS;SIMPLE_INSTRUMENT;EFP_FIN;EUR;20;126.38000000;181;EXCHANGE_LAST;;1;1;XEUR;11286683;749;
06.12.2024;12:52:19.661;FOAT SI 20250306 PS;SIMPLE_INSTRUMENT;EFP_FIN;EUR;21;126.33000000;444;EXCHANGE_LAST;;1;1;XEUR;11286683;749;
06.12.2024;12:57:12.780;FOAT SI 20250306 PS;SIMPLE_INSTRUMENT;EFP_FIN;EUR;22;126.33000000;1218;EXCHANGE_LAST;;1;1;XEUR;11286683;749;
06.12.2024;13:00:22.409;FOAT SI 20250306 PS;SIMPLE_INSTRUMENT;EFP_FIN;EUR;23;126.42000000;889;EXCHANGE_LAST;;1;1;XEUR;11286683;749;
06.12.2024;13:01:55.457;FOAT SI 20250306 PS;SIMPLE_INSTRUMENT;EFP_FIN;EUR;24;126.42000000;444;EXCHANGE_LAST;;1;1;XEUR;11286683;749;
06.12.2024;13:46:32.477;FOAT SI 20250306 PS;SIMPLE_INSTRUMENT;EFP_FIN;EUR;25;126.42000000;445;EXCHANGE_LAST;;1;1;XEUR;11286683;749;
06.12.2024;14:15:52.349;FOAT SI 20250306 PS;SIMPLE_INSTRUMENT;BLOCK;EUR;26;126.57000000;996;EXCHANGE_LAST;;1;1;XEUR;11286683;749;
06.12.2024;14:16:31.064;FOAT SI 20250306 PS;SIMPLE_INSTRUMENT;EFP_FIN;EUR;27;126.39000000;1784;EXCHANGE_LAST;;1;1;XEUR;11286683;749;
06.12.2024;14:56:38.215;FOAT SI 20250306 PS;SIMPLE_INSTRUMENT;EFP_FIN;EUR;28;126.61000000;204;EXCHANGE_LAST;;1;1;XEUR;11286683;749;
06.12.2024;15:01:49.459;FOAT SI 20250306 PS;SIMPLE_INSTRUMENT;EFP_FIN;EUR;29;126.39000000;417;EXCHANGE_LAST;;1;1;XEUR;11286683;749;
06.12.2024;15:03:04.352;FOAT SI 20250306 PS;SIMPLE_INSTRUMENT;EFP_FIN;EUR;30;126.52000000;834;EXCHANGE_LAST;;1;1;XEUR;11286683;749;
06.12.2024;15:23:52.671;FOAT SI 20250306 PS;SIMPLE_INSTRUMENT;EFP_FIN;EUR;31;126.46000000;115;EXCHANGE_LAST;;1;1;XEUR;11286683;749;
06.12.2024;15:31:36.922;FOAT SI 20250306 PS;SIMPLE_INSTRUMENT;EFP_FIN;EUR;32;126.49000000;625;EXCHANGE_LAST;;1;1;XEUR;11286683;749;
06.12.2024;15:39:42.182;FOAT SI 20250306 PS;SIMPLE_INSTRUMENT;EFP_FIN;EUR;33;126.48000000;67;EXCHANGE_LAST;;1;1;XEUR;11286683;749;
06.12.2024;15:42:39.123;FOAT SI 20250306 PS;SIMPLE_INSTRUMENT;EFP_FIN;EUR;34;126.37000000;834;EXCHANGE_LAST;;1;1;XEUR;11286683;749;
06.12.2024;15:45:05.529;FOAT SI 20250306 PS;SIMPLE_INSTRUMENT;EFS;EUR;35;126.37000000;249;EXCHANGE_LAST;;1;1;XEUR;11286683;749;
06.12.2024;15:48:50.771;FOAT SI 20250306 PS;SIMPLE_INSTRUMENT;EFP_FIN;EUR;36;126.37000000;358;EXCHANGE_LAST;;1;1;XEUR;11286683;749;
06.12.2024;16:22:55.295;FOAT SI 20250306 PS;SIMPLE_INSTRUMENT;EFS;EUR;37;126.24000000;251;EXCHANGE_LAST;;1;1;XEUR;11286683;749;
06.12.2024;16:23:45.626;FOAT SI 20250306 PS;SIMPLE_INSTRUMENT;EFP_FIN;EUR;38;126.19000000;130;EXCHANGE_LAST;;1;1;XEUR;11286683;749;
06.12.2024;16:25:07.631;FOAT SI 20250306 PS;SIMPLE_INSTRUMENT;EFP_FIN;EUR;39;126.19000000;112;EXCHANGE_LAST;;1;1;XEUR;11286683;749;
06.12.2024;16:27:23.220;FOAT SI 20250306 PS;SIMPLE_INSTRUMENT;EFP_FIN;EUR;40;126.26000000;100;EXCHANGE_LAST;;1;1;XEUR;11286683;749;
06.12.2024;16:28:09.497;FOAT SI 20250306 PS;SIMPLE_INSTRUMENT;EFS;EUR;41;126.25000000;529;EXCHANGE_LAST;;1;1;XEUR;11286683;749;
06.12.2024;10:31:14.168;FRE.O.241206.COMBO.000001;STANDARD_OPTION_STRATEGY;BLOCK;EUR;2;0.76000000;1000;EXCHANGE_LAST;;1;1;XEUR;72060858213105575;760;
06.12.2024;10:31:14.168;FRE SI 20250321 PS AM C 40.00 0;SIMPLE_INSTRUMENT;BLOCK;EUR;2;0.15000000;1000;PRC_DECOMP_EXCHANGE;;;;XEUR;10840458;760;EXCHANGE
06.12.2024;10:31:14.168;FRE SI 20250321 PS AM P 32.00 0;SIMPLE_INSTRUMENT;BLOCK;EUR;2;0.91000000;1000;PRC_DECOMP_EXCHANGE;;;;XEUR;10840443;760;EXCHANGE
06.12.2024;16:54:26.329;FSEG SI 20241220 CS;SIMPLE_INSTRUMENT;EFP_IDX;EUR;50;193.10000000;12;EXCHANGE_LAST;;1;1;XEUR;10871764;109977;
06.12.2024;16:54:46.492;FSEG SI 20241220 CS;SIMPLE_INSTRUMENT;EFP_IDX;EUR;51;193.40000000;179;EXCHANGE_LAST;;1;1;XEUR;10871764;109977;
06.12.2024;11:25:44.090;FSMI SI 20241220 CS;SIMPLE_INSTRUMENT;BLOCK;CHF;1;11795.00000000;545;EXCHANGE_LAST;;1;1;XEUR;7793735;757;
06.12.2024;12:15:43.387;FSMI SI 20241220 CS;SIMPLE_INSTRUMENT;BLOCK;CHF;2;11785.00000000;1000;EXCHANGE_LAST;;1;1;XEUR;7793735;757;
06.12.2024;12:53:26.882;FSMI SI 20241220 CS;SIMPLE_INSTRUMENT;BLOCK;CHF;3;11785.00000000;1000;EXCHANGE_LAST;;1;1;XEUR;7793735;757;
06.12.2024;16:08:13.526;FSMI SI 20241220 CS;SIMPLE_INSTRUMENT;BLOCK;CHF;4;11790.00000000;520;EXCHANGE_LAST;;1;1;XEUR;7793735;757;
06.12.2024;16:35:20.585;FSMI SI 20241220 CS;SIMPLE_INSTRUMENT;EFP_IDX;CHF;5;11787.00000000;32;EXCHANGE_LAST;;1;1;XEUR;7793735;757;
06.12.2024;16:35:28.088;FSMI SI 20241220 CS;SIMPLE_INSTRUMENT;EFP_IDX;CHF;6;11788.00000000;60;EXCHANGE_LAST;;1;1;XEUR;7793735;757;
06.12.2024;12:24:27.284;FSMI SI 20241220 CS;SIMPLE_INSTRUMENT;VOLA;CHF;603979803;11775.00000000;3;EXCHANGE_LAST;;1;1;XEUR;7793735;757;
06.12.2024;16:59:26.541;FSMX SI 20241220 CS;SIMPLE_INSTRUMENT;EFP_IDX;EUR;53;27353.00000000;51;EXCHANGE_LAST;;1;1;XEUR;10882019;396422;
06.12.2024;16:59:54.223;FSMX SI 20241220 CS;SIMPLE_INSTRUMENT;EFP_IDX;EUR;54;27352.00000000;414;EXCHANGE_LAST;;1;1;XEUR;10882019;396422;
06.12.2024;13:58:46.048;FSTA SI 20241220 CS;SIMPLE_INSTRUMENT;VOLA;EUR;603979817;552.10000000;54;EXCHANGE_LAST;;1;1;XEUR;10839562;715;
06.12.2024;15:06:30.827;FSTG SI 20241220 CS;SIMPLE_INSTRUMENT;BLOCK;EUR;36;916.00000000;250;EXCHANGE_LAST;;1;1;XEUR;10839565;717;
06.12.2024;15:07:10.332;FSTH SI 20241220 CS;SIMPLE_INSTRUMENT;BLOCK;EUR;2;1145.80000000;265;EXCHANGE_LAST;;1;1;XEUR;10839563;716;
06.12.2024;13:11:41.852;FSTT SI 20241220 CS;SIMPLE_INSTRUMENT;BLOCK;EUR;1;239.50000000;870;EXCHANGE_LAST;;1;1;XEUR;10839556;708;
06.12.2024;10:04:41.372;FSTU SI 20241220 CS;SIMPLE_INSTRUMENT;EFP_IDX;EUR;3;395.40000000;130;EXCHANGE_LAST;;1;1;XEUR;10839570;730;
06.12.2024;10:04:50.259;FSTU SI 20241220 CS;SIMPLE_INSTRUMENT;EFP_IDX;EUR;4;395.30000000;130;EXCHANGE_LAST;;1;1;XEUR;10839570;730;
06.12.2024;15:43:57.139;FSTU SI 20241220 CS;SIMPLE_INSTRUMENT;BLOCK;EUR;41;395.50000000;292;EXCHANGE_LAST;;1;1;XEUR;10839570;730;
06.12.2024;15:44:21.438;FSTU SI 20241220 CS;SIMPLE_INSTRUMENT;BLOCK;EUR;42;395.80000000;642;EXCHANGE_LAST;;1;1;XEUR;10839570;730;
06.12.2024;14:33:06.150;FTE SI 20241220 PS AM P 9.60 0;SIMPLE_INSTRUMENT;BLOCK;EUR;26;0.05000000;3978;EXCHANGE_LAST;;1;1;XEUR;6499595;724;
06.12.2024;09:24:09.636;FTEG SI 20241220 CS;SIMPLE_INSTRUMENT;BLOCK;EUR;2;9.73200000;30000;EXCHANGE_LAST;;1;1;XEUR;7057046;390378;
06.12.2024;09:50:38.044;FTEG SI 20241220 CS;SIMPLE_INSTRUMENT;BLOCK;EUR;4;9.73200000;50000;EXCHANGE_LAST;;1;1;XEUR;7057046;390378;
06.12.2024;14:49:42.518;FUIG SI 20241220 CS;SIMPLE_INSTRUMENT;BLOCK;USD;33;3381.00000000;84;EXCHANGE_LAST;;1;1;XEUR;11850127;909659;
06.12.2024;13:50:48.470;FVS SI 20250219 CS;SIMPLE_INSTRUMENT;BLOCK;EUR;37;17.65000000;1500;EXCHANGE_LAST;;1;1;XEUR;11334509;821;
06.12.2024;13:51:44.676;FVS SI 20250122 CS;SIMPLE_INSTRUMENT;BLOCK;EUR;38;17.10000000;1500;EXCHANGE_LAST;;1;1;XEUR;11231184;821;
06.12.2024;14:16:03.499;FVS SI 20250219 CS;SIMPLE_INSTRUMENT;BLOCK;EUR;39;17.60000000;1500;EXCHANGE_LAST;;1;1;XEUR;11334509;821;
06.12.2024;14:16:18.810;FVS SI 20250122 CS;SIMPLE_INSTRUMENT;BLOCK;EUR;40;17.05000000;1500;EXCHANGE_LAST;;1;1;XEUR;11231184;821;
06.12.2024;15:24:06.052;G3ZF SI 20251219 CS;SIMPLE_INSTRUMENT;BLOCK;EUR;60;1.45000000;650;EXCHANGE_LAST;;1;1;XEUR;5914677;144760;
06.12.2024;11:27:24.236;GOB SI 20250117 PS AM C 94.00 0;SIMPLE_INSTRUMENT;BLOCK;EUR;16;0.62000000;1374;EXCHANGE_LAST;;1;1;XEUR;12076691;874;
06.12.2024;14:02:59.160;GOB.O.241206.BUL.000004;STANDARD_OPTION_STRATEGY;BLOCK;EUR;24;1.00000000;1500;EXCHANGE_LAST;;1;1;XEUR;72061347839356073;874;
06.12.2024;14:02:59.160;GOB SI 20250117 PS AM C 98.00 0;SIMPLE_INSTRUMENT;BLOCK;EUR;24;0.42000000;1500;PRC_DECOMP_MEMBER;;;;XEUR;12219072;874;MEMBER
06.12.2024;14:02:59.160;GOB SI 20250117 PS AM C 93.00 0;SIMPLE_INSTRUMENT;BLOCK;EUR;24;1.42000000;1500;PRC_DECOMP_MEMBER;;;;XEUR;12076677;874;MEMBER
06.12.2024;13:10:52.465;GSKI SI 20241220 CS;SIMPLE_INSTRUMENT;BLOCK;GBX;35;1345.30000000;35;EXCHANGE_LAST;;1;1;XEUR;8264958;553012;
06.12.2024;10:56:55.438;GZF.O.241206.RBER.000001;STANDARD_OPTION_STRATEGY;BLOCK;EUR;11;-0.22000000;2500;EXCHANGE_LAST;;1;1;XEUR;72061266234979941;855;
06.12.2024;10:56:55.438;GZF SI 20250221 PS AM P 14.00 0;SIMPLE_INSTRUMENT;BLOCK;EUR;11;0.11000000;5000;PRC_DECOMP_EXCHANGE;;;;XEUR;12246280;855;EXCHANGE
06.12.2024;10:56:55.438;GZF SI 20250221 PS AM P 15.40 0;SIMPLE_INSTRUMENT;BLOCK;EUR;11;0.44000000;2500;PRC_DECOMP_EXCHANGE;;;;XEUR;12246282;855;EXCHANGE
06.12.2024;11:50:41.776;GZF SI 20261218 PS AM P 10.00 0;SIMPLE_INSTRUMENT;BLOCK;EUR;18;0.40000000;12500;EXCHANGE_LAST;;2;3;XEUR;7159804;855;
06.12.2024;10:11:41.363;HMI.O.241206.BLT.000002;STANDARD_OPTION_STRATEGY;BLOCK;EUR;9;62.40000000;50;EXCHANGE_LAST;;1;1;XEUR;72061674256866165;950;
06.12.2024;10:11:41.363;HMI SI 20241220 PS AM C 2300.00 0;SIMPLE_INSTRUMENT;BLOCK;EUR;9;26.22000000;50;PRC_DECOMP_EXCHANGE;;;;XEUR;11986714;950;EXCHANGE
06.12.2024;10:11:41.363;HMI SI 20250221 PS AM C 2300.00 0;SIMPLE_INSTRUMENT;BLOCK;EUR;9;88.62000000;50;PRC_DECOMP_EXCHANGE;;;;XEUR;12340685;950;EXCHANGE
06.12.2024;11:13:59.242;HMI SI 20241220 PS AM P 2190.18 1;SIMPLE_INSTRUMENT;BLOCK;EUR;13;29.00000000;50;EXCHANGE_LAST;;1;1;XEUR;10409286;950;
06.12.2024;16:04:48.524;HMI.O.241206.BLT.000005;STANDARD_OPTION_STRATEGY;BLOCK;EUR;32;53.10000000;50;EXCHANGE_LAST;;1;1;XEUR;72061674256866168;950;
06.12.2024;16:04:48.524;HMI SI 20241220 PS AM C 2400.00 0;SIMPLE_INSTRUMENT;BLOCK;EUR;32;6.76000000;50;PRC_DECOMP_EXCHANGE;;;;XEUR;11114193;950;EXCHANGE
06.12.2024;16:04:48.524;HMI SI 20250221 PS AM C 2400.00 0;SIMPLE_INSTRUMENT;BLOCK;EUR;32;59.86000000;50;PRC_DECOMP_EXCHANGE;;;;XEUR;12340675;950;EXCHANGE
06.12.2024;16:33:56.499;HOLN SI 20241220 PS AM C 89.00 0;SIMPLE_INSTRUMENT;BLOCK;CHF;46;2.15000000;1000;EXCHANGE_LAST;;1;1;XEUR;11884445;943;
06.12.2024;13:28:09.454;I3ES SI 20261218 CS;SIMPLE_INSTRUMENT;BLOCK;EUR;36;0.30200000;2500;EXCHANGE_LAST;;1;1;XEUR;6805357;913;
06.12.2024;13:33:29.970;I3ES SI 20271217 CS;SIMPLE_INSTRUMENT;BLOCK;EUR;37;0.26000000;900;EXCHANGE_LAST;;1;1;XEUR;8383274;913;
06.12.2024;08:34:56.086;IFX SI 20250117 PS AM C 36.00 0;SIMPLE_INSTRUMENT;BLOCK;EUR;1;0.25000000;3633;EXCHANGE_LAST;;1;1;XEUR;12077081;902;
06.12.2024;09:28:51.042;IFX SI 20241220 PS AM C 34.00 0;SIMPLE_INSTRUMENT;BLOCK;EUR;5;0.24000000;1500;EXCHANGE_LAST;;1;1;XEUR;10408583;902;
06.12.2024;11:15:09.401;IFX SI 20241220 PS AM P 32.00 0;SIMPLE_INSTRUMENT;BLOCK;EUR;8;0.66000000;2500;EXCHANGE_LAST;;2;1;XEUR;4648444;902;
06.12.2024;13:38:50.984;IFX SI 20241220 PS AM C 32.00 0;SIMPLE_INSTRUMENT;BLOCK;EUR;14;0.86000000;1500;EXCHANGE_LAST;;1;1;XEUR;4648443;902;
06.12.2024;15:33:10.010;IFX SI 20241220 PS AM C 33.00 0;SIMPLE_INSTRUMENT;BLOCK;EUR;20;0.61000000;2000;EXCHANGE_LAST;;2;1;XEUR;11689534;902;
06.12.2024;09:50:29.786;ISPA SI 20250620 PS AM P 20.00 0;SIMPLE_INSTRUMENT;BLOCK;EUR;6;0.59000000;1000;EXCHANGE_LAST;;1;1;XEUR;7906886;1004;
06.12.2024;15:28:39.611;ITK SI 20241220 PS AM P 50.00 0;SIMPLE_INSTRUMENT;BLOCK;EUR;2;0.44000000;1300;EXCHANGE_LAST;;2;1;XEUR;10410012;999;
06.12.2024;15:58:30.795;L3HA SI 20261218 CS;SIMPLE_INSTRUMENT;BLOCK;EUR;67;0.31000000;250;EXCHANGE_LAST;;1;1;XEUR;6866241;414625;
06.12.2024;15:58:25.333;L3HA SI 20271217 CS;SIMPLE_INSTRUMENT;BLOCK;EUR;68;0.30000000;250;EXCHANGE_LAST;;1;1;XEUR;8423713;414625;
06.12.2024;15:29:34.036;LHA SI 20271217 PS AM P 6.40 0;SIMPLE_INSTRUMENT;BLOCK;EUR;21;1.25000000;5000;EXCHANGE_LAST;;1;1;XEUR;8788967;1126;
06.12.2024;08:51:34.397;LONN SI 20250321 PS AM P 400.00 0;SIMPLE_INSTRUMENT;BLOCK;CHF;2;2.83000000;2000;EXCHANGE_LAST;;1;1;XEUR;10845768;1141;
06.12.2024;08:51:34.418;LONN SI 20251219 PS AM P 420.00 0;SIMPLE_INSTRUMENT;BLOCK;CHF;3;18.91000000;2000;EXCHANGE_LAST;;1;1;XEUR;10641267;1141;
06.12.2024;09:51:31.404;LONN SI 20241220 PS AM P 520.00 0;SIMPLE_INSTRUMENT;BLOCK;CHF;7;16.00000000;3000;EXCHANGE_LAST;;2;1;XEUR;8854261;1141;
06.12.2024;14:06:09.267;LONN SI 20260619 PS AM P 400.00 0;SIMPLE_INSTRUMENT;BLOCK;CHF;40;21.50000000;750;EXCHANGE_LAST;;1;1;XEUR;9554985;1141;
06.12.2024;12:08:39.348;LOR SI 20241206 PS AM C 345.00 0;SIMPLE_INSTRUMENT;BLOCK;EUR;21;1.00000000;400;EXCHANGE_LAST;;1;1;XEUR;12141069;1140;
06.12.2024;15:18:14.915;MCH SI 20241220 PS AM C 32.00 0;SIMPLE_INSTRUMENT;BLOCK;EUR;30;0.62000000;1000;EXCHANGE_LAST;;2;1;XEUR;7887445;1043;
06.12.2024;08:39:09.653;MOH SI 20241220 PS AM P 580.00 0;SIMPLE_INSTRUMENT;BLOCK;EUR;1;3.05000000;135;EXCHANGE_LAST;;1;1;XEUR;11886546;1074;
06.12.2024;09:28:51.190;MOH SI 20241220 PS AM P 600.00 0;SIMPLE_INSTRUMENT;BLOCK;EUR;5;7.25000000;450;EXCHANGE_LAST;;2;1;XEUR;10411227;1074;
06.12.2024;11:06:26.843;MOH.O.241206.BLT.000016;STANDARD_OPTION_STRATEGY;BLOCK;EUR;12;18.20000000;135;EXCHANGE_LAST;;1;1;XEUR;72062206832830739;1074;
06.12.2024;11:06:26.843;MOH SI 20241220 PS AM C 650.00 0;SIMPLE_INSTRUMENT;BLOCK;EUR;12;5.12000000;135;PRC_DECOMP_EXCHANGE;;;;XEUR;11886422;1074;EXCHANGE
06.12.2024;11:06:26.843;MOH SI 20250221 PS AM C 650.00 0;SIMPLE_INSTRUMENT;BLOCK;EUR;12;23.32000000;135;PRC_DECOMP_EXCHANGE;;;;XEUR;12248811;1074;EXCHANGE
06.12.2024;12:04:50.108;MOH SI 20241220 PS AM C 620.00 0;SIMPLE_INSTRUMENT;BLOCK;EUR;20;17.55000000;211;EXCHANGE_LAST;;1;1;XEUR;11763546;1074;
06.12.2024;11:22:07.817;MRK SI 20241220 PS AM P 140.00 0;SIMPLE_INSTRUMENT;BLOCK;EUR;3;2.45000000;2000;EXCHANGE_LAST;;1;1;XEUR;4652000;1223;
06.12.2024;10:27:45.176;N2ES SI 20251219 CS;SIMPLE_INSTRUMENT;BLOCK;CHF;10;3.14000000;150;EXCHANGE_LAST;;1;1;XEUR;5914928;1240;
06.12.2024;11:19:35.342;N2ES SI 20250620 CS;SIMPLE_INSTRUMENT;BLOCK;CHF;20;3.05000000;200;EXCHANGE_LAST;;1;1;XEUR;10848664;1240;
06.12.2024;12:00:40.170;N2ES SI 20250620 CS;SIMPLE_INSTRUMENT;BLOCK;CHF;24;3.05000000;325;EXCHANGE_LAST;;2;2;XEUR;10848664;1240;
06.12.2024;11:56:08.969;N4OV SI 20250620 CS;SIMPLE_INSTRUMENT;BLOCK;CHF;23;3.42000000;300;EXCHANGE_LAST;;2;1;XEUR;10891333;724743;
06.12.2024;15:46:09.063;N4OV SI 20250620 CS;SIMPLE_INSTRUMENT;BLOCK;CHF;65;3.42000000;136;EXCHANGE_LAST;;1;1;XEUR;10891333;724743;
06.12.2024;14:51:24.813;NAG SI 20241220 PS AM C 110.00 0;SIMPLE_INSTRUMENT;BLOCK;EUR;15;1.05000000;1000;EXCHANGE_LAST;;1;1;XEUR;10455943;481918;
