#Date;TrdTime;Contract;ContractType;TrdTyp;Currency;TesId;Prc;Qty;TrdInd;Aggressor;Buy;Sell;Exch;InstrumentId;RelatedProdId;PrcDecomp
05.03.2025;16:37:05.532;A2XA SI 20271217 CS;SIMPLE_INSTRUMENT;BLOCK;EUR;71;2.16500000;500;EXCHANGE_LAST;;1;1;XEUR;5914267;17;
05.03.2025;16:28:44.127;A3NN SI 20251219 CS;SIMPLE_INSTRUMENT;BLOCK;EUR;66;1.14000000;630;EXCHANGE_LAST;;1;2;XEUR;7365514;464375;
05.03.2025;11:36:34.474;ABBN SI 20261218 PS AM C 52.00 0;SIMPLE_INSTRUMENT;BLOCK;CHF;36;4.42000000;3000;EXCHANGE_LAST;;2;1;XEUR;9516007;574517;
05.03.2025;12:10:58.015;ABBN SI 20261218 PS AM P 36.00 0;SIMPLE_INSTRUMENT;BLOCK;CHF;46;1.84000000;2500;EXCHANGE_LAST;;1;1;XEUR;8509369;574517;
05.03.2025;10:53:43.596;ADEN SI 20250321 PS AM C 27.50 0;SIMPLE_INSTRUMENT;BLOCK;CHF;28;0.23000000;7700;EXCHANGE_LAST;;1;1;XEUR;12546207;44;
05.03.2025;14:16:00.825;ADEN SI 20250516 PS AM P 22.00 0;SIMPLE_INSTRUMENT;BLOCK;CHF;72;0.63000000;1500;EXCHANGE_LAST;;1;1;XEUR;12811721;44;
05.03.2025;14:16:00.866;ADEN SI 20250516 PS AM C 28.00 0;SIMPLE_INSTRUMENT;BLOCK;CHF;73;0.47000000;1500;EXCHANGE_LAST;;1;1;XEUR;12811810;44;
05.03.2025;14:37:42.793;ADEN SI 20250620 PS AM C 28.00 0;SIMPLE_INSTRUMENT;BLOCK;CHF;80;0.61000000;1000;EXCHANGE_LAST;;1;1;XEUR;7897568;44;
05.03.2025;15:54:59.817;ADEN SI 20250417 PS AM C 28.00 0;SIMPLE_INSTRUMENT;BLOCK;CHF;104;0.40000000;5324;EXCHANGE_LAST;;1;1;XEUR;12811771;44;
05.03.2025;15:55:00.471;ADEN SI 20250321 PS AM C 26.00 0;SIMPLE_INSTRUMENT;BLOCK;CHF;105;0.45000000;5324;EXCHANGE_LAST;;1;1;XEUR;10828055;44;
05.03.2025;08:48:48.209;ADS SI 20250321 PS AM P 225.00 0;SIMPLE_INSTRUMENT;BLOCK;EUR;3;3.75000000;350;EXCHANGE_LAST;;1;1;XEUR;12430868;50;
05.03.2025;11:59:42.600;ADS SI 20250417 PS AM C 250.00 0;SIMPLE_INSTRUMENT;BLOCK;EUR;7;6.00000000;313;EXCHANGE_LAST;;1;1;XEUR;12613484;50;
05.03.2025;11:17:39.947;AKU SI 20250321 PS AM C 62.00 0;SIMPLE_INSTRUMENT;BLOCK;EUR;6;1.03000000;579;EXCHANGE_LAST;;1;1;XEUR;12431646;78;
05.03.2025;11:57:22.865;AKU SI 20250321 PS AM C 66.00 0;SIMPLE_INSTRUMENT;BLOCK;EUR;12;0.22000000;1550;EXCHANGE_LAST;;1;1;XEUR;12431653;78;
05.03.2025;12:46:00.391;AKU SI 20250321 PS AM C 62.00 0;SIMPLE_INSTRUMENT;BLOCK;EUR;13;0.96000000;656;EXCHANGE_LAST;;1;1;XEUR;12431646;78;
05.03.2025;12:42:19.552;ALC SI 20261218 PS AM C 92.00 0;SIMPLE_INSTRUMENT;BLOCK;CHF;50;6.05000000;500;EXCHANGE_LAST;;1;1;XEUR;7181807;130134;
05.03.2025;10:57:04.096;ALV SI 20250620 PS AM P 330.00 0;SIMPLE_INSTRUMENT;BLOCK;EUR;4;12.45000000;300;EXCHANGE_LAST;;1;1;XEUR;12365295;74;
05.03.2025;09:41:27.430;AMSE SI 20250321 PS EU C 8.00 0;SIMPLE_INSTRUMENT;ENLIGHT;CHF;13;1.27000000;1000;EXCHANGE_LAST;;1;1;XEUR;12002427;791679;
05.03.2025;13:51:11.472;ANN SI 20250417 PS AM C 29.00 0;SIMPLE_INSTRUMENT;BLOCK;EUR;27;0.76000000;2000;EXCHANGE_LAST;;1;1;XEUR;12640771;45202;
05.03.2025;11:33:40.418;AOM SI 20250620 PS AM C 26.00 0;SIMPLE_INSTRUMENT;BLOCK;EUR;10;0.90000000;1250;EXCHANGE_LAST;;2;3;XEUR;11349602;88;
05.03.2025;09:27:10.365;AOMH SI 20251219 CS;SIMPLE_INSTRUMENT;BLOCK;EUR;2;22.49760000;330;EXCHANGE_LAST;;1;1;XEUR;11420303;840006;
05.03.2025;13:09:48.732;ASM SI 20261218 PS AM P 560.00 0;SIMPLE_INSTRUMENT;BLOCK;EUR;18;65.20000000;150;EXCHANGE_LAST;;1;1;XEUR;7152930;107;
05.03.2025;13:45:37.977;ASM SI 20291221 PS AM P 640.00 0;SIMPLE_INSTRUMENT;BLOCK;EUR;19;158.00000000;100;EXCHANGE_LAST;;1;1;XEUR;12432630;107;
05.03.2025;16:02:40.804;AVM SI 20250321 PS AM C 305.00 0;SIMPLE_INSTRUMENT;BLOCK;EUR;66;7.55000000;2000;EXCHANGE_LAST;;1;1;XEUR;12914332;298528;
05.03.2025;08:09:41.679;AXA SI 20260619 PS AM C 40.00 0;SIMPLE_INSTRUMENT;BLOCK;EUR;1;2.05000000;16900;EXCHANGE_LAST;;1;1;XEUR;9538772;127;
05.03.2025;09:34:36.045;AXA SI 20260619 PS AM C 35.00 0;SIMPLE_INSTRUMENT;BLOCK;EUR;2;4.63000000;9000;EXCHANGE_LAST;;1;1;XEUR;12767442;127;
05.03.2025;09:34:54.318;AXA SI 20260619 PS AM P 35.00 0;SIMPLE_INSTRUMENT;BLOCK;EUR;3;3.00000000;9000;EXCHANGE_LAST;;1;1;XEUR;12767441;127;
05.03.2025;09:35:07.369;AXA SI 20251219 PS AM P 34.00 0;SIMPLE_INSTRUMENT;BLOCK;EUR;4;1.55000000;11000;EXCHANGE_LAST;;1;1;XEUR;11960008;127;
05.03.2025;09:35:20.085;AXA SI 20251219 PS AM C 34.00 0;SIMPLE_INSTRUMENT;BLOCK;EUR;5;5.00000000;11000;EXCHANGE_LAST;;1;1;XEUR;11960007;127;
05.03.2025;11:15:22.867;AXA SI 20261218 PS AM C 38.00 0;SIMPLE_INSTRUMENT;BLOCK;EUR;9;3.41000000;1250;EXCHANGE_LAST;;1;1;XEUR;12748953;127;
05.03.2025;16:52:20.430;AXA.O.250305.STD.000003;STANDARD_OPTION_STRATEGY;BLOCK;EUR;73;10.05000000;2000;EXCHANGE_LAST;;1;2;XEUR;72058139498795359;127;
05.03.2025;16:52:20.430;AXA SI 20271217 PS AM C 36.00 0;SIMPLE_INSTRUMENT;BLOCK;EUR;73;4.70000000;2000;PRC_DECOMP_EXCHANGE;;;;XEUR;8773955;127;EXCHANGE
05.03.2025;16:52:20.430;AXA SI 20271217 PS AM P 36.00 0;SIMPLE_INSTRUMENT;BLOCK;EUR;73;5.35000000;2000;PRC_DECOMP_EXCHANGE;;;;XEUR;8773947;127;EXCHANGE
05.03.2025;14:29:17.974;AXAG.S.MAR25.APR25.SPD;FUTURES_SPREAD;BLOCK;EUR;46;-0.07600000;6500;EXCHANGE_LAST;;1;1;XEUR;72058130908840258;125;
05.03.2025;14:29:17.974;AXAG SI 20250417 CS;SIMPLE_INSTRUMENT;BLOCK;EUR;46;38.09340000;6500;PRC_DECOMP_EXCHANGE;;;;XEUR;10829924;125;EXCHANGE
05.03.2025;14:29:17.974;AXAG SI 20250321 CS;SIMPLE_INSTRUMENT;BLOCK;EUR;46;38.01740000;6500;PRC_DECOMP_EXCHANGE;;;;XEUR;10693637;125;EXCHANGE
05.03.2025;14:57:39.662;B2MW SI 20251219 CS;SIMPLE_INSTRUMENT;BLOCK;EUR;52;4.32000000;75;EXCHANGE_LAST;;1;1;XEUR;3681121;128;
05.03.2025;15:22:23.243;B2MW SI 20251219 CS;SIMPLE_INSTRUMENT;BLOCK;EUR;57;4.35000000;150;EXCHANGE_LAST;;2;2;XEUR;3681121;128;
05.03.2025;14:55:41.367;B2NP SI 20251219 CS;SIMPLE_INSTRUMENT;BLOCK;EUR;54;7.36000000;150;EXCHANGE_LAST;;1;1;XEUR;5914355;131;
05.03.2025;15:08:39.524;B2NP SI 20251219 CS;SIMPLE_INSTRUMENT;BLOCK;EUR;55;7.36000000;215;EXCHANGE_LAST;;1;1;XEUR;5914355;131;
05.03.2025;12:59:11.871;BAEN SI 20250417 PS AM C 60.00 0;SIMPLE_INSTRUMENT;BLOCK;CHF;52;3.84000000;400;EXCHANGE_LAST;;1;1;XEUR;12615193;159;
05.03.2025;15:55:24.102;BAEN SI 20251219 PS AM P 56.00 0;SIMPLE_INSTRUMENT;BLOCK;CHF;101;3.49000000;1000;EXCHANGE_LAST;;1;1;XEUR;12433493;159;
05.03.2025;10:41:22.176;BAN SI 20250321 PS AM P 52.00 0;SIMPLE_INSTRUMENT;BLOCK;CHF;23;0.30000000;800;EXCHANGE_LAST;;1;1;XEUR;10878583;298535;
05.03.2025;10:41:22.916;BAN SI 20251219 PS AM P 50.00 0;SIMPLE_INSTRUMENT;BLOCK;CHF;24;3.00000000;600;EXCHANGE_LAST;;1;1;XEUR;12484530;298535;
05.03.2025;09:14:08.585;BAS.O.250305.STD.000015;STANDARD_OPTION_STRATEGY;BLOCK;EUR;3;4.90000000;3000;EXCHANGE_LAST;;1;2;XEUR;72058238283092244;150;
05.03.2025;09:14:08.585;BAS SI 20250417 PS AM C 52.00 0;SIMPLE_INSTRUMENT;BLOCK;EUR;3;2.33000000;3000;PRC_DECOMP_EXCHANGE;;;;XEUR;12693218;150;EXCHANGE
05.03.2025;09:14:08.585;BAS SI 20250417 PS AM P 52.00 0;SIMPLE_INSTRUMENT;BLOCK;EUR;3;2.57000000;3000;PRC_DECOMP_EXCHANGE;;;;XEUR;12693217;150;EXCHANGE
05.03.2025;09:16:19.150;BAS SI 20250321 PS AM C 52.00 0;SIMPLE_INSTRUMENT;BLOCK;EUR;4;1.55000000;529;EXCHANGE_LAST;;1;1;XEUR;10831049;150;
05.03.2025;09:25:54.091;BAS.O.250305.COMBO.000016;STANDARD_OPTION_STRATEGY;BLOCK;EUR;5;-1.52000000;885;EXCHANGE_LAST;;1;1;XEUR;72058238283092245;150;
05.03.2025;09:25:54.091;BAS SI 20250620 PS AM C 50.00 0;SIMPLE_INSTRUMENT;BLOCK;EUR;5;3.94000000;885;PRC_DECOMP_EXCHANGE;;;;XEUR;10779749;150;EXCHANGE
05.03.2025;09:25:54.091;BAS SI 20250620 PS AM P 48.00 0;SIMPLE_INSTRUMENT;BLOCK;EUR;5;2.42000000;885;PRC_DECOMP_EXCHANGE;;;;XEUR;7898976;150;EXCHANGE
05.03.2025;09:35:24.513;BAS.O.250305.STD.000015;STANDARD_OPTION_STRATEGY;BLOCK;EUR;6;4.90000000;500;EXCHANGE_LAST;;1;1;XEUR;72058238283092244;150;
05.03.2025;09:35:24.513;BAS SI 20250417 PS AM C 52.00 0;SIMPLE_INSTRUMENT;BLOCK;EUR;6;2.33000000;500;PRC_DECOMP_MEMBER;;;;XEUR;12693218;150;MEMBER
05.03.2025;09:35:24.513;BAS SI 20250417 PS AM P 52.00 0;SIMPLE_INSTRUMENT;BLOCK;EUR;6;2.57000000;500;PRC_DECOMP_MEMBER;;;;XEUR;12693217;150;MEMBER
05.03.2025;09:34:50.004;BAS SI 20250321 PS AM C 52.00 0;SIMPLE_INSTRUMENT;BLOCK;EUR;7;2.06000000;423;EXCHANGE_LAST;;1;1;XEUR;10831049;150;
05.03.2025;10:16:08.872;BAS SI 20250620 PS AM C 52.00 0;SIMPLE_INSTRUMENT;BLOCK;EUR;9;3.44000000;3327;EXCHANGE_LAST;;1;1;XEUR;7898973;150;
05.03.2025;10:16:18.873;BAS SI 20250620 PS AM C 56.00 0;SIMPLE_INSTRUMENT;BLOCK;EUR;10;1.88000000;6000;EXCHANGE_LAST;;1;1;XEUR;10779757;150;
05.03.2025;10:45:57.180;BAS SI 20250620 PS AM C 54.00 0;SIMPLE_INSTRUMENT;BLOCK;EUR;12;2.09000000;750;EXCHANGE_LAST;;1;1;XEUR;10779747;150;
05.03.2025;10:50:15.040;BAS SI 20250417 PS AM C 52.00 0;SIMPLE_INSTRUMENT;BLOCK;EUR;13;3.08000000;536;EXCHANGE_LAST;;1;1;XEUR;12693218;150;
05.03.2025;10:52:45.447;BAS SI 20250417 PS AM C 52.00 0;SIMPLE_INSTRUMENT;BLOCK;EUR;14;3.20000000;414;EXCHANGE_LAST;;1;1;XEUR;12693218;150;
05.03.2025;11:20:38.221;BAS SI 20250620 PS AM C 52.00 0;SIMPLE_INSTRUMENT;BLOCK;EUR;17;3.64000000;40000;EXCHANGE_LAST;;1;1;XEUR;7898973;150;
05.03.2025;11:20:38.567;BAS SI 20250620 PS AM C 56.00 0;SIMPLE_INSTRUMENT;BLOCK;EUR;18;2.02000000;60000;EXCHANGE_LAST;;1;1;XEUR;10779757;150;
05.03.2025;11:33:40.944;BAS SI 20250417 PS AM C 52.00 0;SIMPLE_INSTRUMENT;BLOCK;EUR;19;2.82000000;10720;EXCHANGE_LAST;;1;1;XEUR;12693218;150;
05.03.2025;11:33:58.589;BAS SI 20250417 PS AM C 52.00 0;SIMPLE_INSTRUMENT;BLOCK;EUR;20;2.85000000;2680;EXCHANGE_LAST;;1;1;XEUR;12693218;150;
05.03.2025;11:44:46.653;BAS SI 20250620 PS AM C 54.00 0;SIMPLE_INSTRUMENT;BLOCK;EUR;21;2.71000000;4000;EXCHANGE_LAST;;1;2;XEUR;10779747;150;
05.03.2025;11:45:17.157;BAS SI 20250321 PS AM C 52.00 0;SIMPLE_INSTRUMENT;BLOCK;EUR;22;2.40000000;508;EXCHANGE_LAST;;1;1;XEUR;10831049;150;
05.03.2025;11:47:56.316;BAS.O.250305.STG.000039;STANDARD_OPTION_STRATEGY;BLOCK;EUR;23;8.70000000;500;EXCHANGE_LAST;;1;1;XEUR;72058238283092268;150;
05.03.2025;11:47:56.316;BAS SI 20251219 PS AM P 45.00 0;SIMPLE_INSTRUMENT;BLOCK;EUR;23;2.42000000;500;PRC_DECOMP_EXCHANGE;;;;XEUR;7509819;150;EXCHANGE
05.03.2025;11:47:56.316;BAS SI 20251219 PS AM C 50.00 0;SIMPLE_INSTRUMENT;BLOCK;EUR;23;6.28000000;500;PRC_DECOMP_EXCHANGE;;;;XEUR;7509829;150;EXCHANGE
05.03.2025;12:00:15.089;BAS SI 20250321 PS AM C 56.00 0;SIMPLE_INSTRUMENT;BLOCK;EUR;24;0.76000000;650;EXCHANGE_LAST;;1;1;XEUR;10831047;150;
05.03.2025;12:48:05.310;BAS SI 20260619 PS AM C 56.00 0;SIMPLE_INSTRUMENT;BLOCK;EUR;29;4.96000000;400;EXCHANGE_LAST;;1;1;XEUR;12749079;150;
05.03.2025;12:56:38.725;BAS.O.250305.COMBO.000041;STANDARD_OPTION_STRATEGY;BLOCK;EUR;30;-1.16000000;5500;EXCHANGE_LAST;;4;1;XEUR;72058238283092270;150;
05.03.2025;12:56:38.725;BAS SI 20251219 PS AM P 48.00 0;SIMPLE_INSTRUMENT;BLOCK;EUR;30;3.46000000;5500;PRC_DECOMP_EXCHANGE;;;;XEUR;5922204;150;EXCHANGE
05.03.2025;12:56:38.725;BAS SI 20251219 PS AM C 54.00 0;SIMPLE_INSTRUMENT;BLOCK;EUR;30;4.62000000;5500;PRC_DECOMP_EXCHANGE;;;;XEUR;12748997;150;EXCHANGE
05.03.2025;14:11:43.604;BAS SI 20250919 PS AM C 52.00 0;SIMPLE_INSTRUMENT;BLOCK;EUR;35;4.59000000;2000;EXCHANGE_LAST;;2;2;XEUR;11873033;150;
05.03.2025;14:54:34.549;BAS SI 20250417 PS AM C 58.00 0;SIMPLE_INSTRUMENT;BLOCK;EUR;36;1.08000000;5237;EXCHANGE_LAST;;1;1;XEUR;12774485;150;
05.03.2025;14:54:35.165;BAS SI 20250321 PS AM C 55.00 0;SIMPLE_INSTRUMENT;BLOCK;EUR;37;1.20000000;5237;EXCHANGE_LAST;;1;1;XEUR;12749009;150;
05.03.2025;15:29:20.317;BAS SI 20250321 PS AM C 52.00 0;SIMPLE_INSTRUMENT;BLOCK;EUR;39;2.57000000;400;EXCHANGE_LAST;;1;1;XEUR;10831049;150;
05.03.2025;15:31:48.941;BAS.O.250305.PDIA.000051;STANDARD_OPTION_STRATEGY;BLOCK;EUR;41;2.05000000;1000;EXCHANGE_LAST;;1;1;XEUR;72058238283092280;150;
05.03.2025;15:31:48.941;BAS SI 20250417 PS AM P 53.00 0;SIMPLE_INSTRUMENT;BLOCK;EUR;41;2.46000000;1000;PRC_DECOMP_EXCHANGE;;;;XEUR;12719171;150;EXCHANGE
05.03.2025;15:31:48.941;BAS SI 20250321 PS AM P 49.00 0;SIMPLE_INSTRUMENT;BLOCK;EUR;41;0.41000000;1000;PRC_DECOMP_EXCHANGE;;;;XEUR;12604611;150;EXCHANGE
05.03.2025;16:14:55.683;BASG SI 20250321 CS;SIMPLE_INSTRUMENT;BLOCK;EUR;62;53.34050000;3000;EXCHANGE_LAST;;1;1;XEUR;10694474;171;
05.03.2025;09:14:26.554;BAY SI 20250417 PS AM C 26.00 0;SIMPLE_INSTRUMENT;BLOCK;EUR;2;0.78000000;8000;EXCHANGE_LAST;;1;3;XEUR;12615434;168;
05.03.2025;10:34:01.563;BAY.O.250305.BUL.000031;STANDARD_OPTION_STRATEGY;BLOCK;EUR;11;0.41000000;1750;EXCHANGE_LAST;;1;1;XEUR;72058315592509013;168;
05.03.2025;10:34:01.563;BAY SI 20250321 PS AM C 26.00 0;SIMPLE_INSTRUMENT;BLOCK;EUR;11;0.52000000;1750;PRC_DECOMP_EXCHANGE;;;;XEUR;10831479;168;EXCHANGE
05.03.2025;10:34:01.563;BAY SI 20250321 PS AM C 28.00 0;SIMPLE_INSTRUMENT;BLOCK;EUR;11;0.11000000;1750;PRC_DECOMP_EXCHANGE;;;;XEUR;10831463;168;EXCHANGE
05.03.2025;11:03:34.485;BAY SI 20250417 PS AM C 26.00 0;SIMPLE_INSTRUMENT;BLOCK;EUR;15;1.06000000;16744;EXCHANGE_LAST;;1;1;XEUR;12615434;168;
05.03.2025;11:03:39.845;BAY SI 20250417 PS AM C 26.00 0;SIMPLE_INSTRUMENT;BLOCK;EUR;16;1.07000000;1656;EXCHANGE_LAST;;1;1;XEUR;12615434;168;
05.03.2025;12:16:59.762;BAY SI 20251219 PS AM C 25.00 0;SIMPLE_INSTRUMENT;BLOCK;EUR;25;3.12000000;1250;EXCHANGE_LAST;;1;1;XEUR;12224700;168;
05.03.2025;13:40:20.442;BAY SI 20250919 PS AM C 29.00 0;SIMPLE_INSTRUMENT;BLOCK;EUR;32;1.40000000;1500;EXCHANGE_LAST;;1;1;XEUR;11992369;168;
05.03.2025;16:08:31.199;BAY.O.250305.CDIA.000054;STANDARD_OPTION_STRATEGY;BLOCK;EUR;44;-0.29000000;1625;EXCHANGE_LAST;;1;1;XEUR;72058315592509036;168;
05.03.2025;16:08:31.199;BAY SI 20250417 PS AM C 26.00 0;SIMPLE_INSTRUMENT;BLOCK;EUR;44;0.78000000;1625;PRC_DECOMP_EXCHANGE;;;;XEUR;12615434;168;EXCHANGE
05.03.2025;16:08:31.199;BAY SI 20250321 PS AM C 24.00 0;SIMPLE_INSTRUMENT;BLOCK;EUR;44;1.07000000;1625;PRC_DECOMP_EXCHANGE;;;;XEUR;10831471;168;EXCHANGE
05.03.2025;17:16:59.070;BAYG SI 20250417 CS;SIMPLE_INSTRUMENT;BLOCK;EUR;84;24.67250000;6100;EXCHANGE_LAST;;1;1;XEUR;10870515;76034;
05.03.2025;11:48:48.247;BEI SI 20250321 PS AM C 130.00 0;SIMPLE_INSTRUMENT;BLOCK;EUR;6;7.54000000;400;EXCHANGE_LAST;;1;1;XEUR;10831373;176;
05.03.2025;13:57:13.234;BEI SI 20250417 PS AM P 136.00 0;SIMPLE_INSTRUMENT;BLOCK;EUR;20;3.75000000;300;EXCHANGE_LAST;;1;1;XEUR;12615600;176;
05.03.2025;10:49:52.469;BMW SI 20251219 PS AM P 84.00 0;SIMPLE_INSTRUMENT;BLOCK;EUR;4;9.95000000;2000;EXCHANGE_LAST;;1;1;XEUR;5923234;210;
05.03.2025;10:50:32.865;BMW.O.250305.STG.000004;STANDARD_OPTION_STRATEGY;BLOCK;EUR;5;18.80000000;400;EXCHANGE_LAST;;1;1;XEUR;72058495981109551;210;
05.03.2025;10:50:32.865;BMW SI 20251219 PS AM P 90.00 0;SIMPLE_INSTRUMENT;BLOCK;EUR;5;13.34000000;400;PRC_DECOMP_EXCHANGE;;;;XEUR;11161891;210;EXCHANGE
05.03.2025;10:50:32.865;BMW SI 20251219 PS AM C 92.00 0;SIMPLE_INSTRUMENT;BLOCK;EUR;5;5.46000000;400;PRC_DECOMP_EXCHANGE;;;;XEUR;5923235;210;EXCHANGE
05.03.2025;10:49:59.923;BMW SI 20251219 PS AM P 76.00 0;SIMPLE_INSTRUMENT;BLOCK;EUR;6;6.16000000;2500;EXCHANGE_LAST;;1;1;XEUR;5923232;210;
05.03.2025;11:25:23.628;BMW SI 20250919 PS AM P 68.00 0;SIMPLE_INSTRUMENT;BLOCK;EUR;9;2.78000000;750;EXCHANGE_LAST;;1;1;XEUR;11874410;210;
05.03.2025;16:51:16.958;BMW SI 20250919 PS AM P 68.00 0;SIMPLE_INSTRUMENT;BLOCK;EUR;45;3.05000000;750;EXCHANGE_LAST;;1;1;XEUR;11874410;210;
05.03.2025;11:15:01.268;BNP SI 20281215 PS AM P 50.00 0;SIMPLE_INSTRUMENT;BLOCK;EUR;8;5.90000000;1000;EXCHANGE_LAST;;1;1;XEUR;12231686;237;
05.03.2025;12:11:10.947;BNP SI 20281215 PS AM P 50.00 0;SIMPLE_INSTRUMENT;BLOCK;EUR;12;5.90000000;3500;EXCHANGE_LAST;;3;2;XEUR;12231686;237;
05.03.2025;16:25:30.080;BNP.O.250305.BRT12.000011;STANDARD_OPTION_STRATEGY;BLOCK;EUR;68;1.03000000;500;EXCHANGE_LAST;;1;1;XEUR;72058611945200049;237;
05.03.2025;16:25:30.080;BNP SI 20250919 PS AM P 70.00 0;SIMPLE_INSTRUMENT;BLOCK;EUR;68;4.51000000;1000;PRC_DECOMP_EXCHANGE;;;;XEUR;12372408;237;EXCHANGE
05.03.2025;16:25:30.080;BNP SI 20261218 PS AM P 70.00 0;SIMPLE_INSTRUMENT;BLOCK;EUR;68;10.05000000;500;PRC_DECOMP_EXCHANGE;;;;XEUR;12372355;237;EXCHANGE
05.03.2025;16:29:15.420;BNP.O.250305.BRT12.000011;STANDARD_OPTION_STRATEGY;BLOCK;EUR;70;1.03000000;700;EXCHANGE_LAST;;1;1;XEUR;72058611945200049;237;
05.03.2025;16:29:15.420;BNP SI 20261218 PS AM P 70.00 0;SIMPLE_INSTRUMENT;BLOCK;EUR;70;10.05000000;700;PRC_DECOMP_MEMBER;;;;XEUR;12372355;237;MEMBER
05.03.2025;16:29:15.420;BNP SI 20250919 PS AM P 70.00 0;SIMPLE_INSTRUMENT;BLOCK;EUR;70;4.51000000;1400;PRC_DECOMP_MEMBER;;;;XEUR;12372408;237;MEMBER
05.03.2025;15:37:45.438;BNR SI 20250321 PS AM C 68.00 0;SIMPLE_INSTRUMENT;BLOCK;EUR;42;1.60000000;1844;EXCHANGE_LAST;;1;1;XEUR;10832747;235;
05.03.2025;15:37:47.516;BNR SI 20250417 PS AM C 72.00 0;SIMPLE_INSTRUMENT;BLOCK;EUR;43;1.20000000;1844;EXCHANGE_LAST;;1;1;XEUR;12616606;235;
05.03.2025;13:29:37.743;C4RI SI 20261218 CS;SIMPLE_INSTRUMENT;BLOCK;EUR;28;2.91000000;2000;EXCHANGE_LAST;;1;2;XEUR;6821680;50862;
05.03.2025;13:43:49.288;C4RI SI 20261218 CS;SIMPLE_INSTRUMENT;BLOCK;EUR;34;2.91000000;300;EXCHANGE_LAST;;1;1;XEUR;6821680;50862;
05.03.2025;15:46:54.078;CAR SI 20271217 PS AM P 10.00 0;SIMPLE_INSTRUMENT;BLOCK;EUR;63;1.12000000;5000;EXCHANGE_LAST;;2;1;XEUR;8776841;265;
05.03.2025;10:19:41.522;CBK SI 20251219 PS AM P 22.00 0;SIMPLE_INSTRUMENT;BLOCK;EUR;4;2.60000000;1500;EXCHANGE_LAST;;1;1;XEUR;11854128;268;
05.03.2025;12:41:05.269;CBK SI 20251219 PS AM P 22.00 0;SIMPLE_INSTRUMENT;BLOCK;EUR;10;2.35000000;12000;EXCHANGE_LAST;;4;2;XEUR;11854128;268;
05.03.2025;12:29:23.195;CBK SI 20250919 PS AM P 15.00 0;SIMPLE_INSTRUMENT;BLOCK;EUR;11;0.30000000;15000;EXCHANGE_LAST;;1;1;XEUR;11875640;268;
05.03.2025;12:29:25.870;CBK SI 20250919 PS AM C 24.00 0;SIMPLE_INSTRUMENT;BLOCK;EUR;12;1.42000000;15000;EXCHANGE_LAST;;1;1;XEUR;11875763;268;
05.03.2025;12:29:26.174;CBK SI 20250919 PS AM C 19.00 0;SIMPLE_INSTRUMENT;BLOCK;EUR;13;4.35000000;15000;EXCHANGE_LAST;;1;1;XEUR;11875664;268;
05.03.2025;12:29:26.731;CBK SI 20250919 PS AM C 26.00 0;SIMPLE_INSTRUMENT;BLOCK;EUR;14;0.83000000;15000;EXCHANGE_LAST;;1;1;XEUR;11875775;268;
05.03.2025;12:29:28.839;CBK SI 20250919 PS AM P 18.00 0;SIMPLE_INSTRUMENT;BLOCK;EUR;15;0.64000000;10500;EXCHANGE_LAST;;1;1;XEUR;11875668;268;
05.03.2025;12:29:29.172;CBK SI 20250919 PS AM C 21.00 0;SIMPLE_INSTRUMENT;BLOCK;EUR;16;2.90000000;15000;EXCHANGE_LAST;;1;1;XEUR;12715962;268;
05.03.2025;12:29:29.563;CBK SI 20250919 PS AM P 18.00 0;SIMPLE_INSTRUMENT;BLOCK;EUR;17;0.63000000;4500;EXCHANGE_LAST;;1;1;XEUR;11875668;268;
05.03.2025;12:31:31.720;CBK.O.250305.STG.000020;STANDARD_OPTION_STRATEGY;BLOCK;EUR;18;4.65000000;15000;EXCHANGE_LAST;;4;1;XEUR;72058745089203816;268;
05.03.2025;12:31:31.720;CBK SI 20260619 PS AM P 20.00 0;SIMPLE_INSTRUMENT;BLOCK;EUR;18;2.17000000;15000;PRC_DECOMP_EXCHANGE;;;;XEUR;9666940;268;EXCHANGE
05.03.2025;12:31:31.720;CBK SI 20260619 PS AM C 24.00 0;SIMPLE_INSTRUMENT;BLOCK;EUR;18;2.48000000;15000;PRC_DECOMP_EXCHANGE;;;;XEUR;10982477;268;EXCHANGE
05.03.2025;13:55:06.299;CBK.O.250305.BUL.000026;STANDARD_OPTION_STRATEGY;BLOCK;EUR;21;0.69000000;2900;EXCHANGE_LAST;;1;1;XEUR;72058745089203822;268;
05.03.2025;13:55:06.299;CBK SI 20250417 PS AM C 23.50 0;SIMPLE_INSTRUMENT;BLOCK;EUR;21;0.82000000;2900;PRC_DECOMP_EXCHANGE;;;;XEUR;12774571;268;EXCHANGE
05.03.2025;13:55:06.299;CBK SI 20250417 PS AM C 26.50 0;SIMPLE_INSTRUMENT;BLOCK;EUR;21;0.13000000;2900;PRC_DECOMP_EXCHANGE;;;;XEUR;12911418;268;EXCHANGE
05.03.2025;13:59:44.208;CBK SI 20250919 PS AM C 19.00 0;SIMPLE_INSTRUMENT;BLOCK;EUR;22;4.39000000;12500;EXCHANGE_LAST;;1;1;XEUR;11875664;268;
05.03.2025;14:19:47.586;CBK.O.250305.BUL.000026;STANDARD_OPTION_STRATEGY;BLOCK;EUR;23;0.69000000;1450;EXCHANGE_LAST;;1;1;XEUR;72058745089203822;268;
05.03.2025;14:19:47.586;CBK SI 20250417 PS AM C 23.50 0;SIMPLE_INSTRUMENT;BLOCK;EUR;23;0.83000000;1450;PRC_DECOMP_EXCHANGE;;;;XEUR;12774571;268;EXCHANGE
05.03.2025;14:19:47.586;CBK SI 20250417 PS AM C 26.50 0;SIMPLE_INSTRUMENT;BLOCK;EUR;23;0.14000000;1450;PRC_DECOMP_EXCHANGE;;;;XEUR;12911418;268;EXCHANGE
05.03.2025;15:54:49.954;CBK SI 20261218 PS AM C 24.00 0;SIMPLE_INSTRUMENT;BLOCK;EUR;26;3.12000000;15000;EXCHANGE_LAST;;1;1;XEUR;10982475;268;
05.03.2025;16:12:02.392;CBK.O.250305.STD.000040;STANDARD_OPTION_STRATEGY;BLOCK;EUR;27;5.20000000;7500;EXCHANGE_LAST;;1;1;XEUR;72058745089203836;268;
05.03.2025;16:12:02.392;CBK SI 20251219 PS AM P 23.00 0;SIMPLE_INSTRUMENT;BLOCK;EUR;27;2.82000000;7500;PRC_DECOMP_EXCHANGE;;;;XEUR;11854120;268;EXCHANGE
05.03.2025;16:12:02.392;CBK SI 20251219 PS AM C 23.00 0;SIMPLE_INSTRUMENT;BLOCK;EUR;27;2.38000000;7500;PRC_DECOMP_EXCHANGE;;;;XEUR;11854123;268;EXCHANGE
05.03.2025;16:14:35.496;CBK.O.250305.BUL.000026;STANDARD_OPTION_STRATEGY;BLOCK;EUR;28;0.73000000;1450;EXCHANGE_LAST;;1;1;XEUR;72058745089203822;268;
05.03.2025;16:14:35.496;CBK SI 20250417 PS AM C 26.50 0;SIMPLE_INSTRUMENT;BLOCK;EUR;28;0.15000000;1450;PRC_DECOMP_EXCHANGE;;;;XEUR;12911418;268;EXCHANGE
05.03.2025;16:14:35.496;CBK SI 20250417 PS AM C 23.50 0;SIMPLE_INSTRUMENT;BLOCK;EUR;28;0.88000000;1450;PRC_DECOMP_EXCHANGE;;;;XEUR;12774571;268;EXCHANGE
05.03.2025;16:21:50.940;CBK SI 20251219 PS AM C 18.00 0;SIMPLE_INSTRUMENT;BLOCK;EUR;29;5.57000000;9000;EXCHANGE_LAST;;1;1;XEUR;8883156;268;
05.03.2025;16:54:50.146;CBK SI 20260619 PS AM P 14.00 0;SIMPLE_INSTRUMENT;BLOCK;EUR;30;0.68000000;6500;EXCHANGE_LAST;;2;2;XEUR;9542185;268;
05.03.2025;12:01:59.014;CFR SI 20250919 PS AM P 100.00 0;SIMPLE_INSTRUMENT;BLOCK;CHF;40;0.75000000;500;EXCHANGE_LAST;;1;1;XEUR;11876376;313;
05.03.2025;12:09:47.775;CFR SI 20250919 PS AM P 120.00 0;SIMPLE_INSTRUMENT;BLOCK;CHF;44;1.28000000;500;EXCHANGE_LAST;;1;1;XEUR;11876511;313;
05.03.2025;14:29:53.598;CFR SI 20251219 PS AM P 84.00 0;SIMPLE_INSTRUMENT;BLOCK;CHF;74;0.76000000;1000;EXCHANGE_LAST;;1;1;XEUR;9996473;313;
05.03.2025;11:50:27.841;CLN SI 20250417 PS AM P 9.50 0;SIMPLE_INSTRUMENT;BLOCK;CHF;39;0.11000000;4000;EXCHANGE_LAST;;1;1;XEUR;12617794;296;
05.03.2025;13:15:46.838;CLN SI 20250321 PS AM P 11.00 0;SIMPLE_INSTRUMENT;BLOCK;CHF;56;0.65000000;2000;EXCHANGE_LAST;;1;1;XEUR;10834370;296;
05.03.2025;13:15:46.838;CLN SI 20261218 PS AM P 8.00 0;SIMPLE_INSTRUMENT;BLOCK;CHF;57;0.52000000;2000;EXCHANGE_LAST;;1;1;XEUR;7510283;296;
05.03.2025;15:57:09.340;CRI5 SI 20250619 PS AM C 52.00 0;SIMPLE_INSTRUMENT;BLOCK;EUR;31;3.85000000;2547;EXCHANGE_LAST;;1;1;XEUR;10556006;320;
05.03.2025;16:06:06.599;CRI5.O.250305.CDIA.000002;STANDARD_OPTION_STRATEGY;BLOCK;EUR;33;-0.73000000;2500;EXCHANGE_LAST;;1;1;XEUR;72058968427474764;320;
05.03.2025;16:06:06.599;CRI5 SI 20250417 PS AM C 52.00 0;SIMPLE_INSTRUMENT;BLOCK;EUR;33;3.12050000;2500;PRC_DECOMP_EXCHANGE;;;;XEUR;12754100;320;EXCHANGE
05.03.2025;16:06:06.599;CRI5 SI 20250320 PS AM C 50.00 0;SIMPLE_INSTRUMENT;BLOCK;EUR;33;3.85050000;2500;PRC_DECOMP_EXCHANGE;;;;XEUR;10822485;320;EXCHANGE
05.03.2025;16:13:24.509;CRI5 SI 20250619 PS AM C 54.00 0;SIMPLE_INSTRUMENT;BLOCK;EUR;34;2.72000000;2000;EXCHANGE_LAST;;1;1;XEUR;12911485;320;
05.03.2025;16:20:45.301;CRI5 SI 20250619 PS AM C 54.00 0;SIMPLE_INSTRUMENT;BLOCK;EUR;35;2.72000000;750;EXCHANGE_LAST;;1;1;XEUR;12911485;320;
05.03.2025;11:13:46.749;DAI SI 20250321 PS AM C 64.00 0;SIMPLE_INSTRUMENT;BLOCK;EUR;8;0.78000000;2000;EXCHANGE_LAST;;1;2;XEUR;10884524;443196;
05.03.2025;12:24:08.776;DAI SI 20261218 PS AM P 44.00 0;SIMPLE_INSTRUMENT;BLOCK;EUR;12;3.66000000;2000;EXCHANGE_LAST;;1;1;XEUR;7491316;443196;
05.03.2025;12:57:56.481;DAI SI 20250620 PS AM C 58.00 0;SIMPLE_INSTRUMENT;BLOCK;EUR;16;5.05000000;750;EXCHANGE_LAST;;1;1;XEUR;10374217;443196;
05.03.2025;13:44:24.563;DAI SI 20251219 PS AM P 52.00 0;SIMPLE_INSTRUMENT;BLOCK;EUR;19;3.38000000;5500;EXCHANGE_LAST;;3;2;XEUR;7144530;443196;
05.03.2025;14:17:50.957;DAI SI 20250620 PS AM P 52.00 0;SIMPLE_INSTRUMENT;BLOCK;EUR;20;2.04000000;750;EXCHANGE_LAST;;1;1;XEUR;7934288;443196;
05.03.2025;14:18:09.744;DAI SI 20261218 PS AM P 44.00 0;SIMPLE_INSTRUMENT;BLOCK;EUR;21;3.86000000;750;EXCHANGE_LAST;;1;1;XEUR;7491316;443196;
05.03.2025;14:53:07.313;DAI.N.250305.000018;NON_STANDARD_OPTION_STRATEGY;BLOCK;EUR;24;4.96000000;500;EXCHANGE_LAST;;1;1;XEUR;73961106363664342;443196;
05.03.2025;14:53:07.313;DAI SI 20250516 PS AM P 56.00 0;SIMPLE_INSTRUMENT;BLOCK;EUR;24;3.17000000;1000;PRC_DECOMP_MEMBER;;;;XEUR;12852499;443196;MEMBER
05.03.2025;14:53:07.313;DAI SI 20250620 PS AM P 40.00 0;SIMPLE_INSTRUMENT;BLOCK;EUR;24;0.46000000;1500;PRC_DECOMP_MEMBER;;;;XEUR;7990844;443196;MEMBER
05.03.2025;14:27:22.838;DAIG.S.MAR25.APR25.SPD;FUTURES_SPREAD;BLOCK;EUR;45;-0.13500000;4000;EXCHANGE_LAST;;1;1;XEUR;73961136428417120;443203;
05.03.2025;14:27:22.838;DAIG SI 20250321 CS;SIMPLE_INSTRUMENT;BLOCK;EUR;45;60.50000000;4000;PRC_DECOMP_MEMBER;;;;XEUR;10734482;443203;MEMBER
05.03.2025;14:27:22.838;DAIG SI 20250417 CS;SIMPLE_INSTRUMENT;BLOCK;EUR;45;60.63500000;4000;PRC_DECOMP_MEMBER;;;;XEUR;10884414;443203;MEMBER
05.03.2025;15:43:53.947;DBK SI 20251219 PS AM P 20.00 0;SIMPLE_INSTRUMENT;BLOCK;EUR;25;1.86000000;4000;EXCHANGE_LAST;;1;1;XEUR;7356551;362;
05.03.2025;10:19:49.703;DHE SI 20250417 PS AM C 35.00 0;SIMPLE_INSTRUMENT;BLOCK;EUR;7;0.61000000;200;EXCHANGE_LAST;;1;1;XEUR;12643808;57135;
05.03.2025;13:58:04.417;DHE SI 20250919 PS AM P 28.00 0;SIMPLE_INSTRUMENT;BLOCK;EUR;26;4.47000000;7500;EXCHANGE_LAST;;4;1;XEUR;11910412;57135;
05.03.2025;11:01:10.550;DPW.O.250305.STG.000012;STANDARD_OPTION_STRATEGY;BLOCK;EUR;12;1.20000000;750;EXCHANGE_LAST;;1;1;XEUR;72059505298415858;445;
05.03.2025;11:01:10.550;DPW SI 20250321 PS AM P 38.00 0;SIMPLE_INSTRUMENT;BLOCK;EUR;12;0.82000000;750;PRC_DECOMP_EXCHANGE;;;;XEUR;10836858;445;EXCHANGE
05.03.2025;11:01:10.550;DPW SI 20250321 PS AM C 42.00 0;SIMPLE_INSTRUMENT;BLOCK;EUR;12;0.38000000;750;PRC_DECOMP_EXCHANGE;;;;XEUR;10836806;445;EXCHANGE
05.03.2025;11:37:47.645;DPW SI 20250321 PS AM C 42.00 0;SIMPLE_INSTRUMENT;BLOCK;EUR;14;0.41000000;2000;EXCHANGE_LAST;;1;3;XEUR;10836806;445;
05.03.2025;12:25:13.548;DPW SI 20251219 PS AM C 40.00 0;SIMPLE_INSTRUMENT;BLOCK;EUR;19;2.57000000;2000;EXCHANGE_LAST;;2;1;XEUR;5926789;445;
05.03.2025;14:45:28.895;DPW SI 20250620 PS AM P 30.00 0;SIMPLE_INSTRUMENT;BLOCK;EUR;28;0.31000000;700;EXCHANGE_LAST;;1;1;XEUR;11357258;445;
05.03.2025;14:46:10.446;DPW SI 20251219 PS AM P 30.00 0;SIMPLE_INSTRUMENT;BLOCK;EUR;29;0.79000000;700;EXCHANGE_LAST;;1;1;XEUR;12439690;445;
05.03.2025;15:07:07.765;DPW.O.250305.STD.000026;STANDARD_OPTION_STRATEGY;BLOCK;EUR;30;5.13000000;1000;EXCHANGE_LAST;;1;1;XEUR;72059505298415872;445;
05.03.2025;15:07:07.765;DPW SI 20250620 PS AM P 40.00 0;SIMPLE_INSTRUMENT;BLOCK;EUR;30;3.52000000;1000;PRC_DECOMP_EXCHANGE;;;;XEUR;7902465;445;EXCHANGE
05.03.2025;15:07:07.765;DPW SI 20250620 PS AM C 40.00 0;SIMPLE_INSTRUMENT;BLOCK;EUR;30;1.61000000;1000;PRC_DECOMP_EXCHANGE;;;;XEUR;7902462;445;EXCHANGE
05.03.2025;15:41:03.677;DPW SI 20250321 PS AM C 40.00 0;SIMPLE_INSTRUMENT;BLOCK;EUR;33;0.96000000;1000;EXCHANGE_LAST;;1;1;XEUR;10836855;445;
05.03.2025;10:33:20.842;DTG SI 20250919 PS AM P 24.00 0;SIMPLE_INSTRUMENT;BLOCK;EUR;1;0.34000000;500;EXCHANGE_LAST;;1;1;XEUR;11925711;455942;
05.03.2025;10:33:43.919;DTG SI 20250919 PS AM P 24.00 0;SIMPLE_INSTRUMENT;BLOCK;EUR;2;0.35000000;500;EXCHANGE_LAST;;1;1;XEUR;11925711;455942;
05.03.2025;09:16:35.161;E2NL SI 20261218 CS;SIMPLE_INSTRUMENT;BLOCK;EUR;1;0.45500000;2000;EXCHANGE_LAST;;1;1;XEUR;4632356;471;
05.03.2025;11:01:35.137;E2NT SI 20271217 CS;SIMPLE_INSTRUMENT;BLOCK;EUR;10;0.92500000;750;EXCHANGE_LAST;;2;1;XEUR;5914575;470;
05.03.2025;11:08:34.064;E2NT SI 20261218 CS;SIMPLE_INSTRUMENT;BLOCK;EUR;14;0.99500000;200;EXCHANGE_LAST;;1;1;XEUR;4632357;470;
05.03.2025;11:12:21.085;EAD SI 20250321 PS AM C 178.00 0;SIMPLE_INSTRUMENT;BLOCK;EUR;7;3.35000000;500;EXCHANGE_LAST;;1;1;XEUR;12818643;465;
05.03.2025;12:02:09.168;EAD SI 20261218 PS AM C 190.00 0;SIMPLE_INSTRUMENT;BLOCK;EUR;11;18.75000000;786;EXCHANGE_LAST;;1;1;XEUR;12602614;465;
05.03.2025;10:42:46.214;ENR SI 20250321 PS AM C 55.00 0;SIMPLE_INSTRUMENT;BLOCK;EUR;8;3.90000000;5044;EXCHANGE_LAST;;1;1;XEUR;12848050;298530;
05.03.2025;10:50:29.123;ENR SI 20251219 PS AM P 36.00 0;SIMPLE_INSTRUMENT;BLOCK;EUR;9;2.95000000;250;EXCHANGE_LAST;;1;1;XEUR;5928378;298530;
05.03.2025;12:03:45.149;ENR SI 20270618 PS AM P 40.00 0;SIMPLE_INSTRUMENT;BLOCK;EUR;18;7.85000000;400;EXCHANGE_LAST;;1;1;XEUR;11401521;298530;
05.03.2025;12:41:51.979;ENR SI 20250417 PS AM C 60.00 0;SIMPLE_INSTRUMENT;BLOCK;EUR;20;3.51000000;3783;EXCHANGE_LAST;;1;1;XEUR;12650613;298530;
05.03.2025;12:41:51.981;ENR SI 20250417 PS AM C 60.00 0;SIMPLE_INSTRUMENT;BLOCK;EUR;21;3.53000000;11350;EXCHANGE_LAST;;1;1;XEUR;12650613;298530;
05.03.2025;13:05:37.167;ENR SI 20251219 PS AM P 44.00 0;SIMPLE_INSTRUMENT;BLOCK;EUR;22;5.71000000;500;EXCHANGE_LAST;;1;1;XEUR;11109009;298530;
05.03.2025;14:39:04.105;ENT5 SI 20251218 PS AM P 11.00 0;SIMPLE_INSTRUMENT;BLOCK;EUR;24;0.35500000;1500;EXCHANGE_LAST;;1;1;XEUR;12421460;497;
05.03.2025;10:34:28.087;EOA SI 20250417 PS AM C 12.40 0;SIMPLE_INSTRUMENT;BLOCK;EUR;3;0.36000000;1500;EXCHANGE_LAST;;1;1;XEUR;12642536;49065;
05.03.2025;14:34:22.851;F3IA SI 20261218 CS;SIMPLE_INSTRUMENT;BLOCK;EUR;44;0.54500000;300;EXCHANGE_LAST;;2;2;XEUR;6830373;390387;
05.03.2025;14:29:38.158;F3IA SI 20261218 CS;SIMPLE_INSTRUMENT;BLOCK;EUR;47;0.54500000;200;EXCHANGE_LAST;;1;1;XEUR;6830373;390387;
05.03.2025;08:10:30.245;FBTP SI 20250606 PS;SIMPLE_INSTRUMENT;BLOCK;EUR;1;118.45000000;1100;EXCHANGE_LAST;;1;1;XEUR;11820365;636;
05.03.2025;08:41:54.276;FBTP SI 20250606 PS;SIMPLE_INSTRUMENT;EFP_FIN;EUR;2;118.35000000;1716;EXCHANGE_LAST;;1;1;XEUR;11820365;636;
05.03.2025;08:46:51.048;FBTP SI 20250306 PS;SIMPLE_INSTRUMENT;BLOCK;EUR;3;118.76000000;3116;EXCHANGE_LAST;;1;1;XEUR;11286675;636;
05.03.2025;08:47:29.046;FBTP SI 20250306 PS;SIMPLE_INSTRUMENT;BLOCK;EUR;4;118.77000000;3117;EXCHANGE_LAST;;1;1;XEUR;11286675;636;
05.03.2025;08:48:09.591;FBTP SI 20250606 PS;SIMPLE_INSTRUMENT;BLOCK;EUR;5;118.32000000;6022;EXCHANGE_LAST;;1;1;XEUR;11820365;636;
05.03.2025;08:49:31.953;FBTP SI 20250306 PS;SIMPLE_INSTRUMENT;BLOCK;EUR;6;118.76000000;421;EXCHANGE_LAST;;1;1;XEUR;11286675;636;
05.03.2025;08:50:29.451;FBTP SI 20250306 PS;SIMPLE_INSTRUMENT;BLOCK;EUR;7;118.77000000;421;EXCHANGE_LAST;;1;1;XEUR;11286675;636;
05.03.2025;08:51:12.843;FBTP SI 20250606 PS;SIMPLE_INSTRUMENT;BLOCK;EUR;8;118.32000000;813;EXCHANGE_LAST;;1;1;XEUR;11820365;636;
05.03.2025;08:59:43.241;FBTP SI 20250306 PS;SIMPLE_INSTRUMENT;BLOCK;EUR;9;118.76000000;595;EXCHANGE_LAST;;1;1;XEUR;11286675;636;
05.03.2025;09:00:12.433;FBTP SI 20250306 PS;SIMPLE_INSTRUMENT;BLOCK;EUR;10;118.77000000;594;EXCHANGE_LAST;;1;1;XEUR;11286675;636;
05.03.2025;09:01:02.559;FBTP SI 20250606 PS;SIMPLE_INSTRUMENT;BLOCK;EUR;11;118.32000000;1149;EXCHANGE_LAST;;1;1;XEUR;11820365;636;
05.03.2025;09:06:47.540;FBTP SI 20250606 PS;SIMPLE_INSTRUMENT;EFP_FIN;EUR;12;118.40000000;1429;EXCHANGE_LAST;;1;1;XEUR;11820365;636;
05.03.2025;10:44:48.681;FBTP SI 20250306 PS;SIMPLE_INSTRUMENT;BLOCK;EUR;13;118.61000000;4129;EXCHANGE_LAST;;1;1;XEUR;11286675;636;
05.03.2025;10:46:15.032;FBTP SI 20250606 PS;SIMPLE_INSTRUMENT;BLOCK;EUR;14;118.12000000;3980;EXCHANGE_LAST;;1;1;XEUR;11820365;636;
05.03.2025;10:51:01.361;FBTP SI 20250606 PS;SIMPLE_INSTRUMENT;EFS;EUR;15;118.05000000;590;EXCHANGE_LAST;;1;1;XEUR;11820365;636;
05.03.2025;10:55:39.699;FBTP SI 20250606 PS;SIMPLE_INSTRUMENT;EFP_FIN;EUR;16;118.01000000;884;EXCHANGE_LAST;;1;1;XEUR;11820365;636;
05.03.2025;10:57:59.702;FBTP SI 20250606 PS;SIMPLE_INSTRUMENT;BLOCK;EUR;17;118.04000000;442;EXCHANGE_LAST;;1;1;XEUR;11820365;636;
05.03.2025;11:16:05.154;FBTP SI 20250606 PS;SIMPLE_INSTRUMENT;BLOCK;EUR;18;117.92000000;442;EXCHANGE_LAST;;1;1;XEUR;11820365;636;
05.03.2025;11:16:57.406;FBTP SI 20250606 PS;SIMPLE_INSTRUMENT;EFS;EUR;19;117.89000000;1183;EXCHANGE_LAST;;1;1;XEUR;11820365;636;
05.03.2025;11:30:40.137;FBTP SI 20250606 PS;SIMPLE_INSTRUMENT;EFP_FIN;EUR;20;117.98000000;1769;EXCHANGE_LAST;;1;1;XEUR;11820365;636;
05.03.2025;11:40:43.469;FBTP SI 20250606 PS;SIMPLE_INSTRUMENT;BLOCK;EUR;21;117.93000000;2790;EXCHANGE_LAST;;1;1;XEUR;11820365;636;
05.03.2025;11:51:25.432;FBTP SI 20250606 PS;SIMPLE_INSTRUMENT;EFP_FIN;EUR;22;117.95000000;251;EXCHANGE_LAST;;1;1;XEUR;11820365;636;
05.03.2025;11:57:17.451;FBTP SI 20250606 PS;SIMPLE_INSTRUMENT;EFP_FIN;EUR;23;117.93000000;188;EXCHANGE_LAST;;1;1;XEUR;11820365;636;
05.03.2025;12:36:17.573;FBTP SI 20250606 PS;SIMPLE_INSTRUMENT;EFP_FIN;EUR;24;117.75000000;807;EXCHANGE_LAST;;1;1;XEUR;11820365;636;
05.03.2025;12:47:05.881;FBTP SI 20250606 PS;SIMPLE_INSTRUMENT;EFP_FIN;EUR;25;117.53000000;663;EXCHANGE_LAST;;1;1;XEUR;11820365;636;
05.03.2025;12:55:16.394;FBTP SI 20250606 PS;SIMPLE_INSTRUMENT;EFP_FIN;EUR;26;117.56000000;884;EXCHANGE_LAST;;1;1;XEUR;11820365;636;
05.03.2025;13:01:40.614;FBTP SI 20250606 PS;SIMPLE_INSTRUMENT;EFP_FIN;EUR;27;117.52000000;337;EXCHANGE_LAST;;1;1;XEUR;11820365;636;
05.03.2025;13:10:17.736;FBTP SI 20250306 PS;SIMPLE_INSTRUMENT;BLOCK;EUR;28;118.02000000;3225;EXCHANGE_LAST;;1;1;XEUR;11286675;636;
05.03.2025;13:10:25.737;FBTP SI 20250606 PS;SIMPLE_INSTRUMENT;BLOCK;EUR;29;117.50000000;3090;EXCHANGE_LAST;;1;1;XEUR;11820365;636;
05.03.2025;13:15:26.738;FBTP SI 20250606 PS;SIMPLE_INSTRUMENT;BLOCK;EUR;30;117.49000000;876;EXCHANGE_LAST;;1;1;XEUR;11820365;636;
05.03.2025;13:21:46.759;FBTP SI 20250606 PS;SIMPLE_INSTRUMENT;EFP_FIN;EUR;31;117.52000000;88;EXCHANGE_LAST;;1;1;XEUR;11820365;636;
05.03.2025;13:23:09.724;FBTP SI 20250606 PS;SIMPLE_INSTRUMENT;EFP_FIN;EUR;32;117.50000000;236;EXCHANGE_LAST;;1;1;XEUR;11820365;636;
05.03.2025;13:34:22.054;FBTP SI 20250606 PS;SIMPLE_INSTRUMENT;EFP_FIN;EUR;33;117.51000000;3537;EXCHANGE_LAST;;1;1;XEUR;11820365;636;
05.03.2025;13:37:09.038;FBTP SI 20250606 PS;SIMPLE_INSTRUMENT;EFP_FIN;EUR;34;117.51000000;5395;EXCHANGE_LAST;;1;1;XEUR;11820365;636;
05.03.2025;13:56:40.086;FBTP SI 20250606 PS;SIMPLE_INSTRUMENT;EFP_FIN;EUR;35;117.62000000;228;EXCHANGE_LAST;;1;1;XEUR;11820365;636;
05.03.2025;15:25:09.111;FBTP SI 20250606 PS;SIMPLE_INSTRUMENT;EFP_FIN;EUR;36;116.90000000;1051;EXCHANGE_LAST;;1;1;XEUR;11820365;636;
05.03.2025;15:41:24.872;FBTP SI 20250606 PS;SIMPLE_INSTRUMENT;EFP_FIN;EUR;37;119.95000000;1769;EXCHANGE_LAST;;1;1;XEUR;11820365;636;
05.03.2025;15:53:29.839;FBTP SI 20250606 PS;SIMPLE_INSTRUMENT;EFP_FIN;EUR;38;116.96000000;182;EXCHANGE_LAST;;1;1;XEUR;11820365;636;
05.03.2025;16:07:05.381;FBTP SI 20250606 PS;SIMPLE_INSTRUMENT;EFP_FIN;EUR;39;116.94000000;1150;EXCHANGE_LAST;;1;1;XEUR;11820365;636;
05.03.2025;16:09:39.271;FBTP SI 20250606 PS;SIMPLE_INSTRUMENT;EFP_FIN;EUR;40;116.94000000;1504;EXCHANGE_LAST;;1;1;XEUR;11820365;636;
05.03.2025;16:10:08.335;FBTP SI 20250606 PS;SIMPLE_INSTRUMENT;EFP_FIN;EUR;41;116.80000000;620;EXCHANGE_LAST;;1;1;XEUR;11820365;636;
05.03.2025;16:12:14.393;FBTP SI 20250606 PS;SIMPLE_INSTRUMENT;EFP_FIN;EUR;42;116.93000000;213;EXCHANGE_LAST;;1;1;XEUR;11820365;636;
05.03.2025;16:21:45.626;FBTP SI 20250606 PS;SIMPLE_INSTRUMENT;EFP_FIN;EUR;43;116.93000000;99;EXCHANGE_LAST;;1;1;XEUR;11820365;636;
05.03.2025;16:27:31.369;FBTP SI 20250306 PS;SIMPLE_INSTRUMENT;BLOCK;EUR;44;117.55000000;566;EXCHANGE_LAST;;1;1;XEUR;11286675;636;
05.03.2025;16:27:51.345;FBTP SI 20250606 PS;SIMPLE_INSTRUMENT;BLOCK;EUR;45;116.99000000;547;EXCHANGE_LAST;;1;1;XEUR;11820365;636;
05.03.2025;16:29:01.550;FBTP SI 20250606 PS;SIMPLE_INSTRUMENT;BLOCK;EUR;46;116.97000000;383;EXCHANGE_LAST;;1;1;XEUR;11820365;636;
05.03.2025;16:31:24.005;FBTP SI 20250606 PS;SIMPLE_INSTRUMENT;EFP_FIN;EUR;47;118.12000000;323;EXCHANGE_LAST;;1;1;XEUR;11820365;636;
05.03.2025;16:32:38.163;FBTP SI 20250606 PS;SIMPLE_INSTRUMENT;EFP_FIN;EUR;48;116.86000000;354;EXCHANGE_LAST;;1;1;XEUR;11820365;636;
05.03.2025;16:38:09.437;FBTP SI 20250606 PS;SIMPLE_INSTRUMENT;EFP_FIN;EUR;49;116.96000000;154;EXCHANGE_LAST;;1;1;XEUR;11820365;636;
05.03.2025;16:48:29.164;FBTP SI 20250606 PS;SIMPLE_INSTRUMENT;EFP_FIN;EUR;50;117.01000000;958;EXCHANGE_LAST;;1;1;XEUR;11820365;636;
05.03.2025;17:23:30.384;FBTP SI 20250306 PS;SIMPLE_INSTRUMENT;BLOCK;EUR;51;117.48000000;422;EXCHANGE_LAST;;1;1;XEUR;11286675;636;
05.03.2025;17:24:51.055;FBTP SI 20250606 PS;SIMPLE_INSTRUMENT;BLOCK;EUR;52;116.98000000;407;EXCHANGE_LAST;;1;1;XEUR;11820365;636;
05.03.2025;10:52:33.571;FBTP SI 20250606 PS;SIMPLE_INSTRUMENT;VOLA;EUR;268435650;118.00000000;48;EXCHANGE_LAST;;1;1;XEUR;11820365;636;
05.03.2025;12:47:49.674;FBTP SI 20250606 PS;SIMPLE_INSTRUMENT;VOLA;EUR;268435727;117.55000000;41;EXCHANGE_LAST;;1;1;XEUR;11820365;636;
05.03.2025;09:07:02.940;FBTS SI 20250606 PS;SIMPLE_INSTRUMENT;EFP_FIN;EUR;9;107.32000000;1036;EXCHANGE_LAST;;1;1;XEUR;11820367;639;
05.03.2025;09:50:52.112;FBTS SI 20250306 PS;SIMPLE_INSTRUMENT;BLOCK;EUR;18;107.50000000;908;EXCHANGE_LAST;;1;1;XEUR;11286677;639;
05.03.2025;09:51:29.628;FBTS SI 20250306 PS;SIMPLE_INSTRUMENT;BLOCK;EUR;20;107.50000000;681;EXCHANGE_LAST;;1;1;XEUR;11286677;639;
05.03.2025;09:53:14.065;FBTS SI 20250306 PS;SIMPLE_INSTRUMENT;BLOCK;EUR;22;107.46000000;454;EXCHANGE_LAST;;1;1;XEUR;11286677;639;
05.03.2025;09:53:49.775;FBTS SI 20250306 PS;SIMPLE_INSTRUMENT;BLOCK;EUR;23;107.50000000;227;EXCHANGE_LAST;;1;1;XEUR;11286677;639;
05.03.2025;09:54:46.811;FBTS SI 20250606 PS;SIMPLE_INSTRUMENT;EFP_FIN;EUR;24;107.32000000;518;EXCHANGE_LAST;;1;1;XEUR;11820367;639;
05.03.2025;10:02:09.339;FBTS SI 20250306 PS;SIMPLE_INSTRUMENT;EFP_FIN;EUR;26;107.44000000;1362;EXCHANGE_LAST;;1;1;XEUR;11286677;639;
05.03.2025;10:05:38.546;FBTS SI 20250306 PS;SIMPLE_INSTRUMENT;EFP_FIN;EUR;28;107.43000000;454;EXCHANGE_LAST;;1;1;XEUR;11286677;639;
05.03.2025;10:42:27.950;FBTS SI 20250306 PS;SIMPLE_INSTRUMENT;BLOCK;EUR;32;107.42000000;17142;EXCHANGE_LAST;;1;1;XEUR;11286677;639;
05.03.2025;10:43:33.965;FBTS SI 20250606 PS;SIMPLE_INSTRUMENT;BLOCK;EUR;33;107.28000000;15376;EXCHANGE_LAST;;1;1;XEUR;11820367;639;
05.03.2025;10:49:28.637;FBTS SI 20250606 PS;SIMPLE_INSTRUMENT;EFP_FIN;EUR;35;107.25000000;2142;EXCHANGE_LAST;;1;1;XEUR;11820367;639;
05.03.2025;10:51:18.746;FBTS.S.MAR25.JUN25.SPD;FUTURES_SPREAD;BLOCK;EUR;36;0.16000000;450;EXCHANGE_LAST;;1;1;XEUR;72060338522030172;639;
05.03.2025;10:51:18.746;FBTS SI 20250606 PS;SIMPLE_INSTRUMENT;BLOCK;EUR;36;107.21000000;450;PRC_DECOMP_EXCHANGE;;;;XEUR;11820367;639;EXCHANGE
05.03.2025;10:51:18.746;FBTS SI 20250306 PS;SIMPLE_INSTRUMENT;BLOCK;EUR;36;107.37000000;450;PRC_DECOMP_EXCHANGE;;;;XEUR;11286677;639;EXCHANGE
05.03.2025;10:51:26.411;FBTS.S.MAR25.JUN25.SPD;FUTURES_SPREAD;BLOCK;EUR;37;0.17000000;450;EXCHANGE_LAST;;1;1;XEUR;72060338522030172;639;
05.03.2025;10:51:26.411;FBTS SI 20250606 PS;SIMPLE_INSTRUMENT;BLOCK;EUR;37;107.21000000;450;PRC_DECOMP_EXCHANGE;;;;XEUR;11820367;639;EXCHANGE
05.03.2025;10:51:26.411;FBTS SI 20250306 PS;SIMPLE_INSTRUMENT;BLOCK;EUR;37;107.38000000;450;PRC_DECOMP_EXCHANGE;;;;XEUR;11286677;639;EXCHANGE
05.03.2025;11:02:45.491;FBTS SI 20250606 PS;SIMPLE_INSTRUMENT;EFP_FIN;EUR;40;107.21000000;2142;EXCHANGE_LAST;;1;1;XEUR;11820367;639;
05.03.2025;11:12:19.336;FBTS SI 20250306 PS;SIMPLE_INSTRUMENT;BLOCK;EUR;41;107.37000000;1034;EXCHANGE_LAST;;1;1;XEUR;11286677;639;
05.03.2025;11:26:21.614;FBTS SI 20250606 PS;SIMPLE_INSTRUMENT;BLOCK;EUR;45;107.20000000;2380;EXCHANGE_LAST;;1;1;XEUR;11820367;639;
05.03.2025;11:27:09.930;FBTS SI 20250606 PS;SIMPLE_INSTRUMENT;BLOCK;EUR;46;107.20000000;476;EXCHANGE_LAST;;1;1;XEUR;11820367;639;
05.03.2025;12:05:00.927;FBTS SI 20250606 PS;SIMPLE_INSTRUMENT;EFP_FIN;EUR;51;107.22000000;952;EXCHANGE_LAST;;1;1;XEUR;11820367;639;
05.03.2025;12:05:34.945;FBTS SI 20250606 PS;SIMPLE_INSTRUMENT;EFP_FIN;EUR;52;107.22000000;952;EXCHANGE_LAST;;1;1;XEUR;11820367;639;
05.03.2025;12:06:27.155;FBTS SI 20250606 PS;SIMPLE_INSTRUMENT;EFP_FIN;EUR;53;107.22000000;952;EXCHANGE_LAST;;1;1;XEUR;11820367;639;
05.03.2025;12:08:53.086;FBTS SI 20250606 PS;SIMPLE_INSTRUMENT;EFP_FIN;EUR;56;107.20000000;1904;EXCHANGE_LAST;;1;1;XEUR;11820367;639;
05.03.2025;12:11:24.055;FBTS SI 20250606 PS;SIMPLE_INSTRUMENT;EFP_FIN;EUR;57;107.20000000;4164;EXCHANGE_LAST;;1;1;XEUR;11820367;639;
05.03.2025;12:26:35.776;FBTS.S.MAR25.JUN25.SPD;FUTURES_SPREAD;BLOCK;EUR;60;0.17000000;450;EXCHANGE_LAST;;1;1;XEUR;72060338522030172;639;
05.03.2025;12:26:35.776;FBTS SI 20250306 PS;SIMPLE_INSTRUMENT;BLOCK;EUR;60;107.35000000;450;PRC_DECOMP_EXCHANGE;;;;XEUR;11286677;639;EXCHANGE
05.03.2025;12:26:35.776;FBTS SI 20250606 PS;SIMPLE_INSTRUMENT;BLOCK;EUR;60;107.18000000;450;PRC_DECOMP_EXCHANGE;;;;XEUR;11820367;639;EXCHANGE
05.03.2025;12:26:44.282;FBTS.S.MAR25.JUN25.SPD;FUTURES_SPREAD;BLOCK;EUR;61;0.18000000;450;EXCHANGE_LAST;;1;1;XEUR;72060338522030172;639;
05.03.2025;12:26:44.282;FBTS SI 20250606 PS;SIMPLE_INSTRUMENT;BLOCK;EUR;61;107.18000000;450;PRC_DECOMP_EXCHANGE;;;;XEUR;11820367;639;EXCHANGE
05.03.2025;12:26:44.282;FBTS SI 20250306 PS;SIMPLE_INSTRUMENT;BLOCK;EUR;61;107.36000000;450;PRC_DECOMP_EXCHANGE;;;;XEUR;11286677;639;EXCHANGE
05.03.2025;12:28:13.019;FBTS SI 20250606 PS;SIMPLE_INSTRUMENT;BLOCK;EUR;62;107.20000000;381;EXCHANGE_LAST;;1;1;XEUR;11820367;639;
05.03.2025;12:30:16.151;FBTS SI 20250606 PS;SIMPLE_INSTRUMENT;EFP_FIN;EUR;64;107.19000000;711;EXCHANGE_LAST;;1;1;XEUR;11820367;639;
05.03.2025;12:33:00.433;FBTS SI 20250606 PS;SIMPLE_INSTRUMENT;EFP_FIN;EUR;65;107.19000000;707;EXCHANGE_LAST;;1;1;XEUR;11820367;639;
05.03.2025;12:35:32.053;FBTS SI 20250606 PS;SIMPLE_INSTRUMENT;EFP_FIN;EUR;66;107.18000000;381;EXCHANGE_LAST;;1;1;XEUR;11820367;639;
05.03.2025;12:35:51.375;FBTS.S.MAR25.JUN25.SPD;FUTURES_SPREAD;BLOCK;EUR;67;0.19000000;544;EXCHANGE_LAST;;1;1;XEUR;72060338522030172;639;
05.03.2025;12:35:51.375;FBTS SI 20250306 PS;SIMPLE_INSTRUMENT;BLOCK;EUR;67;107.35000000;544;PRC_DECOMP_EXCHANGE;;;;XEUR;11286677;639;EXCHANGE
05.03.2025;12:35:51.375;FBTS SI 20250606 PS;SIMPLE_INSTRUMENT;BLOCK;EUR;67;107.16000000;544;PRC_DECOMP_EXCHANGE;;;;XEUR;11820367;639;EXCHANGE
05.03.2025;13:05:05.885;FBTS SI 20250606 PS;SIMPLE_INSTRUMENT;EFP_FIN;EUR;70;107.20000000;1904;EXCHANGE_LAST;;1;1;XEUR;11820367;639;
05.03.2025;13:49:32.837;FBTS SI 20250606 PS;SIMPLE_INSTRUMENT;EFP_FIN;EUR;82;107.17000000;2181;EXCHANGE_LAST;;1;1;XEUR;11820367;639;
05.03.2025;13:51:03.879;FBTS SI 20250306 PS;SIMPLE_INSTRUMENT;BLOCK;EUR;84;107.37000000;154;EXCHANGE_LAST;;1;1;XEUR;11286677;639;
05.03.2025;13:58:20.588;FBTS SI 20250606 PS;SIMPLE_INSTRUMENT;EFP_FIN;EUR;85;107.21000000;238;EXCHANGE_LAST;;1;1;XEUR;11820367;639;
05.03.2025;14:19:36.372;FBTS SI 20250306 PS;SIMPLE_INSTRUMENT;BLOCK;EUR;90;107.34000000;1362;EXCHANGE_LAST;;1;1;XEUR;11286677;639;
05.03.2025;14:49:30.686;FBTS SI 20250306 PS;SIMPLE_INSTRUMENT;EFP_FIN;EUR;96;107.34000000;1362;EXCHANGE_LAST;;1;1;XEUR;11286677;639;
05.03.2025;14:51:15.825;FBTS SI 20250306 PS;SIMPLE_INSTRUMENT;EFP_FIN;EUR;98;107.37000000;154;EXCHANGE_LAST;;1;1;XEUR;11286677;639;
05.03.2025;14:58:44.612;FBTS SI 20250606 PS;SIMPLE_INSTRUMENT;EFP_FIN;EUR;100;107.16000000;259;EXCHANGE_LAST;;1;1;XEUR;11820367;639;
05.03.2025;15:17:45.087;FBTS SI 20250606 PS;SIMPLE_INSTRUMENT;BLOCK;EUR;107;107.05000000;476;EXCHANGE_LAST;;1;1;XEUR;11820367;639;
05.03.2025;15:22:38.475;FBTS SI 20250606 PS;SIMPLE_INSTRUMENT;EFP_FIN;EUR;108;106.97000000;762;EXCHANGE_LAST;;1;1;XEUR;11820367;639;
05.03.2025;16:04:59.313;FBTS SI 20250306 PS;SIMPLE_INSTRUMENT;EFP_FIN;EUR;110;107.50000000;908;EXCHANGE_LAST;;1;1;XEUR;11286677;639;
05.03.2025;16:07:05.093;FBTS SI 20250606 PS;SIMPLE_INSTRUMENT;BLOCK;EUR;112;107.00000000;2856;EXCHANGE_LAST;;1;1;XEUR;11820367;639;
05.03.2025;16:17:05.389;FBTS SI 20250306 PS;SIMPLE_INSTRUMENT;BLOCK;EUR;115;107.13000000;908;EXCHANGE_LAST;;1;1;XEUR;11286677;639;
05.03.2025;16:28:13.784;FBTS SI 20250606 PS;SIMPLE_INSTRUMENT;EFP_FIN;EUR;116;106.95000000;238;EXCHANGE_LAST;;1;1;XEUR;11820367;639;
05.03.2025;16:28:54.620;FBTS SI 20250306 PS;SIMPLE_INSTRUMENT;EFP_FIN;EUR;117;107.18000000;908;EXCHANGE_LAST;;1;1;XEUR;11286677;639;
05.03.2025;17:04:30.062;FBTS SI 20250306 PS;SIMPLE_INSTRUMENT;EFP_FIN;EUR;121;107.17000000;480;EXCHANGE_LAST;;1;1;XEUR;11286677;639;
05.03.2025;17:24:11.549;FBTS SI 20250306 PS;SIMPLE_INSTRUMENT;EFP_FIN;EUR;124;107.17000000;2558;EXCHANGE_LAST;;1;1;XEUR;11286677;639;
05.03.2025;17:36:15.588;FBTS SI 20250306 PS;SIMPLE_INSTRUMENT;EFP_FIN;EUR;125;107.17000000;1816;EXCHANGE_LAST;;1;1;XEUR;11286677;639;
05.03.2025;10:18:45.001;FCEU SI 20251215 PS;SIMPLE_INSTRUMENT;BLOCK;USD;5;1.08614000;5520;EXCHANGE_LAST;;1;1;XEUR;8839526;369376;
05.03.2025;08:16:12.529;FCMU SI 20250317 CS;SIMPLE_INSTRUMENT;BLOCK;USD;2;0.04850000;150;EXCHANGE_LAST;;1;1;XEUR;11329545;570874;
05.03.2025;09:51:52.442;FCMU SI 20250317 CS;SIMPLE_INSTRUMENT;BLOCK;USD;3;0.04862000;100;EXCHANGE_LAST;;1;1;XEUR;11329545;570874;
05.03.2025;14:56:43.382;FCMU SI 20250317 CS;SIMPLE_INSTRUMENT;BLOCK;USD;6;0.04885000;100;EXCHANGE_LAST;;1;1;XEUR;11329545;570874;
05.03.2025;07:48:13.668;FCZU SI 20250317 CS;SIMPLE_INSTRUMENT;BLOCK;USD;1;0.05415000;100;EXCHANGE_LAST;;1;1;XEUR;11329546;570872;
05.03.2025;10:15:05.171;FCZU SI 20250317 CS;SIMPLE_INSTRUMENT;BLOCK;USD;4;0.05428000;75;EXCHANGE_LAST;;1;1;XEUR;11329546;570872;
05.03.2025;17:06:46.216;FDAX SI 20250321 CS;SIMPLE_INSTRUMENT;EFP_IDX;EUR;1;23113.00000000;32;EXCHANGE_LAST;;1;1;XEUR;7561255;589;
05.03.2025;17:06:52.064;FDAX SI 20250321 CS;SIMPLE_INSTRUMENT;EFP_IDX;EUR;2;23114.00000000;1;EXCHANGE_LAST;;1;1;XEUR;7561255;589;
05.03.2025;17:04:27.979;FDAX SI 20250321 CS;SIMPLE_INSTRUMENT;EFP_IDX;EUR;3;23113.00000000;62;EXCHANGE_LAST;;1;1;XEUR;7561255;589;
05.03.2025;17:04:40.127;FDAX SI 20250321 CS;SIMPLE_INSTRUMENT;EFP_IDX;EUR;4;23114.00000000;2;EXCHANGE_LAST;;1;1;XEUR;7561255;589;
05.03.2025;09:37:28.121;FDAX SI 20250321 CS;SIMPLE_INSTRUMENT;VOLA;EUR;671088646;23045.00000000;36;EXCHANGE_LAST;;1;1;XEUR;7561255;589;
05.03.2025;10:09:59.323;FDAX SI 20250321 CS;SIMPLE_INSTRUMENT;VOLA;EUR;671088649;23141.00000000;140;EXCHANGE_LAST;;1;1;XEUR;7561255;589;
05.03.2025;10:22:25.895;FDAX SI 20250321 CS;SIMPLE_INSTRUMENT;VOLA;EUR;671088651;23141.00000000;61;EXCHANGE_LAST;;1;1;XEUR;7561255;589;
05.03.2025;11:28:57.402;FDAX SI 20250321 CS;SIMPLE_INSTRUMENT;VOLA;EUR;671088656;23118.00000000;49;EXCHANGE_LAST;;1;1;XEUR;7561255;589;
05.03.2025;12:58:23.491;FDAX SI 20250321 CS;SIMPLE_INSTRUMENT;VOLA;EUR;671088666;23108.00000000;28;EXCHANGE_LAST;;1;1;XEUR;7561255;589;
05.03.2025;15:45:23.751;FDAX SI 20250321 CS;SIMPLE_INSTRUMENT;VOLA;EUR;671088674;23131.00000000;10;EXCHANGE_LAST;;1;1;XEUR;7561255;589;
05.03.2025;09:01:00.541;FEBD SI 20261218 CS;SIMPLE_INSTRUMENT;BLOCK;EUR;4;10.50000000;500;EXCHANGE_LAST;;1;1;XEUR;7158212;597;
05.03.2025;09:01:25.631;FEBD SI 20261218 CS;SIMPLE_INSTRUMENT;BLOCK;EUR;5;10.51000000;500;EXCHANGE_LAST;;1;1;XEUR;7158212;597;
05.03.2025;15:44:32.916;FEBD SI 20261218 CS;SIMPLE_INSTRUMENT;BLOCK;EUR;65;10.51000000;500;EXCHANGE_LAST;;1;1;XEUR;7158212;597;
05.03.2025;15:56:48.020;FEBD SI 20261218 CS;SIMPLE_INSTRUMENT;BLOCK;EUR;68;10.50000000;300;EXCHANGE_LAST;;1;1;XEUR;7158212;597;
05.03.2025;15:56:48.040;FEBD SI 20261218 CS;SIMPLE_INSTRUMENT;BLOCK;EUR;69;10.48000000;700;EXCHANGE_LAST;;1;1;XEUR;7158212;597;
05.03.2025;16:08:13.801;FEBD SI 20261218 CS;SIMPLE_INSTRUMENT;BLOCK;EUR;70;10.50000000;150;EXCHANGE_LAST;;1;1;XEUR;7158212;597;
05.03.2025;16:08:16.159;FEBD SI 20261218 CS;SIMPLE_INSTRUMENT;BLOCK;EUR;71;10.48000000;350;EXCHANGE_LAST;;1;1;XEUR;7158212;597;
05.03.2025;16:18:55.823;FEBD SI 20261218 CS;SIMPLE_INSTRUMENT;BLOCK;EUR;77;10.50000000;500;EXCHANGE_LAST;;1;1;XEUR;7158212;597;
05.03.2025;16:18:58.824;FEBD SI 20261218 CS;SIMPLE_INSTRUMENT;BLOCK;EUR;78;10.51000000;750;EXCHANGE_LAST;;1;1;XEUR;7158212;597;
05.03.2025;16:18:49.823;FEBD SI 20261218 CS;SIMPLE_INSTRUMENT;BLOCK;EUR;79;10.52000000;750;EXCHANGE_LAST;;1;1;XEUR;7158212;597;
05.03.2025;16:25:28.840;FEBD SI 20261218 CS;SIMPLE_INSTRUMENT;BLOCK;EUR;82;10.51000000;750;EXCHANGE_LAST;;1;1;XEUR;7158212;597;
05.03.2025;16:25:35.840;FEBD SI 20261218 CS;SIMPLE_INSTRUMENT;BLOCK;EUR;83;10.52000000;750;EXCHANGE_LAST;;1;1;XEUR;7158212;597;
05.03.2025;10:36:52.067;FECX SI 20250321 CS;SIMPLE_INSTRUMENT;BLOCK;EUR;23;165.72000000;50;EXCHANGE_LAST;;1;1;XEUR;11427948;410158;
05.03.2025;15:20:41.989;FECX SI 20250321 CS;SIMPLE_INSTRUMENT;BLOCK;EUR;57;165.16000000;110;EXCHANGE_LAST;;1;1;XEUR;11427948;410158;
05.03.2025;17:00:40.328;FEDV SI 20250321 CS;SIMPLE_INSTRUMENT;BLOCK;EUR;100;1862.50000000;840;EXCHANGE_LAST;;1;1;XEUR;11359068;596;
05.03.2025;17:00:51.106;FEDV SI 20250321 CS;SIMPLE_INSTRUMENT;BLOCK;EUR;101;1863.00000000;660;EXCHANGE_LAST;;1;1;XEUR;11359068;596;
05.03.2025;16:08:45.772;FES1 SI 20250321 PS;SIMPLE_INSTRUMENT;BLOCK;EUR;72;4.20000000;1200;EXCHANGE_LAST;;1;1;XEUR;11391470;58959;
05.03.2025;09:39:19.797;FESB SI 20250321 CS;SIMPLE_INSTRUMENT;BLOCK;EUR;48;186.00000000;10000;EXCHANGE_LAST;;1;1;XEUR;11359072;605;
05.03.2025;09:43:23.307;FESB SI 20250321 CS;SIMPLE_INSTRUMENT;BLOCK;EUR;49;186.30000000;3000;EXCHANGE_LAST;;1;1;XEUR;11359072;605;
05.03.2025;10:03:12.031;FESB SI 20250321 CS;SIMPLE_INSTRUMENT;BLOCK;EUR;50;186.00000000;4000;EXCHANGE_LAST;;1;1;XEUR;11359072;605;
05.03.2025;10:04:54.954;FESB SI 20250321 CS;SIMPLE_INSTRUMENT;BLOCK;EUR;54;186.40000000;3000;EXCHANGE_LAST;;1;1;XEUR;11359072;605;
05.03.2025;10:06:20.968;FESB SI 20250321 CS;SIMPLE_INSTRUMENT;BLOCK;EUR;55;186.40000000;5000;EXCHANGE_LAST;;1;1;XEUR;11359072;605;
05.03.2025;10:13:33.992;FESB SI 20250321 CS;SIMPLE_INSTRUMENT;BLOCK;EUR;57;186.00000000;2000;EXCHANGE_LAST;;1;1;XEUR;11359072;605;
05.03.2025;10:14:47.553;FESB SI 20250321 CS;SIMPLE_INSTRUMENT;BLOCK;EUR;58;185.50000000;10000;EXCHANGE_LAST;;1;1;XEUR;11359072;605;
05.03.2025;10:16:33.494;FESB SI 20250321 CS;SIMPLE_INSTRUMENT;BLOCK;EUR;59;186.00000000;2000;EXCHANGE_LAST;;1;1;XEUR;11359072;605;
05.03.2025;10:23:56.856;FESB SI 20250321 CS;SIMPLE_INSTRUMENT;BLOCK;EUR;62;185.50000000;2000;EXCHANGE_LAST;;1;1;XEUR;11359072;605;
05.03.2025;10:34:16.974;FESB SI 20250321 CS;SIMPLE_INSTRUMENT;BLOCK;EUR;65;186.00000000;3000;EXCHANGE_LAST;;1;1;XEUR;11359072;605;
05.03.2025;16:52:50.945;FESB SI 20250321 CS;SIMPLE_INSTRUMENT;BLOCK;EUR;87;188.20000000;12516;EXCHANGE_LAST;;1;1;XEUR;11359072;605;
05.03.2025;16:53:15.646;FESB SI 20250321 CS;SIMPLE_INSTRUMENT;BLOCK;EUR;88;188.40000000;13833;EXCHANGE_LAST;;1;1;XEUR;11359072;605;
05.03.2025;16:55:55.171;FESB SI 20250321 CS;SIMPLE_INSTRUMENT;EFP_IDX;EUR;91;188.45000000;922;EXCHANGE_LAST;;1;1;XEUR;11359072;605;
05.03.2025;16:56:03.167;FESB SI 20250321 CS;SIMPLE_INSTRUMENT;EFP_IDX;EUR;92;188.45000000;1260;EXCHANGE_LAST;;1;1;XEUR;11359072;605;
05.03.2025;16:56:20.736;FESB SI 20250321 CS;SIMPLE_INSTRUMENT;EFP_IDX;EUR;93;188.50000000;231;EXCHANGE_LAST;;1;1;XEUR;11359072;605;
05.03.2025;16:57:20.192;FESB SI 20250321 CS;SIMPLE_INSTRUMENT;EFP_IDX;EUR;95;188.50000000;840;EXCHANGE_LAST;;1;1;XEUR;11359072;605;
05.03.2025;17:01:42.491;FESB SI 20250321 CS;SIMPLE_INSTRUMENT;EFP_IDX;EUR;104;188.45000000;8802;EXCHANGE_LAST;;1;1;XEUR;11359072;605;
05.03.2025;17:02:10.074;FESB SI 20250321 CS;SIMPLE_INSTRUMENT;EFP_IDX;EUR;105;188.50000000;2200;EXCHANGE_LAST;;1;1;XEUR;11359072;605;
05.03.2025;09:19:29.091;FESB SI 20250321 CS;SIMPLE_INSTRUMENT;VOLA;EUR;603979785;186.00000000;400;EXCHANGE_LAST;;1;1;XEUR;11359072;605;
05.03.2025;09:32:58.838;FESB SI 20250321 CS;SIMPLE_INSTRUMENT;VOLA;EUR;603979787;185.20000000;120;EXCHANGE_LAST;;1;1;XEUR;11359072;605;
05.03.2025;11:39:05.508;FESB SI 20250321 CS;SIMPLE_INSTRUMENT;VOLA;EUR;603979802;187.45000000;600;EXCHANGE_LAST;;1;1;XEUR;11359072;605;
05.03.2025;11:27:03.019;FESB SI 20250321 CS;SIMPLE_INSTRUMENT;VOLA;EUR;603979813;187.10000000;300;EXCHANGE_LAST;;1;1;XEUR;11359072;605;
05.03.2025;12:58:29.984;FESB SI 20250321 CS;SIMPLE_INSTRUMENT;VOLA;EUR;603979821;185.60000000;300;EXCHANGE_LAST;;1;1;XEUR;11359072;605;
05.03.2025;14:08:49.384;FESB SI 20250321 CS;SIMPLE_INSTRUMENT;VOLA;EUR;603979837;189.00000000;1260;EXCHANGE_LAST;;1;1;XEUR;11359072;605;
05.03.2025;09:47:41.777;FESX SI 20250321 CS;SIMPLE_INSTRUMENT;BLOCK;EUR;1;5524.00000000;2528;EXCHANGE_LAST;;1;1;XEUR;7793482;675;
05.03.2025;15:18:00.428;FESX SI 20250321 CS;SIMPLE_INSTRUMENT;BLOCK;EUR;2;5510.00000000;2000;EXCHANGE_LAST;;1;1;XEUR;7793482;675;
05.03.2025;15:17:45.543;FESX SI 20250321 CS;SIMPLE_INSTRUMENT;BLOCK;EUR;3;5510.00000000;2000;EXCHANGE_LAST;;1;1;XEUR;7793482;675;
05.03.2025;15:32:54.058;FESX SI 20250321 CS;SIMPLE_INSTRUMENT;BLOCK;EUR;4;5500.00000000;2000;EXCHANGE_LAST;;1;1;XEUR;7793482;675;
05.03.2025;15:42:30.393;FESX SI 20250321 CS;SIMPLE_INSTRUMENT;EFP_IDX;EUR;5;5510.00000000;1000;EXCHANGE_LAST;;1;1;XEUR;7793482;675;
05.03.2025;15:54:34.072;FESX SI 20250321 CS;SIMPLE_INSTRUMENT;EFP_IDX;EUR;6;5505.00000000;1000;EXCHANGE_LAST;;1;1;XEUR;7793482;675;
05.03.2025;16:30:21.233;FESX SI 20250321 CS;SIMPLE_INSTRUMENT;BLOCK;EUR;8;5502.00000000;2000;EXCHANGE_LAST;;1;1;XEUR;7793482;675;
05.03.2025;16:47:38.343;FESX SI 20250321 CS;SIMPLE_INSTRUMENT;EFP_IDX;EUR;9;5493.00000000;630;EXCHANGE_LAST;;1;1;XEUR;7793482;675;
05.03.2025;16:48:04.215;FESX SI 20250321 CS;SIMPLE_INSTRUMENT;EFP_IDX;EUR;10;5494.00000000;370;EXCHANGE_LAST;;1;1;XEUR;7793482;675;
05.03.2025;16:57:22.825;FESX SI 20250321 CS;SIMPLE_INSTRUMENT;EFP_IDX;EUR;11;5493.00000000;378;EXCHANGE_LAST;;1;1;XEUR;7793482;675;
05.03.2025;16:57:33.768;FESX SI 20250321 CS;SIMPLE_INSTRUMENT;EFP_IDX;EUR;12;5494.00000000;222;EXCHANGE_LAST;;1;1;XEUR;7793482;675;
05.03.2025;16:50:29.721;FESX SI 20250321 CS;SIMPLE_INSTRUMENT;EFP_IDX;EUR;13;5500.00000000;1000;EXCHANGE_LAST;;1;1;XEUR;7793482;675;
05.03.2025;16:56:16.075;FESX SI 20250321 CS;SIMPLE_INSTRUMENT;BLOCK;EUR;16;5493.00000000;4000;EXCHANGE_LAST;;1;1;XEUR;7793482;675;
05.03.2025;16:54:42.302;FESX SI 20250321 CS;SIMPLE_INSTRUMENT;EFP_IDX;EUR;17;5493.00000000;166;EXCHANGE_LAST;;1;1;XEUR;7793482;675;
05.03.2025;16:54:35.625;FESX SI 20250321 CS;SIMPLE_INSTRUMENT;EFP_IDX;EUR;18;5494.00000000;54;EXCHANGE_LAST;;1;1;XEUR;7793482;675;
05.03.2025;16:59:40.937;FESX SI 20250321 CS;SIMPLE_INSTRUMENT;EFP_IDX;EUR;21;5493.00000000;176;EXCHANGE_LAST;;1;1;XEUR;7793482;675;
05.03.2025;17:02:25.403;FESX SI 20250321 CS;SIMPLE_INSTRUMENT;EFP_IDX;EUR;22;5494.00000000;24;EXCHANGE_LAST;;1;1;XEUR;7793482;675;
05.03.2025;16:55:56.963;FESX SI 20250321 CS;SIMPLE_INSTRUMENT;EFP_IDX;EUR;23;5493.00000000;704;EXCHANGE_LAST;;1;1;XEUR;7793482;675;
05.03.2025;17:02:55.686;FESX SI 20250321 CS;SIMPLE_INSTRUMENT;EFP_IDX;EUR;24;5493.00000000;315;EXCHANGE_LAST;;1;1;XEUR;7793482;675;
05.03.2025;16:56:02.710;FESX SI 20250321 CS;SIMPLE_INSTRUMENT;EFP_IDX;EUR;25;5494.00000000;96;EXCHANGE_LAST;;1;1;XEUR;7793482;675;
05.03.2025;17:03:19.317;FESX SI 20250321 CS;SIMPLE_INSTRUMENT;EFP_IDX;EUR;26;5494.00000000;185;EXCHANGE_LAST;;1;1;XEUR;7793482;675;
05.03.2025;17:09:53.478;FESX SI 20250321 CS;SIMPLE_INSTRUMENT;EFP_IDX;EUR;27;5493.00000000;315;EXCHANGE_LAST;;1;1;XEUR;7793482;675;
05.03.2025;17:10:30.167;FESX SI 20250321 CS;SIMPLE_INSTRUMENT;EFP_IDX;EUR;28;5494.00000000;185;EXCHANGE_LAST;;1;1;XEUR;7793482;675;
05.03.2025;16:56:55.203;FESX SI 20250321 CS;SIMPLE_INSTRUMENT;EFP_IDX;EUR;29;5493.00000000;158;EXCHANGE_LAST;;1;1;XEUR;7793482;675;
05.03.2025;16:57:01.667;FESX SI 20250321 CS;SIMPLE_INSTRUMENT;EFP_IDX;EUR;30;5494.00000000;92;EXCHANGE_LAST;;1;1;XEUR;7793482;675;
05.03.2025;17:10:56.319;FESX SI 20250321 CS;SIMPLE_INSTRUMENT;EFP_IDX;EUR;31;5493.00000000;126;EXCHANGE_LAST;;1;1;XEUR;7793482;675;
05.03.2025;17:10:43.422;FESX SI 20250321 CS;SIMPLE_INSTRUMENT;EFP_IDX;EUR;32;5494.00000000;74;EXCHANGE_LAST;;1;1;XEUR;7793482;675;
05.03.2025;17:20:13.430;FESX SI 20250321 CS;SIMPLE_INSTRUMENT;EFP_IDX;EUR;33;5493.00000000;860;EXCHANGE_LAST;;1;1;XEUR;7793482;675;
05.03.2025;17:20:19.686;FESX SI 20250321 CS;SIMPLE_INSTRUMENT;EFP_IDX;EUR;34;5494.00000000;117;EXCHANGE_LAST;;1;1;XEUR;7793482;675;
05.03.2025;08:46:14.536;FESX SI 20250321 CS;SIMPLE_INSTRUMENT;VOLA;EUR;637534240;5500.00000000;25;EXCHANGE_LAST;;1;1;XEUR;7793482;675;
05.03.2025;10:00:26.418;FESX SI 20250321 CS;SIMPLE_INSTRUMENT;VOLA;EUR;637534273;5527.00000000;359;EXCHANGE_LAST;;1;1;XEUR;7793482;675;
05.03.2025;10:20:01.886;FESX SI 20250321 CS;SIMPLE_INSTRUMENT;VOLA;EUR;637534280;5525.00000000;744;EXCHANGE_LAST;;1;1;XEUR;7793482;675;
05.03.2025;11:00:42.100;FESX SI 20250321 CS;SIMPLE_INSTRUMENT;VOLA;EUR;637534295;5525.00000000;10;EXCHANGE_LAST;;1;1;XEUR;7793482;675;
05.03.2025;11:55:01.684;FESX SI 20250321 CS;SIMPLE_INSTRUMENT;VOLA;EUR;637534318;5500.00000000;380;EXCHANGE_LAST;;1;1;XEUR;7793482;675;
05.03.2025;13:01:06.640;FESX SI 20250321 CS;SIMPLE_INSTRUMENT;VOLA;EUR;637534326;5518.00000000;90;EXCHANGE_LAST;;1;1;XEUR;7793482;675;
05.03.2025;13:01:08.881;FESX SI 20250321 CS;SIMPLE_INSTRUMENT;VOLA;EUR;637534327;5518.00000000;90;EXCHANGE_LAST;;1;1;XEUR;7793482;675;
05.03.2025;14:56:25.811;FESX SI 20250321 CS;SIMPLE_INSTRUMENT;VOLA;EUR;637534368;5505.00000000;75;EXCHANGE_LAST;;1;1;XEUR;7793482;675;
05.03.2025;14:58:59.748;FESX SI 20250321 CS;SIMPLE_INSTRUMENT;VOLA;EUR;637534370;5495.00000000;400;EXCHANGE_LAST;;1;1;XEUR;7793482;675;
05.03.2025;16:03:37.772;FESX SI 20250321 CS;SIMPLE_INSTRUMENT;VOLA;EUR;637534399;5510.00000000;270;EXCHANGE_LAST;;1;1;XEUR;7793482;675;
05.03.2025;16:13:44.081;FESX SI 20250321 CS;SIMPLE_INSTRUMENT;VOLA;EUR;637534411;5535.00000000;20;EXCHANGE_LAST;;1;1;XEUR;7793482;675;
05.03.2025;16:13:29.703;FESX SI 20250321 CS;SIMPLE_INSTRUMENT;VOLA;EUR;637534412;5512.00000000;1050;EXCHANGE_LAST;;1;1;XEUR;7793482;675;
05.03.2025;16:15:02.064;FESX SI 20250321 CS;SIMPLE_INSTRUMENT;VOLA;EUR;637534416;5510.00000000;248;EXCHANGE_LAST;;1;1;XEUR;7793482;675;
05.03.2025;16:17:55.865;FESX SI 20250321 CS;SIMPLE_INSTRUMENT;VOLA;EUR;637534420;5507.00000000;210;EXCHANGE_LAST;;1;1;XEUR;7793482;675;
05.03.2025;08:54:53.692;FEXD.S.DEC27.DEC28.SPD;FUTURES_SPREAD;BLOCK;EUR;1;3.90000000;500;EXCHANGE_LAST;;1;1;XEUR;72060570450264162;693;
05.03.2025;08:54:53.692;FEXD SI 20271217 CS;SIMPLE_INSTRUMENT;BLOCK;EUR;1;152.70000000;500;PRC_DECOMP_MEMBER;;;;XEUR;2848338;693;MEMBER
05.03.2025;08:54:53.692;FEXD SI 20281215 CS;SIMPLE_INSTRUMENT;BLOCK;EUR;1;148.80000000;500;PRC_DECOMP_MEMBER;;;;XEUR;3680985;693;MEMBER
05.03.2025;09:32:34.860;FEXD SI 20261218 CS;SIMPLE_INSTRUMENT;BLOCK;EUR;7;157.80000000;200;EXCHANGE_LAST;;1;1;XEUR;2163053;693;
05.03.2025;09:32:29.431;FEXD SI 20261218 CS;SIMPLE_INSTRUMENT;BLOCK;EUR;8;157.90000000;200;EXCHANGE_LAST;;1;1;XEUR;2163053;693;
05.03.2025;10:05:16.798;FEXD SI 20281215 CS;SIMPLE_INSTRUMENT;BLOCK;EUR;9;149.00000000;200;EXCHANGE_LAST;;1;1;XEUR;3680985;693;
05.03.2025;09:50:27.186;FEXD SI 20261218 CS;SIMPLE_INSTRUMENT;BLOCK;EUR;12;158.30000000;100;EXCHANGE_LAST;;1;1;XEUR;2163053;693;
05.03.2025;09:50:50.475;FEXD SI 20261218 CS;SIMPLE_INSTRUMENT;BLOCK;EUR;13;158.20000000;100;EXCHANGE_LAST;;1;1;XEUR;2163053;693;
05.03.2025;09:53:39.025;FEXD SI 20261218 CS;SIMPLE_INSTRUMENT;BLOCK;EUR;14;158.40000000;250;EXCHANGE_LAST;;1;1;XEUR;2163053;693;
05.03.2025;09:55:21.863;FEXD SI 20261218 CS;SIMPLE_INSTRUMENT;BLOCK;EUR;15;158.40000000;250;EXCHANGE_LAST;;1;1;XEUR;2163053;693;
05.03.2025;10:19:15.258;FEXD SI 20261218 CS;SIMPLE_INSTRUMENT;BLOCK;EUR;18;158.60000000;500;EXCHANGE_LAST;;1;1;XEUR;2163053;693;
05.03.2025;10:35:46.516;FEXD SI 20261218 CS;SIMPLE_INSTRUMENT;BLOCK;EUR;21;158.60000000;1000;EXCHANGE_LAST;;1;1;XEUR;2163053;693;
05.03.2025;10:37:38.521;FEXD.S.DEC27.DEC29.SPD;FUTURES_SPREAD;BLOCK;EUR;22;6.90000000;350;EXCHANGE_LAST;;1;1;XEUR;72060570450264170;693;
05.03.2025;10:37:38.521;FEXD SI 20271217 CS;SIMPLE_INSTRUMENT;BLOCK;EUR;22;151.80000000;350;PRC_DECOMP_EXCHANGE;;;;XEUR;2848338;693;EXCHANGE
05.03.2025;10:37:38.521;FEXD SI 20291221 CS;SIMPLE_INSTRUMENT;BLOCK;EUR;22;144.90000000;350;PRC_DECOMP_EXCHANGE;;;;XEUR;4631968;693;EXCHANGE
05.03.2025;10:51:51.052;FEXD SI 20261218 CS;SIMPLE_INSTRUMENT;BLOCK;EUR;24;158.40000000;630;EXCHANGE_LAST;;1;1;XEUR;2163053;693;
05.03.2025;11:02:50.001;FEXD SI 20261218 CS;SIMPLE_INSTRUMENT;BLOCK;EUR;25;158.40000000;250;EXCHANGE_LAST;;1;1;XEUR;2163053;693;
05.03.2025;11:59:04.639;FEXD SI 20261218 CS;SIMPLE_INSTRUMENT;BLOCK;EUR;36;158.40000000;250;EXCHANGE_LAST;;1;1;XEUR;2163053;693;
05.03.2025;12:19:21.729;FEXD SI 20261218 CS;SIMPLE_INSTRUMENT;BLOCK;EUR;38;158.30000000;500;EXCHANGE_LAST;;1;1;XEUR;2163053;693;
05.03.2025;12:18:30.522;FEXD SI 20261218 CS;SIMPLE_INSTRUMENT;BLOCK;EUR;39;158.40000000;500;EXCHANGE_LAST;;1;1;XEUR;2163053;693;
05.03.2025;12:36:18.313;FEXD SI 20281215 CS;SIMPLE_INSTRUMENT;BLOCK;EUR;41;148.80000000;100;EXCHANGE_LAST;;1;1;XEUR;3680985;693;
05.03.2025;14:21:24.421;FEXD SI 20261218 CS;SIMPLE_INSTRUMENT;BLOCK;EUR;48;158.40000000;150;EXCHANGE_LAST;;1;1;XEUR;2163053;693;
05.03.2025;14:19:36.973;FEXD SI 20261218 CS;SIMPLE_INSTRUMENT;BLOCK;EUR;49;158.20000000;350;EXCHANGE_LAST;;1;1;XEUR;2163053;693;
05.03.2025;14:18:38.568;FEXD SI 20250620 CS;SIMPLE_INSTRUMENT;BLOCK;EUR;50;129.40000000;1375;EXCHANGE_LAST;;2;3;XEUR;9548493;693;
05.03.2025;14:18:37.919;FEXD SI 20250620 CS;SIMPLE_INSTRUMENT;BLOCK;EUR;51;129.50000000;1375;EXCHANGE_LAST;;2;3;XEUR;9548493;693;
05.03.2025;14:37:09.731;FEXD SI 20261218 CS;SIMPLE_INSTRUMENT;BLOCK;EUR;52;158.30000000;400;EXCHANGE_LAST;;1;1;XEUR;2163053;693;
05.03.2025;15:01:00.042;FEXD SI 20281215 CS;SIMPLE_INSTRUMENT;BLOCK;EUR;56;148.90000000;500;EXCHANGE_LAST;;1;1;XEUR;3680985;693;
05.03.2025;16:37:15.925;FEXD SI 20281215 CS;SIMPLE_INSTRUMENT;BLOCK;EUR;84;148.90000000;500;EXCHANGE_LAST;;1;1;XEUR;3680985;693;
05.03.2025;16:40:17.575;FFOX SI 20250321 CS;SIMPLE_INSTRUMENT;BLOCK;EUR;15;4704.20000000;100;EXCHANGE_LAST;;1;1;XEUR;11338030;695;
05.03.2025;07:27:44.553;FGBL SI 20250606 PS;SIMPLE_INSTRUMENT;EFS;EUR;1;129.45000000;496;EXCHANGE_LAST;;1;1;XEUR;11820389;688;
05.03.2025;07:33:51.695;FGBL SI 20250606 PS;SIMPLE_INSTRUMENT;EFS;EUR;2;129.32000000;300;EXCHANGE_LAST;;1;1;XEUR;11820389;688;
05.03.2025;07:35:06.741;FGBL SI 20250606 PS;SIMPLE_INSTRUMENT;EFS;EUR;3;129.31000000;300;EXCHANGE_LAST;;1;1;XEUR;11820389;688;
05.03.2025;07:35:29.758;FGBL SI 20250606 PS;SIMPLE_INSTRUMENT;EFS;EUR;4;129.31000000;86;EXCHANGE_LAST;;1;1;XEUR;11820389;688;
05.03.2025;07:35:56.775;FGBL SI 20250606 PS;SIMPLE_INSTRUMENT;EFS;EUR;5;129.31000000;129;EXCHANGE_LAST;;1;1;XEUR;11820389;688;
05.03.2025;07:37:22.634;FGBL SI 20250606 PS;SIMPLE_INSTRUMENT;EFS;EUR;6;129.21000000;467;EXCHANGE_LAST;;1;1;XEUR;11820389;688;
05.03.2025;07:44:49.673;FGBL SI 20250606 PS;SIMPLE_INSTRUMENT;EFS;EUR;7;129.15000000;467;EXCHANGE_LAST;;1;1;XEUR;11820389;688;
05.03.2025;07:45:16.603;FGBL SI 20250606 PS;SIMPLE_INSTRUMENT;EFS;EUR;8;129.12000000;429;EXCHANGE_LAST;;1;1;XEUR;11820389;688;
05.03.2025;07:47:38.305;FGBL SI 20250606 PS;SIMPLE_INSTRUMENT;EFS;EUR;9;128.93000000;429;EXCHANGE_LAST;;1;1;XEUR;11820389;688;
05.03.2025;07:48:17.216;FGBL SI 20250606 PS;SIMPLE_INSTRUMENT;EFS;EUR;10;129.22000000;429;EXCHANGE_LAST;;1;1;XEUR;11820389;688;
05.03.2025;07:49:02.324;FGBL SI 20250606 PS;SIMPLE_INSTRUMENT;EFS;EUR;11;129.20000000;233;EXCHANGE_LAST;;1;1;XEUR;11820389;688;
05.03.2025;07:55:07.390;FGBL SI 20250606 PS;SIMPLE_INSTRUMENT;EFS;EUR;12;129.19000000;199;EXCHANGE_LAST;;1;1;XEUR;11820389;688;
05.03.2025;07:58:38.127;FGBL SI 20250606 PS;SIMPLE_INSTRUMENT;EFS;EUR;13;129.16000000;995;EXCHANGE_LAST;;1;1;XEUR;11820389;688;
05.03.2025;08:00:31.005;FGBL SI 20250606 PS;SIMPLE_INSTRUMENT;EFS;EUR;14;129.11000000;214;EXCHANGE_LAST;;1;1;XEUR;11820389;688;
05.03.2025;08:00:47.723;FGBL SI 20250606 PS;SIMPLE_INSTRUMENT;EFS;EUR;15;129.11000000;214;EXCHANGE_LAST;;1;1;XEUR;11820389;688;
05.03.2025;08:01:53.745;FGBL SI 20250606 PS;SIMPLE_INSTRUMENT;EFS;EUR;16;129.28000000;214;EXCHANGE_LAST;;1;1;XEUR;11820389;688;
05.03.2025;08:02:05.663;FGBL SI 20250606 PS;SIMPLE_INSTRUMENT;EFP_FIN;EUR;17;129.24000000;1983;EXCHANGE_LAST;;1;1;XEUR;11820389;688;
05.03.2025;08:03:58.130;FGBL SI 20250606 PS;SIMPLE_INSTRUMENT;EFS;EUR;18;129.21000000;1000;EXCHANGE_LAST;;1;1;XEUR;11820389;688;
05.03.2025;08:05:23.455;FGBL SI 20250606 PS;SIMPLE_INSTRUMENT;EFS;EUR;19;129.13000000;498;EXCHANGE_LAST;;1;1;XEUR;11820389;688;
05.03.2025;08:06:14.699;FGBL SI 20250606 PS;SIMPLE_INSTRUMENT;EFS;EUR;20;129.13000000;214;EXCHANGE_LAST;;1;1;XEUR;11820389;688;
05.03.2025;08:07:02.051;FGBL SI 20250606 PS;SIMPLE_INSTRUMENT;EFS;EUR;21;129.13000000;214;EXCHANGE_LAST;;1;1;XEUR;11820389;688;
05.03.2025;08:08:04.055;FGBL SI 20250606 PS;SIMPLE_INSTRUMENT;EFS;EUR;22;129.21000000;214;EXCHANGE_LAST;;1;1;XEUR;11820389;688;
05.03.2025;08:09:46.006;FGBL SI 20250606 PS;SIMPLE_INSTRUMENT;EFS;EUR;23;129.25000000;994;EXCHANGE_LAST;;1;1;XEUR;11820389;688;
05.03.2025;08:09:09.021;FGBL SI 20250606 PS;SIMPLE_INSTRUMENT;EFS;EUR;24;129.41000000;214;EXCHANGE_LAST;;1;1;XEUR;11820389;688;
05.03.2025;08:09:12.230;FGBL SI 20250606 PS;SIMPLE_INSTRUMENT;EFS;EUR;25;129.22000000;214;EXCHANGE_LAST;;1;1;XEUR;11820389;688;
05.03.2025;08:10:05.375;FGBL SI 20250606 PS;SIMPLE_INSTRUMENT;EFS;EUR;26;129.30000000;466;EXCHANGE_LAST;;1;1;XEUR;11820389;688;
05.03.2025;08:10:19.721;FGBL SI 20250606 PS;SIMPLE_INSTRUMENT;EFS;EUR;27;129.25000000;214;EXCHANGE_LAST;;1;1;XEUR;11820389;688;
05.03.2025;08:10:57.011;FGBL SI 20250606 PS;SIMPLE_INSTRUMENT;EFS;EUR;28;129.24000000;112;EXCHANGE_LAST;;1;1;XEUR;11820389;688;
05.03.2025;08:10:34.080;FGBL SI 20250606 PS;SIMPLE_INSTRUMENT;EFS;EUR;29;129.41000000;214;EXCHANGE_LAST;;1;1;XEUR;11820389;688;
05.03.2025;08:11:40.272;FGBL SI 20250606 PS;SIMPLE_INSTRUMENT;EFS;EUR;30;129.41000000;214;EXCHANGE_LAST;;1;1;XEUR;11820389;688;
05.03.2025;08:11:44.127;FGBL SI 20250606 PS;SIMPLE_INSTRUMENT;EFS;EUR;31;129.41000000;642;EXCHANGE_LAST;;1;1;XEUR;11820389;688;
05.03.2025;08:11:49.132;FGBL SI 20250606 PS;SIMPLE_INSTRUMENT;EFS;EUR;32;129.41000000;214;EXCHANGE_LAST;;1;1;XEUR;11820389;688;
05.03.2025;08:12:23.016;FGBL SI 20250606 PS;SIMPLE_INSTRUMENT;EFS;EUR;33;129.12000000;497;EXCHANGE_LAST;;1;1;XEUR;11820389;688;
05.03.2025;08:15:29.279;FGBL SI 20250606 PS;SIMPLE_INSTRUMENT;EFS;EUR;34;129.37000000;214;EXCHANGE_LAST;;1;1;XEUR;11820389;688;
05.03.2025;08:19:23.398;FGBL SI 20250606 PS;SIMPLE_INSTRUMENT;EFS;EUR;35;129.49000000;1000;EXCHANGE_LAST;;1;1;XEUR;11820389;688;
05.03.2025;08:19:54.214;FGBL SI 20250606 PS;SIMPLE_INSTRUMENT;EFS;EUR;36;129.16000000;498;EXCHANGE_LAST;;1;1;XEUR;11820389;688;
05.03.2025;08:20:54.599;FGBL SI 20250606 PS;SIMPLE_INSTRUMENT;EFS;EUR;37;129.49000000;466;EXCHANGE_LAST;;1;1;XEUR;11820389;688;
05.03.2025;08:20:58.395;FGBL SI 20250606 PS;SIMPLE_INSTRUMENT;EFS;EUR;38;129.29000000;465;EXCHANGE_LAST;;1;1;XEUR;11820389;688;
05.03.2025;08:21:53.775;FGBL SI 20250606 PS;SIMPLE_INSTRUMENT;EFS;EUR;39;129.26000000;930;EXCHANGE_LAST;;1;1;XEUR;11820389;688;
05.03.2025;08:22:23.102;FGBL SI 20250606 PS;SIMPLE_INSTRUMENT;EFP_FIN;EUR;40;129.35000000;265;EXCHANGE_LAST;;1;1;XEUR;11820389;688;
05.03.2025;08:25:11.268;FGBL SI 20250606 PS;SIMPLE_INSTRUMENT;EFS;EUR;41;129.30000000;150;EXCHANGE_LAST;;1;1;XEUR;11820389;688;
05.03.2025;08:25:41.676;FGBL SI 20250606 PS;SIMPLE_INSTRUMENT;EFS;EUR;42;129.26000000;930;EXCHANGE_LAST;;1;1;XEUR;11820389;688;
05.03.2025;08:26:49.310;FGBL SI 20250606 PS;SIMPLE_INSTRUMENT;EFS;EUR;43;129.34000000;428;EXCHANGE_LAST;;1;1;XEUR;11820389;688;
05.03.2025;08:28:43.259;FGBL SI 20250606 PS;SIMPLE_INSTRUMENT;EFS;EUR;44;129.19000000;994;EXCHANGE_LAST;;1;1;XEUR;11820389;688;
05.03.2025;08:31:58.566;FGBL SI 20250606 PS;SIMPLE_INSTRUMENT;EFS;EUR;45;129.32000000;279;EXCHANGE_LAST;;1;1;XEUR;11820389;688;
05.03.2025;08:32:46.290;FGBL SI 20250606 PS;SIMPLE_INSTRUMENT;EFS;EUR;46;129.47000000;464;EXCHANGE_LAST;;1;1;XEUR;11820389;688;
05.03.2025;08:34:03.695;FGBL SI 20250606 PS;SIMPLE_INSTRUMENT;EFS;EUR;47;129.29000000;465;EXCHANGE_LAST;;1;1;XEUR;11820389;688;
05.03.2025;08:35:40.492;FGBL SI 20250606 PS;SIMPLE_INSTRUMENT;EFS;EUR;48;129.13000000;249;EXCHANGE_LAST;;1;1;XEUR;11820389;688;
05.03.2025;08:36:37.261;FGBL SI 20250606 PS;SIMPLE_INSTRUMENT;EFS;EUR;49;129.43000000;428;EXCHANGE_LAST;;1;1;XEUR;11820389;688;
05.03.2025;08:37:16.845;FGBL SI 20250606 PS;SIMPLE_INSTRUMENT;EFS;EUR;50;129.34000000;993;EXCHANGE_LAST;;1;1;XEUR;11820389;688;
05.03.2025;08:37:26.009;FGBL SI 20250606 PS;SIMPLE_INSTRUMENT;EFS;EUR;51;129.32000000;497;EXCHANGE_LAST;;1;1;XEUR;11820389;688;
05.03.2025;08:37:33.027;FGBL SI 20250606 PS;SIMPLE_INSTRUMENT;EFS;EUR;52;129.41000000;428;EXCHANGE_LAST;;1;1;XEUR;11820389;688;
05.03.2025;08:38:38.632;FGBL SI 20250606 PS;SIMPLE_INSTRUMENT;EFS;EUR;53;129.44000000;214;EXCHANGE_LAST;;1;1;XEUR;11820389;688;
05.03.2025;08:39:26.247;FGBL SI 20250606 PS;SIMPLE_INSTRUMENT;BLOCK;EUR;54;129.27000000;2000;EXCHANGE_LAST;;1;1;XEUR;11820389;688;
05.03.2025;08:41:24.141;FGBL SI 20250606 PS;SIMPLE_INSTRUMENT;EFS;EUR;55;129.37000000;469;EXCHANGE_LAST;;1;1;XEUR;11820389;688;
05.03.2025;08:42:13.185;FGBL SI 20250606 PS;SIMPLE_INSTRUMENT;EFS;EUR;56;128.94000000;997;EXCHANGE_LAST;;1;1;XEUR;11820389;688;
05.03.2025;08:42:44.863;FGBL SI 20250606 PS;SIMPLE_INSTRUMENT;EFS;EUR;57;129.53000000;472;EXCHANGE_LAST;;1;1;XEUR;11820389;688;
05.03.2025;08:43:01.096;FGBL SI 20250606 PS;SIMPLE_INSTRUMENT;EFS;EUR;58;129.10000000;995;EXCHANGE_LAST;;1;1;XEUR;11820389;688;
05.03.2025;08:44:07.132;FGBL SI 20250606 PS;SIMPLE_INSTRUMENT;EFS;EUR;59;129.07000000;995;EXCHANGE_LAST;;1;1;XEUR;11820389;688;
05.03.2025;08:45:14.147;FGBL SI 20250606 PS;SIMPLE_INSTRUMENT;EFS;EUR;60;129.54000000;696;EXCHANGE_LAST;;1;1;XEUR;11820389;688;
05.03.2025;08:45:17.903;FGBL SI 20250606 PS;SIMPLE_INSTRUMENT;EFS;EUR;61;129.33000000;497;EXCHANGE_LAST;;1;1;XEUR;11820389;688;
05.03.2025;08:48:36.016;FGBL SI 20250606 PS;SIMPLE_INSTRUMENT;EFS;EUR;62;129.54000000;214;EXCHANGE_LAST;;1;1;XEUR;11820389;688;
05.03.2025;08:46:34.218;FGBL SI 20250606 PS;SIMPLE_INSTRUMENT;EFS;EUR;63;129.34000000;500;EXCHANGE_LAST;;1;1;XEUR;11820389;688;
05.03.2025;08:48:09.373;FGBL SI 20250606 PS;SIMPLE_INSTRUMENT;EFS;EUR;64;129.51000000;49;EXCHANGE_LAST;;1;1;XEUR;11820389;688;
05.03.2025;08:49:26.490;FGBL SI 20250606 PS;SIMPLE_INSTRUMENT;EFS;EUR;65;129.35000000;2983;EXCHANGE_LAST;;1;1;XEUR;11820389;688;
05.03.2025;08:49:43.769;FGBL SI 20250606 PS;SIMPLE_INSTRUMENT;EFS;EUR;66;129.51000000;214;EXCHANGE_LAST;;1;1;XEUR;11820389;688;
05.03.2025;08:52:06.193;FGBL SI 20250606 PS;SIMPLE_INSTRUMENT;EFS;EUR;67;129.15000000;995;EXCHANGE_LAST;;1;1;XEUR;11820389;688;
05.03.2025;08:58:11.748;FGBL SI 20250606 PS;SIMPLE_INSTRUMENT;EFS;EUR;68;129.49000000;428;EXCHANGE_LAST;;1;1;XEUR;11820389;688;
05.03.2025;09:00:48.080;FGBL SI 20250606 PS;SIMPLE_INSTRUMENT;EFS;EUR;71;129.48000000;496;EXCHANGE_LAST;;1;1;XEUR;11820389;688;
05.03.2025;09:01:16.352;FGBL SI 20250606 PS;SIMPLE_INSTRUMENT;EFS;EUR;72;129.50000000;428;EXCHANGE_LAST;;1;1;XEUR;11820389;688;
05.03.2025;09:01:18.969;FGBL SI 20250606 PS;SIMPLE_INSTRUMENT;EFS;EUR;73;128.98000000;242;EXCHANGE_LAST;;1;1;XEUR;11820389;688;
05.03.2025;09:01:19.278;FGBL SI 20250606 PS;SIMPLE_INSTRUMENT;EFS;EUR;74;129.51000000;139;EXCHANGE_LAST;;1;1;XEUR;11820389;688;
05.03.2025;09:02:11.008;FGBL SI 20250606 PS;SIMPLE_INSTRUMENT;EFS;EUR;75;129.50000000;232;EXCHANGE_LAST;;1;1;XEUR;11820389;688;
05.03.2025;09:02:26.738;FGBL SI 20250606 PS;SIMPLE_INSTRUMENT;EFS;EUR;76;129.52000000;428;EXCHANGE_LAST;;1;1;XEUR;11820389;688;
05.03.2025;09:03:07.208;FGBL SI 20250606 PS;SIMPLE_INSTRUMENT;EFS;EUR;77;129.49000000;214;EXCHANGE_LAST;;1;1;XEUR;11820389;688;
05.03.2025;09:04:05.862;FGBL SI 20250306 PS;SIMPLE_INSTRUMENT;EFS;EUR;78;130.34000000;472;EXCHANGE_LAST;;1;1;XEUR;11286679;688;
05.03.2025;09:04:40.147;FGBL SI 20250606 PS;SIMPLE_INSTRUMENT;EFS;EUR;79;129.51000000;464;EXCHANGE_LAST;;1;1;XEUR;11820389;688;
05.03.2025;09:06:54.554;FGBL SI 20250606 PS;SIMPLE_INSTRUMENT;EFS;EUR;80;129.24000000;233;EXCHANGE_LAST;;1;1;XEUR;11820389;688;
05.03.2025;09:07:32.447;FGBL SI 20250606 PS;SIMPLE_INSTRUMENT;EFS;EUR;81;129.49000000;428;EXCHANGE_LAST;;1;1;XEUR;11820389;688;
05.03.2025;09:08:02.544;FGBL SI 20250606 PS;SIMPLE_INSTRUMENT;EFP_FIN;EUR;82;129.48000000;1208;EXCHANGE_LAST;;1;1;XEUR;11820389;688;
05.03.2025;09:08:13.538;FGBL SI 20250606 PS;SIMPLE_INSTRUMENT;EFS;EUR;83;129.49000000;928;EXCHANGE_LAST;;1;1;XEUR;11820389;688;
05.03.2025;09:10:22.490;FGBL SI 20250606 PS;SIMPLE_INSTRUMENT;EFS;EUR;84;129.51000000;428;EXCHANGE_LAST;;1;1;XEUR;11820389;688;
05.03.2025;09:12:10.958;FGBL SI 20250606 PS;SIMPLE_INSTRUMENT;EFS;EUR;85;129.50000000;1100;EXCHANGE_LAST;;1;1;XEUR;11820389;688;
05.03.2025;09:12:27.410;FGBL SI 20250606 PS;SIMPLE_INSTRUMENT;EFS;EUR;86;129.45000000;203;EXCHANGE_LAST;;1;1;XEUR;11820389;688;
05.03.2025;09:14:10.545;FGBL SI 20250306 PS;SIMPLE_INSTRUMENT;EFS;EUR;87;130.41000000;473;EXCHANGE_LAST;;1;1;XEUR;11286679;688;
05.03.2025;09:15:04.495;FGBL SI 20250606 PS;SIMPLE_INSTRUMENT;EFS;EUR;88;129.53000000;172;EXCHANGE_LAST;;1;1;XEUR;11820389;688;
05.03.2025;09:16:18.629;FGBL SI 20250606 PS;SIMPLE_INSTRUMENT;EFS;EUR;89;129.53000000;214;EXCHANGE_LAST;;1;1;XEUR;11820389;688;
05.03.2025;09:17:14.044;FGBL SI 20250606 PS;SIMPLE_INSTRUMENT;EFS;EUR;90;129.53000000;428;EXCHANGE_LAST;;1;1;XEUR;11820389;688;
05.03.2025;09:18:46.007;FGBL SI 20250606 PS;SIMPLE_INSTRUMENT;EFS;EUR;91;129.50000000;428;EXCHANGE_LAST;;1;1;XEUR;11820389;688;
05.03.2025;09:19:30.198;FGBL SI 20250606 PS;SIMPLE_INSTRUMENT;EFS;EUR;92;129.50000000;428;EXCHANGE_LAST;;1;1;XEUR;11820389;688;
05.03.2025;09:21:06.385;FGBL SI 20250606 PS;SIMPLE_INSTRUMENT;BLOCK;EUR;93;129.49000000;2000;EXCHANGE_LAST;;1;1;XEUR;11820389;688;
05.03.2025;09:24:13.224;FGBL SI 20250606 PS;SIMPLE_INSTRUMENT;EFS;EUR;95;129.52000000;694;EXCHANGE_LAST;;1;1;XEUR;11820389;688;
05.03.2025;09:24:44.456;FGBL SI 20250606 PS;SIMPLE_INSTRUMENT;EFS;EUR;96;129.49000000;992;EXCHANGE_LAST;;1;1;XEUR;11820389;688;
05.03.2025;09:25:13.983;FGBL SI 20250606 PS;SIMPLE_INSTRUMENT;EFS;EUR;97;129.46000000;1987;EXCHANGE_LAST;;1;1;XEUR;11820389;688;
05.03.2025;09:27:43.602;FGBL SI 20250606 PS;SIMPLE_INSTRUMENT;EFS;EUR;98;129.52000000;248;EXCHANGE_LAST;;1;1;XEUR;11820389;688;
05.03.2025;09:28:05.771;FGBL SI 20250606 PS;SIMPLE_INSTRUMENT;EFS;EUR;99;129.36000000;428;EXCHANGE_LAST;;1;1;XEUR;11820389;688;
05.03.2025;09:28:56.274;FGBL SI 20250606 PS;SIMPLE_INSTRUMENT;EFS;EUR;100;129.30000000;428;EXCHANGE_LAST;;1;1;XEUR;11820389;688;
05.03.2025;09:29:31.299;FGBL SI 20250606 PS;SIMPLE_INSTRUMENT;EFS;EUR;101;129.30000000;428;EXCHANGE_LAST;;1;1;XEUR;11820389;688;
05.03.2025;09:30:57.852;FGBL SI 20250606 PS;SIMPLE_INSTRUMENT;EFS;EUR;102;129.42000000;214;EXCHANGE_LAST;;1;1;XEUR;11820389;688;
05.03.2025;09:31:35.813;FGBL SI 20250606 PS;SIMPLE_INSTRUMENT;EFS;EUR;103;128.94000000;498;EXCHANGE_LAST;;1;1;XEUR;11820389;688;
05.03.2025;09:32:21.404;FGBL SI 20250606 PS;SIMPLE_INSTRUMENT;EFS;EUR;104;129.27000000;214;EXCHANGE_LAST;;1;1;XEUR;11820389;688;
05.03.2025;09:33:06.434;FGBL SI 20250606 PS;SIMPLE_INSTRUMENT;EFS;EUR;105;129.29000000;428;EXCHANGE_LAST;;1;1;XEUR;11820389;688;
05.03.2025;09:33:17.444;FGBL SI 20250606 PS;SIMPLE_INSTRUMENT;EFS;EUR;106;129.29000000;129;EXCHANGE_LAST;;1;1;XEUR;11820389;688;
05.03.2025;09:34:09.198;FGBL SI 20250606 PS;SIMPLE_INSTRUMENT;EFS;EUR;107;129.39000000;428;EXCHANGE_LAST;;1;1;XEUR;11820389;688;
05.03.2025;09:34:10.155;FGBL SI 20250306 PS;SIMPLE_INSTRUMENT;EFP_FIN;EUR;108;130.36000000;1400;EXCHANGE_LAST;;1;1;XEUR;11286679;688;
05.03.2025;09:35:58.843;FGBL SI 20250606 PS;SIMPLE_INSTRUMENT;EFS;EUR;109;129.26000000;161;EXCHANGE_LAST;;1;1;XEUR;11820389;688;
05.03.2025;09:36:06.024;FGBL SI 20250606 PS;SIMPLE_INSTRUMENT;EFP_FIN;EUR;110;129.35000000;242;EXCHANGE_LAST;;1;1;XEUR;11820389;688;
05.03.2025;09:37:52.117;FGBL SI 20250606 PS;SIMPLE_INSTRUMENT;EFS;EUR;111;129.31000000;464;EXCHANGE_LAST;;1;1;XEUR;11820389;688;
05.03.2025;09:39:58.166;FGBL SI 20250606 PS;SIMPLE_INSTRUMENT;EFS;EUR;112;129.29000000;1000;EXCHANGE_LAST;;1;1;XEUR;11820389;688;
05.03.2025;09:41:58.035;FGBL SI 20250606 PS;SIMPLE_INSTRUMENT;EFS;EUR;113;129.24000000;464;EXCHANGE_LAST;;1;1;XEUR;11820389;688;
05.03.2025;09:42:11.910;FGBL SI 20250606 PS;SIMPLE_INSTRUMENT;EFS;EUR;114;129.45000000;496;EXCHANGE_LAST;;1;1;XEUR;11820389;688;
05.03.2025;09:43:55.002;FGBL SI 20250606 PS;SIMPLE_INSTRUMENT;EFS;EUR;115;129.30000000;275;EXCHANGE_LAST;;1;1;XEUR;11820389;688;
05.03.2025;09:44:07.786;FGBL SI 20250606 PS;SIMPLE_INSTRUMENT;EFS;EUR;116;129.19000000;428;EXCHANGE_LAST;;1;1;XEUR;11820389;688;
05.03.2025;09:44:32.906;FGBL SI 20250606 PS;SIMPLE_INSTRUMENT;EFS;EUR;117;129.24000000;928;EXCHANGE_LAST;;1;1;XEUR;11820389;688;
05.03.2025;09:48:24.780;FGBL SI 20250606 PS;SIMPLE_INSTRUMENT;EFS;EUR;118;129.47000000;99;EXCHANGE_LAST;;1;1;XEUR;11820389;688;
05.03.2025;09:53:00.591;FGBL SI 20250606 PS;SIMPLE_INSTRUMENT;EFS;EUR;119;129.32000000;331;EXCHANGE_LAST;;1;1;XEUR;11820389;688;
05.03.2025;09:53:16.573;FGBL SI 20250606 PS;SIMPLE_INSTRUMENT;EFS;EUR;120;129.30000000;454;EXCHANGE_LAST;;1;1;XEUR;11820389;688;
05.03.2025;09:53:26.628;FGBL SI 20250606 PS;SIMPLE_INSTRUMENT;EFS;EUR;121;129.30000000;464;EXCHANGE_LAST;;1;1;XEUR;11820389;688;
05.03.2025;09:54:40.064;FGBL SI 20250606 PS;SIMPLE_INSTRUMENT;EFS;EUR;122;129.28000000;428;EXCHANGE_LAST;;1;1;XEUR;11820389;688;
05.03.2025;09:54:41.020;FGBL SI 20250606 PS;SIMPLE_INSTRUMENT;EFP_FIN;EUR;123;129.30000000;265;EXCHANGE_LAST;;1;1;XEUR;11820389;688;
05.03.2025;09:56:47.025;FGBL SI 20250606 PS;SIMPLE_INSTRUMENT;EFS;EUR;124;129.27000000;464;EXCHANGE_LAST;;1;1;XEUR;11820389;688;
05.03.2025;09:57:04.255;FGBL SI 20250606 PS;SIMPLE_INSTRUMENT;EFS;EUR;125;129.31000000;428;EXCHANGE_LAST;;1;1;XEUR;11820389;688;
05.03.2025;09:58:27.007;FGBL SI 20250606 PS;SIMPLE_INSTRUMENT;EFS;EUR;126;129.30000000;214;EXCHANGE_LAST;;1;1;XEUR;11820389;688;
05.03.2025;10:00:20.447;FGBL SI 20250606 PS;SIMPLE_INSTRUMENT;EFS;EUR;127;129.28000000;428;EXCHANGE_LAST;;1;1;XEUR;11820389;688;
05.03.2025;10:00:50.465;FGBL SI 20250606 PS;SIMPLE_INSTRUMENT;EFS;EUR;128;129.30000000;300;EXCHANGE_LAST;;1;1;XEUR;11820389;688;
05.03.2025;10:02:24.833;FGBL SI 20250606 PS;SIMPLE_INSTRUMENT;EFS;EUR;129;129.32000000;1483;EXCHANGE_LAST;;1;1;XEUR;11820389;688;
05.03.2025;10:05:00.620;FGBL SI 20250606 PS;SIMPLE_INSTRUMENT;EFS;EUR;130;129.20000000;250;EXCHANGE_LAST;;1;1;XEUR;11820389;688;
05.03.2025;10:07:37.973;FGBL SI 20250606 PS;SIMPLE_INSTRUMENT;BLOCK;EUR;131;129.27000000;2000;EXCHANGE_LAST;;1;1;XEUR;11820389;688;
05.03.2025;10:08:17.643;FGBL SI 20250606 PS;SIMPLE_INSTRUMENT;EFS;EUR;132;129.26000000;401;EXCHANGE_LAST;;1;1;XEUR;11820389;688;
05.03.2025;10:10:11.650;FGBL SI 20250606 PS;SIMPLE_INSTRUMENT;EFS;EUR;133;129.28000000;284;EXCHANGE_LAST;;1;1;XEUR;11820389;688;
05.03.2025;10:11:04.722;FGBL SI 20250606 PS;SIMPLE_INSTRUMENT;EFS;EUR;134;129.27000000;93;EXCHANGE_LAST;;1;1;XEUR;11820389;688;
05.03.2025;10:11:35.858;FGBL SI 20250606 PS;SIMPLE_INSTRUMENT;EFS;EUR;135;129.18000000;428;EXCHANGE_LAST;;1;1;XEUR;11820389;688;
05.03.2025;10:11:40.556;FGBL SI 20250606 PS;SIMPLE_INSTRUMENT;EFS;EUR;136;129.25000000;928;EXCHANGE_LAST;;1;1;XEUR;11820389;688;
05.03.2025;10:11:57.933;FGBL SI 20250606 PS;SIMPLE_INSTRUMENT;EFS;EUR;137;129.19000000;302;EXCHANGE_LAST;;1;1;XEUR;11820389;688;
05.03.2025;10:14:35.188;FGBL SI 20250606 PS;SIMPLE_INSTRUMENT;EFS;EUR;138;129.21000000;428;EXCHANGE_LAST;;1;1;XEUR;11820389;688;
05.03.2025;10:14:45.484;FGBL SI 20250606 PS;SIMPLE_INSTRUMENT;EFS;EUR;139;129.20000000;428;EXCHANGE_LAST;;1;1;XEUR;11820389;688;
05.03.2025;10:17:03.686;FGBL SI 20250606 PS;SIMPLE_INSTRUMENT;EFS;EUR;140;129.18000000;232;EXCHANGE_LAST;;1;1;XEUR;11820389;688;
05.03.2025;10:17:26.113;FGBL SI 20250606 PS;SIMPLE_INSTRUMENT;EFS;EUR;141;129.25000000;428;EXCHANGE_LAST;;1;1;XEUR;11820389;688;
05.03.2025;10:18:41.856;FGBL SI 20250606 PS;SIMPLE_INSTRUMENT;EFS;EUR;142;129.48000000;214;EXCHANGE_LAST;;1;1;XEUR;11820389;688;
05.03.2025;10:19:47.678;FGBL SI 20250606 PS;SIMPLE_INSTRUMENT;EFS;EUR;143;129.22000000;279;EXCHANGE_LAST;;1;1;XEUR;11820389;688;
05.03.2025;10:20:04.754;FGBL SI 20250606 PS;SIMPLE_INSTRUMENT;EFS;EUR;144;129.45000000;694;EXCHANGE_LAST;;1;1;XEUR;11820389;688;
05.03.2025;10:22:47.342;FGBL SI 20250606 PS;SIMPLE_INSTRUMENT;EFS;EUR;145;129.21000000;428;EXCHANGE_LAST;;1;1;XEUR;11820389;688;
05.03.2025;10:27:43.837;FGBL SI 20250606 PS;SIMPLE_INSTRUMENT;EFS;EUR;146;129.29000000;105;EXCHANGE_LAST;;1;1;XEUR;11820389;688;
05.03.2025;10:31:27.673;FGBL SI 20250606 PS;SIMPLE_INSTRUMENT;EFS;EUR;147;129.38000000;428;EXCHANGE_LAST;;1;1;XEUR;11820389;688;
05.03.2025;10:32:05.833;FGBL SI 20250606 PS;SIMPLE_INSTRUMENT;EFS;EUR;148;129.34000000;100;EXCHANGE_LAST;;1;1;XEUR;11820389;688;
05.03.2025;10:32:32.373;FGBL SI 20250606 PS;SIMPLE_INSTRUMENT;EFP_FIN;EUR;149;129.22000000;334;EXCHANGE_LAST;;1;1;XEUR;11820389;688;
05.03.2025;10:33:27.251;FGBL SI 20250606 PS;SIMPLE_INSTRUMENT;EFP_FIN;EUR;150;129.22000000;224;EXCHANGE_LAST;;1;1;XEUR;11820389;688;
05.03.2025;10:33:51.071;FGBL SI 20250606 PS;SIMPLE_INSTRUMENT;EFS;EUR;151;129.32000000;929;EXCHANGE_LAST;;1;1;XEUR;11820389;688;
05.03.2025;10:34:07.600;FGBL SI 20250606 PS;SIMPLE_INSTRUMENT;EFS;EUR;152;129.39000000;428;EXCHANGE_LAST;;1;1;XEUR;11820389;688;
05.03.2025;10:34:50.884;FGBL SI 20250606 PS;SIMPLE_INSTRUMENT;EFS;EUR;153;129.39000000;214;EXCHANGE_LAST;;1;1;XEUR;11820389;688;
05.03.2025;10:35:55.667;FGBL SI 20250606 PS;SIMPLE_INSTRUMENT;EFS;EUR;154;129.39000000;114;EXCHANGE_LAST;;1;1;XEUR;11820389;688;
05.03.2025;10:36:06.110;FGBL SI 20250606 PS;SIMPLE_INSTRUMENT;EFP_FIN;EUR;155;129.23000000;794;EXCHANGE_LAST;;1;1;XEUR;11820389;688;
05.03.2025;10:43:07.955;FGBL SI 20250606 PS;SIMPLE_INSTRUMENT;EFS;EUR;156;129.23000000;598;EXCHANGE_LAST;;1;1;XEUR;11820389;688;
05.03.2025;10:49:09.974;FGBL SI 20250606 PS;SIMPLE_INSTRUMENT;EFS;EUR;157;129.29000000;233;EXCHANGE_LAST;;1;1;XEUR;11820389;688;
05.03.2025;10:48:55.562;FGBL SI 20250606 PS;SIMPLE_INSTRUMENT;EFS;EUR;158;129.25000000;14;EXCHANGE_LAST;;1;1;XEUR;11820389;688;
05.03.2025;10:51:00.563;FGBL SI 20250606 PS;SIMPLE_INSTRUMENT;EFP_FIN;EUR;159;129.24000000;439;EXCHANGE_LAST;;1;1;XEUR;11820389;688;
05.03.2025;10:51:37.523;FGBL SI 20250606 PS;SIMPLE_INSTRUMENT;EFP_FIN;EUR;160;129.36000000;414;EXCHANGE_LAST;;1;1;XEUR;11820389;688;
05.03.2025;10:52:12.226;FGBL SI 20250606 PS;SIMPLE_INSTRUMENT;EFS;EUR;161;129.28000000;214;EXCHANGE_LAST;;1;1;XEUR;11820389;688;
05.03.2025;10:55:07.477;FGBL SI 20250606 PS;SIMPLE_INSTRUMENT;EFS;EUR;162;129.28000000;428;EXCHANGE_LAST;;1;1;XEUR;11820389;688;
05.03.2025;10:55:46.562;FGBL SI 20250606 PS;SIMPLE_INSTRUMENT;EFS;EUR;163;129.28000000;428;EXCHANGE_LAST;;1;1;XEUR;11820389;688;
05.03.2025;11:02:30.283;FGBL SI 20250606 PS;SIMPLE_INSTRUMENT;EFS;EUR;164;129.38000000;186;EXCHANGE_LAST;;1;1;XEUR;11820389;688;
05.03.2025;11:03:34.307;FGBL SI 20250606 PS;SIMPLE_INSTRUMENT;EFS;EUR;165;129.19000000;227;EXCHANGE_LAST;;1;1;XEUR;11820389;688;
05.03.2025;11:04:24.048;FGBL SI 20250606 PS;SIMPLE_INSTRUMENT;EFS;EUR;166;129.19000000;214;EXCHANGE_LAST;;1;1;XEUR;11820389;688;
05.03.2025;11:07:02.025;FGBL SI 20250606 PS;SIMPLE_INSTRUMENT;EFS;EUR;167;129.20000000;200;EXCHANGE_LAST;;1;1;XEUR;11820389;688;
05.03.2025;11:07:26.027;FGBL SI 20250606 PS;SIMPLE_INSTRUMENT;EFS;EUR;168;129.20000000;986;EXCHANGE_LAST;;1;1;XEUR;11820389;688;
05.03.2025;11:07:12.971;FGBL SI 20250606 PS;SIMPLE_INSTRUMENT;EFS;EUR;169;129.21000000;348;EXCHANGE_LAST;;1;1;XEUR;11820389;688;
05.03.2025;11:08:20.384;FGBL SI 20250606 PS;SIMPLE_INSTRUMENT;EFS;EUR;170;129.17000000;1714;EXCHANGE_LAST;;1;1;XEUR;11820389;688;
05.03.2025;11:10:12.292;FGBL SI 20250606 PS;SIMPLE_INSTRUMENT;BLOCK;EUR;171;129.19000000;2000;EXCHANGE_LAST;;1;1;XEUR;11820389;688;
05.03.2025;11:12:37.189;FGBL SI 20250606 PS;SIMPLE_INSTRUMENT;EFS;EUR;172;129.16000000;429;EXCHANGE_LAST;;1;1;XEUR;11820389;688;
05.03.2025;11:12:57.205;FGBL SI 20250606 PS;SIMPLE_INSTRUMENT;EFS;EUR;173;129.16000000;428;EXCHANGE_LAST;;1;1;XEUR;11820389;688;
05.03.2025;11:13:21.577;FGBL SI 20250606 PS;SIMPLE_INSTRUMENT;EFS;EUR;174;129.16000000;428;EXCHANGE_LAST;;1;1;XEUR;11820389;688;
05.03.2025;11:13:22.223;FGBL SI 20250606 PS;SIMPLE_INSTRUMENT;EFS;EUR;175;129.16000000;428;EXCHANGE_LAST;;1;1;XEUR;11820389;688;
05.03.2025;11:14:13.416;FGBL SI 20250606 PS;SIMPLE_INSTRUMENT;EFS;EUR;176;129.17000000;300;EXCHANGE_LAST;;1;1;XEUR;11820389;688;
05.03.2025;11:19:37.432;FGBL SI 20250606 PS;SIMPLE_INSTRUMENT;EFS;EUR;177;129.18000000;428;EXCHANGE_LAST;;1;1;XEUR;11820389;688;
05.03.2025;11:22:17.535;FGBL SI 20250606 PS;SIMPLE_INSTRUMENT;EFS;EUR;178;129.24000000;508;EXCHANGE_LAST;;1;1;XEUR;11820389;688;
05.03.2025;11:23:09.539;FGBL SI 20250606 PS;SIMPLE_INSTRUMENT;EFS;EUR;179;129.15000000;214;EXCHANGE_LAST;;1;1;XEUR;11820389;688;
05.03.2025;11:29:25.839;FGBL SI 20250606 PS;SIMPLE_INSTRUMENT;EFS;EUR;180;129.29000000;214;EXCHANGE_LAST;;1;1;XEUR;11820389;688;
05.03.2025;11:29:42.056;FGBL SI 20250606 PS;SIMPLE_INSTRUMENT;EFS;EUR;181;129.37000000;596;EXCHANGE_LAST;;1;1;XEUR;11820389;688;
05.03.2025;11:29:58.323;FGBL SI 20250606 PS;SIMPLE_INSTRUMENT;EFS;EUR;182;129.29000000;214;EXCHANGE_LAST;;1;1;XEUR;11820389;688;
05.03.2025;11:30:56.370;FGBL SI 20250606 PS;SIMPLE_INSTRUMENT;EFP_FIN;EUR;183;129.21000000;1496;EXCHANGE_LAST;;1;1;XEUR;11820389;688;
05.03.2025;11:31:38.837;FGBL SI 20250606 PS;SIMPLE_INSTRUMENT;EFP_FIN;EUR;184;129.27000000;116;EXCHANGE_LAST;;1;1;XEUR;11820389;688;
05.03.2025;11:33:22.973;FGBL SI 20250606 PS;SIMPLE_INSTRUMENT;EFS;EUR;185;129.20000000;343;EXCHANGE_LAST;;1;1;XEUR;11820389;688;
05.03.2025;11:33:58.400;FGBL SI 20250606 PS;SIMPLE_INSTRUMENT;EFS;EUR;186;129.28000000;326;EXCHANGE_LAST;;1;1;XEUR;11820389;688;
05.03.2025;11:34:24.310;FGBL SI 20250606 PS;SIMPLE_INSTRUMENT;EFP_FIN;EUR;187;129.28000000;53;EXCHANGE_LAST;;1;1;XEUR;11820389;688;
05.03.2025;11:36:23.326;FGBL SI 20250606 PS;SIMPLE_INSTRUMENT;EFS;EUR;188;129.27000000;560;EXCHANGE_LAST;;1;1;XEUR;11820389;688;
05.03.2025;11:37:52.654;FGBL SI 20250606 PS;SIMPLE_INSTRUMENT;EFS;EUR;189;129.17000000;428;EXCHANGE_LAST;;1;1;XEUR;11820389;688;
05.03.2025;11:38:08.159;FGBL SI 20250606 PS;SIMPLE_INSTRUMENT;EFS;EUR;190;129.19000000;428;EXCHANGE_LAST;;1;1;XEUR;11820389;688;
05.03.2025;11:45:28.082;FGBL SI 20250606 PS;SIMPLE_INSTRUMENT;EFS;EUR;191;131.36000000;488;EXCHANGE_LAST;;1;1;XEUR;11820389;688;
05.03.2025;11:46:12.477;FGBL SI 20250606 PS;SIMPLE_INSTRUMENT;EFS;EUR;192;129.13000000;498;EXCHANGE_LAST;;1;1;XEUR;11820389;688;
05.03.2025;11:47:06.418;FGBL SI 20250606 PS;SIMPLE_INSTRUMENT;EFP_FIN;EUR;193;129.19000000;1223;EXCHANGE_LAST;;1;1;XEUR;11820389;688;
05.03.2025;11:48:00.577;FGBL SI 20250606 PS;SIMPLE_INSTRUMENT;EFS;EUR;194;129.12000000;500;EXCHANGE_LAST;;1;1;XEUR;11820389;688;
05.03.2025;11:49:00.534;FGBL SI 20250606 PS;SIMPLE_INSTRUMENT;EFS;EUR;195;129.19000000;428;EXCHANGE_LAST;;1;1;XEUR;11820389;688;
05.03.2025;11:49:08.958;FGBL SI 20250606 PS;SIMPLE_INSTRUMENT;EFS;EUR;196;129.19000000;1117;EXCHANGE_LAST;;1;1;XEUR;11820389;688;
05.03.2025;12:01:13.012;FGBL SI 20250606 PS;SIMPLE_INSTRUMENT;EFS;EUR;197;129.19000000;1028;EXCHANGE_LAST;;1;1;XEUR;11820389;688;
05.03.2025;12:01:59.474;FGBL SI 20250606 PS;SIMPLE_INSTRUMENT;EFP_FIN;EUR;198;129.16000000;682;EXCHANGE_LAST;;1;1;XEUR;11820389;688;
05.03.2025;12:03:29.665;FGBL SI 20250606 PS;SIMPLE_INSTRUMENT;EFS;EUR;199;129.19000000;249;EXCHANGE_LAST;;1;1;XEUR;11820389;688;
05.03.2025;12:08:47.300;FGBL SI 20250606 PS;SIMPLE_INSTRUMENT;EFS;EUR;200;129.07000000;429;EXCHANGE_LAST;;1;1;XEUR;11820389;688;
05.03.2025;12:09:22.111;FGBL SI 20250606 PS;SIMPLE_INSTRUMENT;EFS;EUR;201;129.09000000;300;EXCHANGE_LAST;;1;1;XEUR;11820389;688;
05.03.2025;12:10:47.393;FGBL SI 20250606 PS;SIMPLE_INSTRUMENT;EFS;EUR;202;129.06000000;429;EXCHANGE_LAST;;1;1;XEUR;11820389;688;
05.03.2025;12:11:24.024;FGBL SI 20250606 PS;SIMPLE_INSTRUMENT;EFS;EUR;203;129.06000000;349;EXCHANGE_LAST;;1;1;XEUR;11820389;688;
05.03.2025;12:13:06.529;FGBL SI 20250606 PS;SIMPLE_INSTRUMENT;EFS;EUR;204;129.09000000;300;EXCHANGE_LAST;;1;1;XEUR;11820389;688;
05.03.2025;12:15:57.634;FGBL SI 20250606 PS;SIMPLE_INSTRUMENT;EFS;EUR;205;129.04000000;429;EXCHANGE_LAST;;1;1;XEUR;11820389;688;
05.03.2025;12:17:40.406;FGBL SI 20250606 PS;SIMPLE_INSTRUMENT;EFS;EUR;206;129.07000000;388;EXCHANGE_LAST;;1;1;XEUR;11820389;688;
05.03.2025;12:18:59.390;FGBL SI 20250606 PS;SIMPLE_INSTRUMENT;EFS;EUR;207;129.07000000;388;EXCHANGE_LAST;;1;1;XEUR;11820389;688;
05.03.2025;12:20:43.877;FGBL SI 20250606 PS;SIMPLE_INSTRUMENT;EFS;EUR;208;129.26000000;248;EXCHANGE_LAST;;1;1;XEUR;11820389;688;
05.03.2025;12:21:37.912;FGBL SI 20250606 PS;SIMPLE_INSTRUMENT;EFS;EUR;209;129.01000000;429;EXCHANGE_LAST;;1;1;XEUR;11820389;688;
05.03.2025;12:24:26.993;FGBL SI 20250606 PS;SIMPLE_INSTRUMENT;EFS;EUR;211;129.01000000;429;EXCHANGE_LAST;;1;1;XEUR;11820389;688;
05.03.2025;12:24:58.850;FGBL SI 20250606 PS;SIMPLE_INSTRUMENT;EFS;EUR;212;129.06000000;300;EXCHANGE_LAST;;1;1;XEUR;11820389;688;
05.03.2025;12:25:09.537;FGBL SI 20250606 PS;SIMPLE_INSTRUMENT;EFS;EUR;213;129.07000000;498;EXCHANGE_LAST;;1;1;XEUR;11820389;688;
05.03.2025;12:25:13.092;FGBL SI 20250606 PS;SIMPLE_INSTRUMENT;EFS;EUR;214;128.99000000;429;EXCHANGE_LAST;;1;1;XEUR;11820389;688;
05.03.2025;12:25:44.432;FGBL SI 20250606 PS;SIMPLE_INSTRUMENT;EFS;EUR;215;129.01000000;1992;EXCHANGE_LAST;;1;1;XEUR;11820389;688;
05.03.2025;12:28:49.710;FGBL SI 20250606 PS;SIMPLE_INSTRUMENT;EFS;EUR;217;129.06000000;931;EXCHANGE_LAST;;1;1;XEUR;11820389;688;
05.03.2025;12:30:43.324;FGBL SI 20250606 PS;SIMPLE_INSTRUMENT;EFS;EUR;218;128.83000000;429;EXCHANGE_LAST;;1;1;XEUR;11820389;688;
05.03.2025;12:32:44.400;FGBL SI 20250606 PS;SIMPLE_INSTRUMENT;EFS;EUR;219;128.83000000;429;EXCHANGE_LAST;;1;1;XEUR;11820389;688;
05.03.2025;12:32:44.444;FGBL SI 20250606 PS;SIMPLE_INSTRUMENT;EFS;EUR;220;128.83000000;86;EXCHANGE_LAST;;1;1;XEUR;11820389;688;
05.03.2025;12:32:54.987;FGBL SI 20250606 PS;SIMPLE_INSTRUMENT;EFS;EUR;221;128.88000000;429;EXCHANGE_LAST;;1;1;XEUR;11820389;688;
05.03.2025;12:33:48.440;FGBL SI 20250606 PS;SIMPLE_INSTRUMENT;EFS;EUR;222;128.83000000;429;EXCHANGE_LAST;;1;1;XEUR;11820389;688;
05.03.2025;12:34:54.490;FGBL SI 20250606 PS;SIMPLE_INSTRUMENT;EFS;EUR;223;128.84000000;100;EXCHANGE_LAST;;1;1;XEUR;11820389;688;
05.03.2025;12:38:59.657;FGBL SI 20250606 PS;SIMPLE_INSTRUMENT;EFS;EUR;224;128.83000000;249;EXCHANGE_LAST;;1;1;XEUR;11820389;688;
05.03.2025;12:41:47.174;FGBL SI 20250606 PS;SIMPLE_INSTRUMENT;EFS;EUR;225;128.90000000;139;EXCHANGE_LAST;;1;1;XEUR;11820389;688;
05.03.2025;12:44:42.574;FGBL SI 20250606 PS;SIMPLE_INSTRUMENT;EFS;EUR;226;128.83000000;499;EXCHANGE_LAST;;1;1;XEUR;11820389;688;
05.03.2025;12:47:07.149;FGBL SI 20250606 PS;SIMPLE_INSTRUMENT;EFS;EUR;227;128.80000000;580;EXCHANGE_LAST;;1;1;XEUR;11820389;688;
05.03.2025;12:48:34.677;FGBL SI 20250606 PS;SIMPLE_INSTRUMENT;EFS;EUR;228;128.79000000;429;EXCHANGE_LAST;;1;1;XEUR;11820389;688;
05.03.2025;12:49:55.045;FGBL SI 20250606 PS;SIMPLE_INSTRUMENT;EFS;EUR;229;128.80000000;429;EXCHANGE_LAST;;1;1;XEUR;11820389;688;
05.03.2025;12:50:10.056;FGBL SI 20250606 PS;SIMPLE_INSTRUMENT;EFS;EUR;230;128.79000000;429;EXCHANGE_LAST;;1;1;XEUR;11820389;688;
05.03.2025;12:50:20.066;FGBL SI 20250606 PS;SIMPLE_INSTRUMENT;EFS;EUR;231;128.75000000;429;EXCHANGE_LAST;;1;1;XEUR;11820389;688;
05.03.2025;12:50:45.085;FGBL SI 20250606 PS;SIMPLE_INSTRUMENT;EFS;EUR;232;128.79000000;429;EXCHANGE_LAST;;1;1;XEUR;11820389;688;
05.03.2025;12:51:20.112;FGBL SI 20250606 PS;SIMPLE_INSTRUMENT;EFS;EUR;233;128.75000000;215;EXCHANGE_LAST;;1;1;XEUR;11820389;688;
05.03.2025;12:52:55.182;FGBL SI 20250606 PS;SIMPLE_INSTRUMENT;EFS;EUR;234;128.76000000;215;EXCHANGE_LAST;;1;1;XEUR;11820389;688;
05.03.2025;12:55:05.253;FGBL SI 20250606 PS;SIMPLE_INSTRUMENT;EFS;EUR;235;128.76000000;215;EXCHANGE_LAST;;1;1;XEUR;11820389;688;
05.03.2025;12:55:24.363;FGBL SI 20250606 PS;SIMPLE_INSTRUMENT;EFS;EUR;236;128.78000000;429;EXCHANGE_LAST;;1;1;XEUR;11820389;688;
05.03.2025;12:57:06.227;FGBL SI 20250606 PS;SIMPLE_INSTRUMENT;EFS;EUR;237;128.78000000;748;EXCHANGE_LAST;;1;1;XEUR;11820389;688;
05.03.2025;12:58:03.186;FGBL.S.MAR25.JUN25.SPD;FUTURES_SPREAD;BLOCK;EUR;238;0.88000000;4428;EXCHANGE_LAST;;1;1;XEUR;72060548975427676;688;
05.03.2025;12:58:03.186;FGBL SI 20250606 PS;SIMPLE_INSTRUMENT;BLOCK;EUR;238;128.73000000;4428;PRC_DECOMP_EXCHANGE;;;;XEUR;11820389;688;EXCHANGE
05.03.2025;12:58:03.186;FGBL SI 20250306 PS;SIMPLE_INSTRUMENT;BLOCK;EUR;238;129.61000000;4428;PRC_DECOMP_EXCHANGE;;;;XEUR;11286679;688;EXCHANGE
05.03.2025;12:57:45.728;FGBL SI 20250606 PS;SIMPLE_INSTRUMENT;EFS;EUR;239;128.79000000;858;EXCHANGE_LAST;;1;1;XEUR;11820389;688;
05.03.2025;12:58:17.562;FGBL SI 20250606 PS;SIMPLE_INSTRUMENT;EFS;EUR;240;128.78000000;500;EXCHANGE_LAST;;1;1;XEUR;11820389;688;
05.03.2025;13:01:11.492;FGBL SI 20250606 PS;SIMPLE_INSTRUMENT;EFS;EUR;241;128.73000000;429;EXCHANGE_LAST;;1;1;XEUR;11820389;688;
05.03.2025;13:01:19.729;FGBL SI 20250606 PS;SIMPLE_INSTRUMENT;BLOCK;EUR;242;128.78000000;4000;EXCHANGE_LAST;;1;1;XEUR;11820389;688;
05.03.2025;13:01:59.658;FGBL SI 20250606 PS;SIMPLE_INSTRUMENT;EFP_FIN;EUR;243;129.00000000;1087;EXCHANGE_LAST;;1;1;XEUR;11820389;688;
05.03.2025;13:02:11.529;FGBL SI 20250606 PS;SIMPLE_INSTRUMENT;EFS;EUR;244;128.71000000;429;EXCHANGE_LAST;;1;1;XEUR;11820389;688;
05.03.2025;13:03:17.578;FGBL SI 20250606 PS;SIMPLE_INSTRUMENT;EFS;EUR;246;128.71000000;507;EXCHANGE_LAST;;1;1;XEUR;11820389;688;
05.03.2025;13:04:31.182;FGBL SI 20250606 PS;SIMPLE_INSTRUMENT;BLOCK;EUR;247;128.76000000;4659;EXCHANGE_LAST;;1;1;XEUR;11820389;688;
05.03.2025;13:06:55.860;FGBL SI 20250606 PS;SIMPLE_INSTRUMENT;EFP_FIN;EUR;248;128.84000000;486;EXCHANGE_LAST;;1;1;XEUR;11820389;688;
05.03.2025;13:06:49.443;FGBL SI 20250606 PS;SIMPLE_INSTRUMENT;EFS;EUR;249;128.72000000;429;EXCHANGE_LAST;;1;1;XEUR;11820389;688;
05.03.2025;13:07:51.267;FGBL SI 20250606 PS;SIMPLE_INSTRUMENT;EFP_FIN;EUR;250;128.80000000;86;EXCHANGE_LAST;;1;1;XEUR;11820389;688;
05.03.2025;13:10:12.865;FGBL SI 20250606 PS;SIMPLE_INSTRUMENT;EFS;EUR;251;128.71000000;215;EXCHANGE_LAST;;1;1;XEUR;11820389;688;
05.03.2025;13:12:17.208;FGBL SI 20250606 PS;SIMPLE_INSTRUMENT;EFS;EUR;252;128.72000000;429;EXCHANGE_LAST;;1;1;XEUR;11820389;688;
05.03.2025;13:12:37.111;FGBL SI 20250606 PS;SIMPLE_INSTRUMENT;EFS;EUR;253;128.72000000;999;EXCHANGE_LAST;;1;1;XEUR;11820389;688;
05.03.2025;13:16:53.725;FGBL SI 20250606 PS;SIMPLE_INSTRUMENT;EFS;EUR;254;128.68000000;327;EXCHANGE_LAST;;1;1;XEUR;11820389;688;
05.03.2025;13:16:58.113;FGBL SI 20250606 PS;SIMPLE_INSTRUMENT;EFS;EUR;255;128.72000000;429;EXCHANGE_LAST;;1;1;XEUR;11820389;688;
05.03.2025;13:17:15.590;FGBL SI 20250606 PS;SIMPLE_INSTRUMENT;EFP_FIN;EUR;256;128.67000000;155;EXCHANGE_LAST;;1;1;XEUR;11820389;688;
05.03.2025;13:17:25.042;FGBL SI 20250606 PS;SIMPLE_INSTRUMENT;EFS;EUR;257;128.72000000;1401;EXCHANGE_LAST;;1;1;XEUR;11820389;688;
05.03.2025;13:17:52.724;FGBL SI 20250606 PS;SIMPLE_INSTRUMENT;EFS;EUR;258;128.70000000;243;EXCHANGE_LAST;;1;1;XEUR;11820389;688;
05.03.2025;13:18:41.771;FGBL SI 20250606 PS;SIMPLE_INSTRUMENT;EFS;EUR;259;128.73000000;701;EXCHANGE_LAST;;1;1;XEUR;11820389;688;
05.03.2025;13:19:24.092;FGBL SI 20250606 PS;SIMPLE_INSTRUMENT;EFS;EUR;260;128.89000000;140;EXCHANGE_LAST;;1;1;XEUR;11820389;688;
05.03.2025;13:20:01.301;FGBL SI 20250606 PS;SIMPLE_INSTRUMENT;EFS;EUR;261;128.76000000;329;EXCHANGE_LAST;;1;1;XEUR;11820389;688;
05.03.2025;13:21:12.491;FGBL SI 20250606 PS;SIMPLE_INSTRUMENT;EFS;EUR;262;128.80000000;429;EXCHANGE_LAST;;1;1;XEUR;11820389;688;
05.03.2025;13:21:53.720;FGBL SI 20250606 PS;SIMPLE_INSTRUMENT;EFS;EUR;263;128.73000000;933;EXCHANGE_LAST;;1;1;XEUR;11820389;688;
05.03.2025;13:22:46.529;FGBL SI 20250606 PS;SIMPLE_INSTRUMENT;EFP_FIN;EUR;264;128.73000000;90;EXCHANGE_LAST;;1;1;XEUR;11820389;688;
05.03.2025;13:23:02.869;FGBL SI 20250606 PS;SIMPLE_INSTRUMENT;EFS;EUR;265;128.80000000;429;EXCHANGE_LAST;;1;1;XEUR;11820389;688;
05.03.2025;13:24:09.391;FGBL SI 20250606 PS;SIMPLE_INSTRUMENT;EFS;EUR;266;128.71000000;429;EXCHANGE_LAST;;1;1;XEUR;11820389;688;
05.03.2025;13:25:19.438;FGBL SI 20250606 PS;SIMPLE_INSTRUMENT;EFS;EUR;267;128.74000000;644;EXCHANGE_LAST;;1;1;XEUR;11820389;688;
05.03.2025;13:27:34.531;FGBL SI 20250606 PS;SIMPLE_INSTRUMENT;EFS;EUR;268;128.79000000;429;EXCHANGE_LAST;;1;1;XEUR;11820389;688;
05.03.2025;13:27:39.536;FGBL SI 20250606 PS;SIMPLE_INSTRUMENT;EFS;EUR;269;128.74000000;429;EXCHANGE_LAST;;1;1;XEUR;11820389;688;
05.03.2025;13:27:45.964;FGBL SI 20250606 PS;SIMPLE_INSTRUMENT;EFS;EUR;270;128.80000000;429;EXCHANGE_LAST;;1;1;XEUR;11820389;688;
05.03.2025;13:28:53.455;FGBL SI 20250606 PS;SIMPLE_INSTRUMENT;EFS;EUR;271;128.73000000;1997;EXCHANGE_LAST;;1;1;XEUR;11820389;688;
05.03.2025;13:29:13.087;FGBL SI 20250606 PS;SIMPLE_INSTRUMENT;EFS;EUR;272;128.80000000;429;EXCHANGE_LAST;;1;1;XEUR;11820389;688;
05.03.2025;13:31:04.660;FGBL SI 20250606 PS;SIMPLE_INSTRUMENT;EFS;EUR;273;128.81000000;215;EXCHANGE_LAST;;1;1;XEUR;11820389;688;
05.03.2025;13:31:08.233;FGBL SI 20250606 PS;SIMPLE_INSTRUMENT;EFP_FIN;EUR;274;129.12000000;498;EXCHANGE_LAST;;1;1;XEUR;11820389;688;
05.03.2025;13:32:46.881;FGBL SI 20250606 PS;SIMPLE_INSTRUMENT;EFS;EUR;275;128.80000000;499;EXCHANGE_LAST;;1;1;XEUR;11820389;688;
05.03.2025;13:32:59.753;FGBL SI 20250606 PS;SIMPLE_INSTRUMENT;EFS;EUR;276;128.81000000;429;EXCHANGE_LAST;;1;1;XEUR;11820389;688;
05.03.2025;13:34:08.445;FGBL SI 20250606 PS;SIMPLE_INSTRUMENT;EFS;EUR;277;128.67000000;2492;EXCHANGE_LAST;;1;1;XEUR;11820389;688;
05.03.2025;13:34:39.836;FGBL SI 20250606 PS;SIMPLE_INSTRUMENT;EFS;EUR;278;128.88000000;214;EXCHANGE_LAST;;1;1;XEUR;11820389;688;
05.03.2025;13:36:45.297;FGBL SI 20250606 PS;SIMPLE_INSTRUMENT;EFS;EUR;279;128.81000000;499;EXCHANGE_LAST;;1;1;XEUR;11820389;688;
05.03.2025;13:46:11.909;FGBL SI 20250606 PS;SIMPLE_INSTRUMENT;EFS;EUR;280;128.91000000;941;EXCHANGE_LAST;;1;1;XEUR;11820389;688;
05.03.2025;13:48:29.385;FGBL SI 20250606 PS;SIMPLE_INSTRUMENT;EFS;EUR;281;128.92000000;429;EXCHANGE_LAST;;1;1;XEUR;11820389;688;
05.03.2025;13:48:51.598;FGBL SI 20250606 PS;SIMPLE_INSTRUMENT;EFS;EUR;282;128.95000000;930;EXCHANGE_LAST;;1;1;XEUR;11820389;688;
05.03.2025;13:48:52.854;FGBL SI 20250606 PS;SIMPLE_INSTRUMENT;EFS;EUR;283;128.99000000;226;EXCHANGE_LAST;;1;1;XEUR;11820389;688;
05.03.2025;13:53:15.671;FGBL SI 20250606 PS;SIMPLE_INSTRUMENT;EFS;EUR;284;128.93000000;139;EXCHANGE_LAST;;1;1;XEUR;11820389;688;
05.03.2025;13:53:39.820;FGBL SI 20250606 PS;SIMPLE_INSTRUMENT;EFS;EUR;285;128.95000000;931;EXCHANGE_LAST;;1;1;XEUR;11820389;688;
05.03.2025;13:55:29.827;FGBL SI 20250606 PS;SIMPLE_INSTRUMENT;EFS;EUR;286;128.99000000;465;EXCHANGE_LAST;;1;1;XEUR;11820389;688;
05.03.2025;13:59:51.510;FGBL SI 20250606 PS;SIMPLE_INSTRUMENT;EFS;EUR;287;128.94000000;1587;EXCHANGE_LAST;;1;1;XEUR;11820389;688;
05.03.2025;14:00:45.210;FGBL SI 20250606 PS;SIMPLE_INSTRUMENT;EFS;EUR;288;128.95000000;465;EXCHANGE_LAST;;1;1;XEUR;11820389;688;
05.03.2025;14:01:34.101;FGBL SI 20250606 PS;SIMPLE_INSTRUMENT;EFS;EUR;289;128.81000000;250;EXCHANGE_LAST;;1;1;XEUR;11820389;688;
05.03.2025;14:05:45.472;FGBL SI 20250606 PS;SIMPLE_INSTRUMENT;EFS;EUR;290;128.83000000;498;EXCHANGE_LAST;;1;1;XEUR;11820389;688;
05.03.2025;14:09:29.325;FGBL SI 20250606 PS;SIMPLE_INSTRUMENT;EFS;EUR;291;128.90000000;249;EXCHANGE_LAST;;1;1;XEUR;11820389;688;
05.03.2025;14:10:26.206;FGBL SI 20250606 PS;SIMPLE_INSTRUMENT;EFS;EUR;292;128.83000000;429;EXCHANGE_LAST;;1;1;XEUR;11820389;688;
05.03.2025;14:14:02.554;FGBL SI 20250606 PS;SIMPLE_INSTRUMENT;EFS;EUR;293;128.93000000;138;EXCHANGE_LAST;;1;1;XEUR;11820389;688;
05.03.2025;14:14:59.067;FGBL SI 20250606 PS;SIMPLE_INSTRUMENT;EFS;EUR;294;128.84000000;1995;EXCHANGE_LAST;;1;1;XEUR;11820389;688;
05.03.2025;14:15:35.432;FGBL SI 20250606 PS;SIMPLE_INSTRUMENT;EFS;EUR;295;128.79000000;233;EXCHANGE_LAST;;1;1;XEUR;11820389;688;
05.03.2025;14:18:20.040;FGBL SI 20250606 PS;SIMPLE_INSTRUMENT;EFS;EUR;296;128.92000000;612;EXCHANGE_LAST;;1;1;XEUR;11820389;688;
05.03.2025;14:19:25.736;FGBL SI 20250606 PS;SIMPLE_INSTRUMENT;EFS;EUR;297;128.82000000;200;EXCHANGE_LAST;;1;1;XEUR;11820389;688;
05.03.2025;14:20:01.627;FGBL SI 20250606 PS;SIMPLE_INSTRUMENT;EFS;EUR;298;128.76000000;172;EXCHANGE_LAST;;1;1;XEUR;11820389;688;
05.03.2025;14:20:15.411;FGBL SI 20250606 PS;SIMPLE_INSTRUMENT;EFS;EUR;299;128.84000000;748;EXCHANGE_LAST;;1;1;XEUR;11820389;688;
05.03.2025;14:20:18.473;FGBL SI 20250606 PS;SIMPLE_INSTRUMENT;EFS;EUR;300;128.84000000;748;EXCHANGE_LAST;;1;1;XEUR;11820389;688;
05.03.2025;14:22:45.018;FGBL SI 20250606 PS;SIMPLE_INSTRUMENT;EFS;EUR;301;128.82000000;984;EXCHANGE_LAST;;1;1;XEUR;11820389;688;
05.03.2025;14:26:09.342;FGBL SI 20250606 PS;SIMPLE_INSTRUMENT;EFS;EUR;302;128.79000000;429;EXCHANGE_LAST;;1;1;XEUR;11820389;688;
05.03.2025;14:26:37.926;FGBL SI 20250606 PS;SIMPLE_INSTRUMENT;EFS;EUR;303;128.69000000;429;EXCHANGE_LAST;;1;1;XEUR;11820389;688;
05.03.2025;14:27:02.945;FGBL SI 20250606 PS;SIMPLE_INSTRUMENT;EFS;EUR;304;128.68000000;429;EXCHANGE_LAST;;1;1;XEUR;11820389;688;
05.03.2025;14:27:32.970;FGBL SI 20250606 PS;SIMPLE_INSTRUMENT;EFS;EUR;305;128.69000000;429;EXCHANGE_LAST;;1;1;XEUR;11820389;688;
05.03.2025;14:34:25.091;FGBL SI 20250606 PS;SIMPLE_INSTRUMENT;EFS;EUR;306;128.85000000;233;EXCHANGE_LAST;;1;1;XEUR;11820389;688;
05.03.2025;14:34:34.037;FGBL SI 20250606 PS;SIMPLE_INSTRUMENT;EFS;EUR;307;128.85000000;233;EXCHANGE_LAST;;1;1;XEUR;11820389;688;
05.03.2025;14:36:49.096;FGBL SI 20250606 PS;SIMPLE_INSTRUMENT;EFS;EUR;308;128.71000000;429;EXCHANGE_LAST;;1;1;XEUR;11820389;688;
05.03.2025;14:37:59.962;FGBL SI 20250606 PS;SIMPLE_INSTRUMENT;EFS;EUR;309;128.67000000;697;EXCHANGE_LAST;;1;1;XEUR;11820389;688;
05.03.2025;14:46:54.723;FGBL SI 20250606 PS;SIMPLE_INSTRUMENT;EFS;EUR;310;128.59000000;429;EXCHANGE_LAST;;1;1;XEUR;11820389;688;
