#Date;TrdTime;Contract;ContractType;TrdTyp;Currency;TesId;Prc;Qty;TrdInd;Aggressor;Buy;Sell;Exch;InstrumentId;RelatedProdId;PrcDecomp
19.11.2024;15:56:13.829;A2LV SI 20251219 CS;SIMPLE_INSTRUMENT;BLOCK;EUR;75;15.00000000;125;EXCHANGE_LAST;;1;2;XEUR;3681050;12;
19.11.2024;12:15:34.088;ABBN SI 20241220 PS AM C 50.00 0;SIMPLE_INSTRUMENT;BLOCK;CHF;25;0.71000000;1000;EXCHANGE_LAST;;1;1;XEUR;10457908;574517;
19.11.2024;12:15:52.107;ABBN SI 20250620 PS AM P 46.00 0;SIMPLE_INSTRUMENT;BLOCK;CHF;26;2.54000000;2000;EXCHANGE_LAST;;1;1;XEUR;11409722;574517;
19.11.2024;11:26:10.735;ADEN.O.241119.STG.000002;STANDARD_OPTION_STRATEGY;BLOCK;CHF;19;3.43000000;3000;EXCHANGE_LAST;;2;1;XEUR;72057783016514555;44;
19.11.2024;11:26:10.735;ADEN SI 20250620 PS AM C 24.00 0;SIMPLE_INSTRUMENT;BLOCK;CHF;19;1.46000000;3000;PRC_DECOMP_EXCHANGE;;;;XEUR;7897565;44;EXCHANGE
19.11.2024;11:26:10.735;ADEN SI 20250620 PS AM P 22.00 0;SIMPLE_INSTRUMENT;BLOCK;CHF;19;1.97000000;3000;PRC_DECOMP_EXCHANGE;;;;XEUR;11347907;44;EXCHANGE
19.11.2024;15:17:35.888;ADS.O.241119.CDIA.000005;STANDARD_OPTION_STRATEGY;BLOCK;EUR;12;4.29000000;250;EXCHANGE_LAST;;1;1;XEUR;72057808786331071;50;
19.11.2024;15:17:35.888;ADS SI 20250117 PS AM C 215.00 0;SIMPLE_INSTRUMENT;BLOCK;EUR;12;7.83000000;250;PRC_DECOMP_EXCHANGE;;;;XEUR;12067144;50;EXCHANGE
19.11.2024;15:17:35.888;ADS SI 20241220 PS AM C 220.00 0;SIMPLE_INSTRUMENT;BLOCK;EUR;12;3.54000000;250;PRC_DECOMP_EXCHANGE;;;;XEUR;10394188;50;EXCHANGE
19.11.2024;08:36:32.472;AFX SI 20250321 PS AM P 42.00 0;SIMPLE_INSTRUMENT;BLOCK;EUR;1;0.65000000;206;EXCHANGE_LAST;;1;1;XEUR;11253117;56;
19.11.2024;08:36:53.551;AFX SI 20250221 PS AM P 44.00 0;SIMPLE_INSTRUMENT;BLOCK;EUR;2;0.65000000;227;EXCHANGE_LAST;;1;1;XEUR;12237398;56;
19.11.2024;12:18:47.803;AFX SI 20250919 PS AM P 56.00 0;SIMPLE_INSTRUMENT;BLOCK;EUR;7;6.91000000;300;EXCHANGE_LAST;;1;1;XEUR;11870683;56;
19.11.2024;09:42:52.301;ALV SI 20251219 PS AM P 260.00 0;SIMPLE_INSTRUMENT;BLOCK;EUR;5;11.35000000;300;EXCHANGE_LAST;;1;1;XEUR;10976920;74;
19.11.2024;14:05:20.729;ALV SI 20251219 PS AM C 300.00 0;SIMPLE_INSTRUMENT;BLOCK;EUR;8;12.50000000;300;EXCHANGE_LAST;;1;1;XEUR;11786629;74;
19.11.2024;15:02:55.596;ALV.O.241119.BLT.000016;STANDARD_OPTION_STRATEGY;BLOCK;EUR;9;1.81000000;750;EXCHANGE_LAST;;1;1;XEUR;72057911865566477;74;
19.11.2024;15:02:55.596;ALV SI 20250117 PS AM C 270.00 0;SIMPLE_INSTRUMENT;BLOCK;EUR;9;17.65000000;750;PRC_DECOMP_EXCHANGE;;;;XEUR;12067871;74;EXCHANGE
19.11.2024;15:02:55.596;ALV SI 20241220 PS AM C 270.00 0;SIMPLE_INSTRUMENT;BLOCK;EUR;9;15.84000000;750;PRC_DECOMP_EXCHANGE;;;;XEUR;10481689;74;EXCHANGE
19.11.2024;11:39:07.148;AMS SI 20250321 PS AM P 5.00 0;SIMPLE_INSTRUMENT;BLOCK;CHF;20;0.61000000;500;EXCHANGE_LAST;;1;1;XEUR;12296734;10807;
19.11.2024;11:54:17.251;AMS SI 20250321 PS AM C 6.00 0;SIMPLE_INSTRUMENT;BLOCK;CHF;22;0.87000000;500;EXCHANGE_LAST;;1;1;XEUR;11997691;10807;
19.11.2024;16:25:42.568;AOM SI 20250321 PS AM P 19.00 0;SIMPLE_INSTRUMENT;BLOCK;EUR;42;0.72000000;250;EXCHANGE_LAST;;1;1;XEUR;11249142;88;
19.11.2024;12:01:45.778;ARG SI 20250117 PS AM P 440.00 0;SIMPLE_INSTRUMENT;BLOCK;EUR;1;5.80000000;100;EXCHANGE_LAST;;1;1;XEUR;12104783;355435;
19.11.2024;15:00:28.188;ASM.O.241119.BRT.000011;STANDARD_OPTION_STRATEGY;BLOCK;EUR;17;24.80000000;150;EXCHANGE_LAST;;1;1;XEUR;72058053599445082;107;
19.11.2024;15:00:28.188;ASM SI 20250321 PS AM P 640.00 0;SIMPLE_INSTRUMENT;BLOCK;EUR;17;56.71000000;150;PRC_DECOMP_EXCHANGE;;;;XEUR;10830146;107;EXCHANGE
19.11.2024;15:00:28.188;ASM SI 20241220 PS AM P 640.00 0;SIMPLE_INSTRUMENT;BLOCK;EUR;17;31.91000000;150;PRC_DECOMP_EXCHANGE;;;;XEUR;5892234;107;EXCHANGE
19.11.2024;16:40:13.934;ASM SI 20250321 PS AM C 680.00 0;SIMPLE_INSTRUMENT;BLOCK;EUR;19;32.99000000;150;EXCHANGE_LAST;;1;1;XEUR;10830149;107;
19.11.2024;10:51:28.913;AXA SI 20250919 PS AM P 28.00 0;SIMPLE_INSTRUMENT;BLOCK;EUR;15;0.94000000;1250;EXCHANGE_LAST;;1;1;XEUR;11872447;127;
19.11.2024;14:00:29.668;AXA SI 20241220 PS AM P 30.00 0;SIMPLE_INSTRUMENT;BLOCK;EUR;26;0.20000000;2000;EXCHANGE_LAST;;1;1;XEUR;9106592;127;
19.11.2024;09:31:15.553;B2AS SI 20251219 CS;SIMPLE_INSTRUMENT;BLOCK;EUR;4;2.21500000;100;EXCHANGE_LAST;;1;1;XEUR;3681119;140;
19.11.2024;11:10:31.491;B2MW SI 20251219 CS;SIMPLE_INSTRUMENT;BLOCK;EUR;17;3.77000000;150;EXCHANGE_LAST;;1;1;XEUR;3681121;128;
19.11.2024;10:00:40.268;B2NP SI 20251219 CS;SIMPLE_INSTRUMENT;BLOCK;EUR;7;4.82000000;300;EXCHANGE_LAST;;3;2;XEUR;5914355;131;
19.11.2024;10:30:45.041;B2NP SI 20251219 CS;SIMPLE_INSTRUMENT;BLOCK;EUR;11;4.82000000;100;EXCHANGE_LAST;;1;1;XEUR;5914355;131;
19.11.2024;10:45:59.547;B2NP SI 20251219 CS;SIMPLE_INSTRUMENT;BLOCK;EUR;13;4.83000000;100;EXCHANGE_LAST;;1;1;XEUR;5914355;131;
19.11.2024;10:55:50.356;B2NP SI 20261218 CS;SIMPLE_INSTRUMENT;BLOCK;EUR;14;4.30000000;50;EXCHANGE_LAST;;1;1;XEUR;6798320;131;
19.11.2024;11:14:42.626;B2NP SI 20261218 CS;SIMPLE_INSTRUMENT;BLOCK;EUR;15;4.31000000;150;EXCHANGE_LAST;;1;1;XEUR;6798320;131;
19.11.2024;11:40:30.860;B2NP SI 20261218 CS;SIMPLE_INSTRUMENT;BLOCK;EUR;21;4.33500000;350;EXCHANGE_LAST;;1;1;XEUR;6798320;131;
19.11.2024;14:30:23.253;B2NP SI 20261218 CS;SIMPLE_INSTRUMENT;BLOCK;EUR;39;4.31000000;200;EXCHANGE_LAST;;1;1;XEUR;6798320;131;
19.11.2024;14:37:49.535;B2NP SI 20261218 CS;SIMPLE_INSTRUMENT;BLOCK;EUR;40;4.29000000;150;EXCHANGE_LAST;;1;1;XEUR;6798320;131;
19.11.2024;16:12:25.807;B2NP SI 20261218 CS;SIMPLE_INSTRUMENT;BLOCK;EUR;76;4.30000000;250;EXCHANGE_LAST;;3;1;XEUR;6798320;131;
19.11.2024;16:11:58.285;B2NP SI 20251219 CS;SIMPLE_INSTRUMENT;BLOCK;EUR;78;4.86000000;100;EXCHANGE_LAST;;1;1;XEUR;5914355;131;
19.11.2024;16:24:53.331;B2NP SI 20261218 CS;SIMPLE_INSTRUMENT;BLOCK;EUR;79;4.30000000;50;EXCHANGE_LAST;;1;1;XEUR;6798320;131;
19.11.2024;16:35:59.265;B2NP SI 20251219 CS;SIMPLE_INSTRUMENT;BLOCK;EUR;91;4.88000000;100;EXCHANGE_LAST;;1;2;XEUR;5914355;131;
19.11.2024;16:45:15.185;B2NP SI 20251219 CS;SIMPLE_INSTRUMENT;BLOCK;EUR;95;4.92000000;500;EXCHANGE_LAST;;1;1;XEUR;5914355;131;
19.11.2024;16:55:17.209;B2NP SI 20251219 CS;SIMPLE_INSTRUMENT;BLOCK;EUR;98;4.92000000;200;EXCHANGE_LAST;;1;1;XEUR;5914355;131;
19.11.2024;10:42:42.561;B3BV SI 20271217 CS;SIMPLE_INSTRUMENT;BLOCK;EUR;10;0.63500000;500;EXCHANGE_LAST;;1;1;XEUR;8372402;135;
19.11.2024;11:15:26.171;BARN.O.241119.STG.000003;STANDARD_OPTION_STRATEGY;BLOCK;CHF;17;212.50000000;300;EXCHANGE_LAST;;1;1;XEUR;72058233988061120;149;
19.11.2024;11:15:26.171;BARN SI 20251219 PS AM C 1360.00 0;SIMPLE_INSTRUMENT;BLOCK;CHF;17;96.65000000;300;PRC_DECOMP_EXCHANGE;;;;XEUR;10396369;149;EXCHANGE
19.11.2024;11:15:26.171;BARN SI 20251219 PS AM P 1280.00 0;SIMPLE_INSTRUMENT;BLOCK;CHF;17;115.85000000;300;PRC_DECOMP_EXCHANGE;;;;XEUR;10396366;149;EXCHANGE
19.11.2024;12:31:08.910;BAS SI 20241206 PS AM C 44.00 0;SIMPLE_INSTRUMENT;BLOCK;EUR;5;0.40000000;1690;EXCHANGE_LAST;;1;1;XEUR;12139096;150;
19.11.2024;12:37:58.010;BAS SI 20241129 PS AM C 43.50 0;SIMPLE_INSTRUMENT;BLOCK;EUR;6;0.38000000;2426;EXCHANGE_LAST;;1;1;XEUR;12068764;150;
19.11.2024;14:29:45.330;BAS.N.241119.000026;NON_STANDARD_OPTION_STRATEGY;BLOCK;EUR;9;1.90000000;400;EXCHANGE_LAST;;1;1;XEUR;72058238283089682;150;
19.11.2024;14:29:45.330;BAS SI 20251219 PS AM P 28.00 0;SIMPLE_INSTRUMENT;BLOCK;EUR;9;0.62000000;1600;PRC_DECOMP_EXCHANGE;;;;XEUR;7956388;150;EXCHANGE
19.11.2024;14:29:45.330;BAS SI 20241220 PS AM P 40.00 0;SIMPLE_INSTRUMENT;BLOCK;EUR;9;0.58000000;400;PRC_DECOMP_EXCHANGE;;;;XEUR;4705206;150;EXCHANGE
19.11.2024;15:59:49.092;BAS SI 20241220 PS AM P 40.00 0;SIMPLE_INSTRUMENT;BLOCK;EUR;12;0.50000000;990;EXCHANGE_LAST;;1;1;XEUR;4705206;150;
19.11.2024;10:30:10.920;BASE SI 20270618 PS EU P 52.00 0;SIMPLE_INSTRUMENT;BLOCK;EUR;2;13.62000000;2000;EXCHANGE_LAST;;1;1;XEUR;11350734;151;
19.11.2024;10:15:40.924;BASG SI 20241220 CS;SIMPLE_INSTRUMENT;BLOCK;EUR;9;42.30030000;450;EXCHANGE_LAST;;1;1;XEUR;7032007;171;
19.11.2024;10:05:50.603;BASP SI 20241220 PS;SIMPLE_INSTRUMENT;BLOCK;EUR;8;42.33600000;2500;EXCHANGE_LAST;;1;1;XEUR;7052668;124296;
19.11.2024;10:01:22.561;BAY SI 20281215 PS AM P 16.00 0;SIMPLE_INSTRUMENT;BLOCK;EUR;1;3.16000000;1000;EXCHANGE_LAST;;1;1;XEUR;10397266;168;
19.11.2024;11:15:59.689;BAY SI 20250919 PS AM C 33.00 0;SIMPLE_INSTRUMENT;BLOCK;EUR;4;0.38000000;1500;EXCHANGE_LAST;;1;1;XEUR;11992376;168;
19.11.2024;15:23:25.672;BAY.O.241119.STG.000039;STANDARD_OPTION_STRATEGY;BLOCK;EUR;10;2.18000000;2500;EXCHANGE_LAST;;1;1;XEUR;72058315592506248;168;
19.11.2024;15:23:25.672;BAY SI 20250321 PS AM C 22.00 0;SIMPLE_INSTRUMENT;BLOCK;EUR;10;1.03000000;2500;PRC_DECOMP_EXCHANGE;;;;XEUR;10831445;168;EXCHANGE
19.11.2024;15:23:25.672;BAY SI 20250321 PS AM P 19.00 0;SIMPLE_INSTRUMENT;BLOCK;EUR;10;1.15000000;2500;PRC_DECOMP_EXCHANGE;;;;XEUR;10831451;168;EXCHANGE
19.11.2024;16:41:55.073;BAY SI 20251219 PS AM C 22.00 0;SIMPLE_INSTRUMENT;BLOCK;EUR;13;2.44000000;1000;EXCHANGE_LAST;;1;1;XEUR;12231598;168;
19.11.2024;08:14:06.028;BMW SI 20241129 PS AM C 71.00 0;SIMPLE_INSTRUMENT;BLOCK;EUR;1;0.65000000;840;EXCHANGE_LAST;;1;1;XEUR;12070011;210;
19.11.2024;14:49:52.937;BMW SI 20241220 PS AM C 74.00 0;SIMPLE_INSTRUMENT;BLOCK;EUR;14;0.40000000;600;EXCHANGE_LAST;;1;1;XEUR;11838715;210;
19.11.2024;10:18:43.754;BNP SI 20251219 PS AM P 56.00 0;SIMPLE_INSTRUMENT;BLOCK;EUR;8;5.70000000;2000;EXCHANGE_LAST;;1;1;XEUR;5923366;237;
19.11.2024;10:18:44.345;BNP SI 20251219 PS AM C 56.00 0;SIMPLE_INSTRUMENT;BLOCK;EUR;9;6.70000000;2000;EXCHANGE_LAST;;1;1;XEUR;5923365;237;
19.11.2024;11:08:33.118;BNP.O.241119.BR23.000003;STANDARD_OPTION_STRATEGY;BLOCK;EUR;17;-9.48000000;1000;EXCHANGE_LAST;;1;2;XEUR;72058611945198540;237;
19.11.2024;11:08:33.118;BNP SI 20281215 PS AM P 56.00 0;SIMPLE_INSTRUMENT;BLOCK;EUR;17;13.08000000;2000;PRC_DECOMP_EXCHANGE;;;;XEUR;10398960;237;EXCHANGE
19.11.2024;11:08:33.118;BNP SI 20281215 PS AM P 40.00 0;SIMPLE_INSTRUMENT;BLOCK;EUR;17;5.56000000;3000;PRC_DECOMP_EXCHANGE;;;;XEUR;10398940;237;EXCHANGE
19.11.2024;16:04:41.088;BNR.O.241119.STG.000001;STANDARD_OPTION_STRATEGY;BLOCK;EUR;11;5.75000000;400;EXCHANGE_LAST;;1;1;XEUR;72058603355245530;235;
19.11.2024;16:04:41.088;BNR SI 20250221 PS AM P 58.00 0;SIMPLE_INSTRUMENT;BLOCK;EUR;11;3.13000000;400;PRC_DECOMP_EXCHANGE;;;;XEUR;12240280;235;EXCHANGE
19.11.2024;16:04:41.088;BNR SI 20250221 PS AM C 60.00 0;SIMPLE_INSTRUMENT;BLOCK;EUR;11;2.62000000;400;PRC_DECOMP_EXCHANGE;;;;XEUR;12240278;235;EXCHANGE
19.11.2024;09:10:32.381;BOSS.O.241119.PDIA.000002;STANDARD_OPTION_STRATEGY;BLOCK;EUR;1;0.12000000;300;EXCHANGE_LAST;;1;1;XEUR;72058581880418433;230;
19.11.2024;09:10:32.381;BOSS SI 20241220 PS AM P 44.00 0;SIMPLE_INSTRUMENT;BLOCK;EUR;1;3.95000000;300;PRC_DECOMP_EXCHANGE;;;;XEUR;4640464;230;EXCHANGE
19.11.2024;09:10:32.381;BOSS SI 20250620 PS AM P 40.00 0;SIMPLE_INSTRUMENT;BLOCK;EUR;1;4.07000000;300;PRC_DECOMP_EXCHANGE;;;;XEUR;7899972;230;EXCHANGE
19.11.2024;11:23:38.213;BSI SI 20250919 PS AM C 120.00 0;SIMPLE_INSTRUMENT;BLOCK;EUR;7;12.75000000;250;EXCHANGE_LAST;;1;1;XEUR;11912092;76317;
19.11.2024;16:24:38.250;BYG.O.241119.BLT.000001;STANDARD_OPTION_STRATEGY;BLOCK;EUR;41;0.93000000;1000;EXCHANGE_LAST;;1;1;XEUR;72058796628777070;280;
19.11.2024;16:24:38.250;BYG SI 20251219 PS AM C 32.00 0;SIMPLE_INSTRUMENT;BLOCK;EUR;41;1.02000000;1000;PRC_DECOMP_EXCHANGE;;;;XEUR;5924171;280;EXCHANGE
19.11.2024;16:24:38.250;BYG SI 20241220 PS AM C 32.00 0;SIMPLE_INSTRUMENT;BLOCK;EUR;41;0.09000000;1000;PRC_DECOMP_EXCHANGE;;;;XEUR;4640965;280;EXCHANGE
19.11.2024;16:51:13.213;BYG SI 20250919 PS AM P 26.00 0;SIMPLE_INSTRUMENT;BLOCK;EUR;45;1.28000000;600;EXCHANGE_LAST;;1;1;XEUR;11875925;280;
19.11.2024;14:36:33.485;C4RI SI 20251219 CS;SIMPLE_INSTRUMENT;BLOCK;EUR;37;2.75500000;100;EXCHANGE_LAST;;1;1;XEUR;5914459;50862;
19.11.2024;10:10:09.855;CBK SI 20250919 PS AM P 14.00 0;SIMPLE_INSTRUMENT;BLOCK;EUR;2;1.06000000;2000;EXCHANGE_LAST;;1;1;XEUR;11875743;268;
19.11.2024;12:14:20.083;CBK.O.241119.STD.000012;STANDARD_OPTION_STRATEGY;BLOCK;EUR;6;4.45000000;4000;EXCHANGE_LAST;;1;1;XEUR;72058745089201687;268;
19.11.2024;12:14:20.083;CBK SI 20251219 PS AM P 18.00 0;SIMPLE_INSTRUMENT;BLOCK;EUR;6;3.23000000;4000;PRC_DECOMP_EXCHANGE;;;;XEUR;8883149;268;EXCHANGE
19.11.2024;12:14:20.083;CBK SI 20251219 PS AM C 18.00 0;SIMPLE_INSTRUMENT;BLOCK;EUR;6;1.22000000;4000;PRC_DECOMP_EXCHANGE;;;;XEUR;8883156;268;EXCHANGE
19.11.2024;14:21:26.239;CBK SI 20241220 PS AM C 16.60 0;SIMPLE_INSTRUMENT;BLOCK;EUR;11;0.29000000;2900;EXCHANGE_LAST;;1;1;XEUR;11621481;268;
19.11.2024;12:47:08.227;CFRL SI 20241220 CS;SIMPLE_INSTRUMENT;BLOCK;CHF;28;119.13900000;2000;EXCHANGE_LAST;;1;1;XEUR;10093261;729453;
19.11.2024;15:39:37.791;CGM SI 20260619 PS AM P 140.00 0;SIMPLE_INSTRUMENT;BLOCK;EUR;31;13.95000000;200;EXCHANGE_LAST;;1;1;XEUR;9543081;317;
19.11.2024;12:31:40.509;COT SI 20250620 PS AM P 240.00 0;SIMPLE_INSTRUMENT;BLOCK;CHF;30;15.05000000;75;EXCHANGE_LAST;;1;1;XEUR;9587773;199899;
19.11.2024;11:19:40.766;CRI5 SI 20250918 PS AM P 32.00 0;SIMPLE_INSTRUMENT;BLOCK;EUR;5;1.76000000;2000;EXCHANGE_LAST;;1;1;XEUR;11863124;320;
19.11.2024;12:14:58.029;CRI5.O.241119.STD.000001;STANDARD_OPTION_STRATEGY;BLOCK;EUR;11;9.71000000;1600;EXCHANGE_LAST;;1;1;XEUR;72058968427474603;320;
19.11.2024;12:14:58.029;CRI5 SI 20251218 PS AM C 40.00 0;SIMPLE_INSTRUMENT;BLOCK;EUR;11;3.57750000;1600;PRC_DECOMP_EXCHANGE;;;;XEUR;9675503;320;EXCHANGE
19.11.2024;12:14:58.029;CRI5 SI 20251218 PS AM P 40.00 0;SIMPLE_INSTRUMENT;BLOCK;EUR;11;6.13250000;1600;PRC_DECOMP_EXCHANGE;;;;XEUR;9675496;320;EXCHANGE
19.11.2024;16:44:33.334;CSFF SI 20250321 CS;SIMPLE_INSTRUMENT;BLOCK;EUR;94;154.78000000;1000;EXCHANGE_LAST;;1;1;XEUR;10696863;332;
19.11.2024;12:11:17.679;D2PW SI 20261218 CS;SIMPLE_INSTRUMENT;BLOCK;EUR;26;1.65000000;500;EXCHANGE_LAST;;3;1;XEUR;4632317;9702;
19.11.2024;11:42:31.767;DAB SI 20241220 PS AM P 70.00 0;SIMPLE_INSTRUMENT;BLOCK;EUR;7;1.88000000;1400;EXCHANGE_LAST;;1;1;XEUR;6503208;352;
19.11.2024;13:37:28.641;DAB SI 20241220 PS AM P 64.00 0;SIMPLE_INSTRUMENT;BLOCK;EUR;10;0.61000000;500;EXCHANGE_LAST;;1;1;XEUR;6559167;352;
19.11.2024;09:58:26.269;DAI.O.241119.STG.000008;STANDARD_OPTION_STRATEGY;BLOCK;EUR;3;9.23000000;1300;EXCHANGE_LAST;;1;1;XEUR;73961106363661838;443196;
19.11.2024;09:58:26.269;DAI SI 20251219 PS AM P 52.00 0;SIMPLE_INSTRUMENT;BLOCK;EUR;3;5.94000000;1300;PRC_DECOMP_EXCHANGE;;;;XEUR;7144530;443196;EXCHANGE
19.11.2024;09:58:26.269;DAI SI 20251219 PS AM C 56.00 0;SIMPLE_INSTRUMENT;BLOCK;EUR;3;3.29000000;1300;PRC_DECOMP_EXCHANGE;;;;XEUR;7349883;443196;EXCHANGE
19.11.2024;10:09:53.888;DAI SI 20250919 PS AM P 48.00 0;SIMPLE_INSTRUMENT;BLOCK;EUR;4;3.70000000;1750;EXCHANGE_LAST;;1;2;XEUR;11925620;443196;
19.11.2024;16:16:31.999;DAIE SI 20251219 PS EU P 48.00 0;SIMPLE_INSTRUMENT;BLOCK;EUR;15;3.89000000;1000;EXCHANGE_LAST;;1;1;XEUR;7144752;443202;
19.11.2024;16:16:21.192;DAIE SI 20251219 PS EU C 68.00 0;SIMPLE_INSTRUMENT;BLOCK;EUR;16;1.01000000;1000;EXCHANGE_LAST;;1;1;XEUR;7144769;443202;
19.11.2024;10:51:56.044;DPW SI 20250620 PS AM P 32.00 0;SIMPLE_INSTRUMENT;BLOCK;EUR;4;1.43000000;1000;EXCHANGE_LAST;;1;1;XEUR;7902450;445;
19.11.2024;12:05:29.665;DPW.O.241119.STG.000007;STANDARD_OPTION_STRATEGY;BLOCK;EUR;5;2.73000000;1200;EXCHANGE_LAST;;1;1;XEUR;72059505298413973;445;
19.11.2024;12:05:29.665;DPW SI 20250321 PS AM C 36.00 0;SIMPLE_INSTRUMENT;BLOCK;EUR;5;1.48000000;1200;PRC_DECOMP_EXCHANGE;;;;XEUR;10836841;445;EXCHANGE
19.11.2024;12:05:29.665;DPW SI 20250321 PS AM P 34.00 0;SIMPLE_INSTRUMENT;BLOCK;EUR;5;1.25000000;1200;PRC_DECOMP_EXCHANGE;;;;XEUR;10836847;445;EXCHANGE
19.11.2024;12:31:51.166;DPW SI 20260619 PS AM P 28.00 0;SIMPLE_INSTRUMENT;BLOCK;EUR;8;1.57000000;1000;EXCHANGE_LAST;;1;1;XEUR;9545210;445;
19.11.2024;15:54:44.669;DPW.O.241119.COMBO.000010;STANDARD_OPTION_STRATEGY;BLOCK;EUR;16;-0.05000000;1500;EXCHANGE_LAST;;2;1;XEUR;72059505298413976;445;
19.11.2024;15:54:44.669;DPW SI 20241220 PS AM P 32.00 0;SIMPLE_INSTRUMENT;BLOCK;EUR;16;0.14000000;1500;PRC_DECOMP_EXCHANGE;;;;XEUR;4643146;445;EXCHANGE
19.11.2024;15:54:44.669;DPW SI 20241220 PS AM C 38.00 0;SIMPLE_INSTRUMENT;BLOCK;EUR;16;0.19000000;1500;PRC_DECOMP_EXCHANGE;;;;XEUR;10311167;445;EXCHANGE
19.11.2024;12:55:10.586;DTE SI 20250117 PS AM C 29.00 0;SIMPLE_INSTRUMENT;BLOCK;EUR;10;0.67000000;1500;EXCHANGE_LAST;;1;1;XEUR;12072872;424;
19.11.2024;12:55:10.707;DTE SI 20250117 PS AM C 29.00 0;SIMPLE_INSTRUMENT;BLOCK;EUR;11;0.64000000;2857;EXCHANGE_LAST;;1;1;XEUR;12072872;424;
19.11.2024;12:55:11.240;DTE SI 20250117 PS AM C 29.00 0;SIMPLE_INSTRUMENT;BLOCK;EUR;12;0.65000000;2143;EXCHANGE_LAST;;1;1;XEUR;12072872;424;
19.11.2024;14:31:38.280;DTE.O.241119.BUL.000006;STANDARD_OPTION_STRATEGY;BLOCK;EUR;13;1.25000000;2622;EXCHANGE_LAST;;1;1;XEUR;72059415104105833;424;
19.11.2024;14:31:38.280;DTE SI 20250321 PS AM C 29.00 0;SIMPLE_INSTRUMENT;BLOCK;EUR;13;0.98000000;2622;PRC_DECOMP_EXCHANGE;;;;XEUR;11523278;424;EXCHANGE
19.11.2024;14:31:38.280;DTE SI 20250321 PS AM C 27.00 0;SIMPLE_INSTRUMENT;BLOCK;EUR;13;2.23000000;2622;PRC_DECOMP_EXCHANGE;;;;XEUR;11523272;424;EXCHANGE
19.11.2024;14:32:13.246;DTE.O.241119.BUL.000006;STANDARD_OPTION_STRATEGY;BLOCK;EUR;14;1.27000000;3478;EXCHANGE_LAST;;1;1;XEUR;72059415104105833;424;
19.11.2024;14:32:13.246;DTE SI 20250321 PS AM C 29.00 0;SIMPLE_INSTRUMENT;BLOCK;EUR;14;0.96000000;3478;PRC_DECOMP_EXCHANGE;;;;XEUR;11523278;424;EXCHANGE
19.11.2024;14:32:13.246;DTE SI 20250321 PS AM C 27.00 0;SIMPLE_INSTRUMENT;BLOCK;EUR;14;2.23000000;3478;PRC_DECOMP_EXCHANGE;;;;XEUR;11523272;424;EXCHANGE
19.11.2024;16:52:38.324;DTE SI 20241220 PS AM C 25.00 0;SIMPLE_INSTRUMENT;BLOCK;EUR;19;3.73000000;3602;EXCHANGE_LAST;;1;1;XEUR;8915020;424;
19.11.2024;16:52:10.202;DTE SI 20241220 PS AM C 25.00 0;SIMPLE_INSTRUMENT;BLOCK;EUR;20;3.71000000;2198;EXCHANGE_LAST;;1;1;XEUR;8915020;424;
19.11.2024;15:32:00.952;DUFN SI 20241220 PS AM P 34.00 0;SIMPLE_INSTRUMENT;BLOCK;CHF;51;1.60000000;450;EXCHANGE_LAST;;1;1;XEUR;10402180;418;
19.11.2024;17:04:35.739;E2NT SI 20271217 CS;SIMPLE_INSTRUMENT;BLOCK;EUR;100;0.87000000;1150;EXCHANGE_LAST;;2;2;XEUR;5914575;470;
19.11.2024;14:06:24.442;E3OA SI 20261218 CS;SIMPLE_INSTRUMENT;BLOCK;EUR;35;0.52000000;600;EXCHANGE_LAST;;2;1;XEUR;6821311;49063;
19.11.2024;13:14:48.877;EAD SI 20260619 PS AM C 140.00 0;SIMPLE_INSTRUMENT;BLOCK;EUR;22;16.38000000;350;EXCHANGE_LAST;;1;1;XEUR;11013914;465;
19.11.2024;16:32:36.309;EAD SI 20241220 PS AM P 139.13 1;SIMPLE_INSTRUMENT;BLOCK;EUR;44;5.45000000;300;EXCHANGE_LAST;;1;1;XEUR;4643892;465;
19.11.2024;09:53:00.156;ENL5 SI 20250619 PS AM P 6.40 0;SIMPLE_INSTRUMENT;BLOCK;EUR;2;0.26500000;2000;EXCHANGE_LAST;;1;1;XEUR;7889837;500;
19.11.2024;10:51:29.953;ENL5 SI 20271216 PS AM P 4.80 0;SIMPLE_INSTRUMENT;BLOCK;EUR;3;0.35000000;1000;EXCHANGE_LAST;;1;1;XEUR;8765188;500;
19.11.2024;13:42:52.893;ENL5.O.241119.STG.000001;STANDARD_OPTION_STRATEGY;BLOCK;EUR;13;0.55000000;1720;EXCHANGE_LAST;;1;1;XEUR;72059741521585544;500;
19.11.2024;13:42:52.893;ENL5 SI 20250619 PS AM P 6.40 0;SIMPLE_INSTRUMENT;BLOCK;EUR;13;0.30900000;1720;PRC_DECOMP_EXCHANGE;;;;XEUR;7889837;500;EXCHANGE
19.11.2024;13:42:52.893;ENL5 SI 20250619 PS AM C 6.80 0;SIMPLE_INSTRUMENT;BLOCK;EUR;13;0.24100000;1720;PRC_DECOMP_EXCHANGE;;;;XEUR;11337927;500;EXCHANGE
19.11.2024;14:36:55.182;ENL5.O.241119.RBER.000002;STANDARD_OPTION_STRATEGY;BLOCK;EUR;15;-0.32000000;1250;EXCHANGE_LAST;;1;1;XEUR;72059741521585545;500;
19.11.2024;14:36:55.182;ENL5 SI 20251218 PS AM P 6.40 0;SIMPLE_INSTRUMENT;BLOCK;EUR;15;0.48000000;1250;PRC_DECOMP_MEMBER;;;;XEUR;5911829;500;MEMBER
19.11.2024;14:36:55.182;ENL5 SI 20251218 PS AM P 4.80 0;SIMPLE_INSTRUMENT;BLOCK;EUR;15;0.08000000;2500;PRC_DECOMP_MEMBER;;;;XEUR;6774379;500;MEMBER
19.11.2024;14:45:11.808;ENL5.O.241119.RBER.000002;STANDARD_OPTION_STRATEGY;BLOCK;EUR;16;-0.32000000;1000;EXCHANGE_LAST;;1;1;XEUR;72059741521585545;500;
19.11.2024;14:45:11.808;ENL5 SI 20251218 PS AM P 6.40 0;SIMPLE_INSTRUMENT;BLOCK;EUR;16;0.48000000;1000;PRC_DECOMP_MEMBER;;;;XEUR;5911829;500;MEMBER
19.11.2024;14:45:11.808;ENL5 SI 20251218 PS AM P 4.80 0;SIMPLE_INSTRUMENT;BLOCK;EUR;16;0.08000000;2000;PRC_DECOMP_MEMBER;;;;XEUR;6774379;500;MEMBER
19.11.2024;10:20:33.184;ENR SI 20250117 PS AM C 50.00 0;SIMPLE_INSTRUMENT;BLOCK;EUR;2;1.33000000;2000;EXCHANGE_LAST;;1;1;XEUR;12193248;298530;
19.11.2024;13:19:08.685;F3IA SI 20251219 CS;SIMPLE_INSTRUMENT;BLOCK;EUR;33;0.44000000;100;EXCHANGE_LAST;;1;1;XEUR;6633988;390387;
19.11.2024;16:43:01.936;F3IA SI 20251219 CS;SIMPLE_INSTRUMENT;BLOCK;EUR;93;0.44000000;600;EXCHANGE_LAST;;1;1;XEUR;6633988;390387;
19.11.2024;16:33:24.799;F3TE SI 20271217 CS;SIMPLE_INSTRUMENT;BLOCK;EUR;92;0.63000000;500;EXCHANGE_LAST;;1;1;XEUR;6633916;390379;
19.11.2024;08:47:14.348;FBTP SI 20241206 PS;SIMPLE_INSTRUMENT;BLOCK;EUR;1;120.79000000;2847;EXCHANGE_LAST;;1;1;XEUR;10804520;636;
19.11.2024;09:06:23.982;FBTP SI 20241206 PS;SIMPLE_INSTRUMENT;EFP_FIN;EUR;2;120.71000000;675;EXCHANGE_LAST;;1;1;XEUR;10804520;636;
19.11.2024;09:28:20.604;FBTP SI 20241206 PS;SIMPLE_INSTRUMENT;EFP_FIN;EUR;3;120.61000000;1108;EXCHANGE_LAST;;1;1;XEUR;10804520;636;
19.11.2024;10:04:49.455;FBTP SI 20241206 PS;SIMPLE_INSTRUMENT;EFP_FIN;EUR;4;120.69000000;565;EXCHANGE_LAST;;1;1;XEUR;10804520;636;
19.11.2024;10:17:17.427;FBTP SI 20241206 PS;SIMPLE_INSTRUMENT;EFP_FIN;EUR;5;120.68000000;145;EXCHANGE_LAST;;1;1;XEUR;10804520;636;
19.11.2024;10:29:41.055;FBTP SI 20241206 PS;SIMPLE_INSTRUMENT;BLOCK;EUR;6;120.65000000;446;EXCHANGE_LAST;;1;1;XEUR;10804520;636;
19.11.2024;10:42:41.290;FBTP SI 20241206 PS;SIMPLE_INSTRUMENT;EFP_FIN;EUR;7;120.48000000;270;EXCHANGE_LAST;;1;1;XEUR;10804520;636;
19.11.2024;10:42:59.291;FBTP SI 20241206 PS;SIMPLE_INSTRUMENT;EFP_FIN;EUR;8;120.48000000;71;EXCHANGE_LAST;;1;1;XEUR;10804520;636;
19.11.2024;10:58:32.909;FBTP SI 20241206 PS;SIMPLE_INSTRUMENT;EFP_FIN;EUR;10;120.58000000;670;EXCHANGE_LAST;;1;1;XEUR;10804520;636;
19.11.2024;11:30:03.550;FBTP SI 20241206 PS;SIMPLE_INSTRUMENT;BLOCK;EUR;11;120.53000000;250;EXCHANGE_LAST;;1;1;XEUR;10804520;636;
19.11.2024;12:38:15.990;FBTP SI 20241206 PS;SIMPLE_INSTRUMENT;EFP_FIN;EUR;12;120.43000000;277;EXCHANGE_LAST;;1;1;XEUR;10804520;636;
19.11.2024;12:40:10.858;FBTP SI 20241206 PS;SIMPLE_INSTRUMENT;BLOCK;EUR;13;120.55000000;281;EXCHANGE_LAST;;1;1;XEUR;10804520;636;
19.11.2024;13:29:06.742;FBTP SI 20241206 PS;SIMPLE_INSTRUMENT;EFP_FIN;EUR;14;120.48000000;99;EXCHANGE_LAST;;1;1;XEUR;10804520;636;
19.11.2024;14:37:26.450;FBTP SI 20241206 PS;SIMPLE_INSTRUMENT;BLOCK;EUR;15;120.14000000;250;EXCHANGE_LAST;;1;1;XEUR;10804520;636;
19.11.2024;15:03:40.941;FBTP SI 20241206 PS;SIMPLE_INSTRUMENT;EFP_FIN;EUR;16;120.24000000;114;EXCHANGE_LAST;;1;1;XEUR;10804520;636;
19.11.2024;16:13:08.343;FBTP SI 20241206 PS;SIMPLE_INSTRUMENT;EFP_FIN;EUR;17;120.39000000;415;EXCHANGE_LAST;;1;1;XEUR;10804520;636;
19.11.2024;09:27:38.430;FBTS SI 20241206 PS;SIMPLE_INSTRUMENT;EFP_FIN;EUR;4;107.26000000;1148;EXCHANGE_LAST;;1;1;XEUR;10804522;639;
19.11.2024;12:44:15.491;FBTS SI 20241206 PS;SIMPLE_INSTRUMENT;EFP_FIN;EUR;22;107.27000000;1121;EXCHANGE_LAST;;1;1;XEUR;10804522;639;
19.11.2024;12:51:09.320;FBTS SI 20241206 PS;SIMPLE_INSTRUMENT;EFP_FIN;EUR;24;107.21000000;750;EXCHANGE_LAST;;1;1;XEUR;10804522;639;
19.11.2024;13:33:22.205;FBTS SI 20241206 PS;SIMPLE_INSTRUMENT;EFP_FIN;EUR;27;107.24000000;641;EXCHANGE_LAST;;1;1;XEUR;10804522;639;
19.11.2024;14:00:44.694;FBTS SI 20241206 PS;SIMPLE_INSTRUMENT;BLOCK;EUR;30;107.25000000;1419;EXCHANGE_LAST;;1;1;XEUR;10804522;639;
19.11.2024;15:10:11.543;FBTS SI 20241206 PS;SIMPLE_INSTRUMENT;EFP_FIN;EUR;35;107.21000000;115;EXCHANGE_LAST;;1;1;XEUR;10804522;639;
19.11.2024;15:13:00.188;FBTS SI 20241206 PS;SIMPLE_INSTRUMENT;EFP_FIN;EUR;36;107.21000000;119;EXCHANGE_LAST;;1;1;XEUR;10804522;639;
19.11.2024;15:56:03.618;FBTS SI 20241206 PS;SIMPLE_INSTRUMENT;EFP_FIN;EUR;40;107.20000000;968;EXCHANGE_LAST;;1;1;XEUR;10804522;639;
19.11.2024;16:23:57.067;FBTS SI 20241206 PS;SIMPLE_INSTRUMENT;EFP_FIN;EUR;41;107.25000000;188;EXCHANGE_LAST;;1;1;XEUR;10804522;639;
19.11.2024;15:22:33.798;FDAX SI 20241220 CS;SIMPLE_INSTRUMENT;EFP_IDX;EUR;1;18990.00000000;100;EXCHANGE_LAST;;1;1;XEUR;7296065;589;
19.11.2024;15:32:28.534;FDAX SI 20241220 CS;SIMPLE_INSTRUMENT;EFP_IDX;EUR;2;19000.00000000;100;EXCHANGE_LAST;;1;1;XEUR;7296065;589;
19.11.2024;16:25:23.189;FDAX SI 20241220 CS;SIMPLE_INSTRUMENT;EFP_IDX;EUR;3;19000.00000000;200;EXCHANGE_LAST;;1;1;XEUR;7296065;589;
19.11.2024;16:44:58.508;FDAX SI 20241220 CS;SIMPLE_INSTRUMENT;EFP_IDX;EUR;4;19000.00000000;100;EXCHANGE_LAST;;1;1;XEUR;7296065;589;
19.11.2024;16:46:58.728;FDAX SI 20241220 CS;SIMPLE_INSTRUMENT;EFP_IDX;EUR;5;19120.00000000;38;EXCHANGE_LAST;;1;1;XEUR;7296065;589;
19.11.2024;16:47:05.177;FDAX SI 20241220 CS;SIMPLE_INSTRUMENT;EFP_IDX;EUR;6;19121.00000000;2;EXCHANGE_LAST;;1;1;XEUR;7296065;589;
19.11.2024;08:40:56.130;FDAX SI 20241220 CS;SIMPLE_INSTRUMENT;VOLA;EUR;671088642;19240.00000000;9;EXCHANGE_LAST;;1;1;XEUR;7296065;589;
19.11.2024;11:06:02.257;FDAX SI 20241220 CS;SIMPLE_INSTRUMENT;VOLA;EUR;671088649;19025.00000000;51;EXCHANGE_LAST;;1;1;XEUR;7296065;589;
19.11.2024;14:59:00.737;FDAX SI 20241220 CS;SIMPLE_INSTRUMENT;VOLA;EUR;671088654;18960.00000000;2;EXCHANGE_LAST;;1;1;XEUR;7296065;589;
19.11.2024;15:59:29.888;FEBD SI 20251219 CS;SIMPLE_INSTRUMENT;BLOCK;EUR;47;10.03000000;400;EXCHANGE_LAST;;1;1;XEUR;5914075;597;
19.11.2024;14:29:13.586;FEHY SI 20241220 CS;SIMPLE_INSTRUMENT;BLOCK;EUR;36;291.42000000;200;EXCHANGE_LAST;;1;1;XEUR;10921067;574047;
19.11.2024;15:53:32.947;FEHY SI 20241220 CS;SIMPLE_INSTRUMENT;BLOCK;EUR;46;292.00000000;300;EXCHANGE_LAST;;1;1;XEUR;10921067;574047;
19.11.2024;16:18:54.173;FES1 SI 20241220 PS;SIMPLE_INSTRUMENT;BLOCK;EUR;51;12.00000000;800;EXCHANGE_LAST;;1;1;XEUR;10869579;58959;
19.11.2024;09:27:19.760;FESB SI 20241220 CS;SIMPLE_INSTRUMENT;VOLA;EUR;603979780;144.50000000;360;EXCHANGE_LAST;;1;1;XEUR;10838895;605;
19.11.2024;11:56:00.846;FESB SI 20241220 CS;SIMPLE_INSTRUMENT;VOLA;EUR;603979791;142.50000000;300;EXCHANGE_LAST;;1;1;XEUR;10838895;605;
19.11.2024;15:59:36.789;FESB SI 20241220 CS;SIMPLE_INSTRUMENT;VOLA;EUR;603979832;142.45000000;1280;EXCHANGE_LAST;;1;1;XEUR;10838895;605;
19.11.2024;16:07:46.458;FESB SI 20241220 CS;SIMPLE_INSTRUMENT;VOLA;EUR;603979833;145.60000000;150;EXCHANGE_LAST;;1;1;XEUR;10838895;605;
19.11.2024;13:51:37.962;FESO SI 20241220 CS;SIMPLE_INSTRUMENT;VOLA;EUR;603979816;450.10000000;91;EXCHANGE_LAST;;1;1;XEUR;10839308;677;
19.11.2024;11:03:52.973;FESX SI 20241220 CS;SIMPLE_INSTRUMENT;EFP_IDX;EUR;1;4744.00000000;1500;EXCHANGE_LAST;;1;1;XEUR;7793479;675;
19.11.2024;13:54:42.118;FESX SI 20241220 CS;SIMPLE_INSTRUMENT;BLOCK;EUR;2;4740.00000000;3000;EXCHANGE_LAST;;1;1;XEUR;7793479;675;
19.11.2024;14:01:38.003;FESX SI 20241220 CS;SIMPLE_INSTRUMENT;BLOCK;EUR;3;4735.00000000;2000;EXCHANGE_LAST;;1;1;XEUR;7793479;675;
19.11.2024;14:03:22.736;FESX SI 20241220 CS;SIMPLE_INSTRUMENT;BLOCK;EUR;4;4735.00000000;2000;EXCHANGE_LAST;;1;1;XEUR;7793479;675;
19.11.2024;14:23:57.896;FESX SI 20241220 CS;SIMPLE_INSTRUMENT;BLOCK;EUR;5;4715.00000000;5500;EXCHANGE_LAST;;1;1;XEUR;7793479;675;
19.11.2024;15:29:15.581;FESX SI 20241220 CS;SIMPLE_INSTRUMENT;BLOCK;EUR;6;4730.00000000;2500;EXCHANGE_LAST;;1;1;XEUR;7793479;675;
19.11.2024;16:03:40.697;FESX SI 20241220 CS;SIMPLE_INSTRUMENT;BLOCK;EUR;7;4747.00000000;5000;EXCHANGE_LAST;;1;1;XEUR;7793479;675;
19.11.2024;16:26:28.093;FESX SI 20241220 CS;SIMPLE_INSTRUMENT;EFP_IDX;EUR;8;4736.00000000;1500;EXCHANGE_LAST;;1;1;XEUR;7793479;675;
19.11.2024;16:38:45.748;FESX SI 20241220 CS;SIMPLE_INSTRUMENT;EFP_IDX;EUR;9;4765.00000000;1500;EXCHANGE_LAST;;1;1;XEUR;7793479;675;
19.11.2024;16:43:03.551;FESX SI 20241220 CS;SIMPLE_INSTRUMENT;BLOCK;EUR;10;4765.00000000;2000;EXCHANGE_LAST;;1;1;XEUR;7793479;675;
19.11.2024;16:46:19.758;FESX SI 20241220 CS;SIMPLE_INSTRUMENT;EFP_IDX;EUR;11;4763.00000000;93;EXCHANGE_LAST;;1;1;XEUR;7793479;675;
19.11.2024;16:46:29.176;FESX SI 20241220 CS;SIMPLE_INSTRUMENT;EFP_IDX;EUR;12;4764.00000000;251;EXCHANGE_LAST;;1;1;XEUR;7793479;675;
19.11.2024;16:49:12.761;FESX SI 20241220 CS;SIMPLE_INSTRUMENT;EFP_IDX;EUR;13;4764.00000000;126;EXCHANGE_LAST;;1;1;XEUR;7793479;675;
19.11.2024;16:49:25.535;FESX SI 20241220 CS;SIMPLE_INSTRUMENT;EFP_IDX;EUR;14;4763.00000000;59;EXCHANGE_LAST;;1;1;XEUR;7793479;675;
19.11.2024;16:54:21.619;FESX SI 20241220 CS;SIMPLE_INSTRUMENT;EFP_IDX;EUR;15;4765.00000000;1000;EXCHANGE_LAST;;1;1;XEUR;7793479;675;
19.11.2024;09:06:55.226;FESX SI 20241220 CS;SIMPLE_INSTRUMENT;VOLA;EUR;637534213;4790.00000000;320;EXCHANGE_LAST;;1;1;XEUR;7793479;675;
19.11.2024;09:22:55.759;FESX SI 20241220 CS;SIMPLE_INSTRUMENT;VOLA;EUR;637534217;4768.00000000;31;EXCHANGE_LAST;;1;1;XEUR;7793479;675;
19.11.2024;09:30:28.071;FESX SI 20241220 CS;SIMPLE_INSTRUMENT;VOLA;EUR;637534221;4757.00000000;114;EXCHANGE_LAST;;1;1;XEUR;7793479;675;
19.11.2024;09:35:48.854;FESX SI 20241220 CS;SIMPLE_INSTRUMENT;VOLA;EUR;637534227;4750.00000000;194;EXCHANGE_LAST;;1;1;XEUR;7793479;675;
19.11.2024;09:36:33.132;FESX SI 20241220 CS;SIMPLE_INSTRUMENT;VOLA;EUR;637534228;4750.00000000;194;EXCHANGE_LAST;;1;1;XEUR;7793479;675;
19.11.2024;09:40:24.034;FESX SI 20241220 CS;SIMPLE_INSTRUMENT;VOLA;EUR;637534229;4779.00000000;16;EXCHANGE_LAST;;1;1;XEUR;7793479;675;
19.11.2024;09:40:30.129;FESX SI 20241220 CS;SIMPLE_INSTRUMENT;VOLA;EUR;637534230;4778.00000000;7;EXCHANGE_LAST;;1;1;XEUR;7793479;675;
19.11.2024;10:28:16.636;FESX SI 20241220 CS;SIMPLE_INSTRUMENT;VOLA;EUR;637534253;4740.00000000;260;EXCHANGE_LAST;;1;1;XEUR;7793479;675;
19.11.2024;10:57:13.216;FESX SI 20241220 CS;SIMPLE_INSTRUMENT;VOLA;EUR;637534268;4730.00000000;1400;EXCHANGE_LAST;;1;1;XEUR;7793479;675;
19.11.2024;10:59:44.437;FESX SI 20241220 CS;SIMPLE_INSTRUMENT;VOLA;EUR;637534271;4745.00000000;495;EXCHANGE_LAST;;1;1;XEUR;7793479;675;
19.11.2024;11:04:28.813;FESX SI 20241220 CS;SIMPLE_INSTRUMENT;VOLA;EUR;637534276;4745.00000000;10;EXCHANGE_LAST;;1;1;XEUR;7793479;675;
19.11.2024;11:16:12.428;FESX SI 20241220 CS;SIMPLE_INSTRUMENT;VOLA;EUR;637534282;4745.00000000;720;EXCHANGE_LAST;;1;1;XEUR;7793479;675;
19.11.2024;12:23:02.622;FESX SI 20241220 CS;SIMPLE_INSTRUMENT;VOLA;EUR;637534307;4740.00000000;100;EXCHANGE_LAST;;1;1;XEUR;7793479;675;
19.11.2024;13:35:05.382;FESX SI 20241220 CS;SIMPLE_INSTRUMENT;VOLA;EUR;637534328;4735.00000000;235;EXCHANGE_LAST;;1;1;XEUR;7793479;675;
19.11.2024;14:25:35.786;FESX SI 20241220 CS;SIMPLE_INSTRUMENT;VOLA;EUR;637534352;4717.00000000;60;EXCHANGE_LAST;;1;1;XEUR;7793479;675;
19.11.2024;14:28:03.541;FESX SI 20241220 CS;SIMPLE_INSTRUMENT;VOLA;EUR;637534356;4712.00000000;900;EXCHANGE_LAST;;1;1;XEUR;7793479;675;
19.11.2024;14:52:23.870;FESX SI 20241220 CS;SIMPLE_INSTRUMENT;VOLA;EUR;637534377;4724.00000000;280;EXCHANGE_LAST;;1;1;XEUR;7793479;675;
19.11.2024;15:37:09.907;FESX SI 20241220 CS;SIMPLE_INSTRUMENT;VOLA;EUR;637534402;4735.00000000;264;EXCHANGE_LAST;;1;1;XEUR;7793479;675;
19.11.2024;16:37:43.187;FESX SI 20241220 CS;SIMPLE_INSTRUMENT;VOLA;EUR;637534423;4757.00000000;150;EXCHANGE_LAST;;1;1;XEUR;7793479;675;
19.11.2024;16:40:20.072;FESX SI 20241220 CS;SIMPLE_INSTRUMENT;VOLA;EUR;637534430;4758.00000000;160;EXCHANGE_LAST;;1;1;XEUR;7793479;675;
19.11.2024;08:52:05.821;FEXD SI 20251219 CS;SIMPLE_INSTRUMENT;BLOCK;EUR;1;158.80000000;1500;EXCHANGE_LAST;;1;1;XEUR;1548120;693;
19.11.2024;09:49:06.978;FEXD SI 20251219 CS;SIMPLE_INSTRUMENT;BLOCK;EUR;7;158.10000000;300;EXCHANGE_LAST;;1;1;XEUR;1548120;693;
19.11.2024;09:50:34.913;FEXD SI 20251219 CS;SIMPLE_INSTRUMENT;BLOCK;EUR;8;158.00000000;500;EXCHANGE_LAST;;1;1;XEUR;1548120;693;
19.11.2024;10:14:20.665;FEXD SI 20251219 CS;SIMPLE_INSTRUMENT;BLOCK;EUR;11;157.90000000;450;EXCHANGE_LAST;;1;1;XEUR;1548120;693;
19.11.2024;10:30:48.878;FEXD SI 20251219 CS;SIMPLE_INSTRUMENT;BLOCK;EUR;13;157.90000000;750;EXCHANGE_LAST;;1;1;XEUR;1548120;693;
19.11.2024;10:32:19.515;FEXD SI 20251219 CS;SIMPLE_INSTRUMENT;BLOCK;EUR;15;158.00000000;250;EXCHANGE_LAST;;1;1;XEUR;1548120;693;
19.11.2024;10:33:45.173;FEXD SI 20251219 CS;SIMPLE_INSTRUMENT;BLOCK;EUR;17;158.00000000;250;EXCHANGE_LAST;;1;1;XEUR;1548120;693;
19.11.2024;10:45:39.635;FEXD SI 20251219 CS;SIMPLE_INSTRUMENT;BLOCK;EUR;18;158.00000000;250;EXCHANGE_LAST;;1;1;XEUR;1548120;693;
19.11.2024;11:03:26.829;FEXD SI 20261218 CS;SIMPLE_INSTRUMENT;BLOCK;EUR;20;151.20000000;250;EXCHANGE_LAST;;1;1;XEUR;2163053;693;
19.11.2024;11:13:47.922;FEXD SI 20261218 CS;SIMPLE_INSTRUMENT;BLOCK;EUR;21;151.20000000;350;EXCHANGE_LAST;;1;1;XEUR;2163053;693;
19.11.2024;11:14:28.642;FEXD SI 20261218 CS;SIMPLE_INSTRUMENT;BLOCK;EUR;22;151.20000000;250;EXCHANGE_LAST;;1;1;XEUR;2163053;693;
19.11.2024;13:53:25.618;FEXD.S.DEC25.DEC27.SPD;FUTURES_SPREAD;BLOCK;EUR;34;13.50000000;500;EXCHANGE_LAST;;1;1;XEUR;72060570450264152;693;
19.11.2024;13:53:25.618;FEXD SI 20271217 CS;SIMPLE_INSTRUMENT;BLOCK;EUR;34;144.50000000;500;PRC_DECOMP_MEMBER;;;;XEUR;2848338;693;MEMBER
19.11.2024;13:53:25.618;FEXD SI 20251219 CS;SIMPLE_INSTRUMENT;BLOCK;EUR;34;158.00000000;500;PRC_DECOMP_MEMBER;;;;XEUR;1548120;693;MEMBER
19.11.2024;13:56:14.462;FEXD SI 20251219 CS;SIMPLE_INSTRUMENT;BLOCK;EUR;35;158.10000000;1250;EXCHANGE_LAST;;1;1;XEUR;1548120;693;
19.11.2024;14:43:17.583;FEXD.S.DEC25.DEC27.SPD;FUTURES_SPREAD;BLOCK;EUR;37;13.50000000;300;EXCHANGE_LAST;;1;1;XEUR;72060570450264152;693;
19.11.2024;14:43:17.583;FEXD SI 20271217 CS;SIMPLE_INSTRUMENT;BLOCK;EUR;37;144.50000000;300;PRC_DECOMP_MEMBER;;;;XEUR;2848338;693;MEMBER
19.11.2024;14:43:17.583;FEXD SI 20251219 CS;SIMPLE_INSTRUMENT;BLOCK;EUR;37;158.00000000;300;PRC_DECOMP_MEMBER;;;;XEUR;1548120;693;MEMBER
19.11.2024;14:42:41.911;FEXD SI 20271217 CS;SIMPLE_INSTRUMENT;BLOCK;EUR;38;144.40000000;200;EXCHANGE_LAST;;1;1;XEUR;2848338;693;
19.11.2024;15:35:37.017;FEXD SI 20261218 CS;SIMPLE_INSTRUMENT;BLOCK;EUR;43;151.50000000;575;EXCHANGE_LAST;;1;1;XEUR;2163053;693;
19.11.2024;15:35:26.979;FEXD SI 20291221 CS;SIMPLE_INSTRUMENT;BLOCK;EUR;44;134.50000000;575;EXCHANGE_LAST;;1;1;XEUR;4631968;693;
19.11.2024;16:14:49.735;FEXD SI 20271217 CS;SIMPLE_INSTRUMENT;BLOCK;EUR;50;145.20000000;100;EXCHANGE_LAST;;1;1;XEUR;2848338;693;
19.11.2024;17:14:13.880;FEXD SI 20251219 CS;SIMPLE_INSTRUMENT;BLOCK;EUR;62;158.90000000;1000;EXCHANGE_LAST;;1;1;XEUR;1548120;693;
19.11.2024;08:06:04.137;FGBL SI 20241206 PS;SIMPLE_INSTRUMENT;EFS;EUR;1;132.27000000;435;EXCHANGE_LAST;;1;1;XEUR;10804524;688;
19.11.2024;08:15:29.453;FGBL SI 20241206 PS;SIMPLE_INSTRUMENT;EFS;EUR;2;132.29000000;435;EXCHANGE_LAST;;1;1;XEUR;10804524;688;
19.11.2024;08:17:14.516;FGBL SI 20241206 PS;SIMPLE_INSTRUMENT;EFS;EUR;3;132.29000000;217;EXCHANGE_LAST;;1;1;XEUR;10804524;688;
19.11.2024;08:17:38.440;FGBL SI 20241206 PS;SIMPLE_INSTRUMENT;EFP_FIN;EUR;4;132.28000000;775;EXCHANGE_LAST;;1;1;XEUR;10804524;688;
19.11.2024;08:17:54.547;FGBL SI 20241206 PS;SIMPLE_INSTRUMENT;EFS;EUR;5;132.39000000;435;EXCHANGE_LAST;;1;1;XEUR;10804524;688;
19.11.2024;08:18:54.585;FGBL SI 20241206 PS;SIMPLE_INSTRUMENT;EFS;EUR;6;132.36000000;435;EXCHANGE_LAST;;1;1;XEUR;10804524;688;
19.11.2024;08:25:11.843;FGBL SI 20241206 PS;SIMPLE_INSTRUMENT;EFS;EUR;7;132.42000000;489;EXCHANGE_LAST;;1;1;XEUR;10804524;688;
19.11.2024;08:25:42.126;FGBL SI 20241206 PS;SIMPLE_INSTRUMENT;EFS;EUR;8;132.46000000;388;EXCHANGE_LAST;;1;1;XEUR;10804524;688;
19.11.2024;08:26:33.650;FGBL SI 20241206 PS;SIMPLE_INSTRUMENT;EFS;EUR;9;132.45000000;78;EXCHANGE_LAST;;1;1;XEUR;10804524;688;
19.11.2024;08:29:35.627;FGBL SI 20241206 PS;SIMPLE_INSTRUMENT;EFS;EUR;10;132.43000000;265;EXCHANGE_LAST;;1;1;XEUR;10804524;688;
19.11.2024;08:30:39.705;FGBL SI 20241206 PS;SIMPLE_INSTRUMENT;EFS;EUR;11;132.40000000;277;EXCHANGE_LAST;;1;1;XEUR;10804524;688;
19.11.2024;08:32:21.140;FGBL SI 20241206 PS;SIMPLE_INSTRUMENT;EFS;EUR;12;132.43000000;435;EXCHANGE_LAST;;1;1;XEUR;10804524;688;
19.11.2024;08:33:01.170;FGBL SI 20241206 PS;SIMPLE_INSTRUMENT;EFS;EUR;13;132.43000000;217;EXCHANGE_LAST;;1;1;XEUR;10804524;688;
19.11.2024;08:33:23.132;FGBL SI 20241206 PS;SIMPLE_INSTRUMENT;EFS;EUR;14;132.42000000;120;EXCHANGE_LAST;;1;1;XEUR;10804524;688;
19.11.2024;08:33:27.199;FGBL SI 20241206 PS;SIMPLE_INSTRUMENT;EFS;EUR;15;132.40000000;434;EXCHANGE_LAST;;1;1;XEUR;10804524;688;
19.11.2024;08:34:11.169;FGBL SI 20241206 PS;SIMPLE_INSTRUMENT;EFS;EUR;16;132.43000000;217;EXCHANGE_LAST;;1;1;XEUR;10804524;688;
19.11.2024;08:34:11.221;FGBL SI 20241206 PS;SIMPLE_INSTRUMENT;EFS;EUR;17;132.43000000;434;EXCHANGE_LAST;;1;1;XEUR;10804524;688;
19.11.2024;08:34:56.036;FGBL SI 20241206 PS;SIMPLE_INSTRUMENT;EFS;EUR;18;132.43000000;217;EXCHANGE_LAST;;1;1;XEUR;10804524;688;
19.11.2024;08:36:11.309;FGBL SI 20241206 PS;SIMPLE_INSTRUMENT;EFS;EUR;19;132.54000000;434;EXCHANGE_LAST;;1;1;XEUR;10804524;688;
19.11.2024;08:36:21.317;FGBL SI 20241206 PS;SIMPLE_INSTRUMENT;EFS;EUR;20;132.43000000;217;EXCHANGE_LAST;;1;1;XEUR;10804524;688;
19.11.2024;08:38:41.426;FGBL SI 20241206 PS;SIMPLE_INSTRUMENT;EFS;EUR;21;132.54000000;434;EXCHANGE_LAST;;1;1;XEUR;10804524;688;
19.11.2024;08:39:01.871;FGBL SI 20241206 PS;SIMPLE_INSTRUMENT;EFS;EUR;22;132.40000000;88;EXCHANGE_LAST;;1;1;XEUR;10804524;688;
19.11.2024;08:39:51.331;FGBL SI 20241206 PS;SIMPLE_INSTRUMENT;EFS;EUR;23;132.64000000;217;EXCHANGE_LAST;;1;1;XEUR;10804524;688;
19.11.2024;08:42:16.704;FGBL SI 20241206 PS;SIMPLE_INSTRUMENT;EFS;EUR;24;132.48000000;1300;EXCHANGE_LAST;;1;1;XEUR;10804524;688;
19.11.2024;08:45:33.471;FGBL SI 20241206 PS;SIMPLE_INSTRUMENT;EFS;EUR;25;132.68000000;488;EXCHANGE_LAST;;1;1;XEUR;10804524;688;
19.11.2024;08:49:34.995;FGBL SI 20241206 PS;SIMPLE_INSTRUMENT;EFS;EUR;26;132.64000000;488;EXCHANGE_LAST;;1;1;XEUR;10804524;688;
19.11.2024;08:50:51.898;FGBL SI 20241206 PS;SIMPLE_INSTRUMENT;EFS;EUR;27;132.63000000;217;EXCHANGE_LAST;;1;1;XEUR;10804524;688;
19.11.2024;08:51:37.159;FGBL SI 20241206 PS;SIMPLE_INSTRUMENT;EFS;EUR;28;132.57000000;500;EXCHANGE_LAST;;1;1;XEUR;10804524;688;
19.11.2024;08:51:38.822;FGBL SI 20241206 PS;SIMPLE_INSTRUMENT;EFS;EUR;29;132.73000000;369;EXCHANGE_LAST;;1;1;XEUR;10804524;688;
19.11.2024;08:51:46.947;FGBL SI 20241206 PS;SIMPLE_INSTRUMENT;EFS;EUR;30;132.56000000;434;EXCHANGE_LAST;;1;1;XEUR;10804524;688;
19.11.2024;08:51:51.952;FGBL SI 20241206 PS;SIMPLE_INSTRUMENT;EFS;EUR;31;132.56000000;434;EXCHANGE_LAST;;1;1;XEUR;10804524;688;
19.11.2024;08:52:31.991;FGBL SI 20241206 PS;SIMPLE_INSTRUMENT;EFS;EUR;32;132.62000000;434;EXCHANGE_LAST;;1;1;XEUR;10804524;688;
19.11.2024;08:53:22.040;FGBL SI 20241206 PS;SIMPLE_INSTRUMENT;EFS;EUR;33;132.58000000;434;EXCHANGE_LAST;;1;1;XEUR;10804524;688;
19.11.2024;08:54:25.039;FGBL SI 20241206 PS;SIMPLE_INSTRUMENT;EFS;EUR;34;132.59000000;500;EXCHANGE_LAST;;1;1;XEUR;10804524;688;
19.11.2024;08:54:38.099;FGBL SI 20241206 PS;SIMPLE_INSTRUMENT;EFS;EUR;35;132.58000000;434;EXCHANGE_LAST;;1;1;XEUR;10804524;688;
19.11.2024;08:54:42.103;FGBL SI 20241206 PS;SIMPLE_INSTRUMENT;EFS;EUR;36;132.58000000;217;EXCHANGE_LAST;;1;1;XEUR;10804524;688;
19.11.2024;08:58:09.526;FGBL SI 20241206 PS;SIMPLE_INSTRUMENT;EFS;EUR;37;132.63000000;217;EXCHANGE_LAST;;1;1;XEUR;10804524;688;
19.11.2024;08:58:26.383;FGBL SI 20241206 PS;SIMPLE_INSTRUMENT;EFS;EUR;38;132.65000000;217;EXCHANGE_LAST;;1;1;XEUR;10804524;688;
19.11.2024;09:00:03.525;FGBL SI 20241206 PS;SIMPLE_INSTRUMENT;EFS;EUR;39;132.62000000;488;EXCHANGE_LAST;;1;1;XEUR;10804524;688;
19.11.2024;08:59:34.955;FGBL SI 20241206 PS;SIMPLE_INSTRUMENT;EFS;EUR;40;132.64000000;217;EXCHANGE_LAST;;1;1;XEUR;10804524;688;
19.11.2024;09:11:30.560;FGBL SI 20241206 PS;SIMPLE_INSTRUMENT;EFS;EUR;41;132.61000000;231;EXCHANGE_LAST;;1;1;XEUR;10804524;688;
19.11.2024;09:09:30.701;FGBL SI 20241206 PS;SIMPLE_INSTRUMENT;EFS;EUR;42;132.53000000;462;EXCHANGE_LAST;;1;1;XEUR;10804524;688;
19.11.2024;09:09:34.686;FGBL SI 20241206 PS;SIMPLE_INSTRUMENT;EFS;EUR;43;132.47000000;434;EXCHANGE_LAST;;1;1;XEUR;10804524;688;
19.11.2024;09:09:49.700;FGBL SI 20241206 PS;SIMPLE_INSTRUMENT;EFS;EUR;44;132.46000000;434;EXCHANGE_LAST;;1;1;XEUR;10804524;688;
19.11.2024;09:11:37.561;FGBL SI 20241206 PS;SIMPLE_INSTRUMENT;EFS;EUR;46;132.61000000;148;EXCHANGE_LAST;;1;1;XEUR;10804524;688;
19.11.2024;09:12:00.752;FGBL SI 20241206 PS;SIMPLE_INSTRUMENT;EFS;EUR;47;132.47000000;489;EXCHANGE_LAST;;1;1;XEUR;10804524;688;
19.11.2024;09:15:18.334;FGBL SI 20241206 PS;SIMPLE_INSTRUMENT;EFS;EUR;48;132.48000000;231;EXCHANGE_LAST;;1;1;XEUR;10804524;688;
19.11.2024;09:16:39.527;FGBL SI 20241206 PS;SIMPLE_INSTRUMENT;EFS;EUR;49;132.50000000;275;EXCHANGE_LAST;;1;1;XEUR;10804524;688;
19.11.2024;09:19:03.348;FGBL SI 20241206 PS;SIMPLE_INSTRUMENT;EFS;EUR;50;132.53000000;233;EXCHANGE_LAST;;1;1;XEUR;10804524;688;
19.11.2024;09:21:45.431;FGBL SI 20241206 PS;SIMPLE_INSTRUMENT;EFS;EUR;51;132.73000000;433;EXCHANGE_LAST;;1;1;XEUR;10804524;688;
19.11.2024;09:22:50.765;FGBL SI 20241206 PS;SIMPLE_INSTRUMENT;EFS;EUR;52;132.47000000;434;EXCHANGE_LAST;;1;1;XEUR;10804524;688;
19.11.2024;09:23:45.277;FGBL SI 20241206 PS;SIMPLE_INSTRUMENT;EFS;EUR;53;132.54000000;495;EXCHANGE_LAST;;1;1;XEUR;10804524;688;
19.11.2024;09:27:37.710;FGBL SI 20241206 PS;SIMPLE_INSTRUMENT;EFS;EUR;54;132.64000000;500;EXCHANGE_LAST;;1;1;XEUR;10804524;688;
19.11.2024;09:30:20.501;FGBL SI 20241206 PS;SIMPLE_INSTRUMENT;EFP_FIN;EUR;55;132.78000000;1162;EXCHANGE_LAST;;1;1;XEUR;10804524;688;
19.11.2024;09:30:42.728;FGBL SI 20241206 PS;SIMPLE_INSTRUMENT;EFS;EUR;56;132.87000000;150;EXCHANGE_LAST;;1;1;XEUR;10804524;688;
19.11.2024;09:33:19.789;FGBL SI 20241206 PS;SIMPLE_INSTRUMENT;EFP_FIN;EUR;57;132.87000000;3100;EXCHANGE_LAST;;1;1;XEUR;10804524;688;
19.11.2024;09:33:36.208;FGBL SI 20241206 PS;SIMPLE_INSTRUMENT;EFP_FIN;EUR;58;132.83000000;1162;EXCHANGE_LAST;;1;1;XEUR;10804524;688;
19.11.2024;09:34:52.793;FGBL SI 20241206 PS;SIMPLE_INSTRUMENT;EFS;EUR;59;132.91000000;462;EXCHANGE_LAST;;1;1;XEUR;10804524;688;
19.11.2024;09:36:05.189;FGBL SI 20241206 PS;SIMPLE_INSTRUMENT;EFP_FIN;EUR;60;132.71000000;2324;EXCHANGE_LAST;;1;1;XEUR;10804524;688;
19.11.2024;09:43:32.319;FGBL SI 20241206 PS;SIMPLE_INSTRUMENT;EFS;EUR;61;132.51000000;462;EXCHANGE_LAST;;1;1;XEUR;10804524;688;
19.11.2024;09:43:37.602;FGBL SI 20241206 PS;SIMPLE_INSTRUMENT;EFS;EUR;62;132.77000000;231;EXCHANGE_LAST;;1;1;XEUR;10804524;688;
19.11.2024;09:54:02.133;FGBL SI 20241206 PS;SIMPLE_INSTRUMENT;EFS;EUR;63;132.85000000;1000;EXCHANGE_LAST;;1;1;XEUR;10804524;688;
19.11.2024;09:54:02.235;FGBL SI 20241206 PS;SIMPLE_INSTRUMENT;EFS;EUR;64;132.79000000;462;EXCHANGE_LAST;;1;1;XEUR;10804524;688;
19.11.2024;09:54:29.126;FGBL SI 20241206 PS;SIMPLE_INSTRUMENT;EFS;EUR;65;132.76000000;185;EXCHANGE_LAST;;1;1;XEUR;10804524;688;
19.11.2024;09:55:36.200;FGBL SI 20241206 PS;SIMPLE_INSTRUMENT;EFP_FIN;EUR;66;132.96000000;1549;EXCHANGE_LAST;;1;1;XEUR;10804524;688;
19.11.2024;09:59:41.693;FGBL SI 20241206 PS;SIMPLE_INSTRUMENT;EFS;EUR;67;132.56000000;1246;EXCHANGE_LAST;;1;1;XEUR;10804524;688;
19.11.2024;09:59:58.461;FGBL SI 20241206 PS;SIMPLE_INSTRUMENT;EFS;EUR;68;132.58000000;340;EXCHANGE_LAST;;1;1;XEUR;10804524;688;
19.11.2024;10:01:22.685;FGBL SI 20241206 PS;SIMPLE_INSTRUMENT;EFS;EUR;69;132.57000000;244;EXCHANGE_LAST;;1;1;XEUR;10804524;688;
19.11.2024;10:06:14.040;FGBL SI 20241206 PS;SIMPLE_INSTRUMENT;EFS;EUR;70;132.65000000;244;EXCHANGE_LAST;;1;1;XEUR;10804524;688;
19.11.2024;10:06:38.220;FGBL SI 20241206 PS;SIMPLE_INSTRUMENT;EFS;EUR;71;132.63000000;245;EXCHANGE_LAST;;1;1;XEUR;10804524;688;
19.11.2024;10:07:45.829;FGBL SI 20241206 PS;SIMPLE_INSTRUMENT;EFP_FIN;EUR;72;132.60000000;286;EXCHANGE_LAST;;1;1;XEUR;10804524;688;
19.11.2024;10:10:16.656;FGBL SI 20241206 PS;SIMPLE_INSTRUMENT;EFS;EUR;73;132.64000000;49;EXCHANGE_LAST;;1;1;XEUR;10804524;688;
19.11.2024;10:15:51.398;FGBL SI 20241206 PS;SIMPLE_INSTRUMENT;EFS;EUR;74;132.66000000;231;EXCHANGE_LAST;;1;1;XEUR;10804524;688;
19.11.2024;10:19:58.317;FGBL SI 20241206 PS;SIMPLE_INSTRUMENT;EFS;EUR;75;132.61000000;244;EXCHANGE_LAST;;1;1;XEUR;10804524;688;
19.11.2024;10:23:30.941;FGBL SI 20241206 PS;SIMPLE_INSTRUMENT;EFP_FIN;EUR;76;132.62000000;1550;EXCHANGE_LAST;;1;1;XEUR;10804524;688;
19.11.2024;10:24:51.158;FGBL SI 20241206 PS;SIMPLE_INSTRUMENT;EFP_FIN;EUR;77;132.92000000;315;EXCHANGE_LAST;;1;1;XEUR;10804524;688;
19.11.2024;10:26:12.259;FGBL SI 20241206 PS;SIMPLE_INSTRUMENT;EFS;EUR;78;132.43000000;217;EXCHANGE_LAST;;1;1;XEUR;10804524;688;
19.11.2024;10:26:35.159;FGBL SI 20241206 PS;SIMPLE_INSTRUMENT;EFS;EUR;79;132.63000000;1849;EXCHANGE_LAST;;1;1;XEUR;10804524;688;
19.11.2024;10:27:20.774;FGBL SI 20241206 PS;SIMPLE_INSTRUMENT;EFP_FIN;EUR;80;132.65000000;1550;EXCHANGE_LAST;;1;1;XEUR;10804524;688;
19.11.2024;10:30:07.484;FGBL SI 20241206 PS;SIMPLE_INSTRUMENT;EFS;EUR;81;132.51000000;434;EXCHANGE_LAST;;1;1;XEUR;10804524;688;
19.11.2024;10:33:28.651;FGBL SI 20241206 PS;SIMPLE_INSTRUMENT;EFS;EUR;82;132.45000000;463;EXCHANGE_LAST;;1;1;XEUR;10804524;688;
19.11.2024;10:34:05.156;FGBL SI 20241206 PS;SIMPLE_INSTRUMENT;EFS;EUR;83;132.50000000;977;EXCHANGE_LAST;;1;1;XEUR;10804524;688;
19.11.2024;10:36:32.952;FGBL SI 20241206 PS;SIMPLE_INSTRUMENT;EFS;EUR;84;132.50000000;489;EXCHANGE_LAST;;1;1;XEUR;10804524;688;
19.11.2024;10:41:29.313;FGBL SI 20241206 PS;SIMPLE_INSTRUMENT;EFP_FIN;EUR;85;132.54000000;599;EXCHANGE_LAST;;1;1;XEUR;10804524;688;
19.11.2024;10:41:48.413;FGBL SI 20241206 PS;SIMPLE_INSTRUMENT;EFS;EUR;86;132.60000000;388;EXCHANGE_LAST;;1;1;XEUR;10804524;688;
19.11.2024;10:50:51.937;FGBL SI 20241206 PS;SIMPLE_INSTRUMENT;EFP_FIN;EUR;87;132.57000000;1995;EXCHANGE_LAST;;1;1;XEUR;10804524;688;
19.11.2024;10:55:30.797;FGBL SI 20241206 PS;SIMPLE_INSTRUMENT;EFP_FIN;EUR;88;132.60000000;182;EXCHANGE_LAST;;1;1;XEUR;10804524;688;
19.11.2024;10:58:48.643;FGBL SI 20241206 PS;SIMPLE_INSTRUMENT;EFS;EUR;89;132.54000000;461;EXCHANGE_LAST;;1;1;XEUR;10804524;688;
19.11.2024;10:59:58.342;FGBL SI 20241206 PS;SIMPLE_INSTRUMENT;EFS;EUR;90;132.59000000;433;EXCHANGE_LAST;;1;1;XEUR;10804524;688;
19.11.2024;11:05:14.961;FGBL SI 20241206 PS;SIMPLE_INSTRUMENT;EFS;EUR;91;132.49000000;217;EXCHANGE_LAST;;1;1;XEUR;10804524;688;
19.11.2024;11:05:45.033;FGBL SI 20241206 PS;SIMPLE_INSTRUMENT;EFS;EUR;92;132.49000000;217;EXCHANGE_LAST;;1;1;XEUR;10804524;688;
19.11.2024;11:05:50.322;FGBL SI 20241206 PS;SIMPLE_INSTRUMENT;EFS;EUR;93;132.51000000;434;EXCHANGE_LAST;;1;1;XEUR;10804524;688;
19.11.2024;11:06:06.949;FGBL SI 20241206 PS;SIMPLE_INSTRUMENT;EFP_FIN;EUR;94;132.54000000;1162;EXCHANGE_LAST;;1;1;XEUR;10804524;688;
19.11.2024;11:08:22.125;FGBL SI 20241206 PS;SIMPLE_INSTRUMENT;EFS;EUR;95;132.57000000;185;EXCHANGE_LAST;;1;1;XEUR;10804524;688;
19.11.2024;11:16:37.403;FGBL SI 20241206 PS;SIMPLE_INSTRUMENT;EFS;EUR;96;132.51000000;217;EXCHANGE_LAST;;1;1;XEUR;10804524;688;
19.11.2024;11:18:21.419;FGBL SI 20241206 PS;SIMPLE_INSTRUMENT;EFS;EUR;97;132.47000000;462;EXCHANGE_LAST;;1;1;XEUR;10804524;688;
19.11.2024;11:18:32.242;FGBL SI 20241206 PS;SIMPLE_INSTRUMENT;EFS;EUR;98;132.47000000;500;EXCHANGE_LAST;;1;1;XEUR;10804524;688;
19.11.2024;11:23:34.740;FGBL SI 20241206 PS;SIMPLE_INSTRUMENT;EFS;EUR;99;132.48000000;1843;EXCHANGE_LAST;;1;1;XEUR;10804524;688;
19.11.2024;11:26:55.670;FGBL SI 20241206 PS;SIMPLE_INSTRUMENT;EFS;EUR;100;132.51000000;231;EXCHANGE_LAST;;1;1;XEUR;10804524;688;
19.11.2024;11:29:41.497;FGBL SI 20241206 PS;SIMPLE_INSTRUMENT;EFP_FIN;EUR;101;132.54000000;217;EXCHANGE_LAST;;1;1;XEUR;10804524;688;
19.11.2024;11:29:55.122;FGBL SI 20241206 PS;SIMPLE_INSTRUMENT;EFP_FIN;EUR;102;132.51000000;325;EXCHANGE_LAST;;1;1;XEUR;10804524;688;
19.11.2024;11:30:23.702;FGBL SI 20241206 PS;SIMPLE_INSTRUMENT;EFS;EUR;103;132.54000000;434;EXCHANGE_LAST;;1;1;XEUR;10804524;688;
19.11.2024;11:35:35.083;FGBL SI 20241206 PS;SIMPLE_INSTRUMENT;EFS;EUR;104;132.55000000;278;EXCHANGE_LAST;;1;1;XEUR;10804524;688;
19.11.2024;11:41:49.507;FGBL SI 20241206 PS;SIMPLE_INSTRUMENT;EFP_FIN;EUR;105;132.54000000;3164;EXCHANGE_LAST;;1;1;XEUR;10804524;688;
19.11.2024;11:42:07.431;FGBL SI 20241206 PS;SIMPLE_INSTRUMENT;EFS;EUR;106;132.48000000;150;EXCHANGE_LAST;;1;1;XEUR;10804524;688;
19.11.2024;11:42:29.738;FGBL SI 20241206 PS;SIMPLE_INSTRUMENT;EFS;EUR;107;132.54000000;222;EXCHANGE_LAST;;1;1;XEUR;10804524;688;
19.11.2024;11:45:19.490;FGBL SI 20241206 PS;SIMPLE_INSTRUMENT;EFS;EUR;108;132.48000000;461;EXCHANGE_LAST;;1;1;XEUR;10804524;688;
19.11.2024;11:45:23.853;FGBL SI 20241206 PS;SIMPLE_INSTRUMENT;EFS;EUR;109;132.49000000;434;EXCHANGE_LAST;;1;1;XEUR;10804524;688;
19.11.2024;11:45:33.261;FGBL SI 20241206 PS;SIMPLE_INSTRUMENT;EFS;EUR;110;132.49000000;434;EXCHANGE_LAST;;1;1;XEUR;10804524;688;
19.11.2024;11:46:21.755;FGBL SI 20241206 PS;SIMPLE_INSTRUMENT;EFS;EUR;111;132.51000000;244;EXCHANGE_LAST;;1;1;XEUR;10804524;688;
19.11.2024;11:49:45.105;FGBL SI 20241206 PS;SIMPLE_INSTRUMENT;EFS;EUR;112;132.49000000;217;EXCHANGE_LAST;;1;1;XEUR;10804524;688;
19.11.2024;11:49:49.259;FGBL SI 20241206 PS;SIMPLE_INSTRUMENT;EFS;EUR;113;132.49000000;217;EXCHANGE_LAST;;1;1;XEUR;10804524;688;
19.11.2024;11:53:34.241;FGBL SI 20241206 PS;SIMPLE_INSTRUMENT;EFS;EUR;114;132.48000000;232;EXCHANGE_LAST;;1;1;XEUR;10804524;688;
19.11.2024;11:56:22.492;FGBL SI 20241206 PS;SIMPLE_INSTRUMENT;EFP_FIN;EUR;115;132.49000000;389;EXCHANGE_LAST;;1;1;XEUR;10804524;688;
19.11.2024;11:58:10.906;FGBL SI 20241206 PS;SIMPLE_INSTRUMENT;EFS;EUR;116;132.41000000;867;EXCHANGE_LAST;;1;1;XEUR;10804524;688;
19.11.2024;11:58:51.399;FGBL SI 20241206 PS;SIMPLE_INSTRUMENT;EFS;EUR;117;132.39000000;243;EXCHANGE_LAST;;1;1;XEUR;10804524;688;
19.11.2024;12:00:11.138;FGBL SI 20241206 PS;SIMPLE_INSTRUMENT;EFS;EUR;118;132.37000000;625;EXCHANGE_LAST;;1;1;XEUR;10804524;688;
19.11.2024;12:01:09.606;FGBL SI 20241206 PS;SIMPLE_INSTRUMENT;EFS;EUR;119;132.36000000;217;EXCHANGE_LAST;;1;1;XEUR;10804524;688;
19.11.2024;12:02:51.184;FGBL SI 20241206 PS;SIMPLE_INSTRUMENT;EFS;EUR;120;132.31000000;217;EXCHANGE_LAST;;1;1;XEUR;10804524;688;
19.11.2024;12:03:26.383;FGBL SI 20241206 PS;SIMPLE_INSTRUMENT;EFS;EUR;121;132.31000000;217;EXCHANGE_LAST;;1;1;XEUR;10804524;688;
19.11.2024;12:05:13.907;FGBL SI 20241206 PS;SIMPLE_INSTRUMENT;EFS;EUR;122;132.25000000;304;EXCHANGE_LAST;;1;1;XEUR;10804524;688;
19.11.2024;12:05:45.734;FGBL SI 20241206 PS;SIMPLE_INSTRUMENT;EFS;EUR;123;132.30000000;435;EXCHANGE_LAST;;1;1;XEUR;10804524;688;
19.11.2024;12:07:26.116;FGBL SI 20241206 PS;SIMPLE_INSTRUMENT;EFS;EUR;124;132.26000000;217;EXCHANGE_LAST;;1;1;XEUR;10804524;688;
19.11.2024;12:07:53.803;FGBL SI 20241206 PS;SIMPLE_INSTRUMENT;EFS;EUR;125;132.26000000;434;EXCHANGE_LAST;;1;1;XEUR;10804524;688;
19.11.2024;12:08:32.592;FGBL SI 20241206 PS;SIMPLE_INSTRUMENT;EFS;EUR;126;132.26000000;434;EXCHANGE_LAST;;1;1;XEUR;10804524;688;
19.11.2024;12:10:47.389;FGBL SI 20241206 PS;SIMPLE_INSTRUMENT;EFS;EUR;128;132.26000000;462;EXCHANGE_LAST;;1;1;XEUR;10804524;688;
19.11.2024;12:14:39.837;FGBL SI 20241206 PS;SIMPLE_INSTRUMENT;EFS;EUR;129;132.30000000;217;EXCHANGE_LAST;;1;1;XEUR;10804524;688;
19.11.2024;12:24:28.337;FGBL SI 20241206 PS;SIMPLE_INSTRUMENT;EFP_FIN;EUR;130;132.32000000;328;EXCHANGE_LAST;;1;1;XEUR;10804524;688;
19.11.2024;12:25:54.651;FGBL SI 20241206 PS;SIMPLE_INSTRUMENT;EFP_FIN;EUR;131;132.35000000;798;EXCHANGE_LAST;;1;1;XEUR;10804524;688;
19.11.2024;12:30:58.837;FGBL SI 20241206 PS;SIMPLE_INSTRUMENT;EFS;EUR;132;132.31000000;49;EXCHANGE_LAST;;1;1;XEUR;10804524;688;
19.11.2024;12:37:37.227;FGBL SI 20241206 PS;SIMPLE_INSTRUMENT;EFS;EUR;133;132.33000000;304;EXCHANGE_LAST;;1;1;XEUR;10804524;688;
19.11.2024;12:45:57.006;FGBL SI 20241206 PS;SIMPLE_INSTRUMENT;EFP_FIN;EUR;134;132.25000000;775;EXCHANGE_LAST;;1;1;XEUR;10804524;688;
19.11.2024;12:47:38.374;FGBL SI 20241206 PS;SIMPLE_INSTRUMENT;EFP_FIN;EUR;135;132.30000000;232;EXCHANGE_LAST;;1;1;XEUR;10804524;688;
19.11.2024;12:51:50.577;FGBL SI 20241206 PS;SIMPLE_INSTRUMENT;EFS;EUR;137;132.24000000;490;EXCHANGE_LAST;;1;1;XEUR;10804524;688;
19.11.2024;12:52:58.154;FGBL SI 20241206 PS;SIMPLE_INSTRUMENT;EFS;EUR;138;132.21000000;217;EXCHANGE_LAST;;1;1;XEUR;10804524;688;
19.11.2024;12:54:12.509;FGBL SI 20241206 PS;SIMPLE_INSTRUMENT;EFS;EUR;139;132.21000000;217;EXCHANGE_LAST;;1;1;XEUR;10804524;688;
19.11.2024;12:55:08.010;FGBL SI 20241206 PS;SIMPLE_INSTRUMENT;EFS;EUR;140;132.21000000;100;EXCHANGE_LAST;;1;1;XEUR;10804524;688;
19.11.2024;13:02:39.700;FGBL SI 20241206 PS;SIMPLE_INSTRUMENT;EFS;EUR;141;132.24000000;490;EXCHANGE_LAST;;1;1;XEUR;10804524;688;
19.11.2024;13:06:33.975;FGBL SI 20241206 PS;SIMPLE_INSTRUMENT;EFS;EUR;142;132.23000000;464;EXCHANGE_LAST;;1;1;XEUR;10804524;688;
19.11.2024;13:09:46.752;FGBL SI 20241206 PS;SIMPLE_INSTRUMENT;EFS;EUR;143;132.23000000;435;EXCHANGE_LAST;;1;1;XEUR;10804524;688;
19.11.2024;13:12:21.847;FGBL SI 20241206 PS;SIMPLE_INSTRUMENT;EFS;EUR;144;132.28000000;435;EXCHANGE_LAST;;1;1;XEUR;10804524;688;
19.11.2024;13:19:36.446;FGBL SI 20241206 PS;SIMPLE_INSTRUMENT;EFP_FIN;EUR;145;132.20000000;87;EXCHANGE_LAST;;1;1;XEUR;10804524;688;
19.11.2024;13:22:23.277;FGBL SI 20241206 PS;SIMPLE_INSTRUMENT;EFS;EUR;146;132.23000000;926;EXCHANGE_LAST;;1;1;XEUR;10804524;688;
19.11.2024;13:29:17.592;FGBL SI 20241206 PS;SIMPLE_INSTRUMENT;EFS;EUR;147;132.37000000;925;EXCHANGE_LAST;;1;1;XEUR;10804524;688;
19.11.2024;13:35:13.129;FGBL SI 20241206 PS;SIMPLE_INSTRUMENT;EFP_FIN;EUR;148;132.25000000;775;EXCHANGE_LAST;;1;1;XEUR;10804524;688;
19.11.2024;13:38:17.429;FGBL SI 20241206 PS;SIMPLE_INSTRUMENT;EFS;EUR;149;132.37000000;351;EXCHANGE_LAST;;1;1;XEUR;10804524;688;
19.11.2024;13:39:09.997;FGBL SI 20241206 PS;SIMPLE_INSTRUMENT;EFS;EUR;150;132.43000000;434;EXCHANGE_LAST;;1;1;XEUR;10804524;688;
19.11.2024;13:41:45.752;FGBL SI 20241206 PS;SIMPLE_INSTRUMENT;EFS;EUR;151;132.37000000;368;EXCHANGE_LAST;;1;1;XEUR;10804524;688;
19.11.2024;13:43:35.263;FGBL SI 20241206 PS;SIMPLE_INSTRUMENT;EFS;EUR;152;132.40000000;150;EXCHANGE_LAST;;1;1;XEUR;10804524;688;
19.11.2024;13:43:51.789;FGBL SI 20241206 PS;SIMPLE_INSTRUMENT;EFP_FIN;EUR;153;132.40000000;414;EXCHANGE_LAST;;1;1;XEUR;10804524;688;
19.11.2024;13:50:00.642;FGBL SI 20241206 PS;SIMPLE_INSTRUMENT;EFS;EUR;154;132.48000000;434;EXCHANGE_LAST;;1;1;XEUR;10804524;688;
19.11.2024;13:52:24.840;FGBL SI 20241206 PS;SIMPLE_INSTRUMENT;EFS;EUR;155;132.41000000;231;EXCHANGE_LAST;;1;1;XEUR;10804524;688;
19.11.2024;13:53:59.051;FGBL SI 20241206 PS;SIMPLE_INSTRUMENT;EFS;EUR;156;132.41000000;489;EXCHANGE_LAST;;1;1;XEUR;10804524;688;
19.11.2024;13:56:52.384;FGBL SI 20241206 PS;SIMPLE_INSTRUMENT;EFS;EUR;157;132.46000000;434;EXCHANGE_LAST;;1;1;XEUR;10804524;688;
19.11.2024;14:00:58.420;FGBL SI 20241206 PS;SIMPLE_INSTRUMENT;EFS;EUR;158;132.51000000;217;EXCHANGE_LAST;;1;1;XEUR;10804524;688;
19.11.2024;14:01:43.527;FGBL SI 20241206 PS;SIMPLE_INSTRUMENT;EFS;EUR;159;132.51000000;217;EXCHANGE_LAST;;1;1;XEUR;10804524;688;
19.11.2024;14:02:29.746;FGBL SI 20241206 PS;SIMPLE_INSTRUMENT;EFS;EUR;160;132.51000000;217;EXCHANGE_LAST;;1;1;XEUR;10804524;688;
19.11.2024;14:03:28.604;FGBL SI 20241206 PS;SIMPLE_INSTRUMENT;EFS;EUR;161;132.54000000;433;EXCHANGE_LAST;;1;1;XEUR;10804524;688;
19.11.2024;14:03:59.687;FGBL SI 20241206 PS;SIMPLE_INSTRUMENT;EFS;EUR;162;132.54000000;433;EXCHANGE_LAST;;1;1;XEUR;10804524;688;
19.11.2024;14:07:27.711;FGBL SI 20241206 PS;SIMPLE_INSTRUMENT;EFS;EUR;163;132.44000000;530;EXCHANGE_LAST;;1;1;XEUR;10804524;688;
19.11.2024;14:08:54.909;FGBL SI 20241206 PS;SIMPLE_INSTRUMENT;EFS;EUR;164;132.49000000;489;EXCHANGE_LAST;;1;1;XEUR;10804524;688;
19.11.2024;14:12:27.996;FGBL SI 20241206 PS;SIMPLE_INSTRUMENT;EFS;EUR;165;132.30000000;434;EXCHANGE_LAST;;1;1;XEUR;10804524;688;
19.11.2024;14:13:50.593;FGBL SI 20241206 PS;SIMPLE_INSTRUMENT;EFS;EUR;166;132.24000000;232;EXCHANGE_LAST;;1;1;XEUR;10804524;688;
19.11.2024;14:14:23.115;FGBL SI 20241206 PS;SIMPLE_INSTRUMENT;EFS;EUR;167;132.22000000;217;EXCHANGE_LAST;;1;1;XEUR;10804524;688;
19.11.2024;14:14:38.131;FGBL SI 20241206 PS;SIMPLE_INSTRUMENT;EFS;EUR;168;132.22000000;217;EXCHANGE_LAST;;1;1;XEUR;10804524;688;
19.11.2024;14:17:23.305;FGBL SI 20241206 PS;SIMPLE_INSTRUMENT;EFS;EUR;169;132.22000000;217;EXCHANGE_LAST;;1;1;XEUR;10804524;688;
19.11.2024;14:18:43.386;FGBL SI 20241206 PS;SIMPLE_INSTRUMENT;EFS;EUR;170;132.22000000;217;EXCHANGE_LAST;;1;1;XEUR;10804524;688;
19.11.2024;14:22:29.708;FGBL SI 20250306 PS;SIMPLE_INSTRUMENT;EFP_FIN;EUR;171;133.98000000;743;EXCHANGE_LAST;;1;1;XEUR;11286679;688;
19.11.2024;14:23:56.172;FGBL SI 20241206 PS;SIMPLE_INSTRUMENT;EFS;EUR;172;132.22000000;374;EXCHANGE_LAST;;1;1;XEUR;10804524;688;
19.11.2024;14:24:34.640;FGBL SI 20241206 PS;SIMPLE_INSTRUMENT;EFS;EUR;173;132.19000000;694;EXCHANGE_LAST;;1;1;XEUR;10804524;688;
19.11.2024;14:28:50.068;FGBL SI 20241206 PS;SIMPLE_INSTRUMENT;EFS;EUR;174;132.15000000;217;EXCHANGE_LAST;;1;1;XEUR;10804524;688;
19.11.2024;14:28:57.090;FGBL SI 20241206 PS;SIMPLE_INSTRUMENT;EFS;EUR;175;132.16000000;463;EXCHANGE_LAST;;1;1;XEUR;10804524;688;
19.11.2024;14:30:26.687;FGBL SI 20241206 PS;SIMPLE_INSTRUMENT;EFS;EUR;176;132.15000000;434;EXCHANGE_LAST;;1;1;XEUR;10804524;688;
19.11.2024;14:31:20.163;FGBL SI 20241206 PS;SIMPLE_INSTRUMENT;EFS;EUR;177;132.22000000;735;EXCHANGE_LAST;;1;1;XEUR;10804524;688;
19.11.2024;14:32:37.699;FGBL SI 20241206 PS;SIMPLE_INSTRUMENT;EFS;EUR;178;132.17000000;490;EXCHANGE_LAST;;1;1;XEUR;10804524;688;
19.11.2024;14:40:27.365;FGBL SI 20241206 PS;SIMPLE_INSTRUMENT;EFP_FIN;EUR;179;132.12000000;87;EXCHANGE_LAST;;1;1;XEUR;10804524;688;
19.11.2024;14:37:32.601;FGBL SI 20241206 PS;SIMPLE_INSTRUMENT;EFP_FIN;EUR;180;132.10000000;215;EXCHANGE_LAST;;1;1;XEUR;10804524;688;
19.11.2024;14:44:56.967;FGBL SI 20241206 PS;SIMPLE_INSTRUMENT;EFS;EUR;181;132.13000000;205;EXCHANGE_LAST;;1;1;XEUR;10804524;688;
19.11.2024;14:46:07.223;FGBL SI 20241206 PS;SIMPLE_INSTRUMENT;EFS;EUR;182;132.13000000;229;EXCHANGE_LAST;;1;1;XEUR;10804524;688;
19.11.2024;14:46:58.844;FGBL SI 20241206 PS;SIMPLE_INSTRUMENT;EFS;EUR;183;132.12000000;229;EXCHANGE_LAST;;1;1;XEUR;10804524;688;
19.11.2024;14:48:47.724;FGBL SI 20241206 PS;SIMPLE_INSTRUMENT;EFS;EUR;184;132.11000000;869;EXCHANGE_LAST;;1;1;XEUR;10804524;688;
19.11.2024;14:49:49.775;FGBL SI 20241206 PS;SIMPLE_INSTRUMENT;EFS;EUR;185;132.14000000;217;EXCHANGE_LAST;;1;1;XEUR;10804524;688;
19.11.2024;14:50:33.524;FGBL SI 20241206 PS;SIMPLE_INSTRUMENT;EFS;EUR;186;132.13000000;434;EXCHANGE_LAST;;1;1;XEUR;10804524;688;
19.11.2024;14:51:57.825;FGBL SI 20241206 PS;SIMPLE_INSTRUMENT;EFS;EUR;187;132.16000000;651;EXCHANGE_LAST;;1;1;XEUR;10804524;688;
19.11.2024;14:52:51.809;FGBL SI 20241206 PS;SIMPLE_INSTRUMENT;EFS;EUR;188;132.17000000;217;EXCHANGE_LAST;;1;1;XEUR;10804524;688;
19.11.2024;15:01:12.529;FGBL SI 20241206 PS;SIMPLE_INSTRUMENT;EFS;EUR;189;132.19000000;185;EXCHANGE_LAST;;1;1;XEUR;10804524;688;
19.11.2024;15:16:49.158;FGBL SI 20241206 PS;SIMPLE_INSTRUMENT;EFS;EUR;191;132.19000000;233;EXCHANGE_LAST;;1;1;XEUR;10804524;688;
19.11.2024;15:22:02.581;FGBL SI 20241206 PS;SIMPLE_INSTRUMENT;EFS;EUR;192;132.10000000;399;EXCHANGE_LAST;;1;1;XEUR;10804524;688;
19.11.2024;15:24:01.843;FGBL SI 20241206 PS;SIMPLE_INSTRUMENT;EFP_FIN;EUR;193;132.20000000;488;EXCHANGE_LAST;;1;1;XEUR;10804524;688;
19.11.2024;15:23:47.542;FGBL SI 20241206 PS;SIMPLE_INSTRUMENT;EFS;EUR;194;132.19000000;650;EXCHANGE_LAST;;1;1;XEUR;10804524;688;
19.11.2024;15:24:44.306;FGBL SI 20241206 PS;SIMPLE_INSTRUMENT;EFS;EUR;195;132.19000000;229;EXCHANGE_LAST;;1;1;XEUR;10804524;688;
19.11.2024;15:27:39.071;FGBL SI 20241206 PS;SIMPLE_INSTRUMENT;EFS;EUR;196;132.20000000;434;EXCHANGE_LAST;;1;1;XEUR;10804524;688;
19.11.2024;15:27:49.118;FGBL SI 20241206 PS;SIMPLE_INSTRUMENT;EFS;EUR;197;132.26000000;130;EXCHANGE_LAST;;1;1;XEUR;10804524;688;
19.11.2024;15:28:37.557;FGBL SI 20241206 PS;SIMPLE_INSTRUMENT;EFS;EUR;198;132.24000000;217;EXCHANGE_LAST;;1;1;XEUR;10804524;688;
19.11.2024;15:34:26.762;FGBL SI 20241206 PS;SIMPLE_INSTRUMENT;EFS;EUR;199;132.28000000;434;EXCHANGE_LAST;;1;1;XEUR;10804524;688;
19.11.2024;15:36:34.931;FGBL SI 20241206 PS;SIMPLE_INSTRUMENT;EFS;EUR;200;132.22000000;435;EXCHANGE_LAST;;1;1;XEUR;10804524;688;
19.11.2024;15:40:45.106;FGBL SI 20241206 PS;SIMPLE_INSTRUMENT;EFS;EUR;201;132.27000000;435;EXCHANGE_LAST;;1;1;XEUR;10804524;688;
19.11.2024;15:41:01.143;FGBL SI 20241206 PS;SIMPLE_INSTRUMENT;EFP_FIN;EUR;202;132.24000000;957;EXCHANGE_LAST;;1;1;XEUR;10804524;688;
19.11.2024;15:55:51.665;FGBL SI 20241206 PS;SIMPLE_INSTRUMENT;EFS;EUR;203;132.31000000;434;EXCHANGE_LAST;;1;1;XEUR;10804524;688;
19.11.2024;15:58:40.174;FGBL SI 20241206 PS;SIMPLE_INSTRUMENT;EFP_FIN;EUR;204;132.31000000;399;EXCHANGE_LAST;;1;1;XEUR;10804524;688;
19.11.2024;16:18:19.812;FGBL SI 20241206 PS;SIMPLE_INSTRUMENT;EFS;EUR;205;132.29000000;500;EXCHANGE_LAST;;1;1;XEUR;10804524;688;
19.11.2024;16:32:00.335;FGBL SI 20241206 PS;SIMPLE_INSTRUMENT;EFS;EUR;206;132.24000000;434;EXCHANGE_LAST;;1;1;XEUR;10804524;688;
19.11.2024;16:32:25.353;FGBL SI 20241206 PS;SIMPLE_INSTRUMENT;EFS;EUR;207;132.23000000;434;EXCHANGE_LAST;;1;1;XEUR;10804524;688;
19.11.2024;16:34:05.165;FGBL SI 20241206 PS;SIMPLE_INSTRUMENT;EFS;EUR;208;132.23000000;49;EXCHANGE_LAST;;1;1;XEUR;10804524;688;
19.11.2024;16:41:55.772;FGBL SI 20241206 PS;SIMPLE_INSTRUMENT;EFS;EUR;209;132.23000000;600;EXCHANGE_LAST;;1;1;XEUR;10804524;688;
19.11.2024;17:13:59.015;FGBL SI 20241206 PS;SIMPLE_INSTRUMENT;EFS;EUR;210;132.25000000;490;EXCHANGE_LAST;;1;1;XEUR;10804524;688;
19.11.2024;17:55:56.517;FGBL SI 20241206 PS;SIMPLE_INSTRUMENT;EFS;EUR;211;132.26000000;462;EXCHANGE_LAST;;1;1;XEUR;10804524;688;
19.11.2024;08:57:53.337;FGBL SI 20241206 PS;SIMPLE_INSTRUMENT;VOLA;EUR;268435475;132.68000000;100;EXCHANGE_LAST;;1;1;XEUR;10804524;688;
19.11.2024;08:58:26.339;FGBL SI 20241206 PS;SIMPLE_INSTRUMENT;VOLA;EUR;268435476;132.68000000;98;EXCHANGE_LAST;;1;1;XEUR;10804524;688;
19.11.2024;09:00:21.925;FGBL SI 20241206 PS;SIMPLE_INSTRUMENT;VOLA;EUR;268435480;132.45000000;72;EXCHANGE_LAST;;1;1;XEUR;10804524;688;
19.11.2024;09:02:35.030;FGBL SI 20241206 PS;SIMPLE_INSTRUMENT;VOLA;EUR;268435483;132.58000000;35;EXCHANGE_LAST;;1;1;XEUR;10804524;688;
19.11.2024;09:52:17.160;FGBL SI 20241206 PS;SIMPLE_INSTRUMENT;VOLA;EUR;268435488;132.75000000;57;EXCHANGE_LAST;;1;1;XEUR;10804524;688;
19.11.2024;09:55:47.405;FGBL SI 20250306 PS;SIMPLE_INSTRUMENT;VOLA;EUR;268435491;134.22000000;98;EXCHANGE_LAST;;1;1;XEUR;11286679;688;
19.11.2024;09:56:28.414;FGBL SI 20250306 PS;SIMPLE_INSTRUMENT;VOLA;EUR;268435492;134.22000000;97;EXCHANGE_LAST;;1;1;XEUR;11286679;688;
19.11.2024;10:04:11.582;FGBL SI 20241206 PS;SIMPLE_INSTRUMENT;VOLA;EUR;268435500;132.80000000;443;EXCHANGE_LAST;;1;1;XEUR;10804524;688;
19.11.2024;10:04:01.671;FGBL SI 20241206 PS;SIMPLE_INSTRUMENT;VOLA;EUR;268435501;132.60000000;160;EXCHANGE_LAST;;1;1;XEUR;10804524;688;
19.11.2024;15:21:39.615;FGBL SI 20241206 PS;SIMPLE_INSTRUMENT;VOLA;EUR;268435543;132.16000000;200;EXCHANGE_LAST;;1;1;XEUR;10804524;688;
19.11.2024;07:42:09.068;FGBM SI 20241206 PS;SIMPLE_INSTRUMENT;EFS;EUR;1;118.59000000;932;EXCHANGE_LAST;;1;1;XEUR;10804525;689;
19.11.2024;08:11:42.063;FGBM SI 20241206 PS;SIMPLE_INSTRUMENT;EFS;EUR;2;118.63000000;440;EXCHANGE_LAST;;1;1;XEUR;10804525;689;
19.11.2024;08:11:53.363;FGBM SI 20241206 PS;SIMPLE_INSTRUMENT;EFS;EUR;3;118.63000000;445;EXCHANGE_LAST;;1;1;XEUR;10804525;689;
19.11.2024;08:12:58.745;FGBM SI 20241206 PS;SIMPLE_INSTRUMENT;EFS;EUR;4;118.62000000;1490;EXCHANGE_LAST;;1;1;XEUR;10804525;689;
19.11.2024;08:30:24.756;FGBM SI 20241206 PS;SIMPLE_INSTRUMENT;EFP_FIN;EUR;5;118.67000000;428;EXCHANGE_LAST;;1;1;XEUR;10804525;689;
19.11.2024;08:30:35.204;FGBM SI 20241206 PS;SIMPLE_INSTRUMENT;EFS;EUR;6;118.66000000;1054;EXCHANGE_LAST;;1;1;XEUR;10804525;689;
19.11.2024;08:37:11.367;FGBM SI 20241206 PS;SIMPLE_INSTRUMENT;EFS;EUR;7;118.74000000;868;EXCHANGE_LAST;;1;1;XEUR;10804525;689;
19.11.2024;08:39:16.451;FGBM SI 20241206 PS;SIMPLE_INSTRUMENT;EFS;EUR;8;118.80000000;217;EXCHANGE_LAST;;1;1;XEUR;10804525;689;
19.11.2024;08:40:44.893;FGBM SI 20241206 PS;SIMPLE_INSTRUMENT;EFS;EUR;9;118.74000000;879;EXCHANGE_LAST;;1;1;XEUR;10804525;689;
19.11.2024;08:53:22.226;FGBM SI 20241206 PS;SIMPLE_INSTRUMENT;EFS;EUR;10;118.77000000;879;EXCHANGE_LAST;;1;1;XEUR;10804525;689;
19.11.2024;09:00:23.527;FGBM SI 20241206 PS;SIMPLE_INSTRUMENT;EFS;EUR;11;118.78000000;930;EXCHANGE_LAST;;1;1;XEUR;10804525;689;
19.11.2024;08:59:28.870;FGBM SI 20241206 PS;SIMPLE_INSTRUMENT;EFS;EUR;12;118.79000000;465;EXCHANGE_LAST;;1;1;XEUR;10804525;689;
19.11.2024;09:04:49.680;FGBM SI 20241206 PS;SIMPLE_INSTRUMENT;EFP_FIN;EUR;13;118.73000000;1713;EXCHANGE_LAST;;1;1;XEUR;10804525;689;
19.11.2024;09:13:44.329;FGBM SI 20241206 PS;SIMPLE_INSTRUMENT;EFS;EUR;14;118.56000000;932;EXCHANGE_LAST;;1;1;XEUR;10804525;689;
19.11.2024;09:15:03.578;FGBM SI 20241206 PS;SIMPLE_INSTRUMENT;EFP_FIN;EUR;15;118.75000000;79;EXCHANGE_LAST;;1;1;XEUR;10804525;689;
19.11.2024;09:15:52.337;FGBM SI 20241206 PS;SIMPLE_INSTRUMENT;EFS;EUR;16;118.72000000;930;EXCHANGE_LAST;;1;1;XEUR;10804525;689;
19.11.2024;09:18:56.582;FGBM SI 20241206 PS;SIMPLE_INSTRUMENT;EFS;EUR;17;118.72000000;1395;EXCHANGE_LAST;;1;1;XEUR;10804525;689;
19.11.2024;09:22:40.179;FGBM SI 20241206 PS;SIMPLE_INSTRUMENT;EFP_FIN;EUR;18;118.72000000;591;EXCHANGE_LAST;;1;1;XEUR;10804525;689;
19.11.2024;09:24:44.524;FGBM SI 20241206 PS;SIMPLE_INSTRUMENT;EFS;EUR;19;118.73000000;930;EXCHANGE_LAST;;1;1;XEUR;10804525;689;
19.11.2024;09:36:11.633;FGBM SI 20241206 PS;SIMPLE_INSTRUMENT;EFS;EUR;20;118.97000000;879;EXCHANGE_LAST;;1;1;XEUR;10804525;689;
19.11.2024;09:35:56.129;FGBM SI 20241206 PS;SIMPLE_INSTRUMENT;EFS;EUR;21;119.00000000;880;EXCHANGE_LAST;;1;1;XEUR;10804525;689;
19.11.2024;09:39:51.048;FGBM SI 20241206 PS;SIMPLE_INSTRUMENT;EFP_FIN;EUR;22;118.74000000;154;EXCHANGE_LAST;;1;1;XEUR;10804525;689;
19.11.2024;09:42:10.166;FGBM SI 20241206 PS;SIMPLE_INSTRUMENT;EFS;EUR;23;118.92000000;433;EXCHANGE_LAST;;1;1;XEUR;10804525;689;
19.11.2024;09:46:22.914;FGBM SI 20241206 PS;SIMPLE_INSTRUMENT;EFS;EUR;24;118.88000000;433;EXCHANGE_LAST;;1;1;XEUR;10804525;689;
19.11.2024;09:48:38.443;FGBM SI 20241206 PS;SIMPLE_INSTRUMENT;EFS;EUR;25;119.00000000;880;EXCHANGE_LAST;;1;1;XEUR;10804525;689;
19.11.2024;10:00:44.455;FGBM SI 20241206 PS;SIMPLE_INSTRUMENT;EFS;EUR;26;118.88000000;2786;EXCHANGE_LAST;;1;1;XEUR;10804525;689;
19.11.2024;10:01:38.481;FGBM SI 20241206 PS;SIMPLE_INSTRUMENT;EFP_FIN;EUR;27;118.74000000;154;EXCHANGE_LAST;;1;1;XEUR;10804525;689;
19.11.2024;10:02:44.213;FGBM SI 20241206 PS;SIMPLE_INSTRUMENT;EFS;EUR;28;118.89000000;464;EXCHANGE_LAST;;1;1;XEUR;10804525;689;
19.11.2024;10:01:44.776;FGBM SI 20241206 PS;SIMPLE_INSTRUMENT;EFP_FIN;EUR;29;118.84000000;1380;EXCHANGE_LAST;;1;1;XEUR;10804525;689;
19.11.2024;10:01:51.669;FGBM SI 20241206 PS;SIMPLE_INSTRUMENT;EFP_FIN;EUR;30;118.93000000;856;EXCHANGE_LAST;;1;1;XEUR;10804525;689;
19.11.2024;10:03:54.208;FGBM SI 20241206 PS;SIMPLE_INSTRUMENT;EFS;EUR;31;118.72000000;440;EXCHANGE_LAST;;1;1;XEUR;10804525;689;
19.11.2024;10:03:51.856;FGBM SI 20241206 PS;SIMPLE_INSTRUMENT;EFP_FIN;EUR;32;118.90000000;385;EXCHANGE_LAST;;1;1;XEUR;10804525;689;
19.11.2024;10:04:16.871;FGBM SI 20241206 PS;SIMPLE_INSTRUMENT;EFP_FIN;EUR;33;118.89000000;1285;EXCHANGE_LAST;;1;1;XEUR;10804525;689;
19.11.2024;10:06:29.717;FGBM SI 20241206 PS;SIMPLE_INSTRUMENT;EFS;EUR;34;118.77000000;439;EXCHANGE_LAST;;1;1;XEUR;10804525;689;
19.11.2024;10:13:50.529;FGBM SI 20241206 PS;SIMPLE_INSTRUMENT;EFS;EUR;35;118.81000000;867;EXCHANGE_LAST;;1;1;XEUR;10804525;689;
19.11.2024;10:14:00.539;FGBM SI 20241206 PS;SIMPLE_INSTRUMENT;EFS;EUR;36;118.82000000;433;EXCHANGE_LAST;;1;1;XEUR;10804525;689;
19.11.2024;10:18:40.831;FGBM SI 20241206 PS;SIMPLE_INSTRUMENT;EFS;EUR;37;118.78000000;434;EXCHANGE_LAST;;1;1;XEUR;10804525;689;
19.11.2024;10:23:17.077;FGBM SI 20241206 PS;SIMPLE_INSTRUMENT;EFS;EUR;38;118.78000000;434;EXCHANGE_LAST;;1;1;XEUR;10804525;689;
19.11.2024;10:25:22.210;FGBM SI 20241206 PS;SIMPLE_INSTRUMENT;EFS;EUR;39;118.75000000;867;EXCHANGE_LAST;;1;1;XEUR;10804525;689;
19.11.2024;10:33:15.852;FGBM SI 20241206 PS;SIMPLE_INSTRUMENT;EFS;EUR;40;118.80000000;929;EXCHANGE_LAST;;1;1;XEUR;10804525;689;
19.11.2024;10:36:07.858;FGBM SI 20241206 PS;SIMPLE_INSTRUMENT;EFS;EUR;41;118.79000000;217;EXCHANGE_LAST;;1;1;XEUR;10804525;689;
19.11.2024;10:36:12.861;FGBM SI 20241206 PS;SIMPLE_INSTRUMENT;EFS;EUR;42;118.79000000;867;EXCHANGE_LAST;;1;1;XEUR;10804525;689;
19.11.2024;10:48:08.237;FGBM SI 20241206 PS;SIMPLE_INSTRUMENT;EFS;EUR;43;118.78000000;930;EXCHANGE_LAST;;1;1;XEUR;10804525;689;
19.11.2024;10:53:57.343;FGBM SI 20241206 PS;SIMPLE_INSTRUMENT;EFP_FIN;EUR;44;118.80000000;852;EXCHANGE_LAST;;1;1;XEUR;10804525;689;
19.11.2024;10:54:17.173;FGBM SI 20241206 PS;SIMPLE_INSTRUMENT;EFP_FIN;EUR;45;118.80000000;394;EXCHANGE_LAST;;1;1;XEUR;10804525;689;
19.11.2024;11:03:11.376;FGBM SI 20241206 PS;SIMPLE_INSTRUMENT;EFS;EUR;46;118.77000000;439;EXCHANGE_LAST;;1;1;XEUR;10804525;689;
19.11.2024;11:03:37.622;FGBM SI 20241206 PS;SIMPLE_INSTRUMENT;EFP_FIN;EUR;47;118.79000000;160;EXCHANGE_LAST;;1;1;XEUR;10804525;689;
19.11.2024;11:04:52.046;FGBM SI 20241206 PS;SIMPLE_INSTRUMENT;EFP_FIN;EUR;48;118.80000000;200;EXCHANGE_LAST;;1;1;XEUR;10804525;689;
19.11.2024;11:21:59.220;FGBM SI 20241206 PS;SIMPLE_INSTRUMENT;EFP_FIN;EUR;49;118.77000000;436;EXCHANGE_LAST;;1;1;XEUR;10804525;689;
19.11.2024;11:22:31.363;FGBM SI 20241206 PS;SIMPLE_INSTRUMENT;EFP_FIN;EUR;50;118.74000000;363;EXCHANGE_LAST;;1;1;XEUR;10804525;689;
19.11.2024;11:38:06.535;FGBM SI 20241206 PS;SIMPLE_INSTRUMENT;EFS;EUR;51;118.79000000;433;EXCHANGE_LAST;;1;1;XEUR;10804525;689;
19.11.2024;11:37:05.266;FGBM SI 20241206 PS;SIMPLE_INSTRUMENT;EFS;EUR;52;118.79000000;433;EXCHANGE_LAST;;1;1;XEUR;10804525;689;
19.11.2024;11:38:48.015;FGBM SI 20241206 PS;SIMPLE_INSTRUMENT;EFS;EUR;53;118.75000000;433;EXCHANGE_LAST;;1;1;XEUR;10804525;689;
19.11.2024;11:45:27.592;FGBM SI 20241206 PS;SIMPLE_INSTRUMENT;EFS;EUR;54;118.75000000;465;EXCHANGE_LAST;;1;1;XEUR;10804525;689;
19.11.2024;11:46:22.379;FGBM SI 20241206 PS;SIMPLE_INSTRUMENT;EFS;EUR;55;118.77000000;433;EXCHANGE_LAST;;1;1;XEUR;10804525;689;
19.11.2024;11:57:05.395;FGBM SI 20241206 PS;SIMPLE_INSTRUMENT;EFS;EUR;56;118.67000000;240;EXCHANGE_LAST;;1;1;XEUR;10804525;689;
19.11.2024;12:02:14.076;FGBM SI 20241206 PS;SIMPLE_INSTRUMENT;EFS;EUR;57;118.65000000;433;EXCHANGE_LAST;;1;1;XEUR;10804525;689;
19.11.2024;12:09:41.962;FGBM SI 20241206 PS;SIMPLE_INSTRUMENT;EFP_FIN;EUR;58;118.80000000;144;EXCHANGE_LAST;;1;1;XEUR;10804525;689;
19.11.2024;12:11:35.954;FGBM SI 20241206 PS;SIMPLE_INSTRUMENT;EFS;EUR;59;118.65000000;434;EXCHANGE_LAST;;1;1;XEUR;10804525;689;
19.11.2024;12:21:08.104;FGBM SI 20241206 PS;SIMPLE_INSTRUMENT;EFP_FIN;EUR;60;118.70000000;383;EXCHANGE_LAST;;1;1;XEUR;10804525;689;
19.11.2024;12:30:47.504;FGBM SI 20241206 PS;SIMPLE_INSTRUMENT;EFP_FIN;EUR;61;118.26000000;93;EXCHANGE_LAST;;1;1;XEUR;10804525;689;
19.11.2024;12:32:19.523;FGBM SI 20241206 PS;SIMPLE_INSTRUMENT;EFP_FIN;EUR;62;118.65000000;367;EXCHANGE_LAST;;1;1;XEUR;10804525;689;
19.11.2024;12:53:35.676;FGBM SI 20241206 PS;SIMPLE_INSTRUMENT;EFP_FIN;EUR;63;118.67000000;1006;EXCHANGE_LAST;;1;1;XEUR;10804525;689;
19.11.2024;12:59:07.755;FGBM SI 20241206 PS;SIMPLE_INSTRUMENT;EFP_FIN;EUR;64;118.60000000;366;EXCHANGE_LAST;;1;1;XEUR;10804525;689;
19.11.2024;13:07:41.855;FGBM SI 20241206 PS;SIMPLE_INSTRUMENT;EFP_FIN;EUR;65;118.65000000;1015;EXCHANGE_LAST;;1;1;XEUR;10804525;689;
19.11.2024;13:14:13.305;FGBM SI 20241206 PS;SIMPLE_INSTRUMENT;EFS;EUR;66;118.64000000;1490;EXCHANGE_LAST;;1;1;XEUR;10804525;689;
19.11.2024;13:17:34.701;FGBM SI 20241206 PS;SIMPLE_INSTRUMENT;EFS;EUR;67;118.62000000;235;EXCHANGE_LAST;;1;1;XEUR;10804525;689;
19.11.2024;13:27:29.214;FGBM SI 20241206 PS;SIMPLE_INSTRUMENT;EFS;EUR;68;118.66000000;1760;EXCHANGE_LAST;;1;1;XEUR;10804525;689;
19.11.2024;13:41:42.947;FGBM SI 20241206 PS;SIMPLE_INSTRUMENT;EFP_FIN;EUR;69;118.63000000;922;EXCHANGE_LAST;;1;1;XEUR;10804525;689;
19.11.2024;13:44:21.782;FGBM SI 20241206 PS;SIMPLE_INSTRUMENT;EFP_FIN;EUR;70;118.65000000;555;EXCHANGE_LAST;;1;1;XEUR;10804525;689;
19.11.2024;13:45:26.807;FGBM SI 20241206 PS;SIMPLE_INSTRUMENT;EFP_FIN;EUR;71;118.63000000;2016;EXCHANGE_LAST;;1;1;XEUR;10804525;689;
19.11.2024;13:48:40.844;FGBM SI 20241206 PS;SIMPLE_INSTRUMENT;EFP_FIN;EUR;72;118.63000000;896;EXCHANGE_LAST;;1;1;XEUR;10804525;689;
19.11.2024;13:52:52.416;FGBM SI 20241206 PS;SIMPLE_INSTRUMENT;EFP_FIN;EUR;73;118.66000000;856;EXCHANGE_LAST;;1;1;XEUR;10804525;689;
19.11.2024;13:54:11.826;FGBM SI 20241206 PS;SIMPLE_INSTRUMENT;EFS;EUR;74;118.67000000;8796;EXCHANGE_LAST;;1;1;XEUR;10804525;689;
19.11.2024;14:09:27.685;FGBM SI 20241206 PS;SIMPLE_INSTRUMENT;EFP_FIN;EUR;75;118.66000000;166;EXCHANGE_LAST;;1;1;XEUR;10804525;689;
19.11.2024;14:15:37.855;FGBM SI 20241206 PS;SIMPLE_INSTRUMENT;EFP_FIN;EUR;76;118.69000000;147;EXCHANGE_LAST;;1;1;XEUR;10804525;689;
19.11.2024;14:14:09.088;FGBM SI 20241206 PS;SIMPLE_INSTRUMENT;EFP_FIN;EUR;77;118.69000000;147;EXCHANGE_LAST;;1;1;XEUR;10804525;689;
19.11.2024;14:18:31.469;FGBM SI 20241206 PS;SIMPLE_INSTRUMENT;EFP_FIN;EUR;78;118.68000000;294;EXCHANGE_LAST;;1;1;XEUR;10804525;689;
19.11.2024;14:25:57.816;FGBM SI 20241206 PS;SIMPLE_INSTRUMENT;EFP_FIN;EUR;79;118.78000000;197;EXCHANGE_LAST;;1;1;XEUR;10804525;689;
19.11.2024;14:30:56.693;FGBM SI 20241206 PS;SIMPLE_INSTRUMENT;EFS;EUR;80;118.53000000;932;EXCHANGE_LAST;;1;1;XEUR;10804525;689;
19.11.2024;14:31:47.094;FGBM SI 20241206 PS;SIMPLE_INSTRUMENT;EFS;EUR;81;118.54000000;224;EXCHANGE_LAST;;1;1;XEUR;10804525;689;
19.11.2024;14:41:04.180;FGBM SI 20241206 PS;SIMPLE_INSTRUMENT;EFS;EUR;82;118.49000000;434;EXCHANGE_LAST;;1;1;XEUR;10804525;689;
19.11.2024;14:42:41.945;FGBM SI 20241206 PS;SIMPLE_INSTRUMENT;EFS;EUR;83;118.49000000;442;EXCHANGE_LAST;;1;1;XEUR;10804525;689;
19.11.2024;14:42:48.844;FGBM SI 20241206 PS;SIMPLE_INSTRUMENT;EFS;EUR;84;118.50000000;434;EXCHANGE_LAST;;1;1;XEUR;10804525;689;
19.11.2024;14:43:38.594;FGBM SI 20241206 PS;SIMPLE_INSTRUMENT;EFS;EUR;85;118.50000000;434;EXCHANGE_LAST;;1;1;XEUR;10804525;689;
19.11.2024;14:47:53.123;FGBM SI 20241206 PS;SIMPLE_INSTRUMENT;EFS;EUR;86;118.52000000;1644;EXCHANGE_LAST;;1;1;XEUR;10804525;689;
19.11.2024;14:54:29.277;FGBM SI 20241206 PS;SIMPLE_INSTRUMENT;EFS;EUR;87;118.55000000;434;EXCHANGE_LAST;;1;1;XEUR;10804525;689;
19.11.2024;15:09:32.631;FGBM SI 20241206 PS;SIMPLE_INSTRUMENT;EFP_FIN;EUR;88;118.58000000;362;EXCHANGE_LAST;;1;1;XEUR;10804525;689;
19.11.2024;15:10:26.933;FGBM SI 20241206 PS;SIMPLE_INSTRUMENT;EFP_FIN;EUR;89;118.60000000;448;EXCHANGE_LAST;;1;1;XEUR;10804525;689;
19.11.2024;15:22:52.160;FGBM SI 20241206 PS;SIMPLE_INSTRUMENT;EFS;EUR;90;118.57000000;434;EXCHANGE_LAST;;1;1;XEUR;10804525;689;
19.11.2024;15:23:18.438;FGBM SI 20241206 PS;SIMPLE_INSTRUMENT;EFS;EUR;91;118.57000000;434;EXCHANGE_LAST;;1;1;XEUR;10804525;689;
19.11.2024;15:25:46.548;FGBM SI 20241206 PS;SIMPLE_INSTRUMENT;EFS;EUR;92;118.56000000;434;EXCHANGE_LAST;;1;1;XEUR;10804525;689;
19.11.2024;15:26:53.299;FGBM SI 20241206 PS;SIMPLE_INSTRUMENT;EFS;EUR;93;118.58000000;822;EXCHANGE_LAST;;1;1;XEUR;10804525;689;
19.11.2024;15:31:09.399;FGBM SI 20241206 PS;SIMPLE_INSTRUMENT;EFS;EUR;94;118.56000000;434;EXCHANGE_LAST;;1;1;XEUR;10804525;689;
19.11.2024;15:38:39.326;FGBM SI 20241206 PS;SIMPLE_INSTRUMENT;EFP_FIN;EUR;95;118.59000000;208;EXCHANGE_LAST;;1;1;XEUR;10804525;689;
19.11.2024;15:39:09.810;FGBM SI 20241206 PS;SIMPLE_INSTRUMENT;EFP_FIN;EUR;96;118.57000000;76;EXCHANGE_LAST;;1;1;XEUR;10804525;689;
19.11.2024;15:39:30.936;FGBM SI 20241206 PS;SIMPLE_INSTRUMENT;EFP_FIN;EUR;97;118.57000000;76;EXCHANGE_LAST;;1;1;XEUR;10804525;689;
19.11.2024;16:12:51.372;FGBM SI 20241206 PS;SIMPLE_INSTRUMENT;EFP_FIN;EUR;98;118.64000000;856;EXCHANGE_LAST;;1;1;XEUR;10804525;689;
19.11.2024;16:39:38.024;FGBM SI 20241206 PS;SIMPLE_INSTRUMENT;EFP_FIN;EUR;99;118.59000000;134;EXCHANGE_LAST;;1;1;XEUR;10804525;689;
19.11.2024;16:41:49.082;FGBM SI 20241206 PS;SIMPLE_INSTRUMENT;EFP_FIN;EUR;100;118.60000000;218;EXCHANGE_LAST;;1;1;XEUR;10804525;689;
19.11.2024;16:50:58.401;FGBM SI 20241206 PS;SIMPLE_INSTRUMENT;EFS;EUR;101;118.57000000;932;EXCHANGE_LAST;;1;1;XEUR;10804525;689;
19.11.2024;16:51:50.636;FGBM SI 20241206 PS;SIMPLE_INSTRUMENT;EFS;EUR;102;118.57000000;434;EXCHANGE_LAST;;1;1;XEUR;10804525;689;
19.11.2024;16:56:58.659;FGBM SI 20241206 PS;SIMPLE_INSTRUMENT;EFS;EUR;103;118.57000000;867;EXCHANGE_LAST;;1;1;XEUR;10804525;689;
19.11.2024;16:59:06.323;FGBM SI 20241206 PS;SIMPLE_INSTRUMENT;EFS;EUR;104;118.57000000;520;EXCHANGE_LAST;;1;1;XEUR;10804525;689;
19.11.2024;17:15:59.630;FGBM SI 20241206 PS;SIMPLE_INSTRUMENT;EFS;EUR;105;118.56000000;373;EXCHANGE_LAST;;1;1;XEUR;10804525;689;
19.11.2024;10:55:04.496;FGBM SI 20241206 PS;SIMPLE_INSTRUMENT;VOLA;EUR;268435511;118.81000000;115;EXCHANGE_LAST;;1;1;XEUR;10804525;689;
19.11.2024;08:28:56.197;FGBS SI 20241206 PS;SIMPLE_INSTRUMENT;EFS;EUR;1;106.76000000;1540;EXCHANGE_LAST;;1;1;XEUR;10804527;690;
19.11.2024;08:41:34.064;FGBS SI 20241206 PS;SIMPLE_INSTRUMENT;EFS;EUR;2;106.76000000;5442;EXCHANGE_LAST;;1;1;XEUR;10804527;690;
19.11.2024;08:47:05.211;FGBS SI 20241206 PS;SIMPLE_INSTRUMENT;EFP_FIN;EUR;3;106.76000000;656;EXCHANGE_LAST;;1;1;XEUR;10804527;690;
19.11.2024;09:01:46.531;FGBS SI 20241206 PS;SIMPLE_INSTRUMENT;EFS;EUR;4;106.80000000;2720;EXCHANGE_LAST;;1;1;XEUR;10804527;690;
19.11.2024;09:17:16.280;FGBS SI 20241206 PS;SIMPLE_INSTRUMENT;EFS;EUR;5;106.80000000;2720;EXCHANGE_LAST;;1;1;XEUR;10804527;690;
19.11.2024;09:24:59.368;FGBS SI 20241206 PS;SIMPLE_INSTRUMENT;EFS;EUR;6;106.82000000;2719;EXCHANGE_LAST;;1;1;XEUR;10804527;690;
19.11.2024;09:28:42.488;FGBS SI 20241206 PS;SIMPLE_INSTRUMENT;EFS;EUR;7;106.85500000;1289;EXCHANGE_LAST;;1;1;XEUR;10804527;690;
19.11.2024;09:30:48.386;FGBS SI 20241206 PS;SIMPLE_INSTRUMENT;EFS;EUR;8;106.86000000;5603;EXCHANGE_LAST;;1;1;XEUR;10804527;690;
19.11.2024;09:32:51.622;FGBS SI 20241206 PS;SIMPLE_INSTRUMENT;EFS;EUR;9;106.80000000;1292;EXCHANGE_LAST;;1;1;XEUR;10804527;690;
19.11.2024;09:37:55.409;FGBS SI 20241206 PS;SIMPLE_INSTRUMENT;EFS;EUR;10;106.86000000;1290;EXCHANGE_LAST;;1;1;XEUR;10804527;690;
19.11.2024;09:38:46.412;FGBS SI 20241206 PS;SIMPLE_INSTRUMENT;EFS;EUR;11;106.87000000;1360;EXCHANGE_LAST;;1;1;XEUR;10804527;690;
19.11.2024;09:42:51.090;FGBS SI 20241206 PS;SIMPLE_INSTRUMENT;EFP_FIN;EUR;12;106.87000000;360;EXCHANGE_LAST;;1;1;XEUR;10804527;690;
19.11.2024;09:43:51.263;FGBS SI 20241206 PS;SIMPLE_INSTRUMENT;EFS;EUR;13;106.87500000;1290;EXCHANGE_LAST;;1;1;XEUR;10804527;690;
19.11.2024;09:51:14.806;FGBS SI 20241206 PS;SIMPLE_INSTRUMENT;EFP_FIN;EUR;14;106.76000000;688;EXCHANGE_LAST;;1;1;XEUR;10804527;690;
19.11.2024;09:57:42.902;FGBS SI 20241206 PS;SIMPLE_INSTRUMENT;EFP_FIN;EUR;15;106.85000000;820;EXCHANGE_LAST;;1;1;XEUR;10804527;690;
19.11.2024;10:13:22.551;FGBS SI 20241206 PS;SIMPLE_INSTRUMENT;EFP_FIN;EUR;16;106.81000000;2229;EXCHANGE_LAST;;1;1;XEUR;10804527;690;
19.11.2024;10:13:24.737;FGBS SI 20241206 PS;SIMPLE_INSTRUMENT;EFS;EUR;17;106.83000000;8156;EXCHANGE_LAST;;1;1;XEUR;10804527;690;
19.11.2024;10:15:43.022;FGBS SI 20241206 PS;SIMPLE_INSTRUMENT;EFS;EUR;18;106.79000000;1000;EXCHANGE_LAST;;1;1;XEUR;10804527;690;
19.11.2024;10:21:23.406;FGBS SI 20241206 PS;SIMPLE_INSTRUMENT;EFP_FIN;EUR;19;106.82000000;1891;EXCHANGE_LAST;;1;1;XEUR;10804527;690;
19.11.2024;10:26:23.677;FGBS SI 20241206 PS;SIMPLE_INSTRUMENT;EFP_FIN;EUR;20;106.80000000;287;EXCHANGE_LAST;;1;1;XEUR;10804527;690;
19.11.2024;10:42:01.335;FGBS SI 20241206 PS;SIMPLE_INSTRUMENT;EFP_FIN;EUR;21;106.81000000;1892;EXCHANGE_LAST;;1;1;XEUR;10804527;690;
19.11.2024;10:49:36.581;FGBS SI 20241206 PS;SIMPLE_INSTRUMENT;EFP_FIN;EUR;22;106.80000000;2645;EXCHANGE_LAST;;1;1;XEUR;10804527;690;
19.11.2024;10:50:17.340;FGBS SI 20241206 PS;SIMPLE_INSTRUMENT;EFS;EUR;23;106.81000000;2719;EXCHANGE_LAST;;1;1;XEUR;10804527;690;
19.11.2024;10:55:18.214;FGBS SI 20241206 PS;SIMPLE_INSTRUMENT;EFS;EUR;24;106.81000000;1360;EXCHANGE_LAST;;1;1;XEUR;10804527;690;
19.11.2024;10:56:51.779;FGBS SI 20241206 PS;SIMPLE_INSTRUMENT;EFS;EUR;25;106.81000000;1360;EXCHANGE_LAST;;1;1;XEUR;10804527;690;
19.11.2024;11:07:03.689;FGBS SI 20241206 PS;SIMPLE_INSTRUMENT;EFS;EUR;26;106.81000000;2719;EXCHANGE_LAST;;1;1;XEUR;10804527;690;
19.11.2024;11:19:40.036;FGBS SI 20241206 PS;SIMPLE_INSTRUMENT;EFP_FIN;EUR;27;106.81000000;295;EXCHANGE_LAST;;1;1;XEUR;10804527;690;
19.11.2024;11:20:01.055;FGBS SI 20241206 PS;SIMPLE_INSTRUMENT;EFP_FIN;EUR;28;106.81000000;1283;EXCHANGE_LAST;;1;1;XEUR;10804527;690;
19.11.2024;11:20:08.390;FGBS SI 20250306 PS;SIMPLE_INSTRUMENT;EFP_FIN;EUR;29;107.07000000;935;EXCHANGE_LAST;;1;1;XEUR;11286681;690;
19.11.2024;11:27:43.503;FGBS SI 20241206 PS;SIMPLE_INSTRUMENT;EFP_FIN;EUR;30;106.80500000;295;EXCHANGE_LAST;;1;1;XEUR;10804527;690;
19.11.2024;11:27:45.414;FGBS SI 20241206 PS;SIMPLE_INSTRUMENT;EFS;EUR;31;106.81000000;1292;EXCHANGE_LAST;;1;1;XEUR;10804527;690;
19.11.2024;11:37:41.380;FGBS SI 20241206 PS;SIMPLE_INSTRUMENT;EFP_FIN;EUR;32;106.81500000;1891;EXCHANGE_LAST;;1;1;XEUR;10804527;690;
19.11.2024;11:40:13.938;FGBS SI 20241206 PS;SIMPLE_INSTRUMENT;EFS;EUR;33;106.82000000;272;EXCHANGE_LAST;;1;1;XEUR;10804527;690;
19.11.2024;11:50:54.612;FGBS SI 20241206 PS;SIMPLE_INSTRUMENT;EFS;EUR;35;106.82000000;7731;EXCHANGE_LAST;;1;1;XEUR;10804527;690;
19.11.2024;11:55:36.402;FGBS SI 20241206 PS;SIMPLE_INSTRUMENT;EFS;EUR;36;106.81000000;2176;EXCHANGE_LAST;;1;1;XEUR;10804527;690;
19.11.2024;11:59:31.887;FGBS SI 20241206 PS;SIMPLE_INSTRUMENT;EFP_FIN;EUR;37;106.80000000;641;EXCHANGE_LAST;;1;1;XEUR;10804527;690;
19.11.2024;12:02:46.829;FGBS SI 20241206 PS;SIMPLE_INSTRUMENT;EFP_FIN;EUR;38;106.82000000;3452;EXCHANGE_LAST;;1;1;XEUR;10804527;690;
19.11.2024;12:05:48.927;FGBS SI 20241206 PS;SIMPLE_INSTRUMENT;EFS;EUR;39;106.77500000;2721;EXCHANGE_LAST;;1;1;XEUR;10804527;690;
19.11.2024;12:06:58.640;FGBS SI 20241206 PS;SIMPLE_INSTRUMENT;EFP_FIN;EUR;40;106.77000000;2208;EXCHANGE_LAST;;1;1;XEUR;10804527;690;
19.11.2024;12:08:21.609;FGBS SI 20241206 PS;SIMPLE_INSTRUMENT;EFP_FIN;EUR;41;106.82000000;1524;EXCHANGE_LAST;;1;1;XEUR;10804527;690;
19.11.2024;12:09:17.383;FGBS SI 20241206 PS;SIMPLE_INSTRUMENT;EFS;EUR;42;106.81000000;1360;EXCHANGE_LAST;;1;1;XEUR;10804527;690;
19.11.2024;12:21:58.165;FGBS SI 20241206 PS;SIMPLE_INSTRUMENT;EFP_FIN;EUR;43;106.77000000;2912;EXCHANGE_LAST;;1;1;XEUR;10804527;690;
19.11.2024;12:22:16.091;FGBS SI 20241206 PS;SIMPLE_INSTRUMENT;EFP_FIN;EUR;44;106.77000000;1456;EXCHANGE_LAST;;1;1;XEUR;10804527;690;
19.11.2024;12:30:00.404;FGBS SI 20241206 PS;SIMPLE_INSTRUMENT;BLOCK;EUR;45;106.77500000;5823;EXCHANGE_LAST;;1;1;XEUR;10804527;690;
19.11.2024;12:38:41.208;FGBS SI 20241206 PS;SIMPLE_INSTRUMENT;EFS;EUR;46;106.77000000;1290;EXCHANGE_LAST;;1;1;XEUR;10804527;690;
19.11.2024;12:43:37.666;FGBS SI 20241206 PS;SIMPLE_INSTRUMENT;EFP_FIN;EUR;47;106.77000000;360;EXCHANGE_LAST;;1;1;XEUR;10804527;690;
19.11.2024;12:51:46.577;FGBS SI 20241206 PS;SIMPLE_INSTRUMENT;EFS;EUR;50;106.75000000;1361;EXCHANGE_LAST;;1;1;XEUR;10804527;690;
19.11.2024;12:59:50.199;FGBS SI 20241206 PS;SIMPLE_INSTRUMENT;EFS;EUR;51;106.75000000;1361;EXCHANGE_LAST;;1;1;XEUR;10804527;690;
19.11.2024;13:15:39.657;FGBS SI 20241206 PS;SIMPLE_INSTRUMENT;EFS;EUR;52;106.76000000;1633;EXCHANGE_LAST;;1;1;XEUR;10804527;690;
19.11.2024;13:17:14.080;FGBS SI 20241206 PS;SIMPLE_INSTRUMENT;EFP_FIN;EUR;53;106.75000000;1165;EXCHANGE_LAST;;1;1;XEUR;10804527;690;
19.11.2024;13:34:30.026;FGBS SI 20241206 PS;SIMPLE_INSTRUMENT;EFP_FIN;EUR;54;106.79000000;2548;EXCHANGE_LAST;;1;1;XEUR;10804527;690;
19.11.2024;13:53:59.071;FGBS SI 20241206 PS;SIMPLE_INSTRUMENT;EFS;EUR;55;106.76500000;2721;EXCHANGE_LAST;;1;1;XEUR;10804527;690;
19.11.2024;13:53:59.071;FGBS SI 20241206 PS;SIMPLE_INSTRUMENT;EFP_FIN;EUR;56;106.77000000;2119;EXCHANGE_LAST;;1;1;XEUR;10804527;690;
19.11.2024;13:57:17.719;FGBS SI 20241206 PS;SIMPLE_INSTRUMENT;EFS;EUR;57;106.76000000;13602;EXCHANGE_LAST;;1;1;XEUR;10804527;690;
19.11.2024;14:07:29.879;FGBS SI 20241206 PS;SIMPLE_INSTRUMENT;EFS;EUR;58;106.77500000;2721;EXCHANGE_LAST;;1;1;XEUR;10804527;690;
19.11.2024;14:14:07.805;FGBS SI 20241206 PS;SIMPLE_INSTRUMENT;EFS;EUR;59;106.77000000;2721;EXCHANGE_LAST;;1;1;XEUR;10804527;690;
19.11.2024;14:23:57.114;FGBS SI 20241206 PS;SIMPLE_INSTRUMENT;EFS;EUR;60;106.77500000;2176;EXCHANGE_LAST;;1;1;XEUR;10804527;690;
19.11.2024;14:24:09.805;FGBS SI 20241206 PS;SIMPLE_INSTRUMENT;EFS;EUR;61;106.74000000;3856;EXCHANGE_LAST;;1;1;XEUR;10804527;690;
19.11.2024;14:31:20.163;FGBS SI 20241206 PS;SIMPLE_INSTRUMENT;EFS;EUR;62;106.74500000;4083;EXCHANGE_LAST;;1;1;XEUR;10804527;690;
19.11.2024;14:36:11.845;FGBS SI 20241206 PS;SIMPLE_INSTRUMENT;EFS;EUR;63;106.74000000;1285;EXCHANGE_LAST;;1;1;XEUR;10804527;690;
19.11.2024;14:40:09.972;FGBS SI 20241206 PS;SIMPLE_INSTRUMENT;EFP_FIN;EUR;64;106.74000000;447;EXCHANGE_LAST;;1;1;XEUR;10804527;690;
19.11.2024;14:46:19.097;FGBS SI 20241206 PS;SIMPLE_INSTRUMENT;EFS;EUR;65;106.75500000;3087;EXCHANGE_LAST;;1;1;XEUR;10804527;690;
19.11.2024;14:49:27.589;FGBS SI 20241206 PS;SIMPLE_INSTRUMENT;BLOCK;EUR;67;106.73000000;10283;EXCHANGE_LAST;;1;1;XEUR;10804527;690;
19.11.2024;14:55:04.081;FGBS SI 20241206 PS;SIMPLE_INSTRUMENT;BLOCK;EUR;68;106.75000000;10000;EXCHANGE_LAST;;1;1;XEUR;10804527;690;
19.11.2024;15:00:21.215;FGBS SI 20241206 PS;SIMPLE_INSTRUMENT;EFP_FIN;EUR;69;106.74000000;146;EXCHANGE_LAST;;1;1;XEUR;10804527;690;
19.11.2024;15:01:35.926;FGBS SI 20241206 PS;SIMPLE_INSTRUMENT;EFS;EUR;70;106.75000000;10276;EXCHANGE_LAST;;1;1;XEUR;10804527;690;
19.11.2024;15:16:00.692;FGBS SI 20241206 PS;SIMPLE_INSTRUMENT;EFS;EUR;71;106.76500000;1288;EXCHANGE_LAST;;1;1;XEUR;10804527;690;
19.11.2024;15:54:03.088;FGBS SI 20241206 PS;SIMPLE_INSTRUMENT;EFS;EUR;73;106.77000000;2721;EXCHANGE_LAST;;1;1;XEUR;10804527;690;
19.11.2024;15:54:47.034;FGBS SI 20241206 PS;SIMPLE_INSTRUMENT;EFS;EUR;74;106.78000000;2720;EXCHANGE_LAST;;1;1;XEUR;10804527;690;
19.11.2024;15:58:05.232;FGBS SI 20241206 PS;SIMPLE_INSTRUMENT;EFP_FIN;EUR;75;106.79000000;249;EXCHANGE_LAST;;1;1;XEUR;10804527;690;
19.11.2024;15:59:56.109;FGBS SI 20241206 PS;SIMPLE_INSTRUMENT;EFS;EUR;76;106.78000000;436;EXCHANGE_LAST;;1;1;XEUR;10804527;690;
19.11.2024;15:59:58.722;FGBS SI 20241206 PS;SIMPLE_INSTRUMENT;EFS;EUR;77;106.77500000;948;EXCHANGE_LAST;;1;1;XEUR;10804527;690;
19.11.2024;16:02:55.674;FGBS SI 20241206 PS;SIMPLE_INSTRUMENT;EFS;EUR;78;106.77000000;1072;EXCHANGE_LAST;;1;1;XEUR;10804527;690;
19.11.2024;16:06:23.684;FGBS SI 20241206 PS;SIMPLE_INSTRUMENT;EFS;EUR;79;106.77000000;289;EXCHANGE_LAST;;1;1;XEUR;10804527;690;
19.11.2024;16:18:59.376;FGBS SI 20241206 PS;SIMPLE_INSTRUMENT;EFP_FIN;EUR;81;106.78000000;1749;EXCHANGE_LAST;;1;1;XEUR;10804527;690;
19.11.2024;16:20:33.843;FGBS SI 20241206 PS;SIMPLE_INSTRUMENT;EFS;EUR;82;106.76500000;1361;EXCHANGE_LAST;;1;1;XEUR;10804527;690;
19.11.2024;16:21:26.869;FGBS SI 20241206 PS;SIMPLE_INSTRUMENT;EFS;EUR;83;106.78000000;2721;EXCHANGE_LAST;;1;1;XEUR;10804527;690;
19.11.2024;16:40:45.239;FGBS SI 20241206 PS;SIMPLE_INSTRUMENT;EFS;EUR;84;106.77000000;2721;EXCHANGE_LAST;;1;1;XEUR;10804527;690;
19.11.2024;16:41:27.990;FGBS SI 20241206 PS;SIMPLE_INSTRUMENT;EFP_FIN;EUR;85;106.76000000;936;EXCHANGE_LAST;;1;1;XEUR;10804527;690;
19.11.2024;16:54:43.881;FGBS SI 20241206 PS;SIMPLE_INSTRUMENT;EFS;EUR;86;106.75500000;1287;EXCHANGE_LAST;;1;1;XEUR;10804527;690;
19.11.2024;16:57:08.804;FGBS SI 20241206 PS;SIMPLE_INSTRUMENT;EFS;EUR;87;106.80000000;3629;EXCHANGE_LAST;;1;1;XEUR;10804527;690;
19.11.2024;17:12:37.075;FGBS SI 20241206 PS;SIMPLE_INSTRUMENT;EFS;EUR;88;106.75000000;2177;EXCHANGE_LAST;;1;1;XEUR;10804527;690;
19.11.2024;18:00:42.531;FGBS SI 20241206 PS;SIMPLE_INSTRUMENT;EFS;EUR;89;106.75500000;1285;EXCHANGE_LAST;;1;1;XEUR;10804527;690;
19.11.2024;14:18:48.556;FGBS SI 20250306 PS;SIMPLE_INSTRUMENT;VOLA;EUR;268435535;107.00000000;15;EXCHANGE_LAST;;1;1;XEUR;11286681;690;
19.11.2024;08:17:30.289;FGBX SI 20241206 PS;SIMPLE_INSTRUMENT;BLOCK;EUR;1;133.54000000;571;EXCHANGE_LAST;;1;1;XEUR;10804526;691;
19.11.2024;09:07:08.531;FGBX SI 20241206 PS;SIMPLE_INSTRUMENT;EFS;EUR;2;134.44000000;90;EXCHANGE_LAST;;1;1;XEUR;10804526;691;
19.11.2024;09:11:35.557;FGBX SI 20241206 PS;SIMPLE_INSTRUMENT;EFS;EUR;3;134.42000000;89;EXCHANGE_LAST;;1;1;XEUR;10804526;691;
19.11.2024;09:43:41.660;FGBX SI 20241206 PS;SIMPLE_INSTRUMENT;EFS;EUR;5;135.24000000;200;EXCHANGE_LAST;;1;1;XEUR;10804526;691;
19.11.2024;09:50:16.532;FGBX SI 20241206 PS;SIMPLE_INSTRUMENT;EFS;EUR;6;135.10000000;107;EXCHANGE_LAST;;1;1;XEUR;10804526;691;
19.11.2024;09:51:54.990;FGBX SI 20241206 PS;SIMPLE_INSTRUMENT;EFS;EUR;7;135.08000000;107;EXCHANGE_LAST;;1;1;XEUR;10804526;691;
19.11.2024;10:01:04.022;FGBX SI 20241206 PS;SIMPLE_INSTRUMENT;EFS;EUR;9;135.08000000;2;EXCHANGE_LAST;;1;1;XEUR;10804526;691;
19.11.2024;10:19:32.378;FGBX SI 20241206 PS;SIMPLE_INSTRUMENT;EFS;EUR;10;134.64000000;89;EXCHANGE_LAST;;1;1;XEUR;10804526;691;
19.11.2024;10:22:05.991;FGBX SI 20241206 PS;SIMPLE_INSTRUMENT;EFP_FIN;EUR;11;134.70000000;235;EXCHANGE_LAST;;1;1;XEUR;10804526;691;
19.11.2024;10:22:15.188;FGBX SI 20241206 PS;SIMPLE_INSTRUMENT;EFP_FIN;EUR;12;134.76000000;371;EXCHANGE_LAST;;1;1;XEUR;10804526;691;
19.11.2024;10:32:01.760;FGBX SI 20241206 PS;SIMPLE_INSTRUMENT;EFS;EUR;13;134.70000000;90;EXCHANGE_LAST;;1;1;XEUR;10804526;691;
19.11.2024;10:59:57.281;FGBX SI 20241206 PS;SIMPLE_INSTRUMENT;EFP_FIN;EUR;14;134.32000000;86;EXCHANGE_LAST;;1;1;XEUR;10804526;691;
19.11.2024;11:05:46.685;FGBX SI 20241206 PS;SIMPLE_INSTRUMENT;EFP_FIN;EUR;15;134.28000000;297;EXCHANGE_LAST;;1;1;XEUR;10804526;691;
19.11.2024;11:18:08.040;FGBX SI 20241206 PS;SIMPLE_INSTRUMENT;EFP_FIN;EUR;16;134.26000000;86;EXCHANGE_LAST;;1;1;XEUR;10804526;691;
19.11.2024;11:18:49.681;FGBX SI 20241206 PS;SIMPLE_INSTRUMENT;EFP_FIN;EUR;17;134.76000000;742;EXCHANGE_LAST;;1;1;XEUR;10804526;691;
19.11.2024;11:26:27.350;FGBX SI 20241206 PS;SIMPLE_INSTRUMENT;BLOCK;EUR;18;134.30000000;379;EXCHANGE_LAST;;1;1;XEUR;10804526;691;
19.11.2024;11:43:09.912;FGBX SI 20241206 PS;SIMPLE_INSTRUMENT;EFP_FIN;EUR;19;134.42000000;85;EXCHANGE_LAST;;1;1;XEUR;10804526;691;
19.11.2024;12:14:21.981;FGBX SI 20241206 PS;SIMPLE_INSTRUMENT;EFP_FIN;EUR;20;134.72000000;370;EXCHANGE_LAST;;1;1;XEUR;10804526;691;
19.11.2024;12:41:25.482;FGBX SI 20241206 PS;SIMPLE_INSTRUMENT;EFS;EUR;21;133.80000000;360;EXCHANGE_LAST;;1;1;XEUR;10804526;691;
19.11.2024;12:47:32.718;FGBX SI 20241206 PS;SIMPLE_INSTRUMENT;EFP_FIN;EUR;23;133.64000000;742;EXCHANGE_LAST;;1;1;XEUR;10804526;691;
19.11.2024;12:51:54.578;FGBX SI 20241206 PS;SIMPLE_INSTRUMENT;EFS;EUR;25;133.76000000;90;EXCHANGE_LAST;;1;1;XEUR;10804526;691;
19.11.2024;13:04:30.265;FGBX SI 20241206 PS;SIMPLE_INSTRUMENT;EFS;EUR;26;133.70000000;90;EXCHANGE_LAST;;1;1;XEUR;10804526;691;
19.11.2024;13:51:06.803;FGBX SI 20241206 PS;SIMPLE_INSTRUMENT;EFP_FIN;EUR;28;133.90000000;61;EXCHANGE_LAST;;1;1;XEUR;10804526;691;
19.11.2024;13:59:26.976;FGBX SI 20241206 PS;SIMPLE_INSTRUMENT;EFP_FIN;EUR;29;134.06000000;371;EXCHANGE_LAST;;1;1;XEUR;10804526;691;
19.11.2024;14:20:12.558;FGBX SI 20241206 PS;SIMPLE_INSTRUMENT;EFP_FIN;EUR;31;134.34000000;111;EXCHANGE_LAST;;1;1;XEUR;10804526;691;
19.11.2024;14:23:32.589;FGBX SI 20241206 PS;SIMPLE_INSTRUMENT;EFS;EUR;32;133.70000000;60;EXCHANGE_LAST;;1;1;XEUR;10804526;691;
19.11.2024;14:43:35.388;FGBX SI 20241206 PS;SIMPLE_INSTRUMENT;EFS;EUR;33;133.56000000;180;EXCHANGE_LAST;;1;1;XEUR;10804526;691;
19.11.2024;15:03:12.865;FGBX SI 20241206 PS;SIMPLE_INSTRUMENT;EFP_FIN;EUR;34;133.50000000;183;EXCHANGE_LAST;;1;1;XEUR;10804526;691;
19.11.2024;15:16:21.565;FGBX SI 20241206 PS;SIMPLE_INSTRUMENT;EFP_FIN;EUR;37;133.64000000;244;EXCHANGE_LAST;;1;1;XEUR;10804526;691;
19.11.2024;15:21:57.580;FGBX SI 20241206 PS;SIMPLE_INSTRUMENT;EFS;EUR;39;133.56000000;118;EXCHANGE_LAST;;1;1;XEUR;10804526;691;
19.11.2024;16:28:31.294;FGBX SI 20241206 PS;SIMPLE_INSTRUMENT;EFS;EUR;42;133.98000000;84;EXCHANGE_LAST;;1;1;XEUR;10804526;691;
19.11.2024;01:44:40.562;FMCH SI 20241220 CS;SIMPLE_INSTRUMENT;BLOCK;USD;2;510.00000000;64;EXCHANGE_LAST;;1;1;XEUR;7196792;402909;
19.11.2024;04:58:06.212;FMCH SI 20241220 CS;SIMPLE_INSTRUMENT;BLOCK;USD;6;505.76600000;212;EXCHANGE_LAST;;1;1;XEUR;7196792;402909;
19.11.2024;07:59:42.326;FMCH SI 20241220 CS;SIMPLE_INSTRUMENT;BLOCK;USD;20;505.76600000;400;EXCHANGE_LAST;;1;1;XEUR;7196792;402909;
19.11.2024;15:04:27.811;FMDK SI 20241220 CS;SIMPLE_INSTRUMENT;BLOCK;USD;41;8504.00000000;4114;EXCHANGE_LAST;;2;1;XEUR;7193448;48919;
19.11.2024;15:04:50.735;FMDK SI 20250321 CS;SIMPLE_INSTRUMENT;BLOCK;USD;42;8621.78000000;4058;EXCHANGE_LAST;;1;2;XEUR;7590771;48919;
19.11.2024;02:33:23.234;FMEA SI 20241220 CS;SIMPLE_INSTRUMENT;BLOCK;USD;3;689.47900000;3185;EXCHANGE_LAST;;1;1;XEUR;7191938;12395;
19.11.2024;10:52:39.708;FMED SI 20241220 CS;SIMPLE_INSTRUMENT;BLOCK;USD;31;9163.00000000;1091;EXCHANGE_LAST;;1;1;XEUR;7193401;48144;
19.11.2024;10:53:39.850;FMED SI 20250321 CS;SIMPLE_INSTRUMENT;BLOCK;USD;32;9283.03500000;1077;EXCHANGE_LAST;;1;1;XEUR;7590729;48144;
19.11.2024;10:56:09.002;FMED SI 20241220 CS;SIMPLE_INSTRUMENT;BLOCK;USD;33;9160.00000000;1638;EXCHANGE_LAST;;1;1;XEUR;7193401;48144;
19.11.2024;10:57:23.104;FMED SI 20250321 CS;SIMPLE_INSTRUMENT;BLOCK;USD;34;9280.91200000;1617;EXCHANGE_LAST;;1;1;XEUR;7590729;48144;
19.11.2024;09:43:45.126;FMEE SI 20241220 CS;SIMPLE_INSTRUMENT;BLOCK;USD;30;312.81800000;376;EXCHANGE_LAST;;1;1;XEUR;7191941;12396;
19.11.2024;11:17:49.994;FMEF SI 20241220 CS;SIMPLE_INSTRUMENT;BLOCK;USD;35;1092.00000000;25;EXCHANGE_LAST;;1;1;XEUR;7192304;30657;
19.11.2024;11:23:39.190;FMEF SI 20241220 CS;SIMPLE_INSTRUMENT;BLOCK;USD;36;1092.00000000;25;EXCHANGE_LAST;;1;1;XEUR;7192304;30657;
19.11.2024;07:47:05.935;FMEL SI 20241220 CS;SIMPLE_INSTRUMENT;BLOCK;USD;15;525.38500000;137;EXCHANGE_LAST;;1;1;XEUR;7191942;12397;
19.11.2024;07:16:48.865;FMEN SI 20241220 CS;SIMPLE_INSTRUMENT;EFP_IDX;EUR;11;516.79600000;6443;EXCHANGE_LAST;;1;1;XEUR;7192297;30652;
19.11.2024;07:28:22.555;FMEN SI 20241220 CS;SIMPLE_INSTRUMENT;BLOCK;EUR;13;516.97600000;277;EXCHANGE_LAST;;1;1;XEUR;7192297;30652;
19.11.2024;07:21:21.231;FMES SI 20241220 CS;SIMPLE_INSTRUMENT;BLOCK;EUR;12;552.30500000;15;EXCHANGE_LAST;;1;1;XEUR;7194760;221291;
19.11.2024;08:36:11.399;FMGM SI 20241220 CS;SIMPLE_INSTRUMENT;BLOCK;USD;26;4708.48000000;50;EXCHANGE_LAST;;1;1;XEUR;8609377;583626;
19.11.2024;14:55:18.480;FMGO SI 20241220 CS;SIMPLE_INSTRUMENT;BLOCK;USD;40;5195.00000000;64;EXCHANGE_LAST;;1;1;XEUR;8609363;583623;
19.11.2024;08:35:33.476;FMGQ SI 20241220 CS;SIMPLE_INSTRUMENT;BLOCK;USD;25;5001.55000000;13;EXCHANGE_LAST;;1;1;XEUR;8609380;583625;
19.11.2024;17:21:53.965;FMGS SI 20241220 CS;SIMPLE_INSTRUMENT;BLOCK;USD;45;27035.00000000;370;EXCHANGE_LAST;;1;1;XEUR;7193445;48912;
19.11.2024;17:22:10.990;FMGS SI 20250321 CS;SIMPLE_INSTRUMENT;BLOCK;USD;46;27421.60100000;365;EXCHANGE_LAST;;1;1;XEUR;7590768;48912;
19.11.2024;01:43:28.557;FMHK SI 20241220 CS;SIMPLE_INSTRUMENT;BLOCK;USD;1;57140.00000000;17;EXCHANGE_LAST;;1;1;XEUR;7192592;45282;
19.11.2024;08:05:27.300;FMHK SI 20241220 CS;SIMPLE_INSTRUMENT;BLOCK;USD;23;57200.00000000;12;EXCHANGE_LAST;;1;1;XEUR;7192592;45282;
19.11.2024;03:08:25.442;FMID SI 20241220 CS;SIMPLE_INSTRUMENT;BLOCK;USD;3;1664.69600000;191;EXCHANGE_LAST;;1;2;XEUR;7192610;45289;
19.11.2024;04:36:12.880;FMIN SI 20241220 CS;SIMPLE_INSTRUMENT;BLOCK;USD;4;1255.24600000;182;EXCHANGE_LAST;;1;1;XEUR;7191968;12404;
19.11.2024;05:12:23.434;FMIN SI 20241220 CS;SIMPLE_INSTRUMENT;BLOCK;USD;8;1255.24600000;26;EXCHANGE_LAST;;1;1;XEUR;7191968;12404;
19.11.2024;07:01:43.101;FMIN SI 20241220 CS;SIMPLE_INSTRUMENT;BLOCK;USD;10;1255.87200000;126;EXCHANGE_LAST;;1;1;XEUR;7191968;12404;
19.11.2024;08:01:52.438;FMIN SI 20241220 CS;SIMPLE_INSTRUMENT;BLOCK;USD;18;1255.24600000;39;EXCHANGE_LAST;;1;1;XEUR;7191968;12404;
19.11.2024;07:59:32.982;FMIN SI 20241220 CS;SIMPLE_INSTRUMENT;BLOCK;USD;21;1255.24600000;80;EXCHANGE_LAST;;1;1;XEUR;7191968;12404;
19.11.2024;08:14:27.347;FMIN SI 20241220 CS;SIMPLE_INSTRUMENT;BLOCK;USD;24;1255.24600000;80;EXCHANGE_LAST;;1;1;XEUR;7191968;12404;
19.11.2024;09:31:51.344;FMIN SI 20241220 CS;SIMPLE_INSTRUMENT;BLOCK;USD;29;1255.49600000;126;EXCHANGE_LAST;;1;1;XEUR;7191968;12404;
19.11.2024;04:57:08.416;FMMY SI 20241220 CS;SIMPLE_INSTRUMENT;BLOCK;USD;5;384.15400000;40;EXCHANGE_LAST;;1;1;XEUR;7191971;12405;
19.11.2024;04:57:45.351;FMPH SI 20241220 CS;SIMPLE_INSTRUMENT;BLOCK;USD;6;433.48000000;82;EXCHANGE_LAST;;1;1;XEUR;7191985;12548;
19.11.2024;07:55:55.823;FMSA SI 20241220 CS;SIMPLE_INSTRUMENT;BLOCK;USD;19;1765.29200000;115;EXCHANGE_LAST;;1;1;XEUR;7194630;134861;
19.11.2024;13:21:24.851;FMSA SI 20241220 CS;SIMPLE_INSTRUMENT;BLOCK;USD;38;1771.01400000;193;EXCHANGE_LAST;;1;1;XEUR;7194630;134861;
19.11.2024;13:21:48.298;FMSA SI 20241220 CS;SIMPLE_INSTRUMENT;BLOCK;USD;39;1771.01500000;48;EXCHANGE_LAST;;1;1;XEUR;7194630;134861;
19.11.2024;03:05:03.325;FMTW SI 20241220 CS;SIMPLE_INSTRUMENT;BLOCK;USD;1;813.18000000;224;EXCHANGE_LAST;;1;1;XEUR;7193559;51884;
19.11.2024;07:30:48.647;FMWN SI 20241220 CS;SIMPLE_INSTRUMENT;BLOCK;EUR;14;572.08000000;350;EXCHANGE_LAST;;1;1;XEUR;7192300;30654;
19.11.2024;08:05:21.224;FMWN SI 20241220 CS;SIMPLE_INSTRUMENT;EFP_IDX;EUR;22;571.85000000;43;EXCHANGE_LAST;;1;1;XEUR;7192300;30654;
19.11.2024;07:58:42.261;FMWO SI 20241220 CS;SIMPLE_INSTRUMENT;EFP_IDX;USD;16;11826.37000000;201;EXCHANGE_LAST;;1;1;XEUR;7191849;7059;
19.11.2024;07:59:42.773;FMWO SI 20241220 CS;SIMPLE_INSTRUMENT;EFP_IDX;USD;17;11826.37000000;13;EXCHANGE_LAST;;1;1;XEUR;7191849;7059;
19.11.2024;08:49:32.755;FMWO SI 20241220 CS;SIMPLE_INSTRUMENT;EFP_IDX;USD;27;11826.37000000;23;EXCHANGE_LAST;;1;1;XEUR;7191849;7059;
19.11.2024;08:49:34.269;FMWO SI 20241220 CS;SIMPLE_INSTRUMENT;EFP_IDX;USD;28;11826.37000000;22;EXCHANGE_LAST;;1;1;XEUR;7191849;7059;
19.11.2024;18:05:57.027;FMWO SI 20241220 CS;SIMPLE_INSTRUMENT;BLOCK;USD;47;11850.00000000;845;EXCHANGE_LAST;;1;1;XEUR;7191849;7059;
19.11.2024;18:06:09.065;FMWO SI 20281215 CS;SIMPLE_INSTRUMENT;BLOCK;USD;48;14125.20000000;845;EXCHANGE_LAST;;1;1;XEUR;10468566;7059;
19.11.2024;08:20:31.692;FOAT SI 20241206 PS;SIMPLE_INSTRUMENT;EFP_FIN;EUR;1;125.20000000;388;EXCHANGE_LAST;;1;1;XEUR;10804528;749;
19.11.2024;08:47:59.381;FOAT SI 20241206 PS;SIMPLE_INSTRUMENT;EFP_FIN;EUR;2;125.34000000;982;EXCHANGE_LAST;;1;1;XEUR;10804528;749;
19.11.2024;09:07:28.221;FOAT SI 20241206 PS;SIMPLE_INSTRUMENT;EFP_FIN;EUR;3;125.46000000;235;EXCHANGE_LAST;;1;1;XEUR;10804528;749;
19.11.2024;09:07:42.101;FOAT SI 20241206 PS;SIMPLE_INSTRUMENT;EFP_FIN;EUR;4;125.30000000;831;EXCHANGE_LAST;;1;1;XEUR;10804528;749;
19.11.2024;09:36:20.008;FOAT SI 20241206 PS;SIMPLE_INSTRUMENT;EFS;EUR;5;125.55000000;105;EXCHANGE_LAST;;1;1;XEUR;10804528;749;
19.11.2024;09:36:31.264;FOAT SI 20241206 PS;SIMPLE_INSTRUMENT;EFP_FIN;EUR;6;125.50000000;354;EXCHANGE_LAST;;1;1;XEUR;10804528;749;
19.11.2024;09:37:45.068;FOAT SI 20241206 PS;SIMPLE_INSTRUMENT;EFP_FIN;EUR;7;125.36000000;415;EXCHANGE_LAST;;1;1;XEUR;10804528;749;
19.11.2024;10:48:53.281;FOAT SI 20241206 PS;SIMPLE_INSTRUMENT;EFP_FIN;EUR;8;125.36000000;831;EXCHANGE_LAST;;1;1;XEUR;10804528;749;
19.11.2024;11:04:09.570;FOAT SI 20241206 PS;SIMPLE_INSTRUMENT;EFP_FIN;EUR;9;125.35000000;2491;EXCHANGE_LAST;;1;1;XEUR;10804528;749;
19.11.2024;11:08:03.612;FOAT SI 20241206 PS;SIMPLE_INSTRUMENT;EFP_FIN;EUR;10;125.41000000;1245;EXCHANGE_LAST;;1;1;XEUR;10804528;749;
19.11.2024;11:09:26.445;FOAT SI 20241206 PS;SIMPLE_INSTRUMENT;EFP_FIN;EUR;11;125.30000000;830;EXCHANGE_LAST;;1;1;XEUR;10804528;749;
19.11.2024;11:15:03.655;FOAT SI 20241206 PS;SIMPLE_INSTRUMENT;EFP_FIN;EUR;12;125.27000000;977;EXCHANGE_LAST;;1;1;XEUR;10804528;749;
19.11.2024;11:30:07.786;FOAT SI 20241206 PS;SIMPLE_INSTRUMENT;EFP_FIN;EUR;13;125.29000000;211;EXCHANGE_LAST;;1;1;XEUR;10804528;749;
19.11.2024;11:37:29.765;FOAT SI 20241206 PS;SIMPLE_INSTRUMENT;EFP_FIN;EUR;14;125.32000000;1080;EXCHANGE_LAST;;1;1;XEUR;10804528;749;
19.11.2024;11:44:24.631;FOAT SI 20241206 PS;SIMPLE_INSTRUMENT;EFP_FIN;EUR;15;125.33000000;1246;EXCHANGE_LAST;;1;1;XEUR;10804528;749;
19.11.2024;11:46:51.495;FOAT SI 20241206 PS;SIMPLE_INSTRUMENT;EFP_FIN;EUR;16;125.27000000;1661;EXCHANGE_LAST;;1;1;XEUR;10804528;749;
19.11.2024;11:49:20.187;FOAT SI 20241206 PS;SIMPLE_INSTRUMENT;EFP_FIN;EUR;17;125.34000000;617;EXCHANGE_LAST;;1;1;XEUR;10804528;749;
19.11.2024;11:49:31.493;FOAT SI 20241206 PS;SIMPLE_INSTRUMENT;EFP_FIN;EUR;18;125.33000000;3323;EXCHANGE_LAST;;1;1;XEUR;10804528;749;
19.11.2024;12:08:30.735;FOAT SI 20241206 PS;SIMPLE_INSTRUMENT;EFP_FIN;EUR;19;125.28000000;830;EXCHANGE_LAST;;1;1;XEUR;10804528;749;
19.11.2024;12:39:40.030;FOAT SI 20241206 PS;SIMPLE_INSTRUMENT;EFP_FIN;EUR;20;125.11000000;706;EXCHANGE_LAST;;1;1;XEUR;10804528;749;
19.11.2024;13:03:17.453;FOAT SI 20241206 PS;SIMPLE_INSTRUMENT;EFP_FIN;EUR;21;125.10000000;521;EXCHANGE_LAST;;1;1;XEUR;10804528;749;
19.11.2024;13:07:57.131;FOAT SI 20241206 PS;SIMPLE_INSTRUMENT;EFP_FIN;EUR;22;125.14000000;520;EXCHANGE_LAST;;1;1;XEUR;10804528;749;
19.11.2024;13:08:27.426;FOAT SI 20241206 PS;SIMPLE_INSTRUMENT;EFP_FIN;EUR;23;125.09000000;830;EXCHANGE_LAST;;1;1;XEUR;10804528;749;
19.11.2024;13:08:57.025;FOAT SI 20241206 PS;SIMPLE_INSTRUMENT;EFP_FIN;EUR;24;125.09000000;208;EXCHANGE_LAST;;1;1;XEUR;10804528;749;
19.11.2024;13:09:20.854;FOAT SI 20241206 PS;SIMPLE_INSTRUMENT;EFP_FIN;EUR;25;125.09000000;1038;EXCHANGE_LAST;;1;1;XEUR;10804528;749;
