#Date;TrdTime;Contract;ContractType;TrdTyp;Currency;TesId;Prc;Qty;TrdInd;Aggressor;Buy;Sell;Exch;InstrumentId;RelatedProdId;PrcDecomp
21.11.2024;09:12:36.226;1COV SI 20251219 PS AM P 48.00 0;SIMPLE_INSTRUMENT;BLOCK;EUR;1;1.72000000;400;EXCHANGE_LAST;;1;1;XEUR;5919356;48055;
21.11.2024;08:31:23.092;A2XA SI 20251219 CS;SIMPLE_INSTRUMENT;BLOCK;EUR;1;2.14000000;1000;EXCHANGE_LAST;;1;1;XEUR;3681055;17;
21.11.2024;08:47:48.973;A2XA SI 20251219 CS;SIMPLE_INSTRUMENT;BLOCK;EUR;3;2.14000000;200;EXCHANGE_LAST;;1;1;XEUR;3681055;17;
21.11.2024;09:02:07.346;A2XA SI 20251219 CS;SIMPLE_INSTRUMENT;BLOCK;EUR;4;2.14000000;400;EXCHANGE_LAST;;1;2;XEUR;3681055;17;
21.11.2024;15:59:41.090;A2XA SI 20261218 CS;SIMPLE_INSTRUMENT;BLOCK;EUR;112;2.10000000;50;EXCHANGE_LAST;;1;1;XEUR;4632093;17;
21.11.2024;16:29:21.260;A2XA SI 20251219 CS;SIMPLE_INSTRUMENT;BLOCK;EUR;136;2.11000000;50;EXCHANGE_LAST;;1;1;XEUR;3681055;17;
21.11.2024;12:14:24.719;A3HO SI 20291221 CS;SIMPLE_INSTRUMENT;BLOCK;EUR;41;1.06000000;50;EXCHANGE_LAST;;1;1;XEUR;11908373;48792;
21.11.2024;09:42:26.424;ABBN SI 20251219 PS AM C 55.00 0;SIMPLE_INSTRUMENT;BLOCK;CHF;9;2.08000000;1500;EXCHANGE_LAST;;1;1;XEUR;11849002;574517;
21.11.2024;10:01:26.145;ABBN FI 20241218 CS EU C 50.8200 0;FLEXIBLE_INSTRUMENT;BLOCK;CHF;17;0.39000000;2300;EXCHANGE_LAST;;1;1;XEUR;1155389036332851024;574517;
21.11.2024;08:35:17.870;ACC.O.241121.CDIA.000001;STANDARD_OPTION_STRATEGY;BLOCK;CHF;1;0.08000000;170;EXCHANGE_LAST;;1;1;XEUR;74748889265080374;626616;
21.11.2024;08:35:17.870;ACC SI 20250620 PS AM C 46.00 0;SIMPLE_INSTRUMENT;BLOCK;CHF;1;5.57000000;170;PRC_DECOMP_EXCHANGE;;;;XEUR;11411130;626616;EXCHANGE
21.11.2024;08:35:17.870;ACC SI 20241220 PS AM C 44.00 0;SIMPLE_INSTRUMENT;BLOCK;CHF;1;5.49000000;170;PRC_DECOMP_EXCHANGE;;;;XEUR;10391167;626616;EXCHANGE
21.11.2024;13:09:01.577;ADEN SI 20250117 PS AM C 28.00 0;SIMPLE_INSTRUMENT;BLOCK;CHF;65;0.05000000;1500;EXCHANGE_LAST;;1;1;XEUR;12066986;44;
21.11.2024;13:09:02.264;ADEN SI 20250117 PS AM P 19.00 0;SIMPLE_INSTRUMENT;BLOCK;CHF;66;0.14000000;1500;EXCHANGE_LAST;;1;1;XEUR;12197399;44;
21.11.2024;13:42:19.356;ADEN SI 20250321 PS AM P 16.00 0;SIMPLE_INSTRUMENT;BLOCK;CHF;73;0.18000000;3000;EXCHANGE_LAST;;1;1;XEUR;10827890;44;
21.11.2024;14:46:35.411;ADEN SI 20250620 PS AM P 20.00 0;SIMPLE_INSTRUMENT;BLOCK;CHF;78;1.26000000;2000;EXCHANGE_LAST;;1;1;XEUR;7956255;44;
21.11.2024;08:57:43.037;ADS SI 20241220 PS AM P 180.00 0;SIMPLE_INSTRUMENT;BLOCK;EUR;4;0.52000000;250;EXCHANGE_LAST;;1;1;XEUR;4637206;50;
21.11.2024;09:40:04.508;ADS SI 20250117 PS AM C 215.00 0;SIMPLE_INSTRUMENT;BLOCK;EUR;5;7.50000000;250;EXCHANGE_LAST;;1;1;XEUR;12067144;50;
21.11.2024;15:03:05.102;ADSE SI 20270618 PS EU P 200.00 0;SIMPLE_INSTRUMENT;BLOCK;EUR;31;28.80000000;200;EXCHANGE_LAST;;1;1;XEUR;11348079;49;
21.11.2024;15:54:13.504;AHO SI 20250620 PS AM P 30.00 0;SIMPLE_INSTRUMENT;BLOCK;EUR;26;0.86000000;3500;EXCHANGE_LAST;;3;1;XEUR;11348879;68;
21.11.2024;09:27:31.089;ALC.O.241121.BLT.000002;STANDARD_OPTION_STRATEGY;BLOCK;CHF;4;3.25000000;500;EXCHANGE_LAST;;1;1;XEUR;72616515312036847;130134;
21.11.2024;09:27:31.089;ALC SI 20250620 PS AM C 76.00 0;SIMPLE_INSTRUMENT;BLOCK;CHF;4;4.52000000;500;PRC_DECOMP_EXCHANGE;;;;XEUR;7926493;130134;EXCHANGE
21.11.2024;09:27:31.089;ALC SI 20241220 PS AM C 76.00 0;SIMPLE_INSTRUMENT;BLOCK;CHF;4;1.27000000;500;PRC_DECOMP_EXCHANGE;;;;XEUR;4637897;130134;EXCHANGE
21.11.2024;09:55:10.359;ALC FI 20241218 CS EU C 78.2800 0;FLEXIBLE_INSTRUMENT;BLOCK;CHF;14;0.50000000;920;EXCHANGE_LAST;;1;1;XEUR;1153480425880953653;130134;
21.11.2024;11:44:33.337;ALC SI 20250919 PS AM P 68.00 0;SIMPLE_INSTRUMENT;BLOCK;CHF;53;3.16000000;300;EXCHANGE_LAST;;1;1;XEUR;11913755;130134;
21.11.2024;10:56:47.278;ALV.O.241121.PDIA.000011;STANDARD_OPTION_STRATEGY;BLOCK;EUR;1;4.67000000;400;EXCHANGE_LAST;;1;1;XEUR;72057911865566514;74;
21.11.2024;10:56:47.278;ALV SI 20251219 PS AM P 260.00 0;SIMPLE_INSTRUMENT;BLOCK;EUR;1;11.94000000;400;PRC_DECOMP_EXCHANGE;;;;XEUR;10976920;74;EXCHANGE
21.11.2024;10:56:47.278;ALV SI 20250321 PS AM P 280.00 0;SIMPLE_INSTRUMENT;BLOCK;EUR;1;7.27000000;400;PRC_DECOMP_EXCHANGE;;;;XEUR;10829572;74;EXCHANGE
21.11.2024;13:43:13.788;ANN.N.241121.000005;NON_STANDARD_OPTION_STRATEGY;BLOCK;EUR;12;0.85000000;750;EXCHANGE_LAST;;1;1;XEUR;72251735149668065;45202;
21.11.2024;13:43:13.788;ANN SI 20250117 PS AM P 30.00 0;SIMPLE_INSTRUMENT;BLOCK;EUR;12;1.79000000;750;PRC_DECOMP_EXCHANGE;;;;XEUR;12093423;45202;EXCHANGE
21.11.2024;13:43:13.788;ANN SI 20250221 PS AM P 26.00 0;SIMPLE_INSTRUMENT;BLOCK;EUR;12;0.47000000;1500;PRC_DECOMP_EXCHANGE;;;;XEUR;12263655;45202;EXCHANGE
21.11.2024;13:03:08.277;ASG5.N.241121.000001;NON_STANDARD_OPTION_STRATEGY;BLOCK;EUR;11;6.15000000;3000;EXCHANGE_LAST;;1;1;XEUR;72058062189368500;109;
21.11.2024;13:03:08.277;ASG5 SI 20250320 PS AM P 26.00 0;SIMPLE_INSTRUMENT;BLOCK;EUR;11;0.77800000;3000;PRC_DECOMP_EXCHANGE;;;;XEUR;10822068;109;EXCHANGE
21.11.2024;13:03:08.277;ASG5 SI 20250619 PS AM C 24.00 0;SIMPLE_INSTRUMENT;BLOCK;EUR;11;3.46400000;6000;PRC_DECOMP_EXCHANGE;;;;XEUR;7889070;109;EXCHANGE
21.11.2024;15:25:53.420;ASG5.O.241121.BUL.000002;STANDARD_OPTION_STRATEGY;BLOCK;EUR;17;2.62000000;10000;EXCHANGE_LAST;;1;2;XEUR;72058062189368501;109;
21.11.2024;15:25:53.420;ASG5 SI 20250619 PS AM C 24.00 0;SIMPLE_INSTRUMENT;BLOCK;EUR;17;3.61300000;10000;PRC_DECOMP_EXCHANGE;;;;XEUR;7889070;109;EXCHANGE
21.11.2024;15:25:53.420;ASG5 SI 20250619 PS AM C 28.00 0;SIMPLE_INSTRUMENT;BLOCK;EUR;17;0.99300000;10000;PRC_DECOMP_EXCHANGE;;;;XEUR;8191863;109;EXCHANGE
21.11.2024;10:25:59.864;ASM SI 20241220 PS AM P 650.00 0;SIMPLE_INSTRUMENT;BLOCK;EUR;5;50.80000000;300;EXCHANGE_LAST;;1;1;XEUR;11872099;107;
21.11.2024;15:18:38.700;ASM SI 20250321 PS AM C 850.00 0;SIMPLE_INSTRUMENT;BLOCK;EUR;15;4.95000000;150;EXCHANGE_LAST;;1;1;XEUR;11836820;107;
21.11.2024;15:45:26.449;ASM SI 20281215 PS AM P 640.00 0;SIMPLE_INSTRUMENT;BLOCK;EUR;21;162.00000000;75;EXCHANGE_LAST;;1;1;XEUR;10395742;107;
21.11.2024;15:45:43.919;ASM SI 20241220 PS AM P 640.00 0;SIMPLE_INSTRUMENT;BLOCK;EUR;22;34.62000000;150;EXCHANGE_LAST;;1;1;XEUR;5892234;107;
21.11.2024;11:53:44.540;AXA SI 20270618 PS AM P 32.00 0;SIMPLE_INSTRUMENT;BLOCK;EUR;11;4.49000000;3000;EXCHANGE_LAST;;3;1;XEUR;11350380;127;
21.11.2024;12:17:41.072;AXA SI 20241220 PS AM C 32.00 0;SIMPLE_INSTRUMENT;BLOCK;EUR;12;2.62000000;1250;EXCHANGE_LAST;;1;1;XEUR;4638799;127;
21.11.2024;13:37:40.893;AXA SI 20281215 PS AM P 28.00 0;SIMPLE_INSTRUMENT;BLOCK;EUR;19;3.60000000;2000;EXCHANGE_LAST;;1;1;XEUR;10396096;127;
21.11.2024;16:49:51.056;AXA SI 20250221 PS AM P 31.00 0;SIMPLE_INSTRUMENT;BLOCK;EUR;24;0.42000000;4489;EXCHANGE_LAST;;1;1;XEUR;12238765;127;
21.11.2024;09:41:14.311;B2AS SI 20261218 CS;SIMPLE_INSTRUMENT;BLOCK;EUR;8;2.10000000;200;EXCHANGE_LAST;;1;1;XEUR;4632165;140;
21.11.2024;13:13:10.750;B2AS SI 20251219 CS;SIMPLE_INSTRUMENT;BLOCK;EUR;48;2.19000000;350;EXCHANGE_LAST;;1;1;XEUR;3681119;140;
21.11.2024;16:19:41.108;B2AS SI 20251219 CS;SIMPLE_INSTRUMENT;BLOCK;EUR;132;2.18500000;400;EXCHANGE_LAST;;1;1;XEUR;3681119;140;
21.11.2024;10:35:04.397;B2MW SI 20251219 CS;SIMPLE_INSTRUMENT;BLOCK;EUR;19;3.80000000;100;EXCHANGE_LAST;;1;1;XEUR;3681121;128;
21.11.2024;14:17:45.091;B2NP SI 20250321 CS;SIMPLE_INSTRUMENT;BLOCK;EUR;62;0.00100000;1584;EXCHANGE_LAST;;2;1;XEUR;10395800;131;
21.11.2024;16:21:08.094;B2NP SI 20250321 CS;SIMPLE_INSTRUMENT;BLOCK;EUR;134;0.00100000;352;EXCHANGE_LAST;;1;1;XEUR;10395800;131;
21.11.2024;17:01:33.567;B2NP SI 20250321 CS;SIMPLE_INSTRUMENT;BLOCK;EUR;142;0.00100000;528;EXCHANGE_LAST;;2;1;XEUR;10395800;131;
21.11.2024;10:36:32.083;BAEN FI 20241218 CS EU C 58.1000 0;FLEXIBLE_INSTRUMENT;BLOCK;CHF;39;0.64000000;430;EXCHANGE_LAST;;1;1;XEUR;1152922187506657055;159;
21.11.2024;09:57:06.811;BARN FI 20241218 CS EU C 1395.0000 0;FLEXIBLE_INSTRUMENT;BLOCK;CHF;16;14.20000000;200;EXCHANGE_LAST;;1;1;XEUR;1152922144556979090;149;
21.11.2024;11:31:20.767;BAS SI 20241220 PS AM P 40.00 0;SIMPLE_INSTRUMENT;BLOCK;EUR;4;0.60000000;1000;EXCHANGE_LAST;;1;1;XEUR;4705206;150;
21.11.2024;16:18:59.370;BAS SI 20250321 PS AM P 38.00 0;SIMPLE_INSTRUMENT;BLOCK;EUR;5;0.99000000;2000;EXCHANGE_LAST;;1;2;XEUR;10830950;150;
21.11.2024;12:05:08.927;BASG.S.DEC24.MAR25.SPD;FUTURES_SPREAD;BLOCK;EUR;35;-0.35000000;8000;EXCHANGE_LAST;;1;1;XEUR;72058328477336859;171;
21.11.2024;12:05:08.927;BASG SI 20250321 CS;SIMPLE_INSTRUMENT;BLOCK;EUR;35;42.84850000;8000;PRC_DECOMP_EXCHANGE;;;;XEUR;10694474;171;EXCHANGE
21.11.2024;12:05:08.927;BASG SI 20241220 CS;SIMPLE_INSTRUMENT;BLOCK;EUR;35;42.49850000;8000;PRC_DECOMP_EXCHANGE;;;;XEUR;7032007;171;EXCHANGE
21.11.2024;11:00:33.678;BAY.O.241121.COMBO.000023;STANDARD_OPTION_STRATEGY;BLOCK;EUR;3;0.70000000;500;EXCHANGE_LAST;;1;1;XEUR;72058315592506300;168;
21.11.2024;11:00:33.678;BAY SI 20251219 PS AM P 16.00 0;SIMPLE_INSTRUMENT;BLOCK;EUR;3;1.41000000;500;PRC_DECOMP_EXCHANGE;;;;XEUR;8191899;168;EXCHANGE
21.11.2024;11:00:33.678;BAY SI 20251219 PS AM C 30.00 0;SIMPLE_INSTRUMENT;BLOCK;EUR;3;0.71000000;500;PRC_DECOMP_EXCHANGE;;;;XEUR;10804252;168;EXCHANGE
21.11.2024;12:00:05.323;BMW SI 20241129 PS AM C 69.00 0;SIMPLE_INSTRUMENT;BLOCK;EUR;10;0.50000000;1901;EXCHANGE_LAST;;1;1;XEUR;12070005;210;
21.11.2024;12:38:40.580;BMW.O.241121.STD.000012;STANDARD_OPTION_STRATEGY;BLOCK;EUR;11;23.15000000;290;EXCHANGE_LAST;;1;1;XEUR;72058495981107565;210;
21.11.2024;12:38:40.580;BMW SI 20271217 PS AM C 68.00 0;SIMPLE_INSTRUMENT;BLOCK;EUR;11;9.81000000;290;PRC_DECOMP_EXCHANGE;;;;XEUR;8775903;210;EXCHANGE
21.11.2024;12:38:40.580;BMW SI 20271217 PS AM P 68.00 0;SIMPLE_INSTRUMENT;BLOCK;EUR;11;13.34000000;290;PRC_DECOMP_EXCHANGE;;;;XEUR;8775900;210;EXCHANGE
21.11.2024;15:04:35.253;BMW SI 20241220 PS AM P 60.00 0;SIMPLE_INSTRUMENT;BLOCK;EUR;23;0.38000000;1000;EXCHANGE_LAST;;1;1;XEUR;4640264;210;
21.11.2024;12:56:46.852;BMWF.S.DEC24.MAR25.SPD;FUTURES_SPREAD;BLOCK;EUR;45;-0.54000000;3000;EXCHANGE_LAST;;1;1;XEUR;72058620535111963;239;
21.11.2024;12:56:46.852;BMWF SI 20241220 CS;SIMPLE_INSTRUMENT;BLOCK;EUR;45;68.72070000;3000;PRC_DECOMP_EXCHANGE;;;;XEUR;7032665;239;EXCHANGE
21.11.2024;12:56:46.852;BMWF SI 20250321 CS;SIMPLE_INSTRUMENT;BLOCK;EUR;45;69.26070000;3000;PRC_DECOMP_EXCHANGE;;;;XEUR;10695616;239;EXCHANGE
21.11.2024;13:36:29.266;BNP SI 20250321 PS AM P 52.00 0;SIMPLE_INSTRUMENT;BLOCK;EUR;17;1.11000000;2000;EXCHANGE_LAST;;1;1;XEUR;10833042;237;
21.11.2024;14:16:09.180;BNPH.S.DEC24.MAR25.SPD;FUTURES_SPREAD;BLOCK;EUR;59;-0.49750000;18000;EXCHANGE_LAST;;1;2;XEUR;72058607650211060;236;
21.11.2024;14:16:09.180;BNPH SI 20250321 CS;SIMPLE_INSTRUMENT;BLOCK;EUR;59;58.86250000;18000;PRC_DECOMP_MEMBER;;;;XEUR;10695531;236;MEMBER
21.11.2024;14:16:09.180;BNPH SI 20241220 CS;SIMPLE_INSTRUMENT;BLOCK;EUR;59;58.36500000;18000;PRC_DECOMP_MEMBER;;;;XEUR;7032636;236;MEMBER
21.11.2024;16:20:32.677;BNPH.S.DEC24.MAR25.SPD;FUTURES_SPREAD;BLOCK;EUR;133;-0.50000000;4000;EXCHANGE_LAST;;1;1;XEUR;72058607650211060;236;
21.11.2024;16:20:32.677;BNPH SI 20250321 CS;SIMPLE_INSTRUMENT;BLOCK;EUR;133;58.86500000;4000;PRC_DECOMP_MEMBER;;;;XEUR;10695531;236;MEMBER
21.11.2024;16:20:32.677;BNPH SI 20241220 CS;SIMPLE_INSTRUMENT;BLOCK;EUR;133;58.36500000;4000;PRC_DECOMP_MEMBER;;;;XEUR;7032636;236;MEMBER
21.11.2024;17:01:22.741;BNPH SI 20250321 CS;SIMPLE_INSTRUMENT;BLOCK;EUR;141;59.02000000;6000;EXCHANGE_LAST;;2;1;XEUR;10695531;236;
21.11.2024;11:32:17.665;BUCN.O.241121.STG.000001;STANDARD_OPTION_STRATEGY;BLOCK;CHF;51;39.40000000;500;EXCHANGE_LAST;;1;1;XEUR;72521609419686115;108037;
21.11.2024;11:32:17.665;BUCN SI 20250919 PS AM C 340.00 0;SIMPLE_INSTRUMENT;BLOCK;CHF;51;17.09000000;500;PRC_DECOMP_EXCHANGE;;;;XEUR;11912896;108037;EXCHANGE
21.11.2024;11:32:17.665;BUCN SI 20250919 PS AM P 320.00 0;SIMPLE_INSTRUMENT;BLOCK;CHF;51;22.31000000;500;PRC_DECOMP_EXCHANGE;;;;XEUR;11912900;108037;EXCHANGE
21.11.2024;08:55:09.984;CBK.O.241121.STG.000004;STANDARD_OPTION_STRATEGY;BLOCK;EUR;3;0.26000000;19000;EXCHANGE_LAST;;4;2;XEUR;72058745089201705;268;
21.11.2024;08:55:09.984;CBK SI 20241220 PS AM P 14.00 0;SIMPLE_INSTRUMENT;BLOCK;EUR;3;0.12000000;19000;PRC_DECOMP_EXCHANGE;;;;XEUR;7259087;268;EXCHANGE
21.11.2024;08:55:09.984;CBK SI 20241220 PS AM C 17.00 0;SIMPLE_INSTRUMENT;BLOCK;EUR;3;0.14000000;19000;PRC_DECOMP_EXCHANGE;;;;XEUR;10399778;268;EXCHANGE
21.11.2024;13:17:16.496;CBK SI 20250620 PS AM C 19.00 0;SIMPLE_INSTRUMENT;BLOCK;EUR;27;0.46000000;5500;EXCHANGE_LAST;;1;2;XEUR;11353957;268;
21.11.2024;09:27:23.229;CFR SI 20241220 PS AM P 110.00 0;SIMPLE_INSTRUMENT;BLOCK;CHF;5;1.47000000;500;EXCHANGE_LAST;;1;1;XEUR;10400569;313;
21.11.2024;09:49:48.509;CFR FI 20241218 CS EU C 123.8000 0;FLEXIBLE_INSTRUMENT;BLOCK;CHF;12;1.26000000;707;EXCHANGE_LAST;;1;1;XEUR;1152922848931625650;313;
21.11.2024;09:21:50.858;CGM SI 20250620 PS AM C 160.00 0;SIMPLE_INSTRUMENT;BLOCK;EUR;2;11.00000000;1000;EXCHANGE_LAST;;1;1;XEUR;7900818;317;
21.11.2024;09:22:04.695;CGM SI 20250919 PS AM P 140.00 0;SIMPLE_INSTRUMENT;BLOCK;EUR;3;10.13000000;760;EXCHANGE_LAST;;1;1;XEUR;11876429;317;
21.11.2024;09:22:20.046;CGM SI 20250919 PS AM P 140.00 0;SIMPLE_INSTRUMENT;BLOCK;EUR;4;10.14000000;240;EXCHANGE_LAST;;1;1;XEUR;11876429;317;
21.11.2024;11:42:17.208;CGM.O.241121.STG.000003;STANDARD_OPTION_STRATEGY;BLOCK;EUR;8;4.00000000;500;EXCHANGE_LAST;;1;1;XEUR;72058955542571398;317;
21.11.2024;11:42:17.208;CGM SI 20241220 PS AM P 140.00 0;SIMPLE_INSTRUMENT;BLOCK;EUR;8;1.80000000;500;PRC_DECOMP_MEMBER;;;;XEUR;4641578;317;MEMBER
21.11.2024;11:42:17.208;CGM SI 20241220 PS AM C 160.00 0;SIMPLE_INSTRUMENT;BLOCK;EUR;8;2.20000000;500;PRC_DECOMP_MEMBER;;;;XEUR;4641579;317;MEMBER
21.11.2024;10:46:07.921;CLN FI 20241218 CS EU C 11.5500 0;FLEXIBLE_INSTRUMENT;BLOCK;CHF;43;0.08000000;1550;EXCHANGE_LAST;;1;1;XEUR;1152922775917176608;296;
21.11.2024;15:19:23.951;CLN SI 20250221 PS AM P 10.00 0;SIMPLE_INSTRUMENT;BLOCK;CHF;83;0.21000000;3000;EXCHANGE_LAST;;1;1;XEUR;12241418;296;
21.11.2024;15:59:51.542;CPG SI 20241220 PS AM P 2500 0;SIMPLE_INSTRUMENT;BLOCK;GBX;4;20.00000000;125;EXCHANGE_LAST;;1;1;XEUR;11876996;345;
21.11.2024;10:47:53.391;CRI5 SI 20260618 PS AM P 36.00 0;SIMPLE_INSTRUMENT;BLOCK;EUR;8;5.18000000;2000;EXCHANGE_LAST;;1;1;XEUR;9543498;320;
21.11.2024;12:19:59.548;D2TE SI 20271217 CS;SIMPLE_INSTRUMENT;BLOCK;EUR;42;0.98000000;68;EXCHANGE_LAST;;1;1;XEUR;8376884;359;
21.11.2024;09:27:25.388;D3AI SI 20251219 CS;SIMPLE_INSTRUMENT;BLOCK;EUR;5;3.80000000;150;EXCHANGE_LAST;;1;1;XEUR;7144062;443197;
21.11.2024;09:40:55.126;D3AI SI 20251219 CS;SIMPLE_INSTRUMENT;BLOCK;EUR;7;3.79000000;100;EXCHANGE_LAST;;1;2;XEUR;7144062;443197;
21.11.2024;09:45:44.112;D3AI SI 20251219 CS;SIMPLE_INSTRUMENT;BLOCK;EUR;9;3.77000000;100;EXCHANGE_LAST;;1;1;XEUR;7144062;443197;
21.11.2024;09:47:28.803;D3AI SI 20261218 CS;SIMPLE_INSTRUMENT;BLOCK;EUR;11;2.70000000;400;EXCHANGE_LAST;;1;1;XEUR;7144051;443197;
21.11.2024;10:37:01.760;D3AI SI 20251219 CS;SIMPLE_INSTRUMENT;BLOCK;EUR;16;3.75000000;200;EXCHANGE_LAST;;2;1;XEUR;7144062;443197;
21.11.2024;12:52:12.605;D3B1 SI 20271217 CS;SIMPLE_INSTRUMENT;BLOCK;EUR;46;3.95000000;10;EXCHANGE_LAST;;1;1;XEUR;8376882;358;
21.11.2024;11:35:39.750;DAI SI 20241220 PS AM P 52.00 0;SIMPLE_INSTRUMENT;BLOCK;EUR;7;1.76000000;750;EXCHANGE_LAST;;1;1;XEUR;7144860;443196;
21.11.2024;11:53:18.715;DAI SI 20241220 PS AM C 56.00 0;SIMPLE_INSTRUMENT;BLOCK;EUR;8;0.21000000;1000;EXCHANGE_LAST;;1;1;XEUR;7349879;443196;
21.11.2024;14:33:56.819;DAI SI 20241220 PS AM P 50.00 0;SIMPLE_INSTRUMENT;BLOCK;EUR;20;0.88000000;2000;EXCHANGE_LAST;;1;1;XEUR;10455469;443196;
21.11.2024;15:09:48.899;DAI.O.241121.STD.000028;STANDARD_OPTION_STRATEGY;BLOCK;EUR;22;11.05000000;10000;EXCHANGE_LAST;;2;6;XEUR;73961106363661891;443196;
21.11.2024;15:09:48.899;DAI SI 20251219 PS AM P 52.00 0;SIMPLE_INSTRUMENT;BLOCK;EUR;22;6.34000000;10000;PRC_DECOMP_EXCHANGE;;;;XEUR;7144530;443196;EXCHANGE
21.11.2024;15:09:48.899;DAI SI 20251219 PS AM C 52.00 0;SIMPLE_INSTRUMENT;BLOCK;EUR;22;4.71000000;10000;PRC_DECOMP_EXCHANGE;;;;XEUR;7144512;443196;EXCHANGE
21.11.2024;15:44:10.125;DAI.O.241121.STD.000028;STANDARD_OPTION_STRATEGY;BLOCK;EUR;26;11.05000000;2000;EXCHANGE_LAST;;1;2;XEUR;73961106363661891;443196;
21.11.2024;15:44:10.125;DAI SI 20251219 PS AM C 52.00 0;SIMPLE_INSTRUMENT;BLOCK;EUR;26;4.71000000;2000;PRC_DECOMP_MEMBER;;;;XEUR;7144512;443196;MEMBER
21.11.2024;15:44:10.125;DAI SI 20251219 PS AM P 52.00 0;SIMPLE_INSTRUMENT;BLOCK;EUR;26;6.34000000;2000;PRC_DECOMP_MEMBER;;;;XEUR;7144530;443196;MEMBER
21.11.2024;16:26:44.809;DAI.O.241121.BER.000032;STANDARD_OPTION_STRATEGY;BLOCK;EUR;28;8.00000000;4000;EXCHANGE_LAST;;1;2;XEUR;73961106363661895;443196;
21.11.2024;16:26:44.809;DAI SI 20250321 PS AM P 68.00 0;SIMPLE_INSTRUMENT;BLOCK;EUR;28;16.19000000;4000;PRC_DECOMP_EXCHANGE;;;;XEUR;10884489;443196;EXCHANGE
21.11.2024;16:26:44.809;DAI SI 20250321 PS AM P 76.00 0;SIMPLE_INSTRUMENT;BLOCK;EUR;28;24.19000000;4000;PRC_DECOMP_EXCHANGE;;;;XEUR;10884485;443196;EXCHANGE
21.11.2024;12:07:11.507;DBK SI 20260619 PS AM P 14.00 0;SIMPLE_INSTRUMENT;BLOCK;EUR;19;1.72000000;2500;EXCHANGE_LAST;;1;1;XEUR;9544013;362;
21.11.2024;14:29:45.431;DBK SI 20241220 PS AM P 12.00 0;SIMPLE_INSTRUMENT;BLOCK;EUR;29;0.03000000;3000;EXCHANGE_LAST;;1;1;XEUR;4642642;362;
21.11.2024;09:47:29.936;DHE SI 20250117 PS AM P 36.00 0;SIMPLE_INSTRUMENT;BLOCK;EUR;3;2.30000000;1000;EXCHANGE_LAST;;1;1;XEUR;12096284;57135;
21.11.2024;09:39:29.165;DPW SI 20270618 PS AM P 32.00 0;SIMPLE_INSTRUMENT;BLOCK;EUR;2;4.12000000;500;EXCHANGE_LAST;;1;1;XEUR;11357314;445;
21.11.2024;12:46:35.001;DPW SI 20271217 PS AM P 24.00 0;SIMPLE_INSTRUMENT;BLOCK;EUR;7;1.80000000;775;EXCHANGE_LAST;;1;1;XEUR;8780081;445;
21.11.2024;10:33:19.404;DUFN SI 20251219 PS AM P 28.00 0;SIMPLE_INSTRUMENT;BLOCK;CHF;37;1.60000000;750;EXCHANGE_LAST;;1;1;XEUR;10402262;418;
21.11.2024;13:51:21.347;E2NT SI 20271217 CS;SIMPLE_INSTRUMENT;BLOCK;EUR;51;0.86200000;500;EXCHANGE_LAST;;2;1;XEUR;5914575;470;
21.11.2024;13:51:21.697;E2NT SI 20271217 CS;SIMPLE_INSTRUMENT;BLOCK;EUR;52;0.86300000;500;EXCHANGE_LAST;;2;1;XEUR;5914575;470;
21.11.2024;14:41:10.011;E2NT SI 20261218 CS;SIMPLE_INSTRUMENT;BLOCK;EUR;65;0.95500000;500;EXCHANGE_LAST;;1;1;XEUR;4632357;470;
21.11.2024;10:46:24.202;EAD SI 20251219 PS AM C 120.00 0;SIMPLE_INSTRUMENT;BLOCK;EUR;5;25.65000000;300;EXCHANGE_LAST;;1;1;XEUR;11013932;465;
21.11.2024;08:40:59.692;EFGN SI 20250620 PS AM P 10.00 0;SIMPLE_INSTRUMENT;BLOCK;CHF;2;0.30000000;1000;EXCHANGE_LAST;;1;1;XEUR;9545592;450;
21.11.2024;10:48:49.081;ENR FI 20241220 PS EU C 30.0000 0;FLEXIBLE_INSTRUMENT;BLOCK;EUR;5;15.33000000;1000;EXCHANGE_LAST;;1;1;XEUR;1154203681193729876;298530;
21.11.2024;10:48:58.765;ENR FI 20250620 PS EU C 46.0000 0;FLEXIBLE_INSTRUMENT;BLOCK;EUR;6;6.36000000;2500;EXCHANGE_LAST;;1;1;XEUR;1154203681193729877;298530;
21.11.2024;08:44:16.018;ENT5 SI 20241205 PS AM C 14.00 0;SIMPLE_INSTRUMENT;BLOCK;EUR;3;0.12000000;1266;EXCHANGE_LAST;;1;1;XEUR;12140130;497;
21.11.2024;11:06:25.672;ENT5 SI 20271216 PS AM P 10.00 0;SIMPLE_INSTRUMENT;BLOCK;EUR;9;0.77000000;750;EXCHANGE_LAST;;1;1;XEUR;8765092;497;
21.11.2024;14:07:15.882;ENT5 SI 20251218 PS AM C 15.00 0;SIMPLE_INSTRUMENT;BLOCK;EUR;12;0.47000000;500;EXCHANGE_LAST;;1;1;XEUR;10354182;497;
21.11.2024;14:06:13.474;ENT5 SI 20251218 PS AM P 13.00 0;SIMPLE_INSTRUMENT;BLOCK;EUR;13;0.91500000;500;EXCHANGE_LAST;;1;1;XEUR;11793683;497;
21.11.2024;11:48:24.647;EUCO SI 20241213 PS EU P 1.0600 0;SIMPLE_INSTRUMENT;BLOCK;USD;1;0.01210000;110;EXCHANGE_LAST;;1;1;XEUR;10366073;369370;
21.11.2024;11:49:13.822;EUCO SI 20250110 PS EU P 1.0400 0;SIMPLE_INSTRUMENT;BLOCK;USD;2;0.00650000;95;EXCHANGE_LAST;;1;1;XEUR;10657034;369370;
21.11.2024;12:33:59.870;F3TE SI 20291221 CS;SIMPLE_INSTRUMENT;BLOCK;EUR;44;0.53700000;150;EXCHANGE_LAST;;1;1;XEUR;8422832;390379;
21.11.2024;08:23:01.548;FBTP SI 20241206 PS;SIMPLE_INSTRUMENT;BLOCK;EUR;1;119.99000000;2281;EXCHANGE_LAST;;1;1;XEUR;10804520;636;
21.11.2024;09:10:29.662;FBTP SI 20241206 PS;SIMPLE_INSTRUMENT;EFP_FIN;EUR;2;119.92000000;625;EXCHANGE_LAST;;1;1;XEUR;10804520;636;
21.11.2024;09:10:59.016;FBTP SI 20241206 PS;SIMPLE_INSTRUMENT;EFP_FIN;EUR;3;119.99000000;481;EXCHANGE_LAST;;1;1;XEUR;10804520;636;
21.11.2024;09:28:28.239;FBTP SI 20241206 PS;SIMPLE_INSTRUMENT;EFP_FIN;EUR;4;120.10000000;291;EXCHANGE_LAST;;1;1;XEUR;10804520;636;
21.11.2024;09:48:31.154;FBTP SI 20241206 PS;SIMPLE_INSTRUMENT;EFP_FIN;EUR;5;120.13000000;459;EXCHANGE_LAST;;1;1;XEUR;10804520;636;
21.11.2024;10:02:30.524;FBTP SI 20241206 PS;SIMPLE_INSTRUMENT;EFP_FIN;EUR;6;120.13000000;347;EXCHANGE_LAST;;1;1;XEUR;10804520;636;
21.11.2024;10:37:39.956;FBTP SI 20241206 PS;SIMPLE_INSTRUMENT;EFP_FIN;EUR;7;120.28000000;1339;EXCHANGE_LAST;;1;1;XEUR;10804520;636;
21.11.2024;11:14:23.539;FBTP SI 20241206 PS;SIMPLE_INSTRUMENT;EFP_FIN;EUR;8;120.22000000;1661;EXCHANGE_LAST;;1;1;XEUR;10804520;636;
21.11.2024;11:46:54.163;FBTP SI 20241206 PS;SIMPLE_INSTRUMENT;EFP_FIN;EUR;10;120.20000000;446;EXCHANGE_LAST;;1;1;XEUR;10804520;636;
21.11.2024;12:05:23.218;FBTP SI 20241206 PS;SIMPLE_INSTRUMENT;EFP_FIN;EUR;12;120.17000000;1339;EXCHANGE_LAST;;1;1;XEUR;10804520;636;
21.11.2024;12:15:17.968;FBTP SI 20241206 PS;SIMPLE_INSTRUMENT;EFP_FIN;EUR;13;120.18000000;223;EXCHANGE_LAST;;1;1;XEUR;10804520;636;
21.11.2024;12:21:47.280;FBTP SI 20241206 PS;SIMPLE_INSTRUMENT;EFP_FIN;EUR;14;120.17000000;740;EXCHANGE_LAST;;1;1;XEUR;10804520;636;
21.11.2024;12:47:18.623;FBTP SI 20241206 PS;SIMPLE_INSTRUMENT;EFP_FIN;EUR;15;120.24000000;364;EXCHANGE_LAST;;1;1;XEUR;10804520;636;
21.11.2024;13:01:48.803;FBTP SI 20241206 PS;SIMPLE_INSTRUMENT;EFP_FIN;EUR;16;119.95000000;117;EXCHANGE_LAST;;1;1;XEUR;10804520;636;
21.11.2024;12:58:52.154;FBTP SI 20241206 PS;SIMPLE_INSTRUMENT;EFP_FIN;EUR;17;120.25000000;580;EXCHANGE_LAST;;1;1;XEUR;10804520;636;
21.11.2024;13:03:13.411;FBTP SI 20241206 PS;SIMPLE_INSTRUMENT;EFP_FIN;EUR;18;119.95000000;134;EXCHANGE_LAST;;1;1;XEUR;10804520;636;
21.11.2024;13:05:22.942;FBTP SI 20241206 PS;SIMPLE_INSTRUMENT;EFP_FIN;EUR;19;120.32000000;893;EXCHANGE_LAST;;1;1;XEUR;10804520;636;
21.11.2024;13:10:03.714;FBTP SI 20241206 PS;SIMPLE_INSTRUMENT;EFP_FIN;EUR;20;119.95000000;196;EXCHANGE_LAST;;1;1;XEUR;10804520;636;
21.11.2024;13:15:41.182;FBTP SI 20241206 PS;SIMPLE_INSTRUMENT;EFP_FIN;EUR;21;120.23000000;87;EXCHANGE_LAST;;1;1;XEUR;10804520;636;
21.11.2024;13:21:44.059;FBTP SI 20241206 PS;SIMPLE_INSTRUMENT;EFP_FIN;EUR;22;120.24000000;231;EXCHANGE_LAST;;1;1;XEUR;10804520;636;
21.11.2024;13:24:58.845;FBTP SI 20241206 PS;SIMPLE_INSTRUMENT;BLOCK;EUR;23;120.35000000;353;EXCHANGE_LAST;;1;1;XEUR;10804520;636;
21.11.2024;13:26:37.314;FBTP SI 20241206 PS;SIMPLE_INSTRUMENT;EFP_FIN;EUR;24;120.32000000;119;EXCHANGE_LAST;;1;1;XEUR;10804520;636;
21.11.2024;13:33:30.587;FBTP SI 20241206 PS;SIMPLE_INSTRUMENT;EFP_FIN;EUR;25;120.25000000;357;EXCHANGE_LAST;;1;1;XEUR;10804520;636;
21.11.2024;13:38:16.475;FBTP SI 20241206 PS;SIMPLE_INSTRUMENT;BLOCK;EUR;26;120.19000000;1138;EXCHANGE_LAST;;1;1;XEUR;10804520;636;
21.11.2024;13:49:13.532;FBTP SI 20241206 PS;SIMPLE_INSTRUMENT;EFP_FIN;EUR;27;120.21000000;1339;EXCHANGE_LAST;;1;1;XEUR;10804520;636;
21.11.2024;13:51:30.540;FBTP SI 20241206 PS;SIMPLE_INSTRUMENT;BLOCK;EUR;28;120.33000000;900;EXCHANGE_LAST;;1;1;XEUR;10804520;636;
21.11.2024;14:17:44.152;FBTP SI 20241206 PS;SIMPLE_INSTRUMENT;EFP_FIN;EUR;29;120.26000000;1200;EXCHANGE_LAST;;1;1;XEUR;10804520;636;
21.11.2024;16:08:23.961;FBTP SI 20241206 PS;SIMPLE_INSTRUMENT;BLOCK;EUR;30;120.38000000;327;EXCHANGE_LAST;;1;1;XEUR;10804520;636;
21.11.2024;16:12:21.043;FBTP SI 20241206 PS;SIMPLE_INSTRUMENT;EFP_FIN;EUR;31;120.38000000;1339;EXCHANGE_LAST;;1;1;XEUR;10804520;636;
21.11.2024;16:21:20.210;FBTP SI 20241206 PS;SIMPLE_INSTRUMENT;EFP_FIN;EUR;32;120.38000000;71;EXCHANGE_LAST;;1;1;XEUR;10804520;636;
21.11.2024;16:22:56.451;FBTP SI 20241206 PS;SIMPLE_INSTRUMENT;EFP_FIN;EUR;33;120.12000000;151;EXCHANGE_LAST;;1;1;XEUR;10804520;636;
21.11.2024;16:24:01.720;FBTP SI 20241206 PS;SIMPLE_INSTRUMENT;EFP_FIN;EUR;34;120.38000000;299;EXCHANGE_LAST;;1;1;XEUR;10804520;636;
21.11.2024;09:29:25.230;FBTS SI 20241206 PS;SIMPLE_INSTRUMENT;EFP_FIN;EUR;1;107.23000000;3036;EXCHANGE_LAST;;1;1;XEUR;10804522;639;
21.11.2024;09:51:26.293;FBTS SI 20241206 PS;SIMPLE_INSTRUMENT;EFP_FIN;EUR;3;107.24000000;225;EXCHANGE_LAST;;1;1;XEUR;10804522;639;
21.11.2024;10:18:21.538;FBTS SI 20241206 PS;SIMPLE_INSTRUMENT;EFP_FIN;EUR;4;107.22000000;895;EXCHANGE_LAST;;1;1;XEUR;10804522;639;
21.11.2024;10:18:10.537;FBTS SI 20241206 PS;SIMPLE_INSTRUMENT;EFP_FIN;EUR;5;107.27000000;754;EXCHANGE_LAST;;1;1;XEUR;10804522;639;
21.11.2024;11:07:35.752;FBTS SI 20241206 PS;SIMPLE_INSTRUMENT;EFP_FIN;EUR;10;107.26000000;1161;EXCHANGE_LAST;;1;1;XEUR;10804522;639;
21.11.2024;11:10:07.054;FBTS SI 20241206 PS;SIMPLE_INSTRUMENT;EFP_FIN;EUR;11;107.27000000;1804;EXCHANGE_LAST;;1;1;XEUR;10804522;639;
21.11.2024;11:45:22.158;FBTS SI 20241206 PS;SIMPLE_INSTRUMENT;EFP_FIN;EUR;14;107.29000000;902;EXCHANGE_LAST;;1;1;XEUR;10804522;639;
21.11.2024;12:20:55.180;FBTS SI 20241206 PS;SIMPLE_INSTRUMENT;EFP_FIN;EUR;16;107.27000000;1203;EXCHANGE_LAST;;1;1;XEUR;10804522;639;
21.11.2024;12:43:08.513;FBTS SI 20241206 PS;SIMPLE_INSTRUMENT;EFP_FIN;EUR;17;107.27000000;162;EXCHANGE_LAST;;1;1;XEUR;10804522;639;
21.11.2024;14:58:07.758;FBTS SI 20241206 PS;SIMPLE_INSTRUMENT;EFP_FIN;EUR;26;107.34000000;1329;EXCHANGE_LAST;;1;1;XEUR;10804522;639;
21.11.2024;15:31:07.617;FBTS SI 20241206 PS;SIMPLE_INSTRUMENT;EFP_FIN;EUR;30;107.33000000;97;EXCHANGE_LAST;;1;1;XEUR;10804522;639;
21.11.2024;15:45:22.712;FBTS SI 20241206 PS;SIMPLE_INSTRUMENT;EFP_FIN;EUR;32;107.32000000;750;EXCHANGE_LAST;;1;1;XEUR;10804522;639;
21.11.2024;16:22:40.215;FBTS SI 20241206 PS;SIMPLE_INSTRUMENT;EFP_FIN;EUR;35;107.32000000;173;EXCHANGE_LAST;;1;1;XEUR;10804522;639;
21.11.2024;13:24:07.059;FCBU SI 20241203 CS;SIMPLE_INSTRUMENT;BLOCK;USD;2;0.17190000;200;EXCHANGE_LAST;;1;1;XEUR;10350809;570870;
21.11.2024;16:24:48.199;FCEU SI 20241216 PS;SIMPLE_INSTRUMENT;BLOCK;USD;3;1.05199000;250;EXCHANGE_LAST;;1;1;XEUR;7140363;369376;
21.11.2024;16:31:09.902;FCEU SI 20241216 PS;SIMPLE_INSTRUMENT;BLOCK;USD;4;1.05000000;394;EXCHANGE_LAST;;1;1;XEUR;7140363;369376;
21.11.2024;08:55:04.896;FCZU SI 20241216 CS;SIMPLE_INSTRUMENT;BLOCK;USD;1;0.05503000;100;EXCHANGE_LAST;;1;1;XEUR;10921064;570872;
21.11.2024;11:44:12.311;FD3D SI 20271217 CS;SIMPLE_INSTRUMENT;BLOCK;EUR;29;106.80000000;1500;EXCHANGE_LAST;;1;2;XEUR;8782208;588;
21.11.2024;16:47:22.792;FD3D SI 20251219 CS;SIMPLE_INSTRUMENT;BLOCK;EUR;68;110.50000000;500;EXCHANGE_LAST;;3;1;XEUR;5914068;588;
21.11.2024;08:48:35.652;FEBD SI 20251219 CS;SIMPLE_INSTRUMENT;BLOCK;EUR;1;10.17000000;1500;EXCHANGE_LAST;;1;1;XEUR;5914075;597;
21.11.2024;10:57:27.092;FEBD SI 20261218 CS;SIMPLE_INSTRUMENT;BLOCK;EUR;24;9.27000000;675;EXCHANGE_LAST;;2;1;XEUR;7158212;597;
21.11.2024;11:13:08.526;FEBD SI 20251219 CS;SIMPLE_INSTRUMENT;BLOCK;EUR;27;10.18000000;700;EXCHANGE_LAST;;1;1;XEUR;5914075;597;
21.11.2024;11:45:07.855;FEBD SI 20251219 CS;SIMPLE_INSTRUMENT;BLOCK;EUR;30;10.19000000;200;EXCHANGE_LAST;;1;1;XEUR;5914075;597;
21.11.2024;11:29:29.957;FEHY SI 20241220 CS;SIMPLE_INSTRUMENT;BLOCK;EUR;28;291.52000000;100;EXCHANGE_LAST;;1;1;XEUR;10921067;574047;
21.11.2024;13:34:46.121;FESB SI 20241220 CS;SIMPLE_INSTRUMENT;BLOCK;EUR;33;143.00000000;5000;EXCHANGE_LAST;;1;1;XEUR;10838895;605;
21.11.2024;16:36:15.214;FESB SI 20241220 CS;SIMPLE_INSTRUMENT;BLOCK;EUR;37;143.20000000;5000;EXCHANGE_LAST;;1;1;XEUR;10838895;605;
21.11.2024;16:34:55.764;FESB SI 20241220 CS;SIMPLE_INSTRUMENT;BLOCK;EUR;38;143.20000000;17000;EXCHANGE_LAST;;1;1;XEUR;10838895;605;
21.11.2024;16:47:57.130;FESB SI 20241220 CS;SIMPLE_INSTRUMENT;EFP_IDX;EUR;41;143.05000000;121;EXCHANGE_LAST;;1;1;XEUR;10838895;605;
21.11.2024;16:48:20.598;FESB SI 20241220 CS;SIMPLE_INSTRUMENT;EFP_IDX;EUR;42;143.10000000;485;EXCHANGE_LAST;;1;1;XEUR;10838895;605;
21.11.2024;16:41:35.748;FESB SI 20241220 CS;SIMPLE_INSTRUMENT;VOLA;EUR;603979828;143.50000000;300;EXCHANGE_LAST;;1;1;XEUR;10838895;605;
21.11.2024;10:48:21.735;FESX SI 20241220 CS;SIMPLE_INSTRUMENT;BLOCK;EUR;1;4715.00000000;2000;EXCHANGE_LAST;;1;1;XEUR;7793479;675;
21.11.2024;10:50:17.845;FESX SI 20241220 CS;SIMPLE_INSTRUMENT;BLOCK;EUR;2;4715.00000000;4000;EXCHANGE_LAST;;1;1;XEUR;7793479;675;
21.11.2024;10:53:47.777;FESX SI 20241220 CS;SIMPLE_INSTRUMENT;EFP_IDX;EUR;3;4717.00000000;1500;EXCHANGE_LAST;;1;1;XEUR;7793479;675;
21.11.2024;12:00:52.537;FESX SI 20241220 CS;SIMPLE_INSTRUMENT;BLOCK;EUR;4;4735.00000000;2000;EXCHANGE_LAST;;1;1;XEUR;7793479;675;
21.11.2024;14:44:01.290;FESX SI 20241220 CS;SIMPLE_INSTRUMENT;BLOCK;EUR;5;4745.00000000;2000;EXCHANGE_LAST;;1;1;XEUR;7793479;675;
21.11.2024;16:15:09.001;FESX SI 20241220 CS;SIMPLE_INSTRUMENT;BLOCK;EUR;6;4765.00000000;5000;EXCHANGE_LAST;;1;1;XEUR;7793479;675;
21.11.2024;16:42:46.163;FESX SI 20241220 CS;SIMPLE_INSTRUMENT;EFP_IDX;EUR;7;4766.00000000;1000;EXCHANGE_LAST;;1;1;XEUR;7793479;675;
21.11.2024;16:55:41.455;FESX SI 20241220 CS;SIMPLE_INSTRUMENT;EFP_IDX;EUR;8;4766.00000000;294;EXCHANGE_LAST;;1;1;XEUR;7793479;675;
21.11.2024;16:55:59.345;FESX SI 20241220 CS;SIMPLE_INSTRUMENT;EFP_IDX;EUR;9;4767.00000000;406;EXCHANGE_LAST;;1;1;XEUR;7793479;675;
21.11.2024;08:24:51.529;FESX SI 20241220 CS;SIMPLE_INSTRUMENT;VOLA;EUR;637534211;4730.00000000;519;EXCHANGE_LAST;;1;1;XEUR;7793479;675;
21.11.2024;09:23:45.363;FESX SI 20241220 CS;SIMPLE_INSTRUMENT;VOLA;EUR;637534234;4718.00000000;656;EXCHANGE_LAST;;1;1;XEUR;7793479;675;
21.11.2024;09:28:48.000;FESX SI 20241220 CS;SIMPLE_INSTRUMENT;VOLA;EUR;637534239;4712.00000000;660;EXCHANGE_LAST;;1;1;XEUR;7793479;675;
21.11.2024;09:29:45.443;FESX SI 20241220 CS;SIMPLE_INSTRUMENT;VOLA;EUR;637534240;4712.00000000;660;EXCHANGE_LAST;;1;1;XEUR;7793479;675;
21.11.2024;09:32:51.950;FESX SI 20241220 CS;SIMPLE_INSTRUMENT;VOLA;EUR;637534245;4711.00000000;447;EXCHANGE_LAST;;1;1;XEUR;7793479;675;
21.11.2024;09:47:38.129;FESX SI 20241220 CS;SIMPLE_INSTRUMENT;VOLA;EUR;637534253;4702.00000000;113;EXCHANGE_LAST;;1;1;XEUR;7793479;675;
21.11.2024;10:21:19.023;FESX SI 20241220 CS;SIMPLE_INSTRUMENT;VOLA;EUR;637534272;4720.00000000;60;EXCHANGE_LAST;;1;1;XEUR;7793479;675;
21.11.2024;10:26:54.850;FESX SI 20241220 CS;SIMPLE_INSTRUMENT;VOLA;EUR;637534276;4729.00000000;592;EXCHANGE_LAST;;1;1;XEUR;7793479;675;
21.11.2024;12:36:36.188;FESX SI 20241220 CS;SIMPLE_INSTRUMENT;VOLA;EUR;637534328;4740.00000000;397;EXCHANGE_LAST;;1;1;XEUR;7793479;675;
21.11.2024;12:48:45.699;FESX SI 20241220 CS;SIMPLE_INSTRUMENT;VOLA;EUR;637534335;4743.00000000;1254;EXCHANGE_LAST;;1;1;XEUR;7793479;675;
21.11.2024;13:55:21.006;FESX SI 20241220 CS;SIMPLE_INSTRUMENT;VOLA;EUR;637534353;4740.00000000;20;EXCHANGE_LAST;;1;1;XEUR;7793479;675;
21.11.2024;13:55:21.107;FESX SI 20241220 CS;SIMPLE_INSTRUMENT;VOLA;EUR;637534354;4740.00000000;20;EXCHANGE_LAST;;1;1;XEUR;7793479;675;
21.11.2024;14:03:46.914;FESX SI 20241220 CS;SIMPLE_INSTRUMENT;VOLA;EUR;637534360;4740.00000000;480;EXCHANGE_LAST;;1;1;XEUR;7793479;675;
21.11.2024;14:39:22.078;FESX SI 20241220 CS;SIMPLE_INSTRUMENT;VOLA;EUR;637534378;4740.00000000;650;EXCHANGE_LAST;;1;1;XEUR;7793479;675;
21.11.2024;14:41:09.042;FESX SI 20241220 CS;SIMPLE_INSTRUMENT;VOLA;EUR;637534379;4740.00000000;125;EXCHANGE_LAST;;1;1;XEUR;7793479;675;
21.11.2024;16:00:43.588;FESX SI 20241220 CS;SIMPLE_INSTRUMENT;VOLA;EUR;637534411;4755.00000000;60;EXCHANGE_LAST;;1;1;XEUR;7793479;675;
21.11.2024;16:08:10.428;FESX SI 20241220 CS;SIMPLE_INSTRUMENT;VOLA;EUR;637534414;4765.00000000;230;EXCHANGE_LAST;;1;1;XEUR;7793479;675;
21.11.2024;16:25:59.818;FESX SI 20241220 CS;SIMPLE_INSTRUMENT;VOLA;EUR;637534421;4760.00000000;930;EXCHANGE_LAST;;1;1;XEUR;7793479;675;
21.11.2024;16:27:05.360;FESX SI 20241220 CS;SIMPLE_INSTRUMENT;VOLA;EUR;637534423;4765.00000000;440;EXCHANGE_LAST;;1;1;XEUR;7793479;675;
21.11.2024;16:29:13.381;FESX SI 20241220 CS;SIMPLE_INSTRUMENT;VOLA;EUR;637534426;4765.00000000;230;EXCHANGE_LAST;;1;1;XEUR;7793479;675;
21.11.2024;09:21:40.348;FEXD SI 20261218 CS;SIMPLE_INSTRUMENT;BLOCK;EUR;3;151.40000000;700;EXCHANGE_LAST;;1;2;XEUR;2163053;693;
21.11.2024;09:44:16.973;FEXD SI 20271217 CS;SIMPLE_INSTRUMENT;BLOCK;EUR;7;144.00000000;665;EXCHANGE_LAST;;1;1;XEUR;2848338;693;
21.11.2024;09:35:51.353;FEXD.S.DEC25.DEC26.SPD;FUTURES_SPREAD;BLOCK;EUR;8;7.60000000;250;EXCHANGE_LAST;;1;1;XEUR;72060570450264144;693;
21.11.2024;09:35:51.353;FEXD SI 20251219 CS;SIMPLE_INSTRUMENT;BLOCK;EUR;8;158.70000000;250;PRC_DECOMP_MEMBER;;;;XEUR;1548120;693;MEMBER
21.11.2024;09:35:51.353;FEXD SI 20261218 CS;SIMPLE_INSTRUMENT;BLOCK;EUR;8;151.10000000;250;PRC_DECOMP_MEMBER;;;;XEUR;2163053;693;MEMBER
21.11.2024;09:44:30.379;FEXD SI 20271217 CS;SIMPLE_INSTRUMENT;BLOCK;EUR;10;144.00000000;500;EXCHANGE_LAST;;1;1;XEUR;2848338;693;
21.11.2024;09:44:27.804;FEXD SI 20261218 CS;SIMPLE_INSTRUMENT;BLOCK;EUR;12;151.00000000;300;EXCHANGE_LAST;;1;1;XEUR;2163053;693;
21.11.2024;09:58:35.504;FEXD SI 20261218 CS;SIMPLE_INSTRUMENT;BLOCK;EUR;16;151.90000000;2000;EXCHANGE_LAST;;1;1;XEUR;2163053;693;
21.11.2024;10:41:18.301;FEXD SI 20261218 CS;SIMPLE_INSTRUMENT;BLOCK;EUR;23;151.10000000;300;EXCHANGE_LAST;;1;1;XEUR;2163053;693;
21.11.2024;10:58:30.653;FEXD SI 20261218 CS;SIMPLE_INSTRUMENT;BLOCK;EUR;25;151.10000000;750;EXCHANGE_LAST;;1;1;XEUR;2163053;693;
21.11.2024;12:38:14.994;FEXD.S.DEC28.DEC31.SPD;FUTURES_SPREAD;BLOCK;EUR;34;13.60000000;800;EXCHANGE_LAST;;2;2;XEUR;72060570450264223;693;
21.11.2024;12:38:14.994;FEXD SI 20281215 CS;SIMPLE_INSTRUMENT;BLOCK;EUR;34;138.50000000;800;PRC_DECOMP_MEMBER;;;;XEUR;3680985;693;MEMBER
21.11.2024;12:38:14.994;FEXD SI 20311219 CS;SIMPLE_INSTRUMENT;BLOCK;EUR;34;124.90000000;800;PRC_DECOMP_MEMBER;;;;XEUR;7158547;693;MEMBER
21.11.2024;12:34:51.920;FEXD SI 20271217 CS;SIMPLE_INSTRUMENT;BLOCK;EUR;35;144.50000000;600;EXCHANGE_LAST;;1;2;XEUR;2848338;693;
21.11.2024;12:35:00.208;FEXD SI 20271217 CS;SIMPLE_INSTRUMENT;BLOCK;EUR;36;144.60000000;205;EXCHANGE_LAST;;1;1;XEUR;2848338;693;
21.11.2024;13:28:23.307;FEXD SI 20291221 CS;SIMPLE_INSTRUMENT;BLOCK;EUR;39;133.00000000;100;EXCHANGE_LAST;;1;1;XEUR;4631968;693;
21.11.2024;13:44:41.603;FEXD SI 20321217 CS;SIMPLE_INSTRUMENT;BLOCK;EUR;40;121.40000000;100;EXCHANGE_LAST;;1;1;XEUR;8782940;693;
21.11.2024;14:14:08.780;FEXD SI 20261218 CS;SIMPLE_INSTRUMENT;BLOCK;EUR;43;151.10000000;575;EXCHANGE_LAST;;1;1;XEUR;2163053;693;
21.11.2024;14:14:30.528;FEXD SI 20291221 CS;SIMPLE_INSTRUMENT;BLOCK;EUR;44;132.90000000;144;EXCHANGE_LAST;;1;1;XEUR;4631968;693;
21.11.2024;14:14:51.911;FEXD SI 20291221 CS;SIMPLE_INSTRUMENT;BLOCK;EUR;45;133.10000000;431;EXCHANGE_LAST;;1;1;XEUR;4631968;693;
21.11.2024;14:21:18.501;FEXD.S.DEC25.DEC26.SPD;FUTURES_SPREAD;BLOCK;EUR;46;7.50000000;2300;EXCHANGE_LAST;;1;2;XEUR;72060570450264144;693;
21.11.2024;14:21:18.501;FEXD SI 20261218 CS;SIMPLE_INSTRUMENT;BLOCK;EUR;46;151.50000000;2300;PRC_DECOMP_EXCHANGE;;;;XEUR;2163053;693;EXCHANGE
21.11.2024;14:21:18.501;FEXD SI 20251219 CS;SIMPLE_INSTRUMENT;BLOCK;EUR;46;159.00000000;2300;PRC_DECOMP_EXCHANGE;;;;XEUR;1548120;693;EXCHANGE
21.11.2024;14:22:28.841;FEXD.S.DEC25.DEC26.SPD;FUTURES_SPREAD;BLOCK;EUR;47;7.50000000;1000;EXCHANGE_LAST;;1;1;XEUR;72060570450264144;693;
21.11.2024;14:22:28.841;FEXD SI 20251219 CS;SIMPLE_INSTRUMENT;BLOCK;EUR;47;159.00000000;1000;PRC_DECOMP_MEMBER;;;;XEUR;1548120;693;MEMBER
21.11.2024;14:22:28.841;FEXD SI 20261218 CS;SIMPLE_INSTRUMENT;BLOCK;EUR;47;151.50000000;1000;PRC_DECOMP_MEMBER;;;;XEUR;2163053;693;MEMBER
21.11.2024;15:05:40.126;FEXD SI 20251219 CS;SIMPLE_INSTRUMENT;BLOCK;EUR;48;159.00000000;500;EXCHANGE_LAST;;1;1;XEUR;1548120;693;
21.11.2024;15:32:07.468;FEXD SI 20251219 CS;SIMPLE_INSTRUMENT;BLOCK;EUR;49;159.00000000;198;EXCHANGE_LAST;;1;1;XEUR;1548120;693;
21.11.2024;15:32:20.802;FEXD SI 20261218 CS;SIMPLE_INSTRUMENT;BLOCK;EUR;50;151.90000000;217;EXCHANGE_LAST;;1;1;XEUR;2163053;693;
21.11.2024;15:32:34.543;FEXD SI 20271217 CS;SIMPLE_INSTRUMENT;BLOCK;EUR;51;144.60000000;230;EXCHANGE_LAST;;1;1;XEUR;2848338;693;
21.11.2024;15:32:46.292;FEXD SI 20281215 CS;SIMPLE_INSTRUMENT;BLOCK;EUR;52;139.00000000;255;EXCHANGE_LAST;;1;1;XEUR;3680985;693;
21.11.2024;15:32:57.832;FEXD SI 20291221 CS;SIMPLE_INSTRUMENT;BLOCK;EUR;53;133.90000000;267;EXCHANGE_LAST;;1;1;XEUR;4631968;693;
21.11.2024;15:47:28.137;FEXD SI 20261218 CS;SIMPLE_INSTRUMENT;BLOCK;EUR;54;152.20000000;1063;EXCHANGE_LAST;;1;1;XEUR;2163053;693;
21.11.2024;16:28:21.166;FEXD.S.DEC25.DEC26.SPD;FUTURES_SPREAD;BLOCK;EUR;56;6.90000000;250;EXCHANGE_LAST;;1;1;XEUR;72060570450264144;693;
21.11.2024;16:28:21.166;FEXD SI 20251219 CS;SIMPLE_INSTRUMENT;BLOCK;EUR;56;159.50000000;250;PRC_DECOMP_EXCHANGE;;;;XEUR;1548120;693;EXCHANGE
21.11.2024;16:28:21.166;FEXD SI 20261218 CS;SIMPLE_INSTRUMENT;BLOCK;EUR;56;152.60000000;250;PRC_DECOMP_EXCHANGE;;;;XEUR;2163053;693;EXCHANGE
21.11.2024;07:46:27.709;FGBL SI 20241206 PS;SIMPLE_INSTRUMENT;EFS;EUR;1;132.01000000;435;EXCHANGE_LAST;;1;1;XEUR;10804524;688;
21.11.2024;08:02:41.966;FGBL SI 20241206 PS;SIMPLE_INSTRUMENT;EFS;EUR;2;131.95000000;436;EXCHANGE_LAST;;1;1;XEUR;10804524;688;
21.11.2024;08:05:17.136;FGBL SI 20241206 PS;SIMPLE_INSTRUMENT;EFS;EUR;3;131.92000000;436;EXCHANGE_LAST;;1;1;XEUR;10804524;688;
21.11.2024;08:05:42.085;FGBL SI 20241206 PS;SIMPLE_INSTRUMENT;EFS;EUR;4;131.92000000;436;EXCHANGE_LAST;;1;1;XEUR;10804524;688;
21.11.2024;08:07:43.159;FGBL SI 20241206 PS;SIMPLE_INSTRUMENT;EFS;EUR;5;132.01000000;435;EXCHANGE_LAST;;1;1;XEUR;10804524;688;
21.11.2024;08:16:25.506;FGBL SI 20241206 PS;SIMPLE_INSTRUMENT;EFS;EUR;6;131.96000000;871;EXCHANGE_LAST;;1;1;XEUR;10804524;688;
21.11.2024;08:17:15.553;FGBL SI 20241206 PS;SIMPLE_INSTRUMENT;EFS;EUR;7;131.97000000;436;EXCHANGE_LAST;;1;1;XEUR;10804524;688;
21.11.2024;08:24:16.837;FGBL SI 20241206 PS;SIMPLE_INSTRUMENT;EFS;EUR;8;131.96000000;436;EXCHANGE_LAST;;1;1;XEUR;10804524;688;
21.11.2024;08:27:41.981;FGBL SI 20241206 PS;SIMPLE_INSTRUMENT;EFS;EUR;9;132.01000000;218;EXCHANGE_LAST;;1;1;XEUR;10804524;688;
21.11.2024;08:36:42.601;FGBL SI 20241206 PS;SIMPLE_INSTRUMENT;EFS;EUR;10;131.97000000;245;EXCHANGE_LAST;;1;1;XEUR;10804524;688;
21.11.2024;08:40:11.173;FGBL SI 20241206 PS;SIMPLE_INSTRUMENT;EFS;EUR;11;132.05000000;218;EXCHANGE_LAST;;1;1;XEUR;10804524;688;
21.11.2024;08:54:14.228;FGBL SI 20241206 PS;SIMPLE_INSTRUMENT;EFS;EUR;12;131.94000000;871;EXCHANGE_LAST;;1;1;XEUR;10804524;688;
21.11.2024;08:55:34.813;FGBL SI 20241206 PS;SIMPLE_INSTRUMENT;EFS;EUR;13;131.94000000;466;EXCHANGE_LAST;;1;1;XEUR;10804524;688;
21.11.2024;08:57:11.248;FGBL SI 20241206 PS;SIMPLE_INSTRUMENT;EFS;EUR;14;131.94000000;883;EXCHANGE_LAST;;1;1;XEUR;10804524;688;
21.11.2024;08:58:11.989;FGBL SI 20241206 PS;SIMPLE_INSTRUMENT;EFS;EUR;15;131.97000000;246;EXCHANGE_LAST;;1;1;XEUR;10804524;688;
21.11.2024;08:59:13.350;FGBL SI 20241206 PS;SIMPLE_INSTRUMENT;EFS;EUR;16;132.07000000;990;EXCHANGE_LAST;;1;1;XEUR;10804524;688;
21.11.2024;09:00:35.520;FGBL SI 20241206 PS;SIMPLE_INSTRUMENT;EFS;EUR;17;132.01000000;435;EXCHANGE_LAST;;1;1;XEUR;10804524;688;
21.11.2024;09:03:47.156;FGBL SI 20241206 PS;SIMPLE_INSTRUMENT;EFP_FIN;EUR;18;131.99000000;327;EXCHANGE_LAST;;1;1;XEUR;10804524;688;
21.11.2024;09:05:55.002;FGBL SI 20241206 PS;SIMPLE_INSTRUMENT;EFS;EUR;19;132.07000000;492;EXCHANGE_LAST;;1;1;XEUR;10804524;688;
21.11.2024;09:09:11.342;FGBL SI 20241206 PS;SIMPLE_INSTRUMENT;EFS;EUR;20;132.00000000;500;EXCHANGE_LAST;;1;1;XEUR;10804524;688;
21.11.2024;09:10:58.912;FGBL SI 20241206 PS;SIMPLE_INSTRUMENT;EFS;EUR;21;131.94000000;466;EXCHANGE_LAST;;1;1;XEUR;10804524;688;
21.11.2024;09:20:44.915;FGBL SI 20241206 PS;SIMPLE_INSTRUMENT;EFS;EUR;22;132.27000000;98;EXCHANGE_LAST;;1;1;XEUR;10804524;688;
21.11.2024;09:23:32.559;FGBL SI 20241206 PS;SIMPLE_INSTRUMENT;EFS;EUR;23;132.36000000;217;EXCHANGE_LAST;;1;1;XEUR;10804524;688;
21.11.2024;09:27:02.740;FGBL SI 20241206 PS;SIMPLE_INSTRUMENT;EFS;EUR;24;132.33000000;434;EXCHANGE_LAST;;1;1;XEUR;10804524;688;
21.11.2024;09:27:50.571;FGBL SI 20241206 PS;SIMPLE_INSTRUMENT;EFS;EUR;25;132.26000000;264;EXCHANGE_LAST;;1;1;XEUR;10804524;688;
21.11.2024;09:30:12.890;FGBL SI 20241206 PS;SIMPLE_INSTRUMENT;EFS;EUR;26;132.38000000;465;EXCHANGE_LAST;;1;1;XEUR;10804524;688;
21.11.2024;09:31:43.406;FGBL SI 20241206 PS;SIMPLE_INSTRUMENT;EFP_FIN;EUR;27;132.37000000;221;EXCHANGE_LAST;;1;1;XEUR;10804524;688;
21.11.2024;09:32:45.166;FGBL SI 20241206 PS;SIMPLE_INSTRUMENT;EFS;EUR;28;132.32000000;882;EXCHANGE_LAST;;1;1;XEUR;10804524;688;
21.11.2024;09:33:09.897;FGBL SI 20241206 PS;SIMPLE_INSTRUMENT;EFS;EUR;29;132.39000000;98;EXCHANGE_LAST;;1;1;XEUR;10804524;688;
21.11.2024;09:34:09.259;FGBL SI 20241206 PS;SIMPLE_INSTRUMENT;EFS;EUR;30;132.29000000;465;EXCHANGE_LAST;;1;1;XEUR;10804524;688;
21.11.2024;09:34:29.795;FGBL SI 20241206 PS;SIMPLE_INSTRUMENT;EFS;EUR;31;132.12000000;466;EXCHANGE_LAST;;1;1;XEUR;10804524;688;
21.11.2024;09:36:48.181;FGBL SI 20241206 PS;SIMPLE_INSTRUMENT;EFS;EUR;32;132.34000000;434;EXCHANGE_LAST;;1;1;XEUR;10804524;688;
21.11.2024;09:37:02.269;FGBL SI 20241206 PS;SIMPLE_INSTRUMENT;EFS;EUR;33;132.34000000;293;EXCHANGE_LAST;;1;1;XEUR;10804524;688;
21.11.2024;09:37:20.651;FGBL SI 20241206 PS;SIMPLE_INSTRUMENT;EFS;EUR;34;132.37000000;464;EXCHANGE_LAST;;1;1;XEUR;10804524;688;
21.11.2024;09:40:51.261;FGBL SI 20241206 PS;SIMPLE_INSTRUMENT;EFS;EUR;35;132.23000000;98;EXCHANGE_LAST;;1;1;XEUR;10804524;688;
21.11.2024;09:41:11.123;FGBL SI 20241206 PS;SIMPLE_INSTRUMENT;EFP_FIN;EUR;36;132.35000000;221;EXCHANGE_LAST;;1;1;XEUR;10804524;688;
21.11.2024;09:41:04.148;FGBL SI 20241206 PS;SIMPLE_INSTRUMENT;EFS;EUR;37;132.35000000;140;EXCHANGE_LAST;;1;1;XEUR;10804524;688;
21.11.2024;09:42:53.442;FGBL SI 20241206 PS;SIMPLE_INSTRUMENT;EFS;EUR;38;132.36000000;434;EXCHANGE_LAST;;1;1;XEUR;10804524;688;
21.11.2024;09:43:14.465;FGBL SI 20241206 PS;SIMPLE_INSTRUMENT;EFS;EUR;39;132.36000000;869;EXCHANGE_LAST;;1;1;XEUR;10804524;688;
21.11.2024;09:45:04.542;FGBL SI 20241206 PS;SIMPLE_INSTRUMENT;EFS;EUR;40;132.34000000;434;EXCHANGE_LAST;;1;1;XEUR;10804524;688;
21.11.2024;09:45:49.578;FGBL SI 20241206 PS;SIMPLE_INSTRUMENT;EFS;EUR;41;132.36000000;434;EXCHANGE_LAST;;1;1;XEUR;10804524;688;
21.11.2024;09:46:01.144;FGBL SI 20241206 PS;SIMPLE_INSTRUMENT;EFS;EUR;42;132.40000000;978;EXCHANGE_LAST;;1;1;XEUR;10804524;688;
21.11.2024;09:47:51.972;FGBL SI 20241206 PS;SIMPLE_INSTRUMENT;EFS;EUR;43;132.35000000;174;EXCHANGE_LAST;;1;1;XEUR;10804524;688;
21.11.2024;09:48:42.083;FGBL SI 20241206 PS;SIMPLE_INSTRUMENT;EFS;EUR;44;132.37000000;979;EXCHANGE_LAST;;1;1;XEUR;10804524;688;
21.11.2024;09:48:58.164;FGBL SI 20241206 PS;SIMPLE_INSTRUMENT;EFS;EUR;45;132.35000000;434;EXCHANGE_LAST;;1;1;XEUR;10804524;688;
21.11.2024;09:49:11.737;FGBL SI 20241206 PS;SIMPLE_INSTRUMENT;EFS;EUR;46;132.33000000;979;EXCHANGE_LAST;;1;1;XEUR;10804524;688;
21.11.2024;09:49:44.107;FGBL SI 20241206 PS;SIMPLE_INSTRUMENT;EFS;EUR;47;132.37000000;979;EXCHANGE_LAST;;1;1;XEUR;10804524;688;
21.11.2024;09:49:59.057;FGBL SI 20241206 PS;SIMPLE_INSTRUMENT;EFS;EUR;48;132.36000000;434;EXCHANGE_LAST;;1;1;XEUR;10804524;688;
21.11.2024;09:55:29.603;FGBL SI 20241206 PS;SIMPLE_INSTRUMENT;EFS;EUR;49;132.26000000;419;EXCHANGE_LAST;;1;1;XEUR;10804524;688;
21.11.2024;09:56:15.852;FGBL SI 20241206 PS;SIMPLE_INSTRUMENT;EFS;EUR;50;132.30000000;260;EXCHANGE_LAST;;1;1;XEUR;10804524;688;
21.11.2024;09:57:27.199;FGBL SI 20241206 PS;SIMPLE_INSTRUMENT;EFS;EUR;51;132.34000000;980;EXCHANGE_LAST;;1;1;XEUR;10804524;688;
21.11.2024;09:58:25.316;FGBL SI 20241206 PS;SIMPLE_INSTRUMENT;EFS;EUR;52;132.32000000;217;EXCHANGE_LAST;;1;1;XEUR;10804524;688;
21.11.2024;10:01:17.491;FGBL SI 20241206 PS;SIMPLE_INSTRUMENT;EFS;EUR;53;132.36000000;979;EXCHANGE_LAST;;1;1;XEUR;10804524;688;
21.11.2024;10:01:51.346;FGBL SI 20241206 PS;SIMPLE_INSTRUMENT;EFS;EUR;54;132.28000000;979;EXCHANGE_LAST;;1;1;XEUR;10804524;688;
21.11.2024;10:04:50.674;FGBL SI 20241206 PS;SIMPLE_INSTRUMENT;EFS;EUR;55;132.36000000;217;EXCHANGE_LAST;;1;1;XEUR;10804524;688;
21.11.2024;10:04:55.678;FGBL SI 20241206 PS;SIMPLE_INSTRUMENT;EFS;EUR;56;132.35000000;217;EXCHANGE_LAST;;1;1;XEUR;10804524;688;
21.11.2024;10:05:15.696;FGBL SI 20241206 PS;SIMPLE_INSTRUMENT;EFS;EUR;57;132.35000000;217;EXCHANGE_LAST;;1;1;XEUR;10804524;688;
21.11.2024;10:05:28.084;FGBL SI 20241206 PS;SIMPLE_INSTRUMENT;EFS;EUR;58;132.34000000;979;EXCHANGE_LAST;;1;1;XEUR;10804524;688;
21.11.2024;10:07:46.803;FGBL SI 20241206 PS;SIMPLE_INSTRUMENT;EFS;EUR;59;132.37000000;434;EXCHANGE_LAST;;1;1;XEUR;10804524;688;
21.11.2024;10:08:05.817;FGBL SI 20241206 PS;SIMPLE_INSTRUMENT;EFS;EUR;60;132.35000000;434;EXCHANGE_LAST;;1;1;XEUR;10804524;688;
21.11.2024;10:09:37.921;FGBL SI 20241206 PS;SIMPLE_INSTRUMENT;EFS;EUR;61;132.33000000;930;EXCHANGE_LAST;;1;1;XEUR;10804524;688;
21.11.2024;10:11:36.984;FGBL SI 20241206 PS;SIMPLE_INSTRUMENT;EFS;EUR;62;132.37000000;489;EXCHANGE_LAST;;1;1;XEUR;10804524;688;
21.11.2024;10:11:52.505;FGBL SI 20241206 PS;SIMPLE_INSTRUMENT;EFS;EUR;63;132.38000000;434;EXCHANGE_LAST;;1;1;XEUR;10804524;688;
21.11.2024;10:12:27.662;FGBL SI 20241206 PS;SIMPLE_INSTRUMENT;EFS;EUR;64;132.36000000;979;EXCHANGE_LAST;;1;1;XEUR;10804524;688;
21.11.2024;10:14:37.096;FGBL SI 20241206 PS;SIMPLE_INSTRUMENT;EFS;EUR;65;132.43000000;217;EXCHANGE_LAST;;1;1;XEUR;10804524;688;
21.11.2024;10:17:11.750;FGBL SI 20241206 PS;SIMPLE_INSTRUMENT;EFS;EUR;66;132.40000000;231;EXCHANGE_LAST;;1;1;XEUR;10804524;688;
21.11.2024;10:17:42.349;FGBL SI 20241206 PS;SIMPLE_INSTRUMENT;EFS;EUR;67;132.29000000;979;EXCHANGE_LAST;;1;1;XEUR;10804524;688;
21.11.2024;10:21:11.242;FGBL SI 20241206 PS;SIMPLE_INSTRUMENT;EFS;EUR;68;132.35000000;897;EXCHANGE_LAST;;1;1;XEUR;10804524;688;
21.11.2024;10:21:08.214;FGBL SI 20241206 PS;SIMPLE_INSTRUMENT;EFS;EUR;69;132.33000000;490;EXCHANGE_LAST;;1;1;XEUR;10804524;688;
21.11.2024;10:29:18.668;FGBL SI 20241206 PS;SIMPLE_INSTRUMENT;EFS;EUR;70;132.35000000;685;EXCHANGE_LAST;;1;1;XEUR;10804524;688;
21.11.2024;10:30:24.494;FGBL SI 20241206 PS;SIMPLE_INSTRUMENT;EFS;EUR;71;132.30000000;951;EXCHANGE_LAST;;1;1;XEUR;10804524;688;
21.11.2024;10:31:05.146;FGBL SI 20241206 PS;SIMPLE_INSTRUMENT;EFS;EUR;72;132.46000000;434;EXCHANGE_LAST;;1;1;XEUR;10804524;688;
21.11.2024;10:34:42.010;FGBL SI 20241206 PS;SIMPLE_INSTRUMENT;EFS;EUR;73;132.31000000;951;EXCHANGE_LAST;;1;1;XEUR;10804524;688;
21.11.2024;10:37:39.141;FGBL SI 20241206 PS;SIMPLE_INSTRUMENT;EFS;EUR;74;132.45000000;434;EXCHANGE_LAST;;1;1;XEUR;10804524;688;
21.11.2024;10:38:14.169;FGBL SI 20241206 PS;SIMPLE_INSTRUMENT;EFS;EUR;75;132.45000000;217;EXCHANGE_LAST;;1;1;XEUR;10804524;688;
21.11.2024;10:38:37.029;FGBL SI 20241206 PS;SIMPLE_INSTRUMENT;EFP_FIN;EUR;76;132.46000000;206;EXCHANGE_LAST;;1;1;XEUR;10804524;688;
21.11.2024;10:39:49.237;FGBL SI 20241206 PS;SIMPLE_INSTRUMENT;EFS;EUR;77;132.45000000;434;EXCHANGE_LAST;;1;1;XEUR;10804524;688;
21.11.2024;10:45:01.614;FGBL SI 20241206 PS;SIMPLE_INSTRUMENT;EFS;EUR;78;132.33000000;929;EXCHANGE_LAST;;1;1;XEUR;10804524;688;
21.11.2024;10:50:34.297;FGBL SI 20241206 PS;SIMPLE_INSTRUMENT;EFS;EUR;79;132.39000000;217;EXCHANGE_LAST;;1;1;XEUR;10804524;688;
21.11.2024;10:52:24.635;FGBL SI 20241206 PS;SIMPLE_INSTRUMENT;EFS;EUR;80;132.40000000;1956;EXCHANGE_LAST;;1;1;XEUR;10804524;688;
21.11.2024;10:52:15.820;FGBL SI 20241206 PS;SIMPLE_INSTRUMENT;EFS;EUR;81;132.37000000;434;EXCHANGE_LAST;;1;1;XEUR;10804524;688;
21.11.2024;10:55:25.968;FGBL SI 20241206 PS;SIMPLE_INSTRUMENT;EFS;EUR;82;132.32000000;434;EXCHANGE_LAST;;1;1;XEUR;10804524;688;
21.11.2024;10:58:21.087;FGBL SI 20241206 PS;SIMPLE_INSTRUMENT;EFS;EUR;83;132.34000000;434;EXCHANGE_LAST;;1;1;XEUR;10804524;688;
21.11.2024;10:59:41.448;FGBL SI 20241206 PS;SIMPLE_INSTRUMENT;EFP_FIN;EUR;84;132.40000000;420;EXCHANGE_LAST;;1;1;XEUR;10804524;688;
21.11.2024;11:00:46.207;FGBL SI 20241206 PS;SIMPLE_INSTRUMENT;EFS;EUR;85;132.34000000;434;EXCHANGE_LAST;;1;1;XEUR;10804524;688;
21.11.2024;11:00:56.216;FGBL SI 20241206 PS;SIMPLE_INSTRUMENT;EFS;EUR;86;132.39000000;217;EXCHANGE_LAST;;1;1;XEUR;10804524;688;
21.11.2024;11:02:40.139;FGBL SI 20241206 PS;SIMPLE_INSTRUMENT;EFP_FIN;EUR;87;132.41000000;374;EXCHANGE_LAST;;1;1;XEUR;10804524;688;
21.11.2024;11:04:18.356;FGBL SI 20241206 PS;SIMPLE_INSTRUMENT;EFP_FIN;EUR;88;132.48000000;249;EXCHANGE_LAST;;1;1;XEUR;10804524;688;
21.11.2024;11:06:19.050;FGBL SI 20241206 PS;SIMPLE_INSTRUMENT;EFS;EUR;89;132.37000000;978;EXCHANGE_LAST;;1;1;XEUR;10804524;688;
21.11.2024;11:08:06.605;FGBL SI 20241206 PS;SIMPLE_INSTRUMENT;EFS;EUR;90;132.38000000;217;EXCHANGE_LAST;;1;1;XEUR;10804524;688;
21.11.2024;11:08:36.637;FGBL SI 20241206 PS;SIMPLE_INSTRUMENT;EFS;EUR;91;132.38000000;1303;EXCHANGE_LAST;;1;1;XEUR;10804524;688;
21.11.2024;11:09:01.657;FGBL SI 20241206 PS;SIMPLE_INSTRUMENT;EFS;EUR;92;132.33000000;434;EXCHANGE_LAST;;1;1;XEUR;10804524;688;
21.11.2024;11:09:36.681;FGBL SI 20241206 PS;SIMPLE_INSTRUMENT;EFS;EUR;93;132.40000000;434;EXCHANGE_LAST;;1;1;XEUR;10804524;688;
21.11.2024;11:09:56.702;FGBL SI 20241206 PS;SIMPLE_INSTRUMENT;EFS;EUR;94;132.40000000;434;EXCHANGE_LAST;;1;1;XEUR;10804524;688;
21.11.2024;11:11:23.523;FGBL SI 20241206 PS;SIMPLE_INSTRUMENT;EFS;EUR;95;132.39000000;978;EXCHANGE_LAST;;1;1;XEUR;10804524;688;
21.11.2024;11:14:42.068;FGBL SI 20241206 PS;SIMPLE_INSTRUMENT;EFS;EUR;96;132.37000000;465;EXCHANGE_LAST;;1;1;XEUR;10804524;688;
21.11.2024;11:15:49.164;FGBL SI 20241206 PS;SIMPLE_INSTRUMENT;EFS;EUR;97;132.43000000;978;EXCHANGE_LAST;;1;1;XEUR;10804524;688;
21.11.2024;11:17:27.840;FGBL SI 20241206 PS;SIMPLE_INSTRUMENT;EFS;EUR;98;132.41000000;930;EXCHANGE_LAST;;1;1;XEUR;10804524;688;
21.11.2024;11:24:14.421;FGBL SI 20241206 PS;SIMPLE_INSTRUMENT;EFS;EUR;99;132.40000000;29;EXCHANGE_LAST;;1;1;XEUR;10804524;688;
21.11.2024;11:27:07.797;FGBL SI 20241206 PS;SIMPLE_INSTRUMENT;EFS;EUR;100;132.44000000;434;EXCHANGE_LAST;;1;1;XEUR;10804524;688;
21.11.2024;11:27:45.584;FGBL SI 20241206 PS;SIMPLE_INSTRUMENT;EFS;EUR;101;132.44000000;260;EXCHANGE_LAST;;1;1;XEUR;10804524;688;
21.11.2024;11:36:26.258;FGBL SI 20241206 PS;SIMPLE_INSTRUMENT;EFS;EUR;102;132.44000000;232;EXCHANGE_LAST;;1;1;XEUR;10804524;688;
21.11.2024;11:37:58.064;FGBL SI 20241206 PS;SIMPLE_INSTRUMENT;EFP_FIN;EUR;103;132.41000000;411;EXCHANGE_LAST;;1;1;XEUR;10804524;688;
21.11.2024;11:41:40.036;FGBL SI 20241206 PS;SIMPLE_INSTRUMENT;EFS;EUR;104;132.33000000;304;EXCHANGE_LAST;;1;1;XEUR;10804524;688;
21.11.2024;11:43:30.127;FGBL SI 20241206 PS;SIMPLE_INSTRUMENT;EFS;EUR;105;132.35000000;435;EXCHANGE_LAST;;1;1;XEUR;10804524;688;
21.11.2024;11:53:11.645;FGBL SI 20241206 PS;SIMPLE_INSTRUMENT;EFS;EUR;106;132.31000000;139;EXCHANGE_LAST;;1;1;XEUR;10804524;688;
21.11.2024;11:54:06.467;FGBL SI 20241206 PS;SIMPLE_INSTRUMENT;EFS;EUR;107;132.31000000;2325;EXCHANGE_LAST;;1;1;XEUR;10804524;688;
21.11.2024;11:57:10.723;FGBL SI 20241206 PS;SIMPLE_INSTRUMENT;EFS;EUR;108;132.32000000;435;EXCHANGE_LAST;;1;1;XEUR;10804524;688;
21.11.2024;12:01:15.835;FGBL SI 20241206 PS;SIMPLE_INSTRUMENT;EFS;EUR;109;132.31000000;979;EXCHANGE_LAST;;1;1;XEUR;10804524;688;
21.11.2024;12:01:36.262;FGBL SI 20241206 PS;SIMPLE_INSTRUMENT;EFS;EUR;110;132.46000000;734;EXCHANGE_LAST;;1;1;XEUR;10804524;688;
21.11.2024;12:02:25.629;FGBL SI 20241206 PS;SIMPLE_INSTRUMENT;EFS;EUR;111;132.32000000;99;EXCHANGE_LAST;;1;1;XEUR;10804524;688;
21.11.2024;12:05:38.619;FGBL SI 20241206 PS;SIMPLE_INSTRUMENT;EFS;EUR;112;132.32000000;231;EXCHANGE_LAST;;1;1;XEUR;10804524;688;
21.11.2024;12:07:20.156;FGBL SI 20241206 PS;SIMPLE_INSTRUMENT;EFS;EUR;113;132.32000000;434;EXCHANGE_LAST;;1;1;XEUR;10804524;688;
21.11.2024;12:13:13.200;FGBL SI 20241206 PS;SIMPLE_INSTRUMENT;EFS;EUR;114;132.29000000;434;EXCHANGE_LAST;;1;1;XEUR;10804524;688;
21.11.2024;12:20:03.687;FGBL SI 20241206 PS;SIMPLE_INSTRUMENT;EFS;EUR;115;132.36000000;300;EXCHANGE_LAST;;1;1;XEUR;10804524;688;
21.11.2024;12:28:58.267;FGBL SI 20241206 PS;SIMPLE_INSTRUMENT;EFP_FIN;EUR;116;132.29000000;1052;EXCHANGE_LAST;;1;1;XEUR;10804524;688;
21.11.2024;12:33:49.004;FGBL SI 20241206 PS;SIMPLE_INSTRUMENT;EFP_FIN;EUR;117;132.35000000;243;EXCHANGE_LAST;;1;1;XEUR;10804524;688;
21.11.2024;12:36:27.481;FGBL SI 20241206 PS;SIMPLE_INSTRUMENT;EFS;EUR;118;132.42000000;434;EXCHANGE_LAST;;1;1;XEUR;10804524;688;
21.11.2024;12:38:13.256;FGBL SI 20241206 PS;SIMPLE_INSTRUMENT;EFP_FIN;EUR;119;132.43000000;522;EXCHANGE_LAST;;1;1;XEUR;10804524;688;
21.11.2024;12:39:59.320;FGBL SI 20241206 PS;SIMPLE_INSTRUMENT;EFS;EUR;120;132.42000000;980;EXCHANGE_LAST;;1;1;XEUR;10804524;688;
21.11.2024;12:53:26.809;FGBL SI 20241206 PS;SIMPLE_INSTRUMENT;EFS;EUR;121;132.48000000;364;EXCHANGE_LAST;;1;1;XEUR;10804524;688;
21.11.2024;12:53:54.002;FGBL SI 20241206 PS;SIMPLE_INSTRUMENT;EFS;EUR;122;132.45000000;2444;EXCHANGE_LAST;;1;1;XEUR;10804524;688;
21.11.2024;12:54:20.609;FGBL SI 20241206 PS;SIMPLE_INSTRUMENT;EFS;EUR;123;132.48000000;217;EXCHANGE_LAST;;1;1;XEUR;10804524;688;
21.11.2024;12:55:51.551;FGBL SI 20241206 PS;SIMPLE_INSTRUMENT;EFS;EUR;124;132.48000000;244;EXCHANGE_LAST;;1;1;XEUR;10804524;688;
21.11.2024;12:58:40.408;FGBL SI 20241206 PS;SIMPLE_INSTRUMENT;EFS;EUR;125;132.49000000;230;EXCHANGE_LAST;;1;1;XEUR;10804524;688;
21.11.2024;13:02:13.153;FGBL SI 20241206 PS;SIMPLE_INSTRUMENT;EFS;EUR;126;132.35000000;980;EXCHANGE_LAST;;1;1;XEUR;10804524;688;
21.11.2024;13:03:52.452;FGBL SI 20241206 PS;SIMPLE_INSTRUMENT;EFS;EUR;127;132.44000000;217;EXCHANGE_LAST;;1;1;XEUR;10804524;688;
21.11.2024;13:04:21.676;FGBL SI 20241206 PS;SIMPLE_INSTRUMENT;EFP_FIN;EUR;128;132.33000000;124;EXCHANGE_LAST;;1;1;XEUR;10804524;688;
21.11.2024;13:08:30.657;FGBL SI 20241206 PS;SIMPLE_INSTRUMENT;EFS;EUR;129;132.43000000;391;EXCHANGE_LAST;;1;1;XEUR;10804524;688;
21.11.2024;13:08:40.179;FGBL SI 20241206 PS;SIMPLE_INSTRUMENT;EFS;EUR;130;132.43000000;391;EXCHANGE_LAST;;1;1;XEUR;10804524;688;
21.11.2024;13:08:41.300;FGBL SI 20241206 PS;SIMPLE_INSTRUMENT;EFS;EUR;131;132.42000000;217;EXCHANGE_LAST;;1;1;XEUR;10804524;688;
21.11.2024;13:14:57.952;FGBL SI 20241206 PS;SIMPLE_INSTRUMENT;EFS;EUR;132;132.41000000;217;EXCHANGE_LAST;;1;1;XEUR;10804524;688;
21.11.2024;13:20:50.953;FGBL SI 20241206 PS;SIMPLE_INSTRUMENT;EFS;EUR;133;132.47000000;217;EXCHANGE_LAST;;1;1;XEUR;10804524;688;
21.11.2024;13:25:34.409;FGBL SI 20241206 PS;SIMPLE_INSTRUMENT;EFS;EUR;134;132.38000000;434;EXCHANGE_LAST;;1;1;XEUR;10804524;688;
21.11.2024;13:33:00.893;FGBL SI 20241206 PS;SIMPLE_INSTRUMENT;EFS;EUR;135;132.39000000;697;EXCHANGE_LAST;;1;1;XEUR;10804524;688;
21.11.2024;13:34:08.756;FGBL SI 20241206 PS;SIMPLE_INSTRUMENT;EFS;EUR;136;132.40000000;1956;EXCHANGE_LAST;;1;1;XEUR;10804524;688;
21.11.2024;13:34:10.484;FGBL SI 20241206 PS;SIMPLE_INSTRUMENT;EFS;EUR;137;132.44000000;489;EXCHANGE_LAST;;1;1;XEUR;10804524;688;
21.11.2024;13:34:29.229;FGBL SI 20241206 PS;SIMPLE_INSTRUMENT;EFS;EUR;138;132.40000000;434;EXCHANGE_LAST;;1;1;XEUR;10804524;688;
21.11.2024;13:37:31.886;FGBL SI 20241206 PS;SIMPLE_INSTRUMENT;EFS;EUR;139;132.38000000;1223;EXCHANGE_LAST;;1;1;XEUR;10804524;688;
21.11.2024;13:41:07.116;FGBL SI 20241206 PS;SIMPLE_INSTRUMENT;EFS;EUR;140;132.48000000;217;EXCHANGE_LAST;;1;1;XEUR;10804524;688;
21.11.2024;13:46:59.525;FGBL SI 20241206 PS;SIMPLE_INSTRUMENT;EFS;EUR;141;132.36000000;489;EXCHANGE_LAST;;1;1;XEUR;10804524;688;
21.11.2024;13:50:56.346;FGBL SI 20241206 PS;SIMPLE_INSTRUMENT;EFS;EUR;142;132.36000000;2444;EXCHANGE_LAST;;1;1;XEUR;10804524;688;
21.11.2024;13:54:57.755;FGBL SI 20241206 PS;SIMPLE_INSTRUMENT;EFS;EUR;143;132.57000000;304;EXCHANGE_LAST;;1;1;XEUR;10804524;688;
21.11.2024;14:01:08.916;FGBL SI 20241206 PS;SIMPLE_INSTRUMENT;EFS;EUR;144;132.51000000;245;EXCHANGE_LAST;;1;1;XEUR;10804524;688;
21.11.2024;14:02:59.489;FGBL SI 20241206 PS;SIMPLE_INSTRUMENT;EFS;EUR;145;132.56000000;51;EXCHANGE_LAST;;1;1;XEUR;10804524;688;
21.11.2024;14:09:59.532;FGBL SI 20241206 PS;SIMPLE_INSTRUMENT;EFS;EUR;146;132.58000000;232;EXCHANGE_LAST;;1;1;XEUR;10804524;688;
21.11.2024;14:11:32.231;FGBL SI 20241206 PS;SIMPLE_INSTRUMENT;EFS;EUR;147;132.46000000;1222;EXCHANGE_LAST;;1;1;XEUR;10804524;688;
21.11.2024;14:14:55.613;FGBL SI 20241206 PS;SIMPLE_INSTRUMENT;EFS;EUR;149;132.40000000;1400;EXCHANGE_LAST;;1;1;XEUR;10804524;688;
21.11.2024;14:19:49.875;FGBL SI 20241206 PS;SIMPLE_INSTRUMENT;EFS;EUR;150;132.34000000;217;EXCHANGE_LAST;;1;1;XEUR;10804524;688;
21.11.2024;14:22:17.049;FGBL SI 20241206 PS;SIMPLE_INSTRUMENT;EFS;EUR;151;132.34000000;93;EXCHANGE_LAST;;1;1;XEUR;10804524;688;
21.11.2024;14:24:26.075;FGBL SI 20241206 PS;SIMPLE_INSTRUMENT;EFS;EUR;152;132.38000000;528;EXCHANGE_LAST;;1;1;XEUR;10804524;688;
21.11.2024;14:24:49.113;FGBL SI 20241206 PS;SIMPLE_INSTRUMENT;EFS;EUR;153;132.38000000;434;EXCHANGE_LAST;;1;1;XEUR;10804524;688;
21.11.2024;14:26:22.314;FGBL SI 20241206 PS;SIMPLE_INSTRUMENT;EFS;EUR;154;132.37000000;465;EXCHANGE_LAST;;1;1;XEUR;10804524;688;
21.11.2024;14:29:35.656;FGBL SI 20241206 PS;SIMPLE_INSTRUMENT;EFS;EUR;155;132.43000000;244;EXCHANGE_LAST;;1;1;XEUR;10804524;688;
21.11.2024;14:37:02.483;FGBL SI 20241206 PS;SIMPLE_INSTRUMENT;EFS;EUR;156;132.37000000;697;EXCHANGE_LAST;;1;1;XEUR;10804524;688;
21.11.2024;14:40:17.248;FGBL SI 20241206 PS;SIMPLE_INSTRUMENT;EFS;EUR;157;132.57000000;100;EXCHANGE_LAST;;1;1;XEUR;10804524;688;
21.11.2024;14:44:13.060;FGBL SI 20241206 PS;SIMPLE_INSTRUMENT;EFS;EUR;158;132.65000000;434;EXCHANGE_LAST;;1;1;XEUR;10804524;688;
21.11.2024;14:46:08.179;FGBL SI 20241206 PS;SIMPLE_INSTRUMENT;EFS;EUR;159;132.65000000;868;EXCHANGE_LAST;;1;1;XEUR;10804524;688;
21.11.2024;14:49:50.191;FGBL SI 20241206 PS;SIMPLE_INSTRUMENT;EFS;EUR;160;132.63000000;528;EXCHANGE_LAST;;1;1;XEUR;10804524;688;
21.11.2024;14:49:53.410;FGBL SI 20241206 PS;SIMPLE_INSTRUMENT;EFS;EUR;161;132.64000000;217;EXCHANGE_LAST;;1;1;XEUR;10804524;688;
21.11.2024;14:52:02.565;FGBL SI 20241206 PS;SIMPLE_INSTRUMENT;EFS;EUR;162;132.60000000;434;EXCHANGE_LAST;;1;1;XEUR;10804524;688;
21.11.2024;14:53:31.872;FGBL SI 20241206 PS;SIMPLE_INSTRUMENT;EFS;EUR;163;132.61000000;557;EXCHANGE_LAST;;1;1;XEUR;10804524;688;
21.11.2024;14:57:27.743;FGBL SI 20241206 PS;SIMPLE_INSTRUMENT;EFS;EUR;164;132.61000000;650;EXCHANGE_LAST;;1;1;XEUR;10804524;688;
21.11.2024;14:57:28.857;FGBL SI 20241206 PS;SIMPLE_INSTRUMENT;EFS;EUR;165;132.58000000;977;EXCHANGE_LAST;;1;1;XEUR;10804524;688;
21.11.2024;14:58:21.746;FGBL SI 20241206 PS;SIMPLE_INSTRUMENT;EFS;EUR;166;132.59000000;1400;EXCHANGE_LAST;;1;1;XEUR;10804524;688;
21.11.2024;15:15:54.512;FGBL SI 20241206 PS;SIMPLE_INSTRUMENT;EFS;EUR;168;132.57000000;489;EXCHANGE_LAST;;1;1;XEUR;10804524;688;
21.11.2024;15:08:08.905;FGBL SI 20241206 PS;SIMPLE_INSTRUMENT;EFS;EUR;169;132.60000000;867;EXCHANGE_LAST;;1;1;XEUR;10804524;688;
21.11.2024;15:09:20.183;FGBL SI 20241206 PS;SIMPLE_INSTRUMENT;EFS;EUR;170;132.60000000;217;EXCHANGE_LAST;;1;1;XEUR;10804524;688;
21.11.2024;15:10:53.162;FGBL SI 20241206 PS;SIMPLE_INSTRUMENT;EFS;EUR;171;132.60000000;217;EXCHANGE_LAST;;1;1;XEUR;10804524;688;
21.11.2024;15:14:16.708;FGBL SI 20241206 PS;SIMPLE_INSTRUMENT;EFS;EUR;172;132.60000000;434;EXCHANGE_LAST;;1;1;XEUR;10804524;688;
21.11.2024;15:19:03.368;FGBL SI 20241206 PS;SIMPLE_INSTRUMENT;EFP_FIN;EUR;173;132.58000000;77;EXCHANGE_LAST;;1;1;XEUR;10804524;688;
21.11.2024;15:28:29.773;FGBL SI 20241206 PS;SIMPLE_INSTRUMENT;EFP_FIN;EUR;174;132.57000000;1162;EXCHANGE_LAST;;1;1;XEUR;10804524;688;
21.11.2024;15:32:55.991;FGBL SI 20241206 PS;SIMPLE_INSTRUMENT;EFS;EUR;175;132.62000000;317;EXCHANGE_LAST;;1;1;XEUR;10804524;688;
21.11.2024;15:33:29.731;FGBL SI 20241206 PS;SIMPLE_INSTRUMENT;EFS;EUR;176;132.62000000;317;EXCHANGE_LAST;;1;1;XEUR;10804524;688;
21.11.2024;15:35:38.460;FGBL SI 20241206 PS;SIMPLE_INSTRUMENT;EFS;EUR;177;132.63000000;217;EXCHANGE_LAST;;1;1;XEUR;10804524;688;
21.11.2024;15:37:47.666;FGBL SI 20241206 PS;SIMPLE_INSTRUMENT;EFS;EUR;178;132.60000000;434;EXCHANGE_LAST;;1;1;XEUR;10804524;688;
21.11.2024;15:41:00.944;FGBL SI 20241206 PS;SIMPLE_INSTRUMENT;EFP_FIN;EUR;179;132.62000000;364;EXCHANGE_LAST;;1;1;XEUR;10804524;688;
21.11.2024;15:47:18.245;FGBL SI 20241206 PS;SIMPLE_INSTRUMENT;EFS;EUR;180;132.53000000;434;EXCHANGE_LAST;;1;1;XEUR;10804524;688;
21.11.2024;16:19:02.217;FGBL SI 20241206 PS;SIMPLE_INSTRUMENT;EFS;EUR;181;132.51000000;326;EXCHANGE_LAST;;1;1;XEUR;10804524;688;
21.11.2024;16:29:25.379;FGBL SI 20241206 PS;SIMPLE_INSTRUMENT;EFP_FIN;EUR;182;132.51000000;489;EXCHANGE_LAST;;1;1;XEUR;10804524;688;
21.11.2024;16:41:28.121;FGBL SI 20241206 PS;SIMPLE_INSTRUMENT;EFS;EUR;183;132.58000000;1000;EXCHANGE_LAST;;1;1;XEUR;10804524;688;
21.11.2024;16:50:42.548;FGBL SI 20241206 PS;SIMPLE_INSTRUMENT;EFS;EUR;184;132.49000000;1192;EXCHANGE_LAST;;1;1;XEUR;10804524;688;
21.11.2024;16:54:16.372;FGBL SI 20241206 PS;SIMPLE_INSTRUMENT;EFS;EUR;185;132.44000000;130;EXCHANGE_LAST;;1;1;XEUR;10804524;688;
21.11.2024;17:03:53.797;FGBL SI 20241206 PS;SIMPLE_INSTRUMENT;EFS;EUR;186;132.40000000;74;EXCHANGE_LAST;;1;1;XEUR;10804524;688;
21.11.2024;17:08:23.872;FGBL SI 20241206 PS;SIMPLE_INSTRUMENT;EFS;EUR;187;132.48000000;355;EXCHANGE_LAST;;1;1;XEUR;10804524;688;
21.11.2024;09:27:05.347;FGBL SI 20241206 PS;SIMPLE_INSTRUMENT;VOLA;EUR;268435461;132.06000000;276;EXCHANGE_LAST;;1;1;XEUR;10804524;688;
21.11.2024;10:39:36.903;FGBL SI 20241206 PS;SIMPLE_INSTRUMENT;VOLA;EUR;268435483;132.35000000;210;EXCHANGE_LAST;;1;1;XEUR;10804524;688;
21.11.2024;10:54:23.568;FGBL SI 20241206 PS;SIMPLE_INSTRUMENT;VOLA;EUR;268435488;132.26000000;69;EXCHANGE_LAST;;1;1;XEUR;10804524;688;
21.11.2024;10:59:04.765;FGBL SI 20250306 PS;SIMPLE_INSTRUMENT;VOLA;EUR;268435491;133.94000000;300;EXCHANGE_LAST;;1;1;XEUR;11286679;688;
21.11.2024;12:05:50.180;FGBL SI 20241206 PS;SIMPLE_INSTRUMENT;VOLA;EUR;268435501;132.35000000;350;EXCHANGE_LAST;;1;1;XEUR;10804524;688;
21.11.2024;14:48:09.668;FGBL SI 20241206 PS;SIMPLE_INSTRUMENT;VOLA;EUR;268435516;132.36000000;14;EXCHANGE_LAST;;1;1;XEUR;10804524;688;
21.11.2024;15:07:44.694;FGBL SI 20250306 PS;SIMPLE_INSTRUMENT;VOLA;EUR;268435526;133.98000000;4;EXCHANGE_LAST;;1;1;XEUR;11286679;688;
21.11.2024;16:54:53.880;FGBL SI 20241206 PS;SIMPLE_INSTRUMENT;VOLA;EUR;268435560;132.40000000;100;EXCHANGE_LAST;;1;1;XEUR;10804524;688;
21.11.2024;08:17:23.087;FGBM SI 20241206 PS;SIMPLE_INSTRUMENT;EFS;EUR;1;118.47000000;870;EXCHANGE_LAST;;1;1;XEUR;10804525;689;
21.11.2024;08:34:43.890;FGBM SI 20241206 PS;SIMPLE_INSTRUMENT;EFS;EUR;2;118.50000000;1399;EXCHANGE_LAST;;1;1;XEUR;10804525;689;
21.11.2024;08:45:00.490;FGBM SI 20241206 PS;SIMPLE_INSTRUMENT;EFS;EUR;3;118.54000000;869;EXCHANGE_LAST;;1;1;XEUR;10804525;689;
21.11.2024;08:48:06.140;FGBM SI 20241206 PS;SIMPLE_INSTRUMENT;EFS;EUR;4;118.53000000;1864;EXCHANGE_LAST;;1;1;XEUR;10804525;689;
21.11.2024;08:48:56.260;FGBM SI 20241206 PS;SIMPLE_INSTRUMENT;EFS;EUR;5;118.51000000;1865;EXCHANGE_LAST;;1;1;XEUR;10804525;689;
21.11.2024;08:51:53.129;FGBM SI 20241206 PS;SIMPLE_INSTRUMENT;EFS;EUR;6;118.51000000;932;EXCHANGE_LAST;;1;1;XEUR;10804525;689;
21.11.2024;08:54:23.991;FGBM SI 20241206 PS;SIMPLE_INSTRUMENT;EFS;EUR;7;118.47000000;1865;EXCHANGE_LAST;;1;1;XEUR;10804525;689;
21.11.2024;08:56:59.681;FGBM SI 20241206 PS;SIMPLE_INSTRUMENT;BLOCK;EUR;8;118.48000000;5596;EXCHANGE_LAST;;1;1;XEUR;10804525;689;
21.11.2024;09:03:05.743;FGBM SI 20241206 PS;SIMPLE_INSTRUMENT;EFS;EUR;9;118.50000000;4680;EXCHANGE_LAST;;1;1;XEUR;10804525;689;
21.11.2024;09:17:36.816;FGBM SI 20241206 PS;SIMPLE_INSTRUMENT;EFS;EUR;10;118.59000000;434;EXCHANGE_LAST;;1;1;XEUR;10804525;689;
21.11.2024;09:17:59.454;FGBM SI 20241206 PS;SIMPLE_INSTRUMENT;EFS;EUR;11;118.47000000;463;EXCHANGE_LAST;;1;1;XEUR;10804525;689;
21.11.2024;09:18:08.411;FGBM SI 20241206 PS;SIMPLE_INSTRUMENT;EFS;EUR;12;118.48000000;791;EXCHANGE_LAST;;1;1;XEUR;10804525;689;
21.11.2024;09:21:19.575;FGBM SI 20241206 PS;SIMPLE_INSTRUMENT;EFP_FIN;EUR;13;118.53000000;365;EXCHANGE_LAST;;1;1;XEUR;10804525;689;
21.11.2024;09:25:27.661;FGBM SI 20241206 PS;SIMPLE_INSTRUMENT;EFS;EUR;14;118.70000000;652;EXCHANGE_LAST;;1;1;XEUR;10804525;689;
21.11.2024;09:28:40.086;FGBM SI 20241206 PS;SIMPLE_INSTRUMENT;EFS;EUR;15;118.66000000;466;EXCHANGE_LAST;;1;1;XEUR;10804525;689;
21.11.2024;09:30:28.246;FGBM SI 20241206 PS;SIMPLE_INSTRUMENT;EFP_FIN;EUR;16;118.59000000;447;EXCHANGE_LAST;;1;1;XEUR;10804525;689;
21.11.2024;09:31:26.157;FGBM SI 20241206 PS;SIMPLE_INSTRUMENT;EFS;EUR;17;118.63000000;884;EXCHANGE_LAST;;1;1;XEUR;10804525;689;
21.11.2024;09:33:12.411;FGBM SI 20241206 PS;SIMPLE_INSTRUMENT;EFS;EUR;18;118.60000000;1397;EXCHANGE_LAST;;1;1;XEUR;10804525;689;
21.11.2024;09:36:12.663;FGBM SI 20241206 PS;SIMPLE_INSTRUMENT;EFS;EUR;19;118.63000000;466;EXCHANGE_LAST;;1;1;XEUR;10804525;689;
21.11.2024;09:36:31.608;FGBM SI 20241206 PS;SIMPLE_INSTRUMENT;EFS;EUR;20;118.67000000;466;EXCHANGE_LAST;;1;1;XEUR;10804525;689;
21.11.2024;09:38:18.818;FGBM SI 20241206 PS;SIMPLE_INSTRUMENT;EFS;EUR;21;118.65000000;868;EXCHANGE_LAST;;1;1;XEUR;10804525;689;
21.11.2024;09:39:09.864;FGBM SI 20241206 PS;SIMPLE_INSTRUMENT;EFS;EUR;22;118.68000000;434;EXCHANGE_LAST;;1;1;XEUR;10804525;689;
21.11.2024;09:47:28.239;FGBM SI 20241206 PS;SIMPLE_INSTRUMENT;EFP_FIN;EUR;23;118.62000000;312;EXCHANGE_LAST;;1;1;XEUR;10804525;689;
21.11.2024;10:01:14.182;FGBM SI 20241206 PS;SIMPLE_INSTRUMENT;EFP_FIN;EUR;24;118.69000000;880;EXCHANGE_LAST;;1;1;XEUR;10804525;689;
21.11.2024;10:07:26.326;FGBM SI 20241206 PS;SIMPLE_INSTRUMENT;EFP_FIN;EUR;25;118.64000000;458;EXCHANGE_LAST;;1;1;XEUR;10804525;689;
21.11.2024;10:13:13.353;FGBM SI 20241206 PS;SIMPLE_INSTRUMENT;EFS;EUR;26;118.65000000;1397;EXCHANGE_LAST;;1;1;XEUR;10804525;689;
21.11.2024;10:19:07.887;FGBM SI 20241206 PS;SIMPLE_INSTRUMENT;EFP_FIN;EUR;27;118.68000000;759;EXCHANGE_LAST;;1;1;XEUR;10804525;689;
21.11.2024;10:37:14.601;FGBM SI 20241206 PS;SIMPLE_INSTRUMENT;EFS;EUR;28;118.52000000;1398;EXCHANGE_LAST;;1;1;XEUR;10804525;689;
21.11.2024;10:39:51.290;FGBM SI 20241206 PS;SIMPLE_INSTRUMENT;EFP_FIN;EUR;29;118.68000000;223;EXCHANGE_LAST;;1;1;XEUR;10804525;689;
21.11.2024;10:45:23.615;FGBM SI 20241206 PS;SIMPLE_INSTRUMENT;EFS;EUR;30;118.66000000;883;EXCHANGE_LAST;;1;1;XEUR;10804525;689;
21.11.2024;10:43:38.729;FGBM SI 20241206 PS;SIMPLE_INSTRUMENT;EFS;EUR;31;118.75000000;1860;EXCHANGE_LAST;;1;1;XEUR;10804525;689;
21.11.2024;10:48:21.989;FGBM SI 20241206 PS;SIMPLE_INSTRUMENT;EFS;EUR;32;118.75000000;3720;EXCHANGE_LAST;;1;1;XEUR;10804525;689;
21.11.2024;10:52:02.062;FGBM SI 20241206 PS;SIMPLE_INSTRUMENT;EFS;EUR;33;118.69000000;434;EXCHANGE_LAST;;1;1;XEUR;10804525;689;
21.11.2024;10:53:02.588;FGBM SI 20241206 PS;SIMPLE_INSTRUMENT;EFS;EUR;34;118.69000000;868;EXCHANGE_LAST;;1;1;XEUR;10804525;689;
21.11.2024;10:53:36.166;FGBM SI 20241206 PS;SIMPLE_INSTRUMENT;EFS;EUR;35;118.69000000;434;EXCHANGE_LAST;;1;1;XEUR;10804525;689;
21.11.2024;10:56:13.862;FGBM SI 20241206 PS;SIMPLE_INSTRUMENT;EFS;EUR;36;118.70000000;1862;EXCHANGE_LAST;;1;1;XEUR;10804525;689;
21.11.2024;10:57:40.460;FGBM SI 20241206 PS;SIMPLE_INSTRUMENT;EFP_FIN;EUR;37;118.70000000;630;EXCHANGE_LAST;;1;1;XEUR;10804525;689;
21.11.2024;10:59:11.518;FGBM SI 20241206 PS;SIMPLE_INSTRUMENT;EFS;EUR;38;118.69000000;3722;EXCHANGE_LAST;;1;1;XEUR;10804525;689;
21.11.2024;11:03:09.174;FGBM SI 20241206 PS;SIMPLE_INSTRUMENT;EFS;EUR;39;118.68000000;434;EXCHANGE_LAST;;1;1;XEUR;10804525;689;
21.11.2024;11:03:42.034;FGBM SI 20241206 PS;SIMPLE_INSTRUMENT;EFS;EUR;40;118.67000000;1862;EXCHANGE_LAST;;1;1;XEUR;10804525;689;
21.11.2024;11:04:15.566;FGBM SI 20241206 PS;SIMPLE_INSTRUMENT;EFS;EUR;41;118.68000000;217;EXCHANGE_LAST;;1;1;XEUR;10804525;689;
21.11.2024;11:05:06.901;FGBM SI 20241206 PS;SIMPLE_INSTRUMENT;EFP_FIN;EUR;42;118.64000000;1847;EXCHANGE_LAST;;1;1;XEUR;10804525;689;
21.11.2024;11:05:50.648;FGBM SI 20241206 PS;SIMPLE_INSTRUMENT;EFP_FIN;EUR;43;118.65000000;1564;EXCHANGE_LAST;;1;1;XEUR;10804525;689;
21.11.2024;11:11:35.890;FGBM SI 20241206 PS;SIMPLE_INSTRUMENT;EFS;EUR;44;118.71000000;953;EXCHANGE_LAST;;1;1;XEUR;10804525;689;
21.11.2024;11:14:05.099;FGBM SI 20241206 PS;SIMPLE_INSTRUMENT;EFP_FIN;EUR;45;118.70000000;1032;EXCHANGE_LAST;;1;1;XEUR;10804525;689;
21.11.2024;11:22:50.494;FGBM SI 20241206 PS;SIMPLE_INSTRUMENT;EFP_FIN;EUR;46;118.70000000;93;EXCHANGE_LAST;;1;1;XEUR;10804525;689;
21.11.2024;11:20:26.478;FGBM SI 20241206 PS;SIMPLE_INSTRUMENT;EFP_FIN;EUR;47;118.68000000;375;EXCHANGE_LAST;;1;1;XEUR;10804525;689;
21.11.2024;11:35:29.063;FGBM SI 20241206 PS;SIMPLE_INSTRUMENT;EFS;EUR;48;118.69000000;465;EXCHANGE_LAST;;1;1;XEUR;10804525;689;
21.11.2024;11:37:10.728;FGBM SI 20241206 PS;SIMPLE_INSTRUMENT;EFP_FIN;EUR;49;118.70000000;976;EXCHANGE_LAST;;1;1;XEUR;10804525;689;
21.11.2024;11:45:35.994;FGBM SI 20241206 PS;SIMPLE_INSTRUMENT;EFP_FIN;EUR;50;118.68000000;315;EXCHANGE_LAST;;1;1;XEUR;10804525;689;
21.11.2024;11:46:55.293;FGBM SI 20241206 PS;SIMPLE_INSTRUMENT;EFS;EUR;51;118.65000000;1087;EXCHANGE_LAST;;1;1;XEUR;10804525;689;
21.11.2024;11:50:47.286;FGBM SI 20241206 PS;SIMPLE_INSTRUMENT;BLOCK;EUR;52;118.66000000;4425;EXCHANGE_LAST;;1;1;XEUR;10804525;689;
21.11.2024;11:51:02.714;FGBM SI 20241206 PS;SIMPLE_INSTRUMENT;EFP_FIN;EUR;53;118.69000000;401;EXCHANGE_LAST;;1;1;XEUR;10804525;689;
21.11.2024;11:51:54.531;FGBM SI 20241206 PS;SIMPLE_INSTRUMENT;EFP_FIN;EUR;54;118.69000000;259;EXCHANGE_LAST;;1;1;XEUR;10804525;689;
21.11.2024;11:55:22.066;FGBM SI 20241206 PS;SIMPLE_INSTRUMENT;EFS;EUR;55;118.74000000;1396;EXCHANGE_LAST;;1;1;XEUR;10804525;689;
21.11.2024;12:00:31.395;FGBM SI 20241206 PS;SIMPLE_INSTRUMENT;EFS;EUR;56;118.66000000;1862;EXCHANGE_LAST;;1;1;XEUR;10804525;689;
21.11.2024;12:05:22.570;FGBM SI 20241206 PS;SIMPLE_INSTRUMENT;EFS;EUR;57;118.66000000;3723;EXCHANGE_LAST;;1;1;XEUR;10804525;689;
21.11.2024;12:05:53.242;FGBM SI 20241206 PS;SIMPLE_INSTRUMENT;EFS;EUR;58;118.65000000;823;EXCHANGE_LAST;;1;1;XEUR;10804525;689;
21.11.2024;12:08:02.921;FGBM SI 20241206 PS;SIMPLE_INSTRUMENT;EFS;EUR;59;118.67000000;186;EXCHANGE_LAST;;1;1;XEUR;10804525;689;
21.11.2024;12:12:07.896;FGBM SI 20241206 PS;SIMPLE_INSTRUMENT;EFS;EUR;60;118.64000000;823;EXCHANGE_LAST;;1;1;XEUR;10804525;689;
21.11.2024;12:26:43.625;FGBM SI 20241206 PS;SIMPLE_INSTRUMENT;EFP_FIN;EUR;61;118.65000000;1564;EXCHANGE_LAST;;1;1;XEUR;10804525;689;
21.11.2024;12:31:01.238;FGBM SI 20241206 PS;SIMPLE_INSTRUMENT;EFS;EUR;62;118.68000000;850;EXCHANGE_LAST;;1;1;XEUR;10804525;689;
21.11.2024;12:32:35.518;FGBM SI 20241206 PS;SIMPLE_INSTRUMENT;EFP_FIN;EUR;63;118.66000000;462;EXCHANGE_LAST;;1;1;XEUR;10804525;689;
21.11.2024;12:35:32.027;FGBM SI 20241206 PS;SIMPLE_INSTRUMENT;EFS;EUR;64;118.71000000;822;EXCHANGE_LAST;;1;1;XEUR;10804525;689;
21.11.2024;12:45:39.149;FGBM SI 20241206 PS;SIMPLE_INSTRUMENT;EFP_FIN;EUR;65;118.66000000;268;EXCHANGE_LAST;;1;1;XEUR;10804525;689;
21.11.2024;12:46:07.130;FGBM SI 20241206 PS;SIMPLE_INSTRUMENT;EFP_FIN;EUR;66;118.66000000;76;EXCHANGE_LAST;;1;1;XEUR;10804525;689;
21.11.2024;12:49:01.850;FGBM SI 20241206 PS;SIMPLE_INSTRUMENT;EFS;EUR;67;118.74000000;869;EXCHANGE_LAST;;1;1;XEUR;10804525;689;
21.11.2024;12:57:01.503;FGBM SI 20241206 PS;SIMPLE_INSTRUMENT;EFP_FIN;EUR;68;118.73000000;162;EXCHANGE_LAST;;1;1;XEUR;10804525;689;
21.11.2024;12:57:28.628;FGBM SI 20241206 PS;SIMPLE_INSTRUMENT;EFS;EUR;69;118.74000000;868;EXCHANGE_LAST;;1;1;XEUR;10804525;689;
21.11.2024;12:59:25.614;FGBM SI 20241206 PS;SIMPLE_INSTRUMENT;EFS;EUR;70;118.74000000;434;EXCHANGE_LAST;;1;1;XEUR;10804525;689;
21.11.2024;13:01:32.361;FGBM SI 20241206 PS;SIMPLE_INSTRUMENT;EFS;EUR;71;118.71000000;435;EXCHANGE_LAST;;1;1;XEUR;10804525;689;
21.11.2024;13:03:20.002;FGBM SI 20241206 PS;SIMPLE_INSTRUMENT;EFS;EUR;72;118.74000000;434;EXCHANGE_LAST;;1;1;XEUR;10804525;689;
21.11.2024;13:03:52.182;FGBM SI 20241206 PS;SIMPLE_INSTRUMENT;EFS;EUR;73;118.75000000;234;EXCHANGE_LAST;;1;1;XEUR;10804525;689;
21.11.2024;13:04:10.719;FGBM SI 20241206 PS;SIMPLE_INSTRUMENT;EFS;EUR;74;118.74000000;200;EXCHANGE_LAST;;1;1;XEUR;10804525;689;
21.11.2024;13:28:15.381;FGBM SI 20241206 PS;SIMPLE_INSTRUMENT;EFP_FIN;EUR;76;118.70000000;370;EXCHANGE_LAST;;1;1;XEUR;10804525;689;
21.11.2024;13:28:41.375;FGBM SI 20241206 PS;SIMPLE_INSTRUMENT;EFS;EUR;77;118.71000000;848;EXCHANGE_LAST;;1;1;XEUR;10804525;689;
21.11.2024;13:51:45.514;FGBM SI 20241206 PS;SIMPLE_INSTRUMENT;EFS;EUR;78;118.77000000;1861;EXCHANGE_LAST;;1;1;XEUR;10804525;689;
21.11.2024;13:55:46.573;FGBM SI 20241206 PS;SIMPLE_INSTRUMENT;EFS;EUR;79;118.78000000;434;EXCHANGE_LAST;;1;1;XEUR;10804525;689;
21.11.2024;13:56:49.445;FGBM SI 20241206 PS;SIMPLE_INSTRUMENT;EFP_FIN;EUR;80;118.73000000;446;EXCHANGE_LAST;;1;1;XEUR;10804525;689;
21.11.2024;13:58:36.183;FGBM SI 20241206 PS;SIMPLE_INSTRUMENT;EFS;EUR;81;118.71000000;1060;EXCHANGE_LAST;;1;1;XEUR;10804525;689;
21.11.2024;14:06:45.600;FGBM SI 20241206 PS;SIMPLE_INSTRUMENT;EFP_FIN;EUR;82;118.80000000;663;EXCHANGE_LAST;;1;1;XEUR;10804525;689;
21.11.2024;14:08:30.638;FGBM SI 20241206 PS;SIMPLE_INSTRUMENT;EFP_FIN;EUR;83;118.75000000;428;EXCHANGE_LAST;;1;1;XEUR;10804525;689;
21.11.2024;14:17:05.353;FGBM SI 20241206 PS;SIMPLE_INSTRUMENT;EFS;EUR;84;118.74000000;521;EXCHANGE_LAST;;1;1;XEUR;10804525;689;
21.11.2024;14:18:14.933;FGBM SI 20241206 PS;SIMPLE_INSTRUMENT;EFP_FIN;EUR;85;118.80000000;497;EXCHANGE_LAST;;1;1;XEUR;10804525;689;
21.11.2024;14:20:14.894;FGBM SI 20241206 PS;SIMPLE_INSTRUMENT;EFS;EUR;86;118.71000000;217;EXCHANGE_LAST;;1;1;XEUR;10804525;689;
21.11.2024;14:20:24.903;FGBM SI 20241206 PS;SIMPLE_INSTRUMENT;EFS;EUR;87;118.71000000;217;EXCHANGE_LAST;;1;1;XEUR;10804525;689;
21.11.2024;14:20:29.601;FGBM SI 20241206 PS;SIMPLE_INSTRUMENT;EFP_FIN;EUR;88;118.74000000;180;EXCHANGE_LAST;;1;1;XEUR;10804525;689;
21.11.2024;14:22:29.149;FGBM SI 20241206 PS;SIMPLE_INSTRUMENT;EFS;EUR;89;118.69000000;434;EXCHANGE_LAST;;1;1;XEUR;10804525;689;
21.11.2024;14:23:06.108;FGBM SI 20241206 PS;SIMPLE_INSTRUMENT;EFS;EUR;90;118.69000000;434;EXCHANGE_LAST;;1;1;XEUR;10804525;689;
21.11.2024;14:39:58.277;FGBM SI 20241206 PS;SIMPLE_INSTRUMENT;EFP_FIN;EUR;91;118.72000000;1211;EXCHANGE_LAST;;1;1;XEUR;10804525;689;
21.11.2024;14:40:36.275;FGBM SI 20241206 PS;SIMPLE_INSTRUMENT;EFS;EUR;92;118.78000000;434;EXCHANGE_LAST;;1;1;XEUR;10804525;689;
21.11.2024;14:48:43.326;FGBM SI 20241206 PS;SIMPLE_INSTRUMENT;EFS;EUR;93;118.83000000;434;EXCHANGE_LAST;;1;1;XEUR;10804525;689;
21.11.2024;14:50:37.460;FGBM SI 20241206 PS;SIMPLE_INSTRUMENT;EFP_FIN;EUR;94;118.78000000;531;EXCHANGE_LAST;;1;1;XEUR;10804525;689;
21.11.2024;15:00:27.976;FGBM SI 20241206 PS;SIMPLE_INSTRUMENT;EFS;EUR;95;118.81000000;465;EXCHANGE_LAST;;1;1;XEUR;10804525;689;
21.11.2024;15:02:17.299;FGBM SI 20241206 PS;SIMPLE_INSTRUMENT;EFS;EUR;96;118.80000000;250;EXCHANGE_LAST;;1;1;XEUR;10804525;689;
21.11.2024;15:14:31.287;FGBM SI 20241206 PS;SIMPLE_INSTRUMENT;EFP_FIN;EUR;97;118.78000000;708;EXCHANGE_LAST;;1;1;XEUR;10804525;689;
21.11.2024;15:21:02.880;FGBM SI 20241206 PS;SIMPLE_INSTRUMENT;EFP_FIN;EUR;98;118.80000000;531;EXCHANGE_LAST;;1;1;XEUR;10804525;689;
21.11.2024;15:41:06.648;FGBM SI 20241206 PS;SIMPLE_INSTRUMENT;EFP_FIN;EUR;99;118.79000000;85;EXCHANGE_LAST;;1;1;XEUR;10804525;689;
21.11.2024;15:35:26.410;FGBM SI 20241206 PS;SIMPLE_INSTRUMENT;EFP_FIN;EUR;100;118.80000000;856;EXCHANGE_LAST;;1;1;XEUR;10804525;689;
21.11.2024;15:36:25.974;FGBM SI 20241206 PS;SIMPLE_INSTRUMENT;EFS;EUR;101;118.81000000;434;EXCHANGE_LAST;;1;1;XEUR;10804525;689;
21.11.2024;15:40:44.071;FGBM SI 20241206 PS;SIMPLE_INSTRUMENT;EFP_FIN;EUR;102;118.79000000;85;EXCHANGE_LAST;;1;1;XEUR;10804525;689;
21.11.2024;15:39:27.619;FGBM SI 20241206 PS;SIMPLE_INSTRUMENT;EFP_FIN;EUR;103;118.81000000;1284;EXCHANGE_LAST;;1;1;XEUR;10804525;689;
21.11.2024;15:44:21.219;FGBM SI 20241206 PS;SIMPLE_INSTRUMENT;EFS;EUR;104;118.81000000;434;EXCHANGE_LAST;;1;1;XEUR;10804525;689;
21.11.2024;15:45:38.142;FGBM SI 20241206 PS;SIMPLE_INSTRUMENT;EFS;EUR;105;118.76000000;1303;EXCHANGE_LAST;;1;1;XEUR;10804525;689;
21.11.2024;15:46:34.940;FGBM SI 20241206 PS;SIMPLE_INSTRUMENT;EFS;EUR;106;118.80000000;434;EXCHANGE_LAST;;1;1;XEUR;10804525;689;
21.11.2024;15:47:43.271;FGBM SI 20241206 PS;SIMPLE_INSTRUMENT;EFS;EUR;107;118.76000000;434;EXCHANGE_LAST;;1;1;XEUR;10804525;689;
21.11.2024;15:47:53.284;FGBM SI 20241206 PS;SIMPLE_INSTRUMENT;EFS;EUR;108;118.76000000;869;EXCHANGE_LAST;;1;1;XEUR;10804525;689;
21.11.2024;15:51:01.620;FGBM SI 20241206 PS;SIMPLE_INSTRUMENT;EFS;EUR;109;118.76000000;434;EXCHANGE_LAST;;1;1;XEUR;10804525;689;
21.11.2024;16:03:56.381;FGBM SI 20241206 PS;SIMPLE_INSTRUMENT;EFP_FIN;EUR;110;118.79000000;1044;EXCHANGE_LAST;;1;1;XEUR;10804525;689;
21.11.2024;16:05:31.229;FGBM SI 20241206 PS;SIMPLE_INSTRUMENT;EFS;EUR;111;118.75000000;347;EXCHANGE_LAST;;1;1;XEUR;10804525;689;
21.11.2024;16:10:55.312;FGBM SI 20241206 PS;SIMPLE_INSTRUMENT;EFS;EUR;112;118.76000000;869;EXCHANGE_LAST;;1;1;XEUR;10804525;689;
21.11.2024;16:28:18.533;FGBM SI 20241206 PS;SIMPLE_INSTRUMENT;EFP_FIN;EUR;113;118.75000000;930;EXCHANGE_LAST;;1;1;XEUR;10804525;689;
21.11.2024;16:39:52.584;FGBM SI 20241206 PS;SIMPLE_INSTRUMENT;EFP_FIN;EUR;114;118.75000000;103;EXCHANGE_LAST;;1;1;XEUR;10804525;689;
21.11.2024;16:40:45.365;FGBM SI 20241206 PS;SIMPLE_INSTRUMENT;EFS;EUR;115;118.79000000;1000;EXCHANGE_LAST;;1;1;XEUR;10804525;689;
21.11.2024;16:42:41.701;FGBM SI 20241206 PS;SIMPLE_INSTRUMENT;EFP_FIN;EUR;116;118.75000000;223;EXCHANGE_LAST;;1;1;XEUR;10804525;689;
21.11.2024;16:43:57.886;FGBM SI 20241206 PS;SIMPLE_INSTRUMENT;EFS;EUR;117;118.71000000;434;EXCHANGE_LAST;;1;1;XEUR;10804525;689;
21.11.2024;16:50:23.925;FGBM SI 20241206 PS;SIMPLE_INSTRUMENT;EFP_FIN;EUR;118;118.78000000;356;EXCHANGE_LAST;;1;1;XEUR;10804525;689;
21.11.2024;16:51:18.550;FGBM SI 20241206 PS;SIMPLE_INSTRUMENT;EFS;EUR;119;118.73000000;1135;EXCHANGE_LAST;;1;1;XEUR;10804525;689;
21.11.2024;17:06:14.037;FGBM SI 20241206 PS;SIMPLE_INSTRUMENT;EFS;EUR;120;118.76000000;2790;EXCHANGE_LAST;;1;1;XEUR;10804525;689;
21.11.2024;08:08:24.334;FGBS SI 20241206 PS;SIMPLE_INSTRUMENT;EFS;EUR;1;106.74000000;1088;EXCHANGE_LAST;;1;1;XEUR;10804527;690;
21.11.2024;08:29:18.364;FGBS SI 20241206 PS;SIMPLE_INSTRUMENT;EFS;EUR;2;106.75000000;2722;EXCHANGE_LAST;;1;1;XEUR;10804527;690;
21.11.2024;08:49:11.141;FGBS SI 20241206 PS;SIMPLE_INSTRUMENT;EFP_FIN;EUR;3;106.77000000;360;EXCHANGE_LAST;;1;1;XEUR;10804527;690;
21.11.2024;08:54:23.991;FGBS SI 20241206 PS;SIMPLE_INSTRUMENT;EFS;EUR;4;106.75000000;5443;EXCHANGE_LAST;;1;1;XEUR;10804527;690;
21.11.2024;08:57:12.125;FGBS SI 20241206 PS;SIMPLE_INSTRUMENT;EFS;EUR;5;106.76000000;5500;EXCHANGE_LAST;;1;1;XEUR;10804527;690;
21.11.2024;09:02:34.779;FGBS SI 20241206 PS;SIMPLE_INSTRUMENT;EFS;EUR;6;106.75500000;2722;EXCHANGE_LAST;;1;1;XEUR;10804527;690;
21.11.2024;09:04:11.475;FGBS SI 20241206 PS;SIMPLE_INSTRUMENT;EFS;EUR;7;106.77000000;2721;EXCHANGE_LAST;;1;1;XEUR;10804527;690;
21.11.2024;09:07:05.595;FGBS SI 20241206 PS;SIMPLE_INSTRUMENT;EFP_FIN;EUR;8;106.77000000;1040;EXCHANGE_LAST;;1;1;XEUR;10804527;690;
21.11.2024;09:12:22.623;FGBS SI 20241206 PS;SIMPLE_INSTRUMENT;EFS;EUR;9;106.77000000;2065;EXCHANGE_LAST;;1;1;XEUR;10804527;690;
21.11.2024;09:14:29.654;FGBS SI 20241206 PS;SIMPLE_INSTRUMENT;EFP_FIN;EUR;10;106.74000000;525;EXCHANGE_LAST;;1;1;XEUR;10804527;690;
21.11.2024;09:27:30.890;FGBS SI 20241206 PS;SIMPLE_INSTRUMENT;EFS;EUR;11;106.78500000;544;EXCHANGE_LAST;;1;1;XEUR;10804527;690;
21.11.2024;09:29:06.029;FGBS SI 20241206 PS;SIMPLE_INSTRUMENT;EFP_FIN;EUR;12;106.76000000;2160;EXCHANGE_LAST;;1;1;XEUR;10804527;690;
21.11.2024;09:31:45.251;FGBS SI 20241206 PS;SIMPLE_INSTRUMENT;EFS;EUR;13;106.81000000;1360;EXCHANGE_LAST;;1;1;XEUR;10804527;690;
21.11.2024;09:35:52.266;FGBS SI 20241206 PS;SIMPLE_INSTRUMENT;EFS;EUR;14;106.82000000;1631;EXCHANGE_LAST;;1;1;XEUR;10804527;690;
21.11.2024;09:39:12.256;FGBS SI 20241206 PS;SIMPLE_INSTRUMENT;EFS;EUR;15;106.81000000;816;EXCHANGE_LAST;;1;1;XEUR;10804527;690;
21.11.2024;09:47:43.453;FGBS SI 20241206 PS;SIMPLE_INSTRUMENT;EFP_FIN;EUR;16;106.80000000;1437;EXCHANGE_LAST;;1;1;XEUR;10804527;690;
21.11.2024;09:50:27.414;FGBS SI 20241206 PS;SIMPLE_INSTRUMENT;EFP_FIN;EUR;17;106.79000000;720;EXCHANGE_LAST;;1;1;XEUR;10804527;690;
21.11.2024;09:50:39.071;FGBS SI 20241206 PS;SIMPLE_INSTRUMENT;EFP_FIN;EUR;18;106.80500000;1080;EXCHANGE_LAST;;1;1;XEUR;10804527;690;
21.11.2024;09:51:57.905;FGBS SI 20241206 PS;SIMPLE_INSTRUMENT;EFP_FIN;EUR;19;106.79000000;360;EXCHANGE_LAST;;1;1;XEUR;10804527;690;
21.11.2024;09:56:12.838;FGBS SI 20241206 PS;SIMPLE_INSTRUMENT;EFS;EUR;20;106.82000000;1365;EXCHANGE_LAST;;1;1;XEUR;10804527;690;
21.11.2024;10:13:00.972;FGBS SI 20241206 PS;SIMPLE_INSTRUMENT;EFP_FIN;EUR;21;106.78000000;1440;EXCHANGE_LAST;;1;1;XEUR;10804527;690;
21.11.2024;10:20:34.968;FGBS SI 20241206 PS;SIMPLE_INSTRUMENT;EFS;EUR;22;106.84000000;1359;EXCHANGE_LAST;;1;1;XEUR;10804527;690;
21.11.2024;10:21:23.173;FGBS SI 20241206 PS;SIMPLE_INSTRUMENT;EFP_FIN;EUR;23;106.82500000;90;EXCHANGE_LAST;;1;1;XEUR;10804527;690;
21.11.2024;10:24:23.454;FGBS SI 20241206 PS;SIMPLE_INSTRUMENT;BLOCK;EUR;24;106.82000000;5167;EXCHANGE_LAST;;1;1;XEUR;10804527;690;
21.11.2024;10:28:31.546;FGBS SI 20241206 PS;SIMPLE_INSTRUMENT;BLOCK;EUR;25;106.81000000;6020;EXCHANGE_LAST;;1;1;XEUR;10804527;690;
21.11.2024;10:33:14.385;FGBS SI 20241206 PS;SIMPLE_INSTRUMENT;EFS;EUR;26;106.84000000;1631;EXCHANGE_LAST;;1;1;XEUR;10804527;690;
21.11.2024;10:33:26.651;FGBS SI 20241206 PS;SIMPLE_INSTRUMENT;EFS;EUR;27;106.83500000;2718;EXCHANGE_LAST;;1;1;XEUR;10804527;690;
21.11.2024;10:33:41.583;FGBS SI 20241206 PS;SIMPLE_INSTRUMENT;EFS;EUR;28;106.84000000;1630;EXCHANGE_LAST;;1;1;XEUR;10804527;690;
21.11.2024;10:36:00.930;FGBS SI 20241206 PS;SIMPLE_INSTRUMENT;EFS;EUR;29;106.76500000;4082;EXCHANGE_LAST;;1;1;XEUR;10804527;690;
21.11.2024;10:36:42.698;FGBS SI 20241206 PS;SIMPLE_INSTRUMENT;EFS;EUR;30;106.83500000;2718;EXCHANGE_LAST;;1;1;XEUR;10804527;690;
21.11.2024;10:37:00.104;FGBS SI 20241206 PS;SIMPLE_INSTRUMENT;EFS;EUR;31;106.83500000;2719;EXCHANGE_LAST;;1;1;XEUR;10804527;690;
21.11.2024;10:37:18.327;FGBS SI 20241206 PS;SIMPLE_INSTRUMENT;EFS;EUR;32;106.84000000;2718;EXCHANGE_LAST;;1;1;XEUR;10804527;690;
21.11.2024;10:39:06.505;FGBS SI 20241206 PS;SIMPLE_INSTRUMENT;EFS;EUR;33;106.81000000;2720;EXCHANGE_LAST;;1;1;XEUR;10804527;690;
21.11.2024;10:41:52.006;FGBS SI 20241206 PS;SIMPLE_INSTRUMENT;EFS;EUR;34;106.84000000;5437;EXCHANGE_LAST;;1;1;XEUR;10804527;690;
21.11.2024;10:43:31.495;FGBS SI 20241206 PS;SIMPLE_INSTRUMENT;EFS;EUR;35;106.84000000;2718;EXCHANGE_LAST;;1;1;XEUR;10804527;690;
21.11.2024;10:54:52.983;FGBS SI 20241206 PS;SIMPLE_INSTRUMENT;BLOCK;EUR;36;106.82000000;10332;EXCHANGE_LAST;;1;1;XEUR;10804527;690;
21.11.2024;10:56:48.347;FGBS SI 20241206 PS;SIMPLE_INSTRUMENT;EFP_FIN;EUR;37;106.83000000;532;EXCHANGE_LAST;;1;1;XEUR;10804527;690;
21.11.2024;10:57:48.622;FGBS SI 20241206 PS;SIMPLE_INSTRUMENT;EFS;EUR;38;106.82000000;10875;EXCHANGE_LAST;;1;1;XEUR;10804527;690;
21.11.2024;11:04:30.579;FGBS SI 20241206 PS;SIMPLE_INSTRUMENT;EFS;EUR;39;106.82000000;1360;EXCHANGE_LAST;;1;1;XEUR;10804527;690;
21.11.2024;11:07:21.644;FGBS SI 20241206 PS;SIMPLE_INSTRUMENT;BLOCK;EUR;40;106.82000000;5170;EXCHANGE_LAST;;1;1;XEUR;10804527;690;
21.11.2024;11:10:28.506;FGBS SI 20241206 PS;SIMPLE_INSTRUMENT;EFS;EUR;41;106.82000000;2719;EXCHANGE_LAST;;1;1;XEUR;10804527;690;
21.11.2024;11:11:24.473;FGBS SI 20241206 PS;SIMPLE_INSTRUMENT;EFP_FIN;EUR;42;106.81000000;263;EXCHANGE_LAST;;1;1;XEUR;10804527;690;
21.11.2024;11:12:02.331;FGBS SI 20241206 PS;SIMPLE_INSTRUMENT;EFS;EUR;43;106.84000000;2718;EXCHANGE_LAST;;1;1;XEUR;10804527;690;
21.11.2024;11:17:19.274;FGBS SI 20241206 PS;SIMPLE_INSTRUMENT;EFS;EUR;44;106.82500000;5438;EXCHANGE_LAST;;1;1;XEUR;10804527;690;
21.11.2024;11:30:23.263;FGBS SI 20241206 PS;SIMPLE_INSTRUMENT;EFS;EUR;45;106.84000000;1360;EXCHANGE_LAST;;1;1;XEUR;10804527;690;
21.11.2024;11:53:00.858;FGBS SI 20241206 PS;SIMPLE_INSTRUMENT;EFS;EUR;46;106.80500000;12924;EXCHANGE_LAST;;1;1;XEUR;10804527;690;
21.11.2024;11:53:14.304;FGBS SI 20241206 PS;SIMPLE_INSTRUMENT;EFS;EUR;47;106.80000000;13599;EXCHANGE_LAST;;1;1;XEUR;10804527;690;
21.11.2024;11:55:20.545;FGBS SI 20241206 PS;SIMPLE_INSTRUMENT;EFS;EUR;48;106.80500000;2720;EXCHANGE_LAST;;1;1;XEUR;10804527;690;
21.11.2024;12:02:46.939;FGBS SI 20241206 PS;SIMPLE_INSTRUMENT;EFS;EUR;49;106.80500000;1360;EXCHANGE_LAST;;1;1;XEUR;10804527;690;
21.11.2024;12:04:40.698;FGBS SI 20241206 PS;SIMPLE_INSTRUMENT;EFS;EUR;50;106.80500000;10879;EXCHANGE_LAST;;1;1;XEUR;10804527;690;
21.11.2024;12:12:23.998;FGBS SI 20241206 PS;SIMPLE_INSTRUMENT;EFP_FIN;EUR;51;106.80000000;631;EXCHANGE_LAST;;1;1;XEUR;10804527;690;
21.11.2024;12:19:08.507;FGBS SI 20241206 PS;SIMPLE_INSTRUMENT;EFS;EUR;52;106.79500000;1632;EXCHANGE_LAST;;1;1;XEUR;10804527;690;
21.11.2024;12:20:42.325;FGBS SI 20241206 PS;SIMPLE_INSTRUMENT;EFP_FIN;EUR;53;106.79000000;1116;EXCHANGE_LAST;;1;1;XEUR;10804527;690;
21.11.2024;12:20:43.170;FGBS SI 20241206 PS;SIMPLE_INSTRUMENT;EFP_FIN;EUR;54;106.80000000;806;EXCHANGE_LAST;;1;1;XEUR;10804527;690;
21.11.2024;12:23:16.629;FGBS SI 20241206 PS;SIMPLE_INSTRUMENT;EFS;EUR;55;106.80000000;5440;EXCHANGE_LAST;;1;1;XEUR;10804527;690;
21.11.2024;12:40:54.628;FGBS SI 20241206 PS;SIMPLE_INSTRUMENT;EFP_FIN;EUR;56;106.81000000;262;EXCHANGE_LAST;;1;1;XEUR;10804527;690;
21.11.2024;12:42:05.770;FGBS SI 20241206 PS;SIMPLE_INSTRUMENT;EFP_FIN;EUR;57;106.79500000;279;EXCHANGE_LAST;;1;1;XEUR;10804527;690;
21.11.2024;13:05:21.823;FGBS SI 20241206 PS;SIMPLE_INSTRUMENT;EFP_FIN;EUR;58;106.81000000;365;EXCHANGE_LAST;;1;1;XEUR;10804527;690;
21.11.2024;13:29:04.467;FGBS SI 20241206 PS;SIMPLE_INSTRUMENT;EFS;EUR;59;106.81000000;2719;EXCHANGE_LAST;;1;1;XEUR;10804527;690;
21.11.2024;13:31:42.475;FGBS SI 20241206 PS;SIMPLE_INSTRUMENT;EFS;EUR;60;106.82000000;2719;EXCHANGE_LAST;;1;1;XEUR;10804527;690;
21.11.2024;13:50:54.638;FGBS SI 20241206 PS;SIMPLE_INSTRUMENT;EFS;EUR;61;106.84000000;5439;EXCHANGE_LAST;;1;1;XEUR;10804527;690;
21.11.2024;13:54:48.150;FGBS SI 20241206 PS;SIMPLE_INSTRUMENT;EFP_FIN;EUR;62;106.83000000;5826;EXCHANGE_LAST;;1;1;XEUR;10804527;690;
21.11.2024;13:55:45.200;FGBS SI 20241206 PS;SIMPLE_INSTRUMENT;EFS;EUR;63;106.81000000;3099;EXCHANGE_LAST;;1;1;XEUR;10804527;690;
21.11.2024;14:03:10.740;FGBS SI 20241206 PS;SIMPLE_INSTRUMENT;EFS;EUR;64;106.82500000;2719;EXCHANGE_LAST;;1;1;XEUR;10804527;690;
21.11.2024;14:12:32.885;FGBS SI 20241206 PS;SIMPLE_INSTRUMENT;EFP_FIN;EUR;66;106.82000000;598;EXCHANGE_LAST;;1;1;XEUR;10804527;690;
21.11.2024;14:20:01.532;FGBS SI 20241206 PS;SIMPLE_INSTRUMENT;EFP_FIN;EUR;67;106.82000000;526;EXCHANGE_LAST;;1;1;XEUR;10804527;690;
21.11.2024;14:25:18.552;FGBS SI 20241206 PS;SIMPLE_INSTRUMENT;EFS;EUR;68;106.81000000;1360;EXCHANGE_LAST;;1;1;XEUR;10804527;690;
21.11.2024;14:29:24.118;FGBS SI 20241206 PS;SIMPLE_INSTRUMENT;EFP_FIN;EUR;69;106.81000000;757;EXCHANGE_LAST;;1;1;XEUR;10804527;690;
21.11.2024;14:53:42.466;FGBS SI 20241206 PS;SIMPLE_INSTRUMENT;EFS;EUR;70;106.83000000;1631;EXCHANGE_LAST;;1;1;XEUR;10804527;690;
21.11.2024;14:58:38.644;FGBS SI 20241206 PS;SIMPLE_INSTRUMENT;EFS;EUR;71;106.83000000;1632;EXCHANGE_LAST;;1;1;XEUR;10804527;690;
21.11.2024;15:05:12.189;FGBS SI 20241206 PS;SIMPLE_INSTRUMENT;EFS;EUR;72;106.83500000;2718;EXCHANGE_LAST;;1;1;XEUR;10804527;690;
21.11.2024;15:35:49.307;FGBS SI 20241206 PS;SIMPLE_INSTRUMENT;EFS;EUR;74;106.83000000;1290;EXCHANGE_LAST;;1;1;XEUR;10804527;690;
21.11.2024;15:44:44.239;FGBS SI 20241206 PS;SIMPLE_INSTRUMENT;EFP_FIN;EUR;75;106.84000000;95;EXCHANGE_LAST;;1;1;XEUR;10804527;690;
21.11.2024;15:41:36.455;FGBS SI 20241206 PS;SIMPLE_INSTRUMENT;EFS;EUR;76;106.81000000;1360;EXCHANGE_LAST;;1;1;XEUR;10804527;690;
21.11.2024;15:42:45.323;FGBS SI 20241206 PS;SIMPLE_INSTRUMENT;EFP_FIN;EUR;77;106.83000000;249;EXCHANGE_LAST;;1;1;XEUR;10804527;690;
21.11.2024;15:45:11.433;FGBS SI 20241206 PS;SIMPLE_INSTRUMENT;EFS;EUR;78;106.83500000;5421;EXCHANGE_LAST;;1;1;XEUR;10804527;690;
21.11.2024;16:00:55.059;FGBS SI 20241206 PS;SIMPLE_INSTRUMENT;EFS;EUR;79;106.83000000;1290;EXCHANGE_LAST;;1;1;XEUR;10804527;690;
21.11.2024;16:13:27.881;FGBS SI 20241206 PS;SIMPLE_INSTRUMENT;EFS;EUR;80;106.82000000;815;EXCHANGE_LAST;;1;1;XEUR;10804527;690;
21.11.2024;16:31:45.316;FGBS SI 20241206 PS;SIMPLE_INSTRUMENT;EFP_FIN;EUR;81;106.82500000;709;EXCHANGE_LAST;;1;1;XEUR;10804527;690;
21.11.2024;16:39:42.927;FGBS SI 20241206 PS;SIMPLE_INSTRUMENT;EFS;EUR;82;106.83500000;1900;EXCHANGE_LAST;;1;1;XEUR;10804527;690;
21.11.2024;16:41:31.196;FGBS SI 20241206 PS;SIMPLE_INSTRUMENT;EFS;EUR;83;106.81500000;10333;EXCHANGE_LAST;;1;1;XEUR;10804527;690;
21.11.2024;17:02:43.798;FGBS SI 20241206 PS;SIMPLE_INSTRUMENT;EFS;EUR;84;106.82000000;8157;EXCHANGE_LAST;;1;1;XEUR;10804527;690;
21.11.2024;09:30:59.355;FGBX SI 20241206 PS;SIMPLE_INSTRUMENT;EFP_FIN;EUR;2;133.96000000;151;EXCHANGE_LAST;;1;1;XEUR;10804526;691;
21.11.2024;10:44:48.613;FGBX SI 20241206 PS;SIMPLE_INSTRUMENT;EFS;EUR;7;133.84000000;171;EXCHANGE_LAST;;1;1;XEUR;10804526;691;
21.11.2024;10:46:45.806;FGBX SI 20241206 PS;SIMPLE_INSTRUMENT;EFP_FIN;EUR;8;134.12000000;82;EXCHANGE_LAST;;1;1;XEUR;10804526;691;
21.11.2024;11:02:52.003;FGBX SI 20241206 PS;SIMPLE_INSTRUMENT;EFS;EUR;9;134.16000000;68;EXCHANGE_LAST;;1;1;XEUR;10804526;691;
21.11.2024;11:22:51.707;FGBX SI 20241206 PS;SIMPLE_INSTRUMENT;EFP_FIN;EUR;12;133.90000000;86;EXCHANGE_LAST;;1;1;XEUR;10804526;691;
21.11.2024;11:40:44.616;FGBX SI 20241206 PS;SIMPLE_INSTRUMENT;EFP_FIN;EUR;13;133.74000000;75;EXCHANGE_LAST;;1;1;XEUR;10804526;691;
21.11.2024;12:05:27.437;FGBX SI 20241206 PS;SIMPLE_INSTRUMENT;EFP_FIN;EUR;15;133.98000000;372;EXCHANGE_LAST;;1;1;XEUR;10804526;691;
21.11.2024;12:56:11.805;FGBX SI 20241206 PS;SIMPLE_INSTRUMENT;EFS;EUR;18;134.04000000;898;EXCHANGE_LAST;;1;1;XEUR;10804526;691;
21.11.2024;12:57:51.559;FGBX SI 20241206 PS;SIMPLE_INSTRUMENT;EFP_FIN;EUR;19;133.82000000;371;EXCHANGE_LAST;;1;1;XEUR;10804526;691;
21.11.2024;13:19:13.024;FGBX SI 20241206 PS;SIMPLE_INSTRUMENT;EFP_FIN;EUR;20;133.86000000;50;EXCHANGE_LAST;;1;1;XEUR;10804526;691;
21.11.2024;13:25:41.874;FGBX SI 20241206 PS;SIMPLE_INSTRUMENT;EFP_FIN;EUR;21;133.88000000;265;EXCHANGE_LAST;;1;1;XEUR;10804526;691;
21.11.2024;13:34:08.777;FGBX SI 20241206 PS;SIMPLE_INSTRUMENT;EFS;EUR;22;133.82000000;720;EXCHANGE_LAST;;1;1;XEUR;10804526;691;
21.11.2024;13:52:23.565;FGBX SI 20241206 PS;SIMPLE_INSTRUMENT;EFS;EUR;23;133.70000000;898;EXCHANGE_LAST;;1;1;XEUR;10804526;691;
21.11.2024;14:27:08.384;FGBX SI 20241206 PS;SIMPLE_INSTRUMENT;EFP_FIN;EUR;24;133.78000000;53;EXCHANGE_LAST;;1;1;XEUR;10804526;691;
21.11.2024;14:27:30.977;FGBX SI 20241206 PS;SIMPLE_INSTRUMENT;EFP_FIN;EUR;25;133.72000000;215;EXCHANGE_LAST;;1;1;XEUR;10804526;691;
21.11.2024;15:05:33.164;FGBX SI 20241206 PS;SIMPLE_INSTRUMENT;BLOCK;EUR;27;134.08000000;132;EXCHANGE_LAST;;1;1;XEUR;10804526;691;
21.11.2024;15:12:24.973;FGBX SI 20241206 PS;SIMPLE_INSTRUMENT;EFP_FIN;EUR;28;134.10000000;297;EXCHANGE_LAST;;1;1;XEUR;10804526;691;
21.11.2024;15:18:55.255;FGBX SI 20241206 PS;SIMPLE_INSTRUMENT;EFS;EUR;29;134.12000000;68;EXCHANGE_LAST;;1;1;XEUR;10804526;691;
21.11.2024;15:32:56.852;FGBX SI 20241206 PS;SIMPLE_INSTRUMENT;EFS;EUR;31;134.22000000;90;EXCHANGE_LAST;;1;1;XEUR;10804526;691;
21.11.2024;16:02:54.516;FGBX SI 20241206 PS;SIMPLE_INSTRUMENT;EFS;EUR;33;134.00000000;354;EXCHANGE_LAST;;1;1;XEUR;10804526;691;
21.11.2024;16:19:38.229;FGBX SI 20241206 PS;SIMPLE_INSTRUMENT;BLOCK;EUR;34;133.94000000;120;EXCHANGE_LAST;;1;1;XEUR;10804526;691;
21.11.2024;16:23:13.389;FGBX SI 20241206 PS;SIMPLE_INSTRUMENT;EFP_FIN;EUR;36;133.94000000;59;EXCHANGE_LAST;;1;1;XEUR;10804526;691;
21.11.2024;16:54:07.560;FGBX SI 20241206 PS;SIMPLE_INSTRUMENT;EFS;EUR;37;133.80000000;220;EXCHANGE_LAST;;1;1;XEUR;10804526;691;
21.11.2024;10:21:04.492;FIN FI 20241218 CS EU C 67.1800 0;FLEXIBLE_INSTRUMENT;BLOCK;CHF;24;0.76000000;300;EXCHANGE_LAST;;1;1;XEUR;1152924386529904597;671;
21.11.2024;16:54:36.757;FMCP SI 20241220 CS;SIMPLE_INSTRUMENT;EFP_IDX;EUR;69;527.90000000;62;EXCHANGE_LAST;;1;1;XEUR;10838961;662;
21.11.2024;16:55:00.828;FMCP SI 20241220 CS;SIMPLE_INSTRUMENT;EFP_IDX;EUR;70;527.80000000;144;EXCHANGE_LAST;;1;1;XEUR;10838961;662;
21.11.2024;08:03:09.082;FMEE SI 20241220 CS;SIMPLE_INSTRUMENT;BLOCK;USD;6;312.37300000;123;EXCHANGE_LAST;;1;1;XEUR;7191941;12396;
21.11.2024;09:06:05.476;FMEE SI 20241220 CS;SIMPLE_INSTRUMENT;BLOCK;USD;19;312.27900000;67;EXCHANGE_LAST;;1;1;XEUR;7191941;12396;
21.11.2024;14:28:35.688;FMEF SI 20241220 CS;SIMPLE_INSTRUMENT;BLOCK;USD;35;1097.65000000;35;EXCHANGE_LAST;;1;1;XEUR;7192304;30657;
21.11.2024;07:15:56.955;FMES SI 20241220 CS;SIMPLE_INSTRUMENT;BLOCK;EUR;4;547.12100000;106;EXCHANGE_LAST;;1;1;XEUR;7194760;221291;
21.11.2024;17:29:12.379;FMFP SI 20241220 CS;SIMPLE_INSTRUMENT;BLOCK;USD;43;2282.00000000;880;EXCHANGE_LAST;;1;1;XEUR;7193657;51999;
21.11.2024;17:29:24.392;FMFP SI 20281215 CS;SIMPLE_INSTRUMENT;BLOCK;USD;44;2475.97000000;880;EXCHANGE_LAST;;1;1;XEUR;10469571;51999;
21.11.2024;08:04:21.529;FMGC SI 20241220 CS;SIMPLE_INSTRUMENT;BLOCK;USD;9;13040.00000000;47;EXCHANGE_LAST;;1;1;XEUR;7193447;48916;
21.11.2024;11:29:31.773;FMGC SI 20241220 CS;SIMPLE_INSTRUMENT;BLOCK;USD;31;13040.00000000;340;EXCHANGE_LAST;;1;1;XEUR;7193447;48916;
21.11.2024;14:49:54.566;FMGO SI 20241220 CS;SIMPLE_INSTRUMENT;BLOCK;USD;36;5218.00000000;19;EXCHANGE_LAST;;1;1;XEUR;8609363;583623;
21.11.2024;05:28:15.875;FMHK SI 20241220 CS;SIMPLE_INSTRUMENT;BLOCK;USD;1;57433.89900000;22;EXCHANGE_LAST;;1;1;XEUR;7192592;45282;
21.11.2024;10:16:41.385;FMIN SI 20241220 CS;SIMPLE_INSTRUMENT;BLOCK;USD;26;1246.88600000;17;EXCHANGE_LAST;;1;1;XEUR;7191968;12404;
21.11.2024;14:22:48.281;FMIN SI 20241220 CS;SIMPLE_INSTRUMENT;BLOCK;USD;34;1250.40000000;45;EXCHANGE_LAST;;1;1;XEUR;7191968;12404;
21.11.2024;08:46:53.552;FMJP SI 20241220 CS;SIMPLE_INSTRUMENT;BLOCK;USD;15;8412.00000000;1189;EXCHANGE_LAST;;1;1;XEUR;7190889;661;
21.11.2024;08:47:02.821;FMJP SI 20251219 CS;SIMPLE_INSTRUMENT;BLOCK;USD;16;8813.25200000;1135;EXCHANGE_LAST;;1;1;XEUR;8837014;661;
21.11.2024;09:01:44.428;FMJP SI 20241220 CS;SIMPLE_INSTRUMENT;BLOCK;USD;17;8415.00000000;595;EXCHANGE_LAST;;1;1;XEUR;7190889;661;
21.11.2024;09:01:45.043;FMJP SI 20250321 CS;SIMPLE_INSTRUMENT;BLOCK;USD;18;8528.60300000;587;EXCHANGE_LAST;;1;1;XEUR;7588794;661;
21.11.2024;09:09:39.691;FMJP SI 20241220 CS;SIMPLE_INSTRUMENT;BLOCK;USD;22;8413.00000000;1216;EXCHANGE_LAST;;1;1;XEUR;7190889;661;
21.11.2024;09:09:28.991;FMJP SI 20250321 CS;SIMPLE_INSTRUMENT;BLOCK;USD;23;8526.99600000;1200;EXCHANGE_LAST;;1;1;XEUR;7588794;661;
21.11.2024;09:17:05.058;FMJP SI 20241220 CS;SIMPLE_INSTRUMENT;BLOCK;USD;24;8410.00000000;810;EXCHANGE_LAST;;1;1;XEUR;7190889;661;
21.11.2024;09:18:12.473;FMJP SI 20250321 CS;SIMPLE_INSTRUMENT;BLOCK;USD;25;8523.53500000;800;EXCHANGE_LAST;;1;1;XEUR;7588794;661;
21.11.2024;10:24:15.908;FMJP SI 20241220 CS;SIMPLE_INSTRUMENT;BLOCK;USD;29;8421.00000000;595;EXCHANGE_LAST;;1;1;XEUR;7190889;661;
21.11.2024;10:23:45.650;FMJP SI 20250321 CS;SIMPLE_INSTRUMENT;BLOCK;USD;30;8535.10500000;587;EXCHANGE_LAST;;1;1;XEUR;7588794;661;
21.11.2024;10:25:55.920;FMKW SI 20241220 CS;SIMPLE_INSTRUMENT;BLOCK;USD;1;1597.00000000;50;EXCHANGE_LAST;;1;1;XEUR;7194775;221298;
21.11.2024;08:25:16.128;FMSA SI 20241220 CS;SIMPLE_INSTRUMENT;BLOCK;USD;13;1771.29700000;80;EXCHANGE_LAST;;1;1;XEUR;7194630;134861;
21.11.2024;12:14:41.289;FMSA SI 20241220 CS;SIMPLE_INSTRUMENT;BLOCK;USD;32;1762.36500000;754;EXCHANGE_LAST;;1;1;XEUR;7194630;134861;
21.11.2024;11:01:28.423;FMUA SI 20241220 CS;SIMPLE_INSTRUMENT;BLOCK;USD;2;802.30900000;233;EXCHANGE_LAST;;1;1;XEUR;7192603;45284;
21.11.2024;08:33:51.647;FMWN SI 20241220 CS;SIMPLE_INSTRUMENT;BLOCK;EUR;14;574.30000000;101;EXCHANGE_LAST;;1;1;XEUR;7192300;30654;
21.11.2024;07:41:22.522;FMWO SI 20241220 CS;SIMPLE_INSTRUMENT;EFP_IDX;USD;5;11853.02000000;396;EXCHANGE_LAST;;1;1;XEUR;7191849;7059;
21.11.2024;08:03:49.928;FMWO SI 20241220 CS;SIMPLE_INSTRUMENT;BLOCK;USD;8;11853.02000000;334;EXCHANGE_LAST;;1;1;XEUR;7191849;7059;
21.11.2024;08:16:14.073;FMWO SI 20241220 CS;SIMPLE_INSTRUMENT;EFP_IDX;USD;10;11851.02000000;154;EXCHANGE_LAST;;1;1;XEUR;7191849;7059;
21.11.2024;08:15:45.095;FMWO SI 20241220 CS;SIMPLE_INSTRUMENT;EFP_IDX;USD;11;11852.52000000;105;EXCHANGE_LAST;;1;1;XEUR;7191849;7059;
21.11.2024;08:14:08.528;FMWO SI 20241220 CS;SIMPLE_INSTRUMENT;EFP_IDX;USD;12;11852.59000000;25;EXCHANGE_LAST;;1;1;XEUR;7191849;7059;
21.11.2024;06:54:56.033;FMWP SI 20241220 CS;SIMPLE_INSTRUMENT;EFP_IDX;USD;2;3747.97000000;170;EXCHANGE_LAST;;1;1;XEUR;7192302;30656;
21.11.2024;08:03:21.845;FMXJ SI 20241220 CS;SIMPLE_INSTRUMENT;BLOCK;USD;7;587.54700000;179;EXCHANGE_LAST;;1;1;XEUR;7193543;51660;
21.11.2024;09:20:15.913;FOAT SI 20241206 PS;SIMPLE_INSTRUMENT;EFP_FIN;EUR;1;124.58000000;196;EXCHANGE_LAST;;1;1;XEUR;10804528;749;
21.11.2024;09:43:05.633;FOAT SI 20241206 PS;SIMPLE_INSTRUMENT;EFP_FIN;EUR;2;124.72000000;730;EXCHANGE_LAST;;1;1;XEUR;10804528;749;
21.11.2024;10:21:00.775;FOAT SI 20241206 PS;SIMPLE_INSTRUMENT;EFP_FIN;EUR;3;124.73000000;426;EXCHANGE_LAST;;1;1;XEUR;10804528;749;
21.11.2024;10:33:39.320;FOAT SI 20241206 PS;SIMPLE_INSTRUMENT;EFP_FIN;EUR;4;124.73000000;494;EXCHANGE_LAST;;1;1;XEUR;10804528;749;
21.11.2024;10:34:50.915;FOAT SI 20241206 PS;SIMPLE_INSTRUMENT;EFP_FIN;EUR;5;124.85000000;1552;EXCHANGE_LAST;;1;1;XEUR;10804528;749;
21.11.2024;10:36:06.230;FOAT SI 20241206 PS;SIMPLE_INSTRUMENT;EFP_FIN;EUR;6;124.91000000;285;EXCHANGE_LAST;;1;1;XEUR;10804528;749;
21.11.2024;10:35:58.729;FOAT SI 20241206 PS;SIMPLE_INSTRUMENT;EFP_FIN;EUR;7;124.91000000;148;EXCHANGE_LAST;;1;1;XEUR;10804528;749;
21.11.2024;10:36:08.243;FOAT SI 20241206 PS;SIMPLE_INSTRUMENT;EFP_FIN;EUR;8;124.62000000;175;EXCHANGE_LAST;;1;1;XEUR;10804528;749;
21.11.2024;10:47:31.349;FOAT SI 20241206 PS;SIMPLE_INSTRUMENT;BLOCK;EUR;9;124.81000000;781;EXCHANGE_LAST;;1;1;XEUR;10804528;749;
21.11.2024;10:54:16.371;FOAT SI 20241206 PS;SIMPLE_INSTRUMENT;EFP_FIN;EUR;10;124.76000000;1830;EXCHANGE_LAST;;1;1;XEUR;10804528;749;
21.11.2024;10:54:44.171;FOAT SI 20241206 PS;SIMPLE_INSTRUMENT;EFP_FIN;EUR;11;124.74000000;415;EXCHANGE_LAST;;1;1;XEUR;10804528;749;
21.11.2024;10:57:29.948;FOAT SI 20241206 PS;SIMPLE_INSTRUMENT;EFP_FIN;EUR;12;124.77000000;2490;EXCHANGE_LAST;;1;1;XEUR;10804528;749;
21.11.2024;11:10:10.254;FOAT SI 20241206 PS;SIMPLE_INSTRUMENT;EFP_FIN;EUR;13;124.73000000;493;EXCHANGE_LAST;;1;1;XEUR;10804528;749;
21.11.2024;11:20:56.867;FOAT SI 20241206 PS;SIMPLE_INSTRUMENT;EFP_FIN;EUR;14;124.77000000;68;EXCHANGE_LAST;;1;1;XEUR;10804528;749;
21.11.2024;11:22:58.425;FOAT SI 20241206 PS;SIMPLE_INSTRUMENT;EFP_FIN;EUR;15;124.73000000;829;EXCHANGE_LAST;;1;1;XEUR;10804528;749;
21.11.2024;11:25:33.580;FOAT SI 20241206 PS;SIMPLE_INSTRUMENT;EFP_FIN;EUR;16;124.85000000;830;EXCHANGE_LAST;;1;1;XEUR;10804528;749;
21.11.2024;11:42:18.986;FOAT SI 20241206 PS;SIMPLE_INSTRUMENT;EFP_FIN;EUR;17;124.71000000;731;EXCHANGE_LAST;;1;1;XEUR;10804528;749;
21.11.2024;11:42:53.487;FOAT SI 20241206 PS;SIMPLE_INSTRUMENT;EFP_FIN;EUR;18;124.81000000;208;EXCHANGE_LAST;;1;1;XEUR;10804528;749;
21.11.2024;11:43:01.606;FOAT SI 20241206 PS;SIMPLE_INSTRUMENT;EFP_FIN;EUR;19;124.80000000;1661;EXCHANGE_LAST;;1;1;XEUR;10804528;749;
21.11.2024;11:51:23.696;FOAT SI 20241206 PS;SIMPLE_INSTRUMENT;EFP_FIN;EUR;20;124.80000000;415;EXCHANGE_LAST;;1;1;XEUR;10804528;749;
21.11.2024;12:07:11.671;FOAT SI 20241206 PS;SIMPLE_INSTRUMENT;EFP_FIN;EUR;21;124.87000000;415;EXCHANGE_LAST;;1;1;XEUR;10804528;749;
21.11.2024;12:08:32.176;FOAT SI 20241206 PS;SIMPLE_INSTRUMENT;EFP_FIN;EUR;22;124.85000000;832;EXCHANGE_LAST;;1;1;XEUR;10804528;749;
21.11.2024;12:12:43.726;FOAT SI 20241206 PS;SIMPLE_INSTRUMENT;EFP_FIN;EUR;23;124.80000000;2493;EXCHANGE_LAST;;1;1;XEUR;10804528;749;
21.11.2024;12:31:44.749;FOAT SI 20241206 PS;SIMPLE_INSTRUMENT;EFP_FIN;EUR;24;124.70000000;631;EXCHANGE_LAST;;1;1;XEUR;10804528;749;
21.11.2024;12:32:05.876;FOAT SI 20241206 PS;SIMPLE_INSTRUMENT;EFP_FIN;EUR;25;124.70000000;415;EXCHANGE_LAST;;1;1;XEUR;10804528;749;
21.11.2024;12:39:19.885;FOAT SI 20241206 PS;SIMPLE_INSTRUMENT;EFP_FIN;EUR;26;124.77000000;830;EXCHANGE_LAST;;1;1;XEUR;10804528;749;
21.11.2024;12:37:30.701;FOAT SI 20241206 PS;SIMPLE_INSTRUMENT;EFP_FIN;EUR;27;124.82000000;831;EXCHANGE_LAST;;1;1;XEUR;10804528;749;
21.11.2024;12:45:21.183;FOAT SI 20241206 PS;SIMPLE_INSTRUMENT;EFP_FIN;EUR;28;124.88000000;3943;EXCHANGE_LAST;;1;1;XEUR;10804528;749;
21.11.2024;12:49:36.473;FOAT SI 20241206 PS;SIMPLE_INSTRUMENT;EFP_FIN;EUR;29;124.87000000;349;EXCHANGE_LAST;;1;1;XEUR;10804528;749;
21.11.2024;12:48:46.211;FOAT SI 20241206 PS;SIMPLE_INSTRUMENT;EFP_FIN;EUR;30;124.85000000;831;EXCHANGE_LAST;;1;1;XEUR;10804528;749;
21.11.2024;12:59:21.550;FOAT SI 20241206 PS;SIMPLE_INSTRUMENT;EFP_FIN;EUR;31;124.85000000;208;EXCHANGE_LAST;;1;1;XEUR;10804528;749;
21.11.2024;13:17:32.189;FOAT SI 20241206 PS;SIMPLE_INSTRUMENT;EFP_FIN;EUR;32;124.73000000;88;EXCHANGE_LAST;;1;1;XEUR;10804528;749;
21.11.2024;13:17:19.688;FOAT SI 20241206 PS;SIMPLE_INSTRUMENT;EFP_FIN;EUR;33;124.73000000;125;EXCHANGE_LAST;;1;1;XEUR;10804528;749;
21.11.2024;13:18:17.692;FOAT SI 20241206 PS;SIMPLE_INSTRUMENT;EFP_FIN;EUR;34;124.73000000;71;EXCHANGE_LAST;;1;1;XEUR;10804528;749;
21.11.2024;13:38:55.603;FOAT SI 20241206 PS;SIMPLE_INSTRUMENT;EFP_FIN;EUR;35;124.71000000;208;EXCHANGE_LAST;;1;1;XEUR;10804528;749;
21.11.2024;13:40:15.043;FOAT SI 20241206 PS;SIMPLE_INSTRUMENT;EFP_FIN;EUR;36;124.73000000;442;EXCHANGE_LAST;;1;1;XEUR;10804528;749;
