#Date;TrdTime;Contract;ContractType;TrdTyp;Currency;TesId;Prc;Qty;TrdInd;Aggressor;Buy;Sell;Exch;InstrumentId;RelatedProdId;PrcDecomp
20.11.2024;15:33:58.566;A2SM SI 20250620 CS;SIMPLE_INSTRUMENT;BLOCK;EUR;73;3.72000000;21;EXCHANGE_LAST;;1;1;XEUR;10827631;15;
20.11.2024;10:58:55.357;A2XA SI 20251219 CS;SIMPLE_INSTRUMENT;BLOCK;EUR;23;2.09000000;250;EXCHANGE_LAST;;1;1;XEUR;3681055;17;
20.11.2024;15:30:15.321;A2XA SI 20251219 CS;SIMPLE_INSTRUMENT;BLOCK;EUR;71;2.14000000;500;EXCHANGE_LAST;;1;1;XEUR;3681055;17;
20.11.2024;16:33:41.803;A2XA SI 20251219 CS;SIMPLE_INSTRUMENT;BLOCK;EUR;85;2.14000000;350;EXCHANGE_LAST;;1;1;XEUR;3681055;17;
20.11.2024;15:13:28.273;ABBN.O.241120.STG.000004;STANDARD_OPTION_STRATEGY;BLOCK;CHF;53;0.41000000;1000;EXCHANGE_LAST;;1;1;XEUR;74525125763934413;574517;
20.11.2024;15:13:28.273;ABBN SI 20241220 PS AM C 52.50 0;SIMPLE_INSTRUMENT;BLOCK;CHF;53;0.22000000;1000;PRC_DECOMP_EXCHANGE;;;;XEUR;11848937;574517;EXCHANGE
20.11.2024;15:13:28.273;ABBN SI 20241220 PS AM P 44.00 0;SIMPLE_INSTRUMENT;BLOCK;CHF;53;0.19000000;1000;PRC_DECOMP_EXCHANGE;;;;XEUR;8536827;574517;EXCHANGE
20.11.2024;15:47:51.087;ABBN.O.241120.RBUL.000005;STANDARD_OPTION_STRATEGY;BLOCK;CHF;65;-0.32000000;2000;EXCHANGE_LAST;;2;1;XEUR;74525125763934414;574517;
20.11.2024;15:47:51.087;ABBN SI 20241220 PS AM C 52.00 0;SIMPLE_INSTRUMENT;BLOCK;CHF;65;0.27000000;4000;PRC_DECOMP_EXCHANGE;;;;XEUR;8836244;574517;EXCHANGE
20.11.2024;15:47:51.087;ABBN SI 20241220 PS AM C 50.00 0;SIMPLE_INSTRUMENT;BLOCK;CHF;65;0.86000000;2000;PRC_DECOMP_EXCHANGE;;;;XEUR;10457908;574517;EXCHANGE
20.11.2024;13:51:50.050;AFX SI 20251219 PS AM P 48.00 0;SIMPLE_INSTRUMENT;BLOCK;EUR;5;4.39000000;200;EXCHANGE_LAST;;1;1;XEUR;8108947;56;
20.11.2024;11:05:38.839;ALV SI 20250117 PS AM C 280.00 0;SIMPLE_INSTRUMENT;BLOCK;EUR;1;12.55000000;300;EXCHANGE_LAST;;1;1;XEUR;12067882;74;
20.11.2024;12:06:54.294;ALV.O.241120.STG.000009;STANDARD_OPTION_STRATEGY;BLOCK;EUR;2;7.31000000;300;EXCHANGE_LAST;;1;1;XEUR;72057911865566492;74;
20.11.2024;12:06:54.294;ALV SI 20241220 PS AM P 290.00 0;SIMPLE_INSTRUMENT;BLOCK;EUR;2;6.95000000;300;PRC_DECOMP_EXCHANGE;;;;XEUR;10819250;74;EXCHANGE
20.11.2024;12:06:54.294;ALV SI 20241220 PS AM C 305.00 0;SIMPLE_INSTRUMENT;BLOCK;EUR;2;0.36000000;300;PRC_DECOMP_EXCHANGE;;;;XEUR;11871561;74;EXCHANGE
20.11.2024;13:55:48.022;ANN SI 20250620 PS AM P 26.00 0;SIMPLE_INSTRUMENT;BLOCK;EUR;10;1.34000000;750;EXCHANGE_LAST;;1;1;XEUR;11386652;45202;
20.11.2024;11:22:23.545;ARG SI 20250117 PS AM P 430.00 0;SIMPLE_INSTRUMENT;BLOCK;EUR;2;3.70000000;50;EXCHANGE_LAST;;1;1;XEUR;12104848;355435;
20.11.2024;12:39:42.577;ASG5.O.241120.BUL.000001;STANDARD_OPTION_STRATEGY;BLOCK;EUR;14;2.55000000;8000;EXCHANGE_LAST;;1;2;XEUR;72058062189368499;109;
20.11.2024;12:39:42.577;ASG5 SI 20251218 PS AM C 24.00 0;SIMPLE_INSTRUMENT;BLOCK;EUR;14;3.89450000;8000;PRC_DECOMP_EXCHANGE;;;;XEUR;6084277;109;EXCHANGE
20.11.2024;12:39:42.577;ASG5 SI 20251218 PS AM C 28.00 0;SIMPLE_INSTRUMENT;BLOCK;EUR;14;1.34450000;8000;PRC_DECOMP_EXCHANGE;;;;XEUR;6267904;109;EXCHANGE
20.11.2024;11:20:16.606;ASM.O.241120.STD.000004;STANDARD_OPTION_STRATEGY;BLOCK;EUR;11;50.20000000;250;EXCHANGE_LAST;;1;1;XEUR;72058053599445086;107;
20.11.2024;11:20:16.606;ASM SI 20241220 PS AM P 630.00 0;SIMPLE_INSTRUMENT;BLOCK;EUR;11;25.79000000;250;PRC_DECOMP_EXCHANGE;;;;XEUR;11872094;107;EXCHANGE
20.11.2024;11:20:16.606;ASM SI 20241220 PS AM C 630.00 0;SIMPLE_INSTRUMENT;BLOCK;EUR;11;24.41000000;250;PRC_DECOMP_EXCHANGE;;;;XEUR;11872095;107;EXCHANGE
20.11.2024;15:32:32.071;ASMH SI 20250620 CS;SIMPLE_INSTRUMENT;BLOCK;EUR;72;628.50000000;250;EXCHANGE_LAST;;1;1;XEUR;11191365;3979;
20.11.2024;16:37:14.480;AXA.O.241120.COMBO.000002;STANDARD_OPTION_STRATEGY;BLOCK;EUR;33;0.19000000;6000;EXCHANGE_LAST;;2;2;XEUR;72058139498794086;127;
20.11.2024;16:37:14.480;AXA SI 20251219 PS AM C 36.00 0;SIMPLE_INSTRUMENT;BLOCK;EUR;33;1.52000000;6000;PRC_DECOMP_EXCHANGE;;;;XEUR;6271799;127;EXCHANGE
20.11.2024;16:37:14.480;AXA SI 20251219 PS AM P 30.00 0;SIMPLE_INSTRUMENT;BLOCK;EUR;33;1.71000000;6000;PRC_DECOMP_EXCHANGE;;;;XEUR;11479914;127;EXCHANGE
20.11.2024;13:50:11.516;AXAG.S.DEC24.MAR25.SPD;FUTURES_SPREAD;BLOCK;EUR;45;-0.26750000;10000;EXCHANGE_LAST;;2;2;XEUR;72058130908840252;125;
20.11.2024;13:50:11.516;AXAG SI 20250321 CS;SIMPLE_INSTRUMENT;BLOCK;EUR;45;34.42050000;10000;PRC_DECOMP_EXCHANGE;;;;XEUR;10693637;125;EXCHANGE
20.11.2024;13:50:11.516;AXAG SI 20241220 CS;SIMPLE_INSTRUMENT;BLOCK;EUR;45;34.15300000;10000;PRC_DECOMP_EXCHANGE;;;;XEUR;7031589;125;EXCHANGE
20.11.2024;08:46:30.663;B2NP SI 20251219 CS;SIMPLE_INSTRUMENT;BLOCK;EUR;2;4.96000000;500;EXCHANGE_LAST;;2;1;XEUR;5914355;131;
20.11.2024;08:54:04.055;B2NP SI 20251219 CS;SIMPLE_INSTRUMENT;BLOCK;EUR;4;4.96000000;400;EXCHANGE_LAST;;1;2;XEUR;5914355;131;
20.11.2024;08:58:47.662;B2NP SI 20251219 CS;SIMPLE_INSTRUMENT;BLOCK;EUR;7;4.96000000;100;EXCHANGE_LAST;;1;1;XEUR;5914355;131;
20.11.2024;10:00:50.261;B2NP SI 20261218 CS;SIMPLE_INSTRUMENT;BLOCK;EUR;13;4.42000000;150;EXCHANGE_LAST;;1;1;XEUR;6798320;131;
20.11.2024;10:13:54.415;B2NP SI 20261218 CS;SIMPLE_INSTRUMENT;BLOCK;EUR;14;4.40000000;50;EXCHANGE_LAST;;1;1;XEUR;6798320;131;
20.11.2024;10:53:40.255;B2NP SI 20251219 CS;SIMPLE_INSTRUMENT;BLOCK;EUR;19;5.00000000;275;EXCHANGE_LAST;;1;1;XEUR;5914355;131;
20.11.2024;11:53:06.508;B2NP SI 20251219 CS;SIMPLE_INSTRUMENT;BLOCK;EUR;32;5.00000000;50;EXCHANGE_LAST;;1;1;XEUR;5914355;131;
20.11.2024;12:42:24.545;B2NP SI 20251219 CS;SIMPLE_INSTRUMENT;BLOCK;EUR;37;5.00000000;400;EXCHANGE_LAST;;1;2;XEUR;5914355;131;
20.11.2024;13:25:40.452;B2NP SI 20251219 CS;SIMPLE_INSTRUMENT;BLOCK;EUR;42;5.08000000;900;EXCHANGE_LAST;;1;3;XEUR;5914355;131;
20.11.2024;14:27:45.905;B2NP SI 20251219 CS;SIMPLE_INSTRUMENT;BLOCK;EUR;48;5.20000000;100;EXCHANGE_LAST;;1;1;XEUR;5914355;131;
20.11.2024;14:24:44.198;B2NP SI 20251219 CS;SIMPLE_INSTRUMENT;BLOCK;EUR;49;5.30000000;500;EXCHANGE_LAST;;1;1;XEUR;5914355;131;
20.11.2024;14:26:43.876;B2NP SI 20251219 CS;SIMPLE_INSTRUMENT;BLOCK;EUR;50;5.20000000;300;EXCHANGE_LAST;;1;1;XEUR;5914355;131;
20.11.2024;14:27:24.815;B2NP SI 20251219 CS;SIMPLE_INSTRUMENT;BLOCK;EUR;52;5.28000000;100;EXCHANGE_LAST;;1;1;XEUR;5914355;131;
20.11.2024;14:32:55.777;B2NP SI 20251219 CS;SIMPLE_INSTRUMENT;BLOCK;EUR;54;5.18000000;150;EXCHANGE_LAST;;1;1;XEUR;5914355;131;
20.11.2024;14:32:21.281;B2NP SI 20251219 CS;SIMPLE_INSTRUMENT;BLOCK;EUR;55;5.30000000;500;EXCHANGE_LAST;;1;1;XEUR;5914355;131;
20.11.2024;14:33:02.312;B2NP SI 20251219 CS;SIMPLE_INSTRUMENT;BLOCK;EUR;56;5.30000000;400;EXCHANGE_LAST;;1;1;XEUR;5914355;131;
20.11.2024;14:36:31.215;B2NP SI 20251219 CS;SIMPLE_INSTRUMENT;BLOCK;EUR;57;5.29000000;200;EXCHANGE_LAST;;1;1;XEUR;5914355;131;
20.11.2024;14:37:39.755;B2NP SI 20251219 CS;SIMPLE_INSTRUMENT;BLOCK;EUR;59;5.29000000;250;EXCHANGE_LAST;;1;1;XEUR;5914355;131;
20.11.2024;14:44:54.791;B2NP SI 20251219 CS;SIMPLE_INSTRUMENT;BLOCK;EUR;61;5.40000000;300;EXCHANGE_LAST;;1;1;XEUR;5914355;131;
20.11.2024;14:49:26.262;B2NP SI 20251219 CS;SIMPLE_INSTRUMENT;BLOCK;EUR;62;5.40000000;200;EXCHANGE_LAST;;1;2;XEUR;5914355;131;
20.11.2024;14:49:37.522;B2NP SI 20251219 CS;SIMPLE_INSTRUMENT;BLOCK;EUR;63;5.40000000;100;EXCHANGE_LAST;;1;1;XEUR;5914355;131;
20.11.2024;14:58:00.441;B2NP SI 20251219 CS;SIMPLE_INSTRUMENT;BLOCK;EUR;65;5.40000000;250;EXCHANGE_LAST;;2;2;XEUR;5914355;131;
20.11.2024;16:37:42.241;B2NP SI 20251219 CS;SIMPLE_INSTRUMENT;BLOCK;EUR;86;5.26000000;600;EXCHANGE_LAST;;3;3;XEUR;5914355;131;
20.11.2024;16:39:18.285;B2NP SI 20251219 CS;SIMPLE_INSTRUMENT;BLOCK;EUR;87;5.26000000;300;EXCHANGE_LAST;;1;3;XEUR;5914355;131;
20.11.2024;16:42:52.691;B2NP SI 20251219 CS;SIMPLE_INSTRUMENT;BLOCK;EUR;89;5.26000000;100;EXCHANGE_LAST;;1;1;XEUR;5914355;131;
20.11.2024;13:43:54.495;BAS.O.241120.BR23.000007;STANDARD_OPTION_STRATEGY;BLOCK;EUR;10;-5.76000000;1250;EXCHANGE_LAST;;1;1;XEUR;72058238283089691;150;
20.11.2024;13:43:54.495;BAS SI 20281215 PS AM P 38.00 0;SIMPLE_INSTRUMENT;BLOCK;EUR;10;6.42000000;2500;PRC_DECOMP_EXCHANGE;;;;XEUR;12302716;150;EXCHANGE
20.11.2024;13:43:54.495;BAS SI 20281215 PS AM P 26.00 0;SIMPLE_INSTRUMENT;BLOCK;EUR;10;2.36000000;3750;PRC_DECOMP_EXCHANGE;;;;XEUR;12302719;150;EXCHANGE
20.11.2024;15:26:59.851;BAS SI 20241220 PS AM P 42.00 0;SIMPLE_INSTRUMENT;BLOCK;EUR;13;0.91000000;600;EXCHANGE_LAST;;1;1;XEUR;7509964;150;
20.11.2024;10:26:58.498;BAY.O.241120.BER.000021;STANDARD_OPTION_STRATEGY;BLOCK;EUR;4;10.00000000;5000;EXCHANGE_LAST;;1;2;XEUR;72058315592506270;168;
20.11.2024;10:26:58.498;BAY SI 20241220 PS AM P 34.00 0;SIMPLE_INSTRUMENT;BLOCK;EUR;4;13.88000000;5000;PRC_DECOMP_EXCHANGE;;;;XEUR;10397231;168;EXCHANGE
20.11.2024;10:26:58.498;BAY SI 20241220 PS AM P 44.00 0;SIMPLE_INSTRUMENT;BLOCK;EUR;4;23.88000000;5000;PRC_DECOMP_EXCHANGE;;;;XEUR;4882024;168;EXCHANGE
20.11.2024;10:41:09.363;BAY SI 20241220 PS AM C 21.00 0;SIMPLE_INSTRUMENT;BLOCK;EUR;7;0.50000000;5000;EXCHANGE_LAST;;1;1;XEUR;11873355;168;
20.11.2024;10:54:38.011;BAYG SI 20250321 CS;SIMPLE_INSTRUMENT;BLOCK;EUR;21;20.38000000;24000;EXCHANGE_LAST;;1;1;XEUR;10723979;76034;
20.11.2024;10:54:58.250;BAYG SI 20241220 CS;SIMPLE_INSTRUMENT;BLOCK;EUR;22;20.21000000;24000;EXCHANGE_LAST;;1;1;XEUR;7051807;76034;
20.11.2024;08:52:05.108;BMW SI 20250117 PS AM C 72.00 0;SIMPLE_INSTRUMENT;BLOCK;EUR;1;1.49000000;1000;EXCHANGE_LAST;;1;1;XEUR;12070028;210;
20.11.2024;08:51:22.990;BMW SI 20251219 PS AM C 72.00 0;SIMPLE_INSTRUMENT;BLOCK;EUR;2;5.36000000;1000;EXCHANGE_LAST;;1;1;XEUR;11992510;210;
20.11.2024;14:54:55.183;BMWF SI 20241220 CS;SIMPLE_INSTRUMENT;BLOCK;EUR;64;68.79600000;1150;EXCHANGE_LAST;;1;1;XEUR;7032665;239;
20.11.2024;09:29:42.986;BNP SI 20241220 PS AM P 60.00 0;SIMPLE_INSTRUMENT;BLOCK;EUR;4;2.02000000;1500;EXCHANGE_LAST;;1;1;XEUR;4640396;237;
20.11.2024;12:36:19.912;BNP.O.241120.BRT.000003;STANDARD_OPTION_STRATEGY;BLOCK;EUR;12;1.20000000;1500;EXCHANGE_LAST;;1;2;XEUR;72058611945198549;237;
20.11.2024;12:36:19.912;BNP SI 20251219 PS AM P 60.00 0;SIMPLE_INSTRUMENT;BLOCK;EUR;12;7.83000000;1500;PRC_DECOMP_EXCHANGE;;;;XEUR;5995681;237;EXCHANGE
20.11.2024;12:36:19.912;BNP SI 20250620 PS AM P 60.00 0;SIMPLE_INSTRUMENT;BLOCK;EUR;12;6.63000000;1500;PRC_DECOMP_EXCHANGE;;;;XEUR;7900161;237;EXCHANGE
20.11.2024;12:48:23.810;BNP SI 20251219 PS AM P 52.00 0;SIMPLE_INSTRUMENT;BLOCK;EUR;13;3.85000000;3000;EXCHANGE_LAST;;1;1;XEUR;5923364;237;
20.11.2024;14:18:17.900;BNP.O.241120.COMBO.000007;STANDARD_OPTION_STRATEGY;BLOCK;EUR;18;1.28000000;1500;EXCHANGE_LAST;;1;1;XEUR;72058611945198553;237;
20.11.2024;14:18:17.900;BNP SI 20251219 PS AM C 64.00 0;SIMPLE_INSTRUMENT;BLOCK;EUR;18;2.78000000;1500;PRC_DECOMP_EXCHANGE;;;;XEUR;6155594;237;EXCHANGE
20.11.2024;14:18:17.900;BNP SI 20251219 PS AM P 52.00 0;SIMPLE_INSTRUMENT;BLOCK;EUR;18;4.06000000;1500;PRC_DECOMP_EXCHANGE;;;;XEUR;5923364;237;EXCHANGE
20.11.2024;15:02:48.004;BNP SI 20241220 PS AM C 60.00 0;SIMPLE_INSTRUMENT;BLOCK;EUR;24;1.17000000;2000;EXCHANGE_LAST;;1;1;XEUR;4640395;237;
20.11.2024;16:34:29.012;BNP.O.241120.COMBO.000008;STANDARD_OPTION_STRATEGY;BLOCK;EUR;32;3.25000000;2000;EXCHANGE_LAST;;1;3;XEUR;72058611945198554;237;
20.11.2024;16:34:29.012;BNP SI 20251219 PS AM C 64.00 0;SIMPLE_INSTRUMENT;BLOCK;EUR;32;2.73000000;2000;PRC_DECOMP_EXCHANGE;;;;XEUR;6155594;237;EXCHANGE
20.11.2024;16:34:29.012;BNP SI 20251219 PS AM P 56.00 0;SIMPLE_INSTRUMENT;BLOCK;EUR;32;5.98000000;2000;PRC_DECOMP_EXCHANGE;;;;XEUR;5923366;237;EXCHANGE
20.11.2024;10:42:49.417;BNRG SI 20250117 CS;SIMPLE_INSTRUMENT;BLOCK;EUR;20;59.30000000;50;EXCHANGE_LAST;;1;1;XEUR;10433168;44360;
20.11.2024;10:30:11.836;BPV SI 20241219 PS AM C 6.80 0;SIMPLE_INSTRUMENT;BLOCK;EUR;9;0.28000000;2000;EXCHANGE_LAST;;1;1;XEUR;10380516;251;
20.11.2024;10:37:49.427;BPV SI 20260618 PS AM P 4.00 0;SIMPLE_INSTRUMENT;BLOCK;EUR;10;0.24000000;2000;EXCHANGE_LAST;;1;1;XEUR;11337179;251;
20.11.2024;16:40:20.276;C4RI SI 20251219 CS;SIMPLE_INSTRUMENT;BLOCK;EUR;88;2.77000000;250;EXCHANGE_LAST;;1;1;XEUR;5914459;50862;
20.11.2024;15:02:13.168;CAR SI 20241220 PS AM P 14.00 0;SIMPLE_INSTRUMENT;BLOCK;EUR;22;0.15000000;4500;EXCHANGE_LAST;;2;3;XEUR;4641174;265;
20.11.2024;10:27:50.955;CFR.O.241120.PDIA.000006;STANDARD_OPTION_STRATEGY;BLOCK;CHF;6;10.00000000;650;EXCHANGE_LAST;;2;1;XEUR;72058938362725970;313;
20.11.2024;10:27:50.955;CFR SI 20271217 PS AM P 100.00 0;SIMPLE_INSTRUMENT;BLOCK;CHF;6;14.20000000;650;PRC_DECOMP_EXCHANGE;;;;XEUR;9996375;313;EXCHANGE
20.11.2024;10:27:50.955;CFR SI 20241220 PS AM P 120.00 0;SIMPLE_INSTRUMENT;BLOCK;CHF;6;4.20000000;650;PRC_DECOMP_EXCHANGE;;;;XEUR;9996582;313;EXCHANGE
20.11.2024;12:50:18.728;CFR.O.241120.BUL.000007;STANDARD_OPTION_STRATEGY;BLOCK;CHF;35;2.06000000;450;EXCHANGE_LAST;;1;1;XEUR;72058938362725971;313;
20.11.2024;12:50:18.728;CFR SI 20241220 PS AM C 122.00 0;SIMPLE_INSTRUMENT;BLOCK;CHF;35;3.10000000;450;PRC_DECOMP_MEMBER;;;;XEUR;11328186;313;MEMBER
20.11.2024;12:50:18.728;CFR SI 20241220 PS AM C 130.00 0;SIMPLE_INSTRUMENT;BLOCK;CHF;35;1.04000000;450;PRC_DECOMP_MEMBER;;;;XEUR;10400575;313;MEMBER
20.11.2024;16:25:49.505;CFR SI 20250221 PS AM C 136.00 0;SIMPLE_INSTRUMENT;BLOCK;CHF;74;1.60000000;501;EXCHANGE_LAST;;1;1;XEUR;12241516;313;
20.11.2024;16:25:52.543;CFR SI 20250221 PS AM C 136.00 0;SIMPLE_INSTRUMENT;BLOCK;CHF;75;1.55000000;708;EXCHANGE_LAST;;1;1;XEUR;12241516;313;
20.11.2024;09:00:07.826;CGM SI 20251219 PS AM P 140.00 0;SIMPLE_INSTRUMENT;BLOCK;EUR;2;10.75000000;1000;EXCHANGE_LAST;;1;1;XEUR;5924802;317;
20.11.2024;11:33:22.752;CON SI 20250117 PS AM C 64.00 0;SIMPLE_INSTRUMENT;BLOCK;EUR;10;2.30000000;600;EXCHANGE_LAST;;1;1;XEUR;12106600;414620;
20.11.2024;10:29:47.396;DAI SI 20241220 PS AM C 53.00 0;SIMPLE_INSTRUMENT;BLOCK;EUR;6;1.31000000;1500;EXCHANGE_LAST;;1;1;XEUR;11925522;443196;
20.11.2024;10:30:13.273;DAI SI 20241220 PS AM C 56.00 0;SIMPLE_INSTRUMENT;BLOCK;EUR;7;0.33000000;3000;EXCHANGE_LAST;;1;1;XEUR;7349879;443196;
20.11.2024;10:44:20.162;DAI.O.241120.STG.000013;STANDARD_OPTION_STRATEGY;BLOCK;EUR;8;9.24000000;1100;EXCHANGE_LAST;;1;1;XEUR;73961106363661859;443196;
20.11.2024;10:44:20.162;DAI SI 20251219 PS AM P 48.00 0;SIMPLE_INSTRUMENT;BLOCK;EUR;8;4.09000000;1100;PRC_DECOMP_EXCHANGE;;;;XEUR;7144518;443196;EXCHANGE
20.11.2024;10:44:20.162;DAI SI 20251219 PS AM C 52.00 0;SIMPLE_INSTRUMENT;BLOCK;EUR;8;5.15000000;1100;PRC_DECOMP_EXCHANGE;;;;XEUR;7144512;443196;EXCHANGE
20.11.2024;13:52:27.691;DAI SI 20261218 PS AM C 52.00 0;SIMPLE_INSTRUMENT;BLOCK;EUR;15;6.25000000;750;EXCHANGE_LAST;;1;1;XEUR;7190093;443196;
20.11.2024;13:53:52.551;DAIG.S.DEC24.MAR25.SPD;FUTURES_SPREAD;BLOCK;EUR;46;-0.43000000;2500;EXCHANGE_LAST;;1;1;XEUR;73961136428417112;443203;
20.11.2024;13:53:52.551;DAIG SI 20241220 CS;SIMPLE_INSTRUMENT;BLOCK;EUR;46;53.03830000;2500;PRC_DECOMP_EXCHANGE;;;;XEUR;7144297;443203;EXCHANGE
20.11.2024;13:53:52.551;DAIG SI 20250321 CS;SIMPLE_INSTRUMENT;BLOCK;EUR;46;53.46830000;2500;PRC_DECOMP_EXCHANGE;;;;XEUR;10734482;443203;EXCHANGE
20.11.2024;16:42:32.527;DHE SI 20241220 PS AM P 34.50 0;SIMPLE_INSTRUMENT;BLOCK;EUR;16;1.14000000;242;EXCHANGE_LAST;;1;1;XEUR;12266483;57135;
20.11.2024;10:24:46.758;DPW SI 20241220 PS AM P 36.00 0;SIMPLE_INSTRUMENT;BLOCK;EUR;2;1.44000000;1500;EXCHANGE_LAST;;1;1;XEUR;4643148;445;
20.11.2024;10:41:07.908;DPW SI 20241220 PS AM P 36.00 0;SIMPLE_INSTRUMENT;BLOCK;EUR;3;1.44000000;1000;EXCHANGE_LAST;;1;1;XEUR;4643148;445;
20.11.2024;10:42:02.710;DPW SI 20261218 PS AM P 24.00 0;SIMPLE_INSTRUMENT;BLOCK;EUR;4;1.06000000;3000;EXCHANGE_LAST;;1;2;XEUR;7754370;445;
20.11.2024;11:09:27.572;DPW.O.241120.STG.000004;STANDARD_OPTION_STRATEGY;BLOCK;EUR;5;2.70000000;2500;EXCHANGE_LAST;;1;1;XEUR;72059505298413983;445;
20.11.2024;11:09:27.572;DPW SI 20250321 PS AM C 36.00 0;SIMPLE_INSTRUMENT;BLOCK;EUR;5;1.56000000;2500;PRC_DECOMP_MEMBER;;;;XEUR;10836841;445;MEMBER
20.11.2024;11:09:27.572;DPW SI 20250321 PS AM P 34.00 0;SIMPLE_INSTRUMENT;BLOCK;EUR;5;1.14000000;2500;PRC_DECOMP_MEMBER;;;;XEUR;10836847;445;MEMBER
20.11.2024;16:30:41.253;DTE SI 20250117 PS AM C 30.00 0;SIMPLE_INSTRUMENT;BLOCK;EUR;15;0.28000000;1500;EXCHANGE_LAST;;1;1;XEUR;12072903;424;
20.11.2024;11:26:47.076;DUFN SI 20250620 PS AM C 36.00 0;SIMPLE_INSTRUMENT;BLOCK;CHF;22;1.87000000;500;EXCHANGE_LAST;;1;1;XEUR;9544828;418;
20.11.2024;08:57:39.539;E2NT SI 20261218 CS;SIMPLE_INSTRUMENT;BLOCK;EUR;6;0.96000000;1025;EXCHANGE_LAST;;1;1;XEUR;4632357;470;
20.11.2024;12:47:53.969;E2NT SI 20241220 CS;SIMPLE_INSTRUMENT;BLOCK;EUR;39;0.97000000;8888;EXCHANGE_LAST;;1;1;XEUR;3629727;470;
20.11.2024;14:33:44.101;E2NT SI 20281215 CS;SIMPLE_INSTRUMENT;BLOCK;EUR;53;0.80000000;1200;EXCHANGE_LAST;;3;1;XEUR;6802271;470;
20.11.2024;12:47:52.863;ENTH SI 20241219 CS;SIMPLE_INSTRUMENT;BLOCK;EUR;38;13.81020000;20000;EXCHANGE_LAST;;1;1;XEUR;7935776;524973;
20.11.2024;09:11:06.465;ESL SI 20241220 PS AM C 245.00 0;SIMPLE_INSTRUMENT;BLOCK;EUR;3;2.02000000;350;EXCHANGE_LAST;;1;1;XEUR;11880040;481;
20.11.2024;10:26:32.912;EVK SI 20271217 PS AM P 16.00 0;SIMPLE_INSTRUMENT;BLOCK;EUR;6;2.28000000;3000;EXCHANGE_LAST;;2;1;XEUR;8808156;10806;
20.11.2024;11:18:43.805;F3TE SI 20250620 CS;SIMPLE_INSTRUMENT;BLOCK;EUR;28;0.45000000;2610;EXCHANGE_LAST;;1;1;XEUR;10882016;390379;
20.11.2024;09:21:18.963;FBTP SI 20241206 PS;SIMPLE_INSTRUMENT;EFP_FIN;EUR;1;120.16000000;762;EXCHANGE_LAST;;1;1;XEUR;10804520;636;
20.11.2024;10:08:35.958;FBTP SI 20241206 PS;SIMPLE_INSTRUMENT;EFP_FIN;EUR;2;120.16000000;229;EXCHANGE_LAST;;1;1;XEUR;10804520;636;
20.11.2024;10:11:04.678;FBTP SI 20241206 PS;SIMPLE_INSTRUMENT;EFP_FIN;EUR;3;120.16000000;268;EXCHANGE_LAST;;1;1;XEUR;10804520;636;
20.11.2024;10:11:22.245;FBTP SI 20241206 PS;SIMPLE_INSTRUMENT;EFP_FIN;EUR;4;120.16000000;223;EXCHANGE_LAST;;1;1;XEUR;10804520;636;
20.11.2024;10:17:29.255;FBTP SI 20241206 PS;SIMPLE_INSTRUMENT;EFP_FIN;EUR;5;120.10000000;446;EXCHANGE_LAST;;1;1;XEUR;10804520;636;
20.11.2024;10:19:06.677;FBTP SI 20241206 PS;SIMPLE_INSTRUMENT;EFP_FIN;EUR;6;120.07000000;147;EXCHANGE_LAST;;1;1;XEUR;10804520;636;
20.11.2024;10:32:04.990;FBTP SI 20241206 PS;SIMPLE_INSTRUMENT;EFP_FIN;EUR;8;120.18000000;313;EXCHANGE_LAST;;1;1;XEUR;10804520;636;
20.11.2024;11:10:05.215;FBTP SI 20241206 PS;SIMPLE_INSTRUMENT;BLOCK;EUR;9;120.06000000;1588;EXCHANGE_LAST;;1;1;XEUR;10804520;636;
20.11.2024;11:12:36.768;FBTP SI 20241206 PS;SIMPLE_INSTRUMENT;EFP_FIN;EUR;10;120.07000000;223;EXCHANGE_LAST;;1;1;XEUR;10804520;636;
20.11.2024;11:21:39.221;FBTP SI 20241206 PS;SIMPLE_INSTRUMENT;EFP_FIN;EUR;11;120.10000000;223;EXCHANGE_LAST;;1;1;XEUR;10804520;636;
20.11.2024;11:48:27.775;FBTP SI 20241206 PS;SIMPLE_INSTRUMENT;EFP_FIN;EUR;12;120.09000000;62;EXCHANGE_LAST;;1;1;XEUR;10804520;636;
20.11.2024;12:53:38.710;FBTP SI 20241206 PS;SIMPLE_INSTRUMENT;EFP_FIN;EUR;13;120.10000000;447;EXCHANGE_LAST;;1;1;XEUR;10804520;636;
20.11.2024;13:11:03.830;FBTP SI 20241206 PS;SIMPLE_INSTRUMENT;EFS;EUR;14;120.00000000;114;EXCHANGE_LAST;;1;1;XEUR;10804520;636;
20.11.2024;15:01:47.935;FBTP SI 20241206 PS;SIMPLE_INSTRUMENT;EFP_FIN;EUR;15;119.99000000;162;EXCHANGE_LAST;;1;1;XEUR;10804520;636;
20.11.2024;15:05:33.036;FBTP SI 20241206 PS;SIMPLE_INSTRUMENT;BLOCK;EUR;16;119.95000000;285;EXCHANGE_LAST;;1;1;XEUR;10804520;636;
20.11.2024;15:38:13.774;FBTP SI 20241206 PS;SIMPLE_INSTRUMENT;EFP_FIN;EUR;18;120.14000000;381;EXCHANGE_LAST;;1;1;XEUR;10804520;636;
20.11.2024;15:57:51.343;FBTP SI 20241206 PS;SIMPLE_INSTRUMENT;EFP_FIN;EUR;19;120.26000000;381;EXCHANGE_LAST;;1;1;XEUR;10804520;636;
20.11.2024;15:59:28.678;FBTP SI 20241206 PS;SIMPLE_INSTRUMENT;EFS;EUR;20;120.26000000;114;EXCHANGE_LAST;;1;1;XEUR;10804520;636;
20.11.2024;16:23:49.937;FBTP SI 20241206 PS;SIMPLE_INSTRUMENT;EFP_FIN;EUR;21;120.08000000;761;EXCHANGE_LAST;;1;1;XEUR;10804520;636;
20.11.2024;17:53:43.650;FBTP SI 20241206 PS;SIMPLE_INSTRUMENT;EFP_FIN;EUR;22;120.07000000;147;EXCHANGE_LAST;;1;1;XEUR;10804520;636;
20.11.2024;08:43:27.508;FBTS SI 20241206 PS;SIMPLE_INSTRUMENT;EFP_FIN;EUR;2;107.20000000;968;EXCHANGE_LAST;;1;1;XEUR;10804522;639;
20.11.2024;08:45:50.516;FBTS SI 20241206 PS;SIMPLE_INSTRUMENT;EFP_FIN;EUR;3;107.20000000;968;EXCHANGE_LAST;;1;1;XEUR;10804522;639;
20.11.2024;08:55:49.300;FBTS SI 20241206 PS;SIMPLE_INSTRUMENT;EFP_FIN;EUR;4;107.23000000;484;EXCHANGE_LAST;;1;1;XEUR;10804522;639;
20.11.2024;09:55:14.239;FBTS SI 20241206 PS;SIMPLE_INSTRUMENT;BLOCK;EUR;7;107.20000000;637;EXCHANGE_LAST;;1;1;XEUR;10804522;639;
20.11.2024;10:10:34.628;FBTS SI 20241206 PS;SIMPLE_INSTRUMENT;EFP_FIN;EUR;8;107.21000000;1154;EXCHANGE_LAST;;1;1;XEUR;10804522;639;
20.11.2024;10:12:11.633;FBTS SI 20241206 PS;SIMPLE_INSTRUMENT;EFP_FIN;EUR;9;107.20000000;1502;EXCHANGE_LAST;;1;1;XEUR;10804522;639;
20.11.2024;10:17:00.781;FBTS SI 20241206 PS;SIMPLE_INSTRUMENT;EFP_FIN;EUR;11;107.21000000;484;EXCHANGE_LAST;;1;1;XEUR;10804522;639;
20.11.2024;10:42:28.588;FBTS SI 20241206 PS;SIMPLE_INSTRUMENT;EFP_FIN;EUR;13;107.22000000;235;EXCHANGE_LAST;;1;1;XEUR;10804522;639;
20.11.2024;10:57:25.618;FBTS SI 20241206 PS;SIMPLE_INSTRUMENT;EFP_FIN;EUR;14;107.21000000;225;EXCHANGE_LAST;;1;1;XEUR;10804522;639;
20.11.2024;10:57:38.758;FBTS SI 20241206 PS;SIMPLE_INSTRUMENT;EFP_FIN;EUR;15;107.18000000;751;EXCHANGE_LAST;;1;1;XEUR;10804522;639;
20.11.2024;12:27:13.169;FBTS SI 20241206 PS;SIMPLE_INSTRUMENT;EFP_FIN;EUR;20;107.17000000;968;EXCHANGE_LAST;;1;1;XEUR;10804522;639;
20.11.2024;13:24:28.819;FBTS SI 20241206 PS;SIMPLE_INSTRUMENT;BLOCK;EUR;21;107.17000000;300;EXCHANGE_LAST;;1;1;XEUR;10804522;639;
20.11.2024;13:48:33.987;FBTS SI 20241206 PS;SIMPLE_INSTRUMENT;BLOCK;EUR;23;107.16000000;961;EXCHANGE_LAST;;1;1;XEUR;10804522;639;
20.11.2024;15:44:04.265;FBTS SI 20241206 PS;SIMPLE_INSTRUMENT;EFP_FIN;EUR;32;107.24000000;1936;EXCHANGE_LAST;;1;1;XEUR;10804522;639;
20.11.2024;16:19:04.066;FBTS SI 20241206 PS;SIMPLE_INSTRUMENT;EFP_FIN;EUR;35;107.22000000;364;EXCHANGE_LAST;;1;1;XEUR;10804522;639;
20.11.2024;16:23:23.935;FCEU SI 20241216 PS;SIMPLE_INSTRUMENT;BLOCK;USD;3;1.05235000;394;EXCHANGE_LAST;;1;1;XEUR;7140363;369376;
20.11.2024;15:06:08.513;FCMU SI 20241216 CS;SIMPLE_INSTRUMENT;BLOCK;USD;2;0.04909000;100;EXCHANGE_LAST;;1;1;XEUR;10921066;570874;
20.11.2024;13:03:37.199;FCZU SI 20241216 CS;SIMPLE_INSTRUMENT;BLOCK;USD;1;0.05517000;100;EXCHANGE_LAST;;1;1;XEUR;10921064;570872;
20.11.2024;15:29:40.037;FD3D SI 20251219 CS;SIMPLE_INSTRUMENT;BLOCK;EUR;49;110.50000000;250;EXCHANGE_LAST;;1;1;XEUR;5914068;588;
20.11.2024;13:38:05.350;FDAX SI 20241220 CS;SIMPLE_INSTRUMENT;VOLA;EUR;671088647;19196.00000000;195;EXCHANGE_LAST;;1;1;XEUR;7296065;589;
20.11.2024;08:34:44.544;FEBD SI 20251219 CS;SIMPLE_INSTRUMENT;BLOCK;EUR;2;10.12000000;1500;EXCHANGE_LAST;;1;1;XEUR;5914075;597;
20.11.2024;08:38:54.887;FEBD SI 20251219 CS;SIMPLE_INSTRUMENT;BLOCK;EUR;3;10.13000000;1500;EXCHANGE_LAST;;1;1;XEUR;5914075;597;
20.11.2024;09:02:39.018;FEBD SI 20251219 CS;SIMPLE_INSTRUMENT;BLOCK;EUR;4;10.15000000;750;EXCHANGE_LAST;;1;1;XEUR;5914075;597;
20.11.2024;09:15:57.862;FEBD SI 20251219 CS;SIMPLE_INSTRUMENT;BLOCK;EUR;5;10.12000000;1500;EXCHANGE_LAST;;1;1;XEUR;5914075;597;
20.11.2024;09:34:21.171;FEBD SI 20251219 CS;SIMPLE_INSTRUMENT;BLOCK;EUR;7;10.16000000;500;EXCHANGE_LAST;;1;1;XEUR;5914075;597;
20.11.2024;10:00:32.781;FEBD SI 20251219 CS;SIMPLE_INSTRUMENT;BLOCK;EUR;13;10.10000000;4687;EXCHANGE_LAST;;1;1;XEUR;5914075;597;
20.11.2024;11:54:02.520;FEBD SI 20251219 CS;SIMPLE_INSTRUMENT;BLOCK;EUR;18;10.10000000;937;EXCHANGE_LAST;;1;1;XEUR;5914075;597;
20.11.2024;12:00:14.886;FEBD SI 20251219 CS;SIMPLE_INSTRUMENT;BLOCK;EUR;21;10.10000000;550;EXCHANGE_LAST;;1;1;XEUR;5914075;597;
20.11.2024;12:11:29.104;FEBD SI 20251219 CS;SIMPLE_INSTRUMENT;BLOCK;EUR;22;10.17000000;750;EXCHANGE_LAST;;2;2;XEUR;5914075;597;
20.11.2024;14:40:30.908;FEBD SI 20251219 CS;SIMPLE_INSTRUMENT;BLOCK;EUR;39;10.20000000;2000;EXCHANGE_LAST;;1;1;XEUR;5914075;597;
20.11.2024;14:47:13.500;FEBD SI 20251219 CS;SIMPLE_INSTRUMENT;BLOCK;EUR;44;10.22000000;750;EXCHANGE_LAST;;1;1;XEUR;5914075;597;
20.11.2024;14:50:56.785;FEBD SI 20251219 CS;SIMPLE_INSTRUMENT;BLOCK;EUR;45;10.22000000;350;EXCHANGE_LAST;;1;1;XEUR;5914075;597;
20.11.2024;16:22:22.741;FEBD SI 20251219 CS;SIMPLE_INSTRUMENT;BLOCK;EUR;58;10.24000000;200;EXCHANGE_LAST;;1;1;XEUR;5914075;597;
20.11.2024;16:26:57.615;FEBD SI 20251219 CS;SIMPLE_INSTRUMENT;BLOCK;EUR;62;10.24000000;1900;EXCHANGE_LAST;;2;3;XEUR;5914075;597;
20.11.2024;10:13:30.760;FECX SI 20241220 CS;SIMPLE_INSTRUMENT;BLOCK;EUR;15;164.52000000;61;EXCHANGE_LAST;;1;1;XEUR;10920731;410158;
20.11.2024;14:55:28.259;FEDV SI 20241220 CS;SIMPLE_INSTRUMENT;BLOCK;EUR;46;1615.00000000;566;EXCHANGE_LAST;;1;1;XEUR;10838883;596;
20.11.2024;16:19:05.136;FES1 SI 20241220 PS;SIMPLE_INSTRUMENT;BLOCK;EUR;57;11.80000000;350;EXCHANGE_LAST;;1;1;XEUR;10869579;58959;
20.11.2024;11:19:00.220;FESB SI 20241220 CS;SIMPLE_INSTRUMENT;BLOCK;EUR;31;144.70000000;5000;EXCHANGE_LAST;;1;1;XEUR;10838895;605;
20.11.2024;11:19:09.930;FESB SI 20241220 CS;SIMPLE_INSTRUMENT;BLOCK;EUR;32;144.70000000;5000;EXCHANGE_LAST;;1;1;XEUR;10838895;605;
20.11.2024;11:24:58.411;FESB SI 20241220 CS;SIMPLE_INSTRUMENT;BLOCK;EUR;33;144.80000000;20000;EXCHANGE_LAST;;1;1;XEUR;10838895;605;
20.11.2024;11:27:37.171;FESB SI 20241220 CS;SIMPLE_INSTRUMENT;BLOCK;EUR;34;144.80000000;10000;EXCHANGE_LAST;;1;1;XEUR;10838895;605;
20.11.2024;11:37:28.791;FESB SI 20241220 CS;SIMPLE_INSTRUMENT;BLOCK;EUR;35;144.80000000;7500;EXCHANGE_LAST;;1;1;XEUR;10838895;605;
20.11.2024;11:46:27.495;FESB SI 20241220 CS;SIMPLE_INSTRUMENT;BLOCK;EUR;36;144.80000000;5000;EXCHANGE_LAST;;1;1;XEUR;10838895;605;
20.11.2024;11:47:53.436;FESB SI 20241220 CS;SIMPLE_INSTRUMENT;BLOCK;EUR;37;144.80000000;5000;EXCHANGE_LAST;;1;1;XEUR;10838895;605;
20.11.2024;16:58:56.498;FESB SI 20241220 CS;SIMPLE_INSTRUMENT;EFP_IDX;EUR;56;143.10000000;660;EXCHANGE_LAST;;1;1;XEUR;10838895;605;
20.11.2024;16:58:29.859;FESB SI 20241220 CS;SIMPLE_INSTRUMENT;EFP_IDX;EUR;57;143.15000000;1540;EXCHANGE_LAST;;1;1;XEUR;10838895;605;
20.11.2024;16:50:59.715;FESB SI 20241220 CS;SIMPLE_INSTRUMENT;EFP_IDX;EUR;60;143.10000000;602;EXCHANGE_LAST;;1;1;XEUR;10838895;605;
20.11.2024;16:50:13.216;FESB SI 20241220 CS;SIMPLE_INSTRUMENT;EFP_IDX;EUR;61;143.20000000;258;EXCHANGE_LAST;;1;1;XEUR;10838895;605;
20.11.2024;16:50:49.445;FESB SI 20241220 CS;SIMPLE_INSTRUMENT;EFP_IDX;EUR;62;143.15000000;900;EXCHANGE_LAST;;1;1;XEUR;10838895;605;
20.11.2024;16:51:02.702;FESB SI 20241220 CS;SIMPLE_INSTRUMENT;EFP_IDX;EUR;63;143.20000000;100;EXCHANGE_LAST;;1;1;XEUR;10838895;605;
20.11.2024;11:37:53.246;FESB SI 20241220 CS;SIMPLE_INSTRUMENT;VOLA;EUR;603979786;144.30000000;400;EXCHANGE_LAST;;1;1;XEUR;10838895;605;
20.11.2024;12:35:53.379;FESB SI 20241220 CS;SIMPLE_INSTRUMENT;VOLA;EUR;603979798;144.00000000;300;EXCHANGE_LAST;;1;1;XEUR;10838895;605;
20.11.2024;16:16:52.021;FESB SI 20241220 CS;SIMPLE_INSTRUMENT;VOLA;EUR;603979822;142.70000000;651;EXCHANGE_LAST;;1;1;XEUR;10838895;605;
20.11.2024;16:18:35.368;FESB SI 20241220 CS;SIMPLE_INSTRUMENT;VOLA;EUR;603979823;142.85000000;459;EXCHANGE_LAST;;1;1;XEUR;10838895;605;
20.11.2024;09:44:38.186;FESX SI 20241220 CS;SIMPLE_INSTRUMENT;EFP_IDX;EUR;1;4792.00000000;1000;EXCHANGE_LAST;;1;1;XEUR;7793479;675;
20.11.2024;14:53:52.640;FESX SI 20241220 CS;SIMPLE_INSTRUMENT;BLOCK;EUR;2;4755.00000000;2000;EXCHANGE_LAST;;1;1;XEUR;7793479;675;
20.11.2024;14:56:53.167;FESX SI 20241220 CS;SIMPLE_INSTRUMENT;BLOCK;EUR;3;4755.00000000;2000;EXCHANGE_LAST;;1;1;XEUR;7793479;675;
20.11.2024;14:58:41.435;FESX SI 20241220 CS;SIMPLE_INSTRUMENT;BLOCK;EUR;4;4755.00000000;2000;EXCHANGE_LAST;;1;1;XEUR;7793479;675;
20.11.2024;15:15:41.516;FESX SI 20241220 CS;SIMPLE_INSTRUMENT;BLOCK;EUR;5;4745.00000000;3000;EXCHANGE_LAST;;1;1;XEUR;7793479;675;
20.11.2024;15:41:45.911;FESX SI 20241220 CS;SIMPLE_INSTRUMENT;EFP_IDX;EUR;7;4741.00000000;1000;EXCHANGE_LAST;;1;1;XEUR;7793479;675;
20.11.2024;16:05:23.302;FESX SI 20241220 CS;SIMPLE_INSTRUMENT;EFP_IDX;EUR;8;4741.00000000;1000;EXCHANGE_LAST;;1;1;XEUR;7793479;675;
20.11.2024;16:03:35.542;FESX SI 20241220 CS;SIMPLE_INSTRUMENT;BLOCK;EUR;9;4755.00000000;3000;EXCHANGE_LAST;;1;1;XEUR;7793479;675;
20.11.2024;16:27:20.373;FESX SI 20241220 CS;SIMPLE_INSTRUMENT;EFP_IDX;EUR;10;4740.00000000;1000;EXCHANGE_LAST;;1;1;XEUR;7793479;675;
20.11.2024;16:27:30.945;FESX SI 20241220 CS;SIMPLE_INSTRUMENT;EFP_IDX;EUR;11;4740.00000000;1000;EXCHANGE_LAST;;1;1;XEUR;7793479;675;
20.11.2024;16:42:45.436;FESX SI 20241220 CS;SIMPLE_INSTRUMENT;BLOCK;EUR;12;4741.00000000;2000;EXCHANGE_LAST;;1;1;XEUR;7793479;675;
20.11.2024;16:52:20.877;FESX SI 20241220 CS;SIMPLE_INSTRUMENT;EFP_IDX;EUR;13;4742.00000000;480;EXCHANGE_LAST;;1;1;XEUR;7793479;675;
20.11.2024;16:52:37.107;FESX SI 20241220 CS;SIMPLE_INSTRUMENT;EFP_IDX;EUR;14;4741.00000000;20;EXCHANGE_LAST;;1;1;XEUR;7793479;675;
20.11.2024;16:52:44.994;FESX SI 20241220 CS;SIMPLE_INSTRUMENT;EFP_IDX;EUR;15;4741.00000000;10;EXCHANGE_LAST;;1;1;XEUR;7793479;675;
20.11.2024;16:50:34.255;FESX SI 20241220 CS;SIMPLE_INSTRUMENT;EFP_IDX;EUR;16;4742.00000000;238;EXCHANGE_LAST;;1;1;XEUR;7793479;675;
20.11.2024;16:51:40.678;FESX SI 20241220 CS;SIMPLE_INSTRUMENT;EFP_IDX;EUR;17;4741.00000000;124;EXCHANGE_LAST;;1;1;XEUR;7793479;675;
20.11.2024;16:52:50.622;FESX SI 20241220 CS;SIMPLE_INSTRUMENT;EFP_IDX;EUR;18;4742.00000000;240;EXCHANGE_LAST;;1;1;XEUR;7793479;675;
20.11.2024;16:51:47.598;FESX SI 20241220 CS;SIMPLE_INSTRUMENT;EFP_IDX;EUR;19;4742.00000000;176;EXCHANGE_LAST;;1;1;XEUR;7793479;675;
20.11.2024;16:50:58.181;FESX SI 20241220 CS;SIMPLE_INSTRUMENT;EFP_IDX;EUR;20;4741.00000000;47;EXCHANGE_LAST;;1;1;XEUR;7793479;675;
20.11.2024;16:53:11.209;FESX SI 20241220 CS;SIMPLE_INSTRUMENT;EFP_IDX;EUR;21;4742.00000000;126;EXCHANGE_LAST;;1;1;XEUR;7793479;675;
20.11.2024;16:53:22.810;FESX SI 20241220 CS;SIMPLE_INSTRUMENT;EFP_IDX;EUR;22;4741.00000000;474;EXCHANGE_LAST;;1;1;XEUR;7793479;675;
20.11.2024;16:53:39.279;FESX SI 20241220 CS;SIMPLE_INSTRUMENT;EFP_IDX;EUR;23;4742.00000000;184;EXCHANGE_LAST;;1;1;XEUR;7793479;675;
20.11.2024;16:53:46.734;FESX SI 20241220 CS;SIMPLE_INSTRUMENT;EFP_IDX;EUR;24;4741.00000000;216;EXCHANGE_LAST;;1;1;XEUR;7793479;675;
20.11.2024;09:24:54.558;FESX SI 20241220 CS;SIMPLE_INSTRUMENT;VOLA;EUR;637534240;4785.00000000;160;EXCHANGE_LAST;;1;1;XEUR;7793479;675;
20.11.2024;09:46:21.753;FESX SI 20241220 CS;SIMPLE_INSTRUMENT;VOLA;EUR;637534245;4792.00000000;313;EXCHANGE_LAST;;1;1;XEUR;7793479;675;
20.11.2024;09:56:43.888;FESX SI 20241220 CS;SIMPLE_INSTRUMENT;VOLA;EUR;637534254;4792.00000000;300;EXCHANGE_LAST;;1;1;XEUR;7793479;675;
20.11.2024;09:57:18.968;FESX SI 20241220 CS;SIMPLE_INSTRUMENT;VOLA;EUR;637534255;4792.00000000;413;EXCHANGE_LAST;;1;1;XEUR;7793479;675;
20.11.2024;09:59:03.143;FESX SI 20241220 CS;SIMPLE_INSTRUMENT;VOLA;EUR;637534256;4787.00000000;250;EXCHANGE_LAST;;1;1;XEUR;7793479;675;
20.11.2024;10:00:05.081;FESX SI 20241220 CS;SIMPLE_INSTRUMENT;VOLA;EUR;637534257;4787.00000000;215;EXCHANGE_LAST;;1;1;XEUR;7793479;675;
20.11.2024;10:01:37.898;FESX SI 20241220 CS;SIMPLE_INSTRUMENT;VOLA;EUR;637534259;4790.00000000;210;EXCHANGE_LAST;;1;1;XEUR;7793479;675;
20.11.2024;10:30:06.508;FESX SI 20241220 CS;SIMPLE_INSTRUMENT;VOLA;EUR;637534270;4790.00000000;170;EXCHANGE_LAST;;1;1;XEUR;7793479;675;
20.11.2024;12:59:47.876;FESX SI 20241220 CS;SIMPLE_INSTRUMENT;VOLA;EUR;637534300;4780.00000000;140;EXCHANGE_LAST;;1;1;XEUR;7793479;675;
20.11.2024;12:54:19.094;FESX SI 20241220 CS;SIMPLE_INSTRUMENT;VOLA;EUR;637534302;4778.00000000;10;EXCHANGE_LAST;;1;1;XEUR;7793479;675;
20.11.2024;13:28:37.869;FESX SI 20241220 CS;SIMPLE_INSTRUMENT;VOLA;EUR;637534307;4785.00000000;470;EXCHANGE_LAST;;1;1;XEUR;7793479;675;
20.11.2024;15:04:46.733;FESX SI 20241220 CS;SIMPLE_INSTRUMENT;VOLA;EUR;637534325;4751.00000000;330;EXCHANGE_LAST;;1;1;XEUR;7793479;675;
20.11.2024;16:19:05.138;FESX SI 20241220 CS;SIMPLE_INSTRUMENT;VOLA;EUR;637534363;4750.00000000;650;EXCHANGE_LAST;;1;1;XEUR;7793479;675;
20.11.2024;10:50:41.257;FEU3 SI 20241216 CS;SIMPLE_INSTRUMENT;EFS;EUR;13;97.17000000;3000;EXCHANGE_LAST;;1;1;XEUR;3672245;702;
20.11.2024;11:40:33.975;FEU3 SI 20250616 CS;SIMPLE_INSTRUMENT;EFS;EUR;20;97.95500000;5000;EXCHANGE_LAST;;1;1;XEUR;4148223;702;
20.11.2024;12:22:12.490;FEU3 SI 20250317 CS;SIMPLE_INSTRUMENT;BLOCK;EUR;23;97.70000000;1100;EXCHANGE_LAST;;1;1;XEUR;3931818;702;
20.11.2024;10:05:00.994;FEXD.S.DEC25.DEC26.SPD;FUTURES_SPREAD;BLOCK;EUR;14;6.20000000;1250;EXCHANGE_LAST;;2;2;XEUR;72060570450264144;693;
20.11.2024;10:05:00.994;FEXD SI 20261218 CS;SIMPLE_INSTRUMENT;BLOCK;EUR;14;152.90000000;1250;PRC_DECOMP_MEMBER;;;;XEUR;2163053;693;MEMBER
20.11.2024;10:05:00.994;FEXD SI 20251219 CS;SIMPLE_INSTRUMENT;BLOCK;EUR;14;159.10000000;1250;PRC_DECOMP_MEMBER;;;;XEUR;1548120;693;MEMBER
20.11.2024;11:09:26.559;FEXD SI 20251219 CS;SIMPLE_INSTRUMENT;BLOCK;EUR;17;159.10000000;1053;EXCHANGE_LAST;;1;1;XEUR;1548120;693;
20.11.2024;11:56:16.470;FEXD.S.DEC25.DEC26.SPD;FUTURES_SPREAD;BLOCK;EUR;19;6.40000000;288;EXCHANGE_LAST;;1;1;XEUR;72060570450264144;693;
20.11.2024;11:56:16.470;FEXD SI 20251219 CS;SIMPLE_INSTRUMENT;BLOCK;EUR;19;159.10000000;288;PRC_DECOMP_MEMBER;;;;XEUR;1548120;693;MEMBER
20.11.2024;11:56:16.470;FEXD SI 20261218 CS;SIMPLE_INSTRUMENT;BLOCK;EUR;19;152.70000000;288;PRC_DECOMP_MEMBER;;;;XEUR;2163053;693;MEMBER
20.11.2024;11:57:42.146;FEXD.S.DEC26.DEC29.SPD;FUTURES_SPREAD;BLOCK;EUR;20;17.00000000;225;EXCHANGE_LAST;;1;1;XEUR;72060570450264169;693;
20.11.2024;11:57:42.146;FEXD SI 20291221 CS;SIMPLE_INSTRUMENT;BLOCK;EUR;20;135.50000000;225;PRC_DECOMP_EXCHANGE;;;;XEUR;4631968;693;EXCHANGE
20.11.2024;11:57:42.146;FEXD SI 20261218 CS;SIMPLE_INSTRUMENT;BLOCK;EUR;20;152.50000000;225;PRC_DECOMP_EXCHANGE;;;;XEUR;2163053;693;EXCHANGE
20.11.2024;13:43:59.257;FEXD SI 20251219 CS;SIMPLE_INSTRUMENT;BLOCK;EUR;27;159.40000000;1000;EXCHANGE_LAST;;1;1;XEUR;1548120;693;
20.11.2024;13:44:54.561;FEXD SI 20251219 CS;SIMPLE_INSTRUMENT;BLOCK;EUR;28;159.50000000;300;EXCHANGE_LAST;;1;1;XEUR;1548120;693;
20.11.2024;13:45:27.718;FEXD SI 20251219 CS;SIMPLE_INSTRUMENT;BLOCK;EUR;29;159.30000000;1500;EXCHANGE_LAST;;1;1;XEUR;1548120;693;
20.11.2024;13:58:39.055;FEXD SI 20261218 CS;SIMPLE_INSTRUMENT;BLOCK;EUR;30;153.20000000;2062;EXCHANGE_LAST;;1;1;XEUR;2163053;693;
20.11.2024;13:50:35.611;FEXD SI 20251219 CS;SIMPLE_INSTRUMENT;BLOCK;EUR;31;159.30000000;420;EXCHANGE_LAST;;1;1;XEUR;1548120;693;
20.11.2024;13:58:38.619;FEXD SI 20251219 CS;SIMPLE_INSTRUMENT;BLOCK;EUR;32;159.10000000;215;EXCHANGE_LAST;;1;1;XEUR;1548120;693;
20.11.2024;14:03:37.043;FEXD SI 20251219 CS;SIMPLE_INSTRUMENT;BLOCK;EUR;33;159.40000000;250;EXCHANGE_LAST;;1;1;XEUR;1548120;693;
20.11.2024;14:05:54.905;FEXD SI 20251219 CS;SIMPLE_INSTRUMENT;BLOCK;EUR;34;159.10000000;550;EXCHANGE_LAST;;2;1;XEUR;1548120;693;
20.11.2024;14:28:17.950;FEXD SI 20251219 CS;SIMPLE_INSTRUMENT;BLOCK;EUR;35;159.20000000;669;EXCHANGE_LAST;;1;1;XEUR;1548120;693;
20.11.2024;14:28:18.964;FEXD SI 20251219 CS;SIMPLE_INSTRUMENT;BLOCK;EUR;36;159.10000000;669;EXCHANGE_LAST;;1;1;XEUR;1548120;693;
20.11.2024;15:02:17.363;FEXD SI 20261218 CS;SIMPLE_INSTRUMENT;BLOCK;EUR;48;152.00000000;400;EXCHANGE_LAST;;1;1;XEUR;2163053;693;
20.11.2024;07:41:03.773;FGBL SI 20241206 PS;SIMPLE_INSTRUMENT;EFS;EUR;1;131.96000000;928;EXCHANGE_LAST;;1;1;XEUR;10804524;688;
20.11.2024;07:53:08.599;FGBL SI 20241206 PS;SIMPLE_INSTRUMENT;EFS;EUR;3;131.95000000;197;EXCHANGE_LAST;;1;1;XEUR;10804524;688;
20.11.2024;07:49:08.144;FGBL SI 20241206 PS;SIMPLE_INSTRUMENT;EFS;EUR;4;131.96000000;464;EXCHANGE_LAST;;1;1;XEUR;10804524;688;
20.11.2024;07:55:12.179;FGBL SI 20241206 PS;SIMPLE_INSTRUMENT;EFS;EUR;5;131.97000000;435;EXCHANGE_LAST;;1;1;XEUR;10804524;688;
20.11.2024;07:56:00.465;FGBL SI 20241206 PS;SIMPLE_INSTRUMENT;EFS;EUR;6;131.96000000;435;EXCHANGE_LAST;;1;1;XEUR;10804524;688;
20.11.2024;07:56:48.388;FGBL SI 20241206 PS;SIMPLE_INSTRUMENT;EFS;EUR;7;131.97000000;300;EXCHANGE_LAST;;1;1;XEUR;10804524;688;
20.11.2024;08:11:13.412;FGBL SI 20241206 PS;SIMPLE_INSTRUMENT;EFS;EUR;8;131.92000000;465;EXCHANGE_LAST;;1;1;XEUR;10804524;688;
20.11.2024;08:12:39.959;FGBL SI 20241206 PS;SIMPLE_INSTRUMENT;EFS;EUR;9;131.92000000;1856;EXCHANGE_LAST;;1;1;XEUR;10804524;688;
20.11.2024;08:16:53.089;FGBL SI 20241206 PS;SIMPLE_INSTRUMENT;EFS;EUR;10;131.96000000;49;EXCHANGE_LAST;;1;1;XEUR;10804524;688;
20.11.2024;08:17:50.099;FGBL SI 20241206 PS;SIMPLE_INSTRUMENT;EFS;EUR;11;131.90000000;232;EXCHANGE_LAST;;1;1;XEUR;10804524;688;
20.11.2024;08:20:21.945;FGBL SI 20241206 PS;SIMPLE_INSTRUMENT;EFS;EUR;12;131.96000000;982;EXCHANGE_LAST;;1;1;XEUR;10804524;688;
20.11.2024;08:37:19.086;FGBL SI 20241206 PS;SIMPLE_INSTRUMENT;EFS;EUR;13;131.97000000;246;EXCHANGE_LAST;;1;1;XEUR;10804524;688;
20.11.2024;08:37:42.847;FGBL SI 20241206 PS;SIMPLE_INSTRUMENT;EFS;EUR;14;132.05000000;246;EXCHANGE_LAST;;1;1;XEUR;10804524;688;
20.11.2024;08:44:54.978;FGBL SI 20241206 PS;SIMPLE_INSTRUMENT;EFS;EUR;15;132.11000000;472;EXCHANGE_LAST;;1;1;XEUR;10804524;688;
20.11.2024;08:45:16.506;FGBL SI 20241206 PS;SIMPLE_INSTRUMENT;EFS;EUR;16;132.08000000;217;EXCHANGE_LAST;;1;1;XEUR;10804524;688;
20.11.2024;09:06:21.727;FGBL SI 20241206 PS;SIMPLE_INSTRUMENT;EFS;EUR;17;132.11000000;232;EXCHANGE_LAST;;1;1;XEUR;10804524;688;
20.11.2024;09:13:00.962;FGBL SI 20241206 PS;SIMPLE_INSTRUMENT;EFS;EUR;18;132.10000000;93;EXCHANGE_LAST;;1;1;XEUR;10804524;688;
20.11.2024;09:20:39.968;FGBL SI 20241206 PS;SIMPLE_INSTRUMENT;EFS;EUR;19;132.05000000;217;EXCHANGE_LAST;;1;1;XEUR;10804524;688;
20.11.2024;09:24:44.693;FGBL SI 20241206 PS;SIMPLE_INSTRUMENT;EFP_FIN;EUR;20;132.07000000;201;EXCHANGE_LAST;;1;1;XEUR;10804524;688;
20.11.2024;09:23:03.633;FGBL SI 20241206 PS;SIMPLE_INSTRUMENT;EFP_FIN;EUR;21;132.01000000;95;EXCHANGE_LAST;;1;1;XEUR;10804524;688;
20.11.2024;09:34:26.302;FGBL SI 20241206 PS;SIMPLE_INSTRUMENT;EFP_FIN;EUR;22;132.07000000;388;EXCHANGE_LAST;;1;1;XEUR;10804524;688;
20.11.2024;09:37:23.342;FGBL SI 20241206 PS;SIMPLE_INSTRUMENT;EFP_FIN;EUR;23;131.99000000;408;EXCHANGE_LAST;;1;1;XEUR;10804524;688;
20.11.2024;09:42:07.400;FGBL SI 20241206 PS;SIMPLE_INSTRUMENT;EFS;EUR;24;132.02000000;600;EXCHANGE_LAST;;1;1;XEUR;10804524;688;
20.11.2024;09:55:01.789;FGBL SI 20241206 PS;SIMPLE_INSTRUMENT;EFS;EUR;25;132.03000000;491;EXCHANGE_LAST;;1;1;XEUR;10804524;688;
20.11.2024;10:00:07.958;FGBL SI 20241206 PS;SIMPLE_INSTRUMENT;EFS;EUR;26;132.11000000;600;EXCHANGE_LAST;;1;1;XEUR;10804524;688;
20.11.2024;10:01:18.025;FGBL SI 20241206 PS;SIMPLE_INSTRUMENT;EFS;EUR;27;132.11000000;435;EXCHANGE_LAST;;1;1;XEUR;10804524;688;
20.11.2024;10:02:33.105;FGBL SI 20241206 PS;SIMPLE_INSTRUMENT;EFS;EUR;28;132.11000000;217;EXCHANGE_LAST;;1;1;XEUR;10804524;688;
20.11.2024;10:07:03.857;FGBL SI 20241206 PS;SIMPLE_INSTRUMENT;EFS;EUR;29;132.03000000;325;EXCHANGE_LAST;;1;1;XEUR;10804524;688;
20.11.2024;10:12:03.600;FGBL SI 20241206 PS;SIMPLE_INSTRUMENT;EFS;EUR;30;132.08000000;435;EXCHANGE_LAST;;1;1;XEUR;10804524;688;
20.11.2024;10:13:08.646;FGBL SI 20241206 PS;SIMPLE_INSTRUMENT;EFS;EUR;31;132.09000000;435;EXCHANGE_LAST;;1;1;XEUR;10804524;688;
20.11.2024;10:14:38.710;FGBL SI 20241206 PS;SIMPLE_INSTRUMENT;EFS;EUR;32;132.10000000;217;EXCHANGE_LAST;;1;1;XEUR;10804524;688;
20.11.2024;10:21:41.294;FGBL SI 20241206 PS;SIMPLE_INSTRUMENT;EFS;EUR;33;132.08000000;217;EXCHANGE_LAST;;1;1;XEUR;10804524;688;
20.11.2024;10:25:35.660;FGBL SI 20241206 PS;SIMPLE_INSTRUMENT;EFS;EUR;34;132.11000000;217;EXCHANGE_LAST;;1;1;XEUR;10804524;688;
20.11.2024;10:32:16.353;FGBL SI 20241206 PS;SIMPLE_INSTRUMENT;EFS;EUR;35;132.10000000;325;EXCHANGE_LAST;;1;1;XEUR;10804524;688;
20.11.2024;10:35:22.566;FGBL SI 20241206 PS;SIMPLE_INSTRUMENT;EFP_FIN;EUR;36;132.10000000;165;EXCHANGE_LAST;;1;1;XEUR;10804524;688;
20.11.2024;10:55:57.346;FGBL SI 20241206 PS;SIMPLE_INSTRUMENT;EFS;EUR;37;131.99000000;255;EXCHANGE_LAST;;1;1;XEUR;10804524;688;
20.11.2024;10:57:24.474;FGBL SI 20241206 PS;SIMPLE_INSTRUMENT;EFP_FIN;EUR;38;132.10000000;680;EXCHANGE_LAST;;1;1;XEUR;10804524;688;
20.11.2024;10:57:31.082;FGBL SI 20241206 PS;SIMPLE_INSTRUMENT;EFP_FIN;EUR;39;132.10000000;213;EXCHANGE_LAST;;1;1;XEUR;10804524;688;
20.11.2024;10:58:48.967;FGBL SI 20241206 PS;SIMPLE_INSTRUMENT;EFP_FIN;EUR;40;132.06000000;209;EXCHANGE_LAST;;1;1;XEUR;10804524;688;
20.11.2024;10:59:13.981;FGBL SI 20241206 PS;SIMPLE_INSTRUMENT;EFP_FIN;EUR;41;132.06000000;5176;EXCHANGE_LAST;;1;1;XEUR;10804524;688;
20.11.2024;11:00:36.911;FGBL SI 20241206 PS;SIMPLE_INSTRUMENT;EFS;EUR;42;131.98000000;1500;EXCHANGE_LAST;;1;1;XEUR;10804524;688;
20.11.2024;11:01:40.267;FGBL SI 20241206 PS;SIMPLE_INSTRUMENT;EFS;EUR;43;131.96000000;435;EXCHANGE_LAST;;1;1;XEUR;10804524;688;
20.11.2024;11:02:33.413;FGBL SI 20241206 PS;SIMPLE_INSTRUMENT;EFS;EUR;44;131.96000000;435;EXCHANGE_LAST;;1;1;XEUR;10804524;688;
20.11.2024;11:06:43.788;FGBL SI 20241206 PS;SIMPLE_INSTRUMENT;EFS;EUR;45;131.95000000;435;EXCHANGE_LAST;;1;1;XEUR;10804524;688;
20.11.2024;11:07:19.864;FGBL SI 20241206 PS;SIMPLE_INSTRUMENT;EFP_FIN;EUR;46;131.96000000;775;EXCHANGE_LAST;;1;1;XEUR;10804524;688;
20.11.2024;11:08:25.717;FGBL SI 20241206 PS;SIMPLE_INSTRUMENT;EFP_FIN;EUR;47;132.00000000;599;EXCHANGE_LAST;;1;1;XEUR;10804524;688;
20.11.2024;11:08:38.870;FGBL SI 20241206 PS;SIMPLE_INSTRUMENT;EFS;EUR;48;131.98000000;435;EXCHANGE_LAST;;1;1;XEUR;10804524;688;
20.11.2024;11:09:41.940;FGBL SI 20241206 PS;SIMPLE_INSTRUMENT;EFS;EUR;49;131.95000000;466;EXCHANGE_LAST;;1;1;XEUR;10804524;688;
20.11.2024;11:14:23.806;FGBL SI 20241206 PS;SIMPLE_INSTRUMENT;EFS;EUR;50;131.98000000;100;EXCHANGE_LAST;;1;1;XEUR;10804524;688;
20.11.2024;11:15:01.042;FGBL SI 20241206 PS;SIMPLE_INSTRUMENT;EFP_FIN;EUR;51;132.00000000;778;EXCHANGE_LAST;;1;1;XEUR;10804524;688;
20.11.2024;11:23:56.967;FGBL SI 20241206 PS;SIMPLE_INSTRUMENT;EFS;EUR;52;131.93000000;150;EXCHANGE_LAST;;1;1;XEUR;10804524;688;
20.11.2024;11:24:51.178;FGBL SI 20241206 PS;SIMPLE_INSTRUMENT;EFS;EUR;53;131.96000000;217;EXCHANGE_LAST;;1;1;XEUR;10804524;688;
20.11.2024;11:25:33.643;FGBL SI 20241206 PS;SIMPLE_INSTRUMENT;EFS;EUR;54;131.95000000;435;EXCHANGE_LAST;;1;1;XEUR;10804524;688;
20.11.2024;11:25:39.576;FGBL SI 20241206 PS;SIMPLE_INSTRUMENT;EFS;EUR;55;131.96000000;217;EXCHANGE_LAST;;1;1;XEUR;10804524;688;
20.11.2024;11:27:02.691;FGBL SI 20241206 PS;SIMPLE_INSTRUMENT;EFS;EUR;56;131.96000000;435;EXCHANGE_LAST;;1;1;XEUR;10804524;688;
20.11.2024;11:33:27.434;FGBL SI 20241206 PS;SIMPLE_INSTRUMENT;EFP_FIN;EUR;57;131.96000000;101;EXCHANGE_LAST;;1;1;XEUR;10804524;688;
20.11.2024;11:38:58.423;FGBL SI 20241206 PS;SIMPLE_INSTRUMENT;EFP_FIN;EUR;58;131.90000000;1550;EXCHANGE_LAST;;1;1;XEUR;10804524;688;
20.11.2024;11:52:32.601;FGBL SI 20241206 PS;SIMPLE_INSTRUMENT;EFS;EUR;59;131.85000000;218;EXCHANGE_LAST;;1;1;XEUR;10804524;688;
20.11.2024;11:52:46.610;FGBL SI 20241206 PS;SIMPLE_INSTRUMENT;EFS;EUR;60;131.84000000;218;EXCHANGE_LAST;;1;1;XEUR;10804524;688;
20.11.2024;11:55:03.349;FGBL SI 20241206 PS;SIMPLE_INSTRUMENT;EFP_FIN;EUR;61;131.94000000;169;EXCHANGE_LAST;;1;1;XEUR;10804524;688;
20.11.2024;11:57:40.399;FGBL SI 20241206 PS;SIMPLE_INSTRUMENT;EFS;EUR;62;131.84000000;348;EXCHANGE_LAST;;1;1;XEUR;10804524;688;
20.11.2024;11:59:46.847;FGBL SI 20241206 PS;SIMPLE_INSTRUMENT;EFS;EUR;63;131.85000000;466;EXCHANGE_LAST;;1;1;XEUR;10804524;688;
20.11.2024;12:00:14.538;FGBL SI 20241206 PS;SIMPLE_INSTRUMENT;EFS;EUR;64;131.82000000;435;EXCHANGE_LAST;;1;1;XEUR;10804524;688;
20.11.2024;12:00:35.805;FGBL SI 20241206 PS;SIMPLE_INSTRUMENT;EFP_FIN;EUR;65;131.94000000;210;EXCHANGE_LAST;;1;1;XEUR;10804524;688;
20.11.2024;12:02:13.430;FGBL SI 20241206 PS;SIMPLE_INSTRUMENT;EFP_FIN;EUR;66;131.94000000;211;EXCHANGE_LAST;;1;1;XEUR;10804524;688;
20.11.2024;12:03:58.052;FGBL SI 20241206 PS;SIMPLE_INSTRUMENT;EFS;EUR;67;131.79000000;436;EXCHANGE_LAST;;1;1;XEUR;10804524;688;
20.11.2024;12:08:58.010;FGBL SI 20241206 PS;SIMPLE_INSTRUMENT;EFP_FIN;EUR;68;131.83000000;94;EXCHANGE_LAST;;1;1;XEUR;10804524;688;
20.11.2024;12:19:34.703;FGBL SI 20241206 PS;SIMPLE_INSTRUMENT;EFS;EUR;69;131.83000000;435;EXCHANGE_LAST;;1;1;XEUR;10804524;688;
20.11.2024;12:43:32.717;FGBL SI 20241206 PS;SIMPLE_INSTRUMENT;EFS;EUR;70;131.81000000;218;EXCHANGE_LAST;;1;1;XEUR;10804524;688;
20.11.2024;12:43:32.762;FGBL SI 20241206 PS;SIMPLE_INSTRUMENT;EFS;EUR;71;131.82000000;218;EXCHANGE_LAST;;1;1;XEUR;10804524;688;
20.11.2024;12:48:27.946;FGBL SI 20241206 PS;SIMPLE_INSTRUMENT;EFS;EUR;72;131.80000000;436;EXCHANGE_LAST;;1;1;XEUR;10804524;688;
20.11.2024;12:48:32.959;FGBL SI 20241206 PS;SIMPLE_INSTRUMENT;EFS;EUR;73;131.80000000;436;EXCHANGE_LAST;;1;1;XEUR;10804524;688;
20.11.2024;12:50:56.325;FGBL SI 20241206 PS;SIMPLE_INSTRUMENT;EFS;EUR;74;131.82000000;233;EXCHANGE_LAST;;1;1;XEUR;10804524;688;
20.11.2024;12:56:57.142;FGBL SI 20241206 PS;SIMPLE_INSTRUMENT;EFS;EUR;75;131.83000000;1500;EXCHANGE_LAST;;1;1;XEUR;10804524;688;
20.11.2024;13:00:46.058;FGBL SI 20241206 PS;SIMPLE_INSTRUMENT;EFS;EUR;76;131.84000000;1500;EXCHANGE_LAST;;1;1;XEUR;10804524;688;
20.11.2024;13:19:50.230;FGBL SI 20241206 PS;SIMPLE_INSTRUMENT;EFS;EUR;77;131.87000000;435;EXCHANGE_LAST;;1;1;XEUR;10804524;688;
20.11.2024;13:25:36.462;FGBL SI 20241206 PS;SIMPLE_INSTRUMENT;EFS;EUR;78;131.84000000;435;EXCHANGE_LAST;;1;1;XEUR;10804524;688;
20.11.2024;13:27:31.543;FGBL SI 20241206 PS;SIMPLE_INSTRUMENT;EFS;EUR;79;131.83000000;653;EXCHANGE_LAST;;1;1;XEUR;10804524;688;
20.11.2024;13:27:53.855;FGBL SI 20241206 PS;SIMPLE_INSTRUMENT;EFS;EUR;80;131.88000000;305;EXCHANGE_LAST;;1;1;XEUR;10804524;688;
20.11.2024;13:31:47.678;FGBL SI 20241206 PS;SIMPLE_INSTRUMENT;EFS;EUR;81;131.83000000;246;EXCHANGE_LAST;;1;1;XEUR;10804524;688;
20.11.2024;13:42:44.632;FGBL SI 20241206 PS;SIMPLE_INSTRUMENT;EFS;EUR;82;131.84000000;218;EXCHANGE_LAST;;1;1;XEUR;10804524;688;
20.11.2024;13:44:41.400;FGBL SI 20241206 PS;SIMPLE_INSTRUMENT;EFP_FIN;EUR;83;131.83000000;490;EXCHANGE_LAST;;1;1;XEUR;10804524;688;
20.11.2024;13:45:14.581;FGBL SI 20241206 PS;SIMPLE_INSTRUMENT;EFS;EUR;84;131.84000000;218;EXCHANGE_LAST;;1;1;XEUR;10804524;688;
20.11.2024;13:47:42.101;FGBL SI 20241206 PS;SIMPLE_INSTRUMENT;EFS;EUR;85;131.82000000;435;EXCHANGE_LAST;;1;1;XEUR;10804524;688;
20.11.2024;13:52:34.512;FGBL SI 20241206 PS;SIMPLE_INSTRUMENT;EFS;EUR;86;131.82000000;653;EXCHANGE_LAST;;1;1;XEUR;10804524;688;
20.11.2024;13:52:06.945;FGBL SI 20241206 PS;SIMPLE_INSTRUMENT;EFP_FIN;EUR;87;131.84000000;126;EXCHANGE_LAST;;1;1;XEUR;10804524;688;
20.11.2024;13:56:49.673;FGBL SI 20241206 PS;SIMPLE_INSTRUMENT;EFS;EUR;88;131.77000000;436;EXCHANGE_LAST;;1;1;XEUR;10804524;688;
20.11.2024;14:06:50.071;FGBL SI 20241206 PS;SIMPLE_INSTRUMENT;EFS;EUR;89;131.72000000;436;EXCHANGE_LAST;;1;1;XEUR;10804524;688;
20.11.2024;14:13:00.316;FGBL SI 20241206 PS;SIMPLE_INSTRUMENT;EFS;EUR;90;131.78000000;218;EXCHANGE_LAST;;1;1;XEUR;10804524;688;
20.11.2024;14:16:30.460;FGBL SI 20241206 PS;SIMPLE_INSTRUMENT;EFS;EUR;91;131.79000000;436;EXCHANGE_LAST;;1;1;XEUR;10804524;688;
20.11.2024;14:19:34.574;FGBL SI 20241206 PS;SIMPLE_INSTRUMENT;EFS;EUR;92;131.78000000;218;EXCHANGE_LAST;;1;1;XEUR;10804524;688;
20.11.2024;14:20:34.567;FGBL SI 20241206 PS;SIMPLE_INSTRUMENT;EFS;EUR;93;131.79000000;218;EXCHANGE_LAST;;1;1;XEUR;10804524;688;
20.11.2024;14:21:18.137;FGBL SI 20241206 PS;SIMPLE_INSTRUMENT;EFS;EUR;94;131.79000000;435;EXCHANGE_LAST;;1;1;XEUR;10804524;688;
20.11.2024;14:22:40.344;FGBL SI 20241206 PS;SIMPLE_INSTRUMENT;EFS;EUR;95;131.83000000;435;EXCHANGE_LAST;;1;1;XEUR;10804524;688;
20.11.2024;14:23:49.306;FGBL SI 20241206 PS;SIMPLE_INSTRUMENT;EFS;EUR;96;131.83000000;217;EXCHANGE_LAST;;1;1;XEUR;10804524;688;
20.11.2024;14:35:27.303;FGBL SI 20241206 PS;SIMPLE_INSTRUMENT;EFS;EUR;97;131.88000000;435;EXCHANGE_LAST;;1;1;XEUR;10804524;688;
20.11.2024;14:38:10.557;FGBL SI 20241206 PS;SIMPLE_INSTRUMENT;EFP_FIN;EUR;98;131.79000000;1230;EXCHANGE_LAST;;1;1;XEUR;10804524;688;
20.11.2024;14:38:30.765;FGBL SI 20241206 PS;SIMPLE_INSTRUMENT;EFP_FIN;EUR;99;131.79000000;451;EXCHANGE_LAST;;1;1;XEUR;10804524;688;
20.11.2024;14:39:44.140;FGBL SI 20241206 PS;SIMPLE_INSTRUMENT;EFS;EUR;100;131.95000000;233;EXCHANGE_LAST;;1;1;XEUR;10804524;688;
20.11.2024;14:47:37.823;FGBL SI 20241206 PS;SIMPLE_INSTRUMENT;EFS;EUR;101;131.87000000;786;EXCHANGE_LAST;;1;1;XEUR;10804524;688;
20.11.2024;14:50:23.341;FGBL SI 20241206 PS;SIMPLE_INSTRUMENT;EFP_FIN;EUR;102;132.07000000;200;EXCHANGE_LAST;;1;1;XEUR;10804524;688;
20.11.2024;14:51:19.550;FGBL SI 20241206 PS;SIMPLE_INSTRUMENT;EFS;EUR;103;132.00000000;491;EXCHANGE_LAST;;1;1;XEUR;10804524;688;
20.11.2024;14:53:42.351;FGBL SI 20241206 PS;SIMPLE_INSTRUMENT;EFS;EUR;104;131.92000000;466;EXCHANGE_LAST;;1;1;XEUR;10804524;688;
20.11.2024;14:54:10.063;FGBL SI 20241206 PS;SIMPLE_INSTRUMENT;EFS;EUR;105;131.93000000;435;EXCHANGE_LAST;;1;1;XEUR;10804524;688;
20.11.2024;15:02:02.114;FGBL SI 20241206 PS;SIMPLE_INSTRUMENT;EFS;EUR;106;132.02000000;434;EXCHANGE_LAST;;1;1;XEUR;10804524;688;
20.11.2024;15:06:46.041;FGBL SI 20241206 PS;SIMPLE_INSTRUMENT;EFS;EUR;107;131.85000000;233;EXCHANGE_LAST;;1;1;XEUR;10804524;688;
20.11.2024;15:10:23.424;FGBL SI 20241206 PS;SIMPLE_INSTRUMENT;EFP_FIN;EUR;108;132.02000000;147;EXCHANGE_LAST;;1;1;XEUR;10804524;688;
20.11.2024;15:21:01.385;FGBL SI 20241206 PS;SIMPLE_INSTRUMENT;EFS;EUR;109;132.17000000;465;EXCHANGE_LAST;;1;1;XEUR;10804524;688;
20.11.2024;15:30:24.701;FGBL SI 20241206 PS;SIMPLE_INSTRUMENT;EFS;EUR;110;132.10000000;125;EXCHANGE_LAST;;1;1;XEUR;10804524;688;
20.11.2024;15:35:03.235;FGBL SI 20241206 PS;SIMPLE_INSTRUMENT;EFS;EUR;111;132.13000000;125;EXCHANGE_LAST;;1;1;XEUR;10804524;688;
20.11.2024;15:46:02.131;FGBL SI 20241206 PS;SIMPLE_INSTRUMENT;EFS;EUR;112;132.16000000;217;EXCHANGE_LAST;;1;1;XEUR;10804524;688;
20.11.2024;15:46:49.062;FGBL SI 20241206 PS;SIMPLE_INSTRUMENT;EFP_FIN;EUR;113;132.15000000;132;EXCHANGE_LAST;;1;1;XEUR;10804524;688;
20.11.2024;15:49:01.157;FGBL SI 20241206 PS;SIMPLE_INSTRUMENT;EFS;EUR;114;132.17000000;490;EXCHANGE_LAST;;1;1;XEUR;10804524;688;
20.11.2024;15:56:23.106;FGBL SI 20241206 PS;SIMPLE_INSTRUMENT;EFP_FIN;EUR;115;132.12000000;1020;EXCHANGE_LAST;;1;1;XEUR;10804524;688;
20.11.2024;15:59:19.595;FGBL SI 20241206 PS;SIMPLE_INSTRUMENT;EFS;EUR;116;132.14000000;232;EXCHANGE_LAST;;1;1;XEUR;10804524;688;
20.11.2024;16:01:42.373;FGBL SI 20241206 PS;SIMPLE_INSTRUMENT;EFP_FIN;EUR;117;132.14000000;488;EXCHANGE_LAST;;1;1;XEUR;10804524;688;
20.11.2024;16:03:57.848;FGBL SI 20241206 PS;SIMPLE_INSTRUMENT;EFS;EUR;118;132.05000000;200;EXCHANGE_LAST;;1;1;XEUR;10804524;688;
20.11.2024;16:05:28.732;FGBL SI 20241206 PS;SIMPLE_INSTRUMENT;EFS;EUR;119;132.05000000;261;EXCHANGE_LAST;;1;1;XEUR;10804524;688;
20.11.2024;16:07:21.995;FGBL SI 20241206 PS;SIMPLE_INSTRUMENT;EFS;EUR;120;132.05000000;491;EXCHANGE_LAST;;1;1;XEUR;10804524;688;
20.11.2024;16:12:56.203;FGBL SI 20241206 PS;SIMPLE_INSTRUMENT;EFS;EUR;121;132.05000000;217;EXCHANGE_LAST;;1;1;XEUR;10804524;688;
20.11.2024;16:13:47.170;FGBL SI 20241206 PS;SIMPLE_INSTRUMENT;EFS;EUR;122;132.15000000;348;EXCHANGE_LAST;;1;1;XEUR;10804524;688;
20.11.2024;16:13:51.338;FGBL SI 20241206 PS;SIMPLE_INSTRUMENT;EFS;EUR;123;132.06000000;218;EXCHANGE_LAST;;1;1;XEUR;10804524;688;
20.11.2024;16:18:06.054;FGBL SI 20241206 PS;SIMPLE_INSTRUMENT;EFP_FIN;EUR;124;132.15000000;434;EXCHANGE_LAST;;1;1;XEUR;10804524;688;
20.11.2024;16:18:54.373;FGBL SI 20241206 PS;SIMPLE_INSTRUMENT;EFP_FIN;EUR;125;132.04000000;598;EXCHANGE_LAST;;1;1;XEUR;10804524;688;
20.11.2024;16:19:53.304;FGBL SI 20241206 PS;SIMPLE_INSTRUMENT;EFS;EUR;126;132.08000000;245;EXCHANGE_LAST;;1;1;XEUR;10804524;688;
20.11.2024;16:22:34.611;FGBL SI 20241206 PS;SIMPLE_INSTRUMENT;EFP_FIN;EUR;127;132.05000000;1006;EXCHANGE_LAST;;1;1;XEUR;10804524;688;
20.11.2024;16:25:52.548;FGBL SI 20241206 PS;SIMPLE_INSTRUMENT;EFP_FIN;EUR;128;132.10000000;221;EXCHANGE_LAST;;1;1;XEUR;10804524;688;
20.11.2024;16:29:54.307;FGBL SI 20241206 PS;SIMPLE_INSTRUMENT;EFS;EUR;129;132.06000000;1700;EXCHANGE_LAST;;1;1;XEUR;10804524;688;
20.11.2024;16:32:24.952;FGBL SI 20241206 PS;SIMPLE_INSTRUMENT;EFS;EUR;130;132.12000000;492;EXCHANGE_LAST;;1;1;XEUR;10804524;688;
20.11.2024;16:35:18.278;FGBL SI 20241206 PS;SIMPLE_INSTRUMENT;EFS;EUR;131;132.04000000;217;EXCHANGE_LAST;;1;1;XEUR;10804524;688;
20.11.2024;16:40:59.891;FGBL SI 20241206 PS;SIMPLE_INSTRUMENT;EFS;EUR;132;132.19000000;326;EXCHANGE_LAST;;1;1;XEUR;10804524;688;
20.11.2024;16:57:17.400;FGBL SI 20241206 PS;SIMPLE_INSTRUMENT;EFS;EUR;133;132.13000000;245;EXCHANGE_LAST;;1;1;XEUR;10804524;688;
20.11.2024;17:06:42.587;FGBL SI 20241206 PS;SIMPLE_INSTRUMENT;EFP_FIN;EUR;135;132.09000000;151;EXCHANGE_LAST;;1;1;XEUR;10804524;688;
20.11.2024;17:10:11.790;FGBL SI 20241206 PS;SIMPLE_INSTRUMENT;EFS;EUR;136;132.14000000;196;EXCHANGE_LAST;;1;1;XEUR;10804524;688;
20.11.2024;17:11:28.737;FGBL SI 20241206 PS;SIMPLE_INSTRUMENT;EFS;EUR;137;132.11000000;217;EXCHANGE_LAST;;1;1;XEUR;10804524;688;
20.11.2024;10:01:16.721;FGBL SI 20241206 PS;SIMPLE_INSTRUMENT;VOLA;EUR;268435474;131.99000000;70;EXCHANGE_LAST;;1;1;XEUR;10804524;688;
20.11.2024;10:02:17.731;FGBL SI 20241206 PS;SIMPLE_INSTRUMENT;VOLA;EUR;268435475;131.99000000;70;EXCHANGE_LAST;;1;1;XEUR;10804524;688;
20.11.2024;13:47:03.435;FGBL SI 20241206 PS;SIMPLE_INSTRUMENT;VOLA;EUR;268435506;131.81000000;50;EXCHANGE_LAST;;1;1;XEUR;10804524;688;
20.11.2024;15:32:06.361;FGBL SI 20250306 PS;SIMPLE_INSTRUMENT;VOLA;EUR;268435514;133.24000000;113;EXCHANGE_LAST;;1;1;XEUR;11286679;688;
20.11.2024;15:43:04.718;FGBL SI 20250306 PS;SIMPLE_INSTRUMENT;VOLA;EUR;268435518;133.67000000;50;EXCHANGE_LAST;;1;1;XEUR;11286679;688;
20.11.2024;15:43:05.414;FGBL SI 20250306 PS;SIMPLE_INSTRUMENT;VOLA;EUR;268435519;133.67000000;250;EXCHANGE_LAST;;1;1;XEUR;11286679;688;
20.11.2024;16:09:30.219;FGBL SI 20250306 PS;SIMPLE_INSTRUMENT;VOLA;EUR;268435529;133.52000000;32;EXCHANGE_LAST;;1;1;XEUR;11286679;688;
20.11.2024;16:10:48.229;FGBL SI 20250306 PS;SIMPLE_INSTRUMENT;VOLA;EUR;268435530;133.52000000;33;EXCHANGE_LAST;;1;1;XEUR;11286679;688;
20.11.2024;16:27:13.352;FGBL SI 20250306 PS;SIMPLE_INSTRUMENT;VOLA;EUR;268435534;133.60000000;30;EXCHANGE_LAST;;1;1;XEUR;11286679;688;
20.11.2024;16:27:44.355;FGBL SI 20250306 PS;SIMPLE_INSTRUMENT;VOLA;EUR;268435535;133.60000000;30;EXCHANGE_LAST;;1;1;XEUR;11286679;688;
20.11.2024;16:29:30.439;FGBL SI 20250306 PS;SIMPLE_INSTRUMENT;VOLA;EUR;268435538;133.60000000;38;EXCHANGE_LAST;;1;1;XEUR;11286679;688;
20.11.2024;16:47:11.609;FGBL SI 20250306 PS;SIMPLE_INSTRUMENT;VOLA;EUR;268435543;133.52000000;20;EXCHANGE_LAST;;1;1;XEUR;11286679;688;
20.11.2024;16:47:38.614;FGBL SI 20250306 PS;SIMPLE_INSTRUMENT;VOLA;EUR;268435544;133.52000000;13;EXCHANGE_LAST;;1;1;XEUR;11286679;688;
20.11.2024;07:53:21.933;FGBM SI 20241206 PS;SIMPLE_INSTRUMENT;EFS;EUR;2;118.44000000;435;EXCHANGE_LAST;;1;1;XEUR;10804525;689;
20.11.2024;07:39:58.509;FGBM SI 20241206 PS;SIMPLE_INSTRUMENT;EFS;EUR;3;118.44000000;435;EXCHANGE_LAST;;1;1;XEUR;10804525;689;
20.11.2024;09:10:34.863;FGBM SI 20241206 PS;SIMPLE_INSTRUMENT;EFP_FIN;EUR;4;118.47000000;133;EXCHANGE_LAST;;1;1;XEUR;10804525;689;
20.11.2024;09:14:56.792;FGBM SI 20241206 PS;SIMPLE_INSTRUMENT;EFP_FIN;EUR;5;118.50000000;158;EXCHANGE_LAST;;1;1;XEUR;10804525;689;
20.11.2024;09:29:46.399;FGBM SI 20241206 PS;SIMPLE_INSTRUMENT;EFS;EUR;6;118.47000000;466;EXCHANGE_LAST;;1;1;XEUR;10804525;689;
20.11.2024;09:47:03.263;FGBM SI 20241206 PS;SIMPLE_INSTRUMENT;EFP_FIN;EUR;7;118.49000000;630;EXCHANGE_LAST;;1;1;XEUR;10804525;689;
20.11.2024;10:05:53.730;FGBM SI 20241206 PS;SIMPLE_INSTRUMENT;EFS;EUR;9;118.47000000;618;EXCHANGE_LAST;;1;1;XEUR;10804525;689;
20.11.2024;10:08:25.213;FGBM SI 20241206 PS;SIMPLE_INSTRUMENT;EFP_FIN;EUR;10;118.49000000;315;EXCHANGE_LAST;;1;1;XEUR;10804525;689;
20.11.2024;10:18:04.468;FGBM SI 20241206 PS;SIMPLE_INSTRUMENT;EFP_FIN;EUR;11;118.49000000;428;EXCHANGE_LAST;;1;1;XEUR;10804525;689;
20.11.2024;10:25:38.546;FGBM SI 20241206 PS;SIMPLE_INSTRUMENT;EFP_FIN;EUR;12;118.50000000;1575;EXCHANGE_LAST;;1;1;XEUR;10804525;689;
20.11.2024;10:32:14.426;FGBM SI 20241206 PS;SIMPLE_INSTRUMENT;EFP_FIN;EUR;13;118.53000000;1260;EXCHANGE_LAST;;1;1;XEUR;10804525;689;
20.11.2024;10:32:16.333;FGBM SI 20241206 PS;SIMPLE_INSTRUMENT;EFS;EUR;14;118.50000000;618;EXCHANGE_LAST;;1;1;XEUR;10804525;689;
20.11.2024;10:42:24.985;FGBM SI 20241206 PS;SIMPLE_INSTRUMENT;EFP_FIN;EUR;15;118.54000000;515;EXCHANGE_LAST;;1;1;XEUR;10804525;689;
20.11.2024;10:44:21.431;FGBM SI 20241206 PS;SIMPLE_INSTRUMENT;EFP_FIN;EUR;16;118.49000000;257;EXCHANGE_LAST;;1;1;XEUR;10804525;689;
20.11.2024;10:50:22.284;FGBM SI 20241206 PS;SIMPLE_INSTRUMENT;EFP_FIN;EUR;17;118.44000000;2141;EXCHANGE_LAST;;1;1;XEUR;10804525;689;
20.11.2024;10:55:09.012;FGBM SI 20241206 PS;SIMPLE_INSTRUMENT;EFP_FIN;EUR;18;118.50000000;642;EXCHANGE_LAST;;1;1;XEUR;10804525;689;
20.11.2024;10:59:01.489;FGBM SI 20241206 PS;SIMPLE_INSTRUMENT;EFP_FIN;EUR;19;118.48000000;848;EXCHANGE_LAST;;1;1;XEUR;10804525;689;
20.11.2024;11:02:15.995;FGBM SI 20241206 PS;SIMPLE_INSTRUMENT;EFP_FIN;EUR;20;118.46000000;946;EXCHANGE_LAST;;1;1;XEUR;10804525;689;
20.11.2024;11:07:22.942;FGBM SI 20241206 PS;SIMPLE_INSTRUMENT;EFP_FIN;EUR;21;118.43000000;2141;EXCHANGE_LAST;;1;1;XEUR;10804525;689;
20.11.2024;11:15:48.968;FGBM SI 20241206 PS;SIMPLE_INSTRUMENT;EFP_FIN;EUR;22;118.51000000;2017;EXCHANGE_LAST;;1;1;XEUR;10804525;689;
20.11.2024;11:24:52.029;FGBM SI 20241206 PS;SIMPLE_INSTRUMENT;EFP_FIN;EUR;23;118.43000000;436;EXCHANGE_LAST;;1;1;XEUR;10804525;689;
20.11.2024;11:27:46.348;FGBM SI 20241206 PS;SIMPLE_INSTRUMENT;EFP_FIN;EUR;24;118.42000000;211;EXCHANGE_LAST;;1;1;XEUR;10804525;689;
20.11.2024;11:34:44.615;FGBM SI 20241206 PS;SIMPLE_INSTRUMENT;EFP_FIN;EUR;25;118.41000000;428;EXCHANGE_LAST;;1;1;XEUR;10804525;689;
20.11.2024;11:35:25.918;FGBM SI 20241206 PS;SIMPLE_INSTRUMENT;EFP_FIN;EUR;26;118.42000000;1712;EXCHANGE_LAST;;1;1;XEUR;10804525;689;
20.11.2024;11:36:37.606;FGBM SI 20241206 PS;SIMPLE_INSTRUMENT;EFP_FIN;EUR;27;118.42000000;400;EXCHANGE_LAST;;1;1;XEUR;10804525;689;
20.11.2024;11:40:28.164;FGBM SI 20241206 PS;SIMPLE_INSTRUMENT;EFP_FIN;EUR;28;118.43000000;930;EXCHANGE_LAST;;1;1;XEUR;10804525;689;
20.11.2024;11:41:01.761;FGBM SI 20241206 PS;SIMPLE_INSTRUMENT;EFP_FIN;EUR;29;118.51000000;1702;EXCHANGE_LAST;;1;1;XEUR;10804525;689;
20.11.2024;11:46:09.776;FGBM SI 20241206 PS;SIMPLE_INSTRUMENT;EFP_FIN;EUR;30;118.43000000;946;EXCHANGE_LAST;;1;1;XEUR;10804525;689;
20.11.2024;11:48:24.783;FGBM SI 20241206 PS;SIMPLE_INSTRUMENT;EFP_FIN;EUR;31;118.43000000;930;EXCHANGE_LAST;;1;1;XEUR;10804525;689;
20.11.2024;11:56:44.906;FGBM SI 20241206 PS;SIMPLE_INSTRUMENT;EFP_FIN;EUR;32;118.36000000;338;EXCHANGE_LAST;;1;1;XEUR;10804525;689;
20.11.2024;11:56:58.470;FGBM SI 20241206 PS;SIMPLE_INSTRUMENT;EFS;EUR;33;118.36000000;659;EXCHANGE_LAST;;1;1;XEUR;10804525;689;
20.11.2024;11:58:56.696;FGBM SI 20241206 PS;SIMPLE_INSTRUMENT;EFS;EUR;34;118.34000000;823;EXCHANGE_LAST;;1;1;XEUR;10804525;689;
20.11.2024;11:58:57.857;FGBM SI 20241206 PS;SIMPLE_INSTRUMENT;EFS;EUR;35;118.35000000;348;EXCHANGE_LAST;;1;1;XEUR;10804525;689;
20.11.2024;12:00:00.315;FGBM SI 20241206 PS;SIMPLE_INSTRUMENT;EFP_FIN;EUR;36;118.35000000;473;EXCHANGE_LAST;;1;1;XEUR;10804525;689;
20.11.2024;12:07:45.198;FGBM SI 20241206 PS;SIMPLE_INSTRUMENT;EFP_FIN;EUR;37;118.35000000;1713;EXCHANGE_LAST;;1;1;XEUR;10804525;689;
20.11.2024;12:10:52.120;FGBM SI 20241206 PS;SIMPLE_INSTRUMENT;EFS;EUR;38;118.35000000;850;EXCHANGE_LAST;;1;1;XEUR;10804525;689;
20.11.2024;12:10:58.365;FGBM SI 20241206 PS;SIMPLE_INSTRUMENT;EFS;EUR;39;118.35000000;435;EXCHANGE_LAST;;1;1;XEUR;10804525;689;
20.11.2024;12:12:28.431;FGBM SI 20241206 PS;SIMPLE_INSTRUMENT;EFS;EUR;40;118.35000000;435;EXCHANGE_LAST;;1;1;XEUR;10804525;689;
20.11.2024;12:13:13.232;FGBM SI 20241206 PS;SIMPLE_INSTRUMENT;EFP_FIN;EUR;41;118.35000000;1110;EXCHANGE_LAST;;1;1;XEUR;10804525;689;
20.11.2024;12:39:23.394;FGBM SI 20241206 PS;SIMPLE_INSTRUMENT;EFP_FIN;EUR;42;118.36000000;436;EXCHANGE_LAST;;1;1;XEUR;10804525;689;
20.11.2024;12:53:18.303;FGBM SI 20241206 PS;SIMPLE_INSTRUMENT;EFP_FIN;EUR;43;118.35000000;183;EXCHANGE_LAST;;1;1;XEUR;10804525;689;
20.11.2024;13:01:35.624;FGBM SI 20241206 PS;SIMPLE_INSTRUMENT;EFS;EUR;44;118.34000000;518;EXCHANGE_LAST;;1;1;XEUR;10804525;689;
20.11.2024;13:05:13.561;FGBM SI 20241206 PS;SIMPLE_INSTRUMENT;EFP_FIN;EUR;45;118.41000000;295;EXCHANGE_LAST;;1;1;XEUR;10804525;689;
20.11.2024;13:31:29.623;FGBM SI 20241206 PS;SIMPLE_INSTRUMENT;EFP_FIN;EUR;46;118.35000000;670;EXCHANGE_LAST;;1;1;XEUR;10804525;689;
20.11.2024;13:42:44.024;FGBM SI 20241206 PS;SIMPLE_INSTRUMENT;EFP_FIN;EUR;47;118.36000000;445;EXCHANGE_LAST;;1;1;XEUR;10804525;689;
20.11.2024;13:51:38.966;FGBM SI 20241206 PS;SIMPLE_INSTRUMENT;EFP_FIN;EUR;48;118.37000000;1030;EXCHANGE_LAST;;1;1;XEUR;10804525;689;
20.11.2024;14:01:02.432;FGBM SI 20241206 PS;SIMPLE_INSTRUMENT;EFS;EUR;49;118.33000000;434;EXCHANGE_LAST;;1;1;XEUR;10804525;689;
20.11.2024;13:58:06.941;FGBM SI 20241206 PS;SIMPLE_INSTRUMENT;EFS;EUR;50;118.35000000;850;EXCHANGE_LAST;;1;1;XEUR;10804525;689;
20.11.2024;14:04:25.626;FGBM SI 20241206 PS;SIMPLE_INSTRUMENT;EFS;EUR;51;118.32000000;1305;EXCHANGE_LAST;;1;1;XEUR;10804525;689;
20.11.2024;14:05:47.273;FGBM SI 20241206 PS;SIMPLE_INSTRUMENT;EFP_FIN;EUR;52;118.49000000;428;EXCHANGE_LAST;;1;1;XEUR;10804525;689;
20.11.2024;14:07:03.014;FGBM SI 20241206 PS;SIMPLE_INSTRUMENT;EFS;EUR;53;118.32000000;435;EXCHANGE_LAST;;1;1;XEUR;10804525;689;
20.11.2024;14:10:27.531;FGBM SI 20241206 PS;SIMPLE_INSTRUMENT;EFP_FIN;EUR;54;118.36000000;92;EXCHANGE_LAST;;1;1;XEUR;10804525;689;
20.11.2024;14:10:59.443;FGBM SI 20241206 PS;SIMPLE_INSTRUMENT;EFS;EUR;55;118.32000000;1500;EXCHANGE_LAST;;1;1;XEUR;10804525;689;
20.11.2024;14:22:46.441;FGBM SI 20241206 PS;SIMPLE_INSTRUMENT;EFP_FIN;EUR;56;118.37000000;1546;EXCHANGE_LAST;;1;1;XEUR;10804525;689;
20.11.2024;14:31:11.116;FGBM SI 20241206 PS;SIMPLE_INSTRUMENT;EFS;EUR;57;118.39000000;187;EXCHANGE_LAST;;1;1;XEUR;10804525;689;
20.11.2024;14:34:55.466;FGBM SI 20241206 PS;SIMPLE_INSTRUMENT;EFS;EUR;58;118.44000000;530;EXCHANGE_LAST;;1;1;XEUR;10804525;689;
20.11.2024;14:35:33.186;FGBM SI 20241206 PS;SIMPLE_INSTRUMENT;EFS;EUR;59;118.39000000;434;EXCHANGE_LAST;;1;1;XEUR;10804525;689;
20.11.2024;14:35:57.518;FGBM SI 20241206 PS;SIMPLE_INSTRUMENT;EFS;EUR;60;118.39000000;434;EXCHANGE_LAST;;1;1;XEUR;10804525;689;
20.11.2024;14:36:45.344;FGBM SI 20241206 PS;SIMPLE_INSTRUMENT;EFS;EUR;61;118.41000000;434;EXCHANGE_LAST;;1;1;XEUR;10804525;689;
20.11.2024;14:37:36.498;FGBM SI 20241206 PS;SIMPLE_INSTRUMENT;EFS;EUR;62;118.43000000;868;EXCHANGE_LAST;;1;1;XEUR;10804525;689;
20.11.2024;14:45:19.984;FGBM SI 20241206 PS;SIMPLE_INSTRUMENT;EFS;EUR;63;118.32000000;985;EXCHANGE_LAST;;1;1;XEUR;10804525;689;
20.11.2024;14:48:14.234;FGBM SI 20241206 PS;SIMPLE_INSTRUMENT;EFS;EUR;64;118.44000000;933;EXCHANGE_LAST;;1;1;XEUR;10804525;689;
20.11.2024;14:49:45.818;FGBM SI 20241206 PS;SIMPLE_INSTRUMENT;EFP_FIN;EUR;65;118.43000000;516;EXCHANGE_LAST;;1;1;XEUR;10804525;689;
20.11.2024;14:50:52.102;FGBM SI 20241206 PS;SIMPLE_INSTRUMENT;EFS;EUR;66;118.47000000;230;EXCHANGE_LAST;;1;1;XEUR;10804525;689;
20.11.2024;14:51:08.993;FGBM SI 20241206 PS;SIMPLE_INSTRUMENT;EFS;EUR;67;118.51000000;932;EXCHANGE_LAST;;1;1;XEUR;10804525;689;
20.11.2024;14:51:22.105;FGBM SI 20241206 PS;SIMPLE_INSTRUMENT;EFS;EUR;68;118.47000000;999;EXCHANGE_LAST;;1;1;XEUR;10804525;689;
20.11.2024;14:53:47.488;FGBM SI 20241206 PS;SIMPLE_INSTRUMENT;BLOCK;EUR;69;118.44000000;4430;EXCHANGE_LAST;;1;1;XEUR;10804525;689;
20.11.2024;14:54:17.407;FGBM SI 20241206 PS;SIMPLE_INSTRUMENT;EFS;EUR;70;118.43000000;868;EXCHANGE_LAST;;1;1;XEUR;10804525;689;
20.11.2024;14:54:33.192;FGBM SI 20241206 PS;SIMPLE_INSTRUMENT;EFS;EUR;71;118.42000000;1493;EXCHANGE_LAST;;1;1;XEUR;10804525;689;
20.11.2024;15:00:00.288;FGBM SI 20241206 PS;SIMPLE_INSTRUMENT;EFS;EUR;73;118.47000000;1738;EXCHANGE_LAST;;1;1;XEUR;10804525;689;
20.11.2024;15:02:50.570;FGBM SI 20241206 PS;SIMPLE_INSTRUMENT;EFS;EUR;74;118.47000000;608;EXCHANGE_LAST;;1;1;XEUR;10804525;689;
20.11.2024;15:03:43.498;FGBM SI 20241206 PS;SIMPLE_INSTRUMENT;EFS;EUR;75;118.47000000;304;EXCHANGE_LAST;;1;1;XEUR;10804525;689;
20.11.2024;15:03:55.447;FGBM SI 20241206 PS;SIMPLE_INSTRUMENT;EFP_FIN;EUR;76;118.43000000;217;EXCHANGE_LAST;;1;1;XEUR;10804525;689;
20.11.2024;15:12:06.226;FGBM SI 20241206 PS;SIMPLE_INSTRUMENT;EFS;EUR;77;118.49000000;466;EXCHANGE_LAST;;1;1;XEUR;10804525;689;
20.11.2024;15:27:14.657;FGBM SI 20241206 PS;SIMPLE_INSTRUMENT;EFS;EUR;78;118.61000000;867;EXCHANGE_LAST;;1;1;XEUR;10804525;689;
20.11.2024;15:29:09.192;FGBM SI 20241206 PS;SIMPLE_INSTRUMENT;EFP_FIN;EUR;80;118.52000000;630;EXCHANGE_LAST;;1;1;XEUR;10804525;689;
20.11.2024;15:31:25.816;FGBM SI 20241206 PS;SIMPLE_INSTRUMENT;EFP_FIN;EUR;81;118.53000000;85;EXCHANGE_LAST;;1;1;XEUR;10804525;689;
20.11.2024;15:33:21.410;FGBM SI 20241206 PS;SIMPLE_INSTRUMENT;EFP_FIN;EUR;82;118.53000000;85;EXCHANGE_LAST;;1;1;XEUR;10804525;689;
20.11.2024;15:32:02.981;FGBM SI 20241206 PS;SIMPLE_INSTRUMENT;EFS;EUR;83;118.56000000;607;EXCHANGE_LAST;;1;1;XEUR;10804525;689;
20.11.2024;15:33:06.716;FGBM SI 20241206 PS;SIMPLE_INSTRUMENT;EFP_FIN;EUR;84;118.53000000;76;EXCHANGE_LAST;;1;1;XEUR;10804525;689;
20.11.2024;15:33:47.109;FGBM SI 20241206 PS;SIMPLE_INSTRUMENT;EFP_FIN;EUR;85;118.63000000;354;EXCHANGE_LAST;;1;1;XEUR;10804525;689;
20.11.2024;15:33:11.081;FGBM SI 20241206 PS;SIMPLE_INSTRUMENT;EFP_FIN;EUR;86;118.64000000;730;EXCHANGE_LAST;;1;1;XEUR;10804525;689;
20.11.2024;15:34:31.552;FGBM SI 20241206 PS;SIMPLE_INSTRUMENT;EFP_FIN;EUR;87;118.53000000;170;EXCHANGE_LAST;;1;1;XEUR;10804525;689;
20.11.2024;15:38:07.063;FGBM SI 20241206 PS;SIMPLE_INSTRUMENT;EFS;EUR;88;118.54000000;466;EXCHANGE_LAST;;1;1;XEUR;10804525;689;
20.11.2024;15:38:28.981;FGBM SI 20241206 PS;SIMPLE_INSTRUMENT;EFS;EUR;89;118.56000000;466;EXCHANGE_LAST;;1;1;XEUR;10804525;689;
20.11.2024;15:39:22.249;FGBM SI 20241206 PS;SIMPLE_INSTRUMENT;EFS;EUR;90;118.56000000;531;EXCHANGE_LAST;;1;1;XEUR;10804525;689;
20.11.2024;15:42:13.011;FGBM SI 20241206 PS;SIMPLE_INSTRUMENT;EFS;EUR;91;118.60000000;884;EXCHANGE_LAST;;1;1;XEUR;10804525;689;
20.11.2024;15:44:19.614;FGBM SI 20241206 PS;SIMPLE_INSTRUMENT;EFS;EUR;92;118.56000000;867;EXCHANGE_LAST;;1;1;XEUR;10804525;689;
20.11.2024;15:45:26.072;FGBM SI 20241206 PS;SIMPLE_INSTRUMENT;EFS;EUR;93;118.57000000;434;EXCHANGE_LAST;;1;1;XEUR;10804525;689;
20.11.2024;15:49:20.226;FGBM SI 20241206 PS;SIMPLE_INSTRUMENT;EFS;EUR;94;118.54000000;466;EXCHANGE_LAST;;1;1;XEUR;10804525;689;
20.11.2024;15:55:14.086;FGBM SI 20241206 PS;SIMPLE_INSTRUMENT;EFS;EUR;95;118.55000000;434;EXCHANGE_LAST;;1;1;XEUR;10804525;689;
20.11.2024;15:54:56.226;FGBM SI 20241206 PS;SIMPLE_INSTRUMENT;EFS;EUR;96;118.54000000;434;EXCHANGE_LAST;;1;1;XEUR;10804525;689;
20.11.2024;15:55:24.300;FGBM SI 20241206 PS;SIMPLE_INSTRUMENT;EFS;EUR;97;118.53000000;466;EXCHANGE_LAST;;1;1;XEUR;10804525;689;
20.11.2024;15:57:41.590;FGBM SI 20241206 PS;SIMPLE_INSTRUMENT;EFS;EUR;98;118.54000000;227;EXCHANGE_LAST;;1;1;XEUR;10804525;689;
20.11.2024;15:58:54.109;FGBM SI 20241206 PS;SIMPLE_INSTRUMENT;EFP_FIN;EUR;99;118.41000000;173;EXCHANGE_LAST;;1;1;XEUR;10804525;689;
20.11.2024;16:00:15.986;FGBM SI 20241206 PS;SIMPLE_INSTRUMENT;EFP_FIN;EUR;100;118.56000000;685;EXCHANGE_LAST;;1;1;XEUR;10804525;689;
20.11.2024;16:04:09.568;FGBM SI 20241206 PS;SIMPLE_INSTRUMENT;EFS;EUR;101;118.51000000;217;EXCHANGE_LAST;;1;1;XEUR;10804525;689;
20.11.2024;16:02:55.703;FGBM SI 20241206 PS;SIMPLE_INSTRUMENT;EFS;EUR;102;118.51000000;867;EXCHANGE_LAST;;1;1;XEUR;10804525;689;
20.11.2024;16:04:44.147;FGBM SI 20241206 PS;SIMPLE_INSTRUMENT;EFS;EUR;103;118.54000000;746;EXCHANGE_LAST;;1;1;XEUR;10804525;689;
20.11.2024;16:06:47.548;FGBM SI 20241206 PS;SIMPLE_INSTRUMENT;EFS;EUR;104;118.50000000;466;EXCHANGE_LAST;;1;1;XEUR;10804525;689;
20.11.2024;16:08:18.729;FGBM SI 20241206 PS;SIMPLE_INSTRUMENT;EFP_FIN;EUR;105;118.51000000;206;EXCHANGE_LAST;;1;1;XEUR;10804525;689;
20.11.2024;16:18:55.629;FGBM SI 20241206 PS;SIMPLE_INSTRUMENT;EFS;EUR;106;118.50000000;932;EXCHANGE_LAST;;1;1;XEUR;10804525;689;
20.11.2024;16:24:44.238;FGBM SI 20241206 PS;SIMPLE_INSTRUMENT;EFS;EUR;107;118.52000000;1903;EXCHANGE_LAST;;1;1;XEUR;10804525;689;
20.11.2024;16:28:13.378;FGBM SI 20241206 PS;SIMPLE_INSTRUMENT;EFS;EUR;108;118.51000000;4000;EXCHANGE_LAST;;1;1;XEUR;10804525;689;
20.11.2024;16:43:09.295;FGBM SI 20241206 PS;SIMPLE_INSTRUMENT;EFS;EUR;109;118.57000000;868;EXCHANGE_LAST;;1;1;XEUR;10804525;689;
20.11.2024;16:43:10.303;FGBM SI 20241206 PS;SIMPLE_INSTRUMENT;EFS;EUR;110;118.58000000;434;EXCHANGE_LAST;;1;1;XEUR;10804525;689;
20.11.2024;16:43:10.348;FGBM SI 20241206 PS;SIMPLE_INSTRUMENT;EFS;EUR;111;118.58000000;868;EXCHANGE_LAST;;1;1;XEUR;10804525;689;
20.11.2024;16:43:23.758;FGBM SI 20241206 PS;SIMPLE_INSTRUMENT;EFS;EUR;112;118.56000000;444;EXCHANGE_LAST;;1;1;XEUR;10804525;689;
20.11.2024;16:44:25.348;FGBM SI 20241206 PS;SIMPLE_INSTRUMENT;EFS;EUR;113;118.57000000;868;EXCHANGE_LAST;;1;1;XEUR;10804525;689;
20.11.2024;16:44:30.354;FGBM SI 20241206 PS;SIMPLE_INSTRUMENT;EFS;EUR;114;118.58000000;868;EXCHANGE_LAST;;1;1;XEUR;10804525;689;
20.11.2024;16:44:35.360;FGBM SI 20241206 PS;SIMPLE_INSTRUMENT;EFS;EUR;115;118.58000000;868;EXCHANGE_LAST;;1;1;XEUR;10804525;689;
20.11.2024;16:47:29.767;FGBM SI 20241206 PS;SIMPLE_INSTRUMENT;EFS;EUR;116;118.58000000;466;EXCHANGE_LAST;;1;1;XEUR;10804525;689;
20.11.2024;16:47:58.006;FGBM SI 20241206 PS;SIMPLE_INSTRUMENT;EFS;EUR;117;118.53000000;932;EXCHANGE_LAST;;1;1;XEUR;10804525;689;
20.11.2024;16:51:29.499;FGBM SI 20241206 PS;SIMPLE_INSTRUMENT;EFS;EUR;118;118.53000000;936;EXCHANGE_LAST;;1;1;XEUR;10804525;689;
20.11.2024;16:53:00.684;FGBM SI 20241206 PS;SIMPLE_INSTRUMENT;EFS;EUR;119;118.54000000;434;EXCHANGE_LAST;;1;1;XEUR;10804525;689;
20.11.2024;08:21:41.295;FGBS SI 20241206 PS;SIMPLE_INSTRUMENT;EFS;EUR;1;106.72000000;2723;EXCHANGE_LAST;;1;1;XEUR;10804527;690;
20.11.2024;08:50:45.731;FGBS SI 20241206 PS;SIMPLE_INSTRUMENT;EFS;EUR;2;106.74500000;5153;EXCHANGE_LAST;;1;1;XEUR;10804527;690;
20.11.2024;09:15:16.248;FGBS SI 20241206 PS;SIMPLE_INSTRUMENT;EFP_FIN;EUR;3;106.74500000;1000;EXCHANGE_LAST;;1;1;XEUR;10804527;690;
20.11.2024;09:42:39.834;FGBS SI 20241206 PS;SIMPLE_INSTRUMENT;EFP_FIN;EUR;4;106.73000000;303;EXCHANGE_LAST;;1;1;XEUR;10804527;690;
20.11.2024;09:46:30.990;FGBS SI 20241206 PS;SIMPLE_INSTRUMENT;EFS;EUR;5;106.74000000;10889;EXCHANGE_LAST;;1;1;XEUR;10804527;690;
20.11.2024;09:54:56.788;FGBS SI 20241206 PS;SIMPLE_INSTRUMENT;EFS;EUR;8;106.74000000;1361;EXCHANGE_LAST;;1;1;XEUR;10804527;690;
20.11.2024;10:23:46.260;FGBS SI 20241206 PS;SIMPLE_INSTRUMENT;EFP_FIN;EUR;10;106.74000000;473;EXCHANGE_LAST;;1;1;XEUR;10804527;690;
20.11.2024;10:28:36.851;FGBS SI 20241206 PS;SIMPLE_INSTRUMENT;EFS;EUR;11;106.73500000;5532;EXCHANGE_LAST;;1;1;XEUR;10804527;690;
20.11.2024;11:01:45.248;FGBS SI 20241206 PS;SIMPLE_INSTRUMENT;EFP_FIN;EUR;15;106.74000000;1051;EXCHANGE_LAST;;1;1;XEUR;10804527;690;
20.11.2024;11:04:36.924;FGBS SI 20241206 PS;SIMPLE_INSTRUMENT;EFS;EUR;16;106.73500000;14417;EXCHANGE_LAST;;1;1;XEUR;10804527;690;
20.11.2024;11:06:10.362;FGBS SI 20241206 PS;SIMPLE_INSTRUMENT;EFP_FIN;EUR;17;106.72000000;2364;EXCHANGE_LAST;;1;1;XEUR;10804527;690;
20.11.2024;11:06:13.851;FGBS SI 20241206 PS;SIMPLE_INSTRUMENT;EFP_FIN;EUR;18;106.74000000;263;EXCHANGE_LAST;;1;1;XEUR;10804527;690;
20.11.2024;11:38:01.469;FGBS SI 20241206 PS;SIMPLE_INSTRUMENT;EFP_FIN;EUR;19;106.71500000;1148;EXCHANGE_LAST;;1;1;XEUR;10804527;690;
20.11.2024;11:41:00.250;FGBS SI 20241206 PS;SIMPLE_INSTRUMENT;EFP_FIN;EUR;21;106.75000000;2523;EXCHANGE_LAST;;1;1;XEUR;10804527;690;
20.11.2024;12:03:01.441;FGBS SI 20241206 PS;SIMPLE_INSTRUMENT;EFS;EUR;22;106.70000000;1361;EXCHANGE_LAST;;1;1;XEUR;10804527;690;
20.11.2024;12:22:39.875;FGBS SI 20241206 PS;SIMPLE_INSTRUMENT;EFP_FIN;EUR;24;106.70000000;1456;EXCHANGE_LAST;;1;1;XEUR;10804527;690;
20.11.2024;12:52:26.991;FGBS SI 20241206 PS;SIMPLE_INSTRUMENT;EFP_FIN;EUR;25;106.69000000;969;EXCHANGE_LAST;;1;1;XEUR;10804527;690;
20.11.2024;13:00:50.481;FGBS SI 20241206 PS;SIMPLE_INSTRUMENT;EFS;EUR;26;106.68500000;1362;EXCHANGE_LAST;;1;1;XEUR;10804527;690;
20.11.2024;13:08:46.267;FGBS SI 20241206 PS;SIMPLE_INSTRUMENT;EFP_FIN;EUR;27;106.70000000;303;EXCHANGE_LAST;;1;1;XEUR;10804527;690;
20.11.2024;13:24:14.030;FGBS SI 20250306 PS;SIMPLE_INSTRUMENT;EFP_FIN;EUR;28;106.98000000;234;EXCHANGE_LAST;;1;1;XEUR;11286681;690;
20.11.2024;13:26:05.523;FGBS SI 20241206 PS;SIMPLE_INSTRUMENT;EFP_FIN;EUR;29;106.69000000;334;EXCHANGE_LAST;;1;1;XEUR;10804527;690;
20.11.2024;13:49:26.415;FGBS SI 20241206 PS;SIMPLE_INSTRUMENT;EFS;EUR;30;106.68000000;1360;EXCHANGE_LAST;;1;1;XEUR;10804527;690;
20.11.2024;14:26:41.661;FGBS SI 20241206 PS;SIMPLE_INSTRUMENT;EFP_FIN;EUR;32;106.69000000;622;EXCHANGE_LAST;;1;1;XEUR;10804527;690;
20.11.2024;14:16:56.648;FGBS SI 20241206 PS;SIMPLE_INSTRUMENT;EFP_FIN;EUR;33;106.69000000;622;EXCHANGE_LAST;;1;1;XEUR;10804527;690;
20.11.2024;14:23:29.550;FGBS SI 20241206 PS;SIMPLE_INSTRUMENT;EFP_FIN;EUR;34;106.69000000;236;EXCHANGE_LAST;;1;1;XEUR;10804527;690;
20.11.2024;14:23:15.697;FGBS SI 20241206 PS;SIMPLE_INSTRUMENT;EFP_FIN;EUR;36;106.69000000;946;EXCHANGE_LAST;;1;1;XEUR;10804527;690;
20.11.2024;14:23:32.721;FGBS SI 20241206 PS;SIMPLE_INSTRUMENT;EFS;EUR;37;106.70500000;2582;EXCHANGE_LAST;;1;1;XEUR;10804527;690;
20.11.2024;14:32:10.376;FGBS SI 20241206 PS;SIMPLE_INSTRUMENT;EFS;EUR;38;106.71000000;680;EXCHANGE_LAST;;1;1;XEUR;10804527;690;
20.11.2024;14:33:30.049;FGBS SI 20241206 PS;SIMPLE_INSTRUMENT;EFS;EUR;39;106.71000000;2723;EXCHANGE_LAST;;1;1;XEUR;10804527;690;
20.11.2024;14:44:19.001;FGBS SI 20241206 PS;SIMPLE_INSTRUMENT;EFS;EUR;40;106.73500000;1000;EXCHANGE_LAST;;1;1;XEUR;10804527;690;
20.11.2024;14:42:40.812;FGBS SI 20241206 PS;SIMPLE_INSTRUMENT;EFS;EUR;41;106.73000000;1292;EXCHANGE_LAST;;1;1;XEUR;10804527;690;
20.11.2024;14:45:15.009;FGBS SI 20241206 PS;SIMPLE_INSTRUMENT;EFS;EUR;42;106.74000000;1369;EXCHANGE_LAST;;1;1;XEUR;10804527;690;
20.11.2024;14:53:13.006;FGBS SI 20241206 PS;SIMPLE_INSTRUMENT;EFS;EUR;43;106.74000000;1362;EXCHANGE_LAST;;1;1;XEUR;10804527;690;
20.11.2024;14:54:25.155;FGBS SI 20241206 PS;SIMPLE_INSTRUMENT;EFS;EUR;44;106.74000000;2724;EXCHANGE_LAST;;1;1;XEUR;10804527;690;
20.11.2024;14:54:43.520;FGBS SI 20241206 PS;SIMPLE_INSTRUMENT;EFP_FIN;EUR;45;106.73000000;4019;EXCHANGE_LAST;;1;1;XEUR;10804527;690;
20.11.2024;14:56:10.600;FGBS SI 20241206 PS;SIMPLE_INSTRUMENT;EFS;EUR;46;106.74000000;1362;EXCHANGE_LAST;;1;1;XEUR;10804527;690;
20.11.2024;15:05:22.414;FGBS SI 20241206 PS;SIMPLE_INSTRUMENT;EFS;EUR;47;106.71500000;1292;EXCHANGE_LAST;;1;1;XEUR;10804527;690;
20.11.2024;15:25:41.262;FGBS SI 20241206 PS;SIMPLE_INSTRUMENT;EFP_FIN;EUR;48;106.76000000;1561;EXCHANGE_LAST;;1;1;XEUR;10804527;690;
20.11.2024;15:27:39.851;FGBS SI 20241206 PS;SIMPLE_INSTRUMENT;BLOCK;EUR;49;106.79000000;10338;EXCHANGE_LAST;;1;1;XEUR;10804527;690;
20.11.2024;15:29:44.793;FGBS SI 20241206 PS;SIMPLE_INSTRUMENT;EFS;EUR;50;106.68500000;3766;EXCHANGE_LAST;;1;1;XEUR;10804527;690;
20.11.2024;15:32:11.233;FGBS SI 20241206 PS;SIMPLE_INSTRUMENT;EFS;EUR;51;106.76500000;1361;EXCHANGE_LAST;;1;1;XEUR;10804527;690;
20.11.2024;15:32:23.244;FGBS SI 20241206 PS;SIMPLE_INSTRUMENT;EFS;EUR;52;106.74000000;1292;EXCHANGE_LAST;;1;1;XEUR;10804527;690;
20.11.2024;15:34:48.480;FGBS SI 20241206 PS;SIMPLE_INSTRUMENT;EFS;EUR;53;106.76000000;1361;EXCHANGE_LAST;;1;1;XEUR;10804527;690;
20.11.2024;15:38:37.548;FGBS SI 20241206 PS;SIMPLE_INSTRUMENT;EFS;EUR;54;106.76500000;816;EXCHANGE_LAST;;1;1;XEUR;10804527;690;
20.11.2024;15:42:29.155;FGBS SI 20241206 PS;SIMPLE_INSTRUMENT;BLOCK;EUR;55;106.76500000;10334;EXCHANGE_LAST;;1;1;XEUR;10804527;690;
20.11.2024;15:47:49.069;FGBS SI 20241206 PS;SIMPLE_INSTRUMENT;BLOCK;EUR;56;106.76500000;5170;EXCHANGE_LAST;;1;1;XEUR;10804527;690;
20.11.2024;15:48:33.071;FGBS SI 20241206 PS;SIMPLE_INSTRUMENT;EFS;EUR;57;106.76000000;2721;EXCHANGE_LAST;;1;1;XEUR;10804527;690;
20.11.2024;15:50:04.542;FGBS SI 20241206 PS;SIMPLE_INSTRUMENT;EFS;EUR;58;106.76000000;2721;EXCHANGE_LAST;;1;1;XEUR;10804527;690;
20.11.2024;15:54:01.714;FGBS SI 20241206 PS;SIMPLE_INSTRUMENT;EFS;EUR;59;106.75500000;2722;EXCHANGE_LAST;;1;1;XEUR;10804527;690;
20.11.2024;15:55:37.315;FGBS SI 20241206 PS;SIMPLE_INSTRUMENT;EFS;EUR;60;106.75000000;2722;EXCHANGE_LAST;;1;1;XEUR;10804527;690;
20.11.2024;15:59:18.133;FGBS SI 20250306 PS;SIMPLE_INSTRUMENT;EFS;EUR;61;107.01000000;1298;EXCHANGE_LAST;;1;1;XEUR;11286681;690;
20.11.2024;16:00:41.405;FGBS SI 20241206 PS;SIMPLE_INSTRUMENT;EFS;EUR;62;106.74500000;2722;EXCHANGE_LAST;;1;1;XEUR;10804527;690;
20.11.2024;16:05:38.989;FGBS SI 20241206 PS;SIMPLE_INSTRUMENT;EFS;EUR;63;106.75000000;2722;EXCHANGE_LAST;;1;1;XEUR;10804527;690;
20.11.2024;16:07:27.486;FGBS SI 20241206 PS;SIMPLE_INSTRUMENT;EFS;EUR;64;106.74500000;1362;EXCHANGE_LAST;;1;1;XEUR;10804527;690;
20.11.2024;16:13:26.091;FGBS SI 20241206 PS;SIMPLE_INSTRUMENT;EFS;EUR;65;106.75000000;2723;EXCHANGE_LAST;;1;1;XEUR;10804527;690;
20.11.2024;16:13:45.786;FGBS SI 20241206 PS;SIMPLE_INSTRUMENT;EFP_FIN;EUR;66;106.74000000;709;EXCHANGE_LAST;;1;1;XEUR;10804527;690;
20.11.2024;16:15:52.646;FGBS SI 20250306 PS;SIMPLE_INSTRUMENT;EFS;EUR;67;107.00000000;1366;EXCHANGE_LAST;;1;1;XEUR;11286681;690;
20.11.2024;16:18:55.629;FGBS SI 20241206 PS;SIMPLE_INSTRUMENT;EFS;EUR;68;106.75000000;2722;EXCHANGE_LAST;;1;1;XEUR;10804527;690;
20.11.2024;16:23:42.474;FGBS SI 20241206 PS;SIMPLE_INSTRUMENT;EFP_FIN;EUR;69;106.75500000;2628;EXCHANGE_LAST;;1;1;XEUR;10804527;690;
20.11.2024;16:24:19.660;FGBS SI 20241206 PS;SIMPLE_INSTRUMENT;EFS;EUR;70;106.75500000;1361;EXCHANGE_LAST;;1;1;XEUR;10804527;690;
20.11.2024;16:28:47.532;FGBS SI 20241206 PS;SIMPLE_INSTRUMENT;EFP_FIN;EUR;71;106.75000000;526;EXCHANGE_LAST;;1;1;XEUR;10804527;690;
20.11.2024;16:42:02.050;FGBS SI 20241206 PS;SIMPLE_INSTRUMENT;EFP_FIN;EUR;72;106.75000000;473;EXCHANGE_LAST;;1;1;XEUR;10804527;690;
20.11.2024;16:30:09.144;FGBS SI 20241206 PS;SIMPLE_INSTRUMENT;EFS;EUR;73;106.70000000;1362;EXCHANGE_LAST;;1;1;XEUR;10804527;690;
20.11.2024;16:30:33.101;FGBS SI 20241206 PS;SIMPLE_INSTRUMENT;EFS;EUR;74;106.76000000;2721;EXCHANGE_LAST;;1;1;XEUR;10804527;690;
20.11.2024;16:37:13.425;FGBS SI 20241206 PS;SIMPLE_INSTRUMENT;EFS;EUR;75;106.78000000;1088;EXCHANGE_LAST;;1;1;XEUR;10804527;690;
20.11.2024;16:44:56.997;FGBS SI 20241206 PS;SIMPLE_INSTRUMENT;BLOCK;EUR;76;106.77500000;7731;EXCHANGE_LAST;;1;1;XEUR;10804527;690;
20.11.2024;16:46:36.001;FGBS SI 20241206 PS;SIMPLE_INSTRUMENT;EFS;EUR;77;106.75000000;2722;EXCHANGE_LAST;;1;1;XEUR;10804527;690;
20.11.2024;16:50:05.134;FGBS SI 20241206 PS;SIMPLE_INSTRUMENT;EFS;EUR;78;106.75500000;2726;EXCHANGE_LAST;;1;1;XEUR;10804527;690;
20.11.2024;16:55:02.718;FGBS SI 20241206 PS;SIMPLE_INSTRUMENT;EFP_FIN;EUR;79;106.78000000;1052;EXCHANGE_LAST;;1;1;XEUR;10804527;690;
20.11.2024;16:57:06.374;FGBS SI 20241206 PS;SIMPLE_INSTRUMENT;EFS;EUR;80;106.78000000;474;EXCHANGE_LAST;;1;1;XEUR;10804527;690;
20.11.2024;17:02:02.689;FGBS SI 20241206 PS;SIMPLE_INSTRUMENT;EFS;EUR;81;106.77500000;2585;EXCHANGE_LAST;;1;1;XEUR;10804527;690;
20.11.2024;17:06:42.587;FGBS SI 20241206 PS;SIMPLE_INSTRUMENT;EFP_FIN;EUR;82;106.75000000;531;EXCHANGE_LAST;;1;1;XEUR;10804527;690;
20.11.2024;17:15:41.166;FGBS SI 20241206 PS;SIMPLE_INSTRUMENT;EFP_FIN;EUR;83;106.77500000;1577;EXCHANGE_LAST;;1;1;XEUR;10804527;690;
20.11.2024;08:18:29.944;FGBX SI 20241206 PS;SIMPLE_INSTRUMENT;EFS;EUR;1;132.86000000;86;EXCHANGE_LAST;;1;1;XEUR;10804526;691;
20.11.2024;09:48:18.469;FGBX SI 20241206 PS;SIMPLE_INSTRUMENT;EFS;EUR;5;133.12000000;20;EXCHANGE_LAST;;1;1;XEUR;10804526;691;
20.11.2024;09:55:06.789;FGBX SI 20241206 PS;SIMPLE_INSTRUMENT;EFS;EUR;6;133.16000000;91;EXCHANGE_LAST;;1;1;XEUR;10804526;691;
20.11.2024;10:34:29.655;FGBX SI 20241206 PS;SIMPLE_INSTRUMENT;EFP_FIN;EUR;12;133.20000000;185;EXCHANGE_LAST;;1;1;XEUR;10804526;691;
20.11.2024;11:31:08.291;FGBX SI 20241206 PS;SIMPLE_INSTRUMENT;EFP_FIN;EUR;16;133.06000000;85;EXCHANGE_LAST;;1;1;XEUR;10804526;691;
20.11.2024;11:58:53.319;FGBX SI 20241206 PS;SIMPLE_INSTRUMENT;EFP_FIN;EUR;17;132.82000000;85;EXCHANGE_LAST;;1;1;XEUR;10804526;691;
20.11.2024;12:12:30.268;FGBX SI 20241206 PS;SIMPLE_INSTRUMENT;EFP_FIN;EUR;18;132.74000000;85;EXCHANGE_LAST;;1;1;XEUR;10804526;691;
20.11.2024;12:13:32.599;FGBX SI 20241206 PS;SIMPLE_INSTRUMENT;EFS;EUR;19;132.80000000;725;EXCHANGE_LAST;;1;1;XEUR;10804526;691;
20.11.2024;13:35:46.036;FGBX SI 20241206 PS;SIMPLE_INSTRUMENT;EFS;EUR;22;132.72000000;172;EXCHANGE_LAST;;1;1;XEUR;10804526;691;
20.11.2024;14:05:51.486;FGBX SI 20241206 PS;SIMPLE_INSTRUMENT;EFP_FIN;EUR;24;132.58000000;169;EXCHANGE_LAST;;1;1;XEUR;10804526;691;
20.11.2024;14:48:15.646;FGBX SI 20241206 PS;SIMPLE_INSTRUMENT;BLOCK;EUR;25;132.72000000;119;EXCHANGE_LAST;;1;1;XEUR;10804526;691;
20.11.2024;14:53:01.440;FGBX SI 20241206 PS;SIMPLE_INSTRUMENT;EFP_FIN;EUR;26;132.94000000;169;EXCHANGE_LAST;;1;1;XEUR;10804526;691;
20.11.2024;15:06:29.346;FGBX SI 20241206 PS;SIMPLE_INSTRUMENT;EFS;EUR;27;132.68000000;172;EXCHANGE_LAST;;1;1;XEUR;10804526;691;
20.11.2024;15:18:56.937;FGBX SI 20241206 PS;SIMPLE_INSTRUMENT;EFS;EUR;28;133.28000000;48;EXCHANGE_LAST;;1;1;XEUR;10804526;691;
20.11.2024;15:19:12.995;FGBX SI 20241206 PS;SIMPLE_INSTRUMENT;EFS;EUR;29;133.28000000;12;EXCHANGE_LAST;;1;1;XEUR;10804526;691;
20.11.2024;15:26:07.504;FGBX SI 20241206 PS;SIMPLE_INSTRUMENT;EFP_FIN;EUR;30;132.72000000;182;EXCHANGE_LAST;;1;1;XEUR;10804526;691;
20.11.2024;15:39:39.349;FGBX SI 20241206 PS;SIMPLE_INSTRUMENT;EFP_FIN;EUR;31;133.58000000;370;EXCHANGE_LAST;;1;1;XEUR;10804526;691;
20.11.2024;15:45:57.979;FGBX SI 20241206 PS;SIMPLE_INSTRUMENT;EFP_FIN;EUR;33;133.56000000;115;EXCHANGE_LAST;;1;1;XEUR;10804526;691;
20.11.2024;15:47:28.951;FGBX SI 20241206 PS;SIMPLE_INSTRUMENT;EFS;EUR;34;133.46000000;230;EXCHANGE_LAST;;1;1;XEUR;10804526;691;
20.11.2024;17:34:40.967;FGBX SI 20241206 PS;SIMPLE_INSTRUMENT;EFS;EUR;36;132.68000000;55;EXCHANGE_LAST;;1;1;XEUR;10804526;691;
20.11.2024;12:58:47.568;FGBX SI 20241206 PS;SIMPLE_INSTRUMENT;VOLA;EUR;268435493;132.74000000;48;EXCHANGE_LAST;;1;1;XEUR;10804526;691;
20.11.2024;10:01:07.173;FIA5.O.241120.BER.000002;STANDARD_OPTION_STRATEGY;BLOCK;EUR;8;4.00000000;1500;EXCHANGE_LAST;;1;2;XEUR;72264727425718821;48227;
20.11.2024;10:01:07.173;FIA5 SI 20250320 PS AM P 18.00 0;SIMPLE_INSTRUMENT;BLOCK;EUR;8;5.71700000;1500;PRC_DECOMP_EXCHANGE;;;;XEUR;10824866;48227;EXCHANGE
20.11.2024;10:01:07.173;FIA5 SI 20250320 PS AM P 22.00 0;SIMPLE_INSTRUMENT;BLOCK;EUR;8;9.71700000;1500;PRC_DECOMP_EXCHANGE;;;;XEUR;10824896;48227;EXCHANGE
20.11.2024;12:26:58.245;FIA5.O.241120.STG.000003;STANDARD_OPTION_STRATEGY;BLOCK;EUR;12;2.75000000;375;EXCHANGE_LAST;;1;1;XEUR;72264727425718822;48227;
20.11.2024;12:26:58.245;FIA5 SI 20241219 PS AM P 15.00 0;SIMPLE_INSTRUMENT;BLOCK;EUR;12;2.74000000;375;PRC_DECOMP_MEMBER;;;;XEUR;10375985;48227;MEMBER
20.11.2024;12:26:58.245;FIA5 SI 20241219 PS AM C 17.00 0;SIMPLE_INSTRUMENT;BLOCK;EUR;12;0.01000000;375;PRC_DECOMP_MEMBER;;;;XEUR;10375988;48227;MEMBER
20.11.2024;12:27:03.546;FIA5.O.241120.STG.000003;STANDARD_OPTION_STRATEGY;BLOCK;EUR;13;2.76000000;375;EXCHANGE_LAST;;1;1;XEUR;72264727425718822;48227;
20.11.2024;12:27:03.546;FIA5 SI 20241219 PS AM C 17.00 0;SIMPLE_INSTRUMENT;BLOCK;EUR;13;0.01000000;375;PRC_DECOMP_MEMBER;;;;XEUR;10375988;48227;MEMBER
20.11.2024;12:27:03.546;FIA5 SI 20241219 PS AM P 15.00 0;SIMPLE_INSTRUMENT;BLOCK;EUR;13;2.75000000;375;PRC_DECOMP_MEMBER;;;;XEUR;10375985;48227;MEMBER
20.11.2024;08:15:52.883;FMAE SI 20241220 CS;SIMPLE_INSTRUMENT;BLOCK;EUR;16;409.13100000;400;EXCHANGE_LAST;;1;1;XEUR;7193451;48921;
20.11.2024;11:08:23.586;FMAS SI 20241220 CS;SIMPLE_INSTRUMENT;BLOCK;USD;29;625.60000000;183;EXCHANGE_LAST;;1;1;XEUR;7191852;7061;
20.11.2024;02:33:45.864;FMAU SI 20241220 CS;SIMPLE_INSTRUMENT;BLOCK;USD;4;5981.97600000;126;EXCHANGE_LAST;;1;1;XEUR;7192605;45287;
20.11.2024;01:13:36.418;FMCH SI 20241220 CS;SIMPLE_INSTRUMENT;BLOCK;USD;2;507.86800000;397;EXCHANGE_LAST;;1;1;XEUR;7196792;402909;
20.11.2024;02:35:55.798;FMCH SI 20241220 CS;SIMPLE_INSTRUMENT;BLOCK;USD;5;507.96900000;196;EXCHANGE_LAST;;1;1;XEUR;7196792;402909;
20.11.2024;16:04:47.081;FMCH SI 20241220 CS;SIMPLE_INSTRUMENT;BLOCK;USD;47;505.80000000;411;EXCHANGE_LAST;;1;1;XEUR;7196792;402909;
20.11.2024;13:12:48.432;FMEF.S.DEC24.JUN25.SPD;FUTURES_SPREAD;BLOCK;USD;38;-15.87800000;1000;EXCHANGE_LAST;;1;1;XEUR;72189264850321852;30657;
20.11.2024;13:12:48.432;FMEF SI 20250620 CS;SIMPLE_INSTRUMENT;BLOCK;USD;38;1110.87800000;1000;PRC_DECOMP_MEMBER;;;;XEUR;7408968;30657;MEMBER
20.11.2024;13:12:48.432;FMEF SI 20241220 CS;SIMPLE_INSTRUMENT;BLOCK;USD;38;1095.00000000;1000;PRC_DECOMP_MEMBER;;;;XEUR;7192304;30657;MEMBER
20.11.2024;14:22:07.700;FMEF SI 20241220 CS;SIMPLE_INSTRUMENT;BLOCK;USD;41;1100.00000000;60;EXCHANGE_LAST;;1;2;XEUR;7192304;30657;
20.11.2024;07:48:23.736;FMEM SI 20241220 CS;SIMPLE_INSTRUMENT;EFP_IDX;USD;14;585.44000000;350;EXCHANGE_LAST;;1;1;XEUR;7191937;12394;
20.11.2024;07:57:25.969;FMEN SI 20241220 CS;SIMPLE_INSTRUMENT;EFP_IDX;EUR;15;519.03900000;13;EXCHANGE_LAST;;1;1;XEUR;7192297;30652;
20.11.2024;07:45:48.728;FMEU SI 20241220 CS;SIMPLE_INSTRUMENT;EFP_IDX;EUR;12;332.32000000;3884;EXCHANGE_LAST;;1;1;XEUR;7191848;7058;
20.11.2024;07:47:10.784;FMEU SI 20241220 CS;SIMPLE_INSTRUMENT;EFP_IDX;EUR;13;332.30100000;56;EXCHANGE_LAST;;1;1;XEUR;7191848;7058;
20.11.2024;08:22:36.843;FMGC SI 20241220 CS;SIMPLE_INSTRUMENT;EFP_IDX;USD;18;13046.69000000;7;EXCHANGE_LAST;;1;1;XEUR;7193447;48916;
20.11.2024;14:58:44.712;FMGO SI 20241220 CS;SIMPLE_INSTRUMENT;BLOCK;USD;42;5209.00000000;111;EXCHANGE_LAST;;1;1;XEUR;8609363;583623;
20.11.2024;02:38:42.110;FMHK SI 20241220 CS;SIMPLE_INSTRUMENT;BLOCK;USD;6;57201.42700000;35;EXCHANGE_LAST;;1;1;XEUR;7192592;45282;
20.11.2024;00:26:32.096;FMIN SI 20241220 CS;SIMPLE_INSTRUMENT;EFP_IDX;USD;1;1259.19300000;79;EXCHANGE_LAST;;1;1;XEUR;7191968;12404;
20.11.2024;01:49:50.704;FMIN SI 20241220 CS;SIMPLE_INSTRUMENT;BLOCK;USD;3;1259.31800000;60;EXCHANGE_LAST;;1;1;XEUR;7191968;12404;
20.11.2024;03:13:35.000;FMIN SI 20241220 CS;SIMPLE_INSTRUMENT;BLOCK;USD;7;1259.56500000;120;EXCHANGE_LAST;;1;1;XEUR;7191968;12404;
20.11.2024;07:27:29.793;FMIN SI 20241220 CS;SIMPLE_INSTRUMENT;BLOCK;USD;9;1269.50000000;788;EXCHANGE_LAST;;1;1;XEUR;7191968;12404;
20.11.2024;07:27:42.214;FMIN SI 20250321 CS;SIMPLE_INSTRUMENT;BLOCK;USD;10;1290.19300000;776;EXCHANGE_LAST;;1;1;XEUR;7589865;12404;
20.11.2024;08:25:26.313;FMIN SI 20241220 CS;SIMPLE_INSTRUMENT;BLOCK;USD;21;1259.44000000;103;EXCHANGE_LAST;;1;1;XEUR;7191968;12404;
20.11.2024;08:28:30.724;FMIN SI 20241220 CS;SIMPLE_INSTRUMENT;BLOCK;USD;24;1268.00000000;200;EXCHANGE_LAST;;1;1;XEUR;7191968;12404;
20.11.2024;08:29:00.145;FMIN SI 20250321 CS;SIMPLE_INSTRUMENT;BLOCK;USD;25;1289.30200000;197;EXCHANGE_LAST;;1;1;XEUR;7589865;12404;
20.11.2024;08:29:30.426;FMIN SI 20241220 CS;SIMPLE_INSTRUMENT;BLOCK;USD;26;1268.00000000;400;EXCHANGE_LAST;;1;1;XEUR;7191968;12404;
20.11.2024;08:30:03.184;FMIN SI 20250321 CS;SIMPLE_INSTRUMENT;BLOCK;USD;27;1289.30200000;393;EXCHANGE_LAST;;1;1;XEUR;7589865;12404;
20.11.2024;13:26:02.631;FMSA SI 20241220 CS;SIMPLE_INSTRUMENT;BLOCK;USD;39;1770.00000000;53;EXCHANGE_LAST;;1;1;XEUR;7194630;134861;
20.11.2024;13:26:56.960;FMSA SI 20241220 CS;SIMPLE_INSTRUMENT;BLOCK;USD;40;1771.00000000;187;EXCHANGE_LAST;;1;1;XEUR;7194630;134861;
20.11.2024;06:56:48.289;FMWO SI 20241220 CS;SIMPLE_INSTRUMENT;EFP_IDX;USD;8;11874.73000000;125;EXCHANGE_LAST;;1;1;XEUR;7191849;7059;
20.11.2024;07:29:17.128;FMWO SI 20241220 CS;SIMPLE_INSTRUMENT;BLOCK;USD;11;11874.74000000;447;EXCHANGE_LAST;;1;1;XEUR;7191849;7059;
20.11.2024;08:20:52.768;FMWO SI 20241220 CS;SIMPLE_INSTRUMENT;EFP_IDX;USD;17;11874.24000000;147;EXCHANGE_LAST;;1;1;XEUR;7191849;7059;
20.11.2024;16:54:42.634;FMWO SI 20241220 CS;SIMPLE_INSTRUMENT;BLOCK;USD;64;11796.00000000;414;EXCHANGE_LAST;;1;1;XEUR;7191849;7059;
20.11.2024;15:50:07.483;FMZA SI 20241220 CS;SIMPLE_INSTRUMENT;BLOCK;USD;46;599.00000000;105;EXCHANGE_LAST;;1;1;XEUR;7192043;12680;
20.11.2024;09:46:07.290;FOAT SI 20241206 PS;SIMPLE_INSTRUMENT;EFP_FIN;EUR;1;124.89000000;830;EXCHANGE_LAST;;1;1;XEUR;10804528;749;
20.11.2024;09:56:38.109;FOAT SI 20241206 PS;SIMPLE_INSTRUMENT;EFP_FIN;EUR;2;124.85000000;831;EXCHANGE_LAST;;1;1;XEUR;10804528;749;
20.11.2024;10:08:08.297;FOAT SI 20241206 PS;SIMPLE_INSTRUMENT;BLOCK;EUR;3;124.83000000;748;EXCHANGE_LAST;;1;1;XEUR;10804528;749;
20.11.2024;10:22:39.500;FOAT SI 20241206 PS;SIMPLE_INSTRUMENT;EFP_FIN;EUR;4;124.88000000;831;EXCHANGE_LAST;;1;1;XEUR;10804528;749;
20.11.2024;10:25:24.901;FOAT SI 20241206 PS;SIMPLE_INSTRUMENT;EFP_FIN;EUR;5;124.85000000;327;EXCHANGE_LAST;;1;1;XEUR;10804528;749;
20.11.2024;10:37:03.725;FOAT SI 20241206 PS;SIMPLE_INSTRUMENT;EFP_FIN;EUR;6;124.83000000;360;EXCHANGE_LAST;;1;1;XEUR;10804528;749;
20.11.2024;10:53:12.995;FOAT SI 20241206 PS;SIMPLE_INSTRUMENT;EFP_FIN;EUR;7;124.80000000;831;EXCHANGE_LAST;;1;1;XEUR;10804528;749;
20.11.2024;10:58:36.957;FOAT SI 20241206 PS;SIMPLE_INSTRUMENT;EFP_FIN;EUR;8;124.86000000;415;EXCHANGE_LAST;;1;1;XEUR;10804528;749;
20.11.2024;11:02:32.489;FOAT SI 20241206 PS;SIMPLE_INSTRUMENT;EFP_FIN;EUR;9;124.86000000;3322;EXCHANGE_LAST;;1;1;XEUR;10804528;749;
20.11.2024;11:29:01.460;FOAT SI 20241206 PS;SIMPLE_INSTRUMENT;EFP_FIN;EUR;10;124.78000000;979;EXCHANGE_LAST;;1;1;XEUR;10804528;749;
20.11.2024;11:56:24.390;FOAT SI 20241206 PS;SIMPLE_INSTRUMENT;EFP_FIN;EUR;11;124.67000000;522;EXCHANGE_LAST;;1;1;XEUR;10804528;749;
20.11.2024;12:05:35.987;FOAT SI 20241206 PS;SIMPLE_INSTRUMENT;EFP_FIN;EUR;12;124.80000000;1246;EXCHANGE_LAST;;1;1;XEUR;10804528;749;
20.11.2024;12:57:49.436;FOAT SI 20250306 PS;SIMPLE_INSTRUMENT;EFP_FIN;EUR;13;124.32000000;624;EXCHANGE_LAST;;1;1;XEUR;11286683;749;
20.11.2024;13:16:52.317;FOAT SI 20241206 PS;SIMPLE_INSTRUMENT;EFS;EUR;14;124.60000000;200;EXCHANGE_LAST;;1;1;XEUR;10804528;749;
20.11.2024;13:20:44.726;FOAT SI 20241206 PS;SIMPLE_INSTRUMENT;EFP_FIN;EUR;15;124.55000000;79;EXCHANGE_LAST;;1;1;XEUR;10804528;749;
20.11.2024;13:24:24.191;FOAT SI 20241206 PS;SIMPLE_INSTRUMENT;EFP_FIN;EUR;16;124.57000000;280;EXCHANGE_LAST;;1;1;XEUR;10804528;749;
20.11.2024;13:26:42.941;FOAT SI 20241206 PS;SIMPLE_INSTRUMENT;EFP_FIN;EUR;17;124.58000000;1165;EXCHANGE_LAST;;1;1;XEUR;10804528;749;
20.11.2024;13:39:34.530;FOAT SI 20241206 PS;SIMPLE_INSTRUMENT;EFP_FIN;EUR;18;124.55000000;415;EXCHANGE_LAST;;1;1;XEUR;10804528;749;
20.11.2024;13:40:41.008;FOAT SI 20241206 PS;SIMPLE_INSTRUMENT;EFP_FIN;EUR;19;124.57000000;380;EXCHANGE_LAST;;1;1;XEUR;10804528;749;
20.11.2024;13:59:01.487;FOAT SI 20241206 PS;SIMPLE_INSTRUMENT;EFP_FIN;EUR;20;124.50000000;225;EXCHANGE_LAST;;1;1;XEUR;10804528;749;
20.11.2024;14:01:04.685;FOAT SI 20241206 PS;SIMPLE_INSTRUMENT;EFP_FIN;EUR;21;124.51000000;221;EXCHANGE_LAST;;1;1;XEUR;10804528;749;
20.11.2024;14:09:38.945;FOAT SI 20241206 PS;SIMPLE_INSTRUMENT;EFP_FIN;EUR;22;124.49000000;88;EXCHANGE_LAST;;1;1;XEUR;10804528;749;
20.11.2024;14:23:14.488;FOAT SI 20241206 PS;SIMPLE_INSTRUMENT;EFP_FIN;EUR;23;124.54000000;275;EXCHANGE_LAST;;1;1;XEUR;10804528;749;
20.11.2024;14:41:08.589;FOAT SI 20241206 PS;SIMPLE_INSTRUMENT;EFP_FIN;EUR;24;124.74000000;460;EXCHANGE_LAST;;1;1;XEUR;10804528;749;
20.11.2024;14:49:45.424;FOAT SI 20241206 PS;SIMPLE_INSTRUMENT;EFP_FIN;EUR;25;124.50000000;221;EXCHANGE_LAST;;1;1;XEUR;10804528;749;
20.11.2024;15:02:28.090;FOAT SI 20241206 PS;SIMPLE_INSTRUMENT;EFP_FIN;EUR;27;124.73000000;233;EXCHANGE_LAST;;1;1;XEUR;10804528;749;
20.11.2024;15:03:42.614;FOAT SI 20241206 PS;SIMPLE_INSTRUMENT;EFP_FIN;EUR;28;124.51000000;831;EXCHANGE_LAST;;1;1;XEUR;10804528;749;
20.11.2024;15:51:41.304;FOAT SI 20241206 PS;SIMPLE_INSTRUMENT;EFP_FIN;EUR;29;124.85000000;830;EXCHANGE_LAST;;1;1;XEUR;10804528;749;
20.11.2024;15:52:26.082;FOAT SI 20241206 PS;SIMPLE_INSTRUMENT;EFP_FIN;EUR;30;124.82000000;830;EXCHANGE_LAST;;1;1;XEUR;10804528;749;
20.11.2024;16:02:19.053;FOAT SI 20241206 PS;SIMPLE_INSTRUMENT;EFP_FIN;EUR;31;124.83000000;206;EXCHANGE_LAST;;1;1;XEUR;10804528;749;
20.11.2024;16:08:57.042;FOAT SI 20241206 PS;SIMPLE_INSTRUMENT;EFP_FIN;EUR;32;124.82000000;830;EXCHANGE_LAST;;1;1;XEUR;10804528;749;
20.11.2024;16:11:21.133;FOAT SI 20241206 PS;SIMPLE_INSTRUMENT;EFP_FIN;EUR;33;124.54000000;166;EXCHANGE_LAST;;1;1;XEUR;10804528;749;
20.11.2024;16:20:00.901;FOAT SI 20241206 PS;SIMPLE_INSTRUMENT;EFP_FIN;EUR;34;124.80000000;623;EXCHANGE_LAST;;1;1;XEUR;10804528;749;
20.11.2024;16:20:27.784;FOAT SI 20241206 PS;SIMPLE_INSTRUMENT;EFP_FIN;EUR;35;124.80000000;207;EXCHANGE_LAST;;1;1;XEUR;10804528;749;
20.11.2024;16:21:21.079;FOAT SI 20241206 PS;SIMPLE_INSTRUMENT;BLOCK;EUR;36;124.86000000;620;EXCHANGE_LAST;;1;1;XEUR;10804528;749;
20.11.2024;16:36:20.345;FOAT SI 20241206 PS;SIMPLE_INSTRUMENT;EFP_FIN;EUR;37;124.82000000;79;EXCHANGE_LAST;;1;1;XEUR;10804528;749;
20.11.2024;16:46:06.629;FSEG SI 20241220 CS;SIMPLE_INSTRUMENT;EFP_IDX;EUR;65;186.20000000;7;EXCHANGE_LAST;;1;1;XEUR;10871764;109977;
20.11.2024;16:46:22.702;FSEG SI 20241220 CS;SIMPLE_INSTRUMENT;EFP_IDX;EUR;66;186.10000000;42;EXCHANGE_LAST;;1;1;XEUR;10871764;109977;
20.11.2024;10:37:10.862;FSMI SI 20241220 CS;SIMPLE_INSTRUMENT;EFP_IDX;CHF;1;11635.00000000;250;EXCHANGE_LAST;;1;1;XEUR;7793735;757;
20.11.2024;16:44:24.069;FSMI SI 20241220 CS;SIMPLE_INSTRUMENT;EFP_IDX;CHF;2;11552.00000000;215;EXCHANGE_LAST;;1;1;XEUR;7793735;757;
20.11.2024;16:44:41.715;FSMI SI 20241220 CS;SIMPLE_INSTRUMENT;EFP_IDX;CHF;3;11553.00000000;35;EXCHANGE_LAST;;1;1;XEUR;7793735;757;
20.11.2024;16:44:33.081;FSMI SI 20241220 CS;SIMPLE_INSTRUMENT;EFP_IDX;CHF;4;11552.00000000;430;EXCHANGE_LAST;;1;1;XEUR;7793735;757;
20.11.2024;16:44:52.416;FSMI SI 20241220 CS;SIMPLE_INSTRUMENT;EFP_IDX;CHF;5;11553.00000000;70;EXCHANGE_LAST;;1;1;XEUR;7793735;757;
20.11.2024;17:07:07.171;FSMI SI 20241220 CS;SIMPLE_INSTRUMENT;EFP_IDX;CHF;6;11552.00000000;43;EXCHANGE_LAST;;1;1;XEUR;7793735;757;
20.11.2024;17:07:23.477;FSMI SI 20241220 CS;SIMPLE_INSTRUMENT;EFP_IDX;CHF;7;11553.00000000;7;EXCHANGE_LAST;;1;1;XEUR;7793735;757;
20.11.2024;15:15:16.549;FSTA SI 20241220 CS;SIMPLE_INSTRUMENT;BLOCK;EUR;1;526.40000000;399;EXCHANGE_LAST;;1;1;XEUR;10839562;715;
20.11.2024;15:16:56.832;FSTE SI 20241220 CS;SIMPLE_INSTRUMENT;BLOCK;EUR;2;342.20000000;293;EXCHANGE_LAST;;1;1;XEUR;10839564;719;
20.11.2024;16:47:59.152;FSTE SI 20241220 CS;SIMPLE_INSTRUMENT;EFP_IDX;EUR;3;341.00000000;28;EXCHANGE_LAST;;1;1;XEUR;10839564;719;
20.11.2024;16:49:27.876;FSTE SI 20241220 CS;SIMPLE_INSTRUMENT;EFP_IDX;EUR;4;341.20000000;9;EXCHANGE_LAST;;1;1;XEUR;10839564;719;
20.11.2024;16:48:56.236;FSTG SI 20241220 CS;SIMPLE_INSTRUMENT;EFP_IDX;EUR;67;869.10000000;179;EXCHANGE_LAST;;1;1;XEUR;10839565;717;
20.11.2024;16:49:14.735;FSTG SI 20241220 CS;SIMPLE_INSTRUMENT;EFP_IDX;EUR;68;869.20000000;76;EXCHANGE_LAST;;1;1;XEUR;10839565;717;
20.11.2024;16:45:42.356;FSTH SI 20241220 CS;SIMPLE_INSTRUMENT;BLOCK;EUR;5;1112.30000000;373;EXCHANGE_LAST;;1;1;XEUR;10839563;716;
20.11.2024;09:27:13.314;FSTI SI 20241220 CS;SIMPLE_INSTRUMENT;BLOCK;EUR;6;404.70000000;490;EXCHANGE_LAST;;1;1;XEUR;10839555;707;
20.11.2024;16:46:10.415;FSTI SI 20241220 CS;SIMPLE_INSTRUMENT;EFP_IDX;EUR;64;402.90000000;900;EXCHANGE_LAST;;1;1;XEUR;10839555;707;
20.11.2024;16:51:08.661;FSTI SI 20241220 CS;SIMPLE_INSTRUMENT;BLOCK;EUR;69;402.80000000;355;EXCHANGE_LAST;;1;1;XEUR;10839555;707;
20.11.2024;16:51:45.020;FSTI SI 20241220 CS;SIMPLE_INSTRUMENT;BLOCK;EUR;70;402.90000000;282;EXCHANGE_LAST;;1;1;XEUR;10839555;707;
20.11.2024;09:04:51.921;FTE SI 20241220 PS AM P 10.00 0;SIMPLE_INSTRUMENT;BLOCK;EUR;1;0.40000000;2000;EXCHANGE_LAST;;1;1;XEUR;6499597;724;
20.11.2024;11:14:52.886;FTEG SI 20250620 CS;SIMPLE_INSTRUMENT;BLOCK;EUR;27;9.42000000;30000;EXCHANGE_LAST;;1;1;XEUR;11206176;390378;
20.11.2024;14:40:43.928;FUEM SI 20241220 CS;SIMPLE_INSTRUMENT;BLOCK;USD;42;114.47000000;400;EXCHANGE_LAST;;1;1;XEUR;10921824;772680;
20.11.2024;14:37:45.556;FUHY SI 20241220 CS;SIMPLE_INSTRUMENT;BLOCK;USD;41;683.70000000;200;EXCHANGE_LAST;;1;1;XEUR;11850131;909660;
20.11.2024;14:34:16.072;FUIG SI 20241220 CS;SIMPLE_INSTRUMENT;BLOCK;USD;40;3311.60000000;380;EXCHANGE_LAST;;1;1;XEUR;11850127;909659;
20.11.2024;15:26:19.241;FVS SI 20250219 CS;SIMPLE_INSTRUMENT;BLOCK;EUR;44;19.25000000;6000;EXCHANGE_LAST;;1;1;XEUR;11334509;821;
20.11.2024;15:26:39.539;FVS SI 20241218 CS;SIMPLE_INSTRUMENT;BLOCK;EUR;45;18.80000000;6000;EXCHANGE_LAST;;1;1;XEUR;11022006;821;
20.11.2024;09:13:00.491;FXXP SI 20241220 CS;SIMPLE_INSTRUMENT;BLOCK;EUR;28;504.50000000;2145;EXCHANGE_LAST;;1;1;XEUR;7793976;816;
20.11.2024;11:22:03.492;FXXP SI 20241220 CS;SIMPLE_INSTRUMENT;BLOCK;EUR;30;502.90000000;1016;EXCHANGE_LAST;;1;1;XEUR;7793976;816;
20.11.2024;15:09:38.911;FXXP SI 20241220 CS;SIMPLE_INSTRUMENT;BLOCK;EUR;43;501.30000000;315;EXCHANGE_LAST;;1;1;XEUR;7793976;816;
20.11.2024;16:26:05.953;FXXP SI 20241220 CS;SIMPLE_INSTRUMENT;BLOCK;EUR;48;501.90000000;913;EXCHANGE_LAST;;1;1;XEUR;7793976;816;
20.11.2024;16:33:15.812;FXXP SI 20241220 CS;SIMPLE_INSTRUMENT;BLOCK;EUR;49;501.40000000;671;EXCHANGE_LAST;;1;1;XEUR;7793976;816;
20.11.2024;16:41:02.012;FXXP SI 20241220 CS;SIMPLE_INSTRUMENT;BLOCK;EUR;50;501.50000000;300;EXCHANGE_LAST;;1;1;XEUR;7793976;816;
20.11.2024;16:41:32.200;FXXP SI 20241220 CS;SIMPLE_INSTRUMENT;BLOCK;EUR;51;501.60000000;1200;EXCHANGE_LAST;;1;1;XEUR;7793976;816;
20.11.2024;16:50:34.578;FXXP SI 20241220 CS;SIMPLE_INSTRUMENT;EFP_IDX;EUR;52;501.50000000;36;EXCHANGE_LAST;;1;1;XEUR;7793976;816;
20.11.2024;16:50:49.344;FXXP SI 20241220 CS;SIMPLE_INSTRUMENT;EFP_IDX;EUR;53;501.60000000;144;EXCHANGE_LAST;;1;1;XEUR;7793976;816;
20.11.2024;16:47:49.893;FXXP SI 20241220 CS;SIMPLE_INSTRUMENT;EFP_IDX;EUR;54;501.50000000;100;EXCHANGE_LAST;;1;1;XEUR;7793976;816;
20.11.2024;16:47:54.856;FXXP SI 20241220 CS;SIMPLE_INSTRUMENT;EFP_IDX;EUR;55;501.60000000;400;EXCHANGE_LAST;;1;1;XEUR;7793976;816;
20.11.2024;17:15:17.183;FXXP SI 20241220 CS;SIMPLE_INSTRUMENT;BLOCK;EUR;65;502.20000000;832;EXCHANGE_LAST;;1;1;XEUR;7793976;816;
20.11.2024;15:28:28.135;G3ZF SI 20251219 CS;SIMPLE_INSTRUMENT;BLOCK;EUR;70;1.46500000;205;EXCHANGE_LAST;;1;1;XEUR;5914677;144760;
20.11.2024;15:47:22.433;G3ZF SI 20251219 CS;SIMPLE_INSTRUMENT;BLOCK;EUR;75;1.46500000;200;EXCHANGE_LAST;;1;1;XEUR;5914677;144760;
20.11.2024;15:09:50.415;GEBN.O.241120.STG.000002;STANDARD_OPTION_STRATEGY;BLOCK;CHF;52;85.50000000;400;EXCHANGE_LAST;;1;1;XEUR;72061382199098263;882;
20.11.2024;15:09:50.415;GEBN SI 20251219 PS AM P 510.00 0;SIMPLE_INSTRUMENT;BLOCK;CHF;52;46.96000000;400;PRC_DECOMP_EXCHANGE;;;;XEUR;10967400;882;EXCHANGE
20.11.2024;15:09:50.415;GEBN SI 20251219 PS AM C 530.00 0;SIMPLE_INSTRUMENT;BLOCK;CHF;52;38.54000000;400;PRC_DECOMP_EXCHANGE;;;;XEUR;10967397;882;EXCHANGE
20.11.2024;14:17:31.288;GSK SI 20250221 PS AM P 1250 0;SIMPLE_INSTRUMENT;BLOCK;GBX;3;45.00000000;450;EXCHANGE_LAST;;1;1;XEUR;12278879;553011;
20.11.2024;14:17:36.576;GSK SI 20250221 PS AM C 1400 0;SIMPLE_INSTRUMENT;BLOCK;GBX;4;45.00000000;450;EXCHANGE_LAST;;1;1;XEUR;12278873;553011;
20.11.2024;11:02:07.670;GZF.O.241120.PDIA.000001;STANDARD_OPTION_STRATEGY;BLOCK;EUR;9;-0.23000000;4000;EXCHANGE_LAST;;1;2;XEUR;72061266234979916;855;
20.11.2024;11:02:07.670;GZF SI 20250321 PS AM P 14.00 0;SIMPLE_INSTRUMENT;BLOCK;EUR;9;0.19000000;4000;PRC_DECOMP_EXCHANGE;;;;XEUR;10841426;855;EXCHANGE
20.11.2024;11:02:07.670;GZF SI 20250221 PS AM P 15.40 0;SIMPLE_INSTRUMENT;BLOCK;EUR;9;0.42000000;4000;PRC_DECOMP_EXCHANGE;;;;XEUR;12246282;855;EXCHANGE
20.11.2024;13:20:40.814;GZF.O.241120.BRT.000002;STANDARD_OPTION_STRATEGY;BLOCK;EUR;14;0.44000000;5000;EXCHANGE_LAST;;1;1;XEUR;72061266234979917;855;
20.11.2024;13:20:40.814;GZF SI 20250620 PS AM P 14.00 0;SIMPLE_INSTRUMENT;BLOCK;EUR;14;0.60000000;5000;PRC_DECOMP_EXCHANGE;;;;XEUR;7905359;855;EXCHANGE
20.11.2024;13:20:40.814;GZF SI 20250321 PS AM P 14.00 0;SIMPLE_INSTRUMENT;BLOCK;EUR;14;0.16000000;5000;PRC_DECOMP_EXCHANGE;;;;XEUR;10841426;855;EXCHANGE
20.11.2024;13:20:50.338;GZF.O.241120.BRT.000002;STANDARD_OPTION_STRATEGY;BLOCK;EUR;15;0.45000000;5000;EXCHANGE_LAST;;1;1;XEUR;72061266234979917;855;
20.11.2024;13:20:50.338;GZF SI 20250321 PS AM P 14.00 0;SIMPLE_INSTRUMENT;BLOCK;EUR;15;0.15000000;5000;PRC_DECOMP_EXCHANGE;;;;XEUR;10841426;855;EXCHANGE
20.11.2024;13:20:50.338;GZF SI 20250620 PS AM P 14.00 0;SIMPLE_INSTRUMENT;BLOCK;EUR;15;0.60000000;5000;PRC_DECOMP_EXCHANGE;;;;XEUR;7905359;855;EXCHANGE
20.11.2024;14:04:12.414;GZFH.S.DEC24.MAR25.SPD;FUTURES_SPREAD;BLOCK;EUR;47;-0.13000000;25000;EXCHANGE_LAST;;1;1;XEUR;72679367863435392;144768;
20.11.2024;14:04:12.414;GZFH SI 20241220 CS;SIMPLE_INSTRUMENT;BLOCK;EUR;47;15.48700000;25000;PRC_DECOMP_EXCHANGE;;;;XEUR;7053086;144768;EXCHANGE
20.11.2024;14:04:12.414;GZFH SI 20250321 CS;SIMPLE_INSTRUMENT;BLOCK;EUR;47;15.61700000;25000;PRC_DECOMP_EXCHANGE;;;;XEUR;10725716;144768;EXCHANGE
20.11.2024;13:59:30.018;HELN SI 20250919 PS AM P 140.00 0;SIMPLE_INSTRUMENT;BLOCK;CHF;43;5.85000000;1000;EXCHANGE_LAST;;1;1;XEUR;11882608;838;
20.11.2024;08:46:34.957;HNK SI 20271217 PS AM P 44.00 0;SIMPLE_INSTRUMENT;BLOCK;EUR;1;1.67000000;1000;EXCHANGE_LAST;;1;1;XEUR;8786028;947;
20.11.2024;09:31:15.233;HNK SI 20271217 PS AM P 52.00 0;SIMPLE_INSTRUMENT;BLOCK;EUR;6;3.10000000;700;EXCHANGE_LAST;;1;1;XEUR;8786050;947;
