#Date;TrdTime;Contract;ContractType;TrdTyp;Currency;TesId;Prc;Qty;TrdInd;Aggressor;Buy;Sell;Exch;InstrumentId;RelatedProdId;PrcDecomp
11.02.2025;10:55:28.629;A2SG SI 20261218 CS;SIMPLE_INSTRUMENT;BLOCK;EUR;32;1.50500000;1250;EXCHANGE_LAST;;1;1;XEUR;6796964;14;
11.02.2025;11:58:59.605;A2SG SI 20251219 CS;SIMPLE_INSTRUMENT;BLOCK;EUR;52;1.44000000;400;EXCHANGE_LAST;;1;1;XEUR;5914262;14;
11.02.2025;16:19:43.647;A2SG SI 20251219 CS;SIMPLE_INSTRUMENT;BLOCK;EUR;97;1.44000000;250;EXCHANGE_LAST;;1;1;XEUR;5914262;14;
11.02.2025;16:24:42.183;A2SG SI 20261218 CS;SIMPLE_INSTRUMENT;BLOCK;EUR;102;1.51000000;600;EXCHANGE_LAST;;1;2;XEUR;6796964;14;
11.02.2025;09:24:41.303;A2XA SI 20261218 CS;SIMPLE_INSTRUMENT;BLOCK;EUR;6;2.38000000;1150;EXCHANGE_LAST;;1;4;XEUR;4632093;17;
11.02.2025;10:05:07.593;A2XA SI 20251219 CS;SIMPLE_INSTRUMENT;BLOCK;EUR;15;2.35000000;350;EXCHANGE_LAST;;1;1;XEUR;3681055;17;
11.02.2025;10:22:39.543;A2XA SI 20261218 CS;SIMPLE_INSTRUMENT;BLOCK;EUR;18;2.38000000;750;EXCHANGE_LAST;;1;1;XEUR;4632093;17;
11.02.2025;10:42:46.769;A2XA SI 20261218 CS;SIMPLE_INSTRUMENT;BLOCK;EUR;28;2.38000000;2600;EXCHANGE_LAST;;3;3;XEUR;4632093;17;
11.02.2025;10:52:27.090;A2XA SI 20261218 CS;SIMPLE_INSTRUMENT;BLOCK;EUR;31;2.38000000;400;EXCHANGE_LAST;;1;1;XEUR;4632093;17;
11.02.2025;11:00:31.209;A2XA SI 20261218 CS;SIMPLE_INSTRUMENT;BLOCK;EUR;34;2.38000000;500;EXCHANGE_LAST;;1;1;XEUR;4632093;17;
11.02.2025;11:03:53.468;A2XA SI 20251219 CS;SIMPLE_INSTRUMENT;BLOCK;EUR;37;2.35000000;250;EXCHANGE_LAST;;1;1;XEUR;3681055;17;
11.02.2025;11:28:28.802;A2XA SI 20261218 CS;SIMPLE_INSTRUMENT;BLOCK;EUR;45;2.38000000;750;EXCHANGE_LAST;;2;1;XEUR;4632093;17;
11.02.2025;11:50:20.331;A2XA SI 20251219 CS;SIMPLE_INSTRUMENT;BLOCK;EUR;49;2.35000000;250;EXCHANGE_LAST;;1;1;XEUR;3681055;17;
11.02.2025;12:57:45.253;A2XA SI 20261218 CS;SIMPLE_INSTRUMENT;BLOCK;EUR;56;2.38000000;350;EXCHANGE_LAST;;2;1;XEUR;4632093;17;
11.02.2025;13:05:31.493;A2XA SI 20261218 CS;SIMPLE_INSTRUMENT;BLOCK;EUR;59;2.38000000;350;EXCHANGE_LAST;;1;1;XEUR;4632093;17;
11.02.2025;13:23:47.315;A2XA SI 20271217 CS;SIMPLE_INSTRUMENT;BLOCK;EUR;61;2.12000000;1000;EXCHANGE_LAST;;1;1;XEUR;5914267;17;
11.02.2025;13:26:01.114;A2XA.S.DEC25.DEC26.SPD;FUTURES_SPREAD;BLOCK;EUR;63;-0.03000000;250;EXCHANGE_LAST;;1;1;XEUR;72057667052372026;17;
11.02.2025;13:26:01.114;A2XA SI 20251219 CS;SIMPLE_INSTRUMENT;BLOCK;EUR;63;2.35000000;250;PRC_DECOMP_MEMBER;;;;XEUR;3681055;17;MEMBER
11.02.2025;13:26:01.114;A2XA SI 20261218 CS;SIMPLE_INSTRUMENT;BLOCK;EUR;63;2.38000000;250;PRC_DECOMP_MEMBER;;;;XEUR;4632093;17;MEMBER
11.02.2025;13:37:22.455;A2XA SI 20271217 CS;SIMPLE_INSTRUMENT;BLOCK;EUR;66;2.13500000;300;EXCHANGE_LAST;;1;1;XEUR;5914267;17;
11.02.2025;13:44:08.378;A2XA SI 20271217 CS;SIMPLE_INSTRUMENT;BLOCK;EUR;67;2.13000000;700;EXCHANGE_LAST;;1;1;XEUR;5914267;17;
11.02.2025;14:02:39.351;A2XA SI 20271217 CS;SIMPLE_INSTRUMENT;BLOCK;EUR;73;2.12000000;150;EXCHANGE_LAST;;1;1;XEUR;5914267;17;
11.02.2025;14:29:40.983;A2XA SI 20251219 CS;SIMPLE_INSTRUMENT;BLOCK;EUR;78;2.35000000;250;EXCHANGE_LAST;;1;1;XEUR;3681055;17;
11.02.2025;14:30:23.589;A2XA SI 20261218 CS;SIMPLE_INSTRUMENT;BLOCK;EUR;79;2.38000000;250;EXCHANGE_LAST;;1;1;XEUR;4632093;17;
11.02.2025;10:03:52.963;ABBN.O.250211.STG.000001;STANDARD_OPTION_STRATEGY;BLOCK;CHF;9;6.10000000;1000;EXCHANGE_LAST;;1;1;XEUR;74525125763937671;574517;
11.02.2025;10:03:52.963;ABBN SI 20250919 PS AM P 50.00 0;SIMPLE_INSTRUMENT;BLOCK;CHF;9;3.60000000;1000;PRC_DECOMP_MEMBER;;;;XEUR;11927922;574517;MEMBER
11.02.2025;10:03:52.963;ABBN SI 20250919 PS AM C 52.00 0;SIMPLE_INSTRUMENT;BLOCK;CHF;9;2.50000000;1000;PRC_DECOMP_MEMBER;;;;XEUR;11927835;574517;MEMBER
11.02.2025;11:17:05.028;ABBN.O.250211.BER.000002;STANDARD_OPTION_STRATEGY;BLOCK;CHF;23;3.25000000;3000;EXCHANGE_LAST;;2;1;XEUR;74525125763937672;574517;
11.02.2025;11:17:05.028;ABBN SI 20250620 PS AM P 50.00 0;SIMPLE_INSTRUMENT;BLOCK;CHF;23;2.72000000;3000;PRC_DECOMP_EXCHANGE;;;;XEUR;11409836;574517;EXCHANGE
11.02.2025;11:17:05.028;ABBN SI 20250620 PS AM P 55.00 0;SIMPLE_INSTRUMENT;BLOCK;CHF;23;5.97000000;3000;PRC_DECOMP_EXCHANGE;;;;XEUR;11848984;574517;EXCHANGE
11.02.2025;09:21:55.661;ALV SI 20251219 PS AM C 280.00 0;SIMPLE_INSTRUMENT;BLOCK;EUR;2;46.46000000;600;EXCHANGE_LAST;;1;1;XEUR;5920783;74;
11.02.2025;09:22:16.682;ALV SI 20251219 PS AM P 280.00 0;SIMPLE_INSTRUMENT;BLOCK;EUR;3;8.79000000;600;EXCHANGE_LAST;;1;1;XEUR;5920784;74;
11.02.2025;09:22:34.446;ALV SI 20260619 PS AM C 310.00 0;SIMPLE_INSTRUMENT;BLOCK;EUR;4;28.40000000;600;EXCHANGE_LAST;;1;1;XEUR;12715881;74;
11.02.2025;09:22:56.570;ALV SI 20260619 PS AM P 310.00 0;SIMPLE_INSTRUMENT;BLOCK;EUR;5;26.55000000;600;EXCHANGE_LAST;;1;1;XEUR;12715885;74;
11.02.2025;10:33:25.406;ALV SI 20250620 PS AM P 310.00 0;SIMPLE_INSTRUMENT;BLOCK;EUR;6;12.40000000;300;EXCHANGE_LAST;;1;1;XEUR;12056994;74;
11.02.2025;14:06:50.170;ALV SI 20261218 PS AM P 320.00 0;SIMPLE_INSTRUMENT;BLOCK;EUR;8;34.75000000;300;EXCHANGE_LAST;;1;1;XEUR;7152542;74;
11.02.2025;14:32:51.260;ALV SI 20250321 PS AM P 310.00 0;SIMPLE_INSTRUMENT;BLOCK;EUR;9;3.68000000;400;EXCHANGE_LAST;;1;1;XEUR;12037980;74;
11.02.2025;12:38:06.099;ANN SI 20250919 PS AM P 28.00 0;SIMPLE_INSTRUMENT;BLOCK;EUR;9;1.95000000;750;EXCHANGE_LAST;;1;1;XEUR;11906438;45202;
11.02.2025;15:33:42.278;AOM.O.250211.BRT.000002;STANDARD_OPTION_STRATEGY;BLOCK;EUR;24;1.20000000;500;EXCHANGE_LAST;;1;1;XEUR;72057971995059440;88;
11.02.2025;15:33:42.278;AOM SI 20250321 PS AM P 20.00 0;SIMPLE_INSTRUMENT;BLOCK;EUR;24;0.45000000;500;PRC_DECOMP_EXCHANGE;;;;XEUR;11249139;88;EXCHANGE
11.02.2025;15:33:42.278;AOM SI 20250919 PS AM P 20.00 0;SIMPLE_INSTRUMENT;BLOCK;EUR;24;1.65000000;500;PRC_DECOMP_EXCHANGE;;;;XEUR;11871804;88;EXCHANGE
11.02.2025;16:03:32.012;AOM.O.250211.BRT.000002;STANDARD_OPTION_STRATEGY;BLOCK;EUR;29;1.20000000;300;EXCHANGE_LAST;;1;1;XEUR;72057971995059440;88;
11.02.2025;16:03:32.012;AOM SI 20250919 PS AM P 20.00 0;SIMPLE_INSTRUMENT;BLOCK;EUR;29;1.65000000;300;PRC_DECOMP_MEMBER;;;;XEUR;11871804;88;MEMBER
11.02.2025;16:03:32.012;AOM SI 20250321 PS AM P 20.00 0;SIMPLE_INSTRUMENT;BLOCK;EUR;29;0.45000000;300;PRC_DECOMP_MEMBER;;;;XEUR;11249139;88;MEMBER
11.02.2025;08:45:05.569;ASM SI 20250620 PS AM C 760.00 0;SIMPLE_INSTRUMENT;BLOCK;EUR;2;44.40000000;200;EXCHANGE_LAST;;1;1;XEUR;11349932;107;
11.02.2025;11:32:46.110;AXA SI 20250620 PS AM P 36.00 0;SIMPLE_INSTRUMENT;BLOCK;EUR;9;1.60000000;1250;EXCHANGE_LAST;;1;1;XEUR;8111506;127;
11.02.2025;13:28:33.279;AXA SI 20260619 PS AM C 40.00 0;SIMPLE_INSTRUMENT;BLOCK;EUR;16;1.86000000;2300;EXCHANGE_LAST;;1;1;XEUR;9538772;127;
11.02.2025;11:24:24.284;B2AS SI 20271217 CS;SIMPLE_INSTRUMENT;BLOCK;EUR;43;2.17000000;100;EXCHANGE_LAST;;1;1;XEUR;5914347;140;
11.02.2025;10:04:45.510;B2NP SI 20261218 CS;SIMPLE_INSTRUMENT;BLOCK;EUR;13;4.81500000;150;EXCHANGE_LAST;;1;1;XEUR;6798320;131;
11.02.2025;10:14:33.263;B2NP SI 20261218 CS;SIMPLE_INSTRUMENT;BLOCK;EUR;16;4.82000000;150;EXCHANGE_LAST;;1;1;XEUR;6798320;131;
11.02.2025;11:08:09.785;B2NP SI 20261218 CS;SIMPLE_INSTRUMENT;BLOCK;EUR;40;4.83000000;200;EXCHANGE_LAST;;1;2;XEUR;6798320;131;
11.02.2025;14:27:33.983;B2NP SI 20281215 CS;SIMPLE_INSTRUMENT;BLOCK;EUR;77;4.02000000;200;EXCHANGE_LAST;;1;2;XEUR;7086921;131;
11.02.2025;08:32:31.618;BAS SI 20250221 PS AM C 49.00 0;SIMPLE_INSTRUMENT;BLOCK;EUR;2;0.40000000;2200;EXCHANGE_LAST;;1;1;XEUR;12339045;150;
11.02.2025;10:04:31.927;BAS SI 20250221 PS AM P 47.00 0;SIMPLE_INSTRUMENT;BLOCK;EUR;4;0.97000000;1000;EXCHANGE_LAST;;1;1;XEUR;12238969;150;
11.02.2025;13:01:26.342;BAS SI 20271217 PS AM P 36.00 0;SIMPLE_INSTRUMENT;BLOCK;EUR;6;3.64000000;500;EXCHANGE_LAST;;1;1;XEUR;8774171;150;
11.02.2025;14:44:30.846;BAS SI 20250321 PS AM C 50.00 0;SIMPLE_INSTRUMENT;BLOCK;EUR;7;0.75000000;1000;EXCHANGE_LAST;;1;1;XEUR;10831042;150;
11.02.2025;15:16:47.210;BAY.O.250211.STD.000016;STANDARD_OPTION_STRATEGY;BLOCK;EUR;9;5.94000000;2500;EXCHANGE_LAST;;1;2;XEUR;72058315592508533;168;
11.02.2025;15:16:47.210;BAY SI 20251219 PS AM P 19.00 0;SIMPLE_INSTRUMENT;BLOCK;EUR;9;1.91000000;2500;PRC_DECOMP_EXCHANGE;;;;XEUR;12231603;168;EXCHANGE
11.02.2025;15:16:47.210;BAY SI 20251219 PS AM C 19.00 0;SIMPLE_INSTRUMENT;BLOCK;EUR;9;4.03000000;2500;PRC_DECOMP_EXCHANGE;;;;XEUR;12231601;168;EXCHANGE
11.02.2025;10:28:16.051;BMW SI 20250221 PS AM C 78.00 0;SIMPLE_INSTRUMENT;BLOCK;EUR;9;0.89000000;2000;EXCHANGE_LAST;;2;1;XEUR;12239986;210;
11.02.2025;10:36:22.424;BNP SI 20250620 PS AM P 66.00 0;SIMPLE_INSTRUMENT;BLOCK;EUR;4;3.57000000;1500;EXCHANGE_LAST;;1;1;XEUR;12372386;237;
11.02.2025;11:10:46.686;BNP SI 20250620 PS AM P 56.00 0;SIMPLE_INSTRUMENT;BLOCK;EUR;8;0.79000000;1200;EXCHANGE_LAST;;1;1;XEUR;7900157;237;
11.02.2025;13:37:28.497;BNP SI 20250620 PS AM C 64.00 0;SIMPLE_INSTRUMENT;BLOCK;EUR;17;7.01000000;1000;EXCHANGE_LAST;;1;1;XEUR;8114358;237;
11.02.2025;13:37:28.961;BNP SI 20250620 PS AM C 70.00 0;SIMPLE_INSTRUMENT;BLOCK;EUR;18;3.20000000;1000;EXCHANGE_LAST;;1;1;XEUR;12372385;237;
11.02.2025;13:48:07.053;BNP.O.250211.STG.000007;STANDARD_OPTION_STRATEGY;BLOCK;EUR;19;7.97000000;2000;EXCHANGE_LAST;;1;1;XEUR;72058611945199925;237;
11.02.2025;13:48:07.053;BNP SI 20250620 PS AM P 68.00 0;SIMPLE_INSTRUMENT;BLOCK;EUR;19;4.66000000;2000;PRC_DECOMP_MEMBER;;;;XEUR;11352705;237;MEMBER
11.02.2025;13:48:07.053;BNP SI 20250620 PS AM C 70.00 0;SIMPLE_INSTRUMENT;BLOCK;EUR;19;3.31000000;2000;PRC_DECOMP_MEMBER;;;;XEUR;12372385;237;MEMBER
11.02.2025;15:52:52.981;BNP.O.250211.STD.000008;STANDARD_OPTION_STRATEGY;BLOCK;EUR;26;18.35000000;1250;EXCHANGE_LAST;;1;1;XEUR;72058611945199926;237;
11.02.2025;15:52:52.981;BNP SI 20261218 PS AM P 70.00 0;SIMPLE_INSTRUMENT;BLOCK;EUR;26;12.33000000;1250;PRC_DECOMP_EXCHANGE;;;;XEUR;12372355;237;EXCHANGE
11.02.2025;15:52:52.981;BNP SI 20261218 PS AM C 70.00 0;SIMPLE_INSTRUMENT;BLOCK;EUR;26;6.02000000;1250;PRC_DECOMP_EXCHANGE;;;;XEUR;12372358;237;EXCHANGE
11.02.2025;08:31:56.751;BNR SI 20250221 PS AM C 61.00 0;SIMPLE_INSTRUMENT;BLOCK;EUR;1;1.80000000;1270;EXCHANGE_LAST;;1;1;XEUR;12616578;235;
11.02.2025;09:07:25.773;BPE SI 20260618 PS AM P 4.80 0;SIMPLE_INSTRUMENT;BLOCK;EUR;3;0.51250000;1000;EXCHANGE_LAST;;1;1;XEUR;11336924;227;
11.02.2025;13:46:47.919;BSIF SI 20250321 CS;SIMPLE_INSTRUMENT;BLOCK;EUR;69;116.36500000;2000;EXCHANGE_LAST;;2;1;XEUR;10726598;174729;
11.02.2025;09:11:25.650;C4RI SI 20251219 CS;SIMPLE_INSTRUMENT;BLOCK;EUR;1;2.75000000;500;EXCHANGE_LAST;;4;1;XEUR;5914459;50862;
11.02.2025;09:02:55.585;C4RI SI 20251219 CS;SIMPLE_INSTRUMENT;BLOCK;EUR;3;2.75000000;175;EXCHANGE_LAST;;1;1;XEUR;5914459;50862;
11.02.2025;09:43:54.822;C4RI SI 20251219 CS;SIMPLE_INSTRUMENT;BLOCK;EUR;10;2.77000000;200;EXCHANGE_LAST;;1;1;XEUR;5914459;50862;
11.02.2025;09:59:35.593;C4RI SI 20251219 CS;SIMPLE_INSTRUMENT;BLOCK;EUR;11;2.76500000;50;EXCHANGE_LAST;;1;1;XEUR;5914459;50862;
11.02.2025;10:04:30.208;C4RI SI 20251219 CS;SIMPLE_INSTRUMENT;BLOCK;EUR;14;2.79000000;200;EXCHANGE_LAST;;1;1;XEUR;5914459;50862;
11.02.2025;10:39:36.162;C4RI SI 20251219 CS;SIMPLE_INSTRUMENT;BLOCK;EUR;19;2.80000000;800;EXCHANGE_LAST;;2;5;XEUR;5914459;50862;
11.02.2025;10:44:10.653;C4RI SI 20251219 CS;SIMPLE_INSTRUMENT;BLOCK;EUR;27;2.79000000;600;EXCHANGE_LAST;;2;2;XEUR;5914459;50862;
11.02.2025;10:52:05.989;C4RI SI 20261218 CS;SIMPLE_INSTRUMENT;BLOCK;EUR;33;2.89000000;1000;EXCHANGE_LAST;;1;1;XEUR;6821680;50862;
11.02.2025;11:53:04.550;C4RI SI 20251219 CS;SIMPLE_INSTRUMENT;BLOCK;EUR;50;2.79000000;150;EXCHANGE_LAST;;1;1;XEUR;5914459;50862;
11.02.2025;12:28:51.341;C4RI SI 20261218 CS;SIMPLE_INSTRUMENT;BLOCK;EUR;53;2.90000000;400;EXCHANGE_LAST;;1;1;XEUR;6821680;50862;
11.02.2025;13:01:42.032;C4RI SI 20251219 CS;SIMPLE_INSTRUMENT;BLOCK;EUR;58;2.80000000;200;EXCHANGE_LAST;;1;1;XEUR;5914459;50862;
11.02.2025;13:09:16.403;C4RI SI 20261218 CS;SIMPLE_INSTRUMENT;BLOCK;EUR;60;2.90000000;250;EXCHANGE_LAST;;1;1;XEUR;6821680;50862;
11.02.2025;16:17:38.792;C4RI SI 20261218 CS;SIMPLE_INSTRUMENT;BLOCK;EUR;95;2.90000000;100;EXCHANGE_LAST;;1;1;XEUR;6821680;50862;
11.02.2025;16:31:24.281;C4RI SI 20261218 CS;SIMPLE_INSTRUMENT;BLOCK;EUR;104;2.90000000;150;EXCHANGE_LAST;;1;1;XEUR;6821680;50862;
11.02.2025;13:00:38.223;CBK SI 20250620 PS AM P 17.00 0;SIMPLE_INSTRUMENT;BLOCK;EUR;10;0.74000000;10000;EXCHANGE_LAST;;4;1;XEUR;11353955;268;
11.02.2025;12:54:54.820;CBK SI 20250620 PS AM P 18.50 0;SIMPLE_INSTRUMENT;BLOCK;EUR;11;1.36000000;4000;EXCHANGE_LAST;;2;1;XEUR;11854112;268;
11.02.2025;08:26:29.363;CRI5 SI 20250220 PS AM P 47.00 0;SIMPLE_INSTRUMENT;BLOCK;EUR;1;1.55000000;1500;EXCHANGE_LAST;;1;1;XEUR;12231889;320;
11.02.2025;12:42:18.383;CRI5 SI 20251218 PS AM P 36.00 0;SIMPLE_INSTRUMENT;BLOCK;EUR;6;1.85000000;1500;EXCHANGE_LAST;;1;1;XEUR;9040329;320;
11.02.2025;16:56:18.976;CRI5 SI 20251218 PS AM P 44.00 0;SIMPLE_INSTRUMENT;BLOCK;EUR;9;4.68000000;4000;EXCHANGE_LAST;;1;1;XEUR;10380722;320;
11.02.2025;14:57:48.003;D3AI SI 20251219 CS;SIMPLE_INSTRUMENT;BLOCK;EUR;80;4.25000000;50;EXCHANGE_LAST;;1;1;XEUR;7144062;443197;
11.02.2025;15:05:08.550;D3AI SI 20261218 CS;SIMPLE_INSTRUMENT;BLOCK;EUR;81;3.53000000;100;EXCHANGE_LAST;;1;1;XEUR;7144051;443197;
11.02.2025;15:09:39.610;D3AI SI 20261218 CS;SIMPLE_INSTRUMENT;BLOCK;EUR;84;3.53000000;200;EXCHANGE_LAST;;1;1;XEUR;7144051;443197;
11.02.2025;15:14:28.734;D3AI SI 20251219 CS;SIMPLE_INSTRUMENT;BLOCK;EUR;87;4.25000000;100;EXCHANGE_LAST;;1;2;XEUR;7144062;443197;
11.02.2025;10:19:38.248;DAI SI 20260619 PS AM P 52.00 0;SIMPLE_INSTRUMENT;BLOCK;EUR;7;6.18000000;750;EXCHANGE_LAST;;1;1;XEUR;9598266;443196;
11.02.2025;10:19:57.399;DAI SI 20260619 PS AM C 60.00 0;SIMPLE_INSTRUMENT;BLOCK;EUR;8;4.00000000;750;EXCHANGE_LAST;;1;1;XEUR;9598263;443196;
11.02.2025;11:55:06.954;DAI.N.250211.000004;NON_STANDARD_OPTION_STRATEGY;BLOCK;EUR;16;3.64000000;500;EXCHANGE_LAST;;1;1;XEUR;73961106363663933;443196;
11.02.2025;11:55:06.954;DAI SI 20251219 PS AM P 56.00 0;SIMPLE_INSTRUMENT;BLOCK;EUR;16;6.11000000;2000;PRC_DECOMP_MEMBER;;;;XEUR;7349881;443196;MEMBER
11.02.2025;11:55:06.954;DAI SI 20251219 PS AM P 52.00 0;SIMPLE_INSTRUMENT;BLOCK;EUR;16;4.16000000;2500;PRC_DECOMP_MEMBER;;;;XEUR;7144530;443196;MEMBER
11.02.2025;12:32:57.629;DAI SI 20260619 PS AM P 48.00 0;SIMPLE_INSTRUMENT;BLOCK;EUR;18;4.54000000;3500;EXCHANGE_LAST;;1;2;XEUR;9598287;443196;
11.02.2025;12:46:15.389;DAI.N.250211.000004;NON_STANDARD_OPTION_STRATEGY;BLOCK;EUR;20;3.64000000;500;EXCHANGE_LAST;;1;1;XEUR;73961106363663933;443196;
11.02.2025;12:46:15.389;DAI SI 20251219 PS AM P 56.00 0;SIMPLE_INSTRUMENT;BLOCK;EUR;20;6.11000000;2000;PRC_DECOMP_MEMBER;;;;XEUR;7349881;443196;MEMBER
11.02.2025;12:46:15.389;DAI SI 20251219 PS AM P 52.00 0;SIMPLE_INSTRUMENT;BLOCK;EUR;20;4.16000000;2500;PRC_DECOMP_MEMBER;;;;XEUR;7144530;443196;MEMBER
11.02.2025;13:03:31.067;DAI SI 20260619 PS AM P 52.00 0;SIMPLE_INSTRUMENT;BLOCK;EUR;22;6.17000000;2750;EXCHANGE_LAST;;1;2;XEUR;9598266;443196;
11.02.2025;13:34:04.254;DAI.O.250211.BER-C.000008;STANDARD_OPTION_STRATEGY;BLOCK;EUR;23;5.15000000;1000;EXCHANGE_LAST;;1;1;XEUR;73961106363663937;443196;
11.02.2025;13:34:04.254;DAI SI 20271217 PS AM P 56.00 0;SIMPLE_INSTRUMENT;BLOCK;EUR;23;11.52000000;1000;PRC_DECOMP_MEMBER;;;;XEUR;9836499;443196;MEMBER
11.02.2025;13:34:04.254;DAI SI 20271217 PS AM C 72.00 0;SIMPLE_INSTRUMENT;BLOCK;EUR;23;2.88000000;1000;PRC_DECOMP_MEMBER;;;;XEUR;10289538;443196;MEMBER
11.02.2025;13:34:04.254;DAI SI 20271217 PS AM P 36.00 0;SIMPLE_INSTRUMENT;BLOCK;EUR;23;3.49000000;1000;PRC_DECOMP_MEMBER;;;;XEUR;8833436;443196;MEMBER
11.02.2025;13:59:39.968;DAI.O.250211.BER-C.000008;STANDARD_OPTION_STRATEGY;BLOCK;EUR;24;5.15000000;1000;EXCHANGE_LAST;;1;1;XEUR;73961106363663937;443196;
11.02.2025;13:59:39.968;DAI SI 20271217 PS AM P 36.00 0;SIMPLE_INSTRUMENT;BLOCK;EUR;24;3.49000000;1000;PRC_DECOMP_MEMBER;;;;XEUR;8833436;443196;MEMBER
11.02.2025;13:59:39.968;DAI SI 20271217 PS AM P 56.00 0;SIMPLE_INSTRUMENT;BLOCK;EUR;24;11.52000000;1000;PRC_DECOMP_MEMBER;;;;XEUR;9836499;443196;MEMBER
11.02.2025;13:59:39.968;DAI SI 20271217 PS AM C 72.00 0;SIMPLE_INSTRUMENT;BLOCK;EUR;24;2.88000000;1000;PRC_DECOMP_MEMBER;;;;XEUR;10289538;443196;MEMBER
11.02.2025;14:47:48.277;DAI SI 20261218 PS AM P 50.00 0;SIMPLE_INSTRUMENT;BLOCK;EUR;25;6.10000000;3250;EXCHANGE_LAST;;2;1;XEUR;7722758;443196;
11.02.2025;15:32:09.496;DAI.N.250211.000009;NON_STANDARD_OPTION_STRATEGY;BLOCK;EUR;28;-2.10000000;1000;EXCHANGE_LAST;;1;1;XEUR;73961106363663938;443196;
11.02.2025;15:32:09.496;DAI SI 20250321 PS AM P 60.00 0;SIMPLE_INSTRUMENT;BLOCK;EUR;28;4.21000000;1000;PRC_DECOMP_MEMBER;;;;XEUR;10884522;443196;MEMBER
11.02.2025;15:32:09.496;DAI SI 20250620 PS AM C 60.00 0;SIMPLE_INSTRUMENT;BLOCK;EUR;28;2.11000000;1000;PRC_DECOMP_MEMBER;;;;XEUR;7934293;443196;MEMBER
11.02.2025;11:31:11.611;DBK SI 20250620 PS AM P 18.40 0;SIMPLE_INSTRUMENT;BLOCK;EUR;1;1.33000000;4000;EXCHANGE_LAST;;1;1;XEUR;11094086;362;
11.02.2025;12:10:23.749;DBK SI 20250620 PS AM P 18.20 0;SIMPLE_INSTRUMENT;BLOCK;EUR;5;1.23000000;3000;EXCHANGE_LAST;;1;1;XEUR;11094084;362;
11.02.2025;12:59:08.569;DBK SI 20251219 PS AM P 16.00 0;SIMPLE_INSTRUMENT;BLOCK;EUR;12;0.98000000;2500;EXCHANGE_LAST;;1;1;XEUR;5926092;362;
11.02.2025;15:28:32.731;DBK SI 20281215 PS AM P 12.00 0;SIMPLE_INSTRUMENT;BLOCK;EUR;15;1.52000000;5000;EXCHANGE_LAST;;1;1;XEUR;10401656;362;
11.02.2025;15:28:50.095;DBK SI 20271217 PS AM P 7.20 0;SIMPLE_INSTRUMENT;BLOCK;EUR;16;0.33000000;10000;EXCHANGE_LAST;;1;1;XEUR;8778701;362;
11.02.2025;16:38:37.288;DPW SI 20260619 PS AM C 40.00 0;SIMPLE_INSTRUMENT;BLOCK;EUR;26;1.62000000;1040;EXCHANGE_LAST;;1;1;XEUR;9545242;445;
11.02.2025;16:39:01.870;DPW SI 20260619 PS AM C 40.00 0;SIMPLE_INSTRUMENT;BLOCK;EUR;27;1.66000000;1271;EXCHANGE_LAST;;1;1;XEUR;9545242;445;
11.02.2025;09:59:23.194;DTE.N.250211.000010;NON_STANDARD_OPTION_STRATEGY;BLOCK;EUR;2;4.68000000;3000;EXCHANGE_LAST;;1;2;XEUR;72059415104107610;424;
11.02.2025;09:59:23.194;DTE SI 20260619 PS AM P 28.00 0;SIMPLE_INSTRUMENT;BLOCK;EUR;2;1.12000000;3000;PRC_DECOMP_EXCHANGE;;;;XEUR;9545489;424;EXCHANGE
11.02.2025;09:59:23.194;DTE SI 20250620 PS AM C 28.00 0;SIMPLE_INSTRUMENT;BLOCK;EUR;2;5.80000000;3000;PRC_DECOMP_EXCHANGE;;;;XEUR;7902014;424;EXCHANGE
11.02.2025;11:30:20.571;DTE SI 20251219 PS AM C 34.00 0;SIMPLE_INSTRUMENT;BLOCK;EUR;6;2.00000000;2000;EXCHANGE_LAST;;1;1;XEUR;12409336;424;
11.02.2025;11:30:13.441;DTE SI 20261218 PS AM C 36.00 0;SIMPLE_INSTRUMENT;BLOCK;EUR;7;2.20000000;2000;EXCHANGE_LAST;;1;1;XEUR;8215287;424;
11.02.2025;11:42:02.226;DTE.O.250211.RBUL.000023;STANDARD_OPTION_STRATEGY;BLOCK;EUR;8;-0.72000000;4500;EXCHANGE_LAST;;1;1;XEUR;72059415104107623;424;
11.02.2025;11:42:02.226;DTE SI 20250321 PS AM C 37.00 0;SIMPLE_INSTRUMENT;BLOCK;EUR;8;0.13000000;9000;PRC_DECOMP_EXCHANGE;;;;XEUR;12716087;424;EXCHANGE
11.02.2025;11:42:02.226;DTE SI 20250321 PS AM C 33.50 0;SIMPLE_INSTRUMENT;BLOCK;EUR;8;0.98000000;4500;PRC_DECOMP_EXCHANGE;;;;XEUR;12352704;424;EXCHANGE
11.02.2025;12:52:46.283;DTE.O.250211.COMBO.000034;STANDARD_OPTION_STRATEGY;BLOCK;EUR;12;-0.16000000;2000;EXCHANGE_LAST;;1;1;XEUR;72059415104107634;424;
11.02.2025;12:52:46.283;DTE SI 20250321 PS AM P 28.00 0;SIMPLE_INSTRUMENT;BLOCK;EUR;12;0.05000000;2000;PRC_DECOMP_EXCHANGE;;;;XEUR;10836587;424;EXCHANGE
11.02.2025;12:52:46.283;DTE SI 20250321 PS AM C 36.00 0;SIMPLE_INSTRUMENT;BLOCK;EUR;12;0.21000000;2000;PRC_DECOMP_EXCHANGE;;;;XEUR;10836647;424;EXCHANGE
11.02.2025;16:06:39.534;DTE.O.250211.BER.000041;STANDARD_OPTION_STRATEGY;BLOCK;EUR;21;0.11000000;2700;EXCHANGE_LAST;;1;1;XEUR;72059415104107641;424;
11.02.2025;16:06:39.534;DTE SI 20250321 PS AM P 28.00 0;SIMPLE_INSTRUMENT;BLOCK;EUR;21;0.04000000;2700;PRC_DECOMP_EXCHANGE;;;;XEUR;10836587;424;EXCHANGE
11.02.2025;16:06:39.534;DTE SI 20250321 PS AM P 31.00 0;SIMPLE_INSTRUMENT;BLOCK;EUR;21;0.15000000;2700;PRC_DECOMP_EXCHANGE;;;;XEUR;12439176;424;EXCHANGE
11.02.2025;16:24:25.626;DTE.O.250211.BER.000042;STANDARD_OPTION_STRATEGY;BLOCK;EUR;23;0.62000000;5000;EXCHANGE_LAST;;1;1;XEUR;72059415104107642;424;
11.02.2025;16:24:25.626;DTE SI 20251219 PS AM P 32.00 0;SIMPLE_INSTRUMENT;BLOCK;EUR;23;1.61000000;5000;PRC_DECOMP_EXCHANGE;;;;XEUR;7834484;424;EXCHANGE
11.02.2025;16:24:25.626;DTE SI 20251219 PS AM P 30.00 0;SIMPLE_INSTRUMENT;BLOCK;EUR;23;0.99000000;5000;PRC_DECOMP_EXCHANGE;;;;XEUR;12052911;424;EXCHANGE
11.02.2025;16:43:15.041;DTE SI 20250321 PS AM P 31.00 0;SIMPLE_INSTRUMENT;BLOCK;EUR;29;0.15000000;2300;EXCHANGE_LAST;;1;1;XEUR;12439176;424;
11.02.2025;09:35:10.617;E2NL SI 20261218 CS;SIMPLE_INSTRUMENT;BLOCK;EUR;8;0.45700000;1000;EXCHANGE_LAST;;2;1;XEUR;4632356;471;
11.02.2025;09:35:27.091;E2NL SI 20261218 CS;SIMPLE_INSTRUMENT;BLOCK;EUR;9;0.45800000;1000;EXCHANGE_LAST;;2;1;XEUR;4632356;471;
11.02.2025;12:49:58.561;E2NL SI 20281215 CS;SIMPLE_INSTRUMENT;BLOCK;EUR;54;0.40000000;1250;EXCHANGE_LAST;;1;1;XEUR;6802276;471;
11.02.2025;13:44:52.872;E2NL SI 20251219 CS;SIMPLE_INSTRUMENT;BLOCK;EUR;64;0.45700000;1500;EXCHANGE_LAST;;1;1;XEUR;3681293;471;
11.02.2025;13:45:09.254;E2NL SI 20251219 CS;SIMPLE_INSTRUMENT;BLOCK;EUR;65;0.45800000;1500;EXCHANGE_LAST;;1;1;XEUR;3681293;471;
11.02.2025;09:33:23.879;EAD SI 20271217 PS AM P 160.00 0;SIMPLE_INSTRUMENT;BLOCK;EUR;1;21.79000000;500;EXCHANGE_LAST;;1;1;XEUR;11013947;465;
11.02.2025;16:24:07.160;EAD SI 20250620 PS AM C 180.00 0;SIMPLE_INSTRUMENT;BLOCK;EUR;33;5.40000000;750;EXCHANGE_LAST;;1;2;XEUR;11013880;465;
11.02.2025;14:59:56.005;ENR SI 20250221 PS AM C 61.00 0;SIMPLE_INSTRUMENT;BLOCK;EUR;19;1.24000000;1000;EXCHANGE_LAST;;1;1;XEUR;12686230;298530;
11.02.2025;15:36:38.797;ENR SI 20250321 PS AM C 64.00 0;SIMPLE_INSTRUMENT;BLOCK;EUR;20;2.00000000;1000;EXCHANGE_LAST;;1;1;XEUR;12229450;298530;
11.02.2025;13:52:05.666;ESL.O.250211.RBER.000003;STANDARD_OPTION_STRATEGY;BLOCK;EUR;20;-1.73000000;300;EXCHANGE_LAST;;1;1;XEUR;72059659917207380;481;
11.02.2025;13:52:05.666;ESL SI 20250321 PS AM P 275.00 0;SIMPLE_INSTRUMENT;BLOCK;EUR;20;8.33000000;300;PRC_DECOMP_EXCHANGE;;;;XEUR;12440963;481;EXCHANGE
11.02.2025;13:52:05.666;ESL SI 20250321 PS AM P 260.00 0;SIMPLE_INSTRUMENT;BLOCK;EUR;20;3.30000000;600;PRC_DECOMP_EXCHANGE;;;;XEUR;10838357;481;EXCHANGE
11.02.2025;11:04:42.920;F3IA SI 20261218 CS;SIMPLE_INSTRUMENT;BLOCK;EUR;35;0.61000000;200;EXCHANGE_LAST;;1;1;XEUR;6830373;390387;
11.02.2025;11:04:33.454;F3IA SI 20251219 CS;SIMPLE_INSTRUMENT;BLOCK;EUR;36;0.52500000;200;EXCHANGE_LAST;;1;1;XEUR;6633988;390387;
11.02.2025;13:34:07.510;F3IA SI 20281215 CS;SIMPLE_INSTRUMENT;BLOCK;EUR;62;0.59000000;500;EXCHANGE_LAST;;1;1;XEUR;9964653;390387;
11.02.2025;11:07:09.890;F3TE SI 20271217 CS;SIMPLE_INSTRUMENT;BLOCK;EUR;39;0.69500000;2200;EXCHANGE_LAST;;1;1;XEUR;6633916;390379;
11.02.2025;11:16:43.217;F3TE SI 20271217 CS;SIMPLE_INSTRUMENT;BLOCK;EUR;41;0.69000000;1000;EXCHANGE_LAST;;1;1;XEUR;6633916;390379;
11.02.2025;11:44:29.165;F3TE SI 20271217 CS;SIMPLE_INSTRUMENT;BLOCK;EUR;48;0.69500000;2050;EXCHANGE_LAST;;1;3;XEUR;6633916;390379;
11.02.2025;13:48:18.532;F3TE SI 20251219 CS;SIMPLE_INSTRUMENT;BLOCK;EUR;70;0.74500000;1000;EXCHANGE_LAST;;1;1;XEUR;6633903;390379;
11.02.2025;13:50:59.627;F3TE SI 20261218 CS;SIMPLE_INSTRUMENT;BLOCK;EUR;71;0.73200000;250;EXCHANGE_LAST;;1;1;XEUR;6633899;390379;
11.02.2025;13:51:22.885;F3TE SI 20261218 CS;SIMPLE_INSTRUMENT;BLOCK;EUR;72;0.73300000;250;EXCHANGE_LAST;;1;1;XEUR;6633899;390379;
11.02.2025;15:05:41.897;F3TE SI 20251219 CS;SIMPLE_INSTRUMENT;BLOCK;EUR;82;0.74500000;1150;EXCHANGE_LAST;;1;1;XEUR;6633903;390379;
11.02.2025;15:24:34.977;F3TE SI 20261218 CS;SIMPLE_INSTRUMENT;BLOCK;EUR;85;0.73200000;500;EXCHANGE_LAST;;1;2;XEUR;6633899;390379;
11.02.2025;15:24:57.346;F3TE SI 20261218 CS;SIMPLE_INSTRUMENT;BLOCK;EUR;86;0.73300000;500;EXCHANGE_LAST;;1;2;XEUR;6633899;390379;
11.02.2025;16:07:39.303;F3TE SI 20261218 CS;SIMPLE_INSTRUMENT;BLOCK;EUR;93;0.73200000;375;EXCHANGE_LAST;;1;1;XEUR;6633899;390379;
11.02.2025;16:07:42.347;F3TE SI 20261218 CS;SIMPLE_INSTRUMENT;BLOCK;EUR;94;0.73300000;375;EXCHANGE_LAST;;1;1;XEUR;6633899;390379;
11.02.2025;09:02:21.409;FBTP SI 20250306 PS;SIMPLE_INSTRUMENT;EFP_FIN;EUR;1;120.45000000;494;EXCHANGE_LAST;;1;1;XEUR;11286675;636;
11.02.2025;09:24:28.470;FBTP SI 20250306 PS;SIMPLE_INSTRUMENT;BLOCK;EUR;2;120.36000000;573;EXCHANGE_LAST;;1;1;XEUR;11286675;636;
11.02.2025;09:26:47.013;FBTP SI 20250306 PS;SIMPLE_INSTRUMENT;EFS;EUR;3;120.47000000;268;EXCHANGE_LAST;;1;1;XEUR;11286675;636;
11.02.2025;09:35:47.503;FBTP SI 20250306 PS;SIMPLE_INSTRUMENT;EFP_FIN;EUR;4;120.34000000;1146;EXCHANGE_LAST;;1;1;XEUR;11286675;636;
11.02.2025;09:38:17.511;FBTP SI 20250306 PS;SIMPLE_INSTRUMENT;EFP_FIN;EUR;5;120.34000000;562;EXCHANGE_LAST;;1;1;XEUR;11286675;636;
11.02.2025;09:58:46.569;FBTP SI 20250306 PS;SIMPLE_INSTRUMENT;EFP_FIN;EUR;6;120.45000000;2893;EXCHANGE_LAST;;1;1;XEUR;11286675;636;
11.02.2025;10:18:02.319;FBTP SI 20250306 PS;SIMPLE_INSTRUMENT;EFP_FIN;EUR;7;120.36000000;579;EXCHANGE_LAST;;1;1;XEUR;11286675;636;
11.02.2025;10:25:34.118;FBTP SI 20250306 PS;SIMPLE_INSTRUMENT;EFP_FIN;EUR;8;120.36000000;405;EXCHANGE_LAST;;1;1;XEUR;11286675;636;
11.02.2025;10:39:48.685;FBTP SI 20250306 PS;SIMPLE_INSTRUMENT;EFP_FIN;EUR;9;120.36000000;2896;EXCHANGE_LAST;;1;1;XEUR;11286675;636;
11.02.2025;12:03:55.285;FBTP SI 20250306 PS;SIMPLE_INSTRUMENT;EFP_FIN;EUR;10;120.20000000;118;EXCHANGE_LAST;;1;1;XEUR;11286675;636;
11.02.2025;12:07:00.280;FBTP SI 20250306 PS;SIMPLE_INSTRUMENT;EFP_FIN;EUR;11;120.21000000;421;EXCHANGE_LAST;;1;1;XEUR;11286675;636;
11.02.2025;12:06:52.772;FBTP SI 20250306 PS;SIMPLE_INSTRUMENT;EFP_FIN;EUR;12;120.20000000;242;EXCHANGE_LAST;;1;1;XEUR;11286675;636;
11.02.2025;12:38:08.940;FBTP SI 20250306 PS;SIMPLE_INSTRUMENT;EFP_FIN;EUR;13;120.16000000;148;EXCHANGE_LAST;;1;1;XEUR;11286675;636;
11.02.2025;12:52:21.694;FBTP SI 20250306 PS;SIMPLE_INSTRUMENT;EFP_FIN;EUR;14;120.17000000;1343;EXCHANGE_LAST;;1;1;XEUR;11286675;636;
11.02.2025;12:52:47.787;FBTP SI 20250306 PS;SIMPLE_INSTRUMENT;EFP_FIN;EUR;15;120.17000000;304;EXCHANGE_LAST;;1;1;XEUR;11286675;636;
11.02.2025;13:10:27.331;FBTP SI 20250306 PS;SIMPLE_INSTRUMENT;EFP_FIN;EUR;16;120.21000000;293;EXCHANGE_LAST;;1;1;XEUR;11286675;636;
11.02.2025;13:17:57.186;FBTP SI 20250306 PS;SIMPLE_INSTRUMENT;EFP_FIN;EUR;17;120.22000000;139;EXCHANGE_LAST;;1;1;XEUR;11286675;636;
11.02.2025;13:44:06.572;FBTP SI 20250306 PS;SIMPLE_INSTRUMENT;BLOCK;EUR;18;120.22000000;1168;EXCHANGE_LAST;;1;1;XEUR;11286675;636;
11.02.2025;13:49:56.707;FBTP SI 20250306 PS;SIMPLE_INSTRUMENT;EFP_FIN;EUR;19;120.18000000;1703;EXCHANGE_LAST;;1;1;XEUR;11286675;636;
11.02.2025;13:55:43.502;FBTP SI 20250306 PS;SIMPLE_INSTRUMENT;BLOCK;EUR;20;120.17000000;815;EXCHANGE_LAST;;1;1;XEUR;11286675;636;
11.02.2025;14:25:09.605;FBTP SI 20250306 PS;SIMPLE_INSTRUMENT;EFP_FIN;EUR;21;120.07000000;563;EXCHANGE_LAST;;1;1;XEUR;11286675;636;
11.02.2025;14:40:16.455;FBTP SI 20250306 PS;SIMPLE_INSTRUMENT;EFP_FIN;EUR;22;120.12000000;115;EXCHANGE_LAST;;1;1;XEUR;11286675;636;
11.02.2025;14:44:18.919;FBTP SI 20250306 PS;SIMPLE_INSTRUMENT;EFP_FIN;EUR;23;120.15000000;386;EXCHANGE_LAST;;1;1;XEUR;11286675;636;
11.02.2025;15:17:30.256;FBTP SI 20250306 PS;SIMPLE_INSTRUMENT;BLOCK;EUR;24;120.05000000;276;EXCHANGE_LAST;;1;1;XEUR;11286675;636;
11.02.2025;15:28:20.285;FBTP SI 20250306 PS;SIMPLE_INSTRUMENT;EFS;EUR;25;119.95000000;250;EXCHANGE_LAST;;1;1;XEUR;11286675;636;
11.02.2025;16:06:10.514;FBTP SI 20250306 PS;SIMPLE_INSTRUMENT;EFP_FIN;EUR;26;120.10000000;242;EXCHANGE_LAST;;1;1;XEUR;11286675;636;
11.02.2025;16:10:31.774;FBTP SI 20250306 PS;SIMPLE_INSTRUMENT;EFP_FIN;EUR;27;120.03000000;224;EXCHANGE_LAST;;1;1;XEUR;11286675;636;
11.02.2025;16:40:03.753;FBTP SI 20250306 PS;SIMPLE_INSTRUMENT;EFP_FIN;EUR;28;119.96000000;214;EXCHANGE_LAST;;1;1;XEUR;11286675;636;
11.02.2025;16:40:14.754;FBTP SI 20250306 PS;SIMPLE_INSTRUMENT;EFP_FIN;EUR;29;119.94000000;448;EXCHANGE_LAST;;1;1;XEUR;11286675;636;
11.02.2025;12:45:07.495;FBTP SI 20250306 PS;SIMPLE_INSTRUMENT;VOLA;EUR;268435528;120.20000000;30;EXCHANGE_LAST;;1;1;XEUR;11286675;636;
11.02.2025;09:27:50.476;FBTS SI 20250306 PS;SIMPLE_INSTRUMENT;BLOCK;EUR;7;107.54000000;3387;EXCHANGE_LAST;;1;1;XEUR;11286677;639;
11.02.2025;10:17:12.437;FBTS SI 20250306 PS;SIMPLE_INSTRUMENT;EFP_FIN;EUR;15;107.51000000;180;EXCHANGE_LAST;;1;1;XEUR;11286677;639;
11.02.2025;10:19:52.630;FBTS SI 20250306 PS;SIMPLE_INSTRUMENT;EFP_FIN;EUR;16;107.51000000;5636;EXCHANGE_LAST;;1;1;XEUR;11286677;639;
11.02.2025;11:53:09.579;FBTS SI 20250306 PS;SIMPLE_INSTRUMENT;EFP_FIN;EUR;19;107.52000000;908;EXCHANGE_LAST;;1;1;XEUR;11286677;639;
11.02.2025;11:56:52.427;FBTS SI 20250306 PS;SIMPLE_INSTRUMENT;EFP_FIN;EUR;22;107.52000000;2134;EXCHANGE_LAST;;1;1;XEUR;11286677;639;
11.02.2025;12:02:55.537;FBTS SI 20250306 PS;SIMPLE_INSTRUMENT;BLOCK;EUR;24;107.50000000;781;EXCHANGE_LAST;;1;1;XEUR;11286677;639;
11.02.2025;12:28:21.282;FBTS SI 20250306 PS;SIMPLE_INSTRUMENT;EFP_FIN;EUR;26;107.50000000;1150;EXCHANGE_LAST;;1;1;XEUR;11286677;639;
11.02.2025;12:42:11.388;FBTS SI 20250306 PS;SIMPLE_INSTRUMENT;EFP_FIN;EUR;27;107.49000000;1696;EXCHANGE_LAST;;1;1;XEUR;11286677;639;
11.02.2025;12:51:02.332;FBTS SI 20250306 PS;SIMPLE_INSTRUMENT;BLOCK;EUR;29;107.49000000;529;EXCHANGE_LAST;;1;1;XEUR;11286677;639;
11.02.2025;14:05:13.751;FBTS SI 20250306 PS;SIMPLE_INSTRUMENT;EFP_FIN;EUR;32;107.48000000;9034;EXCHANGE_LAST;;1;1;XEUR;11286677;639;
11.02.2025;16:01:07.625;FBTS SI 20250306 PS;SIMPLE_INSTRUMENT;EFP_FIN;EUR;34;107.43000000;1573;EXCHANGE_LAST;;1;1;XEUR;11286677;639;
11.02.2025;16:18:03.154;FBTS SI 20250306 PS;SIMPLE_INSTRUMENT;BLOCK;EUR;35;107.42000000;159;EXCHANGE_LAST;;1;1;XEUR;11286677;639;
11.02.2025;07:51:54.204;FCMU SI 20250317 CS;SIMPLE_INSTRUMENT;BLOCK;USD;1;0.04811000;115;EXCHANGE_LAST;;1;1;XEUR;11329545;570874;
11.02.2025;16:13:37.617;FD3D SI 20251219 CS;SIMPLE_INSTRUMENT;BLOCK;EUR;56;108.70000000;375;EXCHANGE_LAST;;1;1;XEUR;5914068;588;
11.02.2025;16:13:37.656;FD3D SI 20251219 CS;SIMPLE_INSTRUMENT;BLOCK;EUR;57;108.80000000;375;EXCHANGE_LAST;;1;1;XEUR;5914068;588;
11.02.2025;12:41:51.419;FDAX SI 20250321 CS;SIMPLE_INSTRUMENT;BLOCK;EUR;1;21990.00000000;250;EXCHANGE_LAST;;1;1;XEUR;7561255;589;
11.02.2025;16:05:45.641;FDAX SI 20250321 CS;SIMPLE_INSTRUMENT;EFP_IDX;EUR;2;22040.00000000;200;EXCHANGE_LAST;;1;1;XEUR;7561255;589;
11.02.2025;16:49:28.975;FDAX SI 20250321 CS;SIMPLE_INSTRUMENT;BLOCK;EUR;3;22040.00000000;250;EXCHANGE_LAST;;1;1;XEUR;7561255;589;
11.02.2025;17:02:38.426;FDAX SI 20250321 CS;SIMPLE_INSTRUMENT;EFP_IDX;EUR;4;22120.00000000;100;EXCHANGE_LAST;;1;1;XEUR;7561255;589;
11.02.2025;17:10:54.941;FDAX SI 20250321 CS;SIMPLE_INSTRUMENT;EFP_IDX;EUR;5;22120.00000000;100;EXCHANGE_LAST;;1;1;XEUR;7561255;589;
11.02.2025;17:25:14.225;FDAX SI 20250321 CS;SIMPLE_INSTRUMENT;EFP_IDX;EUR;6;22120.00000000;200;EXCHANGE_LAST;;1;1;XEUR;7561255;589;
11.02.2025;10:29:22.655;FDAX SI 20250321 CS;SIMPLE_INSTRUMENT;VOLA;EUR;671088644;22021.00000000;5;EXCHANGE_LAST;;1;1;XEUR;7561255;589;
11.02.2025;13:45:42.504;FDAX SI 20250321 CS;SIMPLE_INSTRUMENT;VOLA;EUR;671088656;22010.00000000;32;EXCHANGE_LAST;;1;1;XEUR;7561255;589;
11.02.2025;13:47:38.120;FDAX SI 20250321 CS;SIMPLE_INSTRUMENT;VOLA;EUR;671088657;22010.00000000;22;EXCHANGE_LAST;;1;1;XEUR;7561255;589;
11.02.2025;08:20:04.585;FEBD SI 20251219 CS;SIMPLE_INSTRUMENT;BLOCK;EUR;1;10.89000000;750;EXCHANGE_LAST;;1;1;XEUR;5914075;597;
11.02.2025;08:54:47.395;FEBD SI 20261218 CS;SIMPLE_INSTRUMENT;BLOCK;EUR;3;10.30000000;375;EXCHANGE_LAST;;1;1;XEUR;7158212;597;
11.02.2025;08:54:49.823;FEBD SI 20261218 CS;SIMPLE_INSTRUMENT;BLOCK;EUR;4;10.26000000;625;EXCHANGE_LAST;;1;1;XEUR;7158212;597;
11.02.2025;09:17:24.204;FEBD SI 20261218 CS;SIMPLE_INSTRUMENT;BLOCK;EUR;10;10.26000000;1000;EXCHANGE_LAST;;1;1;XEUR;7158212;597;
11.02.2025;10:04:52.614;FEBD SI 20261218 CS;SIMPLE_INSTRUMENT;BLOCK;EUR;13;10.26000000;1500;EXCHANGE_LAST;;2;1;XEUR;7158212;597;
11.02.2025;10:34:01.775;FEBD SI 20251219 CS;SIMPLE_INSTRUMENT;BLOCK;EUR;20;10.89000000;1250;EXCHANGE_LAST;;1;1;XEUR;5914075;597;
11.02.2025;12:52:13.961;FEBD SI 20261218 CS;SIMPLE_INSTRUMENT;BLOCK;EUR;34;10.22000000;100;EXCHANGE_LAST;;1;1;XEUR;7158212;597;
11.02.2025;12:54:57.281;FEBD SI 20251219 CS;SIMPLE_INSTRUMENT;BLOCK;EUR;35;10.85000000;125;EXCHANGE_LAST;;1;1;XEUR;5914075;597;
11.02.2025;12:55:17.613;FEBD SI 20251219 CS;SIMPLE_INSTRUMENT;BLOCK;EUR;36;10.86000000;125;EXCHANGE_LAST;;1;1;XEUR;5914075;597;
11.02.2025;12:52:21.316;FEBD SI 20251219 CS;SIMPLE_INSTRUMENT;BLOCK;EUR;37;10.84000000;450;EXCHANGE_LAST;;1;1;XEUR;5914075;597;
11.02.2025;12:52:32.909;FEBD SI 20261218 CS;SIMPLE_INSTRUMENT;BLOCK;EUR;38;10.23000000;500;EXCHANGE_LAST;;1;1;XEUR;7158212;597;
11.02.2025;13:13:58.934;FEBD SI 20251219 CS;SIMPLE_INSTRUMENT;BLOCK;EUR;39;10.84000000;500;EXCHANGE_LAST;;3;1;XEUR;5914075;597;
11.02.2025;13:14:15.295;FEBD SI 20251219 CS;SIMPLE_INSTRUMENT;BLOCK;EUR;40;10.85000000;500;EXCHANGE_LAST;;3;1;XEUR;5914075;597;
11.02.2025;15:55:25.281;FEBD SI 20251219 CS;SIMPLE_INSTRUMENT;BLOCK;EUR;52;10.86000000;1200;EXCHANGE_LAST;;1;1;XEUR;5914075;597;
11.02.2025;16:02:03.619;FEBD SI 20271217 CS;SIMPLE_INSTRUMENT;BLOCK;EUR;54;9.46000000;1000;EXCHANGE_LAST;;1;1;XEUR;7776307;597;
11.02.2025;16:31:44.527;FEBD SI 20271217 CS;SIMPLE_INSTRUMENT;BLOCK;EUR;63;9.48000000;550;EXCHANGE_LAST;;1;1;XEUR;7776307;597;
11.02.2025;09:47:07.629;FESB SI 20250321 CS;SIMPLE_INSTRUMENT;VOLA;EUR;603979784;168.50000000;300;EXCHANGE_LAST;;1;1;XEUR;11359072;605;
11.02.2025;11:13:04.810;FESB SI 20250321 CS;SIMPLE_INSTRUMENT;VOLA;EUR;603979799;168.25000000;1260;EXCHANGE_LAST;;1;1;XEUR;11359072;605;
11.02.2025;15:05:25.615;FESB SI 20250321 CS;SIMPLE_INSTRUMENT;VOLA;EUR;603979823;169.00000000;1500;EXCHANGE_LAST;;1;1;XEUR;11359072;605;
11.02.2025;15:51:21.004;FESB SI 20250321 CS;SIMPLE_INSTRUMENT;VOLA;EUR;603979831;169.90000000;600;EXCHANGE_LAST;;1;1;XEUR;11359072;605;
11.02.2025;16:18:52.989;FESB SI 20250321 CS;SIMPLE_INSTRUMENT;VOLA;EUR;603979837;171.10000000;600;EXCHANGE_LAST;;1;1;XEUR;11359072;605;
11.02.2025;16:58:14.424;FESB SI 20250321 CS;SIMPLE_INSTRUMENT;VOLA;EUR;603979854;170.10000000;300;EXCHANGE_LAST;;1;1;XEUR;11359072;605;
11.02.2025;09:03:41.254;FESX SI 20250321 CS;SIMPLE_INSTRUMENT;EFP_IDX;EUR;1;5377.00000000;1000;EXCHANGE_LAST;;1;1;XEUR;7793482;675;
11.02.2025;09:15:03.827;FESX SI 20250321 CS;SIMPLE_INSTRUMENT;BLOCK;EUR;2;5375.00000000;3000;EXCHANGE_LAST;;1;1;XEUR;7793482;675;
11.02.2025;12:27:18.965;FESX SI 20250321 CS;SIMPLE_INSTRUMENT;EFP_IDX;EUR;3;5375.00000000;1000;EXCHANGE_LAST;;1;1;XEUR;7793482;675;
11.02.2025;13:22:42.206;FESX SI 20250321 CS;SIMPLE_INSTRUMENT;BLOCK;EUR;4;5384.00000000;2000;EXCHANGE_LAST;;1;1;XEUR;7793482;675;
11.02.2025;14:13:26.598;FESX SI 20250321 CS;SIMPLE_INSTRUMENT;BLOCK;EUR;6;5387.00000000;4000;EXCHANGE_LAST;;1;1;XEUR;7793482;675;
11.02.2025;14:23:26.149;FESX SI 20250321 CS;SIMPLE_INSTRUMENT;EFP_IDX;EUR;11;5390.00000000;505;EXCHANGE_LAST;;1;1;XEUR;7793482;675;
11.02.2025;14:24:22.164;FESX SI 20250321 CS;SIMPLE_INSTRUMENT;EFP_IDX;EUR;12;5388.00000000;414;EXCHANGE_LAST;;1;1;XEUR;7793482;675;
11.02.2025;15:53:17.358;FESX SI 20250321 CS;SIMPLE_INSTRUMENT;BLOCK;EUR;13;5400.00000000;10000;EXCHANGE_LAST;;1;1;XEUR;7793482;675;
11.02.2025;15:55:21.463;FESX SI 20250321 CS;SIMPLE_INSTRUMENT;BLOCK;EUR;14;5400.00000000;2017;EXCHANGE_LAST;;1;1;XEUR;7793482;675;
11.02.2025;16:27:19.709;FESX SI 20250321 CS;SIMPLE_INSTRUMENT;BLOCK;EUR;15;5400.00000000;3100;EXCHANGE_LAST;;1;1;XEUR;7793482;675;
11.02.2025;16:47:07.293;FESX SI 20250321 CS;SIMPLE_INSTRUMENT;EFP_IDX;EUR;16;5400.00000000;672;EXCHANGE_LAST;;1;1;XEUR;7793482;675;
11.02.2025;16:47:18.045;FESX SI 20250321 CS;SIMPLE_INSTRUMENT;EFP_IDX;EUR;17;5401.00000000;128;EXCHANGE_LAST;;1;1;XEUR;7793482;675;
11.02.2025;16:50:23.688;FESX SI 20250321 CS;SIMPLE_INSTRUMENT;EFP_IDX;EUR;18;5400.00000000;504;EXCHANGE_LAST;;1;1;XEUR;7793482;675;
11.02.2025;16:50:37.377;FESX SI 20250321 CS;SIMPLE_INSTRUMENT;EFP_IDX;EUR;19;5401.00000000;96;EXCHANGE_LAST;;1;1;XEUR;7793482;675;
11.02.2025;16:46:48.185;FESX SI 20250321 CS;SIMPLE_INSTRUMENT;BLOCK;EUR;20;5399.00000000;2227;EXCHANGE_LAST;;1;1;XEUR;7793482;675;
11.02.2025;16:47:00.378;FESX SI 20250321 CS;SIMPLE_INSTRUMENT;BLOCK;EUR;21;5401.00000000;2273;EXCHANGE_LAST;;1;1;XEUR;7793482;675;
11.02.2025;16:54:41.336;FESX SI 20250321 CS;SIMPLE_INSTRUMENT;EFP_IDX;EUR;22;5401.00000000;7;EXCHANGE_LAST;;1;1;XEUR;7793482;675;
11.02.2025;16:54:50.803;FESX SI 20250321 CS;SIMPLE_INSTRUMENT;EFP_IDX;EUR;23;5400.00000000;193;EXCHANGE_LAST;;1;1;XEUR;7793482;675;
11.02.2025;16:58:43.115;FESX SI 20250321 CS;SIMPLE_INSTRUMENT;EFP_IDX;EUR;24;5399.00000000;45;EXCHANGE_LAST;;1;1;XEUR;7793482;675;
11.02.2025;16:58:34.759;FESX SI 20250321 CS;SIMPLE_INSTRUMENT;EFP_IDX;EUR;25;5400.00000000;455;EXCHANGE_LAST;;1;1;XEUR;7793482;675;
11.02.2025;16:59:20.308;FESX SI 20250321 CS;SIMPLE_INSTRUMENT;EFP_IDX;EUR;26;5399.00000000;27;EXCHANGE_LAST;;1;1;XEUR;7793482;675;
11.02.2025;16:59:21.737;FESX SI 20250321 CS;SIMPLE_INSTRUMENT;EFP_IDX;EUR;27;5400.00000000;273;EXCHANGE_LAST;;1;1;XEUR;7793482;675;
11.02.2025;08:39:25.169;FESX SI 20250321 CS;SIMPLE_INSTRUMENT;VOLA;EUR;637534212;5372.00000000;400;EXCHANGE_LAST;;1;1;XEUR;7793482;675;
11.02.2025;09:08:24.223;FESX SI 20250321 CS;SIMPLE_INSTRUMENT;VOLA;EUR;637534230;5370.00000000;110;EXCHANGE_LAST;;1;1;XEUR;7793482;675;
11.02.2025;09:44:37.988;FESX SI 20250321 CS;SIMPLE_INSTRUMENT;VOLA;EUR;637534242;5368.00000000;110;EXCHANGE_LAST;;1;1;XEUR;7793482;675;
11.02.2025;11:15:24.314;FESX SI 20250321 CS;SIMPLE_INSTRUMENT;VOLA;EUR;637534278;5375.00000000;311;EXCHANGE_LAST;;1;1;XEUR;7793482;675;
11.02.2025;13:38:10.152;FESX SI 20250321 CS;SIMPLE_INSTRUMENT;VOLA;EUR;637534307;5375.00000000;10;EXCHANGE_LAST;;1;1;XEUR;7793482;675;
11.02.2025;15:33:05.553;FESX SI 20250321 CS;SIMPLE_INSTRUMENT;VOLA;EUR;637534341;5395.00000000;840;EXCHANGE_LAST;;1;1;XEUR;7793482;675;
11.02.2025;15:34:53.112;FESX SI 20250321 CS;SIMPLE_INSTRUMENT;VOLA;EUR;637534346;5394.00000000;180;EXCHANGE_LAST;;1;1;XEUR;7793482;675;
11.02.2025;16:27:48.936;FESX SI 20250321 CS;SIMPLE_INSTRUMENT;VOLA;EUR;637534373;5402.00000000;3600;EXCHANGE_LAST;;1;1;XEUR;7793482;675;
11.02.2025;16:29:04.676;FESX SI 20250321 CS;SIMPLE_INSTRUMENT;VOLA;EUR;637534374;5402.00000000;1600;EXCHANGE_LAST;;1;1;XEUR;7793482;675;
11.02.2025;09:30:51.852;FEXD SI 20251219 CS;SIMPLE_INSTRUMENT;BLOCK;EUR;11;164.90000000;1000;EXCHANGE_LAST;;1;1;XEUR;1548120;693;
11.02.2025;10:20:01.782;FEXD SI 20261218 CS;SIMPLE_INSTRUMENT;BLOCK;EUR;14;158.70000000;350;EXCHANGE_LAST;;1;1;XEUR;2163053;693;
11.02.2025;10:23:20.784;FEXD.S.DEC26.DEC28.SPD;FUTURES_SPREAD;BLOCK;EUR;15;10.60000000;200;EXCHANGE_LAST;;1;1;XEUR;72060570450264161;693;
11.02.2025;10:23:20.784;FEXD SI 20261218 CS;SIMPLE_INSTRUMENT;BLOCK;EUR;15;158.90000000;200;PRC_DECOMP_EXCHANGE;;;;XEUR;2163053;693;EXCHANGE
11.02.2025;10:23:20.784;FEXD SI 20281215 CS;SIMPLE_INSTRUMENT;BLOCK;EUR;15;148.30000000;200;PRC_DECOMP_EXCHANGE;;;;XEUR;3680985;693;EXCHANGE
11.02.2025;10:31:27.843;FEXD SI 20281215 CS;SIMPLE_INSTRUMENT;BLOCK;EUR;18;148.20000000;150;EXCHANGE_LAST;;1;1;XEUR;3680985;693;
11.02.2025;10:32:03.762;FEXD SI 20291221 CS;SIMPLE_INSTRUMENT;BLOCK;EUR;19;144.70000000;150;EXCHANGE_LAST;;1;1;XEUR;4631968;693;
11.02.2025;10:38:14.157;FEXD SI 20261218 CS;SIMPLE_INSTRUMENT;BLOCK;EUR;21;158.90000000;390;EXCHANGE_LAST;;1;1;XEUR;2163053;693;
11.02.2025;11:54:31.465;FEXD SI 20251219 CS;SIMPLE_INSTRUMENT;BLOCK;EUR;27;165.00000000;245;EXCHANGE_LAST;;1;1;XEUR;1548120;693;
11.02.2025;12:12:23.855;FEXD SI 20251219 CS;SIMPLE_INSTRUMENT;BLOCK;EUR;28;164.90000000;240;EXCHANGE_LAST;;1;1;XEUR;1548120;693;
11.02.2025;12:16:51.771;FEXD.S.DEC25.DEC26.SPD;FUTURES_SPREAD;BLOCK;EUR;30;6.30000000;1250;EXCHANGE_LAST;;1;2;XEUR;72060570450264144;693;
11.02.2025;12:16:51.771;FEXD SI 20251219 CS;SIMPLE_INSTRUMENT;BLOCK;EUR;30;165.00000000;1250;PRC_DECOMP_MEMBER;;;;XEUR;1548120;693;MEMBER
11.02.2025;12:16:51.771;FEXD SI 20261218 CS;SIMPLE_INSTRUMENT;BLOCK;EUR;30;158.70000000;1250;PRC_DECOMP_MEMBER;;;;XEUR;2163053;693;MEMBER
11.02.2025;13:37:12.549;FEXD SI 20261218 CS;SIMPLE_INSTRUMENT;BLOCK;EUR;42;158.60000000;350;EXCHANGE_LAST;;1;1;XEUR;2163053;693;
11.02.2025;14:12:35.440;FEXD SI 20271217 CS;SIMPLE_INSTRUMENT;BLOCK;EUR;44;153.00000000;300;EXCHANGE_LAST;;1;1;XEUR;2848338;693;
11.02.2025;14:21:05.855;FEXD.S.DEC27.DEC28.SPD;FUTURES_SPREAD;BLOCK;EUR;46;4.70000000;1000;EXCHANGE_LAST;;2;1;XEUR;72060570450264162;693;
11.02.2025;14:21:05.855;FEXD SI 20271217 CS;SIMPLE_INSTRUMENT;BLOCK;EUR;46;153.10000000;1000;PRC_DECOMP_MEMBER;;;;XEUR;2848338;693;MEMBER
11.02.2025;14:21:05.855;FEXD SI 20281215 CS;SIMPLE_INSTRUMENT;BLOCK;EUR;46;148.40000000;1000;PRC_DECOMP_MEMBER;;;;XEUR;3680985;693;MEMBER
11.02.2025;14:45:24.463;FEXD SI 20261218 CS;SIMPLE_INSTRUMENT;BLOCK;EUR;48;158.80000000;400;EXCHANGE_LAST;;1;1;XEUR;2163053;693;
11.02.2025;15:11:32.982;FEXD SI 20281215 CS;SIMPLE_INSTRUMENT;BLOCK;EUR;49;148.50000000;500;EXCHANGE_LAST;;1;2;XEUR;3680985;693;
11.02.2025;15:18:40.586;FEXD.S.DEC27.DEC28.SPD;FUTURES_SPREAD;BLOCK;EUR;50;4.70000000;250;EXCHANGE_LAST;;1;1;XEUR;72060570450264162;693;
11.02.2025;15:18:40.586;FEXD SI 20271217 CS;SIMPLE_INSTRUMENT;BLOCK;EUR;50;153.10000000;250;PRC_DECOMP_MEMBER;;;;XEUR;2848338;693;MEMBER
11.02.2025;15:18:40.586;FEXD SI 20281215 CS;SIMPLE_INSTRUMENT;BLOCK;EUR;50;148.40000000;250;PRC_DECOMP_MEMBER;;;;XEUR;3680985;693;MEMBER
11.02.2025;15:48:35.216;FEXD SI 20261218 CS;SIMPLE_INSTRUMENT;BLOCK;EUR;51;158.90000000;100;EXCHANGE_LAST;;1;1;XEUR;2163053;693;
11.02.2025;16:02:20.082;FEXD SI 20271217 CS;SIMPLE_INSTRUMENT;BLOCK;EUR;55;153.30000000;325;EXCHANGE_LAST;;1;1;XEUR;2848338;693;
11.02.2025;16:31:59.192;FEXD SI 20271217 CS;SIMPLE_INSTRUMENT;BLOCK;EUR;61;153.40000000;178;EXCHANGE_LAST;;1;1;XEUR;2848338;693;
11.02.2025;16:39:48.214;FEXD SI 20251219 CS;SIMPLE_INSTRUMENT;BLOCK;EUR;64;165.10000000;100;EXCHANGE_LAST;;1;1;XEUR;1548120;693;
11.02.2025;16:39:43.710;FEXD SI 20251219 CS;SIMPLE_INSTRUMENT;BLOCK;EUR;65;165.20000000;100;EXCHANGE_LAST;;1;1;XEUR;1548120;693;
11.02.2025;16:56:04.872;FEXD SI 20251219 CS;SIMPLE_INSTRUMENT;BLOCK;EUR;75;165.10000000;225;EXCHANGE_LAST;;1;1;XEUR;1548120;693;
11.02.2025;16:56:11.873;FEXD SI 20251219 CS;SIMPLE_INSTRUMENT;BLOCK;EUR;76;165.20000000;225;EXCHANGE_LAST;;1;1;XEUR;1548120;693;
11.02.2025;16:40:14.409;FFOX SI 20250321 CS;SIMPLE_INSTRUMENT;BLOCK;EUR;4;4549.50000000;200;EXCHANGE_LAST;;1;1;XEUR;11338030;695;
11.02.2025;07:40:15.858;FGBL SI 20250306 PS;SIMPLE_INSTRUMENT;EFS;EUR;1;133.23000000;415;EXCHANGE_LAST;;1;1;XEUR;11286679;688;
11.02.2025;08:22:49.624;FGBL SI 20250306 PS;SIMPLE_INSTRUMENT;EFS;EUR;2;133.24000000;290;EXCHANGE_LAST;;1;1;XEUR;11286679;688;
11.02.2025;08:27:40.121;FGBL SI 20250306 PS;SIMPLE_INSTRUMENT;EFS;EUR;3;133.22000000;208;EXCHANGE_LAST;;1;1;XEUR;11286679;688;
11.02.2025;08:29:41.612;FGBL SI 20250306 PS;SIMPLE_INSTRUMENT;EFP_FIN;EUR;4;133.20000000;418;EXCHANGE_LAST;;1;1;XEUR;11286679;688;
11.02.2025;08:34:38.628;FGBL SI 20250306 PS;SIMPLE_INSTRUMENT;EFS;EUR;5;133.20000000;234;EXCHANGE_LAST;;1;1;XEUR;11286679;688;
11.02.2025;08:35:36.568;FGBL SI 20250306 PS;SIMPLE_INSTRUMENT;EFS;EUR;6;133.24000000;371;EXCHANGE_LAST;;1;1;XEUR;11286679;688;
11.02.2025;08:37:01.435;FGBL SI 20250306 PS;SIMPLE_INSTRUMENT;EFS;EUR;7;133.25000000;468;EXCHANGE_LAST;;1;1;XEUR;11286679;688;
11.02.2025;08:39:16.725;FGBL SI 20250306 PS;SIMPLE_INSTRUMENT;EFS;EUR;8;133.25000000;370;EXCHANGE_LAST;;1;1;XEUR;11286679;688;
11.02.2025;08:39:31.739;FGBL SI 20250306 PS;SIMPLE_INSTRUMENT;EFS;EUR;9;133.24000000;371;EXCHANGE_LAST;;1;1;XEUR;11286679;688;
11.02.2025;08:41:10.760;FGBL SI 20250306 PS;SIMPLE_INSTRUMENT;EFS;EUR;10;133.25000000;468;EXCHANGE_LAST;;1;1;XEUR;11286679;688;
11.02.2025;08:43:15.911;FGBL SI 20250306 PS;SIMPLE_INSTRUMENT;EFS;EUR;11;133.24000000;415;EXCHANGE_LAST;;1;1;XEUR;11286679;688;
11.02.2025;08:43:45.301;FGBL SI 20250306 PS;SIMPLE_INSTRUMENT;EFS;EUR;12;133.23000000;207;EXCHANGE_LAST;;1;1;XEUR;11286679;688;
11.02.2025;08:44:15.251;FGBL SI 20250306 PS;SIMPLE_INSTRUMENT;EFS;EUR;13;133.23000000;249;EXCHANGE_LAST;;1;1;XEUR;11286679;688;
11.02.2025;08:50:34.319;FGBL SI 20250306 PS;SIMPLE_INSTRUMENT;EFP_FIN;EUR;14;133.22000000;1857;EXCHANGE_LAST;;1;1;XEUR;11286679;688;
11.02.2025;08:58:34.862;FGBL SI 20250306 PS;SIMPLE_INSTRUMENT;EFP_FIN;EUR;15;133.19000000;233;EXCHANGE_LAST;;1;1;XEUR;11286679;688;
11.02.2025;08:59:14.745;FGBL SI 20250306 PS;SIMPLE_INSTRUMENT;EFS;EUR;16;133.21000000;440;EXCHANGE_LAST;;1;1;XEUR;11286679;688;
11.02.2025;08:59:34.246;FGBL SI 20250306 PS;SIMPLE_INSTRUMENT;EFP_FIN;EUR;17;133.19000000;631;EXCHANGE_LAST;;1;1;XEUR;11286679;688;
11.02.2025;09:01:18.757;FGBL SI 20250306 PS;SIMPLE_INSTRUMENT;EFS;EUR;18;133.17000000;89;EXCHANGE_LAST;;1;1;XEUR;11286679;688;
11.02.2025;09:02:58.977;FGBL SI 20250306 PS;SIMPLE_INSTRUMENT;EFS;EUR;19;133.19000000;207;EXCHANGE_LAST;;1;1;XEUR;11286679;688;
11.02.2025;09:03:27.292;FGBL SI 20250306 PS;SIMPLE_INSTRUMENT;EFS;EUR;20;133.19000000;415;EXCHANGE_LAST;;1;1;XEUR;11286679;688;
11.02.2025;09:03:48.861;FGBL SI 20250306 PS;SIMPLE_INSTRUMENT;EFP_FIN;EUR;21;133.16000000;192;EXCHANGE_LAST;;1;1;XEUR;11286679;688;
11.02.2025;09:04:29.514;FGBL SI 20250306 PS;SIMPLE_INSTRUMENT;EFS;EUR;22;133.18000000;207;EXCHANGE_LAST;;1;1;XEUR;11286679;688;
11.02.2025;09:31:01.536;FGBL SI 20250306 PS;SIMPLE_INSTRUMENT;EFS;EUR;23;133.16000000;377;EXCHANGE_LAST;;1;1;XEUR;11286679;688;
11.02.2025;09:18:10.286;FGBL SI 20250306 PS;SIMPLE_INSTRUMENT;EFP_FIN;EUR;24;133.17000000;621;EXCHANGE_LAST;;1;1;XEUR;11286679;688;
11.02.2025;09:18:26.935;FGBL SI 20250306 PS;SIMPLE_INSTRUMENT;EFP_FIN;EUR;25;133.17000000;621;EXCHANGE_LAST;;1;1;XEUR;11286679;688;
11.02.2025;09:18:33.854;FGBL SI 20250306 PS;SIMPLE_INSTRUMENT;EFP_FIN;EUR;26;133.17000000;621;EXCHANGE_LAST;;1;1;XEUR;11286679;688;
11.02.2025;09:19:50.941;FGBL SI 20250306 PS;SIMPLE_INSTRUMENT;EFP_FIN;EUR;27;133.18000000;958;EXCHANGE_LAST;;1;1;XEUR;11286679;688;
11.02.2025;09:23:05.630;FGBL SI 20250306 PS;SIMPLE_INSTRUMENT;EFS;EUR;28;133.11000000;415;EXCHANGE_LAST;;1;1;XEUR;11286679;688;
11.02.2025;09:25:31.636;FGBL SI 20250306 PS;SIMPLE_INSTRUMENT;EFP_FIN;EUR;29;133.14000000;179;EXCHANGE_LAST;;1;1;XEUR;11286679;688;
11.02.2025;09:26:52.542;FGBL SI 20250306 PS;SIMPLE_INSTRUMENT;EFP_FIN;EUR;30;133.18000000;153;EXCHANGE_LAST;;1;1;XEUR;11286679;688;
11.02.2025;09:27:01.056;FGBL SI 20250306 PS;SIMPLE_INSTRUMENT;EFS;EUR;31;133.12000000;207;EXCHANGE_LAST;;1;1;XEUR;11286679;688;
11.02.2025;09:28:32.855;FGBL SI 20250306 PS;SIMPLE_INSTRUMENT;EFP_FIN;EUR;33;133.14000000;156;EXCHANGE_LAST;;1;1;XEUR;11286679;688;
11.02.2025;09:32:26.297;FGBL SI 20250306 PS;SIMPLE_INSTRUMENT;EFS;EUR;35;133.10000000;702;EXCHANGE_LAST;;1;1;XEUR;11286679;688;
11.02.2025;09:41:36.234;FGBL SI 20250306 PS;SIMPLE_INSTRUMENT;EFS;EUR;36;133.09000000;207;EXCHANGE_LAST;;1;1;XEUR;11286679;688;
11.02.2025;09:43:48.256;FGBL SI 20250306 PS;SIMPLE_INSTRUMENT;EFS;EUR;37;133.09000000;415;EXCHANGE_LAST;;1;1;XEUR;11286679;688;
11.02.2025;09:44:35.841;FGBL SI 20250306 PS;SIMPLE_INSTRUMENT;EFS;EUR;38;133.09000000;415;EXCHANGE_LAST;;1;1;XEUR;11286679;688;
11.02.2025;09:46:28.917;FGBL SI 20250306 PS;SIMPLE_INSTRUMENT;EFS;EUR;39;133.09000000;830;EXCHANGE_LAST;;1;1;XEUR;11286679;688;
11.02.2025;09:48:09.310;FGBL SI 20250306 PS;SIMPLE_INSTRUMENT;EFS;EUR;40;133.12000000;415;EXCHANGE_LAST;;1;1;XEUR;11286679;688;
11.02.2025;09:49:02.792;FGBL SI 20250306 PS;SIMPLE_INSTRUMENT;EFS;EUR;41;133.15000000;500;EXCHANGE_LAST;;1;1;XEUR;11286679;688;
11.02.2025;09:55:23.321;FGBL SI 20250306 PS;SIMPLE_INSTRUMENT;EFS;EUR;42;133.10000000;525;EXCHANGE_LAST;;1;1;XEUR;11286679;688;
11.02.2025;09:55:36.974;FGBL SI 20250306 PS;SIMPLE_INSTRUMENT;EFS;EUR;43;133.11000000;415;EXCHANGE_LAST;;1;1;XEUR;11286679;688;
11.02.2025;09:58:40.404;FGBL SI 20250306 PS;SIMPLE_INSTRUMENT;EFS;EUR;45;133.11000000;208;EXCHANGE_LAST;;1;1;XEUR;11286679;688;
11.02.2025;10:01:29.532;FGBL SI 20250306 PS;SIMPLE_INSTRUMENT;EFP_FIN;EUR;46;133.12000000;766;EXCHANGE_LAST;;1;1;XEUR;11286679;688;
11.02.2025;10:03:06.442;FGBL SI 20250306 PS;SIMPLE_INSTRUMENT;EFP_FIN;EUR;47;133.10000000;226;EXCHANGE_LAST;;1;1;XEUR;11286679;688;
11.02.2025;10:04:59.634;FGBL SI 20250306 PS;SIMPLE_INSTRUMENT;EFS;EUR;48;133.07000000;208;EXCHANGE_LAST;;1;1;XEUR;11286679;688;
11.02.2025;10:05:09.644;FGBL SI 20250306 PS;SIMPLE_INSTRUMENT;EFS;EUR;49;133.08000000;415;EXCHANGE_LAST;;1;1;XEUR;11286679;688;
11.02.2025;10:05:19.654;FGBL SI 20250306 PS;SIMPLE_INSTRUMENT;EFS;EUR;50;133.08000000;415;EXCHANGE_LAST;;1;1;XEUR;11286679;688;
11.02.2025;10:05:29.665;FGBL SI 20250306 PS;SIMPLE_INSTRUMENT;EFS;EUR;51;133.07000000;208;EXCHANGE_LAST;;1;1;XEUR;11286679;688;
11.02.2025;10:05:54.917;FGBL SI 20250306 PS;SIMPLE_INSTRUMENT;EFS;EUR;52;133.09000000;415;EXCHANGE_LAST;;1;1;XEUR;11286679;688;
11.02.2025;10:14:42.492;FGBL SI 20250306 PS;SIMPLE_INSTRUMENT;EFS;EUR;53;133.07000000;622;EXCHANGE_LAST;;1;1;XEUR;11286679;688;
11.02.2025;10:16:29.106;FGBL SI 20250306 PS;SIMPLE_INSTRUMENT;EFP_FIN;EUR;54;133.18000000;79;EXCHANGE_LAST;;1;1;XEUR;11286679;688;
11.02.2025;10:17:21.622;FGBL SI 20250306 PS;SIMPLE_INSTRUMENT;EFP_FIN;EUR;55;133.10000000;461;EXCHANGE_LAST;;1;1;XEUR;11286679;688;
11.02.2025;10:17:37.910;FGBL SI 20250306 PS;SIMPLE_INSTRUMENT;EFP_FIN;EUR;56;133.08000000;1184;EXCHANGE_LAST;;1;1;XEUR;11286679;688;
11.02.2025;10:20:29.919;FGBL SI 20250306 PS;SIMPLE_INSTRUMENT;EFP_FIN;EUR;57;133.08000000;362;EXCHANGE_LAST;;1;1;XEUR;11286679;688;
11.02.2025;10:29:27.329;FGBL SI 20250306 PS;SIMPLE_INSTRUMENT;EFP_FIN;EUR;58;133.06000000;793;EXCHANGE_LAST;;1;1;XEUR;11286679;688;
11.02.2025;10:31:11.731;FGBL SI 20250306 PS;SIMPLE_INSTRUMENT;EFS;EUR;59;133.06000000;187;EXCHANGE_LAST;;1;1;XEUR;11286679;688;
11.02.2025;10:31:44.465;FGBL SI 20250306 PS;SIMPLE_INSTRUMENT;EFS;EUR;60;133.08000000;227;EXCHANGE_LAST;;1;1;XEUR;11286679;688;
11.02.2025;10:33:52.533;FGBL SI 20250306 PS;SIMPLE_INSTRUMENT;EFS;EUR;61;133.06000000;1500;EXCHANGE_LAST;;1;1;XEUR;11286679;688;
11.02.2025;10:38:24.971;FGBL SI 20250306 PS;SIMPLE_INSTRUMENT;EFS;EUR;62;133.06000000;467;EXCHANGE_LAST;;1;1;XEUR;11286679;688;
11.02.2025;10:43:32.910;FGBL SI 20250306 PS;SIMPLE_INSTRUMENT;EFS;EUR;63;133.04000000;1169;EXCHANGE_LAST;;1;1;XEUR;11286679;688;
11.02.2025;10:46:22.193;FGBL SI 20250306 PS;SIMPLE_INSTRUMENT;EFP_FIN;EUR;64;133.06000000;1857;EXCHANGE_LAST;;1;1;XEUR;11286679;688;
11.02.2025;10:46:18.866;FGBL SI 20250306 PS;SIMPLE_INSTRUMENT;BLOCK;EUR;65;133.05000000;2812;EXCHANGE_LAST;;1;1;XEUR;11286679;688;
11.02.2025;10:46:36.703;FGBL SI 20250306 PS;SIMPLE_INSTRUMENT;EFS;EUR;66;133.08000000;2215;EXCHANGE_LAST;;1;1;XEUR;11286679;688;
11.02.2025;10:48:46.000;FGBL SI 20250306 PS;SIMPLE_INSTRUMENT;EFS;EUR;67;133.05000000;454;EXCHANGE_LAST;;1;1;XEUR;11286679;688;
11.02.2025;10:53:22.720;FGBL SI 20250306 PS;SIMPLE_INSTRUMENT;EFS;EUR;68;133.04000000;806;EXCHANGE_LAST;;1;1;XEUR;11286679;688;
11.02.2025;10:58:19.657;FGBL SI 20250306 PS;SIMPLE_INSTRUMENT;EFP_FIN;EUR;69;133.02000000;182;EXCHANGE_LAST;;1;1;XEUR;11286679;688;
11.02.2025;11:00:02.083;FGBL SI 20250306 PS;SIMPLE_INSTRUMENT;EFP_FIN;EUR;70;133.03000000;1857;EXCHANGE_LAST;;1;1;XEUR;11286679;688;
11.02.2025;11:02:07.779;FGBL SI 20250306 PS;SIMPLE_INSTRUMENT;EFS;EUR;71;132.96000000;453;EXCHANGE_LAST;;1;1;XEUR;11286679;688;
11.02.2025;11:05:39.837;FGBL SI 20250306 PS;SIMPLE_INSTRUMENT;BLOCK;EUR;72;132.97000000;5000;EXCHANGE_LAST;;1;1;XEUR;11286679;688;
11.02.2025;11:06:07.260;FGBL SI 20250306 PS;SIMPLE_INSTRUMENT;EFS;EUR;73;132.98000000;469;EXCHANGE_LAST;;1;1;XEUR;11286679;688;
11.02.2025;11:08:40.288;FGBL SI 20250306 PS;SIMPLE_INSTRUMENT;EFS;EUR;74;132.99000000;207;EXCHANGE_LAST;;1;1;XEUR;11286679;688;
11.02.2025;11:12:35.559;FGBL SI 20250306 PS;SIMPLE_INSTRUMENT;EFS;EUR;75;132.99000000;415;EXCHANGE_LAST;;1;1;XEUR;11286679;688;
11.02.2025;11:12:37.331;FGBL SI 20250306 PS;SIMPLE_INSTRUMENT;EFP_FIN;EUR;76;132.98000000;135;EXCHANGE_LAST;;1;1;XEUR;11286679;688;
11.02.2025;11:15:03.893;FGBL SI 20250306 PS;SIMPLE_INSTRUMENT;EFS;EUR;77;132.95000000;1781;EXCHANGE_LAST;;1;1;XEUR;11286679;688;
11.02.2025;11:21:26.957;FGBL SI 20250306 PS;SIMPLE_INSTRUMENT;EFS;EUR;78;132.96000000;415;EXCHANGE_LAST;;1;1;XEUR;11286679;688;
11.02.2025;11:23:13.381;FGBL SI 20250306 PS;SIMPLE_INSTRUMENT;BLOCK;EUR;79;132.97000000;5000;EXCHANGE_LAST;;1;1;XEUR;11286679;688;
11.02.2025;11:28:42.256;FGBL SI 20250306 PS;SIMPLE_INSTRUMENT;EFS;EUR;80;132.99000000;831;EXCHANGE_LAST;;1;1;XEUR;11286679;688;
11.02.2025;11:36:02.937;FGBL SI 20250306 PS;SIMPLE_INSTRUMENT;EFS;EUR;81;133.01000000;166;EXCHANGE_LAST;;1;1;XEUR;11286679;688;
11.02.2025;11:36:49.152;FGBL SI 20250306 PS;SIMPLE_INSTRUMENT;EFS;EUR;82;133.01000000;249;EXCHANGE_LAST;;1;1;XEUR;11286679;688;
11.02.2025;11:53:33.183;FGBL SI 20250306 PS;SIMPLE_INSTRUMENT;EFS;EUR;83;133.00000000;682;EXCHANGE_LAST;;1;1;XEUR;11286679;688;
11.02.2025;12:04:51.944;FGBL SI 20250306 PS;SIMPLE_INSTRUMENT;EFS;EUR;84;132.95000000;208;EXCHANGE_LAST;;1;1;XEUR;11286679;688;
11.02.2025;12:05:32.793;FGBL SI 20250306 PS;SIMPLE_INSTRUMENT;EFS;EUR;85;132.95000000;208;EXCHANGE_LAST;;1;1;XEUR;11286679;688;
11.02.2025;12:13:57.993;FGBL SI 20250306 PS;SIMPLE_INSTRUMENT;EFS;EUR;86;132.92000000;467;EXCHANGE_LAST;;1;1;XEUR;11286679;688;
11.02.2025;12:16:33.866;FGBL SI 20250306 PS;SIMPLE_INSTRUMENT;EFS;EUR;87;133.08000000;469;EXCHANGE_LAST;;1;1;XEUR;11286679;688;
11.02.2025;12:23:24.366;FGBL SI 20250306 PS;SIMPLE_INSTRUMENT;EFP_FIN;EUR;88;132.92000000;371;EXCHANGE_LAST;;1;1;XEUR;11286679;688;
11.02.2025;12:23:15.120;FGBL SI 20250306 PS;SIMPLE_INSTRUMENT;EFP_FIN;EUR;89;132.92000000;101;EXCHANGE_LAST;;1;1;XEUR;11286679;688;
11.02.2025;12:20:25.253;FGBL SI 20250306 PS;SIMPLE_INSTRUMENT;EFS;EUR;90;132.92000000;208;EXCHANGE_LAST;;1;1;XEUR;11286679;688;
11.02.2025;12:31:58.409;FGBL SI 20250306 PS;SIMPLE_INSTRUMENT;EFP_FIN;EUR;91;132.92000000;743;EXCHANGE_LAST;;1;1;XEUR;11286679;688;
11.02.2025;12:34:53.959;FGBL SI 20250306 PS;SIMPLE_INSTRUMENT;EFP_FIN;EUR;92;132.92000000;227;EXCHANGE_LAST;;1;1;XEUR;11286679;688;
11.02.2025;12:35:51.381;FGBL SI 20250306 PS;SIMPLE_INSTRUMENT;EFS;EUR;93;132.95000000;469;EXCHANGE_LAST;;1;1;XEUR;11286679;688;
11.02.2025;12:40:41.371;FGBL SI 20250306 PS;SIMPLE_INSTRUMENT;EFS;EUR;94;132.92000000;1818;EXCHANGE_LAST;;1;1;XEUR;11286679;688;
11.02.2025;12:46:45.131;FGBL SI 20250306 PS;SIMPLE_INSTRUMENT;EFS;EUR;95;132.92000000;228;EXCHANGE_LAST;;1;1;XEUR;11286679;688;
11.02.2025;12:50:55.913;FGBL SI 20250306 PS;SIMPLE_INSTRUMENT;EFP_FIN;EUR;96;132.94000000;150;EXCHANGE_LAST;;1;1;XEUR;11286679;688;
11.02.2025;13:03:21.516;FGBL SI 20250306 PS;SIMPLE_INSTRUMENT;EFS;EUR;97;132.92000000;150;EXCHANGE_LAST;;1;1;XEUR;11286679;688;
11.02.2025;13:03:55.745;FGBL SI 20250306 PS;SIMPLE_INSTRUMENT;EFS;EUR;98;132.92000000;290;EXCHANGE_LAST;;1;1;XEUR;11286679;688;
11.02.2025;13:16:11.421;FGBL SI 20250306 PS;SIMPLE_INSTRUMENT;EFP_FIN;EUR;99;132.91000000;262;EXCHANGE_LAST;;1;1;XEUR;11286679;688;
11.02.2025;13:17:30.153;FGBL SI 20250306 PS;SIMPLE_INSTRUMENT;EFS;EUR;100;132.92000000;235;EXCHANGE_LAST;;1;1;XEUR;11286679;688;
11.02.2025;13:23:38.936;FGBL SI 20250306 PS;SIMPLE_INSTRUMENT;EFP_FIN;EUR;101;132.94000000;1236;EXCHANGE_LAST;;1;1;XEUR;11286679;688;
11.02.2025;13:30:52.337;FGBL SI 20250306 PS;SIMPLE_INSTRUMENT;EFP_FIN;EUR;102;132.92000000;222;EXCHANGE_LAST;;1;1;XEUR;11286679;688;
11.02.2025;13:32:38.019;FGBL SI 20250306 PS;SIMPLE_INSTRUMENT;EFP_FIN;EUR;103;132.94000000;793;EXCHANGE_LAST;;1;1;XEUR;11286679;688;
11.02.2025;13:32:24.488;FGBL SI 20250306 PS;SIMPLE_INSTRUMENT;EFS;EUR;104;132.93000000;208;EXCHANGE_LAST;;1;1;XEUR;11286679;688;
11.02.2025;13:33:14.525;FGBL SI 20250306 PS;SIMPLE_INSTRUMENT;EFS;EUR;105;132.93000000;416;EXCHANGE_LAST;;1;1;XEUR;11286679;688;
11.02.2025;13:38:51.506;FGBL SI 20250306 PS;SIMPLE_INSTRUMENT;EFP_FIN;EUR;106;132.93000000;150;EXCHANGE_LAST;;1;1;XEUR;11286679;688;
11.02.2025;13:40:35.845;FGBL SI 20250306 PS;SIMPLE_INSTRUMENT;EFS;EUR;107;132.92000000;208;EXCHANGE_LAST;;1;1;XEUR;11286679;688;
11.02.2025;13:40:41.852;FGBL SI 20250306 PS;SIMPLE_INSTRUMENT;EFS;EUR;108;132.91000000;471;EXCHANGE_LAST;;1;1;XEUR;11286679;688;
11.02.2025;13:43:19.910;FGBL SI 20250306 PS;SIMPLE_INSTRUMENT;EFP_FIN;EUR;109;132.94000000;938;EXCHANGE_LAST;;1;1;XEUR;11286679;688;
11.02.2025;13:43:35.983;FGBL SI 20250306 PS;SIMPLE_INSTRUMENT;EFS;EUR;110;132.90000000;294;EXCHANGE_LAST;;1;1;XEUR;11286679;688;
11.02.2025;13:47:45.897;FGBL SI 20250306 PS;SIMPLE_INSTRUMENT;EFS;EUR;111;132.91000000;470;EXCHANGE_LAST;;1;1;XEUR;11286679;688;
11.02.2025;13:48:29.050;FGBL SI 20250306 PS;SIMPLE_INSTRUMENT;EFS;EUR;112;132.88000000;415;EXCHANGE_LAST;;1;1;XEUR;11286679;688;
11.02.2025;13:53:04.520;FGBL SI 20250306 PS;SIMPLE_INSTRUMENT;EFP_FIN;EUR;113;132.86000000;187;EXCHANGE_LAST;;1;1;XEUR;11286679;688;
11.02.2025;13:55:15.760;FGBL SI 20250306 PS;SIMPLE_INSTRUMENT;EFS;EUR;114;132.89000000;1000;EXCHANGE_LAST;;1;1;XEUR;11286679;688;
11.02.2025;13:56:03.120;FGBL SI 20250306 PS;SIMPLE_INSTRUMENT;EFS;EUR;115;132.84000000;291;EXCHANGE_LAST;;1;1;XEUR;11286679;688;
11.02.2025;13:58:57.214;FGBL SI 20250306 PS;SIMPLE_INSTRUMENT;EFS;EUR;116;132.84000000;470;EXCHANGE_LAST;;1;1;XEUR;11286679;688;
11.02.2025;14:01:16.119;FGBL SI 20250306 PS;SIMPLE_INSTRUMENT;EFS;EUR;117;132.84000000;831;EXCHANGE_LAST;;1;1;XEUR;11286679;688;
11.02.2025;14:02:17.756;FGBL SI 20250306 PS;SIMPLE_INSTRUMENT;EFS;EUR;118;132.85000000;588;EXCHANGE_LAST;;1;1;XEUR;11286679;688;
11.02.2025;14:05:52.939;FGBL SI 20250306 PS;SIMPLE_INSTRUMENT;EFS;EUR;119;132.87000000;416;EXCHANGE_LAST;;1;1;XEUR;11286679;688;
11.02.2025;14:06:02.949;FGBL SI 20250306 PS;SIMPLE_INSTRUMENT;EFS;EUR;120;132.87000000;416;EXCHANGE_LAST;;1;1;XEUR;11286679;688;
11.02.2025;14:07:46.070;FGBL SI 20250306 PS;SIMPLE_INSTRUMENT;EFP_FIN;EUR;121;132.88000000;260;EXCHANGE_LAST;;1;1;XEUR;11286679;688;
11.02.2025;14:21:34.694;FGBL SI 20250306 PS;SIMPLE_INSTRUMENT;EFS;EUR;122;132.83000000;588;EXCHANGE_LAST;;1;1;XEUR;11286679;688;
11.02.2025;14:27:00.257;FGBL SI 20250306 PS;SIMPLE_INSTRUMENT;EFS;EUR;123;132.88000000;455;EXCHANGE_LAST;;1;1;XEUR;11286679;688;
11.02.2025;14:28:02.738;FGBL SI 20250306 PS;SIMPLE_INSTRUMENT;EFS;EUR;124;132.81000000;768;EXCHANGE_LAST;;1;1;XEUR;11286679;688;
11.02.2025;14:31:33.816;FGBL SI 20250306 PS;SIMPLE_INSTRUMENT;EFS;EUR;125;132.85000000;470;EXCHANGE_LAST;;1;1;XEUR;11286679;688;
11.02.2025;14:35:58.837;FGBL SI 20250306 PS;SIMPLE_INSTRUMENT;EFP_FIN;EUR;126;132.83000000;861;EXCHANGE_LAST;;1;1;XEUR;11286679;688;
11.02.2025;14:36:30.907;FGBL SI 20250306 PS;SIMPLE_INSTRUMENT;EFP_FIN;EUR;127;132.82000000;636;EXCHANGE_LAST;;1;1;XEUR;11286679;688;
11.02.2025;14:38:45.331;FGBL SI 20250306 PS;SIMPLE_INSTRUMENT;EFS;EUR;128;132.83000000;415;EXCHANGE_LAST;;1;1;XEUR;11286679;688;
11.02.2025;14:40:00.084;FGBL SI 20250306 PS;SIMPLE_INSTRUMENT;EFS;EUR;129;132.84000000;415;EXCHANGE_LAST;;1;1;XEUR;11286679;688;
11.02.2025;14:45:15.049;FGBL SI 20250306 PS;SIMPLE_INSTRUMENT;EFS;EUR;130;132.83000000;228;EXCHANGE_LAST;;1;1;XEUR;11286679;688;
11.02.2025;14:56:56.570;FGBL SI 20250306 PS;SIMPLE_INSTRUMENT;EFS;EUR;131;132.82000000;208;EXCHANGE_LAST;;1;1;XEUR;11286679;688;
11.02.2025;14:57:32.852;FGBL SI 20250306 PS;SIMPLE_INSTRUMENT;EFS;EUR;132;132.81000000;208;EXCHANGE_LAST;;1;1;XEUR;11286679;688;
11.02.2025;14:59:28.152;FGBL SI 20250306 PS;SIMPLE_INSTRUMENT;EFS;EUR;133;132.80000000;415;EXCHANGE_LAST;;1;1;XEUR;11286679;688;
11.02.2025;15:02:26.009;FGBL SI 20250306 PS;SIMPLE_INSTRUMENT;EFS;EUR;134;132.80000000;415;EXCHANGE_LAST;;1;1;XEUR;11286679;688;
11.02.2025;15:03:36.012;FGBL SI 20250306 PS;SIMPLE_INSTRUMENT;EFS;EUR;135;132.80000000;831;EXCHANGE_LAST;;1;1;XEUR;11286679;688;
11.02.2025;15:05:14.393;FGBL SI 20250306 PS;SIMPLE_INSTRUMENT;EFS;EUR;136;132.81000000;415;EXCHANGE_LAST;;1;1;XEUR;11286679;688;
11.02.2025;15:06:49.601;FGBL SI 20250306 PS;SIMPLE_INSTRUMENT;EFS;EUR;137;132.80000000;1246;EXCHANGE_LAST;;1;1;XEUR;11286679;688;
11.02.2025;15:07:57.172;FGBL SI 20250306 PS;SIMPLE_INSTRUMENT;EFS;EUR;138;132.81000000;415;EXCHANGE_LAST;;1;1;XEUR;11286679;688;
11.02.2025;15:10:33.918;FGBL SI 20250306 PS;SIMPLE_INSTRUMENT;EFS;EUR;139;132.75000000;939;EXCHANGE_LAST;;1;1;XEUR;11286679;688;
11.02.2025;15:11:02.323;FGBL SI 20250306 PS;SIMPLE_INSTRUMENT;EFS;EUR;140;132.75000000;350;EXCHANGE_LAST;;1;1;XEUR;11286679;688;
11.02.2025;15:13:18.193;FGBL SI 20250306 PS;SIMPLE_INSTRUMENT;EFS;EUR;141;132.76000000;350;EXCHANGE_LAST;;1;1;XEUR;11286679;688;
11.02.2025;15:16:02.879;FGBL SI 20250306 PS;SIMPLE_INSTRUMENT;EFP_FIN;EUR;142;132.75000000;62;EXCHANGE_LAST;;1;1;XEUR;11286679;688;
11.02.2025;15:18:47.218;FGBL SI 20250306 PS;SIMPLE_INSTRUMENT;EFP_FIN;EUR;143;132.74000000;743;EXCHANGE_LAST;;1;1;XEUR;11286679;688;
11.02.2025;15:19:07.710;FGBL SI 20250306 PS;SIMPLE_INSTRUMENT;EFP_FIN;EUR;144;132.74000000;743;EXCHANGE_LAST;;1;1;XEUR;11286679;688;
11.02.2025;15:20:31.847;FGBL SI 20250306 PS;SIMPLE_INSTRUMENT;BLOCK;EUR;145;132.74000000;2181;EXCHANGE_LAST;;1;1;XEUR;11286679;688;
11.02.2025;15:34:34.887;FGBL SI 20250306 PS;SIMPLE_INSTRUMENT;EFS;EUR;146;132.75000000;90;EXCHANGE_LAST;;1;1;XEUR;11286679;688;
11.02.2025;15:34:59.766;FGBL SI 20250306 PS;SIMPLE_INSTRUMENT;EFP_FIN;EUR;147;132.71000000;820;EXCHANGE_LAST;;1;1;XEUR;11286679;688;
11.02.2025;15:35:16.108;FGBL SI 20250306 PS;SIMPLE_INSTRUMENT;EFS;EUR;148;132.72000000;133;EXCHANGE_LAST;;1;1;XEUR;11286679;688;
11.02.2025;15:36:43.906;FGBL SI 20250306 PS;SIMPLE_INSTRUMENT;EFS;EUR;149;132.73000000;283;EXCHANGE_LAST;;1;1;XEUR;11286679;688;
11.02.2025;15:42:23.326;FGBL SI 20250306 PS;SIMPLE_INSTRUMENT;EFS;EUR;150;132.70000000;705;EXCHANGE_LAST;;1;1;XEUR;11286679;688;
11.02.2025;15:44:53.918;FGBL SI 20250306 PS;SIMPLE_INSTRUMENT;EFS;EUR;151;132.70000000;705;EXCHANGE_LAST;;1;1;XEUR;11286679;688;
11.02.2025;15:54:51.856;FGBL SI 20250306 PS;SIMPLE_INSTRUMENT;EFP_FIN;EUR;152;132.69000000;75;EXCHANGE_LAST;;1;1;XEUR;11286679;688;
11.02.2025;15:56:22.015;FGBL SI 20250306 PS;SIMPLE_INSTRUMENT;EFS;EUR;153;132.70000000;245;EXCHANGE_LAST;;1;1;XEUR;11286679;688;
11.02.2025;15:57:03.290;FGBL SI 20250306 PS;SIMPLE_INSTRUMENT;EFS;EUR;154;132.69000000;284;EXCHANGE_LAST;;1;1;XEUR;11286679;688;
11.02.2025;16:01:29.967;FGBL SI 20250306 PS;SIMPLE_INSTRUMENT;EFP_FIN;EUR;155;132.69000000;150;EXCHANGE_LAST;;1;1;XEUR;11286679;688;
11.02.2025;16:08:22.352;FGBL SI 20250306 PS;SIMPLE_INSTRUMENT;EFP_FIN;EUR;156;132.68000000;225;EXCHANGE_LAST;;1;1;XEUR;11286679;688;
11.02.2025;16:19:39.278;FGBL SI 20250306 PS;SIMPLE_INSTRUMENT;EFP_FIN;EUR;157;132.77000000;544;EXCHANGE_LAST;;1;1;XEUR;11286679;688;
11.02.2025;16:23:19.021;FGBL SI 20250306 PS;SIMPLE_INSTRUMENT;EFS;EUR;158;132.67000000;208;EXCHANGE_LAST;;1;1;XEUR;11286679;688;
11.02.2025;16:33:21.283;FGBL SI 20250306 PS;SIMPLE_INSTRUMENT;EFS;EUR;159;132.74000000;208;EXCHANGE_LAST;;1;1;XEUR;11286679;688;
11.02.2025;16:34:20.517;FGBL SI 20250306 PS;SIMPLE_INSTRUMENT;EFS;EUR;160;132.74000000;415;EXCHANGE_LAST;;1;1;XEUR;11286679;688;
11.02.2025;16:37:41.788;FGBL SI 20250306 PS;SIMPLE_INSTRUMENT;EFS;EUR;161;132.74000000;333;EXCHANGE_LAST;;1;1;XEUR;11286679;688;
11.02.2025;16:41:34.532;FGBL SI 20250306 PS;SIMPLE_INSTRUMENT;EFS;EUR;162;132.74000000;125;EXCHANGE_LAST;;1;1;XEUR;11286679;688;
11.02.2025;17:02:28.923;FGBL SI 20250306 PS;SIMPLE_INSTRUMENT;EFP_FIN;EUR;163;132.72000000;483;EXCHANGE_LAST;;1;1;XEUR;11286679;688;
11.02.2025;17:16:15.189;FGBL SI 20250306 PS;SIMPLE_INSTRUMENT;EFS;EUR;164;132.72000000;415;EXCHANGE_LAST;;1;1;XEUR;11286679;688;
11.02.2025;17:23:00.295;FGBL SI 20250306 PS;SIMPLE_INSTRUMENT;EFS;EUR;166;132.71000000;100;EXCHANGE_LAST;;1;1;XEUR;11286679;688;
11.02.2025;08:30:52.933;FGBL SI 20250306 PS;SIMPLE_INSTRUMENT;VOLA;EUR;268435459;133.21000000;44;EXCHANGE_LAST;;1;1;XEUR;11286679;688;
11.02.2025;08:31:24.686;FGBL SI 20250306 PS;SIMPLE_INSTRUMENT;VOLA;EUR;268435460;133.21000000;44;EXCHANGE_LAST;;1;1;XEUR;11286679;688;
11.02.2025;08:42:00.951;FGBL SI 20250306 PS;SIMPLE_INSTRUMENT;VOLA;EUR;268435462;133.17000000;20;EXCHANGE_LAST;;1;1;XEUR;11286679;688;
11.02.2025;09:22:02.533;FGBL SI 20250306 PS;SIMPLE_INSTRUMENT;VOLA;EUR;268435467;133.19000000;70;EXCHANGE_LAST;;1;1;XEUR;11286679;688;
11.02.2025;09:52:14.918;FGBL SI 20250306 PS;SIMPLE_INSTRUMENT;VOLA;EUR;268435487;133.07000000;20;EXCHANGE_LAST;;1;1;XEUR;11286679;688;
11.02.2025;09:52:46.867;FGBL SI 20250306 PS;SIMPLE_INSTRUMENT;VOLA;EUR;268435488;133.07000000;20;EXCHANGE_LAST;;1;1;XEUR;11286679;688;
11.02.2025;10:00:50.379;FGBL SI 20250306 PS;SIMPLE_INSTRUMENT;VOLA;EUR;268435489;133.07000000;20;EXCHANGE_LAST;;1;1;XEUR;11286679;688;
11.02.2025;10:01:33.657;FGBL SI 20250306 PS;SIMPLE_INSTRUMENT;VOLA;EUR;268435490;133.07000000;20;EXCHANGE_LAST;;1;1;XEUR;11286679;688;
11.02.2025;10:36:58.066;FGBL SI 20250306 PS;SIMPLE_INSTRUMENT;VOLA;EUR;268435503;133.07000000;22;EXCHANGE_LAST;;1;1;XEUR;11286679;688;
11.02.2025;10:37:14.812;FGBL SI 20250306 PS;SIMPLE_INSTRUMENT;VOLA;EUR;268435504;133.13000000;5;EXCHANGE_LAST;;1;1;XEUR;11286679;688;
11.02.2025;10:37:35.072;FGBL SI 20250306 PS;SIMPLE_INSTRUMENT;VOLA;EUR;268435505;133.07000000;23;EXCHANGE_LAST;;1;1;XEUR;11286679;688;
11.02.2025;11:31:32.155;FGBL SI 20250306 PS;SIMPLE_INSTRUMENT;VOLA;EUR;268435520;132.95000000;125;EXCHANGE_LAST;;1;1;XEUR;11286679;688;
11.02.2025;13:15:42.214;FGBL SI 20250306 PS;SIMPLE_INSTRUMENT;VOLA;EUR;268435534;132.90000000;55;EXCHANGE_LAST;;1;1;XEUR;11286679;688;
11.02.2025;13:15:54.215;FGBL SI 20250306 PS;SIMPLE_INSTRUMENT;VOLA;EUR;268435535;132.89000000;55;EXCHANGE_LAST;;1;1;XEUR;11286679;688;
11.02.2025;15:01:31.513;FGBL SI 20250306 PS;SIMPLE_INSTRUMENT;VOLA;EUR;268435553;132.79000000;38;EXCHANGE_LAST;;1;1;XEUR;11286679;688;
11.02.2025;15:57:11.711;FGBL SI 20250306 PS;SIMPLE_INSTRUMENT;VOLA;EUR;268435569;132.71000000;65;EXCHANGE_LAST;;1;1;XEUR;11286679;688;
11.02.2025;15:57:12.865;FGBL SI 20250306 PS;SIMPLE_INSTRUMENT;VOLA;EUR;268435570;132.71000000;65;EXCHANGE_LAST;;1;1;XEUR;11286679;688;
11.02.2025;08:05:14.223;FGBM SI 20250306 PS;SIMPLE_INSTRUMENT;EFS;EUR;1;117.77000000;492;EXCHANGE_LAST;;1;1;XEUR;11286680;689;
11.02.2025;08:21:07.673;FGBM SI 20250306 PS;SIMPLE_INSTRUMENT;EFP_FIN;EUR;2;117.78000000;972;EXCHANGE_LAST;;1;1;XEUR;11286680;689;
11.02.2025;08:33:30.199;FGBM SI 20250306 PS;SIMPLE_INSTRUMENT;EFP_FIN;EUR;3;117.77000000;95;EXCHANGE_LAST;;1;1;XEUR;11286680;689;
11.02.2025;08:34:04.811;FGBM SI 20250306 PS;SIMPLE_INSTRUMENT;EFS;EUR;4;117.77000000;3824;EXCHANGE_LAST;;1;1;XEUR;11286680;689;
11.02.2025;08:36:13.632;FGBM SI 20250306 PS;SIMPLE_INSTRUMENT;EFS;EUR;5;117.77000000;985;EXCHANGE_LAST;;1;1;XEUR;11286680;689;
11.02.2025;08:38:08.714;FGBM SI 20250306 PS;SIMPLE_INSTRUMENT;EFP_FIN;EUR;6;117.79000000;1899;EXCHANGE_LAST;;1;1;XEUR;11286680;689;
11.02.2025;08:41:39.138;FGBM SI 20250306 PS;SIMPLE_INSTRUMENT;EFS;EUR;7;117.78000000;434;EXCHANGE_LAST;;1;1;XEUR;11286680;689;
11.02.2025;08:42:15.309;FGBM SI 20250306 PS;SIMPLE_INSTRUMENT;EFS;EUR;8;117.79000000;519;EXCHANGE_LAST;;1;1;XEUR;11286680;689;
11.02.2025;08:52:37.379;FGBM SI 20250306 PS;SIMPLE_INSTRUMENT;EFP_FIN;EUR;9;117.76000000;259;EXCHANGE_LAST;;1;1;XEUR;11286680;689;
11.02.2025;08:58:23.612;FGBM SI 20250306 PS;SIMPLE_INSTRUMENT;EFS;EUR;10;117.77000000;915;EXCHANGE_LAST;;1;1;XEUR;11286680;689;
11.02.2025;09:01:18.712;FGBM SI 20250306 PS;SIMPLE_INSTRUMENT;EFS;EUR;11;117.75000000;186;EXCHANGE_LAST;;1;1;XEUR;11286680;689;
11.02.2025;09:15:35.099;FGBM SI 20250306 PS;SIMPLE_INSTRUMENT;EFS;EUR;12;117.72000000;915;EXCHANGE_LAST;;1;1;XEUR;11286680;689;
11.02.2025;09:25:10.160;FGBM SI 20250306 PS;SIMPLE_INSTRUMENT;EFS;EUR;13;117.72000000;915;EXCHANGE_LAST;;1;1;XEUR;11286680;689;
11.02.2025;09:26:13.830;FGBM SI 20250306 PS;SIMPLE_INSTRUMENT;EFP_FIN;EUR;14;117.73000000;266;EXCHANGE_LAST;;1;1;XEUR;11286680;689;
11.02.2025;09:41:26.082;FGBM SI 20250306 PS;SIMPLE_INSTRUMENT;EFP_FIN;EUR;15;117.76000000;259;EXCHANGE_LAST;;1;1;XEUR;11286680;689;
11.02.2025;10:11:51.484;FGBM SI 20250306 PS;SIMPLE_INSTRUMENT;EFS;EUR;16;117.70000000;915;EXCHANGE_LAST;;1;1;XEUR;11286680;689;
11.02.2025;10:16:15.990;FGBM SI 20250306 PS;SIMPLE_INSTRUMENT;EFS;EUR;17;117.69000000;458;EXCHANGE_LAST;;1;1;XEUR;11286680;689;
11.02.2025;10:24:53.034;FGBM SI 20250306 PS;SIMPLE_INSTRUMENT;EFS;EUR;18;117.69000000;985;EXCHANGE_LAST;;1;1;XEUR;11286680;689;
11.02.2025;10:27:01.939;FGBM SI 20250306 PS;SIMPLE_INSTRUMENT;EFS;EUR;20;117.70000000;394;EXCHANGE_LAST;;1;1;XEUR;11286680;689;
11.02.2025;10:32:47.893;FGBM SI 20250306 PS;SIMPLE_INSTRUMENT;EFP_FIN;EUR;21;117.69000000;475;EXCHANGE_LAST;;1;1;XEUR;11286680;689;
11.02.2025;10:32:33.316;FGBM SI 20250306 PS;SIMPLE_INSTRUMENT;EFP_FIN;EUR;22;117.69000000;1424;EXCHANGE_LAST;;1;1;XEUR;11286680;689;
11.02.2025;10:32:40.002;FGBM SI 20250306 PS;SIMPLE_INSTRUMENT;EFS;EUR;23;117.71000000;956;EXCHANGE_LAST;;1;1;XEUR;11286680;689;
11.02.2025;10:39:31.040;FGBM SI 20250306 PS;SIMPLE_INSTRUMENT;EFS;EUR;24;117.70000000;4000;EXCHANGE_LAST;;1;1;XEUR;11286680;689;
11.02.2025;10:43:45.697;FGBM SI 20250306 PS;SIMPLE_INSTRUMENT;EFP_FIN;EUR;25;117.68000000;1945;EXCHANGE_LAST;;1;1;XEUR;11286680;689;
11.02.2025;10:51:53.608;FGBM SI 20250306 PS;SIMPLE_INSTRUMENT;EFS;EUR;26;117.68000000;1701;EXCHANGE_LAST;;1;1;XEUR;11286680;689;
11.02.2025;10:58:20.727;FGBM SI 20250306 PS;SIMPLE_INSTRUMENT;EFP_FIN;EUR;27;117.67000000;319;EXCHANGE_LAST;;1;1;XEUR;11286680;689;
11.02.2025;12:30:03.508;FGBM SI 20250306 PS;SIMPLE_INSTRUMENT;EFP_FIN;EUR;28;117.68000000;95;EXCHANGE_LAST;;1;1;XEUR;11286680;689;
11.02.2025;11:10:50.648;FGBM SI 20250306 PS;SIMPLE_INSTRUMENT;EFS;EUR;29;117.67000000;867;EXCHANGE_LAST;;1;1;XEUR;11286680;689;
11.02.2025;11:17:40.218;FGBM SI 20250306 PS;SIMPLE_INSTRUMENT;EFP_FIN;EUR;30;117.69000000;285;EXCHANGE_LAST;;1;1;XEUR;11286680;689;
11.02.2025;11:31:42.584;FGBM SI 20250306 PS;SIMPLE_INSTRUMENT;EFP_FIN;EUR;31;117.80000000;475;EXCHANGE_LAST;;1;1;XEUR;11286680;689;
11.02.2025;11:41:41.423;FGBM SI 20250306 PS;SIMPLE_INSTRUMENT;EFP_FIN;EUR;32;117.66000000;2269;EXCHANGE_LAST;;1;1;XEUR;11286680;689;
11.02.2025;11:53:22.959;FGBM SI 20250306 PS;SIMPLE_INSTRUMENT;EFP_FIN;EUR;33;117.72000000;1244;EXCHANGE_LAST;;1;1;XEUR;11286680;689;
11.02.2025;12:20:29.056;FGBM SI 20250306 PS;SIMPLE_INSTRUMENT;EFS;EUR;34;117.64000000;223;EXCHANGE_LAST;;1;1;XEUR;11286680;689;
11.02.2025;12:32:57.826;FGBM SI 20250306 PS;SIMPLE_INSTRUMENT;EFP_FIN;EUR;35;117.68000000;76;EXCHANGE_LAST;;1;1;XEUR;11286680;689;
11.02.2025;12:27:37.004;FGBM SI 20250306 PS;SIMPLE_INSTRUMENT;EFP_FIN;EUR;36;117.69000000;190;EXCHANGE_LAST;;1;1;XEUR;11286680;689;
11.02.2025;12:52:49.534;FGBM SI 20250306 PS;SIMPLE_INSTRUMENT;EFS;EUR;37;117.62000000;5700;EXCHANGE_LAST;;1;1;XEUR;11286680;689;
11.02.2025;12:59:08.456;FGBM SI 20250306 PS;SIMPLE_INSTRUMENT;EFS;EUR;38;117.64000000;603;EXCHANGE_LAST;;1;1;XEUR;11286680;689;
11.02.2025;13:01:20.220;FGBM SI 20250306 PS;SIMPLE_INSTRUMENT;EFS;EUR;39;117.65000000;312;EXCHANGE_LAST;;1;1;XEUR;11286680;689;
11.02.2025;13:18:20.151;FGBM SI 20250306 PS;SIMPLE_INSTRUMENT;EFS;EUR;40;117.64000000;493;EXCHANGE_LAST;;1;1;XEUR;11286680;689;
11.02.2025;13:58:05.094;FGBM SI 20250306 PS;SIMPLE_INSTRUMENT;EFP_FIN;EUR;41;117.64000000;168;EXCHANGE_LAST;;1;1;XEUR;11286680;689;
11.02.2025;13:36:09.509;FGBM SI 20250306 PS;SIMPLE_INSTRUMENT;EFS;EUR;42;117.65000000;916;EXCHANGE_LAST;;1;1;XEUR;11286680;689;
11.02.2025;13:37:09.690;FGBM SI 20250306 PS;SIMPLE_INSTRUMENT;EFS;EUR;43;117.64000000;916;EXCHANGE_LAST;;1;1;XEUR;11286680;689;
11.02.2025;13:40:20.831;FGBM SI 20250306 PS;SIMPLE_INSTRUMENT;EFS;EUR;44;117.63000000;458;EXCHANGE_LAST;;1;1;XEUR;11286680;689;
11.02.2025;13:47:27.466;FGBM SI 20250306 PS;SIMPLE_INSTRUMENT;EFP_FIN;EUR;45;117.64000000;472;EXCHANGE_LAST;;1;1;XEUR;11286680;689;
11.02.2025;13:51:13.241;FGBM SI 20250306 PS;SIMPLE_INSTRUMENT;EFP_FIN;EUR;46;117.64000000;369;EXCHANGE_LAST;;1;1;XEUR;11286680;689;
11.02.2025;14:01:49.735;FGBM SI 20250306 PS;SIMPLE_INSTRUMENT;EFP_FIN;EUR;47;117.65000000;227;EXCHANGE_LAST;;1;1;XEUR;11286680;689;
11.02.2025;14:03:44.681;FGBM SI 20250306 PS;SIMPLE_INSTRUMENT;EFP_FIN;EUR;48;117.60000000;1075;EXCHANGE_LAST;;1;1;XEUR;11286680;689;
11.02.2025;14:06:21.819;FGBM SI 20250306 PS;SIMPLE_INSTRUMENT;EFP_FIN;EUR;49;117.65000000;453;EXCHANGE_LAST;;1;1;XEUR;11286680;689;
11.02.2025;14:06:07.956;FGBM SI 20250306 PS;SIMPLE_INSTRUMENT;EFS;EUR;50;117.61000000;916;EXCHANGE_LAST;;1;1;XEUR;11286680;689;
11.02.2025;14:07:56.408;FGBM SI 20250306 PS;SIMPLE_INSTRUMENT;EFP_FIN;EUR;51;117.63000000;2743;EXCHANGE_LAST;;1;1;XEUR;11286680;689;
11.02.2025;14:15:06.343;FGBM SI 20250306 PS;SIMPLE_INSTRUMENT;EFP_FIN;EUR;52;117.60000000;371;EXCHANGE_LAST;;1;1;XEUR;11286680;689;
11.02.2025;14:15:26.080;FGBM SI 20250306 PS;SIMPLE_INSTRUMENT;EFP_FIN;EUR;53;117.60000000;370;EXCHANGE_LAST;;1;1;XEUR;11286680;689;
11.02.2025;14:15:48.533;FGBM SI 20250306 PS;SIMPLE_INSTRUMENT;EFP_FIN;EUR;54;117.60000000;741;EXCHANGE_LAST;;1;1;XEUR;11286680;689;
11.02.2025;14:26:40.641;FGBM SI 20250306 PS;SIMPLE_INSTRUMENT;EFP_FIN;EUR;55;117.60000000;200;EXCHANGE_LAST;;1;1;XEUR;11286680;689;
11.02.2025;14:27:03.543;FGBM SI 20250306 PS;SIMPLE_INSTRUMENT;EFP_FIN;EUR;56;117.60000000;185;EXCHANGE_LAST;;1;1;XEUR;11286680;689;
11.02.2025;14:27:04.983;FGBM SI 20250306 PS;SIMPLE_INSTRUMENT;EFS;EUR;57;117.59000000;917;EXCHANGE_LAST;;1;1;XEUR;11286680;689;
11.02.2025;14:27:40.014;FGBM SI 20250306 PS;SIMPLE_INSTRUMENT;EFS;EUR;58;117.59000000;2750;EXCHANGE_LAST;;1;1;XEUR;11286680;689;
11.02.2025;14:27:50.024;FGBM SI 20250306 PS;SIMPLE_INSTRUMENT;EFS;EUR;59;117.57000000;917;EXCHANGE_LAST;;1;1;XEUR;11286680;689;
11.02.2025;14:57:17.791;FGBM SI 20250306 PS;SIMPLE_INSTRUMENT;EFP_FIN;EUR;60;117.56000000;237;EXCHANGE_LAST;;1;1;XEUR;11286680;689;
11.02.2025;14:57:50.304;FGBM SI 20250306 PS;SIMPLE_INSTRUMENT;EFS;EUR;61;117.57000000;744;EXCHANGE_LAST;;1;1;XEUR;11286680;689;
11.02.2025;14:58:26.444;FGBM SI 20250306 PS;SIMPLE_INSTRUMENT;EFP_FIN;EUR;62;117.57000000;236;EXCHANGE_LAST;;1;1;XEUR;11286680;689;
11.02.2025;14:58:35.093;FGBM SI 20250306 PS;SIMPLE_INSTRUMENT;EFP_FIN;EUR;63;117.58000000;236;EXCHANGE_LAST;;1;1;XEUR;11286680;689;
11.02.2025;15:12:15.662;FGBM SI 20250306 PS;SIMPLE_INSTRUMENT;EFP_FIN;EUR;64;117.56000000;1078;EXCHANGE_LAST;;1;1;XEUR;11286680;689;
11.02.2025;15:21:24.134;FGBM SI 20250306 PS;SIMPLE_INSTRUMENT;EFS;EUR;65;117.54000000;916;EXCHANGE_LAST;;1;1;XEUR;11286680;689;
11.02.2025;15:23:34.711;FGBM SI 20250306 PS;SIMPLE_INSTRUMENT;EFS;EUR;66;117.53000000;916;EXCHANGE_LAST;;1;1;XEUR;11286680;689;
11.02.2025;15:30:19.000;FGBM SI 20250306 PS;SIMPLE_INSTRUMENT;EFS;EUR;67;117.53000000;458;EXCHANGE_LAST;;1;1;XEUR;11286680;689;
11.02.2025;15:31:35.703;FGBM SI 20250306 PS;SIMPLE_INSTRUMENT;EFS;EUR;68;117.53000000;458;EXCHANGE_LAST;;1;1;XEUR;11286680;689;
11.02.2025;15:32:47.479;FGBM SI 20250306 PS;SIMPLE_INSTRUMENT;EFS;EUR;69;117.53000000;458;EXCHANGE_LAST;;1;1;XEUR;11286680;689;
11.02.2025;16:03:57.294;FGBM SI 20250306 PS;SIMPLE_INSTRUMENT;EFS;EUR;70;117.51000000;916;EXCHANGE_LAST;;1;1;XEUR;11286680;689;
11.02.2025;16:04:10.435;FGBM SI 20250306 PS;SIMPLE_INSTRUMENT;EFS;EUR;71;117.52000000;478;EXCHANGE_LAST;;1;1;XEUR;11286680;689;
11.02.2025;16:04:23.023;FGBM SI 20250306 PS;SIMPLE_INSTRUMENT;EFS;EUR;72;117.52000000;458;EXCHANGE_LAST;;1;1;XEUR;11286680;689;
11.02.2025;16:05:31.009;FGBM SI 20250306 PS;SIMPLE_INSTRUMENT;EFS;EUR;73;117.52000000;916;EXCHANGE_LAST;;1;1;XEUR;11286680;689;
11.02.2025;16:19:20.566;FGBM SI 20250306 PS;SIMPLE_INSTRUMENT;EFS;EUR;74;117.52000000;916;EXCHANGE_LAST;;1;1;XEUR;11286680;689;
11.02.2025;16:21:21.589;FGBM SI 20250306 PS;SIMPLE_INSTRUMENT;EFS;EUR;75;117.52000000;916;EXCHANGE_LAST;;1;1;XEUR;11286680;689;
11.02.2025;16:38:06.809;FGBM SI 20250306 PS;SIMPLE_INSTRUMENT;EFS;EUR;76;117.54000000;694;EXCHANGE_LAST;;1;1;XEUR;11286680;689;
11.02.2025;16:44:58.103;FGBM SI 20250306 PS;SIMPLE_INSTRUMENT;EFS;EUR;77;117.54000000;1834;EXCHANGE_LAST;;1;1;XEUR;11286680;689;
11.02.2025;16:58:40.305;FGBM SI 20250306 PS;SIMPLE_INSTRUMENT;EFS;EUR;78;117.54000000;3000;EXCHANGE_LAST;;1;1;XEUR;11286680;689;
11.02.2025;15:27:02.489;FGBM SI 20250306 PS;SIMPLE_INSTRUMENT;VOLA;EUR;268435563;117.54000000;667;EXCHANGE_LAST;;1;1;XEUR;11286680;689;
11.02.2025;08:31:58.622;FGBS SI 20250306 PS;SIMPLE_INSTRUMENT;EFS;EUR;1;106.92000000;1368;EXCHANGE_LAST;;1;1;XEUR;11286681;690;
11.02.2025;08:46:28.040;FGBS SI 20250306 PS;SIMPLE_INSTRUMENT;EFP_FIN;EUR;2;106.92000000;1654;EXCHANGE_LAST;;1;1;XEUR;11286681;690;
11.02.2025;09:15:09.822;FGBS SI 20250306 PS;SIMPLE_INSTRUMENT;EFP_FIN;EUR;3;106.91500000;1318;EXCHANGE_LAST;;1;1;XEUR;11286681;690;
11.02.2025;09:47:10.395;FGBS SI 20250306 PS;SIMPLE_INSTRUMENT;EFS;EUR;4;106.90500000;3972;EXCHANGE_LAST;;1;1;XEUR;11286681;690;
11.02.2025;09:54:52.198;FGBS SI 20250306 PS;SIMPLE_INSTRUMENT;EFS;EUR;5;106.90500000;50;EXCHANGE_LAST;;1;1;XEUR;11286681;690;
11.02.2025;10:25:51.934;FGBS SI 20250306 PS;SIMPLE_INSTRUMENT;EFS;EUR;6;106.90000000;4104;EXCHANGE_LAST;;1;1;XEUR;11286681;690;
11.02.2025;10:33:32.168;FGBS SI 20250306 PS;SIMPLE_INSTRUMENT;EFS;EUR;7;106.90000000;1325;EXCHANGE_LAST;;1;1;XEUR;11286681;690;
11.02.2025;10:43:24.985;FGBS SI 20250306 PS;SIMPLE_INSTRUMENT;EFS;EUR;8;106.89000000;2734;EXCHANGE_LAST;;1;1;XEUR;11286681;690;
11.02.2025;10:49:19.231;FGBS SI 20250306 PS;SIMPLE_INSTRUMENT;EFP_FIN;EUR;9;106.89000000;1326;EXCHANGE_LAST;;1;1;XEUR;11286681;690;
11.02.2025;11:21:59.717;FGBS SI 20250306 PS;SIMPLE_INSTRUMENT;EFP_FIN;EUR;10;106.90000000;358;EXCHANGE_LAST;;1;1;XEUR;11286681;690;
11.02.2025;12:12:33.948;FGBS SI 20250306 PS;SIMPLE_INSTRUMENT;EFS;EUR;11;106.88500000;2734;EXCHANGE_LAST;;1;1;XEUR;11286681;690;
11.02.2025;12:17:23.963;FGBS SI 20250306 PS;SIMPLE_INSTRUMENT;EFS;EUR;12;106.88500000;929;EXCHANGE_LAST;;1;1;XEUR;11286681;690;
11.02.2025;12:24:32.797;FGBS SI 20250306 PS;SIMPLE_INSTRUMENT;EFS;EUR;13;106.89000000;2517;EXCHANGE_LAST;;1;1;XEUR;11286681;690;
11.02.2025;13:49:49.853;FGBS SI 20250306 PS;SIMPLE_INSTRUMENT;EFS;EUR;14;106.88000000;209;EXCHANGE_LAST;;1;1;XEUR;11286681;690;
11.02.2025;13:50:14.974;FGBS SI 20250306 PS;SIMPLE_INSTRUMENT;EFP_FIN;EUR;15;106.88000000;209;EXCHANGE_LAST;;1;1;XEUR;11286681;690;
11.02.2025;14:01:24.075;FGBS SI 20250306 PS;SIMPLE_INSTRUMENT;EFS;EUR;16;106.87500000;50;EXCHANGE_LAST;;1;1;XEUR;11286681;690;
11.02.2025;14:24:42.875;FGBS SI 20250306 PS;SIMPLE_INSTRUMENT;EFP_FIN;EUR;17;106.89000000;797;EXCHANGE_LAST;;1;1;XEUR;11286681;690;
11.02.2025;15:15:33.783;FGBS SI 20250306 PS;SIMPLE_INSTRUMENT;EFP_FIN;EUR;18;106.85000000;113;EXCHANGE_LAST;;1;1;XEUR;11286681;690;
11.02.2025;15:47:12.925;FGBS SI 20250306 PS;SIMPLE_INSTRUMENT;EFS;EUR;19;106.84000000;4107;EXCHANGE_LAST;;1;1;XEUR;11286681;690;
11.02.2025;16:50:10.500;FGBS SI 20250306 PS;SIMPLE_INSTRUMENT;EFS;EUR;21;106.85000000;2000;EXCHANGE_LAST;;1;1;XEUR;11286681;690;
11.02.2025;08:28:26.178;FGBX SI 20250306 PS;SIMPLE_INSTRUMENT;EFS;EUR;1;130.84000000;187;EXCHANGE_LAST;;1;1;XEUR;11286682;691;
11.02.2025;08:35:40.419;FGBX SI 20250306 PS;SIMPLE_INSTRUMENT;EFS;EUR;2;130.78000000;723;EXCHANGE_LAST;;1;1;XEUR;11286682;691;
11.02.2025;08:41:02.440;FGBX SI 20250306 PS;SIMPLE_INSTRUMENT;EFS;EUR;3;130.74000000;93;EXCHANGE_LAST;;1;1;XEUR;11286682;691;
11.02.2025;09:09:14.779;FGBX SI 20250306 PS;SIMPLE_INSTRUMENT;EFP_FIN;EUR;4;130.62000000;91;EXCHANGE_LAST;;1;1;XEUR;11286682;691;
11.02.2025;09:21:19.477;FGBX SI 20250306 PS;SIMPLE_INSTRUMENT;EFP_FIN;EUR;5;130.66000000;60;EXCHANGE_LAST;;1;1;XEUR;11286682;691;
11.02.2025;09:17:36.107;FGBX SI 20250306 PS;SIMPLE_INSTRUMENT;EFP_FIN;EUR;6;130.66000000;50;EXCHANGE_LAST;;1;1;XEUR;11286682;691;
11.02.2025;09:30:27.131;FGBX SI 20250306 PS;SIMPLE_INSTRUMENT;EFS;EUR;8;130.42000000;130;EXCHANGE_LAST;;1;1;XEUR;11286682;691;
11.02.2025;09:34:52.205;FGBX SI 20250306 PS;SIMPLE_INSTRUMENT;EFP_FIN;EUR;9;130.36000000;360;EXCHANGE_LAST;;1;1;XEUR;11286682;691;
11.02.2025;09:41:03.209;FGBX SI 20250306 PS;SIMPLE_INSTRUMENT;EFP_FIN;EUR;10;130.36000000;194;EXCHANGE_LAST;;1;1;XEUR;11286682;691;
11.02.2025;09:41:32.771;FGBX SI 20250306 PS;SIMPLE_INSTRUMENT;EFP_FIN;EUR;11;130.36000000;443;EXCHANGE_LAST;;1;1;XEUR;11286682;691;
11.02.2025;09:42:32.407;FGBX SI 20250306 PS;SIMPLE_INSTRUMENT;EFP_FIN;EUR;12;130.38000000;120;EXCHANGE_LAST;;1;1;XEUR;11286682;691;
11.02.2025;10:11:57.144;FGBX SI 20250306 PS;SIMPLE_INSTRUMENT;EFP_FIN;EUR;13;130.42000000;94;EXCHANGE_LAST;;1;1;XEUR;11286682;691;
11.02.2025;10:11:53.891;FGBX SI 20250306 PS;SIMPLE_INSTRUMENT;BLOCK;EUR;14;130.38000000;475;EXCHANGE_LAST;;1;1;XEUR;11286682;691;
11.02.2025;10:41:02.807;FGBX SI 20250306 PS;SIMPLE_INSTRUMENT;EFP_FIN;EUR;17;130.34000000;236;EXCHANGE_LAST;;1;1;XEUR;11286682;691;
11.02.2025;10:50:45.006;FGBX SI 20250306 PS;SIMPLE_INSTRUMENT;EFS;EUR;18;130.32000000;181;EXCHANGE_LAST;;1;1;XEUR;11286682;691;
11.02.2025;11:54:44.187;FGBX SI 20250306 PS;SIMPLE_INSTRUMENT;EFS;EUR;20;130.06000000;273;EXCHANGE_LAST;;1;1;XEUR;11286682;691;
11.02.2025;11:55:26.412;FGBX SI 20250306 PS;SIMPLE_INSTRUMENT;EFP_FIN;EUR;21;130.10000000;464;EXCHANGE_LAST;;1;1;XEUR;11286682;691;
11.02.2025;12:02:07.003;FGBX SI 20250306 PS;SIMPLE_INSTRUMENT;EFS;EUR;23;130.00000000;100;EXCHANGE_LAST;;1;1;XEUR;11286682;691;
11.02.2025;12:24:46.382;FGBX SI 20250306 PS;SIMPLE_INSTRUMENT;EFP_FIN;EUR;25;130.10000000;182;EXCHANGE_LAST;;1;1;XEUR;11286682;691;
11.02.2025;12:43:37.773;FGBX SI 20250306 PS;SIMPLE_INSTRUMENT;EFS;EUR;28;129.92000000;94;EXCHANGE_LAST;;1;1;XEUR;11286682;691;
11.02.2025;13:29:06.256;FGBX SI 20250306 PS;SIMPLE_INSTRUMENT;EFP_FIN;EUR;30;129.96000000;186;EXCHANGE_LAST;;1;1;XEUR;11286682;691;
11.02.2025;13:47:39.913;FGBX SI 20250306 PS;SIMPLE_INSTRUMENT;EFP_FIN;EUR;31;129.94000000;186;EXCHANGE_LAST;;1;1;XEUR;11286682;691;
11.02.2025;15:39:07.573;FGBX SI 20250306 PS;SIMPLE_INSTRUMENT;EFP_FIN;EUR;33;129.46000000;185;EXCHANGE_LAST;;1;1;XEUR;11286682;691;
11.02.2025;16:28:47.464;FGBX SI 20250306 PS;SIMPLE_INSTRUMENT;BLOCK;EUR;36;129.52000000;278;EXCHANGE_LAST;;1;1;XEUR;11286682;691;
11.02.2025;17:04:15.996;FGBX SI 20250306 PS;SIMPLE_INSTRUMENT;EFP_FIN;EUR;37;129.40000000;186;EXCHANGE_LAST;;1;1;XEUR;11286682;691;
11.02.2025;17:27:54.357;FGBX SI 20250306 PS;SIMPLE_INSTRUMENT;EFS;EUR;38;129.40000000;114;EXCHANGE_LAST;;1;1;XEUR;11286682;691;
11.02.2025;01:26:14.249;FMAU SI 20250321 CS;SIMPLE_INSTRUMENT;BLOCK;USD;3;5842.31500000;552;EXCHANGE_LAST;;1;1;XEUR;7590511;45287;
11.02.2025;00:35:43.715;FMCH SI 20250321 CS;SIMPLE_INSTRUMENT;BLOCK;USD;1;548.89900000;177;EXCHANGE_LAST;;1;1;XEUR;7592069;402909;
11.02.2025;01:43:25.710;FMCH SI 20250321 CS;SIMPLE_INSTRUMENT;BLOCK;USD;4;549.10000000;82;EXCHANGE_LAST;;1;1;XEUR;7592069;402909;
11.02.2025;02:02:18.603;FMCH SI 20250321 CS;SIMPLE_INSTRUMENT;BLOCK;USD;6;545.00000000;285;EXCHANGE_LAST;;1;1;XEUR;7592069;402909;
11.02.2025;00:35:58.046;FMEA SI 20250321 CS;SIMPLE_INSTRUMENT;BLOCK;USD;2;700.43200000;275;EXCHANGE_LAST;;1;1;XEUR;7589834;12395;
11.02.2025;02:41:03.943;FMEA SI 20250321 CS;SIMPLE_INSTRUMENT;BLOCK;USD;7;702.00000000;472;EXCHANGE_LAST;;1;1;XEUR;7589834;12395;
11.02.2025;02:56:43.165;FMEA SI 20250321 CS;SIMPLE_INSTRUMENT;BLOCK;USD;8;701.20000000;472;EXCHANGE_LAST;;1;1;XEUR;7589834;12395;
11.02.2025;06:40:21.367;FMEA SI 20250321 CS;SIMPLE_INSTRUMENT;BLOCK;USD;9;700.43200000;100;EXCHANGE_LAST;;1;1;XEUR;7589834;12395;
11.02.2025;08:28:48.854;FMEA SI 20250321 CS;SIMPLE_INSTRUMENT;BLOCK;USD;26;696.60000000;7897;EXCHANGE_LAST;;1;1;XEUR;7589834;12395;
11.02.2025;08:29:06.418;FMEA SI 20260320 CS;SIMPLE_INSTRUMENT;BLOCK;USD;27;728.99200000;7547;EXCHANGE_LAST;;1;1;XEUR;9209051;12395;
11.02.2025;08:55:12.164;FMEA SI 20250321 CS;SIMPLE_INSTRUMENT;BLOCK;USD;29;696.30000000;2154;EXCHANGE_LAST;;1;1;XEUR;7589834;12395;
11.02.2025;08:55:30.579;FMEA SI 20260320 CS;SIMPLE_INSTRUMENT;BLOCK;USD;30;728.67800000;2058;EXCHANGE_LAST;;1;1;XEUR;9209051;12395;
11.02.2025;09:16:29.603;FMEA SI 20250321 CS;SIMPLE_INSTRUMENT;BLOCK;USD;31;696.50000000;1436;EXCHANGE_LAST;;1;1;XEUR;7589834;12395;
11.02.2025;09:16:43.239;FMEA SI 20260320 CS;SIMPLE_INSTRUMENT;BLOCK;USD;32;728.88700000;1372;EXCHANGE_LAST;;1;1;XEUR;9209051;12395;
11.02.2025;10:40:28.119;FMEA SI 20250321 CS;SIMPLE_INSTRUMENT;BLOCK;USD;39;696.30000000;718;EXCHANGE_LAST;;1;1;XEUR;7589834;12395;
11.02.2025;10:41:01.435;FMEA SI 20260320 CS;SIMPLE_INSTRUMENT;BLOCK;USD;40;728.67800000;686;EXCHANGE_LAST;;1;1;XEUR;9209051;12395;
11.02.2025;18:02:25.695;FMED SI 20250321 CS;SIMPLE_INSTRUMENT;BLOCK;USD;55;9900.00000000;505;EXCHANGE_LAST;;1;1;XEUR;7590729;48144;
11.02.2025;18:03:53.823;FMED SI 20251219 CS;SIMPLE_INSTRUMENT;BLOCK;USD;56;10236.10500000;488;EXCHANGE_LAST;;1;1;XEUR;8838599;48144;
11.02.2025;10:09:11.540;FMEE SI 20250321 CS;SIMPLE_INSTRUMENT;BLOCK;USD;37;331.14600000;100;EXCHANGE_LAST;;1;1;XEUR;7589846;12396;
11.02.2025;10:13:24.049;FMEE SI 20250321 CS;SIMPLE_INSTRUMENT;BLOCK;USD;38;331.77500000;125;EXCHANGE_LAST;;1;1;XEUR;7589846;12396;
11.02.2025;08:21:42.044;FMEL SI 20250321 CS;SIMPLE_INSTRUMENT;BLOCK;USD;21;527.48800000;45;EXCHANGE_LAST;;1;1;XEUR;7589856;12397;
11.02.2025;08:12:50.434;FMEN SI 20250321 CS;SIMPLE_INSTRUMENT;EFP_IDX;EUR;19;540.64000000;342;EXCHANGE_LAST;;1;1;XEUR;7590212;30652;
11.02.2025;07:10:09.337;FMEU SI 20250321 CS;SIMPLE_INSTRUMENT;EFP_IDX;EUR;10;363.57000000;58;EXCHANGE_LAST;;1;1;XEUR;7589708;7058;
11.02.2025;08:31:45.139;FMFP SI 20250321 CS;SIMPLE_INSTRUMENT;BLOCK;USD;28;2394.47000000;97;EXCHANGE_LAST;;1;1;XEUR;7411195;51999;
11.02.2025;16:14:40.882;FMFP SI 20250321 CS;SIMPLE_INSTRUMENT;BLOCK;USD;45;2398.60000000;95;EXCHANGE_LAST;;1;1;XEUR;7411195;51999;
11.02.2025;08:22:08.838;FMGC SI 20250321 CS;SIMPLE_INSTRUMENT;BLOCK;USD;22;13198.85000000;30;EXCHANGE_LAST;;1;1;XEUR;7590767;48916;
11.02.2025;08:24:37.557;FMGO SI 20250321 CS;SIMPLE_INSTRUMENT;BLOCK;USD;24;5351.94600000;241;EXCHANGE_LAST;;1;1;XEUR;8609359;583623;
11.02.2025;14:51:07.666;FMGO SI 20250321 CS;SIMPLE_INSTRUMENT;BLOCK;USD;44;5349.00000000;56;EXCHANGE_LAST;;1;1;XEUR;8609359;583623;
11.02.2025;07:37:32.628;FMIN SI 20250321 CS;SIMPLE_INSTRUMENT;BLOCK;USD;12;1189.63000000;591;EXCHANGE_LAST;;1;1;XEUR;7589865;12404;
11.02.2025;07:49:02.363;FMIN SI 20250321 CS;SIMPLE_INSTRUMENT;BLOCK;USD;14;1216.39400000;25;EXCHANGE_LAST;;1;1;XEUR;7589865;12404;
11.02.2025;10:01:36.499;FMIN SI 20250321 CS;SIMPLE_INSTRUMENT;BLOCK;USD;33;1173.50000000;215;EXCHANGE_LAST;;1;1;XEUR;7589865;12404;
11.02.2025;10:01:46.983;FMIN SI 20260320 CS;SIMPLE_INSTRUMENT;BLOCK;USD;34;1236.86900000;204;EXCHANGE_LAST;;1;1;XEUR;9209064;12404;
11.02.2025;10:02:08.777;FMIN SI 20250321 CS;SIMPLE_INSTRUMENT;BLOCK;USD;35;1173.40000000;1322;EXCHANGE_LAST;;1;1;XEUR;7589865;12404;
11.02.2025;10:02:25.458;FMIN SI 20260320 CS;SIMPLE_INSTRUMENT;BLOCK;USD;36;1236.76400000;1255;EXCHANGE_LAST;;1;1;XEUR;9209064;12404;
11.02.2025;01:46:23.431;FMJP SI 20250321 CS;SIMPLE_INSTRUMENT;BLOCK;USD;5;8791.09500000;570;EXCHANGE_LAST;;1;1;XEUR;7588794;661;
11.02.2025;07:35:17.304;FMSA SI 20250321 CS;SIMPLE_INSTRUMENT;BLOCK;USD;11;1850.46600000;12;EXCHANGE_LAST;;1;1;XEUR;7591259;134861;
11.02.2025;08:07:06.590;FMWN SI 20250321 CS;SIMPLE_INSTRUMENT;EFP_IDX;EUR;16;607.63000000;54;EXCHANGE_LAST;;1;1;XEUR;7590222;30654;
11.02.2025;08:14:44.765;FMWN SI 20250321 CS;SIMPLE_INSTRUMENT;BLOCK;EUR;20;607.78000000;400;EXCHANGE_LAST;;1;1;XEUR;7590222;30654;
11.02.2025;08:27:41.530;FMWN SI 20250321 CS;SIMPLE_INSTRUMENT;BLOCK;EUR;25;607.78000000;270;EXCHANGE_LAST;;1;1;XEUR;7590222;30654;
11.02.2025;07:59:43.573;FMWO SI 20250321 CS;SIMPLE_INSTRUMENT;EFP_IDX;USD;15;12266.00000000;153;EXCHANGE_LAST;;1;1;XEUR;7589707;7059;
11.02.2025;08:06:14.380;FMWO SI 20250321 CS;SIMPLE_INSTRUMENT;EFP_IDX;USD;17;12266.50000000;108;EXCHANGE_LAST;;1;1;XEUR;7589707;7059;
11.02.2025;08:08:07.338;FMWO SI 20250321 CS;SIMPLE_INSTRUMENT;EFP_IDX;USD;18;12265.00000000;268;EXCHANGE_LAST;;1;1;XEUR;7589707;7059;
11.02.2025;13:48:48.416;FMWO SI 20250321 CS;SIMPLE_INSTRUMENT;EFP_IDX;USD;43;12265.64000000;35;EXCHANGE_LAST;;1;1;XEUR;7589707;7059;
11.02.2025;16:29:50.113;FMWO SI 20250321 CS;SIMPLE_INSTRUMENT;BLOCK;USD;46;12238.00000000;185;EXCHANGE_LAST;;1;1;XEUR;7589707;7059;
11.02.2025;08:54:33.759;FOAT SI 20250306 PS;SIMPLE_INSTRUMENT;EFP_FIN;EUR;1;124.18000000;222;EXCHANGE_LAST;;1;1;XEUR;11286683;749;
11.02.2025;08:57:28.597;FOAT SI 20250306 PS;SIMPLE_INSTRUMENT;EFP_FIN;EUR;2;124.17000000;1251;EXCHANGE_LAST;;1;1;XEUR;11286683;749;
11.02.2025;09:24:31.213;FOAT SI 20250306 PS;SIMPLE_INSTRUMENT;EFP_FIN;EUR;3;124.12000000;834;EXCHANGE_LAST;;1;1;XEUR;11286683;749;
11.02.2025;09:33:52.446;FOAT SI 20250306 PS;SIMPLE_INSTRUMENT;EFP_FIN;EUR;4;124.13000000;233;EXCHANGE_LAST;;1;1;XEUR;11286683;749;
11.02.2025;09:52:43.551;FOAT SI 20250306 PS;SIMPLE_INSTRUMENT;EFP_FIN;EUR;5;124.10000000;1109;EXCHANGE_LAST;;1;1;XEUR;11286683;749;
11.02.2025;10:09:33.962;FOAT SI 20250306 PS;SIMPLE_INSTRUMENT;EFP_FIN;EUR;6;124.09000000;786;EXCHANGE_LAST;;1;1;XEUR;11286683;749;
11.02.2025;10:13:22.897;FOAT SI 20250306 PS;SIMPLE_INSTRUMENT;BLOCK;EUR;7;124.08000000;1364;EXCHANGE_LAST;;1;1;XEUR;11286683;749;
11.02.2025;10:36:37.654;FOAT SI 20250306 PS;SIMPLE_INSTRUMENT;EFP_FIN;EUR;8;124.06000000;140;EXCHANGE_LAST;;1;1;XEUR;11286683;749;
11.02.2025;10:52:44.545;FOAT SI 20250306 PS;SIMPLE_INSTRUMENT;EFP_FIN;EUR;10;124.07000000;887;EXCHANGE_LAST;;1;1;XEUR;11286683;749;
11.02.2025;11:03:38.253;FOAT SI 20250306 PS;SIMPLE_INSTRUMENT;EFP_FIN;EUR;11;124.03000000;520;EXCHANGE_LAST;;1;1;XEUR;11286683;749;
11.02.2025;11:07:40.965;FOAT SI 20250306 PS;SIMPLE_INSTRUMENT;EFP_FIN;EUR;12;124.03000000;537;EXCHANGE_LAST;;1;1;XEUR;11286683;749;
11.02.2025;11:30:26.117;FOAT SI 20250306 PS;SIMPLE_INSTRUMENT;EFP_FIN;EUR;13;123.94000000;537;EXCHANGE_LAST;;1;1;XEUR;11286683;749;
11.02.2025;11:32:29.333;FOAT SI 20250306 PS;SIMPLE_INSTRUMENT;EFP_FIN;EUR;14;123.98000000;537;EXCHANGE_LAST;;1;1;XEUR;11286683;749;
11.02.2025;11:34:20.194;FOAT SI 20250306 PS;SIMPLE_INSTRUMENT;EFP_FIN;EUR;15;123.95000000;537;EXCHANGE_LAST;;1;1;XEUR;11286683;749;
11.02.2025;11:34:35.864;FOAT SI 20250306 PS;SIMPLE_INSTRUMENT;EFS;EUR;16;123.98000000;235;EXCHANGE_LAST;;1;1;XEUR;11286683;749;
11.02.2025;11:44:30.367;FOAT SI 20250306 PS;SIMPLE_INSTRUMENT;EFP_FIN;EUR;17;123.98000000;537;EXCHANGE_LAST;;1;1;XEUR;11286683;749;
11.02.2025;11:46:14.801;FOAT SI 20250306 PS;SIMPLE_INSTRUMENT;EFP_FIN;EUR;18;123.98000000;537;EXCHANGE_LAST;;1;1;XEUR;11286683;749;
11.02.2025;12:17:56.365;FOAT SI 20250306 PS;SIMPLE_INSTRUMENT;BLOCK;EUR;19;123.90000000;444;EXCHANGE_LAST;;1;1;XEUR;11286683;749;
11.02.2025;12:23:37.060;FOAT SI 20250306 PS;SIMPLE_INSTRUMENT;EFP_FIN;EUR;20;123.90000000;350;EXCHANGE_LAST;;1;1;XEUR;11286683;749;
11.02.2025;12:24:57.510;FOAT SI 20250306 PS;SIMPLE_INSTRUMENT;EFP_FIN;EUR;21;123.98000000;537;EXCHANGE_LAST;;1;1;XEUR;11286683;749;
11.02.2025;12:26:37.893;FOAT SI 20250306 PS;SIMPLE_INSTRUMENT;EFP_FIN;EUR;22;123.90000000;1076;EXCHANGE_LAST;;1;1;XEUR;11286683;749;
11.02.2025;12:29:25.797;FOAT SI 20250306 PS;SIMPLE_INSTRUMENT;EFP_FIN;EUR;23;123.90000000;834;EXCHANGE_LAST;;1;1;XEUR;11286683;749;
11.02.2025;12:29:25.797;FOAT SI 20250306 PS;SIMPLE_INSTRUMENT;EFP_FIN;EUR;24;123.90000000;625;EXCHANGE_LAST;;1;1;XEUR;11286683;749;
11.02.2025;12:37:44.315;FOAT SI 20250306 PS;SIMPLE_INSTRUMENT;EFP_FIN;EUR;25;123.94000000;677;EXCHANGE_LAST;;1;1;XEUR;11286683;749;
11.02.2025;12:39:17.109;FOAT SI 20250306 PS;SIMPLE_INSTRUMENT;EFP_FIN;EUR;26;123.88000000;834;EXCHANGE_LAST;;1;1;XEUR;11286683;749;
11.02.2025;12:48:24.857;FOAT SI 20250306 PS;SIMPLE_INSTRUMENT;EFP_FIN;EUR;27;123.90000000;549;EXCHANGE_LAST;;1;1;XEUR;11286683;749;
11.02.2025;13:04:58.987;FOAT SI 20250306 PS;SIMPLE_INSTRUMENT;EFP_FIN;EUR;28;123.90000000;2502;EXCHANGE_LAST;;1;1;XEUR;11286683;749;
11.02.2025;13:34:28.755;FOAT SI 20250306 PS;SIMPLE_INSTRUMENT;EFP_FIN;EUR;29;123.90000000;1024;EXCHANGE_LAST;;1;1;XEUR;11286683;749;
11.02.2025;13:36:18.299;FOAT SI 20250306 PS;SIMPLE_INSTRUMENT;EFP_FIN;EUR;30;123.90000000;1069;EXCHANGE_LAST;;1;1;XEUR;11286683;749;
11.02.2025;13:46:07.421;FOAT SI 20250306 PS;SIMPLE_INSTRUMENT;EFP_FIN;EUR;31;123.88000000;834;EXCHANGE_LAST;;1;1;XEUR;11286683;749;
11.02.2025;13:47:20.526;FOAT SI 20250306 PS;SIMPLE_INSTRUMENT;EFP_FIN;EUR;32;123.87000000;510;EXCHANGE_LAST;;1;1;XEUR;11286683;749;
11.02.2025;13:52:15.011;FOAT SI 20250306 PS;SIMPLE_INSTRUMENT;EFP_FIN;EUR;33;123.90000000;1668;EXCHANGE_LAST;;1;1;XEUR;11286683;749;
11.02.2025;13:57:25.642;FOAT SI 20250306 PS;SIMPLE_INSTRUMENT;EFS;EUR;34;123.84000000;543;EXCHANGE_LAST;;1;1;XEUR;11286683;749;
11.02.2025;14:03:03.652;FOAT SI 20250306 PS;SIMPLE_INSTRUMENT;EFS;EUR;35;123.88000000;541;EXCHANGE_LAST;;1;1;XEUR;11286683;749;
11.02.2025;14:05:31.340;FOAT SI 20250306 PS;SIMPLE_INSTRUMENT;EFP_FIN;EUR;36;123.90000000;222;EXCHANGE_LAST;;1;1;XEUR;11286683;749;
11.02.2025;14:07:16.949;FOAT SI 20250306 PS;SIMPLE_INSTRUMENT;BLOCK;EUR;37;123.89000000;300;EXCHANGE_LAST;;1;1;XEUR;11286683;749;
11.02.2025;14:09:58.762;FOAT SI 20250306 PS;SIMPLE_INSTRUMENT;EFP_FIN;EUR;38;123.88000000;349;EXCHANGE_LAST;;1;1;XEUR;11286683;749;
11.02.2025;14:28:33.725;FOAT SI 20250306 PS;SIMPLE_INSTRUMENT;EFP_FIN;EUR;39;123.82000000;349;EXCHANGE_LAST;;1;1;XEUR;11286683;749;
11.02.2025;14:33:45.238;FOAT SI 20250306 PS;SIMPLE_INSTRUMENT;EFP_FIN;EUR;40;124.00000000;389;EXCHANGE_LAST;;1;1;XEUR;11286683;749;
11.02.2025;14:41:55.454;FOAT SI 20250306 PS;SIMPLE_INSTRUMENT;EFP_FIN;EUR;41;123.82000000;834;EXCHANGE_LAST;;1;1;XEUR;11286683;749;
11.02.2025;14:56:20.864;FOAT SI 20250306 PS;SIMPLE_INSTRUMENT;EFP_FIN;EUR;42;123.80000000;1501;EXCHANGE_LAST;;1;1;XEUR;11286683;749;
11.02.2025;15:54:01.680;FOAT SI 20250306 PS;SIMPLE_INSTRUMENT;EFP_FIN;EUR;43;123.66000000;552;EXCHANGE_LAST;;1;1;XEUR;11286683;749;
11.02.2025;16:09:05.391;FOAT SI 20250306 PS;SIMPLE_INSTRUMENT;EFP_FIN;EUR;44;123.70000000;417;EXCHANGE_LAST;;1;1;XEUR;11286683;749;
11.02.2025;16:38:43.013;FOAT SI 20250306 PS;SIMPLE_INSTRUMENT;EFP_FIN;EUR;45;123.72000000;490;EXCHANGE_LAST;;1;1;XEUR;11286683;749;
11.02.2025;16:32:03.916;FOAT SI 20250306 PS;SIMPLE_INSTRUMENT;EFP_FIN;EUR;46;123.75000000;834;EXCHANGE_LAST;;1;1;XEUR;11286683;749;
11.02.2025;16:32:32.678;FOAT SI 20250306 PS;SIMPLE_INSTRUMENT;EFP_FIN;EUR;47;123.69000000;103;EXCHANGE_LAST;;1;1;XEUR;11286683;749;
11.02.2025;16:33:52.166;FOAT SI 20250306 PS;SIMPLE_INSTRUMENT;EFP_FIN;EUR;48;123.72000000;784;EXCHANGE_LAST;;1;1;XEUR;11286683;749;
11.02.2025;16:34:26.070;FOAT SI 20250306 PS;SIMPLE_INSTRUMENT;EFP_FIN;EUR;49;123.76000000;980;EXCHANGE_LAST;;1;1;XEUR;11286683;749;
11.02.2025;16:43:20.259;FOAT SI 20250306 PS;SIMPLE_INSTRUMENT;EFP_FIN;EUR;50;123.69000000;417;EXCHANGE_LAST;;1;1;XEUR;11286683;749;
11.02.2025;14:16:16.120;FREH SI 20250417 CS;SIMPLE_INSTRUMENT;BLOCK;EUR;76;38.11300000;1350;EXCHANGE_LAST;;1;1;XEUR;10864818;44367;
11.02.2025;17:03:07.514;FSCP SI 20250321 CS;SIMPLE_INSTRUMENT;BLOCK;EUR;89;351.80000000;1992;EXCHANGE_LAST;;1;1;XEUR;11360241;764;
11.02.2025;17:03:11.138;FSCP SI 20250321 CS;SIMPLE_INSTRUMENT;BLOCK;EUR;90;351.70000000;854;EXCHANGE_LAST;;1;1;XEUR;11360241;764;
11.02.2025;16:56:49.321;FSEG SI 20250321 CS;SIMPLE_INSTRUMENT;EFP_IDX;EUR;78;202.60000000;25;EXCHANGE_LAST;;1;1;XEUR;11393888;109977;
11.02.2025;16:57:14.342;FSEG SI 20250321 CS;SIMPLE_INSTRUMENT;EFP_IDX;EUR;80;202.70000000;145;EXCHANGE_LAST;;1;1;XEUR;11393888;109977;
11.02.2025;16:58:03.136;FSEG SI 20250321 CS;SIMPLE_INSTRUMENT;EFP_IDX;EUR;83;202.60000000;40;EXCHANGE_LAST;;1;1;XEUR;11393888;109977;
11.02.2025;16:58:34.262;FSEG SI 20250321 CS;SIMPLE_INSTRUMENT;EFP_IDX;EUR;84;202.70000000;226;EXCHANGE_LAST;;1;1;XEUR;11393888;109977;
11.02.2025;13:31:16.306;FSMI SI 20250321 CS;SIMPLE_INSTRUMENT;BLOCK;CHF;1;12655.00000000;500;EXCHANGE_LAST;;1;1;XEUR;7793721;757;
11.02.2025;13:50:56.049;FSMI SI 20250321 CS;SIMPLE_INSTRUMENT;EFP_IDX;CHF;2;12655.00000000;400;EXCHANGE_LAST;;1;1;XEUR;7793721;757;
11.02.2025;15:54:46.275;FSMI SI 20250321 CS;SIMPLE_INSTRUMENT;BLOCK;CHF;3;12660.00000000;500;EXCHANGE_LAST;;1;1;XEUR;7793721;757;
11.02.2025;16:16:29.397;FSMI SI 20250321 CS;SIMPLE_INSTRUMENT;BLOCK;CHF;4;12665.00000000;500;EXCHANGE_LAST;;1;1;XEUR;7793721;757;
11.02.2025;16:48:30.969;FSMI SI 20250321 CS;SIMPLE_INSTRUMENT;EFP_IDX;CHF;5;12660.00000000;200;EXCHANGE_LAST;;1;1;XEUR;7793721;757;
11.02.2025;13:10:51.159;FSMI SI 20250321 CS;SIMPLE_INSTRUMENT;VOLA;CHF;603979807;12640.00000000;122;EXCHANGE_LAST;;1;1;XEUR;7793721;757;
11.02.2025;13:13:00.163;FSMI SI 20250321 CS;SIMPLE_INSTRUMENT;VOLA;CHF;603979811;12650.00000000;75;EXCHANGE_LAST;;1;1;XEUR;7793721;757;
11.02.2025;12:34:11.127;FSMX SI 20250321 CS;SIMPLE_INSTRUMENT;BLOCK;EUR;33;27279.00000000;397;EXCHANGE_LAST;;1;1;XEUR;11405203;396422;
11.02.2025;16:42:38.788;FSMX SI 20250321 CS;SIMPLE_INSTRUMENT;EFP_IDX;EUR;67;27333.00000000;66;EXCHANGE_LAST;;1;1;XEUR;11405203;396422;
11.02.2025;16:42:51.272;FSMX SI 20250321 CS;SIMPLE_INSTRUMENT;EFP_IDX;EUR;68;27334.00000000;13;EXCHANGE_LAST;;1;1;XEUR;11405203;396422;
11.02.2025;17:07:01.094;FSSX SI 20250321 CS;SIMPLE_INSTRUMENT;EFP_IDX;EUR;85;228.30000000;22;EXCHANGE_LAST;;1;1;XEUR;11401329;300496;
11.02.2025;17:06:48.093;FSSX SI 20250321 CS;SIMPLE_INSTRUMENT;EFP_IDX;EUR;86;228.20000000;50;EXCHANGE_LAST;;1;1;XEUR;11401329;300496;
11.02.2025;16:48:34.867;FSTA SI 20250321 CS;SIMPLE_INSTRUMENT;EFP_IDX;EUR;10;577.00000000;314;EXCHANGE_LAST;;1;1;XEUR;11359808;715;
11.02.2025;16:49:01.977;FSTA SI 20250321 CS;SIMPLE_INSTRUMENT;EFP_IDX;EUR;11;576.90000000;134;EXCHANGE_LAST;;1;1;XEUR;11359808;715;
11.02.2025;16:56:52.351;FSTH SI 20250321 CS;SIMPLE_INSTRUMENT;EFP_IDX;EUR;6;1163.40000000;270;EXCHANGE_LAST;;1;1;XEUR;11359811;716;
11.02.2025;16:56:37.117;FSTH SI 20250321 CS;SIMPLE_INSTRUMENT;EFP_IDX;EUR;7;1163.50000000;30;EXCHANGE_LAST;;1;1;XEUR;11359811;716;
11.02.2025;16:55:55.993;FSTN SI 20250321 CS;SIMPLE_INSTRUMENT;EFP_IDX;EUR;69;750.10000000;300;EXCHANGE_LAST;;1;1;XEUR;11359761;704;
11.02.2025;16:56:06.792;FSTN SI 20250321 CS;SIMPLE_INSTRUMENT;EFP_IDX;EUR;70;750.20000000;200;EXCHANGE_LAST;;1;1;XEUR;11359761;704;
11.02.2025;16:51:46.154;FSTN SI 20250321 CS;SIMPLE_INSTRUMENT;EFP_IDX;EUR;72;750.10000000;420;EXCHANGE_LAST;;1;1;XEUR;11359761;704;
11.02.2025;16:52:21.491;FSTN SI 20250321 CS;SIMPLE_INSTRUMENT;EFP_IDX;EUR;73;750.20000000;280;EXCHANGE_LAST;;1;1;XEUR;11359761;704;
11.02.2025;17:02:58.740;FSTO SI 20250321 CS;SIMPLE_INSTRUMENT;BLOCK;EUR;18;631.60000000;542;EXCHANGE_LAST;;1;1;XEUR;11359792;711;
11.02.2025;17:03:02.955;FSTO SI 20250321 CS;SIMPLE_INSTRUMENT;BLOCK;EUR;19;631.50000000;362;EXCHANGE_LAST;;1;1;XEUR;11359792;711;
11.02.2025;15:15:51.195;FSTS SI 20250321 CS;SIMPLE_INSTRUMENT;BLOCK;EUR;3;541.10000000;280;EXCHANGE_LAST;;1;1;XEUR;11359775;709;
11.02.2025;16:45:29.194;FSTS SI 20250321 CS;SIMPLE_INSTRUMENT;BLOCK;EUR;9;543.30000000;630;EXCHANGE_LAST;;1;1;XEUR;11359775;709;
11.02.2025;16:48:54.188;FSTS SI 20250321 CS;SIMPLE_INSTRUMENT;BLOCK;EUR;12;543.60000000;412;EXCHANGE_LAST;;1;1;XEUR;11359775;709;
11.02.2025;16:48:37.187;FSTS SI 20250321 CS;SIMPLE_INSTRUMENT;BLOCK;EUR;13;543.40000000;338;EXCHANGE_LAST;;1;1;XEUR;11359775;709;
11.02.2025;17:02:50.691;FSTS SI 20250321 CS;SIMPLE_INSTRUMENT;BLOCK;EUR;16;542.80000000;250;EXCHANGE_LAST;;1;1;XEUR;11359775;709;
11.02.2025;17:02:54.450;FSTS SI 20250321 CS;SIMPLE_INSTRUMENT;BLOCK;EUR;17;542.90000000;645;EXCHANGE_LAST;;1;1;XEUR;11359775;709;
11.02.2025;17:07:37.243;FSTS SI 20250321 CS;SIMPLE_INSTRUMENT;BLOCK;EUR;20;543.30000000;500;EXCHANGE_LAST;;1;1;XEUR;11359775;709;
11.02.2025;09:51:32.269;FSTS SI 20250321 CS;SIMPLE_INSTRUMENT;VOLA;EUR;603979790;543.00000000;31;EXCHANGE_LAST;;1;1;XEUR;11359775;709;
11.02.2025;09:52:56.506;FSTS SI 20250321 CS;SIMPLE_INSTRUMENT;VOLA;EUR;603979791;543.10000000;32;EXCHANGE_LAST;;1;1;XEUR;11359775;709;
11.02.2025;14:51:57.647;FSTT SI 20250321 CS;SIMPLE_INSTRUMENT;BLOCK;EUR;1;248.40000000;474;EXCHANGE_LAST;;1;1;XEUR;11359772;708;
11.02.2025;14:52:20.423;FSTT SI 20250321 CS;SIMPLE_INSTRUMENT;BLOCK;EUR;2;248.50000000;336;EXCHANGE_LAST;;1;1;XEUR;11359772;708;
11.02.2025;17:02:41.877;FSTU SI 20250321 CS;SIMPLE_INSTRUMENT;BLOCK;EUR;87;384.90000000;5621;EXCHANGE_LAST;;1;1;XEUR;11359815;730;
11.02.2025;17:02:46.138;FSTU SI 20250321 CS;SIMPLE_INSTRUMENT;BLOCK;EUR;88;385.00000000;2409;EXCHANGE_LAST;;1;1;XEUR;11359815;730;
11.02.2025;18:31:54.543;FSTU SI 20250321 CS;SIMPLE_INSTRUMENT;BLOCK;EUR;91;385.00000000;270;EXCHANGE_LAST;;1;1;XEUR;11359815;730;
11.02.2025;16:55:47.579;FSTZ SI 20250321 CS;SIMPLE_INSTRUMENT;EFP_IDX;EUR;14;1131.10000000;88;EXCHANGE_LAST;;1;1;XEUR;11359819;734;
11.02.2025;16:57:39.727;FSTZ SI 20250321 CS;SIMPLE_INSTRUMENT;EFP_IDX;EUR;15;1132.50000000;162;EXCHANGE_LAST;;1;1;XEUR;11359819;734;
11.02.2025;16:31:01.408;FUEM SI 20250321 CS;SIMPLE_INSTRUMENT;BLOCK;USD;60;115.98000000;150;EXCHANGE_LAST;;1;1;XEUR;11429254;772680;
11.02.2025;16:17:07.091;FUHY SI 20250321 CS;SIMPLE_INSTRUMENT;BLOCK;USD;59;694.60000000;80;EXCHANGE_LAST;;1;1;XEUR;11850132;909660;
11.02.2025;16:22:18.760;FUIG SI 20250321 CS;SIMPLE_INSTRUMENT;BLOCK;USD;58;3327.90000000;130;EXCHANGE_LAST;;1;1;XEUR;11850128;909659;
11.02.2025;11:33:35.774;FXXP SI 20250321 CS;SIMPLE_INSTRUMENT;BLOCK;EUR;41;545.70000000;595;EXCHANGE_LAST;;1;1;XEUR;7793972;816;
