#Date;TrdTime;Contract;ContractType;TrdTyp;Currency;TesId;Prc;Qty;TrdInd;Aggressor;Buy;Sell;Exch;InstrumentId;RelatedProdId;PrcDecomp
09.12.2024;08:54:54.382;7PIF SI 20241219 CS;SIMPLE_INSTRUMENT;BLOCK;EUR;2;13.81960000;2000;EXCHANGE_LAST;;1;1;XEUR;7029747;48299;
09.12.2024;09:13:08.515;A2DS SI 20261218 CS;SIMPLE_INSTRUMENT;BLOCK;EUR;4;2.55000000;25;EXCHANGE_LAST;;1;1;XEUR;6818612;9701;
09.12.2024;15:49:41.668;A2SG SI 20251219 CS;SIMPLE_INSTRUMENT;BLOCK;EUR;75;1.50000000;200;EXCHANGE_LAST;;1;1;XEUR;5914262;14;
09.12.2024;16:17:09.369;A2SM SI 20250321 CS;SIMPLE_INSTRUMENT;BLOCK;EUR;82;1.70000000;68;EXCHANGE_LAST;;1;1;XEUR;10393042;15;
09.12.2024;16:41:52.628;A2SM SI 20250321 CS;SIMPLE_INSTRUMENT;BLOCK;EUR;94;1.70000000;17;EXCHANGE_LAST;;1;1;XEUR;10393042;15;
09.12.2024;09:16:09.029;ABBN SI 20241220 PS AM C 52.00 0;SIMPLE_INSTRUMENT;BLOCK;CHF;10;0.88000000;1000;EXCHANGE_LAST;;1;1;XEUR;8836244;574517;
09.12.2024;12:40:41.489;ADS SI 20241220 PS AM C 250.00 0;SIMPLE_INSTRUMENT;BLOCK;EUR;8;1.73000000;250;EXCHANGE_LAST;;1;1;XEUR;11870673;50;
09.12.2024;13:24:33.751;ADS SI 20250117 PS AM C 250.00 0;SIMPLE_INSTRUMENT;BLOCK;EUR;12;3.85000000;350;EXCHANGE_LAST;;1;1;XEUR;12067271;50;
09.12.2024;13:57:26.823;AKU SI 20250117 PS AM C 61.00 0;SIMPLE_INSTRUMENT;BLOCK;EUR;8;1.58000000;1550;EXCHANGE_LAST;;1;2;XEUR;12067708;78;
09.12.2024;14:54:43.116;ALC SI 20250321 PS AM P 72.00 0;SIMPLE_INSTRUMENT;BLOCK;CHF;42;1.76000000;400;EXCHANGE_LAST;;1;1;XEUR;10872515;130134;
09.12.2024;10:32:22.225;ALV SI 20241220 PS AM P 300.00 0;SIMPLE_INSTRUMENT;BLOCK;EUR;4;3.90000000;300;EXCHANGE_LAST;;1;1;XEUR;10368144;74;
09.12.2024;12:34:57.517;ALV SI 20250321 PS AM P 260.00 0;SIMPLE_INSTRUMENT;BLOCK;EUR;7;1.98000000;300;EXCHANGE_LAST;;1;1;XEUR;10829588;74;
09.12.2024;14:32:39.711;ALV SI 20271217 PS AM P 320.00 0;SIMPLE_INSTRUMENT;BLOCK;EUR;8;56.00000000;150;EXCHANGE_LAST;;1;1;XEUR;8772886;74;
09.12.2024;14:33:01.574;ALV SI 20271217 PS AM P 200.00 0;SIMPLE_INSTRUMENT;BLOCK;EUR;9;9.79000000;150;EXCHANGE_LAST;;1;1;XEUR;8772960;74;
09.12.2024;09:10:45.966;AMS SI 20250620 PS AM P 7.00 0;SIMPLE_INSTRUMENT;BLOCK;CHF;7;1.63000000;500;EXCHANGE_LAST;;1;1;XEUR;12134922;10807;
09.12.2024;14:30:07.964;AOM.O.241209.PDIA.000001;STANDARD_OPTION_STRATEGY;BLOCK;EUR;21;1.96000000;1000;EXCHANGE_LAST;;1;1;XEUR;72057971995059415;88;
09.12.2024;14:30:07.964;AOM SI 20261218 PS AM P 20.00 0;SIMPLE_INSTRUMENT;BLOCK;EUR;21;3.10000000;1000;PRC_DECOMP_EXCHANGE;;;;XEUR;11249317;88;EXCHANGE
09.12.2024;14:30:07.964;AOM SI 20241220 PS AM P 22.60 0;SIMPLE_INSTRUMENT;BLOCK;EUR;21;1.14000000;1000;PRC_DECOMP_EXCHANGE;;;;XEUR;12067917;88;EXCHANGE
09.12.2024;10:30:34.626;ASM SI 20250321 PS AM P 600.00 0;SIMPLE_INSTRUMENT;BLOCK;EUR;1;19.67000000;150;EXCHANGE_LAST;;1;1;XEUR;10830140;107;
09.12.2024;10:30:35.155;ASM SI 20250321 PS AM C 720.00 0;SIMPLE_INSTRUMENT;BLOCK;EUR;2;33.93000000;150;EXCHANGE_LAST;;1;1;XEUR;10830131;107;
09.12.2024;15:02:16.104;ASM SI 20250919 PS AM P 640.00 0;SIMPLE_INSTRUMENT;BLOCK;EUR;13;60.65000000;172;EXCHANGE_LAST;;1;1;XEUR;11872160;107;
09.12.2024;15:02:16.632;ASM SI 20250919 PS AM C 760.00 0;SIMPLE_INSTRUMENT;BLOCK;EUR;14;53.95000000;172;EXCHANGE_LAST;;1;1;XEUR;11872154;107;
09.12.2024;16:41:47.208;ASMH.S.DEC24.MAR25.SPD;FUTURES_SPREAD;BLOCK;EUR;93;-4.50000000;200;EXCHANGE_LAST;;1;1;XEUR;72074683712798952;3979;
09.12.2024;16:41:47.208;ASMH SI 20241220 CS;SIMPLE_INSTRUMENT;BLOCK;EUR;93;678.46870000;200;PRC_DECOMP_EXCHANGE;;;;XEUR;7047762;3979;EXCHANGE
09.12.2024;16:41:47.208;ASMH SI 20250321 CS;SIMPLE_INSTRUMENT;BLOCK;EUR;93;682.96870000;200;PRC_DECOMP_EXCHANGE;;;;XEUR;10717245;3979;EXCHANGE
09.12.2024;16:13:00.265;ASMP.S.DEC24.MAR25.SPD;FUTURES_SPREAD;BLOCK;EUR;81;-4.50000000;750;EXCHANGE_LAST;;1;1;XEUR;72591449882886213;124298;
09.12.2024;16:13:00.265;ASMP SI 20250321 PS;SIMPLE_INSTRUMENT;BLOCK;EUR;81;682.96870000;750;PRC_DECOMP_EXCHANGE;;;;XEUR;10725387;124298;EXCHANGE
09.12.2024;16:13:00.265;ASMP SI 20241220 PS;SIMPLE_INSTRUMENT;BLOCK;EUR;81;678.46870000;750;PRC_DECOMP_EXCHANGE;;;;XEUR;7052670;124298;EXCHANGE
09.12.2024;10:26:18.532;AXA SI 20241220 PS AM P 34.00 0;SIMPLE_INSTRUMENT;BLOCK;EUR;8;0.49000000;1500;EXCHANGE_LAST;;1;1;XEUR;10396026;127;
09.12.2024;15:31:07.621;AXA SI 20261218 PS AM P 24.00 0;SIMPLE_INSTRUMENT;BLOCK;EUR;25;1.20000000;750;EXCHANGE_LAST;;1;1;XEUR;7153230;127;
09.12.2024;16:07:08.820;AXA.O.241209.RBER.000003;STANDARD_OPTION_STRATEGY;BLOCK;EUR;29;-0.86000000;1250;EXCHANGE_LAST;;1;1;XEUR;72058139498794136;127;
09.12.2024;16:07:08.820;AXA SI 20250620 PS AM P 32.00 0;SIMPLE_INSTRUMENT;BLOCK;EUR;29;1.54000000;1250;PRC_DECOMP_EXCHANGE;;;;XEUR;7898739;127;EXCHANGE
09.12.2024;16:07:08.820;AXA SI 20250620 PS AM P 24.00 0;SIMPLE_INSTRUMENT;BLOCK;EUR;29;0.34000000;2500;PRC_DECOMP_EXCHANGE;;;;XEUR;7898730;127;EXCHANGE
09.12.2024;15:17:39.602;AZA SI 20251219 PS AM P 8000 0;SIMPLE_INSTRUMENT;BLOCK;GBX;3;155.00000000;70;EXCHANGE_LAST;;1;1;XEUR;10395589;120;
09.12.2024;15:30:46.525;B2AS SI 20261218 CS;SIMPLE_INSTRUMENT;BLOCK;EUR;71;2.10000000;279;EXCHANGE_LAST;;2;1;XEUR;4632165;140;
09.12.2024;16:23:09.772;B2MW SI 20261218 CS;SIMPLE_INSTRUMENT;BLOCK;EUR;84;4.10000000;120;EXCHANGE_LAST;;1;2;XEUR;4632168;128;
09.12.2024;15:39:16.177;B2NP SI 20261218 CS;SIMPLE_INSTRUMENT;BLOCK;EUR;72;4.29500000;220;EXCHANGE_LAST;;1;1;XEUR;6798320;131;
09.12.2024;15:39:19.374;B2NP SI 20251219 CS;SIMPLE_INSTRUMENT;BLOCK;EUR;73;5.30500000;220;EXCHANGE_LAST;;1;1;XEUR;5914355;131;
09.12.2024;14:54:55.527;BARN SI 20251219 PS AM P 1040.00 0;SIMPLE_INSTRUMENT;BLOCK;CHF;41;30.25000000;250;EXCHANGE_LAST;;1;1;XEUR;10396324;149;
09.12.2024;08:30:48.618;BAS SI 20241220 PS AM C 45.00 0;SIMPLE_INSTRUMENT;BLOCK;EUR;1;0.89000000;703;EXCHANGE_LAST;;1;1;XEUR;7509965;150;
09.12.2024;08:50:50.873;BAS.O.241209.BUL.000011;STANDARD_OPTION_STRATEGY;BLOCK;EUR;2;0.17000000;1500;EXCHANGE_LAST;;1;1;XEUR;72058238283089902;150;
09.12.2024;08:50:50.873;BAS SI 20241220 PS AM C 47.00 0;SIMPLE_INSTRUMENT;BLOCK;EUR;2;0.24000000;1500;PRC_DECOMP_EXCHANGE;;;;XEUR;7509953;150;EXCHANGE
09.12.2024;08:50:50.873;BAS SI 20241220 PS AM C 49.00 0;SIMPLE_INSTRUMENT;BLOCK;EUR;2;0.07000000;1500;PRC_DECOMP_EXCHANGE;;;;XEUR;7509955;150;EXCHANGE
09.12.2024;09:02:37.346;BAS SI 20250117 PS AM C 47.00 0;SIMPLE_INSTRUMENT;BLOCK;EUR;3;0.73000000;2600;EXCHANGE_LAST;;1;1;XEUR;12068843;150;
09.12.2024;09:02:37.348;BAS SI 20250117 PS AM C 47.00 0;SIMPLE_INSTRUMENT;BLOCK;EUR;4;0.74000000;1400;EXCHANGE_LAST;;1;1;XEUR;12068843;150;
09.12.2024;09:03:26.599;BAS SI 20241220 PS AM C 45.00 0;SIMPLE_INSTRUMENT;BLOCK;EUR;5;1.03000000;400;EXCHANGE_LAST;;1;1;XEUR;7509965;150;
09.12.2024;12:13:06.482;BAS SI 20241220 PS AM C 46.00 0;SIMPLE_INSTRUMENT;BLOCK;EUR;8;0.59000000;2800;EXCHANGE_LAST;;2;3;XEUR;7509951;150;
09.12.2024;13:07:28.026;BAS SI 20241220 PS AM C 45.00 0;SIMPLE_INSTRUMENT;BLOCK;EUR;9;1.06000000;400;EXCHANGE_LAST;;1;1;XEUR;7509965;150;
09.12.2024;15:06:33.087;BAS SI 20241220 PS AM C 45.00 0;SIMPLE_INSTRUMENT;BLOCK;EUR;11;1.12000000;2013;EXCHANGE_LAST;;1;1;XEUR;7509965;150;
09.12.2024;15:48:15.528;BAS.O.241209.BRT.000013;STANDARD_OPTION_STRATEGY;BLOCK;EUR;12;1.30000000;1500;EXCHANGE_LAST;;1;1;XEUR;72058238283089904;150;
09.12.2024;15:48:15.528;BAS SI 20241220 PS AM P 44.00 0;SIMPLE_INSTRUMENT;BLOCK;EUR;12;0.35000000;1500;PRC_DECOMP_EXCHANGE;;;;XEUR;4705204;150;EXCHANGE
09.12.2024;15:48:15.528;BAS SI 20250321 PS AM P 44.00 0;SIMPLE_INSTRUMENT;BLOCK;EUR;12;1.65000000;1500;PRC_DECOMP_EXCHANGE;;;;XEUR;10830944;150;EXCHANGE
09.12.2024;17:04:40.007;BAS SI 20250620 PS AM C 48.00 0;SIMPLE_INSTRUMENT;BLOCK;EUR;14;2.04000000;27559;EXCHANGE_LAST;;1;1;XEUR;7898967;150;
09.12.2024;17:05:00.463;BAS SI 20250620 PS AM C 48.00 0;SIMPLE_INSTRUMENT;BLOCK;EUR;15;2.00000000;23241;EXCHANGE_LAST;;1;1;XEUR;7898967;150;
09.12.2024;09:31:29.794;BASP SI 20241220 PS;SIMPLE_INSTRUMENT;BLOCK;EUR;8;45.29500000;500;EXCHANGE_LAST;;1;1;XEUR;7052668;124296;
09.12.2024;15:38:22.942;BEI SI 20241220 PS AM C 124.00 0;SIMPLE_INSTRUMENT;BLOCK;EUR;20;2.20000000;400;EXCHANGE_LAST;;1;1;XEUR;11873493;176;
09.12.2024;08:33:46.378;BMW SI 20261218 PS AM P 48.00 0;SIMPLE_INSTRUMENT;BLOCK;EUR;1;2.35000000;5000;EXCHANGE_LAST;;1;1;XEUR;7510015;210;
09.12.2024;09:13:09.551;BMW SI 20241220 PS AM C 83.00 0;SIMPLE_INSTRUMENT;BLOCK;EUR;3;0.20000000;1500;EXCHANGE_LAST;;1;1;XEUR;11813366;210;
09.12.2024;11:28:31.066;BMW SI 20250620 PS AM P 76.00 0;SIMPLE_INSTRUMENT;BLOCK;EUR;7;5.82000000;750;EXCHANGE_LAST;;1;1;XEUR;7899903;210;
09.12.2024;12:06:42.576;BMW.O.241209.COMBO.000014;STANDARD_OPTION_STRATEGY;BLOCK;EUR;10;-0.25000000;1150;EXCHANGE_LAST;;1;1;XEUR;72058495981107804;210;
09.12.2024;12:06:42.576;BMW SI 20261218 PS AM C 92.00 0;SIMPLE_INSTRUMENT;BLOCK;EUR;10;4.91000000;1150;PRC_DECOMP_MEMBER;;;;XEUR;7154232;210;MEMBER
09.12.2024;12:06:42.576;BMW SI 20261218 PS AM P 60.00 0;SIMPLE_INSTRUMENT;BLOCK;EUR;10;4.66000000;1150;PRC_DECOMP_MEMBER;;;;XEUR;7154298;210;MEMBER
09.12.2024;12:07:38.629;BMW.O.241209.BER.000015;STANDARD_OPTION_STRATEGY;BLOCK;EUR;11;6.07000000;750;EXCHANGE_LAST;;1;1;XEUR;72058495981107805;210;
09.12.2024;12:07:38.629;BMW SI 20241220 PS AM P 84.00 0;SIMPLE_INSTRUMENT;BLOCK;EUR;11;6.18000000;750;PRC_DECOMP_MEMBER;;;;XEUR;4640270;210;MEMBER
09.12.2024;12:07:38.629;BMW SI 20241220 PS AM P 68.00 0;SIMPLE_INSTRUMENT;BLOCK;EUR;11;0.11000000;750;PRC_DECOMP_MEMBER;;;;XEUR;4640266;210;MEMBER
09.12.2024;14:15:14.258;BMW.O.241209.IRTSP.000025;STANDARD_OPTION_STRATEGY;BLOCK;EUR;20;-3.20000000;400;EXCHANGE_LAST;;1;1;XEUR;72058495981107815;210;
09.12.2024;14:15:14.258;BMW SI 20250620 PS AM P 72.00 0;SIMPLE_INSTRUMENT;BLOCK;EUR;20;4.19000000;400;PRC_DECOMP_EXCHANGE;;;;XEUR;11332528;210;EXCHANGE
09.12.2024;14:15:14.258;BMW SI 20241220 PS AM C 80.00 0;SIMPLE_INSTRUMENT;BLOCK;EUR;20;0.99000000;400;PRC_DECOMP_EXCHANGE;;;;XEUR;9106634;210;EXCHANGE
09.12.2024;14:32:01.694;BMW SI 20261218 PS AM P 68.00 0;SIMPLE_INSTRUMENT;BLOCK;EUR;24;7.45000000;1500;EXCHANGE_LAST;;1;2;XEUR;7154238;210;
09.12.2024;15:12:19.868;BMW SI 20241220 PS AM C 80.00 0;SIMPLE_INSTRUMENT;BLOCK;EUR;29;1.16000000;750;EXCHANGE_LAST;;1;1;XEUR;9106634;210;
09.12.2024;11:35:26.774;BNP SI 20250620 PS AM P 52.00 0;SIMPLE_INSTRUMENT;BLOCK;EUR;11;2.23000000;1900;EXCHANGE_LAST;;1;1;XEUR;7900150;237;
09.12.2024;11:49:29.007;BNPH SI 20241220 CS;SIMPLE_INSTRUMENT;BLOCK;EUR;24;59.99100000;5000;EXCHANGE_LAST;;2;1;XEUR;7032636;236;
09.12.2024;11:57:52.051;BNPH SI 20241220 CS;SIMPLE_INSTRUMENT;BLOCK;EUR;28;60.07100000;3500;EXCHANGE_LAST;;2;1;XEUR;7032636;236;
09.12.2024;08:54:28.995;BPVJ SI 20241219 CS;SIMPLE_INSTRUMENT;BLOCK;EUR;1;7.68010000;1000;EXCHANGE_LAST;;1;1;XEUR;7029761;48715;
09.12.2024;10:45:09.427;BX7G SI 20241220 CS;SIMPLE_INSTRUMENT;BLOCK;EUR;15;5.79660000;6000;EXCHANGE_LAST;;1;1;XEUR;7047777;3980;
09.12.2024;10:28:53.257;CBK.O.241209.PDIA.000004;STANDARD_OPTION_STRATEGY;BLOCK;EUR;2;1.27000000;4500;EXCHANGE_LAST;;1;2;XEUR;72058745089201887;268;
09.12.2024;10:28:53.257;CBK SI 20241220 PS AM P 15.00 0;SIMPLE_INSTRUMENT;BLOCK;EUR;2;0.27000000;4500;PRC_DECOMP_EXCHANGE;;;;XEUR;10399782;268;EXCHANGE
09.12.2024;10:28:53.257;CBK SI 20251219 PS AM P 14.00 0;SIMPLE_INSTRUMENT;BLOCK;EUR;2;1.54000000;4500;PRC_DECOMP_EXCHANGE;;;;XEUR;7259085;268;EXCHANGE
09.12.2024;13:02:52.389;CBK SI 20250620 PS AM C 18.00 0;SIMPLE_INSTRUMENT;BLOCK;EUR;10;0.38000000;25000;EXCHANGE_LAST;;5;1;XEUR;8883154;268;
09.12.2024;10:37:40.820;CFR SI 20250620 PS AM P 120.00 0;SIMPLE_INSTRUMENT;BLOCK;CHF;16;4.90000000;500;EXCHANGE_LAST;;1;1;XEUR;9996501;313;
09.12.2024;12:01:02.062;CFR.O.241209.RBUL.000013;STANDARD_OPTION_STRATEGY;BLOCK;CHF;29;-3.21000000;800;EXCHANGE_LAST;;1;1;XEUR;72058938362726120;313;
09.12.2024;12:01:02.062;CFR SI 20250321 PS AM C 130.00 0;SIMPLE_INSTRUMENT;BLOCK;CHF;29;10.85000000;800;PRC_DECOMP_EXCHANGE;;;;XEUR;10834894;313;EXCHANGE
09.12.2024;12:01:02.062;CFR SI 20250321 PS AM C 146.00 0;SIMPLE_INSTRUMENT;BLOCK;CHF;29;3.82000000;1600;PRC_DECOMP_EXCHANGE;;;;XEUR;12209364;313;EXCHANGE
09.12.2024;14:16:58.580;CFR SI 20250117 PS AM C 148.00 0;SIMPLE_INSTRUMENT;BLOCK;CHF;35;1.35000000;1000;EXCHANGE_LAST;;1;1;XEUR;12071553;313;
09.12.2024;14:53:02.187;CFR SI 20241220 PS AM C 140.00 0;SIMPLE_INSTRUMENT;BLOCK;CHF;40;1.05000000;400;EXCHANGE_LAST;;1;1;XEUR;9996592;313;
09.12.2024;15:42:31.118;CFR.O.241209.STG.000015;STANDARD_OPTION_STRATEGY;BLOCK;CHF;45;11.50000000;500;EXCHANGE_LAST;;1;1;XEUR;72058938362726122;313;
09.12.2024;15:42:31.118;CFR SI 20250321 PS AM P 110.00 0;SIMPLE_INSTRUMENT;BLOCK;CHF;45;1.18000000;500;PRC_DECOMP_EXCHANGE;;;;XEUR;10834880;313;EXCHANGE
09.12.2024;15:42:31.118;CFR SI 20250321 PS AM C 130.00 0;SIMPLE_INSTRUMENT;BLOCK;CHF;45;10.32000000;500;PRC_DECOMP_EXCHANGE;;;;XEUR;10834894;313;EXCHANGE
09.12.2024;16:24:15.838;CFR SI 20250117 PS AM C 140.00 0;SIMPLE_INSTRUMENT;BLOCK;CHF;54;2.71000000;300;EXCHANGE_LAST;;1;1;XEUR;12071497;313;
09.12.2024;12:32:36.182;CFRE.O.241209.COMBO.000001;STANDARD_OPTION_STRATEGY;BLOCK;CHF;32;-1.42000000;2000;EXCHANGE_LAST;;2;1;XEUR;72728162986890584;156129;
09.12.2024;12:32:36.182;CFRE SI 20241220 PS EU P 130.00 0;SIMPLE_INSTRUMENT;BLOCK;CHF;32;1.60000000;2000;PRC_DECOMP_EXCHANGE;;;;XEUR;10442572;156129;EXCHANGE
09.12.2024;12:32:36.182;CFRE SI 20241220 PS EU C 134.00 0;SIMPLE_INSTRUMENT;BLOCK;CHF;32;3.02000000;2000;PRC_DECOMP_EXCHANGE;;;;XEUR;11329145;156129;EXCHANGE
09.12.2024;12:19:32.455;CLN.O.241209.BRT12.000001;STANDARD_OPTION_STRATEGY;BLOCK;CHF;30;0.26000000;1500;EXCHANGE_LAST;;1;1;XEUR;72058865348264353;296;
09.12.2024;12:19:32.455;CLN SI 20241220 PS AM P 10.00 0;SIMPLE_INSTRUMENT;BLOCK;CHF;30;0.02000000;3000;PRC_DECOMP_MEMBER;;;;XEUR;5742368;296;MEMBER
09.12.2024;12:19:32.455;CLN SI 20250919 PS AM P 9.00 0;SIMPLE_INSTRUMENT;BLOCK;CHF;30;0.30000000;1500;PRC_DECOMP_MEMBER;;;;XEUR;11876256;296;MEMBER
09.12.2024;12:33:38.559;COG SI 20250620 PS AM C 26.00 0;SIMPLE_INSTRUMENT;BLOCK;EUR;6;0.48000000;160;EXCHANGE_LAST;;1;1;XEUR;11385933;31627;
09.12.2024;16:04:32.799;CON SI 20241220 PS AM C 70.00 0;SIMPLE_INSTRUMENT;BLOCK;EUR;31;0.50000000;1112;EXCHANGE_LAST;;1;1;XEUR;11999890;414620;
09.12.2024;14:51:24.196;D2PW SI 20251219 CS;SIMPLE_INSTRUMENT;BLOCK;EUR;51;1.81000000;84;EXCHANGE_LAST;;1;1;XEUR;3681256;9702;
09.12.2024;14:53:07.477;D2PW SI 20261218 CS;SIMPLE_INSTRUMENT;BLOCK;EUR;52;1.66000000;61;EXCHANGE_LAST;;1;1;XEUR;4632317;9702;
09.12.2024;14:12:28.677;D3AI SI 20271217 CS;SIMPLE_INSTRUMENT;BLOCK;EUR;45;2.62000000;130;EXCHANGE_LAST;;1;1;XEUR;7144067;443197;
09.12.2024;16:11:29.598;D3AI SI 20261218 CS;SIMPLE_INSTRUMENT;BLOCK;EUR;80;3.00000000;50;EXCHANGE_LAST;;1;1;XEUR;7144051;443197;
09.12.2024;12:36:35.860;DAB SI 20241220 PS AM P 70.00 0;SIMPLE_INSTRUMENT;BLOCK;EUR;15;0.42000000;1000;EXCHANGE_LAST;;1;1;XEUR;6503208;352;
09.12.2024;11:45:44.217;DAI SI 20251219 PS AM P 60.00 0;SIMPLE_INSTRUMENT;BLOCK;EUR;9;9.72000000;1500;EXCHANGE_LAST;;1;1;XEUR;7144540;443196;
09.12.2024;12:20:27.200;DAI SI 20250620 PS AM P 50.00 0;SIMPLE_INSTRUMENT;BLOCK;EUR;12;2.78000000;2000;EXCHANGE_LAST;;1;1;XEUR;11407736;443196;
09.12.2024;12:39:43.587;DAI.O.241209.BER.000014;STANDARD_OPTION_STRATEGY;BLOCK;EUR;14;0.39000000;2500;EXCHANGE_LAST;;2;1;XEUR;73961106363662156;443196;
09.12.2024;12:39:43.587;DAI SI 20241220 PS AM P 54.00 0;SIMPLE_INSTRUMENT;BLOCK;EUR;14;0.61000000;2500;PRC_DECOMP_MEMBER;;;;XEUR;7349878;443196;MEMBER
09.12.2024;12:39:43.587;DAI SI 20241220 PS AM P 55.00 0;SIMPLE_INSTRUMENT;BLOCK;EUR;14;1.00000000;2500;PRC_DECOMP_MEMBER;;;;XEUR;11925519;443196;MEMBER
09.12.2024;12:51:02.725;DAI SI 20241220 PS AM P 53.00 0;SIMPLE_INSTRUMENT;BLOCK;EUR;16;0.32000000;2500;EXCHANGE_LAST;;2;1;XEUR;11925521;443196;
09.12.2024;12:51:02.726;DAI SI 20241220 PS AM P 53.00 0;SIMPLE_INSTRUMENT;BLOCK;EUR;17;0.33000000;2500;EXCHANGE_LAST;;2;1;XEUR;11925521;443196;
09.12.2024;14:05:44.558;DAI.O.241209.STG.000027;STANDARD_OPTION_STRATEGY;BLOCK;EUR;21;8.50000000;3500;EXCHANGE_LAST;;1;1;XEUR;73961106363662169;443196;
09.12.2024;14:05:44.558;DAI SI 20251219 PS AM C 64.00 0;SIMPLE_INSTRUMENT;BLOCK;EUR;21;1.69000000;3500;PRC_DECOMP_EXCHANGE;;;;XEUR;7423844;443196;EXCHANGE
09.12.2024;14:05:44.558;DAI SI 20251219 PS AM P 56.00 0;SIMPLE_INSTRUMENT;BLOCK;EUR;21;6.81000000;3500;PRC_DECOMP_EXCHANGE;;;;XEUR;7349881;443196;EXCHANGE
09.12.2024;14:06:32.307;DAI SI 20251219 PS AM P 44.00 0;SIMPLE_INSTRUMENT;BLOCK;EUR;22;2.25000000;3500;EXCHANGE_LAST;;1;1;XEUR;7491310;443196;
09.12.2024;14:45:59.928;DAI.O.241209.PBUT.000028;STANDARD_OPTION_STRATEGY;BLOCK;EUR;25;0.65000000;750;EXCHANGE_LAST;;1;1;XEUR;73961106363662170;443196;
09.12.2024;14:45:59.928;DAI SI 20241220 PS AM P 58.00 0;SIMPLE_INSTRUMENT;BLOCK;EUR;25;2.91000000;750;PRC_DECOMP_EXCHANGE;;;;XEUR;10374218;443196;EXCHANGE
09.12.2024;14:45:59.928;DAI SI 20241220 PS AM P 56.00 0;SIMPLE_INSTRUMENT;BLOCK;EUR;25;1.36000000;1500;PRC_DECOMP_EXCHANGE;;;;XEUR;7349884;443196;EXCHANGE
09.12.2024;14:45:59.928;DAI SI 20241220 PS AM P 54.00 0;SIMPLE_INSTRUMENT;BLOCK;EUR;25;0.46000000;750;PRC_DECOMP_EXCHANGE;;;;XEUR;7349878;443196;EXCHANGE
09.12.2024;14:50:39.100;DAI SI 20251219 PS AM C 58.00 0;SIMPLE_INSTRUMENT;BLOCK;EUR;28;3.37000000;2750;EXCHANGE_LAST;;1;3;XEUR;10374221;443196;
09.12.2024;15:24:04.944;DAI SI 20250321 PS AM C 60.00 0;SIMPLE_INSTRUMENT;BLOCK;EUR;30;1.28000000;1000;EXCHANGE_LAST;;1;1;XEUR;10884520;443196;
09.12.2024;16:31:17.610;DAI SI 20241220 PS AM P 56.00 0;SIMPLE_INSTRUMENT;BLOCK;EUR;33;1.27000000;750;EXCHANGE_LAST;;1;1;XEUR;7349884;443196;
09.12.2024;16:43:33.759;DAI SI 20241220 PS AM C 56.00 0;SIMPLE_INSTRUMENT;BLOCK;EUR;37;0.73000000;1500;EXCHANGE_LAST;;1;1;XEUR;7349879;443196;
09.12.2024;10:34:43.069;DB1H.S.DEC24.MAR25.SPD;FUTURES_SPREAD;BLOCK;EUR;14;-2.09520000;40;EXCHANGE_LAST;;1;1;XEUR;72059153111057546;363;
09.12.2024;10:34:43.069;DB1H SI 20241220 CS;SIMPLE_INSTRUMENT;BLOCK;EUR;14;222.88000000;40;PRC_DECOMP_EXCHANGE;;;;XEUR;7033672;363;EXCHANGE
09.12.2024;10:34:43.069;DB1H SI 20250321 CS;SIMPLE_INSTRUMENT;BLOCK;EUR;14;224.97520000;40;PRC_DECOMP_EXCHANGE;;;;XEUR;10697369;363;EXCHANGE
09.12.2024;15:35:16.393;DBK SI 20241220 PS AM C 16.60 0;SIMPLE_INSTRUMENT;BLOCK;EUR;17;0.54000000;2500;EXCHANGE_LAST;;1;1;XEUR;11877196;362;
09.12.2024;15:35:23.311;DBK SI 20241220 PS AM C 16.60 0;SIMPLE_INSTRUMENT;BLOCK;EUR;18;0.55000000;2500;EXCHANGE_LAST;;1;1;XEUR;11877196;362;
09.12.2024;14:58:25.054;DBKE.O.241209.STD.000001;STANDARD_OPTION_STRATEGY;BLOCK;EUR;15;2.93000000;2500;EXCHANGE_LAST;;1;1;XEUR;72059359269487974;411;
09.12.2024;14:58:25.054;DBKE SI 20250620 PS EU C 16.00 0;SIMPLE_INSTRUMENT;BLOCK;EUR;15;1.79000000;2500;PRC_DECOMP_EXCHANGE;;;;XEUR;7901855;411;EXCHANGE
09.12.2024;14:58:25.054;DBKE SI 20250620 PS EU P 16.00 0;SIMPLE_INSTRUMENT;BLOCK;EUR;15;1.14000000;2500;PRC_DECOMP_EXCHANGE;;;;XEUR;7901856;411;EXCHANGE
09.12.2024;11:41:24.802;DIEG SI 20250117 CS;SIMPLE_INSTRUMENT;BLOCK;EUR;22;209.89730000;500;EXCHANGE_LAST;;1;1;XEUR;10458216;626571;
09.12.2024;17:00:56.620;DIEG SI 20250117 CS;SIMPLE_INSTRUMENT;BLOCK;EUR;98;200.18510000;185;EXCHANGE_LAST;;1;1;XEUR;10458216;626571;
09.12.2024;17:57:17.505;DIEG SI 20250117 CS;SIMPLE_INSTRUMENT;BLOCK;EUR;101;200.18550000;186;EXCHANGE_LAST;;1;1;XEUR;10458216;626571;
09.12.2024;08:54:45.720;DPW SI 20241220 PS AM P 36.00 0;SIMPLE_INSTRUMENT;BLOCK;EUR;7;0.61000000;1500;EXCHANGE_LAST;;1;1;XEUR;4643148;445;
09.12.2024;09:02:45.344;DPW.O.241209.STG.000004;STANDARD_OPTION_STRATEGY;BLOCK;EUR;8;2.49000000;3000;EXCHANGE_LAST;;1;1;XEUR;72059505298414149;445;
09.12.2024;09:02:45.344;DPW SI 20250321 PS AM P 34.00 0;SIMPLE_INSTRUMENT;BLOCK;EUR;8;0.82000000;3000;PRC_DECOMP_EXCHANGE;;;;XEUR;10836847;445;EXCHANGE
09.12.2024;09:02:45.344;DPW SI 20250321 PS AM C 36.00 0;SIMPLE_INSTRUMENT;BLOCK;EUR;8;1.67000000;3000;PRC_DECOMP_EXCHANGE;;;;XEUR;10836841;445;EXCHANGE
09.12.2024;10:08:36.606;DPW SI 20250321 PS AM C 42.00 0;SIMPLE_INSTRUMENT;BLOCK;EUR;13;0.15000000;2500;EXCHANGE_LAST;;1;1;XEUR;10836806;445;
09.12.2024;10:08:26.774;DPW SI 20250321 PS AM C 42.00 0;SIMPLE_INSTRUMENT;BLOCK;EUR;14;0.16000000;2500;EXCHANGE_LAST;;1;1;XEUR;10836806;445;
09.12.2024;10:44:12.709;DPW.O.241209.BLT.000006;STANDARD_OPTION_STRATEGY;BLOCK;EUR;18;0.31000000;750;EXCHANGE_LAST;;1;1;XEUR;72059505298414151;445;
09.12.2024;10:44:12.709;DPW SI 20250117 PS AM C 38.00 0;SIMPLE_INSTRUMENT;BLOCK;EUR;18;0.23000000;750;PRC_DECOMP_EXCHANGE;;;;XEUR;12073154;445;EXCHANGE
09.12.2024;10:44:12.709;DPW SI 20250221 PS AM C 38.00 0;SIMPLE_INSTRUMENT;BLOCK;EUR;18;0.54000000;750;PRC_DECOMP_EXCHANGE;;;;XEUR;12243287;445;EXCHANGE
09.12.2024;11:39:03.612;DPW SI 20250321 PS AM C 40.00 0;SIMPLE_INSTRUMENT;BLOCK;EUR;22;0.36000000;500;EXCHANGE_LAST;;1;1;XEUR;10836855;445;
09.12.2024;11:39:11.126;DPW SI 20250321 PS AM C 40.00 0;SIMPLE_INSTRUMENT;BLOCK;EUR;23;0.37000000;500;EXCHANGE_LAST;;1;1;XEUR;10836855;445;
09.12.2024;11:46:50.607;DPW SI 20241220 PS AM P 36.00 0;SIMPLE_INSTRUMENT;BLOCK;EUR;24;0.61000000;2500;EXCHANGE_LAST;;1;1;XEUR;4643148;445;
09.12.2024;14:29:29.825;DPW SI 20241220 PS AM P 37.00 0;SIMPLE_INSTRUMENT;BLOCK;EUR;31;1.28000000;500;EXCHANGE_LAST;;1;1;XEUR;11878660;445;
09.12.2024;16:10:38.125;DPW.O.241209.STD.000012;STANDARD_OPTION_STRATEGY;BLOCK;EUR;36;1.01000000;500;EXCHANGE_LAST;;1;1;XEUR;72059505298414157;445;
09.12.2024;16:10:38.125;DPW SI 20241220 PS AM C 36.00 0;SIMPLE_INSTRUMENT;BLOCK;EUR;36;0.42000000;500;PRC_DECOMP_EXCHANGE;;;;XEUR;4643147;445;EXCHANGE
09.12.2024;16:10:38.125;DPW SI 20241220 PS AM P 36.00 0;SIMPLE_INSTRUMENT;BLOCK;EUR;36;0.59000000;500;PRC_DECOMP_EXCHANGE;;;;XEUR;4643148;445;EXCHANGE
09.12.2024;12:36:58.167;DTE SI 20241220 PS AM P 30.00 0;SIMPLE_INSTRUMENT;BLOCK;EUR;28;0.18000000;2880;EXCHANGE_LAST;;1;1;XEUR;10402195;424;
09.12.2024;12:36:58.193;DTE SI 20241220 PS AM P 29.00 0;SIMPLE_INSTRUMENT;BLOCK;EUR;29;0.04000000;2880;EXCHANGE_LAST;;1;1;XEUR;11878497;424;
09.12.2024;16:27:26.548;DTE SI 20241220 PS AM P 29.50 0;SIMPLE_INSTRUMENT;BLOCK;EUR;38;0.15000000;13500;EXCHANGE_LAST;;1;1;XEUR;11878492;424;
09.12.2024;16:27:29.364;DTE SI 20241220 PS AM P 29.00 0;SIMPLE_INSTRUMENT;BLOCK;EUR;39;0.08000000;6939;EXCHANGE_LAST;;1;1;XEUR;11878497;424;
09.12.2024;16:27:32.721;DTE SI 20241220 PS AM P 29.00 0;SIMPLE_INSTRUMENT;BLOCK;EUR;40;0.05000000;6561;EXCHANGE_LAST;;1;1;XEUR;11878497;424;
09.12.2024;16:32:53.137;DTG SI 20250221 PS AM P 33.00 0;SIMPLE_INSTRUMENT;BLOCK;EUR;34;0.46000000;4086;EXCHANGE_LAST;;1;1;XEUR;12278007;455942;
09.12.2024;16:33:07.229;DTG SI 20250221 PS AM P 33.00 0;SIMPLE_INSTRUMENT;BLOCK;EUR;35;0.44000000;170;EXCHANGE_LAST;;1;1;XEUR;12278007;455942;
09.12.2024;10:47:33.576;DUFN SI 20241220 PS AM P 36.00 0;SIMPLE_INSTRUMENT;BLOCK;CHF;18;0.62000000;800;EXCHANGE_LAST;;1;1;XEUR;8779522;418;
09.12.2024;10:36:15.842;DVC SI 20251218 PS AM P 6.40 0;SIMPLE_INSTRUMENT;BLOCK;EUR;3;0.78500000;3000;EXCHANGE_LAST;;1;1;XEUR;10380889;420;
09.12.2024;10:36:27.011;DVC SI 20251218 PS AM P 4.00 0;SIMPLE_INSTRUMENT;BLOCK;EUR;4;0.16000000;4800;EXCHANGE_LAST;;1;1;XEUR;10380871;420;
09.12.2024;15:03:50.363;DYS1 SI 20241220 PS AM C 35.00 0;SIMPLE_INSTRUMENT;BLOCK;EUR;22;0.60000000;434;EXCHANGE_LAST;;1;1;XEUR;11879847;475;
09.12.2024;16:15:42.914;DYS1 SI 20241220 PS AM C 35.00 0;SIMPLE_INSTRUMENT;BLOCK;EUR;30;0.63000000;1172;EXCHANGE_LAST;;1;1;XEUR;11879847;475;
09.12.2024;10:39:51.507;EAD.O.241209.STG.000009;STANDARD_OPTION_STRATEGY;BLOCK;EUR;9;11.60000000;500;EXCHANGE_LAST;;1;1;XEUR;72059591197746133;465;
09.12.2024;10:39:51.507;EAD SI 20250321 PS AM P 150.00 0;SIMPLE_INSTRUMENT;BLOCK;EUR;9;5.25000000;500;PRC_DECOMP_EXCHANGE;;;;XEUR;11013887;465;EXCHANGE
09.12.2024;10:39:51.507;EAD SI 20250321 PS AM C 160.00 0;SIMPLE_INSTRUMENT;BLOCK;EUR;9;6.35000000;500;PRC_DECOMP_EXCHANGE;;;;XEUR;11013886;465;EXCHANGE
09.12.2024;15:51:14.140;EADP SI 20250117 PS;SIMPLE_INSTRUMENT;BLOCK;EUR;76;158.00000000;3000;EXCHANGE_LAST;;1;1;XEUR;10441592;124301;
09.12.2024;08:45:48.217;ENR SI 20241220 PS AM P 47.00 0;SIMPLE_INSTRUMENT;BLOCK;EUR;3;0.41000000;2619;EXCHANGE_LAST;;1;1;XEUR;12193207;298530;
09.12.2024;09:53:40.622;ENR SI 20241220 PS AM P 47.00 0;SIMPLE_INSTRUMENT;BLOCK;EUR;10;0.33000000;244;EXCHANGE_LAST;;1;1;XEUR;12193207;298530;
09.12.2024;09:53:42.636;ENR SI 20241220 PS AM P 46.00 0;SIMPLE_INSTRUMENT;BLOCK;EUR;11;0.23000000;652;EXCHANGE_LAST;;1;1;XEUR;11846959;298530;
09.12.2024;09:53:46.388;ENR SI 20241220 PS AM P 47.00 0;SIMPLE_INSTRUMENT;BLOCK;EUR;12;0.32000000;264;EXCHANGE_LAST;;1;1;XEUR;12193207;298530;
09.12.2024;11:32:16.494;ENT5 SI 20281214 PS AM P 10.00 0;SIMPLE_INSTRUMENT;BLOCK;EUR;5;1.02000000;1500;EXCHANGE_LAST;;1;1;XEUR;10381168;497;
09.12.2024;12:29:42.698;ENT5.O.241209.STG.000004;STANDARD_OPTION_STRATEGY;BLOCK;EUR;6;1.20000000;1500;EXCHANGE_LAST;;1;1;XEUR;72059728636684187;497;
09.12.2024;12:29:42.698;ENT5 SI 20251218 PS AM C 14.00 0;SIMPLE_INSTRUMENT;BLOCK;EUR;6;0.62800000;1500;PRC_DECOMP_EXCHANGE;;;;XEUR;5911904;497;EXCHANGE
09.12.2024;12:29:42.698;ENT5 SI 20251218 PS AM P 12.00 0;SIMPLE_INSTRUMENT;BLOCK;EUR;6;0.57200000;1500;PRC_DECOMP_EXCHANGE;;;;XEUR;5911903;497;EXCHANGE
09.12.2024;15:47:37.743;ENT5 SI 20271216 PS AM P 8.00 0;SIMPLE_INSTRUMENT;BLOCK;EUR;17;0.31500000;1800;EXCHANGE_LAST;;1;1;XEUR;8765090;497;
09.12.2024;13:02:33.784;ENUR.O.241209.STG.000001;STANDARD_OPTION_STRATEGY;BLOCK;EUR;7;1.46000000;2250;EXCHANGE_LAST;;1;2;XEUR;72059732931641558;498;
09.12.2024;13:02:33.784;ENUR SI 20251219 PS AM P 9.00 0;SIMPLE_INSTRUMENT;BLOCK;EUR;7;0.70000000;2250;PRC_DECOMP_MEMBER;;;;XEUR;11604830;498;MEMBER
09.12.2024;13:02:33.784;ENUR SI 20251219 PS AM C 11.00 0;SIMPLE_INSTRUMENT;BLOCK;EUR;7;0.76000000;2250;PRC_DECOMP_MEMBER;;;;XEUR;11604839;498;MEMBER
09.12.2024;14:22:18.300;ENUR SI 20250321 PS AM P 9.50 0;SIMPLE_INSTRUMENT;BLOCK;EUR;9;0.35000000;5600;EXCHANGE_LAST;;1;1;XEUR;12171519;498;
09.12.2024;14:22:19.624;ENUR SI 20250321 PS AM C 11.00 0;SIMPLE_INSTRUMENT;BLOCK;EUR;10;0.21000000;9397;EXCHANGE_LAST;;1;1;XEUR;10838195;498;
09.12.2024;14:22:22.799;ENUR SI 20250321 PS AM C 11.00 0;SIMPLE_INSTRUMENT;BLOCK;EUR;11;0.22000000;7403;EXCHANGE_LAST;;1;1;XEUR;10838195;498;
09.12.2024;15:13:39.266;ENUR SI 20250117 PS AM C 11.00 0;SIMPLE_INSTRUMENT;BLOCK;EUR;15;0.04000000;281;EXCHANGE_LAST;;1;1;XEUR;12074113;498;
09.12.2024;10:34:21.129;EOAI.S.DEC24.MAR25.SPD;FUTURES_SPREAD;BLOCK;EUR;13;-0.11120000;250;EXCHANGE_LAST;;1;1;XEUR;72268330903273592;49066;
09.12.2024;10:34:21.129;EOAI SI 20241220 CS;SIMPLE_INSTRUMENT;BLOCK;EUR;13;12.05580000;250;PRC_DECOMP_EXCHANGE;;;;XEUR;7050402;49066;EXCHANGE
09.12.2024;10:34:21.129;EOAI SI 20250321 CS;SIMPLE_INSTRUMENT;BLOCK;EUR;13;12.16700000;250;PRC_DECOMP_EXCHANGE;;;;XEUR;10721276;49066;EXCHANGE
09.12.2024;12:37:12.468;F3IA SI 20271217 CS;SIMPLE_INSTRUMENT;BLOCK;EUR;35;0.51000000;750;EXCHANGE_LAST;;1;1;XEUR;8422837;390387;
09.12.2024;12:49:34.285;F3IA SI 20271217 CS;SIMPLE_INSTRUMENT;BLOCK;EUR;36;0.51000000;250;EXCHANGE_LAST;;1;1;XEUR;8422837;390387;
09.12.2024;11:38:04.242;F3TE SI 20261218 CS;SIMPLE_INSTRUMENT;BLOCK;EUR;21;0.68000000;1000;EXCHANGE_LAST;;1;1;XEUR;6633899;390379;
09.12.2024;14:29:19.770;F3TE SI 20261218 CS;SIMPLE_INSTRUMENT;BLOCK;EUR;47;0.68000000;600;EXCHANGE_LAST;;1;1;XEUR;6633899;390379;
09.12.2024;09:15:56.803;FBTP SI 20250306 PS;SIMPLE_INSTRUMENT;EFP_FIN;EUR;1;123.06000000;385;EXCHANGE_LAST;;1;1;XEUR;11286675;636;
09.12.2024;09:26:24.975;FBTP SI 20250306 PS;SIMPLE_INSTRUMENT;EFP_FIN;EUR;2;123.05000000;1121;EXCHANGE_LAST;;1;1;XEUR;11286675;636;
09.12.2024;09:44:16.149;FBTP SI 20250306 PS;SIMPLE_INSTRUMENT;BLOCK;EUR;3;123.10000000;928;EXCHANGE_LAST;;1;1;XEUR;11286675;636;
09.12.2024;09:50:29.465;FBTP SI 20250306 PS;SIMPLE_INSTRUMENT;EFP_FIN;EUR;4;123.12000000;233;EXCHANGE_LAST;;1;1;XEUR;11286675;636;
09.12.2024;10:32:16.513;FBTP SI 20250306 PS;SIMPLE_INSTRUMENT;EFP_FIN;EUR;5;123.05000000;569;EXCHANGE_LAST;;1;1;XEUR;11286675;636;
09.12.2024;10:43:24.905;FBTP SI 20250306 PS;SIMPLE_INSTRUMENT;EFP_FIN;EUR;6;123.04000000;1342;EXCHANGE_LAST;;1;1;XEUR;11286675;636;
09.12.2024;10:45:03.230;FBTP SI 20250306 PS;SIMPLE_INSTRUMENT;EFP_FIN;EUR;7;123.04000000;448;EXCHANGE_LAST;;1;1;XEUR;11286675;636;
09.12.2024;10:45:09.134;FBTP SI 20250306 PS;SIMPLE_INSTRUMENT;EFP_FIN;EUR;8;123.06000000;114;EXCHANGE_LAST;;1;1;XEUR;11286675;636;
09.12.2024;10:46:14.137;FBTP SI 20250306 PS;SIMPLE_INSTRUMENT;EFP_FIN;EUR;9;123.06000000;144;EXCHANGE_LAST;;1;1;XEUR;11286675;636;
09.12.2024;10:46:46.911;FBTP SI 20250306 PS;SIMPLE_INSTRUMENT;BLOCK;EUR;10;123.06000000;446;EXCHANGE_LAST;;1;1;XEUR;11286675;636;
09.12.2024;11:45:35.782;FBTP SI 20250306 PS;SIMPLE_INSTRUMENT;EFP_FIN;EUR;12;122.95000000;448;EXCHANGE_LAST;;1;1;XEUR;11286675;636;
09.12.2024;11:46:43.633;FBTP SI 20250306 PS;SIMPLE_INSTRUMENT;EFP_FIN;EUR;13;123.05000000;344;EXCHANGE_LAST;;1;1;XEUR;11286675;636;
09.12.2024;12:14:38.264;FBTP SI 20250306 PS;SIMPLE_INSTRUMENT;EFP_FIN;EUR;14;123.08000000;448;EXCHANGE_LAST;;1;1;XEUR;11286675;636;
09.12.2024;12:21:20.724;FBTP SI 20250306 PS;SIMPLE_INSTRUMENT;EFP_FIN;EUR;15;123.09000000;243;EXCHANGE_LAST;;1;1;XEUR;11286675;636;
09.12.2024;12:22:36.696;FBTP SI 20250306 PS;SIMPLE_INSTRUMENT;EFP_FIN;EUR;16;123.08000000;224;EXCHANGE_LAST;;1;1;XEUR;11286675;636;
09.12.2024;12:50:54.292;FBTP SI 20250306 PS;SIMPLE_INSTRUMENT;EFP_FIN;EUR;17;123.14000000;112;EXCHANGE_LAST;;1;1;XEUR;11286675;636;
09.12.2024;12:59:29.817;FBTP SI 20250306 PS;SIMPLE_INSTRUMENT;BLOCK;EUR;18;123.10000000;4257;EXCHANGE_LAST;;1;1;XEUR;11286675;636;
09.12.2024;13:33:47.892;FBTP SI 20250306 PS;SIMPLE_INSTRUMENT;EFP_FIN;EUR;19;123.16000000;428;EXCHANGE_LAST;;1;1;XEUR;11286675;636;
09.12.2024;15:57:23.245;FBTP SI 20250306 PS;SIMPLE_INSTRUMENT;EFP_FIN;EUR;20;123.09000000;276;EXCHANGE_LAST;;1;1;XEUR;11286675;636;
09.12.2024;16:00:49.104;FBTP SI 20250306 PS;SIMPLE_INSTRUMENT;EFP_FIN;EUR;21;123.13000000;448;EXCHANGE_LAST;;1;1;XEUR;11286675;636;
09.12.2024;16:05:23.901;FBTP SI 20250306 PS;SIMPLE_INSTRUMENT;EFP_FIN;EUR;22;123.13000000;117;EXCHANGE_LAST;;1;1;XEUR;11286675;636;
09.12.2024;16:14:56.490;FBTP SI 20250306 PS;SIMPLE_INSTRUMENT;EFP_FIN;EUR;23;123.10000000;278;EXCHANGE_LAST;;1;1;XEUR;11286675;636;
09.12.2024;16:21:21.600;FBTP SI 20250306 PS;SIMPLE_INSTRUMENT;EFP_FIN;EUR;24;123.00000000;85;EXCHANGE_LAST;;1;1;XEUR;11286675;636;
09.12.2024;10:46:30.139;FBTS SI 20250306 PS;SIMPLE_INSTRUMENT;EFP_FIN;EUR;4;107.78000000;128;EXCHANGE_LAST;;1;1;XEUR;11286677;639;
09.12.2024;11:26:58.322;FBTS SI 20250306 PS;SIMPLE_INSTRUMENT;EFP_FIN;EUR;8;107.76000000;272;EXCHANGE_LAST;;1;1;XEUR;11286677;639;
09.12.2024;11:27:26.878;FBTS SI 20250306 PS;SIMPLE_INSTRUMENT;EFP_FIN;EUR;9;107.76000000;1114;EXCHANGE_LAST;;1;1;XEUR;11286677;639;
09.12.2024;12:06:23.394;FBTS SI 20250306 PS;SIMPLE_INSTRUMENT;EFP_FIN;EUR;13;107.79000000;721;EXCHANGE_LAST;;1;1;XEUR;11286677;639;
09.12.2024;14:05:26.980;FBTS SI 20250306 PS;SIMPLE_INSTRUMENT;BLOCK;EUR;16;107.81000000;3152;EXCHANGE_LAST;;1;1;XEUR;11286677;639;
09.12.2024;14:12:01.974;FBTS SI 20250306 PS;SIMPLE_INSTRUMENT;BLOCK;EUR;17;107.80000000;794;EXCHANGE_LAST;;1;1;XEUR;11286677;639;
09.12.2024;14:21:02.459;FBTS SI 20250306 PS;SIMPLE_INSTRUMENT;EFP_FIN;EUR;18;107.81000000;208;EXCHANGE_LAST;;1;1;XEUR;11286677;639;
09.12.2024;14:58:42.758;FBTS SI 20250306 PS;SIMPLE_INSTRUMENT;EFP_FIN;EUR;23;107.85000000;2088;EXCHANGE_LAST;;1;1;XEUR;11286677;639;
09.12.2024;13:46:05.450;FCBU SI 20250103 CS;SIMPLE_INSTRUMENT;BLOCK;USD;8;0.16486000;190;EXCHANGE_LAST;;1;1;XEUR;10519769;570870;
09.12.2024;14:56:26.035;FCBU SI 20250103 CS;SIMPLE_INSTRUMENT;BLOCK;USD;15;0.16520000;300;EXCHANGE_LAST;;1;1;XEUR;10519769;570870;
09.12.2024;13:34:36.362;FCNK SI 20241216 PS;SIMPLE_INSTRUMENT;BLOCK;NOK;6;11.74000000;143;EXCHANGE_LAST;;1;1;XEUR;7140411;402916;
09.12.2024;13:35:43.286;FCNK SI 20250317 PS;SIMPLE_INSTRUMENT;BLOCK;NOK;7;11.78850000;143;EXCHANGE_LAST;;1;1;XEUR;9136394;402916;
09.12.2024;13:47:36.846;FCNK SI 20241216 PS;SIMPLE_INSTRUMENT;BLOCK;NOK;9;11.74000000;1;EXCHANGE_LAST;;1;1;XEUR;7140411;402916;
09.12.2024;13:48:05.439;FCNK SI 20250317 PS;SIMPLE_INSTRUMENT;BLOCK;NOK;10;11.78900000;1;EXCHANGE_LAST;;1;1;XEUR;9136394;402916;
09.12.2024;13:22:46.833;FCNS SI 20241216 PS;SIMPLE_INSTRUMENT;BLOCK;SEK;4;0.98180000;2000;EXCHANGE_LAST;;1;1;XEUR;7140409;402911;
09.12.2024;13:24:38.705;FCNS SI 20250317 PS;SIMPLE_INSTRUMENT;BLOCK;SEK;5;0.97680000;2000;EXCHANGE_LAST;;1;1;XEUR;9136391;402911;
09.12.2024;13:50:22.119;FCNS SI 20241216 PS;SIMPLE_INSTRUMENT;BLOCK;SEK;11;0.98150000;2000;EXCHANGE_LAST;;1;1;XEUR;7140409;402911;
09.12.2024;14:33:25.661;FCNS SI 20241216 PS;SIMPLE_INSTRUMENT;BLOCK;SEK;13;0.98160000;2500;EXCHANGE_LAST;;1;1;XEUR;7140409;402911;
09.12.2024;14:41:13.946;FCNS SI 20250317 PS;SIMPLE_INSTRUMENT;BLOCK;SEK;14;0.97660000;2500;EXCHANGE_LAST;;1;1;XEUR;9136391;402911;
09.12.2024;15:10:16.975;FCNS SI 20250317 PS;SIMPLE_INSTRUMENT;BLOCK;SEK;16;0.97650000;2000;EXCHANGE_LAST;;1;1;XEUR;9136391;402911;
09.12.2024;09:59:51.053;FCPU SI 20241216 PS;SIMPLE_INSTRUMENT;BLOCK;USD;2;1.27650000;699;EXCHANGE_LAST;;1;1;XEUR;7140366;369379;
09.12.2024;07:44:37.277;FCZU SI 20241216 CS;SIMPLE_INSTRUMENT;BLOCK;USD;1;0.05578000;250;EXCHANGE_LAST;;1;1;XEUR;10921064;570872;
09.12.2024;11:30:52.913;FCZU SI 20241216 CS;SIMPLE_INSTRUMENT;BLOCK;USD;3;0.05616000;190;EXCHANGE_LAST;;1;1;XEUR;10921064;570872;
09.12.2024;09:51:48.885;FDAX SI 20241220 CS;SIMPLE_INSTRUMENT;VOLA;EUR;671088643;20400.00000000;14;EXCHANGE_LAST;;1;1;XEUR;7296065;589;
09.12.2024;12:48:58.291;FDAX SI 20241220 CS;SIMPLE_INSTRUMENT;VOLA;EUR;671088649;20400.00000000;11;EXCHANGE_LAST;;1;1;XEUR;7296065;589;
09.12.2024;14:59:27.363;FDAX SI 20241220 CS;SIMPLE_INSTRUMENT;VOLA;EUR;671088656;20435.00000000;28;EXCHANGE_LAST;;1;1;XEUR;7296065;589;
09.12.2024;15:00:11.179;FDAX SI 20241220 CS;SIMPLE_INSTRUMENT;VOLA;EUR;671088657;20435.00000000;27;EXCHANGE_LAST;;1;1;XEUR;7296065;589;
09.12.2024;16:11:30.480;FES1 SI 20241220 PS;SIMPLE_INSTRUMENT;BLOCK;EUR;29;7.10000000;650;EXCHANGE_LAST;;1;1;XEUR;10869579;58959;
09.12.2024;12:15:34.754;FESB SI 20241220 CS;SIMPLE_INSTRUMENT;BLOCK;EUR;38;146.90000000;15000;EXCHANGE_LAST;;1;1;XEUR;10838895;605;
09.12.2024;12:43:25.890;FESB SI 20241220 CS;SIMPLE_INSTRUMENT;BLOCK;EUR;39;146.90000000;10000;EXCHANGE_LAST;;1;1;XEUR;10838895;605;
09.12.2024;14:30:57.385;FESB SI 20241220 CS;SIMPLE_INSTRUMENT;BLOCK;EUR;50;146.90000000;5000;EXCHANGE_LAST;;1;1;XEUR;10838895;605;
09.12.2024;15:02:19.330;FESB SI 20241220 CS;SIMPLE_INSTRUMENT;BLOCK;EUR;55;146.90000000;10000;EXCHANGE_LAST;;1;1;XEUR;10838895;605;
09.12.2024;15:18:23.055;FESB SI 20241220 CS;SIMPLE_INSTRUMENT;BLOCK;EUR;56;146.90000000;12000;EXCHANGE_LAST;;1;1;XEUR;10838895;605;
09.12.2024;16:52:00.551;FESB SI 20241220 CS;SIMPLE_INSTRUMENT;BLOCK;EUR;59;146.50000000;5000;EXCHANGE_LAST;;1;1;XEUR;10838895;605;
09.12.2024;16:53:44.136;FESB SI 20241220 CS;SIMPLE_INSTRUMENT;EFP_IDX;EUR;60;146.60000000;160;EXCHANGE_LAST;;1;1;XEUR;10838895;605;
09.12.2024;16:53:21.135;FESB SI 20241220 CS;SIMPLE_INSTRUMENT;EFP_IDX;EUR;61;146.65000000;40;EXCHANGE_LAST;;1;1;XEUR;10838895;605;
09.12.2024;16:55:19.135;FESB SI 20241220 CS;SIMPLE_INSTRUMENT;BLOCK;EUR;62;146.65000000;2271;EXCHANGE_LAST;;1;1;XEUR;10838895;605;
09.12.2024;16:55:33.740;FESB SI 20241220 CS;SIMPLE_INSTRUMENT;BLOCK;EUR;63;146.70000000;2234;EXCHANGE_LAST;;1;1;XEUR;10838895;605;
09.12.2024;08:50:23.491;FESB SI 20241220 CS;SIMPLE_INSTRUMENT;VOLA;EUR;603979778;146.40000000;1440;EXCHANGE_LAST;;1;1;XEUR;10838895;605;
09.12.2024;15:32:59.739;FESB SI 20241220 CS;SIMPLE_INSTRUMENT;VOLA;EUR;603979800;147.10000000;300;EXCHANGE_LAST;;1;1;XEUR;10838895;605;
09.12.2024;15:42:34.510;FESB SI 20241220 CS;SIMPLE_INSTRUMENT;VOLA;EUR;603979803;146.90000000;2280;EXCHANGE_LAST;;1;1;XEUR;10838895;605;
09.12.2024;09:44:16.091;FESX SI 20241220 CS;SIMPLE_INSTRUMENT;BLOCK;EUR;1;4995.00000000;3100;EXCHANGE_LAST;;1;1;XEUR;7793479;675;
09.12.2024;11:26:31.103;FESX SI 20241220 CS;SIMPLE_INSTRUMENT;BLOCK;EUR;2;4986.00000000;7000;EXCHANGE_LAST;;1;1;XEUR;7793479;675;
09.12.2024;12:34:38.566;FESX SI 20241220 CS;SIMPLE_INSTRUMENT;BLOCK;EUR;3;4995.00000000;3459;EXCHANGE_LAST;;1;1;XEUR;7793479;675;
09.12.2024;13:39:34.372;FESX SI 20241220 CS;SIMPLE_INSTRUMENT;BLOCK;EUR;4;4988.00000000;3000;EXCHANGE_LAST;;1;1;XEUR;7793479;675;
09.12.2024;13:57:14.892;FESX SI 20241220 CS;SIMPLE_INSTRUMENT;BLOCK;EUR;5;4988.00000000;2000;EXCHANGE_LAST;;1;1;XEUR;7793479;675;
09.12.2024;14:38:50.078;FESX SI 20241220 CS;SIMPLE_INSTRUMENT;EFP_IDX;EUR;6;4999.00000000;1300;EXCHANGE_LAST;;1;1;XEUR;7793479;675;
09.12.2024;16:29:54.318;FESX SI 20241220 CS;SIMPLE_INSTRUMENT;BLOCK;EUR;7;4990.00000000;2680;EXCHANGE_LAST;;1;1;XEUR;7793479;675;
09.12.2024;16:52:35.783;FESX SI 20241220 CS;SIMPLE_INSTRUMENT;EFP_IDX;EUR;8;4992.00000000;1726;EXCHANGE_LAST;;1;1;XEUR;7793479;675;
09.12.2024;16:53:17.036;FESX SI 20241220 CS;SIMPLE_INSTRUMENT;EFP_IDX;EUR;9;4993.00000000;1470;EXCHANGE_LAST;;1;1;XEUR;7793479;675;
09.12.2024;16:48:45.216;FESX SI 20241220 CS;SIMPLE_INSTRUMENT;EFP_IDX;EUR;10;4992.00000000;478;EXCHANGE_LAST;;1;1;XEUR;7793479;675;
09.12.2024;16:48:21.236;FESX SI 20241220 CS;SIMPLE_INSTRUMENT;EFP_IDX;EUR;11;4993.00000000;409;EXCHANGE_LAST;;1;1;XEUR;7793479;675;
09.12.2024;16:48:41.451;FESX SI 20241220 CS;SIMPLE_INSTRUMENT;EFP_IDX;EUR;12;4992.00000000;146;EXCHANGE_LAST;;1;1;XEUR;7793479;675;
09.12.2024;16:49:30.889;FESX SI 20241220 CS;SIMPLE_INSTRUMENT;EFP_IDX;EUR;13;4993.00000000;86;EXCHANGE_LAST;;1;1;XEUR;7793479;675;
09.12.2024;16:54:49.108;FESX SI 20241220 CS;SIMPLE_INSTRUMENT;EFP_IDX;EUR;14;4992.00000000;270;EXCHANGE_LAST;;1;1;XEUR;7793479;675;
09.12.2024;16:55:30.176;FESX SI 20241220 CS;SIMPLE_INSTRUMENT;EFP_IDX;EUR;16;4993.00000000;230;EXCHANGE_LAST;;1;1;XEUR;7793479;675;
09.12.2024;16:56:38.878;FESX SI 20241220 CS;SIMPLE_INSTRUMENT;EFP_IDX;EUR;17;4992.00000000;1587;EXCHANGE_LAST;;1;1;XEUR;7793479;675;
09.12.2024;16:56:51.744;FESX SI 20241220 CS;SIMPLE_INSTRUMENT;EFP_IDX;EUR;18;4993.00000000;1352;EXCHANGE_LAST;;1;1;XEUR;7793479;675;
09.12.2024;16:57:15.189;FESX SI 20241220 CS;SIMPLE_INSTRUMENT;EFP_IDX;EUR;19;4992.00000000;659;EXCHANGE_LAST;;1;1;XEUR;7793479;675;
09.12.2024;16:57:27.761;FESX SI 20241220 CS;SIMPLE_INSTRUMENT;EFP_IDX;EUR;20;4993.00000000;562;EXCHANGE_LAST;;1;1;XEUR;7793479;675;
09.12.2024;08:27:20.351;FESX SI 20241220 CS;SIMPLE_INSTRUMENT;VOLA;EUR;637534211;5004.00000000;120;EXCHANGE_LAST;;1;1;XEUR;7793479;675;
09.12.2024;09:07:04.026;FESX SI 20241220 CS;SIMPLE_INSTRUMENT;VOLA;EUR;637534223;5010.00000000;540;EXCHANGE_LAST;;1;1;XEUR;7793479;675;
09.12.2024;09:21:44.220;FESX SI 20241220 CS;SIMPLE_INSTRUMENT;VOLA;EUR;637534236;4995.00000000;435;EXCHANGE_LAST;;1;1;XEUR;7793479;675;
09.12.2024;09:27:08.636;FESX SI 20241220 CS;SIMPLE_INSTRUMENT;VOLA;EUR;637534240;5002.00000000;441;EXCHANGE_LAST;;1;1;XEUR;7793479;675;
09.12.2024;09:26:48.635;FESX SI 20241220 CS;SIMPLE_INSTRUMENT;VOLA;EUR;637534241;5002.00000000;441;EXCHANGE_LAST;;1;1;XEUR;7793479;675;
09.12.2024;09:31:54.469;FESX SI 20241220 CS;SIMPLE_INSTRUMENT;VOLA;EUR;637534242;5000.00000000;810;EXCHANGE_LAST;;1;1;XEUR;7793479;675;
09.12.2024;10:30:29.811;FESX SI 20241220 CS;SIMPLE_INSTRUMENT;VOLA;EUR;637534255;4989.00000000;285;EXCHANGE_LAST;;1;1;XEUR;7793479;675;
09.12.2024;10:30:21.811;FESX SI 20241220 CS;SIMPLE_INSTRUMENT;VOLA;EUR;637534256;4989.00000000;285;EXCHANGE_LAST;;1;1;XEUR;7793479;675;
09.12.2024;10:56:04.491;FESX SI 20241220 CS;SIMPLE_INSTRUMENT;VOLA;EUR;637534266;4985.00000000;1023;EXCHANGE_LAST;;1;1;XEUR;7793479;675;
09.12.2024;11:05:08.798;FESX SI 20241220 CS;SIMPLE_INSTRUMENT;VOLA;EUR;637534273;4983.00000000;252;EXCHANGE_LAST;;1;1;XEUR;7793479;675;
09.12.2024;12:13:41.061;FESX SI 20241220 CS;SIMPLE_INSTRUMENT;VOLA;EUR;637534295;4990.00000000;780;EXCHANGE_LAST;;1;1;XEUR;7793479;675;
09.12.2024;12:37:20.178;FESX SI 20241220 CS;SIMPLE_INSTRUMENT;VOLA;EUR;637534302;4992.00000000;342;EXCHANGE_LAST;;1;1;XEUR;7793479;675;
09.12.2024;12:37:47.180;FESX SI 20241220 CS;SIMPLE_INSTRUMENT;VOLA;EUR;637534303;4992.00000000;342;EXCHANGE_LAST;;1;1;XEUR;7793479;675;
09.12.2024;13:05:30.197;FESX SI 20241220 CS;SIMPLE_INSTRUMENT;VOLA;EUR;637534310;4990.00000000;240;EXCHANGE_LAST;;1;1;XEUR;7793479;675;
09.12.2024;14:10:20.127;FESX SI 20241220 CS;SIMPLE_INSTRUMENT;VOLA;EUR;637534334;4998.00000000;438;EXCHANGE_LAST;;1;1;XEUR;7793479;675;
09.12.2024;14:58:41.343;FESX SI 20241220 CS;SIMPLE_INSTRUMENT;VOLA;EUR;637534348;5004.00000000;301;EXCHANGE_LAST;;1;1;XEUR;7793479;675;
09.12.2024;14:59:45.527;FESX SI 20241220 CS;SIMPLE_INSTRUMENT;VOLA;EUR;637534349;5004.00000000;301;EXCHANGE_LAST;;1;1;XEUR;7793479;675;
09.12.2024;15:23:29.722;FESX SI 20241220 CS;SIMPLE_INSTRUMENT;VOLA;EUR;637534352;5005.00000000;530;EXCHANGE_LAST;;1;1;XEUR;7793479;675;
09.12.2024;16:21:32.137;FESX SI 20241220 CS;SIMPLE_INSTRUMENT;VOLA;EUR;637534371;5000.00000000;585;EXCHANGE_LAST;;1;1;XEUR;7793479;675;
09.12.2024;16:23:00.770;FESX SI 20241220 CS;SIMPLE_INSTRUMENT;VOLA;EUR;637534374;5000.00000000;585;EXCHANGE_LAST;;1;1;XEUR;7793479;675;
09.12.2024;09:25:15.147;FEXD SI 20271217 CS;SIMPLE_INSTRUMENT;BLOCK;EUR;1;147.80000000;100;EXCHANGE_LAST;;1;1;XEUR;2848338;693;
09.12.2024;09:30:29.481;FEXD.S.DEC27.DEC28.SPD;FUTURES_SPREAD;BLOCK;EUR;2;4.80000000;250;EXCHANGE_LAST;;1;1;XEUR;72060570450264162;693;
09.12.2024;09:30:29.481;FEXD SI 20281215 CS;SIMPLE_INSTRUMENT;BLOCK;EUR;2;142.80000000;250;PRC_DECOMP_EXCHANGE;;;;XEUR;3680985;693;EXCHANGE
09.12.2024;09:30:29.481;FEXD SI 20271217 CS;SIMPLE_INSTRUMENT;BLOCK;EUR;2;147.60000000;250;PRC_DECOMP_EXCHANGE;;;;XEUR;2848338;693;EXCHANGE
09.12.2024;09:46:37.820;FEXD.S.DEC29.DEC30.SPD;FUTURES_SPREAD;BLOCK;EUR;3;4.00000000;750;EXCHANGE_LAST;;2;1;XEUR;72060570450264203;693;
09.12.2024;09:46:37.820;FEXD SI 20291221 CS;SIMPLE_INSTRUMENT;BLOCK;EUR;3;138.50000000;750;PRC_DECOMP_MEMBER;;;;XEUR;4631968;693;MEMBER
09.12.2024;09:46:37.820;FEXD SI 20301220 CS;SIMPLE_INSTRUMENT;BLOCK;EUR;3;134.50000000;750;PRC_DECOMP_MEMBER;;;;XEUR;5914108;693;MEMBER
09.12.2024;10:43:23.671;FEXD SI 20271217 CS;SIMPLE_INSTRUMENT;BLOCK;EUR;9;147.30000000;450;EXCHANGE_LAST;;1;1;XEUR;2848338;693;
09.12.2024;10:45:18.263;FEXD SI 20251219 CS;SIMPLE_INSTRUMENT;BLOCK;EUR;10;158.70000000;1000;EXCHANGE_LAST;;2;2;XEUR;1548120;693;
09.12.2024;12:28:18.793;FEXD SI 20261218 CS;SIMPLE_INSTRUMENT;BLOCK;EUR;20;152.60000000;120;EXCHANGE_LAST;;1;1;XEUR;2163053;693;
09.12.2024;12:35:47.116;FEXD SI 20261218 CS;SIMPLE_INSTRUMENT;BLOCK;EUR;21;152.80000000;750;EXCHANGE_LAST;;1;1;XEUR;2163053;693;
09.12.2024;12:47:50.473;FEXD SI 20261218 CS;SIMPLE_INSTRUMENT;BLOCK;EUR;22;152.80000000;250;EXCHANGE_LAST;;1;1;XEUR;2163053;693;
09.12.2024;13:37:13.774;FEXD SI 20251219 CS;SIMPLE_INSTRUMENT;BLOCK;EUR;23;158.90000000;300;EXCHANGE_LAST;;1;1;XEUR;1548120;693;
09.12.2024;16:36:50.331;FEXD SI 20251219 CS;SIMPLE_INSTRUMENT;BLOCK;EUR;30;158.60000000;127;EXCHANGE_LAST;;1;1;XEUR;1548120;693;
09.12.2024;16:37:03.945;FEXD SI 20261218 CS;SIMPLE_INSTRUMENT;BLOCK;EUR;31;152.90000000;127;EXCHANGE_LAST;;1;1;XEUR;2163053;693;
09.12.2024;07:42:56.469;FGBL SI 20250306 PS;SIMPLE_INSTRUMENT;EFS;EUR;1;136.37000000;259;EXCHANGE_LAST;;1;1;XEUR;11286679;688;
09.12.2024;08:07:46.134;FGBL SI 20250306 PS;SIMPLE_INSTRUMENT;EFS;EUR;2;136.29000000;456;EXCHANGE_LAST;;1;1;XEUR;11286679;688;
09.12.2024;08:07:59.674;FGBL SI 20250306 PS;SIMPLE_INSTRUMENT;EFP_FIN;EUR;3;136.34000000;684;EXCHANGE_LAST;;1;1;XEUR;11286679;688;
09.12.2024;08:19:50.835;FGBL SI 20250306 PS;SIMPLE_INSTRUMENT;EFS;EUR;4;136.21000000;216;EXCHANGE_LAST;;1;1;XEUR;11286679;688;
09.12.2024;08:31:14.801;FGBL SI 20250306 PS;SIMPLE_INSTRUMENT;EFS;EUR;5;136.15000000;400;EXCHANGE_LAST;;1;1;XEUR;11286679;688;
09.12.2024;08:40:28.467;FGBL SI 20250306 PS;SIMPLE_INSTRUMENT;EFS;EUR;6;136.11000000;346;EXCHANGE_LAST;;1;1;XEUR;11286679;688;
09.12.2024;08:44:25.009;FGBL SI 20250306 PS;SIMPLE_INSTRUMENT;EFP_FIN;EUR;7;136.18000000;1244;EXCHANGE_LAST;;1;1;XEUR;11286679;688;
09.12.2024;08:44:14.355;FGBL SI 20250306 PS;SIMPLE_INSTRUMENT;EFP_FIN;EUR;8;136.16000000;326;EXCHANGE_LAST;;1;1;XEUR;11286679;688;
09.12.2024;08:46:42.820;FGBL SI 20250306 PS;SIMPLE_INSTRUMENT;EFS;EUR;9;136.09000000;200;EXCHANGE_LAST;;1;1;XEUR;11286679;688;
09.12.2024;08:50:06.339;FGBL SI 20250306 PS;SIMPLE_INSTRUMENT;EFP_FIN;EUR;10;136.18000000;71;EXCHANGE_LAST;;1;1;XEUR;11286679;688;
09.12.2024;08:54:03.227;FGBL SI 20250306 PS;SIMPLE_INSTRUMENT;EFS;EUR;11;136.07000000;216;EXCHANGE_LAST;;1;1;XEUR;11286679;688;
09.12.2024;09:00:53.479;FGBL SI 20250306 PS;SIMPLE_INSTRUMENT;EFS;EUR;12;136.08000000;401;EXCHANGE_LAST;;1;1;XEUR;11286679;688;
09.12.2024;09:01:28.024;FGBL SI 20250306 PS;SIMPLE_INSTRUMENT;EFP_FIN;EUR;13;136.09000000;140;EXCHANGE_LAST;;1;1;XEUR;11286679;688;
09.12.2024;09:02:30.375;FGBL SI 20250306 PS;SIMPLE_INSTRUMENT;EFS;EUR;14;136.09000000;200;EXCHANGE_LAST;;1;1;XEUR;11286679;688;
09.12.2024;09:03:39.721;FGBL SI 20250306 PS;SIMPLE_INSTRUMENT;EFS;EUR;15;136.10000000;401;EXCHANGE_LAST;;1;1;XEUR;11286679;688;
09.12.2024;09:04:39.984;FGBL SI 20250306 PS;SIMPLE_INSTRUMENT;EFS;EUR;16;136.12000000;250;EXCHANGE_LAST;;1;1;XEUR;11286679;688;
09.12.2024;09:07:43.605;FGBL SI 20250306 PS;SIMPLE_INSTRUMENT;EFP_FIN;EUR;17;136.17000000;484;EXCHANGE_LAST;;1;1;XEUR;11286679;688;
09.12.2024;09:11:12.630;FGBL SI 20250306 PS;SIMPLE_INSTRUMENT;EFS;EUR;18;136.14000000;432;EXCHANGE_LAST;;1;1;XEUR;11286679;688;
09.12.2024;09:12:45.874;FGBL SI 20250306 PS;SIMPLE_INSTRUMENT;EFS;EUR;19;136.16000000;216;EXCHANGE_LAST;;1;1;XEUR;11286679;688;
09.12.2024;09:12:57.209;FGBL SI 20250306 PS;SIMPLE_INSTRUMENT;EFS;EUR;20;136.15000000;401;EXCHANGE_LAST;;1;1;XEUR;11286679;688;
09.12.2024;09:13:32.897;FGBL SI 20250306 PS;SIMPLE_INSTRUMENT;EFS;EUR;21;136.17000000;401;EXCHANGE_LAST;;1;1;XEUR;11286679;688;
09.12.2024;09:15:18.713;FGBL SI 20250306 PS;SIMPLE_INSTRUMENT;EFS;EUR;22;136.12000000;402;EXCHANGE_LAST;;1;1;XEUR;11286679;688;
09.12.2024;09:15:51.620;FGBL SI 20250306 PS;SIMPLE_INSTRUMENT;EFS;EUR;23;136.12000000;401;EXCHANGE_LAST;;1;1;XEUR;11286679;688;
09.12.2024;09:17:53.447;FGBL SI 20250306 PS;SIMPLE_INSTRUMENT;EFS;EUR;24;136.11000000;1002;EXCHANGE_LAST;;1;1;XEUR;11286679;688;
09.12.2024;09:18:45.912;FGBL SI 20250306 PS;SIMPLE_INSTRUMENT;EFS;EUR;25;136.13000000;456;EXCHANGE_LAST;;1;1;XEUR;11286679;688;
09.12.2024;09:18:43.514;FGBL SI 20250306 PS;SIMPLE_INSTRUMENT;EFS;EUR;26;136.11000000;456;EXCHANGE_LAST;;1;1;XEUR;11286679;688;
09.12.2024;09:21:24.049;FGBL SI 20250306 PS;SIMPLE_INSTRUMENT;EFS;EUR;27;136.08000000;201;EXCHANGE_LAST;;1;1;XEUR;11286679;688;
09.12.2024;09:21:31.297;FGBL SI 20250306 PS;SIMPLE_INSTRUMENT;EFP_FIN;EUR;28;136.09000000;2229;EXCHANGE_LAST;;1;1;XEUR;11286679;688;
09.12.2024;09:21:36.473;FGBL SI 20250306 PS;SIMPLE_INSTRUMENT;EFS;EUR;29;136.12000000;456;EXCHANGE_LAST;;1;1;XEUR;11286679;688;
09.12.2024;09:21:41.144;FGBL SI 20250306 PS;SIMPLE_INSTRUMENT;EFS;EUR;30;136.08000000;401;EXCHANGE_LAST;;1;1;XEUR;11286679;688;
09.12.2024;09:23:14.129;FGBL SI 20250306 PS;SIMPLE_INSTRUMENT;EFS;EUR;31;136.08000000;402;EXCHANGE_LAST;;1;1;XEUR;11286679;688;
09.12.2024;09:23:38.815;FGBL SI 20250306 PS;SIMPLE_INSTRUMENT;EFS;EUR;32;136.09000000;401;EXCHANGE_LAST;;1;1;XEUR;11286679;688;
09.12.2024;09:23:59.911;FGBL SI 20250306 PS;SIMPLE_INSTRUMENT;EFS;EUR;33;136.10000000;228;EXCHANGE_LAST;;1;1;XEUR;11286679;688;
09.12.2024;09:24:26.151;FGBL SI 20250306 PS;SIMPLE_INSTRUMENT;EFS;EUR;34;136.12000000;401;EXCHANGE_LAST;;1;1;XEUR;11286679;688;
09.12.2024;09:28:25.769;FGBL SI 20250306 PS;SIMPLE_INSTRUMENT;EFS;EUR;35;136.12000000;401;EXCHANGE_LAST;;1;1;XEUR;11286679;688;
09.12.2024;09:29:26.851;FGBL SI 20250306 PS;SIMPLE_INSTRUMENT;EFS;EUR;36;136.12000000;401;EXCHANGE_LAST;;1;1;XEUR;11286679;688;
09.12.2024;09:32:30.134;FGBL SI 20250306 PS;SIMPLE_INSTRUMENT;EFS;EUR;37;136.10000000;228;EXCHANGE_LAST;;1;1;XEUR;11286679;688;
09.12.2024;09:35:25.440;FGBL SI 20250306 PS;SIMPLE_INSTRUMENT;EFS;EUR;38;136.13000000;215;EXCHANGE_LAST;;1;1;XEUR;11286679;688;
09.12.2024;09:44:52.022;FGBL SI 20250306 PS;SIMPLE_INSTRUMENT;EFS;EUR;39;136.22000000;402;EXCHANGE_LAST;;1;1;XEUR;11286679;688;
09.12.2024;09:47:02.118;FGBL SI 20250306 PS;SIMPLE_INSTRUMENT;EFS;EUR;40;136.20000000;201;EXCHANGE_LAST;;1;1;XEUR;11286679;688;
09.12.2024;09:48:04.867;FGBL SI 20250306 PS;SIMPLE_INSTRUMENT;EFS;EUR;41;136.19000000;250;EXCHANGE_LAST;;1;1;XEUR;11286679;688;
09.12.2024;09:49:19.113;FGBL SI 20250306 PS;SIMPLE_INSTRUMENT;EFS;EUR;42;136.19000000;250;EXCHANGE_LAST;;1;1;XEUR;11286679;688;
09.12.2024;09:55:38.040;FGBL SI 20250306 PS;SIMPLE_INSTRUMENT;EFS;EUR;43;136.17000000;401;EXCHANGE_LAST;;1;1;XEUR;11286679;688;
09.12.2024;10:01:45.656;FGBL SI 20250306 PS;SIMPLE_INSTRUMENT;EFP_FIN;EUR;44;136.21000000;186;EXCHANGE_LAST;;1;1;XEUR;11286679;688;
09.12.2024;10:05:02.977;FGBL SI 20250306 PS;SIMPLE_INSTRUMENT;EFS;EUR;45;136.22000000;424;EXCHANGE_LAST;;1;1;XEUR;11286679;688;
09.12.2024;10:06:42.993;FGBL SI 20250306 PS;SIMPLE_INSTRUMENT;EFS;EUR;46;136.16000000;402;EXCHANGE_LAST;;1;1;XEUR;11286679;688;
09.12.2024;10:11:25.386;FGBL SI 20250306 PS;SIMPLE_INSTRUMENT;EFS;EUR;47;136.19000000;215;EXCHANGE_LAST;;1;1;XEUR;11286679;688;
09.12.2024;10:15:20.753;FGBL SI 20250306 PS;SIMPLE_INSTRUMENT;EFS;EUR;48;136.15000000;401;EXCHANGE_LAST;;1;1;XEUR;11286679;688;
09.12.2024;10:15:43.312;FGBL SI 20250306 PS;SIMPLE_INSTRUMENT;EFS;EUR;49;136.15000000;401;EXCHANGE_LAST;;1;1;XEUR;11286679;688;
09.12.2024;10:16:12.046;FGBL SI 20250306 PS;SIMPLE_INSTRUMENT;EFS;EUR;50;136.16000000;401;EXCHANGE_LAST;;1;1;XEUR;11286679;688;
09.12.2024;10:17:00.741;FGBL SI 20250306 PS;SIMPLE_INSTRUMENT;EFS;EUR;51;136.17000000;401;EXCHANGE_LAST;;1;1;XEUR;11286679;688;
09.12.2024;10:20:39.679;FGBL SI 20250306 PS;SIMPLE_INSTRUMENT;EFS;EUR;52;136.19000000;182;EXCHANGE_LAST;;1;1;XEUR;11286679;688;
09.12.2024;10:20:39.620;FGBL SI 20250306 PS;SIMPLE_INSTRUMENT;EFS;EUR;53;136.20000000;201;EXCHANGE_LAST;;1;1;XEUR;11286679;688;
09.12.2024;10:22:14.587;FGBL SI 20250306 PS;SIMPLE_INSTRUMENT;EFP_FIN;EUR;54;136.13000000;447;EXCHANGE_LAST;;1;1;XEUR;11286679;688;
09.12.2024;10:22:25.557;FGBL SI 20250306 PS;SIMPLE_INSTRUMENT;EFS;EUR;55;136.19000000;300;EXCHANGE_LAST;;1;1;XEUR;11286679;688;
09.12.2024;10:23:10.768;FGBL SI 20250306 PS;SIMPLE_INSTRUMENT;EFS;EUR;56;136.19000000;400;EXCHANGE_LAST;;1;1;XEUR;11286679;688;
09.12.2024;10:24:45.430;FGBL SI 20250306 PS;SIMPLE_INSTRUMENT;EFS;EUR;57;136.21000000;401;EXCHANGE_LAST;;1;1;XEUR;11286679;688;
09.12.2024;10:25:28.274;FGBL SI 20250306 PS;SIMPLE_INSTRUMENT;EFS;EUR;58;136.20000000;401;EXCHANGE_LAST;;1;1;XEUR;11286679;688;
09.12.2024;10:25:36.959;FGBL SI 20250306 PS;SIMPLE_INSTRUMENT;EFP_FIN;EUR;59;136.21000000;223;EXCHANGE_LAST;;1;1;XEUR;11286679;688;
09.12.2024;10:26:55.198;FGBL SI 20250306 PS;SIMPLE_INSTRUMENT;EFS;EUR;60;136.15000000;401;EXCHANGE_LAST;;1;1;XEUR;11286679;688;
09.12.2024;10:28:11.229;FGBL SI 20250306 PS;SIMPLE_INSTRUMENT;EFS;EUR;61;136.15000000;120;EXCHANGE_LAST;;1;1;XEUR;11286679;688;
09.12.2024;10:29:04.593;FGBL SI 20250306 PS;SIMPLE_INSTRUMENT;EFP_FIN;EUR;62;136.16000000;172;EXCHANGE_LAST;;1;1;XEUR;11286679;688;
09.12.2024;10:29:22.458;FGBL SI 20250306 PS;SIMPLE_INSTRUMENT;EFS;EUR;63;136.16000000;401;EXCHANGE_LAST;;1;1;XEUR;11286679;688;
09.12.2024;10:29:41.001;FGBL SI 20250306 PS;SIMPLE_INSTRUMENT;EFS;EUR;64;136.16000000;402;EXCHANGE_LAST;;1;1;XEUR;11286679;688;
09.12.2024;10:31:40.519;FGBL SI 20250306 PS;SIMPLE_INSTRUMENT;EFS;EUR;65;136.15000000;801;EXCHANGE_LAST;;1;1;XEUR;11286679;688;
09.12.2024;10:32:51.124;FGBL SI 20250306 PS;SIMPLE_INSTRUMENT;EFS;EUR;66;136.16000000;456;EXCHANGE_LAST;;1;1;XEUR;11286679;688;
09.12.2024;10:47:07.799;FGBL SI 20250306 PS;SIMPLE_INSTRUMENT;EFS;EUR;67;136.15000000;402;EXCHANGE_LAST;;1;1;XEUR;11286679;688;
09.12.2024;10:58:47.699;FGBL SI 20250306 PS;SIMPLE_INSTRUMENT;EFP_FIN;EUR;68;136.17000000;209;EXCHANGE_LAST;;1;1;XEUR;11286679;688;
09.12.2024;11:03:58.915;FGBL SI 20250306 PS;SIMPLE_INSTRUMENT;EFS;EUR;69;136.07000000;224;EXCHANGE_LAST;;1;1;XEUR;11286679;688;
09.12.2024;11:04:39.353;FGBL SI 20250306 PS;SIMPLE_INSTRUMENT;EFS;EUR;70;136.06000000;401;EXCHANGE_LAST;;1;1;XEUR;11286679;688;
09.12.2024;11:05:56.863;FGBL SI 20250306 PS;SIMPLE_INSTRUMENT;EFS;EUR;71;136.07000000;401;EXCHANGE_LAST;;1;1;XEUR;11286679;688;
09.12.2024;11:08:08.033;FGBL SI 20250306 PS;SIMPLE_INSTRUMENT;EFS;EUR;72;136.08000000;401;EXCHANGE_LAST;;1;1;XEUR;11286679;688;
09.12.2024;11:12:19.631;FGBL SI 20250306 PS;SIMPLE_INSTRUMENT;EFS;EUR;73;136.09000000;606;EXCHANGE_LAST;;1;1;XEUR;11286679;688;
09.12.2024;11:27:17.935;FGBL SI 20250306 PS;SIMPLE_INSTRUMENT;EFS;EUR;74;136.11000000;456;EXCHANGE_LAST;;1;1;XEUR;11286679;688;
09.12.2024;11:31:41.550;FGBL SI 20250306 PS;SIMPLE_INSTRUMENT;EFS;EUR;75;136.15000000;431;EXCHANGE_LAST;;1;1;XEUR;11286679;688;
09.12.2024;11:45:47.789;FGBL SI 20250306 PS;SIMPLE_INSTRUMENT;EFS;EUR;76;136.22000000;663;EXCHANGE_LAST;;1;1;XEUR;11286679;688;
09.12.2024;11:50:33.440;FGBL SI 20250306 PS;SIMPLE_INSTRUMENT;EFS;EUR;77;136.23000000;402;EXCHANGE_LAST;;1;1;XEUR;11286679;688;
09.12.2024;12:06:52.053;FGBL SI 20250306 PS;SIMPLE_INSTRUMENT;EFS;EUR;78;136.23000000;466;EXCHANGE_LAST;;1;1;XEUR;11286679;688;
09.12.2024;12:15:21.908;FGBL SI 20250306 PS;SIMPLE_INSTRUMENT;EFS;EUR;79;136.26000000;400;EXCHANGE_LAST;;1;1;XEUR;11286679;688;
09.12.2024;12:19:15.025;FGBL SI 20250306 PS;SIMPLE_INSTRUMENT;EFS;EUR;80;136.25000000;350;EXCHANGE_LAST;;1;1;XEUR;11286679;688;
09.12.2024;12:23:38.305;FGBL SI 20250306 PS;SIMPLE_INSTRUMENT;EFS;EUR;81;136.28000000;400;EXCHANGE_LAST;;1;1;XEUR;11286679;688;
09.12.2024;12:31:01.562;FGBL SI 20250306 PS;SIMPLE_INSTRUMENT;EFS;EUR;82;136.27000000;400;EXCHANGE_LAST;;1;1;XEUR;11286679;688;
09.12.2024;12:37:34.634;FGBL SI 20250306 PS;SIMPLE_INSTRUMENT;EFS;EUR;83;136.25000000;400;EXCHANGE_LAST;;1;1;XEUR;11286679;688;
09.12.2024;12:38:25.235;FGBL SI 20250306 PS;SIMPLE_INSTRUMENT;EFS;EUR;84;136.29000000;432;EXCHANGE_LAST;;1;1;XEUR;11286679;688;
09.12.2024;12:45:36.613;FGBL SI 20250306 PS;SIMPLE_INSTRUMENT;EFS;EUR;85;136.24000000;456;EXCHANGE_LAST;;1;1;XEUR;11286679;688;
09.12.2024;12:47:53.543;FGBL SI 20250306 PS;SIMPLE_INSTRUMENT;EFS;EUR;86;136.26000000;228;EXCHANGE_LAST;;1;1;XEUR;11286679;688;
09.12.2024;12:49:35.868;FGBL SI 20250306 PS;SIMPLE_INSTRUMENT;EFS;EUR;87;136.22000000;401;EXCHANGE_LAST;;1;1;XEUR;11286679;688;
09.12.2024;12:50:59.143;FGBL SI 20250306 PS;SIMPLE_INSTRUMENT;EFS;EUR;89;136.20000000;401;EXCHANGE_LAST;;1;1;XEUR;11286679;688;
09.12.2024;12:59:39.898;FGBL SI 20250306 PS;SIMPLE_INSTRUMENT;EFP_FIN;EUR;90;136.23000000;156;EXCHANGE_LAST;;1;1;XEUR;11286679;688;
09.12.2024;13:08:10.958;FGBL SI 20250306 PS;SIMPLE_INSTRUMENT;EFS;EUR;91;136.19000000;401;EXCHANGE_LAST;;1;1;XEUR;11286679;688;
09.12.2024;13:15:21.123;FGBL SI 20250306 PS;SIMPLE_INSTRUMENT;EFS;EUR;92;136.15000000;402;EXCHANGE_LAST;;1;1;XEUR;11286679;688;
09.12.2024;13:17:42.042;FGBL SI 20250306 PS;SIMPLE_INSTRUMENT;EFS;EUR;93;136.21000000;228;EXCHANGE_LAST;;1;1;XEUR;11286679;688;
09.12.2024;13:17:46.226;FGBL SI 20250306 PS;SIMPLE_INSTRUMENT;EFS;EUR;94;136.15000000;201;EXCHANGE_LAST;;1;1;XEUR;11286679;688;
09.12.2024;13:25:42.097;FGBL SI 20250306 PS;SIMPLE_INSTRUMENT;EFS;EUR;95;136.24000000;401;EXCHANGE_LAST;;1;1;XEUR;11286679;688;
09.12.2024;13:39:14.082;FGBL SI 20250306 PS;SIMPLE_INSTRUMENT;EFS;EUR;96;136.23000000;1476;EXCHANGE_LAST;;1;1;XEUR;11286679;688;
09.12.2024;13:44:59.308;FGBL SI 20250306 PS;SIMPLE_INSTRUMENT;EFS;EUR;97;136.34000000;402;EXCHANGE_LAST;;1;1;XEUR;11286679;688;
09.12.2024;13:47:19.665;FGBL SI 20250306 PS;SIMPLE_INSTRUMENT;EFS;EUR;98;136.33000000;400;EXCHANGE_LAST;;1;1;XEUR;11286679;688;
09.12.2024;13:49:33.870;FGBL SI 20250306 PS;SIMPLE_INSTRUMENT;EFS;EUR;99;136.35000000;400;EXCHANGE_LAST;;1;1;XEUR;11286679;688;
09.12.2024;13:50:45.550;FGBL SI 20250306 PS;SIMPLE_INSTRUMENT;EFS;EUR;100;136.30000000;402;EXCHANGE_LAST;;1;1;XEUR;11286679;688;
09.12.2024;14:05:45.911;FGBL SI 20250306 PS;SIMPLE_INSTRUMENT;EFS;EUR;101;136.29000000;280;EXCHANGE_LAST;;1;1;XEUR;11286679;688;
09.12.2024;14:05:47.046;FGBL SI 20250306 PS;SIMPLE_INSTRUMENT;EFP_FIN;EUR;102;136.15000000;270;EXCHANGE_LAST;;1;1;XEUR;11286679;688;
09.12.2024;14:14:21.826;FGBL SI 20250306 PS;SIMPLE_INSTRUMENT;EFS;EUR;103;136.27000000;431;EXCHANGE_LAST;;1;1;XEUR;11286679;688;
09.12.2024;14:18:04.977;FGBL SI 20250306 PS;SIMPLE_INSTRUMENT;EFS;EUR;104;136.26000000;424;EXCHANGE_LAST;;1;1;XEUR;11286679;688;
09.12.2024;14:22:10.425;FGBL SI 20250306 PS;SIMPLE_INSTRUMENT;EFS;EUR;105;136.30000000;201;EXCHANGE_LAST;;1;1;XEUR;11286679;688;
09.12.2024;14:22:37.904;FGBL SI 20250306 PS;SIMPLE_INSTRUMENT;EFS;EUR;106;136.33000000;402;EXCHANGE_LAST;;1;1;XEUR;11286679;688;
09.12.2024;14:25:08.752;FGBL SI 20250306 PS;SIMPLE_INSTRUMENT;EFS;EUR;107;136.26000000;432;EXCHANGE_LAST;;1;1;XEUR;11286679;688;
09.12.2024;14:26:59.284;FGBL SI 20250306 PS;SIMPLE_INSTRUMENT;EFS;EUR;108;136.32000000;400;EXCHANGE_LAST;;1;1;XEUR;11286679;688;
09.12.2024;14:30:53.454;FGBL SI 20250306 PS;SIMPLE_INSTRUMENT;EFS;EUR;109;136.32000000;211;EXCHANGE_LAST;;1;1;XEUR;11286679;688;
09.12.2024;14:33:52.498;FGBL SI 20250306 PS;SIMPLE_INSTRUMENT;EFS;EUR;110;136.32000000;215;EXCHANGE_LAST;;1;1;XEUR;11286679;688;
09.12.2024;14:43:30.528;FGBL SI 20250306 PS;SIMPLE_INSTRUMENT;EFS;EUR;111;136.28000000;228;EXCHANGE_LAST;;1;1;XEUR;11286679;688;
09.12.2024;14:55:52.290;FGBL SI 20250306 PS;SIMPLE_INSTRUMENT;EFP_FIN;EUR;112;136.23000000;137;EXCHANGE_LAST;;1;1;XEUR;11286679;688;
09.12.2024;14:50:40.997;FGBL SI 20250306 PS;SIMPLE_INSTRUMENT;EFS;EUR;113;136.28000000;228;EXCHANGE_LAST;;1;1;XEUR;11286679;688;
09.12.2024;14:53:18.832;FGBL SI 20250306 PS;SIMPLE_INSTRUMENT;EFS;EUR;114;136.28000000;400;EXCHANGE_LAST;;1;1;XEUR;11286679;688;
09.12.2024;14:53:40.737;FGBL SI 20250306 PS;SIMPLE_INSTRUMENT;EFS;EUR;115;136.28000000;400;EXCHANGE_LAST;;1;1;XEUR;11286679;688;
09.12.2024;14:54:08.133;FGBL SI 20250306 PS;SIMPLE_INSTRUMENT;EFS;EUR;116;136.21000000;456;EXCHANGE_LAST;;1;1;XEUR;11286679;688;
09.12.2024;14:54:12.520;FGBL SI 20250306 PS;SIMPLE_INSTRUMENT;EFS;EUR;117;136.22000000;401;EXCHANGE_LAST;;1;1;XEUR;11286679;688;
09.12.2024;15:09:02.173;FGBL SI 20250306 PS;SIMPLE_INSTRUMENT;EFP_FIN;EUR;118;136.21000000;198;EXCHANGE_LAST;;1;1;XEUR;11286679;688;
09.12.2024;15:06:15.245;FGBL SI 20250306 PS;SIMPLE_INSTRUMENT;EFS;EUR;119;136.23000000;460;EXCHANGE_LAST;;1;1;XEUR;11286679;688;
09.12.2024;15:13:33.730;FGBL SI 20250306 PS;SIMPLE_INSTRUMENT;EFS;EUR;120;136.04000000;200;EXCHANGE_LAST;;1;1;XEUR;11286679;688;
09.12.2024;15:15:50.416;FGBL SI 20250306 PS;SIMPLE_INSTRUMENT;EFP_FIN;EUR;121;136.24000000;421;EXCHANGE_LAST;;1;1;XEUR;11286679;688;
09.12.2024;15:19:42.438;FGBL SI 20250306 PS;SIMPLE_INSTRUMENT;EFS;EUR;122;136.07000000;402;EXCHANGE_LAST;;1;1;XEUR;11286679;688;
09.12.2024;15:26:07.761;FGBL SI 20250306 PS;SIMPLE_INSTRUMENT;EFP_FIN;EUR;125;136.24000000;421;EXCHANGE_LAST;;1;1;XEUR;11286679;688;
09.12.2024;15:30:09.765;FGBL SI 20250306 PS;SIMPLE_INSTRUMENT;EFP_FIN;EUR;126;136.06000000;276;EXCHANGE_LAST;;1;1;XEUR;11286679;688;
09.12.2024;15:30:20.698;FGBL SI 20250306 PS;SIMPLE_INSTRUMENT;EFS;EUR;127;136.07000000;802;EXCHANGE_LAST;;1;1;XEUR;11286679;688;
09.12.2024;15:32:33.434;FGBL SI 20250306 PS;SIMPLE_INSTRUMENT;EFS;EUR;128;136.07000000;401;EXCHANGE_LAST;;1;1;XEUR;11286679;688;
09.12.2024;15:39:15.727;FGBL SI 20250306 PS;SIMPLE_INSTRUMENT;EFS;EUR;129;136.01000000;401;EXCHANGE_LAST;;1;1;XEUR;11286679;688;
09.12.2024;15:39:36.556;FGBL SI 20250306 PS;SIMPLE_INSTRUMENT;EFS;EUR;130;136.01000000;401;EXCHANGE_LAST;;1;1;XEUR;11286679;688;
09.12.2024;15:39:46.389;FGBL SI 20250306 PS;SIMPLE_INSTRUMENT;EFS;EUR;131;136.06000000;121;EXCHANGE_LAST;;1;1;XEUR;11286679;688;
09.12.2024;15:40:53.450;FGBL SI 20250306 PS;SIMPLE_INSTRUMENT;EFS;EUR;132;136.01000000;401;EXCHANGE_LAST;;1;1;XEUR;11286679;688;
09.12.2024;15:41:34.758;FGBL SI 20250306 PS;SIMPLE_INSTRUMENT;EFS;EUR;133;136.01000000;401;EXCHANGE_LAST;;1;1;XEUR;11286679;688;
09.12.2024;15:42:15.546;FGBL SI 20250306 PS;SIMPLE_INSTRUMENT;EFS;EUR;134;136.01000000;802;EXCHANGE_LAST;;1;1;XEUR;11286679;688;
09.12.2024;15:43:33.763;FGBL SI 20250306 PS;SIMPLE_INSTRUMENT;EFS;EUR;135;136.07000000;401;EXCHANGE_LAST;;1;1;XEUR;11286679;688;
09.12.2024;15:44:44.562;FGBL SI 20250306 PS;SIMPLE_INSTRUMENT;EFS;EUR;136;136.03000000;456;EXCHANGE_LAST;;1;1;XEUR;11286679;688;
09.12.2024;15:46:00.636;FGBL SI 20250306 PS;SIMPLE_INSTRUMENT;EFS;EUR;137;136.12000000;402;EXCHANGE_LAST;;1;1;XEUR;11286679;688;
09.12.2024;15:48:39.510;FGBL SI 20250306 PS;SIMPLE_INSTRUMENT;EFS;EUR;138;136.06000000;228;EXCHANGE_LAST;;1;1;XEUR;11286679;688;
09.12.2024;15:50:36.082;FGBL SI 20250306 PS;SIMPLE_INSTRUMENT;EFS;EUR;139;136.13000000;456;EXCHANGE_LAST;;1;1;XEUR;11286679;688;
09.12.2024;15:50:54.528;FGBL SI 20250306 PS;SIMPLE_INSTRUMENT;EFS;EUR;140;136.10000000;200;EXCHANGE_LAST;;1;1;XEUR;11286679;688;
09.12.2024;15:52:19.660;FGBL SI 20250306 PS;SIMPLE_INSTRUMENT;EFS;EUR;141;136.08000000;281;EXCHANGE_LAST;;1;1;XEUR;11286679;688;
09.12.2024;16:02:12.637;FGBL SI 20250306 PS;SIMPLE_INSTRUMENT;EFS;EUR;142;136.10000000;401;EXCHANGE_LAST;;1;1;XEUR;11286679;688;
09.12.2024;16:02:40.109;FGBL SI 20250306 PS;SIMPLE_INSTRUMENT;EFS;EUR;143;136.10000000;401;EXCHANGE_LAST;;1;1;XEUR;11286679;688;
09.12.2024;16:07:04.853;FGBL SI 20250306 PS;SIMPLE_INSTRUMENT;EFS;EUR;144;136.07000000;401;EXCHANGE_LAST;;1;1;XEUR;11286679;688;
09.12.2024;16:22:40.335;FGBL SI 20250306 PS;SIMPLE_INSTRUMENT;EFP_FIN;EUR;145;136.07000000;794;EXCHANGE_LAST;;1;1;XEUR;11286679;688;
09.12.2024;16:23:07.333;FGBL SI 20250306 PS;SIMPLE_INSTRUMENT;EFP_FIN;EUR;146;136.03000000;392;EXCHANGE_LAST;;1;1;XEUR;11286679;688;
09.12.2024;16:25:02.336;FGBL SI 20250306 PS;SIMPLE_INSTRUMENT;EFS;EUR;147;136.04000000;401;EXCHANGE_LAST;;1;1;XEUR;11286679;688;
09.12.2024;16:56:13.547;FGBL SI 20250306 PS;SIMPLE_INSTRUMENT;EFS;EUR;148;136.04000000;241;EXCHANGE_LAST;;1;1;XEUR;11286679;688;
09.12.2024;16:59:27.912;FGBL SI 20250306 PS;SIMPLE_INSTRUMENT;EFS;EUR;149;136.03000000;137;EXCHANGE_LAST;;1;1;XEUR;11286679;688;
09.12.2024;07:51:34.643;FGBL SI 20250306 PS;SIMPLE_INSTRUMENT;VOLA;EUR;268435467;136.27000000;3;EXCHANGE_LAST;;1;1;XEUR;11286679;688;
09.12.2024;11:55:20.073;FGBL SI 20250306 PS;SIMPLE_INSTRUMENT;VOLA;EUR;268435473;136.20000000;80;EXCHANGE_LAST;;1;1;XEUR;11286679;688;
09.12.2024;12:17:00.205;FGBL SI 20250306 PS;SIMPLE_INSTRUMENT;VOLA;EUR;268435475;136.21000000;210;EXCHANGE_LAST;;1;1;XEUR;11286679;688;
09.12.2024;12:25:53.992;FGBL SI 20250306 PS;SIMPLE_INSTRUMENT;VOLA;EUR;268435479;136.15000000;231;EXCHANGE_LAST;;1;1;XEUR;11286679;688;
09.12.2024;12:27:22.523;FGBL SI 20250306 PS;SIMPLE_INSTRUMENT;VOLA;EUR;268435480;136.15000000;231;EXCHANGE_LAST;;1;1;XEUR;11286679;688;
09.12.2024;14:16:44.549;FGBL SI 20250306 PS;SIMPLE_INSTRUMENT;VOLA;EUR;268435514;136.25000000;15;EXCHANGE_LAST;;1;1;XEUR;11286679;688;
09.12.2024;14:18:29.563;FGBL SI 20250306 PS;SIMPLE_INSTRUMENT;VOLA;EUR;268435515;136.25000000;45;EXCHANGE_LAST;;1;1;XEUR;11286679;688;
09.12.2024;15:19:53.996;FGBL SI 20250306 PS;SIMPLE_INSTRUMENT;VOLA;EUR;268435521;136.17000000;40;EXCHANGE_LAST;;1;1;XEUR;11286679;688;
09.12.2024;08:05:29.324;FGBM SI 20250306 PS;SIMPLE_INSTRUMENT;EFS;EUR;1;118.92000000;486;EXCHANGE_LAST;;1;1;XEUR;11286680;689;
09.12.2024;08:35:54.834;FGBM SI 20250306 PS;SIMPLE_INSTRUMENT;EFS;EUR;2;118.85000000;439;EXCHANGE_LAST;;1;1;XEUR;11286680;689;
09.12.2024;09:14:52.208;FGBM SI 20250306 PS;SIMPLE_INSTRUMENT;EFS;EUR;3;118.81000000;834;EXCHANGE_LAST;;1;1;XEUR;11286680;689;
09.12.2024;09:16:39.917;FGBM SI 20250306 PS;SIMPLE_INSTRUMENT;EFS;EUR;4;118.81000000;2085;EXCHANGE_LAST;;1;1;XEUR;11286680;689;
09.12.2024;09:23:02.871;FGBM SI 20250306 PS;SIMPLE_INSTRUMENT;EFS;EUR;5;118.81000000;370;EXCHANGE_LAST;;1;1;XEUR;11286680;689;
09.12.2024;09:26:53.337;FGBM SI 20250306 PS;SIMPLE_INSTRUMENT;EFP_FIN;EUR;6;118.81000000;146;EXCHANGE_LAST;;1;1;XEUR;11286680;689;
09.12.2024;09:35:39.444;FGBM SI 20250306 PS;SIMPLE_INSTRUMENT;EFS;EUR;7;118.81000000;553;EXCHANGE_LAST;;1;1;XEUR;11286680;689;
09.12.2024;09:41:58.512;FGBM SI 20250306 PS;SIMPLE_INSTRUMENT;EFP_FIN;EUR;8;118.81000000;77;EXCHANGE_LAST;;1;1;XEUR;11286680;689;
09.12.2024;09:42:43.831;FGBM SI 20250306 PS;SIMPLE_INSTRUMENT;EFP_FIN;EUR;9;118.81000000;226;EXCHANGE_LAST;;1;1;XEUR;11286680;689;
09.12.2024;09:45:56.657;FGBM SI 20250306 PS;SIMPLE_INSTRUMENT;EFS;EUR;10;118.84000000;521;EXCHANGE_LAST;;1;1;XEUR;11286680;689;
09.12.2024;09:47:06.328;FGBM SI 20250306 PS;SIMPLE_INSTRUMENT;EFS;EUR;11;118.84000000;521;EXCHANGE_LAST;;1;1;XEUR;11286680;689;
09.12.2024;09:53:39.269;FGBM SI 20250306 PS;SIMPLE_INSTRUMENT;EFS;EUR;12;118.83000000;302;EXCHANGE_LAST;;1;1;XEUR;11286680;689;
09.12.2024;10:03:53.844;FGBM SI 20250306 PS;SIMPLE_INSTRUMENT;EFS;EUR;13;118.88000000;875;EXCHANGE_LAST;;1;1;XEUR;11286680;689;
09.12.2024;10:30:39.961;FGBM SI 20250306 PS;SIMPLE_INSTRUMENT;EFS;EUR;14;118.84000000;1668;EXCHANGE_LAST;;1;1;XEUR;11286680;689;
09.12.2024;10:34:44.229;FGBM SI 20250306 PS;SIMPLE_INSTRUMENT;EFP_FIN;EUR;15;118.86000000;467;EXCHANGE_LAST;;1;1;XEUR;11286680;689;
09.12.2024;10:35:50.231;FGBM SI 20250306 PS;SIMPLE_INSTRUMENT;EFS;EUR;16;118.87000000;1948;EXCHANGE_LAST;;1;1;XEUR;11286680;689;
09.12.2024;10:54:42.870;FGBM SI 20250306 PS;SIMPLE_INSTRUMENT;EFP_FIN;EUR;17;118.84000000;453;EXCHANGE_LAST;;1;1;XEUR;11286680;689;
09.12.2024;10:37:40.735;FGBM SI 20250306 PS;SIMPLE_INSTRUMENT;EFP_FIN;EUR;18;118.86000000;167;EXCHANGE_LAST;;1;1;XEUR;11286680;689;
09.12.2024;10:38:05.057;FGBM SI 20250306 PS;SIMPLE_INSTRUMENT;EFP_FIN;EUR;19;118.86000000;200;EXCHANGE_LAST;;1;1;XEUR;11286680;689;
09.12.2024;10:43:33.131;FGBM SI 20250306 PS;SIMPLE_INSTRUMENT;EFP_FIN;EUR;20;118.85000000;341;EXCHANGE_LAST;;1;1;XEUR;11286680;689;
09.12.2024;10:56:41.704;FGBM SI 20250306 PS;SIMPLE_INSTRUMENT;EFS;EUR;21;118.84000000;875;EXCHANGE_LAST;;1;1;XEUR;11286680;689;
09.12.2024;10:57:28.212;FGBM SI 20250306 PS;SIMPLE_INSTRUMENT;EFS;EUR;22;118.81000000;879;EXCHANGE_LAST;;1;1;XEUR;11286680;689;
09.12.2024;11:11:44.800;FGBM SI 20250306 PS;SIMPLE_INSTRUMENT;EFS;EUR;23;118.83000000;879;EXCHANGE_LAST;;1;1;XEUR;11286680;689;
09.12.2024;11:26:17.932;FGBM SI 20250306 PS;SIMPLE_INSTRUMENT;EFS;EUR;24;118.83000000;974;EXCHANGE_LAST;;1;1;XEUR;11286680;689;
09.12.2024;11:32:33.394;FGBM SI 20250306 PS;SIMPLE_INSTRUMENT;EFS;EUR;25;118.85000000;184;EXCHANGE_LAST;;1;1;XEUR;11286680;689;
09.12.2024;11:37:16.064;FGBM SI 20250306 PS;SIMPLE_INSTRUMENT;EFS;EUR;26;118.86000000;219;EXCHANGE_LAST;;1;1;XEUR;11286680;689;
09.12.2024;11:44:24.611;FGBM SI 20250306 PS;SIMPLE_INSTRUMENT;EFS;EUR;27;118.88000000;1415;EXCHANGE_LAST;;1;1;XEUR;11286680;689;
09.12.2024;12:05:06.070;FGBM SI 20250306 PS;SIMPLE_INSTRUMENT;EFP_FIN;EUR;28;118.89000000;592;EXCHANGE_LAST;;1;1;XEUR;11286680;689;
09.12.2024;12:10:54.100;FGBM SI 20250306 PS;SIMPLE_INSTRUMENT;EFP_FIN;EUR;29;118.88000000;630;EXCHANGE_LAST;;1;1;XEUR;11286680;689;
09.12.2024;12:12:18.211;FGBM SI 20250306 PS;SIMPLE_INSTRUMENT;EFP_FIN;EUR;30;118.89000000;450;EXCHANGE_LAST;;1;1;XEUR;11286680;689;
09.12.2024;12:14:05.131;FGBM SI 20250306 PS;SIMPLE_INSTRUMENT;EFS;EUR;31;118.91000000;834;EXCHANGE_LAST;;1;1;XEUR;11286680;689;
09.12.2024;12:30:23.211;FGBM SI 20250306 PS;SIMPLE_INSTRUMENT;EFS;EUR;32;118.93000000;875;EXCHANGE_LAST;;1;1;XEUR;11286680;689;
09.12.2024;12:32:18.998;FGBM SI 20250306 PS;SIMPLE_INSTRUMENT;EFS;EUR;33;118.93000000;875;EXCHANGE_LAST;;1;1;XEUR;11286680;689;
09.12.2024;13:04:43.561;FGBM SI 20250306 PS;SIMPLE_INSTRUMENT;EFP_FIN;EUR;34;118.89000000;295;EXCHANGE_LAST;;1;1;XEUR;11286680;689;
09.12.2024;13:08:00.040;FGBM SI 20250306 PS;SIMPLE_INSTRUMENT;EFS;EUR;35;118.90000000;390;EXCHANGE_LAST;;1;1;XEUR;11286680;689;
09.12.2024;13:15:34.457;FGBM SI 20250306 PS;SIMPLE_INSTRUMENT;EFP_FIN;EUR;36;118.89000000;93;EXCHANGE_LAST;;1;1;XEUR;11286680;689;
09.12.2024;13:27:00.625;FGBM SI 20250306 PS;SIMPLE_INSTRUMENT;EFP_FIN;EUR;37;118.90000000;678;EXCHANGE_LAST;;1;1;XEUR;11286680;689;
09.12.2024;13:37:19.327;FGBM SI 20250306 PS;SIMPLE_INSTRUMENT;EFS;EUR;38;118.96000000;1144;EXCHANGE_LAST;;1;1;XEUR;11286680;689;
09.12.2024;14:17:18.517;FGBM SI 20250306 PS;SIMPLE_INSTRUMENT;EFS;EUR;39;118.93000000;875;EXCHANGE_LAST;;1;1;XEUR;11286680;689;
09.12.2024;14:24:22.451;FGBM SI 20250306 PS;SIMPLE_INSTRUMENT;EFS;EUR;40;118.95000000;875;EXCHANGE_LAST;;1;1;XEUR;11286680;689;
09.12.2024;14:29:10.389;FGBM SI 20250306 PS;SIMPLE_INSTRUMENT;EFS;EUR;41;118.95000000;437;EXCHANGE_LAST;;1;1;XEUR;11286680;689;
09.12.2024;15:02:23.505;FGBM SI 20250306 PS;SIMPLE_INSTRUMENT;EFP_FIN;EUR;42;118.91000000;356;EXCHANGE_LAST;;1;1;XEUR;11286680;689;
09.12.2024;15:03:05.692;FGBM SI 20250306 PS;SIMPLE_INSTRUMENT;EFP_FIN;EUR;43;118.91000000;147;EXCHANGE_LAST;;1;1;XEUR;11286680;689;
09.12.2024;15:03:07.323;FGBM SI 20250306 PS;SIMPLE_INSTRUMENT;EFP_FIN;EUR;44;118.91000000;86;EXCHANGE_LAST;;1;1;XEUR;11286680;689;
09.12.2024;15:03:56.968;FGBM SI 20250306 PS;SIMPLE_INSTRUMENT;EFS;EUR;45;118.94000000;920;EXCHANGE_LAST;;1;1;XEUR;11286680;689;
09.12.2024;15:17:29.532;FGBM SI 20250306 PS;SIMPLE_INSTRUMENT;EFS;EUR;46;118.83000000;464;EXCHANGE_LAST;;1;1;XEUR;11286680;689;
09.12.2024;15:19:40.818;FGBM SI 20250306 PS;SIMPLE_INSTRUMENT;EFS;EUR;47;118.85000000;1842;EXCHANGE_LAST;;1;1;XEUR;11286680;689;
09.12.2024;15:23:08.206;FGBM SI 20250306 PS;SIMPLE_INSTRUMENT;EFP_FIN;EUR;48;118.85000000;863;EXCHANGE_LAST;;1;1;XEUR;11286680;689;
09.12.2024;15:39:46.344;FGBM SI 20250306 PS;SIMPLE_INSTRUMENT;EFS;EUR;49;118.86000000;251;EXCHANGE_LAST;;1;1;XEUR;11286680;689;
09.12.2024;15:44:00.819;FGBM SI 20250306 PS;SIMPLE_INSTRUMENT;EFP_FIN;EUR;50;118.83000000;1148;EXCHANGE_LAST;;1;1;XEUR;11286680;689;
09.12.2024;15:47:31.530;FGBM SI 20250306 PS;SIMPLE_INSTRUMENT;EFS;EUR;51;118.86000000;487;EXCHANGE_LAST;;1;1;XEUR;11286680;689;
09.12.2024;16:14:54.440;FGBM SI 20250306 PS;SIMPLE_INSTRUMENT;EFS;EUR;52;118.84000000;460;EXCHANGE_LAST;;1;1;XEUR;11286680;689;
09.12.2024;16:43:25.238;FGBM SI 20250306 PS;SIMPLE_INSTRUMENT;EFS;EUR;53;118.89000000;1053;EXCHANGE_LAST;;1;1;XEUR;11286680;689;
09.12.2024;16:44:26.119;FGBM SI 20250306 PS;SIMPLE_INSTRUMENT;EFS;EUR;54;118.85000000;879;EXCHANGE_LAST;;1;1;XEUR;11286680;689;
09.12.2024;16:49:52.338;FGBM SI 20250306 PS;SIMPLE_INSTRUMENT;EFS;EUR;55;118.84000000;439;EXCHANGE_LAST;;1;1;XEUR;11286680;689;
09.12.2024;08:50:40.301;FGBS SI 20250306 PS;SIMPLE_INSTRUMENT;EFS;EUR;1;107.19000000;321;EXCHANGE_LAST;;1;1;XEUR;11286681;690;
09.12.2024;09:03:12.890;FGBS SI 20250306 PS;SIMPLE_INSTRUMENT;EFS;EUR;2;107.18000000;2724;EXCHANGE_LAST;;1;1;XEUR;11286681;690;
09.12.2024;09:07:38.781;FGBS SI 20250306 PS;SIMPLE_INSTRUMENT;EFS;EUR;3;107.18000000;6110;EXCHANGE_LAST;;1;1;XEUR;11286681;690;
09.12.2024;09:19:56.618;FGBS SI 20250306 PS;SIMPLE_INSTRUMENT;EFS;EUR;4;107.18500000;2724;EXCHANGE_LAST;;1;1;XEUR;11286681;690;
09.12.2024;09:23:02.891;FGBS SI 20250306 PS;SIMPLE_INSTRUMENT;EFS;EUR;5;107.18500000;1035;EXCHANGE_LAST;;1;1;XEUR;11286681;690;
09.12.2024;09:32:34.214;FGBS SI 20250306 PS;SIMPLE_INSTRUMENT;EFS;EUR;6;107.18000000;359;EXCHANGE_LAST;;1;1;XEUR;11286681;690;
09.12.2024;09:35:52.158;FGBS SI 20250306 PS;SIMPLE_INSTRUMENT;EFS;EUR;7;107.18500000;2724;EXCHANGE_LAST;;1;1;XEUR;11286681;690;
09.12.2024;10:10:39.595;FGBS SI 20250306 PS;SIMPLE_INSTRUMENT;EFS;EUR;8;107.20500000;2724;EXCHANGE_LAST;;1;1;XEUR;11286681;690;
09.12.2024;10:14:16.549;FGBS SI 20250306 PS;SIMPLE_INSTRUMENT;EFP_FIN;EUR;9;107.19000000;1291;EXCHANGE_LAST;;1;1;XEUR;11286681;690;
09.12.2024;10:44:38.131;FGBS SI 20250306 PS;SIMPLE_INSTRUMENT;EFP_FIN;EUR;10;107.19000000;110;EXCHANGE_LAST;;1;1;XEUR;11286681;690;
09.12.2024;11:43:01.330;FGBS SI 20250306 PS;SIMPLE_INSTRUMENT;EFP_FIN;EUR;11;107.19500000;210;EXCHANGE_LAST;;1;1;XEUR;11286681;690;
09.12.2024;11:57:50.095;FGBS SI 20250306 PS;SIMPLE_INSTRUMENT;EFS;EUR;12;107.21000000;2574;EXCHANGE_LAST;;1;1;XEUR;11286681;690;
09.12.2024;12:31:23.595;FGBS SI 20250306 PS;SIMPLE_INSTRUMENT;EFP_FIN;EUR;13;107.21000000;701;EXCHANGE_LAST;;1;1;XEUR;11286681;690;
09.12.2024;12:37:31.565;FGBS SI 20250306 PS;SIMPLE_INSTRUMENT;EFS;EUR;14;107.24000000;2578;EXCHANGE_LAST;;1;1;XEUR;11286681;690;
09.12.2024;13:06:29.321;FGBS SI 20250306 PS;SIMPLE_INSTRUMENT;EFS;EUR;15;107.24000000;2319;EXCHANGE_LAST;;1;1;XEUR;11286681;690;
09.12.2024;13:29:53.291;FGBS SI 20250306 PS;SIMPLE_INSTRUMENT;EFS;EUR;16;107.24500000;1100;EXCHANGE_LAST;;1;1;XEUR;11286681;690;
09.12.2024;13:34:36.672;FGBS SI 20250306 PS;SIMPLE_INSTRUMENT;EFS;EUR;17;107.24500000;2577;EXCHANGE_LAST;;1;1;XEUR;11286681;690;
09.12.2024;13:36:37.709;FGBS SI 20250306 PS;SIMPLE_INSTRUMENT;EFP_FIN;EUR;18;107.24000000;468;EXCHANGE_LAST;;1;1;XEUR;11286681;690;
09.12.2024;13:40:06.757;FGBS SI 20250306 PS;SIMPLE_INSTRUMENT;EFP_FIN;EUR;19;107.25500000;1174;EXCHANGE_LAST;;1;1;XEUR;11286681;690;
09.12.2024;14:15:45.443;FGBS SI 20250306 PS;SIMPLE_INSTRUMENT;EFS;EUR;20;107.24500000;1464;EXCHANGE_LAST;;1;1;XEUR;11286681;690;
09.12.2024;14:23:28.853;FGBS SI 20250306 PS;SIMPLE_INSTRUMENT;EFP_FIN;EUR;21;107.23000000;864;EXCHANGE_LAST;;1;1;XEUR;11286681;690;
09.12.2024;14:25:46.385;FGBS SI 20250306 PS;SIMPLE_INSTRUMENT;EFS;EUR;22;107.23000000;2578;EXCHANGE_LAST;;1;1;XEUR;11286681;690;
09.12.2024;14:44:36.144;FGBS SI 20250306 PS;SIMPLE_INSTRUMENT;EFS;EUR;23;107.22500000;807;EXCHANGE_LAST;;1;1;XEUR;11286681;690;
09.12.2024;15:02:51.445;FGBS SI 20250306 PS;SIMPLE_INSTRUMENT;EFS;EUR;24;107.23500000;1801;EXCHANGE_LAST;;1;1;XEUR;11286681;690;
09.12.2024;15:17:58.062;FGBS SI 20250306 PS;SIMPLE_INSTRUMENT;EFS;EUR;25;107.21500000;1361;EXCHANGE_LAST;;1;1;XEUR;11286681;690;
09.12.2024;15:26:52.717;FGBS SI 20250306 PS;SIMPLE_INSTRUMENT;EFS;EUR;26;107.22000000;1288;EXCHANGE_LAST;;1;1;XEUR;11286681;690;
09.12.2024;16:56:40.434;FGBS SI 20250306 PS;SIMPLE_INSTRUMENT;EFS;EUR;27;107.22000000;4077;EXCHANGE_LAST;;1;1;XEUR;11286681;690;
09.12.2024;08:29:56.043;FGBX SI 20250306 PS;SIMPLE_INSTRUMENT;EFS;EUR;1;140.26000000;21;EXCHANGE_LAST;;1;1;XEUR;11286682;691;
09.12.2024;09:54:58.470;FGBX SI 20250306 PS;SIMPLE_INSTRUMENT;EFS;EUR;2;140.16000000;53;EXCHANGE_LAST;;1;1;XEUR;11286682;691;
09.12.2024;10:35:50.231;FGBX SI 20250306 PS;SIMPLE_INSTRUMENT;EFS;EUR;3;140.12000000;342;EXCHANGE_LAST;;1;1;XEUR;11286682;691;
09.12.2024;10:50:08.718;FGBX SI 20250306 PS;SIMPLE_INSTRUMENT;EFP_FIN;EUR;5;140.04000000;81;EXCHANGE_LAST;;1;1;XEUR;11286682;691;
09.12.2024;11:05:13.279;FGBX SI 20250306 PS;SIMPLE_INSTRUMENT;EFS;EUR;6;140.44000000;170;EXCHANGE_LAST;;1;1;XEUR;11286682;691;
09.12.2024;11:15:14.166;FGBX SI 20250306 PS;SIMPLE_INSTRUMENT;EFS;EUR;7;139.90000000;29;EXCHANGE_LAST;;1;1;XEUR;11286682;691;
09.12.2024;11:37:20.849;FGBX SI 20250306 PS;SIMPLE_INSTRUMENT;EFP_FIN;EUR;10;139.98000000;343;EXCHANGE_LAST;;1;1;XEUR;11286682;691;
09.12.2024;11:46:26.071;FGBX SI 20250306 PS;SIMPLE_INSTRUMENT;BLOCK;EUR;11;140.04000000;131;EXCHANGE_LAST;;1;1;XEUR;11286682;691;
09.12.2024;11:54:12.408;FGBX SI 20250306 PS;SIMPLE_INSTRUMENT;EFP_FIN;EUR;12;140.12000000;86;EXCHANGE_LAST;;1;1;XEUR;11286682;691;
09.12.2024;12:47:02.146;FGBX SI 20250306 PS;SIMPLE_INSTRUMENT;EFS;EUR;14;139.98000000;171;EXCHANGE_LAST;;1;1;XEUR;11286682;691;
09.12.2024;12:47:53.543;FGBX SI 20250306 PS;SIMPLE_INSTRUMENT;EFS;EUR;15;140.02000000;85;EXCHANGE_LAST;;1;1;XEUR;11286682;691;
09.12.2024;14:44:30.532;FGBX SI 20250306 PS;SIMPLE_INSTRUMENT;EFS;EUR;19;139.96000000;86;EXCHANGE_LAST;;1;1;XEUR;11286682;691;
09.12.2024;14:45:17.552;FGBX SI 20250306 PS;SIMPLE_INSTRUMENT;EFS;EUR;20;140.06000000;42;EXCHANGE_LAST;;1;1;XEUR;11286682;691;
09.12.2024;14:51:33.707;FGBX SI 20250306 PS;SIMPLE_INSTRUMENT;EFS;EUR;21;139.98000000;85;EXCHANGE_LAST;;1;1;XEUR;11286682;691;
09.12.2024;14:55:19.457;FGBX SI 20250306 PS;SIMPLE_INSTRUMENT;EFS;EUR;22;139.74000000;171;EXCHANGE_LAST;;1;1;XEUR;11286682;691;
09.12.2024;15:07:23.517;FGBX SI 20250306 PS;SIMPLE_INSTRUMENT;EFS;EUR;24;139.78000000;173;EXCHANGE_LAST;;1;1;XEUR;11286682;691;
09.12.2024;15:07:44.543;FGBX SI 20250306 PS;SIMPLE_INSTRUMENT;EFP_FIN;EUR;25;139.90000000;513;EXCHANGE_LAST;;1;1;XEUR;11286682;691;
09.12.2024;15:13:06.746;FGBX SI 20250306 PS;SIMPLE_INSTRUMENT;BLOCK;EUR;27;139.82000000;161;EXCHANGE_LAST;;1;1;XEUR;11286682;691;
09.12.2024;15:22:04.087;FGBX SI 20250306 PS;SIMPLE_INSTRUMENT;EFP_FIN;EUR;28;139.28000000;149;EXCHANGE_LAST;;1;1;XEUR;11286682;691;
09.12.2024;15:24:40.038;FGBX SI 20250306 PS;SIMPLE_INSTRUMENT;BLOCK;EUR;29;139.82000000;161;EXCHANGE_LAST;;1;1;XEUR;11286682;691;
09.12.2024;15:52:26.152;FGBX SI 20250306 PS;SIMPLE_INSTRUMENT;EFS;EUR;30;139.58000000;172;EXCHANGE_LAST;;1;1;XEUR;11286682;691;
09.12.2024;16:17:27.034;FGBX SI 20250306 PS;SIMPLE_INSTRUMENT;EFP_FIN;EUR;31;139.36000000;186;EXCHANGE_LAST;;1;1;XEUR;11286682;691;
09.12.2024;07:33:34.750;FGBX SI 20250306 PS;SIMPLE_INSTRUMENT;VOLA;EUR;268435463;140.90000000;244;EXCHANGE_LAST;;1;1;XEUR;11286682;691;
09.12.2024;08:32:19.467;FMCH SI 20241220 CS;SIMPLE_INSTRUMENT;BLOCK;USD;21;531.30000000;190;EXCHANGE_LAST;;1;1;XEUR;7196792;402909;
09.12.2024;08:34:57.097;FMCH SI 20241220 CS;SIMPLE_INSTRUMENT;BLOCK;USD;22;531.10000000;190;EXCHANGE_LAST;;1;1;XEUR;7196792;402909;
09.12.2024;14:32:53.466;FMED SI 20241220 CS;SIMPLE_INSTRUMENT;BLOCK;USD;51;9600.00000000;2083;EXCHANGE_LAST;;1;1;XEUR;7193401;48144;
09.12.2024;14:32:54.557;FMED SI 20250321 CS;SIMPLE_INSTRUMENT;BLOCK;USD;52;9726.72000000;2056;EXCHANGE_LAST;;1;1;XEUR;7590729;48144;
09.12.2024;12:00:20.839;FMEF SI 20241220 CS;SIMPLE_INSTRUMENT;BLOCK;USD;35;1125.00000000;440;EXCHANGE_LAST;;1;1;XEUR;7192304;30657;
09.12.2024;08:03:27.411;FMEN SI 20241220 CS;SIMPLE_INSTRUMENT;BLOCK;EUR;18;523.95000000;32;EXCHANGE_LAST;;1;1;XEUR;7192297;30652;
09.12.2024;08:12:21.922;FMEV SI 20241220 CS;SIMPLE_INSTRUMENT;BLOCK;EUR;19;326.27000000;358;EXCHANGE_LAST;;1;1;XEUR;7192220;18605;
09.12.2024;07:59:20.511;FMGC SI 20241220 CS;SIMPLE_INSTRUMENT;BLOCK;USD;17;13248.37000000;20;EXCHANGE_LAST;;1;1;XEUR;7193447;48916;
09.12.2024;08:14:23.799;FMGC SI 20241220 CS;SIMPLE_INSTRUMENT;BLOCK;USD;20;13248.62000000;1232;EXCHANGE_LAST;;1;1;XEUR;7193447;48916;
09.12.2024;14:48:22.952;FMGO SI 20241220 CS;SIMPLE_INSTRUMENT;BLOCK;USD;54;5313.00000000;46;EXCHANGE_LAST;;1;1;XEUR;8609363;583623;
09.12.2024;07:57:21.019;FMGQ SI 20241220 CS;SIMPLE_INSTRUMENT;EFP_IDX;USD;15;5184.77000000;5;EXCHANGE_LAST;;1;1;XEUR;8609380;583625;
09.12.2024;02:33:11.979;FMHK SI 20241220 CS;SIMPLE_INSTRUMENT;BLOCK;USD;4;57592.84300000;17;EXCHANGE_LAST;;1;1;XEUR;7192592;45282;
09.12.2024;00:57:36.638;FMIN SI 20241220 CS;SIMPLE_INSTRUMENT;BLOCK;USD;1;1321.28100000;38;EXCHANGE_LAST;;1;1;XEUR;7191968;12404;
09.12.2024;02:04:44.217;FMIN SI 20241220 CS;SIMPLE_INSTRUMENT;EFP_IDX;USD;2;1321.01800000;76;EXCHANGE_LAST;;1;1;XEUR;7191968;12404;
09.12.2024;03:08:52.132;FMIN SI 20241220 CS;SIMPLE_INSTRUMENT;EFP_IDX;USD;5;1321.28100000;377;EXCHANGE_LAST;;1;1;XEUR;7191968;12404;
09.12.2024;03:28:34.283;FMIN SI 20241220 CS;SIMPLE_INSTRUMENT;BLOCK;USD;6;1321.28100000;76;EXCHANGE_LAST;;1;1;XEUR;7191968;12404;
09.12.2024;09:20:30.179;FMIN SI 20241220 CS;SIMPLE_INSTRUMENT;BLOCK;USD;24;1321.28100000;89;EXCHANGE_LAST;;1;1;XEUR;7191968;12404;
09.12.2024;09:22:34.759;FMIN SI 20241220 CS;SIMPLE_INSTRUMENT;BLOCK;USD;25;1321.28100000;60;EXCHANGE_LAST;;1;1;XEUR;7191968;12404;
09.12.2024;09:21:15.170;FMIN SI 20241220 CS;SIMPLE_INSTRUMENT;BLOCK;USD;26;1318.40000000;61;EXCHANGE_LAST;;1;1;XEUR;7191968;12404;
09.12.2024;09:28:23.815;FMJP SI 20241220 CS;SIMPLE_INSTRUMENT;BLOCK;USD;27;8886.00000000;607;EXCHANGE_LAST;;1;1;XEUR;7190889;661;
09.12.2024;09:28:45.701;FMJP SI 20250321 CS;SIMPLE_INSTRUMENT;BLOCK;USD;28;9000.62900000;600;EXCHANGE_LAST;;1;1;XEUR;7588794;661;
09.12.2024;09:05:50.928;FMMU SI 20241220 CS;SIMPLE_INSTRUMENT;EFP_IDX;EUR;23;301.50000000;9;EXCHANGE_LAST;;1;1;XEUR;7193396;48138;
09.12.2024;14:30:46.546;FMNB SI 20260618 PS AM P 20.00 0;SIMPLE_INSTRUMENT;BLOCK;EUR;12;1.41000000;250;EXCHANGE_LAST;;1;1;XEUR;11338042;658;
09.12.2024;05:13:45.556;FMPA SI 20241220 CS;SIMPLE_INSTRUMENT;BLOCK;USD;9;8725.00000000;43;EXCHANGE_LAST;;1;1;XEUR;7193399;48143;
09.12.2024;05:13:35.743;FMPA SI 20250321 CS;SIMPLE_INSTRUMENT;BLOCK;USD;10;8838.42500000;42;EXCHANGE_LAST;;1;1;XEUR;7590728;48143;
09.12.2024;14:34:50.499;FMPX.S.DEC24.MAR25.SPD;FUTURES_SPREAD;BLOCK;USD;53;-107.00000000;3;EXCHANGE_LAST;;1;1;XEUR;72252117401731432;45291;
09.12.2024;14:34:50.499;FMPX SI 20241220 CS;SIMPLE_INSTRUMENT;BLOCK;USD;53;8399.50000000;3;PRC_DECOMP_EXCHANGE;;;;XEUR;7192613;45291;EXCHANGE
09.12.2024;14:34:50.499;FMPX SI 20250321 CS;SIMPLE_INSTRUMENT;BLOCK;USD;53;8506.50000000;3;PRC_DECOMP_EXCHANGE;;;;XEUR;7590531;45291;EXCHANGE
09.12.2024;09:31:21.221;FMSI SI 20241220 CS;SIMPLE_INSTRUMENT;BLOCK;USD;3;17380.00000000;468;EXCHANGE_LAST;;3;2;XEUR;7193558;51883;
09.12.2024;09:31:32.398;FMSI SI 20250321 CS;SIMPLE_INSTRUMENT;BLOCK;USD;4;17605.94000000;462;EXCHANGE_LAST;;2;3;XEUR;7590881;51883;
09.12.2024;02:16:56.629;FMTH SI 20241220 CS;SIMPLE_INSTRUMENT;BLOCK;USD;3;1225.65800000;815;EXCHANGE_LAST;;1;1;XEUR;7192052;12681;
09.12.2024;09:05:55.140;FMTW SI 20241220 CS;SIMPLE_INSTRUMENT;BLOCK;USD;1;841.00000000;420;EXCHANGE_LAST;;1;2;XEUR;7193559;51884;
09.12.2024;09:06:14.267;FMTW SI 20250321 CS;SIMPLE_INSTRUMENT;BLOCK;USD;2;852.01700000;414;EXCHANGE_LAST;;2;1;XEUR;7590882;51884;
09.12.2024;07:29:41.301;FMUQ SI 20241220 CS;SIMPLE_INSTRUMENT;BLOCK;USD;12;6216.01000000;13;EXCHANGE_LAST;;1;1;XEUR;7193400;48146;
09.12.2024;11:11:33.972;FMWN SI 20241220 CS;SIMPLE_INSTRUMENT;BLOCK;EUR;32;590.80000000;4000;EXCHANGE_LAST;;1;1;XEUR;7192300;30654;
09.12.2024;11:12:40.906;FMWN SI 20250321 CS;SIMPLE_INSTRUMENT;BLOCK;EUR;34;596.23000000;3964;EXCHANGE_LAST;;1;1;XEUR;7590222;30654;
09.12.2024;07:19:34.788;FMWO SI 20241220 CS;SIMPLE_INSTRUMENT;EFP_IDX;USD;11;12214.35000000;120;EXCHANGE_LAST;;1;1;XEUR;7191849;7059;
09.12.2024;07:41:45.536;FMWO SI 20241220 CS;SIMPLE_INSTRUMENT;EFP_IDX;USD;13;12215.75000000;219;EXCHANGE_LAST;;1;1;XEUR;7191849;7059;
09.12.2024;07:45:51.189;FMWO SI 20241220 CS;SIMPLE_INSTRUMENT;BLOCK;USD;14;12215.50000000;1517;EXCHANGE_LAST;;1;1;XEUR;7191849;7059;
09.12.2024;07:59:05.851;FMWO SI 20241220 CS;SIMPLE_INSTRUMENT;EFP_IDX;USD;16;12216.75000000;28;EXCHANGE_LAST;;1;1;XEUR;7191849;7059;
09.12.2024;10:08:18.962;FMXG SI 20241220 CS;SIMPLE_INSTRUMENT;BLOCK;EUR;31;363.28000000;2617;EXCHANGE_LAST;;1;1;XEUR;7194562;124306;
09.12.2024;12:05:39.618;FMZA SI 20241220 CS;SIMPLE_INSTRUMENT;BLOCK;USD;36;618.50000000;1052;EXCHANGE_LAST;;1;1;XEUR;7192043;12680;
09.12.2024;12:06:19.143;FMZA SI 20250321 CS;SIMPLE_INSTRUMENT;BLOCK;USD;37;625.61300000;1040;EXCHANGE_LAST;;1;1;XEUR;7589899;12680;
09.12.2024;12:56:20.221;FMZA SI 20241220 CS;SIMPLE_INSTRUMENT;BLOCK;USD;40;615.00000000;163;EXCHANGE_LAST;;1;1;XEUR;7192043;12680;
09.12.2024;12:56:38.300;FMZA SI 20250321 CS;SIMPLE_INSTRUMENT;BLOCK;USD;41;622.07200000;161;EXCHANGE_LAST;;1;1;XEUR;7589899;12680;
09.12.2024;12:57:13.081;FMZA SI 20241220 CS;SIMPLE_INSTRUMENT;BLOCK;USD;42;617.10000000;325;EXCHANGE_LAST;;1;1;XEUR;7192043;12680;
09.12.2024;12:57:14.452;FMZA SI 20250321 CS;SIMPLE_INSTRUMENT;BLOCK;USD;43;624.19700000;321;EXCHANGE_LAST;;1;1;XEUR;7589899;12680;
09.12.2024;13:48:23.789;FMZA SI 20241220 CS;SIMPLE_INSTRUMENT;BLOCK;USD;44;620.00000000;170;EXCHANGE_LAST;;1;1;XEUR;7192043;12680;
09.12.2024;13:48:45.466;FMZA SI 20250321 CS;SIMPLE_INSTRUMENT;BLOCK;USD;45;627.13000000;168;EXCHANGE_LAST;;1;1;XEUR;7589899;12680;
09.12.2024;14:03:23.449;FMZA SI 20241220 CS;SIMPLE_INSTRUMENT;BLOCK;USD;46;619.00000000;81;EXCHANGE_LAST;;1;1;XEUR;7192043;12680;
09.12.2024;14:03:54.009;FMZA SI 20250321 CS;SIMPLE_INSTRUMENT;BLOCK;USD;47;626.11900000;80;EXCHANGE_LAST;;1;1;XEUR;7589899;12680;
09.12.2024;14:25:05.324;FMZA SI 20241220 CS;SIMPLE_INSTRUMENT;BLOCK;USD;48;619.40000000;245;EXCHANGE_LAST;;1;1;XEUR;7192043;12680;
09.12.2024;14:25:10.002;FMZA SI 20250321 CS;SIMPLE_INSTRUMENT;BLOCK;USD;49;626.52300000;242;EXCHANGE_LAST;;1;1;XEUR;7589899;12680;
09.12.2024;09:50:28.980;FO4I SI 20241220 CS;SIMPLE_INSTRUMENT;BLOCK;EUR;9;47.81400000;5000;EXCHANGE_LAST;;1;1;XEUR;7051046;57111;
09.12.2024;10:23:43.673;FO4I SI 20241220 CS;SIMPLE_INSTRUMENT;BLOCK;EUR;10;47.79460000;8000;EXCHANGE_LAST;;1;1;XEUR;7051046;57111;
09.12.2024;12:24:41.395;FO4I SI 20241220 CS;SIMPLE_INSTRUMENT;BLOCK;EUR;31;47.81400000;7500;EXCHANGE_LAST;;1;1;XEUR;7051046;57111;
09.12.2024;09:55:10.593;FOAT SI 20250306 PS;SIMPLE_INSTRUMENT;BLOCK;EUR;1;126.34000000;1500;EXCHANGE_LAST;;1;1;XEUR;11286683;749;
09.12.2024;10:24:16.395;FOAT SI 20250306 PS;SIMPLE_INSTRUMENT;EFP_FIN;EUR;2;126.42000000;1667;EXCHANGE_LAST;;1;1;XEUR;11286683;749;
09.12.2024;10:36:39.629;FOAT SI 20250306 PS;SIMPLE_INSTRUMENT;EFP_FIN;EUR;3;126.35000000;417;EXCHANGE_LAST;;1;1;XEUR;11286683;749;
09.12.2024;10:43:57.129;FOAT SI 20250306 PS;SIMPLE_INSTRUMENT;EFP_FIN;EUR;4;126.37000000;290;EXCHANGE_LAST;;1;1;XEUR;11286683;749;
09.12.2024;10:58:23.661;FOAT SI 20250306 PS;SIMPLE_INSTRUMENT;EFP_FIN;EUR;5;126.32000000;2085;EXCHANGE_LAST;;1;1;XEUR;11286683;749;
09.12.2024;11:30:44.722;FOAT SI 20250306 PS;SIMPLE_INSTRUMENT;EFP_FIN;EUR;6;126.44000000;622;EXCHANGE_LAST;;1;1;XEUR;11286683;749;
09.12.2024;12:05:00.483;FOAT SI 20250306 PS;SIMPLE_INSTRUMENT;EFP_FIN;EUR;7;126.47000000;292;EXCHANGE_LAST;;1;1;XEUR;11286683;749;
09.12.2024;12:14:06.195;FOAT SI 20250306 PS;SIMPLE_INSTRUMENT;EFP_FIN;EUR;8;126.38000000;585;EXCHANGE_LAST;;1;1;XEUR;11286683;749;
09.12.2024;12:38:37.970;FOAT SI 20250306 PS;SIMPLE_INSTRUMENT;EFP_FIN;EUR;9;126.47000000;125;EXCHANGE_LAST;;1;1;XEUR;11286683;749;
09.12.2024;12:47:17.437;FOAT SI 20250306 PS;SIMPLE_INSTRUMENT;EFP_FIN;EUR;10;126.51000000;112;EXCHANGE_LAST;;1;1;XEUR;11286683;749;
09.12.2024;12:52:49.479;FOAT SI 20250306 PS;SIMPLE_INSTRUMENT;EFP_FIN;EUR;11;126.38000000;542;EXCHANGE_LAST;;1;1;XEUR;11286683;749;
09.12.2024;13:56:31.797;FOAT SI 20250306 PS;SIMPLE_INSTRUMENT;BLOCK;EUR;12;126.58000000;528;EXCHANGE_LAST;;1;1;XEUR;11286683;749;
09.12.2024;14:07:55.600;FOAT SI 20250306 PS;SIMPLE_INSTRUMENT;EFP_FIN;EUR;13;126.53000000;178;EXCHANGE_LAST;;1;1;XEUR;11286683;749;
09.12.2024;14:24:30.468;FOAT SI 20250306 PS;SIMPLE_INSTRUMENT;EFP_FIN;EUR;14;126.51000000;301;EXCHANGE_LAST;;1;1;XEUR;11286683;749;
09.12.2024;14:26:52.814;FOAT SI 20250306 PS;SIMPLE_INSTRUMENT;EFP_FIN;EUR;15;126.53000000;770;EXCHANGE_LAST;;1;1;XEUR;11286683;749;
09.12.2024;14:28:35.123;FOAT SI 20250306 PS;SIMPLE_INSTRUMENT;EFP_FIN;EUR;16;126.30000000;259;EXCHANGE_LAST;;1;1;XEUR;11286683;749;
09.12.2024;14:29:14.933;FOAT SI 20250306 PS;SIMPLE_INSTRUMENT;EFP_FIN;EUR;17;126.30000000;389;EXCHANGE_LAST;;1;1;XEUR;11286683;749;
09.12.2024;14:45:17.546;FOAT SI 20250306 PS;SIMPLE_INSTRUMENT;EFP_FIN;EUR;18;126.50000000;247;EXCHANGE_LAST;;1;1;XEUR;11286683;749;
09.12.2024;15:21:36.981;FOAT SI 20250306 PS;SIMPLE_INSTRUMENT;EFP_FIN;EUR;19;126.50000000;247;EXCHANGE_LAST;;1;1;XEUR;11286683;749;
09.12.2024;15:22:10.419;FOAT SI 20250306 PS;SIMPLE_INSTRUMENT;EFP_FIN;EUR;20;126.50000000;494;EXCHANGE_LAST;;1;1;XEUR;11286683;749;
09.12.2024;15:25:09.774;FOAT SI 20250306 PS;SIMPLE_INSTRUMENT;EFP_FIN;EUR;21;126.53000000;876;EXCHANGE_LAST;;1;1;XEUR;11286683;749;
09.12.2024;16:19:49.593;FOAT SI 20250306 PS;SIMPLE_INSTRUMENT;EFP_FIN;EUR;22;126.32000000;56;EXCHANGE_LAST;;1;1;XEUR;11286683;749;
09.12.2024;16:20:04.595;FOAT SI 20250306 PS;SIMPLE_INSTRUMENT;EFP_FIN;EUR;23;126.32000000;65;EXCHANGE_LAST;;1;1;XEUR;11286683;749;
09.12.2024;16:20:59.598;FOAT SI 20250306 PS;SIMPLE_INSTRUMENT;EFP_FIN;EUR;24;126.32000000;195;EXCHANGE_LAST;;1;1;XEUR;11286683;749;
09.12.2024;15:33:16.926;FOT.O.241209.STG.000001;STANDARD_OPTION_STRATEGY;BLOCK;EUR;16;1.20000000;1000;EXCHANGE_LAST;;1;1;XEUR;72060819558371858;751;
09.12.2024;15:33:16.926;FOT SI 20250619 PS AM P 13.00 0;SIMPLE_INSTRUMENT;BLOCK;EUR;16;0.63000000;1000;PRC_DECOMP_EXCHANGE;;;;XEUR;11338086;751;EXCHANGE
09.12.2024;15:33:16.926;FOT SI 20250619 PS AM C 15.00 0;SIMPLE_INSTRUMENT;BLOCK;EUR;16;0.57000000;1000;PRC_DECOMP_EXCHANGE;;;;XEUR;11338089;751;EXCHANGE
09.12.2024;12:19:34.269;FRA SI 20241220 PS AM P 52.00 0;SIMPLE_INSTRUMENT;BLOCK;EUR;27;0.50000000;1000;EXCHANGE_LAST;;1;1;XEUR;4646030;740;
09.12.2024;16:45:33.943;FSCP SI 20241220 CS;SIMPLE_INSTRUMENT;BLOCK;EUR;37;341.50000000;253;EXCHANGE_LAST;;1;1;XEUR;10840104;764;
09.12.2024;17:06:33.220;FSCP SI 20241220 CS;SIMPLE_INSTRUMENT;BLOCK;EUR;55;341.30000000;112;EXCHANGE_LAST;;1;1;XEUR;10840104;764;
09.12.2024;17:06:56.392;FSCP SI 20241220 CS;SIMPLE_INSTRUMENT;BLOCK;EUR;56;341.60000000;3747;EXCHANGE_LAST;;1;1;XEUR;10840104;764;
09.12.2024;16:47:07.271;FSEG SI 20241220 CS;SIMPLE_INSTRUMENT;EFP_IDX;EUR;39;193.60000000;34;EXCHANGE_LAST;;1;1;XEUR;10871764;109977;
09.12.2024;16:47:48.096;FSEG SI 20241220 CS;SIMPLE_INSTRUMENT;EFP_IDX;EUR;41;193.70000000;33;EXCHANGE_LAST;;1;1;XEUR;10871764;109977;
09.12.2024;16:52:48.383;FSEG SI 20241220 CS;SIMPLE_INSTRUMENT;EFP_IDX;EUR;45;193.70000000;143;EXCHANGE_LAST;;1;1;XEUR;10871764;109977;
09.12.2024;16:52:31.382;FSEG SI 20241220 CS;SIMPLE_INSTRUMENT;EFP_IDX;EUR;47;193.60000000;194;EXCHANGE_LAST;;1;1;XEUR;10871764;109977;
09.12.2024;16:54:57.853;FSEG SI 20241220 CS;SIMPLE_INSTRUMENT;EFP_IDX;EUR;53;193.70000000;24;EXCHANGE_LAST;;1;1;XEUR;10871764;109977;
09.12.2024;16:55:09.569;FSEG SI 20241220 CS;SIMPLE_INSTRUMENT;EFP_IDX;EUR;54;193.60000000;37;EXCHANGE_LAST;;1;1;XEUR;10871764;109977;
09.12.2024;14:08:59.614;FSMI SI 20241220 CS;SIMPLE_INSTRUMENT;EFP_IDX;CHF;1;11800.00000000;375;EXCHANGE_LAST;;1;1;XEUR;7793735;757;
09.12.2024;14:23:25.971;FSMI SI 20241220 CS;SIMPLE_INSTRUMENT;EFP_IDX;CHF;2;11790.00000000;300;EXCHANGE_LAST;;1;1;XEUR;7793735;757;
09.12.2024;14:39:15.847;FSMI SI 20241220 CS;SIMPLE_INSTRUMENT;EFP_IDX;CHF;3;11790.00000000;400;EXCHANGE_LAST;;1;1;XEUR;7793735;757;
09.12.2024;16:45:06.846;FSTA SI 20241220 CS;SIMPLE_INSTRUMENT;EFP_IDX;EUR;1;559.30000000;91;EXCHANGE_LAST;;1;1;XEUR;10839562;715;
09.12.2024;16:45:21.844;FSTA SI 20241220 CS;SIMPLE_INSTRUMENT;EFP_IDX;EUR;2;559.20000000;136;EXCHANGE_LAST;;1;1;XEUR;10839562;715;
09.12.2024;16:47:37.559;FSTA SI 20241220 CS;SIMPLE_INSTRUMENT;EFP_IDX;EUR;3;559.20000000;180;EXCHANGE_LAST;;1;1;XEUR;10839562;715;
09.12.2024;16:47:44.373;FSTA SI 20241220 CS;SIMPLE_INSTRUMENT;EFP_IDX;EUR;4;559.30000000;120;EXCHANGE_LAST;;1;1;XEUR;10839562;715;
09.12.2024;16:49:21.417;FSTA SI 20241220 CS;SIMPLE_INSTRUMENT;EFP_IDX;EUR;7;559.10000000;29;EXCHANGE_LAST;;1;1;XEUR;10839562;715;
09.12.2024;16:51:32.235;FSTA SI 20241220 CS;SIMPLE_INSTRUMENT;EFP_IDX;EUR;14;559.20000000;50;EXCHANGE_LAST;;1;1;XEUR;10839562;715;
09.12.2024;16:50:07.319;FSTC SI 20241220 CS;SIMPLE_INSTRUMENT;EFP_IDX;EUR;8;1232.50000000;49;EXCHANGE_LAST;;1;1;XEUR;10839560;713;
09.12.2024;16:50:18.896;FSTC SI 20241220 CS;SIMPLE_INSTRUMENT;EFP_IDX;EUR;9;1232.60000000;48;EXCHANGE_LAST;;1;1;XEUR;10839560;713;
09.12.2024;16:50:47.099;FSTE SI 20241220 CS;SIMPLE_INSTRUMENT;EFP_IDX;EUR;11;342.20000000;22;EXCHANGE_LAST;;1;1;XEUR;10839564;719;
09.12.2024;16:51:28.994;FSTE SI 20241220 CS;SIMPLE_INSTRUMENT;EFP_IDX;EUR;13;342.40000000;68;EXCHANGE_LAST;;1;1;XEUR;10839564;719;
09.12.2024;16:51:56.046;FSTE SI 20241220 CS;SIMPLE_INSTRUMENT;EFP_IDX;EUR;15;342.30000000;48;EXCHANGE_LAST;;1;1;XEUR;10839564;719;
09.12.2024;16:52:07.621;FSTE SI 20241220 CS;SIMPLE_INSTRUMENT;EFP_IDX;EUR;16;342.40000000;32;EXCHANGE_LAST;;1;1;XEUR;10839564;719;
09.12.2024;17:08:41.614;FSTH SI 20241220 CS;SIMPLE_INSTRUMENT;BLOCK;EUR;26;1147.50000000;330;EXCHANGE_LAST;;1;1;XEUR;10839563;716;
09.12.2024;10:38:44.122;FSTI SI 20241220 CS;SIMPLE_INSTRUMENT;BLOCK;EUR;7;419.50000000;490;EXCHANGE_LAST;;1;1;XEUR;10839555;707;
09.12.2024;16:54:29.977;FSTL SI 20241220 CS;SIMPLE_INSTRUMENT;EFP_IDX;EUR;51;129.80000000;52;EXCHANGE_LAST;;1;1;XEUR;10839554;706;
09.12.2024;16:54:45.539;FSTL SI 20241220 CS;SIMPLE_INSTRUMENT;EFP_IDX;EUR;52;129.70000000;77;EXCHANGE_LAST;;1;1;XEUR;10839554;706;
09.12.2024;16:53:26.194;FSTO SI 20241220 CS;SIMPLE_INSTRUMENT;EFP_IDX;EUR;17;642.50000000;439;EXCHANGE_LAST;;1;1;XEUR;10839558;711;
09.12.2024;16:53:53.123;FSTO SI 20241220 CS;SIMPLE_INSTRUMENT;EFP_IDX;EUR;18;642.60000000;660;EXCHANGE_LAST;;1;1;XEUR;10839558;711;
09.12.2024;17:03:19.853;FSTO SI 20241220 CS;SIMPLE_INSTRUMENT;BLOCK;EUR;22;641.90000000;1781;EXCHANGE_LAST;;1;1;XEUR;10839558;711;
09.12.2024;17:03:48.200;FSTO SI 20241220 CS;SIMPLE_INSTRUMENT;BLOCK;EUR;23;642.70000000;947;EXCHANGE_LAST;;1;1;XEUR;10839558;711;
09.12.2024;16:50:22.641;FSTS SI 20241220 CS;SIMPLE_INSTRUMENT;EFP_IDX;EUR;10;562.00000000;27;EXCHANGE_LAST;;1;1;XEUR;10839557;709;
09.12.2024;16:50:49.462;FSTS SI 20241220 CS;SIMPLE_INSTRUMENT;EFP_IDX;EUR;12;562.50000000;4;EXCHANGE_LAST;;1;1;XEUR;10839557;709;
09.12.2024;10:40:34.851;FSTU SI 20241220 CS;SIMPLE_INSTRUMENT;BLOCK;EUR;8;392.20000000;250;EXCHANGE_LAST;;1;1;XEUR;10839570;730;
09.12.2024;16:41:20.470;FSTU SI 20241220 CS;SIMPLE_INSTRUMENT;EFP_IDX;EUR;34;392.10000000;100;EXCHANGE_LAST;;1;1;XEUR;10839570;730;
09.12.2024;16:44:28.103;FSTX SI 20241220 CS;SIMPLE_INSTRUMENT;BLOCK;EUR;35;4435.00000000;330;EXCHANGE_LAST;;1;1;XEUR;10839568;728;
09.12.2024;16:44:45.747;FSTX SI 20241220 CS;SIMPLE_INSTRUMENT;BLOCK;EUR;36;4436.00000000;670;EXCHANGE_LAST;;1;1;XEUR;10839568;728;
09.12.2024;16:53:04.154;FSTX SI 20241220 CS;SIMPLE_INSTRUMENT;EFP_IDX;EUR;42;4435.00000000;176;EXCHANGE_LAST;;1;1;XEUR;10839568;728;
09.12.2024;16:53:11.890;FSTX SI 20241220 CS;SIMPLE_INSTRUMENT;EFP_IDX;EUR;43;4436.00000000;74;EXCHANGE_LAST;;1;1;XEUR;10839568;728;
09.12.2024;16:52:04.016;FSTX SI 20241220 CS;SIMPLE_INSTRUMENT;BLOCK;EUR;44;4435.00000000;1504;EXCHANGE_LAST;;1;1;XEUR;10839568;728;
09.12.2024;16:52:13.419;FSTX SI 20241220 CS;SIMPLE_INSTRUMENT;BLOCK;EUR;46;4436.00000000;629;EXCHANGE_LAST;;1;1;XEUR;10839568;728;
09.12.2024;16:53:32.760;FSTX SI 20241220 CS;SIMPLE_INSTRUMENT;BLOCK;EUR;49;4435.00000000;1626;EXCHANGE_LAST;;1;1;XEUR;10839568;728;
09.12.2024;16:54:05.098;FSTX SI 20241220 CS;SIMPLE_INSTRUMENT;BLOCK;EUR;50;4436.00000000;680;EXCHANGE_LAST;;1;1;XEUR;10839568;728;
09.12.2024;16:47:44.013;FSTZ SI 20241220 CS;SIMPLE_INSTRUMENT;EFP_IDX;EUR;5;1047.60000000;13;EXCHANGE_LAST;;1;1;XEUR;10839572;734;
09.12.2024;16:48:00.820;FSTZ SI 20241220 CS;SIMPLE_INSTRUMENT;EFP_IDX;EUR;6;1047.70000000;13;EXCHANGE_LAST;;1;1;XEUR;10839572;734;
09.12.2024;16:58:21.335;FSTZ SI 20241220 CS;SIMPLE_INSTRUMENT;BLOCK;EUR;20;1047.50000000;261;EXCHANGE_LAST;;1;1;XEUR;10839572;734;
09.12.2024;16:58:21.355;FSTZ SI 20241220 CS;SIMPLE_INSTRUMENT;BLOCK;EUR;21;1047.80000000;452;EXCHANGE_LAST;;1;1;XEUR;10839572;734;
09.12.2024;17:06:48.464;FSTZ SI 20241220 CS;SIMPLE_INSTRUMENT;EFP_IDX;EUR;24;1047.50000000;15;EXCHANGE_LAST;;1;1;XEUR;10839572;734;
09.12.2024;17:07:05.415;FSTZ SI 20241220 CS;SIMPLE_INSTRUMENT;EFP_IDX;EUR;25;1047.80000000;12;EXCHANGE_LAST;;1;1;XEUR;10839572;734;
09.12.2024;09:22:39.014;FTEG SI 20241220 CS;SIMPLE_INSTRUMENT;BLOCK;EUR;7;9.77080000;3700;EXCHANGE_LAST;;1;1;XEUR;7057046;390378;
09.12.2024;14:11:44.889;FTEG SI 20241220 CS;SIMPLE_INSTRUMENT;BLOCK;EUR;46;9.75110000;25000;EXCHANGE_LAST;;1;1;XEUR;7057046;390378;
09.12.2024;16:45:36.630;FXXP SI 20241220 CS;SIMPLE_INSTRUMENT;BLOCK;EUR;57;521.80000000;986;EXCHANGE_LAST;;1;1;XEUR;7793976;816;
09.12.2024;16:49:21.417;FXXP SI 20241220 CS;SIMPLE_INSTRUMENT;EFP_IDX;EUR;58;521.80000000;30;EXCHANGE_LAST;;1;1;XEUR;7793976;816;
09.12.2024;16:59:17.344;FXXP SI 20241220 CS;SIMPLE_INSTRUMENT;BLOCK;EUR;64;521.80000000;2101;EXCHANGE_LAST;;1;1;XEUR;7793976;816;
09.12.2024;16:59:36.208;FXXP SI 20241220 CS;SIMPLE_INSTRUMENT;BLOCK;EUR;65;522.20000000;1187;EXCHANGE_LAST;;1;1;XEUR;7793976;816;
09.12.2024;13:16:23.946;G3ZF SI 20271217 CS;SIMPLE_INSTRUMENT;BLOCK;EUR;38;0.94000000;500;EXCHANGE_LAST;;1;1;XEUR;8413561;144760;
09.12.2024;15:44:16.720;GEBN SI 20251219 PS AM P 400.00 0;SIMPLE_INSTRUMENT;BLOCK;CHF;48;7.40000000;2000;EXCHANGE_LAST;;1;1;XEUR;10407760;882;
09.12.2024;16:15:50.425;GIVN SI 20250117 PS AM C 4100.0 0;SIMPLE_INSTRUMENT;BLOCK;CHF;52;21.10000000;200;EXCHANGE_LAST;;1;1;XEUR;12076578;892;
09.12.2024;15:10:54.495;GLEG SI 20250321 CS;SIMPLE_INSTRUMENT;BLOCK;GBX;56;398.90000000;1100;EXCHANGE_LAST;;1;1;XEUR;10720456;46992;
09.12.2024;14:16:34.726;GSK SI 20251219 PS AM P 1200 0;SIMPLE_INSTRUMENT;BLOCK;GBX;2;51.50000000;350;EXCHANGE_LAST;;1;1;XEUR;10457030;553011;
09.12.2024;10:28:57.905;HEFG.S.DEC24.MAR25.SPD;FUTURES_SPREAD;BLOCK;EUR;11;-1.15090000;40;EXCHANGE_LAST;;1;1;XEUR;72061188925554862;837;
09.12.2024;10:28:57.905;HEFG SI 20241220 CS;SIMPLE_INSTRUMENT;BLOCK;EUR;11;122.65010000;40;PRC_DECOMP_EXCHANGE;;;;XEUR;7036694;837;EXCHANGE
09.12.2024;10:28:57.905;HEFG SI 20250321 CS;SIMPLE_INSTRUMENT;BLOCK;EUR;11;123.80100000;40;PRC_DECOMP_EXCHANGE;;;;XEUR;10701440;837;EXCHANGE
09.12.2024;15:18:20.483;HOLI SI 20241220 CS;SIMPLE_INSTRUMENT;BLOCK;CHF;57;89.96900000;1500;EXCHANGE_LAST;;1;1;XEUR;7049981;47945;
09.12.2024;14:38:29.768;HSBH.S.DEC24.JAN25.SPD;FUTURES_SPREAD;BLOCK;GBX;49;-3.20000000;2300;EXCHANGE_LAST;;1;1;XEUR;75665409516240901;840010;
09.12.2024;14:38:29.768;HSBH SI 20241220 CS;SIMPLE_INSTRUMENT;BLOCK;GBX;49;744.74550000;2300;PRC_DECOMP_EXCHANGE;;;;XEUR;11420373;840010;EXCHANGE
09.12.2024;14:38:29.768;HSBH SI 20250117 CS;SIMPLE_INSTRUMENT;BLOCK;GBX;49;747.94550000;2300;PRC_DECOMP_EXCHANGE;;;;XEUR;11420369;840010;EXCHANGE
09.12.2024;15:10:52.189;HSBH SI 20250117 CS;SIMPLE_INSTRUMENT;BLOCK;GBX;55;756.60000000;500;EXCHANGE_LAST;;1;1;XEUR;11420369;840010;
09.12.2024;09:24:53.372;I2TK SI 20261218 CS;SIMPLE_INSTRUMENT;BLOCK;EUR;6;1.55000000;65;EXCHANGE_LAST;;1;1;XEUR;6805373;919;
09.12.2024;11:03:16.366;I3ES SI 20261218 CS;SIMPLE_INSTRUMENT;BLOCK;EUR;18;0.31000000;4500;EXCHANGE_LAST;;1;2;XEUR;6805357;913;
09.12.2024;11:20:23.961;I3ES SI 20261218 CS;SIMPLE_INSTRUMENT;BLOCK;EUR;19;0.31000000;500;EXCHANGE_LAST;;1;1;XEUR;6805357;913;
09.12.2024;15:46:04.582;IDAF.S.DEC24.MAR25.SPD;FUTURES_SPREAD;BLOCK;EUR;74;-0.08200000;10000;EXCHANGE_LAST;;1;1;XEUR;72061489573265550;907;
09.12.2024;15:46:04.582;IDAF SI 20241220 CS;SIMPLE_INSTRUMENT;BLOCK;EUR;74;17.26390000;10000;PRC_DECOMP_EXCHANGE;;;;XEUR;7037464;907;EXCHANGE
09.12.2024;15:46:04.582;IDAF SI 20250321 CS;SIMPLE_INSTRUMENT;BLOCK;EUR;74;17.34590000;10000;PRC_DECOMP_EXCHANGE;;;;XEUR;10702408;907;EXCHANGE
09.12.2024;16:28:19.656;IESI.S.DEC24.MAR25.SPD;FUTURES_SPREAD;BLOCK;EUR;86;-0.03100000;30000;EXCHANGE_LAST;;1;1;XEUR;72061463803462909;901;
09.12.2024;16:28:19.656;IESI SI 20250320 CS;SIMPLE_INSTRUMENT;BLOCK;EUR;86;3.87530000;30000;PRC_DECOMP_EXCHANGE;;;;XEUR;10688352;901;EXCHANGE
09.12.2024;16:28:19.656;IESI SI 20241219 CS;SIMPLE_INSTRUMENT;BLOCK;EUR;86;3.84430000;30000;PRC_DECOMP_EXCHANGE;;;;XEUR;7028775;901;EXCHANGE
09.12.2024;16:38:59.302;IESI.S.DEC24.MAR25.SPD;FUTURES_SPREAD;BLOCK;EUR;90;-0.03100000;1000;EXCHANGE_LAST;;1;1;XEUR;72061463803462909;901;
09.12.2024;16:38:59.302;IESI SI 20250320 CS;SIMPLE_INSTRUMENT;BLOCK;EUR;90;3.87530000;1000;PRC_DECOMP_MEMBER;;;;XEUR;10688352;901;MEMBER
09.12.2024;16:38:59.302;IESI SI 20241219 CS;SIMPLE_INSTRUMENT;BLOCK;EUR;90;3.84430000;1000;PRC_DECOMP_MEMBER;;;;XEUR;7028775;901;MEMBER
09.12.2024;08:17:49.273;IFX SI 20241220 PS AM C 33.00 0;SIMPLE_INSTRUMENT;BLOCK;EUR;1;0.79000000;1160;EXCHANGE_LAST;;1;1;XEUR;11689534;902;
09.12.2024;12:24:26.305;IFX SI 20241220 PS AM P 30.00 0;SIMPLE_INSTRUMENT;BLOCK;EUR;4;0.07000000;1000;EXCHANGE_LAST;;1;1;XEUR;10408521;902;
09.12.2024;12:23:27.466;IFX SI 20241220 PS AM P 34.00 0;SIMPLE_INSTRUMENT;BLOCK;EUR;5;1.28000000;1000;EXCHANGE_LAST;;1;1;XEUR;10408581;902;
09.12.2024;14:36:24.799;IFX SI 20241220 PS AM C 33.00 0;SIMPLE_INSTRUMENT;BLOCK;EUR;14;0.93000000;1000;EXCHANGE_LAST;;1;1;XEUR;11689534;902;
09.12.2024;15:13:07.927;IFX SI 20241220 PS AM C 33.00 0;SIMPLE_INSTRUMENT;BLOCK;EUR;16;0.90000000;1006;EXCHANGE_LAST;;1;1;XEUR;11689534;902;
09.12.2024;10:33:58.307;IFXG.S.DEC24.MAR25.SPD;FUTURES_SPREAD;BLOCK;EUR;12;-0.04180000;200;EXCHANGE_LAST;;1;1;XEUR;72061442328626388;896;
09.12.2024;10:33:58.307;IFXG SI 20250321 CS;SIMPLE_INSTRUMENT;BLOCK;EUR;12;32.74130000;200;PRC_DECOMP_EXCHANGE;;;;XEUR;10702129;896;EXCHANGE
09.12.2024;10:33:58.307;IFXG SI 20241220 CS;SIMPLE_INSTRUMENT;BLOCK;EUR;12;32.69950000;200;PRC_DECOMP_EXCHANGE;;;;XEUR;7037266;896;EXCHANGE
09.12.2024;10:19:42.104;ITK SI 20241220 PS AM C 52.00 0;SIMPLE_INSTRUMENT;BLOCK;EUR;1;0.18000000;750;EXCHANGE_LAST;;1;1;XEUR;6497797;999;
09.12.2024;11:19:49.464;LHA.O.241209.STD.000003;STANDARD_OPTION_STRATEGY;BLOCK;EUR;20;0.31000000;2500;EXCHANGE_LAST;;1;1;XEUR;72062430171143539;1126;
09.12.2024;11:19:49.464;LHA SI 20241220 PS AM P 6.80 0;SIMPLE_INSTRUMENT;BLOCK;EUR;20;0.23000000;2500;PRC_DECOMP_EXCHANGE;;;;XEUR;10412320;1126;EXCHANGE
09.12.2024;11:19:49.464;LHA SI 20241220 PS AM C 6.80 0;SIMPLE_INSTRUMENT;BLOCK;EUR;20;0.08000000;2500;PRC_DECOMP_EXCHANGE;;;;XEUR;10412323;1126;EXCHANGE
09.12.2024;11:19:54.848;LHA.O.241209.STD.000003;STANDARD_OPTION_STRATEGY;BLOCK;EUR;21;0.32000000;2500;EXCHANGE_LAST;;1;1;XEUR;72062430171143539;1126;
09.12.2024;11:19:54.848;LHA SI 20241220 PS AM P 6.80 0;SIMPLE_INSTRUMENT;BLOCK;EUR;21;0.23000000;2500;PRC_DECOMP_EXCHANGE;;;;XEUR;10412320;1126;EXCHANGE
