#Date;TrdTime;Contract;ContractType;TrdTyp;Currency;TesId;Prc;Qty;TrdInd;Aggressor;Buy;Sell;Exch;InstrumentId;RelatedProdId;PrcDecomp
27.05.2025;15:13:40.911;A2XA SI 20250919 CS;SIMPLE_INSTRUMENT;BLOCK;EUR;48;2.15000000;1175;EXCHANGE_LAST;;2;2;XEUR;11347325;17;
27.05.2025;10:32:56.275;ABBE.O.250527.COMBO.000002;STANDARD_OPTION_STRATEGY;BLOCK;CHF;19;0.83000000;10000;EXCHANGE_LAST;;1;1;XEUR;74525121468962400;574516;
27.05.2025;10:32:56.275;ABBE SI 20250620 PS EU C 52.00 0;SIMPLE_INSTRUMENT;BLOCK;CHF;19;0.11000000;10000;PRC_DECOMP_EXCHANGE;;;;XEUR;9515987;574516;EXCHANGE
27.05.2025;10:32:56.275;ABBE SI 20250620 PS EU P 47.00 0;SIMPLE_INSTRUMENT;BLOCK;CHF;19;0.94000000;10000;PRC_DECOMP_EXCHANGE;;;;XEUR;12158215;574516;EXCHANGE
27.05.2025;08:00:01.322;ABBN SI 20250620 PS AM C 50.00 0;SIMPLE_INSTRUMENT;BLOCK;CHF;1;0.41000000;1138;EXCHANGE_LAST;;1;1;XEUR;11409838;574517;
27.05.2025;08:00:16.323;ABBN SI 20250620 PS AM C 50.00 0;SIMPLE_INSTRUMENT;BLOCK;CHF;2;0.42000000;1138;EXCHANGE_LAST;;1;1;XEUR;11409838;574517;
27.05.2025;12:12:28.559;ADEN SI 20260619 PS AM P 18.00 0;SIMPLE_INSTRUMENT;BLOCK;CHF;26;1.34000000;1000;EXCHANGE_LAST;;1;1;XEUR;9536155;44;
27.05.2025;13:11:58.505;ADEN SI 20260320 PS AM P 22.00 0;SIMPLE_INSTRUMENT;BLOCK;CHF;30;2.29000000;2000;EXCHANGE_LAST;;1;1;XEUR;12994389;44;
27.05.2025;13:13:52.990;ALC SI 20251219 PS AM C 72.00 0;SIMPLE_INSTRUMENT;BLOCK;CHF;31;5.39000000;1500;EXCHANGE_LAST;;1;1;XEUR;12477630;130134;
27.05.2025;13:13:55.571;ALC SI 20251219 PS AM P 68.00 0;SIMPLE_INSTRUMENT;BLOCK;CHF;32;3.16000000;1500;EXCHANGE_LAST;;1;1;XEUR;5920610;130134;
27.05.2025;14:54:08.979;ALC SI 20251219 PS AM P 68.00 0;SIMPLE_INSTRUMENT;BLOCK;CHF;38;3.25000000;650;EXCHANGE_LAST;;1;2;XEUR;5920610;130134;
27.05.2025;09:26:52.812;ALV SI 20250919 PS AM P 305.00 0;SIMPLE_INSTRUMENT;BLOCK;EUR;1;3.22000000;300;EXCHANGE_LAST;;1;1;XEUR;12607090;74;
27.05.2025;11:50:46.314;ALV SI 20250919 PS AM C 360.00 0;SIMPLE_INSTRUMENT;BLOCK;EUR;2;11.70000000;300;EXCHANGE_LAST;;1;1;XEUR;11871542;74;
27.05.2025;12:41:54.004;ALV SI 20250620 PS AM P 340.00 0;SIMPLE_INSTRUMENT;BLOCK;EUR;4;2.45000000;300;EXCHANGE_LAST;;1;1;XEUR;11349414;74;
27.05.2025;12:51:13.809;ALV SI 20260619 PS AM C 400.00 0;SIMPLE_INSTRUMENT;BLOCK;EUR;5;10.65000000;400;EXCHANGE_LAST;;1;1;XEUR;9769859;74;
27.05.2025;13:53:26.711;ALV.O.250527.BLT.000015;STANDARD_OPTION_STRATEGY;BLOCK;EUR;7;5.70000000;300;EXCHANGE_LAST;;1;1;XEUR;72057911865571839;74;
27.05.2025;13:53:26.711;ALV SI 20261218 PS AM C 400.00 0;SIMPLE_INSTRUMENT;BLOCK;EUR;7;14.32000000;300;PRC_DECOMP_EXCHANGE;;;;XEUR;8939303;74;EXCHANGE
27.05.2025;13:53:26.711;ALV SI 20260320 PS AM C 400.00 0;SIMPLE_INSTRUMENT;BLOCK;EUR;7;8.62000000;300;PRC_DECOMP_EXCHANGE;;;;XEUR;12995523;74;EXCHANGE
27.05.2025;12:33:12.422;ANN SI 20250620 PS AM C 29.00 0;SIMPLE_INSTRUMENT;BLOCK;EUR;8;0.70000000;2175;EXCHANGE_LAST;;1;2;XEUR;11780333;45202;
27.05.2025;12:06:43.307;ASG5 FI 20250725 CS EU P 28.0000 0;FLEXIBLE_INSTRUMENT;BLOCK;EUR;14;0.22500000;35000;EXCHANGE_LAST;;1;1;XEUR;1152921972758286324;109;
27.05.2025;12:10:32.331;ASG5 FI 20250725 CS EU C 28.0000 0;FLEXIBLE_INSTRUMENT;BLOCK;EUR;15;5.31000000;35000;EXCHANGE_LAST;;1;1;XEUR;1152921972758286325;109;
27.05.2025;10:13:44.680;ASGF SI 20250619 CS;SIMPLE_INSTRUMENT;BLOCK;EUR;7;33.11700000;1500;EXCHANGE_LAST;;1;1;XEUR;12186943;949862;
27.05.2025;10:37:21.018;ASGF.S.JUN25.SEP25.SPD;FUTURES_SPREAD;BLOCK;EUR;9;-0.10310000;6500;EXCHANGE_LAST;;1;1;XEUR;76137220263641097;949862;
27.05.2025;10:37:21.018;ASGF SI 20250619 CS;SIMPLE_INSTRUMENT;BLOCK;EUR;9;33.14000000;6500;PRC_DECOMP_MEMBER;;;;XEUR;12186943;949862;MEMBER
27.05.2025;10:37:21.018;ASGF SI 20250918 CS;SIMPLE_INSTRUMENT;BLOCK;EUR;9;33.24310000;6500;PRC_DECOMP_MEMBER;;;;XEUR;12186933;949862;MEMBER
27.05.2025;11:40:43.370;ASGF.S.JUN25.SEP25.SPD;FUTURES_SPREAD;BLOCK;EUR;16;-0.10310000;2500;EXCHANGE_LAST;;1;1;XEUR;76137220263641097;949862;
27.05.2025;11:40:43.370;ASGF SI 20250619 CS;SIMPLE_INSTRUMENT;BLOCK;EUR;16;33.24540000;2500;PRC_DECOMP_EXCHANGE;;;;XEUR;12186943;949862;EXCHANGE
27.05.2025;11:40:43.370;ASGF SI 20250918 CS;SIMPLE_INSTRUMENT;BLOCK;EUR;16;33.34850000;2500;PRC_DECOMP_EXCHANGE;;;;XEUR;12186933;949862;EXCHANGE
27.05.2025;12:37:35.577;AXA SI 20291221 PS AM P 36.00 0;SIMPLE_INSTRUMENT;BLOCK;EUR;25;5.30000000;750;EXCHANGE_LAST;;1;1;XEUR;12432661;127;
27.05.2025;15:13:12.595;AXAG.S.JUN25.SEP25.SPD;FUTURES_SPREAD;BLOCK;EUR;47;-0.21500000;13500;EXCHANGE_LAST;;2;2;XEUR;72058130908840263;125;
27.05.2025;15:13:12.595;AXAG SI 20250919 CS;SIMPLE_INSTRUMENT;BLOCK;EUR;47;41.58510000;13500;PRC_DECOMP_EXCHANGE;;;;XEUR;11699127;125;EXCHANGE
27.05.2025;15:13:12.595;AXAG SI 20250620 CS;SIMPLE_INSTRUMENT;BLOCK;EUR;47;41.37010000;13500;PRC_DECOMP_EXCHANGE;;;;XEUR;11168731;125;EXCHANGE
27.05.2025;15:35:47.252;B2MW SI 20251219 CS;SIMPLE_INSTRUMENT;BLOCK;EUR;58;4.30000000;125;EXCHANGE_LAST;;1;1;XEUR;3681121;128;
27.05.2025;10:01:53.228;BAEN SI 20251219 PS AM C 56.00 0;SIMPLE_INSTRUMENT;BLOCK;CHF;15;4.03000000;2000;EXCHANGE_LAST;;1;1;XEUR;12433491;159;
27.05.2025;10:01:53.422;BAEN SI 20251219 PS AM P 50.00 0;SIMPLE_INSTRUMENT;BLOCK;CHF;16;2.75000000;2000;EXCHANGE_LAST;;1;1;XEUR;12433497;159;
27.05.2025;10:51:12.716;BALN SI 20250815 PS AM C 200.00 0;SIMPLE_INSTRUMENT;BLOCK;CHF;21;3.00000000;300;EXCHANGE_LAST;;1;1;XEUR;13404589;147;
27.05.2025;08:48:23.742;BAS SI 20260619 PS AM P 40.00 0;SIMPLE_INSTRUMENT;BLOCK;EUR;1;3.64000000;1500;EXCHANGE_LAST;;1;1;XEUR;9539321;150;
27.05.2025;10:30:49.253;BAS SI 20250606 PS AM C 44.50 0;SIMPLE_INSTRUMENT;BLOCK;EUR;4;0.24000000;3150;EXCHANGE_LAST;;1;1;XEUR;13313255;150;
27.05.2025;11:52:01.983;BAS SI 20250620 PS AM C 56.00 0;SIMPLE_INSTRUMENT;BLOCK;EUR;5;0.01000000;600;EXCHANGE_LAST;;1;1;XEUR;10779757;150;
27.05.2025;11:52:29.984;BAS SI 20250620 PS AM C 58.00 0;SIMPLE_INSTRUMENT;BLOCK;EUR;6;0.01000000;1000;EXCHANGE_LAST;;1;1;XEUR;10779753;150;
27.05.2025;14:44:35.567;BAS SI 20270618 PS AM P 32.00 0;SIMPLE_INSTRUMENT;BLOCK;EUR;9;2.33000000;750;EXCHANGE_LAST;;1;1;XEUR;11350916;150;
27.05.2025;14:44:40.921;BAS SI 20270618 PS AM P 32.00 0;SIMPLE_INSTRUMENT;BLOCK;EUR;10;2.34000000;750;EXCHANGE_LAST;;1;1;XEUR;11350916;150;
27.05.2025;15:33:26.913;BAS SI 20250620 PS AM P 42.00 0;SIMPLE_INSTRUMENT;BLOCK;EUR;12;0.80000000;2500;EXCHANGE_LAST;;1;1;XEUR;11350808;150;
27.05.2025;10:45:53.509;BASG.S.JUN25.SEP25.SPD;FUTURES_SPREAD;BLOCK;EUR;10;-0.23000000;7000;EXCHANGE_LAST;;1;1;XEUR;72058328477336870;171;
27.05.2025;10:45:53.509;BASG SI 20250919 CS;SIMPLE_INSTRUMENT;BLOCK;EUR;10;42.67770000;7000;PRC_DECOMP_EXCHANGE;;;;XEUR;11699877;171;EXCHANGE
27.05.2025;10:45:53.509;BASG SI 20250620 CS;SIMPLE_INSTRUMENT;BLOCK;EUR;10;42.44770000;7000;PRC_DECOMP_EXCHANGE;;;;XEUR;11169531;171;EXCHANGE
27.05.2025;12:14:42.406;BASG.S.JUN25.SEP25.SPD;FUTURES_SPREAD;BLOCK;EUR;24;-0.23000000;3500;EXCHANGE_LAST;;1;1;XEUR;72058328477336870;171;
27.05.2025;12:14:42.406;BASG SI 20250919 CS;SIMPLE_INSTRUMENT;BLOCK;EUR;24;43.03000000;3500;PRC_DECOMP_MEMBER;;;;XEUR;11699877;171;MEMBER
27.05.2025;12:14:42.406;BASG SI 20250620 CS;SIMPLE_INSTRUMENT;BLOCK;EUR;24;42.80000000;3500;PRC_DECOMP_MEMBER;;;;XEUR;11169531;171;MEMBER
27.05.2025;08:56:17.594;BAY.O.250527.STD.000021;STANDARD_OPTION_STRATEGY;BLOCK;EUR;2;3.35000000;17000;EXCHANGE_LAST;;2;4;XEUR;72058315592511760;168;
27.05.2025;08:56:17.594;BAY SI 20250718 PS AM P 25.00 0;SIMPLE_INSTRUMENT;BLOCK;EUR;2;1.71000000;17000;PRC_DECOMP_EXCHANGE;;;;XEUR;13236401;168;EXCHANGE
27.05.2025;08:56:17.594;BAY SI 20250718 PS AM C 25.00 0;SIMPLE_INSTRUMENT;BLOCK;EUR;2;1.64000000;17000;PRC_DECOMP_EXCHANGE;;;;XEUR;13236403;168;EXCHANGE
27.05.2025;10:13:38.198;BAY.O.250527.IRTSP.000024;STANDARD_OPTION_STRATEGY;BLOCK;EUR;3;-0.90000000;10000;EXCHANGE_LAST;;4;1;XEUR;72058315592511763;168;
27.05.2025;10:13:38.198;BAY SI 20250815 PS AM C 28.00 0;SIMPLE_INSTRUMENT;BLOCK;EUR;3;0.99000000;10000;PRC_DECOMP_EXCHANGE;;;;XEUR;13405001;168;EXCHANGE
27.05.2025;10:13:38.198;BAY SI 20250919 PS AM P 24.00 0;SIMPLE_INSTRUMENT;BLOCK;EUR;3;1.89000000;10000;PRC_DECOMP_EXCHANGE;;;;XEUR;11873099;168;EXCHANGE
27.05.2025;13:23:29.527;BAY.N.250527.000036;NON_STANDARD_OPTION_STRATEGY;BLOCK;EUR;8;0.51000000;6000;EXCHANGE_LAST;;2;1;XEUR;72058315592511775;168;
27.05.2025;13:23:29.527;BAY SI 20250718 PS AM C 24.00 0;SIMPLE_INSTRUMENT;BLOCK;EUR;8;2.16000000;6000;PRC_DECOMP_EXCHANGE;;;;XEUR;13236412;168;EXCHANGE
27.05.2025;13:23:29.527;BAY SI 20250620 PS AM P 26.00 0;SIMPLE_INSTRUMENT;BLOCK;EUR;8;1.65000000;6000;PRC_DECOMP_EXCHANGE;;;;XEUR;10324699;168;EXCHANGE
27.05.2025;10:53:55.073;BEI SI 20250620 PS AM C 122.00 0;SIMPLE_INSTRUMENT;BLOCK;EUR;6;2.10000000;400;EXCHANGE_LAST;;1;1;XEUR;12997414;176;
27.05.2025;09:33:45.790;BMW.O.250527.BER.000003;STANDARD_OPTION_STRATEGY;BLOCK;EUR;7;0.87000000;1000;EXCHANGE_LAST;;2;1;XEUR;72058495981111496;210;
27.05.2025;09:33:45.790;BMW SI 20250718 PS AM P 70.00 0;SIMPLE_INSTRUMENT;BLOCK;EUR;7;1.19000000;1000;PRC_DECOMP_EXCHANGE;;;;XEUR;13237116;210;EXCHANGE
27.05.2025;09:33:45.790;BMW SI 20250718 PS AM P 62.00 0;SIMPLE_INSTRUMENT;BLOCK;EUR;7;0.32000000;1000;PRC_DECOMP_EXCHANGE;;;;XEUR;13237156;210;EXCHANGE
27.05.2025;13:55:55.063;BMW.O.250527.CDIA.000007;STANDARD_OPTION_STRATEGY;BLOCK;EUR;28;0.87000000;2000;EXCHANGE_LAST;;3;1;XEUR;72058495981111500;210;
27.05.2025;13:55:55.063;BMW SI 20250620 PS AM C 80.00 0;SIMPLE_INSTRUMENT;BLOCK;EUR;28;1.03000000;2000;PRC_DECOMP_EXCHANGE;;;;XEUR;11332529;210;EXCHANGE
27.05.2025;13:55:55.063;BMW SI 20250718 PS AM C 81.00 0;SIMPLE_INSTRUMENT;BLOCK;EUR;28;1.90000000;2000;PRC_DECOMP_EXCHANGE;;;;XEUR;13296547;210;EXCHANGE
27.05.2025;13:39:15.672;BMWF.S.JUN25.SEP25.SPD;FUTURES_SPREAD;BLOCK;EUR;37;-0.41000000;5000;EXCHANGE_LAST;;1;1;XEUR;72058620535111977;239;
27.05.2025;13:39:15.672;BMWF SI 20250919 CS;SIMPLE_INSTRUMENT;BLOCK;EUR;37;77.51000000;5000;PRC_DECOMP_MEMBER;;;;XEUR;11701041;239;MEMBER
27.05.2025;13:39:15.672;BMWF SI 20250620 CS;SIMPLE_INSTRUMENT;BLOCK;EUR;37;77.10000000;5000;PRC_DECOMP_MEMBER;;;;XEUR;11170639;239;MEMBER
27.05.2025;15:37:01.590;BNP.O.250527.BUL.000002;STANDARD_OPTION_STRATEGY;BLOCK;EUR;38;0.77000000;2000;EXCHANGE_LAST;;1;1;XEUR;72058611945201514;237;
27.05.2025;15:37:01.590;BNP SI 20251219 PS AM C 92.00 0;SIMPLE_INSTRUMENT;BLOCK;EUR;38;1.30000000;2000;PRC_DECOMP_EXCHANGE;;;;XEUR;12435385;237;EXCHANGE
27.05.2025;15:37:01.590;BNP SI 20251219 PS AM C 88.00 0;SIMPLE_INSTRUMENT;BLOCK;EUR;38;2.07000000;2000;PRC_DECOMP_EXCHANGE;;;;XEUR;7245862;237;EXCHANGE
27.05.2025;15:54:02.491;C4RI SI 20261218 CS;SIMPLE_INSTRUMENT;BLOCK;EUR;61;3.00000000;185;EXCHANGE_LAST;;1;1;XEUR;6821680;50862;
27.05.2025;09:09:27.813;CAR SI 20250620 PS AM P 12.00 0;SIMPLE_INSTRUMENT;BLOCK;EUR;11;0.03000000;1000;EXCHANGE_LAST;;1;1;XEUR;7900485;265;
27.05.2025;10:46:18.069;CBK SI 20281215 PS AM P 18.00 0;SIMPLE_INSTRUMENT;BLOCK;EUR;5;3.60000000;2000;EXCHANGE_LAST;;1;1;XEUR;10399876;268;
27.05.2025;10:25:13.990;CBKH SI 20250620 CS;SIMPLE_INSTRUMENT;BLOCK;EUR;8;26.62050000;12000;EXCHANGE_LAST;;1;1;XEUR;11192082;10390;
27.05.2025;08:35:58.884;CFR SI 20260320 PS AM P 140.00 0;SIMPLE_INSTRUMENT;BLOCK;CHF;5;9.55000000;500;EXCHANGE_LAST;;1;1;XEUR;13000408;313;
27.05.2025;09:13:57.072;CFR SI 20250718 PS AM C 166.00 0;SIMPLE_INSTRUMENT;BLOCK;CHF;10;4.81000000;400;EXCHANGE_LAST;;1;1;XEUR;13309942;313;
27.05.2025;12:47:31.964;CFR SI 20250620 PS AM P 150.00 0;SIMPLE_INSTRUMENT;BLOCK;CHF;27;1.45000000;400;EXCHANGE_LAST;;1;1;XEUR;11354569;313;
27.05.2025;08:38:28.020;DAI SI 20260619 PS AM C 56.00 0;SIMPLE_INSTRUMENT;BLOCK;EUR;2;4.15000000;1000;EXCHANGE_LAST;;1;1;XEUR;10074133;443196;
27.05.2025;13:38:53.598;DAIG.S.JUN25.SEP25.SPD;FUTURES_SPREAD;BLOCK;EUR;36;-0.27900000;10000;EXCHANGE_LAST;;1;1;XEUR;73961136428417132;443203;
27.05.2025;13:38:53.598;DAIG SI 20250620 CS;SIMPLE_INSTRUMENT;BLOCK;EUR;36;51.85000000;10000;PRC_DECOMP_MEMBER;;;;XEUR;11207841;443203;MEMBER
27.05.2025;13:38:53.598;DAIG SI 20250919 CS;SIMPLE_INSTRUMENT;BLOCK;EUR;36;52.12900000;10000;PRC_DECOMP_MEMBER;;;;XEUR;11738579;443203;MEMBER
27.05.2025;13:05:43.854;DBK SI 20251219 PS AM C 28.00 0;SIMPLE_INSTRUMENT;BLOCK;EUR;9;1.45000000;2500;EXCHANGE_LAST;;1;1;XEUR;10401620;362;
27.05.2025;10:57:31.933;DHE SI 20250620 PS AM C 25.50 0;SIMPLE_INSTRUMENT;BLOCK;EUR;6;1.40000000;2000;EXCHANGE_LAST;;1;1;XEUR;13432879;57135;
27.05.2025;08:59:16.880;DPW SI 20260619 PS AM P 36.00 0;SIMPLE_INSTRUMENT;BLOCK;EUR;1;2.96000000;4000;EXCHANGE_LAST;;2;3;XEUR;9545227;445;
27.05.2025;13:22:19.034;DPW SI 20250620 PS AM P 37.00 0;SIMPLE_INSTRUMENT;BLOCK;EUR;11;0.31000000;1500;EXCHANGE_LAST;;1;1;XEUR;12361759;445;
27.05.2025;11:14:00.297;DTE SI 20261218 PS AM C 36.00 0;SIMPLE_INSTRUMENT;BLOCK;EUR;5;2.72000000;2000;EXCHANGE_LAST;;1;1;XEUR;8215287;424;
27.05.2025;15:06:47.290;DTE SI 20250620 PS AM P 34.00 0;SIMPLE_INSTRUMENT;BLOCK;EUR;18;0.60000000;6500;EXCHANGE_LAST;;1;2;XEUR;11356820;424;
27.05.2025;12:39:12.901;DYS1 SI 20260619 PS AM P 28.00 0;SIMPLE_INSTRUMENT;BLOCK;EUR;26;1.51000000;750;EXCHANGE_LAST;;1;1;XEUR;11358083;475;
27.05.2025;12:51:43.561;DYS1 SI 20250620 PS AM P 30.00 0;SIMPLE_INSTRUMENT;BLOCK;EUR;27;0.18000000;300;EXCHANGE_LAST;;1;1;XEUR;11357961;475;
27.05.2025;12:51:51.140;DYS1 SI 20250620 PS AM P 30.00 0;SIMPLE_INSTRUMENT;BLOCK;EUR;28;0.17000000;300;EXCHANGE_LAST;;1;1;XEUR;11357961;475;
27.05.2025;11:30:13.889;E2NT SI 20261218 CS;SIMPLE_INSTRUMENT;BLOCK;EUR;17;0.98500000;2300;EXCHANGE_LAST;;1;2;XEUR;4632357;470;
27.05.2025;13:15:20.398;E2NT SI 20261218 CS;SIMPLE_INSTRUMENT;BLOCK;EUR;34;0.98500000;500;EXCHANGE_LAST;;1;1;XEUR;4632357;470;
27.05.2025;13:46:22.306;E2NT SI 20251219 CS;SIMPLE_INSTRUMENT;BLOCK;EUR;38;1.01000000;600;EXCHANGE_LAST;;2;1;XEUR;3681294;470;
27.05.2025;15:39:52.101;E2NT SI 20271217 CS;SIMPLE_INSTRUMENT;BLOCK;EUR;60;0.88000000;1100;EXCHANGE_LAST;;1;1;XEUR;5914575;470;
27.05.2025;08:33:26.421;EAD SI 20250718 PS AM C 170.00 0;SIMPLE_INSTRUMENT;BLOCK;EUR;5;3.72000000;500;EXCHANGE_LAST;;1;1;XEUR;13242316;465;
27.05.2025;08:33:14.420;EAD SI 20250718 PS AM P 150.00 0;SIMPLE_INSTRUMENT;BLOCK;EUR;6;2.56000000;500;EXCHANGE_LAST;;1;1;XEUR;13242331;465;
27.05.2025;08:33:00.419;EAD SI 20250718 PS AM P 130.00 0;SIMPLE_INSTRUMENT;BLOCK;EUR;7;0.57000000;500;EXCHANGE_LAST;;1;1;XEUR;13242348;465;
27.05.2025;08:56:43.489;EAD SI 20250620 PS AM P 140.00 0;SIMPLE_INSTRUMENT;BLOCK;EUR;8;0.45000000;750;EXCHANGE_LAST;;1;1;XEUR;13242227;465;
27.05.2025;08:56:56.490;EAD SI 20250620 PS AM P 120.00 0;SIMPLE_INSTRUMENT;BLOCK;EUR;10;0.06000000;750;EXCHANGE_LAST;;1;1;XEUR;13242235;465;
27.05.2025;12:13:40.711;EAD SI 20251219 PS AM P 158.81 1;SIMPLE_INSTRUMENT;BLOCK;EUR;22;10.84000000;300;EXCHANGE_LAST;;1;1;XEUR;11013927;465;
27.05.2025;12:14:49.920;EAD SI 20251219 PS AM C 170.00 0;SIMPLE_INSTRUMENT;BLOCK;EUR;23;10.80000000;300;EXCHANGE_LAST;;1;1;XEUR;13242492;465;
27.05.2025;13:12:46.909;EAD SI 20260320 PS AM C 220.00 0;SIMPLE_INSTRUMENT;BLOCK;EUR;30;1.63000000;400;EXCHANGE_LAST;;1;1;XEUR;13473449;465;
27.05.2025;14:15:56.078;ESL.O.250527.CDIA.000002;STANDARD_OPTION_STRATEGY;BLOCK;EUR;34;15.33000000;250;EXCHANGE_LAST;;1;1;XEUR;72059659917208457;481;
27.05.2025;14:15:56.078;ESL SI 20250919 PS AM C 300.00 0;SIMPLE_INSTRUMENT;BLOCK;EUR;34;1.67000000;250;PRC_DECOMP_MEMBER;;;;XEUR;11880104;481;MEMBER
27.05.2025;14:15:56.078;ESL SI 20251219 PS AM C 260.00 0;SIMPLE_INSTRUMENT;BLOCK;EUR;34;17.00000000;250;PRC_DECOMP_MEMBER;;;;XEUR;12440947;481;MEMBER
27.05.2025;14:38:48.930;F3IA.S.DEC29.DEC30.SPD;FUTURES_SPREAD;BLOCK;EUR;45;0.03500000;400;EXCHANGE_LAST;;1;1;XEUR;73734293435711521;390387;
27.05.2025;14:38:48.930;F3IA SI 20301220 CS;SIMPLE_INSTRUMENT;BLOCK;EUR;45;0.43500000;400;PRC_DECOMP_MEMBER;;;;XEUR;11458565;390387;MEMBER
27.05.2025;14:38:48.930;F3IA SI 20291221 CS;SIMPLE_INSTRUMENT;BLOCK;EUR;45;0.47000000;400;PRC_DECOMP_MEMBER;;;;XEUR;11458564;390387;MEMBER
27.05.2025;12:37:02.480;F3TE SI 20281215 CS;SIMPLE_INSTRUMENT;BLOCK;EUR;26;0.67000000;2900;EXCHANGE_LAST;;2;3;XEUR;6830366;390379;
27.05.2025;13:02:05.348;F3TE SI 20271217 CS;SIMPLE_INSTRUMENT;BLOCK;EUR;29;0.71500000;1000;EXCHANGE_LAST;;1;1;XEUR;6633916;390379;
27.05.2025;15:47:59.413;FATX SI 20250620 CS;SIMPLE_INSTRUMENT;EFP_IDX;EUR;13;4398.00000000;53;EXCHANGE_LAST;;1;1;XEUR;11905432;28699;
27.05.2025;15:48:55.850;FATX SI 20250620 CS;SIMPLE_INSTRUMENT;EFP_IDX;EUR;14;4398.50000000;62;EXCHANGE_LAST;;1;1;XEUR;11905432;28699;
27.05.2025;08:13:10.464;FBTP SI 20250606 PS;SIMPLE_INSTRUMENT;EFP_FIN;EUR;1;120.81000000;828;EXCHANGE_LAST;;1;1;XEUR;11820365;636;
27.05.2025;08:46:19.641;FBTP SI 20250606 PS;SIMPLE_INSTRUMENT;BLOCK;EUR;2;120.83000000;363;EXCHANGE_LAST;;1;1;XEUR;11820365;636;
27.05.2025;08:53:23.768;FBTP SI 20250606 PS;SIMPLE_INSTRUMENT;EFP_FIN;EUR;3;120.80000000;681;EXCHANGE_LAST;;1;1;XEUR;11820365;636;
27.05.2025;09:26:41.598;FBTP SI 20250606 PS;SIMPLE_INSTRUMENT;EFP_FIN;EUR;4;120.77000000;166;EXCHANGE_LAST;;1;1;XEUR;11820365;636;
27.05.2025;09:26:53.520;FBTP SI 20250606 PS;SIMPLE_INSTRUMENT;EFP_FIN;EUR;5;120.76000000;2211;EXCHANGE_LAST;;1;1;XEUR;11820365;636;
27.05.2025;09:40:46.064;FBTP SI 20250606 PS;SIMPLE_INSTRUMENT;EFP_FIN;EUR;6;120.76000000;100;EXCHANGE_LAST;;1;1;XEUR;11820365;636;
27.05.2025;09:53:56.967;FBTP SI 20250606 PS;SIMPLE_INSTRUMENT;BLOCK;EUR;7;120.66000000;573;EXCHANGE_LAST;;1;1;XEUR;11820365;636;
27.05.2025;10:21:37.089;FBTP SI 20250606 PS;SIMPLE_INSTRUMENT;EFP_FIN;EUR;8;120.72000000;100;EXCHANGE_LAST;;1;1;XEUR;11820365;636;
27.05.2025;10:58:00.329;FBTP SI 20250606 PS;SIMPLE_INSTRUMENT;EFP_FIN;EUR;9;120.70000000;725;EXCHANGE_LAST;;1;1;XEUR;11820365;636;
27.05.2025;10:58:08.307;FBTP SI 20250606 PS;SIMPLE_INSTRUMENT;EFP_FIN;EUR;10;120.70000000;197;EXCHANGE_LAST;;1;1;XEUR;11820365;636;
27.05.2025;11:20:00.960;FBTP SI 20250606 PS;SIMPLE_INSTRUMENT;EFP_FIN;EUR;11;120.60000000;327;EXCHANGE_LAST;;1;1;XEUR;11820365;636;
27.05.2025;11:39:40.210;FBTP SI 20250606 PS;SIMPLE_INSTRUMENT;EFP_FIN;EUR;12;120.56000000;398;EXCHANGE_LAST;;1;1;XEUR;11820365;636;
27.05.2025;11:40:02.803;FBTP SI 20250606 PS;SIMPLE_INSTRUMENT;EFP_FIN;EUR;13;120.52000000;90;EXCHANGE_LAST;;1;1;XEUR;11820365;636;
27.05.2025;11:45:24.259;FBTP SI 20250606 PS;SIMPLE_INSTRUMENT;EFP_FIN;EUR;14;120.60000000;79;EXCHANGE_LAST;;1;1;XEUR;11820365;636;
27.05.2025;12:30:09.812;FBTP SI 20250606 PS;SIMPLE_INSTRUMENT;EFP_FIN;EUR;15;120.54000000;448;EXCHANGE_LAST;;1;1;XEUR;11820365;636;
27.05.2025;12:34:52.770;FBTP SI 20250606 PS;SIMPLE_INSTRUMENT;EFP_FIN;EUR;16;120.62000000;442;EXCHANGE_LAST;;1;1;XEUR;11820365;636;
27.05.2025;12:50:49.594;FBTP SI 20250606 PS;SIMPLE_INSTRUMENT;EFP_FIN;EUR;17;120.62000000;220;EXCHANGE_LAST;;1;1;XEUR;11820365;636;
27.05.2025;12:52:23.483;FBTP SI 20250606 PS;SIMPLE_INSTRUMENT;EFP_FIN;EUR;18;120.62000000;78;EXCHANGE_LAST;;1;1;XEUR;11820365;636;
27.05.2025;12:53:49.312;FBTP SI 20250606 PS;SIMPLE_INSTRUMENT;EFP_FIN;EUR;19;120.62000000;247;EXCHANGE_LAST;;1;1;XEUR;11820365;636;
27.05.2025;13:24:59.449;FBTP SI 20250606 PS;SIMPLE_INSTRUMENT;EFP_FIN;EUR;20;120.60000000;442;EXCHANGE_LAST;;1;1;XEUR;11820365;636;
27.05.2025;13:26:00.859;FBTP SI 20250606 PS;SIMPLE_INSTRUMENT;EFP_FIN;EUR;21;120.60000000;221;EXCHANGE_LAST;;1;1;XEUR;11820365;636;
27.05.2025;13:30:48.342;FBTP SI 20250606 PS;SIMPLE_INSTRUMENT;EFP_FIN;EUR;22;120.61000000;444;EXCHANGE_LAST;;1;1;XEUR;11820365;636;
27.05.2025;13:31:09.558;FBTP SI 20250606 PS;SIMPLE_INSTRUMENT;EFP_FIN;EUR;23;120.59000000;574;EXCHANGE_LAST;;1;1;XEUR;11820365;636;
27.05.2025;13:39:46.214;FBTP SI 20250606 PS;SIMPLE_INSTRUMENT;EFS;EUR;24;120.65000000;253;EXCHANGE_LAST;;1;1;XEUR;11820365;636;
27.05.2025;13:51:04.225;FBTP SI 20250606 PS;SIMPLE_INSTRUMENT;BLOCK;EUR;25;120.59000000;1943;EXCHANGE_LAST;;1;1;XEUR;11820365;636;
27.05.2025;13:54:06.132;FBTP SI 20250606 PS;SIMPLE_INSTRUMENT;EFP_FIN;EUR;26;120.62000000;273;EXCHANGE_LAST;;1;1;XEUR;11820365;636;
27.05.2025;14:36:31.243;FBTP SI 20250606 PS;SIMPLE_INSTRUMENT;EFP_FIN;EUR;27;120.67000000;570;EXCHANGE_LAST;;1;1;XEUR;11820365;636;
27.05.2025;14:46:53.193;FBTP SI 20250606 PS;SIMPLE_INSTRUMENT;EFP_FIN;EUR;28;120.71000000;491;EXCHANGE_LAST;;1;1;XEUR;11820365;636;
27.05.2025;14:48:20.864;FBTP SI 20250606 PS;SIMPLE_INSTRUMENT;EFP_FIN;EUR;29;120.67000000;293;EXCHANGE_LAST;;1;1;XEUR;11820365;636;
27.05.2025;14:55:21.963;FBTP SI 20250606 PS;SIMPLE_INSTRUMENT;EFP_FIN;EUR;30;120.70000000;138;EXCHANGE_LAST;;1;1;XEUR;11820365;636;
27.05.2025;14:55:49.027;FBTP SI 20250606 PS;SIMPLE_INSTRUMENT;EFP_FIN;EUR;31;120.68000000;273;EXCHANGE_LAST;;1;1;XEUR;11820365;636;
27.05.2025;14:56:47.539;FBTP SI 20250606 PS;SIMPLE_INSTRUMENT;EFP_FIN;EUR;32;120.72000000;265;EXCHANGE_LAST;;1;1;XEUR;11820365;636;
27.05.2025;15:02:39.067;FBTP SI 20250606 PS;SIMPLE_INSTRUMENT;EFP_FIN;EUR;33;120.66000000;148;EXCHANGE_LAST;;1;1;XEUR;11820365;636;
27.05.2025;15:12:14.238;FBTP SI 20250606 PS;SIMPLE_INSTRUMENT;EFP_FIN;EUR;34;120.67000000;97;EXCHANGE_LAST;;1;1;XEUR;11820365;636;
27.05.2025;15:40:33.938;FBTP SI 20250606 PS;SIMPLE_INSTRUMENT;BLOCK;EUR;35;120.80000000;862;EXCHANGE_LAST;;1;1;XEUR;11820365;636;
27.05.2025;15:41:10.905;FBTP SI 20250606 PS;SIMPLE_INSTRUMENT;BLOCK;EUR;36;120.74000000;744;EXCHANGE_LAST;;1;1;XEUR;11820365;636;
27.05.2025;15:47:11.111;FBTP SI 20250606 PS;SIMPLE_INSTRUMENT;BLOCK;EUR;37;120.84000000;354;EXCHANGE_LAST;;1;1;XEUR;11820365;636;
27.05.2025;07:57:37.678;FBTS SI 20250606 PS;SIMPLE_INSTRUMENT;EFP_FIN;EUR;3;108.11000000;382;EXCHANGE_LAST;;1;1;XEUR;11820367;639;
27.05.2025;08:20:17.406;FBTS SI 20250606 PS;SIMPLE_INSTRUMENT;BLOCK;EUR;6;108.09000000;952;EXCHANGE_LAST;;1;1;XEUR;11820367;639;
27.05.2025;08:58:04.229;FBTS SI 20250606 PS;SIMPLE_INSTRUMENT;EFP_FIN;EUR;11;108.09000000;952;EXCHANGE_LAST;;1;1;XEUR;11820367;639;
27.05.2025;09:16:14.190;FBTS SI 20250606 PS;SIMPLE_INSTRUMENT;BLOCK;EUR;12;108.08000000;1050;EXCHANGE_LAST;;1;1;XEUR;11820367;639;
27.05.2025;09:18:47.110;FBTS SI 20250606 PS;SIMPLE_INSTRUMENT;BLOCK;EUR;13;108.08000000;952;EXCHANGE_LAST;;1;1;XEUR;11820367;639;
27.05.2025;09:26:14.263;FBTS SI 20250606 PS;SIMPLE_INSTRUMENT;EFP_FIN;EUR;14;108.08000000;787;EXCHANGE_LAST;;1;1;XEUR;11820367;639;
27.05.2025;09:37:04.970;FBTS SI 20250606 PS;SIMPLE_INSTRUMENT;BLOCK;EUR;16;108.08000000;1050;EXCHANGE_LAST;;1;1;XEUR;11820367;639;
27.05.2025;09:59:20.593;FBTS SI 20250908 PS;SIMPLE_INSTRUMENT;BLOCK;EUR;19;108.03000000;469;EXCHANGE_LAST;;1;1;XEUR;12372476;639;
27.05.2025;10:10:49.186;FBTS SI 20250606 PS;SIMPLE_INSTRUMENT;EFP_FIN;EUR;20;108.08000000;790;EXCHANGE_LAST;;1;1;XEUR;11820367;639;
27.05.2025;11:17:12.441;FBTS SI 20250606 PS;SIMPLE_INSTRUMENT;EFP_FIN;EUR;32;108.10000000;2763;EXCHANGE_LAST;;1;1;XEUR;11820367;639;
27.05.2025;12:54:17.480;FBTS SI 20250606 PS;SIMPLE_INSTRUMENT;EFP_FIN;EUR;42;108.06000000;441;EXCHANGE_LAST;;1;1;XEUR;11820367;639;
27.05.2025;13:19:45.255;FBTS SI 20250908 PS;SIMPLE_INSTRUMENT;BLOCK;EUR;46;108.03000000;469;EXCHANGE_LAST;;1;1;XEUR;12372476;639;
27.05.2025;13:37:38.976;FBTS SI 20250606 PS;SIMPLE_INSTRUMENT;EFS;EUR;49;108.05000000;1017;EXCHANGE_LAST;;1;1;XEUR;11820367;639;
27.05.2025;13:50:28.671;FBTS SI 20250606 PS;SIMPLE_INSTRUMENT;BLOCK;EUR;50;108.05000000;1561;EXCHANGE_LAST;;1;1;XEUR;11820367;639;
27.05.2025;14:16:44.221;FBTS SI 20250606 PS;SIMPLE_INSTRUMENT;EFP_FIN;EUR;51;108.04000000;428;EXCHANGE_LAST;;1;1;XEUR;11820367;639;
27.05.2025;13:52:46.235;FCBU SI 20250603 CS;SIMPLE_INSTRUMENT;BLOCK;USD;5;0.17650000;400;EXCHANGE_LAST;;1;1;XEUR;11280122;570870;
27.05.2025;14:32:51.951;FCBU SI 20250603 CS;SIMPLE_INSTRUMENT;BLOCK;USD;7;0.17670000;380;EXCHANGE_LAST;;1;1;XEUR;11280122;570870;
27.05.2025;14:34:01.417;FCBU SI 20250702 CS;SIMPLE_INSTRUMENT;BLOCK;USD;8;0.17555000;380;EXCHANGE_LAST;;1;1;XEUR;11475981;570870;
27.05.2025;14:34:32.774;FCBU SI 20250603 CS;SIMPLE_INSTRUMENT;BLOCK;USD;9;0.17670000;400;EXCHANGE_LAST;;1;1;XEUR;11280122;570870;
27.05.2025;14:34:59.693;FCBU SI 20250702 CS;SIMPLE_INSTRUMENT;BLOCK;USD;10;0.17555000;400;EXCHANGE_LAST;;1;1;XEUR;11475981;570870;
27.05.2025;13:54:44.643;FCMU SI 20250616 CS;SIMPLE_INSTRUMENT;BLOCK;USD;6;0.05193000;240;EXCHANGE_LAST;;1;1;XEUR;11855448;570874;
27.05.2025;08:26:14.759;FCNS SI 20250616 PS;SIMPLE_INSTRUMENT;EFP_IDX;SEK;1;0.94078000;3;EXCHANGE_LAST;;1;1;XEUR;7879240;402911;
27.05.2025;09:19:22.586;FCNS SI 20250616 PS;SIMPLE_INSTRUMENT;EFP_IDX;SEK;2;0.94100000;51;EXCHANGE_LAST;;1;1;XEUR;7879240;402911;
27.05.2025;09:19:22.956;FCNS SI 20250616 PS;SIMPLE_INSTRUMENT;EFP_IDX;SEK;3;0.94101000;169;EXCHANGE_LAST;;1;1;XEUR;7879240;402911;
27.05.2025;15:16:40.180;FCNS SI 20250616 PS;SIMPLE_INSTRUMENT;EFP_IDX;SEK;11;0.94086000;1;EXCHANGE_LAST;;1;1;XEUR;7879240;402911;
27.05.2025;15:16:40.610;FCNS SI 20250616 PS;SIMPLE_INSTRUMENT;EFP_IDX;SEK;12;0.94087000;1;EXCHANGE_LAST;;1;1;XEUR;7879240;402911;
27.05.2025;18:40:26.693;FCNS SI 20250616 PS;SIMPLE_INSTRUMENT;EFP_IDX;SEK;13;0.94586000;26;EXCHANGE_LAST;;1;1;XEUR;7879240;402911;
27.05.2025;18:40:27.115;FCNS SI 20250616 PS;SIMPLE_INSTRUMENT;EFP_IDX;SEK;14;0.94587000;159;EXCHANGE_LAST;;1;1;XEUR;7879240;402911;
27.05.2025;13:48:20.318;FCZU SI 20250616 CS;SIMPLE_INSTRUMENT;BLOCK;USD;4;0.05593000;345;EXCHANGE_LAST;;1;1;XEUR;11855446;570872;
27.05.2025;15:39:49.792;FDAX SI 20250620 CS;SIMPLE_INSTRUMENT;EFP_IDX;EUR;1;24265.00000000;17;EXCHANGE_LAST;;1;1;XEUR;7903800;589;
27.05.2025;15:39:49.792;FDAX SI 20250620 CS;SIMPLE_INSTRUMENT;EFP_IDX;EUR;2;24266.00000000;16;EXCHANGE_LAST;;1;1;XEUR;7903800;589;
27.05.2025;15:48:27.786;FDAX SI 20250620 CS;SIMPLE_INSTRUMENT;EFP_IDX;EUR;3;24265.00000000;46;EXCHANGE_LAST;;1;1;XEUR;7903800;589;
27.05.2025;08:58:41.889;FDAX SI 20250620 CS;SIMPLE_INSTRUMENT;VOLA;EUR;671088645;24170.00000000;25;EXCHANGE_LAST;;1;1;XEUR;7903800;589;
27.05.2025;09:00:32.065;FDAX SI 20250620 CS;SIMPLE_INSTRUMENT;VOLA;EUR;671088646;24170.00000000;13;EXCHANGE_LAST;;1;1;XEUR;7903800;589;
27.05.2025;08:07:06.636;FEBD SI 20251219 CS;SIMPLE_INSTRUMENT;BLOCK;EUR;2;11.27000000;600;EXCHANGE_LAST;;1;1;XEUR;5914075;597;
27.05.2025;10:41:18.509;FEBD SI 20261218 CS;SIMPLE_INSTRUMENT;BLOCK;EUR;5;10.49000000;375;EXCHANGE_LAST;;1;1;XEUR;7158212;597;
27.05.2025;11:12:09.120;FEBD SI 20261218 CS;SIMPLE_INSTRUMENT;BLOCK;EUR;7;10.50000000;250;EXCHANGE_LAST;;1;1;XEUR;7158212;597;
27.05.2025;11:31:12.799;FEBD SI 20261218 CS;SIMPLE_INSTRUMENT;BLOCK;EUR;11;10.49000000;250;EXCHANGE_LAST;;1;1;XEUR;7158212;597;
27.05.2025;10:56:11.851;FECX SI 20250620 CS;SIMPLE_INSTRUMENT;BLOCK;EUR;6;167.60000000;34;EXCHANGE_LAST;;1;1;XEUR;11949125;410158;
27.05.2025;08:06:54.168;FESB SI 20250620 CS;SIMPLE_INSTRUMENT;BLOCK;EUR;10;200.00000000;3000;EXCHANGE_LAST;;1;1;XEUR;11880665;605;
27.05.2025;08:06:43.405;FESB SI 20250620 CS;SIMPLE_INSTRUMENT;BLOCK;EUR;11;200.05000000;3000;EXCHANGE_LAST;;1;1;XEUR;11880665;605;
27.05.2025;13:28:15.019;FESX SI 20250620 CS;SIMPLE_INSTRUMENT;BLOCK;EUR;1;5415.00000000;2000;EXCHANGE_LAST;;1;1;XEUR;7904020;675;
27.05.2025;13:55:24.226;FESX SI 20250620 CS;SIMPLE_INSTRUMENT;EFP_IDX;EUR;2;5415.00000000;1000;EXCHANGE_LAST;;1;1;XEUR;7904020;675;
27.05.2025;15:39:15.153;FESX SI 20250620 CS;SIMPLE_INSTRUMENT;EFP_IDX;EUR;3;5419.00000000;33;EXCHANGE_LAST;;1;1;XEUR;7904020;675;
27.05.2025;15:39:37.045;FESX SI 20250620 CS;SIMPLE_INSTRUMENT;EFP_IDX;EUR;4;5420.00000000;632;EXCHANGE_LAST;;1;1;XEUR;7904020;675;
27.05.2025;15:42:49.272;FESX SI 20250620 CS;SIMPLE_INSTRUMENT;EFP_IDX;EUR;5;5419.00000000;15;EXCHANGE_LAST;;1;1;XEUR;7904020;675;
27.05.2025;15:42:59.751;FESX SI 20250620 CS;SIMPLE_INSTRUMENT;EFP_IDX;EUR;6;5420.00000000;285;EXCHANGE_LAST;;1;1;XEUR;7904020;675;
27.05.2025;15:43:07.186;FESX SI 20250620 CS;SIMPLE_INSTRUMENT;EFP_IDX;EUR;7;5419.00000000;270;EXCHANGE_LAST;;1;1;XEUR;7904020;675;
27.05.2025;15:43:15.200;FESX SI 20250620 CS;SIMPLE_INSTRUMENT;BLOCK;EUR;8;5420.00000000;5135;EXCHANGE_LAST;;1;1;XEUR;7904020;675;
27.05.2025;15:46:19.580;FESX SI 20250620 CS;SIMPLE_INSTRUMENT;EFP_IDX;EUR;9;5420.00000000;338;EXCHANGE_LAST;;1;1;XEUR;7904020;675;
27.05.2025;15:45:51.499;FESX SI 20250620 CS;SIMPLE_INSTRUMENT;EFP_IDX;EUR;10;5421.00000000;162;EXCHANGE_LAST;;1;1;XEUR;7904020;675;
27.05.2025;15:46:43.295;FESX SI 20250620 CS;SIMPLE_INSTRUMENT;EFP_IDX;EUR;11;5420.00000000;675;EXCHANGE_LAST;;1;1;XEUR;7904020;675;
27.05.2025;15:46:47.029;FESX SI 20250620 CS;SIMPLE_INSTRUMENT;EFP_IDX;EUR;12;5421.00000000;325;EXCHANGE_LAST;;1;1;XEUR;7904020;675;
27.05.2025;15:45:02.247;FESX SI 20250620 CS;SIMPLE_INSTRUMENT;EFP_IDX;EUR;13;5419.00000000;13;EXCHANGE_LAST;;1;1;XEUR;7904020;675;
27.05.2025;15:45:49.234;FESX SI 20250620 CS;SIMPLE_INSTRUMENT;EFP_IDX;EUR;14;5420.00000000;237;EXCHANGE_LAST;;1;1;XEUR;7904020;675;
27.05.2025;15:47:38.850;FESX SI 20250620 CS;SIMPLE_INSTRUMENT;EFP_IDX;EUR;15;5420.00000000;140;EXCHANGE_LAST;;1;1;XEUR;7904020;675;
27.05.2025;15:47:55.208;FESX SI 20250620 CS;SIMPLE_INSTRUMENT;EFP_IDX;EUR;16;5419.00000000;60;EXCHANGE_LAST;;1;1;XEUR;7904020;675;
27.05.2025;15:48:37.560;FESX SI 20250620 CS;SIMPLE_INSTRUMENT;EFP_IDX;EUR;17;5419.00000000;20;EXCHANGE_LAST;;1;1;XEUR;7904020;675;
27.05.2025;15:49:07.427;FESX SI 20250620 CS;SIMPLE_INSTRUMENT;EFP_IDX;EUR;18;5420.00000000;45;EXCHANGE_LAST;;1;1;XEUR;7904020;675;
27.05.2025;16:08:18.150;FESX SI 20250620 CS;SIMPLE_INSTRUMENT;BLOCK;EUR;19;5425.00000000;2000;EXCHANGE_LAST;;1;1;XEUR;7904020;675;
27.05.2025;07:25:25.612;FESX SI 20250620 CS;SIMPLE_INSTRUMENT;VOLA;EUR;637534210;5396.00000000;465;EXCHANGE_LAST;;1;1;XEUR;7904020;675;
27.05.2025;10:22:27.050;FESX SI 20250620 CS;SIMPLE_INSTRUMENT;VOLA;EUR;637534264;5420.00000000;80;EXCHANGE_LAST;;1;1;XEUR;7904020;675;
27.05.2025;11:12:38.107;FESX SI 20250620 CS;SIMPLE_INSTRUMENT;VOLA;EUR;637534276;5421.00000000;537;EXCHANGE_LAST;;1;1;XEUR;7904020;675;
27.05.2025;13:45:28.776;FESX SI 20250620 CS;SIMPLE_INSTRUMENT;VOLA;EUR;637534299;5420.00000000;210;EXCHANGE_LAST;;1;1;XEUR;7904020;675;
27.05.2025;15:16:26.900;FESX SI 20250620 CS;SIMPLE_INSTRUMENT;VOLA;EUR;637534336;5430.00000000;200;EXCHANGE_LAST;;1;1;XEUR;7904020;675;
27.05.2025;07:43:50.587;FEXD SI 20271217 CS;SIMPLE_INSTRUMENT;BLOCK;EUR;1;150.80000000;150;EXCHANGE_LAST;;1;1;XEUR;2848338;693;
27.05.2025;10:19:48.610;FEXD SI 20261218 CS;SIMPLE_INSTRUMENT;BLOCK;EUR;4;155.30000000;500;EXCHANGE_LAST;;1;1;XEUR;2163053;693;
27.05.2025;11:15:30.414;FEXD SI 20281215 CS;SIMPLE_INSTRUMENT;BLOCK;EUR;8;146.90000000;250;EXCHANGE_LAST;;1;1;XEUR;3680985;693;
27.05.2025;11:15:43.587;FEXD SI 20291221 CS;SIMPLE_INSTRUMENT;BLOCK;EUR;9;143.80000000;250;EXCHANGE_LAST;;1;1;XEUR;4631968;693;
27.05.2025;11:30:47.010;FEXD.S.DEC30.DEC31.SPD;FUTURES_SPREAD;BLOCK;EUR;10;2.20000000;750;EXCHANGE_LAST;;1;1;XEUR;72060570450264225;693;
27.05.2025;11:30:47.010;FEXD SI 20301220 CS;SIMPLE_INSTRUMENT;BLOCK;EUR;10;141.20000000;750;PRC_DECOMP_MEMBER;;;;XEUR;5914108;693;MEMBER
27.05.2025;11:30:47.010;FEXD SI 20311219 CS;SIMPLE_INSTRUMENT;BLOCK;EUR;10;139.00000000;750;PRC_DECOMP_MEMBER;;;;XEUR;7158547;693;MEMBER
27.05.2025;11:44:17.139;FEXD.S.DEC30.DEC31.SPD;FUTURES_SPREAD;BLOCK;EUR;12;2.20000000;250;EXCHANGE_LAST;;1;1;XEUR;72060570450264225;693;
27.05.2025;11:44:17.139;FEXD SI 20311219 CS;SIMPLE_INSTRUMENT;BLOCK;EUR;12;139.00000000;250;PRC_DECOMP_MEMBER;;;;XEUR;7158547;693;MEMBER
27.05.2025;11:44:17.139;FEXD SI 20301220 CS;SIMPLE_INSTRUMENT;BLOCK;EUR;12;141.20000000;250;PRC_DECOMP_MEMBER;;;;XEUR;5914108;693;MEMBER
27.05.2025;14:40:51.713;FEXD.S.DEC26.DEC28.SPD;FUTURES_SPREAD;BLOCK;EUR;17;8.50000000;500;EXCHANGE_LAST;;1;1;XEUR;72060570450264161;693;
27.05.2025;14:40:51.713;FEXD SI 20261218 CS;SIMPLE_INSTRUMENT;BLOCK;EUR;17;155.50000000;500;PRC_DECOMP_MEMBER;;;;XEUR;2163053;693;MEMBER
27.05.2025;14:40:51.713;FEXD SI 20281215 CS;SIMPLE_INSTRUMENT;BLOCK;EUR;17;147.00000000;500;PRC_DECOMP_MEMBER;;;;XEUR;3680985;693;MEMBER
27.05.2025;15:16:33.335;FEXD.S.DEC26.DEC28.SPD;FUTURES_SPREAD;BLOCK;EUR;21;8.50000000;500;EXCHANGE_LAST;;1;1;XEUR;72060570450264161;693;
27.05.2025;15:16:33.335;FEXD SI 20281215 CS;SIMPLE_INSTRUMENT;BLOCK;EUR;21;147.00000000;500;PRC_DECOMP_MEMBER;;;;XEUR;3680985;693;MEMBER
27.05.2025;15:16:33.335;FEXD SI 20261218 CS;SIMPLE_INSTRUMENT;BLOCK;EUR;21;155.50000000;500;PRC_DECOMP_MEMBER;;;;XEUR;2163053;693;MEMBER
27.05.2025;15:24:39.407;FEXD SI 20271217 CS;SIMPLE_INSTRUMENT;BLOCK;EUR;23;150.80000000;750;EXCHANGE_LAST;;1;1;XEUR;2848338;693;
27.05.2025;15:17:51.953;FFOX SI 20250619 CS;SIMPLE_INSTRUMENT;BLOCK;EUR;2;4788.50000000;200;EXCHANGE_LAST;;1;1;XEUR;11881292;695;
27.05.2025;15:43:12.282;FFOX SI 20250619 CS;SIMPLE_INSTRUMENT;EFP_IDX;EUR;7;4783.00000000;60;EXCHANGE_LAST;;1;1;XEUR;11881292;695;
27.05.2025;15:43:57.227;FFOX SI 20250619 CS;SIMPLE_INSTRUMENT;EFP_IDX;EUR;10;4782.90000000;140;EXCHANGE_LAST;;1;1;XEUR;11881292;695;
27.05.2025;06:37:28.095;FGBL SI 20250606 PS;SIMPLE_INSTRUMENT;EFS;EUR;1;130.92000000;434;EXCHANGE_LAST;;1;1;XEUR;11820389;688;
27.05.2025;06:55:13.798;FGBL SI 20250606 PS;SIMPLE_INSTRUMENT;EFS;EUR;2;131.00000000;434;EXCHANGE_LAST;;1;1;XEUR;11820389;688;
27.05.2025;06:56:59.082;FGBL SI 20250606 PS;SIMPLE_INSTRUMENT;EFS;EUR;3;130.92000000;216;EXCHANGE_LAST;;1;1;XEUR;11820389;688;
27.05.2025;06:56:53.869;FGBL SI 20250606 PS;SIMPLE_INSTRUMENT;EFS;EUR;4;130.98000000;434;EXCHANGE_LAST;;1;1;XEUR;11820389;688;
27.05.2025;06:57:52.995;FGBL SI 20250606 PS;SIMPLE_INSTRUMENT;EFS;EUR;5;131.00000000;138;EXCHANGE_LAST;;1;1;XEUR;11820389;688;
27.05.2025;07:23:01.158;FGBL SI 20250606 PS;SIMPLE_INSTRUMENT;EFS;EUR;6;131.12000000;434;EXCHANGE_LAST;;1;1;XEUR;11820389;688;
27.05.2025;07:23:21.178;FGBL SI 20250606 PS;SIMPLE_INSTRUMENT;EFS;EUR;7;131.21000000;434;EXCHANGE_LAST;;1;1;XEUR;11820389;688;
27.05.2025;07:39:06.026;FGBL SI 20250606 PS;SIMPLE_INSTRUMENT;EFP_FIN;EUR;8;131.07000000;134;EXCHANGE_LAST;;1;1;XEUR;11820389;688;
27.05.2025;07:39:26.930;FGBL SI 20250606 PS;SIMPLE_INSTRUMENT;EFS;EUR;9;131.16000000;347;EXCHANGE_LAST;;1;1;XEUR;11820389;688;
27.05.2025;07:40:13.960;FGBL SI 20250606 PS;SIMPLE_INSTRUMENT;EFS;EUR;10;131.18000000;434;EXCHANGE_LAST;;1;1;XEUR;11820389;688;
27.05.2025;07:40:53.354;FGBL SI 20250606 PS;SIMPLE_INSTRUMENT;EFS;EUR;11;131.18000000;433;EXCHANGE_LAST;;1;1;XEUR;11820389;688;
27.05.2025;07:42:26.037;FGBL SI 20250606 PS;SIMPLE_INSTRUMENT;EFS;EUR;12;131.15000000;195;EXCHANGE_LAST;;1;1;XEUR;11820389;688;
27.05.2025;07:42:26.343;FGBL SI 20250606 PS;SIMPLE_INSTRUMENT;EFS;EUR;13;131.17000000;87;EXCHANGE_LAST;;1;1;XEUR;11820389;688;
27.05.2025;07:43:34.098;FGBL SI 20250606 PS;SIMPLE_INSTRUMENT;EFS;EUR;14;131.18000000;434;EXCHANGE_LAST;;1;1;XEUR;11820389;688;
27.05.2025;07:44:44.158;FGBL SI 20250606 PS;SIMPLE_INSTRUMENT;EFS;EUR;15;131.13000000;434;EXCHANGE_LAST;;1;1;XEUR;11820389;688;
27.05.2025;07:49:24.358;FGBL SI 20250606 PS;SIMPLE_INSTRUMENT;EFS;EUR;16;131.10000000;434;EXCHANGE_LAST;;1;1;XEUR;11820389;688;
27.05.2025;07:53:58.426;FGBL SI 20250606 PS;SIMPLE_INSTRUMENT;EFS;EUR;17;131.15000000;434;EXCHANGE_LAST;;1;1;XEUR;11820389;688;
27.05.2025;07:57:53.851;FGBL SI 20250606 PS;SIMPLE_INSTRUMENT;EFS;EUR;18;131.14000000;431;EXCHANGE_LAST;;1;1;XEUR;11820389;688;
27.05.2025;07:58:22.952;FGBL SI 20250606 PS;SIMPLE_INSTRUMENT;EFS;EUR;19;131.11000000;216;EXCHANGE_LAST;;1;1;XEUR;11820389;688;
27.05.2025;07:58:29.809;FGBL SI 20250606 PS;SIMPLE_INSTRUMENT;EFS;EUR;20;131.15000000;217;EXCHANGE_LAST;;1;1;XEUR;11820389;688;
27.05.2025;08:01:39.997;FGBL SI 20250606 PS;SIMPLE_INSTRUMENT;EFS;EUR;21;131.15000000;217;EXCHANGE_LAST;;1;1;XEUR;11820389;688;
27.05.2025;08:10:23.772;FGBL SI 20250908 PS;SIMPLE_INSTRUMENT;EFS;EUR;22;130.94000000;96;EXCHANGE_LAST;;1;1;XEUR;12372482;688;
27.05.2025;08:15:11.826;FGBL SI 20250606 PS;SIMPLE_INSTRUMENT;EFS;EUR;23;131.19000000;217;EXCHANGE_LAST;;1;1;XEUR;11820389;688;
27.05.2025;08:15:46.318;FGBL SI 20250606 PS;SIMPLE_INSTRUMENT;EFS;EUR;24;131.18000000;217;EXCHANGE_LAST;;1;1;XEUR;11820389;688;
27.05.2025;08:16:09.888;FGBL SI 20250606 PS;SIMPLE_INSTRUMENT;EFS;EUR;25;131.16000000;215;EXCHANGE_LAST;;1;1;XEUR;11820389;688;
27.05.2025;08:16:37.476;FGBL SI 20250606 PS;SIMPLE_INSTRUMENT;EFS;EUR;26;131.18000000;244;EXCHANGE_LAST;;1;1;XEUR;11820389;688;
27.05.2025;08:16:30.459;FGBL SI 20250606 PS;SIMPLE_INSTRUMENT;EFS;EUR;27;131.19000000;433;EXCHANGE_LAST;;1;1;XEUR;11820389;688;
27.05.2025;08:17:06.711;FGBL SI 20250606 PS;SIMPLE_INSTRUMENT;EFS;EUR;28;131.19000000;434;EXCHANGE_LAST;;1;1;XEUR;11820389;688;
27.05.2025;08:17:21.728;FGBL SI 20250606 PS;SIMPLE_INSTRUMENT;EFS;EUR;29;131.19000000;434;EXCHANGE_LAST;;1;1;XEUR;11820389;688;
27.05.2025;08:19:11.895;FGBL SI 20250606 PS;SIMPLE_INSTRUMENT;EFS;EUR;30;131.18000000;790;EXCHANGE_LAST;;1;1;XEUR;11820389;688;
27.05.2025;08:19:40.865;FGBL SI 20250606 PS;SIMPLE_INSTRUMENT;EFS;EUR;31;131.18000000;790;EXCHANGE_LAST;;1;1;XEUR;11820389;688;
27.05.2025;08:20:08.847;FGBL SI 20250606 PS;SIMPLE_INSTRUMENT;EFS;EUR;32;131.18000000;434;EXCHANGE_LAST;;1;1;XEUR;11820389;688;
27.05.2025;08:20:52.650;FGBL SI 20250606 PS;SIMPLE_INSTRUMENT;EFS;EUR;34;131.18000000;867;EXCHANGE_LAST;;1;1;XEUR;11820389;688;
27.05.2025;08:27:09.269;FGBL SI 20250606 PS;SIMPLE_INSTRUMENT;EFS;EUR;35;131.14000000;1301;EXCHANGE_LAST;;1;1;XEUR;11820389;688;
27.05.2025;08:27:54.404;FGBL SI 20250606 PS;SIMPLE_INSTRUMENT;EFS;EUR;36;131.14000000;1301;EXCHANGE_LAST;;1;1;XEUR;11820389;688;
27.05.2025;08:30:15.287;FGBL SI 20250606 PS;SIMPLE_INSTRUMENT;EFS;EUR;37;131.14000000;646;EXCHANGE_LAST;;1;1;XEUR;11820389;688;
27.05.2025;08:33:37.759;FGBL SI 20250606 PS;SIMPLE_INSTRUMENT;EFS;EUR;38;131.14000000;434;EXCHANGE_LAST;;1;1;XEUR;11820389;688;
27.05.2025;08:35:25.887;FGBL SI 20250606 PS;SIMPLE_INSTRUMENT;EFS;EUR;39;131.13000000;434;EXCHANGE_LAST;;1;1;XEUR;11820389;688;
27.05.2025;08:35:54.175;FGBL SI 20250606 PS;SIMPLE_INSTRUMENT;EFS;EUR;40;131.10000000;98;EXCHANGE_LAST;;1;1;XEUR;11820389;688;
27.05.2025;08:49:11.258;FGBL SI 20250606 PS;SIMPLE_INSTRUMENT;EFS;EUR;41;131.18000000;1017;EXCHANGE_LAST;;1;1;XEUR;11820389;688;
27.05.2025;08:49:28.740;FGBL SI 20250606 PS;SIMPLE_INSTRUMENT;EFS;EUR;42;131.13000000;434;EXCHANGE_LAST;;1;1;XEUR;11820389;688;
27.05.2025;08:50:04.777;FGBL SI 20250606 PS;SIMPLE_INSTRUMENT;EFS;EUR;43;131.13000000;434;EXCHANGE_LAST;;1;1;XEUR;11820389;688;
27.05.2025;08:54:16.407;FGBL SI 20250606 PS;SIMPLE_INSTRUMENT;EFS;EUR;44;131.18000000;1017;EXCHANGE_LAST;;1;1;XEUR;11820389;688;
27.05.2025;08:56:23.345;FGBL SI 20250606 PS;SIMPLE_INSTRUMENT;EFS;EUR;45;131.18000000;1017;EXCHANGE_LAST;;1;1;XEUR;11820389;688;
27.05.2025;08:57:47.253;FGBL SI 20250606 PS;SIMPLE_INSTRUMENT;EFS;EUR;46;131.18000000;1017;EXCHANGE_LAST;;1;1;XEUR;11820389;688;
27.05.2025;09:00:11.367;FGBL SI 20250606 PS;SIMPLE_INSTRUMENT;EFS;EUR;47;131.13000000;889;EXCHANGE_LAST;;1;1;XEUR;11820389;688;
27.05.2025;09:00:04.019;FGBL SI 20250606 PS;SIMPLE_INSTRUMENT;EFS;EUR;48;131.16000000;217;EXCHANGE_LAST;;1;1;XEUR;11820389;688;
27.05.2025;09:04:23.618;FGBL SI 20250606 PS;SIMPLE_INSTRUMENT;EFS;EUR;49;131.11000000;434;EXCHANGE_LAST;;1;1;XEUR;11820389;688;
27.05.2025;09:04:33.627;FGBL SI 20250606 PS;SIMPLE_INSTRUMENT;EFS;EUR;50;131.11000000;434;EXCHANGE_LAST;;1;1;XEUR;11820389;688;
27.05.2025;09:06:28.721;FGBL SI 20250606 PS;SIMPLE_INSTRUMENT;EFS;EUR;51;131.11000000;217;EXCHANGE_LAST;;1;1;XEUR;11820389;688;
27.05.2025;09:09:19.387;FGBL SI 20250606 PS;SIMPLE_INSTRUMENT;EFP_FIN;EUR;52;131.11000000;372;EXCHANGE_LAST;;1;1;XEUR;11820389;688;
27.05.2025;09:10:18.135;FGBL SI 20250606 PS;SIMPLE_INSTRUMENT;EFS;EUR;53;131.10000000;434;EXCHANGE_LAST;;1;1;XEUR;11820389;688;
27.05.2025;09:10:43.873;FGBL SI 20250606 PS;SIMPLE_INSTRUMENT;EFP_FIN;EUR;54;131.16000000;768;EXCHANGE_LAST;;1;1;XEUR;11820389;688;
27.05.2025;09:15:17.056;FGBL SI 20250606 PS;SIMPLE_INSTRUMENT;EFP_FIN;EUR;55;131.09000000;748;EXCHANGE_LAST;;1;1;XEUR;11820389;688;
27.05.2025;09:18:29.321;FGBL SI 20250606 PS;SIMPLE_INSTRUMENT;EFS;EUR;56;131.12000000;430;EXCHANGE_LAST;;1;1;XEUR;11820389;688;
27.05.2025;09:23:19.163;FGBL SI 20250606 PS;SIMPLE_INSTRUMENT;EFP_FIN;EUR;57;131.09000000;748;EXCHANGE_LAST;;1;1;XEUR;11820389;688;
27.05.2025;09:31:11.807;FGBL SI 20250606 PS;SIMPLE_INSTRUMENT;EFS;EUR;58;131.03000000;233;EXCHANGE_LAST;;1;1;XEUR;11820389;688;
27.05.2025;09:31:14.036;FGBL SI 20250606 PS;SIMPLE_INSTRUMENT;EFS;EUR;59;131.02000000;978;EXCHANGE_LAST;;1;1;XEUR;11820389;688;
27.05.2025;09:40:13.486;FGBL SI 20250606 PS;SIMPLE_INSTRUMENT;EFS;EUR;60;131.04000000;217;EXCHANGE_LAST;;1;1;XEUR;11820389;688;
27.05.2025;09:44:08.444;FGBL SI 20250606 PS;SIMPLE_INSTRUMENT;EFS;EUR;61;131.00000000;434;EXCHANGE_LAST;;1;1;XEUR;11820389;688;
27.05.2025;09:48:03.264;FGBL SI 20250606 PS;SIMPLE_INSTRUMENT;EFS;EUR;62;130.97000000;489;EXCHANGE_LAST;;1;1;XEUR;11820389;688;
27.05.2025;09:49:21.119;FGBL SI 20250606 PS;SIMPLE_INSTRUMENT;EFS;EUR;63;130.99000000;305;EXCHANGE_LAST;;1;1;XEUR;11820389;688;
27.05.2025;09:50:01.464;FGBL SI 20250606 PS;SIMPLE_INSTRUMENT;EFS;EUR;64;130.99000000;305;EXCHANGE_LAST;;1;1;XEUR;11820389;688;
27.05.2025;09:52:13.702;FGBL SI 20250606 PS;SIMPLE_INSTRUMENT;EFS;EUR;65;130.96000000;432;EXCHANGE_LAST;;1;1;XEUR;11820389;688;
27.05.2025;09:53:14.455;FGBL SI 20250606 PS;SIMPLE_INSTRUMENT;EFS;EUR;66;130.99000000;305;EXCHANGE_LAST;;1;1;XEUR;11820389;688;
27.05.2025;09:53:30.518;FGBL SI 20250606 PS;SIMPLE_INSTRUMENT;EFS;EUR;67;130.93000000;762;EXCHANGE_LAST;;1;1;XEUR;11820389;688;
27.05.2025;09:54:00.364;FGBL SI 20250606 PS;SIMPLE_INSTRUMENT;EFS;EUR;68;130.99000000;305;EXCHANGE_LAST;;1;1;XEUR;11820389;688;
27.05.2025;09:54:35.732;FGBL SI 20250606 PS;SIMPLE_INSTRUMENT;EFS;EUR;69;131.00000000;431;EXCHANGE_LAST;;1;1;XEUR;11820389;688;
27.05.2025;09:55:07.278;FGBL SI 20250606 PS;SIMPLE_INSTRUMENT;EFP_FIN;EUR;70;130.97000000;488;EXCHANGE_LAST;;1;1;XEUR;11820389;688;
27.05.2025;09:56:18.434;FGBL SI 20250606 PS;SIMPLE_INSTRUMENT;EFS;EUR;71;130.96000000;305;EXCHANGE_LAST;;1;1;XEUR;11820389;688;
27.05.2025;09:56:47.732;FGBL SI 20250606 PS;SIMPLE_INSTRUMENT;EFS;EUR;72;130.96000000;305;EXCHANGE_LAST;;1;1;XEUR;11820389;688;
27.05.2025;09:57:09.881;FGBL SI 20250606 PS;SIMPLE_INSTRUMENT;EFS;EUR;73;131.01000000;245;EXCHANGE_LAST;;1;1;XEUR;11820389;688;
27.05.2025;09:59:58.715;FGBL SI 20250606 PS;SIMPLE_INSTRUMENT;EFS;EUR;74;130.96000000;305;EXCHANGE_LAST;;1;1;XEUR;11820389;688;
27.05.2025;10:00:16.803;FGBL SI 20250606 PS;SIMPLE_INSTRUMENT;EFS;EUR;75;131.00000000;434;EXCHANGE_LAST;;1;1;XEUR;11820389;688;
27.05.2025;10:00:20.700;FGBL SI 20250606 PS;SIMPLE_INSTRUMENT;EFS;EUR;76;130.96000000;305;EXCHANGE_LAST;;1;1;XEUR;11820389;688;
27.05.2025;10:02:04.725;FGBL SI 20250606 PS;SIMPLE_INSTRUMENT;EFS;EUR;77;130.97000000;434;EXCHANGE_LAST;;1;1;XEUR;11820389;688;
27.05.2025;10:02:49.125;FGBL SI 20250606 PS;SIMPLE_INSTRUMENT;EFS;EUR;78;130.97000000;434;EXCHANGE_LAST;;1;1;XEUR;11820389;688;
27.05.2025;10:02:55.924;FGBL SI 20250606 PS;SIMPLE_INSTRUMENT;EFS;EUR;79;131.02000000;434;EXCHANGE_LAST;;1;1;XEUR;11820389;688;
27.05.2025;10:04:59.434;FGBL SI 20250606 PS;SIMPLE_INSTRUMENT;EFS;EUR;80;130.96000000;217;EXCHANGE_LAST;;1;1;XEUR;11820389;688;
27.05.2025;10:06:18.445;FGBL SI 20250606 PS;SIMPLE_INSTRUMENT;EFS;EUR;81;131.03000000;434;EXCHANGE_LAST;;1;1;XEUR;11820389;688;
27.05.2025;10:07:20.016;FGBL SI 20250606 PS;SIMPLE_INSTRUMENT;EFS;EUR;82;131.02000000;87;EXCHANGE_LAST;;1;1;XEUR;11820389;688;
27.05.2025;10:12:47.360;FGBL SI 20250606 PS;SIMPLE_INSTRUMENT;EFS;EUR;83;131.00000000;434;EXCHANGE_LAST;;1;1;XEUR;11820389;688;
27.05.2025;10:12:57.369;FGBL SI 20250606 PS;SIMPLE_INSTRUMENT;EFS;EUR;84;131.01000000;434;EXCHANGE_LAST;;1;1;XEUR;11820389;688;
27.05.2025;10:13:02.374;FGBL SI 20250606 PS;SIMPLE_INSTRUMENT;EFS;EUR;85;130.99000000;434;EXCHANGE_LAST;;1;1;XEUR;11820389;688;
27.05.2025;10:13:26.110;FGBL SI 20250606 PS;SIMPLE_INSTRUMENT;EFS;EUR;86;131.01000000;434;EXCHANGE_LAST;;1;1;XEUR;11820389;688;
27.05.2025;10:13:38.678;FGBL SI 20250606 PS;SIMPLE_INSTRUMENT;EFS;EUR;87;131.01000000;434;EXCHANGE_LAST;;1;1;XEUR;11820389;688;
27.05.2025;10:19:26.429;FGBL SI 20250606 PS;SIMPLE_INSTRUMENT;EFP_FIN;EUR;88;131.01000000;1000;EXCHANGE_LAST;;1;1;XEUR;11820389;688;
27.05.2025;10:19:35.702;FGBL SI 20250606 PS;SIMPLE_INSTRUMENT;EFP_FIN;EUR;89;131.02000000;1000;EXCHANGE_LAST;;1;1;XEUR;11820389;688;
27.05.2025;10:24:04.640;FGBL SI 20250606 PS;SIMPLE_INSTRUMENT;EFS;EUR;90;131.01000000;216;EXCHANGE_LAST;;1;1;XEUR;11820389;688;
27.05.2025;10:43:06.760;FGBL SI 20250606 PS;SIMPLE_INSTRUMENT;EFS;EUR;91;130.97000000;294;EXCHANGE_LAST;;1;1;XEUR;11820389;688;
27.05.2025;11:00:42.593;FGBL SI 20250606 PS;SIMPLE_INSTRUMENT;EFS;EUR;92;130.99000000;733;EXCHANGE_LAST;;1;1;XEUR;11820389;688;
27.05.2025;11:28:23.266;FGBL SI 20250606 PS;SIMPLE_INSTRUMENT;EFS;EUR;93;130.91000000;217;EXCHANGE_LAST;;1;1;XEUR;11820389;688;
27.05.2025;11:28:44.658;FGBL SI 20250606 PS;SIMPLE_INSTRUMENT;EFS;EUR;94;130.91000000;434;EXCHANGE_LAST;;1;1;XEUR;11820389;688;
27.05.2025;11:44:14.762;FGBL SI 20250606 PS;SIMPLE_INSTRUMENT;EFP_FIN;EUR;95;131.17000000;464;EXCHANGE_LAST;;1;1;XEUR;11820389;688;
27.05.2025;12:00:21.318;FGBL SI 20250606 PS;SIMPLE_INSTRUMENT;EFP_FIN;EUR;96;130.90000000;111;EXCHANGE_LAST;;1;1;XEUR;11820389;688;
27.05.2025;12:02:16.915;FGBL SI 20250908 PS;SIMPLE_INSTRUMENT;EFS;EUR;97;130.68000000;200;EXCHANGE_LAST;;1;1;XEUR;12372482;688;
27.05.2025;12:18:27.825;FGBL SI 20250606 PS;SIMPLE_INSTRUMENT;EFS;EUR;98;130.94000000;738;EXCHANGE_LAST;;1;1;XEUR;11820389;688;
27.05.2025;12:19:12.862;FGBL SI 20250606 PS;SIMPLE_INSTRUMENT;EFS;EUR;99;130.94000000;217;EXCHANGE_LAST;;1;1;XEUR;11820389;688;
27.05.2025;12:36:57.942;FGBL SI 20250606 PS;SIMPLE_INSTRUMENT;EFS;EUR;100;130.91000000;100;EXCHANGE_LAST;;1;1;XEUR;11820389;688;
27.05.2025;12:45:53.224;FGBL SI 20250606 PS;SIMPLE_INSTRUMENT;EFS;EUR;101;130.93000000;489;EXCHANGE_LAST;;1;1;XEUR;11820389;688;
27.05.2025;12:49:56.352;FGBL SI 20250606 PS;SIMPLE_INSTRUMENT;EFS;EUR;102;130.95000000;434;EXCHANGE_LAST;;1;1;XEUR;11820389;688;
27.05.2025;12:50:52.410;FGBL SI 20250606 PS;SIMPLE_INSTRUMENT;EFS;EUR;103;130.95000000;434;EXCHANGE_LAST;;1;1;XEUR;11820389;688;
27.05.2025;12:52:32.512;FGBL SI 20250606 PS;SIMPLE_INSTRUMENT;EFS;EUR;104;130.95000000;217;EXCHANGE_LAST;;1;1;XEUR;11820389;688;
27.05.2025;12:54:06.586;FGBL SI 20250606 PS;SIMPLE_INSTRUMENT;EFS;EUR;105;130.95000000;434;EXCHANGE_LAST;;1;1;XEUR;11820389;688;
27.05.2025;12:57:50.203;FGBL SI 20250606 PS;SIMPLE_INSTRUMENT;BLOCK;EUR;106;130.91000000;2154;EXCHANGE_LAST;;1;1;XEUR;11820389;688;
27.05.2025;13:06:21.303;FGBL SI 20250606 PS;SIMPLE_INSTRUMENT;EFS;EUR;107;130.92000000;217;EXCHANGE_LAST;;1;1;XEUR;11820389;688;
27.05.2025;13:01:23.023;FGBL SI 20250606 PS;SIMPLE_INSTRUMENT;EFS;EUR;108;130.91000000;434;EXCHANGE_LAST;;1;1;XEUR;11820389;688;
27.05.2025;13:04:57.606;FGBL SI 20250606 PS;SIMPLE_INSTRUMENT;EFS;EUR;109;130.91000000;129;EXCHANGE_LAST;;1;1;XEUR;11820389;688;
27.05.2025;13:05:02.282;FGBL SI 20250606 PS;SIMPLE_INSTRUMENT;EFP_FIN;EUR;110;130.96000000;878;EXCHANGE_LAST;;1;1;XEUR;11820389;688;
27.05.2025;13:05:48.337;FGBL SI 20250606 PS;SIMPLE_INSTRUMENT;EFP_FIN;EUR;111;130.89000000;174;EXCHANGE_LAST;;1;1;XEUR;11820389;688;
27.05.2025;13:10:27.478;FGBL SI 20250606 PS;SIMPLE_INSTRUMENT;EFS;EUR;112;130.91000000;434;EXCHANGE_LAST;;1;1;XEUR;11820389;688;
27.05.2025;13:16:53.942;FGBL SI 20250606 PS;SIMPLE_INSTRUMENT;EFS;EUR;113;130.92000000;434;EXCHANGE_LAST;;1;1;XEUR;11820389;688;
27.05.2025;13:18:29.035;FGBL SI 20250606 PS;SIMPLE_INSTRUMENT;EFS;EUR;114;130.91000000;434;EXCHANGE_LAST;;1;1;XEUR;11820389;688;
27.05.2025;13:29:17.762;FGBL SI 20250606 PS;SIMPLE_INSTRUMENT;EFP_FIN;EUR;115;130.91000000;325;EXCHANGE_LAST;;1;1;XEUR;11820389;688;
27.05.2025;13:38:36.139;FGBL SI 20250606 PS;SIMPLE_INSTRUMENT;EFP_FIN;EUR;116;130.89000000;603;EXCHANGE_LAST;;1;1;XEUR;11820389;688;
27.05.2025;13:40:06.425;FGBL SI 20250606 PS;SIMPLE_INSTRUMENT;EFP_FIN;EUR;117;130.89000000;174;EXCHANGE_LAST;;1;1;XEUR;11820389;688;
27.05.2025;13:43:26.650;FGBL SI 20250606 PS;SIMPLE_INSTRUMENT;EFP_FIN;EUR;118;130.95000000;167;EXCHANGE_LAST;;1;1;XEUR;11820389;688;
27.05.2025;13:49:46.275;FGBL SI 20250606 PS;SIMPLE_INSTRUMENT;EFS;EUR;120;130.92000000;245;EXCHANGE_LAST;;1;1;XEUR;11820389;688;
27.05.2025;13:52:18.969;FGBL SI 20250606 PS;SIMPLE_INSTRUMENT;EFP_FIN;EUR;121;130.88000000;1654;EXCHANGE_LAST;;1;1;XEUR;11820389;688;
27.05.2025;13:52:36.592;FGBL SI 20250606 PS;SIMPLE_INSTRUMENT;EFS;EUR;122;130.93000000;434;EXCHANGE_LAST;;1;1;XEUR;11820389;688;
27.05.2025;13:53:01.616;FGBL SI 20250606 PS;SIMPLE_INSTRUMENT;EFS;EUR;123;130.94000000;434;EXCHANGE_LAST;;1;1;XEUR;11820389;688;
27.05.2025;13:53:05.208;FGBL SI 20250606 PS;SIMPLE_INSTRUMENT;EFP_FIN;EUR;124;130.91000000;232;EXCHANGE_LAST;;1;1;XEUR;11820389;688;
27.05.2025;13:53:06.622;FGBL SI 20250606 PS;SIMPLE_INSTRUMENT;EFS;EUR;125;130.92000000;434;EXCHANGE_LAST;;1;1;XEUR;11820389;688;
27.05.2025;13:53:26.642;FGBL SI 20250606 PS;SIMPLE_INSTRUMENT;EFS;EUR;126;130.93000000;434;EXCHANGE_LAST;;1;1;XEUR;11820389;688;
27.05.2025;13:55:06.725;FGBL SI 20250606 PS;SIMPLE_INSTRUMENT;EFS;EUR;127;130.92000000;434;EXCHANGE_LAST;;1;1;XEUR;11820389;688;
27.05.2025;13:55:58.505;FGBL SI 20250606 PS;SIMPLE_INSTRUMENT;EFS;EUR;128;130.93000000;230;EXCHANGE_LAST;;1;1;XEUR;11820389;688;
27.05.2025;13:56:36.333;FGBL SI 20250606 PS;SIMPLE_INSTRUMENT;EFS;EUR;129;130.93000000;434;EXCHANGE_LAST;;1;1;XEUR;11820389;688;
27.05.2025;13:57:21.926;FGBL SI 20250606 PS;SIMPLE_INSTRUMENT;EFP_FIN;EUR;130;131.12000000;1682;EXCHANGE_LAST;;1;1;XEUR;11820389;688;
27.05.2025;14:01:02.985;FGBL SI 20250606 PS;SIMPLE_INSTRUMENT;EFS;EUR;131;130.93000000;434;EXCHANGE_LAST;;1;1;XEUR;11820389;688;
27.05.2025;14:01:06.991;FGBL SI 20250606 PS;SIMPLE_INSTRUMENT;EFS;EUR;132;130.93000000;434;EXCHANGE_LAST;;1;1;XEUR;11820389;688;
27.05.2025;14:01:22.005;FGBL SI 20250606 PS;SIMPLE_INSTRUMENT;EFS;EUR;133;130.90000000;651;EXCHANGE_LAST;;1;1;XEUR;11820389;688;
27.05.2025;14:05:42.095;FGBL SI 20250606 PS;SIMPLE_INSTRUMENT;EFP_FIN;EUR;134;130.91000000;232;EXCHANGE_LAST;;1;1;XEUR;11820389;688;
27.05.2025;14:02:41.069;FGBL SI 20250606 PS;SIMPLE_INSTRUMENT;EFS;EUR;135;130.90000000;217;EXCHANGE_LAST;;1;1;XEUR;11820389;688;
27.05.2025;14:02:46.636;FGBL SI 20250606 PS;SIMPLE_INSTRUMENT;EFS;EUR;136;130.89000000;434;EXCHANGE_LAST;;1;1;XEUR;11820389;688;
27.05.2025;14:02:56.082;FGBL SI 20250606 PS;SIMPLE_INSTRUMENT;EFS;EUR;137;130.90000000;434;EXCHANGE_LAST;;1;1;XEUR;11820389;688;
27.05.2025;14:05:21.761;FGBL SI 20250606 PS;SIMPLE_INSTRUMENT;EFS;EUR;138;130.91000000;217;EXCHANGE_LAST;;1;1;XEUR;11820389;688;
27.05.2025;14:06:31.267;FGBL SI 20250606 PS;SIMPLE_INSTRUMENT;EFS;EUR;139;130.87000000;434;EXCHANGE_LAST;;1;1;XEUR;11820389;688;
27.05.2025;14:09:11.387;FGBL SI 20250606 PS;SIMPLE_INSTRUMENT;EFS;EUR;140;130.92000000;434;EXCHANGE_LAST;;1;1;XEUR;11820389;688;
27.05.2025;14:11:36.500;FGBL SI 20250606 PS;SIMPLE_INSTRUMENT;EFS;EUR;141;130.92000000;434;EXCHANGE_LAST;;1;1;XEUR;11820389;688;
27.05.2025;14:11:43.164;FGBL SI 20250606 PS;SIMPLE_INSTRUMENT;EFS;EUR;142;130.92000000;434;EXCHANGE_LAST;;1;1;XEUR;11820389;688;
27.05.2025;14:12:11.529;FGBL SI 20250606 PS;SIMPLE_INSTRUMENT;EFS;EUR;143;130.93000000;434;EXCHANGE_LAST;;1;1;XEUR;11820389;688;
27.05.2025;14:16:05.588;FGBL SI 20250606 PS;SIMPLE_INSTRUMENT;EFS;EUR;144;130.95000000;243;EXCHANGE_LAST;;1;1;XEUR;11820389;688;
27.05.2025;14:16:42.749;FGBL SI 20250606 PS;SIMPLE_INSTRUMENT;EFS;EUR;145;130.95000000;434;EXCHANGE_LAST;;1;1;XEUR;11820389;688;
27.05.2025;14:16:52.759;FGBL SI 20250606 PS;SIMPLE_INSTRUMENT;EFS;EUR;146;130.95000000;434;EXCHANGE_LAST;;1;1;XEUR;11820389;688;
27.05.2025;14:21:05.333;FGBL SI 20250606 PS;SIMPLE_INSTRUMENT;EFS;EUR;147;130.94000000;106;EXCHANGE_LAST;;1;1;XEUR;11820389;688;
27.05.2025;14:21:30.063;FGBL SI 20250606 PS;SIMPLE_INSTRUMENT;EFS;EUR;148;130.94000000;111;EXCHANGE_LAST;;1;1;XEUR;11820389;688;
27.05.2025;14:23:12.084;FGBL SI 20250606 PS;SIMPLE_INSTRUMENT;EFS;EUR;149;130.93000000;111;EXCHANGE_LAST;;1;1;XEUR;11820389;688;
27.05.2025;14:31:28.254;FGBL SI 20250606 PS;SIMPLE_INSTRUMENT;EFS;EUR;150;130.95000000;434;EXCHANGE_LAST;;1;1;XEUR;11820389;688;
27.05.2025;14:32:19.506;FGBL SI 20250606 PS;SIMPLE_INSTRUMENT;EFS;EUR;151;130.94000000;217;EXCHANGE_LAST;;1;1;XEUR;11820389;688;
27.05.2025;14:35:12.136;FGBL SI 20250606 PS;SIMPLE_INSTRUMENT;EFP_FIN;EUR;152;130.94000000;744;EXCHANGE_LAST;;1;1;XEUR;11820389;688;
27.05.2025;14:35:20.808;FGBL SI 20250606 PS;SIMPLE_INSTRUMENT;EFP_FIN;EUR;153;130.94000000;650;EXCHANGE_LAST;;1;1;XEUR;11820389;688;
27.05.2025;14:38:37.513;FGBL SI 20250606 PS;SIMPLE_INSTRUMENT;EFP_FIN;EUR;154;130.94000000;93;EXCHANGE_LAST;;1;1;XEUR;11820389;688;
27.05.2025;14:39:22.836;FGBL SI 20250606 PS;SIMPLE_INSTRUMENT;EFP_FIN;EUR;155;130.97000000;430;EXCHANGE_LAST;;1;1;XEUR;11820389;688;
27.05.2025;14:41:37.123;FGBL SI 20250606 PS;SIMPLE_INSTRUMENT;EFS;EUR;157;130.98000000;434;EXCHANGE_LAST;;1;1;XEUR;11820389;688;
27.05.2025;14:42:57.673;FGBL SI 20250606 PS;SIMPLE_INSTRUMENT;EFS;EUR;158;130.98000000;345;EXCHANGE_LAST;;1;1;XEUR;11820389;688;
27.05.2025;14:44:09.179;FGBL SI 20250606 PS;SIMPLE_INSTRUMENT;EFS;EUR;159;130.98000000;434;EXCHANGE_LAST;;1;1;XEUR;11820389;688;
27.05.2025;14:44:45.131;FGBL SI 20250606 PS;SIMPLE_INSTRUMENT;EFS;EUR;160;130.92000000;434;EXCHANGE_LAST;;1;1;XEUR;11820389;688;
27.05.2025;14:45:10.154;FGBL SI 20250606 PS;SIMPLE_INSTRUMENT;EFS;EUR;161;130.92000000;434;EXCHANGE_LAST;;1;1;XEUR;11820389;688;
27.05.2025;14:49:55.381;FGBL SI 20250606 PS;SIMPLE_INSTRUMENT;EFS;EUR;162;130.92000000;434;EXCHANGE_LAST;;1;1;XEUR;11820389;688;
27.05.2025;14:51:02.609;FGBL SI 20250606 PS;SIMPLE_INSTRUMENT;EFP_FIN;EUR;163;130.88000000;514;EXCHANGE_LAST;;1;1;XEUR;11820389;688;
27.05.2025;14:51:45.479;FGBL SI 20250606 PS;SIMPLE_INSTRUMENT;EFS;EUR;164;130.88000000;434;EXCHANGE_LAST;;1;1;XEUR;11820389;688;
27.05.2025;14:53:20.552;FGBL SI 20250606 PS;SIMPLE_INSTRUMENT;EFS;EUR;165;130.89000000;217;EXCHANGE_LAST;;1;1;XEUR;11820389;688;
27.05.2025;14:53:50.576;FGBL SI 20250606 PS;SIMPLE_INSTRUMENT;EFS;EUR;166;130.92000000;434;EXCHANGE_LAST;;1;1;XEUR;11820389;688;
27.05.2025;14:53:55.581;FGBL SI 20250606 PS;SIMPLE_INSTRUMENT;EFS;EUR;167;130.89000000;217;EXCHANGE_LAST;;1;1;XEUR;11820389;688;
27.05.2025;14:53:56.583;FGBL SI 20250606 PS;SIMPLE_INSTRUMENT;EFS;EUR;168;130.92000000;217;EXCHANGE_LAST;;1;1;XEUR;11820389;688;
27.05.2025;14:54:00.589;FGBL SI 20250606 PS;SIMPLE_INSTRUMENT;EFS;EUR;169;130.87000000;217;EXCHANGE_LAST;;1;1;XEUR;11820389;688;
27.05.2025;14:56:58.158;FGBL SI 20250606 PS;SIMPLE_INSTRUMENT;EFP_FIN;EUR;170;130.91000000;70;EXCHANGE_LAST;;1;1;XEUR;11820389;688;
27.05.2025;15:03:39.599;FGBL SI 20250606 PS;SIMPLE_INSTRUMENT;EFP_FIN;EUR;171;130.90000000;109;EXCHANGE_LAST;;1;1;XEUR;11820389;688;
27.05.2025;15:05:37.104;FGBL SI 20250606 PS;SIMPLE_INSTRUMENT;EFS;EUR;172;130.88000000;434;EXCHANGE_LAST;;1;1;XEUR;11820389;688;
27.05.2025;15:06:17.137;FGBL SI 20250606 PS;SIMPLE_INSTRUMENT;EFS;EUR;173;130.89000000;434;EXCHANGE_LAST;;1;1;XEUR;11820389;688;
27.05.2025;15:07:57.227;FGBL SI 20250606 PS;SIMPLE_INSTRUMENT;EFS;EUR;174;130.88000000;434;EXCHANGE_LAST;;1;1;XEUR;11820389;688;
27.05.2025;15:08:02.232;FGBL SI 20250606 PS;SIMPLE_INSTRUMENT;EFS;EUR;175;130.88000000;217;EXCHANGE_LAST;;1;1;XEUR;11820389;688;
27.05.2025;15:08:47.889;FGBL SI 20250606 PS;SIMPLE_INSTRUMENT;EFP_FIN;EUR;176;130.93000000;232;EXCHANGE_LAST;;1;1;XEUR;11820389;688;
27.05.2025;15:09:17.295;FGBL SI 20250606 PS;SIMPLE_INSTRUMENT;EFS;EUR;177;130.88000000;434;EXCHANGE_LAST;;1;1;XEUR;11820389;688;
27.05.2025;15:12:03.404;FGBL SI 20250606 PS;SIMPLE_INSTRUMENT;EFS;EUR;178;130.94000000;434;EXCHANGE_LAST;;1;1;XEUR;11820389;688;
27.05.2025;15:14:18.508;FGBL SI 20250606 PS;SIMPLE_INSTRUMENT;EFS;EUR;179;130.91000000;217;EXCHANGE_LAST;;1;1;XEUR;11820389;688;
27.05.2025;15:15:28.561;FGBL SI 20250606 PS;SIMPLE_INSTRUMENT;EFS;EUR;180;130.95000000;434;EXCHANGE_LAST;;1;1;XEUR;11820389;688;
27.05.2025;15:18:29.507;FGBL SI 20250606 PS;SIMPLE_INSTRUMENT;EFP_FIN;EUR;181;130.96000000;464;EXCHANGE_LAST;;1;1;XEUR;11820389;688;
27.05.2025;15:20:09.211;FGBL SI 20250606 PS;SIMPLE_INSTRUMENT;EFS;EUR;182;130.95000000;1500;EXCHANGE_LAST;;1;1;XEUR;11820389;688;
27.05.2025;15:21:44.178;FGBL SI 20250606 PS;SIMPLE_INSTRUMENT;EFS;EUR;183;130.94000000;434;EXCHANGE_LAST;;1;1;XEUR;11820389;688;
27.05.2025;15:23:54.190;FGBL SI 20250606 PS;SIMPLE_INSTRUMENT;EFS;EUR;184;130.94000000;434;EXCHANGE_LAST;;1;1;XEUR;11820389;688;
27.05.2025;15:26:46.039;FGBL SI 20250606 PS;SIMPLE_INSTRUMENT;EFP_FIN;EUR;185;130.90000000;748;EXCHANGE_LAST;;1;1;XEUR;11820389;688;
27.05.2025;15:31:00.683;FGBL SI 20250606 PS;SIMPLE_INSTRUMENT;EFS;EUR;186;131.00000000;434;EXCHANGE_LAST;;1;1;XEUR;11820389;688;
27.05.2025;15:36:33.067;FGBL SI 20250606 PS;SIMPLE_INSTRUMENT;EFS;EUR;187;130.93000000;2141;EXCHANGE_LAST;;1;1;XEUR;11820389;688;
27.05.2025;15:42:07.130;FGBL SI 20250606 PS;SIMPLE_INSTRUMENT;EFS;EUR;188;130.99000000;434;EXCHANGE_LAST;;1;1;XEUR;11820389;688;
27.05.2025;15:47:24.125;FGBL SI 20250606 PS;SIMPLE_INSTRUMENT;EFS;EUR;189;131.03000000;216;EXCHANGE_LAST;;1;1;XEUR;11820389;688;
27.05.2025;15:51:52.005;FGBL SI 20250606 PS;SIMPLE_INSTRUMENT;EFP_FIN;EUR;190;131.00000000;561;EXCHANGE_LAST;;1;1;XEUR;11820389;688;
27.05.2025;15:58:18.727;FGBL SI 20250606 PS;SIMPLE_INSTRUMENT;EFS;EUR;191;130.97000000;434;EXCHANGE_LAST;;1;1;XEUR;11820389;688;
27.05.2025;16:03:41.796;FGBL SI 20250606 PS;SIMPLE_INSTRUMENT;EFS;EUR;192;130.97000000;434;EXCHANGE_LAST;;1;1;XEUR;11820389;688;
27.05.2025;16:05:03.566;FGBL SI 20250606 PS;SIMPLE_INSTRUMENT;EFS;EUR;193;131.11000000;434;EXCHANGE_LAST;;1;1;XEUR;11820389;688;
27.05.2025;10:05:33.058;FGBL SI 20250908 PS;SIMPLE_INSTRUMENT;VOLA;EUR;268435489;130.76000000;390;EXCHANGE_LAST;;1;1;XEUR;12372482;688;
27.05.2025;10:06:39.070;FGBL SI 20250908 PS;SIMPLE_INSTRUMENT;VOLA;EUR;268435490;130.76000000;120;EXCHANGE_LAST;;1;1;XEUR;12372482;688;
27.05.2025;10:40:13.320;FGBL SI 20250908 PS;SIMPLE_INSTRUMENT;VOLA;EUR;268435494;130.82000000;120;EXCHANGE_LAST;;1;1;XEUR;12372482;688;
27.05.2025;12:58:38.652;FGBL SI 20250908 PS;SIMPLE_INSTRUMENT;VOLA;EUR;268435529;130.75000000;75;EXCHANGE_LAST;;1;1;XEUR;12372482;688;
27.05.2025;12:59:10.031;FGBL SI 20250908 PS;SIMPLE_INSTRUMENT;VOLA;EUR;268435530;130.71000000;390;EXCHANGE_LAST;;1;1;XEUR;12372482;688;
27.05.2025;12:59:53.034;FGBL SI 20250908 PS;SIMPLE_INSTRUMENT;VOLA;EUR;268435531;130.71000000;210;EXCHANGE_LAST;;1;1;XEUR;12372482;688;
27.05.2025;14:21:04.379;FGBL SI 20250908 PS;SIMPLE_INSTRUMENT;VOLA;EUR;268435539;130.70000000;55;EXCHANGE_LAST;;1;1;XEUR;12372482;688;
27.05.2025;14:21:05.151;FGBL SI 20250908 PS;SIMPLE_INSTRUMENT;VOLA;EUR;268435540;130.71000000;55;EXCHANGE_LAST;;1;1;XEUR;12372482;688;
27.05.2025;14:40:22.014;FGBL SI 20250908 PS;SIMPLE_INSTRUMENT;VOLA;EUR;268435545;130.70000000;48;EXCHANGE_LAST;;1;1;XEUR;12372482;688;
27.05.2025;07:08:20.490;FGBM SI 20250606 PS;SIMPLE_INSTRUMENT;EFP_FIN;EUR;1;119.13000000;818;EXCHANGE_LAST;;1;1;XEUR;11820390;689;
27.05.2025;07:39:34.730;FGBM SI 20250606 PS;SIMPLE_INSTRUMENT;BLOCK;EUR;2;119.19000000;4259;EXCHANGE_LAST;;1;1;XEUR;11820390;689;
27.05.2025;07:46:01.987;FGBM SI 20250606 PS;SIMPLE_INSTRUMENT;EFS;EUR;3;119.17000000;921;EXCHANGE_LAST;;1;1;XEUR;11820390;689;
27.05.2025;07:49:23.540;FGBM SI 20250606 PS;SIMPLE_INSTRUMENT;EFS;EUR;4;119.17000000;461;EXCHANGE_LAST;;1;1;XEUR;11820390;689;
27.05.2025;07:55:10.673;FGBM SI 20250606 PS;SIMPLE_INSTRUMENT;EFP_FIN;EUR;5;119.16000000;191;EXCHANGE_LAST;;1;1;XEUR;11820390;689;
27.05.2025;07:57:48.612;FGBM SI 20250606 PS;SIMPLE_INSTRUMENT;EFS;EUR;6;119.15000000;866;EXCHANGE_LAST;;1;1;XEUR;11820390;689;
27.05.2025;08:01:14.971;FGBM SI 20250606 PS;SIMPLE_INSTRUMENT;EFS;EUR;7;119.16000000;433;EXCHANGE_LAST;;1;1;XEUR;11820390;689;
27.05.2025;08:03:21.102;FGBM SI 20250606 PS;SIMPLE_INSTRUMENT;EFS;EUR;8;119.15000000;810;EXCHANGE_LAST;;1;1;XEUR;11820390;689;
27.05.2025;08:04:10.642;FGBM SI 20250606 PS;SIMPLE_INSTRUMENT;EFS;EUR;9;119.16000000;737;EXCHANGE_LAST;;1;1;XEUR;11820390;689;
27.05.2025;08:27:51.612;FGBM SI 20250606 PS;SIMPLE_INSTRUMENT;EFS;EUR;10;119.16000000;357;EXCHANGE_LAST;;1;1;XEUR;11820390;689;
27.05.2025;08:33:07.720;FGBM SI 20250606 PS;SIMPLE_INSTRUMENT;EFS;EUR;11;119.17000000;866;EXCHANGE_LAST;;1;1;XEUR;11820390;689;
27.05.2025;08:34:22.820;FGBM SI 20250606 PS;SIMPLE_INSTRUMENT;EFS;EUR;12;119.17000000;866;EXCHANGE_LAST;;1;1;XEUR;11820390;689;
27.05.2025;08:35:32.900;FGBM SI 20250606 PS;SIMPLE_INSTRUMENT;EFS;EUR;13;119.17000000;866;EXCHANGE_LAST;;1;1;XEUR;11820390;689;
27.05.2025;08:35:47.920;FGBM SI 20250606 PS;SIMPLE_INSTRUMENT;EFS;EUR;14;119.19000000;866;EXCHANGE_LAST;;1;1;XEUR;11820390;689;
27.05.2025;08:40:03.281;FGBM SI 20250606 PS;SIMPLE_INSTRUMENT;EFS;EUR;15;119.18000000;866;EXCHANGE_LAST;;1;1;XEUR;11820390;689;
27.05.2025;08:47:34.643;FGBM SI 20250606 PS;SIMPLE_INSTRUMENT;EFS;EUR;16;119.19000000;1622;EXCHANGE_LAST;;1;1;XEUR;11820390;689;
27.05.2025;08:56:57.779;FGBM SI 20250606 PS;SIMPLE_INSTRUMENT;EFP_FIN;EUR;17;119.16000000;1116;EXCHANGE_LAST;;1;1;XEUR;11820390;689;
27.05.2025;09:01:04.703;FGBM SI 20250908 PS;SIMPLE_INSTRUMENT;EFP_FIN;EUR;18;118.16000000;215;EXCHANGE_LAST;;1;1;XEUR;12372483;689;
27.05.2025;08:59:24.018;FGBM SI 20250606 PS;SIMPLE_INSTRUMENT;EFP_FIN;EUR;19;119.16000000;98;EXCHANGE_LAST;;1;1;XEUR;11820390;689;
27.05.2025;09:30:30.201;FGBM SI 20250606 PS;SIMPLE_INSTRUMENT;EFS;EUR;20;119.12000000;866;EXCHANGE_LAST;;1;1;XEUR;11820390;689;
27.05.2025;09:31:46.239;FGBM SI 20250606 PS;SIMPLE_INSTRUMENT;EFP_FIN;EUR;21;119.12000000;429;EXCHANGE_LAST;;1;1;XEUR;11820390;689;
27.05.2025;09:36:21.574;FGBM SI 20250606 PS;SIMPLE_INSTRUMENT;EFS;EUR;22;119.12000000;866;EXCHANGE_LAST;;1;1;XEUR;11820390;689;
27.05.2025;09:52:34.381;FGBM SI 20250606 PS;SIMPLE_INSTRUMENT;EFS;EUR;23;119.11000000;461;EXCHANGE_LAST;;1;1;XEUR;11820390;689;
27.05.2025;10:07:46.435;FGBM SI 20250606 PS;SIMPLE_INSTRUMENT;EFP_FIN;EUR;24;119.14000000;496;EXCHANGE_LAST;;1;1;XEUR;11820390;689;
27.05.2025;10:12:42.402;FGBM SI 20250606 PS;SIMPLE_INSTRUMENT;EFS;EUR;25;119.12000000;815;EXCHANGE_LAST;;1;1;XEUR;11820390;689;
27.05.2025;10:47:03.684;FGBM SI 20250606 PS;SIMPLE_INSTRUMENT;EFS;EUR;26;119.08000000;813;EXCHANGE_LAST;;1;1;XEUR;11820390;689;
27.05.2025;10:49:04.266;FGBM SI 20250606 PS;SIMPLE_INSTRUMENT;EFP_FIN;EUR;27;119.07000000;513;EXCHANGE_LAST;;1;1;XEUR;11820390;689;
27.05.2025;10:50:36.907;FGBM SI 20250606 PS;SIMPLE_INSTRUMENT;EFS;EUR;28;119.09000000;813;EXCHANGE_LAST;;1;1;XEUR;11820390;689;
27.05.2025;11:28:01.412;FGBM SI 20250606 PS;SIMPLE_INSTRUMENT;EFS;EUR;29;119.07000000;867;EXCHANGE_LAST;;1;1;XEUR;11820390;689;
27.05.2025;11:34:42.766;FGBM SI 20250606 PS;SIMPLE_INSTRUMENT;EFP_FIN;EUR;31;119.05000000;213;EXCHANGE_LAST;;1;1;XEUR;11820390;689;
27.05.2025;11:37:20.028;FGBM SI 20250606 PS;SIMPLE_INSTRUMENT;EFS;EUR;32;119.04000000;433;EXCHANGE_LAST;;1;1;XEUR;11820390;689;
27.05.2025;11:38:47.887;FGBM SI 20250606 PS;SIMPLE_INSTRUMENT;EFS;EUR;33;119.04000000;650;EXCHANGE_LAST;;1;1;XEUR;11820390;689;
27.05.2025;11:38:45.095;FGBM SI 20250606 PS;SIMPLE_INSTRUMENT;EFS;EUR;34;119.04000000;217;EXCHANGE_LAST;;1;1;XEUR;11820390;689;
27.05.2025;11:42:47.250;FGBM SI 20250606 PS;SIMPLE_INSTRUMENT;EFS;EUR;36;119.03000000;184;EXCHANGE_LAST;;1;1;XEUR;11820390;689;
27.05.2025;12:11:14.818;FGBM SI 20250606 PS;SIMPLE_INSTRUMENT;EFP_FIN;EUR;37;119.04000000;269;EXCHANGE_LAST;;1;1;XEUR;11820390;689;
27.05.2025;12:48:23.874;FGBM SI 20250606 PS;SIMPLE_INSTRUMENT;EFP_FIN;EUR;38;119.06000000;492;EXCHANGE_LAST;;1;1;XEUR;11820390;689;
27.05.2025;13:06:01.156;FGBM SI 20250606 PS;SIMPLE_INSTRUMENT;EFP_FIN;EUR;39;119.04000000;99;EXCHANGE_LAST;;1;1;XEUR;11820390;689;
27.05.2025;13:13:58.772;FGBM SI 20250606 PS;SIMPLE_INSTRUMENT;EFS;EUR;40;119.04000000;303;EXCHANGE_LAST;;1;1;XEUR;11820390;689;
27.05.2025;13:17:27.384;FGBM SI 20250606 PS;SIMPLE_INSTRUMENT;EFS;EUR;41;119.04000000;150;EXCHANGE_LAST;;1;1;XEUR;11820390;689;
27.05.2025;13:17:56.914;FGBM SI 20250606 PS;SIMPLE_INSTRUMENT;EFS;EUR;42;119.03000000;866;EXCHANGE_LAST;;1;1;XEUR;11820390;689;
27.05.2025;13:18:21.338;FGBM SI 20250606 PS;SIMPLE_INSTRUMENT;EFS;EUR;43;119.03000000;819;EXCHANGE_LAST;;1;1;XEUR;11820390;689;
27.05.2025;13:19:02.892;FGBM SI 20250606 PS;SIMPLE_INSTRUMENT;EFS;EUR;44;119.03000000;866;EXCHANGE_LAST;;1;1;XEUR;11820390;689;
27.05.2025;13:25:14.755;FGBM SI 20250606 PS;SIMPLE_INSTRUMENT;EFS;EUR;45;119.04000000;406;EXCHANGE_LAST;;1;1;XEUR;11820390;689;
27.05.2025;13:27:52.449;FGBM SI 20250606 PS;SIMPLE_INSTRUMENT;EFS;EUR;46;119.04000000;1639;EXCHANGE_LAST;;1;1;XEUR;11820390;689;
27.05.2025;13:49:49.175;FGBM SI 20250606 PS;SIMPLE_INSTRUMENT;EFS;EUR;47;119.04000000;3074;EXCHANGE_LAST;;1;1;XEUR;11820390;689;
27.05.2025;13:55:14.701;FGBM SI 20250606 PS;SIMPLE_INSTRUMENT;EFS;EUR;48;119.05000000;433;EXCHANGE_LAST;;1;1;XEUR;11820390;689;
27.05.2025;14:19:09.468;FGBM SI 20250606 PS;SIMPLE_INSTRUMENT;EFP_FIN;EUR;49;119.04000000;520;EXCHANGE_LAST;;1;1;XEUR;11820390;689;
27.05.2025;14:23:56.393;FGBM SI 20250606 PS;SIMPLE_INSTRUMENT;EFS;EUR;50;119.03000000;459;EXCHANGE_LAST;;1;1;XEUR;11820390;689;
27.05.2025;14:25:23.520;FGBM SI 20250606 PS;SIMPLE_INSTRUMENT;EFP_FIN;EUR;51;119.04000000;1278;EXCHANGE_LAST;;1;1;XEUR;11820390;689;
27.05.2025;14:24:38.683;FGBM SI 20250606 PS;SIMPLE_INSTRUMENT;EFS;EUR;52;119.03000000;407;EXCHANGE_LAST;;1;1;XEUR;11820390;689;
27.05.2025;14:31:59.368;FGBM SI 20250606 PS;SIMPLE_INSTRUMENT;EFS;EUR;53;119.03000000;819;EXCHANGE_LAST;;1;1;XEUR;11820390;689;
27.05.2025;14:33:07.139;FGBM SI 20250606 PS;SIMPLE_INSTRUMENT;EFP_FIN;EUR;54;119.05000000;679;EXCHANGE_LAST;;1;1;XEUR;11820390;689;
27.05.2025;14:44:19.806;FGBM SI 20250606 PS;SIMPLE_INSTRUMENT;EFS;EUR;55;119.06000000;433;EXCHANGE_LAST;;1;1;XEUR;11820390;689;
27.05.2025;14:46:24.198;FGBM SI 20250606 PS;SIMPLE_INSTRUMENT;EFS;EUR;56;119.03000000;433;EXCHANGE_LAST;;1;1;XEUR;11820390;689;
27.05.2025;14:51:14.535;FGBM SI 20250606 PS;SIMPLE_INSTRUMENT;EFS;EUR;57;119.04000000;813;EXCHANGE_LAST;;1;1;XEUR;11820390;689;
27.05.2025;15:00:25.870;FGBM SI 20250606 PS;SIMPLE_INSTRUMENT;EFS;EUR;58;119.02000000;434;EXCHANGE_LAST;;1;1;XEUR;11820390;689;
27.05.2025;15:02:25.440;FGBM SI 20250606 PS;SIMPLE_INSTRUMENT;EFP_FIN;EUR;59;119.02000000;1384;EXCHANGE_LAST;;1;1;XEUR;11820390;689;
27.05.2025;15:11:35.559;FGBM SI 20250606 PS;SIMPLE_INSTRUMENT;EFS;EUR;60;119.02000000;462;EXCHANGE_LAST;;1;1;XEUR;11820390;689;
27.05.2025;15:13:33.473;FGBM SI 20250606 PS;SIMPLE_INSTRUMENT;EFS;EUR;61;119.04000000;433;EXCHANGE_LAST;;1;1;XEUR;11820390;689;
27.05.2025;15:18:58.382;FGBM SI 20250606 PS;SIMPLE_INSTRUMENT;EFS;EUR;62;119.05000000;1250;EXCHANGE_LAST;;1;1;XEUR;11820390;689;
27.05.2025;15:34:34.575;FGBM SI 20250606 PS;SIMPLE_INSTRUMENT;EFP_FIN;EUR;63;119.05000000;341;EXCHANGE_LAST;;1;1;XEUR;11820390;689;
27.05.2025;15:41:10.351;FGBM SI 20250606 PS;SIMPLE_INSTRUMENT;EFS;EUR;64;119.04000000;413;EXCHANGE_LAST;;1;1;XEUR;11820390;689;
27.05.2025;15:41:00.660;FGBM SI 20250606 PS;SIMPLE_INSTRUMENT;EFS;EUR;65;119.06000000;1300;EXCHANGE_LAST;;1;1;XEUR;11820390;689;
27.05.2025;15:56:41.635;FGBM SI 20250606 PS;SIMPLE_INSTRUMENT;EFS;EUR;66;119.05000000;1639;EXCHANGE_LAST;;1;1;XEUR;11820390;689;
27.05.2025;16:01:03.686;FGBM SI 20250606 PS;SIMPLE_INSTRUMENT;EFS;EUR;67;119.04000000;922;EXCHANGE_LAST;;1;1;XEUR;11820390;689;
27.05.2025;07:26:59.640;FGBS SI 20250606 PS;SIMPLE_INSTRUMENT;EFP_FIN;EUR;1;107.39000000;1876;EXCHANGE_LAST;;1;1;XEUR;11820391;690;
27.05.2025;07:37:42.021;FGBS SI 20250606 PS;SIMPLE_INSTRUMENT;EFS;EUR;2;107.40000000;1089;EXCHANGE_LAST;;1;1;XEUR;11820391;690;
27.05.2025;07:39:24.439;FGBS SI 20250606 PS;SIMPLE_INSTRUMENT;BLOCK;EUR;3;107.40500000;4692;EXCHANGE_LAST;;1;1;XEUR;11820391;690;
27.05.2025;07:46:23.049;FGBS SI 20250606 PS;SIMPLE_INSTRUMENT;EFS;EUR;4;107.40000000;2722;EXCHANGE_LAST;;1;1;XEUR;11820391;690;
27.05.2025;07:53:41.076;FGBS SI 20250606 PS;SIMPLE_INSTRUMENT;EFS;EUR;5;107.39500000;2113;EXCHANGE_LAST;;1;1;XEUR;11820391;690;
27.05.2025;07:54:52.612;FGBS SI 20250606 PS;SIMPLE_INSTRUMENT;EFP_FIN;EUR;6;107.39000000;938;EXCHANGE_LAST;;1;1;XEUR;11820391;690;
27.05.2025;08:01:49.096;FGBS SI 20250606 PS;SIMPLE_INSTRUMENT;EFS;EUR;7;107.40000000;2392;EXCHANGE_LAST;;1;1;XEUR;11820391;690;
27.05.2025;08:07:55.308;FGBS SI 20250606 PS;SIMPLE_INSTRUMENT;EFP_FIN;EUR;8;107.39000000;4692;EXCHANGE_LAST;;1;1;XEUR;11820391;690;
27.05.2025;08:11:19.496;FGBS SI 20250606 PS;SIMPLE_INSTRUMENT;EFP_FIN;EUR;9;107.39000000;301;EXCHANGE_LAST;;1;1;XEUR;11820391;690;
27.05.2025;08:18:44.601;FGBS SI 20250606 PS;SIMPLE_INSTRUMENT;EFS;EUR;10;107.40000000;1361;EXCHANGE_LAST;;1;1;XEUR;11820391;690;
27.05.2025;08:28:48.635;FGBS SI 20250606 PS;SIMPLE_INSTRUMENT;EFP_FIN;EUR;11;107.39000000;346;EXCHANGE_LAST;;1;1;XEUR;11820391;690;
27.05.2025;08:31:44.718;FGBS SI 20250606 PS;SIMPLE_INSTRUMENT;EFP_FIN;EUR;12;107.39000000;2064;EXCHANGE_LAST;;1;1;XEUR;11820391;690;
27.05.2025;08:35:38.862;FGBS SI 20250606 PS;SIMPLE_INSTRUMENT;EFP_FIN;EUR;13;107.40000000;938;EXCHANGE_LAST;;1;1;XEUR;11820391;690;
27.05.2025;08:48:02.662;FGBS SI 20250606 PS;SIMPLE_INSTRUMENT;EFP_FIN;EUR;14;107.39000000;938;EXCHANGE_LAST;;1;1;XEUR;11820391;690;
27.05.2025;09:04:10.011;FGBS SI 20250606 PS;SIMPLE_INSTRUMENT;EFS;EUR;15;107.40000000;2398;EXCHANGE_LAST;;1;1;XEUR;11820391;690;
27.05.2025;09:06:58.423;FGBS SI 20250606 PS;SIMPLE_INSTRUMENT;EFP_FIN;EUR;16;107.39000000;938;EXCHANGE_LAST;;1;1;XEUR;11820391;690;
27.05.2025;09:42:21.633;FGBS SI 20250606 PS;SIMPLE_INSTRUMENT;EFP_FIN;EUR;17;107.38000000;298;EXCHANGE_LAST;;1;1;XEUR;11820391;690;
27.05.2025;09:47:24.051;FGBS SI 20250606 PS;SIMPLE_INSTRUMENT;EFP_FIN;EUR;18;107.38000000;746;EXCHANGE_LAST;;1;1;XEUR;11820391;690;
27.05.2025;09:51:18.212;FGBS SI 20250606 PS;SIMPLE_INSTRUMENT;EFS;EUR;19;107.38500000;2400;EXCHANGE_LAST;;1;1;XEUR;11820391;690;
27.05.2025;09:51:29.558;FGBS SI 20250606 PS;SIMPLE_INSTRUMENT;EFP_FIN;EUR;20;107.38500000;529;EXCHANGE_LAST;;1;1;XEUR;11820391;690;
27.05.2025;09:53:41.052;FGBS SI 20250606 PS;SIMPLE_INSTRUMENT;EFS;EUR;21;107.38500000;2399;EXCHANGE_LAST;;1;1;XEUR;11820391;690;
27.05.2025;09:56:49.286;FGBS SI 20250606 PS;SIMPLE_INSTRUMENT;EFP_FIN;EUR;22;107.40000000;3002;EXCHANGE_LAST;;1;1;XEUR;11820391;690;
27.05.2025;10:20:25.563;FGBS SI 20250606 PS;SIMPLE_INSTRUMENT;BLOCK;EUR;23;107.38000000;11079;EXCHANGE_LAST;;1;1;XEUR;11820391;690;
27.05.2025;11:03:54.954;FGBS SI 20250606 PS;SIMPLE_INSTRUMENT;EFS;EUR;24;107.37000000;1200;EXCHANGE_LAST;;1;1;XEUR;11820391;690;
27.05.2025;11:28:45.084;FGBS SI 20250606 PS;SIMPLE_INSTRUMENT;EFP_FIN;EUR;25;107.37000000;469;EXCHANGE_LAST;;1;1;XEUR;11820391;690;
27.05.2025;11:46:32.163;FGBS SI 20250606 PS;SIMPLE_INSTRUMENT;EFS;EUR;26;107.36000000;686;EXCHANGE_LAST;;1;1;XEUR;11820391;690;
27.05.2025;12:26:20.798;FGBS SI 20250908 PS;SIMPLE_INSTRUMENT;EFP_FIN;EUR;27;107.45000000;1396;EXCHANGE_LAST;;1;1;XEUR;12372484;690;
27.05.2025;12:49:32.268;FGBS SI 20250606 PS;SIMPLE_INSTRUMENT;EFP_FIN;EUR;28;107.36000000;1877;EXCHANGE_LAST;;1;1;XEUR;11820391;690;
27.05.2025;13:16:01.359;FGBS SI 20250606 PS;SIMPLE_INSTRUMENT;EFP_FIN;EUR;30;107.35500000;347;EXCHANGE_LAST;;1;1;XEUR;11820391;690;
27.05.2025;13:18:56.540;FGBS SI 20250606 PS;SIMPLE_INSTRUMENT;EFP_FIN;EUR;31;107.35000000;704;EXCHANGE_LAST;;1;1;XEUR;11820391;690;
27.05.2025;13:23:01.370;FGBS SI 20250606 PS;SIMPLE_INSTRUMENT;EFS;EUR;32;107.35500000;5443;EXCHANGE_LAST;;1;1;XEUR;11820391;690;
27.05.2025;13:23:56.295;FGBS SI 20250606 PS;SIMPLE_INSTRUMENT;EFP_FIN;EUR;33;107.35000000;126;EXCHANGE_LAST;;1;1;XEUR;11820391;690;
27.05.2025;13:24:14.279;FGBS SI 20250606 PS;SIMPLE_INSTRUMENT;EFS;EUR;34;107.35500000;1198;EXCHANGE_LAST;;1;1;XEUR;11820391;690;
27.05.2025;14:19:53.666;FGBS SI 20250606 PS;SIMPLE_INSTRUMENT;EFS;EUR;35;107.35000000;1000;EXCHANGE_LAST;;1;1;XEUR;11820391;690;
27.05.2025;14:24:19.541;FGBS SI 20250606 PS;SIMPLE_INSTRUMENT;EFS;EUR;36;107.35000000;1000;EXCHANGE_LAST;;1;1;XEUR;11820391;690;
27.05.2025;14:41:11.138;FGBS SI 20250606 PS;SIMPLE_INSTRUMENT;EFP_FIN;EUR;37;107.35000000;2820;EXCHANGE_LAST;;1;1;XEUR;11820391;690;
27.05.2025;14:53:04.239;FGBS SI 20250606 PS;SIMPLE_INSTRUMENT;EFS;EUR;40;107.35000000;2401;EXCHANGE_LAST;;1;1;XEUR;11820391;690;
27.05.2025;14:56:47.539;FGBS SI 20250606 PS;SIMPLE_INSTRUMENT;EFP_FIN;EUR;41;107.35000000;657;EXCHANGE_LAST;;1;1;XEUR;11820391;690;
27.05.2025;06:56:56.351;FGBX SI 20250606 PS;SIMPLE_INSTRUMENT;EFS;EUR;1;120.78000000;45;EXCHANGE_LAST;;1;1;XEUR;11820392;691;
27.05.2025;07:55:56.350;FGBX SI 20250606 PS;SIMPLE_INSTRUMENT;EFS;EUR;2;121.28000000;108;EXCHANGE_LAST;;1;1;XEUR;11820392;691;
27.05.2025;08:06:24.554;FGBX SI 20250606 PS;SIMPLE_INSTRUMENT;EFS;EUR;4;121.34000000;62;EXCHANGE_LAST;;1;1;XEUR;11820392;691;
27.05.2025;08:16:49.652;FGBX SI 20250606 PS;SIMPLE_INSTRUMENT;EFS;EUR;5;121.40000000;91;EXCHANGE_LAST;;1;1;XEUR;11820392;691;
27.05.2025;08:22:48.833;FGBX SI 20250606 PS;SIMPLE_INSTRUMENT;EFS;EUR;7;121.38000000;364;EXCHANGE_LAST;;1;1;XEUR;11820392;691;
27.05.2025;08:23:04.289;FGBX SI 20250606 PS;SIMPLE_INSTRUMENT;EFP_FIN;EUR;8;121.32000000;498;EXCHANGE_LAST;;1;1;XEUR;11820392;691;
27.05.2025;08:27:24.560;FGBX SI 20250606 PS;SIMPLE_INSTRUMENT;EFP_FIN;EUR;9;121.40000000;66;EXCHANGE_LAST;;1;1;XEUR;11820392;691;
27.05.2025;08:31:59.007;FGBX SI 20250606 PS;SIMPLE_INSTRUMENT;EFS;EUR;10;121.32000000;273;EXCHANGE_LAST;;1;1;XEUR;11820392;691;
27.05.2025;09:32:41.813;FGBX SI 20250606 PS;SIMPLE_INSTRUMENT;BLOCK;EUR;17;121.16000000;255;EXCHANGE_LAST;;1;1;XEUR;11820392;691;
27.05.2025;09:35:12.377;FGBX SI 20250606 PS;SIMPLE_INSTRUMENT;EFP_FIN;EUR;18;121.32000000;446;EXCHANGE_LAST;;1;1;XEUR;11820392;691;
27.05.2025;10:15:51.456;FGBX SI 20250606 PS;SIMPLE_INSTRUMENT;BLOCK;EUR;21;121.02000000;745;EXCHANGE_LAST;;1;1;XEUR;11820392;691;
27.05.2025;10:17:26.605;FGBX SI 20250606 PS;SIMPLE_INSTRUMENT;EFP_FIN;EUR;22;121.02000000;930;EXCHANGE_LAST;;1;1;XEUR;11820392;691;
27.05.2025;10:19:22.201;FGBX SI 20250606 PS;SIMPLE_INSTRUMENT;EFP_FIN;EUR;23;121.00000000;249;EXCHANGE_LAST;;1;1;XEUR;11820392;691;
27.05.2025;10:19:48.611;FGBX SI 20250606 PS;SIMPLE_INSTRUMENT;EFP_FIN;EUR;24;121.04000000;744;EXCHANGE_LAST;;1;1;XEUR;11820392;691;
27.05.2025;10:28:39.575;FGBX SI 20250606 PS;SIMPLE_INSTRUMENT;EFP_FIN;EUR;25;121.02000000;707;EXCHANGE_LAST;;1;1;XEUR;11820392;691;
27.05.2025;10:29:00.765;FGBX SI 20250606 PS;SIMPLE_INSTRUMENT;EFP_FIN;EUR;26;121.02000000;781;EXCHANGE_LAST;;1;1;XEUR;11820392;691;
27.05.2025;11:01:54.378;FGBX SI 20250606 PS;SIMPLE_INSTRUMENT;EFS;EUR;27;121.02000000;311;EXCHANGE_LAST;;1;1;XEUR;11820392;691;
27.05.2025;11:05:29.546;FGBX SI 20250606 PS;SIMPLE_INSTRUMENT;EFP_FIN;EUR;28;121.02000000;203;EXCHANGE_LAST;;1;1;XEUR;11820392;691;
27.05.2025;11:07:24.657;FGBX SI 20250606 PS;SIMPLE_INSTRUMENT;EFP_FIN;EUR;29;121.30000000;226;EXCHANGE_LAST;;1;1;XEUR;11820392;691;
27.05.2025;11:07:44.197;FGBX SI 20250606 PS;SIMPLE_INSTRUMENT;EFP_FIN;EUR;30;121.32000000;227;EXCHANGE_LAST;;1;1;XEUR;11820392;691;
27.05.2025;11:12:19.350;FGBX SI 20250606 PS;SIMPLE_INSTRUMENT;EFS;EUR;31;121.06000000;95;EXCHANGE_LAST;;1;1;XEUR;11820392;691;
27.05.2025;11:29:37.971;FGBX SI 20250606 PS;SIMPLE_INSTRUMENT;EFP_FIN;EUR;33;121.02000000;203;EXCHANGE_LAST;;1;1;XEUR;11820392;691;
27.05.2025;11:26:44.119;FGBX SI 20250606 PS;SIMPLE_INSTRUMENT;EFP_FIN;EUR;34;121.02000000;878;EXCHANGE_LAST;;1;1;XEUR;11820392;691;
27.05.2025;11:27:36.893;FGBX SI 20250606 PS;SIMPLE_INSTRUMENT;EFP_FIN;EUR;35;121.00000000;558;EXCHANGE_LAST;;1;1;XEUR;11820392;691;
27.05.2025;11:31:09.588;FGBX SI 20250606 PS;SIMPLE_INSTRUMENT;EFP_FIN;EUR;36;120.96000000;372;EXCHANGE_LAST;;1;1;XEUR;11820392;691;
27.05.2025;11:38:18.895;FGBX SI 20250606 PS;SIMPLE_INSTRUMENT;EFP_FIN;EUR;37;121.10000000;447;EXCHANGE_LAST;;1;1;XEUR;11820392;691;
27.05.2025;11:40:13.975;FGBX SI 20250606 PS;SIMPLE_INSTRUMENT;EFP_FIN;EUR;38;121.08000000;744;EXCHANGE_LAST;;1;1;XEUR;11820392;691;
27.05.2025;12:16:53.729;FGBX SI 20250606 PS;SIMPLE_INSTRUMENT;EFP_FIN;EUR;39;121.22000000;744;EXCHANGE_LAST;;1;1;XEUR;11820392;691;
27.05.2025;12:38:01.785;FGBX SI 20250606 PS;SIMPLE_INSTRUMENT;EFP_FIN;EUR;40;121.04000000;372;EXCHANGE_LAST;;1;1;XEUR;11820392;691;
27.05.2025;12:47:44.255;FGBX SI 20250606 PS;SIMPLE_INSTRUMENT;EFS;EUR;41;121.14000000;207;EXCHANGE_LAST;;1;1;XEUR;11820392;691;
27.05.2025;12:58:40.366;FGBX SI 20250606 PS;SIMPLE_INSTRUMENT;BLOCK;EUR;43;121.14000000;910;EXCHANGE_LAST;;1;1;XEUR;11820392;691;
27.05.2025;13:05:01.928;FGBX SI 20250606 PS;SIMPLE_INSTRUMENT;EFS;EUR;44;121.12000000;53;EXCHANGE_LAST;;1;1;XEUR;11820392;691;
27.05.2025;13:19:22.707;FGBX SI 20250606 PS;SIMPLE_INSTRUMENT;EFS;EUR;45;121.12000000;183;EXCHANGE_LAST;;1;1;XEUR;11820392;691;
27.05.2025;13:28:48.257;FGBX SI 20250606 PS;SIMPLE_INSTRUMENT;EFS;EUR;47;121.18000000;430;EXCHANGE_LAST;;1;1;XEUR;11820392;691;
27.05.2025;13:29:04.997;FGBX SI 20250606 PS;SIMPLE_INSTRUMENT;EFS;EUR;48;121.12000000;368;EXCHANGE_LAST;;1;1;XEUR;11820392;691;
27.05.2025;14:33:59.387;FGBX SI 20250606 PS;SIMPLE_INSTRUMENT;EFS;EUR;52;121.20000000;183;EXCHANGE_LAST;;1;1;XEUR;11820392;691;
27.05.2025;14:53:23.356;FGBX SI 20250606 PS;SIMPLE_INSTRUMENT;EFP_FIN;EUR;53;121.04000000;372;EXCHANGE_LAST;;1;1;XEUR;11820392;691;
27.05.2025;15:36:29.466;FGBX SI 20250606 PS;SIMPLE_INSTRUMENT;EFS;EUR;54;121.16000000;884;EXCHANGE_LAST;;1;1;XEUR;11820392;691;
27.05.2025;15:57:29.628;FGBX SI 20250606 PS;SIMPLE_INSTRUMENT;EFS;EUR;55;121.28000000;368;EXCHANGE_LAST;;1;1;XEUR;11820392;691;
27.05.2025;07:09:14.067;FMEM SI 20250620 CS;SIMPLE_INSTRUMENT;BLOCK;USD;6;632.52000000;80;EXCHANGE_LAST;;1;1;XEUR;7938803;12394;
27.05.2025;07:17:55.494;FMEN SI 20250620 CS;SIMPLE_INSTRUMENT;BLOCK;EUR;7;520.60200000;30;EXCHANGE_LAST;;1;1;XEUR;7939172;30652;
27.05.2025;07:21:42.320;FMEN SI 20250620 CS;SIMPLE_INSTRUMENT;EFP_IDX;EUR;8;520.60200000;218;EXCHANGE_LAST;;1;1;XEUR;7939172;30652;
27.05.2025;06:35:09.805;FMES SI 20250620 CS;SIMPLE_INSTRUMENT;EFP_IDX;EUR;3;613.83200000;18;EXCHANGE_LAST;;1;1;XEUR;7940344;221291;
27.05.2025;06:37:45.414;FMES SI 20250620 CS;SIMPLE_INSTRUMENT;EFP_IDX;EUR;4;613.83200000;1;EXCHANGE_LAST;;1;1;XEUR;7940344;221291;
27.05.2025;15:45:24.072;FMES SI 20250620 CS;SIMPLE_INSTRUMENT;BLOCK;EUR;19;615.50000000;80;EXCHANGE_LAST;;1;1;XEUR;7940344;221291;
27.05.2025;13:39:49.755;FMGO SI 20250620 CS;SIMPLE_INSTRUMENT;BLOCK;USD;17;5590.00000000;96;EXCHANGE_LAST;;1;1;XEUR;8609371;583623;
27.05.2025;07:47:19.513;FMHK SI 20250620 CS;SIMPLE_INSTRUMENT;BLOCK;USD;9;64301.00000000;76;EXCHANGE_LAST;;1;1;XEUR;7939458;45282;
27.05.2025;10:15:59.912;FMIN SI 20250620 CS;SIMPLE_INSTRUMENT;BLOCK;USD;16;1292.82800000;45;EXCHANGE_LAST;;1;1;XEUR;7938852;12404;
27.05.2025;02:31:14.851;FMJP SI 20250620 CS;SIMPLE_INSTRUMENT;BLOCK;USD;1;9425.09800000;3410;EXCHANGE_LAST;;1;1;XEUR;7937445;661;
27.05.2025;08:58:21.304;FMJP SI 20250620 CS;SIMPLE_INSTRUMENT;BLOCK;USD;14;9470.00000000;215;EXCHANGE_LAST;;1;1;XEUR;7937445;661;
27.05.2025;08:58:44.487;FMJP SI 20251219 CS;SIMPLE_INSTRUMENT;BLOCK;USD;15;9679.28700000;210;EXCHANGE_LAST;;1;1;XEUR;8837014;661;
27.05.2025;05:59:03.527;FMWO SI 20250620 CS;SIMPLE_INSTRUMENT;EFP_IDX;USD;2;12189.06000000;21;EXCHANGE_LAST;;1;1;XEUR;7938711;7059;
27.05.2025;06:45:01.885;FMWO SI 20250620 CS;SIMPLE_INSTRUMENT;EFP_IDX;USD;5;12189.56000000;221;EXCHANGE_LAST;;1;1;XEUR;7938711;7059;
27.05.2025;08:07:19.281;FOAT SI 20250606 PS;SIMPLE_INSTRUMENT;EFP_FIN;EUR;1;125.43000000;198;EXCHANGE_LAST;;1;1;XEUR;11820393;749;
27.05.2025;08:26:09.195;FOAT SI 20250606 PS;SIMPLE_INSTRUMENT;EFP_FIN;EUR;2;125.42000000;413;EXCHANGE_LAST;;1;1;XEUR;11820393;749;
27.05.2025;08:37:12.725;FOAT SI 20250606 PS;SIMPLE_INSTRUMENT;EFP_FIN;EUR;3;125.46000000;413;EXCHANGE_LAST;;1;1;XEUR;11820393;749;
27.05.2025;08:47:29.298;FOAT SI 20250606 PS;SIMPLE_INSTRUMENT;BLOCK;EUR;4;125.45000000;1239;EXCHANGE_LAST;;1;1;XEUR;11820393;749;
27.05.2025;08:47:35.254;FOAT SI 20250606 PS;SIMPLE_INSTRUMENT;EFP_FIN;EUR;5;125.41000000;1085;EXCHANGE_LAST;;1;1;XEUR;11820393;749;
27.05.2025;08:49:25.999;FOAT SI 20250606 PS;SIMPLE_INSTRUMENT;EFP_FIN;EUR;6;125.45000000;434;EXCHANGE_LAST;;1;1;XEUR;11820393;749;
27.05.2025;09:05:13.450;FOAT SI 20250606 PS;SIMPLE_INSTRUMENT;EFP_FIN;EUR;7;125.40000000;201;EXCHANGE_LAST;;1;1;XEUR;11820393;749;
27.05.2025;09:22:16.418;FOAT SI 20250606 PS;SIMPLE_INSTRUMENT;EFP_FIN;EUR;8;125.39000000;236;EXCHANGE_LAST;;1;1;XEUR;11820393;749;
27.05.2025;10:10:34.673;FOAT SI 20250606 PS;SIMPLE_INSTRUMENT;BLOCK;EUR;9;125.26000000;1243;EXCHANGE_LAST;;1;1;XEUR;11820393;749;
27.05.2025;10:13:46.881;FOAT SI 20250606 PS;SIMPLE_INSTRUMENT;BLOCK;EUR;10;125.30000000;567;EXCHANGE_LAST;;1;1;XEUR;11820393;749;
27.05.2025;10:12:37.121;FOAT SI 20250606 PS;SIMPLE_INSTRUMENT;EFP_FIN;EUR;11;125.28000000;1970;EXCHANGE_LAST;;1;1;XEUR;11820393;749;
27.05.2025;10:13:41.881;FOAT SI 20250908 PS;SIMPLE_INSTRUMENT;BLOCK;EUR;12;124.29000000;569;EXCHANGE_LAST;;1;1;XEUR;12372486;749;
27.05.2025;10:22:26.950;FOAT SI 20250606 PS;SIMPLE_INSTRUMENT;EFP_FIN;EUR;13;125.23000000;124;EXCHANGE_LAST;;1;1;XEUR;11820393;749;
27.05.2025;10:22:52.197;FOAT SI 20250606 PS;SIMPLE_INSTRUMENT;EFP_FIN;EUR;14;125.23000000;1115;EXCHANGE_LAST;;1;1;XEUR;11820393;749;
27.05.2025;10:25:29.461;FOAT SI 20250606 PS;SIMPLE_INSTRUMENT;EFP_FIN;EUR;15;125.42000000;618;EXCHANGE_LAST;;1;1;XEUR;11820393;749;
27.05.2025;10:39:47.430;FOAT SI 20250606 PS;SIMPLE_INSTRUMENT;EFP_FIN;EUR;16;125.27000000;412;EXCHANGE_LAST;;1;1;XEUR;11820393;749;
27.05.2025;10:51:13.868;FOAT SI 20250606 PS;SIMPLE_INSTRUMENT;EFP_FIN;EUR;17;125.30000000;173;EXCHANGE_LAST;;1;1;XEUR;11820393;749;
27.05.2025;10:59:24.249;FOAT SI 20250606 PS;SIMPLE_INSTRUMENT;EFP_FIN;EUR;18;125.30000000;1576;EXCHANGE_LAST;;1;1;XEUR;11820393;749;
27.05.2025;11:13:23.118;FOAT SI 20250606 PS;SIMPLE_INSTRUMENT;EFP_FIN;EUR;19;125.30000000;1576;EXCHANGE_LAST;;1;1;XEUR;11820393;749;
27.05.2025;11:14:23.187;FOAT SI 20250606 PS;SIMPLE_INSTRUMENT;EFP_FIN;EUR;20;125.29000000;394;EXCHANGE_LAST;;1;1;XEUR;11820393;749;
27.05.2025;11:20:24.451;FOAT SI 20250606 PS;SIMPLE_INSTRUMENT;EFP_FIN;EUR;21;125.22000000;729;EXCHANGE_LAST;;1;1;XEUR;11820393;749;
27.05.2025;11:32:02.802;FOAT SI 20250606 PS;SIMPLE_INSTRUMENT;EFP_FIN;EUR;22;125.30000000;788;EXCHANGE_LAST;;1;1;XEUR;11820393;749;
27.05.2025;11:43:13.957;FOAT SI 20250606 PS;SIMPLE_INSTRUMENT;EFP_FIN;EUR;23;125.18000000;206;EXCHANGE_LAST;;1;1;XEUR;11820393;749;
27.05.2025;11:46:51.222;FOAT SI 20250606 PS;SIMPLE_INSTRUMENT;EFP_FIN;EUR;24;125.30000000;469;EXCHANGE_LAST;;1;1;XEUR;11820393;749;
27.05.2025;11:47:41.215;FOAT SI 20250606 PS;SIMPLE_INSTRUMENT;EFP_FIN;EUR;25;125.30000000;50;EXCHANGE_LAST;;1;1;XEUR;11820393;749;
27.05.2025;11:48:05.207;FOAT SI 20250606 PS;SIMPLE_INSTRUMENT;EFP_FIN;EUR;26;125.30000000;788;EXCHANGE_LAST;;1;1;XEUR;11820393;749;
27.05.2025;12:45:28.057;FOAT SI 20250606 PS;SIMPLE_INSTRUMENT;EFP_FIN;EUR;27;125.18000000;1019;EXCHANGE_LAST;;1;1;XEUR;11820393;749;
27.05.2025;13:18:35.950;FOAT SI 20250606 PS;SIMPLE_INSTRUMENT;EFP_FIN;EUR;28;125.19000000;738;EXCHANGE_LAST;;1;1;XEUR;11820393;749;
27.05.2025;13:22:16.929;FOAT SI 20250606 PS;SIMPLE_INSTRUMENT;EFP_FIN;EUR;29;125.17000000;252;EXCHANGE_LAST;;1;1;XEUR;11820393;749;
27.05.2025;13:32:57.968;FOAT SI 20250606 PS;SIMPLE_INSTRUMENT;EFP_FIN;EUR;30;125.15000000;245;EXCHANGE_LAST;;1;1;XEUR;11820393;749;
27.05.2025;13:48:35.090;FOAT SI 20250606 PS;SIMPLE_INSTRUMENT;EFP_FIN;EUR;31;125.20000000;736;EXCHANGE_LAST;;1;1;XEUR;11820393;749;
27.05.2025;13:59:38.738;FOAT SI 20250606 PS;SIMPLE_INSTRUMENT;EFP_FIN;EUR;32;125.20000000;246;EXCHANGE_LAST;;1;1;XEUR;11820393;749;
27.05.2025;14:52:30.176;FOAT SI 20250606 PS;SIMPLE_INSTRUMENT;EFP_FIN;EUR;33;125.19000000;1972;EXCHANGE_LAST;;1;1;XEUR;11820393;749;
27.05.2025;14:59:17.726;FOAT SI 20250606 PS;SIMPLE_INSTRUMENT;EFP_FIN;EUR;34;125.24000000;590;EXCHANGE_LAST;;1;1;XEUR;11820393;749;
27.05.2025;15:04:33.248;FOAT SI 20250606 PS;SIMPLE_INSTRUMENT;EFP_FIN;EUR;35;125.20000000;491;EXCHANGE_LAST;;1;1;XEUR;11820393;749;
27.05.2025;15:08:27.219;FOAT SI 20250606 PS;SIMPLE_INSTRUMENT;EFP_FIN;EUR;36;125.18000000;1970;EXCHANGE_LAST;;1;1;XEUR;11820393;749;
27.05.2025;15:13:04.084;FOAT SI 20250606 PS;SIMPLE_INSTRUMENT;EFP_FIN;EUR;37;125.18000000;311;EXCHANGE_LAST;;1;1;XEUR;11820393;749;
27.05.2025;15:25:53.308;FOAT SI 20250606 PS;SIMPLE_INSTRUMENT;EFP_FIN;EUR;38;125.19000000;210;EXCHANGE_LAST;;1;1;XEUR;11820393;749;
27.05.2025;15:26:11.234;FOAT SI 20250606 PS;SIMPLE_INSTRUMENT;EFP_FIN;EUR;39;125.22000000;591;EXCHANGE_LAST;;1;1;XEUR;11820393;749;
27.05.2025;15:26:30.701;FOAT SI 20250606 PS;SIMPLE_INSTRUMENT;EFP_FIN;EUR;40;125.18000000;788;EXCHANGE_LAST;;1;1;XEUR;11820393;749;
27.05.2025;15:30:11.325;FOAT SI 20250606 PS;SIMPLE_INSTRUMENT;EFP_FIN;EUR;41;125.34000000;512;EXCHANGE_LAST;;1;1;XEUR;11820393;749;
27.05.2025;15:36:34.341;FOAT SI 20250606 PS;SIMPLE_INSTRUMENT;EFP_FIN;EUR;42;125.22000000;1182;EXCHANGE_LAST;;1;1;XEUR;11820393;749;
27.05.2025;15:37:30.285;FOAT SI 20250606 PS;SIMPLE_INSTRUMENT;EFP_FIN;EUR;43;125.22000000;394;EXCHANGE_LAST;;1;1;XEUR;11820393;749;
27.05.2025;15:37:53.653;FOAT SI 20250606 PS;SIMPLE_INSTRUMENT;EFP_FIN;EUR;44;125.22000000;788;EXCHANGE_LAST;;1;1;XEUR;11820393;749;
27.05.2025;15:43:10.562;FOAT SI 20250606 PS;SIMPLE_INSTRUMENT;EFP_FIN;EUR;45;125.37000000;585;EXCHANGE_LAST;;1;1;XEUR;11820393;749;
27.05.2025;15:47:43.373;FOAT SI 20250606 PS;SIMPLE_INSTRUMENT;EFP_FIN;EUR;46;125.20000000;1434;EXCHANGE_LAST;;1;1;XEUR;11820393;749;
27.05.2025;15:47:16.718;FOAT SI 20250606 PS;SIMPLE_INSTRUMENT;EFP_FIN;EUR;47;125.20000000;2222;EXCHANGE_LAST;;1;1;XEUR;11820393;749;
27.05.2025;15:50:41.758;FOAT SI 20250606 PS;SIMPLE_INSTRUMENT;EFP_FIN;EUR;48;125.37000000;1364;EXCHANGE_LAST;;1;1;XEUR;11820393;749;
27.05.2025;15:51:35.638;FOAT SI 20250606 PS;SIMPLE_INSTRUMENT;EFP_FIN;EUR;49;125.36000000;473;EXCHANGE_LAST;;1;1;XEUR;11820393;749;
27.05.2025;13:08:11.317;FSCP SI 20250620 CS;SIMPLE_INSTRUMENT;BLOCK;EUR;14;355.40000000;1492;EXCHANGE_LAST;;1;1;XEUR;11881879;764;
27.05.2025;13:08:26.301;FSCP SI 20250620 CS;SIMPLE_INSTRUMENT;BLOCK;EUR;15;355.50000000;274;EXCHANGE_LAST;;1;1;XEUR;11881879;764;
27.05.2025;15:41:55.143;FSCP SI 20250620 CS;SIMPLE_INSTRUMENT;BLOCK;EUR;25;355.70000000;210;EXCHANGE_LAST;;1;1;XEUR;11881879;764;
27.05.2025;15:41:58.519;FSCP SI 20250620 CS;SIMPLE_INSTRUMENT;BLOCK;EUR;26;355.80000000;315;EXCHANGE_LAST;;1;1;XEUR;11881879;764;
27.05.2025;15:38:27.708;FSMI SI 20250620 CS;SIMPLE_INSTRUMENT;EFP_IDX;CHF;1;12322.00000000;78;EXCHANGE_LAST;;1;1;XEUR;7904351;757;
27.05.2025;15:38:44.224;FSMI SI 20250620 CS;SIMPLE_INSTRUMENT;EFP_IDX;CHF;2;12325.00000000;72;EXCHANGE_LAST;;1;1;XEUR;7904351;757;
27.05.2025;15:38:57.897;FSMI SI 20250620 CS;SIMPLE_INSTRUMENT;EFP_IDX;CHF;3;12326.00000000;28;EXCHANGE_LAST;;1;1;XEUR;7904351;757;
27.05.2025;15:44:00.934;FSMI SI 20250620 CS;SIMPLE_INSTRUMENT;EFP_IDX;CHF;4;12321.00000000;22;EXCHANGE_LAST;;1;1;XEUR;7904351;757;
27.05.2025;11:31:35.221;FSMI SI 20250620 CS;SIMPLE_INSTRUMENT;VOLA;CHF;603979801;12356.00000000;230;EXCHANGE_LAST;;1;1;XEUR;7904351;757;
27.05.2025;15:46:33.159;FSTA SI 20250620 CS;SIMPLE_INSTRUMENT;EFP_IDX;EUR;11;539.60000000;160;EXCHANGE_LAST;;1;1;XEUR;11881326;715;
27.05.2025;15:46:45.476;FSTA SI 20250620 CS;SIMPLE_INSTRUMENT;EFP_IDX;EUR;12;539.70000000;40;EXCHANGE_LAST;;1;1;XEUR;11881326;715;
27.05.2025;15:49:05.563;FSTA SI 20250620 CS;SIMPLE_INSTRUMENT;BLOCK;EUR;15;539.40000000;375;EXCHANGE_LAST;;1;1;XEUR;11881326;715;
27.05.2025;15:49:24.315;FSTA SI 20250620 CS;SIMPLE_INSTRUMENT;BLOCK;EUR;16;539.70000000;375;EXCHANGE_LAST;;1;1;XEUR;11881326;715;
27.05.2025;15:47:33.987;FSTG SI 20250620 CS;SIMPLE_INSTRUMENT;BLOCK;EUR;27;1010.00000000;257;EXCHANGE_LAST;;1;1;XEUR;11881328;717;
27.05.2025;15:56:39.096;FSTH SI 20250620 CS;SIMPLE_INSTRUMENT;EFP_IDX;EUR;17;1058.30000000;29;EXCHANGE_LAST;;1;1;XEUR;11881327;716;
27.05.2025;15:56:57.597;FSTH SI 20250620 CS;SIMPLE_INSTRUMENT;EFP_IDX;EUR;18;1058.10000000;68;EXCHANGE_LAST;;1;1;XEUR;11881327;716;
27.05.2025;15:15:16.895;FSTI SI 20250620 CS;SIMPLE_INSTRUMENT;BLOCK;EUR;20;484.30000000;305;EXCHANGE_LAST;;1;1;XEUR;11881319;707;
27.05.2025;15:20:13.127;FSTO SI 20250620 CS;SIMPLE_INSTRUMENT;BLOCK;EUR;4;694.10000000;257;EXCHANGE_LAST;;1;1;XEUR;11881323;711;
27.05.2025;15:19:11.909;FSTS SI 20250620 CS;SIMPLE_INSTRUMENT;BLOCK;EUR;3;494.90000000;256;EXCHANGE_LAST;;1;1;XEUR;11881321;709;
27.05.2025;15:43:48.556;FSTS SI 20250620 CS;SIMPLE_INSTRUMENT;EFP_IDX;EUR;5;496.20000000;82;EXCHANGE_LAST;;1;1;XEUR;11881321;709;
27.05.2025;15:43:41.972;FSTS SI 20250620 CS;SIMPLE_INSTRUMENT;EFP_IDX;EUR;6;496.40000000;68;EXCHANGE_LAST;;1;1;XEUR;11881321;709;
27.05.2025;15:45:18.638;FSTS SI 20250620 CS;SIMPLE_INSTRUMENT;EFP_IDX;EUR;8;496.20000000;275;EXCHANGE_LAST;;1;1;XEUR;11881321;709;
27.05.2025;15:45:57.630;FSTS SI 20250620 CS;SIMPLE_INSTRUMENT;EFP_IDX;EUR;9;496.40000000;225;EXCHANGE_LAST;;1;1;XEUR;11881321;709;
27.05.2025;15:57:10.214;FSTV SI 20250620 CS;SIMPLE_INSTRUMENT;BLOCK;EUR;19;260.10000000;569;EXCHANGE_LAST;;1;1;XEUR;11881334;731;
27.05.2025;15:09:07.868;FSTY SI 20250620 CS;SIMPLE_INSTRUMENT;BLOCK;EUR;1;851.80000000;254;EXCHANGE_LAST;;1;1;XEUR;11881335;729;
27.05.2025;11:02:12.261;FTEG SI 20250620 CS;SIMPLE_INSTRUMENT;BLOCK;EUR;14;12.91000000;3000;EXCHANGE_LAST;;1;1;XEUR;11206176;390378;
27.05.2025;15:32:16.160;FUEM SI 20250620 CS;SIMPLE_INSTRUMENT;BLOCK;USD;24;117.66000000;310;EXCHANGE_LAST;;1;1;XEUR;11949864;772680;
27.05.2025;15:38:05.051;FVS SI 20250820 CS;SIMPLE_INSTRUMENT;BLOCK;EUR;18;20.20000000;1000;EXCHANGE_LAST;;1;1;XEUR;12418107;821;
27.05.2025;15:45:27.684;FXXP SI 20250620 CS;SIMPLE_INSTRUMENT;EFP_IDX;EUR;20;552.30000000;2750;EXCHANGE_LAST;;1;1;XEUR;7904812;816;
27.05.2025;15:45:38.983;FXXP SI 20250620 CS;SIMPLE_INSTRUMENT;EFP_IDX;EUR;21;552.40000000;2750;EXCHANGE_LAST;;1;1;XEUR;7904812;816;
27.05.2025;15:54:49.999;FXXP SI 20250620 CS;SIMPLE_INSTRUMENT;BLOCK;EUR;22;552.40000000;23068;EXCHANGE_LAST;;1;1;XEUR;7904812;816;
27.05.2025;15:55:07.884;FXXP SI 20250620 CS;SIMPLE_INSTRUMENT;BLOCK;EUR;23;552.30000000;961;EXCHANGE_LAST;;1;1;XEUR;7904812;816;
27.05.2025;15:58:42.938;FXXP SI 20250620 CS;SIMPLE_INSTRUMENT;EFP_IDX;EUR;24;552.40000000;126;EXCHANGE_LAST;;1;1;XEUR;7904812;816;
27.05.2025;15:58:53.514;FXXP SI 20250620 CS;SIMPLE_INSTRUMENT;EFP_IDX;EUR;25;552.30000000;84;EXCHANGE_LAST;;1;1;XEUR;7904812;816;
27.05.2025;16:00:49.511;FXXP SI 20250620 CS;SIMPLE_INSTRUMENT;EFP_IDX;EUR;26;552.30000000;40;EXCHANGE_LAST;;1;1;XEUR;7904812;816;
27.05.2025;16:01:00.024;FXXP SI 20250620 CS;SIMPLE_INSTRUMENT;EFP_IDX;EUR;27;552.40000000;60;EXCHANGE_LAST;;1;1;XEUR;7904812;816;
27.05.2025;10:58:50.609;G3ZF SI 20251219 CS;SIMPLE_INSTRUMENT;BLOCK;EUR;12;1.52000000;2450;EXCHANGE_LAST;;2;1;XEUR;5914677;144760;
27.05.2025;15:49:15.522;G3ZF SI 20261218 CS;SIMPLE_INSTRUMENT;BLOCK;EUR;64;1.50000000;1000;EXCHANGE_LAST;;1;1;XEUR;6825108;144760;
27.05.2025;15:49:47.151;G3ZF SI 20261218 CS;SIMPLE_INSTRUMENT;BLOCK;EUR;65;1.50500000;500;EXCHANGE_LAST;;1;1;XEUR;6825108;144760;
27.05.2025;15:55:56.162;G3ZF SI 20261218 CS;SIMPLE_INSTRUMENT;BLOCK;EUR;66;1.50000000;250;EXCHANGE_LAST;;1;1;XEUR;6825108;144760;
27.05.2025;13:35:01.532;GIVN SI 20251219 PS AM P 4400.0 0;SIMPLE_INSTRUMENT;BLOCK;CHF;36;380.00000000;100;EXCHANGE_LAST;;1;1;XEUR;12390697;892;
27.05.2025;15:04:45.411;GIVN.O.250527.BUL.000004;STANDARD_OPTION_STRATEGY;BLOCK;CHF;41;16.00000000;100;EXCHANGE_LAST;;1;1;XEUR;72061425148779926;892;
27.05.2025;15:04:45.411;GIVN SI 20250620 PS AM C 4600.0 0;SIMPLE_INSTRUMENT;BLOCK;CHF;41;1.72000000;100;PRC_DECOMP_EXCHANGE;;;;XEUR;12034213;892;EXCHANGE
27.05.2025;15:04:45.411;GIVN SI 20250620 PS AM C 4400.0 0;SIMPLE_INSTRUMENT;BLOCK;CHF;41;17.72000000;100;PRC_DECOMP_EXCHANGE;;;;XEUR;11362139;892;EXCHANGE
27.05.2025;15:10:54.489;GIVN.O.250527.BUL.000004;STANDARD_OPTION_STRATEGY;BLOCK;CHF;42;16.00000000;100;EXCHANGE_LAST;;1;1;XEUR;72061425148779926;892;
27.05.2025;15:10:54.489;GIVN SI 20250620 PS AM C 4400.0 0;SIMPLE_INSTRUMENT;BLOCK;CHF;42;17.72000000;100;PRC_DECOMP_MEMBER;;;;XEUR;11362139;892;MEMBER
27.05.2025;15:10:54.489;GIVN SI 20250620 PS AM C 4600.0 0;SIMPLE_INSTRUMENT;BLOCK;CHF;42;1.72000000;100;PRC_DECOMP_MEMBER;;;;XEUR;12034213;892;MEMBER
27.05.2025;12:53:04.439;GXI.O.250527.BUL.000002;STANDARD_OPTION_STRATEGY;BLOCK;EUR;6;5.02000000;250;EXCHANGE_LAST;;1;1;XEUR;72061253350072642;852;
27.05.2025;12:53:04.439;GXI SI 20250620 PS AM C 56.00 0;SIMPLE_INSTRUMENT;BLOCK;EUR;6;5.90000000;250;PRC_DECOMP_MEMBER;;;;XEUR;11361398;852;MEMBER
27.05.2025;12:53:04.439;GXI SI 20250620 PS AM C 70.00 0;SIMPLE_INSTRUMENT;BLOCK;EUR;6;0.88000000;250;PRC_DECOMP_MEMBER;;;;XEUR;12762180;852;MEMBER
27.05.2025;11:44:32.911;HENG SI 20250620 CS;SIMPLE_INSTRUMENT;BLOCK;EUR;20;71.05440000;29;EXCHANGE_LAST;;1;1;XEUR;11176347;840;
27.05.2025;11:33:49.395;I3ES SI 20261218 CS;SIMPLE_INSTRUMENT;BLOCK;EUR;18;0.35600000;1000;EXCHANGE_LAST;;1;1;XEUR;6805357;913;
27.05.2025;11:52:45.179;I3ES SI 20261218 CS;SIMPLE_INSTRUMENT;BLOCK;EUR;22;0.35500000;2000;EXCHANGE_LAST;;2;2;XEUR;6805357;913;
27.05.2025;12:19:13.984;I3ES SI 20261218 CS;SIMPLE_INSTRUMENT;BLOCK;EUR;25;0.35400000;1000;EXCHANGE_LAST;;1;1;XEUR;6805357;913;
27.05.2025;13:02:51.731;I3ES SI 20261218 CS;SIMPLE_INSTRUMENT;BLOCK;EUR;30;0.35300000;1000;EXCHANGE_LAST;;1;1;XEUR;6805357;913;
27.05.2025;13:03:59.086;I3ES SI 20261218 CS;SIMPLE_INSTRUMENT;BLOCK;EUR;31;0.35300000;500;EXCHANGE_LAST;;1;1;XEUR;6805357;913;
27.05.2025;14:53:17.534;I3ES SI 20261218 CS;SIMPLE_INSTRUMENT;BLOCK;EUR;46;0.35400000;500;EXCHANGE_LAST;;1;1;XEUR;6805357;913;
27.05.2025;15:06:48.432;I3ES SI 20261218 CS;SIMPLE_INSTRUMENT;BLOCK;EUR;49;0.35400000;932;EXCHANGE_LAST;;1;1;XEUR;6805357;913;
27.05.2025;15:15:06.664;I3ES SI 20261218 CS;SIMPLE_INSTRUMENT;BLOCK;EUR;50;0.35500000;8250;EXCHANGE_LAST;;2;3;XEUR;6805357;913;
27.05.2025;15:15:55.667;I3ES SI 20271217 CS;SIMPLE_INSTRUMENT;BLOCK;EUR;51;0.31700000;2500;EXCHANGE_LAST;;2;1;XEUR;8383274;913;
27.05.2025;15:15:55.867;I3ES SI 20271217 CS;SIMPLE_INSTRUMENT;BLOCK;EUR;52;0.31800000;2500;EXCHANGE_LAST;;2;1;XEUR;8383274;913;
27.05.2025;15:15:23.857;I3ES SI 20261218 CS;SIMPLE_INSTRUMENT;BLOCK;EUR;53;0.35400000;500;EXCHANGE_LAST;;1;1;XEUR;6805357;913;
27.05.2025;15:15:40.689;I3ES SI 20271217 CS;SIMPLE_INSTRUMENT;BLOCK;EUR;54;0.31700000;900;EXCHANGE_LAST;;1;1;XEUR;8383274;913;
27.05.2025;15:15:48.049;I3ES SI 20271217 CS;SIMPLE_INSTRUMENT;BLOCK;EUR;55;0.31800000;900;EXCHANGE_LAST;;1;1;XEUR;8383274;913;
27.05.2025;15:30:27.162;I3ES SI 20261218 CS;SIMPLE_INSTRUMENT;BLOCK;EUR;57;0.35500000;1000;EXCHANGE_LAST;;1;2;XEUR;6805357;913;
27.05.2025;16:10:55.187;I3ES SI 20271217 CS;SIMPLE_INSTRUMENT;BLOCK;EUR;67;0.31700000;750;EXCHANGE_LAST;;1;1;XEUR;8383274;913;
27.05.2025;16:11:02.187;I3ES SI 20271217 CS;SIMPLE_INSTRUMENT;BLOCK;EUR;68;0.31800000;750;EXCHANGE_LAST;;1;1;XEUR;8383274;913;
27.05.2025;16:28:21.476;I3ES SI 20271217 CS;SIMPLE_INSTRUMENT;BLOCK;EUR;70;0.31700000;1000;EXCHANGE_LAST;;1;1;XEUR;8383274;913;
27.05.2025;16:28:21.496;I3ES SI 20271217 CS;SIMPLE_INSTRUMENT;BLOCK;EUR;71;0.31800000;1000;EXCHANGE_LAST;;1;1;XEUR;8383274;913;
27.05.2025;08:27:49.335;IBE SI 20260918 PS AM C 15.00 0;SIMPLE_INSTRUMENT;BLOCK;EUR;7;1.79000000;1600;EXCHANGE_LAST;;1;1;XEUR;13008163;908;
27.05.2025;15:45:29.938;IBE SI 20250919 PS AM P 15.00 0;SIMPLE_INSTRUMENT;BLOCK;EUR;17;0.25000000;15000;EXCHANGE_LAST;;1;1;XEUR;10842392;908;
27.05.2025;12:26:11.036;IES5 SI 20261217 PS AM P 4.80 0;SIMPLE_INSTRUMENT;BLOCK;EUR;16;0.71000000;2500;EXCHANGE_LAST;;2;1;XEUR;9745519;900;
27.05.2025;09:38:05.324;IFX SI 20260619 PS AM C 36.00 0;SIMPLE_INSTRUMENT;BLOCK;EUR;1;5.06000000;1150;EXCHANGE_LAST;;1;1;XEUR;9551380;902;
27.05.2025;10:24:06.950;IFX SI 20250620 PS AM C 36.00 0;SIMPLE_INSTRUMENT;BLOCK;EUR;4;0.91000000;1000;EXCHANGE_LAST;;1;1;XEUR;7905932;902;
27.05.2025;12:51:06.258;IFX SI 20261218 PS AM C 48.00 0;SIMPLE_INSTRUMENT;BLOCK;EUR;8;2.68000000;1500;EXCHANGE_LAST;;1;1;XEUR;7160308;902;
27.05.2025;14:49:34.938;IFX.O.250527.BER.000017;STANDARD_OPTION_STRATEGY;BLOCK;EUR;10;1.15000000;1750;EXCHANGE_LAST;;1;1;XEUR;72061468098471704;902;
27.05.2025;14:49:34.938;IFX SI 20250815 PS AM P 33.00 0;SIMPLE_INSTRUMENT;BLOCK;EUR;10;1.73000000;1750;PRC_DECOMP_EXCHANGE;;;;XEUR;13412726;902;EXCHANGE
27.05.2025;14:49:34.938;IFX SI 20250815 PS AM P 35.50 0;SIMPLE_INSTRUMENT;BLOCK;EUR;10;2.88000000;1750;PRC_DECOMP_EXCHANGE;;;;XEUR;13412749;902;EXCHANGE
27.05.2025;15:49:30.915;IFX.O.250527.RTRIS.000018;STANDARD_OPTION_STRATEGY;BLOCK;EUR;11;5.85000000;1000;EXCHANGE_LAST;;1;1;XEUR;72061468098471705;902;
27.05.2025;15:49:30.915;IFX SI 20250919 PS AM P 30.00 0;SIMPLE_INSTRUMENT;BLOCK;EUR;11;1.13000000;1000;PRC_DECOMP_EXCHANGE;;;;XEUR;11884221;902;EXCHANGE
27.05.2025;15:49:30.915;IFX SI 20250919 PS AM C 34.00 0;SIMPLE_INSTRUMENT;BLOCK;EUR;11;3.49000000;2000;PRC_DECOMP_EXCHANGE;;;;XEUR;11884133;902;EXCHANGE
27.05.2025;08:44:09.832;INWF SI 20250619 CS;SIMPLE_INSTRUMENT;BLOCK;EUR;2;10.17530000;1100;EXCHANGE_LAST;;1;1;XEUR;11165424;626576;
27.05.2025;11:49:53.272;ISPA SI 20250620 PS AM C 35.00 0;SIMPLE_INSTRUMENT;BLOCK;EUR;12;0.01000000;1000;EXCHANGE_LAST;;1;1;XEUR;10671210;1004;
27.05.2025;13:18:03.412;LHA SI 20250620 PS AM P 6.60 0;SIMPLE_INSTRUMENT;BLOCK;EUR;10;0.14000000;2500;EXCHANGE_LAST;;1;1;XEUR;12762428;1126;
27.05.2025;11:01:59.622;LONN SI 20250718 PS AM C 600.00 0;SIMPLE_INSTRUMENT;BLOCK;CHF;22;7.80000000;1000;EXCHANGE_LAST;;1;1;XEUR;13247541;1141;
27.05.2025;13:16:07.049;LONN.O.250527.STG.000004;STANDARD_OPTION_STRATEGY;BLOCK;CHF;33;55.70000000;900;EXCHANGE_LAST;;2;1;XEUR;72062494595639421;1141;
27.05.2025;13:16:07.049;LONN SI 20251219 PS AM P 520.00 0;SIMPLE_INSTRUMENT;BLOCK;CHF;33;25.57000000;900;PRC_DECOMP_EXCHANGE;;;;XEUR;10641243;1141;EXCHANGE
27.05.2025;13:16:07.049;LONN SI 20251219 PS AM C 600.00 0;SIMPLE_INSTRUMENT;BLOCK;CHF;33;30.13000000;900;PRC_DECOMP_EXCHANGE;;;;XEUR;12448871;1141;EXCHANGE
27.05.2025;16:21:13.168;M2ON SI 20250620 CS;SIMPLE_INSTRUMENT;BLOCK;EUR;69;1.30000000;875;EXCHANGE_LAST;;1;1;XEUR;10872533;151287;
27.05.2025;15:45:21.847;M3OH SI 20281215 CS;SIMPLE_INSTRUMENT;BLOCK;EUR;62;12.90000000;40;EXCHANGE_LAST;;2;3;XEUR;9947967;45419;
27.05.2025;15:49:46.687;M3OH SI 20271217 CS;SIMPLE_INSTRUMENT;BLOCK;EUR;63;12.65000000;40;EXCHANGE_LAST;;1;2;XEUR;8405167;45419;
27.05.2025;09:26:50.506;MOH SI 20260619 PS AM P 440.00 0;SIMPLE_INSTRUMENT;BLOCK;EUR;12;36.10000000;300;EXCHANGE_LAST;;2;1;XEUR;13493960;1074;
27.05.2025;10:10:06.256;MOH.O.250527.STD.000016;STANDARD_OPTION_STRATEGY;BLOCK;EUR;16;112.00000000;200;EXCHANGE_LAST;;1;1;XEUR;72062206832835182;1074;
27.05.2025;10:10:06.256;MOH SI 20260619 PS AM P 480.00 0;SIMPLE_INSTRUMENT;BLOCK;EUR;16;53.76000000;200;PRC_DECOMP_EXCHANGE;;;;XEUR;9554103;1074;EXCHANGE
27.05.2025;10:10:06.256;MOH SI 20260619 PS AM C 480.00 0;SIMPLE_INSTRUMENT;BLOCK;EUR;16;58.24000000;200;PRC_DECOMP_EXCHANGE;;;;XEUR;9554100;1074;EXCHANGE
27.05.2025;10:26:18.037;MOH SI 20250606 PS AM C 510.00 0;SIMPLE_INSTRUMENT;BLOCK;EUR;18;2.70000000;250;EXCHANGE_LAST;;1;1;XEUR;13315183;1074;
27.05.2025;12:30:53.684;MOH.O.250527.PDIA.000021;STANDARD_OPTION_STRATEGY;BLOCK;EUR;24;11.60000000;275;EXCHANGE_LAST;;1;1;XEUR;72062206832835187;1074;
27.05.2025;12:30:53.684;MOH SI 20250620 PS AM P 490.00 0;SIMPLE_INSTRUMENT;BLOCK;EUR;24;18.26000000;275;PRC_DECOMP_EXCHANGE;;;;XEUR;13010512;1074;EXCHANGE
27.05.2025;12:30:53.684;MOH SI 20250919 PS AM P 480.00 0;SIMPLE_INSTRUMENT;BLOCK;EUR;24;29.86000000;275;PRC_DECOMP_EXCHANGE;;;;XEUR;11886613;1074;EXCHANGE
27.05.2025;15:18:01.862;MOH SI 20250606 PS AM C 510.00 0;SIMPLE_INSTRUMENT;BLOCK;EUR;36;2.08000000;439;EXCHANGE_LAST;;1;1;XEUR;13315183;1074;
27.05.2025;13:48:28.349;MONF SI 20250619 CS;SIMPLE_INSTRUMENT;BLOCK;EUR;39;54.46190000;1000;EXCHANGE_LAST;;1;1;XEUR;11163663;31804;
27.05.2025;15:02:09.959;MRK SI 20260619 PS AM C 160.00 0;SIMPLE_INSTRUMENT;BLOCK;EUR;8;2.38000000;600;EXCHANGE_LAST;;1;1;XEUR;9557955;1223;
27.05.2025;15:09:36.574;MRK SI 20261218 PS AM C 180.00 0;SIMPLE_INSTRUMENT;BLOCK;EUR;9;2.35000000;300;EXCHANGE_LAST;;1;1;XEUR;7164749;1223;
27.05.2025;15:33:11.785;MRK SI 20261218 PS AM C 160.00 0;SIMPLE_INSTRUMENT;BLOCK;EUR;10;3.90000000;500;EXCHANGE_LAST;;1;1;XEUR;7164753;1223;
27.05.2025;14:20:43.624;MTX SI 20250718 PS AM C 380.00 0;SIMPLE_INSTRUMENT;BLOCK;EUR;13;6.39000000;425;EXCHANGE_LAST;;1;1;XEUR;13383222;1228;
27.05.2025;14:21:05.610;MTX SI 20250718 PS AM C 400.00 0;SIMPLE_INSTRUMENT;BLOCK;EUR;14;2.60000000;531;EXCHANGE_LAST;;1;1;XEUR;13398265;1228;
27.05.2025;14:22:01.653;MTX SI 20250718 PS AM C 365.00 0;SIMPLE_INSTRUMENT;BLOCK;EUR;15;11.10000000;531;EXCHANGE_LAST;;1;1;XEUR;13346864;1228;
27.05.2025;14:22:52.779;MTX SI 20250718 PS AM C 350.00 0;SIMPLE_INSTRUMENT;BLOCK;EUR;16;18.26000000;425;EXCHANGE_LAST;;1;1;XEUR;13334224;1228;
27.05.2025;09:23:17.728;MTXF SI 20251121 CS;SIMPLE_INSTRUMENT;BLOCK;EUR;4;356.17670000;15;EXCHANGE_LAST;;1;1;XEUR;12081388;1231;
27.05.2025;12:07:48.295;N2DB SI 20261218 CS;SIMPLE_INSTRUMENT;BLOCK;EUR;23;1.09000000;1000;EXCHANGE_LAST;;1;2;XEUR;6822151;57102;
27.05.2025;13:07:43.704;NESG.S.JUN25.SEP25.SPD;FUTURES_SPREAD;BLOCK;CHF;27;-0.02000000;5150;EXCHANGE_LAST;;3;1;XEUR;72062988516854127;1256;
