#Date;TrdTime;Contract;ContractType;TrdTyp;Currency;TesId;Prc;Qty;TrdInd;Aggressor;Buy;Sell;Exch;InstrumentId;RelatedProdId;PrcDecomp
13.12.2024;15:58:22.897;1COV SI 20251219 PS AM C 60.00 0;SIMPLE_INSTRUMENT;BLOCK;EUR;8;3.79000000;750;EXCHANGE_LAST;;1;1;XEUR;5919359;48055;
13.12.2024;15:58:11.908;1COV SI 20251219 PS AM C 60.00 0;SIMPLE_INSTRUMENT;BLOCK;EUR;9;3.77000000;1750;EXCHANGE_LAST;;1;1;XEUR;5919359;48055;
13.12.2024;15:57:59.562;1COV SI 20251219 PS AM P 60.00 0;SIMPLE_INSTRUMENT;BLOCK;EUR;10;4.91000000;2500;EXCHANGE_LAST;;1;1;XEUR;5919360;48055;
13.12.2024;16:17:47.880;A2XA SI 20261218 CS;SIMPLE_INSTRUMENT;BLOCK;EUR;90;2.04000000;200;EXCHANGE_LAST;;1;1;XEUR;4632093;17;
13.12.2024;16:22:20.752;A2XA SI 20261218 CS;SIMPLE_INSTRUMENT;BLOCK;EUR;102;2.04000000;75;EXCHANGE_LAST;;1;1;XEUR;4632093;17;
13.12.2024;10:29:30.343;AALG.S.DEC24.MAR25.SPD;FUTURES_SPREAD;BLOCK;GBX;32;-13.05000000;232;EXCHANGE_LAST;;1;1;XEUR;72057692822175888;23;
13.12.2024;10:29:30.343;AALG SI 20250321 CS;SIMPLE_INSTRUMENT;BLOCK;GBX;32;2529.52420000;232;PRC_DECOMP_EXCHANGE;;;;XEUR;10692093;23;EXCHANGE
13.12.2024;10:29:30.343;AALG SI 20241220 CS;SIMPLE_INSTRUMENT;BLOCK;GBX;32;2516.47420000;232;PRC_DECOMP_EXCHANGE;;;;XEUR;7030501;23;EXCHANGE
13.12.2024;15:31:34.502;ABBN SI 20241220 PS AM C 51.00 0;SIMPLE_INSTRUMENT;BLOCK;CHF;54;1.12000000;1000;EXCHANGE_LAST;;1;1;XEUR;11848925;574517;
13.12.2024;15:59:19.942;ABBN SI 20241220 PS AM C 51.00 0;SIMPLE_INSTRUMENT;BLOCK;CHF;55;1.12000000;1000;EXCHANGE_LAST;;1;1;XEUR;11848925;574517;
13.12.2024;11:20:01.868;ADEN SI 20260619 PS AM P 18.00 0;SIMPLE_INSTRUMENT;BLOCK;CHF;19;1.80000000;2000;EXCHANGE_LAST;;1;1;XEUR;9536155;44;
13.12.2024;16:25:10.759;ADS.O.241213.BUL.000011;STANDARD_OPTION_STRATEGY;BLOCK;EUR;4;0.65000000;1000;EXCHANGE_LAST;;2;1;XEUR;72057808786331201;50;
13.12.2024;16:25:10.759;ADS SI 20241220 PS AM C 260.00 0;SIMPLE_INSTRUMENT;BLOCK;EUR;4;0.20000000;1000;PRC_DECOMP_MEMBER;;;;XEUR;10394230;50;MEMBER
13.12.2024;16:25:10.759;ADS SI 20241220 PS AM C 250.00 0;SIMPLE_INSTRUMENT;BLOCK;EUR;4;0.85000000;1000;PRC_DECOMP_MEMBER;;;;XEUR;11870673;50;MEMBER
13.12.2024;10:04:21.519;ADSG SI 20241220 CS;SIMPLE_INSTRUMENT;BLOCK;EUR;9;243.96350000;1650;EXCHANGE_LAST;;1;1;XEUR;7030793;48;
13.12.2024;14:18:21.789;AFX SI 20251219 PS AM P 48.00 0;SIMPLE_INSTRUMENT;BLOCK;EUR;5;6.47000000;1000;EXCHANGE_LAST;;1;1;XEUR;8108947;56;
13.12.2024;10:05:13.666;ALVG SI 20241220 CS;SIMPLE_INSTRUMENT;BLOCK;EUR;12;299.40060000;800;EXCHANGE_LAST;;1;1;XEUR;7031281;85;
13.12.2024;15:40:36.705;AMGF SI 20241220 CS;SIMPLE_INSTRUMENT;BLOCK;USD;84;271.50000000;400;EXCHANGE_LAST;;1;1;XEUR;7031250;83;
13.12.2024;15:41:59.835;AMGF SI 20250321 CS;SIMPLE_INSTRUMENT;BLOCK;USD;86;273.10000000;400;EXCHANGE_LAST;;1;1;XEUR;10693096;83;
13.12.2024;08:16:54.318;AMS SI 20250919 PS AM C 9.00 0;SIMPLE_INSTRUMENT;BLOCK;CHF;1;0.95000000;500;EXCHANGE_LAST;;1;1;XEUR;11997326;10807;
13.12.2024;10:29:46.055;ANTH.S.DEC24.MAR25.SPD;FUTURES_SPREAD;BLOCK;GBX;33;-27.44000000;283;EXCHANGE_LAST;;1;1;XEUR;72057976290017422;89;
13.12.2024;10:29:46.055;ANTH SI 20250321 CS;SIMPLE_INSTRUMENT;BLOCK;GBX;33;1728.37280000;283;PRC_DECOMP_EXCHANGE;;;;XEUR;10693238;89;EXCHANGE
13.12.2024;10:29:46.055;ANTH SI 20241220 CS;SIMPLE_INSTRUMENT;BLOCK;GBX;33;1700.93280000;283;PRC_DECOMP_EXCHANGE;;;;XEUR;7031337;89;EXCHANGE
13.12.2024;12:41:48.387;ARC SI 20241220 PS AM C 60.00 0;SIMPLE_INSTRUMENT;BLOCK;EUR;4;1.35000000;750;EXCHANGE_LAST;;1;1;XEUR;9021370;524979;
13.12.2024;12:25:07.800;ARGF.S.DEC24.MAR25.SPD;FUTURES_SPREAD;BLOCK;EUR;44;-4.25000000;240;EXCHANGE_LAST;;1;1;XEUR;73584407667015730;355489;
13.12.2024;12:25:07.800;ARGF SI 20250321 CS;SIMPLE_INSTRUMENT;BLOCK;EUR;44;586.62460000;240;PRC_DECOMP_EXCHANGE;;;;XEUR;10732052;355489;EXCHANGE
13.12.2024;12:25:07.800;ARGF SI 20241220 CS;SIMPLE_INSTRUMENT;BLOCK;EUR;44;582.37460000;240;PRC_DECOMP_EXCHANGE;;;;XEUR;7056480;355489;EXCHANGE
13.12.2024;13:20:50.105;ASG5.O.241213.STD.000001;STANDARD_OPTION_STRATEGY;BLOCK;EUR;10;4.20000000;4000;EXCHANGE_LAST;;1;1;XEUR;72058062189368510;109;
13.12.2024;13:20:50.105;ASG5 SI 20241219 PS AM P 24.00 0;SIMPLE_INSTRUMENT;BLOCK;EUR;10;0.00050000;4000;PRC_DECOMP_EXCHANGE;;;;XEUR;4629856;109;EXCHANGE
13.12.2024;13:20:50.105;ASG5 SI 20241219 PS AM C 24.00 0;SIMPLE_INSTRUMENT;BLOCK;EUR;10;4.19950000;4000;PRC_DECOMP_EXCHANGE;;;;XEUR;4629855;109;EXCHANGE
13.12.2024;10:09:20.471;ASGG.S.DEC24.MAR25.SPD;FUTURES_SPREAD;BLOCK;EUR;17;-0.23500000;700;EXCHANGE_LAST;;1;1;XEUR;72058049304461508;106;
13.12.2024;10:09:20.471;ASGG SI 20250320 CS;SIMPLE_INSTRUMENT;BLOCK;EUR;17;28.51500000;700;PRC_DECOMP_MEMBER;;;;XEUR;10687433;106;MEMBER
13.12.2024;10:09:20.471;ASGG SI 20241219 CS;SIMPLE_INSTRUMENT;BLOCK;EUR;17;28.28000000;700;PRC_DECOMP_MEMBER;;;;XEUR;7028089;106;MEMBER
13.12.2024;16:21:42.576;ASM SI 20250321 PS AM P 600.00 0;SIMPLE_INSTRUMENT;BLOCK;EUR;19;15.90000000;150;EXCHANGE_LAST;;1;1;XEUR;10830140;107;
13.12.2024;10:18:01.801;ASMH SI 20241220 CS;SIMPLE_INSTRUMENT;BLOCK;EUR;23;684.15840000;750;EXCHANGE_LAST;;1;1;XEUR;7047762;3979;
13.12.2024;12:38:07.167;ASMH.S.DEC24.JAN25.SPD;FUTURES_SPREAD;BLOCK;EUR;47;-2.50110000;88;EXCHANGE_LAST;;1;1;XEUR;72074683712798951;3979;
13.12.2024;12:38:07.167;ASMH SI 20241220 CS;SIMPLE_INSTRUMENT;BLOCK;EUR;47;683.48230000;88;PRC_DECOMP_EXCHANGE;;;;XEUR;7047762;3979;EXCHANGE
13.12.2024;12:38:07.167;ASMH SI 20250117 CS;SIMPLE_INSTRUMENT;BLOCK;EUR;47;685.98340000;88;PRC_DECOMP_EXCHANGE;;;;XEUR;10429623;3979;EXCHANGE
13.12.2024;10:34:24.016;AXA SI 20241220 PS AM C 34.00 0;SIMPLE_INSTRUMENT;BLOCK;EUR;1;0.26000000;3500;EXCHANGE_LAST;;1;2;XEUR;10396028;127;
13.12.2024;10:39:39.313;AXA SI 20251219 PS AM P 24.00 0;SIMPLE_INSTRUMENT;BLOCK;EUR;2;0.62000000;2000;EXCHANGE_LAST;;1;1;XEUR;5921732;127;
13.12.2024;10:50:07.643;AXA.O.241213.STD.000004;STANDARD_OPTION_STRATEGY;BLOCK;EUR;9;5.94000000;7000;EXCHANGE_LAST;;1;1;XEUR;72058139498794152;127;
13.12.2024;10:50:07.643;AXA SI 20251219 PS AM C 36.00 0;SIMPLE_INSTRUMENT;BLOCK;EUR;9;1.44000000;7000;PRC_DECOMP_MEMBER;;;;XEUR;6271799;127;MEMBER
13.12.2024;10:50:07.643;AXA SI 20251219 PS AM P 36.00 0;SIMPLE_INSTRUMENT;BLOCK;EUR;9;4.50000000;7000;PRC_DECOMP_MEMBER;;;;XEUR;6271800;127;MEMBER
13.12.2024;11:01:09.275;AXA.N.241213.000003;NON_STANDARD_OPTION_STRATEGY;BLOCK;EUR;10;2.98000000;2500;EXCHANGE_LAST;;1;1;XEUR;72058139498794151;127;
13.12.2024;11:01:09.275;AXA SI 20251219 PS AM C 34.00 0;SIMPLE_INSTRUMENT;BLOCK;EUR;10;2.25000000;5000;PRC_DECOMP_EXCHANGE;;;;XEUR;11960007;127;EXCHANGE
13.12.2024;11:01:09.275;AXA SI 20250321 PS AM C 34.00 0;SIMPLE_INSTRUMENT;BLOCK;EUR;10;1.52000000;2500;PRC_DECOMP_EXCHANGE;;;;XEUR;10830419;127;EXCHANGE
13.12.2024;12:27:34.401;AXA SI 20250321 PS AM C 38.00 0;SIMPLE_INSTRUMENT;BLOCK;EUR;15;0.20000000;2000;EXCHANGE_LAST;;1;1;XEUR;10830439;127;
13.12.2024;12:31:20.417;AXA.O.241213.STG.000005;STANDARD_OPTION_STRATEGY;BLOCK;EUR;16;0.47000000;2000;EXCHANGE_LAST;;1;1;XEUR;72058139498794153;127;
13.12.2024;12:31:20.417;AXA SI 20250117 PS AM C 35.00 0;SIMPLE_INSTRUMENT;BLOCK;EUR;16;0.30000000;2000;PRC_DECOMP_EXCHANGE;;;;XEUR;12068566;127;EXCHANGE
13.12.2024;12:31:20.417;AXA SI 20250117 PS AM P 32.00 0;SIMPLE_INSTRUMENT;BLOCK;EUR;16;0.17000000;2000;PRC_DECOMP_EXCHANGE;;;;XEUR;12068494;127;EXCHANGE
13.12.2024;13:47:20.996;AXA SI 20251219 PS AM P 24.00 0;SIMPLE_INSTRUMENT;BLOCK;EUR;19;0.62000000;2000;EXCHANGE_LAST;;1;1;XEUR;5921732;127;
13.12.2024;11:48:15.922;BAN SI 20251219 PS AM P 52.00 0;SIMPLE_INSTRUMENT;BLOCK;CHF;24;2.83000000;100;EXCHANGE_LAST;;1;1;XEUR;10448737;298535;
13.12.2024;11:18:12.617;BARN SI 20251219 PS AM P 1200.00 0;SIMPLE_INSTRUMENT;BLOCK;CHF;14;85.60000000;500;EXCHANGE_LAST;;1;1;XEUR;10396375;149;
13.12.2024;12:55:32.182;BARN SI 20250620 PS AM C 1240.00 0;SIMPLE_INSTRUMENT;BLOCK;CHF;31;95.75000000;350;EXCHANGE_LAST;;1;1;XEUR;11350469;149;
13.12.2024;12:56:37.975;BARN SI 20251219 PS AM P 1120.00 0;SIMPLE_INSTRUMENT;BLOCK;CHF;32;56.75000000;100;EXCHANGE_LAST;;1;1;XEUR;10396328;149;
13.12.2024;09:25:01.908;BAS.O.241213.COMBO.000005;STANDARD_OPTION_STRATEGY;BLOCK;EUR;4;-0.18000000;1000;EXCHANGE_LAST;;1;1;XEUR;72058238283089963;150;
13.12.2024;09:25:01.908;BAS SI 20241220 PS AM C 45.00 0;SIMPLE_INSTRUMENT;BLOCK;EUR;4;0.50000000;1000;PRC_DECOMP_EXCHANGE;;;;XEUR;7509965;150;EXCHANGE
13.12.2024;09:25:01.908;BAS SI 20241220 PS AM P 44.00 0;SIMPLE_INSTRUMENT;BLOCK;EUR;4;0.32000000;1000;PRC_DECOMP_EXCHANGE;;;;XEUR;4705204;150;EXCHANGE
13.12.2024;10:05:47.070;BAS SI 20241220 PS AM P 44.00 0;SIMPLE_INSTRUMENT;BLOCK;EUR;5;0.29000000;2000;EXCHANGE_LAST;;1;1;XEUR;4705204;150;
13.12.2024;12:33:52.038;BAS.O.241213.STG.000020;STANDARD_OPTION_STRATEGY;BLOCK;EUR;7;1.57000000;1250;EXCHANGE_LAST;;1;1;XEUR;72058238283089978;150;
13.12.2024;12:33:52.038;BAS SI 20250117 PS AM C 45.00 0;SIMPLE_INSTRUMENT;BLOCK;EUR;7;1.04000000;1250;PRC_DECOMP_EXCHANGE;;;;XEUR;12068777;150;EXCHANGE
13.12.2024;12:33:52.038;BAS SI 20250117 PS AM P 43.00 0;SIMPLE_INSTRUMENT;BLOCK;EUR;7;0.53000000;1250;PRC_DECOMP_EXCHANGE;;;;XEUR;12068797;150;EXCHANGE
13.12.2024;10:18:48.040;BASG SI 20241220 CS;SIMPLE_INSTRUMENT;BLOCK;EUR;25;44.77000000;5500;EXCHANGE_LAST;;1;1;XEUR;7032007;171;
13.12.2024;15:50:59.991;BASG SI 20241220 CS;SIMPLE_INSTRUMENT;BLOCK;EUR;89;44.67000000;18000;EXCHANGE_LAST;;1;2;XEUR;7032007;171;
13.12.2024;16:16:59.894;BASG SI 20241220 CS;SIMPLE_INSTRUMENT;BLOCK;EUR;95;44.69900000;7000;EXCHANGE_LAST;;1;1;XEUR;7032007;171;
13.12.2024;11:05:24.515;BAY SI 20250620 PS AM C 25.00 0;SIMPLE_INSTRUMENT;BLOCK;EUR;6;0.77000000;2000;EXCHANGE_LAST;;1;1;XEUR;11992382;168;
13.12.2024;10:20:55.522;BAYG SI 20241220 CS;SIMPLE_INSTRUMENT;BLOCK;EUR;26;19.92940000;17500;EXCHANGE_LAST;;1;1;XEUR;7051807;76034;
13.12.2024;16:42:23.505;BBL SI 20251219 PS AM C 210 0;SIMPLE_INSTRUMENT;BLOCK;GBX;4;72.25000000;1400;EXCHANGE_LAST;;1;1;XEUR;10749150;173;
13.12.2024;16:42:23.525;BBL SI 20251219 PS AM C 210 0;SIMPLE_INSTRUMENT;BLOCK;GBX;5;72.50000000;1100;EXCHANGE_LAST;;1;1;XEUR;10749150;173;
13.12.2024;14:36:26.116;BCVN SI 20250919 PS AM P 72.00 0;SIMPLE_INSTRUMENT;BLOCK;CHF;49;2.75000000;500;EXCHANGE_LAST;;1;1;XEUR;11873736;185;
13.12.2024;10:28:35.475;BLTH.S.DEC24.MAR25.SPD;FUTURES_SPREAD;BLOCK;GBX;31;21.00000000;661;EXCHANGE_LAST;;1;1;XEUR;72551850284417094;115078;
13.12.2024;10:28:35.475;BLTH SI 20250321 CS;SIMPLE_INSTRUMENT;BLOCK;GBX;31;2050.55890000;661;PRC_DECOMP_EXCHANGE;;;;XEUR;10725303;115078;EXCHANGE
13.12.2024;10:28:35.475;BLTH SI 20241220 CS;SIMPLE_INSTRUMENT;BLOCK;GBX;31;2071.55890000;661;PRC_DECOMP_EXCHANGE;;;;XEUR;7052590;115078;EXCHANGE
13.12.2024;09:46:06.732;BMW.N.241213.000005;NON_STANDARD_OPTION_STRATEGY;BLOCK;EUR;6;7.00000000;500;EXCHANGE_LAST;;1;1;XEUR;72058495981107864;210;
13.12.2024;09:46:06.732;BMW SI 20261218 PS AM P 48.00 0;SIMPLE_INSTRUMENT;BLOCK;EUR;6;2.12000000;2500;PRC_DECOMP_MEMBER;;;;XEUR;7510015;210;MEMBER
13.12.2024;09:46:06.732;BMW SI 20261218 PS AM P 60.00 0;SIMPLE_INSTRUMENT;BLOCK;EUR;6;4.40000000;2000;PRC_DECOMP_MEMBER;;;;XEUR;7154298;210;MEMBER
13.12.2024;10:44:05.932;BMW SI 20250620 PS AM P 84.00 0;SIMPLE_INSTRUMENT;BLOCK;EUR;12;8.60000000;1000;EXCHANGE_LAST;;1;1;XEUR;7899908;210;
13.12.2024;13:16:55.396;BMW SI 20241220 PS AM C 84.00 0;SIMPLE_INSTRUMENT;BLOCK;EUR;19;0.40000000;500;EXCHANGE_LAST;;1;1;XEUR;4640269;210;
13.12.2024;14:28:03.918;BMW.O.241213.BRT.000016;STANDARD_OPTION_STRATEGY;BLOCK;EUR;21;1.94000000;450;EXCHANGE_LAST;;1;1;XEUR;72058495981107875;210;
13.12.2024;14:28:03.918;BMW SI 20250620 PS AM P 72.00 0;SIMPLE_INSTRUMENT;BLOCK;EUR;21;3.51000000;450;PRC_DECOMP_EXCHANGE;;;;XEUR;11332528;210;EXCHANGE
13.12.2024;14:28:03.918;BMW SI 20250321 PS AM P 72.00 0;SIMPLE_INSTRUMENT;BLOCK;EUR;21;1.57000000;450;PRC_DECOMP_EXCHANGE;;;;XEUR;10832605;210;EXCHANGE
13.12.2024;14:28:13.566;BMW.O.241213.BRT.000016;STANDARD_OPTION_STRATEGY;BLOCK;EUR;22;1.95000000;450;EXCHANGE_LAST;;1;1;XEUR;72058495981107875;210;
13.12.2024;14:28:13.566;BMW SI 20250620 PS AM P 72.00 0;SIMPLE_INSTRUMENT;BLOCK;EUR;22;3.52000000;450;PRC_DECOMP_EXCHANGE;;;;XEUR;11332528;210;EXCHANGE
13.12.2024;14:28:13.566;BMW SI 20250321 PS AM P 72.00 0;SIMPLE_INSTRUMENT;BLOCK;EUR;22;1.57000000;450;PRC_DECOMP_EXCHANGE;;;;XEUR;10832605;210;EXCHANGE
13.12.2024;16:39:33.242;BMW.N.241213.000005;NON_STANDARD_OPTION_STRATEGY;BLOCK;EUR;31;7.52000000;500;EXCHANGE_LAST;;1;1;XEUR;72058495981107864;210;
13.12.2024;16:39:33.242;BMW SI 20261218 PS AM P 60.00 0;SIMPLE_INSTRUMENT;BLOCK;EUR;31;4.58000000;2000;PRC_DECOMP_MEMBER;;;;XEUR;7154298;210;MEMBER
13.12.2024;16:39:33.242;BMW SI 20261218 PS AM P 48.00 0;SIMPLE_INSTRUMENT;BLOCK;EUR;31;2.16000000;2500;PRC_DECOMP_MEMBER;;;;XEUR;7510015;210;MEMBER
13.12.2024;14:28:46.481;BNP.O.241213.BER.000010;STANDARD_OPTION_STRATEGY;BLOCK;EUR;23;0.04000000;1500;EXCHANGE_LAST;;1;2;XEUR;72058611945198703;237;
13.12.2024;14:28:46.481;BNP SI 20241220 PS AM P 56.00 0;SIMPLE_INSTRUMENT;BLOCK;EUR;23;0.10000000;1500;PRC_DECOMP_EXCHANGE;;;;XEUR;4640394;237;EXCHANGE
13.12.2024;14:28:46.481;BNP SI 20241220 PS AM P 55.00 0;SIMPLE_INSTRUMENT;BLOCK;EUR;23;0.06000000;1500;PRC_DECOMP_EXCHANGE;;;;XEUR;9875417;237;EXCHANGE
13.12.2024;14:28:46.481;BNP.O.241213.BER.000010;STANDARD_OPTION_STRATEGY;BLOCK;EUR;24;0.05000000;1500;EXCHANGE_LAST;;1;2;XEUR;72058611945198703;237;
13.12.2024;14:28:46.481;BNP SI 20241220 PS AM P 56.00 0;SIMPLE_INSTRUMENT;BLOCK;EUR;24;0.10000000;1500;PRC_DECOMP_EXCHANGE;;;;XEUR;4640394;237;EXCHANGE
13.12.2024;14:28:46.481;BNP SI 20241220 PS AM P 55.00 0;SIMPLE_INSTRUMENT;BLOCK;EUR;24;0.05000000;1500;PRC_DECOMP_EXCHANGE;;;;XEUR;9875417;237;EXCHANGE
13.12.2024;10:06:04.313;BNPH SI 20241220 CS;SIMPLE_INSTRUMENT;BLOCK;EUR;14;59.07960000;7500;EXCHANGE_LAST;;1;1;XEUR;7032636;236;
13.12.2024;11:13:41.487;BPV.N.241213.000001;NON_STANDARD_OPTION_STRATEGY;BLOCK;EUR;1;0.05000000;1500;EXCHANGE_LAST;;1;1;XEUR;72058672074719304;251;
13.12.2024;11:13:41.487;BPV SI 20250220 PS AM P 7.00 0;SIMPLE_INSTRUMENT;BLOCK;EUR;1;0.15000000;1500;PRC_DECOMP_MEMBER;;;;XEUR;12231805;251;MEMBER
13.12.2024;11:13:41.487;BPV SI 20250320 PS AM P 5.20 0;SIMPLE_INSTRUMENT;BLOCK;EUR;1;0.05000000;3000;PRC_DECOMP_MEMBER;;;;XEUR;10822361;251;MEMBER
13.12.2024;13:02:25.151;BPV SI 20250619 PS AM P 6.60 0;SIMPLE_INSTRUMENT;BLOCK;EUR;5;0.28000000;24362;EXCHANGE_LAST;;1;1;XEUR;12365428;251;
13.12.2024;13:02:56.504;BPV SI 20250619 PS AM P 5.20 0;SIMPLE_INSTRUMENT;BLOCK;EUR;6;0.12300000;24362;EXCHANGE_LAST;;1;1;XEUR;11337121;251;
13.12.2024;13:03:09.016;BPV SI 20250619 PS AM P 7.20 0;SIMPLE_INSTRUMENT;BLOCK;EUR;7;0.52000000;24362;EXCHANGE_LAST;;1;1;XEUR;9530828;251;
13.12.2024;13:03:19.489;BPV SI 20250619 PS AM P 5.60 0;SIMPLE_INSTRUMENT;BLOCK;EUR;8;0.14000000;24362;EXCHANGE_LAST;;1;1;XEUR;9530886;251;
13.12.2024;15:56:05.100;BPV SI 20250619 PS AM P 4.00 0;SIMPLE_INSTRUMENT;BLOCK;EUR;18;0.05000000;4000;EXCHANGE_LAST;;1;1;XEUR;9530875;251;
13.12.2024;09:47:47.337;BX7G SI 20241220 CS;SIMPLE_INSTRUMENT;BLOCK;EUR;4;5.06810000;20000;EXCHANGE_LAST;;1;1;XEUR;7047777;3980;
13.12.2024;11:30:37.039;CBK.O.241213.COMBO.000002;STANDARD_OPTION_STRATEGY;BLOCK;EUR;3;0.38000000;10000;EXCHANGE_LAST;;1;2;XEUR;72058745089201950;268;
13.12.2024;11:30:37.039;CBK SI 20260619 PS AM C 20.00 0;SIMPLE_INSTRUMENT;BLOCK;EUR;3;0.81000000;10000;PRC_DECOMP_EXCHANGE;;;;XEUR;9666939;268;EXCHANGE
13.12.2024;11:30:37.039;CBK SI 20260619 PS AM P 12.00 0;SIMPLE_INSTRUMENT;BLOCK;EUR;3;1.19000000;10000;PRC_DECOMP_EXCHANGE;;;;XEUR;9542175;268;EXCHANGE
13.12.2024;12:38:52.762;CFR SI 20241220 PS AM P 140.00 0;SIMPLE_INSTRUMENT;BLOCK;CHF;28;4.15000000;300;EXCHANGE_LAST;;1;1;XEUR;9996594;313;
13.12.2024;14:48:19.230;CFR SI 20241220 PS AM C 140.00 0;SIMPLE_INSTRUMENT;BLOCK;CHF;50;0.77000000;1600;EXCHANGE_LAST;;1;1;XEUR;9996592;313;
13.12.2024;15:22:02.158;CFR SI 20241220 PS AM C 140.00 0;SIMPLE_INSTRUMENT;BLOCK;CHF;52;0.80000000;1000;EXCHANGE_LAST;;2;1;XEUR;9996592;313;
13.12.2024;10:48:13.388;CR5J SI 20241219 CS;SIMPLE_INSTRUMENT;BLOCK;EUR;34;38.98400000;22500;EXCHANGE_LAST;;1;1;XEUR;7029763;50861;
13.12.2024;15:37:16.357;D3AI SI 20261218 CS;SIMPLE_INSTRUMENT;BLOCK;EUR;83;3.01500000;450;EXCHANGE_LAST;;1;1;XEUR;7144051;443197;
13.12.2024;15:40:32.890;DAB SI 20241220 PS AM P 76.00 0;SIMPLE_INSTRUMENT;BLOCK;EUR;29;1.40000000;2800;EXCHANGE_LAST;;1;1;XEUR;5785429;352;
13.12.2024;09:33:06.704;DAI.O.241213.BER.000012;STANDARD_OPTION_STRATEGY;BLOCK;EUR;5;0.44000000;750;EXCHANGE_LAST;;1;1;XEUR;73961106363662291;443196;
13.12.2024;09:33:06.704;DAI SI 20241220 PS AM P 57.00 0;SIMPLE_INSTRUMENT;BLOCK;EUR;5;0.87000000;750;PRC_DECOMP_EXCHANGE;;;;XEUR;11925516;443196;EXCHANGE
13.12.2024;09:33:06.704;DAI SI 20241220 PS AM P 56.00 0;SIMPLE_INSTRUMENT;BLOCK;EUR;5;0.43000000;750;PRC_DECOMP_EXCHANGE;;;;XEUR;7349884;443196;EXCHANGE
13.12.2024;10:25:35.728;DAI.O.241213.BER.000012;STANDARD_OPTION_STRATEGY;BLOCK;EUR;10;0.44000000;1500;EXCHANGE_LAST;;1;1;XEUR;73961106363662291;443196;
13.12.2024;10:25:35.728;DAI SI 20241220 PS AM P 57.00 0;SIMPLE_INSTRUMENT;BLOCK;EUR;10;0.87000000;1500;PRC_DECOMP_MEMBER;;;;XEUR;11925516;443196;MEMBER
13.12.2024;10:25:35.728;DAI SI 20241220 PS AM P 56.00 0;SIMPLE_INSTRUMENT;BLOCK;EUR;10;0.43000000;1500;PRC_DECOMP_MEMBER;;;;XEUR;7349884;443196;MEMBER
13.12.2024;13:48:24.246;DAI.O.241213.BR23.000022;STANDARD_OPTION_STRATEGY;BLOCK;EUR;20;-7.40000000;2000;EXCHANGE_LAST;;2;3;XEUR;73961106363662301;443196;
13.12.2024;13:48:24.246;DAI SI 20281215 PS AM P 36.00 0;SIMPLE_INSTRUMENT;BLOCK;EUR;20;4.50000000;6000;PRC_DECOMP_MEMBER;;;;XEUR;10455502;443196;MEMBER
13.12.2024;13:48:24.246;DAI SI 20281215 PS AM P 52.00 0;SIMPLE_INSTRUMENT;BLOCK;EUR;20;10.45000000;4000;PRC_DECOMP_MEMBER;;;;XEUR;10455577;443196;MEMBER
13.12.2024;15:23:02.053;DAI SI 20241220 PS AM P 56.00 0;SIMPLE_INSTRUMENT;BLOCK;EUR;27;0.34000000;750;EXCHANGE_LAST;;1;1;XEUR;7349884;443196;
13.12.2024;10:10:40.581;DAIG SI 20241220 CS;SIMPLE_INSTRUMENT;BLOCK;EUR;18;56.49790000;3650;EXCHANGE_LAST;;1;1;XEUR;7144297;443203;
13.12.2024;11:07:57.940;DB1 SI 20250221 PS AM C 230.00 0;SIMPLE_INSTRUMENT;BLOCK;EUR;6;4.35000000;276;EXCHANGE_LAST;;1;1;XEUR;12242072;361;
13.12.2024;11:07:59.027;DB1 SI 20250221 PS AM C 230.00 0;SIMPLE_INSTRUMENT;BLOCK;EUR;7;4.32000000;304;EXCHANGE_LAST;;1;1;XEUR;12242072;361;
13.12.2024;10:21:31.545;DBKI SI 20241220 CS;SIMPLE_INSTRUMENT;BLOCK;EUR;28;17.05740000;12000;EXCHANGE_LAST;;1;1;XEUR;7050770;51566;
13.12.2024;10:24:32.750;DPWF SI 20241220 CS;SIMPLE_INSTRUMENT;BLOCK;EUR;29;35.32370000;6500;EXCHANGE_LAST;;1;1;XEUR;7034453;444;
13.12.2024;15:02:58.554;DVC SI 20250619 PS AM P 4.80 0;SIMPLE_INSTRUMENT;BLOCK;EUR;17;0.11500000;2000;EXCHANGE_LAST;;1;1;XEUR;9531107;420;
13.12.2024;12:30:29.523;E2NT SI 20241220 CS;SIMPLE_INSTRUMENT;BLOCK;EUR;46;0.97000000;4387;EXCHANGE_LAST;;1;1;XEUR;3629727;470;
13.12.2024;13:43:46.569;E2NT SI 20251219 CS;SIMPLE_INSTRUMENT;BLOCK;EUR;56;1.00000000;500;EXCHANGE_LAST;;1;1;XEUR;3681294;470;
13.12.2024;14:16:56.616;EAD.O.241213.BUL.000007;STANDARD_OPTION_STRATEGY;BLOCK;EUR;21;3.20000000;1200;EXCHANGE_LAST;;1;1;XEUR;72059591197746167;465;
13.12.2024;14:16:56.616;EAD SI 20250221 PS AM C 175.00 0;SIMPLE_INSTRUMENT;BLOCK;EUR;21;1.90000000;1200;PRC_DECOMP_MEMBER;;;;XEUR;12244205;465;MEMBER
13.12.2024;14:16:56.616;EAD SI 20250221 PS AM C 165.00 0;SIMPLE_INSTRUMENT;BLOCK;EUR;21;5.10000000;1200;PRC_DECOMP_MEMBER;;;;XEUR;12244217;465;MEMBER
13.12.2024;14:16:16.391;EAD SI 20250221 PS AM C 175.00 0;SIMPLE_INSTRUMENT;BLOCK;EUR;22;1.90000000;600;EXCHANGE_LAST;;1;1;XEUR;12244205;465;
13.12.2024;16:20:21.920;ENLH SI 20241219 CS;SIMPLE_INSTRUMENT;BLOCK;EUR;98;6.93000000;136000;EXCHANGE_LAST;;1;1;XEUR;7935846;524976;
13.12.2024;16:22:55.029;ENLH SI 20250116 CS;SIMPLE_INSTRUMENT;BLOCK;EUR;104;6.94030000;136000;EXCHANGE_LAST;;1;1;XEUR;10390910;524976;
13.12.2024;16:20:41.125;ENLQ SI 20241219 PS;SIMPLE_INSTRUMENT;BLOCK;EUR;99;6.93000000;136000;EXCHANGE_LAST;;1;1;XEUR;7935620;524962;
13.12.2024;16:23:24.750;ENLQ SI 20250116 PS;SIMPLE_INSTRUMENT;BLOCK;EUR;105;6.94000000;136000;EXCHANGE_LAST;;1;1;XEUR;10390906;524962;
13.12.2024;08:31:11.445;ENR SI 20251219 PS AM C 40.00 0;SIMPLE_INSTRUMENT;BLOCK;EUR;1;15.30000000;15000;EXCHANGE_LAST;;1;1;XEUR;10971079;298530;
13.12.2024;14:47:24.636;ENR SI 20250321 PS AM C 57.00 0;SIMPLE_INSTRUMENT;BLOCK;EUR;11;2.36000000;20000;EXCHANGE_LAST;;1;1;XEUR;12193262;298530;
13.12.2024;13:41:38.059;ENT5.O.241213.STD.000001;STANDARD_OPTION_STRATEGY;BLOCK;EUR;11;1.00000000;500;EXCHANGE_LAST;;1;1;XEUR;72059728636684190;497;
13.12.2024;13:41:38.059;ENT5 SI 20250320 PS AM C 13.50 0;SIMPLE_INSTRUMENT;BLOCK;EUR;11;0.47350000;500;PRC_DECOMP_EXCHANGE;;;;XEUR;11980884;497;EXCHANGE
13.12.2024;13:41:38.059;ENT5 SI 20250320 PS AM P 13.50 0;SIMPLE_INSTRUMENT;BLOCK;EUR;11;0.52650000;500;PRC_DECOMP_EXCHANGE;;;;XEUR;11980885;497;EXCHANGE
13.12.2024;12:29:44.896;ENTH SI 20241219 CS;SIMPLE_INSTRUMENT;BLOCK;EUR;45;13.37300000;10000;EXCHANGE_LAST;;1;1;XEUR;7935776;524973;
13.12.2024;09:07:07.097;ENUF SI 20241220 CS;SIMPLE_INSTRUMENT;BLOCK;EUR;1;9.80600000;1325;EXCHANGE_LAST;;1;1;XEUR;7035445;499;
13.12.2024;09:07:43.093;ENUF SI 20250321 CS;SIMPLE_INSTRUMENT;BLOCK;EUR;2;9.60100000;1325;EXCHANGE_LAST;;1;1;XEUR;10699583;499;
13.12.2024;11:28:30.683;ENUR SI 20250321 PS AM P 9.50 0;SIMPLE_INSTRUMENT;BLOCK;EUR;2;0.50000000;5600;EXCHANGE_LAST;;1;1;XEUR;12171519;498;
13.12.2024;14:33:07.949;ENUR SI 20250117 PS AM C 10.50 0;SIMPLE_INSTRUMENT;BLOCK;EUR;15;0.05000000;1363;EXCHANGE_LAST;;1;1;XEUR;12074091;498;
13.12.2024;14:33:07.451;ENUR SI 20250117 PS AM C 10.50 0;SIMPLE_INSTRUMENT;BLOCK;EUR;16;0.04000000;12263;EXCHANGE_LAST;;1;1;XEUR;12074091;498;
13.12.2024;11:18:01.093;F3TE SI 20241220 CS;SIMPLE_INSTRUMENT;BLOCK;EUR;37;0.72000000;13200;EXCHANGE_LAST;;1;1;XEUR;6633907;390379;
13.12.2024;15:21:38.002;F3TE SI 20250321 CS;SIMPLE_INSTRUMENT;BLOCK;EUR;72;0.00100000;10490;EXCHANGE_LAST;;2;3;XEUR;10452739;390379;
13.12.2024;08:59:38.560;FBTP SI 20250306 PS;SIMPLE_INSTRUMENT;EFP_FIN;EUR;1;121.75000000;586;EXCHANGE_LAST;;1;1;XEUR;11286675;636;
13.12.2024;09:40:35.202;FBTP SI 20250306 PS;SIMPLE_INSTRUMENT;EFP_FIN;EUR;2;121.57000000;121;EXCHANGE_LAST;;1;1;XEUR;11286675;636;
13.12.2024;10:37:21.784;FBTP SI 20250306 PS;SIMPLE_INSTRUMENT;EFP_FIN;EUR;3;121.56000000;144;EXCHANGE_LAST;;1;1;XEUR;11286675;636;
13.12.2024;10:58:09.300;FBTP SI 20250306 PS;SIMPLE_INSTRUMENT;BLOCK;EUR;4;121.82000000;602;EXCHANGE_LAST;;1;1;XEUR;11286675;636;
13.12.2024;11:11:22.335;FBTP SI 20250306 PS;SIMPLE_INSTRUMENT;EFP_FIN;EUR;5;121.65000000;271;EXCHANGE_LAST;;1;1;XEUR;11286675;636;
13.12.2024;11:46:39.295;FBTP SI 20250306 PS;SIMPLE_INSTRUMENT;EFP_FIN;EUR;6;121.58000000;144;EXCHANGE_LAST;;1;1;XEUR;11286675;636;
13.12.2024;12:50:44.127;FBTP SI 20250306 PS;SIMPLE_INSTRUMENT;BLOCK;EUR;7;121.44000000;804;EXCHANGE_LAST;;1;1;XEUR;11286675;636;
13.12.2024;13:17:25.723;FBTP SI 20250306 PS;SIMPLE_INSTRUMENT;EFP_FIN;EUR;8;121.55000000;136;EXCHANGE_LAST;;1;1;XEUR;11286675;636;
13.12.2024;13:19:25.729;FBTP SI 20250306 PS;SIMPLE_INSTRUMENT;EFP_FIN;EUR;9;121.55000000;298;EXCHANGE_LAST;;1;1;XEUR;11286675;636;
13.12.2024;13:21:30.736;FBTP SI 20250306 PS;SIMPLE_INSTRUMENT;EFP_FIN;EUR;10;121.55000000;116;EXCHANGE_LAST;;1;1;XEUR;11286675;636;
13.12.2024;14:35:21.258;FBTP SI 20250306 PS;SIMPLE_INSTRUMENT;EFP_FIN;EUR;11;121.60000000;281;EXCHANGE_LAST;;1;1;XEUR;11286675;636;
13.12.2024;14:56:45.747;FBTP SI 20250306 PS;SIMPLE_INSTRUMENT;EFP_FIN;EUR;12;121.58000000;225;EXCHANGE_LAST;;1;1;XEUR;11286675;636;
13.12.2024;15:44:00.031;FBTP SI 20250306 PS;SIMPLE_INSTRUMENT;BLOCK;EUR;13;121.43000000;1119;EXCHANGE_LAST;;1;1;XEUR;11286675;636;
13.12.2024;16:11:55.208;FBTP SI 20250306 PS;SIMPLE_INSTRUMENT;EFS;EUR;14;121.35000000;551;EXCHANGE_LAST;;1;1;XEUR;11286675;636;
13.12.2024;08:58:29.398;FBTP SI 20250306 PS;SIMPLE_INSTRUMENT;VOLA;EUR;268435475;121.82000000;45;EXCHANGE_LAST;;1;1;XEUR;11286675;636;
13.12.2024;16:07:50.849;FBTP SI 20250306 PS;SIMPLE_INSTRUMENT;VOLA;EUR;268435607;121.40000000;41;EXCHANGE_LAST;;1;1;XEUR;11286675;636;
13.12.2024;09:38:58.061;FBTS SI 20250306 PS;SIMPLE_INSTRUMENT;EFS;EUR;1;107.63000000;2341;EXCHANGE_LAST;;1;1;XEUR;11286677;639;
13.12.2024;09:59:27.122;FBTS SI 20250306 PS;SIMPLE_INSTRUMENT;EFS;EUR;5;107.57000000;270;EXCHANGE_LAST;;1;1;XEUR;11286677;639;
13.12.2024;10:11:24.298;FBTS SI 20250306 PS;SIMPLE_INSTRUMENT;EFP_FIN;EUR;6;107.56000000;139;EXCHANGE_LAST;;1;1;XEUR;11286677;639;
13.12.2024;10:56:03.117;FBTS SI 20250306 PS;SIMPLE_INSTRUMENT;EFP_FIN;EUR;8;107.59000000;1239;EXCHANGE_LAST;;1;1;XEUR;11286677;639;
13.12.2024;11:46:16.610;FBTS SI 20250306 PS;SIMPLE_INSTRUMENT;EFP_FIN;EUR;12;107.59000000;1239;EXCHANGE_LAST;;1;1;XEUR;11286677;639;
13.12.2024;12:01:01.618;FBTS SI 20250306 PS;SIMPLE_INSTRUMENT;EFP_FIN;EUR;13;107.59000000;1320;EXCHANGE_LAST;;1;1;XEUR;11286677;639;
13.12.2024;12:32:45.448;FBTS SI 20250306 PS;SIMPLE_INSTRUMENT;EFP_FIN;EUR;15;107.58000000;403;EXCHANGE_LAST;;1;1;XEUR;11286677;639;
13.12.2024;12:38:34.285;FBTS SI 20250306 PS;SIMPLE_INSTRUMENT;EFP_FIN;EUR;16;107.57000000;537;EXCHANGE_LAST;;1;1;XEUR;11286677;639;
13.12.2024;12:58:59.144;FBTS SI 20250306 PS;SIMPLE_INSTRUMENT;EFP_FIN;EUR;17;107.57000000;807;EXCHANGE_LAST;;1;1;XEUR;11286677;639;
13.12.2024;13:15:09.746;FBTS SI 20250306 PS;SIMPLE_INSTRUMENT;EFP_FIN;EUR;18;107.58000000;1363;EXCHANGE_LAST;;1;1;XEUR;11286677;639;
13.12.2024;13:13:13.052;FBTS SI 20250306 PS;SIMPLE_INSTRUMENT;BLOCK;EUR;19;107.59000000;719;EXCHANGE_LAST;;1;1;XEUR;11286677;639;
13.12.2024;13:17:15.753;FBTS SI 20250306 PS;SIMPLE_INSTRUMENT;EFP_FIN;EUR;20;107.58000000;555;EXCHANGE_LAST;;1;1;XEUR;11286677;639;
13.12.2024;13:23:07.742;FBTS SI 20250306 PS;SIMPLE_INSTRUMENT;EFP_FIN;EUR;21;107.59000000;246;EXCHANGE_LAST;;1;1;XEUR;11286677;639;
13.12.2024;14:32:41.084;FBTS SI 20250306 PS;SIMPLE_INSTRUMENT;EFP_FIN;EUR;22;107.66000000;334;EXCHANGE_LAST;;1;1;XEUR;11286677;639;
13.12.2024;14:42:32.797;FBTS SI 20250306 PS;SIMPLE_INSTRUMENT;EFP_FIN;EUR;24;107.66000000;195;EXCHANGE_LAST;;1;1;XEUR;11286677;639;
13.12.2024;14:44:03.558;FBTS SI 20250306 PS;SIMPLE_INSTRUMENT;EFP_FIN;EUR;25;107.66000000;363;EXCHANGE_LAST;;1;1;XEUR;11286677;639;
13.12.2024;15:06:30.660;FBTS SI 20250306 PS;SIMPLE_INSTRUMENT;EFP_FIN;EUR;27;107.63000000;454;EXCHANGE_LAST;;1;1;XEUR;11286677;639;
13.12.2024;15:12:12.218;FBTS SI 20250306 PS;SIMPLE_INSTRUMENT;EFP_FIN;EUR;28;107.64000000;593;EXCHANGE_LAST;;1;1;XEUR;11286677;639;
13.12.2024;15:12:13.644;FBTS SI 20250306 PS;SIMPLE_INSTRUMENT;EFP_FIN;EUR;29;107.66000000;280;EXCHANGE_LAST;;1;1;XEUR;11286677;639;
13.12.2024;15:23:04.116;FBTS SI 20250306 PS;SIMPLE_INSTRUMENT;EFP_FIN;EUR;30;107.61000000;137;EXCHANGE_LAST;;1;1;XEUR;11286677;639;
13.12.2024;16:30:23.756;FBTS SI 20250306 PS;SIMPLE_INSTRUMENT;EFP_FIN;EUR;35;107.57000000;1045;EXCHANGE_LAST;;1;1;XEUR;11286677;639;
13.12.2024;16:48:04.414;FBTS SI 20250306 PS;SIMPLE_INSTRUMENT;EFP_FIN;EUR;38;107.55000000;454;EXCHANGE_LAST;;1;1;XEUR;11286677;639;
13.12.2024;13:23:07.899;FCBU SI 20250103 CS;SIMPLE_INSTRUMENT;BLOCK;USD;5;0.16595000;400;EXCHANGE_LAST;;1;1;XEUR;10519769;570870;
13.12.2024;08:29:07.294;FCEU SI 20250317 PS;SIMPLE_INSTRUMENT;BLOCK;USD;1;1.05090000;136;EXCHANGE_LAST;;1;1;XEUR;9136240;369376;
13.12.2024;12:23:08.374;FCIN SI 20241230 CS;SIMPLE_INSTRUMENT;BLOCK;USD;26;145.81000000;545;EXCHANGE_LAST;;1;1;XEUR;4680363;580;
13.12.2024;12:23:32.891;FCIN SI 20241230 CS;SIMPLE_INSTRUMENT;BLOCK;USD;27;145.82000000;112;EXCHANGE_LAST;;1;1;XEUR;4680363;580;
13.12.2024;12:24:17.488;FCIN SI 20250328 CS;SIMPLE_INSTRUMENT;BLOCK;USD;28;145.91000000;81;EXCHANGE_LAST;;1;1;XEUR;10945396;580;
13.12.2024;12:24:47.605;FCIN SI 20250328 CS;SIMPLE_INSTRUMENT;BLOCK;USD;29;145.92000000;576;EXCHANGE_LAST;;1;1;XEUR;10945396;580;
13.12.2024;12:25:54.057;FCIN SI 20241230 CS;SIMPLE_INSTRUMENT;BLOCK;USD;30;145.81000000;12;EXCHANGE_LAST;;1;1;XEUR;4680363;580;
13.12.2024;12:26:38.550;FCIN SI 20250328 CS;SIMPLE_INSTRUMENT;BLOCK;USD;31;145.81000000;12;EXCHANGE_LAST;;1;1;XEUR;10945396;580;
13.12.2024;12:11:25.004;FCPE SI 20241230 CS;SIMPLE_INSTRUMENT;BLOCK;USD;12;176.63000000;22;EXCHANGE_LAST;;1;1;XEUR;4680365;586;
13.12.2024;12:11:41.934;FCPE SI 20241230 CS;SIMPLE_INSTRUMENT;BLOCK;USD;13;176.64000000;28;EXCHANGE_LAST;;1;1;XEUR;4680365;586;
13.12.2024;12:14:09.301;FCPE SI 20241230 CS;SIMPLE_INSTRUMENT;BLOCK;USD;14;176.63000000;70;EXCHANGE_LAST;;1;1;XEUR;4680365;586;
13.12.2024;12:14:25.055;FCPE SI 20241230 CS;SIMPLE_INSTRUMENT;BLOCK;USD;15;176.64000000;88;EXCHANGE_LAST;;1;1;XEUR;4680365;586;
13.12.2024;12:15:53.381;FCPE SI 20250328 CS;SIMPLE_INSTRUMENT;BLOCK;USD;16;176.63000000;22;EXCHANGE_LAST;;1;1;XEUR;10945400;586;
13.12.2024;12:16:09.831;FCPE SI 20250328 CS;SIMPLE_INSTRUMENT;BLOCK;USD;18;176.64000000;28;EXCHANGE_LAST;;1;1;XEUR;10945400;586;
13.12.2024;12:17:37.249;FCPE SI 20250328 CS;SIMPLE_INSTRUMENT;BLOCK;USD;22;176.72000000;65;EXCHANGE_LAST;;1;1;XEUR;10945400;586;
13.12.2024;12:17:56.258;FCPE SI 20250328 CS;SIMPLE_INSTRUMENT;BLOCK;USD;23;176.73000000;93;EXCHANGE_LAST;;1;1;XEUR;10945400;586;
13.12.2024;14:02:19.526;FCPR SI 20241230 CS;SIMPLE_INSTRUMENT;BLOCK;USD;32;276.00000000;616;EXCHANGE_LAST;;1;1;XEUR;4680366;587;
13.12.2024;14:02:51.695;FCPR SI 20250328 CS;SIMPLE_INSTRUMENT;BLOCK;USD;33;276.13000000;148;EXCHANGE_LAST;;1;1;XEUR;10945401;587;
13.12.2024;14:03:07.727;FCPR SI 20250328 CS;SIMPLE_INSTRUMENT;BLOCK;USD;34;276.14000000;468;EXCHANGE_LAST;;1;1;XEUR;10945401;587;
13.12.2024;10:31:31.215;FCPU SI 20250317 PS;SIMPLE_INSTRUMENT;BLOCK;USD;4;1.26290000;254;EXCHANGE_LAST;;1;1;XEUR;9136249;369379;
13.12.2024;09:29:23.547;FCZU SI 20250317 CS;SIMPLE_INSTRUMENT;BLOCK;USD;2;0.05555000;180;EXCHANGE_LAST;;1;1;XEUR;11329546;570872;
13.12.2024;16:53:11.974;FDAX SI 20241220 CS;SIMPLE_INSTRUMENT;EFP_IDX;EUR;1;20420.00000000;15;EXCHANGE_LAST;;1;1;XEUR;7296065;589;
13.12.2024;16:53:18.106;FDAX SI 20241220 CS;SIMPLE_INSTRUMENT;EFP_IDX;EUR;2;20421.00000000;10;EXCHANGE_LAST;;1;1;XEUR;7296065;589;
13.12.2024;17:22:27.273;FDAX.S.DEC24.MAR25.SPD;FUTURES_SPREAD;BLOCK;EUR;3;-187.50000000;641;EXCHANGE_LAST;;1;1;XEUR;72060123773665382;589;
13.12.2024;17:22:27.273;FDAX SI 20241220 CS;SIMPLE_INSTRUMENT;BLOCK;EUR;3;20412.50000000;641;PRC_DECOMP_EXCHANGE;;;;XEUR;7296065;589;EXCHANGE
13.12.2024;17:22:27.273;FDAX SI 20250321 CS;SIMPLE_INSTRUMENT;BLOCK;EUR;3;20600.00000000;641;PRC_DECOMP_EXCHANGE;;;;XEUR;7561255;589;EXCHANGE
13.12.2024;17:22:48.104;FDAX.S.DEC24.MAR25.SPD;FUTURES_SPREAD;BLOCK;EUR;4;-188.00000000;641;EXCHANGE_LAST;;1;1;XEUR;72060123773665382;589;
13.12.2024;17:22:48.104;FDAX SI 20250321 CS;SIMPLE_INSTRUMENT;BLOCK;EUR;4;20600.00000000;641;PRC_DECOMP_EXCHANGE;;;;XEUR;7561255;589;EXCHANGE
13.12.2024;17:22:48.104;FDAX SI 20241220 CS;SIMPLE_INSTRUMENT;BLOCK;EUR;4;20412.00000000;641;PRC_DECOMP_EXCHANGE;;;;XEUR;7296065;589;EXCHANGE
13.12.2024;08:22:41.879;FECX SI 20241220 CS;SIMPLE_INSTRUMENT;BLOCK;EUR;1;165.98000000;50;EXCHANGE_LAST;;1;1;XEUR;10920731;410158;
13.12.2024;09:33:48.206;FECX SI 20241220 CS;SIMPLE_INSTRUMENT;BLOCK;EUR;11;165.90000000;232;EXCHANGE_LAST;;1;1;XEUR;10920731;410158;
13.12.2024;09:34:18.219;FECX SI 20250321 CS;SIMPLE_INSTRUMENT;BLOCK;EUR;14;167.20000000;232;EXCHANGE_LAST;;1;1;XEUR;11427948;410158;
13.12.2024;09:34:57.770;FECX SI 20241220 CS;SIMPLE_INSTRUMENT;BLOCK;EUR;15;165.90000000;232;EXCHANGE_LAST;;1;1;XEUR;10920731;410158;
13.12.2024;09:35:32.319;FECX SI 20250321 CS;SIMPLE_INSTRUMENT;BLOCK;EUR;16;167.20000000;232;EXCHANGE_LAST;;1;1;XEUR;11427948;410158;
13.12.2024;10:16:43.355;FECX.S.DEC24.MAR25.SPD;FUTURES_SPREAD;BLOCK;EUR;25;-1.39000000;100;EXCHANGE_LAST;;1;1;XEUR;73819209234120728;410158;
13.12.2024;10:16:43.355;FECX SI 20241220 CS;SIMPLE_INSTRUMENT;BLOCK;EUR;25;166.07000000;100;PRC_DECOMP_EXCHANGE;;;;XEUR;10920731;410158;EXCHANGE
13.12.2024;10:16:43.355;FECX SI 20250321 CS;SIMPLE_INSTRUMENT;BLOCK;EUR;25;167.46000000;100;PRC_DECOMP_EXCHANGE;;;;XEUR;11427948;410158;EXCHANGE
13.12.2024;10:21:59.763;FECX SI 20241220 CS;SIMPLE_INSTRUMENT;BLOCK;EUR;26;165.90000000;720;EXCHANGE_LAST;;1;1;XEUR;10920731;410158;
13.12.2024;10:22:33.010;FECX SI 20250321 CS;SIMPLE_INSTRUMENT;BLOCK;EUR;27;167.29000000;720;EXCHANGE_LAST;;1;1;XEUR;11427948;410158;
13.12.2024;10:24:14.560;FECX.S.DEC24.MAR25.SPD;FUTURES_SPREAD;BLOCK;EUR;28;-1.39000000;587;EXCHANGE_LAST;;1;1;XEUR;73819209234120728;410158;
13.12.2024;10:24:14.560;FECX SI 20250321 CS;SIMPLE_INSTRUMENT;BLOCK;EUR;28;167.46000000;587;PRC_DECOMP_EXCHANGE;;;;XEUR;11427948;410158;EXCHANGE
13.12.2024;10:24:14.560;FECX SI 20241220 CS;SIMPLE_INSTRUMENT;BLOCK;EUR;28;166.07000000;587;PRC_DECOMP_EXCHANGE;;;;XEUR;10920731;410158;EXCHANGE
13.12.2024;10:43:28.601;FECX.S.DEC24.MAR25.SPD;FUTURES_SPREAD;BLOCK;EUR;31;-1.39000000;439;EXCHANGE_LAST;;1;1;XEUR;73819209234120728;410158;
13.12.2024;10:43:28.601;FECX SI 20250321 CS;SIMPLE_INSTRUMENT;BLOCK;EUR;31;167.27000000;439;PRC_DECOMP_MEMBER;;;;XEUR;11427948;410158;MEMBER
13.12.2024;10:43:28.601;FECX SI 20241220 CS;SIMPLE_INSTRUMENT;BLOCK;EUR;31;165.88000000;439;PRC_DECOMP_MEMBER;;;;XEUR;10920731;410158;MEMBER
13.12.2024;10:42:46.835;FECX.S.DEC24.MAR25.SPD;FUTURES_SPREAD;BLOCK;EUR;33;-1.39000000;921;EXCHANGE_LAST;;1;1;XEUR;73819209234120728;410158;
13.12.2024;10:42:46.835;FECX SI 20241220 CS;SIMPLE_INSTRUMENT;BLOCK;EUR;33;165.88000000;921;PRC_DECOMP_MEMBER;;;;XEUR;10920731;410158;MEMBER
13.12.2024;10:42:46.835;FECX SI 20250321 CS;SIMPLE_INSTRUMENT;BLOCK;EUR;33;167.27000000;921;PRC_DECOMP_MEMBER;;;;XEUR;11427948;410158;MEMBER
13.12.2024;14:18:57.771;FECX.S.DEC24.MAR25.SPD;FUTURES_SPREAD;BLOCK;EUR;72;-1.26000000;35;EXCHANGE_LAST;;1;1;XEUR;73819209234120728;410158;
13.12.2024;14:18:57.771;FECX SI 20241220 CS;SIMPLE_INSTRUMENT;BLOCK;EUR;72;166.05000000;35;PRC_DECOMP_EXCHANGE;;;;XEUR;10920731;410158;EXCHANGE
13.12.2024;14:18:57.771;FECX SI 20250321 CS;SIMPLE_INSTRUMENT;BLOCK;EUR;72;167.31000000;35;PRC_DECOMP_EXCHANGE;;;;XEUR;11427948;410158;EXCHANGE
13.12.2024;09:23:41.451;FEDV.S.DEC24.MAR25.SPD;FUTURES_SPREAD;BLOCK;EUR;4;-11.00000000;1144;EXCHANGE_LAST;;1;1;XEUR;72060153838436444;596;
13.12.2024;09:23:41.451;FEDV SI 20250321 CS;SIMPLE_INSTRUMENT;BLOCK;EUR;4;1645.50000000;1144;PRC_DECOMP_EXCHANGE;;;;XEUR;11359068;596;EXCHANGE
13.12.2024;09:23:41.451;FEDV SI 20241220 CS;SIMPLE_INSTRUMENT;BLOCK;EUR;4;1634.50000000;1144;PRC_DECOMP_EXCHANGE;;;;XEUR;10838883;596;EXCHANGE
13.12.2024;09:24:11.601;FEDV.S.DEC24.MAR25.SPD;FUTURES_SPREAD;BLOCK;EUR;5;-11.50000000;1144;EXCHANGE_LAST;;1;1;XEUR;72060153838436444;596;
13.12.2024;09:24:11.601;FEDV SI 20241220 CS;SIMPLE_INSTRUMENT;BLOCK;EUR;5;1634.50000000;1144;PRC_DECOMP_MEMBER;;;;XEUR;10838883;596;MEMBER
13.12.2024;09:24:11.601;FEDV SI 20250321 CS;SIMPLE_INSTRUMENT;BLOCK;EUR;5;1646.00000000;1144;PRC_DECOMP_MEMBER;;;;XEUR;11359068;596;MEMBER
13.12.2024;10:49:34.962;FEDV SI 20241220 CS;SIMPLE_INSTRUMENT;BLOCK;EUR;41;1640.00000000;1400;EXCHANGE_LAST;;1;1;XEUR;10838883;596;
13.12.2024;10:50:14.040;FEDV SI 20250321 CS;SIMPLE_INSTRUMENT;BLOCK;EUR;42;1651.00000000;700;EXCHANGE_LAST;;1;1;XEUR;11359068;596;
13.12.2024;10:50:18.852;FEDV SI 20250321 CS;SIMPLE_INSTRUMENT;BLOCK;EUR;43;1651.50000000;700;EXCHANGE_LAST;;1;1;XEUR;11359068;596;
13.12.2024;13:04:11.679;FEDV.S.DEC24.MAR25.SPD;FUTURES_SPREAD;BLOCK;EUR;65;-11.00000000;2500;EXCHANGE_LAST;;1;1;XEUR;72060153838436444;596;
13.12.2024;13:04:11.679;FEDV SI 20241220 CS;SIMPLE_INSTRUMENT;BLOCK;EUR;65;1640.00000000;2500;PRC_DECOMP_MEMBER;;;;XEUR;10838883;596;MEMBER
13.12.2024;13:04:11.679;FEDV SI 20250321 CS;SIMPLE_INSTRUMENT;BLOCK;EUR;65;1651.00000000;2500;PRC_DECOMP_MEMBER;;;;XEUR;11359068;596;MEMBER
13.12.2024;13:04:29.694;FEDV.S.DEC24.MAR25.SPD;FUTURES_SPREAD;BLOCK;EUR;66;-11.50000000;2500;EXCHANGE_LAST;;1;1;XEUR;72060153838436444;596;
13.12.2024;13:04:29.694;FEDV SI 20241220 CS;SIMPLE_INSTRUMENT;BLOCK;EUR;66;1640.00000000;2500;PRC_DECOMP_MEMBER;;;;XEUR;10838883;596;MEMBER
13.12.2024;13:04:29.694;FEDV SI 20250321 CS;SIMPLE_INSTRUMENT;BLOCK;EUR;66;1651.50000000;2500;PRC_DECOMP_MEMBER;;;;XEUR;11359068;596;MEMBER
13.12.2024;13:41:15.489;FEDV.S.DEC24.MAR25.SPD;FUTURES_SPREAD;BLOCK;EUR;70;-11.50000000;1000;EXCHANGE_LAST;;1;1;XEUR;72060153838436444;596;
13.12.2024;13:41:15.489;FEDV SI 20241220 CS;SIMPLE_INSTRUMENT;BLOCK;EUR;70;1641.50000000;1000;PRC_DECOMP_EXCHANGE;;;;XEUR;10838883;596;EXCHANGE
13.12.2024;13:41:15.489;FEDV SI 20250321 CS;SIMPLE_INSTRUMENT;BLOCK;EUR;70;1653.00000000;1000;PRC_DECOMP_EXCHANGE;;;;XEUR;11359068;596;EXCHANGE
13.12.2024;13:41:27.422;FEDV.S.DEC24.MAR25.SPD;FUTURES_SPREAD;BLOCK;EUR;71;-11.00000000;1000;EXCHANGE_LAST;;1;1;XEUR;72060153838436444;596;
13.12.2024;13:41:27.422;FEDV SI 20241220 CS;SIMPLE_INSTRUMENT;BLOCK;EUR;71;1642.00000000;1000;PRC_DECOMP_EXCHANGE;;;;XEUR;10838883;596;EXCHANGE
13.12.2024;13:41:27.422;FEDV SI 20250321 CS;SIMPLE_INSTRUMENT;BLOCK;EUR;71;1653.00000000;1000;PRC_DECOMP_EXCHANGE;;;;XEUR;11359068;596;EXCHANGE
13.12.2024;16:00:16.417;FEDV.S.DEC24.MAR25.SPD;FUTURES_SPREAD;BLOCK;EUR;95;-11.50000000;2225;EXCHANGE_LAST;;1;1;XEUR;72060153838436444;596;
13.12.2024;16:00:16.417;FEDV SI 20250321 CS;SIMPLE_INSTRUMENT;BLOCK;EUR;95;1649.00000000;2225;PRC_DECOMP_EXCHANGE;;;;XEUR;11359068;596;EXCHANGE
13.12.2024;16:00:16.417;FEDV SI 20241220 CS;SIMPLE_INSTRUMENT;BLOCK;EUR;95;1637.50000000;2225;PRC_DECOMP_EXCHANGE;;;;XEUR;10838883;596;EXCHANGE
13.12.2024;16:00:26.832;FEDV.S.DEC24.MAR25.SPD;FUTURES_SPREAD;BLOCK;EUR;96;-11.00000000;2225;EXCHANGE_LAST;;1;1;XEUR;72060153838436444;596;
13.12.2024;16:00:26.832;FEDV SI 20250321 CS;SIMPLE_INSTRUMENT;BLOCK;EUR;96;1649.00000000;2225;PRC_DECOMP_EXCHANGE;;;;XEUR;11359068;596;EXCHANGE
13.12.2024;16:00:26.832;FEDV SI 20241220 CS;SIMPLE_INSTRUMENT;BLOCK;EUR;96;1638.00000000;2225;PRC_DECOMP_EXCHANGE;;;;XEUR;10838883;596;EXCHANGE
13.12.2024;09:35:03.384;FEHY SI 20241220 CS;SIMPLE_INSTRUMENT;BLOCK;EUR;12;294.22000000;110;EXCHANGE_LAST;;1;1;XEUR;10921067;574047;
13.12.2024;10:54:42.319;FEHY.S.DEC24.MAR25.SPD;FUTURES_SPREAD;BLOCK;EUR;44;-2.52000000;2944;EXCHANGE_LAST;;1;1;XEUR;74523107129294864;574047;
13.12.2024;10:54:42.319;FEHY SI 20241220 CS;SIMPLE_INSTRUMENT;BLOCK;EUR;44;294.26000000;2944;PRC_DECOMP_MEMBER;;;;XEUR;10921067;574047;MEMBER
13.12.2024;10:54:42.319;FEHY SI 20250321 CS;SIMPLE_INSTRUMENT;BLOCK;EUR;44;296.78000000;2944;PRC_DECOMP_MEMBER;;;;XEUR;11428365;574047;MEMBER
13.12.2024;10:55:23.655;FEHY SI 20241220 CS;SIMPLE_INSTRUMENT;BLOCK;EUR;45;294.40000000;1125;EXCHANGE_LAST;;1;1;XEUR;10921067;574047;
13.12.2024;10:55:53.744;FEHY SI 20250321 CS;SIMPLE_INSTRUMENT;BLOCK;EUR;46;296.92000000;1125;EXCHANGE_LAST;;1;1;XEUR;11428365;574047;
13.12.2024;14:31:58.439;FEHY.S.DEC24.MAR25.SPD;FUTURES_SPREAD;BLOCK;EUR;75;-2.46000000;100;EXCHANGE_LAST;;1;1;XEUR;74523107129294864;574047;
13.12.2024;14:31:58.439;FEHY SI 20250321 CS;SIMPLE_INSTRUMENT;BLOCK;EUR;75;296.40000000;100;PRC_DECOMP_MEMBER;;;;XEUR;11428365;574047;MEMBER
13.12.2024;14:31:58.439;FEHY SI 20241220 CS;SIMPLE_INSTRUMENT;BLOCK;EUR;75;293.94000000;100;PRC_DECOMP_MEMBER;;;;XEUR;10921067;574047;MEMBER
13.12.2024;08:58:49.800;FESB.S.DEC24.MAR25.SPD;FUTURES_SPREAD;BLOCK;EUR;80;-0.56000000;1650;EXCHANGE_LAST;;1;1;XEUR;72060192493142108;605;
13.12.2024;08:58:49.800;FESB SI 20241220 CS;SIMPLE_INSTRUMENT;BLOCK;EUR;80;147.54000000;1650;PRC_DECOMP_EXCHANGE;;;;XEUR;10838895;605;EXCHANGE
13.12.2024;08:58:49.800;FESB SI 20250321 CS;SIMPLE_INSTRUMENT;BLOCK;EUR;80;148.10000000;1650;PRC_DECOMP_EXCHANGE;;;;XEUR;11359072;605;EXCHANGE
13.12.2024;08:59:04.366;FESB.S.DEC24.MAR25.SPD;FUTURES_SPREAD;BLOCK;EUR;81;-0.58000000;1650;EXCHANGE_LAST;;1;1;XEUR;72060192493142108;605;
13.12.2024;08:59:04.366;FESB SI 20250321 CS;SIMPLE_INSTRUMENT;BLOCK;EUR;81;148.12000000;1650;PRC_DECOMP_MEMBER;;;;XEUR;11359072;605;MEMBER
13.12.2024;08:59:04.366;FESB SI 20241220 CS;SIMPLE_INSTRUMENT;BLOCK;EUR;81;147.54000000;1650;PRC_DECOMP_MEMBER;;;;XEUR;10838895;605;MEMBER
13.12.2024;09:01:46.319;FESB.S.DEC24.MAR25.SPD;FUTURES_SPREAD;BLOCK;EUR;83;-0.56000000;4200;EXCHANGE_LAST;;1;1;XEUR;72060192493142108;605;
13.12.2024;09:01:46.319;FESB SI 20250321 CS;SIMPLE_INSTRUMENT;BLOCK;EUR;83;148.06000000;4200;PRC_DECOMP_MEMBER;;;;XEUR;11359072;605;MEMBER
13.12.2024;09:01:46.319;FESB SI 20241220 CS;SIMPLE_INSTRUMENT;BLOCK;EUR;83;147.50000000;4200;PRC_DECOMP_MEMBER;;;;XEUR;10838895;605;MEMBER
13.12.2024;09:01:57.008;FESB.S.DEC24.MAR25.SPD;FUTURES_SPREAD;BLOCK;EUR;84;-0.58000000;4200;EXCHANGE_LAST;;1;1;XEUR;72060192493142108;605;
13.12.2024;09:01:57.008;FESB SI 20250321 CS;SIMPLE_INSTRUMENT;BLOCK;EUR;84;148.08000000;4200;PRC_DECOMP_MEMBER;;;;XEUR;11359072;605;MEMBER
13.12.2024;09:01:57.008;FESB SI 20241220 CS;SIMPLE_INSTRUMENT;BLOCK;EUR;84;147.50000000;4200;PRC_DECOMP_MEMBER;;;;XEUR;10838895;605;MEMBER
13.12.2024;09:10:08.385;FESB.S.DEC24.MAR25.SPD;FUTURES_SPREAD;BLOCK;EUR;93;-0.56000000;7000;EXCHANGE_LAST;;1;1;XEUR;72060192493142108;605;
13.12.2024;09:10:08.385;FESB SI 20250321 CS;SIMPLE_INSTRUMENT;BLOCK;EUR;93;148.06000000;7000;PRC_DECOMP_MEMBER;;;;XEUR;11359072;605;MEMBER
13.12.2024;09:10:08.385;FESB SI 20241220 CS;SIMPLE_INSTRUMENT;BLOCK;EUR;93;147.50000000;7000;PRC_DECOMP_MEMBER;;;;XEUR;10838895;605;MEMBER
13.12.2024;09:10:12.913;FESB.S.DEC24.MAR25.SPD;FUTURES_SPREAD;BLOCK;EUR;94;-0.58000000;7000;EXCHANGE_LAST;;1;1;XEUR;72060192493142108;605;
13.12.2024;09:10:12.913;FESB SI 20250321 CS;SIMPLE_INSTRUMENT;BLOCK;EUR;94;148.08000000;7000;PRC_DECOMP_MEMBER;;;;XEUR;11359072;605;MEMBER
13.12.2024;09:10:12.913;FESB SI 20241220 CS;SIMPLE_INSTRUMENT;BLOCK;EUR;94;147.50000000;7000;PRC_DECOMP_MEMBER;;;;XEUR;10838895;605;MEMBER
13.12.2024;09:11:37.596;FESB.S.DEC24.MAR25.SPD;FUTURES_SPREAD;BLOCK;EUR;95;-0.56000000;5000;EXCHANGE_LAST;;1;1;XEUR;72060192493142108;605;
13.12.2024;09:11:37.596;FESB SI 20241220 CS;SIMPLE_INSTRUMENT;BLOCK;EUR;95;147.59000000;5000;PRC_DECOMP_EXCHANGE;;;;XEUR;10838895;605;EXCHANGE
13.12.2024;09:11:37.596;FESB SI 20250321 CS;SIMPLE_INSTRUMENT;BLOCK;EUR;95;148.15000000;5000;PRC_DECOMP_EXCHANGE;;;;XEUR;11359072;605;EXCHANGE
13.12.2024;09:12:03.662;FESB.S.DEC24.MAR25.SPD;FUTURES_SPREAD;BLOCK;EUR;96;-0.58000000;5000;EXCHANGE_LAST;;1;1;XEUR;72060192493142108;605;
13.12.2024;09:12:03.662;FESB SI 20241220 CS;SIMPLE_INSTRUMENT;BLOCK;EUR;96;147.62000000;5000;PRC_DECOMP_EXCHANGE;;;;XEUR;10838895;605;EXCHANGE
13.12.2024;09:12:03.662;FESB SI 20250321 CS;SIMPLE_INSTRUMENT;BLOCK;EUR;96;148.20000000;5000;PRC_DECOMP_EXCHANGE;;;;XEUR;11359072;605;EXCHANGE
13.12.2024;09:17:43.515;FESB.S.DEC24.MAR25.SPD;FUTURES_SPREAD;BLOCK;EUR;103;-0.56000000;1750;EXCHANGE_LAST;;1;1;XEUR;72060192493142108;605;
13.12.2024;09:17:43.515;FESB SI 20241220 CS;SIMPLE_INSTRUMENT;BLOCK;EUR;103;147.50000000;1750;PRC_DECOMP_MEMBER;;;;XEUR;10838895;605;MEMBER
13.12.2024;09:17:43.515;FESB SI 20250321 CS;SIMPLE_INSTRUMENT;BLOCK;EUR;103;148.06000000;1750;PRC_DECOMP_MEMBER;;;;XEUR;11359072;605;MEMBER
13.12.2024;09:18:06.305;FESB.S.DEC24.MAR25.SPD;FUTURES_SPREAD;BLOCK;EUR;104;-0.58000000;1750;EXCHANGE_LAST;;1;1;XEUR;72060192493142108;605;
13.12.2024;09:18:06.305;FESB SI 20241220 CS;SIMPLE_INSTRUMENT;BLOCK;EUR;104;147.50000000;1750;PRC_DECOMP_MEMBER;;;;XEUR;10838895;605;MEMBER
13.12.2024;09:18:06.305;FESB SI 20250321 CS;SIMPLE_INSTRUMENT;BLOCK;EUR;104;148.08000000;1750;PRC_DECOMP_MEMBER;;;;XEUR;11359072;605;MEMBER
13.12.2024;10:42:12.663;FESB.S.DEC24.MAR25.SPD;FUTURES_SPREAD;BLOCK;EUR;167;-0.56000000;2500;EXCHANGE_LAST;;1;1;XEUR;72060192493142108;605;
13.12.2024;10:42:12.663;FESB SI 20241220 CS;SIMPLE_INSTRUMENT;BLOCK;EUR;167;147.44000000;2500;PRC_DECOMP_EXCHANGE;;;;XEUR;10838895;605;EXCHANGE
13.12.2024;10:42:12.663;FESB SI 20250321 CS;SIMPLE_INSTRUMENT;BLOCK;EUR;167;148.00000000;2500;PRC_DECOMP_EXCHANGE;;;;XEUR;11359072;605;EXCHANGE
13.12.2024;10:42:02.201;FESB.S.DEC24.MAR25.SPD;FUTURES_SPREAD;BLOCK;EUR;168;-0.58000000;2500;EXCHANGE_LAST;;1;1;XEUR;72060192493142108;605;
13.12.2024;10:42:02.201;FESB SI 20241220 CS;SIMPLE_INSTRUMENT;BLOCK;EUR;168;147.42000000;2500;PRC_DECOMP_EXCHANGE;;;;XEUR;10838895;605;EXCHANGE
13.12.2024;10:42:02.201;FESB SI 20250321 CS;SIMPLE_INSTRUMENT;BLOCK;EUR;168;148.00000000;2500;PRC_DECOMP_EXCHANGE;;;;XEUR;11359072;605;EXCHANGE
13.12.2024;12:08:41.998;FESB.S.DEC24.MAR25.SPD;FUTURES_SPREAD;BLOCK;EUR;206;-0.58000000;5000;EXCHANGE_LAST;;1;1;XEUR;72060192493142108;605;
13.12.2024;12:08:41.998;FESB SI 20241220 CS;SIMPLE_INSTRUMENT;BLOCK;EUR;206;147.52000000;5000;PRC_DECOMP_EXCHANGE;;;;XEUR;10838895;605;EXCHANGE
13.12.2024;12:08:41.998;FESB SI 20250321 CS;SIMPLE_INSTRUMENT;BLOCK;EUR;206;148.10000000;5000;PRC_DECOMP_EXCHANGE;;;;XEUR;11359072;605;EXCHANGE
13.12.2024;12:08:17.880;FESB.S.DEC24.MAR25.SPD;FUTURES_SPREAD;BLOCK;EUR;207;-0.56000000;5000;EXCHANGE_LAST;;1;1;XEUR;72060192493142108;605;
13.12.2024;12:08:17.880;FESB SI 20241220 CS;SIMPLE_INSTRUMENT;BLOCK;EUR;207;147.54000000;5000;PRC_DECOMP_EXCHANGE;;;;XEUR;10838895;605;EXCHANGE
13.12.2024;12:08:17.880;FESB SI 20250321 CS;SIMPLE_INSTRUMENT;BLOCK;EUR;207;148.10000000;5000;PRC_DECOMP_EXCHANGE;;;;XEUR;11359072;605;EXCHANGE
13.12.2024;12:06:43.288;FESB.S.DEC24.MAR25.SPD;FUTURES_SPREAD;BLOCK;EUR;208;-0.58000000;2500;EXCHANGE_LAST;;1;1;XEUR;72060192493142108;605;
13.12.2024;12:06:43.288;FESB SI 20250321 CS;SIMPLE_INSTRUMENT;BLOCK;EUR;208;148.15000000;2500;PRC_DECOMP_EXCHANGE;;;;XEUR;11359072;605;EXCHANGE
13.12.2024;12:06:43.288;FESB SI 20241220 CS;SIMPLE_INSTRUMENT;BLOCK;EUR;208;147.57000000;2500;PRC_DECOMP_EXCHANGE;;;;XEUR;10838895;605;EXCHANGE
13.12.2024;12:06:54.736;FESB.S.DEC24.MAR25.SPD;FUTURES_SPREAD;BLOCK;EUR;209;-0.56000000;2500;EXCHANGE_LAST;;1;1;XEUR;72060192493142108;605;
13.12.2024;12:06:54.736;FESB SI 20250321 CS;SIMPLE_INSTRUMENT;BLOCK;EUR;209;148.10000000;2500;PRC_DECOMP_EXCHANGE;;;;XEUR;11359072;605;EXCHANGE
13.12.2024;12:06:54.736;FESB SI 20241220 CS;SIMPLE_INSTRUMENT;BLOCK;EUR;209;147.54000000;2500;PRC_DECOMP_EXCHANGE;;;;XEUR;10838895;605;EXCHANGE
13.12.2024;12:11:53.844;FESB.S.DEC24.MAR25.SPD;FUTURES_SPREAD;BLOCK;EUR;210;-0.56000000;2500;EXCHANGE_LAST;;1;1;XEUR;72060192493142108;605;
13.12.2024;12:11:53.844;FESB SI 20250321 CS;SIMPLE_INSTRUMENT;BLOCK;EUR;210;148.10000000;2500;PRC_DECOMP_MEMBER;;;;XEUR;11359072;605;MEMBER
13.12.2024;12:11:53.844;FESB SI 20241220 CS;SIMPLE_INSTRUMENT;BLOCK;EUR;210;147.54000000;2500;PRC_DECOMP_MEMBER;;;;XEUR;10838895;605;MEMBER
13.12.2024;12:12:42.556;FESB.S.DEC24.MAR25.SPD;FUTURES_SPREAD;BLOCK;EUR;211;-0.58000000;2500;EXCHANGE_LAST;;1;1;XEUR;72060192493142108;605;
13.12.2024;12:12:42.556;FESB SI 20250321 CS;SIMPLE_INSTRUMENT;BLOCK;EUR;211;148.15000000;2500;PRC_DECOMP_EXCHANGE;;;;XEUR;11359072;605;EXCHANGE
13.12.2024;12:12:42.556;FESB SI 20241220 CS;SIMPLE_INSTRUMENT;BLOCK;EUR;211;147.57000000;2500;PRC_DECOMP_EXCHANGE;;;;XEUR;10838895;605;EXCHANGE
13.12.2024;12:39:11.033;FESB.S.DEC24.MAR25.SPD;FUTURES_SPREAD;BLOCK;EUR;214;-0.58000000;2500;EXCHANGE_LAST;;1;1;XEUR;72060192493142108;605;
13.12.2024;12:39:11.033;FESB SI 20241220 CS;SIMPLE_INSTRUMENT;BLOCK;EUR;214;147.67000000;2500;PRC_DECOMP_EXCHANGE;;;;XEUR;10838895;605;EXCHANGE
13.12.2024;12:39:11.033;FESB SI 20250321 CS;SIMPLE_INSTRUMENT;BLOCK;EUR;214;148.25000000;2500;PRC_DECOMP_EXCHANGE;;;;XEUR;11359072;605;EXCHANGE
13.12.2024;12:39:55.251;FESB.S.DEC24.MAR25.SPD;FUTURES_SPREAD;BLOCK;EUR;215;-0.56000000;2500;EXCHANGE_LAST;;1;1;XEUR;72060192493142108;605;
13.12.2024;12:39:55.251;FESB SI 20250321 CS;SIMPLE_INSTRUMENT;BLOCK;EUR;215;148.25000000;2500;PRC_DECOMP_EXCHANGE;;;;XEUR;11359072;605;EXCHANGE
13.12.2024;12:39:55.251;FESB SI 20241220 CS;SIMPLE_INSTRUMENT;BLOCK;EUR;215;147.69000000;2500;PRC_DECOMP_EXCHANGE;;;;XEUR;10838895;605;EXCHANGE
13.12.2024;13:42:36.199;FESB.S.DEC24.MAR25.SPD;FUTURES_SPREAD;BLOCK;EUR;222;-0.58000000;5000;EXCHANGE_LAST;;1;1;XEUR;72060192493142108;605;
13.12.2024;13:42:36.199;FESB SI 20250321 CS;SIMPLE_INSTRUMENT;BLOCK;EUR;222;148.20000000;5000;PRC_DECOMP_EXCHANGE;;;;XEUR;11359072;605;EXCHANGE
13.12.2024;13:42:36.199;FESB SI 20241220 CS;SIMPLE_INSTRUMENT;BLOCK;EUR;222;147.62000000;5000;PRC_DECOMP_EXCHANGE;;;;XEUR;10838895;605;EXCHANGE
13.12.2024;13:42:46.933;FESB.S.DEC24.MAR25.SPD;FUTURES_SPREAD;BLOCK;EUR;223;-0.56000000;5000;EXCHANGE_LAST;;1;1;XEUR;72060192493142108;605;
13.12.2024;13:42:46.933;FESB SI 20241220 CS;SIMPLE_INSTRUMENT;BLOCK;EUR;223;147.64000000;5000;PRC_DECOMP_EXCHANGE;;;;XEUR;10838895;605;EXCHANGE
13.12.2024;13:42:46.933;FESB SI 20250321 CS;SIMPLE_INSTRUMENT;BLOCK;EUR;223;148.20000000;5000;PRC_DECOMP_EXCHANGE;;;;XEUR;11359072;605;EXCHANGE
13.12.2024;14:01:20.420;FESB.S.DEC24.MAR25.SPD;FUTURES_SPREAD;BLOCK;EUR;228;-0.56000000;1650;EXCHANGE_LAST;;1;1;XEUR;72060192493142108;605;
13.12.2024;14:01:20.420;FESB SI 20241220 CS;SIMPLE_INSTRUMENT;BLOCK;EUR;228;147.54000000;1650;PRC_DECOMP_EXCHANGE;;;;XEUR;10838895;605;EXCHANGE
13.12.2024;14:01:20.420;FESB SI 20250321 CS;SIMPLE_INSTRUMENT;BLOCK;EUR;228;148.10000000;1650;PRC_DECOMP_EXCHANGE;;;;XEUR;11359072;605;EXCHANGE
13.12.2024;14:01:32.821;FESB.S.DEC24.MAR25.SPD;FUTURES_SPREAD;BLOCK;EUR;229;-0.58000000;1650;EXCHANGE_LAST;;1;1;XEUR;72060192493142108;605;
13.12.2024;14:01:32.821;FESB SI 20241220 CS;SIMPLE_INSTRUMENT;BLOCK;EUR;229;147.52000000;1650;PRC_DECOMP_EXCHANGE;;;;XEUR;10838895;605;EXCHANGE
13.12.2024;14:01:32.821;FESB SI 20250321 CS;SIMPLE_INSTRUMENT;BLOCK;EUR;229;148.10000000;1650;PRC_DECOMP_EXCHANGE;;;;XEUR;11359072;605;EXCHANGE
13.12.2024;14:27:04.032;FESB.S.DEC24.MAR25.SPD;FUTURES_SPREAD;BLOCK;EUR;233;-0.58000000;3000;EXCHANGE_LAST;;1;1;XEUR;72060192493142108;605;
13.12.2024;14:27:04.032;FESB SI 20250321 CS;SIMPLE_INSTRUMENT;BLOCK;EUR;233;148.10000000;3000;PRC_DECOMP_EXCHANGE;;;;XEUR;11359072;605;EXCHANGE
13.12.2024;14:27:04.032;FESB SI 20241220 CS;SIMPLE_INSTRUMENT;BLOCK;EUR;233;147.52000000;3000;PRC_DECOMP_EXCHANGE;;;;XEUR;10838895;605;EXCHANGE
13.12.2024;14:27:20.578;FESB.S.DEC24.MAR25.SPD;FUTURES_SPREAD;BLOCK;EUR;234;-0.56000000;3000;EXCHANGE_LAST;;1;1;XEUR;72060192493142108;605;
13.12.2024;14:27:20.578;FESB SI 20241220 CS;SIMPLE_INSTRUMENT;BLOCK;EUR;234;147.54000000;3000;PRC_DECOMP_EXCHANGE;;;;XEUR;10838895;605;EXCHANGE
13.12.2024;14:27:20.578;FESB SI 20250321 CS;SIMPLE_INSTRUMENT;BLOCK;EUR;234;148.10000000;3000;PRC_DECOMP_EXCHANGE;;;;XEUR;11359072;605;EXCHANGE
13.12.2024;14:33:03.414;FESB.S.DEC24.MAR25.SPD;FUTURES_SPREAD;BLOCK;EUR;242;-0.58000000;1719;EXCHANGE_LAST;;1;1;XEUR;72060192493142108;605;
13.12.2024;14:33:03.414;FESB SI 20250321 CS;SIMPLE_INSTRUMENT;BLOCK;EUR;242;148.00000000;1719;PRC_DECOMP_MEMBER;;;;XEUR;11359072;605;MEMBER
13.12.2024;14:33:03.414;FESB SI 20241220 CS;SIMPLE_INSTRUMENT;BLOCK;EUR;242;147.42000000;1719;PRC_DECOMP_MEMBER;;;;XEUR;10838895;605;MEMBER
13.12.2024;14:33:26.064;FESB.S.DEC24.MAR25.SPD;FUTURES_SPREAD;BLOCK;EUR;243;-0.56000000;1718;EXCHANGE_LAST;;1;1;XEUR;72060192493142108;605;
13.12.2024;14:33:26.064;FESB SI 20241220 CS;SIMPLE_INSTRUMENT;BLOCK;EUR;243;147.44000000;1718;PRC_DECOMP_MEMBER;;;;XEUR;10838895;605;MEMBER
13.12.2024;14:33:26.064;FESB SI 20250321 CS;SIMPLE_INSTRUMENT;BLOCK;EUR;243;148.00000000;1718;PRC_DECOMP_MEMBER;;;;XEUR;11359072;605;MEMBER
13.12.2024;15:59:20.525;FESB.S.DEC24.MAR25.SPD;FUTURES_SPREAD;BLOCK;EUR;279;-0.58000000;2500;EXCHANGE_LAST;;1;1;XEUR;72060192493142108;605;
13.12.2024;15:59:20.525;FESB SI 20241220 CS;SIMPLE_INSTRUMENT;BLOCK;EUR;279;147.27000000;2500;PRC_DECOMP_EXCHANGE;;;;XEUR;10838895;605;EXCHANGE
13.12.2024;15:59:20.525;FESB SI 20250321 CS;SIMPLE_INSTRUMENT;BLOCK;EUR;279;147.85000000;2500;PRC_DECOMP_EXCHANGE;;;;XEUR;11359072;605;EXCHANGE
13.12.2024;15:59:22.497;FESB.S.DEC24.MAR25.SPD;FUTURES_SPREAD;BLOCK;EUR;280;-0.58000000;2500;EXCHANGE_LAST;;1;1;XEUR;72060192493142108;605;
13.12.2024;15:59:22.497;FESB SI 20241220 CS;SIMPLE_INSTRUMENT;BLOCK;EUR;280;147.20000000;2500;PRC_DECOMP_MEMBER;;;;XEUR;10838895;605;MEMBER
13.12.2024;15:59:22.497;FESB SI 20250321 CS;SIMPLE_INSTRUMENT;BLOCK;EUR;280;147.78000000;2500;PRC_DECOMP_MEMBER;;;;XEUR;11359072;605;MEMBER
13.12.2024;15:59:30.433;FESB.S.DEC24.MAR25.SPD;FUTURES_SPREAD;BLOCK;EUR;281;-0.56000000;2500;EXCHANGE_LAST;;1;1;XEUR;72060192493142108;605;
13.12.2024;15:59:30.433;FESB SI 20250321 CS;SIMPLE_INSTRUMENT;BLOCK;EUR;281;147.85000000;2500;PRC_DECOMP_EXCHANGE;;;;XEUR;11359072;605;EXCHANGE
13.12.2024;15:59:30.433;FESB SI 20241220 CS;SIMPLE_INSTRUMENT;BLOCK;EUR;281;147.29000000;2500;PRC_DECOMP_EXCHANGE;;;;XEUR;10838895;605;EXCHANGE
13.12.2024;15:59:41.929;FESB.S.DEC24.MAR25.SPD;FUTURES_SPREAD;BLOCK;EUR;282;-0.56000000;2500;EXCHANGE_LAST;;1;1;XEUR;72060192493142108;605;
13.12.2024;15:59:41.929;FESB SI 20241220 CS;SIMPLE_INSTRUMENT;BLOCK;EUR;282;147.20000000;2500;PRC_DECOMP_MEMBER;;;;XEUR;10838895;605;MEMBER
13.12.2024;15:59:41.929;FESB SI 20250321 CS;SIMPLE_INSTRUMENT;BLOCK;EUR;282;147.76000000;2500;PRC_DECOMP_MEMBER;;;;XEUR;11359072;605;MEMBER
13.12.2024;16:14:57.473;FESB SI 20241220 CS;SIMPLE_INSTRUMENT;BLOCK;EUR;288;147.20000000;35000;EXCHANGE_LAST;;1;1;XEUR;10838895;605;
13.12.2024;16:22:49.211;FESB.S.DEC24.MAR25.SPD;FUTURES_SPREAD;BLOCK;EUR;290;-0.58000000;1850;EXCHANGE_LAST;;1;1;XEUR;72060192493142108;605;
13.12.2024;16:22:49.211;FESB SI 20250321 CS;SIMPLE_INSTRUMENT;BLOCK;EUR;290;147.90000000;1850;PRC_DECOMP_EXCHANGE;;;;XEUR;11359072;605;EXCHANGE
13.12.2024;16:22:49.211;FESB SI 20241220 CS;SIMPLE_INSTRUMENT;BLOCK;EUR;290;147.32000000;1850;PRC_DECOMP_EXCHANGE;;;;XEUR;10838895;605;EXCHANGE
13.12.2024;16:22:58.737;FESB.S.DEC24.MAR25.SPD;FUTURES_SPREAD;BLOCK;EUR;291;-0.56000000;1850;EXCHANGE_LAST;;1;1;XEUR;72060192493142108;605;
13.12.2024;16:22:58.737;FESB SI 20241220 CS;SIMPLE_INSTRUMENT;BLOCK;EUR;291;147.34000000;1850;PRC_DECOMP_EXCHANGE;;;;XEUR;10838895;605;EXCHANGE
13.12.2024;16:22:58.737;FESB SI 20250321 CS;SIMPLE_INSTRUMENT;BLOCK;EUR;291;147.90000000;1850;PRC_DECOMP_EXCHANGE;;;;XEUR;11359072;605;EXCHANGE
13.12.2024;16:32:39.192;FESB.S.DEC24.MAR25.SPD;FUTURES_SPREAD;BLOCK;EUR;293;-0.54000000;2250;EXCHANGE_LAST;;1;1;XEUR;72060192493142108;605;
13.12.2024;16:32:39.192;FESB SI 20241220 CS;SIMPLE_INSTRUMENT;BLOCK;EUR;293;147.36000000;2250;PRC_DECOMP_EXCHANGE;;;;XEUR;10838895;605;EXCHANGE
13.12.2024;16:32:39.192;FESB SI 20250321 CS;SIMPLE_INSTRUMENT;BLOCK;EUR;293;147.90000000;2250;PRC_DECOMP_EXCHANGE;;;;XEUR;11359072;605;EXCHANGE
13.12.2024;16:32:49.620;FESB.S.DEC24.MAR25.SPD;FUTURES_SPREAD;BLOCK;EUR;294;-0.58000000;3750;EXCHANGE_LAST;;1;1;XEUR;72060192493142108;605;
13.12.2024;16:32:49.620;FESB SI 20241220 CS;SIMPLE_INSTRUMENT;BLOCK;EUR;294;147.42000000;3750;PRC_DECOMP_EXCHANGE;;;;XEUR;10838895;605;EXCHANGE
13.12.2024;16:32:49.620;FESB SI 20250321 CS;SIMPLE_INSTRUMENT;BLOCK;EUR;294;148.00000000;3750;PRC_DECOMP_EXCHANGE;;;;XEUR;11359072;605;EXCHANGE
13.12.2024;16:49:00.047;FESB SI 20241220 CS;SIMPLE_INSTRUMENT;BLOCK;EUR;302;147.30000000;5000;EXCHANGE_LAST;;1;1;XEUR;10838895;605;
13.12.2024;15:38:25.955;FESS.S.DEC24.MAR25.SPD;FUTURES_SPREAD;BLOCK;EUR;42;-0.90000000;250;EXCHANGE_LAST;;1;1;XEUR;72060510320722012;679;
13.12.2024;15:38:25.955;FESS SI 20250321 CS;SIMPLE_INSTRUMENT;BLOCK;EUR;42;184.40000000;250;PRC_DECOMP_EXCHANGE;;;;XEUR;11359603;679;EXCHANGE
13.12.2024;15:38:25.955;FESS SI 20241220 CS;SIMPLE_INSTRUMENT;BLOCK;EUR;42;183.50000000;250;PRC_DECOMP_EXCHANGE;;;;XEUR;10839385;679;EXCHANGE
13.12.2024;15:21:05.379;FESS SI 20241220 CS;SIMPLE_INSTRUMENT;VOLA;EUR;603979803;181.80000000;286;EXCHANGE_LAST;;1;1;XEUR;10839385;679;
13.12.2024;15:21:16.614;FESS SI 20241220 CS;SIMPLE_INSTRUMENT;VOLA;EUR;603979804;181.80000000;286;EXCHANGE_LAST;;1;1;XEUR;10839385;679;
13.12.2024;16:04:32.099;FEST SI 20241220 CS;SIMPLE_INSTRUMENT;VOLA;EUR;603979807;333.30000000;246;EXCHANGE_LAST;;1;1;XEUR;10839355;678;
13.12.2024;08:10:04.373;FESX.S.DEC24.MAR25.SPD;FUTURES_SPREAD;BLOCK;EUR;1;-26.70000000;9483;EXCHANGE_LAST;;1;1;XEUR;72060493140861185;675;
13.12.2024;08:10:04.373;FESX SI 20250321 CS;SIMPLE_INSTRUMENT;BLOCK;EUR;1;5000.00000000;9483;PRC_DECOMP_EXCHANGE;;;;XEUR;7793482;675;EXCHANGE
13.12.2024;08:10:04.373;FESX SI 20241220 CS;SIMPLE_INSTRUMENT;BLOCK;EUR;1;4973.30000000;9483;PRC_DECOMP_EXCHANGE;;;;XEUR;7793479;675;EXCHANGE
13.12.2024;08:53:53.257;FESX.S.DEC24.MAR25.SPD;FUTURES_SPREAD;BLOCK;EUR;2;-26.75000000;2000;EXCHANGE_LAST;;1;1;XEUR;72060493140861185;675;
13.12.2024;08:53:53.257;FESX SI 20241220 CS;SIMPLE_INSTRUMENT;BLOCK;EUR;2;4986.25000000;2000;PRC_DECOMP_EXCHANGE;;;;XEUR;7793479;675;EXCHANGE
13.12.2024;08:53:53.257;FESX SI 20250321 CS;SIMPLE_INSTRUMENT;BLOCK;EUR;2;5013.00000000;2000;PRC_DECOMP_EXCHANGE;;;;XEUR;7793482;675;EXCHANGE
13.12.2024;08:53:34.196;FESX.S.DEC24.MAR25.SPD;FUTURES_SPREAD;BLOCK;EUR;3;-26.50000000;2000;EXCHANGE_LAST;;1;1;XEUR;72060493140861185;675;
13.12.2024;08:53:34.196;FESX SI 20250321 CS;SIMPLE_INSTRUMENT;BLOCK;EUR;3;5013.00000000;2000;PRC_DECOMP_EXCHANGE;;;;XEUR;7793482;675;EXCHANGE
13.12.2024;08:53:34.196;FESX SI 20241220 CS;SIMPLE_INSTRUMENT;BLOCK;EUR;3;4986.50000000;2000;PRC_DECOMP_EXCHANGE;;;;XEUR;7793479;675;EXCHANGE
13.12.2024;09:02:21.556;FESX.S.DEC24.MAR25.SPD;FUTURES_SPREAD;BLOCK;EUR;4;-26.80000000;4000;EXCHANGE_LAST;;1;1;XEUR;72060493140861185;675;
13.12.2024;09:02:21.556;FESX SI 20241220 CS;SIMPLE_INSTRUMENT;BLOCK;EUR;4;4986.00000000;4000;PRC_DECOMP_MEMBER;;;;XEUR;7793479;675;MEMBER
13.12.2024;09:02:21.556;FESX SI 20250321 CS;SIMPLE_INSTRUMENT;BLOCK;EUR;4;5012.80000000;4000;PRC_DECOMP_MEMBER;;;;XEUR;7793482;675;MEMBER
13.12.2024;09:02:56.700;FESX.S.DEC24.MAR25.SPD;FUTURES_SPREAD;BLOCK;EUR;5;-26.70000000;4000;EXCHANGE_LAST;;1;1;XEUR;72060493140861185;675;
13.12.2024;09:02:56.700;FESX SI 20250321 CS;SIMPLE_INSTRUMENT;BLOCK;EUR;5;5012.70000000;4000;PRC_DECOMP_MEMBER;;;;XEUR;7793482;675;MEMBER
13.12.2024;09:02:56.700;FESX SI 20241220 CS;SIMPLE_INSTRUMENT;BLOCK;EUR;5;4986.00000000;4000;PRC_DECOMP_MEMBER;;;;XEUR;7793479;675;MEMBER
13.12.2024;09:13:37.498;FESX SI 20241220 CS;SIMPLE_INSTRUMENT;BLOCK;EUR;6;4985.00000000;3000;EXCHANGE_LAST;;1;1;XEUR;7793479;675;
13.12.2024;09:18:00.481;FESX SI 20241220 CS;SIMPLE_INSTRUMENT;BLOCK;EUR;7;4985.00000000;2000;EXCHANGE_LAST;;1;1;XEUR;7793479;675;
13.12.2024;09:18:52.462;FESX SI 20241220 CS;SIMPLE_INSTRUMENT;BLOCK;EUR;8;4985.00000000;2000;EXCHANGE_LAST;;1;1;XEUR;7793479;675;
13.12.2024;09:26:15.362;FESX SI 20241220 CS;SIMPLE_INSTRUMENT;BLOCK;EUR;9;4987.00000000;3000;EXCHANGE_LAST;;1;1;XEUR;7793479;675;
13.12.2024;09:37:21.580;FESX SI 20241220 CS;SIMPLE_INSTRUMENT;BLOCK;EUR;10;4987.00000000;3000;EXCHANGE_LAST;;1;1;XEUR;7793479;675;
13.12.2024;09:47:55.247;FESX.S.DEC24.MAR25.SPD;FUTURES_SPREAD;BLOCK;EUR;11;-26.50000000;4982;EXCHANGE_LAST;;1;1;XEUR;72060493140861185;675;
13.12.2024;09:47:55.247;FESX SI 20241220 CS;SIMPLE_INSTRUMENT;BLOCK;EUR;11;4982.00000000;4982;PRC_DECOMP_MEMBER;;;;XEUR;7793479;675;MEMBER
13.12.2024;09:47:55.247;FESX SI 20250321 CS;SIMPLE_INSTRUMENT;BLOCK;EUR;11;5008.50000000;4982;PRC_DECOMP_MEMBER;;;;XEUR;7793482;675;MEMBER
13.12.2024;09:47:15.333;FESX.S.DEC24.MAR25.SPD;FUTURES_SPREAD;BLOCK;EUR;12;-26.75000000;4982;EXCHANGE_LAST;;1;1;XEUR;72060493140861185;675;
13.12.2024;09:47:15.333;FESX SI 20250321 CS;SIMPLE_INSTRUMENT;BLOCK;EUR;12;5008.75000000;4982;PRC_DECOMP_MEMBER;;;;XEUR;7793482;675;MEMBER
13.12.2024;09:47:15.333;FESX SI 20241220 CS;SIMPLE_INSTRUMENT;BLOCK;EUR;12;4982.00000000;4982;PRC_DECOMP_MEMBER;;;;XEUR;7793479;675;MEMBER
13.12.2024;09:52:26.662;FESX.S.DEC24.MAR25.SPD;FUTURES_SPREAD;BLOCK;EUR;13;-26.62000000;2500;EXCHANGE_LAST;;1;1;XEUR;72060493140861185;675;
13.12.2024;09:52:26.662;FESX SI 20241220 CS;SIMPLE_INSTRUMENT;BLOCK;EUR;13;4984.38000000;2500;PRC_DECOMP_EXCHANGE;;;;XEUR;7793479;675;EXCHANGE
13.12.2024;09:52:26.662;FESX SI 20250321 CS;SIMPLE_INSTRUMENT;BLOCK;EUR;13;5011.00000000;2500;PRC_DECOMP_EXCHANGE;;;;XEUR;7793482;675;EXCHANGE
13.12.2024;09:52:37.663;FESX.S.DEC24.MAR25.SPD;FUTURES_SPREAD;BLOCK;EUR;14;-26.63000000;2500;EXCHANGE_LAST;;1;1;XEUR;72060493140861185;675;
13.12.2024;09:52:37.663;FESX SI 20241220 CS;SIMPLE_INSTRUMENT;BLOCK;EUR;14;4984.37000000;2500;PRC_DECOMP_EXCHANGE;;;;XEUR;7793479;675;EXCHANGE
13.12.2024;09:52:37.663;FESX SI 20250321 CS;SIMPLE_INSTRUMENT;BLOCK;EUR;14;5011.00000000;2500;PRC_DECOMP_EXCHANGE;;;;XEUR;7793482;675;EXCHANGE
13.12.2024;10:10:31.645;FESX SI 20241220 CS;SIMPLE_INSTRUMENT;BLOCK;EUR;15;4987.00000000;2000;EXCHANGE_LAST;;1;1;XEUR;7793479;675;
13.12.2024;10:33:23.284;FESX.S.DEC24.MAR25.SPD;FUTURES_SPREAD;BLOCK;EUR;16;-26.62000000;2500;EXCHANGE_LAST;;1;1;XEUR;72060493140861185;675;
13.12.2024;10:33:23.284;FESX SI 20250321 CS;SIMPLE_INSTRUMENT;BLOCK;EUR;16;5012.62000000;2500;PRC_DECOMP_MEMBER;;;;XEUR;7793482;675;MEMBER
13.12.2024;10:33:23.284;FESX SI 20241220 CS;SIMPLE_INSTRUMENT;BLOCK;EUR;16;4986.00000000;2500;PRC_DECOMP_MEMBER;;;;XEUR;7793479;675;MEMBER
13.12.2024;10:33:40.975;FESX.S.DEC24.MAR25.SPD;FUTURES_SPREAD;BLOCK;EUR;17;-26.63000000;2500;EXCHANGE_LAST;;1;1;XEUR;72060493140861185;675;
13.12.2024;10:33:40.975;FESX SI 20241220 CS;SIMPLE_INSTRUMENT;BLOCK;EUR;17;4986.00000000;2500;PRC_DECOMP_MEMBER;;;;XEUR;7793479;675;MEMBER
13.12.2024;10:33:40.975;FESX SI 20250321 CS;SIMPLE_INSTRUMENT;BLOCK;EUR;17;5012.63000000;2500;PRC_DECOMP_MEMBER;;;;XEUR;7793482;675;MEMBER
13.12.2024;10:34:20.785;FESX.S.DEC24.MAR25.SPD;FUTURES_SPREAD;BLOCK;EUR;18;-26.60000000;4098;EXCHANGE_LAST;;1;1;XEUR;72060493140861185;675;
13.12.2024;10:34:20.785;FESX SI 20250321 CS;SIMPLE_INSTRUMENT;BLOCK;EUR;18;5011.00000000;4098;PRC_DECOMP_EXCHANGE;;;;XEUR;7793482;675;EXCHANGE
13.12.2024;10:34:20.785;FESX SI 20241220 CS;SIMPLE_INSTRUMENT;BLOCK;EUR;18;4984.40000000;4098;PRC_DECOMP_EXCHANGE;;;;XEUR;7793479;675;EXCHANGE
13.12.2024;10:36:41.781;FESX.S.DEC24.MAR25.SPD;FUTURES_SPREAD;BLOCK;EUR;19;-26.62000000;5697;EXCHANGE_LAST;;1;1;XEUR;72060493140861185;675;
13.12.2024;10:36:41.781;FESX SI 20241220 CS;SIMPLE_INSTRUMENT;BLOCK;EUR;19;4984.38000000;5697;PRC_DECOMP_EXCHANGE;;;;XEUR;7793479;675;EXCHANGE
13.12.2024;10:36:41.781;FESX SI 20250321 CS;SIMPLE_INSTRUMENT;BLOCK;EUR;19;5011.00000000;5697;PRC_DECOMP_EXCHANGE;;;;XEUR;7793482;675;EXCHANGE
13.12.2024;10:36:36.987;FESX.S.DEC24.MAR25.SPD;FUTURES_SPREAD;BLOCK;EUR;20;-26.63000000;5697;EXCHANGE_LAST;;1;1;XEUR;72060493140861185;675;
13.12.2024;10:36:36.987;FESX SI 20241220 CS;SIMPLE_INSTRUMENT;BLOCK;EUR;20;4983.37000000;5697;PRC_DECOMP_EXCHANGE;;;;XEUR;7793479;675;EXCHANGE
13.12.2024;10:36:36.987;FESX SI 20250321 CS;SIMPLE_INSTRUMENT;BLOCK;EUR;20;5010.00000000;5697;PRC_DECOMP_EXCHANGE;;;;XEUR;7793482;675;EXCHANGE
13.12.2024;10:39:41.376;FESX.S.DEC24.MAR25.SPD;FUTURES_SPREAD;BLOCK;EUR;21;-26.60000000;4000;EXCHANGE_LAST;;1;1;XEUR;72060493140861185;675;
13.12.2024;10:39:41.376;FESX SI 20241220 CS;SIMPLE_INSTRUMENT;BLOCK;EUR;21;4985.00000000;4000;PRC_DECOMP_MEMBER;;;;XEUR;7793479;675;MEMBER
13.12.2024;10:39:41.376;FESX SI 20250321 CS;SIMPLE_INSTRUMENT;BLOCK;EUR;21;5011.60000000;4000;PRC_DECOMP_MEMBER;;;;XEUR;7793482;675;MEMBER
13.12.2024;10:40:23.924;FESX.S.DEC24.MAR25.SPD;FUTURES_SPREAD;BLOCK;EUR;22;-26.75000000;2000;EXCHANGE_LAST;;1;1;XEUR;72060493140861185;675;
13.12.2024;10:40:23.924;FESX SI 20241220 CS;SIMPLE_INSTRUMENT;BLOCK;EUR;22;4988.25000000;2000;PRC_DECOMP_EXCHANGE;;;;XEUR;7793479;675;EXCHANGE
13.12.2024;10:40:23.924;FESX SI 20250321 CS;SIMPLE_INSTRUMENT;BLOCK;EUR;22;5015.00000000;2000;PRC_DECOMP_EXCHANGE;;;;XEUR;7793482;675;EXCHANGE
13.12.2024;10:40:37.143;FESX.S.DEC24.MAR25.SPD;FUTURES_SPREAD;BLOCK;EUR;23;-26.50000000;2000;EXCHANGE_LAST;;1;1;XEUR;72060493140861185;675;
13.12.2024;10:40:37.143;FESX SI 20241220 CS;SIMPLE_INSTRUMENT;BLOCK;EUR;23;4988.50000000;2000;PRC_DECOMP_EXCHANGE;;;;XEUR;7793479;675;EXCHANGE
13.12.2024;10:40:37.143;FESX SI 20250321 CS;SIMPLE_INSTRUMENT;BLOCK;EUR;23;5015.00000000;2000;PRC_DECOMP_EXCHANGE;;;;XEUR;7793482;675;EXCHANGE
13.12.2024;10:42:53.296;FESX SI 20241220 CS;SIMPLE_INSTRUMENT;EFP_IDX;EUR;24;4984.00000000;1000;EXCHANGE_LAST;;1;1;XEUR;7793479;675;
13.12.2024;11:30:13.392;FESX SI 20241220 CS;SIMPLE_INSTRUMENT;BLOCK;EUR;25;4995.00000000;4250;EXCHANGE_LAST;;1;1;XEUR;7793479;675;
13.12.2024;11:30:31.392;FESX SI 20250321 CS;SIMPLE_INSTRUMENT;BLOCK;EUR;26;5019.00000000;2019;EXCHANGE_LAST;;1;1;XEUR;7793482;675;
13.12.2024;11:30:43.393;FESX SI 20250321 CS;SIMPLE_INSTRUMENT;BLOCK;EUR;27;5024.00000000;2231;EXCHANGE_LAST;;1;1;XEUR;7793482;675;
13.12.2024;11:21:18.660;FESX.S.DEC24.MAR25.SPD;FUTURES_SPREAD;BLOCK;EUR;28;-26.62000000;5250;EXCHANGE_LAST;;2;1;XEUR;72060493140861185;675;
13.12.2024;11:21:18.660;FESX SI 20241220 CS;SIMPLE_INSTRUMENT;BLOCK;EUR;28;4994.00000000;5250;PRC_DECOMP_MEMBER;;;;XEUR;7793479;675;MEMBER
13.12.2024;11:21:18.660;FESX SI 20250321 CS;SIMPLE_INSTRUMENT;BLOCK;EUR;28;5020.62000000;5250;PRC_DECOMP_MEMBER;;;;XEUR;7793482;675;MEMBER
13.12.2024;11:21:45.606;FESX.S.DEC24.MAR25.SPD;FUTURES_SPREAD;BLOCK;EUR;29;-26.63000000;5250;EXCHANGE_LAST;;2;1;XEUR;72060493140861185;675;
13.12.2024;11:21:45.606;FESX SI 20241220 CS;SIMPLE_INSTRUMENT;BLOCK;EUR;29;4994.00000000;5250;PRC_DECOMP_MEMBER;;;;XEUR;7793479;675;MEMBER
13.12.2024;11:21:45.606;FESX SI 20250321 CS;SIMPLE_INSTRUMENT;BLOCK;EUR;29;5020.63000000;5250;PRC_DECOMP_MEMBER;;;;XEUR;7793482;675;MEMBER
13.12.2024;12:54:46.442;FESX.S.DEC24.MAR25.SPD;FUTURES_SPREAD;BLOCK;EUR;30;-26.62000000;2000;EXCHANGE_LAST;;1;1;XEUR;72060493140861185;675;
13.12.2024;12:54:46.442;FESX SI 20241220 CS;SIMPLE_INSTRUMENT;BLOCK;EUR;30;4983.38000000;2000;PRC_DECOMP_EXCHANGE;;;;XEUR;7793479;675;EXCHANGE
13.12.2024;12:54:46.442;FESX SI 20250321 CS;SIMPLE_INSTRUMENT;BLOCK;EUR;30;5010.00000000;2000;PRC_DECOMP_EXCHANGE;;;;XEUR;7793482;675;EXCHANGE
13.12.2024;12:54:17.759;FESX.S.DEC24.MAR25.SPD;FUTURES_SPREAD;BLOCK;EUR;31;-26.62000000;5500;EXCHANGE_LAST;;1;1;XEUR;72060493140861185;675;
13.12.2024;12:54:17.759;FESX SI 20241220 CS;SIMPLE_INSTRUMENT;BLOCK;EUR;31;4981.00000000;5500;PRC_DECOMP_MEMBER;;;;XEUR;7793479;675;MEMBER
13.12.2024;12:54:17.759;FESX SI 20250321 CS;SIMPLE_INSTRUMENT;BLOCK;EUR;31;5007.62000000;5500;PRC_DECOMP_MEMBER;;;;XEUR;7793482;675;MEMBER
13.12.2024;12:54:32.037;FESX.S.DEC24.MAR25.SPD;FUTURES_SPREAD;BLOCK;EUR;32;-26.63000000;5500;EXCHANGE_LAST;;1;1;XEUR;72060493140861185;675;
13.12.2024;12:54:32.037;FESX SI 20250321 CS;SIMPLE_INSTRUMENT;BLOCK;EUR;32;5007.63000000;5500;PRC_DECOMP_MEMBER;;;;XEUR;7793482;675;MEMBER
13.12.2024;12:54:32.037;FESX SI 20241220 CS;SIMPLE_INSTRUMENT;BLOCK;EUR;32;4981.00000000;5500;PRC_DECOMP_MEMBER;;;;XEUR;7793479;675;MEMBER
13.12.2024;13:06:34.373;FESX.S.DEC24.MAR25.SPD;FUTURES_SPREAD;BLOCK;EUR;33;-26.65000000;5000;EXCHANGE_LAST;;1;1;XEUR;72060493140861185;675;
13.12.2024;13:06:34.373;FESX SI 20250321 CS;SIMPLE_INSTRUMENT;BLOCK;EUR;33;5007.00000000;5000;PRC_DECOMP_EXCHANGE;;;;XEUR;7793482;675;EXCHANGE
13.12.2024;13:06:34.373;FESX SI 20241220 CS;SIMPLE_INSTRUMENT;BLOCK;EUR;33;4980.35000000;5000;PRC_DECOMP_EXCHANGE;;;;XEUR;7793479;675;EXCHANGE
13.12.2024;13:10:22.850;FESX.S.DEC24.MAR25.SPD;FUTURES_SPREAD;BLOCK;EUR;34;-26.62000000;2500;EXCHANGE_LAST;;1;1;XEUR;72060493140861185;675;
13.12.2024;13:10:22.850;FESX SI 20241220 CS;SIMPLE_INSTRUMENT;BLOCK;EUR;34;4980.00000000;2500;PRC_DECOMP_MEMBER;;;;XEUR;7793479;675;MEMBER
13.12.2024;13:10:22.850;FESX SI 20250321 CS;SIMPLE_INSTRUMENT;BLOCK;EUR;34;5006.62000000;2500;PRC_DECOMP_MEMBER;;;;XEUR;7793482;675;MEMBER
13.12.2024;13:10:07.302;FESX.S.DEC24.MAR25.SPD;FUTURES_SPREAD;BLOCK;EUR;35;-26.63000000;2500;EXCHANGE_LAST;;1;1;XEUR;72060493140861185;675;
13.12.2024;13:10:07.302;FESX SI 20241220 CS;SIMPLE_INSTRUMENT;BLOCK;EUR;35;4980.00000000;2500;PRC_DECOMP_MEMBER;;;;XEUR;7793479;675;MEMBER
13.12.2024;13:10:07.302;FESX SI 20250321 CS;SIMPLE_INSTRUMENT;BLOCK;EUR;35;5006.63000000;2500;PRC_DECOMP_MEMBER;;;;XEUR;7793482;675;MEMBER
13.12.2024;13:42:50.849;FESX.S.DEC24.MAR25.SPD;FUTURES_SPREAD;BLOCK;EUR;36;-26.62000000;2500;EXCHANGE_LAST;;1;1;XEUR;72060493140861185;675;
13.12.2024;13:42:50.849;FESX SI 20250321 CS;SIMPLE_INSTRUMENT;BLOCK;EUR;36;5013.00000000;2500;PRC_DECOMP_EXCHANGE;;;;XEUR;7793482;675;EXCHANGE
13.12.2024;13:42:50.849;FESX SI 20241220 CS;SIMPLE_INSTRUMENT;BLOCK;EUR;36;4986.38000000;2500;PRC_DECOMP_EXCHANGE;;;;XEUR;7793479;675;EXCHANGE
13.12.2024;13:43:03.404;FESX.S.DEC24.MAR25.SPD;FUTURES_SPREAD;BLOCK;EUR;37;-26.63000000;2500;EXCHANGE_LAST;;1;1;XEUR;72060493140861185;675;
13.12.2024;13:43:03.404;FESX SI 20250321 CS;SIMPLE_INSTRUMENT;BLOCK;EUR;37;5013.00000000;2500;PRC_DECOMP_EXCHANGE;;;;XEUR;7793482;675;EXCHANGE
13.12.2024;13:43:03.404;FESX SI 20241220 CS;SIMPLE_INSTRUMENT;BLOCK;EUR;37;4986.37000000;2500;PRC_DECOMP_EXCHANGE;;;;XEUR;7793479;675;EXCHANGE
13.12.2024;13:53:10.835;FESX.S.DEC24.MAR25.SPD;FUTURES_SPREAD;BLOCK;EUR;38;-26.62000000;5000;EXCHANGE_LAST;;1;1;XEUR;72060493140861185;675;
13.12.2024;13:53:10.835;FESX SI 20241220 CS;SIMPLE_INSTRUMENT;BLOCK;EUR;38;4988.00000000;5000;PRC_DECOMP_MEMBER;;;;XEUR;7793479;675;MEMBER
13.12.2024;13:53:10.835;FESX SI 20250321 CS;SIMPLE_INSTRUMENT;BLOCK;EUR;38;5014.62000000;5000;PRC_DECOMP_MEMBER;;;;XEUR;7793482;675;MEMBER
13.12.2024;13:53:23.391;FESX.S.DEC24.MAR25.SPD;FUTURES_SPREAD;BLOCK;EUR;39;-26.63000000;5000;EXCHANGE_LAST;;1;1;XEUR;72060493140861185;675;
13.12.2024;13:53:23.391;FESX SI 20250321 CS;SIMPLE_INSTRUMENT;BLOCK;EUR;39;5014.63000000;5000;PRC_DECOMP_MEMBER;;;;XEUR;7793482;675;MEMBER
13.12.2024;13:53:23.391;FESX SI 20241220 CS;SIMPLE_INSTRUMENT;BLOCK;EUR;39;4988.00000000;5000;PRC_DECOMP_MEMBER;;;;XEUR;7793479;675;MEMBER
13.12.2024;13:57:02.141;FESX.S.DEC24.MAR25.SPD;FUTURES_SPREAD;BLOCK;EUR;40;-26.62000000;2000;EXCHANGE_LAST;;1;1;XEUR;72060493140861185;675;
13.12.2024;13:57:02.141;FESX SI 20241220 CS;SIMPLE_INSTRUMENT;BLOCK;EUR;40;4994.00000000;2000;PRC_DECOMP_MEMBER;;;;XEUR;7793479;675;MEMBER
13.12.2024;13:57:02.141;FESX SI 20250321 CS;SIMPLE_INSTRUMENT;BLOCK;EUR;40;5020.62000000;2000;PRC_DECOMP_MEMBER;;;;XEUR;7793482;675;MEMBER
13.12.2024;13:56:56.558;FESX.S.DEC24.MAR25.SPD;FUTURES_SPREAD;BLOCK;EUR;41;-26.63000000;2000;EXCHANGE_LAST;;1;1;XEUR;72060493140861185;675;
13.12.2024;13:56:56.558;FESX SI 20250321 CS;SIMPLE_INSTRUMENT;BLOCK;EUR;41;5020.63000000;2000;PRC_DECOMP_MEMBER;;;;XEUR;7793482;675;MEMBER
13.12.2024;13:56:56.558;FESX SI 20241220 CS;SIMPLE_INSTRUMENT;BLOCK;EUR;41;4994.00000000;2000;PRC_DECOMP_MEMBER;;;;XEUR;7793479;675;MEMBER
13.12.2024;13:58:06.874;FESX.S.DEC24.MAR25.SPD;FUTURES_SPREAD;BLOCK;EUR;42;-26.62000000;5000;EXCHANGE_LAST;;1;1;XEUR;72060493140861185;675;
13.12.2024;13:58:06.874;FESX SI 20241220 CS;SIMPLE_INSTRUMENT;BLOCK;EUR;42;4986.00000000;5000;PRC_DECOMP_MEMBER;;;;XEUR;7793479;675;MEMBER
13.12.2024;13:58:06.874;FESX SI 20250321 CS;SIMPLE_INSTRUMENT;BLOCK;EUR;42;5012.62000000;5000;PRC_DECOMP_MEMBER;;;;XEUR;7793482;675;MEMBER
13.12.2024;13:58:16.836;FESX.S.DEC24.MAR25.SPD;FUTURES_SPREAD;BLOCK;EUR;43;-26.63000000;5000;EXCHANGE_LAST;;1;1;XEUR;72060493140861185;675;
13.12.2024;13:58:16.836;FESX SI 20250321 CS;SIMPLE_INSTRUMENT;BLOCK;EUR;43;5012.63000000;5000;PRC_DECOMP_MEMBER;;;;XEUR;7793482;675;MEMBER
13.12.2024;13:58:16.836;FESX SI 20241220 CS;SIMPLE_INSTRUMENT;BLOCK;EUR;43;4986.00000000;5000;PRC_DECOMP_MEMBER;;;;XEUR;7793479;675;MEMBER
13.12.2024;14:57:47.688;FESX.S.DEC24.MAR25.SPD;FUTURES_SPREAD;BLOCK;EUR;44;-26.60000000;15159;EXCHANGE_LAST;;1;3;XEUR;72060493140861185;675;
13.12.2024;14:57:47.688;FESX SI 20250321 CS;SIMPLE_INSTRUMENT;BLOCK;EUR;44;5008.00000000;15159;PRC_DECOMP_EXCHANGE;;;;XEUR;7793482;675;EXCHANGE
13.12.2024;14:57:47.688;FESX SI 20241220 CS;SIMPLE_INSTRUMENT;BLOCK;EUR;44;4981.40000000;15159;PRC_DECOMP_EXCHANGE;;;;XEUR;7793479;675;EXCHANGE
13.12.2024;15:04:42.425;FESX.S.DEC24.MAR25.SPD;FUTURES_SPREAD;BLOCK;EUR;45;-26.62000000;7921;EXCHANGE_LAST;;1;1;XEUR;72060493140861185;675;
13.12.2024;15:04:42.425;FESX SI 20250321 CS;SIMPLE_INSTRUMENT;BLOCK;EUR;45;5008.62000000;7921;PRC_DECOMP_MEMBER;;;;XEUR;7793482;675;MEMBER
13.12.2024;15:04:42.425;FESX SI 20241220 CS;SIMPLE_INSTRUMENT;BLOCK;EUR;45;4982.00000000;7921;PRC_DECOMP_MEMBER;;;;XEUR;7793479;675;MEMBER
13.12.2024;15:12:36.696;FESX SI 20241220 CS;SIMPLE_INSTRUMENT;EFP_IDX;EUR;46;4987.00000000;125;EXCHANGE_LAST;;1;1;XEUR;7793479;675;
13.12.2024;15:05:04.173;FESX.S.DEC24.MAR25.SPD;FUTURES_SPREAD;BLOCK;EUR;47;-26.64000000;2640;EXCHANGE_LAST;;1;1;XEUR;72060493140861185;675;
13.12.2024;15:05:04.173;FESX SI 20241220 CS;SIMPLE_INSTRUMENT;BLOCK;EUR;47;4982.00000000;2640;PRC_DECOMP_MEMBER;;;;XEUR;7793479;675;MEMBER
13.12.2024;15:05:04.173;FESX SI 20250321 CS;SIMPLE_INSTRUMENT;BLOCK;EUR;47;5008.64000000;2640;PRC_DECOMP_MEMBER;;;;XEUR;7793482;675;MEMBER
13.12.2024;15:13:01.097;FESX SI 20241220 CS;SIMPLE_INSTRUMENT;EFP_IDX;EUR;48;4988.00000000;875;EXCHANGE_LAST;;1;1;XEUR;7793479;675;
13.12.2024;15:05:36.441;FESX.S.DEC24.MAR25.SPD;FUTURES_SPREAD;BLOCK;EUR;49;-26.50000000;2500;EXCHANGE_LAST;;1;1;XEUR;72060493140861185;675;
13.12.2024;15:05:36.441;FESX SI 20250321 CS;SIMPLE_INSTRUMENT;BLOCK;EUR;49;5001.50000000;2500;PRC_DECOMP_MEMBER;;;;XEUR;7793482;675;MEMBER
13.12.2024;15:05:36.441;FESX SI 20241220 CS;SIMPLE_INSTRUMENT;BLOCK;EUR;49;4975.00000000;2500;PRC_DECOMP_MEMBER;;;;XEUR;7793479;675;MEMBER
13.12.2024;15:05:53.448;FESX.S.DEC24.MAR25.SPD;FUTURES_SPREAD;BLOCK;EUR;50;-26.75000000;2500;EXCHANGE_LAST;;1;1;XEUR;72060493140861185;675;
13.12.2024;15:05:53.448;FESX SI 20241220 CS;SIMPLE_INSTRUMENT;BLOCK;EUR;50;4975.00000000;2500;PRC_DECOMP_MEMBER;;;;XEUR;7793479;675;MEMBER
13.12.2024;15:05:53.448;FESX SI 20250321 CS;SIMPLE_INSTRUMENT;BLOCK;EUR;50;5001.75000000;2500;PRC_DECOMP_MEMBER;;;;XEUR;7793482;675;MEMBER
13.12.2024;15:07:27.805;FESX SI 20241220 CS;SIMPLE_INSTRUMENT;BLOCK;EUR;51;4985.00000000;2000;EXCHANGE_LAST;;1;1;XEUR;7793479;675;
13.12.2024;15:07:12.073;FESX.S.DEC24.MAR25.SPD;FUTURES_SPREAD;BLOCK;EUR;52;-26.62000000;5000;EXCHANGE_LAST;;1;1;XEUR;72060493140861185;675;
13.12.2024;15:07:12.073;FESX SI 20241220 CS;SIMPLE_INSTRUMENT;BLOCK;EUR;52;4975.00000000;5000;PRC_DECOMP_MEMBER;;;;XEUR;7793479;675;MEMBER
13.12.2024;15:07:12.073;FESX SI 20250321 CS;SIMPLE_INSTRUMENT;BLOCK;EUR;52;5001.62000000;5000;PRC_DECOMP_MEMBER;;;;XEUR;7793482;675;MEMBER
13.12.2024;15:07:22.442;FESX.S.DEC24.MAR25.SPD;FUTURES_SPREAD;BLOCK;EUR;53;-26.63000000;5000;EXCHANGE_LAST;;1;1;XEUR;72060493140861185;675;
13.12.2024;15:07:22.442;FESX SI 20241220 CS;SIMPLE_INSTRUMENT;BLOCK;EUR;53;4975.00000000;5000;PRC_DECOMP_MEMBER;;;;XEUR;7793479;675;MEMBER
13.12.2024;15:07:22.442;FESX SI 20250321 CS;SIMPLE_INSTRUMENT;BLOCK;EUR;53;5001.63000000;5000;PRC_DECOMP_MEMBER;;;;XEUR;7793482;675;MEMBER
13.12.2024;15:10:12.546;FESX SI 20241220 CS;SIMPLE_INSTRUMENT;EFP_IDX;EUR;54;4986.00000000;1000;EXCHANGE_LAST;;1;1;XEUR;7793479;675;
13.12.2024;15:11:52.004;FESX SI 20241220 CS;SIMPLE_INSTRUMENT;BLOCK;EUR;55;4985.00000000;2000;EXCHANGE_LAST;;1;1;XEUR;7793479;675;
13.12.2024;15:12:16.444;FESX SI 20241220 CS;SIMPLE_INSTRUMENT;BLOCK;EUR;56;4985.00000000;2000;EXCHANGE_LAST;;1;1;XEUR;7793479;675;
13.12.2024;15:19:31.897;FESX.S.DEC24.MAR25.SPD;FUTURES_SPREAD;BLOCK;EUR;57;-26.60000000;5000;EXCHANGE_LAST;;1;1;XEUR;72060493140861185;675;
13.12.2024;15:19:31.897;FESX SI 20241220 CS;SIMPLE_INSTRUMENT;BLOCK;EUR;57;4969.40000000;5000;PRC_DECOMP_EXCHANGE;;;;XEUR;7793479;675;EXCHANGE
13.12.2024;15:19:31.897;FESX SI 20250321 CS;SIMPLE_INSTRUMENT;BLOCK;EUR;57;4996.00000000;5000;PRC_DECOMP_EXCHANGE;;;;XEUR;7793482;675;EXCHANGE
13.12.2024;15:37:36.181;FESX.S.DEC24.MAR25.SPD;FUTURES_SPREAD;BLOCK;EUR;58;-26.63000000;3000;EXCHANGE_LAST;;1;1;XEUR;72060493140861185;675;
13.12.2024;15:37:36.181;FESX SI 20250321 CS;SIMPLE_INSTRUMENT;BLOCK;EUR;58;5010.63000000;3000;PRC_DECOMP_MEMBER;;;;XEUR;7793482;675;MEMBER
13.12.2024;15:37:36.181;FESX SI 20241220 CS;SIMPLE_INSTRUMENT;BLOCK;EUR;58;4984.00000000;3000;PRC_DECOMP_MEMBER;;;;XEUR;7793479;675;MEMBER
13.12.2024;15:21:02.260;FESX SI 20241220 CS;SIMPLE_INSTRUMENT;BLOCK;EUR;59;4976.00000000;3000;EXCHANGE_LAST;;1;1;XEUR;7793479;675;
13.12.2024;15:23:33.466;FESX.S.DEC24.MAR25.SPD;FUTURES_SPREAD;BLOCK;EUR;60;-26.60000000;5000;EXCHANGE_LAST;;1;1;XEUR;72060493140861185;675;
13.12.2024;15:23:33.466;FESX SI 20241220 CS;SIMPLE_INSTRUMENT;BLOCK;EUR;60;4970.00000000;5000;PRC_DECOMP_MEMBER;;;;XEUR;7793479;675;MEMBER
13.12.2024;15:23:33.466;FESX SI 20250321 CS;SIMPLE_INSTRUMENT;BLOCK;EUR;60;4996.60000000;5000;PRC_DECOMP_MEMBER;;;;XEUR;7793482;675;MEMBER
13.12.2024;15:26:21.615;FESX.S.DEC24.MAR25.SPD;FUTURES_SPREAD;BLOCK;EUR;61;-26.63000000;2199;EXCHANGE_LAST;;1;1;XEUR;72060493140861185;675;
13.12.2024;15:26:21.615;FESX SI 20250321 CS;SIMPLE_INSTRUMENT;BLOCK;EUR;61;4995.00000000;2199;PRC_DECOMP_EXCHANGE;;;;XEUR;7793482;675;EXCHANGE
13.12.2024;15:26:21.615;FESX SI 20241220 CS;SIMPLE_INSTRUMENT;BLOCK;EUR;61;4968.37000000;2199;PRC_DECOMP_EXCHANGE;;;;XEUR;7793479;675;EXCHANGE
13.12.2024;15:35:10.086;FESX.S.DEC24.MAR25.SPD;FUTURES_SPREAD;BLOCK;EUR;64;-26.62000000;5234;EXCHANGE_LAST;;1;1;XEUR;72060493140861185;675;
13.12.2024;15:35:10.086;FESX SI 20250321 CS;SIMPLE_INSTRUMENT;BLOCK;EUR;64;4998.00000000;5234;PRC_DECOMP_EXCHANGE;;;;XEUR;7793482;675;EXCHANGE
13.12.2024;15:35:10.086;FESX SI 20241220 CS;SIMPLE_INSTRUMENT;BLOCK;EUR;64;4971.38000000;5234;PRC_DECOMP_EXCHANGE;;;;XEUR;7793479;675;EXCHANGE
13.12.2024;15:35:06.150;FESX.S.DEC24.MAR25.SPD;FUTURES_SPREAD;BLOCK;EUR;65;-26.63000000;5234;EXCHANGE_LAST;;1;1;XEUR;72060493140861185;675;
13.12.2024;15:35:06.150;FESX SI 20241220 CS;SIMPLE_INSTRUMENT;BLOCK;EUR;65;4971.37000000;5234;PRC_DECOMP_EXCHANGE;;;;XEUR;7793479;675;EXCHANGE
13.12.2024;15:35:06.150;FESX SI 20250321 CS;SIMPLE_INSTRUMENT;BLOCK;EUR;65;4998.00000000;5234;PRC_DECOMP_EXCHANGE;;;;XEUR;7793482;675;EXCHANGE
13.12.2024;15:29:19.075;FESX.S.DEC24.MAR25.SPD;FUTURES_SPREAD;BLOCK;EUR;66;-26.62000000;2199;EXCHANGE_LAST;;1;1;XEUR;72060493140861185;675;
13.12.2024;15:29:19.075;FESX SI 20250321 CS;SIMPLE_INSTRUMENT;BLOCK;EUR;66;4995.00000000;2199;PRC_DECOMP_MEMBER;;;;XEUR;7793482;675;MEMBER
13.12.2024;15:29:19.075;FESX SI 20241220 CS;SIMPLE_INSTRUMENT;BLOCK;EUR;66;4968.38000000;2199;PRC_DECOMP_MEMBER;;;;XEUR;7793479;675;MEMBER
13.12.2024;16:00:40.943;FESX.S.DEC24.MAR25.SPD;FUTURES_SPREAD;BLOCK;EUR;67;-26.62000000;3105;EXCHANGE_LAST;;1;1;XEUR;72060493140861185;675;
13.12.2024;16:00:40.943;FESX SI 20241220 CS;SIMPLE_INSTRUMENT;BLOCK;EUR;67;4965.00000000;3105;PRC_DECOMP_MEMBER;;;;XEUR;7793479;675;MEMBER
13.12.2024;16:00:40.943;FESX SI 20250321 CS;SIMPLE_INSTRUMENT;BLOCK;EUR;67;4991.62000000;3105;PRC_DECOMP_MEMBER;;;;XEUR;7793482;675;MEMBER
13.12.2024;16:00:34.963;FESX.S.DEC24.MAR25.SPD;FUTURES_SPREAD;BLOCK;EUR;68;-26.63000000;3105;EXCHANGE_LAST;;1;1;XEUR;72060493140861185;675;
13.12.2024;16:00:34.963;FESX SI 20241220 CS;SIMPLE_INSTRUMENT;BLOCK;EUR;68;4965.00000000;3105;PRC_DECOMP_MEMBER;;;;XEUR;7793479;675;MEMBER
13.12.2024;16:00:34.963;FESX SI 20250321 CS;SIMPLE_INSTRUMENT;BLOCK;EUR;68;4991.63000000;3105;PRC_DECOMP_MEMBER;;;;XEUR;7793482;675;MEMBER
13.12.2024;16:10:23.905;FESX SI 20241220 CS;SIMPLE_INSTRUMENT;EFP_IDX;EUR;69;4962.00000000;1000;EXCHANGE_LAST;;1;1;XEUR;7793479;675;
13.12.2024;16:42:34.845;FESX.S.DEC24.MAR25.SPD;FUTURES_SPREAD;BLOCK;EUR;70;-26.70000000;5478;EXCHANGE_LAST;;1;1;XEUR;72060493140861185;675;
13.12.2024;16:42:34.845;FESX SI 20241220 CS;SIMPLE_INSTRUMENT;BLOCK;EUR;70;4968.30000000;5478;PRC_DECOMP_EXCHANGE;;;;XEUR;7793479;675;EXCHANGE
13.12.2024;16:42:34.845;FESX SI 20250321 CS;SIMPLE_INSTRUMENT;BLOCK;EUR;70;4995.00000000;5478;PRC_DECOMP_EXCHANGE;;;;XEUR;7793482;675;EXCHANGE
13.12.2024;16:46:43.065;FESX SI 20241220 CS;SIMPLE_INSTRUMENT;EFP_IDX;EUR;71;4971.00000000;50;EXCHANGE_LAST;;1;1;XEUR;7793479;675;
13.12.2024;16:46:51.450;FESX SI 20241220 CS;SIMPLE_INSTRUMENT;EFP_IDX;EUR;72;4972.00000000;950;EXCHANGE_LAST;;1;1;XEUR;7793479;675;
13.12.2024;16:50:05.489;FESX SI 20241220 CS;SIMPLE_INSTRUMENT;EFP_IDX;EUR;73;4971.00000000;357;EXCHANGE_LAST;;1;1;XEUR;7793479;675;
13.12.2024;16:50:51.554;FESX SI 20241220 CS;SIMPLE_INSTRUMENT;EFP_IDX;EUR;74;4971.00000000;150;EXCHANGE_LAST;;1;1;XEUR;7793479;675;
13.12.2024;16:50:53.883;FESX SI 20241220 CS;SIMPLE_INSTRUMENT;EFP_IDX;EUR;75;4972.00000000;1743;EXCHANGE_LAST;;1;1;XEUR;7793479;675;
13.12.2024;16:50:56.089;FESX SI 20241220 CS;SIMPLE_INSTRUMENT;EFP_IDX;EUR;76;4972.00000000;350;EXCHANGE_LAST;;1;1;XEUR;7793479;675;
13.12.2024;08:57:46.470;FESX SI 20241220 CS;SIMPLE_INSTRUMENT;VOLA;EUR;637534217;4983.00000000;1111;EXCHANGE_LAST;;1;1;XEUR;7793479;675;
13.12.2024;11:42:31.492;FESX SI 20241220 CS;SIMPLE_INSTRUMENT;VOLA;EUR;637534256;4993.00000000;295;EXCHANGE_LAST;;1;1;XEUR;7793479;675;
13.12.2024;12:01:09.037;FESX SI 20241220 CS;SIMPLE_INSTRUMENT;VOLA;EUR;637534262;4994.00000000;223;EXCHANGE_LAST;;1;1;XEUR;7793479;675;
13.12.2024;12:01:15.253;FESX SI 20241220 CS;SIMPLE_INSTRUMENT;VOLA;EUR;637534263;4994.00000000;300;EXCHANGE_LAST;;1;1;XEUR;7793479;675;
13.12.2024;12:06:20.717;FESX SI 20241220 CS;SIMPLE_INSTRUMENT;VOLA;EUR;637534266;4991.00000000;905;EXCHANGE_LAST;;1;1;XEUR;7793479;675;
13.12.2024;12:30:30.953;FESX SI 20241220 CS;SIMPLE_INSTRUMENT;VOLA;EUR;637534275;4985.00000000;393;EXCHANGE_LAST;;1;1;XEUR;7793479;675;
13.12.2024;12:36:02.230;FESX SI 20241220 CS;SIMPLE_INSTRUMENT;VOLA;EUR;637534277;4986.00000000;414;EXCHANGE_LAST;;1;1;XEUR;7793479;675;
13.12.2024;13:31:13.958;FESX SI 20241220 CS;SIMPLE_INSTRUMENT;VOLA;EUR;637534290;4980.00000000;116;EXCHANGE_LAST;;1;1;XEUR;7793479;675;
13.12.2024;13:36:52.285;FESX SI 20241220 CS;SIMPLE_INSTRUMENT;VOLA;EUR;637534295;4980.00000000;1267;EXCHANGE_LAST;;1;1;XEUR;7793479;675;
13.12.2024;13:52:55.633;FESX SI 20241220 CS;SIMPLE_INSTRUMENT;VOLA;EUR;637534304;4995.00000000;10;EXCHANGE_LAST;;1;1;XEUR;7793479;675;
13.12.2024;14:19:13.204;FESX SI 20241220 CS;SIMPLE_INSTRUMENT;VOLA;EUR;637534323;4985.00000000;260;EXCHANGE_LAST;;1;1;XEUR;7793479;675;
13.12.2024;14:35:22.864;FESX SI 20241220 CS;SIMPLE_INSTRUMENT;VOLA;EUR;637534332;4983.00000000;888;EXCHANGE_LAST;;1;1;XEUR;7793479;675;
13.12.2024;16:01:25.591;FESX SI 20241220 CS;SIMPLE_INSTRUMENT;VOLA;EUR;637534358;4967.00000000;28;EXCHANGE_LAST;;1;1;XEUR;7793479;675;
13.12.2024;16:21:25.290;FESX SI 20241220 CS;SIMPLE_INSTRUMENT;VOLA;EUR;637534370;4965.00000000;963;EXCHANGE_LAST;;1;1;XEUR;7793479;675;
13.12.2024;09:27:07.211;FEXD SI 20251219 CS;SIMPLE_INSTRUMENT;BLOCK;EUR;6;158.70000000;1000;EXCHANGE_LAST;;1;1;XEUR;1548120;693;
13.12.2024;09:27:16.544;FEXD SI 20251219 CS;SIMPLE_INSTRUMENT;BLOCK;EUR;7;158.80000000;1000;EXCHANGE_LAST;;1;1;XEUR;1548120;693;
13.12.2024;09:28:02.851;FEXD SI 20251219 CS;SIMPLE_INSTRUMENT;BLOCK;EUR;8;158.70000000;2000;EXCHANGE_LAST;;1;1;XEUR;1548120;693;
13.12.2024;10:03:03.309;FEXD SI 20261218 CS;SIMPLE_INSTRUMENT;BLOCK;EUR;19;153.30000000;100;EXCHANGE_LAST;;1;1;XEUR;2163053;693;
13.12.2024;10:05:57.220;FEXD.S.DEC26.DEC27.SPD;FUTURES_SPREAD;BLOCK;EUR;20;5.80000000;350;EXCHANGE_LAST;;1;1;XEUR;72060570450264153;693;
13.12.2024;10:05:57.220;FEXD SI 20271217 CS;SIMPLE_INSTRUMENT;BLOCK;EUR;20;147.60000000;350;PRC_DECOMP_EXCHANGE;;;;XEUR;2848338;693;EXCHANGE
13.12.2024;10:05:57.220;FEXD SI 20261218 CS;SIMPLE_INSTRUMENT;BLOCK;EUR;20;153.40000000;350;PRC_DECOMP_EXCHANGE;;;;XEUR;2163053;693;EXCHANGE
13.12.2024;10:09:06.190;FEXD.S.DEC26.DEC28.SPD;FUTURES_SPREAD;BLOCK;EUR;21;10.20000000;500;EXCHANGE_LAST;;2;1;XEUR;72060570450264161;693;
13.12.2024;10:09:06.190;FEXD SI 20261218 CS;SIMPLE_INSTRUMENT;BLOCK;EUR;21;153.30000000;500;PRC_DECOMP_MEMBER;;;;XEUR;2163053;693;MEMBER
13.12.2024;10:09:06.190;FEXD SI 20281215 CS;SIMPLE_INSTRUMENT;BLOCK;EUR;21;143.10000000;500;PRC_DECOMP_MEMBER;;;;XEUR;3680985;693;MEMBER
13.12.2024;10:08:31.327;FEXD.S.DEC26.DEC28.SPD;FUTURES_SPREAD;BLOCK;EUR;23;10.20000000;250;EXCHANGE_LAST;;1;1;XEUR;72060570450264161;693;
13.12.2024;10:08:31.327;FEXD SI 20261218 CS;SIMPLE_INSTRUMENT;BLOCK;EUR;23;153.20000000;250;PRC_DECOMP_MEMBER;;;;XEUR;2163053;693;MEMBER
13.12.2024;10:08:31.327;FEXD SI 20281215 CS;SIMPLE_INSTRUMENT;BLOCK;EUR;23;143.00000000;250;PRC_DECOMP_MEMBER;;;;XEUR;3680985;693;MEMBER
13.12.2024;10:17:05.343;FEXD.S.DEC26.DEC28.SPD;FUTURES_SPREAD;BLOCK;EUR;24;10.20000000;500;EXCHANGE_LAST;;1;1;XEUR;72060570450264161;693;
13.12.2024;10:17:05.343;FEXD SI 20261218 CS;SIMPLE_INSTRUMENT;BLOCK;EUR;24;153.20000000;500;PRC_DECOMP_MEMBER;;;;XEUR;2163053;693;MEMBER
13.12.2024;10:17:05.343;FEXD SI 20281215 CS;SIMPLE_INSTRUMENT;BLOCK;EUR;24;143.00000000;500;PRC_DECOMP_MEMBER;;;;XEUR;3680985;693;MEMBER
13.12.2024;10:32:08.281;FEXD SI 20281215 CS;SIMPLE_INSTRUMENT;BLOCK;EUR;30;143.20000000;825;EXCHANGE_LAST;;1;1;XEUR;3680985;693;
13.12.2024;10:43:42.487;FEXD.S.DEC25.DEC26.SPD;FUTURES_SPREAD;BLOCK;EUR;38;5.40000000;250;EXCHANGE_LAST;;1;1;XEUR;72060570450264144;693;
13.12.2024;10:43:42.487;FEXD SI 20261218 CS;SIMPLE_INSTRUMENT;BLOCK;EUR;38;153.30000000;250;PRC_DECOMP_MEMBER;;;;XEUR;2163053;693;MEMBER
13.12.2024;10:43:42.487;FEXD SI 20251219 CS;SIMPLE_INSTRUMENT;BLOCK;EUR;38;158.70000000;250;PRC_DECOMP_MEMBER;;;;XEUR;1548120;693;MEMBER
13.12.2024;10:48:06.651;FEXD SI 20291221 CS;SIMPLE_INSTRUMENT;BLOCK;EUR;40;138.50000000;520;EXCHANGE_LAST;;1;1;XEUR;4631968;693;
13.12.2024;12:16:26.325;FEXD SI 20261218 CS;SIMPLE_INSTRUMENT;BLOCK;EUR;61;153.50000000;135;EXCHANGE_LAST;;1;1;XEUR;2163053;693;
13.12.2024;12:24:50.582;FEXD SI 20251219 CS;SIMPLE_INSTRUMENT;BLOCK;EUR;62;158.70000000;250;EXCHANGE_LAST;;1;1;XEUR;1548120;693;
13.12.2024;14:40:59.542;FEXD.S.DEC25.DEC26.SPD;FUTURES_SPREAD;BLOCK;EUR;77;5.00000000;350;EXCHANGE_LAST;;1;1;XEUR;72060570450264144;693;
13.12.2024;14:40:59.542;FEXD SI 20251219 CS;SIMPLE_INSTRUMENT;BLOCK;EUR;77;158.50000000;350;PRC_DECOMP_MEMBER;;;;XEUR;1548120;693;MEMBER
13.12.2024;14:40:59.542;FEXD SI 20261218 CS;SIMPLE_INSTRUMENT;BLOCK;EUR;77;153.50000000;350;PRC_DECOMP_MEMBER;;;;XEUR;2163053;693;MEMBER
13.12.2024;14:42:30.716;FEXD SI 20251219 CS;SIMPLE_INSTRUMENT;BLOCK;EUR;80;158.50000000;675;EXCHANGE_LAST;;1;1;XEUR;1548120;693;
13.12.2024;14:42:13.179;FEXD SI 20251219 CS;SIMPLE_INSTRUMENT;BLOCK;EUR;81;158.60000000;675;EXCHANGE_LAST;;1;1;XEUR;1548120;693;
13.12.2024;14:43:18.908;FEXD SI 20251219 CS;SIMPLE_INSTRUMENT;BLOCK;EUR;82;158.40000000;2300;EXCHANGE_LAST;;1;1;XEUR;1548120;693;
13.12.2024;14:44:43.512;FEXD.S.DEC25.DEC26.SPD;FUTURES_SPREAD;BLOCK;EUR;83;5.00000000;250;EXCHANGE_LAST;;1;1;XEUR;72060570450264144;693;
13.12.2024;14:44:43.512;FEXD SI 20251219 CS;SIMPLE_INSTRUMENT;BLOCK;EUR;83;158.50000000;250;PRC_DECOMP_MEMBER;;;;XEUR;1548120;693;MEMBER
13.12.2024;14:44:43.512;FEXD SI 20261218 CS;SIMPLE_INSTRUMENT;BLOCK;EUR;83;153.50000000;250;PRC_DECOMP_MEMBER;;;;XEUR;2163053;693;MEMBER
13.12.2024;15:37:51.420;FEXD SI 20261218 CS;SIMPLE_INSTRUMENT;BLOCK;EUR;88;153.30000000;2000;EXCHANGE_LAST;;1;1;XEUR;2163053;693;
13.12.2024;16:15:36.950;FEXD.S.DEC28.DEC29.SPD;FUTURES_SPREAD;BLOCK;EUR;98;4.30000000;1000;EXCHANGE_LAST;;1;1;XEUR;72060570450264171;693;
13.12.2024;16:15:36.950;FEXD SI 20281215 CS;SIMPLE_INSTRUMENT;BLOCK;EUR;98;142.80000000;1000;PRC_DECOMP_EXCHANGE;;;;XEUR;3680985;693;EXCHANGE
13.12.2024;16:15:36.950;FEXD SI 20291221 CS;SIMPLE_INSTRUMENT;BLOCK;EUR;98;138.50000000;1000;PRC_DECOMP_EXCHANGE;;;;XEUR;4631968;693;EXCHANGE
13.12.2024;07:35:15.137;FGBL SI 20250306 PS;SIMPLE_INSTRUMENT;EFS;EUR;1;135.02000000;202;EXCHANGE_LAST;;1;1;XEUR;11286679;688;
13.12.2024;08:11:56.885;FGBL SI 20250306 PS;SIMPLE_INSTRUMENT;EFS;EUR;2;135.13000000;220;EXCHANGE_LAST;;1;1;XEUR;11286679;688;
13.12.2024;08:25:02.201;FGBL SI 20250306 PS;SIMPLE_INSTRUMENT;EFS;EUR;3;135.02000000;202;EXCHANGE_LAST;;1;1;XEUR;11286679;688;
13.12.2024;08:42:17.734;FGBL SI 20250306 PS;SIMPLE_INSTRUMENT;EFP_FIN;EUR;4;135.00000000;743;EXCHANGE_LAST;;1;1;XEUR;11286679;688;
13.12.2024;08:56:41.118;FGBL SI 20250306 PS;SIMPLE_INSTRUMENT;EFS;EUR;5;134.91000000;404;EXCHANGE_LAST;;1;1;XEUR;11286679;688;
13.12.2024;08:59:09.746;FGBL SI 20250306 PS;SIMPLE_INSTRUMENT;EFS;EUR;6;134.90000000;404;EXCHANGE_LAST;;1;1;XEUR;11286679;688;
13.12.2024;08:59:51.495;FGBL SI 20250306 PS;SIMPLE_INSTRUMENT;EFS;EUR;7;134.88000000;202;EXCHANGE_LAST;;1;1;XEUR;11286679;688;
13.12.2024;09:00:57.942;FGBL SI 20250306 PS;SIMPLE_INSTRUMENT;EFS;EUR;8;134.89000000;606;EXCHANGE_LAST;;1;1;XEUR;11286679;688;
13.12.2024;09:01:12.684;FGBL SI 20250306 PS;SIMPLE_INSTRUMENT;EFS;EUR;9;134.89000000;202;EXCHANGE_LAST;;1;1;XEUR;11286679;688;
13.12.2024;09:02:01.131;FGBL SI 20250306 PS;SIMPLE_INSTRUMENT;EFS;EUR;10;134.89000000;404;EXCHANGE_LAST;;1;1;XEUR;11286679;688;
13.12.2024;09:02:29.371;FGBL SI 20250306 PS;SIMPLE_INSTRUMENT;EFS;EUR;11;134.89000000;404;EXCHANGE_LAST;;1;1;XEUR;11286679;688;
13.12.2024;09:02:58.860;FGBL SI 20250306 PS;SIMPLE_INSTRUMENT;EFS;EUR;12;134.88000000;404;EXCHANGE_LAST;;1;1;XEUR;11286679;688;
13.12.2024;09:04:26.505;FGBL SI 20250306 PS;SIMPLE_INSTRUMENT;EFS;EUR;13;134.86000000;428;EXCHANGE_LAST;;1;1;XEUR;11286679;688;
13.12.2024;09:05:21.920;FGBL SI 20250306 PS;SIMPLE_INSTRUMENT;EFS;EUR;14;134.88000000;404;EXCHANGE_LAST;;1;1;XEUR;11286679;688;
13.12.2024;09:10:47.320;FGBL SI 20250306 PS;SIMPLE_INSTRUMENT;EFS;EUR;15;134.85000000;220;EXCHANGE_LAST;;1;1;XEUR;11286679;688;
13.12.2024;09:14:20.614;FGBL SI 20250306 PS;SIMPLE_INSTRUMENT;EFP_FIN;EUR;16;134.90000000;371;EXCHANGE_LAST;;1;1;XEUR;11286679;688;
13.12.2024;09:14:46.809;FGBL SI 20250306 PS;SIMPLE_INSTRUMENT;EFP_FIN;EUR;17;134.87000000;743;EXCHANGE_LAST;;1;1;XEUR;11286679;688;
13.12.2024;09:26:12.211;FGBL SI 20250306 PS;SIMPLE_INSTRUMENT;EFS;EUR;18;134.83000000;405;EXCHANGE_LAST;;1;1;XEUR;11286679;688;
13.12.2024;09:28:25.274;FGBL SI 20250306 PS;SIMPLE_INSTRUMENT;EFS;EUR;19;134.86000000;425;EXCHANGE_LAST;;1;1;XEUR;11286679;688;
13.12.2024;09:33:30.203;FGBL SI 20250306 PS;SIMPLE_INSTRUMENT;EFS;EUR;20;134.84000000;178;EXCHANGE_LAST;;1;1;XEUR;11286679;688;
13.12.2024;09:39:02.079;FGBL SI 20250306 PS;SIMPLE_INSTRUMENT;EFS;EUR;21;134.92000000;461;EXCHANGE_LAST;;1;1;XEUR;11286679;688;
13.12.2024;09:41:06.359;FGBL SI 20250306 PS;SIMPLE_INSTRUMENT;EFP_FIN;EUR;22;134.85000000;521;EXCHANGE_LAST;;1;1;XEUR;11286679;688;
13.12.2024;09:42:11.165;FGBL SI 20250306 PS;SIMPLE_INSTRUMENT;EFP_FIN;EUR;23;134.91000000;316;EXCHANGE_LAST;;1;1;XEUR;11286679;688;
13.12.2024;09:42:33.269;FGBL SI 20250306 PS;SIMPLE_INSTRUMENT;EFP_FIN;EUR;24;134.91000000;79;EXCHANGE_LAST;;1;1;XEUR;11286679;688;
13.12.2024;09:45:43.885;FGBL SI 20250306 PS;SIMPLE_INSTRUMENT;EFP_FIN;EUR;25;134.91000000;371;EXCHANGE_LAST;;1;1;XEUR;11286679;688;
13.12.2024;09:51:02.014;FGBL SI 20250306 PS;SIMPLE_INSTRUMENT;EFS;EUR;26;134.83000000;405;EXCHANGE_LAST;;1;1;XEUR;11286679;688;
13.12.2024;09:58:46.411;FGBL SI 20250306 PS;SIMPLE_INSTRUMENT;EFS;EUR;27;134.83000000;461;EXCHANGE_LAST;;1;1;XEUR;11286679;688;
13.12.2024;09:59:41.944;FGBL SI 20250306 PS;SIMPLE_INSTRUMENT;EFS;EUR;28;134.79000000;462;EXCHANGE_LAST;;1;1;XEUR;11286679;688;
13.12.2024;10:00:18.430;FGBL SI 20250306 PS;SIMPLE_INSTRUMENT;EFS;EUR;29;134.79000000;405;EXCHANGE_LAST;;1;1;XEUR;11286679;688;
13.12.2024;10:03:58.750;FGBL SI 20250306 PS;SIMPLE_INSTRUMENT;EFS;EUR;30;134.79000000;202;EXCHANGE_LAST;;1;1;XEUR;11286679;688;
13.12.2024;10:04:56.370;FGBL SI 20250306 PS;SIMPLE_INSTRUMENT;EFS;EUR;31;134.83000000;202;EXCHANGE_LAST;;1;1;XEUR;11286679;688;
13.12.2024;10:05:58.292;FGBL SI 20250306 PS;SIMPLE_INSTRUMENT;EFS;EUR;32;134.82000000;461;EXCHANGE_LAST;;1;1;XEUR;11286679;688;
13.12.2024;10:09:09.271;FGBL SI 20250306 PS;SIMPLE_INSTRUMENT;EFS;EUR;33;134.83000000;202;EXCHANGE_LAST;;1;1;XEUR;11286679;688;
13.12.2024;10:09:28.531;FGBL SI 20250306 PS;SIMPLE_INSTRUMENT;EFS;EUR;34;134.84000000;202;EXCHANGE_LAST;;1;1;XEUR;11286679;688;
13.12.2024;10:11:20.270;FGBL SI 20250306 PS;SIMPLE_INSTRUMENT;EFS;EUR;36;134.86000000;404;EXCHANGE_LAST;;1;1;XEUR;11286679;688;
13.12.2024;10:13:22.325;FGBL SI 20250306 PS;SIMPLE_INSTRUMENT;EFS;EUR;37;134.83000000;283;EXCHANGE_LAST;;1;1;XEUR;11286679;688;
13.12.2024;10:16:45.171;FGBL SI 20250306 PS;SIMPLE_INSTRUMENT;EFS;EUR;38;134.77000000;483;EXCHANGE_LAST;;1;1;XEUR;11286679;688;
13.12.2024;10:18:04.003;FGBL SI 20250306 PS;SIMPLE_INSTRUMENT;EFS;EUR;39;134.85000000;353;EXCHANGE_LAST;;1;1;XEUR;11286679;688;
13.12.2024;10:18:25.004;FGBL SI 20250306 PS;SIMPLE_INSTRUMENT;EFS;EUR;40;134.85000000;529;EXCHANGE_LAST;;1;1;XEUR;11286679;688;
13.12.2024;10:18:51.481;FGBL SI 20250306 PS;SIMPLE_INSTRUMENT;EFS;EUR;41;134.85000000;366;EXCHANGE_LAST;;1;1;XEUR;11286679;688;
13.12.2024;10:22:46.767;FGBL SI 20250306 PS;SIMPLE_INSTRUMENT;EFS;EUR;42;134.83000000;404;EXCHANGE_LAST;;1;1;XEUR;11286679;688;
13.12.2024;10:23:10.382;FGBL SI 20250306 PS;SIMPLE_INSTRUMENT;EFS;EUR;43;134.74000000;496;EXCHANGE_LAST;;1;1;XEUR;11286679;688;
13.12.2024;10:25:32.772;FGBL SI 20250306 PS;SIMPLE_INSTRUMENT;EFS;EUR;44;134.76000000;404;EXCHANGE_LAST;;1;1;XEUR;11286679;688;
13.12.2024;10:37:09.229;FGBL SI 20250306 PS;SIMPLE_INSTRUMENT;EFP_FIN;EUR;45;134.79000000;284;EXCHANGE_LAST;;1;1;XEUR;11286679;688;
13.12.2024;10:34:46.910;FGBL SI 20250306 PS;SIMPLE_INSTRUMENT;EFS;EUR;46;134.78000000;405;EXCHANGE_LAST;;1;1;XEUR;11286679;688;
13.12.2024;10:35:49.790;FGBL SI 20250306 PS;SIMPLE_INSTRUMENT;EFS;EUR;47;134.80000000;91;EXCHANGE_LAST;;1;1;XEUR;11286679;688;
13.12.2024;10:36:22.046;FGBL SI 20250306 PS;SIMPLE_INSTRUMENT;EFS;EUR;48;134.77000000;202;EXCHANGE_LAST;;1;1;XEUR;11286679;688;
13.12.2024;10:36:47.380;FGBL SI 20250306 PS;SIMPLE_INSTRUMENT;EFS;EUR;49;134.77000000;202;EXCHANGE_LAST;;1;1;XEUR;11286679;688;
13.12.2024;10:37:08.312;FGBL SI 20250306 PS;SIMPLE_INSTRUMENT;EFS;EUR;50;134.76000000;202;EXCHANGE_LAST;;1;1;XEUR;11286679;688;
13.12.2024;10:38:12.539;FGBL SI 20250306 PS;SIMPLE_INSTRUMENT;EFS;EUR;51;134.78000000;220;EXCHANGE_LAST;;1;1;XEUR;11286679;688;
13.12.2024;10:43:27.976;FGBL SI 20250306 PS;SIMPLE_INSTRUMENT;EFS;EUR;52;134.76000000;283;EXCHANGE_LAST;;1;1;XEUR;11286679;688;
13.12.2024;10:43:47.251;FGBL SI 20250306 PS;SIMPLE_INSTRUMENT;EFS;EUR;53;134.78000000;220;EXCHANGE_LAST;;1;1;XEUR;11286679;688;
13.12.2024;10:47:18.400;FGBL SI 20250306 PS;SIMPLE_INSTRUMENT;EFP_FIN;EUR;54;134.79000000;150;EXCHANGE_LAST;;1;1;XEUR;11286679;688;
13.12.2024;10:47:36.279;FGBL SI 20250306 PS;SIMPLE_INSTRUMENT;EFS;EUR;55;134.80000000;201;EXCHANGE_LAST;;1;1;XEUR;11286679;688;
13.12.2024;10:48:55.194;FGBL SI 20250306 PS;SIMPLE_INSTRUMENT;EFP_FIN;EUR;56;134.77000000;77;EXCHANGE_LAST;;1;1;XEUR;11286679;688;
13.12.2024;10:49:31.141;FGBL SI 20250306 PS;SIMPLE_INSTRUMENT;EFP_FIN;EUR;57;134.84000000;69;EXCHANGE_LAST;;1;1;XEUR;11286679;688;
13.12.2024;10:56:13.594;FGBL SI 20250306 PS;SIMPLE_INSTRUMENT;EFS;EUR;58;134.85000000;138;EXCHANGE_LAST;;1;1;XEUR;11286679;688;
13.12.2024;11:11:07.334;FGBL SI 20250306 PS;SIMPLE_INSTRUMENT;EFS;EUR;59;134.76000000;441;EXCHANGE_LAST;;1;1;XEUR;11286679;688;
13.12.2024;11:10:29.609;FGBL SI 20250306 PS;SIMPLE_INSTRUMENT;EFS;EUR;60;134.77000000;220;EXCHANGE_LAST;;1;1;XEUR;11286679;688;
13.12.2024;11:13:51.651;FGBL SI 20250306 PS;SIMPLE_INSTRUMENT;EFS;EUR;61;134.77000000;202;EXCHANGE_LAST;;1;1;XEUR;11286679;688;
13.12.2024;11:15:44.660;FGBL SI 20250306 PS;SIMPLE_INSTRUMENT;EFS;EUR;62;134.77000000;202;EXCHANGE_LAST;;1;1;XEUR;11286679;688;
13.12.2024;11:18:15.708;FGBL SI 20250306 PS;SIMPLE_INSTRUMENT;EFS;EUR;63;134.75000000;405;EXCHANGE_LAST;;1;1;XEUR;11286679;688;
13.12.2024;11:19:46.626;FGBL SI 20250306 PS;SIMPLE_INSTRUMENT;EFS;EUR;64;134.76000000;404;EXCHANGE_LAST;;1;1;XEUR;11286679;688;
13.12.2024;11:20:29.176;FGBL SI 20250306 PS;SIMPLE_INSTRUMENT;EFS;EUR;65;134.75000000;202;EXCHANGE_LAST;;1;1;XEUR;11286679;688;
13.12.2024;11:21:43.090;FGBL SI 20250306 PS;SIMPLE_INSTRUMENT;EFS;EUR;66;134.75000000;404;EXCHANGE_LAST;;1;1;XEUR;11286679;688;
13.12.2024;11:22:27.194;FGBL SI 20250306 PS;SIMPLE_INSTRUMENT;EFS;EUR;67;134.80000000;231;EXCHANGE_LAST;;1;1;XEUR;11286679;688;
13.12.2024;11:28:07.079;FGBL SI 20250306 PS;SIMPLE_INSTRUMENT;EFS;EUR;68;134.71000000;213;EXCHANGE_LAST;;1;1;XEUR;11286679;688;
13.12.2024;11:30:09.610;FGBL SI 20250306 PS;SIMPLE_INSTRUMENT;EFS;EUR;69;134.80000000;899;EXCHANGE_LAST;;1;1;XEUR;11286679;688;
13.12.2024;11:35:10.336;FGBL SI 20250306 PS;SIMPLE_INSTRUMENT;EFP_FIN;EUR;70;134.78000000;84;EXCHANGE_LAST;;1;1;XEUR;11286679;688;
13.12.2024;11:40:10.557;FGBL SI 20250306 PS;SIMPLE_INSTRUMENT;EFS;EUR;71;134.75000000;210;EXCHANGE_LAST;;1;1;XEUR;11286679;688;
13.12.2024;11:41:12.298;FGBL SI 20250306 PS;SIMPLE_INSTRUMENT;EFP_FIN;EUR;72;134.70000000;226;EXCHANGE_LAST;;1;1;XEUR;11286679;688;
13.12.2024;11:42:55.784;FGBL SI 20250306 PS;SIMPLE_INSTRUMENT;EFS;EUR;73;134.70000000;404;EXCHANGE_LAST;;1;1;XEUR;11286679;688;
13.12.2024;11:44:08.124;FGBL SI 20250306 PS;SIMPLE_INSTRUMENT;EFS;EUR;74;134.71000000;404;EXCHANGE_LAST;;1;1;XEUR;11286679;688;
13.12.2024;11:45:22.817;FGBL SI 20250306 PS;SIMPLE_INSTRUMENT;EFS;EUR;75;134.72000000;405;EXCHANGE_LAST;;1;1;XEUR;11286679;688;
13.12.2024;11:45:28.831;FGBL SI 20250306 PS;SIMPLE_INSTRUMENT;EFS;EUR;76;134.70000000;405;EXCHANGE_LAST;;1;1;XEUR;11286679;688;
13.12.2024;11:45:28.876;FGBL SI 20250306 PS;SIMPLE_INSTRUMENT;EFS;EUR;77;134.72000000;405;EXCHANGE_LAST;;1;1;XEUR;11286679;688;
13.12.2024;11:45:37.835;FGBL SI 20250306 PS;SIMPLE_INSTRUMENT;EFS;EUR;78;134.71000000;364;EXCHANGE_LAST;;1;1;XEUR;11286679;688;
13.12.2024;12:01:31.195;FGBL SI 20250306 PS;SIMPLE_INSTRUMENT;EFP_FIN;EUR;79;135.00000000;222;EXCHANGE_LAST;;1;1;XEUR;11286679;688;
13.12.2024;12:03:45.255;FGBL SI 20250306 PS;SIMPLE_INSTRUMENT;EFS;EUR;80;134.69000000;176;EXCHANGE_LAST;;1;1;XEUR;11286679;688;
13.12.2024;12:14:41.323;FGBL SI 20250306 PS;SIMPLE_INSTRUMENT;EFS;EUR;81;134.67000000;202;EXCHANGE_LAST;;1;1;XEUR;11286679;688;
13.12.2024;12:15:39.384;FGBL SI 20250306 PS;SIMPLE_INSTRUMENT;EFS;EUR;82;134.65000000;404;EXCHANGE_LAST;;1;1;XEUR;11286679;688;
13.12.2024;12:17:21.255;FGBL SI 20250306 PS;SIMPLE_INSTRUMENT;EFS;EUR;83;134.68000000;203;EXCHANGE_LAST;;1;1;XEUR;11286679;688;
13.12.2024;12:17:45.386;FGBL SI 20250306 PS;SIMPLE_INSTRUMENT;EFP_FIN;EUR;84;134.69000000;226;EXCHANGE_LAST;;1;1;XEUR;11286679;688;
13.12.2024;12:22:03.350;FGBL SI 20250306 PS;SIMPLE_INSTRUMENT;EFP_FIN;EUR;85;134.68000000;714;EXCHANGE_LAST;;1;1;XEUR;11286679;688;
13.12.2024;12:57:11.044;FGBL SI 20250306 PS;SIMPLE_INSTRUMENT;EFS;EUR;86;134.66000000;405;EXCHANGE_LAST;;1;1;XEUR;11286679;688;
13.12.2024;12:58:31.106;FGBL SI 20250306 PS;SIMPLE_INSTRUMENT;EFS;EUR;87;134.65000000;405;EXCHANGE_LAST;;1;1;XEUR;11286679;688;
13.12.2024;13:02:21.162;FGBL SI 20250306 PS;SIMPLE_INSTRUMENT;EFP_FIN;EUR;88;134.69000000;652;EXCHANGE_LAST;;1;1;XEUR;11286679;688;
13.12.2024;13:04:07.885;FGBL SI 20250306 PS;SIMPLE_INSTRUMENT;EFS;EUR;89;134.66000000;404;EXCHANGE_LAST;;1;1;XEUR;11286679;688;
13.12.2024;13:04:31.170;FGBL SI 20250306 PS;SIMPLE_INSTRUMENT;EFS;EUR;90;134.64000000;404;EXCHANGE_LAST;;1;1;XEUR;11286679;688;
13.12.2024;13:05:43.802;FGBL SI 20250306 PS;SIMPLE_INSTRUMENT;EFS;EUR;91;134.64000000;404;EXCHANGE_LAST;;1;1;XEUR;11286679;688;
13.12.2024;13:13:36.231;FGBL SI 20250306 PS;SIMPLE_INSTRUMENT;EFS;EUR;92;134.66000000;545;EXCHANGE_LAST;;1;1;XEUR;11286679;688;
13.12.2024;13:13:49.191;FGBL SI 20250306 PS;SIMPLE_INSTRUMENT;EFS;EUR;93;134.66000000;363;EXCHANGE_LAST;;1;1;XEUR;11286679;688;
13.12.2024;13:14:16.761;FGBL SI 20250306 PS;SIMPLE_INSTRUMENT;EFS;EUR;94;134.67000000;198;EXCHANGE_LAST;;1;1;XEUR;11286679;688;
13.12.2024;13:20:32.025;FGBL SI 20250306 PS;SIMPLE_INSTRUMENT;EFS;EUR;95;134.82000000;405;EXCHANGE_LAST;;1;1;XEUR;11286679;688;
13.12.2024;13:24:58.241;FGBL SI 20250306 PS;SIMPLE_INSTRUMENT;EFS;EUR;96;134.84000000;405;EXCHANGE_LAST;;1;1;XEUR;11286679;688;
13.12.2024;13:28:51.744;FGBL SI 20250306 PS;SIMPLE_INSTRUMENT;EFS;EUR;97;134.66000000;202;EXCHANGE_LAST;;1;1;XEUR;11286679;688;
13.12.2024;13:51:05.405;FGBL SI 20250306 PS;SIMPLE_INSTRUMENT;EFS;EUR;98;134.80000000;203;EXCHANGE_LAST;;1;1;XEUR;11286679;688;
13.12.2024;13:51:40.432;FGBL SI 20250306 PS;SIMPLE_INSTRUMENT;EFS;EUR;99;134.80000000;203;EXCHANGE_LAST;;1;1;XEUR;11286679;688;
13.12.2024;13:55:18.662;FGBL SI 20250306 PS;SIMPLE_INSTRUMENT;EFS;EUR;100;134.81000000;172;EXCHANGE_LAST;;1;1;XEUR;11286679;688;
13.12.2024;13:55:38.557;FGBL SI 20250306 PS;SIMPLE_INSTRUMENT;EFS;EUR;101;134.78000000;462;EXCHANGE_LAST;;1;1;XEUR;11286679;688;
13.12.2024;14:06:12.586;FGBL SI 20250306 PS;SIMPLE_INSTRUMENT;EFS;EUR;102;134.85000000;428;EXCHANGE_LAST;;1;1;XEUR;11286679;688;
13.12.2024;14:14:31.946;FGBL SI 20250306 PS;SIMPLE_INSTRUMENT;EFS;EUR;103;134.82000000;283;EXCHANGE_LAST;;1;1;XEUR;11286679;688;
13.12.2024;14:15:32.481;FGBL SI 20250306 PS;SIMPLE_INSTRUMENT;EFS;EUR;104;134.80000000;404;EXCHANGE_LAST;;1;1;XEUR;11286679;688;
13.12.2024;14:18:15.517;FGBL SI 20250306 PS;SIMPLE_INSTRUMENT;EFS;EUR;105;134.79000000;242;EXCHANGE_LAST;;1;1;XEUR;11286679;688;
13.12.2024;14:19:40.851;FGBL SI 20250306 PS;SIMPLE_INSTRUMENT;EFS;EUR;106;134.81000000;923;EXCHANGE_LAST;;1;1;XEUR;11286679;688;
13.12.2024;14:25:50.260;FGBL SI 20250306 PS;SIMPLE_INSTRUMENT;EFS;EUR;107;134.82000000;404;EXCHANGE_LAST;;1;1;XEUR;11286679;688;
13.12.2024;14:26:52.887;FGBL SI 20250306 PS;SIMPLE_INSTRUMENT;EFS;EUR;108;134.81000000;115;EXCHANGE_LAST;;1;1;XEUR;11286679;688;
13.12.2024;14:28:41.246;FGBL SI 20250306 PS;SIMPLE_INSTRUMENT;EFS;EUR;109;134.82000000;404;EXCHANGE_LAST;;1;1;XEUR;11286679;688;
13.12.2024;14:31:32.838;FGBL SI 20250306 PS;SIMPLE_INSTRUMENT;EFS;EUR;110;134.82000000;404;EXCHANGE_LAST;;1;1;XEUR;11286679;688;
