#Date;TrdTime;Contract;ContractType;TrdTyp;Currency;TesId;Prc;Qty;TrdInd;Aggressor;Buy;Sell;Exch;InstrumentId;RelatedProdId;PrcDecomp
18.02.2025;15:31:08.221;2FE SI 20251218 PS AM C 540.00 0;SIMPLE_INSTRUMENT;BLOCK;EUR;17;26.30000000;300;EXCHANGE_LAST;;1;1;XEUR;12751345;57129;
18.02.2025;12:15:54.450;A2SG SI 20251219 CS;SIMPLE_INSTRUMENT;BLOCK;EUR;64;1.44000000;700;EXCHANGE_LAST;;1;1;XEUR;5914262;14;
18.02.2025;10:11:43.544;A2XA SI 20251219 CS;SIMPLE_INSTRUMENT;BLOCK;EUR;12;2.39500000;1130;EXCHANGE_LAST;;2;4;XEUR;3681055;17;
18.02.2025;11:02:15.525;A2XA SI 20250620 CS;SIMPLE_INSTRUMENT;BLOCK;EUR;28;2.13500000;700;EXCHANGE_LAST;;1;2;XEUR;10827630;17;
18.02.2025;11:59:57.206;A2XA SI 20251219 CS;SIMPLE_INSTRUMENT;BLOCK;EUR;59;2.39500000;150;EXCHANGE_LAST;;1;1;XEUR;3681055;17;
18.02.2025;14:58:10.409;A3BB SI 20250620 CS;SIMPLE_INSTRUMENT;BLOCK;CHF;100;0.90000000;469;EXCHANGE_LAST;;1;2;XEUR;10886738;574519;
18.02.2025;12:48:51.414;ABBE SI 20250620 PS EU C 52.00 0;SIMPLE_INSTRUMENT;BLOCK;CHF;33;2.27000000;7000;EXCHANGE_LAST;;2;1;XEUR;9515987;574516;
18.02.2025;15:01:33.136;ABBG SI 20250620 CS;SIMPLE_INSTRUMENT;BLOCK;CHF;99;52.00000000;10000;EXCHANGE_LAST;;2;3;XEUR;11209548;574520;
18.02.2025;14:29:14.958;ACC SI 20251219 PS AM P 36.00 0;SIMPLE_INSTRUMENT;BLOCK;CHF;55;1.60000000;1000;EXCHANGE_LAST;;1;1;XEUR;10459257;626616;
18.02.2025;10:40:57.555;ADEN SI 20251219 PS AM P 20.00 0;SIMPLE_INSTRUMENT;BLOCK;CHF;17;1.93000000;1500;EXCHANGE_LAST;;1;1;XEUR;7753932;44;
18.02.2025;09:12:58.263;ADS SI 20251219 PS AM P 260.00 0;SIMPLE_INSTRUMENT;BLOCK;EUR;1;27.95000000;400;EXCHANGE_LAST;;1;1;XEUR;12430783;50;
18.02.2025;11:37:43.417;ADS SI 20250321 PS AM P 255.00 0;SIMPLE_INSTRUMENT;BLOCK;EUR;3;8.35000000;250;EXCHANGE_LAST;;1;1;XEUR;12430899;50;
18.02.2025;11:38:10.894;ADS SI 20250321 PS AM C 260.00 0;SIMPLE_INSTRUMENT;BLOCK;EUR;4;7.50000000;313;EXCHANGE_LAST;;1;1;XEUR;10828533;50;
18.02.2025;10:23:54.318;ADY.O.250218.STG.000002;STANDARD_OPTION_STRATEGY;BLOCK;EUR;7;173.00000000;350;EXCHANGE_LAST;;1;1;XEUR;72385364467126425;76315;
18.02.2025;10:23:54.318;ADY SI 20250620 PS AM C 2000.00 0;SIMPLE_INSTRUMENT;BLOCK;EUR;7;78.13000000;350;PRC_DECOMP_EXCHANGE;;;;XEUR;9748534;76315;EXCHANGE
18.02.2025;10:23:54.318;ADY SI 20250620 PS AM P 1760.00 0;SIMPLE_INSTRUMENT;BLOCK;EUR;7;94.87000000;350;PRC_DECOMP_EXCHANGE;;;;XEUR;9582603;76315;EXCHANGE
18.02.2025;10:37:29.613;AFXF SI 20250221 CS;SIMPLE_INSTRUMENT;BLOCK;EUR;21;54.75000000;139;EXCHANGE_LAST;;1;1;XEUR;10586480;31625;
18.02.2025;10:37:54.739;AFXF SI 20251121 CS;SIMPLE_INSTRUMENT;BLOCK;EUR;22;54.93380000;139;EXCHANGE_LAST;;1;1;XEUR;12092834;31625;
18.02.2025;09:16:26.213;ALC SI 20250620 PS AM P 76.00 0;SIMPLE_INSTRUMENT;BLOCK;CHF;6;2.33000000;320;EXCHANGE_LAST;;1;1;XEUR;7926497;130134;
18.02.2025;10:10:02.184;ALV SI 20261218 PS AM P 280.00 0;SIMPLE_INSTRUMENT;BLOCK;EUR;3;16.41000000;300;EXCHANGE_LAST;;1;1;XEUR;7152583;74;
18.02.2025;11:42:12.853;ANN SI 20271217 PS AM P 24.00 0;SIMPLE_INSTRUMENT;BLOCK;EUR;13;3.31000000;1500;EXCHANGE_LAST;;1;1;XEUR;8810830;45202;
18.02.2025;16:26:27.320;ANN SI 20291221 PS AM P 28.00 0;SIMPLE_INSTRUMENT;BLOCK;EUR;37;6.65000000;3000;EXCHANGE_LAST;;1;1;XEUR;12469700;45202;
18.02.2025;15:28:36.563;ASG5 SI 20260618 PS AM P 30.00 0;SIMPLE_INSTRUMENT;BLOCK;EUR;16;2.62000000;6000;EXCHANGE_LAST;;1;1;XEUR;12748919;109;
18.02.2025;11:14:08.690;ASGG SI 20250220 CS;SIMPLE_INSTRUMENT;BLOCK;EUR;31;32.45000000;5000;EXCHANGE_LAST;;1;1;XEUR;10555603;106;
18.02.2025;11:14:09.981;ASGP SI 20250220 PS;SIMPLE_INSTRUMENT;BLOCK;EUR;32;32.45000000;50000;EXCHANGE_LAST;;1;1;XEUR;10558338;243405;
18.02.2025;16:04:23.751;ASM SI 20250919 PS AM C 800.00 0;SIMPLE_INSTRUMENT;BLOCK;EUR;18;48.80000000;150;EXCHANGE_LAST;;1;1;XEUR;11872114;107;
18.02.2025;16:17:07.025;ASM SI 20250321 PS AM C 800.00 0;SIMPLE_INSTRUMENT;BLOCK;EUR;20;5.35000000;150;EXCHANGE_LAST;;1;1;XEUR;10830167;107;
18.02.2025;11:24:47.625;ASMH SI 20250221 CS;SIMPLE_INSTRUMENT;BLOCK;EUR;40;723.20000000;5000;EXCHANGE_LAST;;1;1;XEUR;10584851;3979;
18.02.2025;11:27:00.730;ASMH SI 20250321 CS;SIMPLE_INSTRUMENT;BLOCK;EUR;47;723.33500000;5000;EXCHANGE_LAST;;1;1;XEUR;10717245;3979;
18.02.2025;11:24:48.873;ASMP SI 20250221 PS;SIMPLE_INSTRUMENT;BLOCK;EUR;42;723.20000000;5000;EXCHANGE_LAST;;1;1;XEUR;10592453;124298;
18.02.2025;11:27:28.051;ASMP SI 20250321 PS;SIMPLE_INSTRUMENT;BLOCK;EUR;48;723.30000000;5000;EXCHANGE_LAST;;1;1;XEUR;10725387;124298;
18.02.2025;10:24:07.611;AXA SI 20250321 PS AM P 34.00 0;SIMPLE_INSTRUMENT;BLOCK;EUR;12;0.20000000;8000;EXCHANGE_LAST;;1;1;XEUR;10830420;127;
18.02.2025;10:24:09.700;AXA SI 20250321 PS AM C 34.00 0;SIMPLE_INSTRUMENT;BLOCK;EUR;13;3.74000000;8000;EXCHANGE_LAST;;1;1;XEUR;10830419;127;
18.02.2025;14:40:37.204;AXA SI 20260619 PS AM P 34.00 0;SIMPLE_INSTRUMENT;BLOCK;EUR;45;2.82000000;1500;EXCHANGE_LAST;;1;1;XEUR;12748950;127;
18.02.2025;16:03:51.874;B2AS SI 20261218 CS;SIMPLE_INSTRUMENT;BLOCK;EUR;118;2.25000000;100;EXCHANGE_LAST;;1;1;XEUR;4632165;140;
18.02.2025;16:38:06.729;B2AS SI 20261218 CS;SIMPLE_INSTRUMENT;BLOCK;EUR;126;2.25000000;50;EXCHANGE_LAST;;1;1;XEUR;4632165;140;
18.02.2025;16:38:10.118;B2AS SI 20251219 CS;SIMPLE_INSTRUMENT;BLOCK;EUR;127;2.25000000;50;EXCHANGE_LAST;;1;1;XEUR;3681119;140;
18.02.2025;13:44:47.624;B2MW SI 20250620 CS;SIMPLE_INSTRUMENT;BLOCK;EUR;83;4.50000000;168;EXCHANGE_LAST;;1;1;XEUR;10830088;128;
18.02.2025;11:12:46.227;BAEN SI 20261218 PS AM P 44.00 0;SIMPLE_INSTRUMENT;BLOCK;CHF;25;3.31000000;600;EXCHANGE_LAST;;1;1;XEUR;7153555;159;
18.02.2025;08:59:50.043;BAS SI 20250417 PS AM P 43.00 0;SIMPLE_INSTRUMENT;BLOCK;EUR;1;0.33000000;3500;EXCHANGE_LAST;;1;1;XEUR;12615368;150;
18.02.2025;10:14:48.513;BAS SI 20250919 PS AM P 42.00 0;SIMPLE_INSTRUMENT;BLOCK;EUR;4;1.48000000;850;EXCHANGE_LAST;;1;1;XEUR;11872869;150;
18.02.2025;11:10:03.955;BAS SI 20250417 PS AM P 43.00 0;SIMPLE_INSTRUMENT;BLOCK;EUR;6;0.29000000;2560;EXCHANGE_LAST;;1;1;XEUR;12615368;150;
18.02.2025;12:31:19.896;BAS.O.250218.BUL.000020;STANDARD_OPTION_STRATEGY;BLOCK;EUR;12;2.01000000;8500;EXCHANGE_LAST;;4;2;XEUR;72058238283091947;150;
18.02.2025;12:31:19.896;BAS SI 20250417 PS AM C 52.00 0;SIMPLE_INSTRUMENT;BLOCK;EUR;12;1.73000000;8500;PRC_DECOMP_EXCHANGE;;;;XEUR;12693218;150;EXCHANGE
18.02.2025;12:31:19.896;BAS SI 20250417 PS AM C 48.00 0;SIMPLE_INSTRUMENT;BLOCK;EUR;12;3.74000000;8500;PRC_DECOMP_EXCHANGE;;;;XEUR;12615342;150;EXCHANGE
18.02.2025;12:43:55.770;BAS.O.250218.BUL.000020;STANDARD_OPTION_STRATEGY;BLOCK;EUR;13;2.01000000;1000;EXCHANGE_LAST;;1;1;XEUR;72058238283091947;150;
18.02.2025;12:43:55.770;BAS SI 20250417 PS AM C 52.00 0;SIMPLE_INSTRUMENT;BLOCK;EUR;13;1.73000000;1000;PRC_DECOMP_MEMBER;;;;XEUR;12693218;150;MEMBER
18.02.2025;12:43:55.770;BAS SI 20250417 PS AM C 48.00 0;SIMPLE_INSTRUMENT;BLOCK;EUR;13;3.74000000;1000;PRC_DECOMP_MEMBER;;;;XEUR;12615342;150;MEMBER
18.02.2025;13:23:42.258;BAS SI 20251219 PS AM P 48.00 0;SIMPLE_INSTRUMENT;BLOCK;EUR;14;3.98000000;3000;EXCHANGE_LAST;;1;1;XEUR;5922204;150;
18.02.2025;13:23:19.544;BAS SI 20261218 PS AM P 48.00 0;SIMPLE_INSTRUMENT;BLOCK;EUR;15;6.20000000;2000;EXCHANGE_LAST;;1;1;XEUR;7153480;150;
18.02.2025;13:22:49.361;BAS SI 20261218 PS AM P 48.00 0;SIMPLE_INSTRUMENT;BLOCK;EUR;16;6.25000000;2000;EXCHANGE_LAST;;1;1;XEUR;7153480;150;
18.02.2025;13:41:30.418;BAS SI 20260619 PS AM P 44.00 0;SIMPLE_INSTRUMENT;BLOCK;EUR;18;3.68000000;500;EXCHANGE_LAST;;1;1;XEUR;9539350;150;
18.02.2025;13:34:49.039;BAS.O.250218.CDIA.000027;STANDARD_OPTION_STRATEGY;BLOCK;EUR;20;-0.55000000;2000;EXCHANGE_LAST;;1;1;XEUR;72058238283091954;150;
18.02.2025;13:34:49.039;BAS SI 20250221 PS AM C 46.00 0;SIMPLE_INSTRUMENT;BLOCK;EUR;20;4.28000000;2000;PRC_DECOMP_EXCHANGE;;;;XEUR;12238977;150;EXCHANGE
18.02.2025;13:34:49.039;BAS SI 20250417 PS AM C 48.00 0;SIMPLE_INSTRUMENT;BLOCK;EUR;20;3.73000000;2000;PRC_DECOMP_EXCHANGE;;;;XEUR;12615342;150;EXCHANGE
18.02.2025;13:46:24.835;BAS.O.250218.CDIA.000028;STANDARD_OPTION_STRATEGY;BLOCK;EUR;21;0.22000000;1000;EXCHANGE_LAST;;1;1;XEUR;72058238283091955;150;
18.02.2025;13:46:24.835;BAS SI 20250221 PS AM C 48.00 0;SIMPLE_INSTRUMENT;BLOCK;EUR;21;2.35000000;1000;PRC_DECOMP_EXCHANGE;;;;XEUR;12238967;150;EXCHANGE
18.02.2025;13:46:24.835;BAS SI 20250417 PS AM C 50.00 0;SIMPLE_INSTRUMENT;BLOCK;EUR;21;2.57000000;1000;PRC_DECOMP_EXCHANGE;;;;XEUR;12673179;150;EXCHANGE
18.02.2025;16:46:27.799;BAS SI 20261218 PS AM P 50.00 0;SIMPLE_INSTRUMENT;BLOCK;EUR;22;7.34000000;500;EXCHANGE_LAST;;1;1;XEUR;7509889;150;
18.02.2025;16:43:01.151;BAS SI 20251219 PS AM P 48.00 0;SIMPLE_INSTRUMENT;BLOCK;EUR;23;3.94000000;500;EXCHANGE_LAST;;1;1;XEUR;5922204;150;
18.02.2025;09:29:30.123;BAY SI 20260619 PS AM C 22.00 0;SIMPLE_INSTRUMENT;BLOCK;EUR;2;3.47000000;1000;EXCHANGE_LAST;;1;1;XEUR;12334045;168;
18.02.2025;11:06:59.058;BAY.O.250218.CDIA.000029;STANDARD_OPTION_STRATEGY;BLOCK;EUR;5;0.12000000;29670;EXCHANGE_LAST;;1;1;XEUR;72058315592508659;168;
18.02.2025;11:06:59.058;BAY SI 20250221 PS AM C 21.00 0;SIMPLE_INSTRUMENT;BLOCK;EUR;5;0.43000000;29670;PRC_DECOMP_EXCHANGE;;;;XEUR;12239326;168;EXCHANGE
18.02.2025;11:06:59.058;BAY SI 20250321 PS AM C 23.00 0;SIMPLE_INSTRUMENT;BLOCK;EUR;5;0.55000000;29670;PRC_DECOMP_EXCHANGE;;;;XEUR;11234147;168;EXCHANGE
18.02.2025;11:29:33.849;BAY SI 20251219 PS AM C 40.00 0;SIMPLE_INSTRUMENT;BLOCK;EUR;7;0.33000000;1000;EXCHANGE_LAST;;1;1;XEUR;5922331;168;
18.02.2025;12:22:02.613;BAY.O.250218.BER.000034;STANDARD_OPTION_STRATEGY;BLOCK;EUR;11;6.64000000;2000;EXCHANGE_LAST;;1;1;XEUR;72058315592508664;168;
18.02.2025;12:22:02.613;BAY SI 20260619 PS AM P 16.00 0;SIMPLE_INSTRUMENT;BLOCK;EUR;11;1.28000000;2000;PRC_DECOMP_EXCHANGE;;;;XEUR;9539694;168;EXCHANGE
18.02.2025;12:22:02.613;BAY SI 20260619 PS AM P 28.00 0;SIMPLE_INSTRUMENT;BLOCK;EUR;11;7.92000000;2000;PRC_DECOMP_EXCHANGE;;;;XEUR;9539720;168;EXCHANGE
18.02.2025;13:20:05.365;BAY SI 20250321 PS AM P 20.00 0;SIMPLE_INSTRUMENT;BLOCK;EUR;17;0.58000000;4000;EXCHANGE_LAST;;2;1;XEUR;10831440;168;
18.02.2025;13:36:41.526;BBVD SI 20261218 PS AM P 12.00 0;SIMPLE_INSTRUMENT;BLOCK;EUR;11;1.90000000;1250;EXCHANGE_LAST;;1;1;XEUR;9006307;172;
18.02.2025;13:36:53.794;BBVD SI 20261218 PS AM C 13.00 0;SIMPLE_INSTRUMENT;BLOCK;EUR;12;1.26000000;1250;EXCHANGE_LAST;;1;1;XEUR;12602320;172;
18.02.2025;13:50:50.097;BEI SI 20250321 PS AM C 130.00 0;SIMPLE_INSTRUMENT;BLOCK;EUR;12;2.43000000;1000;EXCHANGE_LAST;;1;1;XEUR;10831373;176;
18.02.2025;12:05:14.402;BGNF SI 20250320 CS;SIMPLE_INSTRUMENT;BLOCK;EUR;63;51.68550000;3500;EXCHANGE_LAST;;1;1;XEUR;10690905;626574;
18.02.2025;08:38:10.688;BMW.O.250218.CDIA.000005;STANDARD_OPTION_STRATEGY;BLOCK;EUR;1;0.02000000;1000;EXCHANGE_LAST;;1;1;XEUR;72058495981109371;210;
18.02.2025;08:38:10.688;BMW SI 20250221 PS AM C 83.00 0;SIMPLE_INSTRUMENT;BLOCK;EUR;1;1.75000000;1000;PRC_DECOMP_EXCHANGE;;;;XEUR;12339267;210;EXCHANGE
18.02.2025;08:38:10.688;BMW SI 20250321 PS AM C 89.00 0;SIMPLE_INSTRUMENT;BLOCK;EUR;1;1.77000000;1000;PRC_DECOMP_EXCHANGE;;;;XEUR;12546256;210;EXCHANGE
18.02.2025;13:44:33.365;BMWF.S.MAR25.JUN25.SPD;FUTURES_SPREAD;BLOCK;EUR;82;3.25000000;2000;EXCHANGE_LAST;;1;1;XEUR;72058620535111971;239;
18.02.2025;13:44:33.365;BMWF SI 20250620 CS;SIMPLE_INSTRUMENT;BLOCK;EUR;82;80.20000000;2000;PRC_DECOMP_MEMBER;;;;XEUR;11170639;239;MEMBER
18.02.2025;13:44:33.365;BMWF SI 20250321 CS;SIMPLE_INSTRUMENT;BLOCK;EUR;82;83.45000000;2000;PRC_DECOMP_MEMBER;;;;XEUR;10695616;239;MEMBER
18.02.2025;15:51:08.732;BMWF SI 20250321 CS;SIMPLE_INSTRUMENT;BLOCK;EUR;111;84.12000000;5000;EXCHANGE_LAST;;1;1;XEUR;10695616;239;
18.02.2025;10:03:31.529;BNP SI 20251219 PS AM C 72.00 0;SIMPLE_INSTRUMENT;BLOCK;EUR;10;3.47000000;1000;EXCHANGE_LAST;;1;1;XEUR;6371615;237;
18.02.2025;10:29:17.301;BNP.O.250218.BR23.000005;STANDARD_OPTION_STRATEGY;BLOCK;EUR;11;0.50000000;1000;EXCHANGE_LAST;;1;1;XEUR;72058611945199958;237;
18.02.2025;10:29:17.301;BNP SI 20250321 PS AM P 69.00 0;SIMPLE_INSTRUMENT;BLOCK;EUR;11;1.28000000;3000;PRC_DECOMP_EXCHANGE;;;;XEUR;12536824;237;EXCHANGE
18.02.2025;10:29:17.301;BNP SI 20250321 PS AM P 70.00 0;SIMPLE_INSTRUMENT;BLOCK;EUR;11;1.67000000;2000;PRC_DECOMP_EXCHANGE;;;;XEUR;12372392;237;EXCHANGE
18.02.2025;10:24:41.791;BNP SI 20250321 PS AM P 60.00 0;SIMPLE_INSTRUMENT;BLOCK;EUR;14;0.15000000;4000;EXCHANGE_LAST;;1;1;XEUR;10832956;237;
18.02.2025;10:24:42.392;BNP SI 20250321 PS AM C 60.00 0;SIMPLE_INSTRUMENT;BLOCK;EUR;15;10.50000000;4000;EXCHANGE_LAST;;1;1;XEUR;10832953;237;
18.02.2025;11:33:19.770;BNP SI 20260619 PS AM C 68.00 0;SIMPLE_INSTRUMENT;BLOCK;EUR;26;6.23000000;875;EXCHANGE_LAST;;1;1;XEUR;11479994;237;
18.02.2025;14:43:46.377;BNP SI 20250620 PS AM P 56.00 0;SIMPLE_INSTRUMENT;BLOCK;EUR;47;0.72000000;1500;EXCHANGE_LAST;;1;1;XEUR;7900157;237;
18.02.2025;16:39:31.477;BRBF SI 20251219 CS;SIMPLE_INSTRUMENT;BLOCK;GBX;128;1171.79570000;55;EXCHANGE_LAST;;1;1;XEUR;8674444;249;
18.02.2025;13:59:44.089;BSD2.O.250218.STD.000001;STANDARD_OPTION_STRATEGY;BLOCK;EUR;15;1.69000000;3200;EXCHANGE_LAST;;1;1;XEUR;72058646304923200;245;
18.02.2025;13:59:44.089;BSD2 SI 20261218 PS AM P 6.00 0;SIMPLE_INSTRUMENT;BLOCK;EUR;15;0.97000000;3200;PRC_DECOMP_EXCHANGE;;;;XEUR;9104348;245;EXCHANGE
18.02.2025;13:59:44.089;BSD2 SI 20261218 PS AM C 6.00 0;SIMPLE_INSTRUMENT;BLOCK;EUR;15;0.72000000;3200;PRC_DECOMP_EXCHANGE;;;;XEUR;9104347;245;EXCHANGE
18.02.2025;13:46:55.395;BSI SI 20260619 PS AM C 120.00 0;SIMPLE_INSTRUMENT;BLOCK;EUR;13;23.60000000;250;EXCHANGE_LAST;;1;1;XEUR;11392946;76317;
18.02.2025;13:41:36.116;BYG.O.250218.STG.000001;STANDARD_OPTION_STRATEGY;BLOCK;EUR;37;3.08000000;500;EXCHANGE_LAST;;1;1;XEUR;72058796628777097;280;
18.02.2025;13:41:36.116;BYG SI 20251219 PS AM C 34.00 0;SIMPLE_INSTRUMENT;BLOCK;EUR;37;1.26000000;500;PRC_DECOMP_EXCHANGE;;;;XEUR;11675713;280;EXCHANGE
18.02.2025;13:41:36.116;BYG SI 20251219 PS AM P 30.00 0;SIMPLE_INSTRUMENT;BLOCK;EUR;37;1.82000000;500;PRC_DECOMP_EXCHANGE;;;;XEUR;11675708;280;EXCHANGE
18.02.2025;16:55:32.566;BYG SI 20260619 PS AM P 28.00 0;SIMPLE_INSTRUMENT;BLOCK;EUR;51;2.06000000;750;EXCHANGE_LAST;;1;1;XEUR;9542671;280;
18.02.2025;09:03:30.013;C4RI SI 20271217 CS;SIMPLE_INSTRUMENT;BLOCK;EUR;1;2.68000000;150;EXCHANGE_LAST;;1;1;XEUR;8408414;50862;
18.02.2025;09:23:37.848;C4RI SI 20271217 CS;SIMPLE_INSTRUMENT;BLOCK;EUR;2;2.68000000;100;EXCHANGE_LAST;;1;1;XEUR;8408414;50862;
18.02.2025;09:25:23.215;C4RI SI 20271217 CS;SIMPLE_INSTRUMENT;BLOCK;EUR;3;2.68000000;100;EXCHANGE_LAST;;1;1;XEUR;8408414;50862;
18.02.2025;12:40:11.128;C4RI SI 20251219 CS;SIMPLE_INSTRUMENT;BLOCK;EUR;67;2.80000000;200;EXCHANGE_LAST;;1;1;XEUR;5914459;50862;
18.02.2025;13:13:53.173;C4RI SI 20271217 CS;SIMPLE_INSTRUMENT;BLOCK;EUR;69;2.68000000;200;EXCHANGE_LAST;;1;1;XEUR;8408414;50862;
18.02.2025;13:23:17.781;C4RI SI 20271217 CS;SIMPLE_INSTRUMENT;BLOCK;EUR;72;2.68000000;100;EXCHANGE_LAST;;1;1;XEUR;8408414;50862;
18.02.2025;13:21:16.654;C4RI SI 20251219 CS;SIMPLE_INSTRUMENT;BLOCK;EUR;73;2.80000000;100;EXCHANGE_LAST;;1;1;XEUR;5914459;50862;
18.02.2025;13:28:29.276;C4RI SI 20251219 CS;SIMPLE_INSTRUMENT;BLOCK;EUR;74;2.80000000;100;EXCHANGE_LAST;;1;1;XEUR;5914459;50862;
18.02.2025;13:28:56.244;C4RI SI 20271217 CS;SIMPLE_INSTRUMENT;BLOCK;EUR;76;2.68000000;100;EXCHANGE_LAST;;1;1;XEUR;8408414;50862;
18.02.2025;14:21:38.732;C4RI SI 20251219 CS;SIMPLE_INSTRUMENT;BLOCK;EUR;87;2.80000000;100;EXCHANGE_LAST;;1;1;XEUR;5914459;50862;
18.02.2025;16:32:53.162;C4RI SI 20251219 CS;SIMPLE_INSTRUMENT;BLOCK;EUR;125;2.80000000;100;EXCHANGE_LAST;;1;1;XEUR;5914459;50862;
18.02.2025;09:14:16.341;CAR.O.250218.BER.000001;STANDARD_OPTION_STRATEGY;BLOCK;EUR;1;0.94000000;1250;EXCHANGE_LAST;;1;1;XEUR;72058732204276610;265;
18.02.2025;09:14:16.341;CAR SI 20251219 PS AM P 14.00 0;SIMPLE_INSTRUMENT;BLOCK;EUR;1;1.52000000;1250;PRC_DECOMP_EXCHANGE;;;;XEUR;5924414;265;EXCHANGE
18.02.2025;09:14:16.341;CAR SI 20251219 PS AM P 12.00 0;SIMPLE_INSTRUMENT;BLOCK;EUR;1;0.58000000;1250;PRC_DECOMP_EXCHANGE;;;;XEUR;5924412;265;EXCHANGE
18.02.2025;11:25:50.072;CBK SI 20251219 PS AM P 16.00 0;SIMPLE_INSTRUMENT;BLOCK;EUR;2;0.87000000;3000;EXCHANGE_LAST;;1;1;XEUR;7372797;268;
18.02.2025;12:04:00.644;CBK.O.250218.STD.000012;STANDARD_OPTION_STRATEGY;BLOCK;EUR;7;5.49000000;10000;EXCHANGE_LAST;;2;1;XEUR;72058745089203664;268;
18.02.2025;12:04:00.644;CBK SI 20260619 PS AM C 20.00 0;SIMPLE_INSTRUMENT;BLOCK;EUR;7;2.40000000;10000;PRC_DECOMP_EXCHANGE;;;;XEUR;9666939;268;EXCHANGE
18.02.2025;12:04:00.644;CBK SI 20260619 PS AM P 20.00 0;SIMPLE_INSTRUMENT;BLOCK;EUR;7;3.09000000;10000;PRC_DECOMP_EXCHANGE;;;;XEUR;9666940;268;EXCHANGE
18.02.2025;14:59:38.321;CBK SI 20251219 PS AM P 18.00 0;SIMPLE_INSTRUMENT;BLOCK;EUR;16;1.46000000;1500;EXCHANGE_LAST;;1;1;XEUR;8883149;268;
18.02.2025;08:57:59.581;CFR SI 20250221 PS AM C 186.00 0;SIMPLE_INSTRUMENT;BLOCK;CHF;2;0.63000000;1000;EXCHANGE_LAST;;1;1;XEUR;12680533;313;
18.02.2025;10:50:23.133;CFR SI 20261218 PS AM P 140.00 0;SIMPLE_INSTRUMENT;BLOCK;CHF;22;11.70000000;300;EXCHANGE_LAST;;1;1;XEUR;9996393;313;
18.02.2025;13:30:00.553;CFR SI 20250417 PS AM P 174.00 0;SIMPLE_INSTRUMENT;BLOCK;CHF;41;4.40000000;1000;EXCHANGE_LAST;;1;2;XEUR;12617995;313;
18.02.2025;13:58:53.287;CFRE SI 20251219 PS EU C 160.00 0;SIMPLE_INSTRUMENT;BLOCK;CHF;44;30.40000000;500;EXCHANGE_LAST;;1;1;XEUR;9998122;156129;
18.02.2025;14:16:47.412;CFRE SI 20251219 PS EU C 160.00 0;SIMPLE_INSTRUMENT;BLOCK;CHF;47;30.40000000;500;EXCHANGE_LAST;;1;1;XEUR;9998122;156129;
18.02.2025;11:37:58.722;CFRL SI 20250620 CS;SIMPLE_INSTRUMENT;BLOCK;CHF;55;181.50000000;1250;EXCHANGE_LAST;;1;1;XEUR;11215225;729453;
18.02.2025;16:24:56.483;CSF SI 20251219 PS AM P 150.00 0;SIMPLE_INSTRUMENT;BLOCK;EUR;50;5.15000000;250;EXCHANGE_LAST;;1;1;XEUR;12437549;333;
18.02.2025;15:13:00.891;D2PW SI 20250321 CS;SIMPLE_INSTRUMENT;BLOCK;EUR;105;0.00100000;537;EXCHANGE_LAST;;1;1;XEUR;10430649;9702;
18.02.2025;10:52:45.298;D3AI SI 20251219 CS;SIMPLE_INSTRUMENT;BLOCK;EUR;23;4.33000000;50;EXCHANGE_LAST;;1;1;XEUR;7144062;443197;
18.02.2025;11:01:24.073;D3AI SI 20251219 CS;SIMPLE_INSTRUMENT;BLOCK;EUR;27;4.33000000;415;EXCHANGE_LAST;;2;1;XEUR;7144062;443197;
18.02.2025;11:19:13.000;D3AI SI 20271217 CS;SIMPLE_INSTRUMENT;BLOCK;EUR;37;3.33000000;200;EXCHANGE_LAST;;1;1;XEUR;7144067;443197;
18.02.2025;13:28:44.800;D3AI SI 20261218 CS;SIMPLE_INSTRUMENT;BLOCK;EUR;77;3.70000000;300;EXCHANGE_LAST;;1;1;XEUR;7144051;443197;
18.02.2025;14:07:30.550;D3AI SI 20261218 CS;SIMPLE_INSTRUMENT;BLOCK;EUR;85;3.70000000;150;EXCHANGE_LAST;;2;1;XEUR;7144051;443197;
18.02.2025;14:13:01.254;D3AI SI 20261218 CS;SIMPLE_INSTRUMENT;BLOCK;EUR;86;3.70000000;300;EXCHANGE_LAST;;2;1;XEUR;7144051;443197;
18.02.2025;14:36:40.077;D3AI SI 20251219 CS;SIMPLE_INSTRUMENT;BLOCK;EUR;92;4.35000000;150;EXCHANGE_LAST;;2;1;XEUR;7144062;443197;
18.02.2025;15:04:41.248;D3AI SI 20261218 CS;SIMPLE_INSTRUMENT;BLOCK;EUR;101;3.70000000;350;EXCHANGE_LAST;;1;1;XEUR;7144051;443197;
18.02.2025;10:12:53.300;DAI.O.250218.STD.000017;STANDARD_OPTION_STRATEGY;BLOCK;EUR;8;12.10000000;2000;EXCHANGE_LAST;;1;1;XEUR;73961106363664086;443196;
18.02.2025;10:12:53.300;DAI SI 20251219 PS AM C 60.00 0;SIMPLE_INSTRUMENT;BLOCK;EUR;8;5.73000000;2000;PRC_DECOMP_EXCHANGE;;;;XEUR;7144524;443196;EXCHANGE
18.02.2025;10:12:53.300;DAI SI 20251219 PS AM P 60.00 0;SIMPLE_INSTRUMENT;BLOCK;EUR;8;6.37000000;2000;PRC_DECOMP_EXCHANGE;;;;XEUR;7144540;443196;EXCHANGE
18.02.2025;10:06:23.115;DAI SI 20250417 PS AM C 63.00 0;SIMPLE_INSTRUMENT;BLOCK;EUR;9;2.45000000;1500;EXCHANGE_LAST;;1;1;XEUR;12655121;443196;
18.02.2025;10:07:03.924;DAI SI 20251219 PS AM P 60.00 0;SIMPLE_INSTRUMENT;BLOCK;EUR;10;6.50000000;2500;EXCHANGE_LAST;;2;1;XEUR;7144540;443196;
18.02.2025;10:08:57.321;DAI SI 20250919 PS AM P 52.00 0;SIMPLE_INSTRUMENT;BLOCK;EUR;11;2.43000000;1800;EXCHANGE_LAST;;1;1;XEUR;11925612;443196;
18.02.2025;10:33:29.348;DAI.O.250218.PDIA.000021;STANDARD_OPTION_STRATEGY;BLOCK;EUR;12;3.77000000;750;EXCHANGE_LAST;;1;1;XEUR;73961106363664090;443196;
18.02.2025;10:33:29.348;DAI SI 20250321 PS AM P 60.00 0;SIMPLE_INSTRUMENT;BLOCK;EUR;12;2.02000000;750;PRC_DECOMP_EXCHANGE;;;;XEUR;10884522;443196;EXCHANGE
18.02.2025;10:33:29.348;DAI SI 20260619 PS AM P 54.00 0;SIMPLE_INSTRUMENT;BLOCK;EUR;12;5.79000000;750;PRC_DECOMP_EXCHANGE;;;;XEUR;10193327;443196;EXCHANGE
18.02.2025;10:56:36.125;DAI SI 20250321 PS AM P 64.00 0;SIMPLE_INSTRUMENT;BLOCK;EUR;14;4.00000000;750;EXCHANGE_LAST;;1;1;XEUR;10884487;443196;
18.02.2025;12:26:44.119;DAI.O.250218.COMBO.000025;STANDARD_OPTION_STRATEGY;BLOCK;EUR;24;1.30000000;750;EXCHANGE_LAST;;1;1;XEUR;73961106363664094;443196;
18.02.2025;12:26:44.119;DAI SI 20250321 PS AM C 68.00 0;SIMPLE_INSTRUMENT;BLOCK;EUR;24;0.70000000;750;PRC_DECOMP_EXCHANGE;;;;XEUR;10884488;443196;EXCHANGE
18.02.2025;12:26:44.119;DAI SI 20250321 PS AM P 60.00 0;SIMPLE_INSTRUMENT;BLOCK;EUR;24;2.00000000;750;PRC_DECOMP_EXCHANGE;;;;XEUR;10884522;443196;EXCHANGE
18.02.2025;13:20:03.760;DAI SI 20250321 PS AM P 64.00 0;SIMPLE_INSTRUMENT;BLOCK;EUR;29;4.00000000;750;EXCHANGE_LAST;;1;1;XEUR;10884487;443196;
18.02.2025;14:13:31.174;DAI.O.250218.RBUL.000028;STANDARD_OPTION_STRATEGY;BLOCK;EUR;32;0.80000000;2000;EXCHANGE_LAST;;2;1;XEUR;73961106363664097;443196;
18.02.2025;14:13:31.174;DAI SI 20261218 PS AM C 68.00 0;SIMPLE_INSTRUMENT;BLOCK;EUR;32;5.00000000;2000;PRC_DECOMP_EXCHANGE;;;;XEUR;7190185;443196;EXCHANGE
18.02.2025;14:13:31.174;DAI SI 20261218 PS AM C 76.00 0;SIMPLE_INSTRUMENT;BLOCK;EUR;32;2.90000000;4000;PRC_DECOMP_EXCHANGE;;;;XEUR;7190191;443196;EXCHANGE
18.02.2025;14:10:36.631;DAI SI 20250321 PS AM C 68.00 0;SIMPLE_INSTRUMENT;BLOCK;EUR;33;0.80000000;2500;EXCHANGE_LAST;;1;1;XEUR;10884488;443196;
18.02.2025;14:17:00.966;DAI.O.250218.BUL.000031;STANDARD_OPTION_STRATEGY;BLOCK;EUR;34;0.62000000;800;EXCHANGE_LAST;;1;1;XEUR;73961106363664100;443196;
18.02.2025;14:17:00.966;DAI SI 20250221 PS AM C 63.00 0;SIMPLE_INSTRUMENT;BLOCK;EUR;34;1.25000000;800;PRC_DECOMP_EXCHANGE;;;;XEUR;12277874;443196;EXCHANGE
18.02.2025;14:17:00.966;DAI SI 20250221 PS AM C 65.00 0;SIMPLE_INSTRUMENT;BLOCK;EUR;34;0.63000000;800;PRC_DECOMP_EXCHANGE;;;;XEUR;12382565;443196;EXCHANGE
18.02.2025;14:41:04.941;DAI SI 20250321 PS AM P 60.00 0;SIMPLE_INSTRUMENT;BLOCK;EUR;38;1.85000000;3000;EXCHANGE_LAST;;1;1;XEUR;10884522;443196;
18.02.2025;15:45:21.490;DAI.O.250218.RBUL.000034;STANDARD_OPTION_STRATEGY;BLOCK;EUR;40;-0.28000000;750;EXCHANGE_LAST;;1;1;XEUR;73961106363664103;443196;
18.02.2025;15:45:21.490;DAI SI 20250321 PS AM C 66.00 0;SIMPLE_INSTRUMENT;BLOCK;EUR;40;1.34000000;750;PRC_DECOMP_EXCHANGE;;;;XEUR;12603577;443196;EXCHANGE
18.02.2025;15:45:21.490;DAI SI 20250321 PS AM C 70.00 0;SIMPLE_INSTRUMENT;BLOCK;EUR;40;0.53000000;1500;PRC_DECOMP_EXCHANGE;;;;XEUR;12778778;443196;EXCHANGE
18.02.2025;16:37:21.828;DAI.O.250218.STD.000038;STANDARD_OPTION_STRATEGY;BLOCK;EUR;45;17.30000000;750;EXCHANGE_LAST;;1;1;XEUR;73961106363664107;443196;
18.02.2025;16:37:21.828;DAI SI 20261218 PS AM C 60.00 0;SIMPLE_INSTRUMENT;BLOCK;EUR;45;7.93000000;750;PRC_DECOMP_EXCHANGE;;;;XEUR;7190187;443196;EXCHANGE
18.02.2025;16:37:21.828;DAI SI 20261218 PS AM P 60.00 0;SIMPLE_INSTRUMENT;BLOCK;EUR;45;9.37000000;750;PRC_DECOMP_EXCHANGE;;;;XEUR;7190188;443196;EXCHANGE
18.02.2025;16:44:58.208;DAI SI 20250321 PS AM C 64.00 0;SIMPLE_INSTRUMENT;BLOCK;EUR;47;2.04000000;1189;EXCHANGE_LAST;;1;1;XEUR;10884524;443196;
18.02.2025;09:00:40.343;DB1 SI 20251219 PS AM P 220.00 0;SIMPLE_INSTRUMENT;BLOCK;EUR;2;6.70000000;400;EXCHANGE_LAST;;1;1;XEUR;12437945;361;
18.02.2025;11:43:28.094;DBK SI 20250620 PS AM P 19.40 0;SIMPLE_INSTRUMENT;BLOCK;EUR;5;1.34000000;3000;EXCHANGE_LAST;;1;1;XEUR;11094154;362;
18.02.2025;13:12:23.350;DBK SI 20250321 PS AM C 12.00 0;SIMPLE_INSTRUMENT;BLOCK;EUR;10;7.90000000;10000;EXCHANGE_LAST;;1;1;XEUR;10835657;362;
18.02.2025;16:04:31.693;DBK SI 20250321 PS AM C 13.00 0;SIMPLE_INSTRUMENT;BLOCK;EUR;17;6.86000000;10000;EXCHANGE_LAST;;1;1;XEUR;10835684;362;
18.02.2025;13:12:44.348;DBKE SI 20251219 PS EU C 12.00 0;SIMPLE_INSTRUMENT;BLOCK;EUR;8;7.81000000;4000;EXCHANGE_LAST;;1;1;XEUR;5926143;411;
18.02.2025;13:12:36.377;DBKE SI 20251219 PS EU C 12.00 0;SIMPLE_INSTRUMENT;BLOCK;EUR;9;7.80000000;6000;EXCHANGE_LAST;;1;1;XEUR;5926143;411;
18.02.2025;16:04:54.873;DBKE SI 20251219 PS EU C 13.00 0;SIMPLE_INSTRUMENT;BLOCK;EUR;18;6.82000000;6000;EXCHANGE_LAST;;1;1;XEUR;12438529;411;
18.02.2025;16:05:12.195;DBKE SI 20251219 PS EU C 13.00 0;SIMPLE_INSTRUMENT;BLOCK;EUR;19;6.85000000;4000;EXCHANGE_LAST;;1;1;XEUR;12438529;411;
18.02.2025;11:53:15.570;DPW SI 20250620 PS AM P 38.00 0;SIMPLE_INSTRUMENT;BLOCK;EUR;14;3.62000000;1000;EXCHANGE_LAST;;1;1;XEUR;11357247;445;
18.02.2025;15:58:08.004;DPW SI 20261218 PS AM P 32.00 0;SIMPLE_INSTRUMENT;BLOCK;EUR;32;2.76000000;2500;EXCHANGE_LAST;;2;2;XEUR;7428780;445;
18.02.2025;16:00:57.779;DPW SI 20281215 PS AM P 20.00 0;SIMPLE_INSTRUMENT;BLOCK;EUR;33;1.10000000;1000;EXCHANGE_LAST;;1;1;XEUR;10403050;445;
18.02.2025;15:12:46.896;DPWP SI 20250321 PS;SIMPLE_INSTRUMENT;BLOCK;EUR;104;36.86250000;6800;EXCHANGE_LAST;;1;1;XEUR;10725371;124290;
18.02.2025;09:46:05.223;DTE.O.250218.CCOND.000007;STANDARD_OPTION_STRATEGY;BLOCK;EUR;10;0.71000000;2000;EXCHANGE_LAST;;1;1;XEUR;72059415104107709;424;
18.02.2025;09:46:05.223;DTE SI 20250321 PS AM C 35.00 0;SIMPLE_INSTRUMENT;BLOCK;EUR;10;0.63000000;2000;PRC_DECOMP_EXCHANGE;;;;XEUR;12597406;424;EXCHANGE
18.02.2025;09:46:05.223;DTE SI 20250321 PS AM C 35.50 0;SIMPLE_INSTRUMENT;BLOCK;EUR;10;0.48000000;2000;PRC_DECOMP_EXCHANGE;;;;XEUR;12352700;424;EXCHANGE
18.02.2025;09:46:05.223;DTE SI 20250321 PS AM C 38.00 0;SIMPLE_INSTRUMENT;BLOCK;EUR;10;0.13000000;2000;PRC_DECOMP_EXCHANGE;;;;XEUR;12749353;424;EXCHANGE
18.02.2025;09:46:05.223;DTE SI 20250321 PS AM C 33.00 0;SIMPLE_INSTRUMENT;BLOCK;EUR;10;1.69000000;2000;PRC_DECOMP_EXCHANGE;;;;XEUR;12439179;424;EXCHANGE
18.02.2025;15:08:44.078;DTE SI 20251219 PS AM P 30.00 0;SIMPLE_INSTRUMENT;BLOCK;EUR;26;1.09000000;6000;EXCHANGE_LAST;;4;1;XEUR;12052911;424;
18.02.2025;15:16:51.269;E2NT SI 20261218 CS;SIMPLE_INSTRUMENT;BLOCK;EUR;108;1.00500000;500;EXCHANGE_LAST;;1;1;XEUR;4632357;470;
18.02.2025;16:02:15.077;E3OA SI 20281215 CS;SIMPLE_INSTRUMENT;BLOCK;EUR;117;0.53000000;600;EXCHANGE_LAST;;2;1;XEUR;9949821;49063;
18.02.2025;11:40:55.133;EAD SI 20251219 PS AM P 119.26 1;SIMPLE_INSTRUMENT;BLOCK;EUR;29;2.00000000;300;EXCHANGE_LAST;;1;1;XEUR;5927650;465;
18.02.2025;11:15:51.410;ENLH SI 20250220 CS;SIMPLE_INSTRUMENT;BLOCK;EUR;35;6.81000000;70000;EXCHANGE_LAST;;1;1;XEUR;10559024;524976;
18.02.2025;11:15:52.725;ENLQ SI 20250220 PS;SIMPLE_INSTRUMENT;BLOCK;EUR;36;6.81000000;70000;EXCHANGE_LAST;;1;1;XEUR;10559021;524962;
18.02.2025;09:08:58.134;ENR SI 20260619 PS AM P 56.00 0;SIMPLE_INSTRUMENT;BLOCK;EUR;4;9.91000000;400;EXCHANGE_LAST;;1;1;XEUR;12797242;298530;
18.02.2025;09:27:50.223;ENR SI 20250417 PS AM C 70.00 0;SIMPLE_INSTRUMENT;BLOCK;EUR;6;3.40000000;600;EXCHANGE_LAST;;1;1;XEUR;12686220;298530;
18.02.2025;09:27:58.030;ENR SI 20250417 PS AM C 80.00 0;SIMPLE_INSTRUMENT;BLOCK;EUR;7;1.40000000;600;EXCHANGE_LAST;;1;1;XEUR;12797241;298530;
18.02.2025;09:28:04.286;ENR SI 20250221 PS AM C 57.00 0;SIMPLE_INSTRUMENT;BLOCK;EUR;8;6.90000000;600;EXCHANGE_LAST;;1;1;XEUR;12573840;298530;
18.02.2025;09:28:08.839;ENR SI 20250221 PS AM C 63.00 0;SIMPLE_INSTRUMENT;BLOCK;EUR;9;2.04000000;600;EXCHANGE_LAST;;1;1;XEUR;12573852;298530;
18.02.2025;12:18:39.550;ENR.O.250218.STD.000009;STANDARD_OPTION_STRATEGY;BLOCK;EUR;15;29.29000000;400;EXCHANGE_LAST;;1;1;XEUR;73339770624818009;298530;
18.02.2025;12:18:39.550;ENR SI 20260619 PS AM C 60.00 0;SIMPLE_INSTRUMENT;BLOCK;EUR;15;17.22000000;400;PRC_DECOMP_EXCHANGE;;;;XEUR;11859552;298530;EXCHANGE
18.02.2025;12:18:39.550;ENR SI 20260619 PS AM P 60.00 0;SIMPLE_INSTRUMENT;BLOCK;EUR;15;12.07000000;400;PRC_DECOMP_EXCHANGE;;;;XEUR;11859553;298530;EXCHANGE
18.02.2025;15:46:44.444;ENR SI 20250417 PS AM P 64.00 0;SIMPLE_INSTRUMENT;BLOCK;EUR;27;5.55000000;2500;EXCHANGE_LAST;;1;1;XEUR;12650608;298530;
18.02.2025;15:53:45.105;ENR SI 20250417 PS AM P 64.00 0;SIMPLE_INSTRUMENT;BLOCK;EUR;31;5.55000000;500;EXCHANGE_LAST;;1;1;XEUR;12650608;298530;
18.02.2025;16:07:45.481;ENR.O.250218.BUL.000013;STANDARD_OPTION_STRATEGY;BLOCK;EUR;34;3.13000000;4100;EXCHANGE_LAST;;3;3;XEUR;73339770624818013;298530;
18.02.2025;16:07:45.481;ENR SI 20250321 PS AM C 62.00 0;SIMPLE_INSTRUMENT;BLOCK;EUR;34;4.95000000;4100;PRC_DECOMP_EXCHANGE;;;;XEUR;12484035;298530;EXCHANGE
18.02.2025;16:07:45.481;ENR SI 20250321 PS AM C 70.00 0;SIMPLE_INSTRUMENT;BLOCK;EUR;34;1.82000000;4100;PRC_DECOMP_EXCHANGE;;;;XEUR;12573860;298530;EXCHANGE
18.02.2025;17:59:08.268;ENT5.O.250218.COMBO.000002;STANDARD_OPTION_STRATEGY;BLOCK;EUR;22;0.33500000;1000;EXCHANGE_LAST;;1;1;XEUR;72059728636684226;497;
18.02.2025;17:59:08.268;ENT5 SI 20260618 PS AM C 16.00 0;SIMPLE_INSTRUMENT;BLOCK;EUR;22;0.36950000;1000;PRC_DECOMP_EXCHANGE;;;;XEUR;9531318;497;EXCHANGE
18.02.2025;17:59:08.268;ENT5 SI 20260618 PS AM P 12.00 0;SIMPLE_INSTRUMENT;BLOCK;EUR;22;0.70450000;1000;PRC_DECOMP_EXCHANGE;;;;XEUR;9531346;497;EXCHANGE
18.02.2025;11:17:55.404;ENTH SI 20250220 CS;SIMPLE_INSTRUMENT;BLOCK;EUR;38;14.07000000;30000;EXCHANGE_LAST;;1;1;XEUR;10559022;524973;
18.02.2025;11:18:19.472;ENTQ SI 20250220 PS;SIMPLE_INSTRUMENT;BLOCK;EUR;39;14.07000000;30000;EXCHANGE_LAST;;1;1;XEUR;10559019;524960;
18.02.2025;11:33:10.421;ENUR SI 20251219 PS AM P 11.00 0;SIMPLE_INSTRUMENT;BLOCK;EUR;8;1.08000000;3000;EXCHANGE_LAST;;1;1;XEUR;11604842;498;
18.02.2025;09:51:21.626;EVK SI 20261218 PS AM C 18.00 0;SIMPLE_INSTRUMENT;BLOCK;EUR;3;2.69000000;5000;EXCHANGE_LAST;;1;1;XEUR;7174708;10806;
18.02.2025;16:59:24.582;FATX SI 20250321 CS;SIMPLE_INSTRUMENT;EFP_IDX;EUR;7;4153.00000000;12;EXCHANGE_LAST;;1;1;XEUR;11385582;28699;
18.02.2025;16:59:49.124;FATX SI 20250321 CS;SIMPLE_INSTRUMENT;EFP_IDX;EUR;8;4154.00000000;29;EXCHANGE_LAST;;1;1;XEUR;11385582;28699;
18.02.2025;07:43:59.434;FBTP SI 20250306 PS;SIMPLE_INSTRUMENT;BLOCK;EUR;1;119.73000000;290;EXCHANGE_LAST;;1;1;XEUR;11286675;636;
18.02.2025;08:35:39.892;FBTP SI 20250306 PS;SIMPLE_INSTRUMENT;EFP_FIN;EUR;2;119.77000000;985;EXCHANGE_LAST;;1;1;XEUR;11286675;636;
18.02.2025;08:41:19.265;FBTP SI 20250306 PS;SIMPLE_INSTRUMENT;EFP_FIN;EUR;3;119.75000000;1030;EXCHANGE_LAST;;1;1;XEUR;11286675;636;
18.02.2025;09:51:30.493;FBTP SI 20250306 PS;SIMPLE_INSTRUMENT;EFP_FIN;EUR;4;119.80000000;136;EXCHANGE_LAST;;1;1;XEUR;11286675;636;
18.02.2025;09:57:25.304;FBTP SI 20250306 PS;SIMPLE_INSTRUMENT;EFP_FIN;EUR;5;119.84000000;51;EXCHANGE_LAST;;1;1;XEUR;11286675;636;
18.02.2025;10:10:34.617;FBTP SI 20250306 PS;SIMPLE_INSTRUMENT;EFP_FIN;EUR;6;119.77000000;1343;EXCHANGE_LAST;;1;1;XEUR;11286675;636;
18.02.2025;10:12:53.060;FBTP SI 20250306 PS;SIMPLE_INSTRUMENT;EFP_FIN;EUR;7;119.78000000;85;EXCHANGE_LAST;;1;1;XEUR;11286675;636;
18.02.2025;10:13:20.628;FBTP SI 20250306 PS;SIMPLE_INSTRUMENT;EFP_FIN;EUR;8;119.78000000;85;EXCHANGE_LAST;;1;1;XEUR;11286675;636;
18.02.2025;10:15:13.068;FBTP SI 20250306 PS;SIMPLE_INSTRUMENT;EFP_FIN;EUR;9;119.77000000;269;EXCHANGE_LAST;;1;1;XEUR;11286675;636;
18.02.2025;10:20:06.769;FBTP SI 20250306 PS;SIMPLE_INSTRUMENT;EFP_FIN;EUR;10;119.77000000;796;EXCHANGE_LAST;;1;1;XEUR;11286675;636;
18.02.2025;10:50:06.420;FBTP SI 20250306 PS;SIMPLE_INSTRUMENT;BLOCK;EUR;11;119.94000000;409;EXCHANGE_LAST;;1;1;XEUR;11286675;636;
18.02.2025;10:48:44.923;FBTP SI 20250306 PS;SIMPLE_INSTRUMENT;EFS;EUR;12;119.96000000;1143;EXCHANGE_LAST;;1;1;XEUR;11286675;636;
18.02.2025;10:54:41.080;FBTP SI 20250306 PS;SIMPLE_INSTRUMENT;BLOCK;EUR;13;119.94000000;377;EXCHANGE_LAST;;1;1;XEUR;11286675;636;
18.02.2025;10:57:54.461;FBTP SI 20250306 PS;SIMPLE_INSTRUMENT;BLOCK;EUR;14;119.93000000;1791;EXCHANGE_LAST;;1;1;XEUR;11286675;636;
18.02.2025;11:25:57.133;FBTP SI 20250306 PS;SIMPLE_INSTRUMENT;EFP_FIN;EUR;15;119.82000000;734;EXCHANGE_LAST;;1;1;XEUR;11286675;636;
18.02.2025;11:27:42.728;FBTP SI 20250306 PS;SIMPLE_INSTRUMENT;EFP_FIN;EUR;16;119.93000000;92;EXCHANGE_LAST;;1;1;XEUR;11286675;636;
18.02.2025;12:05:51.425;FBTP SI 20250306 PS;SIMPLE_INSTRUMENT;EFP_FIN;EUR;18;119.84000000;277;EXCHANGE_LAST;;1;1;XEUR;11286675;636;
18.02.2025;12:25:20.162;FBTP SI 20250306 PS;SIMPLE_INSTRUMENT;EFP_FIN;EUR;19;119.80000000;239;EXCHANGE_LAST;;1;1;XEUR;11286675;636;
18.02.2025;12:26:26.143;FBTP SI 20250306 PS;SIMPLE_INSTRUMENT;EFP_FIN;EUR;20;119.79000000;365;EXCHANGE_LAST;;1;1;XEUR;11286675;636;
18.02.2025;12:44:35.476;FBTP SI 20250306 PS;SIMPLE_INSTRUMENT;EFP_FIN;EUR;21;119.85000000;116;EXCHANGE_LAST;;1;1;XEUR;11286675;636;
18.02.2025;12:45:53.480;FBTP SI 20250306 PS;SIMPLE_INSTRUMENT;EFP_FIN;EUR;22;119.85000000;149;EXCHANGE_LAST;;1;1;XEUR;11286675;636;
18.02.2025;12:48:15.880;FBTP SI 20250306 PS;SIMPLE_INSTRUMENT;EFP_FIN;EUR;23;119.84000000;448;EXCHANGE_LAST;;1;1;XEUR;11286675;636;
18.02.2025;13:07:35.561;FBTP SI 20250306 PS;SIMPLE_INSTRUMENT;BLOCK;EUR;24;119.90000000;1200;EXCHANGE_LAST;;1;1;XEUR;11286675;636;
18.02.2025;13:10:15.417;FBTP SI 20250306 PS;SIMPLE_INSTRUMENT;EFP_FIN;EUR;25;119.86000000;199;EXCHANGE_LAST;;1;1;XEUR;11286675;636;
18.02.2025;13:20:46.509;FBTP SI 20250306 PS;SIMPLE_INSTRUMENT;EFP_FIN;EUR;26;119.95000000;204;EXCHANGE_LAST;;1;1;XEUR;11286675;636;
18.02.2025;14:50:27.110;FBTP SI 20250306 PS;SIMPLE_INSTRUMENT;EFP_FIN;EUR;27;119.90000000;399;EXCHANGE_LAST;;1;1;XEUR;11286675;636;
18.02.2025;15:01:15.474;FBTP SI 20250306 PS;SIMPLE_INSTRUMENT;EFP_FIN;EUR;28;119.93000000;1119;EXCHANGE_LAST;;1;1;XEUR;11286675;636;
18.02.2025;15:10:17.954;FBTP SI 20250306 PS;SIMPLE_INSTRUMENT;EFP_FIN;EUR;29;119.93000000;2238;EXCHANGE_LAST;;1;1;XEUR;11286675;636;
18.02.2025;15:13:00.831;FBTP SI 20250306 PS;SIMPLE_INSTRUMENT;EFP_FIN;EUR;30;119.93000000;582;EXCHANGE_LAST;;1;1;XEUR;11286675;636;
18.02.2025;15:27:40.939;FBTP SI 20250306 PS;SIMPLE_INSTRUMENT;EFP_FIN;EUR;31;119.93000000;682;EXCHANGE_LAST;;1;1;XEUR;11286675;636;
18.02.2025;15:54:38.198;FBTP SI 20250306 PS;SIMPLE_INSTRUMENT;EFP_FIN;EUR;32;119.93000000;227;EXCHANGE_LAST;;1;1;XEUR;11286675;636;
18.02.2025;16:01:08.639;FBTP SI 20250306 PS;SIMPLE_INSTRUMENT;EFP_FIN;EUR;33;119.88000000;177;EXCHANGE_LAST;;1;1;XEUR;11286675;636;
18.02.2025;16:22:14.876;FBTP SI 20250306 PS;SIMPLE_INSTRUMENT;EFP_FIN;EUR;34;119.90000000;154;EXCHANGE_LAST;;1;1;XEUR;11286675;636;
18.02.2025;16:28:49.134;FBTP SI 20250306 PS;SIMPLE_INSTRUMENT;BLOCK;EUR;35;119.89000000;645;EXCHANGE_LAST;;1;1;XEUR;11286675;636;
18.02.2025;10:46:21.360;FBTP SI 20250306 PS;SIMPLE_INSTRUMENT;VOLA;EUR;268435496;119.85000000;19;EXCHANGE_LAST;;1;1;XEUR;11286675;636;
18.02.2025;09:29:47.294;FBTS SI 20250306 PS;SIMPLE_INSTRUMENT;EFP_FIN;EUR;10;107.38000000;106;EXCHANGE_LAST;;1;1;XEUR;11286677;639;
18.02.2025;10:21:40.581;FBTS SI 20250306 PS;SIMPLE_INSTRUMENT;EFP_FIN;EUR;14;107.38000000;371;EXCHANGE_LAST;;1;1;XEUR;11286677;639;
18.02.2025;12:04:18.251;FBTS SI 20250306 PS;SIMPLE_INSTRUMENT;BLOCK;EUR;18;107.36000000;265;EXCHANGE_LAST;;1;1;XEUR;11286677;639;
18.02.2025;13:24:40.810;FBTS SI 20250306 PS;SIMPLE_INSTRUMENT;BLOCK;EUR;24;107.36000000;219;EXCHANGE_LAST;;1;1;XEUR;11286677;639;
18.02.2025;14:53:19.585;FBTS SI 20250306 PS;SIMPLE_INSTRUMENT;EFP_FIN;EUR;28;107.38000000;502;EXCHANGE_LAST;;1;1;XEUR;11286677;639;
18.02.2025;14:58:18.444;FBTS SI 20250306 PS;SIMPLE_INSTRUMENT;EFP_FIN;EUR;29;107.40000000;1589;EXCHANGE_LAST;;1;1;XEUR;11286677;639;
18.02.2025;15:09:34.713;FBTS SI 20250306 PS;SIMPLE_INSTRUMENT;BLOCK;EUR;31;107.38000000;540;EXCHANGE_LAST;;1;1;XEUR;11286677;639;
18.02.2025;17:10:58.370;FBTS SI 20250306 PS;SIMPLE_INSTRUMENT;EFP_FIN;EUR;37;107.40000000;175;EXCHANGE_LAST;;1;1;XEUR;11286677;639;
18.02.2025;16:14:47.172;FCBU SI 20250304 CS;SIMPLE_INSTRUMENT;BLOCK;USD;7;0.17558000;200;EXCHANGE_LAST;;1;1;XEUR;10795698;570870;
18.02.2025;15:36:28.583;FCEU SI 20251215 PS;SIMPLE_INSTRUMENT;BLOCK;USD;5;1.06186000;1880;EXCHANGE_LAST;;1;1;XEUR;8839526;369376;
18.02.2025;10:34:33.170;FCMU SI 20250317 CS;SIMPLE_INSTRUMENT;BLOCK;USD;1;0.04913000;100;EXCHANGE_LAST;;1;1;XEUR;11329545;570874;
18.02.2025;13:11:14.630;FCMU SI 20250317 CS;SIMPLE_INSTRUMENT;BLOCK;USD;2;0.04906000;100;EXCHANGE_LAST;;1;1;XEUR;11329545;570874;
18.02.2025;15:39:05.062;FCPU SI 20250317 PS;SIMPLE_INSTRUMENT;BLOCK;USD;6;1.26175000;1585;EXCHANGE_LAST;;1;1;XEUR;9136249;369379;
18.02.2025;13:15:01.708;FCUS SI 20250317 PS;SIMPLE_INSTRUMENT;EFP_IDX;SEK;3;10.70542000;87;EXCHANGE_LAST;;1;1;XEUR;9136395;402913;
18.02.2025;13:15:02.139;FCUS SI 20250317 PS;SIMPLE_INSTRUMENT;EFP_IDX;SEK;4;10.70543000;71;EXCHANGE_LAST;;1;1;XEUR;9136395;402913;
18.02.2025;18:28:38.450;FCUS SI 20250317 PS;SIMPLE_INSTRUMENT;EFP_IDX;SEK;8;10.71072000;77;EXCHANGE_LAST;;1;1;XEUR;9136395;402913;
18.02.2025;18:28:38.886;FCUS SI 20250317 PS;SIMPLE_INSTRUMENT;EFP_IDX;SEK;9;10.71073000;116;EXCHANGE_LAST;;1;1;XEUR;9136395;402913;
18.02.2025;09:29:57.182;FDAX SI 20250321 CS;SIMPLE_INSTRUMENT;VOLA;EUR;671088648;22800.00000000;16;EXCHANGE_LAST;;1;1;XEUR;7561255;589;
18.02.2025;15:42:58.727;FEBD SI 20271217 CS;SIMPLE_INSTRUMENT;BLOCK;EUR;40;9.66000000;500;EXCHANGE_LAST;;2;1;XEUR;7776307;597;
18.02.2025;10:07:10.351;FECX SI 20250321 CS;SIMPLE_INSTRUMENT;BLOCK;EUR;5;166.29000000;61;EXCHANGE_LAST;;1;1;XEUR;11427948;410158;
18.02.2025;16:14:26.095;FES1 SI 20250321 PS;SIMPLE_INSTRUMENT;BLOCK;EUR;42;10.60000000;500;EXCHANGE_LAST;;1;1;XEUR;11391470;58959;
18.02.2025;16:48:14.938;FESA SI 20250321 CS;SIMPLE_INSTRUMENT;EFP_IDX;EUR;3;593.90000000;100;EXCHANGE_LAST;;1;1;XEUR;11359074;606;
18.02.2025;16:48:02.648;FESA SI 20250321 CS;SIMPLE_INSTRUMENT;EFP_IDX;EUR;4;594.00000000;900;EXCHANGE_LAST;;1;1;XEUR;11359074;606;
18.02.2025;16:17:18.249;FESB SI 20250321 CS;SIMPLE_INSTRUMENT;BLOCK;EUR;28;177.00000000;10000;EXCHANGE_LAST;;1;1;XEUR;11359072;605;
18.02.2025;16:45:03.468;FESB SI 20250321 CS;SIMPLE_INSTRUMENT;BLOCK;EUR;31;178.00000000;8882;EXCHANGE_LAST;;1;1;XEUR;11359072;605;
18.02.2025;16:45:33.601;FESB SI 20250321 CS;SIMPLE_INSTRUMENT;BLOCK;EUR;32;178.10000000;5678;EXCHANGE_LAST;;1;1;XEUR;11359072;605;
18.02.2025;12:36:56.536;FESB SI 20250321 CS;SIMPLE_INSTRUMENT;VOLA;EUR;603979822;176.50000000;3600;EXCHANGE_LAST;;1;1;XEUR;11359072;605;
18.02.2025;15:16:10.003;FESB SI 20250321 CS;SIMPLE_INSTRUMENT;VOLA;EUR;603979845;174.00000000;60;EXCHANGE_LAST;;1;1;XEUR;11359072;605;
18.02.2025;15:50:54.313;FESB SI 20250321 CS;SIMPLE_INSTRUMENT;VOLA;EUR;603979857;177.40000000;300;EXCHANGE_LAST;;1;1;XEUR;11359072;605;
18.02.2025;12:18:08.744;FESO SI 20250321 CS;SIMPLE_INSTRUMENT;VOLA;EUR;603979817;456.80000000;6;EXCHANGE_LAST;;1;1;XEUR;11359566;677;
18.02.2025;12:22:41.822;FESO SI 20250321 CS;SIMPLE_INSTRUMENT;VOLA;EUR;603979818;456.80000000;7;EXCHANGE_LAST;;1;1;XEUR;11359566;677;
18.02.2025;11:39:01.814;FESX SI 20250321 CS;SIMPLE_INSTRUMENT;BLOCK;EUR;1;5525.00000000;7150;EXCHANGE_LAST;;1;1;XEUR;7793482;675;
18.02.2025;12:00:33.052;FESX SI 20250321 CS;SIMPLE_INSTRUMENT;BLOCK;EUR;2;5535.00000000;5000;EXCHANGE_LAST;;1;1;XEUR;7793482;675;
18.02.2025;12:01:27.013;FESX SI 20250321 CS;SIMPLE_INSTRUMENT;BLOCK;EUR;3;5535.00000000;4000;EXCHANGE_LAST;;1;1;XEUR;7793482;675;
18.02.2025;16:02:30.939;FESX SI 20250321 CS;SIMPLE_INSTRUMENT;BLOCK;EUR;5;5549.00000000;2000;EXCHANGE_LAST;;1;1;XEUR;7793482;675;
18.02.2025;16:24:38.774;FESX SI 20250321 CS;SIMPLE_INSTRUMENT;EFP_IDX;EUR;6;5549.00000000;1000;EXCHANGE_LAST;;1;1;XEUR;7793482;675;
18.02.2025;16:43:35.358;FESX SI 20250321 CS;SIMPLE_INSTRUMENT;BLOCK;EUR;7;5550.00000000;3000;EXCHANGE_LAST;;1;1;XEUR;7793482;675;
18.02.2025;16:52:05.657;FESX SI 20250321 CS;SIMPLE_INSTRUMENT;EFP_IDX;EUR;8;5544.00000000;321;EXCHANGE_LAST;;1;1;XEUR;7793482;675;
18.02.2025;16:52:07.251;FESX SI 20250321 CS;SIMPLE_INSTRUMENT;EFP_IDX;EUR;9;5545.00000000;279;EXCHANGE_LAST;;1;1;XEUR;7793482;675;
18.02.2025;08:57:38.394;FESX SI 20250321 CS;SIMPLE_INSTRUMENT;VOLA;EUR;637534217;5534.00000000;363;EXCHANGE_LAST;;1;1;XEUR;7793482;675;
18.02.2025;09:26:02.613;FESX SI 20250321 CS;SIMPLE_INSTRUMENT;VOLA;EUR;637534236;5522.00000000;934;EXCHANGE_LAST;;1;1;XEUR;7793482;675;
18.02.2025;09:29:39.907;FESX SI 20250321 CS;SIMPLE_INSTRUMENT;VOLA;EUR;637534237;5527.00000000;1148;EXCHANGE_LAST;;1;1;XEUR;7793482;675;
18.02.2025;09:29:33.251;FESX SI 20250321 CS;SIMPLE_INSTRUMENT;VOLA;EUR;637534239;5527.00000000;383;EXCHANGE_LAST;;1;1;XEUR;7793482;675;
18.02.2025;09:29:27.139;FESX SI 20250321 CS;SIMPLE_INSTRUMENT;VOLA;EUR;637534240;5527.00000000;766;EXCHANGE_LAST;;1;1;XEUR;7793482;675;
18.02.2025;09:42:20.298;FESX SI 20250321 CS;SIMPLE_INSTRUMENT;VOLA;EUR;637534247;5518.00000000;1700;EXCHANGE_LAST;;1;1;XEUR;7793482;675;
18.02.2025;09:52:06.035;FESX SI 20250321 CS;SIMPLE_INSTRUMENT;VOLA;EUR;637534250;5520.00000000;280;EXCHANGE_LAST;;1;1;XEUR;7793482;675;
18.02.2025;10:03:19.635;FESX SI 20250321 CS;SIMPLE_INSTRUMENT;VOLA;EUR;637534260;5524.00000000;757;EXCHANGE_LAST;;1;1;XEUR;7793482;675;
18.02.2025;10:09:39.205;FESX SI 20250321 CS;SIMPLE_INSTRUMENT;VOLA;EUR;637534267;5520.00000000;50;EXCHANGE_LAST;;1;1;XEUR;7793482;675;
18.02.2025;11:08:35.940;FESX SI 20250321 CS;SIMPLE_INSTRUMENT;VOLA;EUR;637534297;5532.00000000;190;EXCHANGE_LAST;;1;1;XEUR;7793482;675;
18.02.2025;11:08:42.338;FESX SI 20250321 CS;SIMPLE_INSTRUMENT;VOLA;EUR;637534299;5530.00000000;380;EXCHANGE_LAST;;1;1;XEUR;7793482;675;
18.02.2025;12:33:44.046;FESX SI 20250321 CS;SIMPLE_INSTRUMENT;VOLA;EUR;637534323;5535.00000000;210;EXCHANGE_LAST;;1;1;XEUR;7793482;675;
18.02.2025;14:12:08.587;FESX SI 20250321 CS;SIMPLE_INSTRUMENT;VOLA;EUR;637534356;5550.00000000;510;EXCHANGE_LAST;;1;1;XEUR;7793482;675;
18.02.2025;14:24:39.996;FESX SI 20250321 CS;SIMPLE_INSTRUMENT;VOLA;EUR;637534364;5553.00000000;6350;EXCHANGE_LAST;;1;1;XEUR;7793482;675;
18.02.2025;14:30:57.729;FESX SI 20250321 CS;SIMPLE_INSTRUMENT;VOLA;EUR;637534368;5555.00000000;12;EXCHANGE_LAST;;1;1;XEUR;7793482;675;
18.02.2025;15:45:13.812;FESX SI 20250321 CS;SIMPLE_INSTRUMENT;VOLA;EUR;637534395;5547.00000000;288;EXCHANGE_LAST;;1;1;XEUR;7793482;675;
18.02.2025;16:04:47.936;FESX SI 20250321 CS;SIMPLE_INSTRUMENT;VOLA;EUR;637534407;5552.00000000;93;EXCHANGE_LAST;;1;1;XEUR;7793482;675;
18.02.2025;10:51:59.801;FESY SI 20250321 CS;SIMPLE_INSTRUMENT;VOLA;EUR;603979797;1179.80000000;5;EXCHANGE_LAST;;1;1;XEUR;11359411;674;
18.02.2025;10:52:06.801;FESY SI 20250321 CS;SIMPLE_INSTRUMENT;VOLA;EUR;603979798;1179.90000000;6;EXCHANGE_LAST;;1;1;XEUR;11359411;674;
18.02.2025;16:52:54.344;FESZ SI 20250321 CS;SIMPLE_INSTRUMENT;EFP_IDX;EUR;6;1496.90000000;49;EXCHANGE_LAST;;1;1;XEUR;11359744;700;
18.02.2025;10:31:01.395;FEXD SI 20261218 CS;SIMPLE_INSTRUMENT;BLOCK;EUR;7;159.50000000;1000;EXCHANGE_LAST;;1;1;XEUR;2163053;693;
18.02.2025;10:50:03.857;FEXD SI 20261218 CS;SIMPLE_INSTRUMENT;BLOCK;EUR;8;159.80000000;280;EXCHANGE_LAST;;1;1;XEUR;2163053;693;
18.02.2025;12:06:38.201;FEXD SI 20271217 CS;SIMPLE_INSTRUMENT;BLOCK;EUR;10;154.40000000;250;EXCHANGE_LAST;;1;1;XEUR;2848338;693;
18.02.2025;11:42:52.068;FEXD.S.DEC26.DEC28.SPD;FUTURES_SPREAD;BLOCK;EUR;11;9.00000000;500;EXCHANGE_LAST;;1;1;XEUR;72060570450264161;693;
18.02.2025;11:42:52.068;FEXD SI 20281215 CS;SIMPLE_INSTRUMENT;BLOCK;EUR;11;150.30000000;500;PRC_DECOMP_EXCHANGE;;;;XEUR;3680985;693;EXCHANGE
18.02.2025;11:42:52.068;FEXD SI 20261218 CS;SIMPLE_INSTRUMENT;BLOCK;EUR;11;159.30000000;500;PRC_DECOMP_EXCHANGE;;;;XEUR;2163053;693;EXCHANGE
18.02.2025;12:11:12.536;FEXD SI 20261218 CS;SIMPLE_INSTRUMENT;BLOCK;EUR;14;159.30000000;250;EXCHANGE_LAST;;1;1;XEUR;2163053;693;
18.02.2025;13:52:16.301;FEXD SI 20261218 CS;SIMPLE_INSTRUMENT;BLOCK;EUR;21;159.30000000;215;EXCHANGE_LAST;;1;1;XEUR;2163053;693;
18.02.2025;14:43:08.230;FEXD SI 20261218 CS;SIMPLE_INSTRUMENT;BLOCK;EUR;22;159.40000000;500;EXCHANGE_LAST;;1;1;XEUR;2163053;693;
18.02.2025;14:42:58.528;FEXD SI 20271217 CS;SIMPLE_INSTRUMENT;BLOCK;EUR;23;154.40000000;500;EXCHANGE_LAST;;1;1;XEUR;2848338;693;
18.02.2025;15:12:32.704;FEXD SI 20251219 CS;SIMPLE_INSTRUMENT;BLOCK;EUR;30;165.20000000;300;EXCHANGE_LAST;;1;1;XEUR;1548120;693;
18.02.2025;15:13:40.794;FEXD SI 20261218 CS;SIMPLE_INSTRUMENT;BLOCK;EUR;31;159.30000000;300;EXCHANGE_LAST;;1;1;XEUR;2163053;693;
18.02.2025;15:15:09.158;FEXD SI 20271217 CS;SIMPLE_INSTRUMENT;BLOCK;EUR;32;154.30000000;300;EXCHANGE_LAST;;1;1;XEUR;2848338;693;
18.02.2025;15:15:58.878;FEXD SI 20281215 CS;SIMPLE_INSTRUMENT;BLOCK;EUR;33;150.50000000;300;EXCHANGE_LAST;;1;1;XEUR;3680985;693;
18.02.2025;15:16:31.532;FEXD SI 20291221 CS;SIMPLE_INSTRUMENT;BLOCK;EUR;34;147.30000000;150;EXCHANGE_LAST;;1;1;XEUR;4631968;693;
18.02.2025;15:16:53.188;FEXD SI 20291221 CS;SIMPLE_INSTRUMENT;BLOCK;EUR;35;147.40000000;150;EXCHANGE_LAST;;1;1;XEUR;4631968;693;
18.02.2025;16:26:11.103;FEXD SI 20281215 CS;SIMPLE_INSTRUMENT;BLOCK;EUR;45;150.50000000;500;EXCHANGE_LAST;;1;1;XEUR;3680985;693;
18.02.2025;07:42:23.558;FGBL SI 20250306 PS;SIMPLE_INSTRUMENT;EFS;EUR;1;131.87000000;226;EXCHANGE_LAST;;1;1;XEUR;11286679;688;
18.02.2025;07:42:23.558;FGBL SI 20250306 PS;SIMPLE_INSTRUMENT;EFS;EUR;2;131.87000000;272;EXCHANGE_LAST;;1;1;XEUR;11286679;688;
18.02.2025;07:45:42.059;FGBL SI 20250306 PS;SIMPLE_INSTRUMENT;EFS;EUR;3;131.86000000;209;EXCHANGE_LAST;;1;1;XEUR;11286679;688;
18.02.2025;07:46:31.734;FGBL SI 20250306 PS;SIMPLE_INSTRUMENT;EFP_FIN;EUR;4;131.85000000;233;EXCHANGE_LAST;;1;1;XEUR;11286679;688;
18.02.2025;07:50:10.058;FGBL SI 20250306 PS;SIMPLE_INSTRUMENT;EFS;EUR;5;131.87000000;679;EXCHANGE_LAST;;1;1;XEUR;11286679;688;
18.02.2025;07:53:00.495;FGBL SI 20250306 PS;SIMPLE_INSTRUMENT;EFS;EUR;6;131.87000000;905;EXCHANGE_LAST;;1;1;XEUR;11286679;688;
18.02.2025;07:59:16.828;FGBL SI 20250306 PS;SIMPLE_INSTRUMENT;EFS;EUR;7;131.85000000;189;EXCHANGE_LAST;;1;1;XEUR;11286679;688;
18.02.2025;08:00:06.170;FGBL SI 20250306 PS;SIMPLE_INSTRUMENT;EFS;EUR;8;131.84000000;418;EXCHANGE_LAST;;1;1;XEUR;11286679;688;
18.02.2025;08:00:33.355;FGBL SI 20250306 PS;SIMPLE_INSTRUMENT;EFS;EUR;9;131.85000000;418;EXCHANGE_LAST;;1;1;XEUR;11286679;688;
18.02.2025;08:01:46.064;FGBL SI 20250306 PS;SIMPLE_INSTRUMENT;EFS;EUR;10;131.85000000;167;EXCHANGE_LAST;;1;1;XEUR;11286679;688;
18.02.2025;08:01:54.867;FGBL SI 20250306 PS;SIMPLE_INSTRUMENT;EFS;EUR;11;131.87000000;473;EXCHANGE_LAST;;1;1;XEUR;11286679;688;
18.02.2025;08:07:08.536;FGBL SI 20250306 PS;SIMPLE_INSTRUMENT;EFS;EUR;12;131.85000000;200;EXCHANGE_LAST;;1;1;XEUR;11286679;688;
18.02.2025;08:12:05.445;FGBL SI 20250306 PS;SIMPLE_INSTRUMENT;EFS;EUR;13;131.81000000;1000;EXCHANGE_LAST;;1;1;XEUR;11286679;688;
18.02.2025;08:15:30.933;FGBL SI 20250306 PS;SIMPLE_INSTRUMENT;EFS;EUR;14;131.86000000;209;EXCHANGE_LAST;;1;1;XEUR;11286679;688;
18.02.2025;08:17:09.316;FGBL SI 20250306 PS;SIMPLE_INSTRUMENT;EFS;EUR;15;131.86000000;474;EXCHANGE_LAST;;1;1;XEUR;11286679;688;
18.02.2025;08:17:19.298;FGBL SI 20250306 PS;SIMPLE_INSTRUMENT;EFS;EUR;16;131.92000000;418;EXCHANGE_LAST;;1;1;XEUR;11286679;688;
18.02.2025;08:18:05.331;FGBL SI 20250306 PS;SIMPLE_INSTRUMENT;EFS;EUR;17;131.91000000;418;EXCHANGE_LAST;;1;1;XEUR;11286679;688;
18.02.2025;08:18:30.318;FGBL SI 20250306 PS;SIMPLE_INSTRUMENT;EFP_FIN;EUR;18;131.82000000;394;EXCHANGE_LAST;;1;1;XEUR;11286679;688;
18.02.2025;08:19:35.393;FGBL SI 20250306 PS;SIMPLE_INSTRUMENT;EFS;EUR;19;131.86000000;825;EXCHANGE_LAST;;1;1;XEUR;11286679;688;
18.02.2025;08:24:29.421;FGBL SI 20250306 PS;SIMPLE_INSTRUMENT;EFS;EUR;20;131.92000000;1100;EXCHANGE_LAST;;1;1;XEUR;11286679;688;
18.02.2025;08:29:08.816;FGBL SI 20250306 PS;SIMPLE_INSTRUMENT;EFS;EUR;21;131.85000000;237;EXCHANGE_LAST;;1;1;XEUR;11286679;688;
18.02.2025;08:30:34.486;FGBL SI 20250306 PS;SIMPLE_INSTRUMENT;EFS;EUR;22;131.93000000;50;EXCHANGE_LAST;;1;1;XEUR;11286679;688;
18.02.2025;08:32:25.063;FGBL SI 20250306 PS;SIMPLE_INSTRUMENT;EFS;EUR;23;131.91000000;90;EXCHANGE_LAST;;1;1;XEUR;11286679;688;
18.02.2025;08:33:56.357;FGBL SI 20250306 PS;SIMPLE_INSTRUMENT;EFS;EUR;24;131.91000000;226;EXCHANGE_LAST;;1;1;XEUR;11286679;688;
18.02.2025;08:37:15.013;FGBL SI 20250306 PS;SIMPLE_INSTRUMENT;EFS;EUR;25;131.90000000;450;EXCHANGE_LAST;;1;1;XEUR;11286679;688;
18.02.2025;08:45:52.270;FGBL SI 20250306 PS;SIMPLE_INSTRUMENT;EFS;EUR;26;131.92000000;418;EXCHANGE_LAST;;1;1;XEUR;11286679;688;
18.02.2025;08:46:37.278;FGBL SI 20250306 PS;SIMPLE_INSTRUMENT;EFS;EUR;27;131.86000000;1471;EXCHANGE_LAST;;1;1;XEUR;11286679;688;
18.02.2025;08:47:04.044;FGBL SI 20250306 PS;SIMPLE_INSTRUMENT;EFS;EUR;28;131.94000000;418;EXCHANGE_LAST;;1;1;XEUR;11286679;688;
18.02.2025;08:47:22.500;FGBL SI 20250306 PS;SIMPLE_INSTRUMENT;EFS;EUR;29;131.92000000;452;EXCHANGE_LAST;;1;1;XEUR;11286679;688;
18.02.2025;08:48:18.786;FGBL SI 20250306 PS;SIMPLE_INSTRUMENT;EFS;EUR;30;131.94000000;418;EXCHANGE_LAST;;1;1;XEUR;11286679;688;
18.02.2025;08:48:30.943;FGBL SI 20250306 PS;SIMPLE_INSTRUMENT;EFS;EUR;31;131.92000000;835;EXCHANGE_LAST;;1;1;XEUR;11286679;688;
18.02.2025;08:49:42.452;FGBL SI 20250306 PS;SIMPLE_INSTRUMENT;EFS;EUR;32;131.94000000;418;EXCHANGE_LAST;;1;1;XEUR;11286679;688;
18.02.2025;08:52:02.959;FGBL SI 20250306 PS;SIMPLE_INSTRUMENT;EFS;EUR;33;131.96000000;418;EXCHANGE_LAST;;1;1;XEUR;11286679;688;
18.02.2025;08:53:38.106;FGBL SI 20250306 PS;SIMPLE_INSTRUMENT;EFS;EUR;34;131.94000000;418;EXCHANGE_LAST;;1;1;XEUR;11286679;688;
18.02.2025;08:54:29.916;FGBL SI 20250306 PS;SIMPLE_INSTRUMENT;EFS;EUR;35;131.94000000;418;EXCHANGE_LAST;;1;1;XEUR;11286679;688;
18.02.2025;09:00:48.775;FGBL SI 20250306 PS;SIMPLE_INSTRUMENT;EFS;EUR;36;131.95000000;418;EXCHANGE_LAST;;1;1;XEUR;11286679;688;
18.02.2025;09:02:05.174;FGBL SI 20250306 PS;SIMPLE_INSTRUMENT;EFS;EUR;37;131.94000000;192;EXCHANGE_LAST;;1;1;XEUR;11286679;688;
18.02.2025;09:06:23.101;FGBL SI 20250306 PS;SIMPLE_INSTRUMENT;EFS;EUR;38;131.95000000;905;EXCHANGE_LAST;;1;1;XEUR;11286679;688;
18.02.2025;09:07:39.264;FGBL SI 20250306 PS;SIMPLE_INSTRUMENT;EFS;EUR;39;131.94000000;209;EXCHANGE_LAST;;1;1;XEUR;11286679;688;
18.02.2025;09:08:35.131;FGBL SI 20250306 PS;SIMPLE_INSTRUMENT;EFS;EUR;40;131.94000000;418;EXCHANGE_LAST;;1;1;XEUR;11286679;688;
18.02.2025;09:12:09.544;FGBL SI 20250306 PS;SIMPLE_INSTRUMENT;EFS;EUR;41;131.98000000;585;EXCHANGE_LAST;;1;1;XEUR;11286679;688;
18.02.2025;09:12:49.575;FGBL SI 20250306 PS;SIMPLE_INSTRUMENT;EFS;EUR;42;131.98000000;585;EXCHANGE_LAST;;1;1;XEUR;11286679;688;
18.02.2025;09:14:14.686;FGBL SI 20250306 PS;SIMPLE_INSTRUMENT;EFS;EUR;43;131.99000000;418;EXCHANGE_LAST;;1;1;XEUR;11286679;688;
18.02.2025;09:18:02.607;FGBL SI 20250306 PS;SIMPLE_INSTRUMENT;EFS;EUR;44;131.99000000;418;EXCHANGE_LAST;;1;1;XEUR;11286679;688;
18.02.2025;09:18:25.440;FGBL SI 20250306 PS;SIMPLE_INSTRUMENT;EFP_FIN;EUR;45;131.93000000;103;EXCHANGE_LAST;;1;1;XEUR;11286679;688;
18.02.2025;09:22:09.937;FGBL SI 20250306 PS;SIMPLE_INSTRUMENT;EFS;EUR;46;131.96000000;418;EXCHANGE_LAST;;1;1;XEUR;11286679;688;
18.02.2025;09:22:53.943;FGBL SI 20250306 PS;SIMPLE_INSTRUMENT;EFS;EUR;47;131.96000000;209;EXCHANGE_LAST;;1;1;XEUR;11286679;688;
18.02.2025;09:23:27.876;FGBL SI 20250306 PS;SIMPLE_INSTRUMENT;EFP_FIN;EUR;48;131.94000000;110;EXCHANGE_LAST;;1;1;XEUR;11286679;688;
18.02.2025;09:25:06.056;FGBL SI 20250306 PS;SIMPLE_INSTRUMENT;EFS;EUR;49;131.98000000;418;EXCHANGE_LAST;;1;1;XEUR;11286679;688;
18.02.2025;09:26:02.356;FGBL SI 20250306 PS;SIMPLE_INSTRUMENT;EFS;EUR;50;132.00000000;181;EXCHANGE_LAST;;1;1;XEUR;11286679;688;
18.02.2025;09:27:36.371;FGBL SI 20250306 PS;SIMPLE_INSTRUMENT;EFP_FIN;EUR;51;131.97000000;405;EXCHANGE_LAST;;1;1;XEUR;11286679;688;
18.02.2025;09:28:18.676;FGBL SI 20250306 PS;SIMPLE_INSTRUMENT;EFS;EUR;52;131.97000000;226;EXCHANGE_LAST;;1;1;XEUR;11286679;688;
18.02.2025;09:33:14.486;FGBL SI 20250306 PS;SIMPLE_INSTRUMENT;EFS;EUR;53;131.98000000;77;EXCHANGE_LAST;;1;1;XEUR;11286679;688;
18.02.2025;09:41:42.358;FGBL SI 20250306 PS;SIMPLE_INSTRUMENT;EFS;EUR;54;132.00000000;193;EXCHANGE_LAST;;1;1;XEUR;11286679;688;
18.02.2025;09:48:49.522;FGBL SI 20250306 PS;SIMPLE_INSTRUMENT;EFP_FIN;EUR;55;131.98000000;158;EXCHANGE_LAST;;1;1;XEUR;11286679;688;
18.02.2025;09:46:30.715;FGBL SI 20250306 PS;SIMPLE_INSTRUMENT;EFP_FIN;EUR;56;131.98000000;238;EXCHANGE_LAST;;1;1;XEUR;11286679;688;
18.02.2025;09:46:43.963;FGBL SI 20250306 PS;SIMPLE_INSTRUMENT;EFP_FIN;EUR;57;131.90000000;1414;EXCHANGE_LAST;;1;1;XEUR;11286679;688;
18.02.2025;09:54:47.764;FGBL SI 20250306 PS;SIMPLE_INSTRUMENT;EFS;EUR;58;131.97000000;208;EXCHANGE_LAST;;1;1;XEUR;11286679;688;
18.02.2025;09:51:56.028;FGBL SI 20250306 PS;SIMPLE_INSTRUMENT;EFP_FIN;EUR;59;132.00000000;743;EXCHANGE_LAST;;1;1;XEUR;11286679;688;
18.02.2025;09:57:01.860;FGBL SI 20250306 PS;SIMPLE_INSTRUMENT;EFS;EUR;60;131.93000000;679;EXCHANGE_LAST;;1;1;XEUR;11286679;688;
18.02.2025;09:59:13.920;FGBL SI 20250306 PS;SIMPLE_INSTRUMENT;EFP_FIN;EUR;61;131.98000000;396;EXCHANGE_LAST;;1;1;XEUR;11286679;688;
18.02.2025;10:12:09.599;FGBL SI 20250306 PS;SIMPLE_INSTRUMENT;EFS;EUR;62;131.92000000;452;EXCHANGE_LAST;;1;1;XEUR;11286679;688;
18.02.2025;10:23:06.207;FGBL SI 20250306 PS;SIMPLE_INSTRUMENT;EFS;EUR;63;131.92000000;418;EXCHANGE_LAST;;1;1;XEUR;11286679;688;
18.02.2025;10:25:31.304;FGBL SI 20250306 PS;SIMPLE_INSTRUMENT;EFS;EUR;64;131.94000000;418;EXCHANGE_LAST;;1;1;XEUR;11286679;688;
18.02.2025;10:29:47.459;FGBL SI 20250306 PS;SIMPLE_INSTRUMENT;EFS;EUR;65;131.99000000;418;EXCHANGE_LAST;;1;1;XEUR;11286679;688;
18.02.2025;10:32:37.622;FGBL SI 20250306 PS;SIMPLE_INSTRUMENT;EFP_FIN;EUR;66;131.93000000;412;EXCHANGE_LAST;;1;1;XEUR;11286679;688;
18.02.2025;10:47:01.818;FGBL SI 20250306 PS;SIMPLE_INSTRUMENT;EFS;EUR;67;131.99000000;237;EXCHANGE_LAST;;1;1;XEUR;11286679;688;
18.02.2025;10:49:54.265;FGBL SI 20250306 PS;SIMPLE_INSTRUMENT;EFS;EUR;68;132.06000000;418;EXCHANGE_LAST;;1;1;XEUR;11286679;688;
18.02.2025;10:52:12.630;FGBL SI 20250306 PS;SIMPLE_INSTRUMENT;EFS;EUR;69;132.07000000;417;EXCHANGE_LAST;;1;1;XEUR;11286679;688;
18.02.2025;10:53:20.430;FGBL SI 20250306 PS;SIMPLE_INSTRUMENT;EFP_FIN;EUR;70;132.07000000;331;EXCHANGE_LAST;;1;1;XEUR;11286679;688;
18.02.2025;11:01:29.696;FGBL SI 20250306 PS;SIMPLE_INSTRUMENT;EFS;EUR;71;132.01000000;334;EXCHANGE_LAST;;1;1;XEUR;11286679;688;
18.02.2025;11:02:34.747;FGBL SI 20250306 PS;SIMPLE_INSTRUMENT;EFS;EUR;72;131.97000000;418;EXCHANGE_LAST;;1;1;XEUR;11286679;688;
18.02.2025;11:07:41.104;FGBL SI 20250306 PS;SIMPLE_INSTRUMENT;EFP_FIN;EUR;73;132.00000000;78;EXCHANGE_LAST;;1;1;XEUR;11286679;688;
18.02.2025;11:17:07.374;FGBL SI 20250306 PS;SIMPLE_INSTRUMENT;EFS;EUR;75;131.96000000;947;EXCHANGE_LAST;;1;1;XEUR;11286679;688;
18.02.2025;11:17:12.322;FGBL SI 20250306 PS;SIMPLE_INSTRUMENT;EFS;EUR;76;131.92000000;418;EXCHANGE_LAST;;1;1;XEUR;11286679;688;
18.02.2025;11:23:47.781;FGBL SI 20250306 PS;SIMPLE_INSTRUMENT;EFP_FIN;EUR;77;131.92000000;192;EXCHANGE_LAST;;1;1;XEUR;11286679;688;
18.02.2025;11:25:19.743;FGBL SI 20250306 PS;SIMPLE_INSTRUMENT;EFP_FIN;EUR;78;131.94000000;317;EXCHANGE_LAST;;1;1;XEUR;11286679;688;
18.02.2025;11:28:49.703;FGBL SI 20250306 PS;SIMPLE_INSTRUMENT;EFP_FIN;EUR;79;131.96000000;471;EXCHANGE_LAST;;1;1;XEUR;11286679;688;
18.02.2025;11:29:53.795;FGBL SI 20250306 PS;SIMPLE_INSTRUMENT;EFS;EUR;80;131.96000000;418;EXCHANGE_LAST;;1;1;XEUR;11286679;688;
18.02.2025;11:39:43.369;FGBL SI 20250306 PS;SIMPLE_INSTRUMENT;EFP_FIN;EUR;81;131.93000000;277;EXCHANGE_LAST;;1;1;XEUR;11286679;688;
18.02.2025;11:44:53.307;FGBL SI 20250306 PS;SIMPLE_INSTRUMENT;EFS;EUR;82;131.95000000;418;EXCHANGE_LAST;;1;1;XEUR;11286679;688;
18.02.2025;11:45:07.576;FGBL SI 20250306 PS;SIMPLE_INSTRUMENT;EFP_FIN;EUR;83;131.96000000;118;EXCHANGE_LAST;;1;1;XEUR;11286679;688;
18.02.2025;11:45:29.843;FGBL SI 20250306 PS;SIMPLE_INSTRUMENT;EFP_FIN;EUR;84;131.96000000;78;EXCHANGE_LAST;;1;1;XEUR;11286679;688;
18.02.2025;11:48:29.494;FGBL SI 20250306 PS;SIMPLE_INSTRUMENT;EFS;EUR;85;131.96000000;418;EXCHANGE_LAST;;1;1;XEUR;11286679;688;
18.02.2025;11:57:39.219;FGBL SI 20250306 PS;SIMPLE_INSTRUMENT;EFS;EUR;86;131.95000000;418;EXCHANGE_LAST;;1;1;XEUR;11286679;688;
18.02.2025;11:57:45.878;FGBL SI 20250306 PS;SIMPLE_INSTRUMENT;EFS;EUR;87;131.95000000;135;EXCHANGE_LAST;;1;1;XEUR;11286679;688;
18.02.2025;11:58:44.494;FGBL SI 20250306 PS;SIMPLE_INSTRUMENT;EFS;EUR;88;131.96000000;473;EXCHANGE_LAST;;1;1;XEUR;11286679;688;
18.02.2025;11:58:50.442;FGBL SI 20250306 PS;SIMPLE_INSTRUMENT;EFS;EUR;89;131.95000000;292;EXCHANGE_LAST;;1;1;XEUR;11286679;688;
18.02.2025;11:59:28.764;FGBL SI 20250306 PS;SIMPLE_INSTRUMENT;EFS;EUR;90;131.95000000;125;EXCHANGE_LAST;;1;1;XEUR;11286679;688;
18.02.2025;11:59:42.020;FGBL SI 20250306 PS;SIMPLE_INSTRUMENT;EFP_FIN;EUR;91;131.96000000;317;EXCHANGE_LAST;;1;1;XEUR;11286679;688;
18.02.2025;12:00:34.726;FGBL SI 20250306 PS;SIMPLE_INSTRUMENT;EFP_FIN;EUR;92;131.95000000;77;EXCHANGE_LAST;;1;1;XEUR;11286679;688;
18.02.2025;12:13:31.912;FGBL SI 20250306 PS;SIMPLE_INSTRUMENT;EFP_FIN;EUR;93;131.94000000;371;EXCHANGE_LAST;;1;1;XEUR;11286679;688;
18.02.2025;12:16:19.895;FGBL SI 20250306 PS;SIMPLE_INSTRUMENT;EFS;EUR;94;131.95000000;451;EXCHANGE_LAST;;1;1;XEUR;11286679;688;
18.02.2025;12:20:57.705;FGBL SI 20250306 PS;SIMPLE_INSTRUMENT;EFS;EUR;95;131.93000000;418;EXCHANGE_LAST;;1;1;XEUR;11286679;688;
18.02.2025;12:31:38.762;FGBL SI 20250306 PS;SIMPLE_INSTRUMENT;EFS;EUR;96;131.93000000;905;EXCHANGE_LAST;;1;1;XEUR;11286679;688;
18.02.2025;12:32:36.619;FGBL SI 20250306 PS;SIMPLE_INSTRUMENT;EFS;EUR;97;131.91000000;905;EXCHANGE_LAST;;1;1;XEUR;11286679;688;
18.02.2025;12:46:51.671;FGBL SI 20250306 PS;SIMPLE_INSTRUMENT;EFS;EUR;98;131.96000000;935;EXCHANGE_LAST;;1;1;XEUR;11286679;688;
18.02.2025;12:48:22.901;FGBL SI 20250306 PS;SIMPLE_INSTRUMENT;EFP_FIN;EUR;99;131.95000000;698;EXCHANGE_LAST;;1;1;XEUR;11286679;688;
18.02.2025;12:51:34.956;FGBL SI 20250306 PS;SIMPLE_INSTRUMENT;EFS;EUR;100;131.95000000;418;EXCHANGE_LAST;;1;1;XEUR;11286679;688;
18.02.2025;12:52:23.401;FGBL SI 20250306 PS;SIMPLE_INSTRUMENT;EFP_FIN;EUR;101;131.93000000;906;EXCHANGE_LAST;;1;1;XEUR;11286679;688;
18.02.2025;12:58:25.572;FGBL SI 20250306 PS;SIMPLE_INSTRUMENT;EFS;EUR;102;132.01000000;272;EXCHANGE_LAST;;1;1;XEUR;11286679;688;
18.02.2025;13:00:04.484;FGBL SI 20250306 PS;SIMPLE_INSTRUMENT;EFS;EUR;103;131.99000000;418;EXCHANGE_LAST;;1;1;XEUR;11286679;688;
18.02.2025;13:02:13.527;FGBL SI 20250306 PS;SIMPLE_INSTRUMENT;EFS;EUR;104;131.99000000;209;EXCHANGE_LAST;;1;1;XEUR;11286679;688;
18.02.2025;13:11:05.437;FGBL SI 20250306 PS;SIMPLE_INSTRUMENT;EFS;EUR;105;132.00000000;189;EXCHANGE_LAST;;1;1;XEUR;11286679;688;
18.02.2025;13:12:02.773;FGBL SI 20250306 PS;SIMPLE_INSTRUMENT;EFS;EUR;106;131.98000000;418;EXCHANGE_LAST;;1;1;XEUR;11286679;688;
18.02.2025;13:13:04.194;FGBL SI 20250306 PS;SIMPLE_INSTRUMENT;EFS;EUR;107;132.00000000;284;EXCHANGE_LAST;;1;1;XEUR;11286679;688;
18.02.2025;13:16:22.961;FGBL SI 20250306 PS;SIMPLE_INSTRUMENT;EFS;EUR;108;131.99000000;418;EXCHANGE_LAST;;1;1;XEUR;11286679;688;
18.02.2025;13:21:48.183;FGBL SI 20250306 PS;SIMPLE_INSTRUMENT;EFS;EUR;109;132.01000000;418;EXCHANGE_LAST;;1;1;XEUR;11286679;688;
18.02.2025;13:22:04.199;FGBL SI 20250306 PS;SIMPLE_INSTRUMENT;EFS;EUR;110;132.01000000;418;EXCHANGE_LAST;;1;1;XEUR;11286679;688;
18.02.2025;13:24:43.314;FGBL SI 20250306 PS;SIMPLE_INSTRUMENT;EFS;EUR;111;132.02000000;472;EXCHANGE_LAST;;1;1;XEUR;11286679;688;
18.02.2025;13:34:35.063;FGBL SI 20250306 PS;SIMPLE_INSTRUMENT;BLOCK;EUR;112;131.95000000;4440;EXCHANGE_LAST;;1;1;XEUR;11286679;688;
18.02.2025;13:40:41.833;FGBL SI 20250306 PS;SIMPLE_INSTRUMENT;EFP_FIN;EUR;113;131.99000000;426;EXCHANGE_LAST;;1;1;XEUR;11286679;688;
18.02.2025;13:46:54.082;FGBL SI 20250306 PS;SIMPLE_INSTRUMENT;EFP_FIN;EUR;114;131.99000000;206;EXCHANGE_LAST;;1;1;XEUR;11286679;688;
18.02.2025;13:50:56.398;FGBL SI 20250306 PS;SIMPLE_INSTRUMENT;EFS;EUR;115;132.06000000;142;EXCHANGE_LAST;;1;1;XEUR;11286679;688;
18.02.2025;13:53:55.735;FGBL SI 20250306 PS;SIMPLE_INSTRUMENT;EFP_FIN;EUR;116;132.06000000;102;EXCHANGE_LAST;;1;1;XEUR;11286679;688;
18.02.2025;13:56:43.507;FGBL SI 20250306 PS;SIMPLE_INSTRUMENT;EFP_FIN;EUR;117;132.06000000;102;EXCHANGE_LAST;;1;1;XEUR;11286679;688;
18.02.2025;13:56:27.882;FGBL SI 20250306 PS;SIMPLE_INSTRUMENT;EFS;EUR;118;132.05000000;2261;EXCHANGE_LAST;;1;1;XEUR;11286679;688;
18.02.2025;13:58:59.443;FGBL SI 20250306 PS;SIMPLE_INSTRUMENT;EFS;EUR;119;132.04000000;795;EXCHANGE_LAST;;1;1;XEUR;11286679;688;
18.02.2025;14:00:44.983;FGBL SI 20250306 PS;SIMPLE_INSTRUMENT;EFS;EUR;120;132.01000000;453;EXCHANGE_LAST;;1;1;XEUR;11286679;688;
18.02.2025;14:04:19.323;FGBL SI 20250306 PS;SIMPLE_INSTRUMENT;EFP_FIN;EUR;121;132.02000000;742;EXCHANGE_LAST;;1;1;XEUR;11286679;688;
18.02.2025;14:08:48.238;FGBL SI 20250306 PS;SIMPLE_INSTRUMENT;EFS;EUR;122;132.05000000;442;EXCHANGE_LAST;;1;1;XEUR;11286679;688;
18.02.2025;14:14:01.472;FGBL SI 20250306 PS;SIMPLE_INSTRUMENT;EFP_FIN;EUR;123;132.04000000;341;EXCHANGE_LAST;;1;1;XEUR;11286679;688;
18.02.2025;14:12:32.207;FGBL SI 20250306 PS;SIMPLE_INSTRUMENT;EFS;EUR;124;132.03000000;292;EXCHANGE_LAST;;1;1;XEUR;11286679;688;
18.02.2025;14:13:06.199;FGBL SI 20250306 PS;SIMPLE_INSTRUMENT;EFS;EUR;125;132.02000000;316;EXCHANGE_LAST;;1;1;XEUR;11286679;688;
18.02.2025;14:14:27.627;FGBL SI 20250306 PS;SIMPLE_INSTRUMENT;EFS;EUR;126;132.02000000;42;EXCHANGE_LAST;;1;1;XEUR;11286679;688;
18.02.2025;14:16:30.035;FGBL SI 20250306 PS;SIMPLE_INSTRUMENT;EFS;EUR;127;132.02000000;376;EXCHANGE_LAST;;1;1;XEUR;11286679;688;
18.02.2025;14:19:45.278;FGBL SI 20250306 PS;SIMPLE_INSTRUMENT;EFS;EUR;128;131.99000000;418;EXCHANGE_LAST;;1;1;XEUR;11286679;688;
18.02.2025;14:21:05.827;FGBL SI 20250306 PS;SIMPLE_INSTRUMENT;EFS;EUR;129;131.99000000;418;EXCHANGE_LAST;;1;1;XEUR;11286679;688;
18.02.2025;14:22:45.957;FGBL SI 20250306 PS;SIMPLE_INSTRUMENT;EFS;EUR;130;132.01000000;418;EXCHANGE_LAST;;1;1;XEUR;11286679;688;
18.02.2025;14:24:35.726;FGBL SI 20250306 PS;SIMPLE_INSTRUMENT;EFS;EUR;131;132.00000000;418;EXCHANGE_LAST;;1;1;XEUR;11286679;688;
18.02.2025;14:24:44.733;FGBL SI 20250306 PS;SIMPLE_INSTRUMENT;EFS;EUR;132;132.05000000;709;EXCHANGE_LAST;;1;1;XEUR;11286679;688;
18.02.2025;14:30:12.102;FGBL SI 20250306 PS;SIMPLE_INSTRUMENT;EFS;EUR;133;132.01000000;1536;EXCHANGE_LAST;;1;1;XEUR;11286679;688;
18.02.2025;14:38:17.391;FGBL SI 20250306 PS;SIMPLE_INSTRUMENT;EFS;EUR;134;131.97000000;946;EXCHANGE_LAST;;1;1;XEUR;11286679;688;
18.02.2025;14:37:33.943;FGBL SI 20250306 PS;SIMPLE_INSTRUMENT;EFS;EUR;135;132.05000000;418;EXCHANGE_LAST;;1;1;XEUR;11286679;688;
18.02.2025;14:38:47.552;FGBL SI 20250306 PS;SIMPLE_INSTRUMENT;EFP_FIN;EUR;136;131.98000000;225;EXCHANGE_LAST;;1;1;XEUR;11286679;688;
18.02.2025;14:41:15.539;FGBL SI 20250306 PS;SIMPLE_INSTRUMENT;EFS;EUR;137;132.05000000;418;EXCHANGE_LAST;;1;1;XEUR;11286679;688;
18.02.2025;14:44:12.966;FGBL SI 20250306 PS;SIMPLE_INSTRUMENT;EFP_FIN;EUR;138;132.00000000;429;EXCHANGE_LAST;;1;1;XEUR;11286679;688;
18.02.2025;14:45:27.262;FGBL SI 20250306 PS;SIMPLE_INSTRUMENT;EFP_FIN;EUR;139;132.00000000;93;EXCHANGE_LAST;;1;1;XEUR;11286679;688;
18.02.2025;14:48:43.085;FGBL SI 20250306 PS;SIMPLE_INSTRUMENT;EFS;EUR;140;132.01000000;473;EXCHANGE_LAST;;1;1;XEUR;11286679;688;
18.02.2025;14:53:22.068;FGBL SI 20250306 PS;SIMPLE_INSTRUMENT;EFP_FIN;EUR;141;132.00000000;471;EXCHANGE_LAST;;1;1;XEUR;11286679;688;
18.02.2025;14:58:21.369;FGBL SI 20250306 PS;SIMPLE_INSTRUMENT;EFP_FIN;EUR;142;132.04000000;475;EXCHANGE_LAST;;1;1;XEUR;11286679;688;
18.02.2025;15:00:01.974;FGBL SI 20250306 PS;SIMPLE_INSTRUMENT;EFS;EUR;143;132.08000000;417;EXCHANGE_LAST;;1;1;XEUR;11286679;688;
18.02.2025;15:00:16.908;FGBL SI 20250306 PS;SIMPLE_INSTRUMENT;EFS;EUR;144;132.06000000;540;EXCHANGE_LAST;;1;1;XEUR;11286679;688;
18.02.2025;15:01:11.449;FGBL SI 20250306 PS;SIMPLE_INSTRUMENT;EFP_FIN;EUR;145;132.00000000;315;EXCHANGE_LAST;;1;1;XEUR;11286679;688;
18.02.2025;15:02:40.175;FGBL SI 20250306 PS;SIMPLE_INSTRUMENT;EFP_FIN;EUR;146;132.06000000;540;EXCHANGE_LAST;;1;1;XEUR;11286679;688;
18.02.2025;15:07:12.591;FGBL SI 20250306 PS;SIMPLE_INSTRUMENT;EFS;EUR;147;132.07000000;418;EXCHANGE_LAST;;1;1;XEUR;11286679;688;
18.02.2025;15:11:47.200;FGBL SI 20250306 PS;SIMPLE_INSTRUMENT;EFS;EUR;148;132.07000000;452;EXCHANGE_LAST;;1;1;XEUR;11286679;688;
18.02.2025;15:12:59.176;FGBL SI 20250306 PS;SIMPLE_INSTRUMENT;EFP_FIN;EUR;149;132.05000000;165;EXCHANGE_LAST;;1;1;XEUR;11286679;688;
18.02.2025;15:17:39.140;FGBL SI 20250306 PS;SIMPLE_INSTRUMENT;EFS;EUR;150;132.08000000;906;EXCHANGE_LAST;;1;1;XEUR;11286679;688;
18.02.2025;15:22:30.751;FGBL SI 20250306 PS;SIMPLE_INSTRUMENT;EFS;EUR;151;132.06000000;417;EXCHANGE_LAST;;1;1;XEUR;11286679;688;
18.02.2025;15:23:42.581;FGBL SI 20250306 PS;SIMPLE_INSTRUMENT;EFS;EUR;152;132.05000000;426;EXCHANGE_LAST;;1;1;XEUR;11286679;688;
18.02.2025;15:31:37.717;FGBL SI 20250306 PS;SIMPLE_INSTRUMENT;EFS;EUR;153;132.10000000;250;EXCHANGE_LAST;;1;1;XEUR;11286679;688;
18.02.2025;15:33:16.611;FGBL SI 20250306 PS;SIMPLE_INSTRUMENT;EFS;EUR;154;132.07000000;100;EXCHANGE_LAST;;1;1;XEUR;11286679;688;
18.02.2025;15:38:23.792;FGBL SI 20250306 PS;SIMPLE_INSTRUMENT;EFS;EUR;155;132.06000000;300;EXCHANGE_LAST;;1;1;XEUR;11286679;688;
18.02.2025;15:47:23.214;FGBL SI 20250306 PS;SIMPLE_INSTRUMENT;EFP_FIN;EUR;156;132.04000000;765;EXCHANGE_LAST;;1;1;XEUR;11286679;688;
18.02.2025;15:52:02.605;FGBL SI 20250306 PS;SIMPLE_INSTRUMENT;EFS;EUR;157;132.12000000;417;EXCHANGE_LAST;;1;1;XEUR;11286679;688;
18.02.2025;15:56:45.216;FGBL SI 20250306 PS;SIMPLE_INSTRUMENT;EFS;EUR;158;132.10000000;417;EXCHANGE_LAST;;1;1;XEUR;11286679;688;
18.02.2025;15:56:50.916;FGBL SI 20250306 PS;SIMPLE_INSTRUMENT;EFS;EUR;159;132.11000000;945;EXCHANGE_LAST;;1;1;XEUR;11286679;688;
18.02.2025;15:59:17.301;FGBL SI 20250306 PS;SIMPLE_INSTRUMENT;EFP_FIN;EUR;160;132.09000000;1857;EXCHANGE_LAST;;1;1;XEUR;11286679;688;
18.02.2025;16:03:24.410;FGBL SI 20250306 PS;SIMPLE_INSTRUMENT;EFP_FIN;EUR;161;132.12000000;117;EXCHANGE_LAST;;1;1;XEUR;11286679;688;
18.02.2025;16:09:05.089;FGBL SI 20250306 PS;SIMPLE_INSTRUMENT;EFS;EUR;162;132.08000000;417;EXCHANGE_LAST;;1;1;XEUR;11286679;688;
18.02.2025;16:10:08.991;FGBL SI 20250306 PS;SIMPLE_INSTRUMENT;EFS;EUR;163;132.09000000;209;EXCHANGE_LAST;;1;1;XEUR;11286679;688;
18.02.2025;16:13:58.630;FGBL SI 20250306 PS;SIMPLE_INSTRUMENT;EFS;EUR;164;132.10000000;1300;EXCHANGE_LAST;;1;1;XEUR;11286679;688;
18.02.2025;16:15:56.736;FGBL SI 20250306 PS;SIMPLE_INSTRUMENT;EFS;EUR;165;132.08000000;226;EXCHANGE_LAST;;1;1;XEUR;11286679;688;
18.02.2025;16:16:17.323;FGBL SI 20250306 PS;SIMPLE_INSTRUMENT;EFS;EUR;166;132.09000000;581;EXCHANGE_LAST;;1;1;XEUR;11286679;688;
18.02.2025;16:17:53.539;FGBL SI 20250306 PS;SIMPLE_INSTRUMENT;EFS;EUR;167;132.08000000;209;EXCHANGE_LAST;;1;1;XEUR;11286679;688;
18.02.2025;16:22:34.482;FGBL SI 20250306 PS;SIMPLE_INSTRUMENT;EFS;EUR;168;132.02000000;453;EXCHANGE_LAST;;1;1;XEUR;11286679;688;
18.02.2025;16:25:42.540;FGBL SI 20250306 PS;SIMPLE_INSTRUMENT;EFS;EUR;169;132.09000000;709;EXCHANGE_LAST;;1;1;XEUR;11286679;688;
18.02.2025;16:26:04.428;FGBL SI 20250306 PS;SIMPLE_INSTRUMENT;EFS;EUR;170;132.10000000;473;EXCHANGE_LAST;;1;1;XEUR;11286679;688;
18.02.2025;16:50:19.343;FGBL SI 20250306 PS;SIMPLE_INSTRUMENT;EFS;EUR;171;132.10000000;242;EXCHANGE_LAST;;1;1;XEUR;11286679;688;
18.02.2025;16:51:14.376;FGBL SI 20250306 PS;SIMPLE_INSTRUMENT;EFS;EUR;172;132.07000000;209;EXCHANGE_LAST;;1;1;XEUR;11286679;688;
18.02.2025;16:57:34.595;FGBL SI 20250306 PS;SIMPLE_INSTRUMENT;EFS;EUR;173;132.05000000;418;EXCHANGE_LAST;;1;1;XEUR;11286679;688;
18.02.2025;17:10:21.022;FGBL SI 20250306 PS;SIMPLE_INSTRUMENT;EFS;EUR;174;132.10000000;914;EXCHANGE_LAST;;1;1;XEUR;11286679;688;
18.02.2025;17:17:05.650;FGBL SI 20250306 PS;SIMPLE_INSTRUMENT;EFS;EUR;175;132.07000000;418;EXCHANGE_LAST;;1;1;XEUR;11286679;688;
18.02.2025;17:19:57.446;FGBL SI 20250306 PS;SIMPLE_INSTRUMENT;EFS;EUR;176;132.06000000;835;EXCHANGE_LAST;;1;1;XEUR;11286679;688;
18.02.2025;17:20:07.909;FGBL SI 20250306 PS;SIMPLE_INSTRUMENT;EFS;EUR;177;132.07000000;588;EXCHANGE_LAST;;1;1;XEUR;11286679;688;
18.02.2025;17:25:06.976;FGBL SI 20250306 PS;SIMPLE_INSTRUMENT;EFS;EUR;178;132.07000000;417;EXCHANGE_LAST;;1;1;XEUR;11286679;688;
18.02.2025;07:53:33.967;FGBL SI 20250306 PS;SIMPLE_INSTRUMENT;VOLA;EUR;268435466;131.87000000;8;EXCHANGE_LAST;;1;1;XEUR;11286679;688;
18.02.2025;10:12:11.773;FGBL SI 20250306 PS;SIMPLE_INSTRUMENT;VOLA;EUR;268435486;131.90000000;30;EXCHANGE_LAST;;1;1;XEUR;11286679;688;
18.02.2025;10:12:35.977;FGBL SI 20250306 PS;SIMPLE_INSTRUMENT;VOLA;EUR;268435487;131.90000000;30;EXCHANGE_LAST;;1;1;XEUR;11286679;688;
18.02.2025;10:21:07.297;FGBL SI 20250306 PS;SIMPLE_INSTRUMENT;VOLA;EUR;268435489;131.89000000;25;EXCHANGE_LAST;;1;1;XEUR;11286679;688;
18.02.2025;15:20:59.685;FGBL SI 20250306 PS;SIMPLE_INSTRUMENT;VOLA;EUR;268435528;132.06000000;225;EXCHANGE_LAST;;1;1;XEUR;11286679;688;
18.02.2025;16:55:54.028;FGBL SI 20250306 PS;SIMPLE_INSTRUMENT;VOLA;EUR;268435551;132.10000000;55;EXCHANGE_LAST;;1;1;XEUR;11286679;688;
18.02.2025;16:56:35.033;FGBL SI 20250306 PS;SIMPLE_INSTRUMENT;VOLA;EUR;268435552;132.07000000;5;EXCHANGE_LAST;;1;1;XEUR;11286679;688;
18.02.2025;08:08:24.471;FGBM SI 20250306 PS;SIMPLE_INSTRUMENT;EFS;EUR;1;117.13000000;1984;EXCHANGE_LAST;;1;1;XEUR;11286680;689;
18.02.2025;08:12:55.942;FGBM SI 20250306 PS;SIMPLE_INSTRUMENT;EFS;EUR;2;117.12000000;475;EXCHANGE_LAST;;1;1;XEUR;11286680;689;
18.02.2025;08:19:05.381;FGBM SI 20250306 PS;SIMPLE_INSTRUMENT;EFS;EUR;3;117.18000000;461;EXCHANGE_LAST;;1;1;XEUR;11286680;689;
18.02.2025;08:28:25.366;FGBM SI 20250306 PS;SIMPLE_INSTRUMENT;EFS;EUR;4;117.17000000;767;EXCHANGE_LAST;;1;1;XEUR;11286680;689;
18.02.2025;08:30:11.372;FGBM SI 20250306 PS;SIMPLE_INSTRUMENT;EFS;EUR;5;117.16000000;1983;EXCHANGE_LAST;;1;1;XEUR;11286680;689;
18.02.2025;08:32:12.368;FGBM SI 20250306 PS;SIMPLE_INSTRUMENT;EFP_FIN;EUR;6;117.17000000;421;EXCHANGE_LAST;;1;1;XEUR;11286680;689;
18.02.2025;08:33:53.277;FGBM SI 20250306 PS;SIMPLE_INSTRUMENT;EFS;EUR;7;117.16000000;474;EXCHANGE_LAST;;1;1;XEUR;11286680;689;
18.02.2025;08:37:21.806;FGBM SI 20250306 PS;SIMPLE_INSTRUMENT;EFS;EUR;8;117.17000000;475;EXCHANGE_LAST;;1;1;XEUR;11286680;689;
18.02.2025;08:41:53.569;FGBM SI 20250306 PS;SIMPLE_INSTRUMENT;EFP_FIN;EUR;9;117.17000000;351;EXCHANGE_LAST;;1;1;XEUR;11286680;689;
18.02.2025;08:59:24.798;FGBM SI 20250306 PS;SIMPLE_INSTRUMENT;EFS;EUR;10;117.17000000;871;EXCHANGE_LAST;;1;1;XEUR;11286680;689;
18.02.2025;09:14:14.641;FGBM SI 20250306 PS;SIMPLE_INSTRUMENT;EFS;EUR;11;117.18000000;871;EXCHANGE_LAST;;1;1;XEUR;11286680;689;
18.02.2025;09:44:12.763;FGBM SI 20250306 PS;SIMPLE_INSTRUMENT;EFP_FIN;EUR;12;117.17000000;103;EXCHANGE_LAST;;1;1;XEUR;11286680;689;
18.02.2025;09:53:37.397;FGBM SI 20250306 PS;SIMPLE_INSTRUMENT;EFS;EUR;13;117.18000000;432;EXCHANGE_LAST;;1;1;XEUR;11286680;689;
18.02.2025;09:52:29.379;FGBM SI 20250306 PS;SIMPLE_INSTRUMENT;EFP_FIN;EUR;14;117.17000000;342;EXCHANGE_LAST;;1;1;XEUR;11286680;689;
18.02.2025;09:54:47.092;FGBM SI 20250306 PS;SIMPLE_INSTRUMENT;EFP_FIN;EUR;15;117.17000000;285;EXCHANGE_LAST;;1;1;XEUR;11286680;689;
18.02.2025;10:05:12.155;FGBM SI 20250306 PS;SIMPLE_INSTRUMENT;EFP_FIN;EUR;16;117.17000000;342;EXCHANGE_LAST;;1;1;XEUR;11286680;689;
18.02.2025;10:07:49.631;FGBM SI 20250306 PS;SIMPLE_INSTRUMENT;EFP_FIN;EUR;17;117.17000000;880;EXCHANGE_LAST;;1;1;XEUR;11286680;689;
18.02.2025;10:28:48.430;FGBM SI 20250306 PS;SIMPLE_INSTRUMENT;EFP_FIN;EUR;18;117.15000000;237;EXCHANGE_LAST;;1;1;XEUR;11286680;689;
18.02.2025;10:25:23.881;FGBM SI 20250306 PS;SIMPLE_INSTRUMENT;EFS;EUR;19;117.16000000;853;EXCHANGE_LAST;;1;1;XEUR;11286680;689;
18.02.2025;10:31:55.676;FGBM SI 20250306 PS;SIMPLE_INSTRUMENT;EFP_FIN;EUR;20;117.14000000;4314;EXCHANGE_LAST;;1;1;XEUR;11286680;689;
18.02.2025;10:44:57.248;FGBM SI 20250306 PS;SIMPLE_INSTRUMENT;EFS;EUR;21;117.19000000;474;EXCHANGE_LAST;;1;1;XEUR;11286680;689;
18.02.2025;10:54:38.167;FGBM SI 20250306 PS;SIMPLE_INSTRUMENT;EFP_FIN;EUR;22;117.22000000;90;EXCHANGE_LAST;;1;1;XEUR;11286680;689;
18.02.2025;10:54:49.589;FGBM SI 20250306 PS;SIMPLE_INSTRUMENT;EFP_FIN;EUR;23;117.22000000;136;EXCHANGE_LAST;;1;1;XEUR;11286680;689;
18.02.2025;11:02:08.966;FGBM SI 20250306 PS;SIMPLE_INSTRUMENT;EFS;EUR;24;117.19000000;2758;EXCHANGE_LAST;;1;1;XEUR;11286680;689;
18.02.2025;12:07:04.221;FGBM SI 20250306 PS;SIMPLE_INSTRUMENT;EFP_FIN;EUR;25;117.20000000;431;EXCHANGE_LAST;;1;1;XEUR;11286680;689;
18.02.2025;12:18:03.289;FGBM SI 20250306 PS;SIMPLE_INSTRUMENT;EFP_FIN;EUR;26;117.15000000;106;EXCHANGE_LAST;;1;1;XEUR;11286680;689;
18.02.2025;12:21:53.834;FGBM SI 20250306 PS;SIMPLE_INSTRUMENT;EFP_FIN;EUR;27;117.15000000;159;EXCHANGE_LAST;;1;1;XEUR;11286680;689;
18.02.2025;12:40:20.110;FGBM SI 20250306 PS;SIMPLE_INSTRUMENT;EFP_FIN;EUR;28;117.15000000;431;EXCHANGE_LAST;;1;1;XEUR;11286680;689;
18.02.2025;12:56:36.721;FGBM SI 20250306 PS;SIMPLE_INSTRUMENT;EFP_FIN;EUR;29;117.15000000;474;EXCHANGE_LAST;;1;1;XEUR;11286680;689;
18.02.2025;12:58:45.783;FGBM SI 20250306 PS;SIMPLE_INSTRUMENT;EFS;EUR;30;117.14000000;922;EXCHANGE_LAST;;1;1;XEUR;11286680;689;
18.02.2025;13:04:20.310;FGBM SI 20250306 PS;SIMPLE_INSTRUMENT;EFS;EUR;31;117.18000000;461;EXCHANGE_LAST;;1;1;XEUR;11286680;689;
18.02.2025;13:22:49.926;FGBM SI 20250306 PS;SIMPLE_INSTRUMENT;EFS;EUR;32;117.19000000;461;EXCHANGE_LAST;;1;1;XEUR;11286680;689;
18.02.2025;13:11:10.236;FGBM SI 20250306 PS;SIMPLE_INSTRUMENT;EFS;EUR;33;117.18000000;595;EXCHANGE_LAST;;1;1;XEUR;11286680;689;
18.02.2025;13:35:39.743;FGBM SI 20250306 PS;SIMPLE_INSTRUMENT;EFS;EUR;34;117.19000000;922;EXCHANGE_LAST;;1;1;XEUR;11286680;689;
18.02.2025;13:36:09.765;FGBM SI 20250306 PS;SIMPLE_INSTRUMENT;EFS;EUR;35;117.19000000;922;EXCHANGE_LAST;;1;1;XEUR;11286680;689;
18.02.2025;13:38:41.624;FGBM SI 20250306 PS;SIMPLE_INSTRUMENT;EFS;EUR;36;117.19000000;461;EXCHANGE_LAST;;1;1;XEUR;11286680;689;
18.02.2025;13:40:41.592;FGBM SI 20250306 PS;SIMPLE_INSTRUMENT;EFP_FIN;EUR;37;117.20000000;1184;EXCHANGE_LAST;;1;1;XEUR;11286680;689;
18.02.2025;13:42:12.339;FGBM SI 20250306 PS;SIMPLE_INSTRUMENT;EFP_FIN;EUR;38;117.19000000;318;EXCHANGE_LAST;;1;1;XEUR;11286680;689;
18.02.2025;13:43:41.374;FGBM SI 20250306 PS;SIMPLE_INSTRUMENT;EFP_FIN;EUR;39;117.18000000;252;EXCHANGE_LAST;;1;1;XEUR;11286680;689;
18.02.2025;14:01:33.269;FGBM SI 20250306 PS;SIMPLE_INSTRUMENT;EFP_FIN;EUR;40;117.21000000;149;EXCHANGE_LAST;;1;1;XEUR;11286680;689;
18.02.2025;14:12:09.891;FGBM SI 20250306 PS;SIMPLE_INSTRUMENT;EFS;EUR;41;117.22000000;921;EXCHANGE_LAST;;1;1;XEUR;11286680;689;
18.02.2025;14:09:51.098;FGBM SI 20250306 PS;SIMPLE_INSTRUMENT;EFS;EUR;42;117.21000000;976;EXCHANGE_LAST;;1;1;XEUR;11286680;689;
18.02.2025;14:10:15.596;FGBM SI 20250306 PS;SIMPLE_INSTRUMENT;EFS;EUR;43;117.21000000;664;EXCHANGE_LAST;;1;1;XEUR;11286680;689;
18.02.2025;14:19:57.838;FGBM SI 20250306 PS;SIMPLE_INSTRUMENT;EFS;EUR;44;117.20000000;461;EXCHANGE_LAST;;1;1;XEUR;11286680;689;
18.02.2025;14:26:19.271;FGBM SI 20250306 PS;SIMPLE_INSTRUMENT;EFS;EUR;45;117.21000000;1487;EXCHANGE_LAST;;1;1;XEUR;11286680;689;
18.02.2025;14:38:16.727;FGBM SI 20250306 PS;SIMPLE_INSTRUMENT;EFS;EUR;46;117.18000000;3965;EXCHANGE_LAST;;1;1;XEUR;11286680;689;
18.02.2025;14:37:15.371;FGBM SI 20250306 PS;SIMPLE_INSTRUMENT;EFS;EUR;47;117.20000000;461;EXCHANGE_LAST;;1;1;XEUR;11286680;689;
18.02.2025;14:37:45.396;FGBM SI 20250306 PS;SIMPLE_INSTRUMENT;EFS;EUR;48;117.20000000;922;EXCHANGE_LAST;;1;1;XEUR;11286680;689;
18.02.2025;14:41:30.554;FGBM SI 20250306 PS;SIMPLE_INSTRUMENT;EFS;EUR;49;117.20000000;461;EXCHANGE_LAST;;1;1;XEUR;11286680;689;
18.02.2025;14:42:50.605;FGBM SI 20250306 PS;SIMPLE_INSTRUMENT;EFS;EUR;50;117.22000000;922;EXCHANGE_LAST;;1;1;XEUR;11286680;689;
18.02.2025;14:42:56.611;FGBM SI 20250306 PS;SIMPLE_INSTRUMENT;EFS;EUR;51;117.20000000;461;EXCHANGE_LAST;;1;1;XEUR;11286680;689;
18.02.2025;14:47:11.878;FGBM SI 20250306 PS;SIMPLE_INSTRUMENT;EFS;EUR;52;117.19000000;1983;EXCHANGE_LAST;;1;1;XEUR;11286680;689;
18.02.2025;14:48:20.479;FGBM SI 20250306 PS;SIMPLE_INSTRUMENT;EFS;EUR;53;117.22000000;1759;EXCHANGE_LAST;;1;1;XEUR;11286680;689;
18.02.2025;14:50:30.576;FGBM SI 20250306 PS;SIMPLE_INSTRUMENT;EFS;EUR;54;117.20000000;664;EXCHANGE_LAST;;1;1;XEUR;11286680;689;
18.02.2025;14:51:27.601;FGBM SI 20250306 PS;SIMPLE_INSTRUMENT;EFP_FIN;EUR;55;117.21000000;450;EXCHANGE_LAST;;1;1;XEUR;11286680;689;
18.02.2025;14:52:47.009;FGBM SI 20250306 PS;SIMPLE_INSTRUMENT;EFS;EUR;56;117.22000000;461;EXCHANGE_LAST;;1;1;XEUR;11286680;689;
18.02.2025;14:52:52.014;FGBM SI 20250306 PS;SIMPLE_INSTRUMENT;EFS;EUR;57;117.22000000;922;EXCHANGE_LAST;;1;1;XEUR;11286680;689;
18.02.2025;14:56:07.153;FGBM SI 20250306 PS;SIMPLE_INSTRUMENT;EFS;EUR;58;117.21000000;922;EXCHANGE_LAST;;1;1;XEUR;11286680;689;
18.02.2025;14:56:17.161;FGBM SI 20250306 PS;SIMPLE_INSTRUMENT;EFS;EUR;59;117.21000000;922;EXCHANGE_LAST;;1;1;XEUR;11286680;689;
18.02.2025;15:02:51.061;FGBM SI 20250306 PS;SIMPLE_INSTRUMENT;EFS;EUR;60;117.24000000;991;EXCHANGE_LAST;;1;1;XEUR;11286680;689;
18.02.2025;15:06:44.102;FGBM SI 20250306 PS;SIMPLE_INSTRUMENT;EFP_FIN;EUR;61;117.21000000;1294;EXCHANGE_LAST;;1;1;XEUR;11286680;689;
18.02.2025;15:06:47.571;FGBM SI 20250306 PS;SIMPLE_INSTRUMENT;EFS;EUR;62;117.23000000;922;EXCHANGE_LAST;;1;1;XEUR;11286680;689;
18.02.2025;15:11:07.436;FGBM SI 20250306 PS;SIMPLE_INSTRUMENT;EFP_FIN;EUR;63;117.23000000;431;EXCHANGE_LAST;;1;1;XEUR;11286680;689;
18.02.2025;15:10:41.421;FGBM SI 20250306 PS;SIMPLE_INSTRUMENT;EFS;EUR;64;117.24000000;921;EXCHANGE_LAST;;1;1;XEUR;11286680;689;
18.02.2025;15:11:02.747;FGBM SI 20250306 PS;SIMPLE_INSTRUMENT;EFS;EUR;65;117.22000000;461;EXCHANGE_LAST;;1;1;XEUR;11286680;689;
18.02.2025;15:13:01.820;FGBM SI 20250306 PS;SIMPLE_INSTRUMENT;EFP_FIN;EUR;66;117.23000000;862;EXCHANGE_LAST;;1;1;XEUR;11286680;689;
18.02.2025;15:22:26.081;FGBM SI 20250306 PS;SIMPLE_INSTRUMENT;EFS;EUR;67;117.23000000;500;EXCHANGE_LAST;;1;1;XEUR;11286680;689;
18.02.2025;15:21:26.155;FGBM SI 20250306 PS;SIMPLE_INSTRUMENT;EFS;EUR;68;117.22000000;3795;EXCHANGE_LAST;;1;1;XEUR;11286680;689;
18.02.2025;15:25:20.277;FGBM SI 20250306 PS;SIMPLE_INSTRUMENT;EFS;EUR;69;117.24000000;922;EXCHANGE_LAST;;1;1;XEUR;11286680;689;
18.02.2025;15:25:51.867;FGBM SI 20250306 PS;SIMPLE_INSTRUMENT;EFS;EUR;70;117.23000000;500;EXCHANGE_LAST;;1;1;XEUR;11286680;689;
18.02.2025;15:27:15.364;FGBM SI 20250306 PS;SIMPLE_INSTRUMENT;EFS;EUR;71;117.24000000;922;EXCHANGE_LAST;;1;1;XEUR;11286680;689;
18.02.2025;15:27:42.489;FGBM SI 20250306 PS;SIMPLE_INSTRUMENT;EFS;EUR;72;117.24000000;921;EXCHANGE_LAST;;1;1;XEUR;11286680;689;
18.02.2025;15:28:25.412;FGBM SI 20250306 PS;SIMPLE_INSTRUMENT;EFS;EUR;73;117.24000000;922;EXCHANGE_LAST;;1;1;XEUR;11286680;689;
18.02.2025;15:28:28.297;FGBM SI 20250306 PS;SIMPLE_INSTRUMENT;EFS;EUR;74;117.22000000;921;EXCHANGE_LAST;;1;1;XEUR;11286680;689;
18.02.2025;15:29:21.072;FGBM SI 20250306 PS;SIMPLE_INSTRUMENT;EFS;EUR;75;117.22000000;921;EXCHANGE_LAST;;1;1;XEUR;11286680;689;
18.02.2025;15:31:32.157;FGBM SI 20250306 PS;SIMPLE_INSTRUMENT;EFS;EUR;76;117.21000000;991;EXCHANGE_LAST;;1;1;XEUR;11286680;689;
18.02.2025;15:34:05.625;FGBM SI 20250306 PS;SIMPLE_INSTRUMENT;EFS;EUR;77;117.22000000;922;EXCHANGE_LAST;;1;1;XEUR;11286680;689;
18.02.2025;15:36:17.316;FGBM SI 20250306 PS;SIMPLE_INSTRUMENT;EFS;EUR;78;117.22000000;625;EXCHANGE_LAST;;1;1;XEUR;11286680;689;
18.02.2025;15:37:48.774;FGBM SI 20250306 PS;SIMPLE_INSTRUMENT;EFP_FIN;EUR;79;117.23000000;68;EXCHANGE_LAST;;1;1;XEUR;11286680;689;
18.02.2025;15:41:06.495;FGBM SI 20250306 PS;SIMPLE_INSTRUMENT;EFP_FIN;EUR;80;117.23000000;68;EXCHANGE_LAST;;1;1;XEUR;11286680;689;
18.02.2025;15:39:25.665;FGBM SI 20250306 PS;SIMPLE_INSTRUMENT;EFS;EUR;81;117.23000000;921;EXCHANGE_LAST;;1;1;XEUR;11286680;689;
18.02.2025;15:39:46.062;FGBM SI 20250306 PS;SIMPLE_INSTRUMENT;EFP_FIN;EUR;82;117.23000000;171;EXCHANGE_LAST;;1;1;XEUR;11286680;689;
18.02.2025;15:40:35.461;FGBM SI 20250306 PS;SIMPLE_INSTRUMENT;EFS;EUR;83;117.24000000;1842;EXCHANGE_LAST;;1;1;XEUR;11286680;689;
18.02.2025;15:43:39.286;FGBM SI 20250306 PS;SIMPLE_INSTRUMENT;EFS;EUR;84;117.24000000;921;EXCHANGE_LAST;;1;1;XEUR;11286680;689;
18.02.2025;16:07:29.422;FGBM SI 20250306 PS;SIMPLE_INSTRUMENT;EFS;EUR;85;117.23000000;870;EXCHANGE_LAST;;1;1;XEUR;11286680;689;
18.02.2025;16:12:13.754;FGBM SI 20250306 PS;SIMPLE_INSTRUMENT;EFS;EUR;86;117.24000000;700;EXCHANGE_LAST;;1;1;XEUR;11286680;689;
18.02.2025;16:14:34.160;FGBM SI 20250306 PS;SIMPLE_INSTRUMENT;EFS;EUR;87;117.24000000;922;EXCHANGE_LAST;;1;1;XEUR;11286680;689;
18.02.2025;16:15:44.326;FGBM SI 20250306 PS;SIMPLE_INSTRUMENT;EFP_FIN;EUR;88;117.23000000;648;EXCHANGE_LAST;;1;1;XEUR;11286680;689;
18.02.2025;16:17:33.741;FGBM SI 20250306 PS;SIMPLE_INSTRUMENT;EFS;EUR;89;117.24000000;474;EXCHANGE_LAST;;1;1;XEUR;11286680;689;
18.02.2025;16:24:48.157;FGBM SI 20250306 PS;SIMPLE_INSTRUMENT;EFS;EUR;90;117.24000000;1486;EXCHANGE_LAST;;1;1;XEUR;11286680;689;
18.02.2025;16:26:42.892;FGBM SI 20250306 PS;SIMPLE_INSTRUMENT;EFS;EUR;91;117.22000000;691;EXCHANGE_LAST;;1;1;XEUR;11286680;689;
18.02.2025;16:32:43.831;FGBM SI 20250306 PS;SIMPLE_INSTRUMENT;EFP_FIN;EUR;92;117.24000000;430;EXCHANGE_LAST;;1;1;XEUR;11286680;689;
18.02.2025;16:33:16.737;FGBM SI 20250306 PS;SIMPLE_INSTRUMENT;EFS;EUR;93;117.24000000;700;EXCHANGE_LAST;;1;1;XEUR;11286680;689;
18.02.2025;16:34:29.696;FGBM SI 20250306 PS;SIMPLE_INSTRUMENT;EFP_FIN;EUR;94;117.25000000;235;EXCHANGE_LAST;;1;1;XEUR;11286680;689;
18.02.2025;16:35:19.137;FGBM SI 20250306 PS;SIMPLE_INSTRUMENT;EFS;EUR;95;117.25000000;676;EXCHANGE_LAST;;1;1;XEUR;11286680;689;
18.02.2025;16:43:22.339;FGBM SI 20250306 PS;SIMPLE_INSTRUMENT;EFS;EUR;96;117.23000000;922;EXCHANGE_LAST;;1;1;XEUR;11286680;689;
18.02.2025;16:56:34.944;FGBM SI 20250306 PS;SIMPLE_INSTRUMENT;EFS;EUR;97;117.22000000;871;EXCHANGE_LAST;;1;1;XEUR;11286680;689;
18.02.2025;16:58:18.142;FGBM SI 20250306 PS;SIMPLE_INSTRUMENT;EFS;EUR;98;117.23000000;915;EXCHANGE_LAST;;1;1;XEUR;11286680;689;
18.02.2025;17:16:03.291;FGBM SI 20250306 PS;SIMPLE_INSTRUMENT;EFS;EUR;99;117.23000000;1231;EXCHANGE_LAST;;1;1;XEUR;11286680;689;
18.02.2025;17:19:14.538;FGBM SI 20250306 PS;SIMPLE_INSTRUMENT;EFS;EUR;100;117.23000000;1740;EXCHANGE_LAST;;1;1;XEUR;11286680;689;
18.02.2025;08:38:09.516;FGBM SI 20250306 PS;SIMPLE_INSTRUMENT;VOLA;EUR;268435472;117.20000000;80;EXCHANGE_LAST;;1;1;XEUR;11286680;689;
18.02.2025;10:32:25.144;FGBM SI 20250306 PS;SIMPLE_INSTRUMENT;VOLA;EUR;268435492;117.20000000;840;EXCHANGE_LAST;;1;1;XEUR;11286680;689;
18.02.2025;07:51:53.254;FGBS SI 20250306 PS;SIMPLE_INSTRUMENT;EFS;EUR;1;106.70000000;7133;EXCHANGE_LAST;;1;1;XEUR;11286681;690;
18.02.2025;08:07:27.859;FGBS SI 20250306 PS;SIMPLE_INSTRUMENT;EFS;EUR;2;106.70500000;5487;EXCHANGE_LAST;;1;1;XEUR;11286681;690;
18.02.2025;08:12:56.553;FGBS SI 20250306 PS;SIMPLE_INSTRUMENT;EFS;EUR;3;106.70000000;1312;EXCHANGE_LAST;;1;1;XEUR;11286681;690;
18.02.2025;08:13:12.528;FGBS SI 20250306 PS;SIMPLE_INSTRUMENT;EFS;EUR;4;106.70500000;5487;EXCHANGE_LAST;;1;1;XEUR;11286681;690;
18.02.2025;08:13:52.556;FGBS SI 20250306 PS;SIMPLE_INSTRUMENT;EFS;EUR;5;106.70000000;1313;EXCHANGE_LAST;;1;1;XEUR;11286681;690;
18.02.2025;08:15:04.561;FGBS SI 20250306 PS;SIMPLE_INSTRUMENT;EFS;EUR;6;106.70000000;1316;EXCHANGE_LAST;;1;1;XEUR;11286681;690;
18.02.2025;08:31:23.376;FGBS SI 20250306 PS;SIMPLE_INSTRUMENT;EFS;EUR;7;106.72000000;5485;EXCHANGE_LAST;;1;1;XEUR;11286681;690;
18.02.2025;08:32:32.462;FGBS SI 20250306 PS;SIMPLE_INSTRUMENT;EFP_FIN;EUR;8;106.71000000;2126;EXCHANGE_LAST;;1;1;XEUR;11286681;690;
18.02.2025;08:51:37.537;FGBS SI 20250306 PS;SIMPLE_INSTRUMENT;EFP_FIN;EUR;9;106.72000000;234;EXCHANGE_LAST;;1;1;XEUR;11286681;690;
18.02.2025;08:53:48.341;FGBS SI 20250306 PS;SIMPLE_INSTRUMENT;EFP_FIN;EUR;10;106.71500000;2337;EXCHANGE_LAST;;1;1;XEUR;11286681;690;
18.02.2025;08:55:55.886;FGBS SI 20250306 PS;SIMPLE_INSTRUMENT;EFP_FIN;EUR;11;106.72000000;2671;EXCHANGE_LAST;;1;1;XEUR;11286681;690;
18.02.2025;09:57:02.329;FGBS SI 20250306 PS;SIMPLE_INSTRUMENT;EFP_FIN;EUR;12;106.72000000;266;EXCHANGE_LAST;;1;1;XEUR;11286681;690;
18.02.2025;09:37:36.269;FGBS SI 20250306 PS;SIMPLE_INSTRUMENT;EFP_FIN;EUR;13;106.72000000;585;EXCHANGE_LAST;;1;1;XEUR;11286681;690;
18.02.2025;09:37:56.834;FGBS SI 20250306 PS;SIMPLE_INSTRUMENT;EFP_FIN;EUR;14;106.72000000;1485;EXCHANGE_LAST;;1;1;XEUR;11286681;690;
18.02.2025;09:39:55.034;FGBS SI 20250306 PS;SIMPLE_INSTRUMENT;EFP_FIN;EUR;15;106.72000000;1202;EXCHANGE_LAST;;1;1;XEUR;11286681;690;
18.02.2025;09:40:44.384;FGBS SI 20250306 PS;SIMPLE_INSTRUMENT;EFP_FIN;EUR;16;106.72000000;128;EXCHANGE_LAST;;1;1;XEUR;11286681;690;
18.02.2025;09:48:45.794;FGBS SI 20250306 PS;SIMPLE_INSTRUMENT;EFP_FIN;EUR;17;106.72000000;467;EXCHANGE_LAST;;1;1;XEUR;11286681;690;
18.02.2025;09:56:07.856;FGBS SI 20250306 PS;SIMPLE_INSTRUMENT;EFS;EUR;18;106.72000000;3933;EXCHANGE_LAST;;1;1;XEUR;11286681;690;
18.02.2025;10:43:42.774;FGBS SI 20250306 PS;SIMPLE_INSTRUMENT;EFP_FIN;EUR;19;106.70500000;1275;EXCHANGE_LAST;;1;1;XEUR;11286681;690;
18.02.2025;10:46:56.887;FGBS SI 20250306 PS;SIMPLE_INSTRUMENT;EFP_FIN;EUR;20;106.72500000;1061;EXCHANGE_LAST;;1;1;XEUR;11286681;690;
18.02.2025;10:55:39.373;FGBS SI 20250306 PS;SIMPLE_INSTRUMENT;EFP_FIN;EUR;21;106.72500000;1595;EXCHANGE_LAST;;1;1;XEUR;11286681;690;
18.02.2025;11:01:00.973;FGBS SI 20250306 PS;SIMPLE_INSTRUMENT;EFS;EUR;22;106.72000000;7864;EXCHANGE_LAST;;1;1;XEUR;11286681;690;
18.02.2025;11:08:33.491;FGBS SI 20250306 PS;SIMPLE_INSTRUMENT;EFP_FIN;EUR;23;106.73000000;532;EXCHANGE_LAST;;1;1;XEUR;11286681;690;
18.02.2025;11:08:51.070;FGBS SI 20250306 PS;SIMPLE_INSTRUMENT;EFP_FIN;EUR;24;106.73000000;266;EXCHANGE_LAST;;1;1;XEUR;11286681;690;
18.02.2025;11:09:31.435;FGBS SI 20250306 PS;SIMPLE_INSTRUMENT;EFP_FIN;EUR;25;106.71000000;83;EXCHANGE_LAST;;1;1;XEUR;11286681;690;
18.02.2025;11:18:29.623;FGBS SI 20250306 PS;SIMPLE_INSTRUMENT;EFP_FIN;EUR;26;106.71000000;160;EXCHANGE_LAST;;1;1;XEUR;11286681;690;
18.02.2025;11:19:53.716;FGBS SI 20250306 PS;SIMPLE_INSTRUMENT;EFS;EUR;27;106.71000000;1573;EXCHANGE_LAST;;1;1;XEUR;11286681;690;
18.02.2025;11:56:07.714;FGBS SI 20250306 PS;SIMPLE_INSTRUMENT;EFS;EUR;28;106.71000000;786;EXCHANGE_LAST;;1;1;XEUR;11286681;690;
18.02.2025;12:53:19.361;FGBS SI 20250306 PS;SIMPLE_INSTRUMENT;EFS;EUR;29;106.71000000;5509;EXCHANGE_LAST;;1;1;XEUR;11286681;690;
18.02.2025;13:04:39.940;FGBS SI 20250306 PS;SIMPLE_INSTRUMENT;EFS;EUR;30;106.72000000;1097;EXCHANGE_LAST;;1;1;XEUR;11286681;690;
18.02.2025;13:13:30.380;FGBS SI 20250306 PS;SIMPLE_INSTRUMENT;EFP_FIN;EUR;31;106.72500000;315;EXCHANGE_LAST;;1;1;XEUR;11286681;690;
18.02.2025;13:20:35.234;FGBS SI 20250306 PS;SIMPLE_INSTRUMENT;EFS;EUR;32;106.72000000;1371;EXCHANGE_LAST;;1;1;XEUR;11286681;690;
18.02.2025;13:34:47.884;FGBS SI 20250306 PS;SIMPLE_INSTRUMENT;EFS;EUR;33;106.72500000;1679;EXCHANGE_LAST;;1;1;XEUR;11286681;690;
18.02.2025;13:42:28.983;FGBS SI 20250306 PS;SIMPLE_INSTRUMENT;EFP_FIN;EUR;34;106.71000000;532;EXCHANGE_LAST;;1;1;XEUR;11286681;690;
18.02.2025;13:44:03.365;FGBS SI 20250306 PS;SIMPLE_INSTRUMENT;EFP_FIN;EUR;35;106.72000000;249;EXCHANGE_LAST;;1;1;XEUR;11286681;690;
18.02.2025;13:49:46.211;FGBS SI 20250306 PS;SIMPLE_INSTRUMENT;BLOCK;EUR;36;106.73000000;5538;EXCHANGE_LAST;;1;1;XEUR;11286681;690;
18.02.2025;13:50:18.528;FGBS SI 20250306 PS;SIMPLE_INSTRUMENT;EFS;EUR;37;106.73000000;2622;EXCHANGE_LAST;;1;1;XEUR;11286681;690;
18.02.2025;14:10:20.198;FGBS SI 20250306 PS;SIMPLE_INSTRUMENT;EFP_FIN;EUR;38;106.73000000;208;EXCHANGE_LAST;;1;1;XEUR;11286681;690;
18.02.2025;14:20:02.431;FGBS SI 20250306 PS;SIMPLE_INSTRUMENT;EFP_FIN;EUR;39;106.73000000;1122;EXCHANGE_LAST;;1;1;XEUR;11286681;690;
18.02.2025;14:38:32.944;FGBS SI 20250306 PS;SIMPLE_INSTRUMENT;EFS;EUR;41;106.72500000;5485;EXCHANGE_LAST;;1;1;XEUR;11286681;690;
18.02.2025;14:44:16.399;FGBS SI 20250306 PS;SIMPLE_INSTRUMENT;EFS;EUR;42;106.73500000;2742;EXCHANGE_LAST;;1;1;XEUR;11286681;690;
18.02.2025;14:45:40.381;FGBS SI 20250306 PS;SIMPLE_INSTRUMENT;EFP_FIN;EUR;43;106.72000000;1215;EXCHANGE_LAST;;1;1;XEUR;11286681;690;
18.02.2025;14:59:07.582;FGBS SI 20250306 PS;SIMPLE_INSTRUMENT;EFS;EUR;44;106.74000000;5485;EXCHANGE_LAST;;1;1;XEUR;11286681;690;
18.02.2025;15:19:50.148;FGBS SI 20250306 PS;SIMPLE_INSTRUMENT;EFS;EUR;45;106.74000000;5249;EXCHANGE_LAST;;1;1;XEUR;11286681;690;
18.02.2025;15:47:45.465;FGBS SI 20250306 PS;SIMPLE_INSTRUMENT;EFP_FIN;EUR;46;106.74000000;1039;EXCHANGE_LAST;;1;1;XEUR;11286681;690;
18.02.2025;16:01:14.347;FGBS SI 20250306 PS;SIMPLE_INSTRUMENT;EFP_FIN;EUR;47;106.74500000;532;EXCHANGE_LAST;;1;1;XEUR;11286681;690;
18.02.2025;16:11:00.618;FGBS SI 20250306 PS;SIMPLE_INSTRUMENT;EFS;EUR;48;106.74000000;3000;EXCHANGE_LAST;;1;1;XEUR;11286681;690;
18.02.2025;16:31:00.928;FGBS SI 20250306 PS;SIMPLE_INSTRUMENT;EFP_FIN;EUR;49;106.74000000;1532;EXCHANGE_LAST;;1;1;XEUR;11286681;690;
18.02.2025;16:32:53.476;FGBS SI 20250306 PS;SIMPLE_INSTRUMENT;EFS;EUR;50;106.74000000;2742;EXCHANGE_LAST;;1;1;XEUR;11286681;690;
18.02.2025;16:34:42.207;FGBS SI 20250306 PS;SIMPLE_INSTRUMENT;EFP_FIN;EUR;51;106.72500000;938;EXCHANGE_LAST;;1;1;XEUR;11286681;690;
18.02.2025;16:37:36.697;FGBS SI 20250306 PS;SIMPLE_INSTRUMENT;EFP_FIN;EUR;52;106.72500000;976;EXCHANGE_LAST;;1;1;XEUR;11286681;690;
18.02.2025;16:51:03.523;FGBS SI 20250306 PS;SIMPLE_INSTRUMENT;EFP_FIN;EUR;53;106.72000000;865;EXCHANGE_LAST;;1;1;XEUR;11286681;690;
18.02.2025;07:40:58.373;FGBX SI 20250306 PS;SIMPLE_INSTRUMENT;BLOCK;EUR;1;127.30000000;386;EXCHANGE_LAST;;1;1;XEUR;11286682;691;
18.02.2025;07:59:49.060;FGBX SI 20250306 PS;SIMPLE_INSTRUMENT;EFS;EUR;2;127.36000000;193;EXCHANGE_LAST;;1;1;XEUR;11286682;691;
18.02.2025;08:18:27.899;FGBX SI 20250306 PS;SIMPLE_INSTRUMENT;BLOCK;EUR;3;127.44000000;193;EXCHANGE_LAST;;1;1;XEUR;11286682;691;
18.02.2025;08:21:43.343;FGBX SI 20250306 PS;SIMPLE_INSTRUMENT;EFS;EUR;4;127.44000000;193;EXCHANGE_LAST;;1;1;XEUR;11286682;691;
18.02.2025;08:29:01.137;FGBX SI 20250306 PS;SIMPLE_INSTRUMENT;EFS;EUR;5;127.44000000;193;EXCHANGE_LAST;;1;1;XEUR;11286682;691;
18.02.2025;08:32:25.063;FGBX SI 20250306 PS;SIMPLE_INSTRUMENT;EFS;EUR;6;127.38000000;37;EXCHANGE_LAST;;1;1;XEUR;11286682;691;
18.02.2025;08:33:39.306;FGBX SI 20250306 PS;SIMPLE_INSTRUMENT;EFS;EUR;7;127.36000000;38;EXCHANGE_LAST;;1;1;XEUR;11286682;691;
18.02.2025;08:34:54.314;FGBX SI 20250306 PS;SIMPLE_INSTRUMENT;EFS;EUR;8;127.28000000;184;EXCHANGE_LAST;;1;1;XEUR;11286682;691;
18.02.2025;08:45:52.648;FGBX SI 20250306 PS;SIMPLE_INSTRUMENT;EFS;EUR;9;127.44000000;96;EXCHANGE_LAST;;1;1;XEUR;11286682;691;
18.02.2025;09:33:02.844;FGBX SI 20250306 PS;SIMPLE_INSTRUMENT;EFP_FIN;EUR;11;127.74000000;160;EXCHANGE_LAST;;1;1;XEUR;11286682;691;
18.02.2025;09:48:45.439;FGBX SI 20250306 PS;SIMPLE_INSTRUMENT;EFP_FIN;EUR;12;127.74000000;160;EXCHANGE_LAST;;1;1;XEUR;11286682;691;
18.02.2025;10:02:53.023;FGBX SI 20250306 PS;SIMPLE_INSTRUMENT;EFS;EUR;13;127.60000000;184;EXCHANGE_LAST;;1;1;XEUR;11286682;691;
18.02.2025;10:43:51.896;FGBX SI 20250306 PS;SIMPLE_INSTRUMENT;EFP_FIN;EUR;15;127.52000000;79;EXCHANGE_LAST;;1;1;XEUR;11286682;691;
18.02.2025;10:50:44.720;FGBX SI 20250306 PS;SIMPLE_INSTRUMENT;EFS;EUR;16;127.96000000;383;EXCHANGE_LAST;;1;1;XEUR;11286682;691;
18.02.2025;11:18:44.380;FGBX SI 20250306 PS;SIMPLE_INSTRUMENT;EFS;EUR;17;127.76000000;384;EXCHANGE_LAST;;1;1;XEUR;11286682;691;
18.02.2025;12:09:08.424;FGBX SI 20250306 PS;SIMPLE_INSTRUMENT;EFP_FIN;EUR;19;127.76000000;171;EXCHANGE_LAST;;1;1;XEUR;11286682;691;
18.02.2025;12:24:39.480;FGBX SI 20250306 PS;SIMPLE_INSTRUMENT;EFP_FIN;EUR;20;127.84000000;742;EXCHANGE_LAST;;1;1;XEUR;11286682;691;
18.02.2025;12:30:23.728;FGBX SI 20250306 PS;SIMPLE_INSTRUMENT;EFS;EUR;21;127.82000000;367;EXCHANGE_LAST;;1;1;XEUR;11286682;691;
18.02.2025;12:34:48.434;FGBX SI 20250306 PS;SIMPLE_INSTRUMENT;EFS;EUR;22;127.80000000;367;EXCHANGE_LAST;;1;1;XEUR;11286682;691;
18.02.2025;13:24:21.650;FGBX SI 20250306 PS;SIMPLE_INSTRUMENT;EFP_FIN;EUR;23;127.96000000;372;EXCHANGE_LAST;;1;1;XEUR;11286682;691;
18.02.2025;14:24:27.243;FGBX SI 20250306 PS;SIMPLE_INSTRUMENT;BLOCK;EUR;25;128.00000000;295;EXCHANGE_LAST;;1;1;XEUR;11286682;691;
18.02.2025;14:44:02.995;FGBX SI 20250306 PS;SIMPLE_INSTRUMENT;EFP_FIN;EUR;26;128.02000000;205;EXCHANGE_LAST;;1;1;XEUR;11286682;691;
18.02.2025;14:49:13.858;FGBX SI 20250306 PS;SIMPLE_INSTRUMENT;BLOCK;EUR;27;127.88000000;384;EXCHANGE_LAST;;1;1;XEUR;11286682;691;
18.02.2025;15:04:53.250;FGBX SI 20250306 PS;SIMPLE_INSTRUMENT;EFS;EUR;30;127.98000000;145;EXCHANGE_LAST;;1;1;XEUR;11286682;691;
18.02.2025;15:21:11.299;FGBX SI 20250306 PS;SIMPLE_INSTRUMENT;BLOCK;EUR;32;128.00000000;160;EXCHANGE_LAST;;1;1;XEUR;11286682;691;
18.02.2025;15:32:55.561;FGBX SI 20250306 PS;SIMPLE_INSTRUMENT;EFS;EUR;33;128.08000000;191;EXCHANGE_LAST;;1;1;XEUR;11286682;691;
18.02.2025;15:58:05.678;FGBX SI 20250306 PS;SIMPLE_INSTRUMENT;EFS;EUR;34;128.16000000;383;EXCHANGE_LAST;;1;1;XEUR;11286682;691;
18.02.2025;16:11:31.722;FGBX SI 20250306 PS;SIMPLE_INSTRUMENT;EFP_FIN;EUR;35;128.08000000;297;EXCHANGE_LAST;;1;1;XEUR;11286682;691;
18.02.2025;16:21:23.725;FGBX SI 20250306 PS;SIMPLE_INSTRUMENT;EFP_FIN;EUR;36;128.12000000;60;EXCHANGE_LAST;;1;1;XEUR;11286682;691;
18.02.2025;08:47:30.667;FIA5 SI 20250918 PS AM C 14.00 0;SIMPLE_INSTRUMENT;BLOCK;EUR;4;0.98200000;1000;EXCHANGE_LAST;;1;1;XEUR;11865799;48227;
18.02.2025;08:47:36.249;FIA5 SI 20250918 PS AM P 14.00 0;SIMPLE_INSTRUMENT;BLOCK;EUR;5;1.66800000;1000;EXCHANGE_LAST;;1;1;XEUR;11865800;48227;
18.02.2025;09:41:52.490;FIA5.O.250218.STG.000006;STANDARD_OPTION_STRATEGY;BLOCK;EUR;6;0.72000000;500;EXCHANGE_LAST;;1;1;XEUR;72264727425720073;48227;
18.02.2025;09:41:52.490;FIA5 SI 20250320 PS AM P 13.00 0;SIMPLE_INSTRUMENT;BLOCK;EUR;6;0.41850000;500;PRC_DECOMP_EXCHANGE;;;;XEUR;10824869;48227;EXCHANGE
18.02.2025;09:41:52.490;FIA5 SI 20250320 PS AM C 14.60 0;SIMPLE_INSTRUMENT;BLOCK;EUR;6;0.30150000;500;PRC_DECOMP_EXCHANGE;;;;XEUR;12540864;48227;EXCHANGE
18.02.2025;12:17:28.415;FIN SI 20251219 PS AM P 64.00 0;SIMPLE_INSTRUMENT;BLOCK;CHF;29;4.25000000;250;EXCHANGE_LAST;;1;1;XEUR;12441821;671;
18.02.2025;08:02:46.738;FMCH SI 20250321 CS;SIMPLE_INSTRUMENT;BLOCK;USD;12;587.70000000;1198;EXCHANGE_LAST;;1;1;XEUR;7592069;402909;
18.02.2025;11:33:18.858;FME SI 20250417 PS AM P 43.00 0;SIMPLE_INSTRUMENT;BLOCK;EUR;4;1.50000000;800;EXCHANGE_LAST;;1;1;XEUR;12621571;663;
18.02.2025;09:29:57.000;FMEA SI 20250321 CS;SIMPLE_INSTRUMENT;BLOCK;USD;21;721.80000000;2771;EXCHANGE_LAST;;1;1;XEUR;7589834;12395;
18.02.2025;09:30:24.557;FMEA SI 20250620 CS;SIMPLE_INSTRUMENT;BLOCK;USD;22;730.24500000;2739;EXCHANGE_LAST;;1;1;XEUR;7938804;12395;
18.02.2025;08:18:14.513;FMEL SI 20250321 CS;SIMPLE_INSTRUMENT;BLOCK;USD;15;541.90100000;30;EXCHANGE_LAST;;1;1;XEUR;7589856;12397;
18.02.2025;08:01:07.841;FMEN SI 20250321 CS;SIMPLE_INSTRUMENT;EFP_IDX;EUR;11;542.78900000;106;EXCHANGE_LAST;;1;1;XEUR;7590212;30652;
18.02.2025;15:29:51.373;FMGO SI 20250321 CS;SIMPLE_INSTRUMENT;BLOCK;USD;26;5375.00000000;121;EXCHANGE_LAST;;1;1;XEUR;8609359;583623;
18.02.2025;02:34:41.343;FMHK SI 20250321 CS;SIMPLE_INSTRUMENT;BLOCK;USD;3;57523.46500000;52;EXCHANGE_LAST;;1;1;XEUR;7590500;45282;
18.02.2025;03:16:30.507;FMID SI 20250321 CS;SIMPLE_INSTRUMENT;BLOCK;USD;2;1544.00000000;30;EXCHANGE_LAST;;1;1;XEUR;7590528;45289;
18.02.2025;03:24:10.274;FMID SI 20250321 CS;SIMPLE_INSTRUMENT;BLOCK;USD;3;1545.50000000;30;EXCHANGE_LAST;;1;1;XEUR;7590528;45289;
18.02.2025;08:33:54.720;FMID SI 20250321 CS;SIMPLE_INSTRUMENT;BLOCK;USD;8;1536.04100000;66;EXCHANGE_LAST;;1;1;XEUR;7590528;45289;
18.02.2025;05:44:54.197;FMIN SI 20250321 CS;SIMPLE_INSTRUMENT;BLOCK;USD;7;1164.85400000;303;EXCHANGE_LAST;;1;1;XEUR;7589865;12404;
18.02.2025;08:34:25.360;FMIN SI 20250321 CS;SIMPLE_INSTRUMENT;BLOCK;USD;16;1164.85400000;216;EXCHANGE_LAST;;1;1;XEUR;7589865;12404;
18.02.2025;09:11:38.562;FMIN SI 20250321 CS;SIMPLE_INSTRUMENT;BLOCK;USD;19;1164.85400000;283;EXCHANGE_LAST;;2;1;XEUR;7589865;12404;
18.02.2025;01:22:35.262;FMJP SI 20250321 CS;SIMPLE_INSTRUMENT;BLOCK;USD;1;8933.63600000;170;EXCHANGE_LAST;;1;1;XEUR;7588794;661;
18.02.2025;08:56:41.212;FMMX SI 20250321 CS;SIMPLE_INSTRUMENT;BLOCK;USD;18;643.57500000;54;EXCHANGE_LAST;;1;1;XEUR;7589867;12545;
18.02.2025;05:39:31.330;FMMY SI 20250321 CS;SIMPLE_INSTRUMENT;BLOCK;USD;6;388.45800000;23;EXCHANGE_LAST;;1;1;XEUR;7589866;12405;
18.02.2025;08:34:08.140;FMNB SI 20251218 PS AM C 34.00 0;SIMPLE_INSTRUMENT;BLOCK;EUR;1;5.35000000;250;EXCHANGE_LAST;;1;1;XEUR;12421583;658;
18.02.2025;08:17:07.390;FMPA SI 20250321 CS;SIMPLE_INSTRUMENT;BLOCK;USD;14;8789.00000000;24;EXCHANGE_LAST;;1;1;XEUR;7590728;48143;
18.02.2025;05:34:22.475;FMPH SI 20250321 CS;SIMPLE_INSTRUMENT;BLOCK;USD;5;393.36100000;90;EXCHANGE_LAST;;1;1;XEUR;7589869;12548;
18.02.2025;06:05:59.224;FMPH SI 20250321 CS;SIMPLE_INSTRUMENT;BLOCK;USD;6;394.30000000;20;EXCHANGE_LAST;;1;1;XEUR;7589869;12548;
18.02.2025;06:11:36.503;FMPH SI 20250321 CS;SIMPLE_INSTRUMENT;BLOCK;USD;7;394.76000000;20;EXCHANGE_LAST;;1;1;XEUR;7589869;12548;
18.02.2025;12:23:56.366;FMSA SI 20250321 CS;SIMPLE_INSTRUMENT;BLOCK;USD;23;1833.84000000;96;EXCHANGE_LAST;;1;1;XEUR;7591259;134861;
18.02.2025;14:54:46.593;FMSU SI 20250321 CS;SIMPLE_INSTRUMENT;BLOCK;USD;24;5881.00000000;10;EXCHANGE_LAST;;1;1;XEUR;7591447;208344;
18.02.2025;04:59:27.212;FMTH SI 20250321 CS;SIMPLE_INSTRUMENT;BLOCK;USD;5;1082.82000000;642;EXCHANGE_LAST;;2;1;XEUR;7589913;12681;
18.02.2025;00:40:10.141;FMTW SI 20250321 CS;SIMPLE_INSTRUMENT;BLOCK;USD;1;847.37100000;85;EXCHANGE_LAST;;1;1;XEUR;7590882;51884;
18.02.2025;05:21:46.959;FMTW SI 20250321 CS;SIMPLE_INSTRUMENT;BLOCK;USD;4;847.36600000;177;EXCHANGE_LAST;;1;1;XEUR;7590882;51884;
18.02.2025;11:30:20.426;FMUA SI 20250321 CS;SIMPLE_INSTRUMENT;BLOCK;USD;9;933.91000000;41;EXCHANGE_LAST;;1;1;XEUR;7590507;45284;
18.02.2025;07:12:18.251;FMWO SI 20250321 CS;SIMPLE_INSTRUMENT;EFP_IDX;USD;8;12409.70000000;1390;EXCHANGE_LAST;;1;1;XEUR;7589707;7059;
18.02.2025;07:25:11.438;FMWO SI 20250321 CS;SIMPLE_INSTRUMENT;EFP_IDX;USD;9;12411.30000000;65;EXCHANGE_LAST;;1;1;XEUR;7589707;7059;
18.02.2025;07:44:35.537;FMWO SI 20250321 CS;SIMPLE_INSTRUMENT;EFP_IDX;USD;10;12410.21000000;46;EXCHANGE_LAST;;1;1;XEUR;7589707;7059;
18.02.2025;08:09:55.054;FMWO SI 20250321 CS;SIMPLE_INSTRUMENT;EFP_IDX;USD;13;12410.41000000;12;EXCHANGE_LAST;;1;1;XEUR;7589707;7059;
18.02.2025;16:11:46.396;FMWO SI 20250321 CS;SIMPLE_INSTRUMENT;BLOCK;USD;27;12427.00000000;110;EXCHANGE_LAST;;1;1;XEUR;7589707;7059;
18.02.2025;03:03:42.751;FMXJ SI 20250321 CS;SIMPLE_INSTRUMENT;BLOCK;USD;4;610.00000000;4;EXCHANGE_LAST;;1;1;XEUR;7590866;51660;
18.02.2025;08:34:04.657;FOAT SI 20250306 PS;SIMPLE_INSTRUMENT;EFP_FIN;EUR;1;123.53000000;1165;EXCHANGE_LAST;;1;1;XEUR;11286683;749;
18.02.2025;08:50:49.436;FOAT SI 20250306 PS;SIMPLE_INSTRUMENT;EFP_FIN;EUR;2;123.55000000;652;EXCHANGE_LAST;;1;1;XEUR;11286683;749;
18.02.2025;09:15:07.973;FOAT SI 20250306 PS;SIMPLE_INSTRUMENT;EFP_FIN;EUR;4;123.52000000;138;EXCHANGE_LAST;;1;1;XEUR;11286683;749;
18.02.2025;09:13:07.980;FOAT SI 20250306 PS;SIMPLE_INSTRUMENT;EFP_FIN;EUR;5;123.52000000;207;EXCHANGE_LAST;;1;1;XEUR;11286683;749;
18.02.2025;09:21:57.628;FOAT SI 20250306 PS;SIMPLE_INSTRUMENT;EFP_FIN;EUR;6;123.58000000;483;EXCHANGE_LAST;;1;1;XEUR;11286683;749;
18.02.2025;09:39:15.407;FOAT SI 20250306 PS;SIMPLE_INSTRUMENT;EFP_FIN;EUR;8;123.60000000;312;EXCHANGE_LAST;;1;1;XEUR;11286683;749;
18.02.2025;09:40:42.952;FOAT SI 20250306 PS;SIMPLE_INSTRUMENT;EFP_FIN;EUR;9;123.58000000;208;EXCHANGE_LAST;;1;1;XEUR;11286683;749;
18.02.2025;09:52:29.175;FOAT SI 20250306 PS;SIMPLE_INSTRUMENT;EFP_FIN;EUR;10;123.58000000;1251;EXCHANGE_LAST;;1;1;XEUR;11286683;749;
18.02.2025;10:00:28.216;FOAT SI 20250306 PS;SIMPLE_INSTRUMENT;EFP_FIN;EUR;11;123.55000000;299;EXCHANGE_LAST;;1;1;XEUR;11286683;749;
18.02.2025;10:26:02.285;FOAT SI 20250306 PS;SIMPLE_INSTRUMENT;EFP_FIN;EUR;12;123.58000000;417;EXCHANGE_LAST;;1;1;XEUR;11286683;749;
18.02.2025;10:28:07.464;FOAT SI 20250306 PS;SIMPLE_INSTRUMENT;EFP_FIN;EUR;13;123.54000000;1330;EXCHANGE_LAST;;1;1;XEUR;11286683;749;
18.02.2025;10:29:29.320;FOAT SI 20250306 PS;SIMPLE_INSTRUMENT;EFP_FIN;EUR;14;123.55000000;887;EXCHANGE_LAST;;1;1;XEUR;11286683;749;
18.02.2025;10:34:36.900;FOAT SI 20250306 PS;SIMPLE_INSTRUMENT;EFP_FIN;EUR;15;123.67000000;83;EXCHANGE_LAST;;1;1;XEUR;11286683;749;
18.02.2025;10:40:16.445;FOAT SI 20250306 PS;SIMPLE_INSTRUMENT;EFP_FIN;EUR;16;123.71000000;90;EXCHANGE_LAST;;1;1;XEUR;11286683;749;
18.02.2025;11:18:03.260;FOAT SI 20250306 PS;SIMPLE_INSTRUMENT;EFP_FIN;EUR;17;123.73000000;417;EXCHANGE_LAST;;1;1;XEUR;11286683;749;
18.02.2025;11:18:43.478;FOAT SI 20250306 PS;SIMPLE_INSTRUMENT;EFP_FIN;EUR;18;123.69000000;1396;EXCHANGE_LAST;;1;1;XEUR;11286683;749;
18.02.2025;11:18:59.087;FOAT SI 20250306 PS;SIMPLE_INSTRUMENT;EFP_FIN;EUR;19;123.73000000;834;EXCHANGE_LAST;;1;1;XEUR;11286683;749;
18.02.2025;11:23:54.036;FOAT SI 20250306 PS;SIMPLE_INSTRUMENT;EFP_FIN;EUR;20;123.61000000;834;EXCHANGE_LAST;;1;1;XEUR;11286683;749;
18.02.2025;12:01:23.664;FOAT SI 20250306 PS;SIMPLE_INSTRUMENT;EFP_FIN;EUR;21;123.66000000;242;EXCHANGE_LAST;;1;1;XEUR;11286683;749;
18.02.2025;12:05:39.468;FOAT SI 20250306 PS;SIMPLE_INSTRUMENT;EFP_FIN;EUR;22;123.66000000;156;EXCHANGE_LAST;;1;1;XEUR;11286683;749;
18.02.2025;12:25:36.357;FOAT SI 20250306 PS;SIMPLE_INSTRUMENT;EFP_FIN;EUR;23;123.56000000;1841;EXCHANGE_LAST;;1;1;XEUR;11286683;749;
18.02.2025;13:18:14.980;FOAT SI 20250306 PS;SIMPLE_INSTRUMENT;BLOCK;EUR;24;123.73000000;2169;EXCHANGE_LAST;;1;1;XEUR;11286683;749;
