#Date;TrdTime;Contract;ContractType;TrdTyp;Currency;TesId;Prc;Qty;TrdInd;Aggressor;Buy;Sell;Exch;InstrumentId;RelatedProdId;PrcDecomp
14.02.2025;09:50:39.452;A2LV SI 20251219 CS;SIMPLE_INSTRUMENT;BLOCK;EUR;5;15.25000000;30;EXCHANGE_LAST;;1;1;XEUR;3681050;12;
14.02.2025;10:39:48.083;A2LV SI 20251219 CS;SIMPLE_INSTRUMENT;BLOCK;EUR;66;15.25000000;30;EXCHANGE_LAST;;1;1;XEUR;3681050;12;
14.02.2025;11:06:05.613;A2LV SI 20271217 CS;SIMPLE_INSTRUMENT;BLOCK;EUR;74;15.80000000;25;EXCHANGE_LAST;;1;1;XEUR;5914253;12;
14.02.2025;10:46:22.290;A2XA SI 20251219 CS;SIMPLE_INSTRUMENT;BLOCK;EUR;67;2.39000000;1500;EXCHANGE_LAST;;1;1;XEUR;3681055;17;
14.02.2025;10:52:46.738;A2XA SI 20251219 CS;SIMPLE_INSTRUMENT;BLOCK;EUR;72;2.39000000;500;EXCHANGE_LAST;;1;1;XEUR;3681055;17;
14.02.2025;11:45:25.570;A2XA SI 20261218 CS;SIMPLE_INSTRUMENT;BLOCK;EUR;79;2.42000000;500;EXCHANGE_LAST;;1;1;XEUR;4632093;17;
14.02.2025;14:16:54.545;A2XA SI 20271217 CS;SIMPLE_INSTRUMENT;BLOCK;EUR;101;2.10000000;800;EXCHANGE_LAST;;2;1;XEUR;5914267;17;
14.02.2025;14:18:33.468;A2XA SI 20261218 CS;SIMPLE_INSTRUMENT;BLOCK;EUR;102;2.42000000;500;EXCHANGE_LAST;;1;2;XEUR;4632093;17;
14.02.2025;14:49:00.889;A2XA SI 20251219 CS;SIMPLE_INSTRUMENT;BLOCK;EUR;104;2.38500000;200;EXCHANGE_LAST;;1;1;XEUR;3681055;17;
14.02.2025;15:01:37.999;ADS.O.250214.BRT.000011;STANDARD_OPTION_STRATEGY;BLOCK;EUR;19;6.10000000;1000;EXCHANGE_LAST;;3;2;XEUR;72057808786332479;50;
14.02.2025;15:01:37.999;ADS SI 20250321 PS AM P 240.00 0;SIMPLE_INSTRUMENT;BLOCK;EUR;19;2.48000000;1000;PRC_DECOMP_EXCHANGE;;;;XEUR;10828529;50;EXCHANGE
14.02.2025;15:01:37.999;ADS SI 20250620 PS AM P 240.00 0;SIMPLE_INSTRUMENT;BLOCK;EUR;19;8.58000000;1000;PRC_DECOMP_EXCHANGE;;;;XEUR;7897598;50;EXCHANGE
14.02.2025;11:32:43.451;ADY SI 20250321 PS AM P 1680.00 0;SIMPLE_INSTRUMENT;BLOCK;EUR;7;17.50000000;500;EXCHANGE_LAST;;1;1;XEUR;10870724;76315;
14.02.2025;15:41:24.735;AIR.O.250214.BUL.000003;STANDARD_OPTION_STRATEGY;BLOCK;EUR;23;5.30000000;500;EXCHANGE_LAST;;1;1;XEUR;72057868915849808;64;
14.02.2025;15:41:24.735;AIR SI 20250321 PS AM C 166.00 0;SIMPLE_INSTRUMENT;BLOCK;EUR;23;10.26000000;500;PRC_DECOMP_EXCHANGE;;;;XEUR;12431529;64;EXCHANGE
14.02.2025;15:41:24.735;AIR SI 20250321 PS AM C 174.00 0;SIMPLE_INSTRUMENT;BLOCK;EUR;23;4.96000000;500;PRC_DECOMP_EXCHANGE;;;;XEUR;12431485;64;EXCHANGE
14.02.2025;09:34:57.996;ALV.O.250214.BER.000006;STANDARD_OPTION_STRATEGY;BLOCK;EUR;1;8.90000000;400;EXCHANGE_LAST;;1;1;XEUR;72057911865569341;74;
14.02.2025;09:34:57.996;ALV SI 20250321 PS AM P 280.00 0;SIMPLE_INSTRUMENT;BLOCK;EUR;1;0.67000000;400;PRC_DECOMP_EXCHANGE;;;;XEUR;10829572;74;EXCHANGE
14.02.2025;09:34:57.996;ALV SI 20250321 PS AM P 330.00 0;SIMPLE_INSTRUMENT;BLOCK;EUR;1;9.57000000;400;PRC_DECOMP_EXCHANGE;;;;XEUR;12431768;74;EXCHANGE
14.02.2025;12:55:17.488;ASG5 SI 20251218 PS AM P 28.00 0;SIMPLE_INSTRUMENT;BLOCK;EUR;21;1.12000000;2000;EXCHANGE_LAST;;1;1;XEUR;6267905;109;
14.02.2025;16:36:02.380;ASG5 SI 20250220 PS AM C 32.00 0;SIMPLE_INSTRUMENT;BLOCK;EUR;39;0.27000000;10000;EXCHANGE_LAST;;2;1;XEUR;12238477;109;
14.02.2025;12:25:41.073;AXA SI 20250417 PS AM C 38.00 0;SIMPLE_INSTRUMENT;BLOCK;EUR;14;1.25000000;5000;EXCHANGE_LAST;;1;1;XEUR;12614894;127;
14.02.2025;16:40:56.088;AXA.O.250214.BER.000007;STANDARD_OPTION_STRATEGY;BLOCK;EUR;32;1.91000000;3000;EXCHANGE_LAST;;1;1;XEUR;72058139498795310;127;
14.02.2025;16:40:56.088;AXA SI 20261218 PS AM P 34.00 0;SIMPLE_INSTRUMENT;BLOCK;EUR;32;3.43000000;3000;PRC_DECOMP_EXCHANGE;;;;XEUR;12748954;127;EXCHANGE
14.02.2025;16:40:56.088;AXA SI 20261218 PS AM P 28.00 0;SIMPLE_INSTRUMENT;BLOCK;EUR;32;1.52000000;3000;PRC_DECOMP_EXCHANGE;;;;XEUR;7153226;127;EXCHANGE
14.02.2025;09:35:16.171;B2MW SI 20251219 CS;SIMPLE_INSTRUMENT;BLOCK;EUR;3;4.40000000;100;EXCHANGE_LAST;;1;1;XEUR;3681121;128;
14.02.2025;10:48:18.250;B2MW SI 20251219 CS;SIMPLE_INSTRUMENT;BLOCK;EUR;65;4.45000000;150;EXCHANGE_LAST;;1;2;XEUR;3681121;128;
14.02.2025;13:52:40.944;B2NP SI 20261218 CS;SIMPLE_INSTRUMENT;BLOCK;EUR;94;4.83000000;200;EXCHANGE_LAST;;1;1;XEUR;6798320;131;
14.02.2025;14:39:53.405;B2NP.S.DEC27.DEC28.SPD;FUTURES_SPREAD;BLOCK;EUR;106;0.44000000;150;EXCHANGE_LAST;;1;1;XEUR;72058156678643765;131;
14.02.2025;14:39:53.405;B2NP SI 20281215 CS;SIMPLE_INSTRUMENT;BLOCK;EUR;106;4.02000000;150;PRC_DECOMP_MEMBER;;;;XEUR;7086921;131;MEMBER
14.02.2025;14:39:53.405;B2NP SI 20271217 CS;SIMPLE_INSTRUMENT;BLOCK;EUR;106;4.46000000;150;PRC_DECOMP_MEMBER;;;;XEUR;7086925;131;MEMBER
14.02.2025;09:15:11.459;BAS SI 20250221 PS AM C 50.00 0;SIMPLE_INSTRUMENT;BLOCK;EUR;1;1.55000000;1000;EXCHANGE_LAST;;1;1;XEUR;12339041;150;
14.02.2025;10:20:38.112;BAS.O.250214.BUL.000011;STANDARD_OPTION_STRATEGY;BLOCK;EUR;4;1.58000000;2500;EXCHANGE_LAST;;2;3;XEUR;72058238283091857;150;
14.02.2025;10:20:38.112;BAS SI 20250221 PS AM C 48.00 0;SIMPLE_INSTRUMENT;BLOCK;EUR;4;3.20000000;2500;PRC_DECOMP_EXCHANGE;;;;XEUR;12238967;150;EXCHANGE
14.02.2025;10:20:38.112;BAS SI 20250221 PS AM C 50.00 0;SIMPLE_INSTRUMENT;BLOCK;EUR;4;1.62000000;2500;PRC_DECOMP_EXCHANGE;;;;XEUR;12339041;150;EXCHANGE
14.02.2025;10:26:26.470;BAS SI 20271217 PS AM P 52.00 0;SIMPLE_INSTRUMENT;BLOCK;EUR;5;9.65000000;3900;EXCHANGE_LAST;;3;3;XEUR;8774188;150;
14.02.2025;10:42:35.625;BAS SI 20250417 PS AM C 52.00 0;SIMPLE_INSTRUMENT;BLOCK;EUR;6;2.02000000;2000;EXCHANGE_LAST;;1;1;XEUR;12693218;150;
14.02.2025;10:57:07.179;BAS.O.250214.BUL.000011;STANDARD_OPTION_STRATEGY;BLOCK;EUR;7;1.53000000;1500;EXCHANGE_LAST;;1;1;XEUR;72058238283091857;150;
14.02.2025;10:57:07.179;BAS SI 20250221 PS AM C 48.00 0;SIMPLE_INSTRUMENT;BLOCK;EUR;7;3.07000000;1500;PRC_DECOMP_EXCHANGE;;;;XEUR;12238967;150;EXCHANGE
14.02.2025;10:57:07.179;BAS SI 20250221 PS AM C 50.00 0;SIMPLE_INSTRUMENT;BLOCK;EUR;7;1.54000000;1500;PRC_DECOMP_EXCHANGE;;;;XEUR;12339041;150;EXCHANGE
14.02.2025;10:57:16.555;BAS.O.250214.BUL.000011;STANDARD_OPTION_STRATEGY;BLOCK;EUR;8;1.54000000;1500;EXCHANGE_LAST;;1;1;XEUR;72058238283091857;150;
14.02.2025;10:57:16.555;BAS SI 20250221 PS AM C 50.00 0;SIMPLE_INSTRUMENT;BLOCK;EUR;8;1.53000000;1500;PRC_DECOMP_EXCHANGE;;;;XEUR;12339041;150;EXCHANGE
14.02.2025;10:57:16.555;BAS SI 20250221 PS AM C 48.00 0;SIMPLE_INSTRUMENT;BLOCK;EUR;8;3.07000000;1500;PRC_DECOMP_EXCHANGE;;;;XEUR;12238967;150;EXCHANGE
14.02.2025;10:57:20.950;BAS SI 20250321 PS AM C 48.00 0;SIMPLE_INSTRUMENT;BLOCK;EUR;9;4.00000000;6400;EXCHANGE_LAST;;1;1;XEUR;10831045;150;
14.02.2025;10:58:22.426;BAS SI 20250620 PS AM C 56.00 0;SIMPLE_INSTRUMENT;BLOCK;EUR;10;1.32000000;8084;EXCHANGE_LAST;;1;1;XEUR;10779757;150;
14.02.2025;10:58:22.446;BAS SI 20250620 PS AM C 56.00 0;SIMPLE_INSTRUMENT;BLOCK;EUR;11;1.31000000;516;EXCHANGE_LAST;;1;1;XEUR;10779757;150;
14.02.2025;11:12:53.634;BAS.O.250214.COMBO.000031;STANDARD_OPTION_STRATEGY;BLOCK;EUR;13;-3.13000000;500;EXCHANGE_LAST;;1;1;XEUR;72058238283091877;150;
14.02.2025;11:12:53.634;BAS SI 20250620 PS AM C 48.00 0;SIMPLE_INSTRUMENT;BLOCK;EUR;13;4.86000000;500;PRC_DECOMP_EXCHANGE;;;;XEUR;7898967;150;EXCHANGE
14.02.2025;11:12:53.634;BAS SI 20250620 PS AM P 46.00 0;SIMPLE_INSTRUMENT;BLOCK;EUR;13;1.73000000;500;PRC_DECOMP_EXCHANGE;;;;XEUR;9516114;150;EXCHANGE
14.02.2025;13:15:17.461;BAS.O.250214.BUL.000042;STANDARD_OPTION_STRATEGY;BLOCK;EUR;14;1.82000000;1000;EXCHANGE_LAST;;1;1;XEUR;72058238283091888;150;
14.02.2025;13:15:17.461;BAS SI 20250221 PS AM C 49.00 0;SIMPLE_INSTRUMENT;BLOCK;EUR;14;2.56000000;1000;PRC_DECOMP_EXCHANGE;;;;XEUR;12339045;150;EXCHANGE
14.02.2025;13:15:17.461;BAS SI 20250221 PS AM C 52.00 0;SIMPLE_INSTRUMENT;BLOCK;EUR;14;0.74000000;1000;PRC_DECOMP_EXCHANGE;;;;XEUR;12693177;150;EXCHANGE
14.02.2025;13:25:43.584;BAS SI 20271217 PS AM P 32.00 0;SIMPLE_INSTRUMENT;BLOCK;EUR;15;2.03000000;1000;EXCHANGE_LAST;;1;1;XEUR;8774178;150;
14.02.2025;15:07:33.344;BAS SI 20250321 PS AM C 48.00 0;SIMPLE_INSTRUMENT;BLOCK;EUR;17;4.25000000;2500;EXCHANGE_LAST;;1;1;XEUR;10831045;150;
14.02.2025;15:08:06.795;BAS SI 20251219 PS AM C 48.00 0;SIMPLE_INSTRUMENT;BLOCK;EUR;18;6.27000000;2500;EXCHANGE_LAST;;1;1;XEUR;5922203;150;
14.02.2025;15:09:40.209;BAS.O.250214.BLT.000052;STANDARD_OPTION_STRATEGY;BLOCK;EUR;19;0.65000000;8000;EXCHANGE_LAST;;2;2;XEUR;72058238283091898;150;
14.02.2025;15:09:40.209;BAS SI 20250620 PS AM C 52.00 0;SIMPLE_INSTRUMENT;BLOCK;EUR;19;2.74000000;8000;PRC_DECOMP_EXCHANGE;;;;XEUR;7898973;150;EXCHANGE
14.02.2025;15:09:40.209;BAS SI 20250919 PS AM C 52.00 0;SIMPLE_INSTRUMENT;BLOCK;EUR;19;3.39000000;8000;PRC_DECOMP_EXCHANGE;;;;XEUR;11873033;150;EXCHANGE
14.02.2025;12:01:37.898;BMW SI 20250221 PS AM C 84.00 0;SIMPLE_INSTRUMENT;BLOCK;EUR;20;0.87000000;500;EXCHANGE_LAST;;1;1;XEUR;12339264;210;
14.02.2025;12:32:32.387;BMW SI 20250221 PS AM C 84.00 0;SIMPLE_INSTRUMENT;BLOCK;EUR;22;0.87000000;500;EXCHANGE_LAST;;1;1;XEUR;12339264;210;
14.02.2025;14:37:37.866;BMW SI 20250221 PS AM P 75.00 0;SIMPLE_INSTRUMENT;BLOCK;EUR;26;0.13000000;500;EXCHANGE_LAST;;1;1;XEUR;12239971;210;
14.02.2025;14:37:43.535;BMW SI 20250221 PS AM P 75.00 0;SIMPLE_INSTRUMENT;BLOCK;EUR;27;0.14000000;500;EXCHANGE_LAST;;1;1;XEUR;12239971;210;
14.02.2025;14:44:55.727;BMW SI 20250221 PS AM P 76.00 0;SIMPLE_INSTRUMENT;BLOCK;EUR;29;0.16000000;645;EXCHANGE_LAST;;1;1;XEUR;12239965;210;
14.02.2025;11:30:57.724;BNP SI 20260619 PS AM P 60.00 0;SIMPLE_INSTRUMENT;BLOCK;EUR;11;5.35000000;1250;EXCHANGE_LAST;;1;1;XEUR;9541702;237;
14.02.2025;11:31:07.357;BNP SI 20260619 PS AM P 60.00 0;SIMPLE_INSTRUMENT;BLOCK;EUR;12;5.36000000;1250;EXCHANGE_LAST;;1;1;XEUR;9541702;237;
14.02.2025;16:18:05.767;BNP.O.250214.COMBO.000009;STANDARD_OPTION_STRATEGY;BLOCK;EUR;26;-0.67000000;3800;EXCHANGE_LAST;;2;1;XEUR;72058611945199948;237;
14.02.2025;16:18:05.767;BNP SI 20250321 PS AM P 66.00 0;SIMPLE_INSTRUMENT;BLOCK;EUR;26;0.53000000;3800;PRC_DECOMP_EXCHANGE;;;;XEUR;12372325;237;EXCHANGE
14.02.2025;16:18:05.767;BNP SI 20250321 PS AM C 72.00 0;SIMPLE_INSTRUMENT;BLOCK;EUR;26;1.20000000;3800;PRC_DECOMP_EXCHANGE;;;;XEUR;10832946;237;EXCHANGE
14.02.2025;16:29:02.580;BNP SI 20251219 PS AM P 62.00 0;SIMPLE_INSTRUMENT;BLOCK;EUR;30;4.44000000;1250;EXCHANGE_LAST;;1;1;XEUR;12372404;237;
14.02.2025;10:59:23.083;BOSF SI 20250417 CS;SIMPLE_INSTRUMENT;BLOCK;EUR;73;46.88560000;155;EXCHANGE_LAST;;1;1;XEUR;10832425;231;
14.02.2025;14:49:35.599;BOSS.O.250214.STD.000004;STANDARD_OPTION_STRATEGY;BLOCK;EUR;18;12.45000000;1000;EXCHANGE_LAST;;1;1;XEUR;72058581880419605;230;
14.02.2025;14:49:35.599;BOSS SI 20251219 PS AM P 42.00 0;SIMPLE_INSTRUMENT;BLOCK;EUR;18;3.81000000;1000;PRC_DECOMP_EXCHANGE;;;;XEUR;12435221;230;EXCHANGE
14.02.2025;14:49:35.599;BOSS SI 20251219 PS AM C 42.00 0;SIMPLE_INSTRUMENT;BLOCK;EUR;18;8.64000000;1000;PRC_DECOMP_EXCHANGE;;;;XEUR;12435207;230;EXCHANGE
14.02.2025;12:37:24.249;CBK SI 20251219 PS AM P 24.00 0;SIMPLE_INSTRUMENT;BLOCK;EUR;12;5.18000000;2500;EXCHANGE_LAST;;1;2;XEUR;10399773;268;
14.02.2025;14:19:51.785;CBK.O.250214.STG.000028;STANDARD_OPTION_STRATEGY;BLOCK;EUR;16;2.10000000;10000;EXCHANGE_LAST;;5;1;XEUR;72058745089203626;268;
14.02.2025;14:19:51.785;CBK SI 20251219 PS AM P 18.00 0;SIMPLE_INSTRUMENT;BLOCK;EUR;16;1.53000000;10000;PRC_DECOMP_EXCHANGE;;;;XEUR;8883149;268;EXCHANGE
14.02.2025;14:19:51.785;CBK SI 20251219 PS AM C 24.00 0;SIMPLE_INSTRUMENT;BLOCK;EUR;16;0.57000000;10000;PRC_DECOMP_EXCHANGE;;;;XEUR;10399759;268;EXCHANGE
14.02.2025;15:27:26.620;CBK SI 20250321 PS AM P 19.50 0;SIMPLE_INSTRUMENT;BLOCK;EUR;21;0.66000000;5000;EXCHANGE_LAST;;2;1;XEUR;11854108;268;
14.02.2025;09:19:57.822;CFR SI 20251219 PS AM P 100.00 0;SIMPLE_INSTRUMENT;BLOCK;CHF;2;1.22000000;1200;EXCHANGE_LAST;;1;1;XEUR;9996460;313;
14.02.2025;11:01:51.972;CFR SI 20250620 PS AM C 200.00 0;SIMPLE_INSTRUMENT;BLOCK;CHF;15;7.00000000;900;EXCHANGE_LAST;;1;2;XEUR;9996493;313;
14.02.2025;15:41:35.823;CRI5 SI 20251218 PS AM P 42.00 0;SIMPLE_INSTRUMENT;BLOCK;EUR;36;3.50000000;1500;EXCHANGE_LAST;;1;1;XEUR;12420975;320;
14.02.2025;10:55:09.557;D3AI SI 20251219 CS;SIMPLE_INSTRUMENT;BLOCK;EUR;70;4.25000000;300;EXCHANGE_LAST;;2;1;XEUR;7144062;443197;
14.02.2025;11:53:47.722;D3AI SI 20251219 CS;SIMPLE_INSTRUMENT;BLOCK;EUR;80;4.25000000;200;EXCHANGE_LAST;;3;1;XEUR;7144062;443197;
14.02.2025;12:38:39.482;D3AI SI 20251219 CS;SIMPLE_INSTRUMENT;BLOCK;EUR;87;4.27000000;200;EXCHANGE_LAST;;1;2;XEUR;7144062;443197;
14.02.2025;10:23:50.381;DAI SI 20250321 PS AM P 60.00 0;SIMPLE_INSTRUMENT;BLOCK;EUR;12;1.96000000;2000;EXCHANGE_LAST;;1;1;XEUR;10884522;443196;
14.02.2025;11:18:56.446;DAI SI 20250321 PS AM C 62.00 0;SIMPLE_INSTRUMENT;BLOCK;EUR;16;2.35000000;1250;EXCHANGE_LAST;;1;1;XEUR;12327509;443196;
14.02.2025;14:48:36.819;DAI.O.250214.STD.000021;STANDARD_OPTION_STRATEGY;BLOCK;EUR;28;10.50000000;1400;EXCHANGE_LAST;;1;1;XEUR;73961106363664002;443196;
14.02.2025;14:48:36.819;DAI SI 20250919 PS AM P 60.00 0;SIMPLE_INSTRUMENT;BLOCK;EUR;28;5.23000000;1400;PRC_DECOMP_EXCHANGE;;;;XEUR;11925646;443196;EXCHANGE
14.02.2025;14:48:36.819;DAI SI 20250919 PS AM C 60.00 0;SIMPLE_INSTRUMENT;BLOCK;EUR;28;5.27000000;1400;PRC_DECOMP_EXCHANGE;;;;XEUR;11925649;443196;EXCHANGE
14.02.2025;15:02:49.619;DAI SI 20251219 PS AM C 72.00 0;SIMPLE_INSTRUMENT;BLOCK;EUR;30;1.75000000;2000;EXCHANGE_LAST;;1;1;XEUR;12490175;443196;
14.02.2025;16:32:18.914;DAI SI 20250321 PS AM C 65.00 0;SIMPLE_INSTRUMENT;BLOCK;EUR;33;1.51000000;2000;EXCHANGE_LAST;;2;1;XEUR;12591794;443196;
14.02.2025;16:42:32.920;DAI.O.250214.BU23.000053;STANDARD_OPTION_STRATEGY;BLOCK;EUR;35;-1.12000000;3000;EXCHANGE_LAST;;3;1;XEUR;73961106363664034;443196;
14.02.2025;16:42:32.920;DAI SI 20261218 PS AM C 76.00 0;SIMPLE_INSTRUMENT;BLOCK;EUR;35;2.56000000;9000;PRC_DECOMP_MEMBER;;;;XEUR;7190191;443196;MEMBER
14.02.2025;16:42:32.920;DAI SI 20261218 PS AM C 68.00 0;SIMPLE_INSTRUMENT;BLOCK;EUR;35;4.40000000;6000;PRC_DECOMP_MEMBER;;;;XEUR;7190185;443196;MEMBER
14.02.2025;16:18:58.661;DBK SI 20251219 PS AM P 17.00 0;SIMPLE_INSTRUMENT;BLOCK;EUR;27;1.21000000;4000;EXCHANGE_LAST;;1;1;XEUR;12352685;362;
14.02.2025;12:49:44.864;DHE.O.250214.STG.000004;STANDARD_OPTION_STRATEGY;BLOCK;EUR;16;1.20000000;1250;EXCHANGE_LAST;;2;1;XEUR;72302986994400294;57135;
14.02.2025;12:49:44.864;DHE SI 20250321 PS AM C 34.00 0;SIMPLE_INSTRUMENT;BLOCK;EUR;16;0.62000000;1250;PRC_DECOMP_EXCHANGE;;;;XEUR;10869218;57135;EXCHANGE
14.02.2025;12:49:44.864;DHE SI 20250321 PS AM P 26.00 0;SIMPLE_INSTRUMENT;BLOCK;EUR;16;0.58000000;1250;PRC_DECOMP_EXCHANGE;;;;XEUR;10869216;57135;EXCHANGE
14.02.2025;14:32:36.837;DHE.O.250214.BRT12.000005;STANDARD_OPTION_STRATEGY;BLOCK;EUR;23;3.35000000;500;EXCHANGE_LAST;;1;1;XEUR;72302986994400295;57135;
14.02.2025;14:32:36.837;DHE SI 20251219 PS AM P 24.00 0;SIMPLE_INSTRUMENT;BLOCK;EUR;23;3.57000000;500;PRC_DECOMP_EXCHANGE;;;;XEUR;7614141;57135;EXCHANGE
14.02.2025;14:32:36.837;DHE SI 20250321 PS AM P 18.00 0;SIMPLE_INSTRUMENT;BLOCK;EUR;23;0.11000000;1000;PRC_DECOMP_EXCHANGE;;;;XEUR;10869141;57135;EXCHANGE
14.02.2025;11:24:55.867;DPW SI 20271217 PS AM P 32.00 0;SIMPLE_INSTRUMENT;BLOCK;EUR;10;3.68000000;1000;EXCHANGE_LAST;;1;2;XEUR;8780093;445;
14.02.2025;12:12:05.605;DSM SI 20250417 PS AM P 98.00 0;SIMPLE_INSTRUMENT;BLOCK;EUR;11;1.14000000;349;EXCHANGE_LAST;;1;1;XEUR;12619551;436;
14.02.2025;12:28:27.847;DSM SI 20250417 PS AM P 98.00 0;SIMPLE_INSTRUMENT;BLOCK;EUR;13;1.13000000;1168;EXCHANGE_LAST;;1;1;XEUR;12619551;436;
14.02.2025;12:44:56.401;DTE SI 20251219 PS AM P 27.00 0;SIMPLE_INSTRUMENT;BLOCK;EUR;15;0.57000000;2000;EXCHANGE_LAST;;1;1;XEUR;11297289;424;
14.02.2025;12:46:53.644;DTE.O.250214.BER.000013;STANDARD_OPTION_STRATEGY;BLOCK;EUR;17;1.11000000;4500;EXCHANGE_LAST;;1;2;XEUR;72059415104107678;424;
14.02.2025;12:46:53.644;DTE SI 20251219 PS AM P 32.00 0;SIMPLE_INSTRUMENT;BLOCK;EUR;17;1.83000000;4500;PRC_DECOMP_EXCHANGE;;;;XEUR;7834484;424;EXCHANGE
14.02.2025;12:46:53.644;DTE SI 20251219 PS AM P 28.00 0;SIMPLE_INSTRUMENT;BLOCK;EUR;17;0.72000000;4500;PRC_DECOMP_EXCHANGE;;;;XEUR;6268407;424;EXCHANGE
14.02.2025;15:26:41.806;DTEP SI 20250321 PS;SIMPLE_INSTRUMENT;BLOCK;EUR;113;33.62500000;9000;EXCHANGE_LAST;;1;1;XEUR;10725370;124289;
14.02.2025;10:55:31.628;DUFN SI 20260619 PS AM C 40.00 0;SIMPLE_INSTRUMENT;BLOCK;CHF;13;6.08000000;200;EXCHANGE_LAST;;1;1;XEUR;11356369;418;
14.02.2025;09:22:38.978;E2NL SI 20250321 CS;SIMPLE_INSTRUMENT;BLOCK;EUR;2;0.21500000;2625;EXCHANGE_LAST;;1;1;XEUR;10403435;471;
14.02.2025;14:39:05.659;E2NT SI 20261218 CS;SIMPLE_INSTRUMENT;BLOCK;EUR;105;1.00000000;500;EXCHANGE_LAST;;1;1;XEUR;4632357;470;
14.02.2025;16:26:56.320;EAD SI 20261218 PS AM P 150.00 0;SIMPLE_INSTRUMENT;BLOCK;EUR;29;13.75000000;800;EXCHANGE_LAST;;2;2;XEUR;12602611;465;
14.02.2025;14:31:00.010;EADG SI 20250321 CS;SIMPLE_INSTRUMENT;BLOCK;EUR;103;169.50000000;500;EXCHANGE_LAST;;1;1;XEUR;11420362;840008;
14.02.2025;11:06:23.754;ENL5 SI 20250417 PS AM P 6.40 0;SIMPLE_INSTRUMENT;BLOCK;EUR;5;0.04700000;4723;EXCHANGE_LAST;;1;1;XEUR;12607898;500;
14.02.2025;11:23:50.968;ENL5 SI 20250417 PS AM P 6.40 0;SIMPLE_INSTRUMENT;BLOCK;EUR;6;0.04500000;1000;EXCHANGE_LAST;;1;1;XEUR;12607898;500;
14.02.2025;09:22:13.727;ENLH SI 20250320 CS;SIMPLE_INSTRUMENT;BLOCK;EUR;1;6.89330000;6000;EXCHANGE_LAST;;1;1;XEUR;10690796;524976;
14.02.2025;11:08:27.792;ENR SI 20250221 PS AM P 57.00 0;SIMPLE_INSTRUMENT;BLOCK;EUR;8;0.24000000;500;EXCHANGE_LAST;;1;1;XEUR;12573842;298530;
14.02.2025;11:50:28.857;ENR SI 20250620 PS AM C 68.00 0;SIMPLE_INSTRUMENT;BLOCK;EUR;12;5.55000000;2500;EXCHANGE_LAST;;1;3;XEUR;12229466;298530;
14.02.2025;11:59:34.845;ENR.O.250214.CDIA.000016;STANDARD_OPTION_STRATEGY;BLOCK;EUR;13;-4.88000000;900;EXCHANGE_LAST;;1;1;XEUR;73339770624817971;298530;
14.02.2025;11:59:34.845;ENR SI 20250321 PS AM C 26.00 0;SIMPLE_INSTRUMENT;BLOCK;EUR;13;34.30000000;900;PRC_DECOMP_EXCHANGE;;;;XEUR;10920317;298530;EXCHANGE
14.02.2025;11:59:34.845;ENR SI 20250919 PS AM C 32.00 0;SIMPLE_INSTRUMENT;BLOCK;EUR;13;29.42000000;900;PRC_DECOMP_EXCHANGE;;;;XEUR;11919339;298530;EXCHANGE
14.02.2025;14:12:37.234;ENR.N.250214.000017;NON_STANDARD_OPTION_STRATEGY;BLOCK;EUR;21;0.99000000;2000;EXCHANGE_LAST;;1;1;XEUR;73339770624817972;298530;
14.02.2025;14:12:37.234;ENR SI 20250417 PS AM P 62.00 0;SIMPLE_INSTRUMENT;BLOCK;EUR;21;5.95000000;2000;PRC_DECOMP_EXCHANGE;;;;XEUR;12650606;298530;EXCHANGE
14.02.2025;14:12:37.234;ENR SI 20251219 PS AM C 26.00 0;SIMPLE_INSTRUMENT;BLOCK;EUR;21;36.17000000;2000;PRC_DECOMP_EXCHANGE;;;;XEUR;6606461;298530;EXCHANGE
14.02.2025;14:12:37.234;ENR SI 20250620 PS AM C 18.00 0;SIMPLE_INSTRUMENT;BLOCK;EUR;21;43.11000000;2000;PRC_DECOMP_EXCHANGE;;;;XEUR;7930623;298530;EXCHANGE
14.02.2025;16:15:53.017;ENT5.O.250214.STG.000001;STANDARD_OPTION_STRATEGY;BLOCK;EUR;37;0.80500000;250;EXCHANGE_LAST;;1;1;XEUR;72059728636684224;497;
14.02.2025;16:15:53.017;ENT5 SI 20250918 PS AM P 13.00 0;SIMPLE_INSTRUMENT;BLOCK;EUR;37;0.48500000;250;PRC_DECOMP_MEMBER;;;;XEUR;11863461;497;MEMBER
14.02.2025;16:15:53.017;ENT5 SI 20250918 PS AM C 15.00 0;SIMPLE_INSTRUMENT;BLOCK;EUR;37;0.32000000;250;PRC_DECOMP_MEMBER;;;;XEUR;11863482;497;MEMBER
14.02.2025;09:16:58.576;ENUR SI 20250221 PS AM C 11.00 0;SIMPLE_INSTRUMENT;BLOCK;EUR;1;0.16000000;1268;EXCHANGE_LAST;;1;1;XEUR;12244040;498;
14.02.2025;09:16:54.666;ENUR SI 20250221 PS AM C 11.00 0;SIMPLE_INSTRUMENT;BLOCK;EUR;2;0.17000000;1268;EXCHANGE_LAST;;1;1;XEUR;12244040;498;
14.02.2025;11:55:16.906;ENUR SI 20250221 PS AM C 11.00 0;SIMPLE_INSTRUMENT;BLOCK;EUR;9;0.22000000;1268;EXCHANGE_LAST;;1;1;XEUR;12244040;498;
14.02.2025;11:55:13.074;ENUR SI 20250221 PS AM C 11.00 0;SIMPLE_INSTRUMENT;BLOCK;EUR;10;0.23000000;1269;EXCHANGE_LAST;;1;1;XEUR;12244040;498;
14.02.2025;12:32:54.925;ENUR SI 20250221 PS AM C 11.00 0;SIMPLE_INSTRUMENT;BLOCK;EUR;14;0.22000000;2283;EXCHANGE_LAST;;1;1;XEUR;12244040;498;
14.02.2025;14:20:59.363;ENUR SI 20250221 PS AM C 11.00 0;SIMPLE_INSTRUMENT;BLOCK;EUR;29;0.22000000;532;EXCHANGE_LAST;;1;1;XEUR;12244040;498;
14.02.2025;14:20:55.859;ENUR SI 20250221 PS AM C 11.00 0;SIMPLE_INSTRUMENT;BLOCK;EUR;30;0.23000000;533;EXCHANGE_LAST;;1;1;XEUR;12244040;498;
14.02.2025;15:10:05.831;ENUR SI 20250221 PS AM C 11.00 0;SIMPLE_INSTRUMENT;BLOCK;EUR;31;0.26000000;2131;EXCHANGE_LAST;;1;1;XEUR;12244040;498;
14.02.2025;15:35:59.388;ENUR SI 20250221 PS AM C 11.00 0;SIMPLE_INSTRUMENT;BLOCK;EUR;35;0.23000000;2130;EXCHANGE_LAST;;1;1;XEUR;12244040;498;
14.02.2025;09:00:10.910;EUCO SI 20250214 PS EU P 1.0800 0;SIMPLE_INSTRUMENT;BLOCK;USD;1;0.03160000;1;EXCHANGE_LAST;;1;1;XEUR;10675822;369370;
14.02.2025;15:20:30.454;F3IA SI 20271217 CS;SIMPLE_INSTRUMENT;BLOCK;EUR;111;0.61000000;500;EXCHANGE_LAST;;1;1;XEUR;8422837;390387;
14.02.2025;15:25:43.549;F3IA SI 20261218 CS;SIMPLE_INSTRUMENT;BLOCK;EUR;114;0.64500000;800;EXCHANGE_LAST;;1;1;XEUR;6830373;390387;
14.02.2025;15:54:51.537;F3IA SI 20271217 CS;SIMPLE_INSTRUMENT;BLOCK;EUR;118;0.61000000;300;EXCHANGE_LAST;;1;1;XEUR;8422837;390387;
14.02.2025;16:23:13.928;F3IA SI 20271217 CS;SIMPLE_INSTRUMENT;BLOCK;EUR;121;0.61000000;250;EXCHANGE_LAST;;1;1;XEUR;8422837;390387;
14.02.2025;16:24:41.600;F3IA SI 20261218 CS;SIMPLE_INSTRUMENT;BLOCK;EUR;122;0.64500000;250;EXCHANGE_LAST;;1;1;XEUR;6830373;390387;
14.02.2025;16:34:33.576;F3IA SI 20271217 CS;SIMPLE_INSTRUMENT;BLOCK;EUR;124;0.61000000;250;EXCHANGE_LAST;;1;1;XEUR;8422837;390387;
14.02.2025;10:19:55.078;F3TE SI 20251219 CS;SIMPLE_INSTRUMENT;BLOCK;EUR;29;0.74700000;200;EXCHANGE_LAST;;1;1;XEUR;6633903;390379;
14.02.2025;10:20:05.427;F3TE SI 20251219 CS;SIMPLE_INSTRUMENT;BLOCK;EUR;31;0.74800000;200;EXCHANGE_LAST;;1;1;XEUR;6633903;390379;
14.02.2025;11:36:05.847;F3TE SI 20251219 CS;SIMPLE_INSTRUMENT;BLOCK;EUR;76;0.74700000;250;EXCHANGE_LAST;;1;1;XEUR;6633903;390379;
14.02.2025;11:36:29.145;F3TE SI 20251219 CS;SIMPLE_INSTRUMENT;BLOCK;EUR;77;0.74800000;250;EXCHANGE_LAST;;1;1;XEUR;6633903;390379;
14.02.2025;14:49:42.972;F3TE SI 20261218 CS;SIMPLE_INSTRUMENT;BLOCK;EUR;107;0.73000000;2231;EXCHANGE_LAST;;1;1;XEUR;6633899;390379;
14.02.2025;08:17:01.618;FBTP SI 20250306 PS;SIMPLE_INSTRUMENT;EFP_FIN;EUR;1;120.28000000;870;EXCHANGE_LAST;;1;1;XEUR;11286675;636;
14.02.2025;08:48:17.048;FBTP SI 20250306 PS;SIMPLE_INSTRUMENT;EFP_FIN;EUR;2;120.17000000;89;EXCHANGE_LAST;;1;1;XEUR;11286675;636;
14.02.2025;09:20:21.104;FBTP SI 20250306 PS;SIMPLE_INSTRUMENT;EFP_FIN;EUR;3;120.16000000;110;EXCHANGE_LAST;;1;1;XEUR;11286675;636;
14.02.2025;10:07:55.759;FBTP SI 20250306 PS;SIMPLE_INSTRUMENT;EFP_FIN;EUR;4;120.28000000;154;EXCHANGE_LAST;;1;1;XEUR;11286675;636;
14.02.2025;10:32:53.349;FBTP SI 20250306 PS;SIMPLE_INSTRUMENT;EFP_FIN;EUR;5;120.23000000;89;EXCHANGE_LAST;;1;1;XEUR;11286675;636;
14.02.2025;10:52:57.662;FBTP SI 20250306 PS;SIMPLE_INSTRUMENT;EFP_FIN;EUR;6;120.24000000;89;EXCHANGE_LAST;;1;1;XEUR;11286675;636;
14.02.2025;11:01:33.975;FBTP SI 20250306 PS;SIMPLE_INSTRUMENT;EFP_FIN;EUR;7;120.24000000;92;EXCHANGE_LAST;;1;1;XEUR;11286675;636;
14.02.2025;11:02:39.923;FBTP SI 20250306 PS;SIMPLE_INSTRUMENT;BLOCK;EUR;8;120.26000000;1168;EXCHANGE_LAST;;1;1;XEUR;11286675;636;
14.02.2025;11:16:05.340;FBTP SI 20250306 PS;SIMPLE_INSTRUMENT;BLOCK;EUR;9;120.29000000;250;EXCHANGE_LAST;;1;1;XEUR;11286675;636;
14.02.2025;11:53:24.228;FBTP SI 20250306 PS;SIMPLE_INSTRUMENT;EFP_FIN;EUR;10;120.29000000;928;EXCHANGE_LAST;;1;1;XEUR;11286675;636;
14.02.2025;13:27:16.173;FBTP SI 20250306 PS;SIMPLE_INSTRUMENT;EFP_FIN;EUR;11;120.06000000;336;EXCHANGE_LAST;;1;1;XEUR;11286675;636;
14.02.2025;13:57:59.712;FBTP SI 20250306 PS;SIMPLE_INSTRUMENT;EFP_FIN;EUR;12;120.29000000;928;EXCHANGE_LAST;;1;1;XEUR;11286675;636;
14.02.2025;14:04:12.267;FBTP SI 20250306 PS;SIMPLE_INSTRUMENT;EFP_FIN;EUR;13;120.30000000;519;EXCHANGE_LAST;;1;1;XEUR;11286675;636;
14.02.2025;14:05:23.261;FBTP SI 20250306 PS;SIMPLE_INSTRUMENT;EFP_FIN;EUR;14;120.27000000;813;EXCHANGE_LAST;;1;1;XEUR;11286675;636;
14.02.2025;14:13:33.605;FBTP SI 20250306 PS;SIMPLE_INSTRUMENT;EFP_FIN;EUR;15;120.30000000;167;EXCHANGE_LAST;;1;1;XEUR;11286675;636;
14.02.2025;14:14:42.263;FBTP SI 20250306 PS;SIMPLE_INSTRUMENT;EFP_FIN;EUR;16;120.30000000;69;EXCHANGE_LAST;;1;1;XEUR;11286675;636;
14.02.2025;14:22:18.714;FBTP SI 20250306 PS;SIMPLE_INSTRUMENT;EFP_FIN;EUR;17;120.30000000;895;EXCHANGE_LAST;;1;1;XEUR;11286675;636;
14.02.2025;15:20:20.865;FBTP SI 20250306 PS;SIMPLE_INSTRUMENT;EFP_FIN;EUR;18;120.22000000;72;EXCHANGE_LAST;;1;1;XEUR;11286675;636;
14.02.2025;15:25:02.806;FBTP SI 20250306 PS;SIMPLE_INSTRUMENT;EFP_FIN;EUR;19;120.15000000;107;EXCHANGE_LAST;;1;1;XEUR;11286675;636;
14.02.2025;16:12:16.133;FBTP SI 20250306 PS;SIMPLE_INSTRUMENT;EFP_FIN;EUR;20;120.13000000;194;EXCHANGE_LAST;;1;1;XEUR;11286675;636;
14.02.2025;16:13:43.911;FBTP SI 20250306 PS;SIMPLE_INSTRUMENT;EFP_FIN;EUR;21;120.13000000;69;EXCHANGE_LAST;;1;1;XEUR;11286675;636;
14.02.2025;16:34:19.916;FBTP SI 20250306 PS;SIMPLE_INSTRUMENT;BLOCK;EUR;22;120.16000000;1169;EXCHANGE_LAST;;1;1;XEUR;11286675;636;
14.02.2025;16:55:54.294;FBTP SI 20250306 PS;SIMPLE_INSTRUMENT;EFP_FIN;EUR;23;120.11000000;671;EXCHANGE_LAST;;1;1;XEUR;11286675;636;
14.02.2025;17:02:31.078;FBTP SI 20250306 PS;SIMPLE_INSTRUMENT;EFP_FIN;EUR;24;120.13000000;671;EXCHANGE_LAST;;1;1;XEUR;11286675;636;
14.02.2025;11:30:20.588;FBTS SI 20250306 PS;SIMPLE_INSTRUMENT;EFP_FIN;EUR;53;107.45000000;335;EXCHANGE_LAST;;1;1;XEUR;11286677;639;
14.02.2025;14:07:36.466;FBTS SI 20250306 PS;SIMPLE_INSTRUMENT;EFP_FIN;EUR;64;107.44000000;344;EXCHANGE_LAST;;1;1;XEUR;11286677;639;
14.02.2025;14:36:55.544;FBTS SI 20250306 PS;SIMPLE_INSTRUMENT;EFP_FIN;EUR;70;107.42000000;1387;EXCHANGE_LAST;;1;1;XEUR;11286677;639;
14.02.2025;15:24:37.308;FBTS SI 20250306 PS;SIMPLE_INSTRUMENT;EFP_FIN;EUR;76;107.42000000;217;EXCHANGE_LAST;;1;1;XEUR;11286677;639;
14.02.2025;15:23:51.779;FBTS SI 20250306 PS;SIMPLE_INSTRUMENT;BLOCK;EUR;77;107.41000000;405;EXCHANGE_LAST;;1;1;XEUR;11286677;639;
14.02.2025;16:36:28.103;FBTS SI 20250306 PS;SIMPLE_INSTRUMENT;EFP_FIN;EUR;88;107.42000000;1206;EXCHANGE_LAST;;1;1;XEUR;11286677;639;
14.02.2025;17:08:58.020;FBTS SI 20250306 PS;SIMPLE_INSTRUMENT;EFP_FIN;EUR;89;107.40000000;251;EXCHANGE_LAST;;1;1;XEUR;11286677;639;
14.02.2025;10:58:43.567;FCEU SI 20250317 PS;SIMPLE_INSTRUMENT;BLOCK;USD;3;1.04790000;70;EXCHANGE_LAST;;1;1;XEUR;9136240;369376;
14.02.2025;11:28:40.917;FCEU SI 20250317 PS;SIMPLE_INSTRUMENT;BLOCK;USD;4;1.04800000;50;EXCHANGE_LAST;;1;1;XEUR;9136240;369376;
14.02.2025;11:31:19.657;FCEU SI 20250317 PS;SIMPLE_INSTRUMENT;BLOCK;USD;5;1.04790000;196;EXCHANGE_LAST;;1;1;XEUR;9136240;369376;
14.02.2025;11:50:20.712;FCEU SI 20250317 PS;SIMPLE_INSTRUMENT;BLOCK;USD;7;1.04780000;239;EXCHANGE_LAST;;1;1;XEUR;9136240;369376;
14.02.2025;11:50:33.773;FCEU SI 20250317 PS;SIMPLE_INSTRUMENT;BLOCK;USD;8;1.04790000;40;EXCHANGE_LAST;;1;1;XEUR;9136240;369376;
14.02.2025;10:32:49.220;FCNS SI 20250317 PS;SIMPLE_INSTRUMENT;EFP_IDX;SEK;1;0.96173000;4;EXCHANGE_LAST;;1;1;XEUR;9136391;402911;
14.02.2025;10:32:50.721;FCNS SI 20250317 PS;SIMPLE_INSTRUMENT;EFP_IDX;SEK;2;0.96174000;446;EXCHANGE_LAST;;1;1;XEUR;9136391;402911;
14.02.2025;13:21:48.471;FCNS SI 20250317 PS;SIMPLE_INSTRUMENT;EFP_IDX;SEK;10;0.96250000;168;EXCHANGE_LAST;;1;1;XEUR;9136391;402911;
14.02.2025;13:21:49.031;FCNS SI 20250317 PS;SIMPLE_INSTRUMENT;EFP_IDX;SEK;11;0.96251000;132;EXCHANGE_LAST;;1;1;XEUR;9136391;402911;
14.02.2025;16:31:14.414;FCNS SI 20250317 PS;SIMPLE_INSTRUMENT;EFP_IDX;SEK;12;0.96409000;14;EXCHANGE_LAST;;1;1;XEUR;9136391;402911;
14.02.2025;16:31:15.036;FCNS SI 20250317 PS;SIMPLE_INSTRUMENT;EFP_IDX;SEK;13;0.96410000;78;EXCHANGE_LAST;;1;1;XEUR;9136391;402911;
14.02.2025;11:31:30.658;FCPU SI 20250317 PS;SIMPLE_INSTRUMENT;BLOCK;USD;6;1.25790000;330;EXCHANGE_LAST;;1;1;XEUR;9136249;369379;
14.02.2025;12:13:55.576;FCZU SI 20250317 CS;SIMPLE_INSTRUMENT;BLOCK;USD;9;0.05421000;100;EXCHANGE_LAST;;1;1;XEUR;11329546;570872;
14.02.2025;16:46:52.619;FDAX SI 20250321 CS;SIMPLE_INSTRUMENT;EFP_IDX;EUR;1;22581.00000000;3;EXCHANGE_LAST;;1;1;XEUR;7561255;589;
14.02.2025;16:46:58.799;FDAX SI 20250321 CS;SIMPLE_INSTRUMENT;EFP_IDX;EUR;2;22582.00000000;30;EXCHANGE_LAST;;1;1;XEUR;7561255;589;
14.02.2025;16:59:07.010;FDAX SI 20250321 CS;SIMPLE_INSTRUMENT;EFP_IDX;EUR;3;22580.00000000;27;EXCHANGE_LAST;;1;1;XEUR;7561255;589;
14.02.2025;16:59:22.895;FDAX SI 20250321 CS;SIMPLE_INSTRUMENT;EFP_IDX;EUR;4;22579.00000000;38;EXCHANGE_LAST;;1;1;XEUR;7561255;589;
14.02.2025;17:10:08.874;FDAX SI 20250321 CS;SIMPLE_INSTRUMENT;BLOCK;EUR;5;22570.00000000;250;EXCHANGE_LAST;;1;1;XEUR;7561255;589;
14.02.2025;17:11:03.923;FDAX SI 20250321 CS;SIMPLE_INSTRUMENT;EFP_IDX;EUR;6;22570.00000000;100;EXCHANGE_LAST;;1;1;XEUR;7561255;589;
14.02.2025;09:28:39.295;FDAX SI 20250321 CS;SIMPLE_INSTRUMENT;VOLA;EUR;671088643;22642.00000000;16;EXCHANGE_LAST;;1;1;XEUR;7561255;589;
14.02.2025;09:43:32.817;FDAX SI 20250321 CS;SIMPLE_INSTRUMENT;VOLA;EUR;671088648;22650.00000000;15;EXCHANGE_LAST;;1;1;XEUR;7561255;589;
14.02.2025;10:27:48.145;FDAX SI 20250321 CS;SIMPLE_INSTRUMENT;VOLA;EUR;671088651;22658.00000000;28;EXCHANGE_LAST;;1;1;XEUR;7561255;589;
14.02.2025;13:46:06.011;FDAX SI 20250321 CS;SIMPLE_INSTRUMENT;VOLA;EUR;671088662;22603.00000000;130;EXCHANGE_LAST;;1;1;XEUR;7561255;589;
14.02.2025;15:11:22.314;FDAX SI 20250321 CS;SIMPLE_INSTRUMENT;VOLA;EUR;671088664;22630.00000000;28;EXCHANGE_LAST;;1;1;XEUR;7561255;589;
14.02.2025;10:59:54.385;FEBD SI 20251219 CS;SIMPLE_INSTRUMENT;BLOCK;EUR;8;10.92000000;350;EXCHANGE_LAST;;1;1;XEUR;5914075;597;
14.02.2025;11:42:02.935;FEBD SI 20261218 CS;SIMPLE_INSTRUMENT;BLOCK;EUR;14;10.34000000;3000;EXCHANGE_LAST;;1;1;XEUR;7158212;597;
14.02.2025;12:03:59.839;FEBD SI 20271217 CS;SIMPLE_INSTRUMENT;BLOCK;EUR;15;9.56000000;2000;EXCHANGE_LAST;;1;1;XEUR;7776307;597;
14.02.2025;13:42:19.800;FEBD.S.DEC26.DEC27.SPD;FUTURES_SPREAD;BLOCK;EUR;20;0.77000000;500;EXCHANGE_LAST;;2;1;XEUR;72060158133407008;597;
14.02.2025;13:42:19.800;FEBD SI 20271217 CS;SIMPLE_INSTRUMENT;BLOCK;EUR;20;9.58000000;500;PRC_DECOMP_MEMBER;;;;XEUR;7776307;597;MEMBER
14.02.2025;13:42:19.800;FEBD SI 20261218 CS;SIMPLE_INSTRUMENT;BLOCK;EUR;20;10.35000000;500;PRC_DECOMP_MEMBER;;;;XEUR;7158212;597;MEMBER
14.02.2025;14:24:35.934;FEBD SI 20251219 CS;SIMPLE_INSTRUMENT;BLOCK;EUR;26;10.93000000;1000;EXCHANGE_LAST;;1;1;XEUR;5914075;597;
14.02.2025;15:23:43.581;FECX SI 20250321 CS;SIMPLE_INSTRUMENT;BLOCK;EUR;31;166.75000000;70;EXCHANGE_LAST;;1;1;XEUR;11427948;410158;
14.02.2025;15:09:54.728;FESB SI 20250321 CS;SIMPLE_INSTRUMENT;BLOCK;EUR;31;173.50000000;5000;EXCHANGE_LAST;;1;1;XEUR;11359072;605;
14.02.2025;15:34:48.306;FESB SI 20250321 CS;SIMPLE_INSTRUMENT;BLOCK;EUR;34;173.50000000;5000;EXCHANGE_LAST;;1;1;XEUR;11359072;605;
14.02.2025;09:06:26.149;FESX SI 20250321 CS;SIMPLE_INSTRUMENT;BLOCK;EUR;1;5514.00000000;2960;EXCHANGE_LAST;;1;1;XEUR;7793482;675;
14.02.2025;10:39:37.298;FESX SI 20250321 CS;SIMPLE_INSTRUMENT;BLOCK;EUR;2;5517.00000000;2000;EXCHANGE_LAST;;1;1;XEUR;7793482;675;
14.02.2025;11:16:08.559;FESX SI 20250321 CS;SIMPLE_INSTRUMENT;BLOCK;EUR;3;5512.00000000;2791;EXCHANGE_LAST;;1;1;XEUR;7793482;675;
14.02.2025;11:21:35.063;FESX SI 20250321 CS;SIMPLE_INSTRUMENT;EFP_IDX;EUR;4;5510.00000000;1000;EXCHANGE_LAST;;1;1;XEUR;7793482;675;
14.02.2025;11:34:28.509;FESX SI 20250321 CS;SIMPLE_INSTRUMENT;BLOCK;EUR;5;5510.00000000;13200;EXCHANGE_LAST;;1;1;XEUR;7793482;675;
14.02.2025;11:35:48.220;FESX SI 20250321 CS;SIMPLE_INSTRUMENT;BLOCK;EUR;6;5510.00000000;2000;EXCHANGE_LAST;;1;1;XEUR;7793482;675;
14.02.2025;13:11:31.570;FESX SI 20250321 CS;SIMPLE_INSTRUMENT;EFP_IDX;EUR;7;5515.00000000;1000;EXCHANGE_LAST;;1;1;XEUR;7793482;675;
14.02.2025;13:12:35.375;FESX SI 20250321 CS;SIMPLE_INSTRUMENT;EFP_IDX;EUR;8;5515.00000000;1000;EXCHANGE_LAST;;1;1;XEUR;7793482;675;
14.02.2025;13:35:15.553;FESX.S.MAR25.JUN25.SPD;FUTURES_SPREAD;BLOCK;EUR;9;53.50000000;5000;EXCHANGE_LAST;;1;1;XEUR;72060493140861515;675;
14.02.2025;13:35:15.553;FESX SI 20250620 CS;SIMPLE_INSTRUMENT;BLOCK;EUR;9;5466.50000000;5000;PRC_DECOMP_MEMBER;;;;XEUR;7904020;675;MEMBER
14.02.2025;13:35:15.553;FESX SI 20250321 CS;SIMPLE_INSTRUMENT;BLOCK;EUR;9;5520.00000000;5000;PRC_DECOMP_MEMBER;;;;XEUR;7793482;675;MEMBER
14.02.2025;13:49:36.642;FESX.S.MAR25.JUN25.SPD;FUTURES_SPREAD;BLOCK;EUR;10;53.50000000;2000;EXCHANGE_LAST;;1;1;XEUR;72060493140861515;675;
14.02.2025;13:49:36.642;FESX SI 20250620 CS;SIMPLE_INSTRUMENT;BLOCK;EUR;10;5466.50000000;2000;PRC_DECOMP_MEMBER;;;;XEUR;7904020;675;MEMBER
14.02.2025;13:49:36.642;FESX SI 20250321 CS;SIMPLE_INSTRUMENT;BLOCK;EUR;10;5520.00000000;2000;PRC_DECOMP_MEMBER;;;;XEUR;7793482;675;MEMBER
14.02.2025;14:39:13.940;FESX SI 20250321 CS;SIMPLE_INSTRUMENT;BLOCK;EUR;11;5523.00000000;3974;EXCHANGE_LAST;;1;1;XEUR;7793482;675;
14.02.2025;15:14:22.582;FESX SI 20250321 CS;SIMPLE_INSTRUMENT;BLOCK;EUR;12;5520.00000000;2000;EXCHANGE_LAST;;1;1;XEUR;7793482;675;
14.02.2025;15:15:00.647;FESX SI 20250321 CS;SIMPLE_INSTRUMENT;BLOCK;EUR;13;5520.00000000;3000;EXCHANGE_LAST;;1;1;XEUR;7793482;675;
14.02.2025;15:17:42.008;FESX SI 20250321 CS;SIMPLE_INSTRUMENT;EFP_IDX;EUR;14;5517.00000000;2500;EXCHANGE_LAST;;1;1;XEUR;7793482;675;
14.02.2025;15:19:38.470;FESX SI 20250321 CS;SIMPLE_INSTRUMENT;BLOCK;EUR;15;5520.00000000;2500;EXCHANGE_LAST;;1;1;XEUR;7793482;675;
14.02.2025;15:26:24.561;FESX SI 20250321 CS;SIMPLE_INSTRUMENT;BLOCK;EUR;16;5520.00000000;2500;EXCHANGE_LAST;;1;1;XEUR;7793482;675;
14.02.2025;16:30:56.974;FESX SI 20250321 CS;SIMPLE_INSTRUMENT;BLOCK;EUR;17;5500.00000000;2000;EXCHANGE_LAST;;1;1;XEUR;7793482;675;
14.02.2025;16:32:51.895;FESX SI 20250321 CS;SIMPLE_INSTRUMENT;EFP_IDX;EUR;18;5500.00000000;1000;EXCHANGE_LAST;;1;1;XEUR;7793482;675;
14.02.2025;16:32:44.400;FESX SI 20250321 CS;SIMPLE_INSTRUMENT;EFP_IDX;EUR;19;5500.00000000;1000;EXCHANGE_LAST;;1;1;XEUR;7793482;675;
14.02.2025;16:45:16.706;FESX SI 20250321 CS;SIMPLE_INSTRUMENT;EFP_IDX;EUR;20;5506.00000000;7;EXCHANGE_LAST;;1;1;XEUR;7793482;675;
14.02.2025;16:45:24.000;FESX SI 20250321 CS;SIMPLE_INSTRUMENT;EFP_IDX;EUR;21;5505.00000000;293;EXCHANGE_LAST;;1;1;XEUR;7793482;675;
14.02.2025;16:44:20.883;FESX SI 20250321 CS;SIMPLE_INSTRUMENT;EFP_IDX;EUR;22;5505.00000000;170;EXCHANGE_LAST;;1;1;XEUR;7793482;675;
14.02.2025;16:53:05.101;FESX SI 20250321 CS;SIMPLE_INSTRUMENT;EFP_IDX;EUR;23;5506.00000000;9;EXCHANGE_LAST;;1;1;XEUR;7793482;675;
14.02.2025;16:44:28.007;FESX SI 20250321 CS;SIMPLE_INSTRUMENT;EFP_IDX;EUR;24;5506.00000000;30;EXCHANGE_LAST;;1;1;XEUR;7793482;675;
14.02.2025;16:54:02.088;FESX SI 20250321 CS;SIMPLE_INSTRUMENT;EFP_IDX;EUR;25;5505.00000000;371;EXCHANGE_LAST;;1;1;XEUR;7793482;675;
14.02.2025;16:45:15.082;FESX SI 20250321 CS;SIMPLE_INSTRUMENT;EFP_IDX;EUR;26;5505.00000000;780;EXCHANGE_LAST;;1;1;XEUR;7793482;675;
14.02.2025;16:45:34.417;FESX SI 20250321 CS;SIMPLE_INSTRUMENT;EFP_IDX;EUR;27;5506.00000000;20;EXCHANGE_LAST;;1;1;XEUR;7793482;675;
14.02.2025;16:54:32.335;FESX SI 20250321 CS;SIMPLE_INSTRUMENT;EFP_IDX;EUR;28;5504.00000000;488;EXCHANGE_LAST;;1;1;XEUR;7793482;675;
14.02.2025;16:54:44.803;FESX SI 20250321 CS;SIMPLE_INSTRUMENT;EFP_IDX;EUR;29;5505.00000000;907;EXCHANGE_LAST;;1;1;XEUR;7793482;675;
14.02.2025;16:50:26.559;FESX SI 20250321 CS;SIMPLE_INSTRUMENT;EFP_IDX;EUR;30;5504.00000000;11;EXCHANGE_LAST;;1;1;XEUR;7793482;675;
14.02.2025;16:50:51.343;FESX SI 20250321 CS;SIMPLE_INSTRUMENT;EFP_IDX;EUR;31;5505.00000000;103;EXCHANGE_LAST;;1;1;XEUR;7793482;675;
14.02.2025;17:01:07.392;FESX SI 20250321 CS;SIMPLE_INSTRUMENT;EFP_IDX;EUR;32;5505.00000000;1305;EXCHANGE_LAST;;1;1;XEUR;7793482;675;
14.02.2025;17:01:21.569;FESX SI 20250321 CS;SIMPLE_INSTRUMENT;EFP_IDX;EUR;33;5506.00000000;495;EXCHANGE_LAST;;1;1;XEUR;7793482;675;
14.02.2025;17:36:40.957;FESX SI 20250321 CS;SIMPLE_INSTRUMENT;EFP_IDX;EUR;34;5505.00000000;3400;EXCHANGE_LAST;;1;1;XEUR;7793482;675;
14.02.2025;17:36:28.173;FESX SI 20250321 CS;SIMPLE_INSTRUMENT;EFP_IDX;EUR;35;5506.00000000;600;EXCHANGE_LAST;;1;1;XEUR;7793482;675;
14.02.2025;17:33:42.127;FESX SI 20250321 CS;SIMPLE_INSTRUMENT;BLOCK;EUR;36;5501.00000000;2473;EXCHANGE_LAST;;1;1;XEUR;7793482;675;
14.02.2025;17:33:51.411;FESX SI 20250321 CS;SIMPLE_INSTRUMENT;BLOCK;EUR;37;5504.00000000;6055;EXCHANGE_LAST;;1;1;XEUR;7793482;675;
14.02.2025;09:01:50.323;FESX SI 20250321 CS;SIMPLE_INSTRUMENT;VOLA;EUR;637534221;5510.00000000;20;EXCHANGE_LAST;;1;1;XEUR;7793482;675;
14.02.2025;10:20:57.065;FESX SI 20250321 CS;SIMPLE_INSTRUMENT;VOLA;EUR;637534277;5524.00000000;1480;EXCHANGE_LAST;;1;1;XEUR;7793482;675;
14.02.2025;10:56:45.513;FESX SI 20250321 CS;SIMPLE_INSTRUMENT;VOLA;EUR;637534295;5510.00000000;30;EXCHANGE_LAST;;1;1;XEUR;7793482;675;
14.02.2025;11:13:11.391;FESX SI 20250321 CS;SIMPLE_INSTRUMENT;VOLA;EUR;637534306;5511.00000000;110;EXCHANGE_LAST;;1;1;XEUR;7793482;675;
14.02.2025;11:13:54.706;FESX SI 20250321 CS;SIMPLE_INSTRUMENT;VOLA;EUR;637534312;5511.00000000;110;EXCHANGE_LAST;;1;1;XEUR;7793482;675;
14.02.2025;11:40:55.874;FESX SI 20250321 CS;SIMPLE_INSTRUMENT;VOLA;EUR;637534321;5520.00000000;849;EXCHANGE_LAST;;1;1;XEUR;7793482;675;
14.02.2025;12:12:20.122;FESX SI 20250321 CS;SIMPLE_INSTRUMENT;VOLA;EUR;637534336;5525.00000000;180;EXCHANGE_LAST;;1;1;XEUR;7793482;675;
14.02.2025;12:27:52.937;FESX SI 20250321 CS;SIMPLE_INSTRUMENT;VOLA;EUR;637534345;5525.00000000;615;EXCHANGE_LAST;;1;1;XEUR;7793482;675;
14.02.2025;12:33:05.771;FESX SI 20250321 CS;SIMPLE_INSTRUMENT;VOLA;EUR;637534356;5526.00000000;410;EXCHANGE_LAST;;1;1;XEUR;7793482;675;
14.02.2025;12:45:02.742;FESX SI 20250321 CS;SIMPLE_INSTRUMENT;VOLA;EUR;637534360;5523.00000000;200;EXCHANGE_LAST;;1;1;XEUR;7793482;675;
14.02.2025;12:45:08.815;FESX SI 20250321 CS;SIMPLE_INSTRUMENT;VOLA;EUR;637534361;5519.00000000;18;EXCHANGE_LAST;;1;1;XEUR;7793482;675;
14.02.2025;14:17:59.270;FESX SI 20250321 CS;SIMPLE_INSTRUMENT;VOLA;EUR;637534375;5520.00000000;450;EXCHANGE_LAST;;1;1;XEUR;7793482;675;
14.02.2025;14:50:02.484;FESX SI 20250321 CS;SIMPLE_INSTRUMENT;VOLA;EUR;637534392;5520.00000000;780;EXCHANGE_LAST;;1;1;XEUR;7793482;675;
14.02.2025;14:57:00.369;FESX SI 20250321 CS;SIMPLE_INSTRUMENT;VOLA;EUR;637534398;5521.00000000;1984;EXCHANGE_LAST;;1;1;XEUR;7793482;675;
14.02.2025;15:10:26.905;FESX SI 20250321 CS;SIMPLE_INSTRUMENT;VOLA;EUR;637534411;5521.00000000;95;EXCHANGE_LAST;;1;1;XEUR;7793482;675;
14.02.2025;15:17:01.770;FESX SI 20250321 CS;SIMPLE_INSTRUMENT;VOLA;EUR;637534415;5524.00000000;715;EXCHANGE_LAST;;1;1;XEUR;7793482;675;
14.02.2025;15:36:51.604;FESX SI 20250321 CS;SIMPLE_INSTRUMENT;VOLA;EUR;637534434;5520.00000000;20;EXCHANGE_LAST;;1;1;XEUR;7793482;675;
14.02.2025;16:18:21.121;FESX SI 20250321 CS;SIMPLE_INSTRUMENT;VOLA;EUR;637534457;5515.00000000;770;EXCHANGE_LAST;;1;1;XEUR;7793482;675;
14.02.2025;16:18:27.387;FESX SI 20250321 CS;SIMPLE_INSTRUMENT;VOLA;EUR;637534460;5510.00000000;69;EXCHANGE_LAST;;1;1;XEUR;7793482;675;
14.02.2025;16:26:13.816;FESX SI 20250321 CS;SIMPLE_INSTRUMENT;VOLA;EUR;637534468;5505.00000000;240;EXCHANGE_LAST;;1;1;XEUR;7793482;675;
14.02.2025;16:32:49.586;FESX SI 20250321 CS;SIMPLE_INSTRUMENT;VOLA;EUR;637534478;5505.00000000;370;EXCHANGE_LAST;;1;1;XEUR;7793482;675;
14.02.2025;16:36:05.594;FESX SI 20250321 CS;SIMPLE_INSTRUMENT;VOLA;EUR;637534484;5503.00000000;756;EXCHANGE_LAST;;1;1;XEUR;7793482;675;
14.02.2025;10:44:24.930;FEXD.S.DEC27.DEC29.SPD;FUTURES_SPREAD;BLOCK;EUR;6;7.60000000;125;EXCHANGE_LAST;;1;1;XEUR;72060570450264170;693;
14.02.2025;10:44:24.930;FEXD SI 20271217 CS;SIMPLE_INSTRUMENT;BLOCK;EUR;6;154.70000000;125;PRC_DECOMP_EXCHANGE;;;;XEUR;2848338;693;EXCHANGE
14.02.2025;10:44:24.930;FEXD SI 20291221 CS;SIMPLE_INSTRUMENT;BLOCK;EUR;6;147.10000000;125;PRC_DECOMP_EXCHANGE;;;;XEUR;4631968;693;EXCHANGE
14.02.2025;10:46:21.731;FEXD SI 20271217 CS;SIMPLE_INSTRUMENT;BLOCK;EUR;7;154.50000000;140;EXCHANGE_LAST;;1;1;XEUR;2848338;693;
14.02.2025;11:39:24.236;FEXD SI 20271217 CS;SIMPLE_INSTRUMENT;BLOCK;EUR;13;154.50000000;110;EXCHANGE_LAST;;1;1;XEUR;2848338;693;
14.02.2025;13:36:10.774;FEXD SI 20250620 CS;SIMPLE_INSTRUMENT;BLOCK;EUR;21;127.50000000;450;EXCHANGE_LAST;;1;1;XEUR;9548493;693;
14.02.2025;16:25:29.718;FEXD SI 20281215 CS;SIMPLE_INSTRUMENT;BLOCK;EUR;42;150.10000000;600;EXCHANGE_LAST;;1;1;XEUR;3680985;693;
14.02.2025;15:19:09.958;FGBC SI 20250321 CS;SIMPLE_INSTRUMENT;BLOCK;GBP;32;142.84000000;100;EXCHANGE_LAST;;1;1;XEUR;11429250;772679;
14.02.2025;07:48:42.473;FGBL SI 20250306 PS;SIMPLE_INSTRUMENT;EFS;EUR;1;132.78000000;208;EXCHANGE_LAST;;1;1;XEUR;11286679;688;
14.02.2025;07:52:25.675;FGBL SI 20250306 PS;SIMPLE_INSTRUMENT;EFS;EUR;2;132.74000000;208;EXCHANGE_LAST;;1;1;XEUR;11286679;688;
14.02.2025;07:58:15.237;FGBL SI 20250306 PS;SIMPLE_INSTRUMENT;EFS;EUR;3;132.74000000;449;EXCHANGE_LAST;;1;1;XEUR;11286679;688;
14.02.2025;08:01:21.299;FGBL SI 20250306 PS;SIMPLE_INSTRUMENT;EFS;EUR;4;132.74000000;318;EXCHANGE_LAST;;1;1;XEUR;11286679;688;
14.02.2025;08:11:12.326;FGBL SI 20250306 PS;SIMPLE_INSTRUMENT;EFS;EUR;5;132.73000000;416;EXCHANGE_LAST;;1;1;XEUR;11286679;688;
14.02.2025;08:19:30.483;FGBL SI 20250306 PS;SIMPLE_INSTRUMENT;EFP_FIN;EUR;6;132.71000000;475;EXCHANGE_LAST;;1;1;XEUR;11286679;688;
14.02.2025;08:20:31.769;FGBL SI 20250306 PS;SIMPLE_INSTRUMENT;EFP_FIN;EUR;7;132.71000000;743;EXCHANGE_LAST;;1;1;XEUR;11286679;688;
14.02.2025;08:25:34.968;FGBL SI 20250306 PS;SIMPLE_INSTRUMENT;EFS;EUR;8;132.67000000;100;EXCHANGE_LAST;;1;1;XEUR;11286679;688;
14.02.2025;08:25:38.835;FGBL SI 20250306 PS;SIMPLE_INSTRUMENT;EFS;EUR;9;132.67000000;416;EXCHANGE_LAST;;1;1;XEUR;11286679;688;
14.02.2025;08:25:48.845;FGBL SI 20250306 PS;SIMPLE_INSTRUMENT;EFS;EUR;10;132.67000000;416;EXCHANGE_LAST;;1;1;XEUR;11286679;688;
14.02.2025;08:26:09.876;FGBL SI 20250306 PS;SIMPLE_INSTRUMENT;EFP_FIN;EUR;11;132.75000000;793;EXCHANGE_LAST;;1;1;XEUR;11286679;688;
14.02.2025;08:26:36.972;FGBL SI 20250306 PS;SIMPLE_INSTRUMENT;EFS;EUR;12;132.66000000;314;EXCHANGE_LAST;;1;1;XEUR;11286679;688;
14.02.2025;08:34:08.577;FGBL SI 20250306 PS;SIMPLE_INSTRUMENT;EFS;EUR;13;132.69000000;674;EXCHANGE_LAST;;1;1;XEUR;11286679;688;
14.02.2025;08:31:49.064;FGBL SI 20250306 PS;SIMPLE_INSTRUMENT;EFS;EUR;14;132.62000000;832;EXCHANGE_LAST;;1;1;XEUR;11286679;688;
14.02.2025;08:33:50.993;FGBL SI 20250306 PS;SIMPLE_INSTRUMENT;EFS;EUR;15;132.67000000;227;EXCHANGE_LAST;;1;1;XEUR;11286679;688;
14.02.2025;08:34:04.994;FGBL SI 20250306 PS;SIMPLE_INSTRUMENT;EFS;EUR;16;132.67000000;227;EXCHANGE_LAST;;1;1;XEUR;11286679;688;
14.02.2025;08:36:53.796;FGBL SI 20250306 PS;SIMPLE_INSTRUMENT;EFS;EUR;17;132.63000000;208;EXCHANGE_LAST;;1;1;XEUR;11286679;688;
14.02.2025;08:37:22.006;FGBL SI 20250306 PS;SIMPLE_INSTRUMENT;EFS;EUR;18;132.71000000;314;EXCHANGE_LAST;;1;1;XEUR;11286679;688;
14.02.2025;08:37:34.276;FGBL SI 20250306 PS;SIMPLE_INSTRUMENT;EFS;EUR;19;132.63000000;416;EXCHANGE_LAST;;1;1;XEUR;11286679;688;
14.02.2025;08:38:37.681;FGBL SI 20250306 PS;SIMPLE_INSTRUMENT;EFS;EUR;20;132.61000000;235;EXCHANGE_LAST;;1;1;XEUR;11286679;688;
14.02.2025;08:39:35.013;FGBL SI 20250306 PS;SIMPLE_INSTRUMENT;EFS;EUR;21;132.68000000;224;EXCHANGE_LAST;;1;1;XEUR;11286679;688;
14.02.2025;08:39:42.458;FGBL SI 20250306 PS;SIMPLE_INSTRUMENT;EFS;EUR;22;132.66000000;188;EXCHANGE_LAST;;1;1;XEUR;11286679;688;
14.02.2025;08:41:23.778;FGBL SI 20250306 PS;SIMPLE_INSTRUMENT;EFS;EUR;23;132.70000000;99;EXCHANGE_LAST;;1;1;XEUR;11286679;688;
14.02.2025;08:41:59.689;FGBL SI 20250306 PS;SIMPLE_INSTRUMENT;EFS;EUR;24;132.64000000;470;EXCHANGE_LAST;;1;1;XEUR;11286679;688;
14.02.2025;08:43:40.616;FGBL SI 20250306 PS;SIMPLE_INSTRUMENT;EFP_FIN;EUR;25;132.57000000;241;EXCHANGE_LAST;;1;1;XEUR;11286679;688;
14.02.2025;08:44:06.462;FGBL SI 20250306 PS;SIMPLE_INSTRUMENT;EFS;EUR;26;132.66000000;188;EXCHANGE_LAST;;1;1;XEUR;11286679;688;
14.02.2025;08:45:14.574;FGBL SI 20250306 PS;SIMPLE_INSTRUMENT;EFS;EUR;27;132.57000000;248;EXCHANGE_LAST;;1;1;XEUR;11286679;688;
14.02.2025;08:45:14.592;FGBL SI 20250306 PS;SIMPLE_INSTRUMENT;EFS;EUR;28;132.62000000;623;EXCHANGE_LAST;;1;1;XEUR;11286679;688;
14.02.2025;08:45:44.453;FGBL SI 20250306 PS;SIMPLE_INSTRUMENT;EFS;EUR;29;132.73000000;449;EXCHANGE_LAST;;1;1;XEUR;11286679;688;
14.02.2025;08:46:07.019;FGBL SI 20250306 PS;SIMPLE_INSTRUMENT;EFS;EUR;30;132.57000000;706;EXCHANGE_LAST;;1;1;XEUR;11286679;688;
14.02.2025;08:47:33.143;FGBL SI 20250306 PS;SIMPLE_INSTRUMENT;EFS;EUR;31;132.62000000;208;EXCHANGE_LAST;;1;1;XEUR;11286679;688;
14.02.2025;08:49:54.135;FGBL SI 20250306 PS;SIMPLE_INSTRUMENT;EFS;EUR;32;132.59000000;208;EXCHANGE_LAST;;1;1;XEUR;11286679;688;
14.02.2025;08:51:55.255;FGBL SI 20250306 PS;SIMPLE_INSTRUMENT;EFS;EUR;33;132.60000000;249;EXCHANGE_LAST;;1;1;XEUR;11286679;688;
14.02.2025;08:52:55.628;FGBL SI 20250306 PS;SIMPLE_INSTRUMENT;EFS;EUR;34;132.59000000;250;EXCHANGE_LAST;;1;1;XEUR;11286679;688;
14.02.2025;08:53:41.867;FGBL SI 20250306 PS;SIMPLE_INSTRUMENT;EFS;EUR;35;132.59000000;208;EXCHANGE_LAST;;1;1;XEUR;11286679;688;
14.02.2025;08:55:45.477;FGBL SI 20250306 PS;SIMPLE_INSTRUMENT;EFS;EUR;36;132.58000000;208;EXCHANGE_LAST;;1;1;XEUR;11286679;688;
14.02.2025;08:55:59.729;FGBL SI 20250306 PS;SIMPLE_INSTRUMENT;EFS;EUR;37;132.60000000;470;EXCHANGE_LAST;;1;1;XEUR;11286679;688;
14.02.2025;08:57:32.909;FGBL SI 20250306 PS;SIMPLE_INSTRUMENT;EFS;EUR;38;132.61000000;208;EXCHANGE_LAST;;1;1;XEUR;11286679;688;
14.02.2025;08:58:44.998;FGBL SI 20250306 PS;SIMPLE_INSTRUMENT;EFS;EUR;39;132.60000000;208;EXCHANGE_LAST;;1;1;XEUR;11286679;688;
14.02.2025;08:59:13.065;FGBL SI 20250306 PS;SIMPLE_INSTRUMENT;EFS;EUR;40;132.60000000;2400;EXCHANGE_LAST;;1;1;XEUR;11286679;688;
14.02.2025;09:00:59.476;FGBL SI 20250306 PS;SIMPLE_INSTRUMENT;EFS;EUR;41;132.63000000;208;EXCHANGE_LAST;;1;1;XEUR;11286679;688;
14.02.2025;09:02:47.825;FGBL SI 20250306 PS;SIMPLE_INSTRUMENT;EFS;EUR;42;132.57000000;2400;EXCHANGE_LAST;;1;1;XEUR;11286679;688;
14.02.2025;09:03:40.212;FGBL SI 20250306 PS;SIMPLE_INSTRUMENT;EFP_FIN;EUR;43;132.79000000;1235;EXCHANGE_LAST;;1;1;XEUR;11286679;688;
14.02.2025;09:05:02.613;FGBL SI 20250306 PS;SIMPLE_INSTRUMENT;EFS;EUR;44;132.67000000;960;EXCHANGE_LAST;;1;1;XEUR;11286679;688;
14.02.2025;09:05:47.351;FGBL SI 20250306 PS;SIMPLE_INSTRUMENT;EFS;EUR;45;132.62000000;416;EXCHANGE_LAST;;1;1;XEUR;11286679;688;
14.02.2025;09:08:07.435;FGBL SI 20250306 PS;SIMPLE_INSTRUMENT;EFS;EUR;46;132.61000000;416;EXCHANGE_LAST;;1;1;XEUR;11286679;688;
14.02.2025;09:08:24.580;FGBL SI 20250306 PS;SIMPLE_INSTRUMENT;EFS;EUR;47;132.63000000;208;EXCHANGE_LAST;;1;1;XEUR;11286679;688;
14.02.2025;09:10:57.541;FGBL SI 20250306 PS;SIMPLE_INSTRUMENT;EFS;EUR;48;132.62000000;416;EXCHANGE_LAST;;1;1;XEUR;11286679;688;
14.02.2025;09:11:15.809;FGBL SI 20250306 PS;SIMPLE_INSTRUMENT;EFS;EUR;49;132.60000000;702;EXCHANGE_LAST;;1;1;XEUR;11286679;688;
14.02.2025;09:15:40.754;FGBL SI 20250306 PS;SIMPLE_INSTRUMENT;EFS;EUR;50;132.62000000;329;EXCHANGE_LAST;;1;1;XEUR;11286679;688;
14.02.2025;09:16:48.117;FGBL SI 20250306 PS;SIMPLE_INSTRUMENT;EFS;EUR;51;132.62000000;451;EXCHANGE_LAST;;1;1;XEUR;11286679;688;
14.02.2025;09:19:03.126;FGBL SI 20250306 PS;SIMPLE_INSTRUMENT;EFP_FIN;EUR;52;132.62000000;73;EXCHANGE_LAST;;1;1;XEUR;11286679;688;
14.02.2025;09:19:44.267;FGBL SI 20250306 PS;SIMPLE_INSTRUMENT;EFS;EUR;53;132.60000000;951;EXCHANGE_LAST;;1;1;XEUR;11286679;688;
14.02.2025;09:19:53.129;FGBL SI 20250306 PS;SIMPLE_INSTRUMENT;EFS;EUR;54;132.58000000;660;EXCHANGE_LAST;;1;1;XEUR;11286679;688;
14.02.2025;09:20:21.771;FGBL SI 20250306 PS;SIMPLE_INSTRUMENT;EFS;EUR;55;132.62000000;706;EXCHANGE_LAST;;1;1;XEUR;11286679;688;
14.02.2025;09:23:59.050;FGBL SI 20250306 PS;SIMPLE_INSTRUMENT;EFS;EUR;56;132.68000000;416;EXCHANGE_LAST;;1;1;XEUR;11286679;688;
14.02.2025;09:24:19.288;FGBL SI 20250306 PS;SIMPLE_INSTRUMENT;EFS;EUR;57;132.63000000;224;EXCHANGE_LAST;;1;1;XEUR;11286679;688;
14.02.2025;09:24:24.735;FGBL SI 20250306 PS;SIMPLE_INSTRUMENT;EFS;EUR;58;132.67000000;249;EXCHANGE_LAST;;1;1;XEUR;11286679;688;
14.02.2025;09:24:29.166;FGBL SI 20250306 PS;SIMPLE_INSTRUMENT;EFS;EUR;59;132.79000000;190;EXCHANGE_LAST;;1;1;XEUR;11286679;688;
14.02.2025;09:24:35.803;FGBL SI 20250306 PS;SIMPLE_INSTRUMENT;EFS;EUR;60;132.67000000;235;EXCHANGE_LAST;;1;1;XEUR;11286679;688;
14.02.2025;09:25:00.809;FGBL SI 20250306 PS;SIMPLE_INSTRUMENT;EFS;EUR;61;132.62000000;706;EXCHANGE_LAST;;1;1;XEUR;11286679;688;
14.02.2025;09:25:21.146;FGBL SI 20250306 PS;SIMPLE_INSTRUMENT;EFS;EUR;62;132.56000000;275;EXCHANGE_LAST;;1;1;XEUR;11286679;688;
14.02.2025;09:26:30.508;FGBL SI 20250306 PS;SIMPLE_INSTRUMENT;EFP_FIN;EUR;63;132.60000000;198;EXCHANGE_LAST;;1;1;XEUR;11286679;688;
14.02.2025;09:26:37.150;FGBL SI 20250306 PS;SIMPLE_INSTRUMENT;EFS;EUR;64;132.63000000;470;EXCHANGE_LAST;;1;1;XEUR;11286679;688;
14.02.2025;09:26:38.109;FGBL SI 20250306 PS;SIMPLE_INSTRUMENT;EFS;EUR;65;132.62000000;338;EXCHANGE_LAST;;1;1;XEUR;11286679;688;
14.02.2025;09:27:23.793;FGBL SI 20250306 PS;SIMPLE_INSTRUMENT;EFS;EUR;66;132.68000000;416;EXCHANGE_LAST;;1;1;XEUR;11286679;688;
14.02.2025;09:27:24.198;FGBL SI 20250306 PS;SIMPLE_INSTRUMENT;EFS;EUR;67;132.66000000;208;EXCHANGE_LAST;;1;1;XEUR;11286679;688;
14.02.2025;09:28:01.748;FGBL SI 20250306 PS;SIMPLE_INSTRUMENT;EFP_FIN;EUR;68;132.62000000;543;EXCHANGE_LAST;;1;1;XEUR;11286679;688;
14.02.2025;09:28:32.156;FGBL SI 20250306 PS;SIMPLE_INSTRUMENT;EFS;EUR;69;132.61000000;941;EXCHANGE_LAST;;1;1;XEUR;11286679;688;
14.02.2025;09:31:53.667;FGBL SI 20250306 PS;SIMPLE_INSTRUMENT;EFS;EUR;70;132.67000000;416;EXCHANGE_LAST;;1;1;XEUR;11286679;688;
14.02.2025;09:32:14.169;FGBL SI 20250306 PS;SIMPLE_INSTRUMENT;EFS;EUR;71;132.68000000;449;EXCHANGE_LAST;;1;1;XEUR;11286679;688;
14.02.2025;09:32:43.602;FGBL SI 20250306 PS;SIMPLE_INSTRUMENT;EFP_FIN;EUR;72;132.60000000;357;EXCHANGE_LAST;;1;1;XEUR;11286679;688;
14.02.2025;09:33:17.906;FGBL SI 20250306 PS;SIMPLE_INSTRUMENT;EFS;EUR;73;132.68000000;1411;EXCHANGE_LAST;;1;1;XEUR;11286679;688;
14.02.2025;09:35:03.905;FGBL SI 20250306 PS;SIMPLE_INSTRUMENT;EFS;EUR;74;132.67000000;208;EXCHANGE_LAST;;1;1;XEUR;11286679;688;
14.02.2025;09:35:45.123;FGBL SI 20250306 PS;SIMPLE_INSTRUMENT;EFS;EUR;75;132.69000000;208;EXCHANGE_LAST;;1;1;XEUR;11286679;688;
14.02.2025;09:36:14.317;FGBL SI 20250306 PS;SIMPLE_INSTRUMENT;EFS;EUR;76;132.69000000;208;EXCHANGE_LAST;;1;1;XEUR;11286679;688;
14.02.2025;09:37:18.491;FGBL SI 20250306 PS;SIMPLE_INSTRUMENT;EFS;EUR;77;132.68000000;705;EXCHANGE_LAST;;1;1;XEUR;11286679;688;
14.02.2025;09:37:17.831;FGBL SI 20250306 PS;SIMPLE_INSTRUMENT;EFS;EUR;78;132.68000000;416;EXCHANGE_LAST;;1;1;XEUR;11286679;688;
14.02.2025;09:38:48.731;FGBL SI 20250306 PS;SIMPLE_INSTRUMENT;EFS;EUR;79;132.72000000;415;EXCHANGE_LAST;;1;1;XEUR;11286679;688;
14.02.2025;09:39:29.215;FGBL SI 20250306 PS;SIMPLE_INSTRUMENT;EFS;EUR;80;132.69000000;208;EXCHANGE_LAST;;1;1;XEUR;11286679;688;
14.02.2025;09:40:14.939;FGBL SI 20250306 PS;SIMPLE_INSTRUMENT;EFP_FIN;EUR;81;132.67000000;1338;EXCHANGE_LAST;;1;1;XEUR;11286679;688;
14.02.2025;09:40:07.801;FGBL SI 20250306 PS;SIMPLE_INSTRUMENT;EFS;EUR;82;132.70000000;400;EXCHANGE_LAST;;1;1;XEUR;11286679;688;
14.02.2025;09:41:05.854;FGBL SI 20250306 PS;SIMPLE_INSTRUMENT;EFS;EUR;83;132.75000000;94;EXCHANGE_LAST;;1;1;XEUR;11286679;688;
14.02.2025;09:41:47.802;FGBL SI 20250306 PS;SIMPLE_INSTRUMENT;EFS;EUR;84;132.69000000;208;EXCHANGE_LAST;;1;1;XEUR;11286679;688;
14.02.2025;09:43:44.194;FGBL SI 20250306 PS;SIMPLE_INSTRUMENT;EFS;EUR;85;132.68000000;208;EXCHANGE_LAST;;1;1;XEUR;11286679;688;
14.02.2025;09:45:18.288;FGBL SI 20250306 PS;SIMPLE_INSTRUMENT;EFS;EUR;86;132.68000000;449;EXCHANGE_LAST;;1;1;XEUR;11286679;688;
14.02.2025;09:45:52.340;FGBL SI 20250306 PS;SIMPLE_INSTRUMENT;EFS;EUR;87;132.69000000;291;EXCHANGE_LAST;;1;1;XEUR;11286679;688;
14.02.2025;09:46:36.175;FGBL SI 20250306 PS;SIMPLE_INSTRUMENT;EFS;EUR;88;132.69000000;416;EXCHANGE_LAST;;1;1;XEUR;11286679;688;
14.02.2025;09:51:19.833;FGBL SI 20250306 PS;SIMPLE_INSTRUMENT;EFS;EUR;89;132.70000000;470;EXCHANGE_LAST;;1;1;XEUR;11286679;688;
14.02.2025;09:53:58.916;FGBL SI 20250306 PS;SIMPLE_INSTRUMENT;EFS;EUR;91;132.69000000;416;EXCHANGE_LAST;;1;1;XEUR;11286679;688;
14.02.2025;09:56:08.240;FGBL SI 20250306 PS;SIMPLE_INSTRUMENT;EFS;EUR;92;132.70000000;470;EXCHANGE_LAST;;1;1;XEUR;11286679;688;
14.02.2025;09:58:37.007;FGBL SI 20250306 PS;SIMPLE_INSTRUMENT;BLOCK;EUR;93;132.70000000;4800;EXCHANGE_LAST;;1;1;XEUR;11286679;688;
14.02.2025;09:58:59.172;FGBL SI 20250306 PS;SIMPLE_INSTRUMENT;EFS;EUR;94;132.72000000;226;EXCHANGE_LAST;;1;1;XEUR;11286679;688;
14.02.2025;09:59:01.803;FGBL SI 20250306 PS;SIMPLE_INSTRUMENT;EFP_FIN;EUR;95;132.68000000;935;EXCHANGE_LAST;;1;1;XEUR;11286679;688;
14.02.2025;10:01:53.630;FGBL SI 20250306 PS;SIMPLE_INSTRUMENT;EFS;EUR;96;132.72000000;329;EXCHANGE_LAST;;1;1;XEUR;11286679;688;
14.02.2025;10:01:57.358;FGBL SI 20250306 PS;SIMPLE_INSTRUMENT;EFS;EUR;97;132.77000000;831;EXCHANGE_LAST;;1;1;XEUR;11286679;688;
14.02.2025;10:02:48.185;FGBL SI 20250306 PS;SIMPLE_INSTRUMENT;EFS;EUR;98;132.79000000;940;EXCHANGE_LAST;;1;1;XEUR;11286679;688;
14.02.2025;10:04:03.963;FGBL SI 20250306 PS;SIMPLE_INSTRUMENT;EFS;EUR;99;132.77000000;208;EXCHANGE_LAST;;1;1;XEUR;11286679;688;
14.02.2025;10:07:55.275;FGBL SI 20250306 PS;SIMPLE_INSTRUMENT;EFS;EUR;100;132.78000000;940;EXCHANGE_LAST;;1;1;XEUR;11286679;688;
14.02.2025;10:08:35.102;FGBL SI 20250306 PS;SIMPLE_INSTRUMENT;EFS;EUR;101;132.72000000;235;EXCHANGE_LAST;;1;1;XEUR;11286679;688;
14.02.2025;10:10:08.305;FGBL SI 20250306 PS;SIMPLE_INSTRUMENT;EFS;EUR;102;132.78000000;224;EXCHANGE_LAST;;1;1;XEUR;11286679;688;
14.02.2025;10:13:18.893;FGBL SI 20250306 PS;SIMPLE_INSTRUMENT;EFS;EUR;103;132.77000000;416;EXCHANGE_LAST;;1;1;XEUR;11286679;688;
14.02.2025;10:15:06.706;FGBL SI 20250306 PS;SIMPLE_INSTRUMENT;EFS;EUR;104;132.78000000;332;EXCHANGE_LAST;;1;1;XEUR;11286679;688;
14.02.2025;10:15:48.905;FGBL SI 20250306 PS;SIMPLE_INSTRUMENT;EFS;EUR;105;132.58000000;453;EXCHANGE_LAST;;1;1;XEUR;11286679;688;
14.02.2025;10:19:10.197;FGBL SI 20250306 PS;SIMPLE_INSTRUMENT;EFS;EUR;106;132.79000000;673;EXCHANGE_LAST;;1;1;XEUR;11286679;688;
14.02.2025;10:22:17.246;FGBL SI 20250306 PS;SIMPLE_INSTRUMENT;EFS;EUR;107;132.78000000;846;EXCHANGE_LAST;;1;1;XEUR;11286679;688;
14.02.2025;10:24:04.566;FGBL SI 20250306 PS;SIMPLE_INSTRUMENT;EFS;EUR;108;132.78000000;940;EXCHANGE_LAST;;1;1;XEUR;11286679;688;
14.02.2025;10:27:42.836;FGBL SI 20250306 PS;SIMPLE_INSTRUMENT;EFS;EUR;109;132.80000000;406;EXCHANGE_LAST;;1;1;XEUR;11286679;688;
14.02.2025;10:30:41.341;FGBL SI 20250306 PS;SIMPLE_INSTRUMENT;EFS;EUR;110;132.74000000;673;EXCHANGE_LAST;;1;1;XEUR;11286679;688;
14.02.2025;10:37:46.358;FGBL SI 20250306 PS;SIMPLE_INSTRUMENT;EFS;EUR;111;132.80000000;673;EXCHANGE_LAST;;1;1;XEUR;11286679;688;
14.02.2025;10:40:45.618;FGBL SI 20250306 PS;SIMPLE_INSTRUMENT;EFP_FIN;EUR;112;132.73000000;897;EXCHANGE_LAST;;1;1;XEUR;11286679;688;
14.02.2025;10:44:01.808;FGBL SI 20250306 PS;SIMPLE_INSTRUMENT;EFP_FIN;EUR;113;132.76000000;201;EXCHANGE_LAST;;1;1;XEUR;11286679;688;
14.02.2025;10:43:13.566;FGBL SI 20250306 PS;SIMPLE_INSTRUMENT;EFP_FIN;EUR;114;132.76000000;247;EXCHANGE_LAST;;1;1;XEUR;11286679;688;
14.02.2025;10:46:09.635;FGBL SI 20250306 PS;SIMPLE_INSTRUMENT;EFP_FIN;EUR;115;132.76000000;577;EXCHANGE_LAST;;1;1;XEUR;11286679;688;
14.02.2025;10:48:54.826;FGBL SI 20250306 PS;SIMPLE_INSTRUMENT;EFS;EUR;117;132.75000000;231;EXCHANGE_LAST;;1;1;XEUR;11286679;688;
14.02.2025;11:01:19.433;FGBL SI 20250306 PS;SIMPLE_INSTRUMENT;EFS;EUR;118;132.74000000;2350;EXCHANGE_LAST;;1;1;XEUR;11286679;688;
14.02.2025;11:07:33.883;FGBL SI 20250306 PS;SIMPLE_INSTRUMENT;EFS;EUR;119;132.81000000;705;EXCHANGE_LAST;;1;1;XEUR;11286679;688;
14.02.2025;11:08:02.021;FGBL SI 20250306 PS;SIMPLE_INSTRUMENT;EFS;EUR;120;132.73000000;900;EXCHANGE_LAST;;1;1;XEUR;11286679;688;
14.02.2025;11:14:16.956;FGBL SI 20250306 PS;SIMPLE_INSTRUMENT;EFS;EUR;121;132.82000000;940;EXCHANGE_LAST;;1;1;XEUR;11286679;688;
14.02.2025;11:33:58.528;FGBL SI 20250306 PS;SIMPLE_INSTRUMENT;EFS;EUR;122;132.77000000;188;EXCHANGE_LAST;;1;1;XEUR;11286679;688;
14.02.2025;11:33:58.450;FGBL SI 20250306 PS;SIMPLE_INSTRUMENT;EFP_FIN;EUR;123;132.76000000;206;EXCHANGE_LAST;;1;1;XEUR;11286679;688;
14.02.2025;11:36:14.536;FGBL SI 20250306 PS;SIMPLE_INSTRUMENT;EFS;EUR;124;132.77000000;705;EXCHANGE_LAST;;1;1;XEUR;11286679;688;
14.02.2025;11:37:43.654;FGBL SI 20250306 PS;SIMPLE_INSTRUMENT;EFP_FIN;EUR;125;132.80000000;555;EXCHANGE_LAST;;1;1;XEUR;11286679;688;
14.02.2025;11:38:15.820;FGBL SI 20250306 PS;SIMPLE_INSTRUMENT;EFP_FIN;EUR;126;132.80000000;198;EXCHANGE_LAST;;1;1;XEUR;11286679;688;
14.02.2025;11:38:18.544;FGBL SI 20250306 PS;SIMPLE_INSTRUMENT;EFS;EUR;127;132.77000000;897;EXCHANGE_LAST;;1;1;XEUR;11286679;688;
14.02.2025;11:40:00.958;FGBL SI 20250306 PS;SIMPLE_INSTRUMENT;EFS;EUR;128;132.77000000;674;EXCHANGE_LAST;;1;1;XEUR;11286679;688;
14.02.2025;11:52:54.959;FGBL SI 20250306 PS;SIMPLE_INSTRUMENT;EFS;EUR;129;132.73000000;50;EXCHANGE_LAST;;1;1;XEUR;11286679;688;
14.02.2025;11:55:44.757;FGBL SI 20250306 PS;SIMPLE_INSTRUMENT;EFP_FIN;EUR;130;132.76000000;123;EXCHANGE_LAST;;1;1;XEUR;11286679;688;
14.02.2025;11:56:40.832;FGBL SI 20250306 PS;SIMPLE_INSTRUMENT;EFS;EUR;131;132.79000000;705;EXCHANGE_LAST;;1;1;XEUR;11286679;688;
14.02.2025;12:06:59.167;FGBL SI 20250306 PS;SIMPLE_INSTRUMENT;EFS;EUR;132;132.69000000;416;EXCHANGE_LAST;;1;1;XEUR;11286679;688;
14.02.2025;12:16:17.704;FGBL SI 20250306 PS;SIMPLE_INSTRUMENT;EFS;EUR;133;132.68000000;291;EXCHANGE_LAST;;1;1;XEUR;11286679;688;
14.02.2025;12:16:26.652;FGBL SI 20250306 PS;SIMPLE_INSTRUMENT;EFS;EUR;134;132.74000000;1797;EXCHANGE_LAST;;1;1;XEUR;11286679;688;
14.02.2025;12:18:59.138;FGBL SI 20250306 PS;SIMPLE_INSTRUMENT;EFS;EUR;135;132.68000000;291;EXCHANGE_LAST;;1;1;XEUR;11286679;688;
14.02.2025;12:22:27.024;FGBL SI 20250306 PS;SIMPLE_INSTRUMENT;EFS;EUR;136;132.69000000;415;EXCHANGE_LAST;;1;1;XEUR;11286679;688;
14.02.2025;12:25:16.667;FGBL SI 20250306 PS;SIMPLE_INSTRUMENT;EFS;EUR;137;132.69000000;705;EXCHANGE_LAST;;1;1;XEUR;11286679;688;
14.02.2025;12:25:29.132;FGBL SI 20250306 PS;SIMPLE_INSTRUMENT;EFS;EUR;138;132.69000000;208;EXCHANGE_LAST;;1;1;XEUR;11286679;688;
14.02.2025;12:26:05.289;FGBL SI 20250306 PS;SIMPLE_INSTRUMENT;EFS;EUR;139;132.69000000;235;EXCHANGE_LAST;;1;1;XEUR;11286679;688;
14.02.2025;12:27:39.387;FGBL SI 20250306 PS;SIMPLE_INSTRUMENT;EFS;EUR;140;132.69000000;208;EXCHANGE_LAST;;1;1;XEUR;11286679;688;
14.02.2025;12:34:45.346;FGBL SI 20250306 PS;SIMPLE_INSTRUMENT;EFS;EUR;141;132.71000000;1797;EXCHANGE_LAST;;1;1;XEUR;11286679;688;
14.02.2025;12:34:33.886;FGBL SI 20250306 PS;SIMPLE_INSTRUMENT;EFS;EUR;142;132.69000000;500;EXCHANGE_LAST;;1;1;XEUR;11286679;688;
14.02.2025;12:40:59.316;FGBL SI 20250306 PS;SIMPLE_INSTRUMENT;EFS;EUR;143;132.69000000;1000;EXCHANGE_LAST;;1;1;XEUR;11286679;688;
14.02.2025;12:43:18.960;FGBL SI 20250306 PS;SIMPLE_INSTRUMENT;EFS;EUR;144;132.69000000;415;EXCHANGE_LAST;;1;1;XEUR;11286679;688;
14.02.2025;12:43:42.450;FGBL SI 20250306 PS;SIMPLE_INSTRUMENT;EFS;EUR;145;132.69000000;235;EXCHANGE_LAST;;1;1;XEUR;11286679;688;
14.02.2025;12:44:03.187;FGBL SI 20250306 PS;SIMPLE_INSTRUMENT;EFS;EUR;146;132.68000000;470;EXCHANGE_LAST;;1;1;XEUR;11286679;688;
14.02.2025;12:53:47.867;FGBL SI 20250306 PS;SIMPLE_INSTRUMENT;EFS;EUR;147;132.73000000;470;EXCHANGE_LAST;;1;1;XEUR;11286679;688;
14.02.2025;12:57:40.484;FGBL SI 20250306 PS;SIMPLE_INSTRUMENT;EFS;EUR;148;132.72000000;415;EXCHANGE_LAST;;1;1;XEUR;11286679;688;
14.02.2025;12:58:38.509;FGBL SI 20250306 PS;SIMPLE_INSTRUMENT;EFS;EUR;149;132.73000000;470;EXCHANGE_LAST;;1;1;XEUR;11286679;688;
14.02.2025;12:58:41.118;FGBL SI 20250306 PS;SIMPLE_INSTRUMENT;EFS;EUR;150;132.72000000;415;EXCHANGE_LAST;;1;1;XEUR;11286679;688;
14.02.2025;13:08:28.243;FGBL SI 20250306 PS;SIMPLE_INSTRUMENT;EFS;EUR;151;132.73000000;83;EXCHANGE_LAST;;1;1;XEUR;11286679;688;
14.02.2025;13:09:28.970;FGBL SI 20250306 PS;SIMPLE_INSTRUMENT;EFS;EUR;152;132.73000000;291;EXCHANGE_LAST;;1;1;XEUR;11286679;688;
14.02.2025;13:11:23.080;FGBL SI 20250306 PS;SIMPLE_INSTRUMENT;EFS;EUR;153;132.73000000;208;EXCHANGE_LAST;;1;1;XEUR;11286679;688;
14.02.2025;13:11:55.576;FGBL SI 20250306 PS;SIMPLE_INSTRUMENT;EFS;EUR;154;132.63000000;208;EXCHANGE_LAST;;1;1;XEUR;11286679;688;
14.02.2025;13:12:13.444;FGBL SI 20250306 PS;SIMPLE_INSTRUMENT;EFS;EUR;155;132.63000000;208;EXCHANGE_LAST;;1;1;XEUR;11286679;688;
14.02.2025;13:18:20.053;FGBL SI 20250306 PS;SIMPLE_INSTRUMENT;EFS;EUR;156;132.63000000;188;EXCHANGE_LAST;;1;1;XEUR;11286679;688;
14.02.2025;13:15:01.067;FGBL SI 20250306 PS;SIMPLE_INSTRUMENT;EFS;EUR;157;132.74000000;449;EXCHANGE_LAST;;1;1;XEUR;11286679;688;
14.02.2025;13:17:36.782;FGBL SI 20250306 PS;SIMPLE_INSTRUMENT;EFS;EUR;158;132.74000000;181;EXCHANGE_LAST;;1;1;XEUR;11286679;688;
14.02.2025;13:21:36.192;FGBL SI 20250306 PS;SIMPLE_INSTRUMENT;EFS;EUR;159;132.61000000;208;EXCHANGE_LAST;;1;1;XEUR;11286679;688;
14.02.2025;13:24:00.079;FGBL SI 20250306 PS;SIMPLE_INSTRUMENT;EFS;EUR;160;132.62000000;208;EXCHANGE_LAST;;1;1;XEUR;11286679;688;
14.02.2025;13:24:01.416;FGBL SI 20250306 PS;SIMPLE_INSTRUMENT;EFS;EUR;161;132.62000000;208;EXCHANGE_LAST;;1;1;XEUR;11286679;688;
14.02.2025;13:24:22.094;FGBL SI 20250306 PS;SIMPLE_INSTRUMENT;EFS;EUR;162;132.62000000;208;EXCHANGE_LAST;;1;1;XEUR;11286679;688;
14.02.2025;13:33:17.889;FGBL SI 20250306 PS;SIMPLE_INSTRUMENT;EFS;EUR;164;132.66000000;415;EXCHANGE_LAST;;1;1;XEUR;11286679;688;
14.02.2025;13:34:19.366;FGBL SI 20250306 PS;SIMPLE_INSTRUMENT;EFS;EUR;165;132.67000000;208;EXCHANGE_LAST;;1;1;XEUR;11286679;688;
14.02.2025;13:35:16.825;FGBL SI 20250306 PS;SIMPLE_INSTRUMENT;EFS;EUR;166;132.67000000;208;EXCHANGE_LAST;;1;1;XEUR;11286679;688;
14.02.2025;13:38:06.489;FGBL SI 20250306 PS;SIMPLE_INSTRUMENT;EFS;EUR;167;132.77000000;291;EXCHANGE_LAST;;1;1;XEUR;11286679;688;
14.02.2025;13:40:30.966;FGBL SI 20250306 PS;SIMPLE_INSTRUMENT;EFS;EUR;168;132.69000000;150;EXCHANGE_LAST;;1;1;XEUR;11286679;688;
14.02.2025;13:41:01.544;FGBL SI 20250306 PS;SIMPLE_INSTRUMENT;EFS;EUR;169;132.60000000;941;EXCHANGE_LAST;;1;1;XEUR;11286679;688;
14.02.2025;13:42:12.902;FGBL SI 20250306 PS;SIMPLE_INSTRUMENT;EFS;EUR;170;132.83000000;1410;EXCHANGE_LAST;;1;1;XEUR;11286679;688;
14.02.2025;13:44:44.873;FGBL SI 20250306 PS;SIMPLE_INSTRUMENT;EFS;EUR;171;132.82000000;228;EXCHANGE_LAST;;1;1;XEUR;11286679;688;
14.02.2025;13:45:17.043;FGBL SI 20250306 PS;SIMPLE_INSTRUMENT;EFS;EUR;172;132.82000000;458;EXCHANGE_LAST;;1;1;XEUR;11286679;688;
14.02.2025;13:50:56.928;FGBL SI 20250306 PS;SIMPLE_INSTRUMENT;EFS;EUR;173;132.62000000;94;EXCHANGE_LAST;;1;1;XEUR;11286679;688;
14.02.2025;13:51:59.295;FGBL SI 20250306 PS;SIMPLE_INSTRUMENT;EFS;EUR;174;132.87000000;623;EXCHANGE_LAST;;1;1;XEUR;11286679;688;
14.02.2025;13:52:28.127;FGBL SI 20250306 PS;SIMPLE_INSTRUMENT;EFS;EUR;175;132.63000000;448;EXCHANGE_LAST;;1;1;XEUR;11286679;688;
14.02.2025;13:54:19.484;FGBL SI 20250306 PS;SIMPLE_INSTRUMENT;EFS;EUR;176;132.68000000;470;EXCHANGE_LAST;;1;1;XEUR;11286679;688;
14.02.2025;14:04:40.902;FGBL SI 20250306 PS;SIMPLE_INSTRUMENT;EFS;EUR;177;132.92000000;415;EXCHANGE_LAST;;1;1;XEUR;11286679;688;
14.02.2025;14:04:58.629;FGBL SI 20250306 PS;SIMPLE_INSTRUMENT;EFP_FIN;EUR;178;132.89000000;750;EXCHANGE_LAST;;1;1;XEUR;11286679;688;
14.02.2025;14:08:06.176;FGBL SI 20250306 PS;SIMPLE_INSTRUMENT;EFS;EUR;179;132.81000000;458;EXCHANGE_LAST;;1;1;XEUR;11286679;688;
14.02.2025;14:12:39.152;FGBL SI 20250306 PS;SIMPLE_INSTRUMENT;EFS;EUR;180;132.92000000;447;EXCHANGE_LAST;;1;1;XEUR;11286679;688;
14.02.2025;14:16:21.959;FGBL SI 20250306 PS;SIMPLE_INSTRUMENT;EFS;EUR;181;132.91000000;235;EXCHANGE_LAST;;1;1;XEUR;11286679;688;
14.02.2025;14:17:15.742;FGBL SI 20250306 PS;SIMPLE_INSTRUMENT;EFS;EUR;182;132.70000000;449;EXCHANGE_LAST;;1;1;XEUR;11286679;688;
14.02.2025;14:19:13.013;FGBL SI 20250306 PS;SIMPLE_INSTRUMENT;EFS;EUR;183;132.91000000;235;EXCHANGE_LAST;;1;1;XEUR;11286679;688;
14.02.2025;14:21:24.182;FGBL SI 20250306 PS;SIMPLE_INSTRUMENT;EFS;EUR;184;132.86000000;208;EXCHANGE_LAST;;1;1;XEUR;11286679;688;
14.02.2025;14:22:22.263;FGBL SI 20250306 PS;SIMPLE_INSTRUMENT;EFS;EUR;185;132.86000000;939;EXCHANGE_LAST;;1;1;XEUR;11286679;688;
14.02.2025;14:25:02.717;FGBL SI 20250306 PS;SIMPLE_INSTRUMENT;EFS;EUR;186;132.91000000;469;EXCHANGE_LAST;;1;1;XEUR;11286679;688;
14.02.2025;14:26:50.774;FGBL SI 20250306 PS;SIMPLE_INSTRUMENT;EFS;EUR;187;132.87000000;939;EXCHANGE_LAST;;1;1;XEUR;11286679;688;
14.02.2025;14:30:30.732;FGBL SI 20250306 PS;SIMPLE_INSTRUMENT;EFP_FIN;EUR;188;132.91000000;791;EXCHANGE_LAST;;1;1;XEUR;11286679;688;
14.02.2025;14:33:50.742;FGBL SI 20250306 PS;SIMPLE_INSTRUMENT;EFS;EUR;189;132.83000000;231;EXCHANGE_LAST;;1;1;XEUR;11286679;688;
14.02.2025;14:37:58.069;FGBL SI 20250306 PS;SIMPLE_INSTRUMENT;EFS;EUR;190;132.77000000;2350;EXCHANGE_LAST;;1;1;XEUR;11286679;688;
14.02.2025;14:40:43.065;FGBL SI 20250306 PS;SIMPLE_INSTRUMENT;EFS;EUR;191;132.78000000;447;EXCHANGE_LAST;;1;1;XEUR;11286679;688;
14.02.2025;14:42:28.093;FGBL SI 20250306 PS;SIMPLE_INSTRUMENT;EFP_FIN;EUR;192;132.88000000;663;EXCHANGE_LAST;;1;1;XEUR;11286679;688;
14.02.2025;14:43:24.359;FGBL SI 20250306 PS;SIMPLE_INSTRUMENT;EFP_FIN;EUR;193;132.76000000;743;EXCHANGE_LAST;;1;1;XEUR;11286679;688;
14.02.2025;14:45:39.441;FGBL SI 20250306 PS;SIMPLE_INSTRUMENT;EFS;EUR;194;132.79000000;416;EXCHANGE_LAST;;1;1;XEUR;11286679;688;
14.02.2025;14:46:59.495;FGBL SI 20250306 PS;SIMPLE_INSTRUMENT;EFS;EUR;195;132.81000000;208;EXCHANGE_LAST;;1;1;XEUR;11286679;688;
14.02.2025;14:48:59.597;FGBL SI 20250306 PS;SIMPLE_INSTRUMENT;EFS;EUR;196;132.76000000;200;EXCHANGE_LAST;;1;1;XEUR;11286679;688;
14.02.2025;14:48:59.794;FGBL SI 20250306 PS;SIMPLE_INSTRUMENT;EFS;EUR;197;132.79000000;208;EXCHANGE_LAST;;1;1;XEUR;11286679;688;
14.02.2025;14:50:11.863;FGBL SI 20250306 PS;SIMPLE_INSTRUMENT;EFS;EUR;198;132.77000000;416;EXCHANGE_LAST;;1;1;XEUR;11286679;688;
14.02.2025;14:52:33.847;FGBL SI 20250306 PS;SIMPLE_INSTRUMENT;EFS;EUR;199;132.86000000;224;EXCHANGE_LAST;;1;1;XEUR;11286679;688;
14.02.2025;14:56:15.051;FGBL SI 20250306 PS;SIMPLE_INSTRUMENT;EFS;EUR;200;132.73000000;416;EXCHANGE_LAST;;1;1;XEUR;11286679;688;
14.02.2025;14:57:59.904;FGBL SI 20250306 PS;SIMPLE_INSTRUMENT;EFP_FIN;EUR;201;132.77000000;238;EXCHANGE_LAST;;1;1;XEUR;11286679;688;
14.02.2025;15:04:34.214;FGBL SI 20250306 PS;SIMPLE_INSTRUMENT;EFS;EUR;202;132.76000000;415;EXCHANGE_LAST;;1;1;XEUR;11286679;688;
14.02.2025;15:12:14.486;FGBL SI 20250306 PS;SIMPLE_INSTRUMENT;EFS;EUR;203;132.75000000;235;EXCHANGE_LAST;;1;1;XEUR;11286679;688;
14.02.2025;15:15:48.963;FGBL SI 20250306 PS;SIMPLE_INSTRUMENT;EFS;EUR;204;132.77000000;415;EXCHANGE_LAST;;1;1;XEUR;11286679;688;
14.02.2025;15:19:12.870;FGBL SI 20250306 PS;SIMPLE_INSTRUMENT;EFS;EUR;205;132.78000000;208;EXCHANGE_LAST;;1;1;XEUR;11286679;688;
14.02.2025;15:19:46.932;FGBL SI 20250306 PS;SIMPLE_INSTRUMENT;EFS;EUR;206;132.74000000;449;EXCHANGE_LAST;;1;1;XEUR;11286679;688;
14.02.2025;15:22:45.742;FGBL SI 20250306 PS;SIMPLE_INSTRUMENT;EFS;EUR;207;132.79000000;313;EXCHANGE_LAST;;1;1;XEUR;11286679;688;
14.02.2025;15:23:33.580;FGBL SI 20250306 PS;SIMPLE_INSTRUMENT;EFS;EUR;208;132.76000000;1410;EXCHANGE_LAST;;1;1;XEUR;11286679;688;
14.02.2025;15:23:53.586;FGBL SI 20250306 PS;SIMPLE_INSTRUMENT;EFS;EUR;209;132.78000000;208;EXCHANGE_LAST;;1;1;XEUR;11286679;688;
14.02.2025;15:27:02.439;FGBL SI 20250306 PS;SIMPLE_INSTRUMENT;EFP_FIN;EUR;210;132.76000000;659;EXCHANGE_LAST;;1;1;XEUR;11286679;688;
14.02.2025;15:37:29.883;FGBL SI 20250306 PS;SIMPLE_INSTRUMENT;EFP_FIN;EUR;213;132.76000000;222;EXCHANGE_LAST;;1;1;XEUR;11286679;688;
14.02.2025;15:34:27.453;FGBL SI 20250306 PS;SIMPLE_INSTRUMENT;EFS;EUR;214;132.77000000;208;EXCHANGE_LAST;;1;1;XEUR;11286679;688;
14.02.2025;15:39:04.477;FGBL SI 20250306 PS;SIMPLE_INSTRUMENT;EFP_FIN;EUR;215;132.77000000;416;EXCHANGE_LAST;;1;1;XEUR;11286679;688;
14.02.2025;15:44:18.854;FGBL SI 20250306 PS;SIMPLE_INSTRUMENT;EFS;EUR;216;132.78000000;235;EXCHANGE_LAST;;1;1;XEUR;11286679;688;
14.02.2025;15:44:38.222;FGBL SI 20250306 PS;SIMPLE_INSTRUMENT;EFS;EUR;217;132.78000000;208;EXCHANGE_LAST;;1;1;XEUR;11286679;688;
14.02.2025;15:46:40.942;FGBL SI 20250306 PS;SIMPLE_INSTRUMENT;EFS;EUR;218;132.78000000;208;EXCHANGE_LAST;;1;1;XEUR;11286679;688;
14.02.2025;15:47:31.304;FGBL SI 20250306 PS;SIMPLE_INSTRUMENT;EFP_FIN;EUR;219;132.78000000;468;EXCHANGE_LAST;;1;1;XEUR;11286679;688;
14.02.2025;15:51:01.094;FGBL SI 20250306 PS;SIMPLE_INSTRUMENT;EFS;EUR;220;132.83000000;208;EXCHANGE_LAST;;1;1;XEUR;11286679;688;
14.02.2025;15:51:06.100;FGBL SI 20250306 PS;SIMPLE_INSTRUMENT;EFS;EUR;221;132.83000000;208;EXCHANGE_LAST;;1;1;XEUR;11286679;688;
14.02.2025;15:52:19.424;FGBL SI 20250306 PS;SIMPLE_INSTRUMENT;EFS;EUR;222;132.79000000;74;EXCHANGE_LAST;;1;1;XEUR;11286679;688;
14.02.2025;15:55:56.284;FGBL SI 20250306 PS;SIMPLE_INSTRUMENT;EFS;EUR;223;132.82000000;208;EXCHANGE_LAST;;1;1;XEUR;11286679;688;
14.02.2025;15:56:21.305;FGBL SI 20250306 PS;SIMPLE_INSTRUMENT;EFS;EUR;224;132.83000000;208;EXCHANGE_LAST;;1;1;XEUR;11286679;688;
14.02.2025;16:02:44.647;FGBL SI 20250306 PS;SIMPLE_INSTRUMENT;EFS;EUR;225;132.82000000;208;EXCHANGE_LAST;;1;1;XEUR;11286679;688;
14.02.2025;16:05:38.499;FGBL SI 20250306 PS;SIMPLE_INSTRUMENT;EFS;EUR;226;132.84000000;939;EXCHANGE_LAST;;1;1;XEUR;11286679;688;
14.02.2025;16:04:08.991;FGBL SI 20250306 PS;SIMPLE_INSTRUMENT;EFS;EUR;227;132.82000000;208;EXCHANGE_LAST;;1;1;XEUR;11286679;688;
14.02.2025;16:06:33.428;FGBL SI 20250306 PS;SIMPLE_INSTRUMENT;EFS;EUR;228;132.84000000;447;EXCHANGE_LAST;;1;1;XEUR;11286679;688;
14.02.2025;16:07:47.333;FGBL SI 20250306 PS;SIMPLE_INSTRUMENT;EFS;EUR;229;132.82000000;470;EXCHANGE_LAST;;1;1;XEUR;11286679;688;
14.02.2025;16:08:32.484;FGBL SI 20250306 PS;SIMPLE_INSTRUMENT;EFS;EUR;230;132.82000000;208;EXCHANGE_LAST;;1;1;XEUR;11286679;688;
14.02.2025;16:16:52.847;FGBL SI 20250306 PS;SIMPLE_INSTRUMENT;EFS;EUR;231;132.84000000;219;EXCHANGE_LAST;;1;1;XEUR;11286679;688;
14.02.2025;16:17:38.286;FGBL SI 20250306 PS;SIMPLE_INSTRUMENT;EFS;EUR;232;132.84000000;195;EXCHANGE_LAST;;1;1;XEUR;11286679;688;
14.02.2025;16:19:43.951;FGBL SI 20250306 PS;SIMPLE_INSTRUMENT;EFS;EUR;233;132.85000000;235;EXCHANGE_LAST;;1;1;XEUR;11286679;688;
14.02.2025;16:20:28.780;FGBL SI 20250306 PS;SIMPLE_INSTRUMENT;EFS;EUR;234;132.85000000;220;EXCHANGE_LAST;;1;1;XEUR;11286679;688;
14.02.2025;16:21:18.069;FGBL SI 20250306 PS;SIMPLE_INSTRUMENT;EFS;EUR;235;132.82000000;581;EXCHANGE_LAST;;1;1;XEUR;11286679;688;
14.02.2025;16:21:19.438;FGBL SI 20250306 PS;SIMPLE_INSTRUMENT;EFS;EUR;236;132.81000000;470;EXCHANGE_LAST;;1;1;XEUR;11286679;688;
14.02.2025;16:22:09.072;FGBL SI 20250306 PS;SIMPLE_INSTRUMENT;EFS;EUR;237;132.85000000;208;EXCHANGE_LAST;;1;1;XEUR;11286679;688;
14.02.2025;16:30:58.628;FGBL SI 20250306 PS;SIMPLE_INSTRUMENT;EFS;EUR;238;132.86000000;415;EXCHANGE_LAST;;1;1;XEUR;11286679;688;
14.02.2025;16:33:12.896;FGBL SI 20250306 PS;SIMPLE_INSTRUMENT;EFS;EUR;240;132.82000000;208;EXCHANGE_LAST;;1;1;XEUR;11286679;688;
14.02.2025;16:34:57.650;FGBL SI 20250306 PS;SIMPLE_INSTRUMENT;EFS;EUR;241;132.82000000;291;EXCHANGE_LAST;;1;1;XEUR;11286679;688;
14.02.2025;16:37:09.376;FGBL SI 20250306 PS;SIMPLE_INSTRUMENT;EFS;EUR;242;132.83000000;208;EXCHANGE_LAST;;1;1;XEUR;11286679;688;
14.02.2025;16:43:10.057;FGBL SI 20250306 PS;SIMPLE_INSTRUMENT;EFP_FIN;EUR;243;132.77000000;139;EXCHANGE_LAST;;1;1;XEUR;11286679;688;
14.02.2025;16:43:11.166;FGBL SI 20250306 PS;SIMPLE_INSTRUMENT;EFS;EUR;244;132.82000000;208;EXCHANGE_LAST;;1;1;XEUR;11286679;688;
14.02.2025;16:47:02.954;FGBL SI 20250306 PS;SIMPLE_INSTRUMENT;EFP_FIN;EUR;245;132.81000000;939;EXCHANGE_LAST;;1;1;XEUR;11286679;688;
14.02.2025;16:51:20.621;FGBL SI 20250306 PS;SIMPLE_INSTRUMENT;EFP_FIN;EUR;246;132.73000000;384;EXCHANGE_LAST;;1;1;XEUR;11286679;688;
14.02.2025;16:58:46.655;FGBL SI 20250306 PS;SIMPLE_INSTRUMENT;EFS;EUR;247;132.76000000;208;EXCHANGE_LAST;;1;1;XEUR;11286679;688;
14.02.2025;17:00:01.749;FGBL SI 20250306 PS;SIMPLE_INSTRUMENT;EFS;EUR;248;132.76000000;208;EXCHANGE_LAST;;1;1;XEUR;11286679;688;
14.02.2025;17:01:17.303;FGBL SI 20250306 PS;SIMPLE_INSTRUMENT;EFS;EUR;249;132.71000000;451;EXCHANGE_LAST;;1;1;XEUR;11286679;688;
14.02.2025;17:02:46.729;FGBL SI 20250306 PS;SIMPLE_INSTRUMENT;EFS;EUR;250;132.81000000;125;EXCHANGE_LAST;;1;1;XEUR;11286679;688;
14.02.2025;17:07:56.984;FGBL SI 20250306 PS;SIMPLE_INSTRUMENT;EFS;EUR;251;132.69000000;208;EXCHANGE_LAST;;1;1;XEUR;11286679;688;
14.02.2025;17:08:22.004;FGBL SI 20250306 PS;SIMPLE_INSTRUMENT;EFS;EUR;252;132.69000000;208;EXCHANGE_LAST;;1;1;XEUR;11286679;688;
14.02.2025;17:16:28.336;FGBL SI 20250306 PS;SIMPLE_INSTRUMENT;EFS;EUR;253;132.65000000;208;EXCHANGE_LAST;;1;1;XEUR;11286679;688;
14.02.2025;17:18:40.775;FGBL SI 20250306 PS;SIMPLE_INSTRUMENT;EFP_FIN;EUR;254;132.84000000;95;EXCHANGE_LAST;;1;1;XEUR;11286679;688;
14.02.2025;17:20:18.480;FGBL SI 20250306 PS;SIMPLE_INSTRUMENT;EFS;EUR;255;132.64000000;208;EXCHANGE_LAST;;1;1;XEUR;11286679;688;
14.02.2025;17:20:53.059;FGBL SI 20250306 PS;SIMPLE_INSTRUMENT;EFS;EUR;256;132.77000000;224;EXCHANGE_LAST;;1;1;XEUR;11286679;688;
14.02.2025;17:32:34.068;FGBL SI 20250306 PS;SIMPLE_INSTRUMENT;EFS;EUR;257;132.60000000;250;EXCHANGE_LAST;;1;1;XEUR;11286679;688;
14.02.2025;17:35:06.036;FGBL SI 20250306 PS;SIMPLE_INSTRUMENT;EFS;EUR;258;132.63000000;416;EXCHANGE_LAST;;1;1;XEUR;11286679;688;
14.02.2025;17:35:36.060;FGBL SI 20250306 PS;SIMPLE_INSTRUMENT;EFS;EUR;259;132.62000000;208;EXCHANGE_LAST;;1;1;XEUR;11286679;688;
14.02.2025;12:19:41.480;FGBL SI 20250306 PS;SIMPLE_INSTRUMENT;VOLA;EUR;268435478;132.70000000;115;EXCHANGE_LAST;;1;1;XEUR;11286679;688;
14.02.2025;12:22:53.949;FGBL SI 20250306 PS;SIMPLE_INSTRUMENT;VOLA;EUR;268435480;132.70000000;58;EXCHANGE_LAST;;1;1;XEUR;11286679;688;
14.02.2025;13:00:51.564;FGBL SI 20250306 PS;SIMPLE_INSTRUMENT;VOLA;EUR;268435483;132.50000000;125;EXCHANGE_LAST;;1;1;XEUR;11286679;688;
14.02.2025;13:01:07.565;FGBL SI 20250306 PS;SIMPLE_INSTRUMENT;VOLA;EUR;268435484;132.50000000;125;EXCHANGE_LAST;;1;1;XEUR;11286679;688;
14.02.2025;13:01:20.566;FGBL SI 20250306 PS;SIMPLE_INSTRUMENT;VOLA;EUR;268435485;132.50000000;125;EXCHANGE_LAST;;1;1;XEUR;11286679;688;
14.02.2025;13:01:34.567;FGBL SI 20250306 PS;SIMPLE_INSTRUMENT;VOLA;EUR;268435486;132.50000000;125;EXCHANGE_LAST;;1;1;XEUR;11286679;688;
14.02.2025;13:58:26.418;FGBL SI 20250306 PS;SIMPLE_INSTRUMENT;VOLA;EUR;268435498;132.80000000;50;EXCHANGE_LAST;;1;1;XEUR;11286679;688;
14.02.2025;15:51:02.414;FGBL SI 20250306 PS;SIMPLE_INSTRUMENT;VOLA;EUR;268435524;132.78000000;75;EXCHANGE_LAST;;1;1;XEUR;11286679;688;
14.02.2025;07:59:04.855;FGBM SI 20250306 PS;SIMPLE_INSTRUMENT;EFS;EUR;2;117.50000000;944;EXCHANGE_LAST;;1;1;XEUR;11286680;689;
14.02.2025;08:09:24.668;FGBM SI 20250306 PS;SIMPLE_INSTRUMENT;EFS;EUR;3;117.50000000;944;EXCHANGE_LAST;;1;1;XEUR;11286680;689;
14.02.2025;08:15:54.825;FGBM SI 20250306 PS;SIMPLE_INSTRUMENT;EFS;EUR;4;117.45000000;500;EXCHANGE_LAST;;1;1;XEUR;11286680;689;
14.02.2025;08:16:15.885;FGBM SI 20250306 PS;SIMPLE_INSTRUMENT;EFS;EUR;5;117.48000000;459;EXCHANGE_LAST;;1;1;XEUR;11286680;689;
14.02.2025;08:17:46.227;FGBM SI 20250306 PS;SIMPLE_INSTRUMENT;EFS;EUR;6;117.46000000;459;EXCHANGE_LAST;;1;1;XEUR;11286680;689;
14.02.2025;08:20:22.519;FGBM SI 20250306 PS;SIMPLE_INSTRUMENT;EFS;EUR;7;117.46000000;918;EXCHANGE_LAST;;1;1;XEUR;11286680;689;
14.02.2025;08:21:15.284;FGBM SI 20250306 PS;SIMPLE_INSTRUMENT;EFS;EUR;8;117.47000000;1483;EXCHANGE_LAST;;1;1;XEUR;11286680;689;
14.02.2025;08:25:39.303;FGBM SI 20250306 PS;SIMPLE_INSTRUMENT;EFP_FIN;EUR;9;117.44000000;431;EXCHANGE_LAST;;1;1;XEUR;11286680;689;
14.02.2025;08:25:35.437;FGBM SI 20250306 PS;SIMPLE_INSTRUMENT;EFS;EUR;10;117.46000000;918;EXCHANGE_LAST;;1;1;XEUR;11286680;689;
14.02.2025;08:27:02.589;FGBM SI 20250306 PS;SIMPLE_INSTRUMENT;EFS;EUR;11;117.46000000;395;EXCHANGE_LAST;;1;1;XEUR;11286680;689;
14.02.2025;08:27:33.488;FGBM SI 20250306 PS;SIMPLE_INSTRUMENT;EFS;EUR;12;117.45000000;459;EXCHANGE_LAST;;1;1;XEUR;11286680;689;
14.02.2025;08:27:36.727;FGBM SI 20250306 PS;SIMPLE_INSTRUMENT;EFS;EUR;13;117.45000000;475;EXCHANGE_LAST;;1;1;XEUR;11286680;689;
14.02.2025;08:29:30.608;FGBM SI 20250306 PS;SIMPLE_INSTRUMENT;EFS;EUR;14;117.46000000;1888;EXCHANGE_LAST;;1;1;XEUR;11286680;689;
14.02.2025;08:31:08.144;FGBM SI 20250306 PS;SIMPLE_INSTRUMENT;EFS;EUR;15;117.45000000;190;EXCHANGE_LAST;;1;1;XEUR;11286680;689;
14.02.2025;08:32:38.132;FGBM SI 20250306 PS;SIMPLE_INSTRUMENT;EFS;EUR;16;117.46000000;1836;EXCHANGE_LAST;;1;1;XEUR;11286680;689;
14.02.2025;08:35:11.964;FGBM SI 20250306 PS;SIMPLE_INSTRUMENT;EFS;EUR;17;117.45000000;918;EXCHANGE_LAST;;1;1;XEUR;11286680;689;
14.02.2025;08:36:11.531;FGBM SI 20250306 PS;SIMPLE_INSTRUMENT;EFS;EUR;18;117.44000000;989;EXCHANGE_LAST;;1;1;XEUR;11286680;689;
14.02.2025;08:37:57.097;FGBM SI 20250306 PS;SIMPLE_INSTRUMENT;EFS;EUR;19;117.44000000;459;EXCHANGE_LAST;;1;1;XEUR;11286680;689;
14.02.2025;08:40:02.552;FGBM SI 20250306 PS;SIMPLE_INSTRUMENT;EFS;EUR;20;117.45000000;459;EXCHANGE_LAST;;1;1;XEUR;11286680;689;
14.02.2025;08:42:45.045;FGBM SI 20250306 PS;SIMPLE_INSTRUMENT;EFS;EUR;21;117.45000000;459;EXCHANGE_LAST;;1;1;XEUR;11286680;689;
14.02.2025;08:42:56.350;FGBM SI 20250306 PS;SIMPLE_INSTRUMENT;EFP_FIN;EUR;22;117.45000000;863;EXCHANGE_LAST;;1;1;XEUR;11286680;689;
14.02.2025;09:02:14.011;FGBM SI 20250306 PS;SIMPLE_INSTRUMENT;EFS;EUR;23;117.42000000;2472;EXCHANGE_LAST;;1;1;XEUR;11286680;689;
14.02.2025;09:12:46.929;FGBM SI 20250306 PS;SIMPLE_INSTRUMENT;EFS;EUR;24;117.41000000;983;EXCHANGE_LAST;;1;1;XEUR;11286680;689;
14.02.2025;09:13:35.578;FGBM SI 20250306 PS;SIMPLE_INSTRUMENT;EFP_FIN;EUR;25;117.43000000;227;EXCHANGE_LAST;;1;1;XEUR;11286680;689;
14.02.2025;09:15:57.114;FGBM SI 20250306 PS;SIMPLE_INSTRUMENT;EFS;EUR;26;117.41000000;983;EXCHANGE_LAST;;1;1;XEUR;11286680;689;
14.02.2025;09:18:21.365;FGBM SI 20250306 PS;SIMPLE_INSTRUMENT;EFS;EUR;27;117.42000000;1052;EXCHANGE_LAST;;1;1;XEUR;11286680;689;
14.02.2025;09:22:15.173;FGBM SI 20250306 PS;SIMPLE_INSTRUMENT;EFP_FIN;EUR;28;117.43000000;364;EXCHANGE_LAST;;1;1;XEUR;11286680;689;
14.02.2025;09:23:11.382;FGBM SI 20250306 PS;SIMPLE_INSTRUMENT;EFS;EUR;29;117.44000000;521;EXCHANGE_LAST;;1;1;XEUR;11286680;689;
14.02.2025;09:25:45.460;FGBM SI 20250306 PS;SIMPLE_INSTRUMENT;EFS;EUR;30;117.43000000;692;EXCHANGE_LAST;;1;1;XEUR;11286680;689;
14.02.2025;09:28:18.311;FGBM SI 20250306 PS;SIMPLE_INSTRUMENT;EFS;EUR;31;117.45000000;869;EXCHANGE_LAST;;1;1;XEUR;11286680;689;
14.02.2025;09:28:40.364;FGBM SI 20250306 PS;SIMPLE_INSTRUMENT;EFS;EUR;32;117.45000000;1071;EXCHANGE_LAST;;1;1;XEUR;11286680;689;
14.02.2025;09:32:15.911;FGBM SI 20250306 PS;SIMPLE_INSTRUMENT;EFS;EUR;33;117.45000000;4000;EXCHANGE_LAST;;1;1;XEUR;11286680;689;
14.02.2025;09:33:44.716;FGBM SI 20250306 PS;SIMPLE_INSTRUMENT;EFS;EUR;34;117.45000000;433;EXCHANGE_LAST;;1;1;XEUR;11286680;689;
14.02.2025;09:36:34.151;FGBM SI 20250306 PS;SIMPLE_INSTRUMENT;EFP_FIN;EUR;35;117.44000000;227;EXCHANGE_LAST;;1;1;XEUR;11286680;689;
14.02.2025;09:38:54.495;FGBM SI 20250306 PS;SIMPLE_INSTRUMENT;EFS;EUR;36;117.45000000;1483;EXCHANGE_LAST;;1;1;XEUR;11286680;689;
14.02.2025;09:39:22.277;FGBM SI 20250306 PS;SIMPLE_INSTRUMENT;EFS;EUR;37;117.47000000;869;EXCHANGE_LAST;;1;1;XEUR;11286680;689;
14.02.2025;09:40:15.466;FGBM SI 20250306 PS;SIMPLE_INSTRUMENT;EFP_FIN;EUR;38;117.44000000;227;EXCHANGE_LAST;;1;1;XEUR;11286680;689;
14.02.2025;09:45:01.184;FGBM SI 20250306 PS;SIMPLE_INSTRUMENT;EFP_FIN;EUR;39;117.47000000;934;EXCHANGE_LAST;;1;1;XEUR;11286680;689;
14.02.2025;09:49:36.015;FGBM SI 20250306 PS;SIMPLE_INSTRUMENT;EFS;EUR;41;117.47000000;919;EXCHANGE_LAST;;1;1;XEUR;11286680;689;
14.02.2025;09:50:27.049;FGBM SI 20250306 PS;SIMPLE_INSTRUMENT;EFS;EUR;42;117.46000000;919;EXCHANGE_LAST;;1;1;XEUR;11286680;689;
14.02.2025;09:50:57.319;FGBM SI 20250306 PS;SIMPLE_INSTRUMENT;EFS;EUR;43;117.45000000;866;EXCHANGE_LAST;;1;1;XEUR;11286680;689;
14.02.2025;09:51:34.712;FGBM SI 20250306 PS;SIMPLE_INSTRUMENT;EFS;EUR;44;117.46000000;460;EXCHANGE_LAST;;1;1;XEUR;11286680;689;
14.02.2025;09:52:32.130;FGBM SI 20250306 PS;SIMPLE_INSTRUMENT;EFS;EUR;45;117.46000000;1379;EXCHANGE_LAST;;1;1;XEUR;11286680;689;
14.02.2025;09:55:49.219;FGBM SI 20250306 PS;SIMPLE_INSTRUMENT;EFS;EUR;46;117.47000000;918;EXCHANGE_LAST;;1;1;XEUR;11286680;689;
14.02.2025;09:57:43.695;FGBM SI 20250306 PS;SIMPLE_INSTRUMENT;EFS;EUR;47;117.46000000;944;EXCHANGE_LAST;;1;1;XEUR;11286680;689;
14.02.2025;10:05:03.694;FGBM SI 20250306 PS;SIMPLE_INSTRUMENT;EFS;EUR;48;117.50000000;989;EXCHANGE_LAST;;1;1;XEUR;11286680;689;
14.02.2025;10:07:56.521;FGBM SI 20250306 PS;SIMPLE_INSTRUMENT;EFS;EUR;49;117.50000000;3500;EXCHANGE_LAST;;1;1;XEUR;11286680;689;
14.02.2025;10:08:42.794;FGBM SI 20250306 PS;SIMPLE_INSTRUMENT;EFS;EUR;52;117.51000000;459;EXCHANGE_LAST;;1;1;XEUR;11286680;689;
14.02.2025;10:08:44.435;FGBM SI 20250306 PS;SIMPLE_INSTRUMENT;EFP_FIN;EUR;53;117.47000000;86;EXCHANGE_LAST;;1;1;XEUR;11286680;689;
14.02.2025;10:10:08.326;FGBM SI 20250306 PS;SIMPLE_INSTRUMENT;EFS;EUR;54;117.50000000;471;EXCHANGE_LAST;;1;1;XEUR;11286680;689;
14.02.2025;10:10:45.552;FGBM SI 20250306 PS;SIMPLE_INSTRUMENT;EFS;EUR;55;117.51000000;459;EXCHANGE_LAST;;1;1;XEUR;11286680;689;
14.02.2025;10:25:13.495;FGBM SI 20250306 PS;SIMPLE_INSTRUMENT;EFP_FIN;EUR;56;117.49000000;641;EXCHANGE_LAST;;1;1;XEUR;11286680;689;
14.02.2025;10:27:08.568;FGBM SI 20250306 PS;SIMPLE_INSTRUMENT;EFP_FIN;EUR;57;117.49000000;723;EXCHANGE_LAST;;1;1;XEUR;11286680;689;
14.02.2025;10:28:06.840;FGBM SI 20250306 PS;SIMPLE_INSTRUMENT;EFS;EUR;58;117.50000000;1749;EXCHANGE_LAST;;1;1;XEUR;11286680;689;
14.02.2025;10:29:51.095;FGBM SI 20250306 PS;SIMPLE_INSTRUMENT;EFP_FIN;EUR;59;117.47000000;289;EXCHANGE_LAST;;1;1;XEUR;11286680;689;
14.02.2025;10:39:21.946;FGBM SI 20250306 PS;SIMPLE_INSTRUMENT;EFP_FIN;EUR;60;117.49000000;152;EXCHANGE_LAST;;1;1;XEUR;11286680;689;
14.02.2025;10:45:47.157;FGBM SI 20250306 PS;SIMPLE_INSTRUMENT;EFS;EUR;61;117.49000000;919;EXCHANGE_LAST;;1;1;XEUR;11286680;689;
14.02.2025;10:55:02.320;FGBM SI 20250306 PS;SIMPLE_INSTRUMENT;EFP_FIN;EUR;62;117.50000000;1026;EXCHANGE_LAST;;1;1;XEUR;11286680;689;
14.02.2025;10:56:48.544;FGBM SI 20250306 PS;SIMPLE_INSTRUMENT;EFS;EUR;63;117.49000000;460;EXCHANGE_LAST;;1;1;XEUR;11286680;689;
14.02.2025;11:06:30.703;FGBM SI 20250306 PS;SIMPLE_INSTRUMENT;EFS;EUR;64;117.49000000;459;EXCHANGE_LAST;;1;1;XEUR;11286680;689;
14.02.2025;11:16:20.298;FGBM SI 20250306 PS;SIMPLE_INSTRUMENT;EFS;EUR;65;117.48000000;919;EXCHANGE_LAST;;1;1;XEUR;11286680;689;
14.02.2025;11:28:10.749;FGBM SI 20250306 PS;SIMPLE_INSTRUMENT;EFS;EUR;66;117.50000000;919;EXCHANGE_LAST;;1;1;XEUR;11286680;689;
14.02.2025;11:34:05.987;FGBM SI 20250306 PS;SIMPLE_INSTRUMENT;EFS;EUR;67;117.49000000;460;EXCHANGE_LAST;;1;1;XEUR;11286680;689;
14.02.2025;11:34:36.008;FGBM SI 20250306 PS;SIMPLE_INSTRUMENT;EFS;EUR;68;117.49000000;460;EXCHANGE_LAST;;1;1;XEUR;11286680;689;
14.02.2025;11:51:48.848;FGBM SI 20250306 PS;SIMPLE_INSTRUMENT;EFS;EUR;69;117.49000000;459;EXCHANGE_LAST;;1;1;XEUR;11286680;689;
14.02.2025;11:53:16.715;FGBM SI 20250306 PS;SIMPLE_INSTRUMENT;EFS;EUR;70;117.49000000;459;EXCHANGE_LAST;;1;1;XEUR;11286680;689;
14.02.2025;12:10:38.173;FGBM SI 20250306 PS;SIMPLE_INSTRUMENT;EFP_FIN;EUR;71;117.50000000;90;EXCHANGE_LAST;;1;1;XEUR;11286680;689;
14.02.2025;12:17:35.900;FGBM SI 20250306 PS;SIMPLE_INSTRUMENT;EFS;EUR;72;117.45000000;1959;EXCHANGE_LAST;;1;1;XEUR;11286680;689;
14.02.2025;12:18:48.996;FGBM SI 20250306 PS;SIMPLE_INSTRUMENT;EFS;EUR;73;117.45000000;859;EXCHANGE_LAST;;1;1;XEUR;11286680;689;
14.02.2025;12:21:00.674;FGBM SI 20250306 PS;SIMPLE_INSTRUMENT;EFP_FIN;EUR;74;117.46000000;232;EXCHANGE_LAST;;1;1;XEUR;11286680;689;
14.02.2025;12:24:24.978;FGBM SI 20250306 PS;SIMPLE_INSTRUMENT;EFS;EUR;75;117.46000000;1483;EXCHANGE_LAST;;1;1;XEUR;11286680;689;
14.02.2025;12:52:56.935;FGBM SI 20250306 PS;SIMPLE_INSTRUMENT;EFS;EUR;76;117.46000000;2296;EXCHANGE_LAST;;1;1;XEUR;11286680;689;
14.02.2025;12:55:41.191;FGBM SI 20250306 PS;SIMPLE_INSTRUMENT;EFS;EUR;77;117.46000000;2296;EXCHANGE_LAST;;1;1;XEUR;11286680;689;
14.02.2025;13:13:28.459;FGBM SI 20250306 PS;SIMPLE_INSTRUMENT;EFS;EUR;78;117.46000000;459;EXCHANGE_LAST;;1;1;XEUR;11286680;689;
14.02.2025;13:18:45.079;FGBM SI 20250306 PS;SIMPLE_INSTRUMENT;EFS;EUR;79;117.41000000;3000;EXCHANGE_LAST;;1;1;XEUR;11286680;689;
14.02.2025;13:30:10.667;FGBM SI 20250306 PS;SIMPLE_INSTRUMENT;EFP_FIN;EUR;80;117.41000000;164;EXCHANGE_LAST;;1;1;XEUR;11286680;689;
14.02.2025;13:32:26.425;FGBM SI 20250306 PS;SIMPLE_INSTRUMENT;EFP_FIN;EUR;81;117.41000000;424;EXCHANGE_LAST;;1;1;XEUR;11286680;689;
14.02.2025;13:36:51.306;FGBM SI 20250306 PS;SIMPLE_INSTRUMENT;EFP_FIN;EUR;82;117.41000000;73;EXCHANGE_LAST;;1;1;XEUR;11286680;689;
14.02.2025;13:43:08.866;FGBM SI 20250306 PS;SIMPLE_INSTRUMENT;EFS;EUR;83;117.50000000;479;EXCHANGE_LAST;;1;1;XEUR;11286680;689;
14.02.2025;13:48:45.484;FGBM SI 20250306 PS;SIMPLE_INSTRUMENT;EFS;EUR;84;117.49000000;918;EXCHANGE_LAST;;1;1;XEUR;11286680;689;
14.02.2025;13:50:25.368;FGBM SI 20250306 PS;SIMPLE_INSTRUMENT;EFS;EUR;85;117.49000000;918;EXCHANGE_LAST;;1;1;XEUR;11286680;689;
14.02.2025;13:52:52.223;FGBM SI 20250306 PS;SIMPLE_INSTRUMENT;EFS;EUR;86;117.42000000;943;EXCHANGE_LAST;;1;1;XEUR;11286680;689;
14.02.2025;13:53:02.076;FGBM SI 20250306 PS;SIMPLE_INSTRUMENT;EFS;EUR;87;117.49000000;918;EXCHANGE_LAST;;1;1;XEUR;11286680;689;
14.02.2025;13:55:25.164;FGBM SI 20250306 PS;SIMPLE_INSTRUMENT;EFS;EUR;88;117.49000000;918;EXCHANGE_LAST;;1;1;XEUR;11286680;689;
14.02.2025;14:26:41.314;FGBM SI 20250306 PS;SIMPLE_INSTRUMENT;EFS;EUR;89;117.52000000;915;EXCHANGE_LAST;;1;1;XEUR;11286680;689;
14.02.2025;14:35:08.718;FGBM SI 20250306 PS;SIMPLE_INSTRUMENT;EFP_FIN;EUR;90;117.49000000;159;EXCHANGE_LAST;;1;1;XEUR;11286680;689;
14.02.2025;14:36:48.530;FGBM SI 20250306 PS;SIMPLE_INSTRUMENT;EFP_FIN;EUR;91;117.50000000;863;EXCHANGE_LAST;;1;1;XEUR;11286680;689;
14.02.2025;14:41:40.448;FGBM SI 20250306 PS;SIMPLE_INSTRUMENT;EFS;EUR;92;117.52000000;1682;EXCHANGE_LAST;;1;1;XEUR;11286680;689;
14.02.2025;14:44:58.275;FGBM SI 20250306 PS;SIMPLE_INSTRUMENT;EFS;EUR;93;117.47000000;918;EXCHANGE_LAST;;1;1;XEUR;11286680;689;
14.02.2025;14:47:27.905;FGBM SI 20250306 PS;SIMPLE_INSTRUMENT;EFP_FIN;EUR;94;117.52000000;108;EXCHANGE_LAST;;1;1;XEUR;11286680;689;
14.02.2025;14:48:42.163;FGBM SI 20250306 PS;SIMPLE_INSTRUMENT;EFP_FIN;EUR;95;117.52000000;156;EXCHANGE_LAST;;1;1;XEUR;11286680;689;
14.02.2025;15:08:23.875;FGBM SI 20250306 PS;SIMPLE_INSTRUMENT;EFP_FIN;EUR;96;117.46000000;185;EXCHANGE_LAST;;1;1;XEUR;11286680;689;
14.02.2025;15:09:44.560;FGBM SI 20250306 PS;SIMPLE_INSTRUMENT;EFS;EUR;97;117.46000000;459;EXCHANGE_LAST;;1;1;XEUR;11286680;689;
14.02.2025;15:12:36.675;FGBM SI 20250306 PS;SIMPLE_INSTRUMENT;EFS;EUR;99;117.46000000;459;EXCHANGE_LAST;;1;1;XEUR;11286680;689;
14.02.2025;15:21:41.316;FGBM SI 20250306 PS;SIMPLE_INSTRUMENT;EFS;EUR;100;117.47000000;434;EXCHANGE_LAST;;1;1;XEUR;11286680;689;
14.02.2025;15:27:56.591;FGBM SI 20250306 PS;SIMPLE_INSTRUMENT;EFS;EUR;101;117.47000000;918;EXCHANGE_LAST;;1;1;XEUR;11286680;689;
14.02.2025;15:30:43.519;FGBM SI 20250306 PS;SIMPLE_INSTRUMENT;EFS;EUR;102;117.47000000;487;EXCHANGE_LAST;;1;1;XEUR;11286680;689;
14.02.2025;15:32:39.927;FGBM SI 20250306 PS;SIMPLE_INSTRUMENT;EFS;EUR;103;117.47000000;3558;EXCHANGE_LAST;;1;1;XEUR;11286680;689;
14.02.2025;15:37:02.545;FGBM SI 20250306 PS;SIMPLE_INSTRUMENT;EFS;EUR;104;117.48000000;487;EXCHANGE_LAST;;1;1;XEUR;11286680;689;
14.02.2025;15:38:58.425;FGBM SI 20250306 PS;SIMPLE_INSTRUMENT;EFS;EUR;105;117.47000000;917;EXCHANGE_LAST;;1;1;XEUR;11286680;689;
14.02.2025;15:39:59.265;FGBM SI 20250306 PS;SIMPLE_INSTRUMENT;EFS;EUR;106;117.48000000;918;EXCHANGE_LAST;;1;1;XEUR;11286680;689;
14.02.2025;15:41:20.335;FGBM SI 20250306 PS;SIMPLE_INSTRUMENT;EFS;EUR;107;117.46000000;1377;EXCHANGE_LAST;;1;1;XEUR;11286680;689;
14.02.2025;15:52:59.312;FGBM SI 20250306 PS;SIMPLE_INSTRUMENT;EFS;EUR;108;117.48000000;315;EXCHANGE_LAST;;1;1;XEUR;11286680;689;
14.02.2025;16:01:26.554;FGBM SI 20250306 PS;SIMPLE_INSTRUMENT;EFS;EUR;109;117.49000000;850;EXCHANGE_LAST;;1;1;XEUR;11286680;689;
14.02.2025;16:03:12.080;FGBM SI 20250306 PS;SIMPLE_INSTRUMENT;EFS;EUR;110;117.49000000;917;EXCHANGE_LAST;;1;1;XEUR;11286680;689;
14.02.2025;16:15:07.191;FGBM SI 20250306 PS;SIMPLE_INSTRUMENT;EFS;EUR;111;117.48000000;459;EXCHANGE_LAST;;1;1;XEUR;11286680;689;
14.02.2025;16:17:17.097;FGBM SI 20250306 PS;SIMPLE_INSTRUMENT;EFS;EUR;112;117.50000000;459;EXCHANGE_LAST;;1;1;XEUR;11286680;689;
14.02.2025;16:19:18.184;FGBM SI 20250306 PS;SIMPLE_INSTRUMENT;EFS;EUR;113;117.49000000;919;EXCHANGE_LAST;;1;1;XEUR;11286680;689;
14.02.2025;16:19:18.230;FGBM SI 20250306 PS;SIMPLE_INSTRUMENT;EFS;EUR;114;117.49000000;459;EXCHANGE_LAST;;1;1;XEUR;11286680;689;
14.02.2025;16:24:48.205;FGBM SI 20250306 PS;SIMPLE_INSTRUMENT;EFS;EUR;115;117.50000000;918;EXCHANGE_LAST;;1;1;XEUR;11286680;689;
14.02.2025;16:27:12.560;FGBM SI 20250306 PS;SIMPLE_INSTRUMENT;EFP_FIN;EUR;116;117.51000000;103;EXCHANGE_LAST;;1;1;XEUR;11286680;689;
14.02.2025;16:27:48.007;FGBM SI 20250306 PS;SIMPLE_INSTRUMENT;EFS;EUR;117;117.50000000;459;EXCHANGE_LAST;;1;1;XEUR;11286680;689;
14.02.2025;16:40:07.612;FGBM SI 20250306 PS;SIMPLE_INSTRUMENT;EFS;EUR;118;117.48000000;918;EXCHANGE_LAST;;1;1;XEUR;11286680;689;
14.02.2025;16:40:56.794;FGBM SI 20250306 PS;SIMPLE_INSTRUMENT;EFS;EUR;119;117.48000000;4000;EXCHANGE_LAST;;1;1;XEUR;11286680;689;
14.02.2025;16:41:42.538;FGBM SI 20250306 PS;SIMPLE_INSTRUMENT;EFS;EUR;120;117.47000000;917;EXCHANGE_LAST;;1;1;XEUR;11286680;689;
14.02.2025;16:58:46.700;FGBM SI 20250306 PS;SIMPLE_INSTRUMENT;EFS;EUR;121;117.44000000;460;EXCHANGE_LAST;;1;1;XEUR;11286680;689;
14.02.2025;17:00:01.704;FGBM SI 20250306 PS;SIMPLE_INSTRUMENT;EFS;EUR;122;117.44000000;435;EXCHANGE_LAST;;1;1;XEUR;11286680;689;
14.02.2025;18:05:25.008;FGBM SI 20250306 PS;SIMPLE_INSTRUMENT;EFS;EUR;123;117.39000000;459;EXCHANGE_LAST;;1;1;XEUR;11286680;689;
14.02.2025;18:05:46.318;FGBM SI 20250306 PS;SIMPLE_INSTRUMENT;EFS;EUR;124;117.39000000;487;EXCHANGE_LAST;;1;1;XEUR;11286680;689;
14.02.2025;08:00:33.183;FGBS SI 20250306 PS;SIMPLE_INSTRUMENT;EFS;EUR;2;106.82000000;2618;EXCHANGE_LAST;;1;1;XEUR;11286681;690;
14.02.2025;08:07:08.662;FGBS SI 20250306 PS;SIMPLE_INSTRUMENT;EFS;EUR;3;106.81500000;2617;EXCHANGE_LAST;;1;1;XEUR;11286681;690;
14.02.2025;08:34:02.414;FGBS SI 20250306 PS;SIMPLE_INSTRUMENT;EFS;EUR;4;106.80000000;3926;EXCHANGE_LAST;;1;1;XEUR;11286681;690;
14.02.2025;08:54:39.198;FGBS SI 20250306 PS;SIMPLE_INSTRUMENT;EFS;EUR;5;106.79000000;2613;EXCHANGE_LAST;;1;1;XEUR;11286681;690;
14.02.2025;08:55:12.219;FGBS SI 20250306 PS;SIMPLE_INSTRUMENT;EFP_FIN;EUR;6;106.80000000;1001;EXCHANGE_LAST;;1;1;XEUR;11286681;690;
14.02.2025;09:00:28.264;FGBS SI 20250306 PS;SIMPLE_INSTRUMENT;EFS;EUR;7;106.80000000;5479;EXCHANGE_LAST;;1;1;XEUR;11286681;690;
14.02.2025;09:00:52.245;FGBS SI 20250306 PS;SIMPLE_INSTRUMENT;BLOCK;EUR;8;106.80500000;6849;EXCHANGE_LAST;;1;1;XEUR;11286681;690;
14.02.2025;09:03:20.281;FGBS SI 20250306 PS;SIMPLE_INSTRUMENT;EFS;EUR;9;106.80000000;5220;EXCHANGE_LAST;;1;1;XEUR;11286681;690;
14.02.2025;09:24:26.143;FGBS SI 20250306 PS;SIMPLE_INSTRUMENT;EFS;EUR;10;106.79000000;1600;EXCHANGE_LAST;;1;1;XEUR;11286681;690;
14.02.2025;09:30:15.904;FGBS SI 20250306 PS;SIMPLE_INSTRUMENT;EFS;EUR;11;106.80000000;2614;EXCHANGE_LAST;;1;1;XEUR;11286681;690;
14.02.2025;09:34:08.501;FGBS SI 20250306 PS;SIMPLE_INSTRUMENT;EFS;EUR;12;106.79500000;2740;EXCHANGE_LAST;;1;1;XEUR;11286681;690;
14.02.2025;09:38:31.451;FGBS SI 20250306 PS;SIMPLE_INSTRUMENT;EFS;EUR;13;106.79500000;2747;EXCHANGE_LAST;;1;1;XEUR;11286681;690;
14.02.2025;09:40:18.134;FGBS SI 20250306 PS;SIMPLE_INSTRUMENT;BLOCK;EUR;14;106.79500000;7124;EXCHANGE_LAST;;1;1;XEUR;11286681;690;
14.02.2025;09:42:44.199;FGBS SI 20250306 PS;SIMPLE_INSTRUMENT;EFS;EUR;15;106.81000000;2087;EXCHANGE_LAST;;1;1;XEUR;11286681;690;
14.02.2025;09:44:11.262;FGBS SI 20250306 PS;SIMPLE_INSTRUMENT;EFP_FIN;EUR;16;106.80000000;399;EXCHANGE_LAST;;1;1;XEUR;11286681;690;
14.02.2025;09:44:11.262;FGBS SI 20250306 PS;SIMPLE_INSTRUMENT;EFP_FIN;EUR;17;106.80000000;665;EXCHANGE_LAST;;1;1;XEUR;11286681;690;
14.02.2025;09:44:11.262;FGBS SI 20250306 PS;SIMPLE_INSTRUMENT;EFP_FIN;EUR;18;106.79000000;852;EXCHANGE_LAST;;1;1;XEUR;11286681;690;
14.02.2025;09:44:11.262;FGBS SI 20250306 PS;SIMPLE_INSTRUMENT;EFP_FIN;EUR;19;106.79000000;333;EXCHANGE_LAST;;1;1;XEUR;11286681;690;
14.02.2025;09:46:11.958;FGBS SI 20250306 PS;SIMPLE_INSTRUMENT;EFS;EUR;20;106.80000000;2090;EXCHANGE_LAST;;1;1;XEUR;11286681;690;
14.02.2025;09:48:41.235;FGBS SI 20250306 PS;SIMPLE_INSTRUMENT;EFP_FIN;EUR;21;106.79000000;1331;EXCHANGE_LAST;;1;1;XEUR;11286681;690;
14.02.2025;09:56:34.952;FGBS SI 20250306 PS;SIMPLE_INSTRUMENT;EFS;EUR;22;106.80500000;2615;EXCHANGE_LAST;;1;1;XEUR;11286681;690;
14.02.2025;10:03:35.688;FGBS SI 20250306 PS;SIMPLE_INSTRUMENT;EFS;EUR;23;106.82000000;2739;EXCHANGE_LAST;;1;1;XEUR;11286681;690;
14.02.2025;10:04:24.761;FGBS SI 20250306 PS;SIMPLE_INSTRUMENT;EFP_FIN;EUR;24;106.81500000;3327;EXCHANGE_LAST;;1;1;XEUR;11286681;690;
14.02.2025;10:12:56.045;FGBS SI 20250306 PS;SIMPLE_INSTRUMENT;EFP_FIN;EUR;25;106.79000000;665;EXCHANGE_LAST;;1;1;XEUR;11286681;690;
14.02.2025;10:13:11.628;FGBS SI 20250306 PS;SIMPLE_INSTRUMENT;EFP_FIN;EUR;26;106.79000000;399;EXCHANGE_LAST;;1;1;XEUR;11286681;690;
14.02.2025;10:13:28.266;FGBS SI 20250306 PS;SIMPLE_INSTRUMENT;EFP_FIN;EUR;27;106.79000000;520;EXCHANGE_LAST;;1;1;XEUR;11286681;690;
14.02.2025;10:13:47.926;FGBS SI 20250306 PS;SIMPLE_INSTRUMENT;EFP_FIN;EUR;28;106.79000000;146;EXCHANGE_LAST;;1;1;XEUR;11286681;690;
14.02.2025;10:17:14.955;FGBS SI 20250306 PS;SIMPLE_INSTRUMENT;EFS;EUR;29;106.83000000;3921;EXCHANGE_LAST;;1;1;XEUR;11286681;690;
14.02.2025;10:21:43.314;FGBS SI 20250306 PS;SIMPLE_INSTRUMENT;EFS;EUR;30;106.83000000;2740;EXCHANGE_LAST;;1;1;XEUR;11286681;690;
14.02.2025;10:24:27.588;FGBS SI 20250306 PS;SIMPLE_INSTRUMENT;EFP_FIN;EUR;31;106.80000000;2967;EXCHANGE_LAST;;1;1;XEUR;11286681;690;
14.02.2025;10:27:14.816;FGBS SI 20250306 PS;SIMPLE_INSTRUMENT;EFS;EUR;33;106.82000000;2452;EXCHANGE_LAST;;1;1;XEUR;11286681;690;
14.02.2025;10:31:29.344;FGBS SI 20250306 PS;SIMPLE_INSTRUMENT;EFS;EUR;34;106.81000000;3923;EXCHANGE_LAST;;1;1;XEUR;11286681;690;
14.02.2025;10:32:45.576;FGBS SI 20250306 PS;SIMPLE_INSTRUMENT;EFS;EUR;35;106.79000000;2740;EXCHANGE_LAST;;1;1;XEUR;11286681;690;
14.02.2025;10:33:17.159;FGBS SI 20250306 PS;SIMPLE_INSTRUMENT;EFS;EUR;36;106.79500000;1096;EXCHANGE_LAST;;1;1;XEUR;11286681;690;
14.02.2025;10:36:22.952;FGBS SI 20250306 PS;SIMPLE_INSTRUMENT;EFS;EUR;37;106.82500000;3921;EXCHANGE_LAST;;1;1;XEUR;11286681;690;
14.02.2025;10:37:16.369;FGBS SI 20250306 PS;SIMPLE_INSTRUMENT;EFS;EUR;38;106.82500000;2739;EXCHANGE_LAST;;1;1;XEUR;11286681;690;
14.02.2025;10:46:36.310;FGBS SI 20250306 PS;SIMPLE_INSTRUMENT;EFP_FIN;EUR;39;106.82000000;382;EXCHANGE_LAST;;1;1;XEUR;11286681;690;
14.02.2025;10:46:56.539;FGBS SI 20250306 PS;SIMPLE_INSTRUMENT;EFP_FIN;EUR;40;106.82000000;382;EXCHANGE_LAST;;1;1;XEUR;11286681;690;
14.02.2025;10:47:14.797;FGBS SI 20250306 PS;SIMPLE_INSTRUMENT;EFP_FIN;EUR;41;106.82000000;1245;EXCHANGE_LAST;;1;1;XEUR;11286681;690;
14.02.2025;10:52:47.658;FGBS SI 20250306 PS;SIMPLE_INSTRUMENT;EFP_FIN;EUR;42;106.82000000;656;EXCHANGE_LAST;;1;1;XEUR;11286681;690;
14.02.2025;11:02:18.437;FGBS SI 20250306 PS;SIMPLE_INSTRUMENT;EFS;EUR;43;106.81500000;13695;EXCHANGE_LAST;;1;1;XEUR;11286681;690;
14.02.2025;11:06:08.878;FGBS SI 20250306 PS;SIMPLE_INSTRUMENT;EFS;EUR;44;106.82000000;4108;EXCHANGE_LAST;;1;1;XEUR;11286681;690;
14.02.2025;11:11:48.548;FGBS SI 20250306 PS;SIMPLE_INSTRUMENT;EFS;EUR;45;106.81000000;2740;EXCHANGE_LAST;;1;1;XEUR;11286681;690;
14.02.2025;11:35:22.533;FGBS SI 20250306 PS;SIMPLE_INSTRUMENT;EFS;EUR;46;106.82000000;4108;EXCHANGE_LAST;;1;1;XEUR;11286681;690;
14.02.2025;11:36:36.057;FGBS SI 20250306 PS;SIMPLE_INSTRUMENT;EFP_FIN;EUR;47;106.82000000;307;EXCHANGE_LAST;;1;1;XEUR;11286681;690;
14.02.2025;11:36:54.872;FGBS SI 20250306 PS;SIMPLE_INSTRUMENT;EFP_FIN;EUR;48;106.82000000;830;EXCHANGE_LAST;;1;1;XEUR;11286681;690;
14.02.2025;11:37:12.539;FGBS SI 20250306 PS;SIMPLE_INSTRUMENT;EFS;EUR;49;106.81000000;3923;EXCHANGE_LAST;;1;1;XEUR;11286681;690;
14.02.2025;11:37:11.599;FGBS SI 20250306 PS;SIMPLE_INSTRUMENT;EFP_FIN;EUR;50;106.82000000;259;EXCHANGE_LAST;;1;1;XEUR;11286681;690;
14.02.2025;11:37:28.138;FGBS SI 20250306 PS;SIMPLE_INSTRUMENT;EFP_FIN;EUR;51;106.82000000;156;EXCHANGE_LAST;;1;1;XEUR;11286681;690;
14.02.2025;11:39:58.483;FGBS SI 20250306 PS;SIMPLE_INSTRUMENT;EFS;EUR;52;106.82000000;4108;EXCHANGE_LAST;;1;1;XEUR;11286681;690;
14.02.2025;12:03:58.861;FGBS SI 20250306 PS;SIMPLE_INSTRUMENT;EFS;EUR;53;106.80000000;5483;EXCHANGE_LAST;;1;1;XEUR;11286681;690;
14.02.2025;12:09:02.872;FGBS SI 20250306 PS;SIMPLE_INSTRUMENT;EFP_FIN;EUR;54;106.81500000;210;EXCHANGE_LAST;;1;1;XEUR;11286681;690;
14.02.2025;12:09:51.970;FGBS SI 20250306 PS;SIMPLE_INSTRUMENT;EFP_FIN;EUR;55;106.81500000;301;EXCHANGE_LAST;;1;1;XEUR;11286681;690;
14.02.2025;12:26:50.084;FGBS SI 20250306 PS;SIMPLE_INSTRUMENT;EFS;EUR;58;106.81000000;3928;EXCHANGE_LAST;;1;1;XEUR;11286681;690;
14.02.2025;12:58:29.540;FGBS SI 20250306 PS;SIMPLE_INSTRUMENT;EFP_FIN;EUR;59;106.80000000;741;EXCHANGE_LAST;;1;1;XEUR;11286681;690;
14.02.2025;13:01:00.471;FGBS SI 20250306 PS;SIMPLE_INSTRUMENT;EFP_FIN;EUR;60;106.80000000;356;EXCHANGE_LAST;;1;1;XEUR;11286681;690;
14.02.2025;13:01:18.725;FGBS SI 20250306 PS;SIMPLE_INSTRUMENT;EFP_FIN;EUR;61;106.80000000;666;EXCHANGE_LAST;;1;1;XEUR;11286681;690;
14.02.2025;13:10:42.495;FGBS SI 20250306 PS;SIMPLE_INSTRUMENT;EFP_FIN;EUR;62;106.80000000;319;EXCHANGE_LAST;;1;1;XEUR;11286681;690;
14.02.2025;13:10:45.014;FGBS SI 20250306 PS;SIMPLE_INSTRUMENT;EFS;EUR;63;106.81000000;4100;EXCHANGE_LAST;;1;1;XEUR;11286681;690;
14.02.2025;13:19:04.441;FGBS SI 20250306 PS;SIMPLE_INSTRUMENT;EFP_FIN;EUR;64;106.82000000;467;EXCHANGE_LAST;;1;1;XEUR;11286681;690;
14.02.2025;13:27:53.069;FGBS SI 20250306 PS;SIMPLE_INSTRUMENT;EFP_FIN;EUR;65;106.80000000;400;EXCHANGE_LAST;;1;1;XEUR;11286681;690;
14.02.2025;13:39:00.299;FGBS SI 20250306 PS;SIMPLE_INSTRUMENT;EFP_FIN;EUR;66;106.78000000;665;EXCHANGE_LAST;;1;1;XEUR;11286681;690;
14.02.2025;13:40:19.912;FGBS SI 20250306 PS;SIMPLE_INSTRUMENT;EFS;EUR;67;106.80500000;2739;EXCHANGE_LAST;;1;1;XEUR;11286681;690;
14.02.2025;13:43:32.572;FGBS SI 20250306 PS;SIMPLE_INSTRUMENT;EFP_FIN;EUR;68;106.78000000;1331;EXCHANGE_LAST;;1;1;XEUR;11286681;690;
14.02.2025;13:43:32.551;FGBS SI 20250306 PS;SIMPLE_INSTRUMENT;EFP_FIN;EUR;69;106.78000000;1996;EXCHANGE_LAST;;1;1;XEUR;11286681;690;
14.02.2025;13:43:32.551;FGBS SI 20250306 PS;SIMPLE_INSTRUMENT;EFP_FIN;EUR;70;106.78000000;1330;EXCHANGE_LAST;;1;1;XEUR;11286681;690;
14.02.2025;13:46:03.914;FGBS SI 20250306 PS;SIMPLE_INSTRUMENT;EFS;EUR;71;106.78000000;1370;EXCHANGE_LAST;;1;1;XEUR;11286681;690;
14.02.2025;13:46:59.201;FGBS SI 20250306 PS;SIMPLE_INSTRUMENT;EFS;EUR;72;106.80000000;2740;EXCHANGE_LAST;;1;1;XEUR;11286681;690;
14.02.2025;13:51:14.750;FGBS SI 20250306 PS;SIMPLE_INSTRUMENT;EFP_FIN;EUR;73;106.81000000;666;EXCHANGE_LAST;;1;1;XEUR;11286681;690;
14.02.2025;13:55:13.577;FGBS SI 20250306 PS;SIMPLE_INSTRUMENT;EFP_FIN;EUR;74;106.78000000;5324;EXCHANGE_LAST;;1;1;XEUR;11286681;690;
14.02.2025;14:11:23.356;FGBS SI 20250306 PS;SIMPLE_INSTRUMENT;EFP_FIN;EUR;75;106.81000000;1506;EXCHANGE_LAST;;1;1;XEUR;11286681;690;
14.02.2025;14:13:36.991;FGBS SI 20250306 PS;SIMPLE_INSTRUMENT;EFP_FIN;EUR;76;106.80500000;1506;EXCHANGE_LAST;;1;1;XEUR;11286681;690;
14.02.2025;14:16:05.401;FGBS SI 20250306 PS;SIMPLE_INSTRUMENT;EFP_FIN;EUR;77;106.81000000;1198;EXCHANGE_LAST;;1;1;XEUR;11286681;690;
14.02.2025;14:39:10.733;FGBS SI 20250306 PS;SIMPLE_INSTRUMENT;EFS;EUR;78;106.81500000;2253;EXCHANGE_LAST;;1;1;XEUR;11286681;690;
14.02.2025;14:45:08.558;FGBS SI 20250306 PS;SIMPLE_INSTRUMENT;EFS;EUR;79;106.80000000;1200;EXCHANGE_LAST;;1;1;XEUR;11286681;690;
14.02.2025;15:07:58.893;FGBS SI 20250306 PS;SIMPLE_INSTRUMENT;EFP_FIN;EUR;80;106.81000000;333;EXCHANGE_LAST;;1;1;XEUR;11286681;690;
14.02.2025;15:30:12.693;FGBS SI 20250306 PS;SIMPLE_INSTRUMENT;EFP_FIN;EUR;81;106.79000000;266;EXCHANGE_LAST;;1;1;XEUR;11286681;690;
14.02.2025;15:39:24.378;FGBS SI 20250306 PS;SIMPLE_INSTRUMENT;EFP_FIN;EUR;82;106.79500000;361;EXCHANGE_LAST;;1;1;XEUR;11286681;690;
14.02.2025;15:51:34.047;FGBS SI 20250306 PS;SIMPLE_INSTRUMENT;EFS;EUR;83;106.79500000;1305;EXCHANGE_LAST;;1;1;XEUR;11286681;690;
14.02.2025;16:06:17.327;FGBS SI 20250306 PS;SIMPLE_INSTRUMENT;EFS;EUR;84;106.80000000;2740;EXCHANGE_LAST;;1;1;XEUR;11286681;690;
14.02.2025;16:40:00.929;FGBS SI 20250306 PS;SIMPLE_INSTRUMENT;EFS;EUR;85;106.79000000;6500;EXCHANGE_LAST;;1;1;XEUR;11286681;690;
14.02.2025;17:08:22.018;FGBS SI 20250306 PS;SIMPLE_INSTRUMENT;EFP_FIN;EUR;86;106.80000000;293;EXCHANGE_LAST;;1;1;XEUR;11286681;690;
14.02.2025;07:46:49.729;FGBX SI 20250306 PS;SIMPLE_INSTRUMENT;BLOCK;EUR;1;130.00000000;376;EXCHANGE_LAST;;1;1;XEUR;11286682;691;
14.02.2025;07:58:15.318;FGBX SI 20250306 PS;SIMPLE_INSTRUMENT;EFS;EUR;2;129.88000000;180;EXCHANGE_LAST;;1;1;XEUR;11286682;691;
14.02.2025;08:03:54.309;FGBX SI 20250306 PS;SIMPLE_INSTRUMENT;EFS;EUR;3;129.90000000;128;EXCHANGE_LAST;;1;1;XEUR;11286682;691;
14.02.2025;08:15:54.631;FGBX SI 20250306 PS;SIMPLE_INSTRUMENT;EFS;EUR;4;129.94000000;435;EXCHANGE_LAST;;1;1;XEUR;11286682;691;
