#Date;TrdTime;Contract;ContractType;TrdTyp;Currency;TesId;Prc;Qty;TrdInd;Aggressor;Buy;Sell;Exch;InstrumentId;RelatedProdId;PrcDecomp
26.11.2024;12:16:30.179;A2XA SI 20241220 CS;SIMPLE_INSTRUMENT;BLOCK;EUR;33;1.98000000;534;EXCHANGE_LAST;;1;1;XEUR;3629711;17;
26.11.2024;12:16:52.262;A2XA SI 20251219 CS;SIMPLE_INSTRUMENT;BLOCK;EUR;34;2.12000000;534;EXCHANGE_LAST;;1;1;XEUR;3681055;17;
26.11.2024;12:17:14.466;A2XA SI 20261218 CS;SIMPLE_INSTRUMENT;BLOCK;EUR;35;2.09000000;534;EXCHANGE_LAST;;1;1;XEUR;4632093;17;
26.11.2024;12:17:33.477;A2XA SI 20271217 CS;SIMPLE_INSTRUMENT;BLOCK;EUR;36;1.99000000;534;EXCHANGE_LAST;;1;1;XEUR;5914267;17;
26.11.2024;12:15:55.061;A2XA SI 20281215 CS;SIMPLE_INSTRUMENT;BLOCK;EUR;37;1.84000000;534;EXCHANGE_LAST;;1;1;XEUR;6796967;17;
26.11.2024;12:24:32.588;ABBN SI 20241220 PS AM P 50.00 0;SIMPLE_INSTRUMENT;BLOCK;CHF;25;1.26000000;1250;EXCHANGE_LAST;;1;1;XEUR;10457904;574517;
26.11.2024;13:10:27.571;ABBN.O.241126.STD.000004;STANDARD_OPTION_STRATEGY;BLOCK;CHF;36;7.00000000;1250;EXCHANGE_LAST;;1;1;XEUR;74525125763934424;574517;
26.11.2024;13:10:27.571;ABBN SI 20250620 PS AM C 48.00 0;SIMPLE_INSTRUMENT;BLOCK;CHF;36;4.15000000;1250;PRC_DECOMP_EXCHANGE;;;;XEUR;8902738;574517;EXCHANGE
26.11.2024;13:10:27.571;ABBN SI 20250620 PS AM P 48.00 0;SIMPLE_INSTRUMENT;BLOCK;CHF;36;2.85000000;1250;PRC_DECOMP_EXCHANGE;;;;XEUR;8902740;574517;EXCHANGE
26.11.2024;11:45:34.155;ADEN.O.241126.STG.000001;STANDARD_OPTION_STRATEGY;BLOCK;CHF;22;3.80000000;3000;EXCHANGE_LAST;;2;2;XEUR;72057783016514564;44;
26.11.2024;11:45:34.155;ADEN SI 20250919 PS AM C 24.00 0;SIMPLE_INSTRUMENT;BLOCK;CHF;22;1.40000000;3000;PRC_DECOMP_EXCHANGE;;;;XEUR;11870204;44;EXCHANGE
26.11.2024;11:45:34.155;ADEN SI 20250919 PS AM P 22.00 0;SIMPLE_INSTRUMENT;BLOCK;CHF;22;2.40000000;3000;PRC_DECOMP_EXCHANGE;;;;XEUR;11870206;44;EXCHANGE
26.11.2024;13:37:48.287;ADS SI 20250919 PS AM P 200.00 0;SIMPLE_INSTRUMENT;BLOCK;EUR;6;12.05000000;350;EXCHANGE_LAST;;1;1;XEUR;11870853;50;
26.11.2024;16:13:57.281;AEN SI 20261218 CS AM P 4.00 0;SIMPLE_INSTRUMENT;BLOCK;EUR;17;0.22000000;17500;EXCHANGE_LAST;;2;1;XEUR;7152236;53;
26.11.2024;12:55:37.523;ALV SI 20251219 PS AM P 220.00 0;SIMPLE_INSTRUMENT;BLOCK;EUR;2;4.65000000;800;EXCHANGE_LAST;;1;2;XEUR;10939412;74;
26.11.2024;13:25:36.563;ALV SI 20250321 PS AM P 280.00 0;SIMPLE_INSTRUMENT;BLOCK;EUR;3;6.10000000;400;EXCHANGE_LAST;;1;1;XEUR;10829572;74;
26.11.2024;14:47:21.284;ALV SI 20251219 PS AM P 220.00 0;SIMPLE_INSTRUMENT;BLOCK;EUR;5;4.65000000;600;EXCHANGE_LAST;;2;1;XEUR;10939412;74;
26.11.2024;08:43:00.213;AMS SI 20250620 PS AM P 6.00 0;SIMPLE_INSTRUMENT;BLOCK;CHF;3;1.31000000;500;EXCHANGE_LAST;;1;1;XEUR;11997739;10807;
26.11.2024;12:27:31.148;AMS SI 20251219 PS AM C 7.00 0;SIMPLE_INSTRUMENT;BLOCK;CHF;26;1.35000000;500;EXCHANGE_LAST;;1;1;XEUR;12134931;10807;
26.11.2024;10:13:43.884;ANN.O.241126.BER.000003;STANDARD_OPTION_STRATEGY;BLOCK;EUR;3;0.46000000;1000;EXCHANGE_LAST;;1;1;XEUR;72251735149668078;45202;
26.11.2024;10:13:43.884;ANN SI 20250221 PS AM P 24.00 0;SIMPLE_INSTRUMENT;BLOCK;EUR;3;0.18000000;1000;PRC_DECOMP_EXCHANGE;;;;XEUR;12263669;45202;EXCHANGE
26.11.2024;10:13:43.884;ANN SI 20250221 PS AM P 28.00 0;SIMPLE_INSTRUMENT;BLOCK;EUR;3;0.64000000;1000;PRC_DECOMP_EXCHANGE;;;;XEUR;12263726;45202;EXCHANGE
26.11.2024;09:44:09.277;AXA SI 20241220 PS AM P 24.00 0;SIMPLE_INSTRUMENT;BLOCK;EUR;4;0.04000000;4197;EXCHANGE_LAST;;1;1;XEUR;4638796;127;
26.11.2024;10:53:11.191;AXA SI 20241220 PS AM P 25.00 0;SIMPLE_INSTRUMENT;BLOCK;EUR;13;0.05000000;6250;EXCHANGE_LAST;;2;2;XEUR;4796823;127;
26.11.2024;10:55:57.804;AXA.O.241126.PDIA.000003;STANDARD_OPTION_STRATEGY;BLOCK;EUR;14;0.48000000;2000;EXCHANGE_LAST;;1;1;XEUR;72058139498794094;127;
26.11.2024;10:55:57.804;AXA SI 20250221 PS AM P 32.00 0;SIMPLE_INSTRUMENT;BLOCK;EUR;14;0.60000000;2000;PRC_DECOMP_EXCHANGE;;;;XEUR;12238893;127;EXCHANGE
26.11.2024;10:55:57.804;AXA SI 20241220 PS AM P 30.00 0;SIMPLE_INSTRUMENT;BLOCK;EUR;14;0.12000000;2000;PRC_DECOMP_EXCHANGE;;;;XEUR;9106592;127;EXCHANGE
26.11.2024;12:15:33.254;AXA FI 20281215 PS EU P 34.0000 0;FLEXIBLE_INSTRUMENT;BLOCK;EUR;17;7.70000000;6000;EXCHANGE_LAST;;1;1;XEUR;1152922050067703730;127;
26.11.2024;12:15:13.370;AXA FI 20281215 PS EU C 34.0000 0;FLEXIBLE_INSTRUMENT;BLOCK;EUR;18;4.00000000;6000;EXCHANGE_LAST;;1;1;XEUR;1152922050067703731;127;
26.11.2024;13:27:44.039;AXA SI 20250117 PS AM P 32.50 0;SIMPLE_INSTRUMENT;BLOCK;EUR;28;0.47000000;1250;EXCHANGE_LAST;;1;1;XEUR;12068492;127;
26.11.2024;15:48:55.076;AXA SI 20241220 PS AM P 25.00 0;SIMPLE_INSTRUMENT;BLOCK;EUR;38;0.05000000;3000;EXCHANGE_LAST;;2;1;XEUR;4796823;127;
26.11.2024;09:33:17.441;B2NP SI 20261218 CS;SIMPLE_INSTRUMENT;BLOCK;EUR;3;4.37000000;400;EXCHANGE_LAST;;2;1;XEUR;6798320;131;
26.11.2024;09:43:37.568;B2NP SI 20261218 CS;SIMPLE_INSTRUMENT;BLOCK;EUR;4;4.37000000;125;EXCHANGE_LAST;;1;1;XEUR;6798320;131;
26.11.2024;10:18:58.460;B2NP SI 20251219 CS;SIMPLE_INSTRUMENT;BLOCK;EUR;10;5.23000000;200;EXCHANGE_LAST;;1;1;XEUR;5914355;131;
26.11.2024;10:23:22.009;B2NP SI 20251219 CS;SIMPLE_INSTRUMENT;BLOCK;EUR;11;5.23000000;100;EXCHANGE_LAST;;1;1;XEUR;5914355;131;
26.11.2024;10:37:40.250;B2NP SI 20251219 CS;SIMPLE_INSTRUMENT;BLOCK;EUR;13;5.23000000;130;EXCHANGE_LAST;;1;1;XEUR;5914355;131;
26.11.2024;10:44:49.232;B2NP SI 20251219 CS;SIMPLE_INSTRUMENT;BLOCK;EUR;14;5.23000000;140;EXCHANGE_LAST;;1;1;XEUR;5914355;131;
26.11.2024;10:48:29.026;B2NP SI 20251219 CS;SIMPLE_INSTRUMENT;BLOCK;EUR;15;5.23000000;50;EXCHANGE_LAST;;1;1;XEUR;5914355;131;
26.11.2024;10:56:01.087;B2NP SI 20281215 CS;SIMPLE_INSTRUMENT;BLOCK;EUR;16;3.20000000;550;EXCHANGE_LAST;;1;3;XEUR;7086921;131;
26.11.2024;11:02:26.792;B2NP SI 20271217 CS;SIMPLE_INSTRUMENT;BLOCK;EUR;23;3.74000000;100;EXCHANGE_LAST;;1;1;XEUR;7086925;131;
26.11.2024;11:53:12.369;B2NP SI 20251219 CS;SIMPLE_INSTRUMENT;BLOCK;EUR;30;5.23000000;100;EXCHANGE_LAST;;1;1;XEUR;5914355;131;
26.11.2024;11:57:54.878;B2NP SI 20261218 CS;SIMPLE_INSTRUMENT;BLOCK;EUR;31;4.36000000;100;EXCHANGE_LAST;;1;1;XEUR;6798320;131;
26.11.2024;16:50:43.920;B2NP SI 20251219 CS;SIMPLE_INSTRUMENT;BLOCK;EUR;101;5.30000000;600;EXCHANGE_LAST;;3;2;XEUR;5914355;131;
26.11.2024;17:18:01.038;B2NP SI 20251219 CS;SIMPLE_INSTRUMENT;BLOCK;EUR;107;5.30000000;250;EXCHANGE_LAST;;2;1;XEUR;5914355;131;
26.11.2024;10:30:45.781;BARN SI 20241220 PS AM P 1280.00 0;SIMPLE_INSTRUMENT;BLOCK;CHF;15;13.40000000;200;EXCHANGE_LAST;;2;1;XEUR;8774076;149;
26.11.2024;08:56:47.097;BAS SI 20250117 PS AM C 44.00 0;SIMPLE_INSTRUMENT;BLOCK;EUR;1;0.93000000;1440;EXCHANGE_LAST;;1;1;XEUR;12068772;150;
26.11.2024;08:56:47.099;BAS SI 20250117 PS AM C 44.00 0;SIMPLE_INSTRUMENT;BLOCK;EUR;2;0.98000000;1060;EXCHANGE_LAST;;1;1;XEUR;12068772;150;
26.11.2024;09:34:53.439;BAS SI 20250221 PS AM C 47.00 0;SIMPLE_INSTRUMENT;BLOCK;EUR;4;0.60000000;3000;EXCHANGE_LAST;;1;1;XEUR;12238970;150;
26.11.2024;09:55:03.866;BAS SI 20250221 PS AM C 47.00 0;SIMPLE_INSTRUMENT;BLOCK;EUR;5;0.60000000;1000;EXCHANGE_LAST;;1;1;XEUR;12238970;150;
26.11.2024;12:03:44.184;BASG.S.DEC24.MAR25.SPD;FUTURES_SPREAD;BLOCK;EUR;32;-0.34500000;2000;EXCHANGE_LAST;;1;1;XEUR;72058328477336861;171;
26.11.2024;12:03:44.184;BASG SI 20241220 CS;SIMPLE_INSTRUMENT;BLOCK;EUR;32;43.12510000;2000;PRC_DECOMP_EXCHANGE;;;;XEUR;7032007;171;EXCHANGE
26.11.2024;12:03:44.184;BASG SI 20250321 CS;SIMPLE_INSTRUMENT;BLOCK;EUR;32;43.47010000;2000;PRC_DECOMP_EXCHANGE;;;;XEUR;10694474;171;EXCHANGE
26.11.2024;09:11:25.596;BAY SI 20241220 PS AM P 19.00 0;SIMPLE_INSTRUMENT;BLOCK;EUR;3;0.54000000;3000;EXCHANGE_LAST;;1;1;XEUR;10397107;168;
26.11.2024;15:20:49.423;BAYE.O.241126.CNV.000006;STANDARD_OPTION_STRATEGY;BLOCK;EUR;8;0.25000000;2000;EXCHANGE_LAST;;1;1;XEUR;72058345657216832;175;
26.11.2024;15:20:49.423;BAYE SI 20271217 PS EU P 20.00 0;SIMPLE_INSTRUMENT;BLOCK;EUR;8;4.84000000;2000;PRC_DECOMP_EXCHANGE;;;;XEUR;8774908;175;EXCHANGE
26.11.2024;15:20:49.423;BAYE SI 20271217 PS EU C 20.00 0;SIMPLE_INSTRUMENT;BLOCK;EUR;8;5.09000000;2000;PRC_DECOMP_EXCHANGE;;;;XEUR;8774909;175;EXCHANGE
26.11.2024;11:45:30.658;BAYG SI 20241220 CS;SIMPLE_INSTRUMENT;BLOCK;EUR;29;19.20200000;6900;EXCHANGE_LAST;;1;1;XEUR;7051807;76034;
26.11.2024;11:43:29.497;BBL SI 20251219 PS AM P 220 0;SIMPLE_INSTRUMENT;BLOCK;GBX;1;15.25000000;7936;EXCHANGE_LAST;;1;1;XEUR;11093589;173;
26.11.2024;11:43:29.499;BBL SI 20251219 PS AM P 220 0;SIMPLE_INSTRUMENT;BLOCK;GBX;2;15.00000000;2064;EXCHANGE_LAST;;1;1;XEUR;11093589;173;
26.11.2024;11:43:43.037;BBL SI 20251219 PS AM P 160 0;SIMPLE_INSTRUMENT;BLOCK;GBX;3;5.50000000;10000;EXCHANGE_LAST;;1;1;XEUR;10396886;173;
26.11.2024;14:47:16.981;BMW SI 20250321 PS AM P 64.00 0;SIMPLE_INSTRUMENT;BLOCK;EUR;11;2.30000000;4000;EXCHANGE_LAST;;2;2;XEUR;10832577;210;
26.11.2024;15:03:55.314;BMW SI 20250321 PS AM P 64.00 0;SIMPLE_INSTRUMENT;BLOCK;EUR;12;2.30000000;1500;EXCHANGE_LAST;;1;1;XEUR;10832577;210;
26.11.2024;15:27:40.718;BMW SI 20241220 PS AM P 66.00 0;SIMPLE_INSTRUMENT;BLOCK;EUR;14;0.97000000;565;EXCHANGE_LAST;;1;1;XEUR;11838720;210;
26.11.2024;14:18:59.727;BMWF SI 20241220 CS;SIMPLE_INSTRUMENT;BLOCK;EUR;51;68.76000000;4500;EXCHANGE_LAST;;1;1;XEUR;7032665;239;
26.11.2024;09:21:47.681;BNP SI 20260619 PS AM P 44.00 0;SIMPLE_INSTRUMENT;BLOCK;EUR;3;3.52000000;500;EXCHANGE_LAST;;1;1;XEUR;9541726;237;
26.11.2024;10:06:40.519;BNP.N.241126.000004;NON_STANDARD_OPTION_STRATEGY;BLOCK;EUR;6;5.90000000;250;EXCHANGE_LAST;;1;1;XEUR;72058611945198593;237;
26.11.2024;10:06:40.519;BNP SI 20260619 PS AM P 56.00 0;SIMPLE_INSTRUMENT;BLOCK;EUR;6;9.32000000;500;PRC_DECOMP_EXCHANGE;;;;XEUR;9541696;237;EXCHANGE
26.11.2024;10:06:40.519;BNP SI 20260619 PS AM P 40.00 0;SIMPLE_INSTRUMENT;BLOCK;EUR;6;2.55000000;1000;PRC_DECOMP_EXCHANGE;;;;XEUR;9541722;237;EXCHANGE
26.11.2024;10:06:40.519;BNP SI 20260619 PS AM P 40.00 0;SIMPLE_INSTRUMENT;BLOCK;EUR;6;2.54000000;250;PRC_DECOMP_EXCHANGE;;;;XEUR;9541722;237;EXCHANGE
26.11.2024;10:50:41.710;BNP SI 20281215 PS AM P 56.00 0;SIMPLE_INSTRUMENT;BLOCK;EUR;11;14.16000000;500;EXCHANGE_LAST;;1;1;XEUR;10398960;237;
26.11.2024;10:50:36.835;BNP SI 20271217 PS AM P 40.00 0;SIMPLE_INSTRUMENT;BLOCK;EUR;12;4.56000000;1250;EXCHANGE_LAST;;1;1;XEUR;8776272;237;
26.11.2024;11:14:08.657;BNP.O.241126.BER.000007;STANDARD_OPTION_STRATEGY;BLOCK;EUR;15;0.28000000;1000;EXCHANGE_LAST;;1;1;XEUR;72058611945198596;237;
26.11.2024;11:14:08.657;BNP SI 20241220 PS AM P 54.00 0;SIMPLE_INSTRUMENT;BLOCK;EUR;15;0.58000000;1000;PRC_DECOMP_EXCHANGE;;;;XEUR;10221543;237;EXCHANGE
26.11.2024;11:14:08.657;BNP SI 20241220 PS AM P 52.00 0;SIMPLE_INSTRUMENT;BLOCK;EUR;15;0.30000000;1000;PRC_DECOMP_EXCHANGE;;;;XEUR;4640392;237;EXCHANGE
26.11.2024;11:45:07.163;BNP SI 20281215 PS AM P 44.00 0;SIMPLE_INSTRUMENT;BLOCK;EUR;16;7.10000000;1750;EXCHANGE_LAST;;1;1;XEUR;10398934;237;
26.11.2024;12:57:21.288;BNP.O.241126.PDIA.000010;STANDARD_OPTION_STRATEGY;BLOCK;EUR;25;-2.42000000;1000;EXCHANGE_LAST;;1;1;XEUR;72058611945198599;237;
26.11.2024;12:57:21.288;BNP SI 20260619 PS AM P 48.00 0;SIMPLE_INSTRUMENT;BLOCK;EUR;25;4.90000000;1000;PRC_DECOMP_EXCHANGE;;;;XEUR;9541730;237;EXCHANGE
26.11.2024;12:57:21.288;BNP SI 20250117 PS AM P 64.00 0;SIMPLE_INSTRUMENT;BLOCK;EUR;25;7.32000000;1000;PRC_DECOMP_EXCHANGE;;;;XEUR;12070466;237;EXCHANGE
26.11.2024;13:25:31.540;BNP SI 20250321 PS AM C 60.00 0;SIMPLE_INSTRUMENT;BLOCK;EUR;27;1.87000000;2000;EXCHANGE_LAST;;1;1;XEUR;10832953;237;
26.11.2024;09:43:41.237;BOSS SI 20250919 PS AM P 34.00 0;SIMPLE_INSTRUMENT;BLOCK;EUR;1;3.10000000;700;EXCHANGE_LAST;;1;1;XEUR;11874653;230;
26.11.2024;08:10:41.261;C4RI SI 20261218 CS;SIMPLE_INSTRUMENT;BLOCK;EUR;1;2.58000000;100;EXCHANGE_LAST;;1;1;XEUR;6821680;50862;
26.11.2024;15:15:11.433;C5FR SI 20251219 CS;SIMPLE_INSTRUMENT;BLOCK;CHF;61;2.75000000;70;EXCHANGE_LAST;;1;1;XEUR;10093283;729454;
26.11.2024;15:15:30.458;C5FR SI 20271217 CS;SIMPLE_INSTRUMENT;BLOCK;CHF;63;2.75000000;70;EXCHANGE_LAST;;1;1;XEUR;10093274;729454;
26.11.2024;15:16:22.890;C5FR SI 20281215 CS;SIMPLE_INSTRUMENT;BLOCK;CHF;64;2.75000000;70;EXCHANGE_LAST;;1;1;XEUR;10093294;729454;
26.11.2024;15:16:46.709;C5FR SI 20261218 CS;SIMPLE_INSTRUMENT;BLOCK;CHF;65;2.75000000;70;EXCHANGE_LAST;;1;1;XEUR;10093272;729454;
26.11.2024;11:40:27.157;CBK SI 20261218 PS AM P 14.00 0;SIMPLE_INSTRUMENT;BLOCK;EUR;2;2.41000000;4250;EXCHANGE_LAST;;1;2;XEUR;7259089;268;
26.11.2024;09:27:46.940;CFR SI 20250321 PS AM C 140.00 0;SIMPLE_INSTRUMENT;BLOCK;CHF;10;1.77000000;1500;EXCHANGE_LAST;;1;1;XEUR;10834904;313;
26.11.2024;15:14:42.822;CFRE.O.241126.CNV.000001;STANDARD_OPTION_STRATEGY;BLOCK;CHF;49;-4.90000000;1000;EXCHANGE_LAST;;1;1;XEUR;72728162986890579;156129;
26.11.2024;15:14:42.822;CFRE SI 20281215 PS EU C 120.00 0;SIMPLE_INSTRUMENT;BLOCK;CHF;49;23.69000000;1000;PRC_DECOMP_EXCHANGE;;;;XEUR;10442788;156129;EXCHANGE
26.11.2024;15:14:42.822;CFRE SI 20281215 PS EU P 120.00 0;SIMPLE_INSTRUMENT;BLOCK;CHF;49;28.59000000;1000;PRC_DECOMP_EXCHANGE;;;;XEUR;10442794;156129;EXCHANGE
26.11.2024;08:48:06.037;CRI5 SI 20251218 PS AM P 28.00 0;SIMPLE_INSTRUMENT;BLOCK;EUR;1;1.91000000;1500;EXCHANGE_LAST;;1;1;XEUR;8978809;320;
26.11.2024;08:48:06.746;CRI5 SI 20241219 PS AM P 26.00 0;SIMPLE_INSTRUMENT;BLOCK;EUR;2;0.04000000;3000;EXCHANGE_LAST;;1;1;XEUR;10380699;320;
26.11.2024;09:38:15.635;CRI5.O.241126.PDIA.000002;STANDARD_OPTION_STRATEGY;BLOCK;EUR;6;5.07000000;1500;EXCHANGE_LAST;;1;1;XEUR;72058968427474617;320;
26.11.2024;09:38:15.635;CRI5 SI 20260618 PS AM P 16.00 0;SIMPLE_INSTRUMENT;BLOCK;EUR;6;0.73100000;1500;PRC_DECOMP_EXCHANGE;;;;XEUR;9530999;320;EXCHANGE
26.11.2024;09:38:15.635;CRI5 SI 20281214 PS AM P 28.00 0;SIMPLE_INSTRUMENT;BLOCK;EUR;6;5.80100000;1500;PRC_DECOMP_EXCHANGE;;;;XEUR;10380747;320;EXCHANGE
26.11.2024;10:31:09.274;CRI5 SI 20250320 PS AM P 30.00 0;SIMPLE_INSTRUMENT;BLOCK;EUR;8;0.63000000;5000;EXCHANGE_LAST;;2;1;XEUR;10822492;320;
26.11.2024;14:10:11.135;D4BK SI 20251219 CS;SIMPLE_INSTRUMENT;BLOCK;EUR;48;0.65500000;500;EXCHANGE_LAST;;2;1;XEUR;3681261;51565;
26.11.2024;13:29:52.053;DAB SI 20241220 PS AM P 68.00 0;SIMPLE_INSTRUMENT;BLOCK;EUR;3;1.09000000;1000;EXCHANGE_LAST;;1;1;XEUR;4642380;352;
26.11.2024;13:34:35.555;DAI.O.241126.RBER.000016;STANDARD_OPTION_STRATEGY;BLOCK;EUR;4;-1.70000000;2000;EXCHANGE_LAST;;2;1;XEUR;73961106363661957;443196;
26.11.2024;13:34:35.555;DAI SI 20261218 PS AM P 52.00 0;SIMPLE_INSTRUMENT;BLOCK;EUR;4;8.18000000;2000;PRC_DECOMP_EXCHANGE;;;;XEUR;7190097;443196;EXCHANGE
26.11.2024;13:34:35.555;DAI SI 20261218 PS AM P 40.00 0;SIMPLE_INSTRUMENT;BLOCK;EUR;4;3.24000000;4000;PRC_DECOMP_EXCHANGE;;;;XEUR;7737736;443196;EXCHANGE
26.11.2024;13:37:20.463;DAI.O.241126.STG.000015;STANDARD_OPTION_STRATEGY;BLOCK;EUR;5;6.25000000;750;EXCHANGE_LAST;;1;1;XEUR;73961106363661956;443196;
26.11.2024;13:37:20.463;DAI SI 20250919 PS AM C 56.00 0;SIMPLE_INSTRUMENT;BLOCK;EUR;5;2.70000000;750;PRC_DECOMP_EXCHANGE;;;;XEUR;11925609;443196;EXCHANGE
26.11.2024;13:37:20.463;DAI SI 20250919 PS AM P 48.00 0;SIMPLE_INSTRUMENT;BLOCK;EUR;5;3.55000000;750;PRC_DECOMP_EXCHANGE;;;;XEUR;11925620;443196;EXCHANGE
26.11.2024;16:04:11.189;DAI.O.241126.BER.000017;STANDARD_OPTION_STRATEGY;BLOCK;EUR;16;2.00000000;6000;EXCHANGE_LAST;;2;2;XEUR;73961106363661958;443196;
26.11.2024;16:04:11.189;DAI SI 20241220 PS AM P 70.00 0;SIMPLE_INSTRUMENT;BLOCK;EUR;16;17.77000000;6000;PRC_DECOMP_EXCHANGE;;;;XEUR;7423847;443196;EXCHANGE
26.11.2024;16:04:11.189;DAI SI 20241220 PS AM P 68.00 0;SIMPLE_INSTRUMENT;BLOCK;EUR;16;15.77000000;6000;PRC_DECOMP_EXCHANGE;;;;XEUR;7144562;443196;EXCHANGE
26.11.2024;16:29:45.219;DAI.O.241126.BER.000018;STANDARD_OPTION_STRATEGY;BLOCK;EUR;18;6.00000000;4000;EXCHANGE_LAST;;1;2;XEUR;73961106363661959;443196;
26.11.2024;16:29:45.219;DAI SI 20241220 PS AM P 76.00 0;SIMPLE_INSTRUMENT;BLOCK;EUR;18;23.80000000;4000;PRC_DECOMP_EXCHANGE;;;;XEUR;7144575;443196;EXCHANGE
26.11.2024;16:29:45.219;DAI SI 20241220 PS AM P 70.00 0;SIMPLE_INSTRUMENT;BLOCK;EUR;18;17.80000000;4000;PRC_DECOMP_EXCHANGE;;;;XEUR;7423847;443196;EXCHANGE
26.11.2024;14:19:16.096;DAIG SI 20241220 CS;SIMPLE_INSTRUMENT;BLOCK;EUR;52;52.20500000;4000;EXCHANGE_LAST;;1;1;XEUR;7144297;443203;
26.11.2024;15:57:44.996;DB1P SI 20250117 PS;SIMPLE_INSTRUMENT;BLOCK;EUR;81;215.22640000;500;EXCHANGE_LAST;;1;1;XEUR;10457146;567612;
26.11.2024;10:43:19.294;DPW.O.241126.BLT.000007;STANDARD_OPTION_STRATEGY;BLOCK;EUR;5;0.15000000;1500;EXCHANGE_LAST;;1;2;XEUR;72059505298414026;445;
26.11.2024;10:43:19.294;DPW SI 20241220 PS AM C 38.00 0;SIMPLE_INSTRUMENT;BLOCK;EUR;5;0.05000000;1500;PRC_DECOMP_EXCHANGE;;;;XEUR;10311167;445;EXCHANGE
26.11.2024;10:43:19.294;DPW SI 20250117 PS AM C 38.00 0;SIMPLE_INSTRUMENT;BLOCK;EUR;5;0.20000000;1500;PRC_DECOMP_EXCHANGE;;;;XEUR;12073154;445;EXCHANGE
26.11.2024;12:58:40.374;DPW SI 20241220 PS AM C 38.00 0;SIMPLE_INSTRUMENT;BLOCK;EUR;6;0.05000000;1500;EXCHANGE_LAST;;2;1;XEUR;10311167;445;
26.11.2024;15:08:48.218;DTE.O.241126.STD.000023;STANDARD_OPTION_STRATEGY;BLOCK;EUR;8;5.65000000;4400;EXCHANGE_LAST;;1;1;XEUR;72059415104105921;424;
26.11.2024;15:08:48.218;DTE SI 20250221 PS AM P 24.50 0;SIMPLE_INSTRUMENT;BLOCK;EUR;8;0.04000000;4400;PRC_DECOMP_EXCHANGE;;;;XEUR;12242989;424;EXCHANGE
26.11.2024;15:08:48.218;DTE SI 20250221 PS AM C 24.50 0;SIMPLE_INSTRUMENT;BLOCK;EUR;8;5.61000000;4400;PRC_DECOMP_EXCHANGE;;;;XEUR;12242986;424;EXCHANGE
26.11.2024;15:08:40.218;DTE.O.241126.STD.000023;STANDARD_OPTION_STRATEGY;BLOCK;EUR;9;5.75000000;3600;EXCHANGE_LAST;;1;1;XEUR;72059415104105921;424;
26.11.2024;15:08:40.218;DTE SI 20250221 PS AM C 24.50 0;SIMPLE_INSTRUMENT;BLOCK;EUR;9;5.66000000;3600;PRC_DECOMP_EXCHANGE;;;;XEUR;12242986;424;EXCHANGE
26.11.2024;15:08:40.218;DTE SI 20250221 PS AM P 24.50 0;SIMPLE_INSTRUMENT;BLOCK;EUR;9;0.09000000;3600;PRC_DECOMP_EXCHANGE;;;;XEUR;12242989;424;EXCHANGE
26.11.2024;15:07:11.445;DTE SI 20250321 PS AM P 26.00 0;SIMPLE_INSTRUMENT;BLOCK;EUR;10;0.15000000;10000;EXCHANGE_LAST;;1;1;XEUR;10836576;424;
26.11.2024;15:07:14.469;DTE SI 20250321 PS AM C 26.00 0;SIMPLE_INSTRUMENT;BLOCK;EUR;11;4.25000000;4500;EXCHANGE_LAST;;1;1;XEUR;10836578;424;
26.11.2024;15:07:14.604;DTE SI 20250321 PS AM C 26.00 0;SIMPLE_INSTRUMENT;BLOCK;EUR;12;4.27000000;5500;EXCHANGE_LAST;;1;1;XEUR;10836578;424;
26.11.2024;15:51:21.261;DTEF.S.DEC24.MAR25.SPD;FUTURES_SPREAD;BLOCK;EUR;79;-0.24000000;10000;EXCHANGE_LAST;;1;1;XEUR;72059440873865436;430;
26.11.2024;15:51:21.261;DTEF SI 20250321 CS;SIMPLE_INSTRUMENT;BLOCK;EUR;79;30.09000000;10000;PRC_DECOMP_MEMBER;;;;XEUR;10698021;430;MEMBER
26.11.2024;15:51:21.261;DTEF SI 20241220 CS;SIMPLE_INSTRUMENT;BLOCK;EUR;79;29.85000000;10000;PRC_DECOMP_MEMBER;;;;XEUR;7034388;430;MEMBER
26.11.2024;12:55:33.725;E2NL SI 20250321 CS;SIMPLE_INSTRUMENT;BLOCK;EUR;39;0.21500000;8750;EXCHANGE_LAST;;1;1;XEUR;10403435;471;
26.11.2024;08:53:46.367;E2NT SI 20251219 CS;SIMPLE_INSTRUMENT;BLOCK;EUR;2;1.00000000;1000;EXCHANGE_LAST;;1;1;XEUR;3681294;470;
26.11.2024;09:52:02.910;E2NT SI 20241220 CS;SIMPLE_INSTRUMENT;BLOCK;EUR;6;0.97000000;6125;EXCHANGE_LAST;;1;1;XEUR;3629727;470;
26.11.2024;15:48:43.349;E2NT SI 20250321 CS;SIMPLE_INSTRUMENT;BLOCK;EUR;77;0.00100000;696;EXCHANGE_LAST;;1;1;XEUR;10403429;470;
26.11.2024;10:12:35.525;EAD SI 20250117 PS AM C 150.00 0;SIMPLE_INSTRUMENT;BLOCK;EUR;9;0.90000000;400;EXCHANGE_LAST;;1;1;XEUR;12074178;465;
26.11.2024;12:55:32.532;ENLH SI 20250320 CS;SIMPLE_INSTRUMENT;BLOCK;EUR;38;6.56450000;20000;EXCHANGE_LAST;;1;1;XEUR;10690796;524976;
26.11.2024;13:46:13.297;ENLH SI 20241219 CS;SIMPLE_INSTRUMENT;BLOCK;EUR;47;6.70870000;5040;EXCHANGE_LAST;;1;1;XEUR;7935846;524976;
26.11.2024;09:11:40.784;ENR.N.241126.000005;NON_STANDARD_OPTION_STRATEGY;BLOCK;EUR;1;-7.62000000;1385;EXCHANGE_LAST;;1;1;XEUR;73339770624816338;298530;
26.11.2024;09:11:40.784;ENR SI 20241220 PS AM P 36.00 0;SIMPLE_INSTRUMENT;BLOCK;EUR;1;0.08000000;1385;PRC_DECOMP_MEMBER;;;;XEUR;5804939;298530;MEMBER
26.11.2024;09:11:40.784;ENR SI 20241220 PS AM C 52.00 0;SIMPLE_INSTRUMENT;BLOCK;EUR;1;1.20000000;1385;PRC_DECOMP_MEMBER;;;;XEUR;12193174;298530;MEMBER
26.11.2024;09:11:40.784;ENR SI 20241220 PS AM C 41.00 0;SIMPLE_INSTRUMENT;BLOCK;EUR;1;8.13000000;1385;PRC_DECOMP_MEMBER;;;;XEUR;11948762;298530;MEMBER
26.11.2024;09:11:40.784;ENR SI 20241220 PS AM P 45.00 0;SIMPLE_INSTRUMENT;BLOCK;EUR;1;0.77000000;1385;PRC_DECOMP_MEMBER;;;;XEUR;12103142;298530;MEMBER
26.11.2024;10:26:33.155;ENT5 SI 20241219 PS AM P 12.00 0;SIMPLE_INSTRUMENT;BLOCK;EUR;7;0.02000000;1750;EXCHANGE_LAST;;1;1;XEUR;4630524;497;
26.11.2024;09:51:25.633;ENTH SI 20241219 CS;SIMPLE_INSTRUMENT;BLOCK;EUR;5;13.66400000;14000;EXCHANGE_LAST;;1;1;XEUR;7935776;524973;
26.11.2024;10:59:23.615;ENTH SI 20241219 CS;SIMPLE_INSTRUMENT;BLOCK;EUR;21;13.65700000;6148;EXCHANGE_LAST;;1;1;XEUR;7935776;524973;
26.11.2024;15:48:33.077;ENTH.S.DEC24.MAR25.SPD;FUTURES_SPREAD;BLOCK;EUR;76;-0.10900000;1600;EXCHANGE_LAST;;1;1;XEUR;74312335904210983;524973;
26.11.2024;15:48:33.077;ENTH SI 20250320 CS;SIMPLE_INSTRUMENT;BLOCK;EUR;76;13.61900000;1600;PRC_DECOMP_MEMBER;;;;XEUR;10690793;524973;MEMBER
26.11.2024;15:48:33.077;ENTH SI 20241219 CS;SIMPLE_INSTRUMENT;BLOCK;EUR;76;13.51000000;1600;PRC_DECOMP_MEMBER;;;;XEUR;7935776;524973;MEMBER
26.11.2024;14:41:30.013;EOA.O.241126.BLT.000002;STANDARD_OPTION_STRATEGY;BLOCK;EUR;10;0.35000000;4000;EXCHANGE_LAST;;1;2;XEUR;72268326608330383;49065;
26.11.2024;14:41:30.013;EOA SI 20250321 PS AM C 12.00 0;SIMPLE_INSTRUMENT;BLOCK;EUR;10;0.65000000;4000;PRC_DECOMP_EXCHANGE;;;;XEUR;10867737;49065;EXCHANGE
26.11.2024;14:41:30.013;EOA SI 20241220 PS AM C 12.00 0;SIMPLE_INSTRUMENT;BLOCK;EUR;10;0.30000000;4000;PRC_DECOMP_EXCHANGE;;;;XEUR;4644609;49065;EXCHANGE
26.11.2024;10:13:49.253;F3TE SI 20251219 CS;SIMPLE_INSTRUMENT;BLOCK;EUR;9;0.72500000;100;EXCHANGE_LAST;;1;1;XEUR;6633903;390379;
26.11.2024;11:05:15.815;F3TE SI 20261218 CS;SIMPLE_INSTRUMENT;BLOCK;EUR;20;0.68200000;500;EXCHANGE_LAST;;1;2;XEUR;6633899;390379;
26.11.2024;11:05:33.635;F3TE SI 20261218 CS;SIMPLE_INSTRUMENT;BLOCK;EUR;22;0.68300000;500;EXCHANGE_LAST;;1;2;XEUR;6633899;390379;
26.11.2024;08:41:16.386;FBTP SI 20241206 PS;SIMPLE_INSTRUMENT;EFP_FIN;EUR;1;121.12000000;203;EXCHANGE_LAST;;1;1;XEUR;10804520;636;
26.11.2024;08:43:46.202;FBTP SI 20241206 PS;SIMPLE_INSTRUMENT;BLOCK;EUR;2;121.20000000;527;EXCHANGE_LAST;;1;1;XEUR;10804520;636;
26.11.2024;09:21:09.798;FBTP SI 20241206 PS;SIMPLE_INSTRUMENT;EFP_FIN;EUR;3;121.18000000;348;EXCHANGE_LAST;;1;1;XEUR;10804520;636;
26.11.2024;09:49:17.100;FBTP SI 20241206 PS;SIMPLE_INSTRUMENT;EFP_FIN;EUR;4;121.07000000;570;EXCHANGE_LAST;;1;1;XEUR;10804520;636;
26.11.2024;09:56:50.597;FBTP SI 20241206 PS;SIMPLE_INSTRUMENT;EFP_FIN;EUR;5;121.08000000;482;EXCHANGE_LAST;;1;1;XEUR;10804520;636;
26.11.2024;10:17:20.659;FBTP SI 20241206 PS;SIMPLE_INSTRUMENT;EFP_FIN;EUR;6;121.25000000;362;EXCHANGE_LAST;;1;1;XEUR;10804520;636;
26.11.2024;10:53:21.696;FBTP SI 20241206 PS;SIMPLE_INSTRUMENT;EFP_FIN;EUR;7;121.18000000;628;EXCHANGE_LAST;;1;1;XEUR;10804520;636;
26.11.2024;10:55:04.960;FBTP SI 20241206 PS;SIMPLE_INSTRUMENT;EFP_FIN;EUR;8;121.18000000;128;EXCHANGE_LAST;;1;1;XEUR;10804520;636;
26.11.2024;11:28:04.255;FBTP SI 20241206 PS;SIMPLE_INSTRUMENT;EFP_FIN;EUR;9;121.26000000;578;EXCHANGE_LAST;;1;1;XEUR;10804520;636;
26.11.2024;12:33:54.960;FBTP SI 20241206 PS;SIMPLE_INSTRUMENT;BLOCK;EUR;10;121.40000000;2000;EXCHANGE_LAST;;1;1;XEUR;10804520;636;
26.11.2024;12:34:13.962;FBTP SI 20250306 PS;SIMPLE_INSTRUMENT;BLOCK;EUR;11;120.79000000;1000;EXCHANGE_LAST;;1;1;XEUR;11286675;636;
26.11.2024;12:34:20.962;FBTP SI 20250306 PS;SIMPLE_INSTRUMENT;BLOCK;EUR;12;120.80000000;1000;EXCHANGE_LAST;;1;1;XEUR;11286675;636;
26.11.2024;13:03:53.142;FBTP SI 20241206 PS;SIMPLE_INSTRUMENT;BLOCK;EUR;13;121.35000000;482;EXCHANGE_LAST;;1;1;XEUR;10804520;636;
26.11.2024;13:17:39.160;FBTP SI 20241206 PS;SIMPLE_INSTRUMENT;EFP_FIN;EUR;14;121.44000000;70;EXCHANGE_LAST;;1;1;XEUR;10804520;636;
26.11.2024;13:19:09.165;FBTP SI 20241206 PS;SIMPLE_INSTRUMENT;EFP_FIN;EUR;15;121.44000000;95;EXCHANGE_LAST;;1;1;XEUR;10804520;636;
26.11.2024;15:15:36.641;FBTP SI 20241206 PS;SIMPLE_INSTRUMENT;BLOCK;EUR;16;121.36000000;1396;EXCHANGE_LAST;;1;1;XEUR;10804520;636;
26.11.2024;15:29:34.180;FBTP SI 20241206 PS;SIMPLE_INSTRUMENT;EFP_FIN;EUR;17;121.40000000;563;EXCHANGE_LAST;;1;1;XEUR;10804520;636;
26.11.2024;15:46:37.176;FBTP SI 20241206 PS;SIMPLE_INSTRUMENT;EFP_FIN;EUR;18;121.23000000;1786;EXCHANGE_LAST;;1;1;XEUR;10804520;636;
26.11.2024;15:59:52.909;FBTP SI 20241206 PS;SIMPLE_INSTRUMENT;EFP_FIN;EUR;19;121.35000000;80;EXCHANGE_LAST;;1;1;XEUR;10804520;636;
26.11.2024;16:13:59.869;FBTP SI 20241206 PS;SIMPLE_INSTRUMENT;EFP_FIN;EUR;20;121.33000000;142;EXCHANGE_LAST;;1;1;XEUR;10804520;636;
26.11.2024;16:15:17.079;FBTP SI 20241206 PS;SIMPLE_INSTRUMENT;EFP_FIN;EUR;21;121.23000000;337;EXCHANGE_LAST;;1;1;XEUR;10804520;636;
26.11.2024;16:46:56.718;FBTP SI 20241206 PS;SIMPLE_INSTRUMENT;EFP_FIN;EUR;22;121.26000000;99;EXCHANGE_LAST;;1;1;XEUR;10804520;636;
26.11.2024;09:06:49.988;FBTS SI 20241206 PS;SIMPLE_INSTRUMENT;BLOCK;EUR;2;107.49000000;1325;EXCHANGE_LAST;;1;1;XEUR;10804522;639;
26.11.2024;09:19:36.464;FBTS SI 20241206 PS;SIMPLE_INSTRUMENT;EFP_FIN;EUR;3;107.46000000;1850;EXCHANGE_LAST;;1;1;XEUR;10804522;639;
26.11.2024;09:21:59.997;FBTS SI 20241206 PS;SIMPLE_INSTRUMENT;EFP_FIN;EUR;4;107.47000000;1687;EXCHANGE_LAST;;1;1;XEUR;10804522;639;
26.11.2024;09:26:43.701;FBTS SI 20241206 PS;SIMPLE_INSTRUMENT;EFP_FIN;EUR;6;107.44000000;746;EXCHANGE_LAST;;1;1;XEUR;10804522;639;
26.11.2024;09:28:20.688;FBTS SI 20241206 PS;SIMPLE_INSTRUMENT;EFP_FIN;EUR;7;107.44000000;839;EXCHANGE_LAST;;1;1;XEUR;10804522;639;
26.11.2024;09:33:28.942;FBTS SI 20241206 PS;SIMPLE_INSTRUMENT;EFP_FIN;EUR;8;107.44000000;3311;EXCHANGE_LAST;;1;1;XEUR;10804522;639;
26.11.2024;09:36:29.210;FBTS SI 20241206 PS;SIMPLE_INSTRUMENT;EFP_FIN;EUR;9;107.45000000;235;EXCHANGE_LAST;;1;1;XEUR;10804522;639;
26.11.2024;09:43:33.466;FBTS SI 20241206 PS;SIMPLE_INSTRUMENT;EFP_FIN;EUR;10;107.46000000;464;EXCHANGE_LAST;;1;1;XEUR;10804522;639;
26.11.2024;09:44:32.498;FBTS SI 20241206 PS;SIMPLE_INSTRUMENT;BLOCK;EUR;11;107.45000000;423;EXCHANGE_LAST;;1;1;XEUR;10804522;639;
26.11.2024;10:05:16.930;FBTS SI 20241206 PS;SIMPLE_INSTRUMENT;EFP_FIN;EUR;13;107.45000000;470;EXCHANGE_LAST;;1;1;XEUR;10804522;639;
26.11.2024;09:59:36.961;FBTS SI 20241206 PS;SIMPLE_INSTRUMENT;EFP_FIN;EUR;14;107.46000000;387;EXCHANGE_LAST;;1;1;XEUR;10804522;639;
26.11.2024;10:11:12.697;FBTS SI 20241206 PS;SIMPLE_INSTRUMENT;BLOCK;EUR;16;107.45000000;1715;EXCHANGE_LAST;;1;1;XEUR;10804522;639;
26.11.2024;10:21:51.613;FBTS SI 20241206 PS;SIMPLE_INSTRUMENT;EFP_FIN;EUR;17;107.47000000;560;EXCHANGE_LAST;;1;1;XEUR;10804522;639;
26.11.2024;10:21:00.553;FBTS SI 20241206 PS;SIMPLE_INSTRUMENT;EFP_FIN;EUR;18;107.49000000;529;EXCHANGE_LAST;;1;1;XEUR;10804522;639;
26.11.2024;10:32:57.059;FBTS SI 20241206 PS;SIMPLE_INSTRUMENT;EFP_FIN;EUR;19;107.46000000;450;EXCHANGE_LAST;;1;1;XEUR;10804522;639;
26.11.2024;10:33:17.681;FBTS SI 20241206 PS;SIMPLE_INSTRUMENT;EFP_FIN;EUR;20;107.46000000;705;EXCHANGE_LAST;;1;1;XEUR;10804522;639;
26.11.2024;10:43:50.407;FBTS SI 20241206 PS;SIMPLE_INSTRUMENT;EFP_FIN;EUR;21;107.47000000;748;EXCHANGE_LAST;;1;1;XEUR;10804522;639;
26.11.2024;10:45:51.689;FBTS SI 20241206 PS;SIMPLE_INSTRUMENT;EFP_FIN;EUR;22;107.47000000;698;EXCHANGE_LAST;;1;1;XEUR;10804522;639;
26.11.2024;11:20:24.777;FBTS SI 20241206 PS;SIMPLE_INSTRUMENT;EFP_FIN;EUR;24;107.47000000;470;EXCHANGE_LAST;;1;1;XEUR;10804522;639;
26.11.2024;11:31:03.877;FBTS SI 20241206 PS;SIMPLE_INSTRUMENT;EFP_FIN;EUR;26;107.49000000;1880;EXCHANGE_LAST;;1;1;XEUR;10804522;639;
26.11.2024;11:36:04.704;FBTS SI 20241206 PS;SIMPLE_INSTRUMENT;EFP_FIN;EUR;27;107.50000000;839;EXCHANGE_LAST;;1;1;XEUR;10804522;639;
26.11.2024;12:37:39.046;FBTS SI 20241206 PS;SIMPLE_INSTRUMENT;EFP_FIN;EUR;30;107.49000000;484;EXCHANGE_LAST;;1;1;XEUR;10804522;639;
26.11.2024;12:39:40.722;FBTS SI 20241206 PS;SIMPLE_INSTRUMENT;BLOCK;EUR;31;107.50000000;940;EXCHANGE_LAST;;1;1;XEUR;10804522;639;
26.11.2024;12:55:19.613;FBTS SI 20241206 PS;SIMPLE_INSTRUMENT;EFP_FIN;EUR;33;107.51000000;736;EXCHANGE_LAST;;1;1;XEUR;10804522;639;
26.11.2024;12:56:08.142;FBTS SI 20241206 PS;SIMPLE_INSTRUMENT;EFP_FIN;EUR;34;107.51000000;213;EXCHANGE_LAST;;1;1;XEUR;10804522;639;
26.11.2024;13:55:34.718;FBTS SI 20241206 PS;SIMPLE_INSTRUMENT;EFP_FIN;EUR;35;107.48000000;248;EXCHANGE_LAST;;1;1;XEUR;10804522;639;
26.11.2024;14:01:40.323;FBTS SI 20241206 PS;SIMPLE_INSTRUMENT;EFP_FIN;EUR;38;107.49000000;1326;EXCHANGE_LAST;;1;1;XEUR;10804522;639;
26.11.2024;14:03:24.378;FBTS SI 20241206 PS;SIMPLE_INSTRUMENT;EFP_FIN;EUR;39;107.51000000;969;EXCHANGE_LAST;;1;1;XEUR;10804522;639;
26.11.2024;14:10:41.614;FBTS SI 20241206 PS;SIMPLE_INSTRUMENT;EFP_FIN;EUR;41;107.51000000;484;EXCHANGE_LAST;;1;1;XEUR;10804522;639;
26.11.2024;14:16:11.783;FBTS SI 20241206 PS;SIMPLE_INSTRUMENT;EFP_FIN;EUR;42;107.51000000;727;EXCHANGE_LAST;;1;1;XEUR;10804522;639;
26.11.2024;14:24:09.220;FBTS SI 20241206 PS;SIMPLE_INSTRUMENT;EFP_FIN;EUR;43;107.51000000;969;EXCHANGE_LAST;;1;1;XEUR;10804522;639;
26.11.2024;14:37:41.362;FBTS SI 20241206 PS;SIMPLE_INSTRUMENT;EFP_FIN;EUR;44;107.48000000;595;EXCHANGE_LAST;;1;1;XEUR;10804522;639;
26.11.2024;14:48:20.065;FBTS SI 20241206 PS;SIMPLE_INSTRUMENT;EFP_FIN;EUR;46;107.48000000;1673;EXCHANGE_LAST;;1;1;XEUR;10804522;639;
26.11.2024;15:07:04.044;FBTS SI 20241206 PS;SIMPLE_INSTRUMENT;BLOCK;EUR;51;107.45000000;400;EXCHANGE_LAST;;1;1;XEUR;10804522;639;
26.11.2024;15:07:57.839;FBTS SI 20250306 PS;SIMPLE_INSTRUMENT;BLOCK;EUR;52;107.46000000;200;EXCHANGE_LAST;;1;1;XEUR;11286677;639;
26.11.2024;15:08:20.844;FBTS SI 20250306 PS;SIMPLE_INSTRUMENT;BLOCK;EUR;53;107.47000000;200;EXCHANGE_LAST;;1;1;XEUR;11286677;639;
26.11.2024;15:15:26.731;FBTS SI 20241206 PS;SIMPLE_INSTRUMENT;EFP_FIN;EUR;55;107.45000000;164;EXCHANGE_LAST;;1;1;XEUR;10804522;639;
26.11.2024;15:16:59.622;FBTS SI 20241206 PS;SIMPLE_INSTRUMENT;BLOCK;EUR;56;107.51000000;387;EXCHANGE_LAST;;1;1;XEUR;10804522;639;
26.11.2024;15:19:15.480;FBTS SI 20241206 PS;SIMPLE_INSTRUMENT;BLOCK;EUR;57;107.46000000;2000;EXCHANGE_LAST;;1;1;XEUR;10804522;639;
26.11.2024;15:19:31.481;FBTS SI 20250306 PS;SIMPLE_INSTRUMENT;BLOCK;EUR;58;107.47000000;1000;EXCHANGE_LAST;;1;1;XEUR;11286677;639;
26.11.2024;15:19:52.483;FBTS SI 20250306 PS;SIMPLE_INSTRUMENT;BLOCK;EUR;59;107.48000000;1000;EXCHANGE_LAST;;1;1;XEUR;11286677;639;
26.11.2024;15:20:16.553;FBTS SI 20241206 PS;SIMPLE_INSTRUMENT;EFP_FIN;EUR;60;107.44000000;844;EXCHANGE_LAST;;1;1;XEUR;10804522;639;
26.11.2024;15:21:03.200;FBTS SI 20241206 PS;SIMPLE_INSTRUMENT;BLOCK;EUR;61;107.44000000;1000;EXCHANGE_LAST;;1;1;XEUR;10804522;639;
26.11.2024;15:21:12.232;FBTS SI 20250306 PS;SIMPLE_INSTRUMENT;BLOCK;EUR;62;107.45000000;500;EXCHANGE_LAST;;1;1;XEUR;11286677;639;
26.11.2024;15:21:20.082;FBTS SI 20250306 PS;SIMPLE_INSTRUMENT;BLOCK;EUR;63;107.46000000;500;EXCHANGE_LAST;;1;1;XEUR;11286677;639;
26.11.2024;15:42:25.220;FBTS SI 20241206 PS;SIMPLE_INSTRUMENT;EFP_FIN;EUR;68;107.46000000;484;EXCHANGE_LAST;;1;1;XEUR;10804522;639;
26.11.2024;15:49:01.076;FBTS.S.DEC24.MAR25.SPD;FUTURES_SPREAD;BLOCK;EUR;69;-0.01000000;150;EXCHANGE_LAST;;1;1;XEUR;72060338522030170;639;
26.11.2024;15:49:01.076;FBTS SI 20250306 PS;SIMPLE_INSTRUMENT;BLOCK;EUR;69;107.47000000;150;PRC_DECOMP_EXCHANGE;;;;XEUR;11286677;639;EXCHANGE
26.11.2024;15:49:01.076;FBTS SI 20241206 PS;SIMPLE_INSTRUMENT;BLOCK;EUR;69;107.46000000;150;PRC_DECOMP_EXCHANGE;;;;XEUR;10804522;639;EXCHANGE
26.11.2024;15:49:02.076;FBTS.S.DEC24.MAR25.SPD;FUTURES_SPREAD;BLOCK;EUR;70;-0.02000000;150;EXCHANGE_LAST;;1;1;XEUR;72060338522030170;639;
26.11.2024;15:49:02.076;FBTS SI 20250306 PS;SIMPLE_INSTRUMENT;BLOCK;EUR;70;107.48000000;150;PRC_DECOMP_EXCHANGE;;;;XEUR;11286677;639;EXCHANGE
26.11.2024;15:49:02.076;FBTS SI 20241206 PS;SIMPLE_INSTRUMENT;BLOCK;EUR;70;107.46000000;150;PRC_DECOMP_EXCHANGE;;;;XEUR;10804522;639;EXCHANGE
26.11.2024;16:13:21.332;FBTS SI 20241206 PS;SIMPLE_INSTRUMENT;EFP_FIN;EUR;71;107.48000000;940;EXCHANGE_LAST;;1;1;XEUR;10804522;639;
26.11.2024;16:20:50.700;FBTS SI 20241206 PS;SIMPLE_INSTRUMENT;BLOCK;EUR;72;107.45000000;200;EXCHANGE_LAST;;1;1;XEUR;10804522;639;
26.11.2024;16:21:03.394;FBTS SI 20250306 PS;SIMPLE_INSTRUMENT;BLOCK;EUR;73;107.46000000;100;EXCHANGE_LAST;;1;1;XEUR;11286677;639;
26.11.2024;16:21:09.196;FBTS SI 20250306 PS;SIMPLE_INSTRUMENT;BLOCK;EUR;75;107.47000000;100;EXCHANGE_LAST;;1;1;XEUR;11286677;639;
26.11.2024;16:51:58.627;FBTS SI 20241206 PS;SIMPLE_INSTRUMENT;EFP_FIN;EUR;77;107.44000000;844;EXCHANGE_LAST;;1;1;XEUR;10804522;639;
26.11.2024;14:27:51.681;FCBU SI 20241203 CS;SIMPLE_INSTRUMENT;BLOCK;USD;2;0.17210000;675;EXCHANGE_LAST;;1;1;XEUR;10350809;570870;
26.11.2024;14:30:03.903;FCBU SI 20250103 CS;SIMPLE_INSTRUMENT;BLOCK;USD;3;0.17145000;675;EXCHANGE_LAST;;1;1;XEUR;10519769;570870;
26.11.2024;14:56:23.283;FCBU SI 20250103 CS;SIMPLE_INSTRUMENT;BLOCK;USD;4;0.17180000;200;EXCHANGE_LAST;;1;1;XEUR;10519769;570870;
26.11.2024;15:39:38.190;FCBU SI 20250103 CS;SIMPLE_INSTRUMENT;BLOCK;USD;5;0.17185000;180;EXCHANGE_LAST;;1;1;XEUR;10519769;570870;
26.11.2024;15:56:54.468;FCEU SI 20241216 PS;SIMPLE_INSTRUMENT;BLOCK;USD;7;1.05085000;110;EXCHANGE_LAST;;1;1;XEUR;7140363;369376;
26.11.2024;15:45:48.759;FCMU SI 20241216 CS;SIMPLE_INSTRUMENT;BLOCK;USD;6;0.04813000;60;EXCHANGE_LAST;;1;1;XEUR;10921066;570874;
26.11.2024;10:16:23.789;FCZU SI 20241216 CS;SIMPLE_INSTRUMENT;BLOCK;USD;1;0.05521000;90;EXCHANGE_LAST;;1;1;XEUR;10921064;570872;
26.11.2024;09:49:29.786;FD3D SI 20251219 CS;SIMPLE_INSTRUMENT;BLOCK;EUR;7;111.00000000;470;EXCHANGE_LAST;;1;1;XEUR;5914068;588;
26.11.2024;11:00:27.248;FDAX SI 20241220 CS;SIMPLE_INSTRUMENT;VOLA;EUR;671088647;19300.00000000;48;EXCHANGE_LAST;;1;1;XEUR;7296065;589;
26.11.2024;09:13:44.673;FEBD SI 20251219 CS;SIMPLE_INSTRUMENT;BLOCK;EUR;4;10.18000000;1200;EXCHANGE_LAST;;1;2;XEUR;5914075;597;
26.11.2024;09:32:42.068;FEBD SI 20261218 CS;SIMPLE_INSTRUMENT;BLOCK;EUR;5;9.21000000;250;EXCHANGE_LAST;;1;1;XEUR;7158212;597;
26.11.2024;09:35:06.771;FEBD SI 20261218 CS;SIMPLE_INSTRUMENT;BLOCK;EUR;6;9.19000000;500;EXCHANGE_LAST;;1;1;XEUR;7158212;597;
26.11.2024;12:13:15.112;FEBD SI 20261218 CS;SIMPLE_INSTRUMENT;BLOCK;EUR;19;9.18000000;500;EXCHANGE_LAST;;1;1;XEUR;7158212;597;
26.11.2024;14:09:28.303;FEBD SI 20251219 CS;SIMPLE_INSTRUMENT;BLOCK;EUR;24;10.19000000;400;EXCHANGE_LAST;;1;2;XEUR;5914075;597;
26.11.2024;14:02:15.638;FEBD SI 20261218 CS;SIMPLE_INSTRUMENT;BLOCK;EUR;25;9.21000000;300;EXCHANGE_LAST;;1;1;XEUR;7158212;597;
26.11.2024;14:26:02.562;FEBD SI 20261218 CS;SIMPLE_INSTRUMENT;BLOCK;EUR;29;9.20000000;700;EXCHANGE_LAST;;2;1;XEUR;7158212;597;
26.11.2024;14:24:19.682;FECX SI 20241220 CS;SIMPLE_INSTRUMENT;BLOCK;EUR;30;165.29000000;140;EXCHANGE_LAST;;1;1;XEUR;10920731;410158;
26.11.2024;16:05:58.656;FEDV SI 20241220 CS;SIMPLE_INSTRUMENT;BLOCK;EUR;42;1608.00000000;684;EXCHANGE_LAST;;1;1;XEUR;10838883;596;
26.11.2024;10:29:24.312;FEHY SI 20241220 CS;SIMPLE_INSTRUMENT;BLOCK;EUR;9;291.84000000;100;EXCHANGE_LAST;;1;1;XEUR;10921067;574047;
26.11.2024;10:28:42.810;FEHY SI 20241220 CS;SIMPLE_INSTRUMENT;BLOCK;EUR;10;291.84000000;100;EXCHANGE_LAST;;1;1;XEUR;10921067;574047;
26.11.2024;16:06:52.281;FES1 SI 20241220 PS;SIMPLE_INSTRUMENT;BLOCK;EUR;43;10.00000000;700;EXCHANGE_LAST;;1;1;XEUR;10869579;58959;
26.11.2024;14:16:30.757;FESB SI 20241220 CS;SIMPLE_INSTRUMENT;BLOCK;EUR;61;139.10000000;10000;EXCHANGE_LAST;;1;1;XEUR;10838895;605;
26.11.2024;14:30:33.666;FESB SI 20241220 CS;SIMPLE_INSTRUMENT;BLOCK;EUR;62;139.10000000;10000;EXCHANGE_LAST;;1;1;XEUR;10838895;605;
26.11.2024;14:33:38.381;FESB SI 20241220 CS;SIMPLE_INSTRUMENT;BLOCK;EUR;63;139.20000000;25000;EXCHANGE_LAST;;1;1;XEUR;10838895;605;
26.11.2024;16:18:41.485;FESB SI 20241220 CS;SIMPLE_INSTRUMENT;BLOCK;EUR;74;138.40000000;1860;EXCHANGE_LAST;;1;1;XEUR;10838895;605;
26.11.2024;10:05:37.663;FESB SI 20241220 CS;SIMPLE_INSTRUMENT;VOLA;EUR;603979783;138.25000000;1000;EXCHANGE_LAST;;1;1;XEUR;10838895;605;
26.11.2024;12:21:44.924;FESB SI 20241220 CS;SIMPLE_INSTRUMENT;VOLA;EUR;603979802;139.00000000;30;EXCHANGE_LAST;;1;1;XEUR;10838895;605;
26.11.2024;13:19:11.761;FESB SI 20241220 CS;SIMPLE_INSTRUMENT;VOLA;EUR;603979812;139.00000000;30;EXCHANGE_LAST;;1;1;XEUR;10838895;605;
26.11.2024;13:57:15.693;FESU SI 20241220 CS;SIMPLE_INSTRUMENT;VOLA;EUR;603979823;387.30000000;15;EXCHANGE_LAST;;1;1;XEUR;10839076;673;
26.11.2024;14:10:02.550;FESU SI 20241220 CS;SIMPLE_INSTRUMENT;VOLA;EUR;603979825;387.30000000;16;EXCHANGE_LAST;;1;1;XEUR;10839076;673;
26.11.2024;11:00:32.907;FESX.S.DEC24.MAR25.SPD;FUTURES_SPREAD;BLOCK;EUR;1;-24.30000000;2000;EXCHANGE_LAST;;1;1;XEUR;72060493140861185;675;
26.11.2024;11:00:32.907;FESX SI 20241220 CS;SIMPLE_INSTRUMENT;BLOCK;EUR;1;4778.70000000;2000;PRC_DECOMP_EXCHANGE;;;;XEUR;7793479;675;EXCHANGE
26.11.2024;11:00:32.907;FESX SI 20250321 CS;SIMPLE_INSTRUMENT;BLOCK;EUR;1;4803.00000000;2000;PRC_DECOMP_EXCHANGE;;;;XEUR;7793482;675;EXCHANGE
26.11.2024;11:05:10.771;FESX SI 20241220 CS;SIMPLE_INSTRUMENT;BLOCK;EUR;2;4775.00000000;2000;EXCHANGE_LAST;;1;1;XEUR;7793479;675;
26.11.2024;15:18:59.981;FESX SI 20241220 CS;SIMPLE_INSTRUMENT;EFP_IDX;EUR;4;4780.00000000;1000;EXCHANGE_LAST;;1;1;XEUR;7793479;675;
26.11.2024;15:41:45.457;FESX SI 20241220 CS;SIMPLE_INSTRUMENT;EFP_IDX;EUR;5;4790.00000000;1000;EXCHANGE_LAST;;1;1;XEUR;7793479;675;
26.11.2024;15:44:09.145;FESX SI 20241220 CS;SIMPLE_INSTRUMENT;EFP_IDX;EUR;6;4790.00000000;1000;EXCHANGE_LAST;;1;1;XEUR;7793479;675;
26.11.2024;15:44:00.907;FESX SI 20241220 CS;SIMPLE_INSTRUMENT;BLOCK;EUR;7;4790.00000000;2000;EXCHANGE_LAST;;1;1;XEUR;7793479;675;
26.11.2024;16:02:12.810;FESX SI 20241220 CS;SIMPLE_INSTRUMENT;BLOCK;EUR;8;4780.00000000;5000;EXCHANGE_LAST;;1;1;XEUR;7793479;675;
26.11.2024;16:48:21.469;FESX SI 20241220 CS;SIMPLE_INSTRUMENT;EFP_IDX;EUR;9;4772.00000000;693;EXCHANGE_LAST;;1;1;XEUR;7793479;675;
26.11.2024;16:48:30.904;FESX SI 20241220 CS;SIMPLE_INSTRUMENT;EFP_IDX;EUR;10;4771.00000000;7;EXCHANGE_LAST;;1;1;XEUR;7793479;675;
26.11.2024;16:50:11.864;FESX SI 20241220 CS;SIMPLE_INSTRUMENT;EFP_IDX;EUR;11;4771.00000000;11;EXCHANGE_LAST;;1;1;XEUR;7793479;675;
26.11.2024;16:50:30.790;FESX SI 20241220 CS;SIMPLE_INSTRUMENT;EFP_IDX;EUR;12;4772.00000000;174;EXCHANGE_LAST;;1;1;XEUR;7793479;675;
26.11.2024;16:50:49.463;FESX SI 20241220 CS;SIMPLE_INSTRUMENT;EFP_IDX;EUR;13;4771.00000000;3;EXCHANGE_LAST;;1;1;XEUR;7793479;675;
26.11.2024;16:51:07.897;FESX SI 20241220 CS;SIMPLE_INSTRUMENT;EFP_IDX;EUR;14;4772.00000000;337;EXCHANGE_LAST;;1;1;XEUR;7793479;675;
26.11.2024;16:51:40.753;FESX SI 20241220 CS;SIMPLE_INSTRUMENT;EFP_IDX;EUR;15;4771.00000000;4;EXCHANGE_LAST;;1;1;XEUR;7793479;675;
26.11.2024;16:51:42.079;FESX SI 20241220 CS;SIMPLE_INSTRUMENT;EFP_IDX;EUR;16;4772.00000000;1554;EXCHANGE_LAST;;1;1;XEUR;7793479;675;
26.11.2024;16:51:42.269;FESX SI 20241220 CS;SIMPLE_INSTRUMENT;EFP_IDX;EUR;17;4771.00000000;3;EXCHANGE_LAST;;1;1;XEUR;7793479;675;
26.11.2024;16:51:42.630;FESX SI 20241220 CS;SIMPLE_INSTRUMENT;EFP_IDX;EUR;18;4771.00000000;973;EXCHANGE_LAST;;1;1;XEUR;7793479;675;
26.11.2024;16:51:47.709;FESX SI 20241220 CS;SIMPLE_INSTRUMENT;EFP_IDX;EUR;19;4772.00000000;396;EXCHANGE_LAST;;1;1;XEUR;7793479;675;
26.11.2024;16:51:56.328;FESX SI 20241220 CS;SIMPLE_INSTRUMENT;EFP_IDX;EUR;20;4772.00000000;312;EXCHANGE_LAST;;1;1;XEUR;7793479;675;
26.11.2024;16:52:27.801;FESX SI 20241220 CS;SIMPLE_INSTRUMENT;EFP_IDX;EUR;21;4771.00000000;3;EXCHANGE_LAST;;1;1;XEUR;7793479;675;
26.11.2024;16:52:48.608;FESX SI 20241220 CS;SIMPLE_INSTRUMENT;EFP_IDX;EUR;22;4772.00000000;297;EXCHANGE_LAST;;1;1;XEUR;7793479;675;
26.11.2024;16:55:02.007;FESX SI 20241220 CS;SIMPLE_INSTRUMENT;EFP_IDX;EUR;23;4772.00000000;425;EXCHANGE_LAST;;1;1;XEUR;7793479;675;
26.11.2024;16:55:20.764;FESX SI 20241220 CS;SIMPLE_INSTRUMENT;EFP_IDX;EUR;24;4773.00000000;55;EXCHANGE_LAST;;1;1;XEUR;7793479;675;
26.11.2024;16:56:44.664;FESX SI 20241220 CS;SIMPLE_INSTRUMENT;EFP_IDX;EUR;25;4771.00000000;6;EXCHANGE_LAST;;1;1;XEUR;7793479;675;
26.11.2024;16:57:01.624;FESX SI 20241220 CS;SIMPLE_INSTRUMENT;EFP_IDX;EUR;26;4772.00000000;573;EXCHANGE_LAST;;1;1;XEUR;7793479;675;
26.11.2024;08:48:36.604;FESX SI 20241220 CS;SIMPLE_INSTRUMENT;VOLA;EUR;637534220;4760.00000000;330;EXCHANGE_LAST;;1;1;XEUR;7793479;675;
26.11.2024;08:49:01.928;FESX SI 20241220 CS;SIMPLE_INSTRUMENT;VOLA;EUR;637534221;4757.00000000;226;EXCHANGE_LAST;;1;1;XEUR;7793479;675;
26.11.2024;09:29:56.134;FESX SI 20241220 CS;SIMPLE_INSTRUMENT;VOLA;EUR;637534231;4775.00000000;35;EXCHANGE_LAST;;1;1;XEUR;7793479;675;
26.11.2024;09:30:57.673;FESX SI 20241220 CS;SIMPLE_INSTRUMENT;VOLA;EUR;637534232;4775.00000000;36;EXCHANGE_LAST;;1;1;XEUR;7793479;675;
26.11.2024;09:41:46.479;FESX SI 20241220 CS;SIMPLE_INSTRUMENT;VOLA;EUR;637534238;4768.00000000;2400;EXCHANGE_LAST;;1;1;XEUR;7793479;675;
26.11.2024;09:51:19.192;FESX SI 20241220 CS;SIMPLE_INSTRUMENT;VOLA;EUR;637534243;4775.00000000;283;EXCHANGE_LAST;;1;1;XEUR;7793479;675;
26.11.2024;09:52:03.609;FESX SI 20241220 CS;SIMPLE_INSTRUMENT;VOLA;EUR;637534245;4775.00000000;260;EXCHANGE_LAST;;1;1;XEUR;7793479;675;
26.11.2024;10:44:35.207;FESX SI 20241220 CS;SIMPLE_INSTRUMENT;VOLA;EUR;637534267;4775.00000000;10;EXCHANGE_LAST;;1;1;XEUR;7793479;675;
26.11.2024;11:06:43.789;FESX SI 20241220 CS;SIMPLE_INSTRUMENT;VOLA;EUR;637534277;4745.00000000;30;EXCHANGE_LAST;;1;1;XEUR;7793479;675;
26.11.2024;11:15:28.873;FESX SI 20241220 CS;SIMPLE_INSTRUMENT;VOLA;EUR;637534279;4780.00000000;90;EXCHANGE_LAST;;1;1;XEUR;7793479;675;
26.11.2024;11:18:04.947;FESX SI 20241220 CS;SIMPLE_INSTRUMENT;VOLA;EUR;637534284;4775.00000000;100;EXCHANGE_LAST;;1;1;XEUR;7793479;675;
26.11.2024;11:24:03.112;FESX SI 20241220 CS;SIMPLE_INSTRUMENT;VOLA;EUR;637534290;4780.00000000;123;EXCHANGE_LAST;;1;1;XEUR;7793479;675;
26.11.2024;11:35:08.708;FESX SI 20241220 CS;SIMPLE_INSTRUMENT;VOLA;EUR;637534296;4780.00000000;122;EXCHANGE_LAST;;1;1;XEUR;7793479;675;
26.11.2024;11:52:15.995;FESX SI 20241220 CS;SIMPLE_INSTRUMENT;VOLA;EUR;637534302;4780.00000000;123;EXCHANGE_LAST;;1;1;XEUR;7793479;675;
26.11.2024;12:59:13.963;FESX SI 20241220 CS;SIMPLE_INSTRUMENT;VOLA;EUR;637534317;4780.00000000;70;EXCHANGE_LAST;;1;1;XEUR;7793479;675;
26.11.2024;14:33:32.124;FESX SI 20241220 CS;SIMPLE_INSTRUMENT;VOLA;EUR;637534340;4800.00000000;563;EXCHANGE_LAST;;1;1;XEUR;7793479;675;
26.11.2024;15:40:08.443;FESX SI 20241220 CS;SIMPLE_INSTRUMENT;VOLA;EUR;637534367;4780.00000000;270;EXCHANGE_LAST;;1;1;XEUR;7793479;675;
26.11.2024;16:01:08.636;FESX SI 20241220 CS;SIMPLE_INSTRUMENT;VOLA;EUR;637534375;4780.00000000;340;EXCHANGE_LAST;;1;1;XEUR;7793479;675;
26.11.2024;16:02:18.125;FESX SI 20241220 CS;SIMPLE_INSTRUMENT;VOLA;EUR;637534376;4780.00000000;380;EXCHANGE_LAST;;1;1;XEUR;7793479;675;
26.11.2024;16:38:51.659;FESX SI 20241220 CS;SIMPLE_INSTRUMENT;VOLA;EUR;637534391;4775.00000000;140;EXCHANGE_LAST;;1;1;XEUR;7793479;675;
26.11.2024;09:06:03.086;FEXD SI 20261218 CS;SIMPLE_INSTRUMENT;BLOCK;EUR;3;151.30000000;250;EXCHANGE_LAST;;1;1;XEUR;2163053;693;
26.11.2024;09:51:37.385;FEXD.S.DEC25.DEC26.SPD;FUTURES_SPREAD;BLOCK;EUR;8;7.40000000;300;EXCHANGE_LAST;;1;1;XEUR;72060570450264144;693;
26.11.2024;09:51:37.385;FEXD SI 20251219 CS;SIMPLE_INSTRUMENT;BLOCK;EUR;8;159.10000000;300;PRC_DECOMP_EXCHANGE;;;;XEUR;1548120;693;EXCHANGE
26.11.2024;09:51:37.385;FEXD SI 20261218 CS;SIMPLE_INSTRUMENT;BLOCK;EUR;8;151.70000000;300;PRC_DECOMP_EXCHANGE;;;;XEUR;2163053;693;EXCHANGE
26.11.2024;11:01:09.165;FEXD SI 20271217 CS;SIMPLE_INSTRUMENT;BLOCK;EUR;15;145.10000000;200;EXCHANGE_LAST;;1;1;XEUR;2848338;693;
26.11.2024;11:16:29.780;FEXD SI 20271217 CS;SIMPLE_INSTRUMENT;BLOCK;EUR;16;144.70000000;363;EXCHANGE_LAST;;1;1;XEUR;2848338;693;
26.11.2024;11:20:32.907;FEXD SI 20251219 CS;SIMPLE_INSTRUMENT;BLOCK;EUR;17;159.10000000;108;EXCHANGE_LAST;;1;1;XEUR;1548120;693;
26.11.2024;11:20:59.287;FEXD SI 20261218 CS;SIMPLE_INSTRUMENT;BLOCK;EUR;18;151.70000000;108;EXCHANGE_LAST;;1;1;XEUR;2163053;693;
26.11.2024;12:17:57.942;FEXD SI 20261218 CS;SIMPLE_INSTRUMENT;BLOCK;EUR;20;151.80000000;100;EXCHANGE_LAST;;1;1;XEUR;2163053;693;
26.11.2024;13:13:09.646;FEXD.S.DEC28.DEC30.SPD;FUTURES_SPREAD;BLOCK;EUR;22;9.50000000;1000;EXCHANGE_LAST;;1;2;XEUR;72060570450264202;693;
26.11.2024;13:13:09.646;FEXD SI 20281215 CS;SIMPLE_INSTRUMENT;BLOCK;EUR;22;139.90000000;1000;PRC_DECOMP_MEMBER;;;;XEUR;3680985;693;MEMBER
26.11.2024;13:13:09.646;FEXD SI 20301220 CS;SIMPLE_INSTRUMENT;BLOCK;EUR;22;130.40000000;1000;PRC_DECOMP_MEMBER;;;;XEUR;5914108;693;MEMBER
26.11.2024;17:29:34.985;FEXD SI 20261218 CS;SIMPLE_INSTRUMENT;BLOCK;EUR;52;151.30000000;200;EXCHANGE_LAST;;1;1;XEUR;2163053;693;
26.11.2024;13:56:37.877;FGBC SI 20241220 CS;SIMPLE_INSTRUMENT;BLOCK;GBP;23;140.40000000;100;EXCHANGE_LAST;;1;1;XEUR;10921821;772679;
26.11.2024;08:18:03.455;FGBL SI 20241206 PS;SIMPLE_INSTRUMENT;EFS;EUR;1;133.62000000;532;EXCHANGE_LAST;;1;1;XEUR;10804524;688;
26.11.2024;08:22:16.530;FGBL SI 20241206 PS;SIMPLE_INSTRUMENT;EFS;EUR;2;133.57000000;181;EXCHANGE_LAST;;1;1;XEUR;10804524;688;
26.11.2024;08:25:33.001;FGBL SI 20241206 PS;SIMPLE_INSTRUMENT;EFS;EUR;3;133.68000000;230;EXCHANGE_LAST;;1;1;XEUR;10804524;688;
26.11.2024;08:31:28.971;FGBL SI 20241206 PS;SIMPLE_INSTRUMENT;EFS;EUR;4;133.63000000;216;EXCHANGE_LAST;;1;1;XEUR;10804524;688;
26.11.2024;08:40:44.303;FGBL SI 20241206 PS;SIMPLE_INSTRUMENT;EFS;EUR;5;133.64000000;432;EXCHANGE_LAST;;1;1;XEUR;10804524;688;
26.11.2024;08:41:53.917;FGBL SI 20241206 PS;SIMPLE_INSTRUMENT;EFS;EUR;6;133.64000000;29;EXCHANGE_LAST;;1;1;XEUR;10804524;688;
26.11.2024;08:47:13.979;FGBL SI 20241206 PS;SIMPLE_INSTRUMENT;EFS;EUR;7;133.61000000;432;EXCHANGE_LAST;;1;1;XEUR;10804524;688;
26.11.2024;08:49:00.312;FGBL SI 20241206 PS;SIMPLE_INSTRUMENT;EFS;EUR;8;133.63000000;432;EXCHANGE_LAST;;1;1;XEUR;10804524;688;
26.11.2024;08:57:07.925;FGBL SI 20241206 PS;SIMPLE_INSTRUMENT;EFS;EUR;9;133.66000000;469;EXCHANGE_LAST;;1;1;XEUR;10804524;688;
26.11.2024;09:05:11.977;FGBL SI 20241206 PS;SIMPLE_INSTRUMENT;EFS;EUR;10;133.57000000;532;EXCHANGE_LAST;;1;1;XEUR;10804524;688;
26.11.2024;09:15:37.170;FGBL SI 20241206 PS;SIMPLE_INSTRUMENT;EFS;EUR;11;133.48000000;432;EXCHANGE_LAST;;1;1;XEUR;10804524;688;
26.11.2024;09:16:35.694;FGBL SI 20241206 PS;SIMPLE_INSTRUMENT;EFS;EUR;12;133.49000000;130;EXCHANGE_LAST;;1;1;XEUR;10804524;688;
26.11.2024;09:17:25.979;FGBL SI 20241206 PS;SIMPLE_INSTRUMENT;EFS;EUR;13;133.48000000;432;EXCHANGE_LAST;;1;1;XEUR;10804524;688;
26.11.2024;09:20:20.820;FGBL SI 20241206 PS;SIMPLE_INSTRUMENT;EFS;EUR;14;133.48000000;922;EXCHANGE_LAST;;1;1;XEUR;10804524;688;
26.11.2024;09:20:37.738;FGBL SI 20241206 PS;SIMPLE_INSTRUMENT;EFS;EUR;15;133.56000000;160;EXCHANGE_LAST;;1;1;XEUR;10804524;688;
26.11.2024;09:40:19.423;FGBL SI 20241206 PS;SIMPLE_INSTRUMENT;EFP_FIN;EUR;16;133.46000000;387;EXCHANGE_LAST;;1;1;XEUR;10804524;688;
26.11.2024;09:40:39.956;FGBL SI 20241206 PS;SIMPLE_INSTRUMENT;EFP_FIN;EUR;17;133.50000000;168;EXCHANGE_LAST;;1;1;XEUR;10804524;688;
26.11.2024;09:55:46.473;FGBL SI 20241206 PS;SIMPLE_INSTRUMENT;EFP_FIN;EUR;18;133.55000000;211;EXCHANGE_LAST;;1;1;XEUR;10804524;688;
26.11.2024;09:54:07.136;FGBL SI 20241206 PS;SIMPLE_INSTRUMENT;EFP_FIN;EUR;19;133.51000000;80;EXCHANGE_LAST;;1;1;XEUR;10804524;688;
26.11.2024;09:54:10.914;FGBL SI 20241206 PS;SIMPLE_INSTRUMENT;EFS;EUR;20;133.51000000;432;EXCHANGE_LAST;;1;1;XEUR;10804524;688;
26.11.2024;09:55:36.186;FGBL SI 20241206 PS;SIMPLE_INSTRUMENT;EFS;EUR;21;133.54000000;216;EXCHANGE_LAST;;1;1;XEUR;10804524;688;
26.11.2024;09:56:16.211;FGBL SI 20241206 PS;SIMPLE_INSTRUMENT;EFS;EUR;22;133.54000000;216;EXCHANGE_LAST;;1;1;XEUR;10804524;688;
26.11.2024;09:57:47.768;FGBL SI 20241206 PS;SIMPLE_INSTRUMENT;EFS;EUR;23;133.50000000;460;EXCHANGE_LAST;;1;1;XEUR;10804524;688;
26.11.2024;10:06:52.548;FGBL SI 20250306 PS;SIMPLE_INSTRUMENT;EFS;EUR;24;135.07000000;131;EXCHANGE_LAST;;1;1;XEUR;11286679;688;
26.11.2024;10:07:39.153;FGBL SI 20241206 PS;SIMPLE_INSTRUMENT;EFP_FIN;EUR;25;133.58000000;775;EXCHANGE_LAST;;1;1;XEUR;10804524;688;
26.11.2024;10:09:40.960;FGBL SI 20241206 PS;SIMPLE_INSTRUMENT;EFS;EUR;26;133.58000000;968;EXCHANGE_LAST;;1;1;XEUR;10804524;688;
26.11.2024;10:13:07.901;FGBL SI 20241206 PS;SIMPLE_INSTRUMENT;EFS;EUR;27;133.61000000;432;EXCHANGE_LAST;;1;1;XEUR;10804524;688;
26.11.2024;10:14:42.705;FGBL SI 20241206 PS;SIMPLE_INSTRUMENT;EFP_FIN;EUR;28;133.59000000;775;EXCHANGE_LAST;;1;1;XEUR;10804524;688;
26.11.2024;10:16:38.022;FGBL SI 20241206 PS;SIMPLE_INSTRUMENT;EFS;EUR;29;133.61000000;216;EXCHANGE_LAST;;1;1;XEUR;10804524;688;
26.11.2024;10:17:43.068;FGBL SI 20241206 PS;SIMPLE_INSTRUMENT;EFS;EUR;30;133.56000000;432;EXCHANGE_LAST;;1;1;XEUR;10804524;688;
26.11.2024;10:21:09.139;FGBL SI 20241206 PS;SIMPLE_INSTRUMENT;EFS;EUR;31;133.58000000;1452;EXCHANGE_LAST;;1;1;XEUR;10804524;688;
26.11.2024;10:21:49.231;FGBL SI 20241206 PS;SIMPLE_INSTRUMENT;EFS;EUR;32;133.53000000;432;EXCHANGE_LAST;;1;1;XEUR;10804524;688;
26.11.2024;10:22:42.373;FGBL SI 20241206 PS;SIMPLE_INSTRUMENT;EFS;EUR;34;133.54000000;194;EXCHANGE_LAST;;1;1;XEUR;10804524;688;
26.11.2024;10:23:03.284;FGBL SI 20241206 PS;SIMPLE_INSTRUMENT;EFS;EUR;35;133.56000000;432;EXCHANGE_LAST;;1;1;XEUR;10804524;688;
26.11.2024;10:23:03.632;FGBL SI 20241206 PS;SIMPLE_INSTRUMENT;EFP_FIN;EUR;36;133.60000000;209;EXCHANGE_LAST;;1;1;XEUR;10804524;688;
26.11.2024;10:23:53.183;FGBL SI 20241206 PS;SIMPLE_INSTRUMENT;EFS;EUR;37;133.54000000;432;EXCHANGE_LAST;;1;1;XEUR;10804524;688;
26.11.2024;10:26:23.686;FGBL SI 20241206 PS;SIMPLE_INSTRUMENT;EFS;EUR;39;133.56000000;350;EXCHANGE_LAST;;1;1;XEUR;10804524;688;
26.11.2024;10:30:14.159;FGBL SI 20241206 PS;SIMPLE_INSTRUMENT;EFS;EUR;40;133.55000000;432;EXCHANGE_LAST;;1;1;XEUR;10804524;688;
26.11.2024;10:34:06.892;FGBL SI 20241206 PS;SIMPLE_INSTRUMENT;EFP_FIN;EUR;42;133.46000000;129;EXCHANGE_LAST;;1;1;XEUR;10804524;688;
26.11.2024;10:36:29.319;FGBL SI 20241206 PS;SIMPLE_INSTRUMENT;EFS;EUR;43;133.61000000;216;EXCHANGE_LAST;;1;1;XEUR;10804524;688;
26.11.2024;10:35:57.705;FGBL SI 20241206 PS;SIMPLE_INSTRUMENT;EFS;EUR;44;133.53000000;462;EXCHANGE_LAST;;1;1;XEUR;10804524;688;
26.11.2024;10:37:00.837;FGBL SI 20241206 PS;SIMPLE_INSTRUMENT;EFS;EUR;45;133.58000000;432;EXCHANGE_LAST;;1;1;XEUR;10804524;688;
26.11.2024;10:37:13.428;FGBL SI 20241206 PS;SIMPLE_INSTRUMENT;EFS;EUR;46;133.56000000;432;EXCHANGE_LAST;;1;1;XEUR;10804524;688;
26.11.2024;10:48:26.281;FGBL SI 20241206 PS;SIMPLE_INSTRUMENT;EFS;EUR;47;133.55000000;259;EXCHANGE_LAST;;1;1;XEUR;10804524;688;
26.11.2024;10:49:07.866;FGBL SI 20241206 PS;SIMPLE_INSTRUMENT;EFP_FIN;EUR;48;133.52000000;774;EXCHANGE_LAST;;1;1;XEUR;10804524;688;
26.11.2024;11:03:31.575;FGBL SI 20241206 PS;SIMPLE_INSTRUMENT;EFP_FIN;EUR;49;133.55000000;123;EXCHANGE_LAST;;1;1;XEUR;10804524;688;
26.11.2024;10:52:33.411;FGBL SI 20241206 PS;SIMPLE_INSTRUMENT;EFP_FIN;EUR;50;133.55000000;75;EXCHANGE_LAST;;1;1;XEUR;10804524;688;
26.11.2024;10:57:37.422;FGBL SI 20241206 PS;SIMPLE_INSTRUMENT;EFS;EUR;51;133.58000000;920;EXCHANGE_LAST;;1;1;XEUR;10804524;688;
26.11.2024;10:59:42.697;FGBL SI 20241206 PS;SIMPLE_INSTRUMENT;EFS;EUR;52;133.62000000;432;EXCHANGE_LAST;;1;1;XEUR;10804524;688;
26.11.2024;11:01:23.887;FGBL SI 20241206 PS;SIMPLE_INSTRUMENT;EFS;EUR;53;133.60000000;250;EXCHANGE_LAST;;1;1;XEUR;10804524;688;
26.11.2024;11:01:09.827;FGBL SI 20241206 PS;SIMPLE_INSTRUMENT;EFP_FIN;EUR;54;133.54000000;2324;EXCHANGE_LAST;;1;1;XEUR;10804524;688;
26.11.2024;11:09:56.375;FGBL SI 20241206 PS;SIMPLE_INSTRUMENT;EFP_FIN;EUR;55;133.60000000;1689;EXCHANGE_LAST;;1;1;XEUR;10804524;688;
26.11.2024;11:11:15.846;FGBL SI 20241206 PS;SIMPLE_INSTRUMENT;EFP_FIN;EUR;56;133.60000000;581;EXCHANGE_LAST;;1;1;XEUR;10804524;688;
26.11.2024;11:11:45.459;FGBL SI 20241206 PS;SIMPLE_INSTRUMENT;EFP_FIN;EUR;57;133.61000000;1162;EXCHANGE_LAST;;1;1;XEUR;10804524;688;
26.11.2024;11:12:24.528;FGBL SI 20241206 PS;SIMPLE_INSTRUMENT;EFP_FIN;EUR;58;133.50000000;1550;EXCHANGE_LAST;;1;1;XEUR;10804524;688;
26.11.2024;11:19:39.854;FGBL SI 20241206 PS;SIMPLE_INSTRUMENT;EFP_FIN;EUR;59;133.61000000;775;EXCHANGE_LAST;;1;1;XEUR;10804524;688;
26.11.2024;11:17:46.848;FGBL SI 20241206 PS;SIMPLE_INSTRUMENT;EFP_FIN;EUR;60;133.67000000;775;EXCHANGE_LAST;;1;1;XEUR;10804524;688;
26.11.2024;11:19:32.476;FGBL SI 20241206 PS;SIMPLE_INSTRUMENT;EFP_FIN;EUR;61;133.55000000;914;EXCHANGE_LAST;;1;1;XEUR;10804524;688;
26.11.2024;11:23:34.930;FGBL SI 20241206 PS;SIMPLE_INSTRUMENT;EFS;EUR;62;133.66000000;242;EXCHANGE_LAST;;1;1;XEUR;10804524;688;
26.11.2024;11:28:12.410;FGBL SI 20241206 PS;SIMPLE_INSTRUMENT;EFS;EUR;63;133.65000000;1468;EXCHANGE_LAST;;1;1;XEUR;10804524;688;
26.11.2024;11:28:30.445;FGBL SI 20241206 PS;SIMPLE_INSTRUMENT;EFP_FIN;EUR;64;133.62000000;581;EXCHANGE_LAST;;1;1;XEUR;10804524;688;
26.11.2024;11:46:06.206;FGBL SI 20241206 PS;SIMPLE_INSTRUMENT;EFS;EUR;65;133.67000000;483;EXCHANGE_LAST;;1;1;XEUR;10804524;688;
26.11.2024;11:46:41.413;FGBL SI 20241206 PS;SIMPLE_INSTRUMENT;EFS;EUR;66;133.65000000;461;EXCHANGE_LAST;;1;1;XEUR;10804524;688;
26.11.2024;11:47:46.533;FGBL SI 20241206 PS;SIMPLE_INSTRUMENT;EFS;EUR;67;133.62000000;432;EXCHANGE_LAST;;1;1;XEUR;10804524;688;
26.11.2024;11:55:49.361;FGBL SI 20241206 PS;SIMPLE_INSTRUMENT;EFP_FIN;EUR;68;133.69000000;255;EXCHANGE_LAST;;1;1;XEUR;10804524;688;
26.11.2024;12:01:48.046;FGBL SI 20241206 PS;SIMPLE_INSTRUMENT;EFS;EUR;69;133.68000000;210;EXCHANGE_LAST;;1;1;XEUR;10804524;688;
26.11.2024;12:08:13.682;FGBL SI 20241206 PS;SIMPLE_INSTRUMENT;EFS;EUR;70;133.66000000;216;EXCHANGE_LAST;;1;1;XEUR;10804524;688;
26.11.2024;12:10:22.616;FGBL SI 20241206 PS;SIMPLE_INSTRUMENT;EFS;EUR;71;133.63000000;648;EXCHANGE_LAST;;1;1;XEUR;10804524;688;
26.11.2024;12:11:09.857;FGBL SI 20241206 PS;SIMPLE_INSTRUMENT;EFS;EUR;72;133.66000000;216;EXCHANGE_LAST;;1;1;XEUR;10804524;688;
26.11.2024;12:16:06.097;FGBL SI 20241206 PS;SIMPLE_INSTRUMENT;EFP_FIN;EUR;73;133.62000000;75;EXCHANGE_LAST;;1;1;XEUR;10804524;688;
26.11.2024;12:16:45.568;FGBL SI 20241206 PS;SIMPLE_INSTRUMENT;EFS;EUR;74;133.66000000;250;EXCHANGE_LAST;;1;1;XEUR;10804524;688;
26.11.2024;12:17:04.641;FGBL SI 20241206 PS;SIMPLE_INSTRUMENT;EFS;EUR;75;133.66000000;613;EXCHANGE_LAST;;1;1;XEUR;10804524;688;
26.11.2024;12:19:19.733;FGBL SI 20241206 PS;SIMPLE_INSTRUMENT;EFS;EUR;76;133.70000000;432;EXCHANGE_LAST;;1;1;XEUR;10804524;688;
26.11.2024;12:27:14.850;FGBL SI 20241206 PS;SIMPLE_INSTRUMENT;EFP_FIN;EUR;77;133.66000000;232;EXCHANGE_LAST;;1;1;XEUR;10804524;688;
26.11.2024;12:27:25.373;FGBL SI 20241206 PS;SIMPLE_INSTRUMENT;EFS;EUR;78;133.73000000;75;EXCHANGE_LAST;;1;1;XEUR;10804524;688;
26.11.2024;12:29:26.143;FGBL SI 20241206 PS;SIMPLE_INSTRUMENT;EFS;EUR;80;133.72000000;216;EXCHANGE_LAST;;1;1;XEUR;10804524;688;
26.11.2024;12:29:39.022;FGBL SI 20241206 PS;SIMPLE_INSTRUMENT;EFP_FIN;EUR;81;133.51000000;387;EXCHANGE_LAST;;1;1;XEUR;10804524;688;
26.11.2024;12:31:51.362;FGBL SI 20241206 PS;SIMPLE_INSTRUMENT;EFS;EUR;82;133.70000000;432;EXCHANGE_LAST;;1;1;XEUR;10804524;688;
26.11.2024;12:35:35.882;FGBL SI 20241206 PS;SIMPLE_INSTRUMENT;EFP_FIN;EUR;83;133.66000000;327;EXCHANGE_LAST;;1;1;XEUR;10804524;688;
26.11.2024;12:38:24.745;FGBL SI 20241206 PS;SIMPLE_INSTRUMENT;EFS;EUR;84;133.72000000;431;EXCHANGE_LAST;;1;1;XEUR;10804524;688;
26.11.2024;12:48:16.629;FGBL SI 20241206 PS;SIMPLE_INSTRUMENT;EFS;EUR;85;133.69000000;259;EXCHANGE_LAST;;1;1;XEUR;10804524;688;
26.11.2024;12:49:47.047;FGBL SI 20241206 PS;SIMPLE_INSTRUMENT;EFS;EUR;86;133.69000000;432;EXCHANGE_LAST;;1;1;XEUR;10804524;688;
26.11.2024;13:14:19.705;FGBL SI 20241206 PS;SIMPLE_INSTRUMENT;EFS;EUR;87;133.73000000;302;EXCHANGE_LAST;;1;1;XEUR;10804524;688;
26.11.2024;13:15:53.459;FGBL SI 20241206 PS;SIMPLE_INSTRUMENT;EFP_FIN;EUR;88;133.76000000;937;EXCHANGE_LAST;;1;1;XEUR;10804524;688;
26.11.2024;13:20:51.224;FGBL SI 20241206 PS;SIMPLE_INSTRUMENT;EFS;EUR;89;133.70000000;432;EXCHANGE_LAST;;1;1;XEUR;10804524;688;
26.11.2024;13:25:17.292;FGBL SI 20241206 PS;SIMPLE_INSTRUMENT;EFS;EUR;90;133.70000000;345;EXCHANGE_LAST;;1;1;XEUR;10804524;688;
26.11.2024;13:25:25.405;FGBL SI 20241206 PS;SIMPLE_INSTRUMENT;EFS;EUR;91;133.66000000;432;EXCHANGE_LAST;;1;1;XEUR;10804524;688;
26.11.2024;13:27:25.469;FGBL SI 20241206 PS;SIMPLE_INSTRUMENT;EFS;EUR;92;133.63000000;432;EXCHANGE_LAST;;1;1;XEUR;10804524;688;
26.11.2024;13:29:00.546;FGBL SI 20241206 PS;SIMPLE_INSTRUMENT;EFS;EUR;93;133.64000000;529;EXCHANGE_LAST;;1;1;XEUR;10804524;688;
26.11.2024;13:29:13.484;FGBL SI 20241206 PS;SIMPLE_INSTRUMENT;EFS;EUR;94;133.71000000;242;EXCHANGE_LAST;;1;1;XEUR;10804524;688;
26.11.2024;13:38:28.865;FGBL SI 20241206 PS;SIMPLE_INSTRUMENT;EFP_FIN;EUR;95;133.69000000;51;EXCHANGE_LAST;;1;1;XEUR;10804524;688;
26.11.2024;13:31:41.834;FGBL SI 20241206 PS;SIMPLE_INSTRUMENT;EFS;EUR;96;133.68000000;30;EXCHANGE_LAST;;1;1;XEUR;10804524;688;
26.11.2024;13:37:08.908;FGBL SI 20241206 PS;SIMPLE_INSTRUMENT;EFS;EUR;97;133.67000000;30;EXCHANGE_LAST;;1;1;XEUR;10804524;688;
26.11.2024;13:36:17.831;FGBL SI 20241206 PS;SIMPLE_INSTRUMENT;EFS;EUR;98;133.66000000;302;EXCHANGE_LAST;;1;1;XEUR;10804524;688;
26.11.2024;13:37:39.834;FGBL SI 20241206 PS;SIMPLE_INSTRUMENT;EFP_FIN;EUR;99;133.63000000;925;EXCHANGE_LAST;;1;1;XEUR;10804524;688;
26.11.2024;13:40:46.188;FGBL SI 20241206 PS;SIMPLE_INSTRUMENT;EFS;EUR;100;133.75000000;432;EXCHANGE_LAST;;1;1;XEUR;10804524;688;
26.11.2024;13:46:28.230;FGBL SI 20241206 PS;SIMPLE_INSTRUMENT;EFS;EUR;101;133.69000000;432;EXCHANGE_LAST;;1;1;XEUR;10804524;688;
26.11.2024;13:46:38.240;FGBL SI 20241206 PS;SIMPLE_INSTRUMENT;EFS;EUR;102;133.69000000;432;EXCHANGE_LAST;;1;1;XEUR;10804524;688;
26.11.2024;13:47:18.272;FGBL SI 20241206 PS;SIMPLE_INSTRUMENT;EFS;EUR;103;133.69000000;432;EXCHANGE_LAST;;1;1;XEUR;10804524;688;
26.11.2024;13:47:34.389;FGBL SI 20241206 PS;SIMPLE_INSTRUMENT;EFP_FIN;EUR;104;133.71000000;125;EXCHANGE_LAST;;1;1;XEUR;10804524;688;
26.11.2024;13:48:28.319;FGBL SI 20241206 PS;SIMPLE_INSTRUMENT;EFS;EUR;105;133.69000000;432;EXCHANGE_LAST;;1;1;XEUR;10804524;688;
26.11.2024;13:48:48.334;FGBL SI 20241206 PS;SIMPLE_INSTRUMENT;EFS;EUR;106;133.69000000;432;EXCHANGE_LAST;;1;1;XEUR;10804524;688;
26.11.2024;13:51:13.431;FGBL SI 20241206 PS;SIMPLE_INSTRUMENT;EFS;EUR;107;133.72000000;432;EXCHANGE_LAST;;1;1;XEUR;10804524;688;
26.11.2024;13:53:25.773;FGBL SI 20241206 PS;SIMPLE_INSTRUMENT;EFS;EUR;108;133.68000000;489;EXCHANGE_LAST;;1;1;XEUR;10804524;688;
26.11.2024;13:53:58.535;FGBL SI 20241206 PS;SIMPLE_INSTRUMENT;EFS;EUR;109;133.70000000;432;EXCHANGE_LAST;;1;1;XEUR;10804524;688;
26.11.2024;13:57:13.667;FGBL SI 20241206 PS;SIMPLE_INSTRUMENT;EFS;EUR;110;133.67000000;173;EXCHANGE_LAST;;1;1;XEUR;10804524;688;
26.11.2024;13:57:14.669;FGBL SI 20241206 PS;SIMPLE_INSTRUMENT;EFS;EUR;111;133.69000000;432;EXCHANGE_LAST;;1;1;XEUR;10804524;688;
26.11.2024;13:59:35.535;FGBL SI 20241206 PS;SIMPLE_INSTRUMENT;EFS;EUR;112;133.69000000;697;EXCHANGE_LAST;;1;1;XEUR;10804524;688;
26.11.2024;14:04:53.308;FGBL SI 20241206 PS;SIMPLE_INSTRUMENT;EFP_FIN;EUR;113;133.69000000;650;EXCHANGE_LAST;;1;1;XEUR;10804524;688;
26.11.2024;14:07:59.317;FGBL SI 20241206 PS;SIMPLE_INSTRUMENT;EFS;EUR;114;133.73000000;370;EXCHANGE_LAST;;1;1;XEUR;10804524;688;
26.11.2024;14:08:49.340;FGBL SI 20241206 PS;SIMPLE_INSTRUMENT;EFS;EUR;115;133.70000000;370;EXCHANGE_LAST;;1;1;XEUR;10804524;688;
26.11.2024;14:17:37.291;FGBL SI 20241206 PS;SIMPLE_INSTRUMENT;EFS;EUR;116;133.69000000;489;EXCHANGE_LAST;;1;1;XEUR;10804524;688;
26.11.2024;14:19:10.632;FGBL SI 20241206 PS;SIMPLE_INSTRUMENT;EFS;EUR;117;133.64000000;432;EXCHANGE_LAST;;1;1;XEUR;10804524;688;
26.11.2024;14:23:18.033;FGBL SI 20241206 PS;SIMPLE_INSTRUMENT;EFS;EUR;118;133.67000000;216;EXCHANGE_LAST;;1;1;XEUR;10804524;688;
26.11.2024;14:26:18.641;FGBL SI 20241206 PS;SIMPLE_INSTRUMENT;EFS;EUR;119;133.66000000;461;EXCHANGE_LAST;;1;1;XEUR;10804524;688;
26.11.2024;14:27:11.947;FGBL SI 20241206 PS;SIMPLE_INSTRUMENT;EFS;EUR;120;133.63000000;432;EXCHANGE_LAST;;1;1;XEUR;10804524;688;
26.11.2024;14:31:33.884;FGBL SI 20241206 PS;SIMPLE_INSTRUMENT;EFP_FIN;EUR;121;133.67000000;775;EXCHANGE_LAST;;1;1;XEUR;10804524;688;
26.11.2024;14:32:58.889;FGBL SI 20241206 PS;SIMPLE_INSTRUMENT;EFS;EUR;122;133.60000000;181;EXCHANGE_LAST;;1;1;XEUR;10804524;688;
26.11.2024;14:32:57.503;FGBL SI 20241206 PS;SIMPLE_INSTRUMENT;EFS;EUR;123;133.70000000;725;EXCHANGE_LAST;;1;1;XEUR;10804524;688;
26.11.2024;14:32:58.225;FGBL SI 20241206 PS;SIMPLE_INSTRUMENT;EFS;EUR;124;133.61000000;216;EXCHANGE_LAST;;1;1;XEUR;10804524;688;
26.11.2024;14:33:58.280;FGBL SI 20241206 PS;SIMPLE_INSTRUMENT;EFS;EUR;125;133.63000000;242;EXCHANGE_LAST;;1;1;XEUR;10804524;688;
26.11.2024;14:38:01.878;FGBL SI 20241206 PS;SIMPLE_INSTRUMENT;EFP_FIN;EUR;126;133.65000000;381;EXCHANGE_LAST;;1;1;XEUR;10804524;688;
26.11.2024;14:49:37.949;FGBL SI 20241206 PS;SIMPLE_INSTRUMENT;EFP_FIN;EUR;127;133.62000000;82;EXCHANGE_LAST;;1;1;XEUR;10804524;688;
26.11.2024;14:38:39.657;FGBL SI 20241206 PS;SIMPLE_INSTRUMENT;EFS;EUR;128;133.66000000;2902;EXCHANGE_LAST;;1;1;XEUR;10804524;688;
26.11.2024;14:42:49.229;FGBL SI 20241206 PS;SIMPLE_INSTRUMENT;EFS;EUR;129;133.60000000;646;EXCHANGE_LAST;;1;1;XEUR;10804524;688;
26.11.2024;14:44:13.277;FGBL SI 20241206 PS;SIMPLE_INSTRUMENT;EFP_FIN;EUR;130;133.63000000;2642;EXCHANGE_LAST;;1;1;XEUR;10804524;688;
26.11.2024;14:44:59.446;FGBL SI 20241206 PS;SIMPLE_INSTRUMENT;EFP_FIN;EUR;131;133.60000000;294;EXCHANGE_LAST;;1;1;XEUR;10804524;688;
26.11.2024;14:47:09.496;FGBL SI 20241206 PS;SIMPLE_INSTRUMENT;EFS;EUR;132;133.61000000;800;EXCHANGE_LAST;;1;1;XEUR;10804524;688;
26.11.2024;14:48:23.933;FGBL SI 20241206 PS;SIMPLE_INSTRUMENT;EFS;EUR;133;133.66000000;230;EXCHANGE_LAST;;1;1;XEUR;10804524;688;
26.11.2024;14:50:39.278;FGBL SI 20241206 PS;SIMPLE_INSTRUMENT;EFP_FIN;EUR;134;133.60000000;295;EXCHANGE_LAST;;1;1;XEUR;10804524;688;
26.11.2024;14:51:48.880;FGBL SI 20241206 PS;SIMPLE_INSTRUMENT;EFS;EUR;135;133.56000000;242;EXCHANGE_LAST;;1;1;XEUR;10804524;688;
26.11.2024;14:52:41.142;FGBL SI 20241206 PS;SIMPLE_INSTRUMENT;EFP_FIN;EUR;136;133.56000000;3099;EXCHANGE_LAST;;1;1;XEUR;10804524;688;
26.11.2024;14:52:57.379;FGBL SI 20241206 PS;SIMPLE_INSTRUMENT;EFS;EUR;137;133.55000000;216;EXCHANGE_LAST;;1;1;XEUR;10804524;688;
26.11.2024;15:01:11.723;FGBL SI 20241206 PS;SIMPLE_INSTRUMENT;EFS;EUR;138;133.56000000;230;EXCHANGE_LAST;;1;1;XEUR;10804524;688;
26.11.2024;15:13:07.801;FGBL SI 20241206 PS;SIMPLE_INSTRUMENT;EFS;EUR;139;133.56000000;485;EXCHANGE_LAST;;1;1;XEUR;10804524;688;
26.11.2024;15:17:53.996;FGBL SI 20241206 PS;SIMPLE_INSTRUMENT;EFP_FIN;EUR;140;133.65000000;775;EXCHANGE_LAST;;1;1;XEUR;10804524;688;
26.11.2024;15:19:34.407;FGBL SI 20241206 PS;SIMPLE_INSTRUMENT;EFP_FIN;EUR;141;133.56000000;237;EXCHANGE_LAST;;1;1;XEUR;10804524;688;
26.11.2024;15:22:04.390;FGBL SI 20241206 PS;SIMPLE_INSTRUMENT;EFS;EUR;142;133.47000000;484;EXCHANGE_LAST;;1;1;XEUR;10804524;688;
26.11.2024;15:23:24.585;FGBL SI 20241206 PS;SIMPLE_INSTRUMENT;EFS;EUR;143;133.49000000;484;EXCHANGE_LAST;;1;1;XEUR;10804524;688;
26.11.2024;15:24:00.858;FGBL SI 20241206 PS;SIMPLE_INSTRUMENT;EFS;EUR;144;133.49000000;68;EXCHANGE_LAST;;1;1;XEUR;10804524;688;
26.11.2024;15:25:50.344;FGBL SI 20241206 PS;SIMPLE_INSTRUMENT;EFS;EUR;145;133.48000000;484;EXCHANGE_LAST;;1;1;XEUR;10804524;688;
26.11.2024;15:27:45.852;FGBL SI 20241206 PS;SIMPLE_INSTRUMENT;EFS;EUR;146;133.48000000;484;EXCHANGE_LAST;;1;1;XEUR;10804524;688;
26.11.2024;15:33:24.063;FGBL SI 20241206 PS;SIMPLE_INSTRUMENT;EFS;EUR;147;133.47000000;387;EXCHANGE_LAST;;1;1;XEUR;10804524;688;
26.11.2024;15:34:46.174;FGBL SI 20241206 PS;SIMPLE_INSTRUMENT;EFS;EUR;148;133.49000000;1500;EXCHANGE_LAST;;1;1;XEUR;10804524;688;
26.11.2024;15:36:00.133;FGBL SI 20250306 PS;SIMPLE_INSTRUMENT;EFS;EUR;149;135.02000000;1500;EXCHANGE_LAST;;1;1;XEUR;11286679;688;
26.11.2024;15:37:43.121;FGBL SI 20241206 PS;SIMPLE_INSTRUMENT;EFP_FIN;EUR;150;133.44000000;249;EXCHANGE_LAST;;1;1;XEUR;10804524;688;
26.11.2024;15:37:57.520;FGBL SI 20241206 PS;SIMPLE_INSTRUMENT;EFP_FIN;EUR;151;133.63000000;989;EXCHANGE_LAST;;1;1;XEUR;10804524;688;
26.11.2024;15:39:03.061;FGBL SI 20241206 PS;SIMPLE_INSTRUMENT;EFP_FIN;EUR;152;133.58000000;775;EXCHANGE_LAST;;1;1;XEUR;10804524;688;
26.11.2024;15:45:14.913;FGBL SI 20241206 PS;SIMPLE_INSTRUMENT;EFP_FIN;EUR;153;133.47000000;202;EXCHANGE_LAST;;1;1;XEUR;10804524;688;
26.11.2024;15:51:00.143;FGBL SI 20241206 PS;SIMPLE_INSTRUMENT;EFS;EUR;154;133.53000000;432;EXCHANGE_LAST;;1;1;XEUR;10804524;688;
26.11.2024;15:56:36.110;FGBL SI 20241206 PS;SIMPLE_INSTRUMENT;EFP_FIN;EUR;155;133.50000000;194;EXCHANGE_LAST;;1;1;XEUR;10804524;688;
26.11.2024;15:57:16.600;FGBL SI 20241206 PS;SIMPLE_INSTRUMENT;EFP_FIN;EUR;156;133.50000000;969;EXCHANGE_LAST;;1;1;XEUR;10804524;688;
26.11.2024;16:02:53.708;FGBL SI 20241206 PS;SIMPLE_INSTRUMENT;EFS;EUR;157;133.52000000;865;EXCHANGE_LAST;;1;1;XEUR;10804524;688;
26.11.2024;16:04:07.671;FGBL SI 20241206 PS;SIMPLE_INSTRUMENT;EFP_FIN;EUR;158;133.53000000;589;EXCHANGE_LAST;;1;1;XEUR;10804524;688;
26.11.2024;16:04:38.094;FGBL SI 20241206 PS;SIMPLE_INSTRUMENT;EFS;EUR;159;133.48000000;200;EXCHANGE_LAST;;1;1;XEUR;10804524;688;
26.11.2024;16:08:22.834;FGBL SI 20241206 PS;SIMPLE_INSTRUMENT;EFP_FIN;EUR;160;133.60000000;775;EXCHANGE_LAST;;1;1;XEUR;10804524;688;
26.11.2024;16:18:55.914;FGBL SI 20241206 PS;SIMPLE_INSTRUMENT;EFS;EUR;161;133.55000000;216;EXCHANGE_LAST;;1;1;XEUR;10804524;688;
26.11.2024;16:19:31.357;FGBL SI 20241206 PS;SIMPLE_INSTRUMENT;EFS;EUR;162;133.55000000;242;EXCHANGE_LAST;;1;1;XEUR;10804524;688;
26.11.2024;16:20:02.335;FGBL SI 20241206 PS;SIMPLE_INSTRUMENT;EFS;EUR;163;133.61000000;1663;EXCHANGE_LAST;;1;1;XEUR;10804524;688;
26.11.2024;16:28:57.702;FGBL SI 20241206 PS;SIMPLE_INSTRUMENT;EFS;EUR;164;133.64000000;324;EXCHANGE_LAST;;1;1;XEUR;10804524;688;
26.11.2024;16:40:56.464;FGBL SI 20241206 PS;SIMPLE_INSTRUMENT;EFP_FIN;EUR;165;133.54000000;1162;EXCHANGE_LAST;;1;1;XEUR;10804524;688;
26.11.2024;16:43:18.340;FGBL SI 20241206 PS;SIMPLE_INSTRUMENT;EFS;EUR;166;133.57000000;7500;EXCHANGE_LAST;;1;1;XEUR;10804524;688;
26.11.2024;16:43:24.459;FGBL SI 20241206 PS;SIMPLE_INSTRUMENT;EFS;EUR;167;133.73000000;431;EXCHANGE_LAST;;1;1;XEUR;10804524;688;
26.11.2024;16:43:44.078;FGBL SI 20241206 PS;SIMPLE_INSTRUMENT;EFS;EUR;168;133.73000000;431;EXCHANGE_LAST;;1;1;XEUR;10804524;688;
26.11.2024;16:43:48.956;FGBL SI 20241206 PS;SIMPLE_INSTRUMENT;EFP_FIN;EUR;169;133.63000000;3689;EXCHANGE_LAST;;1;1;XEUR;10804524;688;
26.11.2024;16:50:23.398;FGBL SI 20241206 PS;SIMPLE_INSTRUMENT;EFS;EUR;170;133.74000000;483;EXCHANGE_LAST;;1;1;XEUR;10804524;688;
26.11.2024;16:56:46.795;FGBL SI 20241206 PS;SIMPLE_INSTRUMENT;EFS;EUR;171;133.71000000;461;EXCHANGE_LAST;;1;1;XEUR;10804524;688;
26.11.2024;17:02:23.358;FGBL SI 20241206 PS;SIMPLE_INSTRUMENT;EFS;EUR;172;133.72000000;300;EXCHANGE_LAST;;1;1;XEUR;10804524;688;
26.11.2024;17:11:48.474;FGBL SI 20241206 PS;SIMPLE_INSTRUMENT;EFS;EUR;173;133.78000000;145;EXCHANGE_LAST;;1;1;XEUR;10804524;688;
26.11.2024;17:12:47.004;FGBL SI 20250306 PS;SIMPLE_INSTRUMENT;EFS;EUR;174;135.30000000;919;EXCHANGE_LAST;;1;1;XEUR;11286679;688;
26.11.2024;17:19:41.004;FGBL SI 20241206 PS;SIMPLE_INSTRUMENT;EFS;EUR;175;133.78000000;86;EXCHANGE_LAST;;1;1;XEUR;10804524;688;
26.11.2024;17:22:09.972;FGBL SI 20241206 PS;SIMPLE_INSTRUMENT;EFS;EUR;176;133.78000000;345;EXCHANGE_LAST;;1;1;XEUR;10804524;688;
26.11.2024;17:22:32.934;FGBL SI 20241206 PS;SIMPLE_INSTRUMENT;EFS;EUR;177;133.80000000;431;EXCHANGE_LAST;;1;1;XEUR;10804524;688;
26.11.2024;17:23:49.208;FGBL SI 20241206 PS;SIMPLE_INSTRUMENT;EFS;EUR;178;133.82000000;215;EXCHANGE_LAST;;1;1;XEUR;10804524;688;
26.11.2024;17:25:22.914;FGBL SI 20241206 PS;SIMPLE_INSTRUMENT;EFS;EUR;179;133.84000000;215;EXCHANGE_LAST;;1;1;XEUR;10804524;688;
26.11.2024;17:34:38.289;FGBL SI 20241206 PS;SIMPLE_INSTRUMENT;EFS;EUR;180;133.75000000;923;EXCHANGE_LAST;;1;1;XEUR;10804524;688;
26.11.2024;10:02:38.365;FGBL SI 20241206 PS;SIMPLE_INSTRUMENT;VOLA;EUR;268435472;133.52000000;950;EXCHANGE_LAST;;1;1;XEUR;10804524;688;
26.11.2024;11:55:18.379;FGBL SI 20241206 PS;SIMPLE_INSTRUMENT;VOLA;EUR;268435480;133.63000000;65;EXCHANGE_LAST;;1;1;XEUR;10804524;688;
26.11.2024;12:39:59.992;FGBL SI 20241206 PS;SIMPLE_INSTRUMENT;VOLA;EUR;268435489;133.66000000;210;EXCHANGE_LAST;;1;1;XEUR;10804524;688;
26.11.2024;14:02:49.289;FGBL SI 20241206 PS;SIMPLE_INSTRUMENT;VOLA;EUR;268435502;133.67000000;40;EXCHANGE_LAST;;1;1;XEUR;10804524;688;
26.11.2024;14:49:57.829;FGBL SI 20241206 PS;SIMPLE_INSTRUMENT;VOLA;EUR;268435511;133.68000000;31;EXCHANGE_LAST;;1;1;XEUR;10804524;688;
26.11.2024;14:49:58.461;FGBL SI 20241206 PS;SIMPLE_INSTRUMENT;VOLA;EUR;268435512;133.68000000;31;EXCHANGE_LAST;;1;1;XEUR;10804524;688;
26.11.2024;16:29:06.143;FGBL SI 20241206 PS;SIMPLE_INSTRUMENT;VOLA;EUR;268435526;133.49000000;112;EXCHANGE_LAST;;1;1;XEUR;10804524;688;
26.11.2024;08:31:53.877;FGBM SI 20241206 PS;SIMPLE_INSTRUMENT;EFS;EUR;1;119.26000000;71;EXCHANGE_LAST;;1;1;XEUR;10804525;689;
26.11.2024;08:26:10.747;FGBM SI 20241206 PS;SIMPLE_INSTRUMENT;EFP_FIN;EUR;2;119.27000000;428;EXCHANGE_LAST;;1;1;XEUR;10804525;689;
26.11.2024;08:31:02.746;FGBM SI 20241206 PS;SIMPLE_INSTRUMENT;EFP_FIN;EUR;3;119.26000000;428;EXCHANGE_LAST;;1;1;XEUR;10804525;689;
26.11.2024;08:32:40.189;FGBM SI 20241206 PS;SIMPLE_INSTRUMENT;EFP_FIN;EUR;4;119.26000000;856;EXCHANGE_LAST;;1;1;XEUR;10804525;689;
26.11.2024;08:37:23.377;FGBM SI 20241206 PS;SIMPLE_INSTRUMENT;EFP_FIN;EUR;5;119.26000000;1284;EXCHANGE_LAST;;1;1;XEUR;10804525;689;
26.11.2024;08:40:59.316;FGBM SI 20241206 PS;SIMPLE_INSTRUMENT;EFS;EUR;6;119.29000000;867;EXCHANGE_LAST;;1;1;XEUR;10804525;689;
26.11.2024;08:48:12.956;FGBM SI 20241206 PS;SIMPLE_INSTRUMENT;EFP_FIN;EUR;7;119.30000000;214;EXCHANGE_LAST;;1;1;XEUR;10804525;689;
26.11.2024;08:57:32.605;FGBM SI 20241206 PS;SIMPLE_INSTRUMENT;EFP_FIN;EUR;8;119.30000000;428;EXCHANGE_LAST;;1;1;XEUR;10804525;689;
26.11.2024;08:48:31.520;FGBM SI 20241206 PS;SIMPLE_INSTRUMENT;EFP_FIN;EUR;9;119.30000000;428;EXCHANGE_LAST;;1;1;XEUR;10804525;689;
26.11.2024;08:51:11.774;FGBM SI 20241206 PS;SIMPLE_INSTRUMENT;EFP_FIN;EUR;10;119.28000000;428;EXCHANGE_LAST;;1;1;XEUR;10804525;689;
26.11.2024;08:51:35.936;FGBM SI 20241206 PS;SIMPLE_INSTRUMENT;EFS;EUR;11;119.28000000;925;EXCHANGE_LAST;;1;1;XEUR;10804525;689;
26.11.2024;08:54:02.944;FGBM SI 20241206 PS;SIMPLE_INSTRUMENT;EFP_FIN;EUR;12;119.31000000;877;EXCHANGE_LAST;;1;1;XEUR;10804525;689;
26.11.2024;08:54:17.038;FGBM SI 20241206 PS;SIMPLE_INSTRUMENT;EFS;EUR;13;119.26000000;433;EXCHANGE_LAST;;1;1;XEUR;10804525;689;
26.11.2024;08:57:06.290;FGBM SI 20241206 PS;SIMPLE_INSTRUMENT;EFS;EUR;14;119.27000000;867;EXCHANGE_LAST;;1;1;XEUR;10804525;689;
26.11.2024;09:03:41.026;FGBM SI 20241206 PS;SIMPLE_INSTRUMENT;EFS;EUR;15;119.24000000;433;EXCHANGE_LAST;;1;1;XEUR;10804525;689;
26.11.2024;09:05:22.978;FGBM SI 20241206 PS;SIMPLE_INSTRUMENT;EFS;EUR;16;119.26000000;1018;EXCHANGE_LAST;;1;1;XEUR;10804525;689;
26.11.2024;09:04:32.450;FGBM SI 20241206 PS;SIMPLE_INSTRUMENT;EFS;EUR;17;119.25000000;433;EXCHANGE_LAST;;1;1;XEUR;10804525;689;
26.11.2024;09:06:04.971;FGBM SI 20241206 PS;SIMPLE_INSTRUMENT;EFP_FIN;EUR;18;119.30000000;214;EXCHANGE_LAST;;1;1;XEUR;10804525;689;
26.11.2024;09:06:28.107;FGBM SI 20241206 PS;SIMPLE_INSTRUMENT;EFP_FIN;EUR;19;119.30000000;214;EXCHANGE_LAST;;1;1;XEUR;10804525;689;
26.11.2024;09:11:53.643;FGBM SI 20241206 PS;SIMPLE_INSTRUMENT;EFP_FIN;EUR;20;119.23000000;214;EXCHANGE_LAST;;1;1;XEUR;10804525;689;
26.11.2024;09:27:52.986;FGBM SI 20241206 PS;SIMPLE_INSTRUMENT;EFP_FIN;EUR;21;119.26000000;214;EXCHANGE_LAST;;1;1;XEUR;10804525;689;
26.11.2024;09:28:42.704;FGBM SI 20241206 PS;SIMPLE_INSTRUMENT;EFP_FIN;EUR;22;119.26000000;642;EXCHANGE_LAST;;1;1;XEUR;10804525;689;
26.11.2024;09:29:48.322;FGBM SI 20241206 PS;SIMPLE_INSTRUMENT;EFP_FIN;EUR;23;119.19000000;428;EXCHANGE_LAST;;1;1;XEUR;10804525;689;
26.11.2024;09:29:56.594;FGBM SI 20241206 PS;SIMPLE_INSTRUMENT;EFS;EUR;24;119.20000000;1852;EXCHANGE_LAST;;1;1;XEUR;10804525;689;
26.11.2024;09:32:55.581;FGBM SI 20241206 PS;SIMPLE_INSTRUMENT;EFS;EUR;25;119.19000000;1852;EXCHANGE_LAST;;1;1;XEUR;10804525;689;
26.11.2024;09:35:44.537;FGBM SI 20241206 PS;SIMPLE_INSTRUMENT;EFS;EUR;26;119.21000000;1852;EXCHANGE_LAST;;1;1;XEUR;10804525;689;
26.11.2024;09:35:44.012;FGBM SI 20241206 PS;SIMPLE_INSTRUMENT;EFS;EUR;27;119.18000000;1852;EXCHANGE_LAST;;1;1;XEUR;10804525;689;
26.11.2024;09:46:37.244;FGBM SI 20241206 PS;SIMPLE_INSTRUMENT;EFP_FIN;EUR;28;119.21000000;856;EXCHANGE_LAST;;1;1;XEUR;10804525;689;
26.11.2024;09:53:26.329;FGBM SI 20241206 PS;SIMPLE_INSTRUMENT;EFP_FIN;EUR;29;119.22000000;86;EXCHANGE_LAST;;1;1;XEUR;10804525;689;
26.11.2024;10:04:55.143;FGBM SI 20241206 PS;SIMPLE_INSTRUMENT;EFS;EUR;30;119.24000000;1850;EXCHANGE_LAST;;1;1;XEUR;10804525;689;
26.11.2024;10:06:48.609;FGBM SI 20241206 PS;SIMPLE_INSTRUMENT;EFS;EUR;31;119.24000000;1850;EXCHANGE_LAST;;1;1;XEUR;10804525;689;
26.11.2024;10:08:21.633;FGBM SI 20241206 PS;SIMPLE_INSTRUMENT;EFS;EUR;32;119.23000000;1852;EXCHANGE_LAST;;1;1;XEUR;10804525;689;
26.11.2024;10:11:05.394;FGBM SI 20241206 PS;SIMPLE_INSTRUMENT;EFS;EUR;33;119.26000000;1850;EXCHANGE_LAST;;1;1;XEUR;10804525;689;
26.11.2024;10:13:11.281;FGBM SI 20241206 PS;SIMPLE_INSTRUMENT;EFS;EUR;34;119.28000000;462;EXCHANGE_LAST;;1;1;XEUR;10804525;689;
26.11.2024;10:13:23.144;FGBM SI 20241206 PS;SIMPLE_INSTRUMENT;EFP_FIN;EUR;35;119.27000000;856;EXCHANGE_LAST;;1;1;XEUR;10804525;689;
26.11.2024;10:16:59.191;FGBM SI 20241206 PS;SIMPLE_INSTRUMENT;EFP_FIN;EUR;36;119.24000000;907;EXCHANGE_LAST;;1;1;XEUR;10804525;689;
26.11.2024;10:19:37.233;FGBM SI 20241206 PS;SIMPLE_INSTRUMENT;EFS;EUR;37;119.26000000;2775;EXCHANGE_LAST;;1;1;XEUR;10804525;689;
26.11.2024;10:22:58.279;FGBM SI 20241206 PS;SIMPLE_INSTRUMENT;EFS;EUR;38;119.25000000;867;EXCHANGE_LAST;;1;1;XEUR;10804525;689;
26.11.2024;10:25:56.721;FGBM SI 20241206 PS;SIMPLE_INSTRUMENT;EFP_FIN;EUR;39;119.26000000;428;EXCHANGE_LAST;;1;1;XEUR;10804525;689;
26.11.2024;10:30:44.308;FGBM SI 20241206 PS;SIMPLE_INSTRUMENT;EFP_FIN;EUR;40;119.26000000;539;EXCHANGE_LAST;;1;1;XEUR;10804525;689;
26.11.2024;10:34:41.889;FGBM SI 20241206 PS;SIMPLE_INSTRUMENT;EFS;EUR;41;119.21000000;433;EXCHANGE_LAST;;1;1;XEUR;10804525;689;
26.11.2024;10:35:20.416;FGBM SI 20241206 PS;SIMPLE_INSTRUMENT;EFS;EUR;42;119.20000000;433;EXCHANGE_LAST;;1;1;XEUR;10804525;689;
26.11.2024;10:35:54.524;FGBM SI 20241206 PS;SIMPLE_INSTRUMENT;EFS;EUR;43;119.23000000;433;EXCHANGE_LAST;;1;1;XEUR;10804525;689;
26.11.2024;10:38:47.783;FGBM SI 20241206 PS;SIMPLE_INSTRUMENT;EFS;EUR;44;119.23000000;650;EXCHANGE_LAST;;1;1;XEUR;10804525;689;
26.11.2024;10:39:00.793;FGBM SI 20241206 PS;SIMPLE_INSTRUMENT;EFS;EUR;45;119.28000000;4400;EXCHANGE_LAST;;1;1;XEUR;10804525;689;
26.11.2024;10:40:32.304;FGBM SI 20241206 PS;SIMPLE_INSTRUMENT;EFS;EUR;46;119.23000000;650;EXCHANGE_LAST;;1;1;XEUR;10804525;689;
26.11.2024;10:39:28.044;FGBM SI 20241206 PS;SIMPLE_INSTRUMENT;EFP_FIN;EUR;47;119.25000000;428;EXCHANGE_LAST;;1;1;XEUR;10804525;689;
26.11.2024;10:57:53.435;FGBM SI 20241206 PS;SIMPLE_INSTRUMENT;EFP_FIN;EUR;48;119.18000000;973;EXCHANGE_LAST;;1;1;XEUR;10804525;689;
26.11.2024;10:43:41.099;FGBM SI 20241206 PS;SIMPLE_INSTRUMENT;EFS;EUR;49;119.21000000;867;EXCHANGE_LAST;;1;1;XEUR;10804525;689;
26.11.2024;10:44:06.956;FGBM SI 20241206 PS;SIMPLE_INSTRUMENT;EFS;EUR;50;119.24000000;217;EXCHANGE_LAST;;1;1;XEUR;10804525;689;
26.11.2024;10:58:38.953;FGBM SI 20241206 PS;SIMPLE_INSTRUMENT;EFP_FIN;EUR;51;119.22000000;438;EXCHANGE_LAST;;1;1;XEUR;10804525;689;
26.11.2024;10:59:08.252;FGBM SI 20241206 PS;SIMPLE_INSTRUMENT;EFP_FIN;EUR;52;119.23000000;2568;EXCHANGE_LAST;;1;1;XEUR;10804525;689;
26.11.2024;11:02:16.791;FGBM SI 20241206 PS;SIMPLE_INSTRUMENT;EFP_FIN;EUR;53;119.24000000;644;EXCHANGE_LAST;;1;1;XEUR;10804525;689;
26.11.2024;11:03:19.909;FGBM SI 20241206 PS;SIMPLE_INSTRUMENT;EFS;EUR;54;119.26000000;866;EXCHANGE_LAST;;1;1;XEUR;10804525;689;
26.11.2024;11:11:11.177;FGBM SI 20241206 PS;SIMPLE_INSTRUMENT;EFS;EUR;55;119.27000000;866;EXCHANGE_LAST;;1;1;XEUR;10804525;689;
26.11.2024;11:12:02.009;FGBM SI 20241206 PS;SIMPLE_INSTRUMENT;EFS;EUR;56;119.28000000;866;EXCHANGE_LAST;;1;1;XEUR;10804525;689;
26.11.2024;11:12:40.651;FGBM SI 20241206 PS;SIMPLE_INSTRUMENT;EFP_FIN;EUR;57;119.27000000;856;EXCHANGE_LAST;;1;1;XEUR;10804525;689;
26.11.2024;11:19:14.915;FGBM SI 20241206 PS;SIMPLE_INSTRUMENT;EFS;EUR;58;119.28000000;879;EXCHANGE_LAST;;1;1;XEUR;10804525;689;
26.11.2024;11:30:07.469;FGBM SI 20241206 PS;SIMPLE_INSTRUMENT;EFP_FIN;EUR;59;119.28000000;856;EXCHANGE_LAST;;1;1;XEUR;10804525;689;
26.11.2024;11:30:34.911;FGBM SI 20241206 PS;SIMPLE_INSTRUMENT;EFS;EUR;60;119.27000000;1387;EXCHANGE_LAST;;1;1;XEUR;10804525;689;
26.11.2024;11:46:10.489;FGBM SI 20241206 PS;SIMPLE_INSTRUMENT;EFP_FIN;EUR;61;119.23000000;1284;EXCHANGE_LAST;;1;1;XEUR;10804525;689;
26.11.2024;11:48:00.264;FGBM SI 20241206 PS;SIMPLE_INSTRUMENT;EFS;EUR;62;119.29000000;1004;EXCHANGE_LAST;;1;1;XEUR;10804525;689;
26.11.2024;11:48:42.505;FGBM SI 20241206 PS;SIMPLE_INSTRUMENT;EFP_FIN;EUR;63;119.29000000;1153;EXCHANGE_LAST;;1;1;XEUR;10804525;689;
26.11.2024;11:53:27.986;FGBM SI 20241206 PS;SIMPLE_INSTRUMENT;BLOCK;EUR;64;119.23000000;6000;EXCHANGE_LAST;;1;1;XEUR;10804525;689;
26.11.2024;11:54:35.073;FGBM SI 20241206 PS;SIMPLE_INSTRUMENT;EFS;EUR;65;119.29000000;925;EXCHANGE_LAST;;1;1;XEUR;10804525;689;
26.11.2024;11:55:38.948;FGBM SI 20250306 PS;SIMPLE_INSTRUMENT;BLOCK;EUR;66;118.51000000;3000;EXCHANGE_LAST;;1;1;XEUR;11286680;689;
26.11.2024;11:55:49.835;FGBM SI 20250306 PS;SIMPLE_INSTRUMENT;BLOCK;EUR;67;118.52000000;3000;EXCHANGE_LAST;;1;1;XEUR;11286680;689;
26.11.2024;11:56:21.277;FGBM SI 20241206 PS;SIMPLE_INSTRUMENT;EFP_FIN;EUR;68;119.29000000;2655;EXCHANGE_LAST;;1;1;XEUR;10804525;689;
26.11.2024;11:57:46.262;FGBM SI 20241206 PS;SIMPLE_INSTRUMENT;EFP_FIN;EUR;69;119.23000000;1284;EXCHANGE_LAST;;1;1;XEUR;10804525;689;
26.11.2024;11:59:32.799;FGBM SI 20241206 PS;SIMPLE_INSTRUMENT;EFP_FIN;EUR;70;119.28000000;1156;EXCHANGE_LAST;;1;1;XEUR;10804525;689;
26.11.2024;12:02:34.361;FGBM SI 20241206 PS;SIMPLE_INSTRUMENT;EFS;EUR;72;119.25000000;441;EXCHANGE_LAST;;1;1;XEUR;10804525;689;
26.11.2024;12:06:11.375;FGBM SI 20241206 PS;SIMPLE_INSTRUMENT;EFP_FIN;EUR;73;119.24000000;1284;EXCHANGE_LAST;;1;1;XEUR;10804525;689;
26.11.2024;12:07:57.241;FGBM SI 20241206 PS;SIMPLE_INSTRUMENT;EFS;EUR;74;119.28000000;650;EXCHANGE_LAST;;1;1;XEUR;10804525;689;
26.11.2024;12:16:17.976;FGBM SI 20241206 PS;SIMPLE_INSTRUMENT;EFP_FIN;EUR;75;119.30000000;428;EXCHANGE_LAST;;1;1;XEUR;10804525;689;
26.11.2024;12:19:03.312;FGBM SI 20241206 PS;SIMPLE_INSTRUMENT;EFS;EUR;76;119.29000000;433;EXCHANGE_LAST;;1;1;XEUR;10804525;689;
26.11.2024;12:21:02.172;FGBM SI 20241206 PS;SIMPLE_INSTRUMENT;EFS;EUR;77;119.30000000;462;EXCHANGE_LAST;;1;1;XEUR;10804525;689;
26.11.2024;12:21:16.510;FGBM SI 20241206 PS;SIMPLE_INSTRUMENT;EFP_FIN;EUR;78;119.29000000;428;EXCHANGE_LAST;;1;1;XEUR;10804525;689;
26.11.2024;12:24:56.384;FGBM SI 20241206 PS;SIMPLE_INSTRUMENT;EFP_FIN;EUR;79;119.25000000;428;EXCHANGE_LAST;;1;1;XEUR;10804525;689;
26.11.2024;12:31:40.111;FGBM SI 20241206 PS;SIMPLE_INSTRUMENT;EFS;EUR;80;119.28000000;460;EXCHANGE_LAST;;1;1;XEUR;10804525;689;
26.11.2024;13:11:54.661;FGBM SI 20241206 PS;SIMPLE_INSTRUMENT;EFP_FIN;EUR;81;119.32000000;856;EXCHANGE_LAST;;1;1;XEUR;10804525;689;
26.11.2024;13:19:40.997;FGBM SI 20241206 PS;SIMPLE_INSTRUMENT;BLOCK;EUR;82;119.30000000;8000;EXCHANGE_LAST;;1;1;XEUR;10804525;689;
26.11.2024;13:20:29.729;FGBM SI 20250306 PS;SIMPLE_INSTRUMENT;BLOCK;EUR;83;118.57000000;4000;EXCHANGE_LAST;;1;1;XEUR;11286680;689;
26.11.2024;13:20:39.385;FGBM SI 20250306 PS;SIMPLE_INSTRUMENT;BLOCK;EUR;84;118.58000000;4000;EXCHANGE_LAST;;1;1;XEUR;11286680;689;
26.11.2024;13:37:04.153;FGBM SI 20241206 PS;SIMPLE_INSTRUMENT;EFS;EUR;85;119.31000000;925;EXCHANGE_LAST;;1;1;XEUR;10804525;689;
26.11.2024;13:38:54.545;FGBM SI 20250306 PS;SIMPLE_INSTRUMENT;EFS;EUR;86;118.58000000;977;EXCHANGE_LAST;;1;1;XEUR;11286680;689;
26.11.2024;13:41:38.898;FGBM SI 20241206 PS;SIMPLE_INSTRUMENT;EFS;EUR;87;119.28000000;433;EXCHANGE_LAST;;1;1;XEUR;10804525;689;
26.11.2024;13:47:24.291;FGBM SI 20241206 PS;SIMPLE_INSTRUMENT;EFP_FIN;EUR;88;119.28000000;62;EXCHANGE_LAST;;1;1;XEUR;10804525;689;
26.11.2024;13:48:41.500;FGBM SI 20241206 PS;SIMPLE_INSTRUMENT;EFP_FIN;EUR;89;119.27000000;635;EXCHANGE_LAST;;1;1;XEUR;10804525;689;
26.11.2024;13:49:43.316;FGBM SI 20241206 PS;SIMPLE_INSTRUMENT;EFS;EUR;90;119.28000000;434;EXCHANGE_LAST;;1;1;XEUR;10804525;689;
26.11.2024;13:59:34.670;FGBM SI 20241206 PS;SIMPLE_INSTRUMENT;EFS;EUR;91;119.28000000;647;EXCHANGE_LAST;;1;1;XEUR;10804525;689;
26.11.2024;14:04:38.307;FGBM SI 20241206 PS;SIMPLE_INSTRUMENT;EFP_FIN;EUR;92;119.26000000;2304;EXCHANGE_LAST;;1;1;XEUR;10804525;689;
26.11.2024;14:12:03.154;FGBM SI 20241206 PS;SIMPLE_INSTRUMENT;EFS;EUR;93;119.27000000;451;EXCHANGE_LAST;;1;1;XEUR;10804525;689;
26.11.2024;14:15:16.446;FGBM SI 20241206 PS;SIMPLE_INSTRUMENT;EFS;EUR;94;119.28000000;437;EXCHANGE_LAST;;1;1;XEUR;10804525;689;
26.11.2024;14:23:20.861;FGBM SI 20241206 PS;SIMPLE_INSTRUMENT;EFP_FIN;EUR;95;119.26000000;1152;EXCHANGE_LAST;;1;1;XEUR;10804525;689;
26.11.2024;14:40:27.586;FGBM SI 20241206 PS;SIMPLE_INSTRUMENT;EFS;EUR;96;119.26000000;2106;EXCHANGE_LAST;;1;1;XEUR;10804525;689;
26.11.2024;14:44:10.566;FGBM SI 20241206 PS;SIMPLE_INSTRUMENT;EFP_FIN;EUR;97;119.24000000;1383;EXCHANGE_LAST;;1;1;XEUR;10804525;689;
26.11.2024;14:50:39.058;FGBM SI 20241206 PS;SIMPLE_INSTRUMENT;EFS;EUR;98;119.23000000;437;EXCHANGE_LAST;;1;1;XEUR;10804525;689;
26.11.2024;15:03:02.198;FGBM SI 20241206 PS;SIMPLE_INSTRUMENT;EFP_FIN;EUR;99;119.25000000;921;EXCHANGE_LAST;;1;1;XEUR;10804525;689;
26.11.2024;15:10:03.521;FGBM SI 20241206 PS;SIMPLE_INSTRUMENT;EFS;EUR;100;119.18000000;433;EXCHANGE_LAST;;1;1;XEUR;10804525;689;
26.11.2024;15:03:21.239;FGBM SI 20241206 PS;SIMPLE_INSTRUMENT;EFP_FIN;EUR;101;119.20000000;922;EXCHANGE_LAST;;1;1;XEUR;10804525;689;
26.11.2024;15:04:45.090;FGBM SI 20241206 PS;SIMPLE_INSTRUMENT;EFP_FIN;EUR;103;119.20000000;1383;EXCHANGE_LAST;;1;1;XEUR;10804525;689;
26.11.2024;15:07:06.711;FGBM SI 20241206 PS;SIMPLE_INSTRUMENT;EFS;EUR;104;119.19000000;867;EXCHANGE_LAST;;1;1;XEUR;10804525;689;
26.11.2024;15:07:38.582;FGBM SI 20241206 PS;SIMPLE_INSTRUMENT;EFS;EUR;105;119.19000000;867;EXCHANGE_LAST;;1;1;XEUR;10804525;689;
26.11.2024;15:10:43.523;FGBM SI 20241206 PS;SIMPLE_INSTRUMENT;EFP_FIN;EUR;106;119.19000000;1769;EXCHANGE_LAST;;1;1;XEUR;10804525;689;
26.11.2024;15:16:30.840;FGBM SI 20241206 PS;SIMPLE_INSTRUMENT;EFS;EUR;107;119.14000000;868;EXCHANGE_LAST;;1;1;XEUR;10804525;689;
26.11.2024;15:27:22.576;FGBM SI 20241206 PS;SIMPLE_INSTRUMENT;EFP_FIN;EUR;108;119.15000000;1380;EXCHANGE_LAST;;1;1;XEUR;10804525;689;
26.11.2024;15:27:20.604;FGBM SI 20241206 PS;SIMPLE_INSTRUMENT;EFP_FIN;EUR;109;119.16000000;922;EXCHANGE_LAST;;1;1;XEUR;10804525;689;
26.11.2024;15:28:58.580;FGBM SI 20241206 PS;SIMPLE_INSTRUMENT;EFP_FIN;EUR;110;119.16000000;335;EXCHANGE_LAST;;1;1;XEUR;10804525;689;
26.11.2024;15:30:28.352;FGBM SI 20241206 PS;SIMPLE_INSTRUMENT;EFS;EUR;111;119.14000000;868;EXCHANGE_LAST;;1;1;XEUR;10804525;689;
26.11.2024;15:33:13.449;FGBM SI 20241206 PS;SIMPLE_INSTRUMENT;EFS;EUR;112;119.15000000;434;EXCHANGE_LAST;;1;1;XEUR;10804525;689;
26.11.2024;15:35:13.530;FGBM SI 20241206 PS;SIMPLE_INSTRUMENT;EFS;EUR;114;119.13000000;434;EXCHANGE_LAST;;1;1;XEUR;10804525;689;
26.11.2024;15:35:48.213;FGBM SI 20241206 PS;SIMPLE_INSTRUMENT;EFS;EUR;115;119.15000000;530;EXCHANGE_LAST;;1;1;XEUR;10804525;689;
26.11.2024;15:39:29.977;FGBM SI 20241206 PS;SIMPLE_INSTRUMENT;EFP_FIN;EUR;116;119.15000000;647;EXCHANGE_LAST;;1;1;XEUR;10804525;689;
26.11.2024;15:40:18.298;FGBM SI 20241206 PS;SIMPLE_INSTRUMENT;EFS;EUR;117;119.14000000;867;EXCHANGE_LAST;;1;1;XEUR;10804525;689;
26.11.2024;15:41:11.515;FGBM SI 20241206 PS;SIMPLE_INSTRUMENT;EFS;EUR;118;119.14000000;433;EXCHANGE_LAST;;1;1;XEUR;10804525;689;
26.11.2024;15:42:29.273;FGBM SI 20241206 PS;SIMPLE_INSTRUMENT;EFS;EUR;119;119.14000000;433;EXCHANGE_LAST;;1;1;XEUR;10804525;689;
26.11.2024;15:43:30.276;FGBM SI 20241206 PS;SIMPLE_INSTRUMENT;EFS;EUR;120;119.14000000;433;EXCHANGE_LAST;;1;1;XEUR;10804525;689;
26.11.2024;15:49:22.749;FGBM SI 20241206 PS;SIMPLE_INSTRUMENT;EFS;EUR;121;119.15000000;433;EXCHANGE_LAST;;1;1;XEUR;10804525;689;
26.11.2024;15:51:07.148;FGBM SI 20241206 PS;SIMPLE_INSTRUMENT;EFS;EUR;122;119.15000000;433;EXCHANGE_LAST;;1;1;XEUR;10804525;689;
26.11.2024;15:57:10.626;FGBM SI 20241206 PS;SIMPLE_INSTRUMENT;EFP_FIN;EUR;123;119.14000000;873;EXCHANGE_LAST;;1;1;XEUR;10804525;689;
26.11.2024;16:01:29.052;FGBM SI 20241206 PS;SIMPLE_INSTRUMENT;EFS;EUR;124;119.17000000;1645;EXCHANGE_LAST;;1;1;XEUR;10804525;689;
26.11.2024;16:16:21.073;FGBM SI 20241206 PS;SIMPLE_INSTRUMENT;EFS;EUR;125;119.21000000;442;EXCHANGE_LAST;;1;1;XEUR;10804525;689;
26.11.2024;16:23:45.454;FGBM SI 20241206 PS;SIMPLE_INSTRUMENT;EFP_FIN;EUR;126;119.25000000;684;EXCHANGE_LAST;;1;1;XEUR;10804525;689;
26.11.2024;16:35:04.353;FGBM SI 20241206 PS;SIMPLE_INSTRUMENT;EFS;EUR;127;119.25000000;1767;EXCHANGE_LAST;;1;1;XEUR;10804525;689;
26.11.2024;16:39:25.910;FGBM SI 20241206 PS;SIMPLE_INSTRUMENT;EFP_FIN;EUR;128;119.23000000;1284;EXCHANGE_LAST;;1;1;XEUR;10804525;689;
26.11.2024;16:41:22.298;FGBM SI 20241206 PS;SIMPLE_INSTRUMENT;EFS;EUR;129;119.20000000;2000;EXCHANGE_LAST;;1;1;XEUR;10804525;689;
26.11.2024;16:45:16.284;FGBM SI 20241206 PS;SIMPLE_INSTRUMENT;EFP_FIN;EUR;130;119.15000000;985;EXCHANGE_LAST;;1;1;XEUR;10804525;689;
26.11.2024;17:17:49.258;FGBM SI 20241206 PS;SIMPLE_INSTRUMENT;EFP_FIN;EUR;131;119.25000000;428;EXCHANGE_LAST;;1;1;XEUR;10804525;689;
26.11.2024;17:18:37.833;FGBM SI 20241206 PS;SIMPLE_INSTRUMENT;EFS;EUR;132;119.28000000;925;EXCHANGE_LAST;;1;1;XEUR;10804525;689;
26.11.2024;08:18:18.759;FGBS SI 20241206 PS;SIMPLE_INSTRUMENT;EFS;EUR;1;106.97000000;1044;EXCHANGE_LAST;;1;1;XEUR;10804527;690;
26.11.2024;08:21:19.478;FGBS SI 20241206 PS;SIMPLE_INSTRUMENT;EFS;EUR;2;106.98000000;2713;EXCHANGE_LAST;;1;1;XEUR;10804527;690;
26.11.2024;08:33:29.637;FGBS SI 20241206 PS;SIMPLE_INSTRUMENT;EFS;EUR;3;106.97500000;2590;EXCHANGE_LAST;;1;1;XEUR;10804527;690;
26.11.2024;09:18:04.269;FGBS SI 20241206 PS;SIMPLE_INSTRUMENT;EFS;EUR;4;106.97000000;5427;EXCHANGE_LAST;;1;1;XEUR;10804527;690;
26.11.2024;09:22:23.679;FGBS SI 20241206 PS;SIMPLE_INSTRUMENT;EFP_FIN;EUR;5;106.94000000;484;EXCHANGE_LAST;;1;1;XEUR;10804527;690;
26.11.2024;10:11:09.708;FGBS SI 20241206 PS;SIMPLE_INSTRUMENT;EFP_FIN;EUR;6;106.95000000;121;EXCHANGE_LAST;;1;1;XEUR;10804527;690;
26.11.2024;10:25:45.504;FGBS SI 20241206 PS;SIMPLE_INSTRUMENT;EFP_FIN;EUR;7;106.96000000;473;EXCHANGE_LAST;;1;1;XEUR;10804527;690;
26.11.2024;10:28:38.613;FGBS SI 20241206 PS;SIMPLE_INSTRUMENT;EFS;EUR;8;106.95000000;2582;EXCHANGE_LAST;;1;1;XEUR;10804527;690;
26.11.2024;10:30:21.767;FGBS SI 20241206 PS;SIMPLE_INSTRUMENT;EFS;EUR;9;106.95000000;5428;EXCHANGE_LAST;;1;1;XEUR;10804527;690;
26.11.2024;10:39:30.119;FGBS SI 20241206 PS;SIMPLE_INSTRUMENT;EFS;EUR;10;106.96000000;2713;EXCHANGE_LAST;;1;1;XEUR;10804527;690;
26.11.2024;10:53:28.871;FGBS SI 20241206 PS;SIMPLE_INSTRUMENT;EFS;EUR;11;106.94000000;5428;EXCHANGE_LAST;;1;1;XEUR;10804527;690;
26.11.2024;10:56:28.285;FGBS SI 20241206 PS;SIMPLE_INSTRUMENT;BLOCK;EUR;12;106.93000000;5161;EXCHANGE_LAST;;1;1;XEUR;10804527;690;
26.11.2024;11:11:33.495;FGBS SI 20241206 PS;SIMPLE_INSTRUMENT;EFS;EUR;13;106.93000000;5430;EXCHANGE_LAST;;1;1;XEUR;10804527;690;
26.11.2024;11:25:16.880;FGBS SI 20241206 PS;SIMPLE_INSTRUMENT;EFP_FIN;EUR;14;106.94000000;363;EXCHANGE_LAST;;1;1;XEUR;10804527;690;
26.11.2024;11:26:59.109;FGBS SI 20241206 PS;SIMPLE_INSTRUMENT;EFS;EUR;15;106.94500000;2400;EXCHANGE_LAST;;1;1;XEUR;10804527;690;
26.11.2024;11:29:43.703;FGBS SI 20241206 PS;SIMPLE_INSTRUMENT;BLOCK;EUR;16;106.95000000;8000;EXCHANGE_LAST;;1;1;XEUR;10804527;690;
26.11.2024;11:31:17.838;FGBS SI 20250306 PS;SIMPLE_INSTRUMENT;BLOCK;EUR;17;107.20000000;4000;EXCHANGE_LAST;;1;1;XEUR;11286681;690;
26.11.2024;11:31:44.576;FGBS SI 20250306 PS;SIMPLE_INSTRUMENT;BLOCK;EUR;18;107.20500000;4000;EXCHANGE_LAST;;1;1;XEUR;11286681;690;
26.11.2024;11:35:02.965;FGBS SI 20250306 PS;SIMPLE_INSTRUMENT;EFS;EUR;19;107.19500000;2724;EXCHANGE_LAST;;1;1;XEUR;11286681;690;
26.11.2024;11:53:00.169;FGBS SI 20241206 PS;SIMPLE_INSTRUMENT;EFS;EUR;20;106.94500000;2714;EXCHANGE_LAST;;1;1;XEUR;10804527;690;
26.11.2024;11:53:30.174;FGBS SI 20241206 PS;SIMPLE_INSTRUMENT;EFP_FIN;EUR;21;106.93500000;1328;EXCHANGE_LAST;;1;1;XEUR;10804527;690;
26.11.2024;12:01:37.001;FGBS SI 20241206 PS;SIMPLE_INSTRUMENT;EFS;EUR;22;106.92500000;2715;EXCHANGE_LAST;;1;1;XEUR;10804527;690;
26.11.2024;12:04:35.775;FGBS SI 20241206 PS;SIMPLE_INSTRUMENT;EFS;EUR;23;106.92500000;1357;EXCHANGE_LAST;;1;1;XEUR;10804527;690;
26.11.2024;12:08:37.255;FGBS SI 20241206 PS;SIMPLE_INSTRUMENT;EFS;EUR;24;106.94500000;2714;EXCHANGE_LAST;;1;1;XEUR;10804527;690;
26.11.2024;12:23:14.947;FGBS SI 20241206 PS;SIMPLE_INSTRUMENT;EFP_FIN;EUR;25;106.94000000;274;EXCHANGE_LAST;;1;1;XEUR;10804527;690;
26.11.2024;13:18:25.339;FGBS SI 20241206 PS;SIMPLE_INSTRUMENT;EFS;EUR;26;106.91500000;2715;EXCHANGE_LAST;;1;1;XEUR;10804527;690;
26.11.2024;13:18:30.678;FGBS SI 20241206 PS;SIMPLE_INSTRUMENT;EFS;EUR;27;106.94500000;1086;EXCHANGE_LAST;;1;1;XEUR;10804527;690;
26.11.2024;13:27:46.302;FGBS SI 20250306 PS;SIMPLE_INSTRUMENT;EFS;EUR;28;107.18500000;1362;EXCHANGE_LAST;;1;1;XEUR;11286681;690;
26.11.2024;13:29:48.567;FGBS SI 20241206 PS;SIMPLE_INSTRUMENT;EFS;EUR;29;106.94000000;2714;EXCHANGE_LAST;;1;1;XEUR;10804527;690;
26.11.2024;13:31:59.396;FGBS SI 20241206 PS;SIMPLE_INSTRUMENT;EFP_FIN;EUR;30;106.98000000;263;EXCHANGE_LAST;;1;1;XEUR;10804527;690;
26.11.2024;13:41:21.755;FGBS SI 20250306 PS;SIMPLE_INSTRUMENT;EFS;EUR;31;107.18000000;1362;EXCHANGE_LAST;;1;1;XEUR;11286681;690;
26.11.2024;13:46:00.185;FGBS SI 20241206 PS;SIMPLE_INSTRUMENT;EFS;EUR;32;106.94500000;3771;EXCHANGE_LAST;;1;1;XEUR;10804527;690;
26.11.2024;13:52:37.212;FGBS SI 20241206 PS;SIMPLE_INSTRUMENT;EFS;EUR;33;106.93500000;2745;EXCHANGE_LAST;;1;1;XEUR;10804527;690;
26.11.2024;13:54:01.658;FGBS SI 20241206 PS;SIMPLE_INSTRUMENT;EFS;EUR;34;106.94000000;2713;EXCHANGE_LAST;;1;1;XEUR;10804527;690;
26.11.2024;13:56:15.611;FGBS SI 20241206 PS;SIMPLE_INSTRUMENT;EFS;EUR;35;106.94000000;2714;EXCHANGE_LAST;;1;1;XEUR;10804527;690;
26.11.2024;14:16:32.884;FGBS SI 20241206 PS;SIMPLE_INSTRUMENT;EFS;EUR;36;106.94000000;2743;EXCHANGE_LAST;;1;1;XEUR;10804527;690;
26.11.2024;14:18:41.335;FGBS SI 20241206 PS;SIMPLE_INSTRUMENT;EFS;EUR;37;106.93000000;3877;EXCHANGE_LAST;;1;1;XEUR;10804527;690;
26.11.2024;14:31:57.499;FGBS SI 20241206 PS;SIMPLE_INSTRUMENT;EFS;EUR;38;106.94000000;4071;EXCHANGE_LAST;;1;1;XEUR;10804527;690;
26.11.2024;14:51:45.552;FGBS SI 20241206 PS;SIMPLE_INSTRUMENT;EFP_FIN;EUR;39;106.91000000;709;EXCHANGE_LAST;;1;1;XEUR;10804527;690;
26.11.2024;15:04:20.097;FGBS SI 20241206 PS;SIMPLE_INSTRUMENT;BLOCK;EUR;40;106.90500000;11250;EXCHANGE_LAST;;1;1;XEUR;10804527;690;
26.11.2024;15:04:38.065;FGBS SI 20250306 PS;SIMPLE_INSTRUMENT;BLOCK;EUR;41;107.15000000;5000;EXCHANGE_LAST;;1;1;XEUR;11286681;690;
26.11.2024;15:04:45.069;FGBS SI 20250306 PS;SIMPLE_INSTRUMENT;BLOCK;EUR;42;107.15500000;5000;EXCHANGE_LAST;;1;1;XEUR;11286681;690;
26.11.2024;15:17:30.091;FGBS SI 20241206 PS;SIMPLE_INSTRUMENT;EFS;EUR;43;106.90000000;2716;EXCHANGE_LAST;;1;1;XEUR;10804527;690;
26.11.2024;15:20:51.736;FGBS SI 20241206 PS;SIMPLE_INSTRUMENT;EFS;EUR;44;106.90500000;2586;EXCHANGE_LAST;;1;1;XEUR;10804527;690;
26.11.2024;15:21:02.248;FGBS SI 20241206 PS;SIMPLE_INSTRUMENT;EFS;EUR;45;106.89000000;2716;EXCHANGE_LAST;;1;1;XEUR;10804527;690;
26.11.2024;15:26:03.106;FGBS SI 20241206 PS;SIMPLE_INSTRUMENT;EFP_FIN;EUR;46;106.90000000;236;EXCHANGE_LAST;;1;1;XEUR;10804527;690;
26.11.2024;15:34:17.503;FGBS SI 20241206 PS;SIMPLE_INSTRUMENT;EFP_FIN;EUR;47;106.89000000;497;EXCHANGE_LAST;;1;1;XEUR;10804527;690;
26.11.2024;15:40:16.110;FGBS SI 20241206 PS;SIMPLE_INSTRUMENT;EFS;EUR;48;106.90000000;4074;EXCHANGE_LAST;;1;1;XEUR;10804527;690;
26.11.2024;15:42:28.969;FGBS SI 20241206 PS;SIMPLE_INSTRUMENT;EFP_FIN;EUR;49;106.90000000;892;EXCHANGE_LAST;;1;1;XEUR;10804527;690;
26.11.2024;15:43:41.303;FGBS SI 20241206 PS;SIMPLE_INSTRUMENT;EFP_FIN;EUR;50;106.92500000;564;EXCHANGE_LAST;;1;1;XEUR;10804527;690;
26.11.2024;15:46:00.375;FGBS SI 20241206 PS;SIMPLE_INSTRUMENT;EFP_FIN;EUR;51;106.89500000;2631;EXCHANGE_LAST;;1;1;XEUR;10804527;690;
26.11.2024;15:52:20.991;FGBS SI 20241206 PS;SIMPLE_INSTRUMENT;EFS;EUR;52;106.91000000;2586;EXCHANGE_LAST;;1;1;XEUR;10804527;690;
26.11.2024;16:02:00.124;FGBS SI 20241206 PS;SIMPLE_INSTRUMENT;EFS;EUR;53;106.91000000;1358;EXCHANGE_LAST;;1;1;XEUR;10804527;690;
26.11.2024;16:06:05.233;FGBS SI 20241206 PS;SIMPLE_INSTRUMENT;EFP_FIN;EUR;54;106.90000000;297;EXCHANGE_LAST;;1;1;XEUR;10804527;690;
26.11.2024;16:07:55.153;FGBS SI 20241206 PS;SIMPLE_INSTRUMENT;EFS;EUR;55;106.92000000;2590;EXCHANGE_LAST;;1;1;XEUR;10804527;690;
26.11.2024;16:26:39.690;FGBS SI 20250306 PS;SIMPLE_INSTRUMENT;EFS;EUR;56;107.17500000;1366;EXCHANGE_LAST;;1;1;XEUR;11286681;690;
26.11.2024;16:39:39.745;FGBS SI 20241206 PS;SIMPLE_INSTRUMENT;EFS;EUR;57;106.93000000;1292;EXCHANGE_LAST;;1;1;XEUR;10804527;690;
26.11.2024;16:40:23.960;FGBS SI 20241206 PS;SIMPLE_INSTRUMENT;EFS;EUR;58;106.91500000;1500;EXCHANGE_LAST;;1;1;XEUR;10804527;690;
26.11.2024;16:41:03.301;FGBS SI 20241206 PS;SIMPLE_INSTRUMENT;EFS;EUR;59;106.94000000;1000;EXCHANGE_LAST;;1;1;XEUR;10804527;690;
26.11.2024;16:47:26.768;FGBS SI 20241206 PS;SIMPLE_INSTRUMENT;EFS;EUR;61;106.93000000;5185;EXCHANGE_LAST;;1;1;XEUR;10804527;690;
26.11.2024;16:50:23.378;FGBS SI 20241206 PS;SIMPLE_INSTRUMENT;EFS;EUR;62;106.95000000;1500;EXCHANGE_LAST;;1;1;XEUR;10804527;690;
26.11.2024;16:55:05.776;FGBS SI 20241206 PS;SIMPLE_INSTRUMENT;EFS;EUR;63;106.94000000;1086;EXCHANGE_LAST;;1;1;XEUR;10804527;690;
26.11.2024;16:55:34.779;FGBS SI 20241206 PS;SIMPLE_INSTRUMENT;EFS;EUR;64;106.94000000;1086;EXCHANGE_LAST;;1;1;XEUR;10804527;690;
26.11.2024;17:11:19.869;FGBS SI 20241206 PS;SIMPLE_INSTRUMENT;EFP_FIN;EUR;65;106.95000000;104;EXCHANGE_LAST;;1;1;XEUR;10804527;690;
26.11.2024;17:11:30.747;FGBS SI 20241206 PS;SIMPLE_INSTRUMENT;EFS;EUR;66;106.96500000;200;EXCHANGE_LAST;;1;1;XEUR;10804527;690;
26.11.2024;17:14:37.139;FGBS SI 20241206 PS;SIMPLE_INSTRUMENT;EFS;EUR;67;106.94000000;516;EXCHANGE_LAST;;1;1;XEUR;10804527;690;
26.11.2024;08:05:09.236;FGBS SI 20250306 PS;SIMPLE_INSTRUMENT;VOLA;EUR;268435459;107.20000000;275;EXCHANGE_LAST;;1;1;XEUR;11286681;690;
26.11.2024;08:53:55.788;FGBX SI 20241206 PS;SIMPLE_INSTRUMENT;EFS;EUR;1;136.34000000;100;EXCHANGE_LAST;;1;1;XEUR;10804526;691;
26.11.2024;09:48:35.292;FGBX SI 20241206 PS;SIMPLE_INSTRUMENT;BLOCK;EUR;12;136.24000000;106;EXCHANGE_LAST;;1;1;XEUR;10804526;691;
26.11.2024;10:01:49.209;FGBX SI 20241206 PS;SIMPLE_INSTRUMENT;BLOCK;EUR;15;136.26000000;106;EXCHANGE_LAST;;1;1;XEUR;10804526;691;
26.11.2024;11:07:47.946;FGBX SI 20241206 PS;SIMPLE_INSTRUMENT;EFS;EUR;23;136.40000000;352;EXCHANGE_LAST;;1;1;XEUR;10804526;691;
26.11.2024;11:22:16.925;FGBX SI 20241206 PS;SIMPLE_INSTRUMENT;EFP_FIN;EUR;25;136.42000000;84;EXCHANGE_LAST;;1;1;XEUR;10804526;691;
26.11.2024;12:05:13.023;FGBX SI 20241206 PS;SIMPLE_INSTRUMENT;EFP_FIN;EUR;28;136.50000000;114;EXCHANGE_LAST;;1;1;XEUR;10804526;691;
26.11.2024;12:05:15.712;FGBX SI 20241206 PS;SIMPLE_INSTRUMENT;EFS;EUR;29;136.56000000;176;EXCHANGE_LAST;;1;1;XEUR;10804526;691;
26.11.2024;12:51:02.043;FGBX SI 20241206 PS;SIMPLE_INSTRUMENT;EFS;EUR;32;136.78000000;145;EXCHANGE_LAST;;1;1;XEUR;10804526;691;
26.11.2024;14:01:32.541;FGBX SI 20241206 PS;SIMPLE_INSTRUMENT;EFS;EUR;37;136.84000000;14;EXCHANGE_LAST;;1;1;XEUR;10804526;691;
26.11.2024;14:03:50.745;FGBX SI 20241206 PS;SIMPLE_INSTRUMENT;EFP_FIN;EUR;40;136.84000000;261;EXCHANGE_LAST;;1;1;XEUR;10804526;691;
26.11.2024;14:43:40.897;FGBX SI 20241206 PS;SIMPLE_INSTRUMENT;EFS;EUR;45;136.74000000;100;EXCHANGE_LAST;;1;1;XEUR;10804526;691;
26.11.2024;14:51:49.406;FGBX SI 20241206 PS;SIMPLE_INSTRUMENT;EFS;EUR;47;136.66000000;400;EXCHANGE_LAST;;1;1;XEUR;10804526;691;
26.11.2024;14:53:41.299;FGBX SI 20250306 PS;SIMPLE_INSTRUMENT;EFS;EUR;48;136.58000000;400;EXCHANGE_LAST;;1;1;XEUR;11286682;691;
26.11.2024;14:55:22.446;FGBX SI 20241206 PS;SIMPLE_INSTRUMENT;EFS;EUR;49;136.72000000;750;EXCHANGE_LAST;;1;1;XEUR;10804526;691;
26.11.2024;14:56:45.074;FGBX SI 20250306 PS;SIMPLE_INSTRUMENT;EFS;EUR;50;136.64000000;750;EXCHANGE_LAST;;1;1;XEUR;11286682;691;
26.11.2024;15:15:16.481;FGBX SI 20241206 PS;SIMPLE_INSTRUMENT;EFP_FIN;EUR;54;136.74000000;151;EXCHANGE_LAST;;1;1;XEUR;10804526;691;
26.11.2024;15:36:36.020;FGBX SI 20241206 PS;SIMPLE_INSTRUMENT;EFS;EUR;65;136.60000000;140;EXCHANGE_LAST;;1;1;XEUR;10804526;691;
26.11.2024;15:38:37.172;FGBX SI 20241206 PS;SIMPLE_INSTRUMENT;EFP_FIN;EUR;66;136.48000000;185;EXCHANGE_LAST;;1;1;XEUR;10804526;691;
26.11.2024;15:39:10.007;FGBX SI 20241206 PS;SIMPLE_INSTRUMENT;EFS;EUR;67;136.46000000;5;EXCHANGE_LAST;;1;1;XEUR;10804526;691;
26.11.2024;16:21:10.339;FGBX SI 20241206 PS;SIMPLE_INSTRUMENT;EFS;EUR;74;136.96000000;601;EXCHANGE_LAST;;1;1;XEUR;10804526;691;
26.11.2024;16:45:51.520;FGBX SI 20241206 PS;SIMPLE_INSTRUMENT;EFP_FIN;EUR;76;136.98000000;223;EXCHANGE_LAST;;1;1;XEUR;10804526;691;
26.11.2024;02:40:21.340;FMCH SI 20241220 CS;SIMPLE_INSTRUMENT;BLOCK;USD;7;489.81200000;940;EXCHANGE_LAST;;1;1;XEUR;7196792;402909;
26.11.2024;01:00:56.403;FMEA SI 20241220 CS;SIMPLE_INSTRUMENT;BLOCK;USD;1;691.29600000;512;EXCHANGE_LAST;;1;1;XEUR;7191938;12395;
26.11.2024;02:04:32.034;FMEA SI 20241220 CS;SIMPLE_INSTRUMENT;EFP_IDX;USD;4;691.25700000;90;EXCHANGE_LAST;;1;1;XEUR;7191938;12395;
26.11.2024;02:21:58.732;FMEA SI 20241220 CS;SIMPLE_INSTRUMENT;BLOCK;USD;6;691.08900000;4422;EXCHANGE_LAST;;1;1;XEUR;7191938;12395;
26.11.2024;07:54:06.326;FMEA SI 20241220 CS;SIMPLE_INSTRUMENT;BLOCK;USD;33;691.39900000;1027;EXCHANGE_LAST;;1;1;XEUR;7191938;12395;
26.11.2024;08:51:42.497;FMEA SI 20241220 CS;SIMPLE_INSTRUMENT;BLOCK;USD;51;691.29600000;72;EXCHANGE_LAST;;1;1;XEUR;7191938;12395;
26.11.2024;08:52:32.338;FMEA SI 20241220 CS;SIMPLE_INSTRUMENT;BLOCK;USD;52;691.29600000;512;EXCHANGE_LAST;;1;1;XEUR;7191938;12395;
26.11.2024;09:07:07.081;FMEA SI 20241220 CS;SIMPLE_INSTRUMENT;EFP_IDX;USD;54;691.67500000;44;EXCHANGE_LAST;;1;1;XEUR;7191938;12395;
26.11.2024;10:31:14.773;FMEA SI 20241220 CS;SIMPLE_INSTRUMENT;BLOCK;USD;57;691.29600000;360;EXCHANGE_LAST;;1;1;XEUR;7191938;12395;
26.11.2024;07:18:53.788;FMEE SI 20241220 CS;SIMPLE_INSTRUMENT;BLOCK;USD;17;311.35000000;91;EXCHANGE_LAST;;1;1;XEUR;7191941;12396;
26.11.2024;07:04:03.391;FMEL SI 20241220 CS;SIMPLE_INSTRUMENT;EFP_IDX;USD;16;524.04000000;35;EXCHANGE_LAST;;1;1;XEUR;7191942;12397;
26.11.2024;08:11:35.371;FMEL SI 20241220 CS;SIMPLE_INSTRUMENT;BLOCK;USD;44;523.98300000;271;EXCHANGE_LAST;;1;1;XEUR;7191942;12397;
26.11.2024;08:12:20.940;FMEL SI 20241220 CS;SIMPLE_INSTRUMENT;BLOCK;USD;45;523.98300000;272;EXCHANGE_LAST;;1;1;XEUR;7191942;12397;
26.11.2024;08:35:22.110;FMEL SI 20241220 CS;SIMPLE_INSTRUMENT;BLOCK;USD;48;523.98300000;152;EXCHANGE_LAST;;1;1;XEUR;7191942;12397;
26.11.2024;07:29:51.680;FMEM SI 20241220 CS;SIMPLE_INSTRUMENT;EFP_IDX;USD;22;583.50000000;53;EXCHANGE_LAST;;1;1;XEUR;7191937;12394;
26.11.2024;07:30:01.860;FMEM SI 20241220 CS;SIMPLE_INSTRUMENT;EFP_IDX;USD;23;583.60000000;124;EXCHANGE_LAST;;1;1;XEUR;7191937;12394;
26.11.2024;07:53:53.913;FMEM SI 20241220 CS;SIMPLE_INSTRUMENT;EFP_IDX;USD;34;583.74100000;20;EXCHANGE_LAST;;1;1;XEUR;7191937;12394;
26.11.2024;08:05:48.400;FMEN SI 20241220 CS;SIMPLE_INSTRUMENT;BLOCK;EUR;40;521.95400000;239;EXCHANGE_LAST;;1;1;XEUR;7192297;30652;
26.11.2024;06:00:10.349;FMEU SI 20241220 CS;SIMPLE_INSTRUMENT;BLOCK;EUR;14;337.62000000;860;EXCHANGE_LAST;;1;1;XEUR;7191848;7058;
26.11.2024;10:31:39.196;FMFP SI 20241220 CS;SIMPLE_INSTRUMENT;BLOCK;USD;58;2290.00000000;150;EXCHANGE_LAST;;1;1;XEUR;7193657;51999;
26.11.2024;08:34:31.633;FMGC SI 20241220 CS;SIMPLE_INSTRUMENT;BLOCK;USD;47;13244.08000000;105;EXCHANGE_LAST;;1;1;XEUR;7193447;48916;
26.11.2024;08:36:19.777;FMGC SI 20241220 CS;SIMPLE_INSTRUMENT;BLOCK;USD;49;13244.08000000;11;EXCHANGE_LAST;;1;1;XEUR;7193447;48916;
26.11.2024;08:44:08.300;FMGC SI 20241220 CS;SIMPLE_INSTRUMENT;BLOCK;USD;50;13243.08000000;14;EXCHANGE_LAST;;1;1;XEUR;7193447;48916;
26.11.2024;11:18:51.784;FMGC SI 20241220 CS;SIMPLE_INSTRUMENT;BLOCK;USD;59;13244.08000000;37;EXCHANGE_LAST;;1;1;XEUR;7193447;48916;
26.11.2024;15:19:23.755;FMGC SI 20241220 CS;SIMPLE_INSTRUMENT;BLOCK;USD;65;13110.00000000;381;EXCHANGE_LAST;;1;1;XEUR;7193447;48916;
26.11.2024;15:19:54.497;FMGC SI 20250321 CS;SIMPLE_INSTRUMENT;BLOCK;USD;66;13286.50000000;376;EXCHANGE_LAST;;1;1;XEUR;7590767;48916;
26.11.2024;15:36:31.560;FMGC SI 20241220 CS;SIMPLE_INSTRUMENT;BLOCK;USD;67;13100.00000000;385;EXCHANGE_LAST;;1;1;XEUR;7193447;48916;
26.11.2024;15:36:39.531;FMGC SI 20250321 CS;SIMPLE_INSTRUMENT;BLOCK;USD;68;13276.50000000;380;EXCHANGE_LAST;;1;1;XEUR;7590767;48916;
