#Date;TrdTime;Contract;ContractType;TrdTyp;Currency;TesId;Prc;Qty;TrdInd;Aggressor;Buy;Sell;Exch;InstrumentId;RelatedProdId;PrcDecomp
28.01.2025;12:07:48.330;ABBE.O.250128.COMBO.000002;STANDARD_OPTION_STRATEGY;BLOCK;CHF;38;0.19000000;3000;EXCHANGE_LAST;;1;2;XEUR;74525121468962296;574516;
28.01.2025;12:07:48.330;ABBE SI 20250417 PS EU P 47.00 0;SIMPLE_INSTRUMENT;BLOCK;CHF;38;1.35000000;3000;PRC_DECOMP_EXCHANGE;;;;XEUR;12656568;574516;EXCHANGE
28.01.2025;12:07:48.330;ABBE SI 20250417 PS EU C 53.00 0;SIMPLE_INSTRUMENT;BLOCK;CHF;38;1.16000000;3000;PRC_DECOMP_EXCHANGE;;;;XEUR;12656733;574516;EXCHANGE
28.01.2025;16:38:33.612;ABBN SI 20250321 PS AM C 52.00 0;SIMPLE_INSTRUMENT;BLOCK;CHF;76;1.39000000;1250;EXCHANGE_LAST;;1;1;XEUR;10886859;574517;
28.01.2025;11:46:11.709;AIR SI 20250221 PS AM C 170.00 0;SIMPLE_INSTRUMENT;BLOCK;EUR;16;2.48000000;1000;EXCHANGE_LAST;;1;1;XEUR;12237788;64;
28.01.2025;08:38:22.967;ALV SI 20251219 PS AM P 240.00 0;SIMPLE_INSTRUMENT;BLOCK;EUR;1;4.50000000;1300;EXCHANGE_LAST;;1;1;XEUR;5920782;74;
28.01.2025;08:38:17.097;ALV SI 20260619 PS AM P 280.00 0;SIMPLE_INSTRUMENT;BLOCK;EUR;2;17.49000000;1200;EXCHANGE_LAST;;1;1;XEUR;9537500;74;
28.01.2025;12:03:35.341;ALV SI 20250620 PS AM P 305.00 0;SIMPLE_INSTRUMENT;BLOCK;EUR;5;13.10000000;400;EXCHANGE_LAST;;1;1;XEUR;11805226;74;
28.01.2025;13:04:51.922;ANN SI 20250321 PS AM C 34.00 0;SIMPLE_INSTRUMENT;BLOCK;EUR;16;0.13000000;10000;EXCHANGE_LAST;;1;1;XEUR;10865131;45202;
28.01.2025;13:05:01.691;ANN SI 20250321 PS AM C 34.00 0;SIMPLE_INSTRUMENT;BLOCK;EUR;17;0.15000000;30000;EXCHANGE_LAST;;1;1;XEUR;10865131;45202;
28.01.2025;13:30:38.212;ANN SI 20251219 PS AM P 26.00 0;SIMPLE_INSTRUMENT;BLOCK;EUR;18;2.15000000;750;EXCHANGE_LAST;;1;1;XEUR;12469704;45202;
28.01.2025;14:42:21.473;AOM SI 20250620 PS AM C 22.00 0;SIMPLE_INSTRUMENT;BLOCK;EUR;37;0.66000000;3000;EXCHANGE_LAST;;2;1;XEUR;11249153;88;
28.01.2025;11:08:37.729;ASI SI 20250221 PS AM C 520.00 0;SIMPLE_INSTRUMENT;BLOCK;EUR;6;31.75000000;200;EXCHANGE_LAST;;1;1;XEUR;12267841;76318;
28.01.2025;14:01:09.961;ASI.O.250128.BER.000007;STANDARD_OPTION_STRATEGY;BLOCK;EUR;25;11.67000000;366;EXCHANGE_LAST;;1;1;XEUR;72385377352025781;76318;
28.01.2025;14:01:09.961;ASI SI 20250221 PS AM P 400.00 0;SIMPLE_INSTRUMENT;BLOCK;EUR;25;0.29000000;366;PRC_DECOMP_EXCHANGE;;;;XEUR;12267782;76318;EXCHANGE
28.01.2025;14:01:09.961;ASI SI 20250221 PS AM P 500.00 0;SIMPLE_INSTRUMENT;BLOCK;EUR;25;11.96000000;366;PRC_DECOMP_EXCHANGE;;;;XEUR;12267852;76318;EXCHANGE
28.01.2025;09:24:40.734;ASIF SI 20250417 CS;SIMPLE_INSTRUMENT;BLOCK;EUR;4;530.22580000;10;EXCHANGE_LAST;;1;1;XEUR;10865387;46864;
28.01.2025;11:41:22.582;ASM.O.250128.BER.000004;STANDARD_OPTION_STRATEGY;BLOCK;EUR;15;11.35000000;330;EXCHANGE_LAST;;1;1;XEUR;72058053599446357;107;
28.01.2025;11:41:22.582;ASM SI 20250221 PS AM P 500.00 0;SIMPLE_INSTRUMENT;BLOCK;EUR;15;1.14000000;330;PRC_DECOMP_EXCHANGE;;;;XEUR;12238472;107;EXCHANGE
28.01.2025;11:41:22.582;ASM SI 20250221 PS AM P 600.00 0;SIMPLE_INSTRUMENT;BLOCK;EUR;15;12.49000000;330;PRC_DECOMP_EXCHANGE;;;;XEUR;12238528;107;EXCHANGE
28.01.2025;09:18:45.571;AXA SI 20251219 PS AM P 26.00 0;SIMPLE_INSTRUMENT;BLOCK;EUR;5;0.50000000;19000;EXCHANGE_LAST;;1;1;XEUR;9654320;127;
28.01.2025;09:19:31.518;AXA SI 20260619 PS AM P 32.00 0;SIMPLE_INSTRUMENT;BLOCK;EUR;6;2.45000000;12000;EXCHANGE_LAST;;1;1;XEUR;9538765;127;
28.01.2025;14:33:44.199;AXA SI 20271217 PS AM P 28.00 0;SIMPLE_INSTRUMENT;BLOCK;EUR;33;2.40000000;3500;EXCHANGE_LAST;;2;2;XEUR;8773982;127;
28.01.2025;09:00:30.593;B2MW SI 20251219 CS;SIMPLE_INSTRUMENT;BLOCK;EUR;2;4.60000000;85;EXCHANGE_LAST;;1;1;XEUR;3681121;128;
28.01.2025;09:50:51.690;B2MW SI 20251219 CS;SIMPLE_INSTRUMENT;BLOCK;EUR;8;4.60000000;100;EXCHANGE_LAST;;1;1;XEUR;3681121;128;
28.01.2025;13:52:52.575;B2MW SI 20251219 CS;SIMPLE_INSTRUMENT;BLOCK;EUR;51;4.60000000;50;EXCHANGE_LAST;;1;1;XEUR;3681121;128;
28.01.2025;12:32:27.149;B2NP SI 20261218 CS;SIMPLE_INSTRUMENT;BLOCK;EUR;37;4.80000000;100;EXCHANGE_LAST;;1;1;XEUR;6798320;131;
28.01.2025;12:35:58.281;B2NP SI 20271217 CS;SIMPLE_INSTRUMENT;BLOCK;EUR;39;4.18000000;120;EXCHANGE_LAST;;1;1;XEUR;7086925;131;
28.01.2025;12:49:37.864;B2NP SI 20281215 CS;SIMPLE_INSTRUMENT;BLOCK;EUR;40;3.66000000;100;EXCHANGE_LAST;;1;1;XEUR;7086921;131;
28.01.2025;14:48:20.813;B2NP SI 20281215 CS;SIMPLE_INSTRUMENT;BLOCK;EUR;60;3.66000000;220;EXCHANGE_LAST;;1;2;XEUR;7086921;131;
28.01.2025;15:28:31.597;B2NP SI 20251219 CS;SIMPLE_INSTRUMENT;BLOCK;EUR;74;5.30000000;200;EXCHANGE_LAST;;1;1;XEUR;5914355;131;
28.01.2025;16:04:57.832;B2NP SI 20271217 CS;SIMPLE_INSTRUMENT;BLOCK;EUR;86;4.18000000;500;EXCHANGE_LAST;;1;1;XEUR;7086925;131;
28.01.2025;16:23:12.963;B2NP SI 20251219 CS;SIMPLE_INSTRUMENT;BLOCK;EUR;91;5.33000000;945;EXCHANGE_LAST;;1;1;XEUR;5914355;131;
28.01.2025;15:06:42.336;B3BV SI 20251219 CS;SIMPLE_INSTRUMENT;BLOCK;EUR;65;0.78500000;1000;EXCHANGE_LAST;;2;2;XEUR;5914370;135;
28.01.2025;16:22:09.141;B3BV SI 20251219 CS;SIMPLE_INSTRUMENT;BLOCK;EUR;89;0.78700000;250;EXCHANGE_LAST;;1;1;XEUR;5914370;135;
28.01.2025;16:22:25.678;B3BV SI 20251219 CS;SIMPLE_INSTRUMENT;BLOCK;EUR;90;0.78800000;250;EXCHANGE_LAST;;1;1;XEUR;5914370;135;
28.01.2025;14:07:54.261;BALN SI 20250321 PS AM P 170.00 0;SIMPLE_INSTRUMENT;BLOCK;CHF;51;4.44000000;270;EXCHANGE_LAST;;1;1;XEUR;10830616;147;
28.01.2025;10:13:10.369;BARN SI 20250919 PS AM P 1000.00 0;SIMPLE_INSTRUMENT;BLOCK;CHF;10;54.25000000;900;EXCHANGE_LAST;;1;1;XEUR;11872515;149;
28.01.2025;09:18:37.385;BAS SI 20250131 PS AM C 48.00 0;SIMPLE_INSTRUMENT;BLOCK;EUR;1;0.21000000;3150;EXCHANGE_LAST;;1;1;XEUR;12604624;150;
28.01.2025;09:25:13.940;BAS SI 20250214 PS AM C 50.00 0;SIMPLE_INSTRUMENT;BLOCK;EUR;2;0.31000000;3150;EXCHANGE_LAST;;1;1;XEUR;12673175;150;
28.01.2025;09:44:04.123;BAS SI 20250321 PS AM C 50.00 0;SIMPLE_INSTRUMENT;BLOCK;EUR;3;1.14000000;17500;EXCHANGE_LAST;;1;1;XEUR;10831042;150;
28.01.2025;09:44:04.124;BAS SI 20250321 PS AM C 50.00 0;SIMPLE_INSTRUMENT;BLOCK;EUR;4;1.15000000;17500;EXCHANGE_LAST;;1;1;XEUR;10831042;150;
28.01.2025;09:45:14.015;BAS SI 20250620 PS AM C 52.00 0;SIMPLE_INSTRUMENT;BLOCK;EUR;5;1.10000000;15200;EXCHANGE_LAST;;1;1;XEUR;7898973;150;
28.01.2025;09:45:14.025;BAS SI 20250620 PS AM C 52.00 0;SIMPLE_INSTRUMENT;BLOCK;EUR;6;1.20000000;24800;EXCHANGE_LAST;;1;1;XEUR;7898973;150;
28.01.2025;10:04:18.487;BAS SI 20250221 PS AM C 49.00 0;SIMPLE_INSTRUMENT;BLOCK;EUR;9;0.72000000;3500;EXCHANGE_LAST;;1;2;XEUR;12339045;150;
28.01.2025;11:15:46.750;BAS SI 20251219 PS AM C 50.00 0;SIMPLE_INSTRUMENT;BLOCK;EUR;10;2.75000000;5000;EXCHANGE_LAST;;1;3;XEUR;7509829;150;
28.01.2025;15:48:30.021;BAS SI 20250321 PS AM P 44.00 0;SIMPLE_INSTRUMENT;BLOCK;EUR;12;0.79000000;1000;EXCHANGE_LAST;;1;2;XEUR;10830944;150;
28.01.2025;09:26:55.745;BMW SI 20251219 PS AM P 68.00 0;SIMPLE_INSTRUMENT;BLOCK;EUR;2;3.80000000;400;EXCHANGE_LAST;;1;1;XEUR;5923230;210;
28.01.2025;12:31:49.440;BMW SI 20250221 PS AM P 74.00 0;SIMPLE_INSTRUMENT;BLOCK;EUR;14;0.56000000;1750;EXCHANGE_LAST;;2;1;XEUR;12239975;210;
28.01.2025;13:26:10.398;BMW SI 20250221 PS AM C 83.00 0;SIMPLE_INSTRUMENT;BLOCK;EUR;17;1.74000000;980;EXCHANGE_LAST;;1;1;XEUR;12339267;210;
28.01.2025;14:38:33.570;BNP.O.250128.STG.000007;STANDARD_OPTION_STRATEGY;BLOCK;EUR;35;3.35000000;750;EXCHANGE_LAST;;1;1;XEUR;72058611945199836;237;
28.01.2025;14:38:33.570;BNP SI 20250321 PS AM C 65.00 0;SIMPLE_INSTRUMENT;BLOCK;EUR;35;2.56000000;750;PRC_DECOMP_EXCHANGE;;;;XEUR;12435411;237;EXCHANGE
28.01.2025;14:38:33.570;BNP SI 20250321 PS AM P 60.00 0;SIMPLE_INSTRUMENT;BLOCK;EUR;35;0.79000000;750;PRC_DECOMP_EXCHANGE;;;;XEUR;10832956;237;EXCHANGE
28.01.2025;16:08:15.178;BNP SI 20250321 PS AM C 69.00 0;SIMPLE_INSTRUMENT;BLOCK;EUR;41;1.01000000;3000;EXCHANGE_LAST;;1;1;XEUR;12536827;237;
28.01.2025;11:14:24.059;BSI.O.250128.RBUL.000002;STANDARD_OPTION_STRATEGY;BLOCK;EUR;7;-0.38000000;250;EXCHANGE_LAST;;1;1;XEUR;72385373057061375;76317;
28.01.2025;11:14:24.059;BSI SI 20250221 PS AM C 130.00 0;SIMPLE_INSTRUMENT;BLOCK;EUR;7;5.00000000;250;PRC_DECOMP_MEMBER;;;;XEUR;12267752;76317;MEMBER
28.01.2025;11:14:24.059;BSI SI 20250221 PS AM C 140.00 0;SIMPLE_INSTRUMENT;BLOCK;EUR;7;2.31000000;500;PRC_DECOMP_MEMBER;;;;XEUR;12267737;76317;MEMBER
28.01.2025;11:14:29.501;BSI.O.250128.RBUL.000002;STANDARD_OPTION_STRATEGY;BLOCK;EUR;8;-0.38000000;250;EXCHANGE_LAST;;1;1;XEUR;72385373057061375;76317;
28.01.2025;11:14:29.501;BSI SI 20250221 PS AM C 130.00 0;SIMPLE_INSTRUMENT;BLOCK;EUR;8;5.00000000;250;PRC_DECOMP_MEMBER;;;;XEUR;12267752;76317;MEMBER
28.01.2025;11:14:29.501;BSI SI 20250221 PS AM C 140.00 0;SIMPLE_INSTRUMENT;BLOCK;EUR;8;2.31000000;500;PRC_DECOMP_MEMBER;;;;XEUR;12267737;76317;MEMBER
28.01.2025;15:51:12.304;BSIF SI 20250321 CS;SIMPLE_INSTRUMENT;BLOCK;EUR;83;121.25820000;150;EXCHANGE_LAST;;1;1;XEUR;10726598;174729;
28.01.2025;12:49:54.794;C4RI SI 20261218 CS;SIMPLE_INSTRUMENT;BLOCK;EUR;41;2.89000000;750;EXCHANGE_LAST;;1;2;XEUR;6821680;50862;
28.01.2025;10:20:30.707;CAR SI 20251219 PS AM P 12.00 0;SIMPLE_INSTRUMENT;BLOCK;EUR;8;0.64000000;5000;EXCHANGE_LAST;;1;1;XEUR;5924412;265;
28.01.2025;12:25:03.729;CBK.O.250128.STD.000016;STANDARD_OPTION_STRATEGY;BLOCK;EUR;11;1.99000000;5000;EXCHANGE_LAST;;3;1;XEUR;72058745089203432;268;
28.01.2025;12:25:03.729;CBK SI 20250321 PS AM C 17.00 0;SIMPLE_INSTRUMENT;BLOCK;EUR;11;1.61000000;5000;PRC_DECOMP_EXCHANGE;;;;XEUR;10833947;268;EXCHANGE
28.01.2025;12:25:03.729;CBK SI 20250321 PS AM P 17.00 0;SIMPLE_INSTRUMENT;BLOCK;EUR;11;0.38000000;5000;PRC_DECOMP_EXCHANGE;;;;XEUR;10833944;268;EXCHANGE
28.01.2025;09:56:42.406;CFR SI 20250620 PS AM C 180.00 0;SIMPLE_INSTRUMENT;BLOCK;CHF;7;8.75000000;750;EXCHANGE_LAST;;1;1;XEUR;9996502;313;
28.01.2025;09:56:46.086;CFR SI 20250620 PS AM P 170.00 0;SIMPLE_INSTRUMENT;BLOCK;CHF;8;11.20000000;750;EXCHANGE_LAST;;1;1;XEUR;11354564;313;
28.01.2025;10:34:33.024;CFR SI 20250221 PS AM P 164.00 0;SIMPLE_INSTRUMENT;BLOCK;CHF;17;1.73000000;1000;EXCHANGE_LAST;;2;1;XEUR;12607524;313;
28.01.2025;11:46:48.469;CFR SI 20251219 PS AM P 170.00 0;SIMPLE_INSTRUMENT;BLOCK;CHF;31;17.90000000;400;EXCHANGE_LAST;;1;1;XEUR;12437087;313;
28.01.2025;15:54:17.923;CFR SI 20250620 PS AM C 180.00 0;SIMPLE_INSTRUMENT;BLOCK;CHF;73;8.95000000;300;EXCHANGE_LAST;;1;1;XEUR;9996502;313;
28.01.2025;14:28:59.596;CLX SI 20251219 PS AM P 28.00 0;SIMPLE_INSTRUMENT;BLOCK;EUR;26;1.45000000;2138;EXCHANGE_LAST;;1;1;XEUR;8999133;626615;
28.01.2025;14:29:03.860;CLX SI 20251219 PS AM C 36.00 0;SIMPLE_INSTRUMENT;BLOCK;EUR;27;2.27000000;153;EXCHANGE_LAST;;1;1;XEUR;8999115;626615;
28.01.2025;14:29:08.235;CLX SI 20251219 PS AM C 36.00 0;SIMPLE_INSTRUMENT;BLOCK;EUR;28;2.28000000;1374;EXCHANGE_LAST;;1;1;XEUR;8999115;626615;
28.01.2025;16:38:14.028;CR5J SI 20250320 CS;SIMPLE_INSTRUMENT;BLOCK;EUR;98;44.44500000;500;EXCHANGE_LAST;;1;1;XEUR;10689747;50861;
28.01.2025;15:58:01.200;CRI5.O.250128.STG.000003;STANDARD_OPTION_STRATEGY;BLOCK;EUR;31;5.39000000;2000;EXCHANGE_LAST;;1;1;XEUR;72058968427474696;320;
28.01.2025;15:58:01.200;CRI5 SI 20250619 PS AM P 44.00 0;SIMPLE_INSTRUMENT;BLOCK;EUR;31;3.20250000;2000;PRC_DECOMP_EXCHANGE;;;;XEUR;9543492;320;EXCHANGE
28.01.2025;15:58:01.200;CRI5 SI 20250619 PS AM C 46.00 0;SIMPLE_INSTRUMENT;BLOCK;EUR;31;2.18750000;2000;PRC_DECOMP_EXCHANGE;;;;XEUR;11337258;320;EXCHANGE
28.01.2025;12:16:09.560;D2TE SI 20250919 CS;SIMPLE_INSTRUMENT;BLOCK;EUR;27;0.90000000;1000;EXCHANGE_LAST;;1;1;XEUR;11355143;359;
28.01.2025;12:09:23.322;D2TE SI 20250919 CS;SIMPLE_INSTRUMENT;BLOCK;EUR;34;0.90000000;1000;EXCHANGE_LAST;;1;1;XEUR;11355143;359;
28.01.2025;13:21:09.297;D3AI SI 20251219 CS;SIMPLE_INSTRUMENT;BLOCK;EUR;43;4.28500000;675;EXCHANGE_LAST;;3;5;XEUR;7144062;443197;
28.01.2025;13:57:44.541;D3AI SI 20251219 CS;SIMPLE_INSTRUMENT;BLOCK;EUR;52;4.28500000;175;EXCHANGE_LAST;;1;1;XEUR;7144062;443197;
28.01.2025;14:04:34.526;D3AI SI 20261218 CS;SIMPLE_INSTRUMENT;BLOCK;EUR;55;3.56000000;275;EXCHANGE_LAST;;3;1;XEUR;7144051;443197;
28.01.2025;14:39:28.774;D3AI SI 20261218 CS;SIMPLE_INSTRUMENT;BLOCK;EUR;59;3.56000000;50;EXCHANGE_LAST;;1;1;XEUR;7144051;443197;
28.01.2025;08:26:56.506;DAI SI 20250131 PS AM C 58.00 0;SIMPLE_INSTRUMENT;BLOCK;EUR;1;0.95000000;796;EXCHANGE_LAST;;1;1;XEUR;12490351;443196;
28.01.2025;10:45:43.638;DAI SI 20250620 PS AM C 56.00 0;SIMPLE_INSTRUMENT;BLOCK;EUR;4;4.94000000;2000;EXCHANGE_LAST;;1;1;XEUR;8006363;443196;
28.01.2025;11:21:13.130;DAI SI 20250919 PS AM P 60.00 0;SIMPLE_INSTRUMENT;BLOCK;EUR;7;6.75000000;1500;EXCHANGE_LAST;;1;1;XEUR;11925646;443196;
28.01.2025;11:21:18.470;DAI SI 20250919 PS AM C 60.00 0;SIMPLE_INSTRUMENT;BLOCK;EUR;8;3.27000000;1500;EXCHANGE_LAST;;1;1;XEUR;11925649;443196;
28.01.2025;11:43:13.437;DAI SI 20250131 PS AM C 58.00 0;SIMPLE_INSTRUMENT;BLOCK;EUR;10;1.41000000;796;EXCHANGE_LAST;;1;1;XEUR;12490351;443196;
28.01.2025;12:58:58.093;DAI.O.250128.STD.000018;STANDARD_OPTION_STRATEGY;BLOCK;EUR;15;15.85000000;2000;EXCHANGE_LAST;;1;1;XEUR;73961106363663842;443196;
28.01.2025;12:58:58.093;DAI SI 20261218 PS AM C 54.00 0;SIMPLE_INSTRUMENT;BLOCK;EUR;15;8.80000000;2000;PRC_DECOMP_EXCHANGE;;;;XEUR;7362237;443196;EXCHANGE
28.01.2025;12:58:58.093;DAI SI 20261218 PS AM P 54.00 0;SIMPLE_INSTRUMENT;BLOCK;EUR;15;7.05000000;2000;PRC_DECOMP_EXCHANGE;;;;XEUR;7362234;443196;EXCHANGE
28.01.2025;13:15:12.857;DAI SI 20260619 PS AM P 54.00 0;SIMPLE_INSTRUMENT;BLOCK;EUR;16;6.15000000;750;EXCHANGE_LAST;;1;1;XEUR;10193327;443196;
28.01.2025;13:48:04.919;DAI.O.250128.STD.000019;STANDARD_OPTION_STRATEGY;BLOCK;EUR;19;11.05000000;3500;EXCHANGE_LAST;;2;2;XEUR;73961106363663843;443196;
28.01.2025;13:48:04.919;DAI SI 20251219 PS AM P 60.00 0;SIMPLE_INSTRUMENT;BLOCK;EUR;19;7.29000000;3500;PRC_DECOMP_EXCHANGE;;;;XEUR;7144540;443196;EXCHANGE
28.01.2025;13:48:04.919;DAI SI 20251219 PS AM C 60.00 0;SIMPLE_INSTRUMENT;BLOCK;EUR;19;3.76000000;3500;PRC_DECOMP_EXCHANGE;;;;XEUR;7144524;443196;EXCHANGE
28.01.2025;14:04:16.187;DAI.O.250128.STG.000021;STANDARD_OPTION_STRATEGY;BLOCK;EUR;20;6.66000000;800;EXCHANGE_LAST;;1;1;XEUR;73961106363663845;443196;
28.01.2025;14:04:16.187;DAI SI 20250620 PS AM P 56.00 0;SIMPLE_INSTRUMENT;BLOCK;EUR;20;3.45000000;800;PRC_DECOMP_MEMBER;;;;XEUR;8006365;443196;MEMBER
28.01.2025;14:04:16.187;DAI SI 20250620 PS AM C 60.00 0;SIMPLE_INSTRUMENT;BLOCK;EUR;20;3.21000000;800;PRC_DECOMP_MEMBER;;;;XEUR;7934293;443196;MEMBER
28.01.2025;14:04:11.068;DAI.O.250128.STG.000022;STANDARD_OPTION_STRATEGY;BLOCK;EUR;21;9.12000000;1000;EXCHANGE_LAST;;1;1;XEUR;73961106363663846;443196;
28.01.2025;14:04:11.068;DAI SI 20251219 PS AM P 56.00 0;SIMPLE_INSTRUMENT;BLOCK;EUR;21;4.99000000;1000;PRC_DECOMP_MEMBER;;;;XEUR;7349881;443196;MEMBER
28.01.2025;14:04:11.068;DAI SI 20251219 PS AM C 60.00 0;SIMPLE_INSTRUMENT;BLOCK;EUR;21;4.13000000;1000;PRC_DECOMP_MEMBER;;;;XEUR;7144524;443196;MEMBER
28.01.2025;15:12:28.047;DBK SI 20250321 PS AM C 19.00 0;SIMPLE_INSTRUMENT;BLOCK;EUR;14;1.05000000;2500;EXCHANGE_LAST;;1;1;XEUR;10835596;362;
28.01.2025;09:31:02.573;DPW SI 20291221 PS AM P 32.00 0;SIMPLE_INSTRUMENT;BLOCK;EUR;3;4.98000000;1000;EXCHANGE_LAST;;1;1;XEUR;12439590;445;
28.01.2025;10:06:20.999;DPW SI 20250620 PS AM P 34.00 0;SIMPLE_INSTRUMENT;BLOCK;EUR;8;1.63000000;5000;EXCHANGE_LAST;;3;1;XEUR;11357243;445;
28.01.2025;12:50:17.676;DPW SI 20250221 PS AM C 36.00 0;SIMPLE_INSTRUMENT;BLOCK;EUR;14;0.95000000;1500;EXCHANGE_LAST;;1;1;XEUR;12243220;445;
28.01.2025;14:09:28.522;DPW SI 20260619 PS AM P 36.00 0;SIMPLE_INSTRUMENT;BLOCK;EUR;23;4.19000000;1000;EXCHANGE_LAST;;1;1;XEUR;9545227;445;
28.01.2025;15:28:53.718;DPWP FI 20250428 PS;FLEXIBLE_INSTRUMENT;BLOCK;EUR;73;36.45440000;6900;EXCHANGE_LAST;;1;1;XEUR;1153455326092066830;124290;
28.01.2025;09:42:45.540;DTEE.O.250128.STD.000001;STANDARD_OPTION_STRATEGY;BLOCK;EUR;5;6.05000000;3500;EXCHANGE_LAST;;1;1;XEUR;72059436578899263;429;
28.01.2025;09:42:45.540;DTEE SI 20251219 PS EU P 25.00 0;SIMPLE_INSTRUMENT;BLOCK;EUR;5;0.50000000;3500;PRC_DECOMP_MEMBER;;;;XEUR;9660428;429;MEMBER
28.01.2025;09:42:45.540;DTEE SI 20251219 PS EU C 25.00 0;SIMPLE_INSTRUMENT;BLOCK;EUR;5;5.55000000;3500;PRC_DECOMP_MEMBER;;;;XEUR;9660427;429;MEMBER
28.01.2025;10:05:59.492;DTEF SI 20250321 CS;SIMPLE_INSTRUMENT;BLOCK;EUR;9;30.44940000;3000;EXCHANGE_LAST;;1;1;XEUR;10698021;430;
28.01.2025;12:08:28.841;DTEF SI 20250919 CS;SIMPLE_INSTRUMENT;BLOCK;EUR;33;29.89000000;10000;EXCHANGE_LAST;;1;1;XEUR;11703581;430;
28.01.2025;12:20:55.773;DTEP SI 20250919 PS;SIMPLE_INSTRUMENT;BLOCK;EUR;36;29.89000000;10000;EXCHANGE_LAST;;1;1;XEUR;11729593;124289;
28.01.2025;14:09:10.459;E2NT SI 20251219 CS;SIMPLE_INSTRUMENT;BLOCK;EUR;53;1.00000000;1100;EXCHANGE_LAST;;2;3;XEUR;3681294;470;
28.01.2025;15:48:34.956;E2NT SI 20271217 CS;SIMPLE_INSTRUMENT;BLOCK;EUR;82;0.92500000;800;EXCHANGE_LAST;;2;2;XEUR;5914575;470;
28.01.2025;16:44:57.497;E2NT SI 20281215 CS;SIMPLE_INSTRUMENT;BLOCK;EUR;97;0.84500000;300;EXCHANGE_LAST;;1;1;XEUR;6802271;470;
28.01.2025;11:24:11.145;E3OA SI 20251219 CS;SIMPLE_INSTRUMENT;BLOCK;EUR;20;0.54000000;800;EXCHANGE_LAST;;1;1;XEUR;5914584;49063;
28.01.2025;13:51:25.343;EAD SI 20250221 PS AM C 165.00 0;SIMPLE_INSTRUMENT;BLOCK;EUR;23;6.20000000;1200;EXCHANGE_LAST;;1;1;XEUR;12244217;465;
28.01.2025;13:51:28.806;EAD SI 20250221 PS AM C 175.00 0;SIMPLE_INSTRUMENT;BLOCK;EUR;24;2.00000000;1800;EXCHANGE_LAST;;1;1;XEUR;12244205;465;
28.01.2025;13:51:32.622;EAD SI 20250321 PS AM C 175.00 0;SIMPLE_INSTRUMENT;BLOCK;EUR;25;3.49000000;1950;EXCHANGE_LAST;;1;1;XEUR;12440456;465;
28.01.2025;13:51:35.910;EAD SI 20250321 PS AM C 185.00 0;SIMPLE_INSTRUMENT;BLOCK;EUR;26;1.22000000;2550;EXCHANGE_LAST;;1;1;XEUR;12440465;465;
28.01.2025;13:51:39.262;EAD SI 20250321 PS AM C 160.00 0;SIMPLE_INSTRUMENT;BLOCK;EUR;27;11.00000000;750;EXCHANGE_LAST;;1;1;XEUR;11013886;465;
28.01.2025;13:51:42.494;EAD SI 20250321 PS AM C 180.00 0;SIMPLE_INSTRUMENT;BLOCK;EUR;28;2.06000000;750;EXCHANGE_LAST;;1;1;XEUR;11013898;465;
28.01.2025;09:26:25.490;ENL5 SI 20260618 PS AM P 4.80 0;SIMPLE_INSTRUMENT;BLOCK;EUR;3;0.08700000;2000;EXCHANGE_LAST;;1;1;XEUR;9531394;500;
28.01.2025;08:48:13.783;ENR SI 20250321 PS AM C 60.00 0;SIMPLE_INSTRUMENT;BLOCK;EUR;1;1.75000000;320;EXCHANGE_LAST;;1;1;XEUR;12193252;298530;
28.01.2025;08:48:46.048;ENR SI 20250321 PS AM C 80.00 0;SIMPLE_INSTRUMENT;BLOCK;EUR;2;0.30000000;320;EXCHANGE_LAST;;1;1;XEUR;12327352;298530;
28.01.2025;13:29:59.946;ENR SI 20250321 PS AM C 54.00 0;SIMPLE_INSTRUMENT;BLOCK;EUR;19;3.15000000;1500;EXCHANGE_LAST;;1;1;XEUR;12484031;298530;
28.01.2025;13:34:08.735;ENR SI 20250221 PS AM P 50.00 0;SIMPLE_INSTRUMENT;BLOCK;EUR;21;2.70000000;5000;EXCHANGE_LAST;;1;1;XEUR;12273421;298530;
28.01.2025;13:57:39.912;ENR SI 20250221 PS AM C 57.00 0;SIMPLE_INSTRUMENT;BLOCK;EUR;22;2.15000000;5000;EXCHANGE_LAST;;1;1;XEUR;12573840;298530;
28.01.2025;14:24:12.280;ENR SI 20250221 PS AM P 50.00 0;SIMPLE_INSTRUMENT;BLOCK;EUR;24;2.20000000;1584;EXCHANGE_LAST;;1;1;XEUR;12273421;298530;
28.01.2025;14:24:26.198;ENR SI 20250221 PS AM P 50.00 0;SIMPLE_INSTRUMENT;BLOCK;EUR;25;2.18000000;6916;EXCHANGE_LAST;;1;1;XEUR;12273421;298530;
28.01.2025;14:24:35.240;ENR SI 20250221 PS AM P 44.00 0;SIMPLE_INSTRUMENT;BLOCK;EUR;26;0.76000000;5000;EXCHANGE_LAST;;1;1;XEUR;12273391;298530;
28.01.2025;14:38:24.662;ENR SI 20250321 PS AM C 68.00 0;SIMPLE_INSTRUMENT;BLOCK;EUR;27;1.08000000;1625;EXCHANGE_LAST;;1;1;XEUR;12229452;298530;
28.01.2025;14:41:01.558;ENR SI 20250321 PS AM C 60.00 0;SIMPLE_INSTRUMENT;BLOCK;EUR;28;2.00000000;1000;EXCHANGE_LAST;;1;1;XEUR;12193252;298530;
28.01.2025;14:52:09.436;ENR SI 20250321 PS AM C 60.00 0;SIMPLE_INSTRUMENT;BLOCK;EUR;29;2.20000000;2400;EXCHANGE_LAST;;1;1;XEUR;12193252;298530;
28.01.2025;14:52:42.704;ENR SI 20250321 PS AM C 68.00 0;SIMPLE_INSTRUMENT;BLOCK;EUR;30;0.86000000;2400;EXCHANGE_LAST;;1;1;XEUR;12229452;298530;
28.01.2025;13:07:34.517;ENUR SI 20250321 PS AM C 12.00 0;SIMPLE_INSTRUMENT;BLOCK;EUR;16;0.08000000;6627;EXCHANGE_LAST;;1;1;XEUR;10838201;498;
28.01.2025;13:07:30.348;ENUR SI 20250321 PS AM C 12.00 0;SIMPLE_INSTRUMENT;BLOCK;EUR;17;0.09000000;6628;EXCHANGE_LAST;;1;1;XEUR;10838201;498;
28.01.2025;13:41:17.812;ENUR SI 20250221 PS AM C 11.00 0;SIMPLE_INSTRUMENT;BLOCK;EUR;20;0.16000000;1879;EXCHANGE_LAST;;1;1;XEUR;12244040;498;
28.01.2025;13:33:43.780;F3IA SI 20261218 CS;SIMPLE_INSTRUMENT;BLOCK;EUR;46;0.64500000;600;EXCHANGE_LAST;;1;3;XEUR;6830373;390387;
28.01.2025;13:51:48.751;F3IA SI 20271217 CS;SIMPLE_INSTRUMENT;BLOCK;EUR;49;0.60000000;500;EXCHANGE_LAST;;2;1;XEUR;8422837;390387;
28.01.2025;15:05:38.173;F3IA SI 20271217 CS;SIMPLE_INSTRUMENT;BLOCK;EUR;66;0.60000000;825;EXCHANGE_LAST;;2;2;XEUR;8422837;390387;
28.01.2025;10:07:22.982;F3TE SI 20271217 CS;SIMPLE_INSTRUMENT;BLOCK;EUR;10;0.66500000;925;EXCHANGE_LAST;;1;2;XEUR;6633916;390379;
28.01.2025;08:26:55.727;FBTP SI 20250306 PS;SIMPLE_INSTRUMENT;EFP_FIN;EUR;1;119.00000000;177;EXCHANGE_LAST;;1;1;XEUR;11286675;636;
28.01.2025;08:39:50.475;FBTP SI 20250306 PS;SIMPLE_INSTRUMENT;BLOCK;EUR;2;119.04000000;458;EXCHANGE_LAST;;1;1;XEUR;11286675;636;
28.01.2025;08:50:23.458;FBTP SI 20250306 PS;SIMPLE_INSTRUMENT;EFP_FIN;EUR;3;119.03000000;627;EXCHANGE_LAST;;1;1;XEUR;11286675;636;
28.01.2025;08:56:56.008;FBTP SI 20250306 PS;SIMPLE_INSTRUMENT;EFP_FIN;EUR;4;119.04000000;74;EXCHANGE_LAST;;1;1;XEUR;11286675;636;
28.01.2025;09:26:46.165;FBTP SI 20250306 PS;SIMPLE_INSTRUMENT;EFP_FIN;EUR;5;119.05000000;1083;EXCHANGE_LAST;;1;1;XEUR;11286675;636;
28.01.2025;10:04:02.468;FBTP SI 20250306 PS;SIMPLE_INSTRUMENT;EFP_FIN;EUR;6;118.97000000;170;EXCHANGE_LAST;;1;1;XEUR;11286675;636;
28.01.2025;10:05:26.387;FBTP SI 20250306 PS;SIMPLE_INSTRUMENT;EFP_FIN;EUR;7;118.99000000;409;EXCHANGE_LAST;;1;1;XEUR;11286675;636;
28.01.2025;11:05:53.139;FBTP SI 20250306 PS;SIMPLE_INSTRUMENT;EFP_FIN;EUR;8;119.12000000;834;EXCHANGE_LAST;;1;1;XEUR;11286675;636;
28.01.2025;11:16:11.890;FBTP SI 20250306 PS;SIMPLE_INSTRUMENT;BLOCK;EUR;9;119.14000000;1724;EXCHANGE_LAST;;1;1;XEUR;11286675;636;
28.01.2025;11:22:33.187;FBTP SI 20250306 PS;SIMPLE_INSTRUMENT;EFP_FIN;EUR;10;119.15000000;358;EXCHANGE_LAST;;1;1;XEUR;11286675;636;
28.01.2025;11:22:34.943;FBTP SI 20250306 PS;SIMPLE_INSTRUMENT;EFP_FIN;EUR;11;119.15000000;448;EXCHANGE_LAST;;1;1;XEUR;11286675;636;
28.01.2025;11:32:27.581;FBTP SI 20250306 PS;SIMPLE_INSTRUMENT;EFP_FIN;EUR;12;119.17000000;447;EXCHANGE_LAST;;1;1;XEUR;11286675;636;
28.01.2025;11:37:08.164;FBTP SI 20250306 PS;SIMPLE_INSTRUMENT;EFP_FIN;EUR;13;119.13000000;219;EXCHANGE_LAST;;1;1;XEUR;11286675;636;
28.01.2025;12:22:45.752;FBTP SI 20250306 PS;SIMPLE_INSTRUMENT;BLOCK;EUR;14;119.14000000;293;EXCHANGE_LAST;;1;1;XEUR;11286675;636;
28.01.2025;12:27:27.072;FBTP SI 20250306 PS;SIMPLE_INSTRUMENT;EFP_FIN;EUR;15;119.07000000;1830;EXCHANGE_LAST;;1;1;XEUR;11286675;636;
28.01.2025;12:31:33.793;FBTP SI 20250306 PS;SIMPLE_INSTRUMENT;EFP_FIN;EUR;16;119.12000000;1486;EXCHANGE_LAST;;1;1;XEUR;11286675;636;
28.01.2025;12:56:19.526;FBTP SI 20250306 PS;SIMPLE_INSTRUMENT;EFP_FIN;EUR;17;119.08000000;191;EXCHANGE_LAST;;1;1;XEUR;11286675;636;
28.01.2025;13:00:38.952;FBTP SI 20250306 PS;SIMPLE_INSTRUMENT;EFP_FIN;EUR;18;119.12000000;302;EXCHANGE_LAST;;1;1;XEUR;11286675;636;
28.01.2025;13:17:44.700;FBTP SI 20250306 PS;SIMPLE_INSTRUMENT;EFP_FIN;EUR;19;119.08000000;214;EXCHANGE_LAST;;1;1;XEUR;11286675;636;
28.01.2025;13:25:12.951;FBTP SI 20250306 PS;SIMPLE_INSTRUMENT;BLOCK;EUR;20;119.10000000;292;EXCHANGE_LAST;;1;1;XEUR;11286675;636;
28.01.2025;13:29:50.611;FBTP SI 20250306 PS;SIMPLE_INSTRUMENT;EFP_FIN;EUR;21;119.10000000;255;EXCHANGE_LAST;;1;1;XEUR;11286675;636;
28.01.2025;13:30:32.226;FBTP SI 20250306 PS;SIMPLE_INSTRUMENT;EFP_FIN;EUR;22;119.12000000;229;EXCHANGE_LAST;;1;1;XEUR;11286675;636;
28.01.2025;13:33:21.348;FBTP SI 20250306 PS;SIMPLE_INSTRUMENT;EFP_FIN;EUR;23;119.10000000;62;EXCHANGE_LAST;;1;1;XEUR;11286675;636;
28.01.2025;14:05:24.470;FBTP SI 20250306 PS;SIMPLE_INSTRUMENT;BLOCK;EUR;24;119.14000000;448;EXCHANGE_LAST;;1;1;XEUR;11286675;636;
28.01.2025;14:07:38.634;FBTP SI 20250306 PS;SIMPLE_INSTRUMENT;EFS;EUR;25;119.17000000;250;EXCHANGE_LAST;;1;1;XEUR;11286675;636;
28.01.2025;14:09:37.797;FBTP SI 20250306 PS;SIMPLE_INSTRUMENT;EFP_FIN;EUR;26;119.18000000;865;EXCHANGE_LAST;;1;1;XEUR;11286675;636;
28.01.2025;14:43:47.467;FBTP SI 20250306 PS;SIMPLE_INSTRUMENT;EFP_FIN;EUR;27;119.14000000;187;EXCHANGE_LAST;;1;1;XEUR;11286675;636;
28.01.2025;14:46:04.908;FBTP SI 20250306 PS;SIMPLE_INSTRUMENT;EFP_FIN;EUR;28;119.07000000;119;EXCHANGE_LAST;;1;1;XEUR;11286675;636;
28.01.2025;15:11:51.738;FBTP SI 20250306 PS;SIMPLE_INSTRUMENT;EFP_FIN;EUR;29;119.13000000;291;EXCHANGE_LAST;;1;1;XEUR;11286675;636;
28.01.2025;15:42:19.964;FBTP SI 20250306 PS;SIMPLE_INSTRUMENT;EFP_FIN;EUR;30;119.16000000;139;EXCHANGE_LAST;;1;1;XEUR;11286675;636;
28.01.2025;16:02:30.729;FBTP SI 20250306 PS;SIMPLE_INSTRUMENT;EFP_FIN;EUR;32;119.13000000;255;EXCHANGE_LAST;;1;1;XEUR;11286675;636;
28.01.2025;16:37:23.509;FBTP SI 20250306 PS;SIMPLE_INSTRUMENT;BLOCK;EUR;33;118.99000000;1719;EXCHANGE_LAST;;1;1;XEUR;11286675;636;
28.01.2025;16:39:52.743;FBTP SI 20250306 PS;SIMPLE_INSTRUMENT;EFP_FIN;EUR;34;118.92000000;895;EXCHANGE_LAST;;1;1;XEUR;11286675;636;
28.01.2025;08:34:44.352;FBTS SI 20250306 PS;SIMPLE_INSTRUMENT;EFP_FIN;EUR;1;107.05000000;221;EXCHANGE_LAST;;1;1;XEUR;11286677;639;
28.01.2025;08:54:03.248;FBTS SI 20250306 PS;SIMPLE_INSTRUMENT;BLOCK;EUR;5;107.05000000;375;EXCHANGE_LAST;;1;1;XEUR;11286677;639;
28.01.2025;09:04:18.305;FBTS SI 20250306 PS;SIMPLE_INSTRUMENT;EFP_FIN;EUR;6;107.05000000;264;EXCHANGE_LAST;;1;1;XEUR;11286677;639;
28.01.2025;09:26:16.891;FBTS SI 20250306 PS;SIMPLE_INSTRUMENT;EFP_FIN;EUR;8;107.03000000;221;EXCHANGE_LAST;;1;1;XEUR;11286677;639;
28.01.2025;09:32:58.698;FBTS SI 20250306 PS;SIMPLE_INSTRUMENT;EFP_FIN;EUR;10;107.02000000;907;EXCHANGE_LAST;;1;1;XEUR;11286677;639;
28.01.2025;09:52:55.366;FBTS SI 20250306 PS;SIMPLE_INSTRUMENT;EFP_FIN;EUR;11;107.02000000;908;EXCHANGE_LAST;;1;1;XEUR;11286677;639;
28.01.2025;10:01:33.733;FBTS SI 20250306 PS;SIMPLE_INSTRUMENT;EFP_FIN;EUR;12;107.01000000;440;EXCHANGE_LAST;;1;1;XEUR;11286677;639;
28.01.2025;10:04:41.799;FBTS SI 20250306 PS;SIMPLE_INSTRUMENT;EFP_FIN;EUR;14;107.02000000;574;EXCHANGE_LAST;;1;1;XEUR;11286677;639;
28.01.2025;10:09:45.298;FBTS SI 20250306 PS;SIMPLE_INSTRUMENT;EFP_FIN;EUR;15;107.02000000;221;EXCHANGE_LAST;;1;1;XEUR;11286677;639;
28.01.2025;10:10:48.962;FBTS SI 20250306 PS;SIMPLE_INSTRUMENT;EFP_FIN;EUR;16;107.02000000;353;EXCHANGE_LAST;;1;1;XEUR;11286677;639;
28.01.2025;10:19:04.444;FBTS SI 20250306 PS;SIMPLE_INSTRUMENT;EFP_FIN;EUR;17;107.02000000;440;EXCHANGE_LAST;;1;1;XEUR;11286677;639;
28.01.2025;10:39:59.646;FBTS SI 20250306 PS;SIMPLE_INSTRUMENT;BLOCK;EUR;18;107.06000000;2112;EXCHANGE_LAST;;1;1;XEUR;11286677;639;
28.01.2025;10:42:20.956;FBTS SI 20250306 PS;SIMPLE_INSTRUMENT;EFP_FIN;EUR;19;107.05000000;1816;EXCHANGE_LAST;;1;1;XEUR;11286677;639;
28.01.2025;10:45:04.707;FBTS SI 20250306 PS;SIMPLE_INSTRUMENT;EFP_FIN;EUR;20;107.06000000;1359;EXCHANGE_LAST;;1;1;XEUR;11286677;639;
28.01.2025;10:50:37.138;FBTS SI 20250306 PS;SIMPLE_INSTRUMENT;EFP_FIN;EUR;21;107.05000000;1814;EXCHANGE_LAST;;1;1;XEUR;11286677;639;
28.01.2025;11:07:11.275;FBTS SI 20250306 PS;SIMPLE_INSTRUMENT;BLOCK;EUR;22;107.06000000;441;EXCHANGE_LAST;;1;1;XEUR;11286677;639;
28.01.2025;11:24:56.516;FBTS SI 20250306 PS;SIMPLE_INSTRUMENT;EFP_FIN;EUR;23;107.06000000;88;EXCHANGE_LAST;;1;1;XEUR;11286677;639;
28.01.2025;11:23:24.976;FBTS SI 20250306 PS;SIMPLE_INSTRUMENT;EFP_FIN;EUR;24;107.06000000;795;EXCHANGE_LAST;;1;1;XEUR;11286677;639;
28.01.2025;11:25:49.515;FBTS SI 20250306 PS;SIMPLE_INSTRUMENT;EFP_FIN;EUR;25;107.07000000;454;EXCHANGE_LAST;;1;1;XEUR;11286677;639;
28.01.2025;11:43:05.531;FBTS SI 20250306 PS;SIMPLE_INSTRUMENT;EFP_FIN;EUR;26;107.05000000;272;EXCHANGE_LAST;;1;1;XEUR;11286677;639;
28.01.2025;11:45:16.512;FBTS SI 20250306 PS;SIMPLE_INSTRUMENT;EFP_FIN;EUR;27;107.06000000;907;EXCHANGE_LAST;;1;1;XEUR;11286677;639;
28.01.2025;12:06:06.913;FBTS SI 20250306 PS;SIMPLE_INSTRUMENT;EFP_FIN;EUR;28;107.06000000;1584;EXCHANGE_LAST;;1;1;XEUR;11286677;639;
28.01.2025;12:14:38.773;FBTS SI 20250306 PS;SIMPLE_INSTRUMENT;BLOCK;EUR;30;107.06000000;450;EXCHANGE_LAST;;1;1;XEUR;11286677;639;
28.01.2025;12:23:10.422;FBTS SI 20250306 PS;SIMPLE_INSTRUMENT;EFP_FIN;EUR;31;107.05000000;3168;EXCHANGE_LAST;;1;1;XEUR;11286677;639;
28.01.2025;12:23:18.783;FBTS SI 20250306 PS;SIMPLE_INSTRUMENT;EFP_FIN;EUR;32;107.06000000;2112;EXCHANGE_LAST;;1;1;XEUR;11286677;639;
28.01.2025;12:24:35.866;FBTS SI 20250306 PS;SIMPLE_INSTRUMENT;EFP_FIN;EUR;33;107.06000000;743;EXCHANGE_LAST;;1;1;XEUR;11286677;639;
28.01.2025;12:27:11.742;FBTS SI 20250306 PS;SIMPLE_INSTRUMENT;EFP_FIN;EUR;34;107.06000000;1090;EXCHANGE_LAST;;1;1;XEUR;11286677;639;
28.01.2025;12:28:40.995;FBTS SI 20250306 PS;SIMPLE_INSTRUMENT;EFP_FIN;EUR;35;107.06000000;457;EXCHANGE_LAST;;1;1;XEUR;11286677;639;
28.01.2025;12:49:18.233;FBTS SI 20250306 PS;SIMPLE_INSTRUMENT;EFP_FIN;EUR;36;107.05000000;1056;EXCHANGE_LAST;;1;1;XEUR;11286677;639;
28.01.2025;12:59:49.131;FBTS SI 20250306 PS;SIMPLE_INSTRUMENT;BLOCK;EUR;37;107.05000000;1056;EXCHANGE_LAST;;1;1;XEUR;11286677;639;
28.01.2025;13:01:27.163;FBTS SI 20250306 PS;SIMPLE_INSTRUMENT;BLOCK;EUR;38;107.06000000;2031;EXCHANGE_LAST;;1;1;XEUR;11286677;639;
28.01.2025;14:14:54.871;FBTS SI 20250306 PS;SIMPLE_INSTRUMENT;EFP_FIN;EUR;44;107.06000000;572;EXCHANGE_LAST;;1;1;XEUR;11286677;639;
28.01.2025;14:35:22.980;FBTS SI 20250306 PS;SIMPLE_INSTRUMENT;BLOCK;EUR;45;107.05000000;2112;EXCHANGE_LAST;;1;1;XEUR;11286677;639;
28.01.2025;14:39:37.567;FBTS SI 20250306 PS;SIMPLE_INSTRUMENT;EFP_FIN;EUR;46;107.08000000;245;EXCHANGE_LAST;;1;1;XEUR;11286677;639;
28.01.2025;15:12:50.309;FBTS SI 20250306 PS;SIMPLE_INSTRUMENT;EFP_FIN;EUR;48;107.09000000;1584;EXCHANGE_LAST;;1;1;XEUR;11286677;639;
28.01.2025;15:57:20.036;FBTS SI 20250306 PS;SIMPLE_INSTRUMENT;EFP_FIN;EUR;50;107.09000000;908;EXCHANGE_LAST;;1;1;XEUR;11286677;639;
28.01.2025;16:09:01.863;FBTS SI 20250306 PS;SIMPLE_INSTRUMENT;EFP_FIN;EUR;51;107.08000000;594;EXCHANGE_LAST;;1;1;XEUR;11286677;639;
28.01.2025;17:03:35.871;FBTS SI 20250306 PS;SIMPLE_INSTRUMENT;EFP_FIN;EUR;52;107.04000000;930;EXCHANGE_LAST;;1;1;XEUR;11286677;639;
28.01.2025;08:24:04.858;FCME SI 20250317 CS;SIMPLE_INSTRUMENT;BLOCK;EUR;3;0.04576000;150;EXCHANGE_LAST;;1;1;XEUR;11329544;570873;
28.01.2025;08:22:26.535;FCMU SI 20250317 CS;SIMPLE_INSTRUMENT;BLOCK;USD;2;0.04781000;200;EXCHANGE_LAST;;1;1;XEUR;11329545;570874;
28.01.2025;16:43:33.576;FCMU SI 20250317 CS;SIMPLE_INSTRUMENT;BLOCK;USD;5;0.04827000;100;EXCHANGE_LAST;;1;1;XEUR;11329545;570874;
28.01.2025;07:51:14.877;FCZU SI 20250317 CS;SIMPLE_INSTRUMENT;BLOCK;USD;1;0.05296000;200;EXCHANGE_LAST;;1;1;XEUR;11329546;570872;
28.01.2025;10:58:23.027;FD3D SI 20251219 CS;SIMPLE_INSTRUMENT;BLOCK;EUR;9;105.90000000;250;EXCHANGE_LAST;;1;1;XEUR;5914068;588;
28.01.2025;14:33:09.570;FD3D SI 20251219 CS;SIMPLE_INSTRUMENT;BLOCK;EUR;17;105.80000000;350;EXCHANGE_LAST;;1;1;XEUR;5914068;588;
28.01.2025;14:39:51.298;FD3D SI 20251219 CS;SIMPLE_INSTRUMENT;BLOCK;EUR;18;105.80000000;300;EXCHANGE_LAST;;1;1;XEUR;5914068;588;
28.01.2025;16:29:15.503;FD3D SI 20251219 CS;SIMPLE_INSTRUMENT;BLOCK;EUR;28;105.80000000;900;EXCHANGE_LAST;;2;2;XEUR;5914068;588;
28.01.2025;15:32:38.731;FDAX SI 20250321 CS;SIMPLE_INSTRUMENT;EFP_IDX;EUR;1;21515.00000000;200;EXCHANGE_LAST;;1;1;XEUR;7561255;589;
28.01.2025;16:30:16.299;FDAX SI 20250321 CS;SIMPLE_INSTRUMENT;BLOCK;EUR;2;21570.00000000;500;EXCHANGE_LAST;;1;1;XEUR;7561255;589;
28.01.2025;08:58:01.358;FDAX SI 20250321 CS;SIMPLE_INSTRUMENT;VOLA;EUR;671088643;21430.00000000;20;EXCHANGE_LAST;;1;1;XEUR;7561255;589;
28.01.2025;08:58:01.958;FDAX SI 20250321 CS;SIMPLE_INSTRUMENT;VOLA;EUR;671088644;21430.00000000;15;EXCHANGE_LAST;;1;1;XEUR;7561255;589;
28.01.2025;10:05:14.172;FDAX SI 20250321 CS;SIMPLE_INSTRUMENT;VOLA;EUR;671088649;21480.00000000;15;EXCHANGE_LAST;;1;1;XEUR;7561255;589;
28.01.2025;16:45:54.467;FDAX SI 20250321 CS;SIMPLE_INSTRUMENT;VOLA;EUR;671088664;21570.00000000;7;EXCHANGE_LAST;;1;1;XEUR;7561255;589;
28.01.2025;16:45:36.895;FDAX SI 20250321 CS;SIMPLE_INSTRUMENT;VOLA;EUR;671088665;21570.00000000;7;EXCHANGE_LAST;;1;1;XEUR;7561255;589;
28.01.2025;10:14:30.052;FEBD.S.DEC26.DEC27.SPD;FUTURES_SPREAD;BLOCK;EUR;5;0.75000000;500;EXCHANGE_LAST;;1;1;XEUR;72060158133407002;597;
28.01.2025;10:14:30.052;FEBD SI 20261218 CS;SIMPLE_INSTRUMENT;BLOCK;EUR;5;10.04000000;500;PRC_DECOMP_EXCHANGE;;;;XEUR;7158212;597;EXCHANGE
28.01.2025;10:14:30.052;FEBD SI 20271217 CS;SIMPLE_INSTRUMENT;BLOCK;EUR;5;9.29000000;500;PRC_DECOMP_EXCHANGE;;;;XEUR;7776307;597;EXCHANGE
28.01.2025;10:41:31.546;FEBD SI 20261218 CS;SIMPLE_INSTRUMENT;BLOCK;EUR;8;10.05000000;500;EXCHANGE_LAST;;2;1;XEUR;7158212;597;
28.01.2025;10:57:32.270;FEBD SI 20261218 CS;SIMPLE_INSTRUMENT;BLOCK;EUR;10;10.05000000;99;EXCHANGE_LAST;;1;1;XEUR;7158212;597;
28.01.2025;15:02:45.407;FEBD SI 20261218 CS;SIMPLE_INSTRUMENT;BLOCK;EUR;19;10.08000000;1250;EXCHANGE_LAST;;1;2;XEUR;7158212;597;
28.01.2025;15:15:03.853;FEBD SI 20251219 CS;SIMPLE_INSTRUMENT;BLOCK;EUR;21;10.38000000;1000;EXCHANGE_LAST;;1;2;XEUR;5914075;597;
28.01.2025;15:35:14.819;FEBD SI 20261218 CS;SIMPLE_INSTRUMENT;BLOCK;EUR;22;10.07000000;1000;EXCHANGE_LAST;;1;1;XEUR;7158212;597;
28.01.2025;16:07:11.470;FEBD SI 20250620 CS;SIMPLE_INSTRUMENT;BLOCK;EUR;25;7.56000000;250;EXCHANGE_LAST;;1;1;XEUR;9547772;597;
28.01.2025;16:37:21.738;FEBD SI 20261218 CS;SIMPLE_INSTRUMENT;BLOCK;EUR;31;10.07000000;250;EXCHANGE_LAST;;1;1;XEUR;7158212;597;
28.01.2025;16:41:46.813;FEDV SI 20250321 CS;SIMPLE_INSTRUMENT;BLOCK;EUR;34;1729.00000000;150;EXCHANGE_LAST;;1;1;XEUR;11359068;596;
28.01.2025;16:45:16.564;FEDV SI 20250321 CS;SIMPLE_INSTRUMENT;BLOCK;EUR;36;1731.50000000;1240;EXCHANGE_LAST;;1;1;XEUR;11359068;596;
28.01.2025;16:45:12.395;FEDV SI 20250321 CS;SIMPLE_INSTRUMENT;BLOCK;EUR;37;1731.00000000;760;EXCHANGE_LAST;;1;1;XEUR;11359068;596;
28.01.2025;11:31:15.943;FESB SI 20250321 CS;SIMPLE_INSTRUMENT;VOLA;EUR;603979808;160.00000000;240;EXCHANGE_LAST;;1;1;XEUR;11359072;605;
28.01.2025;11:44:26.437;FESB SI 20250321 CS;SIMPLE_INSTRUMENT;VOLA;EUR;603979811;160.10000000;300;EXCHANGE_LAST;;1;1;XEUR;11359072;605;
28.01.2025;13:58:53.105;FESB SI 20250321 CS;SIMPLE_INSTRUMENT;VOLA;EUR;603979821;160.80000000;300;EXCHANGE_LAST;;1;1;XEUR;11359072;605;
28.01.2025;15:34:10.734;FESB SI 20250321 CS;SIMPLE_INSTRUMENT;VOLA;EUR;603979835;161.40000000;20745;EXCHANGE_LAST;;1;1;XEUR;11359072;605;
28.01.2025;15:35:42.990;FESB SI 20250321 CS;SIMPLE_INSTRUMENT;VOLA;EUR;603979836;161.40000000;10034;EXCHANGE_LAST;;1;1;XEUR;11359072;605;
28.01.2025;15:37:08.389;FESB SI 20250321 CS;SIMPLE_INSTRUMENT;VOLA;EUR;603979837;161.40000000;3794;EXCHANGE_LAST;;1;1;XEUR;11359072;605;
28.01.2025;16:40:16.727;FESB SI 20250321 CS;SIMPLE_INSTRUMENT;VOLA;EUR;603979852;161.15000000;600;EXCHANGE_LAST;;1;1;XEUR;11359072;605;
28.01.2025;16:12:35.981;FESG SI 20250321 CS;SIMPLE_INSTRUMENT;VOLA;EUR;603979844;1371.30000000;6;EXCHANGE_LAST;;1;1;XEUR;11359719;687;
28.01.2025;09:32:38.173;FESX SI 20250321 CS;SIMPLE_INSTRUMENT;BLOCK;EUR;1;5220.00000000;5000;EXCHANGE_LAST;;1;1;XEUR;7793482;675;
28.01.2025;14:52:31.575;FESX SI 20250321 CS;SIMPLE_INSTRUMENT;BLOCK;EUR;2;5225.00000000;2000;EXCHANGE_LAST;;1;1;XEUR;7793482;675;
28.01.2025;15:36:58.253;FESX SI 20250321 CS;SIMPLE_INSTRUMENT;BLOCK;EUR;3;5216.00000000;2000;EXCHANGE_LAST;;1;1;XEUR;7793482;675;
28.01.2025;15:43:28.403;FESX SI 20250321 CS;SIMPLE_INSTRUMENT;BLOCK;EUR;4;5216.00000000;2000;EXCHANGE_LAST;;1;1;XEUR;7793482;675;
28.01.2025;16:50:46.063;FESX SI 20250321 CS;SIMPLE_INSTRUMENT;EFP_IDX;EUR;6;5210.00000000;468;EXCHANGE_LAST;;1;1;XEUR;7793482;675;
28.01.2025;16:48:56.553;FESX SI 20250321 CS;SIMPLE_INSTRUMENT;BLOCK;EUR;7;5215.00000000;2000;EXCHANGE_LAST;;1;1;XEUR;7793482;675;
28.01.2025;16:50:01.832;FESX SI 20250321 CS;SIMPLE_INSTRUMENT;EFP_IDX;EUR;8;5209.00000000;157;EXCHANGE_LAST;;1;1;XEUR;7793482;675;
28.01.2025;16:50:15.833;FESX SI 20250321 CS;SIMPLE_INSTRUMENT;EFP_IDX;EUR;9;5210.00000000;246;EXCHANGE_LAST;;1;1;XEUR;7793482;675;
28.01.2025;16:50:58.710;FESX SI 20250321 CS;SIMPLE_INSTRUMENT;EFP_IDX;EUR;10;5209.00000000;332;EXCHANGE_LAST;;1;1;XEUR;7793482;675;
28.01.2025;16:53:31.665;FESX SI 20250321 CS;SIMPLE_INSTRUMENT;EFP_IDX;EUR;11;5210.00000000;1463;EXCHANGE_LAST;;1;1;XEUR;7793482;675;
28.01.2025;16:53:42.934;FESX SI 20250321 CS;SIMPLE_INSTRUMENT;EFP_IDX;EUR;12;5209.00000000;1037;EXCHANGE_LAST;;1;1;XEUR;7793482;675;
28.01.2025;16:53:41.081;FESX SI 20250321 CS;SIMPLE_INSTRUMENT;EFP_IDX;EUR;13;5210.00000000;292;EXCHANGE_LAST;;1;1;XEUR;7793482;675;
28.01.2025;16:55:03.245;FESX SI 20250321 CS;SIMPLE_INSTRUMENT;EFP_IDX;EUR;14;5209.00000000;208;EXCHANGE_LAST;;1;1;XEUR;7793482;675;
28.01.2025;17:14:02.780;FESX SI 20250321 CS;SIMPLE_INSTRUMENT;EFP_IDX;EUR;15;5195.00000000;1500;EXCHANGE_LAST;;1;1;XEUR;7793482;675;
28.01.2025;17:18:25.340;FESX SI 20250321 CS;SIMPLE_INSTRUMENT;EFP_IDX;EUR;16;5195.00000000;1500;EXCHANGE_LAST;;1;1;XEUR;7793482;675;
28.01.2025;17:28:35.089;FESX SI 20250321 CS;SIMPLE_INSTRUMENT;EFP_IDX;EUR;17;5195.00000000;1500;EXCHANGE_LAST;;1;1;XEUR;7793482;675;
28.01.2025;09:21:58.221;FESX SI 20250321 CS;SIMPLE_INSTRUMENT;VOLA;EUR;637534217;5212.00000000;112;EXCHANGE_LAST;;1;1;XEUR;7793482;675;
28.01.2025;10:17:26.963;FESX SI 20250321 CS;SIMPLE_INSTRUMENT;VOLA;EUR;637534223;5222.00000000;2300;EXCHANGE_LAST;;1;1;XEUR;7793482;675;
28.01.2025;11:05:24.974;FESX SI 20250321 CS;SIMPLE_INSTRUMENT;VOLA;EUR;637534230;5228.00000000;220;EXCHANGE_LAST;;1;1;XEUR;7793482;675;
28.01.2025;12:45:17.385;FESX SI 20250321 CS;SIMPLE_INSTRUMENT;VOLA;EUR;637534251;5220.00000000;280;EXCHANGE_LAST;;1;1;XEUR;7793482;675;
28.01.2025;13:10:46.634;FESX SI 20250321 CS;SIMPLE_INSTRUMENT;VOLA;EUR;637534262;5230.00000000;990;EXCHANGE_LAST;;1;1;XEUR;7793482;675;
28.01.2025;13:31:09.277;FESX SI 20250321 CS;SIMPLE_INSTRUMENT;VOLA;EUR;637534268;5228.00000000;843;EXCHANGE_LAST;;1;1;XEUR;7793482;675;
28.01.2025;14:54:34.865;FESX SI 20250321 CS;SIMPLE_INSTRUMENT;VOLA;EUR;637534284;5215.00000000;450;EXCHANGE_LAST;;1;1;XEUR;7793482;675;
28.01.2025;15:28:40.358;FESX SI 20250321 CS;SIMPLE_INSTRUMENT;VOLA;EUR;637534294;5219.00000000;2072;EXCHANGE_LAST;;1;1;XEUR;7793482;675;
28.01.2025;15:32:49.846;FESX SI 20250321 CS;SIMPLE_INSTRUMENT;VOLA;EUR;637534296;5215.00000000;450;EXCHANGE_LAST;;1;1;XEUR;7793482;675;
28.01.2025;09:01:18.643;FESY SI 20250321 CS;SIMPLE_INSTRUMENT;VOLA;EUR;603979784;1085.00000000;18;EXCHANGE_LAST;;1;1;XEUR;11359411;674;
28.01.2025;09:01:29.245;FESY SI 20250321 CS;SIMPLE_INSTRUMENT;VOLA;EUR;603979785;1085.00000000;18;EXCHANGE_LAST;;1;1;XEUR;11359411;674;
28.01.2025;10:20:14.151;FEU3 SI 20260615 CS;SIMPLE_INSTRUMENT;EFS;EUR;16;97.79500000;2000;EXCHANGE_LAST;;1;1;XEUR;5330262;702;
28.01.2025;08:19:52.843;FEXD SI 20261218 CS;SIMPLE_INSTRUMENT;BLOCK;EUR;1;157.90000000;350;EXCHANGE_LAST;;1;1;XEUR;2163053;693;
28.01.2025;09:07:57.668;FEXD SI 20261218 CS;SIMPLE_INSTRUMENT;BLOCK;EUR;2;157.90000000;500;EXCHANGE_LAST;;1;1;XEUR;2163053;693;
28.01.2025;10:02:27.595;FEXD.S.DEC27.DEC28.SPD;FUTURES_SPREAD;BLOCK;EUR;3;4.60000000;1000;EXCHANGE_LAST;;2;1;XEUR;72060570450264162;693;
28.01.2025;10:02:27.595;FEXD SI 20271217 CS;SIMPLE_INSTRUMENT;BLOCK;EUR;3;152.80000000;1000;PRC_DECOMP_MEMBER;;;;XEUR;2848338;693;MEMBER
28.01.2025;10:02:27.595;FEXD SI 20281215 CS;SIMPLE_INSTRUMENT;BLOCK;EUR;3;148.20000000;1000;PRC_DECOMP_MEMBER;;;;XEUR;3680985;693;MEMBER
28.01.2025;10:12:20.922;FEXD SI 20261218 CS;SIMPLE_INSTRUMENT;BLOCK;EUR;4;158.10000000;500;EXCHANGE_LAST;;1;1;XEUR;2163053;693;
28.01.2025;12:19:21.338;FEXD SI 20261218 CS;SIMPLE_INSTRUMENT;BLOCK;EUR;6;158.20000000;200;EXCHANGE_LAST;;1;1;XEUR;2163053;693;
28.01.2025;12:16:51.117;FEXD.S.DEC29.DEC30.SPD;FUTURES_SPREAD;BLOCK;EUR;12;3.50000000;1000;EXCHANGE_LAST;;1;1;XEUR;72060570450264203;693;
28.01.2025;12:16:51.117;FEXD SI 20291221 CS;SIMPLE_INSTRUMENT;BLOCK;EUR;12;144.60000000;1000;PRC_DECOMP_MEMBER;;;;XEUR;4631968;693;MEMBER
28.01.2025;12:16:51.117;FEXD SI 20301220 CS;SIMPLE_INSTRUMENT;BLOCK;EUR;12;141.10000000;1000;PRC_DECOMP_MEMBER;;;;XEUR;5914108;693;MEMBER
28.01.2025;13:25:53.517;FEXD SI 20271217 CS;SIMPLE_INSTRUMENT;BLOCK;EUR;13;153.00000000;250;EXCHANGE_LAST;;1;1;XEUR;2848338;693;
28.01.2025;13:37:08.885;FEXD SI 20281215 CS;SIMPLE_INSTRUMENT;BLOCK;EUR;14;148.30000000;250;EXCHANGE_LAST;;1;1;XEUR;3680985;693;
28.01.2025;13:44:54.615;FEXD SI 20291221 CS;SIMPLE_INSTRUMENT;BLOCK;EUR;15;144.50000000;250;EXCHANGE_LAST;;1;1;XEUR;4631968;693;
28.01.2025;14:05:28.376;FEXD SI 20291221 CS;SIMPLE_INSTRUMENT;BLOCK;EUR;16;144.60000000;250;EXCHANGE_LAST;;1;1;XEUR;4631968;693;
28.01.2025;15:59:41.261;FEXD SI 20261218 CS;SIMPLE_INSTRUMENT;BLOCK;EUR;23;158.30000000;150;EXCHANGE_LAST;;1;1;XEUR;2163053;693;
28.01.2025;16:01:15.329;FEXD SI 20271217 CS;SIMPLE_INSTRUMENT;BLOCK;EUR;24;152.70000000;1000;EXCHANGE_LAST;;1;1;XEUR;2848338;693;
28.01.2025;16:06:54.364;FEXD SI 20251219 CS;SIMPLE_INSTRUMENT;BLOCK;EUR;26;161.00000000;400;EXCHANGE_LAST;;1;2;XEUR;1548120;693;
28.01.2025;07:48:57.741;FGBL SI 20250306 PS;SIMPLE_INSTRUMENT;EFS;EUR;1;131.63000000;290;EXCHANGE_LAST;;1;1;XEUR;11286679;688;
28.01.2025;08:11:22.141;FGBL SI 20250306 PS;SIMPLE_INSTRUMENT;EFS;EUR;2;131.52000000;228;EXCHANGE_LAST;;1;1;XEUR;11286679;688;
28.01.2025;08:14:35.307;FGBL SI 20250306 PS;SIMPLE_INSTRUMENT;EFS;EUR;3;131.58000000;415;EXCHANGE_LAST;;1;1;XEUR;11286679;688;
28.01.2025;08:16:08.856;FGBL SI 20250306 PS;SIMPLE_INSTRUMENT;EFS;EUR;4;131.58000000;208;EXCHANGE_LAST;;1;1;XEUR;11286679;688;
28.01.2025;08:22:37.067;FGBL SI 20250306 PS;SIMPLE_INSTRUMENT;EFS;EUR;5;131.57000000;475;EXCHANGE_LAST;;1;1;XEUR;11286679;688;
28.01.2025;08:36:45.715;FGBL SI 20250306 PS;SIMPLE_INSTRUMENT;EFS;EUR;6;131.57000000;1900;EXCHANGE_LAST;;1;1;XEUR;11286679;688;
28.01.2025;08:37:31.917;FGBL SI 20250306 PS;SIMPLE_INSTRUMENT;EFP_FIN;EUR;7;131.65000000;118;EXCHANGE_LAST;;1;1;XEUR;11286679;688;
28.01.2025;08:40:32.683;FGBL SI 20250306 PS;SIMPLE_INSTRUMENT;EFS;EUR;8;131.63000000;138;EXCHANGE_LAST;;1;1;XEUR;11286679;688;
28.01.2025;08:41:25.778;FGBL SI 20250306 PS;SIMPLE_INSTRUMENT;EFP_FIN;EUR;9;131.68000000;371;EXCHANGE_LAST;;1;1;XEUR;11286679;688;
28.01.2025;08:45:07.685;FGBL SI 20250306 PS;SIMPLE_INSTRUMENT;EFP_FIN;EUR;10;131.65000000;382;EXCHANGE_LAST;;1;1;XEUR;11286679;688;
28.01.2025;08:50:41.600;FGBL SI 20250306 PS;SIMPLE_INSTRUMENT;EFP_FIN;EUR;11;131.65000000;191;EXCHANGE_LAST;;1;1;XEUR;11286679;688;
28.01.2025;08:52:57.003;FGBL SI 20250306 PS;SIMPLE_INSTRUMENT;EFP_FIN;EUR;12;131.65000000;382;EXCHANGE_LAST;;1;1;XEUR;11286679;688;
28.01.2025;08:53:14.066;FGBL SI 20250306 PS;SIMPLE_INSTRUMENT;EFS;EUR;13;131.62000000;415;EXCHANGE_LAST;;1;1;XEUR;11286679;688;
28.01.2025;08:54:09.294;FGBL SI 20250306 PS;SIMPLE_INSTRUMENT;EFS;EUR;14;131.63000000;415;EXCHANGE_LAST;;1;1;XEUR;11286679;688;
28.01.2025;08:54:55.665;FGBL SI 20250306 PS;SIMPLE_INSTRUMENT;EFS;EUR;15;131.62000000;455;EXCHANGE_LAST;;1;1;XEUR;11286679;688;
28.01.2025;08:55:43.496;FGBL SI 20250306 PS;SIMPLE_INSTRUMENT;EFS;EUR;16;131.62000000;415;EXCHANGE_LAST;;1;1;XEUR;11286679;688;
28.01.2025;08:56:48.684;FGBL SI 20250306 PS;SIMPLE_INSTRUMENT;EFS;EUR;17;131.66000000;1000;EXCHANGE_LAST;;1;1;XEUR;11286679;688;
28.01.2025;09:02:38.757;FGBL SI 20250306 PS;SIMPLE_INSTRUMENT;EFP_FIN;EUR;18;131.62000000;224;EXCHANGE_LAST;;1;1;XEUR;11286679;688;
28.01.2025;09:07:25.770;FGBL SI 20250306 PS;SIMPLE_INSTRUMENT;EFP_FIN;EUR;19;131.63000000;148;EXCHANGE_LAST;;1;1;XEUR;11286679;688;
28.01.2025;09:06:17.630;FGBL SI 20250306 PS;SIMPLE_INSTRUMENT;EFP_FIN;EUR;20;131.60000000;191;EXCHANGE_LAST;;1;1;XEUR;11286679;688;
28.01.2025;09:19:12.184;FGBL SI 20250306 PS;SIMPLE_INSTRUMENT;EFS;EUR;21;131.60000000;335;EXCHANGE_LAST;;1;1;XEUR;11286679;688;
28.01.2025;09:20:33.234;FGBL SI 20250306 PS;SIMPLE_INSTRUMENT;EFS;EUR;22;131.54000000;208;EXCHANGE_LAST;;1;1;XEUR;11286679;688;
28.01.2025;09:20:48.297;FGBL SI 20250306 PS;SIMPLE_INSTRUMENT;EFS;EUR;23;131.53000000;416;EXCHANGE_LAST;;1;1;XEUR;11286679;688;
28.01.2025;09:21:33.280;FGBL SI 20250306 PS;SIMPLE_INSTRUMENT;EFS;EUR;24;131.54000000;416;EXCHANGE_LAST;;1;1;XEUR;11286679;688;
28.01.2025;09:21:43.339;FGBL SI 20250306 PS;SIMPLE_INSTRUMENT;EFS;EUR;25;131.53000000;416;EXCHANGE_LAST;;1;1;XEUR;11286679;688;
28.01.2025;09:24:40.133;FGBL SI 20250306 PS;SIMPLE_INSTRUMENT;EFS;EUR;26;131.50000000;498;EXCHANGE_LAST;;1;1;XEUR;11286679;688;
28.01.2025;09:28:23.591;FGBL SI 20250306 PS;SIMPLE_INSTRUMENT;EFS;EUR;27;131.44000000;416;EXCHANGE_LAST;;1;1;XEUR;11286679;688;
28.01.2025;09:28:38.604;FGBL SI 20250306 PS;SIMPLE_INSTRUMENT;EFS;EUR;28;131.44000000;416;EXCHANGE_LAST;;1;1;XEUR;11286679;688;
28.01.2025;09:33:45.137;FGBL SI 20250306 PS;SIMPLE_INSTRUMENT;EFS;EUR;29;131.50000000;416;EXCHANGE_LAST;;1;1;XEUR;11286679;688;
28.01.2025;09:36:54.855;FGBL SI 20250306 PS;SIMPLE_INSTRUMENT;EFS;EUR;30;131.46000000;1901;EXCHANGE_LAST;;1;1;XEUR;11286679;688;
28.01.2025;09:37:24.633;FGBL SI 20250306 PS;SIMPLE_INSTRUMENT;EFP_FIN;EUR;31;131.61000000;306;EXCHANGE_LAST;;1;1;XEUR;11286679;688;
28.01.2025;09:38:17.145;FGBL SI 20250306 PS;SIMPLE_INSTRUMENT;EFS;EUR;32;131.49000000;249;EXCHANGE_LAST;;1;1;XEUR;11286679;688;
28.01.2025;09:38:30.096;FGBL SI 20250306 PS;SIMPLE_INSTRUMENT;EFS;EUR;33;131.44000000;416;EXCHANGE_LAST;;1;1;XEUR;11286679;688;
28.01.2025;09:40:01.897;FGBL SI 20250306 PS;SIMPLE_INSTRUMENT;EFS;EUR;34;131.46000000;475;EXCHANGE_LAST;;1;1;XEUR;11286679;688;
28.01.2025;09:39:55.162;FGBL SI 20250306 PS;SIMPLE_INSTRUMENT;EFS;EUR;35;131.44000000;416;EXCHANGE_LAST;;1;1;XEUR;11286679;688;
28.01.2025;09:46:10.883;FGBL SI 20250306 PS;SIMPLE_INSTRUMENT;EFS;EUR;36;131.53000000;143;EXCHANGE_LAST;;1;1;XEUR;11286679;688;
28.01.2025;09:47:06.474;FGBL SI 20250306 PS;SIMPLE_INSTRUMENT;EFS;EUR;37;131.43000000;300;EXCHANGE_LAST;;1;1;XEUR;11286679;688;
28.01.2025;09:47:14.364;FGBL SI 20250306 PS;SIMPLE_INSTRUMENT;EFS;EUR;38;131.48000000;143;EXCHANGE_LAST;;1;1;XEUR;11286679;688;
28.01.2025;09:49:04.183;FGBL SI 20250306 PS;SIMPLE_INSTRUMENT;EFP_FIN;EUR;39;131.43000000;260;EXCHANGE_LAST;;1;1;XEUR;11286679;688;
28.01.2025;09:49:17.894;FGBL SI 20250306 PS;SIMPLE_INSTRUMENT;EFS;EUR;40;131.49000000;456;EXCHANGE_LAST;;1;1;XEUR;11286679;688;
28.01.2025;09:52:19.244;FGBL SI 20250306 PS;SIMPLE_INSTRUMENT;EFP_FIN;EUR;41;131.45000000;282;EXCHANGE_LAST;;1;1;XEUR;11286679;688;
28.01.2025;09:54:43.672;FGBL SI 20250306 PS;SIMPLE_INSTRUMENT;EFS;EUR;42;131.48000000;364;EXCHANGE_LAST;;1;1;XEUR;11286679;688;
28.01.2025;10:03:00.916;FGBL SI 20250306 PS;SIMPLE_INSTRUMENT;EFS;EUR;43;131.58000000;475;EXCHANGE_LAST;;1;1;XEUR;11286679;688;
28.01.2025;10:23:58.783;FGBL SI 20250306 PS;SIMPLE_INSTRUMENT;EFS;EUR;44;131.49000000;415;EXCHANGE_LAST;;1;1;XEUR;11286679;688;
28.01.2025;10:25:45.028;FGBL SI 20250306 PS;SIMPLE_INSTRUMENT;EFS;EUR;45;131.54000000;416;EXCHANGE_LAST;;1;1;XEUR;11286679;688;
28.01.2025;10:25:58.489;FGBL SI 20250306 PS;SIMPLE_INSTRUMENT;EFS;EUR;46;131.49000000;830;EXCHANGE_LAST;;1;1;XEUR;11286679;688;
28.01.2025;10:27:44.468;FGBL SI 20250306 PS;SIMPLE_INSTRUMENT;EFS;EUR;47;131.50000000;208;EXCHANGE_LAST;;1;1;XEUR;11286679;688;
28.01.2025;10:28:45.151;FGBL SI 20250306 PS;SIMPLE_INSTRUMENT;EFS;EUR;48;131.50000000;416;EXCHANGE_LAST;;1;1;XEUR;11286679;688;
28.01.2025;10:29:43.677;FGBL SI 20250306 PS;SIMPLE_INSTRUMENT;EFS;EUR;49;131.49000000;1660;EXCHANGE_LAST;;1;1;XEUR;11286679;688;
28.01.2025;10:31:10.252;FGBL SI 20250306 PS;SIMPLE_INSTRUMENT;EFS;EUR;50;131.54000000;415;EXCHANGE_LAST;;1;1;XEUR;11286679;688;
28.01.2025;10:33:36.490;FGBL SI 20250306 PS;SIMPLE_INSTRUMENT;EFS;EUR;51;131.51000000;686;EXCHANGE_LAST;;1;1;XEUR;11286679;688;
28.01.2025;10:34:25.796;FGBL SI 20250306 PS;SIMPLE_INSTRUMENT;EFS;EUR;52;131.49000000;415;EXCHANGE_LAST;;1;1;XEUR;11286679;688;
28.01.2025;10:35:23.164;FGBL SI 20250306 PS;SIMPLE_INSTRUMENT;EFS;EUR;53;131.49000000;415;EXCHANGE_LAST;;1;1;XEUR;11286679;688;
28.01.2025;10:36:31.452;FGBL SI 20250306 PS;SIMPLE_INSTRUMENT;EFS;EUR;54;131.49000000;415;EXCHANGE_LAST;;1;1;XEUR;11286679;688;
28.01.2025;10:36:40.468;FGBL SI 20250306 PS;SIMPLE_INSTRUMENT;EFS;EUR;55;131.54000000;416;EXCHANGE_LAST;;1;1;XEUR;11286679;688;
28.01.2025;10:37:17.727;FGBL SI 20250306 PS;SIMPLE_INSTRUMENT;EFS;EUR;56;131.51000000;285;EXCHANGE_LAST;;1;1;XEUR;11286679;688;
28.01.2025;10:37:46.220;FGBL SI 20250306 PS;SIMPLE_INSTRUMENT;EFS;EUR;57;131.53000000;208;EXCHANGE_LAST;;1;1;XEUR;11286679;688;
28.01.2025;10:38:40.283;FGBL SI 20250306 PS;SIMPLE_INSTRUMENT;EFS;EUR;58;131.53000000;208;EXCHANGE_LAST;;1;1;XEUR;11286679;688;
28.01.2025;10:40:23.118;FGBL SI 20250306 PS;SIMPLE_INSTRUMENT;EFS;EUR;59;131.50000000;415;EXCHANGE_LAST;;1;1;XEUR;11286679;688;
28.01.2025;10:42:01.495;FGBL SI 20250306 PS;SIMPLE_INSTRUMENT;EFS;EUR;60;131.52000000;415;EXCHANGE_LAST;;1;1;XEUR;11286679;688;
28.01.2025;10:42:45.695;FGBL SI 20250306 PS;SIMPLE_INSTRUMENT;EFS;EUR;61;131.54000000;415;EXCHANGE_LAST;;1;1;XEUR;11286679;688;
28.01.2025;10:43:07.676;FGBL SI 20250306 PS;SIMPLE_INSTRUMENT;EFS;EUR;62;131.53000000;83;EXCHANGE_LAST;;1;1;XEUR;11286679;688;
28.01.2025;10:43:40.962;FGBL SI 20250306 PS;SIMPLE_INSTRUMENT;EFS;EUR;63;131.53000000;208;EXCHANGE_LAST;;1;1;XEUR;11286679;688;
28.01.2025;10:44:52.798;FGBL SI 20250306 PS;SIMPLE_INSTRUMENT;EFS;EUR;64;131.55000000;415;EXCHANGE_LAST;;1;1;XEUR;11286679;688;
28.01.2025;10:45:58.267;FGBL SI 20250306 PS;SIMPLE_INSTRUMENT;EFS;EUR;65;131.56000000;415;EXCHANGE_LAST;;1;1;XEUR;11286679;688;
28.01.2025;10:49:31.974;FGBL SI 20250306 PS;SIMPLE_INSTRUMENT;EFS;EUR;66;131.50000000;416;EXCHANGE_LAST;;1;1;XEUR;11286679;688;
28.01.2025;10:50:37.022;FGBL SI 20250306 PS;SIMPLE_INSTRUMENT;EFS;EUR;67;131.50000000;416;EXCHANGE_LAST;;1;1;XEUR;11286679;688;
28.01.2025;11:02:20.296;FGBL SI 20250306 PS;SIMPLE_INSTRUMENT;EFS;EUR;68;131.55000000;293;EXCHANGE_LAST;;1;1;XEUR;11286679;688;
28.01.2025;11:03:27.141;FGBL SI 20250306 PS;SIMPLE_INSTRUMENT;EFS;EUR;69;131.47000000;830;EXCHANGE_LAST;;1;1;XEUR;11286679;688;
28.01.2025;11:04:27.055;FGBL SI 20250306 PS;SIMPLE_INSTRUMENT;EFS;EUR;70;131.47000000;415;EXCHANGE_LAST;;1;1;XEUR;11286679;688;
28.01.2025;11:05:07.611;FGBL SI 20250306 PS;SIMPLE_INSTRUMENT;EFS;EUR;71;131.48000000;416;EXCHANGE_LAST;;1;1;XEUR;11286679;688;
28.01.2025;11:11:27.097;FGBL SI 20250306 PS;SIMPLE_INSTRUMENT;EFS;EUR;72;131.51000000;415;EXCHANGE_LAST;;1;1;XEUR;11286679;688;
28.01.2025;11:14:04.096;FGBL SI 20250306 PS;SIMPLE_INSTRUMENT;EFP_FIN;EUR;73;131.49000000;1399;EXCHANGE_LAST;;1;1;XEUR;11286679;688;
28.01.2025;11:14:54.864;FGBL SI 20250306 PS;SIMPLE_INSTRUMENT;EFS;EUR;74;131.49000000;137;EXCHANGE_LAST;;1;1;XEUR;11286679;688;
28.01.2025;11:15:45.080;FGBL SI 20250306 PS;SIMPLE_INSTRUMENT;EFS;EUR;75;131.48000000;208;EXCHANGE_LAST;;1;1;XEUR;11286679;688;
28.01.2025;11:17:20.651;FGBL SI 20250306 PS;SIMPLE_INSTRUMENT;EFS;EUR;76;131.48000000;2500;EXCHANGE_LAST;;1;1;XEUR;11286679;688;
28.01.2025;11:18:19.572;FGBL SI 20250306 PS;SIMPLE_INSTRUMENT;EFS;EUR;77;131.50000000;713;EXCHANGE_LAST;;1;1;XEUR;11286679;688;
28.01.2025;11:20:56.346;FGBL SI 20250306 PS;SIMPLE_INSTRUMENT;EFS;EUR;78;131.50000000;415;EXCHANGE_LAST;;1;1;XEUR;11286679;688;
28.01.2025;11:39:06.938;FGBL SI 20250306 PS;SIMPLE_INSTRUMENT;EFS;EUR;79;131.50000000;416;EXCHANGE_LAST;;1;1;XEUR;11286679;688;
28.01.2025;11:42:02.072;FGBL SI 20250306 PS;SIMPLE_INSTRUMENT;EFS;EUR;80;131.51000000;416;EXCHANGE_LAST;;1;1;XEUR;11286679;688;
28.01.2025;11:46:02.231;FGBL SI 20250306 PS;SIMPLE_INSTRUMENT;EFS;EUR;81;131.49000000;416;EXCHANGE_LAST;;1;1;XEUR;11286679;688;
28.01.2025;11:46:12.240;FGBL SI 20250306 PS;SIMPLE_INSTRUMENT;EFS;EUR;82;131.49000000;416;EXCHANGE_LAST;;1;1;XEUR;11286679;688;
28.01.2025;11:56:02.660;FGBL SI 20250306 PS;SIMPLE_INSTRUMENT;EFS;EUR;83;131.49000000;208;EXCHANGE_LAST;;1;1;XEUR;11286679;688;
28.01.2025;11:56:18.674;FGBL SI 20250306 PS;SIMPLE_INSTRUMENT;EFS;EUR;84;131.49000000;416;EXCHANGE_LAST;;1;1;XEUR;11286679;688;
28.01.2025;11:57:45.204;FGBL SI 20250306 PS;SIMPLE_INSTRUMENT;EFS;EUR;85;131.49000000;452;EXCHANGE_LAST;;1;1;XEUR;11286679;688;
28.01.2025;12:08:17.435;FGBL SI 20250306 PS;SIMPLE_INSTRUMENT;EFP_FIN;EUR;86;131.50000000;691;EXCHANGE_LAST;;1;1;XEUR;11286679;688;
28.01.2025;12:09:16.506;FGBL SI 20250306 PS;SIMPLE_INSTRUMENT;EFP_FIN;EUR;87;131.50000000;250;EXCHANGE_LAST;;1;1;XEUR;11286679;688;
28.01.2025;12:09:20.859;FGBL SI 20250306 PS;SIMPLE_INSTRUMENT;EFP_FIN;EUR;88;131.48000000;155;EXCHANGE_LAST;;1;1;XEUR;11286679;688;
28.01.2025;12:13:17.943;FGBL SI 20250306 PS;SIMPLE_INSTRUMENT;EFP_FIN;EUR;89;131.46000000;75;EXCHANGE_LAST;;1;1;XEUR;11286679;688;
28.01.2025;12:13:39.353;FGBL SI 20250306 PS;SIMPLE_INSTRUMENT;EFS;EUR;90;131.47000000;831;EXCHANGE_LAST;;1;1;XEUR;11286679;688;
28.01.2025;12:19:58.444;FGBL SI 20250306 PS;SIMPLE_INSTRUMENT;EFP_FIN;EUR;91;131.46000000;182;EXCHANGE_LAST;;1;1;XEUR;11286679;688;
28.01.2025;12:24:38.811;FGBL SI 20250306 PS;SIMPLE_INSTRUMENT;EFP_FIN;EUR;92;131.48000000;237;EXCHANGE_LAST;;1;1;XEUR;11286679;688;
28.01.2025;12:25:50.971;FGBL SI 20250306 PS;SIMPLE_INSTRUMENT;EFP_FIN;EUR;93;131.48000000;337;EXCHANGE_LAST;;1;1;XEUR;11286679;688;
28.01.2025;12:40:27.449;FGBL SI 20250306 PS;SIMPLE_INSTRUMENT;EFS;EUR;94;131.46000000;831;EXCHANGE_LAST;;1;1;XEUR;11286679;688;
28.01.2025;12:40:57.386;FGBL SI 20250306 PS;SIMPLE_INSTRUMENT;EFS;EUR;95;131.46000000;100;EXCHANGE_LAST;;1;1;XEUR;11286679;688;
28.01.2025;12:46:42.256;FGBL SI 20250306 PS;SIMPLE_INSTRUMENT;EFS;EUR;96;131.47000000;228;EXCHANGE_LAST;;1;1;XEUR;11286679;688;
28.01.2025;12:55:49.214;FGBL SI 20250306 PS;SIMPLE_INSTRUMENT;EFS;EUR;97;131.46000000;415;EXCHANGE_LAST;;1;1;XEUR;11286679;688;
28.01.2025;13:09:10.704;FGBL SI 20250306 PS;SIMPLE_INSTRUMENT;EFS;EUR;98;131.57000000;560;EXCHANGE_LAST;;1;1;XEUR;11286679;688;
28.01.2025;13:08:16.099;FGBL SI 20250306 PS;SIMPLE_INSTRUMENT;EFS;EUR;99;131.45000000;415;EXCHANGE_LAST;;1;1;XEUR;11286679;688;
28.01.2025;13:11:59.182;FGBL SI 20250306 PS;SIMPLE_INSTRUMENT;EFS;EUR;100;131.46000000;456;EXCHANGE_LAST;;1;1;XEUR;11286679;688;
28.01.2025;13:13:40.687;FGBL SI 20250306 PS;SIMPLE_INSTRUMENT;EFS;EUR;101;131.43000000;333;EXCHANGE_LAST;;1;1;XEUR;11286679;688;
28.01.2025;13:21:47.501;FGBL SI 20250306 PS;SIMPLE_INSTRUMENT;EFS;EUR;102;131.41000000;571;EXCHANGE_LAST;;1;1;XEUR;11286679;688;
28.01.2025;13:23:39.036;FGBL SI 20250306 PS;SIMPLE_INSTRUMENT;EFS;EUR;103;131.43000000;1144;EXCHANGE_LAST;;1;1;XEUR;11286679;688;
28.01.2025;13:37:57.776;FGBL SI 20250306 PS;SIMPLE_INSTRUMENT;EFS;EUR;104;131.46000000;416;EXCHANGE_LAST;;1;1;XEUR;11286679;688;
28.01.2025;13:50:39.362;FGBL SI 20250306 PS;SIMPLE_INSTRUMENT;EFS;EUR;105;131.42000000;416;EXCHANGE_LAST;;1;1;XEUR;11286679;688;
28.01.2025;13:51:24.969;FGBL SI 20250306 PS;SIMPLE_INSTRUMENT;EFP_FIN;EUR;106;131.45000000;188;EXCHANGE_LAST;;1;1;XEUR;11286679;688;
28.01.2025;13:52:02.585;FGBL SI 20250306 PS;SIMPLE_INSTRUMENT;EFS;EUR;107;131.43000000;415;EXCHANGE_LAST;;1;1;XEUR;11286679;688;
28.01.2025;13:54:02.939;FGBL SI 20250306 PS;SIMPLE_INSTRUMENT;EFS;EUR;108;131.42000000;415;EXCHANGE_LAST;;1;1;XEUR;11286679;688;
28.01.2025;14:01:43.149;FGBL SI 20250306 PS;SIMPLE_INSTRUMENT;EFS;EUR;109;131.41000000;1900;EXCHANGE_LAST;;1;1;XEUR;11286679;688;
28.01.2025;14:03:39.737;FGBL SI 20250306 PS;SIMPLE_INSTRUMENT;EFP_FIN;EUR;110;131.42000000;140;EXCHANGE_LAST;;1;1;XEUR;11286679;688;
28.01.2025;14:07:24.436;FGBL SI 20250306 PS;SIMPLE_INSTRUMENT;EFS;EUR;111;131.45000000;208;EXCHANGE_LAST;;1;1;XEUR;11286679;688;
28.01.2025;14:08:50.253;FGBL SI 20250306 PS;SIMPLE_INSTRUMENT;EFS;EUR;112;131.45000000;208;EXCHANGE_LAST;;1;1;XEUR;11286679;688;
28.01.2025;14:08:55.257;FGBL SI 20250306 PS;SIMPLE_INSTRUMENT;EFS;EUR;113;131.45000000;208;EXCHANGE_LAST;;1;1;XEUR;11286679;688;
28.01.2025;14:09:24.131;FGBL SI 20250306 PS;SIMPLE_INSTRUMENT;EFS;EUR;114;131.41000000;100;EXCHANGE_LAST;;1;1;XEUR;11286679;688;
28.01.2025;14:17:20.157;FGBL SI 20250306 PS;SIMPLE_INSTRUMENT;EFS;EUR;115;131.43000000;416;EXCHANGE_LAST;;1;1;XEUR;11286679;688;
28.01.2025;14:19:15.679;FGBL SI 20250306 PS;SIMPLE_INSTRUMENT;EFS;EUR;116;131.43000000;416;EXCHANGE_LAST;;1;1;XEUR;11286679;688;
28.01.2025;14:19:30.689;FGBL SI 20250306 PS;SIMPLE_INSTRUMENT;EFS;EUR;117;131.42000000;416;EXCHANGE_LAST;;1;1;XEUR;11286679;688;
28.01.2025;14:26:27.695;FGBL SI 20250306 PS;SIMPLE_INSTRUMENT;EFS;EUR;118;131.42000000;1000;EXCHANGE_LAST;;1;1;XEUR;11286679;688;
28.01.2025;14:34:51.743;FGBL SI 20250306 PS;SIMPLE_INSTRUMENT;EFS;EUR;119;131.39000000;1900;EXCHANGE_LAST;;1;1;XEUR;11286679;688;
28.01.2025;14:43:11.678;FGBL SI 20250306 PS;SIMPLE_INSTRUMENT;EFS;EUR;120;131.39000000;924;EXCHANGE_LAST;;1;1;XEUR;11286679;688;
28.01.2025;14:44:33.710;FGBL SI 20250306 PS;SIMPLE_INSTRUMENT;EFS;EUR;121;131.49000000;416;EXCHANGE_LAST;;1;1;XEUR;11286679;688;
28.01.2025;14:47:13.825;FGBL SI 20250306 PS;SIMPLE_INSTRUMENT;EFS;EUR;122;131.53000000;416;EXCHANGE_LAST;;1;1;XEUR;11286679;688;
28.01.2025;14:50:08.675;FGBL SI 20250306 PS;SIMPLE_INSTRUMENT;EFS;EUR;123;131.52000000;291;EXCHANGE_LAST;;1;1;XEUR;11286679;688;
28.01.2025;14:54:03.515;FGBL SI 20250306 PS;SIMPLE_INSTRUMENT;EFS;EUR;124;131.54000000;415;EXCHANGE_LAST;;1;1;XEUR;11286679;688;
28.01.2025;14:56:53.569;FGBL SI 20250306 PS;SIMPLE_INSTRUMENT;EFS;EUR;125;131.54000000;415;EXCHANGE_LAST;;1;1;XEUR;11286679;688;
28.01.2025;14:58:03.452;FGBL SI 20250306 PS;SIMPLE_INSTRUMENT;EFS;EUR;126;131.54000000;415;EXCHANGE_LAST;;1;1;XEUR;11286679;688;
28.01.2025;14:58:55.719;FGBL SI 20250306 PS;SIMPLE_INSTRUMENT;EFP_FIN;EUR;127;131.55000000;396;EXCHANGE_LAST;;1;1;XEUR;11286679;688;
28.01.2025;14:58:57.608;FGBL SI 20250306 PS;SIMPLE_INSTRUMENT;EFS;EUR;128;131.58000000;250;EXCHANGE_LAST;;1;1;XEUR;11286679;688;
28.01.2025;15:03:54.115;FGBL SI 20250306 PS;SIMPLE_INSTRUMENT;EFP_FIN;EUR;129;131.71000000;790;EXCHANGE_LAST;;1;1;XEUR;11286679;688;
28.01.2025;15:04:01.790;FGBL SI 20250306 PS;SIMPLE_INSTRUMENT;EFP_FIN;EUR;130;131.50000000;470;EXCHANGE_LAST;;1;1;XEUR;11286679;688;
28.01.2025;15:05:05.445;FGBL SI 20250306 PS;SIMPLE_INSTRUMENT;EFP_FIN;EUR;131;131.55000000;337;EXCHANGE_LAST;;1;1;XEUR;11286679;688;
28.01.2025;15:05:36.525;FGBL SI 20250306 PS;SIMPLE_INSTRUMENT;EFS;EUR;132;131.50000000;475;EXCHANGE_LAST;;1;1;XEUR;11286679;688;
28.01.2025;15:08:32.805;FGBL SI 20250306 PS;SIMPLE_INSTRUMENT;EFS;EUR;133;131.48000000;830;EXCHANGE_LAST;;1;1;XEUR;11286679;688;
28.01.2025;15:08:45.771;FGBL SI 20250306 PS;SIMPLE_INSTRUMENT;EFS;EUR;134;131.45000000;416;EXCHANGE_LAST;;1;1;XEUR;11286679;688;
28.01.2025;15:09:03.125;FGBL SI 20250306 PS;SIMPLE_INSTRUMENT;EFS;EUR;135;131.48000000;415;EXCHANGE_LAST;;1;1;XEUR;11286679;688;
28.01.2025;15:11:02.392;FGBL SI 20250306 PS;SIMPLE_INSTRUMENT;EFP_FIN;EUR;136;131.52000000;420;EXCHANGE_LAST;;1;1;XEUR;11286679;688;
28.01.2025;15:10:10.865;FGBL SI 20250306 PS;SIMPLE_INSTRUMENT;EFS;EUR;137;131.45000000;416;EXCHANGE_LAST;;1;1;XEUR;11286679;688;
28.01.2025;15:10:45.899;FGBL SI 20250306 PS;SIMPLE_INSTRUMENT;EFS;EUR;138;131.50000000;416;EXCHANGE_LAST;;1;1;XEUR;11286679;688;
28.01.2025;15:13:12.940;FGBL SI 20250306 PS;SIMPLE_INSTRUMENT;EFP_FIN;EUR;139;131.50000000;743;EXCHANGE_LAST;;1;1;XEUR;11286679;688;
28.01.2025;15:14:28.306;FGBL SI 20250306 PS;SIMPLE_INSTRUMENT;EFS;EUR;140;131.49000000;415;EXCHANGE_LAST;;1;1;XEUR;11286679;688;
28.01.2025;15:16:21.810;FGBL SI 20250306 PS;SIMPLE_INSTRUMENT;EFS;EUR;141;131.50000000;208;EXCHANGE_LAST;;1;1;XEUR;11286679;688;
28.01.2025;15:17:57.258;FGBL SI 20250306 PS;SIMPLE_INSTRUMENT;EFS;EUR;142;131.49000000;590;EXCHANGE_LAST;;1;1;XEUR;11286679;688;
28.01.2025;15:17:59.000;FGBL SI 20250306 PS;SIMPLE_INSTRUMENT;EFS;EUR;143;131.50000000;415;EXCHANGE_LAST;;1;1;XEUR;11286679;688;
28.01.2025;15:26:17.562;FGBL SI 20250306 PS;SIMPLE_INSTRUMENT;EFS;EUR;144;131.43000000;416;EXCHANGE_LAST;;1;1;XEUR;11286679;688;
28.01.2025;15:32:37.815;FGBL SI 20250306 PS;SIMPLE_INSTRUMENT;EFS;EUR;145;131.48000000;291;EXCHANGE_LAST;;1;1;XEUR;11286679;688;
28.01.2025;15:35:47.920;FGBL SI 20250306 PS;SIMPLE_INSTRUMENT;EFS;EUR;146;131.44000000;1778;EXCHANGE_LAST;;1;1;XEUR;11286679;688;
28.01.2025;15:38:08.043;FGBL SI 20250306 PS;SIMPLE_INSTRUMENT;EFS;EUR;147;131.45000000;416;EXCHANGE_LAST;;1;1;XEUR;11286679;688;
28.01.2025;15:42:35.385;FGBL SI 20250306 PS;SIMPLE_INSTRUMENT;EFP_FIN;EUR;148;131.45000000;80;EXCHANGE_LAST;;1;1;XEUR;11286679;688;
28.01.2025;15:45:29.340;FGBL SI 20250306 PS;SIMPLE_INSTRUMENT;EFS;EUR;149;131.38000000;416;EXCHANGE_LAST;;1;1;XEUR;11286679;688;
28.01.2025;15:48:29.464;FGBL SI 20250306 PS;SIMPLE_INSTRUMENT;EFS;EUR;150;131.38000000;416;EXCHANGE_LAST;;1;1;XEUR;11286679;688;
28.01.2025;15:48:29.509;FGBL SI 20250306 PS;SIMPLE_INSTRUMENT;EFS;EUR;151;131.38000000;416;EXCHANGE_LAST;;1;1;XEUR;11286679;688;
28.01.2025;15:48:49.474;FGBL SI 20250306 PS;SIMPLE_INSTRUMENT;EFS;EUR;152;131.39000000;1248;EXCHANGE_LAST;;1;1;XEUR;11286679;688;
28.01.2025;15:49:29.504;FGBL SI 20250306 PS;SIMPLE_INSTRUMENT;EFS;EUR;153;131.36000000;416;EXCHANGE_LAST;;1;1;XEUR;11286679;688;
28.01.2025;15:57:20.865;FGBL SI 20250306 PS;SIMPLE_INSTRUMENT;EFS;EUR;154;131.44000000;416;EXCHANGE_LAST;;1;1;XEUR;11286679;688;
28.01.2025;15:57:35.881;FGBL SI 20250306 PS;SIMPLE_INSTRUMENT;EFS;EUR;155;131.43000000;416;EXCHANGE_LAST;;1;1;XEUR;11286679;688;
28.01.2025;16:00:06.014;FGBL SI 20250306 PS;SIMPLE_INSTRUMENT;EFS;EUR;156;131.43000000;416;EXCHANGE_LAST;;1;1;XEUR;11286679;688;
28.01.2025;16:00:11.021;FGBL SI 20250306 PS;SIMPLE_INSTRUMENT;EFS;EUR;157;131.40000000;416;EXCHANGE_LAST;;1;1;XEUR;11286679;688;
28.01.2025;16:00:41.049;FGBL SI 20250306 PS;SIMPLE_INSTRUMENT;EFS;EUR;158;131.41000000;416;EXCHANGE_LAST;;1;1;XEUR;11286679;688;
28.01.2025;16:13:59.931;FGBL SI 20250306 PS;SIMPLE_INSTRUMENT;EFS;EUR;159;131.43000000;1500;EXCHANGE_LAST;;1;1;XEUR;11286679;688;
28.01.2025;16:14:07.614;FGBL SI 20250306 PS;SIMPLE_INSTRUMENT;EFS;EUR;160;131.40000000;416;EXCHANGE_LAST;;1;1;XEUR;11286679;688;
28.01.2025;16:17:47.758;FGBL SI 20250306 PS;SIMPLE_INSTRUMENT;EFS;EUR;161;131.41000000;416;EXCHANGE_LAST;;1;1;XEUR;11286679;688;
28.01.2025;16:18:57.812;FGBL SI 20250306 PS;SIMPLE_INSTRUMENT;EFS;EUR;162;131.38000000;291;EXCHANGE_LAST;;1;1;XEUR;11286679;688;
28.01.2025;16:19:49.492;FGBL SI 20250306 PS;SIMPLE_INSTRUMENT;EFS;EUR;163;131.39000000;180;EXCHANGE_LAST;;1;1;XEUR;11286679;688;
28.01.2025;16:19:57.854;FGBL SI 20250306 PS;SIMPLE_INSTRUMENT;EFS;EUR;164;131.38000000;374;EXCHANGE_LAST;;1;1;XEUR;11286679;688;
28.01.2025;16:22:32.469;FGBL SI 20250306 PS;SIMPLE_INSTRUMENT;EFS;EUR;165;131.41000000;415;EXCHANGE_LAST;;1;1;XEUR;11286679;688;
28.01.2025;16:24:20.288;FGBL SI 20250306 PS;SIMPLE_INSTRUMENT;EFS;EUR;166;131.39000000;416;EXCHANGE_LAST;;1;1;XEUR;11286679;688;
28.01.2025;16:24:48.839;FGBL SI 20250306 PS;SIMPLE_INSTRUMENT;EFS;EUR;167;131.41000000;208;EXCHANGE_LAST;;1;1;XEUR;11286679;688;
28.01.2025;16:29:52.727;FGBL SI 20250306 PS;SIMPLE_INSTRUMENT;EFP_FIN;EUR;168;131.40000000;1114;EXCHANGE_LAST;;1;1;XEUR;11286679;688;
28.01.2025;16:31:11.511;FGBL SI 20250306 PS;SIMPLE_INSTRUMENT;EFP_FIN;EUR;169;131.38000000;1114;EXCHANGE_LAST;;1;1;XEUR;11286679;688;
28.01.2025;16:37:00.144;FGBL SI 20250306 PS;SIMPLE_INSTRUMENT;EFP_FIN;EUR;170;131.39000000;1384;EXCHANGE_LAST;;1;1;XEUR;11286679;688;
28.01.2025;16:38:03.034;FGBL SI 20250306 PS;SIMPLE_INSTRUMENT;EFS;EUR;171;131.40000000;238;EXCHANGE_LAST;;1;1;XEUR;11286679;688;
28.01.2025;16:45:41.390;FGBL SI 20250306 PS;SIMPLE_INSTRUMENT;EFS;EUR;172;131.39000000;123;EXCHANGE_LAST;;1;1;XEUR;11286679;688;
28.01.2025;16:48:11.908;FGBL SI 20250306 PS;SIMPLE_INSTRUMENT;EFS;EUR;173;131.39000000;293;EXCHANGE_LAST;;1;1;XEUR;11286679;688;
28.01.2025;16:50:16.870;FGBL SI 20250306 PS;SIMPLE_INSTRUMENT;EFS;EUR;174;131.42000000;415;EXCHANGE_LAST;;1;1;XEUR;11286679;688;
28.01.2025;16:52:52.163;FGBL SI 20250306 PS;SIMPLE_INSTRUMENT;EFS;EUR;175;131.40000000;457;EXCHANGE_LAST;;1;1;XEUR;11286679;688;
28.01.2025;16:55:00.198;FGBL SI 20250306 PS;SIMPLE_INSTRUMENT;EFS;EUR;176;131.39000000;416;EXCHANGE_LAST;;1;1;XEUR;11286679;688;
28.01.2025;16:56:05.171;FGBL SI 20250306 PS;SIMPLE_INSTRUMENT;EFS;EUR;177;131.40000000;415;EXCHANGE_LAST;;1;1;XEUR;11286679;688;
28.01.2025;17:08:12.642;FGBL SI 20250306 PS;SIMPLE_INSTRUMENT;EFS;EUR;178;131.39000000;233;EXCHANGE_LAST;;1;1;XEUR;11286679;688;
28.01.2025;09:27:22.449;FGBL SI 20250306 PS;SIMPLE_INSTRUMENT;VOLA;EUR;268435466;131.60000000;21;EXCHANGE_LAST;;1;1;XEUR;11286679;688;
28.01.2025;10:27:59.179;FGBL SI 20250306 PS;SIMPLE_INSTRUMENT;VOLA;EUR;268435471;131.52000000;12;EXCHANGE_LAST;;1;1;XEUR;11286679;688;
28.01.2025;13:47:00.205;FGBL SI 20250306 PS;SIMPLE_INSTRUMENT;VOLA;EUR;268435493;131.48000000;40;EXCHANGE_LAST;;1;1;XEUR;11286679;688;
28.01.2025;13:47:48.528;FGBL SI 20250306 PS;SIMPLE_INSTRUMENT;VOLA;EUR;268435494;131.48000000;15;EXCHANGE_LAST;;1;1;XEUR;11286679;688;
28.01.2025;15:46:23.473;FGBL SI 20250306 PS;SIMPLE_INSTRUMENT;VOLA;EUR;268435510;131.45000000;25;EXCHANGE_LAST;;1;1;XEUR;11286679;688;
28.01.2025;15:47:24.524;FGBL SI 20250306 PS;SIMPLE_INSTRUMENT;VOLA;EUR;268435512;131.45000000;25;EXCHANGE_LAST;;1;1;XEUR;11286679;688;
28.01.2025;08:00:14.897;FGBM SI 20250306 PS;SIMPLE_INSTRUMENT;EFS;EUR;1;116.82000000;758;EXCHANGE_LAST;;1;1;XEUR;11286680;689;
28.01.2025;08:03:06.947;FGBM SI 20250306 PS;SIMPLE_INSTRUMENT;EFS;EUR;2;116.83000000;913;EXCHANGE_LAST;;1;1;XEUR;11286680;689;
28.01.2025;08:58:47.203;FGBM SI 20250306 PS;SIMPLE_INSTRUMENT;EFS;EUR;3;116.82000000;911;EXCHANGE_LAST;;1;1;XEUR;11286680;689;
28.01.2025;08:59:38.921;FGBM SI 20250306 PS;SIMPLE_INSTRUMENT;EFS;EUR;4;116.84000000;911;EXCHANGE_LAST;;1;1;XEUR;11286680;689;
28.01.2025;09:01:44.904;FGBM SI 20250306 PS;SIMPLE_INSTRUMENT;EFS;EUR;5;116.84000000;911;EXCHANGE_LAST;;1;1;XEUR;11286680;689;
28.01.2025;09:10:35.664;FGBM SI 20250306 PS;SIMPLE_INSTRUMENT;EFP_FIN;EUR;6;116.84000000;736;EXCHANGE_LAST;;1;1;XEUR;11286680;689;
28.01.2025;09:13:44.789;FGBM SI 20250306 PS;SIMPLE_INSTRUMENT;EFP_FIN;EUR;7;116.84000000;974;EXCHANGE_LAST;;1;1;XEUR;11286680;689;
28.01.2025;09:14:14.892;FGBM SI 20250306 PS;SIMPLE_INSTRUMENT;EFP_FIN;EUR;8;116.84000000;1948;EXCHANGE_LAST;;1;1;XEUR;11286680;689;
28.01.2025;09:20:48.252;FGBM SI 20250306 PS;SIMPLE_INSTRUMENT;EFS;EUR;9;116.81000000;861;EXCHANGE_LAST;;1;1;XEUR;11286680;689;
28.01.2025;09:21:43.294;FGBM SI 20250306 PS;SIMPLE_INSTRUMENT;EFS;EUR;10;116.81000000;861;EXCHANGE_LAST;;1;1;XEUR;11286680;689;
28.01.2025;09:23:16.212;FGBM SI 20250306 PS;SIMPLE_INSTRUMENT;EFS;EUR;11;116.79000000;1032;EXCHANGE_LAST;;1;1;XEUR;11286680;689;
28.01.2025;09:33:34.804;FGBM SI 20250306 PS;SIMPLE_INSTRUMENT;EFS;EUR;12;116.78000000;861;EXCHANGE_LAST;;1;1;XEUR;11286680;689;
28.01.2025;09:30:33.717;FGBM SI 20250306 PS;SIMPLE_INSTRUMENT;EFS;EUR;13;116.77000000;913;EXCHANGE_LAST;;1;1;XEUR;11286680;689;
28.01.2025;09:35:23.111;FGBM SI 20250306 PS;SIMPLE_INSTRUMENT;EFS;EUR;14;116.77000000;428;EXCHANGE_LAST;;1;1;XEUR;11286680;689;
28.01.2025;09:36:51.266;FGBM SI 20250306 PS;SIMPLE_INSTRUMENT;EFS;EUR;15;116.78000000;516;EXCHANGE_LAST;;1;1;XEUR;11286680;689;
28.01.2025;09:37:22.699;FGBM SI 20250306 PS;SIMPLE_INSTRUMENT;EFS;EUR;16;116.76000000;996;EXCHANGE_LAST;;1;1;XEUR;11286680;689;
28.01.2025;09:40:28.943;FGBM SI 20250306 PS;SIMPLE_INSTRUMENT;EFS;EUR;17;116.77000000;1375;EXCHANGE_LAST;;1;1;XEUR;11286680;689;
28.01.2025;09:42:39.903;FGBM SI 20250306 PS;SIMPLE_INSTRUMENT;EFP_FIN;EUR;18;116.77000000;934;EXCHANGE_LAST;;1;1;XEUR;11286680;689;
28.01.2025;09:44:12.806;FGBM SI 20250306 PS;SIMPLE_INSTRUMENT;EFS;EUR;19;116.75000000;912;EXCHANGE_LAST;;1;1;XEUR;11286680;689;
28.01.2025;09:48:01.889;FGBM SI 20250306 PS;SIMPLE_INSTRUMENT;EFS;EUR;20;116.78000000;952;EXCHANGE_LAST;;1;1;XEUR;11286680;689;
28.01.2025;09:49:26.371;FGBM SI 20250306 PS;SIMPLE_INSTRUMENT;EFS;EUR;21;116.77000000;597;EXCHANGE_LAST;;1;1;XEUR;11286680;689;
28.01.2025;10:03:52.516;FGBM SI 20250306 PS;SIMPLE_INSTRUMENT;EFS;EUR;22;116.76000000;456;EXCHANGE_LAST;;1;1;XEUR;11286680;689;
28.01.2025;10:06:39.929;FGBM SI 20250306 PS;SIMPLE_INSTRUMENT;EFS;EUR;23;116.77000000;912;EXCHANGE_LAST;;1;1;XEUR;11286680;689;
28.01.2025;10:08:14.477;FGBM SI 20250306 PS;SIMPLE_INSTRUMENT;EFP_FIN;EUR;24;116.76000000;690;EXCHANGE_LAST;;1;1;XEUR;11286680;689;
28.01.2025;10:14:22.325;FGBM SI 20250306 PS;SIMPLE_INSTRUMENT;EFS;EUR;25;116.80000000;498;EXCHANGE_LAST;;1;1;XEUR;11286680;689;
28.01.2025;10:20:42.296;FGBM SI 20250306 PS;SIMPLE_INSTRUMENT;EFP_FIN;EUR;26;116.77000000;294;EXCHANGE_LAST;;1;1;XEUR;11286680;689;
28.01.2025;10:31:05.705;FGBM SI 20250306 PS;SIMPLE_INSTRUMENT;EFS;EUR;27;116.80000000;911;EXCHANGE_LAST;;1;1;XEUR;11286680;689;
28.01.2025;10:34:25.494;FGBM SI 20250306 PS;SIMPLE_INSTRUMENT;EFS;EUR;28;116.79000000;1430;EXCHANGE_LAST;;1;1;XEUR;11286680;689;
28.01.2025;10:47:24.063;FGBM SI 20250306 PS;SIMPLE_INSTRUMENT;EFP_FIN;EUR;29;116.77000000;324;EXCHANGE_LAST;;1;1;XEUR;11286680;689;
28.01.2025;10:54:11.735;FGBM SI 20250306 PS;SIMPLE_INSTRUMENT;EFS;EUR;30;116.77000000;456;EXCHANGE_LAST;;1;1;XEUR;11286680;689;
28.01.2025;10:59:01.016;FGBM SI 20250306 PS;SIMPLE_INSTRUMENT;EFS;EUR;31;116.78000000;1218;EXCHANGE_LAST;;1;1;XEUR;11286680;689;
28.01.2025;11:01:29.273;FGBM SI 20250306 PS;SIMPLE_INSTRUMENT;EFP_FIN;EUR;32;116.77000000;862;EXCHANGE_LAST;;1;1;XEUR;11286680;689;
28.01.2025;11:07:43.745;FGBM SI 20250306 PS;SIMPLE_INSTRUMENT;EFS;EUR;33;116.78000000;456;EXCHANGE_LAST;;1;1;XEUR;11286680;689;
28.01.2025;11:11:43.192;FGBM SI 20250306 PS;SIMPLE_INSTRUMENT;EFS;EUR;34;116.78000000;228;EXCHANGE_LAST;;1;1;XEUR;11286680;689;
28.01.2025;11:10:13.627;FGBM SI 20250306 PS;SIMPLE_INSTRUMENT;EFS;EUR;35;116.78000000;456;EXCHANGE_LAST;;1;1;XEUR;11286680;689;
28.01.2025;11:55:58.656;FGBM SI 20250306 PS;SIMPLE_INSTRUMENT;EFS;EUR;36;116.78000000;684;EXCHANGE_LAST;;1;1;XEUR;11286680;689;
28.01.2025;12:20:58.456;FGBM SI 20250306 PS;SIMPLE_INSTRUMENT;EFP_FIN;EUR;37;116.77000000;378;EXCHANGE_LAST;;1;1;XEUR;11286680;689;
28.01.2025;12:26:59.589;FGBM SI 20250306 PS;SIMPLE_INSTRUMENT;EFP_FIN;EUR;38;116.77000000;453;EXCHANGE_LAST;;1;1;XEUR;11286680;689;
28.01.2025;12:40:27.404;FGBM SI 20250306 PS;SIMPLE_INSTRUMENT;EFS;EUR;39;116.78000000;1721;EXCHANGE_LAST;;1;1;XEUR;11286680;689;
28.01.2025;12:55:53.449;FGBM SI 20250306 PS;SIMPLE_INSTRUMENT;EFP_FIN;EUR;40;116.77000000;227;EXCHANGE_LAST;;1;1;XEUR;11286680;689;
28.01.2025;13:05:06.692;FGBM SI 20250306 PS;SIMPLE_INSTRUMENT;EFS;EUR;41;116.81000000;1175;EXCHANGE_LAST;;1;1;XEUR;11286680;689;
28.01.2025;13:04:58.182;FGBM SI 20250306 PS;SIMPLE_INSTRUMENT;EFP_FIN;EUR;42;116.79000000;229;EXCHANGE_LAST;;1;1;XEUR;11286680;689;
28.01.2025;13:05:01.835;FGBM SI 20250306 PS;SIMPLE_INSTRUMENT;EFP_FIN;EUR;43;116.77000000;431;EXCHANGE_LAST;;1;1;XEUR;11286680;689;
28.01.2025;13:08:55.500;FGBM SI 20250306 PS;SIMPLE_INSTRUMENT;EFS;EUR;44;116.77000000;183;EXCHANGE_LAST;;1;1;XEUR;11286680;689;
28.01.2025;13:12:56.551;FGBM SI 20250306 PS;SIMPLE_INSTRUMENT;EFS;EUR;45;116.78000000;456;EXCHANGE_LAST;;1;1;XEUR;11286680;689;
28.01.2025;13:13:02.317;FGBM SI 20250306 PS;SIMPLE_INSTRUMENT;EFP_FIN;EUR;46;116.77000000;227;EXCHANGE_LAST;;1;1;XEUR;11286680;689;
28.01.2025;13:14:07.509;FGBM SI 20250306 PS;SIMPLE_INSTRUMENT;EFS;EUR;47;116.76000000;1368;EXCHANGE_LAST;;1;1;XEUR;11286680;689;
28.01.2025;13:19:49.055;FGBM SI 20250306 PS;SIMPLE_INSTRUMENT;EFS;EUR;48;116.76000000;1593;EXCHANGE_LAST;;1;1;XEUR;11286680;689;
28.01.2025;13:31:54.572;FGBM SI 20250306 PS;SIMPLE_INSTRUMENT;EFS;EUR;49;116.77000000;685;EXCHANGE_LAST;;1;1;XEUR;11286680;689;
28.01.2025;13:35:51.054;FGBM SI 20250306 PS;SIMPLE_INSTRUMENT;EFP_FIN;EUR;50;116.77000000;431;EXCHANGE_LAST;;1;1;XEUR;11286680;689;
28.01.2025;13:40:13.218;FGBM SI 20250306 PS;SIMPLE_INSTRUMENT;EFP_FIN;EUR;51;116.77000000;2157;EXCHANGE_LAST;;1;1;XEUR;11286680;689;
28.01.2025;13:43:16.949;FGBM SI 20250306 PS;SIMPLE_INSTRUMENT;EFS;EUR;52;116.77000000;912;EXCHANGE_LAST;;1;1;XEUR;11286680;689;
28.01.2025;13:46:31.177;FGBM SI 20250306 PS;SIMPLE_INSTRUMENT;EFS;EUR;53;116.77000000;912;EXCHANGE_LAST;;1;1;XEUR;11286680;689;
28.01.2025;14:00:20.776;FGBM SI 20250306 PS;SIMPLE_INSTRUMENT;EFS;EUR;54;116.79000000;913;EXCHANGE_LAST;;1;1;XEUR;11286680;689;
28.01.2025;14:00:57.516;FGBM SI 20250306 PS;SIMPLE_INSTRUMENT;EFS;EUR;55;116.78000000;912;EXCHANGE_LAST;;1;1;XEUR;11286680;689;
28.01.2025;14:04:16.741;FGBM SI 20250306 PS;SIMPLE_INSTRUMENT;EFP_FIN;EUR;56;116.78000000;147;EXCHANGE_LAST;;1;1;XEUR;11286680;689;
28.01.2025;14:07:20.167;FGBM SI 20250306 PS;SIMPLE_INSTRUMENT;EFS;EUR;57;116.79000000;913;EXCHANGE_LAST;;1;1;XEUR;11286680;689;
28.01.2025;14:07:35.181;FGBM SI 20250306 PS;SIMPLE_INSTRUMENT;EFS;EUR;58;116.79000000;913;EXCHANGE_LAST;;1;1;XEUR;11286680;689;
28.01.2025;14:08:20.222;FGBM SI 20250306 PS;SIMPLE_INSTRUMENT;EFS;EUR;59;116.79000000;913;EXCHANGE_LAST;;1;1;XEUR;11286680;689;
28.01.2025;14:20:36.643;FGBM SI 20250306 PS;SIMPLE_INSTRUMENT;EFP_FIN;EUR;60;116.77000000;264;EXCHANGE_LAST;;1;1;XEUR;11286680;689;
28.01.2025;14:25:25.362;FGBM SI 20250306 PS;SIMPLE_INSTRUMENT;EFP_FIN;EUR;61;116.75000000;234;EXCHANGE_LAST;;1;1;XEUR;11286680;689;
28.01.2025;14:35:51.956;FGBM SI 20250306 PS;SIMPLE_INSTRUMENT;EFP_FIN;EUR;63;116.75000000;190;EXCHANGE_LAST;;1;1;XEUR;11286680;689;
28.01.2025;14:37:57.730;FGBM SI 20250306 PS;SIMPLE_INSTRUMENT;EFP_FIN;EUR;64;116.78000000;935;EXCHANGE_LAST;;1;1;XEUR;11286680;689;
28.01.2025;14:49:52.644;FGBM SI 20250306 PS;SIMPLE_INSTRUMENT;EFS;EUR;65;116.81000000;911;EXCHANGE_LAST;;1;1;XEUR;11286680;689;
28.01.2025;14:51:26.773;FGBM SI 20250306 PS;SIMPLE_INSTRUMENT;EFS;EUR;66;116.82000000;456;EXCHANGE_LAST;;1;1;XEUR;11286680;689;
28.01.2025;14:52:54.012;FGBM SI 20250306 PS;SIMPLE_INSTRUMENT;EFP_FIN;EUR;67;116.79000000;227;EXCHANGE_LAST;;1;1;XEUR;11286680;689;
28.01.2025;14:57:14.743;FGBM SI 20250306 PS;SIMPLE_INSTRUMENT;EFS;EUR;68;116.86000000;456;EXCHANGE_LAST;;1;1;XEUR;11286680;689;
28.01.2025;14:57:22.034;FGBM SI 20250306 PS;SIMPLE_INSTRUMENT;EFP_FIN;EUR;69;116.85000000;259;EXCHANGE_LAST;;1;1;XEUR;11286680;689;
28.01.2025;15:01:36.224;FGBM SI 20250306 PS;SIMPLE_INSTRUMENT;EFS;EUR;70;116.86000000;456;EXCHANGE_LAST;;1;1;XEUR;11286680;689;
28.01.2025;15:09:54.139;FGBM SI 20250306 PS;SIMPLE_INSTRUMENT;EFS;EUR;71;116.81000000;860;EXCHANGE_LAST;;1;1;XEUR;11286680;689;
28.01.2025;15:10:33.926;FGBM SI 20250306 PS;SIMPLE_INSTRUMENT;EFS;EUR;72;116.81000000;1719;EXCHANGE_LAST;;1;1;XEUR;11286680;689;
28.01.2025;15:11:48.430;FGBM SI 20250306 PS;SIMPLE_INSTRUMENT;EFS;EUR;73;116.83000000;1501;EXCHANGE_LAST;;1;1;XEUR;11286680;689;
28.01.2025;15:19:23.685;FGBM SI 20250306 PS;SIMPLE_INSTRUMENT;EFP_FIN;EUR;74;116.78000000;94;EXCHANGE_LAST;;1;1;XEUR;11286680;689;
28.01.2025;15:30:48.072;FGBM SI 20250306 PS;SIMPLE_INSTRUMENT;EFP_FIN;EUR;75;116.83000000;190;EXCHANGE_LAST;;1;1;XEUR;11286680;689;
28.01.2025;15:31:42.229;FGBM SI 20250306 PS;SIMPLE_INSTRUMENT;EFP_FIN;EUR;76;116.82000000;222;EXCHANGE_LAST;;1;1;XEUR;11286680;689;
28.01.2025;15:41:31.418;FGBM SI 20250306 PS;SIMPLE_INSTRUMENT;EFS;EUR;77;116.78000000;199;EXCHANGE_LAST;;1;1;XEUR;11286680;689;
28.01.2025;16:00:25.527;FGBM SI 20250306 PS;SIMPLE_INSTRUMENT;EFP_FIN;EUR;78;116.77000000;474;EXCHANGE_LAST;;1;1;XEUR;11286680;689;
28.01.2025;16:00:07.016;FGBM SI 20250306 PS;SIMPLE_INSTRUMENT;EFS;EUR;79;116.76000000;913;EXCHANGE_LAST;;1;1;XEUR;11286680;689;
28.01.2025;16:10:52.245;FGBM SI 20250306 PS;SIMPLE_INSTRUMENT;EFS;EUR;80;116.76000000;996;EXCHANGE_LAST;;1;1;XEUR;11286680;689;
28.01.2025;16:11:32.708;FGBM SI 20250306 PS;SIMPLE_INSTRUMENT;EFP_FIN;EUR;81;116.80000000;1242;EXCHANGE_LAST;;1;1;XEUR;11286680;689;
28.01.2025;16:12:40.441;FGBM SI 20250306 PS;SIMPLE_INSTRUMENT;EFS;EUR;82;116.78000000;6000;EXCHANGE_LAST;;1;1;XEUR;11286680;689;
28.01.2025;16:13:35.501;FGBM SI 20250306 PS;SIMPLE_INSTRUMENT;EFP_FIN;EUR;83;116.80000000;2493;EXCHANGE_LAST;;1;1;XEUR;11286680;689;
28.01.2025;16:22:23.036;FGBM SI 20250306 PS;SIMPLE_INSTRUMENT;EFS;EUR;84;116.75000000;913;EXCHANGE_LAST;;1;1;XEUR;11286680;689;
28.01.2025;16:38:25.612;FGBM SI 20250306 PS;SIMPLE_INSTRUMENT;EFP_FIN;EUR;85;116.77000000;164;EXCHANGE_LAST;;1;1;XEUR;11286680;689;
28.01.2025;16:59:44.399;FGBM SI 20250306 PS;SIMPLE_INSTRUMENT;EFP_FIN;EUR;86;116.76000000;568;EXCHANGE_LAST;;1;1;XEUR;11286680;689;
28.01.2025;07:43:34.062;FGBS SI 20250306 PS;SIMPLE_INSTRUMENT;EFS;EUR;1;106.56500000;2749;EXCHANGE_LAST;;1;1;XEUR;11286681;690;
28.01.2025;08:45:04.009;FGBS SI 20250306 PS;SIMPLE_INSTRUMENT;BLOCK;EUR;2;106.56000000;5499;EXCHANGE_LAST;;1;1;XEUR;11286681;690;
28.01.2025;09:30:55.909;FGBS SI 20250306 PS;SIMPLE_INSTRUMENT;EFS;EUR;3;106.53000000;1182;EXCHANGE_LAST;;1;1;XEUR;11286681;690;
28.01.2025;09:33:45.979;FGBS SI 20250306 PS;SIMPLE_INSTRUMENT;EFP_FIN;EUR;4;106.56000000;468;EXCHANGE_LAST;;1;1;XEUR;11286681;690;
28.01.2025;09:36:53.421;FGBS SI 20250306 PS;SIMPLE_INSTRUMENT;EFP_FIN;EUR;5;106.53000000;1320;EXCHANGE_LAST;;1;1;XEUR;11286681;690;
28.01.2025;09:39:57.627;FGBS SI 20250306 PS;SIMPLE_INSTRUMENT;EFP_FIN;EUR;6;106.52500000;835;EXCHANGE_LAST;;1;1;XEUR;11286681;690;
28.01.2025;09:45:10.539;FGBS SI 20250306 PS;SIMPLE_INSTRUMENT;EFP_FIN;EUR;7;106.52000000;567;EXCHANGE_LAST;;1;1;XEUR;11286681;690;
28.01.2025;09:45:56.150;FGBS SI 20250306 PS;SIMPLE_INSTRUMENT;EFP_FIN;EUR;8;106.52000000;935;EXCHANGE_LAST;;1;1;XEUR;11286681;690;
28.01.2025;09:47:31.365;FGBS SI 20250306 PS;SIMPLE_INSTRUMENT;EFS;EUR;9;106.52500000;825;EXCHANGE_LAST;;1;1;XEUR;11286681;690;
28.01.2025;09:52:08.760;FGBS SI 20250306 PS;SIMPLE_INSTRUMENT;EFS;EUR;10;106.53000000;2107;EXCHANGE_LAST;;1;1;XEUR;11286681;690;
28.01.2025;10:03:00.933;FGBS SI 20250306 PS;SIMPLE_INSTRUMENT;EFP_FIN;EUR;11;106.52000000;234;EXCHANGE_LAST;;1;1;XEUR;11286681;690;
28.01.2025;10:03:23.980;FGBS SI 20250306 PS;SIMPLE_INSTRUMENT;EFP_FIN;EUR;12;106.52000000;468;EXCHANGE_LAST;;1;1;XEUR;11286681;690;
28.01.2025;10:05:24.877;FGBS SI 20250306 PS;SIMPLE_INSTRUMENT;BLOCK;EUR;13;106.53000000;7908;EXCHANGE_LAST;;1;1;XEUR;11286681;690;
28.01.2025;10:12:39.263;FGBS SI 20250306 PS;SIMPLE_INSTRUMENT;EFS;EUR;14;106.54000000;1375;EXCHANGE_LAST;;1;1;XEUR;11286681;690;
28.01.2025;10:20:05.326;FGBS SI 20250306 PS;SIMPLE_INSTRUMENT;EFP_FIN;EUR;15;106.53000000;208;EXCHANGE_LAST;;1;1;XEUR;11286681;690;
28.01.2025;10:23:33.897;FGBS SI 20250306 PS;SIMPLE_INSTRUMENT;EFP_FIN;EUR;17;106.53000000;1059;EXCHANGE_LAST;;1;1;XEUR;11286681;690;
28.01.2025;10:29:20.009;FGBS SI 20250306 PS;SIMPLE_INSTRUMENT;EFS;EUR;18;106.53000000;7917;EXCHANGE_LAST;;1;1;XEUR;11286681;690;
28.01.2025;10:31:28.016;FGBS SI 20250306 PS;SIMPLE_INSTRUMENT;EFS;EUR;19;106.54000000;5272;EXCHANGE_LAST;;1;1;XEUR;11286681;690;
28.01.2025;10:48:59.831;FGBS SI 20250306 PS;SIMPLE_INSTRUMENT;EFP_FIN;EUR;20;106.53000000;659;EXCHANGE_LAST;;1;1;XEUR;11286681;690;
28.01.2025;11:16:23.640;FGBS SI 20250306 PS;SIMPLE_INSTRUMENT;EFP_FIN;EUR;21;106.53000000;529;EXCHANGE_LAST;;1;1;XEUR;11286681;690;
28.01.2025;11:17:12.741;FGBS SI 20250306 PS;SIMPLE_INSTRUMENT;EFS;EUR;22;106.53500000;1170;EXCHANGE_LAST;;1;1;XEUR;11286681;690;
28.01.2025;11:27:16.825;FGBS SI 20250306 PS;SIMPLE_INSTRUMENT;EFP_FIN;EUR;23;106.53000000;529;EXCHANGE_LAST;;1;1;XEUR;11286681;690;
28.01.2025;11:56:20.966;FGBS SI 20250306 PS;SIMPLE_INSTRUMENT;EFP_FIN;EUR;24;106.53000000;331;EXCHANGE_LAST;;1;1;XEUR;11286681;690;
28.01.2025;12:01:46.271;FGBS SI 20250306 PS;SIMPLE_INSTRUMENT;EFP_FIN;EUR;25;106.53000000;265;EXCHANGE_LAST;;1;1;XEUR;11286681;690;
28.01.2025;12:02:35.055;FGBS SI 20250306 PS;SIMPLE_INSTRUMENT;EFP_FIN;EUR;26;106.53000000;159;EXCHANGE_LAST;;1;1;XEUR;11286681;690;
28.01.2025;12:05:20.826;FGBS SI 20250306 PS;SIMPLE_INSTRUMENT;EFP_FIN;EUR;27;106.53000000;530;EXCHANGE_LAST;;1;1;XEUR;11286681;690;
28.01.2025;12:16:33.621;FGBS SI 20250306 PS;SIMPLE_INSTRUMENT;EFS;EUR;28;106.53000000;2000;EXCHANGE_LAST;;1;1;XEUR;11286681;690;
28.01.2025;12:24:55.639;FGBS SI 20250306 PS;SIMPLE_INSTRUMENT;BLOCK;EUR;29;106.53000000;7920;EXCHANGE_LAST;;1;1;XEUR;11286681;690;
28.01.2025;12:25:55.343;FGBS SI 20250306 PS;SIMPLE_INSTRUMENT;EFS;EUR;30;106.53000000;7917;EXCHANGE_LAST;;1;1;XEUR;11286681;690;
28.01.2025;12:27:11.347;FGBS SI 20250306 PS;SIMPLE_INSTRUMENT;EFS;EUR;31;106.53500000;1650;EXCHANGE_LAST;;1;1;XEUR;11286681;690;
28.01.2025;12:27:52.292;FGBS SI 20250306 PS;SIMPLE_INSTRUMENT;EFS;EUR;32;106.54000000;5000;EXCHANGE_LAST;;1;1;XEUR;11286681;690;
28.01.2025;12:37:16.375;FGBS SI 20250306 PS;SIMPLE_INSTRUMENT;EFS;EUR;33;106.53000000;7917;EXCHANGE_LAST;;1;1;XEUR;11286681;690;
28.01.2025;12:39:43.980;FGBS SI 20250306 PS;SIMPLE_INSTRUMENT;EFS;EUR;34;106.53000000;2000;EXCHANGE_LAST;;1;1;XEUR;11286681;690;
28.01.2025;12:42:39.258;FGBS SI 20250306 PS;SIMPLE_INSTRUMENT;EFS;EUR;35;106.53000000;1500;EXCHANGE_LAST;;1;1;XEUR;11286681;690;
28.01.2025;12:44:51.370;FGBS SI 20250306 PS;SIMPLE_INSTRUMENT;EFS;EUR;36;106.53000000;1000;EXCHANGE_LAST;;1;1;XEUR;11286681;690;
28.01.2025;12:49:31.539;FGBS SI 20250306 PS;SIMPLE_INSTRUMENT;EFP_FIN;EUR;37;106.53000000;468;EXCHANGE_LAST;;1;1;XEUR;11286681;690;
28.01.2025;12:56:12.369;FGBS SI 20250306 PS;SIMPLE_INSTRUMENT;EFP_FIN;EUR;38;106.53000000;935;EXCHANGE_LAST;;1;1;XEUR;11286681;690;
28.01.2025;13:12:00.555;FGBS SI 20250306 PS;SIMPLE_INSTRUMENT;EFP_FIN;EUR;39;106.53000000;1402;EXCHANGE_LAST;;1;1;XEUR;11286681;690;
28.01.2025;13:23:47.037;FGBS SI 20250306 PS;SIMPLE_INSTRUMENT;EFS;EUR;40;106.53000000;6612;EXCHANGE_LAST;;1;1;XEUR;11286681;690;
28.01.2025;13:28:12.382;FGBS SI 20250306 PS;SIMPLE_INSTRUMENT;EFS;EUR;41;106.52500000;7921;EXCHANGE_LAST;;1;1;XEUR;11286681;690;
28.01.2025;13:31:25.177;FGBS SI 20250306 PS;SIMPLE_INSTRUMENT;EFS;EUR;42;106.53000000;1045;EXCHANGE_LAST;;1;1;XEUR;11286681;690;
28.01.2025;13:35:32.246;FGBS SI 20250306 PS;SIMPLE_INSTRUMENT;EFS;EUR;43;106.53500000;5000;EXCHANGE_LAST;;1;1;XEUR;11286681;690;
28.01.2025;13:56:56.603;FGBS SI 20250306 PS;SIMPLE_INSTRUMENT;EFS;EUR;44;106.53000000;7922;EXCHANGE_LAST;;1;1;XEUR;11286681;690;
28.01.2025;13:58:47.476;FGBS SI 20250306 PS;SIMPLE_INSTRUMENT;EFS;EUR;45;106.53500000;6334;EXCHANGE_LAST;;1;1;XEUR;11286681;690;
28.01.2025;14:09:14.699;FGBS SI 20250306 PS;SIMPLE_INSTRUMENT;EFS;EUR;46;106.53500000;2751;EXCHANGE_LAST;;1;1;XEUR;11286681;690;
28.01.2025;14:53:48.775;FGBS SI 20250306 PS;SIMPLE_INSTRUMENT;EFS;EUR;47;106.54500000;5501;EXCHANGE_LAST;;1;1;XEUR;11286681;690;
28.01.2025;15:05:20.484;FGBS SI 20250306 PS;SIMPLE_INSTRUMENT;EFP_FIN;EUR;48;106.53000000;180;EXCHANGE_LAST;;1;1;XEUR;11286681;690;
28.01.2025;15:08:46.829;FGBS SI 20250306 PS;SIMPLE_INSTRUMENT;EFP_FIN;EUR;49;106.53000000;530;EXCHANGE_LAST;;1;1;XEUR;11286681;690;
28.01.2025;15:11:10.824;FGBS SI 20250306 PS;SIMPLE_INSTRUMENT;EFP_FIN;EUR;50;106.53000000;265;EXCHANGE_LAST;;1;1;XEUR;11286681;690;
28.01.2025;15:10:28.840;FGBS SI 20250306 PS;SIMPLE_INSTRUMENT;EFS;EUR;51;106.53500000;2751;EXCHANGE_LAST;;1;1;XEUR;11286681;690;
28.01.2025;15:13:35.611;FGBS SI 20250306 PS;SIMPLE_INSTRUMENT;EFP_FIN;EUR;52;106.55000000;1297;EXCHANGE_LAST;;1;1;XEUR;11286681;690;
28.01.2025;15:15:36.967;FGBS SI 20250306 PS;SIMPLE_INSTRUMENT;EFP_FIN;EUR;53;106.54000000;208;EXCHANGE_LAST;;1;1;XEUR;11286681;690;
28.01.2025;15:21:09.783;FGBS SI 20250306 PS;SIMPLE_INSTRUMENT;EFP_FIN;EUR;54;106.55000000;935;EXCHANGE_LAST;;1;1;XEUR;11286681;690;
28.01.2025;15:43:24.535;FGBS SI 20250306 PS;SIMPLE_INSTRUMENT;EFS;EUR;55;106.54000000;2200;EXCHANGE_LAST;;1;1;XEUR;11286681;690;
28.01.2025;16:24:57.565;FGBS SI 20250306 PS;SIMPLE_INSTRUMENT;EFS;EUR;56;106.53000000;2541;EXCHANGE_LAST;;1;1;XEUR;11286681;690;
28.01.2025;16:27:43.949;FGBS SI 20250306 PS;SIMPLE_INSTRUMENT;EFP_FIN;EUR;57;106.53000000;208;EXCHANGE_LAST;;1;1;XEUR;11286681;690;
28.01.2025;16:38:51.587;FGBS SI 20250306 PS;SIMPLE_INSTRUMENT;EFS;EUR;58;106.53000000;1375;EXCHANGE_LAST;;1;1;XEUR;11286681;690;
28.01.2025;16:49:10.257;FGBS SI 20250306 PS;SIMPLE_INSTRUMENT;EFS;EUR;59;106.52500000;1375;EXCHANGE_LAST;;1;1;XEUR;11286681;690;
28.01.2025;16:54:00.610;FGBS SI 20250306 PS;SIMPLE_INSTRUMENT;EFS;EUR;60;106.53000000;5557;EXCHANGE_LAST;;1;1;XEUR;11286681;690;
28.01.2025;16:54:22.940;FGBS SI 20250306 PS;SIMPLE_INSTRUMENT;EFS;EUR;61;106.52500000;2644;EXCHANGE_LAST;;1;1;XEUR;11286681;690;
28.01.2025;17:05:56.950;FGBS SI 20250306 PS;SIMPLE_INSTRUMENT;EFS;EUR;62;106.53000000;1375;EXCHANGE_LAST;;1;1;XEUR;11286681;690;
28.01.2025;17:08:29.725;FGBS SI 20250306 PS;SIMPLE_INSTRUMENT;EFS;EUR;63;106.53500000;1375;EXCHANGE_LAST;;1;1;XEUR;11286681;690;
28.01.2025;08:49:01.659;FGBX SI 20250306 PS;SIMPLE_INSTRUMENT;EFS;EUR;4;127.60000000;111;EXCHANGE_LAST;;1;1;XEUR;11286682;691;
28.01.2025;09:20:09.899;FGBX SI 20250306 PS;SIMPLE_INSTRUMENT;EFS;EUR;7;127.62000000;135;EXCHANGE_LAST;;1;1;XEUR;11286682;691;
28.01.2025;09:30:14.730;FGBX SI 20250306 PS;SIMPLE_INSTRUMENT;EFS;EUR;9;127.60000000;192;EXCHANGE_LAST;;1;1;XEUR;11286682;691;
28.01.2025;10:02:02.373;FGBX SI 20250306 PS;SIMPLE_INSTRUMENT;EFS;EUR;13;127.34000000;370;EXCHANGE_LAST;;1;1;XEUR;11286682;691;
28.01.2025;13:10:48.998;FGBX SI 20250306 PS;SIMPLE_INSTRUMENT;EFP_FIN;EUR;39;127.34000000;288;EXCHANGE_LAST;;1;1;XEUR;11286682;691;
28.01.2025;13:23:38.221;FGBX SI 20250306 PS;SIMPLE_INSTRUMENT;EFS;EUR;40;127.24000000;185;EXCHANGE_LAST;;1;1;XEUR;11286682;691;
28.01.2025;13:28:47.383;FGBX SI 20250306 PS;SIMPLE_INSTRUMENT;BLOCK;EUR;41;127.26000000;1840;EXCHANGE_LAST;;1;1;XEUR;11286682;691;
28.01.2025;14:04:52.939;FGBX SI 20250306 PS;SIMPLE_INSTRUMENT;EFS;EUR;42;127.26000000;386;EXCHANGE_LAST;;1;1;XEUR;11286682;691;
28.01.2025;14:06:01.672;FGBX SI 20250306 PS;SIMPLE_INSTRUMENT;BLOCK;EUR;43;127.30000000;222;EXCHANGE_LAST;;1;1;XEUR;11286682;691;
28.01.2025;14:56:25.297;FGBX SI 20250306 PS;SIMPLE_INSTRUMENT;EFS;EUR;47;127.42000000;351;EXCHANGE_LAST;;1;1;XEUR;11286682;691;
28.01.2025;15:46:49.615;FGBX SI 20250306 PS;SIMPLE_INSTRUMENT;EFS;EUR;49;127.14000000;185;EXCHANGE_LAST;;1;1;XEUR;11286682;691;
28.01.2025;14:55:41.882;FIA5 SI 20251218 PS AM P 10.00 0;SIMPLE_INSTRUMENT;BLOCK;EUR;30;0.54000000;1000;EXCHANGE_LAST;;1;1;XEUR;10385065;48227;
28.01.2025;07:45:05.113;FMCH SI 20250321 CS;SIMPLE_INSTRUMENT;EFP_IDX;USD;19;514.18000000;669;EXCHANGE_LAST;;1;1;XEUR;7592069;402909;
28.01.2025;07:45:07.302;FMCH SI 20250321 CS;SIMPLE_INSTRUMENT;EFP_IDX;USD;20;514.17900000;446;EXCHANGE_LAST;;1;1;XEUR;7592069;402909;
28.01.2025;08:35:20.769;FMEN SI 20250321 CS;SIMPLE_INSTRUMENT;EFP_IDX;EUR;28;521.53000000;360;EXCHANGE_LAST;;1;1;XEUR;7590212;30652;
28.01.2025;07:54:45.310;FMES SI 20250321 CS;SIMPLE_INSTRUMENT;EFP_IDX;EUR;22;568.32300000;4;EXCHANGE_LAST;;1;1;XEUR;7591454;221291;
28.01.2025;08:15:00.205;FMEU SI 20250321 CS;SIMPLE_INSTRUMENT;EFP_IDX;EUR;26;352.89900000;78;EXCHANGE_LAST;;1;1;XEUR;7589708;7058;
28.01.2025;07:45:50.857;FMGD SI 20250321 CS;SIMPLE_INSTRUMENT;BLOCK;USD;21;2828.45000000;1271;EXCHANGE_LAST;;1;1;XEUR;8609343;583624;
28.01.2025;07:29:34.403;FMGM SI 20250321 CS;SIMPLE_INSTRUMENT;BLOCK;USD;13;4843.77000000;104;EXCHANGE_LAST;;1;1;XEUR;8609374;583626;
28.01.2025;08:31:50.539;FMGM SI 20250321 CS;SIMPLE_INSTRUMENT;EFP_IDX;USD;27;4844.27000000;14;EXCHANGE_LAST;;1;1;XEUR;8609374;583626;
28.01.2025;08:50:00.452;FMGO SI 20250321 CS;SIMPLE_INSTRUMENT;EFP_IDX;USD;30;5279.41000000;207;EXCHANGE_LAST;;1;1;XEUR;8609359;583623;
28.01.2025;14:47:32.847;FMGO SI 20250321 CS;SIMPLE_INSTRUMENT;BLOCK;USD;34;5272.00000000;127;EXCHANGE_LAST;;1;1;XEUR;8609359;583623;
28.01.2025;07:19:54.085;FMGQ SI 20250321 CS;SIMPLE_INSTRUMENT;BLOCK;USD;11;5134.92000000;16;EXCHANGE_LAST;;1;1;XEUR;8609376;583625;
28.01.2025;08:48:35.053;FMGQ SI 20250321 CS;SIMPLE_INSTRUMENT;EFP_IDX;USD;29;5134.60600000;81;EXCHANGE_LAST;;1;1;XEUR;8609376;583625;
28.01.2025;01:36:44.063;FMHK SI 20250321 CS;SIMPLE_INSTRUMENT;BLOCK;USD;4;55526.00000000;21;EXCHANGE_LAST;;1;1;XEUR;7590500;45282;
28.01.2025;01:53:24.462;FMHK SI 20250321 CS;SIMPLE_INSTRUMENT;BLOCK;USD;5;55517.00000000;21;EXCHANGE_LAST;;1;1;XEUR;7590500;45282;
28.01.2025;00:31:42.214;FMIN SI 20250321 CS;SIMPLE_INSTRUMENT;BLOCK;USD;1;1177.00000000;50;EXCHANGE_LAST;;1;1;XEUR;7589865;12404;
28.01.2025;00:32:18.986;FMIN SI 20250321 CS;SIMPLE_INSTRUMENT;BLOCK;USD;2;1176.77000000;51;EXCHANGE_LAST;;1;1;XEUR;7589865;12404;
28.01.2025;00:34:23.876;FMIN SI 20250321 CS;SIMPLE_INSTRUMENT;BLOCK;USD;3;1176.89000000;17;EXCHANGE_LAST;;1;1;XEUR;7589865;12404;
28.01.2025;02:13:57.602;FMIN SI 20250321 CS;SIMPLE_INSTRUMENT;BLOCK;USD;6;1176.88800000;43;EXCHANGE_LAST;;1;1;XEUR;7589865;12404;
28.01.2025;02:42:30.800;FMIN SI 20250321 CS;SIMPLE_INSTRUMENT;BLOCK;USD;7;1176.77100000;510;EXCHANGE_LAST;;1;1;XEUR;7589865;12404;
28.01.2025;07:30:04.303;FMMU SI 20250321 CS;SIMPLE_INSTRUMENT;BLOCK;EUR;14;313.45000000;1600;EXCHANGE_LAST;;1;1;XEUR;7590724;48138;
28.01.2025;09:07:44.271;FMMU SI 20250321 CS;SIMPLE_INSTRUMENT;BLOCK;EUR;31;314.10000000;63;EXCHANGE_LAST;;1;1;XEUR;7590724;48138;
28.01.2025;14:03:32.382;FMMU SI 20250321 CS;SIMPLE_INSTRUMENT;EFP_IDX;EUR;33;313.55000000;14;EXCHANGE_LAST;;1;1;XEUR;7590724;48138;
28.01.2025;07:32:22.260;FMOG SI 20250321 CS;SIMPLE_INSTRUMENT;BLOCK;USD;16;12053.18000000;44;EXCHANGE_LAST;;1;1;XEUR;7590875;51877;
28.01.2025;12:13:45.839;FMSA SI 20250321 CS;SIMPLE_INSTRUMENT;BLOCK;USD;32;1836.88000000;108;EXCHANGE_LAST;;1;1;XEUR;7591259;134861;
28.01.2025;16:14:24.177;FMUE SI 20250321 CS;SIMPLE_INSTRUMENT;BLOCK;USD;35;8560.00000000;5;EXCHANGE_LAST;;1;1;XEUR;7590733;48149;
28.01.2025;06:58:23.462;FMUQ SI 20250321 CS;SIMPLE_INSTRUMENT;BLOCK;USD;9;6164.41000000;107;EXCHANGE_LAST;;1;1;XEUR;7590731;48146;
28.01.2025;07:17:39.161;FMWN SI 20250321 CS;SIMPLE_INSTRUMENT;EFP_IDX;EUR;10;591.83000000;97;EXCHANGE_LAST;;1;1;XEUR;7590222;30654;
28.01.2025;08:05:29.078;FMWN SI 20250321 CS;SIMPLE_INSTRUMENT;BLOCK;EUR;23;591.47000000;350;EXCHANGE_LAST;;1;1;XEUR;7590222;30654;
28.01.2025;07:28:35.055;FMWO SI 20250321 CS;SIMPLE_INSTRUMENT;BLOCK;USD;12;12147.35000000;170;EXCHANGE_LAST;;1;1;XEUR;7589707;7059;
28.01.2025;07:31:39.680;FMWO SI 20250321 CS;SIMPLE_INSTRUMENT;EFP_IDX;USD;15;12070.85000000;41;EXCHANGE_LAST;;1;1;XEUR;7589707;7059;
28.01.2025;07:36:21.658;FMWO SI 20250321 CS;SIMPLE_INSTRUMENT;BLOCK;USD;17;12147.26000000;273;EXCHANGE_LAST;;1;1;XEUR;7589707;7059;
28.01.2025;07:38:06.809;FMWO SI 20250321 CS;SIMPLE_INSTRUMENT;BLOCK;USD;18;12156.95000000;199;EXCHANGE_LAST;;1;1;XEUR;7589707;7059;
28.01.2025;08:05:10.996;FMWO SI 20250321 CS;SIMPLE_INSTRUMENT;EFP_IDX;USD;24;12156.85000000;211;EXCHANGE_LAST;;1;1;XEUR;7589707;7059;
28.01.2025;08:05:57.227;FMWO SI 20250321 CS;SIMPLE_INSTRUMENT;BLOCK;USD;25;12158.14000000;114;EXCHANGE_LAST;;1;1;XEUR;7589707;7059;
28.01.2025;02:51:56.453;FMXJ SI 20250321 CS;SIMPLE_INSTRUMENT;BLOCK;USD;8;570.70000000;5;EXCHANGE_LAST;;1;1;XEUR;7590866;51660;
28.01.2025;09:29:33.564;FOAT SI 20250306 PS;SIMPLE_INSTRUMENT;EFP_FIN;EUR;1;122.57000000;628;EXCHANGE_LAST;;1;1;XEUR;11286683;749;
28.01.2025;09:30:55.083;FOAT SI 20250306 PS;SIMPLE_INSTRUMENT;EFP_FIN;EUR;2;122.55000000;890;EXCHANGE_LAST;;1;1;XEUR;11286683;749;
28.01.2025;09:48:53.257;FOAT SI 20250306 PS;SIMPLE_INSTRUMENT;BLOCK;EUR;3;122.51000000;300;EXCHANGE_LAST;;1;1;XEUR;11286683;749;
28.01.2025;10:03:42.147;FOAT SI 20250306 PS;SIMPLE_INSTRUMENT;EFP_FIN;EUR;4;122.56000000;443;EXCHANGE_LAST;;1;1;XEUR;11286683;749;
28.01.2025;10:55:53.088;FOAT SI 20250306 PS;SIMPLE_INSTRUMENT;EFS;EUR;5;122.65000000;301;EXCHANGE_LAST;;1;1;XEUR;11286683;749;
28.01.2025;12:08:34.134;FOAT SI 20250306 PS;SIMPLE_INSTRUMENT;EFP_FIN;EUR;6;122.62000000;834;EXCHANGE_LAST;;1;1;XEUR;11286683;749;
28.01.2025;12:34:46.936;FOAT SI 20250306 PS;SIMPLE_INSTRUMENT;EFP_FIN;EUR;7;122.58000000;834;EXCHANGE_LAST;;1;1;XEUR;11286683;749;
28.01.2025;12:45:40.580;FOAT SI 20250306 PS;SIMPLE_INSTRUMENT;EFP_FIN;EUR;8;122.59000000;834;EXCHANGE_LAST;;1;1;XEUR;11286683;749;
28.01.2025;12:52:10.822;FOAT SI 20250306 PS;SIMPLE_INSTRUMENT;EFP_FIN;EUR;9;122.60000000;2085;EXCHANGE_LAST;;1;1;XEUR;11286683;749;
28.01.2025;13:17:02.266;FOAT SI 20250306 PS;SIMPLE_INSTRUMENT;EFP_FIN;EUR;10;122.56000000;1926;EXCHANGE_LAST;;1;1;XEUR;11286683;749;
28.01.2025;13:19:23.351;FOAT SI 20250306 PS;SIMPLE_INSTRUMENT;EFP_FIN;EUR;11;122.59000000;2502;EXCHANGE_LAST;;1;1;XEUR;11286683;749;
28.01.2025;13:23:34.982;FOAT SI 20250306 PS;SIMPLE_INSTRUMENT;EFP_FIN;EUR;12;122.57000000;116;EXCHANGE_LAST;;1;1;XEUR;11286683;749;
28.01.2025;13:25:36.233;FOAT SI 20250306 PS;SIMPLE_INSTRUMENT;BLOCK;EUR;13;122.55000000;271;EXCHANGE_LAST;;1;1;XEUR;11286683;749;
28.01.2025;13:26:00.054;FOAT SI 20250306 PS;SIMPLE_INSTRUMENT;EFP_FIN;EUR;14;122.57000000;709;EXCHANGE_LAST;;1;1;XEUR;11286683;749;
28.01.2025;13:48:10.213;FOAT SI 20250306 PS;SIMPLE_INSTRUMENT;EFP_FIN;EUR;15;122.58000000;83;EXCHANGE_LAST;;1;1;XEUR;11286683;749;
28.01.2025;14:06:34.008;FOAT SI 20250306 PS;SIMPLE_INSTRUMENT;EFP_FIN;EUR;16;122.58000000;1260;EXCHANGE_LAST;;1;1;XEUR;11286683;749;
28.01.2025;14:20:27.524;FOAT SI 20250306 PS;SIMPLE_INSTRUMENT;EFP_FIN;EUR;17;122.53000000;2096;EXCHANGE_LAST;;1;1;XEUR;11286683;749;
28.01.2025;14:17:11.404;FOAT SI 20250306 PS;SIMPLE_INSTRUMENT;EFP_FIN;EUR;18;122.57000000;324;EXCHANGE_LAST;;1;1;XEUR;11286683;749;
28.01.2025;14:18:16.959;FOAT SI 20250306 PS;SIMPLE_INSTRUMENT;EFP_FIN;EUR;20;122.55000000;441;EXCHANGE_LAST;;1;1;XEUR;11286683;749;
28.01.2025;14:20:35.870;FOAT SI 20250306 PS;SIMPLE_INSTRUMENT;EFP_FIN;EUR;21;122.57000000;129;EXCHANGE_LAST;;1;1;XEUR;11286683;749;
28.01.2025;14:31:49.433;FOAT SI 20250306 PS;SIMPLE_INSTRUMENT;EFS;EUR;22;122.53000000;536;EXCHANGE_LAST;;1;1;XEUR;11286683;749;
28.01.2025;14:32:31.458;FOAT SI 20250306 PS;SIMPLE_INSTRUMENT;EFP_FIN;EUR;23;122.55000000;542;EXCHANGE_LAST;;1;1;XEUR;11286683;749;
28.01.2025;14:37:16.902;FOAT SI 20250306 PS;SIMPLE_INSTRUMENT;BLOCK;EUR;24;122.60000000;1052;EXCHANGE_LAST;;1;1;XEUR;11286683;749;
28.01.2025;14:39:56.959;FOAT SI 20250306 PS;SIMPLE_INSTRUMENT;BLOCK;EUR;25;122.52000000;804;EXCHANGE_LAST;;1;1;XEUR;11286683;749;
28.01.2025;14:48:24.557;FOAT SI 20250306 PS;SIMPLE_INSTRUMENT;EFP_FIN;EUR;26;122.62000000;834;EXCHANGE_LAST;;1;1;XEUR;11286683;749;
28.01.2025;14:54:54.633;FOAT SI 20250306 PS;SIMPLE_INSTRUMENT;EFP_FIN;EUR;27;122.57000000;444;EXCHANGE_LAST;;1;1;XEUR;11286683;749;
28.01.2025;14:50:55.135;FOAT SI 20250306 PS;SIMPLE_INSTRUMENT;EFP_FIN;EUR;28;122.62000000;709;EXCHANGE_LAST;;1;1;XEUR;11286683;749;
28.01.2025;15:10:26.825;FOAT SI 20250306 PS;SIMPLE_INSTRUMENT;EFP_FIN;EUR;29;122.63000000;192;EXCHANGE_LAST;;1;1;XEUR;11286683;749;
28.01.2025;15:11:20.551;FOAT SI 20250306 PS;SIMPLE_INSTRUMENT;EFP_FIN;EUR;30;122.56000000;443;EXCHANGE_LAST;;1;1;XEUR;11286683;749;
28.01.2025;15:41:35.133;FOAT SI 20250306 PS;SIMPLE_INSTRUMENT;BLOCK;EUR;31;122.58000000;543;EXCHANGE_LAST;;1;1;XEUR;11286683;749;
28.01.2025;15:43:26.629;FOAT SI 20250306 PS;SIMPLE_INSTRUMENT;BLOCK;EUR;32;122.54000000;488;EXCHANGE_LAST;;1;1;XEUR;11286683;749;
28.01.2025;15:48:53.405;FOAT SI 20250306 PS;SIMPLE_INSTRUMENT;EFP_FIN;EUR;33;122.60000000;222;EXCHANGE_LAST;;1;1;XEUR;11286683;749;
28.01.2025;16:20:33.559;FOAT SI 20250306 PS;SIMPLE_INSTRUMENT;EFP_FIN;EUR;34;122.54000000;542;EXCHANGE_LAST;;1;1;XEUR;11286683;749;
28.01.2025;16:21:56.645;FOAT SI 20250306 PS;SIMPLE_INSTRUMENT;EFP_FIN;EUR;35;122.47000000;208;EXCHANGE_LAST;;1;1;XEUR;11286683;749;
28.01.2025;16:27:17.196;FOAT SI 20250306 PS;SIMPLE_INSTRUMENT;EFP_FIN;EUR;36;122.55000000;388;EXCHANGE_LAST;;1;1;XEUR;11286683;749;
28.01.2025;16:54:02.534;FOAT SI 20250306 PS;SIMPLE_INSTRUMENT;EFP_FIN;EUR;37;122.51000000;579;EXCHANGE_LAST;;1;1;XEUR;11286683;749;
28.01.2025;09:20:54.138;FRE SI 20250417 PS AM C 41.00 0;SIMPLE_INSTRUMENT;BLOCK;EUR;3;0.45000000;682;EXCHANGE_LAST;;1;1;XEUR;12622371;760;
28.01.2025;16:00:30.568;FRE SI 20250321 PS AM C 40.00 0;SIMPLE_INSTRUMENT;BLOCK;EUR;7;0.47000000;2000;EXCHANGE_LAST;;1;1;XEUR;10840458;760;
28.01.2025;16:45:17.074;FSCP SI 20250321 CS;SIMPLE_INSTRUMENT;EFP_IDX;EUR;38;344.30000000;1064;EXCHANGE_LAST;;1;1;XEUR;11360241;764;
28.01.2025;16:45:33.666;FSCP SI 20250321 CS;SIMPLE_INSTRUMENT;EFP_IDX;EUR;39;344.40000000;681;EXCHANGE_LAST;;1;1;XEUR;11360241;764;
28.01.2025;16:51:30.020;FSEG SI 20250321 CS;SIMPLE_INSTRUMENT;EFP_IDX;EUR;45;197.00000000;38;EXCHANGE_LAST;;1;1;XEUR;11393888;109977;
28.01.2025;16:51:42.785;FSEG SI 20250321 CS;SIMPLE_INSTRUMENT;EFP_IDX;EUR;46;197.20000000;56;EXCHANGE_LAST;;1;1;XEUR;11393888;109977;
28.01.2025;15:03:41.438;FSMI SI 20250321 CS;SIMPLE_INSTRUMENT;EFP_IDX;CHF;1;12445.00000000;250;EXCHANGE_LAST;;1;1;XEUR;7793721;757;
28.01.2025;15:05:23.769;FSMI SI 20250321 CS;SIMPLE_INSTRUMENT;EFP_IDX;CHF;2;12445.00000000;250;EXCHANGE_LAST;;1;1;XEUR;7793721;757;
28.01.2025;16:35:15.173;FSMI SI 20250321 CS;SIMPLE_INSTRUMENT;EFP_IDX;CHF;3;12425.00000000;60;EXCHANGE_LAST;;1;1;XEUR;7793721;757;
28.01.2025;16:35:25.333;FSMI SI 20250321 CS;SIMPLE_INSTRUMENT;EFP_IDX;CHF;4;12426.00000000;48;EXCHANGE_LAST;;1;1;XEUR;7793721;757;
28.01.2025;11:58:58.111;FSTA SI 20250321 CS;SIMPLE_INSTRUMENT;BLOCK;EUR;4;583.70000000;299;EXCHANGE_LAST;;1;1;XEUR;11359808;715;
28.01.2025;11:58:58.111;FSTA SI 20250321 CS;SIMPLE_INSTRUMENT;BLOCK;EUR;5;583.50000000;448;EXCHANGE_LAST;;1;1;XEUR;11359808;715;
28.01.2025;12:06:00.111;FSTA SI 20250321 CS;SIMPLE_INSTRUMENT;EFP_IDX;EUR;6;582.80000000;102;EXCHANGE_LAST;;1;1;XEUR;11359808;715;
28.01.2025;12:06:10.582;FSTA SI 20250321 CS;SIMPLE_INSTRUMENT;EFP_IDX;EUR;7;583.10000000;143;EXCHANGE_LAST;;1;1;XEUR;11359808;715;
28.01.2025;11:30:16.163;FSTA SI 20250321 CS;SIMPLE_INSTRUMENT;VOLA;EUR;603979807;582.50000000;216;EXCHANGE_LAST;;1;1;XEUR;11359808;715;
28.01.2025;16:39:52.671;FSTB SI 20250321 CS;SIMPLE_INSTRUMENT;BLOCK;EUR;32;229.10000000;2292;EXCHANGE_LAST;;1;1;XEUR;11359807;714;
28.01.2025;16:40:06.247;FSTB SI 20250321 CS;SIMPLE_INSTRUMENT;BLOCK;EUR;33;229.05000000;624;EXCHANGE_LAST;;1;1;XEUR;11359807;714;
28.01.2025;11:09:46.906;FSTE SI 20250321 CS;SIMPLE_INSTRUMENT;EFP_IDX;EUR;1;344.60000000;290;EXCHANGE_LAST;;1;1;XEUR;11359812;719;
28.01.2025;11:09:36.826;FSTE SI 20250321 CS;SIMPLE_INSTRUMENT;EFP_IDX;EUR;2;344.50000000;124;EXCHANGE_LAST;;1;1;XEUR;11359812;719;
28.01.2025;11:12:57.566;FSTE SI 20250321 CS;SIMPLE_INSTRUMENT;BLOCK;EUR;3;344.40000000;414;EXCHANGE_LAST;;1;1;XEUR;11359812;719;
28.01.2025;16:46:17.508;FSTE SI 20250321 CS;SIMPLE_INSTRUMENT;EFP_IDX;EUR;8;344.50000000;250;EXCHANGE_LAST;;1;1;XEUR;11359812;719;
28.01.2025;16:55:22.710;FSTO SI 20250321 CS;SIMPLE_INSTRUMENT;EFP_IDX;EUR;11;645.10000000;45;EXCHANGE_LAST;;1;1;XEUR;11359792;711;
28.01.2025;16:54:57.380;FSTT SI 20250321 CS;SIMPLE_INSTRUMENT;EFP_IDX;EUR;9;236.80000000;73;EXCHANGE_LAST;;1;1;XEUR;11359772;708;
28.01.2025;16:54:49.534;FSTT SI 20250321 CS;SIMPLE_INSTRUMENT;EFP_IDX;EUR;10;236.70000000;72;EXCHANGE_LAST;;1;1;XEUR;11359772;708;
28.01.2025;16:42:24.966;FSTU SI 20250321 CS;SIMPLE_INSTRUMENT;BLOCK;EUR;35;384.70000000;499;EXCHANGE_LAST;;1;1;XEUR;11359815;730;
28.01.2025;16:53:20.520;FSTU SI 20250321 CS;SIMPLE_INSTRUMENT;EFP_IDX;EUR;43;382.80000000;78;EXCHANGE_LAST;;1;1;XEUR;11359815;730;
28.01.2025;16:53:34.269;FSTU SI 20250321 CS;SIMPLE_INSTRUMENT;EFP_IDX;EUR;44;382.90000000;52;EXCHANGE_LAST;;1;1;XEUR;11359815;730;
28.01.2025;16:49:04.975;FSTX SI 20250321 CS;SIMPLE_INSTRUMENT;EFP_IDX;EUR;40;4532.00000000;465;EXCHANGE_LAST;;1;1;XEUR;11359814;728;
28.01.2025;16:50:18.062;FSTX SI 20250321 CS;SIMPLE_INSTRUMENT;EFP_IDX;EUR;42;4533.00000000;200;EXCHANGE_LAST;;1;1;XEUR;11359814;728;
28.01.2025;10:27:45.964;FSTY SI 20250321 CS;SIMPLE_INSTRUMENT;VOLA;EUR;603979796;832.00000000;79;EXCHANGE_LAST;;1;1;XEUR;11359816;729;
28.01.2025;15:44:46.807;FTE.O.250128.STD.000002;STANDARD_OPTION_STRATEGY;BLOCK;EUR;39;2.34000000;2000;EXCHANGE_LAST;;1;1;XEUR;72060703594263384;724;
28.01.2025;15:44:46.807;FTE SI 20271217 PS AM C 10.00 0;SIMPLE_INSTRUMENT;BLOCK;EUR;39;0.93000000;2000;PRC_DECOMP_EXCHANGE;;;;XEUR;8782994;724;EXCHANGE
28.01.2025;15:44:46.807;FTE SI 20271217 PS AM P 10.00 0;SIMPLE_INSTRUMENT;BLOCK;EUR;39;1.41000000;2000;PRC_DECOMP_EXCHANGE;;;;XEUR;8782995;724;EXCHANGE
28.01.2025;16:05:18.713;FUGH SI 20251219 CS;SIMPLE_INSTRUMENT;BLOCK;EUR;85;14.99370000;500;EXCHANGE_LAST;;1;1;XEUR;8705061;324373;
28.01.2025;16:43:11.736;FXXP SI 20250321 CS;SIMPLE_INSTRUMENT;BLOCK;EUR;36;532.60000000;332;EXCHANGE_LAST;;1;1;XEUR;7793972;816;
28.01.2025;16:45:11.376;FXXP SI 20250321 CS;SIMPLE_INSTRUMENT;BLOCK;EUR;37;532.20000000;1298;EXCHANGE_LAST;;1;1;XEUR;7793972;816;
28.01.2025;16:45:17.214;FXXP SI 20250321 CS;SIMPLE_INSTRUMENT;BLOCK;EUR;38;532.30000000;325;EXCHANGE_LAST;;1;1;XEUR;7793972;816;
28.01.2025;17:11:41.566;FXXP SI 20250321 CS;SIMPLE_INSTRUMENT;EFP_IDX;EUR;40;532.60000000;124;EXCHANGE_LAST;;1;1;XEUR;7793972;816;
28.01.2025;17:11:49.539;FXXP SI 20250321 CS;SIMPLE_INSTRUMENT;EFP_IDX;EUR;41;531.80000000;121;EXCHANGE_LAST;;1;1;XEUR;7793972;816;
28.01.2025;16:06:55.807;FXXP SI 20250321 CS;SIMPLE_INSTRUMENT;VOLA;EUR;603979840;534.20000000;10;EXCHANGE_LAST;;1;1;XEUR;7793972;816;
28.01.2025;10:33:12.663;G3ZF SI 20251219 CS;SIMPLE_INSTRUMENT;BLOCK;EUR;12;1.49500000;500;EXCHANGE_LAST;;1;1;XEUR;5914677;144760;
28.01.2025;10:22:33.630;G3ZF SI 20251219 CS;SIMPLE_INSTRUMENT;BLOCK;EUR;13;1.48500000;500;EXCHANGE_LAST;;1;1;XEUR;5914677;144760;
