#Date;TrdTime;Contract;ContractType;TrdTyp;Currency;TesId;Prc;Qty;TrdInd;Aggressor;Buy;Sell;Exch;InstrumentId;RelatedProdId;PrcDecomp
21.10.2024;10:40:09.463;A2LV SI 20271217 CS;SIMPLE_INSTRUMENT;BLOCK;EUR;25;14.86000000;60;EXCHANGE_LAST;;1;1;XEUR;5914253;12;
21.10.2024;16:03:03.472;A2XA SI 20241220 CS;SIMPLE_INSTRUMENT;BLOCK;EUR;96;1.98000000;910;EXCHANGE_LAST;;1;1;XEUR;3629711;17;
21.10.2024;16:03:10.865;A2XA SI 20251219 CS;SIMPLE_INSTRUMENT;BLOCK;EUR;97;2.11000000;910;EXCHANGE_LAST;;1;1;XEUR;3681055;17;
21.10.2024;16:03:24.253;A2XA SI 20261218 CS;SIMPLE_INSTRUMENT;BLOCK;EUR;98;2.08000000;910;EXCHANGE_LAST;;1;1;XEUR;4632093;17;
21.10.2024;16:03:28.270;A2XA SI 20271217 CS;SIMPLE_INSTRUMENT;BLOCK;EUR;99;1.96000000;910;EXCHANGE_LAST;;1;1;XEUR;5914267;17;
21.10.2024;09:38:57.069;ABBN SI 20250620 PS AM P 48.00 0;SIMPLE_INSTRUMENT;BLOCK;CHF;14;2.93000000;1500;EXCHANGE_LAST;;1;1;XEUR;8902740;574517;
21.10.2024;10:36:56.611;ABBN SI 20251219 PS AM C 55.00 0;SIMPLE_INSTRUMENT;BLOCK;CHF;25;2.30000000;1500;EXCHANGE_LAST;;1;1;XEUR;11849002;574517;
21.10.2024;12:07:54.395;ACR SI 20250321 PS AM C 42.00 0;SIMPLE_INSTRUMENT;BLOCK;EUR;14;2.60000000;2000;EXCHANGE_LAST;;1;1;XEUR;10828053;43;
21.10.2024;12:07:58.020;ACR SI 20250321 PS AM P 40.00 0;SIMPLE_INSTRUMENT;BLOCK;EUR;15;1.70000000;2000;EXCHANGE_LAST;;1;1;XEUR;10828076;43;
21.10.2024;08:13:22.762;ADS SI 20241220 PS AM C 260.00 0;SIMPLE_INSTRUMENT;BLOCK;EUR;4;1.35000000;250;EXCHANGE_LAST;;1;1;XEUR;10394230;50;
21.10.2024;08:56:54.255;ADS.O.241021.BUL.000005;STANDARD_OPTION_STRATEGY;BLOCK;EUR;7;5.37000000;350;EXCHANGE_LAST;;1;1;XEUR;72057808786329885;50;
21.10.2024;08:56:54.255;ADS SI 20241220 PS AM C 250.00 0;SIMPLE_INSTRUMENT;BLOCK;EUR;7;2.23000000;350;PRC_DECOMP_MEMBER;;;;XEUR;11870673;50;MEMBER
21.10.2024;08:56:54.255;ADS SI 20241220 PS AM C 230.00 0;SIMPLE_INSTRUMENT;BLOCK;EUR;7;7.60000000;350;PRC_DECOMP_MEMBER;;;;XEUR;11021853;50;MEMBER
21.10.2024;15:22:09.711;ADS SI 20281215 PS AM P 160.00 0;SIMPLE_INSTRUMENT;BLOCK;EUR;13;17.50000000;1000;EXCHANGE_LAST;;1;2;XEUR;10394342;50;
21.10.2024;14:12:49.210;AIR SI 20241220 PS AM C 180.00 0;SIMPLE_INSTRUMENT;BLOCK;EUR;26;2.40000000;750;EXCHANGE_LAST;;1;2;XEUR;11291016;64;
21.10.2024;14:20:08.743;AIR SI 20241220 PS AM P 150.00 0;SIMPLE_INSTRUMENT;BLOCK;EUR;28;0.65000000;300;EXCHANGE_LAST;;1;1;XEUR;11291019;64;
21.10.2024;14:54:04.903;ALV SI 20270618 PS AM C 280.00 0;SIMPLE_INSTRUMENT;BLOCK;EUR;7;41.00000000;300;EXCHANGE_LAST;;1;1;XEUR;11349425;74;
21.10.2024;14:54:12.856;ALV SI 20241220 PS AM P 280.00 0;SIMPLE_INSTRUMENT;BLOCK;EUR;8;2.50000000;300;EXCHANGE_LAST;;1;1;XEUR;4638032;74;
21.10.2024;13:07:21.285;ANN SI 20241220 PS AM C 32.00 0;SIMPLE_INSTRUMENT;BLOCK;EUR;8;1.35000000;750;EXCHANGE_LAST;;1;1;XEUR;7421949;45202;
21.10.2024;13:24:09.400;AOMH SI 20241220 CS;SIMPLE_INSTRUMENT;BLOCK;EUR;49;20.51800000;33;EXCHANGE_LAST;;1;1;XEUR;11420311;840006;
21.10.2024;08:36:38.007;ASM SI 20241025 PS AM P 650.00 0;SIMPLE_INSTRUMENT;BLOCK;EUR;3;4.60000000;190;EXCHANGE_LAST;;1;1;XEUR;11841553;107;
21.10.2024;12:17:22.740;ASM SI 20271217 PS AM P 640.00 0;SIMPLE_INSTRUMENT;BLOCK;EUR;8;134.75000000;350;EXCHANGE_LAST;;1;2;XEUR;8773603;107;
21.10.2024;13:21:31.321;ASM.O.241021.BRT.000010;STANDARD_OPTION_STRATEGY;BLOCK;EUR;11;83.00000000;100;EXCHANGE_LAST;;1;1;XEUR;72058053599443860;107;
21.10.2024;13:21:31.321;ASM SI 20261218 PS AM P 640.00 0;SIMPLE_INSTRUMENT;BLOCK;EUR;11;111.77000000;100;PRC_DECOMP_EXCHANGE;;;;XEUR;7152934;107;EXCHANGE
21.10.2024;13:21:31.321;ASM SI 20241220 PS AM P 640.00 0;SIMPLE_INSTRUMENT;BLOCK;EUR;11;28.77000000;100;PRC_DECOMP_EXCHANGE;;;;XEUR;5892234;107;EXCHANGE
21.10.2024;10:20:13.312;ASMH SI 20241220 CS;SIMPLE_INSTRUMENT;BLOCK;EUR;17;665.00000000;500;EXCHANGE_LAST;;1;1;XEUR;7047762;3979;
21.10.2024;14:38:23.362;AXA.O.241021.BER.000002;STANDARD_OPTION_STRATEGY;BLOCK;EUR;29;1.39000000;2500;EXCHANGE_LAST;;1;1;XEUR;72058139498792969;127;
21.10.2024;14:38:23.362;AXA SI 20250620 PS AM P 28.00 0;SIMPLE_INSTRUMENT;BLOCK;EUR;29;0.58000000;2500;PRC_DECOMP_EXCHANGE;;;;XEUR;7898734;127;EXCHANGE
21.10.2024;14:38:23.362;AXA SI 20250620 PS AM P 34.00 0;SIMPLE_INSTRUMENT;BLOCK;EUR;29;1.97000000;2500;PRC_DECOMP_EXCHANGE;;;;XEUR;10812137;127;EXCHANGE
21.10.2024;16:01:58.207;AXA FI 20271217 PS EU P 35.0000 0;FLEXIBLE_INSTRUMENT;BLOCK;EUR;36;5.66000000;10000;EXCHANGE_LAST;;1;1;XEUR;1152922050067702721;127;
21.10.2024;16:02:35.469;AXA FI 20271217 PS EU C 35.0000 0;FLEXIBLE_INSTRUMENT;BLOCK;EUR;37;3.40000000;10000;EXCHANGE_LAST;;1;1;XEUR;1152922050067702722;127;
21.10.2024;12:52:55.597;AXNF SI 20241219 CS;SIMPLE_INSTRUMENT;BLOCK;EUR;43;27.70450000;3;EXCHANGE_LAST;;1;1;XEUR;7029371;32917;
21.10.2024;08:11:51.129;B2AS SI 20251219 CS;SIMPLE_INSTRUMENT;BLOCK;EUR;1;2.25000000;87;EXCHANGE_LAST;;1;1;XEUR;3681119;140;
21.10.2024;15:10:24.953;B2AS SI 20261218 CS;SIMPLE_INSTRUMENT;BLOCK;EUR;82;2.15000000;373;EXCHANGE_LAST;;1;1;XEUR;4632165;140;
21.10.2024;15:31:22.291;BAEN SI 20250620 PS AM P 40.00 0;SIMPLE_INSTRUMENT;BLOCK;CHF;62;0.80000000;500;EXCHANGE_LAST;;1;1;XEUR;7899020;159;
21.10.2024;09:06:31.225;BAS FI 20241115 CS EU C 49.0000 0;FLEXIBLE_INSTRUMENT;BLOCK;EUR;4;0.60000000;3000;EXCHANGE_LAST;;1;1;XEUR;1152922148851952469;150;
21.10.2024;09:06:11.139;BAS FI 20241115 CS EU C 48.5000 0;FLEXIBLE_INSTRUMENT;BLOCK;EUR;5;0.76000000;1500;EXCHANGE_LAST;;1;1;XEUR;1152922148851952470;150;
21.10.2024;09:05:39.671;BAS FI 20241115 CS EU C 48.5000 0;FLEXIBLE_INSTRUMENT;BLOCK;EUR;6;0.77000000;1500;EXCHANGE_LAST;;1;1;XEUR;1152922148851952470;150;
21.10.2024;10:39:01.208;BAS SI 20241115 PS AM C 50.00 0;SIMPLE_INSTRUMENT;ENLIGHT;EUR;7;0.35000000;1000;EXCHANGE_LAST;;1;1;XEUR;11768133;150;
21.10.2024;13:04:13.427;BAS SI 20250321 PS AM P 42.00 0;SIMPLE_INSTRUMENT;BLOCK;EUR;11;1.12000000;4000;EXCHANGE_LAST;;1;1;XEUR;10830938;150;
21.10.2024;13:07:31.354;BAS SI 20241220 PS AM P 46.00 0;SIMPLE_INSTRUMENT;BLOCK;EUR;12;1.52000000;2000;EXCHANGE_LAST;;1;1;XEUR;7509954;150;
21.10.2024;15:16:20.258;BAS FI 20241028 CS EU C 47.3373 0;FLEXIBLE_INSTRUMENT;BLOCK;EUR;15;0.30000000;3656;EXCHANGE_LAST;;1;1;XEUR;1152922148851952472;150;
21.10.2024;15:18:13.359;BAS FI 20241028 CS EU C 46.2253 0;FLEXIBLE_INSTRUMENT;BLOCK;EUR;16;0.82000000;2925;EXCHANGE_LAST;;1;1;XEUR;1152922148851952471;150;
21.10.2024;15:18:29.475;BAS FI 20241028 CS EU C 46.2253 0;FLEXIBLE_INSTRUMENT;BLOCK;EUR;17;0.81000000;731;EXCHANGE_LAST;;1;1;XEUR;1152922148851952471;150;
21.10.2024;16:39:05.994;BAS SI 20250321 PS AM P 44.00 0;SIMPLE_INSTRUMENT;BLOCK;EUR;18;1.66000000;500;EXCHANGE_LAST;;1;1;XEUR;10830944;150;
21.10.2024;13:50:09.018;BASE SI 20250919 PS EU C 42.00 0;SIMPLE_INSTRUMENT;BLOCK;EUR;13;6.47000000;2000;EXCHANGE_LAST;;1;1;XEUR;11872880;151;
21.10.2024;13:50:27.932;BASE SI 20250919 PS EU C 56.00 0;SIMPLE_INSTRUMENT;BLOCK;EUR;14;1.00000000;3000;EXCHANGE_LAST;;1;1;XEUR;11872756;151;
21.10.2024;10:53:45.958;BAY SI 20241115 PS AM C 29.00 0;SIMPLE_INSTRUMENT;ENLIGHT;EUR;8;0.19000000;1700;EXCHANGE_LAST;;1;1;XEUR;11700390;168;
21.10.2024;08:21:25.836;BEI SI 20241115 PS AM P 128.00 0;SIMPLE_INSTRUMENT;BLOCK;EUR;5;2.00000000;349;EXCHANGE_LAST;;1;1;XEUR;11700136;176;
21.10.2024;13:40:24.778;BEIG SI 20241220 CS;SIMPLE_INSTRUMENT;BLOCK;EUR;57;130.88300000;8;EXCHANGE_LAST;;1;1;XEUR;7032030;177;
21.10.2024;10:59:32.572;BMW SI 20241115 PS AM C 80.00 0;SIMPLE_INSTRUMENT;ENLIGHT;EUR;4;0.69000000;500;EXCHANGE_LAST;;1;1;XEUR;11700936;210;
21.10.2024;10:59:32.572;BMW SI 20241115 PS AM C 80.00 0;SIMPLE_INSTRUMENT;ENLIGHT;EUR;5;0.70000000;500;EXCHANGE_LAST;;1;1;XEUR;11700936;210;
21.10.2024;13:53:56.104;BMW.O.241021.PDIA.000006;STANDARD_OPTION_STRATEGY;BLOCK;EUR;9;-3.35000000;400;EXCHANGE_LAST;;1;1;XEUR;72058495981106169;210;
21.10.2024;13:53:56.104;BMW SI 20250117 PS AM P 72.00 0;SIMPLE_INSTRUMENT;BLOCK;EUR;9;2.42000000;400;PRC_DECOMP_EXCHANGE;;;;XEUR;12070026;210;EXCHANGE
21.10.2024;13:53:56.104;BMW SI 20241115 PS AM P 80.00 0;SIMPLE_INSTRUMENT;BLOCK;EUR;9;5.77000000;400;PRC_DECOMP_EXCHANGE;;;;XEUR;11700937;210;EXCHANGE
21.10.2024;15:21:58.780;BMWP SI 20241220 PS;SIMPLE_INSTRUMENT;BLOCK;EUR;89;75.28000000;3000;EXCHANGE_LAST;;1;1;XEUR;7052665;124294;
21.10.2024;08:41:49.657;BNP.O.241021.RBER.000003;STANDARD_OPTION_STRATEGY;BLOCK;EUR;2;-1.91000000;1500;EXCHANGE_LAST;;1;1;XEUR;72058611945197408;237;
21.10.2024;08:41:49.657;BNP SI 20241220 PS AM P 66.00 0;SIMPLE_INSTRUMENT;BLOCK;EUR;2;2.43000000;1500;PRC_DECOMP_EXCHANGE;;;;XEUR;11874803;237;EXCHANGE
21.10.2024;08:41:49.657;BNP SI 20241220 PS AM P 54.00 0;SIMPLE_INSTRUMENT;BLOCK;EUR;2;0.26000000;3000;PRC_DECOMP_EXCHANGE;;;;XEUR;10221543;237;EXCHANGE
21.10.2024;09:14:46.195;BNP SI 20241220 PS AM P 56.00 0;SIMPLE_INSTRUMENT;BLOCK;EUR;4;0.37000000;1316;EXCHANGE_LAST;;1;1;XEUR;4640394;237;
21.10.2024;10:17:31.622;BNP SI 20250321 PS AM P 56.00 0;SIMPLE_INSTRUMENT;BLOCK;EUR;12;0.98000000;1500;EXCHANGE_LAST;;1;1;XEUR;10832950;237;
21.10.2024;15:44:20.375;BYG SI 20241220 PS AM C 32.00 0;SIMPLE_INSTRUMENT;BLOCK;EUR;35;0.41000000;750;EXCHANGE_LAST;;1;1;XEUR;4640965;280;
21.10.2024;14:03:39.759;C4RI SI 20261218 CS;SIMPLE_INSTRUMENT;BLOCK;EUR;62;2.76000000;200;EXCHANGE_LAST;;1;1;XEUR;6821680;50862;
21.10.2024;12:41:08.934;CAR SI 20241220 PS AM P 14.00 0;SIMPLE_INSTRUMENT;BLOCK;EUR;23;0.21000000;1500;EXCHANGE_LAST;;1;2;XEUR;4641174;265;
21.10.2024;07:50:31.287;CBK SI 20250620 PS AM P 14.00 0;SIMPLE_INSTRUMENT;BLOCK;EUR;1;0.85000000;6000;EXCHANGE_LAST;;1;3;XEUR;7900454;268;
21.10.2024;08:55:58.810;CFR SI 20241220 PS AM P 120.00 0;SIMPLE_INSTRUMENT;BLOCK;CHF;8;3.38000000;600;EXCHANGE_LAST;;1;2;XEUR;9996582;313;
21.10.2024;13:08:42.286;CFR.O.241021.CBUT.000011;STANDARD_OPTION_STRATEGY;BLOCK;CHF;47;3.60000000;600;EXCHANGE_LAST;;1;1;XEUR;72058938362724751;313;
21.10.2024;13:08:42.286;CFR SI 20241220 PS AM C 136.00 0;SIMPLE_INSTRUMENT;BLOCK;CHF;47;2.77000000;600;PRC_DECOMP_EXCHANGE;;;;XEUR;11328174;313;EXCHANGE
21.10.2024;13:08:42.286;CFR SI 20241220 PS AM C 124.00 0;SIMPLE_INSTRUMENT;BLOCK;CHF;47;7.74000000;1200;PRC_DECOMP_EXCHANGE;;;;XEUR;11328188;313;EXCHANGE
21.10.2024;13:08:42.286;CFR SI 20241220 PS AM C 112.00 0;SIMPLE_INSTRUMENT;BLOCK;CHF;47;16.31000000;600;PRC_DECOMP_EXCHANGE;;;;XEUR;11876653;313;EXCHANGE
21.10.2024;15:13:21.589;CRI5 SI 20271216 PS AM P 36.00 0;SIMPLE_INSTRUMENT;BLOCK;EUR;17;7.20000000;3000;EXCHANGE_LAST;;2;1;XEUR;9040326;320;
21.10.2024;15:25:04.707;D3AI SI 20251219 CS;SIMPLE_INSTRUMENT;BLOCK;EUR;86;3.89500000;200;EXCHANGE_LAST;;2;1;XEUR;7144062;443197;
21.10.2024;11:06:50.165;DAI SI 20241115 PS AM C 62.00 0;SIMPLE_INSTRUMENT;BLOCK;EUR;7;0.20000000;2300;EXCHANGE_LAST;;1;1;XEUR;11738771;443196;
21.10.2024;15:17:30.999;DAI SI 20250919 PS AM P 60.00 0;SIMPLE_INSTRUMENT;BLOCK;EUR;15;7.68000000;1500;EXCHANGE_LAST;;1;1;XEUR;11925646;443196;
21.10.2024;08:16:41.910;DBK.O.241021.STG.000013;STANDARD_OPTION_STRATEGY;BLOCK;EUR;2;1.39000000;7500;EXCHANGE_LAST;;1;2;XEUR;72059148816157412;362;
21.10.2024;08:16:41.910;DBK SI 20241220 PS AM C 16.60 0;SIMPLE_INSTRUMENT;BLOCK;EUR;2;0.73000000;7500;PRC_DECOMP_EXCHANGE;;;;XEUR;11877196;362;EXCHANGE
21.10.2024;08:16:41.910;DBK SI 20241220 PS AM P 16.00 0;SIMPLE_INSTRUMENT;BLOCK;EUR;2;0.66000000;7500;PRC_DECOMP_EXCHANGE;;;;XEUR;4772331;362;EXCHANGE
21.10.2024;14:25:42.201;DBK SI 20241220 PS AM C 18.00 0;SIMPLE_INSTRUMENT;BLOCK;EUR;11;0.26000000;5000;EXCHANGE_LAST;;1;1;XEUR;6184813;362;
21.10.2024;11:14:11.825;DPW SI 20241220 PS AM C 40.00 0;SIMPLE_INSTRUMENT;BLOCK;EUR;3;0.73000000;4000;EXCHANGE_LAST;;2;2;XEUR;4643149;445;
21.10.2024;12:12:13.813;DTE SI 20250321 PS AM C 29.00 0;SIMPLE_INSTRUMENT;BLOCK;EUR;6;0.83000000;5000;EXCHANGE_LAST;;1;1;XEUR;11523278;424;
21.10.2024;12:12:27.718;DTE SI 20250321 PS AM P 27.00 0;SIMPLE_INSTRUMENT;BLOCK;EUR;7;0.55000000;5000;EXCHANGE_LAST;;1;1;XEUR;11523269;424;
21.10.2024;14:06:08.673;DTE SI 20250321 PS AM C 29.00 0;SIMPLE_INSTRUMENT;BLOCK;EUR;17;0.84000000;2500;EXCHANGE_LAST;;1;1;XEUR;11523278;424;
21.10.2024;14:06:13.980;DTE SI 20250321 PS AM C 29.00 0;SIMPLE_INSTRUMENT;BLOCK;EUR;18;0.85000000;2500;EXCHANGE_LAST;;1;1;XEUR;11523278;424;
21.10.2024;11:20:38.274;DTEE.O.241021.BUL.000001;STANDARD_OPTION_STRATEGY;BLOCK;EUR;4;1.42000000;6250;EXCHANGE_LAST;;1;2;XEUR;72059436578898226;429;
21.10.2024;11:20:38.274;DTEE SI 20250620 PS EU C 26.00 0;SIMPLE_INSTRUMENT;BLOCK;EUR;4;2.40000000;6250;PRC_DECOMP_MEMBER;;;;XEUR;11356582;429;MEMBER
21.10.2024;11:20:38.274;DTEE SI 20250620 PS EU C 28.50 0;SIMPLE_INSTRUMENT;BLOCK;EUR;4;0.98000000;6250;PRC_DECOMP_MEMBER;;;;XEUR;12061794;429;MEMBER
21.10.2024;11:20:38.274;DTEE.O.241021.BUL.000001;STANDARD_OPTION_STRATEGY;BLOCK;EUR;5;1.43000000;6250;EXCHANGE_LAST;;1;2;XEUR;72059436578898226;429;
21.10.2024;11:20:38.274;DTEE SI 20250620 PS EU C 28.50 0;SIMPLE_INSTRUMENT;BLOCK;EUR;5;0.97000000;6250;PRC_DECOMP_MEMBER;;;;XEUR;12061794;429;MEMBER
21.10.2024;11:20:38.274;DTEE SI 20250620 PS EU C 26.00 0;SIMPLE_INSTRUMENT;BLOCK;EUR;5;2.40000000;6250;PRC_DECOMP_MEMBER;;;;XEUR;11356582;429;MEMBER
21.10.2024;09:38:44.811;DTG SI 20250620 PS AM C 44.00 0;SIMPLE_INSTRUMENT;BLOCK;EUR;2;1.25000000;2500;EXCHANGE_LAST;;1;1;XEUR;8174158;455942;
21.10.2024;09:58:42.798;DUFN SI 20250620 PS AM C 36.00 0;SIMPLE_INSTRUMENT;BLOCK;CHF;17;2.53000000;1500;EXCHANGE_LAST;;1;1;XEUR;9544828;418;
21.10.2024;12:51:15.719;DVCG SI 20241219 CS;SIMPLE_INSTRUMENT;BLOCK;EUR;38;7.79300000;13;EXCHANGE_LAST;;1;1;XEUR;7029787;51874;
21.10.2024;08:14:22.291;E2NL SI 20241220 CS;SIMPLE_INSTRUMENT;BLOCK;EUR;2;0.43000000;420;EXCHANGE_LAST;;1;1;XEUR;3629725;471;
21.10.2024;08:32:50.224;E2NL SI 20251219 CS;SIMPLE_INSTRUMENT;BLOCK;EUR;3;0.47000000;843;EXCHANGE_LAST;;1;1;XEUR;3681293;471;
21.10.2024;08:34:48.763;E2NL SI 20261218 CS;SIMPLE_INSTRUMENT;BLOCK;EUR;4;0.46000000;6874;EXCHANGE_LAST;;1;1;XEUR;4632356;471;
21.10.2024;14:50:46.054;E2NL SI 20251219 CS;SIMPLE_INSTRUMENT;BLOCK;EUR;66;0.46700000;500;EXCHANGE_LAST;;1;1;XEUR;3681293;471;
21.10.2024;14:50:46.189;E2NL SI 20251219 CS;SIMPLE_INSTRUMENT;BLOCK;EUR;67;0.46800000;500;EXCHANGE_LAST;;1;1;XEUR;3681293;471;
21.10.2024;15:19:13.971;E2NL SI 20251219 CS;SIMPLE_INSTRUMENT;BLOCK;EUR;87;0.46700000;1500;EXCHANGE_LAST;;1;3;XEUR;3681293;471;
21.10.2024;15:19:20.358;E2NL SI 20251219 CS;SIMPLE_INSTRUMENT;BLOCK;EUR;88;0.46800000;1500;EXCHANGE_LAST;;1;3;XEUR;3681293;471;
21.10.2024;15:56:35.597;E2NL SI 20261218 CS;SIMPLE_INSTRUMENT;BLOCK;EUR;95;0.45500000;1500;EXCHANGE_LAST;;1;1;XEUR;4632356;471;
21.10.2024;10:13:50.881;EADP SI 20250117 PS;SIMPLE_INSTRUMENT;BLOCK;EUR;15;140.61000000;3700;EXCHANGE_LAST;;1;1;XEUR;10441592;124301;
21.10.2024;12:49:21.001;EDPF SI 20241220 CS;SIMPLE_INSTRUMENT;BLOCK;EUR;32;3.83820000;188;EXCHANGE_LAST;;1;1;XEUR;7034849;457;
21.10.2024;12:50:14.788;EIAG SI 20241220 CS;SIMPLE_INSTRUMENT;BLOCK;EUR;35;45.65530000;13;EXCHANGE_LAST;;1;1;XEUR;7035478;509;
21.10.2024;12:53:47.911;ENUF SI 20241220 CS;SIMPLE_INSTRUMENT;BLOCK;EUR;45;10.79860000;50;EXCHANGE_LAST;;1;1;XEUR;7035445;499;
21.10.2024;10:45:15.156;EOA SI 20241220 PS AM P 12.00 0;SIMPLE_INSTRUMENT;BLOCK;EUR;3;0.12000000;4000;EXCHANGE_LAST;;1;1;XEUR;4644610;49065;
21.10.2024;08:49:18.022;F3IA SI 20251219 CS;SIMPLE_INSTRUMENT;BLOCK;EUR;5;0.36000000;249;EXCHANGE_LAST;;1;1;XEUR;6633988;390387;
21.10.2024;13:54:39.034;F3IA SI 20251219 CS;SIMPLE_INSTRUMENT;BLOCK;EUR;61;0.34000000;500;EXCHANGE_LAST;;1;1;XEUR;6633988;390387;
21.10.2024;14:36:16.515;F3IA SI 20251219 CS;SIMPLE_INSTRUMENT;BLOCK;EUR;64;0.34000000;500;EXCHANGE_LAST;;1;1;XEUR;6633988;390387;
21.10.2024;07:30:01.393;FBTP SI 20241206 PS;SIMPLE_INSTRUMENT;BLOCK;EUR;1;122.05000000;255;EXCHANGE_LAST;;1;1;XEUR;10804520;636;
21.10.2024;08:58:50.364;FBTP SI 20241206 PS;SIMPLE_INSTRUMENT;EFP_FIN;EUR;2;122.04000000;1286;EXCHANGE_LAST;;1;1;XEUR;10804520;636;
21.10.2024;09:05:04.259;FBTP SI 20241206 PS;SIMPLE_INSTRUMENT;EFP_FIN;EUR;3;121.97000000;893;EXCHANGE_LAST;;1;1;XEUR;10804520;636;
21.10.2024;09:39:53.837;FBTP SI 20241206 PS;SIMPLE_INSTRUMENT;EFP_FIN;EUR;4;121.88000000;119;EXCHANGE_LAST;;1;1;XEUR;10804520;636;
21.10.2024;09:41:51.845;FBTP SI 20241206 PS;SIMPLE_INSTRUMENT;EFP_FIN;EUR;5;121.88000000;68;EXCHANGE_LAST;;1;1;XEUR;10804520;636;
21.10.2024;09:57:43.768;FBTP SI 20241206 PS;SIMPLE_INSTRUMENT;BLOCK;EUR;6;121.88000000;425;EXCHANGE_LAST;;1;1;XEUR;10804520;636;
21.10.2024;10:00:40.530;FBTP SI 20241206 PS;SIMPLE_INSTRUMENT;EFP_FIN;EUR;7;121.87000000;241;EXCHANGE_LAST;;1;1;XEUR;10804520;636;
21.10.2024;10:35:55.742;FBTP SI 20241206 PS;SIMPLE_INSTRUMENT;EFP_FIN;EUR;8;122.06000000;504;EXCHANGE_LAST;;1;1;XEUR;10804520;636;
21.10.2024;10:54:43.850;FBTP SI 20241206 PS;SIMPLE_INSTRUMENT;EFP_FIN;EUR;9;121.67000000;268;EXCHANGE_LAST;;1;1;XEUR;10804520;636;
21.10.2024;11:01:19.324;FBTP SI 20241206 PS;SIMPLE_INSTRUMENT;EFP_FIN;EUR;10;121.67000000;760;EXCHANGE_LAST;;1;1;XEUR;10804520;636;
21.10.2024;11:18:07.256;FBTP SI 20241206 PS;SIMPLE_INSTRUMENT;BLOCK;EUR;11;121.59000000;2000;EXCHANGE_LAST;;1;1;XEUR;10804520;636;
21.10.2024;11:36:59.860;FBTP SI 20241206 PS;SIMPLE_INSTRUMENT;EFP_FIN;EUR;12;121.71000000;336;EXCHANGE_LAST;;1;1;XEUR;10804520;636;
21.10.2024;11:53:00.049;FBTP SI 20241206 PS;SIMPLE_INSTRUMENT;EFP_FIN;EUR;13;121.33000000;965;EXCHANGE_LAST;;1;1;XEUR;10804520;636;
21.10.2024;12:24:44.633;FBTP SI 20241206 PS;SIMPLE_INSTRUMENT;BLOCK;EUR;14;121.33000000;279;EXCHANGE_LAST;;1;1;XEUR;10804520;636;
21.10.2024;12:32:04.051;FBTP SI 20241206 PS;SIMPLE_INSTRUMENT;EFP_FIN;EUR;15;121.27000000;716;EXCHANGE_LAST;;1;1;XEUR;10804520;636;
21.10.2024;13:06:49.374;FBTP SI 20241206 PS;SIMPLE_INSTRUMENT;EFP_FIN;EUR;16;121.32000000;471;EXCHANGE_LAST;;1;1;XEUR;10804520;636;
21.10.2024;13:15:46.496;FBTP SI 20241206 PS;SIMPLE_INSTRUMENT;EFP_FIN;EUR;17;121.25000000;636;EXCHANGE_LAST;;1;1;XEUR;10804520;636;
21.10.2024;13:20:03.456;FBTP SI 20241206 PS;SIMPLE_INSTRUMENT;EFP_FIN;EUR;18;121.25000000;318;EXCHANGE_LAST;;1;1;XEUR;10804520;636;
21.10.2024;13:29:05.688;FBTP SI 20241206 PS;SIMPLE_INSTRUMENT;EFP_FIN;EUR;19;121.24000000;271;EXCHANGE_LAST;;1;1;XEUR;10804520;636;
21.10.2024;13:32:40.383;FBTP SI 20241206 PS;SIMPLE_INSTRUMENT;EFP_FIN;EUR;20;121.22000000;135;EXCHANGE_LAST;;1;1;XEUR;10804520;636;
21.10.2024;13:44:20.307;FBTP SI 20241206 PS;SIMPLE_INSTRUMENT;EFP_FIN;EUR;21;121.27000000;556;EXCHANGE_LAST;;1;1;XEUR;10804520;636;
21.10.2024;14:08:04.584;FBTP SI 20241206 PS;SIMPLE_INSTRUMENT;EFP_FIN;EUR;22;121.24000000;223;EXCHANGE_LAST;;1;1;XEUR;10804520;636;
21.10.2024;14:29:22.363;FBTP SI 20241206 PS;SIMPLE_INSTRUMENT;EFP_FIN;EUR;23;121.15000000;279;EXCHANGE_LAST;;1;1;XEUR;10804520;636;
21.10.2024;14:34:10.009;FBTP SI 20241206 PS;SIMPLE_INSTRUMENT;EFP_FIN;EUR;24;121.67000000;104;EXCHANGE_LAST;;1;1;XEUR;10804520;636;
21.10.2024;14:43:28.129;FBTP SI 20241206 PS;SIMPLE_INSTRUMENT;BLOCK;EUR;25;121.15000000;279;EXCHANGE_LAST;;1;1;XEUR;10804520;636;
21.10.2024;15:19:04.649;FBTP SI 20241206 PS;SIMPLE_INSTRUMENT;EFP_FIN;EUR;26;121.11000000;279;EXCHANGE_LAST;;1;1;XEUR;10804520;636;
21.10.2024;15:25:39.291;FBTP SI 20241206 PS;SIMPLE_INSTRUMENT;EFP_FIN;EUR;27;120.91000000;134;EXCHANGE_LAST;;1;1;XEUR;10804520;636;
21.10.2024;15:27:08.976;FBTP SI 20241206 PS;SIMPLE_INSTRUMENT;EFP_FIN;EUR;28;121.11000000;365;EXCHANGE_LAST;;1;1;XEUR;10804520;636;
21.10.2024;15:29:57.304;FBTP SI 20241206 PS;SIMPLE_INSTRUMENT;EFP_FIN;EUR;29;120.91000000;406;EXCHANGE_LAST;;1;1;XEUR;10804520;636;
21.10.2024;15:29:59.859;FBTP SI 20241206 PS;SIMPLE_INSTRUMENT;EFP_FIN;EUR;30;121.30000000;265;EXCHANGE_LAST;;1;1;XEUR;10804520;636;
21.10.2024;15:33:54.758;FBTP SI 20241206 PS;SIMPLE_INSTRUMENT;BLOCK;EUR;31;120.98000000;778;EXCHANGE_LAST;;1;1;XEUR;10804520;636;
21.10.2024;15:34:05.580;FBTP SI 20241206 PS;SIMPLE_INSTRUMENT;BLOCK;EUR;32;120.98000000;778;EXCHANGE_LAST;;1;1;XEUR;10804520;636;
21.10.2024;15:57:12.477;FBTP SI 20241206 PS;SIMPLE_INSTRUMENT;EFP_FIN;EUR;33;120.98000000;447;EXCHANGE_LAST;;1;1;XEUR;10804520;636;
21.10.2024;15:57:28.758;FBTP SI 20241206 PS;SIMPLE_INSTRUMENT;EFP_FIN;EUR;34;120.98000000;447;EXCHANGE_LAST;;1;1;XEUR;10804520;636;
21.10.2024;15:59:25.097;FBTP SI 20241206 PS;SIMPLE_INSTRUMENT;EFP_FIN;EUR;35;120.94000000;893;EXCHANGE_LAST;;1;1;XEUR;10804520;636;
21.10.2024;08:07:51.421;FBTS SI 20241206 PS;SIMPLE_INSTRUMENT;EFP_FIN;EUR;2;107.60000000;199;EXCHANGE_LAST;;1;1;XEUR;10804522;639;
21.10.2024;09:14:46.805;FBTS SI 20241206 PS;SIMPLE_INSTRUMENT;EFP_FIN;EUR;4;107.56000000;522;EXCHANGE_LAST;;1;1;XEUR;10804522;639;
21.10.2024;09:22:47.353;FBTS SI 20241206 PS;SIMPLE_INSTRUMENT;EFP_FIN;EUR;5;107.56000000;1133;EXCHANGE_LAST;;1;1;XEUR;10804522;639;
21.10.2024;10:27:25.016;FBTS SI 20241206 PS;SIMPLE_INSTRUMENT;EFP_FIN;EUR;8;107.51000000;756;EXCHANGE_LAST;;1;1;XEUR;10804522;639;
21.10.2024;10:29:33.473;FBTS SI 20241206 PS;SIMPLE_INSTRUMENT;EFP_FIN;EUR;9;107.50000000;756;EXCHANGE_LAST;;1;1;XEUR;10804522;639;
21.10.2024;11:00:03.879;FBTS SI 20241206 PS;SIMPLE_INSTRUMENT;EFP_FIN;EUR;10;107.54000000;756;EXCHANGE_LAST;;1;1;XEUR;10804522;639;
21.10.2024;11:09:05.732;FBTS SI 20241206 PS;SIMPLE_INSTRUMENT;EFP_FIN;EUR;11;107.48000000;966;EXCHANGE_LAST;;1;1;XEUR;10804522;639;
21.10.2024;12:16:39.928;FBTS SI 20241206 PS;SIMPLE_INSTRUMENT;BLOCK;EUR;13;107.46000000;3268;EXCHANGE_LAST;;1;1;XEUR;10804522;639;
21.10.2024;12:24:13.269;FBTS SI 20241206 PS;SIMPLE_INSTRUMENT;BLOCK;EUR;14;107.44000000;1082;EXCHANGE_LAST;;1;1;XEUR;10804522;639;
21.10.2024;12:28:48.737;FBTS SI 20241206 PS;SIMPLE_INSTRUMENT;BLOCK;EUR;15;107.47000000;4543;EXCHANGE_LAST;;1;1;XEUR;10804522;639;
21.10.2024;13:00:20.240;FBTS SI 20241206 PS;SIMPLE_INSTRUMENT;EFP_FIN;EUR;16;107.47000000;940;EXCHANGE_LAST;;1;1;XEUR;10804522;639;
21.10.2024;13:32:38.373;FBTS SI 20241206 PS;SIMPLE_INSTRUMENT;EFP_FIN;EUR;19;107.43000000;410;EXCHANGE_LAST;;1;1;XEUR;10804522;639;
21.10.2024;13:59:12.464;FBTS SI 20241206 PS;SIMPLE_INSTRUMENT;EFP_FIN;EUR;21;107.44000000;211;EXCHANGE_LAST;;1;1;XEUR;10804522;639;
21.10.2024;13:59:24.475;FBTS SI 20241206 PS;SIMPLE_INSTRUMENT;EFP_FIN;EUR;22;107.44000000;351;EXCHANGE_LAST;;1;1;XEUR;10804522;639;
21.10.2024;13:59:36.165;FBTS SI 20241206 PS;SIMPLE_INSTRUMENT;EFP_FIN;EUR;23;107.44000000;140;EXCHANGE_LAST;;1;1;XEUR;10804522;639;
21.10.2024;14:01:14.828;FBTS SI 20241206 PS;SIMPLE_INSTRUMENT;EFP_FIN;EUR;24;107.44000000;865;EXCHANGE_LAST;;1;1;XEUR;10804522;639;
21.10.2024;15:04:40.359;FBTS SI 20241206 PS;SIMPLE_INSTRUMENT;EFP_FIN;EUR;27;107.42000000;209;EXCHANGE_LAST;;1;1;XEUR;10804522;639;
21.10.2024;15:18:56.177;FCEU SI 20241216 PS;SIMPLE_INSTRUMENT;BLOCK;USD;5;1.08570000;306;EXCHANGE_LAST;;1;1;XEUR;7140363;369376;
21.10.2024;07:17:54.943;FCPE SI 20241230 CS;SIMPLE_INSTRUMENT;BLOCK;USD;1;173.07000000;15;EXCHANGE_LAST;;1;1;XEUR;4680365;586;
21.10.2024;07:19:23.018;FCPE SI 20241230 CS;SIMPLE_INSTRUMENT;BLOCK;USD;2;173.06000000;37;EXCHANGE_LAST;;1;1;XEUR;4680365;586;
21.10.2024;07:27:10.339;FCPR SI 20241230 CS;SIMPLE_INSTRUMENT;BLOCK;USD;5;284.53000000;63;EXCHANGE_LAST;;1;1;XEUR;4680366;587;
21.10.2024;07:27:19.725;FCPR SI 20241230 CS;SIMPLE_INSTRUMENT;BLOCK;USD;6;284.54000000;78;EXCHANGE_LAST;;1;1;XEUR;4680366;587;
21.10.2024;07:59:39.381;FCZU SI 20241216 CS;SIMPLE_INSTRUMENT;BLOCK;USD;3;0.05660000;30;EXCHANGE_LAST;;1;1;XEUR;10921064;570872;
21.10.2024;08:00:07.571;FCZU SI 20241216 CS;SIMPLE_INSTRUMENT;BLOCK;USD;4;0.05660000;70;EXCHANGE_LAST;;1;1;XEUR;10921064;570872;
21.10.2024;14:30:08.377;FD3D SI 20251219 CS;SIMPLE_INSTRUMENT;BLOCK;EUR;26;102.50000000;460;EXCHANGE_LAST;;1;2;XEUR;5914068;588;
21.10.2024;15:50:00.083;FD3D SI 20251219 CS;SIMPLE_INSTRUMENT;BLOCK;EUR;28;103.70000000;150;EXCHANGE_LAST;;1;1;XEUR;5914068;588;
21.10.2024;15:49:29.571;FD3D SI 20251219 CS;SIMPLE_INSTRUMENT;BLOCK;EUR;29;103.80000000;150;EXCHANGE_LAST;;1;1;XEUR;5914068;588;
21.10.2024;12:46:52.194;FDAX SI 20241220 CS;SIMPLE_INSTRUMENT;BLOCK;EUR;1;19619.00000000;250;EXCHANGE_LAST;;1;1;XEUR;7296065;589;
21.10.2024;13:27:14.610;FDAX SI 20241220 CS;SIMPLE_INSTRUMENT;BLOCK;EUR;2;19646.00000000;616;EXCHANGE_LAST;;1;1;XEUR;7296065;589;
21.10.2024;15:45:45.355;FDAX SI 20241220 CS;SIMPLE_INSTRUMENT;BLOCK;EUR;3;19574.00000000;1180;EXCHANGE_LAST;;1;1;XEUR;7296065;589;
21.10.2024;15:09:21.002;FEBD SI 20261218 CS;SIMPLE_INSTRUMENT;BLOCK;EUR;27;9.22000000;100;EXCHANGE_LAST;;1;1;XEUR;7158212;597;
21.10.2024;15:40:05.452;FEBD SI 20261218 CS;SIMPLE_INSTRUMENT;BLOCK;EUR;31;9.20000000;500;EXCHANGE_LAST;;1;1;XEUR;7158212;597;
21.10.2024;16:21:29.322;FEBD SI 20261218 CS;SIMPLE_INSTRUMENT;BLOCK;EUR;37;9.24000000;150;EXCHANGE_LAST;;1;1;XEUR;7158212;597;
21.10.2024;08:17:41.055;FECX SI 20241220 CS;SIMPLE_INSTRUMENT;BLOCK;EUR;1;165.21000000;60;EXCHANGE_LAST;;1;1;XEUR;10920731;410158;
21.10.2024;15:26:43.546;FES1 SI 20241220 PS;SIMPLE_INSTRUMENT;BLOCK;EUR;7;17.20000000;500;EXCHANGE_LAST;;1;1;XEUR;10869579;58959;
21.10.2024;09:45:08.019;FESB SI 20241220 CS;SIMPLE_INSTRUMENT;VOLA;EUR;603979784;146.40000000;600;EXCHANGE_LAST;;1;1;XEUR;10838895;605;
21.10.2024;14:36:18.169;FESB SI 20241220 CS;SIMPLE_INSTRUMENT;VOLA;EUR;603979794;146.80000000;600;EXCHANGE_LAST;;1;1;XEUR;10838895;605;
21.10.2024;08:26:16.041;FESX SI 20241220 CS;SIMPLE_INSTRUMENT;BLOCK;EUR;1;4993.00000000;2597;EXCHANGE_LAST;;1;1;XEUR;7793479;675;
21.10.2024;08:27:26.150;FESX SI 20241220 CS;SIMPLE_INSTRUMENT;BLOCK;EUR;2;5005.00000000;2000;EXCHANGE_LAST;;1;1;XEUR;7793479;675;
21.10.2024;11:08:57.939;FESX SI 20241220 CS;SIMPLE_INSTRUMENT;BLOCK;EUR;3;4975.00000000;2000;EXCHANGE_LAST;;1;1;XEUR;7793479;675;
21.10.2024;14:46:40.749;FESX SI 20241220 CS;SIMPLE_INSTRUMENT;BLOCK;EUR;4;4975.00000000;2000;EXCHANGE_LAST;;1;1;XEUR;7793479;675;
21.10.2024;15:43:47.998;FESX SI 20241220 CS;SIMPLE_INSTRUMENT;BLOCK;EUR;5;4958.00000000;6217;EXCHANGE_LAST;;1;1;XEUR;7793479;675;
21.10.2024;15:50:49.801;FESX SI 20241220 CS;SIMPLE_INSTRUMENT;EFP_IDX;EUR;6;4958.00000000;140;EXCHANGE_LAST;;1;1;XEUR;7793479;675;
21.10.2024;15:51:07.326;FESX SI 20241220 CS;SIMPLE_INSTRUMENT;EFP_IDX;EUR;7;4959.00000000;360;EXCHANGE_LAST;;1;1;XEUR;7793479;675;
21.10.2024;15:51:49.396;FESX SI 20241220 CS;SIMPLE_INSTRUMENT;EFP_IDX;EUR;8;4958.00000000;70;EXCHANGE_LAST;;1;1;XEUR;7793479;675;
21.10.2024;15:51:54.731;FESX SI 20241220 CS;SIMPLE_INSTRUMENT;EFP_IDX;EUR;9;4958.00000000;344;EXCHANGE_LAST;;1;1;XEUR;7793479;675;
21.10.2024;15:52:00.006;FESX SI 20241220 CS;SIMPLE_INSTRUMENT;EFP_IDX;EUR;10;4959.00000000;180;EXCHANGE_LAST;;1;1;XEUR;7793479;675;
21.10.2024;15:52:14.554;FESX SI 20241220 CS;SIMPLE_INSTRUMENT;EFP_IDX;EUR;11;4959.00000000;306;EXCHANGE_LAST;;1;1;XEUR;7793479;675;
21.10.2024;15:57:56.298;FESX SI 20241220 CS;SIMPLE_INSTRUMENT;EFP_IDX;EUR;12;4958.00000000;46;EXCHANGE_LAST;;1;1;XEUR;7793479;675;
21.10.2024;15:58:11.299;FESX SI 20241220 CS;SIMPLE_INSTRUMENT;EFP_IDX;EUR;13;4959.00000000;69;EXCHANGE_LAST;;1;1;XEUR;7793479;675;
21.10.2024;16:18:50.969;FESX SI 20241220 CS;SIMPLE_INSTRUMENT;EFP_IDX;EUR;14;4958.00000000;254;EXCHANGE_LAST;;1;1;XEUR;7793479;675;
21.10.2024;16:19:30.252;FESX SI 20241220 CS;SIMPLE_INSTRUMENT;EFP_IDX;EUR;15;4959.00000000;1387;EXCHANGE_LAST;;1;1;XEUR;7793479;675;
21.10.2024;08:18:44.527;FESX SI 20241220 CS;SIMPLE_INSTRUMENT;VOLA;EUR;637534216;4994.00000000;11;EXCHANGE_LAST;;1;1;XEUR;7793479;675;
21.10.2024;08:30:00.421;FESX SI 20241220 CS;SIMPLE_INSTRUMENT;VOLA;EUR;637534221;5000.00000000;330;EXCHANGE_LAST;;1;1;XEUR;7793479;675;
21.10.2024;08:30:09.469;FESX SI 20241220 CS;SIMPLE_INSTRUMENT;VOLA;EUR;637534222;5000.00000000;200;EXCHANGE_LAST;;1;1;XEUR;7793479;675;
21.10.2024;08:33:36.074;FESX SI 20241220 CS;SIMPLE_INSTRUMENT;VOLA;EUR;637534225;4990.00000000;825;EXCHANGE_LAST;;1;1;XEUR;7793479;675;
21.10.2024;08:34:40.128;FESX SI 20241220 CS;SIMPLE_INSTRUMENT;VOLA;EUR;637534226;4990.00000000;825;EXCHANGE_LAST;;1;1;XEUR;7793479;675;
21.10.2024;09:07:10.332;FESX SI 20241220 CS;SIMPLE_INSTRUMENT;VOLA;EUR;637534234;5000.00000000;350;EXCHANGE_LAST;;1;1;XEUR;7793479;675;
21.10.2024;10:52:37.606;FESX SI 20241220 CS;SIMPLE_INSTRUMENT;VOLA;EUR;637534251;4975.00000000;380;EXCHANGE_LAST;;1;1;XEUR;7793479;675;
21.10.2024;12:36:24.351;FESX SI 20241220 CS;SIMPLE_INSTRUMENT;VOLA;EUR;637534272;4962.00000000;293;EXCHANGE_LAST;;1;1;XEUR;7793479;675;
21.10.2024;13:40:51.852;FESX SI 20241220 CS;SIMPLE_INSTRUMENT;VOLA;EUR;637534290;4980.00000000;340;EXCHANGE_LAST;;1;1;XEUR;7793479;675;
21.10.2024;14:42:40.305;FESX SI 20241220 CS;SIMPLE_INSTRUMENT;VOLA;EUR;637534299;4955.00000000;10;EXCHANGE_LAST;;1;1;XEUR;7793479;675;
21.10.2024;14:47:03.751;FESX SI 20241220 CS;SIMPLE_INSTRUMENT;VOLA;EUR;637534304;4982.00000000;220;EXCHANGE_LAST;;1;1;XEUR;7793479;675;
21.10.2024;15:14:25.456;FESX SI 20241220 CS;SIMPLE_INSTRUMENT;VOLA;EUR;637534311;4987.00000000;51;EXCHANGE_LAST;;1;1;XEUR;7793479;675;
21.10.2024;15:38:45.557;FESX SI 20241220 CS;SIMPLE_INSTRUMENT;VOLA;EUR;637534323;4960.00000000;400;EXCHANGE_LAST;;1;1;XEUR;7793479;675;
21.10.2024;08:32:04.821;FEXD SI 20261218 CS;SIMPLE_INSTRUMENT;BLOCK;EUR;2;153.00000000;720;EXCHANGE_LAST;;1;1;XEUR;2163053;693;
21.10.2024;08:54:32.801;FEXD SI 20261218 CS;SIMPLE_INSTRUMENT;BLOCK;EUR;3;153.20000000;500;EXCHANGE_LAST;;1;1;XEUR;2163053;693;
21.10.2024;08:59:44.492;FEXD SI 20281215 CS;SIMPLE_INSTRUMENT;BLOCK;EUR;4;142.80000000;125;EXCHANGE_LAST;;1;1;XEUR;3680985;693;
21.10.2024;09:00:02.417;FEXD SI 20271217 CS;SIMPLE_INSTRUMENT;BLOCK;EUR;5;147.80000000;125;EXCHANGE_LAST;;1;1;XEUR;2848338;693;
21.10.2024;09:03:40.139;FEXD.S.DEC26.DEC27.SPD;FUTURES_SPREAD;BLOCK;EUR;6;5.20000000;100;EXCHANGE_LAST;;1;1;XEUR;72060570450264153;693;
21.10.2024;09:03:40.139;FEXD SI 20271217 CS;SIMPLE_INSTRUMENT;BLOCK;EUR;6;148.00000000;100;PRC_DECOMP_EXCHANGE;;;;XEUR;2848338;693;EXCHANGE
21.10.2024;09:03:40.139;FEXD SI 20261218 CS;SIMPLE_INSTRUMENT;BLOCK;EUR;6;153.20000000;100;PRC_DECOMP_EXCHANGE;;;;XEUR;2163053;693;EXCHANGE
21.10.2024;09:00:06.885;FEXD SI 20250321 CS;SIMPLE_INSTRUMENT;BLOCK;EUR;7;19.80000000;250;EXCHANGE_LAST;;2;1;XEUR;11453223;693;
21.10.2024;09:03:15.570;FEXD.S.DEC28.DEC29.SPD;FUTURES_SPREAD;BLOCK;EUR;8;4.50000000;375;EXCHANGE_LAST;;1;1;XEUR;72060570450264171;693;
21.10.2024;09:03:15.570;FEXD SI 20281215 CS;SIMPLE_INSTRUMENT;BLOCK;EUR;8;143.00000000;375;PRC_DECOMP_EXCHANGE;;;;XEUR;3680985;693;EXCHANGE
21.10.2024;09:03:15.570;FEXD SI 20291221 CS;SIMPLE_INSTRUMENT;BLOCK;EUR;8;138.50000000;375;PRC_DECOMP_EXCHANGE;;;;XEUR;4631968;693;EXCHANGE
21.10.2024;09:11:18.281;FEXD SI 20261218 CS;SIMPLE_INSTRUMENT;BLOCK;EUR;9;153.00000000;315;EXCHANGE_LAST;;1;1;XEUR;2163053;693;
21.10.2024;10:22:15.195;FEXD SI 20261218 CS;SIMPLE_INSTRUMENT;BLOCK;EUR;10;152.90000000;200;EXCHANGE_LAST;;1;1;XEUR;2163053;693;
21.10.2024;11:33:32.307;FEXD SI 20261218 CS;SIMPLE_INSTRUMENT;BLOCK;EUR;12;152.60000000;200;EXCHANGE_LAST;;1;1;XEUR;2163053;693;
21.10.2024;12:34:41.157;FEXD SI 20261218 CS;SIMPLE_INSTRUMENT;BLOCK;EUR;13;152.70000000;145;EXCHANGE_LAST;;1;1;XEUR;2163053;693;
21.10.2024;14:13:45.120;FEXD SI 20251219 CS;SIMPLE_INSTRUMENT;BLOCK;EUR;22;157.40000000;1500;EXCHANGE_LAST;;1;1;XEUR;1548120;693;
21.10.2024;07:11:47.188;FGBL SI 20241206 PS;SIMPLE_INSTRUMENT;EFS;EUR;1;134.02000000;212;EXCHANGE_LAST;;1;1;XEUR;10804524;688;
21.10.2024;07:12:27.216;FGBL SI 20241206 PS;SIMPLE_INSTRUMENT;EFS;EUR;2;134.03000000;212;EXCHANGE_LAST;;1;1;XEUR;10804524;688;
21.10.2024;07:16:12.386;FGBL SI 20241206 PS;SIMPLE_INSTRUMENT;EFS;EUR;3;133.97000000;425;EXCHANGE_LAST;;1;1;XEUR;10804524;688;
21.10.2024;07:37:39.133;FGBL SI 20241206 PS;SIMPLE_INSTRUMENT;EFS;EUR;4;133.95000000;424;EXCHANGE_LAST;;1;1;XEUR;10804524;688;
21.10.2024;07:37:57.860;FGBL SI 20241206 PS;SIMPLE_INSTRUMENT;EFS;EUR;5;133.95000000;424;EXCHANGE_LAST;;1;1;XEUR;10804524;688;
21.10.2024;07:41:22.395;FGBL SI 20241206 PS;SIMPLE_INSTRUMENT;EFS;EUR;6;133.96000000;423;EXCHANGE_LAST;;1;1;XEUR;10804524;688;
21.10.2024;07:46:30.421;FGBL SI 20241206 PS;SIMPLE_INSTRUMENT;EFS;EUR;7;133.95000000;212;EXCHANGE_LAST;;1;1;XEUR;10804524;688;
21.10.2024;07:56:36.368;FGBL SI 20241206 PS;SIMPLE_INSTRUMENT;EFP_FIN;EUR;8;133.94000000;482;EXCHANGE_LAST;;1;1;XEUR;10804524;688;
21.10.2024;08:01:42.811;FGBL SI 20241206 PS;SIMPLE_INSTRUMENT;EFP_FIN;EUR;9;133.94000000;330;EXCHANGE_LAST;;1;1;XEUR;10804524;688;
21.10.2024;08:11:08.433;FGBL SI 20241206 PS;SIMPLE_INSTRUMENT;EFP_FIN;EUR;10;133.93000000;199;EXCHANGE_LAST;;1;1;XEUR;10804524;688;
21.10.2024;08:13:53.368;FGBL SI 20241206 PS;SIMPLE_INSTRUMENT;EFS;EUR;11;133.91000000;212;EXCHANGE_LAST;;1;1;XEUR;10804524;688;
21.10.2024;08:15:08.453;FGBL SI 20241206 PS;SIMPLE_INSTRUMENT;EFS;EUR;12;133.92000000;212;EXCHANGE_LAST;;1;1;XEUR;10804524;688;
21.10.2024;08:19:25.007;FGBL SI 20241206 PS;SIMPLE_INSTRUMENT;EFP_FIN;EUR;13;133.93000000;199;EXCHANGE_LAST;;1;1;XEUR;10804524;688;
21.10.2024;08:22:48.368;FGBL SI 20241206 PS;SIMPLE_INSTRUMENT;EFS;EUR;14;133.91000000;424;EXCHANGE_LAST;;1;1;XEUR;10804524;688;
21.10.2024;08:23:15.907;FGBL SI 20241206 PS;SIMPLE_INSTRUMENT;EFS;EUR;15;133.91000000;424;EXCHANGE_LAST;;1;1;XEUR;10804524;688;
21.10.2024;08:24:14.316;FGBL SI 20241206 PS;SIMPLE_INSTRUMENT;EFS;EUR;16;133.91000000;848;EXCHANGE_LAST;;1;1;XEUR;10804524;688;
21.10.2024;08:25:40.104;FGBL SI 20241206 PS;SIMPLE_INSTRUMENT;EFS;EUR;17;133.91000000;424;EXCHANGE_LAST;;1;1;XEUR;10804524;688;
21.10.2024;08:26:30.454;FGBL SI 20241206 PS;SIMPLE_INSTRUMENT;EFS;EUR;18;133.87000000;424;EXCHANGE_LAST;;1;1;XEUR;10804524;688;
21.10.2024;08:27:12.996;FGBL SI 20241206 PS;SIMPLE_INSTRUMENT;EFS;EUR;19;133.91000000;424;EXCHANGE_LAST;;1;1;XEUR;10804524;688;
21.10.2024;08:39:50.972;FGBL SI 20241206 PS;SIMPLE_INSTRUMENT;EFS;EUR;20;133.83000000;1019;EXCHANGE_LAST;;1;1;XEUR;10804524;688;
21.10.2024;08:40:51.043;FGBL SI 20241206 PS;SIMPLE_INSTRUMENT;EFS;EUR;21;133.83000000;306;EXCHANGE_LAST;;1;1;XEUR;10804524;688;
21.10.2024;08:42:13.900;FGBL SI 20241206 PS;SIMPLE_INSTRUMENT;EFP_FIN;EUR;22;133.87000000;213;EXCHANGE_LAST;;1;1;XEUR;10804524;688;
21.10.2024;08:42:16.131;FGBL SI 20241206 PS;SIMPLE_INSTRUMENT;EFS;EUR;23;133.83000000;509;EXCHANGE_LAST;;1;1;XEUR;10804524;688;
21.10.2024;08:43:06.179;FGBL SI 20241206 PS;SIMPLE_INSTRUMENT;EFS;EUR;24;133.81000000;509;EXCHANGE_LAST;;1;1;XEUR;10804524;688;
21.10.2024;08:59:47.127;FGBL SI 20241206 PS;SIMPLE_INSTRUMENT;EFS;EUR;25;133.76000000;242;EXCHANGE_LAST;;1;1;XEUR;10804524;688;
21.10.2024;09:08:05.505;FGBL SI 20241206 PS;SIMPLE_INSTRUMENT;EFS;EUR;26;133.67000000;424;EXCHANGE_LAST;;1;1;XEUR;10804524;688;
21.10.2024;09:10:23.482;FGBL SI 20241206 PS;SIMPLE_INSTRUMENT;EFS;EUR;27;133.67000000;424;EXCHANGE_LAST;;1;1;XEUR;10804524;688;
21.10.2024;09:11:12.375;FGBL SI 20241206 PS;SIMPLE_INSTRUMENT;EFS;EUR;28;133.67000000;424;EXCHANGE_LAST;;1;1;XEUR;10804524;688;
21.10.2024;09:12:23.663;FGBL SI 20241206 PS;SIMPLE_INSTRUMENT;EFS;EUR;29;133.63000000;424;EXCHANGE_LAST;;1;1;XEUR;10804524;688;
21.10.2024;09:12:59.455;FGBL SI 20241206 PS;SIMPLE_INSTRUMENT;EFS;EUR;30;133.63000000;424;EXCHANGE_LAST;;1;1;XEUR;10804524;688;
21.10.2024;09:15:05.870;FGBL SI 20241206 PS;SIMPLE_INSTRUMENT;EFS;EUR;31;133.63000000;212;EXCHANGE_LAST;;1;1;XEUR;10804524;688;
21.10.2024;09:18:33.076;FGBL SI 20241206 PS;SIMPLE_INSTRUMENT;EFP_FIN;EUR;32;133.62000000;387;EXCHANGE_LAST;;1;1;XEUR;10804524;688;
21.10.2024;09:22:10.186;FGBL SI 20241206 PS;SIMPLE_INSTRUMENT;EFS;EUR;33;133.62000000;444;EXCHANGE_LAST;;1;1;XEUR;10804524;688;
21.10.2024;09:27:21.124;FGBL SI 20241206 PS;SIMPLE_INSTRUMENT;EFS;EUR;34;133.62000000;424;EXCHANGE_LAST;;1;1;XEUR;10804524;688;
21.10.2024;09:27:35.171;FGBL SI 20241206 PS;SIMPLE_INSTRUMENT;EFS;EUR;35;133.62000000;424;EXCHANGE_LAST;;1;1;XEUR;10804524;688;
21.10.2024;09:50:45.885;FGBL SI 20241206 PS;SIMPLE_INSTRUMENT;EFS;EUR;36;133.72000000;254;EXCHANGE_LAST;;1;1;XEUR;10804524;688;
21.10.2024;09:53:10.733;FGBL SI 20241206 PS;SIMPLE_INSTRUMENT;EFS;EUR;37;133.67000000;891;EXCHANGE_LAST;;1;1;XEUR;10804524;688;
21.10.2024;09:53:42.702;FGBL SI 20241206 PS;SIMPLE_INSTRUMENT;EFS;EUR;38;133.69000000;255;EXCHANGE_LAST;;1;1;XEUR;10804524;688;
21.10.2024;09:54:27.136;FGBL SI 20241206 PS;SIMPLE_INSTRUMENT;EFS;EUR;39;133.70000000;170;EXCHANGE_LAST;;1;1;XEUR;10804524;688;
21.10.2024;09:55:23.306;FGBL SI 20241206 PS;SIMPLE_INSTRUMENT;EFP_FIN;EUR;40;133.67000000;421;EXCHANGE_LAST;;1;1;XEUR;10804524;688;
21.10.2024;09:56:00.016;FGBL SI 20241206 PS;SIMPLE_INSTRUMENT;EFS;EUR;41;133.68000000;254;EXCHANGE_LAST;;1;1;XEUR;10804524;688;
21.10.2024;09:57:11.577;FGBL SI 20241206 PS;SIMPLE_INSTRUMENT;EFP_FIN;EUR;42;133.67000000;674;EXCHANGE_LAST;;1;1;XEUR;10804524;688;
21.10.2024;10:02:04.007;FGBL SI 20241206 PS;SIMPLE_INSTRUMENT;EFS;EUR;43;133.63000000;424;EXCHANGE_LAST;;1;1;XEUR;10804524;688;
21.10.2024;10:03:20.821;FGBL SI 20241206 PS;SIMPLE_INSTRUMENT;EFS;EUR;44;133.63000000;97;EXCHANGE_LAST;;1;1;XEUR;10804524;688;
21.10.2024;10:06:33.877;FGBL SI 20241206 PS;SIMPLE_INSTRUMENT;EFS;EUR;45;133.62000000;446;EXCHANGE_LAST;;1;1;XEUR;10804524;688;
21.10.2024;10:16:56.594;FGBL SI 20241206 PS;SIMPLE_INSTRUMENT;EFS;EUR;46;133.60000000;424;EXCHANGE_LAST;;1;1;XEUR;10804524;688;
21.10.2024;10:17:40.975;FGBL SI 20241206 PS;SIMPLE_INSTRUMENT;EFS;EUR;47;133.61000000;424;EXCHANGE_LAST;;1;1;XEUR;10804524;688;
21.10.2024;10:23:06.014;FGBL SI 20241206 PS;SIMPLE_INSTRUMENT;EFP_FIN;EUR;48;133.54000000;253;EXCHANGE_LAST;;1;1;XEUR;10804524;688;
21.10.2024;10:23:10.595;FGBL SI 20241206 PS;SIMPLE_INSTRUMENT;EFS;EUR;49;133.56000000;750;EXCHANGE_LAST;;1;1;XEUR;10804524;688;
21.10.2024;10:23:54.932;FGBL SI 20241206 PS;SIMPLE_INSTRUMENT;EFS;EUR;50;133.57000000;678;EXCHANGE_LAST;;1;1;XEUR;10804524;688;
21.10.2024;10:24:50.293;FGBL SI 20241206 PS;SIMPLE_INSTRUMENT;EFS;EUR;51;133.55000000;509;EXCHANGE_LAST;;1;1;XEUR;10804524;688;
21.10.2024;10:27:02.940;FGBL SI 20241206 PS;SIMPLE_INSTRUMENT;EFS;EUR;52;133.61000000;1935;EXCHANGE_LAST;;1;1;XEUR;10804524;688;
21.10.2024;10:30:42.202;FGBL SI 20241206 PS;SIMPLE_INSTRUMENT;EFS;EUR;53;133.62000000;446;EXCHANGE_LAST;;1;1;XEUR;10804524;688;
21.10.2024;10:30:55.651;FGBL SI 20241206 PS;SIMPLE_INSTRUMENT;EFS;EUR;54;133.54000000;509;EXCHANGE_LAST;;1;1;XEUR;10804524;688;
21.10.2024;10:34:01.280;FGBL SI 20241206 PS;SIMPLE_INSTRUMENT;EFS;EUR;55;133.53000000;255;EXCHANGE_LAST;;1;1;XEUR;10804524;688;
21.10.2024;10:39:47.051;FGBL SI 20241206 PS;SIMPLE_INSTRUMENT;EFS;EUR;56;133.50000000;170;EXCHANGE_LAST;;1;1;XEUR;10804524;688;
21.10.2024;10:46:48.766;FGBL SI 20241206 PS;SIMPLE_INSTRUMENT;EFP_FIN;EUR;57;133.55000000;1223;EXCHANGE_LAST;;1;1;XEUR;10804524;688;
21.10.2024;10:49:40.296;FGBL SI 20241206 PS;SIMPLE_INSTRUMENT;EFS;EUR;58;133.53000000;446;EXCHANGE_LAST;;1;1;XEUR;10804524;688;
21.10.2024;11:19:19.185;FGBL SI 20241206 PS;SIMPLE_INSTRUMENT;EFS;EUR;59;133.46000000;238;EXCHANGE_LAST;;1;1;XEUR;10804524;688;
21.10.2024;11:20:52.369;FGBL SI 20241206 PS;SIMPLE_INSTRUMENT;EFS;EUR;60;133.47000000;212;EXCHANGE_LAST;;1;1;XEUR;10804524;688;
21.10.2024;11:22:14.679;FGBL SI 20241206 PS;SIMPLE_INSTRUMENT;EFS;EUR;61;133.46000000;187;EXCHANGE_LAST;;1;1;XEUR;10804524;688;
21.10.2024;11:27:43.366;FGBL SI 20241206 PS;SIMPLE_INSTRUMENT;EFP_FIN;EUR;62;133.45000000;718;EXCHANGE_LAST;;1;1;XEUR;10804524;688;
21.10.2024;11:28:41.364;FGBL SI 20241206 PS;SIMPLE_INSTRUMENT;EFS;EUR;63;133.45000000;484;EXCHANGE_LAST;;1;1;XEUR;10804524;688;
21.10.2024;11:42:38.456;FGBL SI 20241206 PS;SIMPLE_INSTRUMENT;EFS;EUR;64;133.39000000;894;EXCHANGE_LAST;;1;1;XEUR;10804524;688;
21.10.2024;11:46:45.558;FGBL SI 20241206 PS;SIMPLE_INSTRUMENT;EFS;EUR;65;133.42000000;291;EXCHANGE_LAST;;1;1;XEUR;10804524;688;
21.10.2024;11:53:17.941;FGBL SI 20241206 PS;SIMPLE_INSTRUMENT;EFS;EUR;66;133.35000000;268;EXCHANGE_LAST;;1;1;XEUR;10804524;688;
21.10.2024;11:58:40.987;FGBL SI 20241206 PS;SIMPLE_INSTRUMENT;EFP_FIN;EUR;67;133.34000000;324;EXCHANGE_LAST;;1;1;XEUR;10804524;688;
21.10.2024;12:02:01.090;FGBL SI 20241206 PS;SIMPLE_INSTRUMENT;EFS;EUR;68;133.51000000;485;EXCHANGE_LAST;;1;1;XEUR;10804524;688;
21.10.2024;12:10:15.786;FGBL SI 20241206 PS;SIMPLE_INSTRUMENT;EFS;EUR;69;133.32000000;510;EXCHANGE_LAST;;1;1;XEUR;10804524;688;
21.10.2024;12:12:50.901;FGBL SI 20241206 PS;SIMPLE_INSTRUMENT;EFS;EUR;70;133.31000000;426;EXCHANGE_LAST;;1;1;XEUR;10804524;688;
21.10.2024;12:12:55.906;FGBL SI 20241206 PS;SIMPLE_INSTRUMENT;EFS;EUR;71;133.31000000;256;EXCHANGE_LAST;;1;1;XEUR;10804524;688;
21.10.2024;12:18:19.773;FGBL SI 20241206 PS;SIMPLE_INSTRUMENT;EFS;EUR;72;133.34000000;388;EXCHANGE_LAST;;1;1;XEUR;10804524;688;
21.10.2024;12:26:05.663;FGBL SI 20241206 PS;SIMPLE_INSTRUMENT;EFS;EUR;73;133.33000000;500;EXCHANGE_LAST;;1;1;XEUR;10804524;688;
21.10.2024;12:41:50.386;FGBL SI 20241206 PS;SIMPLE_INSTRUMENT;EFP_FIN;EUR;74;133.38000000;850;EXCHANGE_LAST;;1;1;XEUR;10804524;688;
21.10.2024;12:50:14.043;FGBL SI 20241206 PS;SIMPLE_INSTRUMENT;EFP_FIN;EUR;75;133.36000000;1591;EXCHANGE_LAST;;1;1;XEUR;10804524;688;
21.10.2024;12:56:56.551;FGBL SI 20241206 PS;SIMPLE_INSTRUMENT;EFS;EUR;76;133.28000000;200;EXCHANGE_LAST;;1;1;XEUR;10804524;688;
21.10.2024;12:57:59.618;FGBL SI 20241206 PS;SIMPLE_INSTRUMENT;EFS;EUR;77;133.29000000;3055;EXCHANGE_LAST;;1;1;XEUR;10804524;688;
21.10.2024;13:02:22.101;FGBL SI 20241206 PS;SIMPLE_INSTRUMENT;EFS;EUR;78;133.29000000;598;EXCHANGE_LAST;;1;1;XEUR;10804524;688;
21.10.2024;13:08:56.619;FGBL SI 20241206 PS;SIMPLE_INSTRUMENT;EFS;EUR;79;133.39000000;970;EXCHANGE_LAST;;1;1;XEUR;10804524;688;
21.10.2024;13:10:16.173;FGBL SI 20241206 PS;SIMPLE_INSTRUMENT;EFS;EUR;80;133.29000000;425;EXCHANGE_LAST;;1;1;XEUR;10804524;688;
21.10.2024;13:39:32.911;FGBL SI 20241206 PS;SIMPLE_INSTRUMENT;EFS;EUR;81;133.25000000;250;EXCHANGE_LAST;;1;1;XEUR;10804524;688;
21.10.2024;13:39:44.894;FGBL SI 20241206 PS;SIMPLE_INSTRUMENT;EFS;EUR;82;133.26000000;146;EXCHANGE_LAST;;1;1;XEUR;10804524;688;
21.10.2024;13:46:47.700;FGBL SI 20241206 PS;SIMPLE_INSTRUMENT;EFP_FIN;EUR;83;133.26000000;850;EXCHANGE_LAST;;1;1;XEUR;10804524;688;
21.10.2024;13:47:22.803;FGBL SI 20241206 PS;SIMPLE_INSTRUMENT;EFS;EUR;84;133.27000000;447;EXCHANGE_LAST;;1;1;XEUR;10804524;688;
21.10.2024;13:59:01.193;FGBL SI 20241206 PS;SIMPLE_INSTRUMENT;EFP_FIN;EUR;85;133.38000000;850;EXCHANGE_LAST;;1;1;XEUR;10804524;688;
21.10.2024;14:00:13.130;FGBL SI 20241206 PS;SIMPLE_INSTRUMENT;EFS;EUR;86;133.22000000;426;EXCHANGE_LAST;;1;1;XEUR;10804524;688;
21.10.2024;14:05:01.140;FGBL SI 20241206 PS;SIMPLE_INSTRUMENT;EFS;EUR;87;133.23000000;180;EXCHANGE_LAST;;1;1;XEUR;10804524;688;
21.10.2024;14:05:59.156;FGBL SI 20241206 PS;SIMPLE_INSTRUMENT;EFS;EUR;88;133.22000000;213;EXCHANGE_LAST;;1;1;XEUR;10804524;688;
21.10.2024;14:07:21.763;FGBL SI 20241206 PS;SIMPLE_INSTRUMENT;EFS;EUR;89;133.21000000;583;EXCHANGE_LAST;;1;1;XEUR;10804524;688;
21.10.2024;14:11:03.819;FGBL SI 20241206 PS;SIMPLE_INSTRUMENT;EFS;EUR;90;133.25000000;486;EXCHANGE_LAST;;1;1;XEUR;10804524;688;
21.10.2024;14:26:32.968;FGBL SI 20241206 PS;SIMPLE_INSTRUMENT;EFP_FIN;EUR;91;133.20000000;1162;EXCHANGE_LAST;;1;1;XEUR;10804524;688;
21.10.2024;14:28:19.492;FGBL SI 20241206 PS;SIMPLE_INSTRUMENT;EFS;EUR;92;133.21000000;194;EXCHANGE_LAST;;1;1;XEUR;10804524;688;
21.10.2024;14:29:43.221;FGBL SI 20241206 PS;SIMPLE_INSTRUMENT;EFS;EUR;93;133.21000000;426;EXCHANGE_LAST;;1;1;XEUR;10804524;688;
21.10.2024;14:32:58.446;FGBL SI 20241206 PS;SIMPLE_INSTRUMENT;EFS;EUR;94;133.22000000;63;EXCHANGE_LAST;;1;1;XEUR;10804524;688;
21.10.2024;14:39:14.165;FGBL SI 20241206 PS;SIMPLE_INSTRUMENT;EFS;EUR;95;133.21000000;221;EXCHANGE_LAST;;1;1;XEUR;10804524;688;
21.10.2024;14:44:15.217;FGBL SI 20241206 PS;SIMPLE_INSTRUMENT;EFS;EUR;96;133.22000000;444;EXCHANGE_LAST;;1;1;XEUR;10804524;688;
21.10.2024;14:53:45.415;FGBL SI 20241206 PS;SIMPLE_INSTRUMENT;EFS;EUR;97;133.22000000;426;EXCHANGE_LAST;;1;1;XEUR;10804524;688;
21.10.2024;14:54:00.429;FGBL SI 20241206 PS;SIMPLE_INSTRUMENT;EFS;EUR;98;133.22000000;426;EXCHANGE_LAST;;1;1;XEUR;10804524;688;
21.10.2024;14:54:03.049;FGBL SI 20241206 PS;SIMPLE_INSTRUMENT;EFS;EUR;99;133.24000000;777;EXCHANGE_LAST;;1;1;XEUR;10804524;688;
21.10.2024;14:54:57.399;FGBL SI 20241206 PS;SIMPLE_INSTRUMENT;EFS;EUR;100;133.23000000;583;EXCHANGE_LAST;;1;1;XEUR;10804524;688;
21.10.2024;14:59:58.215;FGBL SI 20241206 PS;SIMPLE_INSTRUMENT;EFP_FIN;EUR;101;133.20000000;1162;EXCHANGE_LAST;;1;1;XEUR;10804524;688;
21.10.2024;15:04:12.414;FGBL SI 20241206 PS;SIMPLE_INSTRUMENT;EFS;EUR;102;133.19000000;243;EXCHANGE_LAST;;1;1;XEUR;10804524;688;
21.10.2024;15:11:26.790;FGBL SI 20241206 PS;SIMPLE_INSTRUMENT;EFS;EUR;104;133.21000000;268;EXCHANGE_LAST;;1;1;XEUR;10804524;688;
21.10.2024;15:18:04.517;FGBL SI 20241206 PS;SIMPLE_INSTRUMENT;EFS;EUR;105;133.21000000;226;EXCHANGE_LAST;;1;1;XEUR;10804524;688;
21.10.2024;15:18:28.407;FGBL SI 20241206 PS;SIMPLE_INSTRUMENT;EFS;EUR;106;133.16000000;213;EXCHANGE_LAST;;1;1;XEUR;10804524;688;
21.10.2024;15:20:55.005;FGBL SI 20241206 PS;SIMPLE_INSTRUMENT;EFS;EUR;107;133.21000000;223;EXCHANGE_LAST;;1;1;XEUR;10804524;688;
21.10.2024;15:21:13.537;FGBL SI 20241206 PS;SIMPLE_INSTRUMENT;EFS;EUR;108;133.16000000;213;EXCHANGE_LAST;;1;1;XEUR;10804524;688;
21.10.2024;15:24:39.506;FGBL SI 20241206 PS;SIMPLE_INSTRUMENT;EFS;EUR;109;133.27000000;486;EXCHANGE_LAST;;1;1;XEUR;10804524;688;
21.10.2024;15:25:14.814;FGBL SI 20241206 PS;SIMPLE_INSTRUMENT;EFS;EUR;110;133.17000000;213;EXCHANGE_LAST;;1;1;XEUR;10804524;688;
21.10.2024;15:25:52.998;FGBL SI 20241206 PS;SIMPLE_INSTRUMENT;EFS;EUR;111;133.17000000;213;EXCHANGE_LAST;;1;1;XEUR;10804524;688;
21.10.2024;15:27:43.835;FGBL SI 20241206 PS;SIMPLE_INSTRUMENT;EFS;EUR;112;133.19000000;225;EXCHANGE_LAST;;1;1;XEUR;10804524;688;
21.10.2024;15:28:08.054;FGBL SI 20241206 PS;SIMPLE_INSTRUMENT;EFS;EUR;113;133.19000000;425;EXCHANGE_LAST;;1;1;XEUR;10804524;688;
21.10.2024;15:29:38.543;FGBL SI 20241206 PS;SIMPLE_INSTRUMENT;EFS;EUR;114;133.16000000;213;EXCHANGE_LAST;;1;1;XEUR;10804524;688;
21.10.2024;15:29:56.371;FGBL SI 20241206 PS;SIMPLE_INSTRUMENT;EFS;EUR;115;133.15000000;213;EXCHANGE_LAST;;1;1;XEUR;10804524;688;
21.10.2024;15:36:42.232;FGBL SI 20241206 PS;SIMPLE_INSTRUMENT;EFS;EUR;116;133.19000000;226;EXCHANGE_LAST;;1;1;XEUR;10804524;688;
21.10.2024;15:39:22.838;FGBL SI 20241206 PS;SIMPLE_INSTRUMENT;EFS;EUR;117;133.23000000;1200;EXCHANGE_LAST;;1;1;XEUR;10804524;688;
21.10.2024;16:16:06.178;FGBL SI 20241206 PS;SIMPLE_INSTRUMENT;BLOCK;EUR;118;133.10000000;3500;EXCHANGE_LAST;;1;1;XEUR;10804524;688;
21.10.2024;16:21:59.465;FGBL SI 20241206 PS;SIMPLE_INSTRUMENT;EFS;EUR;119;133.11000000;425;EXCHANGE_LAST;;1;1;XEUR;10804524;688;
21.10.2024;16:26:45.673;FGBL SI 20241206 PS;SIMPLE_INSTRUMENT;EFS;EUR;120;133.11000000;425;EXCHANGE_LAST;;1;1;XEUR;10804524;688;
21.10.2024;07:41:57.935;FGBL SI 20241206 PS;SIMPLE_INSTRUMENT;VOLA;EUR;268435466;133.93000000;400;EXCHANGE_LAST;;1;1;XEUR;10804524;688;
21.10.2024;07:42:28.940;FGBL SI 20241206 PS;SIMPLE_INSTRUMENT;VOLA;EUR;268435467;133.93000000;35;EXCHANGE_LAST;;1;1;XEUR;10804524;688;
21.10.2024;09:07:25.090;FGBL SI 20241206 PS;SIMPLE_INSTRUMENT;VOLA;EUR;268435483;133.80000000;38;EXCHANGE_LAST;;1;1;XEUR;10804524;688;
21.10.2024;10:31:42.257;FGBL SI 20241206 PS;SIMPLE_INSTRUMENT;VOLA;EUR;268435497;133.65000000;53;EXCHANGE_LAST;;1;1;XEUR;10804524;688;
21.10.2024;11:04:57.731;FGBL SI 20241206 PS;SIMPLE_INSTRUMENT;VOLA;EUR;268435502;133.54000000;52;EXCHANGE_LAST;;1;1;XEUR;10804524;688;
21.10.2024;13:18:44.316;FGBL SI 20241206 PS;SIMPLE_INSTRUMENT;VOLA;EUR;268435526;133.25000000;30;EXCHANGE_LAST;;1;1;XEUR;10804524;688;
21.10.2024;14:21:25.131;FGBL SI 20241206 PS;SIMPLE_INSTRUMENT;VOLA;EUR;268435543;133.25000000;15;EXCHANGE_LAST;;1;1;XEUR;10804524;688;
21.10.2024;14:36:13.245;FGBL SI 20241206 PS;SIMPLE_INSTRUMENT;VOLA;EUR;268435548;133.25000000;36;EXCHANGE_LAST;;1;1;XEUR;10804524;688;
21.10.2024;14:47:24.708;FGBL SI 20241206 PS;SIMPLE_INSTRUMENT;VOLA;EUR;268435550;133.30000000;4;EXCHANGE_LAST;;1;1;XEUR;10804524;688;
21.10.2024;15:01:51.921;FGBL SI 20241206 PS;SIMPLE_INSTRUMENT;VOLA;EUR;268435554;133.22000000;60;EXCHANGE_LAST;;1;1;XEUR;10804524;688;
21.10.2024;15:12:31.269;FGBL SI 20241206 PS;SIMPLE_INSTRUMENT;VOLA;EUR;268435556;133.19000000;160;EXCHANGE_LAST;;1;1;XEUR;10804524;688;
21.10.2024;15:49:10.733;FGBL SI 20241206 PS;SIMPLE_INSTRUMENT;VOLA;EUR;268435578;133.18000000;68;EXCHANGE_LAST;;1;1;XEUR;10804524;688;
21.10.2024;15:49:45.736;FGBL SI 20241206 PS;SIMPLE_INSTRUMENT;VOLA;EUR;268435580;133.18000000;103;EXCHANGE_LAST;;1;1;XEUR;10804524;688;
21.10.2024;15:52:03.745;FGBL SI 20241206 PS;SIMPLE_INSTRUMENT;VOLA;EUR;268435581;133.18000000;68;EXCHANGE_LAST;;1;1;XEUR;10804524;688;
21.10.2024;15:50:40.933;FGBL SI 20241206 PS;SIMPLE_INSTRUMENT;VOLA;EUR;268435582;133.17000000;363;EXCHANGE_LAST;;1;1;XEUR;10804524;688;
21.10.2024;15:51:44.744;FGBL SI 20241206 PS;SIMPLE_INSTRUMENT;VOLA;EUR;268435584;133.18000000;103;EXCHANGE_LAST;;1;1;XEUR;10804524;688;
21.10.2024;16:16:40.827;FGBL SI 20241206 PS;SIMPLE_INSTRUMENT;VOLA;EUR;268435585;133.18000000;90;EXCHANGE_LAST;;1;1;XEUR;10804524;688;
21.10.2024;16:16:33.826;FGBL SI 20241206 PS;SIMPLE_INSTRUMENT;VOLA;EUR;268435586;133.18000000;138;EXCHANGE_LAST;;1;1;XEUR;10804524;688;
21.10.2024;07:15:32.361;FGBM SI 20241206 PS;SIMPLE_INSTRUMENT;EFS;EUR;1;119.49000000;848;EXCHANGE_LAST;;1;1;XEUR;10804525;689;
21.10.2024;07:34:16.165;FGBM SI 20241206 PS;SIMPLE_INSTRUMENT;EFS;EUR;2;119.46000000;423;EXCHANGE_LAST;;1;1;XEUR;10804525;689;
21.10.2024;07:36:59.198;FGBM SI 20241206 PS;SIMPLE_INSTRUMENT;EFS;EUR;3;119.49000000;1384;EXCHANGE_LAST;;1;1;XEUR;10804525;689;
21.10.2024;07:44:10.726;FGBM SI 20241206 PS;SIMPLE_INSTRUMENT;EFS;EUR;4;119.49000000;238;EXCHANGE_LAST;;1;1;XEUR;10804525;689;
21.10.2024;07:45:59.721;FGBM SI 20241206 PS;SIMPLE_INSTRUMENT;EFS;EUR;5;119.45000000;1385;EXCHANGE_LAST;;1;1;XEUR;10804525;689;
21.10.2024;07:50:17.016;FGBM SI 20241206 PS;SIMPLE_INSTRUMENT;EFS;EUR;6;119.51000000;805;EXCHANGE_LAST;;1;1;XEUR;10804525;689;
21.10.2024;07:51:00.149;FGBM SI 20241206 PS;SIMPLE_INSTRUMENT;EFS;EUR;7;119.49000000;461;EXCHANGE_LAST;;1;1;XEUR;10804525;689;
21.10.2024;07:57:56.379;FGBM SI 20241206 PS;SIMPLE_INSTRUMENT;EFS;EUR;8;119.48000000;686;EXCHANGE_LAST;;1;1;XEUR;10804525;689;
21.10.2024;07:58:16.402;FGBM SI 20241206 PS;SIMPLE_INSTRUMENT;EFS;EUR;9;119.48000000;1371;EXCHANGE_LAST;;1;1;XEUR;10804525;689;
21.10.2024;08:07:42.022;FGBM SI 20241206 PS;SIMPLE_INSTRUMENT;EFS;EUR;10;119.49000000;636;EXCHANGE_LAST;;1;1;XEUR;10804525;689;
21.10.2024;08:10:52.000;FGBM SI 20241206 PS;SIMPLE_INSTRUMENT;EFP_FIN;EUR;11;119.48000000;531;EXCHANGE_LAST;;1;1;XEUR;10804525;689;
21.10.2024;08:22:20.239;FGBM SI 20241206 PS;SIMPLE_INSTRUMENT;EFS;EUR;12;119.44000000;1847;EXCHANGE_LAST;;1;1;XEUR;10804525;689;
21.10.2024;08:22:36.438;FGBM SI 20241206 PS;SIMPLE_INSTRUMENT;EFS;EUR;13;119.44000000;1847;EXCHANGE_LAST;;1;1;XEUR;10804525;689;
21.10.2024;08:24:51.247;FGBM SI 20241206 PS;SIMPLE_INSTRUMENT;EFS;EUR;14;119.46000000;1385;EXCHANGE_LAST;;1;1;XEUR;10804525;689;
21.10.2024;08:25:31.261;FGBM SI 20241206 PS;SIMPLE_INSTRUMENT;EFS;EUR;15;119.43000000;425;EXCHANGE_LAST;;1;1;XEUR;10804525;689;
21.10.2024;08:28:46.370;FGBM SI 20241206 PS;SIMPLE_INSTRUMENT;EFS;EUR;16;119.45000000;423;EXCHANGE_LAST;;1;1;XEUR;10804525;689;
21.10.2024;08:31:57.374;FGBM SI 20241206 PS;SIMPLE_INSTRUMENT;EFS;EUR;17;119.47000000;1385;EXCHANGE_LAST;;1;1;XEUR;10804525;689;
21.10.2024;08:34:22.268;FGBM SI 20241206 PS;SIMPLE_INSTRUMENT;EFS;EUR;18;119.44000000;1850;EXCHANGE_LAST;;1;1;XEUR;10804525;689;
21.10.2024;08:35:06.656;FGBM SI 20241206 PS;SIMPLE_INSTRUMENT;EFP_FIN;EUR;19;119.43000000;721;EXCHANGE_LAST;;1;1;XEUR;10804525;689;
21.10.2024;08:38:45.247;FGBM SI 20241206 PS;SIMPLE_INSTRUMENT;EFP_FIN;EUR;20;119.41000000;280;EXCHANGE_LAST;;1;1;XEUR;10804525;689;
21.10.2024;08:40:23.191;FGBM SI 20241206 PS;SIMPLE_INSTRUMENT;EFP_FIN;EUR;21;119.44000000;92;EXCHANGE_LAST;;1;1;XEUR;10804525;689;
21.10.2024;08:41:14.781;FGBM SI 20241206 PS;SIMPLE_INSTRUMENT;EFP_FIN;EUR;22;119.44000000;99;EXCHANGE_LAST;;1;1;XEUR;10804525;689;
21.10.2024;08:41:22.073;FGBM SI 20241206 PS;SIMPLE_INSTRUMENT;EFP_FIN;EUR;23;119.44000000;708;EXCHANGE_LAST;;1;1;XEUR;10804525;689;
21.10.2024;08:46:56.433;FGBM SI 20241206 PS;SIMPLE_INSTRUMENT;EFS;EUR;24;119.38000000;849;EXCHANGE_LAST;;1;1;XEUR;10804525;689;
21.10.2024;08:57:14.100;FGBM SI 20241206 PS;SIMPLE_INSTRUMENT;EFP_FIN;EUR;25;119.35000000;354;EXCHANGE_LAST;;1;1;XEUR;10804525;689;
21.10.2024;09:03:22.302;FGBM SI 20241206 PS;SIMPLE_INSTRUMENT;EFP_FIN;EUR;26;119.34000000;283;EXCHANGE_LAST;;1;1;XEUR;10804525;689;
21.10.2024;09:07:26.019;FGBM SI 20241206 PS;SIMPLE_INSTRUMENT;EFS;EUR;27;119.44000000;37;EXCHANGE_LAST;;1;1;XEUR;10804525;689;
21.10.2024;09:21:29.733;FGBM SI 20241206 PS;SIMPLE_INSTRUMENT;EFP_FIN;EUR;28;119.35000000;85;EXCHANGE_LAST;;1;1;XEUR;10804525;689;
21.10.2024;09:22:03.689;FGBM SI 20241206 PS;SIMPLE_INSTRUMENT;EFP_FIN;EUR;29;119.35000000;104;EXCHANGE_LAST;;1;1;XEUR;10804525;689;
21.10.2024;09:23:12.501;FGBM SI 20241206 PS;SIMPLE_INSTRUMENT;EFP_FIN;EUR;30;119.35000000;133;EXCHANGE_LAST;;1;1;XEUR;10804525;689;
21.10.2024;09:24:24.732;FGBM SI 20241206 PS;SIMPLE_INSTRUMENT;EFS;EUR;31;119.28000000;849;EXCHANGE_LAST;;1;1;XEUR;10804525;689;
21.10.2024;09:25:07.171;FGBM SI 20241206 PS;SIMPLE_INSTRUMENT;EFP_FIN;EUR;32;119.44000000;206;EXCHANGE_LAST;;1;1;XEUR;10804525;689;
21.10.2024;09:26:25.740;FGBM SI 20241206 PS;SIMPLE_INSTRUMENT;EFS;EUR;33;119.27000000;423;EXCHANGE_LAST;;1;1;XEUR;10804525;689;
21.10.2024;09:53:31.834;FGBM SI 20241206 PS;SIMPLE_INSTRUMENT;EFS;EUR;34;119.34000000;423;EXCHANGE_LAST;;1;1;XEUR;10804525;689;
21.10.2024;09:56:27.567;FGBM SI 20241206 PS;SIMPLE_INSTRUMENT;EFS;EUR;35;119.30000000;425;EXCHANGE_LAST;;1;1;XEUR;10804525;689;
21.10.2024;09:59:53.153;FGBM SI 20241206 PS;SIMPLE_INSTRUMENT;EFP_FIN;EUR;36;119.30000000;303;EXCHANGE_LAST;;1;1;XEUR;10804525;689;
21.10.2024;10:10:30.818;FGBM SI 20241206 PS;SIMPLE_INSTRUMENT;EFP_FIN;EUR;37;119.36000000;354;EXCHANGE_LAST;;1;1;XEUR;10804525;689;
21.10.2024;10:03:35.407;FGBM SI 20241206 PS;SIMPLE_INSTRUMENT;EFP_FIN;EUR;38;119.28000000;212;EXCHANGE_LAST;;1;1;XEUR;10804525;689;
21.10.2024;10:13:49.770;FGBM SI 20241206 PS;SIMPLE_INSTRUMENT;EFP_FIN;EUR;39;119.28000000;1470;EXCHANGE_LAST;;1;1;XEUR;10804525;689;
21.10.2024;10:22:56.476;FGBM SI 20241206 PS;SIMPLE_INSTRUMENT;EFS;EUR;40;119.25000000;1295;EXCHANGE_LAST;;1;1;XEUR;10804525;689;
21.10.2024;10:25:15.376;FGBM SI 20241206 PS;SIMPLE_INSTRUMENT;EFP_FIN;EUR;41;119.30000000;303;EXCHANGE_LAST;;1;1;XEUR;10804525;689;
21.10.2024;10:56:17.714;FGBM SI 20241206 PS;SIMPLE_INSTRUMENT;EFS;EUR;42;119.22000000;850;EXCHANGE_LAST;;1;1;XEUR;10804525;689;
21.10.2024;11:07:32.163;FGBM SI 20241206 PS;SIMPLE_INSTRUMENT;EFP_FIN;EUR;43;119.22000000;206;EXCHANGE_LAST;;1;1;XEUR;10804525;689;
21.10.2024;11:29:22.561;FGBM SI 20241206 PS;SIMPLE_INSTRUMENT;EFP_FIN;EUR;44;119.21000000;1285;EXCHANGE_LAST;;1;1;XEUR;10804525;689;
21.10.2024;11:32:35.381;FGBM SI 20241206 PS;SIMPLE_INSTRUMENT;EFP_FIN;EUR;45;119.19000000;857;EXCHANGE_LAST;;1;1;XEUR;10804525;689;
21.10.2024;11:32:00.113;FGBM SI 20241206 PS;SIMPLE_INSTRUMENT;EFS;EUR;46;119.20000000;463;EXCHANGE_LAST;;1;1;XEUR;10804525;689;
21.10.2024;11:32:05.027;FGBM SI 20241206 PS;SIMPLE_INSTRUMENT;EFP_FIN;EUR;47;119.21000000;204;EXCHANGE_LAST;;1;1;XEUR;10804525;689;
21.10.2024;11:32:24.656;FGBM SI 20241206 PS;SIMPLE_INSTRUMENT;EFP_FIN;EUR;48;119.21000000;133;EXCHANGE_LAST;;1;1;XEUR;10804525;689;
21.10.2024;11:32:43.141;FGBM SI 20241206 PS;SIMPLE_INSTRUMENT;EFP_FIN;EUR;49;119.21000000;133;EXCHANGE_LAST;;1;1;XEUR;10804525;689;
21.10.2024;11:46:49.961;FGBM SI 20241206 PS;SIMPLE_INSTRUMENT;EFS;EUR;50;119.16000000;1852;EXCHANGE_LAST;;1;1;XEUR;10804525;689;
21.10.2024;11:49:14.426;FGBM SI 20241206 PS;SIMPLE_INSTRUMENT;EFS;EUR;51;119.16000000;1852;EXCHANGE_LAST;;1;1;XEUR;10804525;689;
21.10.2024;12:00:16.767;FGBM SI 20241206 PS;SIMPLE_INSTRUMENT;EFS;EUR;52;119.16000000;852;EXCHANGE_LAST;;1;1;XEUR;10804525;689;
21.10.2024;12:15:45.492;FGBM SI 20241206 PS;SIMPLE_INSTRUMENT;EFS;EUR;53;119.14000000;1852;EXCHANGE_LAST;;1;1;XEUR;10804525;689;
21.10.2024;12:17:09.823;FGBM SI 20241206 PS;SIMPLE_INSTRUMENT;EFS;EUR;54;119.14000000;926;EXCHANGE_LAST;;1;1;XEUR;10804525;689;
21.10.2024;12:19:57.174;FGBM SI 20241206 PS;SIMPLE_INSTRUMENT;EFS;EUR;55;119.15000000;926;EXCHANGE_LAST;;1;1;XEUR;10804525;689;
21.10.2024;12:21:40.246;FGBM SI 20241206 PS;SIMPLE_INSTRUMENT;EFS;EUR;56;119.14000000;926;EXCHANGE_LAST;;1;1;XEUR;10804525;689;
21.10.2024;12:32:19.471;FGBM SI 20241206 PS;SIMPLE_INSTRUMENT;EFP_FIN;EUR;57;119.16000000;275;EXCHANGE_LAST;;1;1;XEUR;10804525;689;
21.10.2024;12:32:40.225;FGBM SI 20241206 PS;SIMPLE_INSTRUMENT;EFS;EUR;58;119.17000000;424;EXCHANGE_LAST;;1;1;XEUR;10804525;689;
21.10.2024;12:38:49.926;FGBM SI 20241206 PS;SIMPLE_INSTRUMENT;EFS;EUR;59;119.16000000;852;EXCHANGE_LAST;;1;1;XEUR;10804525;689;
21.10.2024;12:51:02.165;FGBM SI 20241206 PS;SIMPLE_INSTRUMENT;EFP_FIN;EUR;60;119.15000000;1284;EXCHANGE_LAST;;1;1;XEUR;10804525;689;
21.10.2024;12:54:54.679;FGBM SI 20241206 PS;SIMPLE_INSTRUMENT;EFP_FIN;EUR;61;119.12000000;856;EXCHANGE_LAST;;1;1;XEUR;10804525;689;
21.10.2024;12:56:29.646;FGBM SI 20241206 PS;SIMPLE_INSTRUMENT;EFS;EUR;62;119.12000000;425;EXCHANGE_LAST;;1;1;XEUR;10804525;689;
21.10.2024;12:56:44.660;FGBM SI 20241206 PS;SIMPLE_INSTRUMENT;EFS;EUR;63;119.12000000;850;EXCHANGE_LAST;;1;1;XEUR;10804525;689;
21.10.2024;12:58:08.745;FGBM SI 20241206 PS;SIMPLE_INSTRUMENT;EFP_FIN;EUR;64;119.12000000;856;EXCHANGE_LAST;;1;1;XEUR;10804525;689;
21.10.2024;13:06:02.492;FGBM SI 20241206 PS;SIMPLE_INSTRUMENT;EFS;EUR;65;119.10000000;425;EXCHANGE_LAST;;1;1;XEUR;10804525;689;
21.10.2024;13:07:49.534;FGBM SI 20241206 PS;SIMPLE_INSTRUMENT;EFS;EUR;66;119.12000000;4267;EXCHANGE_LAST;;1;1;XEUR;10804525;689;
21.10.2024;13:09:48.748;FGBM SI 20241206 PS;SIMPLE_INSTRUMENT;EFS;EUR;67;119.18000000;1852;EXCHANGE_LAST;;1;1;XEUR;10804525;689;
21.10.2024;13:10:39.205;FGBM SI 20241206 PS;SIMPLE_INSTRUMENT;EFS;EUR;68;119.13000000;926;EXCHANGE_LAST;;1;1;XEUR;10804525;689;
21.10.2024;13:12:39.601;FGBM SI 20241206 PS;SIMPLE_INSTRUMENT;EFS;EUR;69;119.12000000;1853;EXCHANGE_LAST;;1;1;XEUR;10804525;689;
21.10.2024;13:22:48.737;FGBM SI 20241206 PS;SIMPLE_INSTRUMENT;EFP_FIN;EUR;70;119.16000000;428;EXCHANGE_LAST;;1;1;XEUR;10804525;689;
21.10.2024;13:25:36.656;FGBM SI 20241206 PS;SIMPLE_INSTRUMENT;EFS;EUR;71;119.11000000;851;EXCHANGE_LAST;;1;1;XEUR;10804525;689;
21.10.2024;13:46:44.490;FGBM SI 20241206 PS;SIMPLE_INSTRUMENT;EFP_FIN;EUR;73;119.11000000;451;EXCHANGE_LAST;;1;1;XEUR;10804525;689;
21.10.2024;13:51:00.148;FGBM SI 20241206 PS;SIMPLE_INSTRUMENT;EFP_FIN;EUR;74;119.10000000;540;EXCHANGE_LAST;;1;1;XEUR;10804525;689;
21.10.2024;13:56:45.343;FGBM SI 20241206 PS;SIMPLE_INSTRUMENT;EFP_FIN;EUR;75;119.09000000;192;EXCHANGE_LAST;;1;1;XEUR;10804525;689;
21.10.2024;13:58:32.001;FGBM SI 20241206 PS;SIMPLE_INSTRUMENT;EFP_FIN;EUR;76;119.12000000;470;EXCHANGE_LAST;;1;1;XEUR;10804525;689;
21.10.2024;14:02:56.227;FGBM SI 20241206 PS;SIMPLE_INSTRUMENT;EFS;EUR;77;119.06000000;849;EXCHANGE_LAST;;1;1;XEUR;10804525;689;
21.10.2024;14:06:12.758;FGBM SI 20241206 PS;SIMPLE_INSTRUMENT;EFS;EUR;78;119.04000000;1112;EXCHANGE_LAST;;1;1;XEUR;10804525;689;
21.10.2024;14:11:09.640;FGBM SI 20241206 PS;SIMPLE_INSTRUMENT;EFS;EUR;79;119.07000000;1698;EXCHANGE_LAST;;1;1;XEUR;10804525;689;
21.10.2024;14:11:53.777;FGBM SI 20241206 PS;SIMPLE_INSTRUMENT;EFS;EUR;80;119.05000000;927;EXCHANGE_LAST;;1;1;XEUR;10804525;689;
21.10.2024;14:20:09.305;FGBM SI 20241206 PS;SIMPLE_INSTRUMENT;EFS;EUR;81;119.05000000;927;EXCHANGE_LAST;;1;1;XEUR;10804525;689;
21.10.2024;14:23:08.008;FGBM SI 20241206 PS;SIMPLE_INSTRUMENT;EFS;EUR;82;119.05000000;1391;EXCHANGE_LAST;;1;1;XEUR;10804525;689;
21.10.2024;14:26:18.071;FGBM SI 20241206 PS;SIMPLE_INSTRUMENT;EFS;EUR;83;119.05000000;464;EXCHANGE_LAST;;1;1;XEUR;10804525;689;
21.10.2024;14:26:38.368;FGBM SI 20241206 PS;SIMPLE_INSTRUMENT;EFS;EUR;84;119.04000000;1391;EXCHANGE_LAST;;1;1;XEUR;10804525;689;
21.10.2024;14:29:43.176;FGBM SI 20241206 PS;SIMPLE_INSTRUMENT;EFS;EUR;85;119.05000000;805;EXCHANGE_LAST;;1;1;XEUR;10804525;689;
21.10.2024;14:34:01.493;FGBM SI 20241206 PS;SIMPLE_INSTRUMENT;EFS;EUR;86;119.06000000;513;EXCHANGE_LAST;;1;1;XEUR;10804525;689;
21.10.2024;14:35:53.591;FGBM SI 20241206 PS;SIMPLE_INSTRUMENT;EFS;EUR;87;119.05000000;638;EXCHANGE_LAST;;1;1;XEUR;10804525;689;
21.10.2024;14:36:13.618;FGBM SI 20241206 PS;SIMPLE_INSTRUMENT;EFS;EUR;88;119.05000000;638;EXCHANGE_LAST;;1;1;XEUR;10804525;689;
21.10.2024;14:39:14.828;FGBM SI 20241206 PS;SIMPLE_INSTRUMENT;EFS;EUR;89;119.06000000;782;EXCHANGE_LAST;;1;1;XEUR;10804525;689;
21.10.2024;14:41:53.292;FGBM SI 20241206 PS;SIMPLE_INSTRUMENT;EFS;EUR;90;119.06000000;425;EXCHANGE_LAST;;1;1;XEUR;10804525;689;
21.10.2024;14:43:07.961;FGBM SI 20241206 PS;SIMPLE_INSTRUMENT;EFS;EUR;91;119.07000000;1854;EXCHANGE_LAST;;1;1;XEUR;10804525;689;
21.10.2024;14:52:22.439;FGBM SI 20241206 PS;SIMPLE_INSTRUMENT;EFS;EUR;92;119.07000000;1591;EXCHANGE_LAST;;1;1;XEUR;10804525;689;
21.10.2024;14:52:54.113;FGBM SI 20241206 PS;SIMPLE_INSTRUMENT;EFS;EUR;93;119.07000000;1483;EXCHANGE_LAST;;1;1;XEUR;10804525;689;
21.10.2024;14:56:19.558;FGBM SI 20241206 PS;SIMPLE_INSTRUMENT;EFS;EUR;94;119.06000000;1112;EXCHANGE_LAST;;1;1;XEUR;10804525;689;
21.10.2024;14:57:16.111;FGBM SI 20241206 PS;SIMPLE_INSTRUMENT;EFS;EUR;95;119.06000000;928;EXCHANGE_LAST;;1;1;XEUR;10804525;689;
21.10.2024;15:01:53.356;FGBM SI 20241206 PS;SIMPLE_INSTRUMENT;EFS;EUR;96;119.06000000;927;EXCHANGE_LAST;;1;1;XEUR;10804525;689;
21.10.2024;15:08:17.722;FGBM SI 20241206 PS;SIMPLE_INSTRUMENT;EFS;EUR;97;119.05000000;425;EXCHANGE_LAST;;1;1;XEUR;10804525;689;
21.10.2024;15:08:59.673;FGBM SI 20241206 PS;SIMPLE_INSTRUMENT;EFS;EUR;98;119.05000000;464;EXCHANGE_LAST;;1;1;XEUR;10804525;689;
21.10.2024;15:13:48.565;FGBM SI 20241206 PS;SIMPLE_INSTRUMENT;EFS;EUR;99;119.04000000;849;EXCHANGE_LAST;;1;1;XEUR;10804525;689;
21.10.2024;15:14:32.900;FGBM SI 20241206 PS;SIMPLE_INSTRUMENT;EFS;EUR;100;119.02000000;848;EXCHANGE_LAST;;1;1;XEUR;10804525;689;
21.10.2024;15:20:03.341;FGBM SI 20241206 PS;SIMPLE_INSTRUMENT;EFS;EUR;101;119.06000000;426;EXCHANGE_LAST;;1;1;XEUR;10804525;689;
21.10.2024;15:20:14.906;FGBM SI 20241206 PS;SIMPLE_INSTRUMENT;EFS;EUR;102;119.03000000;848;EXCHANGE_LAST;;1;1;XEUR;10804525;689;
21.10.2024;15:26:56.704;FGBM SI 20241206 PS;SIMPLE_INSTRUMENT;EFS;EUR;103;119.04000000;212;EXCHANGE_LAST;;1;1;XEUR;10804525;689;
21.10.2024;15:27:13.811;FGBM SI 20241206 PS;SIMPLE_INSTRUMENT;EFS;EUR;104;119.05000000;425;EXCHANGE_LAST;;1;1;XEUR;10804525;689;
21.10.2024;15:30:42.011;FGBM SI 20241206 PS;SIMPLE_INSTRUMENT;EFS;EUR;105;119.04000000;212;EXCHANGE_LAST;;1;1;XEUR;10804525;689;
21.10.2024;15:38:14.247;FGBM SI 20241206 PS;SIMPLE_INSTRUMENT;EFS;EUR;106;119.06000000;400;EXCHANGE_LAST;;1;1;XEUR;10804525;689;
21.10.2024;15:45:13.596;FGBM SI 20241206 PS;SIMPLE_INSTRUMENT;EFS;EUR;107;119.05000000;464;EXCHANGE_LAST;;1;1;XEUR;10804525;689;
21.10.2024;07:17:31.402;FGBM SI 20241206 PS;SIMPLE_INSTRUMENT;VOLA;EUR;268435458;119.51000000;320;EXCHANGE_LAST;;1;1;XEUR;10804525;689;
21.10.2024;06:37:11.248;FGBS SI 20241206 PS;SIMPLE_INSTRUMENT;EFS;EUR;1;107.00500000;2712;EXCHANGE_LAST;;1;1;XEUR;10804527;690;
21.10.2024;07:12:25.399;FGBS SI 20241206 PS;SIMPLE_INSTRUMENT;EFS;EUR;4;106.98500000;933;EXCHANGE_LAST;;1;1;XEUR;10804527;690;
21.10.2024;07:41:46.821;FGBS SI 20241206 PS;SIMPLE_INSTRUMENT;BLOCK;EUR;7;106.98500000;9997;EXCHANGE_LAST;;1;1;XEUR;10804527;690;
21.10.2024;07:48:24.286;FGBS SI 20241206 PS;SIMPLE_INSTRUMENT;EFP_FIN;EUR;8;106.96000000;473;EXCHANGE_LAST;;1;1;XEUR;10804527;690;
21.10.2024;07:49:57.828;FGBS SI 20241206 PS;SIMPLE_INSTRUMENT;EFP_FIN;EUR;9;106.96000000;473;EXCHANGE_LAST;;1;1;XEUR;10804527;690;
21.10.2024;08:06:58.090;FGBS SI 20241206 PS;SIMPLE_INSTRUMENT;EFP_FIN;EUR;11;106.98000000;946;EXCHANGE_LAST;;1;1;XEUR;10804527;690;
21.10.2024;08:14:37.136;FGBS SI 20241206 PS;SIMPLE_INSTRUMENT;EFP_FIN;EUR;12;106.98000000;687;EXCHANGE_LAST;;1;1;XEUR;10804527;690;
21.10.2024;08:29:54.824;FGBS SI 20241206 PS;SIMPLE_INSTRUMENT;EFS;EUR;13;106.97000000;2500;EXCHANGE_LAST;;1;1;XEUR;10804527;690;
21.10.2024;08:52:41.506;FGBS SI 20241206 PS;SIMPLE_INSTRUMENT;EFP_FIN;EUR;15;106.94500000;473;EXCHANGE_LAST;;1;1;XEUR;10804527;690;
21.10.2024;08:56:33.499;FGBS SI 20241206 PS;SIMPLE_INSTRUMENT;EFS;EUR;16;106.95000000;10002;EXCHANGE_LAST;;1;1;XEUR;10804527;690;
21.10.2024;09:01:20.861;FGBS SI 20241206 PS;SIMPLE_INSTRUMENT;EFP_FIN;EUR;18;106.94000000;946;EXCHANGE_LAST;;1;1;XEUR;10804527;690;
21.10.2024;09:03:03.276;FGBS SI 20241206 PS;SIMPLE_INSTRUMENT;EFP_FIN;EUR;19;106.93500000;473;EXCHANGE_LAST;;1;1;XEUR;10804527;690;
21.10.2024;09:08:30.346;FGBS SI 20241206 PS;SIMPLE_INSTRUMENT;EFS;EUR;20;106.93000000;2501;EXCHANGE_LAST;;1;1;XEUR;10804527;690;
21.10.2024;09:09:58.479;FGBS SI 20241206 PS;SIMPLE_INSTRUMENT;EFP_FIN;EUR;21;106.92500000;236;EXCHANGE_LAST;;1;1;XEUR;10804527;690;
21.10.2024;09:11:27.992;FGBS SI 20241206 PS;SIMPLE_INSTRUMENT;EFS;EUR;23;106.92000000;1629;EXCHANGE_LAST;;1;1;XEUR;10804527;690;
21.10.2024;09:13:33.026;FGBS SI 20241206 PS;SIMPLE_INSTRUMENT;EFS;EUR;24;106.94000000;4071;EXCHANGE_LAST;;1;1;XEUR;10804527;690;
21.10.2024;09:17:23.465;FGBS SI 20241206 PS;SIMPLE_INSTRUMENT;EFS;EUR;25;106.92500000;2715;EXCHANGE_LAST;;1;1;XEUR;10804527;690;
21.10.2024;09:24:28.473;FGBS SI 20241206 PS;SIMPLE_INSTRUMENT;EFP_FIN;EUR;26;106.94000000;236;EXCHANGE_LAST;;1;1;XEUR;10804527;690;
21.10.2024;09:25:32.749;FGBS SI 20241206 PS;SIMPLE_INSTRUMENT;EFS;EUR;27;106.92500000;1629;EXCHANGE_LAST;;1;1;XEUR;10804527;690;
21.10.2024;09:42:56.322;FGBS SI 20241206 PS;SIMPLE_INSTRUMENT;EFS;EUR;29;106.98000000;4999;EXCHANGE_LAST;;1;1;XEUR;10804527;690;
21.10.2024;10:21:10.369;FGBS SI 20241206 PS;SIMPLE_INSTRUMENT;EFP_FIN;EUR;30;106.92000000;1276;EXCHANGE_LAST;;1;1;XEUR;10804527;690;
21.10.2024;10:27:38.812;FGBS SI 20241206 PS;SIMPLE_INSTRUMENT;EFS;EUR;31;106.92000000;1631;EXCHANGE_LAST;;1;1;XEUR;10804527;690;
21.10.2024;10:29:03.393;FGBS SI 20241206 PS;SIMPLE_INSTRUMENT;EFP_FIN;EUR;32;106.91000000;625;EXCHANGE_LAST;;1;1;XEUR;10804527;690;
21.10.2024;10:34:35.027;FGBS SI 20241206 PS;SIMPLE_INSTRUMENT;EFS;EUR;33;106.91000000;2499;EXCHANGE_LAST;;1;1;XEUR;10804527;690;
21.10.2024;10:37:03.216;FGBS SI 20241206 PS;SIMPLE_INSTRUMENT;EFP_FIN;EUR;34;106.90500000;378;EXCHANGE_LAST;;1;1;XEUR;10804527;690;
21.10.2024;11:00:23.007;FGBS SI 20241206 PS;SIMPLE_INSTRUMENT;EFP_FIN;EUR;35;106.90000000;330;EXCHANGE_LAST;;1;1;XEUR;10804527;690;
21.10.2024;11:00:33.709;FGBS SI 20241206 PS;SIMPLE_INSTRUMENT;EFP_FIN;EUR;36;106.90000000;83;EXCHANGE_LAST;;1;1;XEUR;10804527;690;
21.10.2024;11:08:42.616;FGBS SI 20241206 PS;SIMPLE_INSTRUMENT;EFS;EUR;37;106.89000000;4509;EXCHANGE_LAST;;1;1;XEUR;10804527;690;
21.10.2024;11:27:32.560;FGBS SI 20241206 PS;SIMPLE_INSTRUMENT;EFS;EUR;39;106.89000000;2716;EXCHANGE_LAST;;1;1;XEUR;10804527;690;
21.10.2024;11:27:40.708;FGBS SI 20241206 PS;SIMPLE_INSTRUMENT;EFS;EUR;40;106.89500000;1358;EXCHANGE_LAST;;1;1;XEUR;10804527;690;
21.10.2024;11:31:18.478;FGBS SI 20241206 PS;SIMPLE_INSTRUMENT;EFS;EUR;41;106.89000000;2504;EXCHANGE_LAST;;1;1;XEUR;10804527;690;
21.10.2024;11:40:10.323;FGBS SI 20241206 PS;SIMPLE_INSTRUMENT;EFS;EUR;42;106.88000000;1358;EXCHANGE_LAST;;1;1;XEUR;10804527;690;
21.10.2024;11:45:14.339;FGBS SI 20241206 PS;SIMPLE_INSTRUMENT;EFS;EUR;43;106.87000000;1252;EXCHANGE_LAST;;1;1;XEUR;10804527;690;
21.10.2024;11:52:06.022;FGBS SI 20241206 PS;SIMPLE_INSTRUMENT;EFS;EUR;44;106.88000000;2504;EXCHANGE_LAST;;1;1;XEUR;10804527;690;
21.10.2024;12:32:00.015;FGBS SI 20241206 PS;SIMPLE_INSTRUMENT;EFS;EUR;45;106.88000000;2503;EXCHANGE_LAST;;1;1;XEUR;10804527;690;
21.10.2024;12:35:09.497;FGBS SI 20241206 PS;SIMPLE_INSTRUMENT;EFP_FIN;EUR;46;106.87000000;868;EXCHANGE_LAST;;1;1;XEUR;10804527;690;
21.10.2024;12:44:20.150;FGBS SI 20241206 PS;SIMPLE_INSTRUMENT;EFS;EUR;47;106.89000000;1359;EXCHANGE_LAST;;1;1;XEUR;10804527;690;
21.10.2024;12:53:30.174;FGBS SI 20241206 PS;SIMPLE_INSTRUMENT;EFS;EUR;48;106.88000000;4076;EXCHANGE_LAST;;1;1;XEUR;10804527;690;
21.10.2024;12:55:29.286;FGBS SI 20241206 PS;SIMPLE_INSTRUMENT;EFS;EUR;49;106.86500000;4076;EXCHANGE_LAST;;1;1;XEUR;10804527;690;
21.10.2024;12:57:28.433;FGBS SI 20241206 PS;SIMPLE_INSTRUMENT;EFS;EUR;50;106.87000000;4076;EXCHANGE_LAST;;1;1;XEUR;10804527;690;
21.10.2024;13:06:32.173;FGBS SI 20241206 PS;SIMPLE_INSTRUMENT;EFP_FIN;EUR;51;106.87500000;2081;EXCHANGE_LAST;;1;1;XEUR;10804527;690;
21.10.2024;13:24:02.958;FGBS SI 20241206 PS;SIMPLE_INSTRUMENT;EFS;EUR;52;106.85500000;2174;EXCHANGE_LAST;;1;1;XEUR;10804527;690;
21.10.2024;13:26:17.264;FGBS SI 20241206 PS;SIMPLE_INSTRUMENT;EFP_FIN;EUR;53;106.86000000;500;EXCHANGE_LAST;;1;1;XEUR;10804527;690;
21.10.2024;13:30:11.053;FGBS SI 20241206 PS;SIMPLE_INSTRUMENT;EFP_FIN;EUR;55;106.86500000;473;EXCHANGE_LAST;;1;1;XEUR;10804527;690;
21.10.2024;13:40:35.431;FGBS SI 20241206 PS;SIMPLE_INSTRUMENT;EFS;EUR;56;106.86000000;2174;EXCHANGE_LAST;;1;1;XEUR;10804527;690;
21.10.2024;13:43:06.557;FGBS SI 20241206 PS;SIMPLE_INSTRUMENT;EFP_FIN;EUR;57;106.84500000;473;EXCHANGE_LAST;;1;1;XEUR;10804527;690;
21.10.2024;13:43:27.553;FGBS SI 20241206 PS;SIMPLE_INSTRUMENT;EFS;EUR;58;106.85500000;4257;EXCHANGE_LAST;;1;1;XEUR;10804527;690;
21.10.2024;13:43:40.331;FGBS SI 20241206 PS;SIMPLE_INSTRUMENT;EFS;EUR;59;106.86000000;3756;EXCHANGE_LAST;;1;1;XEUR;10804527;690;
21.10.2024;13:50:41.250;FGBS SI 20241206 PS;SIMPLE_INSTRUMENT;BLOCK;EUR;60;106.85500000;4506;EXCHANGE_LAST;;1;1;XEUR;10804527;690;
21.10.2024;13:54:21.350;FGBS SI 20241206 PS;SIMPLE_INSTRUMENT;EFP_FIN;EUR;61;106.84000000;492;EXCHANGE_LAST;;1;1;XEUR;10804527;690;
21.10.2024;14:07:40.723;FGBS SI 20241206 PS;SIMPLE_INSTRUMENT;EFS;EUR;62;106.85500000;5008;EXCHANGE_LAST;;1;1;XEUR;10804527;690;
21.10.2024;14:10:31.688;FGBS SI 20241206 PS;SIMPLE_INSTRUMENT;EFS;EUR;63;106.86000000;2504;EXCHANGE_LAST;;1;1;XEUR;10804527;690;
21.10.2024;14:22:04.403;FGBS SI 20241206 PS;SIMPLE_INSTRUMENT;EFP_FIN;EUR;64;106.84000000;1046;EXCHANGE_LAST;;1;1;XEUR;10804527;690;
21.10.2024;14:40:31.020;FGBS SI 20241206 PS;SIMPLE_INSTRUMENT;EFP_FIN;EUR;65;106.84000000;1049;EXCHANGE_LAST;;1;1;XEUR;10804527;690;
21.10.2024;14:44:12.668;FGBS SI 20241206 PS;SIMPLE_INSTRUMENT;EFS;EUR;66;106.86000000;2174;EXCHANGE_LAST;;1;1;XEUR;10804527;690;
21.10.2024;14:46:16.830;FGBS SI 20241206 PS;SIMPLE_INSTRUMENT;EFS;EUR;67;106.84000000;2718;EXCHANGE_LAST;;1;1;XEUR;10804527;690;
21.10.2024;15:03:46.365;FGBS SI 20241206 PS;SIMPLE_INSTRUMENT;EFP_FIN;EUR;68;106.83500000;237;EXCHANGE_LAST;;1;1;XEUR;10804527;690;
21.10.2024;15:03:33.230;FGBS SI 20241206 PS;SIMPLE_INSTRUMENT;EFP_FIN;EUR;69;106.83000000;473;EXCHANGE_LAST;;1;1;XEUR;10804527;690;
21.10.2024;15:25:07.204;FGBS SI 20241206 PS;SIMPLE_INSTRUMENT;EFS;EUR;70;106.83000000;13592;EXCHANGE_LAST;;1;1;XEUR;10804527;690;
21.10.2024;15:29:19.992;FGBS SI 20241206 PS;SIMPLE_INSTRUMENT;EFS;EUR;71;106.85500000;2717;EXCHANGE_LAST;;1;1;XEUR;10804527;690;
21.10.2024;15:35:13.540;FGBS SI 20241206 PS;SIMPLE_INSTRUMENT;EFS;EUR;72;106.84000000;5000;EXCHANGE_LAST;;1;1;XEUR;10804527;690;
21.10.2024;15:47:54.358;FGBS SI 20241206 PS;SIMPLE_INSTRUMENT;EFP_FIN;EUR;73;106.83000000;473;EXCHANGE_LAST;;1;1;XEUR;10804527;690;
21.10.2024;15:51:22.157;FGBS SI 20241206 PS;SIMPLE_INSTRUMENT;EFP_FIN;EUR;74;106.84000000;662;EXCHANGE_LAST;;1;1;XEUR;10804527;690;
21.10.2024;15:53:50.752;FGBS SI 20241206 PS;SIMPLE_INSTRUMENT;EFS;EUR;75;106.84000000;2512;EXCHANGE_LAST;;1;1;XEUR;10804527;690;
21.10.2024;09:25:11.606;FGBS SI 20241206 PS;SIMPLE_INSTRUMENT;VOLA;EUR;268435487;106.92500000;38;EXCHANGE_LAST;;1;1;XEUR;10804527;690;
21.10.2024;07:51:19.935;FGBX SI 20241206 PS;SIMPLE_INSTRUMENT;EFP_FIN;EUR;1;134.28000000;101;EXCHANGE_LAST;;1;1;XEUR;10804526;691;
21.10.2024;09:07:10.508;FGBX SI 20241206 PS;SIMPLE_INSTRUMENT;EFS;EUR;3;133.48000000;83;EXCHANGE_LAST;;1;1;XEUR;10804526;691;
21.10.2024;09:23:13.160;FGBX SI 20241206 PS;SIMPLE_INSTRUMENT;EFP_FIN;EUR;6;133.80000000;269;EXCHANGE_LAST;;1;1;XEUR;10804526;691;
21.10.2024;09:58:08.689;FGBX SI 20241206 PS;SIMPLE_INSTRUMENT;EFP_FIN;EUR;7;133.56000000;146;EXCHANGE_LAST;;1;1;XEUR;10804526;691;
21.10.2024;11:34:43.503;FGBX SI 20241206 PS;SIMPLE_INSTRUMENT;EFS;EUR;12;133.00000000;67;EXCHANGE_LAST;;1;1;XEUR;10804526;691;
21.10.2024;13:25:38.274;FGBX SI 20241206 PS;SIMPLE_INSTRUMENT;EFP_FIN;EUR;18;132.54000000;432;EXCHANGE_LAST;;1;1;XEUR;10804526;691;
21.10.2024;13:49:24.777;FGBX SI 20241206 PS;SIMPLE_INSTRUMENT;BLOCK;EUR;20;132.56000000;196;EXCHANGE_LAST;;1;1;XEUR;10804526;691;
21.10.2024;14:01:49.393;FGBX SI 20241206 PS;SIMPLE_INSTRUMENT;EFS;EUR;25;132.54000000;73;EXCHANGE_LAST;;1;1;XEUR;10804526;691;
21.10.2024;14:40:00.512;FGBX SI 20241206 PS;SIMPLE_INSTRUMENT;EFS;EUR;26;132.50000000;83;EXCHANGE_LAST;;1;1;XEUR;10804526;691;
21.10.2024;15:29:57.306;FGBX SI 20241206 PS;SIMPLE_INSTRUMENT;EFS;EUR;28;132.48000000;500;EXCHANGE_LAST;;1;1;XEUR;10804526;691;
21.10.2024;15:41:42.112;FGBX SI 20241206 PS;SIMPLE_INSTRUMENT;EFS;EUR;29;132.64000000;250;EXCHANGE_LAST;;1;1;XEUR;10804526;691;
21.10.2024;09:26:57.188;FGBX SI 20241206 PS;SIMPLE_INSTRUMENT;VOLA;EUR;268435489;133.30000000;235;EXCHANGE_LAST;;1;1;XEUR;10804526;691;
21.10.2024;14:34:27.165;FIA5 SI 20241114 PS AM P 10.00 0;SIMPLE_INSTRUMENT;BLOCK;EUR;15;0.10000000;3000;EXCHANGE_LAST;;1;2;XEUR;12008472;48227;
21.10.2024;13:12:22.160;FIN SI 20250620 PS AM P 48.00 0;SIMPLE_INSTRUMENT;BLOCK;CHF;45;1.71000000;700;EXCHANGE_LAST;;1;1;XEUR;9548274;671;
21.10.2024;01:18:27.121;FMCH SI 20241220 CS;SIMPLE_INSTRUMENT;BLOCK;USD;3;537.70400000;1327;EXCHANGE_LAST;;1;1;XEUR;7196792;402909;
21.10.2024;01:04:45.317;FMEA SI 20241220 CS;SIMPLE_INSTRUMENT;BLOCK;USD;2;740.41400000;1424;EXCHANGE_LAST;;1;1;XEUR;7191938;12395;
21.10.2024;04:24:53.123;FMEA SI 20241220 CS;SIMPLE_INSTRUMENT;BLOCK;USD;6;740.41400000;3793;EXCHANGE_LAST;;1;1;XEUR;7191938;12395;
21.10.2024;08:21:18.455;FMEA SI 20241220 CS;SIMPLE_INSTRUMENT;BLOCK;USD;20;740.41400000;690;EXCHANGE_LAST;;1;1;XEUR;7191938;12395;
21.10.2024;08:46:18.960;FMEA SI 20241220 CS;SIMPLE_INSTRUMENT;BLOCK;USD;22;740.41400000;345;EXCHANGE_LAST;;1;1;XEUR;7191938;12395;
21.10.2024;09:55:40.839;FMEF SI 20241220 CS;SIMPLE_INSTRUMENT;BLOCK;USD;26;1158.00000000;95;EXCHANGE_LAST;;1;1;XEUR;7192304;30657;
21.10.2024;07:20:13.598;FMEL SI 20241220 CS;SIMPLE_INSTRUMENT;BLOCK;USD;15;552.98200000;45;EXCHANGE_LAST;;1;1;XEUR;7191942;12397;
21.10.2024;08:50:25.074;FMEL SI 20241220 CS;SIMPLE_INSTRUMENT;BLOCK;USD;23;552.98200000;75;EXCHANGE_LAST;;1;1;XEUR;7191942;12397;
21.10.2024;06:59:27.583;FMEN SI 20241220 CS;SIMPLE_INSTRUMENT;EFP_IDX;EUR;12;535.44800000;2;EXCHANGE_LAST;;1;1;XEUR;7192297;30652;
21.10.2024;07:08:20.041;FMEN SI 20241220 CS;SIMPLE_INSTRUMENT;BLOCK;EUR;14;535.72000000;248;EXCHANGE_LAST;;1;1;XEUR;7192297;30652;
21.10.2024;13:48:45.493;FMGO SI 20241220 CS;SIMPLE_INSTRUMENT;BLOCK;USD;28;5384.00000000;13;EXCHANGE_LAST;;1;1;XEUR;8609363;583623;
21.10.2024;07:47:36.366;FMGQ SI 20241220 CS;SIMPLE_INSTRUMENT;EFP_IDX;USD;17;5178.63000000;112;EXCHANGE_LAST;;1;1;XEUR;8609380;583625;
21.10.2024;15:15:24.460;FMGS SI 20241220 CS;SIMPLE_INSTRUMENT;BLOCK;USD;30;26715.00000000;1123;EXCHANGE_LAST;;1;1;XEUR;7193445;48912;
21.10.2024;15:15:48.084;FMGS SI 20251219 CS;SIMPLE_INSTRUMENT;BLOCK;USD;31;28008.00600000;1071;EXCHANGE_LAST;;1;1;XEUR;8838637;48912;
21.10.2024;17:47:15.619;FMGS SI 20241220 CS;SIMPLE_INSTRUMENT;BLOCK;USD;40;26780.00000000;374;EXCHANGE_LAST;;1;1;XEUR;7193445;48912;
21.10.2024;17:47:44.257;FMGS SI 20250321 CS;SIMPLE_INSTRUMENT;BLOCK;USD;41;27141.53000000;369;EXCHANGE_LAST;;1;1;XEUR;7590768;48912;
21.10.2024;19:04:18.125;FMGS SI 20241220 CS;SIMPLE_INSTRUMENT;BLOCK;USD;42;26780.00000000;373;EXCHANGE_LAST;;1;1;XEUR;7193445;48912;
21.10.2024;19:04:59.909;FMGS SI 20250321 CS;SIMPLE_INSTRUMENT;BLOCK;USD;43;27142.86900000;368;EXCHANGE_LAST;;1;1;XEUR;7590768;48912;
21.10.2024;07:54:48.158;FMHK SI 20241220 CS;SIMPLE_INSTRUMENT;BLOCK;USD;18;59920.00000000;8;EXCHANGE_LAST;;1;1;XEUR;7192592;45282;
21.10.2024;08:19:27.987;FMID SI 20241220 CS;SIMPLE_INSTRUMENT;BLOCK;USD;3;1901.79400000;114;EXCHANGE_LAST;;1;1;XEUR;7192610;45289;
21.10.2024;02:06:20.003;FMIN SI 20241220 CS;SIMPLE_INSTRUMENT;BLOCK;USD;4;1359.68400000;655;EXCHANGE_LAST;;1;1;XEUR;7191968;12404;
21.10.2024;08:18:12.534;FMIN SI 20241220 CS;SIMPLE_INSTRUMENT;BLOCK;USD;19;1359.68400000;110;EXCHANGE_LAST;;1;1;XEUR;7191968;12404;
21.10.2024;10:17:24.281;FMIN SI 20241220 CS;SIMPLE_INSTRUMENT;BLOCK;USD;27;1347.30600000;1201;EXCHANGE_LAST;;1;1;XEUR;7191968;12404;
21.10.2024;06:33:22.155;FMMU SI 20241220 CS;SIMPLE_INSTRUMENT;EFP_IDX;EUR;10;303.94000000;215;EXCHANGE_LAST;;1;1;XEUR;7193396;48138;
21.10.2024;00:56:39.721;FMMY SI 20241220 CS;SIMPLE_INSTRUMENT;BLOCK;USD;1;409.72500000;25;EXCHANGE_LAST;;1;1;XEUR;7191971;12405;
21.10.2024;00:24:07.081;FMTW SI 20241220 CS;SIMPLE_INSTRUMENT;BLOCK;USD;1;867.18900000;75;EXCHANGE_LAST;;1;1;XEUR;7193559;51884;
21.10.2024;00:33:05.206;FMTW SI 20241220 CS;SIMPLE_INSTRUMENT;BLOCK;USD;2;867.19100000;209;EXCHANGE_LAST;;1;1;XEUR;7193559;51884;
21.10.2024;07:22:23.327;FMUQ SI 20241220 CS;SIMPLE_INSTRUMENT;EFP_IDX;USD;16;6141.87000000;10;EXCHANGE_LAST;;1;1;XEUR;7193400;48146;
21.10.2024;06:29:05.206;FMWO SI 20241220 CS;SIMPLE_INSTRUMENT;BLOCK;USD;7;11953.45000000;951;EXCHANGE_LAST;;1;1;XEUR;7191849;7059;
21.10.2024;06:31:10.843;FMWO SI 20241220 CS;SIMPLE_INSTRUMENT;BLOCK;USD;8;11952.65000000;800;EXCHANGE_LAST;;1;1;XEUR;7191849;7059;
21.10.2024;06:33:07.868;FMWO SI 20241220 CS;SIMPLE_INSTRUMENT;BLOCK;USD;9;11953.73000000;405;EXCHANGE_LAST;;1;1;XEUR;7191849;7059;
21.10.2024;06:34:41.586;FMWO SI 20241220 CS;SIMPLE_INSTRUMENT;EFP_IDX;USD;11;11953.95000000;76;EXCHANGE_LAST;;1;1;XEUR;7191849;7059;
21.10.2024;07:01:05.759;FMWO SI 20241220 CS;SIMPLE_INSTRUMENT;EFP_IDX;USD;13;11954.45000000;88;EXCHANGE_LAST;;1;1;XEUR;7191849;7059;
21.10.2024;08:44:07.320;FMWO SI 20241220 CS;SIMPLE_INSTRUMENT;BLOCK;USD;21;11953.70000000;375;EXCHANGE_LAST;;1;1;XEUR;7191849;7059;
21.10.2024;13:57:59.661;FMWO SI 20241220 CS;SIMPLE_INSTRUMENT;BLOCK;USD;29;11953.95000000;500;EXCHANGE_LAST;;1;1;XEUR;7191849;7059;
21.10.2024;02:51:20.755;FMXJ SI 20241220 CS;SIMPLE_INSTRUMENT;BLOCK;USD;5;624.00000000;4;EXCHANGE_LAST;;1;1;XEUR;7193543;51660;
21.10.2024;08:00:14.380;FOAT SI 20241206 PS;SIMPLE_INSTRUMENT;EFP_FIN;EUR;1;126.69000000;135;EXCHANGE_LAST;;1;1;XEUR;10804528;749;
21.10.2024;08:30:18.247;FOAT SI 20241206 PS;SIMPLE_INSTRUMENT;EFP_FIN;EUR;2;126.68000000;153;EXCHANGE_LAST;;1;1;XEUR;10804528;749;
21.10.2024;08:32:51.295;FOAT SI 20241206 PS;SIMPLE_INSTRUMENT;EFP_FIN;EUR;3;126.70000000;132;EXCHANGE_LAST;;1;1;XEUR;10804528;749;
21.10.2024;08:37:07.724;FOAT SI 20241206 PS;SIMPLE_INSTRUMENT;EFP_FIN;EUR;4;126.68000000;96;EXCHANGE_LAST;;1;1;XEUR;10804528;749;
21.10.2024;08:46:51.508;FOAT SI 20241206 PS;SIMPLE_INSTRUMENT;EFP_FIN;EUR;5;126.70000000;1099;EXCHANGE_LAST;;1;1;XEUR;10804528;749;
21.10.2024;09:31:06.108;FOAT SI 20241206 PS;SIMPLE_INSTRUMENT;EFP_FIN;EUR;6;126.40000000;96;EXCHANGE_LAST;;1;1;XEUR;10804528;749;
21.10.2024;09:32:42.471;FOAT SI 20241206 PS;SIMPLE_INSTRUMENT;EFP_FIN;EUR;7;126.40000000;193;EXCHANGE_LAST;;1;1;XEUR;10804528;749;
21.10.2024;09:41:11.841;FOAT SI 20241206 PS;SIMPLE_INSTRUMENT;EFP_FIN;EUR;8;126.45000000;81;EXCHANGE_LAST;;1;1;XEUR;10804528;749;
21.10.2024;09:42:32.848;FOAT SI 20241206 PS;SIMPLE_INSTRUMENT;EFP_FIN;EUR;9;126.45000000;165;EXCHANGE_LAST;;1;1;XEUR;10804528;749;
21.10.2024;09:43:50.852;FOAT SI 20241206 PS;SIMPLE_INSTRUMENT;EFP_FIN;EUR;10;126.45000000;154;EXCHANGE_LAST;;1;1;XEUR;10804528;749;
21.10.2024;09:56:28.220;FOAT SI 20241206 PS;SIMPLE_INSTRUMENT;EFP_FIN;EUR;11;126.41000000;258;EXCHANGE_LAST;;1;1;XEUR;10804528;749;
21.10.2024;09:58:04.164;FOAT SI 20241206 PS;SIMPLE_INSTRUMENT;EFP_FIN;EUR;12;126.46000000;792;EXCHANGE_LAST;;1;1;XEUR;10804528;749;
21.10.2024;10:20:25.586;FOAT SI 20241206 PS;SIMPLE_INSTRUMENT;EFP_FIN;EUR;13;126.43000000;830;EXCHANGE_LAST;;1;1;XEUR;10804528;749;
21.10.2024;10:33:23.744;FOAT SI 20241206 PS;SIMPLE_INSTRUMENT;EFP_FIN;EUR;14;126.43000000;337;EXCHANGE_LAST;;1;1;XEUR;10804528;749;
21.10.2024;11:18:31.259;FOAT SI 20241206 PS;SIMPLE_INSTRUMENT;BLOCK;EUR;15;126.24000000;1842;EXCHANGE_LAST;;1;1;XEUR;10804528;749;
21.10.2024;11:52:05.597;FOAT SI 20241206 PS;SIMPLE_INSTRUMENT;EFP_FIN;EUR;16;126.18000000;709;EXCHANGE_LAST;;1;1;XEUR;10804528;749;
21.10.2024;13:03:35.926;FOAT SI 20241206 PS;SIMPLE_INSTRUMENT;EFP_FIN;EUR;17;126.05000000;350;EXCHANGE_LAST;;1;1;XEUR;10804528;749;
21.10.2024;13:23:07.230;FOAT SI 20241206 PS;SIMPLE_INSTRUMENT;BLOCK;EUR;18;126.08000000;643;EXCHANGE_LAST;;1;1;XEUR;10804528;749;
21.10.2024;13:32:43.202;FOAT SI 20241206 PS;SIMPLE_INSTRUMENT;EFP_FIN;EUR;19;126.22000000;430;EXCHANGE_LAST;;1;1;XEUR;10804528;749;
21.10.2024;14:04:51.430;FOAT SI 20241206 PS;SIMPLE_INSTRUMENT;EFP_FIN;EUR;20;126.03000000;830;EXCHANGE_LAST;;1;1;XEUR;10804528;749;
21.10.2024;14:05:16.375;FOAT SI 20241206 PS;SIMPLE_INSTRUMENT;EFP_FIN;EUR;21;126.03000000;830;EXCHANGE_LAST;;1;1;XEUR;10804528;749;
21.10.2024;14:05:38.884;FOAT SI 20241206 PS;SIMPLE_INSTRUMENT;EFP_FIN;EUR;22;126.03000000;415;EXCHANGE_LAST;;1;1;XEUR;10804528;749;
21.10.2024;14:09:54.915;FOAT SI 20241206 PS;SIMPLE_INSTRUMENT;EFP_FIN;EUR;23;125.98000000;775;EXCHANGE_LAST;;1;1;XEUR;10804528;749;
21.10.2024;14:22:53.268;FOAT SI 20241206 PS;SIMPLE_INSTRUMENT;EFP_FIN;EUR;24;125.95000000;159;EXCHANGE_LAST;;1;1;XEUR;10804528;749;
21.10.2024;14:48:18.252;FOAT SI 20241206 PS;SIMPLE_INSTRUMENT;EFP_FIN;EUR;25;125.96000000;2076;EXCHANGE_LAST;;1;1;XEUR;10804528;749;
21.10.2024;14:44:43.312;FOAT SI 20241206 PS;SIMPLE_INSTRUMENT;EFP_FIN;EUR;26;125.96000000;232;EXCHANGE_LAST;;1;1;XEUR;10804528;749;
21.10.2024;14:47:49.214;FOAT SI 20241206 PS;SIMPLE_INSTRUMENT;EFP_FIN;EUR;27;125.95000000;1087;EXCHANGE_LAST;;1;1;XEUR;10804528;749;
21.10.2024;15:01:38.669;FOAT SI 20241206 PS;SIMPLE_INSTRUMENT;EFP_FIN;EUR;28;125.96000000;219;EXCHANGE_LAST;;1;1;XEUR;10804528;749;
21.10.2024;15:01:52.019;FOAT SI 20241206 PS;SIMPLE_INSTRUMENT;EFP_FIN;EUR;29;125.90000000;162;EXCHANGE_LAST;;1;1;XEUR;10804528;749;
21.10.2024;15:25:51.292;FOAT SI 20241206 PS;SIMPLE_INSTRUMENT;EFP_FIN;EUR;30;125.81000000;174;EXCHANGE_LAST;;1;1;XEUR;10804528;749;
21.10.2024;15:27:25.297;FOAT SI 20241206 PS;SIMPLE_INSTRUMENT;EFP_FIN;EUR;31;125.81000000;168;EXCHANGE_LAST;;1;1;XEUR;10804528;749;
21.10.2024;15:31:32.310;FOAT SI 20241206 PS;SIMPLE_INSTRUMENT;EFP_FIN;EUR;32;125.81000000;68;EXCHANGE_LAST;;1;1;XEUR;10804528;749;
21.10.2024;15:45:32.471;FOAT SI 20241206 PS;SIMPLE_INSTRUMENT;EFS;EUR;33;125.84000000;1383;EXCHANGE_LAST;;1;1;XEUR;10804528;749;
21.10.2024;15:51:16.403;FSEG SI 20241220 CS;SIMPLE_INSTRUMENT;EFP_IDX;EUR;36;194.60000000;30;EXCHANGE_LAST;;1;1;XEUR;10871764;109977;
21.10.2024;15:24:41.987;FSMI SI 20241220 CS;SIMPLE_INSTRUMENT;BLOCK;CHF;1;12279.00000000;3283;EXCHANGE_LAST;;1;1;XEUR;7793735;757;
21.10.2024;15:39:37.569;FSMI.S.DEC24.MAR25.SPD;FUTURES_SPREAD;BLOCK;CHF;2;15.00000000;500;EXCHANGE_LAST;;1;1;XEUR;72060845328171104;757;
21.10.2024;15:39:37.569;FSMI SI 20241220 CS;SIMPLE_INSTRUMENT;BLOCK;CHF;2;12327.00000000;500;PRC_DECOMP_EXCHANGE;;;;XEUR;7793735;757;EXCHANGE
21.10.2024;15:39:37.569;FSMI SI 20250321 CS;SIMPLE_INSTRUMENT;BLOCK;CHF;2;12312.00000000;500;PRC_DECOMP_EXCHANGE;;;;XEUR;7793721;757;EXCHANGE
21.10.2024;15:39:46.570;FSMI.S.DEC24.MAR25.SPD;FUTURES_SPREAD;BLOCK;CHF;3;16.00000000;500;EXCHANGE_LAST;;1;1;XEUR;72060845328171104;757;
21.10.2024;15:39:46.570;FSMI SI 20250321 CS;SIMPLE_INSTRUMENT;BLOCK;CHF;3;12312.00000000;500;PRC_DECOMP_EXCHANGE;;;;XEUR;7793721;757;EXCHANGE
21.10.2024;15:39:46.570;FSMI SI 20241220 CS;SIMPLE_INSTRUMENT;BLOCK;CHF;3;12328.00000000;500;PRC_DECOMP_EXCHANGE;;;;XEUR;7793735;757;EXCHANGE
21.10.2024;15:45:53.685;FSMI SI 20241220 CS;SIMPLE_INSTRUMENT;BLOCK;CHF;4;12294.00000000;1425;EXCHANGE_LAST;;1;1;XEUR;7793735;757;
21.10.2024;15:48:38.084;FSMI SI 20250321 CS;SIMPLE_INSTRUMENT;BLOCK;CHF;5;12279.00000000;712;EXCHANGE_LAST;;1;1;XEUR;7793721;757;
21.10.2024;15:48:54.551;FSMI SI 20250321 CS;SIMPLE_INSTRUMENT;BLOCK;CHF;6;12280.00000000;713;EXCHANGE_LAST;;1;1;XEUR;7793721;757;
21.10.2024;15:51:10.705;FSMI SI 20241220 CS;SIMPLE_INSTRUMENT;EFP_IDX;CHF;7;12286.00000000;2;EXCHANGE_LAST;;1;1;XEUR;7793735;757;
21.10.2024;15:51:29.911;FSMI SI 20241220 CS;SIMPLE_INSTRUMENT;EFP_IDX;CHF;8;12287.00000000;348;EXCHANGE_LAST;;1;1;XEUR;7793735;757;
21.10.2024;15:47:44.181;FSTE SI 20241220 CS;SIMPLE_INSTRUMENT;EFP_IDX;EUR;8;341.40000000;683;EXCHANGE_LAST;;1;1;XEUR;10839564;719;
21.10.2024;15:47:56.097;FSTE SI 20241220 CS;SIMPLE_INSTRUMENT;EFP_IDX;EUR;9;341.30000000;1025;EXCHANGE_LAST;;1;1;XEUR;10839564;719;
21.10.2024;13:59:27.011;FSTL SI 20241220 CS;SIMPLE_INSTRUMENT;BLOCK;EUR;20;138.50000000;419;EXCHANGE_LAST;;1;1;XEUR;10839554;706;
21.10.2024;13:59:44.930;FSTL SI 20241220 CS;SIMPLE_INSTRUMENT;BLOCK;EUR;21;138.60000000;1061;EXCHANGE_LAST;;1;1;XEUR;10839554;706;
21.10.2024;15:45:28.464;FSTL SI 20241220 CS;SIMPLE_INSTRUMENT;EFP_IDX;EUR;32;137.60000000;1652;EXCHANGE_LAST;;1;1;XEUR;10839554;706;
21.10.2024;15:45:40.039;FSTL SI 20241220 CS;SIMPLE_INSTRUMENT;EFP_IDX;EUR;33;137.70000000;1651;EXCHANGE_LAST;;1;1;XEUR;10839554;706;
21.10.2024;15:53:14.612;FSTS SI 20241220 CS;SIMPLE_INSTRUMENT;EFP_IDX;EUR;10;550.10000000;203;EXCHANGE_LAST;;1;1;XEUR;10839557;709;
21.10.2024;15:53:27.612;FSTS SI 20241220 CS;SIMPLE_INSTRUMENT;EFP_IDX;EUR;11;550.20000000;203;EXCHANGE_LAST;;1;1;XEUR;10839557;709;
21.10.2024;15:48:21.501;FSTU SI 20241220 CS;SIMPLE_INSTRUMENT;BLOCK;EUR;34;414.90000000;6195;EXCHANGE_LAST;;1;1;XEUR;10839570;730;
21.10.2024;15:48:24.999;FSTU SI 20241220 CS;SIMPLE_INSTRUMENT;BLOCK;EUR;35;414.80000000;7128;EXCHANGE_LAST;;1;1;XEUR;10839570;730;
21.10.2024;13:59:02.976;FTE SI 20241220 PS AM C 11.00 0;SIMPLE_INSTRUMENT;BLOCK;EUR;25;0.03000000;3000;EXCHANGE_LAST;;1;1;XEUR;9040806;724;
21.10.2024;15:20:50.676;FTE SI 20241115 PS AM P 9.50 0;SIMPLE_INSTRUMENT;BLOCK;EUR;32;0.06000000;2340;EXCHANGE_LAST;;1;1;XEUR;11706225;724;
21.10.2024;15:21:15.564;FTE SI 20241115 PS AM P 9.50 0;SIMPLE_INSTRUMENT;BLOCK;EUR;33;0.05000000;2340;EXCHANGE_LAST;;1;1;XEUR;11706225;724;
21.10.2024;09:22:17.258;FVS SI 20241218 CS;SIMPLE_INSTRUMENT;BLOCK;EUR;24;17.00000000;1500;EXCHANGE_LAST;;1;1;XEUR;11022006;821;
21.10.2024;09:22:39.427;FVS SI 20250122 CS;SIMPLE_INSTRUMENT;BLOCK;EUR;25;18.30000000;1500;EXCHANGE_LAST;;1;1;XEUR;11231184;821;
21.10.2024;14:52:27.562;FVS SI 20241120 CS;SIMPLE_INSTRUMENT;VOLA;EUR;301989898;17.80000000;600;EXCHANGE_LAST;;1;1;XEUR;10936046;821;
21.10.2024;15:48:27.267;FXXP SI 20241220 CS;SIMPLE_INSTRUMENT;BLOCK;EUR;32;522.70000000;480;EXCHANGE_LAST;;1;1;XEUR;7793976;816;
21.10.2024;15:49:14.095;FXXP SI 20241220 CS;SIMPLE_INSTRUMENT;BLOCK;EUR;33;523.90000000;6897;EXCHANGE_LAST;;1;1;XEUR;7793976;816;
21.10.2024;15:49:14.667;FXXP SI 20241220 CS;SIMPLE_INSTRUMENT;BLOCK;EUR;34;524.20000000;3569;EXCHANGE_LAST;;1;1;XEUR;7793976;816;
21.10.2024;15:54:20.288;FXXP SI 20241220 CS;SIMPLE_INSTRUMENT;EFP_IDX;EUR;35;523.10000000;180;EXCHANGE_LAST;;1;1;XEUR;7793976;816;
21.10.2024;15:54:31.288;FXXP SI 20241220 CS;SIMPLE_INSTRUMENT;EFP_IDX;EUR;36;523.20000000;420;EXCHANGE_LAST;;1;1;XEUR;7793976;816;
21.10.2024;15:56:45.407;FXXP SI 20241220 CS;SIMPLE_INSTRUMENT;EFP_IDX;EUR;37;523.30000000;24135;EXCHANGE_LAST;;1;1;XEUR;7793976;816;
21.10.2024;16:00:33.307;FXXP SI 20241220 CS;SIMPLE_INSTRUMENT;BLOCK;EUR;38;523.00000000;600;EXCHANGE_LAST;;1;1;XEUR;7793976;816;
21.10.2024;16:26:45.183;FXXP SI 20241220 CS;SIMPLE_INSTRUMENT;BLOCK;EUR;39;523.90000000;386;EXCHANGE_LAST;;1;1;XEUR;7793976;816;
21.10.2024;09:14:12.287;G3ZF SI 20251219 CS;SIMPLE_INSTRUMENT;BLOCK;EUR;9;1.39000000;750;EXCHANGE_LAST;;1;2;XEUR;5914677;144760;
21.10.2024;09:23:33.909;G3ZF SI 20251219 CS;SIMPLE_INSTRUMENT;BLOCK;EUR;10;1.40000000;3071;EXCHANGE_LAST;;1;1;XEUR;5914677;144760;
21.10.2024;09:24:38.196;G3ZF SI 20251219 CS;SIMPLE_INSTRUMENT;BLOCK;EUR;11;1.39000000;250;EXCHANGE_LAST;;1;1;XEUR;5914677;144760;
21.10.2024;09:52:20.773;G3ZF SI 20251219 CS;SIMPLE_INSTRUMENT;BLOCK;EUR;13;1.39000000;1000;EXCHANGE_LAST;;1;2;XEUR;5914677;144760;
21.10.2024;10:14:34.579;G3ZF SI 20251219 CS;SIMPLE_INSTRUMENT;BLOCK;EUR;16;1.39000000;250;EXCHANGE_LAST;;1;1;XEUR;5914677;144760;
21.10.2024;08:36:29.158;GEBN SI 20250620 PS AM P 360.00 0;SIMPLE_INSTRUMENT;BLOCK;CHF;5;2.69000000;750;EXCHANGE_LAST;;1;1;XEUR;9550610;882;
21.10.2024;08:36:29.279;GEBN SI 20260619 PS AM P 400.00 0;SIMPLE_INSTRUMENT;BLOCK;CHF;6;17.79000000;750;EXCHANGE_LAST;;1;1;XEUR;11361903;882;
21.10.2024;15:13:39.552;HEI SI 20241220 PS AM P 96.00 0;SIMPLE_INSTRUMENT;BLOCK;EUR;9;2.72000000;800;EXCHANGE_LAST;;2;1;XEUR;10406888;839;
21.10.2024;08:29:32.991;HFG SI 20250620 PS AM C 9.00 0;SIMPLE_INSTRUMENT;BLOCK;EUR;2;2.04000000;400;EXCHANGE_LAST;;1;1;XEUR;11427109;174740;
21.10.2024;08:16:07.366;HOLN SI 20241220 PS AM P 84.00 0;SIMPLE_INSTRUMENT;BLOCK;CHF;4;2.59000000;1000;EXCHANGE_LAST;;1;2;XEUR;6272404;943;
21.10.2024;12:50:52.101;HUKF SI 20241220 CS;SIMPLE_INSTRUMENT;BLOCK;EUR;37;34.79130000;12;EXCHANGE_LAST;;1;1;XEUR;7037541;926;
21.10.2024;15:02:13.229;I3ES SI 20261218 CS;SIMPLE_INSTRUMENT;BLOCK;EUR;72;0.29800000;1200;EXCHANGE_LAST;;1;1;XEUR;6805357;913;
21.10.2024;14:41:41.410;I4NN SI 20261218 CS;SIMPLE_INSTRUMENT;BLOCK;EUR;65;0.93000000;360;EXCHANGE_LAST;;1;1;XEUR;9488387;669776;
21.10.2024;15:02:51.274;I4NN SI 20261218 CS;SIMPLE_INSTRUMENT;BLOCK;EUR;73;0.93000000;300;EXCHANGE_LAST;;1;1;XEUR;9488387;669776;
21.10.2024;15:39:10.867;IES5 SI 20241219 PS AM C 4.20 0;SIMPLE_INSTRUMENT;BLOCK;EUR;20;0.03800000;1500;EXCHANGE_LAST;;1;1;XEUR;11864024;900;
21.10.2024;09:08:59.720;IGLN SI 20250321 PS AM P 50.00 0;SIMPLE_INSTRUMENT;BLOCK;USD;1;0.70000000;16357;EXCHANGE_LAST;;1;1;XEUR;10325438;75966;
21.10.2024;09:09:07.326;IGLN SI 20241220 PS AM P 50.00 0;SIMPLE_INSTRUMENT;BLOCK;USD;2;0.27000000;16357;EXCHANGE_LAST;;1;1;XEUR;10325437;75966;
21.10.2024;13:49:11.457;INPF SI 20241219 CS;SIMPLE_INSTRUMENT;BLOCK;EUR;59;41.08600000;18;EXCHANGE_LAST;;1;1;XEUR;8995585;626577;
21.10.2024;12:49:47.725;KGXF SI 20241220 CS;SIMPLE_INSTRUMENT;BLOCK;EUR;33;35.69200000;14;EXCHANGE_LAST;;1;1;XEUR;7048289;14924;
21.10.2024;08:46:36.511;KNIN SI 20241115 PS AM C 240.00 0;SIMPLE_INSTRUMENT;BLOCK;CHF;7;1.24000000;200;EXCHANGE_LAST;;1;1;XEUR;11709675;1091;
21.10.2024;14:29:00.025;KNIN SI 20241220 PS AM P 225.00 0;SIMPLE_INSTRUMENT;BLOCK;CHF;56;10.40000000;250;EXCHANGE_LAST;;1;1;XEUR;8858219;1091;
21.10.2024;09:14:53.139;LHA SI 20261218 PS AM P 6.40 0;SIMPLE_INSTRUMENT;BLOCK;EUR;1;0.98000000;3000;EXCHANGE_LAST;;1;1;XEUR;7162590;1126;
21.10.2024;12:14:19.559;LIF SI 20250919 PS AM C 32.00 0;SIMPLE_INSTRUMENT;BLOCK;EUR;18;1.12000000;1000;EXCHANGE_LAST;;1;1;XEUR;11887246;1125;
21.10.2024;09:26:27.115;LOGN SI 20241220 PS AM P 72.00 0;SIMPLE_INSTRUMENT;BLOCK;CHF;11;2.10000000;500;EXCHANGE_LAST;;1;1;XEUR;10412665;1143;
21.10.2024;10:18:24.824;LOGN SI 20250620 PS AM P 76.00 0;SIMPLE_INSTRUMENT;BLOCK;CHF;21;6.93000000;1250;EXCHANGE_LAST;;1;1;XEUR;7908152;1143;
21.10.2024;12:16:09.667;LOGN SI 20241220 PS AM P 74.00 0;SIMPLE_INSTRUMENT;BLOCK;CHF;34;3.00000000;400;EXCHANGE_LAST;;1;1;XEUR;11887903;1143;
21.10.2024;12:59:15.918;LOGN SI 20250620 PS AM P 64.00 0;SIMPLE_INSTRUMENT;BLOCK;CHF;42;2.49000000;750;EXCHANGE_LAST;;1;1;XEUR;11366638;1143;
21.10.2024;12:59:20.852;LOGN SI 20250620 PS AM P 76.00 0;SIMPLE_INSTRUMENT;BLOCK;CHF;43;6.88000000;750;EXCHANGE_LAST;;1;1;XEUR;7908152;1143;
21.10.2024;13:54:39.435;LOGN SI 20250919 PS AM P 60.00 0;SIMPLE_INSTRUMENT;BLOCK;CHF;51;2.39000000;600;EXCHANGE_LAST;;1;1;XEUR;11887800;1143;
21.10.2024;13:54:47.030;LOGN SI 20251219 PS AM P 76.00 0;SIMPLE_INSTRUMENT;BLOCK;CHF;52;9.43000000;400;EXCHANGE_LAST;;1;1;XEUR;7299620;1143;
21.10.2024;14:40:06.977;LOGN SI 20250321 PS AM P 76.00 0;SIMPLE_INSTRUMENT;BLOCK;CHF;57;5.44000000;750;EXCHANGE_LAST;;1;1;XEUR;10846024;1143;
21.10.2024;14:40:01.040;LOGN SI 20250919 PS AM P 60.00 0;SIMPLE_INSTRUMENT;BLOCK;CHF;58;2.35000000;750;EXCHANGE_LAST;;1;1;XEUR;11887800;1143;
21.10.2024;09:48:43.893;LOR SI 20241220 PS AM C 385.00 0;SIMPLE_INSTRUMENT;BLOCK;EUR;9;11.10000000;200;EXCHANGE_LAST;;1;1;XEUR;11887634;1140;
21.10.2024;11:13:02.542;M3OH SI 20251219 CS;SIMPLE_INSTRUMENT;BLOCK;EUR;27;12.60000000;20;EXCHANGE_LAST;;1;1;XEUR;5914889;45419;
21.10.2024;15:07:12.740;M3OH SI 20241220 CS;SIMPLE_INSTRUMENT;BLOCK;EUR;80;13.00000000;60;EXCHANGE_LAST;;1;1;XEUR;4632634;45419;
21.10.2024;15:10:21.433;M3OH SI 20241220 CS;SIMPLE_INSTRUMENT;BLOCK;EUR;81;13.00000000;28;EXCHANGE_LAST;;1;1;XEUR;4632634;45419;
21.10.2024;12:51:35.004;M6QF SI 20241220 CS;SIMPLE_INSTRUMENT;BLOCK;EUR;39;9.22450000;54;EXCHANGE_LAST;;1;1;XEUR;7049705;47576;
21.10.2024;12:21:26.671;MCH.O.241021.PDIA.000001;STANDARD_OPTION_STRATEGY;BLOCK;EUR;19;0.90000000;500;EXCHANGE_LAST;;1;1;XEUR;72062073688824276;1043;
21.10.2024;12:21:26.671;MCH SI 20250919 PS AM P 30.00 0;SIMPLE_INSTRUMENT;BLOCK;EUR;19;1.45000000;500;PRC_DECOMP_EXCHANGE;;;;XEUR;11886168;1043;EXCHANGE
21.10.2024;12:21:26.671;MCH SI 20241220 PS AM P 32.00 0;SIMPLE_INSTRUMENT;BLOCK;EUR;19;0.55000000;500;PRC_DECOMP_EXCHANGE;;;;XEUR;7887446;1043;EXCHANGE
21.10.2024;12:13:49.422;MOH SI 20241220 PS AM P 580.00 0;SIMPLE_INSTRUMENT;BLOCK;EUR;16;12.80000000;250;EXCHANGE_LAST;;1;1;XEUR;11886546;1074;
21.10.2024;15:10:54.871;MOHG SI 20241220 CS;SIMPLE_INSTRUMENT;BLOCK;EUR;77;613.22000000;325;EXCHANGE_LAST;;1;1;XEUR;7049289;45418;
21.10.2024;15:07:11.140;MOHG SI 20241220 CS;SIMPLE_INSTRUMENT;BLOCK;EUR;79;613.22000000;700;EXCHANGE_LAST;;1;1;XEUR;7049289;45418;
21.10.2024;15:11:40.905;MON SI 20250918 PS AM P 48.00 0;SIMPLE_INSTRUMENT;BLOCK;EUR;16;3.27000000;300;EXCHANGE_LAST;;1;1;XEUR;11865435;31803;
21.10.2024;08:03:20.013;MRK SI 20241115 PS AM C 174.00 0;SIMPLE_INSTRUMENT;BLOCK;EUR;2;2.00000000;1000;EXCHANGE_LAST;;1;1;XEUR;11712346;1223;
21.10.2024;08:09:56.855;MRK SI 20250321 PS AM P 180.00 0;SIMPLE_INSTRUMENT;BLOCK;EUR;3;18.85000000;346;EXCHANGE_LAST;;1;1;XEUR;10848613;1223;
21.10.2024;08:09:43.198;MRK SI 20250321 PS AM P 180.00 0;SIMPLE_INSTRUMENT;BLOCK;EUR;4;19.05000000;654;EXCHANGE_LAST;;1;1;XEUR;10848613;1223;
21.10.2024;10:36:37.946;MRK SI 20251219 PS AM C 180.00 0;SIMPLE_INSTRUMENT;BLOCK;EUR;6;11.45000000;300;EXCHANGE_LAST;;1;1;XEUR;5937206;1223;
21.10.2024;10:07:40.298;MUV2 SI 20241220 PS AM P 490.00 0;SIMPLE_INSTRUMENT;BLOCK;EUR;5;14.20000000;250;EXCHANGE_LAST;;1;1;XEUR;11890592;1234;
21.10.2024;14:15:35.372;N2DB SI 20261218 CS;SIMPLE_INSTRUMENT;BLOCK;EUR;63;0.89500000;400;EXCHANGE_LAST;;1;1;XEUR;6822151;57102;
21.10.2024;15:17:39.182;N2ES SI 20250321 CS;SIMPLE_INSTRUMENT;BLOCK;CHF;85;0.00100000;670;EXCHANGE_LAST;;1;1;XEUR;10415404;1240;
21.10.2024;15:31:02.595;N2ES SI 20250321 CS;SIMPLE_INSTRUMENT;BLOCK;CHF;91;0.00100000;67;EXCHANGE_LAST;;1;1;XEUR;10415404;1240;
21.10.2024;16:12:05.638;N2ES SI 20250321 CS;SIMPLE_INSTRUMENT;BLOCK;CHF;101;0.00100000;134;EXCHANGE_LAST;;1;2;XEUR;10415404;1240;
21.10.2024;10:05:15.991;N4OA SI 20261218 CS;SIMPLE_INSTRUMENT;BLOCK;EUR;14;0.13000000;750;EXCHANGE_LAST;;1;1;XEUR;6821306;48717;
21.10.2024;12:54:08.039;NDAF SI 20241220 CS;SIMPLE_INSTRUMENT;BLOCK;EUR;46;69.18230000;10;EXCHANGE_LAST;;1;1;XEUR;7041094;1249;
21.10.2024;09:24:01.727;NESE.O.241021.COMBO.000003;STANDARD_OPTION_STRATEGY;BLOCK;CHF;10;0.75000000;8000;EXCHANGE_LAST;;1;3;XEUR;72062992811833456;1257;
21.10.2024;09:24:01.727;NESE SI 20250919 PS EU P 80.00 0;SIMPLE_INSTRUMENT;BLOCK;CHF;10;2.95000000;8000;PRC_DECOMP_EXCHANGE;;;;XEUR;11891093;1257;EXCHANGE
21.10.2024;09:24:01.727;NESE SI 20250919 PS EU C 92.00 0;SIMPLE_INSTRUMENT;BLOCK;CHF;10;2.20000000;8000;PRC_DECOMP_EXCHANGE;;;;XEUR;11891187;1257;EXCHANGE
21.10.2024;14:56:23.500;NESG SI 20241220 CS;SIMPLE_INSTRUMENT;BLOCK;CHF;70;86.35000000;1000;EXCHANGE_LAST;;1;1;XEUR;7041289;1256;
21.10.2024;15:02:50.767;NESG SI 20241220 CS;SIMPLE_INSTRUMENT;BLOCK;CHF;71;86.45000000;1500;EXCHANGE_LAST;;1;1;XEUR;7041289;1256;
21.10.2024;15:19:58.270;NESG.S.DEC24.MAR25.SPD;FUTURES_SPREAD;BLOCK;CHF;84;-0.18250000;10000;EXCHANGE_LAST;;1;1;XEUR;72062988516854099;1256;
21.10.2024;15:19:58.270;NESG SI 20241220 CS;SIMPLE_INSTRUMENT;BLOCK;CHF;84;86.13780000;10000;PRC_DECOMP_EXCHANGE;;;;XEUR;7041289;1256;EXCHANGE
21.10.2024;15:19:58.270;NESG SI 20250321 CS;SIMPLE_INSTRUMENT;BLOCK;CHF;84;86.32030000;10000;PRC_DECOMP_EXCHANGE;;;;XEUR;10707780;1256;EXCHANGE
21.10.2024;15:30:53.093;NESG.S.DEC24.MAR25.SPD;FUTURES_SPREAD;BLOCK;CHF;90;-0.18250000;1000;EXCHANGE_LAST;;1;1;XEUR;72062988516854099;1256;
21.10.2024;15:30:53.093;NESG SI 20241220 CS;SIMPLE_INSTRUMENT;BLOCK;CHF;90;86.13780000;1000;PRC_DECOMP_MEMBER;;;;XEUR;7041289;1256;MEMBER
21.10.2024;15:30:53.093;NESG SI 20250321 CS;SIMPLE_INSTRUMENT;BLOCK;CHF;90;86.32030000;1000;PRC_DECOMP_MEMBER;;;;XEUR;10707780;1256;MEMBER
21.10.2024;16:08:33.974;NESG SI 20250321 CS;SIMPLE_INSTRUMENT;BLOCK;CHF;100;86.58000000;2000;EXCHANGE_LAST;;1;2;XEUR;10707780;1256;
21.10.2024;07:46:05.315;NESN SI 20241220 PS AM P 80.00 0;SIMPLE_INSTRUMENT;BLOCK;CHF;2;0.47000000;2000;EXCHANGE_LAST;;1;1;XEUR;10416627;1263;
21.10.2024;09:12:24.736;NESN SI 20241220 PS AM P 88.00 0;SIMPLE_INSTRUMENT;BLOCK;CHF;9;2.92000000;1750;EXCHANGE_LAST;;2;2;XEUR;8854508;1263;
21.10.2024;13:47:24.197;NESN SI 20241220 PS AM P 84.00 0;SIMPLE_INSTRUMENT;BLOCK;CHF;50;1.44000000;2849;EXCHANGE_LAST;;2;2;XEUR;4652628;1263;
21.10.2024;13:58:44.670;NESN SI 20241220 PS AM P 78.00 0;SIMPLE_INSTRUMENT;BLOCK;CHF;53;0.29000000;1500;EXCHANGE_LAST;;1;1;XEUR;11891467;1263;
21.10.2024;15:25:13.124;NESN SI 20241220 PS AM C 90.00 0;SIMPLE_INSTRUMENT;BLOCK;CHF;61;0.84000000;750;EXCHANGE_LAST;;1;1;XEUR;8854493;1263;
21.10.2024;15:31:40.552;NESN.O.241021.RBER.000014;STANDARD_OPTION_STRATEGY;BLOCK;CHF;63;-4.85000000;2000;EXCHANGE_LAST;;1;2;XEUR;72063018581698409;1263;
21.10.2024;15:31:40.552;NESN SI 20250919 PS AM P 88.00 0;SIMPLE_INSTRUMENT;BLOCK;CHF;63;6.91000000;2000;PRC_DECOMP_EXCHANGE;;;;XEUR;11891514;1263;EXCHANGE
21.10.2024;15:31:40.552;NESN SI 20250919 PS AM P 72.00 0;SIMPLE_INSTRUMENT;BLOCK;CHF;63;1.03000000;4000;PRC_DECOMP_EXCHANGE;;;;XEUR;11891497;1263;EXCHANGE
21.10.2024;12:20:16.664;NOA3 SI 20250321 PS AM C 4.80 0;SIMPLE_INSTRUMENT;BLOCK;EUR;9;0.17000000;30400;EXCHANGE_LAST;;1;1;XEUR;10850280;1275;
21.10.2024;12:19:46.452;NOA3 SI 20250321 PS AM C 4.80 0;SIMPLE_INSTRUMENT;BLOCK;EUR;10;0.16000000;9600;EXCHANGE_LAST;;1;1;XEUR;10850280;1275;
21.10.2024;09:53:21.018;NOVN SI 20241220 PS AM P 93.00 0;SIMPLE_INSTRUMENT;BLOCK;CHF;15;0.68000000;5000;EXCHANGE_LAST;;3;2;XEUR;11932898;724745;
21.10.2024;10:07:22.099;NOVN SI 20241220 PS AM P 94.00 0;SIMPLE_INSTRUMENT;BLOCK;CHF;18;0.78000000;2250;EXCHANGE_LAST;;1;2;XEUR;10614396;724745;
21.10.2024;11:42:34.696;NOVN SI 20241220 PS AM P 94.00 0;SIMPLE_INSTRUMENT;BLOCK;CHF;32;0.76000000;642;EXCHANGE_LAST;;1;1;XEUR;10614396;724745;
21.10.2024;11:42:52.274;NOVN SI 20241220 PS AM P 94.00 0;SIMPLE_INSTRUMENT;BLOCK;CHF;33;0.78000000;785;EXCHANGE_LAST;;1;1;XEUR;10614396;724745;
21.10.2024;12:44:09.358;NOVN.O.241021.BER.000008;STANDARD_OPTION_STRATEGY;BLOCK;CHF;40;10.47000000;2500;EXCHANGE_LAST;;1;1;XEUR;75170350110873187;724745;
21.10.2024;12:44:09.358;NOVN SI 20250919 PS AM P 110.00 0;SIMPLE_INSTRUMENT;BLOCK;CHF;40;13.48000000;2500;PRC_DECOMP_EXCHANGE;;;;XEUR;11933276;724745;EXCHANGE
21.10.2024;12:44:09.358;NOVN SI 20250919 PS AM P 90.00 0;SIMPLE_INSTRUMENT;BLOCK;CHF;40;3.01000000;2500;PRC_DECOMP_EXCHANGE;;;;XEUR;12022084;724745;EXCHANGE
21.10.2024;12:53:07.401;NOVN.O.241021.BER.000008;STANDARD_OPTION_STRATEGY;BLOCK;CHF;41;10.47000000;1000;EXCHANGE_LAST;;1;1;XEUR;75170350110873187;724745;
21.10.2024;12:53:07.401;NOVN SI 20250919 PS AM P 110.00 0;SIMPLE_INSTRUMENT;BLOCK;CHF;41;13.48000000;1000;PRC_DECOMP_MEMBER;;;;XEUR;11933276;724745;MEMBER
21.10.2024;12:53:07.401;NOVN SI 20250919 PS AM P 90.00 0;SIMPLE_INSTRUMENT;BLOCK;CHF;41;3.01000000;1000;PRC_DECOMP_MEMBER;;;;XEUR;12022084;724745;MEMBER
21.10.2024;13:20:32.988;NXSG SI 20241220 CS;SIMPLE_INSTRUMENT;BLOCK;EUR;48;137.63800000;6;EXCHANGE_LAST;;1;1;XEUR;7048544;24331;
21.10.2024;13:54:15.501;ODAP.V.241021.STG+U.000011;OPTION_VOLATILITY_STRATEGY;BLOCK;EUR;671088650;149.80000000;1;EXCHANGE_LAST;;1;1;XEUR;75225909807812551;737681;
21.10.2024;13:54:15.501;ODAP SI 20241022 CS EU P 19550 0;SIMPLE_INSTRUMENT;BLOCK;EUR;671088650;99.00000000;350;PRC_DECOMP_EXCHANGE;;;;XEUR;12059010;737681;EXCHANGE
21.10.2024;13:54:15.501;FDAX SI 20241220 CS;SIMPLE_INSTRUMENT;BLOCK;EUR;671088650;19650.00000000;15;PRC_DECOMP_EXCHANGE;;;;XEUR;7296065;737681;EXCHANGE
21.10.2024;13:54:15.501;ODAP SI 20241022 CS EU C 19650 0;SIMPLE_INSTRUMENT;BLOCK;EUR;671088650;50.80000000;350;PRC_DECOMP_EXCHANGE;;;;XEUR;12059001;737681;EXCHANGE
21.10.2024;07:59:32.839;ODAX SI 20250321 CS EU P 19500 0;SIMPLE_INSTRUMENT;BLOCK;EUR;2;553.00000000;1000;EXCHANGE_LAST;;1;1;XEUR;11144392;1176;
21.10.2024;08:25:45.410;ODAX.O.241021.PDIA.000142;STANDARD_OPTION_STRATEGY;BLOCK;EUR;3;43.20000000;800;EXCHANGE_LAST;;1;1;XEUR;72062644920381865;1176;
21.10.2024;08:25:45.410;ODAX SI 20241101 CS EU P 19200 0;SIMPLE_INSTRUMENT;BLOCK;EUR;3;60.50000000;800;PRC_DECOMP_EXCHANGE;;;;XEUR;11888735;1176;EXCHANGE
