#Date;TrdTime;Contract;ContractType;TrdTyp;Currency;TesId;Prc;Qty;TrdInd;Aggressor;Buy;Sell;Exch;InstrumentId;RelatedProdId;PrcDecomp
30.10.2024;12:13:09.978;A3BB SI 20250620 CS;SIMPLE_INSTRUMENT;BLOCK;CHF;20;0.90000000;1242;EXCHANGE_LAST;;1;3;XEUR;10886738;574519;
30.10.2024;09:34:17.468;ABBE.O.241030.COMBO.000001;STANDARD_OPTION_STRATEGY;BLOCK;CHF;6;0.55000000;6000;EXCHANGE_LAST;;1;2;XEUR;74525121468960205;574516;
30.10.2024;09:34:17.468;ABBE SI 20250620 PS EU P 45.00 0;SIMPLE_INSTRUMENT;BLOCK;CHF;6;1.99000000;6000;PRC_DECOMP_EXCHANGE;;;;XEUR;12158218;574516;EXCHANGE
30.10.2024;09:34:17.468;ABBE SI 20250620 PS EU C 53.00 0;SIMPLE_INSTRUMENT;BLOCK;CHF;6;1.44000000;6000;PRC_DECOMP_EXCHANGE;;;;XEUR;12158214;574516;EXCHANGE
30.10.2024;09:53:16.861;ABBE.O.241030.COMBO.000001;STANDARD_OPTION_STRATEGY;BLOCK;CHF;16;0.55000000;2000;EXCHANGE_LAST;;1;1;XEUR;74525121468960205;574516;
30.10.2024;09:53:16.861;ABBE SI 20250620 PS EU P 45.00 0;SIMPLE_INSTRUMENT;BLOCK;CHF;16;1.99000000;2000;PRC_DECOMP_MEMBER;;;;XEUR;12158218;574516;MEMBER
30.10.2024;09:53:16.861;ABBE SI 20250620 PS EU C 53.00 0;SIMPLE_INSTRUMENT;BLOCK;CHF;16;1.44000000;2000;PRC_DECOMP_MEMBER;;;;XEUR;12158214;574516;MEMBER
30.10.2024;13:42:32.240;ABBE.O.241030.COMBO.000005;STANDARD_OPTION_STRATEGY;BLOCK;CHF;52;-0.14000000;10000;EXCHANGE_LAST;;2;1;XEUR;74525121468960209;574516;
30.10.2024;13:42:32.240;ABBE SI 20250919 PS EU P 44.00 0;SIMPLE_INSTRUMENT;BLOCK;CHF;52;2.29000000;10000;PRC_DECOMP_EXCHANGE;;;;XEUR;11927828;574516;EXCHANGE
30.10.2024;13:42:32.240;ABBE SI 20250919 PS EU C 52.00 0;SIMPLE_INSTRUMENT;BLOCK;CHF;52;2.43000000;10000;PRC_DECOMP_EXCHANGE;;;;XEUR;11927768;574516;EXCHANGE
30.10.2024;12:13:49.063;ABBG.S.DEC24.JUN25.SPD;FUTURES_SPREAD;BLOCK;CHF;19;0.49250000;17500;EXCHANGE_LAST;;3;1;XEUR;74525138648825901;574520;
30.10.2024;12:13:49.063;ABBG SI 20250620 CS;SIMPLE_INSTRUMENT;BLOCK;CHF;19;48.34700000;17500;PRC_DECOMP_EXCHANGE;;;;XEUR;11209548;574520;EXCHANGE
30.10.2024;12:13:49.063;ABBG SI 20241220 CS;SIMPLE_INSTRUMENT;BLOCK;CHF;19;48.83950000;17500;PRC_DECOMP_EXCHANGE;;;;XEUR;8508601;574520;EXCHANGE
30.10.2024;13:21:21.275;ABBG SI 20241220 CS;SIMPLE_INSTRUMENT;BLOCK;CHF;39;48.42800000;3000;EXCHANGE_LAST;;1;2;XEUR;8508601;574520;
30.10.2024;09:53:15.833;ABBN.O.241030.BER.000001;STANDARD_OPTION_STRATEGY;BLOCK;CHF;12;3.15000000;2500;EXCHANGE_LAST;;1;2;XEUR;74525125763933348;574517;
30.10.2024;09:53:15.833;ABBN SI 20250620 PS AM P 52.00 0;SIMPLE_INSTRUMENT;BLOCK;CHF;12;5.53000000;2500;PRC_DECOMP_EXCHANGE;;;;XEUR;9516004;574517;EXCHANGE
30.10.2024;09:53:15.833;ABBN SI 20250620 PS AM P 46.00 0;SIMPLE_INSTRUMENT;BLOCK;CHF;12;2.38000000;2500;PRC_DECOMP_EXCHANGE;;;;XEUR;11409722;574517;EXCHANGE
30.10.2024;09:12:11.177;ADEN.O.241030.STG.000001;STANDARD_OPTION_STRATEGY;BLOCK;CHF;4;3.09000000;1500;EXCHANGE_LAST;;1;1;XEUR;72057783016513484;44;
30.10.2024;09:12:11.177;ADEN SI 20250919 PS AM C 28.00 0;SIMPLE_INSTRUMENT;BLOCK;CHF;4;1.99000000;1500;PRC_DECOMP_EXCHANGE;;;;XEUR;11870235;44;EXCHANGE
30.10.2024;09:12:11.177;ADEN SI 20250919 PS AM P 22.00 0;SIMPLE_INSTRUMENT;BLOCK;CHF;4;1.10000000;1500;PRC_DECOMP_EXCHANGE;;;;XEUR;11870206;44;EXCHANGE
30.10.2024;13:49:39.484;ADEN SI 20241115 PS AM P 26.50 0;SIMPLE_INSTRUMENT;BLOCK;CHF;55;0.50000000;4400;EXCHANGE_LAST;;1;1;XEUR;11697847;44;
30.10.2024;14:20:12.339;ADEN.O.241030.STG.000003;STANDARD_OPTION_STRATEGY;BLOCK;CHF;61;1.52000000;500;EXCHANGE_LAST;;1;1;XEUR;72057783016513486;44;
30.10.2024;14:20:12.339;ADEN SI 20241115 PS AM P 27.00 0;SIMPLE_INSTRUMENT;BLOCK;CHF;61;0.77000000;500;PRC_DECOMP_EXCHANGE;;;;XEUR;11697853;44;EXCHANGE
30.10.2024;14:20:12.339;ADEN SI 20241115 PS AM C 28.00 0;SIMPLE_INSTRUMENT;BLOCK;CHF;61;0.75000000;500;PRC_DECOMP_EXCHANGE;;;;XEUR;11697886;44;EXCHANGE
30.10.2024;14:38:36.023;ADEN SI 20250919 PS AM P 22.00 0;SIMPLE_INSTRUMENT;BLOCK;CHF;70;1.16000000;1300;EXCHANGE_LAST;;1;1;XEUR;11870206;44;
30.10.2024;11:34:02.540;ADS SI 20241115 PS AM C 225.00 0;SIMPLE_INSTRUMENT;BLOCK;EUR;6;4.93000000;250;EXCHANGE_LAST;;1;1;XEUR;11698198;50;
30.10.2024;13:08:20.160;ALC SI 20250919 PS AM P 64.00 0;SIMPLE_INSTRUMENT;BLOCK;CHF;43;1.50000000;300;EXCHANGE_LAST;;1;1;XEUR;12127667;130134;
30.10.2024;14:05:37.389;ALC SI 20250919 PS AM P 72.00 0;SIMPLE_INSTRUMENT;BLOCK;CHF;59;3.18000000;1500;EXCHANGE_LAST;;1;2;XEUR;11913753;130134;
30.10.2024;14:30:11.038;ALC.O.241030.STG.000002;STANDARD_OPTION_STRATEGY;BLOCK;CHF;67;7.64000000;400;EXCHANGE_LAST;;1;1;XEUR;72616515312035794;130134;
30.10.2024;14:30:11.038;ALC SI 20250919 PS AM P 68.00 0;SIMPLE_INSTRUMENT;BLOCK;CHF;67;2.13000000;400;PRC_DECOMP_EXCHANGE;;;;XEUR;11913755;130134;EXCHANGE
30.10.2024;14:30:11.038;ALC SI 20250919 PS AM C 84.00 0;SIMPLE_INSTRUMENT;BLOCK;CHF;67;5.51000000;400;PRC_DECOMP_EXCHANGE;;;;XEUR;11913761;130134;EXCHANGE
30.10.2024;14:50:46.875;ANN SI 20250919 PS AM P 26.00 0;SIMPLE_INSTRUMENT;BLOCK;EUR;10;1.46000000;750;EXCHANGE_LAST;;1;1;XEUR;11906431;45202;
30.10.2024;08:46:16.496;ASI SI 20241115 PS AM P 430.00 0;SIMPLE_INSTRUMENT;BLOCK;EUR;1;0.88000000;257;EXCHANGE_LAST;;1;1;XEUR;12097392;76318;
30.10.2024;08:46:21.922;ASI SI 20241115 PS AM P 470.00 0;SIMPLE_INSTRUMENT;BLOCK;EUR;2;2.10000000;200;EXCHANGE_LAST;;1;1;XEUR;12097367;76318;
30.10.2024;08:46:22.793;ASI SI 20241115 PS AM P 430.00 0;SIMPLE_INSTRUMENT;BLOCK;EUR;3;0.87000000;246;EXCHANGE_LAST;;1;1;XEUR;12097392;76318;
30.10.2024;08:46:23.410;ASI SI 20241115 PS AM P 470.00 0;SIMPLE_INSTRUMENT;BLOCK;EUR;4;2.11000000;303;EXCHANGE_LAST;;1;1;XEUR;12097367;76318;
30.10.2024;10:49:39.777;ASM SI 20250919 PS AM P 560.00 0;SIMPLE_INSTRUMENT;BLOCK;EUR;13;44.05000000;150;EXCHANGE_LAST;;1;1;XEUR;11872147;107;
30.10.2024;13:12:07.843;ASM SI 20250919 PS AM P 640.00 0;SIMPLE_INSTRUMENT;BLOCK;EUR;18;79.10000000;150;EXCHANGE_LAST;;1;1;XEUR;11872160;107;
30.10.2024;15:06:49.981;B2AS SI 20261218 CS;SIMPLE_INSTRUMENT;BLOCK;EUR;51;2.20000000;116;EXCHANGE_LAST;;1;1;XEUR;4632165;140;
30.10.2024;15:09:43.796;B2AS SI 20251219 CS;SIMPLE_INSTRUMENT;BLOCK;EUR;52;2.25000000;672;EXCHANGE_LAST;;1;1;XEUR;3681119;140;
30.10.2024;12:52:30.966;B2NP.S.DEC25.DEC26.SPD;FUTURES_SPREAD;BLOCK;EUR;31;0.27000000;50;EXCHANGE_LAST;;1;1;XEUR;72058156678643759;131;
30.10.2024;12:52:30.966;B2NP SI 20251219 CS;SIMPLE_INSTRUMENT;BLOCK;EUR;31;4.89000000;50;PRC_DECOMP_MEMBER;;;;XEUR;5914355;131;MEMBER
30.10.2024;12:52:30.966;B2NP SI 20261218 CS;SIMPLE_INSTRUMENT;BLOCK;EUR;31;4.62000000;50;PRC_DECOMP_MEMBER;;;;XEUR;6798320;131;MEMBER
30.10.2024;16:38:26.832;B2NP SI 20251219 CS;SIMPLE_INSTRUMENT;BLOCK;EUR;78;4.89000000;200;EXCHANGE_LAST;;2;3;XEUR;5914355;131;
30.10.2024;10:22:43.496;BALN SI 20250919 PS AM P 140.00 0;SIMPLE_INSTRUMENT;BLOCK;CHF;23;3.25000000;250;EXCHANGE_LAST;;1;1;XEUR;11872657;147;
30.10.2024;08:32:25.292;BAS SI 20241115 PS AM C 47.00 0;SIMPLE_INSTRUMENT;BLOCK;EUR;1;0.47000000;1618;EXCHANGE_LAST;;1;1;XEUR;11699761;150;
30.10.2024;15:38:23.291;BAS SI 20241220 PS AM P 42.00 0;SIMPLE_INSTRUMENT;BLOCK;EUR;4;0.58000000;500;EXCHANGE_LAST;;1;1;XEUR;7509964;150;
30.10.2024;15:39:24.172;BAS SI 20250620 PS AM P 42.00 0;SIMPLE_INSTRUMENT;BLOCK;EUR;5;2.52000000;500;EXCHANGE_LAST;;1;1;XEUR;11350808;150;
30.10.2024;15:49:54.272;BAS SI 20241220 PS AM P 45.00 0;SIMPLE_INSTRUMENT;BLOCK;EUR;6;1.56000000;2000;EXCHANGE_LAST;;1;1;XEUR;7509952;150;
30.10.2024;12:48:22.632;BASG SI 20241220 CS;SIMPLE_INSTRUMENT;BLOCK;EUR;28;44.96500000;2000;EXCHANGE_LAST;;1;1;XEUR;7032007;171;
30.10.2024;12:56:07.090;BASG SI 20241220 CS;SIMPLE_INSTRUMENT;BLOCK;EUR;33;45.00000000;3000;EXCHANGE_LAST;;1;1;XEUR;7032007;171;
30.10.2024;10:52:25.873;BAY SI 20250321 PS AM P 23.00 0;SIMPLE_INSTRUMENT;BLOCK;EUR;3;0.99000000;4000;EXCHANGE_LAST;;1;1;XEUR;11234146;168;
30.10.2024;12:18:39.994;BNP SI 20250620 PS AM P 56.00 0;SIMPLE_INSTRUMENT;BLOCK;EUR;9;2.38000000;1500;EXCHANGE_LAST;;1;1;XEUR;7900157;237;
30.10.2024;16:10:04.428;BNP SI 20250117 PS AM C 66.00 0;SIMPLE_INSTRUMENT;BLOCK;EUR;30;3.02000000;500;EXCHANGE_LAST;;1;1;XEUR;12070451;237;
30.10.2024;15:04:50.924;BPT SI 20250919 PS AM P 320 0;SIMPLE_INSTRUMENT;BLOCK;GBX;8;14.25000000;1200;EXCHANGE_LAST;;1;1;XEUR;11875286;250;
30.10.2024;14:06:13.667;BSN SI 20250321 PS AM C 72.00 0;SIMPLE_INSTRUMENT;BLOCK;EUR;22;0.89000000;800;EXCHANGE_LAST;;1;2;XEUR;10832994;241;
30.10.2024;10:53:12.453;C4RI SI 20251219 CS;SIMPLE_INSTRUMENT;BLOCK;EUR;14;2.78000000;250;EXCHANGE_LAST;;1;1;XEUR;5914459;50862;
30.10.2024;10:49:21.048;CBK SI 20250620 PS AM P 16.00 0;SIMPLE_INSTRUMENT;BLOCK;EUR;3;1.63000000;2000;EXCHANGE_LAST;;1;1;XEUR;8356725;268;
30.10.2024;10:49:38.301;CBK SI 20250620 PS AM P 16.00 0;SIMPLE_INSTRUMENT;BLOCK;EUR;4;1.64000000;2000;EXCHANGE_LAST;;1;1;XEUR;8356725;268;
30.10.2024;10:49:54.395;CBK SI 20250620 PS AM C 16.00 0;SIMPLE_INSTRUMENT;BLOCK;EUR;5;1.87000000;4000;EXCHANGE_LAST;;1;1;XEUR;8356724;268;
30.10.2024;11:55:29.368;CBK SI 20241115 PS AM P 16.00 0;SIMPLE_INSTRUMENT;BLOCK;EUR;7;0.39000000;2500;EXCHANGE_LAST;;1;1;XEUR;11836941;268;
30.10.2024;11:55:16.197;CBK SI 20241115 PS AM P 16.00 0;SIMPLE_INSTRUMENT;BLOCK;EUR;8;0.40000000;2500;EXCHANGE_LAST;;1;1;XEUR;11836941;268;
30.10.2024;14:45:01.887;CBK SI 20241220 PS AM C 16.60 0;SIMPLE_INSTRUMENT;BLOCK;EUR;19;0.68000000;10000;EXCHANGE_LAST;;1;1;XEUR;11621481;268;
30.10.2024;16:06:06.831;D2PW SI 20251219 CS;SIMPLE_INSTRUMENT;BLOCK;EUR;71;1.78000000;100;EXCHANGE_LAST;;1;1;XEUR;3681256;9702;
30.10.2024;16:00:55.137;D3AI SI 20251219 CS;SIMPLE_INSTRUMENT;BLOCK;EUR;69;3.90000000;100;EXCHANGE_LAST;;1;1;XEUR;7144062;443197;
30.10.2024;16:19:57.271;D3AI.S.DEC25.DEC26.SPD;FUTURES_SPREAD;BLOCK;EUR;73;0.92000000;100;EXCHANGE_LAST;;1;1;XEUR;73961110658613274;443197;
30.10.2024;16:19:57.271;D3AI SI 20251219 CS;SIMPLE_INSTRUMENT;BLOCK;EUR;73;3.90000000;100;PRC_DECOMP_MEMBER;;;;XEUR;7144062;443197;MEMBER
30.10.2024;16:19:57.271;D3AI SI 20261218 CS;SIMPLE_INSTRUMENT;BLOCK;EUR;73;2.98000000;100;PRC_DECOMP_MEMBER;;;;XEUR;7144051;443197;MEMBER
30.10.2024;14:00:02.921;D4BK SI 20271217 CS;SIMPLE_INSTRUMENT;BLOCK;EUR;45;0.75000000;300;EXCHANGE_LAST;;1;1;XEUR;5914528;51565;
30.10.2024;09:52:58.268;DAI SI 20251219 PS AM P 60.00 0;SIMPLE_INSTRUMENT;BLOCK;EUR;2;8.56000000;3500;EXCHANGE_LAST;;1;1;XEUR;7144540;443196;
30.10.2024;11:46:11.234;DAI SI 20250321 PS AM P 60.00 0;SIMPLE_INSTRUMENT;BLOCK;EUR;9;5.27000000;3000;EXCHANGE_LAST;;1;1;XEUR;10884522;443196;
30.10.2024;12:21:50.705;DAI SI 20241115 PS AM C 62.00 0;SIMPLE_INSTRUMENT;BLOCK;EUR;11;0.06000000;4214;EXCHANGE_LAST;;1;1;XEUR;11738771;443196;
30.10.2024;13:06:46.821;DAI.O.241030.BER.000010;STANDARD_OPTION_STRATEGY;BLOCK;EUR;14;3.88000000;2250;EXCHANGE_LAST;;1;2;XEUR;73961106363660504;443196;
30.10.2024;13:06:46.821;DAI SI 20271217 PS AM P 48.00 0;SIMPLE_INSTRUMENT;BLOCK;EUR;14;7.06000000;2250;PRC_DECOMP_EXCHANGE;;;;XEUR;8833332;443196;EXCHANGE
30.10.2024;13:06:46.821;DAI SI 20271217 PS AM P 56.00 0;SIMPLE_INSTRUMENT;BLOCK;EUR;14;10.94000000;2250;PRC_DECOMP_EXCHANGE;;;;XEUR;9836499;443196;EXCHANGE
30.10.2024;14:19:02.389;DAI.O.241030.COMBO.000011;STANDARD_OPTION_STRATEGY;BLOCK;EUR;16;0.20000000;2250;EXCHANGE_LAST;;2;1;XEUR;73961106363660505;443196;
30.10.2024;14:19:02.389;DAI SI 20241220 PS AM C 60.00 0;SIMPLE_INSTRUMENT;BLOCK;EUR;16;0.62000000;2250;PRC_DECOMP_EXCHANGE;;;;XEUR;7144858;443196;EXCHANGE
30.10.2024;14:19:02.389;DAI SI 20241220 PS AM P 52.00 0;SIMPLE_INSTRUMENT;BLOCK;EUR;16;0.82000000;2250;PRC_DECOMP_EXCHANGE;;;;XEUR;7144860;443196;EXCHANGE
30.10.2024;14:43:29.916;DAI.O.241030.BUL.000012;STANDARD_OPTION_STRATEGY;BLOCK;EUR;18;0.83000000;2250;EXCHANGE_LAST;;1;2;XEUR;73961106363660506;443196;
30.10.2024;14:43:29.916;DAI SI 20251219 PS AM C 68.00 0;SIMPLE_INSTRUMENT;BLOCK;EUR;18;1.43000000;2250;PRC_DECOMP_EXCHANGE;;;;XEUR;7144534;443196;EXCHANGE
30.10.2024;14:43:29.916;DAI SI 20251219 PS AM C 64.00 0;SIMPLE_INSTRUMENT;BLOCK;EUR;18;2.26000000;2250;PRC_DECOMP_EXCHANGE;;;;XEUR;7423844;443196;EXCHANGE
30.10.2024;12:47:15.487;DPW SI 20260619 PS AM P 28.00 0;SIMPLE_INSTRUMENT;BLOCK;EUR;4;1.38000000;1500;EXCHANGE_LAST;;1;1;XEUR;9545210;445;
30.10.2024;11:41:26.759;DPWE.O.241030.BUL.000001;STANDARD_OPTION_STRATEGY;BLOCK;EUR;3;0.48000000;7500;EXCHANGE_LAST;;1;2;XEUR;72256124606221580;46224;
30.10.2024;11:41:26.759;DPWE SI 20250620 PS EU C 38.00 0;SIMPLE_INSTRUMENT;BLOCK;EUR;3;2.06000000;7500;PRC_DECOMP_EXCHANGE;;;;XEUR;11387443;46224;EXCHANGE
30.10.2024;11:41:26.759;DPWE SI 20250620 PS EU C 37.00 0;SIMPLE_INSTRUMENT;BLOCK;EUR;3;2.54000000;7500;PRC_DECOMP_EXCHANGE;;;;XEUR;12127141;46224;EXCHANGE
30.10.2024;15:23:27.686;DUFN SI 20241220 PS AM P 32.00 0;SIMPLE_INSTRUMENT;BLOCK;CHF;74;0.48000000;600;EXCHANGE_LAST;;1;1;XEUR;8779516;418;
30.10.2024;15:24:07.482;DUFN SI 20250919 PS AM P 30.00 0;SIMPLE_INSTRUMENT;BLOCK;CHF;75;1.73000000;400;EXCHANGE_LAST;;1;1;XEUR;11877989;418;
30.10.2024;10:08:20.533;DVC.N.241030.000001;NON_STANDARD_OPTION_STRATEGY;BLOCK;EUR;11;-0.19100000;8000;EXCHANGE_LAST;;1;1;XEUR;72059397924192277;420;
30.10.2024;10:08:20.533;DVC SI 20250320 PS AM P 5.60 0;SIMPLE_INSTRUMENT;BLOCK;EUR;11;0.10100000;8000;PRC_DECOMP_MEMBER;;;;XEUR;10822568;420;MEMBER
30.10.2024;10:08:20.533;DVC SI 20250619 PS AM P 4.80 0;SIMPLE_INSTRUMENT;BLOCK;EUR;11;0.14600000;16000;PRC_DECOMP_MEMBER;;;;XEUR;9531107;420;MEMBER
30.10.2024;16:37:57.103;E2NT SI 20251219 CS;SIMPLE_INSTRUMENT;BLOCK;EUR;75;1.01000000;300;EXCHANGE_LAST;;1;1;XEUR;3681294;470;
30.10.2024;09:33:36.501;EAD.O.241030.CDIA.000003;STANDARD_OPTION_STRATEGY;BLOCK;EUR;4;-1.10000000;500;EXCHANGE_LAST;;1;1;XEUR;72059591197744908;465;
30.10.2024;09:33:36.501;EAD SI 20241220 PS AM C 150.00 0;SIMPLE_INSTRUMENT;BLOCK;EUR;4;2.20000000;500;PRC_DECOMP_MEMBER;;;;XEUR;11013838;465;MEMBER
30.10.2024;09:33:36.501;EAD SI 20241115 PS AM C 140.00 0;SIMPLE_INSTRUMENT;BLOCK;EUR;4;3.30000000;500;PRC_DECOMP_MEMBER;;;;XEUR;11705008;465;MEMBER
30.10.2024;13:38:06.377;ENL5 SI 20271216 PS AM P 4.80 0;SIMPLE_INSTRUMENT;BLOCK;EUR;20;0.27500000;1200;EXCHANGE_LAST;;1;1;XEUR;8765188;500;
30.10.2024;14:12:05.227;ENL5 SI 20250320 PS AM P 6.00 0;SIMPLE_INSTRUMENT;BLOCK;EUR;22;0.06000000;2000;EXCHANGE_LAST;;1;1;XEUR;10822795;500;
30.10.2024;10:37:38.309;ENT5.O.241030.STD.000001;STANDARD_OPTION_STRATEGY;BLOCK;EUR;12;2.02500000;500;EXCHANGE_LAST;;1;1;XEUR;72059728636683165;497;
30.10.2024;10:37:38.309;ENT5 SI 20250918 PS AM C 14.00 0;SIMPLE_INSTRUMENT;BLOCK;EUR;12;0.87450000;500;PRC_DECOMP_EXCHANGE;;;;XEUR;11863458;497;EXCHANGE
30.10.2024;10:37:38.309;ENT5 SI 20250918 PS AM P 14.00 0;SIMPLE_INSTRUMENT;BLOCK;EUR;12;1.15050000;500;PRC_DECOMP_EXCHANGE;;;;XEUR;11863459;497;EXCHANGE
30.10.2024;13:35:11.216;ENT5 SI 20250320 PS AM P 13.00 0;SIMPLE_INSTRUMENT;BLOCK;EUR;19;0.30000000;600;EXCHANGE_LAST;;1;1;XEUR;10822839;497;
30.10.2024;13:44:40.842;ESL SI 20250321 PS AM P 170.00 0;SIMPLE_INSTRUMENT;BLOCK;EUR;21;1.59000000;250;EXCHANGE_LAST;;1;1;XEUR;10838306;481;
30.10.2024;09:57:55.805;ESSG SI 20241115 CS;SIMPLE_INSTRUMENT;BLOCK;EUR;11;45.70150000;175;EXCHANGE_LAST;;1;1;XEUR;10147805;324377;
30.10.2024;10:53:39.843;EUCO SI 20241213 PS EU P 1.0600 0;SIMPLE_INSTRUMENT;BLOCK;USD;1;0.00400000;50;EXCHANGE_LAST;;1;1;XEUR;10366073;369370;
30.10.2024;12:49:00.054;F3TE SI 20251219 CS;SIMPLE_INSTRUMENT;BLOCK;EUR;29;0.72500000;1000;EXCHANGE_LAST;;1;1;XEUR;6633903;390379;
30.10.2024;13:05:14.054;F3TE SI 20261218 CS;SIMPLE_INSTRUMENT;BLOCK;EUR;36;0.69500000;1000;EXCHANGE_LAST;;1;1;XEUR;6633899;390379;
30.10.2024;16:50:41.107;F3TE SI 20261218 CS;SIMPLE_INSTRUMENT;BLOCK;EUR;85;0.69500000;300;EXCHANGE_LAST;;1;1;XEUR;6633899;390379;
30.10.2024;16:47:42.264;FATX SI 20241220 CS;SIMPLE_INSTRUMENT;EFP_IDX;EUR;8;3562.00000000;36;EXCHANGE_LAST;;1;1;XEUR;10863639;28699;
30.10.2024;16:48:09.442;FATX SI 20241220 CS;SIMPLE_INSTRUMENT;EFP_IDX;EUR;9;3562.50000000;29;EXCHANGE_LAST;;1;1;XEUR;10863639;28699;
30.10.2024;08:19:53.100;FBTP SI 20241206 PS;SIMPLE_INSTRUMENT;EFP_FIN;EUR;1;120.65000000;1052;EXCHANGE_LAST;;1;1;XEUR;10804520;636;
30.10.2024;08:29:59.388;FBTP SI 20241206 PS;SIMPLE_INSTRUMENT;EFP_FIN;EUR;2;120.61000000;562;EXCHANGE_LAST;;1;1;XEUR;10804520;636;
30.10.2024;08:46:22.683;FBTP SI 20241206 PS;SIMPLE_INSTRUMENT;EFP_FIN;EUR;3;120.69000000;843;EXCHANGE_LAST;;1;1;XEUR;10804520;636;
30.10.2024;09:23:59.632;FBTP SI 20241206 PS;SIMPLE_INSTRUMENT;EFP_FIN;EUR;4;120.48000000;635;EXCHANGE_LAST;;1;1;XEUR;10804520;636;
30.10.2024;10:17:25.446;FBTP SI 20241206 PS;SIMPLE_INSTRUMENT;EFP_FIN;EUR;5;120.38000000;564;EXCHANGE_LAST;;1;1;XEUR;10804520;636;
30.10.2024;10:36:41.031;FBTP SI 20241206 PS;SIMPLE_INSTRUMENT;EFP_FIN;EUR;6;120.48000000;98;EXCHANGE_LAST;;1;1;XEUR;10804520;636;
30.10.2024;10:39:59.645;FBTP SI 20241206 PS;SIMPLE_INSTRUMENT;EFP_FIN;EUR;7;120.46000000;105;EXCHANGE_LAST;;1;1;XEUR;10804520;636;
30.10.2024;10:40:44.648;FBTP SI 20241206 PS;SIMPLE_INSTRUMENT;EFP_FIN;EUR;8;120.46000000;189;EXCHANGE_LAST;;1;1;XEUR;10804520;636;
30.10.2024;10:44:50.295;FBTP SI 20241206 PS;SIMPLE_INSTRUMENT;EFP_FIN;EUR;9;120.45000000;911;EXCHANGE_LAST;;1;1;XEUR;10804520;636;
30.10.2024;10:45:07.247;FBTP SI 20241206 PS;SIMPLE_INSTRUMENT;BLOCK;EUR;10;120.46000000;500;EXCHANGE_LAST;;1;1;XEUR;10804520;636;
30.10.2024;10:50:24.016;FBTP SI 20241206 PS;SIMPLE_INSTRUMENT;BLOCK;EUR;11;120.47000000;506;EXCHANGE_LAST;;1;1;XEUR;10804520;636;
30.10.2024;11:14:52.963;FBTP SI 20241206 PS;SIMPLE_INSTRUMENT;EFP_FIN;EUR;12;120.37000000;274;EXCHANGE_LAST;;1;1;XEUR;10804520;636;
30.10.2024;11:18:30.149;FBTP SI 20241206 PS;SIMPLE_INSTRUMENT;EFP_FIN;EUR;13;120.40000000;480;EXCHANGE_LAST;;1;1;XEUR;10804520;636;
30.10.2024;11:31:51.954;FBTP SI 20241206 PS;SIMPLE_INSTRUMENT;EFP_FIN;EUR;14;120.44000000;400;EXCHANGE_LAST;;1;1;XEUR;10804520;636;
30.10.2024;11:43:45.226;FBTP SI 20241206 PS;SIMPLE_INSTRUMENT;EFP_FIN;EUR;15;120.40000000;311;EXCHANGE_LAST;;1;1;XEUR;10804520;636;
30.10.2024;12:07:28.620;FBTP SI 20241206 PS;SIMPLE_INSTRUMENT;EFP_FIN;EUR;16;120.45000000;144;EXCHANGE_LAST;;1;1;XEUR;10804520;636;
30.10.2024;12:09:28.843;FBTP SI 20241206 PS;SIMPLE_INSTRUMENT;EFP_FIN;EUR;17;120.21000000;912;EXCHANGE_LAST;;1;1;XEUR;10804520;636;
30.10.2024;12:56:55.607;FBTP SI 20241206 PS;SIMPLE_INSTRUMENT;EFP_FIN;EUR;18;120.15000000;268;EXCHANGE_LAST;;1;1;XEUR;10804520;636;
30.10.2024;13:00:44.811;FBTP SI 20241206 PS;SIMPLE_INSTRUMENT;EFP_FIN;EUR;19;120.15000000;196;EXCHANGE_LAST;;1;1;XEUR;10804520;636;
30.10.2024;13:01:49.601;FBTP SI 20241206 PS;SIMPLE_INSTRUMENT;EFP_FIN;EUR;20;120.20000000;152;EXCHANGE_LAST;;1;1;XEUR;10804520;636;
30.10.2024;13:04:43.515;FBTP SI 20241206 PS;SIMPLE_INSTRUMENT;EFP_FIN;EUR;22;120.14000000;292;EXCHANGE_LAST;;1;1;XEUR;10804520;636;
30.10.2024;13:17:05.214;FBTP SI 20241206 PS;SIMPLE_INSTRUMENT;EFP_FIN;EUR;23;120.16000000;223;EXCHANGE_LAST;;1;1;XEUR;10804520;636;
30.10.2024;13:54:30.471;FBTP SI 20241206 PS;SIMPLE_INSTRUMENT;EFP_FIN;EUR;24;120.37000000;456;EXCHANGE_LAST;;1;1;XEUR;10804520;636;
30.10.2024;14:34:36.222;FBTP SI 20241206 PS;SIMPLE_INSTRUMENT;BLOCK;EUR;25;120.35000000;1049;EXCHANGE_LAST;;1;1;XEUR;10804520;636;
30.10.2024;15:00:25.916;FBTP SI 20241206 PS;SIMPLE_INSTRUMENT;EFP_FIN;EUR;26;120.16000000;268;EXCHANGE_LAST;;1;1;XEUR;10804520;636;
30.10.2024;15:10:56.101;FBTP SI 20241206 PS;SIMPLE_INSTRUMENT;BLOCK;EUR;27;119.91000000;264;EXCHANGE_LAST;;1;1;XEUR;10804520;636;
30.10.2024;15:12:18.753;FBTP SI 20241206 PS;SIMPLE_INSTRUMENT;EFP_FIN;EUR;28;119.95000000;127;EXCHANGE_LAST;;1;1;XEUR;10804520;636;
30.10.2024;15:46:34.509;FBTP SI 20241206 PS;SIMPLE_INSTRUMENT;EFP_FIN;EUR;29;119.94000000;217;EXCHANGE_LAST;;1;1;XEUR;10804520;636;
30.10.2024;16:19:52.100;FBTP SI 20241206 PS;SIMPLE_INSTRUMENT;EFP_FIN;EUR;30;119.90000000;642;EXCHANGE_LAST;;1;1;XEUR;10804520;636;
30.10.2024;16:20:59.688;FBTP SI 20241206 PS;SIMPLE_INSTRUMENT;EFP_FIN;EUR;31;119.84000000;240;EXCHANGE_LAST;;1;1;XEUR;10804520;636;
30.10.2024;16:23:12.776;FBTP SI 20241206 PS;SIMPLE_INSTRUMENT;EFP_FIN;EUR;32;119.84000000;400;EXCHANGE_LAST;;1;1;XEUR;10804520;636;
30.10.2024;09:00:09.613;FBTS SI 20241206 PS;SIMPLE_INSTRUMENT;EFP_FIN;EUR;4;107.29000000;1670;EXCHANGE_LAST;;1;1;XEUR;10804522;639;
30.10.2024;09:24:18.794;FBTS SI 20241206 PS;SIMPLE_INSTRUMENT;EFP_FIN;EUR;6;107.17000000;1113;EXCHANGE_LAST;;1;1;XEUR;10804522;639;
30.10.2024;11:11:57.965;FBTS SI 20241206 PS;SIMPLE_INSTRUMENT;BLOCK;EUR;10;107.17000000;1004;EXCHANGE_LAST;;1;1;XEUR;10804522;639;
30.10.2024;11:30:37.967;FBTS SI 20241206 PS;SIMPLE_INSTRUMENT;EFP_FIN;EUR;11;107.18000000;712;EXCHANGE_LAST;;1;1;XEUR;10804522;639;
30.10.2024;11:31:15.337;FBTS SI 20241206 PS;SIMPLE_INSTRUMENT;EFP_FIN;EUR;12;107.19000000;859;EXCHANGE_LAST;;1;1;XEUR;10804522;639;
30.10.2024;11:54:19.563;FBTS SI 20241206 PS;SIMPLE_INSTRUMENT;EFP_FIN;EUR;14;107.17000000;859;EXCHANGE_LAST;;1;1;XEUR;10804522;639;
30.10.2024;12:35:28.784;FBTS SI 20241206 PS;SIMPLE_INSTRUMENT;EFS;EUR;15;107.16000000;4494;EXCHANGE_LAST;;1;1;XEUR;10804522;639;
30.10.2024;13:31:33.444;FBTS SI 20241206 PS;SIMPLE_INSTRUMENT;BLOCK;EUR;19;107.14000000;421;EXCHANGE_LAST;;1;1;XEUR;10804522;639;
30.10.2024;14:20:27.082;FBTS SI 20241206 PS;SIMPLE_INSTRUMENT;EFP_FIN;EUR;22;107.18000000;470;EXCHANGE_LAST;;1;1;XEUR;10804522;639;
30.10.2024;14:22:08.026;FBTS SI 20241206 PS;SIMPLE_INSTRUMENT;EFP_FIN;EUR;23;107.20000000;442;EXCHANGE_LAST;;1;1;XEUR;10804522;639;
30.10.2024;15:38:21.468;FBTS SI 20241206 PS;SIMPLE_INSTRUMENT;EFP_FIN;EUR;31;106.99000000;117;EXCHANGE_LAST;;1;1;XEUR;10804522;639;
30.10.2024;16:26:26.388;FBTS SI 20241206 PS;SIMPLE_INSTRUMENT;EFP_FIN;EUR;34;106.97000000;480;EXCHANGE_LAST;;1;1;XEUR;10804522;639;
30.10.2024;16:42:58.600;FBTS SI 20241206 PS;SIMPLE_INSTRUMENT;EFP_FIN;EUR;35;107.00000000;115;EXCHANGE_LAST;;1;1;XEUR;10804522;639;
30.10.2024;16:46:13.563;FBTS SI 20241206 PS;SIMPLE_INSTRUMENT;EFP_FIN;EUR;36;107.01000000;445;EXCHANGE_LAST;;1;1;XEUR;10804522;639;
30.10.2024;13:34:44.556;FCMU SI 20241216 CS;SIMPLE_INSTRUMENT;BLOCK;USD;2;0.04897000;260;EXCHANGE_LAST;;1;1;XEUR;10921066;570874;
30.10.2024;09:35:44.176;FCZU SI 20241216 CS;SIMPLE_INSTRUMENT;BLOCK;USD;1;0.05660000;100;EXCHANGE_LAST;;1;1;XEUR;10921064;570872;
30.10.2024;14:56:55.209;FD3D.S.DEC25.DEC26.SPD;FUTURES_SPREAD;BLOCK;EUR;27;-0.40000000;600;EXCHANGE_LAST;;1;2;XEUR;72060119478699060;588;
30.10.2024;14:56:55.209;FD3D SI 20261218 CS;SIMPLE_INSTRUMENT;BLOCK;EUR;27;107.40000000;600;PRC_DECOMP_MEMBER;;;;XEUR;7158183;588;MEMBER
30.10.2024;14:56:55.209;FD3D SI 20251219 CS;SIMPLE_INSTRUMENT;BLOCK;EUR;27;107.00000000;600;PRC_DECOMP_MEMBER;;;;XEUR;5914068;588;MEMBER
30.10.2024;15:08:50.999;FD3D SI 20261218 CS;SIMPLE_INSTRUMENT;BLOCK;EUR;29;107.70000000;100;EXCHANGE_LAST;;1;1;XEUR;7158183;588;
30.10.2024;15:56:14.308;FD3D SI 20261218 CS;SIMPLE_INSTRUMENT;BLOCK;EUR;33;108.10000000;500;EXCHANGE_LAST;;1;1;XEUR;7158183;588;
30.10.2024;16:42:12.191;FDAX SI 20241220 CS;SIMPLE_INSTRUMENT;BLOCK;EUR;1;19370.00000000;250;EXCHANGE_LAST;;1;1;XEUR;7296065;589;
30.10.2024;10:13:07.280;FDAX SI 20241220 CS;SIMPLE_INSTRUMENT;VOLA;EUR;671088646;19480.00000000;36;EXCHANGE_LAST;;1;1;XEUR;7296065;589;
30.10.2024;15:18:09.454;FDAX SI 20241220 CS;SIMPLE_INSTRUMENT;VOLA;EUR;671088656;19415.00000000;39;EXCHANGE_LAST;;1;1;XEUR;7296065;589;
30.10.2024;08:57:41.054;FEBD SI 20261218 CS;SIMPLE_INSTRUMENT;BLOCK;EUR;1;9.47000000;375;EXCHANGE_LAST;;1;1;XEUR;7158212;597;
30.10.2024;11:53:55.977;FEBD.S.DEC26.DEC27.SPD;FUTURES_SPREAD;BLOCK;EUR;11;0.83000000;750;EXCHANGE_LAST;;1;2;XEUR;72060158133406977;597;
30.10.2024;11:53:55.977;FEBD SI 20271217 CS;SIMPLE_INSTRUMENT;BLOCK;EUR;11;8.60000000;750;PRC_DECOMP_MEMBER;;;;XEUR;7776307;597;MEMBER
30.10.2024;11:53:55.977;FEBD SI 20261218 CS;SIMPLE_INSTRUMENT;BLOCK;EUR;11;9.43000000;750;PRC_DECOMP_MEMBER;;;;XEUR;7158212;597;MEMBER
30.10.2024;14:05:17.977;FEBD SI 20250620 CS;SIMPLE_INSTRUMENT;BLOCK;EUR;18;7.43000000;95;EXCHANGE_LAST;;1;1;XEUR;9547772;597;
30.10.2024;16:49:22.792;FEBD SI 20241220 CS;SIMPLE_INSTRUMENT;BLOCK;EUR;45;9.68000000;61;EXCHANGE_LAST;;1;1;XEUR;4631940;597;
30.10.2024;10:03:14.127;FECX SI 20241220 CS;SIMPLE_INSTRUMENT;BLOCK;EUR;5;164.38000000;87;EXCHANGE_LAST;;1;1;XEUR;10920731;410158;
30.10.2024;14:10:56.572;FECX SI 20241220 CS;SIMPLE_INSTRUMENT;BLOCK;EUR;19;164.45000000;1000;EXCHANGE_LAST;;1;1;XEUR;10920731;410158;
30.10.2024;14:17:08.366;FECX SI 20241220 CS;SIMPLE_INSTRUMENT;BLOCK;EUR;20;164.44000000;215;EXCHANGE_LAST;;1;1;XEUR;10920731;410158;
30.10.2024;14:18:13.485;FECX SI 20241220 CS;SIMPLE_INSTRUMENT;BLOCK;EUR;21;164.44000000;740;EXCHANGE_LAST;;1;1;XEUR;10920731;410158;
30.10.2024;13:25:59.677;FEHY SI 20241220 CS;SIMPLE_INSTRUMENT;BLOCK;EUR;14;291.78000000;994;EXCHANGE_LAST;;1;1;XEUR;10921067;574047;
30.10.2024;16:20:44.981;FES1 SI 20241220 PS;SIMPLE_INSTRUMENT;BLOCK;EUR;36;15.70000000;300;EXCHANGE_LAST;;1;1;XEUR;10869579;58959;
30.10.2024;12:00:11.864;FESB SI 20241220 CS;SIMPLE_INSTRUMENT;VOLA;EUR;603979790;143.60000000;576;EXCHANGE_LAST;;1;1;XEUR;10838895;605;
30.10.2024;09:30:09.159;FESX.S.DEC24.MAR25.SPD;FUTURES_SPREAD;BLOCK;EUR;1;-22.75000000;2000;EXCHANGE_LAST;;1;1;XEUR;72060493140861185;675;
30.10.2024;09:30:09.159;FESX SI 20241220 CS;SIMPLE_INSTRUMENT;BLOCK;EUR;1;4935.25000000;2000;PRC_DECOMP_EXCHANGE;;;;XEUR;7793479;675;EXCHANGE
30.10.2024;09:30:09.159;FESX SI 20250321 CS;SIMPLE_INSTRUMENT;BLOCK;EUR;1;4958.00000000;2000;PRC_DECOMP_EXCHANGE;;;;XEUR;7793482;675;EXCHANGE
30.10.2024;11:41:22.246;FESX SI 20241220 CS;SIMPLE_INSTRUMENT;BLOCK;EUR;2;4910.00000000;3484;EXCHANGE_LAST;;1;1;XEUR;7793479;675;
30.10.2024;12:16:50.749;FESX SI 20241220 CS;SIMPLE_INSTRUMENT;BLOCK;EUR;3;4900.00000000;4000;EXCHANGE_LAST;;1;1;XEUR;7793479;675;
30.10.2024;15:16:24.530;FESX SI 20241220 CS;SIMPLE_INSTRUMENT;BLOCK;EUR;4;4910.00000000;4000;EXCHANGE_LAST;;1;1;XEUR;7793479;675;
30.10.2024;16:41:43.022;FESX SI 20241220 CS;SIMPLE_INSTRUMENT;EFP_IDX;EUR;5;4901.00000000;126;EXCHANGE_LAST;;1;1;XEUR;7793479;675;
30.10.2024;16:43:16.029;FESX SI 20241220 CS;SIMPLE_INSTRUMENT;EFP_IDX;EUR;7;4903.00000000;31;EXCHANGE_LAST;;1;1;XEUR;7793479;675;
30.10.2024;16:43:37.264;FESX SI 20241220 CS;SIMPLE_INSTRUMENT;EFP_IDX;EUR;8;4901.00000000;250;EXCHANGE_LAST;;1;1;XEUR;7793479;675;
30.10.2024;16:43:45.423;FESX SI 20241220 CS;SIMPLE_INSTRUMENT;EFP_IDX;EUR;9;4902.00000000;150;EXCHANGE_LAST;;1;1;XEUR;7793479;675;
30.10.2024;16:46:13.502;FESX SI 20241220 CS;SIMPLE_INSTRUMENT;EFP_IDX;EUR;10;4901.00000000;63;EXCHANGE_LAST;;1;1;XEUR;7793479;675;
30.10.2024;16:45:38.968;FESX SI 20241220 CS;SIMPLE_INSTRUMENT;EFP_IDX;EUR;11;4902.00000000;37;EXCHANGE_LAST;;1;1;XEUR;7793479;675;
30.10.2024;16:45:45.347;FESX SI 20241220 CS;SIMPLE_INSTRUMENT;EFP_IDX;EUR;12;4901.00000000;64;EXCHANGE_LAST;;1;1;XEUR;7793479;675;
30.10.2024;16:45:55.569;FESX SI 20241220 CS;SIMPLE_INSTRUMENT;EFP_IDX;EUR;13;4902.00000000;43;EXCHANGE_LAST;;1;1;XEUR;7793479;675;
30.10.2024;16:52:45.259;FESX SI 20241220 CS;SIMPLE_INSTRUMENT;EFP_IDX;EUR;14;4901.00000000;250;EXCHANGE_LAST;;1;1;XEUR;7793479;675;
30.10.2024;16:52:36.853;FESX SI 20241220 CS;SIMPLE_INSTRUMENT;EFP_IDX;EUR;15;4902.00000000;250;EXCHANGE_LAST;;1;1;XEUR;7793479;675;
30.10.2024;16:52:21.369;FESX SI 20241220 CS;SIMPLE_INSTRUMENT;EFP_IDX;EUR;16;4901.00000000;350;EXCHANGE_LAST;;1;1;XEUR;7793479;675;
30.10.2024;16:51:55.854;FESX SI 20241220 CS;SIMPLE_INSTRUMENT;EFP_IDX;EUR;17;4902.00000000;350;EXCHANGE_LAST;;1;1;XEUR;7793479;675;
30.10.2024;16:54:04.837;FESX SI 20241220 CS;SIMPLE_INSTRUMENT;EFP_IDX;EUR;18;4901.00000000;1063;EXCHANGE_LAST;;1;1;XEUR;7793479;675;
30.10.2024;16:54:23.468;FESX SI 20241220 CS;SIMPLE_INSTRUMENT;EFP_IDX;EUR;19;4902.00000000;637;EXCHANGE_LAST;;1;1;XEUR;7793479;675;
30.10.2024;08:51:13.362;FESX SI 20241220 CS;SIMPLE_INSTRUMENT;VOLA;EUR;637534215;4945.00000000;180;EXCHANGE_LAST;;1;1;XEUR;7793479;675;
30.10.2024;09:31:52.517;FESX SI 20241220 CS;SIMPLE_INSTRUMENT;VOLA;EUR;637534224;4925.00000000;490;EXCHANGE_LAST;;1;1;XEUR;7793479;675;
30.10.2024;09:31:13.955;FESX SI 20241220 CS;SIMPLE_INSTRUMENT;VOLA;EUR;637534226;4925.00000000;454;EXCHANGE_LAST;;1;1;XEUR;7793479;675;
30.10.2024;09:48:17.841;FESX SI 20241220 CS;SIMPLE_INSTRUMENT;VOLA;EUR;637534231;4928.00000000;666;EXCHANGE_LAST;;1;1;XEUR;7793479;675;
30.10.2024;10:30:38.146;FESX SI 20241220 CS;SIMPLE_INSTRUMENT;VOLA;EUR;637534245;4920.00000000;525;EXCHANGE_LAST;;1;1;XEUR;7793479;675;
30.10.2024;10:42:04.183;FESX SI 20241220 CS;SIMPLE_INSTRUMENT;VOLA;EUR;637534253;4920.00000000;105;EXCHANGE_LAST;;1;1;XEUR;7793479;675;
30.10.2024;12:05:12.892;FESX SI 20241220 CS;SIMPLE_INSTRUMENT;VOLA;EUR;637534274;4900.00000000;627;EXCHANGE_LAST;;1;1;XEUR;7793479;675;
30.10.2024;12:06:00.553;FESX SI 20241220 CS;SIMPLE_INSTRUMENT;VOLA;EUR;637534276;4895.00000000;360;EXCHANGE_LAST;;1;1;XEUR;7793479;675;
30.10.2024;12:33:29.384;FESX SI 20241220 CS;SIMPLE_INSTRUMENT;VOLA;EUR;637534286;4900.00000000;321;EXCHANGE_LAST;;1;1;XEUR;7793479;675;
30.10.2024;12:36:40.533;FESX SI 20241220 CS;SIMPLE_INSTRUMENT;VOLA;EUR;637534290;4895.00000000;375;EXCHANGE_LAST;;1;1;XEUR;7793479;675;
30.10.2024;13:05:16.681;FESX SI 20241220 CS;SIMPLE_INSTRUMENT;VOLA;EUR;637534300;4900.00000000;23;EXCHANGE_LAST;;1;1;XEUR;7793479;675;
30.10.2024;13:09:49.662;FESX SI 20241220 CS;SIMPLE_INSTRUMENT;VOLA;EUR;637534305;4887.00000000;310;EXCHANGE_LAST;;1;1;XEUR;7793479;675;
30.10.2024;13:32:42.083;FESX SI 20241220 CS;SIMPLE_INSTRUMENT;VOLA;EUR;637534319;4887.00000000;1330;EXCHANGE_LAST;;1;1;XEUR;7793479;675;
30.10.2024;14:40:28.037;FESX SI 20241220 CS;SIMPLE_INSTRUMENT;VOLA;EUR;637534338;4900.00000000;285;EXCHANGE_LAST;;1;1;XEUR;7793479;675;
30.10.2024;14:49:58.288;FESX SI 20241220 CS;SIMPLE_INSTRUMENT;VOLA;EUR;637534345;4910.00000000;1100;EXCHANGE_LAST;;1;1;XEUR;7793479;675;
30.10.2024;15:26:55.448;FESX SI 20241220 CS;SIMPLE_INSTRUMENT;VOLA;EUR;637534358;4905.00000000;15;EXCHANGE_LAST;;1;1;XEUR;7793479;675;
30.10.2024;16:01:17.007;FESX SI 20241220 CS;SIMPLE_INSTRUMENT;VOLA;EUR;637534377;4905.00000000;10;EXCHANGE_LAST;;1;1;XEUR;7793479;675;
30.10.2024;16:02:40.917;FESX SI 20241220 CS;SIMPLE_INSTRUMENT;VOLA;EUR;637534380;4910.00000000;100;EXCHANGE_LAST;;1;1;XEUR;7793479;675;
30.10.2024;16:11:40.292;FESX SI 20241220 CS;SIMPLE_INSTRUMENT;VOLA;EUR;637534387;4910.00000000;60;EXCHANGE_LAST;;1;1;XEUR;7793479;675;
30.10.2024;16:26:12.269;FESX SI 20241220 CS;SIMPLE_INSTRUMENT;VOLA;EUR;637534404;4910.00000000;60;EXCHANGE_LAST;;1;1;XEUR;7793479;675;
30.10.2024;08:59:09.293;FEXD SI 20251219 CS;SIMPLE_INSTRUMENT;BLOCK;EUR;2;158.60000000;500;EXCHANGE_LAST;;1;1;XEUR;1548120;693;
30.10.2024;08:59:50.988;FEXD SI 20251219 CS;SIMPLE_INSTRUMENT;BLOCK;EUR;3;158.70000000;500;EXCHANGE_LAST;;1;1;XEUR;1548120;693;
30.10.2024;10:26:19.713;FEXD SI 20251219 CS;SIMPLE_INSTRUMENT;BLOCK;EUR;8;158.60000000;180;EXCHANGE_LAST;;1;1;XEUR;1548120;693;
30.10.2024;11:44:55.135;FEXD SI 20261218 CS;SIMPLE_INSTRUMENT;BLOCK;EUR;9;153.80000000;300;EXCHANGE_LAST;;1;1;XEUR;2163053;693;
30.10.2024;11:52:15.484;FEXD SI 20271217 CS;SIMPLE_INSTRUMENT;BLOCK;EUR;10;147.90000000;300;EXCHANGE_LAST;;1;1;XEUR;2848338;693;
30.10.2024;12:44:46.930;FEXD SI 20261218 CS;SIMPLE_INSTRUMENT;BLOCK;EUR;13;153.70000000;400;EXCHANGE_LAST;;1;1;XEUR;2163053;693;
30.10.2024;13:28:15.176;FEXD SI 20251219 CS;SIMPLE_INSTRUMENT;BLOCK;EUR;15;158.30000000;250;EXCHANGE_LAST;;1;1;XEUR;1548120;693;
30.10.2024;13:53:43.396;FEXD SI 20251219 CS;SIMPLE_INSTRUMENT;BLOCK;EUR;17;158.50000000;250;EXCHANGE_LAST;;1;1;XEUR;1548120;693;
30.10.2024;14:49:35.224;FEXD SI 20261218 CS;SIMPLE_INSTRUMENT;BLOCK;EUR;24;154.00000000;500;EXCHANGE_LAST;;1;1;XEUR;2163053;693;
30.10.2024;14:58:49.903;FEXD SI 20271217 CS;SIMPLE_INSTRUMENT;BLOCK;EUR;26;147.90000000;175;EXCHANGE_LAST;;1;1;XEUR;2848338;693;
30.10.2024;15:13:04.814;FEXD.S.DEC25.DEC26.SPD;FUTURES_SPREAD;BLOCK;EUR;30;4.70000000;250;EXCHANGE_LAST;;1;1;XEUR;72060570450264144;693;
30.10.2024;15:13:04.814;FEXD SI 20251219 CS;SIMPLE_INSTRUMENT;BLOCK;EUR;30;158.50000000;250;PRC_DECOMP_EXCHANGE;;;;XEUR;1548120;693;EXCHANGE
30.10.2024;15:13:04.814;FEXD SI 20261218 CS;SIMPLE_INSTRUMENT;BLOCK;EUR;30;153.80000000;250;PRC_DECOMP_EXCHANGE;;;;XEUR;2163053;693;EXCHANGE
30.10.2024;15:29:05.348;FEXD SI 20251219 CS;SIMPLE_INSTRUMENT;BLOCK;EUR;32;158.70000000;205;EXCHANGE_LAST;;1;1;XEUR;1548120;693;
30.10.2024;15:58:58.009;FEXD.S.DEC25.DEC26.SPD;FUTURES_SPREAD;BLOCK;EUR;34;4.70000000;350;EXCHANGE_LAST;;1;1;XEUR;72060570450264144;693;
30.10.2024;15:58:58.009;FEXD SI 20261218 CS;SIMPLE_INSTRUMENT;BLOCK;EUR;34;153.80000000;350;PRC_DECOMP_MEMBER;;;;XEUR;2163053;693;MEMBER
30.10.2024;15:58:58.009;FEXD SI 20251219 CS;SIMPLE_INSTRUMENT;BLOCK;EUR;34;158.50000000;350;PRC_DECOMP_MEMBER;;;;XEUR;1548120;693;MEMBER
30.10.2024;16:09:50.962;FEXD.S.DEC25.DEC26.SPD;FUTURES_SPREAD;BLOCK;EUR;35;4.70000000;250;EXCHANGE_LAST;;1;1;XEUR;72060570450264144;693;
30.10.2024;16:09:50.962;FEXD SI 20261218 CS;SIMPLE_INSTRUMENT;BLOCK;EUR;35;153.80000000;250;PRC_DECOMP_MEMBER;;;;XEUR;2163053;693;MEMBER
30.10.2024;16:09:50.962;FEXD SI 20251219 CS;SIMPLE_INSTRUMENT;BLOCK;EUR;35;158.50000000;250;PRC_DECOMP_MEMBER;;;;XEUR;1548120;693;MEMBER
30.10.2024;16:43:13.736;FEXD SI 20251219 CS;SIMPLE_INSTRUMENT;BLOCK;EUR;41;158.60000000;160;EXCHANGE_LAST;;1;1;XEUR;1548120;693;
30.10.2024;12:31:23.682;FEXD SI 20251219 CS;SIMPLE_INSTRUMENT;VOLA;EUR;318767108;158.30000000;216;EXCHANGE_LAST;;1;1;XEUR;1548120;693;
30.10.2024;13:33:59.683;FEXD SI 20251219 CS;SIMPLE_INSTRUMENT;VOLA;EUR;318767112;158.30000000;73;EXCHANGE_LAST;;1;1;XEUR;1548120;693;
30.10.2024;07:58:19.005;FGBL SI 20241206 PS;SIMPLE_INSTRUMENT;EFS;EUR;1;132.84000000;360;EXCHANGE_LAST;;1;1;XEUR;10804524;688;
30.10.2024;08:18:54.389;FGBL SI 20241206 PS;SIMPLE_INSTRUMENT;EFP_FIN;EUR;2;132.87000000;235;EXCHANGE_LAST;;1;1;XEUR;10804524;688;
30.10.2024;08:20:47.090;FGBL SI 20241206 PS;SIMPLE_INSTRUMENT;EFS;EUR;3;132.76000000;214;EXCHANGE_LAST;;1;1;XEUR;10804524;688;
30.10.2024;08:29:50.558;FGBL SI 20241206 PS;SIMPLE_INSTRUMENT;EFS;EUR;4;132.83000000;214;EXCHANGE_LAST;;1;1;XEUR;10804524;688;
30.10.2024;08:31:46.905;FGBL SI 20241206 PS;SIMPLE_INSTRUMENT;EFS;EUR;5;132.84000000;214;EXCHANGE_LAST;;1;1;XEUR;10804524;688;
30.10.2024;08:38:07.131;FGBL SI 20241206 PS;SIMPLE_INSTRUMENT;EFS;EUR;6;132.84000000;244;EXCHANGE_LAST;;1;1;XEUR;10804524;688;
30.10.2024;08:40:40.139;FGBL SI 20241206 PS;SIMPLE_INSTRUMENT;EFS;EUR;7;132.77000000;731;EXCHANGE_LAST;;1;1;XEUR;10804524;688;
30.10.2024;08:43:26.158;FGBL SI 20241206 PS;SIMPLE_INSTRUMENT;EFS;EUR;8;132.88000000;225;EXCHANGE_LAST;;1;1;XEUR;10804524;688;
30.10.2024;08:46:57.022;FGBL SI 20241206 PS;SIMPLE_INSTRUMENT;EFS;EUR;9;132.88000000;29;EXCHANGE_LAST;;1;1;XEUR;10804524;688;
30.10.2024;08:50:53.588;FGBL SI 20241206 PS;SIMPLE_INSTRUMENT;EFS;EUR;10;132.89000000;429;EXCHANGE_LAST;;1;1;XEUR;10804524;688;
30.10.2024;08:53:17.950;FGBL SI 20241206 PS;SIMPLE_INSTRUMENT;BLOCK;EUR;12;132.84000000;4900;EXCHANGE_LAST;;1;1;XEUR;10804524;688;
30.10.2024;08:53:28.693;FGBL SI 20241206 PS;SIMPLE_INSTRUMENT;EFS;EUR;13;132.89000000;300;EXCHANGE_LAST;;1;1;XEUR;10804524;688;
30.10.2024;08:53:33.698;FGBL SI 20241206 PS;SIMPLE_INSTRUMENT;EFS;EUR;14;132.89000000;429;EXCHANGE_LAST;;1;1;XEUR;10804524;688;
30.10.2024;08:56:47.254;FGBL SI 20241206 PS;SIMPLE_INSTRUMENT;EFS;EUR;15;132.87000000;292;EXCHANGE_LAST;;1;1;XEUR;10804524;688;
30.10.2024;08:59:13.900;FGBL SI 20241206 PS;SIMPLE_INSTRUMENT;EFS;EUR;16;132.82000000;731;EXCHANGE_LAST;;1;1;XEUR;10804524;688;
30.10.2024;09:03:56.205;FGBL SI 20241206 PS;SIMPLE_INSTRUMENT;EFS;EUR;17;132.95000000;292;EXCHANGE_LAST;;1;1;XEUR;10804524;688;
30.10.2024;09:10:04.533;FGBL SI 20241206 PS;SIMPLE_INSTRUMENT;EFS;EUR;18;132.86000000;112;EXCHANGE_LAST;;1;1;XEUR;10804524;688;
30.10.2024;09:11:08.211;FGBL SI 20241206 PS;SIMPLE_INSTRUMENT;EFS;EUR;19;132.50000000;489;EXCHANGE_LAST;;1;1;XEUR;10804524;688;
30.10.2024;09:13:45.881;FGBL SI 20241206 PS;SIMPLE_INSTRUMENT;EFS;EUR;20;132.83000000;428;EXCHANGE_LAST;;1;1;XEUR;10804524;688;
30.10.2024;09:15:45.614;FGBL SI 20241206 PS;SIMPLE_INSTRUMENT;EFS;EUR;21;132.62000000;1718;EXCHANGE_LAST;;1;1;XEUR;10804524;688;
30.10.2024;09:15:50.621;FGBL SI 20241206 PS;SIMPLE_INSTRUMENT;EFS;EUR;22;132.62000000;1718;EXCHANGE_LAST;;1;1;XEUR;10804524;688;
30.10.2024;09:16:25.649;FGBL SI 20241206 PS;SIMPLE_INSTRUMENT;EFS;EUR;23;132.62000000;430;EXCHANGE_LAST;;1;1;XEUR;10804524;688;
30.10.2024;09:16:49.266;FGBL SI 20241206 PS;SIMPLE_INSTRUMENT;EFS;EUR;24;133.01000000;4139;EXCHANGE_LAST;;1;1;XEUR;10804524;688;
30.10.2024;09:17:00.677;FGBL SI 20241206 PS;SIMPLE_INSTRUMENT;EFS;EUR;25;132.62000000;215;EXCHANGE_LAST;;1;1;XEUR;10804524;688;
30.10.2024;09:22:57.207;FGBL SI 20241206 PS;SIMPLE_INSTRUMENT;EFS;EUR;26;132.89000000;226;EXCHANGE_LAST;;1;1;XEUR;10804524;688;
30.10.2024;09:25:58.584;FGBL SI 20241206 PS;SIMPLE_INSTRUMENT;EFS;EUR;27;132.94000000;226;EXCHANGE_LAST;;1;1;XEUR;10804524;688;
30.10.2024;09:29:45.557;FGBL SI 20241206 PS;SIMPLE_INSTRUMENT;EFS;EUR;28;132.60000000;244;EXCHANGE_LAST;;1;1;XEUR;10804524;688;
30.10.2024;09:29:12.604;FGBL SI 20241206 PS;SIMPLE_INSTRUMENT;EFS;EUR;29;132.47000000;489;EXCHANGE_LAST;;1;1;XEUR;10804524;688;
30.10.2024;09:34:39.319;FGBL SI 20241206 PS;SIMPLE_INSTRUMENT;EFS;EUR;30;132.54000000;342;EXCHANGE_LAST;;1;1;XEUR;10804524;688;
30.10.2024;09:45:17.940;FGBL SI 20241206 PS;SIMPLE_INSTRUMENT;EFS;EUR;31;132.51000000;512;EXCHANGE_LAST;;1;1;XEUR;10804524;688;
30.10.2024;09:47:10.330;FGBL SI 20241206 PS;SIMPLE_INSTRUMENT;EFS;EUR;32;132.54000000;586;EXCHANGE_LAST;;1;1;XEUR;10804524;688;
30.10.2024;09:46:40.689;FGBL SI 20241206 PS;SIMPLE_INSTRUMENT;EFS;EUR;33;132.61000000;293;EXCHANGE_LAST;;1;1;XEUR;10804524;688;
30.10.2024;09:52:27.853;FGBL SI 20241206 PS;SIMPLE_INSTRUMENT;EFP_FIN;EUR;34;132.55000000;388;EXCHANGE_LAST;;1;1;XEUR;10804524;688;
30.10.2024;09:52:21.671;FGBL SI 20241206 PS;SIMPLE_INSTRUMENT;EFS;EUR;35;132.57000000;361;EXCHANGE_LAST;;1;1;XEUR;10804524;688;
30.10.2024;09:56:35.466;FGBL SI 20241206 PS;SIMPLE_INSTRUMENT;EFS;EUR;37;132.59000000;293;EXCHANGE_LAST;;1;1;XEUR;10804524;688;
30.10.2024;09:58:15.166;FGBL SI 20241206 PS;SIMPLE_INSTRUMENT;EFP_FIN;EUR;38;132.54000000;447;EXCHANGE_LAST;;1;1;XEUR;10804524;688;
30.10.2024;10:02:03.172;FGBL SI 20241206 PS;SIMPLE_INSTRUMENT;EFS;EUR;39;132.53000000;271;EXCHANGE_LAST;;1;1;XEUR;10804524;688;
30.10.2024;10:08:54.298;FGBL SI 20241206 PS;SIMPLE_INSTRUMENT;EFP_FIN;EUR;40;132.55000000;1200;EXCHANGE_LAST;;1;1;XEUR;10804524;688;
30.10.2024;10:16:33.945;FGBL SI 20241206 PS;SIMPLE_INSTRUMENT;EFS;EUR;41;132.58000000;360;EXCHANGE_LAST;;1;1;XEUR;10804524;688;
30.10.2024;10:18:36.904;FGBL SI 20241206 PS;SIMPLE_INSTRUMENT;EFS;EUR;42;132.73000000;293;EXCHANGE_LAST;;1;1;XEUR;10804524;688;
30.10.2024;10:21:57.350;FGBL SI 20241206 PS;SIMPLE_INSTRUMENT;EFS;EUR;43;132.72000000;415;EXCHANGE_LAST;;1;1;XEUR;10804524;688;
30.10.2024;10:32:22.877;FGBL SI 20241206 PS;SIMPLE_INSTRUMENT;EFS;EUR;44;132.74000000;429;EXCHANGE_LAST;;1;1;XEUR;10804524;688;
30.10.2024;10:34:14.970;FGBL SI 20241206 PS;SIMPLE_INSTRUMENT;EFS;EUR;45;132.70000000;390;EXCHANGE_LAST;;1;1;XEUR;10804524;688;
30.10.2024;10:35:10.161;FGBL SI 20241206 PS;SIMPLE_INSTRUMENT;EFP_FIN;EUR;46;132.56000000;213;EXCHANGE_LAST;;1;1;XEUR;10804524;688;
30.10.2024;10:35:20.831;FGBL SI 20241206 PS;SIMPLE_INSTRUMENT;EFS;EUR;47;132.70000000;257;EXCHANGE_LAST;;1;1;XEUR;10804524;688;
30.10.2024;10:36:39.931;FGBL SI 20241206 PS;SIMPLE_INSTRUMENT;EFS;EUR;48;132.57000000;215;EXCHANGE_LAST;;1;1;XEUR;10804524;688;
30.10.2024;10:37:35.243;FGBL SI 20241206 PS;SIMPLE_INSTRUMENT;EFP_FIN;EUR;49;132.71000000;209;EXCHANGE_LAST;;1;1;XEUR;10804524;688;
30.10.2024;10:44:56.888;FGBL SI 20241206 PS;SIMPLE_INSTRUMENT;EFP_FIN;EUR;50;132.75000000;428;EXCHANGE_LAST;;1;1;XEUR;10804524;688;
30.10.2024;10:47:04.606;FGBL SI 20241206 PS;SIMPLE_INSTRUMENT;EFS;EUR;51;132.74000000;429;EXCHANGE_LAST;;1;1;XEUR;10804524;688;
30.10.2024;10:48:17.003;FGBL SI 20241206 PS;SIMPLE_INSTRUMENT;EFS;EUR;52;132.74000000;429;EXCHANGE_LAST;;1;1;XEUR;10804524;688;
30.10.2024;10:49:47.189;FGBL SI 20241206 PS;SIMPLE_INSTRUMENT;EFP_FIN;EUR;53;132.76000000;318;EXCHANGE_LAST;;1;1;XEUR;10804524;688;
30.10.2024;10:51:59.812;FGBL SI 20241206 PS;SIMPLE_INSTRUMENT;EFS;EUR;54;132.71000000;429;EXCHANGE_LAST;;1;1;XEUR;10804524;688;
30.10.2024;10:58:45.570;FGBL SI 20241206 PS;SIMPLE_INSTRUMENT;EFS;EUR;55;132.72000000;217;EXCHANGE_LAST;;1;1;XEUR;10804524;688;
30.10.2024;11:12:12.797;FGBL SI 20241206 PS;SIMPLE_INSTRUMENT;EFP_FIN;EUR;56;132.76000000;197;EXCHANGE_LAST;;1;1;XEUR;10804524;688;
30.10.2024;11:15:19.693;FGBL SI 20241206 PS;SIMPLE_INSTRUMENT;EFP_FIN;EUR;57;132.72000000;83;EXCHANGE_LAST;;1;1;XEUR;10804524;688;
30.10.2024;11:18:30.251;FGBL SI 20241206 PS;SIMPLE_INSTRUMENT;EFS;EUR;58;132.70000000;341;EXCHANGE_LAST;;1;1;XEUR;10804524;688;
30.10.2024;11:36:22.963;FGBL SI 20241206 PS;SIMPLE_INSTRUMENT;EFS;EUR;59;132.75000000;731;EXCHANGE_LAST;;1;1;XEUR;10804524;688;
30.10.2024;11:36:33.151;FGBL SI 20241206 PS;SIMPLE_INSTRUMENT;EFP_FIN;EUR;60;132.75000000;396;EXCHANGE_LAST;;1;1;XEUR;10804524;688;
30.10.2024;11:42:09.669;FGBL SI 20241206 PS;SIMPLE_INSTRUMENT;EFP_FIN;EUR;61;132.75000000;210;EXCHANGE_LAST;;1;1;XEUR;10804524;688;
30.10.2024;11:45:28.312;FGBL SI 20241206 PS;SIMPLE_INSTRUMENT;EFS;EUR;62;132.76000000;731;EXCHANGE_LAST;;1;1;XEUR;10804524;688;
30.10.2024;11:46:34.040;FGBL SI 20241206 PS;SIMPLE_INSTRUMENT;EFP_FIN;EUR;63;132.69000000;1301;EXCHANGE_LAST;;1;1;XEUR;10804524;688;
30.10.2024;11:52:51.504;FGBL SI 20241206 PS;SIMPLE_INSTRUMENT;EFS;EUR;64;132.62000000;311;EXCHANGE_LAST;;1;1;XEUR;10804524;688;
30.10.2024;11:54:10.572;FGBL SI 20241206 PS;SIMPLE_INSTRUMENT;EFS;EUR;65;132.62000000;207;EXCHANGE_LAST;;1;1;XEUR;10804524;688;
30.10.2024;11:59:42.987;FGBL SI 20241206 PS;SIMPLE_INSTRUMENT;EFS;EUR;66;132.61000000;451;EXCHANGE_LAST;;1;1;XEUR;10804524;688;
30.10.2024;12:08:10.897;FGBL SI 20241206 PS;SIMPLE_INSTRUMENT;EFS;EUR;67;132.61000000;451;EXCHANGE_LAST;;1;1;XEUR;10804524;688;
30.10.2024;12:26:12.287;FGBL SI 20241206 PS;SIMPLE_INSTRUMENT;EFS;EUR;68;132.42000000;100;EXCHANGE_LAST;;1;1;XEUR;10804524;688;
30.10.2024;12:29:14.298;FGBL SI 20241206 PS;SIMPLE_INSTRUMENT;EFS;EUR;69;132.42000000;900;EXCHANGE_LAST;;1;1;XEUR;10804524;688;
30.10.2024;12:29:25.855;FGBL SI 20241206 PS;SIMPLE_INSTRUMENT;EFS;EUR;70;132.59000000;399;EXCHANGE_LAST;;1;1;XEUR;10804524;688;
30.10.2024;12:32:16.327;FGBL SI 20241206 PS;SIMPLE_INSTRUMENT;EFP_FIN;EUR;71;132.57000000;85;EXCHANGE_LAST;;1;1;XEUR;10804524;688;
30.10.2024;12:50:00.260;FGBL SI 20241206 PS;SIMPLE_INSTRUMENT;EFS;EUR;72;132.49000000;858;EXCHANGE_LAST;;1;1;XEUR;10804524;688;
30.10.2024;12:57:05.926;FGBL SI 20241206 PS;SIMPLE_INSTRUMENT;EFS;EUR;73;132.52000000;831;EXCHANGE_LAST;;1;1;XEUR;10804524;688;
30.10.2024;13:03:50.247;FGBL SI 20241206 PS;SIMPLE_INSTRUMENT;EFS;EUR;74;132.59000000;864;EXCHANGE_LAST;;1;1;XEUR;10804524;688;
30.10.2024;13:09:24.969;FGBL SI 20241206 PS;SIMPLE_INSTRUMENT;EFS;EUR;75;132.55000000;429;EXCHANGE_LAST;;1;1;XEUR;10804524;688;
30.10.2024;13:16:25.987;FGBL SI 20241206 PS;SIMPLE_INSTRUMENT;EFS;EUR;76;132.51000000;429;EXCHANGE_LAST;;1;1;XEUR;10804524;688;
30.10.2024;13:22:16.938;FGBL SI 20241206 PS;SIMPLE_INSTRUMENT;EFP_FIN;EUR;77;132.54000000;1937;EXCHANGE_LAST;;1;1;XEUR;10804524;688;
30.10.2024;13:35:43.354;FGBL SI 20241206 PS;SIMPLE_INSTRUMENT;EFS;EUR;78;132.73000000;731;EXCHANGE_LAST;;1;1;XEUR;10804524;688;
30.10.2024;13:40:53.427;FGBL SI 20241206 PS;SIMPLE_INSTRUMENT;EFS;EUR;79;132.69000000;732;EXCHANGE_LAST;;1;1;XEUR;10804524;688;
30.10.2024;13:42:21.655;FGBL SI 20241206 PS;SIMPLE_INSTRUMENT;EFS;EUR;80;132.70000000;857;EXCHANGE_LAST;;1;1;XEUR;10804524;688;
30.10.2024;13:43:09.533;FGBL SI 20241206 PS;SIMPLE_INSTRUMENT;EFS;EUR;81;132.70000000;214;EXCHANGE_LAST;;1;1;XEUR;10804524;688;
30.10.2024;13:44:30.763;FGBL SI 20241206 PS;SIMPLE_INSTRUMENT;EFS;EUR;82;132.70000000;214;EXCHANGE_LAST;;1;1;XEUR;10804524;688;
30.10.2024;13:49:24.734;FGBL SI 20241206 PS;SIMPLE_INSTRUMENT;EFS;EUR;83;132.71000000;732;EXCHANGE_LAST;;1;1;XEUR;10804524;688;
30.10.2024;13:51:30.487;FGBL SI 20241206 PS;SIMPLE_INSTRUMENT;EFS;EUR;84;132.77000000;428;EXCHANGE_LAST;;1;1;XEUR;10804524;688;
30.10.2024;13:52:22.380;FGBL SI 20241206 PS;SIMPLE_INSTRUMENT;EFS;EUR;85;132.79000000;428;EXCHANGE_LAST;;1;1;XEUR;10804524;688;
30.10.2024;13:55:39.730;FGBL SI 20241206 PS;SIMPLE_INSTRUMENT;EFS;EUR;86;132.75000000;1000;EXCHANGE_LAST;;1;1;XEUR;10804524;688;
30.10.2024;13:56:42.647;FGBL SI 20241206 PS;SIMPLE_INSTRUMENT;EFS;EUR;87;132.77000000;428;EXCHANGE_LAST;;1;1;XEUR;10804524;688;
30.10.2024;14:08:38.457;FGBL SI 20241206 PS;SIMPLE_INSTRUMENT;EFS;EUR;88;132.61000000;429;EXCHANGE_LAST;;1;1;XEUR;10804524;688;
30.10.2024;14:09:25.143;FGBL SI 20241206 PS;SIMPLE_INSTRUMENT;EFS;EUR;89;132.72000000;810;EXCHANGE_LAST;;1;1;XEUR;10804524;688;
30.10.2024;14:09:49.630;FGBL SI 20241206 PS;SIMPLE_INSTRUMENT;EFS;EUR;90;132.69000000;488;EXCHANGE_LAST;;1;1;XEUR;10804524;688;
30.10.2024;14:12:40.208;FGBL SI 20241206 PS;SIMPLE_INSTRUMENT;EFS;EUR;91;132.68000000;315;EXCHANGE_LAST;;1;1;XEUR;10804524;688;
30.10.2024;14:23:36.311;FGBL SI 20241206 PS;SIMPLE_INSTRUMENT;EFP_FIN;EUR;92;132.58000000;400;EXCHANGE_LAST;;1;1;XEUR;10804524;688;
30.10.2024;14:26:50.577;FGBL SI 20241206 PS;SIMPLE_INSTRUMENT;EFS;EUR;93;132.58000000;488;EXCHANGE_LAST;;1;1;XEUR;10804524;688;
30.10.2024;14:27:42.293;FGBL SI 20241206 PS;SIMPLE_INSTRUMENT;EFS;EUR;94;132.58000000;488;EXCHANGE_LAST;;1;1;XEUR;10804524;688;
30.10.2024;14:37:12.159;FGBL SI 20241206 PS;SIMPLE_INSTRUMENT;EFS;EUR;95;132.52000000;537;EXCHANGE_LAST;;1;1;XEUR;10804524;688;
30.10.2024;14:37:00.229;FGBL SI 20241206 PS;SIMPLE_INSTRUMENT;EFP_FIN;EUR;96;132.51000000;850;EXCHANGE_LAST;;1;1;XEUR;10804524;688;
30.10.2024;14:39:22.165;FGBL SI 20241206 PS;SIMPLE_INSTRUMENT;EFP_FIN;EUR;97;132.36000000;388;EXCHANGE_LAST;;1;1;XEUR;10804524;688;
30.10.2024;14:50:22.769;FGBL SI 20241206 PS;SIMPLE_INSTRUMENT;EFP_FIN;EUR;98;132.27000000;410;EXCHANGE_LAST;;1;1;XEUR;10804524;688;
30.10.2024;14:54:22.185;FGBL SI 20241206 PS;SIMPLE_INSTRUMENT;EFS;EUR;99;132.16000000;343;EXCHANGE_LAST;;1;1;XEUR;10804524;688;
30.10.2024;14:55:39.139;FGBL SI 20241206 PS;SIMPLE_INSTRUMENT;EFS;EUR;100;132.52000000;489;EXCHANGE_LAST;;1;1;XEUR;10804524;688;
30.10.2024;14:59:40.824;FGBL SI 20241206 PS;SIMPLE_INSTRUMENT;EFS;EUR;101;132.23000000;735;EXCHANGE_LAST;;1;1;XEUR;10804524;688;
30.10.2024;15:03:08.163;FGBL SI 20241206 PS;SIMPLE_INSTRUMENT;EFS;EUR;102;132.18000000;430;EXCHANGE_LAST;;1;1;XEUR;10804524;688;
30.10.2024;15:03:19.173;FGBL SI 20241206 PS;SIMPLE_INSTRUMENT;EFS;EUR;103;132.18000000;172;EXCHANGE_LAST;;1;1;XEUR;10804524;688;
30.10.2024;15:03:21.245;FGBL SI 20241206 PS;SIMPLE_INSTRUMENT;EFS;EUR;104;132.18000000;735;EXCHANGE_LAST;;1;1;XEUR;10804524;688;
30.10.2024;15:03:28.181;FGBL SI 20241206 PS;SIMPLE_INSTRUMENT;EFS;EUR;105;132.18000000;861;EXCHANGE_LAST;;1;1;XEUR;10804524;688;
30.10.2024;15:05:23.255;FGBL SI 20241206 PS;SIMPLE_INSTRUMENT;EFS;EUR;106;132.18000000;258;EXCHANGE_LAST;;1;1;XEUR;10804524;688;
30.10.2024;15:05:33.264;FGBL SI 20241206 PS;SIMPLE_INSTRUMENT;EFS;EUR;107;132.12000000;431;EXCHANGE_LAST;;1;1;XEUR;10804524;688;
30.10.2024;15:11:44.458;FGBL SI 20241206 PS;SIMPLE_INSTRUMENT;EFS;EUR;108;132.02000000;579;EXCHANGE_LAST;;1;1;XEUR;10804524;688;
30.10.2024;15:10:17.829;FGBL SI 20241206 PS;SIMPLE_INSTRUMENT;EFS;EUR;109;132.15000000;735;EXCHANGE_LAST;;1;1;XEUR;10804524;688;
30.10.2024;15:12:47.089;FGBL SI 20241206 PS;SIMPLE_INSTRUMENT;BLOCK;EUR;110;132.10000000;2942;EXCHANGE_LAST;;1;1;XEUR;10804524;688;
30.10.2024;15:13:39.629;FGBL SI 20241206 PS;SIMPLE_INSTRUMENT;EFS;EUR;111;132.00000000;431;EXCHANGE_LAST;;1;1;XEUR;10804524;688;
30.10.2024;15:25:41.170;FGBL SI 20241206 PS;SIMPLE_INSTRUMENT;EFS;EUR;112;131.93000000;431;EXCHANGE_LAST;;1;1;XEUR;10804524;688;
30.10.2024;15:26:35.211;FGBL SI 20241206 PS;SIMPLE_INSTRUMENT;EFS;EUR;113;131.96000000;431;EXCHANGE_LAST;;1;1;XEUR;10804524;688;
30.10.2024;15:28:55.031;FGBL SI 20241206 PS;SIMPLE_INSTRUMENT;EFS;EUR;114;131.98000000;1357;EXCHANGE_LAST;;1;1;XEUR;10804524;688;
30.10.2024;15:30:14.909;FGBL SI 20241206 PS;SIMPLE_INSTRUMENT;EFP_FIN;EUR;115;131.96000000;168;EXCHANGE_LAST;;1;1;XEUR;10804524;688;
30.10.2024;15:30:24.512;FGBL SI 20241206 PS;SIMPLE_INSTRUMENT;EFS;EUR;116;131.94000000;589;EXCHANGE_LAST;;1;1;XEUR;10804524;688;
30.10.2024;15:33:01.478;FGBL SI 20241206 PS;SIMPLE_INSTRUMENT;EFS;EUR;117;131.98000000;431;EXCHANGE_LAST;;1;1;XEUR;10804524;688;
30.10.2024;15:34:41.554;FGBL SI 20241206 PS;SIMPLE_INSTRUMENT;EFS;EUR;118;132.04000000;431;EXCHANGE_LAST;;1;1;XEUR;10804524;688;
30.10.2024;15:36:11.399;FGBL SI 20241206 PS;SIMPLE_INSTRUMENT;EFS;EUR;120;131.95000000;246;EXCHANGE_LAST;;1;1;XEUR;10804524;688;
30.10.2024;15:39:26.761;FGBL SI 20241206 PS;SIMPLE_INSTRUMENT;EFS;EUR;121;132.08000000;215;EXCHANGE_LAST;;1;1;XEUR;10804524;688;
30.10.2024;15:39:47.780;FGBL SI 20241206 PS;SIMPLE_INSTRUMENT;EFS;EUR;122;132.09000000;258;EXCHANGE_LAST;;1;1;XEUR;10804524;688;
30.10.2024;15:45:01.349;FGBL SI 20241206 PS;SIMPLE_INSTRUMENT;EFS;EUR;123;132.04000000;196;EXCHANGE_LAST;;1;1;XEUR;10804524;688;
30.10.2024;15:46:30.652;FGBL SI 20241206 PS;SIMPLE_INSTRUMENT;EFS;EUR;124;131.97000000;589;EXCHANGE_LAST;;1;1;XEUR;10804524;688;
30.10.2024;15:50:03.182;FGBL SI 20241206 PS;SIMPLE_INSTRUMENT;EFS;EUR;125;132.04000000;129;EXCHANGE_LAST;;1;1;XEUR;10804524;688;
30.10.2024;15:57:26.686;FGBL SI 20241206 PS;SIMPLE_INSTRUMENT;EFS;EUR;126;131.99000000;227;EXCHANGE_LAST;;1;1;XEUR;10804524;688;
30.10.2024;15:58:43.235;FGBL SI 20241206 PS;SIMPLE_INSTRUMENT;EFS;EUR;127;132.08000000;588;EXCHANGE_LAST;;1;1;XEUR;10804524;688;
30.10.2024;16:01:15.195;FGBL SI 20241206 PS;SIMPLE_INSTRUMENT;EFS;EUR;128;132.00000000;246;EXCHANGE_LAST;;1;1;XEUR;10804524;688;
30.10.2024;16:06:17.350;FGBL SI 20241206 PS;SIMPLE_INSTRUMENT;EFS;EUR;129;132.04000000;293;EXCHANGE_LAST;;1;1;XEUR;10804524;688;
30.10.2024;16:09:02.345;FGBL SI 20241206 PS;SIMPLE_INSTRUMENT;EFP_FIN;EUR;130;132.00000000;255;EXCHANGE_LAST;;1;1;XEUR;10804524;688;
30.10.2024;16:11:38.636;FGBL SI 20241206 PS;SIMPLE_INSTRUMENT;EFS;EUR;131;132.04000000;586;EXCHANGE_LAST;;1;1;XEUR;10804524;688;
30.10.2024;16:20:01.151;FGBL SI 20241206 PS;SIMPLE_INSTRUMENT;EFP_FIN;EUR;132;132.06000000;1236;EXCHANGE_LAST;;1;1;XEUR;10804524;688;
30.10.2024;16:21:29.976;FGBL SI 20241206 PS;SIMPLE_INSTRUMENT;EFS;EUR;133;131.95000000;589;EXCHANGE_LAST;;1;1;XEUR;10804524;688;
30.10.2024;16:42:58.620;FGBL SI 20241206 PS;SIMPLE_INSTRUMENT;EFP_FIN;EUR;134;131.99000000;207;EXCHANGE_LAST;;1;1;XEUR;10804524;688;
30.10.2024;16:55:24.764;FGBL SI 20241206 PS;SIMPLE_INSTRUMENT;EFP_FIN;EUR;135;132.07000000;75;EXCHANGE_LAST;;1;1;XEUR;10804524;688;
30.10.2024;16:55:28.066;FGBL SI 20241206 PS;SIMPLE_INSTRUMENT;EFS;EUR;136;131.99000000;452;EXCHANGE_LAST;;1;1;XEUR;10804524;688;
30.10.2024;16:56:03.980;FGBL SI 20241206 PS;SIMPLE_INSTRUMENT;EFS;EUR;137;132.07000000;430;EXCHANGE_LAST;;1;1;XEUR;10804524;688;
30.10.2024;16:56:32.932;FGBL SI 20241206 PS;SIMPLE_INSTRUMENT;EFS;EUR;138;132.00000000;2400;EXCHANGE_LAST;;1;1;XEUR;10804524;688;
30.10.2024;16:56:38.181;FGBL SI 20241206 PS;SIMPLE_INSTRUMENT;EFS;EUR;139;132.07000000;430;EXCHANGE_LAST;;1;1;XEUR;10804524;688;
30.10.2024;16:56:49.074;FGBL SI 20241206 PS;SIMPLE_INSTRUMENT;EFS;EUR;140;131.93000000;431;EXCHANGE_LAST;;1;1;XEUR;10804524;688;
30.10.2024;16:57:48.843;FGBL SI 20241206 PS;SIMPLE_INSTRUMENT;EFS;EUR;141;132.07000000;645;EXCHANGE_LAST;;1;1;XEUR;10804524;688;
30.10.2024;16:59:23.753;FGBL SI 20241206 PS;SIMPLE_INSTRUMENT;EFS;EUR;142;132.06000000;129;EXCHANGE_LAST;;1;1;XEUR;10804524;688;
30.10.2024;17:01:42.380;FGBL SI 20241206 PS;SIMPLE_INSTRUMENT;EFS;EUR;143;132.06000000;301;EXCHANGE_LAST;;1;1;XEUR;10804524;688;
30.10.2024;17:04:50.255;FGBL SI 20241206 PS;SIMPLE_INSTRUMENT;EFS;EUR;144;131.89000000;216;EXCHANGE_LAST;;1;1;XEUR;10804524;688;
30.10.2024;17:28:16.054;FGBL SI 20241206 PS;SIMPLE_INSTRUMENT;EFS;EUR;145;131.81000000;431;EXCHANGE_LAST;;1;1;XEUR;10804524;688;
30.10.2024;08:03:24.692;FGBL SI 20241206 PS;SIMPLE_INSTRUMENT;VOLA;EUR;268435466;132.90000000;192;EXCHANGE_LAST;;1;1;XEUR;10804524;688;
30.10.2024;08:04:00.308;FGBL SI 20241206 PS;SIMPLE_INSTRUMENT;VOLA;EUR;268435467;132.91000000;53;EXCHANGE_LAST;;1;1;XEUR;10804524;688;
30.10.2024;08:28:30.282;FGBL SI 20241206 PS;SIMPLE_INSTRUMENT;VOLA;EUR;268435471;132.83000000;180;EXCHANGE_LAST;;1;1;XEUR;10804524;688;
30.10.2024;08:29:02.284;FGBL SI 20241206 PS;SIMPLE_INSTRUMENT;VOLA;EUR;268435472;132.83000000;90;EXCHANGE_LAST;;1;1;XEUR;10804524;688;
30.10.2024;08:28:46.283;FGBL SI 20241206 PS;SIMPLE_INSTRUMENT;VOLA;EUR;268435473;132.84000000;90;EXCHANGE_LAST;;1;1;XEUR;10804524;688;
30.10.2024;08:45:13.279;FGBL SI 20241206 PS;SIMPLE_INSTRUMENT;VOLA;EUR;268435481;132.83000000;50;EXCHANGE_LAST;;1;1;XEUR;10804524;688;
30.10.2024;08:46:36.289;FGBL SI 20241206 PS;SIMPLE_INSTRUMENT;VOLA;EUR;268435482;132.83000000;50;EXCHANGE_LAST;;1;1;XEUR;10804524;688;
30.10.2024;09:48:33.099;FGBL SI 20241206 PS;SIMPLE_INSTRUMENT;VOLA;EUR;268435501;132.54000000;160;EXCHANGE_LAST;;1;1;XEUR;10804524;688;
30.10.2024;09:49:00.218;FGBL SI 20241206 PS;SIMPLE_INSTRUMENT;VOLA;EUR;268435502;132.54000000;160;EXCHANGE_LAST;;1;1;XEUR;10804524;688;
30.10.2024;10:09:42.603;FGBL SI 20241206 PS;SIMPLE_INSTRUMENT;VOLA;EUR;268435505;132.50000000;44;EXCHANGE_LAST;;1;1;XEUR;10804524;688;
30.10.2024;10:10:19.618;FGBL SI 20241206 PS;SIMPLE_INSTRUMENT;VOLA;EUR;268435506;132.50000000;44;EXCHANGE_LAST;;1;1;XEUR;10804524;688;
30.10.2024;11:24:50.773;FGBL SI 20241206 PS;SIMPLE_INSTRUMENT;VOLA;EUR;268435515;132.73000000;190;EXCHANGE_LAST;;1;1;XEUR;10804524;688;
30.10.2024;12:16:33.048;FGBL SI 20241206 PS;SIMPLE_INSTRUMENT;VOLA;EUR;268435519;132.65000000;90;EXCHANGE_LAST;;1;1;XEUR;10804524;688;
30.10.2024;12:17:57.138;FGBL SI 20241206 PS;SIMPLE_INSTRUMENT;VOLA;EUR;268435522;132.57000000;42;EXCHANGE_LAST;;1;1;XEUR;10804524;688;
30.10.2024;12:18:37.235;FGBL SI 20241206 PS;SIMPLE_INSTRUMENT;VOLA;EUR;268435523;132.57000000;28;EXCHANGE_LAST;;1;1;XEUR;10804524;688;
30.10.2024;13:30:40.969;FGBL SI 20241206 PS;SIMPLE_INSTRUMENT;VOLA;EUR;268435531;132.68000000;300;EXCHANGE_LAST;;1;1;XEUR;10804524;688;
30.10.2024;16:46:38.049;FGBL SI 20241206 PS;SIMPLE_INSTRUMENT;VOLA;EUR;268435573;132.02000000;88;EXCHANGE_LAST;;1;1;XEUR;10804524;688;
30.10.2024;16:47:24.054;FGBL SI 20241206 PS;SIMPLE_INSTRUMENT;VOLA;EUR;268435574;132.02000000;35;EXCHANGE_LAST;;1;1;XEUR;10804524;688;
30.10.2024;07:53:48.665;FGBM SI 20241206 PS;SIMPLE_INSTRUMENT;EFS;EUR;1;118.90000000;857;EXCHANGE_LAST;;1;1;XEUR;10804525;689;
30.10.2024;07:54:22.687;FGBM SI 20241206 PS;SIMPLE_INSTRUMENT;EFS;EUR;2;118.90000000;857;EXCHANGE_LAST;;1;1;XEUR;10804525;689;
30.10.2024;08:19:18.153;FGBM SI 20241206 PS;SIMPLE_INSTRUMENT;EFP_FIN;EUR;3;118.82000000;243;EXCHANGE_LAST;;1;1;XEUR;10804525;689;
30.10.2024;08:36:23.756;FGBM SI 20241206 PS;SIMPLE_INSTRUMENT;EFS;EUR;4;118.88000000;5000;EXCHANGE_LAST;;1;1;XEUR;10804525;689;
30.10.2024;08:44:46.257;FGBM SI 20241206 PS;SIMPLE_INSTRUMENT;EFP_FIN;EUR;5;118.87000000;642;EXCHANGE_LAST;;1;1;XEUR;10804525;689;
30.10.2024;08:52:08.429;FGBM SI 20241206 PS;SIMPLE_INSTRUMENT;EFP_FIN;EUR;6;118.89000000;428;EXCHANGE_LAST;;1;1;XEUR;10804525;689;
30.10.2024;08:59:23.948;FGBM SI 20241206 PS;SIMPLE_INSTRUMENT;EFS;EUR;7;118.96000000;856;EXCHANGE_LAST;;1;1;XEUR;10804525;689;
30.10.2024;09:01:44.421;FGBM SI 20241206 PS;SIMPLE_INSTRUMENT;EFS;EUR;8;118.94000000;1392;EXCHANGE_LAST;;1;1;XEUR;10804525;689;
30.10.2024;09:19:19.461;FGBM SI 20241206 PS;SIMPLE_INSTRUMENT;EFS;EUR;10;118.66000000;1396;EXCHANGE_LAST;;1;1;XEUR;10804525;689;
30.10.2024;09:21:15.415;FGBM SI 20241206 PS;SIMPLE_INSTRUMENT;EFS;EUR;11;118.89000000;427;EXCHANGE_LAST;;1;1;XEUR;10804525;689;
30.10.2024;09:21:24.141;FGBM SI 20241206 PS;SIMPLE_INSTRUMENT;EFS;EUR;12;118.65000000;167;EXCHANGE_LAST;;1;1;XEUR;10804525;689;
30.10.2024;09:24:41.591;FGBM SI 20241206 PS;SIMPLE_INSTRUMENT;EFS;EUR;14;118.92000000;427;EXCHANGE_LAST;;1;1;XEUR;10804525;689;
30.10.2024;09:34:41.798;FGBM SI 20241206 PS;SIMPLE_INSTRUMENT;EFS;EUR;15;118.64000000;1862;EXCHANGE_LAST;;1;1;XEUR;10804525;689;
30.10.2024;09:34:57.273;FGBM SI 20241206 PS;SIMPLE_INSTRUMENT;EFS;EUR;16;118.65000000;1860;EXCHANGE_LAST;;1;1;XEUR;10804525;689;
30.10.2024;09:51:59.519;FGBM SI 20241206 PS;SIMPLE_INSTRUMENT;EFP_FIN;EUR;17;118.65000000;1269;EXCHANGE_LAST;;1;1;XEUR;10804525;689;
30.10.2024;10:04:20.609;FGBM SI 20241206 PS;SIMPLE_INSTRUMENT;EFS;EUR;18;118.66000000;515;EXCHANGE_LAST;;1;1;XEUR;10804525;689;
30.10.2024;10:09:22.923;FGBM SI 20241206 PS;SIMPLE_INSTRUMENT;EFS;EUR;19;118.67000000;855;EXCHANGE_LAST;;1;1;XEUR;10804525;689;
30.10.2024;10:18:12.103;FGBM SI 20241206 PS;SIMPLE_INSTRUMENT;EFS;EUR;20;118.74000000;1287;EXCHANGE_LAST;;1;1;XEUR;10804525;689;
30.10.2024;10:19:21.958;FGBM SI 20241206 PS;SIMPLE_INSTRUMENT;EFP_FIN;EUR;21;118.68000000;421;EXCHANGE_LAST;;1;1;XEUR;10804525;689;
30.10.2024;10:23:34.341;FGBM SI 20241206 PS;SIMPLE_INSTRUMENT;EFP_FIN;EUR;22;118.73000000;75;EXCHANGE_LAST;;1;1;XEUR;10804525;689;
30.10.2024;10:30:41.798;FGBM SI 20241206 PS;SIMPLE_INSTRUMENT;EFS;EUR;23;118.76000000;558;EXCHANGE_LAST;;1;1;XEUR;10804525;689;
30.10.2024;10:34:00.496;FGBM SI 20241206 PS;SIMPLE_INSTRUMENT;EFS;EUR;24;118.74000000;426;EXCHANGE_LAST;;1;1;XEUR;10804525;689;
30.10.2024;10:45:07.406;FGBM SI 20241206 PS;SIMPLE_INSTRUMENT;EFP_FIN;EUR;25;118.77000000;431;EXCHANGE_LAST;;1;1;XEUR;10804525;689;
30.10.2024;10:45:30.541;FGBM SI 20241206 PS;SIMPLE_INSTRUMENT;EFP_FIN;EUR;26;118.77000000;172;EXCHANGE_LAST;;1;1;XEUR;10804525;689;
30.10.2024;10:54:33.525;FGBM SI 20241206 PS;SIMPLE_INSTRUMENT;EFP_FIN;EUR;27;118.77000000;820;EXCHANGE_LAST;;1;1;XEUR;10804525;689;
30.10.2024;10:55:47.543;FGBM SI 20241206 PS;SIMPLE_INSTRUMENT;EFS;EUR;28;118.76000000;470;EXCHANGE_LAST;;1;1;XEUR;10804525;689;
30.10.2024;11:09:24.934;FGBM SI 20241206 PS;SIMPLE_INSTRUMENT;EFP_FIN;EUR;29;118.77000000;92;EXCHANGE_LAST;;1;1;XEUR;10804525;689;
30.10.2024;11:11:23.975;FGBM SI 20241206 PS;SIMPLE_INSTRUMENT;EFS;EUR;30;118.75000000;930;EXCHANGE_LAST;;1;1;XEUR;10804525;689;
30.10.2024;11:13:20.708;FGBM SI 20241206 PS;SIMPLE_INSTRUMENT;EFP_FIN;EUR;31;118.76000000;69;EXCHANGE_LAST;;1;1;XEUR;10804525;689;
30.10.2024;11:14:12.380;FGBM SI 20241206 PS;SIMPLE_INSTRUMENT;EFP_FIN;EUR;32;118.76000000;200;EXCHANGE_LAST;;1;1;XEUR;10804525;689;
30.10.2024;11:18:13.318;FGBM SI 20241206 PS;SIMPLE_INSTRUMENT;EFP_FIN;EUR;34;118.75000000;2141;EXCHANGE_LAST;;1;1;XEUR;10804525;689;
30.10.2024;11:25:55.144;FGBM SI 20241206 PS;SIMPLE_INSTRUMENT;EFS;EUR;35;118.79000000;428;EXCHANGE_LAST;;1;1;XEUR;10804525;689;
30.10.2024;11:26:38.351;FGBM SI 20241206 PS;SIMPLE_INSTRUMENT;EFS;EUR;36;118.79000000;428;EXCHANGE_LAST;;1;1;XEUR;10804525;689;
30.10.2024;11:27:27.622;FGBM SI 20241206 PS;SIMPLE_INSTRUMENT;EFP_FIN;EUR;37;118.77000000;514;EXCHANGE_LAST;;1;1;XEUR;10804525;689;
30.10.2024;11:29:15.716;FGBM SI 20241206 PS;SIMPLE_INSTRUMENT;EFP_FIN;EUR;38;118.80000000;428;EXCHANGE_LAST;;1;1;XEUR;10804525;689;
30.10.2024;11:29:58.663;FGBM SI 20241206 PS;SIMPLE_INSTRUMENT;EFS;EUR;39;118.77000000;6848;EXCHANGE_LAST;;1;1;XEUR;10804525;689;
30.10.2024;11:31:50.098;FGBM SI 20241206 PS;SIMPLE_INSTRUMENT;EFS;EUR;40;118.78000000;855;EXCHANGE_LAST;;1;1;XEUR;10804525;689;
30.10.2024;11:33:05.389;FGBM SI 20241206 PS;SIMPLE_INSTRUMENT;EFS;EUR;41;118.79000000;428;EXCHANGE_LAST;;1;1;XEUR;10804525;689;
30.10.2024;11:39:41.516;FGBM SI 20241206 PS;SIMPLE_INSTRUMENT;EFP_FIN;EUR;42;118.77000000;268;EXCHANGE_LAST;;1;1;XEUR;10804525;689;
30.10.2024;11:49:42.898;FGBM SI 20241206 PS;SIMPLE_INSTRUMENT;EFS;EUR;43;118.72000000;171;EXCHANGE_LAST;;1;1;XEUR;10804525;689;
30.10.2024;11:50:48.501;FGBM SI 20241206 PS;SIMPLE_INSTRUMENT;EFS;EUR;44;118.75000000;1717;EXCHANGE_LAST;;1;1;XEUR;10804525;689;
30.10.2024;11:50:50.453;FGBM SI 20241206 PS;SIMPLE_INSTRUMENT;EFS;EUR;45;118.71000000;128;EXCHANGE_LAST;;1;1;XEUR;10804525;689;
30.10.2024;11:56:47.226;FGBM SI 20241206 PS;SIMPLE_INSTRUMENT;EFP_FIN;EUR;46;118.77000000;428;EXCHANGE_LAST;;1;1;XEUR;10804525;689;
30.10.2024;11:57:15.317;FGBM SI 20241206 PS;SIMPLE_INSTRUMENT;EFP_FIN;EUR;47;118.77000000;428;EXCHANGE_LAST;;1;1;XEUR;10804525;689;
30.10.2024;11:59:06.743;FGBM SI 20241206 PS;SIMPLE_INSTRUMENT;EFP_FIN;EUR;48;118.76000000;744;EXCHANGE_LAST;;1;1;XEUR;10804525;689;
30.10.2024;11:58:45.399;FGBM SI 20241206 PS;SIMPLE_INSTRUMENT;EFS;EUR;49;118.72000000;859;EXCHANGE_LAST;;1;1;XEUR;10804525;689;
30.10.2024;12:12:35.911;FGBM SI 20241206 PS;SIMPLE_INSTRUMENT;EFS;EUR;50;118.71000000;859;EXCHANGE_LAST;;1;1;XEUR;10804525;689;
30.10.2024;12:23:24.689;FGBM SI 20241206 PS;SIMPLE_INSTRUMENT;EFP_FIN;EUR;51;118.76000000;69;EXCHANGE_LAST;;1;1;XEUR;10804525;689;
30.10.2024;12:26:26.709;FGBM SI 20241206 PS;SIMPLE_INSTRUMENT;EFS;EUR;52;118.63000000;257;EXCHANGE_LAST;;1;1;XEUR;10804525;689;
30.10.2024;12:33:33.072;FGBM SI 20241206 PS;SIMPLE_INSTRUMENT;EFS;EUR;53;118.64000000;856;EXCHANGE_LAST;;1;1;XEUR;10804525;689;
30.10.2024;12:40:14.384;FGBM SI 20241206 PS;SIMPLE_INSTRUMENT;EFS;EUR;54;118.64000000;1709;EXCHANGE_LAST;;1;1;XEUR;10804525;689;
30.10.2024;12:41:55.915;FGBM SI 20241206 PS;SIMPLE_INSTRUMENT;EFS;EUR;55;118.64000000;1712;EXCHANGE_LAST;;1;1;XEUR;10804525;689;
30.10.2024;12:46:47.783;FGBM SI 20241206 PS;SIMPLE_INSTRUMENT;EFS;EUR;56;118.64000000;855;EXCHANGE_LAST;;1;1;XEUR;10804525;689;
30.10.2024;13:08:07.218;FGBM SI 20241206 PS;SIMPLE_INSTRUMENT;EFS;EUR;57;118.68000000;809;EXCHANGE_LAST;;1;1;XEUR;10804525;689;
30.10.2024;13:14:54.927;FGBM SI 20241206 PS;SIMPLE_INSTRUMENT;EFS;EUR;58;118.66000000;672;EXCHANGE_LAST;;1;1;XEUR;10804525;689;
30.10.2024;13:23:41.849;FGBM SI 20241206 PS;SIMPLE_INSTRUMENT;EFS;EUR;59;118.70000000;428;EXCHANGE_LAST;;1;1;XEUR;10804525;689;
30.10.2024;13:33:34.889;FGBM SI 20241206 PS;SIMPLE_INSTRUMENT;EFS;EUR;60;118.71000000;429;EXCHANGE_LAST;;1;1;XEUR;10804525;689;
30.10.2024;13:39:20.573;FGBM SI 20241206 PS;SIMPLE_INSTRUMENT;EFP_FIN;EUR;61;118.70000000;224;EXCHANGE_LAST;;1;1;XEUR;10804525;689;
30.10.2024;13:42:56.364;FGBM SI 20241206 PS;SIMPLE_INSTRUMENT;EFS;EUR;62;118.71000000;2791;EXCHANGE_LAST;;1;1;XEUR;10804525;689;
30.10.2024;13:50:28.132;FGBM SI 20241206 PS;SIMPLE_INSTRUMENT;EFS;EUR;63;118.74000000;214;EXCHANGE_LAST;;1;1;XEUR;10804525;689;
30.10.2024;13:56:09.198;FGBM SI 20241206 PS;SIMPLE_INSTRUMENT;EFS;EUR;64;118.72000000;2790;EXCHANGE_LAST;;1;1;XEUR;10804525;689;
30.10.2024;14:00:12.360;FGBM SI 20241206 PS;SIMPLE_INSTRUMENT;EFP_FIN;EUR;65;118.72000000;422;EXCHANGE_LAST;;1;1;XEUR;10804525;689;
30.10.2024;14:00:44.871;FGBM SI 20241206 PS;SIMPLE_INSTRUMENT;EFP_FIN;EUR;66;118.72000000;422;EXCHANGE_LAST;;1;1;XEUR;10804525;689;
30.10.2024;14:05:16.160;FGBM SI 20241206 PS;SIMPLE_INSTRUMENT;EFS;EUR;67;118.74000000;186;EXCHANGE_LAST;;1;1;XEUR;10804525;689;
30.10.2024;14:10:48.548;FGBM SI 20241206 PS;SIMPLE_INSTRUMENT;EFS;EUR;68;118.63000000;214;EXCHANGE_LAST;;1;1;XEUR;10804525;689;
30.10.2024;14:10:58.557;FGBM SI 20241206 PS;SIMPLE_INSTRUMENT;EFS;EUR;69;118.63000000;214;EXCHANGE_LAST;;1;1;XEUR;10804525;689;
30.10.2024;14:12:32.748;FGBM SI 20241206 PS;SIMPLE_INSTRUMENT;EFP_FIN;EUR;70;118.76000000;166;EXCHANGE_LAST;;1;1;XEUR;10804525;689;
30.10.2024;14:12:49.974;FGBM SI 20241206 PS;SIMPLE_INSTRUMENT;EFP_FIN;EUR;72;118.72000000;236;EXCHANGE_LAST;;1;1;XEUR;10804525;689;
30.10.2024;14:25:15.127;FGBM SI 20241206 PS;SIMPLE_INSTRUMENT;EFS;EUR;73;118.63000000;1862;EXCHANGE_LAST;;1;1;XEUR;10804525;689;
30.10.2024;14:44:08.842;FGBM SI 20241206 PS;SIMPLE_INSTRUMENT;EFP_FIN;EUR;74;118.63000000;133;EXCHANGE_LAST;;1;1;XEUR;10804525;689;
30.10.2024;14:44:30.814;FGBM SI 20241206 PS;SIMPLE_INSTRUMENT;EFP_FIN;EUR;75;118.63000000;166;EXCHANGE_LAST;;1;1;XEUR;10804525;689;
30.10.2024;14:45:45.324;FGBM SI 20241206 PS;SIMPLE_INSTRUMENT;EFP_FIN;EUR;76;118.63000000;671;EXCHANGE_LAST;;1;1;XEUR;10804525;689;
30.10.2024;14:46:06.843;FGBM SI 20241206 PS;SIMPLE_INSTRUMENT;EFP_FIN;EUR;77;118.76000000;432;EXCHANGE_LAST;;1;1;XEUR;10804525;689;
30.10.2024;14:58:39.274;FGBM SI 20241206 PS;SIMPLE_INSTRUMENT;EFS;EUR;78;118.41000000;853;EXCHANGE_LAST;;1;1;XEUR;10804525;689;
30.10.2024;15:02:01.887;FGBM SI 20241206 PS;SIMPLE_INSTRUMENT;EFS;EUR;79;118.42000000;1400;EXCHANGE_LAST;;1;1;XEUR;10804525;689;
30.10.2024;15:08:40.153;FGBM SI 20241206 PS;SIMPLE_INSTRUMENT;EFS;EUR;80;118.44000000;854;EXCHANGE_LAST;;1;1;XEUR;10804525;689;
30.10.2024;15:08:08.600;FGBM SI 20241206 PS;SIMPLE_INSTRUMENT;EFS;EUR;81;118.45000000;320;EXCHANGE_LAST;;1;1;XEUR;10804525;689;
30.10.2024;15:17:25.114;FGBM SI 20241206 PS;SIMPLE_INSTRUMENT;EFS;EUR;82;118.41000000;859;EXCHANGE_LAST;;1;1;XEUR;10804525;689;
30.10.2024;15:19:16.550;FGBM SI 20241206 PS;SIMPLE_INSTRUMENT;EFP_FIN;EUR;83;118.40000000;421;EXCHANGE_LAST;;1;1;XEUR;10804525;689;
30.10.2024;15:19:34.096;FGBM SI 20241206 PS;SIMPLE_INSTRUMENT;EFS;EUR;84;118.34000000;1401;EXCHANGE_LAST;;1;1;XEUR;10804525;689;
30.10.2024;15:24:02.259;FGBM SI 20241206 PS;SIMPLE_INSTRUMENT;EFS;EUR;85;118.31000000;934;EXCHANGE_LAST;;1;1;XEUR;10804525;689;
30.10.2024;15:25:36.165;FGBM SI 20241206 PS;SIMPLE_INSTRUMENT;EFS;EUR;86;118.93000000;855;EXCHANGE_LAST;;1;1;XEUR;10804525;689;
30.10.2024;15:32:35.090;FGBM SI 20241206 PS;SIMPLE_INSTRUMENT;EFS;EUR;87;118.28000000;934;EXCHANGE_LAST;;1;1;XEUR;10804525;689;
30.10.2024;15:34:03.831;FGBM SI 20241206 PS;SIMPLE_INSTRUMENT;EFS;EUR;88;118.28000000;935;EXCHANGE_LAST;;1;1;XEUR;10804525;689;
30.10.2024;15:35:38.790;FGBM SI 20241206 PS;SIMPLE_INSTRUMENT;EFS;EUR;89;118.28000000;934;EXCHANGE_LAST;;1;1;XEUR;10804525;689;
30.10.2024;15:41:53.002;FGBM SI 20241206 PS;SIMPLE_INSTRUMENT;EFS;EUR;90;118.29000000;934;EXCHANGE_LAST;;1;1;XEUR;10804525;689;
30.10.2024;15:42:20.215;FGBM SI 20241206 PS;SIMPLE_INSTRUMENT;EFP_FIN;EUR;91;118.27000000;1111;EXCHANGE_LAST;;1;1;XEUR;10804525;689;
30.10.2024;15:44:39.680;FGBM SI 20241206 PS;SIMPLE_INSTRUMENT;EFS;EUR;92;118.29000000;429;EXCHANGE_LAST;;1;1;XEUR;10804525;689;
30.10.2024;15:45:18.715;FGBM SI 20241206 PS;SIMPLE_INSTRUMENT;EFS;EUR;93;118.29000000;858;EXCHANGE_LAST;;1;1;XEUR;10804525;689;
30.10.2024;15:45:51.457;FGBM SI 20241206 PS;SIMPLE_INSTRUMENT;EFS;EUR;94;118.35000000;429;EXCHANGE_LAST;;1;1;XEUR;10804525;689;
30.10.2024;15:50:39.597;FGBM SI 20241206 PS;SIMPLE_INSTRUMENT;EFS;EUR;95;118.34000000;857;EXCHANGE_LAST;;1;1;XEUR;10804525;689;
30.10.2024;15:51:52.895;FGBM SI 20241206 PS;SIMPLE_INSTRUMENT;EFS;EUR;96;118.36000000;429;EXCHANGE_LAST;;1;1;XEUR;10804525;689;
30.10.2024;15:54:20.072;FGBM SI 20241206 PS;SIMPLE_INSTRUMENT;EFS;EUR;97;118.32000000;429;EXCHANGE_LAST;;1;1;XEUR;10804525;689;
30.10.2024;15:56:14.511;FGBM SI 20241206 PS;SIMPLE_INSTRUMENT;EFS;EUR;98;118.30000000;429;EXCHANGE_LAST;;1;1;XEUR;10804525;689;
30.10.2024;16:02:23.677;FGBM SI 20241206 PS;SIMPLE_INSTRUMENT;EFS;EUR;99;118.28000000;837;EXCHANGE_LAST;;1;1;XEUR;10804525;689;
30.10.2024;16:10:03.973;FGBM SI 20241206 PS;SIMPLE_INSTRUMENT;EFS;EUR;100;118.32000000;857;EXCHANGE_LAST;;1;1;XEUR;10804525;689;
30.10.2024;16:35:42.129;FGBM SI 20241206 PS;SIMPLE_INSTRUMENT;EFS;EUR;101;118.31000000;859;EXCHANGE_LAST;;1;1;XEUR;10804525;689;
30.10.2024;16:38:52.774;FGBM SI 20241206 PS;SIMPLE_INSTRUMENT;EFP_FIN;EUR;102;118.30000000;857;EXCHANGE_LAST;;1;1;XEUR;10804525;689;
30.10.2024;16:38:32.255;FGBM SI 20241206 PS;SIMPLE_INSTRUMENT;EFS;EUR;103;118.30000000;430;EXCHANGE_LAST;;1;1;XEUR;10804525;689;
30.10.2024;16:42:58.600;FGBM SI 20241206 PS;SIMPLE_INSTRUMENT;EFP_FIN;EUR;104;118.29000000;57;EXCHANGE_LAST;;1;1;XEUR;10804525;689;
30.10.2024;16:55:18.192;FGBM SI 20241206 PS;SIMPLE_INSTRUMENT;EFS;EUR;106;118.30000000;810;EXCHANGE_LAST;;1;1;XEUR;10804525;689;
30.10.2024;16:55:26.635;FGBM SI 20241206 PS;SIMPLE_INSTRUMENT;EFS;EUR;107;118.26000000;7500;EXCHANGE_LAST;;1;1;XEUR;10804525;689;
30.10.2024;16:57:06.063;FGBM SI 20241206 PS;SIMPLE_INSTRUMENT;EFS;EUR;108;118.24000000;861;EXCHANGE_LAST;;1;1;XEUR;10804525;689;
30.10.2024;16:58:56.933;FGBM SI 20241206 PS;SIMPLE_INSTRUMENT;EFS;EUR;109;118.30000000;810;EXCHANGE_LAST;;1;1;XEUR;10804525;689;
30.10.2024;17:01:55.632;FGBM SI 20241206 PS;SIMPLE_INSTRUMENT;EFS;EUR;110;118.20000000;407;EXCHANGE_LAST;;1;1;XEUR;10804525;689;
30.10.2024;17:04:44.106;FGBM SI 20241206 PS;SIMPLE_INSTRUMENT;EFP_FIN;EUR;111;118.32000000;68;EXCHANGE_LAST;;1;1;XEUR;10804525;689;
30.10.2024;17:05:45.681;FGBM SI 20241206 PS;SIMPLE_INSTRUMENT;EFP_FIN;EUR;112;118.32000000;1638;EXCHANGE_LAST;;1;1;XEUR;10804525;689;
30.10.2024;17:07:36.361;FGBM SI 20241206 PS;SIMPLE_INSTRUMENT;EFP_FIN;EUR;113;118.27000000;185;EXCHANGE_LAST;;1;1;XEUR;10804525;689;
30.10.2024;17:12:45.437;FGBM SI 20241206 PS;SIMPLE_INSTRUMENT;EFS;EUR;114;118.15000000;429;EXCHANGE_LAST;;1;1;XEUR;10804525;689;
30.10.2024;17:25:40.136;FGBM SI 20241206 PS;SIMPLE_INSTRUMENT;EFS;EUR;115;118.15000000;812;EXCHANGE_LAST;;1;1;XEUR;10804525;689;
30.10.2024;07:39:13.638;FGBS SI 20241206 PS;SIMPLE_INSTRUMENT;EFS;EUR;1;106.85000000;719;EXCHANGE_LAST;;1;1;XEUR;10804527;690;
30.10.2024;07:50:26.313;FGBS SI 20241206 PS;SIMPLE_INSTRUMENT;EFS;EUR;2;106.85500000;1087;EXCHANGE_LAST;;1;1;XEUR;10804527;690;
30.10.2024;07:58:13.168;FGBS SI 20241206 PS;SIMPLE_INSTRUMENT;EFS;EUR;3;106.85500000;302;EXCHANGE_LAST;;1;1;XEUR;10804527;690;
30.10.2024;07:58:43.864;FGBS SI 20241206 PS;SIMPLE_INSTRUMENT;EFS;EUR;4;106.85000000;1256;EXCHANGE_LAST;;1;1;XEUR;10804527;690;
30.10.2024;08:58:42.797;FGBS SI 20241206 PS;SIMPLE_INSTRUMENT;EFS;EUR;6;106.84500000;2508;EXCHANGE_LAST;;1;1;XEUR;10804527;690;
30.10.2024;09:01:10.486;FGBS SI 20241206 PS;SIMPLE_INSTRUMENT;EFP_FIN;EUR;7;106.87000000;461;EXCHANGE_LAST;;1;1;XEUR;10804527;690;
30.10.2024;09:04:30.841;FGBS SI 20241206 PS;SIMPLE_INSTRUMENT;EFS;EUR;8;106.85000000;1230;EXCHANGE_LAST;;1;1;XEUR;10804527;690;
30.10.2024;09:34:11.796;FGBS SI 20241206 PS;SIMPLE_INSTRUMENT;EFS;EUR;9;106.74000000;5444;EXCHANGE_LAST;;1;1;XEUR;10804527;690;
30.10.2024;09:37:11.507;FGBS SI 20241206 PS;SIMPLE_INSTRUMENT;EFS;EUR;10;106.75000000;1250;EXCHANGE_LAST;;1;1;XEUR;10804527;690;
30.10.2024;09:44:16.683;FGBS SI 20241206 PS;SIMPLE_INSTRUMENT;EFS;EUR;11;106.74000000;2869;EXCHANGE_LAST;;1;1;XEUR;10804527;690;
30.10.2024;09:55:17.917;FGBS SI 20241206 PS;SIMPLE_INSTRUMENT;EFS;EUR;12;106.75500000;544;EXCHANGE_LAST;;1;1;XEUR;10804527;690;
30.10.2024;10:02:41.479;FGBS SI 20241206 PS;SIMPLE_INSTRUMENT;EFS;EUR;13;106.74500000;1508;EXCHANGE_LAST;;1;1;XEUR;10804527;690;
30.10.2024;10:03:37.418;FGBS SI 20241206 PS;SIMPLE_INSTRUMENT;EFS;EUR;14;106.75000000;1508;EXCHANGE_LAST;;1;1;XEUR;10804527;690;
30.10.2024;10:35:18.143;FGBS SI 20241206 PS;SIMPLE_INSTRUMENT;EFS;EUR;15;106.79000000;2510;EXCHANGE_LAST;;1;1;XEUR;10804527;690;
30.10.2024;10:36:23.560;FGBS SI 20241206 PS;SIMPLE_INSTRUMENT;EFS;EUR;16;106.84000000;2508;EXCHANGE_LAST;;1;1;XEUR;10804527;690;
30.10.2024;10:59:20.536;FGBS SI 20241206 PS;SIMPLE_INSTRUMENT;EFP_FIN;EUR;17;106.79000000;356;EXCHANGE_LAST;;1;1;XEUR;10804527;690;
30.10.2024;10:59:20.536;FGBS SI 20241206 PS;SIMPLE_INSTRUMENT;EFP_FIN;EUR;18;106.79000000;214;EXCHANGE_LAST;;1;1;XEUR;10804527;690;
30.10.2024;10:59:20.516;FGBS SI 20241206 PS;SIMPLE_INSTRUMENT;EFP_FIN;EUR;19;106.79000000;142;EXCHANGE_LAST;;1;1;XEUR;10804527;690;
30.10.2024;11:10:41.040;FGBS SI 20241206 PS;SIMPLE_INSTRUMENT;EFP_FIN;EUR;20;106.80000000;71;EXCHANGE_LAST;;1;1;XEUR;10804527;690;
30.10.2024;11:29:01.706;FGBS SI 20241206 PS;SIMPLE_INSTRUMENT;EFS;EUR;21;106.80000000;2720;EXCHANGE_LAST;;1;1;XEUR;10804527;690;
30.10.2024;11:30:14.664;FGBS SI 20241206 PS;SIMPLE_INSTRUMENT;EFS;EUR;22;106.79000000;20072;EXCHANGE_LAST;;1;1;XEUR;10804527;690;
30.10.2024;11:34:12.955;FGBS SI 20241206 PS;SIMPLE_INSTRUMENT;EFS;EUR;23;106.80000000;4080;EXCHANGE_LAST;;1;1;XEUR;10804527;690;
30.10.2024;11:38:00.687;FGBS SI 20241206 PS;SIMPLE_INSTRUMENT;EFS;EUR;24;106.80000000;5440;EXCHANGE_LAST;;1;1;XEUR;10804527;690;
30.10.2024;11:41:09.032;FGBS SI 20241206 PS;SIMPLE_INSTRUMENT;EFS;EUR;25;106.80000000;1256;EXCHANGE_LAST;;1;1;XEUR;10804527;690;
30.10.2024;11:43:35.927;FGBS SI 20241206 PS;SIMPLE_INSTRUMENT;EFS;EUR;26;106.80000000;4080;EXCHANGE_LAST;;1;1;XEUR;10804527;690;
30.10.2024;11:49:12.413;FGBS SI 20241206 PS;SIMPLE_INSTRUMENT;EFS;EUR;27;106.78000000;5024;EXCHANGE_LAST;;1;1;XEUR;10804527;690;
30.10.2024;12:19:19.505;FGBS SI 20241206 PS;SIMPLE_INSTRUMENT;EFP_FIN;EUR;28;106.77000000;356;EXCHANGE_LAST;;1;1;XEUR;10804527;690;
30.10.2024;12:26:12.649;FGBS SI 20241206 PS;SIMPLE_INSTRUMENT;EFS;EUR;29;106.77000000;1257;EXCHANGE_LAST;;1;1;XEUR;10804527;690;
30.10.2024;12:27:38.912;FGBS SI 20241206 PS;SIMPLE_INSTRUMENT;EFS;EUR;30;106.76500000;2247;EXCHANGE_LAST;;1;1;XEUR;10804527;690;
30.10.2024;12:33:25.577;FGBS SI 20241206 PS;SIMPLE_INSTRUMENT;EFS;EUR;31;106.74500000;4083;EXCHANGE_LAST;;1;1;XEUR;10804527;690;
30.10.2024;12:42:51.013;FGBS SI 20241206 PS;SIMPLE_INSTRUMENT;EFS;EUR;32;106.73500000;4083;EXCHANGE_LAST;;1;1;XEUR;10804527;690;
30.10.2024;12:45:07.505;FGBS SI 20241206 PS;SIMPLE_INSTRUMENT;EFS;EUR;33;106.74000000;4355;EXCHANGE_LAST;;1;1;XEUR;10804527;690;
30.10.2024;13:01:49.739;FGBS SI 20241206 PS;SIMPLE_INSTRUMENT;EFS;EUR;34;106.76000000;4817;EXCHANGE_LAST;;1;1;XEUR;10804527;690;
30.10.2024;13:41:33.054;FGBS SI 20241206 PS;SIMPLE_INSTRUMENT;BLOCK;EUR;35;106.75000000;8166;EXCHANGE_LAST;;1;1;XEUR;10804527;690;
30.10.2024;13:55:16.554;FGBS SI 20241206 PS;SIMPLE_INSTRUMENT;BLOCK;EUR;36;106.75000000;8166;EXCHANGE_LAST;;1;1;XEUR;10804527;690;
30.10.2024;14:10:21.476;FGBS SI 20241206 PS;SIMPLE_INSTRUMENT;EFP_FIN;EUR;37;106.77000000;473;EXCHANGE_LAST;;1;1;XEUR;10804527;690;
30.10.2024;14:12:31.981;FGBS SI 20241206 PS;SIMPLE_INSTRUMENT;EFS;EUR;38;106.74000000;2722;EXCHANGE_LAST;;1;1;XEUR;10804527;690;
30.10.2024;14:24:28.206;FGBS SI 20241206 PS;SIMPLE_INSTRUMENT;BLOCK;EUR;39;106.72000000;5446;EXCHANGE_LAST;;1;1;XEUR;10804527;690;
30.10.2024;14:50:59.804;FGBS SI 20241206 PS;SIMPLE_INSTRUMENT;EFP_FIN;EUR;40;106.67500000;1750;EXCHANGE_LAST;;1;1;XEUR;10804527;690;
30.10.2024;14:59:26.635;FGBS SI 20241206 PS;SIMPLE_INSTRUMENT;EFS;EUR;41;106.64000000;2726;EXCHANGE_LAST;;1;1;XEUR;10804527;690;
30.10.2024;15:08:38.938;FGBS SI 20241206 PS;SIMPLE_INSTRUMENT;EFS;EUR;42;106.65500000;3014;EXCHANGE_LAST;;1;1;XEUR;10804527;690;
30.10.2024;15:25:25.757;FGBS SI 20241206 PS;SIMPLE_INSTRUMENT;BLOCK;EUR;43;106.62000000;15000;EXCHANGE_LAST;;1;1;XEUR;10804527;690;
30.10.2024;15:29:07.733;FGBS SI 20241206 PS;SIMPLE_INSTRUMENT;EFP_FIN;EUR;44;106.63500000;166;EXCHANGE_LAST;;1;1;XEUR;10804527;690;
30.10.2024;15:33:09.079;FGBS SI 20241206 PS;SIMPLE_INSTRUMENT;EFS;EUR;45;106.61500000;2428;EXCHANGE_LAST;;1;1;XEUR;10804527;690;
30.10.2024;15:52:33.825;FGBS SI 20241206 PS;SIMPLE_INSTRUMENT;EFS;EUR;46;106.62000000;2509;EXCHANGE_LAST;;1;1;XEUR;10804527;690;
30.10.2024;16:06:25.856;FGBS SI 20241206 PS;SIMPLE_INSTRUMENT;EFP_FIN;EUR;47;106.65000000;451;EXCHANGE_LAST;;1;1;XEUR;10804527;690;
30.10.2024;16:08:14.476;FGBS SI 20241206 PS;SIMPLE_INSTRUMENT;EFS;EUR;48;106.62000000;2514;EXCHANGE_LAST;;1;1;XEUR;10804527;690;
30.10.2024;16:16:28.666;FGBS SI 20241206 PS;SIMPLE_INSTRUMENT;EFS;EUR;49;106.62000000;5454;EXCHANGE_LAST;;1;1;XEUR;10804527;690;
30.10.2024;16:21:54.963;FGBS SI 20241206 PS;SIMPLE_INSTRUMENT;EFP_FIN;EUR;50;106.62500000;636;EXCHANGE_LAST;;1;1;XEUR;10804527;690;
30.10.2024;16:25:50.768;FGBS SI 20241206 PS;SIMPLE_INSTRUMENT;EFS;EUR;51;106.60500000;2728;EXCHANGE_LAST;;1;1;XEUR;10804527;690;
30.10.2024;16:27:31.919;FGBS SI 20241206 PS;SIMPLE_INSTRUMENT;EFP_FIN;EUR;52;106.62500000;536;EXCHANGE_LAST;;1;1;XEUR;10804527;690;
30.10.2024;16:29:23.067;FGBS SI 20241206 PS;SIMPLE_INSTRUMENT;EFS;EUR;53;106.60000000;5456;EXCHANGE_LAST;;1;1;XEUR;10804527;690;
30.10.2024;16:30:55.799;FGBS SI 20241206 PS;SIMPLE_INSTRUMENT;EFP_FIN;EUR;54;106.60000000;711;EXCHANGE_LAST;;1;1;XEUR;10804527;690;
30.10.2024;16:32:35.152;FGBS SI 20241206 PS;SIMPLE_INSTRUMENT;EFS;EUR;55;106.61500000;5454;EXCHANGE_LAST;;1;1;XEUR;10804527;690;
30.10.2024;16:34:41.329;FGBS SI 20241206 PS;SIMPLE_INSTRUMENT;EFS;EUR;56;106.61000000;2512;EXCHANGE_LAST;;1;1;XEUR;10804527;690;
30.10.2024;16:37:09.821;FGBS SI 20241206 PS;SIMPLE_INSTRUMENT;EFS;EUR;57;106.60500000;2727;EXCHANGE_LAST;;1;1;XEUR;10804527;690;
30.10.2024;16:38:54.106;FGBS SI 20241206 PS;SIMPLE_INSTRUMENT;EFS;EUR;58;106.61000000;2512;EXCHANGE_LAST;;1;1;XEUR;10804527;690;
30.10.2024;16:42:58.600;FGBS SI 20241206 PS;SIMPLE_INSTRUMENT;EFP_FIN;EUR;59;106.62000000;937;EXCHANGE_LAST;;1;1;XEUR;10804527;690;
30.10.2024;16:45:39.424;FGBS SI 20241206 PS;SIMPLE_INSTRUMENT;EFP_FIN;EUR;60;106.62000000;853;EXCHANGE_LAST;;1;1;XEUR;10804527;690;
30.10.2024;16:54:33.483;FGBS SI 20241206 PS;SIMPLE_INSTRUMENT;EFS;EUR;61;106.60500000;4500;EXCHANGE_LAST;;1;1;XEUR;10804527;690;
30.10.2024;07:45:45.160;FGBS SI 20241206 PS;SIMPLE_INSTRUMENT;VOLA;EUR;268435464;106.83000000;210;EXCHANGE_LAST;;1;1;XEUR;10804527;690;
30.10.2024;08:44:54.412;FGBS SI 20241206 PS;SIMPLE_INSTRUMENT;VOLA;EUR;268435480;106.83000000;62;EXCHANGE_LAST;;1;1;XEUR;10804527;690;
30.10.2024;08:18:15.855;FGBX SI 20241206 PS;SIMPLE_INSTRUMENT;EFS;EUR;1;132.30000000;182;EXCHANGE_LAST;;1;1;XEUR;10804526;691;
30.10.2024;08:37:32.413;FGBX SI 20241206 PS;SIMPLE_INSTRUMENT;EFP_FIN;EUR;2;132.48000000;185;EXCHANGE_LAST;;1;1;XEUR;10804526;691;
30.10.2024;08:51:03.993;FGBX SI 20241206 PS;SIMPLE_INSTRUMENT;EFS;EUR;3;132.56000000;36;EXCHANGE_LAST;;1;1;XEUR;10804526;691;
30.10.2024;09:00:21.409;FGBX SI 20241206 PS;SIMPLE_INSTRUMENT;EFS;EUR;5;132.96000000;182;EXCHANGE_LAST;;1;1;XEUR;10804526;691;
30.10.2024;09:35:18.075;FGBX SI 20241206 PS;SIMPLE_INSTRUMENT;BLOCK;EUR;7;132.28000000;337;EXCHANGE_LAST;;1;1;XEUR;10804526;691;
30.10.2024;10:42:15.023;FGBX SI 20241206 PS;SIMPLE_INSTRUMENT;EFP_FIN;EUR;8;132.60000000;55;EXCHANGE_LAST;;1;1;XEUR;10804526;691;
30.10.2024;10:42:16.718;FGBX SI 20241206 PS;SIMPLE_INSTRUMENT;EFP_FIN;EUR;9;132.60000000;108;EXCHANGE_LAST;;1;1;XEUR;10804526;691;
30.10.2024;11:33:07.208;FGBX SI 20241206 PS;SIMPLE_INSTRUMENT;EFP_FIN;EUR;13;132.72000000;91;EXCHANGE_LAST;;1;1;XEUR;10804526;691;
30.10.2024;12:42:01.794;FGBX SI 20241206 PS;SIMPLE_INSTRUMENT;EFP_FIN;EUR;16;132.54000000;115;EXCHANGE_LAST;;1;1;XEUR;10804526;691;
30.10.2024;12:54:58.871;FGBX SI 20241206 PS;SIMPLE_INSTRUMENT;EFS;EUR;17;132.18000000;288;EXCHANGE_LAST;;1;1;XEUR;10804526;691;
30.10.2024;12:54:57.594;FGBX SI 20241206 PS;SIMPLE_INSTRUMENT;EFP_FIN;EUR;18;132.24000000;274;EXCHANGE_LAST;;1;1;XEUR;10804526;691;
30.10.2024;13:33:39.985;FGBX SI 20241206 PS;SIMPLE_INSTRUMENT;EFP_FIN;EUR;20;132.66000000;84;EXCHANGE_LAST;;1;1;XEUR;10804526;691;
30.10.2024;13:34:37.923;FGBX SI 20241206 PS;SIMPLE_INSTRUMENT;EFP_FIN;EUR;21;132.66000000;168;EXCHANGE_LAST;;1;1;XEUR;10804526;691;
30.10.2024;14:36:56.118;FGBX SI 20241206 PS;SIMPLE_INSTRUMENT;BLOCK;EUR;24;131.90000000;3000;EXCHANGE_LAST;;1;1;XEUR;10804526;691;
30.10.2024;14:37:10.120;FGBX SI 20241206 PS;SIMPLE_INSTRUMENT;BLOCK;EUR;25;131.90000000;2000;EXCHANGE_LAST;;1;1;XEUR;10804526;691;
30.10.2024;14:53:22.363;FGBX SI 20241206 PS;SIMPLE_INSTRUMENT;EFS;EUR;26;131.60000000;169;EXCHANGE_LAST;;1;1;XEUR;10804526;691;
30.10.2024;14:53:36.778;FGBX SI 20241206 PS;SIMPLE_INSTRUMENT;EFS;EUR;27;131.60000000;169;EXCHANGE_LAST;;1;1;XEUR;10804526;691;
30.10.2024;15:17:33.115;FGBX SI 20241206 PS;SIMPLE_INSTRUMENT;EFS;EUR;28;131.52000000;169;EXCHANGE_LAST;;1;1;XEUR;10804526;691;
30.10.2024;15:25:12.719;FGBX SI 20241206 PS;SIMPLE_INSTRUMENT;EFS;EUR;29;131.20000000;185;EXCHANGE_LAST;;1;1;XEUR;10804526;691;
30.10.2024;15:28:26.069;FGBX SI 20241206 PS;SIMPLE_INSTRUMENT;EFS;EUR;30;131.28000000;170;EXCHANGE_LAST;;1;1;XEUR;10804526;691;
30.10.2024;15:44:27.594;FGBX SI 20241206 PS;SIMPLE_INSTRUMENT;BLOCK;EUR;32;131.60000000;113;EXCHANGE_LAST;;1;1;XEUR;10804526;691;
30.10.2024;15:52:44.874;FGBX SI 20241206 PS;SIMPLE_INSTRUMENT;EFS;EUR;33;131.42000000;170;EXCHANGE_LAST;;1;1;XEUR;10804526;691;
30.10.2024;11:11:45.410;FIN SI 20241220 PS AM C 68.00 0;SIMPLE_INSTRUMENT;BLOCK;CHF;29;0.95000000;800;EXCHANGE_LAST;;1;1;XEUR;8782685;671;
30.10.2024;07:36:53.145;FMED SI 20241220 CS;SIMPLE_INSTRUMENT;BLOCK;USD;7;9762.99000000;510;EXCHANGE_LAST;;1;1;XEUR;7193401;48144;
30.10.2024;07:47:04.436;FMES SI 20241220 CS;SIMPLE_INSTRUMENT;EFP_IDX;EUR;12;567.23800000;1;EXCHANGE_LAST;;1;1;XEUR;7194760;221291;
30.10.2024;07:36:55.313;FMEU SI 20241220 CS;SIMPLE_INSTRUMENT;EFP_IDX;EUR;9;344.26500000;239;EXCHANGE_LAST;;1;1;XEUR;7191848;7058;
30.10.2024;16:16:12.651;FMFP SI 20241220 CS;SIMPLE_INSTRUMENT;BLOCK;USD;27;2370.00000000;231;EXCHANGE_LAST;;1;1;XEUR;7193657;51999;
30.10.2024;07:43:07.139;FMGC SI 20241220 CS;SIMPLE_INSTRUMENT;BLOCK;USD;11;12824.09000000;117;EXCHANGE_LAST;;1;1;XEUR;7193447;48916;
30.10.2024;12:00:09.281;FMGC SI 20241220 CS;SIMPLE_INSTRUMENT;BLOCK;USD;25;12824.09000000;144;EXCHANGE_LAST;;1;1;XEUR;7193447;48916;
30.10.2024;14:27:17.030;FMGQ SI 20241220 CS;SIMPLE_INSTRUMENT;BLOCK;USD;26;5114.60000000;19;EXCHANGE_LAST;;1;1;XEUR;8609380;583625;
30.10.2024;02:11:03.839;FMHK SI 20241220 CS;SIMPLE_INSTRUMENT;BLOCK;USD;2;60148.09500000;58;EXCHANGE_LAST;;1;1;XEUR;7192592;45282;
30.10.2024;07:59:06.539;FMHK SI 20241220 CS;SIMPLE_INSTRUMENT;BLOCK;USD;13;59400.00000000;17;EXCHANGE_LAST;;1;1;XEUR;7192592;45282;
30.10.2024;01:13:34.130;FMIN SI 20241220 CS;SIMPLE_INSTRUMENT;BLOCK;USD;1;1318.48900000;43;EXCHANGE_LAST;;1;1;XEUR;7191968;12404;
30.10.2024;03:02:43.832;FMIN SI 20241220 CS;SIMPLE_INSTRUMENT;BLOCK;USD;3;1318.75100000;78;EXCHANGE_LAST;;1;1;XEUR;7191968;12404;
30.10.2024;09:30:57.383;FMIN SI 20241220 CS;SIMPLE_INSTRUMENT;BLOCK;USD;22;1318.75100000;39;EXCHANGE_LAST;;1;1;XEUR;7191968;12404;
30.10.2024;09:03:58.279;FMJP SI 20241220 CS;SIMPLE_INSTRUMENT;BLOCK;USD;18;8688.00000000;400;EXCHANGE_LAST;;1;1;XEUR;7190889;661;
30.10.2024;09:03:58.872;FMJP SI 20250321 CS;SIMPLE_INSTRUMENT;BLOCK;USD;19;8797.90300000;395;EXCHANGE_LAST;;1;1;XEUR;7588794;661;
30.10.2024;17:00:21.470;FMKW SI 20241220 CS;SIMPLE_INSTRUMENT;EFP_IDX;USD;3;1554.69000000;85;EXCHANGE_LAST;;1;1;XEUR;7194775;221298;
30.10.2024;07:01:34.192;FMMY SI 20241220 CS;SIMPLE_INSTRUMENT;BLOCK;USD;4;395.43000000;246;EXCHANGE_LAST;;1;1;XEUR;7191971;12405;
30.10.2024;10:03:49.701;FMMY SI 20241220 CS;SIMPLE_INSTRUMENT;BLOCK;USD;24;395.43000000;31;EXCHANGE_LAST;;1;1;XEUR;7191971;12405;
30.10.2024;07:27:26.391;FMSA SI 20241220 CS;SIMPLE_INSTRUMENT;BLOCK;USD;6;1805.06000000;40;EXCHANGE_LAST;;1;1;XEUR;7194630;134861;
30.10.2024;08:18:53.751;FMSA SI 20241220 CS;SIMPLE_INSTRUMENT;EFP_IDX;USD;15;1805.16200000;70;EXCHANGE_LAST;;1;1;XEUR;7194630;134861;
30.10.2024;08:33:06.125;FMSA SI 20241220 CS;SIMPLE_INSTRUMENT;EFP_IDX;USD;17;1805.16200000;8;EXCHANGE_LAST;;1;1;XEUR;7194630;134861;
30.10.2024;16:58:25.176;FMSA SI 20241220 CS;SIMPLE_INSTRUMENT;EFP_IDX;USD;29;1794.64000000;380;EXCHANGE_LAST;;1;1;XEUR;7194630;134861;
30.10.2024;08:15:45.819;FMSW SI 20241220 CS;SIMPLE_INSTRUMENT;EFP_IDX;USD;14;4171.62000000;184;EXCHANGE_LAST;;1;1;XEUR;7194748;208343;
30.10.2024;00:23:18.931;FMTW SI 20241220 CS;SIMPLE_INSTRUMENT;BLOCK;USD;1;840.61000000;786;EXCHANGE_LAST;;1;1;XEUR;7193559;51884;
30.10.2024;07:22:00.926;FMTW SI 20241220 CS;SIMPLE_INSTRUMENT;BLOCK;USD;2;841.41800000;63;EXCHANGE_LAST;;1;1;XEUR;7193559;51884;
30.10.2024;07:26:00.194;FMWO SI 20241220 CS;SIMPLE_INSTRUMENT;BLOCK;USD;5;11828.87000000;210;EXCHANGE_LAST;;1;1;XEUR;7191849;7059;
30.10.2024;07:36:42.443;FMWO SI 20241220 CS;SIMPLE_INSTRUMENT;BLOCK;USD;8;11829.61000000;107;EXCHANGE_LAST;;1;1;XEUR;7191849;7059;
30.10.2024;07:42:20.761;FMWO SI 20241220 CS;SIMPLE_INSTRUMENT;BLOCK;USD;10;11828.87000000;1000;EXCHANGE_LAST;;1;1;XEUR;7191849;7059;
30.10.2024;08:27:18.793;FMWO SI 20241220 CS;SIMPLE_INSTRUMENT;BLOCK;USD;16;11826.67000000;1020;EXCHANGE_LAST;;1;1;XEUR;7191849;7059;
30.10.2024;09:13:07.386;FMWO SI 20241220 CS;SIMPLE_INSTRUMENT;BLOCK;USD;20;11828.87000000;210;EXCHANGE_LAST;;1;1;XEUR;7191849;7059;
30.10.2024;08:30:38.865;FOAT SI 20241206 PS;SIMPLE_INSTRUMENT;EFP_FIN;EUR;1;125.40000000;774;EXCHANGE_LAST;;1;1;XEUR;10804528;749;
30.10.2024;09:27:47.777;FOAT SI 20241206 PS;SIMPLE_INSTRUMENT;EFP_FIN;EUR;2;125.20000000;440;EXCHANGE_LAST;;1;1;XEUR;10804528;749;
30.10.2024;09:42:22.920;FOAT SI 20241206 PS;SIMPLE_INSTRUMENT;EFP_FIN;EUR;3;125.24000000;477;EXCHANGE_LAST;;1;1;XEUR;10804528;749;
30.10.2024;10:38:18.009;FOAT SI 20241206 PS;SIMPLE_INSTRUMENT;EFP_FIN;EUR;4;125.39000000;881;EXCHANGE_LAST;;1;1;XEUR;10804528;749;
30.10.2024;11:21:52.893;FOAT SI 20241206 PS;SIMPLE_INSTRUMENT;EFP_FIN;EUR;5;125.24000000;449;EXCHANGE_LAST;;1;1;XEUR;10804528;749;
30.10.2024;11:24:20.298;FOAT SI 20241206 PS;SIMPLE_INSTRUMENT;EFP_FIN;EUR;6;125.39000000;661;EXCHANGE_LAST;;1;1;XEUR;10804528;749;
30.10.2024;11:43:12.138;FOAT SI 20241206 PS;SIMPLE_INSTRUMENT;EFP_FIN;EUR;7;125.35000000;665;EXCHANGE_LAST;;1;1;XEUR;10804528;749;
30.10.2024;11:44:01.875;FOAT SI 20241206 PS;SIMPLE_INSTRUMENT;EFP_FIN;EUR;8;125.42000000;132;EXCHANGE_LAST;;1;1;XEUR;10804528;749;
30.10.2024;11:43:24.930;FOAT SI 20241206 PS;SIMPLE_INSTRUMENT;EFP_FIN;EUR;9;125.33000000;1660;EXCHANGE_LAST;;1;1;XEUR;10804528;749;
30.10.2024;11:45:00.573;FOAT SI 20241206 PS;SIMPLE_INSTRUMENT;EFP_FIN;EUR;10;125.34000000;415;EXCHANGE_LAST;;1;1;XEUR;10804528;749;
30.10.2024;12:09:30.903;FOAT SI 20241206 PS;SIMPLE_INSTRUMENT;EFP_FIN;EUR;11;125.21000000;176;EXCHANGE_LAST;;1;1;XEUR;10804528;749;
30.10.2024;12:44:19.943;FOAT SI 20241206 PS;SIMPLE_INSTRUMENT;EFP_FIN;EUR;12;125.12000000;498;EXCHANGE_LAST;;1;1;XEUR;10804528;749;
30.10.2024;13:59:50.792;FOAT SI 20241206 PS;SIMPLE_INSTRUMENT;EFP_FIN;EUR;13;125.40000000;623;EXCHANGE_LAST;;1;1;XEUR;10804528;749;
30.10.2024;14:47:51.320;FOAT SI 20241206 PS;SIMPLE_INSTRUMENT;EFP_FIN;EUR;14;125.22000000;153;EXCHANGE_LAST;;1;1;XEUR;10804528;749;
30.10.2024;16:12:09.595;FOAT SI 20241206 PS;SIMPLE_INSTRUMENT;EFP_FIN;EUR;15;124.80000000;875;EXCHANGE_LAST;;1;1;XEUR;10804528;749;
30.10.2024;16:32:11.088;FOAT SI 20241206 PS;SIMPLE_INSTRUMENT;EFP_FIN;EUR;16;124.80000000;131;EXCHANGE_LAST;;1;1;XEUR;10804528;749;
30.10.2024;17:09:25.967;FOAT SI 20241206 PS;SIMPLE_INSTRUMENT;EFP_FIN;EUR;17;124.66000000;308;EXCHANGE_LAST;;1;1;XEUR;10804528;749;
30.10.2024;10:30:19.386;FRE SI 20241220 PS AM P 30.00 0;SIMPLE_INSTRUMENT;BLOCK;EUR;1;0.32000000;1000;EXCHANGE_LAST;;1;1;XEUR;10406587;760;
30.10.2024;16:49:15.897;FSEG SI 20241220 CS;SIMPLE_INSTRUMENT;EFP_IDX;EUR;44;190.60000000;205;EXCHANGE_LAST;;1;1;XEUR;10871764;109977;
30.10.2024;15:48:05.899;FSMI SI 20241220 CS;SIMPLE_INSTRUMENT;EFP_IDX;CHF;1;12000.00000000;200;EXCHANGE_LAST;;1;1;XEUR;7793735;757;
30.10.2024;16:34:00.729;FSMI SI 20241220 CS;SIMPLE_INSTRUMENT;EFP_IDX;CHF;2;11987.00000000;110;EXCHANGE_LAST;;1;1;XEUR;7793735;757;
30.10.2024;16:34:08.866;FSMI SI 20241220 CS;SIMPLE_INSTRUMENT;EFP_IDX;CHF;3;11988.00000000;28;EXCHANGE_LAST;;1;1;XEUR;7793735;757;
30.10.2024;16:47:49.318;FSMI SI 20241220 CS;SIMPLE_INSTRUMENT;EFP_IDX;CHF;4;11989.00000000;44;EXCHANGE_LAST;;1;1;XEUR;7793735;757;
30.10.2024;16:49:00.462;FSMI SI 20241220 CS;SIMPLE_INSTRUMENT;EFP_IDX;CHF;5;11988.00000000;178;EXCHANGE_LAST;;1;1;XEUR;7793735;757;
30.10.2024;16:50:01.949;FSMX SI 20241220 CS;SIMPLE_INSTRUMENT;BLOCK;EUR;46;26855.00000000;554;EXCHANGE_LAST;;1;1;XEUR;10882019;396422;
30.10.2024;16:50:05.960;FSMX SI 20241220 CS;SIMPLE_INSTRUMENT;BLOCK;EUR;47;26854.00000000;796;EXCHANGE_LAST;;1;1;XEUR;10882019;396422;
30.10.2024;14:59:40.743;FSTH SI 20241220 CS;SIMPLE_INSTRUMENT;BLOCK;EUR;2;1164.90000000;261;EXCHANGE_LAST;;1;1;XEUR;10839563;716;
30.10.2024;15:00:01.501;FSTH SI 20241220 CS;SIMPLE_INSTRUMENT;BLOCK;EUR;3;1165.60000000;319;EXCHANGE_LAST;;1;1;XEUR;10839563;716;
30.10.2024;16:39:26.449;FSTL SI 20241220 CS;SIMPLE_INSTRUMENT;EFP_IDX;EUR;37;134.00000000;75;EXCHANGE_LAST;;1;1;XEUR;10839554;706;
30.10.2024;16:39:58.806;FSTL SI 20241220 CS;SIMPLE_INSTRUMENT;EFP_IDX;EUR;39;134.50000000;102;EXCHANGE_LAST;;1;1;XEUR;10839554;706;
30.10.2024;16:53:00.350;FSTL SI 20241220 CS;SIMPLE_INSTRUMENT;EFP_IDX;EUR;42;134.20000000;339;EXCHANGE_LAST;;1;1;XEUR;10839554;706;
30.10.2024;16:52:48.310;FSTL SI 20241220 CS;SIMPLE_INSTRUMENT;EFP_IDX;EUR;43;134.30000000;1016;EXCHANGE_LAST;;1;1;XEUR;10839554;706;
30.10.2024;14:43:46.578;FSTT SI 20241220 CS;SIMPLE_INSTRUMENT;BLOCK;EUR;1;235.00000000;1000;EXCHANGE_LAST;;1;1;XEUR;10839556;708;
30.10.2024;16:39:57.132;FSTU SI 20241220 CS;SIMPLE_INSTRUMENT;EFP_IDX;EUR;38;400.60000000;431;EXCHANGE_LAST;;1;1;XEUR;10839570;730;
30.10.2024;16:40:12.180;FSTU SI 20241220 CS;SIMPLE_INSTRUMENT;EFP_IDX;EUR;40;400.70000000;646;EXCHANGE_LAST;;1;1;XEUR;10839570;730;
30.10.2024;15:34:04.269;FSTY SI 20241220 CS;SIMPLE_INSTRUMENT;BLOCK;EUR;4;783.80000000;270;EXCHANGE_LAST;;1;1;XEUR;10839569;729;
30.10.2024;15:34:22.097;FSTY SI 20241220 CS;SIMPLE_INSTRUMENT;BLOCK;EUR;5;784.20000000;250;EXCHANGE_LAST;;1;1;XEUR;10839569;729;
30.10.2024;16:49:13.857;FSTY SI 20241220 CS;SIMPLE_INSTRUMENT;EFP_IDX;EUR;6;779.30000000;310;EXCHANGE_LAST;;1;1;XEUR;10839569;729;
30.10.2024;16:49:23.992;FSTY SI 20241220 CS;SIMPLE_INSTRUMENT;EFP_IDX;EUR;7;780.20000000;171;EXCHANGE_LAST;;1;1;XEUR;10839569;729;
30.10.2024;08:55:11.528;FTE SI 20281215 PS AM P 8.80 0;SIMPLE_INSTRUMENT;BLOCK;EUR;2;1.28000000;6000;EXCHANGE_LAST;;2;1;XEUR;10406298;724;
30.10.2024;10:04:11.090;FVS SI 20241218 CS;SIMPLE_INSTRUMENT;BLOCK;EUR;23;17.55000000;1730;EXCHANGE_LAST;;1;1;XEUR;11022006;821;
30.10.2024;16:19:55.267;FXXP SI 20241220 CS;SIMPLE_INSTRUMENT;BLOCK;EUR;28;513.50000000;3000;EXCHANGE_LAST;;1;1;XEUR;7793976;816;
30.10.2024;17:10:15.893;FXXP SI 20241220 CS;SIMPLE_INSTRUMENT;BLOCK;EUR;30;512.70000000;763;EXCHANGE_LAST;;1;1;XEUR;7793976;816;
30.10.2024;09:22:30.516;G3ZF SI 20251219 CS;SIMPLE_INSTRUMENT;BLOCK;EUR;1;1.39000000;100;EXCHANGE_LAST;;1;1;XEUR;5914677;144760;
30.10.2024;12:55:23.496;GANG SI 20241115 CS;SIMPLE_INSTRUMENT;BLOCK;EUR;32;23.11170000;3300;EXCHANGE_LAST;;1;1;XEUR;10117625;769;
30.10.2024;14:37:52.715;GEBN SI 20241220 PS AM P 520.00 0;SIMPLE_INSTRUMENT;BLOCK;CHF;68;17.52000000;500;EXCHANGE_LAST;;1;1;XEUR;9115099;882;
30.10.2024;14:38:10.860;GEBN SI 20250919 PS AM P 440.00 0;SIMPLE_INSTRUMENT;BLOCK;CHF;69;15.74000000;500;EXCHANGE_LAST;;1;1;XEUR;11883540;882;
30.10.2024;16:12:35.592;GEBN SI 20241115 PS AM P 480.00 0;SIMPLE_INSTRUMENT;BLOCK;CHF;78;2.50000000;600;EXCHANGE_LAST;;1;1;XEUR;11707249;882;
30.10.2024;14:08:54.517;GOCF SI 20241220 CS;SIMPLE_INSTRUMENT;BLOCK;USD;46;182.19000000;251;EXCHANGE_LAST;;1;1;XEUR;7048815;38619;
30.10.2024;14:21:24.707;GSK SI 20251219 PS AM P 1200 0;SIMPLE_INSTRUMENT;BLOCK;GBX;6;46.00000000;300;EXCHANGE_LAST;;1;1;XEUR;10457030;553011;
30.10.2024;13:45:16.157;GZF SI 20241220 PS AM P 13.00 0;SIMPLE_INSTRUMENT;BLOCK;EUR;18;0.05000000;2500;EXCHANGE_LAST;;1;2;XEUR;10407635;855;
30.10.2024;13:45:24.249;GZF SI 20241220 PS AM P 13.00 0;SIMPLE_INSTRUMENT;BLOCK;EUR;19;0.06000000;2500;EXCHANGE_LAST;;1;2;XEUR;10407635;855;
30.10.2024;10:05:31.925;HNK SI 20250321 PS AM P 76.00 0;SIMPLE_INSTRUMENT;BLOCK;EUR;10;3.16000000;250;EXCHANGE_LAST;;1;1;XEUR;10842969;947;
30.10.2024;15:42:04.993;HNK.O.241030.STG.000001;STANDARD_OPTION_STRATEGY;BLOCK;EUR;24;3.75000000;750;EXCHANGE_LAST;;1;2;XEUR;72061661371964865;947;
30.10.2024;15:42:04.993;HNK SI 20241220 PS AM P 77.00 0;SIMPLE_INSTRUMENT;BLOCK;EUR;24;2.51000000;750;PRC_DECOMP_EXCHANGE;;;;XEUR;11884582;947;EXCHANGE
30.10.2024;15:42:04.993;HNK SI 20241220 PS AM C 79.00 0;SIMPLE_INSTRUMENT;BLOCK;EUR;24;1.24000000;750;PRC_DECOMP_EXCHANGE;;;;XEUR;11884563;947;EXCHANGE
30.10.2024;13:46:16.515;I2BE SI 20251219 CS;SIMPLE_INSTRUMENT;BLOCK;EUR;43;0.63000000;450;EXCHANGE_LAST;;1;2;XEUR;3681431;923;
30.10.2024;16:35:37.529;I3ES SI 20251219 CS;SIMPLE_INSTRUMENT;BLOCK;EUR;76;0.34000000;1500;EXCHANGE_LAST;;1;2;XEUR;5914756;913;
30.10.2024;16:35:27.381;I3ES SI 20251219 CS;SIMPLE_INSTRUMENT;BLOCK;EUR;77;0.34500000;1500;EXCHANGE_LAST;;1;2;XEUR;5914756;913;
30.10.2024;16:46:09.548;I3ES SI 20251219 CS;SIMPLE_INSTRUMENT;BLOCK;EUR;82;0.34000000;1000;EXCHANGE_LAST;;1;1;XEUR;5914756;913;
30.10.2024;16:46:10.900;I3ES SI 20251219 CS;SIMPLE_INSTRUMENT;BLOCK;EUR;83;0.34500000;1000;EXCHANGE_LAST;;1;1;XEUR;5914756;913;
30.10.2024;13:30:27.183;I4NN SI 20251219 CS;SIMPLE_INSTRUMENT;BLOCK;EUR;41;1.03000000;600;EXCHANGE_LAST;;3;2;XEUR;9488383;669776;
30.10.2024;12:13:32.158;I6XD SI 20241220 CS;SIMPLE_INSTRUMENT;BLOCK;EUR;23;1.04000000;4419;EXCHANGE_LAST;;1;1;XEUR;10677612;779073;
30.10.2024;09:42:46.229;IBE SI 20261218 PS AM C 14.00 0;SIMPLE_INSTRUMENT;BLOCK;EUR;9;1.20000000;3400;EXCHANGE_LAST;;1;1;XEUR;8041650;908;
30.10.2024;11:55:18.639;IBE SI 20250620 PS AM P 13.00 0;SIMPLE_INSTRUMENT;BLOCK;EUR;16;0.45000000;5000;EXCHANGE_LAST;;1;1;XEUR;10408653;908;
30.10.2024;10:49:28.196;IGLN SI 20241115 PS AM P 47.00 0;SIMPLE_INSTRUMENT;BLOCK;USD;1;0.01000000;183735;EXCHANGE_LAST;;1;1;XEUR;11728281;75966;
30.10.2024;10:49:28.196;IGLN SI 20241115 PS AM P 47.50 0;SIMPLE_INSTRUMENT;BLOCK;USD;2;0.02000000;65000;EXCHANGE_LAST;;1;1;XEUR;11728285;75966;
30.10.2024;10:49:28.279;IGLN SI 20241220 PS AM P 52.00 0;SIMPLE_INSTRUMENT;BLOCK;USD;3;0.46000000;124367;EXCHANGE_LAST;;1;1;XEUR;4689179;75966;
30.10.2024;10:49:28.319;IGLN SI 20241220 PS AM P 52.50 0;SIMPLE_INSTRUMENT;BLOCK;USD;4;0.61000000;75773;EXCHANGE_LAST;;1;1;XEUR;11911820;75966;
30.10.2024;10:49:28.299;IGLN SI 20241220 PS AM P 52.50 0;SIMPLE_INSTRUMENT;BLOCK;USD;5;0.60000000;48595;EXCHANGE_LAST;;1;1;XEUR;11911820;75966;
30.10.2024;14:46:03.456;ISPA SI 20241220 PS AM P 24.00 0;SIMPLE_INSTRUMENT;BLOCK;EUR;23;1.94000000;2000;EXCHANGE_LAST;;1;1;XEUR;5890155;1004;
30.10.2024;14:11:29.970;ITK SI 20241115 PS AM C 59.00 0;SIMPLE_INSTRUMENT;BLOCK;EUR;7;1.45000000;750;EXCHANGE_LAST;;1;1;XEUR;11708778;999;
30.10.2024;16:02:07.145;ITK SI 20241220 PS AM C 60.00 0;SIMPLE_INSTRUMENT;BLOCK;EUR;9;1.45000000;600;EXCHANGE_LAST;;1;1;XEUR;6497801;999;
30.10.2024;12:13:17.809;IXDJ SI 20241220 CS;SIMPLE_INSTRUMENT;BLOCK;EUR;21;54.13040000;50000;EXCHANGE_LAST;;1;1;XEUR;10677580;779071;
30.10.2024;12:13:25.356;IXDJ SI 20241220 CS;SIMPLE_INSTRUMENT;BLOCK;EUR;22;54.13900000;50000;EXCHANGE_LAST;;1;1;XEUR;10677580;779071;
30.10.2024;14:04:35.418;IXDJ SI 20241220 CS;SIMPLE_INSTRUMENT;BLOCK;EUR;44;53.35200000;1350;EXCHANGE_LAST;;1;1;XEUR;10677580;779071;
30.10.2024;14:13:05.637;KDBI SI 20241220 CS;SIMPLE_INSTRUMENT;BLOCK;EUR;47;67.06460000;4903;EXCHANGE_LAST;;1;1;XEUR;11420388;840012;
30.10.2024;14:56:33.516;LHA SI 20241220 PS AM C 7.20 0;SIMPLE_INSTRUMENT;BLOCK;EUR;12;0.04000000;1033;EXCHANGE_LAST;;1;1;XEUR;6846995;1126;
30.10.2024;14:56:28.044;LHA SI 20241220 PS AM C 7.20 0;SIMPLE_INSTRUMENT;BLOCK;EUR;13;0.05000000;9297;EXCHANGE_LAST;;1;1;XEUR;6846995;1126;
30.10.2024;14:56:23.984;LHA SI 20241115 PS AM C 7.00 0;SIMPLE_INSTRUMENT;BLOCK;EUR;14;0.01000000;10330;EXCHANGE_LAST;;1;1;XEUR;11858963;1126;
30.10.2024;14:01:59.834;LONN SI 20261218 PS AM P 400.00 0;SIMPLE_INSTRUMENT;BLOCK;CHF;57;28.53000000;500;EXCHANGE_LAST;;1;1;XEUR;7261526;1141;
30.10.2024;10:07:41.110;LOR SI 20250620 PS AM P 300.00 0;SIMPLE_INSTRUMENT;BLOCK;EUR;5;7.95000000;150;EXCHANGE_LAST;;1;1;XEUR;11366654;1140;
30.10.2024;10:38:02.123;MOH SI 20271217 PS AM P 480.00 0;SIMPLE_INSTRUMENT;BLOCK;EUR;6;47.27000000;100;EXCHANGE_LAST;;1;1;XEUR;8787933;1074;
30.10.2024;12:46:24.126;MOH SI 20241220 PS AM P 600.00 0;SIMPLE_INSTRUMENT;BLOCK;EUR;13;19.20000000;100;EXCHANGE_LAST;;1;1;XEUR;10411227;1074;
30.10.2024;16:33:13.707;MOH SI 20241220 PS AM P 630.00 0;SIMPLE_INSTRUMENT;BLOCK;EUR;34;32.41000000;213;EXCHANGE_LAST;;1;1;XEUR;11886428;1074;
30.10.2024;13:50:29.665;MON.N.241030.000001;NON_STANDARD_OPTION_STRATEGY;BLOCK;EUR;21;1.50000000;100;EXCHANGE_LAST;;1;1;XEUR;72194186882842731;31803;
30.10.2024;13:50:29.665;MON SI 20260618 PS AM P 36.00 0;SIMPLE_INSTRUMENT;BLOCK;EUR;21;1.85300000;200;PRC_DECOMP_EXCHANGE;;;;XEUR;11339791;31803;EXCHANGE
30.10.2024;13:50:29.665;MON SI 20250619 PS AM P 44.00 0;SIMPLE_INSTRUMENT;BLOCK;EUR;21;2.20600000;100;PRC_DECOMP_EXCHANGE;;;;XEUR;9532963;31803;EXCHANGE
30.10.2024;15:25:57.588;N2ES SI 20250620 CS;SIMPLE_INSTRUMENT;BLOCK;CHF;55;3.07000000;50;EXCHANGE_LAST;;1;1;XEUR;10848664;1240;
30.10.2024;16:26:59.517;N2ES SI 20261218 CS;SIMPLE_INSTRUMENT;BLOCK;CHF;74;3.13000000;50;EXCHANGE_LAST;;1;1;XEUR;6809641;1240;
30.10.2024;15:51:32.797;N4OV SI 20250321 CS;SIMPLE_INSTRUMENT;BLOCK;CHF;61;3.30000000;136;EXCHANGE_LAST;;1;1;XEUR;10462863;724743;
30.10.2024;10:33:58.494;N6EF SI 20251219 CS;SIMPLE_INSTRUMENT;BLOCK;EUR;13;0.46000000;750;EXCHANGE_LAST;;1;1;XEUR;10677739;779075;
30.10.2024;12:12:58.141;NAG SI 20241220 PS AM C 105.00 0;SIMPLE_INSTRUMENT;BLOCK;EUR;10;2.33000000;1000;EXCHANGE_LAST;;1;1;XEUR;12000072;481918;
30.10.2024;12:12:58.684;NAG SI 20241220 PS AM C 115.00 0;SIMPLE_INSTRUMENT;BLOCK;EUR;11;1.52000000;1000;EXCHANGE_LAST;;1;1;XEUR;12024555;481918;
30.10.2024;12:14:26.839;NAG FI 20241220 PS AM C 95.0000 0;FLEXIBLE_INSTRUMENT;BLOCK;EUR;12;5.90000000;1000;EXCHANGE_LAST;;1;1;XEUR;1154991326656202704;481918;
30.10.2024;13:09:32.613;NEF SI 20251219 PS AM C 18.00 0;SIMPLE_INSTRUMENT;BLOCK;EUR;17;1.37000000;2000;EXCHANGE_LAST;;1;1;XEUR;11606418;1252;
30.10.2024;10:39:57.951;NESE.O.241030.STG.000004;STANDARD_OPTION_STRATEGY;BLOCK;CHF;25;6.40000000;750;EXCHANGE_LAST;;1;1;XEUR;72062992811833491;1257;
30.10.2024;10:39:57.951;NESE SI 20250620 PS EU C 84.00 0;SIMPLE_INSTRUMENT;BLOCK;CHF;25;2.70000000;750;PRC_DECOMP_EXCHANGE;;;;XEUR;7911074;1257;EXCHANGE
30.10.2024;10:39:57.951;NESE SI 20250620 PS EU P 80.00 0;SIMPLE_INSTRUMENT;BLOCK;CHF;25;3.70000000;750;PRC_DECOMP_EXCHANGE;;;;XEUR;11369900;1257;EXCHANGE
30.10.2024;12:39:39.534;NESG SI 20250321 CS;SIMPLE_INSTRUMENT;BLOCK;CHF;26;82.50000000;6000;EXCHANGE_LAST;;1;1;XEUR;10707780;1256;
30.10.2024;08:41:50.006;NESN.O.241030.PDIA.000023;STANDARD_OPTION_STRATEGY;BLOCK;CHF;1;-2.69000000;2000;EXCHANGE_LAST;;1;1;XEUR;72063018581698593;1263;
30.10.2024;08:41:50.006;NESN SI 20250919 PS AM P 68.00 0;SIMPLE_INSTRUMENT;BLOCK;CHF;1;0.95000000;2000;PRC_DECOMP_EXCHANGE;;;;XEUR;11891505;1263;EXCHANGE
30.10.2024;08:41:50.006;NESN SI 20250620 PS AM P 80.00 0;SIMPLE_INSTRUMENT;BLOCK;CHF;1;3.64000000;2000;PRC_DECOMP_EXCHANGE;;;;XEUR;11370065;1263;EXCHANGE
30.10.2024;09:05:08.747;NESN.O.241030.PDIA.000035;STANDARD_OPTION_STRATEGY;BLOCK;CHF;2;0.89000000;1000;EXCHANGE_LAST;;1;1;XEUR;72063018581698605;1263;
30.10.2024;09:05:08.747;NESN SI 20271217 PS AM P 68.00 0;SIMPLE_INSTRUMENT;BLOCK;CHF;2;4.60000000;1000;PRC_DECOMP_EXCHANGE;;;;XEUR;8793260;1263;EXCHANGE
30.10.2024;09:05:08.747;NESN SI 20250620 PS AM P 80.00 0;SIMPLE_INSTRUMENT;BLOCK;CHF;2;3.71000000;1000;PRC_DECOMP_EXCHANGE;;;;XEUR;11370065;1263;EXCHANGE
30.10.2024;09:25:37.464;NESN SI 20241220 PS AM P 81.00 0;SIMPLE_INSTRUMENT;BLOCK;CHF;7;1.25000000;2000;EXCHANGE_LAST;;1;1;XEUR;10620401;1263;
30.10.2024;09:29:33.753;NESN.O.241030.PDIA.000036;STANDARD_OPTION_STRATEGY;BLOCK;CHF;9;-1.49000000;1500;EXCHANGE_LAST;;1;1;XEUR;72063018581698606;1263;
30.10.2024;09:29:33.753;NESN SI 20241220 PS AM P 84.00 0;SIMPLE_INSTRUMENT;BLOCK;CHF;9;2.66000000;1500;PRC_DECOMP_EXCHANGE;;;;XEUR;4652628;1263;EXCHANGE
30.10.2024;09:29:33.753;NESN SI 20250117 PS AM P 80.00 0;SIMPLE_INSTRUMENT;BLOCK;CHF;9;1.17000000;1500;PRC_DECOMP_EXCHANGE;;;;XEUR;12082354;1263;EXCHANGE
30.10.2024;09:39:30.589;NESN SI 20241220 PS AM P 81.00 0;SIMPLE_INSTRUMENT;BLOCK;CHF;11;1.25000000;750;EXCHANGE_LAST;;1;1;XEUR;10620401;1263;
30.10.2024;10:56:57.675;NESN SI 20250620 PS AM C 88.00 0;SIMPLE_INSTRUMENT;BLOCK;CHF;27;1.86000000;1000;EXCHANGE_LAST;;1;1;XEUR;11370070;1263;
30.10.2024;11:32:22.441;NESN SI 20241220 PS AM P 78.00 0;SIMPLE_INSTRUMENT;BLOCK;CHF;33;0.51000000;1500;EXCHANGE_LAST;;1;1;XEUR;11891467;1263;
30.10.2024;12:13:29.735;NESN.O.241030.STG.000063;STANDARD_OPTION_STRATEGY;BLOCK;CHF;38;7.95000000;1000;EXCHANGE_LAST;;1;1;XEUR;72063018581698633;1263;
30.10.2024;12:13:29.735;NESN SI 20250919 PS AM P 80.00 0;SIMPLE_INSTRUMENT;BLOCK;CHF;38;4.47000000;1000;PRC_DECOMP_EXCHANGE;;;;XEUR;11891527;1263;EXCHANGE
30.10.2024;12:13:29.735;NESN SI 20250919 PS AM C 84.00 0;SIMPLE_INSTRUMENT;BLOCK;CHF;38;3.48000000;1000;PRC_DECOMP_EXCHANGE;;;;XEUR;11891530;1263;EXCHANGE
30.10.2024;12:30:04.380;NESN SI 20241220 PS AM P 82.00 0;SIMPLE_INSTRUMENT;BLOCK;CHF;40;1.64000000;2000;EXCHANGE_LAST;;2;1;XEUR;10620398;1263;
30.10.2024;13:18:57.469;NESN SI 20251219 PS AM P 76.00 0;SIMPLE_INSTRUMENT;BLOCK;CHF;45;3.30000000;2500;EXCHANGE_LAST;;2;2;XEUR;5937989;1263;
30.10.2024;13:35:35.729;NESN SI 20241220 PS AM P 82.00 0;SIMPLE_INSTRUMENT;BLOCK;CHF;49;1.64000000;2000;EXCHANGE_LAST;;1;1;XEUR;10620398;1263;
30.10.2024;14:27:43.729;NESN SI 20250321 PS AM P 76.00 0;SIMPLE_INSTRUMENT;BLOCK;CHF;66;0.97000000;1500;EXCHANGE_LAST;;1;1;XEUR;10849732;1263;
30.10.2024;14:47:05.337;NESN SI 20251219 PS AM P 72.00 0;SIMPLE_INSTRUMENT;BLOCK;CHF;71;2.10000000;1000;EXCHANGE_LAST;;1;1;XEUR;11446253;1263;
30.10.2024;15:51:45.007;NOVH SI 20250321 CS;SIMPLE_INSTRUMENT;BLOCK;CHF;60;93.49000000;2000;EXCHANGE_LAST;;1;1;XEUR;10739776;724742;
30.10.2024;10:05:17.405;NOVN SI 20271217 PS AM P 76.00 0;SIMPLE_INSTRUMENT;BLOCK;CHF;18;4.96000000;1000;EXCHANGE_LAST;;1;1;XEUR;10036836;724745;
