#Date;TrdTime;Contract;ContractType;TrdTyp;Currency;TesId;Prc;Qty;TrdInd;Aggressor;Buy;Sell;Exch;InstrumentId;RelatedProdId;PrcDecomp
17.03.2025;15:21:06.534;2FE SI 20261217 PS AM P 360.00 0;SIMPLE_INSTRUMENT;BLOCK;EUR;19;30.10000000;150;EXCHANGE_LAST;;1;1;XEUR;12424289;57129;
17.03.2025;11:30:18.336;6CMF.S.MAR25.JUN25.SPD;FUTURES_SPREAD;BLOCK;GBX;70;43.00000000;7;EXCHANGE_LAST;;1;1;XEUR;72065299209257104;1794;
17.03.2025;11:30:18.336;6CMF SI 20250321 CS;SIMPLE_INSTRUMENT;BLOCK;GBX;70;3113.00000000;7;PRC_DECOMP_MEMBER;;;;XEUR;10715574;1794;MEMBER
17.03.2025;11:30:18.336;6CMF SI 20250620 CS;SIMPLE_INSTRUMENT;BLOCK;GBX;70;3070.00000000;7;PRC_DECOMP_MEMBER;;;;XEUR;11189997;1794;MEMBER
17.03.2025;14:19:24.053;A2LV SI 20271217 CS;SIMPLE_INSTRUMENT;BLOCK;EUR;140;16.21000000;57;EXCHANGE_LAST;;1;3;XEUR;5914253;12;
17.03.2025;08:18:16.880;ABBN SI 20250321 PS AM P 48.00 0;SIMPLE_INSTRUMENT;BLOCK;CHF;1;0.52000000;1524;EXCHANGE_LAST;;1;1;XEUR;10886857;574517;
17.03.2025;09:21:05.875;ABBN SI 20250321 PS AM P 48.00 0;SIMPLE_INSTRUMENT;BLOCK;CHF;11;0.38000000;1000;EXCHANGE_LAST;;1;1;XEUR;10886857;574517;
17.03.2025;12:25:22.999;ADEF SI 20250321 CS;SIMPLE_INSTRUMENT;BLOCK;CHF;102;28.80000000;3500;EXCHANGE_LAST;;1;1;XEUR;10692264;47;
17.03.2025;14:00:25.760;ADEN.O.250317.BER.000007;STANDARD_OPTION_STRATEGY;BLOCK;CHF;37;0.64000000;2000;EXCHANGE_LAST;;1;1;XEUR;72057783016515823;44;
17.03.2025;14:00:25.760;ADEN SI 20250919 PS AM P 20.00 0;SIMPLE_INSTRUMENT;BLOCK;CHF;37;0.36000000;2000;PRC_DECOMP_EXCHANGE;;;;XEUR;11870213;44;EXCHANGE
17.03.2025;14:00:25.760;ADEN SI 20250919 PS AM P 24.00 0;SIMPLE_INSTRUMENT;BLOCK;CHF;37;1.00000000;2000;PRC_DECOMP_EXCHANGE;;;;XEUR;11870200;44;EXCHANGE
17.03.2025;10:50:07.658;ADS SI 20250321 PS AM P 220.00 0;SIMPLE_INSTRUMENT;BLOCK;EUR;4;3.75000000;500;EXCHANGE_LAST;;2;2;XEUR;10828519;50;
17.03.2025;13:00:50.115;ADS SI 20250321 PS AM P 220.00 0;SIMPLE_INSTRUMENT;BLOCK;EUR;11;3.10000000;250;EXCHANGE_LAST;;1;1;XEUR;10828519;50;
17.03.2025;16:19:14.849;ADS.O.250317.BULBR.000009;STANDARD_OPTION_STRATEGY;BLOCK;EUR;16;0.82000000;625;EXCHANGE_LAST;;1;1;XEUR;72057808786332643;50;
17.03.2025;16:19:14.849;ADS SI 20250417 PS AM C 235.00 0;SIMPLE_INSTRUMENT;BLOCK;EUR;16;4.02000000;625;PRC_DECOMP_EXCHANGE;;;;XEUR;12613486;50;EXCHANGE
17.03.2025;16:19:14.849;ADS SI 20250417 PS AM C 250.00 0;SIMPLE_INSTRUMENT;BLOCK;EUR;16;1.28000000;625;PRC_DECOMP_EXCHANGE;;;;XEUR;12613484;50;EXCHANGE
17.03.2025;16:19:14.849;ADS SI 20250417 PS AM P 200.00 0;SIMPLE_INSTRUMENT;BLOCK;EUR;16;1.69000000;625;PRC_DECOMP_EXCHANGE;;;;XEUR;12613503;50;EXCHANGE
17.03.2025;16:19:14.849;ADS SI 20250417 PS AM P 210.00 0;SIMPLE_INSTRUMENT;BLOCK;EUR;16;3.61000000;625;PRC_DECOMP_EXCHANGE;;;;XEUR;12613499;50;EXCHANGE
17.03.2025;12:28:52.311;ADY SI 20251219 PS AM P 1400.00 0;SIMPLE_INSTRUMENT;BLOCK;EUR;10;159.00000000;500;EXCHANGE_LAST;;1;1;XEUR;12475695;76315;
17.03.2025;09:44:51.877;AFXF SI 20251121 CS;SIMPLE_INSTRUMENT;BLOCK;EUR;28;65.81860000;36;EXCHANGE_LAST;;1;1;XEUR;12092834;31625;
17.03.2025;16:18:53.830;AI3A SI 20250620 PS AM P 72.00 0;SIMPLE_INSTRUMENT;BLOCK;EUR;20;3.63000000;500;EXCHANGE_LAST;;1;1;XEUR;10440377;77252;
17.03.2025;15:10:37.451;AI3F SI 20250321 CS;SIMPLE_INSTRUMENT;BLOCK;EUR;152;70.70000000;290;EXCHANGE_LAST;;1;1;XEUR;10693006;70;
17.03.2025;15:10:30.845;AI3F SI 20250620 CS;SIMPLE_INSTRUMENT;BLOCK;EUR;153;71.20000000;290;EXCHANGE_LAST;;1;1;XEUR;11168121;70;
17.03.2025;13:11:11.308;ALC SI 20250620 PS AM P 72.00 0;SIMPLE_INSTRUMENT;BLOCK;CHF;32;1.61000000;600;EXCHANGE_LAST;;1;1;XEUR;11394714;130134;
17.03.2025;16:37:25.788;ALV.O.250317.PDIA.000021;STANDARD_OPTION_STRATEGY;BLOCK;EUR;6;21.85000000;300;EXCHANGE_LAST;;1;1;XEUR;72057911865569759;74;
17.03.2025;16:37:25.788;ALV SI 20291221 PS AM P 320.00 0;SIMPLE_INSTRUMENT;BLOCK;EUR;6;44.45000000;300;PRC_DECOMP_EXCHANGE;;;;XEUR;12432030;74;EXCHANGE
17.03.2025;16:37:25.788;ALV SI 20250516 PS AM P 360.00 0;SIMPLE_INSTRUMENT;BLOCK;EUR;6;22.60000000;300;PRC_DECOMP_EXCHANGE;;;;XEUR;12812717;74;EXCHANGE
17.03.2025;10:51:21.923;ANAG SI 20250321 CS;SIMPLE_INSTRUMENT;BLOCK;EUR;49;121.20000000;368;EXCHANGE_LAST;;1;1;XEUR;10693314;92;
17.03.2025;10:51:22.006;ANAG SI 20250620 CS;SIMPLE_INSTRUMENT;BLOCK;EUR;50;121.50000000;368;EXCHANGE_LAST;;1;1;XEUR;11168336;92;
17.03.2025;10:54:22.005;ANN SI 20250321 PS AM C 28.00 0;SIMPLE_INSTRUMENT;BLOCK;EUR;1;0.13000000;1500;EXCHANGE_LAST;;1;1;XEUR;10865133;45202;
17.03.2025;11:57:14.061;ANN SI 20250321 PS AM C 26.00 0;SIMPLE_INSTRUMENT;BLOCK;EUR;5;0.63000000;750;EXCHANGE_LAST;;1;1;XEUR;10865123;45202;
17.03.2025;13:47:56.637;ANN SI 20250620 PS AM C 28.00 0;SIMPLE_INSTRUMENT;BLOCK;EUR;12;0.97000000;2000;EXCHANGE_LAST;;1;1;XEUR;7921071;45202;
17.03.2025;15:23:34.285;ANN SI 20251219 PS AM P 24.00 0;SIMPLE_INSTRUMENT;BLOCK;EUR;21;2.31000000;4000;EXCHANGE_LAST;;2;1;XEUR;7733120;45202;
17.03.2025;16:07:20.514;ANN SI 20260619 PS AM P 22.00 0;SIMPLE_INSTRUMENT;BLOCK;EUR;32;2.36000000;2250;EXCHANGE_LAST;;1;2;XEUR;11520940;45202;
17.03.2025;11:31:43.335;ANTH.S.MAR25.JUN25.SPD;FUTURES_SPREAD;BLOCK;GBX;73;3.59080000;17;EXCHANGE_LAST;;1;1;XEUR;72057976290017426;89;
17.03.2025;11:31:43.335;ANTH SI 20250321 CS;SIMPLE_INSTRUMENT;BLOCK;GBX;73;1872.00000000;17;PRC_DECOMP_MEMBER;;;;XEUR;10693238;89;MEMBER
17.03.2025;11:31:43.335;ANTH SI 20250620 CS;SIMPLE_INSTRUMENT;BLOCK;GBX;73;1868.40920000;17;PRC_DECOMP_MEMBER;;;;XEUR;11168256;89;MEMBER
17.03.2025;11:42:53.752;ASG5.O.250317.BRT.000001;STANDARD_OPTION_STRATEGY;BLOCK;EUR;7;0.96000000;8000;EXCHANGE_LAST;;1;4;XEUR;72058062189369545;109;
17.03.2025;11:42:53.752;ASG5 SI 20261217 PS AM P 26.00 0;SIMPLE_INSTRUMENT;BLOCK;EUR;7;1.76150000;8000;PRC_DECOMP_EXCHANGE;;;;XEUR;12748908;109;EXCHANGE
17.03.2025;11:42:53.752;ASG5 SI 20251218 PS AM P 26.00 0;SIMPLE_INSTRUMENT;BLOCK;EUR;7;0.80150000;8000;PRC_DECOMP_EXCHANGE;;;;XEUR;12420533;109;EXCHANGE
17.03.2025;11:54:18.991;ASGF SI 20250320 CS;SIMPLE_INSTRUMENT;BLOCK;EUR;90;31.84000000;2000;EXCHANGE_LAST;;1;1;XEUR;12186973;949862;
17.03.2025;14:21:42.536;ASGG SI 20250320 CS;SIMPLE_INSTRUMENT;BLOCK;EUR;143;32.11150000;700;EXCHANGE_LAST;;1;1;XEUR;10687433;106;
17.03.2025;11:14:41.860;ASMH.S.MAR25.JUL25.SPD;FUTURES_SPREAD;BLOCK;EUR;60;-4.48000000;290;EXCHANGE_LAST;;1;1;XEUR;72074683712798961;3979;
17.03.2025;11:14:41.860;ASMH SI 20250321 CS;SIMPLE_INSTRUMENT;BLOCK;EUR;60;660.90000000;290;PRC_DECOMP_MEMBER;;;;XEUR;10717245;3979;MEMBER
17.03.2025;11:14:41.860;ASMH SI 20250718 CS;SIMPLE_INSTRUMENT;BLOCK;EUR;60;665.38000000;290;PRC_DECOMP_MEMBER;;;;XEUR;11383290;3979;MEMBER
17.03.2025;08:20:50.522;ATL SI 20250321 PS AM P 172.00 0;SIMPLE_INSTRUMENT;BLOCK;SEK;1;1.40000000;6984;EXCHANGE_LAST;;1;1;XEUR;12856827;720141;
17.03.2025;08:44:15.088;AVM SI 20250321 PS AM C 305.00 0;SIMPLE_INSTRUMENT;BLOCK;EUR;1;8.80000000;2000;EXCHANGE_LAST;;1;1;XEUR;12914332;298528;
17.03.2025;10:35:21.834;AXA.O.250317.STD.000004;STANDARD_OPTION_STRATEGY;BLOCK;EUR;6;7.50000000;2500;EXCHANGE_LAST;;1;1;XEUR;72058139498795392;127;
17.03.2025;10:35:21.834;AXA SI 20260619 PS AM P 39.00 0;SIMPLE_INSTRUMENT;BLOCK;EUR;6;4.62000000;2500;PRC_DECOMP_EXCHANGE;;;;XEUR;12767509;127;EXCHANGE
17.03.2025;10:35:21.834;AXA SI 20260619 PS AM C 39.00 0;SIMPLE_INSTRUMENT;BLOCK;EUR;6;2.88000000;2500;PRC_DECOMP_EXCHANGE;;;;XEUR;12767437;127;EXCHANGE
17.03.2025;14:04:38.714;AXA.O.250317.STG.000006;STANDARD_OPTION_STRATEGY;BLOCK;EUR;22;5.40000000;1750;EXCHANGE_LAST;;1;1;XEUR;72058139498795394;127;
17.03.2025;14:04:38.714;AXA SI 20250620 PS AM P 30.00 0;SIMPLE_INSTRUMENT;BLOCK;EUR;22;0.24000000;1750;PRC_DECOMP_MEMBER;;;;XEUR;10812133;127;MEMBER
17.03.2025;14:04:38.714;AXA SI 20250620 PS AM C 34.00 0;SIMPLE_INSTRUMENT;BLOCK;EUR;22;5.16000000;1750;PRC_DECOMP_MEMBER;;;;XEUR;10812132;127;MEMBER
17.03.2025;14:08:41.991;AXA.O.250317.STG.000001;STANDARD_OPTION_STRATEGY;BLOCK;EUR;24;1.84000000;1750;EXCHANGE_LAST;;1;1;XEUR;72058139498795389;127;
17.03.2025;14:08:41.991;AXA SI 20250620 PS AM P 36.00 0;SIMPLE_INSTRUMENT;BLOCK;EUR;24;1.03000000;1750;PRC_DECOMP_MEMBER;;;;XEUR;8111506;127;MEMBER
17.03.2025;14:08:41.991;AXA SI 20250620 PS AM C 40.00 0;SIMPLE_INSTRUMENT;BLOCK;EUR;24;0.81000000;1750;PRC_DECOMP_MEMBER;;;;XEUR;8111500;127;MEMBER
17.03.2025;09:47:15.876;AXAG SI 20250321 CS;SIMPLE_INSTRUMENT;BLOCK;EUR;29;38.96000000;2000;EXCHANGE_LAST;;1;1;XEUR;10693637;125;
17.03.2025;10:27:14.805;AXAG SI 20250321 CS;SIMPLE_INSTRUMENT;BLOCK;EUR;45;38.57000000;10000;EXCHANGE_LAST;;1;1;XEUR;10693637;125;
17.03.2025;14:13:15.062;B2DS SI 20250620 CS;SIMPLE_INSTRUMENT;BLOCK;EUR;138;0.12400000;7920;EXCHANGE_LAST;;1;1;XEUR;12178723;949840;
17.03.2025;14:13:33.483;B2DS SI 20250620 CS;SIMPLE_INSTRUMENT;BLOCK;EUR;139;0.12500000;5280;EXCHANGE_LAST;;1;1;XEUR;12178723;949840;
17.03.2025;15:08:47.825;B2MW SI 20261218 CS;SIMPLE_INSTRUMENT;BLOCK;EUR;151;3.67000000;300;EXCHANGE_LAST;;1;1;XEUR;4632168;128;
17.03.2025;16:20:11.096;B2MW SI 20261218 CS;SIMPLE_INSTRUMENT;BLOCK;EUR;172;3.67000000;70;EXCHANGE_LAST;;2;1;XEUR;4632168;128;
17.03.2025;08:49:54.338;B2NP SI 20261218 CS;SIMPLE_INSTRUMENT;BLOCK;EUR;5;4.84500000;500;EXCHANGE_LAST;;1;1;XEUR;6798320;131;
17.03.2025;11:40:17.718;BAEN SI 20260619 PS AM P 52.00 0;SIMPLE_INSTRUMENT;BLOCK;CHF;25;4.43000000;400;EXCHANGE_LAST;;1;1;XEUR;9539235;159;
17.03.2025;09:33:43.115;BAN SI 20251219 PS AM P 46.00 0;SIMPLE_INSTRUMENT;BLOCK;CHF;12;2.46000000;400;EXCHANGE_LAST;;1;1;XEUR;12484522;298535;
17.03.2025;14:35:33.782;BARN SI 20250417 PS AM C 1220.00 0;SIMPLE_INSTRUMENT;BLOCK;CHF;44;16.70000000;500;EXCHANGE_LAST;;1;1;XEUR;12615042;149;
17.03.2025;15:03:01.172;BARN SI 20250417 PS AM C 1220.00 0;SIMPLE_INSTRUMENT;BLOCK;CHF;51;25.42000000;400;EXCHANGE_LAST;;1;1;XEUR;12615042;149;
17.03.2025;15:12:42.900;BARN SI 20250417 PS AM C 1220.00 0;SIMPLE_INSTRUMENT;BLOCK;CHF;55;28.50000000;1000;EXCHANGE_LAST;;1;1;XEUR;12615042;149;
17.03.2025;09:53:52.246;BAS SI 20250417 PS AM C 53.00 0;SIMPLE_INSTRUMENT;BLOCK;EUR;1;2.26000000;1500;EXCHANGE_LAST;;1;1;XEUR;12719173;150;
17.03.2025;10:31:58.322;BAS SI 20250417 PS AM C 54.00 0;SIMPLE_INSTRUMENT;BLOCK;EUR;4;1.69000000;6500;EXCHANGE_LAST;;3;4;XEUR;12749005;150;
17.03.2025;11:40:01.471;BAS SI 20271217 PS AM P 44.00 0;SIMPLE_INSTRUMENT;BLOCK;EUR;6;5.43000000;400;EXCHANGE_LAST;;1;1;XEUR;8774156;150;
17.03.2025;11:39:40.968;BAS.O.250317.CDIA.000019;STANDARD_OPTION_STRATEGY;BLOCK;EUR;7;0.55000000;2000;EXCHANGE_LAST;;1;1;XEUR;72058238283092542;150;
17.03.2025;11:39:40.968;BAS SI 20250321 PS AM C 52.00 0;SIMPLE_INSTRUMENT;BLOCK;EUR;7;1.20000000;2000;PRC_DECOMP_EXCHANGE;;;;XEUR;10831049;150;EXCHANGE
17.03.2025;11:39:40.968;BAS SI 20250620 PS AM C 56.00 0;SIMPLE_INSTRUMENT;BLOCK;EUR;7;1.75000000;2000;PRC_DECOMP_EXCHANGE;;;;XEUR;10779757;150;EXCHANGE
17.03.2025;12:07:44.274;BAS SI 20250417 PS AM P 50.00 0;SIMPLE_INSTRUMENT;BLOCK;EUR;8;1.20000000;1150;EXCHANGE_LAST;;1;1;XEUR;12673178;150;
17.03.2025;12:07:28.394;BAS SI 20250417 PS AM P 50.00 0;SIMPLE_INSTRUMENT;BLOCK;EUR;9;1.21000000;1150;EXCHANGE_LAST;;1;1;XEUR;12673178;150;
17.03.2025;12:07:15.084;BAS SI 20250417 PS AM P 47.00 0;SIMPLE_INSTRUMENT;BLOCK;EUR;10;0.49000000;2300;EXCHANGE_LAST;;1;1;XEUR;12615340;150;
17.03.2025;14:41:33.901;BAS SI 20250620 PS AM C 56.00 0;SIMPLE_INSTRUMENT;BLOCK;EUR;14;1.75000000;2406;EXCHANGE_LAST;;1;1;XEUR;10779757;150;
17.03.2025;14:41:21.900;BAS SI 20250620 PS AM C 56.00 0;SIMPLE_INSTRUMENT;BLOCK;EUR;15;1.77000000;1930;EXCHANGE_LAST;;1;1;XEUR;10779757;150;
17.03.2025;14:41:08.900;BAS SI 20250620 PS AM C 64.00 0;SIMPLE_INSTRUMENT;BLOCK;EUR;16;0.36000000;4336;EXCHANGE_LAST;;1;1;XEUR;10957753;150;
17.03.2025;14:50:40.942;BAS SI 20250417 PS AM C 55.00 0;SIMPLE_INSTRUMENT;BLOCK;EUR;18;1.33000000;1500;EXCHANGE_LAST;;1;1;XEUR;12749001;150;
17.03.2025;15:01:47.465;BAS SI 20250417 PS AM P 48.50 0;SIMPLE_INSTRUMENT;BLOCK;EUR;19;0.66000000;1170;EXCHANGE_LAST;;1;1;XEUR;12615312;150;
17.03.2025;15:01:14.113;BAS SI 20250417 PS AM P 49.50 0;SIMPLE_INSTRUMENT;BLOCK;EUR;20;0.90000000;1170;EXCHANGE_LAST;;1;1;XEUR;12615298;150;
17.03.2025;15:04:30.394;BAS SI 20250321 PS AM C 54.00 0;SIMPLE_INSTRUMENT;BLOCK;EUR;21;0.37000000;500;EXCHANGE_LAST;;1;1;XEUR;12604647;150;
17.03.2025;14:01:30.207;BASE.O.250317.BUL.000005;STANDARD_OPTION_STRATEGY;BLOCK;EUR;13;0.82000000;2048;EXCHANGE_LAST;;1;1;XEUR;72058242577996819;151;
17.03.2025;14:01:30.207;BASE SI 20250620 PS EU C 60.00 0;SIMPLE_INSTRUMENT;BLOCK;EUR;13;0.89000000;2048;PRC_DECOMP_EXCHANGE;;;;XEUR;7898898;151;EXCHANGE
17.03.2025;14:01:30.207;BASE SI 20250620 PS EU C 56.00 0;SIMPLE_INSTRUMENT;BLOCK;EUR;13;1.71000000;2048;PRC_DECOMP_EXCHANGE;;;;XEUR;11350663;151;EXCHANGE
17.03.2025;10:23:45.146;BASG SI 20250321 CS;SIMPLE_INSTRUMENT;BLOCK;EUR;42;52.55000000;8000;EXCHANGE_LAST;;1;1;XEUR;10694474;171;
17.03.2025;14:45:29.935;BASG.S.MAR25.JUN25.SPD;FUTURES_SPREAD;BLOCK;EUR;150;1.42000000;5300;EXCHANGE_LAST;;2;1;XEUR;72058328477336866;171;
17.03.2025;14:45:29.935;BASG SI 20250321 CS;SIMPLE_INSTRUMENT;BLOCK;EUR;150;52.60280000;5300;PRC_DECOMP_EXCHANGE;;;;XEUR;10694474;171;EXCHANGE
17.03.2025;14:45:29.935;BASG SI 20250620 CS;SIMPLE_INSTRUMENT;BLOCK;EUR;150;51.18280000;5300;PRC_DECOMP_EXCHANGE;;;;XEUR;11169531;171;EXCHANGE
17.03.2025;16:32:08.300;BASG.S.MAR25.JUN25.SPD;FUTURES_SPREAD;BLOCK;EUR;178;1.42000000;1000;EXCHANGE_LAST;;1;1;XEUR;72058328477336866;171;
17.03.2025;16:32:08.300;BASG SI 20250321 CS;SIMPLE_INSTRUMENT;BLOCK;EUR;178;52.60280000;1000;PRC_DECOMP_MEMBER;;;;XEUR;10694474;171;MEMBER
17.03.2025;16:32:08.300;BASG SI 20250620 CS;SIMPLE_INSTRUMENT;BLOCK;EUR;178;51.18280000;1000;PRC_DECOMP_MEMBER;;;;XEUR;11169531;171;MEMBER
17.03.2025;16:41:48.647;BAY SI 20250417 PS AM C 26.00 0;SIMPLE_INSTRUMENT;BLOCK;EUR;22;0.43000000;5694;EXCHANGE_LAST;;1;1;XEUR;12615434;168;
17.03.2025;16:42:06.636;BAY SI 20250417 PS AM C 26.00 0;SIMPLE_INSTRUMENT;BLOCK;EUR;23;0.42000000;8906;EXCHANGE_LAST;;1;1;XEUR;12615434;168;
17.03.2025;09:10:36.912;BBL SI 20250919 PS AM P 260 0;SIMPLE_INSTRUMENT;BLOCK;GBX;1;16.00000000;405;EXCHANGE_LAST;;1;1;XEUR;11873054;173;
17.03.2025;09:10:44.693;BBL SI 20250919 PS AM P 260 0;SIMPLE_INSTRUMENT;BLOCK;GBX;2;14.00000000;595;EXCHANGE_LAST;;1;1;XEUR;11873054;173;
17.03.2025;14:12:18.194;BDSG SI 20250620 CS;SIMPLE_INSTRUMENT;BLOCK;EUR;137;2.60740000;150000;EXCHANGE_LAST;;1;1;XEUR;11170012;191;
17.03.2025;11:30:56.170;BEAF.S.MAR25.JUN25.SPD;FUTURES_SPREAD;BLOCK;CHF;71;9.00000000;61;EXCHANGE_LAST;;1;1;XEUR;72808075148394561;174735;
17.03.2025;11:30:56.170;BEAF SI 20250321 CS;SIMPLE_INSTRUMENT;BLOCK;CHF;71;570.00000000;61;PRC_DECOMP_MEMBER;;;;XEUR;10726599;174735;MEMBER
17.03.2025;11:30:56.170;BEAF SI 20250620 CS;SIMPLE_INSTRUMENT;BLOCK;CHF;71;561.00000000;61;PRC_DECOMP_MEMBER;;;;XEUR;11200147;174735;MEMBER
17.03.2025;09:14:25.642;BG1 SI 20250516 PS AM C 105.00 0;SIMPLE_INSTRUMENT;BLOCK;EUR;3;2.05000000;100;EXCHANGE_LAST;;1;1;XEUR;12842090;74940;
17.03.2025;08:48:19.420;BMW.O.250317.STG.000007;STANDARD_OPTION_STRATEGY;BLOCK;EUR;1;13.26000000;600;EXCHANGE_LAST;;1;1;XEUR;72058495981109688;210;
17.03.2025;08:48:19.420;BMW SI 20251219 PS AM P 82.00 0;SIMPLE_INSTRUMENT;BLOCK;EUR;1;9.29000000;600;PRC_DECOMP_EXCHANGE;;;;XEUR;7126196;210;EXCHANGE
17.03.2025;08:48:19.420;BMW SI 20251219 PS AM C 96.00 0;SIMPLE_INSTRUMENT;BLOCK;EUR;1;3.97000000;600;PRC_DECOMP_EXCHANGE;;;;XEUR;12435174;210;EXCHANGE
17.03.2025;10:38:14.722;BMW.O.250317.STD.000010;STANDARD_OPTION_STRATEGY;BLOCK;EUR;10;2.81000000;1000;EXCHANGE_LAST;;1;1;XEUR;72058495981109691;210;
17.03.2025;10:38:14.722;BMW SI 20250321 PS AM P 84.00 0;SIMPLE_INSTRUMENT;BLOCK;EUR;10;1.68000000;1000;PRC_DECOMP_EXCHANGE;;;;XEUR;10832544;210;EXCHANGE
17.03.2025;10:38:14.722;BMW SI 20250321 PS AM C 84.00 0;SIMPLE_INSTRUMENT;BLOCK;EUR;10;1.13000000;1000;PRC_DECOMP_EXCHANGE;;;;XEUR;10832542;210;EXCHANGE
17.03.2025;10:43:28.920;BMW SI 20250321 PS AM C 72.00 0;SIMPLE_INSTRUMENT;BLOCK;EUR;11;11.55000000;1000;EXCHANGE_LAST;;1;1;XEUR;10832603;210;
17.03.2025;10:43:49.861;BMW SI 20250417 PS AM C 72.00 0;SIMPLE_INSTRUMENT;BLOCK;EUR;12;12.21000000;1000;EXCHANGE_LAST;;1;1;XEUR;12616415;210;
17.03.2025;11:19:39.032;BMW.O.250317.BRT.000014;STANDARD_OPTION_STRATEGY;BLOCK;EUR;13;5.35000000;1000;EXCHANGE_LAST;;1;1;XEUR;72058495981109695;210;
17.03.2025;11:19:39.032;BMW SI 20250321 PS AM P 80.00 0;SIMPLE_INSTRUMENT;BLOCK;EUR;13;0.24000000;1000;PRC_DECOMP_EXCHANGE;;;;XEUR;10832597;210;EXCHANGE
17.03.2025;11:19:39.032;BMW SI 20250620 PS AM P 80.00 0;SIMPLE_INSTRUMENT;BLOCK;EUR;13;5.59000000;1000;PRC_DECOMP_EXCHANGE;;;;XEUR;11332526;210;EXCHANGE
17.03.2025;09:33:11.006;BMWF SI 20250321 CS;SIMPLE_INSTRUMENT;BLOCK;EUR;20;83.60000000;4500;EXCHANGE_LAST;;1;1;XEUR;10695616;239;
17.03.2025;14:21:07.972;BMWF SI 20250321 CS;SIMPLE_INSTRUMENT;BLOCK;EUR;145;83.23000000;2000;EXCHANGE_LAST;;1;1;XEUR;10695616;239;
17.03.2025;15:56:09.176;BMWF.S.MAR25.APR25.SPD;FUTURES_SPREAD;BLOCK;EUR;165;-0.17150000;2550;EXCHANGE_LAST;;1;1;XEUR;72058620535111972;239;
17.03.2025;15:56:09.176;BMWF SI 20250321 CS;SIMPLE_INSTRUMENT;BLOCK;EUR;165;82.15000000;2550;PRC_DECOMP_EXCHANGE;;;;XEUR;10695616;239;EXCHANGE
17.03.2025;15:56:09.176;BMWF SI 20250417 CS;SIMPLE_INSTRUMENT;BLOCK;EUR;165;82.32150000;2550;PRC_DECOMP_EXCHANGE;;;;XEUR;10832713;239;EXCHANGE
17.03.2025;09:23:39.358;BNP.O.250317.PDIA.000004;STANDARD_OPTION_STRATEGY;BLOCK;EUR;2;5.14000000;4200;EXCHANGE_LAST;;1;1;XEUR;72058611945200103;237;
17.03.2025;09:23:39.358;BNP SI 20251219 PS AM P 56.00 0;SIMPLE_INSTRUMENT;BLOCK;EUR;2;1.56000000;4200;PRC_DECOMP_MEMBER;;;;XEUR;5923366;237;MEMBER
17.03.2025;09:23:39.358;BNP SI 20260619 PS AM P 68.00 0;SIMPLE_INSTRUMENT;BLOCK;EUR;2;6.70000000;4200;PRC_DECOMP_MEMBER;;;;XEUR;11479995;237;MEMBER
17.03.2025;10:31:16.037;BNP SI 20251219 PS AM C 72.00 0;SIMPLE_INSTRUMENT;BLOCK;EUR;5;7.70000000;525;EXCHANGE_LAST;;1;1;XEUR;6371615;237;
17.03.2025;14:24:04.291;BNP.O.250317.BU23.000009;STANDARD_OPTION_STRATEGY;BLOCK;EUR;27;-2.56000000;1750;EXCHANGE_LAST;;3;1;XEUR;72058611945200108;237;
17.03.2025;14:24:04.291;BNP SI 20251219 PS AM C 80.00 0;SIMPLE_INSTRUMENT;BLOCK;EUR;27;3.92000000;3500;PRC_DECOMP_EXCHANGE;;;;XEUR;6952041;237;EXCHANGE
17.03.2025;14:24:04.291;BNP SI 20251219 PS AM C 88.00 0;SIMPLE_INSTRUMENT;BLOCK;EUR;27;1.76000000;5250;PRC_DECOMP_EXCHANGE;;;;XEUR;7245862;237;EXCHANGE
17.03.2025;10:06:45.513;BNPH SI 20250321 CS;SIMPLE_INSTRUMENT;BLOCK;EUR;36;76.82000000;3100;EXCHANGE_LAST;;2;1;XEUR;10695531;236;
17.03.2025;10:26:07.788;BNPH SI 20250321 CS;SIMPLE_INSTRUMENT;BLOCK;EUR;44;77.07000000;4600;EXCHANGE_LAST;;1;1;XEUR;10695531;236;
17.03.2025;12:34:15.311;BNPH SI 20250321 CS;SIMPLE_INSTRUMENT;BLOCK;EUR;108;76.82000000;3400;EXCHANGE_LAST;;1;1;XEUR;10695531;236;
17.03.2025;12:15:06.755;BSD2 SI 20260619 PS AM P 6.00 0;SIMPLE_INSTRUMENT;BLOCK;EUR;8;0.73000000;10000;EXCHANGE_LAST;;1;1;XEUR;9737818;245;
17.03.2025;12:15:17.017;BSD2 SI 20260619 PS AM P 6.00 0;SIMPLE_INSTRUMENT;BLOCK;EUR;9;0.74000000;10000;EXCHANGE_LAST;;1;1;XEUR;9737818;245;
17.03.2025;11:41:33.645;BSIF.S.MAR25.NOV25.SPD;FUTURES_SPREAD;BLOCK;EUR;78;-0.05500000;100;EXCHANGE_LAST;;1;1;XEUR;72808049378590793;174729;
17.03.2025;11:41:33.645;BSIF SI 20251121 CS;SIMPLE_INSTRUMENT;BLOCK;EUR;78;106.35500000;100;PRC_DECOMP_MEMBER;;;;XEUR;12099842;174729;MEMBER
17.03.2025;11:41:33.645;BSIF SI 20250321 CS;SIMPLE_INSTRUMENT;BLOCK;EUR;78;106.30000000;100;PRC_DECOMP_MEMBER;;;;XEUR;10726598;174729;MEMBER
17.03.2025;12:35:01.381;BYG SI 20260619 PS AM P 28.00 0;SIMPLE_INSTRUMENT;BLOCK;EUR;14;1.24000000;3000;EXCHANGE_LAST;;1;1;XEUR;9542671;280;
17.03.2025;16:25:00.531;C3AR SI 20271217 CS;SIMPLE_INSTRUMENT;BLOCK;EUR;174;0.81000000;300;EXCHANGE_LAST;;1;1;XEUR;8375173;256;
17.03.2025;10:22:22.772;CBK SI 20251219 PS AM P 13.00 0;SIMPLE_INSTRUMENT;BLOCK;EUR;2;0.25000000;4000;EXCHANGE_LAST;;1;1;XEUR;11262576;268;
17.03.2025;10:54:42.502;CBK SI 20261218 PS AM P 20.00 0;SIMPLE_INSTRUMENT;BLOCK;EUR;5;2.33000000;1250;EXCHANGE_LAST;;1;1;XEUR;9040227;268;
17.03.2025;10:54:29.218;CBK SI 20261218 PS AM P 20.00 0;SIMPLE_INSTRUMENT;BLOCK;EUR;6;2.34000000;1250;EXCHANGE_LAST;;1;1;XEUR;9040227;268;
17.03.2025;10:54:06.688;CBK SI 20261218 PS AM P 16.00 0;SIMPLE_INSTRUMENT;BLOCK;EUR;7;1.20000000;1250;EXCHANGE_LAST;;1;1;XEUR;7372793;268;
17.03.2025;16:21:51.971;CFR SI 20250417 PS AM C 170.00 0;SIMPLE_INSTRUMENT;BLOCK;CHF;65;3.40000000;750;EXCHANGE_LAST;;2;1;XEUR;12618006;313;
17.03.2025;09:49:54.174;CFRL SI 20250321 CS;SIMPLE_INSTRUMENT;BLOCK;CHF;32;165.00000000;2500;EXCHANGE_LAST;;1;1;XEUR;10741903;729453;
17.03.2025;13:49:20.179;CGM.O.250317.PDIA.000002;STANDARD_OPTION_STRATEGY;BLOCK;EUR;19;-7.60000000;200;EXCHANGE_LAST;;1;1;XEUR;72058955542572510;317;
17.03.2025;13:49:20.179;CGM SI 20261218 PS AM P 120.00 0;SIMPLE_INSTRUMENT;BLOCK;EUR;19;10.69000000;200;PRC_DECOMP_EXCHANGE;;;;XEUR;7335082;317;EXCHANGE
17.03.2025;13:49:20.179;CGM SI 20250620 PS AM P 160.00 0;SIMPLE_INSTRUMENT;BLOCK;EUR;19;18.29000000;200;PRC_DECOMP_EXCHANGE;;;;XEUR;7900821;317;EXCHANGE
17.03.2025;14:16:52.001;CGM SI 20270618 PS AM P 120.00 0;SIMPLE_INSTRUMENT;BLOCK;EUR;26;13.10000000;300;EXCHANGE_LAST;;1;1;XEUR;11354644;317;
17.03.2025;12:00:12.596;CLNG SI 20250321 CS;SIMPLE_INSTRUMENT;BLOCK;CHF;93;10.85000000;10100;EXCHANGE_LAST;;1;1;XEUR;10728523;269161;
17.03.2025;11:33:03.499;CRI5 SI 20260618 PS AM P 48.00 0;SIMPLE_INSTRUMENT;BLOCK;EUR;5;5.62000000;3000;EXCHANGE_LAST;;1;1;XEUR;10751940;320;
17.03.2025;14:08:28.786;CRI5.O.250317.STG.000003;STANDARD_OPTION_STRATEGY;BLOCK;EUR;14;7.53000000;750;EXCHANGE_LAST;;1;1;XEUR;72058968427474788;320;
17.03.2025;14:08:28.786;CRI5 SI 20251218 PS AM C 60.00 0;SIMPLE_INSTRUMENT;BLOCK;EUR;14;2.95150000;750;PRC_DECOMP_EXCHANGE;;;;XEUR;10751936;320;EXCHANGE
17.03.2025;14:08:28.786;CRI5 SI 20251218 PS AM P 50.00 0;SIMPLE_INSTRUMENT;BLOCK;EUR;14;4.57850000;750;PRC_DECOMP_EXCHANGE;;;;XEUR;12421053;320;EXCHANGE
17.03.2025;10:07:15.696;DAI.O.250317.BUL.000010;STANDARD_OPTION_STRATEGY;BLOCK;EUR;5;0.80000000;5500;EXCHANGE_LAST;;1;3;XEUR;73961106363664510;443196;
17.03.2025;10:07:15.696;DAI SI 20250321 PS AM C 62.00 0;SIMPLE_INSTRUMENT;BLOCK;EUR;5;0.27000000;5500;PRC_DECOMP_EXCHANGE;;;;XEUR;12327509;443196;EXCHANGE
17.03.2025;10:07:15.696;DAI SI 20250321 PS AM C 60.00 0;SIMPLE_INSTRUMENT;BLOCK;EUR;5;1.07000000;5500;PRC_DECOMP_EXCHANGE;;;;XEUR;10884520;443196;EXCHANGE
17.03.2025;11:58:39.357;DAI.O.250317.CNV.000017;STANDARD_OPTION_STRATEGY;BLOCK;EUR;17;0.24000000;12750;EXCHANGE_LAST;;2;3;XEUR;73961106363664517;443196;
17.03.2025;11:58:39.357;DAI SI 20250321 PS AM P 60.00 0;SIMPLE_INSTRUMENT;BLOCK;EUR;17;0.84000000;12750;PRC_DECOMP_EXCHANGE;;;;XEUR;10884522;443196;EXCHANGE
17.03.2025;11:58:39.357;DAI SI 20250321 PS AM C 60.00 0;SIMPLE_INSTRUMENT;BLOCK;EUR;17;1.08000000;12750;PRC_DECOMP_EXCHANGE;;;;XEUR;10884520;443196;EXCHANGE
17.03.2025;13:42:52.663;DAI.O.250317.BUL.000026;STANDARD_OPTION_STRATEGY;BLOCK;EUR;20;0.83000000;2700;EXCHANGE_LAST;;1;1;XEUR;73961106363664526;443196;
17.03.2025;13:42:52.663;DAI SI 20250321 PS AM C 64.00 0;SIMPLE_INSTRUMENT;BLOCK;EUR;20;0.14000000;2700;PRC_DECOMP_EXCHANGE;;;;XEUR;10884524;443196;EXCHANGE
17.03.2025;13:42:52.663;DAI SI 20250321 PS AM C 60.00 0;SIMPLE_INSTRUMENT;BLOCK;EUR;20;0.97000000;2700;PRC_DECOMP_EXCHANGE;;;;XEUR;10884520;443196;EXCHANGE
17.03.2025;15:28:34.401;DAI SI 20250919 PS AM P 50.00 0;SIMPLE_INSTRUMENT;BLOCK;EUR;29;2.02000000;3000;EXCHANGE_LAST;;1;2;XEUR;11925616;443196;
17.03.2025;16:30:02.633;DAI.O.250317.COMBO.000030;STANDARD_OPTION_STRATEGY;BLOCK;EUR;35;-0.58000000;4000;EXCHANGE_LAST;;1;2;XEUR;73961106363664530;443196;
17.03.2025;16:30:02.633;DAI SI 20250321 PS AM C 60.00 0;SIMPLE_INSTRUMENT;BLOCK;EUR;35;0.86000000;4000;PRC_DECOMP_EXCHANGE;;;;XEUR;10884520;443196;EXCHANGE
17.03.2025;16:30:02.633;DAI SI 20250321 PS AM P 58.00 0;SIMPLE_INSTRUMENT;BLOCK;EUR;35;0.28000000;4000;PRC_DECOMP_EXCHANGE;;;;XEUR;12490203;443196;EXCHANGE
17.03.2025;16:29:01.014;DAI SI 20250516 PS AM C 64.00 0;SIMPLE_INSTRUMENT;BLOCK;EUR;36;1.36000000;1000;EXCHANGE_LAST;;1;1;XEUR;12852481;443196;
17.03.2025;15:19:12.642;DAIE.N.250317.000001;NON_STANDARD_OPTION_STRATEGY;BLOCK;EUR;25;3.00000000;4000;EXCHANGE_LAST;;1;1;XEUR;73961132133454257;443202;
17.03.2025;15:19:12.642;DAIE SI 20271217 PS EU C 68.00 0;SIMPLE_INSTRUMENT;BLOCK;EUR;25;5.40000000;12000;PRC_DECOMP_MEMBER;;;;XEUR;8833655;443202;MEMBER
17.03.2025;15:19:12.642;DAIE SI 20271217 PS EU P 56.00 0;SIMPLE_INSTRUMENT;BLOCK;EUR;25;10.40000000;20000;PRC_DECOMP_MEMBER;;;;XEUR;11225096;443202;MEMBER
17.03.2025;15:19:12.642;DAIE SI 20271217 PS EU P 68.00 0;SIMPLE_INSTRUMENT;BLOCK;EUR;25;17.60000000;12000;PRC_DECOMP_MEMBER;;;;XEUR;8833653;443202;MEMBER
17.03.2025;15:19:12.642;DAIE SI 20271217 PS EU C 84.00 0;SIMPLE_INSTRUMENT;BLOCK;EUR;25;2.48000000;20000;PRC_DECOMP_MEMBER;;;;XEUR;8833624;443202;MEMBER
17.03.2025;12:49:23.247;DAIG SI 20250321 CS;SIMPLE_INSTRUMENT;BLOCK;EUR;114;60.02000000;325;EXCHANGE_LAST;;1;1;XEUR;10734482;443203;
17.03.2025;12:50:30.097;DAIG SI 20251121 CS;SIMPLE_INSTRUMENT;BLOCK;EUR;115;57.46000000;325;EXCHANGE_LAST;;1;1;XEUR;12107500;443203;
17.03.2025;13:35:41.185;DAIG SI 20250321 CS;SIMPLE_INSTRUMENT;BLOCK;EUR;132;60.60000000;8900;EXCHANGE_LAST;;1;3;XEUR;10734482;443203;
17.03.2025;09:48:38.974;DBK.O.250317.PDIA.000004;STANDARD_OPTION_STRATEGY;BLOCK;EUR;1;0.98000000;2500;EXCHANGE_LAST;;1;1;XEUR;72059148816161088;362;
17.03.2025;09:48:38.974;DBK SI 20251219 PS AM P 18.00 0;SIMPLE_INSTRUMENT;BLOCK;EUR;1;1.05000000;2500;PRC_DECOMP_EXCHANGE;;;;XEUR;6184816;362;EXCHANGE
17.03.2025;09:48:38.974;DBK SI 20250620 PS AM P 12.00 0;SIMPLE_INSTRUMENT;BLOCK;EUR;1;0.07000000;2500;PRC_DECOMP_EXCHANGE;;;;XEUR;7901418;362;EXCHANGE
17.03.2025;14:08:51.504;DBK SI 20260619 PS AM P 20.00 0;SIMPLE_INSTRUMENT;BLOCK;EUR;14;2.44000000;2500;EXCHANGE_LAST;;1;1;XEUR;10253252;362;
17.03.2025;10:44:10.002;DBKI SI 20250321 CS;SIMPLE_INSTRUMENT;BLOCK;EUR;46;21.90000000;7000;EXCHANGE_LAST;;1;1;XEUR;10722007;51566;
17.03.2025;11:08:15.815;DPW SI 20250919 PS AM C 48.00 0;SIMPLE_INSTRUMENT;BLOCK;EUR;2;0.93000000;2000;EXCHANGE_LAST;;1;1;XEUR;11878914;445;
17.03.2025;13:52:20.708;DPW SI 20250321 PS AM C 42.00 0;SIMPLE_INSTRUMENT;BLOCK;EUR;18;0.75000000;3000;EXCHANGE_LAST;;2;2;XEUR;10836806;445;
17.03.2025;15:02:14.148;DPW SI 20250321 PS AM C 42.00 0;SIMPLE_INSTRUMENT;BLOCK;EUR;19;0.75000000;1000;EXCHANGE_LAST;;2;1;XEUR;10836806;445;
17.03.2025;16:08:30.459;DPW SI 20250417 PS AM C 42.00 0;SIMPLE_INSTRUMENT;BLOCK;EUR;33;1.73000000;1000;EXCHANGE_LAST;;1;1;XEUR;12774675;445;
17.03.2025;12:56:06.486;DTE.O.250317.BLT.000023;STANDARD_OPTION_STRATEGY;BLOCK;EUR;10;0.67000000;3000;EXCHANGE_LAST;;1;2;XEUR;72059415104108083;424;
17.03.2025;12:56:06.486;DTE SI 20250321 PS AM C 35.50 0;SIMPLE_INSTRUMENT;BLOCK;EUR;10;0.03000000;3000;PRC_DECOMP_EXCHANGE;;;;XEUR;12352700;424;EXCHANGE
17.03.2025;12:56:06.486;DTE SI 20250620 PS AM C 35.50 0;SIMPLE_INSTRUMENT;BLOCK;EUR;10;0.70000000;3000;PRC_DECOMP_EXCHANGE;;;;XEUR;12352712;424;EXCHANGE
17.03.2025;15:27:47.707;DTE SI 20250321 PS AM P 32.00 0;SIMPLE_INSTRUMENT;BLOCK;EUR;27;0.04000000;2500;EXCHANGE_LAST;;1;1;XEUR;10836639;424;
17.03.2025;10:26:42.789;DTEF SI 20250321 CS;SIMPLE_INSTRUMENT;BLOCK;EUR;40;33.60000000;27500;EXCHANGE_LAST;;1;1;XEUR;10698021;430;
17.03.2025;11:20:27.112;DTEF.S.MAR25.NOV25.SPD;FUTURES_SPREAD;BLOCK;EUR;64;0.31400000;8350;EXCHANGE_LAST;;1;1;XEUR;72059440873865441;430;
17.03.2025;11:20:27.112;DTEF SI 20250321 CS;SIMPLE_INSTRUMENT;BLOCK;EUR;64;33.69000000;8350;PRC_DECOMP_MEMBER;;;;XEUR;10698021;430;MEMBER
17.03.2025;11:20:27.112;DTEF SI 20251121 CS;SIMPLE_INSTRUMENT;BLOCK;EUR;64;33.37600000;8350;PRC_DECOMP_MEMBER;;;;XEUR;12072658;430;MEMBER
17.03.2025;12:38:49.229;DTEF SI 20250321 CS;SIMPLE_INSTRUMENT;BLOCK;EUR;109;33.61500000;10000;EXCHANGE_LAST;;1;1;XEUR;10698021;430;
17.03.2025;10:51:21.781;DVCG SI 20250320 CS;SIMPLE_INSTRUMENT;BLOCK;EUR;47;5.77600000;487;EXCHANGE_LAST;;1;1;XEUR;10689828;51874;
17.03.2025;10:51:21.903;DVCG SI 20250619 CS;SIMPLE_INSTRUMENT;BLOCK;EUR;48;5.72600000;487;EXCHANGE_LAST;;1;1;XEUR;11164093;51874;
17.03.2025;16:20:05.790;E2NL SI 20250620 CS;SIMPLE_INSTRUMENT;BLOCK;EUR;170;0.21500000;1760;EXCHANGE_LAST;;1;2;XEUR;10837419;471;
17.03.2025;11:07:02.585;E2NT.S.DEC26.DEC27.SPD;FUTURES_SPREAD;BLOCK;EUR;58;0.07000000;500;EXCHANGE_LAST;;1;2;XEUR;72059612672557094;470;
17.03.2025;11:07:02.585;E2NT SI 20271217 CS;SIMPLE_INSTRUMENT;BLOCK;EUR;58;0.93000000;500;PRC_DECOMP_MEMBER;;;;XEUR;5914575;470;MEMBER
17.03.2025;11:07:02.585;E2NT SI 20261218 CS;SIMPLE_INSTRUMENT;BLOCK;EUR;58;1.00000000;500;PRC_DECOMP_MEMBER;;;;XEUR;4632357;470;MEMBER
17.03.2025;08:15:55.705;EG4F.S.MAR25.JUN25.SPD;FUTURES_SPREAD;BLOCK;EUR;2;-0.05820000;406;EXCHANGE_LAST;;1;1;XEUR;72059518183276694;448;
17.03.2025;08:15:55.705;EG4F SI 20250321 CS;SIMPLE_INSTRUMENT;BLOCK;EUR;2;12.93000000;406;PRC_DECOMP_MEMBER;;;;XEUR;10698334;448;MEMBER
17.03.2025;08:15:55.705;EG4F SI 20250620 CS;SIMPLE_INSTRUMENT;BLOCK;EUR;2;12.98820000;406;PRC_DECOMP_MEMBER;;;;XEUR;11173362;448;MEMBER
17.03.2025;09:02:39.517;EIAG SI 20250321 CS;SIMPLE_INSTRUMENT;BLOCK;EUR;8;45.92000000;401;EXCHANGE_LAST;;1;1;XEUR;10699671;509;
17.03.2025;09:02:50.847;EIAG SI 20250619 CS;SIMPLE_INSTRUMENT;BLOCK;EUR;9;45.00000000;401;EXCHANGE_LAST;;1;1;XEUR;11174688;509;
17.03.2025;12:59:24.839;ELVH.S.MAR25.JUL25.SPD;FUTURES_SPREAD;BLOCK;EUR;123;0.08400000;2943;EXCHANGE_LAST;;1;1;XEUR;72261755308343414;47535;
17.03.2025;12:59:24.839;ELVH SI 20250321 CS;SIMPLE_INSTRUMENT;BLOCK;EUR;123;45.16000000;2943;PRC_DECOMP_MEMBER;;;;XEUR;10720458;47535;MEMBER
17.03.2025;12:59:24.839;ELVH SI 20250718 CS;SIMPLE_INSTRUMENT;BLOCK;EUR;123;45.07600000;2943;PRC_DECOMP_MEMBER;;;;XEUR;11387665;47535;MEMBER
17.03.2025;16:19:48.002;ENLH.S.MAR25.JUN25.SPD;FUTURES_SPREAD;BLOCK;EUR;169;-0.04700000;4000;EXCHANGE_LAST;;2;1;XEUR;74312348789112879;524976;
17.03.2025;16:19:48.002;ENLH SI 20250619 CS;SIMPLE_INSTRUMENT;BLOCK;EUR;169;7.09220000;4000;PRC_DECOMP_EXCHANGE;;;;XEUR;11165313;524976;EXCHANGE
17.03.2025;16:19:48.002;ENLH SI 20250320 CS;SIMPLE_INSTRUMENT;BLOCK;EUR;169;7.04520000;4000;PRC_DECOMP_EXCHANGE;;;;XEUR;10690796;524976;EXCHANGE
17.03.2025;15:11:41.831;ENR SI 20251219 PS AM P 48.00 0;SIMPLE_INSTRUMENT;BLOCK;EUR;20;6.35000000;500;EXCHANGE_LAST;;1;1;XEUR;11142558;298530;
17.03.2025;14:20:43.498;ENT5 SI 20250619 PS AM P 13.00 0;SIMPLE_INSTRUMENT;BLOCK;EUR;15;0.33250000;500;EXCHANGE_LAST;;1;1;XEUR;10742895;497;
17.03.2025;15:53:59.891;ENTH SI 20250320 CS;SIMPLE_INSTRUMENT;BLOCK;EUR;164;13.92000000;5000;EXCHANGE_LAST;;1;1;XEUR;10690793;524973;
17.03.2025;16:35:34.643;F3TE SI 20271217 CS;SIMPLE_INSTRUMENT;BLOCK;EUR;175;0.71500000;350;EXCHANGE_LAST;;1;1;XEUR;6633916;390379;
17.03.2025;09:34:16.381;FATX SI 20250321 CS;SIMPLE_INSTRUMENT;BLOCK;EUR;9;4330.00000000;123;EXCHANGE_LAST;;1;1;XEUR;11385582;28699;
17.03.2025;09:34:31.355;FATX SI 20250620 CS;SIMPLE_INSTRUMENT;BLOCK;EUR;10;4173.00000000;123;EXCHANGE_LAST;;1;1;XEUR;11905432;28699;
17.03.2025;16:55:11.182;FATX SI 20250321 CS;SIMPLE_INSTRUMENT;EFP_IDX;EUR;72;4309.50000000;18;EXCHANGE_LAST;;1;1;XEUR;11385582;28699;
17.03.2025;16:55:29.529;FATX SI 20250321 CS;SIMPLE_INSTRUMENT;EFP_IDX;EUR;73;4310.00000000;7;EXCHANGE_LAST;;1;1;XEUR;11385582;28699;
17.03.2025;09:13:33.724;FBTP SI 20250606 PS;SIMPLE_INSTRUMENT;EFP_FIN;EUR;1;116.67000000;322;EXCHANGE_LAST;;1;1;XEUR;11820365;636;
17.03.2025;09:22:51.473;FBTP SI 20250606 PS;SIMPLE_INSTRUMENT;EFP_FIN;EUR;2;116.67000000;291;EXCHANGE_LAST;;1;1;XEUR;11820365;636;
17.03.2025;10:22:12.084;FBTP SI 20250606 PS;SIMPLE_INSTRUMENT;EFP_FIN;EUR;3;116.82000000;1015;EXCHANGE_LAST;;1;1;XEUR;11820365;636;
17.03.2025;10:53:13.166;FBTP SI 20250606 PS;SIMPLE_INSTRUMENT;EFP_FIN;EUR;4;116.78000000;192;EXCHANGE_LAST;;1;1;XEUR;11820365;636;
17.03.2025;12:39:11.928;FBTP SI 20250606 PS;SIMPLE_INSTRUMENT;EFP_FIN;EUR;5;116.75000000;268;EXCHANGE_LAST;;1;1;XEUR;11820365;636;
17.03.2025;13:17:20.868;FBTP SI 20250606 PS;SIMPLE_INSTRUMENT;EFP_FIN;EUR;6;116.83000000;984;EXCHANGE_LAST;;1;1;XEUR;11820365;636;
17.03.2025;13:23:57.919;FBTP SI 20250606 PS;SIMPLE_INSTRUMENT;EFP_FIN;EUR;7;116.84000000;179;EXCHANGE_LAST;;1;1;XEUR;11820365;636;
17.03.2025;13:25:59.925;FBTP SI 20250606 PS;SIMPLE_INSTRUMENT;EFP_FIN;EUR;8;116.80000000;749;EXCHANGE_LAST;;1;1;XEUR;11820365;636;
17.03.2025;13:55:09.601;FBTP SI 20250606 PS;SIMPLE_INSTRUMENT;EFP_FIN;EUR;9;116.87000000;871;EXCHANGE_LAST;;1;1;XEUR;11820365;636;
17.03.2025;13:55:16.021;FBTP SI 20250606 PS;SIMPLE_INSTRUMENT;EFP_FIN;EUR;10;116.86000000;369;EXCHANGE_LAST;;1;1;XEUR;11820365;636;
17.03.2025;13:56:37.071;FBTP SI 20250606 PS;SIMPLE_INSTRUMENT;EFP_FIN;EUR;11;116.84000000;616;EXCHANGE_LAST;;1;1;XEUR;11820365;636;
17.03.2025;14:01:18.493;FBTP SI 20250606 PS;SIMPLE_INSTRUMENT;EFP_FIN;EUR;12;116.80000000;948;EXCHANGE_LAST;;1;1;XEUR;11820365;636;
17.03.2025;14:10:38.065;FBTP SI 20250606 PS;SIMPLE_INSTRUMENT;EFP_FIN;EUR;13;116.84000000;429;EXCHANGE_LAST;;1;1;XEUR;11820365;636;
17.03.2025;14:39:10.302;FBTP SI 20250606 PS;SIMPLE_INSTRUMENT;EFP_FIN;EUR;14;116.91000000;208;EXCHANGE_LAST;;1;1;XEUR;11820365;636;
17.03.2025;14:41:54.643;FBTP SI 20250606 PS;SIMPLE_INSTRUMENT;EFP_FIN;EUR;15;116.78000000;313;EXCHANGE_LAST;;1;1;XEUR;11820365;636;
17.03.2025;14:43:23.050;FBTP SI 20250606 PS;SIMPLE_INSTRUMENT;EFP_FIN;EUR;16;116.85000000;270;EXCHANGE_LAST;;1;1;XEUR;11820365;636;
17.03.2025;14:51:22.436;FBTP SI 20250606 PS;SIMPLE_INSTRUMENT;BLOCK;EUR;17;116.68000000;1401;EXCHANGE_LAST;;1;1;XEUR;11820365;636;
17.03.2025;14:52:11.322;FBTP SI 20250606 PS;SIMPLE_INSTRUMENT;EFP_FIN;EUR;18;116.86000000;349;EXCHANGE_LAST;;1;1;XEUR;11820365;636;
17.03.2025;15:01:26.458;FBTP SI 20250606 PS;SIMPLE_INSTRUMENT;EFP_FIN;EUR;19;116.86000000;135;EXCHANGE_LAST;;1;1;XEUR;11820365;636;
17.03.2025;14:56:46.179;FBTP SI 20250606 PS;SIMPLE_INSTRUMENT;EFP_FIN;EUR;20;116.85000000;508;EXCHANGE_LAST;;1;1;XEUR;11820365;636;
17.03.2025;15:10:41.687;FBTP SI 20250606 PS;SIMPLE_INSTRUMENT;EFP_FIN;EUR;21;116.94000000;667;EXCHANGE_LAST;;1;1;XEUR;11820365;636;
17.03.2025;15:49:58.500;FBTP SI 20250606 PS;SIMPLE_INSTRUMENT;EFP_FIN;EUR;22;116.93000000;75;EXCHANGE_LAST;;1;1;XEUR;11820365;636;
17.03.2025;16:32:58.388;FBTP SI 20250606 PS;SIMPLE_INSTRUMENT;BLOCK;EUR;23;116.99000000;470;EXCHANGE_LAST;;1;1;XEUR;11820365;636;
17.03.2025;16:46:13.223;FBTP SI 20250606 PS;SIMPLE_INSTRUMENT;EFP_FIN;EUR;24;117.01000000;146;EXCHANGE_LAST;;1;1;XEUR;11820365;636;
17.03.2025;16:47:56.453;FBTP SI 20250606 PS;SIMPLE_INSTRUMENT;EFP_FIN;EUR;25;117.01000000;128;EXCHANGE_LAST;;1;1;XEUR;11820365;636;
17.03.2025;16:52:12.981;FBTP SI 20250606 PS;SIMPLE_INSTRUMENT;EFP_FIN;EUR;26;117.01000000;410;EXCHANGE_LAST;;1;1;XEUR;11820365;636;
17.03.2025;16:57:51.726;FBTP SI 20250606 PS;SIMPLE_INSTRUMENT;EFP_FIN;EUR;27;117.01000000;270;EXCHANGE_LAST;;1;1;XEUR;11820365;636;
17.03.2025;17:02:47.796;FBTP SI 20250606 PS;SIMPLE_INSTRUMENT;EFP_FIN;EUR;28;117.01000000;66;EXCHANGE_LAST;;1;1;XEUR;11820365;636;
17.03.2025;17:05:06.370;FBTP SI 20250606 PS;SIMPLE_INSTRUMENT;EFP_FIN;EUR;29;117.01000000;440;EXCHANGE_LAST;;1;1;XEUR;11820365;636;
17.03.2025;17:07:38.062;FBTP SI 20250606 PS;SIMPLE_INSTRUMENT;EFP_FIN;EUR;30;117.01000000;92;EXCHANGE_LAST;;1;1;XEUR;11820365;636;
17.03.2025;09:01:20.438;FBTS SI 20250606 PS;SIMPLE_INSTRUMENT;EFP_FIN;EUR;4;107.11000000;1428;EXCHANGE_LAST;;1;1;XEUR;11820367;639;
17.03.2025;09:02:28.730;FBTS SI 20250606 PS;SIMPLE_INSTRUMENT;EFP_FIN;EUR;5;107.11000000;1428;EXCHANGE_LAST;;1;1;XEUR;11820367;639;
17.03.2025;09:50:00.099;FBTS SI 20250606 PS;SIMPLE_INSTRUMENT;EFP_FIN;EUR;7;107.13000000;1774;EXCHANGE_LAST;;1;1;XEUR;11820367;639;
17.03.2025;11:36:59.291;FBTS SI 20250606 PS;SIMPLE_INSTRUMENT;EFP_FIN;EUR;17;107.13000000;1038;EXCHANGE_LAST;;1;1;XEUR;11820367;639;
17.03.2025;11:40:31.594;FBTS SI 20250606 PS;SIMPLE_INSTRUMENT;EFP_FIN;EUR;18;107.13000000;1349;EXCHANGE_LAST;;1;1;XEUR;11820367;639;
17.03.2025;12:05:34.991;FBTS SI 20250606 PS;SIMPLE_INSTRUMENT;BLOCK;EUR;19;107.12000000;321;EXCHANGE_LAST;;1;1;XEUR;11820367;639;
17.03.2025;12:31:06.490;FBTS SI 20250606 PS;SIMPLE_INSTRUMENT;EFP_FIN;EUR;21;107.15000000;248;EXCHANGE_LAST;;1;1;XEUR;11820367;639;
17.03.2025;12:35:21.947;FBTS SI 20250606 PS;SIMPLE_INSTRUMENT;BLOCK;EUR;22;107.14000000;2571;EXCHANGE_LAST;;1;1;XEUR;11820367;639;
17.03.2025;12:40:00.390;FBTS SI 20250606 PS;SIMPLE_INSTRUMENT;EFP_FIN;EUR;23;107.13000000;970;EXCHANGE_LAST;;1;1;XEUR;11820367;639;
17.03.2025;12:41:46.885;FBTS SI 20250606 PS;SIMPLE_INSTRUMENT;EFP_FIN;EUR;24;107.13000000;476;EXCHANGE_LAST;;1;1;XEUR;11820367;639;
17.03.2025;13:00:55.963;FBTS SI 20250606 PS;SIMPLE_INSTRUMENT;EFP_FIN;EUR;25;107.12000000;1626;EXCHANGE_LAST;;1;1;XEUR;11820367;639;
17.03.2025;13:24:08.790;FBTS SI 20250606 PS;SIMPLE_INSTRUMENT;EFP_FIN;EUR;26;107.12000000;394;EXCHANGE_LAST;;1;1;XEUR;11820367;639;
17.03.2025;14:44:08.800;FBTS SI 20250606 PS;SIMPLE_INSTRUMENT;BLOCK;EUR;30;107.13000000;476;EXCHANGE_LAST;;1;1;XEUR;11820367;639;
17.03.2025;14:49:45.153;FBTS SI 20250606 PS;SIMPLE_INSTRUMENT;BLOCK;EUR;31;107.14000000;570;EXCHANGE_LAST;;1;1;XEUR;11820367;639;
17.03.2025;15:02:53.793;FBTS SI 20250606 PS;SIMPLE_INSTRUMENT;EFP_FIN;EUR;32;107.13000000;309;EXCHANGE_LAST;;1;1;XEUR;11820367;639;
17.03.2025;15:35:39.091;FBTS SI 20250606 PS;SIMPLE_INSTRUMENT;EFP_FIN;EUR;33;107.14000000;1037;EXCHANGE_LAST;;1;1;XEUR;11820367;639;
17.03.2025;16:00:37.659;FBTS SI 20250606 PS;SIMPLE_INSTRUMENT;EFP_FIN;EUR;34;107.16000000;394;EXCHANGE_LAST;;1;1;XEUR;11820367;639;
17.03.2025;16:10:28.861;FBTS SI 20250606 PS;SIMPLE_INSTRUMENT;EFP_FIN;EUR;35;107.15000000;669;EXCHANGE_LAST;;1;1;XEUR;11820367;639;
17.03.2025;13:06:28.195;FCBU SI 20250402 CS;SIMPLE_INSTRUMENT;BLOCK;USD;3;0.17440000;200;EXCHANGE_LAST;;1;1;XEUR;10984561;570870;
17.03.2025;08:14:50.190;FCMU SI 20250616 CS;SIMPLE_INSTRUMENT;BLOCK;USD;1;0.04950000;75;EXCHANGE_LAST;;1;1;XEUR;11855448;570874;
17.03.2025;08:15:15.845;FCZU SI 20250616 CS;SIMPLE_INSTRUMENT;BLOCK;USD;2;0.05445000;100;EXCHANGE_LAST;;1;1;XEUR;11855446;570872;
17.03.2025;14:22:24.518;FD3D SI 20261218 CS;SIMPLE_INSTRUMENT;BLOCK;EUR;165;110.50000000;300;EXCHANGE_LAST;;1;1;XEUR;7158183;588;
17.03.2025;13:23:00.469;FDAX SI 20250321 CS;SIMPLE_INSTRUMENT;EFP_IDX;EUR;1;23050.00000000;200;EXCHANGE_LAST;;1;1;XEUR;7561255;589;
17.03.2025;15:17:47.386;FDAX SI 20250321 CS;SIMPLE_INSTRUMENT;BLOCK;EUR;2;23126.00000000;250;EXCHANGE_LAST;;1;1;XEUR;7561255;589;
17.03.2025;16:51:26.543;FDAX SI 20250321 CS;SIMPLE_INSTRUMENT;EFP_IDX;EUR;3;23160.00000000;17;EXCHANGE_LAST;;1;1;XEUR;7561255;589;
17.03.2025;16:51:53.643;FDAX SI 20250321 CS;SIMPLE_INSTRUMENT;EFP_IDX;EUR;4;23159.00000000;13;EXCHANGE_LAST;;1;1;XEUR;7561255;589;
17.03.2025;16:55:27.375;FDAX SI 20250321 CS;SIMPLE_INSTRUMENT;EFP_IDX;EUR;5;23159.00000000;30;EXCHANGE_LAST;;1;1;XEUR;7561255;589;
17.03.2025;16:55:35.506;FDAX SI 20250321 CS;SIMPLE_INSTRUMENT;EFP_IDX;EUR;6;23160.00000000;40;EXCHANGE_LAST;;1;1;XEUR;7561255;589;
17.03.2025;16:57:32.866;FDAX SI 20250321 CS;SIMPLE_INSTRUMENT;EFP_IDX;EUR;7;23159.00000000;17;EXCHANGE_LAST;;1;1;XEUR;7561255;589;
17.03.2025;16:57:39.318;FDAX SI 20250321 CS;SIMPLE_INSTRUMENT;EFP_IDX;EUR;8;23160.00000000;23;EXCHANGE_LAST;;1;1;XEUR;7561255;589;
17.03.2025;16:58:07.004;FDAX SI 20250321 CS;SIMPLE_INSTRUMENT;EFP_IDX;EUR;9;23159.00000000;17;EXCHANGE_LAST;;1;1;XEUR;7561255;589;
17.03.2025;16:58:16.985;FDAX SI 20250321 CS;SIMPLE_INSTRUMENT;EFP_IDX;EUR;10;23160.00000000;21;EXCHANGE_LAST;;1;1;XEUR;7561255;589;
17.03.2025;11:22:54.227;FDAX SI 20250321 CS;SIMPLE_INSTRUMENT;VOLA;EUR;671088648;23070.00000000;20;EXCHANGE_LAST;;1;1;XEUR;7561255;589;
17.03.2025;11:36:31.962;FDAX SI 20250321 CS;SIMPLE_INSTRUMENT;VOLA;EUR;671088651;23073.00000000;25;EXCHANGE_LAST;;1;1;XEUR;7561255;589;
17.03.2025;11:37:42.677;FDAX SI 20250321 CS;SIMPLE_INSTRUMENT;VOLA;EUR;671088652;23073.00000000;26;EXCHANGE_LAST;;1;1;XEUR;7561255;589;
17.03.2025;12:53:02.711;FDAX SI 20250321 CS;SIMPLE_INSTRUMENT;VOLA;EUR;671088662;23040.00000000;7;EXCHANGE_LAST;;1;1;XEUR;7561255;589;
17.03.2025;16:16:18.682;FDAX SI 20250321 CS;SIMPLE_INSTRUMENT;VOLA;EUR;671088671;23131.00000000;15;EXCHANGE_LAST;;1;1;XEUR;7561255;589;
17.03.2025;09:38:08.034;FEBD SI 20261218 CS;SIMPLE_INSTRUMENT;BLOCK;EUR;49;10.48000000;1000;EXCHANGE_LAST;;1;1;XEUR;7158212;597;
17.03.2025;09:38:10.592;FEBD SI 20271217 CS;SIMPLE_INSTRUMENT;BLOCK;EUR;50;9.80000000;1000;EXCHANGE_LAST;;1;1;XEUR;7776307;597;
17.03.2025;10:15:13.005;FEBD.S.DEC26.DEC27.SPD;FUTURES_SPREAD;BLOCK;EUR;74;0.68000000;578;EXCHANGE_LAST;;1;1;XEUR;72060158133407013;597;
17.03.2025;10:15:13.005;FEBD SI 20271217 CS;SIMPLE_INSTRUMENT;BLOCK;EUR;74;9.80000000;578;PRC_DECOMP_MEMBER;;;;XEUR;7776307;597;MEMBER
17.03.2025;10:15:13.005;FEBD SI 20261218 CS;SIMPLE_INSTRUMENT;BLOCK;EUR;74;10.48000000;578;PRC_DECOMP_MEMBER;;;;XEUR;7158212;597;MEMBER
17.03.2025;12:28:02.529;FEBD SI 20271217 CS;SIMPLE_INSTRUMENT;BLOCK;EUR;146;9.84000000;350;EXCHANGE_LAST;;1;1;XEUR;7776307;597;
17.03.2025;14:07:24.291;FEBD SI 20251219 CS;SIMPLE_INSTRUMENT;BLOCK;EUR;176;11.16000000;570;EXCHANGE_LAST;;1;1;XEUR;5914075;597;
17.03.2025;14:33:07.859;FEBD SI 20271217 CS;SIMPLE_INSTRUMENT;BLOCK;EUR;187;9.84000000;2000;EXCHANGE_LAST;;1;1;XEUR;7776307;597;
17.03.2025;16:30:47.321;FEBD SI 20251219 CS;SIMPLE_INSTRUMENT;BLOCK;EUR;242;11.16000000;200;EXCHANGE_LAST;;1;1;XEUR;5914075;597;
17.03.2025;16:41:03.644;FEBD SI 20251219 CS;SIMPLE_INSTRUMENT;BLOCK;EUR;244;11.16000000;500;EXCHANGE_LAST;;1;1;XEUR;5914075;597;
17.03.2025;08:29:02.440;FECX SI 20250620 CS;SIMPLE_INSTRUMENT;BLOCK;EUR;4;165.32000000;557;EXCHANGE_LAST;;1;1;XEUR;11949125;410158;
17.03.2025;12:49:15.788;FECX.S.MAR25.JUN25.SPD;FUTURES_SPREAD;BLOCK;EUR;154;-0.94000000;133;EXCHANGE_LAST;;1;1;XEUR;73819209234120730;410158;
17.03.2025;12:49:15.788;FECX SI 20250321 CS;SIMPLE_INSTRUMENT;BLOCK;EUR;154;164.50000000;133;PRC_DECOMP_MEMBER;;;;XEUR;11427948;410158;MEMBER
17.03.2025;12:49:15.788;FECX SI 20250620 CS;SIMPLE_INSTRUMENT;BLOCK;EUR;154;165.44000000;133;PRC_DECOMP_MEMBER;;;;XEUR;11949125;410158;MEMBER
17.03.2025;15:05:23.957;FECX SI 20250321 CS;SIMPLE_INSTRUMENT;BLOCK;EUR;200;164.63000000;318;EXCHANGE_LAST;;1;1;XEUR;11427948;410158;
17.03.2025;15:05:09.223;FECX SI 20250620 CS;SIMPLE_INSTRUMENT;BLOCK;EUR;201;165.75000000;318;EXCHANGE_LAST;;1;1;XEUR;11949125;410158;
17.03.2025;16:01:02.164;FECX SI 20250321 CS;SIMPLE_INSTRUMENT;BLOCK;EUR;232;164.67000000;80;EXCHANGE_LAST;;1;1;XEUR;11427948;410158;
17.03.2025;08:54:57.606;FEDV SI 20250321 CS;SIMPLE_INSTRUMENT;BLOCK;EUR;18;1910.00000000;1000;EXCHANGE_LAST;;1;1;XEUR;11359068;596;
17.03.2025;08:54:57.668;FEDV SI 20250620 CS;SIMPLE_INSTRUMENT;BLOCK;EUR;19;1856.50000000;700;EXCHANGE_LAST;;1;1;XEUR;11880642;596;
17.03.2025;08:54:57.627;FEDV SI 20250620 CS;SIMPLE_INSTRUMENT;BLOCK;EUR;20;1857.00000000;300;EXCHANGE_LAST;;1;1;XEUR;11880642;596;
17.03.2025;09:01:51.292;FEDV.S.MAR25.JUN25.SPD;FUTURES_SPREAD;BLOCK;EUR;25;53.40000000;1800;EXCHANGE_LAST;;1;1;XEUR;72060153838436446;596;
17.03.2025;09:01:51.292;FEDV SI 20250321 CS;SIMPLE_INSTRUMENT;BLOCK;EUR;25;1910.00000000;1800;PRC_DECOMP_MEMBER;;;;XEUR;11359068;596;MEMBER
17.03.2025;09:01:51.292;FEDV SI 20250620 CS;SIMPLE_INSTRUMENT;BLOCK;EUR;25;1856.60000000;1800;PRC_DECOMP_MEMBER;;;;XEUR;11880642;596;MEMBER
17.03.2025;09:23:14.857;FEDV.S.MAR25.JUN25.SPD;FUTURES_SPREAD;BLOCK;EUR;39;53.50000000;5000;EXCHANGE_LAST;;1;1;XEUR;72060153838436446;596;
17.03.2025;09:23:14.857;FEDV SI 20250321 CS;SIMPLE_INSTRUMENT;BLOCK;EUR;39;1907.00000000;5000;PRC_DECOMP_EXCHANGE;;;;XEUR;11359068;596;EXCHANGE
17.03.2025;09:23:14.857;FEDV SI 20250620 CS;SIMPLE_INSTRUMENT;BLOCK;EUR;39;1853.50000000;5000;PRC_DECOMP_EXCHANGE;;;;XEUR;11880642;596;EXCHANGE
17.03.2025;09:23:53.458;FEDV.S.MAR25.JUN25.SPD;FUTURES_SPREAD;BLOCK;EUR;40;53.50000000;500;EXCHANGE_LAST;;1;1;XEUR;72060153838436446;596;
17.03.2025;09:23:53.458;FEDV SI 20250321 CS;SIMPLE_INSTRUMENT;BLOCK;EUR;40;1910.00000000;500;PRC_DECOMP_MEMBER;;;;XEUR;11359068;596;MEMBER
17.03.2025;09:23:53.458;FEDV SI 20250620 CS;SIMPLE_INSTRUMENT;BLOCK;EUR;40;1856.50000000;500;PRC_DECOMP_MEMBER;;;;XEUR;11880642;596;MEMBER
17.03.2025;09:25:20.749;FEDV.S.MAR25.JUN25.SPD;FUTURES_SPREAD;BLOCK;EUR;42;53.60000000;500;EXCHANGE_LAST;;1;1;XEUR;72060153838436446;596;
17.03.2025;09:25:20.749;FEDV SI 20250620 CS;SIMPLE_INSTRUMENT;BLOCK;EUR;42;1856.40000000;500;PRC_DECOMP_MEMBER;;;;XEUR;11880642;596;MEMBER
17.03.2025;09:25:20.749;FEDV SI 20250321 CS;SIMPLE_INSTRUMENT;BLOCK;EUR;42;1910.00000000;500;PRC_DECOMP_MEMBER;;;;XEUR;11359068;596;MEMBER
17.03.2025;09:25:34.896;FEDV.S.MAR25.JUN25.SPD;FUTURES_SPREAD;BLOCK;EUR;44;53.50000000;3000;EXCHANGE_LAST;;1;1;XEUR;72060153838436446;596;
17.03.2025;09:25:34.896;FEDV SI 20250620 CS;SIMPLE_INSTRUMENT;BLOCK;EUR;44;1852.00000000;3000;PRC_DECOMP_MEMBER;;;;XEUR;11880642;596;MEMBER
17.03.2025;09:25:34.896;FEDV SI 20250321 CS;SIMPLE_INSTRUMENT;BLOCK;EUR;44;1905.50000000;3000;PRC_DECOMP_MEMBER;;;;XEUR;11359068;596;MEMBER
17.03.2025;09:35:26.276;FEDV.S.MAR25.JUN25.SPD;FUTURES_SPREAD;BLOCK;EUR;46;53.50000000;500;EXCHANGE_LAST;;1;1;XEUR;72060153838436446;596;
17.03.2025;09:35:26.276;FEDV SI 20250620 CS;SIMPLE_INSTRUMENT;BLOCK;EUR;46;1856.50000000;500;PRC_DECOMP_MEMBER;;;;XEUR;11880642;596;MEMBER
17.03.2025;09:35:26.276;FEDV SI 20250321 CS;SIMPLE_INSTRUMENT;BLOCK;EUR;46;1910.00000000;500;PRC_DECOMP_MEMBER;;;;XEUR;11359068;596;MEMBER
17.03.2025;09:35:34.523;FEDV.S.MAR25.JUN25.SPD;FUTURES_SPREAD;BLOCK;EUR;47;53.60000000;500;EXCHANGE_LAST;;1;1;XEUR;72060153838436446;596;
17.03.2025;09:35:34.523;FEDV SI 20250321 CS;SIMPLE_INSTRUMENT;BLOCK;EUR;47;1910.00000000;500;PRC_DECOMP_MEMBER;;;;XEUR;11359068;596;MEMBER
17.03.2025;09:35:34.523;FEDV SI 20250620 CS;SIMPLE_INSTRUMENT;BLOCK;EUR;47;1856.40000000;500;PRC_DECOMP_MEMBER;;;;XEUR;11880642;596;MEMBER
17.03.2025;09:36:05.999;FEDV.S.MAR25.JUN25.SPD;FUTURES_SPREAD;BLOCK;EUR;48;53.50000000;8850;EXCHANGE_LAST;;1;1;XEUR;72060153838436446;596;
17.03.2025;09:36:05.999;FEDV SI 20250321 CS;SIMPLE_INSTRUMENT;BLOCK;EUR;48;1907.50000000;8850;PRC_DECOMP_EXCHANGE;;;;XEUR;11359068;596;EXCHANGE
17.03.2025;09:36:05.999;FEDV SI 20250620 CS;SIMPLE_INSTRUMENT;BLOCK;EUR;48;1854.00000000;8850;PRC_DECOMP_EXCHANGE;;;;XEUR;11880642;596;EXCHANGE
17.03.2025;09:55:20.325;FEDV.S.MAR25.JUN25.SPD;FUTURES_SPREAD;BLOCK;EUR;64;53.50000000;1400;EXCHANGE_LAST;;1;1;XEUR;72060153838436446;596;
17.03.2025;09:55:20.325;FEDV SI 20250321 CS;SIMPLE_INSTRUMENT;BLOCK;EUR;64;1910.00000000;1400;PRC_DECOMP_MEMBER;;;;XEUR;11359068;596;MEMBER
17.03.2025;09:55:20.325;FEDV SI 20250620 CS;SIMPLE_INSTRUMENT;BLOCK;EUR;64;1856.50000000;1400;PRC_DECOMP_MEMBER;;;;XEUR;11880642;596;MEMBER
17.03.2025;10:07:59.579;FEDV.S.MAR25.JUN25.SPD;FUTURES_SPREAD;BLOCK;EUR;69;53.60000000;900;EXCHANGE_LAST;;1;1;XEUR;72060153838436446;596;
17.03.2025;10:07:59.579;FEDV SI 20250321 CS;SIMPLE_INSTRUMENT;BLOCK;EUR;69;1907.60000000;900;PRC_DECOMP_MEMBER;;;;XEUR;11359068;596;MEMBER
17.03.2025;10:07:59.579;FEDV SI 20250620 CS;SIMPLE_INSTRUMENT;BLOCK;EUR;69;1854.00000000;900;PRC_DECOMP_MEMBER;;;;XEUR;11880642;596;MEMBER
17.03.2025;10:39:44.901;FEDV SI 20250321 CS;SIMPLE_INSTRUMENT;BLOCK;EUR;100;1910.00000000;1500;EXCHANGE_LAST;;1;1;XEUR;11359068;596;
17.03.2025;12:01:20.927;FEDV SI 20250321 CS;SIMPLE_INSTRUMENT;BLOCK;EUR;134;1910.00000000;3000;EXCHANGE_LAST;;1;1;XEUR;11359068;596;
17.03.2025;12:07:05.143;FEDV SI 20250321 CS;SIMPLE_INSTRUMENT;BLOCK;EUR;139;1912.00000000;3000;EXCHANGE_LAST;;1;1;XEUR;11359068;596;
17.03.2025;12:10:54.327;FEDV.S.MAR25.JUN25.SPD;FUTURES_SPREAD;BLOCK;EUR;140;53.10000000;1213;EXCHANGE_LAST;;1;1;XEUR;72060153838436446;596;
17.03.2025;12:10:54.327;FEDV SI 20250321 CS;SIMPLE_INSTRUMENT;BLOCK;EUR;140;1910.10000000;1213;PRC_DECOMP_EXCHANGE;;;;XEUR;11359068;596;EXCHANGE
17.03.2025;12:10:54.327;FEDV SI 20250620 CS;SIMPLE_INSTRUMENT;BLOCK;EUR;140;1857.00000000;1213;PRC_DECOMP_EXCHANGE;;;;XEUR;11880642;596;EXCHANGE
17.03.2025;12:15:09.948;FEDV.S.MAR25.JUN25.SPD;FUTURES_SPREAD;BLOCK;EUR;141;53.30000000;3000;EXCHANGE_LAST;;1;1;XEUR;72060153838436446;596;
17.03.2025;12:15:09.948;FEDV SI 20250321 CS;SIMPLE_INSTRUMENT;BLOCK;EUR;141;1910.00000000;3000;PRC_DECOMP_MEMBER;;;;XEUR;11359068;596;MEMBER
17.03.2025;12:15:09.948;FEDV SI 20250620 CS;SIMPLE_INSTRUMENT;BLOCK;EUR;141;1856.70000000;3000;PRC_DECOMP_MEMBER;;;;XEUR;11880642;596;MEMBER
17.03.2025;12:22:03.235;FEDV.S.MAR25.JUN25.SPD;FUTURES_SPREAD;BLOCK;EUR;142;53.30000000;2400;EXCHANGE_LAST;;1;1;XEUR;72060153838436446;596;
17.03.2025;12:22:03.235;FEDV SI 20250620 CS;SIMPLE_INSTRUMENT;BLOCK;EUR;142;1856.70000000;2400;PRC_DECOMP_MEMBER;;;;XEUR;11880642;596;MEMBER
17.03.2025;12:22:03.235;FEDV SI 20250321 CS;SIMPLE_INSTRUMENT;BLOCK;EUR;142;1910.00000000;2400;PRC_DECOMP_MEMBER;;;;XEUR;11359068;596;MEMBER
17.03.2025;12:34:48.680;FEDV.S.MAR25.JUN25.SPD;FUTURES_SPREAD;BLOCK;EUR;147;53.10000000;671;EXCHANGE_LAST;;1;1;XEUR;72060153838436446;596;
17.03.2025;12:34:48.680;FEDV SI 20250620 CS;SIMPLE_INSTRUMENT;BLOCK;EUR;147;1859.50000000;671;PRC_DECOMP_EXCHANGE;;;;XEUR;11880642;596;EXCHANGE
17.03.2025;12:34:48.680;FEDV SI 20250321 CS;SIMPLE_INSTRUMENT;BLOCK;EUR;147;1912.60000000;671;PRC_DECOMP_EXCHANGE;;;;XEUR;11359068;596;EXCHANGE
17.03.2025;12:48:57.607;FEDV.S.MAR25.JUN25.SPD;FUTURES_SPREAD;BLOCK;EUR;151;53.30000000;3500;EXCHANGE_LAST;;1;1;XEUR;72060153838436446;596;
17.03.2025;12:48:57.607;FEDV SI 20250620 CS;SIMPLE_INSTRUMENT;BLOCK;EUR;151;1859.50000000;3500;PRC_DECOMP_EXCHANGE;;;;XEUR;11880642;596;EXCHANGE
17.03.2025;12:48:57.607;FEDV SI 20250321 CS;SIMPLE_INSTRUMENT;BLOCK;EUR;151;1912.80000000;3500;PRC_DECOMP_EXCHANGE;;;;XEUR;11359068;596;EXCHANGE
17.03.2025;14:18:17.773;FEDV.S.MAR25.JUN25.SPD;FUTURES_SPREAD;BLOCK;EUR;178;53.20000000;2000;EXCHANGE_LAST;;1;1;XEUR;72060153838436446;596;
17.03.2025;14:18:17.773;FEDV SI 20250620 CS;SIMPLE_INSTRUMENT;BLOCK;EUR;178;1864.50000000;2000;PRC_DECOMP_EXCHANGE;;;;XEUR;11880642;596;EXCHANGE
17.03.2025;14:18:17.773;FEDV SI 20250321 CS;SIMPLE_INSTRUMENT;BLOCK;EUR;178;1917.70000000;2000;PRC_DECOMP_EXCHANGE;;;;XEUR;11359068;596;EXCHANGE
17.03.2025;14:56:41.177;FEDV.S.MAR25.JUN25.SPD;FUTURES_SPREAD;BLOCK;EUR;194;53.30000000;4000;EXCHANGE_LAST;;1;1;XEUR;72060153838436446;596;
17.03.2025;14:56:41.177;FEDV SI 20250620 CS;SIMPLE_INSTRUMENT;BLOCK;EUR;194;1863.00000000;4000;PRC_DECOMP_EXCHANGE;;;;XEUR;11880642;596;EXCHANGE
17.03.2025;14:56:41.177;FEDV SI 20250321 CS;SIMPLE_INSTRUMENT;BLOCK;EUR;194;1916.30000000;4000;PRC_DECOMP_EXCHANGE;;;;XEUR;11359068;596;EXCHANGE
17.03.2025;14:57:15.949;FEDV.S.MAR25.JUN25.SPD;FUTURES_SPREAD;BLOCK;EUR;197;53.30000000;5000;EXCHANGE_LAST;;1;1;XEUR;72060153838436446;596;
17.03.2025;14:57:15.949;FEDV SI 20250620 CS;SIMPLE_INSTRUMENT;BLOCK;EUR;197;1862.70000000;5000;PRC_DECOMP_MEMBER;;;;XEUR;11880642;596;MEMBER
17.03.2025;14:57:15.949;FEDV SI 20250321 CS;SIMPLE_INSTRUMENT;BLOCK;EUR;197;1916.00000000;5000;PRC_DECOMP_MEMBER;;;;XEUR;11359068;596;MEMBER
17.03.2025;15:19:15.757;FEDV SI 20250321 CS;SIMPLE_INSTRUMENT;BLOCK;EUR;205;1917.00000000;3000;EXCHANGE_LAST;;1;1;XEUR;11359068;596;
17.03.2025;15:11:17.380;FEDV SI 20250321 CS;SIMPLE_INSTRUMENT;BLOCK;EUR;207;1917.00000000;1000;EXCHANGE_LAST;;1;1;XEUR;11359068;596;
17.03.2025;15:13:26.785;FEDV SI 20250321 CS;SIMPLE_INSTRUMENT;BLOCK;EUR;209;1917.00000000;1000;EXCHANGE_LAST;;1;1;XEUR;11359068;596;
17.03.2025;15:58:05.636;FEDV SI 20250321 CS;SIMPLE_INSTRUMENT;BLOCK;EUR;229;1915.00000000;1300;EXCHANGE_LAST;;1;1;XEUR;11359068;596;
17.03.2025;15:58:31.967;FEDV SI 20250620 CS;SIMPLE_INSTRUMENT;BLOCK;EUR;230;1861.50000000;390;EXCHANGE_LAST;;1;1;XEUR;11880642;596;
17.03.2025;15:58:46.144;FEDV SI 20250620 CS;SIMPLE_INSTRUMENT;BLOCK;EUR;231;1862.00000000;910;EXCHANGE_LAST;;1;1;XEUR;11880642;596;
17.03.2025;16:49:18.915;FEDV SI 20250321 CS;SIMPLE_INSTRUMENT;BLOCK;EUR;259;1916.00000000;140;EXCHANGE_LAST;;1;1;XEUR;11359068;596;
17.03.2025;16:50:52.528;FEDV SI 20250321 CS;SIMPLE_INSTRUMENT;BLOCK;EUR;260;1915.00000000;860;EXCHANGE_LAST;;1;1;XEUR;11359068;596;
17.03.2025;11:19:57.066;FEHY.S.MAR25.JUN25.SPD;FUTURES_SPREAD;BLOCK;EUR;124;-1.90000000;281;EXCHANGE_LAST;;1;1;XEUR;74523107129294866;574047;
17.03.2025;11:19:57.066;FEHY SI 20250321 CS;SIMPLE_INSTRUMENT;BLOCK;EUR;124;295.50000000;281;PRC_DECOMP_MEMBER;;;;XEUR;11428365;574047;MEMBER
17.03.2025;11:19:57.066;FEHY SI 20250620 CS;SIMPLE_INSTRUMENT;BLOCK;EUR;124;297.40000000;281;PRC_DECOMP_MEMBER;;;;XEUR;11949378;574047;MEMBER
17.03.2025;15:22:15.441;FEHY.S.MAR25.JUN25.SPD;FUTURES_SPREAD;BLOCK;EUR;218;-1.86000000;150;EXCHANGE_LAST;;1;1;XEUR;74523107129294866;574047;
17.03.2025;15:22:15.441;FEHY SI 20250321 CS;SIMPLE_INSTRUMENT;BLOCK;EUR;218;295.80000000;150;PRC_DECOMP_MEMBER;;;;XEUR;11428365;574047;MEMBER
17.03.2025;15:22:15.441;FEHY SI 20250620 CS;SIMPLE_INSTRUMENT;BLOCK;EUR;218;297.66000000;150;PRC_DECOMP_MEMBER;;;;XEUR;11949378;574047;MEMBER
17.03.2025;16:13:51.994;FES1 SI 20250321 PS;SIMPLE_INSTRUMENT;BLOCK;EUR;238;-3.50000000;1900;EXCHANGE_LAST;;1;1;XEUR;11391470;58959;
17.03.2025;16:17:36.425;FES1 SI 20250321 PS;SIMPLE_INSTRUMENT;BLOCK;EUR;240;-3.50000000;1900;EXCHANGE_LAST;;1;1;XEUR;11391470;58959;
17.03.2025;08:09:01.993;FESB.S.MAR25.JUN25.SPD;FUTURES_SPREAD;BLOCK;EUR;127;4.66000000;3502;EXCHANGE_LAST;;1;1;XEUR;72060192493142110;605;
17.03.2025;08:09:01.993;FESB SI 20250620 CS;SIMPLE_INSTRUMENT;BLOCK;EUR;127;185.24000000;3502;PRC_DECOMP_MEMBER;;;;XEUR;11880665;605;MEMBER
17.03.2025;08:09:01.993;FESB SI 20250321 CS;SIMPLE_INSTRUMENT;BLOCK;EUR;127;189.90000000;3502;PRC_DECOMP_MEMBER;;;;XEUR;11359072;605;MEMBER
17.03.2025;08:09:01.983;FESB.S.MAR25.JUN25.SPD;FUTURES_SPREAD;BLOCK;EUR;128;4.68000000;3502;EXCHANGE_LAST;;1;1;XEUR;72060192493142110;605;
17.03.2025;08:09:01.983;FESB SI 20250321 CS;SIMPLE_INSTRUMENT;BLOCK;EUR;128;189.90000000;3502;PRC_DECOMP_MEMBER;;;;XEUR;11359072;605;MEMBER
17.03.2025;08:09:01.983;FESB SI 20250620 CS;SIMPLE_INSTRUMENT;BLOCK;EUR;128;185.22000000;3502;PRC_DECOMP_MEMBER;;;;XEUR;11880665;605;MEMBER
17.03.2025;09:05:47.102;FESB.S.MAR25.JUN25.SPD;FUTURES_SPREAD;BLOCK;EUR;166;4.60000000;2825;EXCHANGE_LAST;;1;1;XEUR;72060192493142110;605;
17.03.2025;09:05:47.102;FESB SI 20250321 CS;SIMPLE_INSTRUMENT;BLOCK;EUR;166;191.35000000;2825;PRC_DECOMP_EXCHANGE;;;;XEUR;11359072;605;EXCHANGE
17.03.2025;09:05:47.102;FESB SI 20250620 CS;SIMPLE_INSTRUMENT;BLOCK;EUR;166;186.75000000;2825;PRC_DECOMP_EXCHANGE;;;;XEUR;11880665;605;EXCHANGE
17.03.2025;09:05:50.904;FESB.S.MAR25.JUN25.SPD;FUTURES_SPREAD;BLOCK;EUR;167;4.70000000;2825;EXCHANGE_LAST;;1;1;XEUR;72060192493142110;605;
17.03.2025;09:05:50.904;FESB SI 20250321 CS;SIMPLE_INSTRUMENT;BLOCK;EUR;167;191.45000000;2825;PRC_DECOMP_EXCHANGE;;;;XEUR;11359072;605;EXCHANGE
17.03.2025;09:05:50.904;FESB SI 20250620 CS;SIMPLE_INSTRUMENT;BLOCK;EUR;167;186.75000000;2825;PRC_DECOMP_EXCHANGE;;;;XEUR;11880665;605;EXCHANGE
17.03.2025;09:09:40.514;FESB SI 20250321 CS;SIMPLE_INSTRUMENT;BLOCK;EUR;172;191.35000000;2750;EXCHANGE_LAST;;1;1;XEUR;11359072;605;
17.03.2025;09:10:19.147;FESB SI 20250620 CS;SIMPLE_INSTRUMENT;BLOCK;EUR;173;186.70000000;2750;EXCHANGE_LAST;;1;1;XEUR;11880665;605;
17.03.2025;09:16:34.549;FESB.S.MAR25.JUN25.SPD;FUTURES_SPREAD;BLOCK;EUR;174;4.66000000;9000;EXCHANGE_LAST;;1;1;XEUR;72060192493142110;605;
17.03.2025;09:16:34.549;FESB SI 20250620 CS;SIMPLE_INSTRUMENT;BLOCK;EUR;174;186.74000000;9000;PRC_DECOMP_MEMBER;;;;XEUR;11880665;605;MEMBER
17.03.2025;09:16:34.549;FESB SI 20250321 CS;SIMPLE_INSTRUMENT;BLOCK;EUR;174;191.40000000;9000;PRC_DECOMP_MEMBER;;;;XEUR;11359072;605;MEMBER
17.03.2025;09:29:55.378;FESB.S.MAR25.JUN25.SPD;FUTURES_SPREAD;BLOCK;EUR;185;4.66000000;3000;EXCHANGE_LAST;;1;1;XEUR;72060192493142110;605;
17.03.2025;09:29:55.378;FESB SI 20250620 CS;SIMPLE_INSTRUMENT;BLOCK;EUR;185;186.24000000;3000;PRC_DECOMP_MEMBER;;;;XEUR;11880665;605;MEMBER
17.03.2025;09:29:55.378;FESB SI 20250321 CS;SIMPLE_INSTRUMENT;BLOCK;EUR;185;190.90000000;3000;PRC_DECOMP_MEMBER;;;;XEUR;11359072;605;MEMBER
17.03.2025;09:39:40.588;FESB.S.MAR25.JUN25.SPD;FUTURES_SPREAD;BLOCK;EUR;192;4.66000000;4000;EXCHANGE_LAST;;1;1;XEUR;72060192493142110;605;
17.03.2025;09:39:40.588;FESB SI 20250620 CS;SIMPLE_INSTRUMENT;BLOCK;EUR;192;186.74000000;4000;PRC_DECOMP_MEMBER;;;;XEUR;11880665;605;MEMBER
17.03.2025;09:39:40.588;FESB SI 20250321 CS;SIMPLE_INSTRUMENT;BLOCK;EUR;192;191.40000000;4000;PRC_DECOMP_MEMBER;;;;XEUR;11359072;605;MEMBER
17.03.2025;10:22:54.546;FESB.S.MAR25.JUN25.SPD;FUTURES_SPREAD;BLOCK;EUR;242;4.66000000;10000;EXCHANGE_LAST;;1;1;XEUR;72060192493142110;605;
17.03.2025;10:22:54.546;FESB SI 20250620 CS;SIMPLE_INSTRUMENT;BLOCK;EUR;242;186.64000000;10000;PRC_DECOMP_MEMBER;;;;XEUR;11880665;605;MEMBER
17.03.2025;10:22:54.546;FESB SI 20250321 CS;SIMPLE_INSTRUMENT;BLOCK;EUR;242;191.30000000;10000;PRC_DECOMP_MEMBER;;;;XEUR;11359072;605;MEMBER
17.03.2025;11:20:32.294;FESB.S.MAR25.JUN25.SPD;FUTURES_SPREAD;BLOCK;EUR;273;4.64000000;9850;EXCHANGE_LAST;;1;1;XEUR;72060192493142110;605;
17.03.2025;11:20:32.294;FESB SI 20250620 CS;SIMPLE_INSTRUMENT;BLOCK;EUR;273;187.30000000;9850;PRC_DECOMP_EXCHANGE;;;;XEUR;11880665;605;EXCHANGE
17.03.2025;11:20:32.294;FESB SI 20250321 CS;SIMPLE_INSTRUMENT;BLOCK;EUR;273;191.94000000;9850;PRC_DECOMP_EXCHANGE;;;;XEUR;11359072;605;EXCHANGE
17.03.2025;11:20:29.293;FESB.S.MAR25.JUN25.SPD;FUTURES_SPREAD;BLOCK;EUR;274;4.68000000;16416;EXCHANGE_LAST;;1;1;XEUR;72060192493142110;605;
17.03.2025;11:20:29.293;FESB SI 20250321 CS;SIMPLE_INSTRUMENT;BLOCK;EUR;274;191.98000000;16416;PRC_DECOMP_EXCHANGE;;;;XEUR;11359072;605;EXCHANGE
17.03.2025;11:20:29.293;FESB SI 20250620 CS;SIMPLE_INSTRUMENT;BLOCK;EUR;274;187.30000000;16416;PRC_DECOMP_EXCHANGE;;;;XEUR;11880665;605;EXCHANGE
17.03.2025;11:29:21.862;FESB.S.MAR25.JUN25.SPD;FUTURES_SPREAD;BLOCK;EUR;280;4.66000000;2000;EXCHANGE_LAST;;1;1;XEUR;72060192493142110;605;
17.03.2025;11:29:21.862;FESB SI 20250620 CS;SIMPLE_INSTRUMENT;BLOCK;EUR;280;187.10000000;2000;PRC_DECOMP_EXCHANGE;;;;XEUR;11880665;605;EXCHANGE
17.03.2025;11:29:21.862;FESB SI 20250321 CS;SIMPLE_INSTRUMENT;BLOCK;EUR;280;191.76000000;2000;PRC_DECOMP_EXCHANGE;;;;XEUR;11359072;605;EXCHANGE
17.03.2025;11:29:24.342;FESB.S.MAR25.JUN25.SPD;FUTURES_SPREAD;BLOCK;EUR;282;4.64000000;2000;EXCHANGE_LAST;;1;1;XEUR;72060192493142110;605;
17.03.2025;11:29:24.342;FESB SI 20250620 CS;SIMPLE_INSTRUMENT;BLOCK;EUR;282;187.10000000;2000;PRC_DECOMP_EXCHANGE;;;;XEUR;11880665;605;EXCHANGE
17.03.2025;11:29:24.342;FESB SI 20250321 CS;SIMPLE_INSTRUMENT;BLOCK;EUR;282;191.74000000;2000;PRC_DECOMP_EXCHANGE;;;;XEUR;11359072;605;EXCHANGE
17.03.2025;11:31:52.520;FESB.S.MAR25.JUN25.SPD;FUTURES_SPREAD;BLOCK;EUR;285;4.64000000;5000;EXCHANGE_LAST;;1;1;XEUR;72060192493142110;605;
17.03.2025;11:31:52.520;FESB SI 20250620 CS;SIMPLE_INSTRUMENT;BLOCK;EUR;285;187.06000000;5000;PRC_DECOMP_MEMBER;;;;XEUR;11880665;605;MEMBER
17.03.2025;11:31:52.520;FESB SI 20250321 CS;SIMPLE_INSTRUMENT;BLOCK;EUR;285;191.70000000;5000;PRC_DECOMP_MEMBER;;;;XEUR;11359072;605;MEMBER
17.03.2025;11:32:09.737;FESB.S.MAR25.JUN25.SPD;FUTURES_SPREAD;BLOCK;EUR;286;4.66000000;5000;EXCHANGE_LAST;;1;1;XEUR;72060192493142110;605;
17.03.2025;11:32:09.737;FESB SI 20250321 CS;SIMPLE_INSTRUMENT;BLOCK;EUR;286;191.70000000;5000;PRC_DECOMP_MEMBER;;;;XEUR;11359072;605;MEMBER
17.03.2025;11:32:09.737;FESB SI 20250620 CS;SIMPLE_INSTRUMENT;BLOCK;EUR;286;187.04000000;5000;PRC_DECOMP_MEMBER;;;;XEUR;11880665;605;MEMBER
17.03.2025;11:58:34.172;FESB.S.MAR25.JUN25.SPD;FUTURES_SPREAD;BLOCK;EUR;306;4.64000000;2000;EXCHANGE_LAST;;1;1;XEUR;72060192493142110;605;
17.03.2025;11:58:34.172;FESB SI 20250321 CS;SIMPLE_INSTRUMENT;BLOCK;EUR;306;191.60000000;2000;PRC_DECOMP_MEMBER;;;;XEUR;11359072;605;MEMBER
17.03.2025;11:58:34.172;FESB SI 20250620 CS;SIMPLE_INSTRUMENT;BLOCK;EUR;306;186.96000000;2000;PRC_DECOMP_MEMBER;;;;XEUR;11880665;605;MEMBER
17.03.2025;11:58:36.150;FESB.S.MAR25.JUN25.SPD;FUTURES_SPREAD;BLOCK;EUR;307;4.66000000;2000;EXCHANGE_LAST;;1;1;XEUR;72060192493142110;605;
17.03.2025;11:58:36.150;FESB SI 20250321 CS;SIMPLE_INSTRUMENT;BLOCK;EUR;307;191.60000000;2000;PRC_DECOMP_MEMBER;;;;XEUR;11359072;605;MEMBER
17.03.2025;11:58:36.150;FESB SI 20250620 CS;SIMPLE_INSTRUMENT;BLOCK;EUR;307;186.94000000;2000;PRC_DECOMP_MEMBER;;;;XEUR;11880665;605;MEMBER
17.03.2025;12:00:25.092;FESB SI 20250321 CS;SIMPLE_INSTRUMENT;BLOCK;EUR;308;191.60000000;5940;EXCHANGE_LAST;;1;1;XEUR;11359072;605;
17.03.2025;12:24:00.665;FESB.S.MAR25.JUN25.SPD;FUTURES_SPREAD;BLOCK;EUR;318;4.66000000;23759;EXCHANGE_LAST;;1;1;XEUR;72060192493142110;605;
17.03.2025;12:24:00.665;FESB SI 20250321 CS;SIMPLE_INSTRUMENT;BLOCK;EUR;318;190.40000000;23759;PRC_DECOMP_MEMBER;;;;XEUR;11359072;605;MEMBER
17.03.2025;12:24:00.665;FESB SI 20250620 CS;SIMPLE_INSTRUMENT;BLOCK;EUR;318;185.74000000;23759;PRC_DECOMP_MEMBER;;;;XEUR;11880665;605;MEMBER
17.03.2025;12:35:56.874;FESB SI 20250321 CS;SIMPLE_INSTRUMENT;BLOCK;EUR;319;191.50000000;19600;EXCHANGE_LAST;;1;1;XEUR;11359072;605;
17.03.2025;12:37:42.036;FESB.S.MAR25.JUN25.SPD;FUTURES_SPREAD;BLOCK;EUR;320;4.64000000;3500;EXCHANGE_LAST;;1;1;XEUR;72060192493142110;605;
17.03.2025;12:37:42.036;FESB SI 20250620 CS;SIMPLE_INSTRUMENT;BLOCK;EUR;320;187.70000000;3500;PRC_DECOMP_EXCHANGE;;;;XEUR;11880665;605;EXCHANGE
17.03.2025;12:37:42.036;FESB SI 20250321 CS;SIMPLE_INSTRUMENT;BLOCK;EUR;320;192.34000000;3500;PRC_DECOMP_EXCHANGE;;;;XEUR;11359072;605;EXCHANGE
17.03.2025;12:37:42.357;FESB.S.MAR25.JUN25.SPD;FUTURES_SPREAD;BLOCK;EUR;321;4.66000000;3500;EXCHANGE_LAST;;1;1;XEUR;72060192493142110;605;
17.03.2025;12:37:42.357;FESB SI 20250620 CS;SIMPLE_INSTRUMENT;BLOCK;EUR;321;187.65000000;3500;PRC_DECOMP_EXCHANGE;;;;XEUR;11880665;605;EXCHANGE
17.03.2025;12:37:42.357;FESB SI 20250321 CS;SIMPLE_INSTRUMENT;BLOCK;EUR;321;192.31000000;3500;PRC_DECOMP_EXCHANGE;;;;XEUR;11359072;605;EXCHANGE
17.03.2025;12:52:10.881;FESB.S.MAR25.JUN25.SPD;FUTURES_SPREAD;BLOCK;EUR;329;4.64000000;3000;EXCHANGE_LAST;;1;1;XEUR;72060192493142110;605;
17.03.2025;12:52:10.881;FESB SI 20250321 CS;SIMPLE_INSTRUMENT;BLOCK;EUR;329;192.30000000;3000;PRC_DECOMP_MEMBER;;;;XEUR;11359072;605;MEMBER
17.03.2025;12:52:10.881;FESB SI 20250620 CS;SIMPLE_INSTRUMENT;BLOCK;EUR;329;187.66000000;3000;PRC_DECOMP_MEMBER;;;;XEUR;11880665;605;MEMBER
17.03.2025;12:52:28.641;FESB.S.MAR25.JUN25.SPD;FUTURES_SPREAD;BLOCK;EUR;330;4.66000000;3000;EXCHANGE_LAST;;1;1;XEUR;72060192493142110;605;
17.03.2025;12:52:28.641;FESB SI 20250620 CS;SIMPLE_INSTRUMENT;BLOCK;EUR;330;187.64000000;3000;PRC_DECOMP_MEMBER;;;;XEUR;11880665;605;MEMBER
17.03.2025;12:52:28.641;FESB SI 20250321 CS;SIMPLE_INSTRUMENT;BLOCK;EUR;330;192.30000000;3000;PRC_DECOMP_MEMBER;;;;XEUR;11359072;605;MEMBER
17.03.2025;13:20:12.503;FESB SI 20250321 CS;SIMPLE_INSTRUMENT;BLOCK;EUR;346;192.00000000;7000;EXCHANGE_LAST;;1;1;XEUR;11359072;605;
17.03.2025;13:21:02.615;FESB SI 20250321 CS;SIMPLE_INSTRUMENT;BLOCK;EUR;347;192.00000000;5000;EXCHANGE_LAST;;1;1;XEUR;11359072;605;
17.03.2025;13:23:32.907;FESB SI 20250321 CS;SIMPLE_INSTRUMENT;EFP_IDX;EUR;348;192.00000000;1000;EXCHANGE_LAST;;1;1;XEUR;11359072;605;
17.03.2025;13:33:05.241;FESB SI 20250321 CS;SIMPLE_INSTRUMENT;BLOCK;EUR;358;192.00000000;23000;EXCHANGE_LAST;;1;1;XEUR;11359072;605;
17.03.2025;13:33:09.301;FESB.S.MAR25.JUN25.SPD;FUTURES_SPREAD;BLOCK;EUR;359;4.64000000;2119;EXCHANGE_LAST;;1;1;XEUR;72060192493142110;605;
17.03.2025;13:33:09.301;FESB SI 20250321 CS;SIMPLE_INSTRUMENT;BLOCK;EUR;359;192.00000000;2119;PRC_DECOMP_MEMBER;;;;XEUR;11359072;605;MEMBER
17.03.2025;13:33:09.301;FESB SI 20250620 CS;SIMPLE_INSTRUMENT;BLOCK;EUR;359;187.36000000;2119;PRC_DECOMP_MEMBER;;;;XEUR;11880665;605;MEMBER
17.03.2025;13:33:28.471;FESB.S.MAR25.JUN25.SPD;FUTURES_SPREAD;BLOCK;EUR;360;4.66000000;2120;EXCHANGE_LAST;;1;1;XEUR;72060192493142110;605;
17.03.2025;13:33:28.471;FESB SI 20250321 CS;SIMPLE_INSTRUMENT;BLOCK;EUR;360;192.00000000;2120;PRC_DECOMP_MEMBER;;;;XEUR;11359072;605;MEMBER
17.03.2025;13:33:28.471;FESB SI 20250620 CS;SIMPLE_INSTRUMENT;BLOCK;EUR;360;187.34000000;2120;PRC_DECOMP_MEMBER;;;;XEUR;11880665;605;MEMBER
17.03.2025;14:10:24.931;FESB.S.MAR25.JUN25.SPD;FUTURES_SPREAD;BLOCK;EUR;378;4.64000000;5000;EXCHANGE_LAST;;1;1;XEUR;72060192493142110;605;
17.03.2025;14:10:24.931;FESB SI 20250620 CS;SIMPLE_INSTRUMENT;BLOCK;EUR;378;188.06000000;5000;PRC_DECOMP_MEMBER;;;;XEUR;11880665;605;MEMBER
17.03.2025;14:10:24.931;FESB SI 20250321 CS;SIMPLE_INSTRUMENT;BLOCK;EUR;378;192.70000000;5000;PRC_DECOMP_MEMBER;;;;XEUR;11359072;605;MEMBER
17.03.2025;14:10:42.196;FESB.S.MAR25.JUN25.SPD;FUTURES_SPREAD;BLOCK;EUR;379;4.66000000;5000;EXCHANGE_LAST;;1;1;XEUR;72060192493142110;605;
17.03.2025;14:10:42.196;FESB SI 20250620 CS;SIMPLE_INSTRUMENT;BLOCK;EUR;379;188.04000000;5000;PRC_DECOMP_MEMBER;;;;XEUR;11880665;605;MEMBER
17.03.2025;14:10:42.196;FESB SI 20250321 CS;SIMPLE_INSTRUMENT;BLOCK;EUR;379;192.70000000;5000;PRC_DECOMP_MEMBER;;;;XEUR;11359072;605;MEMBER
17.03.2025;14:15:31.606;FESB SI 20250620 CS;SIMPLE_INSTRUMENT;BLOCK;EUR;387;187.85000000;3300;EXCHANGE_LAST;;1;1;XEUR;11880665;605;
17.03.2025;14:15:49.023;FESB SI 20250321 CS;SIMPLE_INSTRUMENT;BLOCK;EUR;388;192.50000000;3300;EXCHANGE_LAST;;1;1;XEUR;11359072;605;
17.03.2025;14:16:12.145;FESB.S.MAR25.JUN25.SPD;FUTURES_SPREAD;BLOCK;EUR;389;4.64000000;12545;EXCHANGE_LAST;;1;1;XEUR;72060192493142110;605;
17.03.2025;14:16:12.145;FESB SI 20250620 CS;SIMPLE_INSTRUMENT;BLOCK;EUR;389;187.85000000;12545;PRC_DECOMP_EXCHANGE;;;;XEUR;11880665;605;EXCHANGE
17.03.2025;14:16:12.145;FESB SI 20250321 CS;SIMPLE_INSTRUMENT;BLOCK;EUR;389;192.49000000;12545;PRC_DECOMP_EXCHANGE;;;;XEUR;11359072;605;EXCHANGE
17.03.2025;14:16:30.313;FESB.S.MAR25.JUN25.SPD;FUTURES_SPREAD;BLOCK;EUR;390;4.66000000;37637;EXCHANGE_LAST;;1;1;XEUR;72060192493142110;605;
17.03.2025;14:16:30.313;FESB SI 20250620 CS;SIMPLE_INSTRUMENT;BLOCK;EUR;390;187.85000000;37637;PRC_DECOMP_EXCHANGE;;;;XEUR;11880665;605;EXCHANGE
17.03.2025;14:16:30.313;FESB SI 20250321 CS;SIMPLE_INSTRUMENT;BLOCK;EUR;390;192.51000000;37637;PRC_DECOMP_EXCHANGE;;;;XEUR;11359072;605;EXCHANGE
17.03.2025;14:23:52.458;FESB.S.MAR25.JUN25.SPD;FUTURES_SPREAD;BLOCK;EUR;395;4.64000000;5488;EXCHANGE_LAST;;1;1;XEUR;72060192493142110;605;
17.03.2025;14:23:52.458;FESB SI 20250620 CS;SIMPLE_INSTRUMENT;BLOCK;EUR;395;187.65000000;5488;PRC_DECOMP_EXCHANGE;;;;XEUR;11880665;605;EXCHANGE
17.03.2025;14:23:52.458;FESB SI 20250321 CS;SIMPLE_INSTRUMENT;BLOCK;EUR;395;192.29000000;5488;PRC_DECOMP_EXCHANGE;;;;XEUR;11359072;605;EXCHANGE
17.03.2025;14:23:58.737;FESB.S.MAR25.JUN25.SPD;FUTURES_SPREAD;BLOCK;EUR;396;4.66000000;5489;EXCHANGE_LAST;;1;1;XEUR;72060192493142110;605;
17.03.2025;14:23:58.737;FESB SI 20250321 CS;SIMPLE_INSTRUMENT;BLOCK;EUR;396;192.31000000;5489;PRC_DECOMP_EXCHANGE;;;;XEUR;11359072;605;EXCHANGE
17.03.2025;14:23:58.737;FESB SI 20250620 CS;SIMPLE_INSTRUMENT;BLOCK;EUR;396;187.65000000;5489;PRC_DECOMP_EXCHANGE;;;;XEUR;11880665;605;EXCHANGE
17.03.2025;14:47:04.348;FESB SI 20250321 CS;SIMPLE_INSTRUMENT;BLOCK;EUR;409;192.00000000;30000;EXCHANGE_LAST;;1;1;XEUR;11359072;605;
17.03.2025;15:26:24.838;FESB.S.MAR25.JUN25.SPD;FUTURES_SPREAD;BLOCK;EUR;426;4.64000000;5977;EXCHANGE_LAST;;1;1;XEUR;72060192493142110;605;
17.03.2025;15:26:24.838;FESB SI 20250620 CS;SIMPLE_INSTRUMENT;BLOCK;EUR;426;187.86000000;5977;PRC_DECOMP_MEMBER;;;;XEUR;11880665;605;MEMBER
17.03.2025;15:26:24.838;FESB SI 20250321 CS;SIMPLE_INSTRUMENT;BLOCK;EUR;426;192.50000000;5977;PRC_DECOMP_MEMBER;;;;XEUR;11359072;605;MEMBER
17.03.2025;15:27:07.025;FESB.S.MAR25.JUN25.SPD;FUTURES_SPREAD;BLOCK;EUR;427;4.66000000;5978;EXCHANGE_LAST;;1;1;XEUR;72060192493142110;605;
17.03.2025;15:27:07.025;FESB SI 20250620 CS;SIMPLE_INSTRUMENT;BLOCK;EUR;427;187.84000000;5978;PRC_DECOMP_MEMBER;;;;XEUR;11880665;605;MEMBER
17.03.2025;15:27:07.025;FESB SI 20250321 CS;SIMPLE_INSTRUMENT;BLOCK;EUR;427;192.50000000;5978;PRC_DECOMP_MEMBER;;;;XEUR;11359072;605;MEMBER
17.03.2025;15:51:24.610;FESB.S.MAR25.JUN25.SPD;FUTURES_SPREAD;BLOCK;EUR;437;4.64000000;6000;EXCHANGE_LAST;;1;1;XEUR;72060192493142110;605;
17.03.2025;15:51:24.610;FESB SI 20250620 CS;SIMPLE_INSTRUMENT;BLOCK;EUR;437;188.06000000;6000;PRC_DECOMP_MEMBER;;;;XEUR;11880665;605;MEMBER
17.03.2025;15:51:24.610;FESB SI 20250321 CS;SIMPLE_INSTRUMENT;BLOCK;EUR;437;192.70000000;6000;PRC_DECOMP_MEMBER;;;;XEUR;11359072;605;MEMBER
17.03.2025;15:51:41.600;FESB.S.MAR25.JUN25.SPD;FUTURES_SPREAD;BLOCK;EUR;439;4.66000000;6000;EXCHANGE_LAST;;1;1;XEUR;72060192493142110;605;
17.03.2025;15:51:41.600;FESB SI 20250321 CS;SIMPLE_INSTRUMENT;BLOCK;EUR;439;192.70000000;6000;PRC_DECOMP_MEMBER;;;;XEUR;11359072;605;MEMBER
17.03.2025;15:51:41.600;FESB SI 20250620 CS;SIMPLE_INSTRUMENT;BLOCK;EUR;439;188.04000000;6000;PRC_DECOMP_MEMBER;;;;XEUR;11880665;605;MEMBER
17.03.2025;16:41:56.945;FESB SI 20250620 CS;SIMPLE_INSTRUMENT;EFP_IDX;EUR;457;187.75000000;1201;EXCHANGE_LAST;;1;1;XEUR;11880665;605;
17.03.2025;16:42:06.946;FESB SI 20250620 CS;SIMPLE_INSTRUMENT;EFP_IDX;EUR;458;187.80000000;800;EXCHANGE_LAST;;1;1;XEUR;11880665;605;
17.03.2025;16:47:32.852;FESB SI 20250321 CS;SIMPLE_INSTRUMENT;EFP_IDX;EUR;459;192.40000000;980;EXCHANGE_LAST;;1;1;XEUR;11359072;605;
17.03.2025;16:47:43.022;FESB SI 20250321 CS;SIMPLE_INSTRUMENT;EFP_IDX;EUR;460;192.45000000;1470;EXCHANGE_LAST;;1;1;XEUR;11359072;605;
17.03.2025;16:44:46.258;FESB SI 20250321 CS;SIMPLE_INSTRUMENT;EFP_IDX;EUR;461;192.40000000;980;EXCHANGE_LAST;;1;1;XEUR;11359072;605;
17.03.2025;16:45:47.490;FESB SI 20250321 CS;SIMPLE_INSTRUMENT;EFP_IDX;EUR;462;192.45000000;1470;EXCHANGE_LAST;;1;1;XEUR;11359072;605;
17.03.2025;16:55:07.505;FESB SI 20250321 CS;SIMPLE_INSTRUMENT;EFP_IDX;EUR;475;192.40000000;3259;EXCHANGE_LAST;;1;1;XEUR;11359072;605;
17.03.2025;16:55:16.357;FESB SI 20250321 CS;SIMPLE_INSTRUMENT;EFP_IDX;EUR;476;192.45000000;815;EXCHANGE_LAST;;1;1;XEUR;11359072;605;
17.03.2025;11:50:02.231;FESE.S.MAR25.JUN25.SPD;FUTURES_SPREAD;BLOCK;EUR;29;5.10000000;250;EXCHANGE_LAST;;1;1;XEUR;72060536090525790;685;
17.03.2025;11:50:02.231;FESE SI 20250321 CS;SIMPLE_INSTRUMENT;BLOCK;EUR;29;363.60000000;250;PRC_DECOMP_EXCHANGE;;;;XEUR;11359705;685;EXCHANGE
17.03.2025;11:50:02.231;FESE SI 20250620 CS;SIMPLE_INSTRUMENT;BLOCK;EUR;29;358.50000000;250;PRC_DECOMP_EXCHANGE;;;;XEUR;11881257;685;EXCHANGE
17.03.2025;11:20:46.717;FESI SI 20250321 CS;SIMPLE_INSTRUMENT;VOLA;EUR;603979790;495.90000000;101;EXCHANGE_LAST;;1;1;XEUR;11359634;681;
17.03.2025;17:05:15.781;FESL SI 20250620 CS;SIMPLE_INSTRUMENT;BLOCK;EUR;75;136.80000000;1000;EXCHANGE_LAST;;1;1;XEUR;11881191;680;
17.03.2025;17:04:54.641;FESL SI 20250620 CS;SIMPLE_INSTRUMENT;BLOCK;EUR;76;136.70000000;1000;EXCHANGE_LAST;;1;1;XEUR;11881191;680;
17.03.2025;11:42:37.233;FESU SI 20250321 CS;SIMPLE_INSTRUMENT;VOLA;EUR;603979796;407.80000000;13;EXCHANGE_LAST;;1;1;XEUR;11359368;673;
17.03.2025;11:44:12.896;FESU SI 20250321 CS;SIMPLE_INSTRUMENT;VOLA;EUR;603979797;407.80000000;25;EXCHANGE_LAST;;1;1;XEUR;11359368;673;
17.03.2025;08:08:19.368;FESX.S.MAR25.JUN25.SPD;FUTURES_SPREAD;BLOCK;EUR;1;53.80000000;2330;EXCHANGE_LAST;;1;1;XEUR;72060493140861515;675;
17.03.2025;08:08:19.368;FESX SI 20250620 CS;SIMPLE_INSTRUMENT;BLOCK;EUR;1;5342.20000000;2330;PRC_DECOMP_MEMBER;;;;XEUR;7904020;675;MEMBER
17.03.2025;08:08:19.368;FESX SI 20250321 CS;SIMPLE_INSTRUMENT;BLOCK;EUR;1;5396.00000000;2330;PRC_DECOMP_MEMBER;;;;XEUR;7793482;675;MEMBER
17.03.2025;08:10:01.698;FESX.S.MAR25.JUN25.SPD;FUTURES_SPREAD;BLOCK;EUR;2;53.77000000;7664;EXCHANGE_LAST;;1;1;XEUR;72060493140861515;675;
17.03.2025;08:10:01.698;FESX SI 20250620 CS;SIMPLE_INSTRUMENT;BLOCK;EUR;2;5344.00000000;7664;PRC_DECOMP_EXCHANGE;;;;XEUR;7904020;675;EXCHANGE
17.03.2025;08:10:01.698;FESX SI 20250321 CS;SIMPLE_INSTRUMENT;BLOCK;EUR;2;5397.77000000;7664;PRC_DECOMP_EXCHANGE;;;;XEUR;7793482;675;EXCHANGE
17.03.2025;08:26:28.333;FESX.S.MAR25.JUN25.SPD;FUTURES_SPREAD;BLOCK;EUR;3;53.37000000;2264;EXCHANGE_LAST;;1;1;XEUR;72060493140861515;675;
17.03.2025;08:26:28.333;FESX SI 20250321 CS;SIMPLE_INSTRUMENT;BLOCK;EUR;3;5405.37000000;2264;PRC_DECOMP_EXCHANGE;;;;XEUR;7793482;675;EXCHANGE
17.03.2025;08:26:28.333;FESX SI 20250620 CS;SIMPLE_INSTRUMENT;BLOCK;EUR;3;5352.00000000;2264;PRC_DECOMP_EXCHANGE;;;;XEUR;7904020;675;EXCHANGE
17.03.2025;08:47:56.314;FESX.S.MAR25.JUN25.SPD;FUTURES_SPREAD;BLOCK;EUR;4;53.35000000;3000;EXCHANGE_LAST;;1;1;XEUR;72060493140861515;675;
17.03.2025;08:47:56.314;FESX SI 20250620 CS;SIMPLE_INSTRUMENT;BLOCK;EUR;4;5363.00000000;3000;PRC_DECOMP_EXCHANGE;;;;XEUR;7904020;675;EXCHANGE
17.03.2025;08:47:56.314;FESX SI 20250321 CS;SIMPLE_INSTRUMENT;BLOCK;EUR;4;5416.35000000;3000;PRC_DECOMP_EXCHANGE;;;;XEUR;7793482;675;EXCHANGE
17.03.2025;09:14:44.476;FESX.S.MAR25.JUN25.SPD;FUTURES_SPREAD;BLOCK;EUR;5;53.60000000;2000;EXCHANGE_LAST;;1;1;XEUR;72060493140861515;675;
17.03.2025;09:14:44.476;FESX SI 20250620 CS;SIMPLE_INSTRUMENT;BLOCK;EUR;5;5341.40000000;2000;PRC_DECOMP_MEMBER;;;;XEUR;7904020;675;MEMBER
17.03.2025;09:14:44.476;FESX SI 20250321 CS;SIMPLE_INSTRUMENT;BLOCK;EUR;5;5395.00000000;2000;PRC_DECOMP_MEMBER;;;;XEUR;7793482;675;MEMBER
17.03.2025;09:35:03.616;FESX.S.MAR25.JUN25.SPD;FUTURES_SPREAD;BLOCK;EUR;6;53.70000000;10000;EXCHANGE_LAST;;1;1;XEUR;72060493140861515;675;
17.03.2025;09:35:03.616;FESX SI 20250321 CS;SIMPLE_INSTRUMENT;BLOCK;EUR;6;5401.70000000;10000;PRC_DECOMP_EXCHANGE;;;;XEUR;7793482;675;EXCHANGE
17.03.2025;09:35:03.616;FESX SI 20250620 CS;SIMPLE_INSTRUMENT;BLOCK;EUR;6;5348.00000000;10000;PRC_DECOMP_EXCHANGE;;;;XEUR;7904020;675;EXCHANGE
17.03.2025;09:35:44.254;FESX.S.MAR25.JUN25.SPD;FUTURES_SPREAD;BLOCK;EUR;7;53.60000000;7418;EXCHANGE_LAST;;1;1;XEUR;72060493140861515;675;
17.03.2025;09:35:44.254;FESX SI 20250321 CS;SIMPLE_INSTRUMENT;BLOCK;EUR;7;5400.00000000;7418;PRC_DECOMP_MEMBER;;;;XEUR;7793482;675;MEMBER
17.03.2025;09:35:44.254;FESX SI 20250620 CS;SIMPLE_INSTRUMENT;BLOCK;EUR;7;5346.40000000;7418;PRC_DECOMP_MEMBER;;;;XEUR;7904020;675;MEMBER
17.03.2025;09:36:38.196;FESX.S.MAR25.JUN25.SPD;FUTURES_SPREAD;BLOCK;EUR;8;53.60000000;5000;EXCHANGE_LAST;;1;1;XEUR;72060493140861515;675;
17.03.2025;09:36:38.196;FESX SI 20250620 CS;SIMPLE_INSTRUMENT;BLOCK;EUR;8;5346.40000000;5000;PRC_DECOMP_MEMBER;;;;XEUR;7904020;675;MEMBER
17.03.2025;09:36:38.196;FESX SI 20250321 CS;SIMPLE_INSTRUMENT;BLOCK;EUR;8;5400.00000000;5000;PRC_DECOMP_MEMBER;;;;XEUR;7793482;675;MEMBER
17.03.2025;09:38:55.764;FESX.S.MAR25.JUN25.SPD;FUTURES_SPREAD;BLOCK;EUR;9;53.63000000;2500;EXCHANGE_LAST;;1;1;XEUR;72060493140861515;675;
17.03.2025;09:38:55.764;FESX SI 20250620 CS;SIMPLE_INSTRUMENT;BLOCK;EUR;9;5347.37000000;2500;PRC_DECOMP_MEMBER;;;;XEUR;7904020;675;MEMBER
17.03.2025;09:38:55.764;FESX SI 20250321 CS;SIMPLE_INSTRUMENT;BLOCK;EUR;9;5401.00000000;2500;PRC_DECOMP_MEMBER;;;;XEUR;7793482;675;MEMBER
17.03.2025;09:39:11.509;FESX.S.MAR25.JUN25.SPD;FUTURES_SPREAD;BLOCK;EUR;10;53.62000000;2500;EXCHANGE_LAST;;1;1;XEUR;72060493140861515;675;
17.03.2025;09:39:11.509;FESX SI 20250321 CS;SIMPLE_INSTRUMENT;BLOCK;EUR;10;5401.00000000;2500;PRC_DECOMP_MEMBER;;;;XEUR;7793482;675;MEMBER
17.03.2025;09:39:11.509;FESX SI 20250620 CS;SIMPLE_INSTRUMENT;BLOCK;EUR;10;5347.38000000;2500;PRC_DECOMP_MEMBER;;;;XEUR;7904020;675;MEMBER
17.03.2025;09:46:06.184;FESX.S.MAR25.JUN25.SPD;FUTURES_SPREAD;BLOCK;EUR;11;53.55000000;24000;EXCHANGE_LAST;;1;1;XEUR;72060493140861515;675;
17.03.2025;09:46:06.184;FESX SI 20250321 CS;SIMPLE_INSTRUMENT;BLOCK;EUR;11;5406.00000000;24000;PRC_DECOMP_MEMBER;;;;XEUR;7793482;675;MEMBER
17.03.2025;09:46:06.184;FESX SI 20250620 CS;SIMPLE_INSTRUMENT;BLOCK;EUR;11;5352.45000000;24000;PRC_DECOMP_MEMBER;;;;XEUR;7904020;675;MEMBER
17.03.2025;09:48:02.738;FESX SI 20250321 CS;SIMPLE_INSTRUMENT;BLOCK;EUR;13;5400.00000000;3000;EXCHANGE_LAST;;1;1;XEUR;7793482;675;
17.03.2025;09:51:02.510;FESX.S.MAR25.JUN25.SPD;FUTURES_SPREAD;BLOCK;EUR;16;53.60000000;5000;EXCHANGE_LAST;;1;1;XEUR;72060493140861515;675;
17.03.2025;09:51:02.510;FESX SI 20250620 CS;SIMPLE_INSTRUMENT;BLOCK;EUR;16;5346.40000000;5000;PRC_DECOMP_MEMBER;;;;XEUR;7904020;675;MEMBER
17.03.2025;09:51:02.510;FESX SI 20250321 CS;SIMPLE_INSTRUMENT;BLOCK;EUR;16;5400.00000000;5000;PRC_DECOMP_MEMBER;;;;XEUR;7793482;675;MEMBER
17.03.2025;09:52:41.673;FESX.S.MAR25.JUN25.SPD;FUTURES_SPREAD;BLOCK;EUR;17;53.55000000;10000;EXCHANGE_LAST;;1;1;XEUR;72060493140861515;675;
17.03.2025;09:52:41.673;FESX SI 20250321 CS;SIMPLE_INSTRUMENT;BLOCK;EUR;17;5400.00000000;10000;PRC_DECOMP_MEMBER;;;;XEUR;7793482;675;MEMBER
17.03.2025;09:52:41.673;FESX SI 20250620 CS;SIMPLE_INSTRUMENT;BLOCK;EUR;17;5346.45000000;10000;PRC_DECOMP_MEMBER;;;;XEUR;7904020;675;MEMBER
17.03.2025;09:55:42.936;FESX.S.MAR25.JUN25.SPD;FUTURES_SPREAD;BLOCK;EUR;18;53.63000000;3140;EXCHANGE_LAST;;1;1;XEUR;72060493140861515;675;
17.03.2025;09:55:42.936;FESX SI 20250620 CS;SIMPLE_INSTRUMENT;BLOCK;EUR;18;5351.00000000;3140;PRC_DECOMP_EXCHANGE;;;;XEUR;7904020;675;EXCHANGE
17.03.2025;09:55:42.936;FESX SI 20250321 CS;SIMPLE_INSTRUMENT;BLOCK;EUR;18;5404.63000000;3140;PRC_DECOMP_EXCHANGE;;;;XEUR;7793482;675;EXCHANGE
17.03.2025;09:55:47.242;FESX.S.MAR25.JUN25.SPD;FUTURES_SPREAD;BLOCK;EUR;19;53.62000000;3140;EXCHANGE_LAST;;1;1;XEUR;72060493140861515;675;
17.03.2025;09:55:47.242;FESX SI 20250321 CS;SIMPLE_INSTRUMENT;BLOCK;EUR;19;5404.62000000;3140;PRC_DECOMP_EXCHANGE;;;;XEUR;7793482;675;EXCHANGE
17.03.2025;09:55:47.242;FESX SI 20250620 CS;SIMPLE_INSTRUMENT;BLOCK;EUR;19;5351.00000000;3140;PRC_DECOMP_EXCHANGE;;;;XEUR;7904020;675;EXCHANGE
17.03.2025;10:04:08.003;FESX.S.MAR25.JUN25.SPD;FUTURES_SPREAD;BLOCK;EUR;20;53.55000000;5000;EXCHANGE_LAST;;1;1;XEUR;72060493140861515;675;
17.03.2025;10:04:08.003;FESX SI 20250620 CS;SIMPLE_INSTRUMENT;BLOCK;EUR;20;5346.45000000;5000;PRC_DECOMP_MEMBER;;;;XEUR;7904020;675;MEMBER
17.03.2025;10:04:08.003;FESX SI 20250321 CS;SIMPLE_INSTRUMENT;BLOCK;EUR;20;5400.00000000;5000;PRC_DECOMP_MEMBER;;;;XEUR;7793482;675;MEMBER
17.03.2025;10:04:18.822;FESX.S.MAR25.JUN25.SPD;FUTURES_SPREAD;BLOCK;EUR;21;53.55000000;5000;EXCHANGE_LAST;;1;1;XEUR;72060493140861515;675;
17.03.2025;10:04:18.822;FESX SI 20250620 CS;SIMPLE_INSTRUMENT;BLOCK;EUR;21;5346.45000000;5000;PRC_DECOMP_MEMBER;;;;XEUR;7904020;675;MEMBER
17.03.2025;10:04:18.822;FESX SI 20250321 CS;SIMPLE_INSTRUMENT;BLOCK;EUR;21;5400.00000000;5000;PRC_DECOMP_MEMBER;;;;XEUR;7793482;675;MEMBER
17.03.2025;10:18:24.453;FESX.S.MAR25.JUN25.SPD;FUTURES_SPREAD;BLOCK;EUR;22;53.68000000;3554;EXCHANGE_LAST;;1;1;XEUR;72060493140861515;675;
17.03.2025;10:18:24.453;FESX SI 20250321 CS;SIMPLE_INSTRUMENT;BLOCK;EUR;22;5414.68000000;3554;PRC_DECOMP_EXCHANGE;;;;XEUR;7793482;675;EXCHANGE
17.03.2025;10:18:24.453;FESX SI 20250620 CS;SIMPLE_INSTRUMENT;BLOCK;EUR;22;5361.00000000;3554;PRC_DECOMP_EXCHANGE;;;;XEUR;7904020;675;EXCHANGE
17.03.2025;10:20:38.697;FESX SI 20250321 CS;SIMPLE_INSTRUMENT;BLOCK;EUR;23;5415.00000000;5000;EXCHANGE_LAST;;1;1;XEUR;7793482;675;
17.03.2025;10:25:46.802;FESX.S.MAR25.JUN25.SPD;FUTURES_SPREAD;BLOCK;EUR;24;53.38000000;8679;EXCHANGE_LAST;;1;1;XEUR;72060493140861515;675;
17.03.2025;10:25:46.802;FESX SI 20250321 CS;SIMPLE_INSTRUMENT;BLOCK;EUR;24;5415.00000000;8679;PRC_DECOMP_MEMBER;;;;XEUR;7793482;675;MEMBER
17.03.2025;10:25:46.802;FESX SI 20250620 CS;SIMPLE_INSTRUMENT;BLOCK;EUR;24;5361.62000000;8679;PRC_DECOMP_MEMBER;;;;XEUR;7904020;675;MEMBER
17.03.2025;10:27:04.629;FESX.S.MAR25.JUN25.SPD;FUTURES_SPREAD;BLOCK;EUR;25;53.37000000;8679;EXCHANGE_LAST;;1;1;XEUR;72060493140861515;675;
17.03.2025;10:27:04.629;FESX SI 20250321 CS;SIMPLE_INSTRUMENT;BLOCK;EUR;25;5415.00000000;8679;PRC_DECOMP_MEMBER;;;;XEUR;7793482;675;MEMBER
17.03.2025;10:27:04.629;FESX SI 20250620 CS;SIMPLE_INSTRUMENT;BLOCK;EUR;25;5361.63000000;8679;PRC_DECOMP_MEMBER;;;;XEUR;7904020;675;MEMBER
17.03.2025;10:30:14.470;FESX SI 20250321 CS;SIMPLE_INSTRUMENT;BLOCK;EUR;26;5410.00000000;3000;EXCHANGE_LAST;;1;1;XEUR;7793482;675;
17.03.2025;10:24:07.931;FESX SI 20250321 CS;SIMPLE_INSTRUMENT;BLOCK;EUR;27;5405.00000000;2000;EXCHANGE_LAST;;1;1;XEUR;7793482;675;
17.03.2025;10:32:26.400;FESX.S.MAR25.JUN25.SPD;FUTURES_SPREAD;BLOCK;EUR;28;53.55000000;7000;EXCHANGE_LAST;;1;1;XEUR;72060493140861515;675;
17.03.2025;10:32:26.400;FESX SI 20250321 CS;SIMPLE_INSTRUMENT;BLOCK;EUR;28;5400.00000000;7000;PRC_DECOMP_MEMBER;;;;XEUR;7793482;675;MEMBER
17.03.2025;10:32:26.400;FESX SI 20250620 CS;SIMPLE_INSTRUMENT;BLOCK;EUR;28;5346.45000000;7000;PRC_DECOMP_MEMBER;;;;XEUR;7904020;675;MEMBER
17.03.2025;10:46:14.638;FESX.S.MAR25.JUN25.SPD;FUTURES_SPREAD;BLOCK;EUR;29;53.00000000;2182;EXCHANGE_LAST;;1;1;XEUR;72060493140861515;675;
17.03.2025;10:46:14.638;FESX SI 20250620 CS;SIMPLE_INSTRUMENT;BLOCK;EUR;29;5363.00000000;2182;PRC_DECOMP_EXCHANGE;;;;XEUR;7904020;675;EXCHANGE
17.03.2025;10:46:14.638;FESX SI 20250321 CS;SIMPLE_INSTRUMENT;BLOCK;EUR;29;5416.00000000;2182;PRC_DECOMP_EXCHANGE;;;;XEUR;7793482;675;EXCHANGE
17.03.2025;10:46:33.404;FESX.S.MAR25.JUN25.SPD;FUTURES_SPREAD;BLOCK;EUR;30;54.25000000;2014;EXCHANGE_LAST;;1;1;XEUR;72060493140861515;675;
17.03.2025;10:46:33.404;FESX SI 20250321 CS;SIMPLE_INSTRUMENT;BLOCK;EUR;30;5418.25000000;2014;PRC_DECOMP_EXCHANGE;;;;XEUR;7793482;675;EXCHANGE
17.03.2025;10:46:33.404;FESX SI 20250620 CS;SIMPLE_INSTRUMENT;BLOCK;EUR;30;5364.00000000;2014;PRC_DECOMP_EXCHANGE;;;;XEUR;7904020;675;EXCHANGE
17.03.2025;10:52:42.981;FESX.S.MAR25.JUN25.SPD;FUTURES_SPREAD;BLOCK;EUR;32;53.61000000;9610;EXCHANGE_LAST;;1;1;XEUR;72060493140861515;675;
17.03.2025;10:52:42.981;FESX SI 20250321 CS;SIMPLE_INSTRUMENT;BLOCK;EUR;32;5419.61000000;9610;PRC_DECOMP_EXCHANGE;;;;XEUR;7793482;675;EXCHANGE
17.03.2025;10:52:42.981;FESX SI 20250620 CS;SIMPLE_INSTRUMENT;BLOCK;EUR;32;5366.00000000;9610;PRC_DECOMP_EXCHANGE;;;;XEUR;7904020;675;EXCHANGE
17.03.2025;10:53:27.918;FESX.S.MAR25.JUN25.SPD;FUTURES_SPREAD;BLOCK;EUR;33;53.50000000;2084;EXCHANGE_LAST;;1;1;XEUR;72060493140861515;675;
17.03.2025;10:53:27.918;FESX SI 20250321 CS;SIMPLE_INSTRUMENT;BLOCK;EUR;33;5418.50000000;2084;PRC_DECOMP_EXCHANGE;;;;XEUR;7793482;675;EXCHANGE
17.03.2025;10:53:27.918;FESX SI 20250620 CS;SIMPLE_INSTRUMENT;BLOCK;EUR;33;5365.00000000;2084;PRC_DECOMP_EXCHANGE;;;;XEUR;7904020;675;EXCHANGE
17.03.2025;11:18:53.840;FESX.S.MAR25.JUN25.SPD;FUTURES_SPREAD;BLOCK;EUR;34;53.60000000;5000;EXCHANGE_LAST;;1;1;XEUR;72060493140861515;675;
17.03.2025;11:18:53.840;FESX SI 20250321 CS;SIMPLE_INSTRUMENT;BLOCK;EUR;34;5420.00000000;5000;PRC_DECOMP_MEMBER;;;;XEUR;7793482;675;MEMBER
17.03.2025;11:18:53.840;FESX SI 20250620 CS;SIMPLE_INSTRUMENT;BLOCK;EUR;34;5366.40000000;5000;PRC_DECOMP_MEMBER;;;;XEUR;7904020;675;MEMBER
17.03.2025;11:15:22.720;FESX.S.MAR25.JUN25.SPD;FUTURES_SPREAD;BLOCK;EUR;35;53.55000000;2495;EXCHANGE_LAST;;1;1;XEUR;72060493140861515;675;
17.03.2025;11:15:22.720;FESX SI 20250620 CS;SIMPLE_INSTRUMENT;BLOCK;EUR;35;5364.00000000;2495;PRC_DECOMP_EXCHANGE;;;;XEUR;7904020;675;EXCHANGE
17.03.2025;11:15:22.720;FESX SI 20250321 CS;SIMPLE_INSTRUMENT;BLOCK;EUR;35;5417.55000000;2495;PRC_DECOMP_EXCHANGE;;;;XEUR;7793482;675;EXCHANGE
17.03.2025;11:18:07.054;FESX.S.MAR25.JUN25.SPD;FUTURES_SPREAD;BLOCK;EUR;36;53.62000000;4000;EXCHANGE_LAST;;1;1;XEUR;72060493140861515;675;
17.03.2025;11:18:07.054;FESX SI 20250620 CS;SIMPLE_INSTRUMENT;BLOCK;EUR;36;5368.00000000;4000;PRC_DECOMP_EXCHANGE;;;;XEUR;7904020;675;EXCHANGE
17.03.2025;11:18:07.054;FESX SI 20250321 CS;SIMPLE_INSTRUMENT;BLOCK;EUR;36;5421.62000000;4000;PRC_DECOMP_EXCHANGE;;;;XEUR;7793482;675;EXCHANGE
17.03.2025;11:18:43.177;FESX.S.MAR25.JUN25.SPD;FUTURES_SPREAD;BLOCK;EUR;37;53.60000000;5000;EXCHANGE_LAST;;1;1;XEUR;72060493140861515;675;
17.03.2025;11:18:43.177;FESX SI 20250620 CS;SIMPLE_INSTRUMENT;BLOCK;EUR;37;5366.40000000;5000;PRC_DECOMP_MEMBER;;;;XEUR;7904020;675;MEMBER
17.03.2025;11:18:43.177;FESX SI 20250321 CS;SIMPLE_INSTRUMENT;BLOCK;EUR;37;5420.00000000;5000;PRC_DECOMP_MEMBER;;;;XEUR;7793482;675;MEMBER
17.03.2025;11:18:02.183;FESX.S.MAR25.JUN25.SPD;FUTURES_SPREAD;BLOCK;EUR;38;53.63000000;4000;EXCHANGE_LAST;;1;1;XEUR;72060493140861515;675;
17.03.2025;11:18:02.183;FESX SI 20250620 CS;SIMPLE_INSTRUMENT;BLOCK;EUR;38;5369.00000000;4000;PRC_DECOMP_EXCHANGE;;;;XEUR;7904020;675;EXCHANGE
17.03.2025;11:18:02.183;FESX SI 20250321 CS;SIMPLE_INSTRUMENT;BLOCK;EUR;38;5422.63000000;4000;PRC_DECOMP_EXCHANGE;;;;XEUR;7793482;675;EXCHANGE
17.03.2025;11:35:17.710;FESX.S.MAR25.JUN25.SPD;FUTURES_SPREAD;BLOCK;EUR;39;53.63000000;2000;EXCHANGE_LAST;;1;1;XEUR;72060493140861515;675;
17.03.2025;11:35:17.710;FESX SI 20250620 CS;SIMPLE_INSTRUMENT;BLOCK;EUR;39;5359.00000000;2000;PRC_DECOMP_EXCHANGE;;;;XEUR;7904020;675;EXCHANGE
17.03.2025;11:35:17.710;FESX SI 20250321 CS;SIMPLE_INSTRUMENT;BLOCK;EUR;39;5412.63000000;2000;PRC_DECOMP_EXCHANGE;;;;XEUR;7793482;675;EXCHANGE
17.03.2025;11:35:21.163;FESX.S.MAR25.JUN25.SPD;FUTURES_SPREAD;BLOCK;EUR;40;53.62000000;2000;EXCHANGE_LAST;;1;1;XEUR;72060493140861515;675;
17.03.2025;11:35:21.163;FESX SI 20250321 CS;SIMPLE_INSTRUMENT;BLOCK;EUR;40;5412.62000000;2000;PRC_DECOMP_EXCHANGE;;;;XEUR;7793482;675;EXCHANGE
17.03.2025;11:35:21.163;FESX SI 20250620 CS;SIMPLE_INSTRUMENT;BLOCK;EUR;40;5359.00000000;2000;PRC_DECOMP_EXCHANGE;;;;XEUR;7904020;675;EXCHANGE
17.03.2025;11:41:16.354;FESX.S.MAR25.JUN25.SPD;FUTURES_SPREAD;BLOCK;EUR;41;53.70000000;13119;EXCHANGE_LAST;;1;1;XEUR;72060493140861515;675;
17.03.2025;11:41:16.354;FESX SI 20250321 CS;SIMPLE_INSTRUMENT;BLOCK;EUR;41;5417.70000000;13119;PRC_DECOMP_EXCHANGE;;;;XEUR;7793482;675;EXCHANGE
17.03.2025;11:41:16.354;FESX SI 20250620 CS;SIMPLE_INSTRUMENT;BLOCK;EUR;41;5364.00000000;13119;PRC_DECOMP_EXCHANGE;;;;XEUR;7904020;675;EXCHANGE
17.03.2025;11:42:18.359;FESX.S.MAR25.JUN25.SPD;FUTURES_SPREAD;BLOCK;EUR;42;53.65000000;5000;EXCHANGE_LAST;;1;1;XEUR;72060493140861515;675;
17.03.2025;11:42:18.359;FESX SI 20250620 CS;SIMPLE_INSTRUMENT;BLOCK;EUR;42;5363.00000000;5000;PRC_DECOMP_EXCHANGE;;;;XEUR;7904020;675;EXCHANGE
17.03.2025;11:42:18.359;FESX SI 20250321 CS;SIMPLE_INSTRUMENT;BLOCK;EUR;42;5416.65000000;5000;PRC_DECOMP_EXCHANGE;;;;XEUR;7793482;675;EXCHANGE
17.03.2025;11:52:05.904;FESX.S.MAR25.JUN25.SPD;FUTURES_SPREAD;BLOCK;EUR;45;53.63000000;5740;EXCHANGE_LAST;;1;1;XEUR;72060493140861515;675;
17.03.2025;11:52:05.904;FESX SI 20250321 CS;SIMPLE_INSTRUMENT;BLOCK;EUR;45;5411.63000000;5740;PRC_DECOMP_EXCHANGE;;;;XEUR;7793482;675;EXCHANGE
17.03.2025;11:52:05.904;FESX SI 20250620 CS;SIMPLE_INSTRUMENT;BLOCK;EUR;45;5358.00000000;5740;PRC_DECOMP_EXCHANGE;;;;XEUR;7904020;675;EXCHANGE
17.03.2025;11:54:40.802;FESX.S.MAR25.JUN25.SPD;FUTURES_SPREAD;BLOCK;EUR;47;53.75000000;3000;EXCHANGE_LAST;;1;1;XEUR;72060493140861515;675;
17.03.2025;11:54:40.802;FESX SI 20250620 CS;SIMPLE_INSTRUMENT;BLOCK;EUR;47;5359.00000000;3000;PRC_DECOMP_EXCHANGE;;;;XEUR;7904020;675;EXCHANGE
17.03.2025;11:54:40.802;FESX SI 20250321 CS;SIMPLE_INSTRUMENT;BLOCK;EUR;47;5412.75000000;3000;PRC_DECOMP_EXCHANGE;;;;XEUR;7793482;675;EXCHANGE
17.03.2025;11:54:48.706;FESX.S.MAR25.JUN25.SPD;FUTURES_SPREAD;BLOCK;EUR;48;53.50000000;3000;EXCHANGE_LAST;;1;1;XEUR;72060493140861515;675;
17.03.2025;11:54:48.706;FESX SI 20250620 CS;SIMPLE_INSTRUMENT;BLOCK;EUR;48;5360.00000000;3000;PRC_DECOMP_EXCHANGE;;;;XEUR;7904020;675;EXCHANGE
17.03.2025;11:54:48.706;FESX SI 20250321 CS;SIMPLE_INSTRUMENT;BLOCK;EUR;48;5413.50000000;3000;PRC_DECOMP_EXCHANGE;;;;XEUR;7793482;675;EXCHANGE
17.03.2025;11:55:36.184;FESX.S.MAR25.JUN25.SPD;FUTURES_SPREAD;BLOCK;EUR;49;53.50000000;4184;EXCHANGE_LAST;;1;1;XEUR;72060493140861515;675;
17.03.2025;11:55:36.184;FESX SI 20250321 CS;SIMPLE_INSTRUMENT;BLOCK;EUR;49;5411.25000000;4184;PRC_DECOMP_MEMBER;;;;XEUR;7793482;675;MEMBER
17.03.2025;11:55:36.184;FESX SI 20250620 CS;SIMPLE_INSTRUMENT;BLOCK;EUR;49;5357.75000000;4184;PRC_DECOMP_MEMBER;;;;XEUR;7904020;675;MEMBER
17.03.2025;11:59:52.954;FESX.S.MAR25.JUN25.SPD;FUTURES_SPREAD;BLOCK;EUR;50;53.50000000;5950;EXCHANGE_LAST;;1;1;XEUR;72060493140861515;675;
17.03.2025;11:59:52.954;FESX SI 20250321 CS;SIMPLE_INSTRUMENT;BLOCK;EUR;50;5415.50000000;5950;PRC_DECOMP_EXCHANGE;;;;XEUR;7793482;675;EXCHANGE
17.03.2025;11:59:52.954;FESX SI 20250620 CS;SIMPLE_INSTRUMENT;BLOCK;EUR;50;5362.00000000;5950;PRC_DECOMP_EXCHANGE;;;;XEUR;7904020;675;EXCHANGE
17.03.2025;11:59:53.825;FESX.S.MAR25.JUN25.SPD;FUTURES_SPREAD;BLOCK;EUR;51;53.75000000;5950;EXCHANGE_LAST;;1;1;XEUR;72060493140861515;675;
17.03.2025;11:59:53.825;FESX SI 20250620 CS;SIMPLE_INSTRUMENT;BLOCK;EUR;51;5362.00000000;5950;PRC_DECOMP_EXCHANGE;;;;XEUR;7904020;675;EXCHANGE
17.03.2025;11:59:53.825;FESX SI 20250321 CS;SIMPLE_INSTRUMENT;BLOCK;EUR;51;5415.75000000;5950;PRC_DECOMP_EXCHANGE;;;;XEUR;7793482;675;EXCHANGE
17.03.2025;12:18:25.786;FESX.S.MAR25.JUN25.SPD;FUTURES_SPREAD;BLOCK;EUR;52;53.65000000;2800;EXCHANGE_LAST;;1;1;XEUR;72060493140861515;675;
17.03.2025;12:18:25.786;FESX SI 20250321 CS;SIMPLE_INSTRUMENT;BLOCK;EUR;52;5420.65000000;2800;PRC_DECOMP_EXCHANGE;;;;XEUR;7793482;675;EXCHANGE
17.03.2025;12:18:25.786;FESX SI 20250620 CS;SIMPLE_INSTRUMENT;BLOCK;EUR;52;5367.00000000;2800;PRC_DECOMP_EXCHANGE;;;;XEUR;7904020;675;EXCHANGE
17.03.2025;12:39:19.096;FESX.S.MAR25.JUN25.SPD;FUTURES_SPREAD;BLOCK;EUR;53;53.50000000;2000;EXCHANGE_LAST;;1;1;XEUR;72060493140861515;675;
17.03.2025;12:39:19.096;FESX SI 20250620 CS;SIMPLE_INSTRUMENT;BLOCK;EUR;53;5374.00000000;2000;PRC_DECOMP_EXCHANGE;;;;XEUR;7904020;675;EXCHANGE
17.03.2025;12:39:19.096;FESX SI 20250321 CS;SIMPLE_INSTRUMENT;BLOCK;EUR;53;5427.50000000;2000;PRC_DECOMP_EXCHANGE;;;;XEUR;7793482;675;EXCHANGE
17.03.2025;12:39:20.209;FESX.S.MAR25.JUN25.SPD;FUTURES_SPREAD;BLOCK;EUR;54;53.75000000;2000;EXCHANGE_LAST;;1;1;XEUR;72060493140861515;675;
17.03.2025;12:39:20.209;FESX SI 20250321 CS;SIMPLE_INSTRUMENT;BLOCK;EUR;54;5425.75000000;2000;PRC_DECOMP_EXCHANGE;;;;XEUR;7793482;675;EXCHANGE
17.03.2025;12:39:20.209;FESX SI 20250620 CS;SIMPLE_INSTRUMENT;BLOCK;EUR;54;5372.00000000;2000;PRC_DECOMP_EXCHANGE;;;;XEUR;7904020;675;EXCHANGE
17.03.2025;12:43:13.659;FESX.S.MAR25.JUN25.SPD;FUTURES_SPREAD;BLOCK;EUR;56;53.75000000;2000;EXCHANGE_LAST;;1;1;XEUR;72060493140861515;675;
17.03.2025;12:43:13.659;FESX SI 20250620 CS;SIMPLE_INSTRUMENT;BLOCK;EUR;56;5374.00000000;2000;PRC_DECOMP_EXCHANGE;;;;XEUR;7904020;675;EXCHANGE
17.03.2025;12:43:13.659;FESX SI 20250321 CS;SIMPLE_INSTRUMENT;BLOCK;EUR;56;5427.75000000;2000;PRC_DECOMP_EXCHANGE;;;;XEUR;7793482;675;EXCHANGE
17.03.2025;12:43:17.683;FESX.S.MAR25.JUN25.SPD;FUTURES_SPREAD;BLOCK;EUR;57;53.50000000;2000;EXCHANGE_LAST;;1;1;XEUR;72060493140861515;675;
17.03.2025;12:43:17.683;FESX SI 20250321 CS;SIMPLE_INSTRUMENT;BLOCK;EUR;57;5427.50000000;2000;PRC_DECOMP_EXCHANGE;;;;XEUR;7793482;675;EXCHANGE
17.03.2025;12:43:17.683;FESX SI 20250620 CS;SIMPLE_INSTRUMENT;BLOCK;EUR;57;5374.00000000;2000;PRC_DECOMP_EXCHANGE;;;;XEUR;7904020;675;EXCHANGE
17.03.2025;12:34:46.478;FESX.S.MAR25.JUN25.SPD;FUTURES_SPREAD;BLOCK;EUR;58;53.70000000;3200;EXCHANGE_LAST;;1;1;XEUR;72060493140861515;675;
17.03.2025;12:34:46.478;FESX SI 20250321 CS;SIMPLE_INSTRUMENT;BLOCK;EUR;58;5421.70000000;3200;PRC_DECOMP_EXCHANGE;;;;XEUR;7793482;675;EXCHANGE
17.03.2025;12:34:46.478;FESX SI 20250620 CS;SIMPLE_INSTRUMENT;BLOCK;EUR;58;5368.00000000;3200;PRC_DECOMP_EXCHANGE;;;;XEUR;7904020;675;EXCHANGE
17.03.2025;12:39:37.936;FESX.S.MAR25.JUN25.SPD;FUTURES_SPREAD;BLOCK;EUR;59;53.60000000;13067;EXCHANGE_LAST;;1;1;XEUR;72060493140861515;675;
17.03.2025;12:39:37.936;FESX SI 20250620 CS;SIMPLE_INSTRUMENT;BLOCK;EUR;59;5372.00000000;13067;PRC_DECOMP_EXCHANGE;;;;XEUR;7904020;675;EXCHANGE
17.03.2025;12:39:37.936;FESX SI 20250321 CS;SIMPLE_INSTRUMENT;BLOCK;EUR;59;5425.60000000;13067;PRC_DECOMP_EXCHANGE;;;;XEUR;7793482;675;EXCHANGE
17.03.2025;12:52:01.653;FESX.S.MAR25.JUN25.SPD;FUTURES_SPREAD;BLOCK;EUR;60;53.63000000;2230;EXCHANGE_LAST;;1;1;XEUR;72060493140861515;675;
17.03.2025;12:52:01.653;FESX SI 20250620 CS;SIMPLE_INSTRUMENT;BLOCK;EUR;60;5374.00000000;2230;PRC_DECOMP_EXCHANGE;;;;XEUR;7904020;675;EXCHANGE
17.03.2025;12:52:01.653;FESX SI 20250321 CS;SIMPLE_INSTRUMENT;BLOCK;EUR;60;5427.63000000;2230;PRC_DECOMP_EXCHANGE;;;;XEUR;7793482;675;EXCHANGE
17.03.2025;13:02:14.292;FESX.S.MAR25.JUN25.SPD;FUTURES_SPREAD;BLOCK;EUR;61;53.60000000;10981;EXCHANGE_LAST;;1;1;XEUR;72060493140861515;675;
17.03.2025;13:02:14.292;FESX SI 20250321 CS;SIMPLE_INSTRUMENT;BLOCK;EUR;61;5421.60000000;10981;PRC_DECOMP_EXCHANGE;;;;XEUR;7793482;675;EXCHANGE
17.03.2025;13:02:14.292;FESX SI 20250620 CS;SIMPLE_INSTRUMENT;BLOCK;EUR;61;5368.00000000;10981;PRC_DECOMP_EXCHANGE;;;;XEUR;7904020;675;EXCHANGE
17.03.2025;13:10:41.176;FESX.S.MAR25.JUN25.SPD;FUTURES_SPREAD;BLOCK;EUR;62;53.65000000;2000;EXCHANGE_LAST;;1;1;XEUR;72060493140861515;675;
17.03.2025;13:10:41.176;FESX SI 20250321 CS;SIMPLE_INSTRUMENT;BLOCK;EUR;62;5423.65000000;2000;PRC_DECOMP_EXCHANGE;;;;XEUR;7793482;675;EXCHANGE
17.03.2025;13:10:41.176;FESX SI 20250620 CS;SIMPLE_INSTRUMENT;BLOCK;EUR;62;5370.00000000;2000;PRC_DECOMP_EXCHANGE;;;;XEUR;7904020;675;EXCHANGE
17.03.2025;13:17:04.141;FESX.S.MAR25.JUN25.SPD;FUTURES_SPREAD;BLOCK;EUR;63;53.65000000;14335;EXCHANGE_LAST;;1;1;XEUR;72060493140861515;675;
17.03.2025;13:17:04.141;FESX SI 20250620 CS;SIMPLE_INSTRUMENT;BLOCK;EUR;63;5370.00000000;14335;PRC_DECOMP_EXCHANGE;;;;XEUR;7904020;675;EXCHANGE
17.03.2025;13:17:04.141;FESX SI 20250321 CS;SIMPLE_INSTRUMENT;BLOCK;EUR;63;5423.65000000;14335;PRC_DECOMP_EXCHANGE;;;;XEUR;7793482;675;EXCHANGE
17.03.2025;13:19:38.199;FESX.S.MAR25.JUN25.SPD;FUTURES_SPREAD;BLOCK;EUR;64;53.65000000;10000;EXCHANGE_LAST;;1;1;XEUR;72060493140861515;675;
17.03.2025;13:19:38.199;FESX SI 20250321 CS;SIMPLE_INSTRUMENT;BLOCK;EUR;64;5424.65000000;10000;PRC_DECOMP_EXCHANGE;;;;XEUR;7793482;675;EXCHANGE
17.03.2025;13:19:38.199;FESX SI 20250620 CS;SIMPLE_INSTRUMENT;BLOCK;EUR;64;5371.00000000;10000;PRC_DECOMP_EXCHANGE;;;;XEUR;7904020;675;EXCHANGE
17.03.2025;13:37:36.312;FESX.S.MAR25.JUN25.SPD;FUTURES_SPREAD;BLOCK;EUR;65;53.65000000;18269;EXCHANGE_LAST;;1;1;XEUR;72060493140861515;675;
17.03.2025;13:37:36.312;FESX SI 20250321 CS;SIMPLE_INSTRUMENT;BLOCK;EUR;65;5420.00000000;18269;PRC_DECOMP_MEMBER;;;;XEUR;7793482;675;MEMBER
17.03.2025;13:37:36.312;FESX SI 20250620 CS;SIMPLE_INSTRUMENT;BLOCK;EUR;65;5366.35000000;18269;PRC_DECOMP_MEMBER;;;;XEUR;7904020;675;MEMBER
17.03.2025;13:41:29.220;FESX.S.MAR25.JUN25.SPD;FUTURES_SPREAD;BLOCK;EUR;66;53.60000000;4000;EXCHANGE_LAST;;1;1;XEUR;72060493140861515;675;
17.03.2025;13:41:29.220;FESX SI 20250321 CS;SIMPLE_INSTRUMENT;BLOCK;EUR;66;5439.60000000;4000;PRC_DECOMP_EXCHANGE;;;;XEUR;7793482;675;EXCHANGE
17.03.2025;13:41:29.220;FESX SI 20250620 CS;SIMPLE_INSTRUMENT;BLOCK;EUR;66;5386.00000000;4000;PRC_DECOMP_EXCHANGE;;;;XEUR;7904020;675;EXCHANGE
17.03.2025;13:55:11.737;FESX.S.MAR25.JUN25.SPD;FUTURES_SPREAD;BLOCK;EUR;67;53.62000000;2258;EXCHANGE_LAST;;1;1;XEUR;72060493140861515;675;
17.03.2025;13:55:11.737;FESX SI 20250620 CS;SIMPLE_INSTRUMENT;BLOCK;EUR;67;5389.00000000;2258;PRC_DECOMP_EXCHANGE;;;;XEUR;7904020;675;EXCHANGE
17.03.2025;13:55:11.737;FESX SI 20250321 CS;SIMPLE_INSTRUMENT;BLOCK;EUR;67;5442.62000000;2258;PRC_DECOMP_EXCHANGE;;;;XEUR;7793482;675;EXCHANGE
17.03.2025;13:58:49.750;FESX.S.MAR25.JUN25.SPD;FUTURES_SPREAD;BLOCK;EUR;68;53.62000000;2623;EXCHANGE_LAST;;1;1;XEUR;72060493140861515;675;
17.03.2025;13:58:49.750;FESX SI 20250321 CS;SIMPLE_INSTRUMENT;BLOCK;EUR;68;5442.62000000;2623;PRC_DECOMP_MEMBER;;;;XEUR;7793482;675;MEMBER
17.03.2025;13:58:49.750;FESX SI 20250620 CS;SIMPLE_INSTRUMENT;BLOCK;EUR;68;5389.00000000;2623;PRC_DECOMP_MEMBER;;;;XEUR;7904020;675;MEMBER
17.03.2025;13:59:24.732;FESX.S.MAR25.JUN25.SPD;FUTURES_SPREAD;BLOCK;EUR;69;53.65000000;4131;EXCHANGE_LAST;;1;1;XEUR;72060493140861515;675;
17.03.2025;13:59:24.732;FESX SI 20250620 CS;SIMPLE_INSTRUMENT;BLOCK;EUR;69;5386.00000000;4131;PRC_DECOMP_EXCHANGE;;;;XEUR;7904020;675;EXCHANGE
17.03.2025;13:59:24.732;FESX SI 20250321 CS;SIMPLE_INSTRUMENT;BLOCK;EUR;69;5439.65000000;4131;PRC_DECOMP_EXCHANGE;;;;XEUR;7793482;675;EXCHANGE
17.03.2025;14:12:30.291;FESX.S.MAR25.JUN25.SPD;FUTURES_SPREAD;BLOCK;EUR;70;53.65000000;4930;EXCHANGE_LAST;;1;1;XEUR;72060493140861515;675;
17.03.2025;14:12:30.291;FESX SI 20250321 CS;SIMPLE_INSTRUMENT;BLOCK;EUR;70;5435.00000000;4930;PRC_DECOMP_MEMBER;;;;XEUR;7793482;675;MEMBER
17.03.2025;14:12:30.291;FESX SI 20250620 CS;SIMPLE_INSTRUMENT;BLOCK;EUR;70;5381.35000000;4930;PRC_DECOMP_MEMBER;;;;XEUR;7904020;675;MEMBER
17.03.2025;14:22:22.689;FESX.S.MAR25.JUN25.SPD;FUTURES_SPREAD;BLOCK;EUR;71;53.25000000;2112;EXCHANGE_LAST;;1;1;XEUR;72060493140861515;675;
17.03.2025;14:22:22.689;FESX SI 20250321 CS;SIMPLE_INSTRUMENT;BLOCK;EUR;71;5432.25000000;2112;PRC_DECOMP_EXCHANGE;;;;XEUR;7793482;675;EXCHANGE
17.03.2025;14:22:22.689;FESX SI 20250620 CS;SIMPLE_INSTRUMENT;BLOCK;EUR;71;5379.00000000;2112;PRC_DECOMP_EXCHANGE;;;;XEUR;7904020;675;EXCHANGE
17.03.2025;14:22:48.458;FESX.S.MAR25.JUN25.SPD;FUTURES_SPREAD;BLOCK;EUR;72;54.00000000;2414;EXCHANGE_LAST;;1;1;XEUR;72060493140861515;675;
17.03.2025;14:22:48.458;FESX SI 20250321 CS;SIMPLE_INSTRUMENT;BLOCK;EUR;72;5433.00000000;2414;PRC_DECOMP_EXCHANGE;;;;XEUR;7793482;675;EXCHANGE
17.03.2025;14:22:48.458;FESX SI 20250620 CS;SIMPLE_INSTRUMENT;BLOCK;EUR;72;5379.00000000;2414;PRC_DECOMP_EXCHANGE;;;;XEUR;7904020;675;EXCHANGE
17.03.2025;14:34:22.584;FESX.S.MAR25.JUN25.SPD;FUTURES_SPREAD;BLOCK;EUR;73;53.75000000;2000;EXCHANGE_LAST;;1;1;XEUR;72060493140861515;675;
17.03.2025;14:34:22.584;FESX SI 20250321 CS;SIMPLE_INSTRUMENT;BLOCK;EUR;73;5436.75000000;2000;PRC_DECOMP_EXCHANGE;;;;XEUR;7793482;675;EXCHANGE
17.03.2025;14:34:22.584;FESX SI 20250620 CS;SIMPLE_INSTRUMENT;BLOCK;EUR;73;5383.00000000;2000;PRC_DECOMP_EXCHANGE;;;;XEUR;7904020;675;EXCHANGE
17.03.2025;14:38:48.164;FESX.S.MAR25.JUN25.SPD;FUTURES_SPREAD;BLOCK;EUR;74;53.63000000;3707;EXCHANGE_LAST;;1;1;XEUR;72060493140861515;675;
17.03.2025;14:38:48.164;FESX SI 20250620 CS;SIMPLE_INSTRUMENT;BLOCK;EUR;74;5381.00000000;3707;PRC_DECOMP_EXCHANGE;;;;XEUR;7904020;675;EXCHANGE
17.03.2025;14:38:48.164;FESX SI 20250321 CS;SIMPLE_INSTRUMENT;BLOCK;EUR;74;5434.63000000;3707;PRC_DECOMP_EXCHANGE;;;;XEUR;7793482;675;EXCHANGE
17.03.2025;14:42:22.338;FESX.S.MAR25.JUN25.SPD;FUTURES_SPREAD;BLOCK;EUR;75;53.55000000;2000;EXCHANGE_LAST;;1;1;XEUR;72060493140861515;675;
17.03.2025;14:42:22.338;FESX SI 20250321 CS;SIMPLE_INSTRUMENT;BLOCK;EUR;75;5435.55000000;2000;PRC_DECOMP_EXCHANGE;;;;XEUR;7793482;675;EXCHANGE
17.03.2025;14:42:22.338;FESX SI 20250620 CS;SIMPLE_INSTRUMENT;BLOCK;EUR;75;5382.00000000;2000;PRC_DECOMP_EXCHANGE;;;;XEUR;7904020;675;EXCHANGE
17.03.2025;14:46:09.206;FESX.S.MAR25.JUN25.SPD;FUTURES_SPREAD;BLOCK;EUR;76;53.70000000;6400;EXCHANGE_LAST;;1;1;XEUR;72060493140861515;675;
17.03.2025;14:46:09.206;FESX SI 20250321 CS;SIMPLE_INSTRUMENT;BLOCK;EUR;76;5434.00000000;6400;PRC_DECOMP_MEMBER;;;;XEUR;7793482;675;MEMBER
17.03.2025;14:46:09.206;FESX SI 20250620 CS;SIMPLE_INSTRUMENT;BLOCK;EUR;76;5380.30000000;6400;PRC_DECOMP_MEMBER;;;;XEUR;7904020;675;MEMBER
17.03.2025;14:48:42.792;FESX.S.MAR25.JUN25.SPD;FUTURES_SPREAD;BLOCK;EUR;77;53.60000000;2000;EXCHANGE_LAST;;1;1;XEUR;72060493140861515;675;
17.03.2025;14:48:42.792;FESX SI 20250620 CS;SIMPLE_INSTRUMENT;BLOCK;EUR;77;5386.40000000;2000;PRC_DECOMP_MEMBER;;;;XEUR;7904020;675;MEMBER
17.03.2025;14:48:42.792;FESX SI 20250321 CS;SIMPLE_INSTRUMENT;BLOCK;EUR;77;5440.00000000;2000;PRC_DECOMP_MEMBER;;;;XEUR;7793482;675;MEMBER
17.03.2025;14:53:14.489;FESX.S.MAR25.JUN25.SPD;FUTURES_SPREAD;BLOCK;EUR;78;53.60000000;2031;EXCHANGE_LAST;;1;1;XEUR;72060493140861515;675;
17.03.2025;14:53:14.489;FESX SI 20250620 CS;SIMPLE_INSTRUMENT;BLOCK;EUR;78;5386.40000000;2031;PRC_DECOMP_MEMBER;;;;XEUR;7904020;675;MEMBER
17.03.2025;14:53:14.489;FESX SI 20250321 CS;SIMPLE_INSTRUMENT;BLOCK;EUR;78;5440.00000000;2031;PRC_DECOMP_MEMBER;;;;XEUR;7793482;675;MEMBER
17.03.2025;14:59:23.492;FESX SI 20250321 CS;SIMPLE_INSTRUMENT;BLOCK;EUR;79;5433.00000000;5000;EXCHANGE_LAST;;1;1;XEUR;7793482;675;
17.03.2025;15:01:06.420;FESX.S.MAR25.JUN25.SPD;FUTURES_SPREAD;BLOCK;EUR;80;53.75000000;8479;EXCHANGE_LAST;;1;1;XEUR;72060493140861515;675;
17.03.2025;15:01:06.420;FESX SI 20250620 CS;SIMPLE_INSTRUMENT;BLOCK;EUR;80;5382.00000000;8479;PRC_DECOMP_EXCHANGE;;;;XEUR;7904020;675;EXCHANGE
17.03.2025;15:01:06.420;FESX SI 20250321 CS;SIMPLE_INSTRUMENT;BLOCK;EUR;80;5435.75000000;8479;PRC_DECOMP_EXCHANGE;;;;XEUR;7793482;675;EXCHANGE
17.03.2025;15:02:59.707;FESX.S.MAR25.JUN25.SPD;FUTURES_SPREAD;BLOCK;EUR;81;53.65000000;3283;EXCHANGE_LAST;;1;1;XEUR;72060493140861515;675;
17.03.2025;15:02:59.707;FESX SI 20250321 CS;SIMPLE_INSTRUMENT;BLOCK;EUR;81;5433.00000000;3283;PRC_DECOMP_MEMBER;;;;XEUR;7793482;675;MEMBER
17.03.2025;15:02:59.707;FESX SI 20250620 CS;SIMPLE_INSTRUMENT;BLOCK;EUR;81;5379.35000000;3283;PRC_DECOMP_MEMBER;;;;XEUR;7904020;675;MEMBER
17.03.2025;15:08:28.479;FESX.S.MAR25.JUN25.SPD;FUTURES_SPREAD;BLOCK;EUR;82;53.65000000;2219;EXCHANGE_LAST;;1;1;XEUR;72060493140861515;675;
17.03.2025;15:08:28.479;FESX SI 20250620 CS;SIMPLE_INSTRUMENT;BLOCK;EUR;82;5379.00000000;2219;PRC_DECOMP_EXCHANGE;;;;XEUR;7904020;675;EXCHANGE
17.03.2025;15:08:28.479;FESX SI 20250321 CS;SIMPLE_INSTRUMENT;BLOCK;EUR;82;5432.65000000;2219;PRC_DECOMP_EXCHANGE;;;;XEUR;7793482;675;EXCHANGE
