#Date;TrdTime;Contract;ContractType;TrdTyp;Currency;TesId;Prc;Qty;TrdInd;Aggressor;Buy;Sell;Exch;InstrumentId;RelatedProdId;PrcDecomp
03.06.2025;12:20:17.012;7PIF.S.JUN25.SEP25.SPD;FUTURES_SPREAD;BLOCK;EUR;37;0.57500000;2500;EXCHANGE_LAST;;1;1;XEUR;72265036663357555;48299;
03.06.2025;12:20:17.012;7PIF SI 20250918 CS;SIMPLE_INSTRUMENT;BLOCK;EUR;37;18.57690000;2500;PRC_DECOMP_EXCHANGE;;;;XEUR;11692904;48299;EXCHANGE
03.06.2025;12:20:17.012;7PIF SI 20250619 CS;SIMPLE_INSTRUMENT;BLOCK;EUR;37;19.15190000;2500;PRC_DECOMP_EXCHANGE;;;;XEUR;11163908;48299;EXCHANGE
03.06.2025;14:55:22.567;A2SM SI 20250919 CS;SIMPLE_INSTRUMENT;BLOCK;EUR;69;5.06000000;82;EXCHANGE_LAST;;2;2;XEUR;11347321;15;
03.06.2025;08:45:06.456;A2XA SI 20261218 CS;SIMPLE_INSTRUMENT;BLOCK;EUR;8;2.32000000;250;EXCHANGE_LAST;;1;1;XEUR;4632093;17;
03.06.2025;08:50:16.846;A2XA SI 20250919 CS;SIMPLE_INSTRUMENT;BLOCK;EUR;10;2.15000000;870;EXCHANGE_LAST;;1;1;XEUR;11347325;17;
03.06.2025;12:04:54.936;A2XA SI 20261218 CS;SIMPLE_INSTRUMENT;BLOCK;EUR;32;2.34000000;700;EXCHANGE_LAST;;1;1;XEUR;4632093;17;
03.06.2025;13:04:44.027;A2XA SI 20261218 CS;SIMPLE_INSTRUMENT;BLOCK;EUR;42;2.34000000;500;EXCHANGE_LAST;;1;1;XEUR;4632093;17;
03.06.2025;08:42:21.477;ABBN SI 20250620 PS AM P 48.00 0;SIMPLE_INSTRUMENT;BLOCK;CHF;4;2.21000000;1250;EXCHANGE_LAST;;1;1;XEUR;8902740;574517;
03.06.2025;15:17:55.982;ADSG.S.JUN25.SEP25.SPD;FUTURES_SPREAD;BLOCK;EUR;74;-1.15000000;200;EXCHANGE_LAST;;1;1;XEUR;72057800196358363;48;
03.06.2025;15:17:55.982;ADSG SI 20250620 CS;SIMPLE_INSTRUMENT;BLOCK;EUR;74;218.33500000;200;PRC_DECOMP_EXCHANGE;;;;XEUR;11167407;48;EXCHANGE
03.06.2025;15:17:55.982;ADSG SI 20250919 CS;SIMPLE_INSTRUMENT;BLOCK;EUR;74;219.48500000;200;PRC_DECOMP_EXCHANGE;;;;XEUR;11697793;48;EXCHANGE
03.06.2025;07:14:17.064;AIX SI 20250718 PS AM P 11.00 0;SIMPLE_INSTRUMENT;ENLIGHT;EUR;1;0.33000000;500;EXCHANGE_LAST;;1;1;XEUR;13234524;67;
03.06.2025;09:16:37.449;ALC SI 20261218 PS AM P 60.00 0;SIMPLE_INSTRUMENT;BLOCK;CHF;11;4.00000000;250;EXCHANGE_LAST;;1;1;XEUR;7181824;130134;
03.06.2025;09:24:35.145;ALC SI 20251219 PS AM P 68.00 0;SIMPLE_INSTRUMENT;BLOCK;CHF;13;4.10000000;550;EXCHANGE_LAST;;1;2;XEUR;5920610;130134;
03.06.2025;09:35:56.313;ALC SI 20260619 PS AM P 60.00 0;SIMPLE_INSTRUMENT;BLOCK;CHF;17;3.00000000;300;EXCHANGE_LAST;;1;1;XEUR;9584527;130134;
03.06.2025;10:03:54.871;ALC.O.250603.STG.000003;STANDARD_OPTION_STRATEGY;BLOCK;CHF;22;5.60000000;300;EXCHANGE_LAST;;1;1;XEUR;72616515312041077;130134;
03.06.2025;10:03:54.871;ALC SI 20260320 PS AM P 64.00 0;SIMPLE_INSTRUMENT;BLOCK;CHF;22;3.43000000;300;PRC_DECOMP_EXCHANGE;;;;XEUR;13038254;130134;EXCHANGE
03.06.2025;10:03:54.871;ALC SI 20260320 PS AM C 80.00 0;SIMPLE_INSTRUMENT;BLOCK;CHF;22;2.17000000;300;PRC_DECOMP_EXCHANGE;;;;XEUR;13038319;130134;EXCHANGE
03.06.2025;10:51:31.486;ALV SI 20250815 PS AM C 375.00 0;SIMPLE_INSTRUMENT;BLOCK;EUR;2;3.24000000;479;EXCHANGE_LAST;;1;1;XEUR;13403771;74;
03.06.2025;13:39:25.778;ALV SI 20250919 PS AM P 340.00 0;SIMPLE_INSTRUMENT;BLOCK;EUR;4;9.00000000;450;EXCHANGE_LAST;;1;3;XEUR;11871543;74;
03.06.2025;08:51:44.022;ANN SI 20250620 PS AM P 28.00 0;SIMPLE_INSTRUMENT;BLOCK;EUR;3;0.41000000;1000;EXCHANGE_LAST;;1;1;XEUR;7921068;45202;
03.06.2025;10:02:46.432;ANN SI 20250718 PS AM P 28.00 0;SIMPLE_INSTRUMENT;BLOCK;EUR;7;0.66000000;1500;EXCHANGE_LAST;;1;1;XEUR;13261893;45202;
03.06.2025;15:16:39.642;ANN SI 20260320 PS AM C 30.00 0;SIMPLE_INSTRUMENT;BLOCK;EUR;24;2.76000000;1000;EXCHANGE_LAST;;1;1;XEUR;13030915;45202;
03.06.2025;14:26:15.810;AOM SI 20260320 PS AM C 20.00 0;SIMPLE_INSTRUMENT;BLOCK;EUR;31;2.40000000;3000;EXCHANGE_LAST;;1;1;XEUR;12995606;88;
03.06.2025;15:57:51.371;ASGF SI 20250619 CS;SIMPLE_INSTRUMENT;BLOCK;EUR;86;31.63390000;4000;EXCHANGE_LAST;;1;1;XEUR;12186943;949862;
03.06.2025;09:07:37.447;ASM SI 20250815 PS AM C 760.00 0;SIMPLE_INSTRUMENT;BLOCK;EUR;1;8.96000000;75;EXCHANGE_LAST;;1;1;XEUR;13404340;107;
03.06.2025;09:07:38.396;ASM SI 20250815 PS AM C 760.00 0;SIMPLE_INSTRUMENT;BLOCK;EUR;2;8.95000000;115;EXCHANGE_LAST;;1;1;XEUR;13404340;107;
03.06.2025;09:07:39.476;ASM SI 20250815 PS AM C 760.00 0;SIMPLE_INSTRUMENT;BLOCK;EUR;3;8.97000000;75;EXCHANGE_LAST;;1;1;XEUR;13404340;107;
03.06.2025;14:18:51.083;ASMH.S.JUN25.JUL25.SPD;FUTURES_SPREAD;BLOCK;EUR;50;-1.15370000;2400;EXCHANGE_LAST;;1;1;XEUR;72074683712798965;3979;
03.06.2025;14:18:51.083;ASMH SI 20250718 CS;SIMPLE_INSTRUMENT;BLOCK;EUR;50;645.28210000;2400;PRC_DECOMP_MEMBER;;;;XEUR;11383290;3979;MEMBER
03.06.2025;14:18:51.083;ASMH SI 20250620 CS;SIMPLE_INSTRUMENT;BLOCK;EUR;50;644.12840000;2400;PRC_DECOMP_MEMBER;;;;XEUR;11191365;3979;MEMBER
03.06.2025;14:54:06.014;ASMH.S.JUN25.SEP25.SPD;FUTURES_SPREAD;BLOCK;EUR;72;-2.20000000;950;EXCHANGE_LAST;;2;2;XEUR;72074683712798966;3979;
03.06.2025;14:54:06.014;ASMH SI 20250919 CS;SIMPLE_INSTRUMENT;BLOCK;EUR;72;649.06910000;950;PRC_DECOMP_EXCHANGE;;;;XEUR;11721731;3979;EXCHANGE
03.06.2025;14:54:06.014;ASMH SI 20250620 CS;SIMPLE_INSTRUMENT;BLOCK;EUR;72;646.86910000;950;PRC_DECOMP_EXCHANGE;;;;XEUR;11191365;3979;EXCHANGE
03.06.2025;10:26:11.354;AXA SI 20260619 PS AM P 36.00 0;SIMPLE_INSTRUMENT;BLOCK;EUR;12;1.72000000;1800;EXCHANGE_LAST;;1;1;XEUR;9538760;127;
03.06.2025;10:26:12.295;AXA SI 20260619 PS AM C 36.00 0;SIMPLE_INSTRUMENT;BLOCK;EUR;13;8.05000000;1800;EXCHANGE_LAST;;1;1;XEUR;9538757;127;
03.06.2025;08:49:51.658;AXAG.S.JUN25.SEP25.SPD;FUTURES_SPREAD;BLOCK;EUR;9;-0.19400000;10000;EXCHANGE_LAST;;1;1;XEUR;72058130908840265;125;
03.06.2025;08:49:51.658;AXAG SI 20250620 CS;SIMPLE_INSTRUMENT;BLOCK;EUR;9;42.00000000;10000;PRC_DECOMP_MEMBER;;;;XEUR;11168731;125;MEMBER
03.06.2025;08:49:51.658;AXAG SI 20250919 CS;SIMPLE_INSTRUMENT;BLOCK;EUR;9;42.19400000;10000;PRC_DECOMP_MEMBER;;;;XEUR;11699127;125;MEMBER
03.06.2025;08:42:03.339;B2AS SI 20250919 CS;SIMPLE_INSTRUMENT;BLOCK;EUR;7;2.25000000;272;EXCHANGE_LAST;;1;1;XEUR;11350114;140;
03.06.2025;07:40:01.662;B2MW SI 20261218 CS;SIMPLE_INSTRUMENT;BLOCK;EUR;1;3.40000000;50;EXCHANGE_LAST;;1;1;XEUR;4632168;128;
03.06.2025;14:50:32.108;B2MW SI 20261218 CS;SIMPLE_INSTRUMENT;BLOCK;EUR;71;3.40000000;150;EXCHANGE_LAST;;2;2;XEUR;4632168;128;
03.06.2025;12:55:56.086;B2NP SI 20261218 CS;SIMPLE_INSTRUMENT;BLOCK;EUR;41;4.81000000;130;EXCHANGE_LAST;;2;1;XEUR;6798320;131;
03.06.2025;11:07:34.644;BAS.N.250603.000005;NON_STANDARD_OPTION_STRATEGY;BLOCK;EUR;2;3.04000000;1000;EXCHANGE_LAST;;1;1;XEUR;72058238283094667;150;
03.06.2025;11:07:34.644;BAS SI 20250620 PS AM P 44.00 0;SIMPLE_INSTRUMENT;BLOCK;EUR;2;2.61000000;1000;PRC_DECOMP_EXCHANGE;;;;XEUR;7898970;150;EXCHANGE
03.06.2025;11:07:34.644;BAS SI 20250620 PS AM P 40.00 0;SIMPLE_INSTRUMENT;BLOCK;EUR;2;0.43000000;1000;PRC_DECOMP_EXCHANGE;;;;XEUR;7899120;150;EXCHANGE
03.06.2025;12:13:41.654;BAS.O.250603.BRT.000012;STANDARD_OPTION_STRATEGY;BLOCK;EUR;3;5.95000000;500;EXCHANGE_LAST;;1;1;XEUR;72058238283094674;150;
03.06.2025;12:13:41.654;BAS SI 20250620 PS AM P 44.00 0;SIMPLE_INSTRUMENT;BLOCK;EUR;3;2.69000000;500;PRC_DECOMP_EXCHANGE;;;;XEUR;7898970;150;EXCHANGE
03.06.2025;12:13:41.654;BAS SI 20271217 PS AM P 44.00 0;SIMPLE_INSTRUMENT;BLOCK;EUR;3;8.64000000;500;PRC_DECOMP_EXCHANGE;;;;XEUR;8774156;150;EXCHANGE
03.06.2025;12:52:16.406;BAS SI 20251219 PS AM P 43.00 0;SIMPLE_INSTRUMENT;BLOCK;EUR;6;3.89000000;3000;EXCHANGE_LAST;;1;1;XEUR;7509846;150;
03.06.2025;14:34:11.960;BAS.O.250603.STG.000015;STANDARD_OPTION_STRATEGY;BLOCK;EUR;8;7.40000000;750;EXCHANGE_LAST;;1;1;XEUR;72058238283094677;150;
03.06.2025;14:34:11.960;BAS SI 20260619 PS AM P 40.00 0;SIMPLE_INSTRUMENT;BLOCK;EUR;8;3.92000000;750;PRC_DECOMP_EXCHANGE;;;;XEUR;9539321;150;EXCHANGE
03.06.2025;14:34:11.960;BAS SI 20260619 PS AM C 44.00 0;SIMPLE_INSTRUMENT;BLOCK;EUR;8;3.48000000;750;PRC_DECOMP_EXCHANGE;;;;XEUR;9539324;150;EXCHANGE
03.06.2025;08:41:45.504;BASG.S.JUN25.SEP25.SPD;FUTURES_SPREAD;BLOCK;EUR;6;-0.23500000;3200;EXCHANGE_LAST;;1;1;XEUR;72058328477336872;171;
03.06.2025;08:41:45.504;BASG SI 20250919 CS;SIMPLE_INSTRUMENT;BLOCK;EUR;6;42.03500000;3200;PRC_DECOMP_MEMBER;;;;XEUR;11699877;171;MEMBER
03.06.2025;08:41:45.504;BASG SI 20250620 CS;SIMPLE_INSTRUMENT;BLOCK;EUR;6;41.80000000;3200;PRC_DECOMP_MEMBER;;;;XEUR;11169531;171;MEMBER
03.06.2025;07:14:17.725;BAY SI 20250919 PS AM C 29.00 0;SIMPLE_INSTRUMENT;BLOCK;EUR;1;1.05000000;5000;EXCHANGE_LAST;;1;1;XEUR;11992369;168;
03.06.2025;12:24:53.014;BAY.O.250603.STG.000012;STANDARD_OPTION_STRATEGY;BLOCK;EUR;4;4.20000000;1000;EXCHANGE_LAST;;1;1;XEUR;72058315592511955;168;
03.06.2025;12:24:53.014;BAY SI 20251219 PS AM C 28.00 0;SIMPLE_INSTRUMENT;BLOCK;EUR;4;2.27000000;1000;PRC_DECOMP_EXCHANGE;;;;XEUR;6068398;168;EXCHANGE
03.06.2025;12:24:53.014;BAY SI 20251219 PS AM P 22.00 0;SIMPLE_INSTRUMENT;BLOCK;EUR;4;1.93000000;1000;PRC_DECOMP_EXCHANGE;;;;XEUR;12231605;168;EXCHANGE
03.06.2025;12:24:36.279;BAY.O.250603.STG.000013;STANDARD_OPTION_STRATEGY;BLOCK;EUR;5;5.74000000;1000;EXCHANGE_LAST;;1;1;XEUR;72058315592511956;168;
03.06.2025;12:24:36.279;BAY SI 20260619 PS AM P 22.00 0;SIMPLE_INSTRUMENT;BLOCK;EUR;5;2.57000000;1000;PRC_DECOMP_EXCHANGE;;;;XEUR;12334042;168;EXCHANGE
03.06.2025;12:24:36.279;BAY SI 20260619 PS AM C 28.00 0;SIMPLE_INSTRUMENT;BLOCK;EUR;5;3.17000000;1000;PRC_DECOMP_EXCHANGE;;;;XEUR;9539717;168;EXCHANGE
03.06.2025;13:03:22.434;BAY.O.250603.STG.000014;STANDARD_OPTION_STRATEGY;BLOCK;EUR;7;4.85000000;5000;EXCHANGE_LAST;;1;1;XEUR;72058315592511957;168;
03.06.2025;13:03:22.434;BAY SI 20251219 PS AM C 26.00 0;SIMPLE_INSTRUMENT;BLOCK;EUR;7;2.95000000;5000;PRC_DECOMP_EXCHANGE;;;;XEUR;11594950;168;EXCHANGE
03.06.2025;13:03:22.434;BAY SI 20251219 PS AM P 22.00 0;SIMPLE_INSTRUMENT;BLOCK;EUR;7;1.90000000;5000;PRC_DECOMP_EXCHANGE;;;;XEUR;12231605;168;EXCHANGE
03.06.2025;14:59:39.250;BAY.O.250603.CDIA.000015;STANDARD_OPTION_STRATEGY;BLOCK;EUR;10;-0.04000000;3000;EXCHANGE_LAST;;2;1;XEUR;72058315592511958;168;
03.06.2025;14:59:39.250;BAY SI 20251219 PS AM C 27.00 0;SIMPLE_INSTRUMENT;BLOCK;EUR;10;2.58000000;3000;PRC_DECOMP_MEMBER;;;;XEUR;12224661;168;MEMBER
03.06.2025;14:59:39.250;BAY SI 20260619 PS AM C 30.00 0;SIMPLE_INSTRUMENT;BLOCK;EUR;10;2.54000000;3000;PRC_DECOMP_MEMBER;;;;XEUR;10804256;168;MEMBER
03.06.2025;11:39:55.368;BBVD.O.250603.COMBO.000001;STANDARD_OPTION_STRATEGY;BLOCK;EUR;19;0.00000000;1500;EXCHANGE_LAST;;1;1;XEUR;72058332772305759;172;
03.06.2025;11:39:55.368;BBVD SI 20250919 PS AM C 13.50 0;SIMPLE_INSTRUMENT;BLOCK;EUR;19;0.65000000;1500;PRC_DECOMP_MEMBER;;;;XEUR;11873374;172;MEMBER
03.06.2025;11:39:55.368;BBVD SI 20250919 PS AM P 12.50 0;SIMPLE_INSTRUMENT;BLOCK;EUR;19;0.65000000;1500;PRC_DECOMP_MEMBER;;;;XEUR;11873378;172;MEMBER
03.06.2025;15:26:47.892;BBVD.N.250603.000003;NON_STANDARD_OPTION_STRATEGY;BLOCK;EUR;34;3.97000000;3500;EXCHANGE_LAST;;1;1;XEUR;72058332772305761;172;
03.06.2025;15:26:47.892;BBVD SI 20260320 PS AM C 15.00 0;SIMPLE_INSTRUMENT;BLOCK;EUR;34;0.67000000;7000;PRC_DECOMP_MEMBER;;;;XEUR;11873248;172;MEMBER
03.06.2025;15:26:47.892;BBVD SI 20260320 PS AM P 15.00 0;SIMPLE_INSTRUMENT;BLOCK;EUR;34;2.63000000;3500;PRC_DECOMP_MEMBER;;;;XEUR;11873245;172;MEMBER
03.06.2025;09:58:41.948;BEI SI 20250620 PS AM P 114.00 0;SIMPLE_INSTRUMENT;BLOCK;EUR;4;1.30000000;300;EXCHANGE_LAST;;1;1;XEUR;12997427;176;
03.06.2025;15:57:21.460;BGNF SI 20250619 CS;SIMPLE_INSTRUMENT;BLOCK;EUR;85;50.95470000;3000;EXCHANGE_LAST;;1;1;XEUR;11165422;626574;
03.06.2025;16:02:07.897;BMPF SI 20250619 CS;SIMPLE_INSTRUMENT;BLOCK;EUR;94;7.25780000;4000;EXCHANGE_LAST;;1;1;XEUR;12906361;1052251;
03.06.2025;09:06:31.078;BMW.O.250603.BER.000001;STANDARD_OPTION_STRATEGY;BLOCK;EUR;4;1.39000000;1250;EXCHANGE_LAST;;1;1;XEUR;72058495981111552;210;
03.06.2025;09:06:31.078;BMW SI 20250718 PS AM P 64.00 0;SIMPLE_INSTRUMENT;BLOCK;EUR;4;0.45000000;1250;PRC_DECOMP_EXCHANGE;;;;XEUR;13237144;210;EXCHANGE
03.06.2025;09:06:31.078;BMW SI 20250718 PS AM P 72.00 0;SIMPLE_INSTRUMENT;BLOCK;EUR;4;1.84000000;1250;PRC_DECOMP_EXCHANGE;;;;XEUR;13236936;210;EXCHANGE
03.06.2025;11:57:28.068;BMW SI 20250919 PS AM C 80.00 0;SIMPLE_INSTRUMENT;BLOCK;EUR;10;3.74000000;4000;EXCHANGE_LAST;;2;2;XEUR;11874400;210;
03.06.2025;15:00:00.341;BMW SI 20250620 PS AM C 78.00 0;SIMPLE_INSTRUMENT;BLOCK;EUR;25;1.22000000;1000;EXCHANGE_LAST;;1;1;XEUR;12998478;210;
03.06.2025;15:18:22.267;BMW SI 20250620 PS AM C 80.00 0;SIMPLE_INSTRUMENT;BLOCK;EUR;29;0.95000000;1150;EXCHANGE_LAST;;1;1;XEUR;11332529;210;
03.06.2025;15:48:03.765;BMW.O.250603.COMBO.000009;STANDARD_OPTION_STRATEGY;BLOCK;EUR;31;2.14000000;1500;EXCHANGE_LAST;;1;1;XEUR;72058495981111560;210;
03.06.2025;15:48:03.765;BMW SI 20261218 PS AM C 92.00 0;SIMPLE_INSTRUMENT;BLOCK;EUR;31;5.45000000;1500;PRC_DECOMP_EXCHANGE;;;;XEUR;7154232;210;EXCHANGE
03.06.2025;15:48:03.765;BMW SI 20261218 PS AM P 68.00 0;SIMPLE_INSTRUMENT;BLOCK;EUR;31;7.59000000;1500;PRC_DECOMP_EXCHANGE;;;;XEUR;7154238;210;EXCHANGE
03.06.2025;11:01:48.510;BNP.O.250603.CDIA.000003;STANDARD_OPTION_STRATEGY;BLOCK;EUR;15;-0.02000000;500;EXCHANGE_LAST;;1;1;XEUR;72058611945201532;237;
03.06.2025;11:01:48.510;BNP SI 20251219 PS AM C 88.00 0;SIMPLE_INSTRUMENT;BLOCK;EUR;15;1.77000000;500;PRC_DECOMP_EXCHANGE;;;;XEUR;7245862;237;EXCHANGE
03.06.2025;11:01:48.510;BNP SI 20260619 PS AM C 96.00 0;SIMPLE_INSTRUMENT;BLOCK;EUR;15;1.75000000;500;PRC_DECOMP_EXCHANGE;;;;XEUR;9541686;237;EXCHANGE
03.06.2025;11:20:34.595;BNPH.S.JUN25.SEP25.SPD;FUTURES_SPREAD;BLOCK;EUR;31;-0.41500000;1000;EXCHANGE_LAST;;1;1;XEUR;72058607650212076;236;
03.06.2025;11:20:34.595;BNPH SI 20250919 CS;SIMPLE_INSTRUMENT;BLOCK;EUR;31;77.18900000;1000;PRC_DECOMP_EXCHANGE;;;;XEUR;11701000;236;EXCHANGE
03.06.2025;11:20:34.595;BNPH SI 20250620 CS;SIMPLE_INSTRUMENT;BLOCK;EUR;31;76.77400000;1000;PRC_DECOMP_EXCHANGE;;;;XEUR;11170600;236;EXCHANGE
03.06.2025;13:36:37.876;BPE.O.250603.STG.000003;STANDARD_OPTION_STRATEGY;BLOCK;EUR;23;1.52000000;2000;EXCHANGE_LAST;;1;1;XEUR;72058568995504168;227;
03.06.2025;13:36:37.876;BPE SI 20260319 PS AM P 7.60 0;SIMPLE_INSTRUMENT;BLOCK;EUR;23;0.83900000;2000;PRC_DECOMP_EXCHANGE;;;;XEUR;12987881;227;EXCHANGE
03.06.2025;13:36:37.876;BPE SI 20260319 PS AM C 8.00 0;SIMPLE_INSTRUMENT;BLOCK;EUR;23;0.68100000;2000;PRC_DECOMP_EXCHANGE;;;;XEUR;12987878;227;EXCHANGE
03.06.2025;16:02:45.647;BPEF SI 20250619 CS;SIMPLE_INSTRUMENT;BLOCK;EUR;95;7.73830000;3200;EXCHANGE_LAST;;1;1;XEUR;11161772;226;
03.06.2025;15:54:25.947;BPSF SI 20250619 CS;SIMPLE_INSTRUMENT;BLOCK;EUR;79;11.91280000;1800;EXCHANGE_LAST;;1;1;XEUR;11161929;253;
03.06.2025;11:25:53.544;BSD2.O.250603.STG.000002;STANDARD_OPTION_STRATEGY;BLOCK;EUR;17;0.75000000;10000;EXCHANGE_LAST;;1;1;XEUR;72058646304923243;245;
03.06.2025;11:25:53.544;BSD2 SI 20260619 PS AM C 8.50 0;SIMPLE_INSTRUMENT;BLOCK;EUR;17;0.30000000;10000;PRC_DECOMP_MEMBER;;;;XEUR;12745584;245;MEMBER
03.06.2025;11:25:53.544;BSD2 SI 20260619 PS AM P 6.00 0;SIMPLE_INSTRUMENT;BLOCK;EUR;17;0.45000000;10000;PRC_DECOMP_MEMBER;;;;XEUR;9737818;245;MEMBER
03.06.2025;10:25:44.464;CAR SI 20260320 PS AM P 12.00 0;SIMPLE_INSTRUMENT;BLOCK;EUR;11;0.51000000;4000;EXCHANGE_LAST;;1;1;XEUR;13503289;265;
03.06.2025;10:00:11.416;CBK SI 20261218 PS AM C 32.00 0;SIMPLE_INSTRUMENT;BLOCK;EUR;5;3.10000000;2500;EXCHANGE_LAST;;1;1;XEUR;11088003;268;
03.06.2025;10:09:13.700;CBK SI 20261218 PS AM P 19.00 0;SIMPLE_INSTRUMENT;BLOCK;EUR;6;2.28000000;7500;EXCHANGE_LAST;;1;2;XEUR;12771047;268;
03.06.2025;11:37:45.911;CBK SI 20260619 PS AM P 26.00 0;SIMPLE_INSTRUMENT;BLOCK;EUR;7;4.11000000;1500;EXCHANGE_LAST;;1;1;XEUR;13309931;268;
03.06.2025;14:55:29.100;CBK SI 20261218 PS AM P 20.00 0;SIMPLE_INSTRUMENT;BLOCK;EUR;10;2.60000000;10000;EXCHANGE_LAST;;1;1;XEUR;9040227;268;
03.06.2025;15:13:45.733;CBKH.S.JUN25.SEP25.SPD;FUTURES_SPREAD;BLOCK;EUR;76;-0.12500000;21500;EXCHANGE_LAST;;1;2;XEUR;72102218748134599;10390;
03.06.2025;15:13:45.733;CBKH SI 20250620 CS;SIMPLE_INSTRUMENT;BLOCK;EUR;76;26.60460000;21500;PRC_DECOMP_EXCHANGE;;;;XEUR;11192082;10390;EXCHANGE
03.06.2025;15:13:45.733;CBKH SI 20250919 CS;SIMPLE_INSTRUMENT;BLOCK;EUR;76;26.72960000;21500;PRC_DECOMP_EXCHANGE;;;;XEUR;11722374;10390;EXCHANGE
03.06.2025;09:37:15.448;CFR SI 20250718 PS AM C 156.00 0;SIMPLE_INSTRUMENT;BLOCK;CHF;16;4.85000000;500;EXCHANGE_LAST;;1;1;XEUR;13238750;313;
03.06.2025;12:11:04.598;CFR SI 20250919 PS AM P 140.00 0;SIMPLE_INSTRUMENT;BLOCK;CHF;38;6.45000000;600;EXCHANGE_LAST;;1;2;XEUR;11876535;313;
03.06.2025;15:52:55.548;CFR SI 20260320 PS AM P 120.00 0;SIMPLE_INSTRUMENT;BLOCK;CHF;58;5.35000000;500;EXCHANGE_LAST;;1;1;XEUR;13000390;313;
03.06.2025;08:14:10.564;CFRL SI 20250620 CS;SIMPLE_INSTRUMENT;BLOCK;CHF;2;153.17000000;2000;EXCHANGE_LAST;;1;1;XEUR;11215225;729453;
03.06.2025;08:14:00.732;CFRL SI 20250815 CS;SIMPLE_INSTRUMENT;BLOCK;CHF;3;153.19900000;2000;EXCHANGE_LAST;;1;1;XEUR;11576690;729453;
03.06.2025;15:01:21.407;CFRL SI 20250620 CS;SIMPLE_INSTRUMENT;BLOCK;CHF;73;151.94410000;1400;EXCHANGE_LAST;;1;1;XEUR;11215225;729453;
03.06.2025;13:39:32.669;CGM FI 20250620 PS EU P 200.0000 0;FLEXIBLE_INSTRUMENT;BLOCK;EUR;25;55.87000000;500;EXCHANGE_LAST;;1;1;XEUR;1152922866111489845;317;
03.06.2025;13:39:41.887;CGM FI 20250620 PS EU P 200.0000 0;FLEXIBLE_INSTRUMENT;BLOCK;EUR;26;55.86000000;500;EXCHANGE_LAST;;1;1;XEUR;1152922866111489845;317;
03.06.2025;13:41:04.268;CGM FI 20251219 PS EU P 198.0000 0;FLEXIBLE_INSTRUMENT;BLOCK;EUR;27;52.68000000;300;EXCHANGE_LAST;;1;1;XEUR;1152922866111489846;317;
03.06.2025;13:41:15.701;CGM FI 20251219 PS EU P 198.0000 0;FLEXIBLE_INSTRUMENT;BLOCK;EUR;28;52.67000000;1700;EXCHANGE_LAST;;1;1;XEUR;1152922866111489846;317;
03.06.2025;10:40:12.370;CLN SI 20260320 PS AM P 8.00 0;SIMPLE_INSTRUMENT;BLOCK;CHF;30;0.59000000;5000;EXCHANGE_LAST;;1;1;XEUR;13000176;296;
03.06.2025;13:31:25.814;CRI5 SI 20250619 PS AM P 56.00 0;SIMPLE_INSTRUMENT;BLOCK;EUR;22;1.14000000;1500;EXCHANGE_LAST;;1;1;XEUR;11337255;320;
03.06.2025;13:40:02.554;CRI5 SI 20250619 PS AM P 56.00 0;SIMPLE_INSTRUMENT;BLOCK;EUR;24;1.14000000;750;EXCHANGE_LAST;;1;1;XEUR;11337255;320;
03.06.2025;15:35:23.660;CRI5 SI 20261217 PS AM P 50.00 0;SIMPLE_INSTRUMENT;BLOCK;EUR;37;6.55000000;3000;EXCHANGE_LAST;;1;1;XEUR;12762046;320;
03.06.2025;14:41:23.241;D3AI SI 20261218 CS;SIMPLE_INSTRUMENT;BLOCK;EUR;63;2.48000000;50;EXCHANGE_LAST;;1;1;XEUR;7144051;443197;
03.06.2025;08:54:51.617;DAI SI 20250620 PS AM C 52.00 0;SIMPLE_INSTRUMENT;BLOCK;EUR;2;0.89000000;2000;EXCHANGE_LAST;;1;1;XEUR;7934269;443196;
03.06.2025;14:02:38.201;DAI SI 20250620 PS AM P 48.00 0;SIMPLE_INSTRUMENT;BLOCK;EUR;16;0.34000000;4500;EXCHANGE_LAST;;2;2;XEUR;7934260;443196;
03.06.2025;14:35:48.922;DAI.O.250603.STD.000015;STANDARD_OPTION_STRATEGY;BLOCK;EUR;20;17.30000000;750;EXCHANGE_LAST;;2;1;XEUR;73961106363666799;443196;
03.06.2025;14:35:48.922;DAI SI 20271217 PS AM P 48.00 0;SIMPLE_INSTRUMENT;BLOCK;EUR;20;7.76000000;750;PRC_DECOMP_EXCHANGE;;;;XEUR;8833332;443196;EXCHANGE
03.06.2025;14:35:48.922;DAI SI 20271217 PS AM C 48.00 0;SIMPLE_INSTRUMENT;BLOCK;EUR;20;9.54000000;750;PRC_DECOMP_EXCHANGE;;;;XEUR;8833336;443196;EXCHANGE
03.06.2025;15:17:08.782;DAI SI 20250620 PS AM C 54.00 0;SIMPLE_INSTRUMENT;BLOCK;EUR;28;0.46000000;2085;EXCHANGE_LAST;;1;1;XEUR;13049932;443196;
03.06.2025;10:42:08.949;DHE SI 20251219 PS AM C 30.00 0;SIMPLE_INSTRUMENT;BLOCK;EUR;9;1.68000000;850;EXCHANGE_LAST;;1;1;XEUR;7377994;57135;
03.06.2025;10:42:12.283;DHE SI 20251219 PS AM C 26.00 0;SIMPLE_INSTRUMENT;BLOCK;EUR;10;3.05000000;1300;EXCHANGE_LAST;;1;1;XEUR;12474048;57135;
03.06.2025;10:42:12.606;DHE SI 20251219 PS AM C 30.00 0;SIMPLE_INSTRUMENT;BLOCK;EUR;11;1.66000000;1450;EXCHANGE_LAST;;1;1;XEUR;7377994;57135;
03.06.2025;11:15:51.703;DPW SI 20250620 PS AM P 40.00 0;SIMPLE_INSTRUMENT;BLOCK;EUR;14;1.25000000;1000;EXCHANGE_LAST;;2;1;XEUR;7902465;445;
03.06.2025;15:07:00.627;DPW SI 20250620 PS AM P 34.00 0;SIMPLE_INSTRUMENT;BLOCK;EUR;22;0.02000000;16000;EXCHANGE_LAST;;1;1;XEUR;11357243;445;
03.06.2025;15:07:03.713;DPW SI 20250919 PS AM P 36.00 0;SIMPLE_INSTRUMENT;BLOCK;EUR;23;0.96000000;16000;EXCHANGE_LAST;;1;1;XEUR;11878789;445;
03.06.2025;13:40:56.408;DPWF.S.JUN25.SEP25.SPD;FUTURES_SPREAD;BLOCK;EUR;43;-0.21500000;5000;EXCHANGE_LAST;;1;1;XEUR;72059501003407569;444;
03.06.2025;13:40:56.408;DPWF SI 20250620 CS;SIMPLE_INSTRUMENT;BLOCK;EUR;43;39.27850000;5000;PRC_DECOMP_EXCHANGE;;;;XEUR;11173216;444;EXCHANGE
03.06.2025;13:40:56.408;DPWF SI 20250919 CS;SIMPLE_INSTRUMENT;BLOCK;EUR;43;39.49350000;5000;PRC_DECOMP_EXCHANGE;;;;XEUR;11703690;444;EXCHANGE
03.06.2025;07:15:39.858;DTE SI 20250620 PS AM P 33.00 0;SIMPLE_INSTRUMENT;BLOCK;EUR;1;0.45000000;1500;EXCHANGE_LAST;;1;1;XEUR;12038061;424;
03.06.2025;09:25:39.598;DTE.O.250603.STD.000003;STANDARD_OPTION_STRATEGY;BLOCK;EUR;5;1.34000000;1500;EXCHANGE_LAST;;1;1;XEUR;72059415104109745;424;
03.06.2025;09:25:39.598;DTE SI 20250620 PS AM P 33.00 0;SIMPLE_INSTRUMENT;BLOCK;EUR;5;0.34000000;1500;PRC_DECOMP_EXCHANGE;;;;XEUR;12038061;424;EXCHANGE
03.06.2025;09:25:39.598;DTE SI 20250620 PS AM C 33.00 0;SIMPLE_INSTRUMENT;BLOCK;EUR;5;1.00000000;1500;PRC_DECOMP_EXCHANGE;;;;XEUR;12038060;424;EXCHANGE
03.06.2025;10:54:51.525;DTE.O.250603.RBUL.000007;STANDARD_OPTION_STRATEGY;BLOCK;EUR;12;-1.10000000;5000;EXCHANGE_LAST;;1;2;XEUR;72059415104109749;424;
03.06.2025;10:54:51.525;DTE SI 20250718 PS AM C 37.00 0;SIMPLE_INSTRUMENT;BLOCK;EUR;12;0.20000000;10000;PRC_DECOMP_EXCHANGE;;;;XEUR;13239991;424;EXCHANGE
03.06.2025;10:54:51.525;DTE SI 20250718 PS AM C 33.00 0;SIMPLE_INSTRUMENT;BLOCK;EUR;12;1.50000000;5000;PRC_DECOMP_EXCHANGE;;;;XEUR;13240026;424;EXCHANGE
03.06.2025;10:21:24.407;DYS1.O.250603.STG.000001;STANDARD_OPTION_STRATEGY;BLOCK;EUR;10;5.95000000;800;EXCHANGE_LAST;;1;1;XEUR;72059634147399241;475;
03.06.2025;10:21:24.407;DYS1 SI 20260320 PS AM C 34.00 0;SIMPLE_INSTRUMENT;BLOCK;EUR;10;2.90000000;800;PRC_DECOMP_MEMBER;;;;XEUR;13003533;475;MEMBER
03.06.2025;10:21:24.407;DYS1 SI 20260320 PS AM P 32.00 0;SIMPLE_INSTRUMENT;BLOCK;EUR;10;3.05000000;800;PRC_DECOMP_MEMBER;;;;XEUR;13003536;475;MEMBER
03.06.2025;14:10:07.119;DYS1 SI 20250815 PS AM C 38.00 0;SIMPLE_INSTRUMENT;BLOCK;EUR;29;0.42000000;1803;EXCHANGE_LAST;;1;1;XEUR;13409446;475;
03.06.2025;14:10:25.104;DYS1 SI 20250815 PS AM C 38.00 0;SIMPLE_INSTRUMENT;BLOCK;EUR;30;0.44000000;3365;EXCHANGE_LAST;;1;1;XEUR;13409446;475;
03.06.2025;10:29:00.195;E2DS SI 20251219 CS;SIMPLE_INSTRUMENT;BLOCK;EUR;18;1.31000000;365;EXCHANGE_LAST;;1;1;XEUR;5914565;151299;
03.06.2025;09:01:13.514;E2NL SI 20261218 CS;SIMPLE_INSTRUMENT;BLOCK;EUR;12;0.45700000;1000;EXCHANGE_LAST;;1;1;XEUR;4632356;471;
03.06.2025;09:01:22.514;E2NL SI 20261218 CS;SIMPLE_INSTRUMENT;BLOCK;EUR;13;0.45800000;1000;EXCHANGE_LAST;;1;1;XEUR;4632356;471;
03.06.2025;10:59:24.332;E2NL SI 20261218 CS;SIMPLE_INSTRUMENT;BLOCK;EUR;23;0.45700000;350;EXCHANGE_LAST;;1;1;XEUR;4632356;471;
03.06.2025;10:59:35.333;E2NL SI 20261218 CS;SIMPLE_INSTRUMENT;BLOCK;EUR;24;0.45800000;350;EXCHANGE_LAST;;1;1;XEUR;4632356;471;
03.06.2025;11:15:01.811;E2NL SI 20261218 CS;SIMPLE_INSTRUMENT;BLOCK;EUR;29;0.45700000;500;EXCHANGE_LAST;;1;1;XEUR;4632356;471;
03.06.2025;11:15:08.812;E2NL SI 20261218 CS;SIMPLE_INSTRUMENT;BLOCK;EUR;30;0.45800000;500;EXCHANGE_LAST;;1;1;XEUR;4632356;471;
03.06.2025;13:56:32.678;E2NL SI 20281215 CS;SIMPLE_INSTRUMENT;BLOCK;EUR;45;0.42500000;1000;EXCHANGE_LAST;;1;1;XEUR;6802276;471;
03.06.2025;14:25:16.546;E2NL SI 20261218 CS;SIMPLE_INSTRUMENT;BLOCK;EUR;52;0.45700000;200;EXCHANGE_LAST;;1;1;XEUR;4632356;471;
03.06.2025;14:25:22.260;E2NL SI 20261218 CS;SIMPLE_INSTRUMENT;BLOCK;EUR;53;0.45800000;200;EXCHANGE_LAST;;1;1;XEUR;4632356;471;
03.06.2025;11:06:57.241;E2NT SI 20271217 CS;SIMPLE_INSTRUMENT;BLOCK;EUR;27;0.88500000;562;EXCHANGE_LAST;;1;1;XEUR;5914575;470;
03.06.2025;15:56:54.924;EAMG SI 20250619 CS;SIMPLE_INSTRUMENT;BLOCK;EUR;84;2.30240000;6800;EXCHANGE_LAST;;1;1;XEUR;11162294;461;
03.06.2025;12:22:31.687;EF3G SI 20250620 CS;SIMPLE_INSTRUMENT;BLOCK;EUR;38;122.44000000;400;EXCHANGE_LAST;;1;1;XEUR;11173651;455;
03.06.2025;14:45:29.931;ENR SI 20250620 PS AM P 85.00 0;SIMPLE_INSTRUMENT;BLOCK;EUR;20;2.18000000;1000;EXCHANGE_LAST;;1;1;XEUR;13464794;298530;
03.06.2025;15:04:24.039;ENR SI 20270618 PS AM P 60.00 0;SIMPLE_INSTRUMENT;BLOCK;EUR;21;8.82000000;750;EXCHANGE_LAST;;1;1;XEUR;12144236;298530;
03.06.2025;15:08:03.623;ENT5.O.250603.PDIA.000001;STANDARD_OPTION_STRATEGY;BLOCK;EUR;31;0.05000000;800;EXCHANGE_LAST;;1;1;XEUR;72059728636685281;497;
03.06.2025;15:08:03.623;ENT5 SI 20250619 PS AM P 14.00 0;SIMPLE_INSTRUMENT;BLOCK;EUR;31;0.74150000;800;PRC_DECOMP_EXCHANGE;;;;XEUR;7889865;497;EXCHANGE
03.06.2025;15:08:03.623;ENT5 SI 20251218 PS AM P 13.00 0;SIMPLE_INSTRUMENT;BLOCK;EUR;31;0.79150000;800;PRC_DECOMP_EXCHANGE;;;;XEUR;11793683;497;EXCHANGE
03.06.2025;15:55:16.394;ENTH SI 20250619 CS;SIMPLE_INSTRUMENT;BLOCK;EUR;80;13.21430000;30200;EXCHANGE_LAST;;1;1;XEUR;11165310;524973;
03.06.2025;15:42:42.671;EOA.O.250603.STG.000007;STANDARD_OPTION_STRATEGY;BLOCK;EUR;30;2.46000000;3000;EXCHANGE_LAST;;1;2;XEUR;72268326608333065;49065;
03.06.2025;15:42:42.671;EOA SI 20260619 PS AM C 15.00 0;SIMPLE_INSTRUMENT;BLOCK;EUR;30;1.62000000;3000;PRC_DECOMP_EXCHANGE;;;;XEUR;13137899;49065;EXCHANGE
03.06.2025;15:42:42.671;EOA SI 20260619 PS AM P 14.00 0;SIMPLE_INSTRUMENT;BLOCK;EUR;30;0.84000000;3000;PRC_DECOMP_EXCHANGE;;;;XEUR;9579006;49065;EXCHANGE
03.06.2025;10:00:44.055;F3IA SI 20261218 CS;SIMPLE_INSTRUMENT;BLOCK;EUR;14;0.38500000;1250;EXCHANGE_LAST;;1;2;XEUR;6830373;390387;
03.06.2025;14:35:34.807;F3IA SI 20261218 CS;SIMPLE_INSTRUMENT;BLOCK;EUR;65;0.39200000;400;EXCHANGE_LAST;;1;2;XEUR;6830373;390387;
03.06.2025;14:36:15.815;F3IA SI 20261218 CS;SIMPLE_INSTRUMENT;BLOCK;EUR;66;0.39300000;400;EXCHANGE_LAST;;1;2;XEUR;6830373;390387;
03.06.2025;16:01:20.273;FBKF SI 20250619 CS;SIMPLE_INSTRUMENT;BLOCK;EUR;93;18.92050000;1600;EXCHANGE_LAST;;1;1;XEUR;11164335;128151;
03.06.2025;07:05:40.293;FBTP SI 20250606 PS;SIMPLE_INSTRUMENT;BLOCK;EUR;1;121.39000000;456;EXCHANGE_LAST;;1;1;XEUR;11820365;636;
03.06.2025;07:05:59.925;FBTP SI 20250908 PS;SIMPLE_INSTRUMENT;BLOCK;EUR;2;121.00000000;437;EXCHANGE_LAST;;1;1;XEUR;12372474;636;
03.06.2025;07:15:56.237;FBTP.S.JUN25.SEP25.SPD;FUTURES_SPREAD;BLOCK;EUR;3;0.39000000;1400;EXCHANGE_LAST;;1;1;XEUR;72060325637128286;636;
03.06.2025;07:15:56.237;FBTP SI 20250908 PS;SIMPLE_INSTRUMENT;BLOCK;EUR;3;120.98000000;1400;PRC_DECOMP_MEMBER;;;;XEUR;12372474;636;MEMBER
03.06.2025;07:15:56.237;FBTP SI 20250606 PS;SIMPLE_INSTRUMENT;BLOCK;EUR;3;121.37000000;1400;PRC_DECOMP_MEMBER;;;;XEUR;11820365;636;MEMBER
03.06.2025;07:17:39.320;FBTP.S.JUN25.SEP25.SPD;FUTURES_SPREAD;BLOCK;EUR;4;0.38000000;500;EXCHANGE_LAST;;1;1;XEUR;72060325637128286;636;
03.06.2025;07:17:39.320;FBTP SI 20250908 PS;SIMPLE_INSTRUMENT;BLOCK;EUR;4;121.00000000;500;PRC_DECOMP_EXCHANGE;;;;XEUR;12372474;636;EXCHANGE
03.06.2025;07:17:39.320;FBTP SI 20250606 PS;SIMPLE_INSTRUMENT;BLOCK;EUR;4;121.38000000;500;PRC_DECOMP_EXCHANGE;;;;XEUR;11820365;636;EXCHANGE
03.06.2025;07:17:46.003;FBTP.S.JUN25.SEP25.SPD;FUTURES_SPREAD;BLOCK;EUR;5;0.39000000;500;EXCHANGE_LAST;;1;1;XEUR;72060325637128286;636;
03.06.2025;07:17:46.003;FBTP SI 20250606 PS;SIMPLE_INSTRUMENT;BLOCK;EUR;5;121.38000000;500;PRC_DECOMP_EXCHANGE;;;;XEUR;11820365;636;EXCHANGE
03.06.2025;07:17:46.003;FBTP SI 20250908 PS;SIMPLE_INSTRUMENT;BLOCK;EUR;5;120.99000000;500;PRC_DECOMP_EXCHANGE;;;;XEUR;12372474;636;EXCHANGE
03.06.2025;07:22:18.418;FBTP.S.JUN25.SEP25.SPD;FUTURES_SPREAD;BLOCK;EUR;6;0.38000000;278;EXCHANGE_LAST;;1;1;XEUR;72060325637128286;636;
03.06.2025;07:22:18.418;FBTP SI 20250606 PS;SIMPLE_INSTRUMENT;BLOCK;EUR;6;121.23000000;278;PRC_DECOMP_EXCHANGE;;;;XEUR;11820365;636;EXCHANGE
03.06.2025;07:22:18.418;FBTP SI 20250908 PS;SIMPLE_INSTRUMENT;BLOCK;EUR;6;120.85000000;278;PRC_DECOMP_EXCHANGE;;;;XEUR;12372474;636;EXCHANGE
03.06.2025;07:22:26.285;FBTP.S.JUN25.SEP25.SPD;FUTURES_SPREAD;BLOCK;EUR;7;0.39000000;279;EXCHANGE_LAST;;1;1;XEUR;72060325637128286;636;
03.06.2025;07:22:26.285;FBTP SI 20250908 PS;SIMPLE_INSTRUMENT;BLOCK;EUR;7;120.85000000;279;PRC_DECOMP_EXCHANGE;;;;XEUR;12372474;636;EXCHANGE
03.06.2025;07:22:26.285;FBTP SI 20250606 PS;SIMPLE_INSTRUMENT;BLOCK;EUR;7;121.24000000;279;PRC_DECOMP_EXCHANGE;;;;XEUR;11820365;636;EXCHANGE
03.06.2025;07:23:41.573;FBTP.S.JUN25.SEP25.SPD;FUTURES_SPREAD;BLOCK;EUR;8;0.38000000;500;EXCHANGE_LAST;;1;1;XEUR;72060325637128286;636;
03.06.2025;07:23:41.573;FBTP SI 20250606 PS;SIMPLE_INSTRUMENT;BLOCK;EUR;8;121.21000000;500;PRC_DECOMP_MEMBER;;;;XEUR;11820365;636;MEMBER
03.06.2025;07:23:41.573;FBTP SI 20250908 PS;SIMPLE_INSTRUMENT;BLOCK;EUR;8;120.83000000;500;PRC_DECOMP_MEMBER;;;;XEUR;12372474;636;MEMBER
03.06.2025;07:23:47.543;FBTP.S.JUN25.SEP25.SPD;FUTURES_SPREAD;BLOCK;EUR;9;0.39000000;500;EXCHANGE_LAST;;1;1;XEUR;72060325637128286;636;
03.06.2025;07:23:47.543;FBTP SI 20250606 PS;SIMPLE_INSTRUMENT;BLOCK;EUR;9;121.21000000;500;PRC_DECOMP_MEMBER;;;;XEUR;11820365;636;MEMBER
03.06.2025;07:23:47.543;FBTP SI 20250908 PS;SIMPLE_INSTRUMENT;BLOCK;EUR;9;120.82000000;500;PRC_DECOMP_MEMBER;;;;XEUR;12372474;636;MEMBER
03.06.2025;07:24:52.432;FBTP.S.JUN25.SEP25.SPD;FUTURES_SPREAD;BLOCK;EUR;10;0.38000000;721;EXCHANGE_LAST;;1;1;XEUR;72060325637128286;636;
03.06.2025;07:24:52.432;FBTP SI 20250908 PS;SIMPLE_INSTRUMENT;BLOCK;EUR;10;120.84000000;721;PRC_DECOMP_EXCHANGE;;;;XEUR;12372474;636;EXCHANGE
03.06.2025;07:24:52.432;FBTP SI 20250606 PS;SIMPLE_INSTRUMENT;BLOCK;EUR;10;121.22000000;721;PRC_DECOMP_EXCHANGE;;;;XEUR;11820365;636;EXCHANGE
03.06.2025;07:26:06.572;FBTP.S.JUN25.SEP25.SPD;FUTURES_SPREAD;BLOCK;EUR;11;0.39000000;722;EXCHANGE_LAST;;1;1;XEUR;72060325637128286;636;
03.06.2025;07:26:06.572;FBTP SI 20250606 PS;SIMPLE_INSTRUMENT;BLOCK;EUR;11;121.31000000;722;PRC_DECOMP_EXCHANGE;;;;XEUR;11820365;636;EXCHANGE
03.06.2025;07:26:06.572;FBTP SI 20250908 PS;SIMPLE_INSTRUMENT;BLOCK;EUR;11;120.92000000;722;PRC_DECOMP_EXCHANGE;;;;XEUR;12372474;636;EXCHANGE
03.06.2025;07:41:10.647;FBTP SI 20250606 PS;SIMPLE_INSTRUMENT;BLOCK;EUR;12;121.22000000;736;EXCHANGE_LAST;;1;1;XEUR;11820365;636;
03.06.2025;07:41:22.958;FBTP SI 20250908 PS;SIMPLE_INSTRUMENT;BLOCK;EUR;13;120.85000000;368;EXCHANGE_LAST;;1;1;XEUR;12372474;636;
03.06.2025;07:41:34.805;FBTP SI 20250908 PS;SIMPLE_INSTRUMENT;BLOCK;EUR;14;120.84000000;368;EXCHANGE_LAST;;1;1;XEUR;12372474;636;
03.06.2025;07:59:13.441;FBTP.S.JUN25.SEP25.SPD;FUTURES_SPREAD;BLOCK;EUR;15;0.37000000;678;EXCHANGE_LAST;;1;1;XEUR;72060325637128286;636;
03.06.2025;07:59:13.441;FBTP SI 20250908 PS;SIMPLE_INSTRUMENT;BLOCK;EUR;15;120.76000000;678;PRC_DECOMP_EXCHANGE;;;;XEUR;12372474;636;EXCHANGE
03.06.2025;07:59:13.441;FBTP SI 20250606 PS;SIMPLE_INSTRUMENT;BLOCK;EUR;15;121.13000000;678;PRC_DECOMP_EXCHANGE;;;;XEUR;11820365;636;EXCHANGE
03.06.2025;07:59:21.060;FBTP.S.JUN25.SEP25.SPD;FUTURES_SPREAD;BLOCK;EUR;16;0.38000000;679;EXCHANGE_LAST;;1;1;XEUR;72060325637128286;636;
03.06.2025;07:59:21.060;FBTP SI 20250908 PS;SIMPLE_INSTRUMENT;BLOCK;EUR;16;120.76000000;679;PRC_DECOMP_EXCHANGE;;;;XEUR;12372474;636;EXCHANGE
03.06.2025;07:59:21.060;FBTP SI 20250606 PS;SIMPLE_INSTRUMENT;BLOCK;EUR;16;121.14000000;679;PRC_DECOMP_EXCHANGE;;;;XEUR;11820365;636;EXCHANGE
03.06.2025;08:01:11.948;FBTP.S.JUN25.SEP25.SPD;FUTURES_SPREAD;BLOCK;EUR;17;0.37000000;666;EXCHANGE_LAST;;1;1;XEUR;72060325637128286;636;
03.06.2025;08:01:11.948;FBTP SI 20250908 PS;SIMPLE_INSTRUMENT;BLOCK;EUR;17;120.75000000;666;PRC_DECOMP_EXCHANGE;;;;XEUR;12372474;636;EXCHANGE
03.06.2025;08:01:11.948;FBTP SI 20250606 PS;SIMPLE_INSTRUMENT;BLOCK;EUR;17;121.12000000;666;PRC_DECOMP_EXCHANGE;;;;XEUR;11820365;636;EXCHANGE
03.06.2025;08:01:16.986;FBTP.S.JUN25.SEP25.SPD;FUTURES_SPREAD;BLOCK;EUR;18;0.38000000;666;EXCHANGE_LAST;;1;1;XEUR;72060325637128286;636;
03.06.2025;08:01:16.986;FBTP SI 20250908 PS;SIMPLE_INSTRUMENT;BLOCK;EUR;18;120.74000000;666;PRC_DECOMP_EXCHANGE;;;;XEUR;12372474;636;EXCHANGE
03.06.2025;08:01:16.986;FBTP SI 20250606 PS;SIMPLE_INSTRUMENT;BLOCK;EUR;18;121.12000000;666;PRC_DECOMP_EXCHANGE;;;;XEUR;11820365;636;EXCHANGE
03.06.2025;08:04:17.216;FBTP SI 20250606 PS;SIMPLE_INSTRUMENT;EFP_FIN;EUR;19;121.26000000;482;EXCHANGE_LAST;;1;1;XEUR;11820365;636;
03.06.2025;08:10:40.693;FBTP SI 20250908 PS;SIMPLE_INSTRUMENT;EFP_FIN;EUR;20;120.77000000;897;EXCHANGE_LAST;;1;1;XEUR;12372474;636;
03.06.2025;08:13:00.825;FBTP SI 20250606 PS;SIMPLE_INSTRUMENT;EFP_FIN;EUR;21;121.10000000;884;EXCHANGE_LAST;;1;1;XEUR;11820365;636;
03.06.2025;08:17:01.317;FBTP SI 20250606 PS;SIMPLE_INSTRUMENT;EFP_FIN;EUR;22;121.17000000;1407;EXCHANGE_LAST;;1;1;XEUR;11820365;636;
03.06.2025;08:30:14.427;FBTP.S.JUN25.SEP25.SPD;FUTURES_SPREAD;BLOCK;EUR;23;0.38000000;372;EXCHANGE_LAST;;1;1;XEUR;72060325637128286;636;
03.06.2025;08:30:14.427;FBTP SI 20250908 PS;SIMPLE_INSTRUMENT;BLOCK;EUR;23;120.85000000;372;PRC_DECOMP_MEMBER;;;;XEUR;12372474;636;MEMBER
03.06.2025;08:30:14.427;FBTP SI 20250606 PS;SIMPLE_INSTRUMENT;BLOCK;EUR;23;121.23000000;372;PRC_DECOMP_MEMBER;;;;XEUR;11820365;636;MEMBER
03.06.2025;08:31:26.587;FBTP.S.JUN25.SEP25.SPD;FUTURES_SPREAD;BLOCK;EUR;24;0.39000000;372;EXCHANGE_LAST;;1;1;XEUR;72060325637128286;636;
03.06.2025;08:31:26.587;FBTP SI 20250606 PS;SIMPLE_INSTRUMENT;BLOCK;EUR;24;121.23000000;372;PRC_DECOMP_MEMBER;;;;XEUR;11820365;636;MEMBER
03.06.2025;08:31:26.587;FBTP SI 20250908 PS;SIMPLE_INSTRUMENT;BLOCK;EUR;24;120.84000000;372;PRC_DECOMP_MEMBER;;;;XEUR;12372474;636;MEMBER
03.06.2025;08:32:47.722;FBTP.S.JUN25.SEP25.SPD;FUTURES_SPREAD;BLOCK;EUR;25;0.38000000;337;EXCHANGE_LAST;;1;1;XEUR;72060325637128286;636;
03.06.2025;08:32:47.722;FBTP SI 20250908 PS;SIMPLE_INSTRUMENT;BLOCK;EUR;25;120.85000000;337;PRC_DECOMP_MEMBER;;;;XEUR;12372474;636;MEMBER
03.06.2025;08:32:47.722;FBTP SI 20250606 PS;SIMPLE_INSTRUMENT;BLOCK;EUR;25;121.23000000;337;PRC_DECOMP_MEMBER;;;;XEUR;11820365;636;MEMBER
03.06.2025;08:33:52.458;FBTP.S.JUN25.SEP25.SPD;FUTURES_SPREAD;BLOCK;EUR;26;0.39000000;337;EXCHANGE_LAST;;1;1;XEUR;72060325637128286;636;
03.06.2025;08:33:52.458;FBTP SI 20250908 PS;SIMPLE_INSTRUMENT;BLOCK;EUR;26;120.84000000;337;PRC_DECOMP_MEMBER;;;;XEUR;12372474;636;MEMBER
03.06.2025;08:33:52.458;FBTP SI 20250606 PS;SIMPLE_INSTRUMENT;BLOCK;EUR;26;121.23000000;337;PRC_DECOMP_MEMBER;;;;XEUR;11820365;636;MEMBER
03.06.2025;08:44:15.933;FBTP SI 20250606 PS;SIMPLE_INSTRUMENT;BLOCK;EUR;27;121.22000000;554;EXCHANGE_LAST;;1;1;XEUR;11820365;636;
03.06.2025;08:44:54.654;FBTP SI 20250908 PS;SIMPLE_INSTRUMENT;BLOCK;EUR;28;120.83000000;273;EXCHANGE_LAST;;1;1;XEUR;12372474;636;
03.06.2025;08:44:58.358;FBTP SI 20250908 PS;SIMPLE_INSTRUMENT;BLOCK;EUR;29;120.84000000;273;EXCHANGE_LAST;;1;1;XEUR;12372474;636;
03.06.2025;08:45:39.192;FBTP SI 20250606 PS;SIMPLE_INSTRUMENT;EFP_FIN;EUR;30;121.27000000;939;EXCHANGE_LAST;;1;1;XEUR;11820365;636;
03.06.2025;08:45:47.397;FBTP SI 20250606 PS;SIMPLE_INSTRUMENT;EFP_FIN;EUR;31;121.21000000;1407;EXCHANGE_LAST;;1;1;XEUR;11820365;636;
03.06.2025;09:00:17.497;FBTP SI 20250606 PS;SIMPLE_INSTRUMENT;BLOCK;EUR;32;121.26000000;629;EXCHANGE_LAST;;1;1;XEUR;11820365;636;
03.06.2025;09:01:10.239;FBTP SI 20250908 PS;SIMPLE_INSTRUMENT;EFP_FIN;EUR;33;120.81000000;860;EXCHANGE_LAST;;1;1;XEUR;12372474;636;
03.06.2025;09:01:27.679;FBTP SI 20250908 PS;SIMPLE_INSTRUMENT;BLOCK;EUR;34;120.87000000;304;EXCHANGE_LAST;;1;1;XEUR;12372474;636;
03.06.2025;09:02:01.634;FBTP SI 20250908 PS;SIMPLE_INSTRUMENT;BLOCK;EUR;35;120.88000000;304;EXCHANGE_LAST;;1;1;XEUR;12372474;636;
03.06.2025;09:02:50.877;FBTP.S.JUN25.SEP25.SPD;FUTURES_SPREAD;BLOCK;EUR;36;0.38000000;750;EXCHANGE_LAST;;1;1;XEUR;72060325637128286;636;
03.06.2025;09:02:50.877;FBTP SI 20250908 PS;SIMPLE_INSTRUMENT;BLOCK;EUR;36;120.91000000;750;PRC_DECOMP_EXCHANGE;;;;XEUR;12372474;636;EXCHANGE
03.06.2025;09:02:50.877;FBTP SI 20250606 PS;SIMPLE_INSTRUMENT;BLOCK;EUR;36;121.29000000;750;PRC_DECOMP_EXCHANGE;;;;XEUR;11820365;636;EXCHANGE
03.06.2025;09:02:58.185;FBTP.S.JUN25.SEP25.SPD;FUTURES_SPREAD;BLOCK;EUR;37;0.39000000;750;EXCHANGE_LAST;;1;1;XEUR;72060325637128286;636;
03.06.2025;09:02:58.185;FBTP SI 20250908 PS;SIMPLE_INSTRUMENT;BLOCK;EUR;37;120.91000000;750;PRC_DECOMP_EXCHANGE;;;;XEUR;12372474;636;EXCHANGE
03.06.2025;09:02:58.185;FBTP SI 20250606 PS;SIMPLE_INSTRUMENT;BLOCK;EUR;37;121.30000000;750;PRC_DECOMP_EXCHANGE;;;;XEUR;11820365;636;EXCHANGE
03.06.2025;09:27:25.129;FBTP.S.JUN25.SEP25.SPD;FUTURES_SPREAD;BLOCK;EUR;38;0.38000000;2034;EXCHANGE_LAST;;1;1;XEUR;72060325637128286;636;
03.06.2025;09:27:25.129;FBTP SI 20250606 PS;SIMPLE_INSTRUMENT;BLOCK;EUR;38;121.24000000;2034;PRC_DECOMP_MEMBER;;;;XEUR;11820365;636;MEMBER
03.06.2025;09:27:25.129;FBTP SI 20250908 PS;SIMPLE_INSTRUMENT;BLOCK;EUR;38;120.86000000;2034;PRC_DECOMP_MEMBER;;;;XEUR;12372474;636;MEMBER
03.06.2025;09:31:29.439;FBTP SI 20250606 PS;SIMPLE_INSTRUMENT;BLOCK;EUR;39;121.22000000;1000;EXCHANGE_LAST;;1;1;XEUR;11820365;636;
03.06.2025;09:31:38.547;FBTP SI 20250908 PS;SIMPLE_INSTRUMENT;BLOCK;EUR;40;120.84000000;500;EXCHANGE_LAST;;1;1;XEUR;12372474;636;
03.06.2025;09:31:46.937;FBTP SI 20250908 PS;SIMPLE_INSTRUMENT;BLOCK;EUR;41;120.85000000;500;EXCHANGE_LAST;;1;1;XEUR;12372474;636;
03.06.2025;09:37:33.241;FBTP SI 20250606 PS;SIMPLE_INSTRUMENT;BLOCK;EUR;42;121.24000000;6377;EXCHANGE_LAST;;1;1;XEUR;11820365;636;
03.06.2025;09:37:40.047;FBTP SI 20250908 PS;SIMPLE_INSTRUMENT;BLOCK;EUR;43;120.86000000;3188;EXCHANGE_LAST;;1;1;XEUR;12372474;636;
03.06.2025;09:37:47.342;FBTP SI 20250908 PS;SIMPLE_INSTRUMENT;BLOCK;EUR;44;120.87000000;3189;EXCHANGE_LAST;;1;1;XEUR;12372474;636;
03.06.2025;09:38:25.711;FBTP SI 20250606 PS;SIMPLE_INSTRUMENT;EFP_FIN;EUR;45;121.25000000;1407;EXCHANGE_LAST;;1;1;XEUR;11820365;636;
03.06.2025;09:45:16.934;FBTP SI 20250606 PS;SIMPLE_INSTRUMENT;EFP_FIN;EUR;46;121.23000000;130;EXCHANGE_LAST;;1;1;XEUR;11820365;636;
03.06.2025;09:49:13.142;FBTP SI 20250908 PS;SIMPLE_INSTRUMENT;EFP_FIN;EUR;47;120.87000000;656;EXCHANGE_LAST;;1;1;XEUR;12372474;636;
03.06.2025;09:50:51.858;FBTP SI 20250606 PS;SIMPLE_INSTRUMENT;BLOCK;EUR;48;121.21000000;884;EXCHANGE_LAST;;1;1;XEUR;11820365;636;
03.06.2025;09:53:01.275;FBTP.S.JUN25.SEP25.SPD;FUTURES_SPREAD;BLOCK;EUR;49;0.39000000;1547;EXCHANGE_LAST;;1;1;XEUR;72060325637128286;636;
03.06.2025;09:53:01.275;FBTP SI 20250606 PS;SIMPLE_INSTRUMENT;BLOCK;EUR;49;121.31000000;1547;PRC_DECOMP_MEMBER;;;;XEUR;11820365;636;MEMBER
03.06.2025;09:53:01.275;FBTP SI 20250908 PS;SIMPLE_INSTRUMENT;BLOCK;EUR;49;120.92000000;1547;PRC_DECOMP_MEMBER;;;;XEUR;12372474;636;MEMBER
03.06.2025;09:53:20.245;FBTP.S.JUN25.SEP25.SPD;FUTURES_SPREAD;BLOCK;EUR;50;0.38000000;1547;EXCHANGE_LAST;;1;1;XEUR;72060325637128286;636;
03.06.2025;09:53:20.245;FBTP SI 20250908 PS;SIMPLE_INSTRUMENT;BLOCK;EUR;50;120.93000000;1547;PRC_DECOMP_MEMBER;;;;XEUR;12372474;636;MEMBER
03.06.2025;09:53:20.245;FBTP SI 20250606 PS;SIMPLE_INSTRUMENT;BLOCK;EUR;50;121.31000000;1547;PRC_DECOMP_MEMBER;;;;XEUR;11820365;636;MEMBER
03.06.2025;09:53:27.384;FBTP SI 20250606 PS;SIMPLE_INSTRUMENT;BLOCK;EUR;51;121.22000000;442;EXCHANGE_LAST;;1;1;XEUR;11820365;636;
03.06.2025;10:01:40.824;FBTP.S.JUN25.SEP25.SPD;FUTURES_SPREAD;BLOCK;EUR;52;0.38000000;278;EXCHANGE_LAST;;1;1;XEUR;72060325637128286;636;
03.06.2025;10:01:40.824;FBTP SI 20250606 PS;SIMPLE_INSTRUMENT;BLOCK;EUR;52;121.29000000;278;PRC_DECOMP_EXCHANGE;;;;XEUR;11820365;636;EXCHANGE
03.06.2025;10:01:40.824;FBTP SI 20250908 PS;SIMPLE_INSTRUMENT;BLOCK;EUR;52;120.91000000;278;PRC_DECOMP_EXCHANGE;;;;XEUR;12372474;636;EXCHANGE
03.06.2025;10:02:07.623;FBTP.S.JUN25.SEP25.SPD;FUTURES_SPREAD;BLOCK;EUR;53;0.39000000;279;EXCHANGE_LAST;;1;1;XEUR;72060325637128286;636;
03.06.2025;10:02:07.623;FBTP SI 20250606 PS;SIMPLE_INSTRUMENT;BLOCK;EUR;53;121.30000000;279;PRC_DECOMP_EXCHANGE;;;;XEUR;11820365;636;EXCHANGE
03.06.2025;10:02:07.623;FBTP SI 20250908 PS;SIMPLE_INSTRUMENT;BLOCK;EUR;53;120.91000000;279;PRC_DECOMP_EXCHANGE;;;;XEUR;12372474;636;EXCHANGE
03.06.2025;10:07:11.854;FBTP.S.JUN25.SEP25.SPD;FUTURES_SPREAD;BLOCK;EUR;54;0.39000000;480;EXCHANGE_LAST;;1;1;XEUR;72060325637128286;636;
03.06.2025;10:07:11.854;FBTP SI 20250606 PS;SIMPLE_INSTRUMENT;BLOCK;EUR;54;121.29000000;480;PRC_DECOMP_EXCHANGE;;;;XEUR;11820365;636;EXCHANGE
03.06.2025;10:07:11.854;FBTP SI 20250908 PS;SIMPLE_INSTRUMENT;BLOCK;EUR;54;120.90000000;480;PRC_DECOMP_EXCHANGE;;;;XEUR;12372474;636;EXCHANGE
03.06.2025;10:10:04.749;FBTP.S.JUN25.SEP25.SPD;FUTURES_SPREAD;BLOCK;EUR;55;0.38000000;480;EXCHANGE_LAST;;1;1;XEUR;72060325637128286;636;
03.06.2025;10:10:04.749;FBTP SI 20250908 PS;SIMPLE_INSTRUMENT;BLOCK;EUR;55;120.87000000;480;PRC_DECOMP_MEMBER;;;;XEUR;12372474;636;MEMBER
03.06.2025;10:10:04.749;FBTP SI 20250606 PS;SIMPLE_INSTRUMENT;BLOCK;EUR;55;121.25000000;480;PRC_DECOMP_MEMBER;;;;XEUR;11820365;636;MEMBER
03.06.2025;10:46:50.223;FBTP SI 20250908 PS;SIMPLE_INSTRUMENT;EFP_FIN;EUR;56;120.85000000;108;EXCHANGE_LAST;;1;1;XEUR;12372474;636;
03.06.2025;11:10:33.368;FBTP SI 20250606 PS;SIMPLE_INSTRUMENT;BLOCK;EUR;57;121.25000000;2500;EXCHANGE_LAST;;1;1;XEUR;11820365;636;
03.06.2025;11:10:38.369;FBTP SI 20250908 PS;SIMPLE_INSTRUMENT;BLOCK;EUR;58;120.86000000;1250;EXCHANGE_LAST;;1;1;XEUR;12372474;636;
03.06.2025;11:10:43.370;FBTP SI 20250908 PS;SIMPLE_INSTRUMENT;BLOCK;EUR;59;120.87000000;1250;EXCHANGE_LAST;;1;1;XEUR;12372474;636;
03.06.2025;11:12:30.560;FBTP SI 20250606 PS;SIMPLE_INSTRUMENT;EFP_FIN;EUR;60;121.26000000;482;EXCHANGE_LAST;;1;1;XEUR;11820365;636;
03.06.2025;11:13:31.124;FBTP SI 20250606 PS;SIMPLE_INSTRUMENT;BLOCK;EUR;61;121.28000000;1892;EXCHANGE_LAST;;1;1;XEUR;11820365;636;
03.06.2025;11:13:52.694;FBTP SI 20250908 PS;SIMPLE_INSTRUMENT;BLOCK;EUR;62;120.90000000;946;EXCHANGE_LAST;;1;1;XEUR;12372474;636;
03.06.2025;11:14:19.390;FBTP SI 20250908 PS;SIMPLE_INSTRUMENT;BLOCK;EUR;63;120.89000000;946;EXCHANGE_LAST;;1;1;XEUR;12372474;636;
03.06.2025;11:16:17.952;FBTP SI 20250606 PS;SIMPLE_INSTRUMENT;BLOCK;EUR;64;121.28000000;2119;EXCHANGE_LAST;;1;1;XEUR;11820365;636;
03.06.2025;11:16:42.192;FBTP SI 20250908 PS;SIMPLE_INSTRUMENT;BLOCK;EUR;65;120.90000000;1059;EXCHANGE_LAST;;1;1;XEUR;12372474;636;
03.06.2025;11:17:06.527;FBTP SI 20250908 PS;SIMPLE_INSTRUMENT;BLOCK;EUR;66;120.89000000;1060;EXCHANGE_LAST;;1;1;XEUR;12372474;636;
03.06.2025;11:24:13.125;FBTP SI 20250606 PS;SIMPLE_INSTRUMENT;EFS;EUR;67;121.23000000;287;EXCHANGE_LAST;;1;1;XEUR;11820365;636;
03.06.2025;11:24:13.185;FBTP SI 20250908 PS;SIMPLE_INSTRUMENT;EFS;EUR;68;120.85000000;287;EXCHANGE_LAST;;1;1;XEUR;12372474;636;
03.06.2025;11:31:44.680;FBTP SI 20250908 PS;SIMPLE_INSTRUMENT;EFP_FIN;EUR;69;120.88000000;360;EXCHANGE_LAST;;1;1;XEUR;12372474;636;
03.06.2025;11:34:33.472;FBTP SI 20250606 PS;SIMPLE_INSTRUMENT;EFP_FIN;EUR;70;121.32000000;330;EXCHANGE_LAST;;1;1;XEUR;11820365;636;
03.06.2025;11:38:31.719;FBTP SI 20250606 PS;SIMPLE_INSTRUMENT;BLOCK;EUR;72;121.21000000;371;EXCHANGE_LAST;;1;1;XEUR;11820365;636;
03.06.2025;11:40:32.149;FBTP SI 20250606 PS;SIMPLE_INSTRUMENT;EFP_FIN;EUR;73;121.32000000;88;EXCHANGE_LAST;;1;1;XEUR;11820365;636;
03.06.2025;12:02:49.554;FBTP SI 20250908 PS;SIMPLE_INSTRUMENT;EFP_FIN;EUR;74;120.97000000;508;EXCHANGE_LAST;;1;1;XEUR;12372474;636;
03.06.2025;12:06:52.344;FBTP.S.JUN25.SEP25.SPD;FUTURES_SPREAD;BLOCK;EUR;77;0.39000000;1000;EXCHANGE_LAST;;1;1;XEUR;72060325637128286;636;
03.06.2025;12:06:52.344;FBTP SI 20250908 PS;SIMPLE_INSTRUMENT;BLOCK;EUR;77;120.90000000;1000;PRC_DECOMP_EXCHANGE;;;;XEUR;12372474;636;EXCHANGE
03.06.2025;12:06:52.344;FBTP SI 20250606 PS;SIMPLE_INSTRUMENT;BLOCK;EUR;77;121.29000000;1000;PRC_DECOMP_EXCHANGE;;;;XEUR;11820365;636;EXCHANGE
03.06.2025;12:07:40.843;FBTP SI 20250606 PS;SIMPLE_INSTRUMENT;EFP_FIN;EUR;79;121.35000000;243;EXCHANGE_LAST;;1;1;XEUR;11820365;636;
03.06.2025;12:17:19.490;FBTP SI 20250606 PS;SIMPLE_INSTRUMENT;BLOCK;EUR;82;121.32000000;672;EXCHANGE_LAST;;1;1;XEUR;11820365;636;
03.06.2025;12:13:56.804;FBTP SI 20250606 PS;SIMPLE_INSTRUMENT;EFP_FIN;EUR;83;121.31000000;1113;EXCHANGE_LAST;;1;1;XEUR;11820365;636;
03.06.2025;12:17:35.232;FBTP SI 20250908 PS;SIMPLE_INSTRUMENT;BLOCK;EUR;85;120.94000000;336;EXCHANGE_LAST;;1;1;XEUR;12372474;636;
03.06.2025;12:19:30.650;FBTP SI 20250606 PS;SIMPLE_INSTRUMENT;EFP_FIN;EUR;86;121.32000000;178;EXCHANGE_LAST;;1;1;XEUR;11820365;636;
03.06.2025;12:20:02.501;FBTP SI 20250908 PS;SIMPLE_INSTRUMENT;BLOCK;EUR;87;120.93000000;336;EXCHANGE_LAST;;1;1;XEUR;12372474;636;
03.06.2025;12:23:19.551;FBTP SI 20250908 PS;SIMPLE_INSTRUMENT;BLOCK;EUR;88;120.89000000;369;EXCHANGE_LAST;;1;1;XEUR;12372474;636;
03.06.2025;12:27:43.782;FBTP SI 20250606 PS;SIMPLE_INSTRUMENT;BLOCK;EUR;89;121.31000000;658;EXCHANGE_LAST;;1;1;XEUR;11820365;636;
03.06.2025;12:28:57.418;FBTP SI 20250908 PS;SIMPLE_INSTRUMENT;BLOCK;EUR;90;120.91000000;658;EXCHANGE_LAST;;1;1;XEUR;12372474;636;
03.06.2025;12:33:01.546;FBTP SI 20250606 PS;SIMPLE_INSTRUMENT;EFP_FIN;EUR;91;121.35000000;243;EXCHANGE_LAST;;1;1;XEUR;11820365;636;
03.06.2025;12:46:45.320;FBTP.S.JUN25.SEP25.SPD;FUTURES_SPREAD;BLOCK;EUR;92;0.41000000;1770;EXCHANGE_LAST;;1;1;XEUR;72060325637128286;636;
03.06.2025;12:46:45.320;FBTP SI 20250606 PS;SIMPLE_INSTRUMENT;BLOCK;EUR;92;121.30000000;1770;PRC_DECOMP_EXCHANGE;;;;XEUR;11820365;636;EXCHANGE
03.06.2025;12:46:45.320;FBTP SI 20250908 PS;SIMPLE_INSTRUMENT;BLOCK;EUR;92;120.89000000;1770;PRC_DECOMP_EXCHANGE;;;;XEUR;12372474;636;EXCHANGE
03.06.2025;12:37:32.697;FBTP SI 20250606 PS;SIMPLE_INSTRUMENT;EFP_FIN;EUR;93;121.31000000;1345;EXCHANGE_LAST;;1;1;XEUR;11820365;636;
03.06.2025;12:41:14.551;FBTP SI 20250606 PS;SIMPLE_INSTRUMENT;EFP_FIN;EUR;94;121.31000000;884;EXCHANGE_LAST;;1;1;XEUR;11820365;636;
03.06.2025;12:42:22.307;FBTP SI 20250606 PS;SIMPLE_INSTRUMENT;EFP_FIN;EUR;95;121.33000000;2653;EXCHANGE_LAST;;1;1;XEUR;11820365;636;
03.06.2025;12:45:42.318;FBTP SI 20250606 PS;SIMPLE_INSTRUMENT;BLOCK;EUR;96;121.26000000;482;EXCHANGE_LAST;;1;1;XEUR;11820365;636;
03.06.2025;12:50:00.411;FBTP SI 20250606 PS;SIMPLE_INSTRUMENT;EFP_FIN;EUR;97;121.30000000;876;EXCHANGE_LAST;;1;1;XEUR;11820365;636;
03.06.2025;12:55:48.254;FBTP SI 20250606 PS;SIMPLE_INSTRUMENT;EFP_FIN;EUR;98;121.29000000;1769;EXCHANGE_LAST;;1;1;XEUR;11820365;636;
03.06.2025;12:57:07.758;FBTP SI 20250606 PS;SIMPLE_INSTRUMENT;BLOCK;EUR;99;121.28000000;442;EXCHANGE_LAST;;1;1;XEUR;11820365;636;
03.06.2025;13:12:56.301;FBTP SI 20250606 PS;SIMPLE_INSTRUMENT;EFP_FIN;EUR;100;121.36000000;1061;EXCHANGE_LAST;;1;1;XEUR;11820365;636;
03.06.2025;13:16:31.050;FBTP SI 20250606 PS;SIMPLE_INSTRUMENT;BLOCK;EUR;101;121.25000000;500;EXCHANGE_LAST;;1;1;XEUR;11820365;636;
03.06.2025;13:16:39.868;FBTP SI 20250908 PS;SIMPLE_INSTRUMENT;BLOCK;EUR;102;120.84000000;250;EXCHANGE_LAST;;1;1;XEUR;12372474;636;
03.06.2025;13:16:48.287;FBTP SI 20250908 PS;SIMPLE_INSTRUMENT;BLOCK;EUR;103;120.85000000;250;EXCHANGE_LAST;;1;1;XEUR;12372474;636;
03.06.2025;13:16:46.080;FBTP SI 20250606 PS;SIMPLE_INSTRUMENT;BLOCK;EUR;104;121.21000000;535;EXCHANGE_LAST;;1;1;XEUR;11820365;636;
03.06.2025;13:25:04.958;FBTP SI 20250606 PS;SIMPLE_INSTRUMENT;EFP_FIN;EUR;105;121.36000000;2652;EXCHANGE_LAST;;1;1;XEUR;11820365;636;
03.06.2025;13:31:04.232;FBTP SI 20250606 PS;SIMPLE_INSTRUMENT;EFP_FIN;EUR;106;121.27000000;1000;EXCHANGE_LAST;;1;1;XEUR;11820365;636;
03.06.2025;13:36:40.805;FBTP SI 20250606 PS;SIMPLE_INSTRUMENT;EFP_FIN;EUR;107;121.24000000;1345;EXCHANGE_LAST;;1;1;XEUR;11820365;636;
03.06.2025;13:44:09.373;FBTP SI 20250606 PS;SIMPLE_INSTRUMENT;EFP_FIN;EUR;108;121.36000000;1986;EXCHANGE_LAST;;1;1;XEUR;11820365;636;
03.06.2025;13:46:58.765;FBTP SI 20250606 PS;SIMPLE_INSTRUMENT;EFP_FIN;EUR;109;121.33000000;902;EXCHANGE_LAST;;1;1;XEUR;11820365;636;
03.06.2025;13:47:31.994;FBTP SI 20250606 PS;SIMPLE_INSTRUMENT;BLOCK;EUR;110;121.34000000;1303;EXCHANGE_LAST;;1;1;XEUR;11820365;636;
03.06.2025;13:47:45.393;FBTP SI 20250908 PS;SIMPLE_INSTRUMENT;BLOCK;EUR;111;120.92000000;651;EXCHANGE_LAST;;1;1;XEUR;12372474;636;
03.06.2025;13:47:59.524;FBTP SI 20250908 PS;SIMPLE_INSTRUMENT;BLOCK;EUR;112;120.91000000;652;EXCHANGE_LAST;;1;1;XEUR;12372474;636;
03.06.2025;13:59:45.539;FBTP SI 20250606 PS;SIMPLE_INSTRUMENT;EFP_FIN;EUR;113;121.28000000;663;EXCHANGE_LAST;;1;1;XEUR;11820365;636;
03.06.2025;14:17:47.989;FBTP SI 20250606 PS;SIMPLE_INSTRUMENT;BLOCK;EUR;114;121.34000000;1000;EXCHANGE_LAST;;1;1;XEUR;11820365;636;
03.06.2025;14:21:10.820;FBTP SI 20250606 PS;SIMPLE_INSTRUMENT;BLOCK;EUR;115;121.32000000;502;EXCHANGE_LAST;;1;1;XEUR;11820365;636;
03.06.2025;14:21:15.988;FBTP SI 20250908 PS;SIMPLE_INSTRUMENT;BLOCK;EUR;116;120.88000000;251;EXCHANGE_LAST;;1;1;XEUR;12372474;636;
03.06.2025;14:21:26.613;FBTP SI 20250908 PS;SIMPLE_INSTRUMENT;BLOCK;EUR;117;120.89000000;251;EXCHANGE_LAST;;1;1;XEUR;12372474;636;
03.06.2025;14:22:04.973;FBTP SI 20250606 PS;SIMPLE_INSTRUMENT;BLOCK;EUR;118;121.32000000;609;EXCHANGE_LAST;;1;1;XEUR;11820365;636;
03.06.2025;14:22:11.806;FBTP SI 20250908 PS;SIMPLE_INSTRUMENT;BLOCK;EUR;119;120.88000000;304;EXCHANGE_LAST;;1;1;XEUR;12372474;636;
03.06.2025;14:22:22.266;FBTP SI 20250908 PS;SIMPLE_INSTRUMENT;BLOCK;EUR;120;120.89000000;305;EXCHANGE_LAST;;1;1;XEUR;12372474;636;
03.06.2025;14:31:11.521;FBTP SI 20250606 PS;SIMPLE_INSTRUMENT;EFP_FIN;EUR;121;121.30000000;1017;EXCHANGE_LAST;;1;1;XEUR;11820365;636;
03.06.2025;14:49:52.123;FBTP SI 20250606 PS;SIMPLE_INSTRUMENT;BLOCK;EUR;122;121.22000000;1000;EXCHANGE_LAST;;1;1;XEUR;11820365;636;
03.06.2025;15:03:37.425;FBTP SI 20250606 PS;SIMPLE_INSTRUMENT;BLOCK;EUR;123;121.27000000;3000;EXCHANGE_LAST;;1;1;XEUR;11820365;636;
03.06.2025;15:05:51.300;FBTP SI 20250908 PS;SIMPLE_INSTRUMENT;BLOCK;EUR;124;120.84000000;1500;EXCHANGE_LAST;;1;1;XEUR;12372474;636;
03.06.2025;15:06:15.141;FBTP SI 20250908 PS;SIMPLE_INSTRUMENT;BLOCK;EUR;125;120.83000000;1500;EXCHANGE_LAST;;1;1;XEUR;12372474;636;
03.06.2025;15:10:02.868;FBTP SI 20250606 PS;SIMPLE_INSTRUMENT;BLOCK;EUR;126;121.26000000;750;EXCHANGE_LAST;;1;1;XEUR;11820365;636;
03.06.2025;15:11:07.201;FBTP SI 20250908 PS;SIMPLE_INSTRUMENT;BLOCK;EUR;127;120.82000000;375;EXCHANGE_LAST;;1;1;XEUR;12372474;636;
03.06.2025;15:11:16.335;FBTP SI 20250908 PS;SIMPLE_INSTRUMENT;BLOCK;EUR;128;120.83000000;375;EXCHANGE_LAST;;1;1;XEUR;12372474;636;
03.06.2025;15:23:28.335;FBTP SI 20250606 PS;SIMPLE_INSTRUMENT;EFP_FIN;EUR;129;121.26000000;93;EXCHANGE_LAST;;1;1;XEUR;11820365;636;
03.06.2025;15:50:06.827;FBTP.S.JUN25.SEP25.SPD;FUTURES_SPREAD;BLOCK;EUR;130;0.43000000;1000;EXCHANGE_LAST;;1;1;XEUR;72060325637128286;636;
03.06.2025;15:50:06.827;FBTP SI 20250606 PS;SIMPLE_INSTRUMENT;BLOCK;EUR;130;121.07000000;1000;PRC_DECOMP_EXCHANGE;;;;XEUR;11820365;636;EXCHANGE
03.06.2025;15:50:06.827;FBTP SI 20250908 PS;SIMPLE_INSTRUMENT;BLOCK;EUR;130;120.64000000;1000;PRC_DECOMP_EXCHANGE;;;;XEUR;12372474;636;EXCHANGE
03.06.2025;15:51:34.827;FBTP SI 20250908 PS;SIMPLE_INSTRUMENT;BLOCK;EUR;131;120.80000000;334;EXCHANGE_LAST;;1;1;XEUR;12372474;636;
03.06.2025;16:14:24.095;FBTP SI 20250606 PS;SIMPLE_INSTRUMENT;EFP_FIN;EUR;132;121.26000000;212;EXCHANGE_LAST;;1;1;XEUR;11820365;636;
03.06.2025;16:18:25.457;FBTP SI 20250908 PS;SIMPLE_INSTRUMENT;EFP_FIN;EUR;133;120.75000000;103;EXCHANGE_LAST;;1;1;XEUR;12372474;636;
03.06.2025;16:36:22.083;FBTP SI 20250606 PS;SIMPLE_INSTRUMENT;EFP_FIN;EUR;134;121.24000000;1769;EXCHANGE_LAST;;1;1;XEUR;11820365;636;
03.06.2025;16:37:49.088;FBTP SI 20250606 PS;SIMPLE_INSTRUMENT;EFP_FIN;EUR;135;121.24000000;884;EXCHANGE_LAST;;1;1;XEUR;11820365;636;
03.06.2025;07:06:54.281;FBTS.S.JUN25.SEP25.SPD;FUTURES_SPREAD;BLOCK;EUR;4;0.02000000;412;EXCHANGE_LAST;;1;1;XEUR;72060338522030174;639;
03.06.2025;07:06:54.281;FBTS SI 20250606 PS;SIMPLE_INSTRUMENT;BLOCK;EUR;4;108.20000000;412;PRC_DECOMP_EXCHANGE;;;;XEUR;11820367;639;EXCHANGE
03.06.2025;07:06:54.281;FBTS SI 20250908 PS;SIMPLE_INSTRUMENT;BLOCK;EUR;4;108.18000000;412;PRC_DECOMP_EXCHANGE;;;;XEUR;12372476;639;EXCHANGE
03.06.2025;07:06:50.281;FBTS.S.JUN25.SEP25.SPD;FUTURES_SPREAD;BLOCK;EUR;5;0.03000000;413;EXCHANGE_LAST;;1;1;XEUR;72060338522030174;639;
03.06.2025;07:06:50.281;FBTS SI 20250908 PS;SIMPLE_INSTRUMENT;BLOCK;EUR;5;108.18000000;413;PRC_DECOMP_EXCHANGE;;;;XEUR;12372476;639;EXCHANGE
03.06.2025;07:06:50.281;FBTS SI 20250606 PS;SIMPLE_INSTRUMENT;BLOCK;EUR;5;108.21000000;413;PRC_DECOMP_EXCHANGE;;;;XEUR;11820367;639;EXCHANGE
03.06.2025;07:13:10.901;FBTS.S.JUN25.SEP25.SPD;FUTURES_SPREAD;BLOCK;EUR;6;0.01000000;5600;EXCHANGE_LAST;;1;1;XEUR;72060338522030174;639;
03.06.2025;07:13:10.901;FBTS SI 20250606 PS;SIMPLE_INSTRUMENT;BLOCK;EUR;6;108.20000000;5600;PRC_DECOMP_MEMBER;;;;XEUR;11820367;639;MEMBER
03.06.2025;07:13:10.901;FBTS SI 20250908 PS;SIMPLE_INSTRUMENT;BLOCK;EUR;6;108.19000000;5600;PRC_DECOMP_MEMBER;;;;XEUR;12372476;639;MEMBER
03.06.2025;07:22:44.027;FBTS SI 20250606 PS;SIMPLE_INSTRUMENT;BLOCK;EUR;7;108.18000000;807;EXCHANGE_LAST;;1;1;XEUR;11820367;639;
03.06.2025;07:23:20.579;FBTS SI 20250908 PS;SIMPLE_INSTRUMENT;BLOCK;EUR;8;108.17000000;403;EXCHANGE_LAST;;1;1;XEUR;12372476;639;
03.06.2025;07:23:29.752;FBTS SI 20250908 PS;SIMPLE_INSTRUMENT;BLOCK;EUR;9;108.18000000;404;EXCHANGE_LAST;;1;1;XEUR;12372476;639;
03.06.2025;07:27:49.215;FBTS SI 20250606 PS;SIMPLE_INSTRUMENT;BLOCK;EUR;12;108.18000000;2000;EXCHANGE_LAST;;1;1;XEUR;11820367;639;
03.06.2025;07:27:56.605;FBTS SI 20250908 PS;SIMPLE_INSTRUMENT;BLOCK;EUR;13;108.17000000;1000;EXCHANGE_LAST;;1;1;XEUR;12372476;639;
03.06.2025;07:28:05.651;FBTS SI 20250908 PS;SIMPLE_INSTRUMENT;BLOCK;EUR;14;108.18000000;1000;EXCHANGE_LAST;;1;1;XEUR;12372476;639;
03.06.2025;07:28:51.932;FBTS SI 20250606 PS;SIMPLE_INSTRUMENT;BLOCK;EUR;15;108.18000000;1624;EXCHANGE_LAST;;1;1;XEUR;11820367;639;
03.06.2025;07:29:26.467;FBTS SI 20250908 PS;SIMPLE_INSTRUMENT;BLOCK;EUR;16;108.17000000;812;EXCHANGE_LAST;;1;1;XEUR;12372476;639;
03.06.2025;07:29:26.511;FBTS SI 20250908 PS;SIMPLE_INSTRUMENT;BLOCK;EUR;17;108.18000000;812;EXCHANGE_LAST;;1;1;XEUR;12372476;639;
03.06.2025;07:36:41.552;FBTS SI 20250606 PS;SIMPLE_INSTRUMENT;EFP_FIN;EUR;18;108.20000000;3209;EXCHANGE_LAST;;1;1;XEUR;11820367;639;
03.06.2025;07:37:19.170;FBTS SI 20250606 PS;SIMPLE_INSTRUMENT;BLOCK;EUR;19;108.18000000;1000;EXCHANGE_LAST;;1;1;XEUR;11820367;639;
03.06.2025;07:37:34.363;FBTS SI 20250908 PS;SIMPLE_INSTRUMENT;BLOCK;EUR;20;108.18000000;500;EXCHANGE_LAST;;1;1;XEUR;12372476;639;
03.06.2025;07:37:46.404;FBTS SI 20250908 PS;SIMPLE_INSTRUMENT;BLOCK;EUR;22;108.17000000;500;EXCHANGE_LAST;;1;1;XEUR;12372476;639;
03.06.2025;07:40:01.574;FBTS SI 20250606 PS;SIMPLE_INSTRUMENT;BLOCK;EUR;23;108.17000000;2900;EXCHANGE_LAST;;1;1;XEUR;11820367;639;
03.06.2025;07:40:06.885;FBTS SI 20250908 PS;SIMPLE_INSTRUMENT;BLOCK;EUR;24;108.16000000;1450;EXCHANGE_LAST;;1;1;XEUR;12372476;639;
03.06.2025;07:40:15.616;FBTS SI 20250908 PS;SIMPLE_INSTRUMENT;BLOCK;EUR;25;108.17000000;1450;EXCHANGE_LAST;;1;1;XEUR;12372476;639;
03.06.2025;07:50:06.838;FBTS SI 20250606 PS;SIMPLE_INSTRUMENT;EFP_FIN;EUR;30;108.19000000;2460;EXCHANGE_LAST;;1;1;XEUR;11820367;639;
03.06.2025;08:13:01.127;FBTS.S.JUN25.SEP25.SPD;FUTURES_SPREAD;BLOCK;EUR;46;0.01000000;1000;EXCHANGE_LAST;;1;1;XEUR;72060338522030174;639;
03.06.2025;08:13:01.127;FBTS SI 20250606 PS;SIMPLE_INSTRUMENT;BLOCK;EUR;46;108.17000000;1000;PRC_DECOMP_EXCHANGE;;;;XEUR;11820367;639;EXCHANGE
03.06.2025;08:13:01.127;FBTS SI 20250908 PS;SIMPLE_INSTRUMENT;BLOCK;EUR;46;108.16000000;1000;PRC_DECOMP_EXCHANGE;;;;XEUR;12372476;639;EXCHANGE
03.06.2025;08:13:08.760;FBTS.S.JUN25.SEP25.SPD;FUTURES_SPREAD;BLOCK;EUR;47;0.00000000;1000;EXCHANGE_LAST;;1;1;XEUR;72060338522030174;639;
03.06.2025;08:13:08.760;FBTS SI 20250908 PS;SIMPLE_INSTRUMENT;BLOCK;EUR;47;108.16000000;1000;PRC_DECOMP_EXCHANGE;;;;XEUR;12372476;639;EXCHANGE
03.06.2025;08:13:08.760;FBTS SI 20250606 PS;SIMPLE_INSTRUMENT;BLOCK;EUR;47;108.16000000;1000;PRC_DECOMP_EXCHANGE;;;;XEUR;11820367;639;EXCHANGE
03.06.2025;08:13:37.620;FBTS.S.JUN25.SEP25.SPD;FUTURES_SPREAD;BLOCK;EUR;48;0.01000000;1780;EXCHANGE_LAST;;1;1;XEUR;72060338522030174;639;
03.06.2025;08:13:37.620;FBTS SI 20250606 PS;SIMPLE_INSTRUMENT;BLOCK;EUR;48;108.17000000;1780;PRC_DECOMP_MEMBER;;;;XEUR;11820367;639;MEMBER
03.06.2025;08:13:37.620;FBTS SI 20250908 PS;SIMPLE_INSTRUMENT;BLOCK;EUR;48;108.16000000;1780;PRC_DECOMP_MEMBER;;;;XEUR;12372476;639;MEMBER
03.06.2025;08:14:08.011;FBTS.S.JUN25.SEP25.SPD;FUTURES_SPREAD;BLOCK;EUR;49;0.01000000;2279;EXCHANGE_LAST;;1;1;XEUR;72060338522030174;639;
03.06.2025;08:14:08.011;FBTS SI 20250606 PS;SIMPLE_INSTRUMENT;BLOCK;EUR;49;108.17000000;2279;PRC_DECOMP_EXCHANGE;;;;XEUR;11820367;639;EXCHANGE
03.06.2025;08:14:08.011;FBTS SI 20250908 PS;SIMPLE_INSTRUMENT;BLOCK;EUR;49;108.16000000;2279;PRC_DECOMP_EXCHANGE;;;;XEUR;12372476;639;EXCHANGE
03.06.2025;08:14:15.019;FBTS.S.JUN25.SEP25.SPD;FUTURES_SPREAD;BLOCK;EUR;50;0.00000000;2280;EXCHANGE_LAST;;1;1;XEUR;72060338522030174;639;
03.06.2025;08:14:15.019;FBTS SI 20250606 PS;SIMPLE_INSTRUMENT;BLOCK;EUR;50;108.16000000;2280;PRC_DECOMP_EXCHANGE;;;;XEUR;11820367;639;EXCHANGE
03.06.2025;08:14:15.019;FBTS SI 20250908 PS;SIMPLE_INSTRUMENT;BLOCK;EUR;50;108.16000000;2280;PRC_DECOMP_EXCHANGE;;;;XEUR;12372476;639;EXCHANGE
03.06.2025;08:14:38.382;FBTS.S.JUN25.SEP25.SPD;FUTURES_SPREAD;BLOCK;EUR;52;0.00000000;1090;EXCHANGE_LAST;;1;1;XEUR;72060338522030174;639;
03.06.2025;08:14:38.382;FBTS SI 20250908 PS;SIMPLE_INSTRUMENT;BLOCK;EUR;52;108.16000000;1090;PRC_DECOMP_EXCHANGE;;;;XEUR;12372476;639;EXCHANGE
03.06.2025;08:14:38.382;FBTS SI 20250606 PS;SIMPLE_INSTRUMENT;BLOCK;EUR;52;108.16000000;1090;PRC_DECOMP_EXCHANGE;;;;XEUR;11820367;639;EXCHANGE
03.06.2025;08:14:50.889;FBTS.S.JUN25.SEP25.SPD;FUTURES_SPREAD;BLOCK;EUR;53;0.01000000;1091;EXCHANGE_LAST;;1;1;XEUR;72060338522030174;639;
03.06.2025;08:14:50.889;FBTS SI 20250908 PS;SIMPLE_INSTRUMENT;BLOCK;EUR;53;108.16000000;1091;PRC_DECOMP_EXCHANGE;;;;XEUR;12372476;639;EXCHANGE
03.06.2025;08:14:50.889;FBTS SI 20250606 PS;SIMPLE_INSTRUMENT;BLOCK;EUR;53;108.17000000;1091;PRC_DECOMP_EXCHANGE;;;;XEUR;11820367;639;EXCHANGE
03.06.2025;08:17:33.119;FBTS.S.JUN25.SEP25.SPD;FUTURES_SPREAD;BLOCK;EUR;56;0.00000000;1000;EXCHANGE_LAST;;1;1;XEUR;72060338522030174;639;
03.06.2025;08:17:33.119;FBTS SI 20250908 PS;SIMPLE_INSTRUMENT;BLOCK;EUR;56;108.15000000;1000;PRC_DECOMP_MEMBER;;;;XEUR;12372476;639;MEMBER
03.06.2025;08:17:33.119;FBTS SI 20250606 PS;SIMPLE_INSTRUMENT;BLOCK;EUR;56;108.15000000;1000;PRC_DECOMP_MEMBER;;;;XEUR;11820367;639;MEMBER
03.06.2025;08:17:41.306;FBTS.S.JUN25.SEP25.SPD;FUTURES_SPREAD;BLOCK;EUR;57;0.01000000;1000;EXCHANGE_LAST;;1;1;XEUR;72060338522030174;639;
03.06.2025;08:17:41.306;FBTS SI 20250908 PS;SIMPLE_INSTRUMENT;BLOCK;EUR;57;108.14000000;1000;PRC_DECOMP_MEMBER;;;;XEUR;12372476;639;MEMBER
03.06.2025;08:17:41.306;FBTS SI 20250606 PS;SIMPLE_INSTRUMENT;BLOCK;EUR;57;108.15000000;1000;PRC_DECOMP_MEMBER;;;;XEUR;11820367;639;MEMBER
03.06.2025;08:23:12.126;FBTS SI 20250606 PS;SIMPLE_INSTRUMENT;BLOCK;EUR;58;108.15000000;402;EXCHANGE_LAST;;1;1;XEUR;11820367;639;
03.06.2025;08:23:31.026;FBTS SI 20250606 PS;SIMPLE_INSTRUMENT;BLOCK;EUR;59;108.16000000;402;EXCHANGE_LAST;;1;1;XEUR;11820367;639;
03.06.2025;08:24:14.262;FBTS SI 20250908 PS;SIMPLE_INSTRUMENT;BLOCK;EUR;60;108.15000000;719;EXCHANGE_LAST;;1;1;XEUR;12372476;639;
03.06.2025;08:38:13.289;FBTS SI 20250606 PS;SIMPLE_INSTRUMENT;EFP_FIN;EUR;69;108.17000000;465;EXCHANGE_LAST;;1;1;XEUR;11820367;639;
03.06.2025;08:56:20.222;FBTS SI 20250908 PS;SIMPLE_INSTRUMENT;EFP_FIN;EUR;77;108.16000000;2344;EXCHANGE_LAST;;1;1;XEUR;12372476;639;
03.06.2025;09:03:03.068;FBTS SI 20250908 PS;SIMPLE_INSTRUMENT;BLOCK;EUR;80;108.14000000;469;EXCHANGE_LAST;;1;1;XEUR;12372476;639;
03.06.2025;09:03:10.246;FBTS SI 20250606 PS;SIMPLE_INSTRUMENT;EFP_FIN;EUR;81;108.16000000;1386;EXCHANGE_LAST;;1;1;XEUR;11820367;639;
03.06.2025;09:04:52.654;FBTS SI 20250908 PS;SIMPLE_INSTRUMENT;BLOCK;EUR;82;108.14000000;1406;EXCHANGE_LAST;;1;1;XEUR;12372476;639;
03.06.2025;09:06:59.437;FBTS SI 20250606 PS;SIMPLE_INSTRUMENT;BLOCK;EUR;83;108.20000000;4592;EXCHANGE_LAST;;1;1;XEUR;11820367;639;
03.06.2025;09:07:50.886;FBTS SI 20250908 PS;SIMPLE_INSTRUMENT;BLOCK;EUR;84;108.19000000;2296;EXCHANGE_LAST;;1;1;XEUR;12372476;639;
03.06.2025;09:08:07.782;FBTS SI 20250908 PS;SIMPLE_INSTRUMENT;BLOCK;EUR;85;108.18000000;2296;EXCHANGE_LAST;;1;1;XEUR;12372476;639;
03.06.2025;09:11:27.671;FBTS SI 20250606 PS;SIMPLE_INSTRUMENT;EFP_FIN;EUR;86;108.18000000;486;EXCHANGE_LAST;;1;1;XEUR;11820367;639;
03.06.2025;09:23:57.247;FBTS SI 20250908 PS;SIMPLE_INSTRUMENT;BLOCK;EUR;92;108.17000000;773;EXCHANGE_LAST;;1;1;XEUR;12372476;639;
03.06.2025;09:37:40.596;FBTS SI 20250606 PS;SIMPLE_INSTRUMENT;EFP_FIN;EUR;95;108.17000000;1299;EXCHANGE_LAST;;1;1;XEUR;11820367;639;
03.06.2025;09:41:25.050;FBTS SI 20250606 PS;SIMPLE_INSTRUMENT;EFP_FIN;EUR;99;108.16000000;543;EXCHANGE_LAST;;1;1;XEUR;11820367;639;
03.06.2025;09:52:39.688;FBTS.S.JUN25.SEP25.SPD;FUTURES_SPREAD;BLOCK;EUR;101;0.01000000;420;EXCHANGE_LAST;;1;1;XEUR;72060338522030174;639;
03.06.2025;09:52:39.688;FBTS SI 20250908 PS;SIMPLE_INSTRUMENT;BLOCK;EUR;101;108.17000000;420;PRC_DECOMP_EXCHANGE;;;;XEUR;12372476;639;EXCHANGE
03.06.2025;09:52:39.688;FBTS SI 20250606 PS;SIMPLE_INSTRUMENT;BLOCK;EUR;101;108.18000000;420;PRC_DECOMP_EXCHANGE;;;;XEUR;11820367;639;EXCHANGE
03.06.2025;09:53:07.905;FBTS.S.JUN25.SEP25.SPD;FUTURES_SPREAD;BLOCK;EUR;102;0.00000000;420;EXCHANGE_LAST;;1;1;XEUR;72060338522030174;639;
03.06.2025;09:53:07.905;FBTS SI 20250908 PS;SIMPLE_INSTRUMENT;BLOCK;EUR;102;108.17000000;420;PRC_DECOMP_EXCHANGE;;;;XEUR;12372476;639;EXCHANGE
03.06.2025;09:53:07.905;FBTS SI 20250606 PS;SIMPLE_INSTRUMENT;BLOCK;EUR;102;108.17000000;420;PRC_DECOMP_EXCHANGE;;;;XEUR;11820367;639;EXCHANGE
03.06.2025;09:56:00.743;FBTS SI 20250908 PS;SIMPLE_INSTRUMENT;BLOCK;EUR;103;108.14000000;3750;EXCHANGE_LAST;;1;1;XEUR;12372476;639;
03.06.2025;09:56:09.738;FBTS SI 20250606 PS;SIMPLE_INSTRUMENT;BLOCK;EUR;104;108.16000000;2629;EXCHANGE_LAST;;1;1;XEUR;11820367;639;
03.06.2025;09:57:10.984;FBTS SI 20250908 PS;SIMPLE_INSTRUMENT;EFP_FIN;EUR;105;108.16000000;1875;EXCHANGE_LAST;;1;1;XEUR;12372476;639;
03.06.2025;10:00:12.005;FBTS.S.JUN25.SEP25.SPD;FUTURES_SPREAD;BLOCK;EUR;106;0.01000000;890;EXCHANGE_LAST;;1;1;XEUR;72060338522030174;639;
03.06.2025;10:00:12.005;FBTS SI 20250606 PS;SIMPLE_INSTRUMENT;BLOCK;EUR;106;108.17000000;890;PRC_DECOMP_MEMBER;;;;XEUR;11820367;639;MEMBER
03.06.2025;10:00:12.005;FBTS SI 20250908 PS;SIMPLE_INSTRUMENT;BLOCK;EUR;106;108.16000000;890;PRC_DECOMP_MEMBER;;;;XEUR;12372476;639;MEMBER
03.06.2025;10:00:33.176;FBTS SI 20250606 PS;SIMPLE_INSTRUMENT;BLOCK;EUR;107;108.16000000;1755;EXCHANGE_LAST;;1;1;XEUR;11820367;639;
03.06.2025;10:04:27.302;FBTS SI 20250606 PS;SIMPLE_INSTRUMENT;EFP_FIN;EUR;109;108.17000000;912;EXCHANGE_LAST;;1;1;XEUR;11820367;639;
03.06.2025;10:26:26.018;FBTS SI 20250606 PS;SIMPLE_INSTRUMENT;BLOCK;EUR;127;108.16000000;381;EXCHANGE_LAST;;1;1;XEUR;11820367;639;
03.06.2025;10:30:03.067;FBTS SI 20250606 PS;SIMPLE_INSTRUMENT;BLOCK;EUR;128;108.16000000;1000;EXCHANGE_LAST;;1;1;XEUR;11820367;639;
03.06.2025;10:30:17.069;FBTS SI 20250606 PS;SIMPLE_INSTRUMENT;BLOCK;EUR;129;108.16000000;1131;EXCHANGE_LAST;;1;1;XEUR;11820367;639;
03.06.2025;10:30:41.072;FBTS SI 20250908 PS;SIMPLE_INSTRUMENT;BLOCK;EUR;130;108.16000000;446;EXCHANGE_LAST;;1;1;XEUR;12372476;639;
03.06.2025;10:31:05.078;FBTS SI 20250908 PS;SIMPLE_INSTRUMENT;BLOCK;EUR;132;108.16000000;504;EXCHANGE_LAST;;1;1;XEUR;12372476;639;
03.06.2025;10:39:22.353;FBTS SI 20250606 PS;SIMPLE_INSTRUMENT;BLOCK;EUR;134;108.16000000;421;EXCHANGE_LAST;;1;1;XEUR;11820367;639;
03.06.2025;10:51:06.995;FBTS SI 20250606 PS;SIMPLE_INSTRUMENT;BLOCK;EUR;139;108.17000000;388;EXCHANGE_LAST;;1;1;XEUR;11820367;639;
03.06.2025;10:54:05.985;FBTS SI 20250606 PS;SIMPLE_INSTRUMENT;BLOCK;EUR;141;108.16000000;823;EXCHANGE_LAST;;1;1;XEUR;11820367;639;
03.06.2025;10:55:11.630;FBTS SI 20250908 PS;SIMPLE_INSTRUMENT;BLOCK;EUR;143;108.15000000;366;EXCHANGE_LAST;;1;1;XEUR;12372476;639;
03.06.2025;10:55:29.411;FBTS SI 20250908 PS;SIMPLE_INSTRUMENT;BLOCK;EUR;144;108.16000000;367;EXCHANGE_LAST;;1;1;XEUR;12372476;639;
03.06.2025;10:56:09.886;FBTS SI 20250908 PS;SIMPLE_INSTRUMENT;BLOCK;EUR;145;108.14000000;731;EXCHANGE_LAST;;1;1;XEUR;12372476;639;
03.06.2025;11:09:28.860;FBTS.S.JUN25.SEP25.SPD;FUTURES_SPREAD;BLOCK;EUR;147;0.01000000;238;EXCHANGE_LAST;;1;1;XEUR;72060338522030174;639;
03.06.2025;11:09:28.860;FBTS SI 20250908 PS;SIMPLE_INSTRUMENT;BLOCK;EUR;147;108.17000000;238;PRC_DECOMP_EXCHANGE;;;;XEUR;12372476;639;EXCHANGE
03.06.2025;11:09:28.860;FBTS SI 20250606 PS;SIMPLE_INSTRUMENT;BLOCK;EUR;147;108.18000000;238;PRC_DECOMP_EXCHANGE;;;;XEUR;11820367;639;EXCHANGE
03.06.2025;11:06:15.459;FBTS.S.JUN25.SEP25.SPD;FUTURES_SPREAD;BLOCK;EUR;148;0.01000000;756;EXCHANGE_LAST;;1;1;XEUR;72060338522030174;639;
03.06.2025;11:06:15.459;FBTS SI 20250908 PS;SIMPLE_INSTRUMENT;BLOCK;EUR;148;108.17000000;756;PRC_DECOMP_EXCHANGE;;;;XEUR;12372476;639;EXCHANGE
03.06.2025;11:06:15.459;FBTS SI 20250606 PS;SIMPLE_INSTRUMENT;BLOCK;EUR;148;108.18000000;756;PRC_DECOMP_EXCHANGE;;;;XEUR;11820367;639;EXCHANGE
03.06.2025;11:06:16.019;FBTS.S.JUN25.SEP25.SPD;FUTURES_SPREAD;BLOCK;EUR;149;0.00000000;756;EXCHANGE_LAST;;1;1;XEUR;72060338522030174;639;
03.06.2025;11:06:16.019;FBTS SI 20250908 PS;SIMPLE_INSTRUMENT;BLOCK;EUR;149;108.17000000;756;PRC_DECOMP_EXCHANGE;;;;XEUR;12372476;639;EXCHANGE
03.06.2025;11:06:16.019;FBTS SI 20250606 PS;SIMPLE_INSTRUMENT;BLOCK;EUR;149;108.17000000;756;PRC_DECOMP_EXCHANGE;;;;XEUR;11820367;639;EXCHANGE
03.06.2025;11:06:29.347;FBTS SI 20250908 PS;SIMPLE_INSTRUMENT;BLOCK;EUR;150;108.15000000;504;EXCHANGE_LAST;;1;1;XEUR;12372476;639;
03.06.2025;11:07:02.351;FBTS SI 20250908 PS;SIMPLE_INSTRUMENT;BLOCK;EUR;151;108.15000000;446;EXCHANGE_LAST;;1;1;XEUR;12372476;639;
03.06.2025;11:10:19.257;FBTS.S.JUN25.SEP25.SPD;FUTURES_SPREAD;BLOCK;EUR;153;0.00000000;954;EXCHANGE_LAST;;1;1;XEUR;72060338522030174;639;
03.06.2025;11:10:19.257;FBTS SI 20250606 PS;SIMPLE_INSTRUMENT;BLOCK;EUR;153;108.17000000;954;PRC_DECOMP_EXCHANGE;;;;XEUR;11820367;639;EXCHANGE
03.06.2025;11:10:19.257;FBTS SI 20250908 PS;SIMPLE_INSTRUMENT;BLOCK;EUR;153;108.17000000;954;PRC_DECOMP_EXCHANGE;;;;XEUR;12372476;639;EXCHANGE
03.06.2025;11:13:55.151;FBTS SI 20250606 PS;SIMPLE_INSTRUMENT;EFP_FIN;EUR;154;108.17000000;4307;EXCHANGE_LAST;;1;1;XEUR;11820367;639;
03.06.2025;11:18:52.494;FBTS SI 20250606 PS;SIMPLE_INSTRUMENT;EFP_FIN;EUR;156;108.15000000;381;EXCHANGE_LAST;;1;1;XEUR;11820367;639;
03.06.2025;11:22:02.052;FBTS SI 20250606 PS;SIMPLE_INSTRUMENT;BLOCK;EUR;159;108.17000000;4914;EXCHANGE_LAST;;1;1;XEUR;11820367;639;
03.06.2025;11:22:51.624;FBTS SI 20250908 PS;SIMPLE_INSTRUMENT;BLOCK;EUR;160;108.16000000;2196;EXCHANGE_LAST;;1;1;XEUR;12372476;639;
03.06.2025;11:23:18.718;FBTS SI 20250908 PS;SIMPLE_INSTRUMENT;BLOCK;EUR;161;108.17000000;2195;EXCHANGE_LAST;;1;1;XEUR;12372476;639;
03.06.2025;11:47:21.584;FBTS SI 20250606 PS;SIMPLE_INSTRUMENT;BLOCK;EUR;171;108.18000000;2000;EXCHANGE_LAST;;1;1;XEUR;11820367;639;
03.06.2025;11:49:12.500;FBTS SI 20250908 PS;SIMPLE_INSTRUMENT;BLOCK;EUR;172;108.17000000;1000;EXCHANGE_LAST;;1;1;XEUR;12372476;639;
03.06.2025;11:49:12.520;FBTS SI 20250908 PS;SIMPLE_INSTRUMENT;BLOCK;EUR;173;108.18000000;1000;EXCHANGE_LAST;;1;1;XEUR;12372476;639;
03.06.2025;11:52:18.849;FBTS SI 20250606 PS;SIMPLE_INSTRUMENT;BLOCK;EUR;174;108.18000000;1000;EXCHANGE_LAST;;1;1;XEUR;11820367;639;
03.06.2025;11:52:37.103;FBTS SI 20250908 PS;SIMPLE_INSTRUMENT;EFP_FIN;EUR;175;108.15000000;714;EXCHANGE_LAST;;1;1;XEUR;12372476;639;
03.06.2025;11:53:03.744;FBTS SI 20250606 PS;SIMPLE_INSTRUMENT;EFP_FIN;EUR;176;108.16000000;2380;EXCHANGE_LAST;;1;1;XEUR;11820367;639;
03.06.2025;11:53:03.155;FBTS SI 20250908 PS;SIMPLE_INSTRUMENT;BLOCK;EUR;177;108.17000000;500;EXCHANGE_LAST;;1;1;XEUR;12372476;639;
03.06.2025;11:53:03.176;FBTS SI 20250908 PS;SIMPLE_INSTRUMENT;BLOCK;EUR;178;108.18000000;500;EXCHANGE_LAST;;1;1;XEUR;12372476;639;
03.06.2025;11:55:03.265;FBTS SI 20250606 PS;SIMPLE_INSTRUMENT;EFP_FIN;EUR;180;108.18000000;1077;EXCHANGE_LAST;;1;1;XEUR;11820367;639;
03.06.2025;11:55:51.883;FBTS SI 20250606 PS;SIMPLE_INSTRUMENT;BLOCK;EUR;181;108.18000000;3000;EXCHANGE_LAST;;1;1;XEUR;11820367;639;
03.06.2025;11:57:01.255;FBTS SI 20250908 PS;SIMPLE_INSTRUMENT;BLOCK;EUR;183;108.17000000;1500;EXCHANGE_LAST;;1;1;XEUR;12372476;639;
03.06.2025;11:57:01.275;FBTS SI 20250908 PS;SIMPLE_INSTRUMENT;BLOCK;EUR;184;108.18000000;1500;EXCHANGE_LAST;;1;1;XEUR;12372476;639;
03.06.2025;12:03:47.185;FBTS SI 20250606 PS;SIMPLE_INSTRUMENT;BLOCK;EUR;188;108.18000000;354;EXCHANGE_LAST;;1;1;XEUR;11820367;639;
03.06.2025;12:04:19.686;FBTS SI 20250908 PS;SIMPLE_INSTRUMENT;BLOCK;EUR;189;108.17000000;177;EXCHANGE_LAST;;1;1;XEUR;12372476;639;
03.06.2025;12:04:19.736;FBTS SI 20250908 PS;SIMPLE_INSTRUMENT;BLOCK;EUR;190;108.18000000;177;EXCHANGE_LAST;;1;1;XEUR;12372476;639;
03.06.2025;12:05:00.203;FBTS SI 20250606 PS;SIMPLE_INSTRUMENT;BLOCK;EUR;191;108.18000000;476;EXCHANGE_LAST;;1;1;XEUR;11820367;639;
03.06.2025;12:05:16.786;FBTS SI 20250606 PS;SIMPLE_INSTRUMENT;BLOCK;EUR;192;108.18000000;1313;EXCHANGE_LAST;;1;1;XEUR;11820367;639;
03.06.2025;12:05:36.731;FBTS SI 20250908 PS;SIMPLE_INSTRUMENT;BLOCK;EUR;193;108.17000000;656;EXCHANGE_LAST;;1;1;XEUR;12372476;639;
03.06.2025;12:06:13.790;FBTS SI 20250908 PS;SIMPLE_INSTRUMENT;BLOCK;EUR;194;108.18000000;657;EXCHANGE_LAST;;1;1;XEUR;12372476;639;
03.06.2025;12:25:09.390;FBTS SI 20250908 PS;SIMPLE_INSTRUMENT;EFP_FIN;EUR;202;108.18000000;750;EXCHANGE_LAST;;1;1;XEUR;12372476;639;
03.06.2025;12:26:19.649;FBTS SI 20250606 PS;SIMPLE_INSTRUMENT;BLOCK;EUR;203;108.18000000;498;EXCHANGE_LAST;;1;1;XEUR;11820367;639;
03.06.2025;12:26:34.446;FBTS SI 20250908 PS;SIMPLE_INSTRUMENT;BLOCK;EUR;204;108.18000000;249;EXCHANGE_LAST;;1;1;XEUR;12372476;639;
03.06.2025;12:26:49.952;FBTS SI 20250908 PS;SIMPLE_INSTRUMENT;BLOCK;EUR;205;108.17000000;249;EXCHANGE_LAST;;1;1;XEUR;12372476;639;
03.06.2025;12:34:48.605;FBTS SI 20250606 PS;SIMPLE_INSTRUMENT;BLOCK;EUR;207;108.18000000;2062;EXCHANGE_LAST;;1;1;XEUR;11820367;639;
03.06.2025;12:35:00.390;FBTS SI 20250908 PS;SIMPLE_INSTRUMENT;BLOCK;EUR;208;108.17000000;1031;EXCHANGE_LAST;;1;1;XEUR;12372476;639;
03.06.2025;12:35:09.495;FBTS SI 20250908 PS;SIMPLE_INSTRUMENT;BLOCK;EUR;209;108.18000000;1031;EXCHANGE_LAST;;1;1;XEUR;12372476;639;
03.06.2025;12:39:23.568;FBTS SI 20250606 PS;SIMPLE_INSTRUMENT;BLOCK;EUR;210;108.18000000;3646;EXCHANGE_LAST;;1;1;XEUR;11820367;639;
03.06.2025;12:40:00.627;FBTS SI 20250908 PS;SIMPLE_INSTRUMENT;BLOCK;EUR;211;108.17000000;1823;EXCHANGE_LAST;;1;1;XEUR;12372476;639;
03.06.2025;12:40:00.681;FBTS SI 20250908 PS;SIMPLE_INSTRUMENT;BLOCK;EUR;212;108.18000000;1823;EXCHANGE_LAST;;1;1;XEUR;12372476;639;
03.06.2025;13:00:16.435;FBTS SI 20250606 PS;SIMPLE_INSTRUMENT;BLOCK;EUR;214;108.18000000;2787;EXCHANGE_LAST;;1;1;XEUR;11820367;639;
03.06.2025;13:01:22.081;FBTS SI 20250908 PS;SIMPLE_INSTRUMENT;BLOCK;EUR;215;108.16000000;1394;EXCHANGE_LAST;;1;1;XEUR;12372476;639;
03.06.2025;13:01:22.101;FBTS SI 20250908 PS;SIMPLE_INSTRUMENT;BLOCK;EUR;216;108.17000000;1393;EXCHANGE_LAST;;1;1;XEUR;12372476;639;
03.06.2025;13:56:14.803;FBTS SI 20250606 PS;SIMPLE_INSTRUMENT;BLOCK;EUR;225;108.18000000;1157;EXCHANGE_LAST;;1;1;XEUR;11820367;639;
03.06.2025;14:04:02.986;FBTS SI 20250606 PS;SIMPLE_INSTRUMENT;BLOCK;EUR;227;108.19000000;526;EXCHANGE_LAST;;1;1;XEUR;11820367;639;
03.06.2025;14:22:11.609;FBTS SI 20250908 PS;SIMPLE_INSTRUMENT;EFP_FIN;EUR;231;108.19000000;398;EXCHANGE_LAST;;1;1;XEUR;12372476;639;
03.06.2025;14:36:49.453;FBTS SI 20250606 PS;SIMPLE_INSTRUMENT;BLOCK;EUR;236;108.19000000;947;EXCHANGE_LAST;;1;1;XEUR;11820367;639;
03.06.2025;14:57:55.557;FBTS SI 20250606 PS;SIMPLE_INSTRUMENT;BLOCK;EUR;239;108.16000000;1473;EXCHANGE_LAST;;1;1;XEUR;11820367;639;
03.06.2025;15:13:55.839;FBTS SI 20250606 PS;SIMPLE_INSTRUMENT;BLOCK;EUR;244;108.18000000;595;EXCHANGE_LAST;;1;1;XEUR;11820367;639;
03.06.2025;15:14:35.842;FBTS SI 20250908 PS;SIMPLE_INSTRUMENT;BLOCK;EUR;245;108.18000000;297;EXCHANGE_LAST;;1;1;XEUR;12372476;639;
03.06.2025;15:14:54.844;FBTS SI 20250908 PS;SIMPLE_INSTRUMENT;BLOCK;EUR;246;108.17000000;298;EXCHANGE_LAST;;1;1;XEUR;12372476;639;
03.06.2025;15:29:17.367;FBTS SI 20250908 PS;SIMPLE_INSTRUMENT;EFP_FIN;EUR;249;108.14000000;3281;EXCHANGE_LAST;;1;1;XEUR;12372476;639;
03.06.2025;15:30:43.893;FBTS SI 20250606 PS;SIMPLE_INSTRUMENT;EFP_FIN;EUR;255;108.16000000;423;EXCHANGE_LAST;;1;1;XEUR;11820367;639;
03.06.2025;15:40:10.518;FBTS SI 20250908 PS;SIMPLE_INSTRUMENT;EFP_FIN;EUR;257;108.16000000;2378;EXCHANGE_LAST;;1;1;XEUR;12372476;639;
03.06.2025;09:43:25.898;FCEU SI 20250616 PS;SIMPLE_INSTRUMENT;BLOCK;USD;1;1.14240000;305;EXCHANGE_LAST;;1;1;XEUR;7879022;369376;
03.06.2025;15:19:30.337;FCEU SI 20250616 PS;SIMPLE_INSTRUMENT;BLOCK;USD;5;1.13890000;293;EXCHANGE_LAST;;1;1;XEUR;7879022;369376;
03.06.2025;11:18:51.721;FCPU SI 20250616 PS;SIMPLE_INSTRUMENT;BLOCK;USD;4;1.35040000;130;EXCHANGE_LAST;;1;1;XEUR;7879040;369379;
03.06.2025;11:09:47.350;FCZE SI 20250915 CS;SIMPLE_INSTRUMENT;BLOCK;EUR;3;0.04826000;34;EXCHANGE_LAST;;1;1;XEUR;12410706;570871;
03.06.2025;10:38:39.154;FCZU SI 20250915 CS;SIMPLE_INSTRUMENT;BLOCK;USD;2;0.05540000;35;EXCHANGE_LAST;;1;1;XEUR;12410707;570872;
03.06.2025;15:32:20.687;FD3D SI 20261218 CS;SIMPLE_INSTRUMENT;BLOCK;EUR;37;112.60000000;200;EXCHANGE_LAST;;1;1;XEUR;7158183;588;
03.06.2025;15:39:58.582;FDAX SI 20250620 CS;SIMPLE_INSTRUMENT;EFP_IDX;EUR;1;24118.00000000;44;EXCHANGE_LAST;;1;1;XEUR;7903800;589;
03.06.2025;15:39:58.602;FDAX SI 20250620 CS;SIMPLE_INSTRUMENT;EFP_IDX;EUR;2;24119.00000000;6;EXCHANGE_LAST;;1;1;XEUR;7903800;589;
03.06.2025;15:50:12.475;FDAX SI 20250620 CS;SIMPLE_INSTRUMENT;EFP_IDX;EUR;3;24118.00000000;42;EXCHANGE_LAST;;1;1;XEUR;7903800;589;
03.06.2025;14:42:11.370;FDAX SI 20250620 CS;SIMPLE_INSTRUMENT;VOLA;EUR;671088661;24046.00000000;14;EXCHANGE_LAST;;1;1;XEUR;7903800;589;
03.06.2025;15:57:22.672;FDIV SI 20250620 CS;SIMPLE_INSTRUMENT;EFP_IDX;EUR;9;201.05000000;46;EXCHANGE_LAST;;1;1;XEUR;11880638;595;
03.06.2025;15:57:25.382;FDIV SI 20250620 CS;SIMPLE_INSTRUMENT;EFP_IDX;EUR;10;201.00000000;12;EXCHANGE_LAST;;1;1;XEUR;11880638;595;
03.06.2025;13:08:22.384;FEBD SI 20261218 CS;SIMPLE_INSTRUMENT;BLOCK;EUR;28;10.55000000;1000;EXCHANGE_LAST;;1;1;XEUR;7158212;597;
03.06.2025;15:38:04.287;FEBD SI 20261218 CS;SIMPLE_INSTRUMENT;BLOCK;EUR;38;10.57000000;600;EXCHANGE_LAST;;1;2;XEUR;7158212;597;
03.06.2025;09:03:36.141;FECX SI 20250620 CS;SIMPLE_INSTRUMENT;BLOCK;EUR;3;167.95000000;70;EXCHANGE_LAST;;1;1;XEUR;11949125;410158;
03.06.2025;12:51:35.539;FEDV SI 20250620 CS;SIMPLE_INSTRUMENT;BLOCK;EUR;26;1990.00000000;2000;EXCHANGE_LAST;;1;1;XEUR;11880642;596;
03.06.2025;15:45:12.328;FEDV SI 20250620 CS;SIMPLE_INSTRUMENT;BLOCK;EUR;41;1989.50000000;4624;EXCHANGE_LAST;;1;1;XEUR;11880642;596;
03.06.2025;15:44:48.648;FEDV SI 20250620 CS;SIMPLE_INSTRUMENT;BLOCK;EUR;42;1990.00000000;2176;EXCHANGE_LAST;;1;1;XEUR;11880642;596;
03.06.2025;15:54:03.245;FEDV SI 20250620 CS;SIMPLE_INSTRUMENT;BLOCK;EUR;51;1990.00000000;4223;EXCHANGE_LAST;;1;1;XEUR;11880642;596;
03.06.2025;15:54:12.922;FEDV SI 20250620 CS;SIMPLE_INSTRUMENT;BLOCK;EUR;54;1989.50000000;927;EXCHANGE_LAST;;1;1;XEUR;11880642;596;
03.06.2025;15:52:28.681;FEDV SI 20250620 CS;SIMPLE_INSTRUMENT;BLOCK;EUR;55;1991.00000000;4223;EXCHANGE_LAST;;1;1;XEUR;11880642;596;
03.06.2025;15:52:39.680;FEDV SI 20250620 CS;SIMPLE_INSTRUMENT;BLOCK;EUR;58;1990.50000000;927;EXCHANGE_LAST;;1;1;XEUR;11880642;596;
03.06.2025;14:07:50.970;FESB SI 20250620 CS;SIMPLE_INSTRUMENT;BLOCK;EUR;41;200.20000000;1800;EXCHANGE_LAST;;1;1;XEUR;11880665;605;
03.06.2025;14:47:31.585;FESB SI 20250620 CS;SIMPLE_INSTRUMENT;EFP_IDX;EUR;43;201.00000000;1000;EXCHANGE_LAST;;1;1;XEUR;11880665;605;
03.06.2025;14:42:12.545;FESB SI 20250620 CS;SIMPLE_INSTRUMENT;BLOCK;EUR;44;201.00000000;9000;EXCHANGE_LAST;;1;1;XEUR;11880665;605;
03.06.2025;15:55:00.389;FESB SI 20250620 CS;SIMPLE_INSTRUMENT;EFP_IDX;EUR;54;201.65000000;130;EXCHANGE_LAST;;1;1;XEUR;11880665;605;
03.06.2025;15:55:08.390;FESB SI 20250620 CS;SIMPLE_INSTRUMENT;EFP_IDX;EUR;55;201.75000000;196;EXCHANGE_LAST;;1;1;XEUR;11880665;605;
03.06.2025;08:00:42.910;FESB SI 20250620 CS;SIMPLE_INSTRUMENT;VOLA;EUR;603979788;198.80000000;600;EXCHANGE_LAST;;1;1;XEUR;11880665;605;
03.06.2025;09:34:17.281;FESB SI 20250620 CS;SIMPLE_INSTRUMENT;VOLA;EUR;603979800;200.00000000;150;EXCHANGE_LAST;;1;1;XEUR;11880665;605;
03.06.2025;10:00:13.111;FESB SI 20250620 CS;SIMPLE_INSTRUMENT;VOLA;EUR;603979811;200.20000000;550;EXCHANGE_LAST;;1;1;XEUR;11880665;605;
03.06.2025;10:00:08.070;FESB SI 20250620 CS;SIMPLE_INSTRUMENT;VOLA;EUR;603979812;200.30000000;500;EXCHANGE_LAST;;1;1;XEUR;11880665;605;
03.06.2025;12:29:51.226;FESB SI 20250620 CS;SIMPLE_INSTRUMENT;VOLA;EUR;603979832;200.30000000;600;EXCHANGE_LAST;;1;1;XEUR;11880665;605;
03.06.2025;12:25:37.366;FESB SI 20250620 CS;SIMPLE_INSTRUMENT;VOLA;EUR;603979833;200.30000000;1200;EXCHANGE_LAST;;1;1;XEUR;11880665;605;
03.06.2025;15:46:34.450;FESL SI 20250620 CS;SIMPLE_INSTRUMENT;EFP_IDX;EUR;7;154.50000000;400;EXCHANGE_LAST;;1;1;XEUR;11881191;680;
03.06.2025;15:47:09.497;FESL SI 20250620 CS;SIMPLE_INSTRUMENT;EFP_IDX;EUR;8;154.60000000;600;EXCHANGE_LAST;;1;1;XEUR;11881191;680;
03.06.2025;09:15:19.686;FESU SI 20250620 CS;SIMPLE_INSTRUMENT;VOLA;EUR;603979793;455.70000000;16;EXCHANGE_LAST;;1;1;XEUR;11880931;673;
03.06.2025;09:15:40.688;FESU SI 20250620 CS;SIMPLE_INSTRUMENT;VOLA;EUR;603979794;455.70000000;15;EXCHANGE_LAST;;1;1;XEUR;11880931;673;
03.06.2025;12:37:02.603;FESX.S.JUN25.SEP25.SPD;FUTURES_SPREAD;BLOCK;EUR;1;-20.63000000;2000;EXCHANGE_LAST;;1;1;XEUR;72060493140863850;675;
03.06.2025;12:37:02.603;FESX SI 20250919 CS;SIMPLE_INSTRUMENT;BLOCK;EUR;1;5371.00000000;2000;PRC_DECOMP_EXCHANGE;;;;XEUR;8380551;675;EXCHANGE
03.06.2025;12:37:02.603;FESX SI 20250620 CS;SIMPLE_INSTRUMENT;BLOCK;EUR;1;5350.37000000;2000;PRC_DECOMP_EXCHANGE;;;;XEUR;7904020;675;EXCHANGE
03.06.2025;14:32:43.320;FESX SI 20250620 CS;SIMPLE_INSTRUMENT;EFP_IDX;EUR;2;5351.00000000;2000;EXCHANGE_LAST;;1;1;XEUR;7904020;675;
03.06.2025;15:39:58.602;FESX SI 20250620 CS;SIMPLE_INSTRUMENT;EFP_IDX;EUR;3;5377.00000000;87;EXCHANGE_LAST;;1;1;XEUR;7904020;675;
03.06.2025;15:39:58.582;FESX SI 20250620 CS;SIMPLE_INSTRUMENT;EFP_IDX;EUR;4;5378.00000000;413;EXCHANGE_LAST;;1;1;XEUR;7904020;675;
03.06.2025;15:46:10.135;FESX SI 20250620 CS;SIMPLE_INSTRUMENT;EFP_IDX;EUR;5;5377.00000000;350;EXCHANGE_LAST;;1;1;XEUR;7904020;675;
03.06.2025;15:46:16.179;FESX SI 20250620 CS;SIMPLE_INSTRUMENT;EFP_IDX;EUR;6;5378.00000000;1650;EXCHANGE_LAST;;1;1;XEUR;7904020;675;
03.06.2025;15:46:22.989;FESX SI 20250620 CS;SIMPLE_INSTRUMENT;EFP_IDX;EUR;7;5377.00000000;525;EXCHANGE_LAST;;1;1;XEUR;7904020;675;
03.06.2025;15:46:30.137;FESX SI 20250620 CS;SIMPLE_INSTRUMENT;BLOCK;EUR;8;5378.00000000;2475;EXCHANGE_LAST;;1;1;XEUR;7904020;675;
03.06.2025;15:49:23.624;FESX SI 20250620 CS;SIMPLE_INSTRUMENT;EFP_IDX;EUR;9;5377.00000000;963;EXCHANGE_LAST;;1;1;XEUR;7904020;675;
03.06.2025;15:49:32.724;FESX SI 20250620 CS;SIMPLE_INSTRUMENT;BLOCK;EUR;10;5378.00000000;4537;EXCHANGE_LAST;;1;1;XEUR;7904020;675;
03.06.2025;15:56:00.534;FESX SI 20250620 CS;SIMPLE_INSTRUMENT;BLOCK;EUR;11;5378.00000000;2475;EXCHANGE_LAST;;1;1;XEUR;7904020;675;
03.06.2025;15:56:07.632;FESX SI 20250620 CS;SIMPLE_INSTRUMENT;EFP_IDX;EUR;12;5377.00000000;525;EXCHANGE_LAST;;1;1;XEUR;7904020;675;
03.06.2025;15:54:56.089;FESX SI 20250620 CS;SIMPLE_INSTRUMENT;EFP_IDX;EUR;13;5377.00000000;298;EXCHANGE_LAST;;1;1;XEUR;7904020;675;
03.06.2025;15:55:09.209;FESX SI 20250620 CS;SIMPLE_INSTRUMENT;EFP_IDX;EUR;14;5378.00000000;1402;EXCHANGE_LAST;;1;1;XEUR;7904020;675;
03.06.2025;15:55:22.636;FESX SI 20250620 CS;SIMPLE_INSTRUMENT;EFP_IDX;EUR;15;5377.00000000;53;EXCHANGE_LAST;;1;1;XEUR;7904020;675;
03.06.2025;15:55:37.052;FESX SI 20250620 CS;SIMPLE_INSTRUMENT;EFP_IDX;EUR;16;5378.00000000;247;EXCHANGE_LAST;;1;1;XEUR;7904020;675;
03.06.2025;15:51:49.636;FESX SI 20250620 CS;SIMPLE_INSTRUMENT;EFP_IDX;EUR;17;5377.00000000;44;EXCHANGE_LAST;;1;1;XEUR;7904020;675;
03.06.2025;15:51:36.521;FESX SI 20250620 CS;SIMPLE_INSTRUMENT;EFP_IDX;EUR;18;5378.00000000;206;EXCHANGE_LAST;;1;1;XEUR;7904020;675;
03.06.2025;15:51:13.375;FESX SI 20250620 CS;SIMPLE_INSTRUMENT;EFP_IDX;EUR;19;5378.00000000;101;EXCHANGE_LAST;;1;1;XEUR;7904020;675;
03.06.2025;15:51:50.378;FESX SI 20250620 CS;SIMPLE_INSTRUMENT;EFP_IDX;EUR;20;5377.00000000;25;EXCHANGE_LAST;;1;1;XEUR;7904020;675;
03.06.2025;07:32:16.720;FESX SI 20250620 CS;SIMPLE_INSTRUMENT;VOLA;EUR;637534211;5333.00000000;190;EXCHANGE_LAST;;1;1;XEUR;7904020;675;
03.06.2025;07:49:01.525;FESX SI 20250620 CS;SIMPLE_INSTRUMENT;VOLA;EUR;637534214;5345.00000000;36;EXCHANGE_LAST;;1;1;XEUR;7904020;675;
03.06.2025;08:28:42.449;FESX SI 20250620 CS;SIMPLE_INSTRUMENT;VOLA;EUR;637534224;5330.00000000;1;EXCHANGE_LAST;;1;1;XEUR;7904020;675;
03.06.2025;08:28:38.534;FESX SI 20250620 CS;SIMPLE_INSTRUMENT;VOLA;EUR;637534225;5332.00000000;101;EXCHANGE_LAST;;1;1;XEUR;7904020;675;
03.06.2025;09:01:02.231;FESX SI 20250620 CS;SIMPLE_INSTRUMENT;VOLA;EUR;637534240;5330.00000000;310;EXCHANGE_LAST;;1;1;XEUR;7904020;675;
03.06.2025;09:02:18.975;FESX SI 20250620 CS;SIMPLE_INSTRUMENT;VOLA;EUR;637534241;5330.00000000;310;EXCHANGE_LAST;;1;1;XEUR;7904020;675;
03.06.2025;09:04:13.543;FESX SI 20250620 CS;SIMPLE_INSTRUMENT;VOLA;EUR;637534243;5345.00000000;1500;EXCHANGE_LAST;;1;1;XEUR;7904020;675;
03.06.2025;09:34:28.681;FESX SI 20250620 CS;SIMPLE_INSTRUMENT;VOLA;EUR;637534253;5350.00000000;130;EXCHANGE_LAST;;1;1;XEUR;7904020;675;
03.06.2025;09:47:24.459;FESX SI 20250620 CS;SIMPLE_INSTRUMENT;VOLA;EUR;637534257;5350.00000000;156;EXCHANGE_LAST;;1;1;XEUR;7904020;675;
03.06.2025;09:58:45.530;FESX SI 20250620 CS;SIMPLE_INSTRUMENT;VOLA;EUR;637534259;5360.00000000;10;EXCHANGE_LAST;;1;1;XEUR;7904020;675;
03.06.2025;10:30:14.921;FESX SI 20250620 CS;SIMPLE_INSTRUMENT;VOLA;EUR;637534265;5345.00000000;572;EXCHANGE_LAST;;1;1;XEUR;7904020;675;
03.06.2025;11:47:37.146;FESX SI 20250620 CS;SIMPLE_INSTRUMENT;VOLA;EUR;637534282;5341.00000000;732;EXCHANGE_LAST;;1;1;XEUR;7904020;675;
03.06.2025;11:48:33.084;FESX SI 20250620 CS;SIMPLE_INSTRUMENT;VOLA;EUR;637534285;5341.00000000;1000;EXCHANGE_LAST;;1;1;XEUR;7904020;675;
03.06.2025;14:48:27.023;FESX SI 20250620 CS;SIMPLE_INSTRUMENT;VOLA;EUR;637534335;5358.00000000;18;EXCHANGE_LAST;;1;1;XEUR;7904020;675;
03.06.2025;09:45:15.297;FESY SI 20250620 CS;SIMPLE_INSTRUMENT;VOLA;EUR;603979805;1087.60000000;18;EXCHANGE_LAST;;1;1;XEUR;11881027;674;
03.06.2025;08:50:18.511;FEXD.S.DEC26.DEC28.SPD;FUTURES_SPREAD;BLOCK;EUR;2;8.90000000;1000;EXCHANGE_LAST;;1;1;XEUR;72060570450264161;693;
03.06.2025;08:50:18.511;FEXD SI 20261218 CS;SIMPLE_INSTRUMENT;BLOCK;EUR;2;155.10000000;1000;PRC_DECOMP_MEMBER;;;;XEUR;2163053;693;MEMBER
03.06.2025;08:50:18.511;FEXD SI 20281215 CS;SIMPLE_INSTRUMENT;BLOCK;EUR;2;146.20000000;1000;PRC_DECOMP_MEMBER;;;;XEUR;3680985;693;MEMBER
03.06.2025;09:29:03.372;FEXD SI 20261218 CS;SIMPLE_INSTRUMENT;BLOCK;EUR;7;155.10000000;520;EXCHANGE_LAST;;1;1;XEUR;2163053;693;
03.06.2025;09:32:31.384;FEXD SI 20261218 CS;SIMPLE_INSTRUMENT;BLOCK;EUR;8;155.00000000;1425;EXCHANGE_LAST;;1;1;XEUR;2163053;693;
03.06.2025;09:57:27.763;FEXD SI 20261218 CS;SIMPLE_INSTRUMENT;BLOCK;EUR;9;155.40000000;300;EXCHANGE_LAST;;1;1;XEUR;2163053;693;
03.06.2025;11:37:26.595;FEXD SI 20281215 CS;SIMPLE_INSTRUMENT;BLOCK;EUR;21;146.50000000;250;EXCHANGE_LAST;;1;1;XEUR;3680985;693;
03.06.2025;11:37:19.708;FEXD SI 20311219 CS;SIMPLE_INSTRUMENT;BLOCK;EUR;22;138.70000000;125;EXCHANGE_LAST;;1;1;XEUR;7158547;693;
03.06.2025;11:37:36.479;FEXD SI 20311219 CS;SIMPLE_INSTRUMENT;BLOCK;EUR;23;138.80000000;125;EXCHANGE_LAST;;1;1;XEUR;7158547;693;
03.06.2025;12:37:15.160;FEXD SI 20261218 CS;SIMPLE_INSTRUMENT;BLOCK;EUR;24;155.50000000;250;EXCHANGE_LAST;;1;1;XEUR;2163053;693;
03.06.2025;12:44:53.390;FEXD SI 20271217 CS;SIMPLE_INSTRUMENT;BLOCK;EUR;25;149.50000000;210;EXCHANGE_LAST;;1;1;XEUR;2848338;693;
03.06.2025;13:44:26.356;FEXD SI 20281215 CS;SIMPLE_INSTRUMENT;BLOCK;EUR;29;146.80000000;2000;EXCHANGE_LAST;;1;1;XEUR;3680985;693;
03.06.2025;13:45:32.065;FEXD SI 20261218 CS;SIMPLE_INSTRUMENT;BLOCK;EUR;30;155.50000000;1000;EXCHANGE_LAST;;1;1;XEUR;2163053;693;
03.06.2025;13:46:51.446;FEXD SI 20261218 CS;SIMPLE_INSTRUMENT;BLOCK;EUR;31;155.60000000;1000;EXCHANGE_LAST;;1;1;XEUR;2163053;693;
03.06.2025;14:31:03.622;FEXD SI 20261218 CS;SIMPLE_INSTRUMENT;BLOCK;EUR;32;155.50000000;150;EXCHANGE_LAST;;1;1;XEUR;2163053;693;
03.06.2025;14:41:07.202;FEXD SI 20271217 CS;SIMPLE_INSTRUMENT;BLOCK;EUR;33;149.70000000;125;EXCHANGE_LAST;;1;1;XEUR;2848338;693;
03.06.2025;15:15:42.681;FEXD.S.DEC28.DEC30.SPD;FUTURES_SPREAD;BLOCK;EUR;34;5.90000000;750;EXCHANGE_LAST;;1;2;XEUR;72060570450264202;693;
03.06.2025;15:15:42.681;FEXD SI 20301220 CS;SIMPLE_INSTRUMENT;BLOCK;EUR;34;141.40000000;750;PRC_DECOMP_EXCHANGE;;;;XEUR;5914108;693;EXCHANGE
03.06.2025;15:15:42.681;FEXD SI 20281215 CS;SIMPLE_INSTRUMENT;BLOCK;EUR;34;147.30000000;750;PRC_DECOMP_EXCHANGE;;;;XEUR;3680985;693;EXCHANGE
03.06.2025;15:25:20.367;FEXD.S.DEC28.DEC31.SPD;FUTURES_SPREAD;BLOCK;EUR;36;7.90000000;250;EXCHANGE_LAST;;1;1;XEUR;72060570450264223;693;
03.06.2025;15:25:20.367;FEXD SI 20311219 CS;SIMPLE_INSTRUMENT;BLOCK;EUR;36;138.90000000;250;PRC_DECOMP_EXCHANGE;;;;XEUR;7158547;693;EXCHANGE
03.06.2025;15:25:20.367;FEXD SI 20281215 CS;SIMPLE_INSTRUMENT;BLOCK;EUR;36;146.80000000;250;PRC_DECOMP_EXCHANGE;;;;XEUR;3680985;693;EXCHANGE
03.06.2025;15:46:24.021;FEXD SI 20261218 CS;SIMPLE_INSTRUMENT;BLOCK;EUR;43;155.80000000;250;EXCHANGE_LAST;;1;1;XEUR;2163053;693;
03.06.2025;06:38:07.560;FGBL SI 20250606 PS;SIMPLE_INSTRUMENT;EFS;EUR;1;131.44000000;434;EXCHANGE_LAST;;1;1;XEUR;11820389;688;
03.06.2025;06:38:57.603;FGBL SI 20250606 PS;SIMPLE_INSTRUMENT;EFS;EUR;2;131.45000000;608;EXCHANGE_LAST;;1;1;XEUR;11820389;688;
03.06.2025;06:39:06.505;FGBL SI 20250606 PS;SIMPLE_INSTRUMENT;EFS;EUR;3;131.43000000;244;EXCHANGE_LAST;;1;1;XEUR;11820389;688;
03.06.2025;07:17:15.632;FGBL SI 20250606 PS;SIMPLE_INSTRUMENT;EFS;EUR;4;131.46000000;434;EXCHANGE_LAST;;1;1;XEUR;11820389;688;
03.06.2025;07:20:10.824;FGBL SI 20250908 PS;SIMPLE_INSTRUMENT;EFS;EUR;5;131.26000000;845;EXCHANGE_LAST;;1;1;XEUR;12372482;688;
03.06.2025;07:20:19.825;FGBL SI 20250908 PS;SIMPLE_INSTRUMENT;EFS;EUR;6;131.26000000;845;EXCHANGE_LAST;;1;1;XEUR;12372482;688;
03.06.2025;07:19:52.500;FGBL SI 20250606 PS;SIMPLE_INSTRUMENT;EFS;EUR;7;131.45000000;261;EXCHANGE_LAST;;1;1;XEUR;11820389;688;
03.06.2025;07:23:48.038;FGBL SI 20250606 PS;SIMPLE_INSTRUMENT;EFS;EUR;8;131.45000000;694;EXCHANGE_LAST;;1;1;XEUR;11820389;688;
03.06.2025;07:29:46.703;FGBL SI 20250606 PS;SIMPLE_INSTRUMENT;EFS;EUR;9;130.82000000;1342;EXCHANGE_LAST;;1;1;XEUR;11820389;688;
03.06.2025;07:30:01.598;FGBL SI 20250606 PS;SIMPLE_INSTRUMENT;EFS;EUR;10;131.41000000;433;EXCHANGE_LAST;;1;1;XEUR;11820389;688;
03.06.2025;07:30:25.637;FGBL SI 20250606 PS;SIMPLE_INSTRUMENT;EFP_FIN;EUR;11;131.37000000;303;EXCHANGE_LAST;;1;1;XEUR;11820389;688;
03.06.2025;07:30:42.349;FGBL SI 20250606 PS;SIMPLE_INSTRUMENT;EFS;EUR;12;131.35000000;217;EXCHANGE_LAST;;1;1;XEUR;11820389;688;
03.06.2025;07:31:27.398;FGBL SI 20250606 PS;SIMPLE_INSTRUMENT;EFS;EUR;13;131.35000000;217;EXCHANGE_LAST;;1;1;XEUR;11820389;688;
03.06.2025;07:31:29.603;FGBL SI 20250908 PS;SIMPLE_INSTRUMENT;EFS;EUR;14;131.24000000;437;EXCHANGE_LAST;;1;1;XEUR;12372482;688;
03.06.2025;07:35:59.865;FGBL SI 20250606 PS;SIMPLE_INSTRUMENT;EFP_FIN;EUR;15;131.38000000;232;EXCHANGE_LAST;;1;1;XEUR;11820389;688;
03.06.2025;07:31:57.431;FGBL SI 20250606 PS;SIMPLE_INSTRUMENT;EFS;EUR;16;131.35000000;434;EXCHANGE_LAST;;1;1;XEUR;11820389;688;
03.06.2025;07:35:52.641;FGBL SI 20250606 PS;SIMPLE_INSTRUMENT;EFS;EUR;17;131.34000000;217;EXCHANGE_LAST;;1;1;XEUR;11820389;688;
03.06.2025;07:36:48.569;FGBL SI 20250606 PS;SIMPLE_INSTRUMENT;EFS;EUR;18;131.32000000;213;EXCHANGE_LAST;;1;1;XEUR;11820389;688;
03.06.2025;07:43:46.714;FGBL SI 20250606 PS;SIMPLE_INSTRUMENT;EFS;EUR;19;131.44000000;779;EXCHANGE_LAST;;1;1;XEUR;11820389;688;
03.06.2025;07:43:01.736;FGBL SI 20250606 PS;SIMPLE_INSTRUMENT;EFP_FIN;EUR;20;131.32000000;136;EXCHANGE_LAST;;1;1;XEUR;11820389;688;
03.06.2025;07:43:35.242;FGBL SI 20250908 PS;SIMPLE_INSTRUMENT;EFS;EUR;21;131.23000000;772;EXCHANGE_LAST;;1;1;XEUR;12372482;688;
03.06.2025;07:47:25.023;FGBL SI 20250606 PS;SIMPLE_INSTRUMENT;EFS;EUR;22;131.30000000;173;EXCHANGE_LAST;;1;1;XEUR;11820389;688;
03.06.2025;07:48:41.759;FGBL SI 20250908 PS;SIMPLE_INSTRUMENT;EFS;EUR;23;131.09000000;169;EXCHANGE_LAST;;1;1;XEUR;12372482;688;
03.06.2025;07:49:05.067;FGBL SI 20250908 PS;SIMPLE_INSTRUMENT;EFS;EUR;24;131.14000000;423;EXCHANGE_LAST;;1;1;XEUR;12372482;688;
03.06.2025;07:51:41.669;FGBL SI 20250908 PS;SIMPLE_INSTRUMENT;EFS;EUR;25;131.17000000;396;EXCHANGE_LAST;;1;1;XEUR;12372482;688;
03.06.2025;07:54:34.284;FGBL SI 20250606 PS;SIMPLE_INSTRUMENT;EFP_FIN;EUR;26;131.33000000;145;EXCHANGE_LAST;;1;1;XEUR;11820389;688;
03.06.2025;07:55:44.695;FGBL SI 20250606 PS;SIMPLE_INSTRUMENT;EFS;EUR;27;131.27000000;434;EXCHANGE_LAST;;1;1;XEUR;11820389;688;
03.06.2025;07:58:00.034;FGBL SI 20250606 PS;SIMPLE_INSTRUMENT;EFS;EUR;28;131.31000000;197;EXCHANGE_LAST;;1;1;XEUR;11820389;688;
03.06.2025;07:58:07.026;FGBL SI 20250606 PS;SIMPLE_INSTRUMENT;EFS;EUR;29;131.31000000;1026;EXCHANGE_LAST;;1;1;XEUR;11820389;688;
03.06.2025;07:58:44.574;FGBL SI 20250606 PS;SIMPLE_INSTRUMENT;EFP_FIN;EUR;30;131.30000000;77;EXCHANGE_LAST;;1;1;XEUR;11820389;688;
03.06.2025;07:58:45.865;FGBL SI 20250606 PS;SIMPLE_INSTRUMENT;EFS;EUR;31;131.29000000;434;EXCHANGE_LAST;;1;1;XEUR;11820389;688;
03.06.2025;08:00:48.802;FGBL SI 20250606 PS;SIMPLE_INSTRUMENT;EFS;EUR;32;131.24000000;217;EXCHANGE_LAST;;1;1;XEUR;11820389;688;
03.06.2025;08:02:17.558;FGBL SI 20250606 PS;SIMPLE_INSTRUMENT;EFS;EUR;33;131.30000000;887;EXCHANGE_LAST;;1;1;XEUR;11820389;688;
03.06.2025;08:02:21.669;FGBL SI 20250606 PS;SIMPLE_INSTRUMENT;EFS;EUR;34;131.30000000;1709;EXCHANGE_LAST;;1;1;XEUR;11820389;688;
03.06.2025;08:02:50.257;FGBL SI 20250606 PS;SIMPLE_INSTRUMENT;EFP_FIN;EUR;35;131.30000000;200;EXCHANGE_LAST;;1;1;XEUR;11820389;688;
03.06.2025;08:03:00.447;FGBL SI 20250908 PS;SIMPLE_INSTRUMENT;EFS;EUR;36;131.09000000;855;EXCHANGE_LAST;;1;1;XEUR;12372482;688;
03.06.2025;08:07:39.079;FGBL SI 20250908 PS;SIMPLE_INSTRUMENT;EFS;EUR;37;131.06000000;677;EXCHANGE_LAST;;1;1;XEUR;12372482;688;
03.06.2025;08:08:55.641;FGBL SI 20250606 PS;SIMPLE_INSTRUMENT;EFP_FIN;EUR;38;131.36000000;853;EXCHANGE_LAST;;1;1;XEUR;11820389;688;
03.06.2025;08:10:31.223;FGBL SI 20250606 PS;SIMPLE_INSTRUMENT;BLOCK;EUR;39;131.26000000;5476;EXCHANGE_LAST;;1;1;XEUR;11820389;688;
03.06.2025;08:11:23.793;FGBL.S.JUN25.SEP25.SPD;FUTURES_SPREAD;BLOCK;EUR;40;0.21000000;5572;EXCHANGE_LAST;;1;1;XEUR;72060548975427678;688;
03.06.2025;08:11:23.793;FGBL SI 20250908 PS;SIMPLE_INSTRUMENT;BLOCK;EUR;40;131.08000000;5572;PRC_DECOMP_EXCHANGE;;;;XEUR;12372482;688;EXCHANGE
03.06.2025;08:11:23.793;FGBL SI 20250606 PS;SIMPLE_INSTRUMENT;BLOCK;EUR;40;131.29000000;5572;PRC_DECOMP_EXCHANGE;;;;XEUR;11820389;688;EXCHANGE
03.06.2025;08:11:30.505;FGBL.S.JUN25.SEP25.SPD;FUTURES_SPREAD;BLOCK;EUR;41;0.20000000;5572;EXCHANGE_LAST;;1;1;XEUR;72060548975427678;688;
03.06.2025;08:11:30.505;FGBL SI 20250606 PS;SIMPLE_INSTRUMENT;BLOCK;EUR;41;131.29000000;5572;PRC_DECOMP_EXCHANGE;;;;XEUR;11820389;688;EXCHANGE
03.06.2025;08:11:30.505;FGBL SI 20250908 PS;SIMPLE_INSTRUMENT;BLOCK;EUR;41;131.09000000;5572;PRC_DECOMP_EXCHANGE;;;;XEUR;12372482;688;EXCHANGE
03.06.2025;08:12:01.513;FGBL SI 20250908 PS;SIMPLE_INSTRUMENT;BLOCK;EUR;42;131.05000000;2738;EXCHANGE_LAST;;1;1;XEUR;12372482;688;
03.06.2025;08:12:01.533;FGBL SI 20250908 PS;SIMPLE_INSTRUMENT;BLOCK;EUR;43;131.06000000;2738;EXCHANGE_LAST;;1;1;XEUR;12372482;688;
03.06.2025;08:12:30.833;FGBL.S.JUN25.SEP25.SPD;FUTURES_SPREAD;BLOCK;EUR;44;0.20000000;3373;EXCHANGE_LAST;;1;1;XEUR;72060548975427678;688;
03.06.2025;08:12:30.833;FGBL SI 20250908 PS;SIMPLE_INSTRUMENT;BLOCK;EUR;44;131.07000000;3373;PRC_DECOMP_EXCHANGE;;;;XEUR;12372482;688;EXCHANGE
03.06.2025;08:12:30.833;FGBL SI 20250606 PS;SIMPLE_INSTRUMENT;BLOCK;EUR;44;131.27000000;3373;PRC_DECOMP_EXCHANGE;;;;XEUR;11820389;688;EXCHANGE
03.06.2025;08:12:35.458;FGBL.S.JUN25.SEP25.SPD;FUTURES_SPREAD;BLOCK;EUR;45;0.21000000;3373;EXCHANGE_LAST;;1;1;XEUR;72060548975427678;688;
03.06.2025;08:12:35.458;FGBL SI 20250908 PS;SIMPLE_INSTRUMENT;BLOCK;EUR;45;131.08000000;3373;PRC_DECOMP_EXCHANGE;;;;XEUR;12372482;688;EXCHANGE
03.06.2025;08:12:35.458;FGBL SI 20250606 PS;SIMPLE_INSTRUMENT;BLOCK;EUR;45;131.29000000;3373;PRC_DECOMP_EXCHANGE;;;;XEUR;11820389;688;EXCHANGE
03.06.2025;08:16:46.462;FGBL.S.JUN25.SEP25.SPD;FUTURES_SPREAD;BLOCK;EUR;46;0.21000000;3160;EXCHANGE_LAST;;1;1;XEUR;72060548975427678;688;
03.06.2025;08:16:46.462;FGBL SI 20250908 PS;SIMPLE_INSTRUMENT;BLOCK;EUR;46;131.07000000;3160;PRC_DECOMP_MEMBER;;;;XEUR;12372482;688;MEMBER
03.06.2025;08:16:46.462;FGBL SI 20250606 PS;SIMPLE_INSTRUMENT;BLOCK;EUR;46;131.28000000;3160;PRC_DECOMP_MEMBER;;;;XEUR;11820389;688;MEMBER
03.06.2025;08:17:19.109;FGBL SI 20250606 PS;SIMPLE_INSTRUMENT;BLOCK;EUR;47;131.28000000;5727;EXCHANGE_LAST;;1;1;XEUR;11820389;688;
03.06.2025;08:17:23.004;FGBL.S.JUN25.SEP25.SPD;FUTURES_SPREAD;BLOCK;EUR;48;0.20000000;3160;EXCHANGE_LAST;;1;1;XEUR;72060548975427678;688;
03.06.2025;08:17:23.004;FGBL SI 20250606 PS;SIMPLE_INSTRUMENT;BLOCK;EUR;48;131.28000000;3160;PRC_DECOMP_MEMBER;;;;XEUR;11820389;688;MEMBER
03.06.2025;08:17:23.004;FGBL SI 20250908 PS;SIMPLE_INSTRUMENT;BLOCK;EUR;48;131.08000000;3160;PRC_DECOMP_MEMBER;;;;XEUR;12372482;688;MEMBER
03.06.2025;08:31:45.893;FGBL SI 20250606 PS;SIMPLE_INSTRUMENT;EFP_FIN;EUR;49;131.28000000;224;EXCHANGE_LAST;;1;1;XEUR;11820389;688;
03.06.2025;08:18:18.113;FGBL SI 20250908 PS;SIMPLE_INSTRUMENT;BLOCK;EUR;50;131.08000000;2864;EXCHANGE_LAST;;1;1;XEUR;12372482;688;
03.06.2025;08:18:27.114;FGBL SI 20250908 PS;SIMPLE_INSTRUMENT;BLOCK;EUR;51;131.07000000;2863;EXCHANGE_LAST;;1;1;XEUR;12372482;688;
03.06.2025;08:19:21.936;FGBL SI 20250606 PS;SIMPLE_INSTRUMENT;EFS;EUR;52;131.34000000;434;EXCHANGE_LAST;;1;1;XEUR;11820389;688;
03.06.2025;08:21:51.181;FGBL SI 20250908 PS;SIMPLE_INSTRUMENT;EFS;EUR;53;131.11000000;242;EXCHANGE_LAST;;1;1;XEUR;12372482;688;
03.06.2025;08:27:28.390;FGBL SI 20250606 PS;SIMPLE_INSTRUMENT;EFP_FIN;EUR;54;131.34000000;262;EXCHANGE_LAST;;1;1;XEUR;11820389;688;
03.06.2025;08:27:56.927;FGBL SI 20250606 PS;SIMPLE_INSTRUMENT;BLOCK;EUR;55;131.34000000;4159;EXCHANGE_LAST;;1;1;XEUR;11820389;688;
03.06.2025;08:28:22.016;FGBL SI 20250908 PS;SIMPLE_INSTRUMENT;BLOCK;EUR;56;131.14000000;2079;EXCHANGE_LAST;;1;1;XEUR;12372482;688;
03.06.2025;08:28:54.446;FGBL SI 20250908 PS;SIMPLE_INSTRUMENT;BLOCK;EUR;57;131.13000000;2080;EXCHANGE_LAST;;1;1;XEUR;12372482;688;
03.06.2025;08:28:45.096;FGBL SI 20250606 PS;SIMPLE_INSTRUMENT;BLOCK;EUR;58;131.45000000;3195;EXCHANGE_LAST;;1;1;XEUR;11820389;688;
03.06.2025;08:29:20.572;FGBL SI 20250908 PS;SIMPLE_INSTRUMENT;BLOCK;EUR;59;131.25000000;3069;EXCHANGE_LAST;;1;1;XEUR;12372482;688;
03.06.2025;08:33:36.286;FGBL SI 20250606 PS;SIMPLE_INSTRUMENT;EFS;EUR;60;131.35000000;390;EXCHANGE_LAST;;1;1;XEUR;11820389;688;
03.06.2025;08:34:23.858;FGBL SI 20250908 PS;SIMPLE_INSTRUMENT;EFS;EUR;61;131.15000000;386;EXCHANGE_LAST;;1;1;XEUR;12372482;688;
03.06.2025;08:34:44.754;FGBL SI 20250606 PS;SIMPLE_INSTRUMENT;EFS;EUR;62;131.35000000;486;EXCHANGE_LAST;;1;1;XEUR;11820389;688;
03.06.2025;08:35:13.750;FGBL SI 20250606 PS;SIMPLE_INSTRUMENT;EFS;EUR;63;131.33000000;434;EXCHANGE_LAST;;1;1;XEUR;11820389;688;
03.06.2025;08:36:08.809;FGBL SI 20250606 PS;SIMPLE_INSTRUMENT;EFS;EUR;64;131.35000000;434;EXCHANGE_LAST;;1;1;XEUR;11820389;688;
03.06.2025;08:36:56.397;FGBL SI 20250606 PS;SIMPLE_INSTRUMENT;EFS;EUR;65;131.34000000;217;EXCHANGE_LAST;;1;1;XEUR;11820389;688;
03.06.2025;08:41:09.078;FGBL SI 20250606 PS;SIMPLE_INSTRUMENT;EFS;EUR;66;131.32000000;100;EXCHANGE_LAST;;1;1;XEUR;11820389;688;
03.06.2025;08:42:30.169;FGBL SI 20250606 PS;SIMPLE_INSTRUMENT;EFP_FIN;EUR;67;131.28000000;449;EXCHANGE_LAST;;1;1;XEUR;11820389;688;
03.06.2025;08:44:11.425;FGBL SI 20250908 PS;SIMPLE_INSTRUMENT;EFP_FIN;EUR;68;131.20000000;1156;EXCHANGE_LAST;;1;1;XEUR;12372482;688;
03.06.2025;08:44:21.305;FGBL SI 20250908 PS;SIMPLE_INSTRUMENT;EFP_FIN;EUR;69;131.20000000;1156;EXCHANGE_LAST;;1;1;XEUR;12372482;688;
03.06.2025;08:48:51.008;FGBL SI 20250606 PS;SIMPLE_INSTRUMENT;EFS;EUR;70;131.28000000;1959;EXCHANGE_LAST;;1;1;XEUR;11820389;688;
03.06.2025;08:50:28.043;FGBL SI 20250908 PS;SIMPLE_INSTRUMENT;EFS;EUR;71;131.07000000;1890;EXCHANGE_LAST;;1;1;XEUR;12372482;688;
03.06.2025;08:51:29.669;FGBL SI 20250606 PS;SIMPLE_INSTRUMENT;EFP_FIN;EUR;72;131.32000000;175;EXCHANGE_LAST;;1;1;XEUR;11820389;688;
03.06.2025;09:00:09.562;FGBL SI 20250606 PS;SIMPLE_INSTRUMENT;EFS;EUR;73;131.37000000;100;EXCHANGE_LAST;;1;1;XEUR;11820389;688;
03.06.2025;09:01:46.297;FGBL SI 20250606 PS;SIMPLE_INSTRUMENT;EFS;EUR;74;131.39000000;434;EXCHANGE_LAST;;1;1;XEUR;11820389;688;
03.06.2025;09:06:09.928;FGBL SI 20250908 PS;SIMPLE_INSTRUMENT;BLOCK;EUR;76;131.17000000;19815;EXCHANGE_LAST;;1;1;XEUR;12372482;688;
03.06.2025;09:06:26.626;FGBL SI 20250908 PS;SIMPLE_INSTRUMENT;BLOCK;EUR;77;131.18000000;19816;EXCHANGE_LAST;;1;1;XEUR;12372482;688;
03.06.2025;09:07:25.645;FGBL SI 20250606 PS;SIMPLE_INSTRUMENT;EFS;EUR;78;131.41000000;233;EXCHANGE_LAST;;1;1;XEUR;11820389;688;
03.06.2025;09:07:25.704;FGBL.S.JUN25.SEP25.SPD;FUTURES_SPREAD;BLOCK;EUR;79;0.21000000;2353;EXCHANGE_LAST;;1;1;XEUR;72060548975427678;688;
03.06.2025;09:07:25.704;FGBL SI 20250606 PS;SIMPLE_INSTRUMENT;BLOCK;EUR;79;131.37000000;2353;PRC_DECOMP_EXCHANGE;;;;XEUR;11820389;688;EXCHANGE
03.06.2025;09:07:25.704;FGBL SI 20250908 PS;SIMPLE_INSTRUMENT;BLOCK;EUR;79;131.16000000;2353;PRC_DECOMP_EXCHANGE;;;;XEUR;12372482;688;EXCHANGE
03.06.2025;09:07:26.258;FGBL.S.JUN25.SEP25.SPD;FUTURES_SPREAD;BLOCK;EUR;80;0.20000000;2354;EXCHANGE_LAST;;1;1;XEUR;72060548975427678;688;
03.06.2025;09:07:26.258;FGBL SI 20250606 PS;SIMPLE_INSTRUMENT;BLOCK;EUR;80;131.36000000;2354;PRC_DECOMP_EXCHANGE;;;;XEUR;11820389;688;EXCHANGE
03.06.2025;09:07:26.258;FGBL SI 20250908 PS;SIMPLE_INSTRUMENT;BLOCK;EUR;80;131.16000000;2354;PRC_DECOMP_EXCHANGE;;;;XEUR;12372482;688;EXCHANGE
03.06.2025;09:07:29.808;FGBL SI 20250908 PS;SIMPLE_INSTRUMENT;EFS;EUR;81;131.20000000;231;EXCHANGE_LAST;;1;1;XEUR;12372482;688;
03.06.2025;09:11:03.700;FGBL SI 20250908 PS;SIMPLE_INSTRUMENT;EFS;EUR;83;131.17000000;400;EXCHANGE_LAST;;1;1;XEUR;12372482;688;
03.06.2025;09:11:40.269;FGBL SI 20250606 PS;SIMPLE_INSTRUMENT;BLOCK;EUR;84;131.38000000;6852;EXCHANGE_LAST;;1;1;XEUR;11820389;688;
03.06.2025;09:12:47.470;FGBL SI 20250908 PS;SIMPLE_INSTRUMENT;BLOCK;EUR;85;131.18000000;3308;EXCHANGE_LAST;;1;1;XEUR;12372482;688;
03.06.2025;09:12:50.548;FGBL SI 20250606 PS;SIMPLE_INSTRUMENT;BLOCK;EUR;86;131.38000000;20000;EXCHANGE_LAST;;1;1;XEUR;11820389;688;
03.06.2025;09:12:53.525;FGBL SI 20250908 PS;SIMPLE_INSTRUMENT;BLOCK;EUR;87;131.17000000;3309;EXCHANGE_LAST;;1;1;XEUR;12372482;688;
03.06.2025;09:12:57.142;FGBL SI 20250606 PS;SIMPLE_INSTRUMENT;BLOCK;EUR;88;131.38000000;20000;EXCHANGE_LAST;;1;1;XEUR;11820389;688;
03.06.2025;09:14:55.316;FGBL SI 20250606 PS;SIMPLE_INSTRUMENT;EFS;EUR;89;131.38000000;434;EXCHANGE_LAST;;1;1;XEUR;11820389;688;
03.06.2025;09:16:01.444;FGBL SI 20250606 PS;SIMPLE_INSTRUMENT;EFS;EUR;90;131.38000000;217;EXCHANGE_LAST;;1;1;XEUR;11820389;688;
03.06.2025;09:16:56.660;FGBL SI 20250606 PS;SIMPLE_INSTRUMENT;EFP_FIN;EUR;91;131.31000000;1197;EXCHANGE_LAST;;1;1;XEUR;11820389;688;
03.06.2025;09:17:58.910;FGBL SI 20250606 PS;SIMPLE_INSTRUMENT;EFS;EUR;92;131.38000000;251;EXCHANGE_LAST;;1;1;XEUR;11820389;688;
03.06.2025;09:18:09.667;FGBL SI 20250606 PS;SIMPLE_INSTRUMENT;BLOCK;EUR;93;131.33000000;10330;EXCHANGE_LAST;;1;1;XEUR;11820389;688;
03.06.2025;09:19:08.438;FGBL SI 20250606 PS;SIMPLE_INSTRUMENT;BLOCK;EUR;94;131.29000000;2056;EXCHANGE_LAST;;1;1;XEUR;11820389;688;
03.06.2025;09:19:19.442;FGBL SI 20250606 PS;SIMPLE_INSTRUMENT;BLOCK;EUR;95;131.30000000;2056;EXCHANGE_LAST;;1;1;XEUR;11820389;688;
03.06.2025;09:22:36.513;FGBL SI 20250908 PS;SIMPLE_INSTRUMENT;BLOCK;EUR;98;131.13000000;9972;EXCHANGE_LAST;;1;1;XEUR;12372482;688;
03.06.2025;09:24:41.488;FGBL SI 20250908 PS;SIMPLE_INSTRUMENT;BLOCK;EUR;99;131.09000000;4112;EXCHANGE_LAST;;1;1;XEUR;12372482;688;
03.06.2025;09:25:08.367;FGBL SI 20250606 PS;SIMPLE_INSTRUMENT;EFS;EUR;100;131.31000000;395;EXCHANGE_LAST;;1;1;XEUR;11820389;688;
03.06.2025;09:27:31.743;FGBL.S.JUN25.SEP25.SPD;FUTURES_SPREAD;BLOCK;EUR;104;0.20000000;2088;EXCHANGE_LAST;;1;1;XEUR;72060548975427678;688;
03.06.2025;09:27:31.743;FGBL SI 20250606 PS;SIMPLE_INSTRUMENT;BLOCK;EUR;104;131.27000000;2088;PRC_DECOMP_EXCHANGE;;;;XEUR;11820389;688;EXCHANGE
03.06.2025;09:27:31.743;FGBL SI 20250908 PS;SIMPLE_INSTRUMENT;BLOCK;EUR;104;131.07000000;2088;PRC_DECOMP_EXCHANGE;;;;XEUR;12372482;688;EXCHANGE
03.06.2025;09:27:36.928;FGBL.S.JUN25.SEP25.SPD;FUTURES_SPREAD;BLOCK;EUR;105;0.21000000;2087;EXCHANGE_LAST;;1;1;XEUR;72060548975427678;688;
03.06.2025;09:27:36.928;FGBL SI 20250606 PS;SIMPLE_INSTRUMENT;BLOCK;EUR;105;131.29000000;2087;PRC_DECOMP_EXCHANGE;;;;XEUR;11820389;688;EXCHANGE
