#Date;TrdTime;Contract;ContractType;TrdTyp;Currency;TesId;Prc;Qty;TrdInd;Aggressor;Buy;Sell;Exch;InstrumentId;RelatedProdId;PrcDecomp
07.11.2024;10:06:53.558;7PIF SI 20241219 CS;SIMPLE_INSTRUMENT;BLOCK;EUR;15;13.08960000;2000;EXCHANGE_LAST;;1;1;XEUR;7029747;48299;
07.11.2024;11:49:55.450;7PIF SI 20241219 CS;SIMPLE_INSTRUMENT;BLOCK;EUR;42;13.07400000;375;EXCHANGE_LAST;;1;2;XEUR;7029747;48299;
07.11.2024;16:02:20.415;7PIF SI 20241219 CS;SIMPLE_INSTRUMENT;BLOCK;EUR;88;13.13000000;300;EXCHANGE_LAST;;1;1;XEUR;7029747;48299;
07.11.2024;09:12:25.832;ABBN FI 20241204 CS EU C 51.9000 0;FLEXIBLE_INSTRUMENT;BLOCK;CHF;2;0.34000000;2240;EXCHANGE_LAST;;1;1;XEUR;1155389036332850023;574517;
07.11.2024;11:10:59.647;ABBN.N.241107.000005;NON_STANDARD_OPTION_STRATEGY;BLOCK;CHF;24;45.29000000;250;EXCHANGE_LAST;;1;1;XEUR;74525125763933377;574517;
07.11.2024;11:10:59.647;ABBN SI 20250919 PS AM P 40.00 0;SIMPLE_INSTRUMENT;BLOCK;CHF;24;0.99000000;1500;PRC_DECOMP_EXCHANGE;;;;XEUR;11927934;574517;EXCHANGE
07.11.2024;11:10:59.647;ABBN SI 20250919 PS AM P 56.00 0;SIMPLE_INSTRUMENT;BLOCK;CHF;24;7.89000000;1750;PRC_DECOMP_EXCHANGE;;;;XEUR;11927843;574517;EXCHANGE
07.11.2024;11:10:59.647;ABBN SI 20250919 PS AM P 40.00 0;SIMPLE_INSTRUMENT;BLOCK;CHF;24;1.00000000;1000;PRC_DECOMP_EXCHANGE;;;;XEUR;11927934;574517;EXCHANGE
07.11.2024;12:11:19.895;ABBN SI 20241220 PS AM C 52.00 0;SIMPLE_INSTRUMENT;BLOCK;CHF;31;0.65000000;1500;EXCHANGE_LAST;;1;1;XEUR;8836244;574517;
07.11.2024;14:00:36.452;ABBN.O.241107.BER.000006;STANDARD_OPTION_STRATEGY;BLOCK;CHF;62;2.90000000;5500;EXCHANGE_LAST;;1;1;XEUR;74525125763933378;574517;
07.11.2024;14:00:36.452;ABBN SI 20250620 PS AM P 52.00 0;SIMPLE_INSTRUMENT;BLOCK;CHF;62;4.84000000;5500;PRC_DECOMP_EXCHANGE;;;;XEUR;9516004;574517;EXCHANGE
07.11.2024;14:00:36.452;ABBN SI 20250620 PS AM P 46.00 0;SIMPLE_INSTRUMENT;BLOCK;CHF;62;1.94000000;5500;PRC_DECOMP_EXCHANGE;;;;XEUR;11409722;574517;EXCHANGE
07.11.2024;09:47:01.803;ADEN SI 20250919 PS AM P 20.00 0;SIMPLE_INSTRUMENT;BLOCK;CHF;12;0.89000000;2000;EXCHANGE_LAST;;1;1;XEUR;11870213;44;
07.11.2024;10:26:51.504;ADS SI 20241220 PS AM P 210.00 0;SIMPLE_INSTRUMENT;BLOCK;EUR;4;4.50000000;250;EXCHANGE_LAST;;1;1;XEUR;11669621;50;
07.11.2024;15:20:41.368;ADS SI 20241220 PS AM P 205.00 0;SIMPLE_INSTRUMENT;BLOCK;EUR;21;2.00000000;750;EXCHANGE_LAST;;1;1;XEUR;11870424;50;
07.11.2024;13:11:18.055;ADY SI 20241220 PS AM C 1680.00 0;SIMPLE_INSTRUMENT;BLOCK;EUR;12;2.50000000;865;EXCHANGE_LAST;;1;1;XEUR;8817862;76315;
07.11.2024;11:20:22.105;AIR SI 20251219 PS AM C 160.00 0;SIMPLE_INSTRUMENT;BLOCK;EUR;15;14.90000000;300;EXCHANGE_LAST;;1;1;XEUR;11290317;64;
07.11.2024;08:34:07.928;AKE SI 20241220 PS AM C 90.00 0;SIMPLE_INSTRUMENT;BLOCK;EUR;3;0.80000000;702;EXCHANGE_LAST;;1;1;XEUR;11871189;77;
07.11.2024;09:20:01.083;ALC FI 20241204 CS EU C 84.7000 0;FLEXIBLE_INSTRUMENT;BLOCK;CHF;6;0.92000000;914;EXCHANGE_LAST;;1;1;XEUR;1153480425880952652;130134;
07.11.2024;10:23:18.081;ALV SI 20250321 PS AM P 300.00 0;SIMPLE_INSTRUMENT;BLOCK;EUR;2;15.71000000;300;EXCHANGE_LAST;;1;1;XEUR;10829577;74;
07.11.2024;11:49:54.951;ANN SI 20241220 PS AM P 29.00 0;SIMPLE_INSTRUMENT;BLOCK;EUR;5;0.99000000;3750;EXCHANGE_LAST;;2;2;XEUR;11228918;45202;
07.11.2024;11:58:47.350;ANN SI 20241220 PS AM P 29.00 0;SIMPLE_INSTRUMENT;BLOCK;EUR;8;0.99000000;2000;EXCHANGE_LAST;;1;1;XEUR;11228918;45202;
07.11.2024;15:37:14.178;ANN SI 20250620 PS AM C 34.00 0;SIMPLE_INSTRUMENT;BLOCK;EUR;14;1.00000000;750;EXCHANGE_LAST;;1;1;XEUR;11386653;45202;
07.11.2024;15:55:41.054;ANN SI 20250919 PS AM P 26.00 0;SIMPLE_INSTRUMENT;BLOCK;EUR;15;1.62000000;1000;EXCHANGE_LAST;;1;1;XEUR;11906431;45202;
07.11.2024;10:15:40.619;AOM SI 20250321 PS AM P 18.00 0;SIMPLE_INSTRUMENT;BLOCK;EUR;12;0.83000000;1000;EXCHANGE_LAST;;1;1;XEUR;11249132;88;
07.11.2024;13:24:48.963;ASG5 SI 20241219 PS AM C 27.00 0;SIMPLE_INSTRUMENT;BLOCK;EUR;15;0.17000000;1500;EXCHANGE_LAST;;1;1;XEUR;11862602;109;
07.11.2024;10:19:55.329;ASM SI 20251219 PS AM P 550.00 0;SIMPLE_INSTRUMENT;BLOCK;EUR;2;52.45000000;350;EXCHANGE_LAST;;1;1;XEUR;7281231;107;
07.11.2024;13:12:25.910;ASM SI 20261218 PS AM P 550.00 0;SIMPLE_INSTRUMENT;BLOCK;EUR;13;78.50000000;100;EXCHANGE_LAST;;1;1;XEUR;11828653;107;
07.11.2024;16:31:11.204;AXA SI 20250620 PS AM P 34.00 0;SIMPLE_INSTRUMENT;BLOCK;EUR;33;2.35000000;2500;EXCHANGE_LAST;;1;1;XEUR;10812137;127;
07.11.2024;12:28:47.222;B2NP SI 20271217 CS;SIMPLE_INSTRUMENT;BLOCK;EUR;53;4.00000000;50;EXCHANGE_LAST;;1;1;XEUR;7086925;131;
07.11.2024;12:39:17.727;B2NP SI 20261218 CS;SIMPLE_INSTRUMENT;BLOCK;EUR;58;4.37000000;150;EXCHANGE_LAST;;1;1;XEUR;6798320;131;
07.11.2024;13:12:27.354;B2NP SI 20261218 CS;SIMPLE_INSTRUMENT;BLOCK;EUR;62;4.37000000;100;EXCHANGE_LAST;;2;1;XEUR;6798320;131;
07.11.2024;13:18:39.536;B2NP SI 20261218 CS;SIMPLE_INSTRUMENT;BLOCK;EUR;63;4.37000000;50;EXCHANGE_LAST;;1;1;XEUR;6798320;131;
07.11.2024;16:30:02.412;B2NP SI 20251219 CS;SIMPLE_INSTRUMENT;BLOCK;EUR;97;4.79500000;100;EXCHANGE_LAST;;1;1;XEUR;5914355;131;
07.11.2024;09:47:42.729;BAEN FI 20241204 CS EU C 58.8000 0;FLEXIBLE_INSTRUMENT;BLOCK;CHF;13;0.75000000;450;EXCHANGE_LAST;;1;1;XEUR;1152922187506656054;159;
07.11.2024;15:15:39.177;BAEN SI 20250919 PS AM P 50.00 0;SIMPLE_INSTRUMENT;BLOCK;CHF;77;3.32000000;1000;EXCHANGE_LAST;;1;1;XEUR;11872948;159;
07.11.2024;09:16:41.661;BAS SI 20241220 PS AM C 50.00 0;SIMPLE_INSTRUMENT;BLOCK;EUR;4;0.22000000;1159;EXCHANGE_LAST;;1;1;XEUR;7509957;150;
07.11.2024;09:16:48.460;BAS SI 20241220 PS AM C 50.00 0;SIMPLE_INSTRUMENT;BLOCK;EUR;5;0.23000000;1159;EXCHANGE_LAST;;1;1;XEUR;7509957;150;
07.11.2024;09:30:54.775;BAS SI 20241220 PS AM C 50.00 0;SIMPLE_INSTRUMENT;BLOCK;EUR;6;0.21000000;6000;EXCHANGE_LAST;;1;3;XEUR;7509957;150;
07.11.2024;10:26:04.020;BAS SI 20241220 PS AM P 44.00 0;SIMPLE_INSTRUMENT;BLOCK;EUR;8;1.10000000;2500;EXCHANGE_LAST;;2;1;XEUR;4705204;150;
07.11.2024;10:43:09.114;BAS.O.241107.RBER.000008;STANDARD_OPTION_STRATEGY;BLOCK;EUR;13;-1.37000000;1000;EXCHANGE_LAST;;1;1;XEUR;72058238283088490;150;
07.11.2024;10:43:09.114;BAS SI 20241220 PS AM P 41.00 0;SIMPLE_INSTRUMENT;BLOCK;EUR;13;0.34000000;2000;PRC_DECOMP_EXCHANGE;;;;XEUR;7509962;150;EXCHANGE
07.11.2024;10:43:09.114;BAS SI 20241220 PS AM P 46.00 0;SIMPLE_INSTRUMENT;BLOCK;EUR;13;2.05000000;1000;PRC_DECOMP_EXCHANGE;;;;XEUR;7509954;150;EXCHANGE
07.11.2024;11:51:00.455;BAS SI 20241220 PS AM C 46.00 0;SIMPLE_INSTRUMENT;BLOCK;EUR;18;1.30000000;2000;EXCHANGE_LAST;;1;1;XEUR;7509951;150;
07.11.2024;13:09:25.323;BAS SI 20241115 PS AM C 47.00 0;SIMPLE_INSTRUMENT;BLOCK;EUR;24;0.37000000;747;EXCHANGE_LAST;;1;1;XEUR;11699761;150;
07.11.2024;13:09:28.809;BAS SI 20241115 PS AM C 47.00 0;SIMPLE_INSTRUMENT;BLOCK;EUR;25;0.38000000;748;EXCHANGE_LAST;;1;1;XEUR;11699761;150;
07.11.2024;13:45:41.315;BAS SI 20241115 PS AM C 47.00 0;SIMPLE_INSTRUMENT;BLOCK;EUR;26;0.40000000;598;EXCHANGE_LAST;;1;1;XEUR;11699761;150;
07.11.2024;15:09:23.637;BAS SI 20241115 PS AM C 47.00 0;SIMPLE_INSTRUMENT;BLOCK;EUR;27;0.41000000;1076;EXCHANGE_LAST;;1;1;XEUR;11699761;150;
07.11.2024;16:34:30.099;BAS SI 20250321 PS AM C 52.00 0;SIMPLE_INSTRUMENT;BLOCK;EUR;30;0.90000000;2300;EXCHANGE_LAST;;1;1;XEUR;10831049;150;
07.11.2024;10:06:27.936;BAY SI 20251219 PS AM P 18.00 0;SIMPLE_INSTRUMENT;BLOCK;EUR;7;0.87000000;1500;EXCHANGE_LAST;;1;1;XEUR;8112351;168;
07.11.2024;11:34:24.287;BAY.O.241107.BER.000017;STANDARD_OPTION_STRATEGY;BLOCK;EUR;16;1.85000000;1000;EXCHANGE_LAST;;1;1;XEUR;72058315592504726;168;
07.11.2024;11:34:24.287;BAY SI 20250321 PS AM P 26.00 0;SIMPLE_INSTRUMENT;BLOCK;EUR;16;2.71000000;1000;PRC_DECOMP_EXCHANGE;;;;XEUR;10831459;168;EXCHANGE
07.11.2024;11:34:24.287;BAY SI 20250321 PS AM P 22.00 0;SIMPLE_INSTRUMENT;BLOCK;EUR;16;0.86000000;1000;PRC_DECOMP_EXCHANGE;;;;XEUR;10831467;168;EXCHANGE
07.11.2024;16:10:08.849;BAY SI 20241115 PS AM C 26.00 0;SIMPLE_INSTRUMENT;BLOCK;EUR;29;0.19000000;2500;EXCHANGE_LAST;;1;2;XEUR;11700231;168;
07.11.2024;08:30:47.605;BMW SI 20241115 PS AM C 73.00 0;SIMPLE_INSTRUMENT;BLOCK;EUR;1;0.34000000;2212;EXCHANGE_LAST;;1;1;XEUR;11701015;210;
07.11.2024;09:14:28.005;BMW SI 20250321 PS AM C 84.00 0;SIMPLE_INSTRUMENT;BLOCK;EUR;2;0.68000000;450;EXCHANGE_LAST;;1;1;XEUR;10832542;210;
07.11.2024;09:14:30.312;BMW SI 20250321 PS AM C 76.00 0;SIMPLE_INSTRUMENT;BLOCK;EUR;3;2.12000000;450;EXCHANGE_LAST;;1;1;XEUR;10832590;210;
07.11.2024;10:16:49.012;BMW.O.241107.CNV.000008;STANDARD_OPTION_STRATEGY;BLOCK;EUR;7;2.04000000;1400;EXCHANGE_LAST;;1;2;XEUR;72058495981106333;210;
07.11.2024;10:16:49.012;BMW SI 20241220 PS AM C 68.00 0;SIMPLE_INSTRUMENT;BLOCK;EUR;7;3.62000000;1400;PRC_DECOMP_EXCHANGE;;;;XEUR;4640265;210;EXCHANGE
07.11.2024;10:16:49.012;BMW SI 20241220 PS AM P 68.00 0;SIMPLE_INSTRUMENT;BLOCK;EUR;7;1.58000000;1400;PRC_DECOMP_EXCHANGE;;;;XEUR;4640266;210;EXCHANGE
07.11.2024;10:23:42.472;BMW SI 20250321 PS AM P 60.00 0;SIMPLE_INSTRUMENT;BLOCK;EUR;11;1.20000000;500;EXCHANGE_LAST;;1;1;XEUR;10832573;210;
07.11.2024;10:35:27.624;BMW SI 20241220 PS AM C 70.00 0;SIMPLE_INSTRUMENT;BLOCK;EUR;12;2.37000000;650;EXCHANGE_LAST;;1;1;XEUR;11838717;210;
07.11.2024;11:22:59.601;BMW SI 20251219 PS AM C 72.00 0;SIMPLE_INSTRUMENT;BLOCK;EUR;18;5.50000000;500;EXCHANGE_LAST;;1;1;XEUR;11992510;210;
07.11.2024;15:49:12.527;BMW SI 20250321 PS AM P 64.00 0;SIMPLE_INSTRUMENT;BLOCK;EUR;38;1.88000000;1250;EXCHANGE_LAST;;1;2;XEUR;10832577;210;
07.11.2024;14:44:25.693;BNP SI 20241220 PS AM P 56.00 0;SIMPLE_INSTRUMENT;BLOCK;EUR;24;0.60000000;1000;EXCHANGE_LAST;;1;1;XEUR;4640394;237;
07.11.2024;16:10:19.555;BNP.O.241107.BUL.000007;STANDARD_OPTION_STRATEGY;BLOCK;EUR;31;5.22000000;2000;EXCHANGE_LAST;;1;1;XEUR;72058611945197473;237;
07.11.2024;16:10:19.555;BNP SI 20271217 PS AM C 60.00 0;SIMPLE_INSTRUMENT;BLOCK;EUR;31;6.89000000;2000;PRC_DECOMP_EXCHANGE;;;;XEUR;8776300;237;EXCHANGE
07.11.2024;16:10:19.555;BNP SI 20271217 PS AM C 80.00 0;SIMPLE_INSTRUMENT;BLOCK;EUR;31;1.67000000;2000;PRC_DECOMP_EXCHANGE;;;;XEUR;8776245;237;EXCHANGE
07.11.2024;16:28:35.104;BNRG SI 20241115 CS;SIMPLE_INSTRUMENT;BLOCK;EUR;94;61.64510000;150;EXCHANGE_LAST;;1;1;XEUR;10136936;44360;
07.11.2024;13:07:59.843;BOSS SI 20241220 PS AM C 44.00 0;SIMPLE_INSTRUMENT;BLOCK;EUR;14;1.50000000;350;EXCHANGE_LAST;;1;1;XEUR;4640463;230;
07.11.2024;13:45:58.472;BPVJ SI 20241219 CS;SIMPLE_INSTRUMENT;BLOCK;EUR;69;6.57040000;1000;EXCHANGE_LAST;;1;1;XEUR;7029761;48715;
07.11.2024;16:06:11.793;BVI SI 20241220 PS AM P 28.00 0;SIMPLE_INSTRUMENT;BLOCK;EUR;29;0.52000000;94;EXCHANGE_LAST;;1;1;XEUR;8777078;276;
07.11.2024;16:06:28.522;BVI SI 20241220 PS AM P 28.00 0;SIMPLE_INSTRUMENT;BLOCK;EUR;30;0.51000000;253;EXCHANGE_LAST;;1;1;XEUR;8777078;276;
07.11.2024;13:19:03.259;BYG.O.241107.STD.000002;STANDARD_OPTION_STRATEGY;BLOCK;EUR;22;4.85000000;1000;EXCHANGE_LAST;;1;1;XEUR;72058796628777058;280;
07.11.2024;13:19:03.259;BYG SI 20250919 PS AM P 30.00 0;SIMPLE_INSTRUMENT;BLOCK;EUR;22;2.77000000;1000;PRC_DECOMP_EXCHANGE;;;;XEUR;11875962;280;EXCHANGE
07.11.2024;13:19:03.259;BYG SI 20250919 PS AM C 30.00 0;SIMPLE_INSTRUMENT;BLOCK;EUR;22;2.08000000;1000;PRC_DECOMP_EXCHANGE;;;;XEUR;11875964;280;EXCHANGE
07.11.2024;14:28:08.581;C4RI SI 20241220 CS;SIMPLE_INSTRUMENT;BLOCK;EUR;76;2.72900000;1000;EXCHANGE_LAST;;1;1;XEUR;4632261;50862;
07.11.2024;13:54:19.444;CBK SI 20241220 PS AM P 16.40 0;SIMPLE_INSTRUMENT;BLOCK;EUR;16;0.76000000;2000;EXCHANGE_LAST;;1;1;XEUR;11621480;268;
07.11.2024;12:21:55.202;CEC SI 20241220 PS AM P 1.90 0;SIMPLE_INSTRUMENT;BLOCK;EUR;22;0.02000000;25000;EXCHANGE_LAST;;1;1;XEUR;10438414;57375;
07.11.2024;12:23:20.477;CEC SI 20241220 PS AM P 1.90 0;SIMPLE_INSTRUMENT;BLOCK;EUR;23;0.01000000;25000;EXCHANGE_LAST;;1;1;XEUR;10438414;57375;
07.11.2024;09:21:23.112;CFR FI 20241204 CS EU C 132.5000 0;FLEXIBLE_INSTRUMENT;BLOCK;CHF;5;2.45000000;700;EXCHANGE_LAST;;1;1;XEUR;1152922848931624649;313;
07.11.2024;12:15:44.838;CFR SI 20241115 PS AM C 134.00 0;SIMPLE_INSTRUMENT;BLOCK;CHF;34;2.52000000;400;EXCHANGE_LAST;;1;1;XEUR;11702357;313;
07.11.2024;12:15:54.936;CFR SI 20241115 PS AM C 144.00 0;SIMPLE_INSTRUMENT;BLOCK;CHF;35;0.66000000;300;EXCHANGE_LAST;;1;1;XEUR;11702371;313;
07.11.2024;12:16:03.590;CFR SI 20241115 PS AM C 144.00 0;SIMPLE_INSTRUMENT;BLOCK;CHF;36;0.67000000;300;EXCHANGE_LAST;;1;1;XEUR;11702371;313;
07.11.2024;14:06:14.714;CFR.O.241107.STG.000009;STANDARD_OPTION_STRATEGY;BLOCK;CHF;64;4.90000000;300;EXCHANGE_LAST;;1;1;XEUR;72058938362724863;313;
07.11.2024;14:06:14.714;CFR SI 20241220 PS AM P 120.00 0;SIMPLE_INSTRUMENT;BLOCK;CHF;64;2.67000000;300;PRC_DECOMP_EXCHANGE;;;;XEUR;9996582;313;EXCHANGE
07.11.2024;14:06:14.714;CFR SI 20241220 PS AM C 140.00 0;SIMPLE_INSTRUMENT;BLOCK;CHF;64;2.23000000;300;PRC_DECOMP_EXCHANGE;;;;XEUR;9996592;313;EXCHANGE
07.11.2024;15:57:39.647;CFR SI 20261218 PS AM P 100.00 0;SIMPLE_INSTRUMENT;BLOCK;CHF;87;8.90000000;150;EXCHANGE_LAST;;1;1;XEUR;9996405;313;
07.11.2024;15:41:44.716;CGM SI 20251219 PS AM P 140.00 0;SIMPLE_INSTRUMENT;BLOCK;EUR;28;9.50000000;200;EXCHANGE_LAST;;1;1;XEUR;5924802;317;
07.11.2024;09:19:15.768;CLN FI 20241204 CS EU C 12.9000 0;FLEXIBLE_INSTRUMENT;BLOCK;CHF;3;0.03000000;799;EXCHANGE_LAST;;1;1;XEUR;1152922775917176607;296;
07.11.2024;09:18:03.146;CLN FI 20241204 CS EU C 12.9000 0;FLEXIBLE_INSTRUMENT;BLOCK;CHF;4;0.16000000;751;EXCHANGE_LAST;;1;1;XEUR;1152922775917176607;296;
07.11.2024;15:23:33.166;D2PW SI 20261218 CS;SIMPLE_INSTRUMENT;BLOCK;EUR;82;1.68000000;400;EXCHANGE_LAST;;2;2;XEUR;4632317;9702;
07.11.2024;16:03:16.864;D2PW SI 20261218 CS;SIMPLE_INSTRUMENT;BLOCK;EUR;91;1.68000000;200;EXCHANGE_LAST;;1;2;XEUR;4632317;9702;
07.11.2024;11:03:43.734;D3AI SI 20271217 CS;SIMPLE_INSTRUMENT;BLOCK;EUR;24;2.60000000;200;EXCHANGE_LAST;;1;1;XEUR;7144067;443197;
07.11.2024;11:06:00.439;D3AI SI 20251219 CS;SIMPLE_INSTRUMENT;BLOCK;EUR;25;3.83000000;250;EXCHANGE_LAST;;1;1;XEUR;7144062;443197;
07.11.2024;11:09:06.117;D3AI SI 20251219 CS;SIMPLE_INSTRUMENT;BLOCK;EUR;27;3.83000000;400;EXCHANGE_LAST;;2;1;XEUR;7144062;443197;
07.11.2024;11:18:52.139;D3AI SI 20271217 CS;SIMPLE_INSTRUMENT;BLOCK;EUR;29;2.60000000;55;EXCHANGE_LAST;;1;1;XEUR;7144067;443197;
07.11.2024;11:21:56.798;D3AI SI 20251219 CS;SIMPLE_INSTRUMENT;BLOCK;EUR;30;3.83000000;150;EXCHANGE_LAST;;1;1;XEUR;7144062;443197;
07.11.2024;13:08:47.981;D3AI SI 20261218 CS;SIMPLE_INSTRUMENT;BLOCK;EUR;61;2.90000000;150;EXCHANGE_LAST;;1;1;XEUR;7144051;443197;
07.11.2024;15:31:42.668;D3AI SI 20251219 CS;SIMPLE_INSTRUMENT;BLOCK;EUR;83;3.84000000;75;EXCHANGE_LAST;;1;1;XEUR;7144062;443197;
07.11.2024;10:08:24.709;DAI.O.241107.STG.000013;STANDARD_OPTION_STRATEGY;BLOCK;EUR;6;5.57000000;1000;EXCHANGE_LAST;;1;1;XEUR;73961106363660636;443196;
07.11.2024;10:08:24.709;DAI SI 20250321 PS AM C 60.00 0;SIMPLE_INSTRUMENT;BLOCK;EUR;6;1.04000000;1000;PRC_DECOMP_EXCHANGE;;;;XEUR;10884520;443196;EXCHANGE
07.11.2024;10:08:24.709;DAI SI 20250321 PS AM P 56.00 0;SIMPLE_INSTRUMENT;BLOCK;EUR;6;4.53000000;1000;PRC_DECOMP_EXCHANGE;;;;XEUR;10884518;443196;EXCHANGE
07.11.2024;10:16:16.898;DAI SI 20250919 PS AM P 38.00 0;SIMPLE_INSTRUMENT;BLOCK;EUR;10;1.07000000;1000;EXCHANGE_LAST;;1;1;XEUR;11925585;443196;
07.11.2024;10:39:20.297;DAI SI 20251219 PS AM P 52.00 0;SIMPLE_INSTRUMENT;BLOCK;EUR;13;5.58000000;5000;EXCHANGE_LAST;;4;2;XEUR;7144530;443196;
07.11.2024;10:51:18.616;DAI SI 20250321 PS AM P 52.00 0;SIMPLE_INSTRUMENT;BLOCK;EUR;15;2.56000000;3000;EXCHANGE_LAST;;2;2;XEUR;10884530;443196;
07.11.2024;12:51:25.344;DAI SI 20250321 PS AM P 60.00 0;SIMPLE_INSTRUMENT;BLOCK;EUR;21;6.97000000;2500;EXCHANGE_LAST;;1;2;XEUR;10884522;443196;
07.11.2024;13:41:08.593;DAI SI 20241220 PS AM P 44.00 0;SIMPLE_INSTRUMENT;BLOCK;EUR;23;0.15000000;811;EXCHANGE_LAST;;1;1;XEUR;7491325;443196;
07.11.2024;14:04:09.790;DAIG SI 20241220 CS;SIMPLE_INSTRUMENT;BLOCK;EUR;72;54.01000000;1000;EXCHANGE_LAST;;1;1;XEUR;7144297;443203;
07.11.2024;14:24:26.283;DBK SI 20250321 PS AM C 18.00 0;SIMPLE_INSTRUMENT;BLOCK;EUR;20;0.53000000;5000;EXCHANGE_LAST;;1;2;XEUR;10835573;362;
07.11.2024;09:57:35.243;DHE.N.241107.000003;NON_STANDARD_OPTION_STRATEGY;BLOCK;EUR;2;0.50000000;1000;EXCHANGE_LAST;;1;1;XEUR;72302986994398050;57135;
07.11.2024;09:57:35.243;DHE SI 20241115 PS AM C 42.00 0;SIMPLE_INSTRUMENT;BLOCK;EUR;2;0.55000000;2000;PRC_DECOMP_EXCHANGE;;;;XEUR;11982934;57135;EXCHANGE
07.11.2024;09:57:35.243;DHE SI 20241115 PS AM P 38.00 0;SIMPLE_INSTRUMENT;BLOCK;EUR;2;1.08000000;1000;PRC_DECOMP_EXCHANGE;;;;XEUR;11859335;57135;EXCHANGE
07.11.2024;09:57:35.243;DHE SI 20241115 PS AM C 40.00 0;SIMPLE_INSTRUMENT;BLOCK;EUR;2;1.34000000;2000;PRC_DECOMP_EXCHANGE;;;;XEUR;11961126;57135;EXCHANGE
07.11.2024;11:54:18.904;DHE SI 20241115 PS AM C 45.00 0;SIMPLE_INSTRUMENT;BLOCK;EUR;7;0.20000000;250;EXCHANGE_LAST;;1;1;XEUR;12014253;57135;
07.11.2024;13:56:49.622;DHE.N.241107.000003;NON_STANDARD_OPTION_STRATEGY;BLOCK;EUR;11;-0.60000000;200;EXCHANGE_LAST;;1;1;XEUR;72302986994398050;57135;
07.11.2024;13:56:49.622;DHE SI 20241115 PS AM P 38.00 0;SIMPLE_INSTRUMENT;BLOCK;EUR;11;1.66000000;200;PRC_DECOMP_EXCHANGE;;;;XEUR;11859335;57135;EXCHANGE
07.11.2024;13:56:49.622;DHE SI 20241115 PS AM C 42.00 0;SIMPLE_INSTRUMENT;BLOCK;EUR;11;0.28000000;400;PRC_DECOMP_EXCHANGE;;;;XEUR;11982934;57135;EXCHANGE
07.11.2024;13:56:49.622;DHE SI 20241115 PS AM C 40.00 0;SIMPLE_INSTRUMENT;BLOCK;EUR;11;0.81000000;400;PRC_DECOMP_EXCHANGE;;;;XEUR;11961126;57135;EXCHANGE
07.11.2024;11:53:31.429;DPW SI 20281215 PS AM P 32.00 0;SIMPLE_INSTRUMENT;BLOCK;EUR;6;4.83000000;1000;EXCHANGE_LAST;;1;1;XEUR;10403173;445;
07.11.2024;08:26:23.161;DYS1 SI 20241220 PS AM C 35.00 0;SIMPLE_INSTRUMENT;BLOCK;EUR;2;0.34000000;2600;EXCHANGE_LAST;;1;1;XEUR;11879847;475;
07.11.2024;09:03:02.255;E2NL SI 20251219 CS;SIMPLE_INSTRUMENT;BLOCK;EUR;10;0.45000000;500;EXCHANGE_LAST;;1;1;XEUR;3681293;471;
07.11.2024;10:02:24.420;E2NL SI 20251219 CS;SIMPLE_INSTRUMENT;BLOCK;EUR;14;0.45500000;2500;EXCHANGE_LAST;;1;1;XEUR;3681293;471;
07.11.2024;10:17:50.695;E2NL SI 20251219 CS;SIMPLE_INSTRUMENT;BLOCK;EUR;19;0.45500000;900;EXCHANGE_LAST;;2;2;XEUR;3681293;471;
07.11.2024;10:59:37.290;E2NL SI 20251219 CS;SIMPLE_INSTRUMENT;BLOCK;EUR;21;0.45500000;500;EXCHANGE_LAST;;1;1;XEUR;3681293;471;
07.11.2024;11:46:51.019;E2NL SI 20261218 CS;SIMPLE_INSTRUMENT;BLOCK;EUR;38;0.44500000;750;EXCHANGE_LAST;;2;1;XEUR;4632356;471;
07.11.2024;14:13:42.320;E2NL SI 20251219 CS;SIMPLE_INSTRUMENT;BLOCK;EUR;73;0.45500000;3000;EXCHANGE_LAST;;1;1;XEUR;3681293;471;
07.11.2024;14:18:33.601;E2NL SI 20251219 CS;SIMPLE_INSTRUMENT;BLOCK;EUR;74;0.45500000;500;EXCHANGE_LAST;;1;1;XEUR;3681293;471;
07.11.2024;15:37:21.081;E2NL SI 20251219 CS;SIMPLE_INSTRUMENT;BLOCK;EUR;84;0.45500000;1000;EXCHANGE_LAST;;1;1;XEUR;3681293;471;
07.11.2024;10:23:27.956;ENL5 SI 20241219 PS AM P 6.70 0;SIMPLE_INSTRUMENT;BLOCK;EUR;3;0.15250000;1500;EXCHANGE_LAST;;1;1;XEUR;11863486;500;
07.11.2024;09:44:02.470;ENR SI 20251219 PS AM P 20.00 0;SIMPLE_INSTRUMENT;BLOCK;EUR;1;0.73000000;1000;EXCHANGE_LAST;;1;1;XEUR;5928370;298530;
07.11.2024;15:27:14.459;ENR.O.241107.BUL.000005;STANDARD_OPTION_STRATEGY;BLOCK;EUR;12;1.59000000;900;EXCHANGE_LAST;;1;1;XEUR;73339770624815157;298530;
07.11.2024;15:27:14.459;ENR SI 20241220 PS AM C 46.00 0;SIMPLE_INSTRUMENT;BLOCK;EUR;12;0.47000000;900;PRC_DECOMP_EXCHANGE;;;;XEUR;11846962;298530;EXCHANGE
07.11.2024;15:27:14.459;ENR SI 20241220 PS AM C 40.00 0;SIMPLE_INSTRUMENT;BLOCK;EUR;12;2.06000000;900;PRC_DECOMP_EXCHANGE;;;;XEUR;5909219;298530;EXCHANGE
07.11.2024;16:04:05.752;ENR.O.241107.BUL.000005;STANDARD_OPTION_STRATEGY;BLOCK;EUR;16;1.37000000;450;EXCHANGE_LAST;;1;1;XEUR;73339770624815157;298530;
07.11.2024;16:04:05.752;ENR SI 20241220 PS AM C 46.00 0;SIMPLE_INSTRUMENT;BLOCK;EUR;16;0.52000000;450;PRC_DECOMP_EXCHANGE;;;;XEUR;11846962;298530;EXCHANGE
07.11.2024;16:04:05.752;ENR SI 20241220 PS AM C 40.00 0;SIMPLE_INSTRUMENT;BLOCK;EUR;16;1.89000000;450;PRC_DECOMP_EXCHANGE;;;;XEUR;5909219;298530;EXCHANGE
07.11.2024;16:04:09.540;ENR.O.241107.BUL.000005;STANDARD_OPTION_STRATEGY;BLOCK;EUR;17;1.38000000;450;EXCHANGE_LAST;;1;1;XEUR;73339770624815157;298530;
07.11.2024;16:04:09.540;ENR SI 20241220 PS AM C 46.00 0;SIMPLE_INSTRUMENT;BLOCK;EUR;17;0.52000000;450;PRC_DECOMP_EXCHANGE;;;;XEUR;11846962;298530;EXCHANGE
07.11.2024;16:04:09.540;ENR SI 20241220 PS AM C 40.00 0;SIMPLE_INSTRUMENT;BLOCK;EUR;17;1.90000000;450;PRC_DECOMP_EXCHANGE;;;;XEUR;5909219;298530;EXCHANGE
07.11.2024;13:20:53.343;ENT5.O.241107.STG.000001;STANDARD_OPTION_STRATEGY;BLOCK;EUR;16;0.64500000;1000;EXCHANGE_LAST;;1;1;XEUR;72059728636683167;497;
07.11.2024;13:20:53.343;ENT5 SI 20250320 PS AM C 15.00 0;SIMPLE_INSTRUMENT;BLOCK;EUR;16;0.25850000;1000;PRC_DECOMP_EXCHANGE;;;;XEUR;10822834;497;EXCHANGE
07.11.2024;13:20:53.343;ENT5 SI 20250320 PS AM P 13.50 0;SIMPLE_INSTRUMENT;BLOCK;EUR;16;0.38650000;1000;PRC_DECOMP_EXCHANGE;;;;XEUR;11980885;497;EXCHANGE
07.11.2024;14:53:29.151;ENT5.O.241107.STG.000002;STANDARD_OPTION_STRATEGY;BLOCK;EUR;18;1.12500000;400;EXCHANGE_LAST;;1;1;XEUR;72059728636683168;497;
07.11.2024;14:53:29.151;ENT5 SI 20250918 PS AM C 15.00 0;SIMPLE_INSTRUMENT;BLOCK;EUR;18;0.45900000;400;PRC_DECOMP_EXCHANGE;;;;XEUR;11863482;497;EXCHANGE
07.11.2024;14:53:29.151;ENT5 SI 20250918 PS AM P 13.00 0;SIMPLE_INSTRUMENT;BLOCK;EUR;18;0.66600000;400;PRC_DECOMP_EXCHANGE;;;;XEUR;11863461;497;EXCHANGE
07.11.2024;16:15:25.682;ENUR SI 20241115 PS AM C 10.40 0;SIMPLE_INSTRUMENT;BLOCK;EUR;21;0.18000000;500;EXCHANGE_LAST;;1;1;XEUR;12074070;498;
07.11.2024;16:15:26.333;ENUR SI 20241115 PS AM C 10.40 0;SIMPLE_INSTRUMENT;BLOCK;EUR;22;0.19000000;500;EXCHANGE_LAST;;1;1;XEUR;12074070;498;
07.11.2024;08:41:19.869;EVK SI 20241220 PS AM C 21.00 0;SIMPLE_INSTRUMENT;BLOCK;EUR;1;0.12000000;7735;EXCHANGE_LAST;;1;1;XEUR;11425372;10806;
07.11.2024;10:12:18.060;F3TE SI 20261218 CS;SIMPLE_INSTRUMENT;BLOCK;EUR;16;0.69500000;1500;EXCHANGE_LAST;;1;2;XEUR;6633899;390379;
07.11.2024;11:39:00.401;F3TE SI 20271217 CS;SIMPLE_INSTRUMENT;BLOCK;EUR;36;0.65000000;1000;EXCHANGE_LAST;;1;2;XEUR;6633916;390379;
07.11.2024;12:54:55.803;F3TE SI 20281215 CS;SIMPLE_INSTRUMENT;BLOCK;EUR;60;0.60000000;550;EXCHANGE_LAST;;1;1;XEUR;6830366;390379;
07.11.2024;16:12:38.780;F3TE SI 20251219 CS;SIMPLE_INSTRUMENT;BLOCK;EUR;92;0.72500000;500;EXCHANGE_LAST;;1;1;XEUR;6633903;390379;
07.11.2024;08:25:19.346;FBTP SI 20241206 PS;SIMPLE_INSTRUMENT;EFP_FIN;EUR;1;118.63000000;1151;EXCHANGE_LAST;;1;1;XEUR;10804520;636;
07.11.2024;08:25:31.140;FBTP SI 20241206 PS;SIMPLE_INSTRUMENT;EFP_FIN;EUR;2;118.64000000;223;EXCHANGE_LAST;;1;1;XEUR;10804520;636;
07.11.2024;08:28:53.718;FBTP SI 20241206 PS;SIMPLE_INSTRUMENT;EFP_FIN;EUR;3;118.81000000;230;EXCHANGE_LAST;;1;1;XEUR;10804520;636;
07.11.2024;08:29:38.772;FBTP SI 20241206 PS;SIMPLE_INSTRUMENT;EFP_FIN;EUR;4;118.65000000;193;EXCHANGE_LAST;;1;1;XEUR;10804520;636;
07.11.2024;08:38:46.758;FBTP SI 20241206 PS;SIMPLE_INSTRUMENT;EFP_FIN;EUR;5;118.81000000;223;EXCHANGE_LAST;;1;1;XEUR;10804520;636;
07.11.2024;09:12:22.825;FBTP SI 20241206 PS;SIMPLE_INSTRUMENT;EFP_FIN;EUR;6;118.56000000;89;EXCHANGE_LAST;;1;1;XEUR;10804520;636;
07.11.2024;09:27:16.953;FBTP SI 20241206 PS;SIMPLE_INSTRUMENT;EFP_FIN;EUR;7;118.78000000;447;EXCHANGE_LAST;;1;1;XEUR;10804520;636;
07.11.2024;10:06:03.101;FBTP SI 20241206 PS;SIMPLE_INSTRUMENT;EFP_FIN;EUR;8;118.28000000;133;EXCHANGE_LAST;;1;1;XEUR;10804520;636;
07.11.2024;10:14:03.662;FBTP SI 20241206 PS;SIMPLE_INSTRUMENT;EFS;EUR;9;118.20000000;1166;EXCHANGE_LAST;;1;1;XEUR;10804520;636;
07.11.2024;10:22:49.905;FBTP SI 20241206 PS;SIMPLE_INSTRUMENT;BLOCK;EUR;10;118.21000000;500;EXCHANGE_LAST;;1;1;XEUR;10804520;636;
07.11.2024;10:36:21.238;FBTP SI 20241206 PS;SIMPLE_INSTRUMENT;EFP_FIN;EUR;11;118.13000000;78;EXCHANGE_LAST;;1;1;XEUR;10804520;636;
07.11.2024;10:36:18.238;FBTP SI 20241206 PS;SIMPLE_INSTRUMENT;EFP_FIN;EUR;12;118.13000000;68;EXCHANGE_LAST;;1;1;XEUR;10804520;636;
07.11.2024;10:44:58.639;FBTP SI 20241206 PS;SIMPLE_INSTRUMENT;EFP_FIN;EUR;13;118.08000000;310;EXCHANGE_LAST;;1;1;XEUR;10804520;636;
07.11.2024;11:00:00.307;FBTP SI 20241206 PS;SIMPLE_INSTRUMENT;EFP_FIN;EUR;14;118.08000000;136;EXCHANGE_LAST;;1;1;XEUR;10804520;636;
07.11.2024;11:08:59.413;FBTP SI 20241206 PS;SIMPLE_INSTRUMENT;EFP_FIN;EUR;15;118.05000000;512;EXCHANGE_LAST;;1;1;XEUR;10804520;636;
07.11.2024;11:11:55.533;FBTP SI 20241206 PS;SIMPLE_INSTRUMENT;EFP_FIN;EUR;16;118.09000000;135;EXCHANGE_LAST;;1;1;XEUR;10804520;636;
07.11.2024;11:16:09.837;FBTP SI 20241206 PS;SIMPLE_INSTRUMENT;BLOCK;EUR;17;117.99000000;2900;EXCHANGE_LAST;;1;1;XEUR;10804520;636;
07.11.2024;11:26:26.510;FBTP SI 20241206 PS;SIMPLE_INSTRUMENT;EFP_FIN;EUR;18;117.92000000;102;EXCHANGE_LAST;;1;1;XEUR;10804520;636;
07.11.2024;11:33:27.563;FBTP SI 20241206 PS;SIMPLE_INSTRUMENT;EFP_FIN;EUR;19;117.90000000;241;EXCHANGE_LAST;;1;1;XEUR;10804520;636;
07.11.2024;11:56:22.914;FBTP SI 20241206 PS;SIMPLE_INSTRUMENT;BLOCK;EUR;20;118.06000000;1587;EXCHANGE_LAST;;1;1;XEUR;10804520;636;
07.11.2024;11:59:08.512;FBTP SI 20241206 PS;SIMPLE_INSTRUMENT;EFP_FIN;EUR;21;117.99000000;160;EXCHANGE_LAST;;1;1;XEUR;10804520;636;
07.11.2024;12:46:42.156;FBTP SI 20241206 PS;SIMPLE_INSTRUMENT;EFP_FIN;EUR;22;118.11000000;89;EXCHANGE_LAST;;1;1;XEUR;10804520;636;
07.11.2024;12:48:05.613;FBTP SI 20241206 PS;SIMPLE_INSTRUMENT;BLOCK;EUR;23;118.15000000;1167;EXCHANGE_LAST;;1;1;XEUR;10804520;636;
07.11.2024;12:49:28.530;FBTP SI 20241206 PS;SIMPLE_INSTRUMENT;EFP_FIN;EUR;24;118.14000000;528;EXCHANGE_LAST;;1;1;XEUR;10804520;636;
07.11.2024;13:02:12.487;FBTP SI 20241206 PS;SIMPLE_INSTRUMENT;BLOCK;EUR;25;118.28000000;1158;EXCHANGE_LAST;;1;1;XEUR;10804520;636;
07.11.2024;13:20:58.165;FBTP SI 20241206 PS;SIMPLE_INSTRUMENT;EFP_FIN;EUR;26;118.35000000;284;EXCHANGE_LAST;;1;1;XEUR;10804520;636;
07.11.2024;13:24:14.214;FBTP SI 20241206 PS;SIMPLE_INSTRUMENT;EFP_FIN;EUR;27;118.05000000;670;EXCHANGE_LAST;;1;1;XEUR;10804520;636;
07.11.2024;13:29:03.625;FBTP SI 20241206 PS;SIMPLE_INSTRUMENT;EFP_FIN;EUR;28;118.38000000;187;EXCHANGE_LAST;;1;1;XEUR;10804520;636;
07.11.2024;13:45:15.609;FBTP SI 20241206 PS;SIMPLE_INSTRUMENT;EFP_FIN;EUR;29;118.12000000;460;EXCHANGE_LAST;;1;1;XEUR;10804520;636;
07.11.2024;13:50:46.188;FBTP SI 20241206 PS;SIMPLE_INSTRUMENT;EFP_FIN;EUR;30;118.19000000;480;EXCHANGE_LAST;;1;1;XEUR;10804520;636;
07.11.2024;14:27:39.300;FBTP SI 20241206 PS;SIMPLE_INSTRUMENT;EFP_FIN;EUR;31;118.47000000;128;EXCHANGE_LAST;;1;1;XEUR;10804520;636;
07.11.2024;14:30:42.191;FBTP SI 20241206 PS;SIMPLE_INSTRUMENT;BLOCK;EUR;32;118.44000000;961;EXCHANGE_LAST;;1;1;XEUR;10804520;636;
07.11.2024;14:47:17.387;FBTP SI 20241206 PS;SIMPLE_INSTRUMENT;BLOCK;EUR;33;118.61000000;1000;EXCHANGE_LAST;;1;1;XEUR;10804520;636;
07.11.2024;14:49:29.967;FBTP SI 20241206 PS;SIMPLE_INSTRUMENT;EFP_FIN;EUR;34;118.75000000;265;EXCHANGE_LAST;;1;1;XEUR;10804520;636;
07.11.2024;14:57:59.311;FBTP SI 20241206 PS;SIMPLE_INSTRUMENT;EFS;EUR;35;118.75000000;1159;EXCHANGE_LAST;;1;1;XEUR;10804520;636;
07.11.2024;15:08:31.948;FBTP SI 20241206 PS;SIMPLE_INSTRUMENT;EFP_FIN;EUR;36;118.57000000;893;EXCHANGE_LAST;;1;1;XEUR;10804520;636;
07.11.2024;15:11:47.622;FBTP SI 20241206 PS;SIMPLE_INSTRUMENT;EFP_FIN;EUR;37;118.59000000;893;EXCHANGE_LAST;;1;1;XEUR;10804520;636;
07.11.2024;15:17:37.099;FBTP SI 20241206 PS;SIMPLE_INSTRUMENT;EFS;EUR;38;118.82000000;1159;EXCHANGE_LAST;;1;1;XEUR;10804520;636;
07.11.2024;15:32:27.303;FBTP SI 20241206 PS;SIMPLE_INSTRUMENT;EFP_FIN;EUR;39;118.12000000;369;EXCHANGE_LAST;;1;1;XEUR;10804520;636;
07.11.2024;15:45:08.630;FBTP SI 20241206 PS;SIMPLE_INSTRUMENT;EFP_FIN;EUR;40;118.95000000;284;EXCHANGE_LAST;;1;1;XEUR;10804520;636;
07.11.2024;15:50:05.188;FBTP SI 20241206 PS;SIMPLE_INSTRUMENT;BLOCK;EUR;41;118.97000000;1590;EXCHANGE_LAST;;1;1;XEUR;10804520;636;
07.11.2024;15:52:31.501;FBTP SI 20241206 PS;SIMPLE_INSTRUMENT;EFP_FIN;EUR;42;118.94000000;536;EXCHANGE_LAST;;1;1;XEUR;10804520;636;
07.11.2024;15:52:35.769;FBTP SI 20241206 PS;SIMPLE_INSTRUMENT;EFS;EUR;43;118.98000000;1156;EXCHANGE_LAST;;1;1;XEUR;10804520;636;
07.11.2024;15:57:17.679;FBTP SI 20241206 PS;SIMPLE_INSTRUMENT;EFP_FIN;EUR;44;118.84000000;670;EXCHANGE_LAST;;1;1;XEUR;10804520;636;
07.11.2024;16:10:02.834;FBTP SI 20241206 PS;SIMPLE_INSTRUMENT;BLOCK;EUR;45;119.02000000;288;EXCHANGE_LAST;;1;1;XEUR;10804520;636;
07.11.2024;16:16:10.989;FBTP SI 20241206 PS;SIMPLE_INSTRUMENT;EFS;EUR;46;118.87000000;695;EXCHANGE_LAST;;1;1;XEUR;10804520;636;
07.11.2024;16:24:57.656;FBTP SI 20241206 PS;SIMPLE_INSTRUMENT;EFP_FIN;EUR;47;119.02000000;96;EXCHANGE_LAST;;1;1;XEUR;10804520;636;
07.11.2024;16:42:43.294;FBTP SI 20241206 PS;SIMPLE_INSTRUMENT;EFP_FIN;EUR;48;118.88000000;71;EXCHANGE_LAST;;1;1;XEUR;10804520;636;
07.11.2024;10:02:04.684;FBTP SI 20241206 PS;SIMPLE_INSTRUMENT;VOLA;EUR;268435511;118.40000000;19;EXCHANGE_LAST;;1;1;XEUR;10804520;636;
07.11.2024;08:39:31.165;FBTS SI 20241206 PS;SIMPLE_INSTRUMENT;EFP_FIN;EUR;1;107.04000000;1114;EXCHANGE_LAST;;1;1;XEUR;10804522;639;
07.11.2024;09:12:30.251;FBTS SI 20241206 PS;SIMPLE_INSTRUMENT;EFP_FIN;EUR;2;107.00000000;153;EXCHANGE_LAST;;1;1;XEUR;10804522;639;
07.11.2024;09:13:11.730;FBTS SI 20241206 PS;SIMPLE_INSTRUMENT;EFP_FIN;EUR;3;107.00000000;160;EXCHANGE_LAST;;1;1;XEUR;10804522;639;
07.11.2024;09:23:25.329;FBTS SI 20241206 PS;SIMPLE_INSTRUMENT;EFP_FIN;EUR;5;106.99000000;376;EXCHANGE_LAST;;1;1;XEUR;10804522;639;
07.11.2024;09:24:37.472;FBTS SI 20241206 PS;SIMPLE_INSTRUMENT;EFP_FIN;EUR;6;106.97000000;624;EXCHANGE_LAST;;1;1;XEUR;10804522;639;
07.11.2024;09:25:04.975;FBTS SI 20241206 PS;SIMPLE_INSTRUMENT;EFP_FIN;EUR;7;106.97000000;312;EXCHANGE_LAST;;1;1;XEUR;10804522;639;
07.11.2024;09:35:02.902;FBTS SI 20241206 PS;SIMPLE_INSTRUMENT;EFP_FIN;EUR;8;106.96000000;852;EXCHANGE_LAST;;1;1;XEUR;10804522;639;
07.11.2024;09:37:37.371;FBTS SI 20241206 PS;SIMPLE_INSTRUMENT;EFP_FIN;EUR;9;106.97000000;312;EXCHANGE_LAST;;1;1;XEUR;10804522;639;
07.11.2024;09:42:13.271;FBTS SI 20241206 PS;SIMPLE_INSTRUMENT;EFP_FIN;EUR;10;106.94000000;1248;EXCHANGE_LAST;;1;1;XEUR;10804522;639;
07.11.2024;09:52:47.312;FBTS SI 20241206 PS;SIMPLE_INSTRUMENT;EFP_FIN;EUR;13;106.97000000;624;EXCHANGE_LAST;;1;1;XEUR;10804522;639;
07.11.2024;12:04:57.868;FBTS SI 20241206 PS;SIMPLE_INSTRUMENT;EFP_FIN;EUR;21;106.88000000;870;EXCHANGE_LAST;;1;1;XEUR;10804522;639;
07.11.2024;13:15:33.779;FBTS SI 20241206 PS;SIMPLE_INSTRUMENT;EFP_FIN;EUR;25;106.86000000;846;EXCHANGE_LAST;;1;1;XEUR;10804522;639;
07.11.2024;13:19:55.958;FBTS SI 20241206 PS;SIMPLE_INSTRUMENT;EFP_FIN;EUR;26;106.90000000;501;EXCHANGE_LAST;;1;1;XEUR;10804522;639;
07.11.2024;14:00:47.644;FBTS SI 20241206 PS;SIMPLE_INSTRUMENT;EFP_FIN;EUR;29;106.90000000;290;EXCHANGE_LAST;;1;1;XEUR;10804522;639;
07.11.2024;14:35:03.100;FBTS SI 20241206 PS;SIMPLE_INSTRUMENT;EFP_FIN;EUR;31;106.95000000;82;EXCHANGE_LAST;;1;1;XEUR;10804522;639;
07.11.2024;15:53:58.399;FBTS SI 20241206 PS;SIMPLE_INSTRUMENT;BLOCK;EUR;46;107.05000000;719;EXCHANGE_LAST;;1;1;XEUR;10804522;639;
07.11.2024;16:07:25.053;FBTS SI 20241206 PS;SIMPLE_INSTRUMENT;EFP_FIN;EUR;48;107.05000000;261;EXCHANGE_LAST;;1;1;XEUR;10804522;639;
07.11.2024;16:44:56.301;FBTS SI 20241206 PS;SIMPLE_INSTRUMENT;EFP_FIN;EUR;53;107.01000000;478;EXCHANGE_LAST;;1;1;XEUR;10804522;639;
07.11.2024;16:51:41.325;FBTS SI 20241206 PS;SIMPLE_INSTRUMENT;EFP_FIN;EUR;54;107.01000000;153;EXCHANGE_LAST;;1;1;XEUR;10804522;639;
07.11.2024;12:55:46.607;FCBU SI 20241203 CS;SIMPLE_INSTRUMENT;BLOCK;USD;4;0.17470000;500;EXCHANGE_LAST;;1;1;XEUR;10350809;570870;
07.11.2024;16:22:57.050;FCEU SI 20241216 PS;SIMPLE_INSTRUMENT;BLOCK;USD;5;1.08275000;3896;EXCHANGE_LAST;;1;1;XEUR;7140363;369376;
07.11.2024;08:24:11.377;FCMU SI 20241216 CS;SIMPLE_INSTRUMENT;BLOCK;USD;1;0.04920000;100;EXCHANGE_LAST;;1;1;XEUR;10921066;570874;
07.11.2024;09:44:30.556;FCMU SI 20241216 CS;SIMPLE_INSTRUMENT;BLOCK;USD;2;0.04943000;100;EXCHANGE_LAST;;1;1;XEUR;10921066;570874;
07.11.2024;16:45:47.124;FCMU SI 20241216 CS;SIMPLE_INSTRUMENT;BLOCK;USD;6;0.04992000;100;EXCHANGE_LAST;;1;1;XEUR;10921066;570874;
07.11.2024;08:50:04.631;FCPE SI 20241230 CS;SIMPLE_INSTRUMENT;BLOCK;USD;1;180.08000000;52;EXCHANGE_LAST;;1;1;XEUR;4680365;586;
07.11.2024;12:43:34.319;FCZU SI 20241216 CS;SIMPLE_INSTRUMENT;BLOCK;USD;3;0.05722000;100;EXCHANGE_LAST;;1;1;XEUR;10921064;570872;
07.11.2024;16:48:04.212;FDAX SI 20241220 CS;SIMPLE_INSTRUMENT;EFP_IDX;EUR;1;19442.00000000;12;EXCHANGE_LAST;;1;1;XEUR;7296065;589;
07.11.2024;16:48:10.211;FDAX SI 20241220 CS;SIMPLE_INSTRUMENT;EFP_IDX;EUR;2;19443.00000000;13;EXCHANGE_LAST;;1;1;XEUR;7296065;589;
07.11.2024;15:49:26.259;FDAX SI 20241220 CS;SIMPLE_INSTRUMENT;VOLA;EUR;671088659;19480.00000000;50;EXCHANGE_LAST;;1;1;XEUR;7296065;589;
07.11.2024;15:49:19.269;FDAX SI 20241220 CS;SIMPLE_INSTRUMENT;VOLA;EUR;671088660;19480.00000000;20;EXCHANGE_LAST;;1;1;XEUR;7296065;589;
07.11.2024;16:09:44.782;FEBD SI 20251219 CS;SIMPLE_INSTRUMENT;BLOCK;EUR;22;10.08000000;500;EXCHANGE_LAST;;1;1;XEUR;5914075;597;
07.11.2024;11:57:48.208;FESB SI 20241220 CS;SIMPLE_INSTRUMENT;VOLA;EUR;603979794;145.30000000;200;EXCHANGE_LAST;;1;1;XEUR;10838895;605;
07.11.2024;09:49:02.882;FESU SI 20241220 CS;SIMPLE_INSTRUMENT;VOLA;EUR;603979781;383.30000000;90;EXCHANGE_LAST;;1;1;XEUR;10839076;673;
07.11.2024;10:48:05.213;FESX SI 20241220 CS;SIMPLE_INSTRUMENT;BLOCK;EUR;3;4844.00000000;5000;EXCHANGE_LAST;;1;1;XEUR;7793479;675;
07.11.2024;11:09:14.641;FESX SI 20241220 CS;SIMPLE_INSTRUMENT;BLOCK;EUR;4;4844.00000000;5000;EXCHANGE_LAST;;1;1;XEUR;7793479;675;
07.11.2024;13:57:03.778;FESX SI 20241220 CS;SIMPLE_INSTRUMENT;BLOCK;EUR;5;4845.00000000;3000;EXCHANGE_LAST;;1;1;XEUR;7793479;675;
07.11.2024;15:25:52.266;FESX SI 20241220 CS;SIMPLE_INSTRUMENT;BLOCK;EUR;7;4875.00000000;2621;EXCHANGE_LAST;;1;1;XEUR;7793479;675;
07.11.2024;15:31:29.339;FESX SI 20241220 CS;SIMPLE_INSTRUMENT;BLOCK;EUR;8;4845.00000000;5520;EXCHANGE_LAST;;1;1;XEUR;7793479;675;
07.11.2024;16:11:08.129;FESX SI 20241220 CS;SIMPLE_INSTRUMENT;BLOCK;EUR;9;4875.00000000;2000;EXCHANGE_LAST;;1;1;XEUR;7793479;675;
07.11.2024;16:39:51.812;FESX SI 20241220 CS;SIMPLE_INSTRUMENT;EFP_IDX;EUR;10;4863.00000000;270;EXCHANGE_LAST;;1;1;XEUR;7793479;675;
07.11.2024;16:40:16.903;FESX SI 20241220 CS;SIMPLE_INSTRUMENT;EFP_IDX;EUR;11;4864.00000000;230;EXCHANGE_LAST;;1;1;XEUR;7793479;675;
07.11.2024;16:47:03.247;FESX SI 20241220 CS;SIMPLE_INSTRUMENT;EFP_IDX;EUR;12;4863.00000000;218;EXCHANGE_LAST;;1;1;XEUR;7793479;675;
07.11.2024;16:47:08.726;FESX SI 20241220 CS;SIMPLE_INSTRUMENT;EFP_IDX;EUR;13;4864.00000000;122;EXCHANGE_LAST;;1;1;XEUR;7793479;675;
07.11.2024;16:54:23.064;FESX SI 20241220 CS;SIMPLE_INSTRUMENT;EFP_IDX;EUR;14;4863.00000000;513;EXCHANGE_LAST;;1;1;XEUR;7793479;675;
07.11.2024;16:54:30.286;FESX SI 20241220 CS;SIMPLE_INSTRUMENT;EFP_IDX;EUR;15;4864.00000000;137;EXCHANGE_LAST;;1;1;XEUR;7793479;675;
07.11.2024;16:52:44.740;FESX SI 20241220 CS;SIMPLE_INSTRUMENT;EFP_IDX;EUR;16;4864.00000000;460;EXCHANGE_LAST;;1;1;XEUR;7793479;675;
07.11.2024;16:52:47.440;FESX SI 20241220 CS;SIMPLE_INSTRUMENT;EFP_IDX;EUR;17;4863.00000000;540;EXCHANGE_LAST;;1;1;XEUR;7793479;675;
07.11.2024;16:53:06.856;FESX SI 20241220 CS;SIMPLE_INSTRUMENT;EFP_IDX;EUR;18;4863.00000000;135;EXCHANGE_LAST;;1;1;XEUR;7793479;675;
07.11.2024;16:53:27.101;FESX SI 20241220 CS;SIMPLE_INSTRUMENT;EFP_IDX;EUR;19;4864.00000000;26;EXCHANGE_LAST;;1;1;XEUR;7793479;675;
07.11.2024;09:26:09.987;FESX SI 20241220 CS;SIMPLE_INSTRUMENT;VOLA;EUR;637534237;4843.00000000;507;EXCHANGE_LAST;;1;1;XEUR;7793479;675;
07.11.2024;09:43:28.073;FESX SI 20241220 CS;SIMPLE_INSTRUMENT;VOLA;EUR;637534249;4848.00000000;9;EXCHANGE_LAST;;1;1;XEUR;7793479;675;
07.11.2024;09:45:54.197;FESX SI 20241220 CS;SIMPLE_INSTRUMENT;VOLA;EUR;637534251;4847.00000000;201;EXCHANGE_LAST;;1;1;XEUR;7793479;675;
07.11.2024;09:46:48.211;FESX SI 20241220 CS;SIMPLE_INSTRUMENT;VOLA;EUR;637534254;4852.00000000;76;EXCHANGE_LAST;;1;1;XEUR;7793479;675;
07.11.2024;09:55:49.464;FESX SI 20241220 CS;SIMPLE_INSTRUMENT;VOLA;EUR;637534260;4845.00000000;313;EXCHANGE_LAST;;1;1;XEUR;7793479;675;
07.11.2024;09:55:45.910;FESX SI 20241220 CS;SIMPLE_INSTRUMENT;VOLA;EUR;637534261;4845.00000000;267;EXCHANGE_LAST;;1;1;XEUR;7793479;675;
07.11.2024;10:10:14.598;FESX SI 20241220 CS;SIMPLE_INSTRUMENT;VOLA;EUR;637534271;4847.00000000;1380;EXCHANGE_LAST;;1;1;XEUR;7793479;675;
07.11.2024;10:13:49.953;FESX SI 20241220 CS;SIMPLE_INSTRUMENT;VOLA;EUR;637534274;4845.00000000;488;EXCHANGE_LAST;;1;1;XEUR;7793479;675;
07.11.2024;11:31:16.279;FESX SI 20241220 CS;SIMPLE_INSTRUMENT;VOLA;EUR;637534296;4850.00000000;300;EXCHANGE_LAST;;1;1;XEUR;7793479;675;
07.11.2024;11:46:41.363;FESX SI 20241220 CS;SIMPLE_INSTRUMENT;VOLA;EUR;637534305;4845.00000000;65;EXCHANGE_LAST;;1;1;XEUR;7793479;675;
07.11.2024;12:21:09.272;FESX SI 20241220 CS;SIMPLE_INSTRUMENT;VOLA;EUR;637534322;4840.00000000;1260;EXCHANGE_LAST;;1;1;XEUR;7793479;675;
07.11.2024;12:29:56.405;FESX SI 20241220 CS;SIMPLE_INSTRUMENT;VOLA;EUR;637534325;4850.00000000;1290;EXCHANGE_LAST;;1;1;XEUR;7793479;675;
07.11.2024;13:25:12.209;FESX SI 20241220 CS;SIMPLE_INSTRUMENT;VOLA;EUR;637534342;4830.00000000;150;EXCHANGE_LAST;;1;1;XEUR;7793479;675;
07.11.2024;13:28:25.962;FESX SI 20241220 CS;SIMPLE_INSTRUMENT;VOLA;EUR;637534344;4843.00000000;36;EXCHANGE_LAST;;1;1;XEUR;7793479;675;
07.11.2024;13:52:53.343;FESX SI 20241220 CS;SIMPLE_INSTRUMENT;VOLA;EUR;637534351;4850.00000000;280;EXCHANGE_LAST;;1;1;XEUR;7793479;675;
07.11.2024;14:34:01.860;FESX SI 20241220 CS;SIMPLE_INSTRUMENT;VOLA;EUR;637534369;4847.00000000;150;EXCHANGE_LAST;;1;1;XEUR;7793479;675;
07.11.2024;14:39:02.291;FESX SI 20241220 CS;SIMPLE_INSTRUMENT;VOLA;EUR;637534371;4860.00000000;1250;EXCHANGE_LAST;;1;1;XEUR;7793479;675;
07.11.2024;14:54:03.897;FESX SI 20241220 CS;SIMPLE_INSTRUMENT;VOLA;EUR;637534379;4830.00000000;150;EXCHANGE_LAST;;1;1;XEUR;7793479;675;
07.11.2024;14:57:51.359;FESX SI 20241220 CS;SIMPLE_INSTRUMENT;VOLA;EUR;637534384;4870.00000000;800;EXCHANGE_LAST;;1;1;XEUR;7793479;675;
07.11.2024;15:13:49.511;FESX SI 20241220 CS;SIMPLE_INSTRUMENT;VOLA;EUR;637534391;4876.00000000;1500;EXCHANGE_LAST;;1;1;XEUR;7793479;675;
07.11.2024;15:35:36.640;FESX SI 20241220 CS;SIMPLE_INSTRUMENT;VOLA;EUR;637534403;4855.00000000;10;EXCHANGE_LAST;;1;1;XEUR;7793479;675;
07.11.2024;15:34:10.868;FESX SI 20241220 CS;SIMPLE_INSTRUMENT;VOLA;EUR;637534408;4860.00000000;10;EXCHANGE_LAST;;1;1;XEUR;7793479;675;
07.11.2024;15:47:25.847;FESX SI 20241220 CS;SIMPLE_INSTRUMENT;VOLA;EUR;637534415;4850.00000000;825;EXCHANGE_LAST;;1;1;XEUR;7793479;675;
07.11.2024;09:03:24.644;FEXD.S.DEC27.DEC28.SPD;FUTURES_SPREAD;BLOCK;EUR;1;5.10000000;175;EXCHANGE_LAST;;1;1;XEUR;72060570450264162;693;
07.11.2024;09:03:24.644;FEXD SI 20281215 CS;SIMPLE_INSTRUMENT;BLOCK;EUR;1;141.40000000;175;PRC_DECOMP_EXCHANGE;;;;XEUR;3680985;693;EXCHANGE
07.11.2024;09:03:24.644;FEXD SI 20271217 CS;SIMPLE_INSTRUMENT;BLOCK;EUR;1;146.50000000;175;PRC_DECOMP_EXCHANGE;;;;XEUR;2848338;693;EXCHANGE
07.11.2024;09:03:32.538;FEXD.S.DEC27.DEC28.SPD;FUTURES_SPREAD;BLOCK;EUR;2;5.20000000;175;EXCHANGE_LAST;;1;1;XEUR;72060570450264162;693;
07.11.2024;09:03:32.538;FEXD SI 20271217 CS;SIMPLE_INSTRUMENT;BLOCK;EUR;2;146.60000000;175;PRC_DECOMP_EXCHANGE;;;;XEUR;2848338;693;EXCHANGE
07.11.2024;09:03:32.538;FEXD SI 20281215 CS;SIMPLE_INSTRUMENT;BLOCK;EUR;2;141.40000000;175;PRC_DECOMP_EXCHANGE;;;;XEUR;3680985;693;EXCHANGE
07.11.2024;11:00:50.491;FEXD SI 20261218 CS;SIMPLE_INSTRUMENT;BLOCK;EUR;3;152.50000000;270;EXCHANGE_LAST;;1;1;XEUR;2163053;693;
07.11.2024;12:04:56.347;FEXD SI 20281215 CS;SIMPLE_INSTRUMENT;BLOCK;EUR;8;142.00000000;250;EXCHANGE_LAST;;1;1;XEUR;3680985;693;
07.11.2024;14:42:51.190;FEXD.S.DEC25.DEC27.SPD;FUTURES_SPREAD;BLOCK;EUR;15;10.90000000;500;EXCHANGE_LAST;;1;2;XEUR;72060570450264152;693;
07.11.2024;14:42:51.190;FEXD SI 20271217 CS;SIMPLE_INSTRUMENT;BLOCK;EUR;15;147.50000000;500;PRC_DECOMP_MEMBER;;;;XEUR;2848338;693;MEMBER
07.11.2024;14:42:51.190;FEXD SI 20251219 CS;SIMPLE_INSTRUMENT;BLOCK;EUR;15;158.40000000;500;PRC_DECOMP_MEMBER;;;;XEUR;1548120;693;MEMBER
07.11.2024;16:39:21.192;FFOX SI 20241220 CS;SIMPLE_INSTRUMENT;EFP_IDX;EUR;5;4500.00000000;100;EXCHANGE_LAST;;1;1;XEUR;10839549;695;
07.11.2024;07:43:52.870;FGBL SI 20241206 PS;SIMPLE_INSTRUMENT;EFS;EUR;1;131.56000000;986;EXCHANGE_LAST;;1;1;XEUR;10804524;688;
07.11.2024;07:45:37.883;FGBL SI 20241206 PS;SIMPLE_INSTRUMENT;EFS;EUR;2;131.51000000;986;EXCHANGE_LAST;;1;1;XEUR;10804524;688;
07.11.2024;07:46:10.692;FGBL SI 20241206 PS;SIMPLE_INSTRUMENT;EFS;EUR;3;131.56000000;986;EXCHANGE_LAST;;1;1;XEUR;10804524;688;
07.11.2024;07:49:20.327;FGBL SI 20241206 PS;SIMPLE_INSTRUMENT;EFS;EUR;4;131.55000000;2072;EXCHANGE_LAST;;1;1;XEUR;10804524;688;
07.11.2024;08:02:15.077;FGBL SI 20241206 PS;SIMPLE_INSTRUMENT;EFS;EUR;5;131.57000000;420;EXCHANGE_LAST;;1;1;XEUR;10804524;688;
07.11.2024;08:02:32.079;FGBL SI 20241206 PS;SIMPLE_INSTRUMENT;EFS;EUR;6;131.57000000;141;EXCHANGE_LAST;;1;1;XEUR;10804524;688;
07.11.2024;08:07:45.095;FGBL SI 20241206 PS;SIMPLE_INSTRUMENT;EFS;EUR;7;131.54000000;678;EXCHANGE_LAST;;1;1;XEUR;10804524;688;
07.11.2024;08:15:34.120;FGBL SI 20241206 PS;SIMPLE_INSTRUMENT;EFS;EUR;8;131.45000000;300;EXCHANGE_LAST;;1;1;XEUR;10804524;688;
07.11.2024;08:20:11.995;FGBL SI 20241206 PS;SIMPLE_INSTRUMENT;EFS;EUR;9;131.42000000;148;EXCHANGE_LAST;;1;1;XEUR;10804524;688;
07.11.2024;08:21:57.141;FGBL SI 20241206 PS;SIMPLE_INSTRUMENT;EFS;EUR;10;131.48000000;899;EXCHANGE_LAST;;1;1;XEUR;10804524;688;
07.11.2024;08:26:40.786;FGBL SI 20241206 PS;SIMPLE_INSTRUMENT;EFS;EUR;11;131.18000000;247;EXCHANGE_LAST;;1;1;XEUR;10804524;688;
07.11.2024;08:23:53.619;FGBL SI 20241206 PS;SIMPLE_INSTRUMENT;EFS;EUR;12;131.09000000;436;EXCHANGE_LAST;;1;1;XEUR;10804524;688;
07.11.2024;08:23:58.625;FGBL SI 20241206 PS;SIMPLE_INSTRUMENT;EFS;EUR;13;131.09000000;218;EXCHANGE_LAST;;1;1;XEUR;10804524;688;
07.11.2024;08:25:14.135;FGBL SI 20241206 PS;SIMPLE_INSTRUMENT;EFS;EUR;14;131.24000000;436;EXCHANGE_LAST;;1;1;XEUR;10804524;688;
07.11.2024;08:27:35.195;FGBL SI 20241206 PS;SIMPLE_INSTRUMENT;EFS;EUR;15;131.24000000;218;EXCHANGE_LAST;;1;1;XEUR;10804524;688;
07.11.2024;08:28:16.260;FGBL SI 20241206 PS;SIMPLE_INSTRUMENT;EFS;EUR;16;131.24000000;435;EXCHANGE_LAST;;1;1;XEUR;10804524;688;
07.11.2024;08:28:43.526;FGBL SI 20241206 PS;SIMPLE_INSTRUMENT;EFS;EUR;17;131.45000000;275;EXCHANGE_LAST;;1;1;XEUR;10804524;688;
07.11.2024;08:31:19.027;FGBL SI 20241206 PS;SIMPLE_INSTRUMENT;EFS;EUR;18;131.25000000;235;EXCHANGE_LAST;;1;1;XEUR;10804524;688;
07.11.2024;08:31:55.589;FGBL SI 20241206 PS;SIMPLE_INSTRUMENT;EFS;EUR;19;131.25000000;200;EXCHANGE_LAST;;1;1;XEUR;10804524;688;
07.11.2024;08:33:11.176;FGBL SI 20241206 PS;SIMPLE_INSTRUMENT;EFP_FIN;EUR;20;131.30000000;1994;EXCHANGE_LAST;;1;1;XEUR;10804524;688;
07.11.2024;08:33:45.356;FGBL SI 20241206 PS;SIMPLE_INSTRUMENT;EFS;EUR;21;131.25000000;690;EXCHANGE_LAST;;1;1;XEUR;10804524;688;
07.11.2024;08:34:58.909;FGBL SI 20241206 PS;SIMPLE_INSTRUMENT;EFS;EUR;22;131.31000000;344;EXCHANGE_LAST;;1;1;XEUR;10804524;688;
07.11.2024;08:36:36.878;FGBL SI 20241206 PS;SIMPLE_INSTRUMENT;EFS;EUR;23;131.12000000;225;EXCHANGE_LAST;;1;1;XEUR;10804524;688;
07.11.2024;08:37:10.611;FGBL SI 20241206 PS;SIMPLE_INSTRUMENT;EFP_FIN;EUR;24;131.27000000;1994;EXCHANGE_LAST;;1;1;XEUR;10804524;688;
07.11.2024;08:38:21.484;FGBL SI 20241206 PS;SIMPLE_INSTRUMENT;EFP_FIN;EUR;25;131.24000000;336;EXCHANGE_LAST;;1;1;XEUR;10804524;688;
07.11.2024;08:40:13.692;FGBL SI 20241206 PS;SIMPLE_INSTRUMENT;EFP_FIN;EUR;26;131.24000000;327;EXCHANGE_LAST;;1;1;XEUR;10804524;688;
07.11.2024;08:43:44.209;FGBL SI 20241206 PS;SIMPLE_INSTRUMENT;EFS;EUR;27;131.16000000;272;EXCHANGE_LAST;;1;1;XEUR;10804524;688;
07.11.2024;08:43:44.451;FGBL SI 20241206 PS;SIMPLE_INSTRUMENT;EFS;EUR;28;131.30000000;436;EXCHANGE_LAST;;1;1;XEUR;10804524;688;
07.11.2024;08:44:04.466;FGBL SI 20241206 PS;SIMPLE_INSTRUMENT;EFS;EUR;29;131.34000000;871;EXCHANGE_LAST;;1;1;XEUR;10804524;688;
07.11.2024;08:44:42.651;FGBL SI 20241206 PS;SIMPLE_INSTRUMENT;EFS;EUR;30;131.25000000;988;EXCHANGE_LAST;;1;1;XEUR;10804524;688;
07.11.2024;08:45:08.749;FGBL SI 20241206 PS;SIMPLE_INSTRUMENT;EFS;EUR;31;131.26000000;494;EXCHANGE_LAST;;1;1;XEUR;10804524;688;
07.11.2024;08:45:36.771;FGBL SI 20241206 PS;SIMPLE_INSTRUMENT;EFS;EUR;32;131.73000000;443;EXCHANGE_LAST;;1;1;XEUR;10804524;688;
07.11.2024;08:45:42.607;FGBL SI 20241206 PS;SIMPLE_INSTRUMENT;EFS;EUR;33;131.31000000;244;EXCHANGE_LAST;;1;1;XEUR;10804524;688;
07.11.2024;08:46:09.485;FGBL SI 20241206 PS;SIMPLE_INSTRUMENT;EFS;EUR;34;131.16000000;1000;EXCHANGE_LAST;;1;1;XEUR;10804524;688;
07.11.2024;08:46:19.554;FGBL SI 20241206 PS;SIMPLE_INSTRUMENT;EFS;EUR;35;131.28000000;218;EXCHANGE_LAST;;1;1;XEUR;10804524;688;
07.11.2024;08:48:19.636;FGBL SI 20241206 PS;SIMPLE_INSTRUMENT;EFS;EUR;36;131.29000000;218;EXCHANGE_LAST;;1;1;XEUR;10804524;688;
07.11.2024;08:48:35.650;FGBL SI 20241206 PS;SIMPLE_INSTRUMENT;EFS;EUR;37;131.28000000;436;EXCHANGE_LAST;;1;1;XEUR;10804524;688;
07.11.2024;08:50:04.276;FGBL SI 20241206 PS;SIMPLE_INSTRUMENT;EFS;EUR;38;131.27000000;494;EXCHANGE_LAST;;1;1;XEUR;10804524;688;
07.11.2024;08:50:08.719;FGBL SI 20241206 PS;SIMPLE_INSTRUMENT;EFS;EUR;39;131.33000000;260;EXCHANGE_LAST;;1;1;XEUR;10804524;688;
07.11.2024;08:50:29.702;FGBL SI 20241206 PS;SIMPLE_INSTRUMENT;EFS;EUR;40;131.28000000;494;EXCHANGE_LAST;;1;1;XEUR;10804524;688;
07.11.2024;08:50:13.625;FGBL SI 20241206 PS;SIMPLE_INSTRUMENT;EFS;EUR;41;131.12000000;148;EXCHANGE_LAST;;1;1;XEUR;10804524;688;
07.11.2024;08:51:32.671;FGBL SI 20241206 PS;SIMPLE_INSTRUMENT;EFS;EUR;42;131.27000000;459;EXCHANGE_LAST;;1;1;XEUR;10804524;688;
07.11.2024;08:53:14.457;FGBL SI 20241206 PS;SIMPLE_INSTRUMENT;EFS;EUR;43;131.33000000;494;EXCHANGE_LAST;;1;1;XEUR;10804524;688;
07.11.2024;08:53:33.424;FGBL SI 20241206 PS;SIMPLE_INSTRUMENT;EFS;EUR;44;131.25000000;247;EXCHANGE_LAST;;1;1;XEUR;10804524;688;
07.11.2024;08:53:41.226;FGBL SI 20241206 PS;SIMPLE_INSTRUMENT;EFS;EUR;45;131.28000000;246;EXCHANGE_LAST;;1;1;XEUR;10804524;688;
07.11.2024;08:55:42.719;FGBL SI 20241206 PS;SIMPLE_INSTRUMENT;EFS;EUR;46;131.25000000;750;EXCHANGE_LAST;;1;1;XEUR;10804524;688;
07.11.2024;09:02:52.740;FGBL SI 20241206 PS;SIMPLE_INSTRUMENT;EFS;EUR;47;131.19000000;1470;EXCHANGE_LAST;;1;1;XEUR;10804524;688;
07.11.2024;09:03:18.048;FGBL SI 20241206 PS;SIMPLE_INSTRUMENT;EFS;EUR;48;131.32000000;247;EXCHANGE_LAST;;1;1;XEUR;10804524;688;
07.11.2024;09:05:26.026;FGBL SI 20241206 PS;SIMPLE_INSTRUMENT;EFP_FIN;EUR;49;131.26000000;134;EXCHANGE_LAST;;1;1;XEUR;10804524;688;
07.11.2024;09:09:18.759;FGBL SI 20241206 PS;SIMPLE_INSTRUMENT;EFS;EUR;50;131.16000000;1484;EXCHANGE_LAST;;1;1;XEUR;10804524;688;
07.11.2024;09:08:27.223;FGBL SI 20241206 PS;SIMPLE_INSTRUMENT;EFS;EUR;51;131.24000000;247;EXCHANGE_LAST;;1;1;XEUR;10804524;688;
07.11.2024;09:08:38.283;FGBL SI 20241206 PS;SIMPLE_INSTRUMENT;EFS;EUR;52;131.31000000;494;EXCHANGE_LAST;;1;1;XEUR;10804524;688;
07.11.2024;09:10:08.985;FGBL SI 20241206 PS;SIMPLE_INSTRUMENT;EFS;EUR;53;131.09000000;87;EXCHANGE_LAST;;1;1;XEUR;10804524;688;
07.11.2024;09:10:37.375;FGBL SI 20241206 PS;SIMPLE_INSTRUMENT;EFS;EUR;54;131.19000000;99;EXCHANGE_LAST;;1;1;XEUR;10804524;688;
07.11.2024;09:15:58.735;FGBL SI 20241206 PS;SIMPLE_INSTRUMENT;EFS;EUR;55;131.17000000;49;EXCHANGE_LAST;;1;1;XEUR;10804524;688;
07.11.2024;09:17:20.782;FGBL SI 20241206 PS;SIMPLE_INSTRUMENT;EFS;EUR;56;131.04000000;990;EXCHANGE_LAST;;1;1;XEUR;10804524;688;
07.11.2024;09:18:13.081;FGBL SI 20241206 PS;SIMPLE_INSTRUMENT;EFS;EUR;57;131.15000000;3000;EXCHANGE_LAST;;1;1;XEUR;10804524;688;
07.11.2024;09:20:44.749;FGBL SI 20241206 PS;SIMPLE_INSTRUMENT;EFS;EUR;58;131.19000000;445;EXCHANGE_LAST;;1;1;XEUR;10804524;688;
07.11.2024;09:22:23.375;FGBL SI 20241206 PS;SIMPLE_INSTRUMENT;EFS;EUR;59;131.08000000;218;EXCHANGE_LAST;;1;1;XEUR;10804524;688;
07.11.2024;09:24:10.692;FGBL SI 20241206 PS;SIMPLE_INSTRUMENT;EFS;EUR;60;131.09000000;218;EXCHANGE_LAST;;1;1;XEUR;10804524;688;
07.11.2024;09:25:22.469;FGBL SI 20241206 PS;SIMPLE_INSTRUMENT;EFS;EUR;61;131.09000000;436;EXCHANGE_LAST;;1;1;XEUR;10804524;688;
07.11.2024;09:27:14.789;FGBL SI 20241206 PS;SIMPLE_INSTRUMENT;EFS;EUR;62;131.07000000;460;EXCHANGE_LAST;;1;1;XEUR;10804524;688;
07.11.2024;09:27:26.593;FGBL SI 20241206 PS;SIMPLE_INSTRUMENT;EFS;EUR;63;131.05000000;745;EXCHANGE_LAST;;1;1;XEUR;10804524;688;
07.11.2024;09:28:14.814;FGBL SI 20241206 PS;SIMPLE_INSTRUMENT;EFP_FIN;EUR;64;131.07000000;1236;EXCHANGE_LAST;;1;1;XEUR;10804524;688;
07.11.2024;09:28:18.006;FGBL SI 20241206 PS;SIMPLE_INSTRUMENT;EFS;EUR;65;131.04000000;495;EXCHANGE_LAST;;1;1;XEUR;10804524;688;
07.11.2024;09:29:05.081;FGBL SI 20241206 PS;SIMPLE_INSTRUMENT;EFS;EUR;66;131.07000000;436;EXCHANGE_LAST;;1;1;XEUR;10804524;688;
07.11.2024;09:33:57.613;FGBL SI 20241206 PS;SIMPLE_INSTRUMENT;EFP_FIN;EUR;67;131.07000000;67;EXCHANGE_LAST;;1;1;XEUR;10804524;688;
07.11.2024;09:34:06.464;FGBL SI 20241206 PS;SIMPLE_INSTRUMENT;EFS;EUR;68;131.07000000;261;EXCHANGE_LAST;;1;1;XEUR;10804524;688;
07.11.2024;09:34:16.227;FGBL SI 20241206 PS;SIMPLE_INSTRUMENT;EFS;EUR;69;131.09000000;275;EXCHANGE_LAST;;1;1;XEUR;10804524;688;
07.11.2024;09:34:12.470;FGBL SI 20241206 PS;SIMPLE_INSTRUMENT;EFS;EUR;70;131.10000000;490;EXCHANGE_LAST;;1;1;XEUR;10804524;688;
07.11.2024;09:39:00.846;FGBL SI 20241206 PS;SIMPLE_INSTRUMENT;EFP_FIN;EUR;71;131.11000000;412;EXCHANGE_LAST;;1;1;XEUR;10804524;688;
07.11.2024;09:35:17.786;FGBL SI 20241206 PS;SIMPLE_INSTRUMENT;EFS;EUR;72;131.07000000;174;EXCHANGE_LAST;;1;1;XEUR;10804524;688;
07.11.2024;09:36:34.724;FGBL SI 20241206 PS;SIMPLE_INSTRUMENT;EFS;EUR;73;131.28000000;500;EXCHANGE_LAST;;1;1;XEUR;10804524;688;
07.11.2024;09:37:01.013;FGBL SI 20241206 PS;SIMPLE_INSTRUMENT;EFS;EUR;74;131.07000000;261;EXCHANGE_LAST;;1;1;XEUR;10804524;688;
07.11.2024;09:38:41.194;FGBL SI 20241206 PS;SIMPLE_INSTRUMENT;EFS;EUR;75;131.24000000;148;EXCHANGE_LAST;;1;1;XEUR;10804524;688;
07.11.2024;09:38:47.314;FGBL SI 20241206 PS;SIMPLE_INSTRUMENT;EFS;EUR;76;131.19000000;237;EXCHANGE_LAST;;1;1;XEUR;10804524;688;
07.11.2024;09:39:54.970;FGBL SI 20241206 PS;SIMPLE_INSTRUMENT;EFS;EUR;77;131.07000000;230;EXCHANGE_LAST;;1;1;XEUR;10804524;688;
07.11.2024;09:41:44.820;FGBL SI 20241206 PS;SIMPLE_INSTRUMENT;EFS;EUR;78;131.01000000;436;EXCHANGE_LAST;;1;1;XEUR;10804524;688;
07.11.2024;09:42:35.855;FGBL SI 20241206 PS;SIMPLE_INSTRUMENT;EFS;EUR;79;131.00000000;218;EXCHANGE_LAST;;1;1;XEUR;10804524;688;
07.11.2024;09:43:55.913;FGBL SI 20241206 PS;SIMPLE_INSTRUMENT;EFS;EUR;80;131.00000000;436;EXCHANGE_LAST;;1;1;XEUR;10804524;688;
07.11.2024;09:44:53.485;FGBL SI 20241206 PS;SIMPLE_INSTRUMENT;EFS;EUR;81;131.03000000;745;EXCHANGE_LAST;;1;1;XEUR;10804524;688;
07.11.2024;09:46:14.870;FGBL SI 20241206 PS;SIMPLE_INSTRUMENT;EFS;EUR;82;131.01000000;921;EXCHANGE_LAST;;1;1;XEUR;10804524;688;
07.11.2024;09:46:03.567;FGBL SI 20241206 PS;SIMPLE_INSTRUMENT;EFS;EUR;83;131.08000000;500;EXCHANGE_LAST;;1;1;XEUR;10804524;688;
07.11.2024;09:47:18.443;FGBL SI 20241206 PS;SIMPLE_INSTRUMENT;EFS;EUR;85;131.08000000;436;EXCHANGE_LAST;;1;1;XEUR;10804524;688;
07.11.2024;09:48:38.880;FGBL SI 20241206 PS;SIMPLE_INSTRUMENT;EFS;EUR;86;131.04000000;1720;EXCHANGE_LAST;;1;1;XEUR;10804524;688;
07.11.2024;09:47:31.063;FGBL SI 20241206 PS;SIMPLE_INSTRUMENT;EFS;EUR;87;130.99000000;218;EXCHANGE_LAST;;1;1;XEUR;10804524;688;
07.11.2024;09:47:56.084;FGBL SI 20241206 PS;SIMPLE_INSTRUMENT;EFS;EUR;88;130.99000000;218;EXCHANGE_LAST;;1;1;XEUR;10804524;688;
07.11.2024;09:48:21.595;FGBL SI 20241206 PS;SIMPLE_INSTRUMENT;EFS;EUR;89;130.99000000;745;EXCHANGE_LAST;;1;1;XEUR;10804524;688;
07.11.2024;09:52:36.309;FGBL SI 20241206 PS;SIMPLE_INSTRUMENT;EFS;EUR;90;130.87000000;218;EXCHANGE_LAST;;1;1;XEUR;10804524;688;
07.11.2024;09:58:10.818;FGBL SI 20241206 PS;SIMPLE_INSTRUMENT;EFS;EUR;91;130.82000000;490;EXCHANGE_LAST;;1;1;XEUR;10804524;688;
07.11.2024;09:59:39.343;FGBL SI 20241206 PS;SIMPLE_INSTRUMENT;EFS;EUR;92;130.84000000;218;EXCHANGE_LAST;;1;1;XEUR;10804524;688;
07.11.2024;10:00:15.913;FGBL SI 20241206 PS;SIMPLE_INSTRUMENT;EFP_FIN;EUR;94;130.88000000;492;EXCHANGE_LAST;;1;1;XEUR;10804524;688;
07.11.2024;10:01:28.642;FGBL SI 20241206 PS;SIMPLE_INSTRUMENT;EFS;EUR;95;130.81000000;218;EXCHANGE_LAST;;1;1;XEUR;10804524;688;
07.11.2024;10:01:29.490;FGBL SI 20241206 PS;SIMPLE_INSTRUMENT;EFS;EUR;96;130.95000000;55;EXCHANGE_LAST;;1;1;XEUR;10804524;688;
07.11.2024;10:02:18.102;FGBL SI 20241206 PS;SIMPLE_INSTRUMENT;EFS;EUR;97;130.79000000;218;EXCHANGE_LAST;;1;1;XEUR;10804524;688;
07.11.2024;10:04:16.624;FGBL SI 20241206 PS;SIMPLE_INSTRUMENT;EFS;EUR;98;130.84000000;218;EXCHANGE_LAST;;1;1;XEUR;10804524;688;
07.11.2024;10:05:32.558;FGBL SI 20241206 PS;SIMPLE_INSTRUMENT;EFP_FIN;EUR;99;130.86000000;123;EXCHANGE_LAST;;1;1;XEUR;10804524;688;
07.11.2024;10:05:49.074;FGBL SI 20241206 PS;SIMPLE_INSTRUMENT;EFP_FIN;EUR;100;130.86000000;123;EXCHANGE_LAST;;1;1;XEUR;10804524;688;
07.11.2024;10:10:03.415;FGBL SI 20241206 PS;SIMPLE_INSTRUMENT;EFS;EUR;102;130.84000000;218;EXCHANGE_LAST;;1;1;XEUR;10804524;688;
07.11.2024;10:10:26.406;FGBL SI 20241206 PS;SIMPLE_INSTRUMENT;EFS;EUR;103;130.84000000;495;EXCHANGE_LAST;;1;1;XEUR;10804524;688;
07.11.2024;10:11:12.473;FGBL SI 20241206 PS;SIMPLE_INSTRUMENT;EFS;EUR;104;130.84000000;200;EXCHANGE_LAST;;1;1;XEUR;10804524;688;
07.11.2024;10:11:45.221;FGBL SI 20241206 PS;SIMPLE_INSTRUMENT;EFP_FIN;EUR;105;130.85000000;168;EXCHANGE_LAST;;1;1;XEUR;10804524;688;
07.11.2024;10:11:53.094;FGBL SI 20241206 PS;SIMPLE_INSTRUMENT;EFS;EUR;106;130.81000000;437;EXCHANGE_LAST;;1;1;XEUR;10804524;688;
07.11.2024;10:11:57.100;FGBL SI 20241206 PS;SIMPLE_INSTRUMENT;EFS;EUR;107;130.81000000;437;EXCHANGE_LAST;;1;1;XEUR;10804524;688;
07.11.2024;10:12:17.782;FGBL SI 20241206 PS;SIMPLE_INSTRUMENT;EFS;EUR;108;130.80000000;97;EXCHANGE_LAST;;1;1;XEUR;10804524;688;
07.11.2024;10:13:23.991;FGBL SI 20241206 PS;SIMPLE_INSTRUMENT;EFS;EUR;109;131.16000000;276;EXCHANGE_LAST;;1;1;XEUR;10804524;688;
07.11.2024;10:13:38.724;FGBL SI 20241206 PS;SIMPLE_INSTRUMENT;EFS;EUR;110;130.85000000;906;EXCHANGE_LAST;;1;1;XEUR;10804524;688;
07.11.2024;10:14:13.778;FGBL SI 20241206 PS;SIMPLE_INSTRUMENT;EFS;EUR;111;130.96000000;690;EXCHANGE_LAST;;1;1;XEUR;10804524;688;
07.11.2024;10:15:13.035;FGBL SI 20241206 PS;SIMPLE_INSTRUMENT;EFP_FIN;EUR;112;130.99000000;50;EXCHANGE_LAST;;1;1;XEUR;10804524;688;
07.11.2024;10:18:47.568;FGBL SI 20241206 PS;SIMPLE_INSTRUMENT;EFS;EUR;113;130.82000000;990;EXCHANGE_LAST;;1;1;XEUR;10804524;688;
07.11.2024;10:21:23.492;FGBL SI 20241206 PS;SIMPLE_INSTRUMENT;EFS;EUR;114;130.85000000;262;EXCHANGE_LAST;;1;1;XEUR;10804524;688;
07.11.2024;10:22:39.957;FGBL SI 20241206 PS;SIMPLE_INSTRUMENT;EFS;EUR;115;130.82000000;349;EXCHANGE_LAST;;1;1;XEUR;10804524;688;
07.11.2024;10:24:05.982;FGBL SI 20241206 PS;SIMPLE_INSTRUMENT;EFS;EUR;116;130.84000000;248;EXCHANGE_LAST;;1;1;XEUR;10804524;688;
07.11.2024;10:24:18.686;FGBL SI 20241206 PS;SIMPLE_INSTRUMENT;EFS;EUR;117;130.84000000;218;EXCHANGE_LAST;;1;1;XEUR;10804524;688;
07.11.2024;10:26:06.449;FGBL SI 20241206 PS;SIMPLE_INSTRUMENT;EFS;EUR;118;131.07000000;750;EXCHANGE_LAST;;1;1;XEUR;10804524;688;
07.11.2024;10:26:26.762;FGBL SI 20241206 PS;SIMPLE_INSTRUMENT;EFS;EUR;119;131.04000000;750;EXCHANGE_LAST;;1;1;XEUR;10804524;688;
07.11.2024;10:27:11.519;FGBL SI 20241206 PS;SIMPLE_INSTRUMENT;EFS;EUR;120;130.82000000;248;EXCHANGE_LAST;;1;1;XEUR;10804524;688;
07.11.2024;10:27:53.807;FGBL SI 20241206 PS;SIMPLE_INSTRUMENT;EFS;EUR;121;130.80000000;218;EXCHANGE_LAST;;1;1;XEUR;10804524;688;
07.11.2024;10:29:48.491;FGBL SI 20241206 PS;SIMPLE_INSTRUMENT;EFS;EUR;122;130.85000000;1490;EXCHANGE_LAST;;1;1;XEUR;10804524;688;
07.11.2024;10:30:49.752;FGBL SI 20241206 PS;SIMPLE_INSTRUMENT;EFS;EUR;123;130.81000000;990;EXCHANGE_LAST;;1;1;XEUR;10804524;688;
07.11.2024;10:34:19.084;FGBL SI 20241206 PS;SIMPLE_INSTRUMENT;EFS;EUR;124;130.78000000;262;EXCHANGE_LAST;;1;1;XEUR;10804524;688;
07.11.2024;10:34:20.030;FGBL SI 20241206 PS;SIMPLE_INSTRUMENT;EFS;EUR;125;130.84000000;218;EXCHANGE_LAST;;1;1;XEUR;10804524;688;
07.11.2024;10:34:39.100;FGBL SI 20241206 PS;SIMPLE_INSTRUMENT;EFS;EUR;126;130.78000000;175;EXCHANGE_LAST;;1;1;XEUR;10804524;688;
07.11.2024;10:35:23.252;FGBL SI 20241206 PS;SIMPLE_INSTRUMENT;EFS;EUR;127;130.80000000;218;EXCHANGE_LAST;;1;1;XEUR;10804524;688;
07.11.2024;10:36:16.937;FGBL SI 20241206 PS;SIMPLE_INSTRUMENT;EFS;EUR;128;130.84000000;218;EXCHANGE_LAST;;1;1;XEUR;10804524;688;
07.11.2024;10:38:33.656;FGBL SI 20241206 PS;SIMPLE_INSTRUMENT;EFP_FIN;EUR;129;130.80000000;387;EXCHANGE_LAST;;1;1;XEUR;10804524;688;
07.11.2024;10:49:32.130;FGBL SI 20241206 PS;SIMPLE_INSTRUMENT;EFP_FIN;EUR;130;130.80000000;1162;EXCHANGE_LAST;;1;1;XEUR;10804524;688;
07.11.2024;10:50:22.488;FGBL SI 20241206 PS;SIMPLE_INSTRUMENT;EFS;EUR;131;130.80000000;497;EXCHANGE_LAST;;1;1;XEUR;10804524;688;
07.11.2024;10:50:29.537;FGBL SI 20241206 PS;SIMPLE_INSTRUMENT;EFP_FIN;EUR;132;130.76000000;775;EXCHANGE_LAST;;1;1;XEUR;10804524;688;
07.11.2024;10:52:07.362;FGBL SI 20241206 PS;SIMPLE_INSTRUMENT;EFS;EUR;133;130.81000000;248;EXCHANGE_LAST;;1;1;XEUR;10804524;688;
07.11.2024;10:52:16.673;FGBL SI 20241206 PS;SIMPLE_INSTRUMENT;EFP_FIN;EUR;134;130.76000000;748;EXCHANGE_LAST;;1;1;XEUR;10804524;688;
07.11.2024;10:55:23.418;FGBL SI 20241206 PS;SIMPLE_INSTRUMENT;EFS;EUR;135;130.71000000;305;EXCHANGE_LAST;;1;1;XEUR;10804524;688;
07.11.2024;10:55:55.295;FGBL SI 20241206 PS;SIMPLE_INSTRUMENT;EFS;EUR;136;130.99000000;921;EXCHANGE_LAST;;1;1;XEUR;10804524;688;
07.11.2024;10:57:52.417;FGBL SI 20241206 PS;SIMPLE_INSTRUMENT;EFP_FIN;EUR;137;130.81000000;1172;EXCHANGE_LAST;;1;1;XEUR;10804524;688;
07.11.2024;11:00:56.940;FGBL SI 20241206 PS;SIMPLE_INSTRUMENT;EFS;EUR;138;130.76000000;248;EXCHANGE_LAST;;1;1;XEUR;10804524;688;
07.11.2024;11:06:42.208;FGBL SI 20241206 PS;SIMPLE_INSTRUMENT;EFP_FIN;EUR;139;130.74000000;367;EXCHANGE_LAST;;1;1;XEUR;10804524;688;
07.11.2024;11:07:19.194;FGBL SI 20241206 PS;SIMPLE_INSTRUMENT;EFP_FIN;EUR;140;130.72000000;86;EXCHANGE_LAST;;1;1;XEUR;10804524;688;
07.11.2024;11:23:50.340;FGBL SI 20241206 PS;SIMPLE_INSTRUMENT;EFP_FIN;EUR;141;130.74000000;221;EXCHANGE_LAST;;1;1;XEUR;10804524;688;
07.11.2024;11:19:20.977;FGBL SI 20241206 PS;SIMPLE_INSTRUMENT;EFS;EUR;142;130.75000000;496;EXCHANGE_LAST;;1;1;XEUR;10804524;688;
07.11.2024;11:19:08.176;FGBL SI 20241206 PS;SIMPLE_INSTRUMENT;EFS;EUR;143;130.73000000;462;EXCHANGE_LAST;;1;1;XEUR;10804524;688;
07.11.2024;11:30:41.719;FGBL SI 20241206 PS;SIMPLE_INSTRUMENT;EFP_FIN;EUR;144;130.80000000;3022;EXCHANGE_LAST;;1;1;XEUR;10804524;688;
07.11.2024;11:34:49.576;FGBL SI 20241206 PS;SIMPLE_INSTRUMENT;EFS;EUR;145;130.74000000;39;EXCHANGE_LAST;;1;1;XEUR;10804524;688;
07.11.2024;11:35:55.410;FGBL SI 20241206 PS;SIMPLE_INSTRUMENT;EFP_FIN;EUR;146;130.85000000;736;EXCHANGE_LAST;;1;1;XEUR;10804524;688;
07.11.2024;11:36:57.346;FGBL SI 20241206 PS;SIMPLE_INSTRUMENT;EFP_FIN;EUR;147;130.74000000;82;EXCHANGE_LAST;;1;1;XEUR;10804524;688;
07.11.2024;11:37:19.368;FGBL SI 20241206 PS;SIMPLE_INSTRUMENT;EFP_FIN;EUR;148;130.74000000;123;EXCHANGE_LAST;;1;1;XEUR;10804524;688;
07.11.2024;11:37:33.307;FGBL SI 20241206 PS;SIMPLE_INSTRUMENT;EFP_FIN;EUR;149;130.74000000;334;EXCHANGE_LAST;;1;1;XEUR;10804524;688;
07.11.2024;11:37:48.938;FGBL SI 20241206 PS;SIMPLE_INSTRUMENT;EFP_FIN;EUR;150;130.74000000;82;EXCHANGE_LAST;;1;1;XEUR;10804524;688;
07.11.2024;11:38:44.252;FGBL SI 20241206 PS;SIMPLE_INSTRUMENT;EFS;EUR;151;130.82000000;230;EXCHANGE_LAST;;1;1;XEUR;10804524;688;
07.11.2024;11:40:51.998;FGBL SI 20241206 PS;SIMPLE_INSTRUMENT;EFP_FIN;EUR;152;130.72000000;1550;EXCHANGE_LAST;;1;1;XEUR;10804524;688;
07.11.2024;11:43:25.763;FGBL SI 20241206 PS;SIMPLE_INSTRUMENT;EFS;EUR;153;130.78000000;218;EXCHANGE_LAST;;1;1;XEUR;10804524;688;
07.11.2024;11:45:15.309;FGBL SI 20241206 PS;SIMPLE_INSTRUMENT;EFS;EUR;154;130.87000000;992;EXCHANGE_LAST;;1;1;XEUR;10804524;688;
07.11.2024;11:46:23.354;FGBL SI 20241206 PS;SIMPLE_INSTRUMENT;EFS;EUR;155;130.81000000;992;EXCHANGE_LAST;;1;1;XEUR;10804524;688;
07.11.2024;11:50:03.748;FGBL SI 20241206 PS;SIMPLE_INSTRUMENT;EFS;EUR;156;130.82000000;347;EXCHANGE_LAST;;1;1;XEUR;10804524;688;
07.11.2024;11:50:21.122;FGBL SI 20241206 PS;SIMPLE_INSTRUMENT;EFS;EUR;157;130.70000000;45;EXCHANGE_LAST;;1;1;XEUR;10804524;688;
07.11.2024;11:50:51.110;FGBL SI 20241206 PS;SIMPLE_INSTRUMENT;EFS;EUR;158;130.83000000;436;EXCHANGE_LAST;;1;1;XEUR;10804524;688;
07.11.2024;11:52:13.230;FGBL SI 20241206 PS;SIMPLE_INSTRUMENT;EFS;EUR;159;130.83000000;462;EXCHANGE_LAST;;1;1;XEUR;10804524;688;
07.11.2024;11:53:30.363;FGBL SI 20241206 PS;SIMPLE_INSTRUMENT;EFS;EUR;160;130.81000000;436;EXCHANGE_LAST;;1;1;XEUR;10804524;688;
07.11.2024;11:54:38.284;FGBL SI 20241206 PS;SIMPLE_INSTRUMENT;EFS;EUR;161;130.81000000;992;EXCHANGE_LAST;;1;1;XEUR;10804524;688;
07.11.2024;11:58:09.273;FGBL SI 20241206 PS;SIMPLE_INSTRUMENT;BLOCK;EUR;162;130.82000000;2038;EXCHANGE_LAST;;1;1;XEUR;10804524;688;
07.11.2024;12:02:25.273;FGBL SI 20241206 PS;SIMPLE_INSTRUMENT;EFS;EUR;163;130.83000000;992;EXCHANGE_LAST;;1;1;XEUR;10804524;688;
07.11.2024;12:07:09.054;FGBL SI 20241206 PS;SIMPLE_INSTRUMENT;EFS;EUR;164;130.71000000;248;EXCHANGE_LAST;;1;1;XEUR;10804524;688;
07.11.2024;12:11:03.931;FGBL SI 20241206 PS;SIMPLE_INSTRUMENT;EFS;EUR;165;130.73000000;325;EXCHANGE_LAST;;1;1;XEUR;10804524;688;
07.11.2024;12:14:47.723;FGBL SI 20241206 PS;SIMPLE_INSTRUMENT;EFP_FIN;EUR;166;130.83000000;383;EXCHANGE_LAST;;1;1;XEUR;10804524;688;
07.11.2024;12:14:19.344;FGBL SI 20241206 PS;SIMPLE_INSTRUMENT;EFS;EUR;167;130.84000000;462;EXCHANGE_LAST;;1;1;XEUR;10804524;688;
07.11.2024;12:17:44.802;FGBL SI 20241206 PS;SIMPLE_INSTRUMENT;EFS;EUR;168;130.82000000;992;EXCHANGE_LAST;;1;1;XEUR;10804524;688;
07.11.2024;12:20:25.918;FGBL SI 20241206 PS;SIMPLE_INSTRUMENT;EFS;EUR;169;130.83000000;992;EXCHANGE_LAST;;1;1;XEUR;10804524;688;
07.11.2024;12:21:00.345;FGBL SI 20241206 PS;SIMPLE_INSTRUMENT;EFS;EUR;170;130.92000000;436;EXCHANGE_LAST;;1;1;XEUR;10804524;688;
07.11.2024;12:22:12.722;FGBL SI 20241206 PS;SIMPLE_INSTRUMENT;EFS;EUR;171;130.82000000;497;EXCHANGE_LAST;;1;1;XEUR;10804524;688;
07.11.2024;12:23:11.353;FGBL SI 20241206 PS;SIMPLE_INSTRUMENT;EFS;EUR;172;130.92000000;436;EXCHANGE_LAST;;1;1;XEUR;10804524;688;
07.11.2024;12:23:21.910;FGBL SI 20241206 PS;SIMPLE_INSTRUMENT;EFS;EUR;173;131.27000000;500;EXCHANGE_LAST;;1;1;XEUR;10804524;688;
07.11.2024;12:23:52.366;FGBL SI 20241206 PS;SIMPLE_INSTRUMENT;EFS;EUR;174;130.80000000;992;EXCHANGE_LAST;;1;1;XEUR;10804524;688;
07.11.2024;12:25:41.470;FGBL SI 20241206 PS;SIMPLE_INSTRUMENT;EFS;EUR;175;130.75000000;446;EXCHANGE_LAST;;1;1;XEUR;10804524;688;
07.11.2024;12:27:10.523;FGBL SI 20241206 PS;SIMPLE_INSTRUMENT;EFS;EUR;176;130.88000000;218;EXCHANGE_LAST;;1;1;XEUR;10804524;688;
07.11.2024;12:31:25.688;FGBL SI 20241206 PS;SIMPLE_INSTRUMENT;EFS;EUR;177;130.86000000;437;EXCHANGE_LAST;;1;1;XEUR;10804524;688;
07.11.2024;12:33:39.896;FGBL SI 20241206 PS;SIMPLE_INSTRUMENT;EFP_FIN;EUR;178;130.83000000;474;EXCHANGE_LAST;;1;1;XEUR;10804524;688;
07.11.2024;12:34:49.060;FGBL SI 20241206 PS;SIMPLE_INSTRUMENT;EFS;EUR;179;130.87000000;436;EXCHANGE_LAST;;1;1;XEUR;10804524;688;
07.11.2024;12:37:17.708;FGBL SI 20241206 PS;SIMPLE_INSTRUMENT;EFS;EUR;180;130.86000000;160;EXCHANGE_LAST;;1;1;XEUR;10804524;688;
07.11.2024;12:42:07.880;FGBL SI 20241206 PS;SIMPLE_INSTRUMENT;EFS;EUR;181;130.86000000;149;EXCHANGE_LAST;;1;1;XEUR;10804524;688;
07.11.2024;12:42:31.338;FGBL SI 20241206 PS;SIMPLE_INSTRUMENT;EFS;EUR;182;130.89000000;131;EXCHANGE_LAST;;1;1;XEUR;10804524;688;
07.11.2024;12:43:26.144;FGBL SI 20241206 PS;SIMPLE_INSTRUMENT;EFS;EUR;184;130.84000000;437;EXCHANGE_LAST;;1;1;XEUR;10804524;688;
07.11.2024;12:44:06.174;FGBL SI 20241206 PS;SIMPLE_INSTRUMENT;EFS;EUR;185;130.84000000;437;EXCHANGE_LAST;;1;1;XEUR;10804524;688;
07.11.2024;12:45:22.228;FGBL SI 20241206 PS;SIMPLE_INSTRUMENT;EFS;EUR;186;130.89000000;437;EXCHANGE_LAST;;1;1;XEUR;10804524;688;
07.11.2024;12:45:37.834;FGBL SI 20241206 PS;SIMPLE_INSTRUMENT;EFP_FIN;EUR;187;130.87000000;82;EXCHANGE_LAST;;1;1;XEUR;10804524;688;
07.11.2024;12:46:32.279;FGBL SI 20241206 PS;SIMPLE_INSTRUMENT;EFS;EUR;188;130.87000000;218;EXCHANGE_LAST;;1;1;XEUR;10804524;688;
07.11.2024;12:48:57.389;FGBL SI 20241206 PS;SIMPLE_INSTRUMENT;EFS;EUR;189;130.87000000;437;EXCHANGE_LAST;;1;1;XEUR;10804524;688;
07.11.2024;12:54:27.663;FGBL SI 20241206 PS;SIMPLE_INSTRUMENT;EFS;EUR;190;130.98000000;436;EXCHANGE_LAST;;1;1;XEUR;10804524;688;
07.11.2024;12:54:37.673;FGBL SI 20241206 PS;SIMPLE_INSTRUMENT;EFS;EUR;191;130.98000000;305;EXCHANGE_LAST;;1;1;XEUR;10804524;688;
07.11.2024;12:59:26.295;FGBL SI 20241206 PS;SIMPLE_INSTRUMENT;EFS;EUR;192;130.94000000;694;EXCHANGE_LAST;;1;1;XEUR;10804524;688;
07.11.2024;13:00:33.091;FGBL SI 20241206 PS;SIMPLE_INSTRUMENT;EFS;EUR;193;130.89000000;496;EXCHANGE_LAST;;1;1;XEUR;10804524;688;
07.11.2024;13:05:04.952;FGBL SI 20241206 PS;SIMPLE_INSTRUMENT;EFP_FIN;EUR;194;131.01000000;156;EXCHANGE_LAST;;1;1;XEUR;10804524;688;
07.11.2024;13:07:43.069;FGBL SI 20241206 PS;SIMPLE_INSTRUMENT;EFP_FIN;EUR;195;130.89000000;969;EXCHANGE_LAST;;1;1;XEUR;10804524;688;
07.11.2024;13:09:37.113;FGBL SI 20241206 PS;SIMPLE_INSTRUMENT;EFS;EUR;196;130.95000000;403;EXCHANGE_LAST;;1;1;XEUR;10804524;688;
07.11.2024;13:18:20.536;FGBL SI 20241206 PS;SIMPLE_INSTRUMENT;EFS;EUR;197;131.00000000;4540;EXCHANGE_LAST;;1;1;XEUR;10804524;688;
07.11.2024;13:20:49.852;FGBL SI 20241206 PS;SIMPLE_INSTRUMENT;EFS;EUR;198;131.04000000;436;EXCHANGE_LAST;;1;1;XEUR;10804524;688;
07.11.2024;13:21:45.046;FGBL SI 20241206 PS;SIMPLE_INSTRUMENT;EFS;EUR;199;131.05000000;248;EXCHANGE_LAST;;1;1;XEUR;10804524;688;
07.11.2024;13:27:50.479;FGBL SI 20241206 PS;SIMPLE_INSTRUMENT;EFS;EUR;200;131.03000000;436;EXCHANGE_LAST;;1;1;XEUR;10804524;688;
07.11.2024;13:28:56.338;FGBL SI 20241206 PS;SIMPLE_INSTRUMENT;EFS;EUR;201;131.05000000;175;EXCHANGE_LAST;;1;1;XEUR;10804524;688;
07.11.2024;13:33:16.015;FGBL SI 20241206 PS;SIMPLE_INSTRUMENT;EFS;EUR;202;131.03000000;1374;EXCHANGE_LAST;;1;1;XEUR;10804524;688;
07.11.2024;13:34:09.298;FGBL SI 20241206 PS;SIMPLE_INSTRUMENT;EFP_FIN;EUR;203;131.05000000;1937;EXCHANGE_LAST;;1;1;XEUR;10804524;688;
07.11.2024;13:37:30.269;FGBL SI 20241206 PS;SIMPLE_INSTRUMENT;EFS;EUR;204;131.03000000;368;EXCHANGE_LAST;;1;1;XEUR;10804524;688;
07.11.2024;13:37:44.172;FGBL SI 20241206 PS;SIMPLE_INSTRUMENT;EFP_FIN;EUR;205;131.05000000;941;EXCHANGE_LAST;;1;1;XEUR;10804524;688;
07.11.2024;13:37:59.783;FGBL SI 20241206 PS;SIMPLE_INSTRUMENT;EFS;EUR;206;130.97000000;218;EXCHANGE_LAST;;1;1;XEUR;10804524;688;
07.11.2024;13:38:24.597;FGBL SI 20241206 PS;SIMPLE_INSTRUMENT;EFP_FIN;EUR;207;131.00000000;147;EXCHANGE_LAST;;1;1;XEUR;10804524;688;
07.11.2024;13:39:11.837;FGBL SI 20241206 PS;SIMPLE_INSTRUMENT;EFS;EUR;208;131.01000000;436;EXCHANGE_LAST;;1;1;XEUR;10804524;688;
07.11.2024;13:41:26.926;FGBL SI 20241206 PS;SIMPLE_INSTRUMENT;EFS;EUR;209;130.97000000;436;EXCHANGE_LAST;;1;1;XEUR;10804524;688;
07.11.2024;13:48:17.703;FGBL SI 20241206 PS;SIMPLE_INSTRUMENT;EFP_FIN;EUR;211;131.08000000;127;EXCHANGE_LAST;;1;1;XEUR;10804524;688;
07.11.2024;13:50:24.533;FGBL SI 20241206 PS;SIMPLE_INSTRUMENT;EFP_FIN;EUR;212;130.98000000;745;EXCHANGE_LAST;;1;1;XEUR;10804524;688;
07.11.2024;13:49:32.248;FGBL SI 20241206 PS;SIMPLE_INSTRUMENT;EFS;EUR;213;130.99000000;150;EXCHANGE_LAST;;1;1;XEUR;10804524;688;
07.11.2024;13:50:54.498;FGBL SI 20241206 PS;SIMPLE_INSTRUMENT;EFS;EUR;214;130.97000000;899;EXCHANGE_LAST;;1;1;XEUR;10804524;688;
07.11.2024;13:54:58.873;FGBL SI 20241206 PS;SIMPLE_INSTRUMENT;EFS;EUR;215;131.11000000;918;EXCHANGE_LAST;;1;1;XEUR;10804524;688;
07.11.2024;14:00:26.160;FGBL SI 20241206 PS;SIMPLE_INSTRUMENT;EFS;EUR;216;131.14000000;218;EXCHANGE_LAST;;1;1;XEUR;10804524;688;
07.11.2024;14:02:09.740;FGBL SI 20241206 PS;SIMPLE_INSTRUMENT;EFS;EUR;217;131.20000000;436;EXCHANGE_LAST;;1;1;XEUR;10804524;688;
07.11.2024;14:06:10.405;FGBL SI 20241206 PS;SIMPLE_INSTRUMENT;EFS;EUR;218;131.01000000;1000;EXCHANGE_LAST;;1;1;XEUR;10804524;688;
07.11.2024;14:07:41.204;FGBL SI 20241206 PS;SIMPLE_INSTRUMENT;EFS;EUR;219;131.03000000;688;EXCHANGE_LAST;;1;1;XEUR;10804524;688;
07.11.2024;14:08:20.001;FGBL SI 20241206 PS;SIMPLE_INSTRUMENT;EFS;EUR;220;131.25000000;388;EXCHANGE_LAST;;1;1;XEUR;10804524;688;
07.11.2024;14:12:48.701;FGBL SI 20241206 PS;SIMPLE_INSTRUMENT;EFS;EUR;221;131.24000000;2000;EXCHANGE_LAST;;1;1;XEUR;10804524;688;
07.11.2024;14:13:46.249;FGBL SI 20241206 PS;SIMPLE_INSTRUMENT;EFS;EUR;222;131.28000000;218;EXCHANGE_LAST;;1;1;XEUR;10804524;688;
07.11.2024;14:15:27.333;FGBL SI 20241206 PS;SIMPLE_INSTRUMENT;EFS;EUR;223;131.27000000;218;EXCHANGE_LAST;;1;1;XEUR;10804524;688;
07.11.2024;14:16:37.139;FGBL SI 20241206 PS;SIMPLE_INSTRUMENT;EFS;EUR;224;130.98000000;918;EXCHANGE_LAST;;1;1;XEUR;10804524;688;
07.11.2024;14:17:41.139;FGBL SI 20241206 PS;SIMPLE_INSTRUMENT;EFP_FIN;EUR;225;131.16000000;393;EXCHANGE_LAST;;1;1;XEUR;10804524;688;
07.11.2024;14:20:55.488;FGBL SI 20241206 PS;SIMPLE_INSTRUMENT;EFS;EUR;226;131.30000000;436;EXCHANGE_LAST;;1;1;XEUR;10804524;688;
07.11.2024;14:31:33.149;FGBL SI 20241206 PS;SIMPLE_INSTRUMENT;EFS;EUR;227;131.28000000;395;EXCHANGE_LAST;;1;1;XEUR;10804524;688;
07.11.2024;14:31:41.918;FGBL SI 20241206 PS;SIMPLE_INSTRUMENT;EFS;EUR;228;131.24000000;436;EXCHANGE_LAST;;1;1;XEUR;10804524;688;
07.11.2024;14:32:06.936;FGBL SI 20241206 PS;SIMPLE_INSTRUMENT;EFS;EUR;229;131.23000000;436;EXCHANGE_LAST;;1;1;XEUR;10804524;688;
07.11.2024;14:32:29.237;FGBL SI 20241206 PS;SIMPLE_INSTRUMENT;EFS;EUR;230;131.24000000;321;EXCHANGE_LAST;;1;1;XEUR;10804524;688;
07.11.2024;14:36:22.773;FGBL SI 20241206 PS;SIMPLE_INSTRUMENT;EFS;EUR;231;131.24000000;494;EXCHANGE_LAST;;1;1;XEUR;10804524;688;
07.11.2024;14:38:52.198;FGBL SI 20241206 PS;SIMPLE_INSTRUMENT;EFS;EUR;232;131.29000000;436;EXCHANGE_LAST;;1;1;XEUR;10804524;688;
07.11.2024;14:39:42.231;FGBL SI 20241206 PS;SIMPLE_INSTRUMENT;EFS;EUR;233;131.28000000;435;EXCHANGE_LAST;;1;1;XEUR;10804524;688;
07.11.2024;14:42:40.912;FGBL SI 20241206 PS;SIMPLE_INSTRUMENT;EFS;EUR;234;131.30000000;435;EXCHANGE_LAST;;1;1;XEUR;10804524;688;
07.11.2024;14:42:42.349;FGBL SI 20241206 PS;SIMPLE_INSTRUMENT;EFS;EUR;235;131.32000000;436;EXCHANGE_LAST;;1;1;XEUR;10804524;688;
07.11.2024;14:42:52.358;FGBL SI 20241206 PS;SIMPLE_INSTRUMENT;EFS;EUR;236;131.33000000;435;EXCHANGE_LAST;;1;1;XEUR;10804524;688;
07.11.2024;14:43:02.369;FGBL SI 20241206 PS;SIMPLE_INSTRUMENT;EFS;EUR;237;131.31000000;435;EXCHANGE_LAST;;1;1;XEUR;10804524;688;
07.11.2024;14:44:57.461;FGBL SI 20241206 PS;SIMPLE_INSTRUMENT;EFS;EUR;238;131.23000000;436;EXCHANGE_LAST;;1;1;XEUR;10804524;688;
07.11.2024;14:45:27.485;FGBL SI 20241206 PS;SIMPLE_INSTRUMENT;EFS;EUR;239;131.23000000;435;EXCHANGE_LAST;;1;1;XEUR;10804524;688;
07.11.2024;14:45:32.490;FGBL SI 20241206 PS;SIMPLE_INSTRUMENT;EFS;EUR;240;131.23000000;436;EXCHANGE_LAST;;1;1;XEUR;10804524;688;
07.11.2024;14:45:37.495;FGBL SI 20241206 PS;SIMPLE_INSTRUMENT;EFS;EUR;241;131.23000000;435;EXCHANGE_LAST;;1;1;XEUR;10804524;688;
07.11.2024;14:46:46.111;FGBL SI 20241206 PS;SIMPLE_INSTRUMENT;EFP_FIN;EUR;242;131.26000000;856;EXCHANGE_LAST;;1;1;XEUR;10804524;688;
07.11.2024;14:47:05.292;FGBL SI 20241206 PS;SIMPLE_INSTRUMENT;EFS;EUR;243;131.23000000;496;EXCHANGE_LAST;;1;1;XEUR;10804524;688;
07.11.2024;14:48:27.746;FGBL SI 20241206 PS;SIMPLE_INSTRUMENT;EFS;EUR;244;131.23000000;174;EXCHANGE_LAST;;1;1;XEUR;10804524;688;
07.11.2024;14:51:37.716;FGBL SI 20241206 PS;SIMPLE_INSTRUMENT;EFP_FIN;EUR;245;131.25000000;882;EXCHANGE_LAST;;1;1;XEUR;10804524;688;
07.11.2024;14:53:43.826;FGBL SI 20241206 PS;SIMPLE_INSTRUMENT;EFS;EUR;246;131.35000000;436;EXCHANGE_LAST;;1;1;XEUR;10804524;688;
07.11.2024;14:53:54.434;FGBL SI 20241206 PS;SIMPLE_INSTRUMENT;EFS;EUR;247;131.28000000;741;EXCHANGE_LAST;;1;1;XEUR;10804524;688;
07.11.2024;14:54:03.843;FGBL SI 20241206 PS;SIMPLE_INSTRUMENT;EFS;EUR;248;131.35000000;435;EXCHANGE_LAST;;1;1;XEUR;10804524;688;
07.11.2024;14:54:28.234;FGBL SI 20241206 PS;SIMPLE_INSTRUMENT;EFS;EUR;249;131.26000000;741;EXCHANGE_LAST;;1;1;XEUR;10804524;688;
07.11.2024;14:55:36.882;FGBL SI 20241206 PS;SIMPLE_INSTRUMENT;EFP_FIN;EUR;250;131.33000000;490;EXCHANGE_LAST;;1;1;XEUR;10804524;688;
07.11.2024;15:00:45.105;FGBL SI 20241206 PS;SIMPLE_INSTRUMENT;EFS;EUR;252;131.34000000;436;EXCHANGE_LAST;;1;1;XEUR;10804524;688;
07.11.2024;15:02:23.680;FGBL SI 20241206 PS;SIMPLE_INSTRUMENT;EFP_FIN;EUR;253;131.26000000;168;EXCHANGE_LAST;;1;1;XEUR;10804524;688;
07.11.2024;15:02:42.277;FGBL SI 20241206 PS;SIMPLE_INSTRUMENT;EFP_FIN;EUR;254;131.26000000;74;EXCHANGE_LAST;;1;1;XEUR;10804524;688;
07.11.2024;15:06:17.554;FGBL SI 20241206 PS;SIMPLE_INSTRUMENT;EFS;EUR;255;131.36000000;914;EXCHANGE_LAST;;1;1;XEUR;10804524;688;
07.11.2024;15:07:02.277;FGBL SI 20241206 PS;SIMPLE_INSTRUMENT;EFS;EUR;256;131.24000000;445;EXCHANGE_LAST;;1;1;XEUR;10804524;688;
07.11.2024;15:07:32.909;FGBL SI 20241206 PS;SIMPLE_INSTRUMENT;EFP_FIN;EUR;257;131.34000000;419;EXCHANGE_LAST;;1;1;XEUR;10804524;688;
07.11.2024;15:09:10.429;FGBL SI 20241206 PS;SIMPLE_INSTRUMENT;EFS;EUR;258;131.43000000;435;EXCHANGE_LAST;;1;1;XEUR;10804524;688;
07.11.2024;15:10:11.784;FGBL SI 20241206 PS;SIMPLE_INSTRUMENT;EFS;EUR;259;131.31000000;259;EXCHANGE_LAST;;1;1;XEUR;10804524;688;
07.11.2024;15:10:31.740;FGBL SI 20241206 PS;SIMPLE_INSTRUMENT;EFP_FIN;EUR;260;131.34000000;168;EXCHANGE_LAST;;1;1;XEUR;10804524;688;
07.11.2024;15:12:34.514;FGBL SI 20241206 PS;SIMPLE_INSTRUMENT;EFS;EUR;261;131.34000000;741;EXCHANGE_LAST;;1;1;XEUR;10804524;688;
07.11.2024;15:16:15.685;FGBL SI 20241206 PS;SIMPLE_INSTRUMENT;EFS;EUR;262;131.45000000;435;EXCHANGE_LAST;;1;1;XEUR;10804524;688;
07.11.2024;15:18:53.357;FGBL SI 20241206 PS;SIMPLE_INSTRUMENT;EFS;EUR;263;131.41000000;870;EXCHANGE_LAST;;1;1;XEUR;10804524;688;
07.11.2024;15:17:46.751;FGBL SI 20241206 PS;SIMPLE_INSTRUMENT;EFS;EUR;264;131.42000000;305;EXCHANGE_LAST;;1;1;XEUR;10804524;688;
07.11.2024;15:18:11.771;FGBL SI 20241206 PS;SIMPLE_INSTRUMENT;EFS;EUR;265;131.42000000;435;EXCHANGE_LAST;;1;1;XEUR;10804524;688;
07.11.2024;15:19:19.889;FGBL SI 20241206 PS;SIMPLE_INSTRUMENT;EFS;EUR;266;131.26000000;1169;EXCHANGE_LAST;;1;1;XEUR;10804524;688;
07.11.2024;15:21:06.787;FGBL SI 20241206 PS;SIMPLE_INSTRUMENT;EFS;EUR;267;131.43000000;684;EXCHANGE_LAST;;1;1;XEUR;10804524;688;
07.11.2024;15:21:06.904;FGBL SI 20241206 PS;SIMPLE_INSTRUMENT;EFS;EUR;268;131.42000000;435;EXCHANGE_LAST;;1;1;XEUR;10804524;688;
07.11.2024;15:22:23.880;FGBL SI 20241206 PS;SIMPLE_INSTRUMENT;EFS;EUR;269;131.42000000;987;EXCHANGE_LAST;;1;1;XEUR;10804524;688;
07.11.2024;15:33:05.864;FGBL SI 20241206 PS;SIMPLE_INSTRUMENT;EFP_FIN;EUR;271;131.40000000;453;EXCHANGE_LAST;;1;1;XEUR;10804524;688;
07.11.2024;15:38:34.122;FGBL SI 20241206 PS;SIMPLE_INSTRUMENT;EFS;EUR;274;131.44000000;493;EXCHANGE_LAST;;1;1;XEUR;10804524;688;
07.11.2024;15:40:34.335;FGBL SI 20241206 PS;SIMPLE_INSTRUMENT;EFS;EUR;275;131.38000000;198;EXCHANGE_LAST;;1;1;XEUR;10804524;688;
07.11.2024;15:42:11.393;FGBL SI 20241206 PS;SIMPLE_INSTRUMENT;EFP_FIN;EUR;276;131.37000000;1232;EXCHANGE_LAST;;1;1;XEUR;10804524;688;
07.11.2024;15:42:32.978;FGBL SI 20241206 PS;SIMPLE_INSTRUMENT;EFS;EUR;277;131.55000000;228;EXCHANGE_LAST;;1;1;XEUR;10804524;688;
07.11.2024;15:44:31.153;FGBL SI 20241206 PS;SIMPLE_INSTRUMENT;EFS;EUR;278;131.51000000;237;EXCHANGE_LAST;;1;1;XEUR;10804524;688;
07.11.2024;15:50:30.103;FGBL SI 20241206 PS;SIMPLE_INSTRUMENT;EFS;EUR;279;131.50000000;435;EXCHANGE_LAST;;1;1;XEUR;10804524;688;
07.11.2024;15:52:10.175;FGBL SI 20241206 PS;SIMPLE_INSTRUMENT;EFS;EUR;280;131.55000000;435;EXCHANGE_LAST;;1;1;XEUR;10804524;688;
07.11.2024;15:52:46.309;FGBL SI 20241206 PS;SIMPLE_INSTRUMENT;EFS;EUR;281;131.51000000;316;EXCHANGE_LAST;;1;1;XEUR;10804524;688;
07.11.2024;15:52:49.510;FGBL SI 20241206 PS;SIMPLE_INSTRUMENT;EFS;EUR;282;131.54000000;857;EXCHANGE_LAST;;1;1;XEUR;10804524;688;
07.11.2024;15:56:45.907;FGBL SI 20241206 PS;SIMPLE_INSTRUMENT;EFP_FIN;EUR;283;131.50000000;425;EXCHANGE_LAST;;1;1;XEUR;10804524;688;
07.11.2024;15:57:56.793;FGBL SI 20241206 PS;SIMPLE_INSTRUMENT;EFS;EUR;284;131.54000000;739;EXCHANGE_LAST;;1;1;XEUR;10804524;688;
07.11.2024;15:59:20.554;FGBL SI 20241206 PS;SIMPLE_INSTRUMENT;EFS;EUR;285;131.53000000;201;EXCHANGE_LAST;;1;1;XEUR;10804524;688;
07.11.2024;15:59:52.943;FGBL SI 20241206 PS;SIMPLE_INSTRUMENT;EFS;EUR;286;131.55000000;390;EXCHANGE_LAST;;1;1;XEUR;10804524;688;
07.11.2024;15:59:42.271;FGBL SI 20241206 PS;SIMPLE_INSTRUMENT;EFS;EUR;287;131.57000000;197;EXCHANGE_LAST;;1;1;XEUR;10804524;688;
07.11.2024;16:03:32.311;FGBL SI 20241206 PS;SIMPLE_INSTRUMENT;EFS;EUR;288;131.55000000;217;EXCHANGE_LAST;;1;1;XEUR;10804524;688;
07.11.2024;16:04:20.679;FGBL SI 20241206 PS;SIMPLE_INSTRUMENT;EFS;EUR;289;131.56000000;269;EXCHANGE_LAST;;1;1;XEUR;10804524;688;
07.11.2024;16:04:54.238;FGBL SI 20241206 PS;SIMPLE_INSTRUMENT;EFS;EUR;290;131.57000000;456;EXCHANGE_LAST;;1;1;XEUR;10804524;688;
07.11.2024;16:05:29.635;FGBL SI 20241206 PS;SIMPLE_INSTRUMENT;EFS;EUR;291;131.56000000;987;EXCHANGE_LAST;;1;1;XEUR;10804524;688;
07.11.2024;16:06:13.556;FGBL SI 20241206 PS;SIMPLE_INSTRUMENT;EFS;EUR;292;131.58000000;368;EXCHANGE_LAST;;1;1;XEUR;10804524;688;
07.11.2024;16:08:54.797;FGBL SI 20241206 PS;SIMPLE_INSTRUMENT;EFS;EUR;293;131.51000000;462;EXCHANGE_LAST;;1;1;XEUR;10804524;688;
07.11.2024;16:12:11.656;FGBL SI 20241206 PS;SIMPLE_INSTRUMENT;EFS;EUR;294;131.50000000;500;EXCHANGE_LAST;;1;1;XEUR;10804524;688;
07.11.2024;16:13:48.931;FGBL SI 20241206 PS;SIMPLE_INSTRUMENT;EFS;EUR;295;131.53000000;199;EXCHANGE_LAST;;1;1;XEUR;10804524;688;
07.11.2024;16:18:37.213;FGBL SI 20241206 PS;SIMPLE_INSTRUMENT;EFS;EUR;296;131.41000000;435;EXCHANGE_LAST;;1;1;XEUR;10804524;688;
07.11.2024;16:18:57.229;FGBL SI 20241206 PS;SIMPLE_INSTRUMENT;EFS;EUR;297;131.41000000;435;EXCHANGE_LAST;;1;1;XEUR;10804524;688;
07.11.2024;16:20:12.283;FGBL SI 20241206 PS;SIMPLE_INSTRUMENT;EFS;EUR;298;131.41000000;435;EXCHANGE_LAST;;1;1;XEUR;10804524;688;
07.11.2024;16:20:17.799;FGBL SI 20241206 PS;SIMPLE_INSTRUMENT;EFS;EUR;299;131.38000000;435;EXCHANGE_LAST;;1;1;XEUR;10804524;688;
07.11.2024;16:25:12.715;FGBL SI 20241206 PS;SIMPLE_INSTRUMENT;EFP_FIN;EUR;300;131.48000000;195;EXCHANGE_LAST;;1;1;XEUR;10804524;688;
07.11.2024;16:25:55.784;FGBL SI 20241206 PS;SIMPLE_INSTRUMENT;EFS;EUR;301;131.43000000;987;EXCHANGE_LAST;;1;1;XEUR;10804524;688;
07.11.2024;16:26:34.045;FGBL SI 20241206 PS;SIMPLE_INSTRUMENT;EFS;EUR;302;131.42000000;1827;EXCHANGE_LAST;;1;1;XEUR;10804524;688;
07.11.2024;16:26:36.461;FGBL SI 20241206 PS;SIMPLE_INSTRUMENT;EFP_FIN;EUR;303;131.48000000;326;EXCHANGE_LAST;;1;1;XEUR;10804524;688;
07.11.2024;16:31:56.779;FGBL SI 20241206 PS;SIMPLE_INSTRUMENT;EFP_FIN;EUR;304;131.48000000;394;EXCHANGE_LAST;;1;1;XEUR;10804524;688;
07.11.2024;16:32:09.837;FGBL SI 20241206 PS;SIMPLE_INSTRUMENT;EFP_FIN;EUR;305;131.48000000;472;EXCHANGE_LAST;;1;1;XEUR;10804524;688;
07.11.2024;16:32:14.098;FGBL SI 20241206 PS;SIMPLE_INSTRUMENT;EFP_FIN;EUR;306;131.33000000;119;EXCHANGE_LAST;;1;1;XEUR;10804524;688;
07.11.2024;16:33:24.043;FGBL SI 20241206 PS;SIMPLE_INSTRUMENT;EFS;EUR;307;131.31000000;494;EXCHANGE_LAST;;1;1;XEUR;10804524;688;
07.11.2024;16:34:49.948;FGBL SI 20241206 PS;SIMPLE_INSTRUMENT;EFS;EUR;308;131.50000000;500;EXCHANGE_LAST;;1;1;XEUR;10804524;688;
07.11.2024;16:40:41.569;FGBL SI 20241206 PS;SIMPLE_INSTRUMENT;EFS;EUR;309;131.33000000;2000;EXCHANGE_LAST;;1;1;XEUR;10804524;688;
07.11.2024;16:42:48.835;FGBL SI 20241206 PS;SIMPLE_INSTRUMENT;EFP_FIN;EUR;310;131.28000000;775;EXCHANGE_LAST;;1;1;XEUR;10804524;688;
07.11.2024;16:42:51.382;FGBL SI 20241206 PS;SIMPLE_INSTRUMENT;EFS;EUR;311;131.20000000;348;EXCHANGE_LAST;;1;1;XEUR;10804524;688;
07.11.2024;16:43:54.585;FGBL SI 20241206 PS;SIMPLE_INSTRUMENT;EFS;EUR;312;131.20000000;305;EXCHANGE_LAST;;1;1;XEUR;10804524;688;
07.11.2024;16:45:25.508;FGBL SI 20241206 PS;SIMPLE_INSTRUMENT;EFS;EUR;313;131.18000000;261;EXCHANGE_LAST;;1;1;XEUR;10804524;688;
07.11.2024;16:47:16.326;FGBL SI 20241206 PS;SIMPLE_INSTRUMENT;EFP_FIN;EUR;314;131.23000000;1162;EXCHANGE_LAST;;1;1;XEUR;10804524;688;
07.11.2024;16:48:24.344;FGBL SI 20241206 PS;SIMPLE_INSTRUMENT;EFS;EUR;315;131.30000000;494;EXCHANGE_LAST;;1;1;XEUR;10804524;688;
07.11.2024;16:51:11.181;FGBL SI 20241206 PS;SIMPLE_INSTRUMENT;EFS;EUR;316;131.25000000;198;EXCHANGE_LAST;;1;1;XEUR;10804524;688;
07.11.2024;16:52:12.105;FGBL SI 20241206 PS;SIMPLE_INSTRUMENT;EFS;EUR;317;131.53000000;373;EXCHANGE_LAST;;1;1;XEUR;10804524;688;
07.11.2024;16:54:36.231;FGBL SI 20241206 PS;SIMPLE_INSTRUMENT;EFS;EUR;318;131.21000000;244;EXCHANGE_LAST;;1;1;XEUR;10804524;688;
07.11.2024;16:57:50.742;FGBL SI 20241206 PS;SIMPLE_INSTRUMENT;EFS;EUR;319;131.18000000;436;EXCHANGE_LAST;;1;1;XEUR;10804524;688;
07.11.2024;16:59:14.171;FGBL SI 20241206 PS;SIMPLE_INSTRUMENT;EFS;EUR;320;131.26000000;100;EXCHANGE_LAST;;1;1;XEUR;10804524;688;
07.11.2024;17:01:31.890;FGBL SI 20241206 PS;SIMPLE_INSTRUMENT;EFS;EUR;321;131.22000000;436;EXCHANGE_LAST;;1;1;XEUR;10804524;688;
07.11.2024;17:13:00.790;FGBL SI 20241206 PS;SIMPLE_INSTRUMENT;EFS;EUR;322;131.20000000;1834;EXCHANGE_LAST;;1;1;XEUR;10804524;688;
07.11.2024;17:16:06.705;FGBL SI 20241206 PS;SIMPLE_INSTRUMENT;EFS;EUR;323;131.43000000;500;EXCHANGE_LAST;;1;1;XEUR;10804524;688;
07.11.2024;17:21:36.816;FGBL SI 20241206 PS;SIMPLE_INSTRUMENT;EFS;EUR;324;131.23000000;491;EXCHANGE_LAST;;1;1;XEUR;10804524;688;
07.11.2024;17:28:48.135;FGBL SI 20241206 PS;SIMPLE_INSTRUMENT;EFS;EUR;325;131.34000000;741;EXCHANGE_LAST;;1;1;XEUR;10804524;688;
07.11.2024;09:23:32.803;FGBL SI 20241206 PS;SIMPLE_INSTRUMENT;VOLA;EUR;268435483;131.25000000;50;EXCHANGE_LAST;;1;1;XEUR;10804524;688;
07.11.2024;09:23:31.094;FGBL SI 20241206 PS;SIMPLE_INSTRUMENT;VOLA;EUR;268435484;131.25000000;50;EXCHANGE_LAST;;1;1;XEUR;10804524;688;
07.11.2024;09:23:29.694;FGBL SI 20241206 PS;SIMPLE_INSTRUMENT;VOLA;EUR;268435485;131.25000000;60;EXCHANGE_LAST;;1;1;XEUR;10804524;688;
07.11.2024;10:09:44.577;FGBL SI 20241206 PS;SIMPLE_INSTRUMENT;VOLA;EUR;268435516;130.82000000;25;EXCHANGE_LAST;;1;1;XEUR;10804524;688;
07.11.2024;10:50:19.782;FGBL SI 20241206 PS;SIMPLE_INSTRUMENT;VOLA;EUR;268435526;130.84000000;15;EXCHANGE_LAST;;1;1;XEUR;10804524;688;
07.11.2024;11:15:48.714;FGBL SI 20250306 PS;SIMPLE_INSTRUMENT;VOLA;EUR;268435533;132.45000000;14;EXCHANGE_LAST;;1;1;XEUR;11286679;688;
07.11.2024;12:06:49.009;FGBL SI 20241206 PS;SIMPLE_INSTRUMENT;VOLA;EUR;268435549;130.84000000;406;EXCHANGE_LAST;;1;1;XEUR;10804524;688;
07.11.2024;12:14:15.397;FGBL SI 20250306 PS;SIMPLE_INSTRUMENT;VOLA;EUR;268435554;132.08000000;240;EXCHANGE_LAST;;1;1;XEUR;11286679;688;
07.11.2024;12:14:16.089;FGBL SI 20250306 PS;SIMPLE_INSTRUMENT;VOLA;EUR;268435555;132.08000000;240;EXCHANGE_LAST;;1;1;XEUR;11286679;688;
07.11.2024;12:58:47.686;FGBL SI 20241206 PS;SIMPLE_INSTRUMENT;VOLA;EUR;268435569;130.90000000;190;EXCHANGE_LAST;;1;1;XEUR;10804524;688;
07.11.2024;13:57:51.554;FGBL SI 20241206 PS;SIMPLE_INSTRUMENT;VOLA;EUR;268435582;130.99000000;165;EXCHANGE_LAST;;1;1;XEUR;10804524;688;
07.11.2024;14:02:20.080;FGBL SI 20250306 PS;SIMPLE_INSTRUMENT;VOLA;EUR;268435586;132.45000000;21;EXCHANGE_LAST;;1;1;XEUR;11286679;688;
07.11.2024;14:50:35.189;FGBL SI 20241206 PS;SIMPLE_INSTRUMENT;VOLA;EUR;268435591;131.25000000;55;EXCHANGE_LAST;;1;1;XEUR;10804524;688;
07.11.2024;14:50:36.108;FGBL SI 20241206 PS;SIMPLE_INSTRUMENT;VOLA;EUR;268435592;131.25000000;55;EXCHANGE_LAST;;1;1;XEUR;10804524;688;
07.11.2024;15:58:44.168;FGBL SI 20241206 PS;SIMPLE_INSTRUMENT;VOLA;EUR;268435606;131.53000000;344;EXCHANGE_LAST;;1;1;XEUR;10804524;688;
07.11.2024;15:58:54.169;FGBL SI 20241206 PS;SIMPLE_INSTRUMENT;VOLA;EUR;268435607;131.53000000;313;EXCHANGE_LAST;;1;1;XEUR;10804524;688;
07.11.2024;15:59:04.170;FGBL SI 20241206 PS;SIMPLE_INSTRUMENT;VOLA;EUR;268435610;131.53000000;96;EXCHANGE_LAST;;1;1;XEUR;10804524;688;
07.11.2024;15:59:26.172;FGBL SI 20241206 PS;SIMPLE_INSTRUMENT;VOLA;EUR;268435611;131.53000000;7;EXCHANGE_LAST;;1;1;XEUR;10804524;688;
07.11.2024;16:14:07.457;FGBL SI 20241206 PS;SIMPLE_INSTRUMENT;VOLA;EUR;268435617;131.54000000;118;EXCHANGE_LAST;;1;1;XEUR;10804524;688;
07.11.2024;16:16:42.365;FGBL SI 20241206 PS;SIMPLE_INSTRUMENT;VOLA;EUR;268435619;131.58000000;45;EXCHANGE_LAST;;1;1;XEUR;10804524;688;
07.11.2024;07:39:25.006;FGBM SI 20241206 PS;SIMPLE_INSTRUMENT;EFS;EUR;1;118.34000000;467;EXCHANGE_LAST;;1;1;XEUR;10804525;689;
07.11.2024;07:41:25.425;FGBM SI 20241206 PS;SIMPLE_INSTRUMENT;EFS;EUR;2;118.40000000;1867;EXCHANGE_LAST;;1;1;XEUR;10804525;689;
07.11.2024;07:49:13.036;FGBM SI 20241206 PS;SIMPLE_INSTRUMENT;EFS;EUR;3;118.35000000;1868;EXCHANGE_LAST;;1;1;XEUR;10804525;689;
07.11.2024;08:11:19.199;FGBM SI 20241206 PS;SIMPLE_INSTRUMENT;EFS;EUR;4;118.38000000;1401;EXCHANGE_LAST;;1;1;XEUR;10804525;689;
07.11.2024;08:16:55.838;FGBM SI 20241206 PS;SIMPLE_INSTRUMENT;EFS;EUR;5;118.37000000;433;EXCHANGE_LAST;;1;1;XEUR;10804525;689;
07.11.2024;08:17:08.287;FGBM SI 20241206 PS;SIMPLE_INSTRUMENT;EFS;EUR;6;118.32000000;346;EXCHANGE_LAST;;1;1;XEUR;10804525;689;
07.11.2024;08:17:57.623;FGBM SI 20241206 PS;SIMPLE_INSTRUMENT;EFS;EUR;7;118.33000000;432;EXCHANGE_LAST;;1;1;XEUR;10804525;689;
07.11.2024;08:18:07.277;FGBM SI 20241206 PS;SIMPLE_INSTRUMENT;EFS;EUR;8;118.29000000;935;EXCHANGE_LAST;;1;1;XEUR;10804525;689;
07.11.2024;08:19:17.551;FGBM SI 20241206 PS;SIMPLE_INSTRUMENT;EFS;EUR;9;118.31000000;934;EXCHANGE_LAST;;1;1;XEUR;10804525;689;
07.11.2024;08:20:46.061;FGBM SI 20241206 PS;SIMPLE_INSTRUMENT;EFP_FIN;EUR;10;118.32000000;1355;EXCHANGE_LAST;;1;1;XEUR;10804525;689;
07.11.2024;08:21:21.359;FGBM SI 20241206 PS;SIMPLE_INSTRUMENT;EFS;EUR;11;118.21000000;935;EXCHANGE_LAST;;1;1;XEUR;10804525;689;
07.11.2024;08:23:13.008;FGBM SI 20241206 PS;SIMPLE_INSTRUMENT;EFS;EUR;12;118.23000000;935;EXCHANGE_LAST;;1;1;XEUR;10804525;689;
07.11.2024;08:24:13.012;FGBM SI 20241206 PS;SIMPLE_INSTRUMENT;EFS;EUR;13;118.18000000;434;EXCHANGE_LAST;;1;1;XEUR;10804525;689;
07.11.2024;08:24:28.160;FGBM SI 20241206 PS;SIMPLE_INSTRUMENT;EFS;EUR;14;118.22000000;935;EXCHANGE_LAST;;1;1;XEUR;10804525;689;
07.11.2024;08:32:03.879;FGBM SI 20241206 PS;SIMPLE_INSTRUMENT;EFS;EUR;15;118.34000000;934;EXCHANGE_LAST;;1;1;XEUR;10804525;689;
07.11.2024;08:33:23.417;FGBM SI 20241206 PS;SIMPLE_INSTRUMENT;EFS;EUR;16;118.28000000;935;EXCHANGE_LAST;;1;1;XEUR;10804525;689;
07.11.2024;08:34:49.047;FGBM SI 20241206 PS;SIMPLE_INSTRUMENT;EFS;EUR;17;118.27000000;433;EXCHANGE_LAST;;1;1;XEUR;10804525;689;
07.11.2024;08:34:59.327;FGBM SI 20241206 PS;SIMPLE_INSTRUMENT;EFS;EUR;18;118.16000000;468;EXCHANGE_LAST;;1;1;XEUR;10804525;689;
07.11.2024;08:40:39.488;FGBM SI 20241206 PS;SIMPLE_INSTRUMENT;EFS;EUR;19;118.21000000;935;EXCHANGE_LAST;;1;1;XEUR;10804525;689;
07.11.2024;08:42:02.958;FGBM SI 20241206 PS;SIMPLE_INSTRUMENT;EFS;EUR;20;118.34000000;467;EXCHANGE_LAST;;1;1;XEUR;10804525;689;
07.11.2024;08:43:50.616;FGBM SI 20241206 PS;SIMPLE_INSTRUMENT;EFS;EUR;21;118.27000000;1869;EXCHANGE_LAST;;1;1;XEUR;10804525;689;
07.11.2024;08:44:37.756;FGBM SI 20241206 PS;SIMPLE_INSTRUMENT;EFS;EUR;22;118.30000000;467;EXCHANGE_LAST;;1;1;XEUR;10804525;689;
07.11.2024;08:46:57.219;FGBM SI 20241206 PS;SIMPLE_INSTRUMENT;EFS;EUR;23;118.26000000;1665;EXCHANGE_LAST;;1;1;XEUR;10804525;689;
07.11.2024;08:49:53.398;FGBM SI 20241206 PS;SIMPLE_INSTRUMENT;EFS;EUR;24;118.18000000;281;EXCHANGE_LAST;;1;1;XEUR;10804525;689;
07.11.2024;08:53:51.234;FGBM SI 20241206 PS;SIMPLE_INSTRUMENT;EFS;EUR;25;118.26000000;364;EXCHANGE_LAST;;1;1;XEUR;10804525;689;
07.11.2024;08:56:54.195;FGBM SI 20241206 PS;SIMPLE_INSTRUMENT;EFS;EUR;26;118.21000000;432;EXCHANGE_LAST;;1;1;XEUR;10804525;689;
07.11.2024;09:00:17.583;FGBM SI 20241206 PS;SIMPLE_INSTRUMENT;EFS;EUR;27;118.21000000;432;EXCHANGE_LAST;;1;1;XEUR;10804525;689;
07.11.2024;09:07:32.482;FGBM SI 20241206 PS;SIMPLE_INSTRUMENT;EFS;EUR;28;118.27000000;1869;EXCHANGE_LAST;;1;1;XEUR;10804525;689;
07.11.2024;09:10:41.616;FGBM SI 20241206 PS;SIMPLE_INSTRUMENT;EFS;EUR;29;118.27000000;1402;EXCHANGE_LAST;;1;1;XEUR;10804525;689;
07.11.2024;09:12:11.799;FGBM SI 20241206 PS;SIMPLE_INSTRUMENT;EFS;EUR;30;118.15000000;936;EXCHANGE_LAST;;1;1;XEUR;10804525;689;
07.11.2024;09:14:31.716;FGBM SI 20241206 PS;SIMPLE_INSTRUMENT;EFS;EUR;31;118.24000000;428;EXCHANGE_LAST;;1;1;XEUR;10804525;689;
07.11.2024;09:17:47.465;FGBM SI 20241206 PS;SIMPLE_INSTRUMENT;EFS;EUR;32;118.13000000;433;EXCHANGE_LAST;;1;1;XEUR;10804525;689;
07.11.2024;09:19:13.732;FGBM SI 20241206 PS;SIMPLE_INSTRUMENT;EFS;EUR;33;118.13000000;866;EXCHANGE_LAST;;1;1;XEUR;10804525;689;
07.11.2024;09:25:26.336;FGBM SI 20241206 PS;SIMPLE_INSTRUMENT;EFP_FIN;EUR;34;118.24000000;196;EXCHANGE_LAST;;1;1;XEUR;10804525;689;
07.11.2024;09:40:45.564;FGBM SI 20241206 PS;SIMPLE_INSTRUMENT;EFS;EUR;35;118.15000000;865;EXCHANGE_LAST;;1;1;XEUR;10804525;689;
07.11.2024;09:41:49.191;FGBM SI 20241206 PS;SIMPLE_INSTRUMENT;EFS;EUR;36;118.16000000;173;EXCHANGE_LAST;;1;1;XEUR;10804525;689;
07.11.2024;09:42:36.760;FGBM SI 20241206 PS;SIMPLE_INSTRUMENT;EFS;EUR;37;118.15000000;1872;EXCHANGE_LAST;;1;1;XEUR;10804525;689;
07.11.2024;09:42:46.038;FGBM SI 20241206 PS;SIMPLE_INSTRUMENT;EFS;EUR;38;118.15000000;432;EXCHANGE_LAST;;1;1;XEUR;10804525;689;
07.11.2024;09:43:45.187;FGBM SI 20241206 PS;SIMPLE_INSTRUMENT;EFS;EUR;39;118.14000000;433;EXCHANGE_LAST;;1;1;XEUR;10804525;689;
07.11.2024;09:44:20.798;FGBM SI 20241206 PS;SIMPLE_INSTRUMENT;EFS;EUR;40;118.11000000;936;EXCHANGE_LAST;;1;1;XEUR;10804525;689;
07.11.2024;09:45:24.268;FGBM SI 20241206 PS;SIMPLE_INSTRUMENT;EFP_FIN;EUR;41;118.14000000;265;EXCHANGE_LAST;;1;1;XEUR;10804525;689;
07.11.2024;09:50:57.620;FGBM SI 20241206 PS;SIMPLE_INSTRUMENT;EFS;EUR;42;118.12000000;270;EXCHANGE_LAST;;1;1;XEUR;10804525;689;
07.11.2024;09:54:46.192;FGBM SI 20241206 PS;SIMPLE_INSTRUMENT;EFS;EUR;43;118.16000000;1872;EXCHANGE_LAST;;1;1;XEUR;10804525;689;
07.11.2024;09:57:43.556;FGBM SI 20241206 PS;SIMPLE_INSTRUMENT;EFS;EUR;44;118.06000000;1080;EXCHANGE_LAST;;1;1;XEUR;10804525;689;
07.11.2024;10:00:16.869;FGBM SI 20241206 PS;SIMPLE_INSTRUMENT;EFS;EUR;45;118.04000000;400;EXCHANGE_LAST;;1;1;XEUR;10804525;689;
07.11.2024;10:12:11.766;FGBM SI 20241206 PS;SIMPLE_INSTRUMENT;EFS;EUR;46;118.03000000;183;EXCHANGE_LAST;;1;1;XEUR;10804525;689;
07.11.2024;10:17:21.864;FGBM SI 20241206 PS;SIMPLE_INSTRUMENT;EFS;EUR;47;118.06000000;468;EXCHANGE_LAST;;1;1;XEUR;10804525;689;
07.11.2024;10:17:06.941;FGBM SI 20241206 PS;SIMPLE_INSTRUMENT;EFS;EUR;48;118.05000000;650;EXCHANGE_LAST;;1;1;XEUR;10804525;689;
07.11.2024;10:18:16.757;FGBM SI 20241206 PS;SIMPLE_INSTRUMENT;EFS;EUR;49;118.06000000;433;EXCHANGE_LAST;;1;1;XEUR;10804525;689;
07.11.2024;10:23:49.609;FGBM SI 20241206 PS;SIMPLE_INSTRUMENT;EFS;EUR;50;118.03000000;433;EXCHANGE_LAST;;1;1;XEUR;10804525;689;
07.11.2024;10:24:00.041;FGBM SI 20241206 PS;SIMPLE_INSTRUMENT;EFS;EUR;51;118.03000000;433;EXCHANGE_LAST;;1;1;XEUR;10804525;689;
07.11.2024;10:24:18.640;FGBM SI 20241206 PS;SIMPLE_INSTRUMENT;EFS;EUR;52;118.04000000;409;EXCHANGE_LAST;;1;1;XEUR;10804525;689;
07.11.2024;10:37:43.284;FGBM SI 20241206 PS;SIMPLE_INSTRUMENT;EFS;EUR;53;118.00000000;347;EXCHANGE_LAST;;1;1;XEUR;10804525;689;
07.11.2024;10:45:54.922;FGBM SI 20241206 PS;SIMPLE_INSTRUMENT;EFS;EUR;54;117.99000000;433;EXCHANGE_LAST;;1;1;XEUR;10804525;689;
07.11.2024;11:05:13.134;FGBM SI 20241206 PS;SIMPLE_INSTRUMENT;EFS;EUR;55;117.96000000;469;EXCHANGE_LAST;;1;1;XEUR;10804525;689;
07.11.2024;11:06:18.071;FGBM SI 20241206 PS;SIMPLE_INSTRUMENT;EFS;EUR;56;117.98000000;469;EXCHANGE_LAST;;1;1;XEUR;10804525;689;
07.11.2024;11:28:57.149;FGBM SI 20241206 PS;SIMPLE_INSTRUMENT;EFS;EUR;57;118.04000000;468;EXCHANGE_LAST;;1;1;XEUR;10804525;689;
07.11.2024;11:29:47.168;FGBM SI 20241206 PS;SIMPLE_INSTRUMENT;EFS;EUR;58;118.05000000;468;EXCHANGE_LAST;;1;1;XEUR;10804525;689;
07.11.2024;11:33:49.470;FGBM SI 20241206 PS;SIMPLE_INSTRUMENT;EFP_FIN;EUR;59;117.95000000;279;EXCHANGE_LAST;;1;1;XEUR;10804525;689;
07.11.2024;11:37:27.708;FGBM SI 20241206 PS;SIMPLE_INSTRUMENT;EFS;EUR;60;118.04000000;468;EXCHANGE_LAST;;1;1;XEUR;10804525;689;
07.11.2024;11:38:31.909;FGBM SI 20241206 PS;SIMPLE_INSTRUMENT;EFS;EUR;61;118.00000000;2812;EXCHANGE_LAST;;1;1;XEUR;10804525;689;
07.11.2024;11:40:36.842;FGBM SI 20241206 PS;SIMPLE_INSTRUMENT;EFS;EUR;62;118.15000000;1872;EXCHANGE_LAST;;1;1;XEUR;10804525;689;
07.11.2024;11:44:18.285;FGBM SI 20241206 PS;SIMPLE_INSTRUMENT;EFS;EUR;63;118.04000000;1874;EXCHANGE_LAST;;1;1;XEUR;10804525;689;
07.11.2024;11:53:45.584;FGBM SI 20241206 PS;SIMPLE_INSTRUMENT;EFP_FIN;EUR;64;118.03000000;554;EXCHANGE_LAST;;1;1;XEUR;10804525;689;
07.11.2024;12:03:38.688;FGBM SI 20241206 PS;SIMPLE_INSTRUMENT;EFS;EUR;65;117.98000000;1406;EXCHANGE_LAST;;1;1;XEUR;10804525;689;
07.11.2024;12:18:45.388;FGBM SI 20241206 PS;SIMPLE_INSTRUMENT;EFS;EUR;66;118.01000000;1874;EXCHANGE_LAST;;1;1;XEUR;10804525;689;
07.11.2024;12:20:32.853;FGBM SI 20241206 PS;SIMPLE_INSTRUMENT;EFS;EUR;67;117.99000000;2000;EXCHANGE_LAST;;1;1;XEUR;10804525;689;
07.11.2024;12:21:00.300;FGBM SI 20241206 PS;SIMPLE_INSTRUMENT;EFS;EUR;68;118.02000000;819;EXCHANGE_LAST;;1;1;XEUR;10804525;689;
07.11.2024;12:25:03.775;FGBM SI 20241206 PS;SIMPLE_INSTRUMENT;EFS;EUR;69;117.97000000;1875;EXCHANGE_LAST;;1;1;XEUR;10804525;689;
07.11.2024;12:31:09.520;FGBM SI 20241206 PS;SIMPLE_INSTRUMENT;EFS;EUR;70;117.96000000;1125;EXCHANGE_LAST;;1;1;XEUR;10804525;689;
07.11.2024;12:33:01.256;FGBM SI 20241206 PS;SIMPLE_INSTRUMENT;EFP_FIN;EUR;71;118.03000000;375;EXCHANGE_LAST;;1;1;XEUR;10804525;689;
07.11.2024;12:33:45.670;FGBM SI 20241206 PS;SIMPLE_INSTRUMENT;EFS;EUR;72;117.99000000;818;EXCHANGE_LAST;;1;1;XEUR;10804525;689;
07.11.2024;12:34:02.287;FGBM SI 20241206 PS;SIMPLE_INSTRUMENT;EFP_FIN;EUR;73;117.99000000;1344;EXCHANGE_LAST;;1;1;XEUR;10804525;689;
07.11.2024;12:43:16.873;FGBM SI 20241206 PS;SIMPLE_INSTRUMENT;EFP_FIN;EUR;74;118.02000000;1394;EXCHANGE_LAST;;1;1;XEUR;10804525;689;
07.11.2024;12:41:47.268;FGBM SI 20241206 PS;SIMPLE_INSTRUMENT;EFS;EUR;75;117.99000000;245;EXCHANGE_LAST;;1;1;XEUR;10804525;689;
07.11.2024;12:42:38.086;FGBM SI 20241206 PS;SIMPLE_INSTRUMENT;EFS;EUR;76;118.21000000;1122;EXCHANGE_LAST;;1;1;XEUR;10804525;689;
07.11.2024;12:45:18.737;FGBM SI 20241206 PS;SIMPLE_INSTRUMENT;EFP_FIN;EUR;77;118.02000000;856;EXCHANGE_LAST;;1;1;XEUR;10804525;689;
07.11.2024;12:51:09.454;FGBM SI 20241206 PS;SIMPLE_INSTRUMENT;EFS;EUR;78;117.92000000;1743;EXCHANGE_LAST;;1;1;XEUR;10804525;689;
07.11.2024;12:51:25.802;FGBM SI 20241206 PS;SIMPLE_INSTRUMENT;EFP_FIN;EUR;79;117.97000000;428;EXCHANGE_LAST;;1;1;XEUR;10804525;689;
07.11.2024;12:52:47.779;FGBM SI 20241206 PS;SIMPLE_INSTRUMENT;EFS;EUR;80;118.01000000;433;EXCHANGE_LAST;;1;1;XEUR;10804525;689;
07.11.2024;12:54:34.549;FGBM SI 20241206 PS;SIMPLE_INSTRUMENT;EFS;EUR;81;118.02000000;866;EXCHANGE_LAST;;1;1;XEUR;10804525;689;
07.11.2024;13:00:18.168;FGBM SI 20241206 PS;SIMPLE_INSTRUMENT;EFP_FIN;EUR;82;118.01000000;738;EXCHANGE_LAST;;1;1;XEUR;10804525;689;
07.11.2024;13:05:15.935;FGBM SI 20241206 PS;SIMPLE_INSTRUMENT;EFS;EUR;83;118.04000000;333;EXCHANGE_LAST;;1;1;XEUR;10804525;689;
07.11.2024;13:08:20.946;FGBM SI 20241206 PS;SIMPLE_INSTRUMENT;EFP_FIN;EUR;84;117.99000000;1773;EXCHANGE_LAST;;1;1;XEUR;10804525;689;
07.11.2024;13:08:08.945;FGBM SI 20241206 PS;SIMPLE_INSTRUMENT;EFP_FIN;EUR;85;117.96000000;1773;EXCHANGE_LAST;;1;1;XEUR;10804525;689;
07.11.2024;13:09:14.654;FGBM SI 20241206 PS;SIMPLE_INSTRUMENT;EFP_FIN;EUR;86;117.98000000;443;EXCHANGE_LAST;;1;1;XEUR;10804525;689;
07.11.2024;13:18:14.676;FGBM SI 20241206 PS;SIMPLE_INSTRUMENT;EFS;EUR;87;118.09000000;867;EXCHANGE_LAST;;1;1;XEUR;10804525;689;
07.11.2024;13:23:52.450;FGBM SI 20241206 PS;SIMPLE_INSTRUMENT;EFP_FIN;EUR;88;118.10000000;1653;EXCHANGE_LAST;;1;1;XEUR;10804525;689;
07.11.2024;13:32:46.477;FGBM SI 20241206 PS;SIMPLE_INSTRUMENT;EFS;EUR;89;118.08000000;1873;EXCHANGE_LAST;;1;1;XEUR;10804525;689;
07.11.2024;13:33:51.612;FGBM SI 20241206 PS;SIMPLE_INSTRUMENT;EFS;EUR;90;118.04000000;433;EXCHANGE_LAST;;1;1;XEUR;10804525;689;
07.11.2024;13:39:04.376;FGBM SI 20241206 PS;SIMPLE_INSTRUMENT;EFS;EUR;91;118.03000000;187;EXCHANGE_LAST;;1;1;XEUR;10804525;689;
07.11.2024;13:53:19.881;FGBM SI 20241206 PS;SIMPLE_INSTRUMENT;EFS;EUR;92;118.07000000;346;EXCHANGE_LAST;;1;1;XEUR;10804525;689;
07.11.2024;13:59:34.629;FGBM SI 20241206 PS;SIMPLE_INSTRUMENT;EFS;EUR;93;118.15000000;200;EXCHANGE_LAST;;1;1;XEUR;10804525;689;
07.11.2024;14:09:14.798;FGBM SI 20241206 PS;SIMPLE_INSTRUMENT;EFS;EUR;94;118.04000000;935;EXCHANGE_LAST;;1;1;XEUR;10804525;689;
07.11.2024;14:10:55.557;FGBM SI 20241206 PS;SIMPLE_INSTRUMENT;EFS;EUR;95;118.19000000;865;EXCHANGE_LAST;;1;1;XEUR;10804525;689;
07.11.2024;14:11:43.416;FGBM SI 20241206 PS;SIMPLE_INSTRUMENT;EFS;EUR;96;118.18000000;865;EXCHANGE_LAST;;1;1;XEUR;10804525;689;
07.11.2024;14:12:34.700;FGBM SI 20241206 PS;SIMPLE_INSTRUMENT;EFS;EUR;97;118.17000000;433;EXCHANGE_LAST;;1;1;XEUR;10804525;689;
07.11.2024;14:14:41.573;FGBM SI 20241206 PS;SIMPLE_INSTRUMENT;EFP_FIN;EUR;98;118.16000000;746;EXCHANGE_LAST;;1;1;XEUR;10804525;689;
07.11.2024;14:18:10.389;FGBM SI 20241206 PS;SIMPLE_INSTRUMENT;EFS;EUR;99;118.19000000;866;EXCHANGE_LAST;;1;1;XEUR;10804525;689;
07.11.2024;14:19:56.555;FGBM SI 20241206 PS;SIMPLE_INSTRUMENT;EFS;EUR;100;118.17000000;618;EXCHANGE_LAST;;1;1;XEUR;10804525;689;
07.11.2024;14:21:01.754;FGBM SI 20241206 PS;SIMPLE_INSTRUMENT;EFP_FIN;EUR;101;118.15000000;316;EXCHANGE_LAST;;1;1;XEUR;10804525;689;
07.11.2024;14:28:58.448;FGBM SI 20241206 PS;SIMPLE_INSTRUMENT;EFS;EUR;102;118.15000000;433;EXCHANGE_LAST;;1;1;XEUR;10804525;689;
07.11.2024;14:36:15.175;FGBM SI 20241206 PS;SIMPLE_INSTRUMENT;EFS;EUR;103;118.17000000;433;EXCHANGE_LAST;;1;1;XEUR;10804525;689;
07.11.2024;14:40:48.284;FGBM SI 20241206 PS;SIMPLE_INSTRUMENT;EFS;EUR;104;118.20000000;818;EXCHANGE_LAST;;1;1;XEUR;10804525;689;
07.11.2024;14:41:19.696;FGBM SI 20241206 PS;SIMPLE_INSTRUMENT;EFP_FIN;EUR;105;118.15000000;316;EXCHANGE_LAST;;1;1;XEUR;10804525;689;
07.11.2024;14:43:01.331;FGBM SI 20241206 PS;SIMPLE_INSTRUMENT;EFP_FIN;EUR;106;118.20000000;1714;EXCHANGE_LAST;;1;1;XEUR;10804525;689;
07.11.2024;14:43:03.370;FGBM SI 20241206 PS;SIMPLE_INSTRUMENT;EFS;EUR;107;118.21000000;866;EXCHANGE_LAST;;1;1;XEUR;10804525;689;
07.11.2024;14:43:37.399;FGBM SI 20241206 PS;SIMPLE_INSTRUMENT;EFS;EUR;108;118.19000000;866;EXCHANGE_LAST;;1;1;XEUR;10804525;689;
07.11.2024;14:43:54.724;FGBM SI 20241206 PS;SIMPLE_INSTRUMENT;EFS;EUR;109;118.16000000;375;EXCHANGE_LAST;;1;1;XEUR;10804525;689;
07.11.2024;14:53:57.507;FGBM SI 20241206 PS;SIMPLE_INSTRUMENT;EFS;EUR;110;118.23000000;1403;EXCHANGE_LAST;;1;1;XEUR;10804525;689;
07.11.2024;14:54:07.675;FGBM SI 20241206 PS;SIMPLE_INSTRUMENT;EFP_FIN;EUR;111;118.17000000;633;EXCHANGE_LAST;;1;1;XEUR;10804525;689;
07.11.2024;14:55:40.663;FGBM SI 20241206 PS;SIMPLE_INSTRUMENT;EFS;EUR;112;118.19000000;173;EXCHANGE_LAST;;1;1;XEUR;10804525;689;
07.11.2024;14:57:11.781;FGBM SI 20241206 PS;SIMPLE_INSTRUMENT;EFS;EUR;113;118.22000000;1122;EXCHANGE_LAST;;1;1;XEUR;10804525;689;
07.11.2024;15:01:50.997;FGBM SI 20241206 PS;SIMPLE_INSTRUMENT;EFS;EUR;114;118.15000000;143;EXCHANGE_LAST;;1;1;XEUR;10804525;689;
07.11.2024;15:07:16.631;FGBM SI 20241206 PS;SIMPLE_INSTRUMENT;EFP_FIN;EUR;115;118.18000000;1844;EXCHANGE_LAST;;1;1;XEUR;10804525;689;
07.11.2024;15:10:22.512;FGBM SI 20241206 PS;SIMPLE_INSTRUMENT;EFP_FIN;EUR;116;118.01000000;1595;EXCHANGE_LAST;;1;1;XEUR;10804525;689;
07.11.2024;15:19:03.320;FGBM SI 20241206 PS;SIMPLE_INSTRUMENT;EFS;EUR;117;118.24000000;866;EXCHANGE_LAST;;1;1;XEUR;10804525;689;
07.11.2024;15:20:56.894;FGBM SI 20241206 PS;SIMPLE_INSTRUMENT;EFS;EUR;118;118.23000000;866;EXCHANGE_LAST;;1;1;XEUR;10804525;689;
07.11.2024;15:33:37.863;FGBM SI 20241206 PS;SIMPLE_INSTRUMENT;EFP_FIN;EUR;119;118.25000000;2740;EXCHANGE_LAST;;1;1;XEUR;10804525;689;
07.11.2024;15:30:37.571;FGBM SI 20241206 PS;SIMPLE_INSTRUMENT;EFS;EUR;120;118.27000000;865;EXCHANGE_LAST;;1;1;XEUR;10804525;689;
07.11.2024;15:32:22.376;FGBM SI 20241206 PS;SIMPLE_INSTRUMENT;EFS;EUR;121;118.28000000;866;EXCHANGE_LAST;;1;1;XEUR;10804525;689;
07.11.2024;15:34:22.458;FGBM SI 20241206 PS;SIMPLE_INSTRUMENT;EFS;EUR;122;118.28000000;865;EXCHANGE_LAST;;1;1;XEUR;10804525;689;
07.11.2024;15:34:43.476;FGBM SI 20241206 PS;SIMPLE_INSTRUMENT;EFS;EUR;123;118.32000000;865;EXCHANGE_LAST;;1;1;XEUR;10804525;689;
07.11.2024;15:37:14.741;FGBM SI 20241206 PS;SIMPLE_INSTRUMENT;EFS;EUR;124;118.26000000;935;EXCHANGE_LAST;;1;1;XEUR;10804525;689;
07.11.2024;15:38:57.183;FGBM SI 20241206 PS;SIMPLE_INSTRUMENT;EFS;EUR;125;118.16000000;1627;EXCHANGE_LAST;;1;1;XEUR;10804525;689;
07.11.2024;15:46:04.408;FGBM SI 20241206 PS;SIMPLE_INSTRUMENT;EFS;EUR;126;118.30000000;1402;EXCHANGE_LAST;;1;1;XEUR;10804525;689;
07.11.2024;15:47:53.924;FGBM SI 20241206 PS;SIMPLE_INSTRUMENT;EFP_FIN;EUR;127;118.26000000;581;EXCHANGE_LAST;;1;1;XEUR;10804525;689;
07.11.2024;15:53:52.438;FGBM SI 20241206 PS;SIMPLE_INSTRUMENT;EFP_FIN;EUR;128;118.23000000;119;EXCHANGE_LAST;;1;1;XEUR;10804525;689;
07.11.2024;15:57:00.359;FGBM SI 20241206 PS;SIMPLE_INSTRUMENT;EFS;EUR;129;118.31000000;866;EXCHANGE_LAST;;1;1;XEUR;10804525;689;
